underlying_price,underlying_index,timestamp,state,settlement_price,open_interest,min_price,max_price,mark_price,mark_iv,last_price,interest_rate,instrument_name,index_price,bid_iv,best_bid_price,best_bid_amount,best_ask_price,best_ask_amount,ask_iv,vega,theta,rho,gamma,delta
145.7,SYN.ETH-20DEC19,1576061940017,open,0.0,540.0,0.001,0.011,0.001469,86.97,0.002,0.0,ETH-20DEC19-190-C,145.57,81.92,0.001,621.0,0.002,204.0,91.58,0.0152,-0.07446,0.00099,0.00339,0.02939
145.7,SYN.ETH-20DEC19,1576061940017,open,0.31,0.0,0.267,0.349,0.305481,86.48,None,0.0,ETH-20DEC19-190-P,145.57,0.0,0.01,50.0,0.521,1.0,500.0,0.01487,-0.07246,-0.04524,0.00333,-0.97136
145.7,SYN.ETH-20DEC19,1576061940369,open,0.12,40.0,0.084,0.144,0.115159,68.52,0.14,0.0,ETH-20DEC19-130-C,145.57,57.99,0.112,40.0,0.119,40.0,79.23,0.04837,-0.1867,0.0267,0.01367,0.86881
145.7,SYN.ETH-20DEC19,1576061940371,open,0.11,0.0,0.073,0.146,0.108228,64.77,None,0.0,ETH-20DEC19-160-P,145.57,59.3,0.106,40.0,0.112,40.0,73.24,0.06175,-0.22531,-0.03252,0.01847,-0.80953
145.81,ETH-27DEC19,1576061940373,open,0.13,3.0,0.094,0.158,0.127013,72.8,0.14,0.0,ETH-27DEC19-130-C,145.57,67.57,0.124,40.0,0.13,40.0,77.79,0.08584,-0.19682,0.04251,0.01275,0.79724
145.6,SYN.ETH-13DEC19,1576061940379,open,0.04,27.0,0.013,0.071,0.042632,60.19,0.043,0.0,ETH-13DEC19-140-C,145.57,56.7,0.042,1.0,0.046,40.0,76.78,0.02701,-0.43344,0.00585,0.0412,0.82388
7224.66,SYN.BTC-20DEC19,1576061940500,open,0.0,61.0,0.0005,0.0105,0.00097403,76.88,0.0005,0.0,BTC-20DEC19-9250-C,7212.8,69.97,0.0005,41.5,0.0015,40.1,82.31,0.60645,-2.62637,0.03812,6e-05,0.02267
7224.66,SYN.BTC-20DEC19,1576061940500,open,0.28,0.0,0.2555,0.311,0.28131146,76.88,None,0.0,BTC-20DEC19-9250-P,7212.8,0.0,0.0,0.0,0.0,0.0,0.0,0.60645,-2.62636,-2.2112,6e-05,-0.97733
7234.01,BTC-27DEC19,1576061940897,open,0.66,73.0,0.6265,0.6975,0.65972882,103.64,0.64,0.0,BTC-27DEC19-12000-P,7212.8,0.0,0.653,2.0,0.6665,2.0,145.53,0.49702,-1.62236,-5.18208,2e-05,-0.98724
7281.32,SYN.BTC-31JAN20,1576061940897,open,0.01,250.0,0.0005,0.024,0.0096112,75.06,0.01,0.0,BTC-31JAN20-5000-P,7212.8,72.76,0.0085,44.0,0.0105,36.0,76.81,3.61974,-2.6702,-0.80035,7e-05,-0.06925
7215.31,SYN.BTC-13DEC19,1576061940897,open,0.08,99.5,0.0535,0.0995,0.07507321,60.97,0.073,0.0,BTC-13DEC19-7750-P,7212.8,0.0,0.0735,0.8,0.077,1.8,79.01,0.56128,-9.1229,-0.37886,0.00034,-0.9467
7215.31,SYN.BTC-13DEC19,1576061940897,open,0.0,193.0,0.0005,0.0105,0.00022493,111.19,0.0005,0.0,BTC-13DEC19-8750-C,7212.8,0.0,0.0,0.0,0.0005,7.1,123.28,0.12159,-1.62295,0.00313,4e-05,0.00866
7234.01,BTC-27DEC19,1576061940899,open,0.01,912.7,0.0035,0.031,0.01329984,60.71,0.0125,0.0,BTC-27DEC19-6500-P,7212.8,58.31,0.012,36.4,0.014,17.4,61.97,3.98417,-7.61761,-0.61401,0.00029,-0.18184
7234.01,BTC-27DEC19,1576061940899,open,0.0,967.4,0.0005,0.0105,0.00089783,103.64,0.001,0.0,BTC-27DEC19-12000-C,7212.8,96.63,0.0005,17.6,0.001,0.5,105.08,0.49702,-1.62236,0.03733,2e-05,0.01276
7281.32,SYN.BTC-31JAN20,1576061940899,open,0.06,64.5,0.035,0.091,0.05499369,61.87,0.055,0.0,BTC-31JAN20-8000-C,7212.8,60.47,0.053,23.0,0.0565,2.0,62.92,10.39232,-6.31913,3.35068,0.00023,0.38514
7480.01,SYN.BTC-26JUN20,1576061940899,open,0.18,166.5,0.134,0.2275,0.17643017,69.66,0.175,0.0,BTC-26JUN20-8000-C,7212.8,68.83,0.174,11.5,0.1805,6.0,71.06,21.79949,-3.83716,15.14475,0.0001,0.5499
7357.01,BTC-27MAR20,1576061940903,open,3.08,0.0,2.9985,3.1755,3.08147064,110.71,None,0.0,BTC-27MAR20-30000-P,7212.8,0.0,0.0015,10.0,0.0,0.0,0.0,1.95612,-1.01319,-87.48494,1e-05,-0.97965
7281.32,SYN.BTC-31JAN20,1576061940903,open,0.52,0.0,0.485,0.562,0.51997318,72.67,None,0.0,BTC-31JAN20-11000-P,7212.8,0.0,0.4885,4.0,0.55,4.0,108.28,4.15559,-2.96782,-14.58387,8e-05,-0.91699
145.8,ETH-27DEC19,1576061940907,open,3.93,0.0,3.795,4.09,3.937933,0.0,None,0.0,ETH-27DEC19-720-P,145.57,0.0,0.004,50.0,0.0,0.0,0.0,0.0,0.0,-0.31316,0.0,-1.0
7234.01,BTC-27DEC19,1576061940912,open,0.0,961.6,0.0005,0.0105,0.0,120.0,0.001,0.0,BTC-27DEC19-30000-C,7212.8,0.0,0.0,0.0,0.0005,0.9,234.05,0.0,0.0,0.0,0.0,0.0
7234.01,BTC-27DEC19,1576061940914,open,3.15,0.2,3.066,3.2315,3.14707749,120.0,2.51,0.0,BTC-27DEC19-30000-P,7212.8,0.0,0.0,0.0,0.0,0.0,0.0,0.0,0.0,-13.04852,0.0,-1.0
7357.01,BTC-27MAR20,1576061940914,open,0.0,69.3,0.0005,0.018,0.00421627,108.1,0.006,0.0,BTC-27MAR20-28000-C,7212.8,105.53,0.0035,23.0,0.005,15.1,110.59,2.18167,-1.10328,0.40801,1e-05,0.02316
7281.32,SYN.BTC-31JAN20,1576061940914,open,0.02,329.3,0.005,0.035,0.01509984,68.16,0.015,0.0,BTC-31JAN20-10000-C,7212.8,66.75,0.014,35.0,0.016,16.0,69.27,5.79439,-3.88121,1.18065,0.00012,0.13143
7480.01,SYN.BTC-26JUN20,1576061940914,open,1.7,0.1,1.6325,1.7845,1.70043962,86.55,1.765,0.0,BTC-26JUN20-20000-P,7212.8,0.0,0.1,1.0,2.05,0.1,221.75,10.38004,-2.27016,-105.03052,4e-05,-0.88964
7480.01,SYN.BTC-26JUN20,1576061940914,open,0.14,98.2,0.0945,0.1865,0.13534434,69.66,0.1375,0.0,BTC-26JUN20-9000-C,7212.8,70.06,0.1365,13.0,0.143,8.0,72.28,21.85261,-3.84652,13.10418,0.0001,0.4585
7215.31,SYN.BTC-13DEC19,1576061940914,open,0.0,184.9,0.0005,0.0105,0.00023337,109.93,0.0005,0.0,BTC-13DEC19-6000-P,7212.8,0.0,0.0,0.0,0.0005,1.1,121.9,0.12152,-1.68382,-0.0033,4e-05,-0.00866
7281.32,SYN.BTC-31JAN20,1576061940914,open,0.32,0.0,0.304,0.3455,0.32292231,75.06,None,0.0,BTC-31JAN20-5000-C,7212.8,39.04,0.3135,9.0,0.34,9.0,102.07,3.61974,-2.6702,6.16893,7e-05,0.93075
7215.31,SYN.BTC-13DEC19,1576061940914,open,0.04,91.5,0.0145,0.0585,0.03528944,57.43,0.0365,0.0,BTC-13DEC19-7000-C,7212.8,48.69,0.0335,5.2,0.0365,5.2,62.93,1.55005,-23.7293,0.27439,0.00101,0.77531
7215.31,SYN.BTC-13DEC19,1576061940914,open,0.28,0.0,0.257,0.3095,0.28205189,120.0,None,0.0,BTC-13DEC19-9250-P,7212.8,0.0,0.0,0.0,0.0,0.0,0.0,0.03608,-1.15396,-0.47454,1e-05,-0.99778
7357.01,BTC-27MAR20,1576061940918,open,0.17,54.2,0.13,0.2055,0.16461244,66.36,0.1625,0.0,BTC-27MAR20-7000-C,7212.8,64.84,0.1615,8.0,0.1665,2.0,67.28,15.09857,-4.68742,9.91306,0.00014,0.62478
7357.01,BTC-27MAR20,1576061940918,open,0.01,501.9,0.0005,0.026,0.00796473,94.72,0.009,0.0,BTC-27MAR20-20000-C,7212.8,93.8,0.0075,0.8,0.0085,2.6,95.75,3.77702,-1.67377,0.79895,3e-05,0.04505
7234.01,BTC-27DEC19,1576061940918,open,5.64,0.0,5.5055,5.7705,5.63532398,120.12,None,0.0,BTC-27DEC19-48000-P,7212.8,0.0,0.0005,1.0,0.0,0.0,0.0,0.0,0.0,-20.87763,0.0,-1.0
7357.01,BTC-27MAR20,1576061940918,open,2.54,0.0,2.466,2.623,2.53875847,104.9,None,0.0,BTC-27MAR20-26000-P,7212.8,0.0,0.0015,10.0,0.0,0.0,0.0,2.41837,-1.18687,-75.6682,1e-05,-0.97382
7357.01,BTC-27MAR20,1576061940918,open,2.81,0.0,2.7325,2.8995,2.81011024,108.1,None,0.0,BTC-27MAR20-28000-P,7212.8,0.0,0.0015,10.0,0.0,0.0,0.0,2.18167,-1.10328,-81.57883,1e-05,-0.97684
7480.01,SYN.BTC-26JUN20,1576061940918,open,0.02,31.6,0.0075,0.0545,0.02223744,88.8,0.025,0.0,BTC-26JUN20-22000-C,7212.8,87.35,0.0205,37.0,0.024,5.0,90.21,9.15622,-2.05446,2.86538,3e-05,0.0929
7281.32,SYN.BTC-31JAN20,1576061940918,open,0.2,0.0,0.177,0.231,0.20232561,64.87,None,0.0,BTC-31JAN20-6000-C,7212.8,29.29,0.1775,9.0,0.21,9.0,72.49,7.10116,-4.5273,6.28186,0.00015,0.82128
7357.01,BTC-27MAR20,1576061940920,open,0.0,115.7,0.0005,0.019,0.00471407,104.9,0.0075,0.0,BTC-27MAR20-26000-C,7212.8,102.61,0.004,23.0,0.0055,7.1,107.17,2.41837,-1.18687,0.46244,1e-05,0.02618
7234.01,BTC-27DEC19,1576061940920,open,0.0,530.9,0.0005,0.0105,0.0,120.0,0.0005,0.0,BTC-27DEC19-32000-C,7212.8,0.0,0.0,0.0,0.0005,0.4,243.03,0.0,0.0,0.0,0.0,0.0
7357.01,BTC-27MAR20,1576061940922,open,0.92,58.9,0.874,0.9825,0.92246511,81.79,1.1385,0.0,BTC-27MAR20-14000-P,7212.8,0.0,0.4,0.5,1.135,0.5,198.62,7.43089,-2.84328,-39.06839,6e-05,-0.89112
7234.01,BTC-27DEC19,1576061940922,open,3.98,1.3,3.879,4.078,3.97649298,120.0,3.212,0.0,BTC-27DEC19-36000-P,7212.8,0.0,0.0005,1.0,0.0,0.0,0.0,0.0,0.0,-15.65822,0.0,-1.0
7480.01,SYN.BTC-26JUN20,1576061940922,open,3.02,0.0,2.937,3.132,3.02548408,98.64,None,0.0,BTC-26JUN20-30000-P,7212.8,0.0,0.002,1.0,0.0,0.0,0.0,6.61775,-1.64954,-160.77733,2e-05,-0.93933
7281.32,SYN.BTC-31JAN20,1576061940922,open,0.59,0.0,0.5515,0.6295,0.58694916,75.09,None,0.0,BTC-31JAN20-11500-P,7212.8,0.0,0.5555,3.0,0.616,3.0,112.57,3.57292,-2.6366,-15.41507,6e-05,-0.93191
7480.01,SYN.BTC-26JUN20,1576061940922,open,1.18,5.0,1.118,1.2575,1.18010027,81.24,1.22,0.0,BTC-26JUN20-16000-P,7212.8,0.0,0.56,1.0,2.0,0.1,451.07,13.69969,-2.81242,-81.69292,6e-05,-0.83447
7357.01,BTC-27MAR20,1576061940934,open,0.01,154.9,0.0005,0.0215,0.00571693,102.41,0.0055,0.0,BTC-27MAR20-24000-C,7212.8,100.46,0.005,1.0,0.0065,7.1,104.36,2.83367,-1.35759,0.55928,2e-05,0.03168
7281.32,SYN.BTC-31JAN20,1576061940934,open,0.01,99.5,0.0005,0.0255,0.00925761,72.67,0.011,0.0,BTC-31JAN20-11000-C,7212.8,71.31,0.0085,36.0,0.01,16.0,73.94,4.15559,-2.96782,0.74853,8e-05,0.08301
7215.31,SYN.BTC-13DEC19,1576061940934,open,0.0,149.6,0.0005,0.0105,5.497e-05,120.0,0.0005,0.0,BTC-13DEC19-9250-C,7212.8,0.0,0.0,0.0,0.0005,29.0,152.88,0.03608,-0.39665,0.0008,1e-05,0.00222
7480.01,SYN.BTC-26JUN20,1576061940934,open,0.02,63.5,0.005,0.0475,0.01764798,94.05,0.018,0.0,BTC-26JUN20-26000-C,7212.8,91.87,0.0155,22.0,0.0195,32.0,95.81,7.64753,-1.81747,2.25003,3e-05,0.07313
7480.01,SYN.BTC-26JUN20,1576061940934,open,0.01,84.7,0.004,0.043,0.01479426,98.64,0.013,0.0,BTC-26JUN20-30000-C,7212.8,97.73,0.014,1.0,0.0155,33.0,99.43,6.61775,-1.64954,1.86022,2e-05,0.06067
7357.01,BTC-27MAR20,1576061940950,open,0.24,21.6,0.2125,0.2805,0.24397954,67.83,0.2495,0.0,BTC-27MAR20-6000-C,7212.8,65.39,0.24,8.0,0.247,7.0,69.66,12.08647,-3.83518,11.33291,0.00011,0.77006
7234.01,BTC-27DEC19,1576061940952,open,0.07,752.6,0.0445,0.0985,0.06910055,57.3,0.0675,0.0,BTC-27DEC19-7500-P,7212.8,55.93,0.068,0.1,0.07,0.1,58.41,5.8445,-10.54687,-2.09199,0.00045,-0.59578
7281.32,SYN.BTC-31JAN20,1576061940952,open,0.05,82.2,0.0265,0.0765,0.04469368,62.75,0.0445,0.0,BTC-31JAN20-6500-P,7212.8,61.38,0.043,24.0,0.045,1.0,63.0,9.0495,-5.58085,-3.23143,0.0002,-0.2737
7281.32,SYN.BTC-31JAN20,1576061940952,open,0.33,4.8,0.2905,0.3655,0.32488908,66.18,0.3445,0.0,BTC-31JAN20-9500-P,7212.8,0.0,0.291,5.0,0.3575,5.0,95.1,6.88671,-4.47901,-11.7181,0.00014,-0.82971
7234.01,BTC-27DEC19,1576061940956,open,0.0,394.4,0.0005,0.0105,7.6e-05,120.0,0.0005,0.0,BTC-27DEC19-16000-C,7212.8,0.0,0.0,0.0,0.0005,25.4,142.2,0.05806,-0.21944,0.0034,0.0,0.00116
7234.01,BTC-27DEC19,1576061940956,open,0.8,98.8,0.762,0.8385,0.79780376,114.56,0.7,0.0,BTC-27DEC19-13000-P,7212.8,0.0,0.791,2.0,0.805,2.0,163.66,0.39517,-1.42582,-5.62583,2e-05,-0.9902
7234.01,BTC-27DEC19,1576061940958,open,0.0,1036.0,0.0005,0.0105,0.0001848,120.0,0.0005,0.0,BTC-27DEC19-15000-C,7212.8,0.0,0.0,0.0,0.001,21.2,142.85,0.12322,-0.46568,0.00774,0.0,0.00265
145.8,ETH-27DEC19,1576061940961,open,0.02,216.0,0.005,0.041,0.018584,72.78,0.018,0.0,ETH-27DEC19-130-P,145.57,71.78,0.018,78.0,0.019,10.0,73.48,0.08585,-0.19677,-0.01404,0.01276,-0.20282
149.44,SYN.ETH-26JUN20,1576061940963,open,0.02,111.0,0.006,0.052,0.021987,102.17,0.029,0.0,ETH-26JUN20-560-C,145.57,99.42,0.019,140.0,0.025,140.0,104.73,0.16939,-0.04373,0.05007,0.00137,0.08379
145.8,ETH-27DEC19,1576061940965,open,0.07,2426.0,0.041,0.111,0.073569,68.82,0.07,0.0,ETH-27DEC19-150-P,145.57,66.92,0.072,69.0,0.077,120.0,72.97,0.12035,-0.26085,-0.03956,0.01891,-0.55017
146.7,SYN.ETH-31JAN20,1576061940967,open,0.39,0.0,0.337,0.442,0.387798,77.64,None,0.0,ETH-31JAN20-200-P,145.57,0.0,0.363,1.0,0.946,1.0,490.42,0.14255,-0.10877,-0.24745,0.00612,-0.82232
149.44,SYN.ETH-26JUN20,1576061940969,open,0.12,718.0,0.074,0.179,0.12445,86.18,0.124,0.0,ETH-26JUN20-220-C,145.57,84.59,0.12,1.0,0.129,180.0,87.79,0.42063,-0.0916,0.21115,0.00403,0.38507
146.7,SYN.ETH-31JAN20,1576061940978,open,0.07,9.0,0.04,0.106,0.071771,71.72,0.069,0.0,ETH-31JAN20-160-C,145.57,69.83,0.069,96.0,0.074,340.0,73.24,0.21459,-0.15126,0.07215,0.00997,0.42461
149.44,SYN.ETH-26JUN20,1576061940978,open,0.71,0.0,0.629,0.798,0.710983,86.9,None,0.0,ETH-26JUN20-240-P,145.57,0.0,0.605,1.0,1.524,1.0,500.0,0.40184,-0.08824,-1.11308,0.00382,-0.66291
146.7,SYN.ETH-31JAN20,1576061940982,open,0.01,252.0,0.002,0.029,0.011406,86.6,0.011,0.0,ETH-31JAN20-240-C,145.57,84.14,0.01,320.0,0.013,480.0,89.21,0.08658,-0.07369,0.01542,0.00333,0.0868
145.8,ETH-27DEC19,1576061940984,open,0.32,0.0,0.294,0.341,0.317171,104.43,None,0.0,ETH-27DEC19-100-C,145.57,0.0,0.314,1.0,0.0,0.0,0.0,0.02231,-0.07339,0.04122,0.00231,0.96713
148.15,ETH-27MAR20,1576061940986,open,0.06,854.0,0.026,0.096,0.057398,83.74,0.059,0.0,ETH-27MAR20-220-C,145.57,81.2,0.053,589.0,0.062,589.0,86.34,0.25958,-0.1017,0.08751,0.00482,0.25913
149.44,SYN.ETH-26JUN20,1576061940986,open,0.12,521.0,0.08,0.172,0.123979,79.93,0.126,0.0,ETH-26JUN20-120-P,145.57,76.95,0.117,480.0,0.126,247.0,80.78,0.3514,-0.07097,-0.30489,0.00363,-0.25235
145.6,SYN.ETH-13DEC19,1576061940990,open,0.31,1.0,0.267,0.346,0.304987,115.3,0.286,0.0,ETH-13DEC19-190-P,145.57,0.0,0.01,50.0,0.357,1.0,492.33,0.00027,-0.00818,-0.00976,0.00021,-0.99926
149.44,SYN.ETH-26JUN20,1576061940990,open,1.46,0.0,1.363,1.565,1.458238,93.64,None,0.0,ETH-26JUN20-360-P,145.57,0.0,0.015,2.0,1.472,1.0,100.5,0.28472,-0.06736,-1.84895,0.00251,-0.82395
148.15,ETH-27MAR20,1576061940992,open,0.14,860.0,0.092,0.182,0.137049,78.18,0.15,0.0,ETH-27MAR20-160-C,145.57,75.37,0.131,265.0,0.141,565.0,80.01,0.31968,-0.11692,0.16257,0.00636,0.51181
146.7,SYN.ETH-31JAN20,1576061940994,open,0.02,440.0,0.004,0.036,0.015902,81.74,0.02,0.0,ETH-31JAN20-220-C,145.57,79.12,0.014,480.0,0.018,480.0,84.47,0.10953,-0.08799,0.02128,0.00447,0.11995
149.44,SYN.ETH-26JUN20,1576061940994,open,0.4,1.0,0.36,0.439,0.400024,79.95,0.38,0.0,ETH-26JUN20-100-C,145.57,29.33,0.333,1.0,0.947,1.0,500.0,0.27243,-0.05504,0.35294,0.00281,0.83566
7480.01,SYN.BTC-26JUN20,1576061940994,open,0.34,107.5,0.2865,0.401,0.33855128,69.66,0.344,0.0,BTC-26JUN20-9000-P,7212.8,63.8,0.3215,6.0,0.344,2.0,71.52,21.85261,-3.84652,-35.68709,0.0001,-0.5415
145.8,ETH-27DEC19,1576061940996,open,4.21,1.0,4.061,4.373,4.212263,0.0,3.236,0.0,ETH-27DEC19-760-P,145.57,0.0,0.02,50.0,0.0,0.0,0.0,0.0,0.0,-0.33056,0.0,-1.0
149.44,SYN.ETH-26JUN20,1576061940998,open,0.61,1.0,0.591,0.629,0.609592,82.9,0.69,0.0,ETH-26JUN20-60-C,145.57,0.0,0.598,1.0,0.0,0.0,0.0,0.08683,-0.01819,0.2872,0.00087,0.96409
7234.01,BTC-27DEC19,1576061941002,open,0.0,64.4,0.0005,0.0115,0.00171015,87.88,0.0015,0.0,BTC-27DEC19-10500-C,7212.8,81.27,0.001,49.5,0.002,20.5,90.06,0.91451,-2.53111,0.07678,5e-05,0.02611
7234.01,BTC-27DEC19,1576061941002,open,0.18,135.2,0.1565,0.199,0.17660258,69.18,0.175,0.0,BTC-27DEC19-6000-C,7212.8,0.0,0.1705,11.1,0.183,11.0,85.8,2.35965,-5.1412,2.32149,0.00015,0.91442
146.7,SYN.ETH-31JAN20,1576061941002,open,0.22,0.0,0.182,0.251,0.216802,74.86,None,0.0,ETH-31JAN20-120-C,145.57,0.0,0.182,1.0,0.319,1.0,162.45,0.15113,-0.11119,0.12022,0.00673,0.80474
7234.01,BTC-27DEC19,1576061941004,open,0.0,1479.2,0.0005,0.012,0.0022491,97.07,0.002,0.0,BTC-27DEC19-5000-P,7212.8,95.09,0.002,1.8,0.0025,48.7,98.93,0.94229,-2.88064,-0.09224,4e-05,-0.02707
7234.01,BTC-27DEC19,1576061941004,open,0.0,839.6,0.0005,0.0105,1.289e-05,120.0,0.0005,0.0,BTC-27DEC19-18000-C,7212.8,0.0,0.0,0.0,0.0005,18.7,160.11,0.01239,-0.04683,0.00065,0.0,0.00022
7281.32,SYN.BTC-31JAN20,1576061941004,open,0.08,85.8,0.056,0.117,0.07811108,61.22,0.0795,0.0,BTC-31JAN20-7500-C,7212.8,60.14,0.0765,24.0,0.0785,0.5,61.49,10.84373,-6.5248,4.22039,0.00024,0.49395
149.44,SYN.ETH-26JUN20,1576061941006,open,0.28,661.0,0.213,0.342,0.27647,79.92,0.282,0.0,ETH-26JUN20-160-P,145.57,19.82,0.102,1.0,0.286,210.0,83.22,0.43205,-0.08725,-0.57177,0.00447,-0.42928
149.44,SYN.ETH-26JUN20,1576061941006,open,0.07,721.0,0.038,0.105,0.069131,79.93,0.07,0.0,ETH-26JUN20-100-P,145.57,77.65,0.065,250.0,0.073,250.0,82.04,0.2724,-0.05501,-0.18912,0.00281,-0.16431
148.15,ETH-27MAR20,1576061941008,open,0.03,2284.0,0.01,0.06,0.02942,90.0,0.032,0.0,ETH-27MAR20-280-C,145.57,87.99,0.027,260.0,0.032,320.0,92.07,0.18167,-0.0765,0.04961,0.00314,0.14377
7234.01,BTC-27DEC19,1576061941023,open,2.59,0.0,2.524,2.667,2.59413383,120.0,None,0.0,BTC-27DEC19-26000-P,7212.8,0.0,0.0,0.0,0.0,0.0,0.0,2e-05,-9e-05,-11.30871,0.0,-1.0
7357.01,BTC-27MAR20,1576061941023,open,2.0,5.6,1.9335,2.0715,1.99682159,98.32,1.545,0.0,BTC-27MAR20-22000-P,7212.8,0.0,0.0015,10.0,0.0,0.0,0.0,3.18307,-1.46408,-63.77166,2e-05,-0.96351
7357.01,BTC-27MAR20,1576061941027,open,0.01,423.6,0.0005,0.031,0.01044373,91.24,0.0105,0.0,BTC-27MAR20-18000-C,7212.8,89.71,0.0095,0.1,0.0115,19.0,92.86,4.66461,-1.99108,1.04059,3e-05,0.05875
7215.31,SYN.BTC-13DEC19,1576061941027,open,0.0,715.4,0.0005,0.0105,0.00069063,76.94,0.001,0.0,BTC-13DEC19-8000-C,7212.8,72.93,0.0005,5.3,0.001,30.9,82.23,0.37683,-4.98309,0.01183,0.00018,0.03258
7480.01,SYN.BTC-26JUN20,1576061941027,open,0.92,11.5,0.8655,0.9995,0.92525257,78.1,0.99,0.0,BTC-26JUN20-14000-P,7212.8,0.0,0.5,1.0,2.0,1.0,500.0,15.92316,-3.1425,-69.50896,7e-05,-0.78886
7215.31,SYN.BTC-13DEC19,1576061941027,open,0.0,542.4,0.0005,0.0105,0.00096762,60.97,0.0005,0.0,BTC-13DEC19-7750-C,7212.8,53.84,0.0005,34.6,0.001,2.0,61.39,0.56126,-6.98167,0.0194,0.00034,0.0533
7480.01,SYN.BTC-26JUN20,1576061941027,open,0.1,276.3,0.0665,0.143,0.09959594,69.66,0.0965,0.0,BTC-26JUN20-6000-P,7212.8,68.33,0.0965,8.0,0.1025,14.3,70.91,17.36128,-3.05595,-14.0248,8e-05,-0.24626
7281.32,SYN.BTC-31JAN20,1576061941027,open,0.03,176.5,0.012,0.0495,0.02635225,64.87,0.0265,0.0,BTC-31JAN20-6000-P,7212.8,63.99,0.0255,21.8,0.027,0.5,65.53,7.10115,-4.5273,-2.08127,0.00015,-0.17872
7234.01,BTC-27DEC19,1576061941029,open,0.02,1419.8,0.0045,0.0355,0.01580701,60.2,0.017,0.0,BTC-27DEC19-8000-C,7212.8,58.92,0.015,12.4,0.016,16.1,60.51,4.58104,-8.68573,0.67393,0.00033,0.22999
7281.32,SYN.BTC-31JAN20,1576061941029,open,0.01,33.5,0.0005,0.0225,0.00756468,75.09,0.012,0.0,BTC-31JAN20-11500-C,7212.8,73.91,0.007,29.0,0.008,16.0,75.96,3.57291,-2.63659,0.61426,6e-05,0.06809
7357.01,BTC-27MAR20,1576061941228,open,0.0,144.6,0.0005,0.013,0.002497,116.33,0.0035,0.0,BTC-27MAR20-36000-C,7212.8,113.48,0.002,3.0,0.003,15.0,118.82,1.38832,-0.75556,0.23984,1e-05,0.01363
7234.01,BTC-27DEC19,1576061941228,open,0.0,793.0,0.0005,0.0105,0.00074835,102.05,0.001,0.0,BTC-27DEC19-4500-P,7212.8,96.83,0.0005,17.7,0.001,6.7,106.25,0.39228,-1.2608,-0.03294,2e-05,-0.00972
7480.01,SYN.BTC-26JUN20,1576061941228,open,0.23,67.5,0.188,0.2785,0.22958951,69.66,0.2545,0.0,BTC-26JUN20-7000-C,7212.8,68.16,0.2255,6.0,0.2345,7.0,71.46,20.39613,-3.59014,17.05471,0.0001,0.65016
7281.32,SYN.BTC-31JAN20,1576061941228,open,0.01,97.7,0.002,0.03,0.0117439,70.48,0.0135,0.0,BTC-31JAN20-10500-C,7212.8,69.36,0.011,28.0,0.0125,16.0,71.59,4.90615,-3.3985,0.93549,9e-05,0.10392
7281.32,SYN.BTC-31JAN20,1576061941230,open,0.02,136.4,0.0075,0.0425,0.02018012,66.18,0.0225,0.0,BTC-31JAN20-9500-C,7212.8,64.92,0.019,34.0,0.021,12.8,67.04,6.8867,-4.479,1.52352,0.00014,0.17029
7234.01,BTC-27DEC19,1576061941234,open,0.31,66.8,0.2955,0.3295,0.31106952,97.07,0.4645,0.0,BTC-27DEC19-5000-C,7212.8,0.0,0.3085,0.1,0.3165,10.0,125.27,0.94229,-2.88064,2.08252,4e-05,0.97293
7281.32,SYN.BTC-31JAN20,1576061941234,open,0.45,0.0,0.419,0.4955,0.45379057,70.48,None,0.0,BTC-31JAN20-10500-P,7212.8,0.0,0.4215,4.0,0.484,4.0,103.28,4.90615,-3.3985,-13.69998,9e-05,-0.89608
7480.01,SYN.BTC-26JUN20,1576061941234,open,0.01,119.1,0.0005,0.022,0.00935441,79.88,0.009,0.0,BTC-26JUN20-3000-P,7212.8,77.24,0.008,8.1,0.0105,33.0,81.97,3.98762,-0.80487,-1.69075,2e-05,-0.03234
7234.01,BTC-27DEC19,1576061941236,open,0.0,106.3,0.0005,0.0105,0.0,120.0,0.0005,0.0,BTC-27DEC19-2000-P,7212.8,0.0,0.0,0.0,0.0005,11.1,245.09,1e-05,-2e-05,0.0,0.0,0.0
7234.01,BTC-27DEC19,1576061941236,open,0.0,1166.0,0.0005,0.011,0.0013554,93.54,0.0015,0.0,BTC-27DEC19-11000-C,7212.8,89.69,0.001,93.4,0.0015,0.6,94.92,0.73504,-2.1655,0.05913,3e-05,0.02015
7357.01,BTC-27MAR20,1576061941236,open,0.06,611.7,0.035,0.0935,0.05952824,67.83,0.06,0.0,BTC-27MAR20-6000-P,7212.8,66.89,0.058,2.9,0.061,27.2,68.72,12.08647,-3.83518,-6.2357,0.00011,-0.22994
7234.01,BTC-27DEC19,1576061941236,open,0.18,3.0,0.156,0.215,0.18325395,64.64,0.1725,0.0,BTC-27DEC19-8500-P,7212.8,46.02,0.177,2.0,0.1895,7.0,77.26,3.18265,-6.47941,-3.31564,0.00022,-0.87052
7281.32,SYN.BTC-31JAN20,1576061941236,open,0.02,522.0,0.0055,0.0335,0.01545731,68.78,0.015,0.0,BTC-31JAN20-5500-P,7212.8,67.41,0.0145,53.0,0.016,1.0,69.54,5.14651,-3.47892,-1.28392,0.0001,-0.11105
7480.01,SYN.BTC-26JUN20,1576061941236,open,0.05,260.9,0.0295,0.084,0.05159841,70.16,0.046,0.0,BTC-26JUN20-5000-P,7212.8,68.64,0.049,21.0,0.0535,8.0,71.27,12.82027,-2.27291,-8.1602,6e-05,-0.14963
7480.01,SYN.BTC-26JUN20,1576061941236,open,0.03,246.2,0.0125,0.0695,0.03210923,83.72,0.0315,0.0,BTC-26JUN20-18000-C,7212.8,82.69,0.0305,16.0,0.034,5.0,84.91,11.7831,-2.49273,4.05645,5e-05,0.13214
7234.01,BTC-27DEC19,1576061941238,open,0.45,30.7,0.436,0.461,0.4476109,120.0,0.4745,0.0,BTC-27DEC19-4000-C,7212.8,0.0,0.4405,14.0,0.4535,14.0,178.29,0.26937,-1.01804,1.71811,1e-05,0.99366
7234.01,BTC-27DEC19,1576061941238,open,0.0,526.9,0.0005,0.0105,3.9e-07,120.0,0.0005,0.0,BTC-27DEC19-22000-C,7212.8,0.0,0.0,0.0,0.0005,2.0,189.81,0.00054,-0.00202,2e-05,0.0,1e-05
7234.01,BTC-27DEC19,1576061941238,open,0.45,0.0,0.4235,0.4875,0.45318727,87.88,None,0.0,BTC-27DEC19-10500-P,7212.8,0.0,0.4465,2.0,0.4605,2.0,120.03,0.91451,-2.53111,-4.4902,5e-05,-0.97389
7234.01,BTC-27DEC19,1576061941238,open,0.0,1030.2,0.0005,0.0105,0.00044796,120.0,0.0005,0.0,BTC-27DEC19-14000-C,7212.8,0.0,0.0,0.0,0.001,25.1,131.39,0.25589,-0.96709,0.01742,1e-05,0.00598
7234.01,BTC-27DEC19,1576061941238,open,1.76,3.6,1.711,1.821,1.76472055,120.0,1.729,0.0,BTC-27DEC19-20000-P,7212.8,0.0,0.0,0.0,0.0,0.0,0.0,0.00258,-0.00975,-8.69889,0.0,-0.99996
7215.31,SYN.BTC-13DEC19,1576061941238,open,0.18,0.0,0.155,0.2045,0.1782763,96.54,None,0.0,BTC-13DEC19-8500-P,7212.8,0.0,0.0,0.0,0.925,0.1,500.0,0.13572,-3.49289,-0.43325,5e-05,-0.99018
7234.01,BTC-27DEC19,1576061941240,open,0.0,590.4,0.0005,0.0105,3.4e-07,120.0,0.001,0.0,BTC-27DEC19-2500-P,7212.8,0.0,0.0,0.0,0.0005,150.0,204.19,0.00043,-0.00162,-2e-05,0.0,-1e-05
7234.01,BTC-27DEC19,1576061941240,open,0.0,349.0,0.0005,0.0105,0.0,120.0,0.0005,0.0,BTC-27DEC19-48000-C,7212.8,0.0,0.0,0.0,0.001,37.0,316.96,0.0,0.0,0.0,0.0,0.0
7234.01,BTC-27DEC19,1576061941240,open,0.0,690.8,0.0005,0.0105,0.0,120.0,0.0005,0.0,BTC-27DEC19-36000-C,7212.8,0.0,0.0,0.0,0.001,37.0,276.47,0.0,0.0,0.0,0.0,0.0
7281.32,SYN.BTC-31JAN20,1576061941240,open,0.39,0.0,0.354,0.4295,0.3884776,68.16,None,0.0,BTC-31JAN20-10000-P,7212.8,0.0,0.3555,4.0,0.42,4.0,99.15,5.79438,-3.8812,-12.7579,0.00012,-0.86857
7215.31,SYN.BTC-13DEC19,1576061941240,open,0.17,0.6,0.1515,0.1875,0.1686678,109.93,0.173,0.0,BTC-13DEC19-6000-C,7212.8,0.0,0.1565,9.0,0.1745,9.0,199.57,0.12153,-3.56124,0.30504,4e-05,0.99134
7234.01,BTC-27DEC19,1576061941242,open,0.0,1541.5,0.0005,0.0105,0.0,120.0,0.0005,0.0,BTC-27DEC19-52000-C,7212.8,0.0,0.0,0.0,0.0005,36.9,308.57,0.0,0.0,0.0,0.0,0.0
7234.01,BTC-27DEC19,1576061941242,open,0.0,727.7,0.0005,0.0105,0.00073686,114.56,0.001,0.0,BTC-27DEC19-13000-C,7212.8,109.61,0.0005,109.1,0.001,29.0,118.88,0.39517,-1.42583,0.02853,2e-05,0.0098
7234.01,BTC-27DEC19,1576061941242,open,0.0,1435.0,0.0005,0.012,0.00221034,81.72,0.002,0.0,BTC-27DEC19-10000-C,7212.8,76.76,0.0015,51.6,0.0025,20.5,83.46,1.16022,-2.98623,0.10253,6e-05,0.0348
7480.01,SYN.BTC-26JUN20,1576061941242,open,2.49,0.0,2.414,2.5905,2.49357913,94.05,None,0.0,BTC-26JUN20-26000-P,7212.8,0.0,0.002,1.0,0.0,0.0,0.0,7.64752,-1.81747,-138.70252,3e-05,-0.92687
7480.01,SYN.BTC-26JUN20,1576061941242,open,0.08,276.8,0.0415,0.1225,0.07480234,75.17,0.078,0.0,BTC-26JUN20-12000-C,7212.8,74.04,0.072,31.8,0.0775,7.0,76.25,18.59979,-3.53303,8.3976,8e-05,0.28189
7357.01,BTC-27MAR20,1576061941245,open,0.01,1367.0,0.0005,0.0235,0.00974018,77.17,0.009,0.0,BTC-27MAR20-4000-P,7212.8,75.76,0.009,15.0,0.0105,0.1,78.56,3.95067,-1.42623,-1.23623,3e-05,-0.04765
7234.01,BTC-27DEC19,1576061941245,open,2.87,0.2,2.795,2.9495,2.87060566,120.0,2.2765,0.0,BTC-27DEC19-28000-P,7212.8,0.0,0.0,0.0,0.0,0.0,0.0,1e-05,-2e-05,-12.17861,0.0,-1.0
7234.01,BTC-27DEC19,1576061941245,open,0.52,248.6,0.491,0.5575,0.52195048,93.54,0.4425,0.0,BTC-27DEC19-11000-P,7212.8,0.0,0.5155,2.0,0.529,2.0,128.83,0.73504,-2.1655,-4.72533,3e-05,-0.97985
7234.01,BTC-27DEC19,1576061941245,open,0.52,4.3,0.5065,0.5265,0.51626762,120.0,0.5625,0.0,BTC-27DEC19-3500-C,7212.8,0.0,0.51,15.0,0.5215,13.0,204.67,0.06179,-0.23354,1.51814,0.0,0.99876
7281.32,SYN.BTC-31JAN20,1576061941245,open,0.26,0.0,0.238,0.2855,0.26009953,68.78,None,0.0,BTC-31JAN20-5500-C,7212.8,39.28,0.246,9.1,0.283,9.0,96.13,5.14651,-3.47892,6.38228,0.0001,0.88895
7234.01,BTC-27DEC19,1576061941246,open,0.0,820.7,0.0005,0.0105,0.00055456,120.0,0.0005,0.0,BTC-27DEC19-4000-P,7212.8,118.48,0.0005,20.3,0.001,65.8,129.65,0.26937,-1.01804,-0.02169,1e-05,-0.00634
7357.01,BTC-27MAR20,1576061941246,open,0.0,132.6,0.0005,0.0165,0.00372711,110.71,0.004,0.0,BTC-27MAR20-30000-C,7212.8,107.77,0.003,5.0,0.0045,28.0,113.44,1.95613,-1.01319,0.3581,1e-05,0.02035
7480.01,SYN.BTC-26JUN20,1576061941246,open,3.29,0.0,3.198,3.3995,3.29014148,98.64,None,0.0,BTC-26JUN20-32000-P,7212.8,0.0,0.002,1.0,0.0,0.0,0.0,5.74396,-1.43174,-171.91344,2e-05,-0.94929
7480.01,SYN.BTC-26JUN20,1576061941246,open,0.38,0.0,0.3535,0.419,0.3831501,70.16,None,0.0,BTC-26JUN20-5000-C,7212.8,53.9,0.3575,9.0,0.4115,9.0,85.93,12.82027,-2.27291,18.94606,6e-05,0.85037
7357.01,BTC-27MAR20,1576061941248,open,3.89,0.0,3.798,4.0045,3.89578925,116.33,None,0.0,BTC-27MAR20-36000-P,7212.8,0.0,0.0015,10.0,0.0,0.0,0.0,1.38832,-0.75556,-105.1718,1e-05,-0.98637
7234.01,BTC-27DEC19,1576061941248,open,1.21,18.0,1.1685,1.258,1.21185066,120.0,1.261,0.0,BTC-27DEC19-16000-P,7212.8,0.0,1.205,2.0,1.219,2.0,202.65,0.05806,-0.21944,-6.95581,0.0,-0.99884
7234.01,BTC-27DEC19,1576061941260,open,1.07,211.0,1.033,1.1175,1.07372354,120.0,0.959,0.0,BTC-27DEC19-15000-P,7212.8,0.0,1.067,2.0,1.081,2.0,191.0,0.12322,-0.46568,-6.51652,0.0,-0.99735
7357.01,BTC-27MAR20,1576061941433,open,2.27,0.0,2.1995,2.3475,2.26791177,102.41,None,0.0,BTC-27MAR20-24000-P,7212.8,0.0,0.0015,10.0,0.0,0.0,0.0,2.83367,-1.35759,-69.71515,2e-05,-0.96832
7357.01,BTC-27MAR20,1576061941433,open,0.2,307.3,0.1575,0.247,0.19817488,67.18,0.1935,0.0,BTC-27MAR20-8000-P,7212.8,65.48,0.1945,8.0,0.201,2.0,68.49,15.86315,-4.98592,-15.45852,0.00015,-0.51942
7357.01,BTC-27MAR20,1576061941433,open,0.08,278.0,0.047,0.118,0.07753594,69.74,0.0775,0.0,BTC-27MAR20-9000-C,7212.8,68.99,0.076,2.7,0.0795,20.8,70.71,14.96227,-4.88198,6.19029,0.00014,0.36489
7234.01,BTC-27DEC19,1576061941433,open,2.04,4.9,1.982,2.103,2.04119055,120.0,2.217,0.0,BTC-27DEC19-22000-P,7212.8,0.0,0.0,0.0,0.0,0.0,0.0,0.00054,-0.00202,-9.56889,0.0,-0.99999
7234.01,BTC-27DEC19,1576061941433,open,0.79,12.1,0.783,0.8025,0.79264613,120.0,0.8415,0.0,BTC-27DEC19-1500-C,7212.8,0.0,0.787,20.0,0.7985,20.0,427.24,0.0,0.0,0.65243,0.0,1.0
7357.01,BTC-27MAR20,1576061941433,open,0.47,7.4,0.4495,0.4865,0.46604105,77.17,0.499,0.0,BTC-27MAR20-4000-C,7212.8,0.0,0.453,10.0,0.4815,10.0,99.78,3.95067,-1.42623,10.47617,3e-05,0.95235
7357.01,BTC-27MAR20,1576061941433,open,3.62,0.0,3.5315,3.728,3.62417767,114.14,None,0.0,BTC-27MAR20-34000-P,7212.8,0.0,0.0015,10.0,0.0,0.0,0.0,1.50957,-0.8061,-99.29074,1e-05,-0.98498
7234.01,BTC-27DEC19,1576061941433,open,0.01,435.1,0.0005,0.024,0.00824866,64.64,0.008,0.0,BTC-27DEC19-8500-C,7212.8,62.91,0.0075,9.5,0.0085,20.2,65.21,3.18265,-6.47941,0.38144,0.00022,0.12948
7234.01,BTC-27DEC19,1576061941433,open,0.0,1038.8,0.0005,0.0105,2.22e-06,120.0,0.0015,0.0,BTC-27DEC19-20000-C,7212.8,0.0,0.0,0.0,0.0005,6.7,175.82,0.00258,-0.00975,0.00012,0.0,4e-05
7234.01,BTC-27DEC19,1576061941433,open,5.08,0.0,4.9635,5.2065,5.08238031,120.0,3.46,0.0,BTC-27DEC19-44000-P,7212.8,0.0,0.001,1.0,0.0,0.0,0.0,0.0,0.0,-19.13782,0.0,-1.0
7234.01,BTC-27DEC19,1576061941434,open,0.0,657.0,0.0005,0.0105,0.0,120.0,0.0005,0.0,BTC-27DEC19-28000-C,7212.8,0.0,0.0,0.0,0.001,37.0,239.91,1e-05,-2e-05,0.0,0.0,0.0
7357.01,BTC-27MAR20,1576061941434,open,0.03,1292.3,0.0125,0.0625,0.03083165,76.87,0.03,0.0,BTC-27MAR20-12000-C,7212.8,76.25,0.03,24.9,0.032,33.9,77.72,9.938,-3.5737,2.92135,8e-05,0.16644
7234.01,BTC-27DEC19,1576061941433,open,0.0,756.8,0.0005,0.0105,7e-08,120.0,0.0005,0.0,BTC-27DEC19-24000-C,7212.8,0.0,0.0,0.0,0.001,40.5,216.86,0.00011,-0.00042,0.0,0.0,0.0
7234.01,BTC-27DEC19,1576061941434,open,0.72,0.0,0.714,0.7335,0.72352817,120.0,None,0.0,BTC-27DEC19-2000-C,7212.8,0.0,0.717,20.0,0.7295,18.0,352.65,1e-05,-2e-05,0.8699,0.0,1.0
7234.01,BTC-27DEC19,1576061941434,open,0.0,680.5,0.0005,0.0105,1e-08,120.0,0.0005,0.0,BTC-27DEC19-26000-C,7212.8,0.0,0.0,0.0,0.001,37.2,228.89,2e-05,-9e-05,0.0,0.0,0.0
7215.31,SYN.BTC-13DEC19,1576061941433,open,0.25,0.2,0.223,0.2755,0.24750316,119.99,0.275,0.0,BTC-13DEC19-9000-P,7212.8,0.0,0.0,0.0,0.0,0.0,0.0,0.08483,-2.71332,-0.46042,3e-05,-0.99424
7215.31,SYN.BTC-13DEC19,1576061941433,open,0.0,252.9,0.0005,0.0105,0.00083339,81.78,0.0015,0.0,BTC-13DEC19-6500-P,7212.8,74.87,0.0005,38.1,0.001,0.6,84.63,0.401,-6.01319,-0.01334,0.00018,-0.03514
7480.01,SYN.BTC-26JUN20,1576061941433,open,0.04,131.6,0.018,0.0815,0.04106568,81.24,0.04,0.0,BTC-26JUN20-16000-C,7212.8,80.1,0.039,5.0,0.043,15.0,82.29,13.69969,-2.81242,5.04711,6e-05,0.16553
7480.01,SYN.BTC-26JUN20,1576061941434,open,1.96,0.0,1.8925,2.051,1.96340998,88.8,None,0.0,BTC-26JUN20-22000-P,7212.8,0.0,0.11,1.0,3.0,0.1,500.0,9.15622,-2.05446,-116.40217,3e-05,-0.9071
7281.32,SYN.BTC-31JAN20,1576061941433,open,0.15,0.0,0.1265,0.1865,0.15199793,62.75,None,0.0,BTC-31JAN20-6500-C,7212.8,45.55,0.1315,9.0,0.1575,9.0,67.15,9.04949,-5.58083,5.82862,0.0002,0.7263
7480.01,SYN.BTC-26JUN20,1576061941433,open,0.01,34.4,0.0025,0.037,0.01207233,98.64,0.012,0.0,BTC-26JUN20-32000-C,7212.8,97.89,0.0115,1.0,0.0125,0.8,99.2,5.74396,-1.43174,1.56663,2e-05,0.05071
7215.31,SYN.BTC-13DEC19,1576061941434,open,0.21,0.0,0.189,0.2405,0.21292472,111.19,None,0.0,BTC-13DEC19-8750-P,7212.8,0.0,0.0,0.0,0.0,0.0,0.0,0.12159,-3.60373,-0.44652,4e-05,-0.99134
7480.01,SYN.BTC-26JUN20,1576061941433,open,0.68,7.9,0.621,0.75,0.67907827,75.17,0.6805,0.0,BTC-26JUN20-12000-P,7212.8,52.12,0.6295,3.0,0.6895,2.0,79.29,18.59979,-3.53303,-56.65742,8e-05,-0.71811
7281.32,SYN.BTC-31JAN20,1576061941433,open,0.11,119.5,0.0825,0.1515,0.10814442,61.22,0.105,0.0,BTC-31JAN20-7500-P,7212.8,59.45,0.1055,8.0,0.111,9.6,63.14,10.84373,-6.5248,-6.23352,0.00024,-0.50605
7480.01,SYN.BTC-26JUN20,1576061941433,open,0.3,20.2,0.26,0.341,0.29745798,69.66,0.306,0.0,BTC-26JUN20-6000-C,7212.8,67.3,0.292,9.0,0.3035,9.0,72.26,17.36128,-3.05595,18.50272,8e-05,0.75374
7215.31,SYN.BTC-13DEC19,1576061941433,open,0.0,130.3,0.0005,0.0105,0.00071309,103.94,0.0008,0.0,BTC-13DEC19-6250-P,7212.8,98.23,0.0005,0.7,0.001,52.2,110.16,0.29945,-5.14517,-0.00943,0.00011,-0.02472
7480.01,SYN.BTC-26JUN20,1576061941433,open,0.61,17.8,0.595,0.626,0.60828543,79.88,0.623,0.0,BTC-26JUN20-3000-C,7212.8,58.16,0.6005,10.3,0.6195,10.0,96.96,3.98762,-0.80487,14.573,2e-05,0.96766
7215.31,SYN.BTC-13DEC19,1576061941433,open,0.0,188.2,0.0005,0.0105,0.00015481,119.99,0.0005,0.0,BTC-13DEC19-9000-C,7212.8,0.0,0.0,0.0,0.0005,2.3,138.41,0.08483,-1.11702,0.00208,3e-05,0.00576
7215.31,SYN.BTC-13DEC19,1576061941434,open,0.0,153.3,0.0005,0.0105,1.842e-05,120.0,0.0005,0.0,BTC-13DEC19-9500-C,7212.8,0.0,0.0,0.0,0.0005,29.0,166.77,0.01424,-0.13289,0.00029,0.0,0.0008
7281.32,SYN.BTC-31JAN20,1576061941433,open,0.11,50.6,0.086,0.149,0.11020235,61.46,0.107,0.0,BTC-31JAN20-7000-C,7212.8,59.22,0.107,9.6,0.1115,2.0,62.37,10.40906,-6.28715,5.10022,0.00023,0.61273
7234.01,BTC-27DEC19,1576061941437,open,1.49,9.4,1.4395,1.539,1.48825938,120.0,1.1125,0.0,BTC-27DEC19-18000-P,7212.8,0.0,0.0,0.0,0.0,0.0,0.0,0.01239,-0.04683,-7.82846,0.0,-0.99978
7357.01,BTC-27MAR20,1576061941437,open,1.46,0.0,1.402,1.524,1.45708985,91.24,1.23,0.0,BTC-27MAR20-18000-P,7212.8,0.0,0.0015,10.0,0.0,0.0,0.0,4.66461,-1.99108,-51.66523,3e-05,-0.94125
7357.01,BTC-27MAR20,1576061941437,open,0.02,439.6,0.0065,0.046,0.01951819,81.79,0.018,0.0,BTC-27MAR20-14000-C,7212.8,81.27,0.019,1.0,0.0205,33.7,82.75,7.43091,-2.84329,1.92503,6e-05,0.10888
7357.01,BTC-27MAR20,1576061941437,open,3.35,0.0,3.265,3.452,3.3528279,112.74,None,0.0,BTC-27MAR20-32000-P,7212.8,0.0,0.0015,10.0,0.0,0.0,0.0,1.73382,-0.91449,-93.38851,1e-05,-0.98234
7234.01,BTC-27DEC19,1576061941438,open,0.03,699.4,0.0145,0.056,0.03233109,57.3,0.032,0.0,BTC-27DEC19-7500-C,7212.8,55.65,0.031,12.5,0.033,1.1,58.13,5.84449,-10.54685,1.17014,0.00045,0.40422
7357.01,BTC-27MAR20,1576061941438,open,4.44,1.0,4.331,4.558,4.43906115,120.0,4.54,0.0,BTC-27MAR20-40000-P,7212.8,0.0,0.0015,10.0,0.0,0.0,0.0,1.1727,-0.65835,-116.92699,1e-05,-0.98878
7480.01,SYN.BTC-26JUN20,1576061941437,open,0.25,169.7,0.198,0.3045,0.24594746,69.66,0.2395,0.0,BTC-26JUN20-8000-P,7212.8,67.45,0.2395,9.5,0.2485,4.0,70.54,21.79949,-3.83716,-28.22527,0.0001,-0.4501
7215.31,SYN.BTC-13DEC19,1576061941437,open,0.14,7.7,0.121,0.169,0.14365826,82.5,0.118,0.0,BTC-13DEC19-8250-P,7212.8,0.0,0.0,0.0,0.2335,0.1,496.33,0.16925,-3.72213,-0.41936,8e-05,-0.98734
7480.01,SYN.BTC-26JUN20,1576061941438,open,0.49,0.5,0.4675,0.515,0.4885429,73.15,0.589,0.0,BTC-26JUN20-4000-C,7212.8,48.75,0.4695,9.0,0.5075,9.0,89.19,7.88746,-1.45798,17.65193,4e-05,0.92384
7480.01,SYN.BTC-26JUN20,1576061941437,open,0.02,12.5,0.006,0.0495,0.01895503,90.89,0.0235,0.0,BTC-26JUN20-24000-C,7212.8,89.53,0.0175,30.0,0.0205,10.0,92.28,8.16069,-1.87425,2.46127,3e-05,0.07965
7480.01,SYN.BTC-26JUN20,1576061941438,open,1.44,2.7,1.374,1.519,1.43852312,83.72,1.33,0.0,BTC-26JUN20-18000-P,7212.8,0.0,1.3,0.1,1.45,0.1,90.5,11.7831,-2.49273,-93.52608,5e-05,-0.86786
7480.01,SYN.BTC-26JUN20,1576061941438,open,0.45,123.4,0.3935,0.5155,0.44863693,72.47,0.45,0.0,BTC-26JUN20-10000-P,7212.8,63.97,0.425,6.0,0.4765,6.0,82.2,21.14248,-3.87151,-42.89849,0.0001,-0.60925
7281.32,SYN.BTC-31JAN20,1576061941441,open,0.07,63.6,0.0495,0.111,0.0715668,61.46,0.0685,0.0,BTC-31JAN20-7000-P,7212.8,60.36,0.07,15.0,0.0725,5.0,62.11,10.40906,-6.28715,-4.65676,0.00023,-0.38727
7357.01,BTC-27MAR20,1576061941448,open,1.73,5.2,1.6675,1.797,1.72646044,94.72,1.108,0.0,BTC-27MAR20-20000-P,7212.8,0.0,0.0015,10.0,0.0,0.0,0.0,3.77703,-1.67378,-57.76308,3e-05,-0.95495
7281.32,SYN.BTC-31JAN20,1576061941448,open,0.15,20.0,0.1245,0.198,0.15369585,61.87,0.151,0.0,BTC-31JAN20-8000-P,7212.8,59.62,0.1505,8.0,0.1595,15.0,65.92,10.39232,-6.31912,-7.80016,0.00023,-0.61486
7480.01,SYN.BTC-26JUN20,1576061941448,open,0.02,18.9,0.0045,0.0435,0.01539253,95.7,0.016,0.0,BTC-26JUN20-28000-C,7212.8,93.57,0.0135,15.0,0.017,33.0,97.39,6.9104,-1.67103,1.97634,2e-05,0.06413
7480.01,SYN.BTC-26JUN20,1576061941448,open,0.05,527.1,0.026,0.0975,0.05359732,78.1,0.054,0.0,BTC-26JUN20-14000-C,7212.8,77.11,0.0515,14.0,0.056,5.0,79.22,15.92316,-3.1425,6.38856,7e-05,0.21114
7480.01,SYN.BTC-26JUN20,1576061941448,open,2.76,0.0,2.675,2.8595,2.75870303,95.7,None,0.0,BTC-26JUN20-28000-P,7212.8,0.0,0.002,1.0,0.0,0.0,0.0,6.9104,-1.67103,-149.81871,2e-05,-0.93587
7357.01,BTC-27MAR20,1576061941479,open,0.35,2.0,0.322,0.375,0.34609473,70.9,0.355,0.0,BTC-27MAR20-5000-C,7212.8,53.63,0.3305,10.0,0.369,10.0,90.48,7.74481,-2.56902,11.60122,7e-05,0.88463
7357.01,BTC-27MAR20,1576061941479,open,0.11,756.3,0.077,0.1525,0.1107766,67.18,0.1105,0.0,BTC-27MAR20-8000-C,7212.8,66.36,0.109,20.1,0.1135,9.0,68.45,15.86315,-4.98592,7.96629,0.00015,0.48058
7215.31,SYN.BTC-13DEC19,1576061941479,open,0.04,445.4,0.0215,0.0685,0.04304137,55.64,0.0415,0.0,BTC-13DEC19-7500-P,7212.8,49.59,0.042,1.2,0.0445,4.0,63.21,1.31377,-19.48618,-0.32334,0.00088,-0.82901
7234.01,BTC-27DEC19,1576061941481,open,0.01,1585.5,0.0005,0.019,0.00601807,69.18,0.006,0.0,BTC-27DEC19-6000-P,7212.8,67.56,0.0055,0.5,0.0065,28.0,70.63,2.35965,-5.1412,-0.28821,0.00015,-0.08558
7234.01,BTC-27DEC19,1576061941481,open,3.42,0.3,3.337,3.5135,3.42354932,120.0,2.744,0.0,BTC-27DEC19-32000-P,7212.8,0.0,0.0,0.0,0.0,0.0,0.0,0.0,0.0,-13.91842,0.0,-1.0
7234.01,BTC-27DEC19,1576061941481,open,0.0,562.6,0.0005,0.0105,0.0,120.0,0.0005,0.0,BTC-27DEC19-40000-C,7212.8,0.0,0.0,0.0,0.0005,5.6,273.58,0.0,0.0,0.0,0.0,0.0
7480.01,SYN.BTC-26JUN20,1576061941481,open,0.16,278.6,0.1235,0.218,0.16541714,69.66,0.1605,0.0,BTC-26JUN20-7000-P,7212.8,68.22,0.1615,6.0,0.1685,12.1,70.79,20.39613,-3.59014,-20.89405,0.0001,-0.34984
7281.32,SYN.BTC-31JAN20,1576061941481,open,0.04,223.2,0.021,0.0705,0.03879349,62.98,0.039,0.0,BTC-31JAN20-8500-C,7212.8,61.58,0.037,23.0,0.04,2.0,63.92,9.37074,-5.80026,2.59418,0.0002,0.2944
7215.31,SYN.BTC-13DEC19,1576061941494,open,0.07,5.9,0.046,0.0885,0.06643971,68.87,0.075,0.0,BTC-13DEC19-6750-C,7212.8,0.0,0.064,0.8,0.0675,0.8,77.48,0.80176,-14.71824,0.3148,0.00044,0.91544
7215.31,SYN.BTC-13DEC19,1576061941494,open,0.11,67.2,0.0875,0.135,0.10944472,76.94,0.0975,0.0,BTC-13DEC19-8000-P,7212.8,0.0,0.0955,6.0,0.1125,1.0,110.32,0.37683,-7.72903,-0.39929,0.00018,-0.96742
7281.32,SYN.BTC-31JAN20,1576061941503,open,0.21,7.2,0.174,0.2495,0.20616461,62.98,0.195,0.0,BTC-31JAN20-8500-P,7212.8,56.89,0.1985,6.0,0.2185,6.0,72.31,9.37074,-5.80026,-9.25358,0.0002,-0.7056
7357.01,BTC-27MAR20,1576061941505,open,1.19,1.1,1.137,1.251,1.18823991,86.26,1.08,0.0,BTC-27MAR20-16000-P,7212.8,0.0,0.0015,10.0,0.0,0.0,0.0,5.70386,-2.3018,-45.49773,4e-05,-0.9238
7357.01,BTC-27MAR20,1576061941515,open,0.03,239.5,0.0115,0.049,0.02571865,70.9,0.022,0.0,BTC-27MAR20-5000-P,7212.8,69.25,0.024,9.2,0.027,34.0,72.11,7.74481,-2.56902,-3.03929,7e-05,-0.11537
7234.01,BTC-27DEC19,1576061941515,open,0.0,460.7,0.0005,0.013,0.00307479,80.14,0.003,0.0,BTC-27DEC19-5500-P,7212.8,79.74,0.003,0.1,0.0035,11.1,82.32,1.36358,-3.44163,-0.14316,7e-05,-0.04242
7234.01,BTC-27DEC19,1576061941515,open,0.38,21.6,0.3655,0.3935,0.37868673,102.05,0.5285,0.0,BTC-27DEC19-4500-C,7212.8,0.0,0.3775,0.1,0.385,13.0,150.85,0.39228,-1.2608,1.92434,2e-05,0.99028
7234.01,BTC-27DEC19,1576061941515,open,0.65,0.0,0.6445,0.664,0.65441055,120.0,None,0.0,BTC-27DEC19-2500-C,7212.8,0.0,0.648,18.0,0.6595,16.0,286.19,0.00043,-0.00162,1.08736,0.0,0.99999
7215.31,SYN.BTC-13DEC19,1576061941515,open,0.0,789.7,0.0005,0.0135,0.00195098,68.87,0.0015,0.0,BTC-13DEC19-6750-P,7212.8,64.56,0.0015,20.1,0.0025,45.1,73.53,0.80176,-14.07688,-0.03208,0.00044,-0.08456
7480.01,SYN.BTC-26JUN20,1576061941515,open,0.11,283.5,0.0725,0.163,0.11174032,72.47,0.115,0.0,BTC-26JUN20-10000-C,7212.8,71.32,0.1085,18.8,0.115,7.9,73.62,21.14248,-3.87151,11.31403,0.0001,0.39075
7215.31,SYN.BTC-13DEC19,1576061941516,open,0.13,0.3,0.1165,0.1555,0.13449896,103.94,0.149,0.0,BTC-13DEC19-6250-C,7212.8,0.0,0.121,8.0,0.139,8.0,158.71,0.29946,-8.29716,0.31175,0.00011,0.97528
7234.01,BTC-27DEC19,1576061941525,open,0.25,860.3,0.2215,0.281,0.24900572,70.26,0.222,0.0,BTC-27DEC19-9000-P,7212.8,0.0,0.2425,2.0,0.256,2.0,88.42,2.20402,-4.87695,-3.68395,0.00014,-0.92183
7234.01,BTC-27DEC19,1576061941525,open,2.32,0.0,2.253,2.385,2.31766206,120.0,None,0.0,BTC-27DEC19-24000-P,7212.8,0.0,0.0,0.0,0.0,0.0,0.0,0.00011,-0.00042,-10.43881,0.0,-1.0
7281.32,SYN.BTC-31JAN20,1576061941525,open,0.01,96.8,0.0005,0.021,0.00674283,78.49,0.0065,0.0,BTC-31JAN20-12000-C,7212.8,77.93,0.0065,1.0,0.007,16.0,79.06,3.22001,-2.48382,0.53613,6e-05,0.05957
7281.32,SYN.BTC-31JAN20,1576061941528,open,0.65,0.0,0.618,0.6985,0.65479618,78.49,None,0.0,BTC-31JAN20-12000-P,7212.8,0.0,0.623,3.0,0.6835,3.0,117.75,3.22001,-2.48382,-16.19013,6e-05,-0.94043
7234.01,BTC-27DEC19,1576061941536,open,0.32,0.0,0.2885,0.3495,0.31643515,76.15,None,0.0,BTC-27DEC19-9500-P,7212.8,0.0,0.31,2.0,0.3235,2.0,98.93,1.57753,-3.7833,-3.98202,9e-05,-0.94913
7357.01,BTC-27MAR20,1576061941547,open,0.41,148.3,0.368,0.468,0.41343491,71.46,0.4165,0.0,BTC-27MAR20-10000-P,7212.8,68.12,0.4075,8.0,0.4235,13.0,76.92,13.26213,-4.43352,-24.54358,0.00012,-0.7259
7357.01,BTC-27MAR20,1576061941552,open,0.05,482.6,0.0285,0.0915,0.05418707,71.46,0.055,0.0,BTC-27MAR20-10000-C,7212.8,70.24,0.052,9.6,0.0565,30.7,72.73,13.26213,-4.43352,4.73743,0.00012,0.2741
7357.01,BTC-27MAR20,1576061941552,open,0.0,97.3,0.0005,0.0135,0.002735,114.14,0.003,0.0,BTC-27MAR20-34000-C,7212.8,110.15,0.002,18.0,0.0035,25.0,117.55,1.50957,-0.8061,0.2647,1e-05,0.01502
7234.01,BTC-27DEC19,1576061941552,open,0.0,832.1,0.0005,0.0105,8.75e-06,120.0,0.0005,0.0,BTC-27DEC19-3000-P,7212.8,0.0,0.0,0.0,0.0005,51.1,170.95,0.00793,-0.02995,-0.00045,0.0,-0.00014
7281.32,SYN.BTC-31JAN20,1576061941552,open,0.03,180.3,0.0125,0.0535,0.02794152,64.66,0.0275,0.0,BTC-31JAN20-9000-C,7212.8,63.36,0.0265,23.0,0.029,14.8,65.6,8.14222,-5.17403,1.99468,0.00017,0.22448
7234.01,BTC-27DEC19,1576061941555,open,0.0,255.7,0.0005,0.0105,0.0,120.0,0.001,0.0,BTC-27DEC19-1500-P,7212.8,0.0,0.0,0.0,0.0005,37.9,298.42,0.0,0.0,0.0,0.0,0.0
7234.01,BTC-27DEC19,1576061941555,open,0.0,449.3,0.0005,0.0105,0.0,120.0,0.0005,0.0,BTC-27DEC19-44000-C,7212.8,0.0,0.0,0.0,0.0005,1.0,286.4,0.0,0.0,0.0,0.0,0.0
7234.01,BTC-27DEC19,1576061941555,open,0.12,920.4,0.0945,0.153,0.12169434,60.2,0.1275,0.0,BTC-27DEC19-8000-P,7212.8,56.67,0.1195,12.1,0.1225,0.1,61.47,4.58104,-8.68573,-2.80568,0.00033,-0.77001
7234.01,BTC-27DEC19,1576061941558,open,0.94,268.3,0.8975,0.978,0.93575078,120.0,0.78,0.0,BTC-27DEC19-14000-P,7212.8,0.0,0.929,2.0,0.943,2.0,178.08,0.25589,-0.96709,-6.07189,1e-05,-0.99402
7480.01,SYN.BTC-26JUN20,1576061941558,open,0.03,909.0,0.0095,0.0615,0.02664643,86.55,0.0255,0.0,BTC-26JUN20-20000-C,7212.8,85.35,0.025,16.0,0.0285,20.0,87.87,10.38004,-2.27016,3.39452,4e-05,0.11036
7215.31,SYN.BTC-13DEC19,1576061941558,open,0.0,302.6,0.0005,0.0105,0.00025561,82.5,0.0005,0.0,BTC-13DEC19-8250-C,7212.8,0.0,0.0,0.0,0.0005,0.3,90.69,0.16926,-1.8443,0.0046,8e-05,0.01266
7215.31,SYN.BTC-13DEC19,1576061941558,open,0.01,254.4,0.0015,0.036,0.01225851,50.71,0.011,0.0,BTC-13DEC19-7250-C,7212.8,46.28,0.011,27.9,0.0135,0.2,55.08,2.05016,-27.71328,0.16405,0.00151,0.45471
7357.01,BTC-27MAR20,1576061941571,open,0.0,64.3,0.0005,0.015,0.00323479,112.74,0.0035,0.0,BTC-27MAR20-32000-C,7212.8,109.34,0.0025,18.0,0.004,26.0,115.75,1.73382,-0.91449,0.31073,1e-05,0.01766
7357.01,BTC-27MAR20,1576061941571,open,0.0,658.8,0.0005,0.012,0.00206976,120.0,0.0025,0.0,BTC-27MAR20-40000-C,7212.8,119.56,0.002,0.4,0.0025,16.0,122.52,1.1727,-0.65835,0.19706,1e-05,0.01122
7234.01,BTC-27DEC19,1576061941571,open,0.0,491.2,0.0005,0.0105,9.333e-05,120.0,0.0005,0.0,BTC-27DEC19-3500-P,7212.8,0.0,0.0,0.0,0.001,40.1,156.01,0.06179,-0.23354,-0.00419,0.0,-0.00124
7357.01,BTC-27MAR20,1576061941571,open,0.01,256.8,0.0005,0.023,0.00647633,98.32,0.0075,0.0,BTC-27MAR20-22000-C,7212.8,95.94,0.0055,40.0,0.0075,7.0,100.57,3.18307,-1.46408,0.64656,2e-05,0.03649
7215.31,SYN.BTC-13DEC19,1576061941571,open,0.1,41.1,0.081,0.121,0.0999707,81.78,0.0995,0.0,BTC-13DEC19-6500-C,7212.8,0.0,0.0975,0.8,0.1015,0.8,101.7,0.401,-8.74226,0.32069,0.00018,0.96486
7480.01,SYN.BTC-26JUN20,1576061941571,open,0.02,451.4,0.0105,0.045,0.02330155,73.15,0.0225,0.0,BTC-26JUN20-4000-P,7212.8,71.42,0.0215,8.0,0.025,32.0,74.74,7.88746,-1.45798,-4.03308,4e-05,-0.07616
7234.01,BTC-27DEC19,1576061941573,open,0.24,69.4,0.225,0.263,0.24277725,80.14,0.29,0.0,BTC-27DEC19-5500-C,7212.8,0.0,0.2395,0.1,0.249,12.0,104.1,1.36358,-3.44163,2.24907,7e-05,0.95758
7215.31,SYN.BTC-13DEC19,1576061941573,open,0.32,0.0,0.291,0.3445,0.3166639,120.0,None,0.0,BTC-13DEC19-9500-P,7212.8,0.0,0.0,0.0,0.0,0.0,0.0,0.01423,-0.4552,-0.4879,0.0,-0.9992
7357.01,BTC-27MAR20,1576061941576,open,0.66,54.9,0.6155,0.7195,0.66192907,76.87,0.77,0.0,BTC-27MAR20-12000-P,7212.8,0.0,0.55,0.1,0.88,1.0,188.35,9.938,-3.5737,-32.21587,8e-05,-0.83356
7234.01,BTC-27DEC19,1576061941576,open,0.59,11.0,0.5755,0.595,0.585301,120.0,0.5835,0.0,BTC-27DEC19-3000-C,7212.8,0.0,0.579,17.0,0.591,15.0,246.28,0.00793,-0.02995,1.3044,0.0,0.99986
7357.01,BTC-27MAR20,1576061941576,open,0.01,1546.2,0.0035,0.036,0.01344336,86.26,0.013,0.0,BTC-27MAR20-16000-C,7212.8,85.68,0.013,0.4,0.014,0.7,86.97,5.70386,-2.3018,1.35189,4e-05,0.0762
7480.01,SYN.BTC-26JUN20,1576061941576,open,2.23,0.0,2.1525,2.319,2.22750689,90.89,None,0.0,BTC-26JUN20-24000-P,7212.8,0.0,0.002,1.0,0.0,0.0,0.0,8.16069,-1.87425,-127.64878,3e-05,-0.92035
7215.31,SYN.BTC-13DEC19,1576061941576,open,0.0,268.3,0.0005,0.0105,0.00022508,96.54,0.0005,0.0,BTC-13DEC19-8500-C,7212.8,0.0,0.0,0.0,0.0005,0.9,107.42,0.13573,-1.62401,0.00356,5e-05,0.00982
7234.01,BTC-27DEC19,1576061941578,open,0.38,518.3,0.356,0.418,0.38456951,81.72,0.347,0.0,BTC-27DEC19-10000-P,7212.8,0.0,0.378,2.0,0.3915,2.0,108.71,1.16022,-2.98623,-4.24697,6e-05,-0.9652
7357.01,BTC-27MAR20,1576061941585,open,0.12,266.4,0.082,0.159,0.11608595,66.36,0.118,0.0,BTC-27MAR20-7000-P,7212.8,65.59,0.1145,1.0,0.119,22.4,67.78,15.09857,-4.68742,-10.58365,0.00014,-0.37522
7357.01,BTC-27MAR20,1576061941585,open,0.3,102.8,0.2565,0.354,0.300859,69.74,0.29,0.0,BTC-27MAR20-9000-P,7212.8,66.85,0.295,8.0,0.3075,14.0,72.99,14.96227,-4.88198,-20.16262,0.00014,-0.63511
145.7,SYN.ETH-20DEC19,1576061941692,open,0.0,16.0,0.001,0.013,0.002986,80.41,0.003,0.0,ETH-20DEC19-120-P,145.57,74.0,0.002,200.0,0.004,227.0,85.93,0.02479,-0.11231,-0.00201,0.00597,-0.05368
145.7,SYN.ETH-20DEC19,1576061941692,open,0.06,61.0,0.031,0.091,0.060866,62.6,0.068,0.0,ETH-20DEC19-140-C,145.57,57.45,0.058,120.0,0.065,155.0,69.92,0.08163,-0.28789,0.02181,0.02526,0.67635
145.7,SYN.ETH-20DEC19,1576061941692,open,0.18,0.0,0.152,0.206,0.179399,80.6,None,0.0,ETH-20DEC19-120-C,145.57,0.0,0.176,1.0,0.193,1.0,130.15,0.02493,-0.11319,0.02716,0.00599,0.94595
145.7,SYN.ETH-20DEC19,1576061941692,open,0.0,26.0,0.001,0.011,0.001488,95.65,0.001,0.0,ETH-20DEC19-110-P,145.57,89.64,0.001,11.0,0.002,30.0,100.76,0.0133,-0.07168,-0.00094,0.00269,-0.02506
145.7,SYN.ETH-20DEC19,1576061941694,open,0.0,125.0,0.001,0.016,0.004023,69.3,0.007,0.0,ETH-20DEC19-170-C,145.57,64.77,0.003,200.0,0.005,1.0,73.12,0.03529,-0.13778,0.00286,0.00987,0.0848
145.7,SYN.ETH-20DEC19,1576061941694,open,0.06,5.0,0.025,0.089,0.055614,61.95,0.06,0.0,ETH-20DEC19-150-P,145.57,57.6,0.053,120.0,0.058,3.0,65.9,0.08779,-0.30638,-0.02322,0.02745,-0.59981
145.7,SYN.ETH-20DEC19,1576061941694,open,0.17,0.0,0.134,0.21,0.170771,69.11,None,0.0,ETH-20DEC19-170-P,145.57,0.0,0.166,1.0,0.182,1.0,102.19,0.0351,-0.13666,-0.0385,0.00984,-0.91581
145.7,SYN.ETH-20DEC19,1576061941694,open,0.0,72.0,0.001,0.011,0.001993,76.27,0.002,0.0,ETH-20DEC19-180-C,145.57,67.83,0.001,201.0,0.003,200.0,82.54,0.02071,-0.08899,0.00145,0.00526,0.04288
145.7,SYN.ETH-20DEC19,1576061941694,open,0.01,296.0,0.001,0.029,0.010112,64.79,0.01,0.0,ETH-20DEC19-160-C,145.57,62.11,0.009,161.0,0.011,1.0,66.85,0.06174,-0.22533,0.00639,0.01846,0.19043
7224.66,SYN.BTC-20DEC19,1576061942436,open,0.21,0.0,0.1885,0.225,0.20567136,80.82,None,0.0,BTC-20DEC19-5750-C,7212.8,0.0,0.1915,9.0,0.2125,9.0,117.78,0.77565,-3.53141,1.34203,8e-05,0.96957
7224.66,SYN.BTC-20DEC19,1576061942436,open,0.0,55.4,0.0005,0.012,0.00224833,73.09,0.0025,0.0,BTC-20DEC19-6000-P,7212.8,71.39,0.002,20.0,0.0025,1.5,74.72,1.084,-4.46359,-0.08449,0.00012,-0.04585
7224.66,SYN.BTC-20DEC19,1576061942436,open,0.14,0.0,0.1185,0.1595,0.13816109,65.1,0.165,0.0,BTC-20DEC19-6250-C,7212.8,0.0,0.1345,0.1,0.143,9.0,83.51,1.50694,-5.5262,1.39172,0.00018,0.93034
7224.66,SYN.BTC-20DEC19,1576061942436,open,0.11,0.0,0.085,0.129,0.10616538,60.4,0.1365,0.0,BTC-20DEC19-6500-C,7212.8,30.29,0.1005,9.0,0.1095,9.0,70.12,2.26878,-7.71974,1.35748,0.0003,0.87886
7224.66,SYN.BTC-20DEC19,1576061942436,open,0.0,87.5,0.0005,0.0115,0.00155679,80.82,0.0015,0.0,BTC-20DEC19-5750-P,7212.8,74.94,0.001,48.0,0.002,2.2,84.65,0.77565,-3.5314,-0.05619,8e-05,-0.03043
7224.66,SYN.BTC-20DEC19,1576061942438,open,0.01,118.3,0.0005,0.0195,0.00586195,60.4,0.006,0.0,BTC-20DEC19-6500-P,7212.8,57.57,0.005,20.0,0.0065,20.1,62.39,2.26878,-7.71974,-0.22313,0.0003,-0.12114
7224.66,SYN.BTC-20DEC19,1576061942438,open,0.03,86.5,0.016,0.06,0.03000963,50.93,0.0285,0.0,BTC-20DEC19-7250-C,7212.8,48.51,0.0285,25.0,0.0295,0.1,50.11,4.49446,-12.89556,0.82262,0.0007,0.49825
7224.66,SYN.BTC-20DEC19,1576061942438,open,0.02,313.5,0.0075,0.0465,0.01854197,51.77,0.017,0.0,BTC-20DEC19-7000-P,7212.8,49.92,0.0175,16.0,0.019,0.1,52.57,4.09464,-11.94085,-0.61757,0.00062,-0.33298
7224.66,SYN.BTC-20DEC19,1576061942440,open,0.08,0.7,0.055,0.1025,0.07577014,54.94,0.087,0.0,BTC-20DEC19-6750-C,7212.8,0.0,0.0595,10.0,0.0815,10.0,67.27,3.16898,-9.80868,1.26957,0.00045,0.79842
7224.66,SYN.BTC-20DEC19,1576061942440,open,0.01,777.3,0.0005,0.031,0.01007043,54.94,0.0095,0.0,BTC-20DEC19-6750-P,7212.8,53.63,0.0095,16.0,0.0105,3.1,55.92,3.16898,-9.80868,-0.37183,0.00045,-0.20158
7224.66,SYN.BTC-20DEC19,1576061942440,open,0.03,76.6,0.0185,0.0655,0.03351734,50.93,0.033,0.0,BTC-20DEC19-7250-P,7212.8,48.49,0.032,12.0,0.0355,16.0,54.12,4.49446,-12.89556,-0.94036,0.0007,-0.50175
7224.66,SYN.BTC-20DEC19,1576061942440,open,0.15,0.1,0.121,0.1735,0.14504483,58.33,0.1225,0.0,BTC-20DEC19-8250-P,7212.8,0.0,0.1335,0.1,0.3925,0.1,487.19,1.65475,-5.43711,-1.87332,0.00022,-0.92127
7224.66,SYN.BTC-20DEC19,1576061942440,open,0.06,38.4,0.036,0.0885,0.05533956,51.8,0.058,0.0,BTC-20DEC19-7500-P,7212.8,48.54,0.0535,12.0,0.0575,12.0,55.57,4.11041,-11.99366,-1.26329,0.00063,-0.66374
7224.66,SYN.BTC-20DEC19,1576061942440,open,0.08,9.7,0.06,0.1145,0.08193345,52.55,0.0795,0.0,BTC-20DEC19-7750-P,7212.8,22.23,0.073,8.0,0.0895,8.0,68.14,3.22272,-9.53997,-1.53648,0.00048,-0.79265
7224.66,SYN.BTC-20DEC19,1576061942440,open,0.18,0.0,0.154,0.2065,0.17866852,62.82,0.154,0.0,BTC-20DEC19-8500-P,7212.8,0.0,0.0,0.0,0.4175,0.1,487.49,1.22897,-4.34949,-1.97644,0.00015,-0.94634
7224.66,SYN.BTC-20DEC19,1576061942440,open,0.0,99.3,0.0005,0.014,0.00325395,65.1,0.003,0.0,BTC-20DEC19-6250-P,7212.8,63.86,0.003,20.0,0.0035,10.0,66.26,1.50694,-5.5262,-0.12809,0.00018,-0.06966
7224.66,SYN.BTC-20DEC19,1576061942442,open,0.0,102.5,0.0005,0.0145,0.00312226,58.33,0.003,0.0,BTC-20DEC19-8250-C,7212.8,55.46,0.0025,37.0,0.0035,1.4,59.93,1.65475,-5.43711,0.13283,0.00022,0.07873
7224.66,SYN.BTC-20DEC19,1576061942442,open,0.11,4.1,0.089,0.143,0.11304201,56.65,0.1,0.0,BTC-20DEC19-8000-P,7212.8,0.0,0.089,7.0,0.1205,7.1,75.4,2.42786,-7.74799,-1.72081,0.00034,-0.86646
7224.66,SYN.BTC-20DEC19,1576061942442,open,0.0,92.8,0.0005,0.011,0.00115694,71.66,0.001,0.0,BTC-20DEC19-9000-C,7212.8,63.31,0.0005,35.7,0.0015,20.0,74.81,0.72463,-2.92515,0.04722,8e-05,0.02804
7224.66,SYN.BTC-20DEC19,1576061942442,open,0.01,121.5,0.0005,0.0315,0.00921831,52.55,0.0095,0.0,BTC-20DEC19-7750-C,7212.8,50.92,0.0085,31.1,0.0095,0.1,53.18,3.22272,-9.53997,0.34809,0.00048,0.20735
7224.66,SYN.BTC-20DEC19,1576061942442,open,0.01,201.2,0.0005,0.022,0.00572316,56.65,0.0055,0.0,BTC-20DEC19-8000-C,7212.8,54.44,0.005,0.1,0.0065,20.0,58.9,2.42786,-7.74799,0.22455,0.00034,0.13354
7224.66,SYN.BTC-20DEC19,1576061942442,open,0.0,62.9,0.0005,0.0115,0.00152691,67.16,0.0025,0.0,BTC-20DEC19-8750-C,7212.8,62.52,0.001,34.0,0.002,20.0,70.56,0.92722,-3.50789,0.06373,0.00011,0.0378
7224.66,SYN.BTC-20DEC19,1576061942442,open,0.25,0.1,0.2215,0.2755,0.24689065,71.66,0.218,0.0,BTC-20DEC19-9000-P,7212.8,0.0,0.229,0.1,0.0,0.0,0.0,0.72463,-2.92515,-2.14131,8e-05,-0.97196
7224.66,SYN.BTC-20DEC19,1576061942442,open,0.21,0.2,0.188,0.241,0.2126569,67.16,0.22,0.0,BTC-20DEC19-8750-P,7212.8,0.0,0.1965,0.1,0.0,0.0,0.0,0.92722,-3.50788,-2.064,0.00011,-0.9622
7234.01,BTC-27DEC19,1576061943899,open,0.07,233.7,0.0415,0.0905,0.06467755,57.13,0.064,0.0,BTC-27DEC19-7000-C,7212.8,54.99,0.063,0.4,0.066,12.4,58.81,5.68929,-10.23677,1.78315,0.00044,0.6314
145.8,ETH-27DEC19,1576061943905,open,0.04,4530.0,0.015,0.068,0.038479,68.91,0.039,0.0,ETH-27DEC19-140-P,145.57,65.74,0.036,520.0,0.041,427.0,72.14,0.11393,-0.24727,-0.02537,0.01788,-0.36156
145.8,ETH-27DEC19,1576061943905,open,0.0,16677.0,0.001,0.011,0.0,120.0,0.001,0.0,ETH-27DEC19-640-C,145.57,0.0,0.0,0.0,0.003,300.0,291.31,0.0,0.0,0.0,0.0,0.0
148.15,ETH-27MAR20,1576061943905,open,0.05,6394.0,0.018,0.08,0.044522,85.56,0.045,0.0,ETH-27MAR20-240-C,145.57,83.92,0.042,800.0,0.047,332.0,87.14,0.23029,-0.09218,0.07128,0.00419,0.20883
145.8,ETH-27DEC19,1576061943905,open,1.19,100.0,1.132,1.262,1.194872,120.0,0.883,0.0,ETH-27DEC19-320-P,145.57,0.0,0.011,5.0,0.0,0.0,0.0,0.00128,-0.00486,-0.13911,0.00012,-0.99872
146.7,SYN.ETH-31JAN20,1576061943905,open,0.04,165.0,0.017,0.069,0.039611,73.21,0.039,0.0,ETH-31JAN20-180-C,145.57,71.9,0.038,753.0,0.041,10.0,74.33,0.18122,-0.13039,0.04719,0.00825,0.27037
149.44,SYN.ETH-26JUN20,1576061943905,open,0.03,667.0,0.011,0.071,0.03413,97.5,0.038,0.0,ETH-26JUN20-440-C,145.57,95.4,0.031,300.0,0.038,140.0,99.97,0.22783,-0.05613,0.07447,0.00193,0.12605
145.6,SYN.ETH-13DEC19,1576061943905,open,0.0,1251.0,0.001,0.011,0.00046,101.24,0.001,0.0,ETH-13DEC19-170-C,145.57,0.0,0.0,0.0,0.001,25.0,114.28,0.0046,-0.06695,0.00013,0.00417,0.01792
145.8,ETH-27DEC19,1576061943907,open,1.33,0.0,1.265,1.404,1.331997,120.0,None,0.0,ETH-27DEC19-340-P,145.57,0.0,0.003,9.0,0.0,0.0,0.0,0.0006,-0.00227,-0.14785,5e-05,-0.99944
145.8,ETH-27DEC19,1576061943907,open,0.0,6970.0,0.001,0.011,0.000984,103.51,0.001,0.0,ETH-27DEC19-240-C,145.57,0.0,0.0,0.0,0.002,1.0,114.15,0.01077,-0.0351,0.00082,0.00112,0.01387
145.8,ETH-27DEC19,1576061943907,open,0.18,0.0,0.14,0.222,0.179379,72.91,None,0.0,ETH-27DEC19-170-P,145.57,0.0,0.165,1.0,1.164,1.0,500.0,0.07843,-0.1801,-0.06368,0.01164,-0.82482
145.6,SYN.ETH-13DEC19,1576061943907,open,0.0,56.0,0.001,0.011,2.7e-05,120.0,0.002,0.0,ETH-13DEC19-190-C,145.57,0.0,0.0,0.0,0.001,1.0,178.58,0.0004,-0.0039,1e-05,0.0003,0.00114
148.15,ETH-27MAR20,1576061943958,open,0.0,5196.0,0.001,0.016,0.004312,112.37,0.008,0.0,ETH-27MAR20-600-C,145.57,102.36,0.002,520.0,0.006,300.0,117.48,0.04361,-0.02293,0.00809,0.0006,0.02296
146.7,SYN.ETH-31JAN20,1576061943958,open,0.16,1.0,0.118,0.209,0.162379,71.71,0.148,0.0,ETH-31JAN20-160-P,145.57,69.39,0.159,436.0,0.167,340.0,74.86,0.21459,-0.15122,-0.15087,0.00998,-0.57543
145.8,ETH-27DEC19,1576061943960,open,0.01,202.0,0.001,0.018,0.005078,81.9,0.01,0.0,ETH-27DEC19-190-C,145.57,77.87,0.004,540.0,0.006,200.0,85.0,0.04149,-0.10703,0.00421,0.00548,0.07149
148.15,ETH-27MAR20,1576061943962,open,0.02,1263.0,0.006,0.045,0.020014,93.26,0.022,0.0,ETH-27MAR20-320-C,145.57,89.99,0.017,560.0,0.023,560.0,96.27,0.14212,-0.06201,0.0353,0.00237,0.1014
148.15,ETH-27MAR20,1576061943962,open,2.25,0.0,2.148,2.359,2.247447,106.14,None,0.0,ETH-27MAR20-480-P,145.57,0.0,0.004,50.0,0.0,0.0,0.0,0.06801,-0.03377,-1.39172,0.001,-0.96077
148.15,ETH-27MAR20,1576061943962,open,0.21,3927.0,0.163,0.273,0.217011,78.16,0.225,0.0,ETH-27MAR20-160-P,145.57,70.75,0.201,300.0,0.229,300.0,83.72,0.31968,-0.1169,-0.30592,0.00636,-0.48821
149.44,SYN.ETH-26JUN20,1576061943962,open,3.3,0.0,3.163,3.451,3.298664,103.48,None,0.0,ETH-26JUN20-640-P,145.57,0.0,0.01,50.0,0.0,0.0,0.0,0.13655,-0.0357,-3.43141,0.00109,-0.93677
149.44,SYN.ETH-26JUN20,1576061943962,open,0.21,126.0,0.151,0.259,0.205874,79.94,0.22,0.0,ETH-26JUN20-160-C,145.57,80.33,0.207,266.0,0.219,476.0,84.49,0.43205,-0.08727,0.29562,0.00446,0.57076
149.44,SYN.ETH-26JUN20,1576061943962,open,2.77,0.0,2.646,2.909,2.769237,102.16,None,0.0,ETH-26JUN20-560-P,145.57,0.0,0.01,50.0,0.0,0.0,0.0,0.16937,-0.04372,-2.98584,0.00137,-0.91622
145.8,ETH-27DEC19,1576061943964,open,0.31,0.0,0.267,0.354,0.308233,81.9,None,0.0,ETH-27DEC19-190-P,145.57,0.0,0.303,1.0,0.323,340.0,117.49,0.04149,-0.10703,-0.07843,0.00548,-0.92851
145.8,ETH-27DEC19,1576061943964,open,0.01,5175.0,0.001,0.024,0.008137,77.61,0.009,0.0,ETH-27DEC19-180-C,145.57,74.63,0.007,640.0,0.009,200.0,79.75,0.05757,-0.14071,0.00653,0.00802,0.11105
145.8,ETH-27DEC19,1576061943964,open,0.51,2830.0,0.466,0.561,0.510888,97.4,0.65,0.0,ETH-27DEC19-220-P,145.57,0.0,0.001,9.0,0.0,0.0,0.0,0.01907,-0.05849,-0.09409,0.00212,-0.9728
145.8,ETH-27DEC19,1576061943964,open,1.6,0.0,1.531,1.687,1.606316,120.0,None,0.0,ETH-27DEC19-380-P,145.57,0.0,0.02,50.0,0.0,0.0,0.0,0.00013,-0.00048,-0.16527,1e-05,-0.99989
148.15,ETH-27MAR20,1576061943964,open,0.47,20.0,0.45,0.498,0.473502,84.39,0.613,0.0,ETH-27MAR20-80-C,145.57,0.0,0.46,1.0,0.0,0.0,0.0,0.09213,-0.03638,0.20353,0.0017,0.94268
145.8,ETH-27DEC19,1576061943964,open,0.0,4535.0,0.001,0.011,0.0,120.0,0.002,0.0,ETH-27DEC19-760-C,145.57,0.0,0.0,0.0,0.002,300.0,303.93,0.0,0.0,0.0,0.0,0.0
145.8,ETH-27DEC19,1576061943964,open,0.0,3909.0,0.001,0.012,0.002997,104.14,0.003,0.0,ETH-27DEC19-100-P,145.57,96.79,0.002,212.0,0.004,501.0,110.22,0.02213,-0.07257,-0.00225,0.0023,-0.03254
149.44,SYN.ETH-26JUN20,1576061943964,open,0.26,90.0,0.204,0.308,0.257075,79.94,0.265,0.0,ETH-26JUN20-140-C,145.57,76.59,0.248,210.0,0.275,210.0,86.58,0.40438,-0.08168,0.32427,0.00418,0.65733
149.44,SYN.ETH-26JUN20,1576061943964,open,0.18,1899.0,0.124,0.236,0.180119,85.04,0.184,0.0,ETH-26JUN20-180-C,145.57,82.62,0.173,2.0,0.19,272.0,88.41,0.43891,-0.09432,0.26432,0.00426,0.50637
145.6,SYN.ETH-13DEC19,1576061943964,open,0.17,2.0,0.134,0.206,0.168065,101.24,0.164,0.0,ETH-13DEC19-170-P,145.57,0.0,0.148,21.0,0.186,21.0,238.97,0.0046,-0.12419,-0.00861,0.00417,-0.98208
145.6,SYN.ETH-13DEC19,1576061943964,open,0.01,767.0,0.001,0.022,0.004183,60.19,0.004,0.0,ETH-13DEC19-140-P,145.57,53.48,0.003,180.0,0.005,7.0,64.48,0.02702,-0.43352,-0.00135,0.0412,-0.17617
146.7,SYN.ETH-31JAN20,1576061943964,open,0.01,25.0,0.001,0.024,0.008463,90.93,0.015,0.0,ETH-31JAN20-260-C,145.57,87.66,0.007,480.0,0.01,480.0,94.03,0.06924,-0.06187,0.01151,0.00254,0.06475
146.7,SYN.ETH-31JAN20,1576061943964,open,0.65,0.0,0.593,0.708,0.647349,86.59,None,0.0,ETH-31JAN20-240-P,145.57,0.0,0.01,50.0,0.0,0.0,0.0,0.08656,-0.07366,-0.31911,0.00333,-0.91323
148.15,ETH-27MAR20,1576061943967,open,1.44,6.0,1.365,1.537,1.445429,97.73,1.188,0.0,ETH-27MAR20-360-P,145.57,0.0,0.01,30.0,0.0,0.0,0.0,0.11761,-0.05377,-1.02672,0.00187,-0.92139
148.15,ETH-27MAR20,1576061943967,open,0.36,1.0,0.325,0.391,0.358513,78.95,0.337,0.0,ETH-27MAR20-100-C,145.57,0.0,0.325,31.0,0.0,0.0,0.0,0.16821,-0.06213,0.22254,0.00332,0.87152
145.8,ETH-27DEC19,1576061943967,open,0.0,7796.0,0.001,0.011,0.001971,97.4,0.002,0.0,ETH-27DEC19-220-C,145.57,88.3,0.001,1122.0,0.003,200.0,104.25,0.01907,-0.05849,0.0016,0.00212,0.0272
148.15,ETH-27MAR20,1576061943967,open,1.98,0.0,1.886,2.083,1.978949,103.04,None,0.0,ETH-27MAR20-440-P,145.57,0.0,0.003,50.0,0.0,0.0,0.0,0.07884,-0.03801,-1.27182,0.00119,-0.95288
145.8,ETH-27DEC19,1576061943967,open,0.0,2179.0,0.001,0.011,0.000205,120.0,0.001,0.0,ETH-27DEC19-300-C,145.57,0.0,0.0,0.0,0.001,201.0,141.58,0.0027,-0.01022,0.00017,0.00024,0.00291
146.7,SYN.ETH-31JAN20,1576061943967,open,0.08,11.0,0.049,0.12,0.082572,71.56,0.076,0.0,ETH-31JAN20-140-P,145.57,69.75,0.08,488.0,0.087,772.0,74.68,0.20834,-0.14653,-0.09434,0.0097,-0.37879
149.44,SYN.ETH-26JUN20,1576061943967,open,0.15,1030.0,0.094,0.203,0.147527,85.04,0.14,0.0,ETH-26JUN20-200-C,145.57,80.02,0.133,25.0,0.151,210.0,86.24,0.43391,-0.09324,0.23653,0.00421,0.43948
149.44,SYN.ETH-26JUN20,1576061943967,open,0.02,600.0,0.004,0.042,0.016088,103.48,0.018,0.0,ETH-26JUN20-640-C,145.57,101.1,0.014,150.0,0.018,141.0,105.5,0.13655,-0.0357,0.03819,0.00109,0.06323
145.6,SYN.ETH-13DEC19,1576061943967,open,0.24,0.0,0.222,0.267,0.244502,120.0,None,0.0,ETH-13DEC19-110-C,145.57,0.0,0.02,22.0,0.0,0.0,0.0,0.00018,-0.00571,0.00565,0.00014,0.99952
145.6,SYN.ETH-13DEC19,1576061943967,open,0.04,266.0,0.008,0.069,0.036599,60.19,0.038,0.0,ETH-13DEC19-150-P,145.57,48.14,0.034,40.0,0.04,40.0,74.4,0.03329,-0.5342,-0.00587,0.05077,-0.74821
149.44,SYN.ETH-26JUN20,1576061943967,open,0.04,864.0,0.014,0.08,0.040434,95.54,0.042,0.0,ETH-26JUN20-400-C,145.57,93.48,0.037,440.0,0.044,140.0,97.6,0.25352,-0.0612,0.08662,0.00219,0.14736
145.8,ETH-27DEC19,1576061943968,open,0.08,113.0,0.046,0.11,0.07826,68.91,0.081,0.0,ETH-27DEC19-140-C,145.57,64.73,0.075,120.0,0.082,120.0,73.69,0.11393,-0.24727,0.03552,0.01788,0.63844
148.15,ETH-27MAR20,1576061943968,open,0.01,837.0,0.004,0.029,0.013496,84.39,0.014,0.0,ETH-27MAR20-80-P,145.57,81.92,0.012,320.0,0.015,320.0,86.75,0.09213,-0.03638,-0.03072,0.0017,-0.05732
146.7,SYN.ETH-31JAN20,1576061943968,open,0.02,135.0,0.008,0.049,0.02459,77.72,0.027,0.0,ETH-31JAN20-200-C,145.57,76.07,0.023,448.0,0.026,128.0,79.16,0.14273,-0.10902,0.03138,0.00612,0.17803
145.6,SYN.ETH-13DEC19,1576061943968,open,0.0,114.0,0.001,0.011,0.000332,119.99,0.001,0.0,ETH-13DEC19-120-P,145.57,0.0,0.0,0.0,0.001,8.0,141.48,0.00302,-0.0484,-8e-05,0.00231,-0.01098
149.44,SYN.ETH-26JUN20,1576061943968,open,2.24,0.0,2.129,2.366,2.240605,98.86,None,0.0,ETH-26JUN20-480-P,145.57,0.0,0.01,50.0,0.0,0.0,0.0,0.20373,-0.0509,-2.5382,0.0017,-0.89234
149.44,SYN.ETH-26JUN20,1576061943968,open,0.1,485.0,0.058,0.158,0.10511,86.94,0.106,0.0,ETH-26JUN20-240-C,145.57,85.4,0.101,284.0,0.11,180.0,88.75,0.40191,-0.08829,0.18807,0.00382,0.33725
148.15,ETH-27MAR20,1576061943970,open,0.19,36.0,0.146,0.236,0.191821,78.16,0.207,0.0,ETH-27MAR20-140-C,145.57,52.25,0.139,2.0,0.783,1.0,450.14,0.30131,-0.11018,0.19227,0.006,0.63505
145.8,ETH-27DEC19,1576061943970,open,1.74,15.0,1.664,1.828,1.743487,120.0,1.248,0.0,ETH-27DEC19-400-P,145.57,0.0,0.002,50.0,0.0,0.0,0.0,6e-05,-0.00022,-0.17398,1e-05,-0.99995
148.15,ETH-27MAR20,1576061943970,open,0.92,173.0,0.849,0.998,0.919388,90.0,1.157,0.0,ETH-27MAR20-280-P,145.57,0.0,0.002,50.0,0.948,1.0,110.05,0.18165,-0.07648,-0.77027,0.00314,-0.85625
145.8,ETH-27DEC19,1576061943970,open,0.0,6667.0,0.001,0.011,0.0,120.0,0.001,0.0,ETH-27DEC19-480-C,145.57,0.0,0.0,0.0,0.001,14.0,215.69,0.0,-1e-05,0.0,0.0,0.0
145.8,ETH-27DEC19,1576061943970,open,2.56,37.0,2.463,2.677,2.56653,120.0,0.707,0.0,ETH-27DEC19-520-P,145.57,0.0,0.003,50.0,0.0,0.0,0.0,0.0,0.0,-0.22617,0.0,-1.0
145.8,ETH-27DEC19,1576061943970,open,2.29,21.0,2.197,2.394,2.292181,120.0,0.629,0.0,ETH-27DEC19-480-P,145.57,0.0,0.002,50.0,0.0,0.0,0.0,0.0,-1e-05,-0.20878,0.0,-1.0
149.44,SYN.ETH-26JUN20,1576061943970,open,2.5,0.0,2.388,2.638,2.505035,100.96,None,0.0,ETH-26JUN20-520-P,145.57,0.0,0.01,50.0,0.0,0.0,0.0,0.18716,-0.04775,-2.76203,0.00153,-0.90418
148.15,ETH-27MAR20,1576061943976,open,0.54,30.0,0.477,0.612,0.542366,83.73,0.306,0.0,ETH-27MAR20-220-P,145.57,65.91,0.514,300.0,0.56,300.0,93.44,0.25957,-0.10168,-0.55668,0.00482,-0.7409
148.15,ETH-27MAR20,1576061943976,open,0.1,1510.0,0.058,0.142,0.099089,79.18,0.104,0.0,ETH-27MAR20-180-C,145.57,77.71,0.096,275.0,0.103,300.0,81.04,0.31072,-0.1151,0.13273,0.00611,0.40507
148.15,ETH-27MAR20,1576061943976,open,0.01,2330.0,0.001,0.02,0.00599,108.03,0.01,0.0,ETH-27MAR20-520-C,145.57,105.31,0.005,100.0,0.007,220.0,110.51,0.05716,-0.02889,0.01117,0.00082,0.03175
149.44,SYN.ETH-26JUN20,1576061943976,open,0.6,0.0,0.517,0.68,0.596568,86.17,None,0.0,ETH-26JUN20-220-P,145.57,0.0,0.472,51.0,0.634,25.0,99.25,0.42062,-0.09159,-0.98153,0.00403,-0.61495
145.6,SYN.ETH-13DEC19,1576061943976,open,0.11,4.0,0.08,0.136,0.108078,89.69,0.111,0.0,ETH-13DEC19-130-C,145.57,0.0,0.105,40.0,0.111,40.0,122.68,0.00832,-0.19902,0.0064,0.00852,0.96362
145.8,ETH-27DEC19,1576061943978,open,0.19,22.0,0.156,0.214,0.185495,78.62,0.165,0.0,ETH-27DEC19-120-C,145.57,33.16,0.177,51.0,0.284,1.0,243.32,0.05418,-0.13417,0.04518,0.00745,0.89789
145.8,ETH-27DEC19,1576061943978,open,2.02,0.0,1.931,2.111,2.017833,120.0,None,0.0,ETH-27DEC19-440-P,145.57,0.0,0.002,50.0,0.0,0.0,0.0,1e-05,-5e-05,-0.19138,0.0,-0.99999
148.15,ETH-27MAR20,1576061943978,open,0.0,386.0,0.001,0.017,0.004502,117.09,0.004,0.0,ETH-27MAR20-640-C,145.57,111.3,0.003,220.0,0.006,300.0,121.66,0.04392,-0.02406,0.00809,0.00058,0.02315
145.8,ETH-27DEC19,1576061943978,open,0.0,1347.0,0.001,0.011,6e-06,120.0,0.002,0.0,ETH-27DEC19-380-C,145.57,0.0,0.0,0.0,0.001,2.0,179.64,0.00013,-0.00048,1e-05,1e-05,0.00011
148.15,ETH-27MAR20,1576061943980,open,0.01,1398.0,0.002,0.032,0.011983,101.09,0.01,0.0,ETH-27MAR20-400-C,145.57,97.91,0.01,260.0,0.014,263.0,104.02,0.09736,-0.04605,0.02148,0.0015,0.0615
145.8,ETH-27DEC19,1576061943980,open,3.11,0.0,2.996,3.242,3.115226,120.0,0.953,0.0,ETH-27DEC19-600-P,145.57,0.0,0.02,50.0,0.0,0.0,0.0,0.0,0.0,-0.26097,0.0,-1.0
145.6,SYN.ETH-13DEC19,1576061943980,open,0.01,1521.0,0.001,0.026,0.006359,60.19,0.006,0.0,ETH-13DEC19-150-C,145.57,49.33,0.004,162.0,0.008,160.0,67.19,0.03329,-0.5342,0.00184,0.05077,0.25179
149.44,SYN.ETH-26JUN20,1576061943980,open,0.03,330.0,0.009,0.063,0.028673,98.86,0.04,0.0,ETH-26JUN20-480-C,145.57,96.85,0.026,300.0,0.032,140.0,101.24,0.20373,-0.0509,0.064,0.0017,0.10766
145.6,SYN.ETH-13DEC19,1576061943980,open,0.24,1.0,0.201,0.276,0.236501,120.0,0.232,0.0,ETH-13DEC19-180-P,145.57,0.0,0.01,50.0,0.302,1.0,493.02,0.00221,-0.07078,-0.00919,0.00169,-0.9923
145.6,SYN.ETH-13DEC19,1576061943980,open,0.1,49.0,0.067,0.136,0.100334,81.95,0.1,0.0,ETH-13DEC19-160-P,145.57,0.0,0.097,40.0,0.104,40.0,112.73,0.01202,-0.26254,-0.0078,0.01346,-0.94254
146.7,SYN.ETH-31JAN20,1576061943980,open,0.27,0.0,0.218,0.318,0.266573,73.21,None,0.0,ETH-31JAN20-180-P,145.57,62.55,0.254,340.0,0.283,340.0,85.99,0.18122,-0.13039,-0.20371,0.00825,-0.72963
149.44,SYN.ETH-26JUN20,1576061943980,open,0.01,196.0,0.002,0.024,0.01106,82.86,0.011,0.0,ETH-26JUN20-60-P,145.57,67.48,0.004,300.0,0.017,302.0,92.05,0.08674,-0.01816,-0.03802,0.00086,-0.03586
145.8,ETH-27DEC19,1576061943982,open,0.01,456.0,0.003,0.033,0.013398,72.91,0.014,0.0,ETH-27DEC19-170-C,145.57,70.26,0.012,160.0,0.015,518.0,75.83,0.07843,-0.1801,0.01026,0.01164,0.17518
145.8,ETH-27DEC19,1576061943982,open,0.0,980.0,0.001,0.011,3.5e-05,120.0,0.001,0.0,ETH-27DEC19-340-C,145.57,0.0,0.0,0.0,0.001,7.0,161.95,0.0006,-0.00227,3e-05,5e-05,0.00056
145.8,ETH-27DEC19,1576061943982,open,2.84,0.0,2.73,2.959,2.840878,120.0,0.845,0.0,ETH-27DEC19-560-P,145.57,0.0,0.02,50.0,0.0,0.0,0.0,0.0,0.0,-0.24357,0.0,-1.0
148.15,ETH-27MAR20,1576061943982,open,0.42,747.0,0.36,0.489,0.422718,80.51,0.57,0.0,ETH-27MAR20-200-P,145.57,68.29,0.4,300.0,0.434,300.0,86.27,0.28625,-0.10782,-0.47886,0.00553,-0.68116
148.15,ETH-27MAR20,1576061943982,open,0.26,40.0,0.223,0.305,0.264659,78.16,0.459,0.0,ETH-27MAR20-120-C,145.57,46.97,0.216,1.0,0.0,0.0,0.0,0.24862,-0.09091,0.21534,0.00495,0.76106
145.8,ETH-27DEC19,1576061943985,open,0.0,4549.0,0.001,0.011,0.000984,117.32,0.001,0.0,ETH-27DEC19-260-C,145.57,0.0,0.0,0.0,0.002,202.0,128.94,0.00983,-0.03633,0.00073,0.00091,0.01249
145.8,ETH-27DEC19,1576061943985,open,0.0,2232.0,0.001,0.011,8.5e-05,120.0,0.002,0.0,ETH-27DEC19-320-C,145.57,0.0,0.0,0.0,0.004,300.0,182.81,0.00128,-0.00486,8e-05,0.00012,0.00128
149.44,SYN.ETH-26JUN20,1576061943985,open,0.02,288.0,0.005,0.047,0.019004,103.11,0.025,0.0,ETH-26JUN20-600-C,145.57,100.03,0.016,440.0,0.022,140.0,105.91,0.15313,-0.0399,0.04403,0.00123,0.07335
146.7,SYN.ETH-31JAN20,1576061943985,open,0.13,10.0,0.091,0.165,0.128268,71.56,0.13,0.0,ETH-31JAN20-140-C,145.57,68.56,0.124,96.0,0.131,36.0,73.49,0.20834,-0.14653,0.1008,0.0097,0.62121
149.44,SYN.ETH-26JUN20,1576061943985,open,1.2,0.0,1.112,1.304,1.203206,91.76,1.06,0.0,ETH-26JUN20-320-P,145.57,0.0,0.015,2.0,1.222,1.0,100.08,0.32149,-0.07454,-1.61079,0.00289,-0.78501
149.44,SYN.ETH-26JUN20,1576061943985,open,0.06,273.0,0.027,0.108,0.061918,91.76,0.068,0.0,ETH-26JUN20-320-C,145.57,89.43,0.057,475.0,0.067,475.0,94.08,0.32149,-0.07454,0.12401,0.00289,0.21499
148.15,ETH-27MAR20,1576061943987,open,0.03,100.0,0.015,0.059,0.033505,78.95,0.038,0.0,ETH-27MAR20-100-P,145.57,75.82,0.03,320.0,0.037,617.0,81.99,0.16821,-0.06213,-0.07027,0.00332,-0.12848
145.8,ETH-27DEC19,1576061943987,open,0.0,11489.0,0.001,0.011,0.0,120.0,0.002,0.0,ETH-27DEC19-440-C,145.57,0.0,0.0,0.0,0.001,199.0,202.42,1e-05,-5e-05,0.0,0.0,1e-05
145.8,ETH-27DEC19,1576061943987,open,0.0,1759.0,0.001,0.011,1.5e-05,120.0,0.001,0.0,ETH-27DEC19-360-C,145.57,0.0,0.0,0.0,0.004,300.0,204.24,0.00028,-0.00105,1e-05,3e-05,0.00024
148.15,ETH-27MAR20,1576061943987,open,0.02,580.0,0.004,0.038,0.015459,97.73,0.013,0.0,ETH-27MAR20-360-C,145.57,94.48,0.013,260.0,0.018,560.0,100.8,0.11761,-0.05377,0.02739,0.00187,0.07861
145.8,ETH-27DEC19,1576061943987,open,0.65,2355.0,0.599,0.7,0.647074,103.51,0.606,0.0,ETH-27DEC19-240-P,145.57,0.0,0.001,15.0,0.0,0.0,0.0,0.01077,-0.0351,-0.10357,0.00112,-0.98613
149.44,SYN.ETH-26JUN20,1576061943987,open,0.08,441.0,0.038,0.128,0.078814,89.25,0.086,0.0,ETH-26JUN20-280-C,145.57,87.66,0.075,470.0,0.083,180.0,90.97,0.36065,-0.08133,0.15113,0.00334,0.26536
145.6,SYN.ETH-13DEC19,1576061943987,open,0.0,880.0,0.001,0.013,0.001411,81.95,0.001,0.0,ETH-13DEC19-160-C,145.57,76.49,0.001,93.0,0.002,205.0,88.42,0.01202,-0.20549,0.00042,0.01346,0.05746
146.7,SYN.ETH-31JAN20,1576061943987,open,0.01,602.0,0.003,0.028,0.012532,81.81,0.014,0.0,ETH-31JAN20-100-P,145.57,78.97,0.011,520.0,0.014,165.0,84.4,0.08116,-0.06526,-0.01885,0.00331,-0.07965
145.8,ETH-27DEC19,1576061943989,open,0.05,2503.0,0.019,0.075,0.044805,68.87,0.043,0.0,ETH-27DEC19-150-C,145.57,66.69,0.043,68.0,0.045,1.0,69.11,0.12035,-0.26106,0.02569,0.0189,0.44991
145.8,ETH-27DEC19,1576061943989,open,0.12,13384.0,0.084,0.162,0.121896,70.34,0.127,0.0,ETH-27DEC19-160-P,145.57,64.77,0.118,40.0,0.126,380.0,76.03,0.10369,-0.22973,-0.0529,0.01594,-0.71231
145.8,ETH-27DEC19,1576061943989,open,0.0,21058.0,0.001,0.011,0.0,120.0,0.007,0.0,ETH-27DEC19-600-C,145.57,0.0,0.0,0.0,0.001,600.0,248.94,0.0,0.0,0.0,0.0,0.0
145.8,ETH-27DEC19,1576061943989,open,3.66,1.0,3.529,3.808,3.663923,120.0,2.792,0.0,ETH-27DEC19-680-P,145.57,0.0,0.02,50.0,0.0,0.0,0.0,0.0,0.0,-0.29577,0.0,-1.0
145.6,SYN.ETH-13DEC19,1576061943989,open,0.0,507.0,0.001,0.011,0.000213,120.0,0.001,0.0,ETH-13DEC19-180-C,145.57,0.0,0.0,0.0,0.001,204.0,147.94,0.00221,-0.03099,6e-05,0.00169,0.0077
149.44,SYN.ETH-26JUN20,1576061943989,open,0.38,357.0,0.313,0.458,0.384594,85.04,0.405,0.0,ETH-26JUN20-180-P,145.57,72.57,0.348,210.0,0.418,22.0,96.44,0.43891,-0.09432,-0.71151,0.00426,-0.49363
149.44,SYN.ETH-26JUN20,1576061943989,open,1.72,0.0,1.617,1.83,1.717044,95.54,None,0.0,ETH-26JUN20-400-P,145.57,0.0,0.01,50.0,0.0,0.0,0.0,0.25352,-0.0612,-2.08188,0.00219,-0.85264
148.15,ETH-27MAR20,1576061943991,open,0.67,119.0,0.598,0.738,0.664502,85.56,0.835,0.0,ETH-27MAR20-240-P,145.57,60.69,0.633,300.0,0.692,300.0,101.85,0.23029,-0.09218,-0.63147,0.00419,-0.79117
145.8,ETH-27DEC19,1576061943991,open,1.47,257.0,1.398,1.545,1.46915,120.0,0.995,0.0,ETH-27DEC19-360-P,145.57,0.0,0.021,5.0,0.0,0.0,0.0,0.00028,-0.00105,-0.15657,3e-05,-0.99976
148.15,ETH-27MAR20,1576061943991,open,2.78,0.0,2.671,2.912,2.785443,111.57,None,0.0,ETH-27MAR20-560-P,145.57,0.0,0.02,50.0,0.0,0.0,0.0,0.05254,-0.02742,-1.62968,0.00073,-0.97132
148.15,ETH-27MAR20,1576061943991,open,2.51,0.0,2.41,2.635,2.515946,108.03,None,0.0,ETH-27MAR20-520-P,145.57,0.0,0.006,50.0,0.0,0.0,0.0,0.05716,-0.02889,-1.51144,0.00082,-0.96825
148.15,ETH-27MAR20,1576061943991,open,0.07,2194.0,0.037,0.113,0.072734,80.51,0.074,0.0,ETH-27MAR20-200-C,145.57,78.57,0.069,282.0,0.076,339.0,82.2,0.28625,-0.10782,0.10676,0.00553,0.31884
148.15,ETH-27MAR20,1576061943991,open,0.01,1165.0,0.001,0.026,0.008986,103.04,0.01,0.0,ETH-27MAR20-440-C,145.57,99.02,0.007,260.0,0.011,260.0,106.6,0.07884,-0.03801,0.01654,0.00119,0.04712
145.8,ETH-27DEC19,1576061943991,open,3.39,0.0,3.263,3.525,3.389575,120.0,None,0.0,ETH-27DEC19-640-P,145.57,0.0,0.02,50.0,0.0,0.0,0.0,0.0,0.0,-0.27837,0.0,-1.0
148.15,ETH-27MAR20,1576061943991,open,1.18,7.0,1.105,1.265,1.179987,93.26,1.28,0.0,ETH-27MAR20-320-P,145.57,0.0,0.011,5.0,1.194,2.0,105.99,0.14212,-0.06201,-0.90169,0.00237,-0.8986
146.7,SYN.ETH-31JAN20,1576061943991,open,0.51,0.0,0.463,0.573,0.515515,81.73,None,0.0,ETH-31JAN20-220-P,145.57,0.0,0.499,1.0,1.065,1.0,491.14,0.10951,-0.08796,-0.28538,0.00447,-0.88009
149.44,SYN.ETH-26JUN20,1576061943991,open,0.05,683.0,0.019,0.092,0.049443,93.72,0.051,0.0,ETH-26JUN20-360-C,145.57,91.34,0.045,478.0,0.054,180.0,96.06,0.28509,-0.06751,0.10287,0.00251,0.17641
149.44,SYN.ETH-26JUN20,1576061943991,open,0.95,0.0,0.866,1.046,0.952441,89.25,None,0.0,ETH-26JUN20-280-P,145.57,0.0,0.01,50.0,0.0,0.0,0.0,0.36065,-0.08133,-1.36682,0.00334,-0.73464
145.8,ETH-27DEC19,1576061943993,open,1.06,1.0,0.998,1.122,1.057818,120.0,0.494,0.0,ETH-27DEC19-300-P,145.57,0.0,0.021,3.0,0.0,0.0,0.0,0.0027,-0.01022,-0.13031,0.00024,-0.99709
148.15,ETH-27MAR20,1576061943993,open,3.05,0.0,2.933,3.188,3.054262,112.37,None,0.0,ETH-27MAR20-600-P,145.57,0.0,0.03,50.0,0.0,0.0,0.0,0.04361,-0.02293,-1.74877,0.0006,-0.97704
145.8,ETH-27DEC19,1576061943993,open,0.0,13786.0,0.001,0.015,0.003945,89.04,0.003,0.0,ETH-27DEC19-200-C,145.57,84.57,0.003,10.0,0.005,200.0,93.37,0.03323,-0.0932,0.00316,0.00404,0.05379
145.6,SYN.ETH-13DEC19,1576061943993,open,0.0,693.0,0.001,0.011,0.000953,89.69,0.002,0.0,ETH-13DEC19-130-P,145.57,0.0,0.0,0.0,0.002,201.0,104.33,0.00832,-0.13874,-0.00028,0.00852,-0.03638
145.6,SYN.ETH-13DEC19,1576061943993,open,0.37,1.0,0.334,0.417,0.373656,119.99,0.341,0.0,ETH-13DEC19-200-P,145.57,0.0,0.001,125.0,0.415,1.0,493.07,5e-05,-0.00172,-0.01028,4e-05,-0.99987
149.44,SYN.ETH-26JUN20,1576061943993,open,0.19,1132.0,0.139,0.251,0.193889,79.94,0.191,0.0,ETH-26JUN20-140-P,145.57,76.29,0.184,210.0,0.195,310.0,80.35,0.40438,-0.08168,-0.4347,0.00418,-0.34267
149.44,SYN.ETH-26JUN20,1576061943993,open,0.48,249.0,0.41,0.564,0.485832,85.04,0.601,0.0,ETH-26JUN20-200-P,145.57,17.81,0.339,1.0,0.496,210.0,88.54,0.43391,-0.09324,-0.84772,0.00421,-0.56052
145.6,SYN.ETH-13DEC19,1576061943993,open,0.0,31.0,0.001,0.011,3e-06,120.0,0.001,0.0,ETH-13DEC19-200-C,145.57,0.0,0.0,0.0,0.001,1.0,206.82,5e-05,-0.0004,0.0,4e-05,0.00013
145.8,ETH-27DEC19,1576061943995,open,0.0,6174.0,0.001,0.011,0.0,120.0,0.001,0.0,ETH-27DEC19-720-C,145.57,0.0,0.0,0.0,0.003,300.0,309.72,0.0,0.0,0.0,0.0,0.0
145.8,ETH-27DEC19,1576061943995,open,0.0,11107.0,0.001,0.011,0.0,120.0,0.001,0.0,ETH-27DEC19-560-C,145.57,0.0,0.0,0.0,0.003,300.0,270.04,0.0,0.0,0.0,0.0,0.0
148.15,ETH-27MAR20,1576061943995,open,3.32,0.0,3.196,3.467,3.324448,117.09,None,0.0,ETH-27MAR20-640-P,145.57,0.0,0.01,50.0,0.0,0.0,0.0,0.04392,-0.02406,-1.86589,0.00058,-0.97685
149.44,SYN.ETH-26JUN20,1576061943995,open,0.03,5.0,0.016,0.06,0.034463,82.86,0.029,0.0,ETH-26JUN20-80-P,145.57,79.96,0.031,250.0,0.038,550.0,85.73,0.18144,-0.03799,-0.10235,0.00181,-0.09187
146.7,SYN.ETH-31JAN20,1576061943995,open,0.78,0.0,0.724,0.845,0.780741,90.93,None,0.0,ETH-31JAN20-260-P,145.57,0.0,0.01,50.0,0.0,0.0,0.0,0.06924,-0.06187,-0.35089,0.00254,-0.93525
145.6,SYN.ETH-13DEC19,1576061943995,open,0.18,0.0,0.151,0.202,0.176141,119.99,None,0.0,ETH-13DEC19-120-C,145.57,0.0,0.002,50.0,0.0,0.0,0.0,0.00302,-0.09655,0.00608,0.00231,0.98902
145.8,ETH-27DEC19,1576061943997,open,0.02,5228.0,0.007,0.049,0.024503,70.34,0.021,0.0,ETH-27DEC19-160-C,145.57,66.79,0.022,536.0,0.027,782.0,73.82,0.10369,-0.22973,0.01669,0.01594,0.28769
149.44,SYN.ETH-26JUN20,1576061943995,open,0.32,143.0,0.272,0.367,0.321021,79.94,0.323,0.0,ETH-26JUN20-120-C,145.57,74.81,0.309,210.0,0.342,210.0,88.84,0.3514,-0.07098,0.34563,0.00363,0.74764
145.8,ETH-27DEC19,1576061943997,open,0.78,946.0,0.732,0.842,0.784249,117.32,0.715,0.0,ETH-27DEC19-260-P,145.57,0.0,0.001,9.0,0.0,0.0,0.0,0.00983,-0.03633,-0.11236,0.00091,-0.98751
145.8,ETH-27DEC19,1576061943997,open,0.0,10814.0,0.001,0.011,3e-06,120.0,0.001,0.0,ETH-27DEC19-400-C,145.57,0.0,0.0,0.0,0.001,1.0,187.68,6e-05,-0.00022,0.0,1e-05,5e-05
149.44,SYN.ETH-26JUN20,1576061943997,open,0.5,0.0,0.469,0.53,0.499141,82.86,None,0.0,ETH-26JUN20-80-C,145.57,0.0,0.464,1.0,0.0,0.0,0.0,0.18144,-0.03799,0.33135,0.00181,0.90813
145.8,ETH-27DEC19,1576061943999,open,0.92,310.0,0.865,0.982,0.920925,119.84,0.49,0.0,ETH-27DEC19-280-P,145.57,0.0,0.003,9.0,0.0,0.0,0.0,0.00552,-0.02083,-0.12141,0.0005,-0.99354
148.15,ETH-27MAR20,1576061943999,open,0.01,1637.0,0.001,0.023,0.007488,106.14,0.013,0.0,ETH-27MAR20-480-C,145.57,100.01,0.005,520.0,0.01,520.0,111.12,0.06801,-0.03377,0.01377,0.001,0.03923
148.15,ETH-27MAR20,1576061943999,open,0.01,885.0,0.001,0.019,0.005491,111.57,0.009,0.0,ETH-27MAR20-560-C,145.57,106.92,0.004,220.0,0.007,521.0,115.49,0.05254,-0.02742,0.01006,0.00073,0.02868
148.15,ETH-27MAR20,1576061943999,open,1.71,4.0,1.625,1.81,1.711949,101.09,2.048,0.0,ETH-27MAR20-400-P,145.57,0.0,0.055,4.0,0.0,0.0,0.0,0.09736,-0.04605,-1.14976,0.0015,-0.9385
149.44,SYN.ETH-26JUN20,1576061943999,open,3.03,0.0,2.904,3.18,3.033919,103.11,None,0.0,ETH-26JUN20-600-P,145.57,0.0,0.01,50.0,0.0,0.0,0.0,0.15313,-0.0399,-3.20873,0.00123,-0.92665
145.6,SYN.ETH-13DEC19,1576061943999,open,0.0,91.0,0.001,0.011,1.1e-05,120.0,0.001,0.0,ETH-13DEC19-110-P,145.57,0.0,0.0,0.0,0.001,3.0,194.57,0.00018,-0.00162,0.0,0.00014,-0.00048
145.8,ETH-27DEC19,1576061944002,open,0.0,12762.0,0.001,0.011,0.0,120.0,0.001,0.0,ETH-27DEC19-680-C,145.57,0.0,0.0,0.0,0.004,300.0,311.54,0.0,0.0,0.0,0.0,0.0
149.44,SYN.ETH-26JUN20,1576061944002,open,1.98,0.0,1.873,2.098,1.978401,97.5,None,0.0,ETH-26JUN20-440-P,145.57,0.0,0.01,50.0,0.0,0.0,0.0,0.22783,-0.05613,-2.31088,0.00193,-0.87395
148.15,ETH-27MAR20,1576061944006,open,0.07,1195.0,0.042,0.113,0.074648,78.16,0.078,0.0,ETH-27MAR20-120-P,145.57,74.78,0.069,320.0,0.078,278.0,80.16,0.24862,-0.09091,-0.13603,0.00495,-0.23894
145.8,ETH-27DEC19,1576061944006,open,0.0,2113.0,0.001,0.011,0.000486,119.84,0.001,0.0,ETH-27DEC19-280-C,145.57,0.0,0.0,0.0,0.001,1.0,130.1,0.00552,-0.02083,0.00038,0.0005,0.00646
145.8,ETH-27DEC19,1576061944006,open,0.0,13247.0,0.001,0.011,0.0,120.0,0.001,0.0,ETH-27DEC19-520-C,145.57,0.0,0.0,0.0,0.004,300.0,267.76,0.0,0.0,0.0,0.0,0.0
145.8,ETH-27DEC19,1576061944006,open,0.01,6781.0,0.001,0.024,0.00854,78.62,0.009,0.0,ETH-27DEC19-120-P,145.57,74.31,0.007,200.0,0.01,500.0,82.43,0.05418,-0.13417,-0.00702,0.00745,-0.10211
148.15,ETH-27MAR20,1576061944006,open,0.31,1560.0,0.255,0.376,0.314074,79.18,0.36,0.0,ETH-27MAR20-180-P,145.57,73.39,0.302,300.0,0.331,300.0,87.19,0.31072,-0.1151,-0.39433,0.00611,-0.59493
146.7,SYN.ETH-31JAN20,1576061944008,open,0.33,0.0,0.304,0.358,0.330887,81.81,None,0.0,ETH-31JAN20-100-C,145.57,0.0,0.318,1.0,0.432,2.0,198.4,0.08116,-0.06526,0.12054,0.00331,0.92035
146.7,SYN.ETH-31JAN20,1576061944008,open,0.03,133.0,0.015,0.061,0.034737,74.82,0.031,0.0,ETH-31JAN20-120-P,145.57,73.12,0.033,488.0,0.037,418.0,77.0,0.15109,-0.1111,-0.04701,0.00673,-0.19518
149.44,SYN.ETH-26JUN20,1576061944008,open,0.03,92.0,0.007,0.058,0.025442,100.96,0.029,0.0,ETH-26JUN20-520-C,145.57,98.1,0.022,440.0,0.029,140.0,103.7,0.18716,-0.04775,0.05702,0.00153,0.09582
7234.01,BTC-27DEC19,1576061944228,open,0.0,148.5,0.0005,0.0135,0.00319399,76.15,0.0035,0.0,BTC-27DEC19-9500-C,7212.8,75.24,0.003,0.1,0.0035,20.5,77.52,1.57754,-3.78333,0.15001,9e-05,0.05087
7215.31,SYN.BTC-13DEC19,1576061944238,open,0.01,635.2,0.0005,0.023,0.00544933,57.43,0.0065,0.0,BTC-13DEC19-7000-P,7212.8,55.32,0.005,20.5,0.006,15.1,59.96,1.55005,-23.72946,-0.08533,0.00101,-0.22469
7215.31,SYN.BTC-13DEC19,1576061944246,open,0.02,407.2,0.003,0.0425,0.01706673,50.71,0.0165,0.0,BTC-13DEC19-7250-P,7212.8,46.95,0.016,13.2,0.017,0.2,50.47,2.05016,-27.71291,-0.20852,0.00151,-0.5453
7234.01,BTC-27DEC19,1576061944437,open,0.03,1019.3,0.0145,0.057,0.03232889,57.13,0.032,0.0,BTC-27DEC19-7000-P,7212.8,56.08,0.0315,3.0,0.033,16.4,57.98,5.68929,-10.23676,-1.2615,0.00044,-0.3686
7215.31,SYN.BTC-13DEC19,1576061944437,open,0.0,569.0,0.0005,0.0195,0.00358434,55.64,0.004,0.0,BTC-13DEC19-7500-C,7212.8,52.34,0.003,19.2,0.004,0.1,57.88,1.31376,-19.48594,0.06207,0.00088,0.17099
7234.01,BTC-27DEC19,1576061944481,open,0.12,147.4,0.092,0.1395,0.11476605,60.71,0.112,0.0,BTC-27DEC19-6500-C,7212.8,58.38,0.1135,0.1,0.1165,0.1,63.8,3.98414,-7.61749,2.21318,0.00029,0.81816
7234.01,BTC-27DEC19,1576061944555,open,0.01,1165.9,0.0005,0.0175,0.00488215,70.26,0.005,0.0,BTC-27DEC19-9000-C,7212.8,67.21,0.004,12.6,0.005,28.7,70.64,2.20394,-4.87671,0.2306,0.00014,0.07817
7234.01,BTC-27DEC19,1576061944555,open,4.53,0.0,4.4215,4.642,4.52943665,119.99,2.58,0.0,BTC-27DEC19-40000-P,7212.8,0.0,0.001,1.0,0.0,0.0,0.0,0.0,0.0,-17.39802,0.0,-1.0
7234.01,BTC-27DEC19,1576061944555,open,6.19,0.8,6.0475,6.3345,6.18826764,121.09,3.59,0.0,BTC-27DEC19-52000-P,7212.8,0.0,0.001,1.0,0.0,0.0,0.0,0.0,0.0,-22.61743,0.0,-1.0
145.7,SYN.ETH-20DEC19,1576061944692,open,0.25,1.0,0.222,0.271,0.246506,95.66,0.248,0.0,ETH-20DEC19-110-C,145.57,0.0,0.232,33.0,0.262,33.0,169.97,0.01331,-0.07172,0.02581,0.0027,0.97493
145.7,SYN.ETH-20DEC19,1576061944692,open,0.03,170.0,0.007,0.052,0.026117,61.99,0.026,0.0,ETH-20DEC19-150-C,145.57,58.47,0.024,120.0,0.028,80.0,65.11,0.08779,-0.3066,0.01326,0.02743,0.40028
145.7,SYN.ETH-20DEC19,1576061944694,open,0.24,0.0,0.2,0.278,0.237419,76.26,None,0.0,ETH-20DEC19-180-P,145.57,0.0,0.01,50.0,0.463,1.0,491.12,0.0207,-0.08894,-0.04232,0.00526,-0.95714
145.7,SYN.ETH-20DEC19,1576061944694,open,0.02,190.0,0.005,0.047,0.02173,62.56,0.026,0.0,ETH-20DEC19-140-P,145.57,59.46,0.02,160.0,0.023,2.0,64.82,0.08162,-0.28766,-0.01223,0.02528,-0.32357
7224.66,SYN.BTC-20DEC19,1576061945436,open,0.17,0.1,0.153,0.1925,0.17175918,73.09,0.1885,0.0,BTC-20DEC19-6000-C,7212.8,0.0,0.1695,0.1,0.178,9.0,101.38,1.084,-4.46359,1.37452,0.00012,0.95415
7224.66,SYN.BTC-20DEC19,1576061945440,open,0.05,35.6,0.0315,0.0795,0.04963773,51.77,0.0475,0.0,BTC-20DEC19-7000-C,7212.8,49.75,0.0485,13.9,0.0505,20.0,53.28,4.09463,-11.94074,1.08462,0.00062,0.66702
7224.66,SYN.BTC-20DEC19,1576061945440,open,0.02,89.1,0.007,0.044,0.01722815,51.8,0.0175,0.0,BTC-20DEC19-7500-C,7212.8,49.63,0.016,16.1,0.0185,0.1,54.02,4.11041,-11.99368,0.56048,0.00063,0.33626
7224.66,SYN.BTC-20DEC19,1576061945440,open,0.0,37.4,0.0005,0.012,0.00214212,62.82,0.002,0.0,BTC-20DEC19-8500-C,7212.8,58.67,0.0015,20.0,0.0025,0.4,64.84,1.22893,-4.34932,0.0905,0.00015,0.05365
145.7,SYN.ETH-20DEC19,1576061946017,open,0.0,540.0,0.001,0.011,0.001468,86.96,0.002,0.0,ETH-20DEC19-190-C,145.57,81.92,0.001,621.0,0.002,204.0,91.58,0.01519,-0.07441,0.00099,0.00338,0.02937
145.7,SYN.ETH-20DEC19,1576061946017,open,0.31,0.0,0.267,0.349,0.30553,86.96,None,0.0,ETH-20DEC19-190-P,145.57,0.0,0.01,50.0,0.521,1.0,500.0,0.01519,-0.07441,-0.04521,0.00338,-0.97063
7224.66,SYN.BTC-20DEC19,1576061946500,open,0.28,0.0,0.2555,0.311,0.28131151,76.88,None,0.0,BTC-20DEC19-9250-P,7212.8,0.0,0.0,0.0,0.0,0.0,0.0,0.60647,-2.62645,-2.2112,6e-05,-0.97733
7224.66,SYN.BTC-20DEC19,1576061946500,open,0.0,61.0,0.0005,0.0105,0.00097408,76.88,0.0005,0.0,BTC-20DEC19-9250-C,7212.8,69.97,0.0005,41.5,0.0015,40.1,82.31,0.60647,-2.62646,0.03812,6e-05,0.02267
7234.0,BTC-27DEC19,1576061946898,open,0.01,912.7,0.0035,0.031,0.01329934,60.71,0.0125,0.0,BTC-27DEC19-6500-P,7212.8,58.31,0.012,36.4,0.014,17.4,61.97,3.98413,-7.61737,-0.614,0.00029,-0.18184
7234.0,BTC-27DEC19,1576061946898,open,0.0,967.4,0.0005,0.0105,0.00089757,103.64,0.001,0.0,BTC-27DEC19-12000-C,7212.8,96.63,0.0005,17.6,0.001,0.5,105.08,0.49692,-1.62198,0.03732,2e-05,0.01276
7234.0,BTC-27DEC19,1576061946898,open,0.66,73.0,0.6265,0.6975,0.65972856,103.61,0.64,0.0,BTC-27DEC19-12000-P,7212.8,0.0,0.653,2.0,0.6665,2.0,145.53,0.49604,-1.6186,-5.18216,2e-05,-0.98727
7281.32,SYN.BTC-31JAN20,1576061946898,open,0.06,64.5,0.035,0.091,0.05499328,61.87,0.055,0.0,BTC-31JAN20-8000-C,7212.8,60.47,0.053,23.0,0.0565,2.0,62.92,10.39232,-6.3191,3.35068,0.00023,0.38514
7480.01,SYN.BTC-26JUN20,1576061946898,open,0.18,166.5,0.134,0.2275,0.17643016,69.66,0.175,0.0,BTC-26JUN20-8000-C,7212.8,68.83,0.174,11.5,0.1805,6.0,71.06,21.79949,-3.83716,15.14475,0.0001,0.5499
7215.31,SYN.BTC-13DEC19,1576061946898,open,0.08,99.5,0.0535,0.0995,0.07507283,60.97,0.073,0.0,BTC-13DEC19-7750-P,7212.8,0.0,0.0735,0.8,0.077,1.8,79.01,0.56115,-9.12018,-0.37886,0.00034,-0.94671
7215.31,SYN.BTC-13DEC19,1576061946898,open,0.0,193.0,0.0005,0.0105,0.00022497,111.19,0.0005,0.0,BTC-13DEC19-8750-C,7212.8,0.0,0.0,0.0,0.0005,7.1,123.28,0.1216,-1.62324,0.00313,4e-05,0.00866
7281.32,SYN.BTC-31JAN20,1576061946898,open,0.01,250.0,0.0005,0.024,0.00961102,75.06,0.01,0.0,BTC-31JAN20-5000-P,7212.8,72.76,0.0085,44.0,0.0105,36.0,76.81,3.61971,-2.67016,-0.80034,7e-05,-0.06925
7357.0,BTC-27MAR20,1576061946903,open,3.08,0.0,2.9985,3.1755,3.08147068,110.69,None,0.0,BTC-27MAR20-30000-P,7212.8,0.0,0.0015,10.0,0.0,0.0,0.0,1.95414,-1.01197,-87.48534,1e-05,-0.97967
7281.32,SYN.BTC-31JAN20,1576061946903,open,0.52,0.0,0.485,0.562,0.51997316,72.67,None,0.0,BTC-31JAN20-11000-P,7212.8,0.0,0.4885,4.0,0.55,4.0,108.28,4.15559,-2.96782,-14.58387,8e-05,-0.91699
145.8,ETH-27DEC19,1576061946907,open,3.93,0.0,3.795,4.091,3.938272,120.0,None,0.0,ETH-27DEC19-720-P,145.57,0.0,0.004,50.0,0.0,0.0,0.0,0.0,0.0,-0.31316,0.0,-1.0
7281.32,SYN.BTC-31JAN20,1576061946907,open,0.26,10.1,0.23,0.305,0.26398126,64.66,0.2485,0.0,BTC-31JAN20-9000-P,7212.8,53.57,0.2525,5.0,0.2835,5.0,80.84,8.1422,-5.17402,-10.55002,0.00017,-0.77552
7234.0,BTC-27DEC19,1576061946912,open,0.0,961.6,0.0005,0.0105,0.0,120.0,0.001,0.0,BTC-27DEC19-30000-C,7212.8,0.0,0.0,0.0,0.0005,0.9,234.05,0.0,0.0,0.0,0.0,0.0
7234.0,BTC-27DEC19,1576061946914,open,3.15,0.2,3.066,3.2315,3.14707749,0.0,2.51,0.0,BTC-27DEC19-30000-P,7212.8,0.0,0.0,0.0,0.0,0.0,0.0,0.0,0.0,-13.04852,0.0,-1.0
7357.0,BTC-27MAR20,1576061946914,open,0.0,69.3,0.0005,0.018,0.00421632,108.1,0.006,0.0,BTC-27MAR20-28000-C,7212.8,105.53,0.0035,23.0,0.005,15.1,110.59,2.18168,-1.10329,0.40801,1e-05,0.02316
7215.31,SYN.BTC-13DEC19,1576061946914,open,0.28,0.0,0.257,0.3095,0.2820519,120.0,None,0.0,BTC-13DEC19-9250-P,7212.8,0.0,0.0,0.0,0.0,0.0,0.0,0.03608,-1.15396,-0.47454,1e-05,-0.99778
7480.01,SYN.BTC-26JUN20,1576061946914,open,0.14,98.2,0.0945,0.1865,0.13534432,69.66,0.1375,0.0,BTC-26JUN20-9000-C,7212.8,70.06,0.1365,13.0,0.143,8.0,72.28,21.85261,-3.84652,13.10418,0.0001,0.4585
7480.01,SYN.BTC-26JUN20,1576061946914,open,1.7,0.1,1.6325,1.7845,1.70043979,86.55,1.765,0.0,BTC-26JUN20-20000-P,7212.8,0.0,0.1,1.0,2.05,0.1,221.75,10.38007,-2.27017,-105.03051,4e-05,-0.88964
7281.32,SYN.BTC-31JAN20,1576061946914,open,0.02,329.3,0.005,0.035,0.01509968,68.16,0.015,0.0,BTC-31JAN20-10000-C,7212.8,66.75,0.014,35.0,0.016,16.0,69.27,5.79437,-3.88119,1.18065,0.00012,0.13143
7215.31,SYN.BTC-13DEC19,1576061946914,open,0.0,184.9,0.0005,0.0105,0.0002334,109.93,0.0005,0.0,BTC-13DEC19-6000-P,7212.8,0.0,0.0,0.0,0.0005,1.1,121.9,0.12153,-1.68402,-0.0033,4e-05,-0.00866
7215.31,SYN.BTC-13DEC19,1576061946914,open,0.04,91.5,0.0145,0.0585,0.03528952,57.43,0.0365,0.0,BTC-13DEC19-7000-C,7212.8,48.69,0.0335,5.2,0.0365,5.2,62.93,1.55005,-23.72957,0.27439,0.00101,0.77531
7281.32,SYN.BTC-31JAN20,1576061946914,open,0.32,0.0,0.304,0.3455,0.32292212,75.06,None,0.0,BTC-31JAN20-5000-C,7212.8,39.04,0.3135,9.0,0.34,9.0,102.07,3.61971,-2.67016,6.16894,7e-05,0.93075
7357.0,BTC-27MAR20,1576061946918,open,0.17,54.2,0.13,0.2055,0.16461253,66.36,0.1625,0.0,BTC-27MAR20-7000-C,7212.8,64.84,0.1615,8.0,0.1665,2.0,67.28,15.09857,-4.68745,9.91301,0.00014,0.62478
7234.0,BTC-27DEC19,1576061946918,open,5.64,0.0,5.5055,5.7705,5.63532398,0.0,None,0.0,BTC-27DEC19-48000-P,7212.8,0.0,0.0005,1.0,0.0,0.0,0.0,0.0,0.0,-20.87763,0.0,-1.0
7357.0,BTC-27MAR20,1576061946918,open,2.81,0.0,2.7325,2.8995,2.8101103,108.08,None,0.0,BTC-27MAR20-28000-P,7212.8,0.0,0.0015,10.0,0.0,0.0,0.0,2.17987,-1.1022,-81.5792,1e-05,-0.97687
7357.0,BTC-27MAR20,1576061946918,open,2.54,0.0,2.466,2.623,2.53875853,104.89,None,0.0,BTC-27MAR20-26000-P,7212.8,0.0,0.0015,10.0,0.0,0.0,0.0,2.41675,-1.18591,-75.66855,1e-05,-0.97384
7357.0,BTC-27MAR20,1576061946918,open,0.01,501.9,0.0005,0.026,0.00796479,94.72,0.009,0.0,BTC-27MAR20-20000-C,7212.8,93.8,0.0075,0.8,0.0085,2.6,95.75,3.77703,-1.67378,0.79895,3e-05,0.04505
7281.32,SYN.BTC-31JAN20,1576061946918,open,0.2,0.0,0.177,0.231,0.20232544,64.87,None,0.0,BTC-31JAN20-6000-C,7212.8,29.29,0.1775,9.0,0.21,9.0,72.49,7.10115,-4.52728,6.28187,0.00015,0.82128
7480.01,SYN.BTC-26JUN20,1576061946918,open,0.02,31.6,0.0075,0.0545,0.02223746,88.8,0.025,0.0,BTC-26JUN20-22000-C,7212.8,87.35,0.0205,37.0,0.024,5.0,90.21,9.15622,-2.05446,2.86538,3e-05,0.0929
7234.0,BTC-27DEC19,1576061946920,open,0.0,530.9,0.0005,0.0105,0.0,120.0,0.0005,0.0,BTC-27DEC19-32000-C,7212.8,0.0,0.0,0.0,0.0005,0.4,243.04,0.0,0.0,0.0,0.0,0.0
7357.0,BTC-27MAR20,1576061946920,open,0.0,115.7,0.0005,0.019,0.00471413,104.9,0.0075,0.0,BTC-27MAR20-26000-C,7212.8,102.61,0.004,23.0,0.0055,7.1,107.17,2.41838,-1.18688,0.46244,1e-05,0.02618
7357.0,BTC-27MAR20,1576061946922,open,0.92,58.9,0.874,0.9825,0.9224655,81.79,1.1385,0.0,BTC-27MAR20-14000-P,7212.8,0.0,0.4,0.5,1.135,0.5,198.62,7.43047,-2.84305,-39.06852,6e-05,-0.89113
7480.01,SYN.BTC-26JUN20,1576061946922,open,1.18,5.0,1.118,1.2575,1.18010016,81.24,1.22,0.0,BTC-26JUN20-16000-P,7212.8,0.0,0.56,1.0,2.0,0.1,451.07,13.69968,-2.81242,-81.69293,6e-05,-0.83447
7480.01,SYN.BTC-26JUN20,1576061946922,open,3.02,0.0,2.937,3.132,3.02548401,98.64,None,0.0,BTC-26JUN20-30000-P,7212.8,0.0,0.002,1.0,0.0,0.0,0.0,6.61773,-1.64953,-160.77734,2e-05,-0.93933
7281.32,SYN.BTC-31JAN20,1576061946922,open,0.59,0.0,0.5515,0.6295,0.58694905,75.09,None,0.0,BTC-31JAN20-11500-P,7212.8,0.0,0.5555,3.0,0.616,3.0,112.57,3.57289,-2.63656,-15.41508,6e-05,-0.93191
7234.0,BTC-27DEC19,1576061946922,open,3.98,1.3,3.879,4.078,3.97649298,0.0,3.212,0.0,BTC-27DEC19-36000-P,7212.8,0.0,0.0005,1.0,0.0,0.0,0.0,0.0,0.0,-15.65822,0.0,-1.0
7357.0,BTC-27MAR20,1576061946934,open,0.01,154.9,0.0005,0.0215,0.00571699,102.41,0.0055,0.0,BTC-27MAR20-24000-C,7212.8,100.46,0.005,1.0,0.0065,7.1,104.36,2.83368,-1.3576,0.55928,2e-05,0.03168
7215.31,SYN.BTC-13DEC19,1576061946934,open,0.0,149.6,0.0005,0.0105,5.497e-05,120.0,0.0005,0.0,BTC-13DEC19-9250-C,7212.8,0.0,0.0,0.0,0.0005,29.0,152.88,0.03608,-0.39665,0.0008,1e-05,0.00222
7480.01,SYN.BTC-26JUN20,1576061946934,open,0.01,84.7,0.004,0.043,0.01479418,98.64,0.013,0.0,BTC-26JUN20-30000-C,7212.8,97.73,0.014,1.0,0.0155,33.0,99.43,6.61773,-1.64953,1.86022,2e-05,0.06067
7480.01,SYN.BTC-26JUN20,1576061946934,open,0.02,63.5,0.005,0.0475,0.01764774,94.05,0.018,0.0,BTC-26JUN20-26000-C,7212.8,91.87,0.0155,22.0,0.0195,32.0,95.81,7.64747,-1.81745,2.25001,3e-05,0.07313
7281.32,SYN.BTC-31JAN20,1576061946934,open,0.01,99.5,0.0005,0.0255,0.0092576,72.67,0.011,0.0,BTC-31JAN20-11000-C,7212.8,71.31,0.0085,36.0,0.01,16.0,73.94,4.15559,-2.96782,0.74853,8e-05,0.08301
7357.0,BTC-27MAR20,1576061946950,open,0.24,21.6,0.2125,0.2805,0.24397949,67.83,0.2495,0.0,BTC-27MAR20-6000-C,7212.8,65.39,0.24,8.0,0.247,7.0,69.66,12.0865,-3.83521,11.33285,0.00011,0.77006
7234.0,BTC-27DEC19,1576061946952,open,0.07,752.6,0.0445,0.0985,0.0691,57.3,0.0675,0.0,BTC-27DEC19-7500-P,7212.8,55.93,0.068,0.1,0.07,0.1,58.41,5.84445,-10.54647,-2.09202,0.00045,-0.59578
7281.32,SYN.BTC-31JAN20,1576061946952,open,0.33,4.8,0.2905,0.3655,0.32488878,66.18,0.3445,0.0,BTC-31JAN20-9500-P,7212.8,0.0,0.291,5.0,0.3575,5.0,95.1,6.88667,-4.47895,-11.71811,0.00014,-0.82971
7281.32,SYN.BTC-31JAN20,1576061946952,open,0.05,82.2,0.0265,0.0765,0.04469253,62.75,0.0445,0.0,BTC-31JAN20-6500-P,7212.8,61.38,0.043,24.0,0.045,1.0,63.0,9.04947,-5.58075,-3.23141,0.0002,-0.2737
7234.0,BTC-27DEC19,1576061946955,open,0.8,98.8,0.762,0.8385,0.79780379,114.52,0.7,0.0,BTC-27DEC19-13000-P,7212.8,0.0,0.791,2.0,0.805,2.0,163.65,0.39423,-1.42189,-5.62591,2e-05,-0.99022
7234.0,BTC-27DEC19,1576061946957,open,0.0,394.4,0.0005,0.0105,7.6e-05,120.0,0.0005,0.0,BTC-27DEC19-16000-C,7212.8,0.0,0.0,0.0,0.0005,25.4,142.2,0.05806,-0.21944,0.0034,0.0,0.00116
7234.0,BTC-27DEC19,1576061946957,open,0.0,1036.0,0.0005,0.0105,0.0001848,120.0,0.0005,0.0,BTC-27DEC19-15000-C,7212.8,0.0,0.0,0.0,0.001,21.2,142.85,0.12322,-0.46568,0.00774,0.0,0.00265
145.8,ETH-27DEC19,1576061946962,open,0.02,216.0,0.005,0.041,0.018599,72.8,0.018,0.0,ETH-27DEC19-130-P,145.57,71.78,0.018,78.0,0.019,10.0,73.48,0.08586,-0.19688,-0.01405,0.01276,-0.20289
149.44,SYN.ETH-26JUN20,1576061946962,open,0.02,111.0,0.006,0.052,0.021983,102.16,0.029,0.0,ETH-26JUN20-560-C,145.57,99.42,0.019,140.0,0.025,140.0,104.73,0.16937,-0.04372,0.05007,0.00137,0.08378
145.8,ETH-27DEC19,1576061946966,open,0.07,2426.0,0.041,0.111,0.073612,68.87,0.07,0.0,ETH-27DEC19-150-P,145.57,66.92,0.072,69.0,0.077,120.0,72.97,0.12035,-0.26106,-0.03955,0.0189,-0.55009
146.7,SYN.ETH-31JAN20,1576061946966,open,0.39,0.0,0.337,0.443,0.387881,77.72,None,0.0,ETH-31JAN20-200-P,145.57,0.0,0.363,1.0,0.946,1.0,490.42,0.14273,-0.10902,-0.2474,0.00612,-0.82197
149.44,SYN.ETH-26JUN20,1576061946968,open,0.12,718.0,0.074,0.179,0.124433,86.17,0.124,0.0,ETH-26JUN20-220-C,145.57,84.59,0.12,1.0,0.129,180.0,87.79,0.42062,-0.09159,0.21114,0.00403,0.38505
146.7,SYN.ETH-31JAN20,1576061946978,open,0.07,9.0,0.04,0.106,0.071746,71.71,0.069,0.0,ETH-31JAN20-160-C,145.57,69.83,0.069,96.0,0.074,340.0,73.24,0.21459,-0.15122,0.07215,0.00998,0.42457
149.44,SYN.ETH-26JUN20,1576061946978,open,0.71,0.0,0.629,0.798,0.711077,86.94,None,0.0,ETH-26JUN20-240-P,145.57,0.0,0.605,1.0,1.524,1.0,500.0,0.40191,-0.08829,-1.11303,0.00382,-0.66275
145.8,ETH-27DEC19,1576061946980,open,0.13,3.0,0.094,0.158,0.126966,72.8,0.14,0.0,ETH-27DEC19-130-C,145.57,67.66,0.124,40.0,0.13,40.0,77.86,0.08586,-0.19688,0.0425,0.01276,0.79711
146.7,SYN.ETH-31JAN20,1576061946982,open,0.01,252.0,0.002,0.029,0.011401,86.59,0.011,0.0,ETH-31JAN20-240-C,145.57,84.14,0.01,320.0,0.013,480.0,89.21,0.08656,-0.07366,0.01541,0.00333,0.08677
145.8,ETH-27DEC19,1576061946984,open,0.32,0.0,0.294,0.341,0.317126,104.14,None,0.0,ETH-27DEC19-100-C,145.57,0.0,0.314,1.0,0.0,0.0,0.0,0.02213,-0.07258,0.04124,0.0023,0.96746
145.8,ETH-27DEC19,1576061946986,open,0.37,3551.0,0.333,0.423,0.375687,89.04,0.332,0.0,ETH-27DEC19-200-P,145.57,0.0,0.371,20.0,0.669,1.0,489.97,0.03323,-0.0932,-0.08383,0.00404,-0.94621
148.15,ETH-27MAR20,1576061946986,open,0.06,854.0,0.026,0.096,0.057385,83.73,0.059,0.0,ETH-27MAR20-220-C,145.57,81.2,0.053,589.0,0.062,589.0,86.34,0.25957,-0.10168,0.0875,0.00482,0.2591
149.44,SYN.ETH-26JUN20,1576061946986,open,0.12,521.0,0.08,0.172,0.124004,79.94,0.126,0.0,ETH-26JUN20-120-P,145.57,76.95,0.117,480.0,0.126,247.0,80.78,0.3514,-0.07098,-0.30492,0.00363,-0.25236
149.44,SYN.ETH-26JUN20,1576061946990,open,1.46,0.0,1.363,1.565,1.458392,93.72,None,0.0,ETH-26JUN20-360-P,145.57,0.0,0.015,2.0,1.472,1.0,100.5,0.28509,-0.06751,-1.84879,0.00251,-0.82359
145.6,SYN.ETH-13DEC19,1576061946990,open,0.31,1.0,0.267,0.346,0.304997,120.0,0.286,0.0,ETH-13DEC19-190-P,145.57,0.0,0.01,50.0,0.357,1.0,492.33,0.0004,-0.01267,-0.00976,0.0003,-0.99886
148.15,ETH-27MAR20,1576061946992,open,0.14,860.0,0.092,0.182,0.137025,78.17,0.15,0.0,ETH-27MAR20-160-C,145.57,75.37,0.131,265.0,0.141,565.0,80.01,0.31968,-0.1169,0.16257,0.00636,0.51179
145.6,SYN.ETH-13DEC19,1576061946994,open,0.04,27.0,0.013,0.071,0.042626,60.19,0.043,0.0,ETH-13DEC19-140-C,145.57,56.73,0.042,1.0,0.046,40.0,76.81,0.02702,-0.43352,0.00585,0.0412,0.82383
149.44,SYN.ETH-26JUN20,1576061946994,open,0.4,1.0,0.36,0.439,0.399994,79.94,0.38,0.0,ETH-26JUN20-100-C,145.57,29.33,0.333,1.0,0.947,1.0,500.0,0.27241,-0.05502,0.35298,0.00281,0.83568
7480.0,SYN.BTC-26JUN20,1576061946994,open,0.34,107.5,0.2865,0.401,0.33855127,69.66,0.344,0.0,BTC-26JUN20-9000-P,7212.8,63.8,0.3215,6.0,0.344,2.0,71.52,21.85257,-3.84648,-35.68714,0.0001,-0.54151
146.7,SYN.ETH-31JAN20,1576061946994,open,0.02,440.0,0.004,0.036,0.015895,81.73,0.02,0.0,ETH-31JAN20-220-C,145.57,79.12,0.014,480.0,0.018,480.0,84.47,0.10951,-0.08796,0.02127,0.00447,0.11991
145.8,ETH-27DEC19,1576061946998,open,4.21,1.0,4.061,4.373,4.21262,120.0,3.236,0.0,ETH-27DEC19-760-P,145.57,0.0,0.02,50.0,0.0,0.0,0.0,0.0,0.0,-0.33056,0.0,-1.0
149.44,SYN.ETH-26JUN20,1576061946998,open,0.61,1.0,0.591,0.629,0.609569,82.86,0.69,0.0,ETH-26JUN20-60-C,145.57,0.0,0.598,1.0,0.0,0.0,0.0,0.08674,-0.01816,0.28726,0.00086,0.96414
7234.0,BTC-27DEC19,1576061947002,open,0.18,135.2,0.1565,0.199,0.17660255,69.18,0.175,0.0,BTC-27DEC19-6000-C,7212.8,0.0,0.1705,11.1,0.183,11.0,85.8,2.35985,-5.14187,2.32146,0.00015,0.91441
7234.0,BTC-27DEC19,1576061947002,open,0.0,64.4,0.0005,0.0115,0.00170978,87.88,0.0015,0.0,BTC-27DEC19-10500-C,7212.8,81.27,0.001,49.5,0.002,20.5,90.06,0.91438,-2.53068,0.07677,5e-05,0.02611
146.7,SYN.ETH-31JAN20,1576061947002,open,0.22,0.0,0.182,0.251,0.216763,74.82,None,0.0,ETH-31JAN20-120-C,145.57,0.0,0.182,1.0,0.319,1.0,162.45,0.15109,-0.1111,0.12025,0.00673,0.80482
7234.0,BTC-27DEC19,1576061947004,open,0.0,1479.2,0.0005,0.012,0.00224911,97.07,0.002,0.0,BTC-27DEC19-5000-P,7212.8,95.09,0.002,1.8,0.0025,48.7,98.93,0.9423,-2.88064,-0.09224,4e-05,-0.02707
7234.0,BTC-27DEC19,1576061947004,open,0.0,839.6,0.0005,0.0105,1.289e-05,120.0,0.0005,0.0,BTC-27DEC19-18000-C,7212.8,0.0,0.0,0.0,0.0005,18.7,160.11,0.01239,-0.04683,0.00065,0.0,0.00022
7281.31,SYN.BTC-31JAN20,1576061947004,open,0.08,85.8,0.056,0.117,0.07811024,61.22,0.0795,0.0,BTC-31JAN20-7500-C,7212.8,60.14,0.0765,24.0,0.0785,0.5,61.49,10.84372,-6.52477,4.22036,0.00024,0.49395
149.44,SYN.ETH-26JUN20,1576061947006,open,0.28,661.0,0.213,0.342,0.276518,79.94,0.282,0.0,ETH-26JUN20-160-P,145.57,19.82,0.102,1.0,0.286,210.0,83.22,0.43205,-0.08727,-0.57178,0.00446,-0.42924
149.44,SYN.ETH-26JUN20,1576061947006,open,0.07,721.0,0.038,0.105,0.069147,79.94,0.07,0.0,ETH-26JUN20-100-P,145.57,77.65,0.065,250.0,0.073,250.0,82.04,0.27241,-0.05502,-0.18915,0.00281,-0.16432
148.15,ETH-27MAR20,1576061947008,open,0.03,2284.0,0.01,0.06,0.029412,90.0,0.032,0.0,ETH-27MAR20-280-C,145.57,87.99,0.027,260.0,0.032,320.0,92.07,0.18165,-0.07648,0.0496,0.00314,0.14375
7234.0,BTC-27DEC19,1576061947023,open,2.59,0.0,2.524,2.667,2.59413383,0.0,None,0.0,BTC-27DEC19-26000-P,7212.8,0.0,0.0,0.0,0.0,0.0,0.0,0.0,0.0,-11.30871,0.0,-1.0
7357.0,BTC-27MAR20,1576061947023,open,2.0,5.6,1.9335,2.0715,1.99682163,98.31,1.545,0.0,BTC-27MAR20-22000-P,7212.8,0.0,0.0015,10.0,0.0,0.0,0.0,3.18181,-1.46337,-63.77196,2e-05,-0.96353
7357.0,BTC-27MAR20,1576061947027,open,0.01,423.6,0.0005,0.031,0.01044382,91.24,0.0105,0.0,BTC-27MAR20-18000-C,7212.8,89.71,0.0095,0.1,0.0115,19.0,92.86,4.66463,-1.9911,1.0406,3e-05,0.05875
7215.3,SYN.BTC-13DEC19,1576061947027,open,0.0,715.4,0.0005,0.0105,0.00069072,76.95,0.001,0.0,BTC-13DEC19-8000-C,7212.8,72.93,0.0005,5.3,0.001,30.9,82.23,0.37686,-4.98378,0.01183,0.00018,0.03259
7480.0,SYN.BTC-26JUN20,1576061947027,open,0.92,11.5,0.8655,0.9995,0.92525283,78.1,0.99,0.0,BTC-26JUN20-14000-P,7212.8,0.0,0.5,1.0,2.0,1.0,500.0,15.92289,-3.14241,-69.5091,7e-05,-0.78886
7281.31,SYN.BTC-31JAN20,1576061947027,open,0.03,176.5,0.012,0.0495,0.02635208,64.87,0.0265,0.0,BTC-31JAN20-6000-P,7212.8,63.99,0.0255,21.8,0.027,0.5,65.53,7.10115,-4.52726,-2.08126,0.00015,-0.17872
7215.3,SYN.BTC-13DEC19,1576061947027,open,0.0,542.4,0.0005,0.0105,0.00096723,60.97,0.0005,0.0,BTC-13DEC19-7750-C,7212.8,53.84,0.0005,34.6,0.001,2.0,61.39,0.56113,-6.97886,0.0194,0.00034,0.05328
7480.0,SYN.BTC-26JUN20,1576061947027,open,0.1,276.3,0.0665,0.143,0.09959593,69.66,0.0965,0.0,BTC-26JUN20-6000-P,7212.8,68.32,0.0965,8.0,0.1025,14.3,70.91,17.36128,-3.05594,-14.0248,8e-05,-0.24626
7234.0,BTC-27DEC19,1576061947029,open,0.02,1419.8,0.0045,0.0355,0.0158065,60.2,0.017,0.0,BTC-27DEC19-8000-C,7212.8,58.92,0.015,12.4,0.016,16.1,60.51,4.58098,-8.68556,0.67391,0.00033,0.22999
7281.31,SYN.BTC-31JAN20,1576061947029,open,0.01,33.5,0.0005,0.0225,0.00756458,75.09,0.012,0.0,BTC-31JAN20-11500-C,7212.8,73.91,0.007,29.0,0.008,16.0,75.96,3.57287,-2.63656,0.61425,6e-05,0.06809
7357.0,BTC-27MAR20,1576061947228,open,0.0,144.6,0.0005,0.013,0.002497,116.33,0.0035,0.0,BTC-27MAR20-36000-C,7212.8,113.48,0.002,3.0,0.003,15.0,118.82,1.38832,-0.75556,0.23984,1e-05,0.01363
7234.0,BTC-27DEC19,1576061947228,open,0.0,793.0,0.0005,0.0105,0.00074835,102.05,0.001,0.0,BTC-27DEC19-4500-P,7212.8,96.83,0.0005,17.7,0.001,6.7,106.25,0.39229,-1.2608,-0.03294,2e-05,-0.00972
7281.31,SYN.BTC-31JAN20,1576061947228,open,0.01,97.7,0.002,0.03,0.01174391,70.48,0.0135,0.0,BTC-31JAN20-10500-C,7212.8,69.36,0.011,28.0,0.0125,16.0,71.59,4.90613,-3.3985,0.93549,9e-05,0.10392
7480.0,SYN.BTC-26JUN20,1576061947228,open,0.23,67.5,0.188,0.2785,0.2295895,69.66,0.2545,0.0,BTC-26JUN20-7000-C,7212.8,68.16,0.2255,6.0,0.2345,7.0,71.46,20.39612,-3.59015,17.05466,0.0001,0.65016
7281.31,SYN.BTC-31JAN20,1576061947230,open,0.02,136.4,0.0075,0.0425,0.02017982,66.18,0.0225,0.0,BTC-31JAN20-9500-C,7212.8,64.92,0.019,34.0,0.021,12.8,67.04,6.88664,-4.47895,1.5235,0.00014,0.17029
7234.0,BTC-27DEC19,1576061947234,open,0.31,66.8,0.2955,0.3295,0.31106952,97.07,0.4645,0.0,BTC-27DEC19-5000-C,7212.8,0.0,0.3085,0.1,0.3165,10.0,125.27,0.94253,-2.88158,2.08249,4e-05,0.97293
7480.0,SYN.BTC-26JUN20,1576061947234,open,0.01,119.1,0.0005,0.022,0.00935424,79.88,0.009,0.0,BTC-26JUN20-3000-P,7212.8,77.24,0.008,8.1,0.0105,33.0,81.97,3.98758,-0.80486,-1.69073,2e-05,-0.03234
7281.31,SYN.BTC-31JAN20,1576061947234,open,0.45,0.0,0.419,0.4955,0.45379058,70.48,None,0.0,BTC-31JAN20-10500-P,7212.8,0.0,0.4215,4.0,0.484,4.0,103.28,4.90574,-3.39809,-13.70008,9e-05,-0.89609
7234.0,BTC-27DEC19,1576061947236,open,0.18,3.0,0.156,0.215,0.18325353,64.64,0.1725,0.0,BTC-27DEC19-8500-P,7212.8,46.02,0.177,2.0,0.1895,7.0,77.25,3.18231,-6.4783,-3.3157,0.00022,-0.87054
7234.0,BTC-27DEC19,1576061947236,open,0.0,1166.0,0.0005,0.011,0.00135522,93.54,0.0015,0.0,BTC-27DEC19-11000-C,7212.8,89.69,0.001,93.4,0.0015,0.6,94.92,0.73497,-2.16527,0.05912,3e-05,0.02015
