underlying_price,underlying_index,timestamp,state,settlement_price,open_interest,min_price,max_price,mark_price,mark_iv,last_price,interest_rate,instrument_name,index_price,bid_iv,best_bid_price,best_bid_amount,best_ask_price,best_ask_amount,ask_iv,vega,theta,rho,gamma,delta
4785.67,index_price,1554202740028,open,0.23,6.0,0.24253164,0.24769659,0.2429622,74.55,0.11,0,BTC-12APR19-3625-C,4785.67,0.0,0.2375,32.2,0.247,32.2,111.27,0.20975,-0.79168,0.9673,5e-05,0.99
4787.2,BTC-28JUN19,1554202740114,open,0.23,0.0,0.18642478,0.23185627,0.20782052,57.1,None,0.0,BTC-28JUN19-5500-P,4785.67,53.89,0.202,10.8,0.2185,10.8,62.89,8.73588,-2.87072,-9.66266,0.00028,-0.64021
4785.67,index_price,1554202740123,open,0.01,34.1,0.0005723,0.02160447,0.00368016,64.82,0.0035,0,BTC-12APR19-4125-P,4785.67,56.44,0.002,30.0,0.0045,7.0,68.21,1.103,-3.61995,-0.10059,0.00027,-0.074
4787.13,BTC-28JUN19,1554202740155,open,0.0,1357.9,3e-08,4.154e-05,0.00030717,90.0,0.0005,0.0,BTC-28JUN19-1500-P,4785.67,0.0,0.0,0.0,0.001,7.4,103.32,0.15485,-0.08021,-0.02744,0.0,-0.0021
4784.96,BTC-27SEP19,1554202740155,open,0.0,2099.5,6.031e-05,0.00133291,0.00202,79.6,0.0015,0.0,BTC-27SEP19-1500-P,4785.67,72.18,0.001,10.0,0.003,35.4,84.67,0.81241,-0.18178,-0.25712,1e-05,-0.00901
4784.96,BTC-27SEP19,1554202740155,open,0.01,681.6,0.00142198,0.01287103,0.00874995,69.97,0.008,0.0,BTC-27SEP19-12000-C,4785.67,66.6,0.0065,18.0,0.011,1.0,72.86,3.48408,-0.68529,0.97848,4e-05,0.05071
4785.67,index_price,1554202740155,open,0.04,67.4,0.0208829,0.0433898,0.03285765,58.54,0.033,0,BTC-26APR19-4500-P,4785.67,55.93,0.0305,28.7,0.035,0.4,60.89,4.33913,-5.31923,-1.08424,0.00049,-0.3135
4787.13,BTC-28JUN19,1554202740174,open,0.0,306.4,4.7e-07,0.00029823,0.00140118,87.69,0.001,0.0,BTC-28JUN19-14000-C,4785.67,0.0,0.0,0.0,0.0025,40.0,94.01,0.66986,-0.33806,0.10799,1e-05,0.01088
4787.13,BTC-28JUN19,1554202740195,open,0.02,689.3,0.00977731,0.03370273,0.01730584,59.14,0.0155,0.0,BTC-28JUN19-3500-P,4785.67,56.55,0.015,39.7,0.0215,25.4,63.55,4.37469,-1.48904,-1.44384,0.00014,-0.10941
4785.67,index_price,1554202740195,open,0.0,7.2,0.0,0.00116588,0.00017139,90.05,0.001,0,BTC-12APR19-3250-P,4785.67,0.0,0.0,0.0,0.0005,7.4,102.12,0.08508,-0.38793,-0.0049,2e-05,-0.00361
4784.96,BTC-27SEP19,1554202740197,open,0.08,89.0,0.07020555,0.1182596,0.07773065,57.35,0.091,0.0,BTC-27SEP19-4000-P,4785.67,56.58,0.076,7.0,0.084,14.4,60.12,10.80419,-1.74171,-7.8422,0.00017,-0.25858
4785.67,index_price,1554202740204,open,0.07,1221.3,0.08597591,0.09599017,0.08822785,73.51,0.068,0,BTC-5APR19-4375-C,4785.67,0.0,0.0855,0.4,0.0885,0.4,75.53,0.62922,-8.04219,0.31376,0.00047,0.92038
4785.67,index_price,1554202740205,open,0.07,1221.3,0.08597591,0.09599017,0.08822785,73.51,0.068,0,BTC-5APR19-4375-C,4785.67,45.85,0.086,0.4,0.0885,0.4,75.53,0.62922,-8.04219,0.31376,0.00047,0.92038
4785.67,index_price,1554202740208,open,0.08,0.2,0.05771182,0.10148345,0.06944383,64.77,0.065,0,BTC-12APR19-5000-P,4785.67,59.13,0.066,18.0,0.075,18.0,73.71,2.94554,-9.65896,-0.91838,0.00073,-0.63982
4785.67,index_price,1554202740239,open,0.1,71.2,0.07266465,0.09748466,0.08607137,58.62,0.0865,0,BTC-26APR19-5000-P,4785.67,55.53,0.083,14.4,0.089,0.1,61.55,4.76908,-5.85453,-2.10388,0.00054,-0.586
4785.67,index_price,1554202740239,open,0.57,0.0,0.58208568,0.5820857,0.58197826,0.0,None,0,BTC-26APR19-2000-C,4785.67,0.0,0.578,43.8,0.5855,43.8,181.39,0.0,0.0,1.30826,0.0,1.0
4785.67,index_price,1554202740244,open,0.3603,4.9,0.37312903,0.37332977,0.37359292,77.08,0.3325,0,BTC-26APR19-3000-C,4785.67,0.0,0.3685,36.1,0.3775,36.1,109.58,0.23263,-0.37552,1.93963,2e-05,0.9932
4785.67,index_price,1554202740246,open,0.12,1661.0,0.12043167,0.13752554,0.12933468,58.9,0.1125,0,BTC-26APR19-4250-C,4785.67,51.73,0.1245,6.9,0.132,2.1,62.63,3.36401,-4.14973,2.11828,0.00038,0.80601
4785.67,index_price,1554202740269,open,0.02,36.1,0.00849959,0.02559346,0.01763648,59.24,0.0175,0,BTC-26APR19-4250-P,4785.67,56.16,0.0155,21.3,0.0195,53.6,61.84,3.3756,-4.1875,-0.66594,0.00038,-0.19509
4785.67,index_price,1554202740259,open,0.17,56.0,0.19029102,0.19093931,0.19017068,0.0,0.1885,0,BTC-5APR19-3875-C,4785.67,0.0,0.1875,6.0,0.194,32.8,158.58,0.0,0.0,0.3053,0.0,1.0
4787.13,BTC-28JUN19,1554202740281,open,0.01,1447.7,0.00752821,0.03387518,0.01669357,60.62,0.019,0.0,BTC-28JUN19-7000-C,4785.67,58.93,0.015,7.4,0.019,9.0,62.82,4.8826,-1.70362,1.26601,0.00015,0.1278
4784.96,BTC-27SEP19,1554202740281,open,0.07,703.4,0.0704934,0.1265758,0.07878344,57.21,0.0815,0.0,BTC-27SEP19-6000-C,4785.67,55.37,0.074,29.2,0.086,14.4,59.96,12.45866,-2.00357,6.48417,0.0002,0.35685
4787.13,BTC-28JUN19,1554202740288,open,1.98,1.3,1.92450847,1.92480623,1.92587253,87.42,2.415,0.0,BTC-28JUN19-14000-P,4785.67,0.0,0.0,0.0,0.0,0.0,0.0,0.6573,-0.33072,-33.21645,1e-05,-0.98936
4784.96,BTC-27SEP19,1554202740290,open,0.38,246.8,0.38831651,0.41443322,0.39345401,58.8,0.3115,0.0,BTC-27SEP19-3000-C,4785.67,53.68,0.388,14.6,0.403,14.6,66.64,5.41105,-0.89438,12.05206,8e-05,0.9103
4785.67,index_price,1554202740292,open,0.01,1337.2,0.00062452,0.00629497,0.00366505,61.65,0.004,0,BTC-26APR19-3750-P,4785.67,62.85,0.004,0.9,0.0045,7.4,64.55,1.30272,-1.68176,-0.17431,0.00014,-0.05202
4785.67,index_price,1554202740295,open,0.01,0.1,0.00196007,0.03297465,0.00932375,68.38,0.01,0,BTC-12APR19-5375-C,4785.67,70.02,0.01,0.9,0.011,7.4,72.38,1.95009,-6.75158,0.20091,0.00046,0.16448
4787.13,BTC-28JUN19,1554202740320,open,1.77,0.8,1.71561644,1.71618511,1.71735308,84.77,2.171,0.0,BTC-28JUN19-13000-P,4785.67,0.0,0.07,1.0,0.0,0.0,0.0,0.81279,-0.39657,-30.8069,2e-05,-0.9864
4785.67,index_price,1554202740322,open,0.0,2905.0,9.5e-06,0.00080147,0.0010186,72.47,0.0015,0,BTC-26APR19-3250-P,4785.67,65.68,0.0005,7.0,0.001,7.4,72.28,0.45326,-0.68792,-0.04894,4e-05,-0.01461
4785.67,index_price,1554202740314,open,0.11,0.0,0.07824255,0.11852045,0.08900529,66.18,None,0,BTC-12APR19-5125-P,4785.67,59.75,0.0855,6.0,0.0945,6.0,75.82,2.66219,-8.92063,-1.04403,0.00065,-0.7173
4785.67,index_price,1554202740330,open,0.05,1009.8,0.04954181,0.07485079,0.06302559,58.32,0.0645,0,BTC-26APR19-4750-C,4785.67,54.83,0.0595,1.0,0.067,49.7,62.24,4.84513,-5.91703,1.5233,0.00055,0.54963
4784.96,BTC-27SEP19,1554202740333,open,0.01,736.4,0.00465787,0.01910021,0.00893647,61.87,0.0065,0.0,BTC-27SEP19-2500-P,4785.67,61.18,0.0085,7.4,0.011,18.0,64.95,3.04152,-0.529,-1.20674,4e-05,-0.04281
4787.13,BTC-28JUN19,1554202740358,open,0.47,27.9,0.47797578,0.48173005,0.48117065,72.96,0.469,0.0,BTC-28JUN19-2500-C,4785.67,0.0,0.477,29.7,0.485,29.7,84.55,1.25309,-0.52617,5.6543,3e-05,0.97742
4784.86,BTC-27SEP19,1554202740346,open,0.21,10.0,0.1801866,0.4121003,0.22070077,57.63,0.22,0.0,BTC-27DEC19-4500-C,4785.67,54.75,0.2115,10.8,0.2295,10.8,60.38,15.29172,-1.63867,14.94945,0.00016,0.64483
4785.67,index_price,1554202740362,open,0.31,0.0,0.32088924,0.32205512,0.32088178,0.0,None,0,BTC-12APR19-3250-C,4785.67,0.0,0.316,34.3,0.3245,34.3,139.92,0.0,0.0,0.87934,0.0,1.0
4785.67,index_price,1554202740381,open,0.26,6.0,0.26865011,0.27194601,0.26895806,79.42,0.287,0,BTC-12APR19-3500-C,4785.67,0.0,0.264,32.8,0.2725,32.8,118.73,0.1523,-0.61239,0.9376,3e-05,0.99306
4785.67,index_price,1554202740390,open,0.1,175.7,0.11353836,0.1406059,0.11840426,64.1,0.1175,0,BTC-12APR19-4250-C,4785.67,49.95,0.1145,6.0,0.1225,6.0,75.45,1.56819,-5.08964,0.98706,0.00039,0.8807
4785.67,index_price,1554202740426,open,0.0,10.6,2.68e-06,0.00434764,0.00138977,89.71,0.0015,0,BTC-5APR19-5500-C,4785.67,84.53,0.001,37.4,0.002,1.0,96.36,0.39457,-6.15461,0.01602,0.00024,0.04388
4785.67,index_price,1554202740419,open,0.05,2.2,0.02710903,0.05108953,0.0372415,75.23,0.0365,0,BTC-5APR19-4875-P,4785.67,70.15,0.0355,4.0,0.0385,0.4,78.89,1.64512,-21.51963,-0.23884,0.00121,-0.59621
4785.67,index_price,1554202740496,open,0.28,0.0,0.29476961,0.29677977,0.29492456,81.12,None,0,BTC-12APR19-3375-C,4785.67,0.0,0.2905,33.6,0.2985,33.6,129.22,0.08565,-0.35179,0.90825,2e-05,0.99636
4785.67,index_price,1554202740529,open,0.04,131.4,0.03785242,0.0590248,0.04606485,74.38,0.0305,0,BTC-5APR19-4625-C,4785.67,60.62,0.042,42.7,0.0495,6.0,85.47,1.45655,-18.83669,0.24993,0.00109,0.70893
4785.67,index_price,1554202740531,open,0.1,1021.3,0.11194796,0.11774707,0.11334432,81.21,0.112,0,BTC-5APR19-4250-C,4785.67,0.0,0.1105,0.4,0.1135,0.4,82.97,0.41131,-5.80801,0.31689,0.00028,0.95379
4785.67,index_price,1554202740541,open,0.08,18.0,0.08968367,0.1229586,0.09634412,62.88,0.11,0,BTC-12APR19-4375-C,4785.67,54.66,0.093,6.0,0.101,6.0,73.15,2.05851,-6.55376,0.93829,0.00053,0.82098
4784.96,BTC-27SEP19,1554202740552,open,0.26,35.1,0.23722248,0.44814855,0.27263584,57.61,0.182,0.0,BTC-27DEC19-4000-C,4785.67,54.56,0.264,10.4,0.283,3.6,61.24,13.60561,-1.45751,16.084,0.00014,0.72894
4787.12,BTC-28JUN19,1554202740598,open,0.1,1.0,0.09100122,0.13896891,0.11330676,56.6,0.0995,0.0,BTC-28JUN19-4750-C,4785.67,54.1,0.1085,7.4,0.1185,31.4,59.31,9.18935,-2.99346,5.15829,0.0003,0.56602
4785.67,index_price,1554202740596,open,0.23,6.0,0.24253164,0.24769659,0.2429622,74.55,0.11,0,BTC-12APR19-3625-C,4785.67,0.0,0.2385,32.2,0.247,32.2,111.27,0.20975,-0.79168,0.9673,5e-05,0.99
4784.96,BTC-27SEP19,1554202740669,open,0.02,7.6,0.00319939,0.17113127,0.0233635,64.27,0.029,0.0,BTC-27DEC19-11000-C,4785.67,61.4,0.019,33.0,0.0285,18.0,67.33,7.65973,-0.91551,3.0101,7e-05,0.10876
4785.67,index_price,1554202740670,open,0.31,0.0,0.32088924,0.32205512,0.32088178,0.0,None,0,BTC-12APR19-3250-C,4785.67,0.0,0.317,34.3,0.3245,34.3,139.92,0.0,0.0,0.87934,0.0,1.0
4785.67,index_price,1554202740704,open,0.12,1661.0,0.12043167,0.13752554,0.12933468,58.9,0.1125,0,BTC-26APR19-4250-C,4785.67,51.73,0.1245,41.7,0.132,2.1,62.63,3.36401,-4.14973,2.11828,0.00038,0.80601
4785.67,index_price,1554202740741,open,0.2,6.0,0.21641916,0.22418678,0.21720273,72.49,0.1135,0,BTC-12APR19-3750-C,4785.67,0.0,0.2125,31.6,0.2215,31.6,103.31,0.34271,-1.25776,0.99074,8e-05,0.98235
4785.67,index_price,1554202740772,open,0.0,436.3,0.0,0.00064829,9.291e-05,90.11,0.0005,0,BTC-5APR19-3875-P,4785.67,0.0,0.0,0.0,0.0005,7.4,110.71,0.04683,-0.44463,-0.00143,3e-05,-0.00369
155.68,ETH-27SEP19,1554202740776,open,1.11,0.0,1.06578,1.191302,1.082861,74.36,None,0.0,ETH-27SEP19-320-P,152.98,0.0,0.002,1.0,2.5,1.0,500.0,0.22938,-0.04795,-1.48192,0.00261,-0.87043
155.68,ETH-27SEP19,1554202740776,open,1.24,0.0,1.191333,1.307265,1.205519,74.24,None,0.0,ETH-27SEP19-340-P,152.98,0.0,0.002,1.0,2.6,1.0,500.0,0.19899,-0.04153,-1.59285,0.00227,-0.89399
155.23,ETH-28JUN19,1554202740777,open,0.25,26.0,0.253618,0.328931,0.265346,69.68,0.191,0.0,ETH-28JUN19-120-C,152.98,59.46,0.253,276.0,0.276,276.0,77.86,0.19656,-0.07883,0.20607,0.00492,0.82309
155.23,ETH-28JUN19,1554202740777,open,0.01,1958.0,0.006798,0.054428,0.014219,72.23,0.018,0.0,ETH-28JUN19-100-P,152.98,65.8,0.01,200.0,0.019,200.0,78.59,0.1096,-0.04556,-0.03378,0.00265,-0.07721
155.23,ETH-28JUN19,1554202740777,open,0.08,706.0,0.080108,0.18681,0.098574,69.57,0.058,0.0,ETH-28JUN19-170-C,152.98,64.1,0.088,380.0,0.105,200.0,72.88,0.30068,-0.12039,0.13388,0.00754,0.46093
155.23,ETH-28JUN19,1554202740777,open,0.24,1.0,0.221021,0.326361,0.240535,70.51,0.312,0.0,ETH-28JUN19-180-P,152.98,63.26,0.227,181.0,0.256,181.0,78.66,0.29221,-0.11859,-0.31127,0.00723,-0.60193
155.68,ETH-27SEP19,1554202740777,open,0.22,343.0,0.212845,0.372974,0.239266,70.55,0.189,0.0,ETH-27SEP19-140-C,152.98,65.65,0.227,327.0,0.253,325.0,76.04,0.38971,-0.07729,0.33277,0.00468,0.67789
155.23,ETH-28JUN19,1554202740777,open,0.11,603.0,0.098335,0.200752,0.117589,70.25,0.111,0.0,ETH-28JUN19-150-P,152.98,66.74,0.111,200.0,0.129,292.0,76.34,0.2912,-0.11774,-0.18867,0.00723,-0.39306
155.68,ETH-27SEP19,1554202740777,open,0.3,0.0,0.267407,0.446548,0.296167,70.37,None,0.0,ETH-27SEP19-180-P,152.98,63.11,0.276,196.0,0.317,196.0,77.86,0.43303,-0.08566,-0.61911,0.00521,-0.51987
155.23,ETH-28JUN19,1554202740777,open,0.05,767.0,0.04674,0.148969,0.063402,69.62,0.045,0.0,ETH-28JUN19-190-C,152.98,64.26,0.054,632.0,0.07,200.0,73.3,0.27601,-0.11059,0.10047,0.00691,0.33533
155.23,ETH-28JUN19,1554202740777,open,0.19,21.0,0.175257,0.281959,0.195348,70.41,0.333,0.0,ETH-28JUN19-170-P,152.98,63.5,0.182,218.0,0.209,218.0,77.44,0.30083,-0.1219,-0.27058,0.00745,-0.53699
155.23,ETH-28JUN19,1554202740777,open,0.08,605.0,0.068358,0.164483,0.085988,70.19,0.109,0.0,ETH-28JUN19-140-P,152.98,66.74,0.08,200.0,0.097,345.0,76.5,0.27018,-0.10914,-0.14933,0.00671,-0.31818
155.26,ETH-28JUN19,1554202740778,open,0.15,39.0,0.134023,0.239876,0.154191,70.38,0.148,0.0,ETH-28JUN19-160-P,152.98,63.59,0.141,255.0,0.167,255.0,77.0,0.30112,-0.12198,-0.22937,0.00746,-0.46648
155.26,ETH-28JUN19,1554202740778,open,0.06,1113.0,0.044438,0.131392,0.060371,70.59,0.064,0.0,ETH-28JUN19-130-P,152.98,66.42,0.054,200.0,0.07,600.0,76.8,0.23854,-0.09691,-0.11314,0.00589,-0.2458
155.68,ETH-27SEP19,1554202740778,open,0.13,839.0,0.112126,0.272254,0.138288,70.45,0.162,0.0,ETH-27SEP19-140-P,152.98,63.55,0.121,318.0,0.154,318.0,76.73,0.38972,-0.07718,-0.34931,0.00468,-0.32213
155.26,ETH-28JUN19,1554202740778,open,0.02,823.0,0.014376,0.076186,0.024679,71.39,0.031,0.0,ETH-28JUN19-110-P,152.98,65.39,0.019,684.0,0.03,200.0,76.6,0.15355,-0.06309,-0.05431,0.00375,-0.12229
155.68,ETH-27SEP19,1554202740777,open,0.29,173.0,0.288367,0.425609,0.310927,71.15,0.265,0.0,ETH-27SEP19-120-C,152.98,61.33,0.291,305.0,0.324,305.0,77.42,0.32173,-0.06434,0.35593,0.00383,0.78008
155.68,ETH-27SEP19,1554202740778,open,0.16,139.0,0.154666,0.32835,0.183539,70.51,0.141,0.0,ETH-27SEP19-160-C,152.98,66.3,0.172,354.0,0.197,354.0,75.45,0.42577,-0.08439,0.29741,0.00511,0.57555
152.98,index_price,1554202740777,open,0.26,0.0,0.235922,0.255468,0.238022,76.76,None,0.2,ETH-12APR19-190-P,152.98,0.0,0.001,10.0,0.317,3.0,240.69,0.02745,-0.0074,-0.04902,0.00565,-0.94634
152.98,index_price,1554202740777,open,0.0,162.0,0.000167,0.011433,0.00119,78.52,0.002,0.2,ETH-12APR19-120-P,152.98,0.0,0.0,0.0,0.001,100.0,76.33,0.01396,-0.05343,-0.00102,0.00281,-0.02349
152.98,index_price,1554202740778,open,0.0,1414.0,0.0,0.000652,5e-06,79.85,0.001,0,ETH-5APR19-120-P,152.98,0.0,0.0,0.0,0.001,300.0,138.8,0.00014,-0.00075,0.0,9e-05,-0.00027
152.98,index_price,1554202740777,open,0.15,11.0,0.156443,0.178919,0.160607,80.17,0.094,0.2,ETH-12APR19-130-C,152.98,0.0,0.15,414.0,0.163,199.0,88.47,0.04083,-0.22854,0.03102,0.00804,0.9101
152.98,index_price,1554202740778,open,0.19,40.0,0.174792,0.179394,0.174473,0.0,0.159,0.2,ETH-5APR19-180-P,152.98,0.0,0.001,10.0,0.234,1.0,334.61,0.0,0.09847,-0.01416,0.0,-1.0
152.98,index_price,1554202740778,open,0.0,100.0,0.0,6.1e-05,0.0,79.89,0.001,0,ETH-5APR19-110-P,152.98,0.0,0.0,0.0,0.001,300.0,181.0,0.0,0.0,0.0,0.0,0.0
152.98,index_price,1554202740777,open,0.19,10.0,0.172794,0.201292,0.177399,77.24,0.176,0.2,ETH-12APR19-180-P,152.98,0.0,0.001,10.0,0.244,3.0,202.2,0.05039,-0.10844,-0.04376,0.0103,-0.87982
152.98,index_price,1554202740777,open,0.34,0.0,0.349848,0.351253,0.350202,107.75,None,0.2,ETH-12APR19-100-C,152.98,0.0,0.338,251.0,0.356,251.0,171.01,0.00422,-0.07699,0.02665,0.00062,0.99409
4785.67,index_price,1554202740783,open,0.26,6.0,0.26865011,0.27194601,0.26895806,79.42,0.287,0,BTC-12APR19-3500-C,4785.67,0.0,0.264,32.8,0.273,32.8,121.85,0.1523,-0.61239,0.9376,3e-05,0.99306
4784.96,BTC-27SEP19,1554202740835,open,0.03,1095.0,0.01912325,0.05715404,0.03049364,61.29,0.025,0.0,BTC-27SEP19-8000-C,4785.67,60.11,0.0285,7.4,0.035,14.4,63.86,8.1861,-1.41044,3.06124,0.00012,0.16177
4787.13,BTC-28JUN19,1554202740847,open,0.15,120.7,0.12303288,0.17166023,0.13585392,56.59,0.1375,0.0,BTC-28JUN19-5000-P,4785.67,53.58,0.13,10.8,0.143,26.4,60.26,9.31548,-3.03413,-7.33377,0.0003,-0.50779
4785.67,index_price,1554202740859,open,0.07,236.5,0.06784861,0.10677295,0.07679625,63.0,0.0615,0,BTC-12APR19-4500-C,4785.67,56.69,0.0735,6.0,0.0815,6.0,71.64,2.54938,-8.13127,0.85977,0.00065,0.74079
4785.67,index_price,1554202740951,open,0.03,578.5,0.02787886,0.05269887,0.04101043,58.34,0.043,0,BTC-26APR19-5000-C,4785.67,54.81,0.0375,64.8,0.0445,8.4,61.84,4.76727,-5.82474,1.16551,0.00055,0.41333
4785.67,index_price,1554202740973,open,0.05,221.6,0.04884784,0.09207456,0.0595085,62.85,0.052,0,BTC-12APR19-4625-C,4785.67,57.07,0.056,18.0,0.0645,56.7,70.98,2.91944,-9.28978,0.76301,0.00075,0.64878
4785.67,index_price,1554202740994,open,0.17,56.0,0.19029102,0.19093931,0.19017068,0.0,0.1885,0,BTC-5APR19-3875-C,4785.67,0.0,0.1875,6.0,0.194,6.0,158.58,0.0,0.0,0.3053,0.0,1.0
4785.67,index_price,1554202741024,open,0.28,0.0,0.29476961,0.29677977,0.29492456,81.12,None,0,BTC-12APR19-3375-C,4785.67,0.0,0.2905,33.6,0.299,33.6,132.62,0.08565,-0.35179,0.90825,2e-05,0.99636
4785.67,index_price,1554202741043,open,0.31,0.0,0.32088924,0.32205512,0.32088178,0.0,None,0,BTC-12APR19-3250-C,4785.67,0.0,0.317,34.3,0.325,34.3,143.61,0.0,0.0,0.87934,0.0,1.0
4787.12,BTC-28JUN19,1554202741074,open,0.1,1.0,0.09100122,0.13896891,0.11330676,56.6,0.0995,0.0,BTC-28JUN19-4750-C,4785.67,54.1,0.1085,38.8,0.1185,31.4,59.31,9.18935,-2.99346,5.15829,0.0003,0.56602
4785.67,index_price,1554202741225,open,0.07,1221.3,0.08597591,0.09599017,0.08822785,73.51,0.068,0,BTC-5APR19-4375-C,4785.67,0.0,0.0855,0.4,0.0885,0.4,75.53,0.62922,-8.04219,0.31376,0.00047,0.92038
4785.67,index_price,1554202741229,open,0.07,1221.3,0.08597591,0.09599017,0.08822785,73.51,0.068,0,BTC-5APR19-4375-C,4785.67,45.85,0.086,0.4,0.0885,0.4,75.53,0.62922,-8.04219,0.31376,0.00047,0.92038
152.98,index_price,1554202741359,open,0.27,0.0,0.280952,0.281013,0.281328,158.15,None,0,ETH-5APR19-110-C,152.98,0.0,0.273,231.0,0.29,231.0,280.34,0.0029,-0.07974,0.00857,0.00099,0.99223
4785.67,index_price,1554202741385,open,0.2,0.0,0.17579521,0.1977045,0.1807214,72.9,None,0,BTC-12APR19-5625-P,4785.67,56.13,0.177,6.0,0.1855,6.0,87.23,1.37069,-5.05897,-1.40075,0.0003,-0.90107
4785.67,index_price,1554202741387,open,0.15,0.0,0.12510479,0.15611937,0.13276426,69.11,None,0,BTC-12APR19-5375-P,4785.67,60.59,0.1295,6.0,0.138,6.0,80.88,1.97174,-6.89862,-1.25011,0.00046,-0.83268
4785.67,index_price,1554202741389,open,0.18,23.7,0.19033356,0.2015761,0.19115928,64.93,0.193,0,BTC-12APR19-3875-C,4785.67,0.0,0.187,37.1,0.195,6.0,90.49,0.4003,-1.31594,1.01988,0.0001,0.97881
4785.06,BTC-27SEP19,1554202741428,open,0.23,11.2,0.18002775,0.42505524,0.22234607,57.45,0.216,0.0,BTC-27DEC19-5000-P,4785.67,54.54,0.2125,8.6,0.232,19.4,60.31,16.18247,-1.72885,-23.25717,0.00017,-0.43745
4785.67,index_price,1554202741529,open,0.07,236.5,0.06784861,0.10677295,0.07679625,63.0,0.0615,0,BTC-12APR19-4500-C,4785.67,55.71,0.073,6.0,0.0815,6.0,71.64,2.54938,-8.13127,0.85977,0.00065,0.74079
4785.67,index_price,1554202741532,open,0.05,221.6,0.04884784,0.09207456,0.0595085,62.85,0.052,0,BTC-12APR19-4625-C,4785.67,57.07,0.056,18.0,0.0645,38.7,70.98,2.91944,-9.28978,0.76301,0.00075,0.64878
155.26,ETH-28JUN19,1554202741586,open,0.08,706.0,0.080176,0.186879,0.098574,69.53,0.058,0.0,ETH-28JUN19-170-C,152.98,64.06,0.088,380.0,0.105,580.0,72.85,0.30074,-0.12036,0.13396,0.00754,0.46107
155.71,ETH-27SEP19,1554202741854,open,0.04,546.0,0.020236,0.166118,0.041226,72.9,0.048,0.0,ETH-27SEP19-280-C,152.98,66.49,0.03,495.0,0.052,505.0,78.44,0.2896,-0.05934,0.10867,0.00336,0.18444
4785.06,BTC-27SEP19,1554202741857,open,0.68,0.0,0.68660462,0.72094551,0.68911935,67.28,None,0.0,BTC-27DEC19-1500-C,4785.67,0.0,0.6855,12.4,0.6935,12.4,80.17,1.17007,-0.1464,10.5777,1e-05,0.9892
155.71,ETH-27SEP19,1554202741859,open,0.02,353.0,0.007374,0.123337,0.022393,74.88,0.02,0.0,ETH-27SEP19-340-C,152.98,64.53,0.011,500.0,0.032,500.0,81.62,0.20288,-0.0427,0.06562,0.00229,0.10887
4787.15,BTC-28JUN19,1554202742049,open,0.68,31.8,0.68666119,0.6867027,0.68697095,90.08,0.6765,0.0,BTC-28JUN19-1500-C,4786.17,0.0,0.683,34.6,0.6895,34.6,120.12,0.15582,-0.08078,3.5426,0.0,0.99788
4787.15,BTC-28JUN19,1554202742049,open,0.0,683.5,6.7e-06,0.00066326,0.00182872,86.06,0.0035,0.0,BTC-28JUN19-2000-P,4786.17,83.59,0.0015,20.0,0.002,7.4,87.23,0.67895,-0.33629,-0.14672,1e-05,-0.01105
4785.15,BTC-27SEP19,1554202742049,open,0.01,848.7,0.00514038,0.02662707,0.01353273,64.43,0.0155,0.0,BTC-27SEP19-10000-C,4786.17,62.36,0.0115,18.0,0.0155,75.0,66.28,4.90593,-0.88856,1.52016,7e-05,0.07872
4787.15,BTC-28JUN19,1554202742049,open,0.0,730.6,0.0,7.9e-06,0.00013185,90.0,0.0005,0.0,BTC-28JUN19-20000-C,4786.17,0.0,0.0,0.0,0.001,19.4,107.36,0.09261,-0.04797,0.01212,0.0,0.0012
4787.15,BTC-28JUN19,1554202742049,open,0.01,974.7,0.00199927,0.01701213,0.00923482,65.32,0.011,0.0,BTC-28JUN19-8000-C,4786.17,64.21,0.0085,7.4,0.011,27.0,67.8,3.24696,-1.22069,0.72941,9e-05,0.07325
4787.15,BTC-28JUN19,1554202742049,open,0.0,850.2,0.00020934,0.0039635,0.00339768,72.93,0.003,0.0,BTC-28JUN19-2500-P,4786.17,69.18,0.0025,10.1,0.0045,25.4,76.81,1.25167,-0.52539,-0.29567,3e-05,-0.02255
4785.15,BTC-27SEP19,1554202742050,open,0.58,28.2,0.58288396,0.58858925,0.58563608,67.05,0.5015,0.0,BTC-27SEP19-2000-C,4786.17,0.0,0.581,17.4,0.591,17.4,80.09,1.47587,-0.27815,9.24397,2e-05,0.98204
4786.17,index_price,1554202742048,open,0.15,18.3,0.12304993,0.12992148,0.12615408,92.71,0.1275,0,BTC-5APR19-5375-P,4786.17,72.59,0.124,0.4,0.128,0.4,104.58,0.66418,-10.70675,-0.3924,0.0004,-0.91447
4785.65,BTC-27SEP19,1554202742050,open,0.01,639.4,0.00269276,0.01843484,0.01218035,68.97,0.004,0.0,BTC-27SEP19-11000-C,4786.17,64.56,0.0085,18.0,0.016,43.0,72.81,4.40669,-0.85437,1.31127,6e-05,0.06841
4785.65,BTC-27SEP19,1554202742049,open,0.4,0.0,0.38975139,0.53552046,0.41028785,58.57,None,0.0,BTC-27DEC19-3000-C,4786.17,55.09,0.4045,10.1,0.422,10.1,65.17,8.16495,-0.88933,16.59648,8e-05,0.88107
4786.17,index_price,1554202742048,open,0.0,1.0,6.915e-05,0.01481052,0.00293209,76.03,0.0055,0,BTC-12APR19-5875-C,4786.17,70.59,0.002,7.4,0.004,7.4,81.2,0.90661,-3.49004,0.07062,0.00019,0.05747
4786.17,index_price,1554202742049,open,0.12,13.9,0.0970567,0.10751805,0.10192022,89.46,0.1045,0,BTC-5APR19-5250-P,4786.17,71.07,0.099,0.4,0.103,0.4,94.98,0.89997,-13.99881,-0.3664,0.00056,-0.86974
4786.17,index_price,1554202742049,open,0.1,1.0,0.07152669,0.08665327,0.07840379,84.45,0.0775,0,BTC-5APR19-5125-P,4786.17,71.5,0.0755,0.4,0.0795,0.4,88.9,1.15576,-16.9706,-0.33471,0.00076,-0.80922
4786.17,index_price,1554202742052,open,0.01,870.3,0.00268814,0.01354305,0.00801178,59.25,0.008,0,BTC-26APR19-4000-P,4786.17,55.83,0.0065,26.0,0.0095,7.4,62.36,2.2081,-2.73965,-0.3502,0.00025,-0.10385
4786.17,index_price,1554202742052,open,0.21,237.2,0.21711543,0.22277918,0.21986935,60.58,0.062,0,BTC-26APR19-3750-C,4786.17,0.0,0.214,32.8,0.225,32.8,75.82,1.24771,-1.58304,2.28817,0.00014,0.95073
4786.17,index_price,1554202742049,open,0.52,0.0,0.52989551,0.52989584,0.52974432,0.0,0.429,0,BTC-26APR19-2250-C,4786.17,0.0,0.526,41.1,0.5335,41.1,160.66,0.0,0.0,1.47179,0.0,1.0
4786.17,index_price,1554202742061,open,0.15,56.1,0.16442971,0.18008923,0.16584534,62.88,0.1675,0,BTC-12APR19-4000-C,4786.17,0.0,0.162,6.0,0.1695,2.0,81.95,0.63685,-2.02761,1.03228,0.00016,0.96299
4786.17,index_price,1554202742068,open,0.05,1009.8,0.04959398,0.07490067,0.06302559,58.27,0.0645,0,BTC-26APR19-4750-C,4786.17,55.28,0.06,1.0,0.067,49.7,62.19,4.84523,-5.91204,1.5243,0.00055,0.5499
155.71,ETH-27SEP19,1554202742105,open,0.21,115.0,0.182295,0.355965,0.210967,70.44,0.262,0.0,ETH-27SEP19-160-P,152.98,63.89,0.193,254.0,0.229,254.0,77.05,0.42584,-0.08432,-0.48214,0.00512,-0.42442
155.26,ETH-28JUN19,1554202742115,open,2.28,0.0,2.220408,2.226992,2.226693,114.21,None,0.0,ETH-28JUN19-500-P,152.98,0.0,0.001,20.0,0.0,0.0,0.0,0.05764,-0.03788,-1.17971,0.00088,-0.96565
155.71,ETH-27SEP19,1554202742119,open,0.03,170.0,0.014412,0.150012,0.032337,72.97,0.04,0.0,ETH-27SEP19-300-C,152.98,64.61,0.02,500.0,0.044,500.0,79.65,0.25444,-0.05219,0.08996,0.00295,0.15089
4787.15,BTC-28JUN19,1554202742165,open,0.11,3.4,0.08324379,0.1312113,0.10553811,56.59,0.118,0.0,BTC-28JUN19-4750-P,4786.17,53.71,0.1,46.9,0.1125,28.7,60.22,9.18939,-2.99316,-6.14727,0.0003,-0.43397
155.26,ETH-28JUN19,1554202742233,open,0.41,0.0,0.379078,0.471631,0.396246,71.96,None,0.0,ETH-28JUN19-210-P,152.98,0.0,0.001,10.0,0.0,0.0,0.0,0.23904,-0.09901,-0.42478,0.00579,-0.75322
4786.17,index_price,1554202742248,open,0.07,1221.3,0.08607018,0.09606621,0.08822785,72.84,0.068,0,BTC-5APR19-4375-C,4786.17,0.0,0.0855,0.4,0.0885,0.4,74.9,0.61699,-7.81425,0.31456,0.00047,0.92243
4786.17,index_price,1554202742252,open,0.07,1221.3,0.08607018,0.09606621,0.08822785,72.84,0.068,0,BTC-5APR19-4375-C,4786.17,41.88,0.086,0.4,0.0885,0.4,74.9,0.61699,-7.81425,0.31456,0.00047,0.92243
155.26,ETH-28JUN19,1554202742419,open,0.48,0.0,0.485579,0.507574,0.487977,73.65,None,0.0,ETH-28JUN19-80-C,152.98,0.0,0.479,299.0,0.494,299.0,90.9,0.03889,-0.01649,0.18129,0.00092,0.97857
155.26,ETH-28JUN19,1554202742540,open,0.47,0.0,0.436762,0.523492,0.453555,73.11,None,0.0,ETH-28JUN19-220-P,152.98,0.0,0.001,10.0,0.0,0.0,0.0,0.21965,-0.09243,-0.45873,0.00524,-0.78778
155.71,ETH-27SEP19,1554202742589,open,0.4,0.0,0.363875,0.542267,0.394301,71.5,None,0.0,ETH-27SEP19-200-P,152.98,64.64,0.376,149.0,0.415,149.0,79.1,0.4201,-0.08443,-0.7541,0.00497,-0.59947
155.26,ETH-28JUN19,1554202742700,open,0.42,0.0,0.423017,0.456945,0.42645,70.24,None,0.0,ETH-28JUN19-90-C,152.98,0.0,0.417,287.0,0.436,287.0,88.11,0.06392,-0.02584,0.19755,0.00159,0.96102
155.71,ETH-27SEP19,1554202742727,open,0.07,488.0,0.056494,0.2298,0.084538,71.57,0.082,0.0,ETH-27SEP19-220-C,152.98,64.04,0.066,443.0,0.096,443.0,76.05,0.39329,-0.07912,0.18569,0.00465,0.32924
155.71,ETH-27SEP19,1554202742845,open,0.51,0.0,0.469377,0.642683,0.497421,71.57,None,0.0,ETH-27SEP19-220-P,152.98,0.0,0.0,0.0,0.0,0.0,0.0,0.39329,-0.07912,-0.88644,0.00465,-0.67076
152.98,index_price,1554202742877,open,0.13,50.0,0.111758,0.123146,0.11298,75.31,0.136,0,ETH-5APR19-170-P,152.98,0.0,0.103,146.0,0.126,146.0,141.25,0.01643,-0.21516,-0.01268,0.01183,-0.93879
4786.17,index_price,1554202743071,open,0.2,10.1,0.21649252,0.21674546,0.21622698,0.0,0.169,0,BTC-5APR19-3750-C,4786.17,0.0,0.21,27.0,0.2205,27.0,181.23,0.0,0.0,0.29545,0.0,1.0
152.98,index_price,1554202743108,open,0.0,0.0,0.000632,0.020178,0.003379,80.15,None,0.2,ETH-12APR19-190-C,152.98,78.21,0.003,200.0,0.007,200.0,94.82,0.03082,-0.13001,0.00243,0.00607,0.06217
4786.17,index_price,1554202743124,open,0.0,14.9,1.573e-05,0.00580265,0.00164612,83.88,0.0025,0,BTC-5APR19-4250-P,4786.17,76.01,0.001,11.2,0.002,0.4,87.48,0.44674,-6.51548,-0.01994,0.0003,-0.05123
155.26,ETH-28JUN19,1554202743133,open,0.29,0.0,0.270541,0.372784,0.289208,70.74,0.888,0.0,ETH-28JUN19-190-P,152.98,62.63,0.275,150.0,0.307,150.0,80.51,0.27754,-0.113,-0.35078,0.00684,-0.66001
4786.17,index_price,1554202743155,open,0.01,1202.4,0.0068029,0.02398483,0.01664817,60.46,0.016,0,BTC-26APR19-5500-C,4786.17,58.16,0.015,7.4,0.018,1.0,62.3,3.48434,-4.41177,0.59166,0.00038,0.20563
4787.62,BTC-28JUN19,1554202743206,open,0.0,130.3,1.86e-06,0.00057103,0.00177254,84.97,0.0005,0.0,BTC-28JUN19-13000-C,4786.17,74.02,0.0005,44.2,0.003,43.0,90.85,0.82401,-0.40295,0.13722,2e-05,0.01381
4786.17,index_price,1554202743206,open,0.41,10.2,0.42542786,0.42546463,0.42561485,81.33,0.006,0,BTC-26APR19-2750-C,4786.17,0.0,0.421,37.6,0.4295,37.6,125.16,0.10589,-0.18035,1.78944,1e-05,0.99718
4786.17,index_price,1554202743205,open,0.07,1221.3,0.08607018,0.09606621,0.08822785,72.84,0.068,0,BTC-5APR19-4375-C,4786.17,0.0,0.0855,0.4,0.0885,0.4,74.9,0.61699,-7.81425,0.31456,0.00047,0.92243
4785.74,BTC-27SEP19,1554202743219,open,0.04,280.4,0.0363587,0.07443774,0.04287452,57.85,0.049,0.0,BTC-27SEP19-3500-P,4786.17,57.05,0.0415,7.4,0.0475,14.4,60.49,8.27218,-1.34507,-4.83311,0.00013,-0.16436
4785.74,BTC-27SEP19,1554202743230,open,0.53,10.2,0.49961434,0.54751361,0.511089,59.51,0.8,0.0,BTC-27SEP19-7000-P,4786.17,0.0,0.0015,14.0,0.0,0.0,0.0,10.37626,-1.73577,-29.65434,0.00016,-0.76041
4787.62,BTC-28JUN19,1554202743248,open,0.0,659.0,0.0005062,0.00852134,0.00527249,68.75,0.006,0.0,BTC-28JUN19-9000-C,4786.17,69.26,0.0055,7.4,0.006,8.0,70.32,2.14476,-0.84869,0.4329,6e-05,0.04326
155.71,ETH-27SEP19,1554202743258,open,0.05,648.0,0.028473,0.184498,0.050795,71.88,0.057,0.0,ETH-27SEP19-260-C,152.98,64.31,0.036,481.0,0.064,481.0,78.02,0.3222,-0.0651,0.12871,0.00379,0.22041
4787.62,BTC-28JUN19,1554202743264,open,0.0,364.5,1.2e-07,0.000158,0.00105407,89.49,0.0005,0.0,BTC-28JUN19-15000-C,4786.17,0.0,0.0,0.0,0.002,40.0,96.22,0.52613,-0.27097,0.08202,1e-05,0.00825
4785.74,BTC-27SEP19,1554202743287,open,0.02,354.7,0.00990262,0.03885481,0.02118213,63.83,0.02,0.0,BTC-27SEP19-9000-C,4786.17,62.57,0.0195,7.4,0.025,26.8,66.52,6.52917,-1.17145,2.21396,9e-05,0.11611
4785.74,BTC-27SEP19,1554202743311,open,0.35,2.2,0.32426198,0.38035025,0.33344398,57.55,0.8415,0.0,BTC-27SEP19-6000-P,4786.17,0.0,0.004,13.1,0.0,0.0,0.0,12.48324,-2.01951,-22.73323,0.00019,-0.64129
4786.17,index_price,1554202743310,open,0.0,1107.6,5e-07,0.00020086,0.00062949,80.15,0.0005,0,BTC-26APR19-3000-P,4786.17,0.0,0.0,0.0,0.001,7.4,85.4,0.28667,-0.48116,-0.02898,2e-05,-0.00863
4786.17,index_price,1554202743317,open,0.0,1405.3,0.0,0.00025294,2.268e-05,90.13,0.0005,0,BTC-5APR19-3750-P,4786.17,0.0,0.0,0.0,0.0005,7.4,125.68,0.01434,-0.10855,-0.00039,1e-05,-0.001
4786.17,index_price,1554202743302,open,0.01,103.9,0.00102691,0.01657496,0.00627082,75.42,0.005,0,BTC-5APR19-4500-P,4786.17,69.56,0.005,4.5,0.0075,0.4,80.74,1.07479,-14.09457,-0.06645,0.00079,-0.16994
4785.74,BTC-27SEP19,1554202743324,open,0.01,637.0,0.00084283,0.00654485,0.00385626,67.88,0.0075,0.0,BTC-27SEP19-2000-P,4786.17,66.74,0.0035,7.4,0.0055,18.0,72.48,1.53825,-0.29352,-0.52957,2e-05,-0.01885
4786.17,index_price,1554202743315,open,0.0,234.2,0.0,4.51e-06,0.00011779,90.05,0.0005,0,BTC-26APR19-2500-P,4786.17,0.0,0.0,0.0,0.0005,8.4,105.11,0.06577,-0.12403,-0.00559,0.0,-0.00167
4787.62,BTC-28JUN19,1554202743335,open,0.58,20.1,0.58226259,0.5829186,0.5840471,85.8,0.571,0.0,BTC-28JUN19-2000-C,4786.17,0.0,0.5795,32.1,0.5865,32.1,98.85,0.66998,-0.33085,4.61592,1e-05,0.98912
4786.17,index_price,1554202743351,open,0.0,1895.6,9.78e-05,0.00248023,0.00135541,62.96,0.0015,0,BTC-26APR19-3500-P,4786.17,54.35,0.0005,18.0,0.002,7.4,67.29,0.62981,-0.83047,-0.07152,7e-05,-0.02149
152.98,index_price,1554202743351,open,0.28,0.0,0.28484,0.289347,0.285396,91.28,None,0.2,ETH-12APR19-110-C,152.98,0.0,0.272,233.0,0.292,233.0,144.5,0.007,-0.09137,0.02914,0.00121,0.9895
155.71,ETH-27SEP19,1554202743358,open,0.74,0.0,0.698244,0.854269,0.720244,71.73,None,0.0,ETH-27SEP19-260-P,152.98,0.0,0.013,1.0,0.0,0.0,0.0,0.32151,-0.06482,-1.13873,0.00379,-0.78041
4787.62,BTC-28JUN19,1554202743361,open,0.03,2342.9,0.0260542,0.06660437,0.03713376,57.44,0.0285,0.0,BTC-28JUN19-6000-C,4786.17,56.06,0.035,7.4,0.042,38.1,60.51,7.46799,-2.46891,2.45888,0.00024,0.25291
4787.62,BTC-28JUN19,1554202743366,open,3.26,0.4,3.17744098,3.17744889,3.17794807,100.62,5.076,0.0,BTC-28JUN19-20000-P,4786.17,0.0,0.001,0.2,0.0,0.0,0.0,0.26585,-0.15395,-47.56531,0.0,-0.99617
4786.17,index_price,1554202743370,open,0.0,3.0,0.00073313,0.01585971,0.00721633,82.81,0.006,0,BTC-5APR19-5125-C,4786.17,77.53,0.006,3.9,0.0085,4.7,88.07,1.13664,-16.36491,0.0673,0.00076,0.1857
4787.62,BTC-28JUN19,1554202743374,open,0.37,48.2,0.37541855,0.38705757,0.38000986,62.76,0.295,0.0,BTC-28JUN19-3000-C,4786.17,50.33,0.3755,28.1,0.386,28.1,73.39,2.2733,-0.8211,6.53502,7e-05,0.95349
4786.17,index_price,1554202743374,open,0.31,23.7,0.32096965,0.32176029,0.32172899,69.61,0.1875,0,BTC-26APR19-3250-C,4786.17,0.0,0.3165,34.7,0.326,34.7,96.4,0.37709,-0.54969,2.08654,4e-05,0.98819
4786.17,index_price,1554202743374,open,0.0,295.4,0.0,1e-08,2.64e-06,90.04,0.0005,0,BTC-26APR19-2000-P,4786.17,0.0,0.0,0.0,0.0005,7.4,138.27,0.00239,-0.00451,-0.00016,0.0,-5e-05
4785.74,BTC-27SEP19,1554202743382,open,0.07,66.3,0.03857461,0.22036651,0.06725013,57.94,0.06,0.0,BTC-27DEC19-3500-P,4786.17,56.11,0.063,13.2,0.0735,14.4,60.61,11.14728,-1.2011,-9.06999,0.00011,-0.19003
155.26,ETH-28JUN19,1554202743414,open,0.35,0.0,0.323491,0.421331,0.340845,70.92,None,0.0,ETH-28JUN19-200-P,152.98,0.0,0.001,10.0,0.0,0.0,0.0,0.25849,-0.1055,-0.38903,0.00635,-0.71189
4786.17,index_price,1554202743423,open,0.0,1.2,2.254e-05,0.00689409,0.00271357,89.63,0.002,0,BTC-5APR19-5375-C,4786.17,83.7,0.002,35.9,0.004,7.0,98.64,0.61964,-9.65693,0.02839,0.00038,0.07801
4786.17,index_price,1554202743434,open,0.07,1221.3,0.08607018,0.09606621,0.08822785,72.84,0.068,0,BTC-5APR19-4375-C,4786.17,41.88,0.086,0.4,0.0885,0.4,74.9,0.61699,-7.81425,0.31456,0.00047,0.92243
152.98,index_price,1554202743444,open,0.0,150.0,7e-06,0.004514,0.00019,79.89,0.001,0.2,ETH-12APR19-110-P,152.98,0.0,0.0,0.0,0.001,300.0,99.07,0.00327,-0.01284,-0.00019,0.00065,-0.00444
152.98,index_price,1554202743544,open,0.21,0.0,0.219984,0.23125,0.221415,82.6,None,0.2,ETH-12APR19-120-C,152.98,0.0,0.209,218.0,0.229,218.0,122.0,0.01667,-0.13255,0.03102,0.00319,0.97095
4786.17,index_price,1554202743585,open,0.0,138.8,1e-08,0.00200724,0.00034069,88.78,0.0005,0,BTC-12APR19-3375-P,4786.17,0.0,0.0,0.0,0.0005,7.4,93.19,0.15042,-0.67607,-0.00931,3e-05,-0.00685
4786.17,index_price,1554202743628,open,0.05,221.6,0.04891494,0.09212851,0.0595085,62.75,0.052,0,BTC-12APR19-4625-C,4786.17,56.96,0.056,18.0,0.064,38.7,70.07,2.91812,-9.27064,0.76379,0.00075,0.64932
4786.17,index_price,1554202743655,open,0.03,578.5,0.02791496,0.05273917,0.04101043,58.3,0.043,0,BTC-26APR19-5000-C,4786.17,54.77,0.0375,64.8,0.0445,56.8,61.8,4.76824,-5.82203,1.16619,0.00055,0.4135
4786.17,index_price,1554202743688,open,0.31,0.0,0.32096018,0.32212425,0.32088178,0.0,None,0,BTC-12APR19-3250-C,4786.17,0.0,0.3165,34.3,0.325,34.3,143.13,0.0,0.0,0.87934,0.0,1.0
4786.17,index_price,1554202743702,open,0.18,23.7,0.19041794,0.2016477,0.19115928,63.91,0.193,0,BTC-12APR19-3875-C,4786.17,0.0,0.187,6.0,0.195,6.0,90.13,0.37528,-1.2144,1.022,9e-05,0.98036
155.26,ETH-28JUN19,1554202743733,open,0.01,704.0,0.005908,0.06873,0.017319,75.54,0.021,0.0,ETH-28JUN19-260-C,152.98,71.79,0.014,200.0,0.021,500.0,79.32,0.14451,-0.06283,0.03508,0.00333,0.11224
155.7,ETH-27SEP19,1554202743777,open,0.02,115.0,0.010288,0.135831,0.028155,74.89,0.022,0.0,ETH-27SEP19-320-C,152.99,67.36,0.018,500.0,0.038,500.0,81.04,0.23247,-0.04894,0.07885,0.00263,0.13208
155.26,ETH-28JUN19,1554202743777,open,0.1,569.0,0.103493,0.209346,0.121933,69.49,0.1,0.0,ETH-28JUN19-160-C,152.99,63.86,0.111,551.0,0.129,351.0,73.14,0.3012,-0.12047,0.15161,0.00755,0.53221
155.26,ETH-28JUN19,1554202743777,open,0.13,527.0,0.132118,0.234521,0.149847,69.44,0.105,0.0,ETH-28JUN19-150-C,152.99,63.66,0.139,522.0,0.158,522.0,73.79,0.29128,-0.11641,0.16888,0.00731,0.60685
155.7,ETH-27SEP19,1554202743777,open,0.0,120.0,0.001001,0.035437,0.004448,75.51,0.01,0.0,ETH-27SEP19-60-P,152.99,59.99,0.001,2000.0,0.008,500.0,84.67,0.05063,-0.01075,-0.01787,0.00057,-0.01911
152.99,index_price,1554202743777,open,0.01,200.0,0.002523,0.031033,0.007737,79.04,0.001,0.2,ETH-12APR19-180-C,152.99,76.84,0.007,151.0,0.011,184.0,87.92,0.05219,-0.2188,0.00491,0.01043,0.12634
152.99,index_price,1554202743777,open,0.13,0.0,0.113607,0.151799,0.121414,76.89,None,0.2,ETH-12APR19-170-P,152.99,55.96,0.112,153.0,0.143,153.0,115.5,0.07705,-0.22553,-0.03676,0.01582,-0.76654
155.71,ETH-27SEP19,1554202743777,open,0.03,1531.0,0.024696,0.130251,0.039773,71.1,0.05,0.0,ETH-27SEP19-100-P,152.99,61.82,0.027,473.0,0.051,473.0,78.56,0.22635,-0.04524,-0.12661,0.00269,-0.12708
155.71,ETH-27SEP19,1554202743778,open,0.38,0.0,0.382477,0.488031,0.397554,71.1,None,0.0,ETH-27SEP19-100-C,152.99,61.99,0.385,301.0,0.41,301.0,79.35,0.22635,-0.04524,0.36072,0.00269,0.87292
155.71,ETH-27SEP19,1554202743778,open,0.49,0.0,0.493255,0.562119,0.5013,71.83,None,0.0,ETH-27SEP19-80-C,152.99,41.63,0.487,321.0,0.513,321.0,84.66,0.12469,-0.02518,0.33503,0.00147,0.94281
155.71,ETH-27SEP19,1554202743778,open,0.02,300.0,0.00703,0.075894,0.014991,71.72,0.026,0.0,ETH-27SEP19-80-P,152.99,58.05,0.006,500.0,0.024,500.0,81.86,0.12438,-0.02508,-0.05463,0.00147,-0.057
155.27,ETH-28JUN19,1554202743778,open,0.71,0.0,0.680414,0.743245,0.694757,78.57,None,0.0,ETH-28JUN19-260-P,152.99,0.0,0.02,1.0,0.0,0.0,0.0,0.15544,-0.07029,-0.58034,0.00345,-0.87557
155.71,ETH-27SEP19,1554202743778,open,0.08,380.0,0.059128,0.196338,0.081591,71.1,0.094,0.0,ETH-27SEP19-120-P,152.99,65.93,0.071,404.0,0.094,404.0,77.06,0.32165,-0.06429,-0.22867,0.00383,-0.21976
152.99,index_price,1554202743777,open,0.08,2.0,0.063388,0.108408,0.07411,77.07,0.075,0.2,ETH-12APR19-160-P,152.99,59.37,0.063,218.0,0.092,218.0,104.85,0.09737,-0.32363,-0.02781,0.01995,-0.59767
152.99,index_price,1554202743778,open,0.2,15.0,0.215635,0.216286,0.215999,119.92,0.16,0,ETH-5APR19-120-C,152.99,0.0,0.205,213.0,0.225,213.0,223.64,0.00355,-0.07396,0.00933,0.0016,0.99023
152.99,index_price,1554202743777,open,0.04,10.0,0.027705,0.07225,0.038521,77.15,0.048,0.2,ETH-12APR19-150-P,152.99,77.9,0.039,166.0,0.045,161.0,87.34,0.09702,-0.34244,-0.01802,0.01986,-0.3968
152.99,index_price,1554202743778,open,0.0,0.0,0.0,3e-06,0.0,79.93,None,0,ETH-5APR19-100-P,152.99,0.0,0.0,0.0,0.001,300.0,226.35,0.0,0.0,0.0,0.0,0.0
152.99,index_price,1554202743777,open,0.05,505.0,0.05254,0.097085,0.063802,77.85,0.037,0.2,ETH-12APR19-150-C,152.99,70.26,0.059,135.0,0.065,183.0,79.74,0.09705,-0.42769,0.02231,0.01968,0.60273
152.99,index_price,1554202743777,open,0.02,15.0,0.008552,0.044117,0.016695,78.43,0.034,0.2,ETH-12APR19-140-P,152.99,79.06,0.017,155.0,0.022,154.0,89.16,0.07324,-0.27149,-0.00953,0.01475,-0.21352
152.99,index_price,1554202743778,open,0.34,0.0,0.346363,0.346365,0.346661,193.49,None,0,ETH-5APR19-100-C,152.99,0.0,0.336,251.0,0.355,251.0,339.39,0.00204,-0.0685,0.00781,0.00057,0.99479
152.99,index_price,1554202743777,open,0.01,80.0,0.001639,0.024104,0.005363,78.5,0.008,0.2,ETH-12APR19-130-P,152.99,72.86,0.004,137.0,0.007,100.0,84.48,0.03941,-0.14901,-0.00377,0.00793,-0.08573
152.99,index_price,1554202743777,open,0.01,0.0,0.00842,0.046612,0.016733,77.89,None,0.2,ETH-12APR19-170-C,152.99,72.39,0.014,195.0,0.019,133.0,82.29,0.07766,-0.32474,0.00911,0.01574,0.23683
4785.74,BTC-27SEP19,1554202743800,open,1.37,0.0,1.30169803,1.46966119,1.32357449,65.32,None,0.0,BTC-27DEC19-11000-P,4786.17,0.0,0.0,0.0,0.0,0.0,0.0,7.93558,-0.96389,-77.88753,7e-05,-0.88575
4786.17,index_price,1554202743871,open,0.07,236.5,0.0679259,0.10683104,0.07679625,62.87,0.0615,0,BTC-12APR19-4500-C,4786.17,55.56,0.073,6.0,0.0815,42.1,71.52,2.54613,-8.1041,0.86075,0.00065,0.74148
4786.17,index_price,1554202743910,open,0.25,0.0,0.2275642,0.24230557,0.2308787,78.33,None,0,BTC-12APR19-5875-P,4786.17,0.0,0.0005,10.0,0.298,1.0,219.55,0.97949,-3.88422,-1.51181,0.0002,-0.93656
4786.17,index_price,1554202744006,open,0.0,34.1,1.6e-07,0.00329153,0.00050072,84.52,0.0005,0,BTC-12APR19-3500-P,4786.17,0.0,0.0,0.0,0.0005,7.4,84.5,0.2126,-0.90972,-0.01379,4e-05,-0.01015
4786.17,index_price,1554202744086,open,0.0,3.0,0.00073313,0.01585971,0.00721633,82.81,0.006,0,BTC-5APR19-5125-C,4786.17,77.53,0.006,4.0,0.0085,4.7,88.07,1.13664,-16.36491,0.0673,0.00076,0.1857
4786.17,index_price,1554202744152,open,0.13,0.0,0.10083338,0.13668461,0.11006079,67.46,None,0,BTC-12APR19-5250-P,4786.17,60.91,0.107,6.0,0.115,6.0,77.21,2.32044,-7.92541,-1.15487,0.00055,-0.78174
4785.82,BTC-27SEP19,1554202744201,open,0.0,1.50914683,1.66059598,1.52710627,66.37,None,0.0,BTC-27DEC19-12000-P,4786.17,0.0,0.0,0.0,0.0,0.0,0.0,6.77712,-0.83647,-85.85038,6e-05,-0.90805
152.99,index_price,1554202744221,open,0.01,0.0,0.00842,0.046612,0.016733,77.89,None,0.2,ETH-12APR19-170-C,152.99,72.39,0.014,195.0,0.019,132.0,82.29,0.07766,-0.32474,0.00911,0.01574,0.23683
152.99,index_price,1554202744223,open,0.01,80.0,0.001639,0.024104,0.005363,78.5,0.008,0.2,ETH-12APR19-130-P,152.99,72.86,0.004,136.0,0.007,100.0,84.48,0.03941,-0.14901,-0.00377,0.00793,-0.08573
4786.17,index_price,1554202744225,open,0.07,1221.3,0.08607018,0.09606621,0.08822785,72.84,0.068,0,BTC-5APR19-4375-C,4786.17,0.0,0.0855,0.4,0.0885,0.4,74.9,0.61699,-7.81425,0.31456,0.00047,0.92243
152.99,index_price,1554202744226,open,0.01,200.0,0.002523,0.031033,0.007737,79.04,0.001,0.2,ETH-12APR19-180-C,152.99,76.84,0.007,151.0,0.011,183.0,87.92,0.05219,-0.2188,0.00491,0.01043,0.12634
4786.17,index_price,1554202744231,open,0.07,1221.3,0.08607018,0.09606621,0.08822785,72.84,0.068,0,BTC-5APR19-4375-C,4786.17,41.88,0.086,0.4,0.0885,0.4,74.9,0.61699,-7.81425,0.31456,0.00047,0.92243
152.99,index_price,1554202744242,open,0.02,2499.0,0.032236,0.055995,0.039104,80.62,0.041,0,ETH-5APR19-150-C,152.99,86.23,0.041,99.0,0.045,100.0,97.99,0.05161,-0.72345,0.00703,0.03471,0.62232
152.99,index_price,1554202744248,open,0.02,2499.0,0.032236,0.055995,0.039104,80.62,0.041,0,ETH-5APR19-150-C,152.99,86.23,0.041,99.0,0.045,97.0,97.99,0.05161,-0.72345,0.00703,0.03471,0.62232
4786.17,index_price,1554202744255,open,0.31,0.0,0.32096018,0.32096166,0.3207104,0.0,0.17,0,BTC-5APR19-3250-C,4786.17,0.0,0.315,28.1,0.3245,28.1,258.33,0.0,0.0,0.25605,0.0,1.0
4785.82,BTC-27SEP19,1554202744263,open,0.17,8.5,0.13517175,0.38018415,0.17679343,57.25,0.178,0.0,BTC-27DEC19-5000-C,4786.17,54.94,0.169,11.4,0.186,10.8,59.97,16.18727,-1.72318,13.58741,0.00017,0.5622
152.99,index_price,1554202744264,open,0.05,505.0,0.05254,0.097085,0.063802,77.85,0.037,0.2,ETH-12APR19-150-C,152.99,70.26,0.059,139.0,0.065,183.0,79.74,0.09705,-0.42769,0.02231,0.01968,0.60273
152.99,index_price,1554202744275,open,0.05,505.0,0.05254,0.097085,0.063802,77.85,0.037,0.2,ETH-12APR19-150-C,152.99,70.26,0.059,139.0,0.065,181.0,79.74,0.09705,-0.42769,0.02231,0.01968,0.60273
152.99,index_price,1554202744280,open,0.0,0.0,0.000503,0.011901,0.002304,80.27,None,0,ETH-5APR19-170-C,152.99,92.05,0.004,79.0,0.007,170.0,108.33,0.0191,-0.26658,0.00087,0.0129,0.07437
152.99,index_price,1554202744286,open,0.0,0.0,0.000503,0.011901,0.002304,80.27,None,0,ETH-5APR19-170-C,152.99,92.05,0.004,79.0,0.007,169.0,108.33,0.0191,-0.26658,0.00087,0.0129,0.07437
152.99,index_price,1554202744290,open,0.04,10.0,0.027705,0.07225,0.038521,77.15,0.048,0.2,ETH-12APR19-150-P,152.99,77.9,0.039,163.0,0.045,161.0,87.34,0.09702,-0.34244,-0.01802,0.01986,-0.3968
152.99,index_price,1554202744296,open,0.04,10.0,0.027705,0.07225,0.038521,77.15,0.048,0.2,ETH-12APR19-150-P,152.99,77.9,0.039,163.0,0.045,165.0,87.34,0.09702,-0.34244,-0.01802,0.01986,-0.3968
4786.17,index_price,1554202744302,open,0.0,287.2,3e-08,0.00147864,0.00029441,89.29,0.0005,0,BTC-5APR19-4000-P,4786.17,0.0,0.0,0.0,0.0005,2.9,96.13,0.11933,-1.40911,-0.00412,7e-05,-0.01062
152.99,index_price,1554202744301,open,0.03,1326.0,0.023212,0.068232,0.03441,77.82,0.021,0.2,ETH-12APR19-160-C,152.99,70.86,0.03,172.0,0.036,167.0,80.31,0.09746,-0.41493,0.01529,0.01978,0.40372
152.99,index_price,1554202744317,open,0.03,1326.0,0.023212,0.068232,0.03441,77.82,0.021,0.2,ETH-12APR19-160-C,152.99,70.86,0.03,172.0,0.036,165.0,80.31,0.09746,-0.41493,0.01529,0.01978,0.40372
152.99,index_price,1554202744329,open,0.0,0.0,2e-05,0.004628,0.000316,80.21,None,0.2,ETH-5APR19-180-C,152.99,95.24,0.001,151.0,0.003,159.0,117.56,0.00455,-0.04831,0.00015,0.00307,0.01301
152.99,index_price,1554202744331,open,0.0,0.0,2e-05,0.004628,0.000316,80.21,None,0.2,ETH-5APR19-180-C,152.99,95.24,0.001,151.0,0.003,158.0,117.56,0.00455,-0.04831,0.00015,0.00307,0.01301
152.99,index_price,1554202744333,open,0.01,2243.0,0.006083,0.027651,0.011711,80.24,0.013,0,ETH-5APR19-160-C,152.99,84.54,0.013,135.0,0.017,566.0,97.44,0.04543,-0.63377,0.00319,0.0307,0.27644
152.99,index_price,1554202744340,open,0.01,2243.0,0.006083,0.027651,0.011711,80.24,0.013,0,ETH-5APR19-160-C,152.99,84.54,0.013,135.0,0.017,565.0,97.44,0.04543,-0.63377,0.00319,0.0307,0.27644
152.99,index_price,1554202744354,open,0.0,396.0,0.001011,0.013997,0.003391,79.7,0.004,0,ETH-5APR19-140-P,152.99,77.09,0.003,127.0,0.005,100.0,89.28,0.02358,-0.32682,-0.00123,0.01605,-0.09858
152.99,index_price,1554202744360,open,0.02,645.0,0.012692,0.036451,0.019112,79.29,0.025,0,ETH-5APR19-150-P,152.99,84.88,0.021,132.0,0.025,391.0,96.65,0.05154,-0.71061,-0.00476,0.03525,-0.37615
4786.17,index_price,1554202744363,open,0.18,0.0,0.15007211,0.17637261,0.15637632,71.22,None,0,BTC-12APR19-5500-P,4786.17,60.2,0.153,6.0,0.1615,6.0,84.42,1.66225,-5.99381,-1.3296,0.00038,-0.87036
152.99,index_price,1554202744376,open,0.02,645.0,0.012692,0.036451,0.019112,79.29,0.025,0,ETH-5APR19-150-P,152.99,84.88,0.021,132.0,0.025,395.0,96.65,0.05154,-0.71061,-0.00476,0.03525,-0.37615
152.99,index_price,1554202744381,open,0.02,15.0,0.008552,0.044117,0.016695,78.43,0.034,0.2,ETH-12APR19-140-P,152.99,79.06,0.017,153.0,0.022,154.0,89.16,0.07324,-0.27149,-0.00953,0.01475,-0.21352
152.99,index_price,1554202744384,open,0.02,15.0,0.008552,0.044117,0.016695,78.43,0.034,0.2,ETH-12APR19-140-P,152.99,79.06,0.017,153.0,0.022,157.0,89.16,0.07324,-0.27149,-0.00953,0.01475,-0.21352
4786.17,index_price,1554202744389,open,0.0,70.9,1.33e-06,0.00515959,0.00063138,78.56,0.0015,0,BTC-12APR19-3625-P,4786.17,0.0,0.0,0.0,0.001,7.4,84.14,0.27024,-1.0749,-0.01815,6e-05,-0.01338
152.99,index_price,1554202744398,open,0.01,0.0,0.00842,0.046612,0.016733,77.89,None,0.2,ETH-12APR19-170-C,152.99,72.39,0.014,197.0,0.019,132.0,82.29,0.07766,-0.32474,0.00911,0.01574,0.23683
152.99,index_price,1554202744413,open,0.01,200.0,0.002523,0.031033,0.007737,79.04,0.001,0.2,ETH-12APR19-180-C,152.99,76.84,0.007,153.0,0.011,183.0,87.92,0.05219,-0.2188,0.00491,0.01043,0.12634
152.99,index_price,1554202744421,open,0.02,2499.0,0.032236,0.055995,0.039104,80.62,0.041,0,ETH-5APR19-150-C,152.99,86.23,0.041,105.0,0.045,97.0,97.99,0.05161,-0.72345,0.00703,0.03471,0.62232
152.99,index_price,1554202744442,open,0.02,2499.0,0.032236,0.055995,0.039104,80.62,0.041,0,ETH-5APR19-150-C,152.99,86.23,0.041,105.0,0.045,98.0,97.99,0.05161,-0.72345,0.00703,0.03471,0.62232
4786.17,index_price,1554202744516,open,0.0,9.2,0.0,1.48e-06,1e-08,90.09,0.001,0,BTC-5APR19-3250-P,4786.17,0.0,0.0,0.0,0.0005,7.4,189.29,1e-05,-4e-05,0.0,0.0,0.0
4785.82,BTC-27SEP19,1554202744599,open,0.13,10.0,0.10034649,0.35167979,0.1420762,57.26,0.087,0.0,BTC-27DEC19-5500-C,4786.17,55.04,0.1345,12.1,0.151,10.8,59.86,16.37544,-1.74353,12.09347,0.00017,0.48511
152.99,index_price,1554202744664,open,0.01,2243.0,0.006083,0.027651,0.011711,80.24,0.013,0,ETH-5APR19-160-C,152.99,84.54,0.013,135.0,0.017,563.0,97.44,0.04543,-0.63377,0.00319,0.0307,0.27644
152.99,index_price,1554202744665,open,0.0,396.0,0.001011,0.013997,0.003391,79.7,0.004,0,ETH-5APR19-140-P,152.99,77.09,0.003,126.0,0.005,100.0,89.28,0.02358,-0.32682,-0.00123,0.01605,-0.09858
152.99,index_price,1554202744668,open,0.02,645.0,0.012692,0.036451,0.019112,79.29,0.025,0,ETH-5APR19-150-P,152.99,84.88,0.021,130.0,0.025,395.0,96.65,0.05154,-0.71061,-0.00476,0.03525,-0.37615
152.99,index_price,1554202744690,open,0.02,15.0,0.008552,0.044117,0.016695,78.43,0.034,0.2,ETH-12APR19-140-P,152.99,79.06,0.017,152.0,0.022,157.0,89.16,0.07324,-0.27149,-0.00953,0.01475,-0.21352
4786.17,index_price,1554202744741,open,0.28,0.0,0.29484327,0.29485007,0.29458396,0.0,None,0,BTC-5APR19-3375-C,4786.17,0.0,0.289,27.8,0.2985,27.8,238.56,0.0,0.0,0.2659,0.0,1.0
4785.82,BTC-27SEP19,1554202744744,open,1.16,0.3,1.09546344,1.28173725,1.120657,63.45,1.4475,0.0,BTC-27DEC19-10000-P,4786.17,0.0,0.02,0.3,0.0,0.0,0.0,9.1363,-1.07798,-69.83208,9e-05,-0.86014
4786.17,index_price,1554202744760,open,0.0,344.5,8.46e-06,0.00776662,0.00099843,75.19,0.003,0,BTC-12APR19-3750-P,4786.17,67.82,0.0005,6.5,0.001,7.4,75.21,0.3965,-1.5094,-0.02842,9e-05,-0.02095
4786.17,index_price,1554202744765,open,0.0,239.4,8.8e-07,0.00306221,0.00074229,87.01,0.0005,0,BTC-5APR19-4125-P,4786.17,81.72,0.0005,3.5,0.001,7.4,91.57,0.24656,-3.5527,-0.00963,0.00016,-0.02479
4785.82,BTC-27SEP19,1554202744765,open,0.31,17.0,0.24957483,0.50090813,0.2921841,57.51,0.3125,0.0,BTC-27DEC19-5500-P,4786.17,54.24,0.281,18.2,0.3025,7.4,60.53,16.37685,-1.75151,-28.41977,0.00017,-0.51395
155.27,ETH-28JUN19,1554202744777,open,0.59,0.0,0.556579,0.631138,0.572409,75.82,None,0.0,ETH-28JUN19-240-P,153.0,0.0,0.001,10.0,0.0,0.0,0.0,0.18469,-0.08059,-0.52179,0.00425,-0.8395
155.27,ETH-28JUN19,1554202744777,open,0.04,1258.0,0.035342,0.133188,0.050523,69.6,0.031,0.0,ETH-28JUN19-200-C,153.0,65.58,0.044,200.0,0.059,653.0,74.65,0.25605,-0.10257,0.08569,0.00641,0.2824
155.27,ETH-28JUN19,1554202744777,open,0.02,211.0,0.010884,0.085443,0.023746,73.26,0.018,0.0,ETH-28JUN19-240-C,153.0,69.84,0.02,200.0,0.029,500.0,77.71,0.17603,-0.07422,0.04638,0.00419,0.14925
155.27,ETH-28JUN19,1554202744777,open,0.3,10.0,0.305925,0.367726,0.314865,70.0,0.265,0.0,ETH-28JUN19-110-C,153.0,56.22,0.303,273.0,0.325,273.0,79.83,0.15063,-0.06068,0.20923,0.00375,0.88102
155.27,ETH-28JUN19,1554202744777,open,0.01,1744.0,0.002688,0.036609,0.007208,72.77,0.011,0.0,ETH-28JUN19-90-P,153.0,64.49,0.004,200.0,0.011,200.0,80.34,0.0696,-0.02915,-0.01866,0.00167,-0.0433
155.27,ETH-28JUN19,1554202744777,open,0.0,16.0,4e-06,0.006589,0.000262,79.88,0.001,0.0,ETH-28JUN19-500-C,153.0,90.77,0.001,200.0,0.003,131.0,103.13,0.0059,-0.00271,0.00083,0.00013,0.00251
155.71,ETH-27SEP19,1554202744777,open,0.99,0.0,0.94107,1.076671,0.958625,72.74,None,0.0,ETH-27SEP19-300-P,153.0,0.0,0.002,1.0,2.5,1.0,500.0,0.25317,-0.05177,-1.37261,0.00295,-0.85024
155.27,ETH-28JUN19,1554202744777,open,0.03,211.0,0.019792,0.106531,0.0342,71.41,0.019,0.0,ETH-28JUN19-220-C,153.0,67.54,0.029,200.0,0.041,486.0,76.17,0.21484,-0.08829,0.06289,0.00524,0.20438
155.27,ETH-28JUN19,1554202744777,open,0.06,646.0,0.061528,0.166879,0.079244,69.56,0.06,0.0,ETH-28JUN19-180-C,153.0,64.06,0.069,408.0,0.086,608.0,73.14,0.29171,-0.11678,0.11676,0.00731,0.39517
155.71,ETH-27SEP19,1554202744777,open,0.09,462.0,0.079436,0.257828,0.110109,71.59,0.066,0.0,ETH-27SEP19-200-C,153.0,67.82,0.1,516.0,0.121,416.0,75.6,0.4202,-0.08456,0.22066,0.00497,0.4009
155.27,ETH-28JUN19,1554202744777,open,0.2,328.0,0.20717,0.294115,0.221559,69.59,0.168,0.0,ETH-28JUN19-130-C,153.0,62.59,0.211,284.0,0.229,138.0,74.41,0.2377,-0.0952,0.19745,0.00595,0.75583
155.27,ETH-28JUN19,1554202744777,open,0.03,222.0,0.026519,0.119079,0.041407,70.47,0.023,0.0,ETH-28JUN19-210-C,153.0,66.83,0.036,200.0,0.049,671.0,75.36,0.23548,-0.09551,0.07339,0.00582,0.23998
153.0,index_price,1554202744776,open,0.0,100.0,0.0,0.001403,1.5e-05,79.93,0.001,0.2,ETH-12APR19-100-P,153.0,0.0,0.0,0.0,0.001,300.0,123.54,0.00038,-0.00149,-2e-05,7e-05,-0.00042
155.71,ETH-27SEP19,1554202744778,open,0.12,320.0,0.111253,0.290391,0.140395,70.51,0.092,0.0,ETH-27SEP19-180-C,153.0,64.25,0.123,386.0,0.154,386.0,75.4,0.43314,-0.08585,0.25823,0.0052,0.4807
155.27,ETH-28JUN19,1554202744778,open,0.03,207.0,0.026618,0.101892,0.039647,70.71,0.031,0.0,ETH-28JUN19-120-P,153.0,66.2,0.034,200.0,0.047,647.0,76.36,0.19803,-0.08059,-0.08078,0.00488,-0.17893
155.71,ETH-27SEP19,1554202744778,open,0.61,0.0,0.615669,0.650099,0.619116,75.52,None,0.0,ETH-27SEP19-60-C,153.0,0.0,0.611,363.0,0.625,363.0,89.51,0.05063,-0.01075,0.27452,0.00057,0.98089
155.71,ETH-27SEP19,1554202744778,open,0.62,1.0,0.581435,0.746887,0.606792,71.75,0.783,0.0,ETH-27SEP19-240-P,153.0,0.0,0.001,10.0,0.0,0.0,0.0,0.35931,-0.07247,-1.0145,0.00424,-0.73015
155.71,ETH-27SEP19,1554202744778,open,0.86,0.0,0.818451,0.964333,0.839094,72.71,None,0.0,ETH-27SEP19-280-P,153.0,0.0,0.002,1.0,2.5,1.0,500.0,0.28866,-0.059,-1.25632,0.00336,-0.81652
155.28,ETH-28JUN19,1554202744778,open,0.16,496.0,0.166639,0.26273,0.182762,69.33,0.154,0.0,ETH-28JUN19-140-C,153.0,63.69,0.173,463.0,0.191,463.0,74.05,0.26993,-0.1077,0.18479,0.00678,0.68274
153.0,index_price,1554202744777,open,0.08,194.0,0.085976,0.09895,0.088717,82.02,0.1,0,ETH-5APR19-140-C,153.0,99.84,0.092,1.0,0.096,200.0,117.91,0.02462,-0.35103,0.00972,0.01627,0.89546
153.0,index_price,1554202744778,open,0.0,778.0,1.5e-05,0.003796,0.00024,79.84,0.001,0,ETH-5APR19-130-P,153.0,0.0,0.0,0.0,0.001,250.0,98.86,0.00355,-0.03672,-0.00012,0.00241,-0.00979
153.0,index_price,1554202744778,open,0.07,122.0,0.051848,0.073425,0.057053,78.79,0.071,0,ETH-5APR19-160-P,153.0,42.62,0.048,182.0,0.069,182.0,116.69,0.04513,-0.61824,-0.00945,0.03105,-0.7273
153.0,index_price,1554202744791,open,0.01,0.0,0.00843,0.046633,0.016733,77.87,None,0.2,ETH-12APR19-170-C,153.0,72.36,0.014,197.0,0.02,200.0,84.16,0.07768,-0.3247,0.00911,0.01575,0.2369
153.0,index_price,1554202744793,open,0.01,80.0,0.001636,0.02409,0.005363,78.53,0.008,0.2,ETH-12APR19-130-P,153.0,72.88,0.004,135.0,0.007,100.0,84.51,0.03941,-0.14903,-0.00377,0.00792,-0.08571
153.0,index_price,1554202744795,open,0.01,200.0,0.002527,0.031048,0.007737,79.02,0.001,0.2,ETH-12APR19-180-C,153.0,76.81,0.007,152.0,0.011,183.0,87.9,0.0522,-0.21879,0.00491,0.01043,0.12637
153.0,index_price,1554202744799,open,0.01,200.0,0.002527,0.031048,0.007737,79.02,0.001,0.2,ETH-12APR19-180-C,153.0,76.81,0.007,152.0,0.011,182.0,87.9,0.0522,-0.21879,0.00491,0.01043,0.12637
153.0,index_price,1554202744804,open,0.02,2499.0,0.032277,0.05603,0.039104,80.51,0.041,0,ETH-5APR19-150-C,153.0,86.12,0.041,105.0,0.045,95.0,97.88,0.05159,-0.7222,0.00704,0.03474,0.6228
153.0,index_price,1554202744809,open,0.05,505.0,0.052577,0.097117,0.063802,77.79,0.037,0.2,ETH-12APR19-150-C,153.0,70.21,0.059,139.0,0.065,179.0,79.68,0.09704,-0.4274,0.02232,0.01969,0.60296
153.0,index_price,1554202744838,open,0.0,0.0,0.000505,0.011913,0.002304,80.24,None,0,ETH-5APR19-170-C,153.0,92.01,0.004,79.0,0.007,168.0,108.29,0.01911,-0.26655,0.00087,0.01291,0.0744
153.0,index_price,1554202744843,open,0.04,10.0,0.027678,0.072218,0.038521,77.19,0.048,0.2,ETH-12APR19-150-P,153.0,77.95,0.039,161.0,0.045,165.0,87.39,0.09701,-0.34265,-0.01801,0.01984,-0.39663
153.0,index_price,1554202744850,open,0.03,1326.0,0.023235,0.068258,0.03441,77.78,0.021,0.2,ETH-12APR19-160-C,153.0,70.83,0.03,172.0,0.036,164.0,80.27,0.09747,-0.41481,0.01529,0.01979,0.40385
153.0,index_price,1554202744855,open,0.0,0.0,2e-05,0.004633,0.000316,80.18,None,0.2,ETH-5APR19-180-C,153.0,95.21,0.001,151.0,0.003,157.0,117.52,0.00455,-0.04831,0.00015,0.00308,0.01301
153.0,index_price,1554202744858,open,0.01,2243.0,0.006096,0.027674,0.011711,80.18,0.013,0,ETH-5APR19-160-C,153.0,84.48,0.013,131.0,0.017,563.0,97.38,0.04544,-0.63351,0.00319,0.03073,0.27659
153.0,index_price,1554202744866,open,0.02,645.0,0.012669,0.036422,0.019112,79.37,0.025,0,ETH-5APR19-150-P,153.0,84.96,0.021,130.0,0.025,391.0,96.73,0.05153,-0.71119,-0.00476,0.03521,-0.37588
153.0,index_price,1554202744871,open,0.02,15.0,0.008541,0.044095,0.016695,78.46,0.034,0.2,ETH-12APR19-140-P,153.0,79.09,0.017,152.0,0.022,154.0,89.19,0.07323,-0.27157,-0.00953,0.01474,-0.21345
153.0,index_price,1554202744953,open,0.01,2243.0,0.006096,0.027674,0.011711,80.18,0.013,0,ETH-5APR19-160-C,153.0,84.48,0.013,135.0,0.017,563.0,97.38,0.04544,-0.63351,0.00319,0.03073,0.27659
4786.17,index_price,1554202744960,open,0.0,24.0,0.0,6.8e-06,9e-08,90.1,0.0005,0,BTC-5APR19-3375-P,4786.17,0.0,0.0,0.0,0.0005,7.4,172.7,0.0001,-0.00042,0.0,0.0,-1e-05
153.0,index_price,1554202744960,open,0.02,645.0,0.012669,0.036422,0.019112,79.37,0.025,0,ETH-5APR19-150-P,153.0,84.96,0.021,130.0,0.025,395.0,96.73,0.05153,-0.71119,-0.00476,0.03521,-0.37588
153.0,index_price,1554202744968,open,0.02,15.0,0.008541,0.044095,0.016695,78.46,0.034,0.2,ETH-12APR19-140-P,153.0,79.09,0.017,152.0,0.022,157.0,89.19,0.07323,-0.27157,-0.00953,0.01474,-0.21345
4785.82,BTC-27SEP19,1554202745028,open,0.0,38.2,8.019e-05,0.03440773,0.00278517,68.05,0.0055,0.0,BTC-27DEC19-1500-P,4786.17,0.0,0.0,0.0,0.0055,15.0,76.58,1.22263,-0.15473,-0.49841,1e-05,-0.01135
4785.82,BTC-27SEP19,1554202745048,open,0.06,0.3,0.05159701,0.09501312,0.05859957,57.52,0.1,0.0,BTC-27SEP19-3750-P,4786.18,56.73,0.057,7.4,0.0635,14.4,59.95,9.61512,-1.55472,-6.25281,0.00015,-0.2095
4785.82,BTC-27SEP19,1554202745048,open,0.26,0.0,0.26803222,0.31144833,0.27443345,57.22,None,0.0,BTC-27SEP19-3750-C,4786.18,53.47,0.267,14.7,0.285,14.7,62.42,9.59853,-1.54395,12.05043,0.00015,0.79111
4787.57,BTC-28JUN19,1554202745048,open,0.06,3.1,0.03814577,0.07944754,0.05741549,56.9,0.055,0.0,BTC-28JUN19-4250-P,4786.18,54.52,0.0535,21.8,0.0645,33.9,61.15,7.93053,-2.5969,-3.90257,0.00026,-0.28506
4787.57,BTC-28JUN19,1554202745048,open,0.16,2.0,0.15043029,0.19173206,0.16963069,56.85,0.09,0.0,BTC-28JUN19-4250-C,4786.18,52.52,0.1625,28.9,0.176,28.9,60.68,7.92957,-2.59467,6.21471,0.00026,0.71501
4785.82,BTC-27SEP19,1554202745048,open,0.15,1.0,0.15271518,0.20950222,0.1613013,57.15,0.098,0.0,BTC-27SEP19-4750-C,4786.18,56.12,0.1585,3.3,0.168,10.8,59.62,13.01452,-2.09087,9.91474,0.0002,0.58641
4785.82,BTC-27SEP19,1554202745048,open,0.34,0.0,0.34522898,0.37744747,0.35079364,58.03,None,0.0,BTC-27SEP19-3250-C,4786.18,53.45,0.3445,14.6,0.361,14.6,64.88,6.81848,-1.11232,12.2616,0.00011,0.87653
4786.18,index_price,1554202745048,open,0.25,12.0,0.26872788,0.26875421,0.26845806,0.0,0.1375,0,BTC-5APR19-3500-C,4786.18,0.0,0.262,27.6,0.2725,27.6,219.15,0.0,0.0,0.27575,0.0,1.0
4787.57,BTC-28JUN19,1554202745049,open,0.71,24.8,0.67299502,0.68801423,0.6803613,65.51,1.058,0.0,BTC-28JUN19-8000-P,4786.18,0.0,0.0,0.0,0.0,0.0,0.0,3.27237,-1.23375,-18.30483,9e-05,-0.92601
4785.82,BTC-27SEP19,1554202745049,open,0.94,0.0,0.89045907,0.91941252,0.90317294,64.86,None,0.0,BTC-27SEP19-9000-P,4786.18,0.0,0.0015,20.0,0.0,0.0,0.0,6.73499,-1.22796,-41.55769,9e-05,-0.87868
4787.57,BTC-28JUN19,1554202745049,open,1.35,5.7,1.29764713,1.29978104,1.30058236,78.28,1.142,0.0,BTC-28JUN19-11000-P,4786.18,0.0,0.0,0.0,0.0,0.0,0.0,1.29359,-0.58281,-25.94831,3e-05,-0.97655
4787.57,BTC-28JUN19,1554202745049,open,0.0,336.6,3.059e-05,0.0021645,0.00278344,77.59,0.002,0.0,BTC-28JUN19-11000-C,4786.18,68.21,0.001,2.0,0.0045,61.0,83.21,1.24037,-0.55391,0.22248,3e-05,0.02231
4785.82,BTC-27SEP19,1554202745049,open,1.14,2.0,1.09465115,1.11614705,1.10463364,65.93,1.8325,0.0,BTC-27SEP19-10000-P,4786.18,0.0,0.0015,20.0,0.0,0.0,0.0,5.20807,-0.96525,-47.09873,7e-05,-0.9148
4785.82,BTC-27SEP19,1554202745049,open,0.3,335.0,0.30502838,0.3431061,0.3109892,57.52,0.295,0.0,BTC-27SEP19-3500-C,4786.18,53.68,0.3045,14.6,0.3215,15.1,63.47,8.24607,-1.33337,12.25513,0.00013,0.83645
4785.82,BTC-27SEP19,1554202745048,open,0.11,84.0,0.07311607,0.28400605,0.1090762,57.8,0.121,0.0,BTC-27DEC19-4000-P,4786.18,55.31,0.102,11.6,0.1165,14.4,60.41,13.60826,-1.46274,-13.40171,0.00014,-0.27107
4787.57,BTC-28JUN19,1554202745049,open,0.0,346.1,7.51e-06,0.0011055,0.00202953,80.68,0.0015,0.0,BTC-28JUN19-12000-C,4786.18,68.91,0.0005,22.0,0.0035,43.2,86.78,0.94863,-0.4405,0.16232,2e-05,0.01627
4787.57,BTC-28JUN19,1554202745049,open,1.56,10.0,1.50649828,1.50759627,1.50871926,81.65,1.243,0.0,BTC-28JUN19-12000-P,4786.18,0.0,0.0,0.0,0.0,0.0,0.0,1.01135,-0.47528,-28.3874,2e-05,-0.98246
4787.57,BTC-28JUN19,1554202745050,open,0.03,7.5,0.0129519,0.04173209,0.02734417,58.52,0.056,0.0,BTC-28JUN19-3750-P,4786.18,55.64,0.024,38.2,0.031,7.4,61.56,5.66134,-1.90683,-2.12419,0.00018,-0.15907
4787.57,BTC-28JUN19,1554202745051,open,0.27,166.0,0.27870926,0.30262609,0.286188,59.09,0.2795,0.0,BTC-28JUN19-3500-C,4786.18,53.02,0.281,27.4,0.293,27.4,66.11,4.36902,-1.48583,6.88964,0.00014,0.8908
4787.57,BTC-28JUN19,1554202745051,open,1.13,43.3,1.08886723,1.09302148,1.09315604,75.37,1.509,0.0,BTC-28JUN19-10000-P,4786.18,0.0,1.0,0.3,0.0,0.0,0.0,1.7804,-0.77226,-23.45958,4e-05,-0.96558
4787.57,BTC-28JUN19,1554202745051,open,0.31,35.5,0.27929765,0.31984698,0.29047862,57.51,0.451,0.0,BTC-28JUN19-6000-P,4786.18,0.0,0.15,0.1,0.0,0.0,0.0,7.47306,-2.47339,-11.81945,0.00024,-0.74676
4787.57,BTC-28JUN19,1554202745051,open,2.2,2.0,2.13311358,2.13327144,2.13441623,91.58,2.658,0.0,BTC-28JUN19-15000-P,4786.18,0.0,0.0,0.0,0.0,0.0,0.0,0.61335,-0.32328,-35.60515,1e-05,-0.99017
4785.83,BTC-27SEP19,1554202745050,open,0.68,42.8,0.68663494,0.6879062,0.68835487,78.14,0.6235,0.0,BTC-27SEP19-1500-C,4786.18,0.0,0.684,19.7,0.6905,19.7,88.59,0.74895,-0.16451,7.07703,1e-05,0.99179
4785.83,BTC-27SEP19,1554202745048,open,0.02,149.7,0.00526803,0.11115707,0.0181187,60.12,0.015,0.0,BTC-27DEC19-2500-P,4786.18,57.63,0.0155,15.0,0.022,18.5,63.56,5.18964,-0.5802,-2.91982,5e-05,-0.0647
4785.83,BTC-27SEP19,1554202745051,open,0.04,1245.9,0.03693881,0.08483935,0.04731837,59.0,0.043,0.0,BTC-27SEP19-7000-C,4786.18,57.92,0.045,7.9,0.053,14.4,61.6,10.30581,-1.7093,4.41513,0.00016,0.23662
4787.57,BTC-28JUN19,1554202745051,open,0.0,871.2,0.00012493,0.00427918,0.00424793,74.91,0.004,0.0,BTC-28JUN19-10000-C,4786.18,67.18,0.002,20.0,0.0065,40.0,80.32,1.73811,-0.7494,0.33257,4e-05,0.03343
4785.83,BTC-27SEP19,1554202745051,open,0.02,630.8,0.01526427,0.04136759,0.02078429,59.14,0.0225,0.0,BTC-27SEP19-3000-P,4786.18,58.89,0.0205,7.4,0.024,18.0,61.89,5.44778,-0.90566,-2.59548,8e-05,-0.0905
4787.57,BTC-28JUN19,1554202745051,open,0.51,19.5,0.46965408,0.49600971,0.47892925,60.73,0.7515,0.0,BTC-28JUN19-7000-P,4786.18,0.0,0.0,0.0,0.0,0.0,0.0,4.89834,-1.71204,-15.38971,0.00015,-0.87162
4785.83,BTC-27SEP19,1554202745051,open,0.73,2.5,0.69074297,0.7287879,0.70337437,62.02,1.278,0.0,BTC-27SEP19-8000-P,4786.18,0.0,0.0055,13.1,0.0,0.0,0.0,8.32534,-1.45146,-35.85623,0.00012,-0.83401
4787.57,BTC-28JUN19,1554202745052,open,0.92,6.6,0.88037421,0.88838886,0.88528979,69.09,1.2875,0.0,BTC-28JUN19-9000-P,4786.18,0.0,0.001,0.3,0.0,0.0,0.0,2.18096,-0.86717,-20.97987,6e-05,-0.95583
4785.83,BTC-27SEP19,1554202745052,open,1.56,6.1,1.508826,1.52028304,1.51807103,72.44,1.9095,0.0,BTC-27SEP19-12000-P,4786.18,0.0,0.0015,20.0,0.0,0.0,0.0,3.918,-0.79785,-57.35682,5e-05,-0.94119
4786.18,index_price,1554202745049,open,0.19,5.9,0.15594505,0.17312719,0.1662152,61.04,0.1365,0,BTC-26APR19-5500-P,4786.18,57.24,0.1635,4.9,0.174,4.9,71.08,3.51097,-4.48822,-2.99905,0.00038,-0.79171
4785.83,BTC-27SEP19,1554202745048,open,0.56,0.0,0.50225946,0.74517799,0.53825538,57.96,None,0.0,BTC-27DEC19-7000-P,4786.18,0.0,0.0,0.0,0.0,0.0,0.0,14.34699,-1.54637,-43.54658,0.00015,-0.69695
4785.83,BTC-27SEP19,1554202745048,open,0.96,0.0,0.89171945,1.09766038,0.9209057,61.68,None,0.0,BTC-27DEC19-9000-P,4786.18,0.0,0.0,0.0,0.0,0.0,0.0,10.6503,-1.22158,-61.49414,0.0001,-0.82338
4786.18,index_price,1554202745049,open,0.0,1788.7,1e-08,3.678e-05,0.00039836,88.43,0.0005,0,BTC-26APR19-2750-P,4786.18,0.0,0.0,0.0,0.0005,7.4,90.88,0.18281,-0.33853,-0.01748,1e-05,-0.00518
4786.18,index_price,1554202745050,open,0.02,2.1,0.01295553,0.0567391,0.02438289,64.26,0.0155,0,BTC-12APR19-5000-C,4786.18,59.54,0.0215,24.0,0.0255,7.4,66.08,2.94306,-9.57554,0.43358,0.00074,0.3592
4786.18,index_price,1554202745048,open,0.01,21.7,0.00016221,0.01015789,0.00265617,75.37,0.0025,0,BTC-5APR19-4375-P,4786.18,65.81,0.0015,5.0,0.003,0.4,77.8,0.65747,-8.61565,-0.03282,0.00048,-0.08438
4785.83,BTC-27SEP19,1554202745049,open,0.58,0.0,0.58311411,0.65009074,0.59004924,63.5,None,0.0,BTC-27DEC19-2000-C,4786.18,52.59,0.585,11.4,0.598,11.4,74.62,2.83367,-0.3346,13.37728,3e-05,0.9695
4786.18,index_price,1554202745048,open,0.0,307.3,0.0,8.744e-05,4.51e-06,90.12,0.0005,0,BTC-5APR19-3625-P,4786.18,0.0,0.0,0.0,0.0005,7.4,140.94,0.00353,-0.02161,-8e-05,0.0,-0.00022
4785.83,BTC-27SEP19,1554202745054,open,1.36,3.1,1.30114536,1.3168895,1.31239134,70.81,1.9215,0.0,BTC-27SEP19-11000-P,4786.18,0.0,0.0015,30.0,0.0,0.0,0.0,4.75021,-0.94549,-52.17211,6e-05,-0.92456
4786.18,index_price,1554202745048,open,0.0,318.5,0.0,2.634e-05,7.2e-07,90.11,0.0005,0,BTC-5APR19-3500-P,4786.18,0.0,0.0,0.0,0.0005,7.4,156.6,0.00069,-0.00343,-1e-05,0.0,-4e-05
4786.18,index_price,1554202745052,open,0.47,0.0,0.47766277,0.47766728,0.47758732,0.0,None,0,BTC-26APR19-2500-C,4786.18,0.0,0.4735,39.1,0.4815,39.1,142.18,0.0,0.0,1.63532,0.0,1.0
4786.18,index_price,1554202745049,open,0.16,533.3,0.16694845,0.17780316,0.17196303,58.57,0.1645,0,BTC-26APR19-4000-C,4786.18,46.9,0.1675,33.1,0.1755,1.0,65.77,2.1726,-2.66489,2.27445,0.00025,0.89844
4785.83,BTC-27SEP19,1554202745049,open,0.32,4.8,0.30724531,0.48903288,0.33536481,57.7,0.314,0.0,BTC-27DEC19-3500-C,4786.18,54.72,0.3285,10.1,0.348,10.1,63.06,11.13169,-1.19448,16.7476,0.00011,0.81041
4786.18,index_price,1554202745048,open,0.23,10.7,0.24261102,0.24269846,0.24233533,0.0,0.1955,0,BTC-5APR19-3625-C,4786.18,0.0,0.236,27.3,0.2465,27.3,200.06,0.0,0.0,0.2856,0.0,1.0
4785.83,BTC-27SEP19,1554202745048,open,0.01,34.4,0.00101445,0.06799108,0.00827117,64.04,0.011,0.0,BTC-27DEC19-2000-P,4786.18,59.96,0.006,15.0,0.0105,18.0,67.5,2.89321,-0.34453,-1.39433,3e-05,-0.03128
4785.83,BTC-27SEP19,1554202745049,open,0.04,49.4,0.01116791,0.21710883,0.03891544,61.03,0.0455,0.0,BTC-27DEC19-9000-C,4786.18,58.73,0.034,29.9,0.0445,14.4,63.51,10.49665,-1.19125,4.71382,0.0001,0.17262
4785.83,BTC-27SEP19,1554202745049,open,0.48,0.0,0.48289261,0.58878164,0.49534129,59.75,None,0.0,BTC-27DEC19-2500-C,4786.18,54.39,0.49,10.6,0.5065,10.6,69.1,5.14061,-0.57116,15.53819,5e-05,0.93608
4785.83,BTC-27SEP19,1554202745048,open,0.07,16.7,0.03960826,0.28252679,0.07447863,57.58,0.082,0.0,BTC-27DEC19-7000-C,4786.18,56.07,0.07,13.8,0.0845,14.4,60.89,14.29789,-1.53108,7.9771,0.00015,0.30075
4786.18,index_price,1554202745051,open,0.26,32.6,0.26882568,0.27120804,0.26981275,60.77,0.275,0,BTC-26APR19-3500-C,4786.18,0.0,0.2655,33.4,0.275,33.4,85.18,0.54811,-0.69749,2.22894,6e-05,0.98176
4786.18,index_price,1554202745049,open,0.0,0.0,0.00017361,0.01823634,0.00373967,73.56,None,0,BTC-12APR19-5750-C,4786.18,67.53,0.0025,7.4,0.005,7.4,78.7,1.0885,-4.05387,0.08933,0.00024,0.07272
4786.18,index_price,1554202745048,open,0.17,18.0,0.14914461,0.15349919,0.1509568,94.42,0.149,0,BTC-5APR19-5500-P,4786.18,0.0,0.148,6.0,0.1555,6.0,127.19,0.45871,-7.53098,-0.41403,0.00027,-0.94703
4786.18,index_price,1554202745049,open,0.23,0.0,0.20154923,0.21961197,0.20555975,75.46,None,0,BTC-12APR19-5750-P,4786.18,53.18,0.202,6.0,0.2105,6.0,92.2,1.15237,-4.4025,-1.45968,0.00025,-0.92162
4786.18,index_price,1554202745049,open,0.0,11.7,0.00017101,0.0158302,0.00189409,65.08,0.002,0,BTC-12APR19-4000-P,4786.18,57.88,0.001,2.1,0.0025,7.4,68.89,0.70362,-2.31841,-0.05663,0.00017,-0.04184
4785.91,BTC-27SEP19,1554202745048,open,0.47,0.0,0.41237071,0.66138076,0.45081936,57.61,None,0.0,BTC-27DEC19-6500-P,4786.18,0.0,0.0,0.0,0.0,0.0,0.0,15.29244,-1.63836,-38.63338,0.00016,-0.645
4785.91,BTC-27SEP19,1554202745050,open,0.0,0.00173977,0.15319243,0.01778008,64.98,None,0.0,BTC-27DEC19-12000-C,4786.18,65.14,0.018,2.0,0.0,0.0,0.0,6.41656,-0.77534,2.38531,6e-05,0.08544
4785.91,BTC-27SEP19,1554202745051,open,0.09,10.4,0.05421729,0.30322735,0.09159809,57.28,0.0845,0.0,BTC-27DEC19-6500-C,4786.18,55.35,0.0855,13.3,0.1015,14.4,60.36,15.26355,-1.62577,9.22001,0.00016,0.35312
4786.18,index_price,1554202745049,open,0.0,3.1,0.00014625,0.01060796,0.00460623,87.28,0.003,0,BTC-5APR19-5250-C,4786.18,77.63,0.003,36.9,0.0055,5.0,92.02,0.86962,-13.19651,0.04502,0.00055,0.124
4785.91,BTC-27SEP19,1554202745048,open,0.76,0.0,0.69261086,0.91835011,0.72606731,59.97,None,0.0,BTC-27DEC19-8000-P,4786.18,0.0,0.0,0.0,0.0,0.0,0.0,12.45556,-1.38914,-52.76418,0.00012,-0.77057
4785.91,BTC-27SEP19,1554202745048,open,0.39,0.0,0.32763387,0.57984615,0.36872986,57.56,None,0.0,BTC-27DEC19-6000-P,4786.18,47.0,0.334,3.0,0.0,0.0,0.0,16.02753,-1.71544,-33.56848,0.00017,-0.58343
4786.18,index_price,1554202745048,open,0.0,58.6,4.234e-05,0.01127184,0.00108151,67.34,0.004,0,BTC-12APR19-3875-P,4786.18,59.77,0.0005,10.0,0.0015,7.4,71.28,0.45825,-1.5623,-0.03362,0.00011,-0.02488
4785.91,BTC-27SEP19,1554202745049,open,0.04,100.6,0.01662021,0.16237669,0.03761616,58.84,0.0435,0.0,BTC-27DEC19-3000-P,4786.18,57.3,0.035,14.9,0.0425,18.5,61.64,8.19437,-0.89666,-5.5403,8e-05,-0.11953
4786.18,index_price,1554202745052,open,0.02,50.0,0.00385956,0.03711188,0.01077244,63.49,0.007,0,BTC-12APR19-4375-P,4786.18,59.29,0.009,24.0,0.012,7.4,66.28,2.07149,-6.65854,-0.24807,0.00053,-0.18079
4786.18,index_price,1554202745052,open,0.0,259.9,0.0,3.3e-07,2.174e-05,90.04,0.0005,0,BTC-26APR19-2250-P,4786.18,0.0,0.0,0.0,0.0005,7.4,120.78,0.01546,-0.02915,-0.00115,0.0,-0.00035
4785.91,BTC-27SEP19,1554202745048,open,0.05,9.9,0.02103743,0.24677667,0.05317959,59.47,0.048,0.0,BTC-27DEC19-8000-C,4786.18,57.23,0.0475,29.0,0.06,14.4,62.06,12.35666,-1.36646,6.10004,0.00012,0.2262
153.0,index_price,1554202745090,open,0.01,0.0,0.00843,0.046633,0.016733,77.87,None,0.2,ETH-12APR19-170-C,153.0,72.36,0.014,200.0,0.02,200.0,84.16,0.07768,-0.3247,0.00911,0.01575,0.2369
153.0,index_price,1554202745098,open,0.01,200.0,0.002527,0.031048,0.007737,79.02,0.001,0.2,ETH-12APR19-180-C,153.0,76.81,0.007,155.0,0.011,182.0,87.9,0.0522,-0.21879,0.00491,0.01043,0.12637
153.0,index_price,1554202745101,open,0.02,2499.0,0.032277,0.05603,0.039104,80.51,0.041,0,ETH-5APR19-150-C,153.0,86.12,0.041,113.0,0.045,95.0,97.88,0.05159,-0.7222,0.00704,0.03474,0.6228
153.0,index_price,1554202745106,open,0.05,505.0,0.052577,0.097117,0.063802,77.79,0.037,0.2,ETH-12APR19-150-C,153.0,70.21,0.059,146.0,0.065,179.0,79.68,0.09704,-0.4274,0.02232,0.01969,0.60296
153.0,index_price,1554202745110,open,0.0,0.0,0.000505,0.011913,0.002304,80.24,None,0,ETH-5APR19-170-C,153.0,92.01,0.004,82.0,0.007,168.0,108.29,0.01911,-0.26655,0.00087,0.01291,0.0744
153.0,index_price,1554202745114,open,0.04,10.0,0.027678,0.072218,0.038521,77.19,0.048,0.2,ETH-12APR19-150-P,153.0,77.95,0.039,161.0,0.045,171.0,87.39,0.09701,-0.34265,-0.01801,0.01984,-0.39663
153.0,index_price,1554202745118,open,0.03,1326.0,0.023235,0.068258,0.03441,77.78,0.021,0.2,ETH-12APR19-160-C,153.0,70.83,0.03,176.0,0.036,164.0,80.27,0.09747,-0.41481,0.01529,0.01979,0.40385
153.0,index_price,1554202745133,open,0.0,0.0,2e-05,0.004633,0.000316,80.18,None,0.2,ETH-5APR19-180-C,153.0,95.21,0.001,153.0,0.003,157.0,117.52,0.00455,-0.04831,0.00015,0.00308,0.01301
153.0,index_price,1554202745144,open,0.01,2243.0,0.006096,0.027674,0.011711,80.18,0.013,0,ETH-5APR19-160-C,153.0,84.48,0.013,140.0,0.017,563.0,97.38,0.04544,-0.63351,0.00319,0.03073,0.27659
153.0,index_price,1554202745151,open,0.02,645.0,0.012669,0.036422,0.019112,79.37,0.025,0,ETH-5APR19-150-P,153.0,84.96,0.021,130.0,0.025,401.0,96.73,0.05153,-0.71119,-0.00476,0.03521,-0.37588
153.0,index_price,1554202745156,open,0.02,15.0,0.008541,0.044095,0.016695,78.46,0.034,0.2,ETH-12APR19-140-P,153.0,79.09,0.017,152.0,0.022,161.0,89.19,0.07323,-0.27157,-0.00953,0.01474,-0.21345
4786.18,index_price,1554202745202,open,0.07,1221.3,0.08607206,0.09606773,0.08822785,72.83,0.068,0,BTC-5APR19-4375-C,4786.18,0.0,0.0855,0.4,0.0885,0.4,74.88,0.61674,-7.80966,0.31458,0.00047,0.92247
4786.18,index_price,1554202745211,open,0.07,1221.3,0.08607206,0.09606773,0.08822785,72.83,0.068,0,BTC-5APR19-4375-C,4786.18,41.78,0.086,0.4,0.0885,0.4,74.88,0.61674,-7.80966,0.31458,0.00047,0.92247
153.0,index_price,1554202745247,open,0.01,80.0,0.001636,0.02409,0.005363,78.53,0.008,0.2,ETH-12APR19-130-P,153.0,72.88,0.004,131.0,0.007,100.0,84.51,0.03941,-0.14903,-0.00377,0.00792,-0.08571
153.0,index_price,1554202745262,open,0.01,200.0,0.002527,0.031048,0.007737,79.02,0.001,0.2,ETH-12APR19-180-C,153.0,76.81,0.007,155.0,0.011,178.0,87.9,0.0522,-0.21879,0.00491,0.01043,0.12637
153.0,index_price,1554202745265,open,0.02,2499.0,0.032277,0.05603,0.039104,80.51,0.041,0,ETH-5APR19-150-C,153.0,86.12,0.041,113.0,0.045,81.0,97.88,0.05159,-0.7222,0.00704,0.03474,0.6228
153.0,index_price,1554202745270,open,0.05,505.0,0.052577,0.097117,0.063802,77.79,0.037,0.2,ETH-12APR19-150-C,153.0,70.21,0.059,145.0,0.065,179.0,79.68,0.09704,-0.4274,0.02232,0.01969,0.60296
153.0,index_price,1554202745274,open,0.05,505.0,0.052577,0.097117,0.063802,77.79,0.037,0.2,ETH-12APR19-150-C,153.0,70.21,0.059,145.0,0.065,168.0,79.68,0.09704,-0.4274,0.02232,0.01969,0.60296
153.0,index_price,1554202745277,open,0.0,0.0,0.000505,0.011913,0.002304,80.24,None,0,ETH-5APR19-170-C,153.0,92.01,0.004,82.0,0.007,162.0,108.29,0.01911,-0.26655,0.00087,0.01291,0.0744
153.0,index_price,1554202745292,open,0.04,10.0,0.027678,0.072218,0.038521,77.19,0.048,0.2,ETH-12APR19-150-P,153.0,77.95,0.039,151.0,0.045,171.0,87.39,0.09701,-0.34265,-0.01801,0.01984,-0.39663
153.0,index_price,1554202745306,open,0.04,10.0,0.027678,0.072218,0.038521,77.19,0.048,0.2,ETH-12APR19-150-P,153.0,77.95,0.039,151.0,0.045,172.0,87.39,0.09701,-0.34265,-0.01801,0.01984,-0.39663
153.0,index_price,1554202745309,open,0.03,1326.0,0.023235,0.068258,0.03441,77.78,0.021,0.2,ETH-12APR19-160-C,153.0,70.83,0.03,176.0,0.036,156.0,80.27,0.09747,-0.41481,0.01529,0.01979,0.40385
153.0,index_price,1554202745313,open,0.0,0.0,2e-05,0.004633,0.000316,80.18,None,0.2,ETH-5APR19-180-C,153.0,95.21,0.001,153.0,0.003,154.0,117.52,0.00455,-0.04831,0.00015,0.00308,0.01301
153.0,index_price,1554202745316,open,0.01,2243.0,0.006096,0.027674,0.011711,80.18,0.013,0,ETH-5APR19-160-C,153.0,84.48,0.013,140.0,0.017,555.0,97.38,0.04544,-0.63351,0.00319,0.03073,0.27659
153.0,index_price,1554202745320,open,0.0,396.0,0.001008,0.013982,0.003391,79.74,0.004,0,ETH-5APR19-140-P,153.0,77.13,0.003,121.0,0.005,100.0,89.33,0.02358,-0.32691,-0.00123,0.01603,-0.09854
153.0,index_price,1554202745334,open,0.02,645.0,0.012669,0.036422,0.019112,79.37,0.025,0,ETH-5APR19-150-P,153.0,84.96,0.021,121.0,0.025,401.0,96.73,0.05153,-0.71119,-0.00476,0.03521,-0.37588
153.0,index_price,1554202745339,open,0.02,15.0,0.008541,0.044095,0.016695,78.46,0.034,0.2,ETH-12APR19-140-P,153.0,79.09,0.017,146.0,0.022,161.0,89.19,0.07323,-0.27157,-0.00953,0.01474,-0.21345
155.28,ETH-28JUN19,1554202745851,open,0.02,823.0,0.014362,0.076153,0.024679,71.41,0.031,0.0,ETH-28JUN19-110-P,153.0,65.41,0.019,684.0,0.03,200.0,76.62,0.15354,-0.0631,-0.05431,0.00375,-0.12226
4785.82,BTC-27SEP19,1554202745949,open,0.13,13.2,0.11708505,0.17183651,0.1259957,57.41,0.127,0.0,BTC-27SEP19-4500-P,4786.18,56.45,0.1235,4.7,0.133,29.5,60.08,12.51875,-2.02006,-11.37339,0.0002,-0.36166
153.0,index_price,1554202745951,open,0.01,0.0,0.00843,0.046633,0.016733,77.87,None,0.2,ETH-12APR19-170-C,153.0,72.36,0.014,197.0,0.02,200.0,84.16,0.07768,-0.3247,0.00911,0.01575,0.2369
155.72,ETH-27SEP19,1554202745963,open,0.06,772.0,0.040119,0.205577,0.065723,71.86,0.071,0.0,ETH-27SEP19-240-C,153.0,67.1,0.055,464.0,0.078,464.0,77.05,0.35972,-0.07266,0.15535,0.00424,0.27043
155.28,ETH-28JUN19,1554202745989,open,0.05,767.0,0.04682,0.149072,0.063402,69.57,0.045,0.0,ETH-28JUN19-190-C,153.0,64.21,0.054,632.0,0.07,200.0,73.25,0.27615,-0.11057,0.10056,0.00692,0.33548
155.28,ETH-28JUN19,1554202746009,open,0.25,26.0,0.253809,0.329073,0.265346,69.54,0.191,0.0,ETH-28JUN19-120-C,153.0,59.29,0.253,276.0,0.276,276.0,77.73,0.19623,-0.07853,0.20634,0.00492,0.82365
153.0,index_price,1554202746095,open,0.01,0.0,0.00843,0.046633,0.016733,77.87,None,0.2,ETH-12APR19-170-C,153.0,72.36,0.014,200.0,0.02,200.0,84.16,0.07768,-0.3247,0.00911,0.01575,0.2369
153.0,index_price,1554202746140,open,0.34,0.0,0.349933,0.351336,0.350202,104.4,None,0.2,ETH-12APR19-100-C,153.0,0.0,0.338,251.0,0.356,251.0,170.53,0.00347,-0.07244,0.0267,0.00053,0.99525
4787.56,BTC-28JUN19,1554202746155,open,0.19,453.0,0.1942938,0.2310027,0.20434251,57.22,0.197,0.0,BTC-28JUN19-4000-C,4786.18,52.72,0.198,28.1,0.205,13.8,57.68,6.8559,-2.25782,6.59731,0.00022,0.7833
4785.98,BTC-27SEP19,1554202746155,open,0.01,681.6,0.00142428,0.01288269,0.00874995,69.96,0.008,0.0,BTC-27SEP19-12000-C,4786.18,66.59,0.0065,18.0,0.011,1.0,72.84,3.48518,-0.68539,0.97884,4e-05,0.05072
4785.98,BTC-27SEP19,1554202746155,open,0.0,2099.5,6.018e-05,0.00133121,0.00202,79.62,0.0015,0.0,BTC-27SEP19-1500-P,4786.18,72.19,0.001,10.0,0.003,35.4,84.68,0.81245,-0.18182,-0.25713,1e-05,-0.009
4787.56,BTC-28JUN19,1554202746155,open,0.0,1357.9,3e-08,4.15e-05,0.00030717,90.0,0.0005,0.0,BTC-28JUN19-1500-P,4786.18,0.0,0.0,0.0,0.001,7.4,103.32,0.15486,-0.08022,-0.02744,0.0,-0.0021
4786.18,index_price,1554202746155,open,0.04,67.4,0.0208512,0.04334977,0.03285765,58.58,0.033,0,BTC-26APR19-4500-P,4786.18,55.97,0.0305,28.7,0.035,0.4,60.93,4.33858,-5.32226,-1.08383,0.00049,-0.31333
4785.98,BTC-27SEP19,1554202746174,open,0.1,279.9,0.09671977,0.15491184,0.10544642,57.18,0.1055,0.0,BTC-27SEP19-5500-C,4786.18,55.01,0.0995,25.5,0.112,10.8,59.55,13.18207,-2.11862,7.82276,0.00021,0.44085
4787.56,BTC-28JUN19,1554202746174,open,0.0,306.4,4.7e-07,0.00029847,0.00140118,87.68,0.001,0.0,BTC-28JUN19-14000-C,4786.18,0.0,0.0,0.0,0.0025,40.0,94.0,0.66995,-0.33808,0.108,1e-05,0.01088
4787.56,BTC-28JUN19,1554202746195,open,0.02,689.3,0.00976925,0.03368628,0.01730584,59.15,0.0155,0.0,BTC-28JUN19-3500-P,4786.18,56.56,0.015,39.7,0.0215,25.4,63.56,4.37447,-1.48928,-1.44373,0.00014,-0.10939
4786.18,index_price,1554202746195,open,0.0,7.2,0.0,0.00116403,0.00017139,90.08,0.001,0,BTC-12APR19-3250-P,4786.18,0.0,0.0,0.0,0.0005,7.4,102.15,0.08507,-0.38799,-0.0049,2e-05,-0.00361
4785.98,BTC-27SEP19,1554202746197,open,0.08,89.0,0.0701366,0.11817624,0.07773065,57.38,0.091,0.0,BTC-27SEP19-4000-P,4786.18,56.61,0.076,7.0,0.084,14.4,60.15,10.80373,-1.7426,-7.8409,0.00017,-0.25845
153.0,index_price,1554202746212,open,0.26,0.0,0.235763,0.255329,0.238022,77.61,None,0.2,ETH-12APR19-190-P,153.0,0.0,0.001,10.0,0.317,3.0,240.89,0.02835,-0.01228,-0.04894,0.00577,-0.94412
153.0,index_price,1554202746218,open,0.19,40.0,0.174639,0.179252,0.174473,0.0,0.159,0.2,ETH-5APR19-180-P,153.0,0.0,0.001,10.0,0.234,1.0,334.96,0.0,0.09847,-0.01416,0.0,-1.0
4786.18,index_price,1554202746229,open,0.08,1177.7,0.08064418,0.10314276,0.09230281,58.19,0.095,0,BTC-26APR19-4500-C,4786.18,52.85,0.0875,52.1,0.0945,4.0,60.61,4.33388,-5.28164,1.86331,0.0005,0.68746
4786.18,index_price,1554202746239,open,0.57,0.0,0.58213022,0.58213023,0.58197826,0.0,None,0,BTC-26APR19-2000-C,4786.18,0.0,0.578,43.8,0.5855,43.8,181.01,0.0,0.0,1.30826,0.0,1.0
4785.98,BTC-27SEP19,1554202746244,open,0.19,17.0,0.17622069,0.23420828,0.1858236,57.46,0.302,0.0,BTC-27SEP19-5000-P,4786.18,53.92,0.176,13.8,0.193,13.3,60.05,13.27318,-2.14384,-15.14565,0.00021,-0.46355
4786.18,index_price,1554202746244,open,0.36,4.9,0.37319583,0.37339617,0.37359292,75.65,0.3325,0,BTC-26APR19-3000-C,4786.18,0.0,0.3685,36.1,0.3775,36.1,109.27,0.20872,-0.33067,1.9423,2e-05,0.99398
4786.18,index_price,1554202746253,open,0.07,1221.3,0.08607206,0.09606773,0.08822785,72.83,0.068,0,BTC-5APR19-4375-C,4786.18,0.0,0.0855,0.4,0.0885,0.4,74.88,0.61674,-7.80966,0.31458,0.00047,0.92247
4786.18,index_price,1554202746265,open,0.07,1221.3,0.08607206,0.09606773,0.08822785,72.83,0.068,0,BTC-5APR19-4375-C,4786.18,41.78,0.086,0.4,0.0885,0.4,74.88,0.61674,-7.80966,0.31458,0.00047,0.92247
4786.18,index_price,1554202746269,open,0.02,36.1,0.00848398,0.02556667,0.01763648,59.27,0.0175,0,BTC-26APR19-4250-P,4786.18,56.19,0.0155,21.3,0.0195,53.6,61.88,3.37504,-4.18908,-0.66573,0.00038,-0.19501
4785.98,BTC-27SEP19,1554202746281,open,0.07,703.4,0.07055091,0.12664098,0.07878344,57.19,0.0815,0.0,BTC-27SEP19-6000-C,4786.18,55.34,0.074,29.2,0.086,14.4,59.94,12.46236,-2.00336,6.48755,0.0002,0.35694
4787.56,BTC-28JUN19,1554202746281,open,0.01,1447.7,0.00753432,0.03388976,0.01669357,60.62,0.019,0.0,BTC-28JUN19-7000-C,4786.18,58.92,0.015,7.4,0.019,9.0,62.81,4.88343,-1.70364,1.2663,0.00015,0.12782
4787.56,BTC-28JUN19,1554202746288,open,1.98,1.3,1.92424581,1.92454381,1.92587253,89.21,2.415,0.0,BTC-28JUN19-14000-P,4786.18,0.0,0.0,0.0,0.0,0.0,0.0,0.74501,-0.38252,-33.20063,2e-05,-0.98771
4785.98,BTC-27SEP19,1554202746290,open,0.38,246.8,0.38843051,0.41453153,0.39345401,58.7,0.3115,0.0,BTC-27SEP19-3000-C,4786.18,53.57,0.388,14.6,0.403,14.6,66.56,5.39717,-0.8906,12.06244,8e-05,0.91063
4786.18,index_price,1554202746292,open,0.01,1337.2,0.00062288,0.0062865,0.00366505,61.67,0.004,0,BTC-26APR19-3750-P,4786.18,62.87,0.004,0.9,0.0045,7.4,64.57,1.30252,-1.6821,-0.17427,0.00014,-0.052
4786.18,index_price,1554202746295,open,0.01,0.1,0.00196656,0.0330033,0.00932375,68.34,0.01,0,BTC-12APR19-5375-C,4786.18,69.98,0.01,0.9,0.011,7.4,72.34,1.95087,-6.75028,0.20102,0.00046,0.16456
4785.98,BTC-27SEP19,1554202746321,open,0.27,12.1,0.2459097,0.30410177,0.25555192,57.51,0.442,0.0,BTC-27SEP19-5500-P,4786.18,53.67,0.245,11.3,0.265,10.8,60.93,13.18823,-2.13193,-18.97258,0.00021,-0.5579
4787.56,BTC-28JUN19,1554202746321,open,1.77,0.8,1.71537253,1.71594164,1.71735308,86.14,2.171,0.0,BTC-28JUN19-13000-P,4786.18,0.0,0.07,1.0,0.0,0.0,0.0,0.89074,-0.4416,-30.7923,2e-05,-0.98488
4786.18,index_price,1554202746321,open,0.0,2905.0,9.46e-06,0.00080008,0.0010186,72.49,0.0015,0,BTC-26APR19-3250-P,4786.18,65.7,0.0005,7.0,0.001,7.4,72.29,0.45322,-0.68803,-0.04893,4e-05,-0.01461
4785.98,BTC-27SEP19,1554202746333,open,0.01,736.4,0.0046509,0.01908196,0.00893647,61.89,0.0065,0.0,BTC-27SEP19-2500-P,4786.18,61.2,0.0085,7.4,0.011,18.0,64.97,3.04148,-0.52914,-1.20671,4e-05,-0.0428
4786.18,index_price,1554202746333,open,0.01,18.4,0.00160075,0.02864572,0.00670606,64.85,0.0075,0,BTC-12APR19-4250-P,4786.18,57.69,0.0045,30.0,0.0075,6.9,67.19,1.58948,-5.21907,-0.16613,0.0004,-0.12158
4785.98,BTC-27SEP19,1554202746358,open,0.48,57.5,0.48229185,0.4967229,0.48616124,61.23,0.389,0.0,BTC-27SEP19-2500-C,4786.18,49.44,0.4805,15.3,0.4925,0.1,70.07,2.96909,-0.51102,11.01554,4e-05,0.95845
4787.56,BTC-28JUN19,1554202746358,open,0.47,27.9,0.47802242,0.48177435,0.48117065,72.79,0.469,0.0,BTC-28JUN19-2500-C,4786.18,0.0,0.477,29.7,0.485,29.7,84.44,1.24288,-0.52066,5.65732,3e-05,0.97764
4786.18,index_price,1554202746358,open,0.02,1011.3,0.01438222,0.03605982,0.02668755,59.71,0.0255,0,BTC-26APR19-5250-C,4786.18,56.07,0.0235,82.3,0.0285,0.5,61.74,4.24512,-5.30823,0.85033,0.00047,0.29829
4787.56,BTC-28JUN19,1554202746364,open,0.13,317.6,0.12719507,0.17282542,0.13927146,56.64,0.121,0.0,BTC-28JUN19-4500-C,4786.18,54.57,0.1355,7.4,0.145,29.9,59.78,8.72608,-2.84459,5.72236,0.00028,0.64145
4786.18,index_price,1554202746415,open,0.08,0.2,0.05762999,0.10141356,0.06944383,64.89,0.065,0,BTC-12APR19-5000-P,4786.18,59.26,0.066,18.0,0.075,18.0,73.82,2.94783,-9.68479,-0.91757,0.00073,-0.63911
4786.18,index_price,1554202746426,open,0.0,10.6,2.71e-06,0.00435729,0.00138977,89.66,0.0015,0,BTC-5APR19-5500-C,4786.18,84.48,0.001,37.4,0.002,1.0,96.3,0.39478,-6.15408,0.01603,0.00024,0.04391
4786.18,index_price,1554202746446,open,0.11,0.0,0.07814762,0.11844331,0.08900529,66.34,None,0,BTC-12APR19-5125-P,4786.18,59.91,0.0855,6.0,0.0945,6.0,75.96,2.6664,-8.95554,-1.04302,0.00065,-0.71643
155.28,ETH-28JUN19,1554202746466,open,0.06,1113.0,0.044403,0.13134,0.060371,70.62,0.064,0.0,ETH-28JUN19-130-P,153.0,66.44,0.054,200.0,0.07,600.0,76.83,0.23853,-0.09695,-0.11313,0.00589,-0.24572
4786.18,index_price,1554202746549,open,0.07,0.6,0.04750776,0.06770435,0.05607647,78.22,0.058,0,BTC-5APR19-5000-P,4786.18,65.71,0.0525,6.0,0.0605,6.0,92.68,1.42006,-19.31302,-0.29416,0.00101,-0.724
153.0,index_price,1554202746650,open,0.0,162.0,0.000166,0.011418,0.00119,78.56,0.002,0.2,ETH-12APR19-120-P,153.0,0.0,0.0,0.0,0.001,100.0,76.37,0.01396,-0.05344,-0.00102,0.0028,-0.02348
4785.98,BTC-27SEP19,1554202746669,open,0.02,7.6,0.00320401,0.17117679,0.0233635,64.26,0.029,0.0,BTC-27DEC19-11000-C,4786.18,61.39,0.019,33.0,0.0285,18.0,67.31,7.66204,-0.91563,3.01122,7e-05,0.10877
153.0,index_price,1554202746748,open,0.15,11.0,0.156548,0.179002,0.160607,79.8,0.094,0.2,ETH-12APR19-130-C,153.0,0.0,0.15,414.0,0.163,199.0,88.16,0.04047,-0.22644,0.03107,0.00801,0.91116
155.28,ETH-28JUN19,1554202746772,open,0.08,605.0,0.068236,0.164327,0.085988,70.26,0.109,0.0,ETH-28JUN19-140-P,153.0,66.81,0.08,200.0,0.097,345.0,76.58,0.27016,-0.10925,-0.14927,0.0067,-0.3179
4786.18,index_price,1554202746772,open,0.0,436.3,0.0,0.00064641,9.291e-05,90.15,0.0005,0,BTC-5APR19-3875-P,4786.18,0.0,0.0,0.0,0.0005,7.4,110.76,0.04682,-0.44468,-0.00143,3e-05,-0.00369
155.72,ETH-27SEP19,1554202746777,open,1.24,0.0,1.190782,1.306755,1.205519,74.66,None,0.0,ETH-27SEP19-340-P,153.04,0.0,0.002,1.0,2.6,1.0,500.0,0.20163,-0.04232,-1.5918,0.00229,-0.89207
155.28,ETH-28JUN19,1554202746777,open,0.24,1.0,0.220744,0.326097,0.240535,70.66,0.312,0.0,ETH-28JUN19-180-P,153.04,63.41,0.227,181.0,0.256,181.0,78.81,0.29247,-0.11893,-0.31106,0.00721,-0.6011
155.28,ETH-28JUN19,1554202746777,open,0.11,603.0,0.098175,0.200569,0.117589,70.34,0.111,0.0,ETH-28JUN19-150-P,153.04,66.83,0.111,200.0,0.129,292.0,76.43,0.29122,-0.11789,-0.18858,0.00721,-0.39266
155.72,ETH-27SEP19,1554202746777,open,1.11,0.0,1.065266,1.190829,1.082861,74.7,None,0.0,ETH-27SEP19-320-P,153.04,0.0,0.002,1.0,2.5,1.0,500.0,0.2315,-0.04861,-1.48101,0.00262,-0.86874
155.28,ETH-28JUN19,1554202746777,open,0.19,21.0,0.175018,0.281722,0.195348,70.53,0.333,0.0,ETH-28JUN19-170-P,153.04,63.63,0.182,218.0,0.209,218.0,77.56,0.30097,-0.12217,-0.27042,0.00744,-0.53632
155.72,ETH-27SEP19,1554202746777,open,0.16,139.0,0.154769,0.328435,0.183539,70.48,0.141,0.0,ETH-27SEP19-160-C,153.04,66.27,0.172,354.0,0.197,354.0,75.41,0.42585,-0.08436,0.2976,0.00511,0.57569
155.28,ETH-28JUN19,1554202746777,open,0.01,1958.0,0.006779,0.054365,0.014219,72.27,0.018,0.0,ETH-28JUN19-100-P,153.04,65.83,0.01,200.0,0.019,200.0,78.64,0.10959,-0.04558,-0.03378,0.00264,-0.07717
155.72,ETH-27SEP19,1554202746777,open,0.22,343.0,0.212965,0.373061,0.239266,70.51,0.189,0.0,ETH-27SEP19-140-C,153.04,65.61,0.227,327.0,0.253,325.0,76.0,0.38972,-0.07724,0.333,0.00468,0.67807
155.28,ETH-28JUN19,1554202746777,open,0.15,39.0,0.133943,0.239792,0.154191,70.43,0.148,0.0,ETH-28JUN19-160-P,153.04,63.63,0.141,255.0,0.167,255.0,77.04,0.30114,-0.12206,-0.22932,0.00745,-0.46627
155.28,ETH-28JUN19,1554202746777,open,0.36,0.0,0.362781,0.410367,0.369058,70.59,None,0.0,ETH-28JUN19-100-C,153.04,47.29,0.358,277.0,0.379,277.0,83.49,0.10563,-0.04292,0.20601,0.00261,0.92647
155.76,ETH-27SEP19,1554202746777,open,0.3,0.0,0.266985,0.446116,0.296167,70.52,None,0.0,ETH-27SEP19-180-P,153.04,63.26,0.276,196.0,0.317,196.0,78.01,0.4333,-0.0859,-0.61876,0.0052,-0.51899
153.04,index_price,1554202746777,open,0.27,0.0,0.281234,0.281294,0.281328,135.65,None,0,ETH-5APR19-110-C,153.04,0.0,0.273,231.0,0.29,231.0,278.3,0.00107,-0.02517,0.00863,0.00043,0.99747
153.04,index_price,1554202746777,open,0.0,1414.0,0.0,0.000646,5e-06,79.97,0.001,0,ETH-5APR19-120-P,153.04,0.0,0.0,0.0,0.001,300.0,139.0,0.00014,-0.00075,0.0,9e-05,-0.00027
155.76,ETH-27SEP19,1554202746778,open,0.13,839.0,0.111903,0.271967,0.138288,70.54,0.162,0.0,ETH-27SEP19-140-P,153.04,63.64,0.121,318.0,0.154,318.0,76.83,0.38973,-0.07728,-0.34919,0.00467,-0.32174
155.76,ETH-27SEP19,1554202746778,open,0.29,173.0,0.288628,0.425785,0.310927,71.03,0.265,0.0,ETH-27SEP19-120-C,153.04,61.2,0.291,305.0,0.324,305.0,77.31,0.32152,-0.0642,0.35645,0.00383,0.78052
155.32,ETH-28JUN19,1554202746778,open,2.28,0.0,2.219164,2.225759,2.226693,117.34,None,0.0,ETH-28JUN19-500-P,153.04,0.0,0.001,20.0,0.0,0.0,0.0,0.06468,-0.04368,-1.17825,0.00096,-0.96046
153.04,index_price,1554202746777,open,0.19,10.0,0.172358,0.200925,0.177399,78.48,0.176,0.2,ETH-12APR19-180-P,153.04,0.0,0.001,10.0,0.244,3.0,202.74,0.05181,-0.11761,-0.04358,0.01042,-0.87503
153.04,index_price,1554202746778,open,0.0,100.0,0.0,6e-05,0.0,79.98,0.001,0,ETH-5APR19-110-P,153.04,0.0,0.0,0.0,0.001,300.0,181.19,0.0,0.0,0.0,0.0,0.0
4785.98,BTC-27SEP19,1554202746923,open,0.21,10.0,0.18029367,0.41217171,0.22070077,57.59,0.22,0.0,BTC-27DEC19-4500-C,4786.18,54.72,0.2115,10.8,0.2295,10.8,60.35,15.29298,-1.63792,14.95829,0.00016,0.64498
4786.18,index_price,1554202746955,open,0.02,297.3,0.01993872,0.04444235,0.03011594,74.18,0.0305,0,BTC-5APR19-4750-C,4786.18,66.7,0.0275,0.4,0.031,0.4,76.7,1.67632,-21.62005,0.19939,0.00125,0.55889
4786.04,BTC-27SEP19,1554202747090,open,0.17,52.8,0.12053392,0.35241005,0.16169726,57.83,0.1705,0.0,BTC-27DEC19-4500-P,4786.18,57.3,0.16,10.0,0.1695,14.4,60.28,15.29015,-1.64435,-18.21047,0.00016,-0.35482
153.04,index_price,1554202747104,open,0.01,80.0,0.001625,0.024035,0.005363,78.62,0.008,0.2,ETH-12APR19-130-P,153.04,72.97,0.004,132.0,0.007,100.0,84.61,0.03939,-0.14914,-0.00377,0.00791,-0.08562
153.04,index_price,1554202747113,open,0.01,200.0,0.002542,0.031109,0.007737,78.93,0.001,0.2,ETH-12APR19-180-C,153.04,76.72,0.007,159.0,0.011,178.0,87.8,0.05225,-0.21875,0.00492,0.01045,0.12648
153.04,index_price,1554202747118,open,0.01,200.0,0.002542,0.031109,0.007737,78.93,0.001,0.2,ETH-12APR19-180-C,153.04,76.72,0.007,159.0,0.011,177.0,87.8,0.05225,-0.21875,0.00492,0.01045,0.12648
153.04,index_price,1554202747123,open,0.02,2499.0,0.03244,0.05617,0.039104,80.06,0.041,0,ETH-5APR19-150-C,153.04,85.67,0.041,125.0,0.045,81.0,97.45,0.05152,-0.71718,0.00706,0.03488,0.62471
153.04,index_price,1554202747127,open,0.02,2499.0,0.03244,0.05617,0.039104,80.06,0.041,0,ETH-5APR19-150-C,153.04,85.67,0.041,125.0,0.045,80.0,97.45,0.05152,-0.71718,0.00706,0.03488,0.62471
153.04,index_price,1554202747132,open,0.05,505.0,0.052725,0.097246,0.063802,77.57,0.037,0.2,ETH-12APR19-150-C,153.04,69.98,0.059,157.0,0.065,168.0,79.46,0.097,-0.42625,0.02236,0.01973,0.6039
153.04,index_price,1554202747148,open,0.05,505.0,0.052725,0.097246,0.063802,77.57,0.037,0.2,ETH-12APR19-150-C,153.04,69.98,0.059,157.0,0.065,166.0,79.46,0.097,-0.42625,0.02236,0.01973,0.6039
153.04,index_price,1554202747156,open,0.0,0.0,0.000511,0.011962,0.002304,80.09,None,0,ETH-5APR19-170-C,153.04,91.84,0.004,86.0,0.007,162.0,108.11,0.01913,-0.26643,0.00087,0.01295,0.07452
153.04,index_price,1554202747163,open,0.0,0.0,0.000511,0.011962,0.002304,80.09,None,0,ETH-5APR19-170-C,153.04,91.84,0.004,86.0,0.007,161.0,108.11,0.01913,-0.26643,0.00087,0.01295,0.07452
153.04,index_price,1554202747169,open,0.04,10.0,0.027572,0.072092,0.038521,77.37,0.048,0.2,ETH-12APR19-150-P,153.04,78.13,0.039,152.0,0.045,172.0,87.57,0.09699,-0.3435,-0.01799,0.01978,-0.39596
153.04,index_price,1554202747174,open,0.04,10.0,0.027572,0.072092,0.038521,77.37,0.048,0.2,ETH-12APR19-150-P,153.04,78.13,0.039,152.0,0.045,178.0,87.57,0.09699,-0.3435,-0.01799,0.01978,-0.39596
153.04,index_price,1554202747180,open,0.03,1326.0,0.023324,0.068363,0.03441,77.63,0.021,0.2,ETH-12APR19-160-C,153.04,70.68,0.03,184.0,0.036,156.0,80.12,0.09753,-0.41434,0.01532,0.01983,0.40436
153.04,index_price,1554202747184,open,0.03,1326.0,0.023324,0.068363,0.03441,77.63,0.021,0.2,ETH-12APR19-160-C,153.04,70.68,0.03,184.0,0.036,155.0,80.12,0.09753,-0.41434,0.01532,0.01983,0.40436
153.04,index_price,1554202747188,open,0.0,0.0,2.1e-05,0.004656,0.000316,80.07,None,0.2,ETH-5APR19-180-C,153.04,95.08,0.001,155.0,0.003,154.0,117.38,0.00456,-0.04833,0.00015,0.00308,0.01303
153.04,index_price,1554202747195,open,0.0,0.0,2.1e-05,0.004656,0.000316,80.07,None,0.2,ETH-5APR19-180-C,153.04,95.08,0.001,155.0,0.003,153.0,117.38,0.00456,-0.04833,0.00015,0.00308,0.01303
4786.18,index_price,1554202747195,open,0.23,6.0,0.24261235,0.24777047,0.2429622,72.6,0.11,0,BTC-12APR19-3625-C,4786.18,0.0,0.2385,32.2,0.247,32.2,110.85,0.18208,-0.6693,0.96934,4e-05,0.9915
153.04,index_price,1554202747197,open,0.01,2243.0,0.006149,0.027763,0.011711,79.95,0.013,0,ETH-5APR19-160-C,153.04,84.24,0.013,147.0,0.017,555.0,97.13,0.0455,-0.63249,0.0032,0.03084,0.27717
153.04,index_price,1554202747201,open,0.01,2243.0,0.006149,0.027763,0.011711,79.95,0.013,0,ETH-5APR19-160-C,153.04,84.24,0.013,147.0,0.017,554.0,97.13,0.0455,-0.63249,0.0032,0.03084,0.27717
153.04,index_price,1554202747209,open,0.0,396.0,0.000996,0.013926,0.003391,79.91,0.004,0,ETH-5APR19-140-P,153.04,77.3,0.003,122.0,0.005,100.0,89.51,0.02355,-0.32726,-0.00123,0.01597,-0.09836
153.04,index_price,1554202747216,open,0.02,645.0,0.012576,0.036306,0.019112,79.68,0.025,0,ETH-5APR19-150-P,153.04,85.27,0.021,121.0,0.025,408.0,97.05,0.0515,-0.7135,-0.00475,0.03503,-0.37484
4786.18,index_price,1554202747224,open,0.07,1221.3,0.08607206,0.09606773,0.08822785,72.83,0.068,0,BTC-5APR19-4375-C,4786.18,0.0,0.0855,0.4,0.0885,0.4,74.88,0.61674,-7.80966,0.31458,0.00047,0.92247
153.04,index_price,1554202747222,open,0.02,15.0,0.008497,0.044008,0.016695,78.58,0.034,0.2,ETH-12APR19-140-P,153.04,79.22,0.017,147.0,0.022,161.0,89.33,0.07319,-0.27191,-0.00952,0.0147,-0.21317
153.04,index_price,1554202747226,open,0.02,15.0,0.008497,0.044008,0.016695,78.58,0.034,0.2,ETH-12APR19-140-P,153.04,79.22,0.017,147.0,0.022,165.0,89.33,0.07319,-0.27191,-0.00952,0.0147,-0.21317
4786.18,index_price,1554202747230,open,0.0,3.0,0.00073322,0.01586024,0.00721633,82.8,0.006,0,BTC-5APR19-5125-C,4786.18,77.53,0.006,3.9,0.0085,4.7,88.07,1.13666,-16.36479,0.0673,0.00076,0.1857
4786.18,index_price,1554202747232,open,0.07,1221.3,0.08607206,0.09606773,0.08822785,72.83,0.068,0,BTC-5APR19-4375-C,4786.18,41.78,0.086,0.4,0.0885,0.4,74.88,0.61674,-7.80966,0.31458,0.00047,0.92247
4786.04,BTC-27SEP19,1554202747428,open,0.23,11.2,0.179895,0.42490302,0.22234607,57.49,0.216,0.0,BTC-27DEC19-5000-P,4786.18,54.58,0.2125,8.6,0.232,19.4,60.35,16.18413,-1.73023,-23.25293,0.00017,-0.4372
4786.18,index_price,1554202747539,open,0.12,742.4,0.13814445,0.14120564,0.13856701,79.72,0.1375,0,BTC-5APR19-4125-C,4786.18,0.0,0.1355,6.0,0.142,6.0,121.59,0.17297,-2.3975,0.31868,0.00012,0.98368
4786.18,index_price,1554202747574,open,0.2,6.0,0.21650261,0.22426059,0.21720273,71.31,0.1135,0,BTC-12APR19-3750-C,4786.18,0.0,0.2125,31.6,0.2215,31.6,102.94,0.31902,-1.15177,0.99269,7e-05,0.98377
4786.18,index_price,1554202747581,open,0.14,88.0,0.1112904,0.132968,0.12400153,60.17,0.127,0,BTC-26APR19-5250-P,4786.18,56.18,0.1205,4.9,0.13,0.1,66.79,4.25673,-5.36348,-2.57948,0.00047,-0.69991
4786.18,index_price,1554202747637,open,0.2,0.0,0.17567162,0.19760073,0.1807214,73.3,None,0,BTC-12APR19-5625-P,4786.18,56.89,0.177,6.0,0.1855,6.0,87.53,1.38599,-5.14351,-1.39896,0.00031,-0.89957
155.75,ETH-27SEP19,1554202747854,open,0.04,546.0,0.020261,0.16618,0.041226,72.88,0.048,0.0,ETH-27SEP19-280-C,153.04,66.47,0.03,495.0,0.052,505.0,78.42,0.28971,-0.05935,0.10872,0.00336,0.18447
4786.04,BTC-27SEP19,1554202747857,open,0.68,0.0,0.68666865,0.72099233,0.68911935,67.03,None,0.0,BTC-27DEC19-1500-C,4786.18,0.0,0.6855,12.4,0.6935,12.4,80.04,1.15198,-0.1436,10.5867,1e-05,0.9894
155.75,ETH-27SEP19,1554202747859,open,0.02,353.0,0.007384,0.123388,0.022393,74.86,0.02,0.0,ETH-27SEP19-340-C,153.04,64.52,0.011,500.0,0.032,500.0,81.6,0.20295,-0.04271,0.06565,0.00229,0.10888
4787.54,BTC-28JUN19,1554202747861,open,0.05,67.6,0.03754642,0.08298222,0.05892347,57.09,0.056,0.0,BTC-28JUN19-5500-C,4786.18,53.54,0.0525,35.8,0.0635,35.8,59.58,8.73689,-2.87046,3.42897,0.00028,0.35984
4787.52,BTC-28JUN19,1554202748022,open,0.23,0.0,0.18636558,0.23180113,0.20782052,57.13,None,0.0,BTC-28JUN19-5500-P,4786.18,53.92,0.202,10.8,0.2185,10.8,62.92,8.7383,-2.87308,-9.66081,0.00028,-0.63999
155.75,ETH-27SEP19,1554202748105,open,0.21,115.0,0.182134,0.355785,0.210967,70.5,0.262,0.0,ETH-27SEP19-160-P,153.04,63.95,0.193,254.0,0.229,254.0,77.12,0.42589,-0.0844,-0.48204,0.00511,-0.42411
155.75,ETH-27SEP19,1554202748118,open,0.03,170.0,0.014431,0.15007,0.032337,72.95,0.04,0.0,ETH-27SEP19-300-C,153.04,64.6,0.02,500.0,0.044,500.0,79.63,0.25453,-0.0522,0.09,0.00295,0.15091
4787.52,BTC-28JUN19,1554202748148,open,0.32,0.0,0.32396164,0.33901437,0.33196531,60.66,None,0.0,BTC-28JUN19-3250-C,4786.18,52.24,0.327,27.6,0.3385,27.6,69.38,3.22471,-1.1259,6.78514,0.0001,0.92741
4786.18,index_price,1554202748202,open,0.07,1221.3,0.08607206,0.09606773,0.08822785,72.83,0.068,0,BTC-5APR19-4375-C,4786.18,0.0,0.0855,0.4,0.0885,0.4,74.88,0.61674,-7.80966,0.31458,0.00047,0.92247
4786.18,index_price,1554202748209,open,0.07,1221.3,0.08607206,0.09606773,0.08822785,72.83,0.068,0,BTC-5APR19-4375-C,4786.18,41.78,0.086,0.4,0.0885,0.4,74.88,0.61674,-7.80966,0.31458,0.00047,0.92247
155.31,ETH-28JUN19,1554202748233,open,0.41,0.0,0.378695,0.471285,0.396246,72.2,None,0.0,ETH-28JUN19-210-P,153.04,0.0,0.001,10.0,0.0,0.0,0.0,0.23983,-0.09966,-0.42441,0.00579,-0.75185
155.31,ETH-28JUN19,1554202748419,open,0.48,0.0,0.485742,0.507709,0.487977,73.01,None,0.0,ETH-28JUN19-80-C,153.04,0.0,0.479,299.0,0.494,299.0,90.56,0.03769,-0.01584,0.18164,0.0009,0.97935
155.31,ETH-28JUN19,1554202748540,open,0.47,0.0,0.436347,0.52312,0.453555,73.39,None,0.0,ETH-28JUN19-220-P,153.04,0.0,0.001,10.0,0.0,0.0,0.0,0.22066,-0.09321,-0.4583,0.00524,-0.78623
155.75,ETH-27SEP19,1554202748589,open,0.4,0.0,0.363615,0.542014,0.394301,71.59,None,0.0,ETH-27SEP19-200-P,153.04,64.74,0.376,149.0,0.415,149.0,79.2,0.42037,-0.08459,-0.75385,0.00497,-0.59889
155.31,ETH-28JUN19,1554202748701,open,0.42,0.0,0.423195,0.457086,0.42645,69.82,None,0.0,ETH-28JUN19-90-C,153.04,0.0,0.417,287.0,0.436,287.0,87.86,0.06287,-0.02526,0.1979,0.00157,0.96182
155.75,ETH-27SEP19,1554202748727,open,0.07,488.0,0.056549,0.229874,0.084538,71.54,0.082,0.0,ETH-27SEP19-220-C,153.04,64.02,0.066,443.0,0.096,443.0,76.03,0.39343,-0.07912,0.18579,0.00465,0.32931
155.75,ETH-27SEP19,1554202748845,open,0.51,0.0,0.469069,0.642394,0.497421,71.69,None,0.0,ETH-27SEP19-220-P,153.04,0.0,0.0,0.0,0.0,0.0,0.0,0.39375,-0.07934,-0.8861,0.00465,-0.67001
153.04,index_price,1554202748876,open,0.13,50.0,0.111332,0.122782,0.11298,78.91,0.136,0,ETH-5APR19-170-P,153.04,0.0,0.103,146.0,0.126,146.0,142.6,0.01851,-0.25401,-0.01256,0.01272,-0.92862
4786.11,BTC-27SEP19,1554202748876,open,0.4,0.0,0.38980231,0.53554911,0.41028785,58.55,None,0.0,BTC-27DEC19-3000-C,4786.18,55.06,0.4045,10.1,0.422,10.1,65.14,8.16093,-0.88849,16.60157,8e-05,0.88117
4786.11,BTC-27SEP19,1554202748885,open,0.1,0.0,0.09198179,0.14381577,0.10033609,57.4,None,0.0,BTC-27SEP19-4250-P,4786.18,56.65,0.0985,5.2,0.107,14.4,60.1,11.7816,-1.90092,-9.5627,0.00018,-0.30965
4786.18,index_price,1554202748958,open,0.01,34.1,0.00057006,0.02158199,0.00368016,64.86,0.0035,0,BTC-12APR19-4125-P,4786.18,56.47,0.002,30.0,0.0045,7.0,68.25,1.10271,-3.62099,-0.10055,0.00027,-0.07397
4787.52,BTC-28JUN19,1554202748983,open,0.1,1.0,0.09104022,0.13900549,0.11330676,56.58,0.0995,0.0,BTC-28JUN19-4750-C,4786.18,54.08,0.1085,38.8,0.1185,31.4,59.29,9.18971,-2.99253,5.1599,0.0003,0.56613
4786.18,index_price,1554202749070,open,0.2,10.1,0.21649416,0.21674708,0.21622698,0.0,0.169,0,BTC-5APR19-3750-C,4786.18,0.0,0.21,27.0,0.2205,27.0,181.21,0.0,0.0,0.29545,0.0,1.0
153.04,index_price,1554202749108,open,0.0,0.0,0.000639,0.020245,0.003363,79.96,None,0.2,ETH-12APR19-190-C,153.04,78.1,0.003,200.0,0.007,200.0,94.69,0.03078,-0.12954,0.00243,0.00608,0.06205
155.31,ETH-28JUN19,1554202749133,open,0.29,0.0,0.270227,0.372493,0.288416,70.47,0.888,0.0,ETH-28JUN19-190-P,153.04,62.81,0.275,150.0,0.307,150.0,80.67,0.2774,-0.11251,-0.35087,0.00686,-0.66074
4786.18,index_price,1554202749140,open,0.1,175.7,0.11362746,0.14067243,0.11840426,63.86,0.1175,0,BTC-12APR19-4250-C,4786.18,49.54,0.1145,6.0,0.1225,6.0,75.26,1.55877,-5.0394,0.9885,0.00039,0.88173
4787.51,BTC-28JUN19,1554202749155,open,0.0,730.6,0.0,7.9e-06,0.00013185,89.99,0.0005,0.0,BTC-28JUN19-20000-C,4786.18,0.0,0.0,0.0,0.001,19.4,107.36,0.09262,-0.04797,0.01212,0.0,0.0012
4786.18,index_price,1554202749155,open,0.07,117.8,0.04203576,0.06734241,0.05583348,58.63,0.0575,0,BTC-26APR19-4750-P,4786.18,55.83,0.053,7.4,0.0595,38.4,62.25,4.84514,-5.94863,-1.58376,0.00055,-0.45003
4786.18,index_price,1554202749155,open,0.01,1202.4,0.00680314,0.02398529,0.01664817,60.46,0.016,0,BTC-26APR19-5500-C,4786.18,58.16,0.015,7.4,0.018,1.0,62.3,3.48436,-4.41176,0.59166,0.00038,0.20563
4786.16,BTC-27SEP19,1554202749172,open,0.16,0.0,0.1451906,0.20197547,0.15457423,57.45,None,0.0,BTC-27SEP19-4750-P,4786.18,56.13,0.151,3.5,0.1615,25.0,60.0,13.01229,-2.10125,-13.24203,0.0002,-0.41316
4787.51,BTC-28JUN19,1554202749193,open,0.0,130.3,1.86e-06,0.00057092,0.00177254,84.97,0.0005,0.0,BTC-28JUN19-13000-C,4786.18,74.02,0.0005,44.2,0.003,43.0,90.85,0.82399,-0.40295,0.13722,2e-05,0.01381
4786.16,BTC-27SEP19,1554202749193,open,0.58,28.2,0.58297068,0.58867038,0.58563608,66.77,0.5015,0.0,BTC-27SEP19-2000-C,4786.18,0.0,0.581,17.4,0.591,17.4,79.93,1.45423,-0.27296,9.25322,2e-05,0.98235
4786.18,index_price,1554202749195,open,0.41,10.2,0.42542906,0.42546583,0.42561485,81.27,0.006,0,BTC-26APR19-2750-C,4786.18,0.0,0.421,37.6,0.4295,37.6,125.15,0.10539,-0.17937,1.78949,1e-05,0.9972
4786.16,BTC-27SEP19,1554202749197,open,0.01,639.4,0.00269479,0.01844269,0.01218035,68.97,0.004,0.0,BTC-27SEP19-11000-C,4786.18,64.56,0.0085,18.0,0.016,43.0,72.8,4.4074,-0.85442,1.31152,6e-05,0.06841
4786.18,index_price,1554202749205,open,0.07,1221.3,0.08607206,0.09606773,0.08822785,72.83,0.068,0,BTC-5APR19-4375-C,4786.18,0.0,0.0855,0.4,0.0885,0.4,74.88,0.61674,-7.80966,0.31458,0.00047,0.92247
4786.18,index_price,1554202749214,open,0.03,167.2,0.02143238,0.0671309,0.03251805,62.13,0.029,0,BTC-12APR19-4875-C,4786.18,59.03,0.0305,18.0,0.0345,7.4,65.18,3.11482,-9.79856,0.53902,0.00081,0.44875
4786.16,BTC-27SEP19,1554202749218,open,0.04,280.4,0.03634197,0.07441409,0.04287452,57.86,0.049,0.0,BTC-27SEP19-3500-P,4786.18,57.06,0.0415,7.4,0.0475,14.4,60.5,8.27199,-1.34528,-4.83288,0.00013,-0.16433
4787.51,BTC-28JUN19,1554202749221,open,0.0,683.5,6.69e-06,0.00066283,0.00182872,86.07,0.0035,0.0,BTC-28JUN19-2000-P,4786.18,83.6,0.0015,20.0,0.002,7.4,87.24,0.67895,-0.33631,-0.14672,1e-05,-0.01105
4786.18,index_price,1554202749221,open,0.01,5.1,0.00847708,0.03246771,0.01830709,74.33,0.0175,0,BTC-5APR19-4875-C,4786.18,71.98,0.0175,4.1,0.0195,0.4,77.8,1.64443,-21.25337,0.14505,0.00123,0.40296
