underlying_price,underlying_index,timestamp,state,settlement_price,open_interest,min_price,max_price,mark_price,mark_iv,last_price,interest_rate,instrument_name,index_price,bid_iv,best_bid_price,best_bid_amount,best_ask_price,best_ask_amount,ask_iv,vega,theta,rho,gamma,delta
271.42,ETH-28JUN19,1560855539992,open,0.2,0.0,0.146,0.24,0.192762,99.23,None,0.0,ETH-26JUL19-300-P,268.64,73.88,0.161,144.0,0.188,144.0,95.48,0.34473,-0.45159,-0.21228,0.00454,-0.56094
268.64,index_price,1560855540025,open,0.18,61.0,0.142,0.221,0.181572,105.88,0.115,0,ETH-21JUN19-220-C,268.64,0.0,0.173,60.0,0.198,2.0,234.8,0.00898,-0.16538,0.01701,0.00149,0.98509
9304.52,BTC-28JUN19,1560855540045,open,0.49,0.0,0.4115,0.5285,0.47017087,94.2,None,0.0,BTC-26JUL19-13500-P,9229.31,40.2,0.451,0.1,0.483,0.1,110.16,6.71086,-8.34512,-12.83124,8e-05,-0.85877
271.42,ETH-28JUN19,1560855540086,open,0.41,0.0,0.375,0.454,0.414357,94.37,None,0.0,ETH-26JUL19-160-C,268.64,0.0,0.349,48.0,0.491,48.0,235.66,0.05841,-0.07276,0.15668,0.00081,0.97066
268.64,index_price,1560855540173,open,0.13,1.0,0.079,0.168,0.12339,110.0,0.097,0,ETH-21JUN19-300-P,268.64,0.0,0.104,60.0,0.133,60.0,150.86,0.05298,-1.01323,-0.02082,0.00847,-0.86037
268.64,index_price,1560855540332,open,0.23,60.0,0.18,0.278,0.229096,110.0,0.286,0,ETH-21JUN19-330-P,268.64,0.0,0.209,60.0,0.238,60.0,187.54,0.01144,-0.21882,-0.0256,0.00183,-0.98021
9418.83,BTC-27SEP19,1560855540420,open,0.01,202.1,0.0005,0.0525,0.01286532,100.85,0.013,0.0,BTC-27SEP19-24000-C,9229.28,98.78,0.0115,0.4,0.014,6.0,102.47,6.42142,-3.20985,1.40705,3e-05,0.06692
9304.52,BTC-28JUN19,1560855540420,open,0.26,0.3,0.1945,0.2935,0.24420527,99.13,0.2665,0.0,BTC-28JUN19-11500-P,9229.28,0.0,0.235,0.1,0.2555,0.1,128.77,2.90896,-14.59912,-2.85117,0.00013,-0.88834
9418.83,BTC-27SEP19,1560855540420,open,1.59,0.2,1.459,1.6635,1.56108778,101.05,1.6,0.0,BTC-27SEP19-24000-P,9229.28,0.0,1.547,0.1,1.5735,0.1,115.89,6.45974,-3.23533,-64.91224,3e-05,-0.93256
9304.52,BTC-28JUN19,1560855540420,open,0.0,133.4,0.0005,0.04,1e-08,110.01,0.0005,0.0,BTC-28JUN19-3750-P,9229.28,0.0,0.0,0.0,0.0035,20.0,293.97,1e-05,-5e-05,0.0,0.0,0.0
9418.83,BTC-27SEP19,1560855540420,open,0.0,75.6,0.0005,0.043,0.00304308,90.93,0.004,0.0,BTC-27SEP19-3750-P,9229.28,85.06,0.002,6.0,0.004,15.0,95.3,1.89375,-0.85354,-0.47418,1e-05,-0.01517
9304.52,BTC-28JUN19,1560855540420,open,0.02,1002.9,0.0005,0.053,0.01284339,95.03,0.013,0.0,BTC-28JUN19-8000-P,9229.28,90.05,0.011,5.0,0.0135,53.2,96.74,3.53842,-17.02389,-0.40521,0.00016,-0.14811
9304.52,BTC-28JUN19,1560855540420,open,0.02,340.4,0.0005,0.062,0.02209299,97.37,0.0235,0.0,BTC-28JUN19-10500-C,9229.28,95.26,0.021,3.0,0.023,5.0,99.09,4.86301,-23.97249,0.57362,0.00021,0.24995
9229.28,index_price,1560855540420,open,0.08,0.4,0.0295,0.115,0.07213747,102.62,0.068,0,BTC-21JUN19-9750-P,9229.28,77.69,0.065,6.0,0.07,6.0,95.48,2.79852,-49.93347,-0.56963,0.00041,-0.71124
9304.52,BTC-28JUN19,1560855540421,open,0.0,1255.2,0.0005,0.04,0.0,110.0,0.0005,0.0,BTC-28JUN19-1500-P,9229.28,0.0,0.0,0.0,0.0005,3.0,438.46,0.0,0.0,0.0,0.0,0.0
9304.52,BTC-28JUN19,1560855540421,open,0.12,43.9,0.0645,0.153,0.1087973,95.13,0.1055,0.0,BTC-28JUN19-10000-P,9229.28,57.83,0.0875,0.1,0.118,0.1,110.01,5.67528,-27.33565,-1.90755,0.00025,-0.64892
9418.83,BTC-27SEP19,1560855540421,open,0.02,314.4,0.0005,0.0585,0.01802036,84.11,0.017,0.0,BTC-27SEP19-5500-P,9229.28,82.04,0.0165,6.0,0.0195,15.0,86.06,7.02782,-2.92996,-2.4282,3e-05,-0.07526
9418.83,BTC-27SEP19,1560855540421,open,0.04,169.9,0.006,0.0855,0.04592007,87.11,0.049,0.0,BTC-27SEP19-15000-C,9229.28,85.2,0.043,4.9,0.0465,5.0,87.49,14.49182,-6.25743,4.41718,7e-05,0.21561
9304.52,BTC-28JUN19,1560855540421,open,0.01,799.5,0.0005,0.0535,0.01361094,98.18,0.015,0.0,BTC-28JUN19-11000-C,9229.28,95.46,0.0125,3.0,0.0145,24.0,100.29,3.86693,-19.22146,0.39267,0.00017,0.16959
9418.83,BTC-27SEP19,1560855540421,open,0.0,47.1,0.0005,0.0415,0.00167529,94.8,0.003,0.0,BTC-27SEP19-3250-P,9229.28,81.12,0.0005,13.5,0.0025,15.0,100.69,1.15123,-0.54092,-0.26631,0.0,-0.00856
9418.83,BTC-27SEP19,1560855540421,open,0.15,141.0,0.1055,0.185,0.14512904,80.4,0.151,0.0,BTC-27DEC19-12000-C,9229.28,80.53,0.1455,18.0,0.152,3.6,82.79,27.03521,-5.66396,15.12712,7e-05,0.45064
9418.83,BTC-27SEP19,1560855540421,open,0.03,230.7,0.0005,0.0665,0.02688725,91.52,0.026,0.0,BTC-27SEP19-18000-C,9229.28,89.38,0.0245,6.0,0.029,21.0,93.35,10.72215,-4.86411,2.80065,5e-05,0.13448
9304.52,BTC-28JUN19,1560855540421,open,0.46,688.2,0.423,0.5025,0.4626103,0.0,0.458,0.0,BTC-28JUN19-5000-C,9229.28,0.0,0.4575,0.1,0.4645,0.1,188.14,0.0,0.0,1.35283,0.0,1.0
9418.83,BTC-27SEP19,1560855540422,open,0.11,588.1,0.074,0.1535,0.11366457,82.47,0.1155,0.0,BTC-27SEP19-11000-C,9229.28,80.22,0.109,22.2,0.117,3.6,84.08,19.55812,-7.99479,8.59564,0.0001,0.44387
9304.52,BTC-28JUN19,1560855540422,open,0.01,687.2,0.0005,0.0455,0.00537254,95.02,0.0065,0.0,BTC-28JUN19-7500-P,9229.28,85.91,0.0035,35.0,0.006,30.0,97.72,2.11081,-10.15503,-0.19601,9e-05,-0.07249
9418.83,BTC-27SEP19,1560855540421,open,0.03,124.5,0.0005,0.071,0.03024159,81.39,0.0415,0.0,BTC-27DEC19-5000-P,9229.28,79.39,0.028,6.0,0.033,16.0,83.79,10.68554,-2.26638,-5.73721,3e-05,-0.08563
9304.52,BTC-28JUN19,1560855540422,open,0.0,685.1,0.0005,0.04,0.0,110.0,0.001,0.0,BTC-28JUN19-2500-P,9229.28,0.0,0.0,0.0,0.0005,8.0,317.42,0.0,0.0,0.0,0.0,0.0
9418.83,BTC-27SEP19,1560855540422,open,0.61,0.0,0.533,0.6605,0.59673894,83.28,None,0.0,BTC-27DEC19-14000-P,9229.28,59.19,0.536,0.1,0.6615,0.1,106.35,25.58482,-5.5523,-61.16186,7e-05,-0.63852
9418.83,BTC-27SEP19,1560855540423,open,0.1,260.9,0.048,0.135,0.09151645,80.89,0.0945,0.0,BTC-27SEP19-8000-P,9229.28,78.89,0.088,4.9,0.095,4.9,82.87,16.53387,-6.62916,-9.5512,8e-05,-0.2754
9418.83,BTC-27SEP19,1560855540422,open,1.62,0.0,1.4835,1.6895,1.58652095,92.66,None,0.0,BTC-27DEC19-24000-P,9229.28,52.7,1.5495,0.1,1.616,0.1,108.26,15.59341,-3.76502,-120.86885,4e-05,-0.85461
9304.52,BTC-28JUN19,1560855540423,open,0.52,2.4,0.4455,0.5655,0.50547473,108.59,0.5245,0.0,BTC-28JUN19-14000-P,9229.28,0.0,0.499,0.1,0.518,0.1,178.5,0.54524,-2.99752,-3.75485,2e-05,-0.98603
9304.52,BTC-28JUN19,1560855540423,open,0.29,504.3,0.2625,0.342,0.30208844,99.32,0.292,0.0,BTC-28JUN19-6500-C,9229.28,0.0,0.2955,0.1,0.307,0.1,143.99,0.45656,-2.29573,1.72834,2e-05,0.98862
9304.52,BTC-28JUN19,1560855540420,open,0.02,76.4,0.0005,0.058,0.01734576,83.6,0.0185,0.0,BTC-26JUL19-7000-P,9229.28,80.62,0.0155,24.0,0.0185,24.0,85.41,5.88045,-6.48984,-1.2947,8e-05,-0.11675
9304.52,BTC-28JUN19,1560855540424,open,0.57,322.4,0.5305,0.61,0.57010284,130.9,0.495,0.0,BTC-28JUN19-4000-C,9229.28,0.0,0.567,0.1,0.5725,0.1,258.17,0.00183,-0.01211,1.08219,0.0,0.99997
9304.52,BTC-28JUN19,1560855540424,open,0.73,24.4,0.6915,0.771,0.7313001,0.0,0.5115,0.0,BTC-28JUN19-2500-C,9229.28,0.0,0.7285,0.1,0.7335,0.1,385.06,0.0,0.0,0.67642,0.0,1.0
9304.52,BTC-28JUN19,1560855540424,open,0.0,1430.2,0.0005,0.04,6.7e-07,110.0,0.0005,0.0,BTC-28JUN19-20000-C,9229.28,0.0,0.0,0.0,0.0005,7.9,174.72,0.00116,-0.00621,4e-05,0.0,2e-05
9304.52,BTC-28JUN19,1560855540420,open,0.39,0.0,0.316,0.4255,0.37083254,90.62,None,0.0,BTC-26JUL19-12500-P,9229.28,55.01,0.3475,0.1,0.3885,0.1,108.99,8.22275,-9.83673,-11.36823,0.0001,-0.80659
9418.83,BTC-27SEP19,1560855540424,open,0.18,382.6,0.148,0.2275,0.18774116,80.86,0.183,0.0,BTC-27SEP19-9000-C,9229.28,78.48,0.183,7.0,0.193,3.6,83.5,18.77069,-7.52333,11.39129,9e-05,0.62535
9418.83,BTC-27SEP19,1560855540424,open,0.6,0.0,0.565,0.6445,0.60488333,90.83,None,0.0,BTC-27SEP19-3750-C,9229.28,0.0,0.5995,0.1,0.6105,0.1,110.75,1.88574,-0.84894,9.89225,1e-05,0.9849
9418.83,BTC-27SEP19,1560855540424,open,0.79,28.2,0.748,0.8275,0.78790173,107.95,0.755,0.0,BTC-27SEP19-2000-C,9229.28,0.0,0.785,0.1,0.79,0.1,142.85,0.21021,-0.11247,5.4876,0.0,0.99871
9418.83,BTC-27SEP19,1560855540424,open,0.57,231.5,0.5395,0.619,0.57935151,89.34,0.5145,0.0,BTC-27SEP19-4000-C,9229.28,0.0,0.573,0.1,0.5865,0.1,109.98,2.37547,-1.05194,10.4349,1e-05,0.98022
9304.49,BTC-28JUN19,1560855540420,open,0.18,35.1,0.145,0.2245,0.18485241,83.61,0.185,0.0,BTC-26JUL19-8000-C,9229.28,83.26,0.1845,7.0,0.209,0.1,106.8,9.38831,-10.36176,5.52071,0.00012,0.75664
9418.83,BTC-27SEP19,1560855540421,open,0.09,244.8,0.0565,0.136,0.09606147,84.11,0.097,0.0,BTC-27DEC19-15000-C,9229.28,82.74,0.0925,10.0,0.097,5.0,84.47,24.52964,-5.37633,11.25745,6e-05,0.32342
9418.83,BTC-27SEP19,1560855540421,open,0.63,4.0,0.598,0.6775,0.6379767,87.64,0.59,0.0,BTC-27DEC19-3500-C,9229.28,0.0,0.6265,0.1,0.651,0.1,108.48,4.69127,-1.07132,16.42242,1e-05,0.96965
9418.83,BTC-27SEP19,1560855540425,open,0.43,230.7,0.3945,0.474,0.43407824,84.1,0.4375,0.0,BTC-27SEP19-5500-C,9229.28,58.97,0.42,5.0,0.454,0.1,107.0,7.02694,-2.92934,12.77271,3e-05,0.92475
9229.28,index_price,1560855540420,open,0.0,241.2,0.0005,0.04,3.33e-06,110.0,0.0005,0,BTC-21JUN19-6500-P,9229.28,0.0,0.0,0.0,0.0005,10.0,173.24,0.00435,-0.03069,-0.0001,0.0,-0.00014
9229.28,index_price,1560855540420,open,0.03,75.0,0.0005,0.064,0.02334533,98.25,0.021,0,BTC-21JUN19-9000-P,9229.28,86.71,0.0195,24.0,0.024,39.1,100.2,3.09285,-52.83521,-0.28596,0.00047,-0.36992
9229.28,index_price,1560855540420,open,0.0,157.7,0.0005,0.0415,0.00150747,109.71,0.0015,0,BTC-21JUN19-11000-C,9229.28,91.94,0.0005,1.0,0.0025,61.1,120.9,0.7023,-13.39693,0.02781,0.0001,0.03975
9418.83,BTC-27SEP19,1560855540421,open,0.06,201.7,0.0265,0.106,0.06632592,86.76,0.0655,0.0,BTC-27DEC19-18000-C,9229.28,85.49,0.0635,18.0,0.069,4.9,87.95,21.09766,-4.76979,8.46451,5e-05,0.23728
9229.28,index_price,1560855540420,open,0.11,12.1,0.05,0.137,0.0934349,102.88,0.1005,0,BTC-21JUN19-10000-P,9229.28,0.0,0.0815,0.1,0.098,0.1,120.13,2.31084,-41.33745,-0.64781,0.00033,-0.79747
9304.49,BTC-28JUN19,1560855540420,open,0.43,0.0,0.364,0.477,0.420358,92.79,None,0.0,BTC-26JUL19-13000-P,9229.28,52.63,0.399,0.1,0.435,0.1,109.39,7.47429,-9.15585,-12.10941,9e-05,-0.83383
9418.8,BTC-27SEP19,1560855540421,open,1.0,0.0,0.8985,1.056,0.97739333,86.76,None,0.0,BTC-27DEC19-18000-P,9229.28,58.12,0.9265,0.1,1.0265,0.1,106.83,21.09714,-4.76958,-86.1594,5e-05,-0.76273
9418.8,BTC-27SEP19,1560855540424,open,0.68,0.0,0.6475,0.727,0.68744363,90.83,None,0.0,BTC-27DEC19-3000-C,9229.28,0.0,0.679,0.1,0.6955,0.1,109.18,3.22068,-0.76233,14.51566,1e-05,0.98061
9418.8,BTC-27SEP19,1560855540420,open,0.04,42.1,0.005,0.0845,0.04487144,90.61,0.0465,0.0,BTC-27DEC19-22000-C,9229.28,89.01,0.042,10.0,0.0475,4.9,92.04,17.13927,-4.047,6.08824,4e-05,0.16783
9229.28,index_price,1560855540420,open,0.01,86.6,0.0005,0.0555,0.01572047,102.63,0.013,0,BTC-21JUN19-9750-C,9229.28,93.5,0.013,24.1,0.0145,11.0,98.58,2.79863,-49.94097,0.19855,0.00041,0.28878
9418.8,BTC-27SEP19,1560855540421,open,0.03,108.7,0.0005,0.0665,0.02653254,98.28,0.026,0.0,BTC-27DEC19-30000-C,9229.28,96.27,0.024,16.0,0.0285,6.0,99.78,12.17093,-3.11706,3.74341,3e-05,0.10214
9418.8,BTC-27SEP19,1560855540424,open,0.08,183.4,0.0445,0.124,0.08422429,84.95,0.0855,0.0,BTC-27DEC19-16000-C,9229.28,83.65,0.081,18.0,0.087,4.9,86.07,23.39011,-5.178,10.20708,6e-05,0.29037
9304.49,BTC-28JUN19,1560855540420,open,0.15,25.3,0.1115,0.191,0.15140383,83.61,0.1495,0.0,BTC-26JUL19-8500-C,9229.28,83.69,0.1515,14.4,0.159,14.4,90.19,10.70483,-11.81469,5.11313,0.00014,0.68098
9418.8,BTC-27SEP19,1560855540420,open,2.04,0.1,1.8825,2.122,2.00235055,96.45,2.02,0.0,BTC-27DEC19-28000-P,9229.28,0.0,1.9695,0.1,2.023,0.1,109.36,13.12929,-3.2999,-143.03839,3e-05,-0.88653
9418.8,BTC-27SEP19,1560855540420,open,2.89,1.3,2.689,2.996,2.84261202,103.45,2.858,0.0,BTC-27DEC19-36000-P,9229.28,0.0,2.807,0.1,2.852,1.0,111.34,10.04535,-2.70796,-186.35481,2e-05,-0.92111
9304.49,BTC-28JUN19,1560855540421,open,0.34,2.0,0.2715,0.377,0.32419999,90.27,0.32,0.0,BTC-26JUL19-12000-P,9229.28,56.88,0.2975,0.1,0.3425,0.1,107.76,9.16402,-10.92073,-10.53712,0.00011,-0.76714
9418.8,BTC-27SEP19,1560855540420,open,0.0,179.7,0.0005,0.0435,0.00349661,94.97,0.0075,0.0,BTC-27DEC19-2500-P,9229.28,86.97,0.002,10.0,0.005,10.0,101.1,2.06891,-0.51202,-0.74678,0.0,-0.01159
9418.8,BTC-27SEP19,1560855540420,open,0.02,101.2,0.0005,0.06,0.02047718,103.46,0.02,0.0,BTC-27DEC19-36000-C,9229.28,101.05,0.018,6.0,0.0225,16.0,105.3,10.04761,-2.70877,2.89321,2e-05,0.07891
9418.8,BTC-27SEP19,1560855540420,open,0.03,185.2,0.0005,0.073,0.03335858,94.52,0.026,0.0,BTC-27DEC19-26000-C,9229.28,92.59,0.0305,16.0,0.0355,6.0,95.92,14.24318,-3.50834,4.6549,3e-05,0.12737
9418.8,BTC-27SEP19,1560855540424,open,0.84,0.0,0.802,0.8815,0.84182513,110.0,None,0.0,BTC-27DEC19-1500-C,9229.28,0.0,0.838,0.1,0.8435,0.1,125.91,0.70721,-0.20273,7.6613,0.0,0.99656
9418.8,BTC-27SEP19,1560855540420,open,0.15,118.0,0.096,0.1865,0.14130699,79.01,0.1435,0.0,BTC-27DEC19-8000-P,9229.28,76.85,0.136,5.0,0.143,4.9,79.7,23.13999,-4.76414,-21.05114,6e-05,-0.28385
9418.8,BTC-27SEP19,1560855540423,open,1.2,0.0,1.091,1.2645,1.17771692,88.9,None,0.0,BTC-27DEC19-20000-P,9229.28,57.11,1.1315,0.1,1.219,0.1,107.25,19.04845,-4.41279,-97.98382,5e-05,-0.80122
9418.8,BTC-27SEP19,1560855540422,open,0.31,93.6,0.28,0.3595,0.31961288,79.0,0.273,0.0,BTC-27DEC19-7500-C,9229.28,75.23,0.311,8.0,0.3565,0.1,95.04,21.55973,-4.43828,21.46078,6e-05,0.75305
9418.8,BTC-27SEP19,1560855540422,open,0.0,102.2,0.0005,0.041,0.00108075,110.0,0.0005,0.0,BTC-27DEC19-1500-P,9229.28,100.14,0.0005,0.8,0.002,0.1,119.85,0.70706,-0.20267,-0.22394,0.0,-0.00344
9304.49,BTC-28JUN19,1560855540421,open,0.13,39.6,0.0745,0.1635,0.1190634,83.6,0.1215,0.0,BTC-26JUL19-9500-P,9229.28,78.1,0.112,14.4,0.119,14.4,83.55,11.93769,-13.17443,-5.75607,0.00016,-0.4771
9229.28,index_price,1560855540421,open,0.0,314.0,0.0005,0.0415,0.00172511,98.32,0.0025,0,BTC-21JUN19-8000-P,9229.28,88.61,0.001,50.0,0.0025,84.0,106.43,0.79497,-13.59041,-0.03495,0.00012,-0.04634
9304.49,BTC-28JUN19,1560855540421,open,0.35,0.0,0.3205,0.4,0.36041858,85.77,None,0.0,BTC-26JUL19-6000-C,9229.28,0.0,0.352,0.1,0.3695,0.1,109.47,2.69585,-3.05246,5.76813,3e-05,0.95783
9229.28,index_price,1560855540420,open,0.0,186.0,0.0005,0.0435,0.00367203,104.3,0.0025,0,BTC-21JUN19-10500-C,9229.28,90.85,0.002,30.0,0.003,0.5,99.37,1.31919,-23.92425,0.06204,0.00019,0.08899
9418.8,BTC-27SEP19,1560855540423,open,0.04,80.8,0.0005,0.078,0.03830404,92.58,0.039,0.0,BTC-27DEC19-24000-C,9229.28,90.85,0.0355,16.0,0.0405,6.0,93.89,15.56924,-3.75601,5.28585,4e-05,0.14506
9304.52,BTC-28JUN19,1560855540481,open,0.01,39.1,0.0005,0.05,0.00990848,84.5,0.0105,0.0,BTC-26JUL19-6500-P,9229.28,81.24,0.0085,24.0,0.011,24.0,86.89,4.1556,-4.63546,-0.80039,5e-05,-0.07299
9229.28,index_price,1560855540608,open,0.08,233.5,0.047,0.1265,0.08676493,98.27,0.09,0,BTC-21JUN19-8500-C,9229.28,103.8,0.088,6.0,0.0905,6.8,114.38,2.00732,-34.29642,0.54644,0.0003,0.83826
9304.52,BTC-28JUN19,1560855540625,open,0.0,402.3,0.0005,0.04,0.0,110.0,0.0005,0.0,BTC-28JUN19-3500-P,9229.28,0.0,0.0,0.0,0.0005,12.0,239.28,0.0,-1e-05,0.0,0.0,0.0
9229.28,index_price,1560855540642,open,0.03,75.0,0.0005,0.064,0.0233466,98.25,0.021,0,BTC-21JUN19-9000-P,9229.28,86.71,0.0195,24.0,0.022,6.8,94.23,3.09285,-52.83521,-0.28596,0.00047,-0.36992
9229.28,index_price,1560855540671,open,0.0,292.3,0.0005,0.04,5.812e-05,110.0,0.0005,0,BTC-21JUN19-7000-P,9229.28,0.0,0.0,0.0,0.0005,19.6,140.31,0.0516,-0.53633,-0.00149,1e-05,-0.00199
9304.52,BTC-28JUN19,1560855540705,open,0.0,520.6,0.0005,0.04,0.0,110.0,0.0005,0.0,BTC-28JUN19-2000-P,9229.28,0.0,0.0,0.0,0.0005,12.0,369.85,0.0,0.0,0.0,0.0,0.0
9229.28,index_price,1560855540730,open,0.06,76.9,0.026,0.1055,0.06598137,98.26,0.061,0,BTC-21JUN19-8750-C,9229.28,100.06,0.0665,6.0,0.0695,6.5,110.32,2.63715,-45.05575,0.49285,0.0004,0.74377
268.64,index_price,1560855540736,open,0.11,135.0,0.072,0.151,0.111381,104.55,0.135,0,ETH-21JUN19-240-C,268.64,108.32,0.112,60.0,0.119,60.0,143.41,0.04294,-0.78061,0.01661,0.00722,0.89639
9304.52,BTC-28JUN19,1560855540745,open,0.15,613.7,0.1135,0.193,0.1530383,95.01,0.16,0.0,BTC-28JUN19-8000-C,9229.28,82.19,0.1485,7.4,0.1585,0.1,108.56,3.5379,-17.01872,1.75943,0.00016,0.85192
9304.52,BTC-28JUN19,1560855540751,open,0.15,613.7,0.1135,0.193,0.1530383,95.01,0.16,0.0,BTC-28JUN19-8000-C,9229.28,82.19,0.1485,7.4,0.154,7.2,97.51,3.5379,-17.01872,1.75943,0.00016,0.85192
9304.52,BTC-28JUN19,1560855540765,open,0.0,828.3,0.0005,0.04,0.0002585,108.46,0.0005,0.0,BTC-28JUN19-15000-C,9229.28,0.0,0.0,0.0,0.001,54.7,126.88,0.21476,-1.17936,0.01152,1e-05,0.00483
9229.28,index_price,1560855540785,open,0.01,127.6,0.0005,0.044,0.0038635,98.25,0.005,0,BTC-21JUN19-8250-P,9229.28,88.01,0.0025,30.0,0.0035,5.9,95.72,1.34996,-23.0618,-0.06956,0.0002,-0.0918
9229.28,index_price,1560855540802,open,0.0,90.4,0.0005,0.04,8e-08,110.0,0.0005,0,BTC-21JUN19-6000-P,9229.28,0.0,0.0,0.0,0.0005,21.9,208.33,0.00016,-0.00078,0.0,0.0,0.0
271.42,ETH-28JUN19,1560855540858,open,0.28,0.0,0.245,0.324,0.284213,93.88,None,0.0,ETH-26JUL19-200-C,268.64,0.0,0.26,1.0,0.354,48.0,178.33,0.1778,-0.22035,0.167,0.00248,0.87716
9418.8,BTC-27SEP19,1560855540903,open,1.17,0.0,1.058,1.229,1.14368896,94.78,None,0.0,BTC-27SEP19-20000-P,9229.28,45.93,1.1235,0.1,1.1595,0.1,109.19,8.90694,-4.18434,-53.10936,4e-05,-0.89655
9418.83,BTC-27SEP19,1560855540903,open,0.0,336.8,0.0005,0.0405,0.00049324,100.06,0.0015,0.0,BTC-27SEP19-2500-P,9229.28,0.0,0.0,0.0,0.001,0.1,108.99,0.40913,-0.20291,-0.08259,0.0,-0.00268
9418.83,BTC-27SEP19,1560855540909,open,0.24,907.7,0.2025,0.282,0.24213457,80.87,0.24,0.0,BTC-27SEP19-8000-C,9229.28,76.8,0.235,5.0,0.278,0.1,101.14,16.53333,-6.62684,12.56018,8e-05,0.72462
9418.83,BTC-27SEP19,1560855540914,open,0.24,907.7,0.2025,0.282,0.24213457,80.87,0.24,0.0,BTC-27SEP19-8000-C,9229.28,76.8,0.235,5.0,0.25,8.5,85.35,16.53333,-6.62684,12.56018,8e-05,0.72462
9304.52,BTC-28JUN19,1560855540919,open,0.0,685.1,0.0005,0.04,0.0,110.0,0.001,0.0,BTC-28JUN19-2500-P,9229.28,0.0,0.0,0.0,0.0005,20.0,317.42,0.0,0.0,0.0,0.0,0.0
9229.28,index_price,1560855540939,open,0.1,6.2,0.07,0.1495,0.10996929,98.25,0.109,0,BTC-21JUN19-8250-C,9229.28,61.9,0.1065,12.0,0.1145,0.1,124.22,1.35001,-23.06313,0.58042,0.0002,0.9082
9418.83,BTC-27SEP19,1560855540958,open,0.29,3.2,0.2305,0.3325,0.2815552,82.5,0.481,0.0,BTC-27SEP19-11000-P,9229.28,79.32,0.275,3.6,0.286,3.6,84.62,19.55869,-7.99792,-21.80473,0.0001,-0.55605
9304.49,BTC-28JUN19,1560855540960,open,0.01,12.7,0.0005,0.048,0.00819077,98.95,0.0115,0.0,BTC-28JUN19-11500-C,9229.28,93.24,0.0065,30.0,0.009,30.0,101.49,2.90005,-14.52822,0.25929,0.00013,0.11119
9418.83,BTC-27SEP19,1560855540997,open,0.18,382.6,0.148,0.2275,0.18776444,80.86,0.183,0.0,BTC-27SEP19-9000-C,9229.28,78.48,0.183,7.0,0.1925,3.6,83.25,18.77069,-7.52333,11.39129,9e-05,0.62535
9229.28,index_price,1560855540999,open,0.02,72.4,0.0005,0.0545,0.01405099,98.25,0.011,0,BTC-21JUN19-8750-P,9229.28,89.16,0.0115,24.0,0.013,5.7,94.55,2.63704,-45.04896,-0.19651,0.0004,-0.25621
9304.46,BTC-28JUN19,1560855541011,open,0.2,9.9,0.147,0.242,0.19440821,87.64,0.182,0.0,BTC-26JUL19-10500-P,9229.28,77.47,0.182,14.4,0.19,14.4,84.05,11.47478,-13.27522,-7.79524,0.00015,-0.61296
268.64,index_price,1560855541122,open,0.08,181.0,0.041,0.12,0.080624,104.55,0.094,0,ETH-21JUN19-250-C,268.64,102.06,0.08,60.0,0.087,60.0,128.4,0.06789,-1.23415,0.0151,0.01142,0.79427
268.64,index_price,1560855541295,open,0.01,1000.0,0.001,0.051,0.011238,104.55,0.01,0,ETH-21JUN19-250-P,268.64,86.73,0.007,240.0,0.011,415.0,103.6,0.06789,-1.23415,-0.00459,0.01142,-0.20573
271.42,ETH-28JUN19,1560855541300,open,0.03,6152.0,0.001,0.071,0.03109,104.15,0.028,0.0,ETH-28JUN19-300-C,268.64,100.51,0.029,50.0,0.034,130.0,109.12,0.15728,-0.8294,0.02041,0.00758,0.30899
9418.81,BTC-27SEP19,1560855541369,open,0.01,1039.2,0.0005,0.0455,0.00540062,88.31,0.0055,0.0,BTC-27SEP19-4250-P,9229.28,85.31,0.0045,11.0,0.006,15.0,90.16,2.97294,-1.30137,-0.81262,1e-05,-0.02582
9418.81,BTC-27SEP19,1560855541397,open,0.5,13.5,0.4655,0.545,0.50520734,87.23,0.382,0.0,BTC-27SEP19-4750-C,9229.28,0.0,0.494,0.1,0.517,0.1,107.35,4.48369,-1.93849,11.77305,2e-05,0.95748
9304.46,BTC-28JUN19,1560855541399,open,0.0,820.3,0.0005,0.0445,0.00491919,100.06,0.004,0.0,BTC-28JUN19-12000-C,9229.28,93.18,0.0035,30.0,0.006,30.0,104.62,2.09254,-10.60079,0.16805,9e-05,0.07167
9304.46,BTC-28JUN19,1560855541417,open,0.63,4.6,0.548,0.6765,0.6123782,108.02,0.6335,0.0,BTC-28JUN19-15000-P,9229.28,0.0,0.6055,0.1,0.626,0.1,201.2,0.20848,-1.14018,-4.04736,1e-05,-0.99532
271.42,ETH-28JUN19,1560855541428,open,0.04,487.0,0.001,0.08,0.039011,93.88,0.032,0.0,ETH-26JUL19-220-P,268.64,87.07,0.033,235.0,0.039,192.0,93.87,0.24393,-0.30231,-0.06699,0.0034,-0.19885
9304.46,BTC-28JUN19,1560855541452,open,0.05,181.4,0.0045,0.088,0.04627868,95.0,0.045,0.0,BTC-28JUN19-9000-P,9229.28,92.17,0.0445,1.0,0.0485,34.9,98.53,5.85256,-28.15015,-1.08703,0.00026,-0.38551
9304.46,BTC-28JUN19,1560855541493,open,0.54,10.6,0.5035,0.583,0.54323294,127.48,0.535,0.0,BTC-28JUN19-4250-C,9229.28,0.0,0.5385,0.1,0.545,0.1,230.1,0.00381,-0.02461,1.14975,0.0,0.99994
9418.81,BTC-27SEP19,1560855541538,open,0.21,54.0,0.159,0.255,0.2070159,81.32,0.194,0.0,BTC-27SEP19-10000-P,9229.28,78.68,0.2015,3.6,0.2115,3.6,83.46,19.70034,-7.94053,-17.63971,0.0001,-0.47063
9418.81,BTC-27SEP19,1560855541538,open,0.0,386.5,0.0005,0.044,0.00403312,89.34,0.0055,0.0,BTC-27SEP19-4000-P,9229.28,84.89,0.003,10.1,0.005,15.0,92.94,2.37561,-1.05202,-0.62002,1e-05,-0.01979
9418.81,BTC-27SEP19,1560855541573,open,0.49,58.5,0.4595,0.539,0.49938879,81.39,0.4475,0.0,BTC-27DEC19-5000-C,9229.28,55.01,0.476,0.1,0.516,14.0,94.97,10.68552,-2.26637,20.54715,3e-05,0.91437
9304.46,BTC-28JUN19,1560855541576,open,0.0,485.3,0.0005,0.0415,0.00197369,104.39,0.003,0.0,BTC-28JUN19-13000-C,9229.28,94.15,0.001,0.5,0.0025,0.1,108.6,1.07861,-5.70044,0.07383,4e-05,0.0313
9304.46,BTC-28JUN19,1560855541576,open,0.62,143.0,0.584,0.6635,0.62383874,155.57,0.55,0.0,BTC-28JUN19-3500-C,9229.28,0.0,0.621,0.1,0.626,0.1,290.82,0.00251,-0.01977,0.94688,0.0,0.99996
9304.46,BTC-28JUN19,1560855541603,open,0.19,175.5,0.1595,0.239,0.19930888,95.03,0.188,0.0,BTC-28JUN19-7500-C,9229.28,0.0,0.1905,0.1,0.2035,0.1,111.09,2.11109,-10.15679,1.8332,9e-05,0.9275
9229.28,index_price,1560855541609,open,0.01,355.9,0.0005,0.0495,0.00992924,102.9,0.009,0,BTC-21JUN19-10000-C,9229.28,94.94,0.008,24.0,0.0095,2.0,101.17,2.31108,-41.34745,0.14008,0.00033,0.20257
9418.81,BTC-27SEP19,1560855541609,open,0.47,0.0,0.393,0.5085,0.45083524,84.61,None,0.0,BTC-27SEP19-13000-P,9229.28,59.23,0.4085,0.1,0.494,0.1,106.87,17.41492,-7.3035,-29.75379,8e-05,-0.69218
9304.46,BTC-28JUN19,1560855541626,open,0.0,266.4,0.0005,0.04,1.9e-07,110.0,0.0005,0.0,BTC-28JUN19-4250-P,9229.28,0.0,0.0,0.0,0.0005,3.0,194.44,0.00035,-0.00178,-1e-05,0.0,0.0
9304.46,BTC-28JUN19,1560855541663,open,0.0,13.0,0.0005,0.0425,0.00269827,88.06,0.004,0.0,BTC-26JUL19-5500-P,9229.28,80.0,0.0015,41.0,0.004,34.0,94.63,1.63392,-1.89944,-0.24823,2e-05,-0.02301
9304.52,BTC-28JUN19,1560855541680,open,0.0,539.6,0.0005,0.04,4e-08,110.0,0.0005,0.0,BTC-28JUN19-4000-P,9229.28,0.0,0.0,0.0,0.0005,15.4,208.44,7e-05,-0.00033,0.0,0.0,0.0
9304.52,BTC-28JUN19,1560855541693,open,0.0,990.2,0.0005,0.04,1.009e-05,110.01,0.0005,0.0,BTC-28JUN19-5000-P,9229.28,0.0,0.0,0.0,0.0005,12.0,156.85,0.01233,-0.0687,-0.00056,0.0,-0.00021
9304.52,BTC-28JUN19,1560855541718,open,0.0,850.0,0.0005,0.04,0.0,110.0,0.0005,0.0,BTC-28JUN19-3000-P,9229.28,0.0,0.0,0.0,0.0005,12.0,274.97,0.0,0.0,0.0,0.0,0.0
9418.81,BTC-27SEP19,1560855541725,open,0.96,1.0,0.8605,1.015,0.93795827,91.53,1.5815,0.0,BTC-27SEP19-18000-P,9229.28,55.84,0.913,0.1,0.9595,0.1,108.05,10.72241,-4.86431,-46.94619,5e-05,-0.86552
9418.81,BTC-27SEP19,1560855541725,open,0.34,58.1,0.31,0.3895,0.34977424,79.01,0.348,0.0,BTC-27DEC19-7000-C,9229.28,69.92,0.331,5.0,0.4055,0.1,105.15,19.71128,-4.05823,21.77018,5e-05,0.78946
9229.28,index_price,1560855541726,open,0.0,192.9,0.0005,0.0405,0.00068866,98.62,0.001,0,BTC-21JUN19-7750-P,9229.28,0.0,0.0,0.0,0.001,8.3,104.86,0.40849,-6.35569,-0.01556,6e-05,-0.02071
9229.28,index_price,1560855541731,open,0.01,162.5,0.0005,0.048,0.00774685,98.25,0.01,0,BTC-21JUN19-8500-P,9229.28,89.89,0.006,24.0,0.008,3.0,99.41,2.00707,-34.28734,-0.12322,0.0003,-0.16171
9229.28,index_price,1560855541736,open,0.01,162.5,0.0005,0.048,0.00774685,98.25,0.01,0,BTC-21JUN19-8500-P,9229.28,89.89,0.006,24.0,0.007,5.8,94.76,2.00707,-34.28734,-0.12322,0.0003,-0.16171
271.42,ETH-28JUN19,1560855541750,open,0.08,2102.0,0.048,0.127,0.087175,99.7,0.084,0.0,ETH-28JUN19-260-C,268.64,91.28,0.082,120.0,0.09,250.0,104.23,0.16787,-0.8474,0.0402,0.00845,0.63462
268.64,index_price,1560855541756,open,0.03,778.0,0.001,0.074,0.034625,104.6,0.045,0,ETH-21JUN19-270-C,268.64,99.96,0.033,286.0,0.041,286.0,122.55,0.09512,-1.72996,0.00978,0.016,0.49682
9304.46,BTC-28JUN19,1560855541762,open,0.4,148.3,0.369,0.4485,0.40896307,110.51,0.402,0.0,BTC-28JUN19-5500-C,9229.28,0.0,0.403,0.1,0.413,0.1,186.33,0.07131,-0.39899,1.48433,0.0,0.99857
268.64,index_price,1560855541763,open,0.03,778.0,0.001,0.074,0.034625,104.6,0.045,0,ETH-21JUN19-270-C,268.64,99.96,0.033,286.0,0.038,212.0,114.08,0.09512,-1.72996,0.00978,0.016,0.49682
9418.81,BTC-27SEP19,1560855541781,open,0.84,42.8,0.801,0.8805,0.84078941,110.07,0.815,0.0,BTC-27SEP19-1500-C,9229.28,0.0,0.838,0.1,0.843,0.1,168.32,0.0489,-0.02668,4.13749,0.0,0.99973
271.42,ETH-28JUN19,1560855541792,open,0.0,4695.0,0.001,0.04,0.0,110.0,0.001,0.0,ETH-28JUN19-110-P,268.64,0.0,0.0,0.0,0.001,250.0,242.01,0.0,0.0,0.0,0.0,0.0
271.42,ETH-28JUN19,1560855541800,open,0.07,27.0,0.022,0.107,0.06451,93.88,0.05,0.0,ETH-26JUL19-240-P,268.64,86.09,0.056,120.0,0.065,192.0,94.33,0.29852,-0.36996,-0.0994,0.00416,-0.28841
268.64,index_price,1560855541800,open,0.0,366.0,0.001,0.041,0.001551,110.0,0.004,0,ETH-21JUN19-320-C,268.64,101.95,0.001,550.0,0.004,583.0,133.55,0.02083,-0.39831,0.00083,0.00333,0.04067
268.64,index_price,1560855541815,open,0.0,366.0,0.001,0.041,0.001551,110.0,0.004,0,ETH-21JUN19-320-C,268.64,101.95,0.001,550.0,0.004,833.0,133.55,0.02083,-0.39831,0.00083,0.00333,0.04067
268.64,index_price,1560855541854,open,0.0,313.0,0.001,0.04,3e-05,110.0,0.002,0,ETH-21JUN19-200-P,268.64,0.0,0.0,0.0,0.001,350.0,164.26,0.00085,-0.00799,-2e-05,0.00014,-0.00107
277.99,ETH-27SEP19,1560855541860,open,0.09,2645.0,0.049,0.135,0.091872,95.61,0.076,0.0,ETH-27SEP19-220-P,268.64,91.37,0.085,100.0,0.094,48.0,96.94,0.45094,-0.21371,-0.25246,0.00221,-0.23676
268.64,index_price,1560855541882,open,0.11,135.0,0.072,0.151,0.111381,104.55,0.135,0,ETH-21JUN19-240-C,268.64,108.32,0.112,243.0,0.119,60.0,143.41,0.04294,-0.78061,0.01661,0.00722,0.89639
268.64,index_price,1560855541898,open,0.11,135.0,0.072,0.151,0.111381,104.55,0.135,0,ETH-21JUN19-240-C,268.64,108.32,0.112,243.0,0.116,156.0,129.55,0.04294,-0.78061,0.01661,0.00722,0.89639
277.99,ETH-27SEP19,1560855541904,open,0.19,2051.0,0.156,0.235,0.195587,95.64,0.203,0.0,ETH-27SEP19-280-C,268.64,93.38,0.191,100.0,0.202,113.0,98.78,0.56687,-0.26872,0.30584,0.00278,0.5937
271.42,ETH-28JUN19,1560855541929,open,0.26,2185.0,0.225,0.304,0.26487,99.93,0.28,0.0,ETH-28JUN19-200-C,268.64,0.0,0.245,60.0,0.275,1.0,153.5,0.02714,-0.13731,0.05206,0.00136,0.9738
277.99,ETH-27SEP19,1560855541932,open,0.0,1774.0,0.001,0.041,0.001487,108.2,0.003,0.0,ETH-27SEP19-80-P,268.64,0.0,0.0,0.0,0.003,150.0,120.27,0.02731,-0.01465,-0.00627,0.00012,-0.00668
271.42,ETH-28JUN19,1560855541938,open,0.0,7787.0,0.001,0.04,1.9e-05,109.99,0.001,0.0,ETH-28JUN19-150-P,268.64,0.0,0.0,0.0,0.001,769.0,164.52,0.00061,-0.00341,-3e-05,3e-05,-0.00038
277.99,ETH-27SEP19,1560855541953,open,0.11,1434.0,0.074,0.153,0.113251,97.79,0.112,0.0,ETH-27SEP19-360-C,268.64,95.19,0.108,150.0,0.118,127.0,100.11,0.56567,-0.27418,0.22252,0.00271,0.4029
9418.81,BTC-27SEP19,1560855541984,open,0.58,27.1,0.549,0.6285,0.58871405,83.25,0.542,0.0,BTC-27DEC19-4000-C,9229.28,0.0,0.575,0.1,0.6085,0.1,107.43,6.20005,-1.34505,18.25196,2e-05,0.95734
9418.81,BTC-27SEP19,1560855541984,open,0.7,0.0,0.6215,0.756,0.68861547,84.11,None,0.0,BTC-27DEC19-15000-P,9229.28,59.03,0.63,0.1,0.7495,0.1,106.39,24.52936,-5.37619,-67.59577,6e-05,-0.67658
271.42,ETH-28JUN19,1560855541984,open,0.01,0.0,0.001,0.053,0.013628,108.58,0.01,0.0,ETH-28JUN19-330-C,268.64,101.66,0.011,240.0,0.016,387.0,114.38,0.1075,-0.59094,0.01056,0.00497,0.15747
271.42,ETH-28JUN19,1560855541998,open,0.0,8261.0,0.001,0.04,2.3e-05,110.0,0.002,0.0,ETH-28JUN19-500-C,268.64,0.0,0.0,0.0,0.002,674.0,170.96,0.00081,-0.00448,4e-05,4e-05,0.00051
271.42,ETH-28JUN19,1560855542000,open,0.01,0.0,0.001,0.053,0.013628,108.58,0.01,0.0,ETH-28JUN19-330-C,268.64,101.66,0.011,240.0,0.014,222.0,109.5,0.1075,-0.59094,0.01056,0.00497,0.15747
271.42,ETH-28JUN19,1560855542006,open,0.0,3084.0,0.001,0.04,0.0,110.0,0.001,0.0,ETH-28JUN19-100-P,268.64,0.0,0.0,0.0,0.001,250.0,265.83,0.0,0.0,0.0,0.0,0.0
271.42,ETH-28JUN19,1560855542016,open,0.0,1214.0,0.001,0.04,0.000268,110.0,0.001,0.0,ETH-28JUN19-440-C,268.64,0.0,0.0,0.0,0.002,400.0,141.09,0.00639,-0.03561,0.00034,0.00029,0.00495
9418.83,BTC-27SEP19,1560855542020,open,0.45,56.9,0.418,0.4975,0.45765067,80.26,0.42,0.0,BTC-27DEC19-5500-C,9229.28,56.81,0.43,0.1,0.4795,1.6,95.16,13.01601,-2.72215,21.30326,3e-05,0.8879
271.42,ETH-28JUN19,1560855542020,open,0.11,69.0,0.07,0.149,0.109918,99.71,0.125,0.0,ETH-28JUN19-250-C,268.64,90.68,0.105,120.0,0.112,207.0,103.41,0.15025,-0.75853,0.04481,0.00756,0.72013
9418.83,BTC-27SEP19,1560855542066,open,0.66,0.0,0.573,0.704,0.63848291,87.12,None,0.0,BTC-27SEP19-15000-P,9229.28,59.09,0.604,0.1,0.671,0.1,106.46,14.49271,-6.25821,-37.03821,7e-05,-0.78437
277.98,ETH-27SEP19,1560855542186,open,0.16,813.0,0.115,0.207,0.161347,95.62,0.159,0.0,ETH-27SEP19-260-P,268.64,91.85,0.154,199.0,0.166,147.0,98.01,0.54149,-0.25663,-0.39312,0.00265,-0.35036
271.42,ETH-28JUN19,1560855542242,open,0.01,4850.0,0.001,0.047,0.006978,99.67,0.007,0.0,ETH-28JUN19-220-P,268.64,86.72,0.004,120.0,0.007,300.0,99.76,0.07034,-0.35495,-0.00686,0.00354,-0.08642
271.42,ETH-28JUN19,1560855542248,open,0.0,5956.0,0.001,0.041,0.001256,110.0,0.003,0.0,ETH-28JUN19-400-C,268.64,0.0,0.0,0.0,0.003,207.0,126.11,0.02166,-0.12062,0.00138,0.00099,0.02005
271.42,ETH-28JUN19,1560855542248,open,0.09,503.0,0.041,0.127,0.084284,101.09,0.074,0.0,ETH-28JUN19-280-P,268.64,92.98,0.079,280.0,0.089,180.0,108.31,0.17715,-0.90664,-0.04595,0.00879,-0.54143
271.42,ETH-28JUN19,1560855542275,open,0.0,1541.0,0.001,0.04,0.0,110.0,0.001,0.0,ETH-28JUN19-80-P,268.64,0.0,0.0,0.0,0.001,14.0,321.84,0.0,0.0,0.0,0.0,0.0
271.42,ETH-28JUN19,1560855542290,open,0.02,6138.0,0.001,0.06,0.020167,99.67,0.017,0.0,ETH-28JUN19-240-P,268.64,90.43,0.016,234.0,0.02,240.0,99.31,0.12596,-0.63562,-0.01636,0.00634,-0.20259
277.98,ETH-27SEP19,1560855542320,open,0.01,7505.0,0.001,0.054,0.01383,95.62,0.008,0.0,ETH-27SEP19-140-P,268.64,88.38,0.01,170.0,0.015,60.0,97.64,0.15803,-0.0749,-0.0514,0.00077,-0.05307
271.42,ETH-28JUN19,1560855542320,open,0.0,4769.0,0.001,0.04,0.0,110.0,0.001,0.0,ETH-28JUN19-120-P,268.64,0.0,0.0,0.0,0.001,99.0,220.3,0.0,-2e-05,0.0,0.0,0.0
277.98,ETH-27SEP19,1560855542320,open,0.17,2757.0,0.13,0.209,0.169049,95.63,0.174,0.0,ETH-27SEP19-300-C,268.64,93.69,0.165,120.0,0.174,166.0,98.01,0.58011,-0.27498,0.28478,0.00284,0.53973
9418.83,BTC-27SEP19,1560855542346,open,0.8,0.0,0.712,0.854,0.78295393,84.95,None,0.0,BTC-27DEC19-16000-P,9229.28,58.91,0.727,0.1,0.84,0.1,106.54,23.39055,-5.1782,-73.90254,6e-05,-0.70962
9418.83,BTC-27SEP19,1560855542346,open,1.41,0.0,1.2855,1.4755,1.38061809,90.61,None,0.0,BTC-27DEC19-22000-P,9229.28,58.24,1.341,0.1,1.416,0.1,107.79,17.13935,-4.04702,-109.56282,4e-05,-0.83217
268.64,index_price,1560855542403,open,0.07,68.0,0.022,0.106,0.064414,109.97,0.06,0,ETH-21JUN19-280-P,268.64,80.5,0.055,180.0,0.063,180.0,105.67,0.08865,-1.69503,-0.01504,0.01418,-0.64636
9418.83,BTC-27SEP19,1560855542420,open,0.73,55.9,0.6955,0.775,0.73506749,100.05,0.689,0.0,BTC-27SEP19-2500-C,9229.28,0.0,0.732,0.1,0.7375,0.1,127.2,0.40903,-0.20285,6.82672,0.0,0.99732
9418.83,BTC-27SEP19,1560855542422,open,0.1,73.2,0.0495,0.1365,0.09296773,79.01,0.0915,0.0,BTC-27DEC19-7000-P,9229.28,77.35,0.0895,5.0,0.095,9.9,79.98,19.71127,-4.05825,-15.02788,5e-05,-0.21054
9418.83,BTC-27SEP19,1560855542422,open,0.27,12.9,0.214,0.315,0.26448801,79.01,0.257,0.0,BTC-27DEC19-10000-P,9229.28,75.68,0.255,3.6,0.2665,3.6,79.72,26.79694,-5.51713,-34.27904,7e-05,-0.42783
9304.43,BTC-28JUN19,1560855542479,open,0.84,33.8,0.799,0.8785,0.83878803,280.37,0.7145,0.0,BTC-28JUN19-1500-C,9229.28,0.0,0.8365,0.1,0.841,0.1,500.0,0.00095,-0.01347,0.40581,0.0,0.99999
9304.43,BTC-28JUN19,1560855542533,open,1.17,0.6,1.064,1.235,1.1494936,0.0,1.1775,0.0,BTC-28JUN19-20000-P,9229.28,0.0,1.141,0.1,1.1665,0.1,294.66,0.0,0.0,-5.41134,0.0,-1.0
9418.83,BTC-27SEP19,1560855542544,open,0.52,289.7,0.4895,0.569,0.52927613,87.22,0.51,0.0,BTC-27SEP19-4500-C,9229.28,0.0,0.5195,0.1,0.54,0.1,108.71,3.63415,-1.57116,11.39759,2e-05,0.96712
9304.43,BTC-28JUN19,1560855542592,open,0.51,216.2,0.4765,0.556,0.51636493,122.75,0.508,0.0,BTC-28JUN19-4500-C,9229.28,0.0,0.5115,0.1,0.5185,0.1,221.2,0.00653,-0.0406,1.21726,0.0,0.99989
9418.83,BTC-27SEP19,1560855542592,open,0.38,63.1,0.343,0.4225,0.3825221,79.03,0.311,0.0,BTC-27DEC19-6500-C,9229.28,58.21,0.346,0.1,0.435,0.1,106.04,17.61636,-3.62787,21.89876,5e-05,0.8248
9304.43,BTC-28JUN19,1560855542603,open,0.67,43.6,0.638,0.7175,0.67757606,182.04,0.6755,0.0,BTC-28JUN19-3000-C,9229.28,0.0,0.6745,0.1,0.68,0.1,339.46,0.00271,-0.02494,0.81159,0.0,0.99996
9418.83,BTC-27SEP19,1560855542603,open,0.63,261.1,0.591,0.6705,0.63060107,92.27,0.612,0.0,BTC-27SEP19-3500-C,9229.28,0.0,0.6255,0.1,0.635,0.1,111.82,1.45708,-0.66638,9.32417,1e-05,0.9888
271.42,ETH-28JUN19,1560855542626,open,0.16,0.0,0.125,0.204,0.164914,99.67,None,0.0,ETH-28JUN19-230-C,268.64,81.38,0.159,236.0,0.181,60.0,138.23,0.09812,-0.49513,0.05123,0.00494,0.86258
271.42,ETH-28JUN19,1560855542629,open,0.16,0.0,0.125,0.204,0.164914,99.67,None,0.0,ETH-28JUN19-230-C,268.64,81.38,0.159,236.0,0.166,213.0,102.63,0.09812,-0.49513,0.05123,0.00494,0.86258
268.64,index_price,1560855542635,open,0.0,108.0,0.001,0.04,0.000161,110.0,0.003,0,ETH-21JUN19-210-P,268.64,0.0,0.0,0.0,0.001,250.0,140.5,0.00349,-0.04333,-0.00011,0.00056,-0.00507
268.64,index_price,1560855542648,open,0.01,1000.0,0.001,0.051,0.011238,104.55,0.01,0,ETH-21JUN19-250-P,268.64,86.73,0.007,240.0,0.011,591.0,103.6,0.06789,-1.23415,-0.00459,0.01142,-0.20573
9304.43,BTC-28JUN19,1560855542669,open,0.03,58.0,0.0005,0.0745,0.03450689,90.28,0.032,0.0,BTC-26JUL19-12000-C,9229.28,87.71,0.032,19.3,0.0365,19.3,92.29,9.16444,-10.92221,1.9153,0.00011,0.23288
271.42,ETH-28JUN19,1560855542693,open,0.06,20.0,0.021,0.105,0.062578,99.64,0.052,0.0,ETH-28JUN19-270-P,268.64,92.65,0.058,374.0,0.065,250.0,103.38,0.17696,-0.8927,-0.03798,0.00891,-0.45464
277.98,ETH-27SEP19,1560855542710,open,0.26,2210.0,0.221,0.3,0.260896,95.64,0.23,0.0,ETH-27SEP19-240-C,268.64,91.82,0.254,100.0,0.269,286.0,100.11,0.50293,-0.2384,0.34244,0.00246,0.70664
271.42,ETH-28JUN19,1560855542715,open,0.0,5956.0,0.001,0.041,0.001256,110.0,0.003,0.0,ETH-28JUN19-400-C,268.64,0.0,0.0,0.0,0.003,457.0,126.11,0.02166,-0.12062,0.00138,0.00099,0.02005
271.42,ETH-28JUN19,1560855542725,open,0.05,2692.0,0.013,0.092,0.052672,101.09,0.051,0.0,ETH-28JUN19-280-C,268.64,95.45,0.049,234.0,0.054,242.0,103.12,0.17715,-0.90664,0.02981,0.00879,0.45857
271.41,ETH-28JUN19,1560855542795,open,0.78,120.0,0.698,0.839,0.76853,0.0,1.018,0.0,ETH-28JUN19-480-P,268.64,0.0,0.745,60.0,0.793,60.0,262.03,0.0,0.0,-0.12987,0.0,-1.0
9229.28,index_price,1560855542815,open,0.23,3.2,0.202,0.2815,0.24160242,110.0,0.2355,0,BTC-21JUN19-7000-C,9229.28,0.0,0.2375,0.1,0.25,0.1,240.02,0.0516,-0.98695,0.55002,1e-05,0.99801
271.42,ETH-28JUN19,1560855542863,open,0.03,6152.0,0.001,0.071,0.03109,104.14,0.028,0.0,ETH-28JUN19-300-C,268.64,100.51,0.029,50.0,0.032,250.0,105.7,0.15728,-0.82922,0.02041,0.00758,0.30896
271.42,ETH-28JUN19,1560855542870,open,0.0,1541.0,0.001,0.04,0.0,110.0,0.001,0.0,ETH-28JUN19-80-P,268.64,0.0,0.0,0.0,0.001,264.0,321.84,0.0,0.0,0.0,0.0,0.0
271.42,ETH-28JUN19,1560855542892,open,0.01,4850.0,0.001,0.047,0.006978,99.67,0.007,0.0,ETH-28JUN19-220-P,268.64,86.72,0.004,120.0,0.007,494.0,99.76,0.07034,-0.35495,-0.00686,0.00354,-0.08642
277.98,ETH-27SEP19,1560855542924,open,0.47,28.0,0.408,0.525,0.466581,98.42,0.419,0.0,ETH-27SEP19-380-P,268.64,69.47,0.413,36.0,0.515,36.0,122.3,0.54923,-0.26794,-0.84637,0.00261,-0.63513
271.42,ETH-28JUN19,1560855542926,open,0.37,0.0,0.311,0.419,0.364823,99.9,None,0.0,ETH-26JUL19-360-P,268.64,0.0,0.28,48.0,0.411,48.0,141.58,0.26979,-0.35578,-0.31772,0.00353,-0.76324
277.98,ETH-27SEP19,1560855542943,open,0.03,2924.0,0.001,0.07,0.03092,106.39,0.031,0.0,ETH-27SEP19-600-C,268.64,105.58,0.03,4.0,0.033,60.0,108.17,0.31976,-0.16861,0.08114,0.00141,0.13654
277.98,ETH-27SEP19,1560855542932,open,0.64,0.0,0.604,0.683,0.643434,100.89,None,0.0,ETH-27SEP19-100-C,268.64,0.0,0.588,12.0,0.696,12.0,207.18,0.05267,-0.02634,0.26304,0.00024,0.98584
277.98,ETH-27SEP19,1560855542974,open,0.03,2924.0,0.001,0.07,0.03092,106.39,0.031,0.0,ETH-27SEP19-600-C,268.64,105.58,0.03,4.0,0.032,60.0,107.32,0.31976,-0.16861,0.08114,0.00141,0.13654
271.42,ETH-28JUN19,1560855543010,open,0.48,60.0,0.416,0.533,0.474986,110.0,0.683,0.0,ETH-28JUN19-400-P,268.64,0.0,0.455,60.0,0.497,60.0,200.21,0.02166,-0.12062,-0.10685,0.00099,-0.97995
271.42,ETH-28JUN19,1560855543051,open,0.05,2664.0,0.004,0.086,0.0451,99.67,0.033,0.0,ETH-28JUN19-260-P,268.64,93.03,0.041,209.0,0.047,215.0,102.74,0.16787,-0.8471,-0.03014,0.00845,-0.36536
271.42,ETH-28JUN19,1560855543069,open,0.23,20.0,0.189,0.268,0.228459,93.88,0.237,0.0,ETH-26JUL19-220-C,268.64,69.17,0.208,100.0,0.293,48.0,159.51,0.24393,-0.30231,0.1613,0.0034,0.80115
271.42,ETH-28JUN19,1560855543078,open,0.09,503.0,0.041,0.127,0.084284,101.09,0.074,0.0,ETH-28JUN19-280-P,268.64,92.98,0.079,280.0,0.085,219.0,102.18,0.17715,-0.90664,-0.04595,0.00879,-0.54143
268.64,index_price,1560855543095,open,0.33,0.0,0.29,0.369,0.329959,110.0,None,0,ETH-21JUN19-180-C,268.64,0.0,0.32,60.0,0.347,60.0,388.99,2e-05,-0.00033,0.01418,0.0,0.99998
277.98,ETH-27SEP19,1560855543098,open,0.71,0.0,0.674,0.753,0.713696,108.31,None,0.0,ETH-27SEP19-80-C,268.64,0.0,0.657,12.0,0.768,12.0,248.37,0.02745,-0.01473,0.21479,0.00012,0.99329
271.42,ETH-28JUN19,1560855543103,open,0.0,4769.0,0.001,0.04,0.0,110.0,0.001,0.0,ETH-28JUN19-120-P,268.64,0.0,0.0,0.0,0.001,349.0,220.3,0.0,-2e-05,0.0,0.0,0.0
268.64,index_price,1560855543109,open,0.08,181.0,0.041,0.12,0.080624,104.55,0.094,0,ETH-21JUN19-250-C,268.64,102.06,0.08,287.0,0.087,60.0,128.4,0.06789,-1.23415,0.0151,0.01142,0.79427
277.98,ETH-27SEP19,1560855543106,open,0.78,0.0,0.745,0.824,0.784479,110.27,0.01,0.0,ETH-27SEP19-60-C,268.64,0.0,0.727,12.0,0.841,12.0,308.47,0.00786,-0.0043,0.16429,3e-05,0.99833
268.64,index_price,1560855543114,open,0.08,181.0,0.041,0.12,0.080624,104.55,0.094,0,ETH-21JUN19-250-C,268.64,102.06,0.08,287.0,0.086,239.0,124.8,0.06789,-1.23415,0.0151,0.01142,0.79427
271.42,ETH-28JUN19,1560855543130,open,0.34,0.0,0.307,0.386,0.346639,93.88,None,0.0,ETH-26JUL19-180-C,268.64,0.0,0.283,48.0,0.42,48.0,202.81,0.11167,-0.13839,0.16554,0.00156,0.93439
271.42,ETH-28JUN19,1560855543131,open,0.19,1522.0,0.157,0.236,0.196426,99.67,0.154,0.0,ETH-28JUN19-220-C,268.64,71.4,0.191,325.0,0.213,60.0,148.25,0.07034,-0.35495,0.05267,0.00354,0.91358
277.99,ETH-27SEP19,1560855543133,open,0.92,12.0,0.839,0.991,0.915064,103.09,1.193,0.0,ETH-27SEP19-520-P,268.64,0.0,0.85,12.0,0.971,12.0,136.93,0.39428,-0.20147,-1.32667,0.00179,-0.81179
271.42,ETH-28JUN19,1560855543136,open,0.19,1522.0,0.157,0.236,0.196426,99.67,0.154,0.0,ETH-28JUN19-220-C,268.64,71.4,0.191,325.0,0.197,210.0,101.85,0.07034,-0.35495,0.05267,0.00354,0.91358
268.64,index_price,1560855543153,open,0.2,0.0,0.146,0.24,0.192737,110.0,None,0,ETH-21JUN19-320-P,268.64,0.0,0.174,60.0,0.202,60.0,174.0,0.02083,-0.39831,-0.02438,0.00333,-0.95933
271.42,ETH-28JUN19,1560855543157,open,0.14,368.0,0.1,0.179,0.139875,93.88,0.161,0.0,ETH-26JUL19-260-C,268.64,92.36,0.138,120.0,0.149,250.0,101.29,0.33412,-0.41408,0.13392,0.00466,0.61537
9304.46,BTC-28JUN19,1560855543164,open,0.29,504.3,0.2625,0.342,0.30208187,99.36,0.292,0.0,BTC-28JUN19-6500-C,9229.28,0.0,0.3005,7.0,0.307,0.1,144.02,0.45761,-2.30204,1.72826,2e-05,0.98859
277.99,ETH-27SEP19,1560855543162,open,0.92,12.0,0.839,0.991,0.915064,103.09,1.193,0.0,ETH-27SEP19-520-P,268.64,0.0,0.85,12.0,0.97,12.0,136.39,0.39428,-0.20147,-1.32667,0.00179,-0.81179
9304.46,BTC-28JUN19,1560855543166,open,0.29,504.3,0.2625,0.342,0.30208187,99.36,0.292,0.0,BTC-28JUN19-6500-C,9229.28,0.0,0.3005,7.0,0.303,6.0,113.07,0.45761,-2.30204,1.72826,2e-05,0.98859
277.98,ETH-27SEP19,1560855543175,open,0.64,0.0,0.604,0.683,0.643434,100.89,None,0.0,ETH-27SEP19-100-C,268.64,0.0,0.589,12.0,0.696,12.0,207.18,0.05267,-0.02634,0.26304,0.00024,0.98584
271.42,ETH-28JUN19,1560855543183,open,0.52,386.0,0.482,0.561,0.521038,110.0,0.534,0.0,ETH-28JUN19-130-C,268.64,0.0,0.501,60.0,0.541,60.0,357.75,3e-05,-0.00017,0.03517,0.0,0.99998
271.42,ETH-28JUN19,1560855543189,open,0.63,60.0,0.557,0.686,0.621372,110.0,0.85,0.0,ETH-28JUN19-440-P,268.64,0.0,0.599,60.0,0.644,60.0,230.41,0.00639,-0.03561,-0.11871,0.00029,-0.99505
271.42,ETH-28JUN19,1560855543196,open,0.34,0.0,0.307,0.386,0.346639,93.88,None,0.0,ETH-26JUL19-180-C,268.64,0.0,0.284,48.0,0.42,48.0,202.81,0.11167,-0.13839,0.16554,0.00156,0.93439
271.41,ETH-28JUN19,1560855543201,open,0.78,120.0,0.698,0.839,0.76853,0.0,1.018,0.0,ETH-28JUN19-480-P,268.64,0.0,0.745,60.0,0.792,60.0,259.19,0.0,0.0,-0.12987,0.0,-1.0
9229.28,index_price,1560855543198,open,0.04,318.7,0.0085,0.088,0.04818928,98.25,0.05,0,BTC-21JUN19-9000-C,9229.28,97.69,0.048,18.0,0.052,5.0,109.58,3.09286,-52.83743,0.42311,0.00047,0.63008
277.98,ETH-27SEP19,1560855543207,open,1.06,24.0,0.97,1.133,1.051823,105.08,1.356,0.0,ETH-27SEP19-560-P,268.64,0.0,0.981,12.0,1.11,12.0,142.28,0.35656,-0.18571,-1.45283,0.00159,-0.83932
9229.28,index_price,1560855543210,open,0.04,318.7,0.0085,0.088,0.04818928,98.25,0.05,0,BTC-21JUN19-9000-C,9229.28,97.69,0.048,18.0,0.051,6.0,106.62,3.09286,-52.83743,0.42311,0.00047,0.63008
271.42,ETH-28JUN19,1560855543213,open,0.7,0.0,0.666,0.745,0.705254,110.0,None,0.0,ETH-28JUN19-80-C,268.64,0.0,0.684,60.0,0.727,60.0,500.0,0.0,0.0,0.02165,0.0,1.0
9229.28,index_price,1560855543217,open,0.0,186.0,0.0005,0.0435,0.0036714,104.3,0.0025,0,BTC-21JUN19-10500-C,9229.28,90.85,0.002,38.3,0.003,0.5,99.37,1.31912,-23.92236,0.06203,0.00019,0.08898
9304.43,BTC-28JUN19,1560855543227,open,0.03,403.0,0.0005,0.067,0.02603622,95.0,0.0265,0.0,BTC-28JUN19-8500-P,9229.28,91.12,0.024,3.0,0.0275,39.0,97.76,4.92115,-23.67002,-0.70916,0.00022,-0.25566
9304.46,BTC-28JUN19,1560855543238,open,0.0,1430.2,0.0005,0.04,6.7e-07,110.0,0.0005,0.0,BTC-28JUN19-20000-C,9229.28,0.0,0.0,0.0,0.0005,19.9,174.72,0.00116,-0.00621,4e-05,0.0,2e-05
9418.81,BTC-27SEP19,1560855543250,open,0.0,1646.2,0.0005,0.04,4.486e-05,110.0,0.0005,0.0,BTC-27SEP19-1500-P,9229.28,0.0,0.0,0.0,0.001,12.0,150.19,0.04861,-0.0265,-0.00804,0.0,-0.00026
271.42,ETH-28JUN19,1560855543273,open,0.3,0.0,0.245,0.348,0.29669,108.93,None,0.0,ETH-28JUN19-350-P,268.64,0.0,0.278,60.0,0.318,60.0,164.44,0.0736,-0.40587,-0.08848,0.00339,-0.90816
9304.43,BTC-28JUN19,1560855543286,open,0.3,0.0,0.2715,0.351,0.3113212,84.51,None,0.0,BTC-26JUL19-6500-C,9229.28,40.24,0.3015,5.0,0.3245,0.1,108.77,4.15654,-4.637,5.94434,5e-05,0.92699
271.41,ETH-28JUN19,1560855543302,open,0.78,120.0,0.698,0.839,0.76853,0.0,1.018,0.0,ETH-28JUN19-480-P,268.64,0.0,0.745,60.0,0.793,60.0,262.03,0.0,0.0,-0.12987,0.0,-1.0
271.41,ETH-28JUN19,1560855543394,open,0.25,0.0,0.197,0.295,0.246082,99.61,None,0.0,ETH-26JUL19-320-P,268.64,0.0,0.159,144.0,0.294,144.0,138.07,0.32775,-0.43096,-0.24896,0.0043,-0.63789
9304.43,BTC-28JUN19,1560855543420,open,0.65,0.1,0.611,0.6905,0.65070402,110.0,0.395,0.0,BTC-28JUN19-3250-C,9229.27,0.0,0.648,0.1,0.653,0.1,314.17,0.0,0.0,0.87934,0.0,1.0
9304.43,BTC-28JUN19,1560855543420,open,0.35,1684.4,0.3155,0.395,0.35539628,105.28,0.34,0.0,BTC-28JUN19-6000-C,9229.27,0.0,0.3495,0.1,0.3575,0.1,143.88,0.19731,-1.05175,1.6117,1e-05,0.9956
9304.43,BTC-28JUN19,1560855543420,open,0.41,0.8,0.3435,0.455,0.39915726,104.38,0.4175,0.0,BTC-28JUN19-13000-P,9229.27,0.0,0.3935,0.1,0.4115,0.1,158.06,1.07849,-5.69966,-3.44355,4e-05,-0.9687
9418.84,BTC-27SEP19,1560855543420,open,0.55,0.2,0.5145,0.594,0.55417677,88.31,0.26,0.0,BTC-27SEP19-4250-C,9229.27,0.0,0.5465,0.1,0.5625,0.1,108.35,2.97277,-1.30127,10.93324,1e-05,0.97419
9418.84,BTC-27SEP19,1560855543420,open,0.68,226.1,0.643,0.7225,0.68277429,97.8,0.585,0.0,BTC-27SEP19-3000-C,9229.27,0.0,0.679,0.1,0.686,0.1,118.99,0.90711,-0.43974,8.08779,0.0,0.99347
9418.84,BTC-27SEP19,1560855543420,open,0.0,419.5,0.0005,0.04,0.00025355,108.44,0.001,0.0,BTC-27SEP19-2000-P,9229.27,0.0,0.0,0.0,0.0025,15.0,144.31,0.21738,-0.11684,-0.04138,0.0,-0.00134
9304.43,BTC-28JUN19,1560855543422,open,0.31,13.4,0.243,0.346,0.29462668,100.06,0.3175,0.0,BTC-28JUN19-12000-P,9229.27,0.0,0.2875,0.1,0.3055,0.1,135.15,2.09236,-10.59962,-3.07877,9e-05,-0.92834
9229.27,index_price,1560855543419,open,0.02,394.6,0.0005,0.064,0.02403503,102.63,0.0235,0,BTC-21JUN19-9500-C,9229.27,96.65,0.022,0.2,0.0255,5.1,106.91,3.14961,-56.20279,0.2682,0.00046,0.39288
9304.43,BTC-28JUN19,1560855543419,open,0.41,0.0,0.372,0.4515,0.411584,88.07,None,0.0,BTC-26JUL19-5500-C,9229.27,0.0,0.406,0.1,0.418,0.1,112.78,1.63464,-1.90052,5.45893,2e-05,0.97698
9304.42,BTC-28JUN19,1560855543422,open,0.48,97.1,0.4495,0.529,0.48949361,111.09,0.485,0.0,BTC-28JUN19-4750-C,9229.27,0.0,0.484,0.1,0.4915,0.1,204.26,0.00499,-0.02808,1.28498,0.0,0.99992
9304.42,BTC-28JUN19,1560855543423,open,0.59,30.0,0.557,0.6365,0.59696748,142.17,0.298,0.0,BTC-28JUN19-3750-C,9229.27,0.0,0.594,0.1,0.5995,0.1,278.63,0.00203,-0.01458,1.01454,0.0,0.99997
9418.83,BTC-27SEP19,1560855543424,open,0.09,619.0,0.0495,0.129,0.08933334,83.57,0.086,0.0,BTC-27SEP19-12000-C,9229.27,81.63,0.0855,10.0,0.0925,4.9,85.16,18.6972,-7.74488,7.30851,9e-05,0.3701
9418.83,BTC-27SEP19,1560855543420,open,0.21,26.7,0.151,0.2465,0.19887495,79.01,0.189,0.0,BTC-27DEC19-9000-P,9229.27,76.47,0.192,5.0,0.2,5.0,79.42,25.48062,-5.24606,-27.53558,7e-05,-0.35725
9418.83,BTC-27SEP19,1560855543419,open,0.03,17.5,0.0005,0.0695,0.02957877,96.46,0.023,0.0,BTC-27DEC19-28000-C,9229.27,94.56,0.027,16.0,0.032,16.0,98.16,13.13072,-3.3004,4.15447,3e-05,0.11348
9304.42,BTC-28JUN19,1560855543419,open,0.05,232.1,0.0135,0.093,0.05303672,88.45,0.052,0.0,BTC-26JUL19-11000-C,9229.27,85.4,0.0495,29.3,0.0555,19.3,90.56,10.82985,-12.64577,2.65616,0.00014,0.32814
9418.83,BTC-27SEP19,1560855543421,open,0.05,297.8,0.0145,0.094,0.0542054,88.85,0.053,0.0,BTC-27DEC19-20000-C,9229.27,87.75,0.052,8.0,0.056,5.0,89.73,19.03532,-4.40731,7.14716,5e-05,0.19855
9304.42,BTC-28JUN19,1560855543419,open,0.05,84.4,0.003,0.086,0.04464935,83.6,0.0435,0.0,BTC-26JUL19-8000-P,9229.27,79.46,0.0405,34.3,0.045,19.3,83.95,9.38825,-10.36106,-2.78077,0.00013,-0.24336
9418.83,BTC-27SEP19,1560855543420,open,0.11,288.1,0.0705,0.15,0.11035252,83.28,0.1065,0.0,BTC-27DEC19-14000-C,9229.27,81.67,0.106,18.0,0.1125,5.0,84.07,25.58473,-5.55223,12.43423,7e-05,0.36148
9418.83,BTC-27SEP19,1560855543422,open,0.24,158.9,0.2035,0.283,0.24334141,79.01,0.2545,0.0,BTC-27DEC19-9000-C,9229.27,78.14,0.241,7.0,0.2515,3.6,82.03,25.48062,-5.24605,19.77626,7e-05,0.64275
9418.83,BTC-27SEP19,1560855543422,open,0.17,295.3,0.1305,0.21,0.17040409,79.47,0.1705,0.0,BTC-27DEC19-11000-C,9229.27,79.84,0.1715,10.0,0.1785,3.6,82.27,27.2392,-5.64059,16.68957,7e-05,0.50747
9418.83,BTC-27SEP19,1560855543421,open,0.06,211.0,0.0135,0.0975,0.05563411,79.47,0.056,0.0,BTC-27DEC19-6000-P,9229.27,77.85,0.053,6.0,0.0585,6.0,81.22,15.35783,-3.18061,-9.79302,4e-05,-0.14215
9229.27,index_price,1560855543419,open,0.15,5.2,0.096,0.187,0.14135495,104.29,0.1525,0,BTC-21JUN19-10500-P,9229.27,0.0,0.132,0.1,0.148,0.1,140.28,1.31887,-23.91549,-0.76524,0.00019,-0.91104
9229.27,index_price,1560855543419,open,0.21,0.3,0.146,0.241,0.1933663,109.69,0.2055,0,BTC-21JUN19-11000-P,9229.27,0.0,0.1835,0.1,0.2,0.1,160.42,0.70191,-13.38727,-0.83886,0.0001,-0.96028
9229.27,index_price,1560855543419,open,0.06,9.8,0.0115,0.0955,0.05336776,102.63,0.048,0,BTC-21JUN19-9500-P,9229.27,83.76,0.047,5.0,0.0515,18.0,97.14,3.1496,-56.20081,-0.48027,0.00046,-0.60713
9229.27,index_price,1560855543419,open,0.18,20.6,0.148,0.2275,0.18762242,99.62,0.181,0,BTC-21JUN19-7500-C,9229.27,92.17,0.1875,0.1,0.196,0.1,194.2,0.18766,-3.25052,0.58459,3e-05,0.99159
9418.83,BTC-27SEP19,1560855543423,open,0.41,122.6,0.379,0.4585,0.41861096,79.47,0.419,0.0,BTC-27DEC19-6000-C,9229.27,60.35,0.39,0.2,0.45,6.1,97.83,15.35775,-3.18055,21.74831,4e-05,0.85785
9418.83,BTC-27SEP19,1560855543422,open,0.35,13.2,0.285,0.3915,0.33827738,79.47,0.321,0.0,BTC-27DEC19-11000-P,9229.27,75.74,0.3275,3.6,0.34,3.6,80.06,27.2392,-5.64059,-41.13598,7e-05,-0.49253
271.41,ETH-28JUN19,1560855543562,open,0.27,0.0,0.213,0.313,0.262577,108.63,None,0.0,ETH-28JUN19-340-P,268.64,0.0,0.243,60.0,0.283,60.0,156.83,0.08966,-0.49308,-0.08386,0.00414,-0.87933
268.64,index_price,1560855543631,open,0.16,30.0,0.111,0.203,0.157273,110.0,0.203,0,ETH-21JUN19-310-P,268.64,0.0,0.138,60.0,0.167,60.0,162.39,0.03482,-0.6659,-0.02284,0.00557,-0.92188
9304.42,BTC-28JUN19,1560855543660,open,0.0,1255.2,0.0005,0.04,0.0,110.0,0.0005,0.0,BTC-28JUN19-1500-P,9229.27,0.0,0.0,0.0,0.0005,15.0,438.46,0.0,0.0,0.0,0.0,0.0
277.98,ETH-27SEP19,1560855543733,open,1.2,27.0,1.102,1.276,1.189271,106.32,1.519,0.0,ETH-27SEP19-600-P,268.64,0.0,1.114,12.0,1.251,12.0,147.9,0.31939,-0.16831,-1.57721,0.00141,-0.86369
9304.42,BTC-28JUN19,1560855543755,open,0.18,35.1,0.145,0.2245,0.1848441,83.6,0.185,0.0,BTC-26JUL19-8000-C,9229.27,83.26,0.1845,7.0,0.195,9.7,93.51,9.38829,-10.36124,5.52073,0.00013,0.75664
9304.42,BTC-28JUN19,1560855543761,open,0.0,578.3,0.0005,0.0405,0.00075575,107.29,0.0015,0.0,BTC-28JUN19-14000-C,9229.27,101.95,0.0005,16.9,0.001,0.1,111.31,0.51156,-2.77873,0.03077,2e-05,0.01298
271.41,ETH-28JUN19,1560855543792,open,0.31,0.0,0.252,0.355,0.303545,99.68,None,0.0,ETH-26JUL19-340-P,268.64,0.0,0.215,48.0,0.353,48.0,141.34,0.30128,-0.39644,-0.28427,0.00395,-0.7058
9229.27,index_price,1560855543840,open,0.0,314.0,0.0005,0.0415,0.00172535,98.32,0.0025,0,BTC-21JUN19-8000-P,9229.27,88.61,0.001,50.0,0.002,8.4,101.39,0.79502,-13.59144,-0.03495,0.00012,-0.04634
9304.42,BTC-28JUN19,1560855543851,open,0.19,175.5,0.1595,0.239,0.1993011,95.02,0.188,0.0,BTC-28JUN19-7500-C,9229.27,77.02,0.196,7.1,0.2035,0.1,111.1,2.11088,-10.15505,1.83323,9e-05,0.92751
9304.42,BTC-28JUN19,1560855543858,open,0.19,175.5,0.1595,0.239,0.1993011,95.02,0.188,0.0,BTC-28JUN19-7500-C,9229.27,77.02,0.196,7.1,0.2,6.2,98.0,2.11088,-10.15505,1.83323,9e-05,0.92751
9304.42,BTC-28JUN19,1560855543863,open,0.0,485.3,0.0005,0.0415,0.00197324,104.38,0.003,0.0,BTC-28JUN19-13000-C,9229.27,94.15,0.001,11.3,0.0025,0.1,108.6,1.07851,-5.69987,0.07382,4e-05,0.0313
9304.42,BTC-28JUN19,1560855543917,open,0.0,266.4,0.0005,0.04,1.9e-07,110.0,0.0005,0.0,BTC-28JUN19-4250-P,9229.27,0.0,0.0,0.0,0.0005,15.0,194.44,0.00035,-0.00178,-1e-05,0.0,0.0
268.64,index_price,1560855543931,open,0.01,1142.0,0.001,0.044,0.00477,104.55,0.004,0,ETH-21JUN19-240-P,268.64,72.79,0.001,522.0,0.004,350.0,99.55,0.04294,-0.78061,-0.00229,0.00722,-0.10361
9418.84,BTC-27SEP19,1560855543968,open,0.0,419.5,0.0005,0.04,0.00025356,108.44,0.001,0.0,BTC-27SEP19-2000-P,9229.27,0.0,0.0,0.0,0.001,8.1,126.8,0.21738,-0.11684,-0.04138,0.0,-0.00134
9229.27,index_price,1560855544021,open,0.02,394.6,0.0005,0.064,0.02403455,102.63,0.0235,0,BTC-21JUN19-9500-C,9229.27,96.65,0.022,0.2,0.024,5.8,102.53,3.14961,-56.20279,0.2682,0.00046,0.39288
9304.42,BTC-28JUN19,1560855544034,open,0.05,333.5,0.013,0.0925,0.05290477,94.89,0.051,0.0,BTC-28JUN19-9500-C,9229.27,91.22,0.0505,20.0,0.055,25.9,98.09,6.09641,-29.28825,1.0701,0.00027,0.47798
271.41,ETH-28JUN19,1560855544050,open,0.02,403.0,0.001,0.061,0.021078,93.87,0.015,0.0,ETH-26JUL19-200-P,268.64,85.75,0.016,146.0,0.023,240.0,96.76,0.1778,-0.22034,-0.04054,0.00248,-0.12285
9304.43,BTC-28JUN19,1560855544049,open,0.0,133.4,0.0005,0.04,1e-08,110.0,0.0005,0.0,BTC-28JUN19-3750-P,9229.27,0.0,0.0,0.0,0.0005,12.0,223.34,1e-05,-5e-05,0.0,0.0,0.0
9229.27,index_price,1560855544066,open,0.0,241.2,0.0005,0.04,3.33e-06,110.0,0.0005,0,BTC-21JUN19-6500-P,9229.27,0.0,0.0,0.0,0.0005,22.0,173.24,0.00435,-0.0307,-0.0001,0.0,-0.00014
9418.84,BTC-27SEP19,1560855544421,open,0.38,6.1,0.309,0.4175,0.36337638,83.57,1.781,0.0,BTC-27SEP19-12000-P,9229.25,58.85,0.317,0.1,0.4105,0.1,106.71,18.69725,-7.74492,-25.85606,9e-05,-0.6299
9418.84,BTC-27SEP19,1560855544421,open,0.47,793.4,0.441,0.5205,0.48071954,85.51,0.361,0.0,BTC-27SEP19-5000-C,9229.25,0.0,0.468,0.1,0.4955,0.1,107.41,5.20251,-2.20496,12.18517,2e-05,0.94882
9418.82,BTC-27SEP19,1560855544420,open,0.74,0.0,0.6985,0.778,0.73807085,94.97,None,0.0,BTC-27DEC19-2500-C,9229.25,0.0,0.732,0.1,0.743,0.1,111.93,2.06901,-0.51205,12.39535,0.0,0.98841
9229.25,index_price,1560855544419,open,0.34,3.0,0.31,0.3895,0.3498945,127.38,0.3435,0,BTC-21JUN19-6000-C,9229.25,0.0,0.346,0.1,0.3565,0.1,322.04,0.00186,-0.04124,0.47268,0.0,0.99994
9304.43,BTC-28JUN19,1560855544420,open,0.25,0.0,0.186,0.2845,0.23526921,88.45,None,0.0,BTC-26JUL19-11000-P,9229.25,58.82,0.2035,0.1,0.258,0.1,107.44,10.82987,-12.64575,-8.75843,0.00014,-0.67186
9418.82,BTC-27SEP19,1560855544419,open,0.0,87.9,0.0005,0.042,0.00202126,101.31,0.001,0.0,BTC-27DEC19-2000-P,9229.25,0.0,0.0,0.0,0.0035,16.1,110.46,1.26828,-0.33484,-0.42831,0.0,-0.00663
9418.82,BTC-27SEP19,1560855544421,open,0.04,63.9,0.0005,0.083,0.04158891,80.26,0.0415,0.0,BTC-27DEC19-5500-P,9229.25,78.74,0.0395,6.0,0.0445,16.0,82.34,13.01616,-2.72222,-7.60969,3e-05,-0.1121
9304.41,BTC-28JUN19,1560855544483,open,0.16,0.1,0.105,0.1965,0.15059661,97.38,0.1605,0.0,BTC-28JUN19-10500-P,9229.25,54.85,0.1325,0.1,0.159,0.1,112.85,4.8632,-23.97776,-2.26729,0.00021,-0.75003
271.41,ETH-28JUN19,1560855544536,open,0.02,310.0,0.001,0.063,0.023715,105.71,0.027,0.0,ETH-28JUN19-310-C,268.64,102.39,0.022,100.0,0.024,223.0,106.25,0.14157,-0.75765,0.01654,0.00672,0.249
9418.82,BTC-27SEP19,1560855544572,open,0.01,96.6,0.0005,0.0495,0.00957339,87.64,0.011,0.0,BTC-27DEC19-3500-P,9229.25,84.33,0.008,10.0,0.0115,16.0,91.33,4.69142,-1.07137,-1.97671,1e-05,-0.03035
9418.82,BTC-27SEP19,1560855544628,open,0.29,207.8,0.252,0.3315,0.29194374,79.01,0.3115,0.0,BTC-27DEC19-8000-C,9229.25,72.11,0.275,5.0,0.3045,6.5,84.12,23.13999,-4.76416,21.00383,6e-05,0.71615
9418.82,BTC-27SEP19,1560855544633,open,0.56,0.0,0.4815,0.6045,0.54318236,85.95,None,0.0,BTC-27SEP19-14000-P,9229.25,59.2,0.5045,0.1,0.5805,0.1,106.5,15.97963,-6.80784,-33.46871,8e-05,-0.74254
9304.43,BTC-28JUN19,1560855544635,open,0.03,1490.4,0.0005,0.074,0.03400958,95.07,0.0325,0.0,BTC-28JUN19-10000-C,9229.25,91.76,0.032,24.0,0.035,10.0,96.69,5.67433,-27.31311,0.79783,0.00025,0.35093
268.64,index_price,1560855544660,open,0.02,263.0,0.001,0.063,0.022566,104.55,0.026,0,ETH-21JUN19-260-P,268.64,84.17,0.016,580.0,0.022,304.0,102.81,0.08786,-1.5971,-0.00778,0.01478,-0.34507
9418.82,BTC-27SEP19,1560855544690,open,0.01,161.7,0.0005,0.0535,0.01339656,83.25,0.0145,0.0,BTC-27DEC19-4000-P,9229.25,81.87,0.0125,16.0,0.0145,5.0,84.9,6.20014,-1.34508,-2.77557,2e-05,-0.04266
9304.41,BTC-28JUN19,1560855544707,open,0.54,0.0,0.46,0.5815,0.52073484,95.54,None,0.0,BTC-26JUL19-14000-P,9229.25,0.0,0.504,0.1,0.532,0.1,110.98,6.00499,-7.57359,-13.52168,7e-05,-0.87974
9418.82,BTC-27SEP19,1560855544744,open,0.52,0.5,0.448,0.568,0.50785156,82.45,0.584,0.0,BTC-27DEC19-13000-P,9229.25,76.22,0.4905,3.6,0.5045,3.6,81.25,26.46945,-5.68689,-54.60107,7e-05,-0.5949
9418.82,BTC-27SEP19,1560855544811,open,0.65,0.0,0.617,0.6965,0.65662067,94.79,None,0.0,BTC-27SEP19-3250-C,9229.25,0.0,0.6525,0.1,0.66,0.1,113.54,1.15088,-0.54072,8.71587,0.0,0.99145
9304.43,BTC-28JUN19,1560855544807,open,0.35,1684.4,0.3155,0.395,0.35539632,105.28,0.34,0.0,BTC-28JUN19-6000-C,9229.25,0.0,0.354,6.0,0.3575,0.1,143.88,0.19732,-1.05181,1.6117,1e-05,0.9956
9304.43,BTC-28JUN19,1560855544815,open,0.35,1684.4,0.3155,0.395,0.35539632,105.28,0.34,0.0,BTC-28JUN19-6000-C,9229.25,0.0,0.354,6.0,0.356,5.7,122.79,0.19732,-1.05181,1.6117,1e-05,0.9956
9304.43,BTC-28JUN19,1560855544821,open,0.0,94.5,0.0005,0.04,0.0,110.0,0.0005,0.0,BTC-28JUN19-3250-P,9229.25,0.0,0.0,0.0,0.0005,12.0,256.42,0.0,0.0,0.0,0.0,0.0
9418.82,BTC-27SEP19,1560855544830,open,0.76,0.0,0.6675,0.806,0.73665158,88.57,None,0.0,BTC-27SEP19-16000-P,9229.25,57.5,0.705,0.1,0.766,0.1,107.47,13.11417,-5.75732,-40.45112,6e-05,-0.81731
9229.25,index_price,1560855544826,open,0.0,157.7,0.0005,0.0415,0.00150721,109.71,0.0015,0,BTC-21JUN19-11000-C,9229.25,102.22,0.001,5.5,0.0025,61.1,120.9,0.70225,-13.3958,0.0278,0.0001,0.03974
9229.25,index_price,1560855544835,open,0.29,6.2,0.256,0.3355,0.29572075,110.0,0.2885,0,BTC-21JUN19-6500-C,9229.25,0.0,0.292,0.1,0.302,0.1,269.04,0.00435,-0.08313,0.51201,0.0,0.99986
9229.25,index_price,1560855544832,open,0.0,157.7,0.0005,0.0415,0.00150721,109.71,0.0015,0,BTC-21JUN19-11000-C,9229.25,102.22,0.001,5.5,0.0025,68.6,120.9,0.70225,-13.3958,0.0278,0.0001,0.03974
271.41,ETH-28JUN19,1560855544877,open,0.14,172.0,0.091,0.181,0.136387,104.08,0.142,0.0,ETH-28JUN19-300-P,268.64,81.7,0.124,250.0,0.141,250.0,111.95,0.15723,-0.82854,-0.06078,0.00758,-0.69124
271.41,ETH-28JUN19,1560855544877,open,0.0,10421.0,0.001,0.041,0.001736,99.92,0.002,0.0,ETH-28JUN19-200-P,268.64,0.0,0.0,0.0,0.002,1083.0,102.46,0.02714,-0.13731,-0.00205,0.00136,-0.0262
277.98,ETH-27SEP19,1560855544877,open,0.0,324.0,0.001,0.04,0.000322,110.0,0.002,0.0,ETH-27SEP19-60-P,268.64,125.49,0.001,1.0,0.002,398.0,138.06,0.00773,-0.00421,-0.00151,3e-05,-0.00164
277.98,ETH-27SEP19,1560855544877,open,0.3,863.0,0.261,0.34,0.300461,95.63,0.323,0.0,ETH-27SEP19-220-C,268.64,91.01,0.293,100.0,0.308,235.0,100.26,0.45096,-0.21375,0.35551,0.00221,0.76321
277.98,ETH-27SEP19,1560855544877,open,0.25,85.0,0.199,0.298,0.24825,95.63,0.262,0.0,ETH-27SEP19-300-P,268.64,91.2,0.239,36.0,0.257,36.0,99.82,0.58011,-0.27496,-0.54434,0.00284,-0.46028
277.98,ETH-27SEP19,1560855544877,open,0.22,1415.0,0.187,0.266,0.226047,95.63,0.228,0.0,ETH-27SEP19-260-C,268.64,92.52,0.22,100.0,0.235,36.0,100.23,0.54149,-0.25666,0.32544,0.00265,0.64965
271.41,ETH-28JUN19,1560855544877,open,0.41,924.0,0.371,0.45,0.410577,112.76,0.35,0.0,ETH-28JUN19-160-C,268.64,0.0,0.391,60.0,0.43,60.0,271.25,0.00235,-0.01343,0.04316,0.0001,0.99837
277.98,ETH-27SEP19,1560855544877,open,0.05,2342.0,0.016,0.095,0.055552,102.12,0.056,0.0,ETH-27SEP19-480-C,268.64,100.49,0.053,5.0,0.058,143.0,103.65,0.44038,-0.2229,0.13165,0.00202,0.22691
277.98,ETH-27SEP19,1560855544877,open,0.03,5682.0,0.001,0.066,0.025699,95.63,0.023,0.0,ETH-27SEP19-160-P,268.64,88.55,0.02,209.0,0.027,60.0,97.16,0.23434,-0.11107,-0.08772,0.00115,-0.08849
277.98,ETH-27SEP19,1560855544880,open,0.53,0.0,0.466,0.587,0.526501,98.96,None,0.0,ETH-27SEP19-400-P,268.64,66.54,0.471,36.0,0.577,36.0,124.42,0.52935,-0.25964,-0.91908,0.0025,-0.66982
271.41,ETH-28JUN19,1560855544890,open,0.63,0.0,0.592,0.671,0.631567,177.04,None,0.0,ETH-28JUN19-100-C,268.64,0.0,0.61,60.0,0.653,60.0,474.84,0.0003,-0.00269,0.02704,1e-05,0.99982
271.41,ETH-28JUN19,1560855544890,open,0.33,3454.0,0.298,0.377,0.337324,108.46,0.289,0.0,ETH-28JUN19-180-C,268.64,0.0,0.318,60.0,0.356,60.0,221.94,0.01021,-0.05608,0.04805,0.00047,0.9916
277.98,ETH-27SEP19,1560855544898,open,0.34,1738.0,0.306,0.385,0.345104,95.63,0.35,0.0,ETH-27SEP19-200-C,268.64,89.73,0.337,100.0,0.388,12.0,125.25,0.38666,-0.18327,0.363,0.00189,0.8176
271.41,ETH-28JUN19,1560855544898,open,0.02,5193.0,0.001,0.058,0.018507,108.26,0.017,0.0,ETH-28JUN19-320-C,268.64,104.96,0.017,10.0,0.018,248.0,107.16,0.1256,-0.68844,0.01345,0.00582,0.20164
271.41,ETH-28JUN19,1560855544898,open,0.37,1118.0,0.334,0.413,0.373883,111.21,0.354,0.0,ETH-28JUN19-170-C,268.64,0.0,0.354,60.0,0.393,60.0,245.93,0.00533,-0.03003,0.04568,0.00024,0.99596
268.64,index_price,1560855544902,open,0.29,0.0,0.253,0.332,0.292738,110.0,None,0,ETH-21JUN19-190-C,268.64,0.0,0.283,60.0,0.309,2.0,343.58,0.00015,-0.00283,0.01497,2e-05,0.99984
271.41,ETH-28JUN19,1560855544902,open,0.5,0.0,0.437,0.555,0.495953,100.79,None,0.0,ETH-26JUL19-400-P,268.64,0.0,0.403,48.0,0.549,48.0,155.61,0.20476,-0.27245,-0.37879,0.00266,-0.849
271.41,ETH-28JUN19,1560855544910,open,0.0,10453.0,0.001,0.04,4e-06,109.99,0.001,0.0,ETH-28JUN19-140-P,268.64,0.0,0.0,0.0,0.001,749.0,181.79,0.00016,-0.00088,-1e-05,1e-05,-9e-05
277.98,ETH-27SEP19,1560855544910,open,0.07,3166.0,0.022,0.107,0.06458,95.63,0.058,0.0,ETH-27SEP19-200-P,268.64,90.85,0.058,100.0,0.066,48.0,96.65,0.38666,-0.18327,-0.18974,0.00189,-0.1824
277.98,ETH-27SEP19,1560855544918,open,0.3,647.0,0.247,0.35,0.29851,96.27,0.287,0.0,ETH-27SEP19-320-P,268.64,91.25,0.288,36.0,0.307,36.0,100.31,0.58282,-0.27809,-0.62116,0.00283,-0.51002
271.41,ETH-28JUN19,1560855544918,open,0.0,6643.0,0.001,0.045,0.005116,109.22,0.005,0.0,ETH-28JUN19-360-C,268.64,103.78,0.004,300.0,0.006,197.0,113.09,0.05935,-0.32819,0.0047,0.00273,0.0691
271.41,ETH-28JUN19,1560855544918,open,0.56,50.0,0.518,0.597,0.557881,147.76,0.547,0.0,ETH-28JUN19-120-C,268.64,0.0,0.537,60.0,0.579,60.0,396.71,0.00042,-0.00313,0.03245,1e-05,0.99975
271.41,ETH-28JUN19,1560855544918,open,0.0,9803.0,0.001,0.04,1e-06,109.99,0.001,0.0,ETH-28JUN19-130-P,268.64,0.0,0.0,0.0,0.001,250.0,200.31,3e-05,-0.00017,0.0,0.0,-2e-05
9304.41,BTC-28JUN19,1560855544935,open,0.21,26.0,0.1485,0.2435,0.19584953,98.19,0.216,0.0,BTC-28JUN19-11000-P,9229.25,43.75,0.1825,0.1,0.205,0.1,118.28,3.86716,-19.2251,-2.58353,0.00017,-0.83039
277.98,ETH-27SEP19,1560855544967,open,0.41,81.0,0.352,0.464,0.408297,97.78,0.428,0.0,ETH-27SEP19-360-P,268.64,91.2,0.395,36.0,0.417,36.0,102.04,0.56563,-0.27413,-0.77245,0.00271,-0.59716
271.41,ETH-28JUN19,1560855545016,open,0.34,60.0,0.279,0.384,0.331474,108.99,0.516,0.0,ETH-28JUN19-360-P,268.64,0.0,0.312,60.0,0.353,60.0,170.98,0.05905,-0.32586,-0.09273,0.00272,-0.93135
9418.83,BTC-27SEP19,1560855545020,open,0.54,6.6,0.5035,0.583,0.54348687,82.85,0.4515,0.0,BTC-27DEC19-4500-C,9229.25,51.41,0.5245,0.1,0.5685,0.1,106.66,8.45211,-1.82476,19.48368,2e-05,0.93699
271.41,ETH-28JUN19,1560855545028,open,0.59,214.0,0.555,0.634,0.594724,161.8,0.552,0.0,ETH-28JUN19-110-C,268.64,0.0,0.574,60.0,0.616,60.0,433.81,0.00035,-0.00291,0.02975,1e-05,0.99979
271.41,ETH-28JUN19,1560855545028,open,0.48,335.0,0.445,0.524,0.484198,124.08,0.481,0.0,ETH-28JUN19-140-C,268.64,0.0,0.464,60.0,0.504,60.0,326.89,0.00066,-0.00415,0.03785,3e-05,0.99959
268.64,index_price,1560855545033,open,0.04,127.0,0.001,0.081,0.039687,104.55,0.037,0,ETH-21JUN19-270-P,268.64,82.83,0.032,272.0,0.038,223.0,99.78,0.09512,-1.72914,-0.01149,0.016,-0.5032
277.98,ETH-27SEP19,1560855545048,open,0.39,743.0,0.355,0.434,0.394994,95.63,0.337,0.0,ETH-27SEP19-180-C,268.64,71.73,0.371,100.0,0.44,12.0,132.16,0.31283,-0.14827,0.3632,0.00153,0.86775
9418.83,BTC-27SEP19,1560855545068,open,0.02,96.2,0.0005,0.062,0.02125373,82.85,0.0385,0.0,BTC-27DEC19-4500-P,9229.25,80.28,0.019,16.0,0.0235,16.0,85.3,8.45219,-1.82479,-4.17229,2e-05,-0.06301
271.41,ETH-28JUN19,1560855545072,open,0.67,0.0,0.629,0.708,0.668411,193.7,None,0.0,ETH-28JUN19-90-C,268.64,0.0,0.647,60.0,0.69,60.0,500.0,0.00025,-0.00246,0.02434,1e-05,0.99985
268.64,index_price,1560855545077,open,0.0,6.0,0.001,0.04,4e-06,110.0,0.001,0,ETH-21JUN19-190-P,268.64,0.0,0.0,0.0,0.001,350.0,188.91,0.00015,-0.00107,0.0,2e-05,-0.00016
271.41,ETH-28JUN19,1560855545080,open,0.0,7876.0,0.001,0.04,0.000219,109.99,0.001,0.0,ETH-28JUN19-170-P,268.64,0.0,0.0,0.0,0.001,339.0,132.97,0.00496,-0.02762,-0.00029,0.00023,-0.00372
277.98,ETH-27SEP19,1560855545090,open,0.09,2165.0,0.048,0.127,0.087548,98.96,0.09,0.0,ETH-27SEP19-400-C,268.64,96.56,0.083,150.0,0.093,134.0,101.8,0.52935,-0.25964,0.1864,0.0025,0.33018
271.41,ETH-28JUN19,1560855545090,open,0.45,481.0,0.408,0.487,0.44737,116.56,0.46,0.0,ETH-28JUN19-150-C,268.64,0.0,0.427,60.0,0.467,60.0,298.15,0.0011,-0.00651,0.04053,5e-05,0.99929
9418.82,BTC-27SEP19,1560855545085,open,0.0,1646.2,0.0005,0.04,4.486e-05,110.0,0.0005,0.0,BTC-27SEP19-1500-P,9229.25,0.0,0.0,0.0,0.001,27.0,150.19,0.04861,-0.0265,-0.00804,0.0,-0.00026
9418.84,BTC-27SEP19,1560855545108,open,0.0,419.5,0.0005,0.04,0.00025357,108.44,0.001,0.0,BTC-27SEP19-2000-P,9229.25,0.0,0.0,0.0,0.001,23.1,126.8,0.21738,-0.11684,-0.04138,0.0,-0.00134
271.41,ETH-28JUN19,1560855545132,open,0.0,5711.0,0.001,0.04,7e-05,109.99,0.001,0.0,ETH-28JUN19-160-P,268.64,0.0,0.0,0.0,0.001,250.0,148.28,0.00191,-0.01065,-0.0001,9e-05,-0.0013
9304.41,BTC-28JUN19,1560855545147,open,0.78,20.1,0.7455,0.825,0.78504863,222.04,0.578,0.0,BTC-28JUN19-2000-C,9229.25,0.0,0.7825,0.1,0.787,0.1,440.84,0.0004,-0.00445,0.54112,0.0,0.99999
277.98,ETH-27SEP19,1560855545160,open,0.45,399.0,0.411,0.49,0.450118,95.63,0.45,0.0,ETH-27SEP19-160-C,268.64,0.0,0.4,12.0,0.497,12.0,141.96,0.23434,-0.11107,0.35447,0.00115,0.91151
271.41,ETH-28JUN19,1560855545186,open,0.3,553.0,0.261,0.34,0.300985,105.1,0.28,0.0,ETH-28JUN19-190-C,268.64,0.0,0.281,60.0,0.319,60.0,199.09,0.01768,-0.09409,0.05017,0.00084,0.98419
9418.83,BTC-27SEP19,1560855545191,open,0.13,161.3,0.088,0.1675,0.1276362,82.45,0.1225,0.0,BTC-27DEC19-13000-C,9229.25,81.15,0.124,10.0,0.128,5.0,82.58,26.46949,-5.68688,13.73824,7e-05,0.4051
277.98,ETH-27SEP19,1560855545197,open,0.51,191.0,0.471,0.55,0.510199,95.63,0.5,0.0,ETH-27SEP19-140-C,268.64,0.0,0.459,12.0,0.56,12.0,157.29,0.15804,-0.07491,0.33552,0.00077,0.94693
271.41,ETH-28JUN19,1560855545200,open,0.2,81.0,0.15,0.245,0.197491,108.17,0.347,0.0,ETH-28JUN19-320-P,268.64,0.0,0.178,60.0,0.216,60.0,144.14,0.12551,-0.68734,-0.07315,0.00582,-0.79861
271.41,ETH-28JUN19,1560855545204,open,0.1,744.0,0.054,0.141,0.0978,93.87,0.079,0.0,ETH-26JUL19-260-P,268.64,86.72,0.089,204.0,0.099,192.0,94.84,0.33412,-0.41401,-0.13588,0.00466,-0.38467
9418.83,BTC-27SEP19,1560855545217,open,0.2,451.6,0.163,0.2425,0.20278245,79.01,0.2025,0.0,BTC-27DEC19-10000-C,9229.25,79.26,0.2035,15.0,0.21,5.0,81.55,26.79696,-5.51707,18.28968,7e-05,0.57217
9418.83,BTC-27SEP19,1560855545217,open,0.79,0.0,0.75,0.8295,0.78968036,101.31,None,0.0,BTC-27DEC19-2000-C,9229.25,0.0,0.785,0.1,0.7925,0.1,116.87,1.26816,-0.3348,10.08548,0.0,0.99337
268.64,index_price,1560855545222,open,0.02,876.0,0.001,0.062,0.022126,109.97,0.025,0,ETH-21JUN19-280-C,268.64,103.49,0.02,3.0,0.023,200.0,112.61,0.08865,-1.69501,0.00702,0.01418,0.35364
271.41,ETH-28JUN19,1560855545239,open,0.85,120.0,0.769,0.915,0.842187,0.0,1.102,0.0,ETH-28JUN19-500-P,268.64,0.0,0.818,60.0,0.867,60.0,275.4,0.0,0.0,-0.13528,0.0,-1.0
277.98,ETH-27SEP19,1560855545248,open,0.36,236.0,0.299,0.406,0.352669,97.3,0.38,0.0,ETH-27SEP19-340-P,268.64,91.18,0.34,36.0,0.361,36.0,101.31,0.57748,-0.27851,-0.69722,0.00278,-0.55486
268.64,index_price,1560855545248,open,0.25,0.0,0.216,0.295,0.255539,110.0,None,0,ETH-21JUN19-200-C,268.64,0.0,0.247,60.0,0.272,2.0,306.41,0.00085,-0.01631,0.01573,0.00014,0.99893
271.41,ETH-28JUN19,1560855545250,open,0.0,7937.0,0.001,0.041,0.001007,104.7,0.001,0.0,ETH-28JUN19-190-P,268.64,0.0,0.0,0.0,0.002,570.0,116.98,0.0174,-0.09223,-0.00121,0.00083,-0.01551
277.98,ETH-27SEP19,1560855545250,open,0.66,0.0,0.585,0.716,0.650042,99.38,None,0.0,ETH-27SEP19-440-P,268.64,55.7,0.592,12.0,0.704,12.0,128.22,0.48174,-0.23731,-1.06147,0.00227,-0.73162
271.41,ETH-28JUN19,1560855545274,open,0.0,2027.0,0.001,0.04,0.0,110.0,0.001,0.0,ETH-28JUN19-90-P,268.64,0.0,0.0,0.0,0.001,250.0,292.21,0.0,0.0,0.0,0.0,0.0
271.41,ETH-28JUN19,1560855545320,open,0.13,1012.0,0.096,0.175,0.135928,99.72,0.129,0.0,ETH-28JUN19-240-C,268.64,88.74,0.131,120.0,0.138,295.0,104.13,0.12601,-0.63622,0.04856,0.00634,0.79725
271.41,ETH-28JUN19,1560855545320,open,0.23,770.0,0.19,0.269,0.229951,100.0,0.237,0.0,ETH-28JUN19-210-C,268.64,0.0,0.21,60.0,0.247,60.0,161.71,0.04628,-0.23431,0.05285,0.00232,0.94968
277.98,ETH-27SEP19,1560855545320,open,0.79,0.0,0.712,0.853,0.782295,102.12,None,0.0,ETH-27SEP19-480-P,268.64,0.0,0.721,12.0,0.834,12.0,131.48,0.44038,-0.2229,-1.19494,0.00202,-0.77309
271.41,ETH-28JUN19,1560855545400,open,0.11,419.0,0.067,0.146,0.106924,93.89,0.117,0.0,ETH-26JUL19-280-C,268.64,97.07,0.111,231.0,0.116,250.0,100.97,0.34839,-0.43182,0.11612,0.00485,0.51922
9418.83,BTC-27SEP19,1560855545419,open,1.38,0.2,1.2575,1.445,1.35108751,97.19,1.391,0.0,BTC-27SEP19-22000-P,9229.23,0.0,1.335,0.1,1.367,0.1,113.84,7.36311,-3.54699,-59.11798,3e-05,-0.91997
9304.41,BTC-28JUN19,1560855545420,open,0.08,35.8,0.031,0.1165,0.07392383,94.89,0.074,0.0,BTC-28JUN19-9500-P,9229.23,91.19,0.0715,5.0,0.077,23.0,99.58,6.0964,-29.28741,-1.50029,0.00027,-0.52203
9304.41,BTC-28JUN19,1560855545421,open,0.26,0.3,0.1945,0.2935,0.24415967,98.94,0.2665,0.0,BTC-28JUN19-11500-P,9229.23,0.0,0.235,0.1,0.2555,0.1,128.74,2.89933,-14.52305,-2.85232,0.00013,-0.88885
9304.41,BTC-28JUN19,1560855545421,open,0.0,318.6,0.0005,0.04,3.12e-06,110.0,0.0015,0.0,BTC-28JUN19-4750-P,9229.23,0.0,0.0,0.0,0.0005,12.0,168.73,0.00436,-0.02429,-0.00019,0.0,-7e-05
9229.23,index_price,1560855545420,open,0.11,12.1,0.05,0.137,0.09343965,102.88,0.1005,0,BTC-21JUN19-10000-P,9229.23,0.0,0.0815,0.1,0.098,0.1,120.11,2.31071,-41.33493,-0.64782,0.00033,-0.79748
9304.39,BTC-28JUN19,1560855545422,open,0.24,815.1,0.21,0.2895,0.24962509,96.16,0.2425,0.0,BTC-28JUN19-7000-C,9229.23,0.0,0.2475,7.2,0.251,8.4,106.56,1.04641,-5.09448,1.81307,5e-05,0.96982
9418.83,BTC-27SEP19,1560855545422,open,0.3,780.8,0.27,0.3495,0.30995641,81.79,0.32,0.0,BTC-27SEP19-7000-C,9229.23,77.46,0.304,5.0,0.3165,6.6,86.44,13.11317,-5.3162,13.20751,7e-05,0.81733
9418.83,BTC-27SEP19,1560855545422,open,0.38,716.2,0.35,0.4295,0.38979604,83.02,0.4,0.0,BTC-27SEP19-6000-C,9229.23,74.39,0.382,5.3,0.3945,5.3,87.79,9.02739,-3.71469,13.14103,4e-05,0.89462
9304.39,BTC-28JUN19,1560855545422,open,0.0,1869.1,0.0005,0.04,0.00025043,105.28,0.0005,0.0,BTC-28JUN19-6000-P,9229.23,0.0,0.0,0.0,0.001,10.8,125.58,0.19733,-1.05187,-0.0117,1e-05,-0.0044
9304.39,BTC-28JUN19,1560855545423,open,0.12,43.9,0.0645,0.153,0.10876644,95.07,0.1055,0.0,BTC-28JUN19-10000-P,9229.23,57.81,0.0875,0.1,0.118,0.1,110.0,5.67418,-27.31078,-1.90788,0.00025,-0.64909
9304.39,BTC-28JUN19,1560855545423,open,0.0,884.7,0.0005,0.04,7.364e-05,110.0,0.0005,0.0,BTC-28JUN19-5500-P,9229.23,0.0,0.0,0.0,0.0005,8.1,134.69,0.06862,-0.38217,-0.00363,0.0,-0.00137
9304.39,BTC-28JUN19,1560855545423,open,0.0,1140.0,0.0005,0.0405,0.00067166,99.27,0.0005,0.0,BTC-28JUN19-6500-P,9229.23,0.0,0.0,0.0,0.0015,8.0,112.0,0.45567,-2.29023,-0.03028,2e-05,-0.01136
9418.83,BTC-27SEP19,1560855545421,open,2.25,0.2,2.0835,2.34,2.21164451,98.28,2.2245,0.0,BTC-27DEC19-30000-P,9229.23,0.0,2.1795,0.1,2.229,0.1,110.01,12.17171,-3.11733,-153.96236,3e-05,-0.89786
9304.39,BTC-28JUN19,1560855545420,open,0.03,65.8,0.0005,0.07,0.02888303,83.6,0.0275,0.0,BTC-26JUL19-7500-P,9229.23,80.08,0.026,24.3,0.0295,19.3,84.34,7.72195,-8.5221,-1.96706,0.0001,-0.17485
9418.83,BTC-27SEP19,1560855545422,open,0.0,102.2,0.0005,0.041,0.00108075,110.0,0.0005,0.0,BTC-27DEC19-1500-P,9229.23,100.14,0.0005,0.8,0.002,0.1,119.85,0.70706,-0.20268,-0.22394,0.0,-0.00344
9418.83,BTC-27SEP19,1560855545420,open,0.02,15.3,0.0005,0.064,0.02408951,100.05,0.021,0.0,BTC-27DEC19-32000-C,9229.23,97.84,0.0215,16.0,0.0265,16.0,102.0,11.35201,-2.95976,3.40623,2e-05,0.09288
9304.39,BTC-28JUN19,1560855545420,open,0.43,0.0,0.364,0.477,0.42037391,92.8,None,0.0,BTC-26JUL19-13000-P,9229.23,52.56,0.399,0.1,0.435,0.1,109.37,7.47425,-9.1561,-12.10942,9e-05,-0.83383
9418.83,BTC-27SEP19,1560855545422,open,1.0,0.0,0.8985,1.056,0.97739323,86.76,None,0.0,BTC-27DEC19-18000-P,9229.23,58.12,0.9265,0.1,1.0265,0.1,106.83,21.09785,-4.76988,-86.15901,5e-05,-0.76272
9229.23,index_price,1560855545420,open,0.15,0.4,0.121,0.2005,0.16096718,98.66,0.154,0,BTC-21JUN19-7750-C,9229.23,0.0,0.156,0.1,0.1695,0.1,174.65,0.40921,-7.01958,0.595,6e-05,0.97925
9304.39,BTC-28JUN19,1560855545420,open,0.22,13.0,0.183,0.2625,0.22281538,83.6,0.222,0.0,BTC-26JUL19-7500-C,9229.23,70.44,0.2125,7.0,0.2435,0.1,106.9,7.72219,-8.52279,5.8155,0.0001,0.82514
9304.39,BTC-28JUN19,1560855545425,open,0.57,322.4,0.5305,0.61,0.57009729,132.98,0.495,0.0,BTC-28JUN19-4000-C,9229.23,0.0,0.567,0.1,0.5725,0.1,258.27,0.00232,-0.01562,1.08217,0.0,0.99996
9418.83,BTC-27SEP19,1560855545425,open,0.6,0.0,0.565,0.6445,0.60490303,90.92,None,0.0,BTC-27SEP19-3750-C,9229.23,0.0,0.5995,0.1,0.6105,0.1,110.75,1.89321,-0.85323,9.88993,1e-05,0.98483
9418.83,BTC-27SEP19,1560855545420,open,0.03,185.2,0.0005,0.073,0.03335828,94.52,0.026,0.0,BTC-27DEC19-26000-C,9229.23,92.59,0.0305,16.0,0.0355,6.0,95.92,14.24319,-3.50833,4.65491,3e-05,0.12737
9229.23,index_price,1560855545420,open,0.0,323.2,0.0005,0.04,0.00025355,99.58,0.0005,0,BTC-21JUN19-7500-P,9229.23,0.0,0.0,0.0,0.0005,15.4,109.06,0.18723,-2.34007,-0.00628,3e-05,-0.00839
9418.81,BTC-27SEP19,1560855545420,open,2.04,0.1,1.8825,2.122,2.00234431,96.45,2.02,0.0,BTC-27DEC19-28000-P,9229.23,0.0,1.9695,0.1,2.023,0.1,109.37,13.12862,-3.29965,-143.03864,3e-05,-0.88654
9418.81,BTC-27SEP19,1560855545426,open,0.43,230.7,0.3945,0.474,0.43407821,84.11,0.4375,0.0,BTC-27SEP19-5500-C,9229.23,58.97,0.42,5.0,0.454,0.1,107.0,7.02714,-2.92947,12.7726,3e-05,0.92475
9418.81,BTC-27SEP19,1560855545419,open,2.46,0.3,2.285,2.558,2.42154269,100.05,2.435,0.0,BTC-27DEC19-32000-P,9229.23,0.0,2.389,0.1,2.43,0.1,106.51,11.35106,-2.95943,-164.8139,2e-05,-0.90713
9229.23,index_price,1560855545420,open,0.04,24.8,0.0005,0.077,0.03595657,98.25,0.031,0,BTC-21JUN19-9250-P,9229.23,84.25,0.031,18.0,0.0335,6.0,91.31,3.26762,-55.82118,-0.38454,0.0005,-0.49289
9304.39,BTC-28JUN19,1560855545420,open,0.07,88.0,0.0225,0.1075,0.06493987,83.6,0.0665,0.0,BTC-26JUL19-8500-P,9229.23,79.3,0.06,10.0,0.065,19.3,83.65,10.70486,-11.81404,-3.70728,0.00014,-0.31903
9418.81,BTC-27SEP19,1560855545422,open,0.0,179.7,0.0005,0.0435,0.00349662,94.97,0.0075,0.0,BTC-27DEC19-2500-P,9229.23,86.97,0.002,10.0,0.005,10.0,101.1,2.06892,-0.51202,-0.74678,0.0,-0.01159
9418.81,BTC-27SEP19,1560855545425,open,0.43,5.3,0.3625,0.4755,0.41917237,80.4,0.417,0.0,BTC-27DEC19-12000-P,9229.23,75.97,0.4065,3.6,0.42,3.6,80.68,27.03512,-5.66388,-47.9554,7e-05,-0.54936
9418.81,BTC-27SEP19,1560855545420,open,0.01,168.7,0.0005,0.046,0.00595493,90.83,0.0095,0.0,BTC-27DEC19-3000-P,9229.23,86.24,0.0045,10.0,0.0075,10.0,95.06,3.22049,-0.76227,-1.25485,1e-05,-0.01939
9418.81,BTC-27SEP19,1560855545422,open,0.06,201.7,0.0265,0.106,0.06632581,86.76,0.0655,0.0,BTC-27DEC19-18000-C,9229.23,85.49,0.0635,18.0,0.069,4.9,87.95,21.09759,-4.76978,8.46448,5e-05,0.23728
9304.39,BTC-28JUN19,1560855545420,open,0.39,0.0,0.3165,0.4255,0.37084717,90.62,None,0.0,BTC-26JUL19-12500-P,9229.23,54.96,0.3475,0.1,0.3885,0.1,108.97,8.22211,-9.83574,-11.36841,0.0001,-0.80661
9418.81,BTC-27SEP19,1560855545422,open,0.15,118.0,0.096,0.1865,0.14130704,79.01,0.1435,0.0,BTC-27DEC19-8000-P,9229.23,76.85,0.136,5.0,0.143,4.9,79.7,23.13999,-4.76415,-21.05113,6e-05,-0.28385
9304.39,BTC-28JUN19,1560855545420,open,0.06,33.0,0.026,0.1055,0.06591824,87.64,0.062,0.0,BTC-26JUL19-10500-C,9229.23,84.86,0.0625,36.3,0.0685,19.3,89.73,11.47466,-13.27552,3.10044,0.00015,0.38704
9304.39,BTC-28JUN19,1560855545419,open,0.29,0.0,0.228,0.3295,0.27870241,89.34,None,0.0,BTC-26JUL19-11500-P,9229.23,57.65,0.249,0.1,0.299,0.1,107.36,10.0338,-11.83386,-9.67304,0.00013,-0.72316
9304.39,BTC-28JUN19,1560855545420,open,0.17,25.3,0.1095,0.201,0.15527125,85.83,0.1395,0.0,BTC-26JUL19-10000-P,9229.23,77.76,0.145,14.4,0.1525,14.4,83.66,11.86784,-13.44673,-6.79747,0.00015,-0.54876
9418.81,BTC-27SEP19,1560855545422,open,0.63,4.0,0.598,0.6775,0.63797694,87.64,0.59,0.0,BTC-27DEC19-3500-C,9229.23,0.0,0.6265,0.1,0.651,0.1,108.48,4.69152,-1.0714,16.42227,1e-05,0.96965
9418.81,BTC-27SEP19,1560855545420,open,1.83,0.0,1.6825,1.9055,1.79378879,94.52,None,0.0,BTC-27DEC19-26000-P,9229.23,42.53,1.7605,0.1,1.8185,0.1,108.77,14.24249,-3.50809,-132.02395,3e-05,-0.87264
9418.81,BTC-27SEP19,1560855545420,open,2.89,1.3,2.689,2.996,2.8426117,103.45,2.858,0.0,BTC-27DEC19-36000-P,9229.23,0.0,2.807,0.1,2.852,1.0,111.34,10.04641,-2.70834,-186.35445,2e-05,-0.9211
9418.81,BTC-27SEP19,1560855545426,open,0.15,141.0,0.1055,0.185,0.14512743,80.4,0.151,0.0,BTC-27DEC19-12000-C,9229.23,80.53,0.1455,18.0,0.152,3.6,82.79,27.03513,-5.66392,15.12703,7e-05,0.45064
9304.39,BTC-28JUN19,1560855545421,open,0.49,0.0,0.4115,0.5285,0.47018798,94.2,None,0.0,BTC-26JUL19-13500-P,9229.23,39.31,0.451,0.1,0.483,0.1,110.14,6.71022,-8.34414,-12.83139,8e-05,-0.85879
9418.81,BTC-27SEP19,1560855545422,open,0.04,42.1,0.005,0.0845,0.04487153,90.61,0.0465,0.0,BTC-27DEC19-22000-C,9229.23,89.01,0.042,10.0,0.0475,4.9,92.04,17.13931,-4.04702,6.08826,4e-05,0.16783
9304.39,BTC-28JUN19,1560855545420,open,0.26,6.8,0.2255,0.305,0.2650161,83.6,0.223,0.0,BTC-26JUL19-7000-C,9229.23,58.97,0.2525,5.0,0.282,0.1,107.37,5.88091,-6.49054,5.96897,8e-05,0.88324
9418.81,BTC-27SEP19,1560855545426,open,0.08,113.3,0.03,0.1155,0.07263065,79.03,0.07,0.0,BTC-27DEC19-6500-P,9229.23,77.35,0.0695,4.9,0.0755,4.9,80.56,17.61643,-3.62791,-12.27102,5e-05,-0.1752
9418.81,BTC-27SEP19,1560855545422,open,0.03,124.5,0.0005,0.071,0.03024195,81.39,0.0415,0.0,BTC-27DEC19-5000-P,9229.23,79.39,0.028,6.0,0.033,16.0,83.79,10.68559,-2.2664,-5.73725,3e-05,-0.08563
271.41,ETH-28JUN19,1560855545518,open,0.23,0.0,0.181,0.278,0.229494,108.56,None,0.0,ETH-28JUN19-330-P,268.65,0.0,0.21,60.0,0.249,60.0,150.23,0.10745,-0.5906,-0.07873,0.00497,-0.84262
271.41,ETH-28JUN19,1560855545518,open,0.07,204.0,0.028,0.107,0.06779,99.67,0.073,0.0,ETH-28JUN19-270-C,268.65,93.85,0.064,225.0,0.07,228.0,103.06,0.17696,-0.89292,0.03506,0.00891,0.54528
271.41,ETH-28JUN19,1560855545518,open,0.01,0.0,0.001,0.047,0.007173,109.09,None,0.0,ETH-28JUN19-350-C,268.65,104.59,0.006,300.0,0.008,202.0,112.05,0.07379,-0.40757,0.00624,0.00339,0.09218
271.41,ETH-28JUN19,1560855545518,open,0.01,1385.0,0.001,0.052,0.012314,99.67,0.012,0.0,ETH-28JUN19-230-P,268.65,86.82,0.008,444.0,0.012,300.0,98.79,0.09814,-0.49521,-0.011,0.00494,-0.13746
271.41,ETH-28JUN19,1560855545518,open,0.03,9.0,0.001,0.072,0.03101,99.67,0.024,0.0,ETH-28JUN19-250-P,268.65,90.5,0.026,222.0,0.032,240.0,101.45,0.15025,-0.75819,-0.02283,0.00756,-0.27989
271.41,ETH-28JUN19,1560855545518,open,0.01,422.0,0.001,0.049,0.009901,108.75,0.006,0.0,ETH-28JUN19-340-C,268.65,102.74,0.008,300.0,0.011,250.0,112.0,0.08982,-0.49457,0.00816,0.00414,0.12098
271.42,ETH-28JUN19,1560855545519,open,0.0,648.0,0.001,0.04,5.3e-05,109.99,0.001,0.0,ETH-28JUN19-480-C,268.65,0.0,0.0,0.0,0.002,700.0,161.55,0.00165,-0.00917,8e-05,8e-05,0.0011
268.65,index_price,1560855545518,open,0.1,1.0,0.049,0.135,0.09205,110.1,0.069,0,ETH-21JUN19-290-P,268.65,70.75,0.083,60.0,0.091,60.0,106.18,0.07269,-1.39149,-0.01821,0.01161,-0.76841
271.42,ETH-28JUN19,1560855545518,open,0.14,146.0,0.094,0.184,0.138558,93.9,0.121,0.0,ETH-26JUL19-280-P,268.65,78.67,0.119,100.0,0.14,144.0,95.02,0.3484,-0.43186,-0.17442,0.00485,-0.48072
268.65,index_price,1560855545518,open,0.0,810.0,0.001,0.043,0.003312,109.98,0.004,0,ETH-21JUN19-310-C,268.65,107.51,0.003,301.0,0.006,400.0,127.78,0.03482,-0.66587,0.00158,0.00557,0.07813
271.42,ETH-28JUN19,1560855545518,open,0.43,0.0,0.373,0.486,0.429213,100.3,None,0.0,ETH-26JUL19-380-P,268.65,0.0,0.34,48.0,0.479,48.0,148.36,0.23684,-0.3136,-0.34918,0.00309,-0.81055
268.65,index_price,1560855545518,open,0.22,0.0,0.179,0.258,0.218446,107.61,None,0,ETH-21JUN19-210-C,268.65,0.0,0.21,60.0,0.235,2.0,270.12,0.00302,-0.05657,0.01645,0.00049,0.99568
268.65,index_price,1560855545518,open,0.01,2453.0,0.001,0.052,0.012538,109.95,0.014,0,ETH-21JUN19-290-C,268.65,104.17,0.011,240.0,0.014,214.0,115.29,0.07263,-1.38847,0.00463,0.01162,0.23125
268.65,index_price,1560855545518,open,0.0,4.0,0.001,0.04,0.0,110.01,0.001,0,ETH-21JUN19-180-P,268.65,0.0,0.0,0.0,0.001,350.0,214.65,2e-05,-0.0001,0.0,0.0,-2e-05
271.42,ETH-28JUN19,1560855545518,open,0.0,270.0,0.001,0.044,0.003851,94.37,0.003,0.0,ETH-26JUL19-160-P,268.65,84.11,0.002,270.0,0.006,370.0,103.14,0.05842,-0.07278,-0.00935,0.00081,-0.02935
268.65,index_price,1560855545518,open,0.18,61.0,0.142,0.221,0.181572,104.96,0.115,0,ETH-21JUN19-220-C,268.65,0.0,0.173,60.0,0.198,2.0,234.68,0.00863,-0.15747,0.01702,0.00145,0.98577
268.65,index_price,1560855545518,open,0.0,113.0,0.001,0.04,0.000512,105.89,0.001,0,ETH-21JUN19-220-P,268.65,0.0,0.0,0.0,0.001,307.0,117.48,0.00898,-0.13758,-0.00033,0.00149,-0.01491
271.42,ETH-28JUN19,1560855545519,open,0.07,344.0,0.028,0.107,0.067086,99.63,0.065,0.0,ETH-26JUL19-320-C,268.65,97.89,0.065,246.0,0.07,250.0,102.03,0.32778,-0.43109,0.08312,0.0043,0.3622
268.65,index_price,1560855545518,open,0.14,302.0,0.106,0.185,0.145511,104.19,0.145,0,ETH-21JUN19-230-C,268.65,119.66,0.147,210.0,0.151,239.0,148.45,0.02146,-0.38871,0.01719,0.00362,0.95781
268.65,index_price,1560855545518,open,0.13,1.0,0.079,0.168,0.12339,110.19,0.097,0,ETH-21JUN19-300-P,268.65,0.0,0.104,60.0,0.133,60.0,150.98,0.05311,-1.01757,-0.02081,0.00848,-0.85985
271.42,ETH-28JUN19,1560855545518,open,0.2,0.0,0.146,0.24,0.192788,99.25,None,0.0,ETH-26JUL19-300-P,268.65,73.88,0.161,144.0,0.188,144.0,95.48,0.34474,-0.45169,-0.21228,0.00454,-0.5609
268.65,index_price,1560855545518,open,0.23,60.0,0.18,0.278,0.229096,111.03,0.286,0,ETH-21JUN19-330-P,268.65,0.0,0.209,60.0,0.238,60.0,187.77,0.01193,-0.23034,-0.02557,0.00189,-0.97921
271.42,ETH-28JUN19,1560855545520,open,0.09,192.0,0.048,0.127,0.087449,99.22,0.09,0.0,ETH-26JUL19-300-C,268.65,96.5,0.084,269.0,0.089,250.0,100.44,0.34473,-0.45154,0.09902,0.00454,0.43904
271.42,ETH-28JUN19,1560855545518,open,0.41,0.0,0.375,0.454,0.414337,94.27,None,0.0,ETH-26JUL19-160-C,268.65,0.0,0.349,48.0,0.491,48.0,235.66,0.05823,-0.07247,0.15672,0.00081,0.97076
268.65,index_price,1560855545518,open,0.01,1493.0,0.001,0.046,0.006654,109.97,0.011,0,ETH-21JUN19-300-C,268.65,106.59,0.006,240.0,0.009,232.0,121.18,0.05299,-1.01316,0.00282,0.00847,0.13965
268.65,index_price,1560855545518,open,0.0,532.0,0.001,0.04,0.000686,109.98,0.002,0,ETH-21JUN19-330-C,268.65,0.0,0.0,0.0,0.003,944.0,141.94,0.01144,-0.18428,0.0004,0.00183,0.01979
9418.81,BTC-27SEP19,1560855545522,open,0.04,80.8,0.0005,0.078,0.03830342,92.58,0.039,0.0,BTC-27DEC19-24000-C,9229.23,90.85,0.0355,16.0,0.0405,6.0,93.89,15.56916,-3.75598,5.28581,4e-05,0.14506
9418.81,BTC-27SEP19,1560855545533,open,1.62,0.0,1.483,1.6895,1.58639083,92.57,None,0.0,BTC-27DEC19-24000-P,9229.23,52.67,1.5495,0.1,1.616,0.1,108.26,15.56818,-3.75561,-120.87943,4e-05,-0.85495
9304.4,BTC-28JUN19,1560855545981,open,0.34,2.0,0.2715,0.377,0.32421833,90.28,0.32,0.0,BTC-26JUL19-12000-P,9229.23,56.85,0.2975,0.1,0.3425,0.1,107.75,9.16431,-10.92203,-10.53702,0.00011,-0.76713
9418.82,BTC-27SEP19,1560855546420,open,1.59,0.2,1.459,1.663,1.56095518,100.85,1.6,0.0,BTC-27SEP19-24000-P,9229.22,0.0,1.547,0.1,1.5735,0.1,115.88,6.4214,-3.20983,-64.92218,3e-05,-0.93308
9304.4,BTC-28JUN19,1560855546420,open,0.73,24.4,0.6915,0.771,0.73131021,185.94,0.5115,0.0,BTC-28JUN19-2500-C,9229.22,0.0,0.7285,0.1,0.7335,0.1,385.15,0.00031,-0.00288,0.67641,0.0,1.0
9418.82,BTC-27SEP19,1560855546420,open,1.17,0.0,1.058,1.229,1.14368892,94.78,None,0.0,BTC-27SEP19-20000-P,9229.22,46.12,1.1235,0.1,1.1595,0.1,109.19,8.90795,-4.18501,-53.10906,4e-05,-0.89654
9304.4,BTC-28JUN19,1560855546420,open,0.46,688.2,0.423,0.5025,0.46263051,110.43,0.458,0.0,BTC-28JUN19-5000-C,9229.22,0.0,0.4575,0.1,0.4645,0.1,188.24,0.0129,-0.07211,1.35224,0.0,0.99978
9229.22,index_price,1560855546420,open,0.03,75.0,0.0005,0.064,0.02334873,98.25,0.021,0,BTC-21JUN19-9000-P,9229.22,86.71,0.0195,24.0,0.022,6.8,94.22,3.09291,-52.83767,-0.28598,0.00047,-0.36995
9304.4,BTC-28JUN19,1560855546421,open,0.0,278.7,0.0005,0.04,8.4e-07,110.0,0.0005,0.0,BTC-28JUN19-4500-P,9229.22,0.0,0.0,0.0,0.0005,12.0,181.23,0.00134,-0.00745,-5e-05,0.0,-2e-05
9418.82,BTC-27SEP19,1560855546420,open,0.01,281.9,0.0005,0.0495,0.00951624,87.22,0.008,0.0,BTC-27SEP19-4750-P,9229.22,86.12,0.009,0.4,0.01,15.0,88.23,4.48343,-1.93833,-1.3545,2e-05,-0.04252
9418.82,BTC-27SEP19,1560855546421,open,0.5,13.5,0.4655,0.545,0.50520732,87.22,0.382,0.0,BTC-27SEP19-4750-C,9229.22,0.0,0.494,0.1,0.517,0.1,107.35,4.48356,-1.93841,11.77311,2e-05,0.95748
9304.39,BTC-28JUN19,1560855546420,open,0.13,39.6,0.0745,0.1635,0.11907303,83.6,0.1215,0.0,BTC-26JUL19-9500-P,9229.22,78.09,0.112,14.4,0.119,14.4,83.54,11.93758,-13.17471,-5.75623,0.00016,-0.47711
9304.39,BTC-28JUN19,1560855546422,open,0.52,2.4,0.4455,0.5655,0.50541857,107.23,0.5245,0.0,BTC-28JUN19-14000-P,9229.22,0.0,0.499,0.1,0.518,0.1,178.44,0.51002,-2.76883,-3.75728,2e-05,-0.98707
9418.81,BTC-27SEP19,1560855546422,open,0.57,231.5,0.5395,0.619,0.57935188,89.35,0.5145,0.0,BTC-27SEP19-4000-C,9229.22,0.0,0.573,0.1,0.5865,0.1,109.98,2.37591,-1.05219,10.43475,1e-05,0.98021
9418.81,BTC-27SEP19,1560855546423,open,0.79,28.2,0.748,0.8275,0.78791298,108.46,0.755,0.0,BTC-27SEP19-2000-C,9229.22,0.0,0.785,0.1,0.79,0.1,142.85,0.21768,-0.11703,5.48599,0.0,0.99866
9304.39,BTC-28JUN19,1560855546423,open,0.63,4.6,0.548,0.6765,0.61240071,108.48,0.6335,0.0,BTC-28JUN19-15000-P,9229.22,0.0,0.6055,0.1,0.626,0.1,201.16,0.21489,-1.1802,-4.04698,1e-05,-0.99516
9229.22,index_price,1560855546420,open,0.0,90.4,0.0005,0.04,8e-08,110.0,0.0005,0,BTC-21JUN19-6000-P,9229.22,0.0,0.0,0.0,0.0005,21.9,208.33,0.00016,-0.00078,0.0,0.0,0.0
9229.22,index_price,1560855546420,open,0.13,138.2,0.095,0.1745,0.13491422,98.33,0.1285,0,BTC-21JUN19-8000-C,9229.22,85.45,0.134,0.9,0.143,12.0,154.6,0.7953,-13.59758,0.59532,0.00012,0.95364
9418.81,BTC-27SEP19,1560855546420,open,0.02,101.2,0.0005,0.06,0.02047687,103.46,0.02,0.0,BTC-27DEC19-36000-C,9229.22,101.05,0.018,6.0,0.0225,16.0,105.3,10.04754,-2.70874,2.89319,2e-05,0.07891
9418.81,BTC-27SEP19,1560855546420,open,0.03,108.7,0.0005,0.0665,0.02653199,98.28,0.026,0.0,BTC-27DEC19-30000-C,9229.22,96.27,0.024,16.0,0.0285,6.0,99.78,12.17082,-3.11702,3.74337,3e-05,0.10214
9418.81,BTC-27SEP19,1560855546420,open,0.68,0.0,0.6475,0.727,0.6874434,90.83,None,0.0,BTC-27DEC19-3000-C,9229.22,0.0,0.679,0.1,0.6955,0.1,109.18,3.22051,-0.76227,14.51575,1e-05,0.98061
9418.81,BTC-27SEP19,1560855546422,open,0.61,0.0,0.533,0.6605,0.59673579,83.28,None,0.0,BTC-27DEC19-14000-P,9229.22,59.19,0.536,0.1,0.6615,0.1,106.34,25.58451,-5.55209,-61.1621,7e-05,-0.63853
9229.22,index_price,1560855546420,open,0.08,0.4,0.0295,0.115,0.07214347,102.62,0.068,0,BTC-21JUN19-9750-P,9229.22,77.67,0.065,6.0,0.07,6.0,95.46,2.79842,-49.93318,-0.56964,0.00041,-0.71126
9418.81,BTC-27SEP19,1560855546420,open,0.09,244.8,0.0565,0.136,0.09605953,84.11,0.097,0.0,BTC-27DEC19-15000-C,9229.22,82.74,0.0925,10.0,0.097,5.0,84.47,24.52946,-5.37626,11.25733,6e-05,0.32342
9418.81,BTC-27SEP19,1560855546420,open,1.2,0.0,1.091,1.2645,1.17761572,88.85,None,0.0,BTC-27DEC19-20000-P,9229.22,57.12,1.1315,0.1,1.219,0.1,107.25,19.03524,-4.4073,-97.99025,5e-05,-0.80145
9418.81,BTC-27SEP19,1560855546425,open,0.08,183.4,0.0445,0.124,0.0842237,84.95,0.0855,0.0,BTC-27DEC19-16000-C,9229.22,83.65,0.081,18.0,0.087,4.9,86.07,23.39009,-5.17797,10.20707,6e-05,0.29037
9304.39,BTC-28JUN19,1560855546420,open,0.35,0.0,0.3205,0.4,0.36040828,85.76,None,0.0,BTC-26JUL19-6000-C,9229.22,0.0,0.352,0.1,0.3695,0.1,109.49,2.69495,-3.05097,5.76833,3e-05,0.95785
9418.81,BTC-27SEP19,1560855546421,open,0.31,93.6,0.28,0.3595,0.31963594,79.01,0.273,0.0,BTC-27DEC19-7500-C,9229.22,75.23,0.311,8.0,0.3565,0.1,95.04,21.55993,-4.43888,21.45947,6e-05,0.75304
9418.81,BTC-27SEP19,1560855546420,open,0.84,0.0,0.802,0.8815,0.84182529,110.0,None,0.0,BTC-27DEC19-1500-C,9229.22,0.0,0.838,0.1,0.8435,0.1,125.91,0.70721,-0.20273,7.6613,0.0,0.99656
9229.22,index_price,1560855546421,open,0.01,127.6,0.0005,0.044,0.00386402,98.25,0.005,0,BTC-21JUN19-8250-P,9229.22,88.01,0.0025,30.0,0.0035,5.9,95.71,1.35012,-23.06482,-0.06957,0.0002,-0.09181
271.42,ETH-28JUN19,1560855546518,open,0.11,0.0,0.065,0.153,0.109059,102.62,None,0.0,ETH-28JUN19-290-P,268.64,94.48,0.104,180.0,0.109,216.0,102.52,0.16987,-0.88254,-0.05361,0.0083,-0.62091
271.42,ETH-28JUN19,1560855546519,open,0.04,373.0,0.001,0.08,0.040565,102.56,0.037,0.0,ETH-28JUN19-290-C,268.64,96.83,0.037,123.0,0.041,234.0,103.25,0.16985,-0.88192,0.02485,0.00831,0.37898
268.64,index_price,1560855546518,open,0.05,181.0,0.015,0.094,0.05475,104.62,0.069,0,ETH-21JUN19-260-C,268.64,99.25,0.053,410.0,0.059,168.0,117.52,0.08787,-1.59826,0.0127,0.01477,0.65486
271.41,ETH-28JUN19,1560855546518,open,0.01,580.0,0.001,0.05,0.009818,93.87,0.006,0.0,ETH-26JUL19-180-P,268.64,86.48,0.007,270.0,0.01,3.0,94.31,0.11167,-0.13838,-0.02125,0.00156,-0.06562
268.64,index_price,1560855546518,open,0.0,960.0,0.001,0.041,0.001673,104.55,0.002,0,ETH-21JUN19-230-P,268.64,0.0,0.0,0.0,0.002,283.0,108.4,0.02168,-0.39405,-0.00094,0.00365,-0.04273
271.41,ETH-28JUN19,1560855546518,open,0.28,0.0,0.245,0.324,0.284213,93.91,None,0.0,ETH-26JUL19-200-C,268.64,0.0,0.26,1.0,0.354,48.0,178.35,0.17788,-0.22053,0.16697,0.00248,0.87707
9229.22,index_price,1560855546780,open,0.03,75.0,0.0005,0.064,0.02334916,98.25,0.021,0,BTC-21JUN19-9000-P,9229.22,86.71,0.0195,24.0,0.022,6.9,94.22,3.09291,-52.83767,-0.28598,0.00047,-0.36995
9418.81,BTC-27SEP19,1560855546949,open,0.35,13.2,0.285,0.3915,0.33827918,79.47,0.321,0.0,BTC-27DEC19-11000-P,9229.22,75.74,0.3275,3.6,0.3405,3.6,80.23,27.23915,-5.64053,-41.13605,7e-05,-0.49253
9418.81,BTC-27SEP19,1560855546963,open,0.02,15.3,0.0005,0.064,0.02408938,100.05,0.021,0.0,BTC-27DEC19-32000-C,9229.22,97.84,0.0215,16.0,0.026,6.0,101.61,11.35198,-2.95976,3.40622,2e-05,0.09288
9418.81,BTC-27SEP19,1560855547001,open,0.35,13.2,0.285,0.3915,0.33827918,79.47,0.321,0.0,BTC-27DEC19-11000-P,9229.22,75.74,0.3275,3.6,0.34,3.6,80.06,27.23915,-5.64053,-41.13605,7e-05,-0.49253
9304.4,BTC-28JUN19,1560855547419,open,0.15,613.7,0.1135,0.193,0.15302951,95.01,0.16,0.0,BTC-28JUN19-8000-C,9229.2,82.21,0.1485,7.4,0.154,7.2,97.53,3.53798,-17.01816,1.75941,0.00016,0.85191
9304.4,BTC-28JUN19,1560855547419,open,0.0,685.1,0.0005,0.04,0.0,110.0,0.001,0.0,BTC-28JUN19-2500-P,9229.2,0.0,0.0,0.0,0.0005,20.0,317.42,0.0,0.0,0.0,0.0,0.0
9418.82,BTC-27SEP19,1560855547419,open,0.04,94.9,0.0005,0.0775,0.03792805,88.57,0.0375,0.0,BTC-27SEP19-16000-C,9229.2,86.44,0.035,4.9,0.04,4.9,90.05,13.11457,-5.75764,3.76852,6e-05,0.1827
9418.82,BTC-27SEP19,1560855547419,open,0.47,0.0,0.393,0.5085,0.45083559,84.61,None,0.0,BTC-27SEP19-13000-P,9229.2,59.23,0.4085,0.1,0.494,0.1,106.87,17.41504,-7.30363,-29.75372,8e-05,-0.69218
9304.4,BTC-28JUN19,1560855547420,open,0.4,148.3,0.369,0.4485,0.40895547,110.0,0.402,0.0,BTC-28JUN19-5500-C,9229.2,0.0,0.403,0.1,0.413,0.1,186.36,0.06863,-0.38219,1.48449,0.0,0.99863
9418.82,BTC-27SEP19,1560855547420,open,0.21,54.0,0.159,0.255,0.20701639,81.32,0.194,0.0,BTC-27SEP19-10000-P,9229.2,78.68,0.2015,3.6,0.2115,3.6,83.46,19.70036,-7.94059,-17.63969,0.0001,-0.47063
9418.82,BTC-27SEP19,1560855547420,open,0.66,0.0,0.573,0.704,0.63848278,87.12,None,0.0,BTC-27SEP19-15000-P,9229.2,59.09,0.604,0.1,0.671,0.1,106.46,14.49249,-6.25804,-37.0383,7e-05,-0.78437
9418.82,BTC-27SEP19,1560855547419,open,0.58,27.1,0.549,0.6285,0.58871458,83.25,0.542,0.0,BTC-27DEC19-4000-C,9229.2,0.0,0.575,0.1,0.6085,0.1,107.43,6.20008,-1.34506,18.25195,2e-05,0.95734
9418.82,BTC-27SEP19,1560855547421,open,0.24,907.7,0.2025,0.282,0.24213355,80.88,0.24,0.0,BTC-27SEP19-8000-C,9229.2,76.8,0.235,5.0,0.25,8.5,85.35,16.53363,-6.62813,12.55925,8e-05,0.72461
9304.38,BTC-28JUN19,1560855547421,open,0.54,10.6,0.5035,0.583,0.54322656,117.09,0.535,0.0,BTC-28JUN19-4250-C,9229.2,0.0,0.5385,0.1,0.545,0.1,230.17,0.00105,-0.0062,1.14987,0.0,0.99998
9418.82,BTC-27SEP19,1560855547421,open,0.29,3.2,0.2305,0.3325,0.28155495,82.48,0.481,0.0,BTC-27SEP19-11000-P,9229.2,79.32,0.275,3.6,0.286,3.6,84.62,19.55824,-7.9956,-21.80515,0.0001,-0.55611
9304.38,BTC-28JUN19,1560855547421,open,0.0,828.3,0.0005,0.04,0.00025849,108.48,0.0005,0.0,BTC-28JUN19-15000-C,9229.2,0.0,0.0,0.0,0.001,54.7,126.88,0.2149,-1.18024,0.01153,1e-05,0.00484
9304.38,BTC-28JUN19,1560855547421,open,0.0,520.6,0.0005,0.04,0.0,110.0,0.0005,0.0,BTC-28JUN19-2000-P,9229.2,0.0,0.0,0.0,0.0005,12.0,369.84,0.0,0.0,0.0,0.0,0.0
9418.82,BTC-27SEP19,1560855547421,open,0.0,336.8,0.0005,0.0405,0.00049325,100.06,0.0015,0.0,BTC-27SEP19-2500-P,9229.2,0.0,0.0,0.0,0.001,0.1,108.99,0.40904,-0.20286,-0.08257,0.0,-0.00268
9418.82,BTC-27SEP19,1560855547421,open,0.01,405.7,0.0005,0.052,0.01157075,85.51,0.012,0.0,BTC-27SEP19-5000-P,9229.2,83.52,0.0105,6.0,0.013,15.0,88.02,5.20257,-2.205,-1.63345,2e-05,-0.05118
9418.82,BTC-27SEP19,1560855547421,open,0.18,382.6,0.148,0.2275,0.18776341,80.87,0.183,0.0,BTC-27SEP19-9000-C,9229.2,78.48,0.183,7.0,0.1925,3.6,83.25,18.77059,-7.52436,11.39082,9e-05,0.62535
9418.82,BTC-27SEP19,1560855547422,open,0.03,306.6,0.0005,0.0675,0.02681768,83.02,0.027,0.0,BTC-27SEP19-6000-P,9229.2,81.1,0.025,6.0,0.029,14.8,85.27,9.02736,-3.71466,-3.44126,4e-05,-0.10538
9418.82,BTC-27SEP19,1560855547422,open,0.84,42.8,0.801,0.8805,0.84078908,109.97,0.815,0.0,BTC-27SEP19-1500-C,9229.2,0.0,0.838,0.1,0.843,0.1,168.31,0.04846,-0.02642,4.13756,0.0,0.99974
9418.82,BTC-27SEP19,1560855547423,open,0.96,1.0,0.8605,1.015,0.9379619,91.53,1.5815,0.0,BTC-27SEP19-18000-P,9229.2,55.84,0.913,0.1,0.9595,0.1,108.05,10.72345,-4.86504,-46.94584,5e-05,-0.8655
9304.38,BTC-28JUN19,1560855547423,open,0.62,143.0,0.584,0.6635,0.62383348,141.43,0.55,0.0,BTC-28JUN19-3500-C,9229.2,0.0,0.621,0.1,0.626,0.1,290.89,0.00054,-0.00389,0.94696,0.0,0.99999
9304.38,BTC-28JUN19,1560855547423,open,0.0,402.3,0.0005,0.04,0.0,110.0,0.0005,0.0,BTC-28JUN19-3500-P,9229.2,0.0,0.0,0.0,0.0005,12.0,239.28,0.0,-1e-05,0.0,0.0,0.0
9229.2,index_price,1560855547419,open,0.06,76.9,0.026,0.1055,0.06597697,98.26,0.061,0,BTC-21JUN19-8750-C,9229.2,100.08,0.0665,6.0,0.0695,6.5,110.34,2.63727,-45.05664,0.49283,0.0004,0.74375
9229.2,index_price,1560855547420,open,0.02,72.4,0.0005,0.0545,0.01405275,98.25,0.011,0,BTC-21JUN19-8750-P,9229.2,89.15,0.0115,24.0,0.013,5.7,94.54,2.6372,-45.05214,-0.19654,0.0004,-0.25624
9418.8,BTC-27SEP19,1560855547423,open,0.34,58.1,0.31,0.3895,0.34977474,79.01,0.348,0.0,BTC-27DEC19-7000-C,9229.2,69.92,0.331,5.0,0.4055,0.1,105.15,19.71131,-4.05827,21.77008,5e-05,0.78946
9304.38,BTC-28JUN19,1560855547421,open,0.08,118.4,0.041,0.1205,0.08051208,85.83,0.0785,0.0,BTC-26JUL19-10000-C,9229.2,84.25,0.0785,31.4,0.085,14.4,89.35,11.86784,-13.44706,3.57943,0.00015,0.45124
9418.8,BTC-27SEP19,1560855547422,open,0.7,0.0,0.6215,0.756,0.68861655,84.11,None,0.0,BTC-27DEC19-15000-P,9229.2,59.03,0.63,0.1,0.7495,0.1,106.39,24.52929,-5.37616,-67.59582,6e-05,-0.67659
9418.8,BTC-27SEP19,1560855547421,open,0.49,58.5,0.4595,0.539,0.49938959,81.39,0.4475,0.0,BTC-27DEC19-5000-C,9229.2,55.01,0.476,0.1,0.516,14.0,94.97,10.68569,-2.26644,20.547,3e-05,0.91437
9418.8,BTC-27SEP19,1560855547420,open,1.41,0.0,1.2855,1.4755,1.38062262,90.61,None,0.0,BTC-27DEC19-22000-P,9229.2,58.22,1.341,0.1,1.416,0.1,107.79,17.13881,-4.04683,-109.56306,4e-05,-0.83217
9418.8,BTC-27SEP19,1560855547421,open,0.45,56.9,0.418,0.4975,0.45765169,80.26,0.42,0.0,BTC-27DEC19-5500-C,9229.2,56.81,0.43,0.1,0.4795,1.6,95.16,13.01628,-2.72227,21.30295,3e-05,0.8879
9418.8,BTC-27SEP19,1560855547420,open,0.8,0.0,0.712,0.854,0.78295204,84.95,None,0.0,BTC-27DEC19-16000-P,9229.2,58.91,0.727,0.1,0.84,0.1,106.54,23.38993,-5.1779,-73.90292,6e-05,-0.70963
271.41,ETH-28JUN19,1560855547518,open,0.17,0.0,0.12,0.212,0.165855,105.63,None,0.0,ETH-28JUN19-310-P,268.58,78.42,0.153,250.0,0.171,250.0,115.26,0.1415,-0.75673,-0.06734,0.00672,-0.75121
271.41,ETH-28JUN19,1560855547518,open,0.01,0.0,0.001,0.053,0.013626,108.57,0.01,0.0,ETH-28JUN19-330-C,268.58,101.67,0.011,240.0,0.014,222.0,109.51,0.10747,-0.59074,0.01056,0.00497,0.15741
271.41,ETH-28JUN19,1560855547518,open,0.0,1214.0,0.001,0.04,0.000268,110.01,0.001,0.0,ETH-28JUN19-440-C,268.58,0.0,0.0,0.0,0.002,400.0,141.1,0.00639,-0.03561,0.00034,0.00029,0.00495
277.97,ETH-27SEP19,1560855547518,open,0.07,1055.0,0.028,0.107,0.067194,99.39,0.052,0.0,ETH-27SEP19-440-C,268.58,96.95,0.063,337.0,0.071,100.0,101.57,0.48172,-0.23731,0.15455,0.00227,0.26837
271.41,ETH-28JUN19,1560855547518,open,0.0,8702.0,0.001,0.04,0.000503,107.8,0.001,0.0,ETH-28JUN19-180-P,268.58,0.0,0.0,0.0,0.001,200.0,118.44,0.00989,-0.05396,-0.00063,0.00046,-0.00809
271.41,ETH-28JUN19,1560855547519,open,0.08,2102.0,0.048,0.127,0.087153,99.67,0.084,0.0,ETH-28JUN19-260-C,268.58,91.31,0.082,120.0,0.09,250.0,104.26,0.16787,-0.8471,0.0402,0.00845,0.63456
277.91,ETH-27SEP19,1560855547519,open,0.15,1672.0,0.108,0.187,0.147336,96.3,0.15,0.0,ETH-27SEP19-320-C,268.58,94.23,0.143,120.0,0.154,120.0,99.48,0.58267,-0.27812,0.26308,0.00283,0.48986
277.91,ETH-27SEP19,1560855547519,open,0.11,1434.0,0.074,0.153,0.11324,97.81,0.112,0.0,ETH-27SEP19-360-C,268.58,95.23,0.108,150.0,0.118,127.0,100.15,0.56546,-0.27414,0.22237,0.00271,0.40276
271.41,ETH-28JUN19,1560855547519,open,0.0,7787.0,0.001,0.04,1.9e-05,110.0,0.001,0.0,ETH-28JUN19-150-P,268.58,0.0,0.0,0.0,0.001,769.0,164.51,0.00061,-0.00342,-3e-05,3e-05,-0.00038
277.91,ETH-27SEP19,1560855547519,open,0.0,4116.0,0.001,0.043,0.003173,100.81,0.004,0.0,ETH-27SEP19-100-P,268.58,93.71,0.002,10.0,0.005,210.0,109.19,0.05256,-0.02626,-0.01329,0.00024,-0.01413
277.91,ETH-27SEP19,1560855547520,open,0.01,8190.0,0.001,0.046,0.006331,95.61,0.005,0.0,ETH-27SEP19-120-P,268.58,87.65,0.004,160.0,0.008,60.0,100.34,0.09188,-0.04354,-0.02582,0.00045,-0.02729
277.91,ETH-27SEP19,1560855547520,open,0.13,1001.0,0.09,0.169,0.129548,97.33,0.13,0.0,ETH-27SEP19-340-C,268.58,94.66,0.124,120.0,0.135,124.0,99.96,0.57731,-0.27852,0.24231,0.00278,0.44503
277.91,ETH-27SEP19,1560855547520,open,0.09,2645.0,0.049,0.135,0.091897,95.58,0.076,0.0,ETH-27SEP19-220-P,268.58,91.32,0.085,100.0,0.094,48.0,96.88,0.45098,-0.21366,-0.25255,0.00221,-0.23691
271.35,ETH-28JUN19,1560855547520,open,0.0,3084.0,0.001,0.04,0.0,109.98,0.001,0.0,ETH-28JUN19-100-P,268.58,0.0,0.0,0.0,0.001,250.0,265.76,0.0,0.0,0.0,0.0,0.0
271.35,ETH-28JUN19,1560855547520,open,0.26,2185.0,0.225,0.304,0.264844,101.46,0.28,0.0,ETH-28JUN19-200-C,268.58,0.0,0.245,60.0,0.275,1.0,154.11,0.02865,-0.14714,0.05192,0.00142,0.97204
271.35,ETH-28JUN19,1560855547520,open,0.0,8261.0,0.001,0.04,2.3e-05,110.04,0.002,0.0,ETH-28JUN19-500-C,268.58,0.0,0.0,0.0,0.002,674.0,171.02,0.0008,-0.00448,4e-05,4e-05,0.00051
277.91,ETH-27SEP19,1560855547520,open,0.19,2051.0,0.156,0.235,0.19556,95.67,0.203,0.0,ETH-27SEP19-280-C,268.58,93.44,0.191,100.0,0.202,113.0,98.83,0.56677,-0.26876,0.30565,0.00278,0.59351
271.35,ETH-28JUN19,1560855547520,open,0.0,5396.0,0.001,0.043,0.003662,99.77,0.003,0.0,ETH-28JUN19-210-P,268.58,0.0,0.0,0.0,0.003,3.0,95.67,0.04612,-0.23296,-0.00395,0.00232,-0.05011
277.91,ETH-27SEP19,1560855547520,open,0.0,1774.0,0.001,0.041,0.001487,108.19,0.003,0.0,ETH-27SEP19-80-P,268.58,0.0,0.0,0.0,0.003,150.0,120.24,0.02733,-0.01465,-0.00627,0.00012,-0.00668
271.35,ETH-28JUN19,1560855547520,open,0.0,4695.0,0.001,0.04,0.0,109.97,0.001,0.0,ETH-28JUN19-110-P,268.58,0.0,0.0,0.0,0.001,250.0,241.95,0.0,0.0,0.0,0.0,0.0
277.91,ETH-27SEP19,1560855547520,open,0.13,1666.0,0.08,0.169,0.124268,95.58,0.11,0.0,ETH-27SEP19-240-P,268.58,91.56,0.117,100.0,0.128,159.0,97.64,0.50293,-0.23826,-0.32089,0.00247,-0.29353
271.35,ETH-28JUN19,1560855547518,open,0.02,322.0,0.001,0.062,0.022218,100.9,0.02,0.0,ETH-26JUL19-400-C,268.58,99.27,0.021,147.0,0.024,240.0,103.22,0.20486,-0.27287,0.03631,0.00266,0.15117
268.58,index_price,1560855547518,open,0.03,778.0,0.001,0.074,0.034625,104.84,0.045,0,ETH-21JUN19-270-C,268.58,100.25,0.033,286.0,0.038,212.0,114.37,0.0951,-1.73353,0.00976,0.01596,0.49596
268.58,index_price,1560855547518,open,0.07,68.0,0.022,0.106,0.064413,109.48,0.06,0,ETH-21JUN19-280-P,268.58,79.94,0.055,180.0,0.063,180.0,105.18,0.08848,-1.68438,-0.01507,0.01422,-0.64799
268.58,index_price,1560855547518,open,0.0,313.0,0.001,0.04,3e-05,109.92,0.002,0,ETH-21JUN19-200-P,268.58,0.0,0.0,0.0,0.001,350.0,164.15,0.00085,-0.00799,-2e-05,0.00014,-0.00107
271.35,ETH-28JUN19,1560855547518,open,0.07,27.0,0.022,0.107,0.064523,93.81,0.05,0.0,ETH-26JUL19-240-P,268.58,86.01,0.056,120.0,0.065,192.0,94.24,0.29855,-0.36972,-0.09944,0.00417,-0.28864
271.35,ETH-28JUN19,1560855547533,open,0.26,2185.0,0.225,0.304,0.264844,101.46,0.28,0.0,ETH-28JUN19-200-C,268.58,0.0,0.245,60.0,0.274,1.0,150.35,0.02865,-0.14714,0.05192,0.00142,0.97204
271.41,ETH-28JUN19,1560855548317,open,0.27,0.0,0.213,0.313,0.262619,108.75,None,0.0,ETH-28JUN19-340-P,268.58,0.0,0.244,60.0,0.283,60.0,156.83,0.08982,-0.49456,-0.08384,0.00414,-0.87902
277.92,ETH-27SEP19,1560855548406,open,0.41,81.0,0.353,0.464,0.408514,97.67,0.428,0.0,ETH-27SEP19-360-P,268.58,91.59,0.396,36.0,0.417,36.0,101.93,0.56533,-0.27368,-0.77265,0.00271,-0.59764
268.58,index_price,1560855548408,open,0.16,30.0,0.112,0.203,0.157514,108.1,0.203,0,ETH-21JUN19-310-P,268.58,0.0,0.139,60.0,0.167,60.0,161.43,0.03339,-0.62764,-0.02292,0.00544,-0.92602
