underlying_price,underlying_index,timestamp,state,settlement_price,open_interest,min_price,max_price,mark_price,mark_iv,last_price,interest_rate,instrument_name,index_price,bid_iv,best_bid_price,best_bid_amount,best_ask_price,best_ask_amount,ask_iv,vega,theta,rho,gamma,delta
148.48,ETH-27DEC19,1575197939992,open,0.01,3867.0,0.001,0.015,0.004826,93.36,0.005,0.0,ETH-27DEC19-100-P,147.91,84.92,0.003,360.0,0.007,160.0,101.41,0.03628,-0.06545,-0.00506,0.00249,-0.04323
150.08,ETH-27MAR20,1575197939994,open,0.48,20.0,0.461,0.513,0.486475,90.74,0.613,0.0,ETH-27MAR20-80-C,147.91,36.52,0.467,1.0,0.0,0.0,0.0,0.11298,-0.04386,0.21354,0.00173,0.93083
150.08,ETH-27MAR20,1575197939997,open,0.04,1040.0,0.018,0.091,0.048799,110.72,0.032,0.0,ETH-27MAR20-320-C,147.91,90.99,0.023,260.0,0.031,260.0,97.86,0.22695,-0.1075,0.06562,0.00284,0.18534
148.48,ETH-27DEC19,1575197940003,open,1.31,0.0,1.224,1.364,1.29074,122.6,None,0.0,ETH-27DEC19-340-P,147.91,0.0,0.003,9.0,0.0,0.0,0.0,0.0094,-0.02227,-0.2402,0.00049,-0.99122
148.02,SYN.ETH-6DEC19,1575197940003,open,0.29,0.0,0.247,0.326,0.284351,100.07,None,0.0,ETH-6DEC19-190-P,147.91,0.0,0.283,1.0,0.425,1.0,500.0,0.00751,-0.07703,-0.02504,0.00256,-0.98219
148.48,ETH-27DEC19,1575197940006,open,1.58,0.0,1.485,1.64,1.559677,126.23,None,0.0,ETH-27DEC19-380-P,147.91,0.0,0.02,50.0,0.0,0.0,0.0,0.00499,-0.01217,-0.26898,0.00025,-0.99571
148.48,ETH-27DEC19,1575197940008,open,0.0,16677.0,0.001,0.011,0.0,119.99,0.001,0.0,ETH-27DEC19-640-C,147.91,0.0,0.0,0.0,0.003,1.0,225.93,1e-05,-2e-05,0.0,0.0,1e-05
150.08,ETH-27MAR20,1575197940008,open,0.02,834.0,0.007,0.039,0.01956,90.79,0.01,0.0,ETH-27MAR20-80-P,147.91,82.89,0.014,320.0,0.019,320.0,90.04,0.11307,-0.04392,-0.04267,0.00173,-0.06924
150.08,ETH-27MAR20,1575197940010,open,2.23,0.0,2.109,2.328,2.211882,111.03,None,0.0,ETH-27MAR20-480-P,147.91,0.0,0.004,50.0,0.0,0.0,0.0,0.1041,-0.04944,-1.51362,0.0013,-0.93777
151.39,SYN.ETH-26JUN20,1575197940010,open,0.19,426.0,0.133,0.247,0.190492,85.01,0.19,0.0,ETH-26JUN20-180-C,147.91,80.86,0.178,210.0,0.208,210.0,90.84,0.4552,-0.09307,0.28437,0.0041,0.52031
151.39,SYN.ETH-26JUN20,1575197940010,open,3.27,0.0,3.112,3.407,3.2508,107.16,None,0.0,ETH-26JUN20-640-P,147.91,0.0,0.01,50.0,0.0,0.0,0.0,0.17629,-0.04544,-3.59256,0.00126,-0.91595
151.39,SYN.ETH-26JUN20,1575197940010,open,2.22,0.0,2.093,2.334,2.206037,100.27,None,0.0,ETH-26JUN20-480-P,147.91,0.0,0.01,50.0,0.0,0.0,0.0,0.2362,-0.05697,-2.65579,0.0018,-0.87422
148.02,SYN.ETH-6DEC19,1575197940010,open,0.01,653.0,0.001,0.032,0.010495,67.24,0.013,0.0,ETH-6DEC19-140-P,147.91,56.67,0.007,222.0,0.014,161.0,77.03,0.05131,-0.35379,-0.00466,0.02607,-0.225
151.39,SYN.ETH-26JUN20,1575197940010,open,0.28,90.0,0.223,0.332,0.278784,84.01,0.27,0.0,ETH-26JUN20-140-C,147.91,77.16,0.26,210.0,0.299,210.0,91.44,0.41367,-0.08359,0.33745,0.00377,0.67017
150.08,ETH-27MAR20,1575197940013,open,0.38,1.0,0.346,0.421,0.383943,90.76,0.337,0.0,ETH-27MAR20-100-C,147.91,38.99,0.336,1.0,0.0,0.0,0.0,0.19577,-0.07601,0.22519,0.00299,0.85253
150.08,ETH-27MAR20,1575197940013,open,0.58,30.0,0.507,0.674,0.588483,110.76,0.306,0.0,ETH-27MAR20-220-P,147.91,66.96,0.503,300.0,0.566,1.0,100.2,0.3242,-0.15363,-0.57917,0.00406,-0.61669
151.39,SYN.ETH-26JUN20,1575197940013,open,2.49,0.0,2.348,2.604,2.46763,103.11,None,0.0,ETH-26JUN20-520-P,147.91,0.0,0.01,50.0,0.0,0.0,0.0,0.22273,-0.05524,-2.89002,0.00165,-0.88429
148.17,SYN.ETH-13DEC19,1575197940015,open,0.25,0.0,0.235,0.283,0.259021,86.06,None,0.0,ETH-13DEC19-110-C,147.91,0.0,0.257,1.0,0.448,1.0,500.0,0.01453,-0.05263,0.03462,0.00236,0.97707
148.17,SYN.ETH-13DEC19,1575197940015,open,0.36,0.0,0.311,0.396,0.351438,84.64,None,0.0,ETH-13DEC19-200-P,147.91,0.0,0.349,1.0,0.605,1.0,500.0,0.01793,-0.0639,-0.06373,0.00297,-0.9705
148.17,SYN.ETH-13DEC19,1575197940015,open,0.0,10.0,0.001,0.011,0.00161,84.29,0.005,0.0,ETH-13DEC19-200-C,147.91,78.39,0.001,4.0,0.002,5.0,87.35,0.01765,-0.06263,0.00132,0.00293,0.02894
148.17,SYN.ETH-13DEC19,1575197940015,open,0.0,50.0,0.001,0.011,0.001426,86.29,0.003,0.0,ETH-13DEC19-110-P,147.91,0.0,0.0,0.0,0.003,4.0,98.8,0.01467,-0.0533,-0.00119,0.00238,-0.0232
148.02,SYN.ETH-6DEC19,1575197940037,open,0.16,208.0,0.116,0.191,0.151846,82.41,0.11,0.0,ETH-6DEC19-170-P,147.91,0.0,0.128,22.0,0.17,22.0,147.58,0.02539,-0.21456,-0.0212,0.01053,-0.92018
148.02,SYN.ETH-6DEC19,1575197940038,open,0.32,1.0,0.304,0.345,0.324474,118.71,0.337,0.0,ETH-6DEC19-100-C,147.91,0.0,0.324,1.0,0.394,1.0,500.0,0.00094,-0.01146,0.01332,0.00027,0.99829
148.02,SYN.ETH-6DEC19,1575197940041,open,0.0,105.0,0.001,0.011,7.9e-05,120.0,0.001,0.0,ETH-6DEC19-100-P,147.91,0.0,0.0,0.0,0.001,4.0,161.83,0.00103,-0.01168,-4e-05,0.00029,-0.00188
151.39,SYN.ETH-26JUN20,1575197940047,open,0.12,474.0,0.071,0.179,0.122727,90.01,0.121,0.0,ETH-26JUN20-240-C,147.91,85.85,0.111,180.0,0.131,180.0,92.9,0.43037,-0.09317,0.21096,0.00366,0.36741
150.08,ETH-27MAR20,1575197940050,open,0.21,35.0,0.165,0.259,0.213069,82.11,0.198,0.0,ETH-27MAR20-140-C,147.91,46.87,0.139,2.0,0.849,1.0,500.0,0.31497,-0.11064,0.20937,0.00532,0.64875
148.02,SYN.ETH-6DEC19,1575197940050,open,0.0,274.0,0.001,0.011,0.00137,99.28,0.002,0.0,ETH-6DEC19-120-P,147.91,94.08,0.001,8.0,0.002,19.0,106.49,0.01153,-0.11735,-0.00061,0.00397,-0.02964
151.39,SYN.ETH-26JUN20,1575197940050,open,0.14,688.0,0.087,0.198,0.141029,88.59,0.161,0.0,ETH-26JUN20-220-C,147.91,85.51,0.132,180.0,0.151,180.0,91.98,0.44442,-0.0947,0.23285,0.00384,0.41109
150.08,ETH-27MAR20,1575197940054,open,1.96,0.0,1.853,2.061,1.950115,110.95,None,0.0,ETH-27MAR20-440-P,147.91,0.0,0.003,50.0,0.0,0.0,0.0,0.12729,-0.06042,-1.37886,0.00159,-0.91913
148.48,ETH-27DEC19,1575197940058,open,0.0,6667.0,0.001,0.011,1.6e-05,119.99,0.001,0.0,ETH-27DEC19-480-C,147.91,0.0,0.0,0.0,0.001,15.0,166.78,0.00033,-0.00076,2e-05,2e-05,0.00022
148.02,SYN.ETH-6DEC19,1575197940058,open,0.36,0.0,0.312,0.396,0.351716,112.35,None,0.0,ETH-6DEC19-200-P,147.91,0.0,0.0,0.0,0.0,0.0,0.0,0.00539,-0.06213,-0.02649,0.00164,-0.98787
148.02,SYN.ETH-6DEC19,1575197940058,open,0.0,253.0,0.001,0.011,0.00069,120.0,0.001,0.0,ETH-6DEC19-110-P,147.91,0.0,0.0,0.0,0.002,400.0,142.38,0.00594,-0.07312,-0.00028,0.00169,-0.01357
151.39,SYN.ETH-26JUN20,1575197940058,open,2.75,0.0,2.602,2.869,2.727074,103.81,None,0.0,ETH-26JUN20-560-P,147.91,0.0,0.01,50.0,0.0,0.0,0.0,0.20143,-0.0503,-3.12671,0.00149,-0.89937
150.08,ETH-27MAR20,1575197940060,open,0.12,98.0,0.075,0.167,0.120166,83.4,0.131,0.0,ETH-27MAR20-180-C,147.91,79.74,0.112,301.0,0.129,300.0,87.35,0.33505,-0.11955,0.15403,0.00557,0.44069
148.48,ETH-27DEC19,1575197940060,open,1.71,15.0,1.616,1.778,1.694285,129.07,1.248,0.0,ETH-27DEC19-400-P,147.91,0.0,0.002,50.0,0.0,0.0,0.0,0.00399,-0.00995,-0.28325,0.0002,-0.99665
148.48,ETH-27DEC19,1575197940060,open,1.99,0.0,1.878,2.055,1.963609,136.58,None,0.0,ETH-27DEC19-440-P,147.91,0.0,0.002,50.0,0.0,0.0,0.0,0.00308,-0.00813,-0.31169,0.00014,-0.99749
150.08,ETH-27MAR20,1575197940060,open,1.44,6.0,1.344,1.536,1.433519,110.85,1.188,0.0,ETH-27MAR20-360-P,147.91,0.0,0.01,30.0,2.163,1.0,500.0,0.18884,-0.08955,-1.10229,0.00236,-0.8602
151.39,SYN.ETH-26JUN20,1575197940060,open,0.16,551.0,0.107,0.22,0.16262,86.75,0.157,0.0,ETH-26JUN20-200-C,147.91,82.53,0.15,210.0,0.177,210.0,91.54,0.4536,-0.09464,0.25722,0.00401,0.46095
151.39,SYN.ETH-26JUN20,1575197940060,open,0.05,862.0,0.018,0.091,0.048306,96.75,0.058,0.0,ETH-26JUN20-400-C,147.91,93.31,0.042,140.0,0.055,140.0,100.19,0.28593,-0.06654,0.10243,0.00226,0.1671
148.48,ETH-27DEC19,1575197940062,open,0.1,100.0,0.071,0.137,0.104571,70.35,0.11,0.0,ETH-27DEC19-140-C,147.91,64.62,0.099,96.0,0.109,96.0,74.87,0.14514,-0.1973,0.05828,0.0132,0.65822
150.08,ETH-27MAR20,1575197940062,open,0.01,2340.0,0.001,0.029,0.009962,110.72,0.011,0.0,ETH-27MAR20-520-C,147.91,104.84,0.007,220.0,0.011,220.0,112.52,0.084,-0.03979,0.01802,0.00105,0.04745
148.48,ETH-27DEC19,1575197940062,open,2.26,21.0,2.139,2.333,2.232993,145.38,0.629,0.0,ETH-27DEC19-480-P,147.91,0.0,0.002,50.0,0.0,0.0,0.0,0.00281,-0.0079,-0.34007,0.00012,-0.99773
151.39,SYN.ETH-26JUN20,1575197940062,open,0.02,580.0,0.006,0.055,0.023015,106.91,0.027,0.0,ETH-26JUN20-640-C,147.91,104.2,0.02,10.0,0.026,140.0,109.41,0.17508,-0.04502,0.05196,0.00125,0.08328
148.48,ETH-27DEC19,1575197940068,open,2.53,37.0,2.401,2.61,2.502397,154.35,0.707,0.0,ETH-27DEC19-520-P,147.91,0.0,0.003,50.0,0.0,0.0,0.0,0.00276,-0.00824,-0.36843,0.00011,-0.99777
148.48,ETH-27DEC19,1575197940072,open,0.33,0.0,0.308,0.355,0.331289,93.18,None,0.0,ETH-27DEC19-100-C,147.91,0.0,0.001,9.0,0.42,30.0,254.53,0.0361,-0.06499,0.06587,0.00248,0.95704
148.02,SYN.ETH-6DEC19,1575197940072,open,0.01,1454.0,0.001,0.025,0.007086,68.53,0.009,0.0,ETH-6DEC19-160-C,147.91,61.05,0.005,160.0,0.01,162.0,77.84,0.04374,-0.30744,0.00328,0.02181,0.1728
150.08,ETH-27MAR20,1575197940081,open,1.18,7.0,1.094,1.279,1.181137,110.81,1.28,0.0,ETH-27MAR20-320-P,147.91,0.0,0.011,5.0,1.173,2.0,105.24,0.22721,-0.10771,-0.95895,0.00284,-0.81432
148.48,ETH-27DEC19,1575197940081,open,0.0,8845.0,0.001,0.014,0.004097,83.26,0.004,0.0,ETH-27DEC19-220-C,147.91,78.77,0.003,160.0,0.005,1860.0,86.46,0.03959,-0.06369,0.00464,0.00304,0.04819
148.48,ETH-27DEC19,1575197940083,open,0.24,4510.0,0.19,0.28,0.233632,77.43,0.18,0.0,ETH-27DEC19-180-P,147.91,40.32,0.214,340.0,0.246,1.0,92.73,0.11169,-0.16711,-0.10848,0.00923,-0.79694
148.48,ETH-27DEC19,1575197940083,open,0.0,1347.0,0.001,0.011,0.000237,119.99,0.002,0.0,ETH-27DEC19-380-C,147.91,0.0,0.0,0.0,0.002,1.0,150.3,0.00329,-0.00764,0.00026,0.00018,0.0027
148.02,SYN.ETH-6DEC19,1575197940083,open,0.06,479.0,0.034,0.094,0.064648,67.21,0.066,0.0,ETH-6DEC19-140-C,147.91,52.84,0.06,40.0,0.069,40.0,79.28,0.05129,-0.35351,0.01405,0.02608,0.77511
151.39,SYN.ETH-26JUN20,1575197940087,open,0.02,286.0,0.007,0.058,0.024757,104.98,0.027,0.0,ETH-26JUN20-600-C,147.91,100.86,0.02,140.0,0.029,140.0,108.3,0.18521,-0.04677,0.05607,0.00135,0.08979
148.48,ETH-27DEC19,1575197940099,open,0.0,2178.0,0.001,0.012,0.002149,119.7,0.005,0.0,ETH-27DEC19-300-C,147.91,108.54,0.001,1.0,0.004,161.0,131.1,0.01939,-0.04484,0.00191,0.00104,0.0203
150.08,ETH-27MAR20,1575197940099,open,2.49,0.0,2.367,2.597,2.475012,111.13,None,0.0,ETH-27MAR20-520-P,147.91,0.0,0.006,50.0,0.0,0.0,0.0,0.08519,-0.0405,-1.64677,0.00106,-0.9517
151.39,SYN.ETH-26JUN20,1575197940105,open,0.72,0.0,0.623,0.798,0.708146,90.04,None,0.0,ETH-26JUN20-240-P,147.91,0.0,0.585,1.0,1.512,1.0,500.0,0.43044,-0.09323,-1.15585,0.00366,-0.63244
151.39,SYN.ETH-26JUN20,1575197940108,open,1.7,0.0,1.588,1.806,1.690672,96.84,None,0.0,ETH-26JUN20-400-P,147.91,0.0,0.01,50.0,0.0,0.0,0.0,0.28639,-0.06671,-2.17546,0.00227,-0.83249
148.02,SYN.ETH-6DEC19,1575197940108,open,0.19,0.0,0.165,0.217,0.190644,99.15,None,0.0,ETH-6DEC19-120-C,147.91,0.0,0.01,50.0,0.314,1.0,500.0,0.01147,-0.11667,0.01542,0.00395,0.97051
148.48,ETH-27DEC19,1575197940117,open,0.0,11489.0,0.001,0.011,4.7e-05,119.99,0.002,0.0,ETH-27DEC19-440-C,147.91,0.0,0.0,0.0,0.001,199.0,156.36,0.00083,-0.00192,6e-05,4e-05,0.0006
148.48,ETH-27DEC19,1575197940117,open,0.0,924.0,0.001,0.011,0.000715,119.99,0.002,0.0,ETH-27DEC19-340-C,147.91,124.56,0.001,104.0,0.003,161.0,143.2,0.00817,-0.01893,0.00071,0.00044,0.00748
148.48,ETH-27DEC19,1575197940117,open,0.2,22.0,0.175,0.235,0.205132,75.38,0.165,0.0,ETH-27DEC19-120-C,147.91,0.0,0.191,51.0,0.548,1.0,500.0,0.08035,-0.11703,0.07075,0.00682,0.87726
151.39,SYN.ETH-26JUN20,1575197940117,open,0.14,518.0,0.087,0.184,0.133593,84.03,0.133,0.0,ETH-26JUN20-120-P,147.91,77.9,0.119,210.0,0.137,210.0,85.46,0.36084,-0.07294,-0.32827,0.00329,-0.24715
148.48,ETH-27DEC19,1575197940120,open,0.0,21058.0,0.001,0.011,1e-06,119.99,0.007,0.0,ETH-27DEC19-600-C,147.91,0.0,0.0,0.0,0.001,100.0,192.9,2e-05,-5e-05,0.0,0.0,1e-05
151.39,SYN.ETH-26JUN20,1575197940120,open,1.45,0.0,1.339,1.546,1.436527,95.08,None,0.0,ETH-26JUN20-360-P,147.91,0.0,0.015,2.0,1.447,1.0,99.91,0.31799,-0.07272,-1.92999,0.00256,-0.80193
150.08,ETH-27MAR20,1575197940125,open,0.29,40.0,0.252,0.344,0.299137,90.76,0.459,0.0,ETH-27MAR20-120-C,147.91,39.51,0.217,1.0,0.0,0.0,0.0,0.26661,-0.10352,0.21937,0.00407,0.75563
151.39,SYN.ETH-26JUN20,1575197940125,open,0.95,0.0,0.855,1.042,0.944928,92.6,None,0.0,ETH-26JUN20-280-P,147.91,0.0,0.01,50.0,1.77,1.0,500.0,0.39594,-0.08818,-1.42011,0.00328,-0.70215
151.39,SYN.ETH-26JUN20,1575197940125,open,0.06,681.0,0.024,0.104,0.058398,95.0,0.057,0.0,ETH-26JUN20-360-C,147.91,91.88,0.052,180.0,0.066,180.0,98.54,0.31765,-0.07258,0.12012,0.00256,0.19772
148.02,SYN.ETH-6DEC19,1575197940125,open,0.0,510.0,0.001,0.013,0.002042,97.18,0.003,0.0,ETH-6DEC19-180-C,147.91,85.83,0.001,208.0,0.003,200.0,104.86,0.01649,-0.16428,0.00087,0.0058,0.04593
151.39,SYN.ETH-26JUN20,1575197940125,open,0.38,357.0,0.308,0.454,0.379557,85.03,0.405,0.0,ETH-26JUN20-180-P,147.91,75.55,0.351,210.0,0.404,210.0,93.18,0.45519,-0.0931,-0.74077,0.0041,-0.47961
148.48,ETH-27DEC19,1575197940127,open,0.0,4049.0,0.001,0.012,0.00256,102.03,0.002,0.0,ETH-27DEC19-260-C,147.91,89.64,0.001,581.0,0.004,1.0,109.51,0.02466,-0.04862,0.00257,0.00155,0.02702
150.08,ETH-27MAR20,1575197940127,open,0.43,747.0,0.358,0.493,0.424067,84.42,0.57,0.0,ETH-27MAR20-200-P,147.91,70.23,0.395,300.0,0.454,300.0,98.29,0.31729,-0.1146,-0.51203,0.00521,-0.6414
148.02,SYN.ETH-6DEC19,1575197940129,open,0.43,0.0,0.378,0.465,0.419079,120.77,None,0.0,ETH-6DEC19-210-P,147.91,0.0,0.0,0.0,0.0,0.0,0.0,0.00351,-0.04348,-0.02791,0.00099,-0.99258
151.39,SYN.ETH-26JUN20,1575197940129,open,0.03,330.0,0.012,0.073,0.035198,100.13,0.04,0.0,ETH-26JUN20-480-C,147.91,96.66,0.03,140.0,0.04,140.0,103.12,0.23551,-0.05672,0.07764,0.0018,0.12524
150.08,ETH-27MAR20,1575197940134,open,0.01,404.0,0.001,0.02,0.00593,115.36,0.008,0.0,ETH-27MAR20-640-C,147.91,109.51,0.004,220.0,0.008,220.0,120.35,0.05622,-0.02774,0.0111,0.00068,0.02902
151.39,SYN.ETH-26JUN20,1575197940134,open,1.2,0.0,1.093,1.289,1.18649,93.37,1.06,0.0,ETH-26JUN20-320-P,147.91,0.0,0.015,2.0,1.203,1.0,100.19,0.35427,-0.07956,-1.67922,0.00291,-0.76111
151.39,SYN.ETH-26JUN20,1575197940134,open,0.09,428.0,0.049,0.149,0.095273,92.55,0.108,0.0,ETH-26JUN20-280-C,147.91,90.52,0.09,1.0,0.101,180.0,94.72,0.39581,-0.08811,0.17448,0.00328,0.29764
151.39,SYN.ETH-26JUN20,1575197940134,open,0.02,195.0,0.013,0.052,0.029164,105.91,0.015,0.0,ETH-26JUN20-60-P,147.91,59.53,0.002,5.0,0.192,1.0,250.39,0.1355,-0.03452,-0.07659,0.00098,-0.05967
150.08,ETH-27MAR20,1575197940136,open,0.05,94.0,0.025,0.082,0.050299,90.79,0.045,0.0,ETH-27MAR20-100-P,147.91,79.38,0.036,320.0,0.047,320.0,88.24,0.19582,-0.07606,-0.09506,0.00299,-0.14752
150.08,ETH-27MAR20,1575197940143,open,0.15,701.0,0.099,0.196,0.145967,82.14,0.135,0.0,ETH-27MAR20-140-P,147.91,26.88,0.031,1.0,0.156,320.0,86.93,0.31497,-0.11068,-0.23894,0.00532,-0.35124
148.48,ETH-27DEC19,1575197940149,open,0.0,1759.0,0.001,0.011,0.000411,119.99,0.001,0.0,ETH-27DEC19-360-C,147.91,131.74,0.001,1993.0,0.003,161.0,151.1,0.0052,-0.01206,0.00043,0.00028,0.0045
150.08,ETH-27MAR20,1575197940156,open,0.03,580.0,0.011,0.071,0.034639,110.72,0.02,0.0,ETH-27MAR20-360-C,147.91,95.39,0.018,260.0,0.025,260.0,102.45,0.18844,-0.08926,0.05033,0.00236,0.13936
148.48,ETH-27DEC19,1575197940156,open,0.13,13748.0,0.085,0.165,0.123606,71.57,0.106,0.0,ETH-27DEC19-160-P,147.91,67.01,0.119,96.0,0.13,96.0,77.82,0.15092,-0.2087,-0.07793,0.01349,-0.61672
148.02,SYN.ETH-6DEC19,1575197940156,open,0.09,117.0,0.054,0.124,0.088053,68.58,0.089,0.0,ETH-6DEC19-160-P,147.91,52.83,0.084,40.0,0.093,40.0,83.88,0.04377,-0.30785,-0.01809,0.02181,-0.82703
148.48,ETH-27DEC19,1575197940158,open,0.0,2232.0,0.001,0.011,0.001249,119.99,0.002,0.0,ETH-27DEC19-320-C,147.91,116.85,0.001,1.0,0.003,161.0,134.7,0.01273,-0.02951,0.00118,0.00068,0.01242
151.39,SYN.ETH-26JUN20,1575197940162,open,0.07,269.0,0.033,0.122,0.072598,93.31,0.071,0.0,ETH-26JUN20-320-C,147.91,91.76,0.069,2.0,0.076,190.0,94.75,0.35404,-0.07946,0.14313,0.00291,0.23861
151.39,SYN.ETH-26JUN20,1575197940164,open,0.49,249.0,0.406,0.564,0.483802,86.78,0.601,0.0,ETH-26JUN20-200-P,147.91,74.4,0.447,210.0,0.511,210.0,95.83,0.45361,-0.09468,-0.88181,0.004,-0.53895
150.08,ETH-27MAR20,1575197940182,open,0.16,858.0,0.11,0.206,0.158502,82.11,0.18,0.0,ETH-27MAR20-160-C,147.91,78.78,0.151,300.0,0.17,300.0,87.23,0.33729,-0.11848,0.18222,0.0057,0.53767
150.08,ETH-27MAR20,1575197940185,open,0.11,798.0,0.07,0.179,0.122501,110.72,0.079,0.0,ETH-27MAR20-220-C,147.91,83.75,0.067,300.0,0.19,11.0,141.18,0.32417,-0.15355,0.12527,0.00406,0.38316
150.08,ETH-27MAR20,1575197940185,open,2.76,0.0,2.625,2.867,2.739087,111.26,None,0.0,ETH-27MAR20-560-P,147.91,0.0,0.02,50.0,0.0,0.0,0.0,0.06991,-0.03328,-1.77871,0.00087,-0.96219
148.02,SYN.ETH-6DEC19,1575197940185,open,0.0,32.0,0.001,0.011,0.000308,119.99,0.002,0.0,ETH-6DEC19-210-C,147.91,0.0,0.0,0.0,0.001,24.0,139.1,0.00337,-0.04147,0.00013,0.00096,0.00709
148.02,SYN.ETH-6DEC19,1575197940185,open,0.0,728.0,0.001,0.016,0.003317,82.4,0.002,0.0,ETH-6DEC19-170-C,147.91,73.73,0.002,99.0,0.005,289.0,91.25,0.02539,-0.21456,0.00151,0.01053,0.07982
150.08,ETH-27MAR20,1575197940192,open,0.02,1395.0,0.007,0.056,0.024918,110.72,0.022,0.0,ETH-27MAR20-400-C,147.91,99.82,0.015,260.0,0.02,260.0,105.68,0.15485,-0.07335,0.03868,0.00194,0.1054
150.08,ETH-27MAR20,1575197940196,open,0.09,2040.0,0.051,0.136,0.091356,84.38,0.095,0.0,ETH-27MAR20-200-C,147.91,79.92,0.082,300.0,0.1,300.0,88.44,0.31724,-0.11452,0.12835,0.00521,0.35844
148.48,ETH-27DEC19,1575197940196,open,0.0,13247.0,0.001,0.011,6e-06,119.99,0.001,0.0,ETH-27DEC19-520-C,147.91,0.0,0.0,0.0,0.009,1.0,233.06,0.00013,-0.00031,1e-05,1e-05,8e-05
150.08,ETH-27MAR20,1575197940196,open,0.01,1637.0,0.003,0.036,0.013375,110.72,0.013,0.0,ETH-27MAR20-480-C,147.91,101.68,0.008,220.0,0.014,220.0,111.62,0.10313,-0.04885,0.02313,0.00129,0.0615
150.08,ETH-27MAR20,1575197940198,open,0.06,2049.0,0.031,0.118,0.069734,110.72,0.042,0.0,ETH-27MAR20-280-C,147.91,89.07,0.035,260.0,0.05,20.0,99.09,0.26849,-0.12717,0.08547,0.00336,0.24759
151.39,SYN.ETH-26JUN20,1575197940198,open,0.04,4.0,0.019,0.067,0.040037,86.58,0.026,0.0,ETH-26JUN20-80-P,147.91,82.59,0.035,250.0,0.045,250.0,90.37,0.19506,-0.04062,-0.11756,0.00173,-0.09631
148.48,ETH-27DEC19,1575197940201,open,0.01,13735.0,0.001,0.026,0.009884,81.75,0.011,0.0,ETH-27DEC19-200-C,147.91,77.63,0.008,480.0,0.013,244.0,87.83,0.07134,-0.11269,0.0099,0.00558,0.1039
150.08,ETH-27MAR20,1575197940201,open,1.7,4.0,1.597,1.797,1.690341,110.89,2.048,0.0,ETH-27MAR20-400-P,147.91,0.0,0.055,10.0,0.0,0.0,0.0,0.15542,-0.07373,-1.24198,0.00194,-0.89406
151.39,SYN.ETH-26JUN20,1575197940201,open,0.08,720.0,0.045,0.117,0.077935,84.32,0.074,0.0,ETH-26JUN20-100-P,147.91,80.07,0.07,250.0,0.086,250.0,88.58,0.28479,-0.05776,-0.21038,0.00259,-0.16607
148.02,SYN.ETH-6DEC19,1575197940201,open,0.0,173.0,0.001,0.011,0.000106,120.0,0.001,0.0,ETH-6DEC19-220-C,147.91,0.0,0.0,0.0,0.001,1.0,154.42,0.0014,-0.01565,5e-05,0.0004,0.00265
148.48,ETH-27DEC19,1575197940204,open,1.04,1.0,0.962,1.09,1.022759,120.72,0.494,0.0,ETH-27DEC19-300-P,147.91,0.0,0.021,6.0,0.0,0.0,0.0,0.0202,-0.04711,-0.21067,0.00107,-0.97869
148.48,ETH-27DEC19,1575197940204,open,1.44,257.0,1.355,1.502,1.425143,124.09,0.995,0.0,ETH-27DEC19-360-P,147.91,0.0,0.021,5.0,0.0,0.0,0.0,0.00667,-0.01599,-0.25465,0.00034,-0.99405
148.48,ETH-27DEC19,1575197940206,open,0.0,6174.0,0.001,0.011,0.0,120.0,0.001,0.0,ETH-27DEC19-720-C,147.91,0.0,0.0,0.0,0.004,285.0,248.89,0.0,0.0,0.0,0.0,0.0
150.08,ETH-27MAR20,1575197940206,open,3.03,0.0,2.883,3.14,3.004687,113.57,None,0.0,ETH-27MAR20-600-P,147.91,0.0,0.03,50.0,0.0,0.0,0.0,0.06293,-0.03058,-1.90854,0.00077,-0.96674
148.48,ETH-27DEC19,1575197940206,open,0.0,12762.0,0.001,0.011,0.0,120.0,0.001,0.0,ETH-27DEC19-680-C,147.91,0.0,0.0,0.0,0.006,1.0,254.86,0.0,-1e-05,0.0,0.0,0.0
148.02,SYN.ETH-6DEC19,1575197940208,open,0.12,11.0,0.096,0.154,0.125288,82.5,0.15,0.0,ETH-6DEC19-130-C,147.91,0.0,0.121,40.0,0.129,40.0,100.79,0.0253,-0.214,0.01572,0.01048,0.92057
148.02,SYN.ETH-6DEC19,1575197940208,open,0.5,0.0,0.444,0.533,0.486436,121.87,None,0.0,ETH-6DEC19-220-P,147.91,0.0,0.0,0.0,0.0,0.0,0.0,0.00159,-0.01982,-0.02933,0.00044,-0.99696
148.48,ETH-27DEC19,1575197940215,open,0.01,6905.0,0.004,0.031,0.013376,75.48,0.018,0.0,ETH-27DEC19-120-P,147.91,70.94,0.011,160.0,0.016,160.0,80.17,0.08047,-0.11736,-0.01435,0.00682,-0.123
150.08,ETH-27MAR20,1575197940219,open,0.32,1560.0,0.257,0.384,0.319606,83.44,0.36,0.0,ETH-27MAR20-180-P,147.91,73.24,0.297,300.0,0.342,300.0,93.42,0.33507,-0.1196,-0.42233,0.00557,-0.5592
150.08,ETH-27MAR20,1575197940219,open,0.01,886.0,0.001,0.024,0.007495,110.72,0.009,0.0,ETH-27MAR20-560-C,147.91,107.21,0.006,220.0,0.009,220.0,113.83,0.06846,-0.03243,0.01411,0.00086,0.03686
150.08,ETH-27MAR20,1575197940219,open,0.1,1179.0,0.059,0.143,0.098764,90.79,0.093,0.0,ETH-27MAR20-120-P,147.91,76.68,0.074,320.0,0.125,2.0,105.45,0.26662,-0.10356,-0.16491,0.00407,-0.24439
151.39,SYN.ETH-26JUN20,1575197940224,open,0.63,1.0,0.607,0.66,0.632809,105.88,0.69,0.0,ETH-26JUN20-60-C,147.91,0.0,0.603,1.0,0.0,0.0,0.0,0.13546,-0.0345,0.26517,0.00098,0.94036
148.48,ETH-27DEC19,1575197940236,open,0.0,2054.0,0.001,0.012,0.002499,112.42,0.001,0.0,ETH-27DEC19-280-C,147.91,99.51,0.001,480.0,0.004,161.0,120.81,0.02268,-0.04926,0.00231,0.00129,0.02445
151.39,SYN.ETH-26JUN20,1575197940236,open,0.29,755.0,0.22,0.353,0.285294,84.04,0.26,0.0,ETH-26JUN20-160-P,147.91,76.13,0.262,210.0,0.304,210.0,90.44,0.4439,-0.08973,-0.5987,0.00405,-0.40909
150.08,ETH-27MAR20,1575197940244,open,0.7,119.0,0.617,0.789,0.700398,110.77,0.835,0.0,ETH-27MAR20-240-P,147.91,59.69,0.615,300.0,0.683,300.0,102.13,0.30814,-0.14602,-0.65781,0.00386,-0.66842
150.08,ETH-27MAR20,1575197940247,open,0.01,1085.0,0.005,0.045,0.01815,110.72,0.017,0.0,ETH-27MAR20-440-C,147.91,99.4,0.01,260.0,0.016,260.0,108.08,0.12654,-0.05994,0.02984,0.00158,0.08024
148.48,ETH-27DEC19,1575197940247,open,0.04,4733.0,0.021,0.075,0.045947,71.49,0.063,0.0,ETH-27DEC19-160-C,147.91,66.6,0.041,128.0,0.051,128.0,76.44,0.1509,-0.20846,0.03549,0.0135,0.3831
151.39,SYN.ETH-26JUN20,1575197940247,open,0.21,1202.0,0.147,0.263,0.203612,84.04,0.215,0.0,ETH-26JUN20-140-P,147.91,77.25,0.185,210.0,0.205,10.0,84.54,0.41366,-0.08361,-0.45992,0.00377,-0.32981
148.02,SYN.ETH-6DEC19,1575197940247,open,0.0,34.0,0.001,0.011,0.000506,111.87,0.001,0.0,ETH-6DEC19-200-C,147.91,0.0,0.0,0.0,0.001,1.0,122.7,0.00527,-0.06046,0.00022,0.00161,0.01181
148.48,ETH-27DEC19,1575197940249,open,0.9,310.0,0.832,0.952,0.888402,113.24,0.49,0.0,ETH-27DEC19-280-P,147.91,0.0,0.003,9.0,0.0,0.0,0.0,0.02342,-0.05124,-0.1961,0.00132,-0.9746
148.48,ETH-27DEC19,1575197940249,open,0.0,11107.0,0.001,0.011,2e-06,119.99,0.001,0.0,ETH-27DEC19-560-C,147.91,0.0,0.0,0.0,0.01,1.0,247.44,5e-05,-0.00013,0.0,0.0,3e-05
151.39,SYN.ETH-26JUN20,1575197940249,open,1.96,0.0,1.84,2.07,1.948093,98.95,None,0.0,ETH-26JUN20-440-P,147.91,0.0,0.01,50.0,0.0,0.0,0.0,0.26115,-0.06216,-2.41628,0.00202,-0.85437
151.39,SYN.ETH-26JUN20,1575197940249,open,0.03,42.0,0.01,0.07,0.032555,102.95,0.034,0.0,ETH-26JUN20-520-C,147.91,100.46,0.029,190.0,0.036,140.0,105.24,0.22193,-0.05496,0.07119,0.00165,0.11513
151.39,SYN.ETH-26JUN20,1575197940265,open,0.34,142.0,0.29,0.389,0.340883,84.01,0.335,0.0,ETH-26JUN20-120-C,147.91,75.23,0.32,210.0,0.364,210.0,93.7,0.36084,-0.07292,0.3552,0.00329,0.75286
7526.59,BTC-27MAR20,1575197940313,open,1.7,5.2,1.609,1.742,1.66886397,94.98,1.108,0.0,BTC-27MAR20-20000-P,7363.44,0.0,0.0,0.0,0.0,0.0,0.0,5.11493,-2.07842,-62.86034,3e-05,-0.93937
7392.28,BTC-27DEC19,1575197940313,open,2.01,4.9,1.918,2.0375,1.9761427,123.23,2.217,0.0,BTC-27DEC19-22000-P,7363.44,0.0,0.0,0.0,0.0,0.0,0.0,0.05329,-0.12689,-15.59252,0.0,-0.99921
7392.28,BTC-27DEC19,1575197940314,open,0.13,945.4,0.089,0.1515,0.1176648,62.41,0.125,0.0,BTC-27DEC19-8000-P,7363.44,55.54,0.111,21.0,0.121,2.0,65.78,7.2703,-8.76711,-4.03671,0.0003,-0.65262
7392.28,BTC-27DEC19,1575197940314,open,4.47,0.0,4.3055,4.5215,4.41108706,174.71,2.58,0.0,BTC-27DEC19-40000-P,7363.44,0.0,0.001,1.0,0.0,0.0,0.0,0.0245,-0.08272,-28.35533,0.0,-0.99966
7376.68,SYN.BTC-13DEC19,1575197940313,open,0.03,30.2,0.016,0.0605,0.03371411,57.27,0.03,0.0,BTC-13DEC19-7500-C,7363.44,54.18,0.0315,2.0,0.0335,2.5,56.97,5.27694,-12.72446,1.01513,0.00052,0.45667
7392.27,BTC-27DEC19,1575197940315,open,0.24,925.0,0.2005,0.2655,0.2306836,66.7,0.24,0.0,BTC-27DEC19-9000-P,7363.44,56.7,0.225,2.0,0.259,6.0,102.75,4.67028,-6.01892,-5.64235,0.00018,-0.84599
7392.27,BTC-27DEC19,1575197940314,open,0.37,526.6,0.3285,0.3945,0.35890642,73.85,0.297,0.0,BTC-27DEC19-10000-P,7363.44,0.0,0.351,2.0,0.3845,5.0,117.03,2.79135,-3.98351,-6.72742,0.0001,-0.92482
7392.27,BTC-27DEC19,1575197940316,open,0.51,248.6,0.46,0.527,0.49094003,78.99,0.51,0.0,BTC-27DEC19-11000-P,7363.44,0.0,0.482,2.0,0.517,4.0,134.31,1.59712,-2.4377,-7.61864,5e-05,-0.96285
7443.94,SYN.BTC-31JAN20,1575197940313,open,0.02,24.4,0.0075,0.0435,0.02005373,71.34,0.018,0.0,BTC-31JAN20-10500-C,7363.44,69.68,0.0185,16.0,0.0215,23.0,72.84,7.09896,-4.15967,1.61759,0.00011,0.15034
7376.68,SYN.BTC-13DEC19,1575197940313,open,0.01,60.9,0.0005,0.0235,0.00819416,65.88,0.0105,0.0,BTC-13DEC19-6500-P,7363.44,64.03,0.0075,20.0,0.0095,16.0,69.2,2.82196,-7.82725,-0.33283,0.00024,-0.13048
7657.94,SYN.BTC-26JUN20,1575197940313,open,2.19,0.0,2.082,2.251,2.15754216,91.23,None,0.0,BTC-26JUN20-24000-P,7363.44,0.0,0.0,0.0,0.0,0.0,0.0,9.71199,-2.13111,-133.60099,3e-05,-0.90574
7392.27,BTC-27DEC19,1575197940317,open,0.19,130.5,0.1775,0.223,0.19909929,69.42,0.212,0.0,BTC-27DEC19-6000-C,7363.44,41.66,0.1895,10.0,0.2115,10.0,90.6,3.72447,-4.99626,3.61559,0.00014,0.88902
7392.27,BTC-27DEC19,1575197940317,open,0.05,638.2,0.036,0.0865,0.0588113,61.61,0.052,0.0,BTC-27DEC19-7500-C,7363.44,59.43,0.0565,1.8,0.061,26.0,63.67,7.85198,-9.34734,2.29914,0.00033,0.49753
7392.27,BTC-27DEC19,1575197940317,open,1.46,9.4,1.3875,1.487,1.4352915,117.47,1.1125,0.0,BTC-27DEC19-18000-P,7363.44,0.0,0.0135,1.0,0.0,0.0,0.0,0.21136,-0.47977,-12.74348,0.0,-0.99642
7392.27,BTC-27DEC19,1575197940317,open,3.38,0.3,3.244,3.417,3.32886994,149.87,2.744,0.0,BTC-27DEC19-32000-P,7363.44,0.0,0.0,0.0,0.0,0.0,0.0,0.01889,-0.05471,-22.68431,0.0,-0.99974
7526.58,BTC-27MAR20,1575197940318,open,2.23,0.0,2.1285,2.278,2.19682462,101.73,None,0.0,BTC-27MAR20-24000-P,7363.44,0.0,0.0005,5.0,0.0,0.0,0.0,3.8267,-1.66534,-76.03063,2e-05,-0.95789
7392.27,BTC-27DEC19,1575197940318,open,1.74,3.6,1.6525,1.762,1.70567501,121.04,1.729,0.0,BTC-27DEC19-20000-P,7363.44,0.0,0.0135,1.0,0.0,0.0,0.0,0.10824,-0.25317,-14.17027,0.0,-0.99829
7526.58,BTC-27MAR20,1575197940318,open,2.5,0.0,2.3885,2.5475,2.46160167,105.04,None,0.0,BTC-27MAR20-26000-P,7363.44,0.0,0.0,0.0,0.0,0.0,0.0,3.43286,-1.54257,-82.53878,2e-05,-0.96315
7657.94,SYN.BTC-26JUN20,1575197940313,open,0.05,261.5,0.0295,0.085,0.05221632,71.5,0.0565,0.0,BTC-26JUN20-5000-P,7363.44,68.73,0.0475,8.1,0.055,8.0,73.12,13.14842,-2.26137,-8.58446,6e-05,-0.14461
7368.88,SYN.BTC-6DEC19,1575197940313,open,0.14,6.8,0.135,0.1755,0.15396955,88.45,0.194,0.0,BTC-6DEC19-6250-C,7363.44,0.0,0.1515,0.1,0.161,8.0,128.31,0.85384,-7.74515,0.78528,0.00013,0.95174
7657.94,SYN.BTC-26JUN20,1575197940316,open,2.72,0.0,2.594,2.7885,2.68104286,100.62,None,0.0,BTC-26JUN20-28000-P,7363.44,0.0,0.0,0.0,0.0,0.0,0.0,9.55034,-2.31138,-156.52512,3e-05,-0.90785
7657.94,SYN.BTC-26JUN20,1575197940315,open,3.25,0.0,3.103,3.3105,3.19680702,101.82,None,0.0,BTC-26JUN20-32000-P,7363.44,0.0,0.0,0.0,0.0,0.0,0.0,7.74742,-1.89734,-179.99161,2e-05,-0.93014
7376.68,SYN.BTC-13DEC19,1575197940313,open,0.04,40.2,0.0155,0.0605,0.03286962,57.33,0.039,0.0,BTC-13DEC19-7250-P,7363.44,54.67,0.031,15.1,0.035,3.0,60.36,5.18226,-12.50938,-1.07071,0.00051,-0.41324
7443.94,SYN.BTC-31JAN20,1575197940313,open,0.1,13.0,0.0725,0.1375,0.10110025,64.28,0.1,0.0,BTC-31JAN20-7500-C,7363.44,62.99,0.099,3.0,0.1045,20.0,66.38,12.06421,-6.36958,5.46009,0.0002,0.54089
7657.94,SYN.BTC-26JUN20,1575197940317,open,2.46,0.0,2.3365,2.5145,2.41650145,93.82,None,0.0,BTC-26JUN20-26000-P,7363.44,0.0,0.0,0.0,0.0,0.0,0.0,8.99072,-2.0289,-145.30037,3e-05,-0.91503
7376.68,SYN.BTC-13DEC19,1575197940313,open,0.06,3.0,0.049,0.098,0.07145302,58.45,0.12,0.0,BTC-13DEC19-7000-C,7363.44,55.27,0.0695,7.9,0.0745,6.0,63.33,4.56349,-11.22983,1.52968,0.00044,0.7088
7376.68,SYN.BTC-13DEC19,1575197940313,open,0.04,4.6,0.0295,0.078,0.05004247,57.33,0.0435,0.0,BTC-13DEC19-7250-C,7363.44,54.42,0.048,2.0,0.05,0.5,57.27,5.18226,-12.50924,1.28816,0.00051,0.58676
7376.68,SYN.BTC-13DEC19,1575197940313,open,0.01,208.8,0.0005,0.025,0.00899381,60.15,0.007,0.0,BTC-13DEC19-8250-C,7363.44,56.69,0.0075,16.0,0.01,32.1,62.36,3.29342,-8.34002,0.37266,0.00031,0.16426
7657.94,SYN.BTC-26JUN20,1575197940319,open,0.16,90.2,0.114,0.2115,0.15759846,72.8,0.151,0.0,BTC-26JUN20-9000-C,7363.44,71.93,0.155,2.0,0.1615,8.0,74.09,23.05139,-4.03615,14.59829,9e-05,0.49232
7657.94,SYN.BTC-26JUN20,1575197940324,open,1.67,0.1,1.575,1.7295,1.64379431,86.7,1.765,0.0,BTC-26JUN20-20000-P,7363.44,0.0,0.1,1.0,2.05,0.1,236.19,12.03849,-2.51056,-109.76052,4e-05,-0.87286
7368.88,SYN.BTC-6DEC19,1575197940320,open,0.05,84.1,0.0375,0.0845,0.06008062,62.93,0.055,0.0,BTC-6DEC19-7000-C,7363.44,59.8,0.059,0.1,0.0615,1.0,66.93,2.57921,-16.64508,0.69988,0.00057,0.77109
7657.94,SYN.BTC-26JUN20,1575197940318,open,2.99,0.0,2.8485,3.05,2.93923804,101.81,None,0.0,BTC-26JUN20-30000-P,7363.44,0.0,0.0,0.0,0.0,0.0,0.0,8.73852,-2.13996,-168.23651,3e-05,-0.91818
7657.94,SYN.BTC-26JUN20,1575197940316,open,0.25,193.1,0.1915,0.2995,0.23997978,71.34,0.243,0.0,BTC-26JUN20-8000-P,7363.44,70.5,0.2375,8.0,0.2455,2.0,73.21,22.65175,-3.88676,-29.02113,0.0001,-0.42543
7376.68,SYN.BTC-13DEC19,1575197940313,open,0.09,0.0,0.075,0.123,0.09795348,62.02,None,0.0,BTC-13DEC19-6750-C,7363.44,26.35,0.0855,7.0,0.113,7.0,89.26,3.7004,-9.66312,1.69025,0.00034,0.8022
7657.94,SYN.BTC-26JUN20,1575197940315,open,1.93,0.0,1.8275,1.989,1.89968657,88.78,None,0.0,BTC-26JUN20-22000-P,7363.44,0.0,0.11,1.0,3.0,0.1,500.0,10.68611,-2.28187,-121.77925,4e-05,-0.89254
7657.94,SYN.BTC-26JUN20,1575197940580,open,0.19,129.1,0.1515,0.248,0.19530608,71.34,0.206,0.0,BTC-26JUN20-8000-C,7363.44,70.22,0.192,2.0,0.198,18.0,72.25,22.6518,-3.88664,16.54077,0.0001,0.57456
7526.58,BTC-27MAR20,1575197941080,open,0.18,51.5,0.1495,0.2275,0.18551924,68.35,0.179,0.0,BTC-27MAR20-7000-C,7363.44,66.2,0.181,2.0,0.186,8.0,68.58,15.80216,-4.62056,11.15493,0.00013,0.64837
149.1,SYN.ETH-31JAN20,1575197941161,open,0.23,0.0,0.199,0.27,0.23552,76.73,None,0.0,ETH-31JAN20-120-C,147.91,33.3,0.198,1.0,0.726,1.0,500.0,0.16933,-0.10671,0.14091,0.00595,0.8022
149.1,SYN.ETH-31JAN20,1575197941161,open,0.06,8.0,0.028,0.092,0.057419,76.62,0.067,0.0,ETH-31JAN20-180-C,147.91,72.22,0.051,340.0,0.065,340.0,81.7,0.21996,-0.13842,0.06727,0.00774,0.32795
149.1,SYN.ETH-31JAN20,1575197941161,open,0.09,1.0,0.058,0.134,0.095281,76.46,0.104,0.0,ETH-31JAN20-160-C,147.91,69.51,0.084,340.0,0.102,340.0,80.59,0.24232,-0.15218,0.09371,0.00855,0.47213
149.1,SYN.ETH-31JAN20,1575197941161,open,0.02,21.0,0.005,0.033,0.015442,81.96,0.014,0.0,ETH-31JAN20-100-P,147.91,78.04,0.013,360.0,0.018,360.0,85.79,0.09625,-0.06479,-0.02542,0.00317,-0.0868
149.1,SYN.ETH-31JAN20,1575197941163,open,0.04,2.0,0.014,0.066,0.036774,79.2,0.043,0.0,ETH-31JAN20-200-C,147.91,75.25,0.032,320.0,0.041,320.0,82.58,0.18386,-0.11961,0.04748,0.00626,0.22773
149.1,SYN.ETH-31JAN20,1575197941163,open,0.15,0.0,0.113,0.192,0.153202,76.46,None,0.0,ETH-31JAN20-140-C,147.91,71.75,0.146,1.0,0.167,1.0,85.48,0.22786,-0.1431,0.12098,0.00804,0.63972
149.1,SYN.ETH-31JAN20,1575197941163,open,0.04,87.0,0.018,0.069,0.040374,76.73,0.037,0.0,ETH-31JAN20-120-P,147.91,72.83,0.036,360.0,0.044,360.0,79.89,0.16933,-0.10671,-0.05923,0.00595,-0.1978
149.1,SYN.ETH-31JAN20,1575197941163,open,0.01,108.0,0.004,0.036,0.015493,83.05,0.014,0.0,ETH-31JAN20-240-C,147.91,81.04,0.014,320.0,0.017,1.0,84.98,0.11343,-0.07737,0.02315,0.00368,0.10859
149.1,SYN.ETH-31JAN20,1575197941163,open,0.02,380.0,0.008,0.049,0.023821,81.37,0.027,0.0,ETH-31JAN20-220-C,147.91,77.35,0.02,320.0,0.028,321.0,85.48,0.14666,-0.09802,0.03326,0.00486,0.15756
149.1,SYN.ETH-31JAN20,1575197941163,open,0.1,10.0,0.056,0.133,0.092198,76.46,0.095,0.0,ETH-31JAN20-140-P,147.91,69.78,0.082,360.0,0.095,360.0,78.29,0.22786,-0.1431,-0.11252,0.00804,-0.36028
149.1,SYN.ETH-31JAN20,1575197941163,open,0.34,0.0,0.317,0.373,0.344731,81.96,None,0.0,ETH-31JAN20-100-C,147.91,0.0,0.329,1.0,0.751,1.0,500.0,0.09625,-0.06479,0.14136,0.00317,0.9132
149.1,SYN.ETH-31JAN20,1575197941163,open,0.27,0.0,0.214,0.318,0.2647,76.62,None,0.0,ETH-31JAN20-180-P,147.91,63.49,0.246,340.0,0.286,340.0,90.69,0.21996,-0.13842,-0.23294,0.00774,-0.67205
149.1,SYN.ETH-31JAN20,1575197941163,open,0.64,0.0,0.57,0.687,0.625201,83.05,None,0.0,ETH-31JAN20-240-P,147.91,0.0,0.0,0.0,1.225,1.0,499.62,0.11343,-0.07737,-0.37713,0.00368,-0.89141
149.1,SYN.ETH-31JAN20,1575197941163,open,0.17,0.0,0.122,0.217,0.168419,76.46,None,0.0,ETH-31JAN20-160-P,147.91,70.66,0.159,340.0,0.176,340.0,81.12,0.24232,-0.15218,-0.17314,0.00855,-0.52787
7526.64,BTC-27MAR20,1575197941319,open,1.43,0.0,1.3495,1.4735,1.40531861,90.21,1.23,0.0,BTC-27MAR20-18000-P,7363.48,0.0,0.0,0.0,0.0,0.0,0.0,5.91416,-2.28243,-56.2076,4e-05,-0.92686
7658.0,SYN.BTC-26JUN20,1575197941318,open,1.42,1.8,1.3225,1.47,1.38816,83.51,1.335,0.0,BTC-26JUN20-18000-P,7363.48,0.0,1.25,0.1,1.5,0.1,130.51,13.41281,-2.6943,-97.66015,5e-05,-0.85103
7376.69,SYN.BTC-13DEC19,1575197941318,open,0.01,556.2,0.004,0.034,0.01362992,57.94,0.014,0.0,BTC-13DEC19-8000-C,7363.48,55.87,0.0125,1.0,0.014,3.3,58.6,4.08465,-9.96393,0.53024,0.0004,0.23456
7392.35,BTC-27DEC19,1575197941320,open,1.19,18.0,1.1225,1.213,1.16519942,114.43,1.261,0.0,BTC-27DEC19-16000-P,7363.48,0.0,0.0135,1.0,0.0,0.0,0.0,0.46028,-1.01777,-11.30183,1e-05,-0.99139
7526.64,BTC-27MAR20,1575197941319,open,4.38,1.0,4.211,4.4375,4.31780197,119.84,4.54,0.0,BTC-27MAR20-40000-P,7363.48,0.0,0.0005,2.0,0.0,0.0,0.0,1.77998,-0.91256,-127.75804,1e-05,-0.98317
7376.69,SYN.BTC-13DEC19,1575197941318,open,0.02,97.5,0.003,0.0315,0.0129995,62.02,0.016,0.0,BTC-13DEC19-6750-P,7363.48,60.01,0.012,16.0,0.015,31.1,65.94,3.70043,-9.66338,-0.50594,0.00034,-0.1978
7526.64,BTC-27MAR20,1575197941320,open,0.06,613.4,0.0365,0.096,0.06127968,69.72,0.0615,0.0,BTC-27MAR20-6000-P,7363.48,68.96,0.06,2.5,0.064,21.0,71.34,12.61448,-3.76273,-6.78171,0.0001,-0.22011
7526.64,BTC-27MAR20,1575197941321,open,0.12,742.5,0.093,0.172,0.1286542,68.35,0.124,0.0,BTC-27MAR20-8000-C,7363.48,67.39,0.1265,2.5,0.1305,8.0,69.17,16.9805,-4.96509,9.29276,0.00014,0.51423
7443.98,SYN.BTC-31JAN20,1575197941318,open,0.08,3.6,0.0485,0.111,0.07579902,65.3,0.0705,0.0,BTC-31JAN20-7000-P,7363.48,64.12,0.074,12.8,0.0785,11.0,67.07,11.35089,-6.08801,-5.38516,0.00019,-0.35795
7392.35,BTC-27DEC19,1575197941322,open,0.0,1468.3,0.0005,0.0135,0.00355302,86.92,0.003,0.0,BTC-27DEC19-5000-P,7363.48,84.14,0.003,63.6,0.0045,16.1,91.17,1.5394,-2.58558,-0.20477,5e-05,-0.03552
7526.64,BTC-27MAR20,1575197941323,open,1.97,5.6,1.8685,2.0095,1.93244136,98.33,1.545,0.0,BTC-27MAR20-22000-P,7363.48,0.0,0.0,0.0,0.0,0.0,0.0,4.3586,-1.8334,-69.481,2e-05,-0.95049
7392.35,BTC-27DEC19,1575197941324,open,5.57,0.0,5.366,5.6255,5.49326932,199.49,None,0.0,BTC-27DEC19-48000-P,7363.48,0.0,0.0005,1.0,0.0,0.0,0.0,0.03912,-0.15079,-34.02572,0.0,-0.99944
7368.88,SYN.BTC-6DEC19,1575197941319,open,0.03,199.7,0.0155,0.06,0.03612721,59.72,0.031,0.0,BTC-6DEC19-7250-C,7363.48,57.18,0.035,0.4,0.0365,4.0,60.55,3.27593,-20.06111,0.56142,0.00076,0.60648
7368.88,SYN.BTC-6DEC19,1575197941319,open,0.07,211.7,0.0375,0.0885,0.06151176,60.26,0.069,0.0,BTC-6DEC19-7750-P,7363.48,56.02,0.06,0.1,0.064,0.1,66.92,2.6793,-16.55622,-0.8034,0.00061,-0.75467
7368.88,SYN.BTC-6DEC19,1575197941322,open,0.1,59.8,0.066,0.117,0.09009596,61.12,0.101,0.0,BTC-6DEC19-8000-P,7363.48,56.37,0.089,0.1,0.0925,0.1,70.14,1.79865,-11.27445,-0.94537,0.00041,-0.87032
7443.98,SYN.BTC-31JAN20,1575197941318,open,0.13,2.5,0.105,0.17,0.1354365,65.3,0.1275,0.0,BTC-31JAN20-7000-C,7363.48,62.71,0.1315,11.6,0.1385,19.6,67.31,11.35087,-6.08771,6.28971,0.00019,0.64205
7368.88,SYN.BTC-6DEC19,1575197941324,open,0.11,40.8,0.101,0.1445,0.12137158,79.79,0.1125,0.0,BTC-6DEC19-6500-C,7363.48,70.82,0.12,0.1,0.123,0.1,88.45,1.26335,-10.33697,0.78635,0.00022,0.92023
7376.69,SYN.BTC-13DEC19,1575197941318,open,0.02,33.3,0.008,0.046,0.02166139,57.27,0.0185,0.0,BTC-13DEC19-7750-C,7363.48,53.96,0.0195,30.8,0.022,2.0,57.79,4.84736,-11.68847,0.75197,0.00048,0.33497
7443.98,SYN.BTC-31JAN20,1575197941318,open,0.03,14.3,0.015,0.0565,0.03124477,68.18,0.0315,0.0,BTC-31JAN20-6000-P,7363.48,67.01,0.03,12.8,0.0335,25.8,70.26,7.98909,-4.47366,-2.62802,0.00013,-0.18043
7368.88,SYN.BTC-6DEC19,1575197941322,open,0.13,15.1,0.0985,0.149,0.12188903,65.04,0.132,0.0,BTC-6DEC19-8250-P,7363.48,47.58,0.12,0.1,0.1235,0.1,73.93,1.16177,-7.7484,-1.03398,0.00025,-0.92854
7368.88,SYN.BTC-6DEC19,1575197941319,open,0.01,164.6,0.0005,0.0205,0.00550226,70.1,0.0055,0.0,BTC-6DEC19-6750-P,7363.48,68.02,0.005,0.9,0.007,20.5,75.93,1.80807,-12.99782,-0.13404,0.00036,-0.13067
7368.93,SYN.BTC-6DEC19,1575197942302,open,0.0,191.6,0.0005,0.0105,0.00036312,100.89,0.0005,0.0,BTC-6DEC19-9750-C,7363.48,0.0,0.0,0.0,0.001,45.0,115.53,0.21841,-2.2598,0.00906,3e-05,0.00957
7526.73,BTC-27MAR20,1575197942310,open,0.01,479.1,0.002,0.034,0.0115944,94.95,0.013,0.0,BTC-27MAR20-20000-C,7363.48,92.5,0.01,52.0,0.013,27.0,96.95,5.10898,-2.07521,1.17952,3e-05,0.06053
7392.4,BTC-27DEC19,1575197942325,open,0.13,149.5,0.118,0.1695,0.14232052,65.15,0.158,0.0,BTC-27DEC19-6500-C,7363.47,57.85,0.137,12.0,0.159,10.0,85.88,5.5719,-7.015,3.42706,0.00022,0.79626
7526.73,BTC-27MAR20,1575197942325,open,0.12,193.5,0.081,0.159,0.11555489,68.35,0.116,0.0,BTC-27MAR20-7000-P,7363.47,66.66,0.112,2.0,0.116,8.0,68.56,15.80216,-4.62082,-11.25931,0.00013,-0.35161
7526.73,BTC-27MAR20,1575197942325,open,0.09,297.3,0.057,0.1315,0.08932062,69.01,0.09,0.0,BTC-27MAR20-9000-C,7363.47,67.72,0.0865,14.0,0.0915,10.0,70.01,16.41615,-4.84681,7.40278,0.00013,0.39648
7392.4,BTC-27DEC19,1575197942325,open,6.11,0.8,5.8965,6.1775,6.03433703,209.69,3.59,0.0,BTC-27DEC19-52000-P,7363.47,0.0,0.001,1.0,0.0,0.0,0.0,0.04473,-0.18126,-36.86103,0.0,-0.99935
7392.4,BTC-27DEC19,1575197942325,open,0.02,43.2,0.0085,0.044,0.02153823,64.44,0.0195,0.0,BTC-27DEC19-8500-C,7363.47,62.53,0.02,10.0,0.023,40.8,66.22,6.0246,-7.50162,1.10989,0.00024,0.23332
7526.73,BTC-27MAR20,1575197942325,open,0.02,1523.0,0.005,0.041,0.01610613,83.8,0.019,0.0,BTC-27MAR20-16000-C,7363.47,80.17,0.013,19.0,0.0185,0.1,86.36,6.80198,-2.43862,1.73284,4e-05,0.088
7526.73,BTC-27MAR20,1575197942325,open,0.03,238.7,0.012,0.0495,0.02624947,71.21,0.0295,0.0,BTC-27MAR20-5000-P,7363.47,69.09,0.024,25.0,0.0295,24.5,74.17,8.10745,-2.46998,-3.32952,6e-05,-0.1119
7392.4,BTC-27DEC19,1575197942325,open,0.66,0.0,0.652,0.6715,0.66182707,117.61,None,0.0,BTC-27DEC19-2500-C,7363.47,0.0,0.655,16.0,0.6675,16.0,233.19,0.01125,-0.02557,1.77147,0.0,0.99985
7392.4,BTC-27DEC19,1575197942325,open,0.0,449.3,0.0005,0.0105,0.0,120.0,0.0005,0.0,BTC-27DEC19-44000-C,7363.47,0.0,0.0,0.0,0.0005,1.0,222.06,0.0,-1e-05,0.0,0.0,0.0
7392.4,BTC-27DEC19,1575197942325,open,0.01,458.6,0.0005,0.0175,0.00580427,76.76,0.0055,0.0,BTC-27DEC19-5500-P,7363.47,74.16,0.005,43.0,0.007,17.1,80.33,2.36571,-3.509,-0.34847,8e-05,-0.06069
7392.4,BTC-27DEC19,1575197942325,open,0.0,255.7,0.0005,0.0105,1e-08,120.0,0.001,0.0,BTC-27DEC19-1500-P,7363.47,0.0,0.0,0.0,0.0005,37.9,236.92,1e-05,-3e-05,0.0,0.0,0.0
7526.73,BTC-27MAR20,1575197942325,open,0.0,94.5,0.0005,0.02,0.00480051,115.6,0.004,0.0,BTC-27MAR20-34000-C,7363.47,111.08,0.0035,6.0,0.005,31.0,116.22,2.40205,-1.18792,0.46177,1e-05,0.02396
7392.4,BTC-27DEC19,1575197942325,open,0.01,100.7,0.0005,0.0235,0.00852233,69.65,0.009,0.0,BTC-27DEC19-9500-C,7363.47,67.46,0.0075,24.0,0.009,20.0,70.63,3.55044,-4.77822,0.49955,0.00013,0.10384
7392.4,BTC-27DEC19,1575197942325,open,0.44,0.0,0.394,0.4605,0.42461615,76.7,None,0.0,BTC-27DEC19-10500-P,7363.47,0.0,0.0135,1.0,0.0,0.0,0.0,2.12675,-3.15196,-7.18807,7e-05,-0.94698
7392.4,BTC-27DEC19,1575197942325,open,0.31,0.0,0.2635,0.3285,0.2936416,69.68,None,0.0,BTC-27DEC19-9500-P,7363.47,0.0,0.027,1.0,1.2,1.0,500.0,3.55346,-4.78452,-6.23466,0.00013,-0.89603
7526.73,BTC-27MAR20,1575197942325,open,0.04,1219.1,0.017,0.072,0.03763045,75.87,0.044,0.0,BTC-27MAR20-12000-C,7363.47,74.8,0.036,12.4,0.0395,18.0,77.07,11.6191,-3.77113,3.71191,8e-05,0.19164
7392.4,BTC-27DEC19,1575197942325,open,0.0,971.5,0.0005,0.011,0.00116296,101.96,0.001,0.0,BTC-27DEC19-14000-C,7363.47,92.42,0.0005,95.6,0.002,28.9,109.52,0.67294,-1.32577,0.06372,2e-05,0.01332
7392.4,BTC-27DEC19,1575197942326,open,0.0,106.3,0.0005,0.0105,7.8e-07,120.0,0.0005,0.0,BTC-27DEC19-2000-P,7363.47,0.0,0.0,0.0,0.0005,11.1,195.1,0.00093,-0.00217,-6e-05,0.0,-1e-05
7526.73,BTC-27MAR20,1575197942325,open,1.17,1.1,1.0905,1.205,1.14188868,83.83,1.08,0.0,BTC-27MAR20-16000-P,7363.47,0.0,0.0,0.0,0.0,0.0,0.0,6.80763,-2.44146,-49.49859,4e-05,-0.9119
7392.4,BTC-27DEC19,1575197942326,open,0.0,756.8,0.0005,0.0105,1.565e-05,120.0,0.0005,0.0,BTC-27DEC19-24000-C,7363.47,0.0,0.0,0.0,0.0005,29.0,156.1,0.01568,-0.03636,0.00102,0.0,0.00021
7526.73,BTC-27MAR20,1575197942326,open,0.41,141.4,0.348,0.451,0.39450084,71.64,0.3895,0.0,BTC-27MAR20-10000-P,7363.47,69.11,0.3895,10.0,0.419,13.0,83.55,15.00893,-4.60014,-26.15712,0.00012,-0.69081
7526.73,BTC-27MAR20,1575197942326,open,0.02,429.1,0.008,0.05,0.02200136,78.53,0.0275,0.0,BTC-27MAR20-14000-C,7363.47,73.84,0.017,18.0,0.026,25.0,81.92,8.52559,-2.8641,2.36457,6e-05,0.12011
7392.4,BTC-27DEC19,1575197942326,open,0.0,780.5,0.0005,0.012,0.00213957,97.38,0.002,0.0,BTC-27DEC19-4500-P,7363.47,96.3,0.002,1.0,0.0025,1.1,99.99,0.97203,-1.82904,-0.1185,3e-05,-0.02047
7392.4,BTC-27DEC19,1575197942326,open,0.0,832.1,0.0005,0.0105,0.00014202,120.0,0.001,0.0,BTC-27DEC19-3000-P,7363.47,0.0,0.0,0.0,0.001,29.0,149.3,0.09196,-0.21325,-0.00824,0.0,-0.00143
7392.4,BTC-27DEC19,1575197942326,open,0.0,1038.8,0.0005,0.0105,0.00013151,120.0,0.0015,0.0,BTC-27DEC19-20000-C,7363.47,0.0,0.0,0.0,0.001,6.6,145.3,0.09965,-0.23106,0.0075,0.0,0.00156
7392.4,BTC-27DEC19,1575197942326,open,0.52,4.3,0.517,0.538,0.52701079,114.16,0.5625,0.0,BTC-27DEC19-3500-C,7363.47,0.0,0.52,13.0,0.532,13.0,165.33,0.2593,-0.57202,2.45516,1e-05,0.9955
7392.4,BTC-27DEC19,1575197942326,open,0.0,562.6,0.0005,0.0105,1e-08,120.0,0.0005,0.0,BTC-27DEC19-40000-C,7363.47,0.0,0.0,0.0,0.0005,5.6,212.0,2e-05,-4e-05,0.0,0.0,0.0
7392.4,BTC-27DEC19,1575197942326,open,0.0,0.8,0.0005,0.015,0.00422117,76.64,0.003,0.0,BTC-27DEC19-10500-C,7363.47,71.96,0.003,51.0,0.005,16.0,79.22,2.12184,-3.14221,0.2549,7e-05,0.05286
7392.4,BTC-27DEC19,1575197942326,open,0.73,0.0,0.7195,0.739,0.72945082,0.0,None,0.0,BTC-27DEC19-2000-C,7363.47,0.0,0.722,18.0,0.736,18.0,285.7,0.0,0.0,1.41785,0.0,1.0
7392.4,BTC-27DEC19,1575197942326,open,0.0,657.0,0.0005,0.0105,2.06e-06,120.0,0.0005,0.0,BTC-27DEC19-28000-C,7363.47,0.0,0.0,0.0,0.0085,1.0,241.88,0.00255,-0.00591,0.00015,0.0,3e-05
7392.4,BTC-27DEC19,1575197942326,open,0.59,11.0,0.5845,0.604,0.59431707,119.78,0.5835,0.0,BTC-27DEC19-3000-C,7363.47,0.0,0.5875,15.0,0.5995,15.0,194.56,0.09062,-0.20974,2.11866,0.0,0.99859
7392.4,BTC-27DEC19,1575197942326,open,0.45,30.7,0.4485,0.4745,0.46032555,110.33,0.4745,0.0,BTC-27DEC19-4000-C,7363.47,0.0,0.4515,12.0,0.466,12.0,147.01,0.64239,-1.36952,2.76208,2e-05,0.98738
7392.4,BTC-27DEC19,1575197942326,open,0.0,680.5,0.0005,0.0105,5.6e-06,120.0,0.0005,0.0,BTC-27DEC19-26000-C,7363.47,0.0,0.0,0.0,0.004,29.0,207.91,0.00628,-0.01457,0.00039,0.0,8e-05
7392.4,BTC-27DEC19,1575197942326,open,0.25,69.4,0.2435,0.283,0.26179152,76.74,0.29,0.0,BTC-27DEC19-5500-C,7363.47,32.95,0.256,10.0,0.2765,10.0,109.97,2.36464,-3.50663,3.55082,8e-05,0.93935
7392.4,BTC-27DEC19,1575197942326,open,0.32,66.8,0.311,0.346,0.32717781,86.9,0.4645,0.0,BTC-27DEC19-5000-C,7363.47,0.0,0.3145,11.0,0.3355,11.0,114.82,1.53821,-2.58292,3.34005,5e-05,0.96451
7526.73,BTC-27MAR20,1575197942326,open,0.0,657.7,0.0005,0.016,0.00331035,119.69,0.004,0.0,BTC-27MAR20-40000-C,7363.47,115.89,0.0025,16.0,0.004,31.0,122.44,1.76681,-0.90468,0.32225,1e-05,0.01668
7392.39,BTC-27DEC19,1575197942326,open,0.05,753.0,0.0215,0.068,0.04127022,62.33,0.0425,0.0,BTC-27DEC19-7000-P,7363.47,60.51,0.0395,27.8,0.0435,2.0,64.61,7.21441,-8.68874,-1.99969,0.0003,-0.3403
7526.73,BTC-27MAR20,1575197942327,open,0.3,99.1,0.2405,0.3385,0.28507331,69.02,0.373,0.0,BTC-27MAR20-9000-P,7363.47,65.76,0.278,10.0,0.297,10.0,74.46,16.41642,-4.84735,-21.41566,0.00013,-0.6035
7392.39,BTC-27DEC19,1575197942327,open,0.79,12.1,0.7875,0.807,0.79708754,0.0,0.8415,0.0,BTC-27DEC19-1500-C,7363.47,0.0,0.789,20.0,0.8045,20.0,355.26,0.0,0.0,1.06338,0.0,1.0
7392.39,BTC-27DEC19,1575197942326,open,0.18,0.0,0.1415,0.2065,0.17138178,64.45,None,0.0,BTC-27DEC19-8500-P,7363.47,0.0,0.0895,2.0,0.2925,2.0,185.29,6.02552,-7.50457,-4.91568,0.00024,-0.76661
7392.39,BTC-27DEC19,1575197942326,open,0.0,1135.7,0.0005,0.0125,0.00289157,78.95,0.003,0.0,BTC-27DEC19-11000-C,7363.47,77.06,0.0025,48.2,0.003,1.0,79.45,1.59465,-2.43277,0.17919,5e-05,0.03708
7392.39,BTC-27DEC19,1575197942327,open,0.92,268.3,0.857,0.938,0.89501269,102.07,0.78,0.0,BTC-27DEC19-14000-P,7363.47,0.0,0.8725,3.0,0.9235,3.0,183.7,0.67703,-1.3353,-9.86077,2e-05,-0.98658
7368.93,SYN.BTC-6DEC19,1575197942325,open,0.34,0.0,0.2975,0.353,0.32349502,101.19,None,0.0,BTC-6DEC19-9750-P,7363.47,0.0,0.0135,1.0,0.0,0.0,0.0,0.22213,-2.30503,-1.29318,3e-05,-0.99024
7526.73,BTC-27MAR20,1575197942327,open,0.36,2.0,0.338,0.391,0.36194242,71.21,0.355,0.0,BTC-27MAR20-5000-C,7363.47,47.02,0.3415,9.0,0.378,9.0,84.97,8.10662,-2.46947,12.68143,6e-05,0.88812
7392.39,BTC-27DEC19,1575197942327,open,0.01,1198.0,0.0035,0.0315,0.01319147,66.69,0.013,0.0,BTC-27DEC19-9000-C,7363.47,65.58,0.0125,5.0,0.0145,37.8,68.72,4.66992,-6.01754,0.73788,0.00018,0.15399
7526.73,BTC-27MAR20,1575197942327,open,0.01,1342.7,0.0005,0.022,0.00896173,74.67,0.009,0.0,BTC-27MAR20-4000-P,7363.47,72.79,0.008,19.0,0.0105,0.5,77.48,3.95554,-1.26357,-1.27341,3e-05,-0.04387
7392.39,BTC-27DEC19,1575197942327,open,0.01,1476.4,0.001,0.0265,0.01076078,69.43,0.011,0.0,BTC-27DEC19-6000-P,7363.47,68.91,0.0105,23.0,0.0125,61.0,72.78,3.72478,-4.99736,-0.63803,0.00014,-0.11099
7526.73,BTC-27MAR20,1575197942328,open,0.06,476.2,0.037,0.106,0.06588804,71.64,0.0735,0.0,BTC-27MAR20-10000-C,7363.47,69.67,0.062,24.0,0.067,5.0,72.19,15.00824,-4.59946,5.86319,0.00012,0.30916
7526.73,BTC-27MAR20,1575197942327,open,0.01,115.7,0.0005,0.0255,0.00715956,105.0,0.0075,0.0,BTC-27MAR20-26000-C,7363.47,102.3,0.006,6.0,0.0085,27.0,107.78,3.42747,-1.53956,0.71386,2e-05,0.03678
7392.39,BTC-27DEC19,1575197942327,open,1.05,211.0,0.9895,1.075,1.0299066,106.17,0.959,0.0,BTC-27DEC19-15000-P,7363.47,0.0,0.0135,1.0,0.0,0.0,0.0,0.48288,-0.9907,-10.59033,1e-05,-0.9909
7392.39,BTC-27DEC19,1575197942327,open,0.0,707.5,0.0005,0.0115,0.00174379,97.1,0.0015,0.0,BTC-27DEC19-13000-C,7363.47,90.21,0.001,29.0,0.0025,24.0,102.29,0.95197,-1.78609,0.09554,3e-05,0.01997
7392.39,BTC-27DEC19,1575197942327,open,0.64,73.0,0.592,0.664,0.62548677,88.6,0.64,0.0,BTC-27DEC19-12000-P,7363.47,0.0,0.601,4.0,0.6515,4.0,151.23,1.20613,-2.06495,-8.37994,4e-05,-0.97355
7392.39,BTC-27DEC19,1575197942327,open,0.0,349.0,0.0005,0.0105,0.0,120.0,0.0005,0.0,BTC-27DEC19-48000-C,7363.47,0.0,0.0,0.0,0.001,29.0,245.92,0.0,0.0,0.0,0.0,0.0
7658.09,SYN.BTC-26JUN20,1575197942326,open,0.35,106.9,0.2795,0.3975,0.33284528,72.8,0.333,0.0,BTC-26JUN20-9000-P,7363.47,70.52,0.326,8.0,0.339,8.0,74.84,23.05185,-4.03646,-36.65812,9e-05,-0.50766
7392.39,BTC-27DEC19,1575197942327,open,0.78,98.8,0.7245,0.8015,0.76031854,97.17,0.7,0.0,BTC-27DEC19-13000-P,7363.47,0.0,0.0135,1.0,0.0,0.0,0.0,0.95541,-1.7939,-9.12006,3e-05,-0.97994
7392.39,BTC-27DEC19,1575197942327,open,0.0,487.7,0.0005,0.0105,0.00047322,114.26,0.0015,0.0,BTC-27DEC19-3500-P,7363.47,0.0,0.0,0.0,0.001,0.5,125.54,0.26055,-0.57524,-0.02621,1e-05,-0.00453
7392.39,BTC-27DEC19,1575197942327,open,3.93,1.3,3.7745,3.969,3.86989934,161.65,3.212,0.0,BTC-27DEC19-36000-P,7363.47,0.0,0.0,0.0,0.0,0.0,0.0,0.01954,-0.06103,-25.51997,0.0,-0.99973
7392.39,BTC-27DEC19,1575197942328,open,0.01,1536.4,0.0005,0.0195,0.00613584,73.83,0.006,0.0,BTC-27DEC19-10000-C,7363.47,72.1,0.0055,2.0,0.007,42.0,76.05,2.79002,-3.98058,0.3616,0.0001,0.07514
7526.72,BTC-27MAR20,1575197942328,open,0.26,21.4,0.232,0.3015,0.26410956,69.72,0.2745,0.0,BTC-27MAR20-6000-C,7363.47,60.19,0.2485,17.0,0.2645,8.0,69.95,12.61413,-3.7624,12.43126,0.0001,0.77991
7392.39,BTC-27DEC19,1575197942328,open,0.02,511.8,0.0085,0.0425,0.02161143,65.17,0.0235,0.0,BTC-27DEC19-6500-P,7363.47,63.68,0.0205,33.8,0.0235,29.3,67.65,5.5725,-7.01707,-1.18119,0.00022,-0.20378
7392.39,BTC-27DEC19,1575197942328,open,0.0,1053.2,0.0005,0.0105,0.00078189,106.01,0.001,0.0,BTC-27DEC19-15000-C,7363.47,100.92,0.0005,50.0,0.001,5.8,109.09,0.4781,-0.97932,0.04303,1e-05,0.00899
7392.39,BTC-27DEC19,1575197942328,open,0.0,817.7,0.0005,0.011,0.00142547,110.37,0.002,0.0,BTC-27DEC19-4000-P,7363.47,104.91,0.001,29.0,0.002,45.1,116.27,0.64346,-1.37231,-0.07376,2e-05,-0.01265
7526.72,BTC-27MAR20,1575197942328,open,0.01,136.6,0.0005,0.028,0.00779115,115.6,0.0055,0.0,BTC-27MAR20-30000-C,7363.47,107.09,0.0045,16.0,0.009,21.0,118.12,3.44353,-1.70298,0.70373,2e-05,0.03699
7392.39,BTC-27DEC19,1575197942328,open,0.03,1319.2,0.017,0.0605,0.03545262,62.4,0.0335,0.0,BTC-27DEC19-8000-C,7363.47,60.92,0.034,1.4,0.0375,36.8,64.47,7.27049,-8.76638,1.63476,0.0003,0.34739
7392.39,BTC-27DEC19,1575197942328,open,0.0,590.4,0.0005,0.0105,1.635e-05,120.0,0.001,0.0,BTC-27DEC19-2500-P,7363.47,0.0,0.0,0.0,0.0005,10.0,163.04,0.01425,-0.03304,-0.00108,0.0,-0.00019
7658.09,SYN.BTC-26JUN20,1575197942325,open,0.02,24.0,0.005,0.05,0.01811244,101.79,0.017,0.0,BTC-26JUN20-32000-C,7363.47,97.98,0.0145,2.0,0.0165,5.0,100.15,7.74073,-1.89517,2.25333,2e-05,0.06978
7526.72,BTC-27MAR20,1575197942329,open,0.65,54.9,0.584,0.691,0.63196736,75.88,0.77,0.0,BTC-27MAR20-12000-P,7363.47,0.0,0.55,0.1,0.88,1.0,193.79,11.62098,-3.77229,-34.71216,8e-05,-0.8083
7392.39,BTC-27DEC19,1575197942328,open,0.39,21.6,0.3795,0.41,0.39340216,97.35,0.5285,0.0,BTC-27DEC19-4500-C,7363.47,0.0,0.383,11.0,0.3995,11.0,127.01,0.97112,-1.82685,3.07179,3e-05,0.97955
7392.39,BTC-27DEC19,1575197942328,open,0.0,961.6,0.0005,0.0105,7.7e-07,120.0,0.001,0.0,BTC-27DEC19-30000-C,7363.47,0.0,0.0,0.0,0.0005,0.9,180.95,0.00105,-0.00243,6e-05,0.0,1e-05
7392.39,BTC-27DEC19,1575197942329,open,0.0,526.9,0.0005,0.0105,4.483e-05,120.0,0.0005,0.0,BTC-27DEC19-22000-C,7363.47,0.0,0.0,0.0,0.0025,29.0,174.53,0.03947,-0.09152,0.00275,0.0,0.00057
7526.72,BTC-27MAR20,1575197942329,open,0.01,158.0,0.0005,0.0275,0.00810043,101.68,0.0075,0.0,BTC-27MAR20-24000-C,7363.47,99.41,0.007,6.0,0.009,27.0,103.39,3.81947,-1.66137,0.81736,2e-05,0.04201
7392.39,BTC-27DEC19,1575197942328,open,0.0,1541.5,0.0005,0.0105,0.0,120.0,0.0005,0.0,BTC-27DEC19-52000-C,7363.47,0.0,0.0,0.0,0.0005,32.0,239.46,0.0,0.0,0.0,0.0,0.0
7392.39,BTC-27DEC19,1575197942329,open,0.0,390.7,0.0005,0.0105,0.0007793,114.1,0.0015,0.0,BTC-27DEC19-16000-C,7363.47,108.77,0.0005,40.0,0.001,11.0,117.4,0.4518,-0.99612,0.0401,1e-05,0.00843
7526.72,BTC-27MAR20,1575197942329,open,0.2,283.7,0.1505,0.2415,0.19154836,68.35,0.1975,0.0,BTC-27MAR20-8000-P,7363.47,66.78,0.188,2.0,0.194,10.0,69.44,16.98065,-4.96546,-16.32359,0.00014,-0.48575
7376.75,SYN.BTC-13DEC19,1575197942325,open,0.0,41.7,0.0005,0.0135,0.00322997,74.37,0.002,0.0,BTC-13DEC19-6000-P,7363.47,73.19,0.003,20.0,0.004,2.0,78.05,1.45948,-4.56989,-0.13743,0.00011,-0.05403
7444.07,SYN.BTC-31JAN20,1575197942325,open,0.12,62.0,0.078,0.1485,0.1086313,64.29,0.113,0.0,BTC-31JAN20-7500-P,7363.47,63.59,0.1075,9.6,0.11,1.0,65.13,12.06432,-6.37022,-7.04834,0.0002,-0.45908
7526.72,BTC-27MAR20,1575197942329,open,0.01,64.4,0.0005,0.024,0.00609281,115.6,0.0045,0.0,BTC-27MAR20-32000-C,7363.47,109.33,0.004,6.0,0.005,1.0,112.55,2.87302,-1.42084,0.56868,1e-05,0.02969
7392.39,BTC-27DEC19,1575197942329,open,0.0,839.6,0.0005,0.0105,0.00030243,117.01,0.0005,0.0,BTC-27DEC19-18000-C,7363.47,0.0,0.0,0.0,0.001,29.6,132.27,0.20468,-0.46277,0.01654,0.0,0.00346
7658.09,SYN.BTC-26JUN20,1575197942328,open,0.92,11.5,0.8305,0.969,0.89245595,79.22,0.99,0.0,BTC-26JUN20-14000-P,7363.47,0.0,0.5,1.0,2.0,1.0,500.0,17.91597,-3.41363,-72.12472,7e-05,-0.76123
7526.72,BTC-27MAR20,1575197942329,open,0.01,252.2,0.0005,0.03,0.00946759,98.28,0.011,0.0,BTC-27MAR20-22000-C,7363.47,95.62,0.008,33.0,0.011,27.0,100.82,4.35231,-1.83001,0.96301,2e-05,0.04942
7526.72,BTC-27MAR20,1575197942329,open,0.47,7.4,0.462,0.4975,0.47751863,74.66,0.499,0.0,BTC-27MAR20-4000-C,7363.47,0.0,0.4635,10.0,0.488,10.0,90.98,3.95485,-1.26325,11.53519,3e-05,0.95613
7526.72,BTC-27MAR20,1575197942329,open,0.9,58.9,0.8335,0.942,0.88205173,78.54,1.1385,0.0,BTC-27MAR20-14000-P,7363.47,0.0,0.4,0.5,1.135,0.5,206.47,8.52746,-2.86507,-42.46381,6e-05,-0.87985
7392.39,BTC-27DEC19,1575197942330,open,0.0,530.9,0.0005,0.0105,3e-07,120.0,0.0005,0.0,BTC-27DEC19-32000-C,7363.47,0.0,0.0,0.0,0.0005,0.5,188.01,0.00044,-0.00101,2e-05,0.0,0.0
7376.75,SYN.BTC-13DEC19,1575197942325,open,0.08,14.6,0.0485,0.1035,0.07226823,57.28,0.0535,0.0,BTC-13DEC19-7750-P,7363.47,53.03,0.0695,2.0,0.076,2.0,62.9,4.84776,-11.69142,-1.76944,0.00048,-0.66497
7526.72,BTC-27MAR20,1575197942330,open,0.0,144.6,0.0005,0.0175,0.0038321,115.69,0.0045,0.0,BTC-27MAR20-36000-C,7363.47,112.32,0.003,16.0,0.0045,22.0,118.04,2.02149,-1.00046,0.37848,1e-05,0.01954
7444.07,SYN.BTC-31JAN20,1575197942325,open,0.07,5.4,0.0485,0.1105,0.07616244,64.99,0.09,0.0,BTC-31JAN20-8000-C,7363.47,63.34,0.0735,2.0,0.079,20.0,66.75,12.01218,-6.41227,4.5776,0.0002,0.44487
7392.39,BTC-27DEC19,1575197942330,open,0.0,690.8,0.0005,0.0105,5e-08,120.0,0.0005,0.0,BTC-27DEC19-36000-C,7363.47,0.0,0.0,0.0,0.002,29.0,230.07,8e-05,-0.00019,0.0,0.0,0.0
7376.75,SYN.BTC-13DEC19,1575197942325,open,0.02,55.0,0.007,0.0435,0.02038916,58.45,0.0205,0.0,BTC-13DEC19-7000-P,7363.47,57.01,0.0195,16.0,0.0215,0.9,60.24,4.5634,-11.23052,-0.74781,0.00044,-0.29118
7444.07,SYN.BTC-31JAN20,1575197942325,open,0.22,0.0,0.199,0.2555,0.22522291,68.17,None,0.0,BTC-31JAN20-6000-C,7363.47,43.98,0.203,7.0,0.2425,7.0,83.44,7.98835,-4.47275,7.37942,0.00013,0.8196
7526.72,BTC-27MAR20,1575197942330,open,2.77,0.0,2.65,2.8265,2.73016346,115.67,None,0.0,BTC-27MAR20-28000-P,7363.47,0.0,0.0,0.0,0.0,0.0,0.0,4.14467,-2.05099,-88.78047,2e-05,-0.9535
7376.75,SYN.BTC-13DEC19,1575197942325,open,0.27,0.0,0.23,0.287,0.25634654,72.08,None,0.0,BTC-13DEC19-9250-P,7363.47,0.0,0.0,0.0,0.0,0.0,0.0,1.3044,-3.95862,-2.90275,0.0001,-0.95308
7526.72,BTC-27MAR20,1575197942330,open,0.01,267.1,0.004,0.0375,0.01379804,90.19,0.0155,0.0,BTC-27MAR20-18000-C,7363.47,87.81,0.012,26.0,0.0155,26.0,92.29,5.91064,-2.28056,1.42871,4e-05,0.07308
7368.93,SYN.BTC-6DEC19,1575197942326,open,0.18,5.5,0.1695,0.2075,0.1870427,96.29,0.121,0.0,BTC-6DEC19-6000-C,7363.47,0.0,0.173,8.0,0.195,8.0,151.02,0.55644,-5.49464,0.77211,8e-05,0.97143
7444.07,SYN.BTC-31JAN20,1575197942325,open,0.01,20.2,0.0055,0.038,0.01618197,73.18,0.014,0.0,BTC-31JAN20-11000-C,7363.47,71.73,0.015,16.0,0.0175,24.0,74.73,6.20882,-3.73168,1.33357,9e-05,0.12359
7376.75,SYN.BTC-13DEC19,1575197942325,open,0.2,0.0,0.1645,0.2205,0.19032303,65.13,None,0.0,BTC-13DEC19-8750-P,7363.47,0.0,0.0,0.0,0.0,0.0,0.0,2.00802,-5.50657,-2.66105,0.00017,-0.9184
7392.39,BTC-27DEC19,1575197942331,open,0.09,224.5,0.069,0.123,0.09434536,62.32,0.088,0.0,BTC-27DEC19-7000-C,7363.47,60.43,0.0925,2.0,0.097,2.0,65.04,7.21434,-8.68793,2.96284,0.0003,0.6597
7658.09,SYN.BTC-26JUN20,1575197942325,open,0.13,261.3,0.0865,0.1825,0.12846477,74.12,0.1355,0.0,BTC-26JUN20-10000-C,7363.47,71.92,0.122,17.0,0.1325,8.0,75.48,22.61134,-4.03093,12.79223,9e-05,0.42177
7392.39,BTC-27DEC19,1575197942331,open,0.0,924.7,0.0005,0.012,0.00218701,88.55,0.0015,0.0,BTC-27DEC19-12000-C,7363.47,83.8,0.0015,28.0,0.003,16.0,93.05,1.20305,-2.05842,0.12676,4e-05,0.02637
7526.72,BTC-27MAR20,1575197942331,open,0.01,69.4,0.0005,0.0335,0.01004399,115.6,0.006,0.0,BTC-27MAR20-28000-C,7363.47,107.02,0.006,0.1,0.014,1.0,122.08,4.13457,-2.04472,0.87515,2e-05,0.04636
7368.93,SYN.BTC-6DEC19,1575197942325,open,0.27,0.0,0.231,0.2835,0.25568033,85.65,None,0.0,BTC-6DEC19-9250-P,7363.47,0.0,0.0135,1.0,0.0,0.0,0.0,0.27209,-2.38993,-1.2239,4e-05,-0.98768
7444.07,SYN.BTC-31JAN20,1575197942325,open,0.26,4.0,0.2145,0.295,0.251447,66.43,0.2495,0.0,BTC-31JAN20-9000-P,7363.47,0.0,0.015,1.0,1.4365,2.0,500.0,10.34506,-5.64471,-11.98156,0.00017,-0.71361
7376.75,SYN.BTC-13DEC19,1575197942325,open,0.0,14.7,0.0005,0.0115,0.00164979,73.68,0.0015,0.0,BTC-13DEC19-9500-C,7363.47,68.03,0.001,20.0,0.002,0.3,76.16,0.98228,-3.04712,0.07551,8e-05,0.03311
7444.07,SYN.BTC-31JAN20,1575197942325,open,0.01,10.5,0.0015,0.0265,0.01127936,74.87,0.01,0.0,BTC-31JAN20-5000-P,7363.47,73.47,0.0105,4.0,0.013,42.0,77.82,4.21144,-2.58984,-1.04524,6e-05,-0.07291
7376.75,SYN.BTC-13DEC19,1575197942325,open,0.3,0.0,0.263,0.32,0.28949029,73.76,None,0.0,BTC-13DEC19-9500-P,7363.47,0.0,0.0,0.0,0.0,0.0,0.0,0.98626,-3.06287,-3.01506,8e-05,-0.96673
7376.75,SYN.BTC-13DEC19,1575197942325,open,0.12,0.0,0.105,0.151,0.1270401,65.86,None,0.0,BTC-13DEC19-6500-C,7363.47,0.0,0.1135,7.0,0.14,7.0,94.35,2.82094,-7.82249,1.78221,0.00024,0.86959
7368.93,SYN.BTC-6DEC19,1575197942325,open,0.2,1.1,0.1645,0.2165,0.1885341,78.56,0.125,0.0,BTC-6DEC19-8750-P,7363.47,0.0,0.178,5.0,0.2085,5.0,165.9,0.61772,-4.97652,-1.13803,0.00011,-0.96759
7368.93,SYN.BTC-6DEC19,1575197942327,open,0.0,68.1,0.0005,0.0105,0.00040136,85.42,0.0005,0.0,BTC-6DEC19-9250-C,7363.47,0.0,0.0,0.0,0.0005,0.9,87.93,0.26826,-2.34995,0.01153,4e-05,0.01212
7444.07,SYN.BTC-31JAN20,1575197942325,open,0.38,0.0,0.3315,0.4135,0.3688604,69.76,None,0.0,BTC-31JAN20-10000-P,7363.47,0.0,0.0,0.0,0.0,0.0,0.0,8.13591,-4.66178,-14.68852,0.00013,-0.81423
7444.07,SYN.BTC-31JAN20,1575197942325,open,0.44,0.0,0.3935,0.4755,0.43059165,71.36,None,0.0,BTC-31JAN20-10500-P,7363.47,0.0,0.0,0.0,0.0,0.0,0.0,7.10182,-4.16233,-15.89371,0.00011,-0.84957
7658.09,SYN.BTC-26JUN20,1575197942326,open,0.49,0.5,0.48,0.5265,0.50059057,73.17,0.589,0.0,BTC-26JUN20-4000-C,7363.47,50.31,0.4825,7.0,0.515,7.0,85.66,8.03166,-1.41352,18.58832,3e-05,0.92679
7444.07,SYN.BTC-31JAN20,1575197942325,open,0.27,0.0,0.257,0.307,0.28008135,70.96,None,0.0,BTC-31JAN20-5500-C,7363.47,0.0,0.2585,7.0,0.294,7.0,86.67,5.97885,-3.48445,7.48367,9e-05,0.88285
7658.09,SYN.BTC-26JUN20,1575197942326,open,0.02,357.2,0.0105,0.0445,0.02292048,73.18,0.0245,0.0,BTC-26JUN20-4000-P,7363.47,72.77,0.0225,5.0,0.025,21.0,75.12,8.03252,-1.41379,-4.1933,3e-05,-0.07322
7658.09,SYN.BTC-26JUN20,1575197942327,open,0.03,893.7,0.0125,0.0705,0.03211113,86.69,0.03,0.0,BTC-26JUN20-20000-C,7363.47,85.33,0.03,8.3,0.0335,6.0,87.57,12.03585,-2.50968,4.14286,4e-05,0.1271
7444.07,SYN.BTC-31JAN20,1575197942325,open,0.51,0.0,0.4565,0.539,0.49388702,73.2,None,0.0,BTC-31JAN20-11000-P,7363.47,0.0,0.0,0.0,0.0,0.0,0.0,6.21187,-3.73461,-17.01167,9e-05,-0.87632
7658.09,SYN.BTC-26JUN20,1575197942328,open,0.68,8.8,0.5975,0.732,0.65789425,77.54,0.783,0.0,BTC-26JUN20-12000-P,7363.47,0.0,0.51,1.0,1.9995,2.0,500.0,20.59731,-3.8417,-58.46391,8e-05,-0.68257
7368.93,SYN.BTC-6DEC19,1575197942325,open,0.0,222.7,0.0005,0.0125,0.00212967,88.45,0.0025,0.0,BTC-6DEC19-6250-P,7363.47,82.49,0.0015,42.5,0.003,0.1,95.28,0.8536,-7.74237,-0.04958,0.00013,-0.04824
7444.07,SYN.BTC-31JAN20,1575197942325,open,0.02,403.1,0.0075,0.039,0.01893387,70.97,0.019,0.0,BTC-31JAN20-5500-P,7363.47,69.79,0.018,16.0,0.021,41.0,73.49,5.97985,-3.48558,-1.68984,9e-05,-0.11717
7444.07,SYN.BTC-31JAN20,1575197942325,open,0.05,10.2,0.028,0.08,0.04954035,66.15,0.05,0.0,BTC-31JAN20-6500-P,7363.47,64.99,0.048,12.8,0.0525,20.0,68.36,9.90053,-5.37887,-3.8683,0.00016,-0.26203
7658.09,SYN.BTC-26JUN20,1575197942327,open,0.05,127.0,0.0225,0.093,0.04892975,81.7,0.052,0.0,BTC-26JUN20-16000-C,7363.47,79.99,0.0455,17.0,0.0525,17.0,83.44,15.56176,-3.05823,6.04898,6e-05,0.18762
7368.93,SYN.BTC-6DEC19,1575197942325,open,0.0,136.4,0.0005,0.0105,0.00081877,84.71,0.0005,0.0,BTC-6DEC19-9000-C,7363.47,78.85,0.0005,23.8,0.001,0.5,87.39,0.46594,-4.04756,0.02194,8e-05,0.02311
7368.93,SYN.BTC-6DEC19,1575197942326,open,0.17,4.6,0.1315,0.1825,0.15494588,70.95,0.142,0.0,BTC-6DEC19-8500-P,7363.47,0.0,0.1375,5.0,0.175,5.0,150.26,0.80043,-5.82359,-1.09304,0.00016,-0.95547
7376.75,SYN.BTC-13DEC19,1575197942325,open,0.11,14.9,0.073,0.129,0.09812733,57.95,0.1035,0.0,BTC-13DEC19-8000-P,7363.47,43.8,0.091,8.0,0.1205,5.0,93.94,4.0855,-9.96833,-2.07246,0.0004,-0.76536
7368.93,SYN.BTC-6DEC19,1575197942331,open,0.0,70.4,0.0005,0.0105,0.00065904,117.69,0.0005,0.0,BTC-6DEC19-5500-P,7363.47,113.27,0.0005,7.1,0.001,26.6,125.21,0.28996,-3.49945,-0.0137,3e-05,-0.01326
7658.09,SYN.BTC-26JUN20,1575197942325,open,0.02,14.8,0.008,0.062,0.02468585,100.6,0.0185,0.0,BTC-26JUN20-28000-C,7363.47,93.79,0.017,23.0,0.0325,14.0,106.41,9.54564,-2.30979,2.93947,3e-05,0.09208
7376.75,SYN.BTC-13DEC19,1575197942325,open,0.06,22.4,0.029,0.0805,0.05043044,57.28,0.0495,0.0,BTC-13DEC19-7500-P,7363.47,54.58,0.0485,1.0,0.053,14.0,60.87,5.27706,-12.72622,-1.42498,0.00052,-0.54328
7444.07,SYN.BTC-31JAN20,1575197942325,open,0.03,3.4,0.0145,0.06,0.03215091,67.64,0.0315,0.0,BTC-31JAN20-9500-C,7363.47,66.7,0.031,13.0,0.0345,21.0,69.52,9.19099,-5.10617,2.43426,0.00015,0.22822
7658.09,SYN.BTC-26JUN20,1575197942327,open,1.16,5.0,1.0745,1.2175,1.13824938,81.72,1.22,0.0,BTC-26JUN20-16000-P,7363.47,0.0,0.56,1.0,2.0,0.1,493.36,15.56487,-3.0593,-85.07305,6e-05,-0.81232
7658.09,SYN.BTC-26JUN20,1575197942329,open,0.02,52.7,0.007,0.0545,0.02131275,93.8,0.023,0.0,BTC-26JUN20-26000-C,7363.47,91.77,0.019,19.0,0.0235,5.0,95.62,8.98586,-2.02738,2.77371,3e-05,0.08491
7658.09,SYN.BTC-26JUN20,1575197942328,open,0.24,61.4,0.207,0.299,0.24909982,71.44,0.266,0.0,BTC-26JUN20-7000-C,7363.47,69.58,0.244,8.0,0.254,9.0,73.23,20.96346,-3.60239,18.29917,9e-05,0.66867
7376.75,SYN.BTC-13DEC19,1575197942325,open,0.15,0.0,0.1375,0.181,0.15807833,70.68,None,0.0,BTC-13DEC19-6250-C,7363.47,0.0,0.14,7.0,0.1695,7.0,101.59,2.09442,-6.2328,1.81355,0.00017,0.91369
7658.09,SYN.BTC-26JUN20,1575197942326,open,0.02,12.5,0.008,0.0575,0.023522,91.21,0.024,0.0,BTC-26JUN20-24000-C,7363.47,89.16,0.021,18.0,0.026,5.0,93.11,9.70781,-2.12981,3.08283,3e-05,0.09421
7658.09,SYN.BTC-26JUN20,1575197942325,open,0.62,15.6,0.611,0.653,0.62882688,96.73,0.6035,0.0,BTC-26JUN20-3000-C,7363.47,56.22,0.6095,8.3,0.6245,8.0,90.86,5.92257,-1.37803,14.02521,2e-05,0.9504
7376.75,SYN.BTC-13DEC19,1575197942325,open,0.24,0.0,0.197,0.2535,0.22310782,68.33,None,0.0,BTC-13DEC19-9000-P,7363.47,0.0,0.0,0.0,0.0,0.0,0.0,1.59165,-4.57891,-2.79082,0.00013,-0.93968
7658.09,SYN.BTC-26JUN20,1575197942327,open,0.17,237.1,0.121,0.216,0.16317716,71.45,0.1615,0.0,BTC-26JUN20-7000-P,7363.47,69.56,0.158,8.0,0.1665,2.0,72.66,20.96341,-3.60258,-21.56779,9e-05,-0.33133
7658.09,SYN.BTC-26JUN20,1575197942327,open,0.01,118.9,0.009,0.041,0.02057431,96.74,0.0085,0.0,BTC-26JUN20-3000-P,7363.47,75.0,0.007,8.0,0.043,3.0,121.63,5.92313,-1.37825,-3.06093,2e-05,-0.04961
7444.07,SYN.BTC-31JAN20,1575197942325,open,0.02,29.7,0.0105,0.0515,0.02549217,69.75,0.0245,0.0,BTC-31JAN20-10000-C,7363.47,68.37,0.024,12.8,0.027,22.0,71.11,8.13408,-4.65975,1.98912,0.00013,0.18571
7368.93,SYN.BTC-6DEC19,1575197942329,open,0.0,168.6,0.0005,0.011,0.00110804,78.46,0.001,0.0,BTC-6DEC19-8750-C,7363.47,69.34,0.0005,34.5,0.0015,0.5,82.74,0.61504,-4.94896,0.03064,0.00011,0.03224
7376.75,SYN.BTC-13DEC19,1575197942325,open,0.17,0.0,0.1325,0.188,0.15831086,62.55,None,0.0,BTC-13DEC19-8500-P,7363.47,0.0,0.0,0.0,0.0,0.0,0.0,2.58472,-6.80731,-2.50376,0.00023,-0.88488
7658.09,SYN.BTC-26JUN20,1575197942328,open,0.02,79.7,0.0065,0.057,0.02171193,101.79,0.019,0.0,BTC-26JUN20-30000-C,7363.47,95.81,0.0155,16.0,0.026,14.0,105.36,8.73289,-2.13809,2.61826,3e-05,0.08174
7368.93,SYN.BTC-6DEC19,1575197942325,open,0.01,664.6,0.0005,0.028,0.0097918,60.25,0.009,0.0,BTC-6DEC19-7750-C,7363.47,58.05,0.009,0.4,0.0105,0.9,62.19,2.67941,-16.5559,0.23187,0.00061,0.24535
7368.93,SYN.BTC-6DEC19,1575197942328,open,0.0,243.8,0.0005,0.016,0.00345925,79.79,0.004,0.0,BTC-6DEC19-6500-P,7363.47,73.76,0.0025,41.5,0.0045,42.5,85.49,1.26328,-10.33664,-0.08192,0.00022,-0.07976
7444.07,SYN.BTC-31JAN20,1575197942325,open,0.05,26.8,0.0325,0.0895,0.05695338,65.7,0.0635,0.0,BTC-31JAN20-8500-C,7363.47,64.42,0.055,2.0,0.0585,8.0,66.71,11.36641,-6.13391,3.75439,0.00019,0.35935
7368.93,SYN.BTC-6DEC19,1575197942328,open,0.21,0.3,0.204,0.24,0.22063633,107.51,0.144,0.0,BTC-6DEC19-5750-C,7363.47,0.0,0.2075,8.0,0.227,8.0,163.09,0.40835,-4.50228,0.7477,5e-05,0.98023
7444.07,SYN.BTC-31JAN20,1575197942325,open,0.04,13.4,0.0215,0.0725,0.0424156,66.42,0.0415,0.0,BTC-31JAN20-9000-C,7363.47,65.4,0.041,12.2,0.0445,10.0,67.91,10.34428,-5.64339,3.02851,0.00017,0.28635
7658.09,SYN.BTC-26JUN20,1575197942325,open,0.45,122.5,0.3775,0.503,0.43428954,74.12,0.48,0.0,BTC-26JUN20-10000-P,7363.47,71.99,0.428,8.0,0.4585,8.0,82.27,22.61158,-4.03126,-44.15978,9e-05,-0.57821
7368.93,SYN.BTC-6DEC19,1575197942330,open,0.25,0.2,0.2385,0.2725,0.25427695,117.56,0.175,0.0,BTC-6DEC19-5500-C,7363.47,0.0,0.2425,8.0,0.261,8.0,185.91,0.28851,-3.47817,0.72108,3e-05,0.98682
7658.09,SYN.BTC-26JUN20,1575197942330,open,0.04,246.3,0.0155,0.078,0.03766049,83.5,0.0395,0.0,BTC-26JUN20-18000-C,7363.47,81.37,0.034,12.0,0.041,5.0,85.38,13.41064,-2.69356,4.85291,5e-05,0.14893
7376.75,SYN.BTC-13DEC19,1575197942325,open,0.0,56.3,0.0005,0.016,0.00415415,65.1,0.003,0.0,BTC-13DEC19-8750-C,7363.47,60.5,0.003,20.0,0.005,38.0,68.07,2.0056,-5.4968,0.18557,0.00017,0.08147
7376.75,SYN.BTC-13DEC19,1575197942325,open,0.0,93.8,0.0005,0.0135,0.00304841,68.28,0.003,0.0,BTC-13DEC19-9000-C,7363.47,65.6,0.0025,0.1,0.003,1.0,68.05,1.58873,-4.56727,0.13712,0.00013,0.06018
7368.93,SYN.BTC-6DEC19,1575197942326,open,0.28,0.0,0.2735,0.304,0.28782206,119.76,None,0.0,BTC-6DEC19-5250-C,7363.47,0.0,0.277,8.0,0.2945,8.0,205.99,0.14242,-1.74909,0.69523,2e-05,0.99411
7376.75,SYN.BTC-13DEC19,1575197942325,open,0.18,0.0,0.171,0.211,0.18985703,74.33,None,0.0,BTC-13DEC19-6000-C,7363.47,0.0,0.174,7.0,0.2,7.0,109.02,1.45785,-4.56263,1.81494,0.00011,0.94605
7368.93,SYN.BTC-6DEC19,1575197942326,open,0.0,54.7,0.0005,0.0105,0.0002777,120.0,0.0005,0.0,BTC-6DEC19-5250-P,7363.47,129.14,0.0005,4.3,0.001,3.2,142.4,0.14418,-1.7743,-0.00615,2e-05,-0.00597
7376.75,SYN.BTC-13DEC19,1575197942325,open,0.14,0.5,0.1015,0.157,0.12738171,60.16,0.13,0.0,BTC-13DEC19-8250-P,7363.47,0.0,0.118,5.0,0.153,5.0,105.64,3.29479,-8.34604,-2.31134,0.00031,-0.83563
7376.75,SYN.BTC-13DEC19,1575197942325,open,0.0,135.1,0.0005,0.02,0.00603253,62.53,0.006,0.0,BTC-13DEC19-8500-C,7363.47,59.45,0.005,20.0,0.007,37.0,65.2,2.58289,-6.79945,0.26156,0.00023,0.11501
7658.09,SYN.BTC-26JUN20,1575197942329,open,0.03,30.5,0.0095,0.0625,0.02683479,88.76,0.028,0.0,BTC-26JUN20-22000-C,7363.47,87.05,0.0245,23.0,0.0285,6.0,89.94,10.68265,-2.28077,3.51433,4e-05,0.10741
7368.93,SYN.BTC-6DEC19,1575197942327,open,0.01,468.2,0.0005,0.0285,0.01002019,62.93,0.0105,0.0,BTC-6DEC19-7000-P,7363.47,61.44,0.0095,0.4,0.0105,28.3,64.3,2.57909,-16.64477,-0.23517,0.00056,-0.22889
7658.09,SYN.BTC-26JUN20,1575197942330,open,0.1,259.6,0.0665,0.144,0.0999066,71.51,0.1035,0.0,BTC-26JUN20-6000-P,7363.47,69.6,0.0955,8.0,0.105,9.8,73.7,17.76625,-3.05563,-14.61345,7e-05,-0.23515
7376.75,SYN.BTC-13DEC19,1575197942325,open,0.01,34.8,0.0005,0.018,0.00534181,70.71,0.0065,0.0,BTC-13DEC19-6250-P,7363.47,67.63,0.0045,38.0,0.007,38.0,76.2,2.09569,-6.23883,-0.22015,0.00017,-0.08638
7658.09,SYN.BTC-26JUN20,1575197942326,open,0.07,521.4,0.033,0.112,0.06430127,79.21,0.065,0.0,BTC-26JUN20-14000-C,7363.47,76.69,0.0585,16.0,0.0675,5.0,80.56,17.91401,-3.41285,7.60729,7e-05,0.23872
7444.07,SYN.BTC-31JAN20,1575197942325,open,0.32,0.0,0.2715,0.3525,0.30835072,67.65,None,0.0,BTC-31JAN20-9500-P,7363.47,0.0,0.0,0.0,0.0,0.0,0.0,9.19228,-5.10783,-13.40958,0.00015,-0.77172
7368.93,SYN.BTC-6DEC19,1575197942329,open,0.0,923.7,0.0005,0.018,0.00444954,61.12,0.005,0.0,BTC-6DEC19-8000-C,7363.47,59.24,0.004,20.5,0.0045,0.3,61.33,1.79876,-11.27473,0.12329,0.00041,0.1297
7368.93,SYN.BTC-6DEC19,1575197942328,open,0.0,209.8,0.0005,0.0105,0.00054495,97.75,0.001,0.0,BTC-6DEC19-9500-C,7363.47,0.0,0.0,0.0,0.001,20.8,106.54,0.30752,-3.08265,0.01343,4e-05,0.01419
7368.93,SYN.BTC-6DEC19,1575197942326,open,0.3,0.0,0.264,0.3195,0.28975039,97.96,None,0.0,BTC-6DEC19-9500-P,7363.47,0.0,0.0135,1.0,0.0,0.0,0.0,0.3108,-3.12212,-1.25542,4e-05,-0.98563
7444.07,SYN.BTC-31JAN20,1575197942326,open,0.17,0.0,0.1475,0.2095,0.17635101,66.14,None,0.0,BTC-31JAN20-6500-C,7363.47,41.22,0.1455,8.0,0.198,8.0,82.06,9.90025,-5.37808,6.97288,0.00016,0.73798
7376.75,SYN.BTC-13DEC19,1575197942325,open,0.0,29.7,0.0005,0.012,0.00239659,72.02,0.0015,0.0,BTC-13DEC19-9250-C,7363.47,66.24,0.0015,20.0,0.003,20.0,75.23,1.30108,-3.94524,0.10652,0.0001,0.04678
7368.93,SYN.BTC-6DEC19,1575197942325,open,0.02,219.7,0.005,0.043,0.01999443,59.72,0.02,0.0,BTC-6DEC19-7250-P,7363.47,58.61,0.0195,1.0,0.022,18.0,64.22,3.27588,-20.06287,-0.40701,0.00076,-0.39349
7368.93,SYN.BTC-6DEC19,1575197942326,open,0.0,164.5,0.0005,0.011,0.00144628,70.88,0.0015,0.0,BTC-6DEC19-8500-C,7363.47,66.31,0.001,2.0,0.0015,3.0,71.37,0.79799,-5.80002,0.04224,0.00016,0.04436
7444.07,SYN.BTC-31JAN20,1575197942325,open,0.21,0.0,0.1625,0.2415,0.19881637,65.71,None,0.0,BTC-31JAN20-8500-P,7363.47,0.0,0.0115,2.0,0.2085,2.0,71.99,11.36676,-6.13494,-10.42191,0.00019,-0.64062
7658.09,SYN.BTC-26JUN20,1575197942328,open,0.39,0.0,0.3695,0.435,0.39930146,71.5,None,0.0,BTC-26JUN20-5000-C,7363.47,55.52,0.374,7.0,0.42,7.0,83.11,13.14779,-2.26114,19.89258,6e-05,0.8554
7658.09,SYN.BTC-26JUN20,1575197942328,open,0.31,14.0,0.279,0.3605,0.31641174,71.5,0.303,0.0,BTC-26JUN20-6000-C,7363.47,57.04,0.2835,7.0,0.3445,7.0,83.51,17.76612,-3.05544,19.55844,7e-05,0.76485
7368.93,SYN.BTC-6DEC19,1575197942328,open,0.0,225.7,0.0005,0.0105,0.00094488,107.61,0.001,0.0,BTC-6DEC19-5750-P,7363.47,97.94,0.0005,144.0,0.0015,20.1,116.2,0.40978,-4.52196,-0.02047,5e-05,-0.01985
7444.07,SYN.BTC-31JAN20,1575197942325,open,0.16,0.1,0.1165,0.192,0.15085702,65.0,0.153,0.0,BTC-31JAN20-8000-P,7363.47,61.05,0.1445,16.0,0.1625,16.0,72.2,12.01226,-6.41311,-8.76493,0.0002,-0.55511
7368.93,SYN.BTC-6DEC19,1575197942328,open,0.0,146.4,0.0005,0.011,0.00127771,96.36,0.0015,0.0,BTC-6DEC19-6000-P,7363.47,92.42,0.001,94.5,0.002,2.0,104.68,0.55786,-5.5128,-0.02947,8e-05,-0.02866
7444.07,SYN.BTC-31JAN20,1575197942325,open,0.33,0.0,0.32,0.363,0.33959524,74.86,None,0.0,BTC-31JAN20-5000-C,7363.47,0.0,0.322,7.0,0.3495,7.0,90.04,4.21009,-2.58851,7.29438,6e-05,0.92712
7444.07,SYN.BTC-31JAN20,1575197942735,open,0.08,3.6,0.0485,0.111,0.07579695,65.3,0.0705,0.0,BTC-31JAN20-7000-P,7363.47,64.12,0.074,12.8,0.0785,20.0,67.07,11.35085,-6.08819,-5.385,0.00019,-0.35794
148.48,ETH-27DEC19,1575197942992,open,0.5,2830.0,0.44,0.536,0.485781,83.27,0.65,0.0,ETH-27DEC19-220-P,147.91,0.0,0.481,50.0,0.503,1.0,121.67,0.0396,-0.06373,-0.15132,0.00304,-0.95179
148.48,ETH-27DEC19,1575197943011,open,3.89,0.0,3.708,3.998,3.849138,120.0,None,0.0,ETH-27DEC19-720-P,147.91,0.0,0.004,50.0,0.0,0.0,0.0,0.0,0.0,-0.51042,0.0,-1.0
151.39,SYN.ETH-26JUN20,1575197943013,open,0.6,0.0,0.513,0.679,0.594252,88.6,None,0.0,ETH-26JUN20-220-P,147.91,0.0,0.453,51.0,0.629,1.0,100.31,0.44443,-0.09471,-1.0201,0.00384,-0.58889
148.02,SYN.ETH-6DEC19,1575197943024,open,0.23,0.0,0.181,0.259,0.218116,97.18,None,0.0,ETH-6DEC19-180-P,147.91,0.0,0.216,1.0,0.374,1.0,500.0,0.01649,-0.16432,-0.02318,0.0058,-0.95406
148.02,SYN.ETH-6DEC19,1575197943024,open,0.25,1.0,0.234,0.281,0.257534,120.0,0.286,0.0,ETH-6DEC19-110-C,147.91,0.0,0.256,1.0,0.352,1.0,500.0,0.00594,-0.0731,0.01441,0.00169,0.98644
150.08,ETH-27MAR20,1575197943047,open,0.93,173.0,0.85,1.029,0.935421,110.73,1.157,0.0,ETH-27MAR20-280-P,147.91,0.0,0.001,9.0,0.935,1.0,110.49,0.2685,-0.12719,-0.8111,0.00336,-0.75238
148.02,SYN.ETH-6DEC19,1575197943060,open,0.02,1042.0,0.005,0.051,0.024781,66.84,0.028,0.0,ETH-6DEC19-150-C,147.91,58.55,0.021,1.0,0.027,1.0,71.7,0.06764,-0.46368,0.00835,0.03458,0.44686
148.02,SYN.ETH-6DEC19,1575197943064,open,0.04,1022.0,0.011,0.07,0.038176,66.84,0.033,0.0,ETH-6DEC19-150-P,147.91,59.88,0.035,46.0,0.042,1.0,75.2,0.06764,-0.46368,-0.01169,0.03458,-0.55314
148.48,ETH-27DEC19,1575197943126,open,3.07,0.0,2.923,3.165,3.040949,120.0,0.953,0.0,ETH-27DEC19-600-P,147.91,0.0,0.02,50.0,0.0,0.0,0.0,2e-05,-5e-05,-0.42535,0.0,-0.99999
148.02,SYN.ETH-6DEC19,1575197943126,open,0.0,453.0,0.001,0.011,0.000702,99.75,0.001,0.0,ETH-6DEC19-190-C,147.91,0.0,0.0,0.0,0.001,1.0,105.03,0.00739,-0.07564,0.00033,0.00253,0.0175
148.48,ETH-27DEC19,1575197943128,open,3.62,1.0,3.447,3.721,3.579742,120.0,2.792,0.0,ETH-27DEC19-680-P,147.91,0.0,0.02,50.0,0.0,0.0,0.0,0.0,-1e-05,-0.48207,0.0,-1.0
148.48,ETH-27DEC19,1575197943128,open,2.8,0.0,2.662,2.888,2.771554,120.0,0.845,0.0,ETH-27DEC19-560-P,147.91,0.0,0.02,50.0,0.0,0.0,0.0,5e-05,-0.00013,-0.39699,0.0,-0.99997
148.48,ETH-27DEC19,1575197943155,open,0.63,2355.0,0.571,0.676,0.620245,96.4,0.495,0.0,ETH-27DEC19-240-P,147.91,0.0,0.616,50.0,0.781,1.0,300.78,0.03456,-0.06438,-0.16626,0.00229,-0.95929
148.48,ETH-27DEC19,1575197943162,open,3.34,0.0,3.185,3.443,3.310345,120.0,None,0.0,ETH-27DEC19-640-P,147.91,0.0,0.02,50.0,0.0,0.0,0.0,1e-05,-2e-05,-0.45371,0.0,-0.99999
148.48,ETH-27DEC19,1575197943193,open,0.37,3551.0,0.312,0.406,0.356873,81.76,0.332,0.0,ETH-27DEC19-200-P,147.91,34.56,0.347,1.0,0.376,1.0,112.43,0.07136,-0.11275,-0.13188,0.00558,-0.89606
151.39,SYN.ETH-26JUN20,1575197943210,open,0.51,0.0,0.48,0.544,0.51159,86.57,None,0.0,ETH-26JUN20-80-C,147.91,34.48,0.472,1.0,0.0,0.0,0.0,0.19504,-0.04062,0.33808,0.00173,0.9037
150.08,ETH-27MAR20,1575197943223,open,3.29,0.0,3.141,3.414,3.270324,115.36,None,0.0,ETH-27MAR20-640-P,147.91,0.0,0.01,50.0,0.0,0.0,0.0,0.05623,-0.02775,-2.03823,0.00068,-0.97097
151.39,SYN.ETH-26JUN20,1575197943227,open,3.01,0.0,2.856,3.137,2.988045,104.98,None,0.0,ETH-26JUN20-600-P,147.91,0.0,0.01,50.0,0.0,0.0,0.0,0.18523,-0.04677,-3.36106,0.00135,-0.9102
148.48,ETH-27DEC19,1575197943249,open,4.16,1.0,3.97,4.276,4.118535,120.0,3.236,0.0,ETH-27DEC19-760-P,147.91,0.0,0.02,50.0,0.0,0.0,0.0,0.0,0.0,-0.53878,0.0,-1.0
148.48,ETH-27DEC19,1575197943251,open,0.77,946.0,0.701,0.812,0.753639,102.04,0.3,0.0,ETH-27DEC19-260-P,147.91,0.0,0.751,50.0,1.106,1.0,500.0,0.02467,-0.04864,-0.18174,0.00155,-0.97296
151.39,SYN.ETH-26JUN20,1575197943268,open,0.41,1.0,0.375,0.458,0.417372,84.32,0.38,0.0,ETH-26JUN20-100-C,147.91,39.02,0.348,1.0,0.0,0.0,0.0,0.28478,-0.05775,0.35917,0.00259,0.83394
149.1,SYN.ETH-31JAN20,1575197944163,open,0.39,0.0,0.325,0.435,0.378197,79.2,None,0.0,ETH-31JAN20-200-P,147.91,0.0,0.341,1.0,0.484,1.0,150.67,0.18386,-0.11961,-0.28608,0.00626,-0.77227
149.1,SYN.ETH-31JAN20,1575197944163,open,0.51,0.0,0.445,0.559,0.499386,81.37,None,0.0,ETH-31JAN20-220-P,147.91,0.0,0.475,1.0,0.753,1.0,250.54,0.14666,-0.09802,-0.33367,0.00486,-0.84244
149.1,SYN.ETH-31JAN20,1575197944411,open,0.77,0.0,0.698,0.821,0.755627,87.13,None,0.0,ETH-31JAN20-260-P,147.91,0.0,0.0,0.0,1.346,1.0,500.0,0.0931,-0.06663,-0.41592,0.00288,-0.91696
149.1,SYN.ETH-31JAN20,1575197944411,open,0.01,25.0,0.002,0.03,0.011777,87.13,0.015,0.0,ETH-31JAN20-260-C,147.91,82.36,0.009,320.0,0.014,321.0,90.53,0.0931,-0.06663,0.01772,0.00288,0.08304
7392.39,BTC-27DEC19,1575197944866,open,0.08,796.5,0.048,0.1045,0.07337799,61.61,0.062,0.0,BTC-27DEC19-7500-P,7363.47,59.84,0.0715,11.6,0.076,2.0,64.08,7.85211,-9.3483,-3.01758,0.00033,-0.50242
7392.39,BTC-27DEC19,1575197944873,open,0.08,796.5,0.048,0.1045,0.07337799,61.61,0.062,0.0,BTC-27DEC19-7500-P,7363.47,59.84,0.0715,11.6,0.076,10.0,64.08,7.85211,-9.3483,-3.01758,0.00033,-0.50242
148.17,SYN.ETH-13DEC19,1575197944998,open,0.07,20.0,0.047,0.109,0.078258,65.02,0.079,0.0,ETH-13DEC19-140-C,147.91,56.41,0.073,40.0,0.082,88.0,70.99,0.09204,-0.25197,0.03027,0.01982,0.70621
148.17,SYN.ETH-13DEC19,1575197944998,open,0.01,142.0,0.001,0.028,0.010456,73.17,0.011,0.0,ETH-13DEC19-130-P,147.91,64.18,0.007,200.0,0.012,200.0,76.83,0.06097,-0.18782,-0.0075,0.01166,-0.14518
148.17,SYN.ETH-13DEC19,1575197944998,open,0.0,26.0,0.001,0.016,0.004163,71.84,0.01,0.0,ETH-13DEC19-180-C,147.91,66.91,0.003,201.0,0.005,5.0,74.95,0.03798,-0.11486,0.00343,0.0074,0.07537
148.17,SYN.ETH-13DEC19,1575197944998,open,0.1,25.0,0.064,0.138,0.099612,66.7,0.082,0.0,ETH-13DEC19-160-P,147.91,58.92,0.095,40.0,0.105,40.0,75.35,0.09021,-0.25333,-0.03944,0.01893,-0.71844
148.17,SYN.ETH-13DEC19,1575197944998,open,0.0,1.0,0.001,0.013,0.003309,76.02,0.009,0.0,ETH-13DEC19-120-P,147.91,68.52,0.002,200.0,0.005,5.0,83.67,0.02934,-0.0939,-0.00277,0.0054,-0.05408
148.17,SYN.ETH-13DEC19,1575197944998,open,0.06,51.0,0.024,0.086,0.052713,63.96,0.055,0.0,ETH-13DEC19-150-P,147.91,57.4,0.048,120.0,0.059,120.0,72.7,0.1065,-0.28678,-0.02758,0.02331,-0.51939
148.17,SYN.ETH-13DEC19,1575197944998,open,0.19,0.0,0.166,0.22,0.193437,76.02,None,0.0,ETH-13DEC19-120-C,147.91,0.0,0.19,1.0,0.418,1.0,500.0,0.02934,-0.0939,0.03628,0.0054,0.94592
148.17,SYN.ETH-13DEC19,1575197944998,open,0.23,0.0,0.181,0.26,0.21897,71.84,None,0.0,ETH-13DEC19-180-P,147.91,0.0,0.214,1.0,0.395,1.0,351.1,0.03798,-0.11486,-0.05513,0.0074,-0.92463
148.17,SYN.ETH-13DEC19,1575197944998,open,0.02,52.0,0.004,0.043,0.019783,66.7,0.038,0.0,ETH-13DEC19-160-C,147.91,60.35,0.016,160.0,0.024,160.0,73.5,0.09021,-0.25333,0.01262,0.01893,0.28156
148.17,SYN.ETH-13DEC19,1575197944998,open,0.03,81.0,0.006,0.048,0.023108,65.02,0.017,0.0,ETH-13DEC19-140-P,147.91,58.32,0.019,160.0,0.027,160.0,71.22,0.09204,-0.25197,-0.01528,0.01982,-0.29379
148.17,SYN.ETH-13DEC19,1575197944998,open,0.0,21.0,0.001,0.012,0.002144,76.05,0.007,0.0,ETH-13DEC19-190-C,147.91,67.07,0.001,202.0,0.003,5.0,80.97,0.0233,-0.0746,0.00185,0.00429,0.04057
148.17,SYN.ETH-13DEC19,1575197944998,open,0.04,118.0,0.015,0.069,0.040373,63.96,0.04,0.0,ETH-13DEC19-150-C,147.91,57.87,0.036,120.0,0.044,100.0,69.0,0.1065,-0.28678,0.02122,0.02331,0.48061
148.17,SYN.ETH-13DEC19,1575197945000,open,0.16,0.0,0.119,0.197,0.156846,70.11,None,0.0,ETH-13DEC19-170-P,147.91,0.0,0.0,0.0,0.162,1.0,81.25,0.06315,-0.1864,-0.04839,0.01261,-0.84697
148.17,SYN.ETH-13DEC19,1575197945000,open,0.13,2.0,0.102,0.163,0.133095,73.17,0.128,0.0,ETH-13DEC19-130-C,147.91,56.05,0.127,40.0,0.136,40.0,79.94,0.06097,-0.18782,0.03479,0.01166,0.85482
148.17,SYN.ETH-13DEC19,1575197945000,open,0.01,588.0,0.001,0.027,0.009528,70.11,0.012,0.0,ETH-13DEC19-170-C,147.91,63.82,0.007,160.0,0.012,1.0,75.66,0.06315,-0.1864,0.00692,0.01261,0.15303
148.17,SYN.ETH-13DEC19,1575197945000,open,0.29,0.0,0.246,0.327,0.284441,76.05,None,0.0,ETH-13DEC19-190-P,147.91,0.0,0.282,1.0,0.553,1.0,500.0,0.0233,-0.0746,-0.05997,0.00429,-0.95943
7526.86,BTC-27MAR20,1575197945193,open,3.04,0.0,2.9095,3.0925,2.99358609,115.75,None,0.0,BTC-27MAR20-30000-P,7363.47,0.0,0.0,0.0,0.0,0.0,0.0,3.46322,-1.71493,-95.35392,2e-05,-0.96275
7392.5,BTC-27DEC19,1575197945200,open,3.1,0.2,2.979,3.141,3.05822822,153.19,2.51,0.0,BTC-27DEC19-30000-P,7363.47,0.0,0.0,0.0,0.0,0.0,0.0,0.04257,-0.12602,-21.26477,0.0,-0.99938
7392.5,BTC-27DEC19,1575197945282,open,2.56,0.0,2.4485,2.589,2.51713606,138.71,None,0.0,BTC-27DEC19-26000-P,7363.47,0.0,0.0,0.0,0.0,0.0,0.0,0.04393,-0.11775,-18.42895,0.0,-0.99936
7392.5,BTC-27DEC19,1575197945346,open,0.37,526.6,0.3285,0.3945,0.35887879,73.89,0.297,0.0,BTC-27DEC19-10000-P,7364.22,0.0,0.351,2.0,0.3845,5.0,117.08,2.79496,-3.99044,-6.72683,0.0001,-0.92469
7392.5,BTC-27DEC19,1575197945346,open,2.28,0.0,2.183,2.313,2.24659761,131.77,None,0.0,BTC-27DEC19-24000-P,7364.22,0.0,0.0,0.0,0.0,0.0,0.0,0.04986,-0.12695,-17.01064,0.0,-0.99927
7392.5,BTC-27DEC19,1575197945346,open,1.46,9.4,1.3875,1.487,1.43523898,118.26,1.1125,0.0,BTC-27DEC19-18000-P,7364.22,0.0,0.0135,1.0,0.0,0.0,0.0,0.22305,-0.50971,-12.74244,0.0,-0.99619
7392.5,BTC-27DEC19,1575197945346,open,0.24,925.0,0.2005,0.2655,0.23066072,66.71,0.24,0.0,BTC-27DEC19-9000-P,7364.22,56.77,0.225,2.0,0.259,6.0,102.78,4.6727,-6.02355,-5.64182,0.00018,-0.84587
7392.5,BTC-27DEC19,1575197945346,open,0.13,945.4,0.089,0.1515,0.11764854,62.41,0.125,0.0,BTC-27DEC19-8000-P,7364.22,55.56,0.111,21.0,0.121,2.0,65.8,7.2712,-8.76915,-4.03628,0.0003,-0.65253
7392.5,BTC-27DEC19,1575197945346,open,3.38,0.3,3.244,3.417,3.32877624,160.03,2.744,0.0,BTC-27DEC19-32000-P,7364.22,0.0,0.0,0.0,0.0,0.0,0.0,0.0432,-0.1336,-22.68259,0.0,-0.99937
7526.86,BTC-27MAR20,1575197945347,open,1.7,5.2,1.609,1.7415,1.66879453,95.02,1.108,0.0,BTC-27MAR20-20000-P,7364.22,0.0,0.0,0.0,0.0,0.0,0.0,5.12182,-2.08199,-62.85848,3e-05,-0.93927
7526.86,BTC-27MAR20,1575197945347,open,3.58,0.0,3.4295,3.6275,3.5220406,115.86,None,0.0,BTC-27MAR20-34000-P,7364.22,0.0,0.0,0.0,0.0,0.0,0.0,2.43055,-1.20473,-108.40261,1e-05,-0.9757
7392.5,BTC-27DEC19,1575197945347,open,0.05,638.2,0.036,0.0865,0.05882121,61.6,0.052,0.0,BTC-27DEC19-7500-C,7364.22,59.42,0.0565,1.8,0.061,26.0,63.65,7.85223,-9.34711,2.29953,0.00033,0.4976
7526.86,BTC-27MAR20,1575197945347,open,3.31,0.0,3.1695,3.3595,3.25761283,115.81,None,0.0,BTC-27MAR20-32000-P,7364.22,0.0,0.001,1.0,0.0,0.0,0.0,2.89771,-1.43559,-101.89217,1e-05,-0.97
7392.5,BTC-27DEC19,1575197945347,open,4.47,0.0,4.305,4.521,4.41096994,184.05,2.58,0.0,BTC-27DEC19-40000-P,7364.22,0.0,0.001,1.0,0.0,0.0,0.0,0.04686,-0.16665,-28.35375,0.0,-0.99931
7392.5,BTC-27DEC19,1575197945347,open,2.01,4.9,1.918,2.0375,1.9760783,126.16,2.217,0.0,BTC-27DEC19-22000-P,7364.22,0.0,0.0,0.0,0.0,0.0,0.0,0.06869,-0.16746,-15.59133,0.0,-0.99896
7392.5,BTC-27DEC19,1575197945347,open,2.83,0.2,2.7135,2.865,2.78768101,146.02,2.2765,0.0,BTC-27DEC19-28000-P,7364.22,0.0,0.0,0.0,0.0,0.0,0.0,0.04248,-0.11987,-19.84692,0.0,-0.99938
7393.25,BTC-27DEC19,1575197945348,open,5.02,0.0,4.8355,5.0735,4.95206692,228.5,3.46,0.0,BTC-27DEC19-44000-P,7364.22,0.0,0.001,1.0,0.0,0.0,0.0,0.24884,-1.09873,-31.1737,0.0,-0.9957
7526.86,BTC-27MAR20,1575197945348,open,2.23,0.0,2.1285,2.278,2.19674065,101.79,None,0.0,BTC-27MAR20-24000-P,7364.22,0.0,0.0005,5.0,0.0,0.0,0.0,3.83708,-1.67094,-76.02808,2e-05,-0.95775
7393.25,BTC-27DEC19,1575197945348,open,0.51,248.6,0.4595,0.527,0.49090836,79.72,0.51,0.0,BTC-27DEC19-11000-P,7364.22,0.0,0.482,2.0,0.517,4.0,134.57,1.65202,-2.54487,-7.61128,5e-05,-0.96128
7527.61,BTC-27MAR20,1575197945348,open,3.84,0.0,3.69,3.896,3.78679202,117.69,None,0.0,BTC-27MAR20-36000-P,7364.22,0.0,0.0,0.0,0.0,0.0,0.0,2.22272,-1.11906,-114.85401,1e-05,-0.97815
7527.61,BTC-27MAR20,1575197945348,open,2.5,0.0,2.3885,2.5475,2.46151989,105.87,None,0.0,BTC-27MAR20-26000-P,7364.22,0.0,0.0,0.0,0.0,0.0,0.0,3.55142,-1.60851,-82.51054,2e-05,-0.96159
7376.79,SYN.BTC-13DEC19,1575197945346,open,0.01,60.9,0.0005,0.0235,0.00819303,65.88,0.0105,0.0,BTC-13DEC19-6500-P,7364.22,64.04,0.0075,20.0,0.0095,16.0,69.21,2.82172,-7.82688,-0.33278,0.00024,-0.13046
7393.25,BTC-27DEC19,1575197945349,open,0.19,130.5,0.1775,0.223,0.19911524,69.27,0.212,0.0,BTC-27DEC19-6000-C,7364.22,41.0,0.1895,10.0,0.2115,10.0,90.47,3.71148,-4.96805,3.61892,0.00014,0.88959
7368.94,SYN.BTC-6DEC19,1575197945346,open,0.14,6.8,0.135,0.1755,0.15397365,88.44,0.194,0.0,BTC-6DEC19-6250-C,7364.22,0.0,0.1515,0.1,0.161,8.0,128.28,0.85328,-7.73841,0.78532,0.00013,0.95178
7393.25,BTC-27DEC19,1575197945349,open,1.74,3.6,1.6525,1.762,1.70561648,133.7,1.729,0.0,BTC-27DEC19-20000-P,7364.22,0.0,0.0135,1.0,0.0,0.0,0.0,0.2554,-0.65982,-14.15759,0.0,-0.99557
7368.94,SYN.BTC-6DEC19,1575197945346,open,0.0,314.1,0.0005,0.013,0.00231635,65.04,0.0015,0.0,BTC-6DEC19-8250-C,7364.22,59.27,0.0015,57.4,0.0025,1.0,66.18,1.16193,-7.74942,0.06807,0.00025,0.07147
7376.79,SYN.BTC-13DEC19,1575197945346,open,0.04,4.6,0.0295,0.078,0.05004867,57.33,0.0435,0.0,BTC-13DEC19-7250-C,7364.22,54.41,0.048,2.0,0.05,0.5,57.26,5.18217,-12.50842,1.28831,0.00051,0.58682
7368.94,SYN.BTC-6DEC19,1575197945347,open,0.24,0.0,0.1975,0.2505,0.22216319,84.74,None,0.0,BTC-6DEC19-9000-P,7364.22,0.0,0.0135,1.0,0.4075,0.1,500.0,0.46662,-4.05484,-1.18025,8e-05,-0.97685
7368.94,SYN.BTC-6DEC19,1575197945346,open,0.08,42.8,0.0675,0.113,0.08949369,70.1,0.111,0.0,BTC-6DEC19-6750-C,7364.22,65.89,0.0885,0.1,0.0915,0.1,77.81,1.80781,-12.99557,0.76766,0.00036,0.86936
7393.25,BTC-27DEC19,1575197945350,open,5.57,0.0,5.366,5.6255,5.49316392,239.64,None,0.0,BTC-27DEC19-48000-P,7364.22,0.0,0.0005,1.0,0.0,0.0,0.0,0.25868,-1.19786,-34.00873,0.0,-0.99551
7444.18,SYN.BTC-31JAN20,1575197945346,open,0.02,24.4,0.0075,0.0435,0.02005714,71.34,0.018,0.0,BTC-31JAN20-10500-C,7364.22,69.68,0.0185,16.0,0.0215,23.0,72.83,7.09989,-4.16016,1.61788,0.00011,0.15037
7658.22,SYN.BTC-26JUN20,1575197945346,open,1.93,0.0,1.8275,1.989,1.89961561,88.8,None,0.0,BTC-26JUN20-22000-P,7364.22,0.0,0.11,1.0,3.0,0.1,500.0,10.69317,-2.28392,-121.77646,4e-05,-0.89244
7658.22,SYN.BTC-26JUN20,1575197945348,open,3.25,0.0,3.1025,3.31,3.19670164,101.86,None,0.0,BTC-26JUN20-32000-P,7364.22,0.0,0.0,0.0,0.0,0.0,0.0,7.75886,-1.90093,-179.98776,2e-05,-0.93001
7376.79,SYN.BTC-13DEC19,1575197945346,open,0.01,208.8,0.0005,0.025,0.00899521,60.14,0.007,0.0,BTC-13DEC19-8250-C,7364.22,56.69,0.0075,16.0,0.01,32.1,62.35,3.29379,-8.34067,0.37273,0.00031,0.16429
7658.22,SYN.BTC-26JUN20,1575197945348,open,2.72,0.0,2.594,2.788,2.68095235,100.65,None,0.0,BTC-26JUN20-28000-P,7364.22,0.0,0.0,0.0,0.0,0.0,0.0,9.55934,-2.31426,-156.52186,3e-05,-0.90774
7658.22,SYN.BTC-26JUN20,1575197945348,open,0.16,90.2,0.114,0.2115,0.15760712,72.79,0.151,0.0,BTC-26JUN20-9000-C,7364.22,71.93,0.155,2.0,0.1615,8.0,74.09,23.05224,-4.03624,14.59943,9e-05,0.49234
7658.22,SYN.BTC-26JUN20,1575197945347,open,2.99,0.0,2.8485,3.05,2.93913931,101.85,None,0.0,BTC-26JUN20-30000-P,7364.22,0.0,0.0,0.0,0.0,0.0,0.0,8.74838,-2.1431,-168.23307,3e-05,-0.91807
7376.79,SYN.BTC-13DEC19,1575197945346,open,0.04,40.2,0.0155,0.0605,0.03286481,57.34,0.039,0.0,BTC-13DEC19-7250-P,7364.22,54.68,0.031,15.1,0.035,3.0,60.37,5.18218,-12.50978,-1.07058,0.00051,-0.41319
7376.79,SYN.BTC-13DEC19,1575197945346,open,0.06,3.0,0.049,0.098,0.07146032,58.44,0.12,0.0,BTC-13DEC19-7000-C,7364.22,55.25,0.0695,7.9,0.0745,6.0,63.31,4.56313,-11.2282,1.52983,0.00044,0.70886
7368.94,SYN.BTC-6DEC19,1575197945346,open,0.02,507.4,0.005,0.042,0.01978101,59.71,0.0195,0.0,BTC-6DEC19-7500-C,7364.22,56.86,0.0185,1.4,0.0205,1.0,61.31,3.3158,-20.30504,0.38665,0.00077,0.41258
7658.22,SYN.BTC-26JUN20,1575197945348,open,1.67,0.1,1.575,1.7295,1.64373027,86.72,1.765,0.0,BTC-26JUN20-20000-P,7364.22,0.0,0.1,1.0,2.05,0.1,236.22,12.04441,-2.51228,-109.75803,4e-05,-0.87277
7376.79,SYN.BTC-13DEC19,1575197945346,open,0.09,0.0,0.075,0.123,0.09796206,62.02,None,0.0,BTC-13DEC19-6750-C,7364.22,26.23,0.0855,7.0,0.113,7.0,89.25,3.69988,-9.6611,1.69038,0.00034,0.80225
7658.22,SYN.BTC-26JUN20,1575197945347,open,2.46,0.0,2.3365,2.5145,2.41641726,93.85,None,0.0,BTC-26JUN20-26000-P,7364.22,0.0,0.0,0.0,0.0,0.0,0.0,8.9999,-2.03162,-145.29704,3e-05,-0.91492
7444.18,SYN.BTC-31JAN20,1575197945347,open,0.1,13.0,0.0725,0.1375,0.10111308,64.28,0.1,0.0,BTC-31JAN20-7500-C,7364.22,62.98,0.099,3.0,0.1045,20.0,66.37,12.06445,-6.36962,5.4607,0.0002,0.54094
7368.94,SYN.BTC-6DEC19,1575197945348,open,0.05,84.1,0.0375,0.0845,0.0600841,62.93,0.055,0.0,BTC-6DEC19-7000-C,7364.22,59.79,0.059,0.1,0.0615,1.0,66.91,2.5789,-16.64155,0.69993,0.00057,0.77114
7658.22,SYN.BTC-26JUN20,1575197945346,open,0.25,193.1,0.1915,0.2995,0.23996468,71.34,0.243,0.0,BTC-26JUN20-8000-P,7364.22,70.51,0.2375,8.0,0.2455,2.0,73.21,22.65222,-3.887,-29.02012,0.0001,-0.4254
7368.94,SYN.BTC-6DEC19,1575197945350,open,0.04,363.6,0.0165,0.0635,0.03756795,59.72,0.038,0.0,BTC-6DEC19-7500-P,7364.22,56.23,0.036,3.4,0.039,2.5,62.9,3.31581,-20.30623,-0.6152,0.00077,-0.58742
7658.22,SYN.BTC-26JUN20,1575197945347,open,0.05,261.5,0.0295,0.085,0.05221171,71.51,0.0565,0.0,BTC-26JUN20-5000-P,7364.22,68.73,0.0475,8.1,0.055,8.0,73.12,13.14811,-2.26136,-8.58401,6e-05,-0.1446
7658.22,SYN.BTC-26JUN20,1575197945349,open,2.19,0.0,2.0815,2.251,2.1574648,91.25,None,0.0,BTC-26JUN20-24000-P,7364.22,0.0,0.0,0.0,0.0,0.0,0.0,9.72019,-2.13351,-133.5979,3e-05,-0.90563
7376.79,SYN.BTC-13DEC19,1575197945348,open,0.03,30.2,0.016,0.0605,0.0337176,57.27,0.03,0.0,BTC-13DEC19-7500-C,7364.22,54.17,0.0315,2.0,0.0335,2.5,56.96,5.2771,-12.72392,1.01526,0.00052,0.45672
7392.5,BTC-27DEC19,1575197945373,open,0.25,69.4,0.2435,0.283,0.26179535,76.73,0.29,0.0,BTC-27DEC19-5500-C,7364.22,0.0,0.256,10.1,0.2765,10.0,109.95,2.36335,-3.50396,3.55108,8e-05,0.93939
7393.25,BTC-27DEC19,1575197945693,open,6.11,0.8,5.8965,6.1775,6.03426091,249.94,3.59,0.0,BTC-27DEC19-52000-P,7364.22,0.0,0.001,1.0,0.0,0.0,0.0,0.26845,-1.29652,-36.84375,0.0,-0.99532
7393.25,BTC-27DEC19,1575197945715,open,3.93,1.3,3.7745,3.969,3.86987298,202.99,3.212,0.0,BTC-27DEC19-36000-P,7364.22,0.0,0.0,0.0,0.0,0.0,0.0,0.22917,-0.89888,-25.50364,0.0,-0.99608
150.08,ETH-27MAR20,1575197945756,open,1.18,7.0,1.094,1.279,1.181009,110.73,1.28,0.0,ETH-27MAR20-320-P,147.91,0.0,0.011,5.0,1.173,2.0,105.24,0.22697,-0.10752,-0.95904,0.00284,-0.81463
7527.61,BTC-27MAR20,1575197945763,open,4.38,1.0,4.211,4.4375,4.31771034,122.2,4.54,0.0,BTC-27MAR20-40000-P,7364.22,0.0,0.0005,2.0,0.0,0.0,0.0,1.99539,-1.04314,-127.71421,1e-05,-0.98076
148.48,ETH-27DEC19,1575197945824,open,0.5,2830.0,0.44,0.536,0.485781,83.27,0.65,0.0,ETH-27DEC19-220-P,147.91,0.0,0.481,50.0,0.502,1.0,120.02,0.0396,-0.06373,-0.15132,0.00304,-0.95179
148.48,ETH-27DEC19,1575197945829,open,0.37,3551.0,0.312,0.406,0.356874,81.76,0.332,0.0,ETH-27DEC19-200-P,147.91,0.0,0.346,1.0,0.376,1.0,112.43,0.07136,-0.11275,-0.13188,0.00558,-0.89606
7393.25,BTC-27DEC19,1575197945842,open,4.47,0.0,4.305,4.521,4.41096994,216.35,2.58,0.0,BTC-27DEC19-40000-P,7364.22,0.0,0.001,1.0,0.0,0.0,0.0,0.23898,-0.99907,-28.33868,0.0,-0.99589
148.49,ETH-27DEC19,1575197945873,open,0.07,1.0,0.039,0.101,0.069448,69.81,0.075,0.0,ETH-27DEC19-150-C,147.91,64.68,0.064,96.0,0.075,96.0,75.04,0.15761,-0.21261,0.04694,0.01444,0.51536
148.49,ETH-27DEC19,1575197945873,open,0.03,1.0,0.009,0.05,0.02595,72.15,0.021,0.0,ETH-27DEC19-130-P,147.91,68.31,0.023,488.0,0.029,488.0,76.02,0.1156,-0.16116,-0.02539,0.01025,-0.21525
148.49,ETH-27DEC19,1575197945873,open,0.08,13.0,0.047,0.116,0.079685,69.87,0.067,0.0,ETH-27DEC19-150-P,147.91,65.46,0.075,96.0,0.083,360.0,73.0,0.15761,-0.2128,-0.0594,0.01443,-0.48459
148.49,ETH-27DEC19,1575197945873,open,0.18,0.0,0.133,0.218,0.174133,72.37,None,0.0,ETH-27DEC19-170-P,147.91,0.0,0.0,0.0,1.141,1.0,500.0,0.13129,-0.18359,-0.09493,0.01161,-0.72766
148.49,ETH-27DEC19,1575197945873,open,0.3,0.0,0.249,0.34,0.293066,78.05,None,0.0,ETH-27DEC19-190-P,147.91,0.0,0.0,0.0,0.317,340.0,110.84,0.08782,-0.13245,-0.12143,0.0072,-0.86043
148.49,ETH-27DEC19,1575197945873,open,0.03,5.0,0.01,0.055,0.029198,72.28,0.048,0.0,ETH-27DEC19-170-C,147.91,68.61,0.026,128.0,0.032,340.0,75.42,0.13121,-0.18326,0.02556,0.01161,0.27202
148.49,ETH-27DEC19,1575197945873,open,0.01,15.0,0.003,0.032,0.013432,77.91,0.017,0.0,ETH-27DEC19-190-C,147.91,73.61,0.011,160.0,0.016,340.0,82.11,0.08759,-0.13185,0.01322,0.00719,0.13904
148.49,ETH-27DEC19,1575197945873,open,0.15,0.0,0.117,0.182,0.150411,72.07,None,0.0,ETH-27DEC19-130-C,147.91,64.93,0.145,32.0,0.154,32.0,76.62,0.11554,-0.16091,0.06679,0.01026,0.78493
148.49,ETH-27DEC19,1575197945988,open,0.0,6940.0,0.001,0.014,0.003866,96.39,0.002,0.0,ETH-27DEC19-240-C,147.91,86.73,0.002,480.0,0.006,258.0,104.39,0.03457,-0.06438,0.00388,0.00229,0.04072
150.09,ETH-27MAR20,1575197945988,open,0.09,2809.0,0.053,0.156,0.101166,110.72,0.058,0.0,ETH-27MAR20-240-C,147.91,87.81,0.057,500.0,0.065,300.0,92.24,0.30812,-0.14595,0.11067,0.00386,0.33145
148.49,ETH-27DEC19,1575197945988,open,0.0,4535.0,0.001,0.011,0.0,120.0,0.002,0.0,ETH-27DEC19-760-C,147.91,0.0,0.0,0.0,0.003,572.0,246.93,0.0,0.0,0.0,0.0,0.0
150.09,ETH-27MAR20,1575197945988,open,0.01,5207.0,0.001,0.022,0.006554,112.93,0.009,0.0,ETH-27MAR20-600-C,147.91,105.63,0.004,220.0,0.009,220.0,118.31,0.06133,-0.02963,0.01234,0.00075,0.03224
150.09,ETH-27MAR20,1575197945988,open,0.23,3935.0,0.169,0.283,0.224626,82.14,0.2,0.0,ETH-27MAR20-160-P,147.91,73.43,0.205,300.0,0.241,300.0,89.44,0.33731,-0.11854,-0.33009,0.00569,-0.46221
148.49,ETH-27DEC19,1575197945988,open,1.17,100.0,1.093,1.226,1.156423,121.62,0.883,0.0,ETH-27DEC19-320-P,147.91,0.0,0.011,5.0,0.0,0.0,0.0,0.01374,-0.0323,-0.22557,0.00072,-0.98642
151.4,SYN.ETH-26JUN20,1575197945988,open,0.03,111.0,0.008,0.062,0.027767,103.63,0.027,0.0,ETH-26JUN20-560-C,147.91,99.84,0.023,140.0,0.032,140.0,106.7,0.20051,-0.04998,0.06228,0.00148,0.1
151.4,SYN.ETH-26JUN20,1575197945988,open,0.04,665.0,0.015,0.082,0.041498,98.84,0.041,0.0,ETH-26JUN20-440-C,147.91,95.54,0.036,140.0,0.047,140.0,101.94,0.26063,-0.06196,0.0894,0.00202,0.14518
148.49,ETH-27DEC19,1575197945990,open,0.02,4399.0,0.006,0.044,0.021279,77.32,0.021,0.0,ETH-27DEC19-180-C,147.91,76.95,0.021,115.0,0.023,128.0,79.58,0.1116,-0.16673,0.0191,0.00923,0.20275
148.02,SYN.ETH-6DEC19,1575197945990,open,0.0,537.0,0.001,0.017,0.003574,82.56,0.004,0.0,ETH-6DEC19-130-P,147.91,62.81,0.001,582.0,0.006,230.0,95.09,0.02533,-0.21444,-0.00164,0.01048,-0.07956
151.4,SYN.ETH-26JUN20,1575197945990,open,0.23,103.0,0.171,0.284,0.228371,84.02,0.218,0.0,ETH-26JUN20-160-C,147.91,78.79,0.213,210.0,0.247,210.0,90.39,0.44393,-0.08971,0.3126,0.00405,0.59091
150.09,ETH-27MAR20,1575197945993,open,0.48,20.0,0.461,0.513,0.486505,90.74,0.613,0.0,ETH-27MAR20-80-C,147.91,33.05,0.467,1.0,0.0,0.0,0.0,0.11297,-0.04385,0.21355,0.00173,0.93085
148.49,ETH-27DEC19,1575197945993,open,0.01,3867.0,0.001,0.015,0.004823,93.37,0.005,0.0,ETH-27DEC19-100-P,147.91,84.93,0.003,360.0,0.007,160.0,101.42,0.03626,-0.06543,-0.00506,0.00248,-0.0432
150.09,ETH-27MAR20,1575197945996,open,0.04,1040.0,0.018,0.091,0.048813,110.72,0.032,0.0,ETH-27MAR20-320-C,147.91,90.98,0.023,260.0,0.031,260.0,97.85,0.22699,-0.10752,0.06563,0.00284,0.18538
148.49,ETH-27DEC19,1575197946004,open,1.31,0.0,1.224,1.364,1.290587,122.6,None,0.0,ETH-27DEC19-340-P,147.91,0.0,0.003,9.0,0.0,0.0,0.0,0.00941,-0.02228,-0.2402,0.00049,-0.99122
148.02,SYN.ETH-6DEC19,1575197946004,open,0.29,0.0,0.247,0.326,0.284335,100.06,None,0.0,ETH-6DEC19-190-P,147.91,0.0,0.283,1.0,0.425,1.0,500.0,0.00751,-0.07704,-0.02504,0.00256,-0.98218
148.49,ETH-27DEC19,1575197946006,open,1.58,0.0,1.485,1.64,1.559505,126.22,None,0.0,ETH-27DEC19-380-P,147.91,0.0,0.02,50.0,0.0,0.0,0.0,0.00499,-0.01218,-0.26898,0.00025,-0.9957
148.49,ETH-27DEC19,1575197946008,open,0.0,16677.0,0.001,0.011,0.0,119.99,0.001,0.0,ETH-27DEC19-640-C,147.91,0.0,0.0,0.0,0.003,1.0,225.92,1e-05,-2e-05,0.0,0.0,1e-05
150.09,ETH-27MAR20,1575197946008,open,0.02,834.0,0.007,0.039,0.019554,90.79,0.01,0.0,ETH-27MAR20-80-P,147.91,82.9,0.014,320.0,0.019,320.0,90.05,0.11306,-0.04391,-0.04266,0.00173,-0.06922
150.09,ETH-27MAR20,1575197946010,open,2.23,0.0,2.109,2.328,2.211674,111.03,None,0.0,ETH-27MAR20-480-P,147.91,0.0,0.004,50.0,0.0,0.0,0.0,0.10413,-0.04946,-1.51361,0.0013,-0.93775
151.4,SYN.ETH-26JUN20,1575197946010,open,3.27,0.0,3.112,3.407,3.250522,107.16,None,0.0,ETH-26JUN20-640-P,147.91,0.0,0.01,50.0,0.0,0.0,0.0,0.17632,-0.04544,-3.59255,0.00126,-0.91594
151.4,SYN.ETH-26JUN20,1575197946010,open,2.22,0.0,2.093,2.334,2.205831,100.27,None,0.0,ETH-26JUN20-480-P,147.91,0.0,0.01,50.0,0.0,0.0,0.0,0.23624,-0.05698,-2.65578,0.0018,-0.87421
148.02,SYN.ETH-6DEC19,1575197946010,open,0.01,653.0,0.001,0.032,0.010492,67.24,0.013,0.0,ETH-6DEC19-140-P,147.91,56.68,0.007,222.0,0.014,161.0,77.04,0.0513,-0.35375,-0.00466,0.02607,-0.22495
151.4,SYN.ETH-26JUN20,1575197946010,open,0.28,90.0,0.223,0.332,0.278809,84.01,0.27,0.0,ETH-26JUN20-140-C,147.91,77.15,0.26,210.0,0.299,210.0,91.43,0.41367,-0.08359,0.33748,0.00377,0.6702
151.4,SYN.ETH-26JUN20,1575197946010,open,0.19,426.0,0.133,0.247,0.190512,85.01,0.19,0.0,ETH-26JUN20-180-C,147.91,80.85,0.178,210.0,0.208,210.0,90.83,0.45522,-0.09308,0.28441,0.0041,0.52035
150.09,ETH-27MAR20,1575197946013,open,0.38,1.0,0.346,0.421,0.383975,90.76,0.337,0.0,ETH-27MAR20-100-C,147.91,38.86,0.336,1.0,0.0,0.0,0.0,0.19576,-0.07601,0.2252,0.00299,0.85256
150.09,ETH-27MAR20,1575197946013,open,0.58,30.0,0.507,0.674,0.58841,110.77,0.306,0.0,ETH-27MAR20-220-P,147.91,67.01,0.503,300.0,0.566,1.0,100.24,0.32424,-0.15365,-0.57915,0.00406,-0.61664
151.4,SYN.ETH-26JUN20,1575197946013,open,2.49,0.0,2.347,2.604,2.467407,103.11,None,0.0,ETH-26JUN20-520-P,147.91,0.0,0.01,50.0,0.0,0.0,0.0,0.22276,-0.05525,-2.89001,0.00165,-0.88428
148.18,SYN.ETH-13DEC19,1575197946015,open,0.0,10.0,0.001,0.011,0.00161,84.29,0.005,0.0,ETH-13DEC19-200-C,147.91,78.39,0.001,4.0,0.002,5.0,87.35,0.01765,-0.06266,0.00132,0.00293,0.02895
148.18,SYN.ETH-13DEC19,1575197946015,open,0.25,0.0,0.235,0.283,0.259043,86.06,None,0.0,ETH-13DEC19-110-C,147.91,0.0,0.257,1.0,0.448,1.0,500.0,0.01452,-0.05261,0.03462,0.00236,0.97708
148.18,SYN.ETH-13DEC19,1575197946015,open,0.36,0.0,0.311,0.396,0.351397,84.64,None,0.0,ETH-13DEC19-200-P,147.91,0.0,0.349,1.0,0.605,1.0,500.0,0.01794,-0.06393,-0.06373,0.00297,-0.97049
148.18,SYN.ETH-13DEC19,1575197946015,open,0.0,50.0,0.001,0.011,0.001426,86.29,0.003,0.0,ETH-13DEC19-110-P,147.91,0.0,0.0,0.0,0.003,4.0,98.81,0.01467,-0.05328,-0.00119,0.00238,-0.02319
148.02,SYN.ETH-6DEC19,1575197946038,open,0.32,1.0,0.304,0.345,0.324483,118.71,0.337,0.0,ETH-6DEC19-100-C,147.91,0.0,0.324,1.0,0.394,1.0,500.0,0.00094,-0.01146,0.01332,0.00027,0.99829
148.02,SYN.ETH-6DEC19,1575197946041,open,0.0,105.0,0.001,0.011,7.9e-05,120.0,0.001,0.0,ETH-6DEC19-100-P,147.91,0.0,0.0,0.0,0.001,4.0,161.83,0.00103,-0.01168,-4e-05,0.00029,-0.00188
151.4,SYN.ETH-26JUN20,1575197946047,open,0.12,474.0,0.071,0.179,0.122741,90.01,0.121,0.0,ETH-26JUN20-240-C,147.91,85.84,0.111,180.0,0.131,180.0,92.9,0.43042,-0.09318,0.21099,0.00366,0.36744
150.09,ETH-27MAR20,1575197946050,open,0.21,35.0,0.165,0.259,0.213099,82.11,0.198,0.0,ETH-27MAR20-140-C,147.91,46.85,0.139,2.0,0.849,1.0,500.0,0.31497,-0.11064,0.2094,0.00532,0.64881
148.02,SYN.ETH-6DEC19,1575197946050,open,0.0,274.0,0.001,0.011,0.00137,99.29,0.002,0.0,ETH-6DEC19-120-P,147.91,94.08,0.001,8.0,0.002,19.0,106.5,0.01152,-0.11734,-0.00061,0.00397,-0.02964
151.4,SYN.ETH-26JUN20,1575197946050,open,0.14,688.0,0.087,0.198,0.141048,88.59,0.161,0.0,ETH-26JUN20-220-C,147.91,85.5,0.132,180.0,0.151,180.0,91.97,0.44446,-0.09471,0.23288,0.00384,0.41113
150.09,ETH-27MAR20,1575197946054,open,1.96,0.0,1.852,2.061,1.949927,110.96,None,0.0,ETH-27MAR20-440-P,147.91,0.0,0.003,50.0,0.0,0.0,0.0,0.12733,-0.06044,-1.37885,0.00159,-0.9191
150.09,ETH-27MAR20,1575197946059,open,1.44,6.0,1.343,1.535,1.43337,110.85,1.188,0.0,ETH-27MAR20-360-P,147.91,0.0,0.01,30.0,2.163,1.0,500.0,0.18888,-0.08957,-1.10227,0.00236,-0.86017
148.49,ETH-27DEC19,1575197946059,open,0.0,6667.0,0.001,0.011,1.7e-05,119.99,0.001,0.0,ETH-27DEC19-480-C,147.91,0.0,0.0,0.0,0.001,15.0,166.78,0.00033,-0.00077,2e-05,2e-05,0.00022
148.49,ETH-27DEC19,1575197946059,open,1.99,0.0,1.878,2.055,1.963409,136.57,None,0.0,ETH-27DEC19-440-P,147.91,0.0,0.002,50.0,0.0,0.0,0.0,0.00308,-0.00813,-0.31169,0.00014,-0.99749
148.49,ETH-27DEC19,1575197946059,open,1.71,15.0,1.616,1.778,1.694103,129.07,1.248,0.0,ETH-27DEC19-400-P,147.91,0.0,0.002,50.0,0.0,0.0,0.0,0.00399,-0.00995,-0.28325,0.0002,-0.99665
151.4,SYN.ETH-26JUN20,1575197946059,open,2.75,0.0,2.601,2.869,2.726832,103.81,None,0.0,ETH-26JUN20-560-P,147.91,0.0,0.01,50.0,0.0,0.0,0.0,0.20146,-0.0503,-3.1267,0.00149,-0.89935
148.02,SYN.ETH-6DEC19,1575197946059,open,0.36,0.0,0.312,0.396,0.351699,112.35,None,0.0,ETH-6DEC19-200-P,147.91,0.0,0.0,0.0,0.0,0.0,0.0,0.00539,-0.06214,-0.02649,0.00164,-0.98787
148.02,SYN.ETH-6DEC19,1575197946059,open,0.0,253.0,0.001,0.011,0.00069,120.0,0.001,0.0,ETH-6DEC19-110-P,147.91,0.0,0.0,0.0,0.002,400.0,142.38,0.00594,-0.07311,-0.00028,0.00169,-0.01356
151.4,SYN.ETH-26JUN20,1575197946059,open,0.16,551.0,0.107,0.22,0.162641,86.75,0.157,0.0,ETH-26JUN20-200-C,147.91,82.52,0.15,210.0,0.177,210.0,91.53,0.45364,-0.09465,0.25725,0.00401,0.46099
151.4,SYN.ETH-26JUN20,1575197946059,open,0.05,862.0,0.018,0.091,0.048315,96.75,0.058,0.0,ETH-26JUN20-400-C,147.91,93.3,0.042,140.0,0.055,140.0,100.19,0.28598,-0.06655,0.10245,0.00226,0.16713
148.49,ETH-27DEC19,1575197946062,open,0.1,100.0,0.071,0.137,0.104609,70.35,0.11,0.0,ETH-27DEC19-140-C,147.91,64.59,0.099,96.0,0.109,96.0,74.83,0.14513,-0.19728,0.05829,0.0132,0.65836
150.09,ETH-27MAR20,1575197946062,open,0.12,98.0,0.075,0.167,0.120187,83.4,0.131,0.0,ETH-27MAR20-180-C,147.91,79.73,0.112,301.0,0.129,300.0,87.34,0.33508,-0.11956,0.15406,0.00557,0.44075
148.49,ETH-27DEC19,1575197946062,open,2.26,21.0,2.139,2.333,2.232775,145.37,0.629,0.0,ETH-27DEC19-480-P,147.91,0.0,0.002,50.0,0.0,0.0,0.0,0.00281,-0.0079,-0.34007,0.00012,-0.99773
