underlying_price,underlying_index,timestamp,state,settlement_price,open_interest,min_price,max_price,mark_price,mark_iv,last_price,interest_rate,instrument_name,index_price,bid_iv,best_bid_price,best_bid_amount,best_ask_price,best_ask_amount,ask_iv,vega,theta,rho,gamma,delta
189.95,ETH-27DEC19,1566903540212,open,0.0,3223.0,0.001,0.013,0.003126,100.33,0.002,0.0,ETH-27DEC19-760-C,186.09,88.35,0.001,348.0,0.005,40.0,106.58,0.0481,-0.0198,0.0093,0.0004,0.01779
187.4,ETH-27SEP19,1566903540214,open,0.04,1432.0,0.018,0.068,0.042069,85.53,0.047,0.0,ETH-27SEP19-220-C,186.09,82.48,0.039,328.0,0.045,682.0,88.41,0.18991,-0.26305,0.04111,0.00747,0.30142
186.21,SYN.ETH-30AUG19,1566903540222,open,0.04,259.0,0.011,0.072,0.040117,80.56,0.041,0.0,ETH-30AUG19-190-P,186.09,74.38,0.038,810.0,0.042,122.0,86.03,0.06398,-0.89612,-0.00935,0.02907,-0.59711
187.4,ETH-27SEP19,1566903540228,open,0.07,1656.0,0.039,0.103,0.072065,85.45,0.084,0.0,ETH-27SEP19-200-C,186.09,81.91,0.068,295.0,0.075,405.0,88.0,0.21539,-0.29806,0.05917,0.00849,0.44529
187.4,ETH-27SEP19,1566903540242,open,0.12,909.0,0.08,0.151,0.11795,85.45,0.126,0.0,ETH-27SEP19-180-C,186.09,81.9,0.114,96.0,0.122,206.0,89.09,0.20871,-0.2888,0.07843,0.00822,0.6127
187.4,ETH-27SEP19,1566903540244,open,0.14,3130.0,0.097,0.18,0.139301,85.45,0.131,0.0,ETH-27SEP19-200-P,186.09,81.7,0.135,1.0,0.142,96.0,87.8,0.21539,-0.29806,-0.11002,0.00849,-0.55471
186.21,SYN.ETH-30AUG19,1566903540246,open,0.0,10.0,0.001,0.011,0.000158,125.0,0.002,0.0,ETH-30AUG19-250-C,186.09,0.0,0.0,0.0,0.001,400.0,156.93,0.00225,-0.02934,7e-05,0.00066,0.00467
189.95,ETH-27DEC19,1566903540257,open,0.04,682.0,0.015,0.069,0.039505,91.75,0.045,0.0,ETH-27DEC19-360-C,186.09,89.34,0.036,32.0,0.043,433.0,94.07,0.28128,-0.10588,0.08492,0.00254,0.17339
10358.66,BTC-27DEC19,1566903540271,open,0.53,65.4,0.5115,0.546,0.52808678,86.15,0.608,0.0,BTC-27DEC19-5000-C,10136.67,0.0,0.5135,1.0,0.542,1.0,107.36,5.51523,-1.94935,14.81978,2e-05,0.95655
189.95,ETH-27DEC19,1566903540279,open,0.38,814.0,0.315,0.444,0.38154,87.86,0.366,0.0,ETH-27DEC19-240-P,186.09,84.06,0.373,24.0,0.389,144.0,91.16,0.42862,-0.15449,-0.61109,0.00405,-0.58193
186.21,SYN.ETH-30AUG19,1566903540281,open,0.09,402.0,0.06,0.12,0.091271,86.37,0.092,0.0,ETH-30AUG19-170-C,186.09,60.39,0.088,40.0,0.095,40.0,105.94,0.03108,-0.46677,0.01172,0.01317,0.88999
189.95,ETH-27DEC19,1566903540287,open,0.23,2745.0,0.172,0.284,0.230148,86.53,0.22,0.0,ETH-27DEC19-200-P,186.09,83.4,0.223,24.0,0.237,164.0,89.54,0.43319,-0.15378,-0.42606,0.00416,-0.44161
189.95,ETH-27DEC19,1566903540291,open,0.03,1916.0,0.009,0.054,0.028499,92.79,0.031,0.0,ETH-27DEC19-400-C,186.09,89.85,0.025,40.0,0.032,450.0,95.56,0.23364,-0.08894,0.06512,0.00209,0.13117
10144.24,SYN.BTC-30AUG19,1566903540307,open,0.01,212.5,0.0005,0.025,0.00811407,86.56,0.0085,0.0,BTC-30AUG19-9500-P,10136.67,88.17,0.0085,0.8,0.0095,5.1,92.26,2.41218,-36.30283,-0.1552,0.00034,-0.18608
10217.6,BTC-27SEP19,1566903540504,open,0.56,289.7,0.5505,0.5705,0.56023312,118.4,0.588,0.0,BTC-27SEP19-4500-C,10136.53,0.0,0.5525,1.0,0.569,1.0,184.0,0.45504,-0.87248,3.75489,0.0,0.99467
10358.62,BTC-27DEC19,1566903540504,open,3.24,0.0,3.165,3.3435,3.25038257,102.03,3.46,0.0,BTC-27DEC19-44000-P,10136.53,0.0,0.0,0.0,0.0,0.0,0.0,2.32439,-0.97293,-146.47827,1e-05,-0.98456
10217.6,BTC-27SEP19,1566903540505,open,0.0,586.8,0.0005,0.0105,1.043e-05,120.0,0.0005,0.0,BTC-27SEP19-3000-P,10136.53,0.0,0.0,0.0,0.0005,22.0,167.82,0.0133,-0.02585,-0.00108,0.0,-0.00011
10217.6,BTC-27SEP19,1566903540504,open,0.0,125.2,0.0005,0.0105,0.00012446,120.0,0.0005,0.0,BTC-27SEP19-3750-P,10136.53,0.0,0.0,0.0,0.001,57.0,150.89,0.11444,-0.22238,-0.01108,0.0,-0.00116
10217.6,BTC-27SEP19,1566903540505,open,0.01,556.0,0.0005,0.0235,0.00955574,89.14,0.0095,0.0,BTC-27SEP19-15000-C,10136.53,86.8,0.0085,43.1,0.0105,0.2,91.12,4.75784,-6.86799,0.6806,6e-05,0.0883
10217.6,BTC-27SEP19,1566903540505,open,0.0,49.2,0.0005,0.0105,2.646e-05,120.0,0.0015,0.0,BTC-27SEP19-3250-P,10136.53,0.0,0.0,0.0,0.001,67.0,171.17,0.03017,-0.05863,-0.00259,0.0,-0.00027
10217.6,BTC-27SEP19,1566903540505,open,0.0,406.8,0.0005,0.0105,1.05e-06,120.0,0.0005,0.0,BTC-27SEP19-2500-P,10136.53,0.0,0.0,0.0,0.0005,42.0,191.92,0.00169,-0.00329,-0.00012,0.0,-1e-05
10358.62,BTC-27DEC19,1566903540505,open,0.02,121.2,0.0055,0.031,0.01606727,84.62,0.0185,0.0,BTC-27DEC19-5500-P,10136.53,82.34,0.0145,6.0,0.0175,35.0,86.61,7.30374,-2.5354,-2.69579,2e-05,-0.06187
10217.6,BTC-27SEP19,1566903540505,open,1.15,0.2,1.111,1.201,1.15412673,106.6,1.391,0.0,BTC-27SEP19-22000-P,10136.53,0.0,0.0045,11.0,0.0,0.0,0.0,0.80636,-1.39199,-18.53025,1e-05,-0.98979
10358.48,BTC-27DEC19,1566903540505,open,0.01,561.7,0.0005,0.0165,0.00677288,87.61,0.0075,0.0,BTC-27DEC19-4500-P,10136.53,84.06,0.0055,10.4,0.008,31.0,90.7,3.927,-1.41138,-1.22734,1e-05,-0.02871
10217.6,BTC-27SEP19,1566903540505,open,0.01,633.6,0.0005,0.0175,0.00721361,90.2,0.008,0.0,BTC-27SEP19-7000-P,10136.53,88.02,0.0065,4.9,0.008,24.0,92.47,3.44121,-5.02629,-0.56256,4e-05,-0.05787
10358.48,BTC-27DEC19,1566903540505,open,0.0,176.8,0.0005,0.0105,0.00019948,120.0,0.0005,0.0,BTC-27DEC19-1500-P,10136.53,0.0,0.0,0.0,0.001,25.1,143.78,0.17619,-0.08674,-0.03678,0.0,-0.00086
10162.56,SYN.BTC-6SEP19,1566903540504,open,0.04,51.8,0.016,0.066,0.04034212,83.07,0.0415,0.0,BTC-6SEP19-10500-C,10136.53,84.08,0.041,0.2,0.0415,4.6,84.86,6.57234,-27.64092,1.07751,0.00028,0.43221
10217.6,BTC-27SEP19,1566903540506,open,0.0,143.6,0.0005,0.0105,0.00052518,117.8,0.0005,0.0,BTC-27SEP19-26000-C,10136.53,0.0,0.0,0.0,0.001,21.5,126.1,0.45349,-0.86508,0.04137,0.0,0.00531
10217.6,BTC-27SEP19,1566903540505,open,0.0,557.4,0.0005,0.0115,0.00150359,102.62,0.0015,0.0,BTC-27SEP19-5500-P,10136.53,96.78,0.001,94.4,0.002,24.0,107.25,0.99897,-1.66017,-0.1259,1e-05,-0.01306
10217.6,BTC-27SEP19,1566903540505,open,0.0,373.7,0.0005,0.0105,0.00064793,118.36,0.001,0.0,BTC-27SEP19-4500-P,10136.53,0.0,0.0,0.0,0.001,6.5,125.14,0.4542,-0.87058,-0.05159,0.0,-0.00532
10217.6,BTC-27SEP19,1566903540505,open,0.0,603.4,0.0005,0.011,0.00125204,113.75,0.001,0.0,BTC-27SEP19-5000-P,10136.53,110.26,0.001,15.1,0.0015,31.3,116.76,0.79341,-1.46154,-0.09743,1e-05,-0.01002
10217.6,BTC-27SEP19,1566903540506,open,0.76,55.9,0.7455,0.765,0.75532543,121.32,0.689,0.0,BTC-27SEP19-2500-C,10136.53,0.0,0.0045,11.0,0.838,5.0,500.0,0.00202,-0.00396,2.11463,0.0,0.99998
10217.6,BTC-27SEP19,1566903540505,open,2.12,0.0,2.0705,2.196,2.13193442,119.68,None,0.0,BTC-27SEP19-32000-P,10136.53,0.0,0.0,0.0,0.0,0.0,0.0,0.09535,-0.18479,-27.06162,0.0,-0.99905
10358.48,BTC-27DEC19,1566903540506,open,0.78,12.4,0.725,0.8425,0.78197708,86.78,0.559,0.0,BTC-27DEC19-18000-P,10136.53,0.0,0.0045,5.0,1.544,0.2,499.85,16.62262,-5.91811,-54.8088,5e-05,-0.80266
10217.6,BTC-27SEP19,1566903540505,open,0.0,287.3,0.0005,0.0105,0.00064163,111.4,0.0005,0.0,BTC-27SEP19-24000-C,10136.53,0.0,0.0,0.0,0.001,15.0,116.96,0.5563,-1.00359,0.05227,1e-05,0.00669
10358.48,BTC-27DEC19,1566903540505,open,0.76,0.0,0.75,0.7695,0.75967297,106.32,None,0.0,BTC-27DEC19-2500-C,10136.53,0.0,0.7515,1.0,0.768,1.0,153.45,0.76965,-0.33571,8.16071,0.0,0.99562
10217.6,BTC-27SEP19,1566903540505,open,0.0,828.8,0.0005,0.012,0.00226092,95.67,0.002,0.0,BTC-27SEP19-6000-P,10136.53,89.59,0.0015,62.9,0.003,24.1,100.47,1.44327,-2.23611,-0.19303,2e-05,-0.02007
10217.6,BTC-27SEP19,1566903540506,open,0.3,45.1,0.2605,0.3375,0.29823543,87.01,0.2775,0.0,BTC-27SEP19-13000-P,10136.53,81.73,0.294,6.5,0.3055,6.5,95.47,8.43456,-11.88437,-9.45216,0.00011,-0.79536
10358.48,BTC-27DEC19,1566903540507,open,2.47,1.3,2.408,2.56,2.48015808,97.3,2.2,0.0,BTC-27DEC19-36000-P,10136.53,0.0,0.0,0.0,0.0,0.0,0.0,3.67579,-1.46726,-119.45291,1e-05,-0.97348
10358.48,BTC-27DEC19,1566903540507,open,0.0,163.4,0.0005,0.0125,0.00250687,93.34,0.003,0.0,BTC-27DEC19-3500-P,10136.53,86.47,0.0015,36.3,0.0035,20.2,98.56,1.76939,-0.67756,-0.47626,1e-05,-0.01126
10358.48,BTC-27DEC19,1566903540507,open,0.44,294.4,0.3855,0.5015,0.44374852,84.76,0.45,0.0,BTC-27DEC19-14000-P,10136.53,0.0,0.006,3.0,1.18,0.2,500.0,22.29771,-7.75354,-37.63572,7e-05,-0.64438
10358.48,BTC-27DEC19,1566903540506,open,0.01,425.2,0.0005,0.0155,0.00480509,97.47,0.006,0.0,BTC-27DEC19-36000-C,10136.53,93.43,0.0035,45.6,0.006,6.0,100.57,3.70676,-1.48219,0.76043,1e-05,0.02679
10358.48,BTC-27DEC19,1566903540506,open,1.33,0.0,1.2775,1.4015,1.33586815,91.73,None,0.0,BTC-27DEC19-24000-P,10136.53,0.0,0.006,1.0,2.097,0.2,500.0,9.99106,-3.76007,-77.56145,3e-05,-0.9066
10358.48,BTC-27DEC19,1566903540506,open,0.0,354.8,0.0005,0.014,0.00423317,90.24,0.0045,0.0,BTC-27DEC19-4000-P,10136.53,85.05,0.003,46.3,0.0055,19.6,94.71,2.71375,-1.00464,-0.78669,1e-05,-0.01851
10217.6,BTC-27SEP19,1566903540507,open,0.07,632.9,0.0375,0.0965,0.06710201,83.91,0.0685,0.0,BTC-27SEP19-11000-C,10136.53,82.07,0.065,14.4,0.0685,0.5,85.14,11.66439,-15.85029,3.12327,0.00016,0.42846
10217.6,BTC-27SEP19,1566903540507,open,0.0,684.0,0.0005,0.0105,0.00016586,120.0,0.0005,0.0,BTC-27SEP19-30000-C,10136.53,0.0,0.0,0.0,0.001,47.0,142.12,0.17105,-0.33239,0.01411,0.0,0.0018
10217.6,BTC-27SEP19,1566903540506,open,0.42,713.5,0.4015,0.43,0.41503951,95.68,0.416,0.0,BTC-27SEP19-6000-C,10136.53,0.0,0.4035,1.0,0.428,1.0,143.79,1.44352,-2.23661,4.88239,2e-05,0.97992
10358.48,BTC-27DEC19,1566903540507,open,2.09,0.3,2.03,2.17,2.09619318,95.16,1.875,0.0,BTC-27DEC19-32000-P,10136.53,0.0,0.0,0.0,0.0,0.0,0.0,4.93097,-1.92511,-105.78075,1e-05,-0.96215
10358.48,BTC-27DEC19,1566903540507,open,0.0,370.3,0.0005,0.013,0.00348037,99.6,0.004,0.0,BTC-27DEC19-40000-C,10136.53,95.64,0.0025,12.9,0.0045,16.0,102.97,2.86296,-1.16987,0.5615,1e-05,0.01971
10217.6,BTC-27SEP19,1566903540507,open,0.08,426.6,0.0535,0.118,0.08580882,83.91,0.084,0.0,BTC-27SEP19-10000-P,10136.53,82.32,0.084,14.4,0.0885,22.2,86.28,11.59641,-15.75754,-4.34365,0.00016,-0.41674
10358.48,BTC-27DEC19,1566903540507,open,0.03,207.0,0.014,0.055,0.03267053,82.88,0.0375,0.0,BTC-27DEC19-6500-P,10136.53,81.36,0.031,6.0,0.034,17.0,84.07,11.44935,-3.89297,-5.02669,4e-05,-0.11266
10217.6,BTC-27SEP19,1566903540507,open,0.0,1660.1,0.0005,0.0105,0.0,120.0,0.0005,0.0,BTC-27SEP19-1500-P,10136.53,0.0,0.0,0.0,0.0005,109.1,260.77,0.0,0.0,0.0,0.0,0.0
10217.6,BTC-27SEP19,1566903540507,open,0.71,225.7,0.6965,0.716,0.70639969,120.22,0.693,0.0,BTC-27SEP19-3000-C,10136.53,0.0,0.6985,1.0,0.715,1.0,260.05,0.0136,-0.02648,2.53663,0.0,0.99988
10217.6,BTC-27SEP19,1566903540507,open,0.0,492.7,0.0005,0.0105,4e-08,120.0,0.0005,0.0,BTC-27SEP19-2000-P,10136.53,0.0,0.0,0.0,0.0005,73.1,221.72,9e-05,-0.00018,-1e-05,0.0,0.0
10358.48,BTC-27DEC19,1566903540507,open,0.07,224.6,0.03,0.1015,0.06379264,86.03,0.062,0.0,BTC-27DEC19-16000-C,10136.53,84.82,0.0615,15.9,0.066,4.2,87.19,19.63025,-6.92864,6.98211,6e-05,0.26566
10217.6,BTC-27SEP19,1566903540507,open,0.0,428.2,0.0005,0.0105,0.00032147,120.0,0.0005,0.0,BTC-27SEP19-28000-C,10136.53,0.0,0.0,0.0,0.001,25.3,134.45,0.29826,-0.57959,0.02596,0.0,0.00332
10217.6,BTC-27SEP19,1566903540507,open,0.0,454.6,0.0005,0.0105,0.00023841,120.0,0.001,0.0,BTC-27SEP19-4000-P,10136.53,0.0,0.0,0.0,0.001,67.0,141.76,0.19761,-0.38401,-0.02028,0.0,-0.00211
10217.6,BTC-27SEP19,1566903540508,open,0.54,13.5,0.526,0.5475,0.53611677,117.52,0.382,0.0,BTC-27SEP19-4750-C,10136.53,0.0,0.528,1.0,0.545,1.0,175.24,0.64673,-1.23078,3.94084,1e-05,0.99207
10217.6,BTC-27SEP19,1566903540508,open,0.0,422.0,0.0005,0.0105,6.01e-05,120.0,0.0005,0.0,BTC-27SEP19-3500-P,10136.53,0.0,0.0,0.0,0.0005,20.0,147.58,0.06145,-0.11942,-0.00561,0.0,-0.00059
10217.6,BTC-27SEP19,1566903540508,open,0.0,645.4,0.0005,0.0105,0.00098762,106.71,0.001,0.0,BTC-27SEP19-22000-C,10136.53,99.0,0.0005,11.1,0.0015,40.9,112.24,0.81126,-1.40185,0.0803,1e-05,0.01028
10358.48,BTC-27DEC19,1566903540508,open,0.49,73.3,0.4655,0.506,0.4851121,84.63,0.4875,0.0,BTC-27DEC19-5500-C,10136.53,0.0,0.4675,8.0,0.502,1.0,105.07,7.30587,-2.53655,15.66786,2e-05,0.9381
10217.6,BTC-27SEP19,1566903540508,open,0.01,402.6,0.0005,0.018,0.00649133,92.13,0.0065,0.0,BTC-27SEP19-16000-C,10136.53,90.71,0.006,30.0,0.0065,25.0,92.15,3.62308,-5.40526,0.4781,4e-05,0.06181
10358.48,BTC-27DEC19,1566903540508,open,0.52,206.6,0.4665,0.5835,0.52488443,85.55,0.454,0.0,BTC-27DEC19-15000-P,10136.53,0.0,0.0045,10.0,1.27,0.2,499.74,21.05388,-7.38894,-42.09284,7e-05,-0.69211
10358.48,BTC-27DEC19,1566903540508,open,0.01,298.3,0.0005,0.024,0.00879544,94.47,0.013,0.0,BTC-27DEC19-30000-C,10136.53,92.07,0.0075,9.0,0.01,10.0,96.51,5.87051,-2.27511,1.31976,2e-05,0.04695
10217.6,BTC-27SEP19,1566903540508,open,0.02,374.5,0.004,0.034,0.01578162,88.14,0.0155,0.0,BTC-27SEP19-14000-C,10136.53,86.08,0.0145,29.6,0.017,39.0,90.03,6.47086,-9.2358,1.03535,8e-05,0.13557
10217.6,BTC-27SEP19,1566903540508,open,0.04,614.9,0.021,0.07,0.04420044,84.39,0.041,0.0,BTC-27SEP19-9000-P,10136.53,82.59,0.0425,19.3,0.046,12.7,86.29,9.662,-13.20465,-2.63955,0.00013,-0.26119
10217.6,BTC-27SEP19,1566903540508,open,0.63,0.0,0.6235,0.643,0.63311104,120.03,None,0.0,BTC-27SEP19-3750-C,10136.53,0.0,0.6255,1.0,0.642,1.0,218.08,0.11469,-0.22294,3.16105,0.0,0.99884
10162.56,SYN.BTC-6SEP19,1566903540505,open,0.0,154.3,0.0005,0.011,0.001495,96.99,0.0015,0.0,BTC-6SEP19-7500-P,10136.53,90.92,0.001,30.0,0.002,30.0,102.03,0.93182,-4.57596,-0.06908,3e-05,-0.02363
10358.48,BTC-27DEC19,1566903540508,open,0.96,5.7,0.907,1.026,0.96356744,88.67,0.661,0.0,BTC-27DEC19-20000-P,10136.53,0.0,0.0045,5.0,1.466,1.0,326.92,14.08026,-5.12214,-62.65733,4e-05,-0.84799
10358.48,BTC-27DEC19,1566903540508,open,0.0,304.9,0.0005,0.012,0.00224262,104.63,0.002,0.0,BTC-27DEC19-48000-C,10136.53,100.14,0.0015,2.0,0.003,16.0,108.21,1.96931,-0.84531,0.36316,1e-05,0.01274
10144.21,SYN.BTC-30AUG19,1566903540507,open,0.0,141.6,0.0005,0.011,0.0012169,109.64,0.0015,0.0,BTC-30AUG19-8500-P,10136.53,105.94,0.001,2.8,0.0015,0.1,113.92,0.63016,-12.01299,-0.02578,7e-05,-0.03104
10358.48,BTC-27DEC19,1566903540509,open,3.62,0.0,3.5435,3.7365,3.6360466,104.2,None,0.0,BTC-27DEC19-48000-P,10136.53,0.0,0.0,0.0,0.0,0.0,0.0,1.91844,-0.8201,-159.92206,1e-05,-0.98764
10217.6,BTC-27SEP19,1566903540509,open,1.34,0.2,1.303,1.3995,1.34952752,111.36,1.6,0.0,BTC-27SEP19-24000-P,10136.53,0.0,0.09,1.0,0.0,0.0,0.0,0.55484,-1.00058,-20.24971,1e-05,-0.99333
10358.48,BTC-27DEC19,1566903540509,open,0.67,4.0,0.655,0.6745,0.66462627,93.38,0.666,0.0,BTC-27DEC19-3500-C,10136.53,0.0,0.6565,1.0,0.673,1.0,123.01,1.77239,-0.67899,11.20946,1e-05,0.98872
10217.6,BTC-27SEP19,1566903540509,open,0.76,1.0,0.728,0.8055,0.76464338,96.42,0.575,0.0,BTC-27SEP19-18000-P,10136.53,0.0,0.0045,0.3,1.1615,0.3,500.0,2.02847,-3.16718,-14.99181,2e-05,-0.96988
10144.21,SYN.BTC-30AUG19,1566903540505,open,0.0,782.9,0.0005,0.0105,0.0,120.0,0.001,0.0,BTC-30AUG19-18000-C,10136.53,0.0,0.0,0.0,0.0005,12.0,252.76,0.0,-1e-05,0.0,0.0,0.0
10217.46,BTC-27SEP19,1566903540509,open,0.0,471.8,0.0005,0.0125,0.00297904,96.43,0.003,0.0,BTC-27SEP19-18000-C,10136.53,90.86,0.002,15.0,0.0035,24.0,98.92,2.02919,-3.16867,0.23466,2e-05,0.03013
10217.46,BTC-27SEP19,1566903540509,open,0.0,761.0,0.0005,0.0105,8.656e-05,120.0,0.0005,0.0,BTC-27SEP19-32000-C,10136.53,0.0,0.0,0.0,0.0005,16.0,139.17,0.09814,-0.19072,0.00771,0.0,0.00098
10217.46,BTC-27SEP19,1566903540509,open,0.38,68.8,0.3495,0.425,0.38596506,88.11,0.3615,0.0,BTC-27SEP19-14000-P,10136.53,0.0,0.0045,10.0,0.427,5.0,137.45,6.46719,-9.2275,-10.80817,8e-05,-0.86454
10144.21,SYN.BTC-30AUG19,1566903540505,open,0.0,150.7,0.0005,0.0105,6.18e-05,120.0,0.0005,0.0,BTC-30AUG19-7500-P,10136.53,0.0,0.0,0.0,0.0005,12.0,151.72,0.0554,-0.62689,-0.0016,1e-05,-0.00193
10217.46,BTC-27SEP19,1566903540509,open,0.8,28.2,0.7945,0.814,0.80426013,148.42,0.755,0.0,BTC-27SEP19-2000-C,10136.53,0.0,0.01,2.0,0.862,5.0,500.0,0.00407,-0.00979,1.69151,0.0,0.99997
10358.48,BTC-27DEC19,1566903540510,open,0.37,110.3,0.309,0.422,0.36631036,83.96,0.3545,0.0,BTC-27DEC19-13000-P,10136.53,80.25,0.358,5.2,0.372,10.2,86.49,23.27929,-8.01896,-33.04986,8e-05,-0.58923
10217.46,BTC-27SEP19,1566903540509,open,0.85,42.8,0.8435,0.863,0.85319463,169.71,0.815,0.0,BTC-27SEP19-1500-C,10136.53,0.0,0.0,0.0,0.0,0.0,0.0,0.00231,-0.00634,1.26869,0.0,0.99998
10358.48,BTC-27DEC19,1566903540509,open,0.0,1343.9,0.0005,0.0115,0.00193763,107.29,0.0025,0.0,BTC-27DEC19-52000-C,10136.53,104.41,0.0015,3.0,0.0025,16.0,110.36,1.72498,-0.75926,0.31131,0.0,0.01094
10358.48,BTC-27DEC19,1566903540510,open,1.71,0.1,1.653,1.7835,1.71422396,93.49,1.49,0.0,BTC-27DEC19-28000-P,10136.53,0.0,0.0045,1.0,0.0,0.0,0.0,6.95741,-2.66863,-91.86711,2e-05,-0.94185
10499.63,SYN.BTC-27MAR20,1566903540504,open,2.07,0.0,1.9985,2.1665,2.0778342,93.35,None,0.0,BTC-27MAR20-32000-P,10136.53,0.0,0.08,1.0,0.0,0.0,0.0,15.44678,-3.387,-181.50667,3e-05,-0.88621
10499.63,SYN.BTC-27MAR20,1566903540504,open,0.81,0.0,0.743,0.891,0.81630971,88.01,0.8095,0.0,BTC-27MAR20-18000-P,10136.53,66.7,0.763,1.0,0.843,1.0,97.53,28.69829,-5.93228,-91.58978,5e-05,-0.67937
10144.21,SYN.BTC-30AUG19,1566903540505,open,0.57,0.0,0.5465,0.6095,0.57725009,0.0,0.403,0.0,BTC-30AUG19-16000-P,10136.53,0.0,0.0,0.0,0.0,0.0,0.0,0.0,0.0,-1.26058,0.0,-1.0
10217.46,BTC-27SEP19,1566903540511,open,1.73,0.0,1.687,1.798,1.74068834,118.55,None,0.0,BTC-27SEP19-28000-P,10136.53,0.0,0.0,0.0,0.0,0.0,0.0,0.26926,-0.51693,-23.66224,0.0,-0.99703
10358.48,BTC-27DEC19,1566903540511,open,1.9,0.2,1.8415,1.9765,1.90492293,94.38,2.03,0.0,BTC-27DEC19-30000-P,10136.53,0.0,0.005,1.0,0.0,0.0,0.0,5.84994,-2.26501,-98.85739,2e-05,-0.95325
10144.21,SYN.BTC-30AUG19,1566903540507,open,0.23,0.0,0.2085,0.261,0.23293377,111.81,None,0.0,BTC-30AUG19-12500-P,10136.53,0.0,0.211,3.0,0.253,3.0,241.61,0.43519,-8.45998,-0.96944,5e-05,-0.98004
10144.21,SYN.BTC-30AUG19,1566903540508,open,0.47,0.0,0.45,0.509,0.47867547,0.0,None,0.0,BTC-30AUG19-15000-P,10136.53,0.0,0.0,0.0,0.0,0.0,0.0,0.0,0.0,-1.18179,0.0,-1.0
10144.21,SYN.BTC-30AUG19,1566903540505,open,0.67,0.0,0.643,0.71,0.67582795,0.0,None,0.0,BTC-30AUG19-17000-P,10136.53,0.0,0.0,0.0,0.0,0.0,0.0,0.0,0.0,-1.33936,0.0,-1.0
10499.63,SYN.BTC-27MAR20,1566903540504,open,0.36,10.0,0.315,0.4035,0.3614471,84.85,0.353,0.0,BTC-27MAR20-8000-C,10136.53,67.11,0.321,3.0,0.377,3.0,91.56,24.2622,-4.83508,25.10645,4e-05,0.77144
10162.56,SYN.BTC-6SEP19,1566903540505,open,0.33,0.0,0.3025,0.3615,0.33027162,90.59,None,0.0,BTC-6SEP19-13500-P,10136.53,0.0,0.0,0.0,0.0,0.0,0.0,1.24685,-5.71858,-3.56559,5e-05,-0.96647
10144.21,SYN.BTC-30AUG19,1566903540510,open,0.0,444.1,0.0005,0.0105,2.7e-07,120.0,0.0005,0.0,BTC-30AUG19-16000-C,10136.53,0.0,0.0,0.0,0.0005,12.0,207.48,0.00048,-0.00272,1e-05,0.0,1e-05
10217.46,BTC-27SEP19,1566903540512,open,0.46,221.9,0.451,0.4765,0.46321728,102.7,0.4675,0.0,BTC-27SEP19-5500-C,10136.53,0.0,0.4615,3.0,0.4745,1.0,155.55,1.00236,-1.66708,4.52609,1e-05,0.98689
10217.46,BTC-27SEP19,1566903540512,open,0.61,227.5,0.599,0.6185,0.60875742,120.29,0.606,0.0,BTC-27SEP19-4000-C,10136.53,0.0,0.601,1.0,0.6175,1.0,205.21,0.20112,-0.39178,3.36295,0.0,0.99785
10144.21,SYN.BTC-30AUG19,1566903540505,open,0.0,85.5,0.0005,0.0105,0.00013748,120.0,0.0015,0.0,BTC-30AUG19-13500-C,10136.53,0.0,0.0,0.0,0.0005,17.0,139.14,0.11312,-1.39464,0.0033,1e-05,0.00427
10144.21,SYN.BTC-30AUG19,1566903540505,open,0.0,318.0,0.0005,0.0105,4.379e-05,120.0,0.0005,0.0,BTC-30AUG19-14000-C,10136.53,0.0,0.0,0.0,0.0005,12.0,154.14,0.04348,-0.4442,0.00115,0.0,0.00148
10499.63,SYN.BTC-27MAR20,1566903540505,open,0.03,1.6,0.0075,0.056,0.02626329,94.03,0.028,0.0,BTC-27MAR20-34000-C,10136.53,91.52,0.023,6.0,0.0295,20.0,96.35,14.148,-3.12451,4.56056,2e-05,0.10074
10144.21,SYN.BTC-30AUG19,1566903540507,open,0.33,3.0,0.305,0.3595,0.33094202,119.63,0.3195,0.0,BTC-30AUG19-13500-P,10136.53,0.0,0.308,3.0,0.3515,3.0,293.78,0.11064,-2.30137,-1.06039,1e-05,-0.99583
10144.21,SYN.BTC-30AUG19,1566903540509,open,0.41,0.0,0.3965,0.42,0.40853132,155.72,None,0.0,BTC-30AUG19-6000-C,10136.53,0.0,0.0005,1.0,0.8,0.1,500.0,0.00202,-0.05476,0.47267,0.0,0.99995
10144.21,SYN.BTC-30AUG19,1566903540505,open,0.0,161.2,0.0005,0.0105,0.00070734,111.89,0.001,0.0,BTC-30AUG19-12500-C,10136.53,106.52,0.0005,59.5,0.001,62.1,117.95,0.4367,-7.17545,0.01545,5e-05,0.02004
10144.21,SYN.BTC-30AUG19,1566903540505,open,0.77,0.0,0.74,0.8105,0.77440605,0.0,None,0.0,BTC-30AUG19-18000-P,10136.53,0.0,0.0,0.0,0.0,0.0,0.0,0.0,0.0,-1.41815,0.0,-1.0
10162.56,SYN.BTC-6SEP19,1566903540504,open,0.13,0.0,0.102,0.1525,0.12781654,83.71,0.1135,0.0,BTC-6SEP19-9000-C,10136.53,0.0,0.1045,5.0,0.1515,5.0,132.81,4.24216,-17.97805,1.92868,0.00018,0.82924
10144.21,SYN.BTC-30AUG19,1566903540511,open,0.0,1216.5,0.0005,0.0135,0.00269427,94.21,0.003,0.0,BTC-30AUG19-9000-P,10136.53,92.56,0.0025,3.0,0.0035,1.0,100.52,1.21407,-19.88779,-0.05841,0.00016,-0.07038
10144.21,SYN.BTC-30AUG19,1566903540507,open,0.0,702.2,0.0005,0.0105,1e-08,120.0,0.0005,0.0,BTC-30AUG19-6000-P,10136.53,0.0,0.0,0.0,0.0005,47.0,249.35,1e-05,-6e-05,0.0,0.0,0.0
10144.21,SYN.BTC-30AUG19,1566903540511,open,0.0,356.2,0.0005,0.0105,2e-08,120.0,0.0005,0.0,BTC-30AUG19-17000-C,10136.53,0.0,0.0,0.0,0.0005,12.0,230.96,4e-05,-0.00017,0.0,0.0,0.0
186.51,SYN.ETH-6SEP19,1566903540509,open,0.03,160.0,0.006,0.05,0.026027,80.63,0.027,0.0,ETH-6SEP19-200-C,186.09,75.45,0.023,360.0,0.029,590.0,85.63,0.11009,-0.44942,0.01497,0.01451,0.32267
10144.21,SYN.BTC-30AUG19,1566903540508,open,0.0,455.3,0.0005,0.0105,3.76e-06,120.0,0.0005,0.0,BTC-30AUG19-15000-C,10136.53,0.0,0.0,0.0,0.0005,12.0,182.01,0.00514,-0.03816,0.00012,0.0,0.00015
10162.56,SYN.BTC-6SEP19,1566903540505,open,0.0,6.1,0.0005,0.0105,0.00088303,106.78,0.001,0.0,BTC-6SEP19-7000-P,10136.53,98.77,0.0005,2.0,0.001,30.0,108.75,0.5796,-3.13334,-0.03966,2e-05,-0.01354
10144.21,SYN.BTC-30AUG19,1566903540508,open,0.38,13.0,0.3535,0.409,0.38013738,118.98,0.2895,0.0,BTC-30AUG19-14000-P,10136.53,0.0,0.0,0.0,0.0,0.0,0.0,0.04018,-0.8313,-1.10195,0.0,-0.99864
10162.56,SYN.BTC-6SEP19,1566903540505,open,0.14,0.0,0.1155,0.1785,0.14642727,83.88,None,0.0,BTC-6SEP19-11500-P,10136.53,73.85,0.142,12.0,0.152,12.0,95.27,4.73674,-20.11478,-2.59115,0.0002,-0.79593
10499.63,SYN.BTC-27MAR20,1566903540504,open,1.89,0.0,1.8145,1.979,1.89215397,92.74,None,0.0,BTC-27MAR20-30000-P,10136.53,0.0,0.07,1.0,0.0,0.0,0.0,16.92752,-3.68723,-169.16721,3e-05,-0.87039
10144.21,SYN.BTC-30AUG19,1566903540505,open,0.09,154.8,0.064,0.1165,0.08953921,82.54,0.0735,0.0,BTC-30AUG19-11000-P,10136.53,60.75,0.086,6.0,0.0915,6.0,91.76,2.02901,-29.11972,-0.75684,0.0003,-0.85743
10144.21,SYN.BTC-30AUG19,1566903540505,open,0.0,1165.9,0.0005,0.0105,5.53e-06,120.0,0.0005,0.0,BTC-30AUG19-7000-P,10136.53,0.0,0.0,0.0,0.0005,24.1,182.23,0.00691,-0.05607,-0.00017,0.0,-0.0002
10144.21,SYN.BTC-30AUG19,1566903540509,open,0.07,47.6,0.047,0.0955,0.07162199,86.57,0.0765,0.0,BTC-30AUG19-9500-C,10136.53,81.75,0.0705,6.0,0.0755,6.0,102.0,2.41247,-36.31157,0.59323,0.00034,0.81388
10499.63,SYN.BTC-27MAR20,1566903541048,open,0.21,9.2,0.155,0.2655,0.21285382,87.01,0.211,0.0,BTC-27MAR20-12000-C,10136.53,82.76,0.2,10.0,0.2135,19.0,87.23,31.71464,-6.48168,20.781,6e-05,0.55221
10358.48,BTC-27DEC19,1566903541061,open,0.37,49.4,0.337,0.3985,0.36833679,82.17,0.384,0.0,BTC-27DEC19-7000-C,10136.53,79.99,0.3655,3.4,0.371,3.8,84.19,13.57539,-4.5763,16.8691,5e-05,0.85606
10358.45,BTC-27DEC19,1566903541474,open,0.37,49.4,0.337,0.3985,0.36832826,82.16,0.384,0.0,BTC-27DEC19-7000-C,10136.53,79.99,0.3655,3.4,0.371,3.9,84.19,13.57487,-4.57583,16.86961,5e-05,0.85607
10217.46,BTC-27SEP19,1566903541484,open,0.57,34.4,0.537,0.612,0.57241651,92.07,0.396,0.0,BTC-27SEP19-16000-P,10136.53,0.0,0.005,1.0,0.9935,0.2,500.0,3.61626,-5.39161,-13.05755,4e-05,-0.93834
10358.45,BTC-27DEC19,1566903541489,open,0.31,220.4,0.265,0.339,0.30336054,82.05,0.303,0.0,BTC-27DEC19-8000-C,10136.53,79.48,0.299,3.8,0.3055,3.5,83.31,17.58885,-5.921,16.58548,6e-05,0.78288
10358.45,BTC-27DEC19,1566903541495,open,0.25,165.2,0.2045,0.288,0.24816299,82.05,0.2505,0.0,BTC-27DEC19-9000-C,10136.53,79.72,0.2435,3.5,0.251,4.0,83.47,20.71085,-6.97173,15.7378,7e-05,0.70318
10499.44,SYN.BTC-27MAR20,1566903541514,open,0.17,1.1,0.109,0.2185,0.16539045,87.54,0.175,0.0,BTC-27MAR20-14000-C,10136.47,83.62,0.1535,13.6,0.1675,18.0,88.24,31.84106,-6.54724,18.14586,6e-05,0.46172
10499.44,SYN.BTC-27MAR20,1566903541514,open,0.98,0.0,0.914,1.065,0.98805995,89.02,None,0.0,BTC-27MAR20-20000-P,10136.47,0.0,0.0005,2.0,0.0,0.0,0.0,26.5903,-5.55966,-105.10756,5e-05,-0.7284
10499.44,SYN.BTC-27MAR20,1566903541514,open,0.12,48.2,0.08,0.166,0.12337444,84.84,0.1115,0.0,BTC-27MAR20-8000-P,10136.47,82.08,0.117,4.9,0.126,19.0,85.98,24.26217,-4.83482,-21.55101,4e-05,-0.22857
10499.44,SYN.BTC-27MAR20,1566903541514,open,2.44,0.0,2.369,2.545,2.45169905,94.57,None,0.0,BTC-27MAR20-36000-P,10136.47,0.0,0.099,1.0,0.0,0.0,0.0,12.9472,-2.87593,-205.89542,2e-05,-0.91069
10162.42,SYN.BTC-6SEP19,1566903541514,open,0.0,53.2,0.0005,0.013,0.00339114,92.8,0.0025,0.0,BTC-6SEP19-8000-P,10136.47,93.44,0.0035,0.2,0.004,30.0,96.23,1.72738,-8.11615,-0.14714,7e-05,-0.05012
10499.44,SYN.BTC-27MAR20,1566903541514,open,1.52,0.0,1.449,1.6065,1.52408387,91.25,None,0.0,BTC-27MAR20-26000-P,10136.47,0.0,0.0,0.0,0.0,0.0,0.0,20.3187,-4.35503,-144.12971,3e-05,-0.82963
10499.44,SYN.BTC-27MAR20,1566903541514,open,0.02,39.2,0.004,0.0415,0.01743823,95.23,0.016,0.0,BTC-27MAR20-40000-C,10136.47,92.74,0.015,8.0,0.0195,0.3,97.17,10.76837,-2.4085,3.21984,2e-05,0.07002
10499.44,SYN.BTC-27MAR20,1566903541514,open,0.27,25.2,0.218,0.3215,0.27246614,84.85,0.2625,0.0,BTC-27MAR20-10000-C,10136.47,83.26,0.268,0.3,0.273,0.1,85.04,29.53852,-5.88661,23.43214,5e-05,0.65513
10499.44,SYN.BTC-27MAR20,1566903541514,open,0.63,0.0,0.6165,0.648,0.63131297,86.06,None,0.0,BTC-27MAR20-4000-C,10136.47,0.0,0.2,2.0,0.0,0.0,0.0,6.36469,-1.28647,20.36181,1e-05,0.96383
10217.41,BTC-27SEP19,1566903541643,open,0.14,290.7,0.106,0.18,0.1436755,83.9,0.145,0.0,BTC-27SEP19-11000-P,10136.47,82.43,0.142,14.4,0.147,9.8,86.81,11.66388,-15.84736,-6.18208,0.00016,-0.57159
10358.39,BTC-27DEC19,1566903541918,open,0.31,220.4,0.265,0.339,0.30336054,82.06,0.303,0.0,BTC-27DEC19-8000-C,10136.47,79.48,0.299,3.8,0.3055,3.6,83.31,17.58899,-5.92117,16.5852,6e-05,0.78288
10358.39,BTC-27DEC19,1566903541924,open,0.25,165.2,0.2045,0.288,0.24816299,82.05,0.2505,0.0,BTC-27DEC19-9000-C,10136.47,79.72,0.2435,3.5,0.2505,3.4,83.22,20.71087,-6.97185,15.73756,7e-05,0.70317
10358.39,BTC-27DEC19,1566903541933,open,0.17,614.9,0.118,0.2085,0.16509163,82.64,0.175,0.0,BTC-27DEC19-11000-C,10136.47,81.07,0.1615,18.0,0.1675,3.4,83.69,23.72719,-8.04413,13.13817,8e-05,0.54495
10358.45,BTC-27DEC19,1566903541938,open,0.2,505.0,0.1555,0.244,0.20177064,81.97,0.2045,0.0,BTC-27DEC19-10000-C,10136.47,80.03,0.1975,11.6,0.205,5.4,83.44,22.75045,-7.65053,14.54049,8e-05,0.62217
192.5,SYN.ETH-27MAR20,1566903542050,open,0.45,0.0,0.41,0.486,0.451124,88.82,None,0.0,ETH-27MAR20-120-C,186.09,0.0,0.0,0.0,0.0,0.0,0.0,0.34296,-0.07155,0.44767,0.00179,0.84987
192.5,SYN.ETH-27MAR20,1566903542123,open,0.08,1.0,0.042,0.107,0.0745,88.82,0.076,0.0,ETH-27MAR20-120-P,186.09,84.0,0.066,258.0,0.078,298.0,90.78,0.34296,-0.07155,-0.25219,0.00179,-0.15013
192.5,SYN.ETH-27MAR20,1566903542203,open,0.34,1.0,0.282,0.381,0.336127,88.82,0.357,0.0,ETH-27MAR20-160-C,186.09,69.8,0.288,5.0,0.0,0.0,0.0,0.48639,-0.10147,0.44182,0.00253,0.72966
186.51,SYN.ETH-6SEP19,1566903542245,open,0.2,0.0,0.172,0.226,0.199535,88.17,None,0.0,ETH-6SEP19-150-C,186.09,0.0,0.0,0.0,0.0,0.0,0.0,0.03543,-0.15815,0.03748,0.00427,0.94233
192.5,SYN.ETH-27MAR20,1566903542279,open,0.17,13.0,0.115,0.216,0.167296,88.82,0.152,0.0,ETH-27MAR20-160-P,186.09,85.15,0.158,176.0,0.174,208.0,91.48,0.48639,-0.10147,-0.49134,0.00253,-0.27034
192.5,SYN.ETH-27MAR20,1566903542459,open,0.29,153.0,0.223,0.352,0.290584,88.82,0.292,0.0,ETH-27MAR20-200-P,186.09,84.2,0.277,32.0,0.302,154.0,92.73,0.56349,-0.11756,-0.76258,0.00294,-0.38866
186.51,SYN.ETH-6SEP19,1566903542473,open,0.0,235.0,0.001,0.013,0.003786,88.17,0.008,0.0,ETH-6SEP19-150-P,186.09,83.78,0.003,200.0,0.005,250.0,94.11,0.03543,-0.15815,-0.0031,0.00427,-0.05767
10499.19,SYN.BTC-27MAR20,1566903542516,open,2.82,1.0,2.74,2.925,2.82716422,95.14,2.7125,0.0,BTC-27MAR20-40000-P,10136.47,0.0,0.1,1.0,0.0,0.0,0.0,10.73512,-2.39884,-230.08012,2e-05,-0.93026
10162.36,SYN.BTC-6SEP19,1566903542526,open,0.03,56.7,0.0075,0.049,0.02610428,82.58,0.021,0.0,BTC-6SEP19-9500-P,10136.46,79.71,0.0245,24.0,0.028,28.8,85.96,5.68787,-23.78209,-0.85913,0.00025,-0.28635
10162.36,SYN.BTC-6SEP19,1566903542526,open,0.06,26.2,0.033,0.088,0.06131665,81.39,0.0595,0.0,BTC-6SEP19-10000-C,10136.46,79.35,0.06,18.0,0.0635,5.0,84.78,6.55284,-27.004,1.41039,0.00029,0.57426
10162.36,SYN.BTC-6SEP19,1566903542527,open,0.01,61.8,0.0005,0.017,0.00504963,86.26,0.007,0.0,BTC-6SEP19-12500-C,10136.46,81.82,0.004,60.2,0.006,30.1,89.9,2.54435,-11.11205,0.21306,0.00011,0.08254
10162.36,SYN.BTC-6SEP19,1566903542526,open,0.0,75.5,0.0005,0.0115,0.00186976,90.62,0.006,0.0,BTC-6SEP19-13500-C,10136.46,82.14,0.001,62.7,0.0025,30.0,95.31,1.24829,-5.72742,0.08718,5e-05,0.03358
10499.19,SYN.BTC-27MAR20,1566903542526,open,1.16,0.0,1.0905,1.2445,1.16538232,90.49,None,0.0,BTC-27MAR20-22000-P,10136.46,0.0,0.0,0.0,0.0,0.0,0.0,24.59534,-5.22732,-118.25094,4e-05,-0.76577
10499.19,SYN.BTC-27MAR20,1566903542526,open,0.07,4.2,0.0315,0.1145,0.07003248,90.51,0.07,0.0,BTC-27MAR20-22000-C,10136.46,89.2,0.067,1.0,0.073,19.0,91.77,24.60128,-5.22981,10.0609,4e-05,0.23434
10499.19,SYN.BTC-27MAR20,1566903542526,open,0.22,74.8,0.168,0.279,0.22489051,84.84,0.2175,0.0,BTC-27MAR20-10000-P,10136.46,83.1,0.22,4.9,0.2305,12.2,86.84,29.53851,-5.88609,-34.89,5e-05,-0.3449
10499.19,SYN.BTC-27MAR20,1566903542526,open,0.03,3.1,0.009,0.0615,0.0301344,93.37,0.0325,0.0,BTC-27MAR20-32000-C,10136.46,90.82,0.0265,6.0,0.0335,20.0,95.6,15.4529,-3.38909,5.12651,3e-05,0.11386
10162.36,SYN.BTC-6SEP19,1566903542526,open,0.28,0.0,0.2545,0.3135,0.28229761,88.5,None,0.0,BTC-6SEP19-13000-P,10136.46,0.0,0.0,0.0,0.0,0.0,0.0,1.7988,-8.06006,-3.38078,7e-05,-0.94726
186.51,SYN.ETH-6SEP19,1566903542598,open,0.15,0.0,0.12,0.179,0.150796,84.18,None,0.0,ETH-6SEP19-160-C,186.09,0.0,0.0,0.0,0.0,0.0,0.0,0.06127,-0.26114,0.03681,0.00773,0.88028
192.5,SYN.ETH-27MAR20,1566903542621,open,0.44,130.0,0.361,0.509,0.43814,89.32,0.417,0.0,ETH-27MAR20-240-P,186.09,84.68,0.424,24.0,0.453,24.0,94.21,0.58639,-0.12303,-1.04529,0.00304,-0.49291
186.51,SYN.ETH-6SEP19,1566903542700,open,0.01,431.0,0.001,0.024,0.008663,84.18,0.009,0.0,ETH-6SEP19-160-P,186.09,82.13,0.008,200.0,0.01,200.0,88.14,0.06127,-0.26114,-0.00648,0.00773,-0.11972
192.5,SYN.ETH-27MAR20,1566903542881,open,0.12,3.0,0.067,0.166,0.118005,91.26,0.131,0.0,ETH-27MAR20-320-C,186.09,88.78,0.111,262.0,0.123,120.0,93.02,0.54549,-0.11693,0.26238,0.00277,0.35171
10358.29,BTC-27DEC19,1566903542920,open,0.29,68.9,0.2385,0.3475,0.29414092,83.44,0.286,0.0,BTC-27DEC19-12000-P,10136.46,81.86,0.2905,3.6,0.2985,6.1,85.33,23.82974,-8.15726,-28.35015,8e-05,-0.52554
10358.3,BTC-27DEC19,1566903542929,open,0.37,49.4,0.337,0.3985,0.36832396,82.17,0.384,0.0,BTC-27DEC19-7000-C,10136.46,79.99,0.3655,3.5,0.371,3.9,84.19,13.57533,-4.5761,16.86916,5e-05,0.85606
10358.3,BTC-27DEC19,1566903542948,open,0.25,165.2,0.2045,0.288,0.24815889,82.05,0.2505,0.0,BTC-27DEC19-9000-C,10136.46,79.72,0.2435,3.6,0.2505,3.4,83.22,20.71089,-6.97185,15.73734,7e-05,0.70317
192.5,SYN.ETH-27MAR20,1566903542961,open,0.78,1.0,0.693,0.865,0.780343,91.26,0.827,0.0,ETH-27MAR20-320-P,186.09,0.0,0.0,0.0,1.672,1.0,500.0,0.54549,-0.11693,-1.60392,0.00277,-0.64829
10358.3,BTC-27DEC19,1566903542962,open,0.17,614.9,0.118,0.2085,0.16508311,82.64,0.175,0.0,BTC-27DEC19-11000-C,10136.46,81.07,0.1615,18.0,0.1675,3.5,83.69,23.72706,-8.04387,13.13796,8e-05,0.54494
10358.3,BTC-27DEC19,1566903542968,open,0.23,244.4,0.1745,0.277,0.22702025,82.63,0.228,0.0,BTC-27DEC19-11000-P,10136.46,81.31,0.224,3.6,0.23,4.0,83.93,23.72713,-8.04333,-23.59159,8e-05,-0.45507
186.51,SYN.ETH-6SEP19,1566903542973,open,0.07,0.0,0.038,0.101,0.071255,80.64,None,0.0,ETH-6SEP19-180-C,186.09,75.38,0.068,120.0,0.076,120.0,88.26,0.11575,-0.47256,0.02824,0.01525,0.63086
10358.29,BTC-27DEC19,1566903542979,open,0.34,91.7,0.2995,0.368,0.33470853,82.17,0.3515,0.0,BTC-27DEC19-7500-C,10136.46,79.7,0.331,3.8,0.3365,7.0,83.35,15.67597,-5.28419,16.80366,5e-05,0.82055
192.5,SYN.ETH-27MAR20,1566903543048,open,0.09,25.0,0.048,0.138,0.092952,91.42,0.094,0.0,ETH-27MAR20-360-C,186.09,88.74,0.086,264.0,0.099,110.0,93.71,0.50483,-0.1084,0.22346,0.00256,0.29199
192.5,SYN.ETH-27MAR20,1566903543125,open,0.97,0.0,0.873,1.053,0.963082,91.42,None,0.0,ETH-27MAR20-360-P,186.09,0.0,0.0,0.0,1.852,1.0,500.0,0.50483,-0.1084,-1.87613,0.00256,-0.70801
186.51,SYN.ETH-6SEP19,1566903543135,open,0.04,101.0,0.012,0.064,0.036356,80.64,0.031,0.0,ETH-6SEP19-180-P,186.09,78.45,0.035,200.0,0.038,160.0,83.29,0.11575,-0.47256,-0.02046,0.01525,-0.36914
186.51,SYN.ETH-6SEP19,1566903543206,open,0.0,5.0,0.001,0.011,0.000994,93.54,0.002,0.0,ETH-6SEP19-260-C,186.09,0.0,0.0,0.0,0.002,400.0,104.04,0.01401,-0.06633,0.00089,0.00159,0.01866
192.5,SYN.ETH-27MAR20,1566903543208,open,0.08,60.0,0.036,0.119,0.076373,92.58,0.086,0.0,ETH-27MAR20-400-C,186.09,89.91,0.07,275.0,0.083,110.0,95.29,0.46513,-0.10114,0.19264,0.00232,0.24796
189.95,ETH-27DEC19,1566903543214,open,0.12,2310.0,0.072,0.16,0.11805,87.86,0.135,0.0,ETH-27DEC19-240-C,186.09,85.62,0.113,250.0,0.123,426.0,90.05,0.42862,-0.15449,0.19029,0.00405,0.41807
186.21,SYN.ETH-30AUG19,1566903543214,open,0.0,2280.0,0.001,0.011,0.0,125.0,0.003,0.0,ETH-30AUG19-320-C,186.09,0.0,0.0,0.0,0.001,200.0,261.29,0.0,0.0,0.0,0.0,0.0
186.21,SYN.ETH-30AUG19,1566903543216,open,0.0,1553.0,0.001,0.016,0.003228,95.93,0.003,0.0,ETH-30AUG19-210-C,186.09,86.02,0.002,3.0,0.004,401.0,101.22,0.02582,-0.43068,0.00121,0.00985,0.08545
186.21,SYN.ETH-30AUG19,1566903543216,open,0.08,1353.0,0.046,0.116,0.080705,82.67,0.081,0.0,ETH-30AUG19-200-P,186.09,57.61,0.076,240.0,0.083,40.0,92.24,0.04252,-0.61119,-0.0133,0.01883,-0.82556
187.4,ETH-27SEP19,1566903543218,open,0.0,6011.0,0.001,0.011,0.000118,125.0,0.002,0.0,ETH-27SEP19-600-C,186.09,0.0,0.0,0.0,0.001,401.0,151.63,0.00228,-0.00462,0.00018,6e-05,0.00127
187.4,ETH-27SEP19,1566903543218,open,0.6,851.0,0.556,0.662,0.607201,95.13,0.56,0.0,ETH-27SEP19-300-P,186.09,0.0,0.048,1.0,0.97,5.0,451.64,0.06418,-0.09887,-0.24541,0.00227,-0.94089
187.4,ETH-27SEP19,1566903543218,open,0.01,1911.0,0.004,0.032,0.014822,88.93,0.018,0.0,ETH-27SEP19-260-C,186.09,85.85,0.013,360.0,0.017,570.0,92.41,0.11398,-0.16415,0.01792,0.00431,0.12786
187.4,ETH-27SEP19,1566903543220,open,0.0,839.0,0.001,0.011,4.8e-05,125.0,0.001,0.0,ETH-27SEP19-60-P,186.09,0.0,0.0,0.0,0.001,200.0,170.24,0.0009,-0.00181,-8e-05,2e-05,-0.00046
187.4,ETH-27SEP19,1566903543220,open,0.04,8605.0,0.015,0.062,0.036944,86.12,0.036,0.0,ETH-27SEP19-160-P,186.09,83.88,0.035,200.0,0.039,138.0,88.47,0.16335,-0.22782,-0.04148,0.00638,-0.22473
186.21,SYN.ETH-30AUG19,1566903543220,open,0.02,1201.0,0.002,0.044,0.019777,80.57,0.018,0.0,ETH-30AUG19-190-C,186.09,72.45,0.017,120.0,0.02,500.0,81.22,0.06398,-0.89622,0.00562,0.02907,0.4029
186.21,SYN.ETH-30AUG19,1566903543220,open,0.3,0.0,0.281,0.322,0.301886,125.0,None,0.0,ETH-30AUG19-130-C,186.09,0.0,0.0,0.0,0.0,0.0,0.0,0.00029,-0.00631,0.01023,8e-05,0.99951
189.95,ETH-27DEC19,1566903543222,open,0.74,101.0,0.667,0.814,0.740438,90.59,0.513,0.0,ETH-27DEC19-320-P,186.09,0.0,0.006,5.0,1.658,1.0,500.0,0.33434,-0.12426,-0.95718,0.00306,-0.7687
186.21,SYN.ETH-30AUG19,1566903543222,open,0.39,0.0,0.356,0.44,0.396307,125.0,0.218,0.0,ETH-30AUG19-260-P,186.09,0.0,0.0,0.0,0.0,0.0,0.0,0.00084,-0.01831,-0.02046,0.00025,-0.99843
186.21,SYN.ETH-30AUG19,1566903543222,open,0.93,0.0,0.877,0.993,0.93328,0.0,None,0.0,ETH-30AUG19-360-P,186.09,0.0,0.0,0.0,0.0,0.0,0.0,0.0,0.0,-0.02836,0.0,-1.0
189.95,ETH-27DEC19,1566903543224,open,0.01,2230.0,0.001,0.017,0.006006,98.63,0.005,0.0,ETH-27DEC19-640-C,186.09,93.2,0.004,200.0,0.008,150.0,102.96,0.07964,-0.03223,0.01676,0.00067,0.03242
187.4,ETH-27SEP19,1566903543224,open,1.13,79.0,1.073,1.204,1.135631,107.71,0.351,0.0,ETH-27SEP19-400-P,186.09,0.0,0.0,0.0,0.0,0.0,0.0,0.01677,-0.02926,-0.33668,0.00052,-0.9882
187.4,ETH-27SEP19,1566903543224,open,1.98,24.0,1.902,2.081,1.988488,125.0,1.356,0.0,ETH-27SEP19-560-P,186.09,0.0,0.0,0.0,0.0,0.0,0.0,0.00397,-0.00804,-0.47338,0.00011,-0.99767
187.4,ETH-27SEP19,1566903543224,open,0.0,9308.0,0.001,0.014,0.00451,93.22,0.005,0.0,ETH-27SEP19-120-P,186.09,86.15,0.003,670.0,0.006,185.0,99.0,0.04462,-0.06736,-0.00667,0.00161,-0.03756
189.95,ETH-27DEC19,1566903543228,open,2.79,0.0,2.681,2.918,2.794484,100.33,None,0.0,ETH-27DEC19-720-P,186.09,0.0,0.003,5.0,0.0,0.0,0.0,0.05826,-0.02398,-2.39253,0.00048,-0.9777
187.4,ETH-27SEP19,1566903543242,open,0.3,2549.0,0.257,0.353,0.304869,86.28,0.29,0.0,ETH-27SEP19-240-P,186.09,0.0,0.052,15.0,0.41,1.0,188.01,0.15018,-0.20984,-0.17597,0.00586,-0.8052
187.4,ETH-27SEP19,1566903543244,open,0.0,5439.0,0.001,0.011,0.000664,121.39,0.001,0.0,ETH-27SEP19-480-C,186.09,0.0,0.0,0.0,0.001,200.0,126.85,0.00985,-0.01937,0.00091,0.00027,0.00643
189.95,ETH-27DEC19,1566903543247,open,0.02,1252.0,0.004,0.034,0.015518,94.49,0.02,0.0,ETH-27DEC19-480-C,186.09,91.33,0.013,200.0,0.018,110.0,97.34,0.15868,-0.06151,0.03906,0.00139,0.07711
186.21,SYN.ETH-30AUG19,1566903543247,open,0.0,873.0,0.001,0.011,0.0,125.0,0.003,0.0,ETH-30AUG19-300-C,186.09,0.0,0.0,0.0,0.001,200.0,234.86,1e-05,-5e-05,0.0,0.0,1e-05
187.4,ETH-27SEP19,1566903543249,open,0.22,2065.0,0.17,0.261,0.216029,85.53,0.193,0.0,ETH-27SEP19-220-P,186.09,79.49,0.21,200.0,0.224,110.0,93.27,0.18991,-0.26305,-0.14499,0.00747,-0.69858
187.4,ETH-27SEP19,1566903543249,open,0.01,2476.0,0.001,0.023,0.009338,91.62,0.012,0.0,ETH-27SEP19-280-C,186.09,88.54,0.008,200.0,0.011,570.0,95.15,0.08465,-0.1256,0.01196,0.00311,0.08478
186.21,SYN.ETH-30AUG19,1566903543249,open,0.29,382.0,0.252,0.331,0.289319,124.54,0.303,0.0,ETH-30AUG19-240-P,186.09,0.0,0.0,0.0,0.0,0.0,0.0,0.00536,-0.11615,-0.01873,0.00158,-0.98746
186.51,SYN.ETH-6SEP19,1566903543249,open,0.05,46.0,0.017,0.072,0.044342,80.35,0.042,0.0,ETH-6SEP19-190-C,186.09,75.24,0.041,120.0,0.047,200.0,84.41,0.12205,-0.4965,0.0215,0.01614,0.47041
187.4,ETH-27SEP19,1566903543251,open,0.0,3828.0,0.001,0.011,0.000228,125.0,0.001,0.0,ETH-27SEP19-560-C,186.09,0.0,0.0,0.0,0.001,299.0,144.07,0.00397,-0.00804,0.00033,0.00011,0.00233
187.4,ETH-27SEP19,1566903543251,open,0.0,2062.0,0.001,0.013,0.003909,96.3,0.007,0.0,ETH-27SEP19-320-C,186.09,92.24,0.003,160.0,0.006,660.0,103.85,0.04537,-0.07076,0.00546,0.00159,0.03834
187.4,ETH-27SEP19,1566903543251,open,0.71,607.0,0.659,0.768,0.711486,96.3,0.761,0.0,ETH-27SEP19-320-P,186.09,0.0,0.0,0.0,1.39,1.0,500.0,0.04537,-0.07076,-0.26523,0.00159,-0.96166
186.21,SYN.ETH-30AUG19,1566903543253,open,0.0,4133.0,0.001,0.011,0.0,125.0,0.002,0.0,ETH-30AUG19-400-C,186.09,0.0,0.0,0.0,0.001,200.0,349.25,0.0,0.0,0.0,0.0,0.0
187.4,ETH-27SEP19,1566903543255,open,0.0,2913.0,0.001,0.011,0.000997,116.87,0.003,0.0,ETH-27SEP19-440-C,186.09,0.0,0.0,0.0,0.002,410.0,127.16,0.01404,-0.02657,0.00137,0.0004,0.00962
186.21,SYN.ETH-30AUG19,1566903543255,open,0.18,599.0,0.148,0.22,0.182391,97.05,0.18,0.0,ETH-30AUG19-220-P,186.09,0.0,0.177,200.0,0.188,200.0,145.78,0.011,-0.18558,-0.01692,0.00415,-0.9708
187.4,ETH-27SEP19,1566903543257,open,1.77,12.0,1.695,1.861,1.775257,125.0,1.193,0.0,ETH-27SEP19-520-P,186.09,0.0,0.0,0.0,0.0,0.0,0.0,0.00693,-0.01402,-0.43926,0.00019,-0.99567
189.95,ETH-27DEC19,1566903543257,open,2.17,0.0,2.069,2.273,2.166237,97.79,0.953,0.0,ETH-27DEC19-600-P,186.09,0.0,0.0,0.0,0.0,0.0,0.0,0.09423,-0.0378,-1.98295,0.0008,-0.96019
186.21,SYN.ETH-30AUG19,1566903543257,open,0.25,0.0,0.225,0.271,0.248323,125.0,None,0.0,ETH-30AUG19-140-C,186.09,0.0,0.0,0.0,0.0,0.0,0.0,0.0021,-0.04555,0.01096,0.00061,0.99568
189.95,ETH-27DEC19,1566903543259,open,1.54,21.0,1.459,1.633,1.542499,94.49,0.629,0.0,ETH-27DEC19-480-P,186.09,0.0,0.001,7.0,0.0,0.0,0.0,0.15868,-0.06151,-1.56369,0.00139,-0.92289
189.95,ETH-27DEC19,1566903543259,open,1.13,16.0,1.057,1.217,1.134316,92.79,1.195,0.0,ETH-27DEC19-400-P,186.09,0.0,0.001,8.0,2.073,1.0,500.0,0.23364,-0.08894,-1.2705,0.00209,-0.86883
189.95,ETH-27DEC19,1566903543261,open,1.34,0.0,1.257,1.424,1.337501,93.91,None,0.0,ETH-27DEC19-440-P,186.09,0.0,0.001,8.0,2.28,1.0,500.0,0.19384,-0.07468,-1.4186,0.00171,-0.89914
187.4,ETH-27SEP19,1566903543261,open,0.92,233.0,0.866,0.985,0.923147,102.93,0.634,0.0,ETH-27SEP19-360-P,186.09,0.0,0.5,44.0,0.0,0.0,0.0,0.02764,-0.04607,-0.30152,0.0009,-0.97888
187.4,ETH-27SEP19,1566903543261,open,0.57,0.0,0.56,0.587,0.573602,118.7,None,0.0,ETH-27SEP19-80-C,186.09,0.0,0.003,10.0,0.0,0.0,0.0,0.0067,-0.01287,0.06693,0.00019,0.99583
187.4,ETH-27SEP19,1566903543261,open,0.37,47.0,0.342,0.386,0.364168,93.22,0.689,0.0,ETH-27SEP19-120-C,186.09,0.0,0.0,0.0,0.0,0.0,0.0,0.04462,-0.06736,0.09484,0.00161,0.96244
187.4,ETH-27SEP19,1566903543261,open,0.0,7916.0,0.001,0.011,1e-05,125.0,0.001,0.0,ETH-27SEP19-760-C,186.09,0.0,0.0,0.0,0.001,200.0,176.97,0.00026,-0.00052,2e-05,1e-05,0.00012
187.4,ETH-27SEP19,1566903543261,open,1.03,259.0,0.969,1.094,1.029254,104.96,0.94,0.0,ETH-27SEP19-380-P,186.09,0.0,0.009,8.0,0.0,0.0,0.0,0.02096,-0.03562,-0.31926,0.00067,-0.98473
186.21,SYN.ETH-30AUG19,1566903543261,open,0.14,0.0,0.115,0.168,0.141788,93.52,None,0.0,ETH-30AUG19-160-C,186.09,0.0,0.0,0.0,0.0,0.0,0.0,0.01149,-0.18687,0.01214,0.0045,0.9692
189.95,ETH-27DEC19,1566903543263,open,1.75,37.0,1.662,1.846,1.749609,95.73,0.707,0.0,ETH-27DEC19-520-P,186.09,0.0,0.002,25.0,0.0,0.0,0.0,0.13296,-0.05222,-1.70507,0.00115,-0.9387
186.21,SYN.ETH-30AUG19,1566903543263,open,0.72,0.0,0.669,0.771,0.718471,117.14,None,0.0,ETH-30AUG19-320-P,186.09,0.0,0.0,0.0,0.0,0.0,0.0,0.0,0.0,-0.02521,0.0,-1.0
186.21,SYN.ETH-30AUG19,1566903543263,open,0.2,0.0,0.17,0.221,0.195324,122.61,None,0.0,ETH-30AUG19-150-C,186.09,0.0,0.0,0.0,0.0,0.0,0.0,0.00821,-0.17494,0.0115,0.00245,0.9794
187.4,ETH-27SEP19,1566903543265,open,0.0,3439.0,0.001,0.011,3.3e-05,125.0,0.001,0.0,ETH-27SEP19-680-C,186.09,0.0,0.0,0.0,0.001,200.0,165.15,0.00076,-0.00154,6e-05,2e-05,0.00039
189.95,ETH-27DEC19,1566903543267,open,0.41,0.0,0.372,0.436,0.406096,86.53,None,0.0,ETH-27DEC19-120-C,186.09,0.0,0.1,10.0,2.47,1.0,500.0,0.22124,-0.07854,0.29975,0.00212,0.8787
186.21,SYN.ETH-30AUG19,1566903543267,open,0.0,355.0,0.001,0.011,0.000483,107.05,0.001,0.0,ETH-30AUG19-230-C,186.09,0.0,0.0,0.0,0.001,251.0,119.05,0.00619,-0.08998,0.00021,0.00212,0.01481
186.21,SYN.ETH-30AUG19,1566903543273,open,0.0,1076.0,0.001,0.011,0.000465,124.55,0.001,0.0,ETH-30AUG19-240-C,186.09,0.0,0.0,0.0,0.001,200.0,138.61,0.00536,-0.08662,0.00018,0.00158,0.01254
187.4,ETH-27SEP19,1566903543279,open,0.0,5473.0,0.001,0.011,0.001002,98.04,0.002,0.0,ETH-27SEP19-100-P,186.09,0.0,0.0,0.0,0.002,160.0,108.59,0.0139,-0.02206,-0.00167,0.00048,-0.00951
189.95,ETH-27DEC19,1566903543279,open,0.04,5529.0,0.017,0.061,0.037841,86.53,0.041,0.0,ETH-27DEC19-120-P,186.09,84.94,0.036,200.0,0.039,180.0,87.52,0.22124,-0.07854,-0.10094,0.00212,-0.1213
186.21,SYN.ETH-30AUG19,1566903543281,open,0.0,3203.0,0.001,0.011,0.001023,93.52,0.002,0.0,ETH-30AUG19-160-P,186.09,0.0,0.0,0.0,0.002,200.0,106.37,0.01149,-0.18687,-0.00047,0.0045,-0.0308
186.21,SYN.ETH-30AUG19,1566903543281,open,0.0,367.0,0.001,0.011,4.9e-05,125.0,0.001,0.0,ETH-30AUG19-260-C,186.09,0.0,0.0,0.0,0.001,228.0,174.18,0.00084,-0.00904,2e-05,0.00025,0.00157
186.21,SYN.ETH-30AUG19,1566903543281,open,0.01,1115.0,0.001,0.024,0.00666,82.67,0.009,0.0,ETH-30AUG19-200-C,186.09,75.05,0.005,171.0,0.008,200.0,88.36,0.04252,-0.61119,0.00246,0.01883,0.17444
186.21,SYN.ETH-30AUG19,1566903543281,open,0.23,2.0,0.2,0.275,0.235634,107.05,0.144,0.0,ETH-30AUG19-230-P,186.09,0.0,0.0,0.0,0.0,0.0,0.0,0.00619,-0.11521,-0.01791,0.00212,-0.98519
187.4,ETH-27SEP19,1566903543283,open,2.2,27.0,2.109,2.301,2.201826,125.0,1.044,0.0,ETH-27SEP19-600-P,186.09,0.0,0.0,0.0,0.0,0.0,0.0,0.00228,-0.00462,-0.50736,6e-05,-0.99873
187.4,ETH-27SEP19,1566903543283,open,0.47,0.0,0.451,0.484,0.467384,98.04,None,0.0,ETH-27SEP19-100-C,186.09,0.0,0.003,10.0,0.0,0.0,0.0,0.0139,-0.02206,0.08293,0.00048,0.99049
189.95,ETH-27DEC19,1566903543283,open,0.11,1926.0,0.071,0.154,0.113371,86.53,0.113,0.0,ETH-27DEC19-160-P,186.09,83.23,0.107,200.0,0.114,50.0,86.86,0.36725,-0.13037,-0.2473,0.00352,-0.27653
189.95,ETH-27DEC19,1566903543283,open,2.38,0.0,2.273,2.487,2.375314,98.63,None,0.0,ETH-27DEC19-640-P,186.09,0.0,0.0,0.0,0.0,0.0,0.0,0.07964,-0.03223,-2.12024,0.00067,-0.96758
189.95,ETH-27DEC19,1566903543285,open,0.06,1039.0,0.024,0.09,0.055784,90.59,0.062,0.0,ETH-27DEC19-320-C,186.09,87.84,0.051,32.0,0.06,385.0,92.96,0.33434,-0.12426,0.11132,0.00306,0.2313
189.95,ETH-27DEC19,1566903543285,open,0.02,680.0,0.006,0.043,0.021102,93.91,0.024,0.0,ETH-27DEC19-440-C,186.09,90.74,0.018,240.0,0.024,150.0,96.66,0.19384,-0.07468,0.05059,0.00171,0.10086
186.21,SYN.ETH-30AUG19,1566903543285,open,0.0,4065.0,0.001,0.011,0.0,125.0,0.001,0.0,ETH-30AUG19-340-C,186.09,0.0,0.0,0.0,0.001,200.0,285.67,0.0,0.0,0.0,0.0,0.0
187.4,ETH-27SEP19,1566903543287,open,0.0,3419.0,0.001,0.011,6.2e-05,125.0,0.001,0.0,ETH-27SEP19-640-C,186.09,0.0,0.0,0.0,0.001,400.0,158.64,0.00131,-0.00266,0.0001,4e-05,0.0007
187.4,ETH-27SEP19,1566903543289,open,2.84,0.0,2.731,2.96,2.842067,125.0,None,0.0,ETH-27SEP19-720-P,186.09,0.0,0.0,0.0,0.0,0.0,0.0,0.00044,-0.0009,-0.60902,1e-05,-0.99978
189.95,ETH-27DEC19,1566903543289,open,0.01,2559.0,0.001,0.02,0.007511,97.79,0.011,0.0,ETH-27DEC19-600-C,186.09,94.53,0.006,280.0,0.009,110.0,100.62,0.09423,-0.0378,0.02049,0.0008,0.03981
187.4,ETH-27SEP19,1566903543289,open,0.0,2060.0,0.001,0.011,0.000496,118.7,0.003,0.0,ETH-27SEP19-80-P,186.09,0.0,0.0,0.0,0.001,10.0,129.54,0.0067,-0.01287,-0.00074,0.00019,-0.00417
189.95,ETH-27DEC19,1566903543289,open,2.58,0.0,2.477,2.702,2.584896,99.84,None,0.0,ETH-27DEC19-680-P,186.09,0.0,0.0,0.0,0.0,0.0,0.0,0.06906,-0.02829,-2.25642,0.00057,-0.9727
189.95,ETH-27DEC19,1566903543289,open,1.96,0.0,1.865,2.058,1.95716,96.05,0.845,0.0,ETH-27DEC19-560-P,186.09,0.0,0.0,0.0,0.0,0.0,0.0,0.10849,-0.04275,-1.84552,0.00094,-0.95259
187.4,ETH-27SEP19,1566903543291,open,0.18,392.0,0.147,0.215,0.183155,86.12,0.213,0.0,ETH-27SEP19-160-C,186.09,0.0,0.001,21.0,0.0,0.0,0.0,0.16335,-0.22782,0.09386,0.00638,0.77527
186.21,SYN.ETH-30AUG19,1566903543291,open,1.15,0.0,1.086,1.214,1.148089,0.0,None,0.0,ETH-30AUG19-400-P,186.09,0.0,0.0,0.0,0.0,0.0,0.0,0.0,0.0,-0.03151,0.0,-1.0
186.21,SYN.ETH-30AUG19,1566903543291,open,0.5,0.0,0.46,0.55,0.503666,124.98,None,0.0,ETH-30AUG19-280-P,186.09,0.0,0.0,0.0,0.0,0.0,0.0,9e-05,-0.00203,-0.02206,3e-05,-0.99985
186.21,SYN.ETH-30AUG19,1566903543293,open,0.0,3.0,0.001,0.011,1.5e-05,125.0,0.002,0.0,ETH-30AUG19-130-P,186.09,0.0,0.0,0.0,0.001,203.0,195.12,0.00029,-0.00276,-1e-05,8e-05,-0.00049
187.4,ETH-27SEP19,1566903543296,open,2.41,0.0,2.316,2.521,2.415217,125.0,None,0.0,ETH-27SEP19-640-P,186.09,0.0,0.0,0.0,0.0,0.0,0.0,0.00131,-0.00266,-0.54128,4e-05,-0.9993
189.95,ETH-27DEC19,1566903543296,open,0.01,2472.0,0.001,0.015,0.005007,99.84,0.005,0.0,ETH-27DEC19-680-C,186.09,93.35,0.003,630.0,0.007,150.0,104.74,0.06906,-0.02829,0.01414,0.00057,0.0273
186.21,SYN.ETH-30AUG19,1566903543296,open,0.0,320.0,0.001,0.011,0.000858,122.61,0.002,0.0,ETH-30AUG19-150-P,186.09,0.0,0.0,0.0,0.001,200.0,125.69,0.00821,-0.15968,-0.00031,0.00245,-0.0206
187.4,ETH-27SEP19,1566903543298,open,0.0,5739.0,0.001,0.011,0.001159,107.71,0.001,0.0,ETH-27SEP19-400-C,186.09,0.0,0.0,0.0,0.002,250.0,115.4,0.01677,-0.02926,0.00169,0.00052,0.0118
189.95,ETH-27DEC19,1566903543298,open,0.93,257.0,0.86,1.013,0.934741,91.75,0.947,0.0,ETH-27DEC19-360-P,186.09,0.0,0.008,4.0,1.024,110.0,139.51,0.28128,-0.10588,-1.11714,0.00254,-0.82661
187.4,ETH-27SEP19,1566903543298,open,0.0,2951.0,0.001,0.012,0.002122,102.93,0.006,0.0,ETH-27SEP19-360-C,186.09,93.33,0.001,260.0,0.003,200.0,108.22,0.02764,-0.04607,0.00301,0.0009,0.02112
187.4,ETH-27SEP19,1566903543300,open,0.68,0.0,0.67,0.689,0.679877,125.0,0.01,0.0,ETH-27SEP19-60-C,186.09,0.0,0.003,10.0,0.0,0.0,0.0,0.0009,-0.00181,0.05067,2e-05,0.99954
187.4,ETH-27SEP19,1566903543308,open,1.35,0.0,1.28,1.423,1.348916,116.87,None,0.0,ETH-27SEP19-440-P,186.09,0.0,0.0,0.0,0.0,0.0,0.0,0.01404,-0.02657,-0.37083,0.0004,-0.99038
187.4,ETH-27SEP19,1566903543315,open,0.5,727.0,0.454,0.556,0.503468,91.62,0.534,0.0,ETH-27SEP19-280-P,186.09,0.0,0.001,20.0,0.0,0.0,0.0,0.08465,-0.1256,-0.22489,0.00311,-0.91522
189.95,ETH-27DEC19,1566903543315,open,0.18,834.0,0.126,0.221,0.17724,86.53,0.181,0.0,ETH-27DEC19-200-C,186.09,83.8,0.171,218.0,0.184,194.0,89.5,0.43319,-0.15378,0.24175,0.00416,0.55839
187.4,ETH-27SEP19,1566903543315,open,0.0,1938.0,0.001,0.012,0.002505,97.84,0.007,0.0,ETH-27SEP19-340-C,186.09,86.41,0.001,460.0,0.004,360.0,105.23,0.03241,-0.05135,0.00365,0.00112,0.02552
187.4,ETH-27SEP19,1566903543315,open,0.0,2698.0,0.001,0.011,1.8e-05,125.0,0.001,0.0,ETH-27SEP19-720-C,186.09,0.0,0.0,0.0,0.001,421.0,171.25,0.00044,-0.0009,3e-05,1e-05,0.00022
187.4,ETH-27SEP19,1566903543315,open,0.0,1897.0,0.001,0.011,0.001506,104.96,0.004,0.0,ETH-27SEP19-380-C,186.09,0.0,0.0,0.0,0.003,360.0,115.37,0.02096,-0.03562,0.00218,0.00067,0.01527
187.4,ETH-27SEP19,1566903543315,open,3.05,0.0,2.938,3.18,3.055506,125.0,None,0.0,ETH-27SEP19-760-P,186.09,0.0,0.0,0.0,0.0,0.0,0.0,0.00026,-0.00052,-0.64287,1e-05,-0.99988
189.95,ETH-27DEC19,1566903543315,open,0.55,432.0,0.484,0.624,0.554499,89.34,0.564,0.0,ETH-27DEC19-280-P,186.09,0.0,0.0,0.0,1.474,1.0,500.0,0.38769,-0.1421,-0.7888,0.0036,-0.68916
187.4,ETH-27SEP19,1566903543315,open,0.02,2866.0,0.008,0.045,0.024186,86.28,0.024,0.0,ETH-27SEP19-240-C,186.09,83.51,0.022,328.0,0.026,1.0,88.52,0.15018,-0.20984,0.02705,0.00586,0.1948
186.21,SYN.ETH-30AUG19,1566903543315,open,0.02,928.0,0.001,0.038,0.01491,82.0,0.015,0.0,ETH-30AUG19-180-P,186.09,75.82,0.013,210.0,0.017,378.0,88.64,0.05812,-0.82855,-0.00473,0.02594,-0.30763
186.21,SYN.ETH-30AUG19,1566903543315,open,0.0,970.0,0.001,0.011,0.000154,125.0,0.001,0.0,ETH-30AUG19-140-P,186.09,0.0,0.0,0.0,0.001,200.0,159.51,0.0021,-0.02873,-7e-05,0.00061,-0.00432
186.21,SYN.ETH-30AUG19,1566903543315,open,0.0,894.0,0.001,0.011,0.000942,97.05,0.001,0.0,ETH-30AUG19-220-C,186.09,0.0,0.0,0.0,0.002,400.0,111.07,0.011,-0.17546,0.00041,0.00415,0.02921
187.4,ETH-27SEP19,1566903543317,open,0.01,7887.0,0.004,0.03,0.014398,88.84,0.015,0.0,ETH-27SEP19-140-P,186.09,86.13,0.013,200.0,0.016,300.0,91.82,0.09858,-0.14182,-0.01881,0.00374,-0.10423
187.4,ETH-27SEP19,1566903543317,open,0.4,1238.0,0.354,0.453,0.402228,88.93,0.421,0.0,ETH-27SEP19-260-P,186.09,0.0,0.006,7.0,0.0,0.0,0.0,0.11398,-0.16415,-0.20202,0.00431,-0.87214
189.95,ETH-27DEC19,1566903543317,open,0.01,1889.0,0.003,0.028,0.012047,95.73,0.018,0.0,ETH-27DEC19-520-C,186.09,92.64,0.01,485.0,0.014,110.0,98.4,0.13296,-0.05222,0.03124,0.00115,0.0613
187.4,ETH-27SEP19,1566903543317,open,1.56,0.0,1.487,1.642,1.562031,121.39,None,0.0,ETH-27SEP19-480-P,186.09,0.0,0.0,0.0,0.0,0.0,0.0,0.00985,-0.01937,-0.40512,0.00027,-0.99357
189.95,ETH-27DEC19,1566903543317,open,0.01,2120.0,0.001,0.023,0.009016,96.05,0.01,0.0,ETH-27DEC19-560-C,186.09,92.24,0.007,270.0,0.011,110.0,99.32,0.10849,-0.04275,0.02435,0.00094,0.04741
187.4,ETH-27SEP19,1566903543320,open,0.01,3864.0,0.001,0.017,0.006347,95.13,0.008,0.0,ETH-27SEP19-300-C,186.09,90.93,0.005,8.0,0.008,460.0,99.65,0.06418,-0.09887,0.00836,0.00227,0.05911
187.4,ETH-27SEP19,1566903543320,open,0.81,296.0,0.762,0.876,0.816806,97.84,0.848,0.0,ETH-27SEP19-340-P,186.09,0.0,0.0,0.0,1.19,1.0,484.72,0.03241,-0.05135,-0.28396,0.00112,-0.97448
189.95,ETH-27DEC19,1566903543320,open,0.27,53.0,0.223,0.311,0.271044,86.53,0.326,0.0,ETH-27DEC19-160-C,186.09,0.0,0.05,2.0,1.6,1.0,500.0,0.36725,-0.13037,0.28695,0.00352,0.72347
186.21,SYN.ETH-30AUG19,1566903543320,open,0.0,1381.0,0.001,0.011,4e-06,125.0,0.001,0.0,ETH-30AUG19-280-C,186.09,0.0,0.0,0.0,0.001,202.0,206.0,9e-05,-0.00072,0.0,3e-05,0.00015
187.4,ETH-27SEP19,1566903543322,open,0.08,6145.0,0.044,0.113,0.078463,85.45,0.078,0.0,ETH-27SEP19-180-P,186.09,84.14,0.077,15.0,0.081,296.0,87.73,0.20871,-0.2888,-0.07383,0.00822,-0.3873
186.21,SYN.ETH-30AUG19,1566903543322,open,0.61,0.0,0.565,0.66,0.611067,124.73,None,0.0,ETH-30AUG19-300-P,186.09,0.0,0.0,0.0,0.0,0.0,0.0,1e-05,-0.00017,-0.02364,0.0,-0.99999
187.4,ETH-27SEP19,1566903543324,open,0.0,6399.0,0.001,0.011,0.000444,125.0,0.001,0.0,ETH-27SEP19-520-C,186.09,0.0,0.0,0.0,0.001,300.0,135.84,0.00693,-0.01402,0.00062,0.00019,0.00433
189.95,ETH-27DEC19,1566903543324,open,0.08,532.0,0.041,0.119,0.080427,89.34,0.087,0.0,ETH-27DEC19-280-C,186.09,86.66,0.075,32.0,0.085,454.0,91.57,0.38769,-0.1421,0.14614,0.0036,0.31084
187.4,ETH-27SEP19,1566903543324,open,0.27,191.0,0.238,0.295,0.267333,88.84,0.5,0.0,ETH-27SEP19-140-C,186.09,0.0,0.0,0.0,0.0,0.0,0.0,0.09858,-0.14182,0.09962,0.00374,0.89577
186.21,SYN.ETH-30AUG19,1566903543324,open,0.05,831.0,0.017,0.077,0.04827,82.0,0.045,0.0,ETH-30AUG19-180-C,186.09,71.35,0.045,40.0,0.05,10.0,87.5,0.05812,-0.82855,0.00945,0.02594,0.69237
186.21,SYN.ETH-30AUG19,1566903543324,open,0.13,1.0,0.096,0.168,0.130974,95.93,0.102,0.0,ETH-30AUG19-210-P,186.09,0.0,0.125,200.0,0.136,200.0,124.57,0.02582,-0.43068,-0.01534,0.00985,-0.91455
186.21,SYN.ETH-30AUG19,1566903543324,open,0.0,646.0,0.001,0.018,0.004205,86.35,0.005,0.0,ETH-30AUG19-170-P,186.09,85.11,0.004,10.0,0.005,200.0,90.95,0.03107,-0.46648,-0.00167,0.01317,-0.10996
189.95,ETH-27DEC19,1566903543326,open,0.0,2573.0,0.001,0.014,0.004013,100.33,0.003,0.0,ETH-27DEC19-720-C,186.09,92.14,0.002,961.0,0.006,40.0,105.96,0.05826,-0.02398,0.0116,0.00048,0.0223
189.95,ETH-27DEC19,1566903543326,open,3.0,0.0,2.885,3.133,3.004178,100.33,None,0.0,ETH-27DEC19-760-P,186.09,0.0,0.0,0.0,0.0,0.0,0.0,0.0481,-0.0198,-2.52839,0.0004,-0.98221
187.4,ETH-27SEP19,1566903543326,open,2.62,0.0,2.523,2.741,2.628635,125.0,None,0.0,ETH-27SEP19-680-P,186.09,0.0,0.0,0.0,0.0,0.0,0.0,0.00076,-0.00154,-0.57516,2e-05,-0.99961
186.21,SYN.ETH-30AUG19,1566903543326,open,0.34,0.0,0.304,0.385,0.342713,125.0,None,0.0,ETH-30AUG19-250-P,186.09,0.0,0.0,0.0,0.0,0.0,0.0,0.00225,-0.04885,-0.01963,0.00066,-0.99533
186.21,SYN.ETH-30AUG19,1566903543326,open,0.0,3916.0,0.001,0.011,0.0,125.0,0.001,0.0,ETH-30AUG19-360-C,186.09,0.0,0.0,0.0,0.001,200.0,308.31,0.0,0.0,0.0,0.0,0.0
186.21,SYN.ETH-30AUG19,1566903543328,open,0.82,0.0,0.773,0.882,0.825876,0.0,None,0.0,ETH-30AUG19-340-P,186.09,0.0,0.0,0.0,0.0,0.0,0.0,0.0,0.0,-0.02679,0.0,-1.0
192.5,SYN.ETH-27MAR20,1566903543328,open,1.16,0.0,1.061,1.249,1.154295,92.58,None,0.0,ETH-27MAR20-400-P,186.09,0.0,0.0,0.0,2.058,1.0,500.0,0.46513,-0.10114,-2.14024,0.00232,-0.75204
186.51,SYN.ETH-6SEP19,1566903543357,open,0.06,3.0,0.03,0.097,0.06306,80.35,0.05,0.0,ETH-6SEP19-190-P,186.09,78.73,0.062,2.0,0.065,120.0,83.31,0.12205,-0.4965,-0.02991,0.01614,-0.52959
186.51,SYN.ETH-6SEP19,1566903543362,open,0.39,0.0,0.354,0.44,0.395029,93.54,None,0.0,ETH-6SEP19-260-P,186.09,0.0,0.0,0.0,0.0,0.0,0.0,0.01401,-0.06633,-0.06946,0.00159,-0.98134
10499.19,SYN.BTC-27MAR20,1566903543383,open,0.02,39.2,0.004,0.0415,0.01743592,95.23,0.016,0.0,BTC-27MAR20-40000-C,10136.46,92.74,0.015,2.0,0.0195,0.3,97.17,10.76768,-2.40836,3.2196,2e-05,0.07002
192.5,SYN.ETH-27MAR20,1566903543410,open,0.06,7.0,0.027,0.101,0.062193,93.01,0.062,0.0,ETH-27MAR20-440-C,186.09,91.08,0.058,284.0,0.066,2.0,94.73,0.42292,-0.09239,0.16522,0.0021,0.20936
192.5,SYN.ETH-27MAR20,1566903543483,open,1.35,0.0,1.252,1.447,1.347908,93.01,None,0.0,ETH-27MAR20-440-P,186.09,0.0,0.0,0.0,2.264,1.0,500.0,0.42292,-0.09239,-2.40095,0.0021,-0.79064
192.5,SYN.ETH-27MAR20,1566903543558,open,0.05,27.0,0.021,0.089,0.052428,94.06,0.049,0.0,ETH-27MAR20-480-C,186.09,91.3,0.047,292.0,0.057,2.0,96.3,0.38666,-0.08542,0.14398,0.0019,0.18067
186.51,SYN.ETH-6SEP19,1566903543598,open,0.1,0.0,0.061,0.135,0.098356,80.62,None,0.0,ETH-6SEP19-200-P,186.09,73.14,0.094,200.0,0.1,120.0,83.39,0.11009,-0.44936,-0.03914,0.01451,-0.67736
10162.35,SYN.BTC-6SEP19,1566903543610,open,0.01,32.9,0.0005,0.019,0.00637073,86.03,0.0065,0.0,BTC-6SEP19-8500-P,10136.46,82.7,0.0055,35.0,0.007,10.0,88.32,2.74286,-11.94726,-0.26847,0.00011,-0.09127
192.5,SYN.ETH-27MAR20,1566903543641,open,1.55,0.0,1.447,1.65,1.545934,94.06,None,0.0,ETH-27MAR20-480-P,186.09,0.0,0.0,0.0,0.0,0.0,0.0,0.38666,-0.08542,-2.65548,0.0019,-0.81933
10499.0,SYN.BTC-27MAR20,1566903543656,open,0.05,20.1,0.026,0.079,0.0509267,84.84,0.049,0.0,BTC-27MAR20-6000-P,10136.46,81.87,0.0465,2.0,0.052,10.0,85.55,15.80349,-3.14924,-10.31386,3e-05,-0.11751
186.51,SYN.ETH-6SEP19,1566903543689,open,0.01,148.0,0.002,0.033,0.014312,80.74,0.013,0.0,ETH-6SEP19-210-C,186.09,77.89,0.013,160.0,0.016,1.0,84.3,0.08696,-0.35549,0.00958,0.01144,0.20418
192.5,SYN.ETH-27MAR20,1566903543725,open,0.04,36.0,0.017,0.079,0.044599,94.99,0.059,0.0,ETH-27MAR20-520-C,186.09,91.85,0.039,298.0,0.05,152.0,97.86,0.35319,-0.0788,0.12612,0.00172,0.15694
186.51,SYN.ETH-6SEP19,1566903543787,open,0.14,0.0,0.101,0.179,0.140263,80.74,None,0.0,ETH-6SEP19-210-P,186.09,71.1,0.136,200.0,0.148,200.0,96.3,0.08696,-0.35549,-0.04724,0.01144,-0.79582
10499.0,SYN.BTC-27MAR20,1566903543787,open,0.04,14.7,0.0115,0.0685,0.0349322,92.76,0.039,0.0,BTC-27MAR20-30000-C,10136.46,90.57,0.0315,6.0,0.037,6.0,94.02,16.93133,-3.68874,5.8007,3e-05,0.12966
10162.35,SYN.BTC-6SEP19,1566903543809,open,0.02,110.4,0.0025,0.0335,0.01482189,83.88,0.0135,0.0,BTC-6SEP19-11500-C,10136.46,81.01,0.0135,5.0,0.016,24.0,86.38,4.73638,-20.11493,0.52031,0.0002,0.20405
192.5,SYN.ETH-27MAR20,1566903543809,open,1.75,0.0,1.643,1.855,1.745897,94.99,None,0.0,ETH-27MAR20-520-P,186.09,0.0,0.0,0.0,0.0,0.0,0.0,0.35319,-0.0788,-2.90663,0.00172,-0.84306
10162.35,SYN.BTC-6SEP19,1566903543833,open,0.31,0.0,0.2975,0.328,0.31206679,106.79,0.312,0.0,BTC-6SEP19-7000-C,10136.46,0.0,0.2995,1.0,0.325,1.0,186.82,0.57999,-3.13577,1.85428,2e-05,0.98645
10499.0,SYN.BTC-27MAR20,1566903543877,open,0.35,17.2,0.2895,0.419,0.35578103,87.01,0.355,0.0,BTC-27MAR20-12000-P,10136.46,84.27,0.3475,3.6,0.3625,7.0,89.23,31.71327,-6.48095,-49.20749,6e-05,-0.44784
192.5,SYN.ETH-27MAR20,1566903543894,open,0.04,21.0,0.013,0.069,0.037382,95.31,0.041,0.0,ETH-27MAR20-560-C,186.09,90.62,0.03,340.0,0.042,40.0,98.02,0.31915,-0.07144,0.10957,0.00155,0.13498
186.51,SYN.ETH-6SEP19,1566903543924,open,0.01,342.0,0.001,0.023,0.008165,83.07,0.008,0.0,ETH-6SEP19-220-C,186.09,76.33,0.006,400.0,0.01,200.0,88.2,0.06388,-0.26865,0.006,0.00817,0.12707
10162.35,SYN.BTC-6SEP19,1566903543924,open,0.27,0.0,0.2475,0.281,0.26347795,97.0,0.2645,0.0,BTC-6SEP19-7500-C,10136.46,0.0,0.249,1.0,0.2785,1.0,169.0,0.93234,-4.57893,1.96012,3e-05,0.97635
10162.35,SYN.BTC-6SEP19,1566903543926,open,0.04,101.1,0.0195,0.0725,0.04533725,81.39,0.0445,0.0,BTC-6SEP19-10000-P,10136.46,77.76,0.043,23.0,0.0465,1.0,83.19,6.55284,-27.00225,-1.29527,0.00029,-0.42574
192.5,SYN.ETH-27MAR20,1566903543975,open,1.95,0.0,1.84,2.06,1.946473,95.31,None,0.0,ETH-27MAR20-560-P,186.09,0.0,0.0,0.0,0.0,0.0,0.0,0.31915,-0.07144,-3.15647,0.00155,-0.86502
186.51,SYN.ETH-6SEP19,1566903544042,open,0.19,0.0,0.149,0.228,0.187733,83.07,None,0.0,ETH-6SEP19-220-P,186.09,66.64,0.183,200.0,0.196,200.0,103.87,0.06388,-0.26865,-0.05352,0.00817,-0.87293
192.5,SYN.ETH-27MAR20,1566903544072,open,0.03,160.0,0.01,0.061,0.031838,95.79,0.033,0.0,ETH-27MAR20-600-C,186.09,91.71,0.026,300.0,0.036,100.0,98.48,0.28953,-0.06514,0.09604,0.0014,0.11738
10217.41,BTC-27SEP19,1566903544113,open,0.04,702.7,0.018,0.068,0.04183056,85.41,0.044,0.0,BTC-27SEP19-12000-C,10136.46,84.09,0.0405,4.7,0.0435,13.0,87.05,10.33893,-14.29973,2.23503,0.00014,0.30042
10144.0,SYN.BTC-30AUG19,1566903544113,open,0.28,17.1,0.2565,0.31,0.28183429,115.09,0.249,0.0,BTC-30AUG19-13000-P,10136.46,0.0,0.26,3.0,0.302,3.0,267.49,0.21291,-4.26045,-1.01748,2e-05,-0.99128
10217.41,BTC-27SEP19,1566903544115,open,0.0,1073.7,0.0005,0.0105,0.00042744,120.0,0.0005,0.0,BTC-27SEP19-4250-P,10136.46,0.0,0.0,0.0,0.001,55.8,133.2,0.32003,-0.6219,-0.03478,0.0,-0.0036
10358.13,BTC-27DEC19,1566903544121,open,1.52,0.0,1.465,1.5915,1.52433211,92.42,None,0.0,BTC-27DEC19-26000-P,10136.46,0.0,0.0045,10.0,2.2825,0.2,500.0,8.26896,-3.13515,-84.79492,2e-05,-0.92735
186.51,SYN.ETH-6SEP19,1566903544141,open,0.0,226.0,0.001,0.015,0.004498,84.77,0.004,0.0,ETH-6SEP19-230-C,186.09,77.72,0.003,400.0,0.006,200.0,90.71,0.04381,-0.18804,0.0036,0.00549,0.07587
192.5,SYN.ETH-27MAR20,1566903544175,open,2.15,0.0,2.039,2.267,2.148721,95.79,None,0.0,ETH-27MAR20-600-P,186.09,0.0,0.0,0.0,0.0,0.0,0.0,0.28953,-0.06514,-3.40329,0.0014,-0.88262
10217.41,BTC-27SEP19,1566903544177,open,0.02,858.7,0.006,0.037,0.01925879,86.21,0.0195,0.0,BTC-27SEP19-8000-P,10136.46,85.0,0.0185,1.1,0.02,2.0,87.37,6.46595,-9.02682,-1.33692,8e-05,-0.13542
10144.0,SYN.BTC-30AUG19,1566903544177,open,0.04,532.1,0.012,0.0605,0.03666887,82.56,0.0335,0.0,BTC-30AUG19-10000-C,10136.46,79.17,0.0355,4.7,0.0385,4.3,87.87,3.49689,-50.1966,0.44353,0.00052,0.59163
10358.13,BTC-27DEC19,1566903544190,open,0.45,122.9,0.4205,0.4685,0.4443665,83.95,0.469,0.0,BTC-27DEC19-6000-C,10136.46,70.49,0.4335,7.0,0.4635,7.0,102.89,9.36672,-3.22614,16.25521,3e-05,0.91435
10217.41,BTC-27SEP19,1566903544190,open,0.32,743.3,0.3035,0.342,0.32210937,90.19,0.35,0.0,BTC-27SEP19-7000-C,10136.46,88.35,0.3215,4.2,0.3245,6.0,96.8,3.44146,-5.02659,5.35875,4e-05,0.94212
10217.41,BTC-27SEP19,1566903544190,open,1.93,0.0,1.879,1.997,1.93633067,120.0,None,0.0,BTC-27SEP19-30000-P,10136.46,0.0,0.0,0.0,0.0,0.0,0.0,0.17101,-0.33233,-25.36318,0.0,-0.9982
10144.0,SYN.BTC-30AUG19,1566903544192,open,0.31,0.0,0.296,0.3235,0.30994302,120.87,0.3065,0.0,BTC-30AUG19-7000-C,10136.46,0.0,0.2985,1.0,0.322,1.0,331.98,0.00755,-0.15866,0.55132,0.0,0.99978
10358.13,BTC-27DEC19,1566903544195,open,0.01,250.4,0.001,0.0225,0.0107766,86.15,0.0105,0.0,BTC-27DEC19-5000-P,10136.46,83.67,0.0095,6.0,0.012,31.0,88.38,5.51487,-1.94905,-1.87535,2e-05,-0.04345
10358.13,BTC-27DEC19,1566903544211,open,0.0,209.9,0.0005,0.011,0.0010171,106.26,0.001,0.0,BTC-27DEC19-2500-P,10136.46,97.51,0.0005,20.5,0.0015,15.8,111.95,0.76758,-0.33462,-0.18634,0.0,-0.00437
10217.41,BTC-27SEP19,1566903544211,open,0.11,616.0,0.074,0.138,0.10709889,83.91,0.108,0.0,BTC-27SEP19-10000-C,10136.46,81.62,0.1045,4.7,0.1095,10.2,86.03,11.59638,-15.75789,4.11517,0.00016,0.58323
10217.41,BTC-27SEP19,1566903544216,open,0.68,0.5,0.672,0.6915,0.68194195,120.0,0.694,0.0,BTC-27SEP19-3250-C,10136.46,0.0,0.674,1.0,0.6905,1.0,243.97,0.03018,-0.05864,2.74661,0.0,0.99973
10358.13,BTC-27DEC19,1566903544234,open,0.05,447.7,0.0175,0.077,0.04430103,86.8,0.044,0.0,BTC-27DEC19-18000-C,10136.46,86.3,0.0435,18.2,0.0475,18.9,88.77,16.62602,-5.92085,5.29573,5e-05,0.19742
186.51,SYN.ETH-6SEP19,1566903544237,open,0.24,0.0,0.199,0.279,0.237683,84.77,None,0.0,ETH-6SEP19-230-P,186.09,0.0,0.0,0.0,0.0,0.0,0.0,0.04381,-0.18804,-0.05863,0.00549,-0.92413
10217.41,BTC-27SEP19,1566903544239,open,0.16,390.4,0.132,0.1925,0.16335734,84.39,0.18,0.0,BTC-27SEP19-9000-C,10136.46,82.42,0.1615,4.5,0.1665,10.3,87.7,9.66231,-13.20518,4.97341,0.00013,0.73878
10144.0,SYN.BTC-30AUG19,1566903544245,open,0.0,383.6,0.0005,0.0125,0.00231227,91.74,0.0025,0.0,BTC-30AUG19-11500-C,10136.46,88.92,0.002,3.1,0.003,49.7,97.32,1.166,-18.59833,0.05153,0.00016,0.06679
10217.41,BTC-27SEP19,1566903544247,open,0.0,705.7,0.0005,0.011,0.00123435,98.08,0.002,0.0,BTC-27SEP19-20000-C,10136.46,88.35,0.0005,61.3,0.002,25.0,104.49,1.02723,-1.63162,0.10594,1e-05,0.01349
10144.0,SYN.BTC-30AUG19,1566903544251,open,0.17,0.0,0.145,0.183,0.16328462,109.65,0.177,0.0,BTC-30AUG19-8500-C,10136.46,0.0,0.1475,1.0,0.179,1.0,216.3,0.63066,-12.02398,0.64388,7e-05,0.96893
10358.13,BTC-27DEC19,1566903544257,open,0.02,240.1,0.009,0.0425,0.02361224,83.94,0.0205,0.0,BTC-27DEC19-6000-P,10136.46,83.26,0.023,3.0,0.0245,18.0,84.92,9.36532,-3.22525,-3.77823,3e-05,-0.08563
10358.13,BTC-27DEC19,1566903544257,open,0.62,27.2,0.6075,0.6305,0.61807022,90.26,0.63,0.0,BTC-27DEC19-4000-C,10136.46,0.0,0.6085,1.0,0.628,1.0,116.22,2.71642,-1.0059,12.56857,1e-05,0.98147
10358.13,BTC-27DEC19,1566903544277,open,0.03,675.9,0.011,0.062,0.03281157,88.7,0.035,0.0,BTC-27DEC19-20000-C,10136.46,87.35,0.031,6.0,0.0345,16.2,89.93,14.085,-5.12528,4.12565,4e-05,0.1521
10144.0,SYN.BTC-30AUG19,1566903544277,open,0.01,566.7,0.0005,0.0195,0.00517706,82.56,0.005,0.0,BTC-30AUG19-11000-C,10136.46,79.08,0.0045,38.1,0.005,6.2,81.67,2.02885,-29.12306,0.1098,0.0003,0.14256
10358.13,BTC-27DEC19,1566903544280,open,0.57,6.5,0.559,0.5875,0.57233947,87.62,0.575,0.0,BTC-27DEC19-4500-C,10136.46,0.0,0.5605,1.0,0.5845,1.0,111.57,3.92948,-1.41256,13.7974,1e-05,0.97126
10498.85,SYN.BTC-27MAR20,1566903544283,open,1.34,0.0,1.268,1.4235,1.34265982,90.47,None,0.0,BTC-27MAR20-24000-P,10136.46,0.0,0.0,0.0,0.0,0.0,0.0,22.26648,-4.73168,-131.36113,4e-05,-0.80266
10144.0,SYN.BTC-30AUG19,1566903544300,open,0.0,833.0,0.0005,0.011,0.00118387,101.49,0.0015,0.0,BTC-30AUG19-12000-C,10136.46,98.63,0.001,0.6,0.0015,50.3,105.84,0.68533,-12.00913,0.02652,8e-05,0.03436
10217.41,BTC-27SEP19,1566903544312,open,0.0,330.5,0.0005,0.011,0.00100061,117.51,0.001,0.0,BTC-27SEP19-4750-P,10136.46,107.66,0.0005,17.0,0.0015,55.3,124.37,0.64661,-1.23048,-0.07722,1e-05,-0.00793
10358.13,BTC-27DEC19,1566903544314,open,0.71,0.0,0.7025,0.722,0.71201608,99.36,None,0.0,BTC-27DEC19-3000-C,10136.46,0.0,0.704,1.0,0.72,1.0,135.45,1.20083,-0.48948,9.7101,0.0,0.99277
10217.41,BTC-27SEP19,1566903544314,open,0.47,31.7,0.4425,0.5165,0.47763656,89.14,0.449,0.0,BTC-27SEP19-15000-P,10136.46,0.0,0.1675,0.1,0.9105,0.3,500.0,4.75725,-6.86712,-12.00815,6e-05,-0.91171
10358.13,BTC-27DEC19,1566903544317,open,0.11,272.9,0.068,0.154,0.11131046,83.97,0.1215,0.0,BTC-27DEC19-13000-C,10136.46,82.5,0.108,23.6,0.1135,3.5,84.95,23.27855,-8.01958,10.35732,8e-05,0.41077
10358.13,BTC-27DEC19,1566903544317,open,0.01,147.5,0.0015,0.0285,0.01117777,93.58,0.0185,0.0,BTC-27DEC19-28000-C,10136.46,91.77,0.01,6.0,0.0125,6.0,95.48,6.97656,-2.67831,1.63181,2e-05,0.05836
10358.13,BTC-27DEC19,1566903544325,open,0.0,105.7,0.0005,0.0105,0.00073537,117.73,0.0005,0.0,BTC-27DEC19-2000-P,10136.46,112.52,0.0005,1.5,0.001,17.6,122.34,0.53292,-0.2574,-0.12611,0.0,-0.00291
10217.41,BTC-27SEP19,1566903544325,open,0.03,413.6,0.0085,0.048,0.02591866,87.01,0.0265,0.0,BTC-27SEP19-13000-C,10136.46,85.89,0.025,4.7,0.027,33.4,88.31,8.43399,-11.88373,1.54451,0.00011,0.20462
10358.13,BTC-27DEC19,1566903544325,open,2.85,0.0,2.7865,2.951,2.86511736,99.37,2.58,0.0,BTC-27DEC19-40000-P,10136.46,0.0,0.0,0.0,0.0,0.0,0.0,2.82662,-1.15235,-133.00887,1e-05,-0.98058
10358.13,BTC-27DEC19,1566903544325,open,0.09,487.2,0.0515,0.1335,0.09221296,84.77,0.109,0.0,BTC-27DEC19-14000-C,10136.46,83.27,0.089,14.9,0.095,3.7,86.06,22.29728,-7.75437,9.11083,7e-05,0.35564
10144.0,SYN.BTC-30AUG19,1566903544325,open,0.02,1600.8,0.0035,0.0455,0.02247246,82.56,0.025,0.0,BTC-30AUG19-10000-P,10136.46,78.28,0.021,4.8,0.024,4.7,86.98,3.49689,-50.19498,-0.34433,0.00052,-0.40837
10144.0,SYN.BTC-30AUG19,1566903544325,open,0.13,7.5,0.112,0.1635,0.13598639,91.73,0.133,0.0,BTC-30AUG19-11500-P,10136.46,0.0,0.131,12.0,0.1445,3.0,140.07,1.16573,-18.59226,-0.85452,0.00016,-0.93323
10144.0,SYN.BTC-30AUG19,1566903544325,open,0.21,23.1,0.1955,0.2295,0.21178175,120.02,0.2175,0.0,BTC-30AUG19-8000-C,10136.46,0.0,0.198,1.0,0.226,1.0,252.02,0.26575,-5.5457,0.62096,3e-05,0.98876
186.51,SYN.ETH-6SEP19,1566903544339,open,0.0,245.0,0.001,0.012,0.002992,89.72,0.003,0.0,ETH-6SEP19-240-C,186.09,83.3,0.002,5.0,0.004,800.0,95.1,0.03217,-0.14612,0.00242,0.00381,0.05104
10358.13,BTC-27DEC19,1566903544367,open,0.61,23.1,0.5505,0.668,0.6084406,86.02,0.6755,0.0,BTC-27DEC19-16000-P,10136.46,0.0,0.0045,5.0,1.3615,0.2,500.0,19.62659,-6.92627,-46.44473,6e-05,-0.73442
10217.41,BTC-27SEP19,1566903544367,open,0.59,9.2,0.5745,0.594,0.58447075,120.0,0.574,0.0,BTC-27SEP19-4250-C,10136.46,0.0,0.5765,1.0,0.593,1.0,193.16,0.32003,-0.6219,3.56034,0.0,0.9964
10217.41,BTC-27SEP19,1566903544382,open,1.54,0.0,1.495,1.599,1.54520124,117.8,None,0.0,BTC-27SEP19-26000-P,10136.46,0.0,0.091,1.0,0.0,0.0,0.0,0.45339,-0.86487,-21.95228,0.0,-0.99469
10144.0,SYN.BTC-30AUG19,1566903544382,open,0.02,728.9,0.0015,0.036,0.01542686,82.56,0.015,0.0,BTC-30AUG19-10500-C,10136.46,78.1,0.014,4.0,0.0155,0.5,82.79,3.26913,-46.92683,0.25311,0.00049,0.33212
10358.13,BTC-27DEC19,1566903544388,open,0.81,0.0,0.798,0.8175,0.8076535,117.79,None,0.0,BTC-27DEC19-2000-C,10136.46,0.0,0.7995,1.0,0.8155,1.0,173.97,0.53452,-0.2583,6.55157,0.0,0.99708
10358.13,BTC-27DEC19,1566903544388,open,0.86,0.1,0.8455,0.865,0.85538811,120.14,0.84,0.0,BTC-27DEC19-1500-C,10136.46,0.0,0.8475,1.0,0.8635,1.0,203.79,0.17778,-0.08762,4.97143,0.0,0.99913
10358.13,BTC-27DEC19,1566903544392,open,0.0,384.0,0.0005,0.0115,0.00163889,99.32,0.0015,0.0,BTC-27DEC19-3000-P,10136.46,85.37,0.0005,48.9,0.0025,22.4,105.77,1.19856,-0.48835,-0.30638,0.0,-0.00722
10358.13,BTC-27DEC19,1566903544392,open,0.17,422.3,0.12,0.213,0.16717257,81.96,0.16,0.0,BTC-27DEC19-10000-P,10136.46,80.75,0.1645,4.9,0.1705,3.8,83.48,22.75028,-7.65003,-18.85074,8e-05,-0.37786
10144.0,SYN.BTC-30AUG19,1566903544392,open,0.05,214.7,0.0235,0.0775,0.05052063,82.56,0.055,0.0,BTC-30AUG19-10500-P,10136.46,76.23,0.0485,4.8,0.0515,4.7,85.58,3.2691,-46.92481,-0.57415,0.00049,-0.66788
10144.0,SYN.BTC-30AUG19,1566903544392,open,0.26,0.0,0.246,0.276,0.26070915,120.12,0.2625,0.0,BTC-30AUG19-7500-C,10136.46,0.0,0.2485,1.0,0.2735,1.0,288.74,0.05588,-1.16709,0.58928,1e-05,0.99805
10217.41,BTC-27SEP19,1566903544396,open,0.51,789.2,0.501,0.524,0.51189145,113.75,0.5015,0.0,BTC-27SEP19-5000-C,10136.46,0.0,0.503,1.0,0.521,1.0,166.84,0.79351,-1.46171,4.13211,1e-05,0.98998
10217.41,BTC-27SEP19,1566903544396,open,0.95,0.0,0.9195,1.0015,0.95867948,98.1,0.691,0.0,BTC-27SEP19-20000-P,10136.46,0.0,0.0045,11.0,1.333,0.2,500.0,1.02833,-1.63368,-16.81212,1e-05,-0.98649
10358.13,BTC-27DEC19,1566903544407,open,4.01,0.8,3.922,4.1295,4.02206618,106.79,3.59,0.0,BTC-27DEC19-52000-P,10136.46,0.0,0.001,1.0,0.0,0.0,0.0,1.67125,-0.73216,-173.33046,0.0,-0.98945
10144.0,SYN.BTC-30AUG19,1566903544419,open,0.0,373.4,0.0005,0.0105,0.00028962,115.15,0.0005,0.0,BTC-30AUG19-13000-C,10136.46,0.0,0.0,0.0,0.0005,18.3,123.32,0.2135,-2.93792,0.00676,2e-05,0.00875
10217.41,BTC-27SEP19,1566903544423,open,0.66,261.1,0.648,0.6675,0.65750755,120.0,0.714,0.0,BTC-27SEP19-3500-C,10136.46,0.0,0.65,1.0,0.666,1.0,229.16,0.06146,-0.11944,2.95507,0.0,0.99941
10358.13,BTC-27DEC19,1566903544426,open,0.41,63.0,0.3775,0.4325,0.40515929,82.89,0.4965,0.0,BTC-27DEC19-6500-C,10136.46,56.01,0.381,7.0,0.4265,7.0,100.74,11.45107,-3.894,16.67584,4e-05,0.88731
186.51,SYN.ETH-6SEP19,1566903544433,open,0.29,0.0,0.25,0.333,0.289793,89.72,None,0.0,ETH-6SEP19-240-P,186.09,0.0,0.0,0.0,0.0,0.0,0.0,0.03217,-0.14612,-0.06251,0.00381,-0.94896
10144.0,SYN.BTC-30AUG19,1566903544437,open,0.0,1478.4,0.0005,0.0105,0.00042462,119.99,0.0005,0.0,BTC-30AUG19-8000-P,10136.46,0.0,0.0,0.0,0.001,61.0,136.16,0.26545,-4.30733,-0.00931,3e-05,-0.01123
186.51,SYN.ETH-6SEP19,1566903544523,open,0.0,30.0,0.001,0.011,0.001506,89.72,0.005,0.0,ETH-6SEP19-250-C,186.09,0.0,0.0,0.0,0.003,800.0,101.0,0.0197,-0.08948,0.00134,0.00233,0.02798
10498.85,SYN.BTC-27MAR20,1566903544534,open,2.26,0.0,2.1835,2.3555,2.2646045,93.95,None,0.0,BTC-27MAR20-34000-P,10136.46,0.0,0.09,1.0,0.0,0.0,0.0,14.11568,-3.11483,-193.74697,2e-05,-0.89957
10498.85,SYN.BTC-27MAR20,1566903544541,open,0.06,15.0,0.0235,0.098,0.05676665,90.51,0.0575,0.0,BTC-27MAR20-24000-C,10136.52,88.71,0.053,4.9,0.059,6.0,91.55,22.27736,-4.73575,8.61732,4e-05,0.1975
10162.35,SYN.BTC-6SEP19,1566903544541,open,0.01,132.8,0.0005,0.024,0.00885861,85.43,0.0095,0.0,BTC-6SEP19-12000-C,10136.52,82.95,0.008,24.1,0.0095,30.2,87.22,3.59137,-15.53388,0.3412,0.00015,0.13295
10498.85,SYN.BTC-27MAR20,1566903544541,open,0.65,0.0,0.5795,0.7245,0.65248217,87.54,None,0.0,BTC-27MAR20-16000-P,10136.52,0.0,0.0005,5.0,0.6745,0.1,95.01,30.61562,-6.29467,-77.69461,5e-05,-0.61638
10498.85,SYN.BTC-27MAR20,1566903544541,open,0.04,0.8,0.0145,0.077,0.04079915,92.1,0.043,0.0,BTC-27MAR20-28000-C,10136.52,89.9,0.037,6.0,0.043,16.0,93.33,18.56807,-4.01676,6.59378,3e-05,0.14849
10498.85,SYN.BTC-27MAR20,1566903544541,open,0.01,11.3,0.0025,0.0245,0.01228077,86.04,0.013,0.0,BTC-27MAR20-4000-P,10136.52,84.73,0.0115,5.0,0.013,6.0,87.21,6.3634,-1.28602,-2.96617,1e-05,-0.03616
10498.85,SYN.BTC-27MAR20,1566903544541,open,0.05,1.1,0.018,0.086,0.04780033,91.28,0.05,0.0,BTC-27MAR20-26000-C,10136.52,89.28,0.044,4.9,0.05,6.0,92.4,20.3243,-4.35736,7.51037,3e-05,0.17046
10162.35,SYN.BTC-6SEP19,1566903544541,open,0.23,0.0,0.207,0.2665,0.23507969,86.26,None,0.0,BTC-6SEP19-12500-P,10136.52,0.0,0.0,0.0,0.0,0.0,0.0,2.54431,-11.11181,-3.16903,0.00011,-0.91746
10162.35,SYN.BTC-6SEP19,1566903544541,open,0.01,109.1,0.0025,0.031,0.01342141,83.7,0.0105,0.0,BTC-6SEP19-9000-P,10136.52,81.47,0.0125,24.0,0.014,1.0,85.08,4.24243,-17.97785,-0.50648,0.00018,-0.17078
10162.35,SYN.BTC-6SEP19,1566903544541,open,0.19,20.0,0.16,0.2215,0.18968682,85.43,0.2,0.0,BTC-6SEP19-12000-P,10136.52,0.0,0.1665,3.0,0.2125,4.0,135.1,3.59123,-15.5329,-2.90562,0.00015,-0.86706
10498.85,SYN.BTC-27MAR20,1566903544541,open,0.1,3.6,0.055,0.151,0.10196308,88.01,0.1115,0.0,BTC-27MAR20-18000-C,10136.52,85.82,0.096,4.9,0.105,15.0,89.12,28.69567,-5.93213,13.38825,5e-05,0.32061
10498.85,SYN.BTC-27MAR20,1566903544541,open,0.02,1.9,0.006,0.0505,0.0230038,94.62,0.0245,0.0,BTC-27MAR20-36000-C,10136.52,92.96,0.021,1.0,0.0245,7.0,95.81,12.96447,-2.88132,4.07055,2e-05,0.08948
10162.35,SYN.BTC-6SEP19,1566903544541,open,0.11,28.8,0.0755,0.1395,0.1076458,83.88,0.101,0.0,BTC-6SEP19-11000-P,10136.52,74.8,0.1025,12.0,0.108,19.0,84.49,5.87017,-24.93005,-2.20212,0.00025,-0.69324
10162.35,SYN.BTC-6SEP19,1566903544541,open,0.0,27.6,0.0005,0.013,0.00307389,88.54,0.005,0.0,BTC-6SEP19-13000-C,10136.52,81.73,0.002,61.9,0.004,30.1,93.39,1.80104,-8.07361,0.13679,7e-05,0.05282
10498.85,SYN.BTC-27MAR20,1566903544541,open,0.08,22.0,0.041,0.13,0.0832218,89.03,0.085,0.0,BTC-27MAR20-20000-C,10136.52,86.75,0.0775,4.9,0.086,15.0,90.12,26.59079,-5.56065,11.53694,5e-05,0.27164
10498.85,SYN.BTC-27MAR20,1566903544541,open,0.48,0.0,0.4475,0.5105,0.47944651,84.85,0.476,0.0,BTC-27MAR20-6000-C,10136.52,63.35,0.4505,4.0,0.498,4.0,96.71,15.80435,-3.14962,24.67818,3e-05,0.88248
10498.85,SYN.BTC-27MAR20,1566903544541,open,0.5,8.6,0.4275,0.5675,0.49881372,87.53,0.4875,0.0,BTC-27MAR20-14000-P,10136.52,85.28,0.492,3.6,0.513,1.0,92.2,31.83867,-6.54577,-63.50748,6e-05,-0.53836
10162.35,SYN.BTC-6SEP19,1566903544541,open,0.03,50.4,0.0065,0.048,0.02521916,83.88,0.025,0.0,BTC-6SEP19-11000-C,10136.52,83.5,0.025,2.5,0.0255,0.3,84.37,5.87017,-24.93003,0.77412,0.00025,0.30676
10498.85,SYN.BTC-27MAR20,1566903544541,open,1.7,0.0,1.6315,1.7925,1.70771786,92.08,None,0.0,BTC-27MAR20-28000-P,10136.52,0.0,0.0,0.0,0.0,0.0,0.0,18.55975,-4.01397,-156.71176,3e-05,-0.85161
10162.35,SYN.BTC-6SEP19,1566903544541,open,0.22,0.0,0.1975,0.2365,0.21617368,92.81,0.217,0.0,BTC-6SEP19-8000-C,10136.52,0.0,0.199,1.0,0.2335,1.0,154.09,1.7279,-8.11938,2.01734,7e-05,0.94986
10498.85,SYN.BTC-27MAR20,1566903544541,open,0.13,6.4,0.0765,0.18,0.12853212,87.54,0.141,0.0,BTC-27MAR20-16000-C,10136.52,84.78,0.1205,14.9,0.1305,15.0,88.22,30.61652,-6.29551,15.62148,5e-05,0.38365
186.51,SYN.ETH-6SEP19,1566903544617,open,0.34,0.0,0.302,0.385,0.341924,89.72,None,0.0,ETH-6SEP19-250-P,186.09,0.0,0.0,0.0,0.0,0.0,0.0,0.0197,-0.08947,-0.06631,0.00233,-0.97202
186.51,SYN.ETH-6SEP19,1566903544856,open,0.25,0.0,0.227,0.275,0.251146,95.17,None,0.0,ETH-6SEP19-140-C,186.09,0.0,0.0,0.0,0.0,0.0,0.0,0.01973,-0.09507,0.03637,0.0022,0.97197
192.5,SYN.ETH-27MAR20,1566903544886,open,0.6,0.0,0.582,0.626,0.604835,90.13,None,0.0,ETH-27MAR20-80-C,186.09,0.0,0.03,1.0,0.0,0.0,0.0,0.15793,-0.03343,0.38456,0.00081,0.94737
186.51,SYN.ETH-6SEP19,1566903544950,open,0.0,0.0,0.001,0.011,0.00178,95.17,None,0.0,ETH-6SEP19-140-P,186.09,86.49,0.001,200.0,0.003,200.0,104.99,0.01973,-0.09507,-0.0015,0.0022,-0.02803
192.5,SYN.ETH-27MAR20,1566903544966,open,0.02,141.0,0.008,0.036,0.02042,90.13,0.018,0.0,ETH-27MAR20-80-P,186.09,87.1,0.018,40.0,0.023,480.0,93.19,0.15793,-0.03343,-0.08201,0.00081,-0.05263
192.5,SYN.ETH-27MAR20,1566903545367,open,0.25,370.0,0.192,0.301,0.251622,88.82,0.252,0.0,ETH-27MAR20-200-C,186.09,87.93,0.249,100.0,0.255,120.0,89.98,0.56349,-0.11756,0.40386,0.00294,0.61134
192.5,SYN.ETH-27MAR20,1566903545535,open,0.19,259.0,0.132,0.242,0.191386,89.32,0.208,0.0,ETH-27MAR20-240-C,186.09,86.24,0.182,220.0,0.197,120.0,91.17,0.58639,-0.12303,0.35444,0.00304,0.50709
192.5,SYN.ETH-27MAR20,1566903545707,open,0.15,106.0,0.091,0.196,0.146689,89.53,0.16,0.0,ETH-27MAR20-280-C,186.09,86.95,0.139,237.0,0.154,120.0,91.98,0.57416,-0.12074,0.305,0.00297,0.41835
10358.19,BTC-27DEC19,1566903545758,open,0.05,447.7,0.0175,0.077,0.04429988,86.8,0.044,0.0,BTC-27DEC19-18000-C,10136.52,86.3,0.0435,8.2,0.0475,18.9,88.77,16.62616,-5.92086,5.29579,5e-05,0.19742
192.5,SYN.ETH-27MAR20,1566903545790,open,0.6,51.0,0.518,0.679,0.601234,89.53,0.588,0.0,ETH-27MAR20-280-P,186.09,84.74,0.587,24.0,0.619,24.0,95.46,0.57416,-0.12074,-1.32802,0.00297,-0.58165
186.51,SYN.ETH-6SEP19,1566903545795,open,0.11,0.0,0.073,0.137,0.107067,81.54,None,0.0,ETH-6SEP19-170-C,186.09,77.28,0.105,40.0,0.112,40.0,91.31,0.09182,-0.37907,0.03375,0.01197,0.7758
186.51,SYN.ETH-6SEP19,1566903545878,open,0.02,363.0,0.004,0.04,0.018551,81.54,0.018,0.0,ETH-6SEP19-170-P,186.09,80.41,0.018,200.0,0.02,160.0,84.46,0.09182,-0.37907,-0.01225,0.01197,-0.2242
10498.85,SYN.BTC-27MAR20,1566903545932,open,0.04,14.7,0.0115,0.0685,0.03492875,92.76,0.039,0.0,BTC-27MAR20-30000-C,10136.52,90.58,0.0315,6.0,0.0375,6.0,94.32,16.93057,-3.68856,5.80038,3e-05,0.12966
10498.85,SYN.BTC-27MAR20,1566903545934,open,0.05,1.1,0.018,0.086,0.04779613,91.28,0.05,0.0,BTC-27MAR20-26000-C,10136.52,89.28,0.044,4.9,0.0505,6.0,92.66,20.3243,-4.35736,7.51037,3e-05,0.17046
10498.85,SYN.BTC-27MAR20,1566903545934,open,0.04,14.7,0.0115,0.0685,0.03492875,92.76,0.039,0.0,BTC-27MAR20-30000-C,10136.52,90.58,0.0315,6.0,0.0375,16.0,94.32,16.93057,-3.68856,5.80038,3e-05,0.12966
10498.85,SYN.BTC-27MAR20,1566903545935,open,0.05,1.1,0.018,0.086,0.04779613,91.28,0.05,0.0,BTC-27MAR20-26000-C,10136.52,89.28,0.044,4.9,0.0505,16.0,92.66,20.3243,-4.35736,7.51037,3e-05,0.17046
10162.42,SYN.BTC-6SEP19,1566903546096,open,0.17,0.0,0.148,0.192,0.16995016,86.02,0.169,0.0,BTC-6SEP19-8500-C,10136.52,0.0,0.15,5.0,0.191,5.0,142.48,2.74184,-11.94047,2.03149,0.00011,0.90878
189.95,ETH-27DEC19,1566903546212,open,0.0,3223.0,0.001,0.013,0.003125,100.33,0.002,0.0,ETH-27DEC19-760-C,186.09,88.35,0.001,348.0,0.005,40.0,106.58,0.0481,-0.0198,0.0093,0.0004,0.01779
187.4,ETH-27SEP19,1566903546214,open,0.04,1432.0,0.018,0.068,0.042069,85.53,0.047,0.0,ETH-27SEP19-220-C,186.09,82.48,0.039,328.0,0.045,682.0,88.41,0.18991,-0.26305,0.04111,0.00747,0.30142
186.21,SYN.ETH-30AUG19,1566903546222,open,0.04,259.0,0.011,0.072,0.040119,80.57,0.041,0.0,ETH-30AUG19-190-P,186.09,74.38,0.038,810.0,0.042,122.0,86.03,0.06398,-0.89621,-0.00935,0.02907,-0.5971
187.4,ETH-27SEP19,1566903546228,open,0.07,1656.0,0.039,0.103,0.072066,85.45,0.084,0.0,ETH-27SEP19-200-C,186.09,81.91,0.068,295.0,0.075,405.0,88.0,0.21539,-0.29806,0.05917,0.00848,0.44529
187.4,ETH-27SEP19,1566903546242,open,0.12,909.0,0.08,0.151,0.117951,85.45,0.126,0.0,ETH-27SEP19-180-C,186.09,81.9,0.114,96.0,0.122,206.0,89.09,0.20871,-0.28881,0.07843,0.00822,0.6127
187.4,ETH-27SEP19,1566903546244,open,0.14,3130.0,0.097,0.18,0.139302,85.45,0.131,0.0,ETH-27SEP19-200-P,186.09,81.7,0.135,1.0,0.142,96.0,87.8,0.21539,-0.29806,-0.11002,0.00848,-0.55471
186.21,SYN.ETH-30AUG19,1566903546247,open,0.0,10.0,0.001,0.011,0.000158,125.0,0.002,0.0,ETH-30AUG19-250-C,186.09,0.0,0.0,0.0,0.001,400.0,156.93,0.00225,-0.02934,7e-05,0.00066,0.00467
189.95,ETH-27DEC19,1566903546257,open,0.04,682.0,0.015,0.069,0.039505,91.75,0.045,0.0,ETH-27DEC19-360-C,186.09,89.34,0.036,32.0,0.043,433.0,94.07,0.28128,-0.10588,0.08492,0.00254,0.17339
189.95,ETH-27DEC19,1566903546279,open,0.38,814.0,0.315,0.444,0.38154,87.86,0.366,0.0,ETH-27DEC19-240-P,186.09,84.06,0.373,24.0,0.389,144.0,91.16,0.42862,-0.15449,-0.61109,0.00405,-0.58193
186.21,SYN.ETH-30AUG19,1566903546281,open,0.09,402.0,0.06,0.12,0.091267,86.35,0.092,0.0,ETH-30AUG19-170-C,186.09,60.39,0.088,40.0,0.095,40.0,105.94,0.03107,-0.4665,0.01172,0.01317,0.89004
189.95,ETH-27DEC19,1566903546287,open,0.23,2745.0,0.172,0.284,0.230149,86.53,0.22,0.0,ETH-27DEC19-200-P,186.09,83.4,0.223,24.0,0.237,164.0,89.54,0.43319,-0.15378,-0.42606,0.00416,-0.44161
189.95,ETH-27DEC19,1566903546291,open,0.03,1916.0,0.009,0.054,0.028499,92.79,0.031,0.0,ETH-27DEC19-400-C,186.09,89.85,0.025,40.0,0.032,450.0,95.56,0.23364,-0.08894,0.06512,0.00209,0.13117
186.51,SYN.ETH-6SEP19,1566903546506,open,0.03,160.0,0.006,0.05,0.026022,80.62,0.027,0.0,ETH-6SEP19-200-C,186.09,75.45,0.023,360.0,0.029,590.0,85.63,0.11009,-0.44936,0.01497,0.01451,0.32264
10498.6,SYN.BTC-27MAR20,1566903546565,open,2.07,0.0,1.999,2.167,2.07808242,93.33,None,0.0,BTC-27MAR20-32000-P,10136.52,0.0,0.08,1.0,0.0,0.0,0.0,15.4316,-3.38262,-181.51271,3e-05,-0.88636
10162.42,SYN.BTC-6SEP19,1566903546946,open,0.33,0.0,0.3025,0.3615,0.33030205,90.69,None,0.0,BTC-6SEP19-13500-P,10136.52,0.0,0.0,0.0,0.0,0.0,0.0,1.25153,-5.74627,-3.56521,5e-05,-0.96632
10498.6,SYN.BTC-27MAR20,1566903547063,open,0.03,1.6,0.0075,0.0555,0.02625703,94.03,0.028,0.0,BTC-27MAR20-34000-C,10136.52,91.52,0.023,6.0,0.0295,20.0,96.36,14.14444,-3.12375,4.5592,2e-05,0.10072
10162.42,SYN.BTC-6SEP19,1566903547108,open,0.13,0.0,0.102,0.1525,0.12779964,83.69,0.1135,0.0,BTC-6SEP19-9000-C,10136.52,0.0,0.1045,5.0,0.1515,5.0,132.83,4.24186,-17.97319,1.92874,0.00018,0.82926
10217.48,BTC-27SEP19,1566903547113,open,0.46,221.9,0.451,0.4765,0.4632101,102.62,0.4675,0.0,BTC-27SEP19-5500-C,10136.52,0.0,0.4615,3.0,0.4745,1.0,155.55,0.99885,-1.65989,4.52662,1e-05,0.98694
10217.48,BTC-27SEP19,1566903547113,open,0.0,428.2,0.0005,0.0105,0.00032143,120.0,0.0005,0.0,BTC-27SEP19-28000-C,10136.52,0.0,0.0,0.0,0.001,25.3,134.45,0.29822,-0.57952,0.02596,0.0,0.00332
10357.97,BTC-27DEC19,1566903547113,open,0.01,298.3,0.0005,0.024,0.00879362,94.47,0.013,0.0,BTC-27DEC19-30000-C,10136.52,92.07,0.0075,9.0,0.01,10.0,96.51,5.86937,-2.27467,1.31946,2e-05,0.04694
10357.97,BTC-27DEC19,1566903547113,open,0.03,207.0,0.014,0.055,0.03267678,82.88,0.0375,0.0,BTC-27DEC19-6500-P,10136.52,81.35,0.031,6.0,0.034,17.0,84.07,11.45011,-3.89319,-5.02729,4e-05,-0.11268
10217.48,BTC-27SEP19,1566903547115,open,0.0,287.3,0.0005,0.0105,0.00064124,111.4,0.0005,0.0,BTC-27SEP19-24000-C,10136.52,0.0,0.0,0.0,0.001,15.0,116.96,0.55605,-1.00308,0.05224,1e-05,0.00669
10217.48,BTC-27SEP19,1566903547115,open,0.0,761.0,0.0005,0.0105,8.655e-05,120.0,0.0005,0.0,BTC-27SEP19-32000-C,10136.52,0.0,0.0,0.0,0.0005,16.0,139.17,0.09813,-0.1907,0.00771,0.0,0.00098
10144.06,SYN.BTC-30AUG19,1566903547115,open,0.38,13.0,0.3535,0.409,0.38017002,121.8,0.2895,0.0,BTC-30AUG19-14000-P,10136.52,0.0,0.0,0.0,0.0,0.0,0.0,0.04971,-1.05275,-1.10167,1e-05,-0.99828
10144.06,SYN.BTC-30AUG19,1566903547115,open,0.01,212.5,0.0005,0.025,0.00812006,86.57,0.0085,0.0,BTC-30AUG19-9500-P,10136.52,88.16,0.0085,0.8,0.0095,5.1,92.24,2.41286,-36.31807,-0.15528,0.00034,-0.18617
10144.06,SYN.BTC-30AUG19,1566903547115,open,0.0,444.1,0.0005,0.0105,2.7e-07,120.0,0.0005,0.0,BTC-30AUG19-16000-C,10136.52,0.0,0.0,0.0,0.0005,12.0,207.49,0.00048,-0.00272,1e-05,0.0,1e-05
10217.48,BTC-27SEP19,1566903547126,open,2.12,0.0,2.0705,2.1965,2.13197732,120.31,None,0.0,BTC-27SEP19-32000-P,10136.52,0.0,0.0,0.0,0.0,0.0,0.0,0.1009,-0.1966,-27.06115,0.0,-0.99899
10217.48,BTC-27SEP19,1566903547126,open,0.63,0.0,0.6235,0.643,0.63310603,119.97,None,0.0,BTC-27SEP19-3750-C,10136.52,0.0,0.6255,1.0,0.642,1.0,218.1,0.1142,-0.22186,3.1611,0.0,0.99884
10217.48,BTC-27SEP19,1566903547131,open,0.0,1660.1,0.0005,0.0105,0.0,120.0,0.0005,0.0,BTC-27SEP19-1500-P,10136.52,0.0,0.0,0.0,0.0005,109.1,260.77,0.0,0.0,0.0,0.0,0.0
10498.46,SYN.BTC-27MAR20,1566903547133,open,0.36,10.0,0.315,0.4035,0.36141017,84.85,0.353,0.0,BTC-27MAR20-8000-C,10136.52,67.14,0.321,3.0,0.377,3.0,91.58,24.26268,-4.8354,25.10264,4e-05,0.77139
10357.97,BTC-27DEC19,1566903547136,open,1.9,0.2,1.8415,1.9765,1.90505253,94.36,2.03,0.0,BTC-27DEC19-30000-P,10136.52,0.0,0.005,1.0,0.0,0.0,0.0,5.84421,-2.26231,-98.85888,2e-05,-0.95331
10357.97,BTC-27DEC19,1566903547138,open,3.62,0.0,3.5435,3.7365,3.6362564,104.1,None,0.0,BTC-27DEC19-48000-P,10136.52,0.0,0.0,0.0,0.0,0.0,0.0,1.90663,-0.81429,-159.92446,1e-05,-0.98772
10144.06,SYN.BTC-30AUG19,1566903547141,open,0.47,0.0,0.45,0.509,0.47871047,130.0,None,0.0,BTC-30AUG19-15000-P,10136.52,0.0,0.0,0.0,0.0,0.0,0.0,0.01394,-0.31509,-1.18146,0.0,-0.99957
10217.48,BTC-27SEP19,1566903547145,open,0.0,422.0,0.0005,0.0105,6.012e-05,120.0,0.0005,0.0,BTC-27SEP19-3500-P,10136.52,0.0,0.0,0.0,0.0005,20.0,147.57,0.06146,-0.11944,-0.00561,0.0,-0.00059
10144.06,SYN.BTC-30AUG19,1566903547145,open,0.41,0.0,0.3965,0.42,0.40851732,0.0,None,0.0,BTC-30AUG19-6000-C,10136.52,0.0,0.0005,1.0,0.8,0.1,500.0,0.0,0.0,0.47272,0.0,1.0
10217.48,BTC-27SEP19,1566903547147,open,0.76,1.0,0.728,0.8055,0.76466669,96.43,0.575,0.0,BTC-27SEP19-18000-P,10136.52,0.0,0.0045,0.3,1.1615,0.3,500.0,2.02955,-3.16935,-14.99167,2e-05,-0.96986
10217.48,BTC-27SEP19,1566903547151,open,0.0,454.6,0.0005,0.0105,0.00023844,120.0,0.001,0.0,BTC-27SEP19-4000-P,10136.52,0.0,0.0,0.0,0.001,67.0,141.76,0.19763,-0.38405,-0.02028,0.0,-0.00211
10217.48,BTC-27SEP19,1566903547151,open,0.54,13.5,0.526,0.5475,0.53610784,117.46,0.382,0.0,BTC-27SEP19-4750-C,10136.52,0.0,0.528,1.0,0.545,1.0,175.26,0.64522,-1.22733,3.94105,1e-05,0.99209
10217.48,BTC-27SEP19,1566903547153,open,0.61,227.5,0.599,0.6185,0.60874981,119.86,0.606,0.0,BTC-27SEP19-4000-C,10136.52,0.0,0.601,1.0,0.6175,1.0,205.21,0.19599,-0.38043,3.36355,0.0,0.99791
10357.97,BTC-27DEC19,1566903547176,open,0.07,224.6,0.03,0.1015,0.06378225,86.03,0.062,0.0,BTC-27DEC19-16000-C,10136.52,84.82,0.0615,15.9,0.066,4.2,87.2,19.62802,-6.92784,6.98097,6e-05,0.26563
10357.97,BTC-27DEC19,1566903547176,open,0.01,154.7,0.0005,0.0205,0.00698895,95.28,0.0075,0.0,BTC-27DEC19-32000-C,10136.52,93.11,0.006,6.0,0.008,4.0,97.3,4.95402,-1.93639,1.0749,1e-05,0.03807
10357.97,BTC-27DEC19,1566903547176,open,0.37,110.3,0.309,0.422,0.36635263,83.96,0.3545,0.0,BTC-27DEC19-13000-P,10136.52,80.23,0.358,5.2,0.372,10.2,86.47,23.27752,-8.01815,-33.0513,8e-05,-0.58928
10217.48,BTC-27SEP19,1566903547176,open,0.07,632.9,0.0375,0.0965,0.06709558,83.91,0.0685,0.0,BTC-27SEP19-11000-C,10136.52,82.07,0.065,14.4,0.0685,0.5,85.14,11.66413,-15.84957,3.12309,0.00016,0.42844
10217.48,BTC-27SEP19,1566903547176,open,0.08,426.6,0.0535,0.118,0.08582078,83.91,0.084,0.0,BTC-27SEP19-10000-P,10136.52,82.31,0.084,14.4,0.0885,22.2,86.28,11.59639,-15.75851,-4.34385,0.00016,-0.41676
10144.06,SYN.BTC-30AUG19,1566903547176,open,0.18,51.1,0.16,0.212,0.18414926,101.59,0.185,0.0,BTC-30AUG19-12000-P,10136.52,0.0,0.1615,3.0,0.2045,3.0,214.99,0.68782,-12.14915,-0.9188,8e-05,-0.96548
10217.48,BTC-27SEP19,1566903547188,open,1.34,0.2,1.303,1.3995,1.34957308,111.69,1.6,0.0,BTC-27SEP19-24000-P,10136.52,0.0,0.09,1.0,0.0,0.0,0.0,0.5662,-1.02407,-20.24853,1e-05,-0.99318
10217.48,BTC-27SEP19,1566903547190,open,0.02,374.5,0.004,0.034,0.01577993,88.14,0.0155,0.0,BTC-27SEP19-14000-C,10136.52,86.08,0.0145,29.6,0.017,39.0,90.03,6.47041,-9.2351,1.03525,8e-05,0.13556
10217.48,BTC-27SEP19,1566903547190,open,0.3,45.1,0.2605,0.3375,0.298257,87.02,0.2775,0.0,BTC-27SEP19-13000-P,10136.52,81.71,0.294,6.5,0.3055,6.5,95.45,8.43505,-11.88651,-9.45202,0.00011,-0.79534
10357.97,BTC-27DEC19,1566903547190,open,0.02,258.7,0.007,0.05,0.02436867,90.01,0.0225,0.0,BTC-27DEC19-22000-C,10136.52,88.79,0.023,6.0,0.026,16.2,91.42,11.78633,-4.3522,3.21619,4e-05,0.11736
10144.06,SYN.BTC-30AUG19,1566903547190,open,0.0,150.7,0.0005,0.0105,6.184e-05,120.0,0.0005,0.0,BTC-30AUG19-7500-P,10136.52,0.0,0.0,0.0,0.0005,12.0,151.71,0.05543,-0.62736,-0.0016,1e-05,-0.00194
10217.48,BTC-27SEP19,1566903547192,open,0.01,633.6,0.0005,0.0175,0.00721514,90.2,0.008,0.0,BTC-27SEP19-7000-P,10136.52,88.02,0.0065,4.9,0.008,24.0,92.47,3.44159,-5.02697,-0.56264,4e-05,-0.05788
10217.48,BTC-27SEP19,1566903547192,open,0.8,28.2,0.7945,0.814,0.80425687,0.0,0.755,0.0,BTC-27SEP19-2000-C,10136.52,0.0,0.01,2.0,0.862,5.0,500.0,0.0,0.0,1.69182,0.0,1.0
10357.97,BTC-27DEC19,1566903547203,open,2.47,1.3,2.4085,2.56,2.48031467,97.26,2.2,0.0,BTC-27DEC19-36000-P,10136.52,0.0,0.0,0.0,0.0,0.0,0.0,3.66806,-1.4636,-119.4547,1e-05,-0.97354
10498.46,SYN.BTC-27MAR20,1566903547203,open,0.81,0.0,0.743,0.891,0.81643223,87.99,0.8095,0.0,BTC-27MAR20-18000-P,10136.52,66.63,0.763,1.0,0.843,1.0,97.47,28.69008,-5.9295,-91.59529,5e-05,-0.67951
10357.97,BTC-27DEC19,1566903547207,open,0.53,65.4,0.5115,0.546,0.52806729,86.16,0.608,0.0,BTC-27DEC19-5000-C,10136.52,0.0,0.5135,1.0,0.542,1.0,107.39,5.51755,-1.95042,14.81867,2e-05,0.95653
10144.06,SYN.BTC-30AUG19,1566903547207,open,0.07,47.6,0.0465,0.0955,0.0716058,86.55,0.0765,0.0,BTC-30AUG19-9500-C,10136.52,81.8,0.0705,6.0,0.0755,6.0,102.03,2.41239,-36.30096,0.59324,0.00034,0.81389
10144.06,SYN.BTC-30AUG19,1566903547211,open,0.57,0.0,0.5465,0.609,0.57728743,146.87,0.403,0.0,BTC-30AUG19-16000-P,10136.52,0.0,0.0,0.0,0.0,0.0,0.0,0.01,-0.25547,-1.26035,0.0,-0.9997
10217.48,BTC-27SEP19,1566903547222,open,1.73,0.0,1.687,1.798,1.74072585,120.09,None,0.0,BTC-27SEP19-28000-P,10136.52,0.0,0.0,0.0,0.0,0.0,0.0,0.30012,-0.58365,-23.65933,0.0,-0.99665
10144.06,SYN.BTC-30AUG19,1566903547229,open,0.23,0.0,0.2085,0.261,0.23296256,112.06,None,0.0,BTC-30AUG19-12500-P,10136.52,0.0,0.211,3.0,0.253,3.0,241.54,0.43948,-8.56293,-0.96926,5e-05,-0.97981
10217.48,BTC-27SEP19,1566903547234,open,0.0,603.4,0.0005,0.011,0.00125219,113.75,0.001,0.0,BTC-27SEP19-5000-P,10136.52,110.26,0.001,15.1,0.0015,31.3,116.76,0.79348,-1.46166,-0.09744,1e-05,-0.01002
10357.97,BTC-27DEC19,1566903547239,open,0.0,354.8,0.0005,0.014,0.00423423,90.24,0.0045,0.0,BTC-27DEC19-4000-P,10136.52,85.04,0.003,46.3,0.0055,19.6,94.71,2.71413,-1.00478,-0.78683,1e-05,-0.01852
10217.48,BTC-27SEP19,1566903547247,open,0.38,68.8,0.3495,0.425,0.38598948,88.15,0.3615,0.0,BTC-27SEP19-14000-P,10136.52,0.0,0.0045,10.0,0.427,5.0,137.45,6.47191,-9.23868,-10.80716,8e-05,-0.8644
10357.97,BTC-27DEC19,1566903547247,open,0.01,425.2,0.0005,0.0155,0.00480399,97.47,0.006,0.0,BTC-27DEC19-36000-C,10136.52,93.43,0.0035,45.6,0.006,6.0,100.57,3.70594,-1.48187,0.76024,1e-05,0.02679
10217.48,BTC-27SEP19,1566903547247,open,0.01,402.6,0.0005,0.018,0.00648994,92.12,0.0065,0.0,BTC-27SEP19-16000-C,10136.52,90.71,0.006,30.0,0.0065,25.0,92.15,3.62256,-5.40436,0.47801,4e-05,0.0618
10357.97,BTC-27DEC19,1566903547247,open,0.0,163.4,0.0005,0.0125,0.00250756,93.34,0.003,0.0,BTC-27DEC19-3500-P,10136.52,86.46,0.0015,36.3,0.0035,20.2,98.56,1.76967,-0.67767,-0.47635,1e-05,-0.01127
10144.06,SYN.BTC-30AUG19,1566903547247,open,0.0,356.2,0.0005,0.0105,2e-08,120.0,0.0005,0.0,BTC-30AUG19-17000-C,10136.52,0.0,0.0,0.0,0.0005,12.0,230.97,4e-05,-0.00017,0.0,0.0,0.0
10144.06,SYN.BTC-30AUG19,1566903547249,open,0.0,1216.5,0.0005,0.0135,0.00269658,94.22,0.003,0.0,BTC-30AUG19-9000-P,10136.52,92.55,0.0025,3.0,0.0035,1.0,100.51,1.21464,-19.89925,-0.05844,0.00016,-0.07043
10357.97,BTC-27DEC19,1566903547255,open,0.96,5.7,0.907,1.026,0.96364952,88.67,0.661,0.0,BTC-27DEC19-20000-P,10136.52,0.0,0.0045,5.0,1.466,1.0,326.87,14.07686,-5.1206,-62.65861,4e-05,-0.84803
10357.97,BTC-27DEC19,1566903547257,open,0.49,73.3,0.465,0.506,0.48508747,84.63,0.4875,0.0,BTC-27DEC19-5500-C,10136.52,0.0,0.4675,8.0,0.502,1.0,105.09,7.30618,-2.53656,15.66769,2e-05,0.9381
10357.97,BTC-27DEC19,1566903547257,open,0.44,294.4,0.3855,0.5015,0.44379748,84.76,0.45,0.0,BTC-27DEC19-14000-P,10136.52,0.0,0.006,3.0,1.18,0.2,500.0,22.2956,-7.75261,-37.63713,7e-05,-0.64442
10357.97,BTC-27DEC19,1566903547257,open,0.0,370.3,0.0005,0.013,0.00347968,99.6,0.004,0.0,BTC-27DEC19-40000-C,10136.52,95.64,0.0025,12.9,0.0045,16.0,102.98,2.86238,-1.16964,0.56137,1e-05,0.01971
10357.97,BTC-27DEC19,1566903547257,open,1.71,0.1,1.653,1.7835,1.7143523,93.49,1.49,0.0,BTC-27DEC19-28000-P,10136.52,0.0,0.0045,1.0,0.0,0.0,0.0,6.95517,-2.66767,-91.86773,2e-05,-0.94187
10144.06,SYN.BTC-30AUG19,1566903547259,open,0.0,141.6,0.0005,0.011,0.00121773,109.65,0.0015,0.0,BTC-30AUG19-8500-P,10136.52,105.94,0.001,2.8,0.0015,0.1,113.91,0.63044,-12.01885,-0.02579,7e-05,-0.03105
10144.06,SYN.BTC-30AUG19,1566903547259,open,0.0,702.2,0.0005,0.0105,1e-08,120.0,0.0005,0.0,BTC-30AUG19-6000-P,10136.52,0.0,0.0,0.0,0.0005,47.0,249.34,1e-05,-6e-05,0.0,0.0,0.0
10217.48,BTC-27SEP19,1566903547264,open,0.0,828.8,0.0005,0.012,0.0022614,95.68,0.002,0.0,BTC-27SEP19-6000-P,10136.52,89.59,0.0015,62.9,0.003,24.1,100.46,1.44346,-2.23645,-0.19306,2e-05,-0.02008
10217.48,BTC-27SEP19,1566903547264,open,0.57,34.4,0.537,0.612,0.5724442,92.15,0.396,0.0,BTC-27SEP19-16000-P,10136.52,0.0,0.005,1.0,0.9935,0.2,500.0,3.62577,-5.41088,-13.05602,4e-05,-0.93813
10498.46,SYN.BTC-27MAR20,1566903547264,open,1.89,0.0,1.815,1.979,1.89238433,92.69,None,0.0,BTC-27MAR20-30000-P,10136.52,0.0,0.07,1.0,0.0,0.0,0.0,16.90444,-3.68029,-169.17681,3e-05,-0.87062
10357.97,BTC-27DEC19,1566903547267,open,0.52,206.6,0.4665,0.584,0.52493953,85.54,0.454,0.0,BTC-27DEC19-15000-P,10136.52,0.0,0.0045,10.0,1.27,0.2,499.67,21.0515,-7.3879,-42.09422,7e-05,-0.69215
10144.06,SYN.BTC-30AUG19,1566903547267,open,0.33,3.0,0.305,0.3595,0.33097343,120.7,0.3195,0.0,BTC-30AUG19-13500-P,10136.52,0.0,0.308,3.0,0.3515,3.0,293.7,0.11787,-2.47365,-1.06015,1e-05,-0.99553
10217.48,BTC-27SEP19,1566903547270,open,0.85,42.8,0.8435,0.863,0.85319262,0.0,0.815,0.0,BTC-27SEP19-1500-C,10136.52,0.0,0.0,0.0,0.0,0.0,0.0,0.0,0.0,1.26886,0.0,1.0
10144.06,SYN.BTC-30AUG19,1566903547277,open,0.0,318.0,0.0005,0.0105,4.375e-05,120.0,0.0005,0.0,BTC-30AUG19-14000-C,10136.52,0.0,0.0,0.0,0.0005,12.0,154.15,0.04345,-0.44385,0.00115,0.0,0.00148
10217.48,BTC-27SEP19,1566903547280,open,0.42,713.5,0.4015,0.43,0.41502843,95.65,0.416,0.0,BTC-27SEP19-6000-C,10136.52,0.0,0.4035,1.0,0.428,1.0,143.81,1.4419,-2.23336,4.88265,2e-05,0.97995
10357.97,BTC-27DEC19,1566903547303,open,0.78,12.4,0.725,0.8425,0.78205589,86.78,0.559,0.0,BTC-27DEC19-18000-P,10136.52,0.0,0.0045,5.0,1.544,0.2,499.77,16.62052,-5.9174,-54.8097,5e-05,-0.80269
10357.97,BTC-27DEC19,1566903547311,open,0.01,561.7,0.0005,0.0165,0.00677464,87.61,0.0075,0.0,BTC-27DEC19-4500-P,10136.52,84.05,0.0055,10.4,0.008,31.0,90.69,3.92754,-1.41157,-1.22756,1e-05,-0.02872
10217.48,BTC-27SEP19,1566903547311,open,1.15,0.2,1.1115,1.201,1.15416243,106.73,1.391,0.0,BTC-27SEP19-22000-P,10136.52,0.0,0.0045,11.0,0.0,0.0,0.0,0.81241,-1.40418,-18.52958,1e-05,-0.9897
10217.48,BTC-27SEP19,1566903547317,open,0.0,557.4,0.0005,0.0115,0.00150382,102.62,0.0015,0.0,BTC-27SEP19-5500-P,10136.52,96.78,0.001,94.4,0.002,24.0,107.24,0.99907,-1.66035,-0.12592,1e-05,-0.01306
10357.97,BTC-27DEC19,1566903547317,open,0.0,304.9,0.0005,0.012,0.00224209,104.63,0.002,0.0,BTC-27DEC19-48000-C,10136.52,100.14,0.0015,2.0,0.003,16.0,108.21,1.96886,-0.84511,0.36307,1e-05,0.01274
10357.97,BTC-27DEC19,1566903547317,open,0.0,176.8,0.0005,0.0105,0.00019953,120.0,0.0005,0.0,BTC-27DEC19-1500-P,10136.52,0.0,0.0,0.0,0.001,25.1,143.78,0.17622,-0.08675,-0.03679,0.0,-0.00086
10357.97,BTC-27DEC19,1566903547317,open,2.09,0.3,2.0305,2.17,2.09633196,95.14,1.875,0.0,BTC-27DEC19-32000-P,10136.52,0.0,0.0,0.0,0.0,0.0,0.0,4.92463,-1.92213,-105.78233,1e-05,-0.96221
10217.48,BTC-27SEP19,1566903547317,open,0.71,225.7,0.6965,0.716,0.70639395,118.32,0.693,0.0,BTC-27SEP19-3000-C,10136.52,0.0,0.6985,1.0,0.715,1.0,260.07,0.01115,-0.02137,2.53684,0.0,0.99991
10144.06,SYN.BTC-30AUG19,1566903547317,open,0.0,455.3,0.0005,0.0105,3.76e-06,120.0,0.0005,0.0,BTC-30AUG19-15000-C,10136.52,0.0,0.0,0.0,0.0005,12.0,182.02,0.00514,-0.03813,0.00012,0.0,0.00015
10217.48,BTC-27SEP19,1566903547325,open,0.0,684.0,0.0005,0.0105,0.00016584,120.0,0.0005,0.0,BTC-27SEP19-30000-C,10136.52,0.0,0.0,0.0,0.001,47.0,142.12,0.17102,-0.33235,0.01411,0.0,0.0018
10217.48,BTC-27SEP19,1566903547325,open,0.0,406.8,0.0005,0.0105,1.05e-06,120.0,0.0005,0.0,BTC-27SEP19-2500-P,10136.52,0.0,0.0,0.0,0.0005,42.0,191.91,0.00169,-0.00329,-0.00012,0.0,-1e-05
10217.48,BTC-27SEP19,1566903547325,open,0.0,471.8,0.0005,0.0125,0.00297797,96.42,0.003,0.0,BTC-27SEP19-18000-C,10136.52,90.86,0.002,15.0,0.0035,24.0,98.92,2.02874,-3.16777,0.2346,2e-05,0.03012
10144.06,SYN.BTC-30AUG19,1566903547325,open,0.0,782.9,0.0005,0.0105,0.0,120.0,0.001,0.0,BTC-30AUG19-18000-C,10136.52,0.0,0.0,0.0,0.0005,12.0,252.76,0.0,-1e-05,0.0,0.0,0.0
10162.42,SYN.BTC-6SEP19,1566903547330,open,0.0,6.1,0.0005,0.0105,0.0008831,106.78,0.001,0.0,BTC-6SEP19-7000-P,10136.52,98.76,0.0005,2.0,0.001,30.0,108.74,0.57963,-3.13347,-0.03966,2e-05,-0.01354
10217.48,BTC-27SEP19,1566903547345,open,0.04,614.9,0.021,0.07,0.0442056,84.39,0.041,0.0,BTC-27SEP19-9000-P,10136.52,82.59,0.0425,19.3,0.046,12.7,86.29,9.66223,-13.20522,-2.63972,0.00013,-0.26121
10217.48,BTC-27SEP19,1566903547345,open,0.0,125.2,0.0005,0.0105,0.00012449,120.0,0.0005,0.0,BTC-27SEP19-3750-P,10136.52,0.0,0.0,0.0,0.001,57.0,150.88,0.11446,-0.22242,-0.01108,0.0,-0.00116
10217.48,BTC-27SEP19,1566903547345,open,0.0,143.6,0.0005,0.0105,0.00052505,117.79,0.0005,0.0,BTC-27SEP19-26000-C,10136.52,0.0,0.0,0.0,0.001,21.5,126.1,0.4534,-0.86489,0.04136,0.0,0.00531
10217.48,BTC-27SEP19,1566903547345,open,0.0,373.7,0.0005,0.0105,0.00064799,118.36,0.001,0.0,BTC-27SEP19-4500-P,10136.52,0.0,0.0,0.0,0.001,6.5,125.13,0.45423,-0.87064,-0.0516,0.0,-0.00532
10357.97,BTC-27DEC19,1566903547349,open,0.0,1343.9,0.0005,0.0115,0.00193735,107.29,0.0025,0.0,BTC-27DEC19-52000-C,10136.52,104.41,0.0015,3.0,0.0025,16.0,110.36,1.72468,-0.75913,0.31125,0.0,0.01094
10357.97,BTC-27DEC19,1566903547361,open,0.67,4.0,0.655,0.6745,0.66460873,93.37,0.666,0.0,BTC-27DEC19-3500-C,10136.52,0.0,0.6565,1.0,0.673,1.0,123.05,1.77197,-0.67877,11.2096,1e-05,0.98872
10144.06,SYN.BTC-30AUG19,1566903547361,open,0.09,154.8,0.064,0.1165,0.08956204,82.59,0.0735,0.0,BTC-30AUG19-11000-P,10136.52,60.62,0.086,6.0,0.0915,6.0,91.7,2.0299,-29.14824,-0.75677,0.0003,-0.85733
10144.06,SYN.BTC-30AUG19,1566903547361,open,0.77,0.0,0.74,0.8105,0.77444806,182.42,None,0.0,BTC-30AUG19-18000-P,10136.52,0.0,0.0,0.0,0.0,0.0,0.0,0.00901,-0.28569,-1.41794,0.0,-0.99973
10357.97,BTC-27DEC19,1566903547382,open,1.14,4.9,1.0915,1.212,1.14830363,89.98,1.0385,0.0,BTC-27DEC19-22000-P,10136.52,0.0,0.006,2.0,1.9125,0.3,500.0,11.77855,-4.34791,-70.24577,4e-05,-0.88275
10217.48,BTC-27SEP19,1566903547382,open,0.0,645.4,0.0005,0.0105,0.00098747,106.71,0.001,0.0,BTC-27SEP19-22000-C,10136.52,99.0,0.0005,11.1,0.0015,40.9,112.24,0.81115,-1.40165,0.08029,1e-05,0.01028
10217.48,BTC-27SEP19,1566903547382,open,0.01,556.0,0.0005,0.0235,0.00955409,89.14,0.0095,0.0,BTC-27SEP19-15000-C,10136.52,86.81,0.0085,43.1,0.0105,0.2,91.12,4.75731,-6.86711,0.68051,6e-05,0.08829
10217.48,BTC-27SEP19,1566903547382,open,0.0,492.7,0.0005,0.0105,4e-08,120.0,0.0005,0.0,BTC-27SEP19-2000-P,10136.52,0.0,0.0,0.0,0.0005,73.1,221.72,9e-05,-0.00018,-1e-05,0.0,0.0
10144.06,SYN.BTC-30AUG19,1566903547382,open,0.12,52.7,0.095,0.137,0.11547255,94.18,0.127,0.0,BTC-30AUG19-9000-C,10136.52,0.0,0.097,1.0,0.134,1.0,185.84,1.21347,-19.87066,0.65071,0.00016,0.92966
10357.97,BTC-27DEC19,1566903547390,open,0.01,232.2,0.0035,0.034,0.01426438,92.47,0.0195,0.0,BTC-27DEC19-26000-C,10136.52,90.84,0.013,6.0,0.0155,6.0,93.98,8.28107,-3.14139,2.02416,2e-05,0.07279
10357.97,BTC-27DEC19,1566903547392,open,0.04,263.0,0.021,0.0705,0.04410906,82.16,0.0435,0.0,BTC-27DEC19-7000-P,10136.52,80.93,0.0425,6.0,0.0435,25.0,81.69,13.57528,-4.57576,-6.50421,5e-05,-0.14395
10144.06,SYN.BTC-30AUG19,1566903547392,open,0.67,0.0,0.6435,0.71,0.67586762,165.08,None,0.0,BTC-30AUG19-17000-P,10136.52,0.0,0.0,0.0,0.0,0.0,0.0,0.00934,-0.26795,-1.33915,0.0,-0.99972
10217.48,BTC-27SEP19,1566903547396,open,0.76,55.9,0.7455,0.765,0.75532064,0.0,0.689,0.0,BTC-27SEP19-2500-C,10136.52,0.0,0.0045,11.0,0.838,5.0,500.0,0.0,0.0,2.11477,0.0,1.0
10357.97,BTC-27DEC19,1566903547400,open,1.33,0.0,1.278,1.4015,1.33598295,91.74,None,0.0,BTC-27DEC19-24000-P,10136.52,0.0,0.006,1.0,2.097,0.2,500.0,9.99055,-3.76006,-77.56161,3e-05,-0.9066
10357.97,BTC-27DEC19,1566903547400,open,3.24,0.0,3.165,3.3435,3.25061154,101.86,3.46,0.0,BTC-27DEC19-44000-P,10136.52,0.0,0.0,0.0,0.0,0.0,0.0,2.3015,-0.96179,-146.48308,1e-05,-0.98473
10162.42,SYN.BTC-6SEP19,1566903547405,open,0.14,0.0,0.1155,0.1785,0.14644958,83.89,None,0.0,BTC-6SEP19-11500-P,10136.52,73.82,0.142,12.0,0.152,12.0,95.25,4.73714,-20.12112,-2.59108,0.0002,-0.79589
10357.97,BTC-27DEC19,1566903547407,open,0.02,343.6,0.005,0.042,0.01896241,91.78,0.021,0.0,BTC-27DEC19-24000-C,10136.52,90.77,0.018,0.5,0.02,20.0,92.84,10.00042,-3.7653,2.57891,3e-05,0.09353
