underlying_price,underlying_index,timestamp,state,settlement_price,open_interest,min_price,max_price,mark_price,mark_iv,last_price,interest_rate,instrument_name,index_price,bid_iv,best_bid_price,best_bid_amount,best_ask_price,best_ask_amount,ask_iv,vega,theta,rho,gamma,delta
6173.8,BTC-28JUN19,1557485940018,open,0.93,10.0,0.869,1.024,0.94652933,86.23,1.243,0.0,BTC-28JUN19-12000-P,6281.32,0.0,0.0005,0.4,1.458,1.0,500.0,1.35049,-1.19131,-15.8793,3e-05,-0.97432
172.55,index_price,1557485940309,open,0.0,0.027,0.106,0.066022,75.62,None,0,ETH-24MAY19-170-C,172.55,72.98,0.064,150.0,0.069,150.0,79.51,0.13218,-0.36021,0.03302,0.01544,0.56934
172.55,index_price,1557485940355,open,0.0,0.21,0.289,0.249232,85.42,None,0,ETH-24MAY19-130-C,172.55,0.0,0.0,0.0,0.334,2.0,276.66,0.02737,-0.08424,0.0468,0.00283,0.96273
173.76,ETH-27SEP19,1557485940495,open,0.07,723.0,0.029,0.108,0.068339,79.31,0.062,0.0,ETH-27SEP19-260-C,172.55,77.7,0.065,178.0,0.072,40.0,81.05,0.36366,-0.10309,0.14261,0.00396,0.28251
173.76,ETH-27SEP19,1557485940495,open,0.13,5042.0,0.087,0.176,0.131611,71.56,0.11,0.0,ETH-27SEP19-160-P,172.55,68.21,0.124,106.0,0.131,40.0,71.29,0.3949,-0.10101,-0.31519,0.00477,-0.34174
173.14,ETH-28JUN19,1557485940497,open,0.12,2523.0,0.072,0.151,0.11117,70.6,0.102,0.0,ETH-28JUN19-170-C,172.55,68.39,0.108,180.0,0.114,120.0,72.58,0.24775,-0.17894,0.10853,0.00874,0.57927
173.76,ETH-27SEP19,1557485940497,open,0.0,174.0,0.001,0.042,0.002393,84.87,0.003,0.0,ETH-27SEP19-60-P,172.55,74.95,0.001,1946.0,0.004,150.0,92.39,0.03142,-0.00953,-0.00899,0.00032,-0.01111
173.14,ETH-28JUN19,1557485940499,open,0.01,678.0,0.001,0.049,0.009801,100.7,0.009,0.0,ETH-28JUN19-320-C,172.55,99.01,0.009,260.0,0.011,100.0,103.08,0.08421,-0.08674,0.01374,0.00208,0.06908
173.14,ETH-28JUN19,1557485940499,open,0.43,0.0,0.386,0.465,0.425028,79.97,None,0.0,ETH-28JUN19-100-C,172.55,0.0,0.0,0.0,0.0,0.0,0.0,0.03271,-0.02676,0.1283,0.00102,0.97842
173.14,ETH-28JUN19,1557485940505,open,0.2,1945.0,0.164,0.26,0.212275,76.0,0.236,0.0,ETH-28JUN19-200-P,172.55,72.83,0.208,120.0,0.216,120.0,78.73,0.2352,-0.18286,-0.19942,0.00771,-0.64785
173.76,ETH-27SEP19,1557485940505,open,0.13,1891.0,0.086,0.165,0.125871,73.02,0.125,0.0,ETH-27SEP19-200-C,172.55,71.86,0.123,120.0,0.13,30.0,74.7,0.42757,-0.11161,0.22655,0.00506,0.46609
173.14,ETH-28JUN19,1557485940505,open,0.03,9392.0,0.001,0.067,0.026709,70.6,0.021,0.0,ETH-28JUN19-140-P,172.55,66.52,0.023,302.0,0.026,160.0,69.83,0.16073,-0.11609,-0.04576,0.00567,-0.17066
172.55,index_price,1557485940507,open,0.0,270.0,0.001,0.043,0.003775,109.44,0.005,0,ETH-17MAY19-220-C,172.55,104.5,0.003,250.0,0.005,320.0,116.24,0.02876,-0.22888,0.00188,0.00469,0.0615
172.55,index_price,1557485940507,open,0.26,0.0,0.208,0.287,0.247627,103.0,None,0,ETH-17MAY19-130-C,172.55,0.0,0.001,18.0,0.332,1.0,388.0,0.01101,-0.08243,0.02384,0.00191,0.98094
173.76,ETH-27SEP19,1557485940509,open,0.02,846.0,0.001,0.062,0.022055,101.1,0.025,0.0,ETH-27SEP19-480-C,172.55,100.08,0.021,50.0,0.025,50.0,103.82,0.18181,-0.06571,0.04857,0.00155,0.095
173.76,ETH-27SEP19,1557485940519,open,0.27,1714.0,0.226,0.327,0.276884,73.02,0.295,0.0,ETH-27SEP19-200-P,172.55,70.63,0.271,87.0,0.281,30.0,74.69,0.42757,-0.11161,-0.53989,0.00506,-0.53391
173.14,ETH-28JUN19,1557485940519,open,0.32,25.0,0.276,0.355,0.315194,72.28,0.315,0.0,ETH-28JUN19-120-C,172.55,0.0,0.306,50.0,0.0,0.0,0.0,0.07983,-0.05903,0.14382,0.00275,0.93553
173.76,ETH-27SEP19,1557485940536,open,0.05,355.0,0.004,0.083,0.04365,85.74,0.047,0.0,ETH-27SEP19-320-C,172.55,84.74,0.042,40.0,0.047,40.0,87.71,0.29003,-0.08889,0.09614,0.00292,0.18803
173.14,ETH-28JUN19,1557485940539,open,0.02,2031.0,0.001,0.06,0.02008,89.01,0.019,0.0,ETH-28JUN19-260-C,172.55,86.38,0.018,260.0,0.022,200.0,91.33,0.14024,-0.12769,0.02754,0.00393,0.13886
173.14,ETH-28JUN19,1557485940539,open,1.06,0.0,1.003,1.169,1.086137,107.66,None,0.0,ETH-28JUN19-360-P,172.55,0.0,0.0,0.0,0.0,0.0,0.0,0.06362,-0.07007,-0.47245,0.00147,-0.95165
173.76,ETH-27SEP19,1557485940541,open,0.87,2.0,0.81,0.96,0.88527,85.74,0.953,0.0,ETH-27SEP19-320-P,172.55,0.0,0.0,0.0,0.0,0.0,0.0,0.29003,-0.08889,-1.13016,0.00292,-0.81197
173.14,ETH-28JUN19,1557485940545,open,0.06,2975.0,0.018,0.097,0.05714,76.0,0.061,0.0,ETH-28JUN19-200-C,172.55,73.68,0.054,347.0,0.06,160.0,78.1,0.2352,-0.18286,0.0684,0.00771,0.35215
172.55,index_price,1557485940548,open,0.16,330.0,0.121,0.213,0.167054,91.52,0.185,0,ETH-17MAY19-200-P,172.55,80.12,0.164,50.0,0.169,50.0,97.83,0.05089,-0.33867,-0.03361,0.00991,-0.86703
173.14,ETH-28JUN19,1557485940555,open,0.38,10.0,0.33,0.409,0.369826,77.28,0.265,0.0,ETH-28JUN19-110-C,172.55,0.0,0.0,0.0,0.0,0.0,0.0,0.05509,-0.04356,0.13672,0.00178,0.95955
173.76,ETH-27SEP19,1557485940555,open,0.17,573.0,0.122,0.201,0.161032,71.56,0.169,0.0,ETH-27SEP19-180-C,172.55,71.54,0.161,100.0,0.165,30.0,73.18,0.42483,-0.10867,0.26327,0.00513,0.55639
173.14,ETH-28JUN19,1557485940555,open,0.19,556.0,0.138,0.217,0.177046,70.6,0.16,0.0,ETH-28JUN19-150-C,172.55,65.3,0.171,100.0,0.178,40.0,71.43,0.19997,-0.14443,0.13357,0.00706,0.75317
173.76,ETH-27SEP19,1557485940555,open,0.06,861.0,0.018,0.097,0.057602,81.32,0.064,0.0,ETH-27SEP19-280-C,172.55,79.97,0.055,40.0,0.061,40.0,83.06,0.3368,-0.0979,0.12358,0.00358,0.24319
173.76,ETH-27SEP19,1557485940557,open,0.55,0.0,0.506,0.585,0.545696,75.09,None,0.0,ETH-27SEP19-80-C,172.55,0.0,0.0,0.0,0.0,0.0,0.0,0.07045,-0.01891,0.28344,0.00081,0.97135
173.76,ETH-27SEP19,1557485940557,open,0.45,0.0,0.402,0.481,0.441306,71.56,None,0.0,ETH-27SEP19-100-C,172.55,0.0,0.0,0.0,0.0,0.0,0.0,0.14593,-0.03733,0.32478,0.00176,0.92905
173.14,ETH-28JUN19,1557485940557,open,0.09,5239.0,0.05,0.136,0.093035,70.6,0.101,0.0,ETH-28JUN19-170-P,172.55,67.78,0.089,281.0,0.096,120.0,72.67,0.24775,-0.17894,-0.11911,0.00874,-0.42073
173.14,ETH-28JUN19,1557485940557,open,0.01,4003.0,0.001,0.045,0.00515,77.28,0.006,0.0,ETH-28JUN19-110-P,172.55,73.42,0.004,500.0,0.006,200.0,79.84,0.05509,-0.04356,-0.01057,0.00178,-0.04045
173.14,ETH-28JUN19,1557485940557,open,0.23,535.0,0.179,0.258,0.218114,70.6,0.201,0.0,ETH-28JUN19-140-C,172.55,0.0,0.005,5.0,1.0,100.0,500.0,0.16073,-0.11609,0.14171,0.00567,0.82934
172.55,index_price,1557485940557,open,0.11,770.0,0.072,0.16,0.115762,86.43,0.155,0,ETH-17MAY19-190-P,172.55,76.94,0.112,50.0,0.118,50.0,91.76,0.07117,-0.44731,-0.02893,0.01468,-0.77421
172.55,index_price,1557485940557,open,0.01,390.0,0.001,0.045,0.005564,82.84,0.004,0,ETH-17MAY19-150-P,172.55,75.82,0.004,250.0,0.007,250.0,88.57,0.04119,-0.24811,-0.00339,0.00886,-0.09876
6157.03,BTC-27SEP19,1557485940559,open,0.6,57.5,0.559,0.6385,0.5985556,81.37,0.389,0.0,BTC-27SEP19-2500-C,6281.41,0.0,0.008,10.0,0.6125,1.0,110.8,1.89386,-0.55088,8.98556,2e-05,0.97938
6157.03,BTC-27SEP19,1557485940559,open,0.76,42.8,0.719,0.7985,0.75856614,109.69,0.6235,0.0,BTC-27SEP19-1500-C,6281.41,0.0,0.3,1.0,0.8,1.0,217.52,0.81501,-0.31956,5.51313,1e-05,0.99222
6173.88,BTC-28JUN19,1557485940559,open,0.11,2501.9,0.0655,0.145,0.10519732,62.96,0.1055,0.0,BTC-28JUN19-6000-C,6281.41,61.06,0.1025,19.2,0.108,1.0,64.94,8.7588,-5.64178,4.04534,0.00027,0.59452
6173.88,BTC-28JUN19,1557485940559,open,0.6,24.4,0.5565,0.636,0.59615562,110.11,0.5115,0.0,BTC-28JUN19-2500-C,6281.41,0.0,0.001,0.2,0.835,1.0,500.0,0.45344,-0.51074,3.27882,1e-05,0.99276
6173.88,BTC-28JUN19,1557485940559,open,0.25,97.0,0.207,0.2865,0.24685055,67.86,0.1965,0.0,BTC-28JUN19-4750-C,6281.41,0.0,0.11,0.4,0.3275,25.0,150.11,4.49317,-3.1194,5.24251,0.00013,0.88098
6173.88,BTC-28JUN19,1557485940559,open,0.0,90.1,0.0005,0.042,0.00239654,90.59,0.004,0.0,BTC-28JUN19-3250-P,6281.41,84.18,0.0015,62.0,0.0035,52.0,96.69,0.99076,-0.91818,-0.16699,2e-05,-0.0178
6157.03,BTC-27SEP19,1557485940559,open,0.96,6.1,0.897,1.0545,0.97562646,79.11,1.781,0.0,BTC-27SEP19-12000-P,6281.41,0.0,0.013,10.0,1.7815,0.1,499.82,8.14077,-2.30197,-43.50474,7e-05,-0.86818
6157.03,BTC-27SEP19,1557485940559,open,0.81,3.1,0.747,0.892,0.81943297,76.36,1.9215,0.0,BTC-27SEP19-11000-P,6281.41,0.0,0.008,10.0,1.626,0.3,500.0,9.30327,-2.53938,-39.13603,8e-05,-0.83922
6173.97,BTC-28JUN19,1557485940560,open,0.68,20.1,0.6365,0.716,0.67622165,109.44,0.578,0.0,BTC-28JUN19-2000-C,6281.41,0.0,0.006,0.1,0.856,1.0,500.0,0.09574,-0.10718,2.66615,0.0,0.99871
6281.41,index_price,1557485940558,open,0.12,0.0,0.0765,0.1655,0.12105257,70.22,None,0,BTC-17MAY19-7000-P,6281.41,0.0,0.0005,1.0,0.165,0.3,168.6,1.9285,-9.84775,-1.15962,0.00037,-0.85897
6157.03,BTC-27SEP19,1557485940560,open,0.21,246.8,0.1695,0.249,0.20914109,64.56,0.2085,0.0,BTC-27SEP19-5500-C,6281.41,59.03,0.197,3.0,0.2245,3.0,71.53,13.53687,-3.12397,11.23176,0.00014,0.68516
6157.03,BTC-27SEP19,1557485940560,open,0.1,58.0,0.0585,0.1465,0.10242263,64.56,0.143,0.0,BTC-27SEP19-5500-P,6281.41,63.0,0.099,3.0,0.1055,9.4,65.96,13.53685,-3.12383,-9.84522,0.00014,-0.31484
6157.03,BTC-27SEP19,1557485940560,open,0.26,817.8,0.217,0.2965,0.25653824,64.76,0.2405,0.0,BTC-27SEP19-5000-C,6281.41,57.01,0.242,3.0,0.2745,3.0,74.05,11.73635,-2.71673,11.97695,0.00012,0.76414
6281.41,index_price,1557485940559,open,0.41,0.0,0.3645,0.444,0.40435433,104.31,None,0,BTC-31MAY19-3750-C,6281.41,0.0,0.001,2.0,0.0,0.0,0.0,0.54179,-1.35366,2.08898,2e-05,0.98583
6173.97,BTC-28JUN19,1557485940561,open,0.01,202.5,0.0005,0.0515,0.01148818,70.23,0.0125,0.0,BTC-28JUN19-4500-P,6281.41,67.58,0.01,42.0,0.0125,52.0,71.94,3.57857,-2.57087,-0.81457,0.0001,-0.08704
6157.03,BTC-27SEP19,1557485940561,open,0.02,157.9,0.0005,0.0665,0.02563537,67.17,0.0265,0.0,BTC-27SEP19-4000-P,6281.41,65.26,0.0235,14.0,0.0275,8.0,68.78,7.00344,-1.68145,-3.1184,7e-05,-0.10653
6173.97,BTC-28JUN19,1557485940560,open,0.16,235.6,0.113,0.1925,0.15251553,63.46,0.1485,0.0,BTC-28JUN19-5500-C,6281.41,56.74,0.1445,5.0,0.1585,5.1,68.37,7.46515,-4.84623,4.77721,0.00023,0.73036
6157.03,BTC-27SEP19,1557485940561,open,0.14,77.7,0.098,0.189,0.14372136,64.47,0.1375,0.0,BTC-27SEP19-6000-P,6281.41,62.91,0.14,7.8,0.147,3.0,65.85,14.68383,-3.38395,-12.72957,0.00016,-0.39578
6157.03,BTC-27SEP19,1557485940561,open,0.68,28.2,0.6385,0.718,0.67843924,94.05,0.608,0.0,BTC-27SEP19-2000-C,6281.41,0.0,0.008,5.0,0.688,1.0,123.24,1.28685,-0.43264,7.27746,1e-05,0.98687
6157.12,BTC-27SEP19,1557485940561,open,0.65,2.0,0.6,0.733,0.66636735,73.72,1.8325,0.0,BTC-27SEP19-10000-P,6281.41,0.0,0.011,10.0,1.47,0.3,499.69,10.73527,-2.82912,-34.55195,0.0001,-0.79798
6173.97,BTC-28JUN19,1557485940561,open,0.46,6.6,0.411,0.528,0.4696968,73.75,0.544,0.0,BTC-28JUN19-9000-P,6281.41,0.0,0.004,0.2,1.0275,1.0,500.0,4.06713,-3.06858,-11.29431,0.00011,-0.89644
6157.12,BTC-27SEP19,1557485940561,open,0.01,365.2,0.0005,0.0545,0.01440134,69.84,0.016,0.0,BTC-27SEP19-3500-P,6281.41,67.31,0.0125,14.0,0.016,8.0,71.85,4.77033,-1.19088,-1.84802,5e-05,-0.06392
6281.41,index_price,1557485940559,open,0.03,85.7,0.0005,0.073,0.03204734,63.17,0.034,0,BTC-17MAY19-6250-P,6281.41,64.92,0.033,24.0,0.0345,3.0,67.67,3.42181,-15.71825,-0.58187,0.00073,-0.45971
6281.41,index_price,1557485940558,open,0.1,0.028,0.113,0.07039874,64.65,0.073,0,BTC-24MAY19-6500-P,6281.41,67.41,0.0725,24.0,0.077,24.0,73.29,4.78104,-11.13841,-1.55911,0.00049,-0.58252
6157.12,BTC-27SEP19,1557485940561,open,0.03,80.1,0.0005,0.0725,0.03153066,68.79,0.039,0.0,BTC-27DEC19-3500-P,6281.41,67.27,0.0295,8.0,0.033,5.0,69.87,8.32648,-1.24044,-4.95816,5e-05,-0.09578
6173.97,BTC-28JUN19,1557485940562,open,0.0,409.0,0.0005,0.0435,0.00340351,86.38,0.004,0.0,BTC-28JUN19-3500-P,6281.41,81.83,0.0025,42.0,0.0045,52.0,91.04,1.33702,-1.18154,-0.23792,3e-05,-0.02538
6281.41,index_price,1557485940559,open,0.2,0.054,0.1415,0.0976859,64.66,0.0995,0,BTC-24MAY19-6750-P,6281.41,70.88,0.102,8.0,0.1065,8.0,77.21,4.29516,-10.00709,-1.89087,0.00044,-0.69416
6173.97,BTC-28JUN19,1557485940562,open,0.0,372.4,0.0005,0.0425,0.00283176,86.51,0.0035,0.0,BTC-28JUN19-12000-C,6281.41,82.33,0.002,52.0,0.0035,10.8,89.32,1.37011,-1.21253,0.19259,3e-05,0.02613
6157.12,BTC-27SEP19,1557485940562,open,0.37,2.5,0.324,0.434,0.3788582,69.06,1.278,0.0,BTC-27SEP19-8000-P,6281.41,0.0,0.008,10.0,1.1605,0.3,499.53,14.04398,-3.4668,-24.39314,0.00014,-0.65495
6173.97,BTC-28JUN19,1557485940563,open,0.36,317.7,0.319,0.3985,0.3587128,78.6,0.35,0.0,BTC-28JUN19-4000-C,6281.41,0.0,0.06,2.0,0.4,10.0,143.99,2.29907,-1.84853,4.89524,6e-05,0.95083
6173.97,BTC-28JUN19,1557485940563,open,0.0,799.4,0.0005,0.04,0.00035978,110.0,0.001,0.0,BTC-28JUN19-20000-C,6281.41,0.0,0.0,0.0,0.001,13.0,121.53,0.22372,-0.25174,0.02411,0.0,0.00328
6157.12,BTC-27SEP19,1557485940561,open,1.3,0.0,1.22,1.4045,1.31238438,77.72,None,0.0,BTC-27DEC19-14000-P,6281.41,0.0,0.008,10.0,2.2045,0.2,500.0,11.61439,-1.95497,-84.06396,6e-05,-0.84609
6281.41,index_price,1557485940559,open,0.0,97.4,0.0005,0.0405,0.00075992,107.66,0.0005,0,BTC-31MAY19-3500-P,6281.41,0.0,0.0,0.0,0.0015,11.0,118.5,0.33633,-0.86729,-0.03217,1e-05,-0.0082
6157.12,BTC-27SEP19,1557485940559,open,0.07,130.2,0.0325,0.118,0.07526785,66.29,0.077,0.0,BTC-27DEC19-4500-P,6281.41,65.25,0.073,6.4,0.077,4.9,67.08,13.51644,-1.94044,-10.54001,9e-05,-0.19536
6281.41,index_price,1557485940558,open,0.23,0.0,0.1865,0.285,0.2356278,84.88,None,0,BTC-17MAY19-7750-P,6281.41,0.0,0.0,0.0,0.303,0.2,263.35,0.74995,-4.62879,-1.41419,0.00012,-0.95953
6157.12,BTC-27SEP19,1557485940564,open,1.12,0.0,1.049,1.219,1.13395318,82.07,None,0.0,BTC-27SEP19-13000-P,6281.41,0.0,0.008,50.0,1.9375,0.3,499.59,7.25116,-2.12723,-47.71335,6e-05,-0.88819
6157.12,BTC-27SEP19,1557485940562,open,0.03,18.0,0.0005,0.0705,0.03089131,81.23,0.0255,0.0,BTC-27DEC19-16000-C,6281.41,80.68,0.03,8.0,0.032,0.1,81.91,10.02472,-1.76355,3.62673,5e-05,0.12401
172.55,index_price,1557485940558,open,0.06,203.0,0.028,0.113,0.07058,81.92,0.068,0,ETH-17MAY19-180-P,172.55,74.99,0.067,150.0,0.073,150.0,86.55,0.08977,-0.53475,-0.02262,0.01954,-0.62542
6281.41,index_price,1557485940559,open,0.02,181.6,0.0005,0.063,0.02320086,64.58,0.0245,0,BTC-31MAY19-7000-C,6281.41,61.09,0.0205,32.0,0.0235,0.4,64.96,4.93231,-7.62876,0.87323,0.00034,0.26627
6281.41,index_price,1557485940562,open,0.33,9.8,0.2865,0.366,0.3262818,92.9,0.212,0,BTC-31MAY19-4250-C,6281.41,0.0,0.0005,0.3,0.0,0.0,0.0,1.04406,-2.32318,2.30981,5e-05,0.96922
6157.12,BTC-27SEP19,1557485940562,open,0.17,43.1,0.121,0.2005,0.16063386,66.46,0.146,0.0,BTC-27DEC19-7000-C,6281.41,64.37,0.154,10.0,0.1625,14.8,67.05,19.53122,-2.81123,13.55207,0.00012,0.5086
6157.12,BTC-27SEP19,1557485940564,open,0.03,1003.0,0.0005,0.0745,0.0335829,66.28,0.0415,0.0,BTC-27SEP19-4250-P,6281.41,64.71,0.0315,14.0,0.0355,8.0,67.7,8.225,-1.94869,-3.94945,9e-05,-0.1338
6173.97,BTC-28JUN19,1557485940564,open,0.02,1474.9,0.0005,0.0625,0.0226924,69.03,0.022,0.0,BTC-28JUN19-8000-C,6281.41,68.32,0.022,111.3,0.0245,26.1,70.86,6.0149,-4.24775,1.33545,0.00017,0.18423
6157.12,BTC-27SEP19,1557485940560,open,0.35,9.6,0.3045,0.384,0.34439005,66.28,0.323,0.0,BTC-27DEC19-4500-C,6281.41,57.48,0.3255,5.0,0.366,5.0,75.96,13.51601,-1.94016,17.92517,9e-05,0.80465
6281.41,index_price,1557485940562,open,0.22,83.9,0.173,0.2525,0.21286355,77.97,0.2155,0,BTC-31MAY19-5000-C,6281.41,0.0,0.204,10.0,0.2205,2.0,94.64,2.51812,-4.7023,2.49035,0.00014,0.90606
6281.41,index_price,1557485940558,open,0.0,0.1895,0.288,0.23884842,73.57,None,0,BTC-24MAY19-7750-P,6281.41,0.0,0.0,0.0,0.0,0.0,0.0,1.85182,-4.90918,-2.7629,0.00017,-0.91819
6157.12,BTC-27SEP19,1557485940562,open,0.03,27.7,0.0005,0.075,0.03519971,80.01,0.0365,0.0,BTC-27DEC19-15000-C,6281.41,78.75,0.033,8.0,0.0375,8.1,81.3,10.89059,-1.88717,4.07511,6e-05,0.13983
6157.12,BTC-27SEP19,1557485940560,open,0.99,0.1,0.921,1.0805,1.00092416,74.33,0.001,0.0,BTC-27DEC19-12000-P,6281.41,0.0,0.008,10.0,1.8845,0.3,500.0,13.80617,-2.22241,-70.04693,8e-05,-0.79764
6281.41,index_price,1557485940559,open,0.0,148.8,0.0005,0.042,0.00222619,80.56,0.0025,0,BTC-17MAY19-5250-P,6281.41,74.55,0.0015,40.0,0.0025,0.4,82.54,0.84215,-4.9334,-0.05791,0.00014,-0.04672
6173.97,BTC-28JUN19,1557485940565,open,0.31,24.6,0.266,0.371,0.31849077,69.07,0.609,0.0,BTC-28JUN19-8000-P,6281.41,0.0,0.0005,0.4,0.888,1.0,500.0,6.0182,-4.25233,-9.37598,0.00017,-0.81561
6157.12,BTC-27SEP19,1557485940561,open,0.1,103.5,0.054,0.1335,0.09375837,68.88,0.0895,0.0,BTC-27DEC19-9000-C,6281.41,67.58,0.09,10.0,0.0965,6.4,69.82,17.89332,-2.66905,9.49565,0.00011,0.33757
6157.12,BTC-27SEP19,1557485940560,open,0.13,64.7,0.081,0.1605,0.12073967,67.37,0.1135,0.0,BTC-27DEC19-8000-C,6281.41,65.83,0.116,0.1,0.1235,14.8,68.26,19.06539,-2.7816,11.36802,0.00012,0.41263
6157.12,BTC-27SEP19,1557485940562,open,0.3,61.1,0.255,0.3345,0.2949566,65.71,0.2775,0.0,BTC-27DEC19-5000-C,6281.41,58.83,0.2775,5.0,0.31,5.9,71.58,15.71603,-2.23634,17.53749,0.0001,0.74526
6281.41,index_price,1557485940559,open,0.0,0.0005,0.0475,0.00741051,75.96,None,0,BTC-24MAY19-5250-P,6281.41,73.21,0.0065,40.0,0.008,10.0,77.66,2.13939,-5.85567,-0.25497,0.00019,-0.09937
6157.12,BTC-27SEP19,1557485940566,open,0.0,1670.3,0.0005,0.042,0.00218448,109.65,0.001,0.0,BTC-27SEP19-1500-P,6281.41,98.34,0.001,8.6,0.0035,15.0,118.17,0.81369,-0.31892,-0.23472,1e-05,-0.00776
6281.41,index_price,1557485940561,open,0.21,0.0,0.166,0.2455,0.20552451,91.43,None,0,BTC-17MAY19-5000-C,6281.41,0.0,0.001,1.0,0.278,0.2,319.4,0.58643,-3.89894,0.90459,9e-05,0.97001
6281.41,index_price,1557485940558,open,0.0,0.0005,0.0605,0.02009168,69.58,None,0,BTC-24MAY19-5750-P,6281.41,66.06,0.018,32.0,0.021,32.0,71.09,3.77205,-9.45809,-0.61142,0.00036,-0.23596
173.14,ETH-28JUN19,1557485940569,open,0.07,648.0,0.031,0.11,0.070986,74.13,0.058,0.0,ETH-28JUN19-190-C,172.55,72.04,0.068,299.0,0.074,120.0,76.24,0.24741,-0.18763,0.08046,0.00831,0.41805
173.76,ETH-27SEP19,1557485940569,open,0.03,575.0,0.001,0.069,0.029204,94.0,0.032,0.0,ETH-27SEP19-400-C,172.55,93.05,0.028,50.0,0.032,50.0,96.12,0.22357,-0.07512,0.06494,0.00206,0.12673
173.76,ETH-27SEP19,1557485940569,open,0.03,362.0,0.001,0.064,0.024978,97.59,0.023,0.0,ETH-27SEP19-440-C,172.55,96.73,0.024,50.0,0.028,50.0,100.14,0.19993,-0.06974,0.05544,0.00177,0.10824
172.55,index_price,1557485940569,open,0.14,173.0,0.097,0.176,0.13625,82.84,0.111,0,ETH-17MAY19-150-C,172.55,72.34,0.134,50.0,0.139,50.0,93.4,0.04119,-0.24811,0.02487,0.00886,0.90124
172.55,index_price,1557485940576,open,0.1,685.0,0.048,0.127,0.087898,79.41,0.084,0,ETH-17MAY19-160-C,172.55,74.76,0.086,50.0,0.09,50.0,84.41,0.07146,-0.41265,0.02225,0.01604,0.77257
173.14,ETH-28JUN19,1557485940585,open,0.0,1785.0,0.001,0.041,0.001552,86.1,0.002,0.0,ETH-28JUN19-90-P,172.55,0.0,0.0,0.0,0.003,300.0,95.74,0.02084,-0.01835,-0.00331,0.0006,-0.01274
173.76,ETH-27SEP19,1557485940585,open,0.02,3077.0,0.001,0.057,0.016813,71.56,0.018,0.0,ETH-27SEP19-100-P,172.55,66.77,0.013,50.0,0.017,50.0,71.78,0.14593,-0.03733,-0.05844,0.00176,-0.07095
173.76,ETH-27SEP19,1557485940585,open,0.66,0.0,0.618,0.697,0.657089,84.87,0.01,0.0,ETH-27SEP19-60-C,172.55,0.0,0.0,0.0,0.0,0.0,0.0,0.03142,-0.00953,0.22094,0.00032,0.98889
173.76,ETH-27SEP19,1557485940597,open,0.98,1.0,0.916,1.075,0.995304,87.73,1.043,0.0,ETH-27SEP19-340-P,172.55,0.0,0.0,0.0,0.0,0.0,0.0,0.2695,-0.08451,-1.21718,0.00266,-0.83261
173.14,ETH-28JUN19,1557485940606,open,0.25,1515.0,0.21,0.309,0.259497,78.09,0.335,0.0,ETH-28JUN19-210-P,172.55,0.0,0.005,25.0,0.0,0.0,0.0,0.21935,-0.17524,-0.22311,0.007,-0.70281
173.76,ETH-27SEP19,1557485940606,open,0.55,1.0,0.503,0.627,0.564655,79.31,0.573,0.0,ETH-27SEP19-260-P,172.55,0.0,0.052,20.0,0.588,1.0,90.07,0.36366,-0.10309,-0.85376,0.00396,-0.71749
173.76,ETH-27SEP19,1557485940606,open,0.08,400.0,0.043,0.122,0.082305,77.22,0.073,0.0,ETH-27SEP19-240-C,172.55,75.74,0.079,173.0,0.086,40.0,78.85,0.3901,-0.10767,0.16572,0.00437,0.33118
173.14,ETH-28JUN19,1557485940610,open,0.04,6973.0,0.002,0.085,0.043397,70.6,0.042,0.0,ETH-28JUN19-150-P,172.55,66.76,0.039,191.0,0.043,160.0,70.26,0.19997,-0.14443,-0.06729,0.00706,-0.24683
173.14,ETH-28JUN19,1557485940612,open,0.84,0.0,0.784,0.932,0.858016,100.7,None,0.0,ETH-28JUN19-320-P,172.55,0.0,0.0,0.0,0.0,0.0,0.0,0.08421,-0.08674,-0.41476,0.00208,-0.93092
172.55,index_price,1557485940612,open,0.0,0.181,0.278,0.229321,88.97,None,0,ETH-24MAY19-210-P,172.55,0.0,0.0,0.0,0.303,1.0,202.93,0.0777,-0.24908,-0.07094,0.00772,-0.85213
173.76,ETH-27SEP19,1557485940618,open,0.08,6947.0,0.037,0.122,0.079179,71.56,0.074,0.0,ETH-27SEP19-140-P,172.55,66.74,0.07,167.0,0.077,40.0,70.42,0.33371,-0.08536,-0.21194,0.00403,-0.23911
173.14,ETH-28JUN19,1557485940618,open,0.12,4551.0,0.084,0.173,0.128178,72.23,0.132,0.0,ETH-28JUN19-180-P,172.55,69.36,0.124,263.0,0.131,120.0,74.16,0.25273,-0.18674,-0.14701,0.00872,-0.50593
173.14,ETH-28JUN19,1557485940618,open,0.4,1725.0,0.357,0.469,0.413435,84.76,0.475,0.0,ETH-28JUN19-240-P,172.55,0.0,0.063,8.0,0.0,0.0,0.0,0.16893,-0.14648,-0.28488,0.00497,-0.81533
173.14,ETH-28JUN19,1557485940620,open,0.06,3255.0,0.023,0.108,0.065485,70.6,0.073,0.0,ETH-28JUN19-160-P,172.55,67.22,0.061,176.0,0.066,160.0,70.99,0.22997,-0.1661,-0.09213,0.00811,-0.3319
173.76,ETH-27SEP19,1557485940620,open,0.19,4517.0,0.15,0.244,0.196944,71.56,0.203,0.0,ETH-27SEP19-180-P,172.55,69.13,0.191,172.0,0.2,30.0,72.81,0.42483,-0.10867,-0.42653,0.00513,-0.44361
173.14,ETH-28JUN19,1557485940620,open,1.86,0.0,1.774,2.004,1.888718,110.0,None,0.0,ETH-28JUN19-500-P,172.55,0.0,0.0,0.0,0.0,0.0,0.0,0.01309,-0.01473,-0.668,0.0003,-0.99252
173.76,ETH-27SEP19,1557485940620,open,0.28,201.0,0.234,0.313,0.27347,71.56,0.243,0.0,ETH-27SEP19-140-C,172.55,0.0,0.005,5.0,0.29,1.0,80.08,0.33371,-0.08536,0.32457,0.00403,0.76089
173.76,ETH-27SEP19,1557485940629,open,0.03,1258.0,0.001,0.071,0.031834,92.04,0.019,0.0,ETH-27SEP19-380-C,172.55,90.68,0.03,50.0,0.035,50.0,94.31,0.23731,-0.07808,0.07082,0.00223,0.13819
173.14,ETH-28JUN19,1557485940629,open,0.02,2047.0,0.001,0.055,0.015624,93.51,0.015,0.0,ETH-28JUN19-280-C,172.55,91.06,0.014,260.0,0.017,200.0,95.48,0.11808,-0.11296,0.02157,0.00315,0.10865
173.76,ETH-27SEP19,1557485940631,open,0.04,585.0,0.001,0.078,0.038582,87.73,0.041,0.0,ETH-27SEP19-340-C,172.55,86.7,0.037,40.0,0.042,40.0,89.89,0.2695,-0.08451,0.08577,0.00266,0.16739
172.55,index_price,1557485940633,open,0.27,0.0,0.228,0.329,0.278768,109.44,None,0,ETH-17MAY19-220-P,172.55,0.0,0.0,0.0,0.354,1.0,300.4,0.02876,-0.22888,-0.03957,0.00469,-0.9385
173.76,ETH-27SEP19,1557485940643,open,0.22,454.0,0.171,0.25,0.210801,71.56,0.194,0.0,ETH-27SEP19-160-C,172.55,68.12,0.203,30.0,0.211,30.0,71.64,0.3949,-0.10101,0.29796,0.00477,0.65826
173.14,ETH-28JUN19,1557485940643,open,0.03,1563.0,0.001,0.067,0.027273,84.76,0.03,0.0,ETH-28JUN19-240-C,172.55,82.39,0.025,160.0,0.029,160.0,86.51,0.16893,-0.14648,0.03649,0.00497,0.18467
173.14,ETH-28JUN19,1557485940643,open,0.3,1140.0,0.257,0.361,0.309232,80.36,0.301,0.0,ETH-28JUN19-220-P,172.55,0.0,0.056,16.0,0.0,0.0,0.0,0.20228,-0.16628,-0.24506,0.00627,-0.74779
173.76,ETH-27SEP19,1557485940643,open,0.65,2.0,0.603,0.735,0.66902,81.32,0.737,0.0,ETH-27SEP19-280-P,172.55,0.0,0.0,0.0,0.0,0.0,0.0,0.3368,-0.0979,-0.94944,0.00358,-0.75681
173.14,ETH-28JUN19,1557485940643,open,0.62,0.0,0.568,0.698,0.632813,93.51,None,0.0,ETH-28JUN19-280-P,172.55,0.0,0.0,0.0,0.0,0.0,0.0,0.11808,-0.11296,-0.35337,0.00315,-0.89135
173.76,ETH-27SEP19,1557485940643,open,1.76,0.0,1.674,1.895,1.784486,101.1,None,0.0,ETH-27SEP19-480-P,172.55,0.0,0.0,0.0,0.0,0.0,0.0,0.18181,-0.06571,-1.79089,0.00155,-0.905
173.14,ETH-28JUN19,1557485940643,open,1.29,0.0,1.222,1.406,1.314381,110.0,None,0.0,ETH-28JUN19-400-P,172.55,0.0,0.0,0.0,0.0,0.0,0.0,0.04325,-0.04867,-0.52959,0.00098,-0.96988
172.55,index_price,1557485940645,open,0.01,492.0,0.001,0.047,0.00797,91.52,0.012,0,ETH-17MAY19-200-C,172.55,88.15,0.007,250.0,0.009,30.0,94.93,0.05089,-0.33867,0.00406,0.00991,0.13297
173.14,ETH-28JUN19,1557485940653,open,0.51,0.0,0.461,0.582,0.521755,89.01,None,0.0,ETH-28JUN19-260-P,172.55,0.0,0.0,0.0,0.0,0.0,0.0,0.14024,-0.12769,-0.32062,0.00393,-0.86114
172.55,index_price,1557485940670,open,0.0,0.01,0.093,0.051244,75.62,None,0,ETH-24MAY19-170-P,172.55,71.39,0.048,150.0,0.053,150.0,77.92,0.13218,-0.36021,-0.03161,0.01544,-0.43066
6157.03,BTC-27SEP19,1557485940683,open,0.02,0.2,0.0005,0.0625,0.02252842,82.03,0.021,0.0,BTC-27SEP19-13000-C,6281.41,80.71,0.021,15.0,0.024,8.0,83.26,7.24345,-2.12394,2.10263,6e-05,0.11164
6173.97,BTC-28JUN19,1557485940709,open,0.08,528.3,0.0315,0.111,0.07138101,63.87,0.069,0.0,BTC-28JUN19-6500-C,6281.41,61.89,0.0685,24.2,0.073,0.2,64.99,8.96515,-5.85807,3.20343,0.00027,0.45886
6281.41,index_price,1557485940724,open,0.05,343.3,0.007,0.0865,0.0467463,64.57,0.0415,0,BTC-31MAY19-6500-C,6281.41,57.41,0.04,24.0,0.0445,34.4,62.19,5.9309,-9.17304,1.42226,0.00041,0.44264
6281.41,index_price,1557485940730,open,0.08,2.2,0.0425,0.1285,0.08545161,64.68,0.087,0,BTC-17MAY19-6750-P,6281.41,74.18,0.0895,8.0,0.093,8.0,81.92,2.56465,-12.06249,-1.02192,0.00053,-0.7782
172.55,index_price,1557485940975,open,0.0,0.001,0.048,0.008659,93.34,None,0,ETH-24MAY19-220-C,172.55,88.49,0.007,250.0,0.01,250.0,96.96,0.06192,-0.20827,0.00644,0.00586,0.10678
172.55,index_price,1557485941076,open,0.0,0.004,0.083,0.043879,79.54,None,0,ETH-24MAY19-180-C,172.55,74.44,0.04,150.0,0.045,150.0,81.01,0.13169,-0.37744,0.02485,0.01463,0.42269
172.55,index_price,1557485941341,open,0.0,0.233,0.334,0.283651,93.34,None,0,ETH-24MAY19-220-P,172.55,0.0,0.0,0.0,0.364,1.0,225.17,0.06192,-0.20827,-0.0772,0.00586,-0.89322
6157.12,BTC-27SEP19,1557485941404,open,0.07,111.1,0.026,0.111,0.06860118,64.75,0.0655,0.0,BTC-27SEP19-5000-P,6281.41,63.12,0.0655,9.4,0.071,6.4,66.01,11.73609,-2.71655,-7.18361,0.00012,-0.23584
172.55,index_price,1557485941424,open,0.01,415.0,0.001,0.055,0.015165,79.41,0.013,0,ETH-17MAY19-160-P,172.55,74.09,0.013,200.0,0.016,200.0,81.41,0.07146,-0.41265,-0.00789,0.01604,-0.22743
172.55,index_price,1557485941434,open,1.0,0.044,0.13,0.087055,79.54,0.08,0,ETH-24MAY19-180-P,172.55,71.57,0.081,150.0,0.087,150.0,79.47,0.13169,-0.37744,-0.04358,0.01463,-0.57731
172.55,index_price,1557485941709,open,0.0,0.001,0.046,0.006331,97.82,None,0,ETH-24MAY19-230-C,172.55,92.9,0.005,250.0,0.008,250.0,103.28,0.04956,-0.17469,0.00477,0.00448,0.07904
6157.12,BTC-27SEP19,1557485941911,open,0.22,124.6,0.1755,0.255,0.21502095,65.21,0.2155,0.0,BTC-27DEC19-6000-C,6281.41,63.72,0.2105,0.2,0.219,9.8,66.53,18.62406,-2.63029,15.82732,0.00012,0.6214
172.55,index_price,1557485942066,open,0.0,0.286,0.392,0.339278,97.82,None,0,ETH-24MAY19-230-P,172.55,0.0,0.0,0.0,0.428,1.0,250.05,0.04956,-0.17469,-0.08267,0.00448,-0.92096
6173.97,BTC-28JUN19,1557485942166,open,0.08,528.3,0.0315,0.111,0.07139131,63.87,0.069,0.0,BTC-28JUN19-6500-C,6281.41,62.23,0.069,19.2,0.073,0.2,64.99,8.96515,-5.85807,3.20343,0.00027,0.45886
6281.41,index_price,1557485942209,open,0.05,343.3,0.007,0.0865,0.04675198,64.57,0.0415,0,BTC-31MAY19-6500-C,6281.41,57.94,0.0405,24.0,0.0445,34.4,62.19,5.9309,-9.17304,1.42226,0.00041,0.44264
172.55,index_price,1557485942217,open,0.0,0.001,0.054,0.014114,78.92,None,0,ETH-24MAY19-150-P,172.55,72.14,0.011,200.0,0.014,200.0,78.68,0.08245,-0.23446,-0.01154,0.00923,-0.16178
6157.16,BTC-27SEP19,1557485942254,open,0.41,0.0,0.3705,0.45,0.4103258,68.4,None,0.0,BTC-27SEP19-3750-C,6281.41,0.0,0.0315,0.1,0.4945,2.0,133.25,5.84523,-1.42913,11.94668,6e-05,0.91664
6281.41,index_price,1557485942254,open,0.01,263.1,0.0005,0.046,0.00615265,82.85,0.0065,0,BTC-31MAY19-4750-P,6281.41,80.65,0.0055,0.5,0.007,50.0,85.54,1.91805,-3.806,-0.25773,0.0001,-0.06559
6174.1,BTC-28JUN19,1557485942298,open,1.41,2.0,1.3335,1.5275,1.43061252,97.17,2.658,0.0,BTC-28JUN19-15000-P,6281.41,0.0,0.0005,0.2,1.8995,1.0,499.94,0.61309,-0.60947,-20.01067,1e-05,-0.98979
6174.1,BTC-28JUN19,1557485942298,open,0.32,10.5,0.2805,0.36,0.32000197,73.55,0.2685,0.0,BTC-28JUN19-4250-C,6281.41,0.0,0.02,0.1,0.4065,25.0,180.38,2.83,-2.12931,5.09285,8e-05,0.93601
6174.1,BTC-28JUN19,1557485942302,open,0.44,143.2,0.3965,0.476,0.43649875,86.29,0.39,0.0,BTC-28JUN19-3500-C,6281.41,0.0,0.003,2.0,0.7995,3.0,500.0,1.33231,-1.17612,4.44984,3e-05,0.97473
6174.1,BTC-28JUN19,1557485942302,open,0.4,30.0,0.3575,0.437,0.39717576,81.64,0.298,0.0,BTC-28JUN19-3750-C,6281.41,0.0,0.026,0.1,0.7915,3.0,500.0,1.72531,-1.44092,4.6986,4e-05,0.9655
6157.2,BTC-27SEP19,1557485942380,open,1.14,0.0,1.07,1.242,1.15622282,76.27,None,0.0,BTC-27DEC19-13000-P,6281.41,0.0,0.008,10.0,2.0445,0.3,500.0,12.69318,-2.09669,-77.10192,7e-05,-0.82346
6281.41,index_price,1557485942534,open,0.08,2.2,0.0425,0.1285,0.08543904,64.65,0.087,0,BTC-17MAY19-6750-P,6281.41,74.18,0.0895,8.0,0.0925,8.0,80.84,2.56385,-12.05299,-1.02205,0.00053,-0.77832
172.55,index_price,1557485942545,open,20.0,0.001,0.057,0.017329,83.46,0.018,0,ETH-24MAY19-200-C,172.55,81.03,0.016,200.0,0.018,30.0,84.67,0.09544,-0.28702,0.01227,0.0101,0.20445
6157.2,BTC-27SEP19,1557485942558,open,1.27,0.0,1.202,1.3845,1.29325536,84.81,None,0.0,BTC-27SEP19-14000-P,6281.32,0.0,0.0,0.0,0.0,0.0,0.0,6.51425,-1.97488,-51.83526,5e-05,-0.90356
6174.1,BTC-28JUN19,1557485942558,open,2.21,0.4,2.1105,2.369,2.23981377,112.85,5.076,0.0,BTC-28JUN19-20000-P,6281.32,0.0,0.0005,0.2,2.6535,2.0,500.0,0.27657,-0.3193,-26.75083,0.0,-0.99585
6157.2,BTC-27SEP19,1557485942559,open,0.05,65.0,0.013,0.097,0.05501084,65.14,0.0605,0.0,BTC-27SEP19-4750-P,6281.32,63.68,0.0525,9.4,0.057,6.4,66.29,10.63984,-2.47748,-5.99425,0.00011,-0.19903
6174.1,BTC-28JUN19,1557485942559,open,0.07,50.1,0.034,0.12,0.07701671,62.96,0.0795,0.0,BTC-28JUN19-6000-P,6281.32,60.49,0.0735,30.1,0.0795,19.2,64.72,8.75879,-5.64179,-3.98853,0.00027,-0.40542
6174.01,BTC-28JUN19,1557485942560,open,0.05,1681.7,0.0085,0.088,0.04812893,65.26,0.0475,0.0,BTC-28JUN19-7000-C,6281.32,63.67,0.046,35.6,0.051,40.0,67.39,8.29893,-5.54075,2.43155,0.00025,0.34224
6174.01,BTC-28JUN19,1557485942560,open,0.02,184.2,0.0005,0.0565,0.01620659,67.85,0.017,0.0,BTC-28JUN19-4750-P,6281.32,66.17,0.015,15.0,0.0175,52.0,69.6,4.49166,-3.11764,-1.11744,0.00013,-0.11896
6157.2,BTC-27SEP19,1557485942561,open,0.35,0.2,0.3035,0.383,0.34331363,66.27,0.26,0.0,BTC-27SEP19-4250-C,6281.32,0.0,0.26,0.9,0.4315,2.0,122.18,8.2235,-1.94793,12.33877,9e-05,0.86624
6174.01,BTC-28JUN19,1557485942561,open,0.04,116.8,0.002,0.085,0.04336808,63.47,0.041,0.0,BTC-28JUN19-5500-P,6281.32,61.51,0.041,98.0,0.045,25.6,64.82,7.46547,-4.84757,-2.58793,0.00023,-0.26966
6157.11,BTC-27SEP19,1557485942561,open,0.17,756.4,0.1295,0.209,0.16924506,64.48,0.1685,0.0,BTC-27SEP19-6000-C,6281.32,63.12,0.166,3.0,0.173,7.8,66.05,14.68384,-3.38427,10.26377,0.00016,0.60424
6281.32,index_price,1557485942558,open,0.09,545.9,0.0495,0.129,0.08912448,68.99,0.082,0,BTC-31MAY19-6000-C,6281.32,55.31,0.077,0.4,0.08,0.3,58.72,5.61642,-9.28048,1.98139,0.00036,0.64066
6174.01,BTC-28JUN19,1557485942561,open,1.25,1.3,1.1785,1.3595,1.26908179,94.26,2.415,0.0,BTC-28JUN19-14000-P,6281.32,0.0,0.0005,0.2,1.7515,1.0,500.0,0.79975,-0.77123,-18.64468,2e-05,-0.98613
6281.32,index_price,1557485942558,open,0.01,0.0,0.0005,0.047,0.007043,72.02,None,0,BTC-31MAY19-8000-C,6281.32,69.31,0.006,40.0,0.008,10.8,74.34,2.514,-4.33662,0.31144,0.00015,0.09373
6281.32,index_price,1557485942558,open,0.5,0.0005,0.0755,0.03558944,64.65,0.031,0,BTC-24MAY19-6500-C,6281.32,56.61,0.0295,32.0,0.033,32.0,61.24,4.78083,-11.13694,0.91178,0.00049,0.41743
6157.11,BTC-27SEP19,1557485942558,open,0.69,0.3,0.632,0.7675,0.69993087,70.91,1.4475,0.0,BTC-27DEC19-10000-P,6281.32,0.0,0.1,0.3,1.565,0.3,500.0,16.53048,-2.53848,-55.23692,0.0001,-0.71837
6157.11,BTC-27SEP19,1557485942558,open,2.25,0.0,2.142,2.4035,2.27261284,89.05,None,0.0,BTC-27DEC19-20000-P,6281.32,0.0,0.008,5.0,3.1665,0.2,499.77,8.2893,-1.59857,-123.74745,4e-05,-0.9048
6281.32,index_price,1557485942559,open,0.7,0.0005,0.045,0.00503211,73.52,0.0065,0,BTC-24MAY19-7750-C,6281.32,67.83,0.0035,40.0,0.0055,40.0,75.07,1.84865,-4.8972,0.18291,0.00017,0.08163
6281.32,index_price,1557485942558,open,0.0,263.0,0.0005,0.043,0.00289075,92.96,0.003,0,BTC-31MAY19-4250-P,6281.32,90.51,0.0025,41.5,0.0035,11.0,96.42,1.046,-2.32882,-0.12121,5e-05,-0.03085
6281.32,index_price,1557485942558,open,0.0,0.173,0.2525,0.212718,95.21,None,0,BTC-24MAY19-5000-C,6281.32,0.0,0.0,0.0,0.0,0.0,0.0,2.03981,-6.99855,1.65756,0.00014,0.90687
6281.32,index_price,1557485942558,open,0.13,0.1,0.0925,0.183,0.13760382,64.57,0.139,0,BTC-31MAY19-7000-P,6281.32,0.0,0.0005,0.3,0.1515,0.3,81.4,4.93153,-7.6262,-3.13057,0.00034,-0.73381
6281.32,index_price,1557485942558,open,0.0,0.006,0.0895,0.04765983,64.63,None,0,BTC-24MAY19-6250-P,6281.32,66.36,0.049,0.5,0.0525,24.0,70.89,4.86018,-11.31888,-1.21011,0.0005,-0.45911
6281.32,index_price,1557485942558,open,0.01,3.0,0.0005,0.044,0.00411275,75.01,0.0055,0,BTC-17MAY19-7250-C,6281.32,69.62,0.003,40.0,0.005,40.0,78.81,1.39818,-7.62616,0.10144,0.00025,0.08984
6157.11,BTC-27SEP19,1557485942558,open,0.02,17.0,0.0005,0.064,0.02434092,89.05,0.0275,0.0,BTC-27DEC19-20000-C,6281.32,87.66,0.0225,8.0,0.0265,8.8,90.62,8.29025,-1.59882,2.76016,4e-05,0.09521
6157.11,BTC-27SEP19,1557485942558,open,0.14,82.6,0.1,0.191,0.14534302,65.41,0.165,0.0,BTC-27DEC19-5500-P,6281.32,64.23,0.142,6.4,0.1475,5.0,66.17,17.43458,-2.46957,-17.99323,0.00011,-0.31666
6281.32,index_price,1557485942558,open,0.0,7.5,0.0005,0.0425,0.00281866,80.79,0.004,0,BTC-17MAY19-7500-C,6281.32,75.41,0.002,40.0,0.0035,50.0,84.65,1.04474,-6.13804,0.06923,0.00017,0.06133
6281.32,index_price,1557485942558,open,0.0,9.7,0.0005,0.0415,0.00181122,84.74,0.0015,0,BTC-17MAY19-7750-C,6281.32,81.97,0.0015,40.0,0.002,11.0,86.28,0.74577,-4.59544,0.04541,0.00012,0.04019
6157.11,BTC-27SEP19,1557485942562,open,0.01,161.2,0.0005,0.0505,0.01033634,74.7,0.013,0.0,BTC-27DEC19-2500-P,6281.32,71.56,0.0085,8.0,0.012,13.0,77.32,3.769,-0.60977,-1.75916,2e-05,-0.03483
6281.32,index_price,1557485942561,open,0.12,309.3,0.075,0.1545,0.11493934,70.11,0.1055,0,BTC-31MAY19-5750-C,6281.32,0.0,0.0535,0.2,0.2,1.0,169.84,4.97255,-8.34969,2.20742,0.00031,0.72939
6281.32,index_price,1557485942558,open,0.25,0.0,0.205,0.2845,0.24461358,98.37,None,0,BTC-17MAY19-4750-C,6281.32,0.0,0.0005,5.0,0.324,0.2,372.18,0.35049,-2.50726,0.87453,5e-05,0.98371
173.76,ETH-27SEP19,1557485942568,open,1.09,1.0,1.023,1.191,1.106751,89.96,1.102,0.0,ETH-27SEP19-360-P,172.52,0.0,0.0,0.0,0.0,0.0,0.0,0.25259,-0.08123,-1.3019,0.00243,-0.84839
173.14,ETH-28JUN19,1557485942568,open,0.49,0.0,0.442,0.521,0.481741,86.1,None,0.0,ETH-28JUN19-90-C,172.52,0.0,0.0,0.0,0.0,0.0,0.0,0.02084,-0.01835,0.1172,0.0006,0.98726
173.11,ETH-28JUN19,1557485942569,open,0.27,401.0,0.225,0.304,0.264163,70.76,0.14,0.0,ETH-28JUN19-130-C,172.52,0.0,0.15,1.0,0.0,0.0,0.0,0.1178,-0.08528,0.14546,0.00415,0.89168
173.73,ETH-27SEP19,1557485942570,open,0.45,133.0,0.405,0.522,0.46352,77.13,0.472,0.0,ETH-27SEP19-240-P,172.52,0.0,0.053,15.0,0.493,1.0,89.91,0.3898,-0.10747,-0.75421,0.00437,-0.66933
173.73,ETH-27SEP19,1557485942570,open,0.36,745.0,0.313,0.421,0.367276,75.16,0.38,0.0,ETH-27SEP19-220-P,172.52,54.43,0.32,60.0,0.403,1.0,89.95,0.41314,-0.11099,-0.64951,0.00475,-0.6083
173.73,ETH-27SEP19,1557485942570,open,0.04,7218.0,0.001,0.082,0.04093,71.53,0.039,0.0,ETH-27SEP19-120-P,172.52,66.51,0.034,50.0,0.039,50.0,70.16,0.24542,-0.06276,-0.12396,0.00297,-0.14526
173.73,ETH-27SEP19,1557485942570,open,0.36,147.0,0.311,0.39,0.350322,71.62,0.283,0.0,ETH-27SEP19-120-C,172.52,0.0,0.0,0.0,0.0,0.0,0.0,0.24561,-0.06288,0.33572,0.00296,0.85457
173.73,ETH-27SEP19,1557485942570,open,1.31,0.0,1.238,1.424,1.33123,93.7,None,0.0,ETH-27SEP19-400-P,172.52,0.0,0.0,0.0,0.0,0.0,0.0,0.22206,-0.07438,-1.46848,0.00205,-0.87446
173.73,ETH-27SEP19,1557485942570,open,1.2,1.0,1.131,1.307,1.218759,91.78,1.285,0.0,ETH-27SEP19-380-P,172.52,0.0,0.0,0.0,0.0,0.0,0.0,0.23596,-0.07741,-1.38592,0.00222,-0.86292
173.73,ETH-27SEP19,1557485942570,open,0.76,3.0,0.706,0.847,0.776518,83.53,0.844,0.0,ETH-27SEP19-300-P,172.52,0.0,0.0,0.0,0.0,0.0,0.0,0.31208,-0.09318,-1.0413,0.00323,-0.78754
173.11,ETH-28JUN19,1557485942570,open,0.02,9314.0,0.001,0.055,0.015001,70.57,0.016,0.0,ETH-28JUN19-130-P,172.52,67.54,0.013,150.0,0.016,200.0,72.02,0.11742,-0.08477,-0.02847,0.00415,-0.10783
173.11,ETH-28JUN19,1557485942570,open,0.01,837.0,0.001,0.046,0.006894,107.68,0.007,0.0,ETH-28JUN19-360-C,172.52,105.14,0.006,200.0,0.008,99.0,110.56,0.0636,-0.07006,0.00961,0.00147,0.04835
173.11,ETH-28JUN19,1557485942570,open,0.15,1447.0,0.102,0.181,0.141377,70.67,0.13,0.0,ETH-28JUN19-160-C,172.52,66.61,0.136,180.0,0.143,120.0,71.89,0.23002,-0.16629,0.12203,0.00811,0.6678
173.11,ETH-28JUN19,1557485942570,open,0.54,0.0,0.499,0.578,0.538971,95.34,None,0.0,ETH-28JUN19-80-C,172.52,0.0,0.0,0.0,0.0,0.0,0.0,0.01464,-0.01428,0.1049,0.00038,0.9915
173.73,ETH-27SEP19,1557485942570,open,0.11,805.0,0.062,0.141,0.101162,75.25,0.092,0.0,ETH-27SEP19-220-C,172.52,73.92,0.098,127.0,0.105,40.0,76.86,0.41325,-0.11116,0.19366,0.00475,0.39205
172.52,index_price,1557485942569,open,0.21,0.0,0.173,0.27,0.221863,97.4,None,0,ETH-17MAY19-210-P,172.52,0.0,0.001,15.0,0.286,1.0,255.05,0.03527,-0.24978,-0.0371,0.00646,-0.91981
172.52,index_price,1557485942569,open,0.02,388.0,0.001,0.054,0.014632,86.52,0.017,0,ETH-17MAY19-190-C,172.52,82.5,0.013,337.0,0.017,337.0,92.15,0.07113,-0.44751,0.00686,0.01466,0.22562
173.11,ETH-28JUN19,1557485942570,open,0.73,0.0,0.676,0.814,0.745069,96.95,None,0.0,ETH-28JUN19-300-P,172.52,0.0,0.0,0.0,0.0,0.0,0.0,0.09854,-0.09774,-0.38482,0.00253,-0.91504
172.52,index_price,1557485942568,open,0.0,0.001,0.052,0.012283,89.02,None,0,ETH-24MAY19-210-C,172.52,86.11,0.011,250.0,0.014,250.0,92.74,0.07766,-0.24911,0.00889,0.00771,0.14781
173.11,ETH-28JUN19,1557485942571,open,0.0,3701.0,0.001,0.04,0.000881,110.02,0.003,0.0,ETH-28JUN19-500-C,172.52,127.12,0.003,200.0,0.004,100.0,132.16,0.01309,-0.01473,0.00153,0.0003,0.00748
173.73,ETH-27SEP19,1557485942572,open,0.45,133.0,0.405,0.522,0.46352,77.13,0.472,0.0,ETH-27SEP19-240-P,172.52,0.0,0.053,15.0,0.494,1.0,90.33,0.3898,-0.10747,-0.75421,0.00437,-0.66933
173.73,ETH-27SEP19,1557485942575,open,0.36,745.0,0.313,0.421,0.367276,75.16,0.38,0.0,ETH-27SEP19-220-P,172.52,54.43,0.32,60.0,0.404,1.0,90.36,0.41314,-0.11099,-0.64951,0.00475,-0.6083
6174.01,BTC-28JUN19,1557485942720,open,0.08,528.3,0.0315,0.111,0.07139131,63.88,0.069,0.0,BTC-28JUN19-6500-C,6281.32,61.89,0.0685,24.2,0.073,0.2,64.99,8.96526,-5.85863,3.20355,0.00027,0.45888
6281.32,index_price,1557485942765,open,0.05,343.3,0.007,0.0865,0.04675198,64.59,0.0415,0,BTC-31MAY19-6500-C,6281.32,57.42,0.04,24.0,0.0445,34.4,62.2,5.93078,-9.17457,1.42217,0.00041,0.44262
6281.32,index_price,1557485942775,open,0.08,2.2,0.0425,0.1285,0.08543904,64.62,0.087,0,BTC-17MAY19-6750-P,6281.32,74.16,0.0895,8.0,0.093,8.0,81.9,2.56271,-12.04196,-1.02223,0.00053,-0.77848
6157.15,BTC-27SEP19,1557485943558,open,0.45,261.1,0.406,0.4855,0.4459536,69.83,0.38,0.0,BTC-27SEP19-3500-C,6281.89,0.0,0.161,1.0,0.479,3.0,102.51,4.7699,-1.19072,11.56496,5e-05,0.93609
6174.07,BTC-28JUN19,1557485943558,open,0.76,33.8,0.7175,0.797,0.7570568,108.22,0.7145,0.0,BTC-28JUN19-1500-C,6281.89,0.0,0.007,0.1,0.8805,2.0,500.0,0.00736,-0.00815,2.00785,0.0,0.99992
6157.15,BTC-27SEP19,1557485943558,open,0.01,18.3,0.0005,0.0505,0.01056692,71.58,0.012,0.0,BTC-27SEP19-3250-P,6281.89,68.95,0.009,14.0,0.012,8.0,73.82,3.81125,-0.97515,-1.38426,4e-05,-0.0481
6157.15,BTC-27SEP19,1557485943558,open,0.02,0.0,0.0005,0.059,0.01943385,84.75,None,0.0,BTC-27SEP19-14000-C,6281.89,82.87,0.0175,8.0,0.021,8.0,86.21,6.50367,-1.97035,1.81211,5e-05,0.09623
6174.07,BTC-28JUN19,1557485943559,open,0.48,0.1,0.436,0.5155,0.47599641,90.56,0.395,0.0,BTC-28JUN19-3250-C,6281.89,0.0,0.0035,0.2,0.8075,2.0,500.0,0.98947,-0.91671,4.18522,2e-05,0.98223
6157.15,BTC-27SEP19,1557485943560,open,0.01,613.2,0.0005,0.049,0.0086834,75.69,0.009,0.0,BTC-27SEP19-3000-P,6281.89,74.34,0.008,4.0,0.009,8.0,76.3,3.18209,-0.861,-1.11265,3e-05,-0.03847
6157.15,BTC-27SEP19,1557485943561,open,0.06,350.0,0.0155,0.095,0.05544237,70.63,0.0525,0.0,BTC-27SEP19-9000-C,6281.89,69.4,0.053,15.0,0.058,6.4,71.9,12.3133,-3.10868,4.77864,0.00012,0.25797
6157.15,BTC-27SEP19,1557485943561,open,0.51,0.0,0.4565,0.5775,0.51716711,70.63,None,0.0,BTC-27SEP19-9000-P,6281.89,0.0,0.008,10.0,1.315,0.2,499.67,12.31388,-3.10904,-29.71092,0.00012,-0.74201
6157.15,BTC-27SEP19,1557485943561,open,0.11,1078.4,0.0805,0.16,0.1203242,69.05,0.1115,0.0,BTC-27SEP19-7000-C,6281.89,64.64,0.1095,3.0,0.114,0.3,66.48,15.1493,-3.7392,8.14614,0.00015,0.46557
6157.15,BTC-27SEP19,1557485943561,open,0.03,804.3,0.0005,0.0665,0.02668116,79.14,0.0255,0.0,BTC-27SEP19-12000-C,6281.89,77.85,0.025,10.0,0.0285,8.0,80.49,8.14748,-2.30485,2.48437,7e-05,0.13197
6157.15,BTC-27SEP19,1557485943561,open,0.0,328.3,0.0005,0.0445,0.00458548,81.34,0.005,0.0,BTC-27SEP19-2500-P,6281.89,77.53,0.0035,30.0,0.0055,14.0,84.16,1.89148,-0.54997,-0.59401,2e-05,-0.02059
6281.89,index_price,1557485943558,open,0.0,0.065,0.1445,0.10467851,69.48,None,0,BTC-24MAY19-5750-C,6281.89,0.0,0.0,0.0,0.156,0.4,146.17,3.76837,-9.43439,1.5757,0.00036,0.76449
6174.64,BTC-28JUN19,1557485943562,open,0.22,751.1,0.173,0.2525,0.21278338,65.72,0.218,0.0,BTC-28JUN19-5000-C,6281.89,28.59,0.191,20.0,0.3,10.0,146.02,5.47993,-3.68415,5.19246,0.00016,0.84079
6281.89,index_price,1557485943559,open,0.1,0.0005,0.045,0.00484732,96.09,0.0025,0,BTC-24MAY19-4750-P,6281.89,83.64,0.0025,40.0,0.004,50.4,92.07,1.39,-4.81298,-0.14629,0.0001,-0.05641
6281.89,index_price,1557485943561,open,0.01,259.2,0.0005,0.0495,0.00952183,71.86,0.01,0,BTC-17MAY19-5750-P,6281.89,68.89,0.0085,20.0,0.01,32.0,73.22,2.19812,-11.4868,-0.2148,0.00041,-0.17199
6281.89,index_price,1557485943558,open,0.0,0.118,0.2105,0.16409743,67.69,None,0,BTC-24MAY19-7250-P,6281.89,0.0,0.0,0.0,0.0,0.0,0.0,2.90426,-7.08373,-2.41257,0.00029,-0.84615
6174.64,BTC-28JUN19,1557485943564,open,0.04,85.2,0.0005,0.0735,0.03371789,67.84,0.0345,0.0,BTC-28JUN19-7500-C,6281.89,67.23,0.033,0.5,0.0345,5.0,68.51,7.25401,-5.03451,1.8288,0.00021,0.2549
6281.89,index_price,1557485943558,open,0.17,0.0,0.124,0.217,0.17043024,65.36,None,0,BTC-31MAY19-7250-P,6281.89,0.0,0.0005,0.3,0.0,0.0,0.0,4.21613,-6.60062,-3.48371,0.00029,-0.79919
6281.89,index_price,1557485943558,open,0.0,0.132,0.2115,0.1715988,75.76,None,0,BTC-24MAY19-5250-C,6281.89,0.0,0.0,0.0,0.0,0.0,0.0,2.1299,-5.81437,1.74247,0.00019,0.90125
6281.89,index_price,1557485943558,open,0.3,0.038,0.1175,0.07777257,68.85,0.067,0,BTC-24MAY19-6000-C,6281.89,52.82,0.0665,24.0,0.071,24.0,59.29,4.49398,-11.14882,1.38751,0.00044,0.65878
6281.89,index_price,1557485943562,open,0.17,7.1,0.1265,0.206,0.16641441,80.01,0.146,0,BTC-17MAY19-5250-C,6281.89,0.0,0.001,0.5,0.231,0.2,266.93,0.82625,-4.80755,0.93244,0.00014,0.95438
6157.15,BTC-27SEP19,1557485943562,open,0.23,3.2,0.1915,0.2905,0.24099855,65.76,0.3,0.0,BTC-27DEC19-6500-P,6281.89,64.49,0.237,4.8,0.243,5.0,66.4,19.29381,-2.74782,-26.4158,0.00012,-0.43727
6281.89,index_price,1557485943561,open,0.0,119.3,0.0005,0.0445,0.00454832,75.38,0.0055,0,BTC-17MAY19-5500-P,6281.89,72.87,0.004,0.3,0.0045,0.6,75.17,1.40816,-7.71932,-0.11271,0.00025,-0.0907
6281.89,index_price,1557485943561,open,0.05,2.3,0.0135,0.0975,0.05533634,63.38,0.055,0,BTC-17MAY19-6500-P,6281.89,67.56,0.0575,24.0,0.0615,24.0,75.2,3.23657,-14.91765,-0.81857,0.00069,-0.6364
6281.89,index_price,1557485943558,open,1.0,0.0005,0.063,0.02307044,64.6,0.02,0,BTC-24MAY19-6750-C,6281.89,58.55,0.019,32.0,0.022,32.0,63.03,4.29563,-9.99969,0.67533,0.00044,0.30586
6157.15,BTC-27SEP19,1557485943561,open,0.76,0.0,0.7195,0.799,0.75924372,89.0,None,0.0,BTC-27DEC19-1500-C,6281.89,0.0,0.016,5.0,0.992,0.5,500.0,1.23824,-0.23868,9.00984,1e-05,0.99058
6157.15,BTC-27SEP19,1557485943563,open,0.05,109.4,0.012,0.0915,0.05191952,74.31,0.053,0.0,BTC-27DEC19-12000-C,6281.89,72.99,0.049,6.4,0.054,6.4,75.23,13.80218,-2.2212,5.85518,8e-05,0.20226
6281.89,index_price,1557485943558,open,0.0,0.153,0.2485,0.20092922,70.6,None,0,BTC-24MAY19-7500-P,6281.89,0.0,0.0,0.0,0.0,0.0,0.0,2.3254,-5.9161,-2.60169,0.00022,-0.88851
6157.15,BTC-27SEP19,1557485943562,open,1.45,0.0,1.373,1.57,1.47140985,80.02,None,0.0,BTC-27DEC19-15000-P,6281.89,0.0,0.008,10.0,2.365,0.2,500.0,10.89323,-1.88786,-90.80408,6e-05,-0.86012
6157.15,BTC-27SEP19,1557485943561,open,0.08,434.8,0.036,0.1155,0.07579449,70.91,0.075,0.0,BTC-27DEC19-10000-C,6281.89,70.05,0.0735,10.0,0.0775,6.4,71.54,16.53076,-2.53853,8.01689,0.0001,0.28164
6157.15,BTC-27SEP19,1557485943560,open,0.47,5.8,0.4235,0.503,0.46307923,68.79,0.37,0.0,BTC-27DEC19-3500-C,6281.89,0.0,0.255,1.0,0.68,3.0,195.45,8.3259,-1.24027,17.18122,5e-05,0.90423
6157.15,BTC-27SEP19,1557485943560,open,0.84,0.0,0.775,0.9225,0.84871585,72.66,None,0.0,BTC-27DEC19-11000-P,6281.89,0.0,0.008,10.0,1.725,0.3,500.0,15.12694,-2.38031,-62.76107,9e-05,-0.76277
6281.89,index_price,1557485943558,open,0.8,0.013,0.0925,0.05265308,64.58,0.0465,0,BTC-24MAY19-6250-C,6281.89,54.69,0.045,24.0,0.049,24.0,59.86,4.86027,-11.31066,1.16662,0.0005,0.54117
6281.89,index_price,1557485943561,open,0.08,4.4,0.0385,0.1245,0.08156064,64.64,0.09,0,BTC-31MAY19-6500-P,6281.89,69.34,0.086,24.0,0.0905,0.4,74.08,5.93204,-9.18439,-2.29441,0.00041,-0.55705
6281.89,index_price,1557485943559,open,0.27,0.0,0.2295,0.3315,0.2806594,72.29,None,0,BTC-31MAY19-8000-P,6281.89,0.0,0.0,0.0,0.0,0.0,0.0,2.53409,-4.38735,-4.26082,0.00016,-0.90526
6281.89,index_price,1557485943563,open,0.0,85.3,0.0005,0.041,0.00136272,104.43,0.0025,0,BTC-31MAY19-3750-P,6281.89,91.06,0.0005,42.5,0.0025,49.8,115.14,0.54399,-1.36064,-0.05605,2e-05,-0.01424
6157.72,BTC-27SEP19,1557485943560,open,0.42,0.1,0.3635,0.4765,0.42005588,67.4,0.457,0.0,BTC-27DEC19-8000-P,6281.89,0.0,0.008,10.0,1.246,0.1,500.0,19.06962,-2.78362,-39.23042,0.00012,-0.58715
6281.89,index_price,1557485943559,open,0.01,14.9,0.0005,0.052,0.01238755,67.95,0.0125,0,BTC-31MAY19-7500-C,6281.89,67.27,0.012,0.1,0.013,20.1,69.01,3.60139,-5.86165,0.51747,0.00023,0.15642
6281.89,index_price,1557485943559,open,0.29,20.2,0.248,0.3275,0.28784556,87.65,0.2355,0,BTC-31MAY19-4500-C,6281.89,0.0,0.0005,0.4,0.0,0.0,0.0,1.42196,-2.98519,2.39727,7e-05,0.95508
6281.89,index_price,1557485943560,open,0.18,138.3,0.138,0.2175,0.17777452,74.8,0.175,0,BTC-31MAY19-5250-C,6281.89,0.0,0.014,7.0,0.185,0.1,87.58,3.29969,-5.91162,2.46085,0.0002,0.8627
6281.89,index_price,1557485943558,open,0.0,0.0965,0.176,0.13643726,71.77,None,0,BTC-24MAY19-5500-C,6281.89,0.0,0.0,0.0,0.0,0.0,0.0,2.90468,-7.51155,1.69478,0.00027,0.84612
6281.89,index_price,1557485943558,open,0.15,0.0,0.112,0.2045,0.15832749,75.43,None,0,BTC-17MAY19-7250-P,6281.89,0.0,0.0,0.0,0.21,0.2,199.65,1.41534,-7.76372,-1.26264,0.00025,-0.90868
6281.89,index_price,1557485943561,open,0.45,0.0,0.404,0.4835,0.44355219,106.71,None,0,BTC-31MAY19-3500-C,6281.89,0.0,0.001,2.0,0.0,0.0,0.0,0.32094,-0.82028,1.97132,1e-05,0.99223
6157.72,BTC-27SEP19,1557485943559,open,0.3,0.0,0.246,0.349,0.2975368,66.49,None,0.0,BTC-27DEC19-7000-P,6281.89,59.86,0.2765,5.2,0.3165,5.2,72.47,19.53296,-2.81261,-30.72273,0.00012,-0.49124
6281.89,index_price,1557485943563,open,0.03,170.1,0.0005,0.0715,0.0303432,70.13,0.031,0,BTC-31MAY19-5750-P,6281.89,67.79,0.0285,15.5,0.032,32.0,72.22,4.9718,-8.35121,-1.08082,0.00031,-0.27048
6157.72,BTC-27SEP19,1557485943560,open,0.55,0.0,0.4935,0.6175,0.55548783,68.92,None,0.0,BTC-27DEC19-9000-P,6281.89,0.0,0.008,10.0,1.4055,0.2,500.0,17.90094,-2.67187,-47.42632,0.00011,-0.66214
6281.89,index_price,1557485943562,open,0.2,0.0,0.1585,0.2545,0.2064041,68.14,None,0,BTC-31MAY19-7500-P,6281.89,0.0,0.0,0.0,0.0,0.0,0.0,3.61318,-5.89717,-3.76965,0.00023,-0.84281
6157.72,BTC-27SEP19,1557485943562,open,0.05,94.7,0.008,0.0915,0.04988259,67.1,0.052,0.0,BTC-27DEC19-4000-P,6281.89,66.04,0.048,8.0,0.0515,5.0,68.01,10.96039,-1.59274,-7.44016,7e-05,-0.14114
6157.72,BTC-27SEP19,1557485943561,open,0.4,29.2,0.3605,0.44,0.40022715,67.06,0.357,0.0,BTC-27DEC19-4000-C,6281.89,0.0,0.016,5.0,0.9865,1.0,500.0,10.95695,-1.59138,17.86634,7e-05,0.85893
6281.89,index_price,1557485943569,open,0.02,496.7,0.0005,0.0605,0.02052201,63.2,0.02,0,BTC-17MAY19-6500-C,6281.89,62.18,0.02,8.1,0.0205,32.0,63.16,3.23515,-14.86822,0.40542,0.00069,0.36313
172.52,index_price,1557485943597,open,0.0,115.0,0.001,0.041,0.001894,109.95,0.003,0,ETH-17MAY19-230-C,172.52,110.97,0.002,250.0,0.003,95.0,119.28,0.0177,-0.14151,0.00103,0.00287,0.03361
173.74,ETH-27SEP19,1557485943599,open,0.04,492.0,0.001,0.074,0.034928,89.97,0.038,0.0,ETH-27SEP19-360-C,172.52,88.63,0.033,40.0,0.038,40.0,92.04,0.25255,-0.08122,0.07768,0.00243,0.1516
172.52,index_price,1557485943601,open,0.31,0.0,0.265,0.344,0.304766,110.0,None,0,ETH-17MAY19-120-C,172.52,0.0,0.001,18.0,0.401,1.0,477.58,0.00436,-0.03489,0.02238,0.00071,0.99343
173.74,ETH-27SEP19,1557485943606,open,1.53,0.0,1.456,1.659,1.557631,97.71,None,0.0,ETH-27SEP19-440-P,172.52,0.0,0.0,0.0,0.0,0.0,0.0,0.20044,-0.07001,-1.63056,0.00177,-0.89136
172.52,index_price,1557485943606,open,0.2,60.0,0.151,0.23,0.190626,90.41,0.164,0,ETH-17MAY19-140-C,172.52,0.0,0.001,18.0,0.264,1.0,308.79,0.0206,-0.13544,0.02499,0.00406,0.95953
172.52,index_price,1557485943610,open,0.32,0.0,0.282,0.388,0.335073,109.95,None,0,ETH-17MAY19-230-P,172.52,0.0,0.0,0.0,0.423,1.0,345.12,0.0177,-0.14151,-0.0423,0.00287,-0.96639
172.52,index_price,1557485943612,open,0.06,398.0,0.011,0.09,0.050702,79.16,0.049,0,ETH-17MAY19-170-C,172.52,74.13,0.048,243.0,0.054,243.0,85.29,0.09278,-0.53406,0.01705,0.0209,0.57525
173.11,ETH-28JUN19,1557485943618,open,0.01,1511.0,0.001,0.052,0.012367,97.48,0.013,0.0,ETH-28JUN19-300-C,172.52,95.03,0.011,260.0,0.014,200.0,100.22,0.0998,-0.09952,0.01717,0.00255,0.08642
173.74,ETH-27SEP19,1557485943624,open,0.01,1701.0,0.001,0.046,0.006107,75.1,0.007,0.0,ETH-27SEP19-80-P,172.52,72.22,0.005,10.0,0.007,50.0,77.22,0.07049,-0.01892,-0.02316,0.00081,-0.02867
172.52,index_price,1557485943624,open,0.0,862.0,0.001,0.042,0.002126,90.41,0.004,0,ETH-17MAY19-140-P,172.52,78.91,0.001,256.0,0.003,250.0,97.05,0.0206,-0.13544,-0.00138,0.00406,-0.04047
172.52,index_price,1557485943624,open,0.01,428.0,0.001,0.044,0.004811,98.36,0.006,0,ETH-17MAY19-210-C,172.52,94.29,0.004,250.0,0.006,49.0,103.75,0.03601,-0.25758,0.00252,0.00653,0.08245
172.52,index_price,1557485943629,open,0.03,156.0,0.001,0.077,0.036095,79.16,0.032,0,ETH-17MAY19-170-P,172.52,73.4,0.033,259.0,0.037,10.0,80.84,0.09278,-0.53406,-0.01498,0.0209,-0.42475
173.11,ETH-28JUN19,1557485943631,open,0.0,911.0,0.001,0.044,0.004112,110.02,0.006,0.0,ETH-28JUN19-400-C,172.52,113.35,0.005,260.0,0.007,100.0,119.7,0.04324,-0.04867,0.00603,0.00098,0.03012
6281.89,index_price,1557485943631,open,0.0,0.0005,0.0545,0.01472005,65.23,None,0,BTC-24MAY19-7000-C,6281.89,61.25,0.0125,32.0,0.0145,32.0,64.85,3.58379,-8.4241,0.47952,0.00037,0.21552
173.11,ETH-28JUN19,1557485943643,open,0.0,2831.0,0.001,0.042,0.002595,79.94,0.004,0.0,ETH-28JUN19-100-P,172.52,68.95,0.001,260.0,0.004,200.0,86.45,0.03271,-0.02676,-0.0056,0.00102,-0.02158
172.52,index_price,1557485943643,open,0.0,52.0,0.001,0.041,0.001035,103.0,0.003,0,ETH-17MAY19-130-P,172.52,0.0,0.0,0.0,0.002,250.0,115.14,0.01103,-0.08263,-0.00065,0.00191,-0.01911
173.11,ETH-28JUN19,1557485943645,open,0.16,2408.0,0.122,0.215,0.168364,74.04,0.196,0.0,ETH-28JUN19-190-P,172.52,70.98,0.164,120.0,0.171,120.0,75.89,0.2473,-0.18732,-0.17404,0.00832,-0.58243
173.11,ETH-28JUN19,1557485943645,open,0.0,1501.0,0.001,0.041,0.001025,94.37,0.001,0.0,ETH-28JUN19-80-P,172.52,0.0,0.0,0.0,0.002,118.0,103.95,0.01392,-0.01344,-0.0021,0.00037,-0.00802
172.52,index_price,1557485943645,open,0.0,0.0,0.001,0.04,0.000337,110.0,None,0,ETH-17MAY19-120-P,172.52,0.0,0.0,0.0,0.002,100.0,142.35,0.00436,-0.03489,-0.00022,0.00071,-0.00657
172.52,index_price,1557485943648,open,0.03,582.0,0.001,0.067,0.027344,81.92,0.026,0,ETH-17MAY19-180-C,172.52,77.39,0.025,318.0,0.03,343.0,87.0,0.08971,-0.53439,0.01127,0.01953,0.37399
173.11,ETH-28JUN19,1557485943653,open,0.04,2065.0,0.001,0.078,0.038584,80.39,0.029,0.0,ETH-28JUN19-220-C,172.52,78.16,0.036,298.0,0.041,298.0,82.44,0.20221,-0.1663,0.0495,0.00627,0.25215
173.74,ETH-27SEP19,1557485943653,open,0.05,1418.0,0.01,0.089,0.049998,83.69,0.044,0.0,ETH-27SEP19-300-C,172.52,82.57,0.048,40.0,0.053,40.0,85.34,0.31275,-0.09356,0.10868,0.00323,0.21323
173.11,ETH-28JUN19,1557485943653,open,0.01,4916.0,0.001,0.048,0.008275,72.25,0.009,0.0,ETH-28JUN19-120-P,172.52,69.38,0.007,400.0,0.009,200.0,73.8,0.07983,-0.05901,-0.01687,0.00275,-0.06449
172.52,index_price,1557485943719,open,0.0,0.001,0.042,0.002644,85.42,None,0,ETH-24MAY19-130-P,172.52,72.11,0.001,250.0,0.004,250.0,93.0,0.02741,-0.08438,-0.00262,0.00284,-0.03735
6157.15,BTC-27SEP19,1557485943733,open,0.02,0.2,0.0005,0.0625,0.02253028,82.03,0.021,0.0,BTC-27SEP19-13000-C,6281.89,80.71,0.021,15.0,0.0245,8.0,83.67,7.24394,-2.12409,2.1028,6e-05,0.11165
6174.64,BTC-28JUN19,1557485943735,open,0.08,528.3,0.0315,0.111,0.07139363,63.85,0.069,0.0,BTC-28JUN19-6500-C,6281.89,62.2,0.069,19.2,0.073,0.2,64.96,8.96645,-5.85706,3.20485,0.00028,0.459
6281.89,index_price,1557485943747,open,0.05,343.3,0.007,0.0865,0.0467463,64.54,0.0415,0,BTC-31MAY19-6500-C,6281.89,57.91,0.0405,24.0,0.0445,34.4,62.16,5.93165,-9.16965,1.42286,0.00041,0.44277
6281.89,index_price,1557485943752,open,0.08,2.2,0.0425,0.1285,0.08545132,64.84,0.087,0,BTC-17MAY19-6750-P,6281.89,74.33,0.0895,8.0,0.0925,8.0,80.97,2.5707,-12.12095,-1.02095,0.00053,-0.77731
6281.89,index_price,1557485943758,open,0.06,18.6,0.017,0.101,0.05893964,64.63,0.0605,0,BTC-31MAY19-6250-P,6281.89,67.86,0.062,24.0,0.066,0.4,72.08,5.95713,-9.22151,-1.85053,0.00041,-0.45612
6157.15,BTC-27SEP19,1557485943833,open,0.02,0.2,0.0005,0.0625,0.02253092,82.03,0.021,0.0,BTC-27SEP19-13000-C,6281.89,80.71,0.021,15.0,0.024,8.0,83.26,7.24394,-2.12409,2.1028,6e-05,0.11165
6281.89,index_price,1557485943852,open,0.06,18.6,0.017,0.101,0.05889289,64.63,0.0605,0,BTC-31MAY19-6250-P,6281.89,67.86,0.062,24.0,0.0665,24.4,72.61,5.95713,-9.22151,-1.85053,0.00041,-0.45612
6174.64,BTC-28JUN19,1557485943859,open,0.08,528.3,0.0315,0.111,0.07143303,63.85,0.069,0.0,BTC-28JUN19-6500-C,6281.89,61.86,0.0685,24.2,0.073,0.2,64.96,8.96645,-5.85706,3.20485,0.00028,0.459
6281.89,index_price,1557485943876,open,0.05,343.3,0.007,0.0865,0.04678223,64.54,0.0415,0,BTC-31MAY19-6500-C,6281.89,57.38,0.04,24.0,0.0445,34.4,62.16,5.93165,-9.16965,1.42286,0.00041,0.44277
6281.89,index_price,1557485943883,open,0.08,2.2,0.042,0.1285,0.08537286,64.84,0.087,0,BTC-17MAY19-6750-P,6281.89,74.33,0.0895,8.0,0.093,8.0,82.06,2.5707,-12.12095,-1.02095,0.00053,-0.77731
6281.89,index_price,1557485943884,open,0.07,325.8,0.024,0.1035,0.06396939,64.54,0.063,0,BTC-31MAY19-6250-C,6281.89,56.18,0.056,35.1,0.061,24.4,61.45,5.95717,-9.20798,1.7243,0.00041,0.54385
6157.15,BTC-27SEP19,1557485943937,open,0.05,57.0,0.005,0.0845,0.04484652,76.26,0.041,0.0,BTC-27DEC19-13000-C,6281.89,75.11,0.0425,6.4,0.047,6.4,77.3,12.69008,-2.09585,5.12617,7e-05,0.17647
6157.15,BTC-27SEP19,1557485943939,open,0.02,0.2,0.0005,0.0625,0.02253092,82.03,0.021,0.0,BTC-27SEP19-13000-C,6281.89,80.71,0.021,15.0,0.0245,8.0,83.67,7.24394,-2.12409,2.1028,6e-05,0.11165
6174.07,BTC-28JUN19,1557485943942,open,0.11,2501.9,0.0655,0.145,0.10520236,62.96,0.1055,0.0,BTC-28JUN19-6000-C,6281.89,61.05,0.1025,19.2,0.108,13.3,64.93,8.75879,-5.6413,4.04584,0.00027,0.59457
6174.64,BTC-28JUN19,1557485943948,open,0.08,528.3,0.0315,0.111,0.07143303,63.85,0.069,0.0,BTC-28JUN19-6500-C,6281.89,62.2,0.069,19.2,0.073,0.2,64.96,8.96645,-5.85706,3.20485,0.00028,0.459
6281.89,index_price,1557485943954,open,0.01,707.7,0.0005,0.054,0.01357243,74.94,0.0135,0,BTC-31MAY19-5250-P,6281.89,73.82,0.013,5.0,0.014,40.0,75.73,3.30603,-5.9344,-0.54348,0.0002,-0.13768
6281.89,index_price,1557485943960,open,0.06,18.6,0.017,0.101,0.05889289,64.63,0.0605,0,BTC-31MAY19-6250-P,6281.89,67.33,0.0615,24.0,0.0665,24.4,72.61,5.95713,-9.22151,-1.85053,0.00041,-0.45612
6281.89,index_price,1557485943972,open,0.05,343.3,0.007,0.0865,0.04678223,64.54,0.0415,0,BTC-31MAY19-6500-C,6281.89,57.91,0.0405,24.0,0.0445,34.4,62.16,5.93165,-9.16965,1.42286,0.00041,0.44277
6281.89,index_price,1557485943978,open,0.07,325.8,0.024,0.1035,0.06396939,64.54,0.063,0,BTC-31MAY19-6250-C,6281.89,56.18,0.056,35.1,0.0605,24.0,60.92,5.95717,-9.20798,1.7243,0.00041,0.54385
6157.15,BTC-27SEP19,1557485944003,open,0.05,57.0,0.005,0.0845,0.04484652,76.26,0.041,0.0,BTC-27DEC19-13000-C,6281.89,74.86,0.042,6.4,0.047,6.4,77.3,12.69008,-2.09585,5.12617,7e-05,0.17647
6157.15,BTC-27SEP19,1557485944005,open,0.02,0.2,0.0005,0.0625,0.02253092,82.03,0.021,0.0,BTC-27SEP19-13000-C,6281.89,80.71,0.021,15.0,0.024,8.0,83.26,7.24394,-2.12409,2.1028,6e-05,0.11165
6281.89,index_price,1557485944027,open,0.01,707.7,0.0005,0.054,0.01357243,74.94,0.0135,0,BTC-31MAY19-5250-P,6281.89,73.82,0.013,5.0,0.0145,40.0,76.66,3.30603,-5.9344,-0.54348,0.0002,-0.13768
6281.89,index_price,1557485944045,open,0.06,18.6,0.017,0.101,0.05889289,64.63,0.0605,0,BTC-31MAY19-6250-P,6281.89,67.86,0.062,24.0,0.0665,24.4,72.61,5.95713,-9.22151,-1.85053,0.00041,-0.45612
6281.89,index_price,1557485944052,open,0.08,2.2,0.042,0.1285,0.08537286,64.84,0.087,0,BTC-17MAY19-6750-P,6281.89,74.33,0.0895,8.0,0.0925,8.0,80.97,2.5707,-12.12095,-1.02095,0.00053,-0.77731
172.52,index_price,1557485944078,open,0.0,0.155,0.234,0.194606,80.82,None,0,ETH-24MAY19-140-C,172.52,0.0,0.0,0.0,0.264,3.0,217.37,0.05006,-0.14578,0.04757,0.00547,0.91989
6281.89,index_price,1557485944099,open,0.07,325.8,0.024,0.1035,0.06396939,64.54,0.063,0,BTC-31MAY19-6250-C,6281.89,56.18,0.056,35.1,0.061,24.4,61.45,5.95717,-9.20798,1.7243,0.00041,0.54385
6157.15,BTC-27SEP19,1557485944119,open,0.05,57.0,0.005,0.0845,0.04484652,76.26,0.041,0.0,BTC-27DEC19-13000-C,6281.89,75.11,0.0425,6.4,0.047,6.4,77.3,12.69008,-2.09585,5.12617,7e-05,0.17647
6157.15,BTC-27SEP19,1557485944121,open,0.02,0.2,0.0005,0.0625,0.02253092,82.03,0.021,0.0,BTC-27SEP19-13000-C,6281.89,80.71,0.021,15.0,0.0245,8.0,83.67,7.24394,-2.12409,2.1028,6e-05,0.11165
6281.89,index_price,1557485944148,open,0.01,707.7,0.0005,0.054,0.01357243,74.94,0.0135,0,BTC-31MAY19-5250-P,6281.89,73.82,0.013,5.0,0.014,40.0,75.73,3.30603,-5.9344,-0.54348,0.0002,-0.13768
6281.89,index_price,1557485944151,open,0.06,18.6,0.017,0.101,0.05889289,64.63,0.0605,0,BTC-31MAY19-6250-P,6281.89,67.33,0.0615,24.0,0.0665,24.4,72.61,5.95713,-9.22151,-1.85053,0.00041,-0.45612
6281.89,index_price,1557485944176,open,0.0,0.084,0.174,0.12905224,65.26,None,0,BTC-24MAY19-7000-P,6281.89,0.0,0.0,0.0,0.176,0.5,133.64,3.58503,-8.43106,-2.1813,0.00037,-0.78435
172.52,index_price,1557485944441,open,0.0,0.001,0.046,0.006106,80.82,None,0,ETH-24MAY19-140-P,172.52,72.84,0.004,250.0,0.007,250.0,83.8,0.05006,-0.14578,-0.00565,0.00547,-0.08011
6174.66,BTC-28JUN19,1557485944558,open,0.29,242.0,0.243,0.3225,0.2826289,70.12,0.3,0.0,BTC-28JUN19-4500-C,6282.04,0.0,0.2,1.0,0.343,1.0,141.37,3.5685,-2.55965,5.21454,0.0001,0.9133
6174.66,BTC-28JUN19,1557485944558,open,0.01,451.9,0.0005,0.0465,0.00660942,78.65,0.007,0.0,BTC-28JUN19-4000-P,6282.04,76.98,0.006,2.0,0.007,29.6,79.69,2.30166,-1.85197,-0.46169,6e-05,-0.04923
6174.66,BTC-28JUN19,1557485944558,open,0.52,43.8,0.4765,0.556,0.51612122,97.64,0.433,0.0,BTC-28JUN19-3000-C,6282.04,0.0,0.004,0.2,0.816,2.0,500.0,0.80358,-0.8027,3.88553,2e-05,0.98606
6157.72,BTC-27SEP19,1557485944558,open,0.53,227.1,0.4815,0.561,0.52144463,75.61,0.456,0.0,BTC-27SEP19-3000-C,6282.04,0.0,0.008,20.0,0.5495,2.0,112.59,3.17357,-0.85779,10.38803,3e-05,0.96166
6174.66,BTC-28JUN19,1557485944558,open,0.01,993.0,0.0005,0.047,0.00720988,78.98,0.008,0.0,BTC-28JUN19-10000-C,6282.04,78.52,0.007,0.5,0.008,32.0,80.66,2.8237,-2.28152,0.46789,7e-05,0.0638
6174.66,BTC-28JUN19,1557485944558,open,1.09,0.8,1.0235,1.1915,1.10762986,91.81,2.171,0.0,BTC-28JUN19-13000-P,6282.04,0.0,0.07,1.0,1.604,1.0,500.0,1.10711,-1.03986,-17.25869,2e-05,-0.97972
6174.66,BTC-28JUN19,1557485944558,open,0.0,75.6,0.0005,0.0445,0.00456385,81.69,0.007,0.0,BTC-28JUN19-3750-P,6282.04,77.61,0.0035,42.0,0.0055,40.0,84.87,1.72779,-1.44398,-0.32347,4e-05,-0.03456
6174.66,BTC-28JUN19,1557485944559,open,0.02,523.4,0.0005,0.0635,0.02262801,65.81,0.0205,0.0,BTC-28JUN19-5000-P,6282.04,63.96,0.021,5.0,0.024,25.6,67.34,5.48564,-3.69313,-1.5056,0.00016,-0.15947
6157.72,BTC-27SEP19,1557485944559,open,0.04,91.6,0.002,0.085,0.04328976,65.6,0.045,0.0,BTC-27SEP19-4500-P,6282.04,64.1,0.041,9.4,0.045,6.4,66.71,9.45138,-2.21643,-4.90812,0.0001,-0.1647
6157.72,BTC-27SEP19,1557485944559,open,0.08,1010.1,0.04,0.1195,0.07952914,69.04,0.07,0.0,BTC-27SEP19-8000-C,6282.04,67.26,0.0755,0.1,0.08,6.5,69.24,14.04527,-3.4661,6.26551,0.00014,0.34504
6157.72,BTC-27SEP19,1557485944559,open,0.0,421.8,0.0005,0.043,0.00327334,94.07,0.005,0.0,BTC-27SEP19-2000-P,6282.04,83.48,0.0015,62.0,0.005,15.0,101.31,1.28739,-0.43291,-0.38717,1e-05,-0.01313
6174.66,BTC-28JUN19,1557485944559,open,0.18,19.5,0.135,0.229,0.18191218,65.33,0.1855,0.0,BTC-28JUN19-7000-P,6282.04,42.68,0.1535,0.1,0.2025,0.1,80.27,8.30343,-5.54922,-6.93932,0.00025,-0.65736
6174.66,BTC-28JUN19,1557485944559,open,0.0,343.5,0.0005,0.0445,0.00483121,84.24,0.004,0.0,BTC-28JUN19-11000-C,6282.04,79.85,0.0035,52.0,0.0055,42.0,86.17,2.05713,-1.77287,0.31399,5e-05,0.04281
6174.66,BTC-28JUN19,1557485944559,open,0.01,571.9,0.0005,0.0515,0.01192715,73.68,0.011,0.0,BTC-28JUN19-9000-C,6282.04,71.44,0.0105,52.0,0.0125,1.0,74.54,4.06213,-3.06184,0.75604,0.00011,0.10337
6157.72,BTC-27SEP19,1557485944559,open,0.02,31.8,0.0005,0.06,0.01938361,68.42,0.027,0.0,BTC-27SEP19-3750-P,6282.04,66.39,0.0175,14.0,0.021,8.0,70.09,5.84643,-1.42987,-2.42489,6e-05,-0.08338
6174.81,BTC-28JUN19,1557485944560,open,0.77,5.7,0.715,0.8575,0.78631509,84.4,1.142,0.0,BTC-28JUN19-11000-P,6282.04,0.0,0.0005,0.4,1.3125,1.0,500.0,2.0706,-1.78775,-14.41323,5e-05,-0.95685
6174.81,BTC-28JUN19,1557485944560,open,0.12,6.1,0.0795,0.169,0.12412598,63.89,0.1635,0.0,BTC-28JUN19-6500-P,6282.04,61.39,0.1205,24.2,0.1265,5.0,65.53,8.967,-5.86107,-5.49845,0.00027,-0.54087
6157.72,BTC-27SEP19,1557485944560,open,0.49,0.0,0.443,0.5225,0.4827249,71.51,None,0.0,BTC-27SEP19-3250-C,6282.04,0.0,0.008,10.0,0.5445,1.0,133.76,3.80261,-0.97198,11.07481,4e-05,0.95204
6157.72,BTC-27SEP19,1557485944560,open,0.04,742.1,0.0025,0.082,0.04219893,73.7,0.0425,0.0,BTC-27SEP19-10000-C,6282.04,73.01,0.041,10.0,0.0435,6.4,74.44,10.73391,-2.8277,3.76951,0.0001,0.20194
6174.81,BTC-28JUN19,1557485944560,open,0.0,334.6,0.0005,0.041,0.00105757,96.64,0.0015,0.0,BTC-28JUN19-15000-C,6282.04,89.19,0.0005,32.0,0.0015,32.2,100.69,0.59293,-0.58619,0.07248,1e-05,0.00982
6174.81,BTC-28JUN19,1557485944560,open,0.0,168.6,0.0005,0.042,0.00205114,90.66,0.003,0.0,BTC-28JUN19-13000-C,6282.04,82.84,0.001,52.0,0.003,9.7,95.6,1.04036,-0.96491,0.1389,2e-05,0.01885
6157.72,BTC-27SEP19,1557485944560,open,0.03,721.0,0.0005,0.0725,0.03290031,76.38,0.0315,0.0,BTC-27SEP19-11000-C,6282.04,75.44,0.0315,10.0,0.0345,6.4,77.43,9.30986,-2.54182,3.02108,8e-05,0.16092
6174.81,BTC-28JUN19,1557485944560,open,0.61,43.0,0.562,0.6915,0.62688702,79.4,0.89,0.0,BTC-28JUN19-10000-P,6282.04,0.0,0.5,0.1,1.1695,1.0,500.0,2.86541,-2.32748,-12.91427,7e-05,-0.93499
6157.72,BTC-27SEP19,1557485944558,open,1.61,0.0,1.5245,1.734,1.62926696,81.23,None,0.0,BTC-27DEC19-16000-P,6282.04,0.0,0.008,5.0,2.5245,0.2,499.91,10.02779,-1.76412,-97.5777,5e-05,-0.87595
6174.81,BTC-28JUN19,1557485944561,open,0.24,0.0,0.1985,0.298,0.24838618,67.88,None,0.0,BTC-28JUN19-7500-P,6282.04,0.0,0.0005,0.5,0.8185,1.0,499.85,7.25746,-5.04005,-8.21276,0.00021,-0.74488
6157.72,BTC-27SEP19,1557485944558,open,0.68,0.0,0.641,0.7205,0.68061489,80.02,None,0.0,BTC-27DEC19-2000-C,6282.04,0.0,0.016,5.0,0.9905,0.5,500.0,2.22141,-0.38495,11.71856,1e-05,0.98148
6282.04,index_price,1557485944559,open,0.0,220.8,0.0005,0.0415,0.00174691,96.48,0.001,0,BTC-31MAY19-4000-P,6282.04,94.16,0.0015,40.5,0.002,10.6,98.66,0.70098,-1.61989,-0.07507,3e-05,-0.01915
6157.72,BTC-27SEP19,1557485944561,open,0.24,10.4,0.207,0.3075,0.25721155,69.08,0.305,0.0,BTC-27SEP19-7000-P,6282.04,58.58,0.2315,3.0,1.1335,0.2,500.0,15.15127,-3.74124,-18.67696,0.00015,-0.53426
6174.81,BTC-28JUN19,1557485944561,open,0.0,295.9,0.0005,0.041,0.00149713,94.14,0.0015,0.0,BTC-28JUN19-14000-C,6282.04,83.21,0.0005,42.0,0.002,11.1,97.66,0.79455,-0.76519,0.10141,2e-05,0.01376
6174.81,BTC-28JUN19,1557485944562,open,0.01,195.0,0.0005,0.0485,0.00837694,73.6,0.009,0.0,BTC-28JUN19-4250-P,6282.04,70.47,0.007,42.0,0.0095,72.3,75.98,2.8323,-2.13255,-0.59883,8e-05,-0.06405
6157.72,BTC-27SEP19,1557485944559,open,0.02,123.9,0.0005,0.059,0.01854926,71.08,0.022,0.0,BTC-27DEC19-3000-P,6282.04,69.42,0.017,8.0,0.02,5.0,72.59,5.83529,-0.89832,-3.0602,3e-05,-0.06002
6157.72,BTC-27SEP19,1557485944559,open,0.18,33.0,0.142,0.237,0.18944702,65.22,0.2095,0.0,BTC-27DEC19-6000-P,6282.04,64.24,0.1865,6.4,0.1925,5.0,66.23,18.62474,-2.6305,-22.12227,0.00012,-0.37852
6157.87,BTC-27SEP19,1557485944562,open,0.29,13.5,0.244,0.3235,0.28354493,65.1,0.225,0.0,BTC-27SEP19-4750-C,6282.04,56.12,0.2685,3.0,0.303,3.0,76.07,10.63618,-2.47513,12.21388,0.00011,0.80112
6282.04,index_price,1557485944559,open,0.0,495.1,0.0005,0.044,0.00425105,87.92,0.0045,0,BTC-31MAY19-4500-P,6282.04,84.46,0.0035,40.5,0.0055,44.4,93.03,1.43283,-3.01733,-0.1782,7e-05,-0.04535
6282.04,index_price,1557485944558,open,0.04,289.7,0.0005,0.073,0.03336271,64.57,0.034,0,BTC-31MAY19-6750-C,6282.04,59.02,0.0285,32.0,0.032,0.4,63.03,5.55888,-8.59733,1.13403,0.00038,0.34899
6282.04,index_price,1557485944558,open,0.25,62.8,0.2105,0.29,0.25000536,82.79,0.2195,0,BTC-31MAY19-4750-C,6282.04,0.0,0.116,0.1,0.252,3.4,88.9,1.91432,-3.79616,2.45965,0.0001,0.93459
6282.04,index_price,1557485944559,open,0.1,55.4,0.0545,0.134,0.09417567,71.76,0.093,0,BTC-17MAY19-5750-C,6282.04,0.0,0.001,10.0,0.1,2.0,87.27,2.19528,-11.45637,0.86882,0.00041,0.82836
6157.87,BTC-27SEP19,1557485944558,open,0.0,84.9,0.0005,0.0455,0.0054405,80.1,0.008,0.0,BTC-27DEC19-2000-P,6282.04,75.77,0.004,18.0,0.007,8.0,84.11,2.2284,-0.38657,-0.936,1e-05,-0.01859
6157.87,BTC-27SEP19,1557485944559,open,0.53,0.0,0.4915,0.571,0.53131085,71.03,None,0.0,BTC-27DEC19-3000-C,6282.04,0.0,0.16,0.3,0.9885,0.5,500.0,5.82769,-0.89641,15.92199,3e-05,0.94008
6157.87,BTC-27SEP19,1557485944560,open,0.1,65.9,0.063,0.151,0.10703246,65.73,0.1125,0.0,BTC-27DEC19-5000-P,6282.04,64.54,0.104,6.4,0.109,5.0,66.5,15.71597,-2.23703,-14.08896,0.0001,-0.25468
6282.04,index_price,1557485944559,open,0.02,182.9,0.0005,0.056,0.01623087,65.23,0.016,0,BTC-31MAY19-7250-C,6282.04,63.37,0.015,32.0,0.017,0.4,66.37,4.20933,-6.57607,0.6612,0.00029,0.20026
6282.04,index_price,1557485944560,open,0.01,165.8,0.0005,0.0465,0.00664858,70.16,0.007,0,BTC-17MAY19-7000-C,6282.04,64.49,0.005,40.0,0.007,40.0,71.29,1.92883,-9.84118,0.15905,0.00037,0.14105
6282.04,index_price,1557485944558,open,0.0,0.209,0.2885,0.24869959,95.99,None,0,BTC-24MAY19-4750-C,6282.04,0.0,0.0,0.0,0.0,0.0,0.0,1.38649,-4.79575,1.65994,0.0001,0.94377
6157.87,BTC-27SEP19,1557485944559,open,0.15,52.5,0.098,0.1775,0.13762334,66.45,0.131,0.0,BTC-27DEC19-7500-C,6282.04,65.14,0.1335,10.0,0.141,14.8,67.52,19.42281,-2.7952,12.42725,0.00012,0.45667
6157.87,BTC-27SEP19,1557485944561,open,0.03,7.7,0.0005,0.067,0.02717299,85.41,0.026,0.0,BTC-27DEC19-18000-C,6282.04,84.25,0.0255,8.0,0.029,0.1,86.63,9.06275,-1.67626,3.13183,4e-05,0.10758
6157.87,BTC-27SEP19,1557485944558,open,0.19,58.8,0.1455,0.225,0.18531064,65.75,0.1885,0.0,BTC-27DEC19-6500-C,6282.04,64.21,0.1805,5.0,0.188,9.8,66.61,19.29565,-2.74743,14.70305,0.00012,0.56279
6282.04,index_price,1557485944559,open,0.0,218.9,0.0005,0.0415,0.00153263,91.55,0.0005,0,BTC-17MAY19-5000-P,6282.04,76.67,0.0005,49.4,0.0025,50.4,100.45,0.58825,-3.91637,-0.03743,9e-05,-0.0301
6157.87,BTC-27SEP19,1557485944559,open,0.0,121.6,0.0005,0.0425,0.00286447,89.02,0.001,0.0,BTC-27DEC19-1500-P,6282.04,76.55,0.001,69.9,0.005,10.0,97.9,1.2387,-0.2388,-0.47842,1e-05,-0.00942
6157.87,BTC-27SEP19,1557485944560,open,0.06,290.0,0.0225,0.102,0.06216435,72.65,0.065,0.0,BTC-27DEC19-11000-C,6282.04,71.35,0.059,10.0,0.064,6.4,73.39,15.12845,-2.38014,6.81884,9e-05,0.23723
6157.87,BTC-27SEP19,1557485944560,open,1.93,0.0,1.833,2.0685,1.95059603,85.63,None,0.0,BTC-27DEC19-18000-P,6282.04,0.0,0.008,5.0,2.846,0.2,500.0,9.11985,-1.6913,-110.70099,4e-05,-0.89148
6282.04,index_price,1557485944558,open,0.02,246.8,0.0005,0.0595,0.01889053,69.35,0.0185,0,BTC-17MAY19-6000-P,6282.04,68.52,0.0185,2.0,0.0195,32.0,70.62,2.98865,-15.07105,-0.37498,0.00058,-0.29798
6282.04,index_price,1557485944558,open,2.6,0.0005,0.0525,0.01203429,71.91,0.011,0,BTC-24MAY19-5500-P,6282.04,69.65,0.011,32.0,0.013,32.0,73.97,2.90959,-7.53973,-0.39717,0.00027,-0.15427
6282.04,index_price,1557485944563,open,0.37,9.0,0.325,0.4045,0.36499587,96.35,0.249,0,BTC-31MAY19-4000-C,6282.04,0.0,0.001,2.0,0.0,0.0,0.0,0.6972,-1.60886,2.21317,3e-05,0.98097
6282.04,index_price,1557485944559,open,0.13,34.0,0.0895,0.169,0.12900692,75.26,0.127,0,BTC-17MAY19-5500-C,6282.04,0.0,0.111,0.3,0.17,2.3,185.93,1.404,-7.68399,0.92382,0.00025,0.90967
6282.04,index_price,1557485944558,open,0.19,0.0,0.149,0.2445,0.1967313,80.95,None,0,BTC-17MAY19-7500-P,6282.04,0.0,0.0,0.0,0.256,0.2,231.2,1.05172,-6.19102,-1.343,0.00017,-0.93815
6282.04,index_price,1557485944558,open,40.0,0.0005,0.0465,0.00692195,70.33,0.006,0,BTC-24MAY19-7500-C,6282.04,66.26,0.0055,40.0,0.0075,40.0,71.87,2.31093,-5.85637,0.2474,0.00022,0.11052
6282.04,index_price,1557485944560,open,0.01,136.2,0.0005,0.0505,0.01085548,64.63,0.0115,0,BTC-17MAY19-6750-C,6282.04,61.26,0.0095,32.0,0.0115,34.0,66.2,2.566,-12.06069,0.24983,0.00053,0.22197
6157.87,BTC-27SEP19,1557485944559,open,0.25,64.4,0.2125,0.292,0.25207001,65.39,0.237,0.0,BTC-27DEC19-5500-C,6282.04,60.07,0.237,5.0,0.269,5.0,71.38,17.43485,-2.46894,16.80133,0.00011,0.68342
6282.04,index_price,1557485944558,open,0.0,0.0005,0.049,0.00870895,95.19,None,0,BTC-24MAY19-5000-P,6282.04,78.18,0.004,40.0,0.0055,50.0,84.3,2.03754,-6.98888,-0.24283,0.00014,-0.09297
6157.87,BTC-27SEP19,1557485944558,open,0.61,0.0,0.5645,0.644,0.60430406,74.64,None,0.0,BTC-27DEC19-2500-C,6282.04,0.0,0.016,5.0,0.9895,0.5,500.0,3.76034,-0.60781,14.05988,2e-05,0.96527
6157.87,BTC-27SEP19,1557485944563,open,0.36,0.0,0.3015,0.4095,0.35571937,66.5,None,0.0,BTC-27DEC19-7500-P,6282.04,0.0,0.008,10.0,0.55,0.1,128.66,19.42372,-2.79724,-35.01182,0.00012,-0.54315
6282.04,index_price,1557485944559,open,0.0,169.7,0.0005,0.0405,0.0008119,98.19,0.0015,0,BTC-17MAY19-4750-P,6282.04,0.0,0.0,0.0,0.0015,50.0,108.31,0.34709,-2.47834,-0.02002,5e-05,-0.01611
6282.04,index_price,1557485944561,open,0.01,283.6,0.0005,0.049,0.00886539,78.0,0.01,0,BTC-31MAY19-5000-P,6282.04,75.79,0.008,10.5,0.01,48.0,80.76,2.51809,-4.70413,-0.36933,0.00014,-0.09393
6282.04,index_price,1557485944562,open,0.15,558.3,0.105,0.1845,0.14451906,71.6,0.13,0,BTC-31MAY19-5500-C,6282.04,0.0,0.119,0.3,0.219,0.4,167.37,4.13359,-7.08879,2.37544,0.00026,0.80566
6282.04,index_price,1557485944558,open,0.0,0.0005,0.0495,0.00989416,67.48,None,0,BTC-24MAY19-7250-C,6282.04,63.2,0.008,40.0,0.01,70.0,67.71,2.89442,-7.03816,0.3419,0.00029,0.15306
6157.87,BTC-27SEP19,1557485944562,open,0.04,30.5,0.0005,0.0785,0.03854547,77.69,0.0385,0.0,BTC-27DEC19-14000-C,6282.04,76.86,0.037,6.4,0.04,0.1,78.46,11.60984,-1.95337,4.4889,6e-05,0.15379
6157.87,BTC-27SEP19,1557485944587,open,0.84,0.0,0.775,0.9225,0.8487052,72.73,None,0.0,BTC-27DEC19-11000-P,6282.04,0.0,0.008,10.0,1.7245,0.3,500.0,15.1448,-2.3855,-62.75008,9e-05,-0.76231
6174.81,BTC-28JUN19,1557485944591,open,2.21,0.4,2.1105,2.369,2.23971417,117.94,5.076,0.0,BTC-28JUN19-20000-P,6282.04,0.0,0.0005,0.2,2.653,2.0,500.0,0.38877,-0.46906,-26.73711,1e-05,-0.99392
6157.87,BTC-27SEP19,1557485944602,open,1.45,0.0,1.373,1.57,1.47139472,80.17,None,0.0,BTC-27DEC19-15000-P,6282.04,0.0,0.008,10.0,2.3645,0.2,500.0,10.93333,-1.89825,-90.7855,6e-05,-0.85938
6157.87,BTC-27SEP19,1557485944605,open,1.93,0.0,1.833,2.0685,1.95059603,85.63,None,0.0,BTC-27DEC19-18000-P,6282.04,0.0,0.008,5.0,2.8455,0.2,500.0,9.11985,-1.6913,-110.70099,4e-05,-0.89148
6174.66,BTC-28JUN19,1557485944607,open,1.25,1.3,1.1785,1.3595,1.26904512,95.75,2.415,0.0,BTC-28JUN19-14000-P,6282.04,0.0,0.0005,0.2,1.751,1.0,500.0,0.87229,-0.85441,-18.63418,2e-05,-0.98466
6157.87,BTC-27SEP19,1557485944672,open,0.22,124.6,0.1755,0.255,0.2150604,65.21,0.2155,0.0,BTC-27DEC19-6000-C,6282.04,63.71,0.2105,5.2,0.219,9.8,66.52,18.62498,-2.63041,15.83082,0.00012,0.62149
172.52,index_price,1557485944807,open,0.0,0.105,0.184,0.144679,78.91,None,0,ETH-24MAY19-150-C,172.52,73.13,0.142,50.0,0.147,50.0,83.65,0.08253,-0.23467,0.04547,0.00924,0.83795
172.52,index_price,1557485944822,open,0.0,0.001,0.067,0.027429,81.03,None,0,ETH-24MAY19-190-C,172.52,77.4,0.025,200.0,0.029,240.0,83.35,0.11649,-0.34015,0.01771,0.01271,0.29741
6282.04,index_price,1557485945061,open,0.07,325.8,0.024,0.1035,0.06398085,64.57,0.063,0,BTC-31MAY19-6250-C,6282.04,56.17,0.056,35.1,0.0605,24.0,60.91,5.9572,-9.21285,1.72444,0.00041,0.54392
6157.87,BTC-27SEP19,1557485945086,open,0.05,57.0,0.005,0.0845,0.04486188,76.25,0.041,0.0,BTC-27DEC19-13000-C,6282.04,74.85,0.042,6.4,0.047,6.4,77.29,12.69193,-2.09593,5.12713,7e-05,0.17648
6157.72,BTC-27SEP19,1557485945106,open,0.02,0.2,0.0005,0.0625,0.02253923,82.02,0.021,0.0,BTC-27SEP19-13000-C,6282.04,80.7,0.021,15.0,0.024,8.0,83.25,7.24502,-2.12424,2.10319,6e-05,0.11166
6282.04,index_price,1557485945108,open,0.01,707.7,0.0005,0.054,0.0135688,74.93,0.0135,0,BTC-31MAY19-5250-P,6282.04,73.83,0.013,5.0,0.0145,40.0,76.67,3.30479,-5.93066,-0.54316,0.0002,-0.1376
6282.04,index_price,1557485945125,open,0.05,343.3,0.007,0.0865,0.04679169,64.57,0.0415,0,BTC-31MAY19-6500-C,6282.04,57.37,0.04,24.0,0.0445,34.4,62.15,5.93203,-9.17423,1.42317,0.00041,0.44288
6282.04,index_price,1557485945135,open,0.06,18.6,0.017,0.101,0.05888059,64.59,0.0605,0,BTC-31MAY19-6250-P,6282.04,67.87,0.062,24.0,0.0665,24.4,72.62,5.95718,-9.21641,-1.85023,0.00041,-0.45607
172.52,index_price,1557485945185,open,0.0,0.084,0.173,0.12875,81.03,None,0,ETH-24MAY19-190-P,172.52,73.87,0.124,50.0,0.13,50.0,82.87,0.11649,-0.34015,-0.05452,0.01271,-0.70259
6157.72,BTC-27SEP19,1557485945195,open,0.14,77.7,0.098,0.189,0.1436741,64.5,0.1375,0.0,BTC-27SEP19-6000-P,6282.04,63.14,0.1405,4.8,0.147,3.0,65.87,14.68417,-3.38542,-12.72801,0.00016,-0.39565
6174.81,BTC-28JUN19,1557485945214,open,0.08,528.3,0.0315,0.111,0.07144355,63.87,0.069,0.0,BTC-28JUN19-6500-C,6282.04,61.85,0.0685,24.2,0.073,0.2,64.95,8.9669,-5.85917,3.20534,0.00027,0.45909
6282.04,index_price,1557485945246,open,0.08,2.2,0.042,0.1285,0.08535214,64.7,0.087,0,BTC-17MAY19-6750-P,6282.04,74.37,0.0895,8.0,0.093,8.0,82.1,2.56763,-12.08006,-1.02144,0.00053,-0.77778
6157.72,BTC-27SEP19,1557485945338,open,0.14,77.7,0.098,0.189,0.1436741,64.5,0.1375,0.0,BTC-27SEP19-6000-P,6282.04,62.94,0.14,7.8,0.147,3.0,65.87,14.68417,-3.38542,-12.72801,0.00016,-0.39565
6174.82,BTC-28JUN19,1557485945348,open,0.08,528.3,0.0315,0.111,0.07144355,63.88,0.069,0.0,BTC-28JUN19-6500-C,6282.04,62.2,0.069,19.2,0.073,0.2,64.95,8.96696,-5.85984,3.2054,0.00027,0.45911
6157.86,BTC-27SEP19,1557485945510,open,0.14,77.7,0.098,0.189,0.1436741,64.48,0.1375,0.0,BTC-27SEP19-6000-P,6282.04,63.15,0.1405,4.8,0.147,3.0,65.88,14.68441,-3.38465,-12.7269,0.00016,-0.39564
6157.86,BTC-27SEP19,1557485945559,open,0.6,57.5,0.559,0.6385,0.59858888,81.31,0.389,0.0,BTC-27SEP19-2500-C,6281.89,0.0,0.008,10.0,0.6125,1.0,110.72,1.88879,-0.549,8.9876,2e-05,0.97945
6157.86,BTC-27SEP19,1557485945559,open,0.96,6.1,0.8965,1.054,0.97546488,79.17,1.781,0.0,BTC-27SEP19-12000-P,6281.89,0.0,0.013,10.0,1.7815,0.1,500.0,8.15651,-2.30834,-43.49868,7e-05,-0.86784
6157.86,BTC-27SEP19,1557485945559,open,0.81,3.1,0.747,0.892,0.81928767,76.41,1.9215,0.0,BTC-27SEP19-11000-P,6281.89,0.0,0.008,10.0,1.626,0.3,500.0,9.3163,-2.54467,-39.13051,8e-05,-0.83891
6281.89,index_price,1557485945558,open,0.1,0.028,0.113,0.07032288,64.62,0.073,0,BTC-24MAY19-6500-P,6281.89,67.47,0.0725,24.0,0.077,24.0,73.35,4.78184,-11.13438,-1.55865,0.00049,-0.58235
6174.82,BTC-28JUN19,1557485945559,open,0.6,24.4,0.5565,0.636,0.59620765,109.99,0.5115,0.0,BTC-28JUN19-2500-C,6281.89,0.0,0.001,0.2,0.835,1.0,500.0,0.45075,-0.50719,3.2793,1e-05,0.99281
6174.82,BTC-28JUN19,1557485945559,open,0.25,97.0,0.207,0.2865,0.24693381,67.85,0.1965,0.0,BTC-28JUN19-4750-C,6281.89,0.0,0.11,0.4,0.3275,25.0,150.05,4.48927,-3.11585,5.24404,0.00013,0.88116
6157.86,BTC-27SEP19,1557485945560,open,0.76,42.8,0.719,0.7985,0.7585867,109.6,0.6235,0.0,BTC-27SEP19-1500-C,6281.89,0.0,0.3,1.0,0.8,1.0,217.48,0.81214,-0.31819,5.51415,1e-05,0.99225
6174.82,BTC-28JUN19,1557485945560,open,0.68,20.1,0.6365,0.716,0.67626656,109.47,0.578,0.0,BTC-28JUN19-2000-C,6281.89,0.0,0.006,0.1,0.856,1.0,500.0,0.09588,-0.10738,2.66613,0.0,0.99871
6157.86,BTC-27SEP19,1557485945561,open,0.02,157.9,0.0005,0.0665,0.02561609,67.16,0.0265,0.0,BTC-27SEP19-4000-P,6281.89,65.27,0.0235,14.0,0.0275,8.0,68.8,7.00142,-1.68094,-3.1169,7e-05,-0.10647
6174.82,BTC-28JUN19,1557485945561,open,0.93,10.0,0.8685,1.024,0.9462151,86.53,1.243,0.0,BTC-28JUN19-12000-P,6281.89,0.0,0.0005,0.4,1.458,1.0,500.0,1.37259,-1.21496,-15.87573,3e-05,-0.97382
6174.82,BTC-28JUN19,1557485945561,open,0.46,6.6,0.411,0.528,0.46947272,73.7,0.544,0.0,BTC-28JUN19-9000-P,6281.89,0.0,0.004,0.2,1.0275,1.0,500.0,4.06448,-3.0643,-11.29494,0.00011,-0.89656
6157.86,BTC-27SEP19,1557485945561,open,0.68,28.2,0.6385,0.718,0.67847627,94.03,0.608,0.0,BTC-27SEP19-2000-C,6281.89,0.0,0.008,5.0,0.688,1.0,123.15,1.28527,-0.43201,7.27805,1e-05,0.98689
6174.82,BTC-28JUN19,1557485945561,open,0.16,235.6,0.113,0.1925,0.15259551,63.46,0.1485,0.0,BTC-28JUN19-5500-C,6281.89,56.67,0.1445,5.0,0.1585,5.1,68.3,7.46347,-4.84517,4.77882,0.00023,0.73055
6157.86,BTC-27SEP19,1557485945561,open,0.65,2.0,0.6,0.7325,0.66619143,73.72,1.8325,0.0,BTC-27SEP19-10000-P,6281.89,0.0,0.011,10.0,1.47,0.3,499.89,10.73892,-2.83008,-34.5502,0.0001,-0.79791
6281.89,index_price,1557485945559,open,0.23,0.0,0.1865,0.2845,0.23549071,84.49,None,0,BTC-17MAY19-7750-P,6281.89,0.0,0.0,0.0,0.303,0.2,263.5,0.73979,-4.54532,-1.41494,0.00012,-0.96021
6281.89,index_price,1557485945558,open,0.0,0.1895,0.288,0.23871503,73.42,None,0,BTC-24MAY19-7750-P,6281.89,0.0,0.0,0.0,0.0,0.0,0.0,1.8451,-4.88121,-2.76375,0.00017,-0.91859
6281.89,index_price,1557485945562,open,0.33,9.8,0.2865,0.366,0.32635564,93.05,0.212,0,BTC-31MAY19-4250-C,6281.89,0.0,0.0005,0.3,0.0,0.0,0.0,1.0486,-2.33701,2.30915,5e-05,0.96906
6157.71,BTC-27SEP19,1557485945561,open,0.99,0.1,0.921,1.0805,1.00066362,74.29,0.001,0.0,BTC-27DEC19-12000-P,6281.89,0.0,0.008,10.0,1.8845,0.3,500.0,13.80068,-2.22035,-70.04999,8e-05,-0.79781
6281.89,index_price,1557485945560,open,0.0,97.4,0.0005,0.0405,0.00075888,107.66,0.0005,0,BTC-31MAY19-3500-P,6281.89,0.0,0.0,0.0,0.0015,11.0,118.51,0.33601,-0.86641,-0.03214,1e-05,-0.00819
6157.71,BTC-27SEP19,1557485945564,open,0.21,246.8,0.1695,0.249,0.20920967,64.57,0.2085,0.0,BTC-27SEP19-5500-C,6281.89,59.0,0.197,3.0,0.2245,3.0,71.51,13.53662,-3.12427,11.23363,0.00014,0.68526
6281.89,index_price,1557485945558,open,0.04,342.7,0.0005,0.077,0.03708987,63.17,0.033,0,BTC-17MAY19-6250-C,6281.89,53.83,0.032,25.4,0.036,24.0,61.17,3.42177,-15.71969,0.59588,0.00073,0.54064
6281.89,index_price,1557485945559,open,0.0,148.8,0.0005,0.042,0.00222026,80.54,0.0025,0,BTC-17MAY19-5250-P,6281.89,74.57,0.0015,40.0,0.0025,0.4,82.56,0.84078,-4.92443,-0.05779,0.00014,-0.04662
6157.71,BTC-27SEP19,1557485945562,open,0.3,61.1,0.2555,0.335,0.29502095,65.71,0.2775,0.0,BTC-27DEC19-5000-C,6281.89,58.81,0.2775,5.0,0.31,5.9,71.56,15.71581,-2.23659,17.53873,0.0001,0.74531
6281.89,index_price,1557485945559,open,0.41,0.0,0.3645,0.444,0.40442116,104.57,None,0,BTC-31MAY19-3750-C,6281.89,0.0,0.001,2.0,0.0,0.0,0.0,0.54719,-1.37054,2.08832,2e-05,0.98566
6281.89,index_price,1557485945559,open,0.0,0.0005,0.0605,0.02006154,69.57,None,0,BTC-24MAY19-5750-P,6281.89,66.09,0.018,32.0,0.021,32.0,71.12,3.77041,-9.45158,-0.61088,0.00036,-0.23574
6157.71,BTC-27SEP19,1557485945563,open,0.17,43.1,0.121,0.2005,0.16068178,66.47,0.146,0.0,BTC-27DEC19-7000-C,6281.89,64.36,0.154,10.0,0.1625,14.8,67.04,19.533,-2.81168,13.55486,0.00012,0.50869
6281.89,index_price,1557485945559,open,1.0,0.0005,0.074,0.0329425,68.91,0.03,0,BTC-24MAY19-6000-P,6281.89,65.48,0.0305,33.0,0.034,32.0,70.38,4.49443,-11.15974,-0.89374,0.00043,-0.34131
6157.71,BTC-27SEP19,1557485945561,open,0.1,103.5,0.054,0.1335,0.0937929,68.88,0.0895,0.0,BTC-27DEC19-9000-C,6281.89,67.57,0.09,10.0,0.0965,6.4,69.81,17.89675,-2.66972,9.49848,0.00011,0.33766
6174.82,BTC-28JUN19,1557485945553,open,0.08,528.3,0.0315,0.111,0.07144355,63.88,0.069,0.0,BTC-28JUN19-6500-C,6282.04,61.85,0.0685,24.2,0.073,0.2,64.95,8.96696,-5.85984,3.2054,0.00027,0.45911
6157.71,BTC-27SEP19,1557485945559,open,0.07,130.2,0.0325,0.118,0.07522838,66.28,0.077,0.0,BTC-27DEC19-4500-P,6281.89,65.27,0.073,6.4,0.077,4.9,67.09,13.51527,-1.94009,-10.53719,9e-05,-0.1953
6157.71,BTC-27SEP19,1557485945560,open,0.35,9.6,0.3045,0.384,0.34445621,66.29,0.323,0.0,BTC-27DEC19-4500-C,6281.89,57.46,0.3255,5.0,0.366,5.0,75.94,13.51577,-1.94042,17.92573,9e-05,0.80468
6281.89,index_price,1557485945560,open,0.02,181.6,0.0005,0.063,0.02322873,64.59,0.0245,0,BTC-31MAY19-7000-C,6281.89,61.07,0.0205,32.0,0.0235,0.4,64.93,4.93465,-7.63378,0.87395,0.00034,0.26648
6281.89,index_price,1557485945560,open,0.03,85.7,0.0005,0.073,0.03198962,63.13,0.034,0,BTC-17MAY19-6250-P,6281.89,64.99,0.033,24.0,0.0345,3.0,67.74,3.42177,-15.70881,-0.58143,0.00073,-0.45935
6281.89,index_price,1557485945560,open,0.12,0.0,0.0765,0.1655,0.12093932,70.1,None,0,BTC-17MAY19-7000-P,6281.89,0.0,0.0005,1.0,0.165,0.3,168.72,1.92596,-9.81725,-1.15992,0.00037,-0.85925
173.12,ETH-28JUN19,1557485945569,open,0.07,648.0,0.031,0.11,0.070926,74.12,0.058,0.0,ETH-28JUN19-190-C,172.54,72.07,0.068,299.0,0.074,120.0,76.27,0.24735,-0.18756,0.08042,0.00832,0.41784
173.77,ETH-27SEP19,1557485945569,open,0.03,362.0,0.001,0.064,0.02497,97.57,0.023,0.0,ETH-27SEP19-440-C,172.54,96.72,0.024,50.0,0.028,50.0,100.13,0.19992,-0.06973,0.05544,0.00177,0.10822
173.12,ETH-28JUN19,1557485945569,open,0.06,2975.0,0.018,0.097,0.057089,75.99,0.061,0.0,ETH-28JUN19-200-C,172.54,73.7,0.054,347.0,0.06,160.0,78.12,0.23512,-0.18277,0.06836,0.00771,0.35195
173.12,ETH-28JUN19,1557485945569,open,0.19,556.0,0.137,0.216,0.176946,70.57,0.16,0.0,ETH-28JUN19-150-C,172.54,65.36,0.171,100.0,0.178,40.0,71.48,0.19999,-0.14438,0.13356,0.00706,0.75308
173.12,ETH-28JUN19,1557485945569,open,0.09,5239.0,0.05,0.136,0.093123,70.62,0.101,0.0,ETH-28JUN19-170-P,172.54,67.74,0.089,281.0,0.096,120.0,72.63,0.24775,-0.17898,-0.11916,0.00874,-0.4209
173.77,ETH-27SEP19,1557485945569,open,0.55,0.0,0.506,0.585,0.545647,74.91,None,0.0,ETH-27SEP19-80-C,172.54,0.0,0.0,0.0,0.0,0.0,0.0,0.06997,-0.01874,0.28364,0.00081,0.97158
173.77,ETH-27SEP19,1557485945569,open,0.03,575.0,0.001,0.069,0.029194,93.98,0.032,0.0,ETH-27SEP19-400-C,172.54,93.05,0.028,50.0,0.032,50.0,96.12,0.22355,-0.0751,0.06494,0.00206,0.12671
173.77,ETH-27SEP19,1557485945569,open,0.05,355.0,0.004,0.083,0.043626,85.72,0.047,0.0,ETH-27SEP19-320-C,172.54,84.74,0.042,40.0,0.047,40.0,87.71,0.28999,-0.08886,0.09613,0.00292,0.18798
173.12,ETH-28JUN19,1557485945569,open,1.06,0.0,1.004,1.169,1.08649,107.98,None,0.0,ETH-28JUN19-360-P,172.54,0.0,0.0,0.0,0.0,0.0,0.0,0.06422,-0.07094,-0.47234,0.00148,-0.95106
173.14,ETH-28JUN19,1557485945569,open,0.23,535.0,0.179,0.258,0.218008,70.49,0.201,0.0,ETH-28JUN19-140-C,172.54,0.0,0.005,5.0,1.0,100.0,500.0,0.16056,-0.11577,0.1418,0.00567,0.82962
173.14,ETH-28JUN19,1557485945569,open,0.01,4003.0,0.001,0.045,0.005158,77.3,0.006,0.0,ETH-28JUN19-110-P,172.54,73.42,0.004,500.0,0.006,200.0,79.84,0.05514,-0.0436,-0.01058,0.00178,-0.04049
173.14,ETH-28JUN19,1557485945570,open,0.02,2031.0,0.001,0.06,0.020059,88.98,0.019,0.0,ETH-28JUN19-260-C,172.54,86.38,0.018,260.0,0.022,200.0,91.33,0.14018,-0.1276,0.02752,0.00392,0.13877
172.54,index_price,1557485945569,open,0.14,173.0,0.097,0.176,0.136117,82.47,0.111,0,ETH-17MAY19-150-C,172.54,72.58,0.134,50.0,0.139,50.0,93.56,0.04093,-0.24545,0.0249,0.00885,0.90207
173.77,ETH-27SEP19,1557485945570,open,0.17,573.0,0.121,0.2,0.160987,71.53,0.169,0.0,ETH-27SEP19-180-C,172.54,71.53,0.161,100.0,0.165,30.0,73.17,0.42485,-0.10863,0.26331,0.00513,0.5564
173.77,ETH-27SEP19,1557485945570,open,0.87,2.0,0.811,0.96,0.885565,85.97,0.953,0.0,ETH-27SEP19-320-P,172.54,0.0,0.0,0.0,0.0,0.0,0.0,0.29107,-0.08945,-1.12971,0.00293,-0.81089
173.77,ETH-27SEP19,1557485945570,open,0.06,861.0,0.018,0.097,0.057581,81.3,0.064,0.0,ETH-27SEP19-280-C,172.54,79.96,0.055,40.0,0.061,40.0,83.05,0.33679,-0.09788,0.12357,0.00358,0.24315
173.14,ETH-28JUN19,1557485945570,open,0.38,10.0,0.33,0.409,0.369724,76.95,0.265,0.0,ETH-28JUN19-110-C,172.54,0.0,0.0,0.0,0.0,0.0,0.0,0.0545,-0.04291,0.13687,0.00176,0.96008
173.77,ETH-27SEP19,1557485945570,open,0.45,0.0,0.402,0.481,0.44125,71.46,None,0.0,ETH-27SEP19-100-C,172.54,0.0,0.0,0.0,0.0,0.0,0.0,0.1456,-0.03719,0.32498,0.00176,0.92926
173.14,ETH-28JUN19,1557485945570,open,0.32,25.0,0.276,0.355,0.315086,72.05,0.315,0.0,ETH-28JUN19-120-C,172.54,0.0,0.306,50.0,0.0,0.0,0.0,0.07933,-0.05847,0.14397,0.00274,0.93604
173.77,ETH-27SEP19,1557485945570,open,0.27,1714.0,0.226,0.328,0.277024,73.1,0.295,0.0,ETH-27SEP19-200-P,172.54,70.65,0.271,87.0,0.281,30.0,74.71,0.42762,-0.11174,-0.53984,0.00506,-0.53364
172.54,index_price,1557485945569,open,0.01,390.0,0.001,0.045,0.005582,82.89,0.004,0,ETH-17MAY19-150-P,172.54,75.8,0.004,250.0,0.007,250.0,88.54,0.04125,-0.24863,-0.0034,0.00887,-0.09897
173.77,ETH-27SEP19,1557485945571,open,0.13,1891.0,0.086,0.165,0.125812,72.99,0.125,0.0,ETH-27SEP19-200-C,172.54,71.85,0.123,120.0,0.13,30.0,74.69,0.4276,-0.11157,0.22657,0.00506,0.46605
173.77,ETH-27SEP19,1557485945571,open,0.02,846.0,0.001,0.062,0.022044,101.09,0.025,0.0,ETH-27SEP19-480-C,172.54,100.08,0.021,50.0,0.025,50.0,103.82,0.18177,-0.06568,0.04856,0.00155,0.09497
173.77,ETH-27SEP19,1557485945571,open,0.13,5042.0,0.087,0.176,0.131693,71.6,0.11,0.0,ETH-27SEP19-160-P,172.54,68.22,0.124,106.0,0.131,40.0,71.3,0.3949,-0.10108,-0.31523,0.00477,-0.34168
173.14,ETH-28JUN19,1557485945571,open,0.03,9392.0,0.001,0.067,0.026742,70.64,0.021,0.0,ETH-28JUN19-140-P,172.54,66.52,0.023,302.0,0.026,160.0,69.83,0.16078,-0.11618,-0.04579,0.00567,-0.17075
173.14,ETH-28JUN19,1557485945571,open,0.12,2523.0,0.072,0.151,0.111088,70.54,0.102,0.0,ETH-28JUN19-170-C,172.54,68.39,0.108,180.0,0.114,120.0,72.58,0.24776,-0.1788,0.10854,0.00875,0.57925
173.77,ETH-27SEP19,1557485945571,open,0.0,174.0,0.001,0.042,0.002395,84.89,0.003,0.0,ETH-27SEP19-60-P,172.54,74.95,0.001,1946.0,0.004,150.0,92.39,0.03145,-0.00954,-0.009,0.00032,-0.01112
173.14,ETH-28JUN19,1557485945571,open,0.43,0.0,0.385,0.464,0.424932,79.45,None,0.0,ETH-28JUN19-100-C,172.54,0.0,0.0,0.0,0.0,0.0,0.0,0.03198,-0.02599,0.12846,0.001,0.97899
173.14,ETH-28JUN19,1557485945571,open,0.2,1945.0,0.164,0.26,0.212424,76.11,0.236,0.0,ETH-28JUN19-200-P,172.54,72.83,0.208,120.0,0.216,120.0,78.73,0.23528,-0.18319,-0.19937,0.0077,-0.6475
173.14,ETH-28JUN19,1557485945571,open,0.01,678.0,0.001,0.049,0.009791,100.68,0.009,0.0,ETH-28JUN19-320-C,172.54,99.01,0.009,260.0,0.011,100.0,103.08,0.08416,-0.08668,0.01373,0.00208,0.06903
173.77,ETH-27SEP19,1557485945571,open,0.07,723.0,0.029,0.108,0.068302,79.28,0.062,0.0,ETH-27SEP19-260-C,172.54,77.7,0.065,178.0,0.072,40.0,81.04,0.36364,-0.10306,0.1426,0.00396,0.28245
172.54,index_price,1557485945569,open,0.11,770.0,0.072,0.16,0.115917,86.68,0.155,0,ETH-17MAY19-190-P,172.54,76.8,0.112,50.0,0.118,50.0,91.64,0.07127,-0.44928,-0.02891,0.01466,-0.7736
172.54,index_price,1557485945568,open,0.0,0.062,0.141,0.10154,77.64,None,0,ETH-24MAY19-160-C,172.54,72.22,0.098,50.0,0.104,50.0,81.35,0.11382,-0.31842,0.04037,0.01295,0.71707
172.54,index_price,1557485945569,open,0.0,0.21,0.289,0.249108,84.9,None,0,ETH-24MAY19-130-C,172.54,0.0,0.0,0.0,0.334,2.0,276.7,0.0269,-0.08228,0.04686,0.0028,0.96351
172.54,index_price,1557485945568,open,0.0,0.026,0.105,0.065934,75.55,None,0,ETH-24MAY19-170-C,172.54,73.02,0.064,150.0,0.069,150.0,79.55,0.13218,-0.35985,0.03301,0.01546,0.5692
172.54,index_price,1557485945570,open,0.0,0.001,0.07,0.028968,77.8,None,0,ETH-24MAY19-160-P,172.54,71.73,0.025,200.0,0.028,20.0,76.33,0.11387,-0.31925,-0.02048,0.01293,-0.28323
172.54,index_price,1557485945569,open,0.16,330.0,0.121,0.213,0.167234,91.93,0.185,0,ETH-17MAY19-200-P,172.54,79.86,0.164,50.0,0.169,50.0,97.65,0.05117,-0.34205,-0.03358,0.00993,-0.86595
172.54,index_price,1557485945569,open,0.0,0.13,0.223,0.176582,83.66,None,0,ETH-24MAY19-200-P,172.54,76.97,0.173,50.0,0.178,50.0,86.19,0.09559,-0.28819,-0.06373,0.0101,-0.79497
172.54,index_price,1557485945570,open,0.26,0.0,0.208,0.287,0.247499,101.63,None,0,ETH-17MAY19-130-C,172.54,0.0,0.001,18.0,0.332,1.0,388.07,0.01043,-0.0771,0.02388,0.00183,0.9821
172.54,index_price,1557485945570,open,0.06,203.0,0.028,0.113,0.070701,82.07,0.068,0,ETH-17MAY19-180-P,172.54,74.91,0.067,150.0,0.073,150.0,86.47,0.08977,-0.53579,-0.02262,0.01951,-0.62531
172.54,index_price,1557485945571,open,0.0,270.0,0.001,0.043,0.003765,109.4,0.005,0,ETH-17MAY19-220-C,172.54,104.51,0.003,250.0,0.005,320.0,116.26,0.02871,-0.22844,0.00187,0.00468,0.06138
173.77,ETH-27SEP19,1557485945575,open,0.45,133.0,0.406,0.522,0.463716,77.33,0.472,0.0,ETH-27SEP19-240-P,172.54,0.0,0.053,15.0,0.493,1.0,90.02,0.39038,-0.10791,-0.75382,0.00436,-0.66828
173.77,ETH-27SEP19,1557485945587,open,0.36,745.0,0.313,0.422,0.367389,75.3,0.38,0.0,ETH-27SEP19-220-P,172.54,54.54,0.32,60.0,0.403,1.0,90.04,0.41345,-0.11129,-0.64925,0.00475,-0.60757
6157.86,BTC-27SEP19,1557485945595,open,0.07,111.1,0.026,0.111,0.06857114,64.75,0.0655,0.0,BTC-27SEP19-5000-P,6281.89,63.14,0.0655,9.4,0.071,9.4,66.03,11.73496,-2.71627,-7.18141,0.00012,-0.23575
6174.82,BTC-28JUN19,1557485945599,open,0.11,2501.9,0.0655,0.145,0.105249,62.95,0.1055,0.0,BTC-28JUN19-6000-C,6281.89,60.66,0.102,19.2,0.108,13.3,64.89,8.75874,-5.6403,4.04766,0.00027,0.59478
6281.89,index_price,1557485945625,open,0.02,246.8,0.0005,0.0595,0.01888299,69.31,0.0185,0,BTC-17MAY19-6000-P,6281.89,68.51,0.0185,2.0,0.02,32.0,71.65,2.98866,-15.06421,-0.37498,0.00058,-0.298
172.54,index_price,1557485945679,open,0.06,398.0,0.011,0.09,0.050702,79.04,0.049,0,ETH-17MAY19-170-C,172.54,74.02,0.048,150.0,0.054,243.0,85.18,0.09277,-0.53323,0.01706,0.02093,0.57572
6157.86,BTC-27SEP19,1557485945688,open,0.14,77.7,0.098,0.189,0.1436741,64.48,0.1375,0.0,BTC-27SEP19-6000-P,6281.89,63.15,0.1405,7.8,0.147,3.0,65.88,14.68441,-3.38465,-12.7269,0.00016,-0.39564
173.12,ETH-28JUN19,1557485945691,open,0.04,2065.0,0.001,0.078,0.038547,80.35,0.029,0.0,ETH-28JUN19-220-C,172.54,78.15,0.036,160.0,0.041,298.0,82.43,0.20218,-0.16618,0.04949,0.00627,0.25205
172.54,index_price,1557485945693,open,0.06,398.0,0.011,0.09,0.050702,79.04,0.049,0,ETH-17MAY19-170-C,172.54,74.02,0.048,150.0,0.054,150.0,85.18,0.09277,-0.53323,0.01706,0.02093,0.57572
172.54,index_price,1557485945695,open,0.03,582.0,0.001,0.067,0.027344,81.84,0.026,0,ETH-17MAY19-180-C,172.54,77.31,0.025,318.0,0.03,225.0,86.92,0.08974,-0.53406,0.01127,0.01955,0.37423
172.54,index_price,1557485945788,open,0.11,770.0,0.072,0.16,0.115917,86.68,0.155,0,ETH-17MAY19-190-P,172.54,79.41,0.113,50.0,0.118,50.0,91.64,0.07127,-0.44928,-0.02891,0.01466,-0.7736
172.54,index_price,1557485945841,open,0.0,0.062,0.141,0.10154,77.64,None,0,ETH-24MAY19-160-C,172.54,72.22,0.098,50.0,0.103,50.0,79.85,0.11382,-0.31842,0.04037,0.01295,0.71707
6281.89,index_price,1557485946057,open,0.2,0.054,0.1415,0.09761294,64.64,0.0995,0,BTC-24MAY19-6750-P,6281.89,70.96,0.102,8.0,0.1065,8.0,77.3,4.29642,-10.00722,-1.89048,0.00044,-0.69401
6157.86,BTC-27SEP19,1557485946316,open,0.14,77.7,0.098,0.189,0.14366192,64.48,0.1375,0.0,BTC-27SEP19-6000-P,6281.89,63.15,0.1405,3.0,0.147,3.0,65.88,14.68441,-3.38465,-12.7269,0.00016,-0.39564
6174.67,BTC-28JUN19,1557485946329,open,0.08,528.3,0.0315,0.111,0.07143458,63.89,0.069,0.0,BTC-28JUN19-6500-C,6281.89,62.2,0.069,19.2,0.073,0.2,64.96,8.96668,-5.86024,3.20509,0.00027,0.45908
6174.82,BTC-28JUN19,1557485946352,open,0.11,2501.9,0.0655,0.145,0.10526148,62.95,0.1055,0.0,BTC-28JUN19-6000-C,6281.89,61.01,0.1025,19.2,0.108,13.3,64.89,8.75874,-5.6403,4.04766,0.00027,0.59478
6281.89,index_price,1557485946381,open,0.02,246.8,0.0005,0.0595,0.01889066,69.31,0.0185,0,BTC-17MAY19-6000-P,6281.89,68.51,0.0185,2.0,0.0195,32.0,70.61,2.98866,-15.06421,-0.37498,0.00058,-0.298
6157.72,BTC-27SEP19,1557485946558,open,0.26,817.8,0.217,0.2965,0.25659374,64.76,0.2405,0.0,BTC-27SEP19-5000-C,6281.56,56.97,0.242,3.0,0.2745,3.0,74.02,11.73527,-2.71644,11.97904,0.00012,0.76423
6174.7,BTC-28JUN19,1557485946558,open,0.0,90.1,0.0005,0.042,0.00239403,90.59,0.004,0.0,BTC-28JUN19-3250-P,6281.56,84.19,0.0015,62.0,0.0035,52.0,96.71,0.9901,-0.91759,-0.16686,2e-05,-0.01779
6174.7,BTC-28JUN19,1557485946558,open,0.01,202.5,0.0005,0.0515,0.01147153,70.22,0.0125,0.0,BTC-28JUN19-4500-P,6281.56,67.6,0.01,42.0,0.0125,52.0,71.96,3.5761,-2.56877,-0.81375,0.0001,-0.08695
6157.72,BTC-27SEP19,1557485946558,open,0.38,239.7,0.3365,0.416,0.37603996,67.17,0.349,0.0,BTC-27SEP19-4000-C,6281.56,0.0,0.165,2.0,0.39,1.0,78.56,7.00287,-1.68155,12.21087,7e-05,0.8935
6157.72,BTC-27SEP19,1557485946559,open,1.12,0.0,1.0485,1.219,1.13366426,81.99,None,0.0,BTC-27SEP19-13000-P,6281.56,0.0,0.008,50.0,1.9375,0.3,499.78,7.23907,-2.12166,-47.71768,6e-05,-0.88847
6157.72,BTC-27SEP19,1557485946559,open,0.1,58.0,0.0585,0.146,0.10237629,64.56,0.143,0.0,BTC-27SEP19-5500-P,6281.56,63.02,0.099,3.0,0.1055,9.4,65.98,13.53654,-3.12376,-9.84288,0.00014,-0.31474
6174.37,BTC-28JUN19,1557485946559,open,0.02,1474.9,0.0005,0.0625,0.02272,69.05,0.022,0.0,BTC-28JUN19-8000-C,6281.56,68.31,0.022,111.3,0.0245,26.1,70.85,6.01827,-4.25121,1.33652,0.00017,0.18437
6174.37,BTC-28JUN19,1557485946560,open,0.0,409.0,0.0005,0.0435,0.00339892,86.37,0.004,0.0,BTC-28JUN19-3500-P,6281.56,81.84,0.0025,42.0,0.0045,52.0,91.05,1.33594,-1.18042,-0.23768,3e-05,-0.02535
6157.72,BTC-27SEP19,1557485946560,open,0.03,1003.0,0.0005,0.0745,0.03356294,66.28,0.0415,0.0,BTC-27SEP19-4250-P,6281.56,64.72,0.0315,14.0,0.0355,8.0,67.72,8.22337,-1.94822,-3.94801,9e-05,-0.13374
6157.72,BTC-27SEP19,1557485946560,open,0.01,365.2,0.0005,0.0545,0.01439245,69.84,0.016,0.0,BTC-27SEP19-3500-P,6281.56,67.32,0.0125,14.0,0.016,8.0,71.86,4.76897,-1.19052,-1.84725,5e-05,-0.06389
6174.37,BTC-28JUN19,1557485946561,open,0.36,317.7,0.319,0.3985,0.35879604,78.72,0.35,0.0,BTC-28JUN19-4000-C,6281.56,0.0,0.06,2.0,0.4,10.0,143.95,2.30631,-1.85719,4.8933,6e-05,0.95064
6157.72,BTC-27SEP19,1557485946561,open,0.0,1670.3,0.0005,0.042,0.00218338,109.64,0.001,0.0,BTC-27SEP19-1500-P,6281.56,98.35,0.001,8.6,0.0035,15.0,118.18,0.81345,-0.31882,-0.23464,1e-05,-0.00776
6174.37,BTC-28JUN19,1557485946561,open,0.31,24.6,0.266,0.371,0.31830433,68.95,0.609,0.0,BTC-28JUN19-8000-P,6281.56,0.0,0.0005,0.4,0.888,1.0,500.0,6.0095,-4.23906,-9.37875,0.00017,-0.81606
6157.72,BTC-27SEP19,1557485946558,open,1.3,0.0,1.22,1.4045,1.3121284,77.7,None,0.0,BTC-27DEC19-14000-P,6281.56,0.0,0.008,10.0,2.2045,0.2,500.0,11.61134,-1.95385,-84.06543,6e-05,-0.84617
6157.72,BTC-27SEP19,1557485946563,open,0.37,2.5,0.324,0.4335,0.37871333,69.04,1.278,0.0,BTC-27SEP19-8000-P,6281.56,0.0,0.008,10.0,1.1605,0.3,499.67,14.04533,-3.46616,-24.39213,0.00014,-0.65495
6174.37,BTC-28JUN19,1557485946563,open,0.0,799.4,0.0005,0.04,0.00036026,110.01,0.001,0.0,BTC-28JUN19-20000-C,6281.56,0.0,0.0,0.0,0.001,13.0,121.53,0.22397,-0.25205,0.02413,0.0,0.00328
6157.72,BTC-27SEP19,1557485946560,open,0.13,64.7,0.081,0.1605,0.12077261,67.37,0.1135,0.0,BTC-27DEC19-8000-C,6281.56,65.83,0.116,0.1,0.1235,14.8,68.25,19.06808,-2.78205,11.37085,0.00012,0.41271
6281.56,index_price,1557485946561,open,0.22,83.9,0.173,0.2525,0.21292666,78.08,0.2155,0,BTC-31MAY19-5000-C,6281.56,0.0,0.204,10.0,0.2205,2.0,94.61,2.52333,-4.71905,2.48925,0.00014,0.9058
6281.56,index_price,1557485946558,open,0.0,0.0005,0.0475,0.00740057,75.94,None,0,BTC-24MAY19-5250-P,6281.56,73.22,0.0065,40.0,0.008,10.0,77.67,2.13811,-5.85048,-0.25475,0.00019,-0.09928
6157.39,BTC-27SEP19,1557485946559,open,0.03,27.7,0.0005,0.075,0.03521219,80.02,0.0365,0.0,BTC-27DEC19-15000-C,6281.56,78.75,0.033,8.0,0.0375,8.1,81.29,10.89299,-1.88769,4.07623,6e-05,0.13987
6157.39,BTC-27SEP19,1557485946562,open,0.03,18.0,0.0005,0.0705,0.03090253,81.24,0.0255,0.0,BTC-27DEC19-16000-C,6281.56,80.68,0.03,8.0,0.032,0.1,81.9,10.02706,-1.76406,3.62776,5e-05,0.12405
6281.56,index_price,1557485946561,open,0.21,0.0,0.166,0.2455,0.20559381,91.97,None,0,BTC-17MAY19-5000-C,6281.56,0.0,0.001,1.0,0.278,0.2,319.37,0.59771,-3.99751,0.9037,9e-05,0.96931
6157.39,BTC-27SEP19,1557485946561,open,0.03,80.1,0.0005,0.0725,0.03151511,68.78,0.039,0.0,BTC-27DEC19-3500-P,6281.56,67.28,0.0295,8.0,0.033,5.0,69.87,8.3251,-1.2401,-4.95671,5e-05,-0.09575
172.54,index_price,1557485946576,open,0.1,685.0,0.048,0.127,0.087857,79.41,0.084,0,ETH-17MAY19-160-C,172.54,74.86,0.086,50.0,0.09,50.0,84.51,0.07148,-0.41277,0.02225,0.01605,0.77242
6174.37,BTC-28JUN19,1557485946582,open,1.25,1.3,1.1785,1.3595,1.26877104,92.82,2.415,0.0,BTC-28JUN19-14000-P,6281.56,0.0,0.0005,0.2,1.7515,1.0,500.0,0.73278,-0.69582,-18.65424,2e-05,-0.98747
173.76,ETH-27SEP19,1557485946585,open,0.66,0.0,0.618,0.697,0.657108,84.98,0.01,0.0,ETH-27SEP19-60-C,172.54,0.0,0.0,0.0,0.0,0.0,0.0,0.03158,-0.00959,0.22088,0.00032,0.98882
173.14,ETH-28JUN19,1557485946585,open,0.0,1785.0,0.001,0.041,0.001553,86.12,0.002,0.0,ETH-28JUN19-90-P,172.54,0.0,0.0,0.0,0.003,300.0,95.74,0.02085,-0.01837,-0.00332,0.0006,-0.01275
173.76,ETH-27SEP19,1557485946585,open,0.02,3077.0,0.001,0.057,0.016808,71.55,0.018,0.0,ETH-27SEP19-100-P,172.54,66.77,0.013,50.0,0.017,50.0,71.78,0.14591,-0.03732,-0.05843,0.00176,-0.07094
173.76,ETH-27SEP19,1557485946597,open,0.98,1.0,0.916,1.075,0.99541,87.8,1.043,0.0,ETH-27SEP19-340-P,172.54,0.0,0.0,0.0,0.0,0.0,0.0,0.26981,-0.08468,-1.21705,0.00266,-0.83232
173.14,ETH-28JUN19,1557485946601,open,0.05,776.0,0.007,0.086,0.046605,78.09,0.04,0.0,ETH-28JUN19-210-C,172.54,76.03,0.044,293.0,0.049,160.0,79.97,0.21935,-0.17524,0.0581,0.007,0.29719
173.76,ETH-27SEP19,1557485946606,open,0.55,1.0,0.502,0.627,0.564582,79.27,0.573,0.0,ETH-27SEP19-260-P,172.54,0.0,0.052,20.0,0.588,1.0,90.07,0.36356,-0.10302,-0.85382,0.00396,-0.71765
173.76,ETH-27SEP19,1557485946606,open,0.08,400.0,0.043,0.122,0.082291,77.21,0.073,0.0,ETH-27SEP19-240-C,172.54,75.74,0.079,173.0,0.086,40.0,78.85,0.39009,-0.10766,0.16571,0.00437,0.33115
173.14,ETH-28JUN19,1557485946606,open,0.25,1515.0,0.21,0.309,0.259608,78.18,0.335,0.0,ETH-28JUN19-210-P,172.54,0.0,0.005,25.0,0.0,0.0,0.0,0.21946,-0.17552,-0.22306,0.00699,-0.70249
173.14,ETH-28JUN19,1557485946609,open,0.04,6973.0,0.002,0.085,0.04343,70.63,0.042,0.0,ETH-28JUN19-150-P,172.54,66.76,0.039,191.0,0.043,160.0,70.26,0.19999,-0.1445,-0.06731,0.00705,-0.24689
173.14,ETH-28JUN19,1557485946613,open,0.84,0.0,0.784,0.932,0.858223,101.12,None,0.0,ETH-28JUN19-320-P,172.54,0.0,0.0,0.0,0.0,0.0,0.0,0.08518,-0.08811,-0.41456,0.0021,-0.92988
172.54,index_price,1557485946613,open,0.0,0.181,0.278,0.229384,88.97,None,0,ETH-24MAY19-210-P,172.54,0.0,0.0,0.0,0.303,1.0,202.86,0.07767,-0.24899,-0.07094,0.00771,-0.8522
173.76,ETH-27SEP19,1557485946618,open,0.08,6947.0,0.036,0.122,0.079161,71.55,0.074,0.0,ETH-27SEP19-140-P,172.54,66.74,0.07,167.0,0.077,40.0,70.42,0.33371,-0.08535,-0.21192,0.00403,-0.2391
173.14,ETH-28JUN19,1557485946618,open,0.4,1725.0,0.358,0.47,0.413576,84.9,0.475,0.0,ETH-28JUN19-240-P,172.54,0.0,0.063,8.0,0.0,0.0,0.0,0.16924,-0.147,-0.28479,0.00497,-0.81478
173.14,ETH-28JUN19,1557485946618,open,0.12,4551.0,0.084,0.173,0.128251,72.28,0.132,0.0,ETH-28JUN19-180-P,172.54,69.36,0.124,263.0,0.131,120.0,74.16,0.25273,-0.18687,-0.14701,0.00871,-0.50585
173.76,ETH-27SEP19,1557485946620,open,0.19,4517.0,0.15,0.244,0.196908,71.54,0.203,0.0,ETH-27SEP19-180-P,172.54,69.13,0.191,172.0,0.2,30.0,72.81,0.42483,-0.10864,-0.42652,0.00513,-0.44363
173.14,ETH-28JUN19,1557485946620,open,1.86,0.0,1.774,2.004,1.88905,113.9,None,0.0,ETH-28JUN19-500-P,172.54,0.0,0.0,0.0,0.0,0.0,0.0,0.01651,-0.01924,-0.66755,0.00036,-0.99025
173.14,ETH-28JUN19,1557485946620,open,0.06,3255.0,0.023,0.108,0.06553,70.63,0.073,0.0,ETH-28JUN19-160-P,172.54,67.22,0.061,176.0,0.066,160.0,70.99,0.22998,-0.16618,-0.09215,0.00811,-0.33193
173.76,ETH-27SEP19,1557485946620,open,0.28,201.0,0.234,0.313,0.273499,71.57,0.243,0.0,ETH-27SEP19-140-C,172.54,0.0,0.005,5.0,0.29,1.0,80.08,0.33373,-0.08538,0.32454,0.00403,0.76088
173.76,ETH-27SEP19,1557485946629,open,0.03,1258.0,0.001,0.071,0.031841,92.05,0.019,0.0,ETH-27SEP19-380-C,172.54,90.68,0.03,50.0,0.035,50.0,94.31,0.23734,-0.07809,0.07083,0.00223,0.13822
173.14,ETH-28JUN19,1557485946629,open,0.02,2047.0,0.001,0.055,0.015613,93.49,0.015,0.0,ETH-28JUN19-280-C,172.54,91.06,0.014,260.0,0.017,200.0,95.48,0.11804,-0.1129,0.02156,0.00315,0.1086
173.76,ETH-27SEP19,1557485946631,open,0.04,585.0,0.001,0.078,0.038591,87.73,0.041,0.0,ETH-27SEP19-340-C,172.54,86.7,0.037,40.0,0.042,40.0,89.89,0.26953,-0.08453,0.08578,0.00266,0.16741
