underlying_price,underlying_index,timestamp,state,settlement_price,open_interest,min_price,max_price,mark_price,mark_iv,last_price,interest_rate,instrument_name,index_price,bid_iv,best_bid_price,best_bid_amount,best_ask_price,best_ask_amount,ask_iv,vega,theta,rho,gamma,delta
226.97,SYN.ETH-16AUG19,1565175539989,open,0.07,601.0,0.038,0.109,0.076504,97.84,0.083,0.0,ETH-16AUG19-220-C,226.2,0.0,0.0,0.0,0.084,150.0,110.39,0.13574,-0.74818,0.02948,0.01107,0.61057
226.39,SYN.ETH-9AUG19,1565175540002,open,0.02,409.0,0.001,0.039,0.014356,92.54,0.014,0.0,ETH-9AUG19-220-P,226.2,79.21,0.011,212.0,0.017,412.0,102.69,0.05812,-1.43376,-0.0039,0.02385,-0.32112
226.97,SYN.ETH-16AUG19,1565175540017,open,0.1,150.0,0.054,0.136,0.097123,100.81,0.092,0.0,ETH-16AUG19-240-P,226.2,83.64,0.087,150.0,0.0,0.0,0.0,0.13591,-0.77183,-0.03897,0.01076,-0.60888
228.15,SYN.ETH-30AUG19,1565175540023,open,0.05,354.0,0.02,0.082,0.051722,100.92,0.046,0.0,ETH-30AUG19-260-C,226.2,97.98,0.049,160.0,0.056,227.0,105.53,0.21109,-0.46563,0.04235,0.00641,0.3479
233.2,ETH-27DEC19,1565175540030,open,0.17,2183.0,0.107,0.215,0.165433,101.23,0.161,0.0,ETH-27DEC19-200-P,226.2,96.82,0.156,141.0,0.167,210.0,101.99,0.49615,-0.17701,-0.41108,0.00232,-0.28811
226.94,SYN.ETH-16AUG19,1565175540044,open,0.1,52.0,0.064,0.135,0.103362,98.04,0.111,0.0,ETH-16AUG19-210-C,226.2,95.43,0.102,50.0,0.0,0.0,0.0,0.11905,-0.65747,0.03405,0.0097,0.72039
226.39,SYN.ETH-9AUG19,1565175540072,open,0.0,162.0,0.001,0.011,0.000462,115.29,0.001,0.0,ETH-9AUG19-190-P,226.2,0.0,0.0,0.0,0.001,1.0,130.17,0.00626,-0.10476,-0.00018,0.00206,-0.01533
226.39,SYN.ETH-9AUG19,1565175540078,open,0.01,1137.0,0.001,0.022,0.005338,100.64,0.008,0.0,ETH-9AUG19-210-P,226.2,91.8,0.004,3.0,0.007,534.0,110.5,0.03623,-0.97196,-0.0017,0.01367,-0.14062
233.2,ETH-27DEC19,1565175540082,open,0.27,801.0,0.194,0.326,0.266154,101.21,0.263,0.0,ETH-27DEC19-240-P,226.2,97.02,0.256,120.0,0.271,40.0,103.27,0.55927,-0.19949,-0.59795,0.00261,-0.39359
226.97,SYN.ETH-16AUG19,1565175540087,open,0.03,49.0,0.006,0.055,0.028581,97.91,0.03,0.0,ETH-16AUG19-210-P,226.2,74.91,0.017,226.0,0.03,426.0,100.58,0.11896,-0.65614,-0.01698,0.0097,-0.27913
226.97,SYN.ETH-16AUG19,1565175540097,open,0.0,0.0,0.001,0.011,0.001988,104.12,None,0.0,ETH-16AUG19-310-C,226.2,0.0,0.0,0.0,0.004,250.0,118.14,0.02604,-0.15274,0.00171,0.002,0.03297
226.97,SYN.ETH-16AUG19,1565175540102,open,0.03,78.0,0.005,0.053,0.027198,100.92,0.043,0.0,ETH-16AUG19-250-C,226.2,94.94,0.024,200.0,0.031,235.0,107.91,0.12235,-0.69564,0.01485,0.00968,0.29622
233.23,ETH-27DEC19,1565175540111,open,0.03,2777.0,0.013,0.055,0.033009,101.25,0.028,0.0,ETH-27DEC19-120-P,226.2,95.97,0.028,15.0,0.034,348.0,102.26,0.22748,-0.08117,-0.10754,0.00106,-0.08561
226.97,SYN.ETH-16AUG19,1565175540138,open,0.07,601.0,0.038,0.109,0.076504,97.84,0.083,0.0,ETH-16AUG19-220-C,226.2,93.69,0.074,150.0,0.084,150.0,110.39,0.13574,-0.74818,0.02948,0.01107,0.61057
233.2,ETH-27DEC19,1565175540152,open,0.02,1426.0,0.004,0.044,0.020324,109.83,0.024,0.0,ETH-27DEC19-760-C,226.2,106.17,0.017,50.0,0.024,1.0,113.5,0.22293,-0.08629,0.05712,0.00096,0.08335
228.15,SYN.ETH-30AUG19,1565175540157,open,0.13,380.0,0.082,0.171,0.129397,99.17,0.126,0.0,ETH-30AUG19-240-P,226.2,91.7,0.122,120.0,0.132,120.0,101.75,0.22713,-0.49231,-0.09455,0.00702,-0.53185
230.49,ETH-27SEP19,1565175540169,open,0.05,1794.0,0.019,0.083,0.050948,104.63,0.047,0.0,ETH-27SEP19-320-C,226.2,102.17,0.048,160.0,0.055,260.0,107.94,0.27888,-0.28677,0.06702,0.0036,0.25957
228.15,SYN.ETH-30AUG19,1565175540186,open,0.11,546.0,0.073,0.15,0.115587,98.81,0.121,0.0,ETH-30AUG19-220-C,226.2,96.15,0.113,240.0,0.0,0.0,0.0,0.21966,-0.47441,0.07022,0.00681,0.60667
228.15,SYN.ETH-30AUG19,1565175540200,open,0.01,3500.0,0.001,0.016,0.005631,105.45,0.005,0.0,ETH-30AUG19-360-C,226.2,99.05,0.004,200.0,0.007,300.0,110.06,0.06378,-0.147,0.0071,0.00185,0.05527
228.15,SYN.ETH-30AUG19,1565175540209,open,0.01,1792.0,0.002,0.031,0.013549,103.15,0.012,0.0,ETH-30AUG19-320-C,226.2,99.96,0.012,200.0,0.015,299.0,106.01,0.11343,-0.25573,0.01505,0.00337,0.11878
230.49,ETH-27SEP19,1565175540215,open,0.0,9094.0,0.001,0.014,0.004612,101.26,0.002,0.0,ETH-27SEP19-120-P,226.2,93.64,0.003,1.0,0.006,600.0,106.67,0.05481,-0.05454,-0.01038,0.00073,-0.02771
233.23,ETH-27DEC19,1565175540220,open,0.39,432.0,0.304,0.453,0.384915,101.72,0.382,0.0,ETH-27DEC19-280-P,226.2,97.73,0.375,120.0,0.392,30.0,104.57,0.57986,-0.20786,-0.79179,0.0027,-0.48848
230.49,ETH-27SEP19,1565175540226,open,0.04,1837.0,0.013,0.069,0.039992,105.16,0.044,0.0,ETH-27SEP19-340-C,226.2,103.31,0.038,160.0,0.043,273.0,107.9,0.25052,-0.25892,0.05579,0.00322,0.21365
233.23,ETH-27DEC19,1565175540247,open,0.23,679.0,0.172,0.286,0.237042,101.25,0.245,0.0,ETH-27DEC19-240-C,226.2,99.56,0.233,1.0,0.246,30.0,104.99,0.55929,-0.19957,0.33497,0.00261,0.60653
230.49,ETH-27SEP19,1565175540286,open,0.17,994.0,0.12,0.21,0.170365,101.26,0.17,0.0,ETH-27SEP19-220-C,226.2,97.48,0.165,110.0,0.176,120.0,105.23,0.32696,-0.32538,0.14528,0.00436,0.62257
226.39,SYN.ETH-9AUG19,1565175540298,open,0.0,530.0,0.001,0.013,0.0019,110.8,0.006,0.0,ETH-9AUG19-200-P,226.2,97.45,0.001,13.0,0.003,550.0,123.0,0.018,-0.43081,-0.00066,0.00617,-0.0548
228.15,SYN.ETH-30AUG19,1565175540302,open,0.01,3110.0,0.001,0.018,0.007008,98.84,0.007,0.0,ETH-30AUG19-160-P,226.2,91.5,0.005,200.0,0.009,500.0,105.14,0.06774,-0.14635,-0.00953,0.0021,-0.05967
228.15,SYN.ETH-30AUG19,1565175540307,open,0.0,773.0,0.001,0.012,0.002494,104.81,0.003,0.0,ETH-30AUG19-140-P,226.2,90.78,0.001,1.0,0.004,500.0,114.28,0.03131,-0.07173,-0.00367,0.00092,-0.02317
226.97,SYN.ETH-16AUG19,1565175540313,open,0.1,150.0,0.054,0.136,0.097123,100.81,0.092,0.0,ETH-16AUG19-240-P,226.2,83.64,0.087,150.0,0.097,150.0,100.55,0.13591,-0.77183,-0.03897,0.01076,-0.60888
226.39,SYN.ETH-9AUG19,1565175540332,open,0.07,306.0,0.045,0.107,0.077723,100.39,0.078,0.0,ETH-9AUG19-210-C,226.2,89.06,0.076,50.0,0.0,0.0,0.0,0.03613,-0.96681,0.0091,0.01367,0.85996
228.15,SYN.ETH-30AUG19,1565175540344,open,0.03,740.0,0.01,0.059,0.033349,101.52,0.034,0.0,ETH-30AUG19-280-C,226.2,98.54,0.031,160.0,0.036,257.0,104.84,0.18098,-0.40159,0.03079,0.00546,0.24865
230.49,ETH-27SEP19,1565175540348,open,0.0,7916.0,0.001,0.011,0.000994,120.54,0.001,0.0,ETH-27SEP19-760-C,226.2,0.0,0.0,0.0,0.002,400.0,130.31,0.01809,-0.02143,0.00213,0.0002,0.00763
228.15,SYN.ETH-30AUG19,1565175540354,open,0.08,1448.0,0.039,0.11,0.077436,99.12,0.082,0.0,ETH-30AUG19-240-C,226.2,96.69,0.075,240.0,0.083,190.0,104.72,0.22713,-0.49207,0.05586,0.00702,0.46809
228.15,SYN.ETH-30AUG19,1565175540361,open,0.01,3915.0,0.001,0.022,0.008646,104.13,0.009,0.0,ETH-30AUG19-340-C,226.2,99.5,0.007,200.0,0.01,300.0,107.61,0.0855,-0.19458,0.01031,0.00252,0.08073
233.2,ETH-27DEC19,1565175540365,open,0.03,503.0,0.007,0.055,0.027459,109.04,0.026,0.0,ETH-27DEC19-680-C,226.2,105.01,0.023,350.0,0.032,300.0,112.79,0.27075,-0.10404,0.07347,0.00117,0.10852
226.97,SYN.ETH-16AUG19,1565175540371,open,0.04,224.0,0.011,0.069,0.039729,100.73,0.043,0.0,ETH-16AUG19-240-C,226.2,94.5,0.036,200.0,0.044,203.0,107.86,0.1359,-0.77116,0.01939,0.01077,0.39099
233.2,ETH-27DEC19,1565175540397,open,0.53,101.0,0.433,0.593,0.51849,102.83,0.513,0.0,ETH-27DEC19-320-P,226.2,97.75,0.506,110.0,0.525,30.0,105.52,0.57141,-0.20707,-0.98539,0.00263,-0.56869
230.49,ETH-27SEP19,1565175540406,open,0.01,4039.0,0.001,0.016,0.005744,111.04,0.008,0.0,ETH-27SEP19-520-C,226.2,104.95,0.004,340.0,0.008,300.0,117.41,0.07355,-0.08027,0.01088,0.00089,0.0396
228.15,SYN.ETH-30AUG19,1565175540415,open,0.02,620.0,0.005,0.039,0.019728,98.84,0.018,0.0,ETH-30AUG19-180-P,226.2,91.9,0.016,320.0,0.021,279.0,101.09,0.12695,-0.27428,-0.0228,0.00394,-0.13972
11863.7,BTC-27SEP19,1565175540426,open,0.62,289.7,0.613,0.6325,0.62264237,125.13,0.588,0.0,BTC-27SEP19-4500-C,11628.77,0.0,0.002,1.1,0.688,5.0,300.33,1.22997,-1.5126,6.06675,1e-05,0.98952
12060.37,BTC-27DEC19,1565175540426,open,0.36,169.6,0.313,0.403,0.361412,99.26,0.3545,0.0,BTC-27DEC19-9000-C,11628.77,91.07,0.3465,10.0,0.362,15.0,99.58,22.08775,-7.7266,19.76399,4e-05,0.78301
12060.37,BTC-27DEC19,1565175540426,open,3.36,1.0,3.228,3.42,3.31885683,108.24,4.454,0.0,BTC-27DEC19-52000-P,11628.77,0.0,0.001,1.0,0.0,0.0,0.0,5.64221,-2.1523,-200.87923,1e-05,-0.96623
12060.37,BTC-27DEC19,1565175540426,open,0.79,0.0,0.784,0.8035,0.79375469,109.18,None,0.0,BTC-27DEC19-2500-C,11628.77,0.0,0.0135,1.1,0.974,0.5,500.0,0.89038,-0.34258,9.4811,0.0,0.996
11734.99,SYN.BTC-30AUG19,1565175540426,open,0.0,926.8,0.0005,0.0115,0.00196891,105.82,0.002,0.0,BTC-30AUG19-7000-P,11628.77,95.48,0.001,38.0,0.003,39.2,113.72,1.3395,-3.09811,-0.15154,1e-05,-0.01863
12060.37,BTC-27DEC19,1565175540427,open,1.07,0.0,0.981,1.132,1.05527326,103.91,None,0.0,BTC-27DEC19-24000-P,11628.77,0.0,0.0055,1.0,1.824,0.2,499.29,22.84065,-8.36403,-85.55894,4e-05,-0.76984
11863.7,BTC-27SEP19,1565175540427,open,0.0,125.2,0.0005,0.0105,0.00055684,124.72,0.0005,0.0,BTC-27SEP19-3750-P,11628.77,0.0,0.0,0.0,0.001,1.0,134.04,0.45383,-0.55628,-0.06547,0.0,-0.0034
11863.7,BTC-27SEP19,1565175540427,open,0.66,227.5,0.654,0.6735,0.66374876,125.4,0.7065,0.0,BTC-27SEP19-4000-C,11628.77,0.0,0.111,2.0,0.715,5.0,300.49,0.6733,-0.82976,5.47288,0.0,0.99471
12060.37,BTC-27DEC19,1565175540427,open,2.69,0.0,2.579,2.7535,2.66113414,107.97,3.46,0.0,BTC-27DEC19-44000-P,11628.77,0.0,0.0,0.0,0.0,0.0,0.0,8.52747,-3.24487,-168.98712,1e-05,-0.94364
11863.7,BTC-27SEP19,1565175540428,open,1.73,0.0,1.6445,1.7585,1.69903425,110.1,None,0.0,BTC-27SEP19-32000-P,11628.77,0.0,0.0,0.0,0.0,0.0,0.0,1.54255,-1.66915,-44.40692,1e-05,-0.98639
11863.7,BTC-27SEP19,1565175540428,open,0.0,612.2,0.0005,0.0135,0.00382511,101.6,0.0045,0.0,BTC-27SEP19-6000-P,11628.77,94.38,0.0025,39.0,0.005,44.0,106.85,2.45475,-2.45112,-0.45132,1e-05,-0.02347
11863.7,BTC-27SEP19,1565175540428,open,0.0,550.0,0.0005,0.0115,0.00172464,110.45,0.002,0.0,BTC-27SEP19-5000-P,11628.77,102.32,0.001,19.0,0.0025,44.0,116.96,1.2503,-1.35722,-0.20515,1e-05,-0.01068
12060.37,BTC-27DEC19,1565175540428,open,0.01,260.0,0.0035,0.027,0.01339867,99.21,0.011,0.0,BTC-27DEC19-5000-P,11628.77,95.66,0.0115,6.0,0.015,10.0,102.02,6.68442,-2.33704,-2.57661,1e-05,-0.04156
11863.7,BTC-27SEP19,1565175540428,open,0.01,142.4,0.0005,0.018,0.00603064,108.82,0.0095,0.0,BTC-27SEP19-26000-C,11628.77,103.83,0.0045,39.0,0.0075,39.0,112.93,3.96991,-4.24576,0.59458,2e-05,0.04199
11863.7,BTC-27SEP19,1565175540428,open,1.22,0.0,1.1495,1.251,1.1973441,108.08,None,0.0,BTC-27SEP19-26000-P,11628.77,0.0,0.0,0.0,0.0,0.0,0.0,3.87009,-4.11073,-35.66305,2e-05,-0.95931
11863.7,BTC-27SEP19,1565175540427,open,0.0,372.8,0.0005,0.0115,0.00190816,124.72,0.001,0.0,BTC-27SEP19-4500-P,11628.77,113.91,0.001,2.0,0.0035,15.0,137.43,1.21275,-1.4865,-0.20211,0.0,-0.01031
12060.37,BTC-27DEC19,1565175540428,open,2.36,0.0,2.2555,2.4225,2.33396843,107.68,2.58,0.0,BTC-27DEC19-40000-P,11628.77,0.0,0.005,1.0,0.0,0.0,0.0,10.47934,-3.97666,-152.84722,2e-05,-0.92651
12060.37,BTC-27DEC19,1565175540428,open,0.41,202.5,0.3695,0.448,0.41127393,99.27,0.421,0.0,BTC-27DEC19-8000-C,11628.77,0.0,0.2005,0.1,0.999,0.1,500.0,18.69071,-6.5388,19.84726,3e-05,0.83465
11863.7,BTC-27SEP19,1565175540428,open,0.72,0.0,0.6595,0.759,0.70727151,105.15,None,0.0,BTC-27SEP19-20000-P,11628.77,0.0,0.004,10.0,1.239,0.2,499.66,9.2886,-9.59854,-26.10903,5e-05,-0.87162
11863.7,BTC-27SEP19,1565175540428,open,0.0,492.7,0.0005,0.0105,2.98e-06,124.99,0.0005,0.0,BTC-27SEP19-2000-P,11628.77,0.0,0.0,0.0,0.0025,15.0,233.27,0.00488,-0.00599,-0.00048,0.0,-3e-05
11863.7,BTC-27SEP19,1565175540428,open,0.0,325.9,0.0005,0.011,0.00123076,111.03,0.0025,0.0,BTC-27SEP19-4750-P,11628.77,99.07,0.0005,14.0,0.002,39.0,119.1,0.95569,-1.04284,-0.15029,0.0,-0.00786
12060.37,BTC-27DEC19,1565175540429,open,1.71,0.3,1.6115,1.767,1.68524446,105.95,1.875,0.0,BTC-27DEC19-32000-P,11628.77,0.0,0.005,1.0,0.0,0.0,0.0,15.53795,-5.80164,-119.98868,3e-05,-0.87431
12060.37,BTC-27DEC19,1565175540429,open,0.49,14.1,0.4035,0.5455,0.47776179,100.84,0.4715,0.0,BTC-27DEC19-16000-P,11628.77,97.69,0.47,3.6,0.4845,3.6,103.57,29.72403,-10.56382,-48.35747,5e-05,-0.55378
12060.37,BTC-27DEC19,1565175540429,open,0.02,344.2,0.0035,0.0425,0.01793924,108.38,0.02,0.0,BTC-27DEC19-40000-C,11628.77,106.12,0.016,10.0,0.02,10.0,110.64,10.69037,-4.08329,2.69515,2e-05,0.07543
12060.37,BTC-27DEC19,1565175540429,open,0.03,277.0,0.01,0.048,0.02739224,99.2,0.028,0.0,BTC-27DEC19-6000-P,11628.77,95.27,0.024,6.0,0.0275,15.0,99.33,10.66643,-3.72919,-4.80984,2e-05,-0.07521
11863.7,BTC-27SEP19,1565175540429,open,0.0,757.1,0.0005,0.012,0.00203306,112.3,0.002,0.0,BTC-27SEP19-32000-C,11628.77,103.36,0.001,15.0,0.003,39.0,118.08,1.72536,-1.9042,0.22271,1e-05,0.0155
12060.37,BTC-27DEC19,1565175540429,open,0.01,299.9,0.0005,0.015,0.00509865,99.2,0.0065,0.0,BTC-27DEC19-4000-P,11628.77,94.97,0.004,6.0,0.006,15.0,102.3,3.35143,-1.17168,-1.08963,1e-05,-0.01815
11862.92,BTC-27SEP19,1565175540430,open,1.56,0.0,1.4795,1.5885,1.53122664,108.22,None,0.0,BTC-27SEP19-30000-P,11628.77,0.0,0.0,0.0,0.0,0.0,0.0,1.9711,-2.09632,-41.5548,1e-05,-0.98189
12060.37,BTC-27DEC19,1565175540430,open,0.75,0.0,0.7435,0.763,0.75328607,106.18,None,0.0,BTC-27DEC19-3000-C,11628.77,0.0,0.01,1.0,0.971,0.5,500.0,1.55583,-0.58219,11.21438,0.0,0.99251
11862.92,BTC-27SEP19,1565175540430,open,0.08,307.9,0.038,0.1065,0.07240335,100.52,0.074,0.0,BTC-27SEP19-10000-P,11628.77,97.29,0.0685,19.3,0.0735,12.1,101.43,14.37056,-14.19675,-5.49902,7e-05,-0.26016
11862.92,BTC-27SEP19,1565175540430,open,0.01,441.4,0.0005,0.023,0.01032021,100.54,0.0075,0.0,BTC-27SEP19-7000-P,11628.77,95.99,0.0085,24.0,0.0115,20.0,103.29,4.96783,-4.90876,-1.08967,3e-05,-0.05558
11734.99,SYN.BTC-30AUG19,1565175540430,open,0.09,507.5,0.054,0.125,0.09153772,101.7,0.088,0.0,BTC-30AUG19-12000-C,11628.77,100.66,0.0905,14.4,0.098,29.4,108.17,11.71099,-26.03106,3.12022,0.00013,0.51579
11862.92,BTC-27SEP19,1565175540430,open,0.28,61.0,0.2165,0.319,0.26974517,101.97,0.4995,0.0,BTC-27SEP19-14000-P,11628.77,0.0,0.004,10.0,0.283,5.0,111.08,17.14761,-17.18456,-14.32636,9e-05,-0.59667
12060.37,BTC-27DEC19,1565175540430,open,1.39,0.1,1.293,1.4455,1.36668834,105.01,1.49,0.0,BTC-27DEC19-28000-P,11628.77,0.0,0.001,1.0,0.0,0.0,0.0,18.93509,-7.00713,-103.03813,3e-05,-0.83128
11862.92,BTC-27SEP19,1565175540430,open,1.39,0.0,1.3145,1.42,1.36410537,108.77,None,0.0,BTC-27SEP19-28000-P,11628.77,0.0,0.0,0.0,0.0,0.0,0.0,2.84136,-3.03726,-38.62877,1e-05,-0.97205
12060.37,BTC-27DEC19,1565175540431,open,0.6,65.4,0.582,0.617,0.5988906,99.34,0.608,0.0,BTC-27DEC19-5000-C,11628.77,0.0,0.33,1.0,0.9255,5.0,500.0,6.7015,-2.34612,16.84886,1e-05,0.9583
11862.92,BTC-27SEP19,1565175540431,open,0.28,372.7,0.2505,0.3165,0.2849616,100.67,0.286,0.0,BTC-27SEP19-9000-C,11628.77,0.0,0.0,0.0,0.289,5.0,104.78,11.54248,-11.41956,8.87908,6e-05,0.82194
12060.37,BTC-27DEC19,1565175540431,open,0.17,321.2,0.109,0.2225,0.16947965,100.3,0.1675,0.0,BTC-27DEC19-15000-C,11628.77,98.7,0.1655,10.0,0.175,10.0,102.52,29.97743,-10.59633,14.81834,5e-05,0.48558
11734.99,SYN.BTC-30AUG19,1565175540429,open,0.4,0.0,0.343,0.4245,0.38254524,107.13,0.403,0.0,BTC-30AUG19-16000-P,11628.77,0.0,0.01,1.0,0.0,0.0,0.0,6.95336,-16.28149,-9.03978,8e-05,-0.84657
11862.92,BTC-27SEP19,1565175540431,open,1.05,0.2,0.985,1.0845,1.03185393,107.0,1.6,0.0,BTC-27SEP19-24000-P,11628.77,0.0,0.0,0.0,0.0,0.0,0.0,5.19866,-5.46661,-32.62346,2e-05,-0.94112
11862.92,BTC-27SEP19,1565175540432,open,0.0,428.1,0.0005,0.014,0.00422933,110.46,0.004,0.0,BTC-27SEP19-28000-C,11628.77,105.12,0.003,15.0,0.0055,39.0,115.01,3.03948,-3.29963,0.43128,1e-05,0.03031
11862.92,BTC-27SEP19,1565175540432,open,0.01,277.2,0.0005,0.0245,0.00910304,107.81,0.0125,0.0,BTC-27SEP19-24000-C,11628.77,104.03,0.0075,39.0,0.0105,39.0,110.8,5.31977,-5.6364,0.85215,3e-05,0.06064
12060.37,BTC-27DEC19,1565175540432,open,3.03,0.0,2.904,3.086,2.98987554,108.7,None,0.0,BTC-27DEC19-48000-P,11628.77,0.0,0.0,0.0,6.0,1.0,500.0,7.07982,-2.71216,-184.94811,1e-05,-0.95537
12060.37,BTC-27DEC19,1565175540436,open,1.23,0.0,1.1365,1.2875,1.20993333,104.53,None,0.0,BTC-27DEC19-26000-P,11628.77,0.0,0.004,10.0,1.9845,0.2,500.0,20.85095,-7.68115,-94.37012,4e-05,-0.80314
226.39,SYN.ETH-9AUG19,1565175540426,open,0.01,927.0,0.001,0.026,0.007328,93.59,0.014,0.0,ETH-9AUG19-240-C,226.2,86.84,0.006,200.0,0.009,1.0,101.68,0.04562,-1.13801,0.00226,0.01851,0.20134
11734.99,SYN.BTC-30AUG19,1565175540431,open,0.32,0.0,0.265,0.349,0.30686893,106.03,None,0.0,BTC-30AUG19-15000-P,11628.77,0.0,0.01,1.0,0.0,0.0,0.0,8.56472,-19.84939,-8.03646,9e-05,-0.78583
11670.46,SYN.BTC-16AUG19,1565175540426,open,0.01,8.0,0.0005,0.02,0.00596596,109.11,0.0135,0.0,BTC-16AUG19-15000-C,11628.77,102.47,0.0045,30.0,0.007,30.0,113.31,2.76292,-16.98266,0.2165,8e-05,0.08226
11734.99,SYN.BTC-30AUG19,1565175540428,open,0.56,0.0,0.5055,0.583,0.54205512,108.34,None,0.0,BTC-30AUG19-18000-P,11628.77,0.0,0.0,0.0,0.0,0.0,0.0,4.14629,-9.81888,-10.79188,4e-05,-0.92529
11734.99,SYN.BTC-30AUG19,1565175540430,open,0.48,0.0,0.4785,0.5025,0.48997347,124.93,None,0.0,BTC-30AUG19-6000-C,11628.77,0.0,0.0,0.0,0.0,0.0,0.0,0.82993,-2.26627,3.67246,1e-05,0.98931
230.46,ETH-27SEP19,1565175540445,open,0.0,2698.0,0.001,0.011,0.000994,115.96,0.001,0.0,ETH-27SEP19-720-C,226.16,0.0,0.0,0.0,0.002,242.0,125.47,0.01859,-0.02119,0.00221,0.00022,0.00787
233.2,ETH-27DEC19,1565175540445,open,0.98,0.0,0.872,1.053,0.964198,105.35,None,0.0,ETH-27DEC19-440-P,226.16,61.07,0.897,110.0,0.0,0.0,0.0,0.47314,-0.17566,-1.54326,0.00212,-0.73834
233.2,ETH-27DEC19,1565175540445,open,0.52,0.0,0.486,0.546,0.518496,101.3,None,0.0,ETH-27DEC19-120-C,226.16,0.0,0.002,50.0,0.99,5.0,500.0,0.22762,-0.08126,0.35878,0.00106,0.91431
230.46,ETH-27SEP19,1565175540445,open,0.33,392.0,0.299,0.363,0.333522,101.35,0.329,0.0,ETH-27SEP19-160-C,226.16,0.0,0.001,1.0,0.0,0.0,0.0,0.17646,-0.17577,0.17415,0.00235,0.87566
230.42,ETH-27SEP19,1565175540445,open,0.94,0.0,0.857,0.992,0.922218,108.06,None,0.0,ETH-27SEP19-440-P,226.16,0.0,0.0,0.0,0.0,0.0,0.0,0.12849,-0.13646,-0.59151,0.00161,-0.9195
230.42,ETH-27SEP19,1565175540445,open,0.74,0.0,0.73,0.749,0.739818,130.66,0.01,0.0,ETH-27SEP19-60-C,226.16,0.0,0.003,10.0,0.0,0.0,0.0,0.00379,-0.00486,0.08313,4e-05,0.99866
233.2,ETH-27DEC19,1565175540445,open,1.14,21.0,1.028,1.214,1.121698,105.8,0.629,0.0,ETH-27DEC19-480-P,226.16,0.0,1.045,110.0,0.0,0.0,0.0,0.43303,-0.16147,-1.72173,0.00194,-0.77772
230.42,ETH-27SEP19,1565175540446,open,0.48,47.0,0.465,0.503,0.483982,101.88,0.689,0.0,ETH-27SEP19-120-C,226.16,0.0,0.0,0.0,0.0,0.0,0.0,0.05586,-0.05593,0.15662,0.00074,0.97164
230.42,ETH-27SEP19,1565175540446,open,0.21,1290.0,0.168,0.253,0.215761,101.38,0.21,0.0,ETH-27SEP19-200-C,226.16,0.0,0.0,0.0,0.425,11.0,266.25,0.29284,-0.29176,0.15983,0.0039,0.71339
230.42,ETH-27SEP19,1565175540446,open,1.28,12.0,1.192,1.338,1.261807,108.84,1.193,0.0,ETH-27SEP19-520-P,226.16,0.0,0.0,0.0,0.0,0.0,0.0,0.06793,-0.07267,-0.71489,0.00084,-0.96406
233.16,ETH-27DEC19,1565175540447,open,1.63,0.0,1.512,1.713,1.610198,107.37,0.953,0.0,ETH-27DEC19-600-P,226.16,0.0,0.0,0.0,0.0,0.0,0.0,0.32462,-0.12284,-2.23811,0.00143,-0.85932
230.42,ETH-27SEP19,1565175540447,open,0.37,769.0,0.303,0.424,0.366242,103.58,0.45,0.0,ETH-27SEP19-300-P,226.16,81.74,0.339,110.0,0.97,5.0,500.0,0.30452,-0.30999,-0.33846,0.00397,-0.68759
228.12,SYN.ETH-30AUG19,1565175540446,open,0.2,0.0,0.14,0.237,0.191346,100.81,0.218,0.0,ETH-30AUG19-260-P,226.16,77.98,0.171,120.0,0.0,0.0,0.0,0.21096,-0.46486,-0.12065,0.00642,-0.65254
226.36,SYN.ETH-9AUG19,1565175540445,open,0.11,444.0,0.09,0.146,0.118458,112.12,0.127,0.0,ETH-9AUG19-200-C,226.16,0.0,0.0,0.0,0.0,0.0,0.0,0.01857,-0.55494,0.00959,0.00629,0.943
228.12,SYN.ETH-30AUG19,1565175540446,open,0.43,0.0,0.366,0.468,0.416163,102.81,None,0.0,ETH-30AUG19-320-P,226.16,0.0,0.0,0.0,0.0,0.0,0.0,0.11272,-0.2533,-0.18563,0.00336,-0.88225
228.12,SYN.ETH-30AUG19,1565175540445,open,0.16,462.0,0.126,0.2,0.166759,98.93,0.19,0.0,ETH-30AUG19-200-C,226.16,82.67,0.154,120.0,0.0,0.0,0.0,0.18385,-0.39753,0.08249,0.0057,0.74375
226.94,SYN.ETH-16AUG19,1565175540444,open,0.21,0.0,0.159,0.245,0.201726,101.83,None,0.0,ETH-16AUG19-270-P,226.16,0.0,0.0,0.0,0.0,0.0,0.0,0.08438,-0.48403,-0.05776,0.00662,-0.84486
228.12,SYN.ETH-30AUG19,1565175540448,open,0.38,0.0,0.368,0.409,0.388851,105.36,None,0.0,ETH-30AUG19-140-C,226.16,0.0,0.0,0.0,0.0,0.0,0.0,0.03191,-0.07348,0.08399,0.00093,0.97631
226.94,SYN.ETH-16AUG19,1565175540444,open,0.13,0.0,0.084,0.17,0.12865,100.74,None,0.0,ETH-16AUG19-250-P,226.16,0.0,0.0,0.0,0.0,0.0,0.0,0.1222,-0.69351,-0.04598,0.00969,-0.7045
230.42,ETH-27SEP19,1565175540455,open,0.27,770.0,0.227,0.305,0.270109,101.41,0.28,0.0,ETH-27SEP19-180-C,226.16,0.0,0.218,40.0,0.609,10.0,409.22,0.24086,-0.24005,0.17018,0.00321,0.79998
230.42,ETH-27SEP19,1565175540460,open,0.61,233.0,0.53,0.658,0.594147,106.06,0.634,0.0,ETH-27SEP19-360-P,226.16,89.73,0.58,44.0,0.0,0.0,0.0,0.22293,-0.23237,-0.45532,0.00284,-0.82353
12060.37,BTC-27DEC19,1565175540462,open,1.07,0.0,0.981,1.1315,1.05527326,103.91,None,0.0,BTC-27DEC19-24000-P,11628.77,0.0,0.0055,1.0,1.825,0.2,500.0,22.84065,-8.36403,-85.55894,4e-05,-0.76984
230.42,ETH-27SEP19,1565175540454,open,0.01,2471.0,0.002,0.03,0.013241,109.09,0.017,0.0,ETH-27SEP19-440-C,226.16,104.97,0.011,310.0,0.016,300.0,113.68,0.13158,-0.14106,0.02243,0.00163,0.08307
11863.7,BTC-27SEP19,1565175540469,open,0.42,34.4,0.351,0.455,0.40357734,102.77,0.396,0.0,BTC-27SEP19-16000-P,11628.77,0.0,0.004,10.0,0.9445,0.2,500.0,14.86743,-15.01638,-18.60684,7e-05,-0.72164
226.36,SYN.ETH-9AUG19,1565175540463,open,0.04,522.0,0.01,0.072,0.042569,92.81,0.053,0.0,ETH-9AUG19-220-C,226.16,86.67,0.041,150.0,0.0,0.0,0.0,0.0582,-1.43985,0.00739,0.02381,0.67775
11638.2,SYN.BTC-9AUG19,1565175540470,open,0.06,45.3,0.0175,0.076,0.04760271,101.56,0.0555,0.0,BTC-9AUG19-12000-P,11628.77,83.92,0.043,0.4,0.049,1.0,106.8,3.0917,-83.70412,-0.41694,0.00044,-0.64954
226.94,SYN.ETH-16AUG19,1565175540471,open,0.0,0.0,0.001,0.011,0.000989,108.22,None,0.0,ETH-16AUG19-160-P,226.16,0.0,0.0,0.0,0.002,250.0,121.29,0.01383,-0.08431,-0.00091,0.00102,-0.01556
226.36,SYN.ETH-9AUG19,1565175540478,open,0.01,1137.0,0.001,0.022,0.005338,100.48,0.008,0.0,ETH-9AUG19-210-P,226.16,91.68,0.004,3.0,0.006,250.0,104.53,0.03623,-0.97052,-0.0017,0.0137,-0.14067
226.94,SYN.ETH-16AUG19,1565175540497,open,0.07,6.0,0.03,0.104,0.068136,97.76,0.055,0.0,ETH-16AUG19-230-P,226.16,73.41,0.053,140.0,0.07,290.0,100.75,0.14117,-0.77745,-0.03161,0.01153,-0.50461
11863.7,BTC-27SEP19,1565175540505,open,0.18,529.2,0.138,0.221,0.18281081,100.61,0.1905,0.0,BTC-27SEP19-11000-C,11628.77,96.4,0.177,14.4,0.186,19.4,102.92,16.3822,-16.19804,7.74837,8e-05,0.65138
226.94,SYN.ETH-16AUG19,1565175540504,open,0.05,25.0,0.015,0.077,0.045782,97.78,0.055,0.0,ETH-16AUG19-220-P,226.16,86.42,0.039,200.0,0.047,179.0,99.82,0.13575,-0.74781,-0.02403,0.01109,-0.38973
11862.92,BTC-27SEP19,1565175540512,open,0.05,353.9,0.0225,0.089,0.05507674,102.9,0.0545,0.0,BTC-27SEP19-16000-C,11628.77,100.84,0.0525,1.0,0.058,13.5,105.22,14.87587,-15.04425,3.69808,7e-05,0.27873
12060.37,BTC-27DEC19,1565175540520,open,0.03,277.0,0.01,0.048,0.02739224,99.2,0.028,0.0,BTC-27DEC19-6000-P,11628.77,95.87,0.0245,6.0,0.0275,15.0,99.33,10.66643,-3.72919,-4.80984,2e-05,-0.07521
226.36,SYN.ETH-9AUG19,1565175540522,open,0.07,317.0,0.032,0.103,0.067459,93.06,0.073,0.0,ETH-9AUG19-240-P,226.16,0.0,0.06,50.0,0.0,0.0,0.0,0.04534,-1.12465,-0.0101,0.0185,-0.80066
226.94,SYN.ETH-16AUG19,1565175540515,open,0.05,25.0,0.015,0.077,0.045782,97.78,0.055,0.0,ETH-16AUG19-220-P,226.16,86.42,0.039,379.0,0.047,179.0,99.82,0.13575,-0.74781,-0.02403,0.01109,-0.38973
230.42,ETH-27SEP19,1565175540542,open,0.05,5423.0,0.022,0.08,0.051054,101.19,0.047,0.0,ETH-27SEP19-180-P,226.16,94.33,0.044,408.0,0.051,247.0,101.13,0.24064,-0.23931,-0.08055,0.00321,-0.19973
11863.7,BTC-27SEP19,1565175540559,open,0.03,391.4,0.0105,0.0625,0.03398276,103.84,0.0315,0.0,BTC-27SEP19-18000-C,11628.77,101.86,0.032,19.3,0.035,0.1,104.84,11.98171,-12.22798,2.56394,6e-05,0.18903
11863.7,BTC-27SEP19,1565175540569,open,0.03,391.4,0.0105,0.0625,0.03398276,103.84,0.0315,0.0,BTC-27SEP19-18000-C,11628.77,101.86,0.032,33.7,0.035,0.1,104.84,11.98171,-12.22798,2.56394,6e-05,0.18903
11670.46,SYN.BTC-16AUG19,1565175540573,open,0.02,64.4,0.0025,0.0415,0.01865078,106.45,0.018,0.0,BTC-16AUG19-13500-C,11628.77,101.63,0.0165,24.0,0.02,24.0,109.39,5.29614,-31.76011,0.55301,0.00015,0.21352
12060.37,BTC-27DEC19,1565175540579,open,0.19,135.8,0.1325,0.243,0.19068711,99.19,0.185,0.0,BTC-27DEC19-11000-P,11628.77,96.21,0.184,4.9,0.1935,9.8,100.45,27.00993,-9.44203,-24.10289,5e-05,-0.32347
12061.15,BTC-27DEC19,1565175540581,open,0.36,204.9,0.2815,0.4155,0.35223472,100.07,0.346,0.0,BTC-27DEC19-14000-P,11628.77,99.17,0.35,0.1,0.358,5.0,102.39,29.91914,-10.55127,-38.59008,5e-05,-0.4709
11670.46,SYN.BTC-16AUG19,1565175540584,open,0.06,66.1,0.0235,0.0865,0.05533161,101.09,0.055,0.0,BTC-16AUG19-11500-P,11628.77,93.2,0.0505,18.0,0.057,10.0,103.81,7.15347,-40.73665,-1.38202,0.00021,-0.43166
11670.46,SYN.BTC-16AUG19,1565175540591,open,0.04,50.6,0.011,0.066,0.03788067,105.02,0.0315,0.0,BTC-16AUG19-12500-C,11628.77,99.24,0.0345,24.0,0.0405,10.0,109.46,6.85855,-40.5772,0.93658,0.0002,0.36791
226.36,SYN.ETH-9AUG19,1565175540596,open,0.0,741.0,0.001,0.016,0.003039,101.63,0.017,0.0,ETH-9AUG19-250-C,226.16,79.73,0.001,252.0,0.005,668.0,116.32,0.02683,-0.68788,0.00104,0.01003,0.09223
230.46,ETH-27SEP19,1565175540604,open,0.08,2098.0,0.04,0.119,0.081932,102.79,0.082,0.0,ETH-27SEP19-280-C,226.16,100.01,0.078,270.0,0.087,228.0,106.35,0.32659,-0.32992,0.09452,0.00429,0.37619
226.94,SYN.ETH-16AUG19,1565175540609,open,0.0,51.0,0.001,0.013,0.003078,103.03,0.004,0.0,ETH-16AUG19-300-C,226.16,85.39,0.001,250.0,0.005,300.0,113.6,0.03579,-0.20776,0.00252,0.00277,0.04879
228.12,SYN.ETH-30AUG19,1565175540629,open,0.11,546.0,0.073,0.15,0.115587,98.9,0.121,0.0,ETH-30AUG19-220-C,226.16,96.21,0.113,240.0,0.124,120.0,107.63,0.21967,-0.47485,0.07018,0.00681,0.60646
12060.37,BTC-27DEC19,1565175540643,open,0.1,543.6,0.048,0.147,0.09774074,102.63,0.1,0.0,BTC-27DEC19-20000-C,11628.77,100.94,0.094,10.0,0.1015,4.9,104.31,26.85303,-9.71248,10.37107,5e-05,0.31897
12060.37,BTC-27DEC19,1565175540648,open,0.17,321.2,0.109,0.2225,0.16947965,100.3,0.1675,0.0,BTC-27DEC19-15000-C,11628.77,98.7,0.1655,10.0,0.175,13.6,102.52,29.97743,-10.59633,14.81834,5e-05,0.48558
230.42,ETH-27SEP19,1565175540642,open,0.03,7901.0,0.009,0.049,0.027695,101.2,0.024,0.0,ETH-27SEP19-160-P,226.16,93.47,0.022,424.0,0.028,484.0,101.6,0.17629,-0.17533,-0.04878,0.00235,-0.12419
11670.46,SYN.BTC-16AUG19,1565175540649,open,0.04,50.6,0.011,0.066,0.03788067,105.02,0.0315,0.0,BTC-16AUG19-12500-C,11628.77,99.24,0.0345,24.0,0.0405,34.0,109.46,6.85855,-40.5772,0.93658,0.0002,0.36791
11862.92,BTC-27SEP19,1565175540660,open,0.14,723.2,0.0985,0.1835,0.14414201,100.62,0.133,0.0,BTC-27SEP19-12000-C,11628.77,97.47,0.1395,14.4,0.147,16.1,102.56,17.45184,-17.25781,6.9172,9e-05,0.56247
12061.15,BTC-27DEC19,1565175540661,open,0.21,272.0,0.154,0.267,0.21525108,99.23,0.218,0.0,BTC-27DEC19-13000-C,11628.77,97.29,0.2105,10.0,0.22,15.0,101.17,29.47261,-10.30666,16.84802,5e-05,0.57462
12060.37,BTC-27DEC19,1565175540664,open,0.08,181.2,0.035,0.1265,0.07977725,103.41,0.083,0.0,BTC-27DEC19-22000-C,11628.77,101.57,0.076,10.0,0.0835,14.9,105.2,24.90435,-9.07614,8.96089,4e-05,0.27093
12060.37,BTC-27DEC19,1565175540666,open,0.02,384.9,0.0055,0.0525,0.02388327,107.44,0.027,0.0,BTC-27DEC19-36000-C,11628.77,105.15,0.0215,16.0,0.026,6.0,109.37,12.9242,-4.89364,3.43687,2e-05,0.0972
226.94,SYN.ETH-16AUG19,1565175540664,open,0.01,84.0,0.001,0.023,0.008414,97.83,0.009,0.0,ETH-16AUG19-190-P,226.16,84.76,0.005,546.0,0.01,546.0,103.19,0.06537,-0.36024,-0.00639,0.00534,-0.10731
12060.37,BTC-27DEC19,1565175540668,open,0.06,159.2,0.0295,0.092,0.0603049,99.2,0.062,0.0,BTC-27DEC19-7500-P,11628.77,95.72,0.0555,6.0,0.0595,5.0,98.62,16.79072,-5.87018,-9.42175,3e-05,-0.14068
11863.7,BTC-27SEP19,1565175540663,open,0.16,80.3,0.1075,0.1995,0.15551745,100.52,0.1505,0.0,BTC-27SEP19-12000-P,11628.77,98.47,0.1525,14.4,0.161,14.4,104.25,17.45308,-17.24261,-9.80694,9e-05,-0.43754
12060.37,BTC-27DEC19,1565175540670,open,0.08,181.2,0.035,0.1265,0.07977725,103.41,0.083,0.0,BTC-27DEC19-22000-C,11628.77,101.32,0.0755,4.9,0.0835,14.9,105.2,24.90435,-9.07614,8.96089,4e-05,0.27093
12060.37,BTC-27DEC19,1565175540671,open,0.3,169.3,0.2255,0.353,0.29304724,99.19,0.2885,0.0,BTC-27DEC19-13000-P,11628.77,97.13,0.288,3.6,0.2995,8.6,101.83,29.47218,-10.30264,-33.68367,5e-05,-0.42548
226.94,SYN.ETH-16AUG19,1565175540669,open,0.02,496.0,0.002,0.04,0.018253,101.47,0.017,0.0,ETH-16AUG19-260-C,226.16,96.41,0.016,200.0,0.021,262.0,107.28,0.10413,-0.59525,0.011,0.00819,0.21762
11670.46,SYN.BTC-16AUG19,1565175540673,open,0.06,66.1,0.0235,0.0865,0.05533161,101.09,0.055,0.0,BTC-16AUG19-11500-P,11628.77,94.02,0.051,18.0,0.057,10.0,103.81,7.15347,-40.73665,-1.38202,0.00021,-0.43166
12060.37,BTC-27DEC19,1565175540678,open,0.08,181.2,0.035,0.1265,0.07977725,103.41,0.083,0.0,BTC-27DEC19-22000-C,11628.77,101.81,0.0765,10.0,0.0835,14.9,105.2,24.90435,-9.07614,8.96089,4e-05,0.27093
12060.37,BTC-27DEC19,1565175540683,open,0.08,181.2,0.035,0.1265,0.07977725,103.41,0.083,0.0,BTC-27DEC19-22000-C,11628.77,101.57,0.076,10.0,0.0835,14.9,105.2,24.90435,-9.07614,8.96089,4e-05,0.27093
230.42,ETH-27SEP19,1565175540680,open,0.1,1702.0,0.058,0.143,0.104673,102.24,0.101,0.0,ETH-27SEP19-260-C,226.16,99.0,0.1,230.0,0.11,209.0,105.77,0.3405,-0.34214,0.11089,0.0045,0.45004
12060.37,BTC-27DEC19,1565175540687,open,0.49,14.1,0.4035,0.5455,0.47776179,100.84,0.4715,0.0,BTC-27DEC19-16000-P,11628.77,97.89,0.4705,3.6,0.4845,3.6,103.57,29.72403,-10.56382,-48.35747,5e-05,-0.55378
226.94,SYN.ETH-16AUG19,1565175540685,open,0.02,44.0,0.002,0.037,0.016361,97.82,0.016,0.0,ETH-16AUG19-200-P,226.16,86.87,0.012,466.0,0.017,200.0,99.42,0.09376,-0.51663,-0.01099,0.00765,-0.18278
226.36,SYN.ETH-9AUG19,1565175540698,open,0.04,522.0,0.01,0.072,0.042484,92.81,0.053,0.0,ETH-9AUG19-220-C,226.16,86.67,0.041,150.0,0.051,150.0,124.85,0.0582,-1.43985,0.00739,0.02381,0.67775
11670.46,SYN.BTC-16AUG19,1565175540700,open,0.09,38.7,0.0435,0.1135,0.0798973,102.83,0.0885,0.0,BTC-16AUG19-12000-P,11628.77,93.3,0.074,18.0,0.081,18.0,104.61,7.22862,-41.87479,-1.75136,0.00021,-0.53724
12060.37,BTC-27DEC19,1565175540709,open,0.15,373.0,0.0945,0.194,0.14641028,99.18,0.1455,0.0,BTC-27DEC19-10000-P,11628.77,96.07,0.14,4.9,0.147,5.0,99.47,24.87192,-8.69347,-19.53118,4e-05,-0.27022
226.94,SYN.ETH-16AUG19,1565175540703,open,0.03,49.0,0.006,0.055,0.028622,97.8,0.03,0.0,ETH-16AUG19-210-P,226.16,86.99,0.023,200.0,0.03,426.0,100.5,0.11898,-0.65551,-0.01699,0.00971,-0.27927
12060.37,BTC-27DEC19,1565175540716,open,0.08,181.2,0.035,0.1265,0.07977725,103.41,0.083,0.0,BTC-27DEC19-22000-C,11628.77,101.57,0.076,10.0,0.083,4.9,104.96,24.90435,-9.07614,8.96089,4e-05,0.27093
226.94,SYN.ETH-16AUG19,1565175540718,open,0.03,49.0,0.006,0.055,0.028622,97.8,0.03,0.0,ETH-16AUG19-210-P,226.16,86.99,0.023,426.0,0.03,426.0,100.5,0.11898,-0.65551,-0.01699,0.00971,-0.27927
230.46,ETH-27SEP19,1565175540718,open,0.06,3469.0,0.028,0.099,0.064635,103.85,0.071,0.0,ETH-27SEP19-300-C,226.16,101.06,0.061,270.0,0.069,245.0,107.1,0.30497,-0.31125,0.07989,0.00397,0.31337
11863.7,BTC-27SEP19,1565175540717,open,0.11,263.6,0.069,0.153,0.11340907,101.04,0.112,0.0,BTC-27SEP19-13000-C,11628.77,98.41,0.1095,11.8,0.117,11.8,103.46,17.6445,-17.52143,6.0377,9e-05,0.47853
233.2,ETH-27DEC19,1565175540723,open,0.03,1087.0,0.008,0.061,0.031886,108.36,0.028,0.0,ETH-27DEC19-640-C,226.16,105.21,0.028,50.0,0.036,300.0,111.5,0.29716,-0.11348,0.08325,0.0013,0.12373
233.16,ETH-27DEC19,1565175540730,open,2.13,0.0,2.005,2.226,2.111819,109.68,None,0.0,ETH-27DEC19-720-P,226.16,0.0,0.003,5.0,0.0,0.0,0.0,0.24687,-0.09543,-2.73357,0.00107,-0.90438
11862.92,BTC-27SEP19,1565175540726,open,0.18,529.2,0.138,0.221,0.18281081,100.63,0.1905,0.0,BTC-27SEP19-11000-C,11628.77,96.06,0.1765,14.4,0.186,19.4,102.94,16.38226,-16.20169,7.74677,8e-05,0.65131
230.42,ETH-27SEP19,1565175540734,open,0.01,7890.0,0.003,0.026,0.012752,101.21,0.008,0.0,ETH-27SEP19-140-P,226.16,92.79,0.009,1.0,0.013,200.0,101.78,0.11016,-0.10957,-0.02523,0.00147,-0.06583
233.2,ETH-27DEC19,1565175540742,open,0.04,1581.0,0.011,0.069,0.037298,107.68,0.028,0.0,ETH-27DEC19-600-C,226.16,104.52,0.033,50.0,0.042,300.0,110.94,0.32649,-0.12389,0.09476,0.00143,0.14184
11863.7,BTC-27SEP19,1565175540752,open,0.07,418.9,0.0335,0.107,0.07048776,102.59,0.07,0.0,BTC-27SEP19-15000-C,11628.77,100.02,0.067,32.3,0.0735,32.3,104.8,16.17227,-16.30606,4.40574,8e-05,0.33692
226.36,SYN.ETH-9AUG19,1565175540754,open,0.0,818.0,0.001,0.011,0.000891,124.75,0.001,0.0,ETH-9AUG19-270-C,226.16,0.0,0.0,0.0,0.002,253.0,143.72,0.01012,-0.20239,0.0003,0.00308,0.027
230.42,ETH-27SEP19,1565175540760,open,0.02,5043.0,0.005,0.042,0.020667,108.13,0.021,0.0,ETH-27SEP19-400-C,226.16,105.84,0.019,200.0,0.023,300.0,111.1,0.17422,-0.18514,0.03257,0.00218,0.12212
11862.92,BTC-27SEP19,1565175540759,open,0.09,207.5,0.0485,0.1285,0.08980715,102.12,0.0855,0.0,BTC-27SEP19-14000-C,11628.77,100.86,0.088,0.2,0.093,31.7,104.32,17.15134,-17.21277,5.18983,9e-05,0.40367
12060.37,BTC-27DEC19,1565175540765,open,0.49,14.1,0.4035,0.5455,0.47776179,100.84,0.4715,0.0,BTC-27DEC19-16000-P,11628.77,97.89,0.4705,3.6,0.485,3.6,103.78,29.72403,-10.56382,-48.35747,5e-05,-0.55378
11670.46,SYN.BTC-16AUG19,1565175540767,open,0.07,53.3,0.036,0.1,0.07002643,101.23,0.0745,0.0,BTC-16AUG19-11500-C,11628.77,98.74,0.0685,18.0,0.0755,18.0,110.16,7.1535,-40.79499,1.41415,0.00021,0.56834
228.08,SYN.ETH-30AUG19,1565175540770,open,0.0,3084.0,0.001,0.012,0.002486,108.27,0.002,0.0,ETH-30AUG19-400-C,226.16,95.56,0.001,750.0,0.004,500.0,116.72,0.0349,-0.08259,0.00341,0.00099,0.02637
11670.46,SYN.BTC-16AUG19,1565175540775,open,0.07,53.3,0.036,0.1,0.07002643,101.23,0.0745,0.0,BTC-16AUG19-11500-C,11628.77,98.74,0.0685,18.0,0.075,10.0,109.35,7.1535,-40.79499,1.41415,0.00021,0.56834
11734.99,SYN.BTC-30AUG19,1565175540774,open,0.12,50.8,0.0735,0.1515,0.11401804,101.59,0.112,0.0,BTC-30AUG19-12000-P,11628.77,97.07,0.1095,14.4,0.1165,14.4,104.08,11.71109,-26.00508,-4.40044,0.00013,-0.4843
233.16,ETH-27DEC19,1565175540793,open,1.79,0.0,1.676,1.883,1.776766,108.36,None,0.0,ETH-27DEC19-640-P,226.16,0.0,0.0,0.0,0.0,0.0,0.0,0.29702,-0.11343,-2.40448,0.0013,-0.87632
11862.92,BTC-27SEP19,1565175540780,open,0.14,723.2,0.0985,0.1835,0.14414201,100.62,0.133,0.0,BTC-27SEP19-12000-C,11628.77,97.13,0.139,14.6,0.147,16.1,102.56,17.45184,-17.25781,6.9172,9e-05,0.56247
11862.92,BTC-27SEP19,1565175540798,open,0.14,723.2,0.0985,0.1835,0.14414201,100.62,0.133,0.0,BTC-27SEP19-12000-C,11628.77,97.47,0.1395,11.1,0.147,16.1,102.56,17.45184,-17.25781,6.9172,9e-05,0.56247
11734.99,SYN.BTC-30AUG19,1565175540797,open,0.07,97.5,0.036,0.1025,0.06985464,101.61,0.077,0.0,BTC-30AUG19-11000-P,11628.77,97.45,0.066,19.3,0.0705,10.1,102.3,10.89773,-24.20241,-3.09842,0.00012,-0.35143
11734.99,SYN.BTC-30AUG19,1565175540804,open,0.12,50.8,0.0735,0.1515,0.11401804,101.59,0.112,0.0,BTC-30AUG19-12000-P,11628.77,97.07,0.1095,14.4,0.117,14.4,104.58,11.71109,-26.00508,-4.40044,0.00013,-0.4843
230.46,ETH-27SEP19,1565175540809,open,0.24,1202.0,0.173,0.285,0.232911,102.1,0.231,0.0,ETH-27SEP19-260-P,226.16,97.49,0.226,110.0,0.238,120.0,105.61,0.34055,-0.34172,-0.25148,0.00451,-0.55005
11862.92,BTC-27SEP19,1565175540812,open,0.22,49.1,0.1575,0.256,0.20906581,100.93,0.215,0.0,BTC-27SEP19-13000-P,11628.77,98.86,0.206,14.4,0.216,14.4,105.59,17.6427,-17.49973,-12.08397,9e-05,-0.52174
230.42,ETH-27SEP19,1565175540817,open,0.03,7901.0,0.009,0.049,0.027742,101.26,0.024,0.0,ETH-27SEP19-160-P,226.16,93.47,0.022,624.0,0.028,484.0,101.6,0.17638,-0.17553,-0.04883,0.00235,-0.12429
11638.2,SYN.BTC-9AUG19,1565175540819,open,0.06,301.2,0.037,0.088,0.0632797,99.37,0.064,0.0,BTC-9AUG19-11000-C,11628.77,90.33,0.0615,6.0,0.0675,0.1,119.09,2.36369,-62.60974,0.43821,0.00034,0.79598
230.42,ETH-27SEP19,1565175540820,open,2.15,0.0,2.035,2.222,2.12572,115.95,None,0.0,ETH-27SEP19-720-P,226.16,0.0,0.0,0.0,0.0,0.0,0.0,0.01856,-0.02115,-1.00137,0.00022,-0.99214
11638.2,SYN.BTC-9AUG19,1565175540820,open,0.03,268.6,0.0075,0.06,0.03453657,99.23,0.033,0.0,BTC-9AUG19-11500-C,11628.77,88.37,0.0315,18.4,0.038,0.4,111.57,3.26015,-86.23252,0.3266,0.00047,0.58063
230.42,ETH-27SEP19,1565175540829,open,0.05,5423.0,0.022,0.08,0.05113,101.19,0.047,0.0,ETH-27SEP19-180-P,226.16,94.33,0.044,408.0,0.051,407.0,101.13,0.24064,-0.23931,-0.08055,0.00321,-0.19973
230.42,ETH-27SEP19,1565175540861,open,2.32,0.0,2.204,2.401,2.299317,120.54,None,0.0,ETH-27SEP19-760-P,226.16,0.0,0.0,0.0,0.0,0.0,0.0,0.01806,-0.02139,-1.0572,0.0002,-0.99238
226.36,SYN.ETH-9AUG19,1565175540858,open,0.07,317.0,0.032,0.103,0.067574,93.06,0.073,0.0,ETH-9AUG19-240-P,226.16,0.0,0.06,50.0,0.069,50.0,100.53,0.04534,-1.12465,-0.0101,0.0185,-0.80066
226.36,SYN.ETH-9AUG19,1565175540866,open,0.04,158.0,0.005,0.067,0.035371,91.83,0.033,0.0,ETH-9AUG19-230-P,226.16,72.78,0.03,133.0,0.039,283.0,105.04,0.06333,-1.55019,-0.00719,0.02619,-0.58302
11862.92,BTC-27SEP19,1565175540877,open,0.89,0.2,0.8215,0.9205,0.86820401,106.25,1.391,0.0,BTC-27SEP19-22000-P,11628.77,0.0,0.004,10.0,0.0,0.0,0.0,7.02027,-7.33054,-29.45049,3e-05,-0.91288
228.08,SYN.ETH-30AUG19,1565175540872,open,0.03,740.0,0.009,0.059,0.033321,101.58,0.034,0.0,ETH-30AUG19-280-C,226.16,98.63,0.031,320.0,0.036,257.0,104.93,0.18084,-0.40152,0.03075,0.00546,0.24844
226.94,SYN.ETH-16AUG19,1565175540949,open,0.0,267.0,0.001,0.014,0.003812,97.84,0.009,0.0,ETH-16AUG19-180-P,226.16,75.91,0.001,1.0,0.005,250.0,104.22,0.03955,-0.21798,-0.00326,0.00323,-0.05533
226.94,SYN.ETH-16AUG19,1565175540960,open,0.07,6.0,0.03,0.104,0.068212,97.76,0.055,0.0,ETH-16AUG19-230-P,226.16,84.68,0.06,150.0,0.07,290.0,100.75,0.14117,-0.77745,-0.03161,0.01153,-0.50461
226.94,SYN.ETH-16AUG19,1565175540974,open,0.0,261.0,0.001,0.017,0.004995,103.04,0.009,0.0,ETH-16AUG19-290-C,226.16,92.63,0.003,250.0,0.007,550.0,111.39,0.04966,-0.28824,0.00382,0.00385,0.07414
226.36,SYN.ETH-9AUG19,1565175540982,open,0.01,1137.0,0.001,0.022,0.005357,100.48,0.008,0.0,ETH-9AUG19-210-P,226.16,91.68,0.004,3.0,0.007,250.0,110.37,0.03623,-0.97052,-0.0017,0.0137,-0.14067
226.94,SYN.ETH-16AUG19,1565175540987,open,0.05,199.0,0.02,0.085,0.054742,97.97,0.061,0.0,ETH-16AUG19-230-C,226.16,95.08,0.053,150.0,0.061,168.0,107.94,0.14117,-0.77917,0.02432,0.01151,0.49554
226.36,SYN.ETH-9AUG19,1565175540999,open,0.01,1137.0,0.001,0.022,0.005357,100.48,0.008,0.0,ETH-9AUG19-210-P,226.16,91.68,0.004,3.0,0.007,534.0,110.37,0.03623,-0.97052,-0.0017,0.0137,-0.14067
230.42,ETH-27SEP19,1565175541008,open,0.0,2894.0,0.001,0.013,0.003655,111.04,0.005,0.0,ETH-27SEP19-560-C,226.16,102.33,0.002,200.0,0.005,300.0,116.32,0.0528,-0.05762,0.00734,0.00064,0.02651
226.94,SYN.ETH-16AUG19,1565175541023,open,0.1,52.0,0.064,0.135,0.10328,98.04,0.111,0.0,ETH-16AUG19-210-C,226.16,95.43,0.102,50.0,0.111,50.0,112.36,0.11905,-0.65747,0.03405,0.0097,0.72039
11638.2,SYN.BTC-9AUG19,1565175541040,open,0.09,4.8,0.0535,0.11,0.08111682,104.15,0.085,0.0,BTC-9AUG19-12500-P,11628.77,75.53,0.0765,0.1,0.0835,6.0,116.64,2.18088,-60.54573,-0.53954,0.0003,-0.82109
11638.2,SYN.BTC-9AUG19,1565175541042,open,0.03,268.6,0.0075,0.06,0.03449015,99.23,0.033,0.0,BTC-9AUG19-11500-C,11628.77,88.37,0.0315,18.0,0.038,0.4,111.57,3.26015,-86.23252,0.3266,0.00047,0.58063
230.42,ETH-27SEP19,1565175541050,open,0.0,5783.0,0.001,0.012,0.002348,111.04,0.002,0.0,ETH-27SEP19-600-C,226.16,100.27,0.001,1737.0,0.003,80.0,114.7,0.03774,-0.04118,0.00497,0.00046,0.01781
226.94,SYN.ETH-16AUG19,1565175541060,open,0.0,51.0,0.001,0.013,0.003072,103.03,0.004,0.0,ETH-16AUG19-300-C,226.16,85.39,0.001,250.0,0.005,550.0,113.6,0.03579,-0.20776,0.00252,0.00277,0.04879
233.16,ETH-27DEC19,1565175541068,open,0.02,1226.0,0.005,0.049,0.023823,109.69,0.032,0.0,ETH-27DEC19-720-C,226.16,105.91,0.02,50.0,0.028,300.0,113.47,0.24694,-0.09546,0.0651,0.00107,0.09565
12059.87,BTC-27DEC19,1565175541078,open,2.69,0.0,2.58,2.7535,2.66180623,108.7,3.46,0.0,BTC-27DEC19-44000-P,11628.77,0.0,0.0,0.0,0.0,0.0,0.0,8.73326,-3.34565,-168.93019,1e-05,-0.9419
228.08,SYN.ETH-30AUG19,1565175541089,open,0.0,773.0,0.001,0.012,0.002498,104.77,0.003,0.0,ETH-30AUG19-140-P,226.16,90.73,0.001,151.0,0.004,500.0,114.22,0.03133,-0.07175,-0.00367,0.00092,-0.02319
226.94,SYN.ETH-16AUG19,1565175541089,open,0.0,267.0,0.001,0.014,0.003812,97.84,0.009,0.0,ETH-16AUG19-180-P,226.16,75.91,0.001,251.0,0.005,250.0,104.22,0.03955,-0.21798,-0.00326,0.00323,-0.05533
228.08,SYN.ETH-30AUG19,1565175541099,open,0.03,740.0,0.009,0.059,0.033321,101.58,0.034,0.0,ETH-30AUG19-280-C,226.16,98.63,0.031,160.0,0.036,257.0,104.93,0.18084,-0.40152,0.03075,0.00546,0.24844
230.42,ETH-27SEP19,1565175541102,open,0.0,4762.0,0.001,0.011,0.001504,104.88,0.002,0.0,ETH-27SEP19-100-P,226.16,0.0,0.0,0.0,0.003,500.0,116.77,0.02286,-0.02356,-0.00368,0.00029,-0.00997
226.94,SYN.ETH-16AUG19,1565175541107,open,0.0,0.0,0.001,0.011,0.001577,98.86,None,0.0,ETH-16AUG19-170-P,226.16,0.0,0.0,0.0,0.003,250.0,111.41,0.02104,-0.11719,-0.0015,0.0017,-0.02552
12059.87,BTC-27DEC19,1565175541132,open,3.36,1.0,3.229,3.42,3.31965571,109.53,4.454,0.0,BTC-27DEC19-52000-P,11628.77,0.0,0.001,1.0,0.0,0.0,0.0,5.95222,-2.29767,-200.80167,1e-05,-0.96395
226.36,SYN.ETH-9AUG19,1565175541133,open,0.07,317.0,0.032,0.103,0.067574,93.06,0.073,0.0,ETH-9AUG19-240-P,226.16,0.0,0.06,50.0,0.07,50.0,105.19,0.04534,-1.12465,-0.0101,0.0185,-0.80066
226.36,SYN.ETH-9AUG19,1565175541144,open,0.02,409.0,0.001,0.039,0.0144,92.31,0.014,0.0,ETH-9AUG19-220-P,226.16,79.04,0.011,212.0,0.017,212.0,102.51,0.05814,-1.43065,-0.00391,0.02392,-0.32148
226.9,SYN.ETH-16AUG19,1565175541162,open,0.1,150.0,0.054,0.136,0.097216,100.55,0.092,0.0,ETH-16AUG19-240-P,226.16,83.25,0.087,150.0,0.098,150.0,101.86,0.13575,-0.76894,-0.03902,0.01078,-0.61007
233.16,ETH-27DEC19,1565175541174,open,0.53,101.0,0.433,0.593,0.518677,102.87,0.513,0.0,ETH-27DEC19-320-P,226.16,97.67,0.506,110.0,0.526,30.0,105.85,0.57131,-0.20711,-0.98546,0.00263,-0.56867
226.94,SYN.ETH-16AUG19,1565175541187,open,0.01,118.0,0.001,0.023,0.00784,102.61,0.013,0.0,ETH-16AUG19-280-C,226.16,95.84,0.006,250.0,0.01,550.0,109.59,0.06602,-0.38162,0.00557,0.00514,0.10879
226.36,SYN.ETH-9AUG19,1565175541197,open,0.02,1095.0,0.001,0.045,0.019278,92.31,0.021,0.0,ETH-9AUG19-230-C,226.16,87.55,0.018,181.0,0.023,1.0,105.38,0.06335,-1.55878,0.00463,0.02606,0.41754
230.42,ETH-27SEP19,1565175541209,open,0.24,1202.0,0.173,0.285,0.232911,102.08,0.231,0.0,ETH-27SEP19-260-P,226.16,97.39,0.226,110.0,0.239,120.0,106.19,0.34046,-0.34156,-0.25154,0.00451,-0.55028
226.94,SYN.ETH-16AUG19,1565175541214,open,0.1,52.0,0.064,0.135,0.10328,98.04,0.111,0.0,ETH-16AUG19-210-C,226.16,93.51,0.101,50.0,0.111,50.0,112.36,0.11905,-0.65747,0.03405,0.0097,0.72039
226.94,SYN.ETH-16AUG19,1565175541251,open,0.07,6.0,0.03,0.104,0.068212,97.76,0.055,0.0,ETH-16AUG19-230-P,226.16,86.28,0.061,150.0,0.07,290.0,100.75,0.14117,-0.77745,-0.03161,0.01153,-0.50461
226.32,SYN.ETH-9AUG19,1565175541260,open,0.04,522.0,0.01,0.072,0.042484,92.92,0.053,0.0,ETH-9AUG19-220-C,226.16,87.12,0.041,150.0,0.05,150.0,121.5,0.05827,-1.44333,0.00738,0.02383,0.67663
12059.53,BTC-27DEC19,1565175541427,open,1.71,0.3,1.612,1.767,1.68582777,106.26,1.875,0.0,BTC-27DEC19-32000-P,11628.43,0.0,0.005,1.0,0.0,0.0,0.0,15.63014,-5.85333,-119.95685,3e-05,-0.87323
12059.53,BTC-27DEC19,1565175541427,open,2.36,0.0,2.2565,2.4225,2.3347115,108.27,2.58,0.0,BTC-27DEC19-40000-P,11628.43,0.0,0.005,1.0,0.0,0.0,0.0,10.65334,-4.0648,-152.79599,2e-05,-0.9249
12059.53,BTC-27DEC19,1565175541428,open,1.39,0.1,1.294,1.446,1.36718926,105.23,1.49,0.0,BTC-27DEC19-28000-P,11628.43,0.0,0.001,1.0,0.0,0.0,0.0,18.99347,-7.04354,-103.01556,3e-05,-0.83045
12059.53,BTC-27DEC19,1565175541429,open,0.01,268.4,0.0005,0.0285,0.01031521,109.41,0.01,0.0,BTC-27DEC19-48000-C,11628.43,107.13,0.009,10.0,0.0115,4.0,111.31,7.2642,-2.80085,1.67662,1e-05,0.04608
12059.53,BTC-27DEC19,1565175541429,open,1.55,0.2,1.4525,1.606,1.52577824,105.72,2.03,0.0,BTC-27DEC19-30000-P,11628.43,0.0,0.005,1.0,0.0,0.0,0.0,17.2288,-6.41934,-111.54563,3e-05,-0.85384
11862.63,BTC-27SEP19,1565175541429,open,0.64,9.2,0.6335,0.653,0.64308035,125.14,0.574,0.0,BTC-27SEP19-4250-C,11628.43,0.0,0.005,0.1,0.701,5.0,299.86,0.92108,-1.13282,5.77698,0.0,0.99246
11862.63,BTC-27SEP19,1565175541429,open,0.35,29.7,0.2815,0.3855,0.33488449,102.55,0.335,0.0,BTC-27SEP19-15000-P,11628.43,0.0,0.004,10.0,0.8715,0.3,499.76,16.16708,-16.29451,-16.50449,8e-05,-0.66328
12059.53,BTC-27DEC19,1565175541430,open,2.03,1.3,1.933,2.0935,2.0088585,107.24,2.2,0.0,BTC-27DEC19-36000-P,11628.43,0.0,0.005,1.0,0.0,0.0,0.0,12.86101,-4.86078,-136.51533,2e-05,-0.90344
11734.05,SYN.BTC-30AUG19,1565175541428,open,0.01,280.5,0.002,0.0305,0.01259327,107.92,0.011,0.0,BTC-30AUG19-17000-C,11628.43,104.38,0.011,24.0,0.014,34.0,110.87,5.45237,-12.86111,0.70184,6e-05,0.10803
11637.4,SYN.BTC-9AUG19,1565175541428,open,0.0,31.6,0.0005,0.0105,0.00023108,125.03,0.001,0.0,BTC-9AUG19-14500-C,11628.43,0.0,0.0,0.0,0.001,19.9,152.43,0.1829,-2.68917,0.00465,2e-05,0.008
11734.05,SYN.BTC-30AUG19,1565175541432,open,0.18,17.1,0.1275,0.2125,0.17161376,104.23,0.162,0.0,BTC-30AUG19-13000-P,11628.43,0.0,0.0,0.0,0.0,0.0,0.0,11.32326,-25.79564,-5.69962,0.00013,-0.60341
226.9,SYN.ETH-16AUG19,1565175541436,open,0.33,0.0,0.284,0.369,0.324989,101.53,None,0.0,ETH-16AUG19-300-P,226.19,0.0,0.0,0.0,0.0,0.0,0.0,0.03416,-0.19536,-0.07057,0.00269,-0.95397
226.32,SYN.ETH-9AUG19,1565175541436,open,0.16,0.0,0.116,0.187,0.149582,99.51,None,0.0,ETH-9AUG19-260-P,226.19,0.0,0.0,0.0,0.0,0.0,0.0,0.01046,-0.27743,-0.01304,0.00399,-0.97189
226.9,SYN.ETH-16AUG19,1565175541436,open,0.25,0.0,0.228,0.276,0.252491,100.23,None,0.0,ETH-16AUG19-170-C,226.19,0.0,0.0,0.0,0.0,0.0,0.0,0.02212,-0.12488,0.03975,0.00176,0.97291
226.32,SYN.ETH-9AUG19,1565175541436,open,0.29,0.0,0.245,0.32,0.281248,0.0,None,0.0,ETH-9AUG19-290-P,226.19,0.0,0.0,0.0,0.0,0.0,0.0,0.0,0.0,-0.0149,0.0,-1.0
226.9,SYN.ETH-16AUG19,1565175541436,open,0.29,0.0,0.274,0.318,0.295969,110.17,None,0.0,ETH-16AUG19-160-C,226.19,0.0,0.0,0.0,0.0,0.0,0.0,0.01494,-0.09271,0.03791,0.00108,0.98297
226.32,SYN.ETH-9AUG19,1565175541436,open,0.2,0.0,0.159,0.232,0.193696,119.64,None,0.0,ETH-9AUG19-270-P,226.19,0.0,0.0,0.0,0.0,0.0,0.0,0.0085,-0.27111,-0.01363,0.0027,-0.97804
226.32,SYN.ETH-9AUG19,1565175541436,open,0.0,12.0,0.001,0.011,8.7e-05,125.08,0.001,0.0,ETH-9AUG19-290-C,226.19,0.0,0.0,0.0,0.004,2.0,215.41,0.0016,-0.01962,4e-05,0.00049,0.00326
226.9,SYN.ETH-16AUG19,1565175541436,open,0.0,0.0,0.001,0.011,0.000932,124.52,None,0.0,ETH-16AUG19-150-P,226.19,0.0,0.0,0.0,0.002,300.0,140.31,0.01178,-0.08264,-0.00076,0.00076,-0.01292
226.9,SYN.ETH-16AUG19,1565175541436,open,0.21,0.0,0.183,0.237,0.210662,98.61,None,0.0,ETH-16AUG19-180-C,226.19,0.0,0.0,0.0,0.0,0.0,0.0,0.04034,-0.2241,0.04042,0.00327,0.94326
226.9,SYN.ETH-16AUG19,1565175541436,open,0.29,0.0,0.242,0.327,0.282848,102.01,None,0.0,ETH-16AUG19-290-P,226.19,0.0,0.0,0.0,0.0,0.0,0.0,0.04842,-0.27822,-0.06682,0.00379,-0.92825
226.32,SYN.ETH-9AUG19,1565175541436,open,0.11,1.0,0.073,0.144,0.107477,99.99,0.09,0.0,ETH-9AUG19-250-P,226.19,0.0,0.0,0.0,0.2,1.0,473.04,0.02593,-0.69106,-0.01186,0.00985,-0.91192
226.9,SYN.ETH-16AUG19,1565175541437,open,0.25,0.0,0.2,0.285,0.241629,101.87,None,0.0,ETH-16AUG19-280-P,226.19,0.0,0.0,0.0,0.0,0.0,0.0,0.0651,-0.37359,-0.06262,0.0051,-0.89328
226.9,SYN.ETH-16AUG19,1565175541437,open,0.34,0.0,0.319,0.361,0.339974,126.68,None,0.0,ETH-16AUG19-150-C,226.19,0.0,0.0,0.0,0.0,0.0,0.0,0.01272,-0.09076,0.03564,0.0008,0.98588
226.32,SYN.ETH-9AUG19,1565175541437,open,0.24,0.0,0.202,0.276,0.237277,107.6,None,0.0,ETH-9AUG19-280-P,226.19,0.0,0.0,0.0,0.0,0.0,0.0,0.0016,-0.0458,-0.01435,0.00056,-0.99675
12059.53,BTC-27DEC19,1565175541448,open,1.23,0.0,1.1365,1.288,1.21014691,104.57,None,0.0,BTC-27DEC19-26000-P,11628.43,0.0,0.004,10.0,1.985,0.2,500.0,20.85846,-7.68703,-94.36701,4e-05,-0.803
11669.62,SYN.BTC-16AUG19,1565175541451,open,0.04,195.0,0.011,0.064,0.03657126,101.11,0.041,0.0,BTC-16AUG19-11000-P,11628.43,93.82,0.0325,24.0,0.038,10.0,103.65,6.54997,-37.30911,-1.02618,0.0002,-0.32505
11862.63,BTC-27SEP19,1565175541460,open,0.72,0.0,0.66,0.759,0.7074484,105.19,None,0.0,BTC-27SEP19-20000-P,11628.43,0.0,0.004,10.0,1.24,0.2,500.0,9.29207,-9.60614,-26.10818,5e-05,-0.87154
11637.4,SYN.BTC-9AUG19,1565175541474,open,0.09,198.6,0.0795,0.124,0.10088891,108.03,0.099,0.0,BTC-9AUG19-10500-C,11628.43,93.97,0.0995,1.0,0.122,1.0,225.05,1.30774,-37.65838,0.48636,0.00017,0.91416
11862.63,BTC-27SEP19,1565175541478,open,0.08,307.9,0.038,0.1065,0.07246255,100.56,0.074,0.0,BTC-27SEP19-10000-P,11628.43,97.7,0.069,19.3,0.0735,12.1,101.42,14.37184,-14.20397,-5.50082,7e-05,-0.26022
12059.87,BTC-27DEC19,1565175541534,open,0.02,344.2,0.0035,0.0425,0.01792616,108.37,0.02,0.0,BTC-27DEC19-40000-C,11628.43,106.13,0.016,10.0,0.0195,6.0,110.1,10.68538,-4.08093,2.69367,2e-05,0.07539
11862.63,BTC-27SEP19,1565175541653,open,0.11,152.6,0.0675,0.1495,0.10998657,100.56,0.106,0.0,BTC-27SEP19-11000-P,11628.43,98.04,0.1065,19.3,0.113,10.4,102.74,16.38222,-16.19063,-7.58441,8e-05,-0.34871
11669.62,SYN.BTC-16AUG19,1565175541675,open,0.12,3.2,0.071,0.1445,0.10893104,104.88,0.1025,0.0,BTC-16AUG19-12500-P,11628.43,92.08,0.1015,18.0,0.109,18.0,105.0,6.85546,-40.50419,-2.104,0.0002,-0.63252
11862.63,BTC-27SEP19,1565175541730,open,0.14,723.2,0.0985,0.1835,0.14406768,100.58,0.133,0.0,BTC-27SEP19-12000-C,11628.43,97.13,0.139,25.7,0.147,16.1,102.57,17.45185,-17.25035,6.91722,9e-05,0.56241
11734.05,SYN.BTC-30AUG19,1565175541732,open,0.07,97.5,0.036,0.103,0.06989715,101.62,0.077,0.0,BTC-30AUG19-11000-P,11628.43,97.42,0.066,19.3,0.0705,0.1,102.27,10.89822,-24.20572,-3.09938,0.00012,-0.35155
11669.62,SYN.BTC-16AUG19,1565175541734,open,0.06,66.1,0.0235,0.0865,0.05537546,101.1,0.055,0.0,BTC-16AUG19-11500-P,11628.43,93.96,0.051,18.0,0.0575,28.0,104.57,7.15352,-40.74265,-1.38256,0.00021,-0.43184
12059.53,BTC-27DEC19,1565175541736,open,0.1,543.6,0.048,0.147,0.0977081,102.62,0.1,0.0,BTC-27DEC19-20000-C,11628.43,100.95,0.094,10.0,0.101,10.0,104.1,26.84873,-9.71019,10.36865,5e-05,0.3189
12059.53,BTC-27DEC19,1565175541753,open,0.08,181.2,0.035,0.1265,0.07975689,103.41,0.083,0.0,BTC-27DEC19-22000-C,11628.43,101.57,0.076,10.0,0.083,14.9,104.97,24.90035,-9.07438,8.9589,4e-05,0.27088
11669.62,SYN.BTC-16AUG19,1565175541755,open,0.06,66.1,0.0235,0.0865,0.05537546,101.1,0.055,0.0,BTC-16AUG19-11500-P,11628.43,93.96,0.051,18.0,0.0575,18.0,104.57,7.15352,-40.74265,-1.38256,0.00021,-0.43184
11669.62,SYN.BTC-16AUG19,1565175541756,open,0.06,66.1,0.0235,0.0865,0.05537546,101.1,0.055,0.0,BTC-16AUG19-11500-P,11628.43,93.96,0.051,18.0,0.0575,28.0,104.57,7.15352,-40.74265,-1.38256,0.00021,-0.43184
11862.63,BTC-27SEP19,1565175541768,open,0.11,263.6,0.069,0.1525,0.11334437,101.02,0.112,0.0,BTC-27SEP19-13000-C,11628.43,98.1,0.109,26.2,0.117,11.8,103.48,17.64259,-17.51583,6.03605,9e-05,0.4784
12059.53,BTC-27DEC19,1565175541790,open,0.24,166.3,0.1845,0.2955,0.24480108,99.23,0.2295,0.0,BTC-27DEC19-12000-C,11628.43,96.57,0.2385,10.0,0.2485,15.0,100.79,28.52217,-9.97426,17.7986,5e-05,0.6245
11862.63,BTC-27SEP19,1565175541941,open,0.03,391.4,0.0105,0.0625,0.03395506,103.83,0.0315,0.0,BTC-27SEP19-18000-C,11628.43,101.87,0.032,19.3,0.035,0.1,104.86,11.97642,-12.22098,2.56239,6e-05,0.18892
230.42,ETH-27SEP19,1565175541948,open,0.02,1897.0,0.006,0.05,0.025642,107.19,0.026,0.0,ETH-27SEP19-380-C,226.19,104.04,0.023,310.0,0.029,294.0,111.0,0.19776,-0.20834,0.03893,0.00249,0.14687
230.42,ETH-27SEP19,1565175541951,open,0.02,5043.0,0.005,0.042,0.020667,108.09,0.021,0.0,ETH-27SEP19-400-C,226.19,104.44,0.018,310.0,0.023,300.0,111.1,0.1741,-0.18494,0.03254,0.00218,0.122
228.08,SYN.ETH-30AUG19,1565175541961,open,0.05,354.0,0.02,0.082,0.051632,100.99,0.046,0.0,ETH-30AUG19-260-C,226.19,96.99,0.048,160.0,0.056,227.0,105.63,0.21096,-0.46567,0.0423,0.00641,0.34762
233.19,ETH-27DEC19,1565175541970,open,0.39,432.0,0.305,0.453,0.385064,101.7,0.382,0.0,ETH-27DEC19-280-P,226.19,97.67,0.375,120.0,0.393,30.0,104.91,0.57976,-0.2078,-0.79188,0.0027,-0.48862
226.9,SYN.ETH-16AUG19,1565175541989,open,0.05,199.0,0.02,0.085,0.054665,98.0,0.061,0.0,ETH-16AUG19-230-C,226.19,93.6,0.052,318.0,0.061,168.0,108.06,0.14115,-0.77927,0.0243,0.0115,0.4951
226.9,SYN.ETH-16AUG19,1565175541996,open,0.07,6.0,0.03,0.104,0.068313,97.72,0.055,0.0,ETH-16AUG19-230-P,226.19,86.12,0.061,150.0,0.07,140.0,100.59,0.14115,-0.77698,-0.03163,0.01154,-0.50509
226.9,SYN.ETH-16AUG19,1565175542005,open,0.02,44.0,0.002,0.037,0.016397,97.8,0.016,0.0,ETH-16AUG19-200-P,226.19,86.79,0.012,466.0,0.018,466.0,101.71,0.09382,-0.51689,-0.011,0.00766,-0.18304
226.9,SYN.ETH-16AUG19,1565175542028,open,0.01,118.0,0.001,0.023,0.007823,102.63,0.013,0.0,ETH-16AUG19-280-C,226.19,95.9,0.006,250.0,0.01,300.0,109.66,0.06593,-0.38119,0.00556,0.00513,0.10863
12059.53,BTC-27DEC19,1565175542051,open,0.17,321.2,0.109,0.2225,0.16939892,100.28,0.1675,0.0,BTC-27DEC19-15000-C,11628.43,98.51,0.165,10.0,0.175,13.6,102.53,29.97512,-10.59394,14.81616,5e-05,0.4855
12059.87,BTC-27DEC19,1565175542064,open,0.05,237.9,0.0215,0.076,0.04773812,99.2,0.035,0.0,BTC-27DEC19-7000-P,11628.43,95.72,0.0435,6.0,0.047,5.0,98.61,14.79778,-5.17349,-7.73406,3e-05,-0.11727
12059.53,BTC-27DEC19,1565175542077,open,0.19,383.3,0.13,0.244,0.19147215,100.09,0.1825,0.0,BTC-27DEC19-14000-C,11628.43,97.88,0.186,10.0,0.1955,15.0,101.71,29.91531,-10.55237,15.82366,5e-05,0.52906
12059.87,BTC-27DEC19,1565175542100,open,0.27,580.1,0.221,0.327,0.27864721,99.22,0.28,0.0,BTC-27DEC19-11000-C,11628.43,95.81,0.271,13.6,0.2815,15.0,100.49,27.009,-9.44474,18.65057,5e-05,0.67653
11862.63,BTC-27SEP19,1565175542103,open,0.07,418.9,0.0335,0.107,0.07043376,102.59,0.07,0.0,BTC-27SEP19-15000-C,11628.43,100.04,0.067,19.3,0.0735,32.3,104.81,16.16898,-16.30206,4.40421,8e-05,0.33682
11637.05,SYN.BTC-9AUG19,1565175542436,open,0.0,82.3,0.0005,0.0105,4.37e-06,124.99,0.0005,0.0,BTC-9AUG19-8500-P,11628.43,0.0,0.0,0.0,0.0005,17.9,194.53,0.00609,-0.05086,-0.00012,0.0,-0.00019
11669.23,SYN.BTC-16AUG19,1565175542517,open,0.39,0.0,0.3445,0.4075,0.37384236,110.97,None,0.0,BTC-16AUG19-16000-P,11628.43,0.0,0.0,0.0,0.0,0.0,0.0,1.60473,-10.03184,-3.78164,4e-05,-0.95885
226.35,SYN.ETH-9AUG19,1565175542538,open,0.33,0.0,0.317,0.356,0.337213,0.0,None,0.0,ETH-9AUG19-150-C,226.19,0.0,0.0,0.0,0.0,0.0,0.0,0.0,0.0,0.00771,0.0,1.0
226.93,SYN.ETH-16AUG19,1565175542607,open,0.17,0.0,0.139,0.2,0.171073,97.55,None,0.0,ETH-16AUG19-190-C,226.19,0.0,0.0,0.0,0.0,0.0,0.0,0.06514,-0.35795,0.03985,0.00533,0.89321
11669.23,SYN.BTC-16AUG19,1565175542622,open,0.31,0.0,0.3005,0.3315,0.31544236,116.09,None,0.0,BTC-16AUG19-8000-C,11628.43,0.0,0.0,0.0,0.0,0.0,0.0,0.68048,-4.45014,1.90056,2e-05,0.98522
226.9,SYN.ETH-16AUG19,1565175542773,open,0.01,118.0,0.001,0.023,0.007823,102.63,0.013,0.0,ETH-16AUG19-280-C,226.19,95.9,0.006,250.0,0.01,550.0,109.66,0.06593,-0.38119,0.00556,0.00513,0.10863
226.93,SYN.ETH-16AUG19,1565175542815,open,0.13,119.0,0.099,0.166,0.134963,97.67,0.145,0.0,ETH-16AUG19-200-C,226.19,0.0,0.0,0.0,0.0,0.0,0.0,0.09369,-0.51551,0.03766,0.00766,0.81742
11637.05,SYN.BTC-9AUG19,1565175542866,open,0.0,163.5,0.0005,0.016,0.00309663,107.51,0.004,0.0,BTC-9AUG19-10500-P,11628.43,96.66,0.002,0.5,0.005,0.5,122.77,1.29728,-36.03569,-0.05264,0.00017,-0.08493
11637.05,SYN.BTC-9AUG19,1565175542880,open,0.22,23.4,0.211,0.243,0.22667914,129.83,0.2215,0.0,BTC-9AUG19-9000-C,11628.43,0.0,0.189,1.0,0.0,0.0,0.0,0.06465,-2.23752,0.46096,1e-05,0.9975
226.35,SYN.ETH-9AUG19,1565175542913,open,0.0,0.0,0.001,0.011,0.0,125.04,None,0.0,ETH-9AUG19-150-P,226.19,0.0,0.0,0.0,0.002,300.0,303.64,0.0,-1e-05,0.0,0.0,0.0
11637.05,SYN.BTC-9AUG19,1565175542941,open,0.39,0.0,0.3865,0.41,0.39849121,217.75,None,0.0,BTC-9AUG19-7000-C,11628.43,0.0,0.0,0.0,0.0,0.0,0.0,0.01282,-0.74442,0.35946,0.0,0.99957
226.35,SYN.ETH-9AUG19,1565175543003,open,0.29,0.0,0.272,0.314,0.293028,0.0,None,0.0,ETH-9AUG19-160-C,226.19,0.0,0.0,0.0,0.0,0.0,0.0,0.0,0.0,0.00822,0.0,1.0
11669.16,SYN.BTC-16AUG19,1565175543069,open,0.0,26.2,0.0005,0.0105,0.00098315,115.69,0.001,0.0,BTC-16AUG19-8000-P,11628.43,105.36,0.0005,4.0,0.0015,30.0,123.5,0.67042,-4.36933,-0.04401,2e-05,-0.01453
228.08,SYN.ETH-30AUG19,1565175543049,open,0.13,380.0,0.083,0.172,0.129599,99.02,0.126,0.0,ETH-30AUG19-240-P,226.19,91.49,0.122,240.0,0.132,120.0,101.55,0.22703,-0.49137,-0.09463,0.00703,-0.53253
11669.16,SYN.BTC-16AUG19,1565175543078,open,0.03,61.5,0.0055,0.0525,0.02679747,105.8,0.027,0.0,BTC-16AUG19-13000-C,11628.43,100.44,0.024,24.0,0.029,34.0,109.93,6.16342,-36.73344,0.72874,0.00018,0.28361
226.32,SYN.ETH-9AUG19,1565175543075,open,0.04,158.0,0.005,0.067,0.035481,91.73,0.033,0.0,ETH-9AUG19-230-P,226.19,72.37,0.03,283.0,0.039,283.0,104.66,0.06328,-1.54728,-0.00721,0.02621,-0.58418
228.08,SYN.ETH-30AUG19,1565175543081,open,0.02,620.0,0.005,0.039,0.019777,98.78,0.018,0.0,ETH-30AUG19-180-P,226.19,93.72,0.017,200.0,0.021,279.0,101.01,0.12701,-0.27423,-0.02282,0.00394,-0.13988
233.19,ETH-27DEC19,1565175543088,open,0.27,801.0,0.194,0.326,0.266183,101.24,0.263,0.0,ETH-27DEC19-240-P,226.19,97.01,0.256,120.0,0.272,40.0,103.68,0.55924,-0.19953,-0.598,0.00261,-0.39359
226.35,SYN.ETH-9AUG19,1565175543102,open,0.0,51.0,0.001,0.011,1e-06,125.04,0.003,0.0,ETH-9AUG19-160-P,226.19,0.0,0.0,0.0,0.002,300.0,262.13,3e-05,-0.00022,0.0,1e-05,-5e-05
226.9,SYN.ETH-16AUG19,1565175543100,open,0.03,78.0,0.005,0.053,0.027115,101.03,0.043,0.0,ETH-16AUG19-250-C,226.19,95.1,0.024,200.0,0.031,435.0,108.07,0.12224,-0.69573,0.01482,0.00966,0.29581
226.9,SYN.ETH-16AUG19,1565175543110,open,0.1,150.0,0.054,0.136,0.097341,100.55,0.092,0.0,ETH-16AUG19-240-P,226.19,84.97,0.088,150.0,0.098,150.0,101.86,0.13575,-0.76894,-0.03902,0.01078,-0.61007
226.93,SYN.ETH-16AUG19,1565175543124,open,0.1,52.0,0.064,0.135,0.103171,97.73,0.111,0.0,ETH-16AUG19-210-C,226.19,93.57,0.101,50.0,0.11,50.0,110.57,0.11897,-0.65503,0.03408,0.00972,0.72072
226.9,SYN.ETH-16AUG19,1565175543130,open,0.02,496.0,0.002,0.04,0.018218,101.49,0.017,0.0,ETH-16AUG19-260-C,226.19,96.48,0.016,200.0,0.021,462.0,107.36,0.10404,-0.59481,0.01099,0.00819,0.21734
226.35,SYN.ETH-9AUG19,1565175543154,open,0.0,8.0,0.001,0.011,2.3e-05,124.95,0.002,0.0,ETH-9AUG19-300-C,226.19,0.0,0.0,0.0,0.002,3.0,208.96,0.00053,-0.00529,1e-05,0.00016,0.00097
226.35,SYN.ETH-9AUG19,1565175543164,open,0.38,0.0,0.363,0.399,0.381399,0.0,None,0.0,ETH-9AUG19-140-C,226.19,0.0,0.0,0.0,0.0,0.0,0.0,0.0,0.0,0.00719,0.0,1.0
226.32,SYN.ETH-9AUG19,1565175543174,open,0.07,317.0,0.032,0.103,0.067727,92.86,0.073,0.0,ETH-9AUG19-240-P,226.19,46.51,0.061,50.0,0.07,50.0,104.5,0.04516,-1.1178,-0.01011,0.01847,-0.80193
228.08,SYN.ETH-30AUG19,1565175543179,open,0.11,546.0,0.073,0.15,0.115436,98.92,0.121,0.0,ETH-30AUG19-220-C,226.19,96.3,0.113,240.0,0.123,120.0,106.68,0.21967,-0.47496,0.07014,0.00681,0.60619
226.35,SYN.ETH-9AUG19,1565175543204,open,0.24,0.0,0.226,0.272,0.248856,0.0,None,0.0,ETH-9AUG19-170-C,226.19,0.0,0.0,0.0,0.0,0.0,0.0,0.0,0.0,0.00874,0.0,1.0
11637.04,SYN.BTC-9AUG19,1565175543220,open,0.0,227.9,0.0005,0.0105,4.759e-05,124.99,0.0005,0.0,BTC-9AUG19-9000-P,11628.43,0.0,0.0,0.0,0.001,2.0,180.46,0.04784,-0.55378,-0.0011,1e-05,-0.00179
11637.4,SYN.BTC-9AUG19,1565175543260,open,0.02,572.4,0.0005,0.039,0.01655089,101.87,0.0175,0.0,BTC-9AUG19-12000-C,11628.43,90.17,0.0135,25.0,0.018,0.4,107.22,3.09202,-83.96608,0.19977,0.00044,0.35063
11637.04,SYN.BTC-9AUG19,1565175543263,open,0.09,4.8,0.0535,0.11,0.08117823,104.4,0.085,0.0,BTC-9AUG19-12500-P,11628.43,78.67,0.077,0.1,0.0835,6.0,116.22,2.18288,-60.75004,-0.53939,0.0003,-0.8208
11637.04,SYN.BTC-9AUG19,1565175543277,open,0.0,174.1,0.0005,0.0105,0.0,124.99,0.0005,0.0,BTC-9AUG19-7000-P,11628.43,0.0,0.0,0.0,0.0005,29.9,299.71,0.0,0.0,0.0,0.0,0.0
226.35,SYN.ETH-9AUG19,1565175543288,open,0.0,238.0,0.001,0.011,1.5e-05,125.05,0.001,0.0,ETH-9AUG19-170-P,226.19,0.0,0.0,0.0,0.001,5.0,198.12,0.00034,-0.00334,-1e-05,0.0001,-0.0006
226.93,SYN.ETH-16AUG19,1565175543305,open,0.38,0.0,0.327,0.413,0.3682,105.55,None,0.0,ETH-16AUG19-310-P,226.19,0.0,0.0,0.0,0.0,0.0,0.0,0.0273,-0.16233,-0.07357,0.00207,-0.96507
226.35,SYN.ETH-9AUG19,1565175543314,open,0.33,0.0,0.288,0.366,0.325597,152.41,None,0.0,ETH-9AUG19-300-P,226.19,0.0,0.0,0.0,0.0,0.0,0.0,0.00268,-0.10882,-0.01535,0.00067,-0.9942
226.35,SYN.ETH-9AUG19,1565175543328,open,0.0,0.0,0.001,0.011,0.0,125.03,None,0.0,ETH-9AUG19-140-P,226.19,0.0,0.0,0.0,0.002,300.0,347.56,0.0,0.0,0.0,0.0,0.0
11637.04,SYN.BTC-9AUG19,1565175543330,open,0.44,0.2,0.4305,0.452,0.44145612,247.06,0.4595,0.0,BTC-9AUG19-6500-C,11628.43,0.0,0.0,0.0,0.0,0.0,0.0,0.01112,-0.73203,0.3338,0.0,0.99963
11669.16,SYN.BTC-16AUG19,1565175543374,open,0.01,121.9,0.0005,0.0195,0.00641188,101.15,0.005,0.0,BTC-16AUG19-9500-P,11628.43,92.5,0.0045,40.0,0.0065,0.1,101.51,2.7907,-15.90111,-0.25476,8e-05,-0.08337
226.35,SYN.ETH-9AUG19,1565175543374,open,0.2,0.0,0.18,0.229,0.20479,107.99,None,0.0,ETH-9AUG19-180-C,226.19,0.0,0.0,0.0,0.0,0.0,0.0,0.00072,-0.02081,0.00923,0.00025,0.99864
11637.04,SYN.BTC-9AUG19,1565175543411,open,0.0,400.4,0.0005,0.0145,0.00247587,104.9,0.003,0.0,BTC-9AUG19-13000-C,11628.43,99.98,0.002,3.5,0.003,3.9,109.79,1.18811,-28.81177,0.04373,0.00016,0.0756
11637.04,SYN.BTC-9AUG19,1565175543414,open,0.0,346.0,0.0005,0.0105,0.0007912,106.15,0.0015,0.0,BTC-9AUG19-13500-C,11628.43,0.0,0.0,0.0,0.0015,0.8,118.71,0.53349,-9.20718,0.01618,7e-05,0.02784
11861.48,BTC-27SEP19,1565175543426,open,0.0,586.8,0.0005,0.0105,0.00010593,124.99,0.0005,0.0,BTC-27SEP19-3000-P,11628.27,0.0,0.0,0.0,0.0025,15.0,180.83,0.11282,-0.13859,-0.01396,0.0,-0.00074
12058.65,BTC-27DEC19,1565175543426,open,0.92,3.9,0.829,0.979,0.90398076,103.32,0.752,0.0,BTC-27DEC19-22000-P,11628.27,0.0,0.0055,2.0,1.6655,0.3,499.93,24.88083,-9.05967,-76.56491,4e-05,-0.72951
12058.65,BTC-27DEC19,1565175543426,open,0.02,93.1,0.0065,0.0365,0.01964199,99.21,0.0205,0.0,BTC-27DEC19-5500-P,11628.27,95.4,0.017,6.0,0.02,15.0,99.7,8.62913,-3.01696,-3.603,2e-05,-0.05723
12058.65,BTC-27DEC19,1565175543426,open,0.43,91.7,0.4005,0.4725,0.43843746,99.25,0.449,0.0,BTC-27DEC19-7500-C,11628.27,0.0,0.211,0.1,0.4525,2.5,109.13,16.79634,-5.87486,19.72315,3e-05,0.85922
12058.65,BTC-27DEC19,1565175543426,open,0.46,52.5,0.4335,0.4985,0.467289,99.24,0.414,0.0,BTC-27DEC19-7000-C,11628.27,0.0,0.3765,1.0,0.55,0.1,159.48,14.8031,-5.17738,19.46916,3e-05,0.88266
12058.65,BTC-27DEC19,1565175543427,open,0.0,208.8,0.0005,0.011,0.00100762,108.65,0.0015,0.0,BTC-27DEC19-2500-P,11628.27,99.83,0.0005,1.0,0.0015,10.0,114.6,0.86849,-0.33255,-0.22951,0.0,-0.00389
12058.65,BTC-27DEC19,1565175543427,open,0.83,0.0,0.8255,0.845,0.83522781,125.13,None,0.0,BTC-27DEC19-2000-C,11628.27,0.0,0.0135,1.4,0.977,0.5,500.0,0.79826,-0.35202,7.55728,0.0,0.99646
11861.48,BTC-27SEP19,1565175543427,open,0.87,42.8,0.864,0.8835,0.87355265,158.78,0.815,0.0,BTC-27SEP19-1500-C,11628.27,0.0,0.0,0.0,0.0,0.0,0.0,0.0137,-0.02138,2.0893,0.0,0.99992
11861.48,BTC-27SEP19,1565175543427,open,0.22,634.0,0.1885,0.265,0.22948735,100.61,0.2325,0.0,BTC-27SEP19-10000-C,11628.27,75.54,0.2,0.1,0.2335,5.0,103.91,14.374,-14.21282,8.43472,7e-05,0.73966
12058.49,BTC-27DEC19,1565175543427,open,0.0,385.4,0.0005,0.0115,0.0019904,105.82,0.0015,0.0,BTC-27DEC19-3000-P,11628.27,96.24,0.001,10.0,0.003,10.0,112.75,1.53399,-0.57209,-0.43896,0.0,-0.00737
12058.49,BTC-27DEC19,1565175543427,open,0.0,173.8,0.0005,0.0105,0.00029417,124.88,0.0005,0.0,BTC-27DEC19-1500-P,11628.27,0.0,0.0,0.0,0.0005,13.9,132.32,0.27238,-0.11987,-0.06456,0.0,-0.00108
12058.49,BTC-27DEC19,1565175543428,open,0.24,101.6,0.1765,0.2965,0.23983837,99.19,0.2435,0.0,BTC-27DEC19-12000-P,11628.27,98.42,0.238,0.1,0.2445,9.9,101.17,28.5219,-9.97079,-28.84604,5e-05,-0.37559
11861.48,BTC-27SEP19,1565175543428,open,0.05,224.1,0.0185,0.071,0.04353805,100.55,0.0415,0.0,BTC-27SEP19-9000-P,11628.27,97.4,0.0405,19.3,0.0425,4.1,99.48,11.53756,-11.40105,-3.66225,6e-05,-0.17797
11861.48,BTC-27SEP19,1565175543428,open,1.73,0.0,1.645,1.7585,1.69957714,110.41,None,0.0,BTC-27SEP19-32000-P,11628.27,0.0,0.0,0.0,0.0,0.0,0.0,1.56572,-1.69896,-44.40361,1e-05,-0.98615
12058.49,BTC-27DEC19,1565175543429,open,0.53,122.9,0.5045,0.555,0.52987853,99.26,0.46,0.0,BTC-27DEC19-6000-C,11628.27,70.07,0.5095,4.0,0.9575,3.0,500.0,10.67507,-3.73412,18.50561,2e-05,0.9247
11861.48,BTC-27SEP19,1565175543429,open,0.0,421.5,0.0005,0.0105,0.00033829,124.72,0.0005,0.0,BTC-27SEP19-3500-P,11628.27,0.0,0.0,0.0,0.0005,0.9,130.23,0.30092,-0.36886,-0.04128,0.0,-0.00216
11861.48,BTC-27SEP19,1565175543429,open,1.56,0.0,1.48,1.589,1.53173451,109.4,None,0.0,BTC-27SEP19-30000-P,11628.27,0.0,0.0,0.0,0.0,0.0,0.0,2.08402,-2.24073,-41.53785,1e-05,-0.98066
11861.48,BTC-27SEP19,1565175543429,open,0.72,0.0,0.7165,0.736,0.72622832,126.56,None,0.0,BTC-27SEP19-3250-C,11628.27,0.0,0.004,10.0,0.8755,5.0,500.0,0.21068,-0.26205,4.5022,0.0,0.99854
11861.48,BTC-27SEP19,1565175543429,open,0.0,416.0,0.0005,0.0105,0.00087513,124.72,0.0015,0.0,BTC-27SEP19-4000-P,11628.27,0.0,0.0,0.0,0.0015,25.0,134.06,0.65466,-0.80245,-0.09921,0.0,-0.00513
11637.04,SYN.BTC-9AUG19,1565175543426,open,0.26,5.4,0.255,0.2845,0.26957883,126.64,0.307,0.0,BTC-9AUG19-8500-C,11628.27,0.0,0.0,0.0,0.0,0.0,0.0,0.00714,-0.24091,0.43667,0.0,0.99977
11669.16,SYN.BTC-16AUG19,1565175543426,open,0.19,5.3,0.1705,0.215,0.19230795,101.18,0.2025,0.0,BTC-16AUG19-9500-C,11628.27,0.0,0.091,0.1,0.0,0.0,0.0,2.79224,-15.91505,2.05515,8e-05,0.91657
12058.49,BTC-27DEC19,1565175543430,open,3.03,0.0,2.904,3.087,2.99045758,108.64,None,0.0,BTC-27DEC19-48000-P,11628.27,0.0,0.0,0.0,6.0,1.0,500.0,7.06112,-2.7036,-184.95301,1e-05,-0.95551
11669.16,SYN.BTC-16AUG19,1565175543426,open,0.3,0.5,0.261,0.326,0.2913424,108.88,0.305,0.0,BTC-16AUG19-15000-P,11628.27,0.0,0.0,0.0,0.0,0.0,0.0,2.74734,-16.851,-3.4326,8e-05,-0.91835
12058.49,BTC-27DEC19,1565175543430,open,0.04,218.0,0.015,0.061,0.036767,99.21,0.026,0.0,BTC-27DEC19-6500-P,11628.27,95.58,0.033,6.0,0.0365,15.0,98.95,12.74348,-4.45543,-6.19359,2e-05,-0.09537
11861.48,BTC-27SEP19,1565175543431,open,0.57,1.0,0.5015,0.603,0.55132111,103.69,1.5815,0.0,BTC-27SEP19-18000-P,11628.27,0.0,0.004,0.3,1.091,0.3,500.0,11.95516,-12.18344,-22.53324,6e-05,-0.81159
11669.16,SYN.BTC-16AUG19,1565175543426,open,0.01,76.7,0.0005,0.025,0.00858317,107.56,0.021,0.0,BTC-16AUG19-14500-C,11628.27,102.02,0.007,30.0,0.0095,0.5,110.56,3.48663,-21.12629,0.29609,0.0001,0.11293
11637.04,SYN.BTC-9AUG19,1565175543426,open,0.0,154.6,0.0005,0.011,0.0013168,121.18,0.0015,0.0,BTC-9AUG19-10000-P,11628.27,124.23,0.0015,10.0,0.002,2.0,131.64,0.6721,-15.32369,-0.02281,8e-05,-0.03683
11669.16,SYN.BTC-16AUG19,1565175543426,open,0.0,31.0,0.0005,0.0125,0.00276079,111.31,0.0025,0.0,BTC-16AUG19-16000-C,11628.27,100.53,0.0015,30.0,0.004,30.0,119.28,1.62065,-10.16186,0.11038,4e-05,0.04166
11733.4,SYN.BTC-30AUG19,1565175543426,open,0.32,21.0,0.306,0.3445,0.32455819,102.85,0.2375,0.0,BTC-30AUG19-8000-C,11628.27,0.0,0.01,1.0,0.0,0.0,0.0,3.17423,-7.13567,4.57709,4e-05,0.94698
11669.16,SYN.BTC-16AUG19,1565175543426,open,0.0,2.0,0.0005,0.0105,0.00062185,124.89,0.0005,0.0,BTC-16AUG19-7500-P,11628.27,0.0,0.0,0.0,0.0015,30.0,141.78,0.44064,-3.10007,-0.02719,1e-05,-0.00896
11669.16,SYN.BTC-16AUG19,1565175543426,open,0.35,0.0,0.3445,0.373,0.35792705,125.54,None,0.0,BTC-16AUG19-7500-C,11628.27,0.0,0.0,0.0,0.0,0.0,0.0,0.45258,-3.20074,1.79572,1e-05,0.99076
11637.04,SYN.BTC-9AUG19,1565175543426,open,0.22,0.0,0.18,0.2315,0.20370905,123.64,0.217,0.0,BTC-9AUG19-14000-P,11628.27,0.0,0.01,1.0,0.0,0.0,0.0,0.4143,-13.65515,-0.70751,5e-05,-0.97939
11669.16,SYN.BTC-16AUG19,1565175543426,open,0.22,0.0,0.179,0.248,0.21245961,106.97,None,0.0,BTC-16AUG19-14000-P,11628.27,0.0,0.01,1.0,0.0,0.0,0.0,4.36657,-26.31354,-2.99593,0.00012,-0.84334
11669.16,SYN.BTC-16AUG19,1565175543426,open,0.0,167.9,0.0005,0.0125,0.00287497,101.15,0.0035,0.0,BTC-16AUG19-9000-P,11628.27,89.54,0.0015,40.2,0.003,0.1,102.03,1.63819,-9.33444,-0.12795,5e-05,-0.04222
11669.16,SYN.BTC-16AUG19,1565175543426,open,0.39,0.0,0.388,0.4135,0.40035704,126.47,None,0.0,BTC-16AUG19-7000-C,11628.27,0.0,0.0,0.0,0.0,0.0,0.0,0.19483,-1.388,1.6914,0.0,0.99643
11669.16,SYN.BTC-16AUG19,1565175543426,open,0.03,54.4,0.0045,0.0455,0.02247496,101.16,0.022,0.0,BTC-16AUG19-10500-P,11628.27,94.74,0.0195,24.0,0.022,0.2,100.14,5.48733,-31.26981,-0.70843,0.00016,-0.22719
11669.16,SYN.BTC-16AUG19,1565175543427,open,0.12,0.0,0.0915,0.151,0.12269432,101.21,None,0.0,BTC-16AUG19-10500-C,11628.27,0.0,0.0815,0.1,0.0,0.0,0.0,5.48871,-31.29552,1.84449,0.00016,0.77271
11733.4,SYN.BTC-30AUG19,1565175543429,open,0.18,173.3,0.1515,0.216,0.18544352,101.7,0.189,0.0,BTC-30AUG19-10000-C,11628.27,0.0,0.1305,0.7,0.194,5.0,112.88,8.81128,-19.58609,4.33488,0.0001,0.77493
230.44,ETH-27SEP19,1565175543438,open,0.53,347.0,0.452,0.577,0.515506,105.27,0.565,0.0,ETH-27SEP19-340-P,226.16,54.23,0.478,110.0,1.19,1.0,500.0,0.25059,-0.25925,-0.4181,0.00322,-0.78617
233.19,ETH-27DEC19,1565175543438,open,0.3,149.0,0.247,0.353,0.30773,101.22,0.3,0.0,ETH-27DEC19-200-C,226.16,0.0,0.001,1000.0,0.5,30.0,195.86,0.49615,-0.177,0.36631,0.00232,0.71186
230.44,ETH-27SEP19,1565175543438,open,1.11,0.0,1.025,1.165,1.091874,110.68,None,0.0,ETH-27SEP19-480-P,226.16,0.0,0.0,0.0,0.0,0.0,0.0,0.10021,-0.10901,-0.65318,0.00122,-0.94169
233.19,ETH-27DEC19,1565175543438,open,0.4,0.0,0.351,0.439,0.400141,101.22,None,0.0,ETH-27DEC19-160-C,226.16,0.0,0.002,100.0,0.98,5.0,500.0,0.38251,-0.13644,0.37987,0.00179,0.81923
230.44,ETH-27SEP19,1565175543438,open,0.0,2060.0,0.001,0.011,0.001082,124.97,0.003,0.0,ETH-27SEP19-80-P,226.16,0.0,0.0,0.0,0.005,300.0,158.72,0.01505,-0.01848,-0.00234,0.00016,-0.00619
230.44,ETH-27SEP19,1565175543438,open,0.77,79.0,0.693,0.823,0.756628,108.27,0.351,0.0,ETH-27SEP19-400-P,226.16,0.0,0.0,0.0,0.0,0.0,0.0,0.17471,-0.18591,-0.52485,0.00218,-0.87741
230.44,ETH-27SEP19,1565175543438,open,1.8,0.0,1.698,1.867,1.779056,112.99,None,0.0,ETH-27SEP19-640-P,226.16,0.0,0.0,0.0,0.0,0.0,0.0,0.02982,-0.03312,-0.88828,0.00036,-0.98646
230.44,ETH-27SEP19,1565175543438,open,0.4,191.0,0.379,0.43,0.405165,101.16,0.5,0.0,ETH-27SEP19-140-C,226.16,0.0,0.0,0.0,0.0,0.0,0.0,0.11004,-0.1094,0.16995,0.00147,0.93426
230.44,ETH-27SEP19,1565175543438,open,1.63,27.0,1.529,1.691,1.606288,112.37,1.044,0.0,ETH-27SEP19-600-P,226.16,0.0,0.0,0.0,0.0,0.0,0.0,0.04018,-0.04437,-0.83098,0.00048,-0.98083
233.19,ETH-27DEC19,1565175543438,open,0.67,242.0,0.572,0.741,0.660646,103.66,0.61,0.0,ETH-27DEC19-360-P,226.16,81.82,0.612,110.0,1.59,1.0,500.0,0.54577,-0.19938,-1.17564,0.00249,-0.63638
228.1,SYN.ETH-30AUG19,1565175543438,open,0.3,0.0,0.279,0.33,0.305506,98.59,None,0.0,ETH-30AUG19-160-C,226.16,0.0,0.0,0.0,0.0,0.0,0.0,0.06746,-0.14538,0.0908,0.0021,0.94063
230.41,ETH-27SEP19,1565175543439,open,0.3,1112.0,0.235,0.352,0.297016,102.73,0.294,0.0,ETH-27SEP19-280-P,226.16,86.13,0.274,110.0,0.0,0.0,0.0,0.32642,-0.32957,-0.29585,0.00429,-0.62417
233.16,ETH-27DEC19,1565175543439,open,2.3,0.0,2.171,2.398,2.279877,109.82,None,0.0,ETH-27DEC19-760-P,226.16,0.0,0.001,100.0,0.0,0.0,0.0,0.22276,-0.08622,-2.89706,0.00096,-0.91672
233.16,ETH-27DEC19,1565175543439,open,1.46,0.0,1.35,1.545,1.446155,107.23,0.845,0.0,ETH-27DEC19-560-P,226.16,0.0,0.0,0.0,0.0,0.0,0.0,0.36007,-0.13608,-2.06789,0.00159,-0.83555
228.1,SYN.ETH-30AUG19,1565175543438,open,0.77,0.0,0.704,0.814,0.756287,109.48,None,0.0,ETH-30AUG19-400-P,226.16,0.0,0.0,0.0,0.0,0.0,0.0,0.0366,-0.08759,-0.24708,0.00103,-0.97208
230.41,ETH-27SEP19,1565175543439,open,1.97,0.0,1.866,2.044,1.952137,109.6,None,0.0,ETH-27SEP19-680-P,226.16,0.0,0.0,0.0,0.0,0.0,0.0,0.01748,-0.01883,-0.94575,0.00022,-0.99266
233.16,ETH-27DEC19,1565175543439,open,1.96,0.0,1.84,2.054,1.943532,108.71,None,0.0,ETH-27DEC19-680-P,226.16,0.0,0.0,0.0,0.0,0.0,0.0,0.26871,-0.10295,-2.57035,0.00117,-0.89258
230.41,ETH-27SEP19,1565175543439,open,0.45,497.0,0.376,0.5,0.439654,104.59,0.51,0.0,ETH-27SEP19-320-P,226.16,73.54,0.407,110.0,0.455,5.0,116.84,0.27855,-0.28631,-0.37913,0.0036,-0.74085
233.16,ETH-27DEC19,1565175543440,open,0.82,16.0,0.719,0.894,0.809921,104.43,1.195,0.0,ETH-27DEC19-400-P,226.16,74.64,0.752,110.0,1.49,1.0,435.75,0.51091,-0.18804,-1.36178,0.00232,-0.69266
230.41,ETH-27SEP19,1565175543440,open,0.65,0.0,0.643,0.665,0.65389,125.18,None,0.0,ETH-27SEP19-80-C,226.16,0.0,0.003,10.0,0.0,0.0,0.0,0.01519,-0.01869,0.10915,0.00016,0.99374
230.41,ETH-27SEP19,1565175543440,open,1.45,24.0,1.36,1.514,1.433687,109.14,1.356,0.0,ETH-27SEP19-560-P,226.16,0.0,0.0,0.0,0.0,0.0,0.0,0.04874,-0.05229,-0.77386,0.0006,-0.9759
230.41,ETH-27SEP19,1565175543440,open,0.56,0.0,0.553,0.582,0.567514,105.06,None,0.0,ETH-27SEP19-100-C,226.16,0.0,0.003,10.0,0.0,0.0,0.0,0.02304,-0.02379,0.13567,0.0003,0.98994
230.41,ETH-27SEP19,1565175543440,open,0.0,739.0,0.001,0.011,0.000133,125.0,0.001,0.0,ETH-27SEP19-60-P,226.16,0.0,0.0,0.0,0.002,550.0,171.24,0.00267,-0.00328,-0.00034,3e-05,-0.00091
233.16,ETH-27DEC19,1565175543440,open,1.3,37.0,1.188,1.379,1.283179,106.63,0.707,0.0,ETH-27DEC19-520-P,226.16,0.0,0.002,25.0,0.0,0.0,0.0,0.39578,-0.14873,-1.8961,0.00176,-0.80897
226.93,SYN.ETH-16AUG19,1565175543438,open,0.17,0.0,0.12,0.206,0.164081,101.67,None,0.0,ETH-16AUG19-260-P,226.16,0.0,0.0,0.0,0.0,0.0,0.0,0.10425,-0.59709,-0.0522,0.00819,-0.78193
230.41,ETH-27SEP19,1565175543441,open,0.69,259.0,0.611,0.74,0.674804,107.11,0.94,0.0,ETH-27SEP19-380-P,226.16,0.0,0.009,8.0,0.0,0.0,0.0,0.19752,-0.20793,-0.49079,0.00249,-0.8534
228.1,SYN.ETH-30AUG19,1565175543439,open,0.27,0.0,0.21,0.31,0.260947,101.68,None,0.0,ETH-30AUG19-280-P,226.16,0.0,0.0,0.0,0.0,0.0,0.0,0.18102,-0.4023,-0.14469,0.00546,-0.75114
228.1,SYN.ETH-30AUG19,1565175543438,open,0.51,0.0,0.45,0.552,0.499358,104.55,None,0.0,ETH-30AUG19-340-P,226.16,0.0,0.0,0.0,0.0,0.0,0.0,0.08621,-0.19701,-0.20267,0.00253,-0.91835
228.1,SYN.ETH-30AUG19,1565175543438,open,0.34,0.0,0.286,0.387,0.336563,102.43,None,0.0,ETH-30AUG19-300-P,226.16,0.0,0.0,0.0,0.0,0.0,0.0,0.14642,-0.32782,-0.16626,0.00438,-0.82646
226.35,SYN.ETH-9AUG19,1565175543438,open,0.16,200.0,0.135,0.187,0.160937,111.04,0.175,0.0,ETH-9AUG19-190-C,226.16,0.0,0.0,0.0,0.0,0.0,0.0,0.00528,-0.15628,0.00961,0.00181,0.98742
228.1,SYN.ETH-30AUG19,1565175543439,open,0.23,757.0,0.196,0.26,0.230565,98.71,0.25,0.0,ETH-30AUG19-180-C,226.16,63.15,0.215,120.0,0.0,0.0,0.0,0.12687,-0.27372,0.09004,0.00394,0.86037
226.35,SYN.ETH-9AUG19,1565175543438,open,0.0,258.0,0.001,0.011,0.000135,125.05,0.002,0.0,ETH-9AUG19-180-P,226.16,0.0,0.0,0.0,0.002,300.0,184.68,0.0022,-0.03045,-6e-05,0.00067,-0.00465
228.1,SYN.ETH-30AUG19,1565175543440,open,0.59,0.0,0.534,0.638,0.58404,106.06,None,0.0,ETH-30AUG19-360-P,226.16,0.0,0.0,0.0,0.0,0.0,0.0,0.06479,-0.15021,-0.21839,0.00187,-0.9436
11861.48,BTC-27SEP19,1565175543836,open,0.11,152.6,0.0675,0.1495,0.10999784,100.54,0.106,0.0,BTC-27SEP19-11000-P,11628.27,97.64,0.106,19.3,0.113,10.4,102.71,16.38225,-16.1868,-7.58542,8e-05,-0.3488
12058.65,BTC-27DEC19,1565175543847,open,0.02,384.9,0.0055,0.0525,0.02387028,107.44,0.027,0.0,BTC-27DEC19-36000-C,11628.27,105.16,0.0215,10.0,0.026,6.0,109.38,12.91806,-4.8912,3.43492,2e-05,0.09715
11861.32,BTC-27SEP19,1565175543848,open,0.08,307.9,0.038,0.1065,0.07247073,100.54,0.074,0.0,BTC-27SEP19-10000-P,11628.27,97.25,0.0685,19.3,0.0735,12.1,101.39,14.37239,-14.20118,-5.50158,7e-05,-0.26029
12058.49,BTC-27DEC19,1565175543858,open,0.3,169.3,0.226,0.353,0.29317404,99.2,0.2885,0.0,BTC-27DEC19-13000-P,11628.27,96.88,0.2875,3.6,0.2995,8.6,101.79,29.46883,-10.3021,-33.68852,5e-05,-0.42557
11861.48,BTC-27SEP19,1565175543863,open,0.07,418.9,0.0335,0.107,0.07043371,102.59,0.07,0.0,BTC-27SEP19-15000-C,11628.27,99.69,0.0665,19.3,0.0735,32.3,104.83,16.16576,-16.29901,4.40271,8e-05,0.33673
12058.01,BTC-27DEC19,1565175543873,open,0.02,344.2,0.0035,0.0425,0.01792606,108.38,0.02,0.0,BTC-27DEC19-40000-C,11628.27,106.14,0.016,10.0,0.02,10.0,110.65,10.68317,-4.08046,2.69302,2e-05,0.07538
11861.48,BTC-27SEP19,1565175543873,open,0.07,418.9,0.0335,0.107,0.07043371,102.59,0.07,0.0,BTC-27SEP19-15000-C,11628.27,100.06,0.067,13.0,0.0735,32.3,104.83,16.16576,-16.29901,4.40271,8e-05,0.33673
12058.49,BTC-27DEC19,1565175543874,open,0.27,580.1,0.221,0.327,0.27864725,99.24,0.28,0.0,BTC-27DEC19-11000-C,11628.27,95.83,0.271,10.0,0.2815,15.0,100.51,27.00794,-9.44561,18.64645,5e-05,0.67647
11861.48,BTC-27SEP19,1565175543876,open,0.16,80.3,0.1075,0.1995,0.15563754,100.53,0.1505,0.0,BTC-27SEP19-12000-P,11628.27,98.4,0.1525,14.4,0.1615,14.4,104.52,17.45114,-17.24175,-9.81025,9e-05,-0.43773
11861.48,BTC-27SEP19,1565175543886,open,0.07,418.9,0.0335,0.107,0.07043371,102.59,0.07,0.0,BTC-27SEP19-15000-C,11628.27,100.06,0.067,13.0,0.0735,13.0,104.83,16.16576,-16.29901,4.40271,8e-05,0.33673
12058.49,BTC-27DEC19,1565175543896,open,0.42,8.6,0.3405,0.479,0.41322857,100.24,0.386,0.0,BTC-27DEC19-15000-P,11628.27,97.54,0.4065,3.6,0.4205,3.6,103.17,29.97208,-10.58854,-43.49178,5e-05,-0.51467
11637.04,SYN.BTC-9AUG19,1565175543897,open,0.09,4.8,0.0535,0.11,0.08117823,104.4,0.085,0.0,BTC-9AUG19-12500-P,11628.27,78.67,0.077,0.1,0.084,6.1,118.64,2.18288,-60.75004,-0.53939,0.0003,-0.8208
11860.94,BTC-27SEP19,1565175544066,open,1.22,0.0,1.15,1.252,1.19798916,108.51,None,0.0,BTC-27SEP19-26000-P,11628.27,0.0,0.0,0.0,0.0,0.0,0.0,3.92376,-4.18455,-35.6537,2e-05,-0.9586
12058.01,BTC-27DEC19,1565175544078,open,2.69,0.0,2.5805,2.7545,2.66232019,108.65,3.46,0.0,BTC-27DEC19-44000-P,11628.27,0.0,0.0,0.0,0.0,0.0,0.0,8.71236,-3.33587,-168.93599,1e-05,-0.94207
12058.01,BTC-27DEC19,1565175544132,open,3.36,1.0,3.2295,3.421,3.32026661,109.43,4.454,0.0,BTC-27DEC19-52000-P,11628.27,0.0,0.001,1.0,0.0,0.0,0.0,5.92433,-2.28479,-200.80868,1e-05,-0.96415
11637.04,SYN.BTC-9AUG19,1565175544317,open,0.06,301.2,0.037,0.088,0.06314432,99.06,0.064,0.0,BTC-9AUG19-11000-C,11628.27,90.72,0.0615,6.0,0.067,0.1,117.16,2.36168,-62.36603,0.4384,0.00034,0.79624
11861.32,BTC-27SEP19,1565175544317,open,0.08,307.9,0.038,0.1065,0.07250752,100.54,0.074,0.0,BTC-27SEP19-10000-P,11628.27,97.67,0.069,19.3,0.0735,12.1,101.39,14.37239,-14.20118,-5.50158,7e-05,-0.26029
12058.01,BTC-27DEC19,1565175544426,open,0.49,63.0,0.4685,0.526,0.49774452,99.24,0.4965,0.0,BTC-27DEC19-6500-C,11628.23,0.0,0.355,1.0,0.9555,2.0,500.0,12.74766,-4.4583,19.06816,2e-05,0.90458
11860.94,BTC-27SEP19,1565175544426,open,0.0,681.9,0.0005,0.0125,0.00278235,110.75,0.0025,0.0,BTC-27SEP19-30000-C,11628.23,102.4,0.0015,39.0,0.004,39.0,116.5,2.21635,-2.41233,0.29784,1e-05,0.0208
11860.94,BTC-27SEP19,1565175544426,open,0.58,789.2,0.5705,0.5915,0.58019582,110.64,0.5015,0.0,BTC-27SEP19-5000-C,11628.23,0.0,0.051,1.0,0.6625,5.0,300.14,1.26097,-1.37114,6.76202,1e-05,0.98921
11860.94,BTC-27SEP19,1565175544426,open,0.0,49.2,0.0005,0.0105,0.00019807,125.0,0.0015,0.0,BTC-27SEP19-3250-P,11628.23,0.0,0.0,0.0,0.0025,15.0,170.69,0.19189,-0.23573,-0.02505,0.0,-0.00132
12058.01,BTC-27DEC19,1565175544427,open,0.77,5.7,0.681,0.8295,0.7563223,102.62,0.661,0.0,BTC-27DEC19-20000-P,11628.23,0.0,0.02,1.0,1.466,1.0,460.56,26.84246,-9.70765,-67.37497,5e-05,-0.68118
12058.01,BTC-27DEC19,1565175544427,open,0.01,201.3,0.0025,0.0345,0.01348659,108.91,0.0185,0.0,BTC-27DEC19-44000-C,11628.23,106.8,0.012,10.0,0.015,4.0,110.92,8.78785,-3.37301,2.11319,1e-05,0.05857
12058.01,BTC-27DEC19,1565175544427,open,0.05,159.9,0.0195,0.0955,0.05430537,104.66,0.0575,0.0,BTC-27DEC19-26000-C,11628.23,103.02,0.0515,10.0,0.057,4.9,106.2,20.87421,-7.69912,6.70166,4e-05,0.19729
11860.94,BTC-27SEP19,1565175544427,open,0.79,55.9,0.7795,0.799,0.78925689,128.26,0.689,0.0,BTC-27SEP19-2500-C,11628.23,0.0,0.004,10.0,0.895,5.0,500.0,0.03989,-0.05028,3.48012,0.0,0.99976
11860.94,BTC-27SEP19,1565175544427,open,0.7,261.1,0.6955,0.715,0.70526575,125.25,0.714,0.0,BTC-27SEP19-3500-C,11628.23,0.0,0.161,1.0,0.7435,10.1,300.27,0.30973,-0.38126,4.83583,0.0,0.99777
11860.94,BTC-27SEP19,1565175544427,open,0.89,0.2,0.822,0.921,0.86876038,106.68,1.391,0.0,BTC-27SEP19-22000-P,11628.23,0.0,0.004,10.0,0.0,0.0,0.0,7.08365,-7.42707,-29.43699,3e-05,-0.9118
11668.93,SYN.BTC-16AUG19,1565175544426,open,0.0,77.8,0.0005,0.0115,0.00151228,106.28,0.0015,0.0,BTC-16AUG19-8500-P,11628.23,99.48,0.001,8.6,0.002,30.1,111.54,0.99291,-5.94497,-0.06966,3e-05,-0.02304
11668.93,SYN.BTC-16AUG19,1565175544426,open,0.01,88.9,0.0015,0.0305,0.01264713,101.15,0.012,0.0,BTC-16AUG19-10000-P,11628.23,94.93,0.0105,30.0,0.0135,30.0,103.52,4.15066,-23.65149,-0.44781,0.00012,-0.14517
11860.94,BTC-27SEP19,1565175544428,open,0.34,884.9,0.322,0.3745,0.34866722,100.61,0.3425,0.0,BTC-27SEP19-8000-C,11628.23,0.0,0.14,2.0,0.4775,2.0,239.85,8.22729,-8.13462,8.97965,4e-05,0.89182
12058.01,BTC-27DEC19,1565175544428,open,0.01,989.2,0.0005,0.024,0.00800943,109.89,0.007,0.0,BTC-27DEC19-52000-C,11628.23,107.79,0.007,10.0,0.009,4.0,111.8,6.0364,-2.33783,1.34378,1e-05,0.03668
11860.94,BTC-27SEP19,1565175544428,open,0.01,467.2,0.0025,0.033,0.01399311,106.79,0.0175,0.0,BTC-27SEP19-22000-C,11628.23,103.32,0.012,39.0,0.0155,39.0,109.24,7.09953,-7.45077,1.2312,3e-05,0.08846
11860.94,BTC-27SEP19,1565175544428,open,0.83,28.2,0.8215,0.841,0.8313877,133.15,0.755,0.0,BTC-27SEP19-2000-C,11628.23,0.0,0.01,1.0,0.9095,5.0,500.0,0.01156,-0.01512,2.78651,0.0,0.99994
11860.94,BTC-27SEP19,1565175544428,open,0.74,225.7,0.7375,0.757,0.74718647,126.16,0.693,0.0,BTC-27SEP19-3000-C,11628.23,0.0,0.004,20.0,0.881,5.0,500.0,0.12217,-0.15148,4.16631,0.0,0.99919
12058.01,BTC-27DEC19,1565175544428,open,2.36,0.0,2.257,2.4235,2.33521419,108.37,2.58,0.0,BTC-27DEC19-40000-P,11628.23,0.0,0.005,1.0,0.0,0.0,0.0,10.68019,-4.07895,-152.78807,2e-05,-0.92464
12058.01,BTC-27DEC19,1565175544428,open,0.15,270.3,0.092,0.204,0.15124929,100.93,0.1485,0.0,BTC-27DEC19-16000-C,11628.23,99.2,0.147,10.0,0.156,14.0,102.85,29.71948,-10.57089,13.83091,5e-05,0.44634
12058.01,BTC-27DEC19,1565175544428,open,0.0,98.9,0.0005,0.011,0.00106754,124.88,0.001,0.0,BTC-27DEC19-2000-P,11628.23,113.87,0.0005,6.2,0.0025,10.0,140.97,0.79012,-0.34773,-0.21408,0.0,-0.0035
11860.94,BTC-27SEP19,1565175544428,open,1.39,0.0,1.3155,1.4205,1.36483537,110.15,None,0.0,BTC-27SEP19-28000-P,11628.23,0.0,0.0,0.0,0.0,0.0,0.0,2.99988,-3.24744,-38.6031,1e-05,-0.97016
11860.94,BTC-27SEP19,1565175544429,open,1.05,0.2,0.986,1.085,1.0324704,107.65,1.6,0.0,BTC-27SEP19-24000-P,11628.23,0.0,0.0,0.0,0.0,0.0,0.0,5.2913,-5.5978,-32.60581,3e-05,-0.93976
11860.94,BTC-27SEP19,1565175544428,open,0.0,1660.1,0.0005,0.0105,1.6e-07,125.0,0.0005,0.0,BTC-27SEP19-1500-P,11628.23,0.0,0.0,0.0,0.001,92.1,238.45,0.00033,-0.00041,-3e-05,0.0,0.0
12058.01,BTC-27DEC19,1565175544428,open,0.87,0.1,0.866,0.8855,0.87590224,125.17,0.84,0.0,BTC-27DEC19-1500-C,11628.23,0.0,0.019,1.2,0.9,0.1,270.5,0.2769,-0.12215,5.76472,0.0,0.9989
11636.86,SYN.BTC-9AUG19,1565175544426,open,0.35,0.0,0.3425,0.368,0.35550606,181.24,None,0.0,BTC-9AUG19-7500-C,11628.23,0.0,0.0,0.0,0.0,0.0,0.0,0.00878,-0.42415,0.38524,0.0,0.99972
11860.94,BTC-27SEP19,1565175544429,open,0.0,405.8,0.0005,0.0105,2.317e-05,125.0,0.0005,0.0,BTC-27SEP19-2500-P,11628.23,0.0,0.0,0.0,0.0025,15.0,204.15,0.03021,-0.03711,-0.00334,0.0,-0.00018
11860.94,BTC-27SEP19,1565175544429,open,0.49,713.5,0.4845,0.5125,0.49798767,101.69,0.362,0.0,BTC-27SEP19-6000-C,11628.23,0.0,0.008,10.0,0.7585,0.3,499.53,2.46398,-2.46248,7.90966,1e-05,0.97642
12057.97,BTC-27DEC19,1565175544429,open,0.0,154.5,0.0005,0.0125,0.00299472,100.72,0.004,0.0,BTC-27DEC19-3500-P,11628.23,90.75,0.0015,16.0,0.0045,10.0,107.94,2.2097,-0.78433,-0.6648,0.0,-0.01119
11668.93,SYN.BTC-16AUG19,1565175544426,open,0.19,0.0,0.14,0.2115,0.17550684,106.37,0.195,0.0,BTC-16AUG19-13500-P,11628.23,0.0,0.01,1.0,0.0,0.0,0.0,5.28901,-31.69302,-2.73094,0.00015,-0.78693
12057.97,BTC-27DEC19,1565175544429,open,0.56,59.3,0.5425,0.585,0.56352552,99.22,0.51,0.0,BTC-27DEC19-5500-C,11628.23,0.0,0.255,1.0,0.9595,5.0,500.0,8.63155,-3.01819,17.77396,2e-05,0.94275
12057.97,BTC-27DEC19,1565175544429,open,0.04,288.0,0.0115,0.074,0.03827524,105.84,0.0435,0.0,BTC-27DEC19-30000-C,11628.23,103.87,0.0355,16.0,0.0405,6.0,107.38,17.25794,-6.43743,5.07514,3e-05,0.14656
11668.93,SYN.BTC-16AUG19,1565175544426,open,0.23,0.0,0.2135,0.2515,0.23161297,101.26,None,0.0,BTC-16AUG19-9000-C,11628.23,0.0,0.01,1.0,0.0,0.0,0.0,1.64357,-9.37579,2.06004,5e-05,0.95761
12057.97,BTC-27DEC19,1565175544430,open,0.67,27.2,0.663,0.6855,0.67337787,99.22,0.65,0.0,BTC-27DEC19-4000-C,11628.23,0.0,0.45,1.0,0.966,1.0,500.0,3.35505,-1.17318,14.45686,1e-05,0.98183
11860.9,BTC-27SEP19,1565175544430,open,0.6,13.5,0.591,0.6105,0.60077229,111.21,0.382,0.0,BTC-27SEP19-4750-C,11628.23,0.0,0.004,10.0,0.6745,5.0,299.31,0.96445,-1.05414,6.46888,0.0,0.99206
11860.9,BTC-27SEP19,1565175544431,open,0.0,1065.6,0.0005,0.011,0.00131774,124.73,0.001,0.0,BTC-27SEP19-4250-P,11628.23,110.37,0.0005,3.0,0.0015,16.0,127.01,0.90718,-1.11204,-0.14426,0.0,-0.00741
11860.9,BTC-27SEP19,1565175544431,open,0.68,0.0,0.6745,0.694,0.68440441,125.02,None,0.0,BTC-27SEP19-3750-C,11628.23,0.0,0.004,10.0,0.729,10.0,300.39,0.46096,-0.56637,5.1603,0.0,0.99654
11636.86,SYN.BTC-9AUG19,1565175544426,open,0.18,52.0,0.167,0.202,0.18396965,125.6,0.219,0.0,BTC-9AUG19-9500-C,11628.23,0.0,0.065,0.1,0.0,0.0,0.0,0.23722,-7.94233,0.48155,3e-05,0.98923
11636.86,SYN.BTC-9AUG19,1565175544426,open,0.0,399.1,0.0005,0.0105,1e-08,125.0,0.0005,0.0,BTC-9AUG19-7500-P,11628.23,0.0,0.0,0.0,0.0005,14.0,262.63,2e-05,-8e-05,0.0,0.0,0.0
11668.93,SYN.BTC-16AUG19,1565175544426,open,0.15,0.0,0.1035,0.177,0.14083499,105.75,0.164,0.0,BTC-16AUG19-13000-P,11628.23,0.0,0.0,0.0,0.0,0.0,0.0,6.16161,-36.70473,-2.43285,0.00018,-0.71655
11668.93,SYN.BTC-16AUG19,1565175544426,open,0.34,0.0,0.3025,0.3665,0.33229233,109.78,0.345,0.0,BTC-16AUG19-15500-P,11628.23,0.0,0.0,0.0,0.0,0.0,0.0,2.10695,-13.02957,-3.61622,6e-05,-0.94213
11636.86,SYN.BTC-9AUG19,1565175544426,open,0.13,12.5,0.0955,0.1475,0.11959643,104.72,0.117,0.0,BTC-9AUG19-13000-P,11628.23,0.0,0.0,0.0,0.0,0.0,0.0,1.18341,-33.03538,-0.62455,0.00016,-0.92479
11636.86,SYN.BTC-9AUG19,1565175544426,open,0.17,0.0,0.1375,0.1875,0.16087944,105.75,None,0.0,BTC-9AUG19-13500-P,11628.23,0.0,0.01,1.0,0.0,0.0,0.0,0.52576,-14.82151,-0.67785,7e-05,-0.97264
11733.06,SYN.BTC-30AUG19,1565175544429,open,0.4,0.0,0.3915,0.4205,0.40538641,105.98,None,0.0,BTC-30AUG19-7000-C,11628.23,0.0,0.01,1.0,0.0,0.0,0.0,1.34897,-3.12489,4.23428,1e-05,0.98121
11636.86,SYN.BTC-9AUG19,1565175544426,open,0.0,139.4,0.0005,0.0105,2.3e-07,125.0,0.0005,0.0,BTC-9AUG19-8000-P,11628.23,0.0,0.0,0.0,0.0005,5.2,227.68,0.00044,-0.00271,-1e-05,0.0,-1e-05
11636.86,SYN.BTC-9AUG19,1565175544426,open,0.31,3.0,0.2985,0.326,0.31254002,156.99,0.2975,0.0,BTC-9AUG19-8000-C,11628.23,0.0,0.0,0.0,0.0,0.0,0.0,0.01077,-0.45082,0.41089,0.0,0.99965
11668.93,SYN.BTC-16AUG19,1565175544426,open,0.0,20.0,0.0005,0.0105,0.00020536,125.0,0.0005,0.0,BTC-16AUG19-7000-P,11628.23,0.0,0.0,0.0,0.001,40.0,151.78,0.18001,-1.26756,-0.00987,0.0,-0.00327
11733.06,SYN.BTC-30AUG19,1565175544430,open,0.0,590.0,0.0005,0.011,0.00121639,124.21,0.001,0.0,BTC-30AUG19-6000-P,11628.23,110.61,0.0005,5.0,0.002,10.5,133.8,0.80902,-2.19644,-0.0853,1e-05,-0.01038
11733.06,SYN.BTC-30AUG19,1565175544429,open,0.02,246.7,0.004,0.041,0.01920644,107.34,0.0185,0.0,BTC-30AUG19-16000-C,11628.23,105.28,0.018,0.5,0.0205,29.3,109.49,6.96609,-16.34381,0.99039,8e-05,0.15389
11668.93,SYN.BTC-16AUG19,1565175544427,open,0.26,0.0,0.2195,0.286,0.25117065,107.47,0.256,0.0,BTC-16AUG19-14500-P,11628.23,0.0,0.01,1.0,0.0,0.0,0.0,3.4812,-21.07578,-3.23048,0.0001,-0.88731
11636.86,SYN.BTC-9AUG19,1565175544426,open,0.0,42.1,0.0005,0.0105,0.00069081,124.68,0.0015,0.0,BTC-9AUG19-14000-C,11628.23,0.0,0.0,0.0,0.0015,20.6,141.52,0.42928,-8.03891,0.01244,5e-05,0.02149
11636.86,SYN.BTC-9AUG19,1565175544427,open,0.26,0.0,0.222,0.2735,0.24625194,123.77,None,0.0,BTC-9AUG19-14500-P,11628.23,0.0,0.0,0.0,0.0,0.0,0.0,0.17176,-5.6671,-0.74081,2e-05,-0.99255
11733.06,SYN.BTC-30AUG19,1565175544426,open,0.01,629.9,0.0005,0.017,0.00633781,102.71,0.006,0.0,BTC-30AUG19-8000-P,11628.23,99.5,0.0055,5.0,0.007,10.0,105.11,3.16562,-7.10701,-0.43518,4e-05,-0.05284
11668.93,SYN.BTC-16AUG19,1565175544426,open,0.0,91.8,0.0005,0.0155,0.00400465,109.92,0.003,0.0,BTC-16AUG19-15500-C,11628.23,100.51,0.0025,30.0,0.005,30.0,115.08,2.11462,-13.09437,0.1536,6e-05,0.05814
11733.06,SYN.BTC-30AUG19,1565175544428,open,0.04,626.6,0.014,0.064,0.03767894,101.64,0.037,0.0,BTC-30AUG19-10000-P,11628.23,98.05,0.035,19.3,0.0365,6.2,100.07,8.81005,-19.57309,-1.93182,0.0001,-0.22503
11636.86,SYN.BTC-9AUG19,1565175544426,open,0.0,164.1,0.0005,0.0105,0.00032865,124.99,0.0005,0.0,BTC-9AUG19-9500-P,11628.23,132.43,0.0005,9.5,0.001,22.0,147.39,0.23139,-3.8245,-0.00646,3e-05,-0.01047
11733.06,SYN.BTC-30AUG19,1565175544429,open,0.02,597.5,0.004,0.035,0.01703763,101.65,0.015,0.0,BTC-30AUG19-9000-P,11628.23,98.55,0.0155,24.0,0.0165,5.3,100.57,5.91481,-13.14109,-1.01603,7e-05,-0.12113
11668.93,SYN.BTC-16AUG19,1565175544426,open,0.15,16.5,0.129,0.1815,0.15568734,101.2,0.174,0.0,BTC-16AUG19-10000-C,11628.23,0.0,0.1115,0.1,0.0,0.0,0.0,4.15253,-23.6733,1.98356,0.00012,0.85473
11636.86,SYN.BTC-9AUG19,1565175544427,open,0.0,15.7,0.0005,0.0105,0.0,125.0,0.0005,0.0,BTC-9AUG19-6500-P,11628.23,0.0,0.0,0.0,0.0,0.0,0.0,0.0,0.0,0.0,0.0,0.0
11733.06,SYN.BTC-30AUG19,1565175544427,open,0.24,21.1,0.224,0.2755,0.24999671,101.69,0.2905,0.0,BTC-30AUG19-9000-C,11628.23,0.0,0.1,0.2,0.265,5.0,128.29,5.91759,-13.15303,4.6238,7e-05,0.87879
11733.06,SYN.BTC-30AUG19,1565175544429,open,0.03,240.8,0.008,0.0545,0.02872449,106.19,0.028,0.0,BTC-30AUG19-15000-C,11628.23,103.1,0.0265,19.3,0.0305,29.3,108.6,8.56967,-19.89018,1.36568,9e-05,0.21444
11733.06,SYN.BTC-30AUG19,1565175544430,open,0.13,200.1,0.094,0.1655,0.13246135,101.67,0.148,0.0,BTC-30AUG19-11000-C,11628.23,100.1,0.131,14.4,0.139,19.4,108.7,10.89896,-24.2203,3.7932,0.00012,0.6483
11668.93,SYN.BTC-16AUG19,1565175544426,open,0.27,0.0,0.257,0.291,0.27309646,106.45,None,0.0,BTC-16AUG19-8500-C,11628.23,0.0,0.0,0.0,0.0,0.0,0.0,0.99869,-5.98908,1.99679,3e-05,0.9768
11860.94,BTC-27SEP19,1565175544442,open,0.02,636.6,0.005,0.045,0.02161204,105.38,0.0225,0.0,BTC-27SEP19-20000-C,11628.23,103.29,0.02,0.1,0.023,0.1,107.12,9.31528,-9.64714,1.7746,5e-05,0.12895
11860.94,BTC-27SEP19,1565175544515,open,0.11,263.6,0.069,0.1525,0.11329574,101.02,0.112,0.0,BTC-27SEP19-13000-C,11628.23,98.13,0.109,26.2,0.117,16.8,103.51,17.63972,-17.51338,6.03357,9e-05,0.47825
228.07,SYN.ETH-30AUG19,1565175544574,open,0.0,773.0,0.001,0.012,0.002499,104.78,0.003,0.0,ETH-30AUG19-140-P,226.15,90.72,0.001,1.0,0.004,500.0,114.22,0.03135,-0.07179,-0.00367,0.00092,-0.02321
226.32,SYN.ETH-9AUG19,1565175544850,open,0.0,741.0,0.001,0.016,0.003011,101.63,0.017,0.0,ETH-9AUG19-250-C,226.15,79.85,0.001,252.0,0.005,918.0,116.46,0.02674,-0.68416,0.00103,0.01,0.09182
11860.94,BTC-27SEP19,1565175544854,open,0.11,152.6,0.0675,0.1495,0.11004855,100.56,0.106,0.0,BTC-27SEP19-11000-P,11628.23,97.99,0.1065,19.3,0.113,10.4,102.7,16.3823,-16.19032,-7.58667,8e-05,-0.34885
12058.01,BTC-27DEC19,1565175544864,open,0.3,169.3,0.226,0.3535,0.2932361,99.21,0.2885,0.0,BTC-27DEC19-13000-P,11628.23,97.07,0.288,3.6,0.2995,8.6,101.78,29.46769,-10.30312,-33.69017,5e-05,-0.42557
11733.06,SYN.BTC-30AUG19,1565175544897,open,0.13,200.1,0.094,0.1655,0.13246135,101.67,0.148,0.0,BTC-30AUG19-11000-C,11628.23,99.56,0.1305,14.4,0.139,19.4,108.7,10.89896,-24.2203,3.7932,0.00012,0.6483
12058.01,BTC-27DEC19,1565175544906,open,0.3,169.3,0.226,0.3535,0.2932361,99.21,0.2885,0.0,BTC-27DEC19-13000-P,11628.23,97.07,0.288,3.6,0.2995,5.0,101.78,29.46769,-10.30312,-33.69017,5e-05,-0.42557
11860.94,BTC-27SEP19,1565175544907,open,0.07,418.9,0.0335,0.107,0.07040785,102.58,0.07,0.0,BTC-27SEP19-15000-C,11628.23,100.07,0.067,13.0,0.0735,32.3,104.84,16.16367,-16.2953,4.40174,8e-05,0.33666
11668.93,SYN.BTC-16AUG19,1565175544913,open,0.09,69.7,0.06,0.1235,0.09395634,101.18,0.098,0.0,BTC-16AUG19-11000-C,11628.23,97.69,0.092,18.0,0.1,18.0,111.88,6.55129,-37.34165,1.648,0.0002,0.67474
11668.93,SYN.BTC-16AUG19,1565175544919,open,0.05,223.5,0.0205,0.081,0.05166949,102.93,0.0505,0.0,BTC-16AUG19-12000-C,11628.23,98.62,0.049,18.0,0.056,28.0,109.92,7.22729,-41.90858,1.16585,0.00021,0.46254
228.07,SYN.ETH-30AUG19,1565175545123,open,0.05,484.0,0.016,0.072,0.043491,98.78,0.041,0.0,ETH-30AUG19-200-P,226.15,93.22,0.039,160.0,0.045,227.0,100.7,0.18384,-0.39693,-0.04285,0.00571,-0.25632
228.07,SYN.ETH-30AUG19,1565175545130,open,0.08,478.0,0.041,0.116,0.080039,98.77,0.075,0.0,ETH-30AUG19-220-P,226.15,92.56,0.074,280.0,0.081,162.0,99.83,0.21967,-0.47422,-0.06773,0.00682,-0.39383
230.41,ETH-27SEP19,1565175545136,open,0.1,1702.0,0.058,0.143,0.104658,102.17,0.101,0.0,ETH-27SEP19-260-C,226.15,99.01,0.1,110.0,0.11,209.0,105.78,0.34046,-0.34187,0.11086,0.0045,0.44986
226.9,SYN.ETH-16AUG19,1565175545145,open,0.03,49.0,0.006,0.055,0.028679,97.8,0.03,0.0,ETH-16AUG19-210-P,226.15,86.88,0.023,426.0,0.03,226.0,100.39,0.11904,-0.65585,-0.01701,0.00972,-0.27967
228.07,SYN.ETH-30AUG19,1565175545154,open,0.13,380.0,0.083,0.172,0.129612,99.05,0.126,0.0,ETH-30AUG19-240-P,226.15,91.48,0.122,240.0,0.133,120.0,102.54,0.22703,-0.4915,-0.09463,0.00703,-0.53252
233.15,ETH-27DEC19,1565175545160,open,0.53,101.0,0.433,0.593,0.518724,102.85,0.513,0.0,ETH-27DEC19-320-P,226.15,97.65,0.506,110.0,0.527,30.0,106.24,0.57127,-0.20706,-0.98549,0.00263,-0.56876
226.9,SYN.ETH-16AUG19,1565175545165,open,0.07,601.0,0.038,0.108,0.076336,98.0,0.083,0.0,ETH-16AUG19-220-C,226.15,93.97,0.074,150.0,0.083,150.0,109.0,0.13579,-0.74962,0.02942,0.01107,0.6097
226.9,SYN.ETH-16AUG19,1565175545170,open,0.05,25.0,0.015,0.078,0.04592,97.78,0.055,0.0,ETH-16AUG19-220-P,226.15,87.97,0.04,200.0,0.047,179.0,99.68,0.13578,-0.74792,-0.02406,0.01109,-0.3902
226.9,SYN.ETH-16AUG19,1565175545175,open,0.04,224.0,0.01,0.068,0.039619,100.84,0.043,0.0,ETH-16AUG19-240-C,226.15,94.69,0.036,200.0,0.044,403.0,108.05,0.1358,-0.77138,0.01935,0.01076,0.39039
230.41,ETH-27SEP19,1565175545209,open,0.17,994.0,0.12,0.209,0.170208,101.26,0.17,0.0,ETH-27SEP19-220-C,226.15,97.59,0.165,110.0,0.175,120.0,104.64,0.32694,-0.32536,0.14517,0.00436,0.62222
226.32,SYN.ETH-9AUG19,1565175545213,open,0.07,317.0,0.032,0.103,0.067729,93.06,0.073,0.0,ETH-9AUG19-240-P,226.15,58.09,0.062,50.0,0.07,50.0,104.5,0.04523,-1.1219,-0.01011,0.01847,-0.80141
226.32,SYN.ETH-9AUG19,1565175545226,open,0.04,522.0,0.009,0.072,0.04237,92.81,0.053,0.0,ETH-9AUG19-220-C,226.15,87.12,0.041,150.0,0.049,150.0,117.76,0.05826,-1.44132,0.00738,0.02385,0.67679
11860.55,BTC-27SEP19,1565175545426,open,0.62,289.7,0.613,0.6325,0.62251584,124.85,0.588,0.0,BTC-27SEP19-4500-C,11627.96,0.0,0.002,1.1,0.688,5.0,300.44,1.2195,-1.49635,6.06887,0.0,0.98962
11860.55,BTC-27SEP19,1565175545426,open,0.0,391.7,0.0005,0.012,0.00228487,103.61,0.0035,0.0,BTC-27SEP19-5500-P,11627.96,91.81,0.001,49.0,0.0035,44.0,111.27,1.64132,-1.67138,-0.27964,1e-05,-0.01463
12057.48,BTC-27DEC19,1565175545426,open,0.31,526.0,0.263,0.363,0.31724559,99.23,0.3035,0.0,BTC-27DEC19-10000-C,11627.96,92.32,0.303,10.0,0.3185,15.0,99.83,24.87181,-8.69752,19.3284,4e-05,0.72965
12057.48,BTC-27DEC19,1565175545427,open,0.79,0.0,0.784,0.8035,0.79367732,108.78,None,0.0,BTC-27DEC19-2500-C,11627.96,0.0,0.0135,1.1,0.974,0.5,500.0,0.87422,-0.33515,9.4862,0.0,0.99608
12057.21,BTC-27DEC19,1565175545427,open,0.04,100.4,0.015,0.0835,0.04542015,105.27,0.048,0.0,BTC-27DEC19-28000-C,11627.96,103.39,0.0425,14.9,0.048,4.9,106.89,18.99686,-7.04777,5.82189,3e-05,0.16964
11860.55,BTC-27SEP19,1565175545427,open,0.41,748.2,0.401,0.4405,0.42017057,100.61,0.4265,0.0,BTC-27SEP19-7000-C,11627.96,0.0,0.2,1.0,0.458,0.1,162.55,4.97769,-4.92189,8.66429,3e-05,0.94427
12057.21,BTC-27DEC19,1565175545427,open,0.63,6.5,0.622,0.6505,0.63541581,99.27,0.575,0.0,BTC-27DEC19-4500-C,11627.96,0.0,0.012,0.1,0.9635,1.0,500.0,4.91479,-1.71947,15.74671,1e-05,0.97141
12057.21,BTC-27DEC19,1565175545428,open,0.71,4.0,0.703,0.7225,0.71273124,100.82,0.64,0.0,BTC-27DEC19-3500-C,11627.96,0.0,0.0075,0.2,0.78,1.0,228.67,2.21837,-0.78819,12.93645,0.0,0.98876
12057.21,BTC-27DEC19,1565175545427,open,0.62,12.4,0.5385,0.685,0.61376073,101.79,0.559,0.0,BTC-27DEC19-18000-P,11627.96,0.0,0.004,5.0,1.348,0.2,499.79,28.54595,-10.24064,-57.97511,5e-05,-0.62327
11860.55,BTC-27SEP19,1565175545428,open,0.01,142.4,0.0005,0.018,0.00601822,108.81,0.0095,0.0,BTC-27SEP19-26000-C,11627.96,103.86,0.0045,39.0,0.0075,39.0,112.95,3.96321,-4.23826,0.59341,2e-05,0.04191
12057.21,BTC-27DEC19,1565175545429,open,1.71,0.3,1.6125,1.768,1.68623082,106.19,1.875,0.0,BTC-27DEC19-32000-P,11627.96,0.0,0.005,1.0,0.0,0.0,0.0,15.60103,-5.83863,-119.96691,3e-05,-0.87353
11860.55,BTC-27SEP19,1565175545429,open,0.53,221.9,0.5275,0.551,0.53857795,103.72,0.51,0.0,BTC-27SEP19-5500-C,11627.96,76.92,0.5365,3.0,0.827,5.0,500.0,1.64814,-1.6801,7.38514,1e-05,0.9853
12057.21,BTC-27DEC19,1565175545429,open,0.03,143.1,0.009,0.0655,0.03238444,106.32,0.03,0.0,BTC-27DEC19-32000-C,11627.96,104.45,0.03,10.0,0.0345,6.0,107.93,15.64014,-5.86039,4.43078,3e-05,0.12692
11860.55,BTC-27SEP19,1565175545429,open,0.0,325.9,0.0005,0.011,0.00123392,111.04,0.0025,0.0,BTC-27SEP19-4750-P,11627.96,99.04,0.0005,14.0,0.002,39.0,119.07,0.9573,-1.04468,-0.15059,0.0,-0.00788
12057.21,BTC-27DEC19,1565175545429,open,3.03,0.0,2.905,3.0875,2.99107907,108.99,None,0.0,BTC-27DEC19-48000-P,11627.96,0.0,0.0,0.0,6.0,1.0,500.0,7.149,-2.74591,-184.92995,1e-05,-0.95481
11732.85,SYN.BTC-30AUG19,1565175545427,open,0.25,0.0,0.1925,0.2785,0.23615751,105.15,None,0.0,BTC-30AUG19-14000-P,11627.96,0.0,0.007,1.0,0.0,0.0,0.0,10.13107,-23.28468,-6.92229,0.00011,-0.70522
11860.55,BTC-27SEP19,1565175545430,open,0.0,612.2,0.0005,0.0135,0.00383451,101.61,0.0045,0.0,BTC-27SEP19-6000-P,11627.96,94.35,0.0025,39.0,0.005,44.0,106.81,2.45831,-2.45493,-0.45215,1e-05,-0.02352
12057.21,BTC-27DEC19,1565175545430,open,0.41,202.5,0.3695,0.448,0.41111084,99.23,0.421,0.0,BTC-27DEC19-8000-C,11627.96,0.0,0.2005,0.1,0.999,0.1,500.0,18.69133,-6.5368,19.84617,3e-05,0.83457
12057.21,BTC-27DEC19,1565175545430,open,2.03,1.3,1.9335,2.0945,2.00943791,107.26,2.2,0.0,BTC-27DEC19-36000-P,11627.96,0.0,0.005,1.0,0.0,0.0,0.0,12.85921,-4.86091,-136.5159,2e-05,-0.90343
11860.55,BTC-27SEP19,1565175545430,open,0.0,372.8,0.0005,0.0115,0.00191242,124.73,0.001,0.0,BTC-27SEP19-4500-P,11627.96,113.88,0.001,2.0,0.0035,15.0,137.39,1.21444,-1.48869,-0.20245,0.0,-0.01033
11732.85,SYN.BTC-30AUG19,1565175545426,open,0.48,0.0,0.4235,0.503,0.46147504,107.85,None,0.0,BTC-30AUG19-17000-P,11627.96,0.0,0.01,1.0,0.0,0.0,0.0,5.44273,-12.83016,-9.95419,6e-05,-0.89222
11636.81,SYN.BTC-9AUG19,1565175545426,open,0.13,128.0,0.1235,0.163,0.14198047,121.27,0.135,0.0,BTC-9AUG19-10000-C,11627.96,0.0,0.106,0.1,0.0,0.0,0.0,0.67385,-21.78261,0.491,8e-05,0.96305
11860.55,BTC-27SEP19,1565175545431,open,0.01,441.4,0.0005,0.023,0.01034324,100.57,0.0075,0.0,BTC-27SEP19-7000-P,11627.96,95.96,0.0085,24.0,0.0115,20.0,103.25,4.97331,-4.91533,-1.09135,3e-05,-0.05567
11860.28,BTC-27SEP19,1565175545432,open,0.66,227.5,0.654,0.6735,0.66363348,125.04,0.7065,0.0,BTC-27SEP19-4000-C,11627.96,0.0,0.111,2.0,0.715,5.0,300.63,0.66411,-0.81614,5.47452,0.0,0.99479
11732.85,SYN.BTC-30AUG19,1565175545427,open,0.01,663.2,0.0005,0.023,0.00831671,108.76,0.009,0.0,BTC-30AUG19-18000-C,11627.96,104.9,0.007,24.0,0.0095,34.0,111.97,4.18074,-9.93845,0.49433,4e-05,0.07554
11732.85,SYN.BTC-30AUG19,1565175545428,open,0.56,0.0,0.506,0.5835,0.54244359,108.68,None,0.0,BTC-30AUG19-18000-P,11627.96,0.0,0.0,0.0,0.0,0.0,0.0,4.17344,-9.91403,-10.78791,4e-05,-0.92463
11732.85,SYN.BTC-30AUG19,1565175545426,open,0.0,926.8,0.0005,0.0115,0.00197441,105.83,0.002,0.0,BTC-30AUG19-7000-P,11627.96,95.45,0.001,38.0,0.003,39.2,113.68,1.34191,-3.10412,-0.15187,1e-05,-0.01868
11668.82,SYN.BTC-16AUG19,1565175545426,open,0.01,8.0,0.0005,0.02,0.0059488,109.08,0.0135,0.0,BTC-16AUG19-15000-C,11627.96,102.52,0.0045,30.0,0.007,30.0,113.35,2.75786,-16.94734,0.216,8e-05,0.08207
11732.85,SYN.BTC-30AUG19,1565175545873,open,0.03,240.8,0.008,0.0545,0.02871898,106.19,0.028,0.0,BTC-30AUG19-15000-C,11627.96,103.11,0.0265,19.3,0.0305,34.3,108.6,8.56886,-19.88773,1.36549,9e-05,0.21442
12056.43,BTC-27DEC19,1565175546426,open,3.36,1.0,3.2295,3.422,3.32068226,109.13,4.454,0.0,BTC-27DEC19-52000-P,11627.93,0.0,0.001,1.0,0.0,0.0,0.0,5.84933,-2.24971,-200.82749,1e-05,-0.9647
12056.43,BTC-27DEC19,1565175546426,open,0.21,272.0,0.154,0.267,0.21512766,99.24,0.218,0.0,BTC-27DEC19-13000-C,11627.93,97.34,0.2105,10.0,0.22,15.0,101.23,29.46441,-10.30452,16.83615,5e-05,0.57439
12056.43,BTC-27DEC19,1565175546426,open,1.07,0.0,0.9815,1.1325,1.05605081,104.0,None,0.0,BTC-27DEC19-24000-P,11627.93,0.0,0.0055,1.0,1.825,0.2,499.66,22.84618,-8.37375,-85.55646,4e-05,-0.76961
