underlying_price,underlying_index,timestamp,state,settlement_price,open_interest,min_price,max_price,mark_price,mark_iv,last_price,interest_rate,instrument_name,index_price,bid_iv,best_bid_price,best_bid_amount,best_ask_price,best_ask_amount,ask_iv,vega,theta,rho,gamma,delta
182.09,SYN.ETH-1NOV19,1572087540004,open,0.11,919.0,0.052,0.119,0.087984,97.35,0.086,0.0,ETH-1NOV19-170-C,181.79,85.17,0.083,40.0,0.093,40.0,109.15,0.07614,-0.6308,0.01887,0.01465,0.73173
184.78,ETH-27DEC19,1572087540006,open,0.19,3412.0,0.145,0.246,0.197178,89.7,0.178,0.0,ETH-27DEC19-200-P,181.79,84.72,0.189,96.0,0.203,96.0,93.25,0.30338,-0.21991,-0.22209,0.00584,-0.51182
184.78,ETH-27DEC19,1572087540014,open,0.12,2605.0,0.087,0.174,0.13163,89.44,0.19,0.0,ETH-27DEC19-180-P,181.79,85.28,0.125,576.0,0.136,128.0,92.19,0.29378,-0.21234,-0.16629,0.00567,-0.39924
182.43,SYN.ETH-8NOV19,1572087540022,open,0.05,1.0,0.026,0.09,0.057443,85.92,0.13,0.0,ETH-8NOV19-180-P,181.79,77.2,0.051,264.0,0.061,120.0,90.73,0.13487,-0.44998,-0.03169,0.01337,-0.43498
9402.74,BTC-27DEC19,1572087540030,open,1.49,0.0,1.504,1.618,1.55786672,111.38,None,0.0,BTC-27DEC19-24000-P,9267.11,0.0,0.0,0.0,0.0,0.0,0.0,2.97938,-2.68144,-40.21662,2e-05,-0.96517
9402.74,BTC-27DEC19,1572087540030,open,4.38,0.8,4.423,4.6435,4.52982126,0.0,3.59,0.0,BTC-27DEC19-52000-P,9267.11,0.0,0.001,1.0,0.0,0.0,0.0,0.0,0.0,-88.15167,0.0,-1.0
9523.52,BTC-27MAR20,1572087540030,open,0.9,0.0,0.88,1.012,0.943722,89.72,1.23,0.0,BTC-27MAR20-18000-P,9267.11,0.0,0.0,0.0,0.0,0.0,0.0,17.76734,-5.21342,-69.15134,5e-05,-0.78991
9401.81,BTC-27DEC19,1572087540030,open,0.68,19.0,0.6755,0.7715,0.72123352,94.1,1.2,0.0,BTC-27DEC19-16000-P,9267.11,0.0,0.42,0.2,0.0,0.0,0.0,7.71064,-5.86305,-25.53228,5e-05,-0.88072
9401.81,BTC-27DEC19,1572087540030,open,0.49,268.3,0.475,0.5705,0.52144397,90.09,0.7205,0.0,BTC-27DEC19-14000-P,9267.11,0.0,0.0,0.0,0.0,0.0,0.0,10.41238,-7.58045,-21.2638,8e-05,-0.8127
9401.81,BTC-27DEC19,1572087540030,open,3.56,0.0,3.5895,3.7765,3.67973757,0.0,3.46,0.0,BTC-27DEC19-44000-P,9267.11,0.0,0.001,1.0,0.0,0.0,0.0,0.0,0.0,-74.58988,0.0,-1.0
9401.81,BTC-27DEC19,1572087540030,open,3.97,0.0,4.0055,4.2095,4.1050281,0.0,None,0.0,BTC-27DEC19-48000-P,9267.11,0.0,0.0005,1.0,0.0,0.0,0.0,0.0,0.0,-81.37078,0.0,-1.0
9401.81,BTC-27DEC19,1572087540030,open,1.29,4.9,1.296,1.4035,1.34634314,105.94,1.0385,0.0,BTC-27DEC19-22000-P,9267.11,0.0,0.0,0.0,0.0,0.0,0.0,3.45251,-2.95559,-36.73131,2e-05,-0.95827
9401.81,BTC-27DEC19,1572087540031,open,2.32,0.3,2.337,2.4785,2.40500501,115.96,1.875,0.0,BTC-27DEC19-32000-P,9267.11,0.0,0.0,0.0,0.0,0.0,0.0,1.03097,-0.96607,-54.11033,1e-05,-0.99001
9401.81,BTC-27DEC19,1572087540031,open,0.02,420.8,0.0055,0.0415,0.01960197,94.3,0.0185,0.0,BTC-27DEC19-16000-C,9267.11,91.68,0.0175,24.0,0.0205,5.9,95.38,7.7416,-5.89942,1.59946,5e-05,0.11996
9401.81,BTC-27DEC19,1572087540031,open,3.14,0.0,3.1725,3.342,3.25455852,101.71,2.58,0.0,BTC-27DEC19-40000-P,9267.11,0.0,0.001,1.0,0.0,0.0,0.0,0.07899,-0.06492,-67.80066,0.0,-0.99942
9522.59,BTC-27MAR20,1572087540032,open,1.49,0.0,1.481,1.622,1.54746707,94.78,None,0.0,BTC-27MAR20-24000-P,9267.11,0.0,0.0015,1.0,0.0,0.0,0.0,11.96234,-3.70813,-97.01685,3e-05,-0.885
9296.07,SYN.BTC-8NOV19,1572087540030,open,0.01,5.1,0.0005,0.0275,0.01025325,110.81,0.01,0.0,BTC-8NOV19-12250-C,9267.11,104.1,0.008,45.0,0.0125,11.0,116.85,3.30204,-14.20843,0.33001,0.0001,0.11089
9522.59,BTC-27MAR20,1572087540032,open,0.01,602.3,0.0005,0.027,0.00960177,107.28,0.0085,0.0,BTC-27MAR20-40000-C,9267.11,104.39,0.008,10.0,0.0125,29.0,111.8,5.60032,-1.96494,1.32042,1e-05,0.04271
9296.07,SYN.BTC-8NOV19,1572087540029,open,0.01,10.1,0.0005,0.025,0.00865761,111.69,0.0115,0.0,BTC-8NOV19-12500-C,9267.11,106.22,0.007,45.0,0.01,11.0,115.75,2.96548,-12.86163,0.28521,9e-05,0.09563
9401.81,BTC-27DEC19,1572087540033,open,0.02,423.9,0.009,0.044,0.02430385,88.42,0.025,0.0,BTC-27DEC19-6500-P,9267.11,86.15,0.0225,19.8,0.0265,48.6,91.11,7.55416,-5.39749,-2.23414,6e-05,-0.11587
9296.07,SYN.BTC-8NOV19,1572087540029,open,0.0,31.2,0.0005,0.0115,0.00177854,119.97,0.0025,0.0,BTC-8NOV19-6000-P,9267.11,122.32,0.002,30.0,0.0035,0.4,135.24,0.84175,-3.92138,-0.07109,2e-05,-0.0199
9296.07,SYN.BTC-8NOV19,1572087540031,open,0.03,30.3,0.008,0.052,0.02771719,94.8,0.0265,0.0,BTC-8NOV19-10500-C,9267.11,90.42,0.025,15.0,0.0315,8.1,100.75,5.83562,-21.48313,0.81399,0.0002,0.27594
9522.59,BTC-27MAR20,1572087540035,open,0.03,46.1,0.0055,0.047,0.02090011,99.74,0.0175,0.0,BTC-27MAR20-28000-C,9267.11,95.78,0.017,1.0,0.0245,23.0,103.06,9.91028,-3.233,2.70905,3e-05,0.08882
9606.38,SYN.BTC-26JUN20,1572087540030,open,0.07,2.2,0.026,0.107,0.06238768,92.47,0.0615,0.0,BTC-26JUN20-24000-C,9267.11,89.41,0.0555,14.7,0.062,4.0,92.3,22.13288,-4.19582,8.97848,4e-05,0.20227
9606.38,SYN.BTC-26JUN20,1572087540030,open,1.5,0.0,1.479,1.6485,1.56053048,92.38,None,0.0,BTC-26JUN20-24000-P,9267.11,0.0,0.0,0.0,0.0,0.0,0.0,22.10575,-4.1868,-151.39209,4e-05,-0.79814
9280.83,SYN.BTC-1NOV19,1572087540031,open,0.27,0.0,0.268,0.329,0.29611535,119.07,None,0.0,BTC-1NOV19-12000-P,9267.11,0.0,0.0,0.0,0.0,0.0,0.0,1.25372,-12.70287,-1.85866,8e-05,-0.94796
9280.83,SYN.BTC-1NOV19,1572087540030,open,0.02,46.9,0.001,0.0325,0.01272801,102.67,0.012,0.0,BTC-1NOV19-10500-C,9267.11,99.03,0.0115,1.0,0.015,24.0,109.12,3.18284,-27.80756,0.26304,0.00022,0.18879
9341.79,SYN.BTC-29NOV19,1572087540033,open,0.48,0.0,0.4745,0.557,0.51388922,98.97,None,0.0,BTC-29NOV19-14000-P,9267.11,0.0,0.0,0.0,0.0,0.0,0.0,5.58635,-8.16068,-12.11267,7e-05,-0.88317
9296.07,SYN.BTC-8NOV19,1572087540030,open,0.02,4.0,0.002,0.0325,0.01319875,106.17,0.0205,0.0,BTC-8NOV19-11750-C,9267.11,99.45,0.0105,45.0,0.0155,11.0,111.47,3.90823,-16.11353,0.41967,0.00012,0.14117
9280.83,SYN.BTC-1NOV19,1572087540031,open,0.01,138.6,0.0005,0.027,0.01004508,95.55,0.0105,0.0,BTC-1NOV19-8250-P,9267.11,90.2,0.0085,25.0,0.012,2.7,101.93,2.75865,-22.43011,-0.24072,0.00021,-0.15108
9296.07,SYN.BTC-8NOV19,1572087540030,open,0.02,10.1,0.0025,0.0355,0.01509351,103.81,0.012,0.0,BTC-8NOV19-11500-C,9267.11,97.93,0.0125,39.0,0.0175,10.0,108.93,4.25121,-17.1372,0.47576,0.00013,0.16018
9280.83,SYN.BTC-1NOV19,1572087540030,open,0.14,0.0,0.138,0.2015,0.16834979,105.95,None,0.0,BTC-1NOV19-10750-P,9267.11,0.0,0.1495,3.0,0.1845,3.0,151.03,2.77539,-25.02391,-1.51775,0.00019,-0.84754
9606.38,SYN.BTC-26JUN20,1572087540031,open,1.31,0.0,1.282,1.4475,1.3621176,91.07,None,0.0,BTC-26JUN20-22000-P,9267.11,0.0,0.0,0.0,0.0,0.0,0.0,23.80696,-4.44507,-136.89082,4e-05,-0.77063
9296.07,SYN.BTC-8NOV19,1572087540030,open,0.04,85.0,0.011,0.059,0.03341965,93.67,0.0375,0.0,BTC-8NOV19-10250-C,9267.11,89.29,0.0305,15.0,0.038,32.0,100.42,6.24495,-22.71538,0.94024,0.00022,0.32014
9296.07,SYN.BTC-8NOV19,1572087540029,open,0.01,129.9,0.0005,0.022,0.00822521,103.76,0.009,0.0,BTC-8NOV19-7250-P,9267.11,99.42,0.007,30.0,0.0095,1.0,107.99,2.71395,-10.93576,-0.30531,9e-05,-0.08488
9280.83,SYN.BTC-1NOV19,1572087540033,open,0.0,429.8,0.0005,0.0125,0.00286889,119.21,0.004,0.0,BTC-1NOV19-7250-P,9267.11,105.44,0.0015,27.0,0.0045,12.1,131.43,1.09178,-11.07531,-0.0697,7e-05,-0.04378
9606.38,SYN.BTC-26JUN20,1572087540030,open,1.89,0.0,1.8785,2.058,1.96375376,95.3,None,0.0,BTC-26JUN20-28000-P,9267.11,0.0,0.0,0.0,0.0,0.0,0.0,19.30795,-3.77249,-179.7925,3e-05,-0.83739
9606.38,SYN.BTC-26JUN20,1572087540034,open,0.06,26.9,0.0225,0.0995,0.05640205,94.56,0.053,0.0,BTC-26JUN20-26000-C,9267.11,90.56,0.048,3.0,0.059,7.0,95.75,20.86328,-4.0449,8.16603,4e-05,0.18363
9341.79,SYN.BTC-29NOV19,1572087540032,open,0.58,0.0,0.578,0.6615,0.61739462,103.8,None,0.0,BTC-29NOV19-15000-P,9267.11,0.0,0.0,0.0,0.0,0.0,0.0,4.63032,-7.09428,-13.24071,6e-05,-0.90977
9296.07,SYN.BTC-8NOV19,1572087540030,open,0.03,49.6,0.016,0.0675,0.04038879,90.36,0.0265,0.0,BTC-8NOV19-8750-P,9267.11,83.13,0.0355,22.0,0.0435,24.0,94.93,6.31844,-22.17126,-1.21265,0.00023,-0.3294
9606.38,SYN.BTC-26JUN20,1572087540030,open,0.41,1.3,0.346,0.4345,0.39229755,84.59,0.3915,0.0,BTC-26JUN20-7000-C,9267.11,75.51,0.371,8.0,0.4185,8.0,95.64,22.6839,-3.93381,25.47238,4e-05,0.78915
9296.07,SYN.BTC-8NOV19,1572087540031,open,0.0,17.8,0.0005,0.0125,0.00287725,119.89,0.0025,0.0,BTC-8NOV19-6250-P,9267.11,120.83,0.003,30.0,0.004,1.0,127.79,1.19954,-5.58483,-0.10897,3e-05,-0.03035
9296.07,SYN.BTC-8NOV19,1572087540029,open,0.03,94.8,0.0105,0.0555,0.0309175,90.73,0.034,0.0,BTC-8NOV19-8500-P,9267.11,84.37,0.027,47.0,0.0345,32.0,96.45,5.78098,-20.36876,-0.98924,0.00021,-0.27075
9606.38,SYN.BTC-26JUN20,1572087540031,open,2.09,0.0,2.0795,2.2635,2.16648111,96.32,None,0.0,BTC-26JUN20-30000-P,9267.11,0.0,0.0,0.0,0.0,0.0,0.0,18.00081,-3.55488,-193.85436,3e-05,-0.85375
9296.07,SYN.BTC-8NOV19,1572087540031,open,0.18,0.0,0.1685,0.2405,0.20363697,99.5,None,0.0,BTC-8NOV19-11000-P,9267.11,48.17,0.1845,3.0,0.223,3.0,131.91,5.02907,-19.4323,-3.25907,0.00017,-0.7902
9280.83,SYN.BTC-1NOV19,1572087540030,open,0.14,258.7,0.096,0.146,0.12120619,95.85,0.14,0.0,BTC-1NOV19-8250-C,9267.11,98.48,0.122,1.0,0.1275,1.0,115.35,2.76683,-22.56794,1.0862,0.00021,0.84825
9280.83,SYN.BTC-1NOV19,1572087540031,open,0.01,429.4,0.0005,0.022,0.00716675,100.66,0.0055,0.0,BTC-1NOV19-8000-P,9267.11,93.3,0.0055,26.0,0.009,4.1,108.0,2.21385,-18.96399,-0.17502,0.00016,-0.10998
9606.38,SYN.BTC-26JUN20,1572087540032,open,1.12,0.0,1.088,1.2505,1.16741458,90.08,None,0.0,BTC-26JUN20-20000-P,9267.11,0.0,0.005,10.0,2.0,1.0,464.62,25.72365,-4.75069,-122.10192,5e-05,-0.73492
9606.38,SYN.BTC-26JUN20,1572087540030,open,0.12,25.4,0.078,0.1635,0.12092254,84.56,0.11,0.0,BTC-26JUN20-7000-P,9267.11,79.71,0.1095,15.4,0.1255,12.4,86.5,22.68332,-3.93258,-21.29402,4e-05,-0.21084
182.09,SYN.ETH-1NOV19,1572087540041,open,0.06,174.0,0.037,0.111,0.074744,96.88,0.067,0.0,ETH-1NOV19-190-P,181.79,76.52,0.065,120.0,0.076,120.0,99.46,0.08852,-0.7297,-0.02013,0.01712,-0.61195
9401.81,BTC-27DEC19,1572087540051,open,0.04,670.5,0.0115,0.0595,0.03251786,90.23,0.035,0.0,BTC-27DEC19-14000-C,9267.11,87.93,0.03,19.3,0.0335,6.8,91.11,10.4297,-7.60438,2.47501,8e-05,0.18781
9606.38,SYN.BTC-26JUN20,1572087540055,open,0.1,21.1,0.042,0.1345,0.08562891,90.14,0.086,0.0,BTC-26JUN20-20000-C,9267.11,87.06,0.0775,14.2,0.085,4.8,89.91,25.73861,-4.75668,11.53756,5e-05,0.26538
184.78,ETH-27DEC19,1572087540052,open,0.19,3412.0,0.145,0.246,0.197178,89.7,0.178,0.0,ETH-27DEC19-200-P,181.79,84.11,0.188,96.0,0.203,96.0,93.25,0.30338,-0.21991,-0.22209,0.00584,-0.51182
183.44,SYN.ETH-29NOV19,1572087540060,open,0.08,376.0,0.057,0.13,0.093644,85.58,0.104,0.0,ETH-29NOV19-180-P,181.79,79.16,0.086,320.0,0.097,96.0,88.4,0.2184,-0.27586,-0.08738,0.00817,-0.41961
182.43,SYN.ETH-8NOV19,1572087540066,open,0.12,20.0,0.067,0.134,0.102915,87.3,0.178,0.0,ETH-8NOV19-170-C,181.79,79.76,0.098,120.0,0.11,120.0,97.98,0.11988,-0.4064,0.03815,0.0117,0.69578
183.44,SYN.ETH-29NOV19,1572087540072,open,0.12,3760.0,0.075,0.146,0.112375,85.58,0.11,0.0,ETH-29NOV19-180-C,181.79,81.06,0.107,320.0,0.118,96.0,90.3,0.2184,-0.27586,0.07968,0.00817,0.58039
183.44,SYN.ETH-29NOV19,1572087540094,open,0.05,1581.0,0.018,0.07,0.043157,87.85,0.044,0.0,ETH-29NOV19-220-C,181.79,83.84,0.039,225.0,0.047,128.0,91.48,0.19214,-0.24913,0.04249,0.007,0.29276
183.44,SYN.ETH-29NOV19,1572087540116,open,0.14,119.0,0.115,0.203,0.159957,86.03,0.155,0.0,ETH-29NOV19-200-P,181.79,77.63,0.15,96.0,0.163,96.0,88.58,0.21858,-0.27756,-0.12577,0.00814,-0.57879
9522.59,BTC-27MAR20,1572087540124,open,2.09,0.0,2.093,2.25,2.16668772,99.36,None,0.0,BTC-27MAR20-30000-P,9267.11,0.0,0.0,0.0,0.0,0.0,0.0,8.43114,-2.73986,-123.43993,2e-05,-0.92827
182.09,SYN.ETH-1NOV19,1572087540126,open,0.11,919.0,0.052,0.119,0.087984,97.35,0.086,0.0,ETH-1NOV19-170-C,181.79,85.17,0.083,40.0,0.094,40.0,111.46,0.07614,-0.6308,0.01887,0.01465,0.73173
182.09,SYN.ETH-1NOV19,1572087540130,open,0.06,174.0,0.037,0.111,0.074744,96.88,0.067,0.0,ETH-1NOV19-190-P,181.79,74.38,0.064,120.0,0.076,120.0,99.46,0.08852,-0.7297,-0.02013,0.01712,-0.61195
182.43,SYN.ETH-8NOV19,1572087540137,open,0.04,241.0,0.01,0.058,0.032004,89.11,0.034,0.0,ETH-8NOV19-200-C,181.79,84.61,0.029,1.0,0.036,160.0,95.0,0.12264,-0.42439,0.01858,0.01172,0.32069
182.09,SYN.ETH-1NOV19,1572087540142,open,0.1,0.0,0.075,0.154,0.115042,97.38,None,0.0,ETH-1NOV19-200-P,181.79,72.26,0.106,40.0,0.119,40.0,107.1,0.07227,-0.59887,-0.02557,0.0139,-0.75724
182.43,SYN.ETH-8NOV19,1572087540147,open,0.11,120.0,0.087,0.169,0.128327,89.11,0.083,0.0,ETH-8NOV19-200-P,181.79,74.84,0.119,120.0,0.133,120.0,95.99,0.12264,-0.42439,-0.05197,0.01172,-0.67931
182.43,SYN.ETH-8NOV19,1572087540151,open,0.11,120.0,0.087,0.169,0.128327,89.11,0.083,0.0,ETH-8NOV19-200-P,181.79,74.84,0.119,120.0,0.132,120.0,94.53,0.12264,-0.42439,-0.05197,0.01172,-0.67931
182.09,SYN.ETH-1NOV19,1572087540155,open,0.07,1425.0,0.021,0.083,0.053029,93.57,0.054,0.0,ETH-1NOV19-180-C,181.79,87.51,0.05,33.0,0.058,120.0,103.51,0.09104,-0.72493,0.01493,0.01823,0.56226
9280.83,SYN.BTC-1NOV19,1572087540249,open,0.12,0.1,0.113,0.177,0.14397751,102.33,0.1205,0.0,BTC-1NOV19-10500-P,9267.11,94.83,0.1415,1.0,0.1455,1.0,106.7,3.17353,-27.63578,-1.4284,0.00022,-0.81211
9280.83,SYN.BTC-1NOV19,1572087540253,open,0.12,0.1,0.113,0.177,0.14397751,102.33,0.1205,0.0,BTC-1NOV19-10500-P,9267.11,96.39,0.142,1.0,0.1455,1.0,106.7,3.17353,-27.63578,-1.4284,0.00022,-0.81211
9296.07,SYN.BTC-8NOV19,1572087540292,open,0.2,42.7,0.1545,0.2055,0.18022818,97.12,0.175,0.0,BTC-8NOV19-7750-C,9267.11,0.0,0.1575,4.0,0.1925,4.0,123.73,3.85222,-14.5285,2.23503,0.00013,0.86179
9401.81,BTC-27DEC19,1572087540313,open,0.74,0.0,0.7245,0.744,0.7344002,121.13,None,0.0,BTC-27DEC19-2500-C,9267.11,0.0,0.726,8.0,0.739,8.0,177.19,0.22688,-0.22207,4.20394,0.0,0.99817
189.7,SYN.ETH-26JUN20,1572087540316,open,0.14,20.0,0.089,0.181,0.136266,89.17,0.13,0.0,ETH-26JUN20-140-P,181.79,84.06,0.124,150.0,0.144,150.0,92.39,0.45591,-0.08335,-0.44818,0.00213,-0.21733
9401.81,BTC-27DEC19,1572087540325,open,0.39,102.4,0.356,0.4015,0.37859066,91.2,0.4,0.0,BTC-27DEC19-6000-C,9267.11,0.0,0.358,5.0,0.387,5.0,103.47,5.92788,-4.36879,8.578,4e-05,0.9168
9401.81,BTC-27DEC19,1572087540329,open,0.35,67.1,0.307,0.359,0.33307182,88.58,0.3835,0.0,BTC-27DEC19-6500-C,9267.11,62.76,0.316,5.0,0.356,5.0,114.08,7.56726,-5.4163,8.77833,6e-05,0.88385
9523.52,BTC-27MAR20,1572087540332,open,0.61,1.3,0.5765,0.611,0.59299746,93.66,0.493,0.0,BTC-27MAR20-4000-C,9267.11,0.0,0.578,5.0,0.6025,5.0,108.16,5.46555,-1.67417,14.58171,2e-05,0.95856
9280.83,SYN.BTC-1NOV19,1572087540334,open,0.16,565.3,0.122,0.1695,0.14526237,101.03,0.145,0.0,BTC-1NOV19-8000-C,9267.11,0.0,0.125,4.0,0.1675,4.0,171.12,2.22465,-19.12569,1.11156,0.00016,0.88927
9402.74,BTC-27DEC19,1572087540335,open,0.27,386.9,0.2175,0.2825,0.25104011,85.18,0.2465,0.0,BTC-27DEC19-7500-C,9267.11,58.09,0.222,5.0,0.2695,14.0,100.46,11.03439,-7.59486,8.65318,9e-05,0.79391
9401.85,BTC-27DEC19,1572087540448,open,2.11,0.2,2.129,2.263,2.19304599,116.73,2.03,0.0,BTC-27DEC19-30000-P,9267.11,0.0,0.0,0.0,0.0,0.0,0.0,1.4538,-1.37129,-50.65479,1e-05,-0.98514
9522.59,BTC-27MAR20,1572087540486,open,1.29,6.0,1.2785,1.417,1.34424724,93.58,1.5845,0.0,BTC-27MAR20-22000-P,9267.11,0.0,0.795,0.4,0.0,0.0,0.0,13.72417,-4.20052,-87.91027,4e-05,-0.85989
9401.85,BTC-27DEC19,1572087540512,open,2.73,1.3,2.7545,2.9105,2.82999325,120.21,2.2,0.0,BTC-27DEC19-36000-P,9267.11,0.0,0.0,0.0,0.0,0.0,0.0,0.73967,-0.7185,-60.93426,0.0,-0.99315
9401.85,BTC-27DEC19,1572087540512,open,1.7,0.0,1.712,1.834,1.76968803,114.7,None,0.0,BTC-27DEC19-26000-P,9267.11,0.0,0.0,0.0,0.0,0.0,0.0,2.4551,-2.27549,-43.70459,1e-05,-0.97243
9401.81,BTC-27DEC19,1572087540553,open,0.16,508.9,0.132,0.219,0.17625236,84.26,0.1955,0.0,BTC-27DEC19-10000-P,9267.11,80.23,0.1695,9.7,0.182,14.4,87.84,15.44298,-10.51444,-10.80373,0.00012,-0.50174
9401.85,BTC-27DEC19,1572087540570,open,0.39,99.0,0.379,0.4745,0.42602568,88.41,0.638,0.0,BTC-27DEC19-13000-P,9267.11,69.79,0.4045,2.0,0.4555,2.0,109.83,12.01741,-8.58495,-18.91283,9e-05,-0.76061
9401.81,BTC-27DEC19,1572087540626,open,0.84,10.1,0.8305,0.85,0.84046093,132.34,0.8205,0.0,BTC-27DEC19-1500-C,9267.11,0.0,0.832,10.0,0.8435,10.0,225.08,0.02043,-0.02184,2.54034,0.0,0.99986
9280.83,SYN.BTC-1NOV19,1572087540627,open,0.24,11.1,0.203,0.2425,0.22169361,119.88,0.25,0.0,BTC-1NOV19-7250-C,9267.11,0.0,0.2155,4.0,0.239,4.0,202.23,1.10805,-11.3033,1.09606,7e-05,0.9554
9401.81,BTC-27DEC19,1572087540629,open,0.79,0.0,0.7775,0.797,0.78732767,123.4,None,0.0,BTC-27DEC19-2000-C,9267.11,0.0,0.779,9.0,0.7915,9.0,200.66,0.06662,-0.06644,3.38157,0.0,0.99952
9280.83,SYN.BTC-1NOV19,1572087540630,open,0.17,0.0,0.1635,0.226,0.19291153,107.5,None,0.0,BTC-1NOV19-11000-P,9267.11,0.0,0.165,3.0,0.2085,3.0,155.99,2.34793,-21.47949,-1.6036,0.00016,-0.88055
9401.81,BTC-27DEC19,1572087540633,open,0.31,66.3,0.2605,0.319,0.29029794,86.59,0.1765,0.0,BTC-27DEC19-7000-C,9267.11,54.55,0.264,5.0,0.317,5.0,111.61,9.31333,-6.51645,8.80373,7e-05,0.84272
9605.68,SYN.BTC-26JUN20,1572087541009,open,0.27,56.9,0.1975,0.3075,0.25540287,84.42,0.275,0.0,BTC-26JUN20-10000-C,9267.11,81.27,0.2455,3.0,0.2605,21.2,86.05,30.06227,-5.20341,22.94096,6e-05,0.61285
9340.88,SYN.BTC-29NOV19,1572087541009,open,0.01,226.4,0.002,0.0285,0.01186039,104.13,0.0105,0.0,BTC-29NOV19-15000-C,9267.11,100.24,0.01,24.0,0.014,27.0,108.24,4.66018,-7.16247,0.68631,6e-05,0.09103
9401.85,BTC-27DEC19,1572087541037,open,4.38,0.8,4.4225,4.6435,4.5303799,0.0,3.59,0.0,BTC-27DEC19-52000-P,9267.48,0.0,0.001,1.0,0.0,0.0,0.0,0.0,0.0,-88.15167,0.0,-1.0
9522.88,BTC-27MAR20,1572087541037,open,0.08,36.7,0.0495,0.1205,0.08428515,85.57,0.0615,0.0,BTC-27MAR20-7000-P,9267.48,81.56,0.077,18.9,0.088,22.7,87.6,17.38364,-4.86509,-11.43904,5e-05,-0.20251
9522.88,BTC-27MAR20,1572087541037,open,3.1,1.0,3.12,3.31,3.20973047,106.79,2.7125,0.0,BTC-27MAR20-40000-P,9267.48,0.0,0.0005,2.0,0.0,0.0,0.0,5.49612,-1.91968,-166.24248,1e-05,-0.95827
9522.88,BTC-27MAR20,1572087541037,open,0.72,1.1,0.687,0.8175,0.75108395,88.03,1.08,0.0,BTC-27MAR20-16000-P,9267.48,0.0,0.0,0.0,0.0,0.0,0.0,20.21271,-5.81957,-59.24595,6e-05,-0.73432
9401.85,BTC-27DEC19,1572087541037,open,0.0,106.3,0.0005,0.0105,5.267e-05,120.0,0.0005,0.0,BTC-27DEC19-2000-P,9267.48,0.0,0.0,0.0,0.001,2.0,161.72,0.05111,-0.04956,-0.00662,0.0,-0.00036
9401.85,BTC-27DEC19,1572087541037,open,1.9,0.1,1.9205,2.048,1.98119877,115.9,1.49,0.0,BTC-27DEC19-28000-P,9267.48,0.0,0.0,0.0,0.0,0.0,0.0,1.89541,-1.77517,-47.19207,1e-05,-0.97973
9522.88,BTC-27MAR20,1572087541038,open,0.01,105.8,0.002,0.031,0.01161344,104.4,0.0105,0.0,BTC-27MAR20-36000-C,9267.48,100.28,0.009,5.0,0.014,14.0,107.7,6.50955,-2.22278,1.59165,2e-05,0.05152
9522.88,BTC-27MAR20,1572087541037,open,2.49,0.0,2.504,2.673,2.58320125,102.77,None,0.0,BTC-27MAR20-34000-P,9267.48,0.0,0.0,0.0,0.0,0.0,0.0,7.04751,-2.36892,-140.64565,2e-05,-0.94304
9402.22,BTC-27DEC19,1572087541038,open,3.97,0.0,4.006,4.21,4.10553839,129.42,None,0.0,BTC-27DEC19-48000-P,9267.48,0.0,0.0005,1.0,0.0,0.0,0.0,0.31249,-0.3268,-81.33491,0.0,-0.99739
9523.25,BTC-27MAR20,1572087541039,open,0.44,45.4,0.387,0.451,0.41969258,86.38,0.4395,0.0,BTC-27MAR20-6000-C,9267.48,70.97,0.3995,4.0,0.4415,13.0,101.28,13.33931,-3.76846,17.78668,4e-05,0.86562
9523.25,BTC-27MAR20,1572087541039,open,2.09,0.0,2.0935,2.2505,2.16721717,100.19,None,0.0,BTC-27MAR20-30000-P,9267.48,0.0,0.0,0.0,0.0,0.0,0.0,8.64988,-2.83441,-123.37252,2e-05,-0.92584
9523.25,BTC-27MAR20,1572087541039,open,0.05,354.5,0.025,0.078,0.04975527,86.4,0.0535,0.0,BTC-27MAR20-6000-P,9267.48,82.96,0.045,21.2,0.053,9.0,88.69,13.34102,-3.76974,-7.3456,4e-05,-0.13441
9295.15,SYN.BTC-8NOV19,1572087541039,open,0.35,0.0,0.3465,0.419,0.38019264,116.6,None,0.0,BTC-8NOV19-12750-P,9267.48,0.0,0.0,0.0,0.0,0.0,0.0,2.86204,-12.95872,-4.22668,8e-05,-0.90884
9523.25,BTC-27MAR20,1572087541042,open,2.69,0.0,2.7095,2.8855,2.79209363,104.78,None,0.0,BTC-27MAR20-36000-P,9267.48,0.0,0.0,0.0,0.0,0.0,0.0,6.59789,-2.261,-149.16503,2e-05,-0.9476
9340.88,SYN.BTC-29NOV19,1572087541037,open,0.38,0.0,0.374,0.4565,0.41388041,96.01,None,0.0,BTC-29NOV19-13000-P,9267.48,0.0,0.0,0.0,0.0,0.0,0.0,6.99719,-9.91614,-10.84765,9e-05,-0.83739
9295.15,SYN.BTC-8NOV19,1572087541038,open,0.12,0.0,0.1005,0.1715,0.13600736,93.5,None,0.0,BTC-8NOV19-10250-P,9267.48,82.08,0.1285,18.0,0.1385,18.0,97.2,6.2394,-22.65558,-2.67716,0.00022,-0.68046
9295.15,SYN.BTC-8NOV19,1572087541040,open,0.04,66.7,0.024,0.081,0.05186739,90.36,0.057,0.0,BTC-8NOV19-9000-P,9267.48,82.21,0.046,15.0,0.0545,24.0,94.0,6.70632,-23.53085,-1.4543,0.00024,-0.39166
9295.15,SYN.BTC-8NOV19,1572087541039,open,0.01,129.1,0.0025,0.0315,0.01384448,96.92,0.0095,0.0,BTC-8NOV19-7750-P,9267.48,92.35,0.012,30.0,0.014,5.0,97.29,3.84613,-14.47509,-0.49759,0.00013,-0.13791
9605.68,SYN.BTC-26JUN20,1572087541040,open,0.05,25.7,0.0155,0.083,0.04379399,96.45,0.0455,0.0,BTC-26JUN20-30000-C,9267.48,92.11,0.036,18.0,0.048,26.0,98.65,18.04495,-3.56842,6.61103,3e-05,0.1468
9605.68,SYN.BTC-26JUN20,1572087541037,open,0.06,1.0,0.018,0.0905,0.04924416,95.41,0.038,0.0,BTC-26JUN20-28000-C,9267.48,90.88,0.0405,18.0,0.053,23.0,97.25,19.34458,-3.78414,7.30722,3e-05,0.1631
9340.88,SYN.BTC-29NOV19,1572087541041,open,0.03,1076.8,0.0065,0.0445,0.02228349,96.19,0.0195,0.0,BTC-29NOV19-13000-C,9267.48,93.09,0.02,8.0,0.025,25.0,99.73,7.01368,-9.95818,1.2216,9e-05,0.16319
9279.9,SYN.BTC-1NOV19,1572087541036,open,0.01,21.1,0.0005,0.0165,0.00387568,116.42,0.007,0.0,BTC-1NOV19-11750-C,9267.48,110.51,0.003,15.0,0.005,0.1,123.04,1.47082,-14.5711,0.08947,9e-05,0.06377
9605.68,SYN.BTC-26JUN20,1572087541039,open,0.01,22.2,0.001,0.022,0.01097811,92.94,0.008,0.0,BTC-26JUN20-3000-P,9267.48,86.81,0.008,3.0,0.0125,35.1,95.75,5.0389,-0.9602,-2.49912,1e-05,-0.02796
9605.68,SYN.BTC-26JUN20,1572087541039,open,0.21,19.3,0.138,0.2515,0.19712378,85.41,0.2185,0.0,BTC-26JUN20-12000-C,9267.48,82.15,0.1865,12.3,0.2005,8.0,86.44,31.30956,-5.48253,20.21419,6e-05,0.51208
9605.68,SYN.BTC-26JUN20,1572087541037,open,0.17,29.3,0.098,0.208,0.15400028,86.11,0.176,0.0,BTC-26JUN20-14000-C,9267.48,83.6,0.146,12.9,0.157,6.9,87.04,30.80211,-5.43768,17.53937,6e-05,0.42728
9605.68,SYN.BTC-26JUN20,1572087541041,open,0.76,0.0,0.713,0.8665,0.78991523,87.47,None,0.0,BTC-26JUN20-16000-P,9267.48,0.0,0.0025,7.3,0.95,1.0,137.26,29.39865,-5.27191,-91.71822,5e-05,-0.63915
9279.9,SYN.BTC-1NOV19,1572087541040,open,0.03,214.9,0.0035,0.0445,0.02136793,97.21,0.023,0.0,BTC-1NOV19-10000-C,9267.48,96.37,0.021,1.0,0.0245,33.0,104.3,4.0506,-33.50876,0.40599,0.0003,0.29314
9295.15,SYN.BTC-8NOV19,1572087541071,open,0.1,79.3,0.052,0.113,0.0837163,90.49,0.09,0.0,BTC-8NOV19-9000-C,9267.48,84.64,0.0795,18.0,0.087,2.0,95.04,6.7066,-23.5665,1.72002,0.00024,0.60828
9279.9,SYN.BTC-1NOV19,1572087541072,open,0.01,39.3,0.0005,0.024,0.00767285,107.98,0.0075,0.0,BTC-1NOV19-11000-C,9267.48,105.28,0.007,1.0,0.009,5.0,113.02,2.36162,-21.69986,0.16849,0.00016,0.12046
9295.15,SYN.BTC-8NOV19,1572087541072,open,0.1,79.3,0.052,0.113,0.0837163,90.49,0.09,0.0,BTC-8NOV19-9000-C,9267.48,84.64,0.0795,32.3,0.087,2.0,95.04,6.7066,-23.5665,1.72002,0.00024,0.60828
9295.15,SYN.BTC-8NOV19,1572087541073,open,0.02,4.0,0.002,0.0325,0.01318573,106.17,0.0205,0.0,BTC-8NOV19-11750-C,9267.48,99.48,0.0105,45.0,0.0155,11.1,111.5,3.90571,-16.10304,0.4193,0.00012,0.14106
9522.88,BTC-27MAR20,1572087541074,open,0.08,36.7,0.0495,0.1205,0.08428515,85.57,0.0615,0.0,BTC-27MAR20-7000-P,9267.48,81.56,0.077,18.9,0.088,9.0,87.6,17.38364,-4.86509,-11.43904,5e-05,-0.20251
9605.68,SYN.BTC-26JUN20,1572087541075,open,0.05,34.9,0.0245,0.075,0.04823285,87.2,0.037,0.0,BTC-26JUN20-5000-P,9267.48,82.11,0.041,17.7,0.051,3.0,89.1,13.94198,-2.49265,-9.61757,3e-05,-0.10162
9605.68,SYN.BTC-26JUN20,1572087541098,open,0.03,70.0,0.0105,0.043,0.02471175,88.73,0.0155,0.0,BTC-26JUN20-4000-P,9267.48,83.56,0.02,3.0,0.0275,3.0,91.6,9.12514,-1.65993,-5.31754,2e-05,-0.05814
9279.9,SYN.BTC-1NOV19,1572087541105,open,0.24,11.1,0.203,0.2425,0.22169361,119.87,0.25,0.0,BTC-1NOV19-7250-C,9267.48,0.0,0.2155,4.2,0.239,4.0,202.45,1.10892,-11.31129,1.09599,7e-05,0.95536
9522.88,BTC-27MAR20,1572087541106,open,0.17,24.4,0.134,0.2345,0.18510112,85.29,0.16,0.0,BTC-27MAR20-9000-P,9267.48,80.68,0.174,13.5,0.1885,10.6,86.71,22.88889,-6.38503,-21.44655,7e-05,-0.3526
9279.9,SYN.BTC-1NOV19,1572087541209,open,0.12,0.1,0.113,0.177,0.14407451,102.34,0.1205,0.0,BTC-1NOV19-10500-P,9267.48,94.52,0.1415,1.0,0.1455,1.0,106.44,3.17118,-27.61657,-1.42869,0.00022,-0.8123
9279.9,SYN.BTC-1NOV19,1572087541215,open,0.12,0.1,0.113,0.177,0.14407451,102.34,0.1205,0.0,BTC-1NOV19-10500-P,9267.48,96.09,0.142,1.0,0.1455,1.0,106.44,3.17118,-27.61657,-1.42869,0.00022,-0.8123
9279.9,SYN.BTC-1NOV19,1572087541315,open,0.16,565.3,0.122,0.1695,0.14518688,101.02,0.145,0.0,BTC-1NOV19-8000-C,9267.48,0.0,0.125,4.0,0.167,4.0,169.94,2.22639,-19.13972,1.11136,0.00016,0.88914
9279.9,SYN.BTC-1NOV19,1572087541359,open,0.22,160.4,0.176,0.218,0.19585318,114.0,0.197,0.0,BTC-1NOV19-7500-C,9267.48,0.0,0.178,4.0,0.204,4.0,153.76,1.42496,-13.82391,1.10982,9e-05,0.93877
9295.15,SYN.BTC-8NOV19,1572087541360,open,0.15,118.4,0.107,0.1635,0.13608511,92.09,0.187,0.0,BTC-8NOV19-8250-C,9267.48,0.0,0.1105,5.0,0.144,5.0,105.94,5.15362,-18.4303,2.11514,0.00018,0.78115
9605.68,SYN.BTC-26JUN20,1572087541434,open,0.58,0.0,0.537,0.684,0.61145011,86.07,None,0.0,BTC-26JUN20-14000-P,9267.48,68.04,0.555,2.0,0.668,2.0,103.55,30.80019,-5.43526,-76.00376,6e-05,-0.57285
9402.22,BTC-27DEC19,1572087541436,open,0.31,66.3,0.2605,0.319,0.29032201,86.51,0.1765,0.0,BTC-27DEC19-7000-C,9267.48,54.5,0.264,5.0,0.3165,5.0,111.15,9.30695,-6.50597,8.80777,7e-05,0.84289
9605.68,SYN.BTC-26JUN20,1572087541437,open,0.58,0.0,0.537,0.684,0.61145011,86.07,None,0.0,BTC-26JUN20-14000-P,9267.48,68.04,0.555,2.0,0.6685,2.0,103.7,30.80019,-5.43526,-76.00376,6e-05,-0.57285
9401.85,BTC-27DEC19,1572087541522,open,0.64,4.3,0.62,0.6405,0.62979204,116.44,0.5625,0.0,BTC-27DEC19-3500-C,9267.48,0.0,0.621,7.0,0.6355,7.0,147.35,1.0944,-1.02974,5.72995,1e-05,0.9893
9402.24,BTC-27DEC19,1572087541524,open,0.69,10.0,0.672,0.6915,0.68188921,119.77,0.618,0.0,BTC-27DEC19-3000-C,9267.48,0.0,0.6735,8.0,0.6875,8.0,162.81,0.57839,-0.55978,4.98789,0.0,0.99481
9295.15,SYN.BTC-8NOV19,1572087541551,open,0.37,0.0,0.3415,0.373,0.35628483,120.66,None,0.0,BTC-8NOV19-6000-C,9267.48,0.0,0.344,5.0,0.3675,5.0,182.38,0.86093,-4.03412,2.04349,2e-05,0.97956
9605.68,SYN.BTC-26JUN20,1572087541553,open,0.71,0.0,0.6855,0.7135,0.69866565,92.99,None,0.0,BTC-26JUN20-3000-C,9267.48,54.01,0.688,6.0,0.7095,6.0,110.3,5.04404,-0.96162,17.5418,1e-05,0.972
9402.22,BTC-27DEC19,1572087541554,open,0.59,31.1,0.567,0.591,0.5781051,111.16,0.6265,0.0,BTC-27DEC19-4000-C,9267.48,0.0,0.568,7.0,0.588,7.0,146.43,1.71642,-1.5418,6.43738,1e-05,0.98197
9402.22,BTC-27DEC19,1572087541556,open,0.31,73.1,0.2875,0.3825,0.33489924,86.65,0.518,0.0,BTC-27DEC19-12000-P,9267.48,53.45,0.293,3.0,0.367,3.0,107.91,13.59161,-9.51623,-16.39048,0.0001,-0.69339
9295.52,SYN.BTC-8NOV19,1572087541592,open,0.05,68.5,0.0155,0.0675,0.04047489,92.9,0.037,0.0,BTC-8NOV19-10000-C,9267.48,87.98,0.037,15.0,0.0445,24.0,98.55,6.59278,-23.78364,1.08105,0.00023,0.37016
9402.22,BTC-27DEC19,1572087541792,open,0.49,66.8,0.46,0.494,0.47620472,99.87,0.4085,0.0,BTC-27DEC19-5000-C,9267.48,0.0,0.463,6.0,0.4845,6.0,118.95,3.3908,-2.73652,7.69855,2e-05,0.95919
9605.68,SYN.BTC-26JUN20,1572087541793,open,0.71,0.0,0.6855,0.7135,0.69866565,92.99,None,0.0,BTC-26JUN20-3000-C,9267.48,54.01,0.688,6.0,0.709,6.0,109.6,5.04404,-0.96162,17.5418,1e-05,0.972
9402.22,BTC-27DEC19,1572087541806,open,0.59,31.1,0.567,0.591,0.5781051,111.16,0.6265,0.0,BTC-27DEC19-4000-C,9267.48,0.0,0.5685,7.0,0.588,7.0,146.43,1.71642,-1.5418,6.43738,1e-05,0.98197
9402.24,BTC-27DEC19,1572087541836,open,4.38,0.8,4.423,4.644,4.53090335,133.01,3.59,0.0,BTC-27DEC19-52000-P,9267.48,0.0,0.001,1.0,0.0,0.0,0.0,0.26665,-0.2866,-88.12163,0.0,-0.99781
9295.52,SYN.BTC-8NOV19,1572087541845,open,0.05,68.5,0.0155,0.0675,0.04047489,92.9,0.037,0.0,BTC-8NOV19-10000-C,9267.48,87.98,0.037,15.0,0.044,7.0,97.85,6.59278,-23.78364,1.08105,0.00023,0.37016
9402.22,BTC-27DEC19,1572087541864,open,0.54,11.6,0.5135,0.5425,0.52706867,106.3,0.441,0.0,BTC-27DEC19-4500-C,9267.48,0.0,0.5155,6.0,0.534,6.0,126.81,2.52827,-2.17172,7.08315,2e-05,0.97144
9295.15,SYN.BTC-8NOV19,1572087541866,open,0.25,20.0,0.2065,0.2515,0.22826707,104.03,0.307,0.0,BTC-8NOV19-7250-C,9267.48,0.0,0.2095,4.0,0.2405,4.0,137.92,2.72676,-11.01541,2.25015,9e-05,0.91458
9295.15,SYN.BTC-8NOV19,1572087541867,open,0.35,0.0,0.3145,0.3485,0.33049011,120.41,None,0.0,BTC-8NOV19-6250-C,9267.48,0.0,0.317,5.0,0.3415,5.0,172.03,1.21632,-5.6872,2.09386,3e-05,0.96913
9279.9,SYN.BTC-1NOV19,1572087541868,open,0.19,218.9,0.1485,0.193,0.1701349,107.13,0.2195,0.0,BTC-1NOV19-7750-C,9267.48,0.0,0.152,4.0,0.191,4.0,181.93,1.77921,-16.21993,1.11747,0.00012,0.91825
9402.22,BTC-27DEC19,1572087541870,open,0.44,73.5,0.4075,0.4465,0.42631383,94.42,0.266,0.0,BTC-27DEC19-5500-C,9267.48,0.0,0.41,6.0,0.4435,6.0,123.35,4.4774,-3.4162,8.22323,3e-05,0.94221
9295.52,SYN.BTC-8NOV19,1572087541871,open,0.3,0.0,0.2945,0.366,0.32812496,110.92,None,0.0,BTC-8NOV19-12250-P,9267.48,0.0,0.0,0.0,0.0,0.0,0.0,3.30639,-14.24115,-3.99071,0.0001,-0.8889
9279.9,SYN.BTC-1NOV19,1572087541876,open,0.19,218.9,0.1485,0.193,0.1701349,107.13,0.2195,0.0,BTC-1NOV19-7750-C,9267.48,0.0,0.152,4.0,0.1905,4.0,180.45,1.77921,-16.21993,1.11747,0.00012,0.91825
9402.22,BTC-27DEC19,1572087541900,open,0.54,11.6,0.5135,0.5425,0.52706867,106.3,0.441,0.0,BTC-27DEC19-4500-C,9267.48,0.0,0.515,6.0,0.534,6.0,126.81,2.52827,-2.17172,7.08315,2e-05,0.97144
9295.15,SYN.BTC-8NOV19,1572087541906,open,0.04,85.0,0.011,0.059,0.03336267,93.67,0.0375,0.0,BTC-8NOV19-10250-C,9267.48,88.57,0.03,23.0,0.038,32.0,100.46,6.24268,-22.70695,0.93957,0.00022,0.31994
9605.68,SYN.BTC-26JUN20,1572087541909,open,0.17,29.3,0.098,0.208,0.15397978,86.11,0.176,0.0,BTC-26JUN20-14000-C,9267.48,83.45,0.1455,12.9,0.157,6.9,87.04,30.80211,-5.43768,17.53937,6e-05,0.42728
9279.9,SYN.BTC-1NOV19,1572087541920,open,0.16,565.3,0.122,0.169,0.14511258,101.02,0.145,0.0,BTC-1NOV19-8000-C,9267.48,0.0,0.125,4.0,0.1675,4.0,171.29,2.22639,-19.13972,1.11136,0.00016,0.88914
9605.68,SYN.BTC-26JUN20,1572087541924,open,0.07,2.2,0.026,0.107,0.06236449,92.46,0.0615,0.0,BTC-26JUN20-24000-C,9267.48,89.18,0.055,17.7,0.062,4.0,92.3,22.12924,-4.19509,8.97661,4e-05,0.20224
9605.68,SYN.BTC-26JUN20,1572087541934,open,0.22,0.1,0.173,0.286,0.23099283,84.4,0.341,0.0,BTC-26JUN20-9000-P,9267.48,79.03,0.215,12.3,0.235,9.3,85.77,28.44193,-4.92168,-36.0152,5e-05,-0.3302
9522.88,BTC-27MAR20,1572087541968,open,0.3,268.2,0.243,0.332,0.28966833,85.32,0.2385,0.0,BTC-27MAR20-8000-C,9267.48,80.85,0.28,4.0,0.296,19.6,88.23,20.63881,-5.75956,17.28094,6e-05,0.72296
9522.88,BTC-27MAR20,1572087541970,open,0.21,458.8,0.147,0.2455,0.19873068,85.32,0.197,0.0,BTC-27MAR20-10000-C,9267.48,81.67,0.1895,5.0,0.202,9.6,86.6,24.15819,-6.74105,14.9818,7e-05,0.57438
9523.25,BTC-27MAR20,1572087541971,open,0.37,52.7,0.335,0.4575,0.39730761,85.66,0.35,0.0,BTC-27MAR20-12000-P,9267.48,66.85,0.35,2.0,0.4135,2.0,91.98,24.34844,-6.82114,-38.0079,7e-05,-0.55561
9522.88,BTC-27MAR20,1572087541973,open,0.25,1.2,0.19,0.2855,0.24004394,85.32,0.249,0.0,BTC-27MAR20-9000-C,9267.48,81.13,0.23,5.0,0.246,20.0,87.79,22.88842,-6.38688,16.24709,7e-05,0.64742
9522.88,BTC-27MAR20,1572087541971,open,0.3,268.2,0.243,0.332,0.28966833,85.32,0.2385,0.0,BTC-27MAR20-8000-C,9267.48,80.85,0.28,14.6,0.296,19.6,88.23,20.63881,-5.75956,17.28094,6e-05,0.72296
9522.88,BTC-27MAR20,1572087541979,open,0.21,458.8,0.147,0.2455,0.19873068,85.32,0.197,0.0,BTC-27MAR20-10000-C,9267.48,81.67,0.1895,16.5,0.202,9.6,86.6,24.15819,-6.74105,14.9818,7e-05,0.57438
9522.88,BTC-27MAR20,1572087541985,open,0.25,1.2,0.19,0.2855,0.24004394,85.32,0.249,0.0,BTC-27MAR20-9000-C,9267.48,81.13,0.23,16.0,0.246,20.0,87.79,22.88842,-6.38688,16.24709,7e-05,0.64742
9523.25,BTC-27MAR20,1572087542024,open,0.37,52.7,0.335,0.4575,0.39730761,85.66,0.35,0.0,BTC-27MAR20-12000-P,9267.48,67.06,0.3505,2.0,0.4135,2.0,91.98,24.34844,-6.82114,-38.0079,7e-05,-0.55561
9402.22,BTC-27DEC19,1572087542026,open,0.44,73.5,0.4075,0.4465,0.42631383,94.42,0.266,0.0,BTC-27DEC19-5500-C,9267.48,0.0,0.41,6.0,0.443,6.0,122.63,4.4774,-3.4162,8.22323,3e-05,0.94221
9523.36,BTC-27MAR20,1572087542047,open,0.05,411.8,0.0155,0.0765,0.04217821,91.69,0.0405,0.0,BTC-27MAR20-20000-C,9266.92,89.08,0.038,8.0,0.044,4.8,92.79,15.60306,-4.67906,5.10297,4e-05,0.17011
9295.52,SYN.BTC-8NOV19,1572087542044,open,0.0,93.0,0.0005,0.0145,0.00437227,119.31,0.0045,0.0,BTC-8NOV19-6500-P,9266.92,114.0,0.0035,30.0,0.0055,15.1,125.4,1.61857,-7.49915,-0.15789,4e-05,-0.04378
9606.35,SYN.BTC-26JUN20,1572087542048,open,0.08,2.2,0.0325,0.1185,0.0721275,91.13,0.072,0.0,BTC-26JUN20-22000-C,9266.92,88.21,0.065,14.5,0.072,4.4,91.08,23.82478,-4.45146,10.11256,4e-05,0.22968
9295.52,SYN.BTC-8NOV19,1572087542044,open,0.01,227.3,0.0005,0.017,0.00556243,114.81,0.004,0.0,BTC-8NOV19-6750-P,9266.92,109.51,0.0045,30.0,0.0065,0.1,119.08,1.96223,-8.74857,-0.20095,6e-05,-0.05572
9295.52,SYN.BTC-8NOV19,1572087542048,open,0.07,27.1,0.047,0.1125,0.07999317,90.45,0.0655,0.0,BTC-8NOV19-9500-P,9266.92,81.1,0.073,35.1,0.083,18.0,94.46,6.95855,-24.44106,-1.95827,0.00025,-0.51721
9280.28,SYN.BTC-1NOV19,1572087542044,open,0.24,0.0,0.242,0.303,0.27004651,116.69,None,0.0,BTC-1NOV19-11750-P,9266.92,0.0,0.0,0.0,0.0,0.0,0.0,1.48007,-14.69626,-1.80132,9e-05,-0.93572
9295.52,SYN.BTC-8NOV19,1572087542049,open,0.16,0.0,0.145,0.2175,0.18079551,98.27,None,0.0,BTC-8NOV19-10750-P,9266.92,59.71,0.162,3.0,0.2005,3.0,129.38,5.46938,-20.87238,-3.0737,0.00018,-0.75657
9606.35,SYN.BTC-26JUN20,1572087542048,open,0.08,29.2,0.046,0.1145,0.07953429,85.38,0.0795,0.0,BTC-26JUN20-6000-P,9266.92,80.39,0.07,16.7,0.0785,0.2,84.84,18.55651,-3.24821,-14.92967,4e-05,-0.15307
9295.52,SYN.BTC-8NOV19,1572087542044,open,0.13,0.0,0.122,0.193,0.15728937,94.82,None,0.0,BTC-8NOV19-10500-P,9266.92,66.2,0.141,3.0,0.179,3.0,127.43,5.83461,-21.48325,-2.89022,0.0002,-0.72412
9280.28,SYN.BTC-1NOV19,1572087542047,open,0.02,60.2,0.0045,0.0455,0.02241149,92.36,0.025,0.0,BTC-1NOV19-8750-P,9266.92,89.08,0.021,1.0,0.0245,1.0,97.15,4.01406,-31.54701,-0.46298,0.00031,-0.2875
9280.28,SYN.BTC-1NOV19,1572087542048,open,0.01,140.2,0.002,0.035,0.01511888,93.48,0.012,0.0,BTC-1NOV19-8500-P,9266.92,86.19,0.0125,24.0,0.0175,24.0,99.84,3.41152,-27.13741,-0.33917,0.00026,-0.21191
9341.26,SYN.BTC-29NOV19,1572087542049,open,0.2,0.0,0.1865,0.268,0.22749905,89.71,None,0.0,BTC-29NOV19-11000-P,9266.92,73.56,0.2105,3.0,0.23,13.1,91.99,10.20649,-13.51426,-7.84825,0.00014,-0.67776
9523.36,BTC-27MAR20,1572087542064,open,0.08,36.7,0.0495,0.1205,0.08430392,85.59,0.0615,0.0,BTC-27MAR20-7000-P,9266.92,81.56,0.077,18.9,0.088,22.7,87.61,17.38406,-4.86624,-11.44,5e-05,-0.2025
9606.35,SYN.BTC-26JUN20,1572087542067,open,0.71,0.0,0.6855,0.7135,0.69866565,92.91,None,0.0,BTC-26JUN20-3000-C,9266.92,0.0,0.6875,6.0,0.709,6.0,109.57,5.03464,-0.95906,17.54847,1e-05,0.97207
9402.24,BTC-27DEC19,1572087542068,open,0.59,31.1,0.567,0.591,0.5781051,111.25,0.6265,0.0,BTC-27DEC19-4000-C,9266.92,0.0,0.5685,7.0,0.5885,7.0,147.75,1.72124,-1.5474,6.43616,1e-05,0.98191
9606.35,SYN.BTC-26JUN20,1572087542066,open,0.05,34.9,0.0245,0.075,0.04824309,87.22,0.037,0.0,BTC-26JUN20-5000-P,9266.92,82.11,0.041,17.7,0.051,22.3,89.1,13.94283,-2.49321,-9.61882,3e-05,-0.10162
9401.68,BTC-27DEC19,1572087542081,open,0.31,66.3,0.2605,0.319,0.29032201,86.56,0.1765,0.0,BTC-27DEC19-7000-C,9266.92,54.57,0.264,5.0,0.317,5.0,111.62,9.31189,-6.51366,8.80464,7e-05,0.84275
9606.35,SYN.BTC-26JUN20,1572087542079,open,0.03,70.0,0.0105,0.043,0.02471749,88.74,0.0155,0.0,BTC-26JUN20-4000-P,9266.92,83.56,0.02,3.0,0.0275,27.1,91.61,9.12605,-1.66032,-5.31843,2e-05,-0.05814
9341.26,SYN.BTC-29NOV19,1572087542086,open,0.02,1023.4,0.0065,0.038,0.01991404,93.5,0.016,0.0,BTC-29NOV19-7000-P,9266.92,89.54,0.0175,22.8,0.0225,10.0,97.56,5.82446,-8.03809,-1.24745,8e-05,-0.12397
9280.28,SYN.BTC-1NOV19,1572087542088,open,0.1,244.5,0.0505,0.1065,0.0795139,92.27,0.09,0.0,BTC-1NOV19-8750-C,9266.92,92.24,0.0795,1.0,0.0845,1.0,103.64,4.01312,-31.50976,0.94585,0.00031,0.71265
9280.28,SYN.BTC-1NOV19,1572087542089,open,0.08,224.2,0.0335,0.09,0.06264436,92.28,0.0675,0.0,BTC-1NOV19-9000-C,9266.92,90.94,0.062,1.0,0.067,1.0,101.31,4.46225,-35.04065,0.84115,0.00035,0.62569
9523.36,BTC-27MAR20,1572087542086,open,0.17,24.4,0.134,0.2345,0.18513618,85.32,0.16,0.0,BTC-27MAR20-9000-P,9266.92,80.69,0.174,13.5,0.188,10.6,86.51,22.8888,-6.38694,-21.4469,7e-05,-0.35255
9280.28,SYN.BTC-1NOV19,1572087542091,open,0.14,258.7,0.096,0.146,0.12105989,95.51,0.14,0.0,BTC-1NOV19-8250-C,9266.92,95.3,0.121,1.0,0.1275,1.0,115.46,2.75873,-22.42071,1.08734,0.00021,0.8489
9280.28,SYN.BTC-1NOV19,1572087542093,open,0.02,51.7,0.0095,0.0585,0.03248189,92.36,0.0325,0.0,BTC-1NOV19-9000-P,9266.92,87.19,0.03,1.0,0.0345,1.0,96.55,4.4625,-35.07332,-0.60781,0.00035,-0.37437
9280.28,SYN.BTC-1NOV19,1572087542094,open,0.14,258.7,0.096,0.146,0.12105989,95.51,0.14,0.0,BTC-1NOV19-8250-C,9266.92,95.3,0.121,1.0,0.127,1.0,114.01,2.75873,-22.42071,1.08734,0.00021,0.8489
9280.28,SYN.BTC-1NOV19,1572087542095,open,0.03,77.5,0.0175,0.0735,0.04503739,92.37,0.0485,0.0,BTC-1NOV19-9250-P,9266.92,87.34,0.0425,1.0,0.047,1.0,96.26,4.67983,-36.78423,-0.76276,0.00037,-0.46554
9401.68,BTC-27DEC19,1572087542096,open,0.12,701.5,0.074,0.149,0.11264419,84.35,0.107,0.0,BTC-27DEC19-10000-C,9266.92,82.44,0.1095,16.5,0.116,9.5,86.4,15.44279,-10.52628,6.14829,0.00012,0.49841
9295.52,SYN.BTC-8NOV19,1572087542098,open,0.1,79.3,0.052,0.113,0.08366438,90.39,0.09,0.0,BTC-8NOV19-9000-C,9266.92,84.61,0.0795,18.0,0.087,2.0,95.01,6.70622,-23.53877,1.7207,0.00024,0.60842
9280.28,SYN.BTC-1NOV19,1572087542099,open,0.01,39.3,0.0005,0.024,0.00766169,107.92,0.0075,0.0,BTC-1NOV19-11000-C,9266.92,105.26,0.007,1.0,0.0095,5.0,114.82,2.36045,-21.67677,0.16837,0.00016,0.12037
9295.52,SYN.BTC-8NOV19,1572087542100,open,0.02,4.0,0.002,0.0325,0.01317301,106.13,0.0205,0.0,BTC-8NOV19-11750-C,9266.92,99.47,0.0105,45.0,0.0155,11.0,111.49,3.90457,-16.09188,0.41913,0.00012,0.14099
9402.24,BTC-27DEC19,1572087542100,open,0.74,0.0,0.7245,0.744,0.73437494,119.51,None,0.0,BTC-27DEC19-2500-C,9266.92,0.0,0.7265,8.0,0.739,8.0,177.12,0.20616,-0.19909,4.20746,0.0,0.99835
9280.28,SYN.BTC-1NOV19,1572087542106,open,0.12,438.7,0.0715,0.1255,0.09916121,93.38,0.102,0.0,BTC-1NOV19-8500-C,9266.92,92.94,0.099,1.0,0.1045,1.0,107.4,3.40953,-27.09261,1.02952,0.00026,0.7883
9280.28,SYN.BTC-1NOV19,1572087542106,open,0.08,12.4,0.0665,0.1315,0.09893843,97.23,0.1015,0.0,BTC-1NOV19-10000-P,9266.92,92.75,0.097,1.0,0.1005,7.1,100.78,4.05167,-33.52199,-1.20359,0.0003,-0.70672
9280.28,SYN.BTC-1NOV19,1572087542108,open,0.02,13.3,0.002,0.038,0.01643079,99.86,0.0155,0.0,BTC-1NOV19-10250-C,9266.92,98.75,0.016,1.0,0.019,25.0,106.32,3.62199,-30.77864,0.32717,0.00026,0.23543
9280.28,SYN.BTC-1NOV19,1572087542110,open,0.1,2.0,0.089,0.154,0.12096797,99.97,0.064,0.0,BTC-1NOV19-10250-P,9266.92,93.52,0.1185,1.0,0.122,6.1,102.6,3.6245,-30.83493,-1.32248,0.00026,-0.76427
9280.28,SYN.BTC-1NOV19,1572087542112,open,0.12,0.1,0.113,0.1775,0.14417003,102.73,0.1205,0.0,BTC-1NOV19-10500-P,9266.92,94.64,0.1415,1.0,0.1455,1.0,106.55,3.18304,-27.82571,-1.42721,0.00022,-0.81117
9402.24,BTC-27DEC19,1572087542120,open,0.35,67.1,0.307,0.359,0.33296408,88.41,0.3835,0.0,BTC-27DEC19-6500-C,9266.92,62.7,0.316,5.0,0.3555,5.0,113.54,7.55244,-5.3956,8.78567,6e-05,0.88417
9280.28,SYN.BTC-1NOV19,1572087542125,open,0.12,0.1,0.113,0.1775,0.14417003,102.73,0.1205,0.0,BTC-1NOV19-10500-P,9266.92,97.75,0.1425,1.0,0.1455,1.0,106.55,3.18304,-27.82571,-1.42721,0.00022,-0.81117
9280.28,SYN.BTC-1NOV19,1572087542126,open,0.24,11.1,0.203,0.2425,0.22162033,119.0,0.25,0.0,BTC-1NOV19-7250-C,9266.92,0.0,0.2155,4.2,0.2385,4.0,200.57,1.08734,-11.01081,1.09775,7e-05,0.95643
9341.26,SYN.BTC-29NOV19,1572087542127,open,0.05,130.5,0.0335,0.092,0.06210171,87.16,0.063,0.0,BTC-29NOV19-8500-P,9266.92,83.35,0.058,11.7,0.067,7.0,91.69,10.07775,-12.96526,-3.2495,0.00014,-0.31271
9401.68,BTC-27DEC19,1572087542129,open,0.49,66.8,0.46,0.494,0.47620472,100.01,0.4085,0.0,BTC-27DEC19-5000-C,9266.92,0.0,0.4625,6.0,0.4845,6.0,119.0,3.40206,-2.74933,7.69506,2e-05,0.95902
9402.24,BTC-27DEC19,1572087542130,open,0.27,386.9,0.2175,0.282,0.25093391,85.11,0.2465,0.0,BTC-27DEC19-7500-C,9266.92,58.66,0.2225,5.0,0.2695,14.0,100.48,11.03189,-7.58726,8.65538,9e-05,0.79397
9341.26,SYN.BTC-29NOV19,1572087542144,open,0.21,393.1,0.1555,0.2175,0.18739238,88.7,0.197,0.0,BTC-29NOV19-8000-C,9266.92,84.01,0.183,8.0,0.1965,21.6,98.19,8.83177,-11.56265,4.97077,0.00012,0.76075
9341.26,SYN.BTC-29NOV19,1572087542146,open,0.17,734.5,0.118,0.1835,0.15212296,87.13,0.165,0.0,BTC-29NOV19-8500-C,9266.92,83.3,0.148,17.3,0.159,5.0,93.48,10.07732,-12.95959,4.63995,0.00014,0.68732
9401.68,BTC-27DEC19,1572087542161,open,0.84,10.1,0.8305,0.85,0.84046789,128.69,0.8205,0.0,BTC-27DEC19-1500-C,9266.92,0.0,0.8325,10.0,0.8435,10.0,225.11,0.01477,-0.01536,2.54108,0.0,0.9999
9402.24,BTC-27DEC19,1572087542162,open,0.79,0.0,0.7775,0.797,0.78732858,118.26,None,0.0,BTC-27DEC19-2000-C,9266.92,0.0,0.7795,9.0,0.7915,9.0,200.58,0.04421,-0.04225,3.3848,0.0,0.99969
9280.28,SYN.BTC-1NOV19,1572087542163,open,0.17,0.0,0.1635,0.226,0.19301867,108.1,None,0.0,BTC-1NOV19-11000-P,9266.92,0.0,0.166,3.0,0.2085,3.0,155.84,2.36672,-21.77183,-1.60178,0.00016,-0.87918
9606.35,SYN.BTC-26JUN20,1572087542165,open,0.71,0.0,0.6855,0.7135,0.69866565,92.91,None,0.0,BTC-26JUN20-3000-C,9266.92,0.0,0.6875,6.0,0.7095,6.0,110.28,5.03464,-0.95906,17.54847,1e-05,0.97207
9402.24,BTC-27DEC19,1572087542167,open,0.59,31.1,0.567,0.591,0.5781051,111.25,0.6265,0.0,BTC-27DEC19-4000-C,9266.92,0.0,0.568,7.0,0.5885,7.0,147.75,1.72124,-1.5474,6.43616,1e-05,0.98191
9402.24,BTC-27DEC19,1572087542159,open,0.17,495.7,0.1175,0.1935,0.15717098,84.23,0.145,0.0,BTC-27DEC19-9000-C,9266.92,81.9,0.1535,15.4,0.1605,10.5,86.35,14.76657,-10.05095,7.34053,0.00012,0.61771
9295.52,SYN.BTC-8NOV19,1572087542174,open,0.25,20.0,0.2065,0.2515,0.22826707,103.7,0.307,0.0,BTC-8NOV19-7250-C,9266.92,0.0,0.209,4.0,0.2405,4.0,137.86,2.71228,-10.92245,2.25246,9e-05,0.91519
9402.24,BTC-27DEC19,1572087542169,open,0.23,495.5,0.1795,0.2495,0.21616885,84.83,0.209,0.0,BTC-27DEC19-8000-C,9266.92,81.71,0.212,13.8,0.225,28.8,91.37,12.60753,-8.64219,8.31668,0.0001,0.73795
9295.52,SYN.BTC-8NOV19,1572087542178,open,0.35,0.0,0.3145,0.3485,0.33049011,119.72,None,0.0,BTC-8NOV19-6250-C,9266.92,0.0,0.3165,5.0,0.3415,5.0,171.95,1.19468,-5.55417,2.09633,3e-05,0.96979
9401.68,BTC-27DEC19,1572087542180,open,0.44,73.5,0.4075,0.4465,0.42631383,94.53,0.266,0.0,BTC-27DEC19-5500-C,9266.92,0.0,0.4095,6.0,0.443,6.0,122.67,4.48781,-3.42809,8.2196,3e-05,0.94204
9280.28,SYN.BTC-1NOV19,1572087542188,open,0.19,218.9,0.1485,0.193,0.1701349,106.58,0.2195,0.0,BTC-1NOV19-7750-C,9266.92,0.0,0.1515,4.0,0.1905,4.0,180.37,1.76253,-15.9855,1.11915,0.00012,0.91927
9295.52,SYN.BTC-8NOV19,1572087542187,open,0.02,4.6,0.0015,0.0295,0.01138496,107.96,0.0105,0.0,BTC-8NOV19-12000-C,9266.92,101.41,0.009,45.0,0.0135,11.1,113.27,3.56192,-14.93234,0.36734,0.00011,0.12341
9280.28,SYN.BTC-1NOV19,1572087542196,open,0.19,218.9,0.1485,0.193,0.1701349,106.58,0.2195,0.0,BTC-1NOV19-7750-C,9266.92,0.0,0.1515,4.0,0.191,4.0,181.85,1.76253,-15.9855,1.11915,0.00012,0.91927
9280.28,SYN.BTC-1NOV19,1572087542208,open,0.12,0.1,0.113,0.1775,0.14417003,102.73,0.1205,0.0,BTC-1NOV19-10500-P,9266.92,96.21,0.142,1.0,0.1455,1.0,106.55,3.18304,-27.82571,-1.42721,0.00022,-0.81117
9280.28,SYN.BTC-1NOV19,1572087542214,open,0.22,160.4,0.176,0.2175,0.19577896,113.32,0.197,0.0,BTC-1NOV19-7500-C,9266.92,0.0,0.1785,4.0,0.204,4.0,153.65,1.40593,-13.55771,1.11154,9e-05,0.93982
9295.52,SYN.BTC-8NOV19,1572087542217,open,0.37,0.0,0.3415,0.3725,0.35628483,119.71,None,0.0,BTC-8NOV19-6000-C,9266.92,0.0,0.3435,5.0,0.3675,5.0,182.29,0.83545,-3.88381,2.04611,2e-05,0.98027
9295.52,SYN.BTC-8NOV19,1572087542229,open,0.0,93.0,0.0005,0.0145,0.00437227,119.31,0.0045,0.0,BTC-8NOV19-6500-P,9266.92,114.0,0.0035,30.0,0.0055,0.1,125.4,1.61857,-7.49915,-0.15789,4e-05,-0.04378
9606.35,SYN.BTC-26JUN20,1572087542230,open,0.11,5.8,0.054,0.153,0.10181638,88.67,0.12,0.0,BTC-26JUN20-18000-C,9266.92,85.74,0.0935,13.8,0.1025,5.4,88.91,27.5901,-5.01574,13.17871,5e-05,0.30714
9295.52,SYN.BTC-8NOV19,1572087542244,open,0.05,68.5,0.0155,0.0675,0.04047489,92.9,0.037,0.0,BTC-8NOV19-10000-C,9266.92,87.26,0.0365,22.0,0.044,7.0,97.85,6.59278,-23.78364,1.08105,0.00023,0.37016
9523.36,BTC-27MAR20,1572087542257,open,0.11,315.3,0.054,0.1425,0.09759506,86.85,0.098,0.0,BTC-27MAR20-14000-C,9266.92,84.27,0.0915,6.0,0.101,6.8,88.28,22.65655,-6.43557,9.78551,7e-05,0.34292
9280.28,SYN.BTC-1NOV19,1572087542310,open,0.14,258.7,0.096,0.146,0.12105989,95.51,0.14,0.0,BTC-1NOV19-8250-C,9266.92,95.3,0.121,1.0,0.126,1.0,111.06,2.75873,-22.42071,1.08734,0.00021,0.8489
9606.35,SYN.BTC-26JUN20,1572087542333,open,0.58,0.0,0.537,0.684,0.61145011,86.12,None,0.0,BTC-26JUN20-14000-P,9266.92,68.39,0.556,2.0,0.6685,2.0,103.72,30.80591,-5.43957,-75.99848,6e-05,-0.5726
9295.52,SYN.BTC-8NOV19,1572087542335,open,0.02,4.6,0.0015,0.0295,0.01138496,107.96,0.0105,0.0,BTC-8NOV19-12000-C,9266.92,101.41,0.009,30.0,0.0135,11.1,113.27,3.56192,-14.93234,0.36734,0.00011,0.12341
9606.35,SYN.BTC-26JUN20,1572087542337,open,0.11,5.8,0.054,0.153,0.10181638,88.67,0.12,0.0,BTC-26JUN20-18000-C,9266.92,85.39,0.0925,3.0,0.1025,5.4,88.91,27.5901,-5.01574,13.17871,5e-05,0.30714
9341.26,SYN.BTC-29NOV19,1572087542339,open,0.14,348.3,0.088,0.155,0.12276407,86.99,0.134,0.0,BTC-29NOV19-9000-C,9266.92,83.34,0.1185,18.1,0.1305,30.5,93.59,10.93797,-14.04314,4.20292,0.00016,0.60755
9341.26,SYN.BTC-29NOV19,1572087542351,open,0.04,477.6,0.0205,0.07,0.04384297,88.74,0.048,0.0,BTC-29NOV19-8000-P,9266.92,84.64,0.04,20.9,0.048,8.0,93.1,8.83291,-11.56897,-2.45483,0.00012,-0.23931
9402.24,BTC-27DEC19,1572087542353,open,0.64,4.3,0.62,0.6405,0.62979204,116.32,0.5625,0.0,BTC-27DEC19-3500-C,9266.92,0.0,0.6215,7.0,0.6355,7.0,147.29,1.08969,-1.02429,5.73101,1e-05,0.98935
9295.52,SYN.BTC-8NOV19,1572087542348,open,0.06,5.3,0.0205,0.0755,0.04777326,90.67,0.0435,0.0,BTC-8NOV19-9750-C,9266.92,86.21,0.0445,22.0,0.0515,2.0,95.73,6.83364,-24.06055,1.22919,0.00025,0.42263
9402.24,BTC-27DEC19,1572087542365,open,0.69,10.0,0.672,0.6915,0.68188921,120.0,0.618,0.0,BTC-27DEC19-3000-C,9266.92,0.0,0.674,8.0,0.6875,8.0,162.81,0.58434,-0.56662,4.9867,0.0,0.99475
9523.36,BTC-27MAR20,1572087542358,open,0.08,36.7,0.0495,0.1205,0.08430392,85.59,0.0615,0.0,BTC-27MAR20-7000-P,9266.92,81.56,0.077,27.9,0.088,22.7,87.61,17.38406,-4.86624,-11.44,5e-05,-0.2025
9402.24,BTC-27DEC19,1572087542363,open,0.09,919.5,0.046,0.116,0.08081939,85.23,0.08,0.0,BTC-27DEC19-11000-C,9266.92,83.12,0.0775,17.6,0.0835,8.6,86.92,14.88371,-10.25021,4.97392,0.00012,0.39288
9606.35,SYN.BTC-26JUN20,1572087542374,open,0.1,21.1,0.0415,0.1345,0.08559929,90.13,0.086,0.0,BTC-26JUN20-20000-C,9266.92,86.87,0.077,14.2,0.085,4.8,89.91,25.73581,-4.75559,11.53588,5e-05,0.26533
9341.26,SYN.BTC-29NOV19,1572087542385,open,0.17,734.5,0.118,0.1835,0.15212296,87.13,0.165,0.0,BTC-29NOV19-8500-C,9266.92,83.3,0.148,17.3,0.1595,5.0,93.94,10.07732,-12.95959,4.63995,0.00014,0.68732
9523.36,BTC-27MAR20,1572087542387,open,0.37,52.7,0.335,0.4575,0.39730761,85.67,0.35,0.0,BTC-27MAR20-12000-P,9266.92,66.86,0.35,2.0,0.4135,2.0,91.98,24.3492,-6.82253,-38.0072,7e-05,-0.55555
9280.28,SYN.BTC-1NOV19,1572087542391,open,0.02,60.2,0.0045,0.0455,0.02241149,92.36,0.025,0.0,BTC-1NOV19-8750-P,9266.92,89.08,0.021,1.0,0.025,25.0,98.3,4.01406,-31.54701,-0.46298,0.00031,-0.2875
9280.28,SYN.BTC-1NOV19,1572087542393,open,0.08,224.2,0.0335,0.09,0.06264436,92.28,0.0675,0.0,BTC-1NOV19-9000-C,9266.92,90.94,0.062,1.0,0.0665,1.0,100.28,4.46225,-35.04065,0.84115,0.00035,0.62569
9280.28,SYN.BTC-1NOV19,1572087542394,open,0.02,51.7,0.0095,0.0585,0.03248189,92.36,0.0325,0.0,BTC-1NOV19-9000-P,9266.92,88.23,0.0305,1.0,0.0345,1.0,96.55,4.4625,-35.07332,-0.60781,0.00035,-0.37437
9280.28,SYN.BTC-1NOV19,1572087542396,open,0.06,200.7,0.0205,0.075,0.04825993,92.29,0.0445,0.0,BTC-1NOV19-9250-C,9266.92,92.76,0.0485,1.0,0.052,1.0,99.71,4.67984,-36.75276,0.72633,0.00037,0.53445
9402.24,BTC-27DEC19,1572087542401,open,0.17,495.7,0.1175,0.1935,0.15717098,84.23,0.145,0.0,BTC-27DEC19-9000-C,9266.92,80.94,0.152,15.0,0.1605,10.5,86.35,14.76657,-10.05095,7.34053,0.00012,0.61771
9401.68,BTC-27DEC19,1572087542401,open,0.31,73.1,0.2875,0.3825,0.33489924,86.57,0.518,0.0,BTC-27DEC19-12000-P,9266.92,54.38,0.294,3.0,0.367,3.0,107.87,13.58479,-9.50354,-16.39373,0.0001,-0.6937
9401.68,BTC-27DEC19,1572087542403,open,0.44,73.5,0.4075,0.4465,0.42631383,94.53,0.266,0.0,BTC-27DEC19-5500-C,9266.92,0.0,0.4095,6.0,0.4435,6.0,123.39,4.48781,-3.42809,8.2196,3e-05,0.94204
9280.28,SYN.BTC-1NOV19,1572087542408,open,0.03,77.5,0.0175,0.0735,0.04503739,92.37,0.0485,0.0,BTC-1NOV19-9250-P,9266.92,88.33,0.043,1.0,0.047,1.0,96.26,4.67983,-36.78423,-0.76276,0.00037,-0.46554
9280.28,SYN.BTC-1NOV19,1572087542410,open,0.05,281.3,0.012,0.063,0.03671532,93.04,0.033,0.0,BTC-1NOV19-9500-C,9266.92,91.61,0.036,1.0,0.0405,5.0,100.58,4.65206,-36.83083,0.60941,0.00036,0.44464
9280.28,SYN.BTC-1NOV19,1572087542428,open,0.12,0.1,0.113,0.1775,0.14417003,102.73,0.1205,0.0,BTC-1NOV19-10500-P,9266.92,94.64,0.1415,1.0,0.1455,1.0,106.55,3.18304,-27.82571,-1.42721,0.00022,-0.81117
9606.35,SYN.BTC-26JUN20,1572087542413,open,0.14,18.8,0.072,0.1775,0.12433746,87.49,0.1205,0.0,BTC-26JUN20-16000-C,9266.92,84.59,0.1155,13.4,0.126,6.0,88.04,29.4053,-5.2748,15.19127,5e-05,0.36102
9280.28,SYN.BTC-1NOV19,1572087542463,open,0.12,0.1,0.113,0.1775,0.14417003,102.73,0.1205,0.0,BTC-1NOV19-10500-P,9266.92,97.75,0.1425,1.0,0.1455,1.0,106.55,3.18304,-27.82571,-1.42721,0.00022,-0.81117
9606.35,SYN.BTC-26JUN20,1572087542483,open,0.43,0.3,0.3755,0.514,0.4462982,85.42,0.435,0.0,BTC-26JUN20-12000-P,9266.92,78.56,0.424,5.8,0.4935,2.0,99.94,31.31154,-5.48372,-59.9617,6e-05,-0.48784
9295.52,SYN.BTC-8NOV19,1572087542486,open,0.2,42.7,0.1545,0.2055,0.18011817,96.89,0.175,0.0,BTC-8NOV19-7750-C,9266.92,0.0,0.157,4.0,0.1925,4.0,123.8,3.84416,-14.4631,2.2367,0.00013,0.8622
9295.52,SYN.BTC-8NOV19,1572087542482,open,0.03,30.3,0.008,0.052,0.02767791,94.75,0.0265,0.0,BTC-8NOV19-10500-C,9266.92,89.63,0.0245,47.0,0.0315,8.1,100.77,5.83255,-21.45927,0.81324,0.0002,0.27568
9280.28,SYN.BTC-1NOV19,1572087542490,open,0.24,11.1,0.2035,0.2425,0.22164978,119.0,0.25,0.0,BTC-1NOV19-7250-C,9266.92,0.0,0.2155,4.2,0.239,4.0,202.36,1.08734,-11.01081,1.09775,7e-05,0.95643
9402.24,BTC-27DEC19,1572087542499,open,0.74,0.0,0.7245,0.744,0.73438589,119.51,None,0.0,BTC-27DEC19-2500-C,9266.92,0.0,0.726,8.0,0.739,8.0,177.12,0.20616,-0.19909,4.20746,0.0,0.99835
9523.36,BTC-27MAR20,1572087542501,open,0.61,1.3,0.5765,0.611,0.59299945,93.66,0.493,0.0,BTC-27MAR20-4000-C,9266.92,0.0,0.5775,5.0,0.6025,5.0,108.17,5.46656,-1.67461,14.58113,2e-05,0.95855
9280.28,SYN.BTC-1NOV19,1572087542514,open,0.16,565.3,0.122,0.169,0.14514243,100.59,0.145,0.0,BTC-1NOV19-8000-C,9266.92,0.0,0.1245,4.0,0.1675,4.0,171.22,2.21276,-18.94052,1.11293,0.00016,0.89009
9402.24,BTC-27DEC19,1572087542525,open,0.35,67.1,0.307,0.359,0.33298699,88.41,0.3835,0.0,BTC-27DEC19-6500-C,9266.92,62.7,0.316,5.0,0.356,5.0,114.05,7.55244,-5.3956,8.78567,6e-05,0.88417
9402.24,BTC-27DEC19,1572087542527,open,0.27,386.9,0.2175,0.282,0.25095646,85.11,0.2465,0.0,BTC-27DEC19-7500-C,9266.92,58.13,0.222,5.0,0.2695,14.0,100.48,11.03189,-7.58726,8.65538,9e-05,0.79397
9401.68,BTC-27DEC19,1572087542529,open,0.31,66.3,0.2605,0.319,0.29029025,86.56,0.1765,0.0,BTC-27DEC19-7000-C,9266.92,53.71,0.2635,5.0,0.317,5.0,111.62,9.31189,-6.51366,8.80464,7e-05,0.84275
9295.52,SYN.BTC-8NOV19,1572087542534,open,0.03,30.3,0.008,0.052,0.02767791,94.75,0.0265,0.0,BTC-8NOV19-10500-C,9266.92,89.63,0.0245,32.0,0.0315,8.1,100.77,5.83255,-21.45927,0.81324,0.0002,0.27568
9295.52,SYN.BTC-8NOV19,1572087542536,open,0.06,5.3,0.021,0.0755,0.04778841,90.67,0.0435,0.0,BTC-8NOV19-9750-C,9266.92,86.21,0.0445,7.0,0.0515,2.0,95.73,6.83364,-24.06055,1.22919,0.00025,0.42263
9280.28,SYN.BTC-1NOV19,1572087542531,open,0.02,46.9,0.0015,0.0325,0.01270011,102.6,0.012,0.0,BTC-1NOV19-10500-C,9266.92,99.06,0.0115,1.0,0.0145,24.0,107.76,3.17937,-27.75788,0.2626,0.00022,0.18847
9401.68,BTC-27DEC19,1572087542542,open,0.84,10.1,0.8305,0.85,0.84045873,128.69,0.8205,0.0,BTC-27DEC19-1500-C,9266.92,0.0,0.832,10.0,0.8435,10.0,225.11,0.01477,-0.01536,2.54108,0.0,0.9999
9401.68,BTC-27DEC19,1572087542546,open,0.79,0.0,0.7775,0.797,0.78732474,120.69,None,0.0,BTC-27DEC19-2000-C,9266.92,0.0,0.779,9.0,0.7915,9.0,200.68,0.05402,-0.05268,3.38341,0.0,0.99961
9402.24,BTC-27DEC19,1572087542548,open,0.23,495.5,0.1795,0.2495,0.21617002,84.83,0.209,0.0,BTC-27DEC19-8000-C,9266.92,81.33,0.2115,6.0,0.225,28.8,91.37,12.60753,-8.64219,8.31668,0.0001,0.73795
9606.35,SYN.BTC-26JUN20,1572087542548,open,0.43,0.3,0.3755,0.514,0.4462982,85.42,0.435,0.0,BTC-26JUN20-12000-P,9266.92,78.56,0.424,5.8,0.4925,2.0,99.63,31.31154,-5.48372,-59.9617,6e-05,-0.48784
9402.24,BTC-27DEC19,1572087542549,open,0.09,919.5,0.046,0.116,0.08081997,85.23,0.08,0.0,BTC-27DEC19-11000-C,9266.92,82.81,0.077,8.0,0.0835,8.6,86.92,14.88371,-10.25021,4.97392,0.00012,0.39288
9341.26,SYN.BTC-29NOV19,1572087542551,open,0.21,393.1,0.1555,0.2175,0.1874158,88.7,0.197,0.0,BTC-29NOV19-8000-C,9266.92,82.39,0.1815,5.0,0.1965,21.6,98.19,8.83177,-11.56265,4.97077,0.00012,0.76075
9295.52,SYN.BTC-8NOV19,1572087542551,open,0.02,10.1,0.0025,0.035,0.01507022,103.76,0.012,0.0,BTC-8NOV19-11500-C,9266.92,97.95,0.0125,24.0,0.0175,10.0,108.94,4.2475,-17.11484,0.47518,0.00013,0.15998
9606.35,SYN.BTC-26JUN20,1572087542553,open,0.22,0.1,0.173,0.286,0.23095347,84.43,0.341,0.0,BTC-26JUN20-9000-P,9266.92,79.05,0.215,12.3,0.2355,9.3,85.95,28.44166,-4.92319,-36.0161,5e-05,-0.33014
9295.52,SYN.BTC-8NOV19,1572087542555,open,0.05,68.5,0.0155,0.0675,0.0404881,92.9,0.037,0.0,BTC-8NOV19-10000-C,9266.92,87.26,0.0365,7.0,0.044,7.0,97.85,6.59278,-23.78364,1.08105,0.00023,0.37016
9341.26,SYN.BTC-29NOV19,1572087542556,open,0.14,348.3,0.088,0.155,0.12278429,86.99,0.134,0.0,BTC-29NOV19-9000-C,9266.92,83.34,0.1185,8.0,0.1305,30.5,93.59,10.93797,-14.04314,4.20292,0.00016,0.60755
9280.28,SYN.BTC-1NOV19,1572087542560,open,0.17,0.0,0.1635,0.226,0.19297585,108.1,None,0.0,BTC-1NOV19-11000-P,9266.92,0.0,0.1655,3.0,0.2085,3.0,155.84,2.36672,-21.77183,-1.60178,0.00016,-0.87918
9401.68,BTC-27DEC19,1572087542561,open,0.31,66.3,0.2605,0.319,0.29029025,86.56,0.1765,0.0,BTC-27DEC19-7000-C,9266.92,53.71,0.2635,5.0,0.316,5.0,110.72,9.31189,-6.51366,8.80464,7e-05,0.84275
9606.35,SYN.BTC-26JUN20,1572087542558,open,0.08,2.2,0.0325,0.1185,0.07213741,91.13,0.072,0.0,BTC-26JUN20-22000-C,9266.92,88.0,0.0645,17.5,0.072,4.4,91.08,23.82478,-4.45146,10.11256,4e-05,0.22968
9522.8,BTC-27MAR20,1572087542569,open,0.3,268.2,0.243,0.332,0.28966393,85.31,0.2385,0.0,BTC-27MAR20-8000-C,9266.92,80.85,0.28,4.0,0.296,19.6,88.23,20.63875,-5.75872,17.28186,6e-05,0.72296
9523.36,BTC-27MAR20,1572087542571,open,0.61,1.3,0.5765,0.611,0.59299945,93.66,0.493,0.0,BTC-27MAR20-4000-C,9266.92,0.0,0.578,5.0,0.6025,5.0,108.17,5.46656,-1.67461,14.58113,2e-05,0.95855
9606.35,SYN.BTC-26JUN20,1572087542578,open,0.1,21.1,0.042,0.1345,0.08561046,90.13,0.086,0.0,BTC-26JUN20-20000-C,9266.92,86.67,0.0765,3.0,0.085,4.8,89.91,25.73581,-4.75559,11.53588,5e-05,0.26533
9341.26,SYN.BTC-29NOV19,1572087542564,open,0.21,393.1,0.1555,0.2175,0.1874158,88.7,0.197,0.0,BTC-29NOV19-8000-C,9266.92,83.48,0.1825,8.0,0.1965,21.6,98.19,8.83177,-11.56265,4.97077,0.00012,0.76075
9280.28,SYN.BTC-1NOV19,1572087542595,open,0.16,565.3,0.122,0.169,0.14514243,100.59,0.145,0.0,BTC-1NOV19-8000-C,9266.92,0.0,0.1245,4.0,0.1665,4.0,168.51,2.21276,-18.94052,1.11293,0.00016,0.89009
9606.35,SYN.BTC-26JUN20,1572087542579,open,0.21,19.3,0.138,0.2515,0.1971245,85.4,0.2185,0.0,BTC-26JUN20-12000-C,9266.92,81.99,0.186,12.3,0.2005,8.0,86.44,31.31174,-5.48205,20.21685,6e-05,0.51208
9280.28,SYN.BTC-1NOV19,1572087542609,open,0.22,160.4,0.176,0.218,0.19580877,113.32,0.197,0.0,BTC-1NOV19-7500-C,9266.92,0.0,0.178,4.0,0.204,4.0,153.65,1.40593,-13.55771,1.11154,9e-05,0.93982
9341.26,SYN.BTC-29NOV19,1572087542609,open,0.14,348.3,0.088,0.155,0.12278429,86.99,0.134,0.0,BTC-29NOV19-9000-C,9266.92,83.34,0.1185,8.0,0.1305,38.5,93.59,10.93797,-14.04314,4.20292,0.00016,0.60755
9606.35,SYN.BTC-26JUN20,1572087542610,open,0.14,18.8,0.072,0.1775,0.12435293,87.49,0.1205,0.0,BTC-26JUN20-16000-C,9266.92,84.42,0.115,3.0,0.126,6.0,88.04,29.4053,-5.2748,15.19127,5e-05,0.36102
9295.52,SYN.BTC-8NOV19,1572087542611,open,0.15,118.4,0.107,0.1635,0.13604704,91.93,0.187,0.0,BTC-8NOV19-8250-C,9266.92,0.0,0.11,5.0,0.144,5.0,105.89,5.14863,-18.38,2.1167,0.00018,0.78154
9280.28,SYN.BTC-1NOV19,1572087542612,open,0.19,218.9,0.149,0.193,0.1701649,106.58,0.2195,0.0,BTC-1NOV19-7750-C,9266.92,0.0,0.1515,4.0,0.19,4.0,178.89,1.76253,-15.9855,1.11915,0.00012,0.91927
9402.24,BTC-27DEC19,1572087542612,open,0.17,495.7,0.1175,0.1935,0.15717173,84.23,0.145,0.0,BTC-27DEC19-9000-C,9266.92,81.9,0.1535,15.4,0.1605,10.5,86.35,14.76657,-10.05095,7.34053,0.00012,0.61771
9606.35,SYN.BTC-26JUN20,1572087542620,open,0.22,0.1,0.173,0.286,0.23095347,84.43,0.341,0.0,BTC-26JUN20-9000-P,9266.92,79.05,0.215,12.3,0.236,10.7,86.12,28.44166,-4.92319,-36.0161,5e-05,-0.33014
9522.8,BTC-27MAR20,1572087542621,open,0.21,458.8,0.147,0.2455,0.19872626,85.31,0.197,0.0,BTC-27MAR20-10000-C,9266.92,81.67,0.1895,5.0,0.202,9.6,86.6,24.15824,-6.74034,14.98188,7e-05,0.57436
9522.8,BTC-27MAR20,1572087542622,open,0.25,1.2,0.19,0.2855,0.24003937,85.31,0.249,0.0,BTC-27MAR20-9000-C,9266.92,81.14,0.23,5.0,0.246,20.0,87.79,22.88855,-6.38613,16.24755,7e-05,0.6474
9295.52,SYN.BTC-8NOV19,1572087542623,open,0.2,42.7,0.1545,0.2055,0.18011817,96.89,0.175,0.0,BTC-8NOV19-7750-C,9266.92,0.0,0.1575,4.0,0.1925,4.0,123.8,3.84416,-14.4631,2.2367,0.00013,0.8622
9523.36,BTC-27MAR20,1572087542635,open,0.37,52.7,0.335,0.4575,0.39729626,85.67,0.35,0.0,BTC-27MAR20-12000-P,9266.92,67.27,0.351,2.0,0.4135,2.0,91.98,24.3492,-6.82253,-38.0072,7e-05,-0.55555
9341.26,SYN.BTC-29NOV19,1572087542636,open,0.17,734.5,0.118,0.1835,0.15214489,87.13,0.165,0.0,BTC-29NOV19-8500-C,9266.92,83.3,0.148,9.3,0.1595,5.0,93.94,10.07732,-12.95959,4.63995,0.00014,0.68732
9606.35,SYN.BTC-26JUN20,1572087542636,open,0.58,0.0,0.5365,0.684,0.61136728,86.12,None,0.0,BTC-26JUN20-14000-P,9266.92,68.23,0.5555,2.0,0.6685,2.0,103.72,30.80591,-5.43957,-75.99848,6e-05,-0.5726
9295.52,SYN.BTC-8NOV19,1572087542634,open,0.02,4.6,0.0015,0.0295,0.01138943,107.96,0.0105,0.0,BTC-8NOV19-12000-C,9266.92,101.41,0.009,45.0,0.0135,11.1,113.27,3.56192,-14.93234,0.36734,0.00011,0.12341
9606.35,SYN.BTC-26JUN20,1572087542649,open,0.58,0.0,0.5365,0.684,0.61136728,86.12,None,0.0,BTC-26JUN20-14000-P,9266.92,68.23,0.5555,2.0,0.669,2.0,103.88,30.80591,-5.43957,-75.99848,6e-05,-0.5726
9605.9,SYN.BTC-26JUN20,1572087542642,open,0.11,5.8,0.054,0.153,0.1018294,88.68,0.12,0.0,BTC-26JUN20-18000-C,9266.92,85.75,0.0935,13.8,0.1025,5.4,88.91,27.58941,-5.01606,13.17826,5e-05,0.30716
9402.24,BTC-27DEC19,1572087542655,open,0.64,4.3,0.62,0.6405,0.62980693,116.32,0.5625,0.0,BTC-27DEC19-3500-C,9266.92,0.0,0.621,7.0,0.6355,7.0,147.29,1.08969,-1.02429,5.73101,1e-05,0.98935
9402.24,BTC-27DEC19,1572087542657,open,0.69,10.0,0.672,0.6915,0.68188921,120.0,0.618,0.0,BTC-27DEC19-3000-C,9266.92,0.0,0.6735,8.0,0.6875,8.0,162.81,0.58434,-0.56662,4.9867,0.0,0.99475
9606.35,SYN.BTC-26JUN20,1572087542659,open,0.71,0.0,0.6855,0.7135,0.69868439,92.91,None,0.0,BTC-26JUN20-3000-C,9266.92,53.6,0.688,6.0,0.7095,6.0,110.28,5.03464,-0.95906,17.54847,1e-05,0.97207
9295.52,SYN.BTC-8NOV19,1572087542653,open,0.05,68.5,0.0155,0.0675,0.0404881,92.9,0.037,0.0,BTC-8NOV19-10000-C,9266.92,87.26,0.0365,22.0,0.044,7.0,97.85,6.59278,-23.78364,1.08105,0.00023,0.37016
9341.26,SYN.BTC-29NOV19,1572087542663,open,0.14,348.3,0.088,0.155,0.12278429,86.99,0.134,0.0,BTC-29NOV19-9000-C,9266.92,83.34,0.1185,18.1,0.1305,38.5,93.59,10.93797,-14.04314,4.20292,0.00016,0.60755
9295.52,SYN.BTC-8NOV19,1572087542683,open,0.06,5.3,0.021,0.0755,0.04778841,90.67,0.0435,0.0,BTC-8NOV19-9750-C,9266.92,86.21,0.0445,22.0,0.0515,2.0,95.73,6.83364,-24.06055,1.22919,0.00025,0.42263
9402.24,BTC-27DEC19,1572087542682,open,0.59,31.1,0.567,0.591,0.57810587,111.25,0.6265,0.0,BTC-27DEC19-4000-C,9266.92,0.0,0.568,7.0,0.5875,7.0,145.09,1.72124,-1.5474,6.43616,1e-05,0.98191
9401.68,BTC-27DEC19,1572087542695,open,0.31,73.1,0.2875,0.3825,0.33495807,86.57,0.518,0.0,BTC-27DEC19-12000-P,9266.92,53.88,0.2935,3.0,0.367,3.0,107.87,13.58479,-9.50354,-16.39373,0.0001,-0.6937
9401.41,BTC-27DEC19,1572087542694,open,0.09,919.5,0.046,0.116,0.08081997,85.24,0.08,0.0,BTC-27DEC19-11000-C,9266.92,83.14,0.0775,17.6,0.0835,8.6,86.93,14.8819,-10.2511,4.97273,0.00012,0.39283
9401.68,BTC-27DEC19,1572087542707,open,0.31,66.3,0.2605,0.319,0.29029025,86.56,0.1765,0.0,BTC-27DEC19-7000-C,9266.92,54.57,0.264,5.0,0.316,5.0,110.72,9.31189,-6.51366,8.80464,7e-05,0.84275
9606.35,SYN.BTC-26JUN20,1572087542703,open,0.1,21.1,0.042,0.1345,0.08561046,90.13,0.086,0.0,BTC-26JUN20-20000-C,9266.92,86.87,0.077,14.2,0.085,4.8,89.91,25.73581,-4.75559,11.53588,5e-05,0.26533
9341.26,SYN.BTC-29NOV19,1572087542709,open,0.17,734.5,0.118,0.1835,0.15214489,87.13,0.165,0.0,BTC-29NOV19-8500-C,9266.92,83.3,0.148,9.3,0.159,9.3,93.48,10.07732,-12.95959,4.63995,0.00014,0.68732
9295.52,SYN.BTC-8NOV19,1572087542718,open,0.15,118.4,0.107,0.1635,0.13604704,91.93,0.187,0.0,BTC-8NOV19-8250-C,9266.92,0.0,0.1105,5.0,0.144,5.0,105.89,5.14863,-18.38,2.1167,0.00018,0.78154
9606.35,SYN.BTC-26JUN20,1572087542724,open,0.21,19.3,0.138,0.2515,0.1971245,85.4,0.2185,0.0,BTC-26JUN20-12000-C,9266.92,81.84,0.1855,3.0,0.2005,8.0,86.44,31.31174,-5.48205,20.21685,6e-05,0.51208
9606.35,SYN.BTC-26JUN20,1572087542726,open,0.08,2.2,0.0325,0.1185,0.07213741,91.13,0.072,0.0,BTC-26JUN20-22000-C,9266.92,88.0,0.0645,3.0,0.072,4.4,91.08,23.82478,-4.45146,10.11256,4e-05,0.22968
9605.9,SYN.BTC-26JUN20,1572087542719,open,0.71,0.0,0.6855,0.7135,0.69868439,92.97,None,0.0,BTC-26JUN20-3000-C,9266.92,53.88,0.688,6.0,0.7085,6.0,108.88,5.04221,-0.96113,17.5431,1e-05,0.97202
9402.24,BTC-27DEC19,1572087542732,open,0.59,31.1,0.567,0.591,0.57810587,111.25,0.6265,0.0,BTC-27DEC19-4000-C,9266.92,0.0,0.5685,7.0,0.5875,7.0,145.09,1.72124,-1.5474,6.43616,1e-05,0.98191
9606.35,SYN.BTC-26JUN20,1572087542727,open,0.14,18.8,0.072,0.1775,0.12435293,87.49,0.1205,0.0,BTC-26JUN20-16000-C,9266.92,84.59,0.1155,13.4,0.126,6.0,88.04,29.4053,-5.2748,15.19127,5e-05,0.36102
9341.26,SYN.BTC-29NOV19,1572087542740,open,0.11,291.3,0.064,0.13,0.09804417,86.99,0.096,0.0,BTC-29NOV19-9500-C,9266.92,82.84,0.093,6.0,0.105,17.0,92.74,11.32614,-14.54194,3.72314,0.00016,0.52747
9341.26,SYN.BTC-29NOV19,1572087542752,open,0.11,291.3,0.064,0.13,0.09804417,86.99,0.096,0.0,BTC-29NOV19-9500-C,9266.92,84.08,0.0945,8.0,0.105,17.0,92.74,11.32614,-14.54194,3.72314,0.00016,0.52747
9295.52,SYN.BTC-8NOV19,1572087542746,open,0.03,30.3,0.008,0.052,0.02767791,94.75,0.0265,0.0,BTC-8NOV19-10500-C,9266.92,90.45,0.025,15.0,0.0315,8.1,100.77,5.83255,-21.45927,0.81324,0.0002,0.27568
9402.24,BTC-27DEC19,1572087542754,open,0.23,495.5,0.1795,0.2495,0.21617002,84.83,0.209,0.0,BTC-27DEC19-8000-C,9266.92,81.71,0.212,13.8,0.225,28.8,91.37,12.60753,-8.64219,8.31668,0.0001,0.73795
9341.26,SYN.BTC-29NOV19,1572087542767,open,0.1,69.9,0.078,0.151,0.11503777,87.02,0.0965,0.0,BTC-29NOV19-9500-P,9266.92,82.02,0.109,8.6,0.121,19.4,91.92,11.32608,-14.54759,-5.09392,0.00016,-0.4725
9606.35,SYN.BTC-26JUN20,1572087542769,open,0.22,0.1,0.173,0.286,0.23095347,84.43,0.341,0.0,BTC-26JUN20-9000-P,9266.92,79.05,0.215,12.3,0.235,9.3,85.78,28.44166,-4.92319,-36.0161,5e-05,-0.33014
9606.35,SYN.BTC-26JUN20,1572087542776,open,0.08,2.2,0.0325,0.1185,0.07213741,91.13,0.072,0.0,BTC-26JUN20-22000-C,9266.92,88.21,0.065,14.5,0.072,4.4,91.08,23.82478,-4.45146,10.11256,4e-05,0.22968
9606.35,SYN.BTC-26JUN20,1572087542783,open,0.21,19.3,0.138,0.2515,0.1971245,85.4,0.2185,0.0,BTC-26JUN20-12000-C,9266.92,82.14,0.1865,12.3,0.2005,8.0,86.44,31.31174,-5.48205,20.21685,6e-05,0.51208
9402.24,BTC-27DEC19,1572087542790,open,0.17,495.7,0.1175,0.1935,0.15717173,84.23,0.145,0.0,BTC-27DEC19-9000-C,9266.92,81.26,0.1525,15.4,0.1605,10.5,86.35,14.76657,-10.05095,7.34053,0.00012,0.61771
9295.52,SYN.BTC-8NOV19,1572087542788,open,0.12,0.0,0.1005,0.1715,0.13605585,93.67,None,0.0,BTC-8NOV19-10250-P,9266.92,82.91,0.129,4.0,0.1385,18.0,97.24,6.24374,-22.7125,-2.6759,0.00022,-0.67996
9295.52,SYN.BTC-8NOV19,1572087542798,open,0.12,0.0,0.1005,0.1715,0.13605585,93.67,None,0.0,BTC-8NOV19-10250-P,9266.92,82.91,0.129,22.0,0.1385,18.0,97.24,6.24374,-22.7125,-2.6759,0.00022,-0.67996
9401.68,BTC-27DEC19,1572087542801,open,0.44,73.5,0.4075,0.4465,0.42628406,94.53,0.266,0.0,BTC-27DEC19-5500-C,9266.92,0.0,0.4095,6.0,0.4425,6.0,121.94,4.48781,-3.42809,8.2196,3e-05,0.94204
9402.24,BTC-27DEC19,1572087542809,open,0.17,495.7,0.1175,0.1935,0.15717173,84.23,0.145,0.0,BTC-27DEC19-9000-C,9266.92,81.9,0.1535,15.4,0.1605,10.5,86.35,14.76657,-10.05095,7.34053,0.00012,0.61771
9294.91,SYN.BTC-8NOV19,1572087542806,open,0.1,2.1,0.081,0.151,0.1162749,92.85,0.0825,0.0,BTC-8NOV19-10000-P,9266.92,81.76,0.1085,22.0,0.119,18.0,96.68,6.5909,-23.76378,-2.44724,0.00023,-0.63009
9294.91,SYN.BTC-8NOV19,1572087542816,open,0.13,89.2,0.086,0.145,0.11654689,90.85,0.1135,0.0,BTC-8NOV19-8500-C,9266.92,85.91,0.1135,6.0,0.123,11.0,101.08,5.7848,-20.40782,2.00758,0.00021,0.72883
9341.26,SYN.BTC-29NOV19,1572087542818,open,0.17,734.5,0.118,0.1835,0.15214489,87.13,0.165,0.0,BTC-29NOV19-8500-C,9266.92,83.3,0.148,9.3,0.1585,5.0,93.02,10.07732,-12.95959,4.63995,0.00014,0.68732
9401.68,BTC-27DEC19,1572087542819,open,0.54,11.6,0.5135,0.5425,0.52704303,106.47,0.441,0.0,BTC-27DEC19-4500-C,9266.92,0.0,0.5145,6.0,0.534,6.0,126.87,2.53976,-2.185,7.07992,2e-05,0.97129
9295.52,SYN.BTC-8NOV19,1572087542821,open,0.37,0.0,0.3415,0.3725,0.35630994,119.71,None,0.0,BTC-8NOV19-6000-C,9266.92,0.0,0.344,5.0,0.3675,5.0,182.29,0.83545,-3.88381,2.04611,2e-05,0.98027
9606.35,SYN.BTC-26JUN20,1572087542825,open,0.36,10.9,0.287,0.386,0.33923345,84.41,0.3605,0.0,BTC-26JUN20-8000-C,9266.92,78.98,0.3245,5.0,0.351,14.1,88.77,26.005,-4.50017,25.02727,5e-05,0.72913
9605.9,SYN.BTC-26JUN20,1572087542830,open,0.11,5.8,0.054,0.153,0.1018294,88.68,0.12,0.0,BTC-26JUN20-18000-C,9266.92,85.57,0.093,13.8,0.1025,5.4,88.91,27.58941,-5.01606,13.17826,5e-05,0.30716
9294.91,SYN.BTC-8NOV19,1572087542830,open,0.08,4.2,0.0625,0.13,0.09668054,90.63,0.065,0.0,BTC-8NOV19-9750-P,9266.92,81.5,0.09,32.0,0.1,18.0,95.14,6.83245,-24.0457,-2.21082,0.00025,-0.57758
9280.28,SYN.BTC-1NOV19,1572087542839,open,0.16,565.3,0.122,0.169,0.14514243,100.59,0.145,0.0,BTC-1NOV19-8000-C,9266.92,0.0,0.1245,4.0,0.167,4.0,169.87,2.21276,-18.94052,1.11293,0.00016,0.89009
9606.35,SYN.BTC-26JUN20,1572087542839,open,0.36,10.9,0.287,0.386,0.33923345,84.41,0.3605,0.0,BTC-26JUN20-8000-C,9266.92,80.09,0.3275,3.0,0.351,14.1,88.77,26.005,-4.50017,25.02727,5e-05,0.72913
9295.52,SYN.BTC-8NOV19,1572087542840,open,0.12,0.0,0.1005,0.1715,0.13605585,93.67,None,0.0,BTC-8NOV19-10250-P,9266.92,82.91,0.129,22.0,0.139,18.0,97.98,6.24374,-22.7125,-2.6759,0.00022,-0.67996
9280.28,SYN.BTC-1NOV19,1572087542862,open,0.1,2.0,0.089,0.154,0.12093278,99.97,0.064,0.0,BTC-1NOV19-10250-P,9266.92,93.52,0.1185,1.0,0.122,0.1,102.6,3.6245,-30.83493,-1.32248,0.00026,-0.76427
9295.52,SYN.BTC-8NOV19,1572087542863,open,0.03,94.8,0.0105,0.0555,0.03096566,90.8,0.034,0.0,BTC-8NOV19-8500-P,9266.92,84.34,0.027,47.0,0.0345,24.0,96.42,5.78303,-20.39136,-0.99012,0.00021,-0.27097
9605.9,SYN.BTC-26JUN20,1572087542860,open,0.11,5.8,0.054,0.153,0.1018294,88.68,0.12,0.0,BTC-26JUN20-18000-C,9266.92,85.75,0.0935,13.8,0.1025,5.4,88.91,27.58941,-5.01606,13.17826,5e-05,0.30716
9606.35,SYN.BTC-26JUN20,1572087542882,open,0.22,0.1,0.173,0.286,0.23095347,84.43,0.341,0.0,BTC-26JUN20-9000-P,9266.92,79.05,0.215,12.3,0.2355,9.3,85.95,28.44166,-4.92319,-36.0161,5e-05,-0.33014
9605.9,SYN.BTC-26JUN20,1572087542891,open,0.71,0.0,0.6855,0.7135,0.69868439,92.97,None,0.0,BTC-26JUN20-3000-C,9266.92,0.0,0.6875,6.0,0.7085,6.0,108.88,5.04221,-0.96113,17.5431,1e-05,0.97202
9341.26,SYN.BTC-29NOV19,1572087542886,open,0.14,348.3,0.088,0.155,0.12278429,86.99,0.134,0.0,BTC-29NOV19-9000-C,9266.92,83.34,0.1185,18.1,0.13,14.4,93.16,10.93797,-14.04314,4.20292,0.00016,0.60755
9606.35,SYN.BTC-26JUN20,1572087542884,open,0.21,19.3,0.138,0.2515,0.1971245,85.4,0.2185,0.0,BTC-26JUN20-12000-C,9266.92,81.99,0.186,12.3,0.2005,8.0,86.44,31.31174,-5.48205,20.21685,6e-05,0.51208
9295.52,SYN.BTC-8NOV19,1572087542894,open,0.1,79.3,0.052,0.113,0.0836856,90.39,0.09,0.0,BTC-8NOV19-9000-C,9266.92,83.91,0.079,18.0,0.087,2.0,95.01,6.70622,-23.53877,1.7207,0.00024,0.60842
9280.28,SYN.BTC-1NOV19,1572087542902,open,0.12,438.7,0.0715,0.1255,0.09918879,93.38,0.102,0.0,BTC-1NOV19-8500-C,9266.92,92.94,0.099,1.0,0.1045,7.0,107.4,3.40953,-27.09261,1.02952,0.00026,0.7883
9402.24,BTC-27DEC19,1572087542904,open,0.59,31.1,0.567,0.591,0.57810587,111.25,0.6265,0.0,BTC-27DEC19-4000-C,9266.92,0.0,0.5685,7.0,0.588,7.0,146.43,1.72124,-1.5474,6.43616,1e-05,0.98191
9401.68,BTC-27DEC19,1572087542906,open,0.31,66.3,0.2605,0.319,0.29029025,86.56,0.1765,0.0,BTC-27DEC19-7000-C,9266.92,54.57,0.264,5.0,0.3165,5.0,111.17,9.31189,-6.51366,8.80464,7e-05,0.84275
9606.35,SYN.BTC-26JUN20,1572087542901,open,0.21,19.3,0.138,0.2515,0.1971245,85.4,0.2185,0.0,BTC-26JUN20-12000-C,9266.92,82.14,0.1865,12.3,0.2005,8.0,86.44,31.31174,-5.48205,20.21685,6e-05,0.51208
9280.28,SYN.BTC-1NOV19,1572087542916,open,0.24,11.1,0.2035,0.2425,0.22164978,119.0,0.25,0.0,BTC-1NOV19-7250-C,9266.92,0.0,0.2155,4.2,0.238,4.0,198.76,1.08734,-11.01081,1.09775,7e-05,0.95643
9402.24,BTC-27DEC19,1572087542918,open,0.74,0.0,0.7245,0.744,0.73438589,119.51,None,0.0,BTC-27DEC19-2500-C,9266.92,0.0,0.7265,8.0,0.739,8.0,177.12,0.20616,-0.19909,4.20746,0.0,0.99835
9402.24,BTC-27DEC19,1572087542914,open,0.17,495.7,0.1175,0.1935,0.15717173,84.23,0.145,0.0,BTC-27DEC19-9000-C,9266.92,81.26,0.1525,15.4,0.1605,10.5,86.35,14.76657,-10.05095,7.34053,0.00012,0.61771
9401.68,BTC-27DEC19,1572087542927,open,0.49,66.8,0.46,0.494,0.47617705,100.01,0.4085,0.0,BTC-27DEC19-5000-C,9266.92,0.0,0.462,6.0,0.4845,6.0,119.0,3.40206,-2.74933,7.69506,2e-05,0.95902
9522.8,BTC-27MAR20,1572087542934,open,0.17,24.4,0.134,0.2345,0.18510794,85.29,0.16,0.0,BTC-27MAR20-9000-P,9266.92,80.68,0.174,13.5,0.1885,10.6,86.7,22.88881,-6.38508,-21.44684,7e-05,-0.35261
184.77,ETH-27DEC19,1572087542931,open,0.02,895.0,0.003,0.03,0.012909,106.49,0.025,0.0,ETH-27DEC19-380-C,181.79,101.25,0.01,480.0,0.015,320.0,109.86,0.10989,-0.09456,0.02008,0.00178,0.07702
9341.26,SYN.BTC-29NOV19,1572087542933,open,0.05,130.5,0.0335,0.092,0.06208653,87.16,0.063,0.0,BTC-29NOV19-8500-P,9266.92,83.35,0.058,19.7,0.067,7.0,91.69,10.07775,-12.96526,-3.2495,0.00014,-0.31271
9402.24,BTC-27DEC19,1572087542938,open,0.17,495.7,0.1175,0.1935,0.15717173,84.23,0.145,0.0,BTC-27DEC19-9000-C,9266.92,81.9,0.1535,15.4,0.1605,10.5,86.35,14.76657,-10.05095,7.34053,0.00012,0.61771
9295.52,SYN.BTC-8NOV19,1572087542933,open,0.04,85.0,0.011,0.059,0.03337438,93.61,0.0375,0.0,BTC-8NOV19-10250-C,9266.92,88.56,0.03,23.0,0.0375,24.0,99.71,6.24241,-22.69164,0.93949,0.00022,0.31987
9401.41,BTC-27DEC19,1572087542940,open,0.35,67.1,0.307,0.359,0.33298699,88.5,0.3835,0.0,BTC-27DEC19-6500-C,9266.92,62.82,0.316,5.0,0.355,5.0,113.07,7.56153,-5.40753,8.78117,6e-05,0.88396
9401.68,BTC-27DEC19,1572087542946,open,0.84,10.1,0.8305,0.85,0.84045873,128.69,0.8205,0.0,BTC-27DEC19-1500-C,9266.92,0.0,0.8325,10.0,0.8435,10.0,225.11,0.01477,-0.01536,2.54108,0.0,0.9999
183.42,SYN.ETH-29NOV19,1572087542948,open,0.01,148.0,0.001,0.023,0.009272,111.16,0.001,0.0,ETH-29NOV19-320-C,181.79,107.92,0.008,1.0,0.01,160.0,112.88,0.07521,-0.12339,0.01037,0.00217,0.07022
184.77,ETH-27DEC19,1572087542950,open,0.17,1388.0,0.113,0.196,0.157474,89.44,0.165,0.0,ETH-27DEC19-180-C,181.75,86.0,0.152,340.0,0.163,96.0,92.92,0.29378,-0.21233,0.13883,0.00568,0.6007
184.77,ETH-27DEC19,1572087542950,open,0.07,5869.0,0.03,0.096,0.062907,92.58,0.064,0.0,ETH-27DEC19-240-C,181.75,89.18,0.058,320.0,0.067,128.0,95.38,0.26844,-0.20083,0.07744,0.00501,0.31013
188.01,ETH-27MAR20,1572087542951,open,2.37,0.0,2.312,2.552,2.426886,111.01,None,0.0,ETH-27MAR20-640-P,181.75,0.0,0.0,0.0,0.0,0.0,0.0,0.19625,-0.07125,-2.6283,0.00119,-0.91082
188.01,ETH-27MAR20,1572087542951,open,0.17,1227.0,0.104,0.209,0.160164,96.16,0.202,0.0,ETH-27MAR20-240-C,181.75,88.3,0.14,300.0,0.165,276.0,98.04,0.48382,-0.15216,0.24214,0.0034,0.46765
188.01,ETH-27MAR20,1572087542951,open,0.03,5496.0,0.008,0.057,0.02825,111.7,0.022,0.0,ETH-27MAR20-600-C,181.75,106.11,0.022,240.0,0.034,300.0,116.3,0.22396,-0.08182,0.06184,0.00135,0.10678
184.77,ETH-27DEC19,1572087542950,open,0.82,0.0,0.794,0.928,0.858827,102.51,None,0.0,ETH-27DEC19-340-P,181.75,0.0,0.001,5.0,0.0,0.0,0.0,0.14176,-0.11742,-0.54821,0.00239,-0.89138
184.73,ETH-27DEC19,1572087542952,open,0.72,101.0,0.691,0.821,0.75445,99.55,0.513,0.0,ETH-27DEC19-320-P,181.75,0.0,0.006,5.0,0.0,0.0,0.0,0.15924,-0.12809,-0.50932,0.00277,-0.87193
188.01,ETH-27MAR20,1572087542952,open,0.11,672.0,0.049,0.139,0.094159,99.78,0.088,0.0,ETH-27MAR20-320-C,181.75,92.52,0.078,260.0,0.089,260.0,97.5,0.42822,-0.13974,0.16861,0.0029,0.30828
188.01,ETH-27MAR20,1572087542952,open,0.6,19.0,0.571,0.616,0.594075,102.69,0.542,0.0,ETH-27MAR20-80-C,181.75,0.0,0.07,20.0,0.0,0.0,0.0,0.1311,-0.04403,0.27805,0.00086,0.94717
184.73,ETH-27DEC19,1572087542954,open,0.04,2646.0,0.021,0.072,0.045131,92.9,0.03,0.0,ETH-27DEC19-140-P,181.75,89.98,0.042,360.0,0.047,128.0,94.62,0.19944,-0.14972,-0.07044,0.00371,-0.1798
184.73,ETH-27DEC19,1572087542954,open,0.0,4668.0,0.001,0.011,0.000919,125.02,0.003,0.0,ETH-27DEC19-760-C,181.75,126.08,0.001,160.0,0.003,703.0,142.36,0.01365,-0.01379,0.00171,0.00019,0.00638
184.73,ETH-27DEC19,1572087542955,open,2.81,0.0,2.784,3.021,2.897998,112.29,None,0.0,ETH-27DEC19-720-P,181.75,0.0,0.003,5.0,0.0,0.0,0.0,0.00769,-0.00698,-1.21964,0.00012,-0.99665
184.73,ETH-27DEC19,1572087542955,open,0.0,15074.0,0.001,0.012,0.002431,125.02,0.003,0.0,ETH-27DEC19-640-C,181.75,122.15,0.002,160.0,0.004,10.0,133.17,0.02965,-0.02996,0.0041,0.00041,0.01552
182.07,SYN.ETH-1NOV19,1572087542954,open,0.14,0.0,0.124,0.205,0.163814,105.18,None,0.0,ETH-1NOV19-210-P,181.75,0.0,0.0,0.0,0.0,0.0,0.0,0.05575,-0.499,-0.02948,0.00993,-0.84197
182.41,SYN.ETH-8NOV19,1572087542951,open,0.35,0.0,0.333,0.427,0.378247,113.71,None,0.0,ETH-8NOV19-250-P,181.75,0.0,0.0,0.0,0.0,0.0,0.0,0.05354,-0.23643,-0.08318,0.00401,-0.91451
183.42,SYN.ETH-29NOV19,1572087542955,open,0.02,286.0,0.003,0.03,0.013758,99.5,0.017,0.0,ETH-29NOV19-280-C,181.75,94.32,0.011,360.0,0.016,160.0,103.36,0.10284,-0.15103,0.01583,0.00331,0.10676
188.01,ETH-27MAR20,1572087542958,open,1.55,0.0,1.494,1.692,1.589866,102.84,None,0.0,ETH-27MAR20-480-P,181.75,0.0,0.003,10.0,0.0,0.0,0.0,0.27221,-0.09155,-1.92833,0.00179,-0.85894
182.41,SYN.ETH-8NOV19,1572087542951,open,0.0,1285.0,0.001,0.015,0.004754,116.12,0.006,0.0,ETH-8NOV19-130-P,181.75,105.65,0.003,200.0,0.006,201.0,122.34,0.03434,-0.15483,-0.00341,0.00252,-0.04824
183.42,SYN.ETH-29NOV19,1572087542955,open,0.37,0.0,0.33,0.381,0.356486,104.21,None,0.0,ETH-29NOV19-120-C,181.75,0.0,0.0,0.0,0.0,0.0,0.0,0.07289,-0.11211,0.09807,0.00224,0.93258
189.69,SYN.ETH-26JUN20,1572087542954,open,0.36,5.0,0.289,0.392,0.345571,88.55,0.275,0.0,ETH-26JUN20-160-C,181.75,85.41,0.337,413.0,0.361,150.0,94.22,0.51758,-0.09397,0.48061,0.00243,0.72477
189.69,SYN.ETH-26JUN20,1572087542954,open,0.09,10.0,0.038,0.126,0.081084,95.49,0.041,0.0,ETH-26JUN20-440-C,181.75,91.89,0.072,294.0,0.09,150.0,98.89,0.48832,-0.0956,0.2088,0.00213,0.24582
182.07,SYN.ETH-1NOV19,1572087542951,open,0.2,162.0,0.152,0.21,0.181687,114.28,0.221,0.0,ETH-1NOV19-150-C,181.75,0.0,0.0,0.0,0.0,0.0,0.0,0.03416,-0.33219,0.02166,0.0056,0.92057
183.42,SYN.ETH-29NOV19,1572087542954,open,0.03,1312.0,0.009,0.051,0.027816,91.01,0.04,0.0,ETH-29NOV19-240-C,181.75,87.68,0.025,222.0,0.03,128.0,93.52,0.15783,-0.21201,0.02982,0.00555,0.20297
182.41,SYN.ETH-8NOV19,1572087542958,open,0.01,3.0,0.001,0.025,0.00924,107.45,0.01,0.0,ETH-8NOV19-240-C,181.75,100.42,0.007,200.0,0.011,200.0,112.43,0.0619,-0.25829,0.0061,0.00491,0.10408
182.41,SYN.ETH-8NOV19,1572087542955,open,0.02,82.0,0.005,0.042,0.020354,91.02,0.015,0.0,ETH-8NOV19-160-P,181.75,84.43,0.017,160.0,0.023,160.0,96.02,0.09505,-0.33597,-0.01399,0.0089,-0.19703
9279.69,SYN.BTC-1NOV19,1572087542961,open,0.06,200.7,0.0205,0.0755,0.04827974,92.39,0.0445,0.0,BTC-1NOV19-9250-C,9266.92,90.84,0.0475,1.0,0.052,1.0,99.77,4.67975,-36.79192,0.72595,0.00037,0.53425
184.73,ETH-27DEC19,1572087542961,open,0.26,2748.0,0.219,0.329,0.275435,91.03,0.406,0.0,ETH-27DEC19-220-P,181.75,84.38,0.265,96.0,0.0,0.0,0.0,0.29187,-0.2147,-0.27722,0.00554,-0.6098
184.73,ETH-27DEC19,1572087542964,open,0.26,2748.0,0.219,0.329,0.275435,91.03,0.406,0.0,ETH-27DEC19-220-P,181.75,0.0,0.0,0.0,0.0,0.0,0.0,0.29187,-0.2147,-0.27722,0.00554,-0.6098
189.69,SYN.ETH-26JUN20,1572087542964,open,0.24,0.0,0.172,0.287,0.234813,89.63,None,0.0,ETH-26JUN20-220-C,181.75,85.96,0.223,271.0,0.247,150.0,93.42,0.61032,-0.11215,0.41864,0.00283,0.56512
9295.52,SYN.BTC-8NOV19,1572087542961,open,0.05,18.1,0.0345,0.096,0.06508067,90.44,0.041,0.0,BTC-8NOV19-9250-P,9266.92,81.58,0.0585,38.2,0.068,18.0,94.34,6.92004,-24.30474,-1.70442,0.00025,-0.45468
9605.9,SYN.BTC-26JUN20,1572087542965,open,0.11,5.8,0.054,0.153,0.1018294,88.68,0.12,0.0,BTC-26JUN20-18000-C,9266.92,85.57,0.093,13.8,0.1025,5.4,88.91,27.58941,-5.01606,13.17826,5e-05,0.30716
9401.68,BTC-27DEC19,1572087542972,open,0.79,0.0,0.7775,0.797,0.78732474,120.69,None,0.0,BTC-27DEC19-2000-C,9266.92,0.0,0.7795,9.0,0.7915,9.0,200.68,0.05402,-0.05268,3.38341,0.0,0.99961
9280.28,SYN.BTC-1NOV19,1572087542975,open,0.03,77.5,0.0175,0.0735,0.04501726,92.37,0.0485,0.0,BTC-1NOV19-9250-P,9266.92,87.34,0.0425,1.0,0.047,1.0,96.26,4.67983,-36.78423,-0.76276,0.00037,-0.46554
9341.26,SYN.BTC-29NOV19,1572087542974,open,0.14,348.3,0.088,0.155,0.12278429,86.99,0.134,0.0,BTC-29NOV19-9000-C,9266.92,83.34,0.1185,18.1,0.1295,6.0,92.74,10.93797,-14.04314,4.20292,0.00016,0.60755
9280.28,SYN.BTC-1NOV19,1572087542986,open,0.04,219.3,0.007,0.053,0.02812103,95.15,0.0285,0.0,BTC-1NOV19-9750-C,9266.92,92.82,0.027,1.0,0.0315,25.0,102.23,4.42037,-35.7906,0.50131,0.00034,0.36368
9280.28,SYN.BTC-1NOV19,1572087542988,open,0.06,84.0,0.0465,0.1105,0.07873625,95.24,0.0725,0.0,BTC-1NOV19-9750-P,9266.92,89.4,0.076,1.0,0.0805,19.0,98.87,4.42104,-35.82929,-1.06804,0.00033,-0.63616
9605.9,SYN.BTC-26JUN20,1572087542977,open,0.11,5.8,0.054,0.153,0.1018294,88.68,0.12,0.0,BTC-26JUN20-18000-C,9266.92,85.75,0.0935,13.8,0.1025,5.4,88.91,27.58941,-5.01606,13.17826,5e-05,0.30716
9280.28,SYN.BTC-1NOV19,1572087542994,open,0.17,0.0,0.1635,0.226,0.19297585,108.1,None,0.0,BTC-1NOV19-11000-P,9266.92,0.0,0.166,3.0,0.2085,3.0,155.84,2.36672,-21.77183,-1.60178,0.00016,-0.87918
9605.9,SYN.BTC-26JUN20,1572087542996,open,0.71,0.0,0.6855,0.7135,0.69868439,92.97,None,0.0,BTC-26JUN20-3000-C,9266.92,0.0,0.6875,6.0,0.709,6.0,109.59,5.04221,-0.96113,17.5431,1e-05,0.97202
9341.26,SYN.BTC-29NOV19,1572087542990,open,0.11,291.3,0.064,0.13,0.09804417,86.99,0.096,0.0,BTC-29NOV19-9500-C,9266.92,84.08,0.0945,19.0,0.105,17.0,92.74,11.32614,-14.54194,3.72314,0.00016,0.52747
9279.69,SYN.BTC-1NOV19,1572087542997,open,0.12,0.1,0.113,0.177,0.14413189,102.44,0.1205,0.0,BTC-1NOV19-10500-P,9266.92,96.02,0.142,1.0,0.1455,1.0,106.38,3.17349,-27.66463,-1.4284,0.00022,-0.81207
9606.35,SYN.BTC-26JUN20,1572087542998,open,0.58,0.0,0.5365,0.684,0.61136728,86.12,None,0.0,BTC-26JUN20-14000-P,9266.92,68.56,0.5565,2.0,0.669,2.0,103.88,30.80591,-5.43957,-75.99848,6e-05,-0.5726
9279.69,SYN.BTC-1NOV19,1572087543008,open,0.12,0.1,0.113,0.177,0.14413189,102.44,0.1205,0.0,BTC-1NOV19-10500-P,9266.92,96.02,0.142,1.0,0.146,1.0,107.78,3.17349,-27.66463,-1.4284,0.00022,-0.81207
9341.26,SYN.BTC-29NOV19,1572087543009,open,0.14,348.3,0.088,0.155,0.12278429,86.99,0.134,0.0,BTC-29NOV19-9000-C,9266.92,83.34,0.1185,18.1,0.1295,16.1,92.74,10.93797,-14.04314,4.20292,0.00016,0.60755
9606.35,SYN.BTC-26JUN20,1572087543018,open,0.21,19.3,0.138,0.2515,0.1971245,85.4,0.2185,0.0,BTC-26JUN20-12000-C,9266.92,81.99,0.186,12.3,0.2005,8.0,86.44,31.31174,-5.48205,20.21685,6e-05,0.51208
9280.28,SYN.BTC-1NOV19,1572087543035,open,0.1,2.0,0.089,0.154,0.12093278,99.97,0.064,0.0,BTC-1NOV19-10250-P,9266.92,93.52,0.1185,1.0,0.1225,7.1,103.85,3.6245,-30.83493,-1.32248,0.00026,-0.76427
9606.35,SYN.BTC-26JUN20,1572087543030,open,0.21,19.3,0.138,0.2515,0.1971245,85.4,0.2185,0.0,BTC-26JUN20-12000-C,9266.92,82.14,0.1865,12.3,0.2005,8.0,86.44,31.31174,-5.48205,20.21685,6e-05,0.51208
9402.24,BTC-27DEC19,1572087543037,open,0.17,495.7,0.1175,0.1935,0.15717173,84.23,0.145,0.0,BTC-27DEC19-9000-C,9266.92,81.26,0.1525,15.4,0.1605,10.5,86.35,14.76657,-10.05095,7.34053,0.00012,0.61771
9401.41,BTC-27DEC19,1572087543051,open,3.56,0.0,3.589,3.7755,3.68026994,113.26,3.46,0.0,BTC-27DEC19-44000-P,9264.13,0.0,0.001,1.0,0.0,0.0,0.0,0.13603,-0.1245,-74.57511,0.0,-0.99895
9522.68,BTC-27MAR20,1572087543051,open,0.04,204.5,0.0115,0.0655,0.03395292,93.58,0.03,0.0,BTC-27MAR20-22000-C,9264.13,90.76,0.03,7.0,0.035,4.3,94.3,13.72462,-4.20068,4.23416,4e-05,0.14011
9401.41,BTC-27DEC19,1572087543051,open,0.01,389.5,0.0015,0.0245,0.01128177,94.45,0.011,0.0,BTC-27DEC19-5500-P,9264.13,90.56,0.0095,30.0,0.012,17.2,95.94,4.48156,-3.42059,-1.10195,3e-05,-0.05786
9522.68,BTC-27MAR20,1572087543051,open,0.52,1.0,0.4775,0.526,0.50160268,88.79,0.551,0.0,BTC-27MAR20-5000-C,9264.13,69.71,0.486,4.0,0.517,4.0,103.58,9.11874,-2.64811,16.70753,3e-05,0.9205
9522.68,BTC-27MAR20,1572087543051,open,0.03,40.3,0.011,0.0465,0.02665833,88.78,0.026,0.0,BTC-27MAR20-5000-P,9264.13,84.86,0.023,23.0,0.0295,29.1,91.7,9.11791,-2.64767,-4.2337,3e-05,-0.07949
9522.68,BTC-27MAR20,1572087543051,open,0.01,85.6,0.0025,0.033,0.01274746,102.63,0.009,0.0,BTC-27MAR20-34000-C,9264.13,98.62,0.01,5.0,0.015,14.0,105.54,7.01258,-2.35394,1.74905,2e-05,0.0566
9522.68,BTC-27MAR20,1572087543051,open,0.02,114.2,0.004,0.04,0.0168183,99.96,0.0205,0.0,BTC-27MAR20-30000-C,9264.13,96.67,0.014,5.0,0.0195,8.0,102.81,8.58746,-2.80743,2.25946,2e-05,0.07347
9522.68,BTC-27MAR20,1572087543051,open,0.02,57.4,0.003,0.0365,0.01480361,101.62,0.009,0.0,BTC-27MAR20-32000-C,9264.13,97.29,0.0115,5.0,0.017,14.0,104.19,7.81263,-2.59653,2.00142,2e-05,0.06498
9522.68,BTC-27MAR20,1572087543051,open,0.54,58.9,0.5035,0.632,0.56773893,86.84,0.91,0.0,BTC-27MAR20-14000-P,9264.13,0.0,0.3,0.1,0.955,0.5,243.56,22.65321,-6.43421,-48.85398,7e-05,-0.65715
9401.41,BTC-27DEC19,1572087543051,open,0.01,1163.3,0.0055,0.033,0.01670709,91.1,0.0165,0.0,BTC-27DEC19-6000-P,9264.13,88.33,0.015,20.0,0.018,15.8,93.13,5.91951,-4.35785,-1.58993,4e-05,-0.08305
9522.68,BTC-27MAR20,1572087543052,open,0.37,10.5,0.309,0.3865,0.34925428,85.6,0.281,0.0,BTC-27MAR20-7000-C,9264.13,72.0,0.325,13.0,0.37,13.0,96.82,17.38512,-4.86707,17.87615,5e-05,0.79745
9398.62,BTC-27DEC19,1572087543052,open,1.08,3.6,1.088,1.191,1.13623411,101.18,1.729,0.0,BTC-27DEC19-20000-P,9264.13,0.0,0.0,0.0,0.0,0.0,0.0,4.26165,-3.48431,-33.1709,3e-05,-0.9457
9398.62,BTC-27DEC19,1572087543052,open,0.58,211.2,0.5745,0.6705,0.62035868,91.64,0.9295,0.0,BTC-27DEC19-15000-P,9264.13,0.0,0.0,0.0,0.0,0.0,0.0,8.89322,-6.58591,-23.47793,6e-05,-0.8532
9398.62,BTC-27DEC19,1572087543052,open,3.14,0.0,3.1715,3.343,3.25504231,0.0,2.58,0.0,BTC-27DEC19-40000-P,9264.13,0.0,0.001,1.0,0.0,0.0,0.0,0.0,0.0,-67.80898,0.0,-1.0
9398.62,BTC-27DEC19,1572087543053,open,2.73,1.3,2.7545,2.911,2.83004611,0.0,2.2,0.0,BTC-27DEC19-36000-P,9264.13,0.0,0.0,0.0,0.0,0.0,0.0,0.0,0.0,-61.02808,0.0,-1.0
9398.62,BTC-27DEC19,1572087543053,open,0.04,363.3,0.024,0.076,0.04865388,85.06,0.042,0.0,BTC-27DEC19-7500-P,9264.13,83.22,0.0465,18.3,0.051,19.3,87.05,11.03501,-7.58482,-4.06155,9e-05,-0.20626
9398.62,BTC-27DEC19,1572087543053,open,0.68,19.0,0.6755,0.772,0.72145955,93.71,1.2,0.0,BTC-27DEC19-16000-P,9264.13,0.0,0.42,0.2,0.0,0.0,0.0,7.64104,-5.7861,-25.55054,5e-05,-0.88219
9398.62,BTC-27DEC19,1572087543053,open,1.7,0.0,1.712,1.834,1.76972551,110.95,None,0.0,BTC-27DEC19-26000-P,9264.13,0.0,0.0,0.0,0.0,0.0,0.0,2.0935,-1.87698,-43.76606,1e-05,-0.9772
9398.62,BTC-27DEC19,1572087543053,open,3.97,0.0,4.006,4.2095,4.10560897,0.0,None,0.0,BTC-27DEC19-48000-P,9264.13,0.0,0.0005,1.0,0.0,0.0,0.0,0.0,0.0,-81.37078,0.0,-1.0
9519.89,BTC-27MAR20,1572087543054,open,0.03,102.8,0.0065,0.0505,0.02342102,97.17,0.0235,0.0,BTC-27MAR20-26000-C,9264.13,93.05,0.019,23.0,0.025,16.0,98.54,10.78956,-3.42905,3.04183,3e-05,0.09971
9519.89,BTC-27MAR20,1572087543053,open,1.69,0.0,1.6845,1.8315,1.75371043,96.43,None,0.0,BTC-27MAR20-26000-P,9264.13,0.0,0.0015,1.0,0.0,0.0,0.0,10.5865,-3.33878,-105.92448,3e-05,-0.90284
9340.55,SYN.BTC-29NOV19,1572087543051,open,0.24,61.3,0.1975,0.254,0.22635811,89.95,0.2375,0.0,BTC-29NOV19-7500-C,9264.13,72.99,0.214,13.0,0.2455,13.0,112.9,7.31257,-9.70843,5.19697,0.0001,0.82585
9519.89,BTC-27MAR20,1572087543054,open,0.03,147.4,0.008,0.056,0.027327,94.94,0.029,0.0,BTC-27MAR20-24000-C,9264.13,92.22,0.024,8.0,0.029,4.0,96.25,11.9976,-3.72553,3.51674,3e-05,0.11553
9519.89,BTC-27MAR20,1572087543055,open,1.49,0.0,1.4805,1.6225,1.54758896,94.32,None,0.0,BTC-27MAR20-24000-P,9264.13,0.0,0.0015,1.0,0.0,0.0,0.0,11.82707,-3.64861,-97.06503,3e-05,-0.88677
9398.62,BTC-27DEC19,1572087543055,open,2.11,0.2,2.1285,2.2635,2.19290054,106.21,2.03,0.0,BTC-27DEC19-30000-P,9264.13,0.0,0.0,0.0,0.0,0.0,0.0,0.79557,-0.68282,-50.75324,1e-05,-0.99256
9605.9,SYN.BTC-26JUN20,1572087543053,open,0.31,31.9,0.238,0.344,0.29407319,84.42,0.308,0.0,BTC-26JUN20-9000-C,9264.13,80.52,0.2825,3.0,0.3035,14.3,87.61,28.44144,-4.92272,24.11693,5e-05,0.66983
9294.91,SYN.BTC-8NOV19,1572087543054,open,0.01,308.2,0.0005,0.02,0.00696051,110.01,0.0045,0.0,BTC-8NOV19-7000-P,9264.13,103.9,0.0055,30.0,0.008,0.1,114.0,2.3446,-10.01657,-0.25242,7e-05,-0.07002
9279.69,SYN.BTC-1NOV19,1572087543051,open,0.32,0.8,0.2855,0.3155,0.30000504,121.54,0.23,0.0,BTC-1NOV19-6500-C,9264.13,0.0,0.293,4.0,0.311,4.0,221.75,0.27271,-2.82049,1.03295,2e-05,0.99148
9279.69,SYN.BTC-1NOV19,1572087543052,open,0.01,31.3,0.0005,0.0285,0.0101428,106.33,0.011,0.0,BTC-1NOV19-10750-C,9264.13,102.43,0.009,1.0,0.0115,4.0,110.75,2.78407,-25.19078,0.21372,0.00019,0.15321
9340.55,SYN.BTC-29NOV19,1572087543051,open,0.29,9.7,0.245,0.296,0.27054449,93.56,0.107,0.0,BTC-29NOV19-7000-C,9264.13,61.79,0.255,5.0,0.2815,5.0,109.85,5.82983,-8.05102,5.24738,8e-05,0.87585
9340.55,SYN.BTC-29NOV19,1572087543054,open,0.03,183.8,0.0115,0.051,0.0292478,89.87,0.025,0.0,BTC-29NOV19-7500-P,9264.13,86.97,0.027,22.0,0.032,1.0,93.35,7.30863,-9.69481,-1.76198,0.0001,-0.174
9279.69,SYN.BTC-1NOV19,1572087543051,open,0.0,183.6,0.0005,0.0105,0.00041519,119.98,0.002,0.0,BTC-1NOV19-6500-P,9264.13,122.88,0.0005,1.0,0.0015,1.0,144.26,0.25439,-2.59732,-0.01238,2e-05,-0.00787
9279.69,SYN.BTC-1NOV19,1572087543051,open,0.29,0.5,0.258,0.2905,0.2735102,120.91,0.285,0.0,BTC-1NOV19-6750-C,9264.13,0.0,0.266,4.0,0.2855,4.0,210.38,0.46421,-4.77633,1.06177,3e-05,0.98428
9294.91,SYN.BTC-8NOV19,1572087543052,open,0.04,13.1,0.006,0.048,0.02428689,98.23,0.021,0.0,BTC-8NOV19-10750-C,9264.13,91.65,0.0205,48.0,0.0275,48.0,103.61,5.46631,-20.85224,0.7178,0.00018,0.2432
9340.55,SYN.BTC-29NOV19,1572087543053,open,0.02,187.4,0.0035,0.034,0.01538205,99.22,0.013,0.0,BTC-29NOV19-14000-C,9264.13,95.99,0.0135,24.0,0.0175,0.9,102.65,5.60763,-8.21237,0.88509,7e-05,0.11748
9340.55,SYN.BTC-29NOV19,1572087543052,open,0.33,0.3,0.2955,0.34,0.31726827,97.36,0.31,0.0,BTC-29NOV19-6500-C,9264.13,82.32,0.311,13.2,0.329,5.0,118.93,4.43738,-6.37673,5.17963,6e-05,0.91476
9294.91,SYN.BTC-8NOV19,1572087543055,open,0.3,0.5,0.26,0.3005,0.27940385,115.01,0.2365,0.0,BTC-8NOV19-6750-C,9264.13,0.0,0.2705,5.0,0.2905,5.0,154.31,1.97041,-8.80008,2.17905,6e-05,0.94398
9279.69,SYN.BTC-1NOV19,1572087543052,open,0.34,0.0,0.313,0.341,0.32671326,122.75,None,0.0,BTC-1NOV19-6250-C,9264.13,0.0,0.3195,5.0,0.337,5.0,235.28,0.15348,-1.6032,0.99912,1e-05,0.99555
9294.91,SYN.BTC-8NOV19,1572087543052,open,0.32,10.4,0.2875,0.325,0.30510895,119.55,0.15,0.0,BTC-8NOV19-6500-C,9264.13,0.0,0.297,5.0,0.316,5.0,163.33,1.6274,-7.555,2.13392,4e-05,0.95592
9340.55,SYN.BTC-29NOV19,1572087543052,open,0.38,22.5,0.348,0.3875,0.36697981,104.14,0.2095,0.0,BTC-29NOV19-6000-C,9264.13,0.0,0.3575,5.0,0.377,5.0,127.22,3.39505,-5.21829,4.96646,4e-05,0.93988
182.07,SYN.ETH-1NOV19,1572087543079,open,0.11,919.0,0.052,0.119,0.087915,97.35,0.086,0.0,ETH-1NOV19-170-C,181.75,82.83,0.082,40.0,0.094,40.0,111.61,0.07618,-0.63105,0.01886,0.01466,0.73146
9605.9,SYN.BTC-26JUN20,1572087543054,open,0.48,0.0,0.416,0.491,0.45492984,85.38,None,0.0,BTC-26JUN20-6000-C,9264.13,74.53,0.4345,8.0,0.4805,8.0,98.35,18.55695,-3.24831,25.15836,4e-05,0.84691
9522.68,BTC-27MAR20,1572087543080,open,0.08,36.7,0.0495,0.1205,0.08428897,85.57,0.0615,0.0,BTC-27MAR20-7000-P,9264.13,81.55,0.077,27.9,0.088,9.0,87.6,17.38377,-4.86506,-11.43933,5e-05,-0.20252
184.77,ETH-27DEC19,1572087543082,open,0.19,3412.0,0.145,0.246,0.197216,89.7,0.178,0.0,ETH-27DEC19-200-P,181.75,84.09,0.188,96.0,0.204,96.0,93.83,0.30336,-0.2199,-0.22211,0.00584,-0.51188
9605.9,SYN.BTC-26JUN20,1572087543082,open,0.05,34.9,0.0245,0.075,0.04823207,87.21,0.037,0.0,BTC-26JUN20-5000-P,9264.13,82.11,0.041,17.7,0.051,3.0,89.1,13.94193,-2.49269,-9.6175,3e-05,-0.10162
9401.41,BTC-27DEC19,1572087543092,open,0.59,31.1,0.567,0.591,0.57810587,111.45,0.6265,0.0,BTC-27DEC19-4000-C,9264.13,0.0,0.568,7.0,0.588,7.0,146.52,1.73231,-1.56013,6.43338,1e-05,0.98177
9398.62,BTC-27DEC19,1572087543076,open,0.17,495.7,0.1175,0.1935,0.15717173,84.35,0.145,0.0,BTC-27DEC19-9000-C,9264.13,82.01,0.1535,15.4,0.1605,10.5,86.46,14.7655,-10.06374,7.33134,0.00012,0.61731
9401.41,BTC-27DEC19,1572087543094,open,0.44,73.5,0.4075,0.4465,0.42628406,94.5,0.266,0.0,BTC-27DEC19-5500-C,9264.13,0.0,0.409,6.0,0.4425,6.0,121.96,4.48544,-3.42514,8.22043,3e-05,0.94208
184.73,ETH-27DEC19,1572087543098,open,0.12,2605.0,0.087,0.174,0.131658,89.37,0.19,0.0,ETH-27DEC19-180-P,181.75,85.19,0.125,576.0,0.137,128.0,92.73,0.29376,-0.21215,-0.16636,0.00568,-0.39956
9398.62,BTC-27DEC19,1572087543099,open,0.17,495.7,0.1175,0.1935,0.15717173,84.35,0.145,0.0,BTC-27DEC19-9000-C,9264.13,82.01,0.1535,15.4,0.16,10.5,86.15,14.7655,-10.06374,7.33134,0.00012,0.61731
182.41,SYN.ETH-8NOV19,1572087543103,open,0.05,1.0,0.026,0.09,0.057497,85.92,0.13,0.0,ETH-8NOV19-180-P,181.75,77.14,0.051,264.0,0.062,120.0,92.01,0.13487,-0.45002,-0.0317,0.01337,-0.43522
9279.69,SYN.BTC-1NOV19,1572087543106,open,0.01,39.3,0.0005,0.024,0.00766637,107.96,0.0075,0.0,BTC-1NOV19-11000-C,9264.13,105.29,0.007,1.0,0.009,5.0,113.03,2.36059,-21.68731,0.16839,0.00016,0.12039
9294.91,SYN.BTC-8NOV19,1572087543108,open,0.02,4.0,0.002,0.0325,0.01317811,106.16,0.0205,0.0,BTC-8NOV19-11750-C,9264.13,99.49,0.0105,45.0,0.0155,11.1,111.51,3.90455,-16.09667,0.41912,0.00012,0.141
182.07,SYN.ETH-1NOV19,1572087543107,open,0.06,174.0,0.038,0.111,0.074818,96.88,0.067,0.0,ETH-1NOV19-190-P,181.75,74.22,0.064,120.0,0.077,120.0,101.36,0.08849,-0.72949,-0.02014,0.01711,-0.61227
9605.9,SYN.BTC-26JUN20,1572087543105,open,0.11,5.8,0.054,0.153,0.1018294,88.68,0.12,0.0,BTC-26JUN20-18000-C,9264.13,85.57,0.093,13.8,0.1025,5.4,88.91,27.58941,-5.01606,13.17826,5e-05,0.30716
9519.89,BTC-27MAR20,1572087543124,open,2.09,0.0,2.0935,2.2505,2.16696699,98.68,None,0.0,BTC-27MAR20-30000-P,9264.13,0.0,0.0,0.0,0.0,0.0,0.0,8.24461,-2.66081,-123.4971,2e-05,-0.9303
184.77,ETH-27DEC19,1572087543121,open,0.05,3668.0,0.02,0.077,0.04719,94.1,0.053,0.0,ETH-27DEC19-260-C,181.75,90.82,0.043,320.0,0.051,448.0,97.0,0.23955,-0.18215,0.0622,0.0044,0.24576
9294.91,SYN.BTC-8NOV19,1572087543116,open,0.04,85.0,0.011,0.059,0.03337438,93.65,0.0375,0.0,BTC-8NOV19-10250-C,9264.13,88.59,0.03,23.0,0.037,8.0,99.01,6.24181,-22.70056,0.93932,0.00022,0.31985
9294.91,SYN.BTC-8NOV19,1572087543133,open,0.25,20.0,0.2065,0.2515,0.22829471,103.95,0.307,0.0,BTC-8NOV19-7250-C,9264.13,0.0,0.2085,4.0,0.2405,4.0,137.96,2.72394,-10.99588,2.2506,9e-05,0.91469
183.42,SYN.ETH-29NOV19,1572087543131,open,0.01,148.0,0.001,0.023,0.009272,111.14,0.001,0.0,ETH-29NOV19-320-C,181.75,107.92,0.008,1.0,0.011,661.0,115.17,0.07519,-0.12334,0.01037,0.00217,0.0702
9340.55,SYN.BTC-29NOV19,1572087543126,open,0.14,348.3,0.088,0.155,0.12278429,87.03,0.134,0.0,BTC-29NOV19-9000-C,9264.13,83.38,0.1185,18.1,0.129,10.1,92.34,10.938,-14.05103,4.20146,0.00016,0.60744
183.42,SYN.ETH-29NOV19,1572087543139,open,0.14,119.0,0.115,0.203,0.160015,86.03,0.155,0.0,ETH-29NOV19-200-P,181.75,77.58,0.15,96.0,0.164,96.0,89.37,0.21855,-0.27752,-0.12579,0.00814,-0.57891
9605.9,SYN.BTC-26JUN20,1572087543135,open,0.11,5.8,0.054,0.153,0.1018294,88.68,0.12,0.0,BTC-26JUN20-18000-C,9264.13,85.75,0.0935,13.8,0.1025,5.4,88.91,27.58941,-5.01606,13.17826,5e-05,0.30716
182.07,SYN.ETH-1NOV19,1572087543143,open,0.11,919.0,0.052,0.119,0.087915,97.35,0.086,0.0,ETH-1NOV19-170-C,181.75,82.83,0.082,40.0,0.093,40.0,109.3,0.07618,-0.63105,0.01886,0.01466,0.73146
182.07,SYN.ETH-1NOV19,1572087543147,open,0.06,174.0,0.038,0.111,0.074818,96.88,0.067,0.0,ETH-1NOV19-190-P,181.75,76.36,0.065,120.0,0.077,120.0,101.36,0.08849,-0.72949,-0.02014,0.01711,-0.61227
9519.89,BTC-27MAR20,1572087543151,open,1.89,0.0,1.889,2.043,1.96120824,98.89,None,0.0,BTC-27MAR20-28000-P,9264.13,0.0,0.0,0.0,0.0,0.0,0.0,9.67187,-3.12805,-114.64262,3e-05,-0.914
9279.69,SYN.BTC-1NOV19,1572087543166,open,0.03,77.5,0.0175,0.0735,0.04501726,92.26,0.0485,0.0,BTC-1NOV19-9250-P,9264.13,90.25,0.044,1.0,0.047,1.0,96.2,4.67977,-36.74238,-0.76303,0.00037,-0.46577
9279.69,SYN.BTC-1NOV19,1572087543168,open,0.12,0.1,0.113,0.177,0.14413189,102.44,0.1205,0.0,BTC-1NOV19-10500-P,9264.13,94.45,0.1415,1.0,0.146,1.0,107.78,3.17349,-27.66463,-1.4284,0.00022,-0.81207
9294.91,SYN.BTC-8NOV19,1572087543168,open,0.35,0.0,0.3145,0.3485,0.33051584,120.25,None,0.0,BTC-8NOV19-6250-C,9264.13,0.0,0.316,5.0,0.3415,5.0,172.08,1.21156,-5.65741,2.0944,3e-05,0.96928
182.41,SYN.ETH-8NOV19,1572087543168,open,0.04,241.0,0.01,0.058,0.031976,89.11,0.034,0.0,ETH-8NOV19-200-C,181.75,84.65,0.029,1.0,0.035,160.0,93.58,0.12259,-0.42423,0.01856,0.01172,0.32048
9340.55,SYN.BTC-29NOV19,1572087543172,open,0.14,348.3,0.088,0.155,0.12278429,87.03,0.134,0.0,BTC-29NOV19-9000-C,9264.13,83.38,0.1185,18.1,0.1295,16.1,92.77,10.938,-14.05103,4.20146,0.00016,0.60744
182.41,SYN.ETH-8NOV19,1572087543173,open,0.11,120.0,0.087,0.169,0.128407,89.11,0.083,0.0,ETH-8NOV19-200-P,181.75,74.71,0.119,120.0,0.133,120.0,95.88,0.12259,-0.42423,-0.05199,0.01172,-0.67952
9279.69,SYN.BTC-1NOV19,1572087543178,open,0.12,0.1,0.113,0.177,0.14413189,102.44,0.1205,0.0,BTC-1NOV19-10500-P,9264.13,99.08,0.143,1.0,0.146,1.0,107.78,3.17349,-27.66463,-1.4284,0.00022,-0.81207
9605.9,SYN.BTC-26JUN20,1572087543175,open,0.21,19.3,0.138,0.2515,0.1971245,85.41,0.2185,0.0,BTC-26JUN20-12000-C,9264.13,81.99,0.186,12.3,0.2005,8.0,86.44,31.31024,-5.48252,20.21501,6e-05,0.51209
9279.69,SYN.BTC-1NOV19,1572087543188,open,0.19,218.9,0.1485,0.193,0.1701649,106.99,0.2195,0.0,BTC-1NOV19-7750-C,9264.13,0.0,0.151,4.0,0.19,4.0,179.01,1.77541,-16.16357,1.11785,0.00012,0.91848
9279.69,SYN.BTC-1NOV19,1572087543202,open,0.19,218.9,0.1485,0.193,0.1701649,106.99,0.2195,0.0,BTC-1NOV19-7750-C,9264.13,0.0,0.151,4.0,0.1905,4.0,180.49,1.77541,-16.16357,1.11785,0.00012,0.91848
9279.69,SYN.BTC-1NOV19,1572087543208,open,0.12,0.1,0.113,0.177,0.14413189,102.44,0.1205,0.0,BTC-1NOV19-10500-P,9264.13,97.56,0.1425,1.0,0.146,1.0,107.78,3.17349,-27.66463,-1.4284,0.00022,-0.81207
9522.68,BTC-27MAR20,1572087543213,open,0.11,315.3,0.054,0.1425,0.09759752,86.86,0.098,0.0,BTC-27MAR20-14000-C,9264.13,84.07,0.091,6.0,0.101,6.8,88.28,22.65462,-6.43564,9.78422,7e-05,0.34291
9294.91,SYN.BTC-8NOV19,1572087543214,open,0.37,0.0,0.3415,0.373,0.35630994,120.44,None,0.0,BTC-8NOV19-6000-C,9264.13,0.0,0.3435,5.0,0.3675,5.0,182.43,0.85522,-3.99998,2.04408,2e-05,0.97972
9605.9,SYN.BTC-26JUN20,1572087543229,open,0.21,19.3,0.138,0.2515,0.1971245,85.41,0.2185,0.0,BTC-26JUN20-12000-C,9264.13,82.15,0.1865,12.3,0.2005,8.0,86.44,31.31024,-5.48252,20.21501,6e-05,0.51209
9279.69,SYN.BTC-1NOV19,1572087543244,open,0.12,0.1,0.113,0.177,0.14413189,102.44,0.1205,0.0,BTC-1NOV19-10500-P,9264.13,99.08,0.143,1.0,0.146,1.0,107.78,3.17349,-27.66463,-1.4284,0.00022,-0.81207
9522.68,BTC-27MAR20,1572087543258,open,0.37,52.7,0.335,0.4575,0.39729626,85.64,0.35,0.0,BTC-27MAR20-12000-P,9264.13,67.03,0.3505,2.0,0.4135,2.0,91.96,24.34617,-6.8192,-38.01003,7e-05,-0.5557
189.69,SYN.ETH-26JUN20,1572087543259,open,0.14,20.0,0.089,0.181,0.136283,89.17,0.13,0.0,ETH-26JUN20-140-P,181.75,84.05,0.124,420.0,0.144,150.0,92.38,0.45591,-0.08335,-0.4482,0.00213,-0.21735
9398.62,BTC-27DEC19,1572087543306,open,0.17,495.7,0.1175,0.1935,0.15717173,84.35,0.145,0.0,BTC-27DEC19-9000-C,9264.13,81.69,0.153,15.4,0.16,10.5,86.15,14.7655,-10.06374,7.33134,0.00012,0.61731
9401.41,BTC-27DEC19,1572087543317,open,0.69,10.0,0.672,0.6915,0.68188921,120.44,0.618,0.0,BTC-27DEC19-3000-C,9264.13,0.0,0.674,8.0,0.6875,8.0,162.94,0.59592,-0.57997,4.98439,0.0,0.99464
9398.62,BTC-27DEC19,1572087543339,open,0.64,4.3,0.62,0.6405,0.62980693,117.61,0.5625,0.0,BTC-27DEC19-3500-C,9264.13,0.0,0.6215,7.0,0.6355,7.0,147.8,1.14242,-1.08577,5.71902,1e-05,0.98875
9398.62,BTC-27DEC19,1572087543343,open,0.17,495.7,0.1175,0.1935,0.15717173,84.35,0.145,0.0,BTC-27DEC19-9000-C,9264.13,82.01,0.1535,15.4,0.16,10.5,86.15,14.7655,-10.06374,7.33134,0.00012,0.61731
9398.62,BTC-27DEC19,1572087543383,open,0.31,73.1,0.2875,0.3825,0.33495807,86.38,0.518,0.0,BTC-27DEC19-12000-P,9264.13,54.01,0.294,3.0,0.367,3.0,107.66,13.5609,-9.46587,-16.40512,0.0001,-0.69469
9401.41,BTC-27DEC19,1572087543384,open,0.44,73.5,0.4075,0.4465,0.42628406,94.5,0.266,0.0,BTC-27DEC19-5500-C,9264.13,0.0,0.409,6.0,0.443,6.0,122.68,4.48544,-3.42514,8.22043,3e-05,0.94208
9605.9,SYN.BTC-26JUN20,1572087543412,open,0.11,5.8,0.054,0.153,0.1018294,88.68,0.12,0.0,BTC-26JUN20-18000-C,9264.13,85.57,0.093,13.8,0.1025,5.4,88.91,27.58941,-5.01606,13.17826,5e-05,0.30716
9340.55,SYN.BTC-29NOV19,1572087543414,open,0.14,348.3,0.088,0.155,0.12278429,87.03,0.134,0.0,BTC-29NOV19-9000-C,9264.13,83.38,0.1185,18.1,0.129,10.1,92.34,10.938,-14.05103,4.20146,0.00016,0.60744
9605.9,SYN.BTC-26JUN20,1572087543423,open,0.11,5.8,0.054,0.153,0.10181865,88.68,0.12,0.0,BTC-26JUN20-18000-C,9264.13,85.75,0.0935,13.8,0.1025,5.4,88.91,27.58941,-5.01606,13.17826,5e-05,0.30716
9340.55,SYN.BTC-29NOV19,1572087543439,open,0.14,348.3,0.088,0.155,0.12274799,87.03,0.134,0.0,BTC-29NOV19-9000-C,9264.13,83.38,0.1185,18.1,0.1295,16.1,92.77,10.938,-14.05103,4.20146,0.00016,0.60744
9398.55,BTC-27DEC19,1572087543448,open,2.11,0.2,2.131,2.262,2.19412459,116.48,2.03,0.0,BTC-27DEC19-30000-P,9264.13,0.0,0.0,0.0,0.0,0.0,0.0,1.43357,-1.34939,-50.65792,1e-05,-0.98538
9401.41,BTC-27DEC19,1572087543452,open,0.0,854.1,0.0005,0.0105,0.00096266,119.99,0.001,0.0,BTC-27DEC19-3000-P,9264.13,110.81,0.0005,23.0,0.0025,20.0,137.42,0.58432,-0.56657,-0.09897,0.0,-0.00525
9605.9,SYN.BTC-26JUN20,1572087543448,open,0.21,19.3,0.138,0.2515,0.19711048,85.41,0.2185,0.0,BTC-26JUN20-12000-C,9264.13,81.99,0.186,12.3,0.2005,8.0,86.44,31.31024,-5.48252,20.21501,6e-05,0.51209
9401.41,BTC-27DEC19,1572087543469,open,0.0,854.1,0.0005,0.0105,0.00096266,119.99,0.001,0.0,BTC-27DEC19-3000-P,9264.13,110.81,0.0005,10.0,0.0025,20.0,137.42,0.58432,-0.56657,-0.09897,0.0,-0.00525
9522.68,BTC-27MAR20,1572087543469,open,0.11,315.3,0.054,0.1425,0.09757957,86.86,0.098,0.0,BTC-27MAR20-14000-C,9264.13,84.07,0.091,19.4,0.101,6.8,88.28,22.65462,-6.43564,9.78422,7e-05,0.34291
9279.69,SYN.BTC-1NOV19,1572087543481,open,0.24,11.1,0.203,0.2425,0.22160345,119.64,0.25,0.0,BTC-1NOV19-7250-C,9264.13,0.0,0.2155,4.2,0.2385,4.0,200.71,1.10369,-11.23671,1.09642,7e-05,0.95562
9605.9,SYN.BTC-26JUN20,1572087543478,open,0.21,19.3,0.138,0.2515,0.19711048,85.41,0.2185,0.0,BTC-26JUN20-12000-C,9264.13,82.15,0.1865,12.3,0.2005,8.0,86.44,31.31024,-5.48252,20.21501,6e-05,0.51209
9519.89,BTC-27MAR20,1572087543486,open,1.29,6.0,1.2785,1.417,1.34422518,93.13,1.5845,0.0,BTC-27MAR20-22000-P,9264.13,0.0,0.795,0.4,0.0,0.0,0.0,13.5925,-4.14016,-87.96074,4e-05,-0.8618
9522.68,BTC-27MAR20,1572087543492,open,0.3,268.2,0.243,0.332,0.2896577,85.31,0.2385,0.0,BTC-27MAR20-8000-C,9264.13,80.62,0.2795,4.0,0.296,19.6,88.24,20.63877,-5.75876,17.28151,6e-05,0.72295
9398.62,BTC-27DEC19,1572087543487,open,0.17,495.7,0.1175,0.193,0.15699434,84.35,0.145,0.0,BTC-27DEC19-9000-C,9264.13,81.69,0.153,15.4,0.16,10.5,86.15,14.7655,-10.06374,7.33134,0.00012,0.61731
