underlying_price,underlying_index,timestamp,state,settlement_price,open_interest,min_price,max_price,mark_price,mark_iv,last_price,interest_rate,instrument_name,index_price,bid_iv,best_bid_price,best_bid_amount,best_ask_price,best_ask_amount,ask_iv,vega,theta,rho,gamma,delta
11866.89,BTC-27SEP19,1562929140039,open,1.21,0.0,1.122,1.298,1.20993603,110.07,None,0.0,BTC-27SEP19-26000-P,11657.1,0.0,0.0005,5.0,0.0,0.0,0.0,9.33169,-6.68065,-52.81581,3e-05,-0.90322
289.18,ETH-27DEC19,1562929140076,open,0.06,378.0,0.026,0.105,0.065323,112.72,0.058,0.0,ETH-27DEC19-720-C,276.17,109.94,0.06,40.0,0.071,292.0,115.59,0.56308,-0.18903,0.19064,0.0013,0.20865
289.18,ETH-27DEC19,1562929140077,open,0.2,98.0,0.167,0.246,0.206469,105.99,0.204,0.0,ETH-27DEC19-360-C,276.17,102.49,0.197,140.0,0.214,222.0,108.78,0.78123,-0.24662,0.4194,0.00192,0.5218
289.18,ETH-27DEC19,1562929140077,open,0.81,21.0,0.718,0.86,0.788589,106.86,0.629,0.0,ETH-27DEC19-480-P,276.17,103.48,0.78,30.0,0.801,110.0,111.68,0.73923,-0.23527,-1.88931,0.0018,-0.63191
281.24,ETH-27SEP19,1562929140077,open,1.73,0.0,1.604,1.82,1.712118,115.12,None,0.0,ETH-27SEP19-760-P,276.17,0.0,0.0,0.0,0.0,0.0,0.0,0.13919,-0.10421,-1.57518,0.00073,-0.94712
289.18,ETH-27DEC19,1562929140077,open,0.57,23.0,0.498,0.622,0.559668,106.67,0.59,0.0,ETH-27DEC19-400-P,276.17,102.7,0.549,30.0,0.573,30.0,111.61,0.77946,-0.24763,-1.45537,0.0019,-0.53456
281.24,ETH-27SEP19,1562929140077,open,0.33,347.0,0.273,0.378,0.3255,102.24,0.331,0.0,ETH-27SEP19-340-P,276.17,98.08,0.318,110.0,0.332,230.0,105.84,0.50755,-0.33752,-0.5289,0.00298,-0.56739
289.18,ETH-27DEC19,1562929140077,open,0.46,276.0,0.394,0.509,0.451325,105.98,0.39,0.0,ETH-27DEC19-360-P,276.17,102.16,0.441,30.0,0.464,30.0,110.67,0.78123,-0.24659,-1.23636,0.00192,-0.47824
281.24,ETH-27SEP19,1562929140077,open,0.02,1805.0,0.001,0.057,0.017408,111.74,0.023,0.0,ETH-27SEP19-640-C,276.17,106.86,0.014,500.0,0.021,500.0,116.36,0.20784,-0.15105,0.0424,0.00112,0.08899
289.18,ETH-27DEC19,1562929140077,open,0.69,0.0,0.605,0.738,0.671685,106.68,None,0.0,ETH-27DEC19-440-P,276.17,103.0,0.662,30.0,0.684,110.0,111.32,0.76396,-0.24274,-1.67335,0.00186,-0.58644
281.24,ETH-27SEP19,1562929140077,open,0.1,1579.0,0.061,0.14,0.10032,102.79,0.1,0.0,ETH-27SEP19-360-C,276.17,99.75,0.095,345.0,0.105,345.0,105.45,0.49407,-0.33031,0.16973,0.00289,0.38686
289.18,ETH-27DEC19,1562929140077,open,0.17,568.0,0.137,0.216,0.176542,106.7,0.183,0.0,ETH-27DEC19-400-C,276.17,103.53,0.168,110.0,0.184,233.0,109.47,0.77947,-0.24772,0.38438,0.0019,0.46554
289.18,ETH-27DEC19,1562929140077,open,0.18,144.0,0.129,0.222,0.175797,104.11,0.182,0.0,ETH-27DEC19-240-P,276.17,101.07,0.169,40.0,0.178,310.0,105.1,0.64677,-0.20055,-0.59107,0.00162,-0.2686
281.24,ETH-27SEP19,1562929140077,open,1.59,0.0,1.47,1.674,1.572005,114.31,None,0.0,ETH-27SEP19-720-P,276.17,0.0,0.0,0.0,0.0,0.0,0.0,0.15985,-0.11884,-1.48615,0.00084,-0.93694
289.18,ETH-27DEC19,1562929140077,open,0.11,435.0,0.077,0.156,0.116122,109.15,0.106,0.0,ETH-27DEC19-520-C,276.17,105.85,0.108,40.0,0.123,262.0,111.92,0.71558,-0.23264,0.29288,0.0017,0.33632
281.22,ETH-27SEP19,1562929140077,open,0.57,47.0,0.538,0.617,0.577888,104.3,0.689,0.0,ETH-27SEP19-120-C,276.17,0.0,0.0,0.0,0.0,0.0,0.0,0.06713,-0.04553,0.23713,0.00039,0.97824
281.24,ETH-27SEP19,1562929140077,open,0.51,191.0,0.472,0.551,0.511498,101.0,0.5,0.0,ETH-27SEP19-140-C,276.17,0.0,0.01,50.0,0.0,0.0,0.0,0.11396,-0.07486,0.26495,0.00068,0.95878
277.1,SYN.ETH-26JUL19,1562929140076,open,0.9,0.0,0.802,0.952,0.877014,123.12,None,0.0,ETH-26JUL19-520-P,276.17,0.0,0.0,0.0,0.0,0.0,0.0,0.00942,-0.04179,-0.19708,0.00026,-0.99383
276.64,SYN.ETH-19JUL19,1562929140076,open,0.39,0.0,0.321,0.43,0.375512,119.12,None,0.0,ETH-19JUL19-380-P,276.17,0.0,0.0,0.0,0.0,0.0,0.0,0.02686,-0.23268,-0.07004,0.00156,-0.96855
281.22,ETH-27SEP19,1562929140078,open,0.64,0.0,0.607,0.686,0.646971,112.75,None,0.0,ETH-27SEP19-100-C,276.17,0.0,0.004,5.0,0.0,0.0,0.0,0.04033,-0.02957,0.20199,0.00021,0.98799
281.22,ETH-27SEP19,1562929140078,open,0.39,249.0,0.326,0.435,0.380366,102.75,0.252,0.0,ETH-27SEP19-360-P,276.17,96.23,0.369,110.0,0.388,110.0,107.08,0.49397,-0.33011,-0.58855,0.00289,-0.61331
277.1,SYN.ETH-26JUL19,1562929140076,open,0.75,0.0,0.665,0.802,0.733489,124.21,None,0.0,ETH-26JUL19-480-P,276.17,0.0,0.0,0.0,0.0,0.0,0.0,0.02149,-0.09618,-0.18094,0.00059,-0.98412
281.22,ETH-27SEP19,1562929140078,open,0.14,1479.0,0.095,0.185,0.140275,100.51,0.143,0.0,ETH-27SEP19-260-P,276.17,96.8,0.134,261.0,0.145,261.0,103.31,0.47516,-0.31061,-0.28702,0.00284,-0.34431
281.22,ETH-27SEP19,1562929140078,open,0.23,946.0,0.176,0.273,0.224969,101.21,0.223,0.0,ETH-27SEP19-300-P,276.17,97.39,0.218,110.0,0.231,230.0,104.52,0.51265,-0.33745,-0.40744,0.00304,-0.46293
289.16,ETH-27DEC19,1562929140078,open,0.41,0.0,0.378,0.457,0.417029,104.13,None,0.0,ETH-27DEC19-200-C,276.17,0.0,0.001,1000.0,1.4,1.0,500.0,0.53345,-0.16545,0.52163,0.00133,0.80925
281.22,ETH-27SEP19,1562929140078,open,0.25,1745.0,0.213,0.292,0.252067,100.55,0.25,0.0,ETH-27SEP19-240-C,276.17,91.46,0.238,2.0,0.274,110.0,114.63,0.43663,-0.28554,0.27543,0.00261,0.71708
281.22,ETH-27SEP19,1562929140078,open,0.16,2925.0,0.119,0.198,0.158289,101.26,0.166,0.0,ETH-27SEP19-300-C,276.17,97.81,0.152,308.0,0.164,308.0,104.4,0.51264,-0.33763,0.2244,0.00304,0.53715
289.16,ETH-27DEC19,1562929140078,open,0.13,621.0,0.089,0.168,0.128731,106.87,0.134,0.0,ETH-27DEC19-480-C,276.17,105.01,0.124,150.0,0.134,253.0,108.92,0.73918,-0.23527,0.31834,0.0018,0.36809
289.16,ETH-27DEC19,1562929140078,open,0.26,188.0,0.206,0.306,0.255933,104.09,0.263,0.0,ETH-27DEC19-280-P,276.17,101.32,0.249,40.0,0.261,120.0,106.12,0.72261,-0.22401,-0.79936,0.00181,-0.34511
281.22,ETH-27SEP19,1562929140079,open,0.04,2759.0,0.004,0.083,0.043131,106.22,0.044,0.0,ETH-27SEP19-480-C,276.17,102.91,0.039,585.0,0.047,585.0,109.21,0.35783,-0.2472,0.09102,0.00202,0.19681
276.64,SYN.ETH-19JUL19,1562929140077,open,0.01,442.0,0.001,0.047,0.007403,113.29,0.01,0.0,ETH-19JUL19-340-C,276.17,102.84,0.005,550.0,0.01,561.0,122.93,0.06947,-0.57233,0.00513,0.00425,0.10591
281.22,ETH-27SEP19,1562929140079,open,0.9,12.0,0.808,0.957,0.882675,107.56,1.193,0.0,ETH-27SEP19-520-P,276.17,0.0,0.0,0.0,0.0,0.0,0.0,0.31277,-0.21881,-1.02092,0.00175,-0.84097
281.22,ETH-27SEP19,1562929140078,open,0.07,4100.0,0.035,0.114,0.074966,104.0,0.072,0.0,ETH-27SEP19-400-C,276.17,100.9,0.07,365.0,0.079,365.0,106.48,0.45448,-0.30742,0.13844,0.00262,0.3087
289.16,ETH-27DEC19,1562929140079,open,0.34,0.0,0.306,0.385,0.345865,104.12,None,0.0,ETH-27DEC19-240-C,276.17,0.0,0.001,1.0,0.0,0.0,0.0,0.64676,-0.20057,0.5127,0.00162,0.73137
281.22,ETH-27SEP19,1562929140079,open,0.11,2690.0,0.062,0.149,0.10543,100.51,0.115,0.0,ETH-27SEP19-240-P,276.17,96.36,0.099,349.0,0.11,459.0,103.45,0.43661,-0.28542,-0.23001,0.00261,-0.2829
276.64,SYN.ETH-19JUL19,1562929140077,open,0.25,742.0,0.187,0.285,0.236385,113.11,0.144,0.0,ETH-19JUL19-340-P,276.17,0.0,0.0,0.0,0.0,0.0,0.0,0.06928,-0.56986,-0.05893,0.00425,-0.89449
281.22,ETH-27SEP19,1562929140079,open,0.03,5302.0,0.001,0.073,0.032301,100.66,0.014,0.0,ETH-27SEP19-180-P,276.17,96.9,0.029,200.0,0.035,423.0,103.64,0.25157,-0.16469,-0.08765,0.0015,-0.11568
281.22,ETH-27SEP19,1562929140079,open,0.45,392.0,0.41,0.489,0.449604,100.91,0.51,0.0,ETH-27SEP19-160-C,276.17,0.0,0.1,10.0,0.0,0.0,0.0,0.18012,-0.11822,0.28239,0.00107,0.92638
281.22,ETH-27SEP19,1562929140079,open,0.11,1662.0,0.077,0.156,0.116568,102.26,0.12,0.0,ETH-27SEP19-340-C,276.17,99.17,0.111,333.0,0.122,453.0,105.26,0.50751,-0.33753,0.18717,0.00298,0.43258
277.1,SYN.ETH-26JUL19,1562929140077,open,0.0,1248.0,0.001,0.04,0.000195,125.01,0.002,0.0,ETH-26JUL19-560-C,276.17,0.0,0.0,0.0,0.003,550.0,171.44,0.00472,-0.02125,0.00028,0.00013,0.00285
276.64,SYN.ETH-19JUL19,1562929140078,open,0.0,1.0,0.001,0.04,0.000518,125.01,0.002,0.0,ETH-19JUL19-420-C,276.17,0.0,0.0,0.0,0.003,550.0,160.3,0.00963,-0.08751,0.00047,0.00053,0.00944
277.1,SYN.ETH-26JUL19,1562929140079,open,0.02,1803.0,0.001,0.06,0.02083,108.72,0.019,0.0,ETH-26JUL19-340-C,276.17,103.33,0.018,200.0,0.024,513.0,114.48,0.14904,-0.58392,0.01837,0.0047,0.19518
277.1,SYN.ETH-26JUL19,1562929140076,open,0.0,1091.0,0.001,0.04,7.4e-05,125.01,0.001,0.0,ETH-26JUL19-600-C,276.17,0.0,0.0,0.0,0.002,300.0,174.81,0.00207,-0.00933,0.00011,6e-05,0.00115
276.64,SYN.ETH-19JUL19,1562929140077,open,0.12,219.0,0.068,0.156,0.112447,107.37,0.088,0.0,ETH-19JUL19-300-P,276.17,0.0,0.083,10.0,0.124,10.0,130.4,0.13523,-1.05585,-0.04146,0.00874,-0.6831
276.64,SYN.ETH-19JUL19,1562929140076,open,0.14,0.0,0.106,0.185,0.145785,110.81,None,0.0,ETH-19JUL19-240-C,276.17,0.0,0.01,100.0,0.16,30.0,149.43,0.09093,-0.73278,0.03638,0.00569,0.84381
281.22,ETH-27SEP19,1562929140080,open,0.79,0.0,0.747,0.826,0.786934,125.55,0.01,0.0,ETH-27SEP19-60-C,276.17,0.0,0.004,5.0,0.0,0.0,0.0,0.00627,-0.00512,0.12531,3e-05,0.99851
277.1,SYN.ETH-26JUL19,1562929140078,open,0.06,877.0,0.01,0.094,0.05198,105.06,0.05,0.0,ETH-26JUL19-260-P,276.17,99.47,0.048,200.0,0.056,180.0,110.68,0.19789,-0.74916,-0.04126,0.00645,-0.33966
276.64,SYN.ETH-19JUL19,1562929140077,open,0.01,216.0,0.001,0.054,0.014089,109.03,0.015,0.0,ETH-19JUL19-320-C,276.17,103.17,0.012,200.0,0.017,286.0,116.74,0.1012,-0.80237,0.00888,0.00644,0.18455
281.22,ETH-27SEP19,1562929140080,open,0.29,1095.0,0.254,0.333,0.293427,100.56,0.3,0.0,ETH-27SEP19-220-C,276.17,0.0,0.005,1.0,0.57,17.0,301.31,0.38493,-0.25176,0.28653,0.0023,0.77719
277.1,SYN.ETH-26JUL19,1562929140079,open,0.03,1351.0,0.001,0.068,0.027083,105.07,0.023,0.0,ETH-26JUL19-240-P,276.17,99.52,0.024,200.0,0.03,442.0,110.19,0.156,-0.59063,-0.02505,0.00509,-0.21067
281.22,ETH-27SEP19,1562929140081,open,0.0,389.0,0.001,0.04,0.000275,124.86,0.002,0.0,ETH-27SEP19-60-P,276.17,0.0,0.0,0.0,0.002,300.0,159.33,0.00603,-0.0049,-0.00101,3e-05,-0.00143
277.1,SYN.ETH-26JUL19,1562929140079,open,0.0,984.0,0.001,0.041,0.001506,111.07,0.002,0.0,ETH-26JUL19-180-P,276.17,0.0,0.0,0.0,0.003,605.0,124.96,0.02374,-0.09502,-0.00204,0.00073,-0.01784
277.1,SYN.ETH-26JUL19,1562929140077,open,0.0,562.0,0.001,0.04,0.000764,124.83,0.004,0.0,ETH-26JUL19-160-P,276.17,0.0,0.0,0.0,0.002,300.0,143.76,0.01274,-0.05733,-0.001,0.00035,-0.0087
276.64,SYN.ETH-19JUL19,1562929140076,open,0.0,90.0,0.001,0.043,0.003966,117.64,0.006,0.0,ETH-19JUL19-360-C,276.17,103.39,0.002,251.0,0.006,550.0,128.65,0.04553,-0.38951,0.00295,0.00268,0.06051
277.1,SYN.ETH-26JUL19,1562929140079,open,0.11,568.0,0.074,0.153,0.11373,105.11,0.112,0.0,ETH-26JUL19-260-C,276.17,95.64,0.107,150.0,0.117,180.0,109.68,0.1979,-0.74952,0.05758,0.00645,0.66031
277.1,SYN.ETH-26JUL19,1562929140080,open,0.15,558.0,0.122,0.201,0.161005,105.12,0.161,0.0,ETH-26JUL19-240-C,276.17,0.0,0.0,0.0,0.178,30.0,133.79,0.15604,-0.59109,0.06618,0.00509,0.78924
277.1,SYN.ETH-26JUL19,1562929140080,open,0.01,3281.0,0.001,0.053,0.013752,111.54,0.016,0.0,ETH-26JUL19-360-C,276.17,104.79,0.011,600.0,0.016,580.0,116.63,0.11838,-0.47579,0.01296,0.00364,0.13681
277.1,SYN.ETH-26JUL19,1562929140077,open,0.82,0.0,0.733,0.877,0.805157,123.79,None,0.0,ETH-26JUL19-500-P,276.17,0.0,0.0,0.0,0.0,0.0,0.0,0.01446,-0.06449,-0.1891,0.0004,-0.98995
276.64,SYN.ETH-19JUL19,1562929140077,open,0.01,1043.0,0.001,0.044,0.004238,112.87,0.003,0.0,ETH-19JUL19-220-P,276.17,96.45,0.002,560.0,0.006,1.0,122.75,0.04512,-0.37031,-0.00334,0.00277,-0.05981
11675.88,SYN.BTC-19JUL19,1562929140086,open,0.21,16.4,0.1605,0.257,0.20874873,111.65,0.1615,0.0,BTC-19JUL19-14000-P,11657.1,0.0,0.105,0.2,0.0,0.0,0.0,3.46037,-28.09543,-2.36401,0.00012,-0.86607
11695.0,SYN.BTC-26JUL19,1562929140271,open,0.0,302.8,0.0005,0.0405,0.0008755,124.95,0.0025,0.0,BTC-26JUL19-21000-C,11657.1,127.01,0.001,0.5,0.0015,30.0,133.84,0.6748,-3.03831,0.04624,1e-05,0.01128
11695.0,SYN.BTC-26JUL19,1562929140304,open,0.28,36.6,0.239,0.3185,0.27850803,109.2,0.2155,0.0,BTC-26JUL19-8500-C,11657.1,0.0,0.0105,0.1,0.0,0.0,0.0,2.50867,-9.87189,2.96657,4e-05,0.94576
12088.27,BTC-27DEC19,1562929140316,open,0.14,294.3,0.102,0.1815,0.14156172,101.24,0.13,0.0,BTC-27DEC19-18000-C,11657.1,99.72,0.1375,10.0,0.145,4.9,102.57,31.80268,-9.58908,14.73268,5e-05,0.40648
276.64,SYN.ETH-19JUL19,1562929140428,open,0.54,0.0,0.458,0.579,0.518673,123.37,None,0.0,ETH-19JUL19-420-P,276.17,0.0,0.0,0.0,0.0,0.0,0.0,0.00889,-0.07979,-0.07869,0.0005,-0.99137
11866.89,BTC-27SEP19,1562929140469,open,0.01,302.1,0.0005,0.0515,0.01170351,112.81,0.011,0.0,BTC-27SEP19-30000-C,11657.49,109.66,0.01,15.0,0.013,34.0,115.03,6.71349,-4.92566,1.27429,2e-05,0.06269
12088.19,BTC-27DEC19,1562929140469,open,0.27,173.8,0.2255,0.305,0.26502888,98.77,0.2695,0.0,BTC-27DEC19-12000-C,11657.49,96.21,0.2585,15.0,0.269,10.0,100.33,30.80658,-9.06283,20.58491,5e-05,0.63528
12088.19,BTC-27DEC19,1562929140469,open,0.01,75.4,0.0005,0.0545,0.01399707,102.13,0.016,0.0,BTC-27DEC19-4500-P,11657.49,98.44,0.012,6.0,0.016,21.0,105.58,6.79211,-2.066,-2.89724,1e-05,-0.03811
12088.19,BTC-27DEC19,1562929140469,open,0.88,0.0,0.837,0.9165,0.87653814,125.02,None,0.0,BTC-27DEC19-1500-C,11657.49,0.0,0.0175,0.1,0.987,0.5,500.0,0.50942,-0.18968,6.75543,0.0,0.99804
12088.19,BTC-27DEC19,1562929140469,open,0.03,190.3,0.0005,0.069,0.0290393,109.49,0.03,0.0,BTC-27DEC19-40000-C,11657.49,107.42,0.0265,10.0,0.031,6.0,111.03,15.15742,-4.94311,4.35948,2e-05,0.10745
11866.89,BTC-27SEP19,1562929140469,open,0.01,571.7,0.0005,0.051,0.01086606,102.73,0.0145,0.0,BTC-27SEP19-6000-P,11657.49,99.55,0.0095,5.0,0.0125,39.0,106.28,5.27744,-3.52604,-1.42763,2e-05,-0.04625
11866.89,BTC-27SEP19,1562929140470,open,0.0,297.6,0.0005,0.044,0.00392192,108.22,0.0055,0.0,BTC-27SEP19-4750-P,11657.49,103.36,0.003,5.0,0.005,39.0,113.1,2.43617,-1.71465,-0.55345,1e-05,-0.01822
11866.89,BTC-27SEP19,1562929140470,open,0.0,433.4,0.0005,0.0415,0.0015216,122.01,0.001,0.0,BTC-27SEP19-3500-P,11657.49,105.98,0.0005,10.0,0.0025,15.0,131.32,1.05276,-0.83541,-0.2114,0.0,-0.00694
12088.58,BTC-27DEC19,1562929140470,open,0.57,60.5,0.532,0.6115,0.57191183,100.18,0.567,0.0,BTC-27DEC19-5500-C,11657.49,0.0,0.0055,0.1,0.9725,5.0,500.0,10.6365,-3.17357,20.07874,2e-05,0.93304
12088.58,BTC-27DEC19,1562929140470,open,0.76,0.0,0.716,0.7955,0.75567839,108.22,None,0.0,BTC-27DEC19-3000-C,11657.49,0.0,0.0055,0.1,0.9805,0.5,500.0,2.51024,-0.80907,12.93206,0.0,0.98827
11866.89,BTC-27SEP19,1562929140470,open,1.54,0.0,1.439,1.6415,1.54038295,113.92,None,0.0,BTC-27SEP19-30000-P,11657.49,0.0,0.0005,3.0,0.0,0.0,0.0,6.92092,-5.12778,-61.86461,2e-05,-0.93481
12088.58,BTC-27DEC19,1562929140470,open,0.03,86.0,0.0005,0.068,0.02699272,100.3,0.019,0.0,BTC-27DEC19-5500-P,11657.49,98.0,0.025,6.0,0.029,5.0,102.54,10.65219,-3.18206,-5.23059,2e-05,-0.06708
12088.58,BTC-27DEC19,1562929140470,open,2.34,0.0,2.205,2.4715,2.33803223,109.56,None,0.0,BTC-27DEC19-40000-P,11657.49,0.0,0.0005,4.0,0.0,0.0,0.0,15.18104,-4.95378,-179.6058,2e-05,-0.89232
12088.58,BTC-27DEC19,1562929140470,open,1.69,0.3,1.586,1.801,1.69349731,106.64,2.435,0.0,BTC-27DEC19-32000-P,11657.49,0.0,0.0005,7.0,0.0,0.0,0.0,20.14594,-6.39861,-140.72488,3e-05,-0.83755
11866.89,BTC-27SEP19,1562929140470,open,0.0,1060.8,0.0005,0.0425,0.00248647,111.48,0.003,0.0,BTC-27SEP19-4250-P,11657.49,103.37,0.0015,20.0,0.0035,39.0,117.9,1.6793,-1.21762,-0.35766,1e-05,-0.01182
11866.89,BTC-27SEP19,1562929140470,open,1.7,0.0,1.5985,1.8145,1.70658267,115.34,None,0.0,BTC-27SEP19-32000-P,11657.49,0.0,0.0005,9.0,2.2315,1.0,450.63,5.95136,-4.46467,-66.30386,2e-05,-0.94622
11866.89,BTC-27SEP19,1562929140470,open,0.02,93.2,0.0005,0.058,0.01841385,109.36,0.0225,0.0,BTC-27SEP19-26000-C,11657.49,106.82,0.0165,39.0,0.02,10.0,111.37,9.19058,-6.53734,1.90917,3e-05,0.0948
11695.0,SYN.BTC-26JUL19,1562929140469,open,0.05,370.5,0.01,0.094,0.05194601,103.67,0.05,0.0,BTC-26JUL19-11000-P,11657.49,100.26,0.0495,0.1,0.054,29.0,106.54,8.38342,-31.31874,-1.75611,0.00016,-0.34305
11695.0,SYN.BTC-26JUL19,1562929140469,open,0.0,301.9,0.0005,0.043,0.00312197,112.93,0.0035,0.0,BTC-26JUL19-8000-P,11657.49,104.16,0.002,45.0,0.004,30.0,118.59,1.69043,-6.87889,-0.16184,3e-05,-0.03328
11675.88,SYN.BTC-19JUL19,1562929140469,open,0.16,17.4,0.115,0.1945,0.15455161,109.89,0.1555,0.0,BTC-19JUL19-10000-C,11657.49,0.0,0.1325,10.0,0.157,1.0,117.82,3.48084,-27.81685,1.56241,0.00012,0.86492
11675.88,SYN.BTC-19JUL19,1562929140469,open,0.17,35.2,0.1245,0.2175,0.17092936,110.48,0.2,0.0,BTC-19JUL19-13500-P,11657.49,0.0,0.147,5.0,0.199,5.0,174.35,4.33495,-34.82864,-2.15964,0.00015,-0.81097
12088.58,BTC-27DEC19,1562929140471,open,1.22,0.0,1.133,1.3105,1.22175538,104.42,None,0.0,BTC-27DEC19-26000-P,11657.49,0.0,0.004,10.0,2.022,0.2,500.0,25.10395,-7.80731,-110.54615,4e-05,-0.76651
11867.28,BTC-27SEP19,1562929140472,open,0.62,289.7,0.584,0.6635,0.62368812,108.25,0.588,0.0,BTC-27SEP19-4500-C,11657.49,0.0,0.573,10.0,0.6685,10.0,213.76,1.93086,-1.35948,9.05852,1e-05,0.98611
12088.58,BTC-27DEC19,1562929140472,open,1.38,0.1,1.2825,1.472,1.37730542,105.16,2.02,0.0,BTC-27DEC19-28000-P,11657.49,0.0,0.001,1.0,0.0,0.0,0.0,23.34515,-7.3117,-120.73626,3e-05,-0.79423
11867.28,BTC-27SEP19,1562929140472,open,0.07,158.4,0.023,0.1075,0.06537343,99.38,0.0755,0.0,BTC-27SEP19-9000-P,11657.49,97.14,0.0625,19.3,0.0675,32.4,101.02,15.33957,-9.91459,-6.68335,5e-05,-0.20202
11867.28,BTC-27SEP19,1562929140473,open,0.58,1.0,0.5145,0.6405,0.57742695,103.79,1.5815,0.0,BTC-27SEP19-18000-P,11657.49,0.0,0.004,0.3,1.2115,0.3,500.0,17.74369,-11.97736,-32.8728,6e-05,-0.73777
11867.28,BTC-27SEP19,1562929140473,open,0.54,224.0,0.504,0.5835,0.54361804,103.63,0.5225,0.0,BTC-27SEP19-5500-C,11657.49,0.0,0.496,10.0,0.5835,10.0,175.03,3.88957,-2.62148,10.61211,1e-05,0.96819
11867.28,BTC-27SEP19,1562929140473,open,0.12,160.0,0.081,0.1605,0.12084346,100.26,0.1225,0.0,BTC-27SEP19-14000-C,11657.49,98.14,0.117,5.0,0.1235,10.0,101.72,21.54704,-14.05018,8.19268,7e-05,0.44862
11867.28,BTC-27SEP19,1562929140473,open,0.89,0.2,0.811,0.9615,0.88625773,106.79,1.391,0.0,BTC-27SEP19-22000-P,11657.49,0.0,0.004,10.0,0.0,0.0,0.0,12.98824,-9.02111,-43.26749,4e-05,-0.84481
11695.0,SYN.BTC-26JUL19,1562929140469,open,0.4,4.8,0.3625,0.442,0.40248326,122.37,0.455,0.0,BTC-26JUL19-7000-C,11657.49,0.0,0.005,0.1,0.0,0.0,0.0,0.69112,-3.04757,2.60498,1e-05,0.98841
11675.88,SYN.BTC-19JUL19,1562929140469,open,0.0,170.3,0.0005,0.044,0.00415658,114.32,0.004,0.0,BTC-19JUL19-15000-C,11657.49,107.04,0.003,10.0,0.005,30.5,118.96,2.01926,-16.78688,0.13268,7e-05,0.06448
12088.58,BTC-27DEC19,1562929140473,open,2.01,1.3,1.894,2.1345,2.01432131,108.13,2.889,0.0,BTC-27DEC19-36000-P,11657.49,0.0,0.0005,1.0,0.0,0.0,0.0,17.43975,-5.61654,-160.30824,2e-05,-0.86895
11867.28,BTC-27SEP19,1562929140473,open,0.87,42.8,0.834,0.9135,0.87357356,0.0,0.815,0.0,BTC-27SEP19-1500-C,11657.49,0.0,0.0005,6.0,0.0,0.0,0.0,0.0,0.0,3.15928,0.0,1.0
12088.58,BTC-27DEC19,1562929140474,open,2.99,0.0,2.831,3.15,2.99050973,112.16,None,0.0,BTC-27DEC19-48000-P,11657.49,0.0,0.0005,7.0,0.0,0.0,0.0,11.72192,-3.91571,-217.6449,2e-05,-0.92401
11675.88,SYN.BTC-19JUL19,1562929140469,open,0.01,230.9,0.0005,0.046,0.00638805,113.08,0.006,0.0,BTC-19JUL19-14500-C,11657.49,106.68,0.005,10.0,0.007,0.5,115.69,2.68174,-22.0525,0.1921,9e-05,0.09373
11675.88,SYN.BTC-19JUL19,1562929140470,open,0.41,0.0,0.3585,0.471,0.41476298,124.26,None,0.0,BTC-19JUL19-16500-P,11657.49,0.0,0.001,8.0,0.0,0.0,0.0,0.96914,-8.7576,-3.05442,3e-05,-0.97396
11867.28,BTC-27SEP19,1562929140474,open,0.83,28.2,0.7915,0.871,0.83148134,110.91,0.755,0.0,BTC-27SEP19-2000-C,11657.49,0.0,0.01,1.0,0.9395,5.0,500.0,0.01901,-0.01371,4.20988,0.0,0.99991
11867.28,BTC-27SEP19,1562929140474,open,0.73,0.0,0.66,0.7975,0.72883332,104.99,None,0.0,BTC-27SEP19-20000-P,11657.49,0.0,0.004,10.0,1.3645,0.2,500.0,15.23762,-10.4047,-38.21806,5e-05,-0.80022
11867.28,BTC-27SEP19,1562929140474,open,1.37,0.0,1.2795,1.4685,1.37400619,111.15,None,0.0,BTC-27SEP19-28000-P,11657.49,0.0,0.0005,6.0,0.0,0.0,0.0,7.83961,-5.6672,-57.42125,2e-05,-0.92333
11675.88,SYN.BTC-19JUL19,1562929140469,open,0.25,0.0,0.199,0.2985,0.24860119,114.53,None,0.0,BTC-19JUL19-14500-P,11657.49,0.0,0.001,2.0,0.0,0.0,0.0,2.74795,-22.88619,-2.53314,9e-05,-0.90312
11695.0,SYN.BTC-26JUL19,1562929140470,open,0.79,0.0,0.7255,0.8685,0.79700158,132.13,None,0.0,BTC-26JUL19-21000-P,11657.49,0.0,0.001,3.0,0.0,0.0,0.0,0.91487,-4.356,-7.918,1e-05,-0.98396
11867.28,BTC-27SEP19,1562929140475,open,0.58,793.2,0.5435,0.623,0.58329683,105.8,0.5945,0.0,BTC-27SEP19-5000-C,11657.49,0.0,0.534,10.0,0.6255,10.0,192.51,2.80772,-1.93199,9.87702,1e-05,0.97846
11675.88,SYN.BTC-19JUL19,1562929140469,open,0.0,81.0,0.0005,0.0425,0.00272326,115.79,0.004,0.0,BTC-19JUL19-15500-C,11657.49,104.55,0.0015,10.5,0.0035,30.5,121.41,1.4988,-12.62035,0.09136,5e-05,0.04426
11695.0,SYN.BTC-26JUL19,1562929140469,open,0.01,493.4,0.0005,0.045,0.00511904,114.15,0.0065,0.0,BTC-26JUL19-17000-C,11657.49,108.87,0.004,10.0,0.006,30.0,117.86,2.65488,-10.92004,0.23633,4e-05,0.05828
11675.88,SYN.BTC-19JUL19,1562929140469,open,0.29,0.0,0.238,0.3405,0.28920465,116.29,None,0.0,BTC-19JUL19-15000-P,11657.49,0.0,0.001,2.0,0.0,0.0,0.0,2.10739,-17.82147,-2.68567,7e-05,-0.93186
12088.58,BTC-27DEC19,1562929140476,open,1.53,0.2,1.4335,1.636,1.53465336,105.88,2.2245,0.0,BTC-27DEC19-30000-P,11657.49,0.0,0.0005,6.0,0.0,0.0,0.0,21.68133,-6.83733,-130.79152,3e-05,-0.81774
11675.88,SYN.BTC-19JUL19,1562929140469,open,0.12,9.3,0.08,0.1595,0.11988291,107.15,0.161,0.0,BTC-19JUL19-10500-C,11657.49,0.0,0.0895,10.0,0.1245,10.0,118.44,4.65976,-36.30986,1.46681,0.00017,0.78678
11695.0,SYN.BTC-26JUL19,1562929140473,open,0.0,256.4,0.0005,0.0415,0.00153658,124.95,0.002,0.0,BTC-26JUL19-20000-C,11657.49,124.53,0.0015,98.1,0.002,31.0,129.69,1.0442,-4.70139,0.07644,2e-05,0.01873
11675.88,SYN.BTC-19JUL19,1562929140469,open,0.01,149.4,0.0005,0.046,0.00590167,112.69,0.007,0.0,BTC-19JUL19-9500-P,11657.49,108.07,0.005,0.5,0.007,30.0,117.91,2.36351,-19.36867,-0.18709,8e-05,-0.07916
11675.88,SYN.BTC-19JUL19,1562929140475,open,0.33,0.0,0.2775,0.3835,0.33060626,118.49,None,0.0,BTC-19JUL19-15500-P,11657.49,0.0,0.001,1.0,0.0,0.0,0.0,1.60991,-13.87232,-2.82018,5e-05,-0.95162
11695.0,SYN.BTC-26JUL19,1562929140475,open,0.71,0.0,0.644,0.7805,0.71213284,129.69,None,0.0,BTC-26JUL19-20000-P,11657.49,0.0,0.001,5.0,0.0,0.0,0.0,1.24217,-5.80504,-7.50979,2e-05,-0.97701
11675.88,SYN.BTC-19JUL19,1562929140469,open,0.19,1.5,0.1525,0.232,0.19203789,111.59,0.167,0.0,BTC-19JUL19-9500-C,11657.49,0.0,0.1605,10.0,0.1965,10.0,131.15,2.32242,-18.84637,1.60693,8e-05,0.92265
11675.88,SYN.BTC-19JUL19,1562929140469,open,0.0,182.0,0.0005,0.0415,0.00151858,121.04,0.001,0.0,BTC-19JUL19-8500-P,11657.49,113.21,0.001,8.0,0.0025,30.1,132.22,0.87554,-7.70633,-0.05409,3e-05,-0.02307
11695.0,SYN.BTC-26JUL19,1562929140469,open,0.62,0.0,0.5625,0.692,0.62724014,124.47,None,0.0,BTC-26JUL19-19000-P,11657.49,0.0,0.001,3.0,0.0,0.0,0.0,1.55882,-6.9915,-7.10045,2e-05,-0.96983
11695.0,SYN.BTC-26JUL19,1562929140474,open,0.24,50.3,0.2,0.2795,0.23990212,108.11,0.2035,0.0,BTC-26JUL19-9000-C,11657.49,0.0,0.1,0.6,0.4,1.0,403.61,3.66665,-14.28367,2.98446,7e-05,0.91118
11675.88,SYN.BTC-19JUL19,1562929140490,open,0.16,17.4,0.115,0.1945,0.15455161,109.89,0.1555,0.0,BTC-19JUL19-10000-C,11657.49,0.0,0.1325,10.0,0.1575,11.0,119.38,3.48084,-27.81685,1.56241,0.00012,0.86492
11675.88,SYN.BTC-19JUL19,1562929140492,open,0.27,0.0,0.2335,0.313,0.27332467,118.29,None,0.0,BTC-19JUL19-8500-C,11657.49,0.0,0.239,10.0,0.277,1.0,152.36,0.80377,-6.91418,1.55242,3e-05,0.97915
11675.88,SYN.BTC-19JUL19,1562929140505,open,0.03,394.5,0.0005,0.0735,0.0324043,106.78,0.03,0.0,BTC-19JUL19-11000-P,11657.49,101.84,0.03,0.1,0.0335,0.1,109.03,5.69707,-44.2396,-0.76534,0.00021,-0.31556
11866.89,BTC-27SEP19,1562929140507,open,1.7,0.0,1.5985,1.8145,1.70658267,115.34,None,0.0,BTC-27SEP19-32000-P,11657.49,0.0,0.0005,9.0,2.231,1.0,450.31,5.95136,-4.46467,-66.30386,2e-05,-0.94622
12088.58,BTC-27DEC19,1562929140509,open,0.43,5.6,0.375,0.4895,0.43221666,100.03,0.3855,0.0,BTC-27DEC19-15000-P,11657.49,97.91,0.4265,3.6,0.44,3.6,102.91,32.69914,-9.74171,-51.36312,5e-05,-0.49159
11695.0,SYN.BTC-26JUL19,1562929140511,open,0.04,395.0,0.0025,0.082,0.0421301,105.91,0.0315,0.0,BTC-26JUL19-13000-C,11657.49,102.22,0.0395,24.0,0.0435,0.2,107.82,8.36685,-31.93204,1.32991,0.00015,0.34126
12088.19,BTC-27DEC19,1562929140513,open,0.05,215.4,0.0045,0.0875,0.04610702,99.34,0.048,0.0,BTC-27DEC19-6500-P,11657.49,97.2,0.0435,6.0,0.0485,15.0,101.28,14.82894,-4.38768,-8.35907,2e-05,-0.10424
11675.88,SYN.BTC-19JUL19,1562929140514,open,0.03,394.5,0.0005,0.0735,0.0324043,106.78,0.03,0.0,BTC-19JUL19-11000-P,11657.49,101.84,0.03,0.1,0.033,5.0,108.0,5.69707,-44.2396,-0.76534,0.00021,-0.31556
11675.88,SYN.BTC-19JUL19,1562929140517,open,0.16,17.4,0.115,0.1945,0.15455161,109.89,0.1555,0.0,BTC-19JUL19-10000-C,11657.49,0.0,0.1325,10.0,0.1575,1.0,119.38,3.48084,-27.81685,1.56241,0.00012,0.86492
11867.28,BTC-27SEP19,1562929140517,open,0.1,220.5,0.055,0.1425,0.09867878,99.26,0.097,0.0,BTC-27SEP19-10000-P,11657.49,96.85,0.095,19.3,0.101,5.0,100.78,18.10917,-11.6911,-9.29145,6e-05,-0.27306
11867.28,BTC-27SEP19,1562929140519,open,0.15,181.3,0.1055,0.185,0.14514472,99.48,0.1445,0.0,BTC-27SEP19-13000-C,11657.49,97.21,0.141,19.4,0.1485,10.0,101.31,21.71861,-14.05195,9.15441,7e-05,0.5114
11867.28,BTC-27SEP19,1562929140521,open,0.58,1.0,0.5145,0.6405,0.57742695,103.79,1.5815,0.0,BTC-27SEP19-18000-P,11657.49,0.0,0.004,0.3,1.2105,0.3,500.0,17.74369,-11.97736,-32.8728,6e-05,-0.73777
12088.58,BTC-27DEC19,1562929140539,open,0.24,150.0,0.198,0.2775,0.23785664,99.46,0.2475,0.0,BTC-27DEC19-13000-C,11657.49,96.67,0.2305,15.0,0.2405,10.0,100.46,31.85646,-9.43651,19.62081,5e-05,0.59075
11675.88,SYN.BTC-19JUL19,1562929140562,open,0.05,76.5,0.0065,0.086,0.04646958,106.95,0.0455,0.0,BTC-19JUL19-12000-C,11657.49,103.33,0.0445,0.1,0.048,5.6,109.77,6.35232,-49.40672,0.89846,0.00023,0.45496
11867.28,BTC-27SEP19,1562929140554,open,0.37,29.6,0.311,0.42,0.36556418,101.43,0.39,0.0,BTC-27SEP19-15000-P,11657.49,98.56,0.3605,14.4,0.371,14.4,104.51,20.94705,-13.81941,-24.29904,7e-05,-0.6066
11695.0,SYN.BTC-26JUL19,1562929140643,open,0.06,105.8,0.0145,0.094,0.05428656,104.95,0.056,0.0,BTC-26JUL19-12500-C,11657.49,101.93,0.052,0.1,0.0565,10.0,107.87,8.87348,-33.55853,1.58936,0.00016,0.41177
11695.0,SYN.BTC-26JUL19,1562929140693,open,0.05,370.5,0.01,0.094,0.05194601,103.67,0.05,0.0,BTC-26JUL19-11000-P,11657.49,98.86,0.0485,24.0,0.054,29.0,106.54,8.38342,-31.31874,-1.75611,0.00016,-0.34305
11675.88,SYN.BTC-19JUL19,1562929140773,open,0.03,394.5,0.0005,0.0735,0.03230976,106.78,0.03,0.0,BTC-19JUL19-11000-P,11657.49,101.84,0.03,0.1,0.0335,5.0,109.03,5.69707,-44.2396,-0.76534,0.00021,-0.31556
12088.58,BTC-27DEC19,1562929140800,open,0.43,5.6,0.375,0.489,0.43219286,100.03,0.3855,0.0,BTC-27DEC19-15000-P,11657.49,97.91,0.4265,3.6,0.4385,5.0,102.35,32.69914,-9.74171,-51.36312,5e-05,-0.49159
11676.25,SYN.BTC-19JUL19,1562929140957,open,0.37,0.0,0.3175,0.4265,0.37208619,117.23,None,0.0,BTC-19JUL19-16000-P,11657.49,0.0,0.001,7.0,0.0,0.0,0.0,1.097,-9.35148,-2.95146,4e-05,-0.96978
12088.58,BTC-27DEC19,1562929141038,open,0.43,5.6,0.375,0.489,0.43219286,100.03,0.3855,0.0,BTC-27DEC19-15000-P,11657.49,97.91,0.4265,3.6,0.439,5.0,102.54,32.69914,-9.74171,-51.36312,5e-05,-0.49159
11867.1,BTC-27SEP19,1562929141276,open,1.7,0.0,1.598,1.814,1.70591355,114.08,None,0.0,BTC-27SEP19-32000-P,11657.49,0.0,0.0005,9.0,2.231,1.0,450.34,5.72773,-4.24981,-66.35165,2e-05,-0.94876
276.62,SYN.ETH-19JUL19,1562929141289,open,0.07,324.0,0.023,0.108,0.065394,107.35,0.075,0.0,ETH-19JUL19-280-P,276.17,101.15,0.062,150.0,0.072,160.0,119.42,0.15146,-1.18236,-0.02964,0.00979,-0.50349
11695.36,SYN.BTC-26JUL19,1562929141462,open,0.0,0.283,0.3895,0.33640904,110.56,None,0.0,BTC-26JUL19-15500-P,11657.49,0.0,0.0,0.0,0.0,0.0,0.0,4.4345,-17.66661,-5.4291,8e-05,-0.88469
12088.51,BTC-27DEC19,1562929141469,open,0.05,222.0,0.013,0.0925,0.05290776,105.85,0.05,0.0,BTC-27DEC19-30000-C,11656.67,104.2,0.05,10.0,0.0555,4.9,107.28,21.67031,-6.83155,7.1839,3e-05,0.18212
11867.1,BTC-27SEP19,1562929141469,open,0.01,325.3,0.0005,0.047,0.00719936,103.99,0.005,0.0,BTC-27SEP19-5500-P,11656.67,100.19,0.006,5.0,0.0085,39.0,107.75,3.92515,-2.65489,-0.98377,1e-05,-0.03216
11867.1,BTC-27SEP19,1562929141469,open,1.54,0.0,1.4385,1.641,1.53975861,112.91,None,0.0,BTC-27SEP19-30000-P,11656.67,0.0,0.0005,3.0,0.0,0.0,0.0,6.73265,-4.9441,-61.90692,2e-05,-0.93708
12087.69,BTC-27DEC19,1562929141469,open,0.54,122.6,0.4995,0.579,0.53945115,99.8,0.57,0.0,BTC-27DEC19-6000-C,11656.67,68.72,0.513,4.0,0.61,0.1,156.96,12.73763,-3.78625,20.88798,2e-05,0.91517
12087.69,BTC-27DEC19,1562929141469,open,0.07,140.1,0.031,0.1105,0.07091403,104.4,0.073,0.0,BTC-27DEC19-26000-C,11656.67,102.74,0.0675,10.0,0.0735,4.9,105.64,25.09547,-7.80326,9.03253,4e-05,0.23338
11867.1,BTC-27SEP19,1562929141470,open,1.05,0.2,0.965,1.128,1.04661899,108.08,1.6,0.0,BTC-27SEP19-24000-P,11656.67,0.0,0.0005,6.0,0.0,0.0,0.0,10.93496,-7.68699,-48.13868,3e-05,-0.87937
12087.69,BTC-27DEC19,1562929141470,open,0.1,83.5,0.0585,0.138,0.09816725,102.82,0.1075,0.0,BTC-27DEC19-22000-C,11656.67,101.06,0.094,20.0,0.1015,4.9,104.22,28.71356,-8.79321,11.49739,4e-05,0.30497
11867.1,BTC-27SEP19,1562929141470,open,0.64,0.2,0.6045,0.684,0.64435484,111.49,0.26,0.0,BTC-27SEP19-4250-C,11656.67,0.0,0.005,0.1,0.7365,5.0,299.27,1.67987,-1.21816,8.59347,1e-05,0.98817
12087.69,BTC-27DEC19,1562929141470,open,0.34,436.5,0.296,0.3755,0.33587087,99.08,0.3425,0.0,BTC-27DEC19-10000-C,11656.67,95.12,0.327,15.0,0.3425,14.9,102.05,27.01646,-7.9728,22.00957,4e-05,0.73176
11866.28,BTC-27SEP19,1562929141470,open,0.04,383.5,0.0035,0.083,0.04349882,104.97,0.042,0.0,BTC-27SEP19-20000-C,11656.67,103.4,0.0415,3.0,0.0455,19.3,106.52,15.23218,-10.39981,3.90373,5e-05,0.19969
11866.28,BTC-27SEP19,1562929141471,open,1.21,0.0,1.121,1.2975,1.20933356,109.16,None,0.0,BTC-27SEP19-26000-P,11656.67,0.0,0.0005,5.0,0.0,0.0,0.0,9.14769,-6.49459,-52.86244,3e-05,-0.90579
11676.25,SYN.BTC-19JUL19,1562929141469,open,0.1,63.6,0.059,0.147,0.1029168,108.27,0.0965,0.0,BTC-19JUL19-12500-P,11656.67,100.5,0.099,0.1,0.106,0.5,114.3,5.93781,-46.74875,-1.65537,0.00021,-0.64969
12087.69,BTC-27DEC19,1562929141471,open,0.45,93.8,0.412,0.4915,0.45157462,99.12,0.4485,0.0,BTC-27DEC19-7500-C,11656.67,0.0,0.311,3.0,0.503,2.5,130.65,18.92173,-5.58607,22.27556,3e-05,0.85225
11866.28,BTC-27SEP19,1562929141471,open,0.09,140.9,0.0445,0.124,0.08445498,101.8,0.084,0.0,BTC-27SEP19-16000-C,11656.67,99.44,0.0805,47.4,0.0875,32.4,103.6,20.00545,-13.24549,6.44438,7e-05,0.34231
11695.36,SYN.BTC-26JUL19,1562929141472,open,0.0,126.8,0.0005,0.04,4.512e-05,125.0,0.0005,0.0,BTC-26JUL19-5500-P,11656.67,0.0,0.0,0.0,0.001,10.0,172.85,0.05143,-0.23167,-0.00308,0.0,-0.00065
11866.28,BTC-27SEP19,1562929141473,open,0.21,507.2,0.172,0.2515,0.21194927,98.96,0.199,0.0,BTC-27SEP19-11000-C,11656.67,96.34,0.2075,5.2,0.2175,15.2,102.24,20.10317,-12.93941,11.02818,7e-05,0.65321
12087.69,BTC-27DEC19,1562929141475,open,0.04,278.6,0.0005,0.077,0.03578736,99.77,0.0375,0.0,BTC-27DEC19-6000-P,11656.67,97.57,0.0335,6.0,0.0385,21.0,102.31,12.7334,-3.78367,-6.7039,2e-05,-0.0848
11866.28,BTC-27SEP19,1562929141475,open,0.0,421.1,0.0005,0.042,0.00206145,114.27,0.0025,0.0,BTC-27SEP19-4000-P,11656.67,103.26,0.001,24.0,0.003,39.0,121.21,1.4201,-1.05545,-0.29528,0.0,-0.00975
11866.28,BTC-27SEP19,1562929141475,open,0.0,425.8,0.0005,0.04,5.986e-05,124.99,0.0005,0.0,BTC-27SEP19-2000-P,11656.67,0.0,0.0,0.0,0.001,16.0,166.71,0.06924,-0.05629,-0.0102,0.0,-0.00035
11866.28,BTC-27SEP19,1562929141475,open,0.01,157.8,0.0005,0.049,0.00933646,113.99,0.012,0.0,BTC-27SEP19-32000-C,11656.67,111.08,0.008,15.0,0.0105,10.0,116.32,5.71016,-4.23342,1.04248,2e-05,0.05105
11866.28,BTC-27SEP19,1562929141477,open,0.75,225.7,0.708,0.7875,0.74796909,125.42,0.693,0.0,BTC-27SEP19-3000-C,11656.67,0.0,0.6915,10.0,0.8005,10.0,307.89,0.6039,-0.4926,6.20604,0.0,0.99628
12087.69,BTC-27DEC19,1562929141475,open,0.84,0.0,0.7965,0.876,0.83632314,123.33,None,0.0,BTC-27DEC19-2000-C,11656.67,0.0,0.0135,0.1,0.9845,0.5,500.0,1.20599,-0.44299,8.81625,0.0,0.9949
12087.69,BTC-27DEC19,1562929141477,open,0.51,63.0,0.4685,0.548,0.50836628,99.34,0.4965,0.0,BTC-27DEC19-6500-C,11656.67,0.0,0.2425,0.1,0.9695,2.0,500.0,14.82859,-4.38723,21.537,2e-05,0.89575
12087.69,BTC-27DEC19,1562929141477,open,0.12,227.1,0.078,0.167,0.12250787,99.06,0.117,0.0,BTC-27DEC19-9000-P,11656.67,96.81,0.118,4.9,0.124,5.0,99.8,24.22081,-7.14593,-18.99626,4e-05,-0.21918
11695.36,SYN.BTC-26JUL19,1562929141474,open,0.0,443.5,0.0005,0.043,0.0032348,117.26,0.006,0.0,BTC-26JUL19-18000-C,11656.67,112.36,0.0025,10.0,0.004,30.0,121.68,1.89368,-8.00126,0.15556,3e-05,0.03822
11866.28,BTC-27SEP19,1562929141477,open,0.0,46.9,0.0005,0.041,0.00120266,124.99,0.0015,0.0,BTC-27SEP19-3250-P,11656.67,112.16,0.0005,10.0,0.002,15.0,134.27,0.85331,-0.6937,-0.16683,0.0,-0.00547
11676.25,SYN.BTC-19JUL19,1562929141469,open,0.02,307.6,0.0005,0.06,0.01935322,107.62,0.017,0.0,BTC-19JUL19-10500-P,11656.67,104.21,0.018,0.1,0.0205,24.1,110.47,4.66959,-36.54613,-0.51322,0.00017,-0.21398
11695.36,SYN.BTC-26JUL19,1562929141471,open,0.14,121.0,0.098,0.1775,0.13794768,103.49,0.1745,0.0,BTC-26JUL19-10500-C,11656.67,0.0,0.0405,0.1,0.0,0.0,0.0,7.43518,-27.72845,2.66498,0.00014,0.73735
11676.25,SYN.BTC-19JUL19,1562929141471,open,0.01,211.0,0.0005,0.049,0.00940345,110.65,0.009,0.0,BTC-19JUL19-14000-C,11656.67,105.69,0.008,30.1,0.01,5.0,112.66,3.41744,-27.49713,0.26859,0.00012,0.13152
11695.36,SYN.BTC-26JUL19,1562929141471,open,0.49,0.0,0.4475,0.527,0.48712219,123.75,None,0.0,BTC-26JUL19-6000-C,11656.67,0.0,0.0005,0.1,0.0,0.0,0.0,0.14099,-0.62869,2.27164,0.0,0.99805
11695.36,SYN.BTC-26JUL19,1562929141472,open,0.02,343.9,0.0005,0.059,0.01923129,109.02,0.014,0.0,BTC-26JUL19-14500-C,11656.67,104.61,0.017,44.0,0.0205,24.0,111.45,6.04043,-23.72982,0.72697,0.00011,0.18274
11695.36,SYN.BTC-26JUL19,1562929141474,open,0.04,306.5,0.0005,0.077,0.03576751,103.54,0.034,0.0,BTC-26JUL19-10500-P,11656.67,99.95,0.0335,0.1,0.0365,0.2,104.69,7.43603,-27.74328,-1.32705,0.00014,-0.26271
11695.36,SYN.BTC-26JUL19,1562929141474,open,0.0,0.0005,0.051,0.01105596,110.45,None,0.0,BTC-26JUL19-15500-C,11656.67,106.2,0.0095,30.0,0.0125,30.0,114.16,4.42718,-17.62033,0.46231,8e-05,0.11504
11695.36,SYN.BTC-26JUL19,1562929141474,open,0.0,162.8,0.0005,0.042,0.00218022,121.02,0.0025,0.0,BTC-26JUL19-19000-C,11656.67,114.59,0.0015,10.0,0.003,30.0,127.24,1.38975,-6.06057,0.10716,2e-05,0.02628
11695.36,SYN.BTC-26JUL19,1562929141471,open,0.54,0.0,0.481,0.604,0.54235451,117.55,None,0.0,BTC-26JUL19-18000-P,11656.67,0.0,0.001,4.0,0.0,0.0,0.0,1.91033,-8.09162,-6.68562,3e-05,-0.96136
11695.36,SYN.BTC-26JUL19,1562929141471,open,0.0,187.8,0.0005,0.04,0.00016209,125.01,0.0005,0.0,BTC-26JUL19-6000-P,11656.67,0.0,0.0,0.0,0.001,15.0,154.52,0.15219,-0.68554,-0.01013,0.0,-0.00212
11695.36,SYN.BTC-26JUL19,1562929141473,open,0.53,0.0,0.49,0.5695,0.52975855,121.2,0.4,0.0,BTC-26JUL19-5500-C,11656.67,0.0,0.0005,0.1,0.0,0.0,0.0,0.03792,-0.1656,2.08865,0.0,0.99953
11695.36,SYN.BTC-26JUL19,1562929141469,open,0.02,511.1,0.0005,0.064,0.02351891,103.87,0.025,0.0,BTC-26JUL19-10000-P,11656.67,100.98,0.022,0.1,0.0245,0.1,105.71,6.2061,-23.22822,-0.95335,0.00011,-0.19091
11695.36,SYN.BTC-26JUL19,1562929141477,open,0.07,252.3,0.029,0.114,0.07151282,103.36,0.0865,0.0,BTC-26JUL19-11500-P,11656.67,100.07,0.069,0.1,0.0725,0.2,104.65,8.94386,-33.3098,-2.21584,0.00017,-0.42687
11676.25,SYN.BTC-19JUL19,1562929141477,open,0.0,26.0,0.0005,0.041,0.00121552,119.31,0.002,0.0,BTC-19JUL19-16500-C,11656.67,105.92,0.0005,50.0,0.002,30.5,128.81,0.81466,-7.06808,0.04392,3e-05,0.02118
11695.36,SYN.BTC-26JUL19,1562929141487,open,0.05,370.5,0.01,0.0935,0.05183884,103.54,0.05,0.0,BTC-26JUL19-11000-P,11656.67,99.57,0.049,0.1,0.054,29.0,106.55,8.38229,-31.27444,-1.75502,0.00016,-0.3429
11695.36,SYN.BTC-26JUL19,1562929141494,open,0.2,98.9,0.163,0.2425,0.20251661,104.83,0.1795,0.0,BTC-26JUL19-9500-C,11656.67,73.76,0.192,0.1,0.0,0.0,0.0,4.86231,-18.36778,2.961,9e-05,0.8685
11676.25,SYN.BTC-19JUL19,1562929141519,open,0.23,0.0,0.1925,0.272,0.23225616,116.55,None,0.0,BTC-19JUL19-9000-C,11656.67,0.0,0.199,10.0,0.236,10.0,139.95,1.48822,-12.61332,1.59217,5e-05,0.95613
11695.36,SYN.BTC-26JUL19,1562929141524,open,0.06,105.8,0.0145,0.094,0.05438332,105.07,0.056,0.0,BTC-26JUL19-12500-C,11656.67,101.92,0.052,0.1,0.056,0.1,107.19,8.87496,-33.60029,1.59003,0.00016,0.41201
11676.25,SYN.BTC-19JUL19,1562929141543,open,0.03,394.5,0.0005,0.0735,0.03230976,106.61,0.03,0.0,BTC-19JUL19-11000-P,11656.67,101.86,0.03,0.1,0.033,0.5,108.03,5.69519,-44.15422,-0.76456,0.00021,-0.3153
11676.25,SYN.BTC-19JUL19,1562929141588,open,0.05,76.5,0.007,0.0865,0.04658016,107.13,0.0455,0.0,BTC-19JUL19-12000-C,11656.67,103.31,0.0445,0.1,0.0475,0.1,108.82,6.35299,-49.49472,0.89881,0.00023,0.45522
12087.69,BTC-27DEC19,1562929141586,open,0.43,5.6,0.375,0.489,0.43219286,99.99,0.3855,0.0,BTC-27DEC19-15000-P,11656.67,97.89,0.4265,3.6,0.439,10.0,102.51,32.69696,-9.73775,-51.36537,5e-05,-0.49172
12087.69,BTC-27DEC19,1562929141649,open,0.14,294.3,0.102,0.1815,0.14156842,101.27,0.13,0.0,BTC-27DEC19-18000-C,11656.67,99.72,0.1375,14.0,0.145,4.9,102.57,31.80302,-9.59247,14.73292,5e-05,0.40657
11695.36,SYN.BTC-26JUL19,1562929141700,open,0.01,532.5,0.0005,0.05,0.00964344,108.69,0.009,0.0,BTC-26JUL19-9000-P,11656.67,106.63,0.009,10.0,0.0105,30.0,111.35,3.6964,-14.47764,-0.44206,7e-05,-0.08978
11676.25,SYN.BTC-19JUL19,1562929141845,open,0.02,307.6,0.0005,0.06,0.0193457,107.62,0.017,0.0,BTC-19JUL19-10500-P,11656.67,104.21,0.018,0.1,0.0205,0.1,110.47,4.66959,-36.54613,-0.51322,0.00017,-0.21398
11867.1,BTC-27SEP19,1562929141902,open,0.04,441.5,0.0005,0.081,0.03974446,99.64,0.0415,0.0,BTC-27SEP19-8000-P,11656.67,97.39,0.0375,29.0,0.042,24.0,101.85,11.9824,-7.76518,-4.43367,4e-05,-0.13764
11867.1,BTC-27SEP19,1562929141909,open,0.04,441.5,0.0005,0.081,0.03974446,99.64,0.0415,0.0,BTC-27SEP19-8000-P,11656.67,97.39,0.0375,29.0,0.042,38.2,101.85,11.9824,-7.76518,-4.43367,4e-05,-0.13764
11866.28,BTC-27SEP19,1562929141918,open,0.02,255.1,0.0005,0.063,0.02212826,100.86,0.024,0.0,BTC-27SEP19-7000-P,11656.67,98.56,0.0205,5.0,0.024,24.0,103.45,8.48009,-5.56278,-2.67917,3e-05,-0.08508
11695.36,SYN.BTC-26JUL19,1562929141931,open,0.02,479.3,0.0005,0.0545,0.01466496,109.87,0.015,0.0,BTC-26JUL19-15000-C,11656.67,106.06,0.013,10.0,0.016,30.0,112.82,5.21708,-20.6557,0.58314,9e-05,0.14582
11866.28,BTC-27SEP19,1562929141930,open,0.02,255.1,0.0005,0.063,0.02212826,100.86,0.024,0.0,BTC-27SEP19-7000-P,11656.67,98.56,0.0205,5.0,0.024,39.0,103.45,8.48009,-5.56278,-2.67917,3e-05,-0.08508
11867.1,BTC-27SEP19,1562929141941,open,0.24,36.4,0.1915,0.29,0.24070883,99.54,0.2385,0.0,BTC-27SEP19-13000-P,11656.67,97.78,0.2375,14.6,0.243,0.2,100.79,21.71813,-14.06068,-18.22649,7e-05,-0.4885
11695.36,SYN.BTC-26JUL19,1562929141953,open,0.1,341.3,0.052,0.139,0.09543472,103.96,0.0885,0.0,BTC-26JUL19-12000-P,11656.67,100.16,0.0925,18.0,0.0985,23.0,107.87,9.09417,-34.0665,-2.69269,0.00017,-0.51018
12087.69,BTC-27DEC19,1562929141960,open,0.63,12.4,0.5655,0.6955,0.63066709,101.23,0.559,0.0,BTC-27DEC19-18000-P,11656.67,98.91,0.6245,3.6,0.64,3.6,104.8,31.80015,-9.58765,-68.05719,5e-05,-0.59358
281.21,ETH-27SEP19,1562929141964,open,0.28,1087.0,0.223,0.324,0.273226,101.5,0.319,0.0,ETH-27SEP19-320-P,276.17,97.55,0.266,110.0,0.28,230.0,105.21,0.51435,-0.33957,-0.46847,0.00304,-0.51774
11866.28,BTC-27SEP19,1562929141962,open,0.14,134.3,0.0935,0.184,0.13890827,98.93,0.1395,0.0,BTC-27SEP19-11000-P,11656.67,96.93,0.1355,19.3,0.14,0.2,99.58,20.10335,-12.93473,-12.1385,7e-05,-0.3468
12087.69,BTC-27DEC19,1562929141973,open,0.07,151.2,0.0295,0.1145,0.07201092,99.09,0.083,0.0,BTC-27DEC19-7500-P,11656.67,97.17,0.069,6.0,0.0745,21.0,100.69,18.91955,-5.58379,-12.2155,3e-05,-0.14773
277.08,SYN.ETH-26JUL19,1562929141975,open,0.28,0.0,0.243,0.322,0.282365,105.42,None,0.0,ETH-26JUL19-200-C,276.17,0.0,0.005,2.0,0.0,0.0,0.0,0.05179,-0.19676,0.07078,0.00168,0.95436
281.21,ETH-27SEP19,1562929141977,open,0.39,743.0,0.353,0.432,0.392278,100.73,0.46,0.0,ETH-27SEP19-180-C,276.17,0.0,0.0,0.0,0.609,10.0,294.26,0.25174,-0.16492,0.29136,0.0015,0.8842
277.08,SYN.ETH-26JUL19,1562929141979,open,0.26,1100.0,0.198,0.297,0.247811,108.56,0.13,0.0,ETH-26JUL19-340-P,276.17,0.0,0.22,30.0,0.257,120.0,124.67,0.14877,-0.58197,-0.11094,0.0047,-0.80538
12087.69,BTC-27DEC19,1562929141988,open,0.63,12.4,0.5655,0.6955,0.63066709,101.23,0.559,0.0,BTC-27DEC19-18000-P,11656.67,98.91,0.6245,3.6,0.6405,8.6,104.99,31.80015,-9.58765,-68.05719,5e-05,-0.59358
11676.25,SYN.BTC-19JUL19,1562929141991,open,0.07,57.9,0.026,0.1055,0.06564863,106.41,0.071,0.0,BTC-19JUL19-11500-C,11656.67,101.52,0.063,18.0,0.068,11.4,110.8,6.29375,-48.70099,1.11005,0.00023,0.57031
277.08,SYN.ETH-26JUL19,1562929142041,open,0.07,612.0,0.037,0.116,0.076135,104.15,0.069,0.0,ETH-26JUL19-280-C,276.17,97.54,0.071,180.0,0.081,430.0,110.41,0.21526,-0.80782,0.04674,0.00708,0.5199
277.08,SYN.ETH-26JUL19,1562929142043,open,0.47,985.0,0.392,0.507,0.449965,117.54,0.205,0.0,ETH-26JUL19-400-P,276.17,0.0,0.0,0.0,0.0,0.0,0.0,0.07128,-0.30191,-0.14552,0.00208,-0.93157
12087.69,BTC-27DEC19,1562929142043,open,0.5,7.1,0.437,0.5565,0.49686828,100.64,0.491,0.0,BTC-27DEC19-16000-P,11656.67,98.31,0.4905,3.6,0.504,5.0,103.31,32.62501,-9.77949,-56.95826,5e-05,-0.52772
11695.36,SYN.BTC-26JUL19,1562929142053,open,0.05,370.5,0.01,0.0935,0.05182661,103.54,0.05,0.0,BTC-26JUL19-11000-P,11656.67,99.57,0.049,24.1,0.054,29.0,106.55,8.38229,-31.27444,-1.75502,0.00016,-0.3429
12088.51,BTC-27DEC19,1562929142063,open,0.26,100.1,0.2075,0.308,0.25771413,98.78,0.2535,0.0,BTC-27DEC19-12000-P,11656.67,97.12,0.2535,4.9,0.264,5.0,101.24,30.80679,-9.06339,-34.60668,5e-05,-0.3647
289.16,ETH-27DEC19,1562929142076,open,0.09,38.0,0.05,0.129,0.089894,110.28,0.09,0.0,ETH-27DEC19-600-C,276.13,107.19,0.083,40.0,0.097,276.0,113.39,0.65264,-0.21436,0.24426,0.00154,0.27356
289.16,ETH-27DEC19,1562929142076,open,1.06,0.0,0.957,1.119,1.038146,109.56,0.845,0.0,ETH-27DEC19-560-P,276.13,0.0,0.0,0.0,0.0,0.0,0.0,0.68411,-0.22324,-2.30868,0.00162,-0.69777
289.16,ETH-27DEC19,1562929142076,open,1.45,0.0,1.327,1.52,1.423758,111.86,None,0.0,ETH-27DEC19-680-P,276.13,0.0,0.0,0.0,0.0,0.0,0.0,0.59145,-0.19704,-2.92124,0.00137,-0.77276
289.16,ETH-27DEC19,1562929142076,open,0.08,21.0,0.041,0.12,0.080363,111.11,0.086,0.0,ETH-27DEC19-640-C,276.13,108.11,0.074,140.0,0.087,282.0,114.15,0.62186,-0.20579,0.22429,0.00146,0.24901
281.21,ETH-27SEP19,1562929142076,open,0.01,1387.0,0.001,0.054,0.014353,113.1,0.015,0.0,ETH-27SEP19-680-C,276.13,107.54,0.011,505.0,0.018,500.0,118.39,0.18215,-0.13399,0.03575,0.00097,0.07471
281.21,ETH-27SEP19,1562929142076,open,0.01,1669.0,0.001,0.051,0.011908,114.31,0.014,0.0,ETH-27SEP19-720-C,276.13,108.77,0.009,300.0,0.015,500.0,119.4,0.15978,-0.11879,0.03028,0.00084,0.06304
289.16,ETH-27DEC19,1562929142076,open,1.58,0.0,1.454,1.657,1.555274,112.71,None,0.0,ETH-27DEC19-720-P,276.13,0.0,0.002,1000.0,0.0,0.0,0.0,0.56297,-0.18899,-3.12093,0.0013,-0.79139
281.21,ETH-27SEP19,1562929142076,open,0.03,1732.0,0.001,0.073,0.033711,107.67,0.034,0.0,ETH-27SEP19-520-C,276.13,104.26,0.03,455.0,0.037,455.0,110.57,0.31323,-0.21936,0.07444,0.00175,0.1594
281.21,ETH-27SEP19,1562929142076,open,0.76,0.0,0.68,0.819,0.749963,106.16,None,0.0,ETH-27SEP19-480-P,276.13,0.0,0.0,0.0,0.0,0.0,0.0,0.35758,-0.24689,-0.92003,0.00202,-0.80341
281.21,ETH-27SEP19,1562929142076,open,1.31,0.0,1.202,1.384,1.293202,111.64,None,0.0,ETH-27SEP19-640-P,276.13,0.0,0.0,0.0,0.0,0.0,0.0,0.20727,-0.15049,-1.3057,0.00111,-0.91133
281.21,ETH-27SEP19,1562929142076,open,0.01,7664.0,0.001,0.049,0.009293,100.98,0.005,0.0,ETH-27SEP19-140-P,276.13,94.91,0.007,200.0,0.011,140.0,105.02,0.11396,-0.07485,-0.02992,0.00068,-0.04122
276.62,SYN.ETH-19JUL19,1562929142076,open,0.32,0.0,0.254,0.357,0.305286,117.05,None,0.0,ETH-19JUL19-360-P,276.13,0.0,0.0,0.0,0.0,0.0,0.0,0.04489,-0.38211,-0.06492,0.00266,-0.94057
289.12,ETH-27DEC19,1562929142077,open,1.19,0.0,1.079,1.251,1.16487,110.16,0.953,0.0,ETH-27DEC19-600-P,276.13,0.0,0.0,0.0,0.0,0.0,0.0,0.65192,-0.2139,-2.5157,0.00154,-0.72698
289.12,ETH-27DEC19,1562929142077,open,0.6,0.0,0.568,0.647,0.607617,104.64,None,0.0,ETH-27DEC19-120-C,276.13,0.0,0.001,1000.0,2.47,1.0,500.0,0.21961,-0.06844,0.44801,0.00055,0.94452
281.21,ETH-27SEP19,1562929142077,open,0.0,4126.0,0.001,0.042,0.00254,112.58,0.001,0.0,ETH-27SEP19-100-P,276.13,98.45,0.001,100.0,0.004,300.0,121.42,0.04009,-0.02935,-0.00857,0.00021,-0.01192
289.12,ETH-27DEC19,1562929142077,open,0.07,66.0,0.033,0.112,0.07213,111.87,0.078,0.0,ETH-27DEC19-680-C,276.13,108.83,0.066,40.0,0.079,287.0,115.18,0.59138,-0.19704,0.20628,0.00137,0.22725
289.12,ETH-27DEC19,1562929142078,open,0.1,104.0,0.062,0.141,0.101516,109.58,0.102,0.0,ETH-27DEC19-560-C,276.13,106.37,0.094,40.0,0.109,269.0,112.72,0.68402,-0.22325,0.2669,0.00162,0.30223
281.17,ETH-27SEP19,1562929142078,open,0.18,1180.0,0.133,0.227,0.179878,100.47,0.204,0.0,ETH-27SEP19-280-P,276.13,97.17,0.174,241.0,0.186,401.0,103.91,0.50022,-0.32687,-0.34655,0.00299,-0.40533
281.17,ETH-27SEP19,1562929142078,open,0.03,1214.0,0.001,0.066,0.026605,108.99,0.036,0.0,ETH-27SEP19-560-C,276.13,105.15,0.023,500.0,0.03,500.0,112.39,0.27268,-0.19329,0.06111,0.0015,0.1298
289.12,ETH-27DEC19,1562929142078,open,0.93,37.0,0.838,0.99,0.914418,109.07,0.707,0.0,ETH-27DEC19-520-P,276.13,0.0,0.001,500.0,0.0,0.0,0.0,0.71506,-0.23228,-2.09908,0.00171,-0.66412
11676.25,SYN.BTC-19JUL19,1562929142064,open,0.03,394.5,0.0005,0.0735,0.03229838,106.61,0.03,0.0,BTC-19JUL19-11000-P,11656.67,101.86,0.03,24.1,0.033,0.5,108.03,5.69519,-44.15422,-0.76456,0.00021,-0.3153
281.17,ETH-27SEP19,1562929142079,open,0.02,5938.0,0.001,0.059,0.018506,100.81,0.019,0.0,ETH-27SEP19-160-P,276.13,96.78,0.016,340.0,0.021,440.0,104.61,0.17994,-0.11798,-0.05451,0.00107,-0.07354
289.12,ETH-27DEC19,1562929142079,open,0.28,121.0,0.248,0.327,0.287699,104.14,0.289,0.0,ETH-27DEC19-280-C,276.13,100.67,0.279,150.0,0.299,150.0,108.68,0.72252,-0.22411,0.48826,0.0018,0.65488
281.17,ETH-27SEP19,1562929142080,open,0.34,1143.0,0.301,0.38,0.340049,100.6,0.32,0.0,ETH-27SEP19-200-C,276.13,73.79,0.312,30.0,0.377,30.0,131.14,0.32201,-0.21069,0.29231,0.00192,0.83365
276.62,SYN.ETH-19JUL19,1562929142076,open,0.09,61.0,0.053,0.132,0.092938,109.37,0.101,0.0,ETH-19JUL19-260-C,276.13,97.02,0.087,150.0,0.096,180.0,115.64,0.13447,-1.06948,0.03096,0.00853,0.68718
281.17,ETH-27SEP19,1562929142080,open,0.08,1712.0,0.047,0.126,0.086652,103.45,0.088,0.0,ETH-27SEP19-380-C,276.13,100.69,0.082,355.0,0.091,355.0,106.01,0.47577,-0.32013,0.15339,0.00276,0.34567
277.08,SYN.ETH-26JUL19,1562929142078,open,0.09,908.0,0.044,0.13,0.08664,104.1,0.105,0.0,ETH-26JUL19-280-P,276.13,99.42,0.083,150.0,0.092,131.0,111.0,0.21526,-0.80748,-0.0597,0.00708,-0.48013
276.62,SYN.ETH-19JUL19,1562929142076,open,0.18,270.0,0.125,0.217,0.170889,109.01,0.083,0.0,ETH-19JUL19-320-P,276.13,0.0,0.142,10.0,0.198,10.0,171.36,0.10113,-0.80172,-0.05141,0.00644,-0.81562
277.08,SYN.ETH-26JUL19,1562929142076,open,1.19,0.0,1.079,1.252,1.165516,125.0,None,0.0,ETH-26JUL19-600-P,276.13,0.0,0.0,0.0,0.0,0.0,0.0,0.00207,-0.00932,-0.22798,6e-05,-0.99885
277.08,SYN.ETH-26JUL19,1562929142078,open,0.14,692.0,0.087,0.177,0.131832,104.03,0.11,0.0,ETH-26JUL19-300-P,276.13,0.0,0.02,1.0,0.144,120.0,120.19,0.20662,-0.77456,-0.07859,0.00681,-0.61425
277.08,SYN.ETH-26JUL19,1562929142076,open,0.0,2391.0,0.001,0.04,0.000829,125.01,0.003,0.0,ETH-26JUL19-500-C,276.13,0.0,0.0,0.0,0.003,379.0,148.88,0.01531,-0.06895,0.00104,0.00042,0.01073
277.08,SYN.ETH-26JUL19,1562929142076,open,0.0,1236.0,0.001,0.04,0.000513,125.01,0.003,0.0,ETH-26JUL19-520-C,276.13,0.0,0.0,0.0,0.003,300.0,156.78,0.01044,-0.04701,0.00068,0.00029,0.00693
277.08,SYN.ETH-26JUL19,1562929142078,open,0.0,1208.0,0.001,0.044,0.004123,105.12,0.003,0.0,ETH-26JUL19-200-P,276.13,91.39,0.002,150.0,0.006,250.0,114.25,0.05142,-0.19476,-0.0052,0.00168,-0.04523
277.08,SYN.ETH-26JUL19,1562929142076,open,0.0,1099.0,0.001,0.043,0.003039,122.7,0.005,0.0,ETH-26JUL19-440-C,276.13,104.2,0.001,260.0,0.005,300.0,133.84,0.04162,-0.18403,0.00335,0.00116,0.03488
276.62,SYN.ETH-19JUL19,1562929142078,open,0.0,141.0,0.001,0.041,0.00116,125.02,0.003,0.0,ETH-19JUL19-400-C,276.13,0.0,0.0,0.0,0.003,550.0,145.23,0.01801,-0.16376,0.00096,0.001,0.01953
277.08,SYN.ETH-26JUL19,1562929142078,open,0.01,1585.0,0.001,0.046,0.006445,117.96,0.005,0.0,ETH-26JUL19-400-C,276.13,107.31,0.004,255.0,0.009,550.0,126.94,0.07193,-0.30575,0.00661,0.00209,0.06925
276.62,SYN.ETH-19JUL19,1562929142076,open,0.2,0.0,0.169,0.248,0.208988,113.22,None,0.0,ETH-19JUL19-220-C,276.13,0.0,0.0,0.0,0.0,0.0,0.0,0.04545,-0.37423,0.03807,0.00279,0.93961
277.08,SYN.ETH-26JUL19,1562929142080,open,0.4,504.0,0.326,0.435,0.380765,114.75,0.168,0.0,ETH-26JUL19-380-P,276.13,0.0,0.0,0.0,0.0,0.0,0.0,0.09258,-0.38281,-0.13524,0.00276,-0.9032
277.08,SYN.ETH-26JUL19,1562929142080,open,0.33,1047.0,0.261,0.365,0.313003,111.53,0.2,0.0,ETH-26JUL19-360-P,276.13,0.0,0.134,1.0,0.0,0.0,0.0,0.11831,-0.47545,-0.1239,0.00363,-0.86329
277.08,SYN.ETH-26JUL19,1562929142079,open,0.42,0.0,0.384,0.463,0.423314,124.84,None,0.0,ETH-26JUL19-160-C,276.13,0.0,0.0,0.0,0.0,0.0,0.0,0.01276,-0.05739,0.05983,0.00035,0.99129
277.08,SYN.ETH-26JUL19,1562929142077,open,0.03,1613.0,0.001,0.072,0.032494,107.05,0.03,0.0,ETH-26JUL19-320-C,276.13,104.76,0.031,1.0,0.036,457.0,112.34,0.18156,-0.70034,0.02597,0.00581,0.27906
276.62,SYN.ETH-19JUL19,1562929142076,open,0.02,1716.0,0.001,0.053,0.013308,110.7,0.012,0.0,ETH-19JUL19-240-P,276.13,106.65,0.012,5.0,0.014,1.0,112.79,0.09089,-0.73165,-0.00883,0.0057,-0.15609
11695.36,SYN.BTC-26JUL19,1562929142086,open,0.12,59.5,0.0785,0.168,0.1231945,105.11,0.1235,0.0,BTC-26JUL19-12500-P,11656.67,100.2,0.1195,18.0,0.1265,18.0,109.43,8.8753,-33.61544,-3.16176,0.00016,-0.58792
12087.69,BTC-27DEC19,1562929142095,open,0.16,150.8,0.117,0.2095,0.1631293,99.06,0.1575,0.0,BTC-27DEC19-10000-P,11656.67,96.78,0.158,4.9,0.1655,5.0,100.13,27.01671,-7.97068,-23.98066,4e-05,-0.26825
11866.28,BTC-27SEP19,1562929142097,open,0.37,29.6,0.3115,0.42,0.36562805,101.38,0.39,0.0,BTC-27SEP19-15000-P,11656.67,98.8,0.361,14.4,0.371,14.4,104.46,20.94193,-13.80832,-24.30224,7e-05,-0.60683
11866.28,BTC-27SEP19,1562929142107,open,0.37,29.6,0.3115,0.42,0.36562805,101.38,0.39,0.0,BTC-27SEP19-15000-P,11656.67,98.8,0.361,14.4,0.3715,14.4,104.74,20.94193,-13.80832,-24.30224,7e-05,-0.60683
11695.36,SYN.BTC-26JUL19,1562929142115,open,0.02,436.2,0.0005,0.055,0.01482526,104.89,0.0185,0.0,BTC-26JUL19-9500-P,11656.67,101.64,0.0135,30.1,0.016,30.2,107.67,4.86516,-18.38907,-0.65109,9e-05,-0.13161
11866.17,BTC-27SEP19,1562929142467,open,0.03,281.3,0.0005,0.064,0.02425015,108.12,0.0245,0.0,BTC-27SEP19-24000-C,11656.59,106.19,0.0225,0.5,0.026,34.0,109.99,10.93996,-7.69334,2.4111,3e-05,0.12072
11866.17,BTC-27SEP19,1562929142467,open,0.0,379.7,0.0005,0.04,0.00025667,124.99,0.0005,0.0,BTC-27SEP19-2500-P,11656.59,0.0,0.0,0.0,0.0015,15.0,154.11,0.24006,-0.19516,-0.03996,0.0,-0.00134
12087.6,BTC-27DEC19,1562929142469,open,0.04,172.6,0.0005,0.076,0.036223,108.08,0.042,0.0,BTC-27DEC19-36000-C,11656.59,106.15,0.0335,10.0,0.0385,6.0,109.64,17.41909,-5.60724,5.26023,2e-05,0.13084
11866.09,BTC-27SEP19,1562929142470,open,0.6,13.5,0.564,0.6435,0.60362358,108.22,0.382,0.0,BTC-27SEP19-4750-C,11656.59,0.0,0.004,10.0,0.715,5.0,299.15,2.43689,-1.7152,9.45071,1e-05,0.98177
11694.5,SYN.BTC-26JUL19,1562929142467,open,0.79,0.0,0.725,0.868,0.79646314,122.62,None,0.0,BTC-26JUL19-21000-P,11656.59,0.0,0.001,3.0,0.0,0.0,0.0,0.60394,-2.66856,-7.94246,1e-05,-0.99007
11694.5,SYN.BTC-26JUL19,1562929142471,open,0.32,24.1,0.2795,0.359,0.31907876,113.19,0.38,0.0,BTC-26JUL19-8000-C,11656.59,0.0,0.001,8.0,0.0,0.0,0.0,1.70235,-6.94319,2.87797,3e-05,0.96643
11694.5,SYN.BTC-26JUL19,1562929142470,open,0.71,0.0,0.6435,0.78,0.71162224,123.58,None,0.0,BTC-26JUL19-20000-P,11656.59,0.0,0.001,5.0,0.0,0.0,0.0,0.98913,-4.40473,-7.53128,2e-05,-0.98242
11694.5,SYN.BTC-26JUL19,1562929142489,open,0.2,98.9,0.163,0.2425,0.20253704,105.0,0.1795,0.0,BTC-26JUL19-9500-C,11656.59,71.9,0.1915,0.1,0.0,0.0,0.0,4.87175,-18.43256,2.95898,9e-05,0.86812
11675.42,SYN.BTC-19JUL19,1562929142510,open,0.23,0.0,0.1925,0.272,0.23227936,117.13,None,0.0,BTC-19JUL19-9000-C,11656.59,0.0,0.199,10.0,0.236,11.0,140.21,1.50896,-12.85319,1.59033,5e-05,0.95537
11694.5,SYN.BTC-26JUL19,1562929142538,open,0.02,436.2,0.0005,0.055,0.01482526,104.86,0.0185,0.0,BTC-26JUL19-9500-P,11656.59,101.62,0.0135,30.0,0.016,30.2,107.64,4.86501,-18.3821,-0.65106,9e-05,-0.13162
11675.42,SYN.BTC-19JUL19,1562929142575,open,0.03,394.5,0.0005,0.0735,0.03229838,106.54,0.03,0.0,BTC-19JUL19-11000-P,11656.59,101.81,0.03,24.0,0.033,0.5,107.98,5.69548,-44.12569,-0.76468,0.00021,-0.31539
11694.5,SYN.BTC-26JUL19,1562929142599,open,0.05,370.5,0.01,0.0935,0.05182661,103.48,0.05,0.0,BTC-26JUL19-11000-P,11656.59,99.53,0.049,24.0,0.054,29.0,106.51,8.38252,-31.25803,-1.75524,0.00016,-0.34299
11694.5,SYN.BTC-26JUL19,1562929142743,open,0.04,306.5,0.0005,0.077,0.03577993,103.49,0.034,0.0,BTC-26JUL19-10500-P,11656.59,99.92,0.0335,24.1,0.0365,0.2,104.65,7.43623,-27.73096,-1.32714,0.00014,-0.26276
12087.6,BTC-27DEC19,1562929142777,open,0.21,259.7,0.173,0.2525,0.21271466,99.6,0.201,0.0,BTC-27DEC19-14000-C,11656.59,96.92,0.2055,18.6,0.216,10.0,100.83,32.46791,-9.63193,18.63365,5e-05,0.54788
11675.42,SYN.BTC-19JUL19,1562929142948,open,0.05,223.3,0.009,0.0925,0.05058801,106.37,0.047,0.0,BTC-19JUL19-11500-P,11656.59,101.64,0.048,18.0,0.053,5.1,110.91,6.29383,-48.68618,-1.05664,0.00023,-0.42988
11675.42,SYN.BTC-19JUL19,1562929142950,open,0.05,223.3,0.009,0.0925,0.05058801,106.37,0.047,0.0,BTC-19JUL19-11500-P,11656.59,101.64,0.048,28.0,0.053,5.1,110.91,6.29383,-48.68618,-1.05664,0.00023,-0.42988
11694.5,SYN.BTC-26JUL19,1562929142997,open,0.02,511.1,0.0005,0.064,0.0235278,103.83,0.025,0.0,BTC-26JUL19-10000-P,11656.59,99.99,0.0215,24.0,0.0245,0.1,105.68,6.20613,-23.21894,-0.95336,0.00011,-0.19093
11694.5,SYN.BTC-26JUL19,1562929143022,open,0.04,306.5,0.0005,0.077,0.03577993,103.49,0.034,0.0,BTC-26JUL19-10500-P,11656.59,99.92,0.0335,24.0,0.0365,0.2,104.65,7.43623,-27.73096,-1.32714,0.00014,-0.26276
281.17,ETH-27SEP19,1562929143076,open,0.01,2479.0,0.001,0.049,0.009883,115.31,0.012,0.0,ETH-27SEP19-760-C,276.14,108.9,0.007,596.0,0.013,600.0,121.07,0.13985,-0.10488,0.02566,0.00073,0.05322
281.17,ETH-27SEP19,1562929143077,open,1.45,0.0,1.336,1.529,1.432475,112.58,None,0.0,ETH-27SEP19-680-P,276.14,0.0,0.0,0.0,0.0,0.0,0.0,0.17967,-0.13156,-1.39703,0.00096,-0.9266
289.12,ETH-27DEC19,1562929143077,open,0.5,0.0,0.464,0.543,0.503513,104.15,None,0.0,ETH-27DEC19-160-C,276.14,0.0,0.001,1000.0,1.6,1.0,500.0,0.38495,-0.11941,0.50481,0.00096,0.88314
289.12,ETH-27DEC19,1562929143077,open,0.24,91.0,0.201,0.28,0.240674,104.31,0.239,0.0,ETH-27DEC19-320-C,276.14,101.79,0.234,30.0,0.244,329.0,105.57,0.76513,-0.23771,0.45557,0.00191,0.58327
289.12,ETH-27DEC19,1562929143077,open,0.02,426.0,0.001,0.063,0.022612,104.57,0.022,0.0,ETH-27DEC19-120-P,276.14,99.64,0.019,50.0,0.026,440.0,108.91,0.21938,-0.06833,-0.10374,0.00055,-0.0554
289.12,ETH-27DEC19,1562929143077,open,1.32,0.0,1.202,1.385,1.29367,110.98,None,0.0,ETH-27DEC19-640-P,276.14,0.0,0.0,0.0,0.0,0.0,0.0,0.62098,-0.20525,-2.7197,0.00146,-0.75159
281.17,ETH-27SEP19,1562929143077,open,0.0,1814.0,0.001,0.041,0.001422,124.26,0.002,0.0,ETH-27SEP19-80-P,276.14,0.0,0.0,0.0,0.003,300.0,138.96,0.02323,-0.01878,-0.00463,0.00011,-0.0064
281.17,ETH-27SEP19,1562929143077,open,0.06,2381.0,0.017,0.096,0.056124,104.85,0.061,0.0,ETH-27SEP19-440-C,276.14,101.96,0.052,381.0,0.06,110.0,107.51,0.40573,-0.2767,0.11191,0.00232,0.24509
281.17,ETH-27SEP19,1562929143077,open,1.03,24.0,0.938,1.098,1.017999,108.7,1.356,0.0,ETH-27SEP19-560-P,276.14,0.0,0.0,0.0,0.0,0.0,0.0,0.27133,-0.19182,-1.11873,0.0015,-0.87113
281.17,ETH-27SEP19,1562929143077,open,0.0,8280.0,0.001,0.044,0.004573,104.16,0.003,0.0,ETH-27SEP19-120-P,276.14,90.65,0.002,500.0,0.007,300.0,113.16,0.06689,-0.04532,-0.01555,0.00039,-0.02168
281.17,ETH-27SEP19,1562929143077,open,1.17,27.0,1.07,1.242,1.155897,111.07,1.044,0.0,ETH-27SEP19-600-P,276.14,0.0,0.0,0.0,0.0,0.0,0.0,0.24097,-0.17407,-1.21219,0.0013,-0.89105
289.13,ETH-27DEC19,1562929143077,open,0.15,334.0,0.111,0.19,0.150167,106.71,0.153,0.0,ETH-27DEC19-440-C,276.14,103.99,0.143,150.0,0.154,244.0,108.16,0.76382,-0.24276,0.35026,0.00186,0.41356
281.17,ETH-27SEP19,1562929143078,open,0.05,4143.0,0.01,0.093,0.051261,100.51,0.063,0.0,ETH-27SEP19-200-P,276.14,96.75,0.047,300.0,0.053,5.0,102.02,0.32187,-0.21041,-0.1288,0.00192,-0.16624
281.17,ETH-27SEP19,1562929143078,open,0.02,3854.0,0.001,0.062,0.02226,111.42,0.02,0.0,ETH-27SEP19-600-C,276.14,108.73,0.02,5.0,0.025,500.0,114.51,0.24261,-0.17582,0.05195,0.00131,0.10998
276.58,SYN.ETH-19JUL19,1562929143077,open,0.46,0.0,0.39,0.505,0.447181,121.61,None,0.0,ETH-19JUL19-400-P,276.14,0.0,0.0,0.0,0.0,0.0,0.0,0.01577,-0.13944,-0.07453,0.0009,-0.98329
281.18,ETH-27SEP19,1562929143078,open,0.21,1213.0,0.176,0.255,0.215688,100.52,0.21,0.0,ETH-27SEP19-260-C,276.14,97.15,0.21,110.0,0.22,110.0,103.07,0.47515,-0.31064,0.26051,0.00284,0.65558
281.18,ETH-27SEP19,1562929143078,open,0.71,0.0,0.677,0.756,0.716898,124.15,None,0.0,ETH-27SEP19-80-C,276.14,0.0,0.004,5.0,0.0,0.0,0.0,0.02314,-0.01868,0.16389,0.00011,0.99363
276.58,SYN.ETH-19JUL19,1562929143076,open,0.0,312.0,0.001,0.041,0.001941,119.66,0.004,0.0,ETH-19JUL19-380-C,276.14,0.0,0.0,0.0,0.004,553.0,136.2,0.02725,-0.2371,0.00157,0.00158,0.032
281.18,ETH-27SEP19,1562929143079,open,0.18,1730.0,0.145,0.224,0.184202,100.55,0.193,0.0,ETH-27SEP19-280-C,276.14,97.07,0.178,415.0,0.189,295.0,103.25,0.50021,-0.32713,0.24315,0.00299,0.59478
289.13,ETH-27DEC19,1562929143079,open,0.06,443.0,0.015,0.099,0.056864,104.11,0.054,0.0,ETH-27DEC19-160-P,276.14,101.19,0.053,50.0,0.059,417.0,105.71,0.38487,-0.11935,-0.23096,0.00096,-0.11682
281.18,ETH-27SEP19,1562929143079,open,0.51,79.0,0.438,0.557,0.497365,103.91,0.351,0.0,ETH-27SEP19-400-P,276.14,0.0,0.01,1.0,0.0,0.0,0.0,0.45416,-0.30694,-0.70418,0.00262,-0.6917
289.13,ETH-27DEC19,1562929143079,open,0.11,141.0,0.065,0.153,0.108689,104.12,0.11,0.0,ETH-27DEC19-200-P,276.14,101.03,0.103,40.0,0.11,368.0,104.83,0.53345,-0.16542,-0.39824,0.00133,-0.19078
277.04,SYN.ETH-26JUL19,1562929143076,open,1.04,0.0,0.941,1.102,1.021274,0.0,None,0.0,ETH-26JUL19-560-P,276.14,0.0,0.0,0.0,0.0,0.0,0.0,0.0,0.0,-0.21289,0.0,-1.0
281.18,ETH-27SEP19,1562929143080,open,0.13,1707.0,0.096,0.175,0.135265,101.51,0.139,0.0,ETH-27SEP19-320-C,276.14,98.63,0.13,321.0,0.141,321.0,104.65,0.51429,-0.33956,0.20545,0.00304,0.48219
281.18,ETH-27SEP19,1562929143080,open,0.45,260.0,0.381,0.495,0.438102,103.45,0.296,0.0,ETH-27SEP19-380-P,276.14,0.0,0.0,0.0,0.0,0.0,0.0,0.4758,-0.32013,-0.64695,0.00276,-0.65431
276.58,SYN.ETH-19JUL19,1562929143077,open,0.04,1024.0,0.001,0.074,0.032808,109.17,0.032,0.0,ETH-19JUL19-260-P,276.14,101.29,0.029,200.0,0.037,203.0,117.74,0.13447,-1.0676,-0.01801,0.00855,-0.31295
276.58,SYN.ETH-19JUL19,1562929143077,open,0.27,0.0,0.239,0.318,0.278506,124.62,None,0.0,ETH-19JUL19-200-C,276.14,0.0,0.0,0.0,0.0,0.0,0.0,0.02129,-0.19292,0.03635,0.00119,0.9762
277.04,SYN.ETH-26JUL19,1562929143076,open,0.61,0.0,0.528,0.654,0.59103,121.17,None,0.0,ETH-26JUL19-440-P,276.14,0.0,0.0,0.0,0.0,0.0,0.0,0.03965,-0.1731,-0.1641,0.00112,-0.96712
276.58,SYN.ETH-19JUL19,1562929143077,open,0.05,399.0,0.014,0.093,0.053221,107.55,0.055,0.0,ETH-19JUL19-280-C,276.14,98.01,0.048,335.0,0.057,196.0,114.45,0.15143,-1.18435,0.02308,0.00977,0.49624
277.04,SYN.ETH-26JUL19,1562929143076,open,0.0,1074.0,0.001,0.041,0.001333,125.03,0.003,0.0,ETH-26JUL19-480-C,276.14,0.0,0.0,0.0,0.004,550.0,147.3,0.02217,-0.09986,0.00159,0.00061,0.01647
277.04,SYN.ETH-26JUL19,1562929143079,open,0.2,519.0,0.14,0.234,0.187377,106.82,0.19,0.0,ETH-26JUL19-320-P,276.14,83.36,0.173,150.0,0.199,150.0,124.01,0.18128,-0.69775,-0.09575,0.00582,-0.72175
277.04,SYN.ETH-26JUL19,1562929143078,open,0.21,20.0,0.178,0.257,0.217864,105.35,0.237,0.0,ETH-26JUL19-220-C,276.14,0.0,0.0,0.0,0.0,0.0,0.0,0.10176,-0.38628,0.07076,0.00331,0.88972
276.58,SYN.ETH-19JUL19,1562929143077,open,0.03,516.0,0.001,0.068,0.028019,107.52,0.028,0.0,ETH-19JUL19-300-C,276.14,99.19,0.024,444.0,0.03,20.0,111.55,0.13516,-1.05672,0.01504,0.00872,0.31667
276.58,SYN.ETH-19JUL19,1562929143079,open,0.0,191.0,0.001,0.041,0.001518,123.23,0.004,0.0,ETH-19JUL19-200-P,276.14,0.0,0.0,0.0,0.003,250.0,139.35,0.02044,-0.18319,-0.00126,0.00115,-0.02268
11694.5,SYN.BTC-26JUL19,1562929143157,open,0.02,436.2,0.0005,0.055,0.01483592,104.86,0.0185,0.0,BTC-26JUL19-9500-P,11656.59,102.85,0.014,0.1,0.016,30.2,107.64,4.86501,-18.3821,-0.65106,9e-05,-0.13162
11694.5,SYN.BTC-26JUL19,1562929143195,open,0.05,370.5,0.01,0.0935,0.05185529,103.48,0.05,0.0,BTC-26JUL19-11000-P,11656.59,99.53,0.049,24.0,0.0535,0.2,105.82,8.38252,-31.25803,-1.75524,0.00016,-0.34299
11694.5,SYN.BTC-26JUL19,1562929143233,open,0.05,370.5,0.01,0.0935,0.05185529,103.48,0.05,0.0,BTC-26JUL19-11000-P,11656.59,100.23,0.0495,0.1,0.0535,0.2,105.82,8.38252,-31.25803,-1.75524,0.00016,-0.34299
11694.5,SYN.BTC-26JUL19,1562929143275,open,0.07,424.5,0.0295,0.109,0.06935575,103.97,0.0705,0.0,BTC-26JUL19-12000-C,11656.59,100.9,0.067,0.1,0.0705,0.1,105.4,9.09343,-34.06877,1.86855,0.00017,0.48969
11694.5,SYN.BTC-26JUL19,1562929143313,open,0.04,395.0,0.0025,0.082,0.0421979,106.06,0.0315,0.0,BTC-26JUL19-13000-C,11656.59,102.94,0.04,0.1,0.0435,0.2,107.84,8.36864,-31.98205,1.33048,0.00015,0.34149
11694.5,SYN.BTC-26JUL19,1562929143352,open,0.03,120.2,0.0005,0.0725,0.03253802,106.97,0.0345,0.0,BTC-26JUL19-13500-C,11656.59,103.82,0.0305,0.1,0.033,0.2,107.65,7.67008,-29.56627,1.09826,0.00014,0.27959
11694.5,SYN.BTC-26JUL19,1562929143408,open,0.05,370.5,0.01,0.0935,0.05185529,103.48,0.05,0.0,BTC-26JUL19-11000-P,11656.59,100.23,0.0495,0.1,0.053,5.0,105.12,8.38252,-31.25803,-1.75524,0.00016,-0.34299
11865.99,BTC-27SEP19,1562929143460,open,0.03,342.7,0.0005,0.0715,0.03191595,106.34,0.033,0.0,BTC-27SEP19-22000-C,11656.59,104.08,0.0295,34.2,0.034,19.3,108.23,12.89992,-8.92194,3.04164,4e-05,0.15362
12087.62,BTC-27DEC19,1562929143468,open,0.64,6.5,0.602,0.6815,0.64170613,102.11,0.54,0.0,BTC-27DEC19-4500-C,11656.61,0.0,0.0115,0.1,0.975,1.0,500.0,6.78997,-2.06493,17.80111,1e-05,0.9619
11865.99,BTC-27SEP19,1562929143468,open,0.51,714.8,0.4655,0.545,0.50521612,102.71,0.556,0.0,BTC-27SEP19-6000-C,11656.61,0.0,0.4595,10.0,0.5225,10.0,133.35,5.27671,-3.52498,11.20975,2e-05,0.95375
11865.99,BTC-27SEP19,1562929143468,open,0.0,1657.1,0.0005,0.04,7.53e-06,125.0,0.0005,0.0,BTC-27SEP19-1500-P,11656.61,0.0,0.0,0.0,0.001,20.0,194.02,0.01116,-0.00907,-0.00143,0.0,-5e-05
11865.99,BTC-27SEP19,1562929143469,open,0.02,131.5,0.0005,0.0545,0.01452874,111.08,0.016,0.0,BTC-27SEP19-28000-C,11656.61,108.69,0.013,15.0,0.016,34.0,113.25,7.82392,-5.65261,1.54818,2e-05,0.07648
12087.64,BTC-27DEC19,1562929143470,open,0.48,54.4,0.4395,0.519,0.4791804,99.21,0.45,0.0,BTC-27DEC19-7000-C,11656.61,0.0,0.2155,0.1,0.545,0.1,142.95,16.91456,-4.99805,21.98236,3e-05,0.87458
11866.01,BTC-27SEP19,1562929143470,open,0.37,902.1,0.326,0.4055,0.36557284,99.64,0.405,0.0,BTC-27SEP19-8000-C,11656.61,89.8,0.356,10.5,0.398,10.0,129.35,11.98421,-7.76663,12.41448,4e-05,0.86231
11866.01,BTC-27SEP19,1562929143470,open,0.0,609.1,0.0005,0.0405,0.00076542,125.0,0.001,0.0,BTC-27SEP19-3000-P,11656.61,118.87,0.0005,5.0,0.0015,0.1,136.49,0.59272,-0.48188,-0.11008,0.0,-0.00364
12087.64,BTC-27DEC19,1562929143473,open,0.43,206.7,0.386,0.4655,0.42552818,99.07,0.43,0.0,BTC-27DEC19-8000-C,11656.61,0.0,0.3005,0.1,0.52,0.5,152.28,20.82186,-6.14385,22.4315,3e-05,0.82901
11694.4,SYN.BTC-26JUL19,1562929143468,open,0.0,295.0,0.0005,0.042,0.00237384,122.87,0.0025,0.0,BTC-26JUL19-7500-P,11656.61,119.33,0.002,3.0,0.003,30.0,128.13,1.29645,-5.74021,-0.11811,2e-05,-0.02419
11694.4,SYN.BTC-26JUL19,1562929143470,open,0.16,37.4,0.108,0.1995,0.15383124,106.02,0.1,0.0,BTC-26JUL19-13000-P,11656.61,0.0,0.06,0.5,0.0,0.0,0.0,8.36762,-31.96597,-3.61187,0.00015,-0.65861
11694.4,SYN.BTC-26JUL19,1562929143469,open,0.11,167.4,0.0715,0.151,0.11124247,103.53,0.098,0.0,BTC-26JUL19-11000-C,11656.61,78.44,0.0935,10.0,0.13,10.0,129.49,8.3829,-31.27351,2.42611,0.00016,0.65696
11694.4,SYN.BTC-26JUL19,1562929143468,open,0.03,353.7,0.0005,0.065,0.02515567,108.19,0.0265,0.0,BTC-26JUL19-14000-C,11656.61,104.47,0.023,34.0,0.026,0.2,109.61,6.87855,-26.81514,0.89887,0.00012,0.22734
11694.4,SYN.BTC-26JUL19,1562929143472,open,0.19,32.5,0.1395,0.234,0.18692648,106.94,0.1255,0.0,BTC-26JUL19-13500-P,11656.61,0.0,0.0,0.0,0.0,0.0,0.0,7.66851,-29.54923,-4.03424,0.00014,-0.72052
11694.4,SYN.BTC-26JUL19,1562929143474,open,0.17,145.5,0.1285,0.208,0.16842523,103.87,0.1875,0.0,BTC-26JUL19-10000-C,11656.61,0.0,0.09,0.5,0.38,0.2,431.92,6.20769,-23.23365,2.84775,0.00011,0.80899
11694.4,SYN.BTC-26JUL19,1562929143472,open,0.36,17.0,0.3215,0.401,0.36104691,122.92,0.246,0.0,BTC-26JUL19-7500-C,11656.61,0.0,0.005,0.1,0.0,0.0,0.0,1.29824,-5.75042,2.73286,2e-05,0.97577
11675.33,SYN.BTC-19JUL19,1562929143478,open,0.0,140.7,0.0005,0.0415,0.00173854,116.77,0.0015,0.0,BTC-19JUL19-16000-C,11656.61,107.35,0.001,10.0,0.0025,30.5,124.1,1.07946,-9.16592,0.06136,4e-05,0.02964
11675.33,SYN.BTC-19JUL19,1562929143544,open,0.03,394.5,0.0005,0.0735,0.03232304,106.58,0.03,0.0,BTC-19JUL19-11000-P,11656.61,102.84,0.0305,0.1,0.033,0.5,107.97,5.69597,-44.14812,-0.76488,0.00021,-0.31546
12087.64,BTC-27DEC19,1562929143563,open,0.06,63.8,0.0215,0.101,0.06100214,105.13,0.0635,0.0,BTC-27DEC19-28000-C,11656.61,103.56,0.058,10.0,0.0635,4.9,106.41,23.33308,-7.30589,8.03976,3e-05,0.20561
12087.62,BTC-27DEC19,1562929143769,open,0.05,222.0,0.013,0.0925,0.05290223,105.85,0.05,0.0,BTC-27DEC19-30000-C,11656.61,104.21,0.05,10.0,0.055,4.9,107.01,21.66738,-6.83078,7.18268,3e-05,0.1821
11865.99,BTC-27SEP19,1562929143771,open,0.04,383.5,0.0035,0.083,0.04348421,104.97,0.042,0.0,BTC-27SEP19-20000-C,11656.61,103.41,0.0415,3.0,0.045,19.3,106.14,15.2298,-10.39735,3.9029,5e-05,0.19965
12087.62,BTC-27DEC19,1562929143858,open,0.05,222.0,0.013,0.0925,0.05290147,105.85,0.05,0.0,BTC-27DEC19-30000-C,11656.61,104.21,0.05,10.0,0.0555,4.9,107.28,21.66738,-6.83078,7.18268,3e-05,0.1821
11866.01,BTC-27SEP19,1562929143861,open,0.04,383.5,0.0035,0.083,0.04348185,104.96,0.042,0.0,BTC-27SEP19-20000-C,11656.61,103.41,0.0415,3.0,0.0455,19.3,106.52,15.22953,-10.39696,3.90281,5e-05,0.19964
11675.33,SYN.BTC-19JUL19,1562929144013,open,0.05,223.3,0.009,0.0925,0.05059165,106.43,0.047,0.0,BTC-19JUL19-11500-P,11656.61,101.63,0.048,28.0,0.053,5.5,110.91,6.29386,-48.71248,-1.05677,0.00023,-0.4299
11675.33,SYN.BTC-19JUL19,1562929144018,open,0.02,60.6,0.0005,0.0615,0.02166255,108.64,0.021,0.0,BTC-19JUL19-13000-C,11656.61,104.86,0.02,25.0,0.0215,0.8,108.27,5.18807,-40.98577,0.52212,0.00019,0.25906
11675.33,SYN.BTC-19JUL19,1562929144020,open,0.0,140.7,0.0005,0.0415,0.00173833,116.77,0.0015,0.0,BTC-19JUL19-16000-C,11656.61,107.35,0.001,10.0,0.0025,30.0,124.1,1.07946,-9.16592,0.06136,4e-05,0.02964
11694.4,SYN.BTC-26JUL19,1562929144029,open,0.04,306.5,0.0005,0.077,0.03578233,103.52,0.034,0.0,BTC-26JUL19-10500-P,11656.61,100.71,0.034,0.1,0.0365,0.2,104.65,7.43696,-27.74173,-1.32747,0.00014,-0.26282
281.17,ETH-27SEP19,1562929144077,open,0.08,2625.0,0.033,0.118,0.075751,100.54,0.075,0.0,ETH-27SEP19-220-P,276.16,97.05,0.071,300.0,0.079,525.0,102.9,0.38495,-0.25171,-0.17686,0.0023,-0.2229
281.17,ETH-27SEP19,1562929144077,open,0.63,0.0,0.557,0.685,0.620986,104.83,None,0.0,ETH-27SEP19-440-P,276.16,0.0,0.0,0.0,0.0,0.0,0.0,0.40567,-0.27661,-0.81484,0.00232,-0.75497
277.05,SYN.ETH-26JUL19,1562929144078,open,0.01,1381.0,0.001,0.049,0.009305,114.74,0.011,0.0,ETH-26JUL19-380-C,276.16,107.35,0.007,250.0,0.012,551.0,122.32,0.0925,-0.38244,0.0092,0.00276,0.0967
277.05,SYN.ETH-26JUL19,1562929144077,open,0.34,0.0,0.312,0.391,0.351785,110.86,None,0.0,ETH-26JUL19-180-C,276.16,0.0,0.0,0.0,0.0,0.0,0.0,0.0236,-0.09429,0.0664,0.00073,0.98227
277.05,SYN.ETH-26JUL19,1562929144078,open,0.05,1037.0,0.01,0.089,0.049121,104.1,0.05,0.0,ETH-26JUL19-300-C,276.16,98.55,0.045,422.0,0.053,20.0,109.28,0.20658,-0.7749,0.03544,0.0068,0.38565
11694.41,SYN.BTC-26JUL19,1562929144189,open,0.26,10.8,0.209,0.309,0.25913191,109.03,0.166,0.0,BTC-26JUL19-14500-P,11656.61,0.0,0.001,9.0,0.0,0.0,0.0,6.03837,-23.72375,-4.78565,0.00011,-0.81733
11675.34,SYN.BTC-19JUL19,1562929144195,open,0.04,86.1,0.0005,0.072,0.03231788,108.22,0.03,0.0,BTC-19JUL19-12500-C,11656.61,103.64,0.03,24.0,0.033,0.2,109.56,5.93558,-46.70985,0.69875,0.00021,0.35003
12087.7,BTC-27DEC19,1562929144263,open,0.02,272.1,0.0005,0.0565,0.01696467,113.62,0.014,0.0,BTC-27DEC19-52000-C,11656.61,111.89,0.0155,10.0,0.0185,6.0,115.35,10.48674,-3.54878,2.71208,1e-05,0.06575
12087.7,BTC-27DEC19,1562929144468,open,0.0,89.4,0.0005,0.0415,0.00176907,123.21,0.0005,0.0,BTC-27DEC19-2000-P,11657.05,113.99,0.001,1.0,0.0025,15.0,129.77,1.2009,-0.4407,-0.38042,0.0,-0.00507
11866.01,BTC-27SEP19,1562929144468,open,0.26,798.0,0.216,0.2955,0.25586794,99.19,0.2585,0.0,BTC-27SEP19-10000-C,11657.05,97.64,0.2535,0.2,0.2625,15.0,103.53,18.10865,-11.68248,11.77198,6e-05,0.7269
12087.7,BTC-27DEC19,1562929144468,open,0.0,184.7,0.0005,0.0425,0.00252226,113.89,0.003,0.0,BTC-27DEC19-2500-P,11657.05,105.51,0.0015,11.0,0.0035,10.0,120.07,1.72207,-0.58414,-0.564,0.0,-0.00762
11866.01,BTC-27SEP19,1562929144468,open,0.1,424.9,0.062,0.1415,0.10153477,101.42,0.1005,0.0,BTC-27SEP19-15000-C,11657.05,99.99,0.099,1.0,0.104,42.0,102.82,20.94307,-13.81536,7.29123,7e-05,0.39328
11866.01,BTC-27SEP19,1562929144468,open,0.19,61.6,0.1385,0.233,0.18564481,98.57,0.1855,0.0,BTC-27SEP19-12000-P,11657.05,97.09,0.183,14.4,0.186,0.2,98.76,21.28919,-13.64788,-15.14157,7e-05,-0.42021
12087.7,BTC-27DEC19,1562929144468,open,0.61,62.9,0.5665,0.646,0.60629118,101.29,0.598,0.0,BTC-27DEC19-5000-C,11657.05,0.0,0.0045,0.1,0.7015,14.0,196.18,8.68338,-2.61955,19.01388,1e-05,0.9483
11866.01,BTC-27SEP19,1562929144468,open,0.31,369.6,0.267,0.3465,0.30685576,99.32,0.312,0.0,BTC-27SEP19-9000-C,11657.05,65.78,0.267,10.0,0.337,10.0,121.99,15.33801,-9.90762,12.27419,5e-05,0.79798
12087.7,BTC-27DEC19,1562929144468,open,0.8,0.0,0.756,0.8355,0.79569942,113.88,None,0.0,BTC-27DEC19-2500-C,11657.05,0.0,0.0135,0.1,0.982,0.5,500.0,1.72163,-0.58395,10.93452,0.0,0.99238
12087.7,BTC-27DEC19,1562929144468,open,0.01,227.9,0.0005,0.0495,0.009357,103.16,0.0115,0.0,BTC-27DEC19-4000-P,11657.05,98.48,0.0075,21.0,0.011,15.0,106.91,5.07329,-1.55875,-2.00846,1e-05,-0.02677
11866.01,BTC-27SEP19,1562929144468,open,0.0,443.9,0.0005,0.0445,0.00473872,106.27,0.004,0.0,BTC-27SEP19-5000-P,11657.05,100.65,0.0035,20.0,0.006,44.0,111.18,2.84766,-1.96822,-0.66585,1e-05,-0.0219
11694.41,SYN.BTC-26JUL19,1562929144468,open,0.01,357.1,0.0005,0.0455,0.00549774,110.04,0.0055,0.0,BTC-26JUL19-8500-P,11657.05,102.61,0.004,45.0,0.0065,30.0,114.44,2.55211,-10.11939,-0.27087,4e-05,-0.05543
12087.7,BTC-27DEC19,1562929144469,open,0.02,144.2,0.0005,0.0635,0.02365709,110.75,0.022,0.0,BTC-27DEC19-44000-C,11657.05,108.73,0.0215,10.0,0.0255,16.0,112.4,13.24352,-4.3685,3.65363,2e-05,0.08938
12088.14,BTC-27DEC19,1562929144470,open,0.02,52.3,0.0005,0.0595,0.01971505,112.05,0.0205,0.0,BTC-27DEC19-48000-C,11657.05,109.68,0.0175,20.0,0.0215,16.0,113.85,11.68577,-3.89994,3.11196,2e-05,0.07569
11866.01,BTC-27SEP19,1562929144470,open,0.67,227.5,0.625,0.7045,0.6649648,114.28,0.7065,0.0,BTC-27SEP19-4000-C,11657.05,0.0,0.612,10.0,0.712,10.0,239.05,1.42038,-1.0557,8.12938,0.0,0.99024
12088.14,BTC-27DEC19,1562929144469,open,0.0,148.8,0.0005,0.0405,0.00062551,125.0,0.0015,0.0,BTC-27DEC19-1500-P,11657.05,121.78,0.0005,1.2,0.003,10.0,155.55,0.50903,-0.18951,-0.14344,0.0,-0.00195
12088.14,BTC-27DEC19,1562929144470,open,0.3,410.3,0.259,0.3385,0.298612,99.06,0.3085,0.0,BTC-27DEC19-11000-C,11657.05,95.71,0.2905,15.0,0.3065,15.0,102.33,29.1978,-8.61478,21.37528,4e-05,0.68308
11866.01,BTC-27SEP19,1562929144470,open,0.43,748.2,0.3925,0.472,0.43221048,100.87,0.446,0.0,BTC-27SEP19-7000-C,11657.05,0.0,0.389,10.0,0.4665,10.0,141.08,8.4818,-5.5646,12.06325,3e-05,0.9149
11675.34,SYN.BTC-19JUL19,1562929144468,open,0.14,83.5,0.09,0.1805,0.13512169,108.63,0.1055,0.0,BTC-19JUL19-13000-P,11657.05,0.0,0.1115,5.0,0.144,5.0,127.85,5.18802,-40.98438,-1.92676,0.00019,-0.74094
12088.14,BTC-27DEC19,1562929144471,open,0.38,184.4,0.338,0.4175,0.37797128,99.06,0.421,0.0,BTC-27DEC19-9000-C,11657.05,58.58,0.3005,0.1,0.468,0.1,143.96,24.22074,-7.14618,22.39817,4e-05,0.78083
11866.45,BTC-27SEP19,1562929144470,open,0.79,55.9,0.75,0.8295,0.78957064,124.59,0.689,0.0,BTC-27SEP19-2500-C,11657.05,0.0,0.004,10.0,0.9305,5.0,500.0,0.23449,-0.19002,5.22655,0.0,0.99869
12088.14,BTC-27DEC19,1562929144471,open,0.02,134.1,0.0005,0.0605,0.01993685,101.29,0.02,0.0,BTC-27DEC19-5000-P,11657.05,98.54,0.018,6.0,0.022,21.0,104.11,8.6838,-2.61985,-3.9831,1e-05,-0.0517
11866.45,BTC-27SEP19,1562929144472,open,0.73,0.0,0.6875,0.767,0.72731181,124.86,None,0.0,BTC-27SEP19-3250-C,11657.05,0.0,0.004,10.0,0.918,5.0,500.0,0.84881,-0.68932,6.67932,0.0,0.99456
11675.34,SYN.BTC-19JUL19,1562929144468,open,0.0,300.9,0.0005,0.043,0.00307825,116.73,0.004,0.0,BTC-19JUL19-9000-P,11657.05,107.3,0.002,15.5,0.004,30.1,123.43,1.49548,-12.69461,-0.10385,5e-05,-0.04414
11694.41,SYN.BTC-26JUL19,1562929144470,open,0.22,11.0,0.1735,0.271,0.22230758,108.18,0.1845,0.0,BTC-26JUL19-14000-P,11657.05,0.0,0.001,7.0,0.0,0.0,0.0,6.87842,-26.8139,-4.42334,0.00012,-0.77266
11694.41,SYN.BTC-26JUL19,1562929144471,open,0.3,10.0,0.2455,0.349,0.29731899,109.88,0.17,0.0,BTC-26JUL19-15000-P,11657.05,0.0,0.001,6.0,0.0,0.0,0.0,5.21516,-20.64979,-5.1195,9e-05,-0.85424
11694.41,SYN.BTC-26JUL19,1562929144470,open,0.0,212.6,0.0005,0.04,0.00047702,125.0,0.0005,0.0,BTC-26JUL19-6500-P,11657.05,125.72,0.0005,5.0,0.0015,40.0,145.9,0.3691,-1.66253,-0.02736,1e-05,-0.00568
11694.41,SYN.BTC-26JUL19,1562929144471,open,0.0,344.1,0.0005,0.041,0.00118885,124.93,0.001,0.0,BTC-26JUL19-7000-P,11657.05,111.16,0.0005,15.0,0.002,31.9,135.41,0.75906,-3.41706,-0.06271,1e-05,-0.01292
11694.41,SYN.BTC-26JUL19,1562929144469,open,0.45,0.0,0.405,0.4845,0.44465561,125.0,0.3665,0.0,BTC-26JUL19-6500-C,11657.05,0.0,0.005,0.1,0.0,0.0,0.0,0.36905,-1.66226,2.44366,1e-05,0.99432
11675.34,SYN.BTC-19JUL19,1562929144468,open,0.01,355.6,0.0005,0.0515,0.01121702,110.54,0.011,0.0,BTC-19JUL19-10000-P,11657.05,106.4,0.01,2.0,0.012,30.0,113.11,3.50307,-28.15808,-0.32456,0.00012,-0.13635
11694.41,SYN.BTC-26JUL19,1562929144678,open,0.05,370.5,0.01,0.0935,0.05185849,103.52,0.05,0.0,BTC-26JUL19-11000-P,11657.05,100.23,0.0495,0.1,0.0525,0.2,104.42,8.38286,-31.27132,-1.75557,0.00016,-0.34303
11866.45,BTC-27SEP19,1562929144934,open,0.0,122.0,0.0005,0.0415,0.0017491,117.76,0.0015,0.0,BTC-27SEP19-3750-P,11657.05,109.06,0.001,8.0,0.0025,39.0,124.28,1.21464,-0.93034,-0.24765,0.0,-0.00816
12088.19,BTC-27DEC19,1562929144990,open,0.05,51.7,0.0065,0.086,0.0463013,106.6,0.053,0.0,BTC-27DEC19-32000-C,11657.05,104.89,0.0435,10.0,0.0485,4.9,107.91,20.13185,-6.39176,6.44822,3e-05,0.16228
281.19,ETH-27SEP19,1562929145092,open,0.79,0.0,0.747,0.826,0.786896,124.86,0.01,0.0,ETH-27SEP19-60-C,276.16,0.0,0.004,5.0,0.0,0.0,0.0,0.00603,-0.0049,0.12536,3e-05,0.99857
281.19,ETH-27SEP19,1562929145104,open,0.1,1579.0,0.061,0.14,0.100249,102.78,0.1,0.0,ETH-27SEP19-360-C,276.16,99.78,0.095,345.0,0.105,345.0,105.48,0.49391,-0.33017,0.16964,0.00289,0.38669
281.19,ETH-27SEP19,1562929145104,open,0.03,5302.0,0.001,0.073,0.032327,100.67,0.014,0.0,ETH-27SEP19-180-P,276.16,96.89,0.029,200.0,0.035,423.0,103.62,0.25164,-0.16476,-0.08769,0.0015,-0.11574
281.19,ETH-27SEP19,1562929145104,open,0.14,1479.0,0.095,0.186,0.140395,100.55,0.143,0.0,ETH-27SEP19-260-P,276.16,96.77,0.134,261.0,0.145,261.0,103.27,0.47514,-0.31073,-0.28711,0.00284,-0.34439
281.19,ETH-27SEP19,1562929145104,open,0.51,191.0,0.472,0.551,0.511418,101.0,0.5,0.0,ETH-27SEP19-140-C,276.16,0.0,0.01,50.0,0.0,0.0,0.0,0.11402,-0.07489,0.26493,0.00068,0.95875
281.19,ETH-27SEP19,1562929145123,open,0.25,1745.0,0.212,0.291,0.251983,100.53,0.25,0.0,ETH-27SEP19-240-C,276.16,91.49,0.238,2.0,0.274,110.0,114.66,0.43663,-0.28548,0.27541,0.00261,0.71701
281.19,ETH-27SEP19,1562929145129,open,0.33,347.0,0.273,0.378,0.325722,102.28,0.331,0.0,ETH-27SEP19-340-P,276.16,97.99,0.318,110.0,0.332,230.0,105.75,0.50745,-0.33757,-0.52897,0.00298,-0.56745
281.19,ETH-27SEP19,1562929145131,open,0.16,2925.0,0.119,0.198,0.158221,101.25,0.166,0.0,ETH-27SEP19-300-C,276.16,97.84,0.152,308.0,0.164,308.0,104.42,0.5126,-0.33755,0.22435,0.00304,0.53704
277.07,SYN.ETH-26JUL19,1562929145131,open,0.11,568.0,0.074,0.153,0.113604,105.02,0.112,0.0,ETH-26JUL19-260-C,276.16,95.74,0.107,150.0,0.117,180.0,109.77,0.19791,-0.74897,0.05757,0.00646,0.66015
289.14,ETH-27DEC19,1562929145137,open,0.13,621.0,0.089,0.168,0.12869,106.86,0.134,0.0,ETH-27DEC19-480-C,276.16,105.02,0.124,150.0,0.134,253.0,108.93,0.73908,-0.23522,0.31827,0.0018,0.36802
276.61,SYN.ETH-19JUL19,1562929145148,open,0.01,442.0,0.001,0.047,0.007381,113.24,0.01,0.0,ETH-19JUL19-340-C,276.16,102.88,0.005,550.0,0.01,561.0,122.98,0.06936,-0.57115,0.00512,0.00425,0.10568
277.07,SYN.ETH-26JUL19,1562929145241,open,0.0,1248.0,0.001,0.04,0.000195,124.99,0.002,0.0,ETH-26JUL19-560-C,276.16,0.0,0.0,0.0,0.003,550.0,171.46,0.00471,-0.02119,0.00028,0.00013,0.00284
276.61,SYN.ETH-19JUL19,1562929145304,open,0.25,742.0,0.188,0.286,0.236638,113.6,0.144,0.0,ETH-19JUL19-340-P,276.16,0.0,0.0,0.0,0.0,0.0,0.0,0.06974,-0.57607,-0.05889,0.00426,-0.89352
276.59,SYN.ETH-19JUL19,1562929145321,open,0.04,1024.0,0.001,0.074,0.032847,109.3,0.032,0.0,ETH-19JUL19-260-P,276.16,101.31,0.029,393.0,0.037,203.0,117.77,0.13449,-1.06896,-0.01802,0.00854,-0.31301
11675.34,SYN.BTC-19JUL19,1562929143544,open,0.03,394.5,0.0005,0.0735,0.03232507,106.59,0.03,0.0,BTC-19JUL19-11000-P,11657.05,102.84,0.0305,0.1,0.0335,5.0,108.99,5.69601,-44.15084,-0.7649,0.00021,-0.31546
11866.42,BTC-27SEP19,1562929145347,open,0.71,261.1,0.667,0.7465,0.70657055,121.99,0.714,0.0,BTC-27SEP19-3500-C,11657.05,0.0,0.652,10.0,0.756,10.0,269.67,1.05225,-0.8349,7.16037,0.0,0.99307
281.19,ETH-27SEP19,1562929145360,open,1.59,0.0,1.47,1.675,1.57263,114.63,None,0.0,ETH-27SEP19-720-P,276.16,0.0,0.0,0.0,0.0,0.0,0.0,0.16111,-0.12011,-1.48587,0.00084,-0.93628
289.14,ETH-27DEC19,1562929145373,open,0.81,21.0,0.718,0.86,0.788884,106.9,0.629,0.0,ETH-27DEC19-480-P,276.16,103.4,0.78,30.0,0.801,110.0,111.6,0.73917,-0.23533,-1.88935,0.0018,-0.63183
11866.42,BTC-27SEP19,1562929145396,open,0.06,290.0,0.0205,0.1,0.0602557,103.53,0.06,0.0,BTC-27SEP19-18000-C,11657.05,102.69,0.059,0.8,0.0625,20.3,105.03,17.70968,-11.92501,5.02449,6e-05,0.26129
11675.34,SYN.BTC-19JUL19,1562929145457,open,0.03,394.5,0.0005,0.0735,0.03232507,106.59,0.03,0.0,BTC-19JUL19-11000-P,11657.05,102.84,0.0305,0.1,0.033,0.1,107.97,5.69601,-44.15084,-0.7649,0.00021,-0.31546
289.14,ETH-27DEC19,1562929145463,open,0.34,0.0,0.306,0.385,0.345812,104.11,None,0.0,ETH-27DEC19-240-C,276.16,0.0,0.001,1.0,0.0,0.0,0.0,0.64676,-0.20055,0.51269,0.00162,0.73133
12088.19,BTC-27DEC19,1562929145467,open,3.32,1.0,3.1465,3.4915,3.31885859,113.82,3.1845,0.0,BTC-27DEC19-52000-P,11656.97,0.0,0.001,1.0,0.0,0.0,0.0,10.55095,-3.57674,-236.43417,1e-05,-0.93374
12088.19,BTC-27DEC19,1562929145467,open,0.72,4.0,0.677,0.7565,0.7167051,105.65,0.59,0.0,BTC-27DEC19-3500-C,11656.97,0.0,0.0055,0.1,0.78,1.0,209.67,3.69655,-1.16319,14.72791,1e-05,0.98161
11866.42,BTC-27SEP19,1562929145467,open,0.69,0.0,0.646,0.7255,0.68572037,117.66,None,0.0,BTC-27SEP19-3750-C,11656.97,0.0,0.004,10.0,0.7595,10.0,299.57,1.20971,-0.92572,7.65175,0.0,0.99188
12088.19,BTC-27DEC19,1562929145467,open,0.92,3.9,0.8415,0.9945,0.91819034,102.84,0.752,0.0,BTC-27DEC19-22000-P,11656.97,0.0,0.005,2.0,1.7005,0.3,500.0,28.7197,-8.79713,-89.68451,4e-05,-0.69491
12088.11,BTC-27DEC19,1562929145468,open,2.66,0.0,2.5175,2.81,2.66372124,110.86,None,0.0,BTC-27DEC19-44000-P,11656.97,0.0,0.0005,7.0,0.0,0.0,0.0,13.28209,-4.38561,-198.70458,2e-05,-0.91028
12088.11,BTC-27DEC19,1562929145469,open,0.01,75.4,0.0005,0.0545,0.01398403,102.1,0.016,0.0,BTC-27DEC19-4500-P,11656.97,98.44,0.012,6.0,0.016,21.0,105.58,6.78915,-2.06462,-2.89538,1e-05,-0.03809
12088.11,BTC-27DEC19,1562929145469,open,0.77,1.7,0.7015,0.8425,0.7720732,102.15,0.688,0.0,BTC-27DEC19-20000-P,11656.97,91.12,0.745,5.0,0.8165,5.0,119.33,30.42247,-9.25611,-78.96187,4e-05,-0.64817
12088.11,BTC-27DEC19,1562929145470,open,0.68,27.1,0.6385,0.718,0.67845257,103.16,0.542,0.0,BTC-27DEC19-4000-C,11656.97,0.0,0.014,0.1,0.707,0.2,150.05,5.07311,-1.55871,16.38897,1e-05,0.97323
12088.11,BTC-27DEC19,1562929145471,open,0.0,163.2,0.0005,0.044,0.00391448,108.54,0.005,0.0,BTC-27DEC19-3000-P,11656.97,103.83,0.003,10.0,0.005,10.0,113.34,2.53644,-0.81995,-0.87757,0.0,-0.01187
11675.78,SYN.BTC-19JUL19,1562929145471,open,0.21,16.4,0.1605,0.2565,0.20850607,110.8,0.1615,0.0,BTC-19JUL19-14000-P,11656.97,0.0,0.105,0.2,0.0,0.0,0.0,3.42288,-27.57835,-2.36807,0.00012,-0.86817
11694.85,SYN.BTC-26JUL19,1562929145470,open,0.38,5.0,0.322,0.4315,0.37680798,112.19,0.2255,0.0,BTC-26JUL19-16000-P,11656.97,0.0,0.001,8.0,0.0,0.0,0.0,3.78849,-15.31516,-5.70844,6e-05,-0.90718
12088.11,BTC-27DEC19,1562929145473,open,1.22,0.0,1.133,1.3105,1.2217762,104.39,None,0.0,BTC-27DEC19-26000-P,11656.97,0.0,0.004,10.0,2.022,0.2,500.0,25.09513,-7.80253,-110.55031,4e-05,-0.76664
11694.85,SYN.BTC-26JUL19,1562929145467,open,0.0,302.8,0.0005,0.0405,0.0008778,124.99,0.0025,0.0,BTC-26JUL19-21000-C,11656.97,127.01,0.001,0.5,0.0015,30.0,133.84,0.67602,-3.04481,0.04634,1e-05,0.0113
11694.85,SYN.BTC-26JUL19,1562929145469,open,0.46,0.0,0.4005,0.517,0.45881711,114.44,None,0.0,BTC-26JUL19-17000-P,11656.97,0.0,0.001,5.0,0.0,0.0,0.0,2.67382,-11.02621,-6.22426,4e-05,-0.94119
11694.85,SYN.BTC-26JUL19,1562929145471,open,0.01,377.9,0.0005,0.0485,0.00863242,112.03,0.0115,0.0,BTC-26JUL19-16000-C,11656.97,106.71,0.007,40.0,0.0095,30.0,114.65,3.77751,-15.24911,0.37267,6e-05,0.09246
11694.85,SYN.BTC-26JUL19,1562929145470,open,0.28,36.6,0.239,0.3185,0.27865439,109.92,0.2155,0.0,BTC-26JUL19-8500-C,11656.97,0.0,0.0105,0.1,0.0,0.0,0.0,2.5456,-10.08302,2.96138,4e-05,0.94475
11866.34,BTC-27SEP19,1562929145485,open,0.73,0.0,0.66,0.798,0.72891194,104.95,None,0.0,BTC-27SEP19-20000-P,11656.97,0.0,0.004,10.0,1.3645,0.2,500.0,15.22894,-10.39548,-38.22107,5e-05,-0.80038
276.61,SYN.ETH-19JUL19,1562929145488,open,0.0,90.0,0.001,0.043,0.003953,117.6,0.006,0.0,ETH-19JUL19-360-C,276.16,103.42,0.002,251.0,0.006,550.0,128.69,0.04544,-0.38859,0.00294,0.00268,0.06036
289.14,ETH-27DEC19,1562929145579,open,0.11,435.0,0.077,0.156,0.11609,109.15,0.106,0.0,ETH-27DEC19-520-C,276.16,105.86,0.108,40.0,0.123,262.0,111.93,0.71543,-0.23259,0.29278,0.0017,0.33625
289.14,ETH-27DEC19,1562929145656,open,0.18,144.0,0.129,0.222,0.175859,104.11,0.182,0.0,ETH-27DEC19-240-P,276.16,101.05,0.169,40.0,0.178,310.0,105.07,0.64676,-0.20055,-0.59115,0.00162,-0.26867
11866.34,BTC-27SEP19,1562929145682,open,1.37,0.0,1.2795,1.469,1.37420945,111.18,None,0.0,BTC-27SEP19-28000-P,11656.97,0.0,0.0005,6.0,0.0,0.0,0.0,7.84353,-5.67168,-57.42032,2e-05,-0.92328
281.19,ETH-27SEP19,1562929145901,open,0.02,1805.0,0.001,0.057,0.017391,111.73,0.023,0.0,ETH-27SEP19-640-C,276.16,106.88,0.014,500.0,0.021,500.0,116.38,0.20768,-0.15093,0.04236,0.00112,0.08892
11866.34,BTC-27SEP19,1562929145954,open,0.89,0.2,0.8105,0.961,0.88588949,106.33,1.391,0.0,BTC-27SEP19-22000-P,11656.97,0.0,0.004,10.0,0.0,0.0,0.0,12.89876,-8.92008,-43.29474,4e-05,-0.84641
276.61,SYN.ETH-19JUL19,1562929146023,open,0.39,0.0,0.321,0.43,0.375813,120.59,None,0.0,ETH-19JUL19-380-P,276.16,0.0,0.0,0.0,0.0,0.0,0.0,0.02807,-0.24619,-0.06996,0.00162,-0.96682
276.61,SYN.ETH-19JUL19,1562929146026,open,0.01,1043.0,0.001,0.044,0.004252,112.91,0.003,0.0,ETH-19JUL19-220-P,276.16,96.41,0.002,560.0,0.006,1.0,122.7,0.0452,-0.37112,-0.00335,0.00278,-0.05996
289.14,ETH-27DEC19,1562929146076,open,0.06,378.0,0.026,0.105,0.065294,112.71,0.058,0.0,ETH-27DEC19-720-C,276.15,109.95,0.06,40.0,0.071,292.0,115.6,0.56289,-0.18896,0.19055,0.0013,0.20858
289.14,ETH-27DEC19,1562929146076,open,0.2,98.0,0.167,0.246,0.206414,105.99,0.204,0.0,ETH-27DEC19-360-C,276.15,102.5,0.197,140.0,0.214,222.0,108.8,0.78113,-0.24658,0.4193,0.00192,0.52171
281.19,ETH-27SEP19,1562929146076,open,1.73,0.0,1.605,1.821,1.712874,115.69,None,0.0,ETH-27SEP19-760-P,276.15,0.0,0.0,0.0,0.0,0.0,0.0,0.14148,-0.10645,-1.57469,0.00073,-0.946
289.14,ETH-27DEC19,1562929146076,open,0.46,276.0,0.394,0.509,0.451486,105.99,0.39,0.0,ETH-27DEC19-360-P,276.15,102.11,0.441,30.0,0.464,30.0,110.62,0.78113,-0.24658,-1.23646,0.00192,-0.47829
289.14,ETH-27DEC19,1562929146076,open,0.57,23.0,0.498,0.622,0.559896,106.7,0.59,0.0,ETH-27DEC19-400-P,276.15,102.65,0.549,30.0,0.573,30.0,111.55,0.77935,-0.24767,-1.45546,0.0019,-0.53455
289.14,ETH-27DEC19,1562929146077,open,0.17,568.0,0.137,0.216,0.176483,106.7,0.183,0.0,ETH-27DEC19-400-C,276.15,103.55,0.168,110.0,0.184,233.0,109.48,0.77935,-0.24767,0.38428,0.0019,0.46545
289.14,ETH-27DEC19,1562929146077,open,0.69,0.0,0.606,0.738,0.671903,106.7,None,0.0,ETH-27DEC19-440-P,276.15,102.93,0.662,30.0,0.684,110.0,111.26,0.76384,-0.24274,-1.67343,0.00186,-0.58646
277.07,SYN.ETH-26JUL19,1562929146077,open,0.01,3281.0,0.001,0.053,0.013724,111.5,0.016,0.0,ETH-26JUL19-360-C,276.15,104.83,0.011,600.0,0.016,580.0,116.67,0.11825,-0.47511,0.01294,0.00363,0.13661
276.61,SYN.ETH-19JUL19,1562929146077,open,0.0,1.0,0.001,0.04,0.000516,124.98,0.002,0.0,ETH-19JUL19-420-C,276.15,0.0,0.0,0.0,0.003,550.0,160.34,0.0096,-0.08723,0.00046,0.00053,0.00941
281.19,ETH-27SEP19,1562929146077,open,0.11,1662.0,0.077,0.156,0.116512,102.24,0.12,0.0,ETH-27SEP19-340-C,276.15,99.18,0.111,333.0,0.122,453.0,105.28,0.50743,-0.33744,0.18712,0.00298,0.43246
289.13,ETH-27DEC19,1562929146077,open,0.41,0.0,0.377,0.456,0.416962,104.12,None,0.0,ETH-27DEC19-200-C,276.15,0.0,0.001,1000.0,1.4,1.0,500.0,0.53345,-0.16542,0.52162,0.00133,0.80922
281.19,ETH-27SEP19,1562929146077,open,0.39,249.0,0.326,0.435,0.380542,102.79,0.252,0.0,ETH-27SEP19-360-P,276.15,96.17,0.369,110.0,0.388,110.0,107.02,0.49393,-0.33021,-0.58858,0.00289,-0.61328
281.19,ETH-27SEP19,1562929146078,open,0.64,0.0,0.607,0.686,0.64691,112.58,None,0.0,ETH-27SEP19-100-C,276.15,0.0,0.004,5.0,0.0,0.0,0.0,0.0401,-0.02936,0.20205,0.00021,0.98807
281.19,ETH-27SEP19,1562929146077,open,0.9,12.0,0.808,0.958,0.882981,107.67,1.193,0.0,ETH-27SEP19-520-P,276.15,0.0,0.0,0.0,0.0,0.0,0.0,0.31315,-0.21929,-1.0208,0.00175,-0.84065
277.07,SYN.ETH-26JUL19,1562929146076,open,0.0,1091.0,0.001,0.04,7.4e-05,124.99,0.001,0.0,ETH-26JUL19-600-C,276.15,0.0,0.0,0.0,0.002,300.0,174.83,0.00207,-0.00931,0.00011,6e-05,0.00115
277.07,SYN.ETH-26JUL19,1562929146077,open,0.06,877.0,0.01,0.094,0.05207,105.12,0.05,0.0,ETH-26JUL19-260-P,276.15,99.41,0.048,200.0,0.056,180.0,110.61,0.19792,-0.74971,-0.04129,0.00645,-0.33992
281.19,ETH-27SEP19,1562929146079,open,0.45,392.0,0.41,0.489,0.449503,100.83,0.51,0.0,ETH-27SEP19-160-C,276.15,0.0,0.1,10.0,0.0,0.0,0.0,0.17996,-0.11802,0.28247,0.00107,0.92645
281.19,ETH-27SEP19,1562929146078,open,0.57,47.0,0.538,0.617,0.577817,104.18,0.689,0.0,ETH-27SEP19-120-C,276.15,0.0,0.0,0.0,0.0,0.0,0.0,0.06691,-0.04533,0.23719,0.00039,0.97832
289.13,ETH-27DEC19,1562929146079,open,0.36,87.0,0.294,0.401,0.34738,104.28,0.339,0.0,ETH-27DEC19-320-P,276.15,101.5,0.34,40.0,0.354,120.0,106.79,0.76517,-0.23766,-1.01616,0.00191,-0.41676
281.19,ETH-27SEP19,1562929146079,open,0.29,1095.0,0.254,0.333,0.29334,100.53,0.3,0.0,ETH-27SEP19-220-C,276.15,0.0,0.005,1.0,0.57,17.0,301.33,0.38493,-0.2517,0.28653,0.0023,0.77714
281.19,ETH-27SEP19,1562929146078,open,0.04,2759.0,0.004,0.083,0.043098,106.2,0.044,0.0,ETH-27SEP19-480-C,276.15,102.92,0.039,585.0,0.047,585.0,109.22,0.35767,-0.24706,0.09097,0.00202,0.1967
281.19,ETH-27SEP19,1562929146078,open,0.11,2690.0,0.062,0.149,0.105499,100.53,0.115,0.0,ETH-27SEP19-240-P,276.15,96.34,0.099,349.0,0.11,459.0,103.42,0.43663,-0.28548,-0.23007,0.00261,-0.28299
277.07,SYN.ETH-26JUL19,1562929146078,open,0.0,984.0,0.001,0.041,0.001509,111.08,0.002,0.0,ETH-26JUL19-180-P,276.15,0.0,0.0,0.0,0.003,605.0,124.93,0.02377,-0.09515,-0.00204,0.00073,-0.01787
289.13,ETH-27DEC19,1562929146079,open,0.26,188.0,0.206,0.306,0.256037,104.1,0.263,0.0,ETH-27DEC19-280-P,276.15,101.29,0.249,40.0,0.261,120.0,106.09,0.72256,-0.22404,-0.79946,0.00181,-0.34515
277.07,SYN.ETH-26JUL19,1562929146079,open,0.03,1351.0,0.001,0.068,0.027137,105.11,0.023,0.0,ETH-26JUL19-240-P,276.15,99.47,0.024,200.0,0.03,442.0,110.14,0.15609,-0.59122,-0.02507,0.00509,-0.21091
277.07,SYN.ETH-26JUL19,1562929146076,open,0.82,0.0,0.734,0.877,0.805569,127.23,None,0.0,ETH-26JUL19-500-P,276.15,0.0,0.0,0.0,0.0,0.0,0.0,0.01693,-0.0776,-0.18891,0.00046,-0.98796
281.18,ETH-27SEP19,1562929146080,open,0.23,946.0,0.177,0.274,0.225115,101.23,0.223,0.0,ETH-27SEP19-300-P,276.15,97.33,0.218,110.0,0.231,230.0,104.46,0.51259,-0.3375,-0.40752,0.00304,-0.46301
281.18,ETH-27SEP19,1562929146080,open,0.07,4100.0,0.035,0.114,0.074924,103.99,0.072,0.0,ETH-27SEP19-400-C,276.15,100.92,0.07,365.0,0.079,365.0,106.5,0.45434,-0.30731,0.13837,0.00262,0.30858
277.07,SYN.ETH-26JUL19,1562929146079,open,0.0,562.0,0.001,0.04,0.000766,124.85,0.004,0.0,ETH-26JUL19-160-P,276.15,0.0,0.0,0.0,0.002,300.0,143.74,0.01277,-0.05745,-0.001,0.00035,-0.00872
281.18,ETH-27SEP19,1562929146081,open,0.0,389.0,0.001,0.04,0.000275,124.86,0.002,0.0,ETH-27SEP19-60-P,276.15,0.0,0.0,0.0,0.002,300.0,159.31,0.00603,-0.0049,-0.00101,3e-05,-0.00143
276.61,SYN.ETH-19JUL19,1562929146078,open,0.01,216.0,0.001,0.054,0.014052,108.98,0.015,0.0,ETH-19JUL19-320-C,276.15,103.22,0.012,200.0,0.017,286.0,116.8,0.10108,-0.80103,0.00887,0.00643,0.18423
277.07,SYN.ETH-26JUL19,1562929146078,open,0.02,1803.0,0.001,0.06,0.020791,108.69,0.019,0.0,ETH-26JUL19-340-C,276.15,103.37,0.018,200.0,0.024,513.0,114.52,0.14891,-0.5832,0.01834,0.00469,0.19492
276.61,SYN.ETH-19JUL19,1562929146076,open,0.14,0.0,0.106,0.185,0.145629,110.58,None,0.0,ETH-19JUL19-240-C,276.15,0.0,0.01,100.0,0.16,30.0,149.61,0.09083,-0.73039,0.03639,0.0057,0.84406
276.61,SYN.ETH-19JUL19,1562929146079,open,0.54,0.0,0.459,0.579,0.51901,127.93,None,0.0,ETH-19JUL19-420-P,276.15,0.0,0.0,0.0,0.0,0.0,0.0,0.01099,-0.1022,-0.07858,0.0006,-0.98901
276.61,SYN.ETH-19JUL19,1562929146076,open,0.12,219.0,0.069,0.157,0.112626,107.55,0.088,0.0,ETH-19JUL19-300-P,276.15,0.0,0.083,10.0,0.124,10.0,130.22,0.13523,-1.05762,-0.04146,0.00872,-0.683
277.07,SYN.ETH-26JUL19,1562929146076,open,0.75,0.0,0.665,0.803,0.733883,126.5,None,0.0,ETH-26JUL19-480-P,276.15,0.0,0.0,0.0,0.0,0.0,0.0,0.02353,-0.10727,-0.18077,0.00064,-0.98234
277.07,SYN.ETH-26JUL19,1562929146080,open,0.15,558.0,0.121,0.2,0.160906,105.08,0.161,0.0,ETH-26JUL19-240-C,276.15,0.0,0.0,0.0,0.178,30.0,133.9,0.15607,-0.59096,0.06617,0.00509,0.78914
277.07,SYN.ETH-26JUL19,1562929146076,open,0.9,0.0,0.803,0.952,0.877444,128.29,None,0.0,ETH-26JUL19-520-P,276.15,0.0,0.0,0.0,0.0,0.0,0.0,0.01234,-0.05703,-0.19687,0.00033,-0.99162
11866.31,BTC-27SEP19,1562929146468,open,0.01,302.1,0.0005,0.0515,0.01171398,112.83,0.011,0.0,BTC-27SEP19-30000-C,11657.6,109.66,0.01,15.0,0.013,34.0,115.03,6.71647,-4.92885,1.27496,2e-05,0.06273
12088.17,BTC-27DEC19,1562929146468,open,0.57,60.5,0.5325,0.612,0.57200381,100.29,0.567,0.0,BTC-27DEC19-5500-C,11657.6,0.0,0.0055,0.1,0.9725,5.0,500.0,10.65236,-3.18205,20.06561,2e-05,0.93291
12088.17,BTC-27DEC19,1562929146468,open,2.34,0.0,2.205,2.4715,2.33807451,109.51,None,0.0,BTC-27DEC19-40000-P,11657.6,0.0,0.0005,4.0,0.0,0.0,0.0,15.16143,-4.94496,-179.61251,2e-05,-0.89251
11866.31,BTC-27SEP19,1562929146468,open,0.0,297.6,0.0005,0.044,0.00391735,108.19,0.0055,0.0,BTC-27SEP19-4750-P,11657.6,103.36,0.003,5.0,0.005,39.0,113.09,2.43448,-1.71303,-0.55297,1e-05,-0.01821
12088.17,BTC-27DEC19,1562929146468,open,0.27,173.8,0.2255,0.305,0.26502341,98.77,0.2695,0.0,BTC-27DEC19-12000-C,11657.6,96.22,0.2585,15.0,0.269,10.0,100.33,30.80663,-9.06266,20.585,5e-05,0.63527
12088.17,BTC-27DEC19,1562929146468,open,0.76,0.0,0.716,0.7955,0.75573776,108.54,None,0.0,BTC-27DEC19-3000-C,11657.6,0.0,0.0055,0.1,0.9805,0.5,500.0,2.53637,-0.81992,12.92047,0.0,0.98813
11866.31,BTC-27SEP19,1562929146468,open,0.01,571.7,0.0005,0.051,0.01085418,102.69,0.0145,0.0,BTC-27SEP19-6000-P,11657.6,99.55,0.0095,5.0,0.0125,39.0,106.27,5.27464,-3.52304,-1.42657,2e-05,-0.04623
12088.17,BTC-27DEC19,1562929146468,open,0.03,190.3,0.0005,0.069,0.0290383,109.49,0.03,0.0,BTC-27DEC19-40000-C,11657.6,107.42,0.0265,10.0,0.031,6.0,111.03,15.15711,-4.94297,4.35937,2e-05,0.10745
12088.8,BTC-27DEC19,1562929146468,open,1.69,0.3,1.586,1.801,1.69353032,106.69,2.435,0.0,BTC-27DEC19-32000-P,11657.6,0.0,0.0005,7.0,0.0,0.0,0.0,20.16187,-6.40651,-140.71855,3e-05,-0.83736
12088.8,BTC-27DEC19,1562929146468,open,0.88,0.0,0.837,0.9165,0.87653733,124.85,None,0.0,BTC-27DEC19-1500-C,11657.6,0.0,0.0175,0.1,0.987,0.5,500.0,0.5054,-0.18794,6.75676,0.0,0.99806
11866.31,BTC-27SEP19,1562929146468,open,0.87,42.8,0.834,0.9135,0.8736004,126.17,0.815,0.0,BTC-27SEP19-1500-C,11657.6,0.0,0.0005,6.0,0.0,0.0,0.0,0.01257,-0.01032,3.15765,0.0,0.99994
11694.76,SYN.BTC-26JUL19,1562929146468,open,0.0,0.283,0.3895,0.33642476,110.44,None,0.0,BTC-26JUL19-15500-P,11657.6,0.0,0.0,0.0,0.0,0.0,0.0,4.42466,-17.60784,-5.43046,8e-05,-0.88505
11675.7,SYN.BTC-19JUL19,1562929146468,open,0.0,81.0,0.0005,0.0425,0.00273377,115.88,0.004,0.0,BTC-19JUL19-15500-C,11657.6,104.55,0.0015,10.5,0.0035,30.5,121.41,1.5021,-12.65757,0.0916,5e-05,0.04438
11675.7,SYN.BTC-19JUL19,1562929146468,open,0.0,182.0,0.0005,0.0415,0.00151251,120.95,0.001,0.0,BTC-19JUL19-8500-P,11657.6,113.21,0.001,8.0,0.0025,30.1,132.21,0.87342,-7.68219,-0.05393,3e-05,-0.02301
12088.8,BTC-27DEC19,1562929146469,open,0.07,140.1,0.031,0.1105,0.07090715,104.39,0.073,0.0,BTC-27DEC19-26000-C,11657.6,102.73,0.0675,10.0,0.0735,4.9,105.63,25.0975,-7.8031,9.03349,4e-05,0.23338
11866.94,BTC-27SEP19,1562929146470,open,0.58,1.0,0.5145,0.64,0.57714825,103.57,1.5815,0.0,BTC-27SEP19-18000-P,11657.6,0.0,0.004,0.3,1.2105,0.3,500.0,17.71679,-11.9348,-32.88389,6e-05,-0.73853
12088.8,BTC-27DEC19,1562929146469,open,0.03,86.0,0.0005,0.068,0.02699398,100.3,0.019,0.0,BTC-27DEC19-5500-P,11657.6,98.0,0.025,6.0,0.029,5.0,102.55,10.65239,-3.18223,-5.23076,2e-05,-0.06708
11866.94,BTC-27SEP19,1562929146469,open,0.54,224.0,0.504,0.5835,0.54370821,103.94,0.5225,0.0,BTC-27SEP19-5500-C,11657.6,0.0,0.496,10.0,0.5835,10.0,175.04,3.91973,-2.64974,10.60205,1e-05,0.96789
11866.94,BTC-27SEP19,1562929146469,open,0.0,433.4,0.0005,0.0415,0.00151977,121.99,0.001,0.0,BTC-27SEP19-3500-P,11657.6,105.98,0.0005,10.0,0.0025,15.0,131.32,1.05192,-0.83461,-0.2112,0.0,-0.00693
11675.7,SYN.BTC-19JUL19,1562929146468,open,0.29,0.0,0.2375,0.34,0.28888305,114.36,None,0.0,BTC-19JUL19-15000-P,11657.6,0.0,0.001,2.0,0.0,0.0,0.0,2.02084,-16.80634,-2.69282,7e-05,-0.93545
11675.7,SYN.BTC-19JUL19,1562929146468,open,0.0,170.3,0.0005,0.044,0.00417213,114.42,0.004,0.0,BTC-19JUL19-15000-C,11657.6,107.04,0.003,10.0,0.005,30.5,118.97,2.0232,-16.83371,0.133,7e-05,0.06464
11866.94,BTC-27SEP19,1562929146470,open,0.0,1060.8,0.0005,0.0425,0.00248346,111.46,0.003,0.0,BTC-27SEP19-4250-P,11657.6,103.37,0.0015,20.0,0.0035,39.0,117.9,1.67803,-1.21647,-0.35733,1e-05,-0.01181
11866.94,BTC-27SEP19,1562929146470,open,0.02,93.2,0.0005,0.058,0.01842977,109.38,0.0225,0.0,BTC-27SEP19-26000-C,11657.6,106.82,0.0165,39.0,0.02,10.0,111.37,9.19474,-6.5415,1.91022,3e-05,0.09486
11675.7,SYN.BTC-19JUL19,1562929146468,open,0.01,230.9,0.0005,0.046,0.00641029,113.18,0.006,0.0,BTC-19JUL19-14500-C,11657.6,106.68,0.005,10.0,0.007,0.5,115.69,2.68607,-22.10816,0.1925,9e-05,0.09393
11866.94,BTC-27SEP19,1562929146471,open,0.62,289.7,0.584,0.6635,0.62376503,108.78,0.588,0.0,BTC-27SEP19-4500-C,11657.6,0.0,0.573,10.0,0.6685,10.0,213.77,1.96665,-1.39148,9.04885,1e-05,0.98581
12088.8,BTC-27DEC19,1562929146470,open,0.54,122.6,0.4995,0.579,0.53943682,99.76,0.57,0.0,BTC-27DEC19-6000-C,11657.6,68.65,0.513,4.0,0.61,0.1,156.94,12.73077,-3.78245,20.89467,2e-05,0.91524
11866.94,BTC-27SEP19,1562929146470,open,1.54,0.0,1.4385,1.641,1.53985642,113.02,None,0.0,BTC-27SEP19-30000-P,11657.6,0.0,0.0005,3.0,0.0,0.0,0.0,6.75349,-4.96438,-61.90225,2e-05,-0.93683
12088.8,BTC-27DEC19,1562929146471,open,1.38,0.1,1.2825,1.472,1.37733374,105.19,2.02,0.0,BTC-27DEC19-28000-P,11657.6,0.0,0.001,1.0,0.0,0.0,0.0,23.35589,-7.31751,-120.73151,3e-05,-0.79408
11866.94,BTC-27SEP19,1562929146470,open,1.7,0.0,1.598,1.814,1.70603648,114.26,None,0.0,BTC-27SEP19-32000-P,11657.6,0.0,0.0005,9.0,2.231,1.0,450.31,5.75926,-4.27995,-66.34494,2e-05,-0.9484
11866.94,BTC-27SEP19,1562929146470,open,1.05,0.2,0.965,1.1285,1.04677156,108.22,1.6,0.0,BTC-27SEP19-24000-P,11657.6,0.0,0.0005,6.0,0.0,0.0,0.0,10.96158,-7.71548,-48.13135,3e-05,-0.87895
11866.94,BTC-27SEP19,1562929146471,open,0.12,160.0,0.081,0.1605,0.12091195,100.3,0.1225,0.0,BTC-27SEP19-14000-C,11657.6,98.14,0.117,5.0,0.1235,10.0,101.72,21.54695,-14.05612,8.19261,7e-05,0.4487
11866.94,BTC-27SEP19,1562929146471,open,0.58,793.2,0.5435,0.623,0.58338069,106.2,0.5945,0.0,BTC-27SEP19-5000-C,11657.6,0.0,0.534,10.0,0.6255,10.0,192.52,2.84099,-1.96227,9.86707,1e-05,0.97816
12088.8,BTC-27DEC19,1562929146471,open,2.01,1.3,1.894,2.1345,2.01434001,108.18,2.889,0.0,BTC-27DEC19-36000-P,11657.6,0.0,0.0005,1.0,0.0,0.0,0.0,17.45708,-5.62468,-160.30191,2e-05,-0.86877
11866.94,BTC-27SEP19,1562929146471,open,0.83,28.2,0.792,0.8715,0.83151592,123.45,0.755,0.0,BTC-27SEP19-2000-C,11657.6,0.0,0.01,1.0,0.9395,5.0,500.0,0.0614,-0.0493,4.20343,0.0,0.99969
12088.8,BTC-27DEC19,1562929146471,open,1.53,0.2,1.4335,1.636,1.53468417,105.92,2.2245,0.0,BTC-27DEC19-30000-P,11657.6,0.0,0.0005,6.0,0.0,0.0,0.0,21.69461,-6.84417,-130.78598,3e-05,-0.81756
12088.8,BTC-27DEC19,1562929146472,open,2.99,0.0,2.831,3.15,2.99056118,112.28,None,0.0,BTC-27DEC19-48000-P,11657.6,0.0,0.0005,7.0,0.0,0.0,0.0,11.76401,-3.9342,-217.63188,2e-05,-0.92365
12088.8,BTC-27DEC19,1562929146472,open,1.07,0.0,0.986,1.151,1.06843685,103.64,None,0.0,BTC-27DEC19-24000-P,11657.6,0.0,0.005,1.0,1.8605,0.2,500.0,26.91778,-8.30937,-100.20216,4e-05,-0.73375
11694.76,SYN.BTC-26JUL19,1562929146470,open,0.0,301.9,0.0005,0.043,0.0031124,112.86,0.0035,0.0,BTC-26JUL19-8000-P,11657.6,104.16,0.002,45.0,0.004,30.0,118.58,1.68751,-6.8627,-0.16149,3e-05,-0.03321
11675.7,SYN.BTC-19JUL19,1562929146468,open,0.12,9.3,0.0805,0.16,0.12005743,107.62,0.161,0.0,BTC-19JUL19-10500-C,11657.6,0.0,0.0895,10.0,0.1245,10.0,118.47,4.6704,-36.54999,1.46455,0.00017,0.78594
11675.7,SYN.BTC-19JUL19,1562929146468,open,0.25,0.0,0.1985,0.298,0.24829751,113.14,None,0.0,BTC-19JUL19-14500-P,11657.6,0.0,0.001,2.0,0.0,0.0,0.0,2.68431,-22.08619,-2.5391,9e-05,-0.90615
11694.76,SYN.BTC-26JUL19,1562929146469,open,0.24,50.3,0.2005,0.28,0.24007506,108.7,0.2035,0.0,BTC-26JUL19-9000-C,11657.6,0.0,0.1,0.6,0.4,1.0,403.62,3.69773,-14.48367,2.97912,7e-05,0.91017
11675.7,SYN.BTC-19JUL19,1562929146471,open,0.33,0.0,0.2775,0.383,0.33026838,115.8,None,0.0,BTC-19JUL19-15500-P,11657.6,0.0,0.001,1.0,0.0,0.0,0.0,1.49909,-12.62427,-2.82844,5e-05,-0.95573
11694.76,SYN.BTC-26JUL19,1562929146468,open,0.01,493.4,0.0005,0.045,0.00513254,114.21,0.0065,0.0,BTC-26JUL19-17000-C,11657.6,108.88,0.004,10.0,0.006,30.0,117.86,2.65865,-10.94168,0.23674,4e-05,0.05838
11675.7,SYN.BTC-19JUL19,1562929146468,open,0.41,0.0,0.358,0.4705,0.4143974,119.18,None,0.0,BTC-19JUL19-16500-P,11657.6,0.0,0.001,8.0,0.0,0.0,0.0,0.81013,-7.02099,-3.06455,3e-05,-0.97895
11694.76,SYN.BTC-26JUL19,1562929146473,open,0.02,343.9,0.0005,0.059,0.01922851,109.03,0.014,0.0,BTC-26JUL19-14500-C,11657.6,104.62,0.017,44.0,0.0205,24.0,111.47,6.03941,-23.72816,0.7268,0.00011,0.18271
11675.7,SYN.BTC-19JUL19,1562929146468,open,0.37,0.0,0.3175,0.4265,0.37209773,116.66,None,0.0,BTC-19JUL19-16000-P,11657.6,0.0,0.001,7.0,0.0,0.0,0.0,1.07615,-9.12952,-2.95286,4e-05,-0.97047
11694.76,SYN.BTC-26JUL19,1562929146468,open,0.62,0.0,0.562,0.6915,0.62682737,120.93,None,0.0,BTC-26JUL19-19000-P,11657.6,0.0,0.001,3.0,0.0,0.0,0.0,1.38466,-6.03384,-7.11626,2e-05,-0.97383
11675.7,SYN.BTC-19JUL19,1562929146468,open,0.01,149.4,0.0005,0.046,0.00587956,112.58,0.007,0.0,BTC-19JUL19-9500-P,11657.6,108.06,0.005,0.5,0.007,30.0,117.9,2.3595,-19.31591,-0.18666,8e-05,-0.07899
11675.7,SYN.BTC-19JUL19,1562929146468,open,0.27,0.0,0.234,0.3135,0.27350966,121.02,None,0.0,BTC-19JUL19-8500-C,11657.6,0.0,0.239,10.0,0.277,1.0,152.43,0.87524,-7.70255,1.54712,3e-05,0.97694
11675.7,SYN.BTC-19JUL19,1562929146468,open,0.17,35.2,0.124,0.217,0.17067006,109.74,0.2,0.0,BTC-19JUL19-13500-P,11657.6,0.0,0.147,5.0,0.199,5.0,174.32,4.30778,-34.37781,-2.16324,0.00015,-0.81288
11694.76,SYN.BTC-26JUL19,1562929146471,open,0.49,0.0,0.4475,0.527,0.48711559,125.28,None,0.0,BTC-26JUL19-6000-C,11657.6,0.0,0.0005,0.1,0.0,0.0,0.0,0.15483,-0.69898,2.27061,0.0,0.99784
