underlying_price,underlying_index,timestamp,state,settlement_price,open_interest,min_price,max_price,mark_price,mark_iv,last_price,interest_rate,instrument_name,index_price,bid_iv,best_bid_price,best_bid_amount,best_ask_price,best_ask_amount,ask_iv,vega,theta,rho,gamma,delta
187.48,SYN.ETH-22NOV19,1573124340015,open,0.0,0.001,0.012,0.002344,82.78,None,0.0,ETH-22NOV19-140-P,186.62,71.58,0.001,200.0,0.004,300.0,92.16,0.02824,-0.07858,-0.00274,0.00238,-0.03355
9193.09,SYN.BTC-8NOV19,1573124340123,open,0.11,116.1,0.0845,0.122,0.10280748,99.99,0.1265,0.0,BTC-8NOV19-8250-C,9190.27,0.0,0.1025,0.1,0.105,4.1,153.83,0.14797,-7.39803,0.19508,7e-05,0.98727
9351.08,BTC-27DEC19,1573124340125,open,0.3,73.4,0.2715,0.3465,0.30830487,69.05,0.31,0.0,BTC-27DEC19-12000-P,9190.27,55.68,0.296,4.0,0.3465,4.0,101.06,9.6132,-6.65465,-14.18982,0.00012,-0.8022
9351.08,BTC-27DEC19,1573124340134,open,4.1,0.0,4.0325,4.238,4.13314715,124.88,None,0.0,BTC-27DEC19-48000-P,9190.27,0.0,0.0005,1.0,0.0,0.0,0.0,0.05713,-0.07152,-65.58469,0.0,-0.99954
9238.23,SYN.BTC-22NOV19,1573124340248,open,1.0,0.0245,0.071,0.04560207,57.4,0.0465,0.0,BTC-22NOV19-9250-C,9190.27,54.79,0.0435,12.0,0.048,12.0,60.39,7.43211,-14.34006,1.78135,0.00037,0.51873
9238.23,SYN.BTC-22NOV19,1573124340248,open,0.0,0.095,0.1415,0.1189564,62.4,None,0.0,BTC-22NOV19-8250-C,9190.27,57.39,0.1165,4.0,0.121,4.0,66.34,4.68845,-9.834,2.68367,0.00022,0.83174
9238.23,SYN.BTC-22NOV19,1573124340248,open,0.0,0.0555,0.1115,0.08350447,61.79,None,0.0,BTC-22NOV19-9750-P,9190.27,53.7,0.0775,12.0,0.0825,12.0,60.46,6.9485,-14.43197,-2.74003,0.00032,-0.64425
9238.23,SYN.BTC-22NOV19,1573124340248,open,0.0,0.039,0.0925,0.06582101,61.74,None,0.0,BTC-22NOV19-9500-P,9190.27,53.76,0.0595,12.0,0.0645,12.0,60.07,7.34348,-15.23851,-2.37243,0.00034,-0.56429
9238.23,SYN.BTC-22NOV19,1573124340248,open,0.2,0.12,0.164,0.14220807,64.39,0.14,0.0,BTC-22NOV19-8000-C,9190.27,0.0,0.0,0.0,0.0,0.0,0.0,3.7437,-8.10262,2.77562,0.00017,0.87941
9238.23,SYN.BTC-22NOV19,1573124340250,open,1.0,0.025,0.074,0.04687876,57.41,0.045,0.0,BTC-22NOV19-9250-P,9190.27,53.83,0.044,12.0,0.0485,12.0,59.42,7.43211,-14.34097,-1.98852,0.00037,-0.48127
9238.23,SYN.BTC-22NOV19,1573124340250,open,0.0,0.0745,0.132,0.103163,61.88,None,0.0,BTC-22NOV19-10000-P,9190.27,54.11,0.098,4.0,0.1035,4.0,62.37,6.31822,-13.14144,-3.08522,0.00029,-0.71627
9238.23,SYN.BTC-22NOV19,1573124340250,open,0.0,0.0005,0.022,0.00869428,65.01,None,0.0,BTC-22NOV19-10750-C,9190.27,63.42,0.008,0.1,0.0095,20.0,66.79,4.11124,-8.98313,0.48696,0.00018,0.13803
9238.23,SYN.BTC-22NOV19,1573124340250,open,0.0,0.0375,0.087,0.06301233,61.73,None,0.0,BTC-22NOV19-9000-C,9190.27,54.61,0.0575,12.0,0.0595,0.1,57.2,7.17021,-14.87802,2.04879,0.00033,0.60717
9238.23,SYN.BTC-22NOV19,1573124340252,open,0.0,0.0005,0.016,0.00540798,68.87,None,0.0,BTC-22NOV19-11250-C,9190.27,67.59,0.005,0.7,0.006,13.0,70.64,3.00096,-6.94651,0.31434,0.00013,0.0889
9238.23,SYN.BTC-22NOV19,1573124340252,open,3.0,0.01,0.049,0.02810472,61.79,0.0255,0.0,BTC-22NOV19-9750-C,9190.27,56.28,0.024,16.0,0.0275,16.0,60.98,6.94841,-14.43085,1.23358,0.00032,0.35574
9351.11,BTC-27DEC19,1573124340448,open,2.19,0.2,2.1455,2.2745,2.20834961,101.59,2.03,0.0,BTC-27DEC19-30000-P,9190.27,0.0,2.17,1.0,2.2455,1.0,208.58,0.19614,-0.19975,-40.97333,0.0,-0.99823
9528.09,BTC-27MAR20,1573124340482,open,0.4,19.3,0.372,0.423,0.39749236,71.95,0.406,0.0,BTC-27MAR20-6000-C,9190.27,50.57,0.378,12.0,0.4175,12.0,88.17,10.7011,-2.73254,18.3266,4e-05,0.89584
9528.09,BTC-27MAR20,1573124340486,open,1.31,6.0,1.2705,1.3935,1.32849046,85.65,1.5845,0.0,BTC-27MAR20-22000-P,9190.27,0.0,1.287,1.0,1.3655,1.0,111.94,10.05805,-3.05761,-82.11068,3e-05,-0.90431
9193.09,SYN.BTC-8NOV19,1573124340486,open,0.19,25.0,0.168,0.2,0.18417018,92.05,0.21,0.0,BTC-8NOV19-7500-C,9190.27,0.0,0.171,3.0,0.195,3.0,371.4,6e-05,-0.0028,0.17994,0.0,1.0
9351.11,BTC-27DEC19,1573124340512,open,2.82,1.3,2.7745,2.929,2.84987047,106.53,2.2,0.0,BTC-27DEC19-36000-P,9190.27,0.0,0.0,0.0,0.0,0.0,0.0,0.07574,-0.08088,-49.18522,0.0,-0.99937
9351.11,BTC-27DEC19,1573124340512,open,1.76,0.0,1.726,1.8395,1.78096268,100.5,None,0.0,BTC-27DEC19-26000-P,9190.27,0.0,1.747,1.0,1.816,1.0,189.12,0.51143,-0.51525,-35.46929,0.0,-0.99487
9260.8,SYN.BTC-29NOV19,1573124340519,open,0.24,0.0,0.2205,0.282,0.250398,68.42,None,0.0,BTC-29NOV19-11500-P,9190.27,0.0,0.2225,3.0,0.271,3.0,101.57,4.35398,-6.80848,-6.31129,0.00012,-0.88671
9611.23,SYN.BTC-26JUN20,1573124340521,open,0.57,0.8,0.509,0.6415,0.57579431,76.97,0.55,0.0,BTC-26JUN20-14000-P,9190.27,55.52,0.5145,2.0,0.612,2.0,88.69,29.15966,-4.83939,-73.03432,6e-05,-0.62036
9193.09,SYN.BTC-8NOV19,1573124340534,open,0.24,1.3,0.2235,0.253,0.23855869,0.0,0.24,0.0,BTC-8NOV19-7000-C,9190.27,0.0,0.2285,3.0,0.2505,3.0,474.08,0.0,0.0,0.16794,0.0,1.0
9351.11,BTC-27DEC19,1573124340570,open,0.4,99.0,0.3695,0.445,0.40606557,71.59,0.638,0.0,BTC-27DEC19-13000-P,9190.27,0.0,0.3775,4.0,0.4355,1.0,101.1,7.42593,-5.32936,-16.26797,9e-05,-0.86707
9193.09,SYN.BTC-8NOV19,1573124340600,open,0.0,165.2,0.0005,0.0105,3e-08,100.0,0.0005,0.0,BTC-8NOV19-11500-C,9190.27,0.0,0.0,0.0,0.0005,2.0,204.8,6e-05,-0.00025,0.0,0.0,0.0
9193.09,SYN.BTC-8NOV19,1573124340626,open,0.0,244.5,0.0005,0.0105,0.0,100.0,0.0005,0.0,BTC-8NOV19-7000-P,9190.27,0.0,0.0,0.0,0.0015,24.0,297.0,0.0,0.0,0.0,0.0,0.0
9611.23,SYN.BTC-26JUN20,1573124340628,open,2.33,0.0,2.273,2.4495,2.35622223,91.93,None,0.0,BTC-26JUN20-32000-P,9190.27,0.0,0.0,0.0,0.0,0.0,0.0,13.5532,-2.68662,-198.74991,3e-05,-0.89889
9193.09,SYN.BTC-8NOV19,1573124340713,open,0.22,16.9,0.1955,0.2265,0.21136436,0.0,0.2615,0.0,BTC-8NOV19-7250-C,9190.27,0.0,0.1985,3.0,0.2225,3.0,419.16,0.0,0.0,0.17394,0.0,1.0
9260.8,SYN.BTC-29NOV19,1573124340759,open,0.61,0.0,0.5885,0.6585,0.62168715,94.36,None,0.0,BTC-29NOV19-15000-P,9190.27,0.0,0.5935,2.0,0.6475,2.0,163.25,1.29364,-2.79001,-8.86603,3e-05,-0.9757
9193.09,SYN.BTC-8NOV19,1573124340764,open,0.32,0.0,0.3065,0.333,0.32014169,0.0,None,0.0,BTC-8NOV19-6250-C,9190.27,0.0,0.3105,3.0,0.3295,3.0,500.0,0.0,0.0,0.14995,0.0,1.0
9193.09,SYN.BTC-8NOV19,1573124340853,open,0.14,69.6,0.1125,0.147,0.12981194,99.96,0.136,0.0,BTC-8NOV19-8000-C,9190.27,0.0,0.1155,2.0,0.143,2.0,305.09,0.02976,-1.48716,0.19146,1e-05,0.99791
9351.11,BTC-27DEC19,1573124340857,open,0.92,9.4,0.888,0.974,0.92861967,88.2,1.1125,0.0,BTC-27DEC19-18000-P,9190.27,0.0,0.9015,2.0,0.9595,2.0,140.25,2.51166,-2.22084,-24.22868,2e-05,-0.96752
192.1,ETH-27MAR20,1573124340891,open,1.49,0.0,1.435,1.617,1.522624,95.36,None,0.0,ETH-27MAR20-480-P,186.62,0.0,0.003,10.0,0.0,0.0,0.0,0.21809,-0.07381,-1.79196,0.00161,-0.89428
193.78,SYN.ETH-26JUN20,1573124340912,open,1.9,0.0,1.828,2.056,1.938416,96.96,None,0.0,ETH-26JUN20-560-P,186.62,0.0,0.0,0.0,0.0,0.0,0.0,0.37867,-0.07917,-3.41795,0.00164,-0.83812
186.67,SYN.ETH-8NOV19,1573124340917,open,0.32,0.0,0.301,0.38,0.339256,0.0,None,0.0,ETH-8NOV19-250-P,186.62,0.0,0.01,15.0,0.368,1.0,500.0,0.0,0.0,-0.006,0.0,-1.0
9351.11,BTC-27DEC19,1573124340939,open,0.42,73.5,0.401,0.4315,0.41562758,82.31,0.266,0.0,BTC-27DEC19-5500-C,9190.27,0.0,0.402,9.0,0.4275,9.0,113.76,2.28304,-1.88379,7.09721,2e-05,0.97106
9193.09,SYN.BTC-8NOV19,1573124340941,open,0.3,10.8,0.279,0.3065,0.29294735,0.0,0.305,0.0,BTC-8NOV19-6500-C,9190.27,0.0,0.2835,3.0,0.3025,3.0,500.0,0.0,0.0,0.15595,0.0,1.0
9260.8,SYN.BTC-29NOV19,1573124340944,open,0.31,0.3,0.2845,0.318,0.30090887,82.97,0.31,0.0,BTC-29NOV19-6500-C,9190.27,0.0,0.29,6.0,0.3135,6.0,124.51,1.65133,-3.13172,3.69938,4e-05,0.96743
9351.11,BTC-27DEC19,1573124340960,open,0.5,268.3,0.4715,0.548,0.5081617,75.16,0.7205,0.0,BTC-27DEC19-14000-P,9190.27,0.0,0.4805,3.0,0.5345,3.0,106.09,5.81866,-4.384,-18.06393,6e-05,-0.90552
9611.23,SYN.BTC-26JUN20,1573124340967,open,1.52,0.0,1.4665,1.6205,1.53983424,85.4,None,0.0,BTC-26JUN20-24000-P,9190.27,0.0,0.0,0.0,0.0,0.0,0.0,18.45969,-3.39929,-145.45059,4e-05,-0.84234
192.1,ETH-27MAR20,1573124341006,open,0.5,0.0,0.473,0.521,0.497282,83.07,None,0.0,ETH-27MAR20-100-C,186.62,50.67,0.481,24.0,0.513,24.0,100.74,0.14929,-0.04402,0.32537,0.00126,0.93612
193.78,SYN.ETH-26JUN20,1573124341009,open,1.51,0.0,1.435,1.642,1.536846,93.12,None,0.0,ETH-26JUN20-480-P,186.62,0.0,0.0,0.0,0.0,0.0,0.0,0.42895,-0.08613,-2.87993,0.00193,-0.80263
9193.09,SYN.BTC-8NOV19,1573124341051,open,0.27,0.0,0.2535,0.3045,0.27813363,119.77,None,0.0,BTC-8NOV19-11750-P,9190.27,0.0,0.2585,1.0,0.2975,1.0,472.84,0.00032,-0.01928,-0.2819,0.0,-0.99998
9193.09,SYN.BTC-8NOV19,1573124341051,open,0.11,37.6,0.0935,0.1395,0.1152051,100.01,0.097,0.0,BTC-8NOV19-10250-P,9190.27,0.0,0.097,2.0,0.1315,2.0,272.94,0.16078,-8.03956,-0.24288,8e-05,-0.98599
193.78,SYN.ETH-26JUN20,1573124341051,open,0.34,0.0,0.278,0.413,0.34859,82.78,None,0.0,ETH-26JUN20-220-P,186.62,49.79,0.244,1.0,0.403,1.0,100.21,0.61036,-0.10895,-0.97729,0.00309,-0.4453
9351.11,BTC-27DEC19,1573124341056,open,1.97,0.1,1.936,2.057,1.9945964,100.9,1.49,0.0,BTC-27DEC19-28000-P,9190.27,0.0,1.9585,1.0,2.031,1.0,199.54,0.31099,-0.31457,-38.22701,0.0,-0.99706
192.1,ETH-27MAR20,1573124341093,open,0.9,6.0,0.843,0.998,0.919445,87.99,1.165,0.0,ETH-27MAR20-360-P,186.62,49.05,0.877,1.0,0.0,0.0,0.0,0.32447,-0.10133,-1.28183,0.00259,-0.80941
189.5,ETH-27DEC19,1573124341192,open,0.38,2.0,0.351,0.398,0.375127,85.77,0.346,0.0,ETH-27DEC19-120-C,186.62,48.51,0.367,21.0,0.389,20.0,112.18,0.07776,-0.06686,0.1476,0.00185,0.94515
192.1,ETH-27MAR20,1573124341221,open,1.89,0.0,1.836,2.036,1.931542,98.52,None,0.0,ETH-27MAR20-560-P,186.62,0.0,0.01,10.0,0.0,0.0,0.0,0.16834,-0.05886,-2.11819,0.0012,-0.92535
192.1,ETH-27MAR20,1573124341221,open,1.69,0.0,1.635,1.826,1.726405,96.82,None,0.0,ETH-27MAR20-520-P,186.62,0.0,0.005,10.0,0.0,0.0,0.0,0.19014,-0.06534,-1.9564,0.00138,-0.91227
193.78,SYN.ETH-26JUN20,1573124341229,open,0.93,0.0,0.866,1.047,0.956878,89.32,None,0.0,ETH-26JUN20-360-P,186.62,49.47,0.871,1.0,0.988,1.0,100.13,0.5399,-0.10399,-2.03519,0.00253,-0.69638
193.78,SYN.ETH-26JUN20,1573124341242,open,0.58,0.0,0.515,0.675,0.597467,87.07,None,0.0,ETH-26JUN20-280-P,186.62,49.81,0.49,1.0,0.0,0.0,0.0,0.60588,-0.11376,-1.44056,0.00292,-0.57275
192.1,ETH-27MAR20,1573124341242,open,0.34,0.0,0.297,0.373,0.33838,80.53,None,0.0,ETH-27MAR20-140-C,186.62,60.74,0.307,22.0,0.363,22.0,94.84,0.32254,-0.09219,0.3506,0.00281,0.81125
193.78,SYN.ETH-26JUN20,1573124341299,open,2.1,0.0,2.024,2.26,2.137973,97.23,None,0.0,ETH-26JUN20-600-P,186.62,0.0,0.0,0.0,0.0,0.0,0.0,0.34728,-0.07281,-3.68794,0.0015,-0.85789
192.1,ETH-27MAR20,1573124341301,open,2.3,0.0,2.238,2.46,2.344091,102.23,None,0.0,ETH-27MAR20-640-P,186.62,0.0,0.0,0.0,0.0,0.0,0.0,0.13726,-0.0498,-2.43687,0.00094,-0.94263
186.67,SYN.ETH-8NOV19,1573124341353,open,0.06,2.0,0.041,0.107,0.072617,90.98,0.062,0.0,ETH-8NOV19-200-P,186.62,0.0,0.069,40.0,0.076,40.0,129.29,0.01139,-0.51832,-0.00452,0.01498,-0.93643
189.5,ETH-27DEC19,1573124341357,open,2.54,1.0,2.484,2.699,2.588296,0.0,2.792,0.0,ETH-27DEC19-680-P,186.62,0.0,0.002,10.0,0.0,0.0,0.0,0.0,0.0,-0.92919,0.0,-1.0
189.5,ETH-27DEC19,1573124341365,open,0.2,2728.0,0.169,0.262,0.216554,75.18,0.274,0.0,ETH-27DEC19-220-P,186.62,40.03,0.174,14.0,0.253,14.0,101.06,0.25818,-0.19459,-0.2256,0.007,-0.6547
186.67,SYN.ETH-8NOV19,1573124341368,open,0.17,0.0,0.145,0.216,0.178556,104.09,None,0.0,ETH-8NOV19-220-P,186.62,0.0,0.01,15.0,0.19,1.0,307.9,0.00022,-0.01147,-0.00528,0.00025,-0.9993
186.67,SYN.ETH-8NOV19,1573124341400,open,0.22,0.0,0.197,0.271,0.232116,0.0,None,0.0,ETH-8NOV19-230-P,186.62,0.0,0.0,0.0,0.249,1.0,407.75,0.0,0.0,-0.00552,0.0,-1.0
186.67,SYN.ETH-8NOV19,1573124341463,open,0.15,246.0,0.117,0.168,0.142894,105.4,0.171,0.0,ETH-8NOV19-160-C,186.62,0.0,0.129,14.0,0.153,15.0,298.37,0.00039,-0.02058,0.00383,0.00044,0.9987
187.88,SYN.ETH-29NOV19,1573124341480,open,0.01,1266.0,0.001,0.017,0.006157,84.85,0.006,0.0,ETH-29NOV19-260-C,186.62,81.22,0.005,200.0,0.007,44.0,87.27,0.06321,-0.12258,0.00743,0.00352,0.07215
193.78,SYN.ETH-26JUN20,1573124341489,open,0.75,0.0,0.684,0.855,0.770962,87.45,None,0.0,ETH-26JUN20-320-P,186.62,49.73,0.676,1.0,0.81,1.0,100.29,0.57515,-0.10846,-1.74275,0.00276,-0.64474
193.78,SYN.ETH-26JUN20,1573124341489,open,0.53,0.0,0.493,0.552,0.523804,84.22,None,0.0,ETH-26JUN20-100-C,186.62,48.86,0.489,1.0,0.0,0.0,0.0,0.25745,-0.04676,0.47143,0.00128,0.90677
193.78,SYN.ETH-26JUN20,1573124341556,open,0.12,236.0,0.069,0.167,0.119573,87.45,0.123,0.0,ETH-26JUN20-320-C,186.62,85.9,0.115,180.0,0.125,464.0,89.27,0.57515,-0.10846,0.29014,0.00276,0.35526
193.78,SYN.ETH-26JUN20,1573124341574,open,0.61,0.0,0.585,0.629,0.607586,86.93,None,0.0,ETH-26JUN20-80-C,186.62,47.94,0.588,1.0,0.0,0.0,0.0,0.16502,-0.03094,0.41872,0.0008,0.94773
189.5,ETH-27DEC19,1573124341593,open,2.33,0.0,2.279,2.482,2.377295,0.0,None,0.0,ETH-27DEC19-640-P,186.62,0.0,0.0,0.0,0.0,0.0,0.0,0.0,0.0,-0.87453,0.0,-1.0
193.78,SYN.ETH-26JUN20,1573124341593,open,0.21,122.0,0.157,0.269,0.215294,82.78,0.21,0.0,ETH-26JUN20-180-P,186.62,79.57,0.206,451.0,0.219,451.0,84.07,0.5589,-0.09977,-0.67048,0.00283,-0.32936
9260.82,SYN.BTC-29NOV19,1573124341758,open,0.05,374.0,0.0275,0.0765,0.04727693,60.0,0.052,0.0,BTC-29NOV19-9500-C,9190.27,59.71,0.047,13.5,0.0495,13.6,62.28,8.99943,-12.34123,2.29134,0.00029,0.46011
189.5,ETH-27DEC19,1573124341965,open,0.29,2287.0,0.253,0.352,0.302876,77.08,0.302,0.0,ETH-27DEC19-240-P,186.62,28.48,0.267,11.0,0.341,11.0,106.92,0.22077,-0.17059,-0.27363,0.00584,-0.75385
9351.13,BTC-27DEC19,1573124342024,open,0.63,4.3,0.616,0.6355,0.62598096,99.88,0.5625,0.0,BTC-27DEC19-3500-C,9190.27,0.0,0.618,11.0,0.632,11.0,156.47,0.24002,-0.24033,4.75094,0.0,0.99779
9193.09,SYN.BTC-8NOV19,1573124342026,open,0.0,318.6,0.0005,0.0135,0.001852,79.55,0.0025,0.0,BTC-8NOV19-8750-P,9190.27,68.17,0.001,27.9,0.0025,0.5,86.65,0.78439,-17.02564,-0.02224,0.00049,-0.09899
9351.13,BTC-27DEC19,1573124342045,open,1.55,0.0,1.5165,1.623,1.56755824,100.24,None,0.0,BTC-27DEC19-24000-P,9190.27,0.0,1.5355,1.0,1.602,1.0,179.06,0.85464,-0.85884,-32.69079,1e-05,-0.99082
9528.08,BTC-27MAR20,1573124342051,open,0.91,0.0,0.866,0.9815,0.92121197,80.2,1.23,0.0,BTC-27MAR20-18000-P,9190.27,0.0,0.88,1.0,0.9595,1.0,102.29,13.9272,-3.96423,-65.06009,5e-05,-0.84794
9193.09,SYN.BTC-8NOV19,1573124342073,open,0.16,0.6,0.1465,0.1935,0.16936626,100.14,0.1265,0.0,BTC-8NOV19-10750-P,9190.27,0.0,0.154,2.0,0.1865,2.0,342.68,0.012,-0.60084,-0.25774,1e-05,-0.99922
9193.09,SYN.BTC-8NOV19,1573124342073,open,0.14,2.0,0.12,0.1665,0.14221494,100.03,0.104,0.0,BTC-8NOV19-10500-P,9190.27,0.0,0.1275,2.0,0.1445,0.1,174.21,0.04843,-2.42213,-0.25113,2e-05,-0.99641
9351.13,BTC-27DEC19,1573124342077,open,0.84,12.1,0.83,0.8495,0.83959022,0.0,0.8415,0.0,BTC-27DEC19-1500-C,9190.27,0.0,0.8315,1.0,0.848,1.0,301.79,0.0,0.0,2.04969,0.0,1.0
9260.82,SYN.BTC-29NOV19,1573124342078,open,0.29,0.0,0.272,0.3335,0.30167685,70.97,None,0.0,BTC-29NOV19-12000-P,9190.27,0.0,0.2745,3.0,0.321,3.0,106.99,3.37308,-5.4714,-6.78025,9e-05,-0.91992
9260.82,SYN.BTC-29NOV19,1573124342080,open,0.15,5.0,0.1235,0.1855,0.15290367,62.84,0.15,0.0,BTC-29NOV19-10500-P,9190.27,0.0,0.1225,4.0,0.181,4.0,96.51,6.88108,-9.88257,-5.12345,0.00021,-0.77019
9193.09,SYN.BTC-8NOV19,1573124342082,open,0.0,381.7,0.0005,0.0105,2.2e-07,100.0,0.001,0.0,BTC-8NOV19-11250-C,9190.27,0.0,0.0,0.0,0.001,9.0,207.89,0.00041,-0.00206,0.0,0.0,2e-05
9528.08,BTC-27MAR20,1573124342084,open,1.11,5.2,1.0675,1.186,1.12354282,82.91,1.108,0.0,BTC-27MAR20-20000-P,9190.27,0.0,1.082,1.0,1.1605,1.0,106.8,11.74448,-3.45613,-73.73057,4e-05,-0.88139
187.07,SYN.ETH-15NOV19,1573124342106,open,0.26,0.0,0.229,0.276,0.252688,98.52,None,0.0,ETH-15NOV19-140-C,186.62,0.0,0.0,0.0,0.0,0.0,0.0,0.01272,-0.07957,0.0294,0.00171,0.98103
187.07,SYN.ETH-15NOV19,1573124342108,open,0.21,0.0,0.174,0.225,0.200276,88.21,None,0.0,ETH-15NOV19-150-C,186.62,0.0,0.0,0.0,0.0,0.0,0.0,0.02291,-0.12829,0.03073,0.00344,0.96159
187.07,SYN.ETH-15NOV19,1573124342108,open,0.16,0.0,0.12,0.176,0.148883,77.82,None,0.0,ETH-15NOV19-160-C,186.62,0.0,0.144,50.0,0.0,0.0,0.0,0.03973,-0.19628,0.03124,0.00676,0.92289
187.07,SYN.ETH-15NOV19,1573124342108,open,0.11,80.0,0.068,0.127,0.098965,65.44,0.112,0.0,ETH-15NOV19-170-C,186.62,59.36,0.097,40.0,0.104,40.0,79.03,0.06359,-0.26419,0.03038,0.01287,0.85169
187.07,SYN.ETH-15NOV19,1573124342108,open,0.22,0.0,0.195,0.274,0.23286,88.35,None,0.0,ETH-15NOV19-230-P,186.62,0.0,0.0,0.0,0.0,0.0,0.0,0.03418,-0.19171,-0.04721,0.00512,-0.93659
187.07,SYN.ETH-15NOV19,1573124342108,open,0.17,0.0,0.143,0.22,0.180458,78.23,None,0.0,ETH-15NOV19-220-P,186.62,0.0,0.0,0.0,0.0,0.0,0.0,0.04388,-0.21794,-0.0441,0.00743,-0.91201
9193.09,SYN.BTC-8NOV19,1573124342132,open,0.3,0.0,0.28,0.332,0.30532782,128.71,None,0.0,BTC-8NOV19-12000-P,9190.27,0.0,0.288,1.0,0.3255,1.0,500.0,0.00027,-0.01744,-0.2879,0.0,-0.99999
9193.09,SYN.BTC-8NOV19,1573124342160,open,0.35,0.0,0.3345,0.36,0.34733609,0.0,None,0.0,BTC-8NOV19-6000-C,9190.27,0.0,0.338,3.0,0.356,3.0,500.0,0.0,0.0,0.14395,0.0,1.0
9260.82,SYN.BTC-29NOV19,1573124342171,open,0.01,581.6,0.0025,0.027,0.01227137,64.92,0.0125,0.0,BTC-29NOV19-11000-C,9190.27,63.6,0.0115,12.8,0.0135,12.8,66.97,5.46766,-8.11364,0.80802,0.00016,0.15785
9260.82,SYN.BTC-29NOV19,1573124342235,open,0.25,7.4,0.23,0.2675,0.24844902,74.66,0.25,0.0,BTC-29NOV19-7000-C,9190.27,0.0,0.231,6.0,0.2635,6.0,112.79,2.42443,-4.13709,3.88092,6e-05,0.94767
9351.13,BTC-27DEC19,1573124342243,open,0.79,0.0,0.7765,0.796,0.78612083,0.0,None,0.0,BTC-27DEC19-2000-C,9190.27,0.0,0.778,14.0,0.794,14.0,250.62,0.0,0.0,2.73291,0.0,1.0
187.48,SYN.ETH-22NOV19,1573124342248,open,0.0,0.125,0.183,0.15545,70.78,None,0.0,ETH-22NOV19-160-C,186.62,0.0,0.0,0.0,0.0,0.0,0.0,0.07521,-0.17892,0.05545,0.00742,0.88113
187.48,SYN.ETH-22NOV19,1573124342248,open,0.0,0.013,0.061,0.035141,66.83,None,0.0,ETH-22NOV19-180-P,186.62,58.62,0.029,428.0,0.036,428.0,67.97,0.14104,-0.31682,-0.02989,0.01473,-0.35599
187.48,SYN.ETH-22NOV19,1573124342248,open,0.0,0.001,0.023,0.008866,70.75,None,0.0,ETH-22NOV19-160-P,186.62,65.88,0.007,200.0,0.01,300.0,73.51,0.07516,-0.17873,-0.00975,0.00742,-0.11877
187.48,SYN.ETH-22NOV19,1573124342248,open,0.0,0.079,0.14,0.110925,67.06,None,0.0,ETH-22NOV19-170-C,186.62,60.2,0.107,40.0,0.115,40.0,73.82,0.11047,-0.249,0.05154,0.0115,0.78541
187.48,SYN.ETH-22NOV19,1573124342248,open,0.0,0.02,0.072,0.045728,64.4,None,0.0,ETH-22NOV19-190-C,186.62,59.76,0.042,377.0,0.05,377.0,69.7,0.15088,-0.32659,0.03356,0.01636,0.48495
187.48,SYN.ETH-22NOV19,1573124342248,open,0.0,0.177,0.23,0.204653,77.13,None,0.0,ETH-22NOV19-150-C,186.62,0.0,0.0,0.0,0.0,0.0,0.0,0.04827,-0.12514,0.05577,0.00437,0.93451
187.48,SYN.ETH-22NOV19,1573124342250,open,0.0,0.194,0.276,0.234336,76.88,None,0.0,ETH-22NOV19-230-P,186.62,0.0,0.0,0.0,0.0,0.0,0.0,0.07004,-0.181,-0.08609,0.00636,-0.89241
187.48,SYN.ETH-22NOV19,1573124342250,open,0.0,0.1,0.177,0.138233,70.39,None,0.0,ETH-22NOV19-210-P,186.62,0.0,0.0,0.0,0.0,0.0,0.0,0.11591,-0.27425,-0.06912,0.01149,-0.76645
187.48,SYN.ETH-22NOV19,1573124342250,open,0.0,0.245,0.328,0.285351,80.74,None,0.0,ETH-22NOV19-240-P,186.62,0.0,0.0,0.0,0.0,0.0,0.0,0.05403,-0.14662,-0.09242,0.00467,-0.92417
187.48,SYN.ETH-22NOV19,1573124342250,open,0.0,0.145,0.225,0.184844,73.26,None,0.0,ETH-22NOV19-220-P,186.62,0.0,0.0,0.0,0.0,0.0,0.0,0.09088,-0.22378,-0.07855,0.00866,-0.84319
9193.09,SYN.BTC-8NOV19,1573124342271,open,0.22,0.0,0.2,0.2485,0.22374506,103.02,None,0.0,BTC-8NOV19-11250-P,9190.27,0.0,0.2085,2.0,0.242,2.0,409.97,0.00066,-0.0341,-0.2699,0.0,-0.99997
9193.09,SYN.BTC-8NOV19,1573124342294,open,0.0,88.9,0.0005,0.0105,0.0,100.0,0.0025,0.0,BTC-8NOV19-6750-P,9190.27,0.0,0.0,0.0,0.0005,0.4,280.51,0.0,0.0,0.0,0.0,0.0
9351.13,BTC-27DEC19,1573124342304,open,3.25,0.0,3.194,3.365,3.27760176,111.47,2.58,0.0,BTC-27DEC19-40000-P,9190.27,0.0,0.001,1.0,0.0,0.0,0.0,0.0555,-0.06202,-54.65313,0.0,-0.99955
9528.08,BTC-27MAR20,1573124342314,open,2.34,0.0,2.2945,2.4475,2.36679543,96.12,None,0.0,BTC-27MAR20-32000-P,9190.27,0.0,0.001,1.0,0.0,0.0,0.0,5.28574,-1.80321,-122.27579,2e-05,-0.95821
9528.08,BTC-27MAR20,1573124342328,open,0.49,1.0,0.4695,0.506,0.48722921,74.12,0.551,0.0,BTC-27MAR20-5000-C,9190.27,48.57,0.4765,6.1,0.501,6.0,91.58,6.24922,-1.64389,16.96353,2e-05,0.94851
9351.13,BTC-27DEC19,1573124342328,open,0.71,19.0,0.679,0.76,0.71734055,82.74,1.2,0.0,BTC-27DEC19-16000-P,9190.27,0.0,0.6845,3.0,0.746,3.0,123.96,3.81482,-3.16416,-21.2483,4e-05,-0.94555
9351.13,BTC-27DEC19,1573124342328,open,0.02,669.6,0.0045,0.033,0.01584322,71.57,0.015,0.0,BTC-27DEC19-13000-C,9190.27,69.85,0.0145,36.0,0.017,23.0,73.01,7.42335,-5.32627,1.49529,9e-05,0.13286
9260.82,SYN.BTC-29NOV19,1573124342330,open,0.01,230.7,0.0005,0.0215,0.00859985,68.4,0.009,0.0,BTC-29NOV19-11500-C,9190.27,65.99,0.0075,20.0,0.0095,16.0,70.28,4.35287,-6.80562,0.58085,0.00012,0.11325
9260.82,SYN.BTC-29NOV19,1573124342330,open,0.01,723.1,0.0035,0.0295,0.01325762,63.23,0.0125,0.0,BTC-29NOV19-8000-P,9190.27,61.02,0.012,14.0,0.0135,0.1,63.64,5.36026,-7.74623,-0.92376,0.00016,-0.15318
9193.09,SYN.BTC-8NOV19,1573124342360,open,0.0,116.6,0.0005,0.0105,0.0,100.0,0.0005,0.0,BTC-8NOV19-12500-C,9190.27,0.0,0.0,0.0,0.0015,24.0,313.09,0.0,0.0,0.0,0.0,0.0
9193.09,SYN.BTC-8NOV19,1573124342360,open,0.0,284.4,0.0005,0.0105,0.0,100.0,0.0005,0.0,BTC-8NOV19-12750-C,9190.27,0.0,0.0,0.0,0.0015,24.0,329.55,0.0,0.0,0.0,0.0,0.0
9351.13,BTC-27DEC19,1573124342362,open,1.34,4.9,1.307,1.407,1.35451767,99.32,1.0385,0.0,BTC-27DEC19-22000-P,9190.27,0.0,1.3245,1.0,1.3875,1.0,167.26,1.37703,-1.37111,-29.88253,1e-05,-0.98409
9351.13,BTC-27DEC19,1573124342415,open,0.21,247.2,0.18,0.2545,0.21742447,66.94,0.226,0.0,BTC-27DEC19-11000-P,9190.27,34.53,0.183,5.0,0.2515,5.0,92.12,11.96726,-8.03137,-11.75876,0.00015,-0.70282
9193.09,SYN.BTC-8NOV19,1573124342421,open,0.0,531.5,0.0005,0.0105,0.00093711,96.88,0.001,0.0,BTC-8NOV19-8500-P,9190.27,86.14,0.0005,23.1,0.0015,9.5,107.14,0.44127,-8.61495,-0.01055,0.00022,-0.0469
9193.09,SYN.BTC-8NOV19,1573124342448,open,0.0,667.7,0.0005,0.0105,3.058e-05,100.0,0.0005,0.0,BTC-8NOV19-8000-P,9190.27,0.0,0.0,0.0,0.0005,0.1,139.8,0.02986,-0.28112,-0.00047,1e-05,-0.0021
9611.22,SYN.BTC-26JUN20,1573124342448,open,0.25,112.1,0.197,0.306,0.25263847,72.47,0.25,0.0,BTC-26JUN20-10000-P,9190.27,69.05,0.242,11.0,0.256,3.0,73.56,29.82928,-4.66168,-40.6342,7e-05,-0.41287
9260.82,SYN.BTC-29NOV19,1573124342458,open,0.4,0.0,0.377,0.441,0.40736364,78.76,None,0.0,BTC-29NOV19-13000-P,9190.27,0.0,0.381,3.0,0.429,3.0,126.52,2.27077,-4.08778,-7.5438,6e-05,-0.9518
192.1,ETH-27MAR20,1573124342549,open,0.42,40.0,0.381,0.444,0.41433,82.85,0.459,0.0,ETH-27MAR20-120-C,186.62,58.01,0.388,23.0,0.433,23.0,97.01,0.23971,-0.07049,0.34474,0.00203,0.8793
9351.16,BTC-27DEC19,1573124342593,open,0.0,647.3,0.0005,0.0105,0.00027066,100.0,0.0015,0.0,BTC-27DEC19-28000-C,9190.27,113.53,0.001,26.0,0.0015,11.0,118.75,0.2877,-0.28841,0.03106,0.0,0.0027
9260.82,SYN.BTC-29NOV19,1573124342595,open,0.0,982.9,0.0005,0.014,0.00432416,74.67,0.0035,0.0,BTC-29NOV19-7000-P,9190.27,71.35,0.0035,19.0,0.005,16.1,77.15,2.42526,-4.13911,-0.31455,6e-05,-0.05235
9193.09,SYN.BTC-8NOV19,1573124342595,open,0.03,68.8,0.0135,0.059,0.03596523,65.36,0.0255,0.0,BTC-8NOV19-9500-P,9190.27,44.12,0.034,4.0,0.036,0.1,65.66,1.07894,-35.26038,-0.19401,0.00081,-0.84369
9193.09,SYN.BTC-8NOV19,1573124342595,open,0.08,32.5,0.0665,0.1125,0.08831402,91.3,0.071,0.0,BTC-8NOV19-10000-P,9190.27,0.0,0.0865,4.0,0.089,0.1,106.51,0.31913,-14.56806,-0.23309,0.00017,-0.96849
9611.22,SYN.BTC-26JUN20,1573124342595,open,0.12,113.6,0.0715,0.1665,0.1191684,76.97,0.1255,0.0,BTC-26JUN20-14000-C,9190.27,75.09,0.1135,16.1,0.127,13.1,79.54,29.15973,-4.83948,15.90437,6e-05,0.37965
9351.16,BTC-27DEC19,1573124342670,open,0.01,779.2,0.001,0.0255,0.01099936,75.13,0.0105,0.0,BTC-27DEC19-14000-C,9190.27,73.49,0.01,270.0,0.012,23.0,76.71,5.81511,-4.37999,1.06565,6e-05,0.0944
9351.16,BTC-27DEC19,1573124342676,open,0.13,523.9,0.1025,0.173,0.1382309,65.54,0.135,0.0,BTC-27DEC19-10000-P,9190.27,62.63,0.134,25.3,0.1405,9.6,67.09,13.62398,-8.95104,-8.94619,0.00017,-0.5619
9215.67,SYN.BTC-15NOV19,1573124342691,open,0.0,21.8,0.0005,0.011,0.00102123,83.29,0.0015,0.0,BTC-15NOV19-7250-P,9190.27,0.0,0.0,0.0,0.002,21.0,93.65,0.69925,-3.69755,-0.04496,5e-05,-0.02159
9215.67,SYN.BTC-15NOV19,1573124342691,open,0.0,161.4,0.0005,0.013,0.00325853,67.85,0.003,0.0,BTC-15NOV19-8000-P,9190.27,63.79,0.0025,1.1,0.004,32.0,71.39,1.83506,-7.90409,-0.14742,0.00015,-0.07088
9215.67,SYN.BTC-15NOV19,1573124342698,open,0.09,29.1,0.063,0.108,0.08565982,59.38,0.1005,0.0,BTC-15NOV19-8500-C,9190.27,53.17,0.0835,4.0,0.0885,4.0,66.78,3.37231,-12.71224,1.48825,0.00031,0.83409
9215.67,SYN.BTC-15NOV19,1573124342698,open,0.05,17.7,0.024,0.0705,0.04511335,55.38,0.055,0.0,BTC-15NOV19-9000-C,9190.27,51.56,0.043,12.0,0.048,12.0,60.56,5.1113,-17.97007,1.16299,0.0005,0.62997
9215.67,SYN.BTC-15NOV19,1573124342698,open,0.0,19.8,0.0005,0.011,0.00146762,77.87,0.002,0.0,BTC-15NOV19-7500-P,9190.27,65.49,0.0005,34.0,0.0025,33.0,86.29,0.96088,-4.75025,-0.0657,7e-05,-0.03157
9215.67,SYN.BTC-15NOV19,1573124342698,open,0.03,33.7,0.0125,0.055,0.03063868,55.32,0.0295,0.0,BTC-15NOV19-9250-C,9190.27,51.67,0.0285,27.0,0.033,2.4,59.35,5.40044,-18.96527,0.92925,0.00053,0.49795
9215.67,SYN.BTC-15NOV19,1573124342700,open,0.0,168.3,0.0005,0.0145,0.00407318,65.22,0.004,0.0,BTC-15NOV19-10500-C,9190.27,62.82,0.0035,20.5,0.005,11.0,68.79,2.27801,-9.43251,0.17969,0.00019,0.09444
9215.67,SYN.BTC-15NOV19,1573124342700,open,0.0,68.9,0.0005,0.0155,0.00475766,62.29,0.0045,0.0,BTC-15NOV19-8250-P,9190.27,59.34,0.004,1.8,0.0055,4.0,64.99,2.45564,-9.71132,-0.21756,0.00022,-0.10465
9215.67,SYN.BTC-15NOV19,1573124342700,open,0.0,78.9,0.0005,0.012,0.00206425,72.04,0.0012,0.0,BTC-15NOV19-7750-P,9190.27,62.91,0.001,35.0,0.003,32.0,78.03,1.29535,-5.92423,-0.09465,0.0001,-0.04553
9215.67,SYN.BTC-15NOV19,1573124342700,open,0.07,26.0,0.041,0.088,0.063213,55.62,0.0955,0.0,BTC-15NOV19-8750-C,9190.27,51.9,0.0615,4.0,0.067,4.0,63.54,4.29891,-15.18058,1.36629,0.00042,0.75031
9215.67,SYN.BTC-15NOV19,1573124342700,open,0.05,14.2,0.028,0.0785,0.05061115,55.32,0.041,0.0,BTC-15NOV19-9500-P,9190.27,50.58,0.048,0.4,0.0525,2.0,58.72,5.10877,-17.94379,-1.35445,0.0005,-0.63054
9215.67,SYN.BTC-15NOV19,1573124342700,open,0.02,73.3,0.006,0.042,0.01975694,55.32,0.0215,0.0,BTC-15NOV19-9500-C,9190.27,52.14,0.018,31.1,0.02,0.3,55.76,5.10874,-17.94287,0.69537,0.0005,0.36946
9215.67,SYN.BTC-15NOV19,1573124342700,open,0.03,51.6,0.015,0.0605,0.03436514,55.32,0.0345,0.0,BTC-15NOV19-9250-P,9190.27,50.43,0.0315,12.0,0.0355,5.0,57.25,5.40044,-18.96609,-1.06665,0.00053,-0.50205
9215.67,SYN.BTC-15NOV19,1573124342700,open,0.01,156.1,0.0005,0.0175,0.00568132,61.79,0.005,0.0,BTC-15NOV19-10250-C,9190.27,59.54,0.005,20.0,0.007,11.0,65.85,2.86284,-11.22966,0.24709,0.00025,0.12994
9215.67,SYN.BTC-15NOV19,1573124342700,open,0.07,6.0,0.046,0.0985,0.07043163,56.13,0.059,0.0,BTC-15NOV19-9750-P,9190.27,50.91,0.068,4.0,0.0735,4.0,62.42,4.3937,-15.65661,-1.61091,0.00043,-0.73969
9215.67,SYN.BTC-15NOV19,1573124342700,open,0.09,2.0,0.068,0.1205,0.09328943,58.5,0.099,0.0,BTC-15NOV19-10000-P,9190.27,50.81,0.0905,4.0,0.096,4.0,65.16,3.57728,-13.28491,-1.81201,0.00033,-0.81796
9351.16,BTC-27DEC19,1573124342703,open,0.07,741.1,0.0405,0.097,0.06883571,65.53,0.0715,0.0,BTC-27DEC19-10000-C,9190.27,64.96,0.068,20.0,0.0705,9.6,66.67,13.6239,-8.95012,4.71831,0.00017,0.43809
9351.16,BTC-27DEC19,1573124342703,open,0.07,820.3,0.046,0.105,0.07529806,64.34,0.074,0.0,BTC-27DEC19-9000-P,9190.27,62.72,0.073,15.7,0.0775,6.0,65.89,13.26072,-8.55296,-5.94294,0.00017,-0.3898
9215.67,SYN.BTC-15NOV19,1573124342703,open,0.0,106.9,0.0005,0.0125,0.00293668,68.34,0.003,0.0,BTC-15NOV19-10750-C,9190.27,66.01,0.0025,20.0,0.004,10.0,73.37,1.79618,-7.79347,0.13123,0.00014,0.06893
9215.67,SYN.BTC-15NOV19,1573124342703,open,0.0,64.1,0.0005,0.0115,0.00193678,69.92,0.0035,0.0,BTC-15NOV19-11000-C,9190.27,66.68,0.0015,20.1,0.0025,0.1,73.53,1.33496,-5.92589,0.09015,0.0001,0.04727
9351.16,BTC-27DEC19,1573124342734,open,0.0,599.8,0.0005,0.0105,0.00051737,100.0,0.002,0.0,BTC-27DEC19-26000-C,9190.27,107.06,0.001,28.0,0.002,16.0,116.01,0.49253,-0.49375,0.05623,0.0,0.00492
9528.08,BTC-27MAR20,1573124342759,open,0.2,153.6,0.1575,0.253,0.20615083,71.59,0.202,0.0,BTC-27MAR20-10000-P,9190.27,69.5,0.201,7.9,0.2085,5.0,72.54,23.46283,-5.96166,-24.30414,9e-05,-0.45474
9528.08,BTC-27MAR20,1573124342759,open,0.14,47.9,0.1015,0.187,0.14477809,71.59,0.138,0.0,BTC-27MAR20-9000-P,9190.27,68.69,0.138,10.0,0.145,5.0,71.69,22.2074,-5.64282,-18.67155,9e-05,-0.36295
9351.16,BTC-27DEC19,1573124342759,open,0.0,704.9,0.0005,0.0115,0.00174951,96.0,0.0025,0.0,BTC-27DEC19-4500-P,9190.27,88.61,0.001,10.0,0.0025,36.0,101.54,1.1256,-1.08324,-0.18325,1e-05,-0.01259
187.48,SYN.ETH-22NOV19,1573124343015,open,0.0,0.231,0.279,0.255594,82.78,None,0.0,ETH-22NOV19-140-C,186.62,0.0,0.0,0.0,0.0,0.0,0.0,0.02825,-0.0786,0.05431,0.00238,0.96645
9215.67,SYN.BTC-15NOV19,1573124343020,open,0.21,0.0,0.197,0.251,0.22259454,76.22,None,0.0,BTC-15NOV19-11250-P,9190.27,0.0,0.2035,2.0,0.24,2.0,138.2,1.21875,-5.89766,-2.34716,9e-05,-0.95778
9215.67,SYN.BTC-15NOV19,1573124343020,open,0.0,30.1,0.0005,0.0115,0.00184614,76.21,0.002,0.0,BTC-15NOV19-11250-C,9190.27,68.62,0.001,20.0,0.003,42.0,83.75,1.21811,-5.8936,0.08023,9e-05,0.04219
9260.82,SYN.BTC-29NOV19,1573124343075,open,0.02,277.7,0.0065,0.0395,0.0190897,62.83,0.0205,0.0,BTC-29NOV19-10500-C,9190.27,61.35,0.018,0.3,0.0205,16.8,64.71,6.88066,-9.88098,1.16944,0.00021,0.22979
9193.09,SYN.BTC-8NOV19,1573124343075,open,0.03,136.6,0.004,0.046,0.02549866,63.28,0.0245,0.0,BTC-8NOV19-9000-C,9190.27,56.56,0.0245,0.1,0.0275,4.1,75.86,1.40565,-44.47252,0.16159,0.0011,0.75816
9528.07,BTC-27MAR20,1573124343078,open,1.72,0.0,1.679,1.8135,1.74222587,90.63,None,0.0,BTC-27MAR20-26000-P,9190.27,0.0,1.698,1.0,1.7805,1.0,122.16,7.65024,-2.46077,-98.39428,2e-05,-0.93338
9351.16,BTC-27DEC19,1573124343091,open,0.01,520.9,0.0005,0.0205,0.00903407,72.69,0.0075,0.0,BTC-27DEC19-6500-P,9190.27,70.51,0.008,41.0,0.01,42.1,74.62,4.55862,-3.32183,-0.98928,5e-05,-0.06839
9193.09,SYN.BTC-8NOV19,1573124343091,open,0.16,42.1,0.14,0.1735,0.15697856,99.71,0.18,0.0,BTC-8NOV19-7750-C,9190.27,0.0,0.143,2.0,0.1695,2.0,343.9,0.00365,-0.18204,0.18589,0.0,0.99978
9193.09,SYN.BTC-8NOV19,1573124343091,open,0.0,835.6,0.0005,0.02,0.00449453,63.28,0.0055,0.0,BTC-8NOV19-9000-P,9190.27,60.0,0.004,0.1,0.005,0.4,66.55,1.40566,-41.31866,-0.05433,0.0011,-0.24184
9260.82,SYN.BTC-29NOV19,1573124343091,open,0.36,22.5,0.3395,0.369,0.35362976,89.06,0.2095,0.0,BTC-29NOV19-6000-C,9190.27,0.0,0.3455,6.0,0.364,6.0,135.69,0.99768,-2.03082,3.48836,2e-05,0.98213
9528.07,BTC-27MAR20,1573124343123,open,0.01,47.5,0.0015,0.029,0.0113615,92.69,0.0115,0.0,BTC-27MAR20-28000-C,9190.27,90.69,0.01,20.0,0.013,12.0,94.91,6.73401,-2.21528,1.66304,2e-05,0.05658
9193.09,SYN.BTC-8NOV19,1573124343123,open,0.0,369.8,0.0005,0.0105,2.78e-06,100.0,0.0005,0.0,BTC-8NOV19-7750-P,9190.27,0.0,0.0,0.0,0.0005,0.1,166.88,0.00378,-0.02553,-5e-05,0.0,-0.00022
9611.22,SYN.BTC-26JUN20,1573124343123,open,0.31,12.2,0.2565,0.3435,0.30215112,72.47,0.315,0.0,BTC-26JUN20-8000-C,9190.27,70.53,0.297,10.8,0.3105,3.0,75.63,25.42734,-3.97377,25.99527,6e-05,0.7279
9528.07,BTC-27MAR20,1573124343125,open,2.14,0.0,2.0895,2.2365,2.1585079,94.88,None,0.0,BTC-27MAR20-30000-P,9190.27,0.0,0.0,0.0,0.0,0.0,0.0,6.0433,-2.03515,-114.33744,2e-05,-0.95063
9260.82,SYN.BTC-29NOV19,1573124343125,open,0.0,430.2,0.0005,0.0105,0.00033916,100.0,0.0005,0.0,BTC-29NOV19-5000-P,9190.27,104.65,0.0005,50.0,0.001,10.0,114.47,0.27727,-0.63374,-0.02489,1e-05,-0.00414
9611.22,SYN.BTC-26JUN20,1573124343125,open,0.26,38.9,0.204,0.2975,0.2532388,72.47,0.2635,0.0,BTC-26JUN20-9000-C,9190.27,75.13,0.261,0.1,0.2625,3.0,75.64,28.18238,-4.40432,24.61426,7e-05,0.65637
9611.22,SYN.BTC-26JUN20,1573124343127,open,2.13,0.0,2.0705,2.24,2.15055427,90.15,None,0.0,BTC-26JUN20-30000-P,9190.27,0.0,0.0,0.0,0.0,0.0,0.0,14.4324,-2.80546,-185.63137,3e-05,-0.8897
187.48,SYN.ETH-22NOV19,1573124343128,open,0.0,0.001,0.021,0.007549,76.93,None,0.0,ETH-22NOV19-230-C,186.62,72.57,0.006,200.0,0.009,300.0,80.65,0.07013,-0.18134,0.00766,0.00636,0.10777
9528.07,BTC-27MAR20,1573124343130,open,0.32,10.5,0.286,0.351,0.31967476,71.6,0.281,0.0,BTC-27MAR20-7000-C,9190.27,57.22,0.2975,12.0,0.331,12.0,78.42,15.52945,-3.94637,18.40132,6e-05,0.82006
9351.16,BTC-27DEC19,1573124343134,open,0.27,63.6,0.243,0.2885,0.26575334,69.43,0.275,0.0,BTC-27DEC19-7000-C,9190.27,50.17,0.2555,8.0,0.2855,8.0,94.36,6.26094,-4.35769,8.04773,8e-05,0.89557
9260.82,SYN.BTC-29NOV19,1573124343134,open,0.19,13.1,0.17,0.2315,0.20007367,64.93,0.233,0.0,BTC-29NOV19-11000-P,9190.27,0.0,0.1715,4.0,0.2245,4.0,98.7,5.46816,-8.11502,-5.78455,0.00016,-0.84213
9260.82,SYN.BTC-29NOV19,1573124343134,open,0.46,0.3,0.4495,0.472,0.46042912,99.96,0.4955,0.0,BTC-29NOV19-5000-C,9190.27,0.0,0.451,7.0,0.469,7.0,168.69,0.27652,-0.63176,2.97186,1e-05,0.99587
9193.09,SYN.BTC-8NOV19,1573124343136,open,0.0,607.4,0.0005,0.0105,0.00023747,100.0,0.0005,0.0,BTC-8NOV19-10250-C,9190.27,0.0,0.0,0.0,0.001,25.0,125.55,0.16069,-2.18308,0.00304,8e-05,0.014
9611.22,SYN.BTC-26JUN20,1573124343136,open,0.05,15.3,0.0205,0.089,0.05107599,84.18,0.052,0.0,BTC-26JUN20-22000-C,9190.27,83.19,0.049,0.3,0.0525,14.9,84.85,20.40623,-3.70412,8.13978,4e-05,0.18439
9611.22,SYN.BTC-26JUN20,1573124343142,open,0.75,0.0,0.6885,0.826,0.75676933,78.56,None,0.0,BTC-26JUN20-16000-P,9190.27,51.72,0.692,1.0,0.7995,1.0,93.16,26.95894,-4.56703,-88.44364,6e-05,-0.69175
9611.22,SYN.BTC-26JUN20,1573124343142,open,1.13,0.0,1.0705,1.2155,1.14043795,81.85,None,0.0,BTC-26JUN20-20000-P,9190.27,0.0,1.07,1.0,1.182,1.0,98.18,22.24353,-3.92586,-117.70349,5e-05,-0.7873
9351.16,BTC-27DEC19,1573124343145,open,0.0,946.3,0.0005,0.0105,0.00014345,100.0,0.001,0.0,BTC-27DEC19-30000-C,9190.27,111.46,0.0005,11.4,0.001,10.0,119.48,0.16822,-0.16864,0.01728,0.0,0.0015
9528.07,BTC-27MAR20,1573124343151,open,1.93,0.0,1.884,2.0245,1.95004075,92.68,None,0.0,BTC-27MAR20-28000-P,9190.27,0.0,0.0005,5.0,0.0,0.0,0.0,6.73185,-2.21436,-106.40661,2e-05,-0.94344
9215.68,SYN.BTC-15NOV19,1573124343151,open,0.24,0.0,0.2235,0.278,0.24947385,80.81,None,0.0,BTC-15NOV19-11500-P,9190.27,0.0,0.23,2.0,0.2675,2.0,148.44,1.05687,-5.42193,-2.41409,7e-05,-0.96456
9215.68,SYN.BTC-15NOV19,1573124343151,open,0.0,87.7,0.0005,0.0115,0.00159835,80.79,0.002,0.0,BTC-15NOV19-11500-C,9190.27,74.81,0.001,20.0,0.0025,0.3,87.64,1.0562,-5.41749,0.06725,7e-05,0.03542
9193.09,SYN.BTC-8NOV19,1573124343196,open,0.27,0.5,0.251,0.28,0.26575314,0.0,0.2365,0.0,BTC-8NOV19-6750-C,9190.27,0.0,0.2555,3.0,0.276,3.0,499.1,0.0,0.0,0.16194,0.0,1.0
9193.09,SYN.BTC-8NOV19,1573124343217,open,0.0,234.1,0.0005,0.0105,1.62e-06,100.0,0.0005,0.0,BTC-8NOV19-11000-C,9190.27,0.0,0.0,0.0,0.0015,24.0,202.21,0.00239,-0.01485,3e-05,0.0,0.00014
187.07,SYN.ETH-15NOV19,1573124343248,open,0.01,278.0,0.001,0.016,0.004467,78.28,0.009,0.0,ETH-15NOV19-220-C,186.62,71.41,0.003,201.0,0.006,348.0,84.35,0.04393,-0.21829,0.00338,0.00743,0.08811
9238.26,SYN.BTC-22NOV19,1573124343248,open,0.0,0.009,0.047,0.02650074,61.79,None,0.0,BTC-22NOV19-8750-P,9190.27,55.4,0.022,16.0,0.025,16.0,59.67,6.5737,-13.65263,-1.26454,0.00031,-0.30936
9238.26,SYN.BTC-22NOV19,1573124343248,open,0.0,0.146,0.1875,0.16678877,67.14,None,0.0,BTC-22NOV19-7750-C,9190.27,0.0,0.0,0.0,0.0,0.0,0.0,2.93591,-6.62554,2.81209,0.00013,0.91368
9238.26,SYN.BTC-22NOV19,1573124343248,open,0.0,0.005,0.036,0.01803344,61.79,None,0.0,BTC-22NOV19-8500-P,9190.27,56.78,0.015,16.0,0.0175,16.0,60.93,5.6999,-11.83847,-0.94399,0.00027,-0.23269
9238.26,SYN.BTC-22NOV19,1573124343248,open,0.0,0.0005,0.013,0.00310515,74.99,None,0.0,BTC-22NOV19-7250-P,9190.27,71.75,0.0025,15.0,0.0035,20.0,76.93,1.82517,-4.60072,-0.18799,7e-05,-0.04683
9238.26,SYN.BTC-22NOV19,1573124343248,open,0.0,0.016,0.0605,0.0372243,61.73,None,0.0,BTC-22NOV19-9000-P,9190.27,54.34,0.0315,16.0,0.0355,16.0,59.51,7.17019,-14.87821,-1.61917,0.00033,-0.39282
9238.26,SYN.BTC-22NOV19,1573124343248,open,0.0,0.0725,0.1215,0.09794401,61.79,None,0.0,BTC-22NOV19-8500-C,9190.27,56.08,0.0945,4.0,0.099,4.0,63.49,5.69974,-11.8374,2.52027,0.00027,0.76732
9238.26,SYN.BTC-22NOV19,1573124343248,open,0.0,0.0535,0.1035,0.07934986,61.79,None,0.0,BTC-22NOV19-8750-C,9190.27,54.89,0.0745,12.0,0.0795,12.0,62.0,6.57363,-13.65172,2.30159,0.00031,0.69065
9238.26,SYN.BTC-22NOV19,1573124343248,open,0.0,0.173,0.212,0.19225101,70.61,None,0.0,BTC-22NOV19-7500-C,9190.27,0.0,0.0,0.0,0.0,0.0,0.0,2.29567,-5.44856,2.80566,9e-05,0.93743
9238.26,SYN.BTC-22NOV19,1573124343248,open,0.0,0.0005,0.0205,0.00817636,64.4,None,0.0,BTC-22NOV19-8000-P,9190.27,61.41,0.007,20.0,0.0085,20.0,65.19,3.74399,-8.10391,-0.48487,0.00017,-0.1206
9238.26,SYN.BTC-22NOV19,1573124343248,open,0.0,0.0005,0.016,0.00569383,67.15,None,0.0,BTC-22NOV19-7750-P,9190.27,63.19,0.0045,20.0,0.0065,20.0,69.61,2.93641,-6.62733,-0.34653,0.00013,-0.08634
9238.26,SYN.BTC-22NOV19,1573124343248,open,0.0,0.0005,0.014,0.00409462,70.62,None,0.0,BTC-22NOV19-7500-P,9190.27,65.87,0.003,35.0,0.005,20.0,74.08,2.29625,-5.4506,-0.25107,9e-05,-0.06259
9238.26,SYN.BTC-22NOV19,1573124343248,open,0.0,0.2,0.2375,0.21832299,74.98,None,0.0,BTC-22NOV19-7250-C,9190.27,0.0,0.0,0.0,0.0,0.0,0.0,1.82453,-4.5985,2.76685,7e-05,0.9532
9238.26,SYN.BTC-22NOV19,1573124343248,open,0.0,0.002,0.027,0.01198582,62.41,None,0.0,BTC-22NOV19-8250-P,9190.27,58.39,0.01,16.0,0.0125,16.0,63.41,4.6886,-9.8349,-0.67868,0.00022,-0.16827
9238.26,SYN.BTC-22NOV19,1573124343252,open,0.0,0.006,0.0395,0.02070104,61.87,None,0.0,BTC-22NOV19-10000-C,9190.27,57.12,0.0175,16.0,0.0205,16.0,61.58,6.31804,-13.13968,0.99026,0.00029,0.28371
9238.26,SYN.BTC-22NOV19,1573124343252,open,1.5,0.016,0.06,0.03748196,61.73,0.039,0.0,BTC-22NOV19-9500-C,9190.27,55.45,0.0325,12.0,0.035,0.1,58.61,7.34349,-15.23703,1.49933,0.00034,0.4357
9238.26,SYN.BTC-22NOV19,1573124343252,open,13.0,0.0005,0.0185,0.00660283,66.36,0.0055,0.0,BTC-22NOV19-11000-C,9190.27,63.29,0.0055,20.0,0.0075,20.0,68.68,3.46628,-7.7309,0.38264,0.00015,0.10823
9238.26,SYN.BTC-22NOV19,1573124343252,open,0.0,0.1695,0.227,0.19730679,66.36,None,0.0,BTC-22NOV19-11000-P,9190.27,0.0,0.0,0.0,0.0,0.0,0.0,3.467,-7.73346,-4.10034,0.00015,-0.89174
9238.26,SYN.BTC-22NOV19,1573124343252,open,0.0,0.144,0.202,0.17233721,65.01,None,0.0,BTC-22NOV19-10750-P,9190.27,0.0,0.0,0.0,0.0,0.0,0.0,4.11193,-8.98559,-3.89412,0.00018,-0.86194
9238.26,SYN.BTC-22NOV19,1573124343252,open,0.0,0.1955,0.253,0.22317372,68.88,None,0.0,BTC-22NOV19-11250-P,9190.27,0.0,0.0,0.0,0.0,0.0,0.0,3.00191,-6.94972,-4.2705,0.00013,-0.91107
9238.26,SYN.BTC-22NOV19,1573124343253,open,0.0,0.1195,0.1775,0.14811163,63.75,None,0.0,BTC-22NOV19-10500-P,9190.27,0.0,0.0,0.0,0.0,0.0,0.0,4.82673,-10.34327,-3.65969,0.00022,-0.8239
9238.26,SYN.BTC-22NOV19,1573124343252,open,0.0,0.096,0.1535,0.1247249,62.34,None,0.0,BTC-22NOV19-10250-P,9190.27,0.0,0.0,0.0,0.0,0.0,0.0,5.56216,-11.65537,-3.39585,0.00026,-0.77721
9238.26,SYN.BTC-22NOV19,1573124343253,open,3.6,0.0035,0.032,0.01520529,62.34,0.015,0.0,BTC-22NOV19-10250-C,9190.27,58.6,0.013,16.0,0.0155,16.0,62.83,5.56187,-11.65388,0.78151,0.00026,0.22277
9238.26,SYN.BTC-22NOV19,1573124343253,open,1.1,0.002,0.0265,0.01153058,63.75,0.0115,0.0,BTC-22NOV19-10500-C,9190.27,61.74,0.0105,0.3,0.012,16.0,64.64,4.82631,-10.34147,0.61954,0.00022,0.17608
9528.07,BTC-27MAR20,1573124343268,open,0.52,58.9,0.479,0.59,0.53407666,75.44,0.6005,0.0,BTC-27MAR20-14000-P,9190.27,50.23,0.489,2.0,0.5745,2.0,93.71,19.8813,-5.32352,-46.16571,8e-05,-0.72129
9260.84,SYN.BTC-29NOV19,1573124343291,open,0.5,0.0,0.4825,0.549,0.51416039,86.01,None,0.0,BTC-29NOV19-14000-P,9190.27,0.0,0.487,2.0,0.538,2.0,145.32,1.6118,-3.16868,-8.22853,4e-05,-0.96837
9260.84,SYN.BTC-29NOV19,1573124343291,open,0.15,352.9,0.1265,0.1735,0.14940117,63.22,0.152,0.0,BTC-29NOV19-8000-C,9190.27,0.0,0.125,6.0,0.172,6.0,96.65,5.35978,-7.74481,3.87104,0.00016,0.84684
9215.68,SYN.BTC-15NOV19,1573124343357,open,0.0,8.1,0.0005,0.0105,0.00058005,96.11,0.001,0.0,BTC-15NOV19-6750-P,9190.27,0.0,0.0,0.0,0.0015,35.0,110.99,0.405,-2.47111,-0.02386,2e-05,-0.01142
9215.68,SYN.BTC-15NOV19,1573124343357,open,0.38,0.0,0.3635,0.3885,0.37608282,99.68,None,0.0,BTC-15NOV19-5750-C,9190.27,0.0,0.369,5.0,0.3855,5.0,228.06,0.02371,-0.15007,1.23967,0.0,0.99951
9215.68,SYN.BTC-15NOV19,1573124343357,open,0.0,0.1,0.0005,0.0105,0.00015366,100.0,0.002,0.0,BTC-15NOV19-6250-P,9190.27,0.0,0.0,0.0,0.0015,28.0,134.37,0.1347,-0.8552,-0.00685,1e-05,-0.00329
9215.68,SYN.BTC-15NOV19,1573124343357,open,0.27,0.0,0.253,0.2845,0.26813139,96.08,None,0.0,BTC-15NOV19-6750-C,9190.27,0.0,0.258,4.0,0.2795,4.0,174.81,0.40454,-2.46769,1.43264,2e-05,0.9886
9215.68,SYN.BTC-15NOV19,1573124343357,open,0.0,4.8,0.0005,0.0105,0.00035925,100.0,0.001,0.0,BTC-15NOV19-6500-P,9190.27,0.0,0.0,0.0,0.001,20.3,114.95,0.26851,-1.70471,-0.01492,1e-05,-0.00714
9215.68,SYN.BTC-15NOV19,1573124343357,open,0.0,0.1,0.0005,0.0105,5.947e-05,100.0,0.0015,0.0,BTC-15NOV19-6000-P,9190.27,0.0,0.0,0.0,0.0015,28.0,146.65,0.06091,-0.3867,-0.00285,0.0,-0.00137
9215.68,SYN.BTC-15NOV19,1573124343357,open,0.25,0.0,0.225,0.258,0.24119223,89.69,None,0.0,BTC-15NOV19-7000-C,9190.27,0.0,0.2275,4.0,0.253,4.0,161.62,0.53163,-3.02702,1.47776,3e-05,0.98435
9215.68,SYN.BTC-15NOV19,1573124343357,open,0.33,0.0,0.308,0.336,0.32196045,99.94,None,0.0,BTC-15NOV19-6250-C,9190.27,0.0,0.313,4.0,0.332,5.0,198.77,0.13411,-0.85089,1.34176,1e-05,0.99672
9215.68,SYN.BTC-15NOV19,1573124343357,open,0.3,0.0,0.2805,0.31,0.29503832,99.97,None,0.0,BTC-15NOV19-6500-C,9190.27,0.0,0.285,4.0,0.3055,4.0,185.72,0.26801,-1.70098,1.38764,1e-05,0.99287
9215.68,SYN.BTC-15NOV19,1573124343357,open,0.35,0.0,0.336,0.362,0.34899399,99.87,None,0.0,BTC-15NOV19-6000-C,9190.27,0.0,0.339,5.0,0.358,5.0,209.08,0.06021,-0.38175,1.29182,0.0,0.99864
9215.68,SYN.BTC-15NOV19,1573124343357,open,0.0,24.0,0.0005,0.0105,0.00076862,89.7,0.001,0.0,BTC-15NOV19-7000-P,9190.27,84.38,0.0005,8.8,0.001,0.3,93.38,0.5321,-3.03026,-0.03268,3e-05,-0.01566
9215.68,SYN.BTC-15NOV19,1573124343357,open,0.0,0.1,0.0005,0.0105,2.057e-05,100.0,0.001,0.0,BTC-15NOV19-5750-P,9190.27,0.0,0.0,0.0,0.0015,28.0,159.37,0.02452,-0.1557,-0.00106,0.0,-0.00051
189.5,ETH-27DEC19,1573124343363,open,0.02,1535.0,0.005,0.037,0.018497,83.81,0.022,0.0,ETH-27DEC19-280-C,186.58,83.18,0.018,1.0,0.02,460.0,85.65,0.15172,-0.12747,0.03004,0.00369,0.13452
192.1,ETH-27MAR20,1573124343363,open,0.04,1180.0,0.018,0.063,0.039005,82.85,0.065,0.0,ETH-27MAR20-120-P,186.58,77.92,0.033,616.0,0.041,296.0,84.44,0.23971,-0.07049,-0.11841,0.00203,-0.1207
189.5,ETH-27DEC19,1573124343363,open,0.0,6174.0,0.001,0.011,5.5e-05,105.0,0.001,0.0,ETH-27DEC19-720-C,186.58,0.0,0.0,0.0,0.002,349.0,144.24,0.00144,-0.00152,0.00014,3e-05,0.00059
189.46,ETH-27DEC19,1573124343363,open,0.0,12762.0,0.001,0.011,9.5e-05,105.02,0.001,0.0,ETH-27DEC19-680-C,186.58,0.0,0.0,0.0,0.002,49.0,139.2,0.0023,-0.00242,0.00023,4e-05,0.00097
192.06,ETH-27MAR20,1573124343363,open,0.02,886.0,0.004,0.036,0.016394,98.53,0.028,0.0,ETH-27MAR20-560-C,186.58,95.68,0.014,564.0,0.018,220.0,100.32,0.16829,-0.05885,0.04318,0.0012,0.07464
189.46,ETH-27DEC19,1573124343363,open,0.08,4751.0,0.046,0.113,0.079334,71.41,0.077,0.0,ETH-27DEC19-180-P,186.58,69.03,0.076,258.0,0.082,340.0,73.32,0.26494,-0.18968,-0.1169,0.00756,-0.3722
189.46,ETH-27DEC19,1573124343363,open,0.0,11035.0,0.001,0.013,0.003097,105.02,0.004,0.0,ETH-27DEC19-440-C,186.58,104.55,0.003,380.0,0.006,507.0,116.06,0.03964,-0.04173,0.00543,0.00077,0.02406
192.06,ETH-27MAR20,1573124343363,open,0.02,2444.0,0.005,0.041,0.019481,96.83,0.021,0.0,ETH-27MAR20-520-C,186.58,95.3,0.018,50.0,0.02,220.0,97.35,0.19009,-0.06533,0.05058,0.00138,0.08772
189.46,ETH-27DEC19,1573124343363,open,2.13,0.0,2.075,2.265,2.166516,0.0,0.953,0.0,ETH-27DEC19-600-P,186.58,0.0,0.0,0.0,0.0,0.0,0.0,0.0,0.0,-0.81987,0.0,-1.0
189.46,ETH-27DEC19,1573124343363,open,0.01,5914.0,0.001,0.019,0.008342,85.67,0.007,0.0,ETH-27DEC19-120-P,186.58,82.25,0.007,520.0,0.01,660.0,89.54,0.07763,-0.06667,-0.01633,0.00185,-0.05475
189.46,ETH-27DEC19,1573124343363,open,0.0,17258.0,0.001,0.011,0.000289,105.02,0.002,0.0,ETH-27DEC19-600-C,186.58,118.36,0.001,6000.0,0.003,349.0,134.55,0.00594,-0.00625,0.00064,0.00012,0.00276
192.06,ETH-27MAR20,1573124343363,open,0.06,352.0,0.037,0.099,0.067166,80.5,0.059,0.0,ETH-27MAR20-140-P,186.58,72.51,0.054,284.0,0.066,1.0,79.8,0.32255,-0.09216,-0.18976,0.00281,-0.18882
192.06,ETH-27MAR20,1573124343363,open,0.71,6.0,0.653,0.8,0.726581,85.65,0.725,0.0,ETH-27MAR20-320-P,186.58,49.41,0.674,1.0,0.756,1.0,99.87,0.37431,-0.11379,-1.09897,0.00307,-0.75596
192.06,ETH-27MAR20,1573124343364,open,0.02,5415.0,0.004,0.035,0.015248,101.72,0.012,0.0,ETH-27MAR20-600-C,186.58,98.85,0.013,220.0,0.017,220.0,103.79,0.15765,-0.05692,0.03951,0.00109,0.06855
192.06,ETH-27MAR20,1573124343364,open,0.06,684.0,0.028,0.096,0.060782,85.83,0.06,0.0,ETH-27MAR20-320-C,186.58,84.39,0.058,260.0,0.065,552.0,87.97,0.37497,-0.11422,0.13644,0.00307,0.24484
189.46,ETH-27DEC19,1573124343364,open,1.71,37.0,1.665,1.831,1.744988,95.16,0.707,0.0,ETH-27DEC19-520-P,186.58,0.0,0.002,25.0,0.0,0.0,0.0,0.00741,-0.00707,-0.70973,0.00016,-0.99647
189.46,ETH-27DEC19,1573124343364,open,2.75,0.0,2.69,2.917,2.799528,0.0,None,0.0,ETH-27DEC19-720-P,186.58,0.0,0.003,5.0,0.0,0.0,0.0,0.0,0.0,-0.98385,0.0,-1.0
189.46,ETH-27DEC19,1573124343364,open,1.29,0.0,1.255,1.401,1.324996,102.54,None,0.0,ETH-27DEC19-440-P,186.58,0.0,0.001,8.0,0.0,0.0,0.0,0.03535,-0.03634,-0.59648,0.0007,-0.97899
189.46,ETH-27DEC19,1573124343364,open,0.01,1232.0,0.003,0.03,0.013884,87.15,0.014,0.0,ETH-27DEC19-300-C,186.58,84.2,0.012,320.0,0.015,300.0,88.8,0.12544,-0.10959,0.02303,0.00293,0.10283
189.46,ETH-27DEC19,1573124343364,open,0.29,19.0,0.249,0.307,0.279667,77.93,0.205,0.0,ETH-27DEC19-140-C,186.58,48.65,0.264,1.0,0.0,0.0,0.0,0.13694,-0.10699,0.1564,0.00358,0.88381
192.06,ETH-27MAR20,1573124343364,open,0.28,0.0,0.23,0.349,0.292067,80.47,None,0.0,ETH-27MAR20-220-P,186.58,72.36,0.272,300.0,0.297,300.0,82.46,0.4759,-0.13592,-0.59356,0.00415,-0.50867
189.46,ETH-27DEC19,1573124343364,open,0.01,515.0,0.001,0.021,0.008691,93.82,0.013,0.0,ETH-27DEC19-340-C,186.58,90.0,0.007,320.0,0.011,780.0,98.42,0.08899,-0.0837,0.01463,0.00193,0.06518
192.06,ETH-27MAR20,1573124343364,open,0.1,4598.0,0.068,0.149,0.109145,80.49,0.103,0.0,ETH-27MAR20-160-P,186.58,76.02,0.1,268.0,0.114,268.0,82.86,0.39393,-0.11254,-0.28045,0.00344,-0.26919
192.06,ETH-27MAR20,1573124343364,open,0.6,20.0,0.574,0.608,0.59106,87.18,0.613,0.0,ETH-27MAR20-80-C,186.58,0.0,0.583,27.0,0.603,26.0,109.21,0.08013,-0.02479,0.28125,0.00065,0.97047
186.67,SYN.ETH-8NOV19,1573124343363,open,0.0,1255.0,0.001,0.011,0.0,105.0,0.001,0.0,ETH-8NOV19-130-P,186.58,0.0,0.0,0.0,0.001,1.0,355.71,0.0,0.0,0.0,0.0,0.0
189.46,ETH-27DEC19,1573124343364,open,0.0,15674.0,0.001,0.011,0.000165,105.02,0.002,0.0,ETH-27DEC19-640-C,186.58,123.88,0.001,1500.0,0.002,497.0,133.78,0.00369,-0.00389,0.00038,7e-05,0.00163
189.46,ETH-27DEC19,1573124343364,open,0.14,1156.0,0.092,0.162,0.129465,71.56,0.143,0.0,ETH-27DEC19-180-C,186.58,69.79,0.127,246.0,0.132,340.0,73.37,0.26495,-0.19006,0.129,0.00755,0.62775
189.46,ETH-27DEC19,1573124343364,open,2.96,1.0,2.894,3.134,3.010587,0.0,3.236,0.0,ETH-27DEC19-760-P,186.58,0.0,0.0,0.0,0.0,0.0,0.0,0.0,0.0,-1.03851,0.0,-1.0
189.46,ETH-27DEC19,1573124343364,open,0.0,4078.0,0.001,0.014,0.004185,98.55,0.005,0.0,ETH-27DEC19-100-P,186.58,92.81,0.003,160.0,0.005,300.0,101.97,0.04287,-0.04236,-0.00792,0.00089,-0.02642
192.06,ETH-27MAR20,1573124343364,open,0.01,830.0,0.001,0.017,0.00751,86.97,0.012,0.0,ETH-27MAR20-80-P,186.58,83.11,0.006,320.0,0.009,320.0,90.4,0.07964,-0.02458,-0.0273,0.00064,-0.02931
192.06,ETH-27MAR20,1573124343365,open,1.29,0.0,1.236,1.408,1.319044,92.43,None,0.0,ETH-27MAR20-440-P,186.58,0.0,0.002,10.0,0.0,0.0,0.0,0.24389,-0.08001,-1.62732,0.00185,-0.87626
189.46,ETH-27DEC19,1573124343365,open,0.68,101.0,0.644,0.76,0.699968,90.76,0.513,0.0,ETH-27DEC19-320-P,186.58,0.0,0.006,5.0,0.0,0.0,0.0,0.10567,-0.09615,-0.41898,0.00237,-0.91842
189.46,ETH-27DEC19,1573124343364,open,0.02,2819.0,0.006,0.035,0.018453,77.72,0.015,0.0,ETH-27DEC19-140-P,186.58,74.22,0.016,520.0,0.02,300.0,79.83,0.13653,-0.10637,-0.03473,0.00358,-0.1157
189.46,ETH-27DEC19,1573124343365,open,0.0,5658.0,0.001,0.011,0.001682,105.02,0.003,0.0,ETH-27DEC19-480-C,186.58,113.16,0.003,990.0,0.005,348.0,121.78,0.02482,-0.02613,0.00316,0.00048,0.01389
189.46,ETH-27DEC19,1573124343365,open,0.78,0.0,0.745,0.866,0.802886,93.01,None,0.0,ETH-27DEC19-340-P,186.58,0.0,0.001,5.0,0.0,0.0,0.0,0.08681,-0.08094,-0.4504,0.0019,-0.93686
192.06,ETH-27MAR20,1573124343365,open,0.03,966.0,0.009,0.055,0.02857,92.81,0.039,0.0,ETH-27MAR20-440-C,186.58,90.75,0.026,260.0,0.031,260.0,94.67,0.24587,-0.08099,0.07161,0.00186,0.12518
189.46,ETH-27DEC19,1573124343365,open,0.01,907.0,0.001,0.017,0.006414,101.24,0.007,0.0,ETH-27DEC19-380-C,186.58,97.07,0.005,320.0,0.008,780.0,105.32,0.06898,-0.07001,0.01056,0.00139,0.0472
192.06,ETH-27MAR20,1573124343365,open,0.23,21.0,0.175,0.266,0.224364,80.56,0.232,0.0,ETH-27MAR20-180-C,186.58,73.91,0.209,258.0,0.222,300.0,79.54,0.44289,-0.12663,0.314,0.00386,0.64796
189.46,ETH-27DEC19,1573124343365,open,0.48,0.0,0.458,0.495,0.476481,99.04,None,0.0,ETH-27DEC19-100-C,186.58,0.0,0.472,31.0,0.0,0.0,0.0,0.04352,-0.04321,0.12857,0.0009,0.9731
192.06,ETH-27MAR20,1573124343365,open,0.12,1229.0,0.077,0.167,0.124435,82.97,0.14,0.0,ETH-27MAR20-240-C,186.58,79.5,0.116,575.0,0.131,275.0,85.65,0.46881,-0.13805,0.22702,0.00397,0.4307
189.46,ETH-27DEC19,1573124343365,open,1.09,16.0,1.051,1.188,1.116293,102.72,1.195,0.0,ETH-27DEC19-400-P,186.58,0.0,0.001,8.0,0.0,0.0,0.0,0.05749,-0.0592,-0.53813,0.00114,-0.96232
189.46,ETH-27DEC19,1573124343365,open,1.5,21.0,1.46,1.616,1.534664,100.38,0.629,0.0,ETH-27DEC19-480-P,186.58,0.0,0.001,7.0,0.0,0.0,0.0,0.01895,-0.01907,-0.65356,0.00038,-0.98983
189.46,ETH-27DEC19,1573124343365,open,0.0,4534.0,0.001,0.011,3.3e-05,105.01,0.002,0.0,ETH-27DEC19-760-C,186.58,0.0,0.0,0.0,0.002,349.0,149.0,0.00091,-0.00096,8e-05,2e-05,0.00036
187.88,SYN.ETH-29NOV19,1573124343363,open,0.0,2218.0,0.001,0.015,0.005163,80.91,0.007,0.0,ETH-29NOV19-140-P,186.58,76.45,0.004,160.0,0.006,300.0,83.8,0.05231,-0.09674,-0.00695,0.00306,-0.05657
193.78,SYN.ETH-26JUN20,1573124343363,open,0.04,93.0,0.015,0.076,0.041619,97.23,0.045,0.0,ETH-26JUN20-600-C,186.58,94.58,0.037,440.0,0.046,440.0,99.62,0.34728,-0.07281,0.12371,0.0015,0.14211
189.46,ETH-27DEC19,1573124343368,open,0.99,0.0,0.949,1.08,1.011691,100.05,None,0.0,ETH-27DEC19-380-P,186.58,0.0,0.001,5.0,0.0,0.0,0.0,0.06622,-0.06642,-0.50919,0.00135,-0.95514
186.67,SYN.ETH-8NOV19,1573124343365,open,0.0,229.0,0.001,0.011,0.0,105.0,0.001,0.0,ETH-8NOV19-240-C,186.58,0.0,0.0,0.0,0.001,1.0,249.16,0.0,0.0,0.0,0.0,0.0
186.67,SYN.ETH-8NOV19,1573124343364,open,0.0,249.0,0.001,0.011,1.8e-05,105.0,0.001,0.0,ETH-8NOV19-160-P,186.58,0.0,0.0,0.0,0.001,29.0,171.06,0.00038,-0.00342,-1e-05,0.00043,-0.00125
193.78,SYN.ETH-26JUN20,1573124343363,open,0.22,156.0,0.155,0.262,0.213261,82.78,0.224,0.0,ETH-26JUN20-220-C,186.58,82.07,0.211,449.0,0.222,180.0,85.56,0.61036,-0.10895,0.42032,0.00309,0.5547
187.88,SYN.ETH-29NOV19,1573124343363,open,0.0,420.0,0.001,0.013,0.003308,100.05,0.004,0.0,ETH-29NOV19-300-C,186.58,92.37,0.002,200.0,0.004,300.0,103.35,0.03709,-0.08482,0.00378,0.00175,0.03687
186.67,SYN.ETH-8NOV19,1573124343363,open,0.0,223.0,0.001,0.011,0.0,105.0,0.001,0.0,ETH-8NOV19-250-C,186.58,0.0,0.0,0.0,0.001,1.0,282.39,0.0,0.0,0.0,0.0,0.0
193.78,SYN.ETH-26JUN20,1573124343363,open,0.29,25.0,0.23,0.333,0.286388,82.78,0.295,0.0,ETH-26JUN20-180-C,186.58,84.04,0.29,1.0,0.291,210.0,84.38,0.5589,-0.09977,0.47302,0.00283,0.67064
193.78,SYN.ETH-26JUN20,1573124343364,open,0.39,50.0,0.339,0.426,0.386679,82.78,0.325,0.0,ETH-26JUN20-140-C,186.58,73.58,0.366,210.0,0.403,210.0,89.95,0.43931,-0.07842,0.50218,0.00222,0.79462
193.78,SYN.ETH-26JUN20,1573124343364,open,0.07,351.0,0.038,0.1,0.068993,82.9,0.068,0.0,ETH-26JUN20-120-P,186.58,81.25,0.066,210.0,0.073,499.0,85.09,0.35296,-0.0631,-0.26413,0.00178,-0.14557
187.88,SYN.ETH-29NOV19,1573124343363,open,0.01,2211.0,0.001,0.025,0.010422,78.51,0.016,0.0,ETH-29NOV19-240-C,186.58,75.5,0.009,380.0,0.012,340.0,81.64,0.09173,-0.1646,0.01228,0.00552,0.11947
193.78,SYN.ETH-26JUN20,1573124343364,open,2.3,0.0,2.223,2.47,2.341866,99.37,None,0.0,ETH-26JUN20-640-P,186.58,0.0,0.0,0.0,0.0,0.0,0.0,0.33183,-0.0711,-3.95022,0.0014,-0.86705
193.78,SYN.ETH-26JUN20,1573124343365,open,0.41,0.0,0.351,0.495,0.426053,83.71,None,0.0,ETH-26JUN20-240-P,186.58,49.84,0.32,1.0,0.0,0.0,0.0,0.61611,-0.11121,-1.13362,0.00309,-0.49483
187.88,SYN.ETH-29NOV19,1573124343365,open,0.27,0.0,0.245,0.332,0.287812,78.51,None,0.0,ETH-29NOV19-240-P,186.58,0.0,0.0,0.0,0.0,0.0,0.0,0.09173,-0.1646,-0.13156,0.00552,-0.88053
187.88,SYN.ETH-29NOV19,1573124343363,open,0.37,0.0,0.342,0.384,0.363339,96.07,None,0.0,ETH-29NOV19-120-C,186.58,0.0,0.361,50.0,0.374,19.0,141.7,0.02367,-0.05198,0.06927,0.00116,0.9785
193.78,SYN.ETH-26JUN20,1573124343365,open,0.05,45.0,0.018,0.085,0.048485,96.96,0.045,0.0,ETH-26JUN20-560-C,186.58,95.68,0.046,63.0,0.051,440.0,98.24,0.37867,-0.07917,0.1396,0.00164,0.16188
187.88,SYN.ETH-29NOV19,1573124343363,open,0.0,2535.0,0.001,0.011,0.000431,105.0,0.001,0.0,ETH-29NOV19-100-P,186.58,0.0,0.0,0.0,0.002,460.0,129.49,0.00655,-0.01571,-0.0006,0.00029,-0.00491
193.78,SYN.ETH-26JUN20,1573124343363,open,0.02,0.0,0.008,0.036,0.020433,86.94,0.019,0.0,ETH-26JUN20-80-P,186.58,85.23,0.019,250.0,0.023,250.0,89.88,0.16502,-0.03094,-0.0895,0.0008,-0.05227
186.67,SYN.ETH-8NOV19,1573124343363,open,0.0,46.0,0.001,0.011,0.0,105.0,0.002,0.0,ETH-8NOV19-150-P,186.58,0.0,0.0,0.0,0.001,2.0,229.98,0.0,-2e-05,0.0,0.0,-1e-05
186.67,SYN.ETH-8NOV19,1573124343365,open,0.0,657.0,0.001,0.019,0.002959,74.13,0.004,0.0,ETH-8NOV19-180-P,186.58,53.94,0.001,204.0,0.005,460.0,90.19,0.02168,-0.55229,-0.0007,0.03497,-0.1538
186.67,SYN.ETH-8NOV19,1573124343364,open,0.01,1246.0,0.001,0.026,0.005838,65.09,0.011,0.0,ETH-8NOV19-190-C,186.58,47.32,0.003,403.0,0.008,243.0,77.57,0.03155,-1.02693,0.0013,0.05798,0.2951
187.88,SYN.ETH-29NOV19,1573124343363,open,0.58,0.0,0.551,0.653,0.600045,100.05,None,0.0,ETH-29NOV19-300-P,186.58,0.0,0.0,0.0,0.0,0.0,0.0,0.03709,-0.08482,-0.17602,0.00175,-0.96313
187.88,SYN.ETH-29NOV19,1573124343365,open,0.69,0.0,0.654,0.761,0.705438,104.46,None,0.0,ETH-29NOV19-320-P,186.58,0.0,0.0,0.0,0.0,0.0,0.0,0.02717,-0.06488,-0.18919,0.00123,-0.97468
186.67,SYN.ETH-8NOV19,1573124343363,open,0.0,404.0,0.001,0.011,0.0,105.0,0.001,0.0,ETH-8NOV19-140-P,186.58,0.0,0.0,0.0,0.001,1.0,291.21,0.0,0.0,0.0,0.0,0.0
193.78,SYN.ETH-26JUN20,1573124343364,open,0.09,602.0,0.041,0.129,0.084371,91.37,0.089,0.0,ETH-26JUN20-400-C,186.58,90.46,0.082,1.0,0.087,432.0,92.38,0.50492,-0.09948,0.22114,0.00232,0.26401
193.78,SYN.ETH-26JUN20,1573124343364,open,0.1,187.0,0.052,0.145,0.099065,89.32,0.109,0.0,ETH-26JUN20-360-C,186.58,87.86,0.095,180.0,0.103,289.0,90.73,0.5399,-0.10399,0.25181,0.00253,0.30362
187.88,SYN.ETH-29NOV19,1573124343367,open,0.0,448.0,0.001,0.014,0.004418,92.89,0.005,0.0,ETH-29NOV19-280-C,186.58,86.67,0.003,201.0,0.006,505.0,98.58,0.04775,-0.10139,0.00518,0.00243,0.05042
187.88,SYN.ETH-29NOV19,1573124343365,open,0.05,2142.0,0.018,0.068,0.040293,67.26,0.053,0.0,ETH-29NOV19-200-C,186.58,64.8,0.038,560.0,0.041,32.0,68.01,0.17557,-0.2699,0.03861,0.01234,0.38315
187.88,SYN.ETH-29NOV19,1573124343364,open,0.01,301.0,0.004,0.031,0.0149,70.19,0.016,0.0,ETH-29NOV19-160-P,186.58,66.85,0.013,320.0,0.017,416.0,73.74,0.10899,-0.17485,-0.01898,0.00734,-0.15368
187.88,SYN.ETH-29NOV19,1573124343363,open,0.27,1.0,0.234,0.285,0.26002,80.91,0.289,0.0,ETH-29NOV19-140-C,186.58,0.0,0.254,50.0,0.275,17.0,118.44,0.05231,-0.09674,0.07696,0.00306,0.94343
186.67,SYN.ETH-8NOV19,1573124343365,open,0.11,121.0,0.093,0.16,0.125182,104.99,0.105,0.0,ETH-8NOV19-210-P,186.58,0.0,0.0,0.0,0.131,1.0,202.21,0.00281,-0.1475,-0.00499,0.0032,-0.98822
187.88,SYN.ETH-29NOV19,1573124343365,open,0.17,100.0,0.132,0.192,0.163307,70.19,0.173,0.0,ETH-29NOV19-160-C,186.58,58.34,0.157,320.0,0.184,17.0,101.38,0.10899,-0.17485,0.07691,0.00734,0.84632
193.78,SYN.ETH-26JUN20,1573124343365,open,0.01,184.0,0.001,0.016,0.006887,86.97,0.007,0.0,ETH-26JUN20-60-P,186.58,70.32,0.002,300.0,0.011,300.0,96.02,0.07724,-0.01449,-0.03406,0.00037,-0.02078
187.88,SYN.ETH-29NOV19,1573124343365,open,0.48,0.0,0.448,0.545,0.494706,92.89,None,0.0,ETH-29NOV19-280-P,186.58,0.0,0.0,0.0,0.0,0.0,0.0,0.04775,-0.10139,-0.16263,0.00243,-0.94958
193.78,SYN.ETH-26JUN20,1573124343363,open,1.31,0.0,1.242,1.441,1.340231,91.84,None,0.0,ETH-26JUN20-440-P,186.58,0.0,0.0,0.0,0.0,0.0,0.0,0.4636,-0.09181,-2.60346,0.00212,-0.77466
193.78,SYN.ETH-26JUN20,1573124343367,open,1.7,0.0,1.631,1.847,1.73596,94.58,None,0.0,ETH-26JUN20-520-P,186.58,0.0,0.0,0.0,0.0,0.0,0.0,0.39887,-0.08134,-3.15195,0.00177,-0.82449
193.78,SYN.ETH-26JUN20,1573124343368,open,0.34,5.0,0.28,0.376,0.332637,82.78,0.275,0.0,ETH-26JUN20-160-C,186.58,76.45,0.316,260.0,0.337,210.0,84.45,0.50836,-0.09075,0.49215,0.00257,0.73243
192.06,ETH-27MAR20,1573124343384,open,0.71,6.0,0.653,0.8,0.726581,85.65,0.725,0.0,ETH-27MAR20-320-P,186.58,49.41,0.674,1.0,0.757,1.0,100.33,0.37431,-0.11379,-1.09897,0.00307,-0.75596
192.06,ETH-27MAR20,1573124343386,open,0.52,158.0,0.473,0.612,0.543447,84.26,0.62,0.0,ETH-27MAR20-280-P,186.58,78.58,0.531,42.0,0.569,1.0,95.42,0.42852,-0.12815,-0.90446,0.00357,-0.6767
189.46,ETH-27DEC19,1573124343390,open,0.13,3397.0,0.097,0.18,0.139148,72.2,0.125,0.0,ETH-27DEC19-200-P,186.58,69.38,0.135,200.0,0.143,37.0,74.81,0.27873,-0.20174,-0.17263,0.00787,-0.52767
189.46,ETH-27DEC19,1573124343394,open,0.38,2.0,0.351,0.398,0.375097,85.99,0.346,0.0,ETH-27DEC19-120-C,186.58,50.98,0.367,20.0,0.389,20.0,112.35,0.07823,-0.06744,0.14747,0.00185,0.94471
9193.09,SYN.BTC-8NOV19,1573124343400,open,0.0,468.7,0.0005,0.0105,5.304e-05,100.0,0.0005,0.0,BTC-8NOV19-10500-C,9190.27,0.0,0.0,0.0,0.0005,0.5,131.83,0.0483,-0.48756,0.00078,2e-05,0.00358
189.46,ETH-27DEC19,1573124343419,open,0.38,946.0,0.346,0.45,0.397552,79.95,0.3,0.0,ETH-27DEC19-260-P,186.58,0.0,0.372,50.0,0.0,0.0,0.0,0.18245,-0.14623,-0.31568,0.00465,-0.82205
193.78,SYN.ETH-26JUN20,1573124343424,open,1.12,0.0,1.053,1.244,1.148607,91.37,None,0.0,ETH-26JUN20-400-P,186.58,48.89,1.071,1.0,0.0,0.0,0.0,0.50492,-0.09948,-2.31997,0.00232,-0.73599
9528.07,BTC-27MAR20,1573124343484,open,0.01,113.7,0.003,0.0325,0.01345226,90.63,0.0135,0.0,BTC-27MAR20-26000-C,9190.27,88.77,0.012,15.0,0.0145,5.0,91.91,7.6521,-2.46156,1.95609,2e-05,0.06664
9611.21,SYN.BTC-26JUN20,1573124343484,open,0.04,33.2,0.0125,0.0695,0.03609906,86.45,0.0385,0.0,BTC-26JUN20-26000-C,9190.27,84.02,0.032,3.0,0.041,15.0,89.18,16.69193,-3.1115,6.0817,3e-05,0.1357
9193.09,SYN.BTC-8NOV19,1573124343486,open,0.0,567.9,0.0005,0.015,0.00258069,65.36,0.0025,0.0,BTC-8NOV19-9500-C,9190.27,60.18,0.002,0.5,0.003,0.5,68.84,1.07892,-23.72453,0.0339,0.00081,0.1563
9260.84,SYN.BTC-29NOV19,1573124343488,open,0.08,358.6,0.0505,0.103,0.07288932,60.0,0.072,0.0,BTC-29NOV19-9000-C,9190.27,58.52,0.0715,0.2,0.075,9.6,62.24,8.72578,-11.96588,2.9569,0.00028,0.60563
9528.07,BTC-27MAR20,1573124343534,open,0.02,448.4,0.0075,0.0495,0.02448625,82.91,0.025,0.0,BTC-27MAR20-20000-C,9190.27,81.27,0.0225,21.0,0.0265,15.0,84.52,11.74498,-3.45636,3.46177,4e-05,0.11862
9351.18,BTC-27DEC19,1573124343534,open,0.01,486.1,0.0005,0.0175,0.00630311,82.7,0.006,0.0,BTC-27DEC19-16000-C,9190.27,81.95,0.006,3.0,0.007,24.0,84.36,3.80991,-3.15873,0.61407,4e-05,0.05436
9611.21,SYN.BTC-26JUN20,1573124343534,open,0.19,124.9,0.139,0.238,0.18964368,72.47,0.18,0.0,BTC-26JUN20-9000-P,9190.27,69.36,0.1805,10.9,0.1925,12.9,73.45,28.18238,-4.4043,-32.56056,7e-05,-0.34363
9351.18,BTC-27DEC19,1573124343598,open,0.0,1477.0,0.0005,0.0125,0.00252072,88.47,0.0025,0.0,BTC-27DEC19-5000-P,9190.27,81.5,0.0015,62.0,0.0035,36.0,93.66,1.5925,-1.41245,-0.27324,2e-05,-0.01886
9611.21,SYN.BTC-26JUN20,1573124343628,open,0.03,4.8,0.008,0.0565,0.02679127,91.93,0.025,0.0,BTC-26JUN20-32000-C,9190.27,90.64,0.025,0.6,0.0285,15.0,93.13,13.55499,-2.68712,4.53908,3e-05,0.10113
189.46,ETH-27DEC19,1573124343656,open,0.2,2728.0,0.169,0.263,0.216783,75.08,0.274,0.0,ETH-27DEC19-220-P,186.58,39.81,0.174,14.0,0.254,14.0,101.63,0.25795,-0.19415,-0.22573,0.007,-0.65531
9351.18,BTC-27DEC19,1573124343668,open,0.0,815.5,0.0005,0.0105,0.00088001,100.0,0.001,0.0,BTC-27DEC19-4000-P,9190.27,93.26,0.0005,52.0,0.0015,20.5,107.57,0.63353,-0.63511,-0.09469,1e-05,-0.00653
9351.18,BTC-27DEC19,1573124343711,open,0.02,657.0,0.0085,0.041,0.022721,67.19,0.021,0.0,BTC-27DEC19-7500-P,9190.27,65.8,0.0215,12.8,0.024,18.8,68.63,8.26091,-5.56443,-2.27966,0.0001,-0.15568
9351.18,BTC-27DEC19,1573124343711,open,0.0,604.5,0.0005,0.0105,8.36e-06,100.0,0.0005,0.0,BTC-27DEC19-2500-P,9190.27,0.0,0.0,0.0,0.001,170.0,154.18,0.01203,-0.01206,-0.00122,0.0,-9e-05
9351.18,BTC-27DEC19,1573124343711,open,0.0,447.1,0.0005,0.0105,7.703e-05,100.0,0.0005,0.0,BTC-27DEC19-32000-C,9190.27,0.0,0.0,0.0,0.001,10.0,124.98,0.09867,-0.09891,0.00969,0.0,0.00084
9260.84,SYN.BTC-29NOV19,1573124343743,open,0.07,112.2,0.0495,0.1065,0.07310711,60.0,0.065,0.0,BTC-29NOV19-9500-P,9190.27,56.29,0.0695,9.6,0.0745,13.6,61.43,8.99948,-12.34215,-3.40229,0.00029,-0.53988
9351.18,BTC-27DEC19,1573124343765,open,0.0,503.5,0.0005,0.0105,0.00027046,100.0,0.0005,0.0,BTC-27DEC19-3500-P,9190.27,106.99,0.0005,20.9,0.0015,20.0,123.17,0.24212,-0.24273,-0.03198,0.0,-0.00223
9351.18,BTC-27DEC19,1573124343805,open,0.0,807.8,0.0005,0.0135,0.0036963,88.13,0.004,0.0,BTC-27DEC19-18000-C,9190.27,85.36,0.003,41.1,0.0045,16.0,90.95,2.50395,-2.2123,0.36624,2e-05,0.03236
9528.07,BTC-27MAR20,1573124343805,open,0.02,147.3,0.004,0.037,0.01621056,88.43,0.0165,0.0,BTC-27MAR20-24000-C,9190.27,86.51,0.0145,20.0,0.018,12.0,90.32,8.77745,-2.75483,2.33581,3e-05,0.07973
9351.18,BTC-27DEC19,1573124343805,open,0.12,488.6,0.0815,0.142,0.11284388,64.33,0.12,0.0,BTC-27DEC19-9000-C,9190.27,62.33,0.11,14.7,0.115,6.0,65.85,13.2607,-8.55222,6.35533,0.00017,0.61021
9528.07,BTC-27MAR20,1573124343838,open,0.01,110.3,0.0005,0.0195,0.00632863,99.12,0.0085,0.0,BTC-27MAR20-36000-C,9190.27,95.91,0.005,33.0,0.007,5.0,100.57,4.25927,-1.49837,0.94763,1e-05,0.0321
9611.21,SYN.BTC-26JUN20,1573124343871,open,0.03,180.2,0.011,0.045,0.02613559,72.47,0.026,0.0,BTC-26JUN20-5000-P,9190.27,69.71,0.023,18.0,0.028,3.0,74.06,11.14916,-1.74238,-6.34527,3e-05,-0.07779
9351.18,BTC-27DEC19,1573124343888,open,0.18,508.5,0.151,0.2065,0.1797518,65.76,0.201,0.0,BTC-27DEC19-8000-C,9190.27,61.85,0.1755,6.0,0.182,6.0,67.79,10.30348,-6.79267,7.63706,0.00013,0.77743
9260.84,SYN.BTC-29NOV19,1573124343931,open,0.0,159.8,0.0005,0.0145,0.00454987,74.95,0.0055,0.0,BTC-29NOV19-12500-C,9190.27,73.03,0.004,20.0,0.0055,16.0,77.99,2.75095,-4.71264,0.31571,7e-05,0.06143
9528.07,BTC-27MAR20,1573124343939,open,0.01,57.8,0.0005,0.0235,0.00830478,96.12,0.01,0.0,BTC-27MAR20-32000-C,9190.27,93.65,0.007,33.0,0.009,5.0,97.35,5.2871,-1.80379,1.23203,2e-05,0.04181
9260.84,SYN.BTC-29NOV19,1573124344009,open,0.0,356.8,0.0005,0.0115,0.00195025,94.31,0.002,0.0,BTC-29NOV19-15000-C,9190.27,90.8,0.0015,18.0,0.0025,36.0,97.95,1.29076,-2.78237,0.12367,3e-05,0.02423
9611.21,SYN.BTC-26JUN20,1573124344009,open,0.22,135.8,0.161,0.2585,0.2121897,72.48,0.2315,0.0,BTC-26JUN20-10000-C,9190.27,72.74,0.213,11.5,0.2225,3.0,75.8,29.82924,-4.66171,22.89329,7e-05,0.58713
9351.18,BTC-27DEC19,1573124344038,open,0.01,1330.5,0.0005,0.0155,0.00573024,76.83,0.006,0.0,BTC-27DEC19-6000-P,9190.27,74.63,0.005,36.0,0.0065,41.5,78.98,3.22619,-2.48475,-0.63729,4e-05,-0.04414
9351.18,BTC-27DEC19,1573124344092,open,0.0,875.9,0.0005,0.0125,0.00270392,94.83,0.003,0.0,BTC-27DEC19-20000-C,9190.27,90.99,0.002,36.0,0.003,8.0,96.24,1.89093,-1.79764,0.26071,2e-05,0.02311
9351.18,BTC-27DEC19,1573124344092,open,0.6,211.2,0.575,0.6535,0.61232308,79.15,0.9295,0.0,BTC-27DEC19-15000-P,9190.27,0.0,0.585,3.0,0.638,3.0,113.31,4.68995,-3.72155,-19.69556,5e-05,-0.92904
9351.18,BTC-27DEC19,1573124344092,open,0.52,21.6,0.5095,0.533,0.52052317,95.97,0.5285,0.0,BTC-27DEC19-4500-C,9190.27,0.0,0.5105,10.0,0.5285,10.0,131.97,1.1241,-1.08146,5.96611,1e-05,0.98743
9351.18,BTC-27DEC19,1573124344094,open,0.58,30.9,0.5635,0.5835,0.57312331,99.95,0.5735,0.0,BTC-27DEC19-4000-C,9190.27,0.0,0.565,10.0,0.5795,10.0,141.18,0.63196,-0.63324,5.37141,1e-05,0.99349
9611.21,SYN.BTC-26JUN20,1573124344094,open,0.0,69.9,0.0005,0.014,0.0040609,78.31,0.004,0.0,BTC-26JUN20-3000-P,9190.27,74.42,0.003,36.6,0.005,3.0,81.28,2.85519,-0.48215,-1.14699,1e-05,-0.01472
9193.09,SYN.BTC-8NOV19,1573124344111,open,0.24,0.0,0.2265,0.2765,0.25093913,109.72,None,0.0,BTC-8NOV19-11500-P,9190.27,0.0,0.2345,1.0,0.27,1.0,443.85,0.00034,-0.01875,-0.2759,0.0,-0.99998
9260.84,SYN.BTC-29NOV19,1573124344111,open,0.35,0.0,0.3245,0.387,0.35432498,74.97,None,0.0,BTC-29NOV19-12500-P,9190.27,0.0,0.3275,3.0,0.374,3.0,115.56,2.75263,-4.71661,-7.17573,7e-05,-0.93852
9528.07,BTC-27MAR20,1573124344115,open,0.59,9.4,0.5735,0.5985,0.58520113,79.64,0.585,0.0,BTC-27MAR20-4000-C,9190.27,0.0,0.574,7.0,0.5945,7.0,99.92,3.1856,-0.90045,14.42065,1e-05,0.97734
9528.07,BTC-27MAR20,1573124344115,open,0.03,263.3,0.0115,0.06,0.03206103,80.2,0.0335,0.0,BTC-27MAR20-18000-C,9190.27,78.77,0.03,20.0,0.0345,15.0,81.84,13.92755,-3.96439,4.413,5e-05,0.15206
9611.21,SYN.BTC-26JUN20,1573124344141,open,0.51,0.0,0.483,0.5295,0.5059107,72.48,None,0.0,BTC-26JUN20-5000-C,9190.27,58.7,0.492,4.0,0.527,4.0,88.78,11.1493,-1.74242,25.41839,3e-05,0.92221
9528.07,BTC-27MAR20,1573124344196,open,0.35,52.6,0.3045,0.4115,0.35873079,73.53,0.355,0.0,BTC-27MAR20-12000-P,9190.27,65.15,0.339,3.0,0.3825,3.0,83.38,22.72911,-5.93187,-35.58524,9e-05,-0.60893
9528.07,BTC-27MAR20,1573124344227,open,0.01,117.2,0.0005,0.0265,0.00992304,94.89,0.015,0.0,BTC-27MAR20-30000-C,9190.27,92.54,0.0085,20.0,0.0115,15.0,97.27,6.04576,-2.0362,1.45148,2e-05,0.04939
9611.21,SYN.BTC-26JUN20,1573124344229,open,0.16,147.3,0.1035,0.2015,0.15387553,73.92,0.1655,0.0,BTC-26JUN20-12000-C,9190.27,73.49,0.1525,15.3,0.1635,3.0,76.96,30.45816,-4.855,19.13457,7e-05,0.46726
9193.1,SYN.BTC-8NOV19,1573124344229,open,0.0,319.1,0.0005,0.0105,1.6e-07,100.0,0.0005,0.0,BTC-8NOV19-7500-P,9190.27,0.0,0.0,0.0,0.0005,1.0,194.37,0.00029,-0.00144,0.0,0.0,-1e-05
9611.21,SYN.BTC-26JUN20,1573124344232,open,0.43,2.3,0.396,0.4585,0.42779256,72.48,0.4335,0.0,BTC-26JUN20-6000-C,9190.27,68.18,0.4205,7.0,0.454,7.0,86.95,16.60633,-2.59524,26.71375,4e-05,0.86531
9351.18,BTC-27DEC19,1573124344240,open,0.0,562.6,0.0005,0.0105,7.26e-06,100.0,0.0005,0.0,BTC-27DEC19-40000-C,9190.27,0.0,0.0,0.0,0.001,41.0,143.64,0.01233,-0.01236,0.00105,0.0,9e-05
9528.07,BTC-27MAR20,1573124344246,open,2.76,0.0,2.7055,2.8725,2.78463435,99.11,None,0.0,BTC-27MAR20-36000-P,9190.27,0.0,0.0,0.0,0.0,0.0,0.0,4.2575,-1.4976,-137.99871,1e-05,-0.96792
9611.21,SYN.BTC-26JUN20,1573124344270,open,0.05,89.6,0.0275,0.0795,0.05206279,72.47,0.048,0.0,BTC-26JUN20-6000-P,9190.27,69.21,0.0465,14.2,0.0535,3.0,73.3,16.60628,-2.59522,-11.40273,4e-05,-0.13469
9193.1,SYN.BTC-8NOV19,1573124344278,open,0.0,231.9,0.0005,0.0105,0.0,100.0,0.0005,0.0,BTC-8NOV19-12000-C,9190.27,0.0,0.0,0.0,0.0005,0.3,237.52,0.0,0.0,0.0,0.0,0.0
9351.18,BTC-27DEC19,1573124344286,open,0.47,66.8,0.455,0.4815,0.46782484,88.45,0.4085,0.0,BTC-27DEC19-5000-C,9190.27,0.0,0.457,9.0,0.473,9.0,109.55,1.59096,-1.41071,6.55937,2e-05,0.98116
9611.21,SYN.BTC-26JUN20,1573124344309,open,0.6,0.0,0.5795,0.61,0.59414249,72.71,None,0.0,BTC-26JUN20-4000-C,9190.27,46.24,0.5845,5.0,0.61,5.0,92.61,6.02085,-0.94394,22.59893,1e-05,0.96427
9528.07,BTC-27MAR20,1573124344319,open,0.07,344.4,0.032,0.1005,0.0647369,75.44,0.0755,0.0,BTC-27MAR20-14000-C,9190.27,74.13,0.062,18.8,0.068,13.8,77.0,19.88154,-5.32368,7.86894,8e-05,0.27871
9351.18,BTC-27DEC19,1573124344319,open,0.68,10.0,0.6695,0.689,0.6792427,99.66,0.618,0.0,BTC-27DEC19-3000-C,9190.27,0.0,0.6715,12.0,0.686,12.0,181.83,0.06569,-0.06563,4.09176,0.0,0.99946
9611.21,SYN.BTC-26JUN20,1573124344321,open,1.92,0.0,1.868,2.031,1.94496554,87.99,None,0.0,BTC-26JUN20-28000-P,9190.27,0.0,0.0,0.0,0.0,0.0,0.0,15.34013,-2.91042,-172.47511,3e-05,-0.87982
9611.21,SYN.BTC-26JUN20,1573124344331,open,0.03,71.5,0.009,0.06,0.02920659,90.15,0.0295,0.0,BTC-26JUN20-30000-C,9190.27,88.65,0.027,1.0,0.0325,15.0,92.28,14.43327,-2.8057,4.95174,3e-05,0.11031
9193.1,SYN.BTC-8NOV19,1573124344336,open,0.38,0.0,0.36,0.415,0.38691067,155.58,None,0.0,BTC-8NOV19-12750-P,9190.27,0.0,0.3695,1.0,0.409,1.0,500.0,0.00021,-0.01643,-0.30589,0.0,-0.99999
186.63,SYN.ETH-8NOV19,1573124344368,open,0.36,0.0,0.338,0.375,0.357156,333.73,None,0.0,ETH-8NOV19-120-C,186.58,0.0,0.0,0.0,0.367,1.0,500.0,0.00076,-0.12645,0.00287,0.00027,0.99731
187.84,SYN.ETH-29NOV19,1573124344370,open,0.04,352.0,0.022,0.076,0.044447,66.11,0.041,0.0,ETH-29NOV19-180-P,186.58,62.36,0.041,190.0,0.047,320.0,68.88,0.17289,-0.26124,-0.04612,0.01237,-0.36525
187.84,SYN.ETH-29NOV19,1573124344370,open,0.1,120.0,0.07,0.144,0.104784,67.09,0.131,0.0,ETH-29NOV19-200-P,186.58,61.94,0.1,205.0,0.109,97.0,71.59,0.1754,-0.26899,-0.08135,0.01236,-0.61778
186.63,SYN.ETH-8NOV19,1573124344374,open,0.26,0.0,0.227,0.272,0.250016,229.17,None,0.0,ETH-8NOV19-140-C,186.58,0.0,0.0,0.0,0.256,1.0,413.59,0.00119,-0.13601,0.00334,0.00062,0.99557
9193.1,SYN.BTC-8NOV19,1573124344374,open,0.0,128.1,0.0005,0.0105,1.002e-05,100.0,0.0005,0.0,BTC-8NOV19-10750-C,9190.27,0.0,0.0,0.0,0.001,25.0,168.58,0.01182,-0.09216,0.00017,1e-05,0.00076
9351.18,BTC-27DEC19,1573124344380,open,0.37,112.4,0.347,0.382,0.36409519,76.81,0.385,0.0,BTC-27DEC19-6000-C,9190.27,44.16,0.3585,0.1,0.377,8.0,103.83,3.22478,-2.48321,7.56183,4e-05,0.95588
189.47,ETH-27DEC19,1573124344386,open,0.58,1.0,0.543,0.654,0.596998,86.76,0.494,0.0,ETH-27DEC19-300-P,186.58,0.0,0.01,5.0,0.0,0.0,0.0,0.12434,-0.10815,-0.38716,0.00292,-0.8984
189.47,ETH-27DEC19,1573124344396,open,0.0,9372.0,0.001,0.011,0.000514,105.01,0.002,0.0,ETH-27DEC19-560-C,186.58,112.4,0.001,2160.0,0.003,100.0,128.03,0.00957,-0.01008,0.00108,0.00019,0.00469
189.47,ETH-27DEC19,1573124344405,open,0.0,11024.0,0.001,0.011,0.000924,105.01,0.005,0.0,ETH-27DEC19-520-C,186.58,114.81,0.002,2000.0,0.004,348.0,125.8,0.01543,-0.01625,0.00184,0.0003,0.00805
9351.18,BTC-27DEC19,1573124344407,open,1.13,3.6,1.0975,1.1905,1.14148738,94.91,1.729,0.0,BTC-27DEC19-20000-P,9190.27,0.0,1.113,2.0,1.1725,2.0,153.5,1.89827,-1.80612,-27.06728,2e-05,-0.97679
192.06,ETH-27MAR20,1573124344410,open,0.02,1161.0,0.007,0.048,0.023909,95.36,0.027,0.0,ETH-27MAR20-480-C,186.58,93.64,0.022,189.0,0.026,220.0,97.16,0.21795,-0.07376,0.0606,0.00161,0.10566
192.06,ETH-27MAR20,1573124344421,open,0.36,169.0,0.308,0.436,0.37398,82.94,0.4,0.0,ETH-27MAR20-240-P,186.58,71.35,0.346,300.0,0.402,37.0,94.34,0.46879,-0.138,-0.6993,0.00397,-0.56939
186.63,SYN.ETH-8NOV19,1573124344421,open,0.0,361.0,0.001,0.011,1.1e-05,105.12,0.001,0.0,ETH-8NOV19-220-C,186.58,0.0,0.0,0.0,0.001,1.0,175.64,0.00024,-0.00197,0.0,0.00027,0.00077
186.63,SYN.ETH-8NOV19,1573124344421,open,0.0,351.0,0.001,0.011,0.000206,105.15,0.001,0.0,ETH-8NOV19-210-C,186.58,0.0,0.0,0.0,0.001,4.0,134.0,0.00281,-0.03837,5e-05,0.00319,0.01176
186.63,SYN.ETH-8NOV19,1573124344426,open,0.21,0.0,0.172,0.22,0.196445,180.28,None,0.0,ETH-8NOV19-150-C,186.58,0.0,0.0,0.0,0.204,1.0,354.59,0.00153,-0.13787,0.00357,0.00102,0.99411
189.47,ETH-27DEC19,1573124344437,open,1.92,0.0,1.871,2.047,1.956282,107.79,0.845,0.0,ETH-27DEC19-560-P,186.58,0.0,0.0,0.0,0.0,0.0,0.0,0.01166,-0.0126,-0.76387,0.00022,-0.99414
193.74,SYN.ETH-26JUN20,1573124344437,open,0.06,0.0,0.025,0.099,0.059763,93.13,None,0.0,ETH-26JUN20-480-C,186.58,91.41,0.056,140.0,0.064,298.0,95.02,0.42884,-0.08612,0.16934,0.00193,0.19735
187.85,SYN.ETH-29NOV19,1573124344451,open,0.0,539.0,0.001,0.012,0.002252,104.49,0.005,0.0,ETH-29NOV19-320-C,186.58,93.45,0.001,360.0,0.003,300.0,109.2,0.02716,-0.06487,0.0026,0.00123,0.02532
187.85,SYN.ETH-29NOV19,1573124344475,open,0.37,0.0,0.346,0.437,0.389994,84.1,None,0.0,ETH-29NOV19-260-P,186.58,0.0,0.0,0.0,0.0,0.0,0.0,0.06173,-0.11866,-0.14861,0.00347,-0.93002
187.85,SYN.ETH-29NOV19,1573124344475,open,0.47,0.0,0.452,0.484,0.468185,107.65,None,0.0,ETH-29NOV19-100-C,186.58,0.0,0.46,21.0,0.477,21.0,173.87,0.00759,-0.01868,0.05922,0.00033,0.9942
189.47,ETH-27DEC19,1573124344480,open,0.2,1371.0,0.16,0.227,0.195356,72.96,0.213,0.0,ETH-27DEC19-160-C,186.58,48.75,0.171,20.0,0.199,340.0,76.24,0.20906,-0.15292,0.15055,0.00584,0.77687
186.63,SYN.ETH-8NOV19,1573124344480,open,0.0,816.0,0.001,0.012,0.001212,91.22,0.002,0.0,ETH-8NOV19-200-C,186.58,87.56,0.001,45.0,0.002,200.0,102.51,0.01138,-0.22623,0.00028,0.01493,0.06348
189.47,ETH-27DEC19,1573124344487,open,0.09,10429.0,0.05,0.115,0.083658,72.28,0.092,0.0,ETH-27DEC19-200-C,186.58,70.47,0.081,264.0,0.087,320.0,74.55,0.27875,-0.20198,0.10069,0.00786,0.47256
193.74,SYN.ETH-26JUN20,1573124344487,open,0.05,41.0,0.021,0.09,0.052453,94.59,0.052,0.0,ETH-26JUN20-520-C,186.58,92.89,0.049,140.0,0.057,440.0,96.76,0.39877,-0.08133,0.15144,0.00177,0.1755
186.63,SYN.ETH-8NOV19,1573124344487,open,0.05,965.0,0.009,0.067,0.038693,75.59,0.038,0.0,ETH-8NOV19-180-C,186.58,0.0,0.035,40.0,0.042,40.0,100.25,0.02222,-0.83982,0.00359,0.03517,0.84025
186.63,SYN.ETH-8NOV19,1573124344487,open,0.1,593.0,0.062,0.118,0.089971,109.81,0.11,0.0,ETH-8NOV19-170-C,186.58,0.0,0.087,40.0,0.094,41.0,166.54,0.00772,-0.42381,0.0039,0.00841,0.96099
189.47,ETH-27DEC19,1573124344489,open,0.48,310.0,0.444,0.551,0.496357,83.9,0.49,0.0,ETH-27DEC19-280-P,186.58,0.0,0.001,8.0,0.0,0.0,0.0,0.15187,-0.12773,-0.35253,0.00369,-0.86526
192.06,ETH-27MAR20,1573124344489,open,0.15,1700.0,0.112,0.208,0.161372,80.47,0.155,0.0,ETH-27MAR20-180-P,186.58,74.25,0.147,250.0,0.159,300.0,79.45,0.44291,-0.1265,-0.38062,0.00387,-0.35209
192.06,ETH-27MAR20,1573124344489,open,0.09,1614.0,0.046,0.125,0.085823,84.37,0.09,0.0,ETH-27MAR20-280-C,186.58,82.2,0.081,260.0,0.091,285.0,86.67,0.42878,-0.1284,0.17639,0.00357,0.32378
193.74,SYN.ETH-26JUN20,1573124344489,open,0.04,5.0,0.019,0.063,0.039862,84.2,0.061,0.0,ETH-26JUN20-100-P,186.58,81.25,0.036,250.0,0.043,250.0,86.54,0.25745,-0.04674,-0.16384,0.00128,-0.09326
187.85,SYN.ETH-29NOV19,1573124344489,open,0.18,0.0,0.149,0.232,0.190648,72.35,None,0.0,ETH-29NOV19-220-P,186.58,0.0,0.17,50.0,0.0,0.0,0.0,0.13285,-0.21968,-0.11031,0.00868,-0.78915
193.74,SYN.ETH-26JUN20,1573124344489,open,0.7,0.0,0.684,0.711,0.697252,87.11,None,0.0,ETH-26JUN20-60-C,186.58,0.0,0.69,1.0,0.0,0.0,0.0,0.07763,-0.01458,0.34688,0.00037,0.97909
192.06,ETH-27MAR20,1573124344491,open,1.09,3.0,1.041,1.207,1.121668,92.78,1.39,0.0,ETH-27MAR20-400-P,186.58,0.0,0.001,10.0,0.0,0.0,0.0,0.29315,-0.09653,-1.45236,0.00222,-0.8376
192.06,ETH-27MAR20,1573124344503,open,0.02,30.0,0.007,0.033,0.017862,83.07,0.052,0.0,ETH-27MAR20-100-P,186.58,80.62,0.016,320.0,0.02,320.0,85.76,0.14935,-0.04403,-0.06063,0.00126,-0.06393
189.47,ETH-27DEC19,1573124344509,open,0.88,257.0,0.847,0.973,0.907531,97.85,0.995,0.0,ETH-27DEC19-360-P,186.58,0.0,0.01,7.0,0.0,0.0,0.0,0.07848,-0.07699,-0.47949,0.00163,-0.94449
186.63,SYN.ETH-8NOV19,1573124344530,open,0.0,1704.0,0.001,0.011,0.0,104.95,0.001,0.0,ETH-8NOV19-120-P,186.58,0.0,0.0,0.0,0.001,1.0,424.22,0.0,0.0,0.0,0.0,0.0
9351.2,BTC-27DEC19,1573124344540,open,0.0,438.0,0.0005,0.0115,0.00184077,99.19,0.003,0.0,BTC-27DEC19-22000-C,9190.27,92.17,0.001,41.0,0.0025,8.0,103.23,1.36683,-1.35907,0.17803,1e-05,0.01577
192.06,ETH-27MAR20,1573124344556,open,0.05,578.0,0.018,0.077,0.04539,87.99,0.06,0.0,ETH-27MAR20-360-C,186.58,85.33,0.041,557.0,0.049,297.0,90.09,0.32429,-0.10127,0.10755,0.00259,0.19048
192.06,ETH-27MAR20,1573124344556,open,0.15,268.0,0.098,0.189,0.146756,80.53,0.148,0.0,ETH-27MAR20-220-C,186.58,78.21,0.141,570.0,0.15,300.0,81.84,0.4759,-0.13603,0.25555,0.00415,0.4915
192.06,ETH-27MAR20,1573124344556,open,0.04,1069.0,0.014,0.069,0.038985,92.78,0.037,0.0,ETH-27MAR20-400-C,186.58,90.79,0.036,1.0,0.042,300.0,94.72,0.29315,-0.09653,0.09148,0.00222,0.1624
186.63,SYN.ETH-8NOV19,1573124344556,open,0.27,0.0,0.249,0.326,0.285687,0.0,None,0.0,ETH-8NOV19-240-P,186.58,0.0,0.0,0.0,0.308,1.0,500.0,0.0,0.0,-0.00576,0.0,-1.0
192.06,ETH-27MAR20,1573124344570,open,2.1,0.0,2.038,2.25,2.139261,101.7,None,0.0,ETH-27MAR20-600-P,186.58,0.0,0.02,10.0,0.0,0.0,0.0,0.15758,-0.05688,-2.27627,0.00109,-0.93148
187.85,SYN.ETH-29NOV19,1573124344570,open,0.0,1027.0,0.001,0.012,0.002034,96.04,0.003,0.0,ETH-29NOV19-120-P,186.58,85.99,0.001,660.0,0.003,347.0,102.82,0.02368,-0.05197,-0.00265,0.00117,-0.0215
192.06,ETH-27MAR20,1573124344572,open,0.21,749.0,0.166,0.275,0.222872,80.51,0.199,0.0,ETH-27MAR20-200-P,186.58,76.88,0.214,193.0,0.233,193.0,84.66,0.46926,-0.13408,-0.48608,0.00409,-0.43287
186.63,SYN.ETH-8NOV19,1573124344572,open,0.31,0.0,0.283,0.323,0.303586,279.97,None,0.0,ETH-8NOV19-130-C,186.58,0.0,0.0,0.0,0.31,1.0,500.0,0.00094,-0.13141,0.0031,0.0004,0.99659
9528.07,BTC-27MAR20,1573124344581,open,0.03,483.6,0.0115,0.047,0.02720791,71.94,0.0255,0.0,BTC-27MAR20-6000-P,9190.27,69.95,0.025,14.9,0.0285,15.0,73.09,10.70091,-2.73243,-4.8309,4e-05,-0.10416
189.47,ETH-27DEC19,1573124344581,open,0.01,1833.0,0.002,0.026,0.011299,91.36,0.011,0.0,ETH-27DEC19-320-C,186.58,89.0,0.01,5.0,0.013,780.0,94.25,0.10738,-0.09835,0.01865,0.0024,0.08334
9351.2,BTC-27DEC19,1573124344581,open,0.0,362.4,0.0005,0.0135,0.00379827,82.33,0.0035,0.0,BTC-27DEC19-5500-P,9190.27,78.84,0.003,41.0,0.0045,16.3,85.06,2.28482,-1.88578,-0.41872,2e-05,-0.02897
9528.07,BTC-27MAR20,1573124344581,open,0.01,85.8,0.0005,0.0215,0.00729501,97.83,0.009,0.0,BTC-27MAR20-34000-C,9190.27,95.07,0.006,33.0,0.008,5.0,99.2,4.76429,-1.6542,1.08453,1e-05,0.03679
9611.21,SYN.BTC-26JUN20,1573124344583,open,0.01,199.4,0.0005,0.021,0.01032264,72.71,0.0085,0.0,BTC-26JUN20-4000-P,9190.27,71.36,0.0095,3.0,0.0115,0.2,74.53,6.02073,-0.94391,-2.81203,1e-05,-0.03573
9193.1,SYN.BTC-8NOV19,1573124344583,open,0.0,617.7,0.0005,0.0105,0.00054081,91.29,0.0005,0.0,BTC-8NOV19-10000-C,9190.27,0.0,0.0,0.0,0.001,0.5,102.19,0.31907,-4.97171,0.00683,0.00017,0.03151
189.47,ETH-27DEC19,1573124344586,open,0.03,3454.0,0.008,0.047,0.025231,80.21,0.026,0.0,ETH-27DEC19-260-C,186.58,78.92,0.024,1.0,0.028,744.0,83.02,0.18315,-0.14726,0.03982,0.00466,0.17902
186.63,SYN.ETH-8NOV19,1573124344586,open,0.0,421.0,0.001,0.011,0.0,105.1,0.001,0.0,ETH-8NOV19-230-C,186.58,0.0,0.0,0.0,0.001,1.0,213.85,1e-05,-6e-05,0.0,1e-05,3e-05
192.06,ETH-27MAR20,1573124344593,open,0.01,379.0,0.003,0.03,0.012483,102.23,0.012,0.0,ETH-27MAR20-640-C,186.58,98.52,0.01,565.0,0.014,220.0,104.29,0.13715,-0.04977,0.03325,0.00094,0.05733
186.63,SYN.ETH-8NOV19,1573124344593,open,0.02,387.0,0.001,0.053,0.023674,64.17,0.033,0.0,ETH-8NOV19-190-P,186.58,40.07,0.02,40.0,0.028,40.0,88.83,0.03129,-1.00382,-0.00329,0.05835,-0.71006
189.47,ETH-27DEC19,1573124344595,open,0.04,11501.0,0.018,0.065,0.039739,72.89,0.04,0.0,ETH-27DEC19-160-P,186.58,70.39,0.037,411.0,0.042,340.0,74.93,0.20899,-0.15272,-0.06802,0.00584,-0.22299
189.47,ETH-27DEC19,1573124344595,open,0.01,10139.0,0.001,0.016,0.005468,104.12,0.005,0.0,ETH-27DEC19-400-C,186.58,99.08,0.004,300.0,0.007,460.0,108.56,0.06053,-0.06318,0.00898,0.00119,0.04015
189.47,ETH-27DEC19,1573124344595,open,0.01,1206.0,0.001,0.019,0.007394,97.61,0.008,0.0,ETH-27DEC19-360-C,186.58,94.01,0.006,320.0,0.009,780.0,101.3,0.07787,-0.0762,0.01232,0.00163,0.05497
192.06,ETH-27MAR20,1573124344595,open,0.28,719.0,0.229,0.315,0.276149,80.53,0.286,0.0,ETH-27MAR20-160-C,186.58,76.06,0.267,253.0,0.284,253.0,84.35,0.39394,-0.1126,0.33701,0.00344,0.73079
193.74,SYN.ETH-26JUN20,1573124344595,open,0.27,1.0,0.214,0.338,0.279033,82.74,0.276,0.0,ETH-26JUN20-200-P,186.58,80.44,0.272,210.0,0.284,402.0,84.36,0.5921,-0.10564,-0.8224,0.003,-0.38917
193.74,SYN.ETH-26JUN20,1573124344595,open,0.16,310.0,0.096,0.203,0.152501,87.09,0.152,0.0,ETH-26JUN20-280-C,186.58,86.29,0.15,10.0,0.155,459.0,87.89,0.60574,-0.11375,0.33809,0.00292,0.4272
186.63,SYN.ETH-8NOV19,1573124344595,open,0.0,452.0,0.001,0.011,0.000666,104.76,0.002,0.0,ETH-8NOV19-170-P,186.58,0.0,0.0,0.0,0.003,548.0,145.09,0.00665,-0.12435,-0.00015,0.0076,-0.03255
192.06,ETH-27MAR20,1573124344627,open,0.34,0.0,0.297,0.373,0.338279,80.53,None,0.0,ETH-27MAR20-140-C,186.58,60.13,0.306,22.0,0.363,22.0,94.89,0.32259,-0.0922,0.35052,0.00281,0.81114
9193.1,SYN.BTC-8NOV19,1573124344630,open,0.01,184.8,0.0005,0.0355,0.01429743,55.74,0.0115,0.0,BTC-8NOV19-9250-P,9190.27,46.28,0.0125,12.4,0.0155,1.4,62.01,1.75633,-48.94539,-0.13198,0.00155,-0.5841
9528.07,BTC-27MAR20,1573124344650,open,0.05,1454.4,0.0185,0.076,0.04436945,77.71,0.047,0.0,BTC-27MAR20-16000-C,9190.27,76.35,0.042,19.5,0.047,19.5,79.2,16.70271,-4.60695,5.82026,6e-05,0.20264
9351.2,BTC-27DEC19,1573124344652,open,2.4,0.3,2.355,2.4925,2.42212335,102.16,1.875,0.0,BTC-27DEC19-32000-P,9190.27,0.0,2.3815,1.0,2.4615,1.0,218.92,0.12425,-0.12725,-43.71423,0.0,-0.99893
9611.21,SYN.BTC-26JUN20,1573124344652,open,0.06,74.8,0.026,0.0995,0.05953874,81.85,0.0625,0.0,BTC-26JUN20-20000-C,9190.27,79.86,0.055,5.0,0.0625,14.6,83.12,22.24372,-3.92593,9.35179,5e-05,0.2127
9193.1,SYN.BTC-8NOV19,1573124344659,open,0.19,0.0,0.1735,0.221,0.19655199,100.54,None,0.0,BTC-8NOV19-11000-P,9190.27,0.0,0.181,2.0,0.2145,2.0,378.83,0.00257,-0.12923,-0.26388,0.0,-0.99985
9528.07,BTC-27MAR20,1573124344667,open,1.52,0.0,1.4745,1.6035,1.53508111,88.43,None,0.0,BTC-27MAR20-24000-P,9190.27,0.0,1.484,1.0,1.572,1.0,116.85,8.77667,-2.75449,-90.29503,3e-05,-0.92028
9351.2,BTC-27DEC19,1573124344682,open,0.0,868.9,0.0005,0.0105,6.022e-05,100.0,0.0005,0.0,BTC-27DEC19-3000-P,9190.27,0.0,0.0,0.0,0.001,29.3,133.72,0.06782,-0.06798,-0.00788,0.0,-0.00056
9351.2,BTC-27DEC19,1573124344682,open,0.23,293.7,0.1945,0.2455,0.22067852,67.18,0.2455,0.0,BTC-27DEC19-7500-C,9190.27,49.46,0.207,8.1,0.232,14.0,79.27,8.26021,-5.5634,7.96911,0.0001,0.84434
9351.2,BTC-27DEC19,1573124344682,open,0.01,331.7,0.0045,0.029,0.0143293,69.44,0.0145,0.0,BTC-27DEC19-7000-P,9190.27,67.41,0.013,36.0,0.0155,33.0,71.16,6.26189,-4.35893,-1.51782,8e-05,-0.10445
9351.2,BTC-27DEC19,1573124344682,open,0.0,685.2,0.0005,0.011,0.00100161,100.0,0.0025,0.0,BTC-27DEC19-24000-C,9190.27,99.98,0.001,16.0,0.002,8.0,108.52,0.84146,-0.84355,0.1024,1e-05,0.00902
9193.1,SYN.BTC-8NOV19,1573124344684,open,0.0,1026.4,0.0005,0.0105,0.00022045,100.0,0.001,0.0,BTC-8NOV19-8250-P,9190.27,0.0,0.0,0.0,0.001,29.5,127.57,0.14804,-2.02663,-0.00286,7e-05,-0.01273
9351.2,BTC-27DEC19,1573124344690,open,0.73,0.0,0.723,0.7425,0.73266099,98.26,None,0.0,BTC-27DEC19-2500-C,9190.27,0.0,0.7245,13.0,0.74,13.0,212.35,0.00959,-0.00944,3.41519,0.0,0.99993
9528.07,BTC-27MAR20,1573124344711,open,0.09,325.5,0.0585,0.1295,0.0937929,71.59,0.087,0.0,BTC-27MAR20-8000-P,9190.27,69.01,0.0885,12.0,0.0945,5.0,71.94,19.54119,-4.96549,-13.34699,8e-05,-0.26915
9260.85,SYN.BTC-29NOV19,1573124344713,open,0.2,67.8,0.1765,0.218,0.19727228,67.58,0.195,0.0,BTC-29NOV19-7500-C,9190.27,0.0,0.177,6.0,0.216,6.0,103.66,3.59957,-5.55979,3.97078,0.0001,0.91268
9260.85,SYN.BTC-29NOV19,1573124344713,open,0.0,658.9,0.0005,0.0125,0.00279467,82.99,0.003,0.0,BTC-29NOV19-6500-P,9190.27,78.1,0.002,34.0,0.0035,20.0,86.69,1.65225,-3.13408,-0.19643,4e-05,-0.0326
9611.21,SYN.BTC-26JUN20,1573124344720,open,1.32,0.0,1.268,1.418,1.34006653,84.18,None,0.0,BTC-26JUN20-22000-P,9190.27,0.0,1.265,1.0,1.368,1.0,96.23,20.40576,-3.70398,-131.62115,4e-05,-0.81562
9351.2,BTC-27DEC19,1573124344756,open,0.0,449.3,0.0005,0.0105,2.39e-06,100.0,0.0005,0.0,BTC-27DEC19-44000-C,9190.27,0.0,0.0,0.0,0.001,41.0,151.44,0.00454,-0.00455,0.00037,0.0,3e-05
9260.85,SYN.BTC-29NOV19,1573124344794,open,0.0,1094.2,0.0005,0.0135,0.00359574,78.74,0.0045,0.0,BTC-29NOV19-13000-C,9190.27,76.18,0.003,16.0,0.0045,16.0,82.2,2.26893,-4.08336,0.2473,6e-05,0.04815
9193.1,SYN.BTC-8NOV19,1573124344826,open,0.0,299.0,0.0005,0.0105,0.00094357,76.17,0.001,0.0,BTC-8NOV19-9750-C,9190.27,67.2,0.0005,1.1,0.001,0.9,77.12,0.53385,-8.67433,0.01295,0.00035,0.05964
9351.2,BTC-27DEC19,1573124344836,open,4.52,0.8,4.452,4.6745,4.56082556,128.75,3.59,0.0,BTC-27DEC19-52000-P,9190.27,0.0,0.001,1.0,0.0,0.0,0.0,0.04761,-0.06145,-71.05147,0.0,-0.99962
9260.85,SYN.BTC-29NOV19,1573124344836,open,0.02,395.2,0.011,0.049,0.02526099,61.17,0.024,0.0,BTC-29NOV19-8500-P,9190.27,59.57,0.024,25.0,0.026,16.8,62.1,7.33485,-10.25466,-1.57606,0.00023,-0.2587
9193.1,SYN.BTC-8NOV19,1573124344871,open,0.32,0.0,0.3065,0.3595,0.33252201,137.27,None,0.0,BTC-8NOV19-12250-P,9190.27,0.0,0.312,1.0,0.353,1.0,500.0,0.00023,-0.01564,-0.29389,0.0,-0.99999
9528.06,BTC-27MAR20,1573124344938,open,0.1,964.2,0.0595,0.1385,0.09929552,73.53,0.1,0.0,BTC-27MAR20-12000-C,9190.27,72.15,0.096,14.7,0.102,18.7,74.66,22.72911,-5.93192,10.73006,9e-05,0.39107
9611.21,SYN.BTC-26JUN20,1573124344938,open,0.03,4.3,0.01,0.0635,0.03170444,87.99,0.039,0.0,BTC-26JUN20-28000-C,9190.27,85.59,0.028,3.0,0.036,15.0,90.59,15.34086,-2.91062,5.40244,3e-05,0.12019
9528.06,BTC-27MAR20,1573124344962,open,0.01,155.2,0.002,0.0245,0.01199343,74.12,0.013,0.0,BTC-27MAR20-5000-P,9190.27,71.77,0.0105,21.0,0.0135,18.0,76.35,6.2491,-1.64384,-2.33445,2e-05,-0.05149
9351.2,BTC-27DEC19,1573124344981,open,0.0,255.7,0.0005,0.0105,1e-08,100.0,0.001,0.0,BTC-27DEC19-1500-P,9190.27,0.0,0.0,0.0,0.0005,17.9,195.64,3e-05,-3e-05,0.0,0.0,0.0
9260.85,SYN.BTC-29NOV19,1573124344988,open,0.0,234.2,0.0005,0.012,0.0024124,85.98,0.0025,0.0,BTC-29NOV19-14000-C,9190.27,83.47,0.002,16.0,0.0035,31.0,91.54,1.60949,-3.16295,0.16188,4e-05,0.03158
9351.2,BTC-27DEC19,1573124345024,open,0.03,852.1,0.016,0.0575,0.03526458,65.77,0.0345,0.0,BTC-27DEC19-8000-P,9190.27,64.16,0.0335,31.3,0.0365,12.8,66.89,10.30379,-6.79347,-3.29482,0.00013,-0.22259
9528.06,BTC-27MAR20,1573124345026,open,0.05,65.9,0.0285,0.0825,0.05434392,71.6,0.05,0.0,BTC-27MAR20-7000-P,9190.27,68.91,0.05,13.6,0.0555,5.0,72.31,15.52933,-3.94625,-8.61578,6e-05,-0.17994
192.06,ETH-27MAR20,1573124345034,open,0.42,40.0,0.381,0.444,0.414232,82.85,0.459,0.0,ETH-27MAR20-120-C,186.58,56.92,0.387,23.0,0.433,23.0,97.07,0.23977,-0.07051,0.34469,0.00203,0.87922
9260.85,SYN.BTC-29NOV19,1573124345038,open,0.0,443.4,0.0005,0.0115,0.00152266,89.08,0.0015,0.0,BTC-29NOV19-6000-P,9190.27,83.58,0.001,26.5,0.002,17.0,93.14,0.99866,-2.03332,-0.10778,2e-05,-0.0179
9351.2,BTC-27DEC19,1573124345045,open,3.67,0.0,3.6135,3.8015,3.70531608,116.76,3.46,0.0,BTC-27DEC19-44000-P,9190.27,0.0,0.001,1.0,0.0,0.0,0.0,0.04676,-0.05473,-60.11985,0.0,-0.99963
9611.21,SYN.BTC-26JUN20,1573124345083,open,0.04,9.6,0.016,0.0785,0.04276051,85.4,0.045,0.0,BTC-26JUN20-24000-C,9190.27,83.94,0.04,0.9,0.045,15.0,86.55,18.46051,-3.39954,7.01601,4e-05,0.15767
187.04,SYN.ETH-15NOV19,1573124345107,open,0.02,268.0,0.004,0.043,0.020385,62.85,0.02,0.0,ETH-15NOV19-180-P,186.58,58.29,0.018,5.0,0.023,274.0,67.78,0.09853,-0.39316,-0.01383,0.02077,-0.32222
187.04,SYN.ETH-15NOV19,1573124345107,open,0.01,784.0,0.001,0.023,0.007686,65.33,0.006,0.0,ETH-15NOV19-170-P,186.58,60.16,0.006,160.0,0.009,10.0,69.09,0.06361,-0.26381,-0.0063,0.0129,-0.14842
187.04,SYN.ETH-15NOV19,1573124345107,open,0.01,311.0,0.001,0.022,0.00765,71.67,0.016,0.0,ETH-15NOV19-210-C,186.58,66.58,0.006,161.0,0.009,339.0,75.54,0.06334,-0.28822,0.00564,0.01171,0.14749
187.04,SYN.ETH-15NOV19,1573124345107,open,0.07,442.0,0.028,0.086,0.058203,63.23,0.078,0.0,ETH-15NOV19-180-C,186.58,57.1,0.055,120.0,0.063,311.0,72.23,0.09863,-0.39591,0.02497,0.02067,0.677
187.04,SYN.ETH-15NOV19,1573124345107,open,0.02,264.0,0.002,0.034,0.014708,66.38,0.022,0.0,ETH-15NOV19-200-C,186.58,62.75,0.013,160.0,0.017,286.0,71.1,0.08939,-0.3767,0.00996,0.01784,0.26156
187.04,SYN.ETH-15NOV19,1573124345107,open,0.0,237.0,0.001,0.015,0.00415,77.71,0.004,0.0,ETH-15NOV19-160-P,186.58,71.87,0.003,8.0,0.005,343.0,81.54,0.03972,-0.19595,-0.00328,0.00677,-0.0771
187.04,SYN.ETH-15NOV19,1573124345107,open,0.07,201.0,0.049,0.118,0.0838,65.92,0.081,0.0,ETH-15NOV19-200-P,186.58,55.38,0.079,40.0,0.088,40.0,74.5,0.0891,-0.37286,-0.03325,0.01791,-0.74011
187.04,SYN.ETH-15NOV19,1573124345107,open,0.0,900.0,0.001,0.011,0.001046,98.36,0.001,0.0,ETH-15NOV19-140-P,186.58,0.0,0.0,0.0,0.002,3.0,109.72,0.01268,-0.07918,-0.00081,0.00171,-0.0189
187.04,SYN.ETH-15NOV19,1573124345107,open,0.0,257.0,0.001,0.012,0.002088,88.08,0.002,0.0,ETH-15NOV19-150-P,186.58,77.27,0.001,200.0,0.003,46.0,94.8,0.02288,-0.12794,-0.00163,0.00344,-0.03835
187.04,SYN.ETH-15NOV19,1573124345107,open,0.04,400.0,0.008,0.054,0.029713,62.83,0.046,0.0,ETH-15NOV19-190-C,186.58,58.16,0.027,120.0,0.033,261.0,68.48,0.10876,-0.43386,0.01699,0.02293,0.45058
187.04,SYN.ETH-15NOV19,1573124345107,open,0.04,292.0,0.018,0.075,0.04535,62.47,0.036,0.0,ETH-15NOV19-190-P,186.58,54.98,0.041,120.0,0.049,215.0,68.74,0.10875,-0.43132,-0.02402,0.02306,-0.54991
187.04,SYN.ETH-15NOV19,1573124345107,open,0.12,0.0,0.094,0.167,0.130195,70.99,None,0.0,ETH-15NOV19-210-P,186.58,0.0,0.122,50.0,0.0,0.0,0.0,0.0626,-0.28214,-0.03976,0.01168,-0.85506
187.04,SYN.ETH-15NOV19,1573124345107,open,0.0,111.0,0.001,0.013,0.003415,88.47,0.003,0.0,ETH-15NOV19-230-C,186.58,79.6,0.002,200.0,0.005,548.0,96.28,0.03421,-0.19214,0.00242,0.00512,0.0635
9528.06,BTC-27MAR20,1573124345141,open,0.0,609.0,0.0005,0.015,0.00436113,100.0,0.0065,0.0,BTC-27MAR20-40000-C,9190.27,101.81,0.005,3.2,0.006,20.0,104.36,3.20478,-1.13745,0.679,1e-05,0.02282
187.44,SYN.ETH-22NOV19,1573124345248,open,0.0,0.043,0.104,0.075038,66.98,None,0.0,ETH-22NOV19-180-C,186.58,58.92,0.069,332.0,0.078,332.0,70.91,0.14112,-0.31773,0.04341,0.01471,0.64326
187.44,SYN.ETH-22NOV19,1573124345248,open,15.0,0.004,0.038,0.018122,70.49,0.014,0.0,ETH-22NOV19-210-C,186.58,68.65,0.017,2.0,0.02,449.0,73.48,0.11587,-0.2745,0.01645,0.01148,0.23347
187.44,SYN.ETH-22NOV19,1573124345248,open,0.0,0.004,0.037,0.017682,66.96,None,0.0,ETH-22NOV19-170-P,186.58,60.55,0.014,449.0,0.019,449.0,69.18,0.11049,-0.24869,-0.01776,0.01152,-0.21474
187.44,SYN.ETH-22NOV19,1573124345248,open,0.0,0.001,0.014,0.004731,77.03,None,0.0,ETH-22NOV19-150-P,186.58,69.53,0.003,200.0,0.006,300.0,81.68,0.04823,-0.12486,-0.00536,0.00437,-0.06543
187.44,SYN.ETH-22NOV19,1573124345248,open,0.0,0.029,0.09,0.059168,64.25,None,0.0,ETH-22NOV19-190-P,186.58,57.82,0.054,344.0,0.063,344.0,69.01,0.15084,-0.32574,-0.04392,0.0164,-0.51582
187.44,SYN.ETH-22NOV19,1573124345248,open,15.0,0.002,0.027,0.011395,73.35,0.008,0.0,ETH-22NOV19-220-C,186.58,70.4,0.01,1.0,0.013,458.0,76.58,0.09087,-0.22405,0.01111,0.00865,0.15684
187.44,SYN.ETH-22NOV19,1573124345248,open,15.0,0.009,0.053,0.029344,68.14,0.024,0.0,ETH-22NOV19-200-C,186.58,62.23,0.025,435.0,0.032,435.0,71.7,0.13921,-0.31883,0.02401,0.01427,0.34361
187.44,SYN.ETH-22NOV19,1573124345250,open,0.0,0.001,0.016,0.005227,80.86,None,0.0,ETH-22NOV19-240-C,186.58,76.31,0.004,200.0,0.007,500.0,86.55,0.0541,-0.14702,0.00541,0.00467,0.07598
187.44,SYN.ETH-22NOV19,1573124345250,open,0.0,0.06,0.132,0.09613,67.86,None,0.0,ETH-22NOV19-200-P,186.58,58.07,0.089,120.0,0.098,120.0,70.37,0.13908,-0.31721,-0.05755,0.01431,-0.65722
9260.85,SYN.BTC-29NOV19,1573124345317,open,0.11,52.1,0.0825,0.1435,0.1101177,61.37,0.098,0.0,BTC-29NOV19-10000-P,9190.27,56.68,0.106,9.6,0.1115,9.6,62.92,8.22465,-11.53641,-4.32204,0.00026,-0.66858
9193.1,SYN.BTC-8NOV19,1573124345317,open,0.01,260.5,0.0005,0.0265,0.00810728,55.73,0.008,0.0,BTC-8NOV19-9250-C,9190.27,49.92,0.007,12.4,0.008,0.1,55.17,1.75633,-48.94447,0.08994,0.00155,0.4159
9528.06,BTC-27MAR20,1573124345328,open,0.26,257.7,0.2145,0.2905,0.25416875,71.59,0.25,0.0,BTC-27MAR20-8000-C,9190.27,68.58,0.248,16.1,0.255,6.0,72.0,19.54121,-4.96552,17.5298,8e-05,0.73085
9528.06,BTC-27MAR20,1573124345328,open,0.02,227.8,0.0055,0.0425,0.01953279,85.66,0.021,0.0,BTC-27MAR20-22000-C,9190.27,83.68,0.0175,32.0,0.0215,27.0,87.47,10.05922,-3.05813,2.80109,3e-05,0.0957
9528.06,BTC-27MAR20,1573124345328,open,0.0,1259.6,0.0005,0.015,0.00501274,79.64,0.005,0.0,BTC-27MAR20-4000-P,9190.27,76.41,0.004,10.0,0.0055,6.0,81.06,3.18538,-0.90037,-1.01769,1e-05,-0.02266
9351.2,BTC-27DEC19,1573124345328,open,0.0,1544.5,0.0005,0.0105,3e-07,100.0,0.001,0.0,BTC-27DEC19-52000-C,9190.27,0.0,0.0,0.0,0.001,24.9,164.89,0.00067,-0.00067,5e-05,0.0,0.0
9260.85,SYN.BTC-29NOV19,1573124345330,open,0.04,218.1,0.0255,0.0745,0.04472629,60.0,0.047,0.0,BTC-29NOV19-9000-P,9190.27,56.57,0.0415,24.0,0.0455,4.0,60.82,8.72578,-11.96661,-2.43712,0.00028,-0.39437
9528.06,BTC-27MAR20,1573124345353,open,0.16,477.2,0.113,0.197,0.15661941,71.59,0.16,0.0,BTC-27MAR20-10000-C,9190.27,69.51,0.1515,17.3,0.158,6.0,72.15,23.4628,-5.96161,14.29188,9e-05,0.54525
9528.06,BTC-27MAR20,1573124345415,open,0.2,25.1,0.157,0.2395,0.20019944,71.59,0.197,0.0,BTC-27MAR20-9000-C,9190.27,68.72,0.1935,10.6,0.2005,6.0,71.72,22.2074,-5.64277,16.0649,9e-05,0.63705
9193.1,SYN.BTC-8NOV19,1573124345551,open,0.08,111.7,0.057,0.097,0.07633008,96.88,0.0845,0.0,BTC-8NOV19-8500-C,9190.27,89.16,0.076,0.1,0.0785,4.1,128.69,0.44125,-21.37323,0.19338,0.00022,0.9531
9193.1,SYN.BTC-8NOV19,1573124345551,open,0.06,88.4,0.029,0.071,0.05005046,79.54,0.074,0.0,BTC-8NOV19-8750-C,9190.27,72.58,0.0495,0.1,0.052,4.1,98.99,0.78434,-31.19423,0.18769,0.00049,0.90102
9351.22,BTC-27DEC19,1573124345593,open,0.04,935.4,0.0185,0.066,0.04108913,66.94,0.043,0.0,BTC-27DEC19-11000-C,9190.27,66.08,0.04,20.1,0.0425,18.8,68.04,11.96708,-8.03037,3.27218,0.00015,0.29717
9351.22,BTC-27DEC19,1573124345593,open,0.32,66.1,0.2945,0.334,0.31393245,72.68,0.355,0.0,BTC-27DEC19-6500-C,9190.27,48.01,0.306,8.1,0.329,8.0,97.15,4.5574,-3.32051,7.89306,5e-05,0.93164
9193.1,SYN.BTC-8NOV19,1573124345593,open,0.0,170.5,0.0005,0.0105,1e-08,100.0,0.0005,0.0,BTC-8NOV19-7250-P,9190.27,0.0,0.0,0.0,0.0005,2.3,222.39,1e-05,-5e-05,0.0,0.0,0.0
9611.2,SYN.BTC-26JUN20,1573124345593,open,0.36,1.5,0.32,0.397,0.36002873,72.48,0.419,0.0,BTC-26JUN20-7000-C,9190.27,64.54,0.3425,7.0,0.3935,4.0,87.18,21.51858,-3.36294,26.79525,5e-05,0.79888
9351.22,BTC-27DEC19,1573124345595,open,0.0,106.3,0.0005,0.0105,5.5e-07,100.0,0.0005,0.0,BTC-27DEC19-2000-P,9190.27,0.0,0.0,0.0,0.001,21.0,179.51,0.00104,-0.00104,-9e-05,0.0,-1e-05
9193.1,SYN.BTC-8NOV19,1573124345595,open,0.0,60.8,0.0005,0.0105,0.0,100.0,0.0005,0.0,BTC-8NOV19-6250-P,9190.27,0.0,0.0,0.0,0.0005,0.4,342.07,0.0,0.0,0.0,0.0,0.0
9611.2,SYN.BTC-26JUN20,1573124345595,open,0.07,65.1,0.035,0.1145,0.07217692,79.84,0.0755,0.0,BTC-26JUN20-18000-C,9190.27,78.18,0.068,17.2,0.077,14.3,81.72,24.45324,-4.21,10.98794,5e-05,0.25214
9611.2,SYN.BTC-26JUN20,1573124345601,open,0.4,2.1,0.3395,0.4625,0.40241578,73.92,0.388,0.0,BTC-26JUN20-12000-P,9190.27,57.19,0.35,2.0,0.4435,2.0,86.85,30.45811,-4.85494,-57.0986,7e-05,-0.53274
189.46,ETH-27DEC19,1573124345609,open,0.2,2728.0,0.169,0.263,0.216783,75.22,0.274,0.0,ETH-27DEC19-220-P,186.58,40.85,0.175,14.0,0.254,14.0,101.63,0.25807,-0.1946,-0.22566,0.007,-0.65487
9528.06,BTC-27MAR20,1573124345622,open,2.55,0.0,2.5,2.66,2.57569486,97.81,None,0.0,BTC-27MAR20-34000-P,9190.27,0.0,0.0,0.0,0.0,0.0,0.0,4.76112,-1.65285,-130.14297,1e-05,-0.96324
9351.22,BTC-27DEC19,1573124345623,open,0.0,349.0,0.0005,0.0105,8.2e-07,100.0,0.0005,0.0,BTC-27DEC19-48000-C,9190.27,0.0,0.0,0.0,0.001,41.0,158.48,0.00172,-0.00172,0.00013,0.0,1e-05
9193.1,SYN.BTC-8NOV19,1573124345623,open,0.35,0.0,0.3335,0.3875,0.35971629,146.52,None,0.0,BTC-8NOV19-12500-P,9190.27,0.0,0.3425,1.0,0.381,1.0,500.0,0.00022,-0.01604,-0.29989,0.0,-0.99999
9193.1,SYN.BTC-8NOV19,1573124345623,open,0.0,321.8,0.0005,0.0105,0.0,100.0,0.0005,0.0,BTC-8NOV19-11750-C,9190.27,0.0,0.0,0.0,0.001,1.0,244.3,1e-05,-3e-05,0.0,0.0,0.0
9193.1,SYN.BTC-8NOV19,1573124345661,open,0.06,12.5,0.04,0.085,0.06152223,76.17,0.047,0.0,BTC-8NOV19-9750-P,9190.27,0.0,0.0595,4.0,0.062,0.1,83.53,0.53388,-20.33242,-0.22097,0.00035,-0.94036
189.47,ETH-27DEC19,1573124345663,open,0.29,2287.0,0.253,0.352,0.3031,77.18,0.302,0.0,ETH-27DEC19-240-P,186.58,26.73,0.267,11.0,0.34,11.0,106.06,0.22083,-0.17086,-0.27361,0.00583,-0.75365
9611.2,SYN.BTC-26JUN20,1573124345674,open,0.69,0.0,0.682,0.7025,0.69192577,78.32,None,0.0,BTC-26JUN20-3000-C,9190.27,0.0,0.6865,6.0,0.702,6.0,101.16,2.85545,-0.48221,17.91115,1e-05,0.98527
9193.1,SYN.BTC-8NOV19,1573124345676,open,0.0,137.9,0.0005,0.0105,0.0,100.0,0.0005,0.0,BTC-8NOV19-6500-P,9190.27,0.0,0.0,0.0,0.001,1.0,342.6,0.0,0.0,0.0,0.0,0.0
9193.1,SYN.BTC-8NOV19,1573124345676,open,0.0,60.6,0.0005,0.0105,0.0,100.0,0.0005,0.0,BTC-8NOV19-6000-P,9190.27,0.0,0.0,0.0,0.0015,24.0,437.58,0.0,0.0,0.0,0.0,0.0
9528.06,BTC-27MAR20,1573124345678,open,0.71,1.1,0.669,0.7815,0.72361651,77.71,1.08,0.0,BTC-27MAR20-16000-P,9190.27,41.52,0.682,2.0,0.763,2.0,97.8,16.70221,-4.6067,-55.9337,6e-05,-0.79737
9528.06,BTC-27MAR20,1573124345678,open,3.17,1.0,3.1165,3.297,3.2024787,99.97,2.7125,0.0,BTC-27MAR20-40000-P,9190.27,0.0,0.0005,2.0,0.0,0.0,0.0,3.20038,-1.13559,-153.70637,1e-05,-0.97721
9193.1,SYN.BTC-8NOV19,1573124345682,open,0.0,195.7,0.0005,0.0105,0.0,100.0,0.0005,0.0,BTC-8NOV19-12250-C,9190.27,0.0,0.0,0.0,0.0015,24.0,296.13,0.0,0.0,0.0,0.0,0.0
9215.68,SYN.BTC-15NOV19,1573124345691,open,0.19,0.0,0.17,0.206,0.18763644,77.86,None,0.0,BTC-15NOV19-7500-C,9190.27,0.0,0.176,4.0,0.201,4.0,138.34,0.9605,-4.74782,1.55263,7e-05,0.96844
9215.68,SYN.BTC-15NOV19,1573124345691,open,0.14,0.0,0.115,0.1555,0.13517186,67.84,None,0.0,BTC-15NOV19-8000-C,9190.27,0.0,0.116,4.0,0.15,4.0,116.09,1.83474,-7.90212,1.5788,0.00015,0.92914
9215.68,SYN.BTC-15NOV19,1573124345691,open,0.22,0.0,0.1975,0.232,0.21431773,83.28,None,0.0,BTC-15NOV19-7250-C,9190.27,0.0,0.2,4.0,0.226,4.0,146.62,0.69883,-3.69477,1.51942,5e-05,0.97843
9215.68,SYN.BTC-15NOV19,1573124345698,open,0.12,7.9,0.088,0.1305,0.10954323,62.29,0.119,0.0,BTC-15NOV19-8250-C,9190.27,53.69,0.1075,4.0,0.1125,4.0,72.3,2.45537,-9.70962,1.56259,0.00022,0.89536
9215.68,SYN.BTC-15NOV19,1573124345698,open,0.01,301.6,0.0005,0.023,0.00818045,58.49,0.0085,0.0,BTC-15NOV19-10000-C,9190.27,56.72,0.0075,16.0,0.01,26.0,63.03,3.57719,-13.28401,0.3457,0.00033,0.18203
9215.68,SYN.BTC-15NOV19,1573124345698,open,0.17,0.0,0.1425,0.1805,0.16110527,72.03,None,0.0,BTC-15NOV19-7750-C,9190.27,0.0,0.144,4.0,0.175,4.0,126.13,1.29497,-5.92185,1.57763,0.0001,0.95448
9215.68,SYN.BTC-15NOV19,1573124345698,open,0.01,225.8,0.0005,0.022,0.0080026,59.38,0.0095,0.0,BTC-15NOV19-8500-P,9190.27,55.14,0.0065,16.3,0.009,31.0,62.05,3.3724,-12.71318,-0.34583,0.00031,-0.16592
9215.68,SYN.BTC-15NOV19,1573124345698,open,0.01,92.3,0.0025,0.0325,0.01268368,55.63,0.0125,0.0,BTC-15NOV19-8750-P,9190.27,55.23,0.0125,10.8,0.013,3.5,56.3,4.29896,-15.18152,-0.52173,0.00042,-0.24969
9215.68,SYN.BTC-15NOV19,1573124345700,open,0.11,1.8,0.0925,0.1445,0.11791766,61.79,0.103,0.0,BTC-15NOV19-10250-P,9190.27,0.0,0.0965,3.0,0.135,3.0,103.25,2.86321,-11.23208,-1.96453,0.00025,-0.87003
9215.68,SYN.BTC-15NOV19,1573124345700,open,0.01,243.6,0.0025,0.0315,0.01245068,56.13,0.0125,0.0,BTC-15NOV19-9750-C,9190.27,55.18,0.012,0.1,0.0145,0.2,60.36,4.39369,-15.65616,0.49287,0.00043,0.26031
9215.68,SYN.BTC-15NOV19,1573124345700,open,0.02,160.8,0.007,0.045,0.02171177,55.38,0.0215,0.0,BTC-15NOV19-9000-P,9190.27,54.1,0.021,0.1,0.023,5.0,57.7,5.1113,-17.97096,-0.77896,0.0005,-0.37002
9215.68,SYN.BTC-15NOV19,1573124345700,open,0.19,0.0,0.1705,0.223,0.19555593,69.93,None,0.0,BTC-15NOV19-11000-P,9190.27,0.0,0.1765,3.0,0.2135,3.0,129.99,1.33556,-5.92945,-2.28329,0.0001,-0.9527
9215.68,SYN.BTC-15NOV19,1573124345702,open,0.14,0.0,0.118,0.1705,0.14343707,65.23,None,0.0,BTC-15NOV19-10500-P,9190.27,0.0,0.1195,3.0,0.1585,3.0,107.12,2.27844,-9.43521,-2.08588,0.00019,-0.90554
9215.68,SYN.BTC-15NOV19,1573124345702,open,0.16,0.0,0.1445,0.197,0.16942835,68.35,None,0.0,BTC-15NOV19-10750-P,9190.27,0.0,0.1465,3.0,0.185,3.0,116.47,1.79674,-7.79685,-2.18827,0.00014,-0.93104
9611.2,SYN.BTC-26JUN20,1573124345718,open,0.09,142.8,0.054,0.124,0.08834401,72.47,0.0785,0.0,BTC-26JUN20-7000-P,9190.27,68.5,0.0795,15.9,0.0905,12.9,73.44,21.51854,-3.36291,-17.67393,5e-05,-0.20112
9611.2,SYN.BTC-26JUN20,1573124345721,open,1.72,0.0,1.6665,1.824,1.74127019,86.44,None,0.0,BTC-26JUN20-26000-P,9190.27,0.0,0.0,0.0,0.0,0.0,0.0,16.69068,-3.11115,-159.09058,3e-05,-0.86431
9611.2,SYN.BTC-26JUN20,1573124345764,open,0.93,0.0,0.876,1.017,0.94498762,79.84,None,0.0,BTC-26JUN20-18000-P,9190.27,42.44,0.8785,1.0,0.988,1.0,95.6,24.45283,-4.20984,-103.36197,5e-05,-0.74787
9611.2,SYN.BTC-26JUN20,1573124345803,open,0.13,152.9,0.091,0.177,0.13451235,72.47,0.1225,0.0,BTC-26JUN20-8000-P,9190.27,70.39,0.129,2.0,0.1365,3.0,73.23,25.42734,-3.97377,-24.82688,6e-05,-0.2721
9611.2,SYN.BTC-26JUN20,1573124345803,open,0.09,29.0,0.0495,0.137,0.09204998,78.56,0.0945,0.0,BTC-26JUN20-16000-C,9190.27,76.75,0.087,16.7,0.0965,13.7,80.14,26.95895,-4.56707,13.20051,6e-05,0.30825
187.44,SYN.ETH-22NOV19,1573124346015,open,0.0,0.001,0.012,0.002345,82.74,None,0.0,ETH-22NOV19-140-P,186.58,71.53,0.001,200.0,0.004,300.0,92.11,0.02826,-0.07858,-0.00274,0.00239,-0.03357
