underlying_price,underlying_index,timestamp,state,settlement_price,open_interest,min_price,max_price,mark_price,mark_iv,last_price,interest_rate,instrument_name,index_price,bid_iv,best_bid_price,best_bid_amount,best_ask_price,best_ask_amount,ask_iv,vega,theta,rho,gamma,delta
7953.35,BTC-27DEC19,1571396340262,open,0.16,214.0,0.117,0.1875,0.15370799,72.93,0.156,0.0,BTC-27DEC19-7500-C,7898.66,70.68,0.15,0.1,0.157,37.1,74.93,13.08757,-6.82971,7.31866,0.00015,0.63438
7953.35,BTC-27DEC19,1571396340262,open,2.01,0.0,1.959,2.085,2.01917907,101.54,None,0.0,BTC-27DEC19-24000-P,7898.66,0.0,0.0,0.0,0.0,0.0,0.0,1.07064,-0.77791,-45.7902,1e-05,-0.98821
8044.9,BTC-27MAR20,1571396340262,open,3.47,0.0,3.3885,3.5855,3.48191366,103.24,None,0.0,BTC-27MAR20-36000-P,7898.66,0.0,0.0005,1.0,0.0,0.0,0.0,3.8955,-1.24998,-157.7642,1e-05,-0.96737
7909.6,SYN.BTC-1NOV19,1571396340262,open,19.9,0.0055,0.0385,0.02006003,60.19,0.0165,0.0,BTC-1NOV19-8500-C,7898.66,52.39,0.015,11.0,0.02,25.0,60.1,5.27511,-11.44197,0.81033,0.00037,0.28955
8044.9,BTC-27MAR20,1571396340263,open,2.24,0.0,2.172,2.3275,2.2451665,94.91,None,0.0,BTC-27MAR20-26000-P,7898.66,0.0,0.0015,1.0,0.0,0.0,0.0,6.443,-1.90055,-112.90612,2e-05,-0.93903
7953.25,BTC-27DEC19,1571396340265,open,2.26,0.0,2.2055,2.3405,2.27028995,104.18,None,0.0,BTC-27DEC19-26000-P,7898.66,0.0,0.0,0.0,0.0,0.0,0.0,0.83594,-0.62319,-49.65732,1e-05,-0.99112
7953.25,BTC-27DEC19,1571396340265,open,0.03,1049.2,0.0145,0.056,0.03320579,77.49,0.03,0.0,BTC-27DEC19-6000-P,7898.66,75.38,0.031,40.3,0.035,40.3,79.17,8.41393,-4.66531,-2.91847,9e-05,-0.15847
7953.25,BTC-27DEC19,1571396340266,open,0.05,558.6,0.024,0.0795,0.05056192,73.8,0.048,0.0,BTC-27DEC19-10000-C,7898.66,71.75,0.0475,18.5,0.053,46.5,75.42,11.94896,-6.31031,3.67524,0.00013,0.29195
7953.25,BTC-27DEC19,1571396340266,open,2.51,0.1,2.452,2.5965,2.52150675,106.86,1.49,0.0,BTC-27DEC19-28000-P,7898.66,0.0,0.0,0.0,0.0,0.0,0.0,0.67683,-0.51755,-53.51113,1e-05,-0.99302
8044.8,BTC-27MAR20,1571396340269,open,2.48,0.0,2.415,2.5785,2.4920661,96.95,None,0.0,BTC-27MAR20-28000-P,7898.66,0.0,0.0005,1.0,0.0,0.0,0.0,5.77598,-1.74049,-121.9394,2e-05,-0.94693
7904.13,SYN.BTC-25OCT19,1571396340265,open,0.08,164.7,0.0595,0.113,0.08319911,57.25,0.0785,0.0,BTC-25OCT19-8500-P,7898.66,46.2,0.0795,13.0,0.0915,8.0,77.31,2.92376,-12.1724,-1.33305,0.00043,-0.8121
7931.48,SYN.BTC-29NOV19,1571396340264,open,0.09,297.0,0.055,0.113,0.08493173,65.85,0.083,0.0,BTC-29NOV19-8000-C,7898.66,62.19,0.08,10.7,0.086,20.7,66.65,10.68914,-8.40481,4.04159,0.00022,0.52908
7904.13,SYN.BTC-25OCT19,1571396340262,open,0.02,222.9,0.0065,0.0445,0.0222987,57.34,0.023,0.0,BTC-25OCT19-7750-P,7898.66,54.86,0.021,0.2,0.023,15.0,58.67,4.15017,-17.30466,-0.60803,0.00062,-0.38607
172.52,ETH-27DEC19,1571396340676,open,0.18,1523.0,0.134,0.214,0.176927,82.28,0.188,0.0,ETH-27DEC19-160-C,171.44,78.62,0.171,591.0,0.18,251.0,84.18,0.27916,-0.16437,0.15673,0.00595,0.65146
172.52,ETH-27DEC19,1571396340677,open,0.03,6433.0,0.011,0.049,0.028048,86.45,0.025,0.0,ETH-27DEC19-120-P,171.44,81.85,0.024,657.0,0.032,297.0,90.74,0.15566,-0.09629,-0.05065,0.00316,-0.12531
173.82,ETH-27MAR20,1571396340676,open,0.02,905.0,0.007,0.051,0.024963,106.71,0.03,0.0,ETH-27MAR20-560-C,171.44,104.03,0.022,10.0,0.028,300.0,109.29,0.19849,-0.06583,0.05541,0.0014,0.09729
173.82,ETH-27MAR20,1571396340676,open,0.03,1150.0,0.009,0.058,0.02993,100.71,0.035,0.0,ETH-27MAR20-480-C,171.44,97.61,0.026,540.0,0.034,300.0,103.72,0.22818,-0.07142,0.0675,0.0017,0.11804
172.52,ETH-27DEC19,1571396340676,open,0.0,7122.0,0.001,0.013,0.003433,117.66,0.006,0.0,ETH-27DEC19-560-C,171.44,109.99,0.002,1300.0,0.004,1222.0,120.08,0.03839,-0.03232,0.00587,0.00057,0.02119
172.52,ETH-27DEC19,1571396340676,open,0.0,4670.0,0.001,0.011,0.00103,120.0,0.002,0.0,ETH-27DEC19-720-C,171.44,119.64,0.001,1011.0,0.002,10.0,128.8,0.01466,-0.01259,0.00196,0.00021,0.00697
173.82,ETH-27MAR20,1571396340676,open,0.08,1205.0,0.044,0.112,0.078204,89.49,0.069,0.0,ETH-27MAR20-120-P,171.44,88.21,0.076,320.0,0.08,1.0,90.52,0.30132,-0.0838,-0.19674,0.00253,-0.1786
173.82,ETH-27MAR20,1571396340677,open,0.04,987.0,0.017,0.08,0.046061,98.56,0.043,0.0,ETH-27MAR20-400-C,171.44,94.88,0.04,310.0,0.052,300.0,101.99,0.29416,-0.09011,0.09645,0.00224,0.17195
172.52,ETH-27DEC19,1571396340677,open,0.24,3826.0,0.194,0.299,0.247712,82.98,0.257,0.0,ETH-27DEC19-200-P,171.44,76.05,0.236,144.0,0.256,144.0,87.83,0.29357,-0.17432,-0.27642,0.00621,-0.58923
173.82,ETH-27MAR20,1571396340677,open,0.03,2424.0,0.008,0.055,0.027567,104.15,0.03,0.0,ETH-27MAR20-520-C,171.44,98.42,0.021,540.0,0.034,300.0,109.1,0.21364,-0.06915,0.06135,0.00154,0.10765
172.52,ETH-27DEC19,1571396340677,open,0.42,2287.0,0.378,0.495,0.436637,85.66,0.354,0.0,ETH-27DEC19-240-P,171.44,0.0,0.001,15.0,0.0,0.0,0.0,0.23679,-0.14514,-0.39388,0.00485,-0.75597
172.52,ETH-27DEC19,1571396340677,open,0.0,12462.0,0.001,0.011,0.001423,119.98,0.005,0.0,ETH-27DEC19-680-C,171.44,115.64,0.001,1000.0,0.002,2399.0,124.59,0.01902,-0.01633,0.00263,0.00028,0.00938
173.82,ETH-27MAR20,1571396340677,open,0.1,1074.0,0.049,0.137,0.093647,91.92,0.093,0.0,ETH-27MAR20-280-C,171.44,88.66,0.086,547.0,0.101,287.0,95.01,0.41105,-0.11744,0.17112,0.00336,0.31701
173.82,ETH-27MAR20,1571396340677,open,1.99,0.0,1.914,2.131,2.018479,103.58,None,0.0,ETH-27MAR20-520-P,171.44,0.0,0.005,10.0,0.0,0.0,0.0,0.21087,-0.06789,-2.23153,0.00153,-0.89428
172.48,ETH-27DEC19,1571396340677,open,0.33,2878.0,0.28,0.392,0.336896,83.21,0.31,0.0,ETH-27DEC19-220-P,171.44,74.69,0.324,99.0,0.351,99.0,92.12,0.26748,-0.15926,-0.33797,0.00564,-0.68665
172.48,ETH-27DEC19,1571396340677,open,0.02,1365.0,0.004,0.034,0.016016,93.93,0.014,0.0,ETH-27DEC19-320-C,171.44,91.15,0.014,316.0,0.018,300.0,96.49,0.12961,-0.08711,0.02677,0.00242,0.09709
172.48,ETH-27DEC19,1571396340677,open,0.1,12794.0,0.065,0.143,0.104356,82.22,0.092,0.0,ETH-27DEC19-160-P,171.44,78.29,0.098,597.0,0.11,257.0,85.7,0.27917,-0.16424,-0.14962,0.00596,-0.34877
172.48,ETH-27DEC19,1571396340677,open,0.04,2955.0,0.012,0.058,0.03259,86.57,0.034,0.0,ETH-27DEC19-260-C,171.44,82.54,0.028,296.0,0.036,296.0,89.44,0.20188,-0.12507,0.05054,0.00409,0.18565
172.48,ETH-27DEC19,1571396340677,open,0.0,4118.0,0.001,0.011,0.000751,120.02,0.001,0.0,ETH-27DEC19-760-C,171.44,0.0,0.0,0.0,0.002,315.0,132.77,0.01132,-0.00972,0.00147,0.00017,0.00521
172.48,ETH-27DEC19,1571396340677,open,1.08,257.0,1.03,1.174,1.099198,100.22,0.7,0.0,ETH-27DEC19-360-P,171.44,0.0,0.01,2.0,0.0,0.0,0.0,0.10388,-0.07449,-0.66927,0.00182,-0.9277
172.48,ETH-27DEC19,1571396340677,open,1.76,21.0,1.703,1.882,1.788246,111.96,0.629,0.0,ETH-27DEC19-480-P,171.44,0.0,0.001,7.0,0.0,0.0,0.0,0.05494,-0.04402,-0.90992,0.00086,-0.96744
173.82,ETH-27MAR20,1571396340677,open,1.32,3.0,1.256,1.442,1.346763,98.25,1.39,0.0,ETH-27MAR20-400-P,171.44,0.0,0.001,10.0,0.0,0.0,0.0,0.29273,-0.08939,-1.66716,0.00224,-0.82935
172.48,ETH-27DEC19,1571396340677,open,0.01,8732.0,0.001,0.018,0.006509,107.81,0.006,0.0,ETH-27DEC19-440-C,171.44,103.48,0.005,1520.0,0.008,300.0,111.51,0.06517,-0.05028,0.01109,0.00106,0.0401
172.48,ETH-27DEC19,1571396340677,open,0.85,101.0,0.807,0.939,0.870874,93.35,0.513,0.0,ETH-27DEC19-320-P,171.44,0.0,0.006,5.0,0.0,0.0,0.0,0.12784,-0.08539,-0.58629,0.0024,-0.90471
172.48,ETH-27DEC19,1571396340677,open,0.03,1529.0,0.008,0.047,0.024993,88.92,0.027,0.0,ETH-27DEC19-280-C,171.44,85.86,0.022,620.0,0.028,300.0,91.84,0.17333,-0.11028,0.04017,0.00342,0.14666
172.48,ETH-27DEC19,1571396340677,open,0.0,16550.0,0.001,0.012,0.002384,117.68,0.002,0.0,ETH-27DEC19-600-C,171.44,106.77,0.001,7300.0,0.003,1356.0,121.06,0.02898,-0.0244,0.00425,0.00043,0.01524
173.82,ETH-27MAR20,1571396340677,open,0.07,654.0,0.033,0.11,0.07061,93.65,0.071,0.0,ETH-27MAR20-320-C,171.44,89.99,0.063,553.0,0.078,293.0,97.1,0.36765,-0.10702,0.13837,0.00295,0.25122
173.82,ETH-27MAR20,1571396340677,open,0.27,575.0,0.211,0.31,0.265093,89.05,0.263,0.0,ETH-27MAR20-160-C,171.44,85.69,0.257,560.0,0.273,260.0,92.33,0.41868,-0.11587,0.30905,0.00353,0.66848
172.48,ETH-27DEC19,1571396340677,open,1.19,0.0,1.142,1.291,1.213258,102.19,None,0.0,ETH-27DEC19-380-P,171.44,0.0,0.001,5.0,0.0,0.0,0.0,0.09153,-0.06693,-0.71054,0.00157,-0.9386
171.58,SYN.ETH-25OCT19,1571396340677,open,0.02,1605.0,0.003,0.042,0.020116,71.25,0.016,0.0,ETH-25OCT19-180-C,171.44,56.47,0.013,237.0,0.02,238.0,71.01,0.08525,-0.44168,0.01,0.02157,0.32965
171.58,SYN.ETH-25OCT19,1571396340676,open,0.31,6.0,0.279,0.323,0.301352,119.91,0.36,0.0,ETH-25OCT19-120-C,171.44,0.0,0.0,0.0,0.0,0.0,0.0,0.00739,-0.06445,0.02219,0.00111,0.98793
172.48,ETH-27DEC19,1571396340677,open,0.01,895.0,0.001,0.026,0.010615,103.13,0.025,0.0,ETH-27DEC19-380-C,171.44,95.71,0.007,320.0,0.014,300.0,108.86,0.09414,-0.06948,0.01751,0.0016,0.06365
172.48,ETH-27DEC19,1571396340677,open,0.53,946.0,0.481,0.6,0.539662,86.28,0.3,0.0,ETH-27DEC19-260-P,171.44,0.0,0.0,0.0,0.0,0.0,0.0,0.20109,-0.12414,-0.44748,0.00409,-0.81552
173.82,ETH-27MAR20,1571396340677,open,0.18,1348.0,0.131,0.236,0.185374,88.96,0.183,0.0,ETH-27MAR20-160-P,171.44,85.07,0.176,549.0,0.195,249.0,92.96,0.41871,-0.11577,-0.39604,0.00353,-0.33157
172.48,ETH-27DEC19,1571396340677,open,2.22,0.0,2.153,2.355,2.249434,114.01,0.845,0.0,ETH-27DEC19-560-P,171.44,0.0,0.0,0.0,0.0,0.0,0.0,0.0324,-0.02643,-1.06722,0.0005,-0.98263
172.48,ETH-27DEC19,1571396340677,open,0.01,926.0,0.004,0.033,0.014921,98.86,0.013,0.0,ETH-27DEC19-340-C,171.44,92.8,0.011,320.0,0.019,300.0,104.33,0.12059,-0.0853,0.02415,0.00214,0.08807
172.48,ETH-27DEC19,1571396340677,open,0.0,10984.0,0.001,0.015,0.004994,117.68,0.004,0.0,ETH-27DEC19-520-C,171.44,109.76,0.003,200.0,0.007,300.0,123.76,0.05087,-0.04284,0.00815,0.00076,0.02966
172.48,ETH-27DEC19,1571396340677,open,1.31,16.0,1.254,1.41,1.328567,105.83,1.195,0.0,ETH-27DEC19-400-P,171.44,0.0,0.001,8.0,0.0,0.0,0.0,0.08572,-0.06492,-0.75024,0.00142,-0.94353
173.82,ETH-27MAR20,1571396340677,open,1.54,0.0,1.472,1.667,1.566268,98.36,None,0.0,ETH-27MAR20-440-P,171.44,0.0,0.002,10.0,0.0,0.0,0.0,0.25255,-0.0772,-1.86144,0.00193,-0.86342
171.69,SYN.ETH-1NOV19,1571396340676,open,0.0,0.137,0.215,0.175628,72.15,None,0.0,ETH-1NOV19-200-P,171.44,0.0,0.0,0.0,0.0,0.0,0.0,0.07981,-0.2075,-0.06661,0.00987,-0.84488
171.69,SYN.ETH-1NOV19,1571396340676,open,1.0,0.003,0.032,0.01406,76.95,0.009,0.0,ETH-1NOV19-150-P,171.44,65.76,0.009,283.0,0.019,284.0,86.71,0.08302,-0.2302,-0.01167,0.00963,-0.16477
171.58,SYN.ETH-25OCT19,1571396340677,open,0.5,3.0,0.472,0.563,0.515692,120.27,0.534,0.0,ETH-25OCT19-260-P,171.44,0.0,0.0,0.0,0.0,0.0,0.0,0.00484,-0.04236,-0.04875,0.00073,-0.99256
171.58,SYN.ETH-25OCT19,1571396340676,open,0.0,1852.0,0.001,0.011,0.000974,112.72,0.001,0.0,ETH-25OCT19-240-C,171.44,0.0,0.0,0.0,0.002,300.0,125.71,0.01054,-0.0864,0.00056,0.00169,0.01823
171.58,SYN.ETH-25OCT19,1571396340677,open,0.01,295.0,0.001,0.019,0.005706,80.96,0.008,0.0,ETH-25OCT19-150-P,171.44,73.49,0.004,301.0,0.007,31.0,86.0,0.04219,-0.24839,-0.00351,0.0094,-0.10287
171.69,SYN.ETH-1NOV19,1571396340677,open,0.0,0.03,0.089,0.060238,71.36,None,0.0,ETH-1NOV19-170-C,171.44,60.66,0.052,149.0,0.069,149.0,82.73,0.13223,-0.34001,0.03235,0.01654,0.55587
172.48,ETH-27DEC19,1571396340678,open,0.25,18.0,0.206,0.28,0.246154,83.64,0.305,0.0,ETH-27DEC19-140-C,171.44,0.0,0.0,0.0,0.0,0.0,0.0,0.22673,-0.13569,0.17439,0.00476,0.77431
171.69,SYN.ETH-1NOV19,1571396340676,open,0.0,0.245,0.327,0.284674,76.01,None,0.0,ETH-1NOV19-220-P,171.44,0.0,0.0,0.0,0.0,0.0,0.0,0.03719,-0.10187,-0.08026,0.00437,-0.94509
173.82,ETH-27MAR20,1571396340678,open,2.67,0.0,2.581,2.835,2.702372,110.67,None,0.0,ETH-27MAR20-640-P,171.44,0.0,0.0,0.0,0.0,0.0,0.0,0.17115,-0.05887,-2.77537,0.00116,-0.92025
172.48,ETH-27DEC19,1571396340678,open,0.05,5562.0,0.019,0.074,0.045494,85.7,0.05,0.0,ETH-27DEC19-240-C,171.44,83.12,0.042,320.0,0.049,291.0,88.22,0.2367,-0.14515,0.06554,0.00485,0.24397
173.82,ETH-27MAR20,1571396340678,open,0.39,40.0,0.345,0.425,0.387993,89.58,0.459,0.0,ETH-27MAR20-120-C,171.44,0.0,0.096,1.0,0.0,0.0,0.0,0.30141,-0.08392,0.33198,0.00253,0.82132
172.48,ETH-27DEC19,1571396340678,open,0.05,2515.0,0.029,0.087,0.057654,83.49,0.05,0.0,ETH-27DEC19-140-P,171.44,79.93,0.053,640.0,0.062,280.0,86.78,0.22661,-0.13539,-0.09349,0.00477,-0.22549
173.82,ETH-27MAR20,1571396340678,open,2.44,0.0,2.359,2.604,2.476546,110.81,None,0.0,ETH-27MAR20-600-P,171.44,0.0,0.02,10.0,0.0,0.0,0.0,0.1936,-0.06667,-2.59141,0.00131,-0.90596
173.82,ETH-27MAR20,1571396340678,open,0.18,1478.0,0.126,0.229,0.181422,89.04,0.183,0.0,ETH-27MAR20-200-C,171.44,86.99,0.176,301.0,0.187,270.0,91.15,0.45959,-0.12718,0.26185,0.00388,0.52321
172.48,ETH-27DEC19,1571396340678,open,0.02,1252.0,0.006,0.04,0.020035,91.73,0.02,0.0,ETH-27DEC19-300-C,171.44,89.34,0.018,320.0,0.022,300.0,93.94,0.15036,-0.09869,0.03278,0.00288,0.11932
172.48,ETH-27DEC19,1571396340678,open,2.9,0.0,2.828,3.067,2.942995,108.35,None,0.0,ETH-27DEC19-680-P,171.44,0.0,0.002,10.0,0.0,0.0,0.0,0.00884,-0.00685,-1.30066,0.00014,-0.99605
173.82,ETH-27MAR20,1571396340678,open,0.9,7.0,0.828,0.995,0.911172,93.45,0.945,0.0,ETH-27MAR20-320-P,171.44,0.0,0.0,0.0,0.0,0.0,0.0,0.36697,-0.10659,-1.2724,0.00295,-0.74967
173.82,ETH-27MAR20,1571396340678,open,0.57,19.0,0.54,0.592,0.567152,101.66,0.542,0.0,ETH-27MAR20-80-C,171.44,0.0,0.07,20.0,0.0,0.0,0.0,0.15235,-0.04814,0.27915,0.00113,0.93152
173.82,ETH-27MAR20,1571396340678,open,0.02,5248.0,0.007,0.053,0.025494,111.52,0.022,0.0,ETH-27MAR20-600-C,171.44,107.34,0.021,100.0,0.03,300.0,115.32,0.19693,-0.06825,0.05421,0.00133,0.09625
172.1,SYN.ETH-29NOV19,1571396340676,open,0.0,0.0,0.001,0.014,0.004447,94.92,None,0.0,ETH-29NOV19-320-C,171.44,89.17,0.003,200.0,0.006,300.0,99.92,0.0487,-0.05519,0.00672,0.00151,0.0385
172.48,ETH-27DEC19,1571396340678,open,0.74,1.0,0.697,0.825,0.758964,91.27,0.494,0.0,ETH-27DEC19-300-P,171.44,0.0,0.001,5.0,0.0,0.0,0.0,0.14894,-0.09726,-0.54193,0.00287,-0.88228
172.48,ETH-27DEC19,1571396340678,open,0.01,7110.0,0.001,0.025,0.009995,106.9,0.008,0.0,ETH-27DEC19-400-C,171.44,102.75,0.008,1180.0,0.012,300.0,110.6,0.08852,-0.06771,0.01613,0.00145,0.05883
171.69,SYN.ETH-1NOV19,1571396340676,open,0.0,0.05,0.12,0.084844,72.14,None,0.0,ETH-1NOV19-180-P,171.44,51.94,0.07,113.0,0.091,113.0,80.29,0.12891,-0.33509,-0.04501,0.01595,-0.60483
171.58,SYN.ETH-25OCT19,1571396340677,open,0.25,0.0,0.219,0.268,0.243867,107.9,None,0.0,ETH-25OCT19-130-C,171.44,0.0,0.0,0.0,0.0,0.0,0.0,0.01409,-0.11053,0.02361,0.00235,0.9743
172.48,ETH-27DEC19,1571396340678,open,0.01,1084.0,0.003,0.029,0.012484,101.01,0.019,0.0,ETH-27DEC19-360-C,171.44,92.81,0.008,620.0,0.017,300.0,107.74,0.10615,-0.07673,0.02044,0.00185,0.07438
172.48,ETH-27DEC19,1571396340678,open,0.34,2.0,0.3,0.362,0.332476,86.59,0.346,0.0,ETH-27DEC19-120-C,171.44,0.0,0.101,1.0,0.0,0.0,0.0,0.15595,-0.09663,0.17891,0.00316,0.87431
172.48,ETH-27DEC19,1571396340678,open,0.63,311.0,0.588,0.711,0.647994,88.54,0.71,0.0,ETH-27DEC19-280-P,171.44,0.0,0.001,8.0,0.0,0.0,0.0,0.17221,-0.10911,-0.4962,0.00342,-0.85474
173.82,ETH-27MAR20,1571396340678,open,1.11,6.0,1.039,1.216,1.12629,95.6,1.165,0.0,ETH-27MAR20-360-P,171.44,0.0,0.0,0.0,0.0,0.0,0.0,0.32628,-0.09695,-1.47322,0.00256,-0.79667
171.58,SYN.ETH-25OCT19,1571396340676,open,0.0,1170.0,0.001,0.011,0.000376,119.96,0.001,0.0,ETH-25OCT19-260-C,171.44,0.0,0.0,0.0,0.001,30.0,135.33,0.00476,-0.04157,0.00022,0.00072,0.0073
172.48,ETH-27DEC19,1571396340679,open,1.53,0.0,1.478,1.643,1.556938,106.2,None,0.0,ETH-27DEC19-440-P,171.44,0.0,0.001,8.0,0.0,0.0,0.0,0.06141,-0.04666,-0.83198,0.00102,-0.96272
172.48,ETH-27DEC19,1571396340678,open,0.0,14630.0,0.001,0.011,0.001672,117.68,0.002,0.0,ETH-27DEC19-640-C,171.44,111.37,0.001,2113.0,0.002,851.0,120.09,0.02192,-0.01846,0.00309,0.00033,0.01104
171.69,SYN.ETH-1NOV19,1571396340676,open,0.0,0.022,0.081,0.050426,71.37,None,0.0,ETH-1NOV19-170-P,171.44,56.53,0.039,155.0,0.054,155.0,76.01,0.13223,-0.34008,-0.03228,0.01653,-0.44413
171.69,SYN.ETH-1NOV19,1571396340676,open,0.0,0.001,0.018,0.006129,74.73,None,0.0,ETH-1NOV19-210-C,171.44,58.73,0.002,300.0,0.01,300.0,85.15,0.05665,-0.15254,0.00581,0.00676,0.09515
172.1,SYN.ETH-29NOV19,1571396340677,open,0.43,0.0,0.404,0.448,0.426285,104.81,None,0.0,ETH-29NOV19-100-C,171.44,0.0,0.0,0.0,0.0,0.0,0.0,0.05419,-0.06782,0.10461,0.00152,0.95607
171.58,SYN.ETH-25OCT19,1571396340677,open,0.0,1892.0,0.001,0.014,0.003587,76.25,0.006,0.0,ETH-25OCT19-200-C,171.44,67.22,0.002,200.0,0.005,311.0,82.68,0.03467,-0.19225,0.00244,0.0082,0.07898
173.82,ETH-27MAR20,1571396340679,open,0.03,973.0,0.011,0.046,0.027292,101.54,0.025,0.0,ETH-27MAR20-80-P,171.44,98.88,0.025,161.0,0.03,302.0,104.58,0.15213,-0.04801,-0.07328,0.00113,-0.06835
172.48,ETH-27DEC19,1571396340679,open,0.01,5563.0,0.001,0.017,0.005959,113.91,0.005,0.0,ETH-27DEC19-480-C,171.44,103.31,0.003,1250.0,0.009,300.0,121.66,0.05911,-0.04818,0.00978,0.00091,0.03558
173.82,ETH-27MAR20,1571396340679,open,0.04,956.0,0.012,0.066,0.035496,98.76,0.05,0.0,ETH-27MAR20-440-C,171.44,95.59,0.031,560.0,0.04,300.0,101.75,0.25451,-0.07812,0.07863,0.00194,0.13813
171.58,SYN.ETH-25OCT19,1571396340678,open,0.0,2508.0,0.001,0.014,0.003631,99.1,0.005,0.0,ETH-25OCT19-140-P,171.44,77.15,0.001,168.0,0.006,351.0,111.99,0.02767,-0.19939,-0.00202,0.00503,-0.05895
173.82,ETH-27MAR20,1571396340679,open,1.77,0.0,1.692,1.897,1.790773,100.23,None,0.0,ETH-27MAR20-480-P,171.44,0.0,0.003,10.0,0.0,0.0,0.0,0.22575,-0.07032,-2.04899,0.00169,-0.88373
172.48,ETH-27DEC19,1571396340679,open,2.67,0.0,2.603,2.829,2.711387,109.05,None,0.0,ETH-27DEC19-640-P,171.44,0.0,0.0,0.0,0.0,0.0,0.0,0.01292,-0.01008,-1.22349,0.00021,-0.99395
173.82,ETH-27MAR20,1571396340679,open,0.06,557.0,0.023,0.092,0.055658,95.86,0.055,0.0,ETH-27MAR20-360-C,171.44,92.24,0.049,558.0,0.062,298.0,99.16,0.32733,-0.09752,0.11398,0.00256,0.20443
171.69,SYN.ETH-1NOV19,1571396340676,open,0.0,0.163,0.22,0.192348,84.79,None,0.0,ETH-1NOV19-140-C,171.44,0.0,0.0,0.0,0.0,0.0,0.0,0.05612,-0.17146,0.04658,0.00591,0.90605
171.69,SYN.ETH-1NOV19,1571396340676,open,0.0,0.062,0.124,0.094778,72.04,None,0.0,ETH-1NOV19-160-C,171.44,59.97,0.087,124.0,0.107,124.0,90.1,0.11338,-0.29434,0.04057,0.01405,0.71638
172.1,SYN.ETH-29NOV19,1571396340677,open,0.09,277.0,0.05,0.116,0.084024,76.46,0.124,0.0,ETH-29NOV19-180-C,171.44,72.0,0.078,509.0,0.088,189.0,79.41,0.23234,-0.21212,0.07869,0.00894,0.48256
171.58,SYN.ETH-25OCT19,1571396340678,open,0.05,406.0,0.016,0.071,0.043472,71.01,0.034,0.0,ETH-25OCT19-170-C,171.44,51.66,0.033,149.0,0.044,150.0,71.98,0.09298,-0.48015,0.0166,0.02361,0.55717
172.1,SYN.ETH-29NOV19,1571396340677,open,0.01,184.0,0.005,0.031,0.015345,91.2,0.014,0.0,ETH-29NOV19-120-P,171.44,86.9,0.013,340.0,0.018,407.0,95.76,0.09708,-0.10572,-0.02142,0.00313,-0.09312
172.1,SYN.ETH-29NOV19,1571396340677,open,0.15,6.0,0.102,0.173,0.140422,78.04,0.17,0.0,ETH-29NOV19-160-C,171.44,72.86,0.134,464.0,0.146,144.0,82.52,0.21398,-0.19939,0.10227,0.00807,0.65838
172.1,SYN.ETH-29NOV19,1571396340677,open,0.01,148.0,0.002,0.025,0.011185,83.64,0.01,0.0,ETH-29NOV19-260-C,171.44,77.58,0.008,500.0,0.014,300.0,88.32,0.098,-0.09788,0.01641,0.00345,0.09432
171.58,SYN.ETH-25OCT19,1571396340678,open,0.19,12.0,0.16,0.215,0.187691,99.07,0.192,0.0,ETH-25OCT19-140-C,171.44,0.0,0.0,0.0,0.0,0.0,0.0,0.02765,-0.1992,0.02435,0.00503,0.9411
172.48,ETH-27DEC19,1571396340680,open,0.01,3931.0,0.003,0.026,0.012553,92.58,0.01,0.0,ETH-27DEC19-100-P,171.44,85.31,0.009,660.0,0.016,300.0,98.78,0.09082,-0.06017,-0.02422,0.00172,-0.06079
172.48,ETH-27DEC19,1571396340680,open,0.06,5981.0,0.03,0.094,0.061682,83.4,0.069,0.0,ETH-27DEC19-220-C,171.44,79.7,0.056,283.0,0.067,283.0,86.8,0.26773,-0.15977,0.08333,0.00564,0.31404
171.58,SYN.ETH-25OCT19,1571396340677,open,0.33,0.0,0.302,0.384,0.341428,100.49,None,0.0,ETH-25OCT19-230-P,171.44,0.0,0.0,0.0,0.0,0.0,0.0,0.01136,-0.08303,-0.04271,0.00204,-0.98008
172.48,ETH-27DEC19,1571396340680,open,2.45,0.0,2.378,2.591,2.480242,112.16,0.953,0.0,ETH-27DEC19-600-P,171.44,0.0,0.0,0.0,0.0,0.0,0.0,0.02163,-0.01736,-1.14557,0.00034,-0.98913
171.69,SYN.ETH-1NOV19,1571396340676,open,0.0,0.008,0.05,0.02672,72.06,None,0.0,ETH-1NOV19-160-P,171.44,60.08,0.019,230.0,0.031,230.0,78.47,0.11339,-0.29443,-0.02026,0.01404,-0.28366
172.1,SYN.ETH-29NOV19,1571396340677,open,0.03,307.0,0.014,0.057,0.033313,82.28,0.03,0.0,ETH-29NOV19-140-P,171.44,78.62,0.03,339.0,0.034,265.0,83.03,0.15788,-0.15511,-0.04397,0.00565,-0.1894
172.48,ETH-27DEC19,1571396340680,open,0.97,0.0,0.919,1.058,0.985707,98.2,None,0.0,ETH-27DEC19-340-P,171.44,0.0,0.001,5.0,0.0,0.0,0.0,0.11864,-0.08337,-0.62722,0.00212,-0.91383
172.1,SYN.ETH-29NOV19,1571396340678,open,0.85,0.0,0.807,0.926,0.863861,95.15,None,0.0,ETH-29NOV19-320-P,171.44,0.0,0.0,0.0,0.0,0.0,0.0,0.04913,-0.05582,-0.36034,0.00152,-0.96108
172.1,SYN.ETH-29NOV19,1571396340676,open,0.2,0.0,0.164,0.256,0.210559,76.5,None,0.0,ETH-29NOV19-200-P,171.44,0.0,0.0,0.0,0.0,0.0,0.0,0.21015,-0.19195,-0.1746,0.00808,-0.67372
171.69,SYN.ETH-1NOV19,1571396340676,open,0.0,0.005,0.041,0.020376,72.12,None,0.0,ETH-1NOV19-190-C,171.44,57.97,0.012,259.0,0.022,259.0,74.68,0.10808,-0.28091,0.01549,0.01337,0.25771
172.48,ETH-27DEC19,1571396340680,open,0.44,0.0,0.408,0.456,0.43291,92.84,None,0.0,ETH-27DEC19-100-C,171.44,0.0,0.0,0.0,0.0,0.0,0.0,0.09126,-0.06063,0.16705,0.00173,0.93883
172.1,SYN.ETH-29NOV19,1571396340677,open,0.01,1120.0,0.001,0.017,0.007352,104.88,0.008,0.0,ETH-29NOV19-100-P,171.44,100.36,0.006,360.0,0.009,300.0,109.84,0.05427,-0.06796,-0.01014,0.00152,-0.04401
171.58,SYN.ETH-25OCT19,1571396340678,open,0.39,302.0,0.359,0.445,0.399727,112.85,0.432,0.0,ETH-25OCT19-240-P,171.44,0.0,0.0,0.0,0.0,0.0,0.0,0.0106,-0.08697,-0.04465,0.00169,-0.98165
171.69,SYN.ETH-1NOV19,1571396340676,open,0.0,0.001,0.021,0.007797,84.82,None,0.0,ETH-1NOV19-140-P,171.44,71.5,0.004,300.0,0.012,300.0,96.53,0.05615,-0.17161,-0.00665,0.00591,-0.09402
172.1,SYN.ETH-29NOV19,1571396340677,open,0.62,0.0,0.583,0.692,0.635525,89.07,None,0.0,ETH-29NOV19-280-P,171.44,0.0,0.0,0.0,0.0,0.0,0.0,0.07982,-0.08489,-0.30876,0.00264,-0.92819
171.69,SYN.ETH-1NOV19,1571396340676,open,0.0,0.001,0.013,0.003628,89.8,None,0.0,ETH-1NOV19-130-P,171.44,0.0,0.0,0.0,0.008,305.0,108.18,0.03278,-0.10609,-0.0033,0.00326,-0.04687
172.1,SYN.ETH-29NOV19,1571396340677,open,0.01,116.0,0.001,0.021,0.008538,88.94,0.012,0.0,ETH-29NOV19-280-C,171.44,80.15,0.005,500.0,0.012,301.0,95.77,0.07954,-0.08447,0.01243,0.00263,0.07148
171.58,SYN.ETH-25OCT19,1571396340676,open,0.42,18.0,0.4,0.434,0.417203,118.12,0.411,0.0,ETH-25OCT19-100-C,171.44,0.0,0.0,0.0,0.0,0.0,0.0,0.00028,-0.0024,0.01883,4e-05,0.99968
171.58,SYN.ETH-25OCT19,1571396340678,open,0.0,5657.0,0.001,0.011,8.8e-05,120.0,0.001,0.0,ETH-25OCT19-280-C,171.44,0.0,0.0,0.0,0.003,300.0,182.08,0.00144,-0.01255,6e-05,0.00022,0.00192
171.58,SYN.ETH-25OCT19,1571396340677,open,0.22,1.0,0.189,0.265,0.225575,80.95,0.224,0.0,ETH-25OCT19-210-P,171.44,0.0,0.203,15.0,0.721,15.0,500.0,0.01986,-0.11692,-0.03835,0.00442,-0.96104
171.58,SYN.ETH-25OCT19,1571396340676,open,0.14,0.0,0.101,0.16,0.131486,80.94,None,0.0,ETH-25OCT19-150-C,171.44,0.0,0.119,96.0,0.138,96.0,103.47,0.04217,-0.24823,0.02475,0.0094,0.89718
171.58,SYN.ETH-25OCT19,1571396340678,open,0.0,104.0,0.001,0.011,0.000956,100.38,0.001,0.0,ETH-25OCT19-230-C,171.44,0.0,0.0,0.0,0.002,300.0,112.66,0.0113,-0.0825,0.00061,0.00203,0.01979
172.1,SYN.ETH-29NOV19,1571396340679,open,0.32,0.0,0.289,0.345,0.318065,91.16,None,0.0,ETH-29NOV19-120-C,171.44,0.0,0.0,0.0,0.0,0.0,0.0,0.09702,-0.1056,0.11628,0.00313,0.90696
172.1,SYN.ETH-29NOV19,1571396340677,open,0.07,30.0,0.038,0.102,0.070129,78.06,0.068,0.0,ETH-29NOV19-160-P,171.44,76.35,0.068,320.0,0.071,198.0,78.76,0.21399,-0.19946,-0.0813,0.00807,-0.34164
171.58,SYN.ETH-25OCT19,1571396340678,open,0.62,3.0,0.585,0.682,0.631967,121.07,0.645,0.0,ETH-25OCT19-280-P,171.44,0.0,0.0,0.0,0.0,0.0,0.0,0.00155,-0.01369,-0.05268,0.00023,-0.99791
172.1,SYN.ETH-29NOV19,1571396340677,open,0.01,13.0,0.001,0.018,0.00663,93.52,0.016,0.0,ETH-29NOV19-300-C,171.44,85.53,0.004,200.0,0.009,300.0,99.25,0.06509,-0.07268,0.0096,0.00205,0.05526
171.69,SYN.ETH-1NOV19,1571396340677,open,0.0,0.001,0.013,0.003254,75.94,None,0.0,ETH-1NOV19-220-C,171.44,0.0,0.0,0.0,0.005,20.0,83.09,0.0371,-0.10152,0.00336,0.00436,0.05474
171.69,SYN.ETH-1NOV19,1571396340676,open,0.0,0.108,0.169,0.140364,76.93,None,0.0,ETH-1NOV19-150-C,171.44,0.0,0.0,0.0,0.0,0.0,0.0,0.083,-0.23009,0.04536,0.00963,0.83528
172.1,SYN.ETH-29NOV19,1571396340678,open,0.51,0.0,0.472,0.575,0.521959,83.74,None,0.0,ETH-29NOV19-260-P,171.44,0.0,0.0,0.0,0.0,0.0,0.0,0.09823,-0.09821,-0.28183,0.00345,-0.90539
172.1,SYN.ETH-29NOV19,1571396340676,open,0.03,737.0,0.01,0.05,0.028024,77.75,0.025,0.0,ETH-29NOV19-220-C,171.44,73.55,0.024,496.0,0.03,278.0,79.75,0.16879,-0.1567,0.03626,0.00639,0.21167
171.69,SYN.ETH-1NOV19,1571396340676,open,20.0,0.013,0.062,0.03641,72.12,0.029,0.0,ETH-1NOV19-180-C,171.44,62.17,0.029,209.0,0.04,209.0,76.89,0.1289,-0.33501,0.02341,0.01595,0.39514
171.69,SYN.ETH-1NOV19,1571396340676,open,0.0,0.221,0.271,0.246426,89.76,None,0.0,ETH-1NOV19-130-C,171.44,0.0,0.0,0.0,0.0,0.0,0.0,0.03274,-0.1059,0.04613,0.00326,0.95321
171.58,SYN.ETH-25OCT19,1571396340678,open,0.03,400.0,0.01,0.062,0.034256,71.02,0.036,0.0,ETH-25OCT19-170-P,171.44,59.47,0.028,161.0,0.036,153.0,74.24,0.09298,-0.48022,-0.01542,0.02361,-0.44284
171.69,SYN.ETH-1NOV19,1571396340676,open,0.0,0.089,0.165,0.127057,72.14,None,0.0,ETH-1NOV19-190-P,171.44,0.0,0.0,0.0,0.0,0.0,0.0,0.1081,-0.28103,-0.05674,0.01337,-0.74222
171.58,SYN.ETH-25OCT19,1571396340679,open,0.0,4693.0,0.001,0.011,1.7e-05,120.0,0.001,0.0,ETH-25OCT19-100-P,171.44,0.0,0.0,0.0,0.001,100.0,181.17,0.00033,-0.0029,-1e-05,5e-05,-0.00039
172.1,SYN.ETH-29NOV19,1571396340679,open,0.05,384.0,0.022,0.076,0.048426,76.46,0.047,0.0,ETH-29NOV19-200-C,171.44,72.81,0.044,459.0,0.048,4.0,76.12,0.21012,-0.19184,0.05484,0.00809,0.32617
171.58,SYN.ETH-25OCT19,1571396340677,open,0.09,930.0,0.049,0.111,0.081609,73.57,0.084,0.0,ETH-25OCT19-160-C,171.44,34.95,0.069,111.0,0.086,111.0,83.83,0.07131,-0.38147,0.02229,0.01748,0.77116
171.69,SYN.ETH-1NOV19,1571396340676,open,0.0,0.19,0.27,0.229302,74.77,None,0.0,ETH-1NOV19-210-P,171.44,0.0,0.0,0.0,0.0,0.0,0.0,0.05671,-0.15279,-0.07401,0.00677,-0.9047
171.58,SYN.ETH-25OCT19,1571396340677,open,0.11,227.0,0.079,0.152,0.115272,71.36,0.102,0.0,ETH-25OCT19-190-P,171.44,0.0,0.096,19.0,0.14,19.0,129.11,0.05744,-0.29808,-0.03086,0.01451,-0.8394
172.1,SYN.ETH-29NOV19,1571396340679,open,0.4,0.0,0.363,0.463,0.412045,80.89,None,0.0,ETH-29NOV19-240-P,171.44,0.0,0.0,0.0,0.0,0.0,0.0,0.13025,-0.12579,-0.25101,0.00474,-0.85921
172.1,SYN.ETH-29NOV19,1571396340678,open,0.23,1.0,0.185,0.251,0.21982,82.25,0.289,0.0,ETH-29NOV19-140-C,171.44,0.0,0.0,0.0,0.0,0.0,0.0,0.15785,-0.15502,0.11666,0.00565,0.81066
172.1,SYN.ETH-29NOV19,1571396340677,open,0.3,0.0,0.258,0.355,0.30637,77.8,None,0.0,ETH-29NOV19-220-P,171.44,0.0,0.0,0.0,0.0,0.0,0.0,0.16887,-0.15687,-0.21611,0.00639,-0.78815
171.58,SYN.ETH-25OCT19,1571396340679,open,0.0,1500.0,0.001,0.011,0.001488,93.83,0.001,0.0,ETH-25OCT19-220-C,171.44,0.0,0.0,0.0,0.002,400.0,98.69,0.01648,-0.11249,0.00096,0.00317,0.03105
172.1,SYN.ETH-29NOV19,1571396340677,open,0.13,161.0,0.089,0.17,0.129944,76.49,0.132,0.0,ETH-29NOV19-180-P,171.44,71.34,0.123,320.0,0.137,122.0,81.71,0.23234,-0.21219,-0.12782,0.00894,-0.5174
171.58,SYN.ETH-25OCT19,1571396340678,open,0.07,2034.0,0.036,0.103,0.069181,71.26,0.069,0.0,ETH-25OCT19-180-P,171.44,58.49,0.063,7.0,0.077,99.0,86.67,0.08525,-0.44177,-0.0239,0.02157,-0.67032
172.1,SYN.ETH-29NOV19,1571396340677,open,0.73,0.0,0.695,0.809,0.74983,93.68,None,0.0,ETH-29NOV19-300-P,171.44,0.0,0.0,0.0,0.0,0.0,0.0,0.06543,-0.07318,-0.33452,0.00206,-0.94438
171.58,SYN.ETH-25OCT19,1571396340680,open,0.01,453.0,0.001,0.023,0.007925,71.34,0.005,0.0,ETH-25OCT19-190-C,171.44,58.12,0.004,294.0,0.01,294.0,77.29,0.05742,-0.29792,0.00493,0.01451,0.16053
171.58,SYN.ETH-25OCT19,1571396340678,open,0.0,206.0,0.001,0.011,0.001525,107.95,0.002,0.0,ETH-25OCT19-130-P,171.44,0.0,0.0,0.0,0.003,303.0,122.44,0.01411,-0.11077,-0.00088,0.00236,-0.02575
171.58,SYN.ETH-25OCT19,1571396340678,open,0.0,3325.0,0.001,0.011,0.000729,120.0,0.001,0.0,ETH-25OCT19-120-P,171.44,0.0,0.0,0.0,0.002,303.0,140.52,0.00742,-0.06473,-0.00042,0.00111,-0.01212
171.58,SYN.ETH-25OCT19,1571396340681,open,0.01,2511.0,0.002,0.034,0.014112,73.58,0.013,0.0,ETH-25OCT19-160-P,171.44,63.3,0.01,263.0,0.016,254.0,78.06,0.07131,-0.38157,-0.00785,0.01748,-0.22888
171.58,SYN.ETH-25OCT19,1571396340680,open,0.0,37.0,0.001,0.011,0.001666,80.89,0.001,0.0,ETH-25OCT19-210-C,171.44,0.0,0.0,0.0,0.003,303.0,90.53,0.01981,-0.11655,0.0012,0.00442,0.03884
172.1,SYN.ETH-29NOV19,1571396340679,open,0.02,642.0,0.005,0.035,0.017485,80.82,0.014,0.0,ETH-29NOV19-240-C,171.44,74.52,0.013,300.0,0.019,300.0,82.79,0.1301,-0.12555,0.0243,0.00474,0.14055
173.82,ETH-27MAR20,1571396340689,open,0.69,155.0,0.624,0.782,0.704139,91.77,0.64,0.0,ETH-27MAR20-280-P,171.44,78.89,0.675,43.0,0.751,10.0,110.78,0.41068,-0.11713,-1.06322,0.00336,-0.68365
7953.2,BTC-27DEC19,1571396341269,open,1.76,4.9,1.7125,1.83,1.76860294,99.98,1.0385,0.0,BTC-27DEC19-22000-P,7897.79,0.0,0.0,0.0,0.0,0.0,0.0,1.50757,-1.07853,-41.8865,1e-05,-0.98245
7952.33,BTC-27DEC19,1571396341269,open,3.02,0.3,2.945,3.108,3.02397553,0.0,1.875,0.0,BTC-27DEC19-32000-P,7897.79,0.0,0.0,0.0,0.0,0.0,0.0,0.0,0.0,-61.26088,0.0,-1.0
8044.78,BTC-27MAR20,1571396341269,open,3.97,1.0,3.876,4.0905,3.97810502,106.31,2.7125,0.0,BTC-27MAR20-40000-P,7897.79,0.0,0.0005,3.0,0.0,0.0,0.0,3.37596,-1.11545,-175.53908,1e-05,-0.97254
8044.78,BTC-27MAR20,1571396341270,open,1.99,0.0,1.929,2.0765,1.9983122,92.1,None,0.0,BTC-27MAR20-24000-P,7897.79,0.0,0.0015,1.0,0.0,0.0,0.0,7.10721,-2.03446,-103.86018,3e-05,-0.93081
7952.33,BTC-27DEC19,1571396341270,open,1.51,4.6,1.466,1.576,1.51821658,95.97,1.466,0.0,BTC-27DEC19-20000-P,7897.79,0.0,0.0,0.0,0.0,0.0,0.0,1.93022,-1.32552,-37.97955,2e-05,-0.97651
8044.78,BTC-27MAR20,1571396341270,open,0.52,1.1,0.5025,0.5465,0.52402743,86.38,0.5375,0.0,BTC-27MAR20-4000-C,7897.79,0.0,0.012,1.1,0.565,1.0,125.17,6.86406,-1.84279,14.53166,3e-05,0.93386
7952.33,BTC-27DEC19,1571396341270,open,4.02,0.0,3.931,4.133,4.029523,0.0,2.58,0.0,BTC-27DEC19-40000-P,7897.79,0.0,0.001,1.0,0.0,0.0,0.0,0.0,0.0,-76.5761,0.0,-1.0
7952.33,BTC-27DEC19,1571396341270,open,3.52,1.3,3.438,3.6205,3.5268483,0.0,2.2,0.0,BTC-27DEC19-36000-P,7897.79,0.0,0.0,0.0,0.0,0.0,0.0,0.0,0.0,-68.91849,0.0,-1.0
7952.33,BTC-27DEC19,1571396341271,open,5.02,0.0,4.9175,5.1585,5.03532112,0.0,None,0.0,BTC-27DEC19-48000-P,7897.79,0.0,0.001,0.1,0.0,0.0,0.0,0.0,0.0,-91.89132,0.0,-1.0
8043.91,BTC-27MAR20,1571396341271,open,2.98,0.0,2.902,3.0815,2.9866345,99.66,None,0.0,BTC-27MAR20-32000-P,7897.79,0.0,0.001,1.0,0.0,0.0,0.0,4.55739,-1.41157,-139.9407,2e-05,-0.96048
7952.33,BTC-27DEC19,1571396341271,open,1.26,9.4,1.22,1.323,1.26864689,93.43,1.1125,0.0,BTC-27DEC19-18000-P,7897.79,0.0,0.0,0.0,0.0,0.0,0.0,2.77692,-1.85646,-33.98351,2e-05,-0.96359
7952.33,BTC-27DEC19,1571396341272,open,2.76,0.2,2.6985,2.852,2.77277017,100.28,2.03,0.0,BTC-27DEC19-30000-P,7897.79,0.0,0.0,0.0,0.0,0.0,0.0,0.27038,-0.19402,-57.39839,0.0,-0.9975
7904.03,SYN.BTC-25OCT19,1571396341269,open,0.01,110.1,0.0005,0.0155,0.00430739,59.19,0.005,0.0,BTC-25OCT19-8750-C,7897.79,55.98,0.0035,1.0,0.005,6.9,61.74,2.07892,-8.94869,0.16177,0.0003,0.11295
7904.03,SYN.BTC-25OCT19,1571396341269,open,0.14,398.5,0.117,0.1685,0.14141724,63.35,0.1435,0.0,BTC-25OCT19-9000-P,7897.79,58.05,0.1405,20.3,0.155,6.8,107.42,1.51237,-6.96664,-1.59002,0.0002,-0.92648
7904.03,SYN.BTC-25OCT19,1571396341272,open,0.03,892.1,0.0095,0.052,0.02572539,57.06,0.0245,0.0,BTC-25OCT19-8000-C,7897.79,49.28,0.0215,3.2,0.0245,25.9,54.81,4.29933,-17.83939,0.63802,0.00064,0.45424
7904.03,SYN.BTC-25OCT19,1571396341269,open,0.01,129.6,0.0005,0.022,0.00789493,66.03,0.007,0.0,BTC-25OCT19-7250-P,7897.79,63.28,0.007,47.3,0.0085,41.1,67.82,2.6291,-12.62328,-0.24855,0.00034,-0.15904
7904.03,SYN.BTC-25OCT19,1571396341269,open,0.09,0.2,0.0675,0.113,0.09065312,66.06,0.111,0.0,BTC-25OCT19-7250-C,7897.79,0.0,0.073,9.0,0.0985,9.4,87.16,2.63042,-12.63662,1.11697,0.00034,0.84084
7904.03,SYN.BTC-25OCT19,1571396341272,open,0.07,45.2,0.041,0.089,0.06458036,61.69,0.055,0.0,BTC-25OCT19-7500-C,7897.79,49.59,0.0595,15.0,0.069,19.0,71.48,3.47609,-15.59347,1.01463,0.00048,0.74603
7909.49,SYN.BTC-1NOV19,1571396341269,open,0.0,0.0015,0.026,0.01117962,66.2,None,0.0,BTC-1NOV19-7000-P,7897.79,59.01,0.008,22.0,0.0135,24.0,71.03,3.69099,-8.80516,-0.5028,0.00023,-0.15604
7904.03,SYN.BTC-25OCT19,1571396341269,open,0.11,6.0,0.0865,0.1375,0.11132337,59.14,0.0965,0.0,BTC-25OCT19-8750-P,7897.79,0.0,0.0965,7.0,0.122,7.8,89.98,2.07584,-8.92702,-1.48684,0.0003,-0.88728
8043.91,BTC-27MAR20,1571396341277,open,2.73,0.0,2.6585,2.831,2.73970416,98.88,None,0.0,BTC-27MAR20-30000-P,7897.79,0.0,0.0005,1.0,0.0,0.0,0.0,5.22157,-1.60462,-130.92904,2e-05,-0.95323
7904.03,SYN.BTC-25OCT19,1571396341270,open,0.12,9.3,0.0975,0.141,0.11949356,72.86,0.1265,0.0,BTC-25OCT19-7000-C,7897.79,36.7,0.1145,9.0,0.1315,9.0,110.56,1.9452,-10.30588,1.15766,0.00023,0.89701
7904.03,SYN.BTC-25OCT19,1571396341271,open,0.39,27.6,0.3645,0.4215,0.39192058,92.88,0.375,0.0,BTC-25OCT19-11000-P,7897.79,0.0,0.3915,16.0,0.4145,5.0,215.04,0.17676,-1.19388,-2.06395,2e-05,-0.99428
7904.03,SYN.BTC-25OCT19,1571396341269,open,0.26,309.8,0.2405,0.294,0.26592658,80.62,0.2675,0.0,BTC-25OCT19-10000-P,7897.79,0.0,0.265,5.0,0.2875,5.0,172.39,0.5075,-2.97529,-1.85627,5e-05,-0.98079
7904.03,SYN.BTC-25OCT19,1571396341269,open,0.0,140.9,0.0005,0.0115,0.00173352,66.7,0.002,0.0,BTC-25OCT19-9250-C,7897.79,54.19,0.0005,27.5,0.0025,0.1,71.8,1.06987,-5.18964,0.06781,0.00014,0.04728
7904.03,SYN.BTC-25OCT19,1571396341269,open,0.04,1588.0,0.0185,0.067,0.03785429,57.03,0.0355,0.0,BTC-25OCT19-8000-P,7897.79,49.94,0.034,2.4,0.0355,0.4,52.7,4.29929,-17.8315,-0.86901,0.00064,-0.54579
7904.03,SYN.BTC-25OCT19,1571396341269,open,0.06,14.6,0.0345,0.0855,0.05853554,57.21,0.061,0.0,BTC-25OCT19-8250-P,7897.79,46.39,0.0535,14.0,0.062,9.0,64.29,3.80721,-15.84022,-1.11999,0.00057,-0.69368
7904.03,SYN.BTC-25OCT19,1571396341269,open,0.02,163.7,0.003,0.034,0.01477761,57.24,0.012,0.0,BTC-25OCT19-8250-C,7897.79,50.3,0.0115,18.4,0.0145,37.7,56.67,3.80777,-15.85053,0.43424,0.00057,0.30643
7909.49,SYN.BTC-1NOV19,1571395752234,open,5.1,0.0085,0.0455,0.02497739,61.2,0.021,0.0,BTC-1NOV19-7500-P,7897.79,54.58,0.0205,15.0,0.024,0.3,59.77,5.41536,-11.94287,-0.99737,0.00037,-0.30672
7909.49,SYN.BTC-1NOV19,1571396315101,open,2.0,0.0045,0.035,0.01737677,64.44,0.016,0.0,BTC-1NOV19-7250-P,7897.79,56.71,0.013,21.0,0.0185,15.0,66.35,4.62409,-10.73804,-0.72852,0.0003,-0.22491
7909.49,SYN.BTC-1NOV19,1571395402936,open,0.0,0.0005,0.0155,0.00529034,74.24,None,0.0,BTC-1NOV19-6500-P,7897.79,67.23,0.0035,23.0,0.007,23.0,79.95,2.21888,-5.93625,-0.2463,0.00013,-0.07662
7909.49,SYN.BTC-1NOV19,1571396330205,open,0.1,0.028,0.078,0.05123124,57.91,0.061,0.0,BTC-1NOV19-8000-P,7897.79,50.53,0.0455,16.8,0.057,15.8,65.33,6.14629,-12.82622,-1.7106,0.00045,-0.51767
7909.49,SYN.BTC-1NOV19,1571395402938,open,3.1,0.0005,0.021,0.00812584,71.32,0.006,0.0,BTC-1NOV19-6750-P,7897.79,63.75,0.0055,23.0,0.0105,15.0,77.35,2.96037,-7.60763,-0.36488,0.00017,-0.11322
7909.49,SYN.BTC-1NOV19,1571395026067,open,2.7,0.033,0.0815,0.05787608,61.22,0.051,0.0,BTC-1NOV19-7750-C,7897.79,50.13,0.0495,18.2,0.0595,14.2,63.36,5.99126,-13.21651,1.60328,0.00041,0.59109
7909.49,SYN.BTC-1NOV19,1571396328580,open,5.3,0.019,0.064,0.03980213,57.93,0.039,0.0,BTC-1NOV19-8000-C,7897.79,51.1,0.0345,20.0,0.042,20.0,60.76,6.1463,-12.83025,1.33066,0.00045,0.48235
7909.49,SYN.BTC-1NOV19,1571396275960,open,0.0,0.0015,0.026,0.01117962,66.2,None,0.0,BTC-1NOV19-7000-P,7897.79,59.01,0.008,22.0,0.0135,24.0,71.03,3.69099,-8.80516,-0.5028,0.00023,-0.15604
7909.49,SYN.BTC-1NOV19,1571396192253,open,0.5,0.0105,0.05,0.0292927,60.15,0.0285,0.0,BTC-1NOV19-8250-C,7897.79,52.97,0.024,5.0,0.029,15.0,59.76,5.88031,-12.7462,1.05996,0.00041,0.38181
7909.49,SYN.BTC-1NOV19,1571395206297,open,0.6,0.0005,0.023,0.00917427,61.51,0.007,0.0,BTC-1NOV19-9000-C,7897.79,55.36,0.0065,22.0,0.01,0.2,63.26,3.66802,-8.12987,0.43718,0.00025,0.15457
7909.49,SYN.BTC-1NOV19,1571396307386,open,0.0,0.045,0.0995,0.07232897,60.13,None,0.0,BTC-1NOV19-8250-P,7897.79,48.76,0.064,12.4,0.078,12.4,67.71,5.88007,-12.74156,-2.07644,0.00041,-0.61824
7909.49,SYN.BTC-1NOV19,1571396307399,open,15.4,0.0025,0.0295,0.01341605,60.39,0.011,0.0,BTC-1NOV19-8750-C,7897.79,53.11,0.0095,22.0,0.014,15.5,61.41,4.47153,-9.73,0.59766,0.00031,0.21218
7909.49,SYN.BTC-1NOV19,1571395810558,open,0.0,0.0165,0.061,0.03769803,61.2,None,0.0,BTC-1NOV19-7750-P,7897.79,53.0,0.0315,15.0,0.0405,19.0,64.9,5.99121,-13.21254,-1.34285,0.00041,-0.4089
7909.49,SYN.BTC-1NOV19,1571395471530,open,0.8,0.1195,0.1755,0.14703201,61.47,0.1205,0.0,BTC-1NOV19-9000-P,7897.79,33.49,0.1385,5.0,0.1585,5.0,82.75,3.66567,-8.12015,-2.98463,0.00025,-0.84558
7904.03,SYN.BTC-25OCT19,1571393349069,open,0.0,499.5,0.0005,0.0105,1.19e-06,115.0,0.0005,0.0,BTC-25OCT19-15000-C,7897.79,0.0,0.0,0.0,0.0015,49.0,204.9,0.00157,-0.00941,5e-05,0.0,3e-05
7909.49,SYN.BTC-1NOV19,1571396317136,open,0.0,0.0005,0.018,0.00635779,62.96,None,0.0,BTC-1NOV19-9250-C,7897.79,54.24,0.0035,15.0,0.008,15.5,67.15,2.94423,-6.67921,0.31873,0.0002,0.11236
7909.49,SYN.BTC-1NOV19,1571396329869,open,19.9,0.0055,0.0385,0.02004609,60.18,0.0165,0.0,BTC-1NOV19-8500-C,7897.79,52.4,0.015,11.0,0.02,25.0,60.11,5.27419,-11.43706,0.81006,0.00037,0.28945
7909.49,SYN.BTC-1NOV19,1571395202261,open,0.0,0.0005,0.015,0.00471843,65.41,None,0.0,BTC-1NOV19-9500-C,7897.79,56.91,0.0025,15.0,0.0065,15.5,70.84,2.39748,-5.65103,0.24107,0.00015,0.08489
7909.49,SYN.BTC-1NOV19,1571395504304,open,0.2,0.149,0.2045,0.1758227,62.91,0.2,0.0,BTC-1NOV19-9250-P,7897.79,0.0,0.1675,5.0,0.188,5.0,88.63,2.94091,-6.66706,-3.19819,0.0002,-0.88782
7909.49,SYN.BTC-1NOV19,1571394387282,open,0.0,0.179,0.235,0.20579049,65.36,None,0.0,BTC-1NOV19-9500-P,7897.79,0.0,0.1915,2.9,0.219,2.9,96.33,2.39331,-5.63646,-3.37095,0.00015,-0.9153
7904.03,SYN.BTC-25OCT19,1571395493894,open,0.0,131.2,0.0005,0.0125,0.0028925,91.31,0.0025,0.0,BTC-25OCT19-6500-P,7897.79,84.62,0.002,24.1,0.004,47.0,98.23,1.15903,-7.69569,-0.08213,0.00011,-0.05227
7904.03,SYN.BTC-25OCT19,1571396315107,open,0.07,45.2,0.041,0.0895,0.06458036,61.69,0.055,0.0,BTC-25OCT19-7500-C,7897.79,49.59,0.0595,15.0,0.069,19.0,71.48,3.47609,-15.59347,1.01463,0.00048,0.74603
7904.03,SYN.BTC-25OCT19,1571396321164,open,0.01,1301.2,0.0025,0.033,0.01345121,61.66,0.013,0.0,BTC-25OCT19-7500-P,7897.79,58.32,0.012,1.0,0.014,34.2,62.9,3.47548,-15.58347,-0.39804,0.00048,-0.25388
7904.03,SYN.BTC-25OCT19,1571395690119,open,0.01,129.6,0.0005,0.022,0.00789493,66.03,0.007,0.0,BTC-25OCT19-7250-P,7897.79,63.28,0.007,47.3,0.0085,41.1,67.82,2.6291,-12.62328,-0.24855,0.00034,-0.15904
7904.03,SYN.BTC-25OCT19,1571396328200,open,0.04,129.6,0.02,0.0655,0.04181871,57.39,0.04,0.0,BTC-25OCT19-7750-C,7897.79,49.12,0.0375,2.4,0.042,21.3,57.74,4.15055,-17.32203,0.85163,0.00061,0.6138
7952.33,BTC-27DEC19,1571393326544,open,0.0,249.5,0.0005,0.0105,2.552e-05,114.99,0.0005,0.0,BTC-27DEC19-1500-P,7897.79,150.7,0.0005,3.7,0.001,29.9,163.85,0.02398,-0.01973,-0.00314,0.0,-0.00018
7952.33,BTC-27DEC19,1571394941763,open,0.01,387.6,0.0005,0.0215,0.00808127,89.45,0.008,0.0,BTC-27DEC19-16000-C,7897.79,87.16,0.007,4.8,0.0095,47.0,92.19,3.91698,-2.50699,0.72701,4e-05,0.05584
7952.33,BTC-27DEC19,1571394941687,open,0.02,501.5,0.0045,0.035,0.01625979,80.21,0.0175,0.0,BTC-27DEC19-13000-C,7897.79,77.37,0.014,45.0,0.018,45.0,82.27,6.55522,-3.76237,1.4316,7e-05,0.1103
7904.03,SYN.BTC-25OCT19,1571396322165,open,0.01,577.7,0.0005,0.027,0.00785581,57.38,0.0075,0.0,BTC-25OCT19-8500-C,7897.79,52.15,0.006,21.0,0.0085,40.3,59.09,2.92869,-12.21942,0.26884,0.00043,0.18841
7904.03,SYN.BTC-25OCT19,1571396328198,open,0.02,163.7,0.003,0.034,0.01477761,57.24,0.012,0.0,BTC-25OCT19-8250-C,7897.79,50.3,0.0115,18.4,0.0145,37.7,56.67,3.80777,-15.85053,0.43424,0.00057,0.30643
7952.33,BTC-27DEC19,1571394763640,open,0.0,656.1,0.0005,0.0115,0.00174903,102.74,0.0015,0.0,BTC-27DEC19-24000-C,7897.79,96.49,0.001,0.5,0.0025,49.0,107.31,1.14887,-0.84463,0.16817,1e-05,0.0128
7952.33,BTC-27DEC19,1571395602079,open,0.01,659.7,0.0005,0.0235,0.00925351,85.31,0.0115,0.0,BTC-27DEC19-15000-C,7897.79,81.97,0.0075,46.0,0.0105,53.0,87.48,4.41663,-2.69622,0.85009,4e-05,0.06509
7952.33,BTC-27DEC19,1571396329375,open,0.05,558.6,0.024,0.0795,0.05055698,73.82,0.048,0.0,BTC-27DEC19-10000-C,7897.79,71.77,0.0475,18.5,0.053,46.5,75.44,11.94641,-6.31027,3.67396,0.00013,0.29188
7952.33,BTC-27DEC19,1571394941759,open,0.0,411.0,0.0005,0.012,0.00247275,100.26,0.0035,0.0,BTC-27DEC19-22000-C,7897.79,94.3,0.0015,29.0,0.0035,49.0,104.99,1.52939,-1.09721,0.23411,1e-05,0.01785
7952.33,BTC-27DEC19,1571395786608,open,0.0,902.1,0.0005,0.0105,0.00072735,109.02,0.0005,0.0,BTC-27DEC19-30000-C,7897.79,105.22,0.0005,1.0,0.001,30.9,112.54,0.54444,-0.42472,0.07211,0.0,0.00546
7952.33,BTC-27DEC19,1571395786603,open,0.02,810.1,0.007,0.0445,0.02265674,77.64,0.021,0.0,BTC-27DEC19-12000-C,7897.79,74.95,0.02,43.0,0.0245,51.0,79.43,8.07137,-4.48404,1.92128,9e-05,0.14886
7952.33,BTC-27DEC19,1571393326076,open,0.0,675.0,0.0005,0.0105,0.00039685,115.01,0.001,0.0,BTC-27DEC19-36000-C,7897.79,0.0,0.0,0.0,0.001,20.0,125.28,0.31703,-0.2609,0.03942,0.0,0.00299
7952.33,BTC-27DEC19,1571394763811,open,0.0,440.5,0.0005,0.0135,0.00374724,101.95,0.003,0.0,BTC-27DEC19-3500-P,7897.79,98.12,0.003,0.6,0.0045,48.0,105.38,1.65344,-1.20623,-0.35488,1e-05,-0.01956
7952.33,BTC-27DEC19,1571394941699,open,0.01,683.3,0.0025,0.0285,0.01227724,83.08,0.014,0.0,BTC-27DEC19-14000-C,7897.79,79.54,0.01,48.0,0.014,46.0,85.53,5.39935,-3.20974,1.10235,5e-05,0.08469
7952.33,BTC-27DEC19,1571394763654,open,0.0,291.4,0.0005,0.011,0.00100665,114.99,0.0015,0.0,BTC-27DEC19-2500-P,7897.79,105.58,0.0005,29.0,0.0025,49.0,130.91,0.53543,-0.44056,-0.09696,0.0,-0.00536
7953.2,BTC-27DEC19,1571394763812,open,0.0,519.0,0.0005,0.012,0.0022427,109.65,0.003,0.0,BTC-27DEC19-3000-P,7897.79,103.3,0.0015,49.0,0.003,1.0,114.87,1.05076,-0.82443,-0.20987,1e-05,-0.01154
7952.33,BTC-27DEC19,1571393326138,open,0.0,555.7,0.0005,0.0105,0.00019574,115.01,0.001,0.0,BTC-27DEC19-40000-C,7897.79,0.0,0.0,0.0,0.001,49.0,132.51,0.17442,-0.14354,0.02054,0.0,0.00154
7953.2,BTC-27DEC19,1571393326149,open,0.0,342.0,0.0005,0.0105,5.253e-05,115.0,0.0005,0.0,BTC-27DEC19-48000-C,7897.79,0.0,0.0,0.0,0.001,49.0,144.79,0.05592,-0.04602,0.00603,0.0,0.00045
7952.33,BTC-27DEC19,1571394941761,open,0.01,745.5,0.0005,0.0165,0.00542116,94.17,0.0045,0.0,BTC-27DEC19-18000-C,7897.79,91.46,0.0045,0.7,0.0065,48.0,97.0,2.86394,-1.92977,0.49307,3e-05,0.03781
7952.33,BTC-27DEC19,1571393326068,open,0.0,576.4,0.0005,0.011,0.00100409,107.68,0.001,0.0,BTC-27DEC19-28000-C,7897.79,100.54,0.0005,30.0,0.0015,20.0,112.42,0.71411,-0.55024,0.09773,1e-05,0.00742
7952.33,BTC-27DEC19,1571394941760,open,0.0,799.1,0.0005,0.0135,0.00352133,97.14,0.003,0.0,BTC-27DEC19-20000-C,7897.79,92.7,0.0025,39.0,0.0045,54.0,100.64,2.04334,-1.42024,0.32917,2e-05,0.02514
7952.33,BTC-27DEC19,1571395494585,open,0.0,402.1,0.0005,0.0105,0.00051368,109.82,0.001,0.0,BTC-27DEC19-32000-C,7897.79,0.0,0.0,0.0,0.001,20.0,117.09,0.40656,-0.31948,0.05214,0.0,0.00394
7952.33,BTC-27DEC19,1571396328908,open,0.13,370.0,0.0865,0.157,0.12307683,72.3,0.1305,0.0,BTC-27DEC19-8000-C,7897.79,69.94,0.119,29.8,0.1265,38.8,74.28,13.74703,-7.11186,6.58142,0.00016,0.55538
7952.33,BTC-27DEC19,1571395347316,open,0.01,905.3,0.0045,0.0295,0.0146524,84.74,0.0155,0.0,BTC-27DEC19-5000-P,7897.79,82.01,0.013,45.0,0.0165,55.2,87.64,4.94399,-2.99786,-1.37053,5e-05,-0.07537
7904.03,SYN.BTC-25OCT19,1571396335253,open,0.03,892.1,0.0095,0.052,0.02572539,57.06,0.0245,0.0,BTC-25OCT19-8000-C,7897.79,49.28,0.0215,3.2,0.0245,25.9,54.81,4.29933,-17.83939,0.63802,0.00064,0.45424
7952.33,BTC-27DEC19,1571396025185,open,0.0,507.2,0.0005,0.011,0.00125173,104.8,0.001,0.0,BTC-27DEC19-26000-C,7897.79,95.47,0.0005,52.5,0.002,20.0,110.54,0.86905,-0.65173,0.12228,1e-05,0.00928
8044.78,BTC-27MAR20,1571395492820,open,0.37,173.6,0.3125,0.4285,0.37159606,78.59,0.366,0.0,BTC-27MAR20-10000-P,7897.79,75.11,0.3625,8.8,0.3785,14.0,81.23,21.04911,-5.14164,-33.10367,9e-05,-0.56201
8043.91,BTC-27MAR20,1571395441993,open,0.57,52.7,0.514,0.636,0.57485748,80.05,0.574,0.0,BTC-27MAR20-12000-P,7897.79,74.92,0.563,5.9,0.6225,3.0,99.39,18.92322,-4.70806,-44.7321,8e-05,-0.68684
7952.33,BTC-27DEC19,1571396329424,open,0.03,1049.2,0.0145,0.056,0.03320959,77.47,0.03,0.0,BTC-27DEC19-6000-P,7897.79,75.36,0.031,40.3,0.035,40.3,79.15,8.41459,-4.66463,-2.9189,9e-05,-0.15852
8043.91,BTC-27MAR20,1571394763879,open,0.79,58.9,0.736,0.86,0.79642657,81.75,0.7625,0.0,BTC-27MAR20-14000-P,7897.79,72.2,0.7785,5.8,0.844,3.0,103.29,16.08638,-4.08734,-55.65142,7e-05,-0.77325
8043.91,BTC-27MAR20,1571394763657,open,0.01,42.4,0.002,0.03,0.01159967,97.02,0.0105,0.0,BTC-27MAR20-28000-C,7897.79,93.92,0.0095,33.0,0.0135,20.0,99.54,5.78805,-1.74532,1.47564,2e-05,0.05322
7953.2,BTC-27DEC19,1571395362194,open,0.02,404.4,0.008,0.0405,0.02193468,80.34,0.021,0.0,BTC-27DEC19-5500-P,7897.79,78.58,0.0205,20.0,0.023,24.0,81.62,6.55547,-3.76851,-2.01312,7e-05,-0.11028
7931.35,SYN.BTC-29NOV19,1571396316115,open,0.01,265.3,0.0005,0.0185,0.00706625,75.77,0.0065,0.0,BTC-29NOV19-12000-C,7897.79,72.04,0.0055,34.0,0.0075,20.0,76.73,3.55804,-3.21915,0.56145,7e-05,0.06877
8044.78,BTC-27MAR20,1571393326898,open,0.01,584.0,0.0005,0.0195,0.0060109,106.49,0.006,0.0,BTC-27MAR20-40000-C,7897.79,103.95,0.005,16.0,0.007,15.0,108.71,3.40418,-1.12663,0.77019,1e-05,0.02773
8044.78,BTC-27MAR20,1571395020995,open,0.04,926.0,0.015,0.072,0.0399054,83.85,0.038,0.0,BTC-27MAR20-16000-C,7897.79,82.09,0.037,14.9,0.0425,29.9,85.38,13.48224,-3.51368,4.5899,6e-05,0.16935
7931.35,SYN.BTC-29NOV19,1571394763655,open,0.0,157.7,0.0005,0.012,0.00226888,87.48,0.0025,0.0,BTC-29NOV19-15000-C,7897.79,82.66,0.0015,54.2,0.003,15.0,91.13,1.44311,-1.50727,0.18513,2e-05,0.02261
7953.2,BTC-27DEC19,1571395786620,open,0.07,285.8,0.04,0.1005,0.06960512,73.63,0.07,0.0,BTC-27DEC19-7000-P,7897.79,71.21,0.066,33.0,0.0725,42.0,75.57,11.8854,-6.26209,-5.45456,0.00013,-0.28864
7952.33,BTC-27DEC19,1571395786498,open,0.01,628.4,0.0005,0.016,0.00601298,95.23,0.007,0.0,BTC-27DEC19-4000-P,7897.79,91.81,0.005,20.0,0.007,57.0,98.28,2.47283,-1.68509,-0.57292,2e-05,-0.03162
7952.33,BTC-27DEC19,1571393349057,open,0.0,442.4,0.0005,0.0105,9.986e-05,115.01,0.001,0.0,BTC-27DEC19-44000-C,7897.79,0.0,0.0,0.0,0.001,49.0,138.97,0.09782,-0.0805,0.01099,0.0,0.00082
7952.33,BTC-27DEC19,1571395786619,open,0.01,540.9,0.0005,0.0215,0.00971312,90.09,0.0105,0.0,BTC-27DEC19-4500-P,7897.79,87.32,0.0085,5.0,0.011,46.0,92.84,3.60762,-2.32554,-0.91415,3e-05,-0.05033
7952.33,BTC-27DEC19,1571393325934,open,0.0,1544.5,0.0005,0.0105,2.84e-05,115.01,0.0005,0.0,BTC-27DEC19-52000-C,7897.79,0.0,0.0,0.0,0.001,20.0,150.12,0.03255,-0.02679,0.00338,0.0,0.00025
8044.78,BTC-27MAR20,1571394763777,open,0.03,223.8,0.0095,0.0585,0.02971428,85.99,0.0345,0.0,BTC-27MAR20-18000-C,7897.79,84.39,0.0275,0.1,0.0315,15.0,87.24,11.31329,-3.02363,3.56471,5e-05,0.13025
7952.33,BTC-27DEC19,1571396319495,open,0.08,353.0,0.046,0.111,0.07879117,72.7,0.0775,0.0,BTC-27DEC19-9000-C,7897.79,70.47,0.075,38.2,0.0815,42.2,74.29,13.51866,-7.03281,5.02777,0.00015,0.40904
8043.91,BTC-27MAR20,1571394763848,open,0.01,101.8,0.003,0.033,0.01330472,94.92,0.0125,0.0,BTC-27MAR20-26000-C,7897.79,92.57,0.0115,33.0,0.015,23.0,96.96,6.44176,-1.90032,1.68988,2e-05,0.06097
8044.78,BTC-27MAR20,1571396330755,open,0.02,357.3,0.0065,0.0485,0.02299592,88.12,0.027,0.0,BTC-27MAR20-20000-C,7897.79,85.96,0.0205,32.0,0.025,15.0,89.77,9.58266,-2.62447,2.83967,4e-05,0.10308
8044.78,BTC-27MAR20,1571396314548,open,0.08,539.5,0.0445,0.1245,0.08321356,80.11,0.083,0.0,BTC-27MAR20-12000-C,7897.79,78.74,0.08,22.5,0.087,26.5,81.71,18.93425,-4.71438,8.16573,8e-05,0.31351
171.58,SYN.ETH-25OCT19,1571395691409,open,0.0,2508.0,0.001,0.014,0.00363,99.1,0.005,0.0,ETH-25OCT19-140-P,171.44,77.15,0.001,168.0,0.006,351.0,111.99,0.02767,-0.19939,-0.00202,0.00503,-0.05895
173.82,ETH-27MAR20,1571394777475,open,0.1,1074.0,0.049,0.137,0.093596,91.92,0.093,0.0,ETH-27MAR20-280-C,171.44,88.66,0.086,547.0,0.101,287.0,95.01,0.41105,-0.11744,0.17112,0.00336,0.31701
7952.33,BTC-27DEC19,1571395791622,open,0.05,397.2,0.0245,0.0755,0.04879562,75.22,0.0505,0.0,BTC-27DEC19-6500-P,7897.79,72.65,0.0455,36.3,0.051,45.3,76.92,10.2617,-5.52315,-4.06912,0.00011,-0.21849
171.58,SYN.ETH-25OCT19,1571393772665,open,0.01,453.0,0.001,0.023,0.007926,71.34,0.005,0.0,ETH-25OCT19-190-C,171.44,58.12,0.004,294.0,0.01,294.0,77.29,0.05742,-0.29792,0.00493,0.01451,0.16053
171.58,SYN.ETH-25OCT19,1571395827480,open,0.05,406.0,0.016,0.071,0.043475,71.01,0.034,0.0,ETH-25OCT19-170-C,171.44,51.66,0.033,149.0,0.044,150.0,71.98,0.09298,-0.48015,0.0166,0.02361,0.55717
172.1,SYN.ETH-29NOV19,1571393435936,open,0.01,148.0,0.002,0.025,0.011188,83.64,0.01,0.0,ETH-29NOV19-260-C,171.44,77.58,0.008,500.0,0.014,300.0,88.32,0.098,-0.09788,0.01641,0.00345,0.09432
171.69,SYN.ETH-1NOV19,1571395497185,open,0.0,0.022,0.081,0.050421,71.37,None,0.0,ETH-1NOV19-170-P,171.44,56.53,0.039,155.0,0.054,155.0,76.01,0.13223,-0.34008,-0.03228,0.01653,-0.44413
171.58,SYN.ETH-25OCT19,1571396335653,open,0.02,1605.0,0.004,0.042,0.020118,71.25,0.016,0.0,ETH-25OCT19-180-C,171.44,56.47,0.013,237.0,0.02,238.0,71.01,0.08525,-0.44168,0.01,0.02157,0.32965
8044.78,BTC-27MAR20,1571395084449,open,0.08,289.0,0.047,0.115,0.08026271,79.07,0.074,0.0,BTC-27MAR20-6000-P,7897.79,77.34,0.077,13.0,0.0835,21.0,80.77,15.20915,-3.73745,-10.1425,7e-05,-0.20578
8044.78,BTC-27MAR20,1571396314510,open,0.21,112.3,0.1565,0.248,0.20443415,77.18,0.206,0.0,BTC-27MAR20-8000-C,7897.79,75.64,0.2005,11.1,0.206,0.8,77.79,20.56043,-4.93195,14.21385,9e-05,0.6053
171.58,SYN.ETH-25OCT19,1571395692714,open,0.01,295.0,0.001,0.019,0.005706,80.96,0.008,0.0,ETH-25OCT19-150-P,171.44,73.49,0.004,301.0,0.007,31.0,86.0,0.04219,-0.24839,-0.00351,0.0094,-0.10287
7931.35,SYN.BTC-29NOV19,1571396322578,open,0.01,357.2,0.0025,0.027,0.0122132,72.47,0.011,0.0,BTC-29NOV19-11000-C,7897.79,69.74,0.0105,25.1,0.0135,33.0,74.4,5.15576,-4.46114,0.91879,0.0001,0.11319
172.48,ETH-27DEC19,1571393436195,open,0.01,895.0,0.001,0.026,0.010603,103.13,0.025,0.0,ETH-27DEC19-380-C,171.44,95.71,0.007,320.0,0.014,300.0,108.86,0.09414,-0.06948,0.01751,0.0016,0.06365
171.58,SYN.ETH-25OCT19,1571388219938,open,0.0,104.0,0.001,0.011,0.000956,100.38,0.001,0.0,ETH-25OCT19-230-C,171.44,0.0,0.0,0.0,0.002,300.0,112.66,0.0113,-0.0825,0.00061,0.00203,0.01979
171.58,SYN.ETH-25OCT19,1571396330612,open,0.01,2511.0,0.002,0.034,0.01411,73.58,0.013,0.0,ETH-25OCT19-160-P,171.44,63.3,0.01,263.0,0.016,254.0,78.06,0.07131,-0.38157,-0.00785,0.01748,-0.22888
7931.35,SYN.BTC-29NOV19,1571396328962,open,0.02,134.3,0.0045,0.033,0.01605346,70.38,0.0195,0.0,BTC-29NOV19-10500-C,7897.79,69.66,0.0155,2.0,0.0175,33.1,72.22,6.12554,-5.14734,1.17414,0.00012,0.14509
171.69,SYN.ETH-1NOV19,1571396101042,open,20.0,0.013,0.062,0.036414,72.12,0.029,0.0,ETH-1NOV19-180-C,171.44,62.17,0.029,209.0,0.04,209.0,76.89,0.1289,-0.33501,0.02341,0.01595,0.39514
172.1,SYN.ETH-29NOV19,1571395416192,open,0.13,161.0,0.089,0.17,0.129921,76.49,0.132,0.0,ETH-29NOV19-180-P,171.44,71.34,0.123,320.0,0.137,122.0,81.71,0.23234,-0.21219,-0.12782,0.00894,-0.5174
8044.78,BTC-27MAR20,1571394763778,open,0.01,53.3,0.0005,0.025,0.00891016,100.42,0.007,0.0,BTC-27MAR20-32000-C,7897.79,96.9,0.007,29.0,0.0105,20.0,102.99,4.70724,-1.46909,1.14227,2e-05,0.04113
7931.35,SYN.BTC-29NOV19,1571396328950,open,0.02,193.1,0.007,0.041,0.02186998,68.73,0.02,0.0,BTC-29NOV19-10000-C,7897.79,66.1,0.0195,0.5,0.0235,30.6,70.48,7.28213,-5.97603,1.52681,0.00015,0.18966
8044.78,BTC-27MAR20,1571393326922,open,0.01,70.6,0.0005,0.022,0.00725533,103.71,0.0095,0.0,BTC-27MAR20-36000-C,7897.79,101.01,0.006,16.0,0.0085,15.0,106.1,3.97709,-1.28189,0.92918,1e-05,0.03346
7931.35,SYN.BTC-29NOV19,1571395850136,open,0.01,110.6,0.0005,0.023,0.00956329,74.75,0.009,0.0,BTC-29NOV19-11500-C,7897.79,70.76,0.0075,33.0,0.011,43.0,77.27,4.36191,-3.89289,0.73176,8e-05,0.08998
173.82,ETH-27MAR20,1571395107446,open,0.06,557.0,0.023,0.092,0.055624,95.86,0.055,0.0,ETH-27MAR20-360-C,171.44,92.24,0.049,558.0,0.062,298.0,99.16,0.32733,-0.09752,0.11398,0.00256,0.20443
8044.78,BTC-27MAR20,1571394763776,open,0.02,145.3,0.005,0.043,0.01924161,91.03,0.0185,0.0,BTC-27MAR20-22000-C,7897.79,89.82,0.018,8.1,0.0205,23.0,92.21,8.42138,-2.3825,2.3853,3e-05,0.08651
172.48,ETH-27DEC19,1571396326586,open,0.05,2515.0,0.029,0.088,0.05772,83.49,0.05,0.0,ETH-27DEC19-140-P,171.44,79.93,0.053,640.0,0.062,280.0,86.78,0.22661,-0.13539,-0.09349,0.00477,-0.22549
171.58,SYN.ETH-25OCT19,1571395941903,open,0.0,1892.0,0.001,0.014,0.003587,76.25,0.006,0.0,ETH-25OCT19-200-C,171.44,67.22,0.002,200.0,0.005,311.0,82.68,0.03467,-0.19225,0.00244,0.0082,0.07898
172.48,ETH-27DEC19,1571386663177,open,0.0,4118.0,0.001,0.011,0.00075,120.02,0.001,0.0,ETH-27DEC19-760-C,171.44,0.0,0.0,0.0,0.002,315.0,132.77,0.01132,-0.00972,0.00147,0.00017,0.00521
8044.78,BTC-27MAR20,1571393326911,open,0.01,50.1,0.0005,0.024,0.00825312,102.56,0.013,0.0,BTC-27MAR20-34000-C,7897.79,100.15,0.007,16.0,0.0095,20.0,104.74,4.39903,-1.40226,1.0491,2e-05,0.03784
7931.35,SYN.BTC-29NOV19,1571396313579,open,0.12,41.9,0.088,0.148,0.1190015,68.01,0.115,0.0,BTC-29NOV19-7500-C,7897.79,62.48,0.112,18.6,0.12,18.6,68.8,10.05246,-8.16325,4.73899,0.0002,0.6398
172.1,SYN.ETH-29NOV19,1571396026487,open,0.15,6.0,0.102,0.173,0.14044,78.04,0.17,0.0,ETH-29NOV19-160-C,171.44,72.86,0.134,464.0,0.146,144.0,82.52,0.21398,-0.19939,0.10227,0.00807,0.65838
171.58,SYN.ETH-25OCT19,1571386663471,open,0.0,1852.0,0.001,0.011,0.000974,112.72,0.001,0.0,ETH-25OCT19-240-C,171.44,0.0,0.0,0.0,0.002,300.0,125.71,0.01054,-0.0864,0.00056,0.00169,0.01823
7931.35,SYN.BTC-29NOV19,1571396329973,open,0.09,297.0,0.055,0.113,0.08490817,65.84,0.083,0.0,BTC-29NOV19-8000-C,7897.79,62.2,0.08,10.7,0.086,20.7,66.65,10.68904,-8.40319,4.04137,0.00022,0.52904
172.1,SYN.ETH-29NOV19,1571394517960,open,0.01,1120.0,0.001,0.017,0.00735,104.88,0.008,0.0,ETH-29NOV19-100-P,171.44,100.36,0.006,360.0,0.009,300.0,109.84,0.05427,-0.06796,-0.01014,0.00152,-0.04401
171.69,SYN.ETH-1NOV19,1571387614729,open,0.0,0.001,0.013,0.003628,89.8,None,0.0,ETH-1NOV19-130-P,171.44,0.0,0.0,0.0,0.008,305.0,108.18,0.03278,-0.10609,-0.0033,0.00326,-0.04687
173.82,ETH-27MAR20,1571395167260,open,0.27,575.0,0.211,0.31,0.265,89.05,0.263,0.0,ETH-27MAR20-160-C,171.44,85.69,0.257,560.0,0.273,260.0,92.33,0.41868,-0.11587,0.30905,0.00353,0.66848
171.58,SYN.ETH-25OCT19,1571386663413,open,0.0,5657.0,0.001,0.011,8.8e-05,120.0,0.001,0.0,ETH-25OCT19-280-C,171.44,0.0,0.0,0.0,0.003,300.0,182.08,0.00144,-0.01255,6e-05,0.00022,0.00192
7931.35,SYN.BTC-29NOV19,1571396328750,open,0.1,341.8,0.062,0.125,0.09354778,65.83,0.1,0.0,BTC-29NOV19-8000-P,7897.79,63.2,0.09,9.0,0.099,17.0,69.88,10.68906,-8.40165,-5.13681,0.00022,-0.47097
171.58,SYN.ETH-25OCT19,1571389166712,open,0.0,3325.0,0.001,0.011,0.000729,120.0,0.001,0.0,ETH-25OCT19-120-P,171.44,0.0,0.0,0.0,0.002,303.0,140.52,0.00742,-0.06473,-0.00042,0.00111,-0.01212
7931.35,SYN.BTC-29NOV19,1571395539963,open,0.01,232.2,0.0005,0.016,0.00646718,88.94,0.006,0.0,BTC-29NOV19-5000-P,7897.79,85.87,0.0055,1.1,0.0075,39.0,91.97,2.60388,-2.76519,-0.47985,4e-05,-0.04627
172.48,ETH-27DEC19,1571393861031,open,0.06,5981.0,0.03,0.094,0.061623,83.4,0.069,0.0,ETH-27DEC19-220-C,171.44,79.7,0.056,283.0,0.067,283.0,86.8,0.26773,-0.15977,0.08333,0.00564,0.31404
171.69,SYN.ETH-1NOV19,1571388647536,open,0.0,0.001,0.021,0.007796,84.82,None,0.0,ETH-1NOV19-140-P,171.44,71.5,0.004,300.0,0.012,300.0,96.53,0.05615,-0.17161,-0.00665,0.00591,-0.09402
171.58,SYN.ETH-25OCT19,1571393436909,open,0.14,0.0,0.101,0.16,0.13149,80.94,None,0.0,ETH-25OCT19-150-C,171.44,0.0,0.119,96.0,0.138,96.0,103.47,0.04217,-0.24823,0.02475,0.0094,0.89718
7931.35,SYN.BTC-29NOV19,1571395792062,open,0.01,15.7,0.0005,0.015,0.00535286,77.04,0.0085,0.0,BTC-29NOV19-12500-C,7897.79,73.05,0.004,34.0,0.006,20.0,78.74,2.91923,-2.68533,0.43715,5e-05,0.05339
172.1,SYN.ETH-29NOV19,1571395610425,open,0.01,13.0,0.001,0.018,0.006631,93.52,0.016,0.0,ETH-29NOV19-300-C,171.44,85.53,0.004,200.0,0.009,300.0,99.25,0.06509,-0.07268,0.0096,0.00205,0.05526
171.58,SYN.ETH-25OCT19,1571393052204,open,0.0,37.0,0.001,0.011,0.001666,80.89,0.001,0.0,ETH-25OCT19-210-C,171.44,0.0,0.0,0.0,0.003,303.0,90.53,0.01981,-0.11655,0.0012,0.00442,0.03884
7931.35,SYN.BTC-29NOV19,1571396314109,open,0.02,224.1,0.005,0.0315,0.01589553,76.2,0.0145,0.0,BTC-29NOV19-6000-P,7897.79,72.39,0.0135,32.0,0.0175,40.0,78.62,5.15223,-4.6874,-1.17358,9e-05,-0.11308
172.48,ETH-27DEC19,1571395203820,open,0.04,2955.0,0.012,0.058,0.032554,86.57,0.034,0.0,ETH-27DEC19-260-C,171.44,82.54,0.028,296.0,0.036,296.0,89.44,0.20188,-0.12507,0.05054,0.00409,0.18565
171.69,SYN.ETH-1NOV19,1571388465543,open,0.0,0.001,0.018,0.00613,74.73,None,0.0,ETH-1NOV19-210-C,171.44,58.73,0.002,300.0,0.01,300.0,85.15,0.05665,-0.15254,0.00581,0.00676,0.09515
172.48,ETH-27DEC19,1571394777456,open,0.03,1529.0,0.008,0.047,0.024965,88.92,0.027,0.0,ETH-27DEC19-280-C,171.44,85.86,0.022,620.0,0.028,300.0,91.84,0.17333,-0.11028,0.04017,0.00342,0.14666
172.48,ETH-27DEC19,1571396326578,open,0.16,2934.0,0.12,0.213,0.167767,81.61,0.153,0.0,ETH-27DEC19-180-P,171.44,78.39,0.162,546.0,0.176,206.0,86.43,0.30054,-0.17552,-0.21267,0.00647,-0.47646
172.1,SYN.ETH-29NOV19,1571396217843,open,0.01,116.0,0.001,0.021,0.00854,88.94,0.012,0.0,ETH-29NOV19-280-C,171.44,80.15,0.005,500.0,0.012,301.0,95.77,0.07954,-0.08447,0.01243,0.00263,0.07148
171.58,SYN.ETH-25OCT19,1571395494153,open,0.07,2034.0,0.036,0.103,0.069177,71.26,0.069,0.0,ETH-25OCT19-180-P,171.44,58.49,0.063,7.0,0.077,99.0,86.67,0.08525,-0.44177,-0.0239,0.02157,-0.67032
172.48,ETH-27DEC19,1571391027224,open,0.05,5562.0,0.019,0.074,0.045448,85.7,0.05,0.0,ETH-27DEC19-240-C,171.44,83.12,0.042,320.0,0.049,291.0,88.22,0.2367,-0.14515,0.06554,0.00485,0.24397
8043.91,BTC-27MAR20,1571396314580,open,0.02,153.3,0.0035,0.036,0.01501864,92.12,0.015,0.0,BTC-27MAR20-24000-C,7897.79,90.35,0.0135,32.0,0.016,0.5,93.21,7.10817,-2.03506,1.92141,3e-05,0.06921
172.1,SYN.ETH-29NOV19,1571389454701,open,0.0,0.0,0.001,0.014,0.004448,94.92,None,0.0,ETH-29NOV19-320-C,171.44,89.17,0.003,200.0,0.006,300.0,99.92,0.0487,-0.05519,0.00672,0.00151,0.0385
171.58,SYN.ETH-25OCT19,1571396055386,open,0.09,930.0,0.049,0.111,0.081613,73.57,0.084,0.0,ETH-25OCT19-160-C,171.44,34.95,0.069,111.0,0.086,111.0,83.83,0.07131,-0.38147,0.02229,0.01748,0.77116
172.1,SYN.ETH-29NOV19,1571393471637,open,0.05,384.0,0.022,0.076,0.048435,76.46,0.047,0.0,ETH-29NOV19-200-C,171.44,72.81,0.044,459.0,0.048,4.0,76.12,0.21012,-0.19184,0.05484,0.00809,0.32617
171.69,SYN.ETH-1NOV19,1571390306671,open,0.0,0.03,0.089,0.060244,71.36,None,0.0,ETH-1NOV19-170-C,171.44,60.66,0.052,149.0,0.069,149.0,82.73,0.13223,-0.34001,0.03235,0.01654,0.55587
171.58,SYN.ETH-25OCT19,1571393037143,open,0.0,206.0,0.001,0.011,0.001525,107.95,0.002,0.0,ETH-25OCT19-130-P,171.44,0.0,0.0,0.0,0.003,303.0,122.44,0.01411,-0.11077,-0.00088,0.00236,-0.02575
172.48,ETH-27DEC19,1571389902320,open,0.02,1252.0,0.006,0.04,0.020012,91.73,0.02,0.0,ETH-27DEC19-300-C,171.44,89.34,0.018,320.0,0.022,300.0,93.94,0.15036,-0.09869,0.03278,0.00288,0.11932
7931.35,SYN.BTC-29NOV19,1571396333933,open,0.03,80.3,0.0115,0.051,0.02962621,66.66,0.0275,0.0,BTC-29NOV19-9500-C,7897.79,64.17,0.027,27.9,0.028,3.4,65.12,8.46781,-6.73939,1.97086,0.00018,0.24622
171.69,SYN.ETH-1NOV19,1571396289329,open,0.0,0.005,0.041,0.020378,72.12,None,0.0,ETH-1NOV19-190-C,171.44,57.97,0.012,259.0,0.022,259.0,74.68,0.10808,-0.28091,0.01549,0.01337,0.25771
173.82,ETH-27MAR20,1571389447949,open,0.03,2424.0,0.008,0.055,0.027549,104.15,0.03,0.0,ETH-27MAR20-520-C,171.44,98.42,0.021,540.0,0.034,300.0,109.1,0.21364,-0.06915,0.06135,0.00154,0.10765
172.48,ETH-27DEC19,1571389454703,open,0.0,10984.0,0.001,0.015,0.004988,117.68,0.004,0.0,ETH-27DEC19-520-C,171.44,109.76,0.003,200.0,0.007,300.0,123.76,0.05087,-0.04284,0.00815,0.00076,0.02966
7931.35,SYN.BTC-29NOV19,1571396279270,open,0.06,104.2,0.034,0.0875,0.06057412,65.9,0.058,0.0,BTC-29NOV19-8500-C,7897.79,62.44,0.056,22.9,0.062,22.9,66.97,10.50814,-8.26825,3.28226,0.00022,0.42128
171.69,SYN.ETH-1NOV19,1571395437465,open,0.0,0.008,0.05,0.026716,72.06,None,0.0,ETH-1NOV19-160-P,171.44,60.08,0.019,230.0,0.031,230.0,78.47,0.11339,-0.29443,-0.02026,0.01404,-0.28366
7931.35,SYN.BTC-29NOV19,1571396322590,open,0.01,1025.5,0.0005,0.014,0.00423152,78.73,0.005,0.0,BTC-29NOV19-13000-C,7897.79,72.2,0.0025,35.0,0.0055,35.0,82.53,2.44317,-2.29666,0.35049,4e-05,0.04275
171.69,SYN.ETH-1NOV19,1571395523724,open,1.0,0.003,0.032,0.014058,76.95,0.009,0.0,ETH-1NOV19-150-P,171.44,65.76,0.009,283.0,0.019,284.0,86.71,0.08302,-0.2302,-0.01167,0.00963,-0.16477
172.52,ETH-27DEC19,1571389895290,open,0.03,6433.0,0.011,0.049,0.028048,86.45,0.025,0.0,ETH-27DEC19-120-P,171.44,81.85,0.024,657.0,0.032,297.0,90.74,0.15566,-0.09629,-0.05065,0.00316,-0.12531
171.69,SYN.ETH-1NOV19,1571393437653,open,0.0,0.062,0.124,0.094785,72.04,None,0.0,ETH-1NOV19-160-C,171.44,59.97,0.087,124.0,0.107,124.0,90.1,0.11338,-0.29434,0.04057,0.01405,0.71638
172.48,ETH-27DEC19,1571393437659,open,0.33,2878.0,0.281,0.392,0.337133,83.21,0.31,0.0,ETH-27DEC19-220-P,171.44,74.69,0.324,99.0,0.351,99.0,92.12,0.26748,-0.15926,-0.33797,0.00564,-0.68665
8044.78,BTC-27MAR20,1571395120175,open,0.06,285.4,0.025,0.0925,0.05617199,81.84,0.054,0.0,BTC-27MAR20-14000-C,7897.79,80.24,0.053,14.3,0.0595,28.3,83.49,16.10707,-4.09695,6.06496,7e-05,0.22722
7931.35,SYN.BTC-29NOV19,1571394763703,open,0.0,136.7,0.0005,0.0125,0.00286392,82.52,0.0045,0.0,BTC-29NOV19-14000-C,7897.79,71.31,0.001,35.0,0.004,15.0,87.05,1.78594,-1.75978,0.23939,3e-05,0.02917
171.58,SYN.ETH-25OCT19,1571396307384,open,0.03,400.0,0.01,0.062,0.034253,71.02,0.036,0.0,ETH-25OCT19-170-P,171.44,59.47,0.028,161.0,0.036,153.0,74.24,0.09298,-0.48022,-0.01542,0.02361,-0.44284
8044.78,BTC-27MAR20,1571396170080,open,0.13,269.1,0.0825,0.173,0.12857253,78.6,0.1255,0.0,BTC-27MAR20-10000-C,7897.79,77.23,0.125,12.4,0.1325,32.4,80.1,21.04931,-5.14215,10.97206,9e-05,0.43801
7931.35,SYN.BTC-29NOV19,1571396048240,open,0.05,283.1,0.02,0.067,0.04242969,66.08,0.04,0.0,BTC-29NOV19-9000-C,7897.79,62.83,0.0385,24.0,0.0435,26.0,66.96,9.67304,-7.63197,2.57427,0.0002,0.32533
173.82,ETH-27MAR20,1571389447866,open,0.04,987.0,0.017,0.08,0.046032,98.56,0.043,0.0,ETH-27MAR20-400-C,171.44,94.88,0.04,310.0,0.052,300.0,101.99,0.29416,-0.09011,0.09645,0.00224,0.17195
172.52,ETH-27DEC19,1571395599197,open,0.18,1523.0,0.134,0.214,0.176927,82.28,0.188,0.0,ETH-27DEC19-160-C,171.44,78.62,0.171,591.0,0.18,251.0,84.18,0.27916,-0.16437,0.15673,0.00595,0.65146
171.69,SYN.ETH-1NOV19,1571393397561,open,0.0,0.05,0.12,0.084836,72.14,None,0.0,ETH-1NOV19-180-P,171.44,51.94,0.07,113.0,0.091,113.0,80.29,0.12891,-0.33509,-0.04501,0.01595,-0.60483
172.48,ETH-27DEC19,1571389894655,open,0.01,3931.0,0.003,0.026,0.01257,92.58,0.01,0.0,ETH-27DEC19-100-P,171.44,85.31,0.009,660.0,0.016,300.0,98.78,0.09082,-0.06017,-0.02422,0.00172,-0.06079
7931.35,SYN.BTC-29NOV19,1571396326762,open,0.07,112.9,0.037,0.093,0.06460113,68.0,0.065,0.0,BTC-29NOV19-7500-P,7897.79,64.36,0.06,11.0,0.067,21.0,69.89,10.05238,-8.16171,-3.86538,0.0002,-0.36019
172.1,SYN.ETH-29NOV19,1571391670574,open,0.01,184.0,0.005,0.031,0.015341,91.2,0.014,0.0,ETH-29NOV19-120-P,171.44,86.9,0.013,340.0,0.018,407.0,95.76,0.09708,-0.10572,-0.02142,0.00313,-0.09312
172.48,ETH-27DEC19,1571393120658,open,0.02,1365.0,0.004,0.034,0.015998,93.93,0.014,0.0,ETH-27DEC19-320-C,171.44,91.15,0.014,316.0,0.018,300.0,96.49,0.12961,-0.08711,0.02677,0.00242,0.09709
173.82,ETH-27MAR20,1571389900824,open,0.04,956.0,0.012,0.066,0.035472,98.76,0.05,0.0,ETH-27MAR20-440-C,171.44,95.59,0.031,560.0,0.04,300.0,101.75,0.25451,-0.07812,0.07863,0.00194,0.13813
172.1,SYN.ETH-29NOV19,1571394683432,open,0.03,307.0,0.014,0.057,0.033305,82.28,0.03,0.0,ETH-29NOV19-140-P,171.44,78.62,0.03,339.0,0.034,265.0,83.03,0.15788,-0.15511,-0.04397,0.00565,-0.1894
172.48,ETH-27DEC19,1571389447991,open,0.01,8732.0,0.001,0.018,0.006502,107.81,0.006,0.0,ETH-27DEC19-440-C,171.44,103.48,0.005,1520.0,0.008,300.0,111.51,0.06517,-0.05028,0.01109,0.00106,0.0401
173.82,ETH-27MAR20,1571389448007,open,0.02,5248.0,0.007,0.053,0.025478,111.52,0.022,0.0,ETH-27MAR20-600-C,171.44,107.34,0.021,100.0,0.03,300.0,115.32,0.19693,-0.06825,0.05421,0.00133,0.09625
172.48,ETH-27DEC19,1571395901632,open,0.1,12794.0,0.065,0.143,0.104461,82.22,0.092,0.0,ETH-27DEC19-160-P,171.44,78.29,0.098,597.0,0.11,257.0,85.7,0.27917,-0.16424,-0.14962,0.00596,-0.34877
172.1,SYN.ETH-29NOV19,1571394601163,open,0.02,642.0,0.005,0.035,0.017489,80.82,0.014,0.0,ETH-29NOV19-240-C,171.44,74.52,0.013,300.0,0.019,300.0,82.79,0.1301,-0.12555,0.0243,0.00474,0.14055
173.82,ETH-27MAR20,1571393447766,open,0.07,654.0,0.033,0.11,0.070569,93.65,0.071,0.0,ETH-27MAR20-320-C,171.44,89.99,0.063,553.0,0.078,293.0,97.1,0.36765,-0.10702,0.13837,0.00295,0.25122
173.82,ETH-27MAR20,1571395168014,open,0.18,1478.0,0.126,0.229,0.181343,89.04,0.183,0.0,ETH-27MAR20-200-C,171.44,86.99,0.176,301.0,0.187,270.0,91.15,0.45959,-0.12718,0.26185,0.00388,0.52321
172.48,ETH-27DEC19,1571389448070,open,0.01,1084.0,0.003,0.029,0.01247,101.01,0.019,0.0,ETH-27DEC19-360-C,171.44,92.81,0.008,620.0,0.017,300.0,107.74,0.10615,-0.07673,0.02044,0.00185,0.07438
173.82,ETH-27MAR20,1571396322565,open,0.03,973.0,0.011,0.046,0.027314,101.54,0.025,0.0,ETH-27MAR20-80-P,171.44,98.88,0.025,161.0,0.03,302.0,104.58,0.15213,-0.04801,-0.07328,0.00113,-0.06835
173.82,ETH-27MAR20,1571396330617,open,0.02,45.0,0.005,0.046,0.021235,111.52,0.019,0.0,ETH-27MAR20-640-C,171.44,108.14,0.018,2.0,0.023,300.0,113.22,0.17511,-0.06069,0.0467,0.00118,0.0822
172.48,ETH-27DEC19,1571393616588,open,0.01,7110.0,0.001,0.025,0.009984,106.9,0.008,0.0,ETH-27DEC19-400-C,171.44,102.75,0.008,1180.0,0.012,300.0,110.6,0.08852,-0.06771,0.01613,0.00145,0.05883
172.52,ETH-27DEC19,1571393438414,open,0.0,7122.0,0.001,0.013,0.003433,117.66,0.006,0.0,ETH-27DEC19-560-C,171.44,109.99,0.002,1300.0,0.004,1222.0,120.08,0.03839,-0.03232,0.00587,0.00057,0.02119
172.1,SYN.ETH-29NOV19,1571396328316,open,0.07,30.0,0.038,0.102,0.070114,78.06,0.068,0.0,ETH-29NOV19-160-P,171.44,76.35,0.068,320.0,0.071,198.0,78.76,0.21399,-0.19946,-0.0813,0.00807,-0.34164
173.82,ETH-27MAR20,1571389447976,open,0.02,905.0,0.007,0.051,0.024946,106.71,0.03,0.0,ETH-27MAR20-560-C,171.44,104.03,0.022,10.0,0.028,300.0,109.29,0.19849,-0.06583,0.05541,0.0014,0.09729
171.58,SYN.ETH-25OCT19,1571395421300,open,0.0,1500.0,0.001,0.011,0.001488,93.83,0.001,0.0,ETH-25OCT19-220-C,171.44,0.0,0.0,0.0,0.002,400.0,98.69,0.01648,-0.11249,0.00096,0.00317,0.03105
173.82,ETH-27MAR20,1571393435353,open,0.18,1348.0,0.131,0.236,0.185493,88.96,0.183,0.0,ETH-27MAR20-160-P,171.44,85.07,0.176,549.0,0.195,249.0,92.96,0.41871,-0.11577,-0.39604,0.00353,-0.33157
173.82,ETH-27MAR20,1571389891726,open,0.03,1150.0,0.009,0.058,0.02991,100.71,0.035,0.0,ETH-27MAR20-480-C,171.44,97.61,0.026,540.0,0.034,300.0,103.72,0.22818,-0.07142,0.0675,0.0017,0.11804
172.52,ETH-27DEC19,1571395217529,open,0.24,3826.0,0.194,0.299,0.247712,82.98,0.257,0.0,ETH-27DEC19-200-P,171.44,76.05,0.236,144.0,0.256,144.0,87.83,0.29357,-0.17432,-0.27642,0.00621,-0.58923
172.48,ETH-27DEC19,1571389454718,open,0.01,926.0,0.004,0.033,0.014904,98.86,0.013,0.0,ETH-27DEC19-340-C,171.44,92.8,0.011,320.0,0.019,300.0,104.33,0.12059,-0.0853,0.02415,0.00214,0.08807
172.1,SYN.ETH-29NOV19,1571396057403,open,0.03,737.0,0.01,0.05,0.02803,77.75,0.025,0.0,ETH-29NOV19-220-C,171.44,73.55,0.024,496.0,0.03,278.0,79.75,0.16879,-0.1567,0.03626,0.00639,0.21167
172.1,SYN.ETH-29NOV19,1571393447749,open,0.09,277.0,0.05,0.116,0.084038,76.46,0.124,0.0,ETH-29NOV19-180-C,171.44,72.0,0.078,509.0,0.088,189.0,79.41,0.23234,-0.21212,0.07869,0.00894,0.48256
172.48,ETH-27DEC19,1571389448168,open,0.01,5563.0,0.001,0.017,0.005953,113.91,0.005,0.0,ETH-27DEC19-480-C,171.44,103.31,0.003,1250.0,0.009,300.0,121.66,0.05911,-0.04818,0.00978,0.00091,0.03558
7909.49,SYN.BTC-1NOV19,1571396341465,open,5.3,0.019,0.064,0.03980213,57.93,0.039,0.0,BTC-1NOV19-8000-C,7897.79,51.1,0.0345,20.0,0.042,20.0,60.76,6.1463,-12.83025,1.33066,0.00045,0.48235
7952.33,BTC-27DEC19,1571396341567,open,0.05,397.2,0.0245,0.0755,0.04879562,75.22,0.0505,0.0,BTC-27DEC19-6500-P,7897.79,72.65,0.0455,36.3,0.051,36.3,76.92,10.2617,-5.52315,-4.06912,0.00011,-0.21849
173.83,ETH-27MAR20,1571396341684,open,2.22,0.0,2.137,2.366,2.24667,106.85,None,0.0,ETH-27MAR20-560-P,171.45,0.0,0.01,10.0,0.0,0.0,0.0,0.19921,-0.06616,-2.41258,0.0014,-0.90223
172.48,ETH-27DEC19,1571396341684,open,1.99,37.0,1.928,2.119,2.019137,115.19,0.707,0.0,ETH-27DEC19-520-P,171.45,0.0,0.002,25.0,0.0,0.0,0.0,0.04608,-0.03798,-0.98821,0.0007,-0.97366
172.48,ETH-27DEC19,1571396341684,open,3.36,0.0,3.278,3.544,3.406037,0.0,None,0.0,ETH-27DEC19-760-P,171.45,0.0,0.0,0.0,0.0,0.0,0.0,0.0,0.0,-1.45495,0.0,-1.0
172.48,ETH-27DEC19,1571396341684,open,3.13,0.0,3.054,3.304,3.175426,120.0,None,0.0,ETH-27DEC19-720-P,171.45,0.0,0.003,5.0,0.0,0.0,0.0,0.01464,-0.01257,-1.37641,0.00021,-0.99304
171.54,SYN.ETH-25OCT19,1571396341694,open,0.16,736.0,0.133,0.207,0.169208,74.97,0.148,0.0,ETH-25OCT19-200-P,171.45,43.66,0.166,1.0,0.192,17.0,142.75,0.0333,-0.18152,-0.03536,0.00801,-0.9251
7952.31,BTC-27DEC19,1571396342276,open,2.01,0.0,1.9595,2.085,2.01973102,102.68,None,0.0,BTC-27DEC19-24000-P,7897.2,0.0,0.0,0.0,0.0,0.0,0.0,1.14469,-0.84105,-45.77818,1e-05,-0.98726
8043.95,BTC-27MAR20,1571396342276,open,0.01,50.1,0.0005,0.024,0.00825268,102.57,0.013,0.0,BTC-27MAR20-34000-C,7897.2,100.15,0.007,16.0,0.0095,20.0,104.75,4.39829,-1.40209,1.04889,2e-05,0.03784
7952.31,BTC-27DEC19,1571396342276,open,0.69,0.0,0.677,0.6965,0.68666781,115.51,None,0.0,BTC-27DEC19-2500-C,7897.2,0.0,0.021,0.1,0.0,0.0,0.0,0.54808,-0.45299,4.68634,0.0,0.9945
8043.95,BTC-27MAR20,1571396342276,open,0.08,289.0,0.047,0.115,0.08026697,79.05,0.074,0.0,BTC-27MAR20-6000-P,7897.2,77.32,0.077,13.0,0.0835,21.0,80.76,15.20941,-3.73688,-10.14309,7e-05,-0.20582
7952.31,BTC-27DEC19,1571396342276,open,0.0,442.4,0.0005,0.0105,9.977e-05,115.0,0.001,0.0,BTC-27DEC19-44000-C,7897.2,0.0,0.0,0.0,0.001,49.0,138.97,0.09774,-0.08043,0.01098,0.0,0.00082
8043.95,BTC-27MAR20,1571396342276,open,0.08,539.5,0.0445,0.1245,0.08321021,80.12,0.083,0.0,BTC-27MAR20-12000-C,7897.2,78.75,0.08,22.5,0.087,26.5,81.72,18.93153,-4.71422,8.16396,8e-05,0.31348
7952.31,BTC-27DEC19,1571396342276,open,0.31,495.6,0.264,0.3515,0.30791091,73.72,0.295,0.0,BTC-27DEC19-10000-P,7897.2,68.35,0.3,7.0,0.3145,16.0,78.06,11.93903,-6.29831,-15.47378,0.00013,-0.7085
7952.31,BTC-27DEC19,1571396342276,open,0.02,404.4,0.008,0.0405,0.02193712,80.32,0.021,0.0,BTC-27DEC19-5500-P,7897.2,78.56,0.0205,20.0,0.023,24.0,81.6,6.55598,-3.7681,-2.01338,7e-05,-0.11031
7952.31,BTC-27DEC19,1571396342276,open,0.81,10.1,0.8015,0.821,0.81140158,115.16,0.8205,0.0,BTC-27DEC19-1500-C,7897.2,0.0,0.8035,21.0,0.8195,21.0,230.36,0.02436,-0.02007,2.86841,0.0,0.99982
8043.95,BTC-27MAR20,1571396342276,open,0.37,173.6,0.3125,0.4285,0.37161004,78.56,0.366,0.0,BTC-27MAR20-10000-P,7897.2,75.07,0.3625,8.8,0.3785,14.0,81.19,21.04539,-5.13867,-33.10731,9e-05,-0.5622
7952.31,BTC-27DEC19,1571396342276,open,0.07,285.8,0.04,0.1005,0.06961176,73.61,0.07,0.0,BTC-27DEC19-7000-P,7897.2,71.19,0.066,33.0,0.0725,42.0,75.54,11.88589,-6.26045,-5.45548,0.00013,-0.28874
7952.31,BTC-27DEC19,1571396342276,open,0.0,656.1,0.0005,0.0115,0.00174761,102.73,0.0015,0.0,BTC-27DEC19-24000-C,7897.2,96.49,0.001,0.5,0.0025,49.0,107.31,1.14821,-0.84407,0.16806,1e-05,0.01279
8043.95,BTC-27MAR20,1571396342276,open,3.97,1.0,3.876,4.091,3.97817886,105.24,2.7125,0.0,BTC-27MAR20-40000-P,7897.2,0.0,0.0005,3.0,0.0,0.0,0.0,3.20541,-1.04845,-175.58205,1e-05,-0.97419
7952.31,BTC-27DEC19,1571396342276,open,0.0,1544.5,0.0005,0.0105,2.838e-05,115.0,0.0005,0.0,BTC-27DEC19-52000-C,7897.2,0.0,0.0,0.0,0.001,20.0,150.12,0.03252,-0.02676,0.00338,0.0,0.00025
8043.95,BTC-27MAR20,1571396342276,open,0.21,112.3,0.1565,0.248,0.20442815,77.19,0.206,0.0,BTC-27MAR20-8000-C,7897.2,75.66,0.2005,11.1,0.206,0.8,77.81,20.55917,-4.93253,14.21044,9e-05,0.60524
8043.95,BTC-27MAR20,1571396342276,open,1.26,0.0,1.2055,1.336,1.26741958,86.0,1.23,0.0,BTC-27MAR20-18000-P,7897.2,0.0,1.229,1.0,1.3155,2.0,113.15,11.31145,-3.02337,-75.77197,5e-05,-0.86976
8043.95,BTC-27MAR20,1571396342276,open,0.04,926.0,0.015,0.072,0.03990343,83.86,0.038,0.0,BTC-27MAR20-16000-C,7897.2,82.1,0.037,14.9,0.0425,29.9,85.39,13.48004,-3.51339,4.58893,6e-05,0.16934
7952.31,BTC-27DEC19,1571396342276,open,0.33,73.3,0.3055,0.3555,0.33033039,80.34,0.491,0.0,BTC-27DEC19-5500-C,7897.2,41.2,0.3095,12.0,0.3475,12.0,99.15,6.5577,-3.77001,8.51498,7e-05,0.88965
7952.31,BTC-27DEC19,1571396342276,open,5.52,0.8,5.4105,5.6715,5.53827715,0.0,3.59,0.0,BTC-27DEC19-52000-P,7897.2,0.0,0.001,1.0,0.0,0.0,0.0,0.0,0.0,-99.54893,0.0,-1.0
8043.95,BTC-27MAR20,1571396342276,open,0.02,145.3,0.005,0.043,0.01924061,91.03,0.0185,0.0,BTC-27MAR20-22000-C,7897.2,89.83,0.018,8.1,0.0205,23.0,92.22,8.41996,-2.38225,2.38482,3e-05,0.08651
8043.95,BTC-27MAR20,1571396342276,open,0.13,269.1,0.0825,0.173,0.12856796,78.61,0.1255,0.0,BTC-27MAR20-10000-C,7897.2,77.25,0.125,12.4,0.1325,32.4,80.11,21.04678,-5.14222,10.96959,9e-05,0.43797
7951.72,BTC-27DEC19,1571396342276,open,0.23,56.0,0.199,0.262,0.23145923,75.28,0.2755,0.0,BTC-27DEC19-6500-C,7897.2,51.36,0.203,12.0,0.2565,12.0,94.03,10.26557,-5.52958,8.3707,0.00011,0.78134
7951.72,BTC-27DEC19,1571396342276,open,0.0,440.5,0.0005,0.0135,0.00375023,101.96,0.003,0.0,BTC-27DEC19-3500-P,7897.2,98.11,0.003,0.6,0.0045,48.0,105.37,1.65421,-1.20686,-0.35509,1e-05,-0.01958
7951.72,BTC-27DEC19,1571396342277,open,2.51,0.1,2.4525,2.596,2.52198399,104.31,1.49,0.0,BTC-27DEC19-28000-P,7897.2,0.0,0.0,0.0,0.0,0.0,0.0,0.56564,-0.4222,-53.5276,0.0,-0.9943
7951.72,BTC-27DEC19,1571396342277,open,1.02,22.0,0.9745,1.071,1.01984926,88.68,1.0275,0.0,BTC-27DEC19-16000-P,7897.2,0.0,0.8,10.0,0.0,0.0,0.0,3.8099,-2.4176,-29.92698,4e-05,-0.94608
7951.72,BTC-27DEC19,1571396342276,open,0.39,66.8,0.3645,0.408,0.38591629,84.82,0.4085,0.0,BTC-27DEC19-5000-C,7897.2,0.0,0.369,12.0,0.3995,12.0,103.76,4.95251,-3.00597,8.19798,5e-05,0.92445
7951.72,BTC-27DEC19,1571396342277,open,4.02,0.0,3.932,4.133,4.03016792,0.0,2.58,0.0,BTC-27DEC19-40000-P,7897.2,0.0,0.001,1.0,0.0,0.0,0.0,0.0,0.0,-76.5761,0.0,-1.0
7951.72,BTC-27DEC19,1571396342277,open,3.02,0.3,2.946,3.1065,3.02449116,101.48,1.875,0.0,BTC-27DEC19-32000-P,7897.2,0.0,0.0,0.0,0.0,0.0,0.0,0.199,-0.1445,-61.23681,0.0,-0.99821
7951.72,BTC-27DEC19,1571396342277,open,0.03,741.7,0.0125,0.0575,0.03268802,75.1,0.0365,0.0,BTC-27DEC19-11000-C,7897.2,73.73,0.031,5.0,0.033,30.0,75.35,9.89021,-5.31478,2.6257,0.00011,0.20517
7951.72,BTC-27DEC19,1571396342277,open,4.52,0.0,4.424,4.645,4.53246418,0.0,3.46,0.0,BTC-27DEC19-44000-P,7897.2,0.0,0.0015,0.1,0.0,0.0,0.0,0.0,0.0,-84.23371,0.0,-1.0
7951.72,BTC-27DEC19,1571396342277,open,0.0,411.0,0.0005,0.012,0.00247098,100.26,0.0035,0.0,BTC-27DEC19-22000-C,7897.2,94.31,0.0015,29.0,0.0035,49.0,104.99,1.52846,-1.09651,0.23395,1e-05,0.01784
7951.72,BTC-27DEC19,1571396342277,open,0.0,342.0,0.0005,0.0105,5.252e-05,115.01,0.0005,0.0,BTC-27DEC19-48000-C,7897.2,0.0,0.0,0.0,0.001,49.0,144.81,0.0559,-0.046,0.00603,0.0,0.00045
8043.95,BTC-27MAR20,1571396342277,open,1.5,0.2,1.4455,1.5805,1.5090788,87.91,1.478,0.0,BTC-27MAR20-20000-P,7897.2,0.0,1.4695,1.0,1.559,1.0,118.81,9.52608,-2.60276,-85.33169,4e-05,-0.89774
7951.72,BTC-27DEC19,1571396342277,open,0.63,0.0,0.615,0.636,0.62499654,109.86,None,0.0,BTC-27DEC19-3000-C,7897.2,0.0,0.01,4.2,0.0,0.0,0.0,1.05977,-0.83311,5.53113,1e-05,0.98834
8043.36,BTC-27MAR20,1571396342277,open,0.34,13.6,0.295,0.3705,0.33439201,79.09,0.3495,0.0,BTC-27MAR20-6000-C,7897.2,73.27,0.3235,7.0,0.349,18.0,86.73,15.21155,-3.73893,16.29744,7e-05,0.7941
7951.72,BTC-27DEC19,1571396342277,open,0.0,519.0,0.0005,0.012,0.00224296,109.63,0.003,0.0,BTC-27DEC19-3000-P,7897.2,103.28,0.0015,49.0,0.003,1.0,114.85,1.0508,-0.82434,-0.20989,1e-05,-0.01154
7951.72,BTC-27DEC19,1571396342277,open,0.75,0.0,0.739,0.7585,0.74872727,115.94,None,0.0,BTC-27DEC19-2000-C,7897.2,0.0,0.019,0.2,0.0,0.0,0.0,0.16644,-0.13808,3.80273,0.0,0.99853
7951.72,BTC-27DEC19,1571396342277,open,0.01,540.9,0.0005,0.0215,0.00972007,90.09,0.0105,0.0,BTC-27DEC19-4500-P,7897.2,87.31,0.0085,5.0,0.011,46.0,92.83,3.60892,-2.32651,-0.9146,3e-05,-0.05036
7951.72,BTC-27DEC19,1571396342277,open,0.0,555.7,0.0005,0.0105,0.00019557,115.0,0.001,0.0,BTC-27DEC19-40000-C,7897.2,0.0,0.0,0.0,0.001,49.0,132.52,0.17428,-0.14342,0.02052,0.0,0.00154
8043.36,BTC-27MAR20,1571396342277,open,0.2,331.1,0.148,0.2475,0.19886181,77.14,0.2045,0.0,BTC-27MAR20-8000-P,7897.2,75.63,0.195,8.8,0.205,16.2,79.54,20.55945,-4.92895,-21.04924,9e-05,-0.39489
8043.36,BTC-27MAR20,1571396342277,open,0.03,223.8,0.0095,0.0585,0.02971273,86.0,0.0345,0.0,BTC-27MAR20-18000-C,7897.2,84.4,0.0275,0.1,0.0315,15.0,87.26,11.31026,-3.02323,3.56352,5e-05,0.13023
8043.36,BTC-27MAR20,1571396342277,open,1.03,1.1,0.968,1.095,1.02877074,83.66,1.08,0.0,BTC-27MAR20-16000-P,7897.2,47.53,0.9915,1.0,1.076,2.0,107.71,13.4297,-3.49175,-65.95398,6e-05,-0.83163
8043.36,BTC-27MAR20,1571396342277,open,3.22,0.0,3.1455,3.334,3.23459572,101.17,None,0.0,BTC-27MAR20-34000-P,7897.2,0.0,0.0005,1.0,0.0,0.0,0.0,4.13698,-1.30076,-148.87816,1e-05,-0.96489
7951.72,BTC-27DEC19,1571396342277,open,0.41,260.6,0.373,0.4605,0.41579798,74.91,0.3825,0.0,BTC-27DEC19-11000-P,7897.2,45.69,0.3885,6.0,0.453,6.0,101.38,9.86617,-5.2883,-18.44185,0.00011,-0.79566
7951.72,BTC-27DEC19,1571396342277,open,0.0,576.4,0.0005,0.011,0.00100335,107.68,0.001,0.0,BTC-27DEC19-28000-C,7897.2,100.55,0.0005,30.0,0.0015,20.0,112.43,0.71364,-0.54986,0.09766,1e-05,0.00742
8043.36,BTC-27MAR20,1571396342277,open,2.24,0.0,2.172,2.3275,2.24521397,94.2,None,0.0,BTC-27MAR20-26000-P,7897.2,0.0,0.0015,1.0,0.0,0.0,0.0,6.2764,-1.83753,-112.9568,2e-05,-0.94102
7951.72,BTC-27DEC19,1571396342277,open,0.0,291.4,0.0005,0.011,0.00100739,114.99,0.0015,0.0,BTC-27DEC19-2500-P,7897.2,105.57,0.0005,29.0,0.0025,49.0,130.9,0.53569,-0.44079,-0.09701,0.0,-0.00537
7951.72,BTC-27DEC19,1571396342277,open,0.02,501.5,0.0045,0.035,0.01624884,80.21,0.0175,0.0,BTC-27DEC19-13000-C,7897.2,77.38,0.014,45.0,0.018,45.0,82.28,6.55224,-3.76045,1.43077,7e-05,0.11024
7930.46,SYN.BTC-29NOV19,1571396342276,open,0.16,1.7,0.1285,0.186,0.15834959,69.0,0.1605,0.0,BTC-29NOV19-7000-C,7897.2,63.11,0.152,8.0,0.1625,16.6,72.76,8.67063,-7.14297,5.31429,0.00017,0.74244
7908.62,SYN.BTC-1NOV19,1571396342276,open,0.0,0.0005,0.015,0.00471725,65.44,None,0.0,BTC-1NOV19-9500-C,7897.2,56.94,0.0025,15.0,0.0065,15.5,70.87,2.39627,-5.65038,0.24092,0.00015,0.08485
7951.72,BTC-27DEC19,1571396342277,open,0.01,683.3,0.0025,0.0285,0.01226788,83.07,0.014,0.0,BTC-27DEC19-14000-C,7897.2,79.55,0.01,48.0,0.014,46.0,85.54,5.3965,-3.20783,1.10163,5e-05,0.08464
7908.62,SYN.BTC-1NOV19,1571396342276,open,0.0,0.0915,0.148,0.11967878,60.2,None,0.0,BTC-1NOV19-8750-P,7897.2,0.0,0.0925,2.0,0.148,2.0,103.22,4.45768,-9.67039,-2.73165,0.00031,-0.7889
8043.36,BTC-27MAR20,1571396342277,open,0.02,896.7,0.008,0.0385,0.02124324,86.36,0.023,0.0,BTC-27MAR20-4000-P,7897.2,84.89,0.02,16.0,0.0225,23.0,87.82,6.86389,-1.84234,-3.09843,3e-05,-0.06616
7951.72,BTC-27DEC19,1571396342277,open,5.02,0.0,4.9185,5.1595,5.03601929,0.0,None,0.0,BTC-27DEC19-48000-P,7897.2,0.0,0.001,0.1,0.0,0.0,0.0,0.0,0.0,-91.89132,0.0,-1.0
8043.36,BTC-27MAR20,1571396342278,open,0.57,52.7,0.5145,0.6365,0.57499712,80.07,0.574,0.0,BTC-27MAR20-12000-P,7897.2,74.89,0.563,5.9,0.6225,3.0,99.36,18.9234,-4.70944,-44.73199,8e-05,-0.68678
7951.72,BTC-27DEC19,1571396342278,open,0.0,507.2,0.0005,0.011,0.0012508,104.8,0.001,0.0,BTC-27DEC19-26000-C,7897.2,95.48,0.0005,52.5,0.002,20.0,110.55,0.86848,-0.65128,0.12219,1e-05,0.00928
8043.36,BTC-27MAR20,1571396342277,open,0.06,285.4,0.025,0.0925,0.05617159,81.85,0.054,0.0,BTC-27MAR20-14000-C,7897.2,80.26,0.053,14.3,0.0595,28.3,83.5,16.10315,-4.0967,6.06295,7e-05,0.22719
7951.72,BTC-27DEC19,1571396342277,open,0.0,799.1,0.0005,0.0135,0.00351883,97.13,0.003,0.0,BTC-27DEC19-20000-C,7897.2,92.71,0.0025,39.0,0.0045,54.0,100.65,2.04213,-1.41935,0.32895,2e-05,0.02513
7951.72,BTC-27DEC19,1571396342277,open,0.53,73.1,0.4895,0.577,0.53163374,77.52,0.518,0.0,BTC-27DEC19-12000-P,7897.2,0.0,0.5045,5.0,0.567,5.0,106.2,8.05102,-4.46587,-21.05799,9e-05,-0.85169
8043.36,BTC-27MAR20,1571396342277,open,1.99,0.0,1.929,2.0765,1.9983194,91.52,None,0.0,BTC-27MAR20-24000-P,7897.2,0.0,0.0015,1.0,0.0,0.0,0.0,6.96336,-1.98066,-103.90569,3e-05,-0.9326
7903.15,SYN.BTC-25OCT19,1571396342276,open,0.01,1417.8,0.0005,0.017,0.00510775,72.77,0.006,0.0,BTC-25OCT19-7000-P,7897.2,68.03,0.004,25.0,0.006,20.0,76.27,1.94414,-10.28745,-0.16084,0.00023,-0.10293
8043.36,BTC-27MAR20,1571396342278,open,0.79,58.9,0.736,0.8605,0.79660022,81.79,0.7625,0.0,BTC-27MAR20-14000-P,7897.2,72.13,0.7785,5.8,0.844,3.0,103.25,16.09007,-4.08994,-55.64952,7e-05,-0.77313
8043.36,BTC-27MAR20,1571396342278,open,0.01,101.8,0.003,0.033,0.01329943,94.91,0.0125,0.0,BTC-27MAR20-26000-C,7897.2,92.57,0.0115,33.0,0.015,23.0,96.96,6.43967,-1.89965,1.68925,2e-05,0.06095
7951.72,BTC-27DEC19,1571396342278,open,0.56,4.0,0.552,0.577,0.56362765,102.12,0.666,0.0,BTC-27DEC19-3500-C,7897.2,0.0,0.021,0.1,0.0,0.0,0.0,1.66297,-1.21517,6.34294,1e-05,0.9803
7951.72,BTC-27DEC19,1571396342278,open,0.44,4.1,0.426,0.463,0.44384818,90.19,0.578,0.0,BTC-27DEC19-4500-C,7897.2,0.0,0.0125,1.1,0.0,0.0,0.0,3.61675,-2.33404,7.69746,3e-05,0.9495
7951.72,BTC-27DEC19,1571396342278,open,0.0,902.1,0.0005,0.0105,0.00072675,109.02,0.0005,0.0,BTC-27DEC19-30000-C,7897.2,105.22,0.0005,1.0,0.001,30.9,112.55,0.54405,-0.42439,0.07205,0.0,0.00546
7951.72,BTC-27DEC19,1571396342278,open,0.0,249.5,0.0005,0.0105,2.555e-05,114.99,0.0005,0.0,BTC-27DEC19-1500-P,7897.2,150.69,0.0005,3.7,0.001,29.9,163.84,0.024,-0.01975,-0.00314,0.0,-0.00018
7903.15,SYN.BTC-25OCT19,1571396342276,open,0.0,663.1,0.0005,0.0105,0.00024327,93.71,0.0005,0.0,BTC-25OCT19-11000-C,7897.2,0.0,0.0,0.0,0.0005,13.5,101.93,0.18708,-1.27483,0.00872,2e-05,0.0061
7951.72,BTC-27DEC19,1571396342279,open,3.52,1.3,3.439,3.6195,3.52737166,98.18,2.2,0.0,BTC-27DEC19-36000-P,7897.2,0.0,0.0,0.0,0.0,0.0,0.0,0.05984,-0.04204,-68.9119,0.0,-0.99952
7951.72,BTC-27DEC19,1571396342279,open,0.0,96.3,0.0005,0.0105,0.00022588,114.99,0.001,0.0,BTC-27DEC19-2000-P,7897.2,125.14,0.0005,7.1,0.001,1.0,136.08,0.15661,-0.12886,-0.02434,0.0,-0.00137
7951.72,BTC-27DEC19,1571396342279,open,0.77,268.3,0.73,0.8205,0.7727582,82.87,0.7205,0.0,BTC-27DEC19-14000-P,7897.2,0.0,0.743,4.0,0.806,4.0,117.17,5.36549,-3.18174,-25.7078,5e-05,-0.91601
7951.72,BTC-27DEC19,1571396342279,open,0.08,353.0,0.046,0.111,0.07874867,72.69,0.0775,0.0,BTC-27DEC19-9000-C,7897.2,70.48,0.075,38.2,0.0815,42.2,74.31,13.51664,-7.03078,5.02615,0.00015,0.40892
8043.36,BTC-27MAR20,1571396342279,open,0.01,584.0,0.0005,0.0195,0.00601057,106.49,0.006,0.0,BTC-27MAR20-40000-C,7897.2,103.96,0.005,16.0,0.007,15.0,108.71,3.40328,-1.12642,0.76996,1e-05,0.02773
7951.72,BTC-27DEC19,1571396342278,open,0.89,212.7,0.852,0.944,0.89548591,85.05,0.915,0.0,BTC-27DEC19-15000-P,7897.2,0.0,0.865,3.0,0.9265,3.0,121.15,4.37542,-2.66271,-27.87549,4e-05,-0.93568
8043.36,BTC-27MAR20,1571396342279,open,0.01,70.6,0.0005,0.022,0.00725526,103.72,0.0095,0.0,BTC-27MAR20-36000-C,7897.2,101.02,0.006,16.0,0.0085,15.0,106.11,3.97616,-1.28171,0.92893,1e-05,0.03346
7930.46,SYN.BTC-29NOV19,1571396342276,open,0.58,0.0,0.5465,0.62,0.58137719,76.57,None,0.0,BTC-29NOV19-12500-P,7897.2,0.0,0.0,0.0,0.0,0.0,0.0,2.86324,-2.61781,-13.91393,5e-05,-0.94789
7908.62,SYN.BTC-1NOV19,1571396342276,open,0.6,0.0005,0.023,0.00917199,61.54,0.007,0.0,BTC-1NOV19-9000-C,7897.2,55.4,0.0065,22.0,0.01,0.2,63.3,3.66623,-8.12983,0.43687,0.00025,0.15448
7903.15,SYN.BTC-25OCT19,1571396342276,open,1.15,0.0,1.109,1.1945,1.15080249,0.0,None,0.0,BTC-25OCT19-17000-P,7897.2,0.0,0.001,0.1,0.0,0.0,0.0,0.0,0.0,-3.20238,0.0,-1.0
7930.46,SYN.BTC-29NOV19,1571396342276,open,0.02,193.1,0.007,0.041,0.02186713,68.75,0.02,0.0,BTC-29NOV19-10000-C,7897.2,66.12,0.0195,0.5,0.0235,30.6,70.5,7.28004,-5.97582,1.52617,0.00015,0.18961
7903.15,SYN.BTC-25OCT19,1571396342277,open,0.45,0.0,0.4265,0.486,0.45519767,94.05,None,0.0,BTC-25OCT19-11500-P,7897.2,0.0,0.0015,1.2,0.0,0.0,0.0,0.07643,-0.52276,-2.16309,1e-05,-0.99775
7951.72,BTC-27DEC19,1571396342279,open,0.21,748.5,0.1675,0.252,0.21040477,72.59,0.195,0.0,BTC-27DEC19-9000-P,7897.2,56.15,0.183,9.0,0.225,18.0,81.12,13.51422,-7.0196,-12.2054,0.00015,-0.59138
7951.72,BTC-27DEC19,1571396342279,open,0.01,387.6,0.0005,0.0215,0.00807519,89.44,0.008,0.0,BTC-27DEC19-16000-C,7897.2,87.17,0.007,4.8,0.0095,47.0,92.2,3.91478,-2.50545,0.72653,4e-05,0.0558
8043.36,BTC-27MAR20,1571396342279,open,3.47,0.0,3.3885,3.586,3.48220672,102.06,None,0.0,BTC-27MAR20-36000-P,7897.2,0.0,0.0005,1.0,0.0,0.0,0.0,3.6861,-1.1692,-157.81893,1e-05,-0.96947
8043.36,BTC-27MAR20,1571396342279,open,0.02,153.3,0.0035,0.036,0.01501257,92.11,0.015,0.0,BTC-27MAR20-24000-C,7897.2,90.35,0.0135,32.0,0.016,0.5,93.21,7.10587,-2.03435,1.92068,3e-05,0.06919
8043.36,BTC-27MAR20,1571396342279,open,0.02,357.3,0.0065,0.0485,0.02299466,88.13,0.027,0.0,BTC-27MAR20-20000-C,7897.2,85.97,0.0205,32.0,0.025,15.0,89.78,9.58006,-2.62408,2.83874,4e-05,0.10307
8043.36,BTC-27MAR20,1571396342279,open,1.75,6.0,1.687,1.829,1.75393317,90.57,1.7225,0.0,BTC-27MAR20-22000-P,7897.2,0.0,1.7115,1.0,1.805,1.0,124.48,8.30388,-2.33754,-94.62046,3e-05,-0.91508
7930.46,SYN.BTC-29NOV19,1571396342276,open,0.01,265.3,0.0005,0.0185,0.00706508,75.79,0.0065,0.0,BTC-29NOV19-12000-C,7897.2,72.06,0.0055,34.0,0.0075,20.0,76.74,3.5569,-3.21865,0.56123,7e-05,0.06875
7930.46,SYN.BTC-29NOV19,1571396342277,open,0.01,232.2,0.0005,0.016,0.00646805,88.92,0.006,0.0,BTC-29NOV19-5000-P,7897.2,85.85,0.0055,1.1,0.0075,39.0,91.95,2.60417,-2.76502,-0.47992,4e-05,-0.04628
7951.72,BTC-27DEC19,1571396342279,open,0.01,745.5,0.0005,0.0165,0.00541744,94.16,0.0045,0.0,BTC-27DEC19-18000-C,7897.2,91.47,0.0045,0.7,0.0065,48.0,97.0,2.86236,-1.92863,0.49276,3e-05,0.03779
7908.62,SYN.BTC-1NOV19,1571396342276,open,0.0,0.0005,0.018,0.00635615,62.98,None,0.0,BTC-1NOV19-9250-C,7897.2,54.27,0.0035,15.0,0.008,15.5,67.18,2.94274,-6.67869,0.31852,0.0002,0.1123
7908.62,SYN.BTC-1NOV19,1571396342276,open,0.5,0.0105,0.05,0.02928715,60.2,0.0285,0.0,BTC-1NOV19-8250-C,7897.2,53.02,0.024,5.0,0.029,15.0,59.81,5.87855,-12.7519,1.05914,0.00041,0.38157
7951.72,BTC-27DEC19,1571396342279,open,0.01,659.7,0.0005,0.0235,0.00924628,85.31,0.0115,0.0,BTC-27DEC19-15000-C,7897.2,81.98,0.0075,46.0,0.0105,53.0,87.49,4.41413,-2.69453,0.84952,4e-05,0.06505
7951.72,BTC-27DEC19,1571396342279,open,0.0,675.0,0.0005,0.0105,0.00039655,115.01,0.001,0.0,BTC-27DEC19-36000-C,7897.2,0.0,0.0,0.0,0.001,20.0,125.29,0.31681,-0.26071,0.03939,0.0,0.00298
7951.72,BTC-27DEC19,1571396342279,open,2.26,0.0,2.206,2.34,2.27073283,102.32,None,0.0,BTC-27DEC19-26000-P,7897.2,0.0,0.0,0.0,0.0,0.0,0.0,0.7379,-0.54023,-49.67239,1e-05,-0.99229
8043.36,BTC-27MAR20,1571396342279,open,0.01,112.7,0.001,0.0285,0.0105871,99.51,0.0095,0.0,BTC-27MAR20-30000-C,7897.2,97.82,0.0095,1.7,0.0115,5.0,100.85,5.35111,-1.65494,1.3345,2e-05,0.04823
7951.72,BTC-27DEC19,1571396342280,open,0.01,628.4,0.0005,0.016,0.00601733,95.24,0.007,0.0,BTC-27DEC19-4000-P,7897.2,91.8,0.005,20.0,0.007,57.0,98.27,2.47382,-1.68584,-0.57322,2e-05,-0.03164
7951.72,BTC-27DEC19,1571396342280,open,0.02,810.1,0.007,0.0445,0.02264203,77.63,0.021,0.0,BTC-27DEC19-12000-C,7897.2,74.96,0.02,43.0,0.0245,51.0,79.44,8.06811,-4.48194,1.92025,9e-05,0.14879
8043.36,BTC-27MAR20,1571396342280,open,2.48,0.0,2.416,2.5785,2.49248928,96.68,None,0.0,BTC-27MAR20-28000-P,7897.2,0.0,0.0005,1.0,0.0,0.0,0.0,5.71378,-1.71697,-121.95765,2e-05,-0.94763
7930.46,SYN.BTC-29NOV19,1571396342276,open,0.12,41.9,0.088,0.148,0.11899265,68.05,0.115,0.0,BTC-29NOV19-7500-C,7897.2,62.52,0.112,18.6,0.12,18.6,68.84,10.05334,-8.1686,4.73666,0.0002,0.63959
8043.36,BTC-27MAR20,1571396342280,open,0.01,53.3,0.0005,0.025,0.00890963,100.42,0.007,0.0,BTC-27MAR20-32000-C,7897.2,96.91,0.007,29.0,0.0105,20.0,103.0,4.70597,-1.46882,1.14192,2e-05,0.04112
7951.72,BTC-27DEC19,1571396342281,open,0.0,402.1,0.0005,0.0105,0.00051328,109.82,0.001,0.0,BTC-27DEC19-32000-C,7897.2,0.0,0.0,0.0,0.001,20.0,117.09,0.40627,-0.31925,0.0521,0.0,0.00394
7951.72,BTC-27DEC19,1571396342281,open,0.01,905.3,0.0045,0.0295,0.01466284,84.75,0.0155,0.0,BTC-27DEC19-5000-P,7897.2,82.0,0.013,45.0,0.0165,55.2,87.63,4.9456,-2.99903,-1.37119,5e-05,-0.07541
7908.62,SYN.BTC-1NOV19,1571396342276,open,0.0,0.179,0.235,0.20580601,65.0,None,0.0,BTC-1NOV19-9500-P,7897.2,0.0,0.1915,2.9,0.219,2.9,96.11,2.36288,-5.53407,-3.37489,0.00015,-0.91672
7903.15,SYN.BTC-25OCT19,1571396342276,open,0.33,0.0,0.3025,0.3575,0.32888047,84.01,None,0.0,BTC-25OCT19-10500-P,7897.2,0.0,0.313,5.0,0.3505,5.0,192.8,0.23916,-1.46104,-1.96639,2e-05,-0.99195
7908.62,SYN.BTC-1NOV19,1571396342276,open,0.8,0.1195,0.1755,0.14704555,61.27,0.1205,0.0,BTC-1NOV19-9000-P,7897.2,32.36,0.1385,5.0,0.1585,5.0,82.58,3.6474,-8.05233,-2.98775,0.00025,-0.84672
7951.72,BTC-27DEC19,1571396342281,open,0.65,99.0,0.609,0.6975,0.65098986,80.05,0.638,0.0,BTC-27DEC19-13000-P,7897.2,0.0,0.6215,4.0,0.685,4.0,111.4,6.52816,-3.73951,-23.46314,7e-05,-0.89033
7930.46,SYN.BTC-29NOV19,1571396342276,open,0.18,21.5,0.1415,0.212,0.17716282,66.0,0.182,0.0,BTC-29NOV19-9000-P,7897.2,61.72,0.172,6.0,0.1895,14.0,75.92,9.66611,-7.61705,-7.75471,0.0002,-0.67515
7908.62,SYN.BTC-1NOV19,1571396342276,open,0.0,0.0665,0.1225,0.09470012,60.04,None,0.0,BTC-1NOV19-8500-P,7897.2,0.0,0.0655,2.0,0.123,3.0,99.49,5.26624,-11.39324,-2.42357,0.00037,-0.71141
7903.15,SYN.BTC-25OCT19,1571396342277,open,0.77,3.0,0.737,0.807,0.77125657,0.0,0.775,0.0,BTC-25OCT19-14000-P,7897.2,0.0,0.751,3.0,0.8115,3.0,361.7,0.0,0.0,-2.63725,0.0,-1.0
7903.15,SYN.BTC-25OCT19,1571396342276,open,0.0,10.4,0.0005,0.013,0.00344214,80.08,0.004,0.0,BTC-25OCT19-6750-P,7897.2,77.54,0.003,0.5,0.004,1.3,83.05,1.42599,-8.30363,-0.10652,0.00015,-0.06811
7908.62,SYN.BTC-1NOV19,1571396342276,open,0.5,0.051,0.1005,0.07675359,61.31,0.0755,0.0,BTC-1NOV19-7500-C,7897.2,50.5,0.0695,3.0,0.0815,12.4,68.17,5.4191,-11.97172,1.8519,0.00037,0.69272
7908.62,SYN.BTC-1NOV19,1571396342276,open,0.0,0.0005,0.0155,0.00529146,74.22,None,0.0,BTC-1NOV19-6500-P,7897.2,67.2,0.0035,23.0,0.007,23.0,79.92,2.21951,-5.93566,-0.24639,0.00013,-0.07666
7930.46,SYN.BTC-29NOV19,1571396342277,open,0.03,102.1,0.01,0.0455,0.02563958,71.93,0.024,0.0,BTC-29NOV19-6500-P,7897.2,69.44,0.0235,39.1,0.026,2.0,72.34,6.90046,-5.92616,-1.8169,0.00013,-0.17405
7908.62,SYN.BTC-1NOV19,1571396342276,open,0.0,0.0755,0.1245,0.1007593,64.58,None,0.0,BTC-1NOV19-7250-C,7897.2,0.0,0.072,1.0,0.124,3.0,101.01,4.63115,-10.7765,2.02542,0.0003,0.77444
7930.46,SYN.BTC-29NOV19,1571396342277,open,0.02,224.1,0.005,0.0315,0.01589753,76.18,0.0145,0.0,BTC-29NOV19-6000-P,7897.2,72.37,0.0135,32.0,0.0175,40.0,78.6,5.15286,-4.68681,-1.17381,9e-05,-0.11311
7908.62,SYN.BTC-1NOV19,1571396342276,open,2.7,0.033,0.0815,0.05786818,61.29,0.051,0.0,BTC-1NOV19-7750-C,7897.2,50.21,0.0495,18.2,0.0595,14.2,63.44,5.99204,-13.23278,1.60191,0.00041,0.59068
7903.15,SYN.BTC-25OCT19,1571396342277,open,0.18,0.0,0.1615,0.201,0.18052761,91.88,None,0.0,BTC-25OCT19-6500-C,7897.2,0.0,0.164,9.0,0.189,9.0,131.04,1.17834,-7.87339,1.14053,0.00011,0.94663
7930.46,SYN.BTC-29NOV19,1571396342276,open,0.0,157.7,0.0005,0.012,0.00226854,87.49,0.0025,0.0,BTC-29NOV19-15000-C,7897.2,82.67,0.0015,54.2,0.003,15.0,91.15,1.44267,-1.50699,0.18506,2e-05,0.02261
7903.15,SYN.BTC-25OCT19,1571396342276,open,0.52,37.4,0.4885,0.551,0.51845906,103.01,0.455,0.0,BTC-25OCT19-12000-P,7897.2,0.0,0.501,4.0,0.5425,4.0,254.51,0.06774,-0.5074,-2.25769,1e-05,-0.99803
7930.46,SYN.BTC-29NOV19,1571396342279,open,0.06,104.2,0.034,0.0875,0.06056779,65.92,0.058,0.0,BTC-29NOV19-8500-C,7897.2,62.47,0.056,22.9,0.062,22.9,67.0,10.50627,-8.26997,3.28076,0.00022,0.42115
7930.46,SYN.BTC-29NOV19,1571396342277,open,0.4,0.0,0.3645,0.4365,0.39911368,72.24,None,0.0,BTC-29NOV19-11000-P,7897.2,0.0,0.0,0.0,0.0,0.0,0.0,5.12433,-4.42029,-11.70858,0.0001,-0.88776
7930.46,SYN.BTC-29NOV19,1571396342277,open,0.28,0.0,0.2475,0.319,0.2826873,68.59,0.245,0.0,BTC-29NOV19-10000-P,7897.2,0.0,0.26,4.0,0.304,4.0,89.33,7.26417,-5.94952,-9.95145,0.00015,-0.81106
7903.15,SYN.BTC-25OCT19,1571396342280,open,0.0,910.5,0.0005,0.011,0.00122742,103.44,0.001,0.0,BTC-25OCT19-6000-P,7897.2,100.1,0.001,13.5,0.0015,2.1,106.97,0.57223,-4.30437,-0.03478,5e-05,-0.02213
7903.15,SYN.BTC-25OCT19,1571396342278,open,0.64,32.0,0.613,0.6785,0.64477585,0.0,0.6245,0.0,BTC-25OCT19-13000-P,7897.2,0.0,0.626,4.0,0.6705,4.0,290.42,0.0,0.0,-2.44888,0.0,-1.0
7903.15,SYN.BTC-25OCT19,1571396342277,open,0.0,660.3,0.0005,0.0105,1.8e-07,115.02,0.001,0.0,BTC-25OCT19-16000-C,7897.2,0.0,0.0,0.0,0.0005,1.0,195.25,0.00028,-0.00144,1e-05,0.0,1e-05
8043.36,BTC-27MAR20,1571396342286,open,0.01,42.4,0.002,0.03,0.01159503,97.02,0.0105,0.0,BTC-27MAR20-28000-C,7897.2,93.93,0.0095,33.0,0.0135,20.0,99.55,5.78613,-1.74469,1.47508,2e-05,0.0532
7903.15,SYN.BTC-25OCT19,1571396342277,open,0.0,734.2,0.0005,0.011,0.00131413,71.95,0.0015,0.0,BTC-25OCT19-9500-C,7897.2,68.73,0.001,58.1,0.0015,1.0,73.64,0.83486,-4.36838,0.0499,0.0001,0.03483
7930.46,SYN.BTC-29NOV19,1571396342278,open,0.46,0.0,0.425,0.4975,0.45950509,74.47,None,0.0,BTC-29NOV19-11500-P,7897.2,0.0,0.0,0.0,0.0,0.0,0.0,4.32378,-3.84436,-12.47004,8e-05,-0.91106
7908.62,SYN.BTC-1NOV19,1571396342276,open,0.1,0.028,0.078,0.05123893,57.84,0.061,0.0,BTC-1NOV19-8000-P,7897.2,50.45,0.0455,16.8,0.057,15.8,65.25,6.14529,-12.8084,-1.71184,0.00045,-0.51814
7930.46,SYN.BTC-29NOV19,1571396342279,open,0.07,112.9,0.037,0.093,0.06460777,67.97,0.065,0.0,BTC-29NOV19-7500-P,7897.2,64.33,0.06,11.0,0.067,21.0,69.85,10.05278,-8.15819,-3.86645,0.0002,-0.36035
7930.46,SYN.BTC-29NOV19,1571396342278,open,0.23,0.2,0.192,0.263,0.22740124,66.55,0.2295,0.0,BTC-29NOV19-9500-P,7897.2,42.06,0.2055,5.0,0.257,5.0,92.0,8.45553,-6.71891,-8.93285,0.00018,-0.7544
7903.15,SYN.BTC-25OCT19,1571396342277,open,0.0,60.9,0.0005,0.0105,0.00024307,104.61,0.0005,0.0,BTC-25OCT19-11500-C,7897.2,0.0,0.0,0.0,0.0005,0.8,113.55,0.17157,-1.30516,0.00787,1e-05,0.00553
7903.15,SYN.BTC-25OCT19,1571396342278,open,1.02,0.0,0.985,1.0655,1.02428485,0.0,None,0.0,BTC-25OCT19-16000-P,7897.2,0.0,0.001,0.1,0.0,0.0,0.0,0.0,0.0,-3.014,0.0,-1.0
7908.62,SYN.BTC-1NOV19,1571396342276,open,0.2,0.149,0.2045,0.17583731,62.63,0.2,0.0,BTC-1NOV19-9250-P,7897.2,0.0,0.1675,5.0,0.188,5.0,88.43,2.91616,-6.58173,-3.20179,0.0002,-0.88912
7903.15,SYN.BTC-25OCT19,1571396342279,open,0.0,131.2,0.0005,0.0125,0.00289326,91.27,0.0025,0.0,BTC-25OCT19-6500-P,7897.2,84.58,0.002,24.1,0.004,47.0,98.19,1.15944,-7.69534,-0.08217,0.00011,-0.0523
7903.15,SYN.BTC-25OCT19,1571396342280,open,0.24,16.3,0.2255,0.26,0.24212067,104.57,0.27,0.0,BTC-25OCT19-6000-C,7897.2,0.0,0.2285,9.0,0.2495,9.0,155.95,0.5959,-4.53154,1.09372,5e-05,0.97678
7903.15,SYN.BTC-25OCT19,1571396342276,open,0.0,519.4,0.0005,0.0105,4.456e-05,115.02,0.0005,0.0,BTC-25OCT19-13000-C,7897.2,0.0,0.0,0.0,0.001,37.0,157.43,0.03844,-0.32156,0.00151,0.0,0.00106
7903.15,SYN.BTC-25OCT19,1571396342279,open,0.01,1301.2,0.0025,0.033,0.01345462,61.6,0.013,0.0,BTC-25OCT19-7500-P,7897.2,58.26,0.012,1.0,0.014,34.2,62.83,3.47682,-15.57446,-0.39836,0.00048,-0.25412
7908.62,SYN.BTC-1NOV19,1571396342276,open,5.1,0.0085,0.0455,0.02498156,61.15,0.021,0.0,BTC-1NOV19-7500-P,7897.2,54.53,0.0205,15.0,0.024,0.3,59.72,5.41647,-11.93607,-0.99794,0.00037,-0.30694
7930.46,SYN.BTC-29NOV19,1571396342276,open,0.01,110.6,0.0005,0.023,0.00956189,74.76,0.009,0.0,BTC-29NOV19-11500-C,7897.2,70.78,0.0075,33.0,0.011,43.0,77.28,4.36056,-3.89241,0.73148,8e-05,0.08996
7930.46,SYN.BTC-29NOV19,1571396342280,open,0.89,0.0,0.8545,0.9365,0.8934988,86.29,None,0.0,BTC-29NOV19-15000-P,7897.2,0.0,0.0,0.0,0.0,0.0,0.0,1.35307,-1.39412,-17.03725,2e-05,-0.97904
7930.46,SYN.BTC-29NOV19,1571396342280,open,0.77,0.0,0.731,0.8085,0.76801163,81.64,None,0.0,BTC-29NOV19-14000-P,7897.2,0.0,0.0,0.0,0.0,0.0,0.0,1.70647,-1.66352,-15.83485,3e-05,-0.97238
7908.62,SYN.BTC-1NOV19,1571396342276,open,0.0,0.1325,0.177,0.15472231,71.54,None,0.0,BTC-1NOV19-6750-C,7897.2,0.0,0.1315,3.0,0.1735,3.0,111.07,2.97467,-7.66794,2.19856,0.00017,0.88599
7908.62,SYN.BTC-1NOV19,1571396342276,open,3.1,0.0005,0.021,0.00812749,71.28,0.006,0.0,BTC-1NOV19-6750-P,7897.2,63.71,0.0055,23.0,0.0105,15.0,77.31,2.9612,-7.60641,-0.36503,0.00017,-0.11329
7903.15,SYN.BTC-25OCT19,1571396342277,open,0.0,610.5,0.0005,0.0105,0.00076521,80.91,0.001,0.0,BTC-25OCT19-10000-C,7897.2,76.25,0.0005,14.5,0.001,12.9,84.21,0.51459,-3.02759,0.02793,5e-05,0.01952
7930.46,SYN.BTC-29NOV19,1571396342276,open,0.64,0.0,0.608,0.6825,0.64329705,78.14,None,0.0,BTC-29NOV19-13000-P,7897.2,0.0,0.0005,1.0,0.0,0.0,0.0,2.37893,-2.21957,-14.57506,4e-05,-0.95863
7930.46,SYN.BTC-29NOV19,1571396342279,open,0.01,15.7,0.0005,0.015,0.00535198,77.05,0.0085,0.0,BTC-29NOV19-12500-C,7897.2,73.07,0.004,34.0,0.006,20.0,78.76,2.91828,-2.68489,0.43698,5e-05,0.05338
7903.15,SYN.BTC-25OCT19,1571396342278,open,0.0,1442.8,0.0005,0.0125,0.00277129,63.46,0.002,0.0,BTC-25OCT19-9000-C,7897.2,59.1,0.002,2.8,0.0035,0.1,67.04,1.51552,-6.99383,0.10564,0.0002,0.07373
7930.46,SYN.BTC-29NOV19,1571396342276,open,0.0,136.7,0.0005,0.0125,0.00286339,82.54,0.0045,0.0,BTC-29NOV19-14000-C,7897.2,71.32,0.001,35.0,0.004,15.0,87.06,1.78534,-1.75942,0.23929,3e-05,0.02916
7903.15,SYN.BTC-25OCT19,1571396342279,open,0.0,514.1,0.0005,0.0105,7.49e-06,115.02,0.0005,0.0,BTC-25OCT19-14000-C,7897.2,0.0,0.0,0.0,0.0005,0.5,163.05,0.00813,-0.0592,0.00028,0.0,0.0002
7908.62,SYN.BTC-1NOV19,1571396342276,open,2.0,0.0045,0.035,0.01737967,64.4,0.016,0.0,BTC-1NOV19-7250-P,7897.2,56.67,0.013,21.0,0.0185,15.0,66.31,4.62525,-10.73395,-0.72888,0.0003,-0.22505
7903.15,SYN.BTC-25OCT19,1571396342277,open,0.2,14.9,0.1785,0.2305,0.20323315,70.66,0.139,0.0,BTC-25OCT19-9500-P,7897.2,0.0,0.19,6.0,0.225,6.0,150.25,0.78293,-4.02289,-1.74336,9e-05,-0.96778
7903.15,SYN.BTC-25OCT19,1571396342279,open,0.0,499.5,0.0005,0.0105,1.19e-06,115.02,0.0005,0.0,BTC-25OCT19-15000-C,7897.2,0.0,0.0,0.0,0.0015,49.0,204.93,0.00157,-0.00941,5e-05,0.0,3e-05
7930.46,SYN.BTC-29NOV19,1571396342281,open,0.26,17.1,0.236,0.283,0.25940543,76.31,0.2565,0.0,BTC-29NOV19-6000-C,7897.2,0.0,0.238,8.0,0.276,8.0,98.66,5.16293,-4.70394,5.70628,9e-05,0.88658
7908.62,SYN.BTC-1NOV19,1571396342276,open,0.0,0.1025,0.149,0.12616905,66.38,None,0.0,BTC-1NOV19-7000-C,7897.2,0.0,0.101,3.0,0.148,3.0,105.84,3.70241,-8.85565,2.15577,0.00023,0.8432
7908.62,SYN.BTC-1NOV19,1571396342276,open,0.0,0.163,0.2045,0.18349389,74.54,None,0.0,BTC-1NOV19-6500-C,7897.2,0.0,0.01,1.0,0.0,0.0,0.0,2.23713,-6.00876,2.22194,0.00013,0.92254
7903.15,SYN.BTC-25OCT19,1571396342276,open,0.15,0.0,0.1295,0.1705,0.14944704,80.59,None,0.0,BTC-25OCT19-6750-C,7897.2,0.0,0.13,9.0,0.166,9.0,138.81,1.44493,-8.46842,1.16312,0.00015,0.93072
7930.46,SYN.BTC-29NOV19,1571396342279,open,0.52,0.0,0.4855,0.558,0.52004929,75.41,None,0.0,BTC-29NOV19-12000-P,7897.2,0.0,0.0005,1.0,0.0,0.0,0.0,3.511,-3.16129,-13.21503,6e-05,-0.9324
7930.46,SYN.BTC-29NOV19,1571396342284,open,0.38,0.0,0.359,0.3945,0.37605797,89.14,None,0.0,BTC-29NOV19-5000-C,7897.2,0.0,0.02,1.0,0.0,0.0,0.0,2.61864,-2.78705,5.25292,4e-05,0.9534
7903.15,SYN.BTC-25OCT19,1571396342282,open,0.89,0.0,0.861,0.9365,0.89776807,0.0,None,0.0,BTC-25OCT19-15000-P,7897.2,0.0,0.001,0.1,0.0,0.0,0.0,0.0,0.0,-2.82563,0.0,-1.0
7908.62,SYN.BTC-1NOV19,1571396342276,open,0.0,0.0165,0.061,0.03770375,61.14,None,0.0,BTC-1NOV19-7750-P,7897.2,52.94,0.0315,15.0,0.0405,19.0,64.83,5.99169,-13.20114,-1.34368,0.00041,-0.40922
7903.15,SYN.BTC-25OCT19,1571396342280,open,0.0,363.2,0.0005,0.0105,0.00024556,115.03,0.0005,0.0,BTC-25OCT19-12000-C,7897.2,0.0,0.0,0.0,0.001,19.5,135.89,0.16065,-1.34383,0.00728,1e-05,0.00514
7903.15,SYN.BTC-25OCT19,1571396342278,open,0.0,923.9,0.0005,0.0105,3e-08,115.02,0.001,0.0,BTC-25OCT19-17000-C,7897.2,0.0,0.0,0.0,0.0005,29.0,209.56,5e-05,-0.00021,0.0,0.0,0.0
7930.46,SYN.BTC-29NOV19,1571396342280,open,0.05,283.1,0.02,0.067,0.04242467,66.1,0.04,0.0,BTC-29NOV19-9000-C,7897.2,62.86,0.0385,24.0,0.0435,26.0,66.98,9.67076,-7.63268,2.57313,0.0002,0.32523
7930.46,SYN.BTC-29NOV19,1571396342279,open,0.21,0.3,0.179,0.232,0.20610647,72.03,0.2,0.0,BTC-29NOV19-6500-C,7897.2,23.1,0.1805,8.0,0.21,8.3,76.42,6.907,-5.94042,5.63723,0.00013,0.82569
