underlying_price,underlying_index,timestamp,state,settlement_price,open_interest,min_price,max_price,mark_price,mark_iv,last_price,interest_rate,instrument_name,index_price,bid_iv,best_bid_price,best_bid_amount,best_ask_price,best_ask_amount,ask_iv,vega,theta,rho,gamma,delta
11041.15,BTC-28JUN19,1561201139831,open,0.39,4.6,0.3055,0.4135,0.35948752,112.34,0.6335,0.0,BTC-28JUN19-15000-P,10912.2,0.0,0.0,0.0,0.471,0.1,431.14,0.64429,-6.15905,-2.38287,3e-05,-0.98117
11375.92,BTC-27SEP19,1561201139888,open,1.77,0.2,1.591,1.806,1.69850221,108.54,2.2245,0.0,BTC-27DEC19-30000-P,10912.2,0.0,0.0,0.0,0.0,0.0,0.0,22.57301,-6.52022,-146.53349,3e-05,-0.80399
11375.92,BTC-27SEP19,1561201139902,open,1.42,0.0,1.2685,1.457,1.36274545,105.99,None,0.0,BTC-27DEC19-26000-P,10912.2,0.0,0.0045,10.0,2.178,0.2,500.0,25.36351,-7.15454,-124.3063,4e-05,-0.76015
11375.92,BTC-27SEP19,1561201139941,open,1.37,0.0,1.221,1.4055,1.31304349,110.7,None,0.0,BTC-27SEP19-26000-P,10912.26,0.0,0.0,0.0,0.0,0.0,0.0,11.87115,-6.78234,-66.14996,3e-05,-0.87785
11041.15,BTC-28JUN19,1561201139941,open,0.77,24.4,0.734,0.8135,0.7735739,0.0,0.5115,0.0,BTC-28JUN19-2500-C,10912.26,0.0,0.0,0.0,0.0,0.0,0.0,0.0,0.0,0.40244,0.0,1.0
11375.92,BTC-27SEP19,1561201139941,open,0.0,47.1,0.0005,0.0415,0.00156031,111.79,0.0025,0.0,BTC-27SEP19-3250-P,10912.26,105.27,0.001,0.5,0.005,6.0,134.75,1.12515,-0.64918,-0.25492,0.0,-0.00688
11041.15,BTC-28JUN19,1561201139941,open,0.0,278.7,0.0005,0.04,0.0,112.29,0.0005,0.0,BTC-28JUN19-4500-P,10912.26,0.0,0.0,0.0,0.0005,10.5,286.2,0.0,0.0,0.0,0.0,0.0
11375.92,BTC-27SEP19,1561201139942,open,0.71,0.0,0.676,0.7555,0.71586913,111.79,None,0.0,BTC-27SEP19-3250-C,10912.26,0.0,0.0045,10.0,0.9385,5.0,500.0,1.12515,-0.64918,8.371,0.0,0.99312
11375.92,BTC-27SEP19,1561201139942,open,0.0,75.6,0.0005,0.043,0.00319598,111.2,0.004,0.0,BTC-27SEP19-3750-P,10912.26,86.15,0.0005,6.0,0.0065,6.0,126.38,1.97343,-1.13261,-0.49168,1e-05,-0.01309
11375.92,BTC-27SEP19,1561201139942,open,0.73,225.7,0.6975,0.777,0.73732429,112.29,0.693,0.0,BTC-27SEP19-3000-C,10912.26,0.0,0.0045,20.0,0.9415,5.0,500.0,0.8102,-0.46958,7.78747,0.0,0.99525
11375.92,BTC-27SEP19,1561201139942,open,0.01,282.9,0.0005,0.049,0.00893962,108.58,0.0075,0.0,BTC-27SEP19-4750-P,10912.26,99.97,0.006,6.0,0.012,6.0,116.09,4.29452,-2.4067,-1.26066,1e-05,-0.03281
11375.92,BTC-27SEP19,1561201139942,open,0.54,0.0,0.452,0.5725,0.51249045,107.64,None,0.0,BTC-27SEP19-16000-P,10912.26,0.0,0.0045,10.0,1.174,0.2,500.0,22.08418,-12.2694,-34.56295,6e-05,-0.63224
11375.92,BTC-27SEP19,1561201139943,open,0.01,409.1,0.0005,0.0515,0.01132258,108.58,0.014,0.0,BTC-27SEP19-5000-P,10912.26,107.85,0.011,0.1,0.014,14.0,114.29,5.06292,-2.83732,-1.55329,1e-05,-0.04012
11041.15,BTC-28JUN19,1561201139943,open,0.03,458.8,0.0005,0.0775,0.03759215,108.35,0.039,0.0,BTC-28JUN19-11500-C,10912.26,102.07,0.0345,18.0,0.041,30.0,115.24,5.44595,-50.2135,0.66198,0.00026,0.41004
11041.15,BTC-28JUN19,1561201139944,open,0.35,814.9,0.3265,0.406,0.366028,111.81,0.34,0.0,BTC-28JUN19-7000-C,10912.26,0.0,0.33,2.0,0.9,0.1,500.0,0.02549,-0.24248,1.1259,0.0,0.99949
11041.15,BTC-28JUN19,1561201139941,open,0.11,22.7,0.0515,0.1385,0.09508074,99.91,0.1055,0.0,BTC-26JUL19-10500-P,10912.26,97.24,0.092,2.0,0.097,19.3,101.57,12.7603,-18.81686,-4.82229,0.00011,-0.37551
11041.15,BTC-28JUN19,1561201139944,open,0.49,148.3,0.462,0.5415,0.50186259,0.0,0.402,0.0,BTC-28JUN19-5500-C,10912.26,0.0,0.0015,2.0,0.52,5.0,431.36,0.0,0.0,0.88538,0.0,1.0
11041.15,BTC-28JUN19,1561201139944,open,0.26,600.6,0.236,0.3155,0.27590118,111.29,0.245,0.0,BTC-28JUN19-8000-C,10912.26,0.0,0.0195,3.0,1.0,0.6,500.0,0.3514,-3.32799,1.27042,2e-05,0.99067
11375.92,BTC-27SEP19,1561201139944,open,0.01,225.5,0.0005,0.0475,0.00721917,109.52,0.005,0.0,BTC-27SEP19-4500-P,10912.26,97.88,0.004,7.1,0.01,6.0,117.43,3.66052,-2.0692,-1.03518,1e-05,-0.02707
11375.92,BTC-27SEP19,1561201139944,open,0.49,716.2,0.455,0.5345,0.49489879,105.06,0.45,0.0,BTC-27SEP19-6000-C,10912.26,0.0,0.4725,1.0,0.55,1.0,165.88,8.14118,-4.4146,13.0413,2e-05,0.92683
11375.92,BTC-27SEP19,1561201139944,open,1.2,0.2,1.06,1.2315,1.14567738,110.69,1.6,0.0,BTC-27SEP19-24000-P,10912.26,0.0,0.0,0.0,0.0,0.0,0.0,13.8407,-7.90729,-60.16777,4e-05,-0.84708
11375.92,BTC-27SEP19,1561201139944,open,0.08,257.3,0.025,0.11,0.06744346,103.85,0.067,0.0,BTC-27SEP19-8000-P,10912.2,101.27,0.064,0.1,0.0715,4.9,106.87,15.23531,-8.16641,-7.391,4e-05,-0.17735
11041.15,BTC-28JUN19,1561201139941,open,0.19,0.0,0.1605,0.24,0.20045271,109.47,None,0.0,BTC-05JUL19-9000-C,10912.26,0.0,0.021,0.1,0.0,0.0,0.0,4.53266,-19.268,2.58316,0.0001,0.86368
11041.21,BTC-28JUN19,1561201139941,open,0.01,13.0,0.0005,0.049,0.00867889,109.47,0.016,0.0,BTC-05JUL19-8500-P,10912.26,95.26,0.005,30.0,0.0115,10.0,118.57,3.21451,-13.66475,-0.36317,7e-05,-0.08456
11041.21,BTC-28JUN19,1561201139947,open,0.01,556.6,0.0005,0.0495,0.00951628,111.8,0.0105,0.0,BTC-28JUN19-13000-C,10912.26,109.95,0.009,24.0,0.014,24.0,126.49,3.1176,-29.65912,0.23187,0.00014,0.13997
11041.21,BTC-28JUN19,1561201139941,open,0.0,7.8,0.0005,0.042,0.00211953,110.96,0.005,0.0,BTC-05JUL19-7500-P,10912.26,89.39,0.0005,11.0,0.005,42.9,130.96,1.2121,-5.22268,-0.10564,3e-05,-0.025
11041.21,BTC-28JUN19,1561201139941,open,0.2,0.0,0.123,0.216,0.16952723,110.71,None,0.0,BTC-05JUL19-12500-P,10912.26,0.0,0.0,0.0,0.0,0.0,0.0,7.32701,-31.5006,-3.34359,0.00015,-0.68893
11041.21,BTC-28JUN19,1561201139941,open,0.03,2.1,0.0005,0.0685,0.02858408,112.13,0.0295,0.0,BTC-05JUL19-13000-C,10912.26,113.65,0.0295,24.0,0.0405,24.0,131.2,6.60901,-28.77753,0.86773,0.00014,0.25137
11375.98,BTC-27SEP19,1561201139943,open,0.19,309.5,0.164,0.2435,0.20359457,97.91,0.2,0.0,BTC-27DEC19-14000-C,10912.26,95.78,0.1975,11.6,0.2145,3.6,101.73,32.50968,-8.47108,18.65788,5e-05,0.52223
11041.21,BTC-28JUN19,1561201139941,open,0.12,20.0,0.0945,0.174,0.13400577,109.46,0.07,0.0,BTC-05JUL19-10000-C,10912.26,94.13,0.1245,0.1,0.155,2.0,141.88,6.9736,-29.64205,2.28467,0.00015,0.72059
11375.98,BTC-27SEP19,1561201139944,open,0.58,58.5,0.548,0.6275,0.58754748,98.39,0.4475,0.0,BTC-27DEC19-5000-C,10912.26,0.0,0.56,0.2,0.6205,0.5,129.89,10.2944,-2.69545,20.3708,2e-05,0.93544
11375.98,BTC-27SEP19,1561201139944,open,0.91,0.0,0.8025,0.952,0.87717926,102.4,None,0.0,BTC-27DEC19-20000-P,10912.26,0.0,0.0045,5.0,1.663,0.2,500.0,30.04876,-8.1889,-89.75658,4e-05,-0.65567
11041.21,BTC-28JUN19,1561201139941,open,0.01,35.0,0.0005,0.0445,0.00465855,110.96,0.0055,0.0,BTC-05JUL19-8000-P,10912.26,97.83,0.0025,5.0,0.007,10.0,121.9,2.1199,-9.13425,-0.21074,4e-05,-0.04945
11041.21,BTC-28JUN19,1561201139941,open,0.02,95.7,0.0005,0.056,0.0155846,109.47,0.014,0.0,BTC-05JUL19-9000-P,10912.26,98.99,0.0115,30.0,0.0185,10.0,116.37,4.53257,-19.26773,-0.59165,0.0001,-0.13632
11375.98,BTC-27SEP19,1561201139942,open,0.69,4.0,0.661,0.7405,0.70097329,101.72,0.59,0.0,BTC-27DEC19-3500-C,10912.26,0.0,0.0045,10.0,0.7405,3.0,163.48,4.5842,-1.24094,16.11342,1e-05,0.97616
11375.98,BTC-27SEP19,1561201139943,open,0.03,128.5,0.0005,0.068,0.02707121,98.39,0.0245,0.0,BTC-27DEC19-5000-P,10912.26,94.92,0.024,16.0,0.0315,10.0,103.14,10.29456,-2.69553,-5.36574,2e-05,-0.06456
11375.98,BTC-27SEP19,1561201139943,open,0.01,96.6,0.0005,0.0485,0.0086399,101.72,0.011,0.0,BTC-27DEC19-3500-P,10912.26,96.01,0.0065,6.0,0.01,4.0,104.96,4.58443,-1.24102,-1.90218,1e-05,-0.02385
11041.21,BTC-28JUN19,1561201139941,open,0.31,0.0,0.2325,0.3345,0.28337007,112.21,None,0.0,BTC-05JUL19-14000-P,10912.26,0.0,0.0,0.0,0.0,0.0,0.0,4.91185,-21.40392,-4.40034,0.0001,-0.8464
11375.98,BTC-27SEP19,1561201139941,open,0.01,168.7,0.0005,0.046,0.00617532,106.79,0.0095,0.0,BTC-27DEC19-3000-P,10912.26,94.02,0.003,6.0,0.01,6.0,117.88,3.42101,-0.97225,-1.35031,0.0,-0.01689
11375.98,BTC-27SEP19,1561201139971,open,0.1,129.9,0.048,0.1345,0.09124502,96.33,0.0965,0.0,BTC-27DEC19-7500-P,10912.26,92.89,0.085,4.9,0.095,4.9,98.38,20.76775,-5.32406,-15.38359,3e-05,-0.17147
11375.98,BTC-27SEP19,1561201140014,open,0.3,380.4,0.271,0.3505,0.31063652,103.85,0.3135,0.0,BTC-27SEP19-9000-C,10912.26,88.3,0.286,5.0,0.3165,1.0,107.5,18.23103,-9.77203,13.55926,5e-05,0.75972
11041.21,BTC-28JUN19,1561201140076,open,0.22,21.3,0.1875,0.267,0.22703834,101.34,0.231,0.0,BTC-26JUL19-9000-C,10912.26,88.27,0.216,7.0,0.254,8.0,130.91,9.61554,-14.3828,5.79839,8e-05,0.79288
11041.21,BTC-28JUN19,1561201140103,open,0.01,83.0,0.0005,0.0435,0.00347253,110.91,0.004,0.0,BTC-26JUL19-6000-P,10912.26,104.74,0.0025,7.0,0.006,31.0,123.27,1.9124,-3.1305,-0.28348,2e-05,-0.02419
11041.21,BTC-28JUN19,1561201140123,open,0.54,688.2,0.5075,0.587,0.5471478,0.0,0.5,0.0,BTC-28JUN19-5000-C,10912.26,0.0,0.25,1.9,0.6,10.0,500.0,0.0,0.0,0.80489,0.0,1.0
11375.98,BTC-27SEP19,1561201140136,open,0.0,105.4,0.0005,0.0405,0.00052344,112.29,0.0005,0.0,BTC-27DEC19-1500-P,10912.26,111.71,0.0005,1.0,0.0985,18.0,452.07,0.46157,-0.13794,-0.13392,0.0,-0.00176
11375.98,BTC-27SEP19,1561201140181,open,0.26,23.3,0.199,0.298,0.24852544,95.91,0.252,0.0,BTC-27DEC19-11000-P,10912.26,91.76,0.2375,4.9,0.2535,4.9,97.79,30.14165,-7.69372,-34.88276,5e-05,-0.3472
11041.21,BTC-28JUN19,1561201140194,open,0.05,133.3,0.0005,0.0835,0.0421723,101.35,0.047,0.0,BTC-26JUL19-9000-P,10912.26,99.42,0.0405,2.0,0.044,19.3,103.44,9.61581,-14.38417,-2.55468,8e-05,-0.20713
11375.98,BTC-27SEP19,1561201140225,open,0.0,604.3,0.0005,0.041,0.00103922,112.29,0.0005,0.0,BTC-27SEP19-3000-P,10912.26,102.74,0.0005,29.9,0.0045,6.0,140.26,0.8102,-0.46958,-0.17492,0.0,-0.00475
11041.21,BTC-28JUN19,1561201140236,open,0.01,52.1,0.0005,0.046,0.00605203,109.5,0.008,0.0,BTC-26JUL19-6500-P,10912.26,100.73,0.004,7.0,0.008,7.0,116.43,2.87617,-4.64832,-0.46801,2e-05,-0.03962
311.79,ETH-28JUN19,1561201140336,open,0.09,70.0,0.058,0.137,0.097531,105.12,0.086,0.0,ETH-05JUL19-300-C,307.42,66.41,0.07,180.0,0.119,180.0,134.97,0.22374,-0.9133,0.05698,0.00621,0.61561
11375.98,BTC-27SEP19,1561201140395,open,0.22,548.0,0.1845,0.264,0.22436799,103.85,0.225,0.0,BTC-27SEP19-11000-C,10912.26,100.58,0.218,3.6,0.2325,4.6,108.04,22.13934,-11.86699,12.23004,6e-05,0.62943
311.79,ETH-28JUN19,1561201140488,open,0.01,200.0,0.001,0.051,0.011707,106.96,0.015,0.0,ETH-05JUL19-400-C,307.42,82.52,0.004,300.0,0.018,300.0,121.6,0.12202,-0.50679,0.0127,0.00333,0.12719
311.79,ETH-28JUN19,1561201140602,open,0.02,20.0,0.001,0.063,0.023902,106.96,0.008,0.0,ETH-05JUL19-370-C,307.42,83.73,0.012,240.0,0.032,240.0,120.72,0.17613,-0.73152,0.02224,0.0048,0.22613
11041.21,BTC-28JUN19,1561201140841,open,0.13,14.4,0.067,0.1555,0.11137249,109.77,0.2095,0.0,BTC-28JUN19-12000-P,10912.26,0.0,0.0005,2.0,0.156,0.1,203.32,4.86081,-45.40416,-1.44453,0.00023,-0.70135
311.79,ETH-28JUN19,1561201140856,open,0.07,11.0,0.042,0.121,0.081141,104.89,0.086,0.0,ETH-05JUL19-310-C,307.42,71.1,0.056,180.0,0.101,180.0,131.64,0.23172,-0.94381,0.05166,0.00644,0.55082
11041.21,BTC-28JUN19,1561201140893,open,0.13,14.4,0.067,0.1555,0.11137249,109.77,0.2095,0.0,BTC-28JUN19-12000-P,10912.26,0.0,0.0005,2.0,0.1555,0.1,202.31,4.86081,-45.40416,-1.44453,0.00023,-0.70135
11041.2,BTC-28JUN19,1561201140942,open,0.01,47.0,0.0005,0.046,0.00613059,109.62,0.006,0.0,BTC-28JUN19-9250-P,10912.28,91.92,0.003,0.1,0.006,10.0,108.98,2.27041,-21.17929,-0.17044,0.00011,-0.08976
11041.2,BTC-28JUN19,1561201140942,open,0.17,0.0,0.102,0.1935,0.14768499,111.02,None,0.0,BTC-28JUN19-12500-P,10912.28,0.0,0.0,0.0,0.301,0.1,430.01,4.02396,-38.0171,-1.66873,0.00018,-0.79118
11041.2,BTC-28JUN19,1561201140942,open,0.12,50.8,0.0905,0.17,0.13018724,109.61,0.1,0.0,BTC-28JUN19-9750-C,10912.28,0.0,0.0,0.0,0.17,3.0,212.71,3.51232,-32.76064,1.24816,0.00016,0.83243
11375.95,BTC-27SEP19,1561201140942,open,0.69,261.1,0.655,0.7345,0.6945881,111.35,0.612,0.0,BTC-27SEP19-3500-C,10912.28,0.0,0.161,1.0,0.7035,0.1,149.81,1.50707,-0.86609,8.93156,0.0,0.9904
11041.2,BTC-28JUN19,1561201140942,open,0.19,0.0,0.1705,0.25,0.21002024,110.41,None,0.0,BTC-28JUN19-8750-C,10912.28,0.0,0.0,0.0,0.281,0.1,347.66,1.25083,-11.7525,1.32982,6e-05,0.95821
11041.2,BTC-28JUN19,1561201140942,open,0.86,33.8,0.8245,0.904,0.8641452,125.0,0.7145,0.0,BTC-28JUN19-1500-C,10912.28,0.0,0.0,0.0,0.0,0.0,0.0,0.0,0.0,0.24147,0.0,1.0
11375.95,BTC-27SEP19,1561201140942,open,0.03,12.4,0.0005,0.0675,0.02751385,110.7,0.028,0.0,BTC-27SEP19-26000-C,10912.28,113.03,0.03,6.0,0.0375,6.0,119.57,11.87116,-6.78232,2.85738,3e-05,0.12215
11041.2,BTC-28JUN19,1561201140942,open,0.01,51.2,0.0005,0.0425,0.00251015,110.44,0.005,0.0,BTC-28JUN19-8750-P,10912.28,93.58,0.001,2.9,0.003,10.0,114.56,1.25182,-11.76517,-0.07881,6e-05,-0.04183
11041.22,BTC-28JUN19,1561201140942,open,0.05,30.9,0.0005,0.081,0.03970795,109.47,0.038,0.0,BTC-05JUL19-10000-P,10912.28,106.75,0.038,2.8,0.045,24.0,117.78,6.9737,-29.64443,-1.24297,0.00015,-0.27942
11375.95,BTC-27SEP19,1561201140944,open,0.03,311.6,0.0005,0.063,0.02232827,105.06,0.0165,0.0,BTC-27SEP19-6000-P,10912.28,101.0,0.0195,8.0,0.026,6.0,110.04,8.14112,-4.41456,-2.88343,2e-05,-0.07317
11041.22,BTC-28JUN19,1561201140942,open,0.25,27.8,0.22,0.2995,0.25988537,101.35,0.1925,0.0,BTC-26JUL19-8500-C,10912.28,83.21,0.2475,7.0,0.292,7.0,140.96,8.12634,-12.15576,5.96232,7e-05,0.84172
11375.95,BTC-27SEP19,1561201140944,open,0.0,427.9,0.0005,0.042,0.0022539,111.34,0.003,0.0,BTC-27SEP19-3500-P,10912.28,91.27,0.0005,25.0,0.0055,6.0,129.48,1.50673,-0.86584,-0.35779,0.0,-0.0096
11375.95,BTC-27SEP19,1561201140945,open,0.7,1.0,0.5965,0.729,0.66263319,108.93,1.5815,0.0,BTC-27SEP19-18000-P,10912.28,0.0,0.0045,0.3,1.3365,0.3,500.0,20.24058,-11.37966,-41.2749,5e-05,-0.70439
11041.22,BTC-28JUN19,1561201140945,open,0.01,309.9,0.0005,0.044,0.00397048,109.85,0.0045,0.0,BTC-28JUN19-9000-P,10912.28,99.27,0.0025,15.0,0.004,10.0,110.04,1.71703,-16.05039,-0.11766,8e-05,-0.06223
11375.95,BTC-27SEP19,1561201140945,open,0.62,0.2,0.5925,0.672,0.63204043,110.11,0.26,0.0,BTC-27SEP19-4250-C,10912.28,0.0,0.0,0.0,0.7535,5.0,299.25,3.04366,-1.72968,10.4539,1e-05,0.97827
11041.22,BTC-28JUN19,1561201140945,open,0.0,266.4,0.0005,0.04,0.0,112.29,0.0005,0.0,BTC-28JUN19-4250-P,10912.28,0.0,0.0,0.0,0.001,10.0,330.44,0.0,0.0,0.0,0.0,0.0
11041.22,BTC-28JUN19,1561201140945,open,0.68,143.0,0.6435,0.723,0.68300576,0.0,0.55,0.0,BTC-28JUN19-3500-C,10912.28,0.0,0.0,0.0,0.0,0.0,0.0,0.0,0.0,0.56342,0.0,1.0
11375.95,BTC-27SEP19,1561201140945,open,0.1,95.5,0.0665,0.146,0.10601231,107.64,0.097,0.0,BTC-27SEP19-16000-C,10912.28,104.53,0.1,4.9,0.113,4.9,111.23,22.0843,-12.26952,7.90318,6e-05,0.36777
11041.22,BTC-28JUN19,1561201140945,open,0.63,322.4,0.598,0.6775,0.63772087,0.0,0.62,0.0,BTC-28JUN19-4000-C,10912.28,0.0,0.0,0.0,0.65,0.1,500.0,0.0,0.0,0.64391,0.0,1.0
11375.97,BTC-27SEP19,1561201140945,open,0.04,203.6,0.0005,0.0755,0.03596292,110.7,0.0265,0.0,BTC-27SEP19-24000-C,10912.28,111.54,0.037,4.9,0.045,4.9,117.77,13.84164,-7.90809,3.53162,4e-05,0.15293
11041.22,BTC-28JUN19,1561201140942,open,0.03,10.4,0.0005,0.067,0.02748847,110.56,0.0355,0.0,BTC-26JUL19-16000-C,10912.28,120.26,0.0355,0.1,0.0365,19.3,121.42,8.68372,-14.16994,1.51584,7e-05,0.17541
11375.97,BTC-27SEP19,1561201140946,open,0.52,230.7,0.4925,0.572,0.53239718,106.18,0.42,0.0,BTC-27SEP19-5500-C,10912.28,0.0,0.516,1.0,0.89,5.0,500.0,6.47903,-3.55062,12.47088,2e-05,0.94543
11041.22,BTC-28JUN19,1561201140946,open,0.0,1155.3,0.0005,0.04,0.00046462,111.34,0.0005,0.0,BTC-28JUN19-8000-P,10912.28,0.0,0.0,0.0,0.005,10.5,166.84,0.35203,-3.33518,-0.01744,2e-05,-0.00935
11375.97,BTC-27SEP19,1561201140947,open,0.58,13.5,0.5515,0.631,0.5913931,108.58,0.382,0.0,BTC-27SEP19-4750-C,10912.28,0.0,0.0,0.0,0.7345,5.0,299.28,4.2946,-2.40677,11.34642,1e-05,0.96719
11041.22,BTC-28JUN19,1561201140947,open,0.4,504.3,0.3715,0.451,0.41129902,110.77,0.292,0.0,BTC-28JUN19-6500-C,10912.28,0.0,0.0505,2.0,0.0,0.0,0.0,0.00351,-0.03307,1.04624,0.0,0.99994
11041.22,BTC-28JUN19,1561201140942,open,0.51,0.0,0.418,0.5355,0.47660501,110.56,None,0.0,BTC-26JUL19-16000-P,10912.28,0.0,0.0,0.0,0.0,0.0,0.0,8.68387,-14.1704,-13.33374,7e-05,-0.82458
11041.22,BTC-28JUN19,1561201140942,open,0.43,0.0,0.341,0.4525,0.39678919,110.4,None,0.0,BTC-26JUL19-15000-P,10912.28,0.0,0.0,0.0,0.0,0.0,0.0,10.18309,-16.59293,-11.96913,8e-05,-0.77123
11041.22,BTC-28JUN19,1561201140944,open,0.32,17.0,0.295,0.3745,0.33475518,104.22,0.246,0.0,BTC-26JUL19-7500-C,10912.28,0.0,0.0,0.0,0.0,0.0,0.0,5.20161,-8.00185,5.9532,4e-05,0.9157
11041.22,BTC-28JUN19,1561201140942,open,0.15,1.0,0.1255,0.205,0.16534427,109.46,0.104,0.0,BTC-05JUL19-9500-C,10912.28,0.0,0.086,1.0,0.25,1.0,248.37,5.84261,-24.83598,2.46364,0.00012,0.79788
11375.97,BTC-27SEP19,1561201140944,open,0.66,27.1,0.6225,0.702,0.6624719,101.72,0.542,0.0,BTC-27DEC19-4000-C,10912.28,0.0,0.013,10.0,0.676,0.5,121.98,6.47695,-1.75334,17.64685,1e-05,0.96384
11041.22,BTC-28JUN19,1561201140942,open,0.31,0.0,0.283,0.3625,0.32284541,110.95,None,0.0,BTC-05JUL19-7500-C,10912.28,0.0,0.0,0.0,0.0,0.0,0.0,1.21163,-5.2201,2.5401,3e-05,0.97501
11375.97,BTC-27SEP19,1561201140943,open,0.02,143.1,0.0005,0.0545,0.01408996,101.72,0.0185,0.0,BTC-27DEC19-4000-P,10912.28,95.97,0.011,16.0,0.0175,10.0,107.41,6.47688,-1.75331,-2.94222,1e-05,-0.03616
11041.22,BTC-28JUN19,1561201140942,open,0.16,0.0,0.0915,0.182,0.13662563,110.71,None,0.0,BTC-05JUL19-12000-P,10912.28,101.41,0.13,18.0,0.1445,18.0,121.62,7.91728,-34.03792,-2.93364,0.00017,-0.61658
11041.22,BTC-28JUN19,1561201140947,open,0.0,26.7,0.0005,0.0415,0.0017618,111.61,0.002,0.0,BTC-26JUL19-5500-P,10912.28,94.17,0.0005,25.0,0.0045,24.0,130.84,1.14261,-1.88222,-0.15355,1e-05,-0.01322
11041.22,BTC-28JUN19,1561201140942,open,0.23,10.0,0.199,0.2785,0.2388351,109.46,0.169,0.0,BTC-05JUL19-8500-C,10912.28,0.0,0.0,0.0,0.0,0.0,0.0,3.21429,-13.66329,2.63531,7e-05,0.91544
11041.22,BTC-28JUN19,1561201140947,open,0.03,99.2,0.0005,0.0615,0.02080002,102.71,0.0255,0.0,BTC-26JUL19-8000-P,10912.28,100.52,0.0195,5.0,0.0235,24.0,107.1,6.64063,-10.067,-1.4201,6e-05,-0.11778
11375.97,BTC-27SEP19,1561201140945,open,0.21,74.3,0.149,0.2445,0.19668326,95.91,0.191,0.0,BTC-27DEC19-10000-P,10912.28,92.02,0.187,5.0,0.201,4.9,97.65,28.27267,-7.21661,-28.94109,4e-05,-0.29757
11041.22,BTC-28JUN19,1561201140944,open,0.41,0.0,0.3775,0.457,0.41734809,109.49,None,0.0,BTC-26JUL19-6500-C,10912.28,0.0,0.0,0.0,0.0,0.0,0.0,2.87595,-4.64783,5.56469,2e-05,0.96038
11375.97,BTC-27SEP19,1561201140944,open,0.45,56.1,0.4195,0.499,0.45922785,96.33,0.46,0.0,BTC-27DEC19-7000-C,10912.28,57.57,0.4035,2.0,0.47,1.0,102.77,18.79788,-4.81906,23.04126,3e-05,0.85272
11041.22,BTC-28JUN19,1561201140942,open,0.03,13.8,0.0005,0.0665,0.02575846,109.47,0.0285,0.0,BTC-05JUL19-9500-P,10912.28,101.25,0.0215,24.0,0.028,10.0,113.66,5.84272,-24.8373,-0.8876,0.00012,-0.20213
11041.22,BTC-28JUN19,1561201140942,open,0.07,160.1,0.033,0.1125,0.07297858,110.12,0.066,0.0,BTC-26JUL19-13000-C,10912.28,107.54,0.07,19.3,0.08,19.3,116.17,12.75326,-20.72931,3.09334,0.0001,0.37485
11041.22,BTC-28JUN19,1561201140942,open,0.39,0.0,0.304,0.4125,0.35828979,110.31,None,0.0,BTC-26JUL19-14500-P,10912.28,0.0,0.0,0.0,0.0,0.0,0.0,10.91369,-17.76883,-11.25312,9e-05,-0.73986
11375.97,BTC-27SEP19,1561201140944,open,0.11,320.4,0.0795,0.159,0.11908497,102.4,0.1255,0.0,BTC-27DEC19-20000-C,10912.28,99.89,0.1125,8.0,0.126,5.9,105.0,30.04852,-8.18872,13.18886,4e-05,0.34432
11375.97,BTC-27SEP19,1561201140944,open,0.07,20.1,0.0295,0.109,0.06924774,107.63,0.0655,0.0,BTC-27DEC19-28000-C,10912.28,104.86,0.0635,4.9,0.0735,4.9,109.62,24.01279,-6.87797,8.68567,3e-05,0.21758
311.79,ETH-28JUN19,1561201140952,open,0.02,604.0,0.001,0.057,0.016495,109.37,0.014,0.0,ETH-28JUN19-280-P,307.43,93.05,0.011,240.0,0.021,240.0,121.71,0.1105,-1.02843,-0.01083,0.00646,-0.19924
311.79,ETH-28JUN19,1561201140952,open,0.23,1071.0,0.192,0.271,0.231691,109.98,0.158,0.0,ETH-28JUN19-240-C,307.43,0.0,0.016,90.0,0.252,86.0,216.23,0.0238,-0.22272,0.03726,0.00138,0.97412
311.79,ETH-28JUN19,1561201140952,open,0.03,1241.0,0.001,0.072,0.032492,109.53,0.016,0.0,ETH-28JUN19-330-C,307.43,82.69,0.02,240.0,0.032,1.0,108.5,0.14901,-1.38879,0.01681,0.00869,0.36731
311.79,ETH-28JUN19,1561201140952,open,0.0,1541.0,0.001,0.04,0.0,110.44,0.001,0.0,ETH-28JUN19-80-P,307.43,0.0,0.0,0.0,0.001,114.0,462.72,0.0,0.0,0.0,0.0,0.0
311.79,ETH-28JUN19,1561201140952,open,0.0,7787.0,0.001,0.04,0.0,110.44,0.001,0.0,ETH-28JUN19-150-P,307.43,0.0,0.0,0.0,0.001,619.0,258.27,0.0,0.0,0.0,0.0,0.0
322.5,ETH-27SEP19,1561201140952,open,0.63,47.0,0.593,0.672,0.632389,105.91,0.564,0.0,ETH-27SEP19-120-C,307.43,0.0,0.0,0.0,0.65,2.0,151.53,0.07546,-0.04125,0.29878,0.00026,0.98145
311.79,ETH-28JUN19,1561201140952,open,0.39,553.0,0.351,0.43,0.390621,110.44,0.28,0.0,ETH-28JUN19-190-C,307.43,0.0,0.002,10.0,0.0,0.0,0.0,0.00024,-0.00224,0.03058,1e-05,0.99984
311.79,ETH-28JUN19,1561201140952,open,0.0,4769.0,0.001,0.04,0.0,110.44,0.001,0.0,ETH-28JUN19-120-P,307.43,0.0,0.0,0.0,0.001,199.0,330.48,0.0,0.0,0.0,0.0,0.0
311.79,ETH-28JUN19,1561201140952,open,0.16,0.0,0.113,0.204,0.158622,105.19,None,0.0,ETH-05JUL19-350-P,307.43,0.0,0.0,0.0,0.0,0.0,0.0,0.20756,-0.84781,-0.09297,0.00575,-0.68665
322.5,ETH-27SEP19,1561201140952,open,0.33,2210.0,0.295,0.374,0.334491,101.23,0.23,0.0,ETH-27SEP19-240-C,307.43,0.0,0.2,1.0,0.35,3.0,111.74,0.47074,-0.24596,0.395,0.00168,0.79597
311.79,ETH-28JUN19,1561201140952,open,0.29,1722.0,0.255,0.334,0.294641,110.44,0.194,0.0,ETH-28JUN19-220-C,307.43,0.0,0.0,0.0,0.3,1.0,182.55,0.00598,-0.0562,0.03514,0.00035,0.99474
311.79,ETH-28JUN19,1561201140952,open,0.0,4695.0,0.001,0.04,0.0,110.44,0.001,0.0,ETH-28JUN19-110-P,307.43,0.0,0.0,0.0,0.002,100.0,395.28,0.0,0.0,0.0,0.0,0.0
311.79,ETH-28JUN19,1561201140953,open,0.0,6066.0,0.001,0.042,0.002315,109.79,0.003,0.0,ETH-28JUN19-400-C,307.43,0.0,0.0,0.0,0.003,300.0,115.29,0.03603,-0.33662,0.00203,0.0021,0.04283
311.79,ETH-28JUN19,1561201140953,open,0.0,6504.0,0.001,0.041,0.00144,109.98,0.002,0.0,ETH-28JUN19-240-P,307.43,0.0,0.0,0.0,0.004,400.0,134.11,0.0238,-0.22272,-0.00137,0.00138,-0.02588
322.51,ETH-27SEP19,1561201140953,open,0.57,191.0,0.534,0.613,0.57368,101.2,0.5,0.0,ETH-27SEP19-140-C,307.43,0.0,0.01,50.0,0.0,0.0,0.0,0.11726,-0.06124,0.33809,0.00042,0.96865
311.79,ETH-28JUN19,1561201140953,open,0.14,149.0,0.105,0.184,0.144043,109.39,0.082,0.0,ETH-28JUN19-270-C,307.43,0.0,0.009,1.0,0.209,1.0,279.85,0.08559,-0.79668,0.03622,0.005,0.8657
311.79,ETH-28JUN19,1561201140953,open,0.0,24.0,0.001,0.043,0.00298,109.68,0.002,0.0,ETH-28JUN19-250-P,307.43,89.53,0.001,308.0,0.006,400.0,129.07,0.04001,-0.37343,-0.0026,0.00233,-0.04879
322.51,ETH-27SEP19,1561201140953,open,0.69,12.0,0.618,0.752,0.684626,106.57,1.193,0.0,ETH-27SEP19-520-P,307.43,0.0,0.0,0.0,0.0,0.0,0.0,0.55513,-0.30534,-1.20599,0.00189,-0.72426
311.79,ETH-28JUN19,1561201140953,open,0.0,3084.0,0.001,0.04,0.0,110.44,0.001,0.0,ETH-28JUN19-100-P,307.43,0.0,0.0,0.0,0.002,100.0,429.18,0.0,0.0,0.0,0.0,0.0
322.51,ETH-27SEP19,1561201140953,open,0.81,0.0,0.775,0.854,0.814059,109.9,0.01,0.0,ETH-27SEP19-60-C,307.43,0.0,0.003,10.0,0.0,0.0,0.0,0.00333,-0.00189,0.15867,1e-05,0.99943
311.79,ETH-28JUN19,1561201140953,open,0.0,7876.0,0.001,0.04,0.0,110.44,0.001,0.0,ETH-28JUN19-170-P,307.43,0.0,0.0,0.0,0.001,300.0,217.68,1e-05,-5e-05,0.0,0.0,-1e-05
322.51,ETH-27SEP19,1561201140953,open,0.16,112.0,0.119,0.211,0.164917,100.92,0.157,0.0,ETH-27SEP19-300-P,307.43,95.17,0.154,110.0,0.166,1.0,101.49,0.6121,-0.31882,-0.4364,0.0022,-0.3449
311.8,ETH-28JUN19,1561201140953,open,0.0,8702.0,0.001,0.04,1e-06,110.45,0.001,0.0,ETH-28JUN19-180-P,307.43,0.0,0.0,0.0,0.001,400.0,199.08,5e-05,-0.00034,0.0,0.0,-3e-05
311.8,ETH-28JUN19,1561201140953,open,0.0,2027.0,0.001,0.04,0.0,110.45,0.001,0.0,ETH-28JUN19-90-P,307.43,0.0,0.0,0.0,0.02,100.0,500.0,0.0,0.0,0.0,0.0,0.0
311.8,ETH-28JUN19,1561201140952,open,0.09,0.0,0.05,0.137,0.093554,105.18,None,0.0,ETH-05JUL19-320-P,307.43,68.27,0.066,180.0,0.111,180.0,128.47,0.2335,-0.95376,-0.06672,0.00647,-0.51301
311.8,ETH-28JUN19,1561201140953,open,0.04,771.0,0.001,0.078,0.037407,109.33,0.033,0.0,ETH-28JUN19-300-P,307.43,87.29,0.027,240.0,0.041,2.0,116.85,0.14858,-1.3823,-0.02015,0.00868,-0.36412
311.8,ETH-28JUN19,1561201140954,open,0.29,0.0,0.234,0.336,0.285229,110.14,0.463,0.0,ETH-28JUN19-400-P,307.43,0.0,0.0,0.0,0.487,1.0,500.0,0.0364,-0.34118,-0.06233,0.00211,-0.95662
322.51,ETH-27SEP19,1561201140954,open,0.0,1814.0,0.001,0.04,0.000579,109.15,0.002,0.0,ETH-27SEP19-80-P,307.43,0.0,0.0,0.0,0.0,0.0,0.0,0.01469,-0.00827,-0.00297,5e-05,-0.00289
311.8,ETH-28JUN19,1561201140952,open,0.0,0.554,0.683,0.618619,109.88,None,0.0,ETH-26JUL19-500-P,307.43,0.0,0.0,0.0,0.0,0.0,0.0,0.17492,-0.28368,-0.43748,0.00176,-0.89315
311.8,ETH-28JUN19,1561201140954,open,0.52,481.0,0.479,0.558,0.518907,0.0,0.46,0.0,ETH-28JUN19-150-C,307.43,0.0,0.01,100.0,0.0,0.0,0.0,0.0,0.0,0.02415,0.0,1.0
311.8,ETH-28JUN19,1561201140954,open,0.36,2185.0,0.319,0.398,0.358566,95.11,0.27,0.0,ETH-28JUN19-200-C,307.43,0.0,0.002,15.0,0.4,35.0,398.25,0.00014,-0.00117,0.03219,1e-05,0.99991
322.51,ETH-27SEP19,1561201140954,open,0.92,27.0,0.835,0.987,0.911054,108.99,1.519,0.0,ETH-27SEP19-600-P,307.43,0.0,0.0,0.0,0.0,0.0,0.0,0.4717,-0.26534,-1.46059,0.00157,-0.79528
311.8,ETH-28JUN19,1561201140952,open,0.11,0.0,0.069,0.158,0.113482,105.2,None,0.0,ETH-05JUL19-330-P,307.43,64.15,0.084,180.0,0.133,180.0,131.53,0.22952,-0.93763,-0.07569,0.00636,-0.57469
311.8,ETH-28JUN19,1561201140954,open,0.0,7937.0,0.001,0.04,6e-06,110.45,0.001,0.0,ETH-28JUN19-190-P,307.43,0.0,0.0,0.0,0.001,200.0,181.41,0.00024,-0.00173,-1e-05,1e-05,-0.00016
322.51,ETH-27SEP19,1561201140954,open,0.46,743.0,0.428,0.507,0.467082,101.22,0.337,0.0,ETH-27SEP19-180-C,307.43,0.0,0.222,100.0,0.61,9.0,235.1,0.2561,-0.13379,0.38433,0.00092,0.91607
322.51,ETH-27SEP19,1561201140954,open,0.52,395.0,0.479,0.558,0.51874,101.21,0.5,0.0,ETH-27SEP19-160-C,307.43,0.0,0.1,10.0,0.7,5.0,295.85,0.18281,-0.09549,0.36552,0.00065,0.94576
311.8,ETH-28JUN19,1561201140952,open,0.34,0.0,0.28,0.385,0.33251,109.69,None,0.0,ETH-26JUL19-400-P,307.43,0.0,0.0,0.0,0.0,0.0,0.0,0.32059,-0.51903,-0.30414,0.00324,-0.71849
322.51,ETH-27SEP19,1561201140954,open,0.0,8150.0,0.001,0.044,0.004482,105.92,0.003,0.0,ETH-27SEP19-120-P,307.43,98.82,0.003,60.0,0.006,60.0,111.86,0.07546,-0.04125,-0.01972,0.00026,-0.01855
322.51,ETH-27SEP19,1561201140954,open,0.75,0.0,0.713,0.792,0.752517,108.98,None,0.0,ETH-27SEP19-80-C,307.43,0.0,0.003,10.0,0.0,0.0,0.0,0.01455,-0.00818,0.2094,5e-05,0.99714
311.8,ETH-28JUN19,1561201140952,open,0.26,0.0,0.227,0.306,0.266863,105.17,None,0.0,ETH-05JUL19-230-C,307.43,0.0,0.0,0.0,0.0,0.0,0.0,0.06096,-0.24897,0.07507,0.00169,0.94941
311.8,ETH-28JUN19,1561201140952,open,0.04,11.0,0.005,0.084,0.044749,105.16,0.049,0.0,ETH-05JUL19-340-C,307.43,79.3,0.027,240.0,0.059,240.0,125.02,0.22054,-0.9006,0.03545,0.00612,0.36707
322.51,ETH-27SEP19,1561201140955,open,0.69,0.0,0.652,0.731,0.691983,109.08,None,0.0,ETH-27SEP19-100-C,307.43,0.0,0.003,10.0,0.0,0.0,0.0,0.04047,-0.02278,0.25593,0.00013,0.99098
311.8,ETH-28JUN19,1561201140955,open,0.12,0.0,0.07,0.158,0.11401,109.59,None,0.0,ETH-28JUN19-340-P,307.43,74.32,0.1,60.0,0.129,60.0,142.6,0.13543,-1.26298,-0.04136,0.0079,-0.70993
322.51,ETH-27SEP19,1561201140955,open,0.06,764.0,0.021,0.1,0.060485,107.96,0.052,0.0,ETH-27SEP19-560-C,307.43,97.07,0.044,48.0,0.077,48.0,117.94,0.51369,-0.28623,0.15161,0.00172,0.2376
311.8,ETH-28JUN19,1561201140952,open,0.29,0.0,0.258,0.337,0.297048,105.59,None,0.0,ETH-05JUL19-220-C,307.43,0.0,0.0,0.0,0.0,0.0,0.0,0.04161,-0.17061,0.07384,0.00115,0.96839
311.8,ETH-28JUN19,1561201140953,open,0.23,0.0,0.183,0.281,0.232006,108.74,None,0.0,ETH-26JUL19-360-P,307.43,64.4,0.183,144.0,0.246,144.0,120.58,0.36556,-0.58671,-0.24243,0.00373,-0.60576
311.8,ETH-28JUN19,1561201140953,open,0.06,889.0,0.022,0.101,0.061904,109.09,0.079,0.0,ETH-26JUL19-380-C,307.43,102.8,0.055,150.0,0.079,192.0,124.21,0.34563,-0.5565,0.07872,0.00351,0.33394
311.8,ETH-28JUN19,1561201140954,open,0.42,0.0,0.387,0.466,0.426904,104.9,None,0.0,ETH-26JUL19-180-C,307.43,0.0,0.0,0.0,0.0,0.0,0.0,0.06486,-0.10043,0.15713,0.00069,0.96987
311.8,ETH-28JUN19,1561201140954,open,0.26,658.0,0.221,0.3,0.260416,101.94,0.222,0.0,ETH-26JUL19-240-C,307.43,0.0,0.2,1.0,0.4,20.0,258.4,0.23031,-0.34654,0.16797,0.0025,0.84086
311.8,ETH-28JUN19,1561201140955,open,0.55,335.0,0.511,0.59,0.55098,0.0,0.481,0.0,ETH-28JUN19-140-C,307.43,0.0,0.01,100.0,0.99,1.0,500.0,0.0,0.0,0.02254,0.0,1.0
311.8,ETH-28JUN19,1561201140956,open,0.01,6282.0,0.001,0.051,0.011625,109.51,0.008,0.0,ETH-28JUN19-360-C,307.43,85.39,0.005,300.0,0.01,5.0,104.26,0.09907,-0.92324,0.00781,0.00578,0.16726
311.8,ETH-28JUN19,1561201140952,open,0.06,21.0,0.028,0.107,0.067222,105.14,0.071,0.0,ETH-05JUL19-320-C,307.43,74.06,0.044,180.0,0.085,180.0,128.87,0.2335,-0.95336,0.04617,0.00648,0.48695
311.8,ETH-28JUN19,1561201140952,open,0.02,270.0,0.001,0.065,0.024942,105.17,0.036,0.0,ETH-05JUL19-270-P,307.43,78.65,0.012,240.0,0.031,240.0,116.28,0.1659,-0.67758,-0.02518,0.0046,-0.20399
311.8,ETH-28JUN19,1561201140954,open,0.11,305.0,0.059,0.147,0.103117,101.98,0.118,0.0,ETH-26JUL19-300-P,307.43,89.91,0.089,120.0,0.117,192.0,113.87,0.36443,-0.54857,-0.14268,0.00396,-0.38992
311.8,ETH-28JUN19,1561201140952,open,0.03,35.0,0.001,0.075,0.034428,105.17,0.045,0.0,ETH-05JUL19-280-P,307.43,76.74,0.018,240.0,0.042,240.0,117.42,0.18995,-0.7758,-0.03238,0.00527,-0.26
311.8,ETH-28JUN19,1561201140967,open,0.0,5456.0,0.001,0.04,8.2e-05,110.45,0.001,0.0,ETH-28JUN19-210-P,307.43,0.0,0.0,0.0,0.002,400.0,165.7,0.00242,-0.02275,-0.0001,0.00014,-0.00192
311.8,ETH-28JUN19,1561201141695,open,0.05,1.0,0.016,0.095,0.055089,105.17,0.059,0.0,ETH-05JUL19-330-C,307.43,77.51,0.035,180.0,0.071,180.0,126.66,0.22952,-0.93734,0.04072,0.00636,0.42526
11041.2,BTC-28JUN19,1561201141942,open,0.04,39.5,0.0005,0.0735,0.03255138,108.51,0.034,0.0,BTC-28JUN19-10500-P,10912.41,105.14,0.031,3.0,0.037,24.0,118.12,5.08665,-46.97122,-0.64829,0.00024,-0.33219
11375.94,BTC-27SEP19,1561201141942,open,0.06,268.1,0.0215,0.101,0.06136726,109.89,0.057,0.0,BTC-27SEP19-20000-C,10912.41,108.08,0.0585,4.9,0.069,4.9,114.59,18.1256,-10.28036,5.3255,5e-05,0.23775
11041.33,BTC-28JUN19,1561201141945,open,0.07,31.1,0.011,0.0945,0.05260583,107.87,0.0535,0.0,BTC-28JUN19-11000-P,10912.41,101.71,0.0495,18.0,0.0585,18.0,119.57,5.56314,-51.06745,-0.91436,0.00026,-0.46183
11041.33,BTC-28JUN19,1561201141942,open,0.04,102.0,0.0005,0.0705,0.02972837,101.35,0.039,0.0,BTC-26JUL19-8500-P,10912.41,96.89,0.0265,24.0,0.0325,24.0,105.07,8.12634,-12.15615,-1.92654,7e-05,-0.15827
11375.94,BTC-27SEP19,1561201141944,open,0.62,6.5,0.5845,0.664,0.62424284,99.8,0.54,0.0,BTC-27DEC19-4500-C,10912.41,0.0,0.251,2.0,0.664,3.0,143.19,8.3014,-2.20484,19.12528,1e-05,0.95086
11041.33,BTC-28JUN19,1561201141948,open,0.02,902.9,0.0005,0.0645,0.02453533,109.75,0.025,0.0,BTC-28JUN19-12000-C,10912.41,103.93,0.022,24.0,0.027,2.0,115.3,4.86076,-45.39555,0.48719,0.00023,0.29864
11376.07,BTC-27SEP19,1561201141949,open,0.65,231.1,0.613,0.6925,0.65274586,110.94,0.61,0.0,BTC-27SEP19-4000-C,10912.41,0.0,0.111,2.0,0.7635,5.0,299.24,2.50034,-1.43173,9.96438,1e-05,0.98276
11041.33,BTC-28JUN19,1561201141949,open,0.3,174.1,0.281,0.3605,0.32084571,111.63,0.287,0.0,BTC-28JUN19-7500-C,10912.41,0.0,0.054,0.1,0.4145,0.1,500.0,0.11047,-1.04939,1.20261,1e-05,0.99746
11376.07,BTC-27SEP19,1561201141943,open,0.78,0.0,0.744,0.8235,0.7838486,109.76,None,0.0,BTC-27DEC19-2500-C,10912.41,0.0,0.013,3.0,0.8235,3.0,200.98,2.21856,-0.64808,12.05799,0.0,0.98977
11376.07,BTC-27SEP19,1561201141948,open,2.29,1.3,2.0795,2.3355,2.20742022,110.16,2.889,0.0,BTC-27DEC19-36000-P,10912.41,0.0,0.0,0.0,0.0,0.0,0.0,18.51613,-5.42824,-179.38086,3e-05,-0.856
322.51,ETH-27SEP19,1561201141961,open,0.2,1691.0,0.169,0.248,0.208191,100.9,0.196,0.0,ETH-27SEP19-320-C,307.43,94.76,0.196,110.0,0.217,10.0,105.36,0.63826,-0.3324,0.34251,0.00229,0.60832
311.8,ETH-28JUN19,1561201141966,open,0.03,38.0,0.001,0.071,0.03016,101.97,0.036,0.0,ETH-26JUL19-240-P,307.43,93.37,0.024,20.0,0.037,240.0,110.98,0.23035,-0.34669,-0.05479,0.0025,-0.15918
311.8,ETH-28JUN19,1561201141974,open,0.74,0.0,0.704,0.783,0.743417,0.0,None,0.0,ETH-28JUN19-80-C,307.43,0.0,0.002,5.0,0.0,0.0,0.0,0.0,0.0,0.01288,0.0,1.0
311.8,ETH-28JUN19,1561201141974,open,0.0,649.0,0.001,0.04,5e-05,110.44,0.001,0.0,ETH-28JUN19-480-C,307.43,0.0,0.0,0.0,0.001,201.0,151.05,0.00171,-0.01561,6e-05,0.0001,0.00131
311.8,ETH-28JUN19,1561201141974,open,0.36,0.0,0.328,0.407,0.367239,102.55,None,0.0,ETH-26JUL19-200-C,307.43,0.0,0.0,0.0,0.0,0.0,0.0,0.10919,-0.16527,0.16652,0.00118,0.94267
311.8,ETH-28JUN19,1561201141976,open,0.65,214.0,0.608,0.687,0.64721,110.02,0.552,0.0,ETH-28JUN19-110-C,307.43,0.0,0.0,0.0,0.0,0.0,0.0,0.0,0.0,0.01771,0.0,1.0
311.8,ETH-28JUN19,1561201141976,open,0.0,1389.0,0.001,0.04,0.000637,110.45,0.001,0.0,ETH-28JUN19-230-P,307.43,0.0,0.0,0.0,0.003,401.0,142.97,0.0128,-0.1203,-0.00066,0.00074,-0.0125
322.51,ETH-27SEP19,1561201141976,open,0.06,2646.0,0.015,0.099,0.057015,101.23,0.055,0.0,ETH-27SEP19-220-P,307.43,93.91,0.048,140.0,0.055,1.0,99.62,0.40437,-0.21128,-0.18582,0.00145,-0.16006
322.51,ETH-27SEP19,1561201142002,open,0.26,2050.0,0.225,0.304,0.264895,101.22,0.272,0.0,ETH-27SEP19-280-C,307.43,98.48,0.26,1.0,0.38,50.0,166.52,0.57545,-0.30063,0.37464,0.00206,0.70256
311.8,ETH-28JUN19,1561201142002,open,0.09,1557.0,0.053,0.132,0.092006,104.68,0.103,0.0,ETH-26JUL19-340-C,307.43,102.19,0.089,150.0,0.12,144.0,127.78,0.37658,-0.58186,0.10516,0.00399,0.4554
311.8,ETH-28JUN19,1561201142036,open,0.71,0.0,0.672,0.751,0.711344,0.0,None,0.0,ETH-28JUN19-90-C,307.43,0.0,0.0,0.0,0.0,0.0,0.0,0.0,0.0,0.01449,0.0,1.0
322.51,ETH-27SEP19,1561201142039,open,0.0,4116.0,0.001,0.042,0.002061,109.15,0.004,0.0,ETH-27SEP19-100-P,307.43,108.67,0.002,10.0,0.004,60.0,121.49,0.04059,-0.02286,-0.00951,0.00013,-0.00905
311.8,ETH-28JUN19,1561201142039,open,0.05,947.0,0.007,0.09,0.048724,101.97,0.053,0.0,ETH-26JUL19-260-P,307.43,91.25,0.039,120.0,0.058,192.0,111.87,0.28815,-0.43369,-0.08054,0.00313,-0.2296
311.8,ETH-28JUN19,1561201142041,open,0.14,243.0,0.094,0.184,0.138641,101.97,0.176,0.0,ETH-26JUL19-320-P,307.43,89.08,0.123,120.0,0.155,144.0,115.48,0.37798,-0.56889,-0.17653,0.00411,-0.4714
311.8,ETH-28JUN19,1561201142043,open,0.0,5711.0,0.001,0.04,0.0,110.45,0.001,0.0,ETH-28JUN19-160-P,307.43,0.0,0.0,0.0,0.001,110.0,237.37,0.0,-1e-05,0.0,0.0,0.0
311.8,ETH-28JUN19,1561201142045,open,0.55,60.0,0.478,0.601,0.539548,117.21,0.757,0.0,ETH-28JUN19-480-P,307.43,0.0,0.0,0.0,0.0,0.0,0.0,0.00291,-0.02898,-0.07716,0.00016,-0.99765
311.8,ETH-28JUN19,1561201142045,open,0.1,1.0,0.048,0.134,0.090896,109.58,0.107,0.0,ETH-28JUN19-330-P,307.43,79.6,0.077,180.0,0.104,181.0,136.56,0.14903,-1.38965,-0.03631,0.00869,-0.63252
311.8,ETH-28JUN19,1561201142072,open,0.0,270.0,0.001,0.042,0.001998,109.42,0.003,0.0,ETH-26JUL19-160-P,307.43,98.86,0.001,150.0,0.004,240.0,123.17,0.03613,-0.05835,-0.00494,0.00037,-0.01508
311.8,ETH-28JUN19,1561201142093,open,0.01,403.0,0.001,0.049,0.008676,102.55,0.012,0.0,ETH-26JUL19-200-P,307.43,90.61,0.005,390.0,0.013,240.0,113.73,0.10919,-0.16527,-0.0191,0.00118,-0.05733
311.8,ETH-28JUN19,1561201142110,open,0.07,5537.0,0.036,0.115,0.075238,109.3,0.075,0.0,ETH-28JUN19-300-C,307.43,72.44,0.058,180.0,0.075,115.0,108.8,0.14857,-1.38191,0.02814,0.00869,0.6359
322.51,ETH-27SEP19,1561201142110,open,0.01,7525.0,0.001,0.048,0.007789,101.24,0.01,0.0,ETH-27SEP19-140-P,307.43,92.65,0.005,1.0,0.01,60.0,106.92,0.11736,-0.06132,-0.03353,0.00042,-0.03139
311.8,ETH-28JUN19,1561201142110,open,0.31,20.0,0.272,0.351,0.311409,101.98,0.237,0.0,ETH-26JUL19-220-C,307.43,0.0,0.0,0.0,0.0,0.0,0.0,0.1675,-0.25212,0.17014,0.00182,0.89935
311.8,ETH-28JUN19,1561201142123,open,0.01,2733.0,0.001,0.045,0.005655,109.41,0.005,0.0,ETH-28JUN19-260-P,307.43,93.85,0.003,300.0,0.008,100.0,120.47,0.06106,-0.56846,-0.0045,0.00357,-0.08407
311.8,ETH-28JUN19,1561201142123,open,0.12,2141.0,0.079,0.158,0.118454,109.31,0.115,0.0,ETH-28JUN19-280-C,307.43,0.0,0.02,20.0,0.118,400.0,108.03,0.11044,-1.02732,0.03426,0.00646,0.80094
311.8,ETH-28JUN19,1561201142123,open,0.01,188.0,0.001,0.05,0.010005,109.39,0.011,0.0,ETH-28JUN19-270-P,307.43,93.42,0.006,300.0,0.013,100.0,119.8,0.08557,-0.79649,-0.00724,0.005,-0.13425
322.51,ETH-27SEP19,1561201142129,open,0.58,0.0,0.516,0.641,0.578195,106.57,None,0.0,ETH-27SEP19-480-P,307.43,0.0,0.0,0.0,0.0,0.0,0.0,0.59908,-0.3295,-1.07149,0.00204,-0.67357
311.8,ETH-28JUN19,1561201142131,open,0.0,5105.0,0.001,0.04,0.000244,110.45,0.002,0.0,ETH-28JUN19-220-P,307.43,0.0,0.0,0.0,0.002,100.0,148.78,0.00598,-0.0562,-0.00028,0.00035,-0.00525
311.8,ETH-28JUN19,1561201142131,open,0.42,0.0,0.356,0.468,0.411585,111.92,0.61,0.0,ETH-28JUN19-440-P,307.43,0.0,0.0,0.0,0.586,1.0,500.0,0.00987,-0.09403,-0.07039,0.00056,-0.99072
311.8,ETH-28JUN19,1561201142131,open,0.21,568.0,0.175,0.254,0.214857,101.97,0.211,0.0,ETH-26JUL19-260-C,307.43,74.59,0.191,120.0,0.225,33.0,112.78,0.28815,-0.43369,0.16076,0.00313,0.7704
311.8,ETH-28JUN19,1561201142447,open,0.0,0.0,0.001,0.042,0.00265,105.75,None,0.0,ETH-05JUL19-220-P,307.43,0.0,0.0,0.0,0.006,400.0,125.27,0.04181,-0.17168,-0.00379,0.00115,-0.03179
11041.31,BTC-28JUN19,1561201142941,open,0.1,1357.1,0.073,0.1525,0.11280132,109.6,0.111,0.0,BTC-28JUN19-10000-C,10912.43,88.85,0.1055,0.1,0.115,10.8,115.42,4.11685,-38.3966,1.19096,0.00019,0.78286
11376.03,BTC-27SEP19,1561201142941,open,0.6,289.7,0.572,0.6515,0.61164731,109.51,0.51,0.0,BTC-27SEP19-4500-C,10912.43,0.0,0.0005,20.0,0.7435,5.0,298.83,3.65963,-2.06853,10.90873,1e-05,0.97294
311.8,ETH-28JUN19,1561201142940,open,0.0,0.0,0.001,0.044,0.004537,105.28,None,0.0,ETH-05JUL19-230-P,307.43,0.0,0.0,0.0,0.008,300.0,120.46,0.06111,-0.24986,-0.00608,0.00169,-0.05074
11041.31,BTC-28JUN19,1561201142941,open,0.0,990.2,0.0005,0.04,0.0,112.29,0.0005,0.0,BTC-28JUN19-5000-P,10912.43,0.0,0.0,0.0,0.001,10.0,277.85,0.0,0.0,0.0,0.0,0.0
11041.31,BTC-28JUN19,1561201142941,open,0.7,0.1,0.666,0.7455,0.70564794,0.0,0.395,0.0,BTC-28JUN19-3250-C,10912.43,0.0,0.0015,1.0,0.0,0.0,0.0,0.0,0.0,0.52318,0.0,1.0
11041.31,BTC-28JUN19,1561201142941,open,0.0,94.5,0.0005,0.04,0.0,112.29,0.0005,0.0,BTC-28JUN19-3250-P,10912.43,0.0,0.0,0.0,0.001,10.0,417.68,0.0,0.0,0.0,0.0,0.0
11376.03,BTC-27SEP19,1561201142941,open,0.56,793.4,0.532,0.6115,0.57179889,108.57,0.361,0.0,BTC-27SEP19-5000-C,10912.43,0.0,0.56,1.0,0.5965,0.1,150.07,5.06226,-2.8368,11.71764,1e-05,0.95988
11041.31,BTC-28JUN19,1561201142941,open,0.0,318.6,0.0005,0.04,0.0,112.29,0.0015,0.0,BTC-28JUN19-4750-P,10912.43,0.0,0.0,0.0,0.001,10.0,294.44,0.0,0.0,0.0,0.0,0.0
11041.31,BTC-28JUN19,1561201142941,open,0.0,40.4,0.0005,0.0405,0.00087245,111.34,0.0005,0.0,BTC-28JUN19-8250-P,10912.43,0.0,0.0,0.0,0.0025,10.0,133.1,0.57375,-5.43599,-0.03076,3e-05,-0.01643
11376.03,BTC-27SEP19,1561201142941,open,0.11,53.1,0.058,0.1455,0.10178179,103.86,0.097,0.0,BTC-27SEP19-9000-P,10912.43,100.87,0.097,5.7,0.1065,4.9,106.8,18.23108,-9.77242,-10.32807,5e-05,-0.24028
11376.03,BTC-27SEP19,1561201142941,open,0.05,198.1,0.0005,0.082,0.04077413,103.96,0.0365,0.0,BTC-27SEP19-7000-P,10912.43,100.75,0.0375,6.0,0.044,5.0,107.06,11.73111,-6.29453,-4.85752,3e-05,-0.12011
11041.31,BTC-28JUN19,1561201142942,open,0.0,976.2,0.0005,0.0405,0.00093093,112.29,0.0025,0.0,BTC-28JUN19-15000-C,10912.43,120.59,0.0015,5.0,0.003,1.0,135.65,0.6432,-6.14609,0.03174,3e-05,0.01879
11041.31,BTC-28JUN19,1561201142941,open,0.24,0.0,0.214,0.2935,0.25367106,111.19,None,0.0,BTC-28JUN19-8250-C,10912.43,0.0,0.0,0.0,0.334,0.2,414.84,0.57061,-5.39922,1.29751,3e-05,0.98367
11041.31,BTC-28JUN19,1561201142942,open,0.0,850.0,0.0005,0.04,0.0,112.29,0.0005,0.0,BTC-28JUN19-3000-P,10912.43,0.0,0.0,0.0,0.001,10.0,443.9,0.0,0.0,0.0,0.0,0.0
11376.03,BTC-27SEP19,1561201142941,open,0.05,308.1,0.0075,0.087,0.04731292,110.69,0.054,0.0,BTC-27SEP19-22000-C,10912.43,110.11,0.0465,4.9,0.055,4.9,116.01,15.99499,-9.1383,4.36182,4e-05,0.19178
11041.31,BTC-28JUN19,1561201142942,open,0.0,538.3,0.0005,0.04,0.0,112.29,0.0005,0.0,BTC-28JUN19-4000-P,10912.43,0.0,0.0,0.0,0.0005,12.1,321.49,0.0,0.0,0.0,0.0,0.0
11041.31,BTC-28JUN19,1561201142942,open,0.0,489.1,0.0005,0.0415,0.00154114,111.24,0.002,0.0,BTC-28JUN19-8500-P,10912.43,93.48,0.0005,26.2,0.0025,76.0,121.62,0.87818,-8.31309,-0.05106,4e-05,-0.02718
11376.03,BTC-27SEP19,1561201142942,open,0.0,419.5,0.0005,0.04,8.787e-05,112.29,0.001,0.0,BTC-27SEP19-2000-P,10912.43,0.0,0.0,0.0,0.001,3.6,144.99,0.10293,-0.05965,-0.01756,0.0,-0.00049
11376.03,BTC-27SEP19,1561201142942,open,0.78,55.9,0.741,0.8205,0.78059849,112.23,0.689,0.0,BTC-27SEP19-2500-C,10912.43,0.0,0.0045,10.0,0.9475,5.0,500.0,0.33925,-0.19652,6.56986,0.0,0.99819
11041.31,BTC-28JUN19,1561201142942,open,0.15,10.5,0.1285,0.208,0.16835895,109.58,0.15,0.0,BTC-28JUN19-9250-C,10912.43,0.0,0.0,0.0,0.2315,0.1,293.07,2.26895,-21.15835,1.31876,0.00011,0.91032
11041.31,BTC-28JUN19,1561201142942,open,0.0,1868.1,0.0005,0.04,2.1e-07,112.29,0.0005,0.0,BTC-28JUN19-6000-P,10912.43,0.0,0.0,0.0,0.001,10.0,218.77,0.00043,-0.0023,-1e-05,0.0,-1e-05
11376.03,BTC-27SEP19,1561201142943,open,0.35,906.9,0.3245,0.404,0.36420533,103.85,0.35,0.0,BTC-27SEP19-8000-C,10912.43,82.94,0.3375,5.0,0.38,5.2,115.44,15.23509,-8.16614,13.84231,4e-05,0.82266
11041.31,BTC-28JUN19,1561201142942,open,0.56,97.1,0.53,0.6095,0.5697982,164.17,0.485,0.0,BTC-28JUN19-4750-C,10912.43,0.0,0.0,0.0,0.0,0.0,0.0,0.001,-0.014,0.76461,0.0,0.99998
11041.31,BTC-28JUN19,1561201142943,open,0.58,216.2,0.5525,0.632,0.5924404,173.89,0.508,0.0,BTC-28JUN19-4500-C,10912.43,0.0,0.4,1.0,0.0,0.0,0.0,0.0009,-0.01337,0.72437,0.0,0.99999
11041.31,BTC-28JUN19,1561201142944,open,0.02,204.0,0.0005,0.0495,0.009175,109.62,0.008,0.0,BTC-28JUN19-9500-P,10912.43,102.96,0.0075,2.0,0.0095,10.0,110.86,2.88302,-26.8932,-0.2384,0.00013,-0.12495
11041.31,BTC-28JUN19,1561201142943,open,0.07,350.3,0.042,0.1215,0.08157488,108.52,0.0845,0.0,BTC-28JUN19-10500-C,10912.43,98.52,0.077,18.0,0.085,4.4,115.92,5.08656,-46.97152,1.04202,0.00024,0.66783
11376.03,BTC-27SEP19,1561201142941,open,0.4,206.7,0.3665,0.446,0.40632922,96.33,0.3325,0.0,BTC-27DEC19-8000-C,10912.43,84.19,0.3825,5.0,0.4385,5.0,112.4,22.5921,-5.79168,23.26941,4e-05,0.80372
11041.31,BTC-28JUN19,1561201142944,open,0.0,133.4,0.0005,0.04,0.0,112.29,0.0005,0.0,BTC-28JUN19-3750-P,10912.43,0.0,0.0,0.0,0.003,10.0,435.59,0.0,0.0,0.0,0.0,0.0
11041.33,BTC-28JUN19,1561201142944,open,0.0,520.6,0.0005,0.04,0.0,112.29,0.0005,0.0,BTC-28JUN19-2000-P,10912.43,0.0,0.0,0.0,0.001,14.8,500.0,0.0,0.0,0.0,0.0,0.0
11041.33,BTC-28JUN19,1561201142941,open,0.04,21.4,0.0005,0.077,0.03740363,110.71,0.04,0.0,BTC-05JUL19-12500-C,10912.43,112.35,0.0385,24.0,0.0505,24.0,129.94,7.32714,-31.49929,1.06593,0.00015,0.31107
11041.33,BTC-28JUN19,1561201142945,open,0.0,884.7,0.0005,0.04,1e-08,112.29,0.0005,0.0,BTC-28JUN19-5500-P,10912.43,0.0,0.0,0.0,0.001,10.0,247.0,3e-05,-0.00011,0.0,0.0,0.0
11376.03,BTC-27SEP19,1561201142943,open,0.13,216.7,0.1005,0.18,0.14001325,100.83,0.1475,0.0,BTC-27DEC19-18000-C,10912.43,98.28,0.133,7.0,0.148,1.0,103.72,31.37278,-8.41875,14.78917,5e-05,0.39258
11376.03,BTC-27SEP19,1561201142941,open,0.0,87.9,0.0005,0.0415,0.00161337,111.06,0.0055,0.0,BTC-27DEC19-2000-P,10912.43,95.76,0.0005,5.0,0.0055,6.0,135.6,1.16721,-0.34498,-0.38365,0.0,-0.00494
11376.03,BTC-27SEP19,1561201142941,open,0.04,80.0,0.0005,0.0775,0.03615248,97.49,0.036,0.0,BTC-27DEC19-5500-P,10912.43,94.56,0.033,16.0,0.041,16.0,101.85,12.41343,-3.22084,-6.94507,2e-05,-0.08245
11376.03,BTC-27SEP19,1561201142943,open,0.0,179.7,0.0005,0.0435,0.00361049,109.77,0.0075,0.0,BTC-27DEC19-2500-P,10912.43,95.96,0.0015,1.0,0.0075,6.0,125.63,2.21942,-0.6484,-0.81061,0.0,-0.01023
11041.33,BTC-28JUN19,1561201142941,open,0.1,7.0,0.037,0.123,0.07983809,109.43,0.1055,0.0,BTC-05JUL19-11000-P,10912.43,101.58,0.074,18.0,0.0875,18.0,119.73,8.21279,-34.89956,-2.07085,0.00017,-0.45184
11041.33,BTC-28JUN19,1561201142943,open,0.19,55.0,0.156,0.2355,0.19563509,99.91,0.185,0.0,BTC-26JUL19-9500-C,10912.43,91.06,0.187,7.0,0.22,7.5,124.1,10.89087,-16.06009,5.58774,0.0001,0.74091
11376.03,BTC-27SEP19,1561201142942,open,0.55,56.8,0.513,0.5925,0.55267595,97.49,0.545,0.0,BTC-27DEC19-5500-C,10912.43,41.29,0.517,0.2,0.5915,3.0,129.3,12.41301,-3.22062,21.36541,2e-05,0.91755
11041.33,BTC-28JUN19,1561201142941,open,0.04,25.4,0.0005,0.078,0.03823796,110.39,0.043,0.0,BTC-26JUL19-15000-C,10912.43,111.21,0.039,19.3,0.047,19.3,119.6,10.18281,-16.59124,1.95231,8e-05,0.22875
11041.33,BTC-28JUN19,1561201142942,open,0.35,0.0,0.2685,0.3735,0.32091169,110.21,None,0.0,BTC-26JUL19-14000-P,10912.43,0.0,0.0,0.0,0.0,0.0,0.0,11.60359,-18.87559,-10.51435,9e-05,-0.70513
11376.03,BTC-27SEP19,1561201142942,open,0.74,0.0,0.7025,0.782,0.74246114,106.78,None,0.0,BTC-27DEC19-3000-C,10912.43,0.0,0.0045,10.0,0.782,3.0,180.3,3.42047,-0.97204,14.09182,0.0,0.98312
11376.03,BTC-27SEP19,1561201142943,open,0.08,183.1,0.0375,0.117,0.07722193,105.99,0.0655,0.0,BTC-27DEC19-26000-C,10912.43,103.39,0.0715,5.9,0.083,1.0,108.55,25.36446,-7.15494,9.52343,4e-05,0.23986
11376.03,BTC-27SEP19,1561201142941,open,0.82,0.0,0.786,0.8655,0.82580372,111.05,None,0.0,BTC-27DEC19-2000-C,10912.43,0.0,0.013,3.0,0.8655,3.0,228.86,1.16655,-0.34475,9.91118,0.0,0.99506
11041.33,BTC-28JUN19,1561201142943,open,0.02,115.9,0.0005,0.0545,0.01402789,104.23,0.015,0.0,BTC-26JUL19-7500-P,10912.43,102.01,0.013,1.0,0.0165,24.0,109.3,5.20158,-8.00195,-1.00755,4e-05,-0.08429
11041.33,BTC-28JUN19,1561201142949,open,0.0,1450.2,0.0005,0.04,6.4e-07,112.29,0.001,0.0,BTC-28JUN19-20000-C,10912.43,182.27,0.0005,10.0,0.001,1.0,197.62,0.00126,-0.00702,4e-05,0.0,2e-05
11041.33,BTC-28JUN19,1561201142945,open,0.36,6.8,0.336,0.4155,0.37577292,107.79,0.223,0.0,BTC-26JUL19-7000-C,10912.43,0.0,0.0,0.0,0.0,0.0,0.0,4.02421,-6.40243,5.77852,3e-05,0.93967
11041.33,BTC-28JUN19,1561201142943,open,0.31,0.0,0.2335,0.336,0.28485596,110.13,None,0.0,BTC-26JUL19-13500-P,10912.43,0.0,0.0,0.0,0.0,0.0,0.0,12.22638,-19.87317,-9.75358,0.0001,-0.66695
11041.33,BTC-28JUN19,1561201142945,open,0.24,0.0,0.169,0.266,0.21756947,110.12,0.3325,0.0,BTC-26JUL19-12500-P,10912.43,89.21,0.193,14.4,0.205,14.4,99.5,13.14797,-21.37081,-8.17395,0.00011,-0.58009
11041.33,BTC-28JUN19,1561201143013,open,0.08,23.0,0.0565,0.136,0.09633838,108.67,0.0865,0.0,BTC-28JUN19-10250-C,10912.43,98.2,0.092,6.0,0.0975,3.0,111.42,4.64475,-42.95275,1.12362,0.00022,0.72851
11041.33,BTC-28JUN19,1561201143041,open,0.17,1130.8,0.149,0.2285,0.18884995,109.84,0.1735,0.0,BTC-28JUN19-9000-C,10912.43,0.0,0.016,14.8,0.1985,5.0,154.8,1.71671,-16.04679,1.33117,8e-05,0.93779
311.8,ETH-28JUN19,1561201143041,open,0.11,178.0,0.076,0.155,0.115906,105.15,0.113,0.0,ETH-05JUL19-290-C,307.43,65.07,0.09,1.0,0.117,11.0,106.78,0.20961,-0.85592,0.06197,0.00581,0.6793
11376.05,BTC-27SEP19,1561201143043,open,0.86,42.8,0.8285,0.908,0.8681545,111.43,0.815,0.0,BTC-27SEP19-1500-C,10912.43,0.0,0.0005,10.0,0.0,0.0,0.0,0.01609,-0.00925,3.97883,0.0,0.99993
11376.05,BTC-27SEP19,1561201143043,open,0.04,127.2,0.003,0.0825,0.04285459,110.14,0.0445,0.0,BTC-27DEC19-36000-C,10912.43,109.3,0.0415,6.0,0.0505,6.0,114.66,18.51037,-5.42571,5.91897,3e-05,0.14394
11041.33,BTC-28JUN19,1561201143067,open,0.17,0.0,0.1055,0.1975,0.15146464,104.95,None,0.0,BTC-26JUL19-11500-P,10912.43,91.4,0.135,14.4,0.146,14.4,100.46,13.41216,-20.77675,-6.54273,0.00011,-0.48701
11376.05,BTC-27SEP19,1561201143076,open,0.52,0.0,0.4415,0.561,0.50136924,98.12,None,0.0,BTC-27DEC19-15000-P,10912.43,91.86,0.4835,3.6,0.5035,3.6,98.86,32.53325,-8.49509,-59.59072,5e-05,-0.51631
11376.05,BTC-27SEP19,1561201143109,open,0.76,0.0,0.6535,0.791,0.722282,100.83,None,0.0,BTC-27DEC19-18000-P,10912.43,92.09,0.6985,3.6,0.72,3.6,100.0,31.37276,-8.41864,-77.86187,5e-05,-0.60742
11376.05,BTC-27SEP19,1561201143126,open,0.47,0.0,0.3835,0.4985,0.44110196,107.03,None,0.0,BTC-27SEP19-15000-P,10912.43,102.47,0.432,3.6,0.449,3.6,110.96,22.79226,-12.59042,-31.11253,6e-05,-0.58934
11376.05,BTC-27SEP19,1561201143139,open,0.02,95.2,0.0005,0.0605,0.01981302,99.8,0.018,0.0,BTC-27DEC19-4500-P,10912.43,95.08,0.0165,16.0,0.024,10.0,105.31,8.30115,-2.20475,-4.03728,1e-05,-0.04913
11376.05,BTC-27SEP19,1561201143148,open,0.08,234.2,0.0405,0.12,0.08035194,108.93,0.0865,0.0,BTC-27SEP19-18000-C,10912.43,106.47,0.076,4.9,0.0875,4.9,112.91,20.24108,-11.38007,6.49965,5e-05,0.29562
11041.33,BTC-28JUN19,1561201143148,open,0.81,20.1,0.779,0.8585,0.81886027,0.0,0.578,0.0,BTC-28JUN19-2000-C,10912.43,0.0,0.0,0.0,0.0,0.0,0.0,0.0,0.0,0.32196,0.0,1.0
11376.05,BTC-27SEP19,1561201143148,open,0.16,186.0,0.1255,0.205,0.16540339,105.79,0.1485,0.0,BTC-27SEP19-13000-C,10912.43,102.19,0.158,3.6,0.171,10.0,108.52,23.37202,-12.76142,10.43592,6e-05,0.51104
11376.05,BTC-27SEP19,1561201143148,open,0.02,307.4,0.0005,0.0565,0.01587233,106.18,0.014,0.0,BTC-27SEP19-5500-P,10912.43,100.91,0.013,8.0,0.019,8.0,111.46,6.47902,-3.55064,-2.12682,2e-05,-0.05457
11041.33,BTC-28JUN19,1561201143150,open,0.01,114.3,0.0005,0.05,0.00975452,107.79,0.0105,0.0,BTC-26JUL19-7000-P,10912.43,107.09,0.0095,5.0,0.0115,31.0,112.4,4.02421,-6.40243,-0.71819,3e-05,-0.06033
11376.05,BTC-27SEP19,1561201143150,open,0.22,243.3,0.184,0.2635,0.22359436,96.4,0.217,0.0,BTC-27DEC19-13000-C,10912.43,95.3,0.2205,10.6,0.2375,2.0,101.32,32.18229,-8.25619,19.742,5e-05,0.56074
11041.33,BTC-28JUN19,1561201143157,open,0.14,6.0,0.0745,0.1635,0.11887005,99.91,0.1185,0.0,BTC-26JUL19-11000-P,10912.43,94.18,0.112,10.0,0.12,19.3,100.85,13.23892,-19.52264,-5.67235,0.00012,-0.43467
311.8,ETH-28JUN19,1561201143178,open,0.23,0.0,0.198,0.277,0.237729,105.16,None,0.0,ETH-05JUL19-240-C,307.43,0.0,0.0,0.0,0.0,0.0,0.0,0.08478,-0.34625,0.07535,0.00235,0.92275
11376.05,BTC-27SEP19,1561201143196,open,0.27,6.5,0.1985,0.298,0.24815865,105.32,0.3055,0.0,BTC-27SEP19-12000-P,10912.43,101.05,0.2395,3.6,0.2545,3.6,108.45,23.03416,-12.52086,-20.51742,6e-05,-0.43137
11376.05,BTC-27SEP19,1561201143221,open,0.6,0.0,0.51,0.6355,0.57275422,98.94,None,0.0,BTC-27DEC19-16000-P,10912.43,91.95,0.553,3.6,0.5735,3.6,99.2,32.30471,-8.5062,-65.74184,5e-05,-0.54997
11376.05,BTC-27SEP19,1561201143234,open,0.87,0.0,0.829,0.9085,0.86866612,112.26,None,0.0,BTC-27DEC19-1500-C,10912.43,0.0,0.1,5.0,0.908,3.0,269.93,0.46073,-0.13765,7.58728,0.0,0.99824
11376.05,BTC-27SEP19,1561201143236,open,0.09,135.3,0.048,0.1275,0.08776654,104.62,0.08,0.0,BTC-27DEC19-24000-C,10912.43,102.15,0.082,1.0,0.094,1.0,107.23,26.87768,-7.48327,10.54435,4e-05,0.26784
11041.31,BTC-28JUN19,1561201143284,open,0.44,1675.0,0.417,0.4965,0.45658101,0.0,0.4595,0.0,BTC-28JUN19-6000-C,10912.43,0.0,0.17,4.0,0.5,5.0,500.0,0.0,0.0,0.96587,0.0,1.0
11376.05,BTC-27SEP19,1561201143291,open,0.21,20.2,0.144,0.2385,0.19132307,103.86,0.192,0.0,BTC-27SEP19-11000-P,10912.43,100.61,0.185,4.9,0.199,4.9,107.81,22.13933,-11.86751,-16.96541,6e-05,-0.37057
11376.05,BTC-27SEP19,1561201143291,open,0.16,69.3,0.104,0.1955,0.14988121,95.91,0.1555,0.0,BTC-27DEC19-9000-P,10912.43,92.21,0.1415,4.9,0.154,4.9,97.73,25.75957,-6.57528,-23.22909,4e-05,-0.24682
11041.31,BTC-28JUN19,1561201143295,open,0.1,18.7,0.07,0.1495,0.10992345,104.95,0.099,0.0,BTC-26JUL19-11500-C,10912.43,106.25,0.1115,14.4,0.123,14.4,115.73,13.41214,-20.77683,4.13041,0.00011,0.51299
11041.31,BTC-28JUN19,1561201143309,open,0.13,413.2,0.109,0.1885,0.14876286,109.59,0.1495,0.0,BTC-28JUN19-9500-C,10912.43,0.0,0.125,29.0,0.1495,2.4,112.38,2.8822,-26.87896,1.29099,0.00013,0.8751
11041.31,BTC-28JUN19,1561201143309,open,0.45,0.0,0.4205,0.5,0.4600591,110.91,None,0.0,BTC-26JUL19-6000-C,10912.43,0.0,0.0035,1.0,0.0,0.0,0.0,1.91251,-3.13078,5.2851,2e-05,0.97581
11376.05,BTC-27SEP19,1561201143311,open,0.12,134.0,0.0655,0.1535,0.10956432,96.33,0.11,0.0,BTC-27DEC19-8000-P,10912.43,96.55,0.11,53.5,0.1125,4.9,97.81,22.59213,-5.79176,-17.90897,4e-05,-0.19628
311.8,ETH-28JUN19,1561201143347,open,0.19,0.0,0.138,0.231,0.184538,106.96,None,0.0,ETH-05JUL19-360-P,307.43,0.0,0.0,0.0,0.0,0.0,0.0,0.19336,-0.80312,-0.10067,0.00527,-0.73075
311.8,ETH-28JUN19,1561201143376,open,0.33,0.0,0.289,0.368,0.328297,110.02,None,0.0,ETH-05JUL19-210-C,307.43,0.0,0.0,0.0,0.0,0.0,0.0,0.03061,-0.13078,0.07147,0.00081,0.97811
311.8,ETH-28JUN19,1561201143378,open,0.24,0.0,0.189,0.287,0.237692,106.96,None,0.0,ETH-05JUL19-380-P,307.43,0.0,0.0,0.0,0.0,0.0,0.0,0.15803,-0.65638,-0.11542,0.00431,-0.81172
11376.05,BTC-27SEP19,1561201143420,open,0.03,2.0,0.0005,0.073,0.03322758,110.16,0.0335,0.0,BTC-27DEC19-40000-C,10912.43,111.06,0.0345,6.7,0.042,5.0,116.06,15.93003,-4.6703,4.84093,2e-05,0.1159
311.8,ETH-28JUN19,1561201143443,open,0.01,0.0,0.001,0.047,0.007942,109.52,None,0.0,ETH-28JUN19-370-C,307.43,79.32,0.002,300.0,0.009,300.0,113.51,0.08033,-0.74862,0.00575,0.00469,0.12258
11041.31,BTC-28JUN19,1561201143637,open,0.06,6.4,0.0255,0.105,0.06513959,110.41,0.0605,0.0,BTC-05JUL19-11500-C,10912.43,110.23,0.065,18.0,0.0785,18.0,128.29,8.23774,-35.32058,1.55008,0.00017,0.46311
311.8,ETH-28JUN19,1561201143660,open,0.06,1.0,0.018,0.102,0.059701,105.14,0.077,0.0,ETH-05JUL19-300-P,307.43,73.28,0.037,240.0,0.065,1.0,112.51,0.22374,-0.91346,-0.04884,0.00621,-0.38434
311.8,ETH-28JUN19,1561201143696,open,0.2,0.0,0.17,0.249,0.209868,105.16,None,0.0,ETH-05JUL19-250-C,307.43,0.0,0.0,0.0,0.0,0.0,0.0,0.11139,-0.45488,0.07461,0.00309,0.88823
311.8,ETH-28JUN19,1561201143762,open,0.0,0.0,0.001,0.041,0.001806,110.02,None,0.0,ETH-05JUL19-210-P,307.43,0.0,0.0,0.0,0.004,300.0,127.32,0.03061,-0.13078,-0.00261,0.00081,-0.02189
311.8,ETH-28JUN19,1561201143795,open,0.21,0.0,0.163,0.258,0.210568,106.96,None,0.0,ETH-05JUL19-370-P,307.43,0.0,0.0,0.0,0.0,0.0,0.0,0.17616,-0.73166,-0.10827,0.0048,-0.77382
311.8,ETH-28JUN19,1561201143870,open,0.2,0.0,0.147,0.242,0.194638,109.66,None,0.0,ETH-28JUN19-370-P,307.43,0.0,0.0,0.0,0.278,1.0,307.11,0.08049,-0.75116,-0.05379,0.00469,-0.87706
311.8,ETH-28JUN19,1561201143905,open,0.01,178.0,0.001,0.052,0.011664,105.16,0.017,0.0,ETH-05JUL19-250-P,307.43,79.06,0.004,300.0,0.016,300.0,116.58,0.11139,-0.45488,-0.01358,0.00309,-0.11177
311.8,ETH-28JUN19,1561201143928,open,0.27,0.0,0.216,0.316,0.265747,106.96,None,0.0,ETH-05JUL19-390-P,307.43,0.0,0.0,0.0,0.0,0.0,0.0,0.13978,-0.58059,-0.12213,0.00381,-0.8446
11041.31,BTC-28JUN19,1561201143942,open,0.02,86.1,0.0005,0.0535,0.01324491,109.62,0.012,0.0,BTC-28JUN19-9750-P,10912.44,97.24,0.0095,29.0,0.014,10.0,111.97,3.51237,-32.76424,-0.32138,0.00016,-0.16757
11041.31,BTC-28JUN19,1561201143942,open,0.1,0.7,0.036,0.122,0.07914026,108.35,0.0865,0.0,BTC-28JUN19-11500-P,10912.44,102.99,0.0765,18.0,0.0855,18.0,121.19,5.44616,-50.21508,-1.1892,0.00026,-0.58992
11041.31,BTC-28JUN19,1561201143942,open,0.01,58.2,0.0005,0.0555,0.01555904,111.01,0.0195,0.0,BTC-28JUN19-12500-C,10912.44,108.07,0.0145,24.0,0.02,24.0,122.75,4.02388,-38.01207,0.34348,0.00018,0.20881
11041.31,BTC-28JUN19,1561201143942,open,0.0,685.1,0.0005,0.04,0.0,112.29,0.001,0.0,BTC-28JUN19-2500-P,10912.44,0.0,0.0,0.0,0.0005,18.0,463.58,0.0,0.0,0.0,0.0,0.0
11041.31,BTC-28JUN19,1561201143942,open,0.72,43.6,0.6885,0.768,0.7282936,245.28,0.6755,0.0,BTC-28JUN19-3000-C,10912.44,0.0,0.0035,1.0,0.0,0.0,0.0,0.00045,-0.00937,0.48292,0.0,0.99999
11041.31,BTC-28JUN19,1561201143942,open,0.0,1695.2,0.0005,0.04,2.106e-05,112.29,0.001,0.0,BTC-28JUN19-7000-P,10912.44,0.0,0.0,0.0,0.001,7.9,168.41,0.02663,-0.23258,-0.00099,0.0,-0.00054
11376.02,BTC-27SEP19,1561201143943,open,0.0,340.7,0.0005,0.04,0.00036051,112.29,0.0015,0.0,BTC-27SEP19-2500-P,10912.44,0.0,0.0,0.0,0.166,12.0,500.0,0.34042,-0.19729,-0.06572,0.0,-0.00182
11041.31,BTC-28JUN19,1561201143943,open,0.04,32.5,0.0005,0.0655,0.02467671,108.69,0.024,0.0,BTC-28JUN19-10250-P,10912.44,103.48,0.0225,4.0,0.0285,24.0,117.68,4.645,-42.96219,-0.52647,0.00022,-0.27152
11041.31,BTC-28JUN19,1561201143943,open,0.85,0.6,0.739,0.8835,0.8113799,112.29,1.1775,0.0,BTC-28JUN19-20000-P,10912.44,0.0,0.0,0.0,0.0,0.0,0.0,0.00126,-0.01202,-3.21952,0.0,-0.99998
11376.02,BTC-27SEP19,1561201143943,open,0.86,0.0,0.747,0.892,0.81944838,109.89,None,0.0,BTC-27SEP19-20000-P,10912.44,0.0,0.0045,10.0,1.5,0.2,500.0,18.12549,-10.28006,-47.75711,5e-05,-0.76226
11041.31,BTC-28JUN19,1561201143943,open,0.3,2.4,0.2205,0.3215,0.27114023,112.28,0.5245,0.0,BTC-28JUN19-14000-P,10912.44,0.0,0.0,0.0,0.349,0.1,326.05,1.56538,-14.95612,-2.16102,7e-05,-0.94469
11041.31,BTC-28JUN19,1561201143941,open,0.05,7.1,0.01,0.0895,0.04978734,110.7,0.044,0.0,BTC-05JUL19-12000-C,10912.44,111.0,0.05,24.0,0.063,24.0,128.94,7.91737,-34.03631,1.2995,0.00017,0.38343
11041.31,BTC-28JUN19,1561201143941,open,0.13,6.0,0.0625,0.1505,0.10668151,110.41,0.1165,0.0,BTC-05JUL19-11500-P,10912.44,101.44,0.1,18.0,0.1145,18.0,120.88,8.23774,-35.32007,-2.50665,0.00017,-0.53689
11041.32,BTC-28JUN19,1561201143942,open,0.23,0.0,0.158,0.254,0.20598109,112.13,None,0.0,BTC-05JUL19-13000-P,10912.44,0.0,0.0,0.0,0.0,0.0,0.0,6.60925,-28.77829,-3.71808,0.00014,-0.74862
11376.02,BTC-27SEP19,1561201143942,open,1.25,0.0,1.11,1.285,1.19746371,104.62,None,0.0,BTC-27DEC19-24000-P,10912.44,0.0,0.0055,1.0,2.006,0.2,500.0,26.87726,-7.48305,-112.99058,4e-05,-0.73217
11041.32,BTC-28JUN19,1561201143942,open,0.08,26.9,0.044,0.1235,0.08358154,109.43,0.0965,0.0,BTC-05JUL19-11000-C,10912.44,108.65,0.083,18.0,0.087,11.5,114.03,8.21278,-34.89983,1.80949,0.00017,0.54816
11041.32,BTC-28JUN19,1561201143941,open,0.27,0.0,0.2405,0.32,0.28010707,110.96,None,0.0,BTC-05JUL19-8000-C,10912.44,0.0,0.0,0.0,0.0,0.0,0.0,2.11978,-9.13379,2.61135,4e-05,0.95056
11041.32,BTC-28JUN19,1561201143946,open,0.61,10.6,0.5755,0.655,0.61508191,0.0,0.535,0.0,BTC-28JUN19-4250-C,10912.44,0.0,0.0,0.0,0.0,0.0,0.0,0.0,0.0,0.68416,0.0,1.0
11041.32,BTC-28JUN19,1561201143946,open,0.0,728.9,0.0005,0.04,0.00011844,112.29,0.0005,0.0,BTC-28JUN19-7500-P,10912.44,0.0,0.0,0.0,0.003,11.1,174.93,0.11538,-1.10256,-0.00496,1e-05,-0.00267
11376.02,BTC-27SEP19,1561201143946,open,0.26,981.2,0.2245,0.304,0.26423631,103.86,0.2585,0.0,BTC-27SEP19-10000-C,10912.44,91.55,0.242,5.0,0.274,5.0,109.26,20.54555,-11.01296,12.98936,6e-05,0.69444
11376.02,BTC-27SEP19,1561201143946,open,0.16,59.9,0.098,0.189,0.14327684,103.86,0.159,0.0,BTC-27SEP19-10000-P,10912.44,100.38,0.137,4.9,0.1495,4.9,107.3,20.54555,-11.01287,-13.55188,6e-05,-0.30556
11041.32,BTC-28JUN19,1561201143946,open,0.0,1270.8,0.0005,0.04,0.0,112.29,0.025,0.0,BTC-28JUN19-1500-P,10912.44,0.0,0.0,0.0,0.001,10.0,500.0,0.0,0.0,0.0,0.0,0.0
11376.02,BTC-27SEP19,1561201143946,open,0.33,0.1,0.256,0.36,0.30815954,105.79,0.38,0.0,BTC-27SEP19-13000-P,10912.44,101.58,0.2995,3.6,0.315,3.6,109.12,23.37196,-12.76153,-24.06781,6e-05,-0.48896
11041.32,BTC-28JUN19,1561201143947,open,0.0,741.6,0.0005,0.043,0.00317695,112.29,0.0055,0.0,BTC-28JUN19-14000-C,10912.44,114.51,0.0035,30.0,0.006,1.1,128.87,1.56598,-14.96392,0.09272,7e-05,0.05534
11376.02,BTC-27SEP19,1561201143946,open,0.13,144.6,0.102,0.1815,0.14188957,106.29,0.1305,0.0,BTC-27SEP19-14000-C,10912.44,102.91,0.135,3.6,0.149,4.6,109.76,23.25177,-12.75537,9.54716,6e-05,0.45809
11376.02,BTC-27SEP19,1561201143946,open,0.01,384.5,0.0005,0.0445,0.004364,110.96,0.003,0.0,BTC-27SEP19-4000-P,10912.44,101.05,0.0025,3.1,0.0075,6.0,123.07,2.5013,-1.43244,-0.65246,1e-05,-0.01725
11041.32,BTC-28JUN19,1561201143947,open,0.03,182.1,0.0005,0.059,0.01849724,109.62,0.02,0.0,BTC-28JUN19-10000-P,10912.44,108.28,0.018,2.0,0.0205,24.0,114.93,4.11716,-38.40563,-0.41888,0.00019,-0.21717
11376.03,BTC-27SEP19,1561201143947,open,0.01,1044.2,0.0005,0.0455,0.00563438,110.1,0.0045,0.0,BTC-27SEP19-4250-P,10912.44,95.59,0.0025,6.0,0.0085,6.0,119.62,3.04329,-1.72941,-0.82601,1e-05,-0.02172
11376.03,BTC-27SEP19,1561201143947,open,0.0,1647.1,0.0005,0.04,1.173e-05,112.29,0.001,0.0,BTC-27SEP19-1500-P,10912.44,0.0,0.0,0.0,0.001,77.1,169.23,0.01768,-0.01024,-0.00262,0.0,-7e-05
11041.32,BTC-28JUN19,1561201143942,open,0.04,0.4,0.0055,0.085,0.04503001,110.31,0.036,0.0,BTC-26JUL19-14500-C,10912.44,110.28,0.045,19.3,0.0535,19.3,118.69,10.91391,-17.76902,2.20441,9e-05,0.26015
11376.03,BTC-27SEP19,1561201143943,open,0.35,145.0,0.319,0.3985,0.35874189,95.91,0.3445,0.0,BTC-27DEC19-9000-C,10912.44,86.52,0.3375,5.0,0.387,5.0,108.41,25.75957,-6.5752,23.09654,4e-05,0.75318
11376.03,BTC-27SEP19,1561201143948,open,0.67,0.0,0.634,0.7135,0.67355512,111.2,None,0.0,BTC-27SEP19-3750-C,10912.44,0.0,0.006,6.1,0.774,10.0,299.45,1.97329,-1.13251,9.46134,1e-05,0.98691
11376.03,BTC-27SEP19,1561201143942,open,2.64,0.0,2.4075,2.691,2.5493933,110.16,None,0.0,BTC-27DEC19-40000-P,10912.44,0.0,0.0,0.0,0.0,0.0,0.0,15.93015,-4.67035,-201.0502,2e-05,-0.8841
11041.32,BTC-28JUN19,1561201143948,open,0.0,402.3,0.0005,0.04,0.0,112.29,0.0005,0.0,BTC-28JUN19-3500-P,10912.44,0.0,0.0,0.0,0.0005,10.1,361.6,0.0,0.0,0.0,0.0,0.0
11376.03,BTC-27SEP19,1561201143943,open,0.08,92.8,0.032,0.1175,0.07455926,96.33,0.08,0.0,BTC-27DEC19-7000-P,10912.44,93.25,0.0695,6.0,0.079,6.0,99.0,18.79785,-4.81907,-12.98963,3e-05,-0.14727
11041.32,BTC-28JUN19,1561201143946,open,0.05,24.9,0.013,0.0925,0.05294844,110.21,0.06,0.0,BTC-26JUL19-14000-C,10912.44,109.31,0.052,19.3,0.061,19.3,117.76,11.60357,-18.87559,2.47906,9e-05,0.29487
11376.03,BTC-27SEP19,1561201143943,open,1.09,0.0,0.9545,1.117,1.03587749,103.65,None,0.0,BTC-27DEC19-22000-P,10912.44,0.0,0.0055,2.0,1.8345,0.3,500.0,28.51465,-7.86546,-101.45613,4e-05,-0.69677
11041.32,BTC-28JUN19,1561201143947,open,0.2,2.0,0.1375,0.2315,0.18448478,108.35,0.32,0.0,BTC-26JUL19-12000-P,10912.44,90.54,0.163,14.4,0.1745,14.4,100.09,13.36836,-21.37979,-7.37021,0.00011,-0.53474
11376.03,BTC-27SEP19,1561201143946,open,0.24,123.1,0.21,0.2895,0.24995304,95.91,0.236,0.0,BTC-27DEC19-12000-C,10912.44,94.84,0.247,10.6,0.2635,1.0,100.83,31.42481,-8.02124,20.79323,5e-05,0.60506
11376.03,BTC-27SEP19,1561201143947,open,0.32,5.3,0.253,0.3565,0.30480258,95.91,0.417,0.0,BTC-27DEC19-12000-P,10912.44,91.83,0.2935,4.9,0.3105,4.9,97.98,31.42481,-8.02124,-40.97412,5e-05,-0.39494
11376.03,BTC-27SEP19,1561201143947,open,0.06,153.0,0.0215,0.101,0.06136065,108.54,0.057,0.0,BTC-27DEC19-30000-C,10912.44,106.05,0.0565,4.9,0.066,4.9,110.84,22.57442,-6.52083,7.88551,3e-05,0.19603
11041.32,BTC-28JUN19,1561201143947,open,0.28,24.2,0.2565,0.336,0.2962487,102.71,0.216,0.0,BTC-26JUL19-8000-C,10912.44,0.0,0.161,0.1,0.0,0.0,0.0,6.64057,-10.06708,6.00473,6e-05,0.88222
11376.03,BTC-27SEP19,1561201143944,open,0.31,431.2,0.278,0.3575,0.31764138,95.91,0.312,0.0,BTC-27DEC19-10000-C,10912.44,88.43,0.299,5.0,0.3215,0.5,97.47,28.27268,-7.21667,22.53177,4e-05,0.70243
11376.03,BTC-27SEP19,1561201143947,open,0.16,245.2,0.1265,0.206,0.16629131,98.94,0.1345,0.0,BTC-27DEC19-16000-C,10912.44,97.07,0.161,8.0,0.177,4.6,102.7,32.30465,-8.50623,16.61458,5e-05,0.45003
11041.32,BTC-28JUN19,1561201143948,open,0.27,0.0,0.2005,0.3,0.25037641,110.12,None,0.0,BTC-26JUL19-13000-P,10912.44,88.0,0.2255,14.4,0.238,14.4,99.28,12.75348,-20.72961,-8.97187,0.0001,-0.62514
11376.03,BTC-27SEP19,1561201143946,open,0.05,24.2,0.015,0.0945,0.05486252,109.48,0.055,0.0,BTC-27DEC19-32000-C,10912.44,107.1,0.0505,4.9,0.06,4.9,112.18,21.24654,-6.19035,7.19511,3e-05,0.17774
11376.03,BTC-27SEP19,1561201143946,open,0.39,3.7,0.312,0.421,0.36634963,96.4,0.371,0.0,BTC-27DEC19-13000-P,10912.44,91.86,0.3535,3.6,0.3715,3.6,98.22,32.18222,-8.25624,-47.17272,5e-05,-0.43926
11376.03,BTC-27SEP19,1561201143942,open,0.48,63.1,0.4485,0.528,0.48819756,96.33,0.415,0.0,BTC-27DEC19-6500-C,10912.44,0.0,0.4285,1.0,0.527,3.0,121.44,16.70317,-4.2821,22.7104,3e-05,0.87604
11376.03,BTC-27SEP19,1561201143947,open,0.27,332.3,0.242,0.3215,0.28157778,95.91,0.293,0.0,BTC-27DEC19-11000-C,10912.44,94.94,0.279,11.0,0.2925,0.1,100.04,30.1417,-7.69375,21.73744,5e-05,0.65281
11376.03,BTC-27SEP19,1561201143944,open,0.51,122.6,0.4795,0.559,0.5194551,96.75,0.52,0.0,BTC-27DEC19-6000-C,10912.44,0.0,0.4725,1.0,0.53,0.1,104.77,14.56013,-3.7491,22.14996,2e-05,0.89773
11376.03,BTC-27SEP19,1561201143944,open,0.42,93.7,0.392,0.4715,0.43196463,96.33,0.419,0.0,BTC-27DEC19-7500-C,10912.44,0.0,0.3405,1.0,0.4575,0.1,110.12,20.76776,-5.32411,23.22096,3e-05,0.82853
11376.03,BTC-27SEP19,1561201143947,open,0.07,176.5,0.0175,0.1015,0.05957371,96.33,0.065,0.0,BTC-27DEC19-6500-P,10912.44,93.53,0.0555,6.0,0.0645,16.0,99.65,16.70312,-4.28207,-10.74685,3e-05,-0.12396
311.8,ETH-28JUN19,1561201143954,open,0.06,0.0,0.01,0.094,0.052005,108.75,None,0.0,ETH-28JUN19-310-P,307.41,84.89,0.04,180.0,0.061,1.0,126.64,0.15685,-1.45157,-0.02549,0.00922,-0.45583
311.8,ETH-28JUN19,1561201143954,open,0.61,60.0,0.54,0.667,0.603609,110.44,0.83,0.0,ETH-28JUN19-500-P,307.41,0.0,0.0,0.0,0.0,0.0,0.0,0.00068,-0.0064,-0.08047,4e-05,-0.99952
322.53,ETH-27SEP19,1561201143954,open,0.24,237.0,0.192,0.29,0.240788,101.9,0.234,0.0,ETH-27SEP19-340-P,307.41,95.61,0.228,110.0,0.272,36.0,117.36,0.65425,-0.34408,-0.57906,0.00233,-0.43565
311.8,ETH-28JUN19,1561201143954,open,0.26,35.0,0.223,0.302,0.262984,110.44,0.159,0.0,ETH-28JUN19-230-C,307.41,0.0,0.0,0.0,0.0,0.0,0.0,0.01279,-0.12023,0.03637,0.00074,0.98751
322.53,ETH-27SEP19,1561201143954,open,0.02,5035.0,0.001,0.066,0.025219,101.24,0.04,0.0,ETH-27SEP19-180-P,307.41,92.99,0.019,140.0,0.029,60.0,105.88,0.25616,-0.13385,-0.09345,0.00092,-0.08395
322.51,ETH-27SEP19,1561201143954,open,0.13,626.0,0.088,0.178,0.133101,101.23,0.146,0.0,ETH-27SEP19-280-P,307.41,95.01,0.122,110.0,0.151,48.0,111.26,0.57545,-0.30065,-0.36853,0.00206,-0.29744
311.8,ETH-28JUN19,1561201143954,open,0.09,665.0,0.056,0.135,0.095443,109.37,0.084,0.0,ETH-28JUN19-290-C,307.41,61.25,0.077,60.0,0.104,60.0,129.1,0.13248,-1.23289,0.0315,0.00774,0.72298
322.51,ETH-27SEP19,1561201143954,open,0.23,2816.0,0.195,0.274,0.2347,100.91,0.24,0.0,ETH-27SEP19-300-C,307.41,93.7,0.221,110.0,0.27,5.0,119.61,0.6121,-0.3188,0.35985,0.0022,0.65509
311.8,ETH-28JUN19,1561201143954,open,0.07,81.0,0.028,0.113,0.07024,109.51,0.347,0.0,ETH-28JUN19-320-P,307.41,83.04,0.057,180.0,0.081,1.0,130.87,0.15674,-1.4607,-0.03097,0.00915,-0.54671
322.51,ETH-27SEP19,1561201143954,open,0.07,916.0,0.033,0.112,0.072232,106.55,0.079,0.0,ETH-27SEP19-520-C,307.41,95.52,0.054,48.0,0.08,4.0,111.0,0.55505,-0.30523,0.17412,0.00189,0.27565
311.8,ETH-28JUN19,1561201143954,open,0.14,53.0,0.094,0.184,0.139222,109.53,0.282,0.0,ETH-28JUN19-350-P,307.41,0.0,0.0,0.0,0.292,1.0,425.3,0.11804,-1.10014,-0.04599,0.00689,-0.77703
322.51,ETH-27SEP19,1561201143955,open,0.01,5672.0,0.001,0.055,0.014862,101.23,0.009,0.0,ETH-27SEP19-160-P,307.41,84.92,0.007,60.0,0.018,60.0,106.53,0.18289,-0.09556,-0.05918,0.00065,-0.05427
311.8,ETH-28JUN19,1561201143954,open,0.03,11.0,0.001,0.076,0.036079,105.18,0.039,0.0,ETH-05JUL19-350-C,307.41,79.72,0.02,240.0,0.049,240.0,124.11,0.20758,-0.84788,0.0305,0.00575,0.3134
311.8,ETH-28JUN19,1561201143954,open,0.02,700.0,0.001,0.063,0.02354,109.53,0.021,0.0,ETH-28JUN19-340-C,307.41,83.8,0.013,240.0,0.026,250.0,115.14,0.1354,-1.26197,0.01337,0.0079,0.28993
311.8,ETH-28JUN19,1561201143954,open,0.02,0.0,0.001,0.058,0.018962,106.96,None,0.0,ETH-05JUL19-380-C,307.41,84.73,0.009,240.0,0.026,240.0,120.13,0.15803,-0.65638,0.01862,0.00431,0.18828
311.8,ETH-28JUN19,1561201143955,open,0.61,50.0,0.576,0.655,0.615138,110.45,0.547,0.0,ETH-28JUN19-120-C,307.41,0.0,0.0,0.0,0.0,0.0,0.0,0.0,0.0,0.01932,0.0,1.0
311.8,ETH-28JUN19,1561201143955,open,0.17,8.0,0.12,0.212,0.166215,109.53,0.317,0.0,ETH-28JUN19-360-P,307.41,0.0,0.001,2.0,0.332,1.0,460.3,0.09908,-0.92347,-0.05014,0.00578,-0.8327
322.51,ETH-27SEP19,1561201143955,open,0.42,1743.0,0.38,0.459,0.419074,101.23,0.367,0.0,ETH-27SEP19-200-C,307.41,0.0,0.125,30.0,0.583,4.0,234.99,0.33161,-0.17326,0.39488,0.00119,0.88039
322.51,ETH-27SEP19,1561201143955,open,0.8,24.0,0.725,0.868,0.796871,107.96,1.356,0.0,ETH-27SEP19-560-P,307.41,0.0,0.0,0.0,0.0,0.0,0.0,0.51371,-0.28625,-1.3347,0.00172,-0.76239
311.8,ETH-28JUN19,1561201143954,open,0.02,204.0,0.001,0.058,0.01741,105.16,0.025,0.0,ETH-05JUL19-260-P,307.41,78.33,0.007,300.0,0.015,2.0,99.63,0.13906,-0.56788,-0.01887,0.00386,-0.15419
322.51,ETH-27SEP19,1561201143955,open,0.37,863.0,0.335,0.414,0.374867,101.23,0.323,0.0,ETH-27SEP19-220-C,307.41,0.0,0.25,1.0,0.57,17.0,243.86,0.40437,-0.21128,0.39809,0.00145,0.83993
311.8,ETH-28JUN19,1561201143955,open,0.58,386.0,0.544,0.623,0.583066,110.44,0.534,0.0,ETH-28JUN19-130-C,307.41,0.0,0.0,0.0,0.0,0.0,0.0,0.0,0.0,0.02093,0.0,1.0
322.51,ETH-27SEP19,1561201143955,open,0.33,27.0,0.273,0.378,0.325704,102.11,0.48,0.0,ETH-27SEP19-380-P,307.41,80.19,0.281,36.0,0.366,36.0,121.72,0.66206,-0.34891,-0.72345,0.00235,-0.51947
311.8,ETH-28JUN19,1561201143955,open,0.0,10422.0,0.001,0.04,2.3e-05,110.44,0.001,0.0,ETH-28JUN19-200-P,307.41,0.0,0.0,0.0,0.002,603.0,183.31,0.00083,-0.00726,-3e-05,5e-05,-0.0006
322.51,ETH-27SEP19,1561201143955,open,0.29,1415.0,0.258,0.337,0.297911,101.23,0.228,0.0,ETH-27SEP19-260-C,307.41,0.0,0.05,5.0,0.3,1.0,102.51,0.52821,-0.27599,0.38681,0.00189,0.74981
322.51,ETH-27SEP19,1561201143955,open,0.08,1666.0,0.036,0.121,0.078669,101.23,0.079,0.0,ETH-27SEP19-240-P,307.41,93.85,0.068,140.0,0.088,48.0,107.58,0.47073,-0.24595,-0.24198,0.00168,-0.20402
322.51,ETH-27SEP19,1561201143955,open,0.04,3045.0,0.001,0.08,0.03921,101.23,0.041,0.0,ETH-27SEP19-200-P,307.41,94.01,0.032,140.0,0.044,60.0,105.82,0.33161,-0.17326,-0.13595,0.00119,-0.11961
311.8,ETH-28JUN19,1561201143955,open,0.0,10453.0,0.001,0.04,0.0,110.44,0.001,0.0,ETH-28JUN19-140-P,307.41,0.0,0.0,0.0,0.001,599.0,280.6,0.0,0.0,0.0,0.0,0.0
311.78,ETH-28JUN19,1561201143955,open,0.2,556.0,0.162,0.241,0.201182,110.06,0.153,0.0,ETH-28JUN19-250-C,307.41,0.0,0.0,0.0,0.271,1.0,336.76,0.04037,-0.37804,0.03762,0.00234,0.95066
311.78,ETH-28JUN19,1561201143955,open,0.06,838.0,0.018,0.097,0.057778,108.81,0.051,0.0,ETH-28JUN19-310-C,307.41,77.46,0.042,180.0,0.058,100.0,109.25,0.15685,-1.45238,0.0244,0.00921,0.54399
311.78,ETH-28JUN19,1561201143955,open,0.17,1763.0,0.132,0.211,0.171784,109.64,0.168,0.0,ETH-28JUN19-260-C,307.41,0.0,0.002,32.0,0.173,25.0,115.56,0.06131,-0.572,0.03732,0.00357,0.91546
311.78,ETH-28JUN19,1561201143956,open,0.0,9803.0,0.001,0.04,0.0,110.43,0.001,0.0,ETH-28JUN19-130-P,307.41,0.0,0.0,0.0,0.004,100.0,376.82,0.0,0.0,0.0,0.0,0.0
311.78,ETH-28JUN19,1561201143956,open,0.42,3454.0,0.383,0.462,0.422708,140.37,0.289,0.0,ETH-28JUN19-180-C,307.41,0.0,0.001,1.0,0.0,0.0,0.0,0.00103,-0.01225,0.02894,5e-05,0.99925
311.78,ETH-28JUN19,1561201143956,open,0.02,633.0,0.001,0.056,0.016707,109.56,0.01,0.0,ETH-28JUN19-350-C,307.41,84.09,0.008,240.0,0.017,2.0,110.33,0.11801,-1.10028,0.01035,0.00688,0.22292
311.78,ETH-28JUN19,1561201143955,open,0.0,8276.0,0.001,0.04,1.7e-05,110.46,0.001,0.0,ETH-28JUN19-500-C,307.41,0.0,0.0,0.0,0.001,474.0,162.98,0.00068,-0.00537,2e-05,4e-05,0.00048
322.51,ETH-27SEP19,1561201143956,open,0.38,0.0,0.319,0.428,0.373216,103.1,None,0.0,ETH-27SEP19-400-P,307.41,78.48,0.324,36.0,0.417,36.0,124.48,0.6564,-0.34929,-0.79505,0.00231,-0.5556
322.51,ETH-27SEP19,1561201143956,open,0.2,648.0,0.153,0.248,0.200423,100.91,0.205,0.0,ETH-27SEP19-320-P,307.41,95.15,0.189,110.0,0.229,48.0,115.43,0.63826,-0.33243,-0.50682,0.00229,-0.39167
311.78,ETH-28JUN19,1561201143956,open,0.04,5304.0,0.004,0.083,0.043942,109.57,0.038,0.0,ETH-28JUN19-320-C,307.41,81.68,0.03,180.0,0.049,181.0,119.62,0.15672,-1.46124,0.02054,0.00914,0.45316
311.78,ETH-28JUN19,1561201143954,open,0.04,5.0,0.005,0.087,0.045988,105.12,0.059,0.0,ETH-05JUL19-290-P,307.41,76.18,0.027,240.0,0.056,240.0,119.89,0.20962,-0.85567,-0.04034,0.00582,-0.32078
311.78,ETH-28JUN19,1561201143956,open,0.48,924.0,0.447,0.526,0.486851,166.64,0.35,0.0,ETH-28JUN19-160-C,307.41,0.0,0.01,100.0,0.0,0.0,0.0,0.00077,-0.01098,0.02573,3e-05,0.99944
311.78,ETH-28JUN19,1561201143954,open,0.19,0.0,0.136,0.229,0.182449,104.65,None,0.0,ETH-26JUL19-340-P,307.41,71.54,0.143,144.0,0.198,144.0,117.49,0.37654,-0.58159,-0.21042,0.00399,-0.54474
311.78,ETH-28JUN19,1561201143954,open,0.3,0.0,0.243,0.346,0.294586,106.77,None,0.0,ETH-05JUL19-400-P,307.41,0.0,0.0,0.0,0.0,0.0,0.0,0.12166,-0.50441,-0.12845,0.00332,-0.87333
311.78,ETH-28JUN19,1561201143956,open,0.32,770.0,0.287,0.366,0.326573,115.14,0.237,0.0,ETH-28JUN19-210-C,307.41,0.0,0.006,20.0,0.422,1.0,500.0,0.00333,-0.0326,0.03366,0.00018,0.99727
311.78,ETH-28JUN19,1561201143956,open,0.45,1118.0,0.415,0.494,0.454779,153.07,0.354,0.0,ETH-28JUN19-170-C,307.41,0.0,0.006,2.0,0.0,0.0,0.0,0.00088,-0.01152,0.02733,4e-05,0.99936
311.78,ETH-28JUN19,1561201143955,open,0.14,694.0,0.101,0.18,0.140949,102.0,0.156,0.0,ETH-26JUL19-300-C,307.41,102.04,0.141,120.0,0.179,144.0,134.63,0.36443,-0.54864,0.13573,0.00396,0.61
311.78,ETH-28JUN19,1561201143954,open,0.18,0.0,0.144,0.223,0.183543,105.25,None,0.0,ETH-05JUL19-260-C,307.41,0.0,0.0,0.0,0.0,0.0,0.0,0.13921,-0.56897,0.07281,0.00386,0.84556
311.78,ETH-28JUN19,1561201143954,open,0.01,10.0,0.001,0.047,0.007453,105.14,0.008,0.0,ETH-05JUL19-240-P,307.41,69.96,0.001,300.0,0.011,300.0,117.06,0.08479,-0.3462,-0.00932,0.00235,-0.07726
311.78,ETH-28JUN19,1561201143957,open,0.68,0.0,0.64,0.719,0.679282,268.13,None,0.0,ETH-28JUN19-100-C,307.41,0.0,0.0,0.0,0.0,0.0,0.0,0.00033,-0.00753,0.01609,1e-05,0.99978
311.78,ETH-28JUN19,1561201143954,open,0.07,2814.0,0.038,0.117,0.077394,108.73,0.074,0.0,ETH-26JUL19-360-C,307.41,102.4,0.07,150.0,0.097,192.0,125.29,0.36551,-0.58661,0.09166,0.00373,0.39416
311.78,ETH-28JUN19,1561201143954,open,0.13,0.0,0.097,0.176,0.136405,105.22,None,0.0,ETH-05JUL19-280-C,307.41,0.0,0.0,0.0,0.0,0.0,0.0,0.19001,-0.77634,0.06637,0.00527,0.73983
311.78,ETH-28JUN19,1561201143954,open,0.17,471.0,0.136,0.215,0.175027,102.0,0.188,0.0,ETH-26JUL19-280-C,307.41,101.98,0.175,120.0,0.0,0.0,0.0,0.33418,-0.50312,0.14957,0.00363,0.69193
311.78,ETH-28JUN19,1561201143954,open,0.07,0.0,0.033,0.118,0.075379,104.84,None,0.0,ETH-05JUL19-310-P,307.41,70.73,0.05,180.0,0.09,180.0,124.52,0.23172,-0.94335,-0.0577,0.00645,-0.44926
311.78,ETH-28JUN19,1561201143954,open,0.15,0.0,0.119,0.198,0.158994,105.23,None,0.0,ETH-05JUL19-270-C,307.41,0.0,0.0,0.0,0.0,0.0,0.0,0.16599,-0.67831,0.07004,0.0046,0.79581
311.78,ETH-28JUN19,1561201143956,open,0.28,0.0,0.23,0.331,0.280644,109.04,None,0.0,ETH-26JUL19-380-P,307.41,0.0,0.0,0.0,0.0,0.0,0.0,0.34553,-0.5561,-0.274,0.00351,-0.66625
311.78,ETH-28JUN19,1561201143955,open,0.49,0.0,0.449,0.528,0.488848,109.7,None,0.0,ETH-26JUL19-160-C,307.41,0.0,0.0,0.0,0.0,0.0,0.0,0.0365,-0.0591,0.14349,0.00037,0.98474
322.51,ETH-27SEP19,1561201143957,open,0.0,389.0,0.001,0.04,0.000106,110.44,0.002,0.0,ETH-27SEP19-60-P,307.41,0.0,0.0,0.0,0.102,100.0,472.04,0.00348,-0.00198,-0.0006,1e-05,-0.0006
311.78,ETH-28JUN19,1561201143957,open,0.0,1239.0,0.001,0.04,0.000379,110.46,0.002,0.0,ETH-28JUN19-440-C,307.41,0.0,0.0,0.0,0.002,48.0,138.91,0.00912,-0.08572,0.00041,0.00053,0.00847
311.78,ETH-28JUN19,1561201143954,open,0.02,489.0,0.001,0.057,0.016989,101.96,0.02,0.0,ETH-26JUL19-220-P,307.41,92.05,0.012,150.0,0.023,240.0,112.52,0.1675,-0.25209,-0.03405,0.00182,-0.10067
311.78,ETH-28JUN19,1561201143955,open,0.0,581.0,0.001,0.044,0.004215,104.98,0.006,0.0,ETH-26JUL19-180-P,307.41,92.03,0.002,150.0,0.008,240.0,120.02,0.06502,-0.10074,-0.00996,0.00069,-0.03022
311.78,ETH-28JUN19,1561201144160,open,0.0,270.0,0.001,0.042,0.001999,109.41,0.003,0.0,ETH-26JUL19-160-P,307.41,0.0,0.0,0.0,0.004,240.0,123.16,0.03613,-0.05835,-0.00494,0.00037,-0.01508
11041.32,BTC-28JUN19,1561201144413,open,0.07,13.5,0.0155,0.1,0.0576967,109.43,0.061,0.0,BTC-05JUL19-10500-P,10912.44,101.34,0.052,24.0,0.064,0.5,118.35,7.7888,-33.09775,-1.64311,0.00017,-0.36416
11041.32,BTC-28JUN19,1561201144416,open,0.07,79.4,0.014,0.098,0.05603885,99.91,0.06,0.0,BTC-26JUL19-9500-P,10912.44,95.79,0.052,3.0,0.059,19.3,102.9,10.89088,-16.06009,-3.22923,0.0001,-0.25909
11376.03,BTC-27SEP19,1561201144468,open,0.11,42.6,0.062,0.1415,0.10199007,103.65,0.093,0.0,BTC-27DEC19-22000-C,10912.44,100.63,0.0945,5.9,0.1085,5.9,106.23,28.51489,-7.86564,11.78416,4e-05,0.30324
11041.32,BTC-28JUN19,1561201144470,open,0.04,39.5,0.0005,0.0735,0.03254747,108.52,0.034,0.0,BTC-28JUN19-10500-P,10912.44,105.15,0.031,3.0,0.0375,24.0,119.2,5.08653,-46.97018,-0.64823,0.00024,-0.33216
11375.99,BTC-27SEP19,1561201144942,open,1.37,0.0,1.221,1.4055,1.31302322,110.69,None,0.0,BTC-27SEP19-26000-P,10912.23,0.0,0.0,0.0,0.0,0.0,0.0,11.86997,-6.78127,-66.15031,3e-05,-0.87787
11375.99,BTC-27SEP19,1561201144942,open,0.0,47.1,0.0005,0.0415,0.00155999,111.79,0.0025,0.0,BTC-27SEP19-3250-P,10912.23,105.27,0.001,0.5,0.005,6.0,134.75,1.125,-0.64908,-0.25488,0.0,-0.00688
11041.3,BTC-28JUN19,1561201144942,open,0.05,906.2,0.0165,0.096,0.05634407,107.87,0.058,0.0,BTC-28JUN19-11000-C,10912.23,103.21,0.054,5.0,0.059,2.9,113.14,5.56314,-51.06398,0.85639,0.00026,0.53816
11041.3,BTC-28JUN19,1561201144942,open,0.21,124.0,0.192,0.2715,0.23170461,111.25,0.22,0.0,BTC-28JUN19-8500-C,10912.23,0.0,0.016,0.5,0.24,1.0,167.78,0.8783,-8.31456,1.31725,4e-05,0.97281
11041.3,BTC-28JUN19,1561201144942,open,0.21,0.8,0.1395,0.234,0.18691422,111.79,0.4175,0.0,BTC-28JUN19-13000-P,10912.23,0.0,0.0,0.0,0.2635,0.1,291.44,3.11772,-29.65966,-1.86083,0.00014,-0.86002
11375.99,BTC-27SEP19,1561201144942,open,1.03,0.2,0.902,1.06,0.98120592,110.69,1.391,0.0,BTC-27SEP19-22000-P,10912.23,0.0,0.0045,11.0,0.0,0.0,0.0,15.99431,-9.13766,-54.02925,4e-05,-0.80824
11041.3,BTC-28JUN19,1561201144942,open,0.77,24.4,0.734,0.8135,0.77357759,267.74,0.5115,0.0,BTC-28JUN19-2500-C,10912.23,0.0,0.0,0.0,0.0,0.0,0.0,0.00018,-0.00421,0.40244,0.0,1.0
11375.99,BTC-27SEP19,1561201144942,open,0.0,75.6,0.0005,0.043,0.00319555,111.2,0.004,0.0,BTC-27SEP19-3750-P,10912.23,86.16,0.0005,6.0,0.0065,6.0,126.38,1.97327,-1.1325,-0.49163,1e-05,-0.01309
11375.99,BTC-27SEP19,1561201144942,open,0.42,760.9,0.3855,0.465,0.42544355,103.96,0.3285,0.0,BTC-27SEP19-7000-C,10912.23,71.24,0.397,5.0,0.4555,5.0,130.99,11.73115,-6.29455,13.72135,3e-05,0.87989
11041.3,BTC-28JUN19,1561201144944,open,0.0,278.7,0.0005,0.04,0.0,112.29,0.0005,0.0,BTC-28JUN19-4500-P,10912.23,0.0,0.0,0.0,0.0005,10.5,286.2,0.0,0.0,0.0,0.0,0.0
11375.99,BTC-27SEP19,1561201144944,open,0.71,0.0,0.676,0.7555,0.71587132,111.79,None,0.0,BTC-27SEP19-3250-C,10912.23,0.0,0.0045,10.0,0.9385,5.0,500.0,1.12536,-0.64933,8.37094,0.0,0.99312
11375.99,BTC-27SEP19,1561201144944,open,0.01,225.5,0.0005,0.0475,0.00721866,109.52,0.005,0.0,BTC-27SEP19-4500-P,10912.23,97.88,0.004,7.1,0.01,6.0,117.43,3.66038,-2.06911,-1.03513,1e-05,-0.02706
11375.99,BTC-27SEP19,1561201144944,open,1.2,0.2,1.06,1.231,1.14566394,110.69,1.6,0.0,BTC-27SEP19-24000-P,10912.23,0.0,0.0,0.0,0.0,0.0,0.0,13.84074,-7.90725,-60.16775,4e-05,-0.84709
11375.99,BTC-27SEP19,1561201144944,open,0.01,409.1,0.0005,0.0515,0.011323,108.58,0.014,0.0,BTC-27SEP19-5000-P,10912.23,107.85,0.011,0.1,0.014,14.0,114.29,5.06301,-2.83741,-1.55333,1e-05,-0.04012
11041.3,BTC-28JUN19,1561201144942,open,0.31,0.0,0.2325,0.3345,0.28335234,112.2,None,0.0,BTC-05JUL19-14000-P,10912.23,0.0,0.0,0.0,0.0,0.0,0.0,4.91103,-21.3967,-4.40046,0.0001,-0.84644
11041.3,BTC-28JUN19,1561201144942,open,0.19,0.0,0.1605,0.24,0.20046263,109.47,None,0.0,BTC-05JUL19-9000-C,10912.23,0.0,0.021,0.1,0.0,0.0,0.0,4.53248,-19.26763,2.5832,0.0001,0.86369
11375.99,BTC-27SEP19,1561201144944,open,0.4,0.0,0.318,0.427,0.37254811,106.29,None,0.0,BTC-27SEP19-14000-P,10912.23,102.1,0.364,3.6,0.38,3.6,109.93,23.25168,-12.75516,-27.61071,6e-05,-0.54192
11041.3,BTC-28JUN19,1561201144944,open,0.35,814.9,0.3265,0.406,0.36603832,112.53,0.34,0.0,BTC-28JUN19-7000-C,10912.23,0.0,0.33,2.0,0.9,0.1,500.0,0.02721,-0.26052,1.12583,0.0,0.99945
11375.99,BTC-27SEP19,1561201144945,open,0.54,0.0,0.452,0.5725,0.51248106,107.64,None,0.0,BTC-27SEP19-16000-P,10912.23,0.0,0.0045,10.0,1.174,0.2,500.0,22.08433,-12.26935,-34.56286,6e-05,-0.63224
11375.99,BTC-27SEP19,1561201144945,open,0.73,225.7,0.6975,0.777,0.73732633,112.3,0.693,0.0,BTC-27SEP19-3000-C,10912.23,0.0,0.0045,20.0,0.9415,5.0,500.0,0.81042,-0.46973,7.78741,0.0,0.99524
11041.3,BTC-28JUN19,1561201144945,open,0.0,1151.2,0.0005,0.04,2.61e-06,112.29,0.0005,0.0,BTC-28JUN19-6500-P,10912.23,0.0,0.0,0.0,0.001,10.1,192.69,0.00425,-0.02885,-0.00014,0.0,-8e-05
11375.99,BTC-27SEP19,1561201144946,open,0.49,716.2,0.455,0.5345,0.49490317,105.07,0.45,0.0,BTC-27SEP19-6000-C,10912.23,0.0,0.4725,1.0,0.55,1.0,165.87,8.14134,-4.41479,13.04121,2e-05,0.92683
11041.09,BTC-28JUN19,1561201144946,open,0.49,148.3,0.462,0.5415,0.50187116,159.49,0.402,0.0,BTC-28JUN19-5500-C,10912.23,0.0,0.0015,2.0,0.52,5.0,431.38,0.01044,-0.14165,0.88501,0.0,0.9998
11041.09,BTC-28JUN19,1561201144942,open,0.16,121.9,0.1285,0.208,0.16840897,99.92,0.157,0.0,BTC-26JUL19-10000-C,10912.23,93.07,0.161,7.0,0.195,14.0,124.26,11.97284,-17.65741,5.27844,0.00011,0.68352
11041.09,BTC-28JUN19,1561201144942,open,0.0,7.8,0.0005,0.042,0.002119,110.95,0.005,0.0,BTC-05JUL19-7500-P,10912.23,89.39,0.0005,11.0,0.005,42.9,130.95,1.21192,-5.22156,-0.10562,3e-05,-0.025
11375.99,BTC-27SEP19,1561201144943,open,1.59,0.1,1.4295,1.6315,1.53056518,107.62,2.02,0.0,BTC-27DEC19-28000-P,10912.23,0.0,0.0,0.0,0.0,0.0,0.0,24.01197,-6.87752,-135.43853,3e-05,-0.78243
11375.99,BTC-27SEP19,1561201144942,open,0.01,168.7,0.0005,0.046,0.00617563,106.79,0.0095,0.0,BTC-27DEC19-3000-P,10912.23,94.02,0.003,6.0,0.01,6.0,117.88,3.42111,-0.97229,-1.35036,0.0,-0.01689
11041.09,BTC-28JUN19,1561201144943,open,0.06,6.8,0.0225,0.102,0.06217684,110.13,0.0585,0.0,BTC-26JUL19-13500-C,10912.23,108.16,0.06,19.3,0.07,19.3,117.13,12.22596,-19.87339,2.77562,0.0001,0.33304
11375.99,BTC-27SEP19,1561201144942,open,0.69,4.0,0.661,0.7405,0.70097538,101.72,0.59,0.0,BTC-27DEC19-3500-C,10912.23,0.0,0.0045,10.0,0.7405,3.0,163.48,4.58471,-1.24113,16.11313,1e-05,0.97615
11041.09,BTC-28JUN19,1561201144942,open,0.11,22.7,0.0515,0.1385,0.09507361,99.9,0.1055,0.0,BTC-26JUL19-10500-P,10912.23,97.24,0.092,2.0,0.097,19.3,101.57,12.7603,-18.81529,-4.82226,0.00011,-0.37552
11041.09,BTC-28JUN19,1561201144942,open,0.12,20.0,0.0945,0.174,0.13401527,109.48,0.07,0.0,BTC-05JUL19-10000-C,10912.23,94.14,0.1245,0.1,0.155,2.0,141.89,6.9741,-29.65097,2.28442,0.00015,0.72054
11041.09,BTC-28JUN19,1561201144947,open,0.65,30.0,0.6205,0.7,0.6603667,237.09,0.298,0.0,BTC-28JUN19-3750-C,10912.23,0.0,0.0015,1.0,0.0,0.0,0.0,0.00512,-0.10338,0.60349,0.0,0.99991
11041.09,BTC-28JUN19,1561201144947,open,0.01,556.6,0.0005,0.0495,0.00951782,111.81,0.0105,0.0,BTC-28JUN19-13000-C,10912.23,109.95,0.009,24.0,0.014,24.0,126.5,3.11769,-29.6628,0.23188,0.00014,0.13998
11375.99,BTC-27SEP19,1561201144947,open,0.82,28.2,0.7845,0.864,0.82427945,112.34,0.755,0.0,BTC-27SEP19-2000-C,10912.23,0.0,0.0045,5.0,0.954,5.0,500.0,0.10333,-0.05992,5.29062,0.0,0.9995
11375.99,BTC-27SEP19,1561201144947,open,0.01,282.9,0.0005,0.049,0.00893999,108.58,0.0075,0.0,BTC-27SEP19-4750-P,10912.23,99.98,0.006,6.0,0.012,6.0,116.09,4.29461,-2.40679,-1.2607,1e-05,-0.03281
11041.09,BTC-28JUN19,1561201144942,open,0.01,35.0,0.0005,0.0445,0.00465751,110.95,0.0055,0.0,BTC-05JUL19-8000-P,10912.23,97.83,0.0025,5.0,0.007,10.0,121.9,2.11967,-9.13258,-0.21071,4e-05,-0.04944
11041.09,BTC-28JUN19,1561201144942,open,0.03,2.1,0.0005,0.0685,0.02858614,112.14,0.0295,0.0,BTC-05JUL19-13000-C,10912.23,113.66,0.0295,24.0,0.0405,24.0,131.2,6.60897,-28.77929,0.86773,0.00014,0.25137
11041.09,BTC-28JUN19,1561201144949,open,0.39,4.6,0.3055,0.4135,0.35946426,111.81,0.6335,0.0,BTC-28JUN19-15000-P,10912.23,0.0,0.0,0.0,0.471,0.1,431.13,0.63028,-5.99672,-2.38367,3e-05,-0.98165
11041.09,BTC-28JUN19,1561201144942,open,0.2,0.0,0.123,0.216,0.16951414,110.68,None,0.0,BTC-05JUL19-12500-P,10912.23,0.0,0.0,0.0,0.0,0.0,0.0,7.32597,-31.48654,-3.34387,0.00015,-0.68902
11041.09,BTC-28JUN19,1561201144946,open,0.49,0.0,0.464,0.5435,0.50363262,111.7,0.4,0.0,BTC-26JUL19-5500-C,10912.23,0.0,0.0015,1.0,0.0,0.0,0.0,1.14675,-1.89065,4.95034,1e-05,0.98672
11375.78,BTC-27SEP19,1561201144948,open,1.77,0.2,1.591,1.806,1.69848446,108.51,2.2245,0.0,BTC-27DEC19-30000-P,10912.23,0.0,0.0,0.0,0.0,0.0,0.0,22.56532,-6.51653,-146.53687,3e-05,-0.8041
11375.78,BTC-27SEP19,1561201144946,open,0.58,58.5,0.548,0.6275,0.58755086,98.4,0.4475,0.0,BTC-27DEC19-5000-C,10912.23,0.0,0.56,0.2,0.6205,0.5,129.9,10.29596,-2.69615,20.36942,2e-05,0.93542
11375.78,BTC-27SEP19,1561201144943,open,0.03,128.5,0.0005,0.068,0.02707151,98.39,0.0245,0.0,BTC-27DEC19-5000-P,10912.23,94.91,0.024,16.0,0.0315,10.0,103.14,10.29459,-2.69549,-5.36576,2e-05,-0.06457
11041.09,BTC-28JUN19,1561201144942,open,0.02,95.7,0.0005,0.056,0.01558256,109.46,0.014,0.0,BTC-05JUL19-9000-P,10912.23,98.99,0.0115,30.0,0.0185,10.0,116.36,4.53242,-19.26551,-0.59161,0.0001,-0.13631
11041.09,BTC-28JUN19,1561201144942,open,0.01,13.0,0.0005,0.049,0.00867751,109.46,0.016,0.0,BTC-05JUL19-8500-P,10912.23,95.26,0.005,30.0,0.0115,10.0,118.57,3.21432,-13.66292,-0.36314,7e-05,-0.08456
11375.78,BTC-27SEP19,1561201144948,open,1.42,0.0,1.2685,1.457,1.36273056,105.97,None,0.0,BTC-27DEC19-26000-P,10912.23,0.0,0.0045,10.0,2.178,0.2,500.0,25.35833,-7.15184,-124.30883,4e-05,-0.76024
11375.78,BTC-27SEP19,1561201144945,open,0.19,309.5,0.164,0.2435,0.2035931,97.91,0.2,0.0,BTC-27DEC19-14000-C,10912.23,95.78,0.1975,11.6,0.2145,3.6,101.73,32.50914,-8.47106,18.65727,5e-05,0.52223
11375.78,BTC-27SEP19,1561201144949,open,1.94,0.3,1.7535,1.9825,1.86779474,109.45,2.435,0.0,BTC-27DEC19-32000-P,10912.23,0.0,0.0,0.0,0.0,0.0,0.0,21.23584,-6.18544,-157.52232,3e-05,-0.8224
11375.78,BTC-27SEP19,1561201144944,open,0.01,96.6,0.0005,0.0485,0.00863986,101.72,0.011,0.0,BTC-27DEC19-3500-P,10912.23,96.0,0.0065,6.0,0.01,4.0,104.96,4.58439,-1.24099,-1.90216,1e-05,-0.02385
322.51,ETH-27SEP19,1561201145039,open,0.47,0.0,0.411,0.528,0.46967,103.16,None,0.0,ETH-27SEP19-440-P,307.41,73.48,0.415,36.0,0.523,36.0,129.78,0.63001,-0.33545,-0.93706,0.00221,-0.62504
311.78,ETH-28JUN19,1561201145041,open,0.03,252.0,0.001,0.066,0.025526,109.32,0.028,0.0,ETH-28JUN19-290-P,307.41,88.62,0.017,240.0,0.031,241.0,122.02,0.13249,-1.23249,-0.01519,0.00774,-0.27711
311.78,ETH-28JUN19,1561201145041,open,0.11,463.0,0.073,0.152,0.112319,101.97,0.125,0.0,ETH-26JUL19-320-C,307.41,101.71,0.112,120.0,0.147,144.0,130.67,0.37796,-0.56887,0.12043,0.00411,0.52853
11041.09,BTC-28JUN19,1561201145269,open,0.1,18.7,0.07,0.1495,0.10992308,104.96,0.099,0.0,BTC-26JUL19-11500-C,10912.23,106.26,0.1115,14.4,0.1225,14.4,115.32,13.41189,-20.7777,4.13015,0.00011,0.51297
11375.99,BTC-27SEP19,1561201145290,open,0.52,0.0,0.4415,0.561,0.50137137,98.12,None,0.0,BTC-27DEC19-15000-P,10912.23,92.03,0.484,3.6,0.5035,3.6,98.86,32.53306,-8.49494,-59.59091,5e-05,-0.51631
11375.99,BTC-27SEP19,1561201145292,open,0.4,0.0,0.318,0.427,0.37254811,106.29,None,0.0,BTC-27SEP19-14000-P,10912.23,102.1,0.364,3.6,0.3805,3.6,110.17,23.25168,-12.75516,-27.61071,6e-05,-0.54192
11041.09,BTC-28JUN19,1561201145298,open,0.06,6.8,0.0225,0.102,0.06217684,110.13,0.0585,0.0,BTC-26JUL19-13500-C,10912.23,108.16,0.06,19.3,0.0695,19.3,116.68,12.22596,-19.87339,2.77562,0.0001,0.33304
11041.3,BTC-28JUN19,1561201145309,open,0.08,23.0,0.0565,0.136,0.09634499,108.69,0.0865,0.0,BTC-28JUN19-10250-C,10912.23,96.97,0.0915,6.0,0.0975,3.0,111.43,4.64503,-42.96321,1.12355,0.00022,0.72847
11375.99,BTC-27SEP19,1561201145311,open,0.17,252.3,0.143,0.2225,0.18280945,98.12,0.1785,0.0,BTC-27DEC19-15000-C,10912.23,96.43,0.178,7.0,0.193,2.0,101.68,32.53307,-8.49508,17.6183,5e-05,0.48369
311.78,ETH-28JUN19,1561201145410,open,0.14,0.0,0.09,0.18,0.135249,105.17,None,0.0,ETH-05JUL19-340-P,307.41,55.71,0.103,180.0,0.157,180.0,135.32,0.2205,-0.90055,-0.0845,0.00611,-0.63303
11041.08,BTC-28JUN19,1561201145969,open,0.15,1.0,0.1255,0.205,0.16533779,109.47,0.104,0.0,BTC-05JUL19-9500-C,10912.23,0.0,0.086,1.0,0.25,1.0,248.37,5.84292,-24.83793,2.46355,0.00012,0.79785
11375.76,BTC-27SEP19,1561201145971,open,0.1,129.9,0.048,0.1345,0.09124667,96.33,0.0965,0.0,BTC-27DEC19-7500-P,10912.23,92.89,0.085,4.9,0.095,4.9,98.38,20.7678,-5.32396,-15.38373,3e-05,-0.17148
11375.76,BTC-27SEP19,1561201145971,open,0.02,143.1,0.0005,0.0545,0.01409106,101.72,0.0185,0.0,BTC-27DEC19-4000-P,10912.23,95.97,0.011,16.0,0.0175,10.0,107.41,6.4771,-1.75337,-2.94236,1e-05,-0.03616
11041.08,BTC-28JUN19,1561201145973,open,0.41,0.0,0.3775,0.457,0.41734212,109.5,None,0.0,BTC-26JUL19-6500-C,10912.23,0.0,0.0,0.0,0.0,0.0,0.0,2.87633,-4.64859,5.56461,2e-05,0.96038
11041.08,BTC-28JUN19,1561201145987,open,0.0,1155.3,0.0005,0.04,0.00046467,111.33,0.0005,0.0,BTC-28JUN19-8000-P,10912.23,0.0,0.0,0.0,0.005,10.5,166.83,0.35206,-3.33539,-0.01744,2e-05,-0.00935
11375.76,BTC-27SEP19,1561201146015,open,0.3,380.4,0.271,0.3505,0.31064142,103.86,0.3135,0.0,BTC-27SEP19-9000-C,10912.23,88.3,0.286,5.0,0.3165,1.0,107.51,18.23132,-9.77299,13.55838,5e-05,0.7597
11041.08,BTC-28JUN19,1561201146015,open,0.26,600.6,0.236,0.3155,0.27591212,111.78,0.245,0.0,BTC-28JUN19-8000-C,10912.23,0.0,0.0195,3.0,1.0,0.6,500.0,0.35936,-3.41809,1.26996,2e-05,0.99043
11375.76,BTC-27SEP19,1561201146024,open,0.91,0.0,0.8025,0.952,0.87717414,102.39,None,0.0,BTC-27DEC19-20000-P,10912.23,0.0,0.0045,5.0,1.663,0.2,500.0,30.0461,-8.18712,-89.75826,4e-05,-0.65573
11375.76,BTC-27SEP19,1561201146026,open,0.45,3.6,0.377,0.4915,0.43425336,97.9,0.514,0.0,BTC-27DEC19-14000-P,10912.23,91.87,0.417,3.6,0.436,3.6,98.51,32.5092,-8.47028,-53.40457,5e-05,-0.4778
11375.76,BTC-27SEP19,1561201146049,open,0.03,311.6,0.0005,0.063,0.02232877,105.06,0.0165,0.0,BTC-27SEP19-6000-P,10912.23,101.0,0.0195,8.0,0.026,6.0,110.04,8.1412,-4.41454,-2.88348,2e-05,-0.07317
311.77,ETH-28JUN19,1561201146065,open,20.0,0.001,0.054,0.014978,109.81,0.019,0.0,ETH-26JUL19-500-C,307.41,100.04,0.01,240.0,0.023,240.0,122.7,0.17462,-0.28301,0.02651,0.00176,0.10661
11041.08,BTC-28JUN19,1561201146073,open,0.13,14.4,0.067,0.1555,0.11136581,109.72,0.2095,0.0,BTC-28JUN19-12000-P,10912.23,0.0,0.0005,2.0,0.1555,0.1,202.29,4.85975,-45.37345,-1.44473,0.00023,-0.70148
11375.76,BTC-27SEP19,1561201146073,open,0.11,320.4,0.0795,0.159,0.1190854,102.4,0.1255,0.0,BTC-27DEC19-20000-C,10912.23,99.89,0.1125,8.0,0.126,5.9,105.0,30.0479,-8.18869,13.18847,4e-05,0.34432
11041.08,BTC-28JUN19,1561201146076,open,0.22,21.3,0.1875,0.267,0.22704719,101.36,0.231,0.0,BTC-26JUL19-9000-C,10912.23,88.28,0.216,7.0,0.254,8.0,130.92,9.61643,-14.38666,5.79786,8e-05,0.79284
11041.08,BTC-28JUN19,1561201146102,open,0.01,83.0,0.0005,0.0435,0.00347237,110.9,0.004,0.0,BTC-26JUL19-6000-P,10912.23,104.74,0.0025,7.0,0.006,31.0,123.27,1.91235,-3.13034,-0.28347,2e-05,-0.02419
11375.76,BTC-27SEP19,1561201146105,open,0.66,27.1,0.6225,0.702,0.66246682,101.72,0.542,0.0,BTC-27DEC19-4000-C,10912.23,0.0,0.013,10.0,0.676,0.5,121.98,6.47723,-1.75343,17.64666,1e-05,0.96384
11041.08,BTC-28JUN19,1561201146124,open,0.54,688.2,0.5075,0.587,0.54715477,178.62,0.5,0.0,BTC-28JUN19-5000-C,10912.23,0.0,0.25,1.9,0.6,10.0,500.0,0.0083,-0.12616,0.8046,0.0,0.99985
11375.76,BTC-27SEP19,1561201146136,open,0.0,105.4,0.0005,0.0405,0.00052331,112.29,0.0005,0.0,BTC-27DEC19-1500-P,10912.23,111.71,0.0005,1.0,0.0985,18.0,452.06,0.46149,-0.13791,-0.13389,0.0,-0.00176
311.77,ETH-28JUN19,1561201146147,open,0.03,0.0,0.001,0.069,0.029938,106.97,None,0.0,ETH-05JUL19-360-C,307.41,100.52,0.026,25.0,0.04,240.0,122.69,0.1933,-0.80298,0.02631,0.00527,0.26913
11041.08,BTC-28JUN19,1561201146155,open,0.23,10.0,0.199,0.2785,0.23882796,109.47,0.169,0.0,BTC-05JUL19-8500-C,10912.23,0.0,0.0,0.0,0.0,0.0,0.0,3.21476,-13.66588,2.63524,7e-05,0.91543
11041.08,BTC-28JUN19,1561201146157,open,0.51,0.0,0.418,0.5355,0.47661855,110.55,None,0.0,BTC-26JUL19-16000-P,10912.23,0.0,0.0,0.0,0.0,0.0,0.0,8.6831,-14.16866,-13.33393,7e-05,-0.8246
11041.08,BTC-28JUN19,1561201146181,open,0.32,17.0,0.295,0.3745,0.33474986,104.23,0.246,0.0,BTC-26JUL19-7500-C,10912.23,0.0,0.0,0.0,0.0,0.0,0.0,5.20215,-8.003,5.95305,4e-05,0.91569
11375.76,BTC-27SEP19,1561201146183,open,0.62,0.2,0.5925,0.672,0.63204054,110.13,0.26,0.0,BTC-27SEP19-4250-C,10912.23,0.0,0.0,0.0,0.7535,5.0,299.25,3.04557,-1.73111,10.45322,1e-05,0.97826
11041.08,BTC-28JUN19,1561201146194,open,0.05,133.3,0.0005,0.0835,0.0421686,101.34,0.047,0.0,BTC-26JUL19-9000-P,10912.23,99.42,0.0405,2.0,0.044,19.3,103.43,9.61569,-14.38291,-2.55461,8e-05,-0.20713
11375.76,BTC-27SEP19,1561201146225,open,0.69,261.1,0.655,0.7345,0.69458812,111.38,0.612,0.0,BTC-27SEP19-3500-C,10912.23,0.0,0.161,1.0,0.7035,0.1,149.82,1.50924,-0.86763,8.93093,0.0,0.99039
11041.08,BTC-28JUN19,1561201146225,open,0.03,458.8,0.0005,0.0775,0.03759814,108.37,0.039,0.0,BTC-28JUN19-11500-C,10912.23,102.07,0.0345,18.0,0.041,30.0,115.25,5.44593,-50.22118,0.66197,0.00026,0.41004
11375.76,BTC-27SEP19,1561201146225,open,0.0,604.3,0.0005,0.041,0.00103891,112.29,0.0005,0.0,BTC-27SEP19-3000-P,10912.23,102.74,0.0005,29.9,0.0045,6.0,140.26,0.81003,-0.46946,-0.17488,0.0,-0.00475
11041.08,BTC-28JUN19,1561201146236,open,0.25,27.8,0.22,0.2995,0.25987914,101.35,0.1925,0.0,BTC-26JUL19-8500-C,10912.23,83.22,0.2475,7.0,0.292,7.0,140.97,8.12666,-12.15642,5.96218,7e-05,0.84171
11041.08,BTC-28JUN19,1561201146236,open,0.01,52.1,0.0005,0.046,0.00605211,109.49,0.008,0.0,BTC-26JUL19-6500-P,10912.23,100.73,0.004,7.0,0.008,7.0,116.43,2.8762,-4.64829,-0.46802,2e-05,-0.03962
11375.76,BTC-27SEP19,1561201146280,open,0.07,20.1,0.0295,0.109,0.06924409,107.63,0.0655,0.0,BTC-27DEC19-28000-C,10912.23,104.86,0.0635,4.9,0.0735,4.9,109.62,24.01179,-6.87766,8.6852,3e-05,0.21757
11041.01,BTC-28JUN19,1561201146295,open,0.07,160.1,0.033,0.1125,0.07297537,110.13,0.066,0.0,BTC-26JUL19-13000-C,10912.23,107.54,0.07,19.3,0.08,19.3,116.18,12.75284,-20.72904,3.09315,0.0001,0.37483
11041.01,BTC-28JUN19,1561201146309,open,0.86,33.8,0.8245,0.904,0.86414643,416.72,0.7145,0.0,BTC-28JUN19-1500-C,10912.23,0.0,0.0,0.0,0.0,0.0,0.0,0.0016,-0.05666,0.24141,0.0,0.99997
11375.76,BTC-27SEP19,1561201146311,open,0.21,74.3,0.149,0.2445,0.19668433,95.91,0.191,0.0,BTC-27DEC19-10000-P,10912.23,92.02,0.187,5.0,0.201,4.9,97.65,28.27263,-7.21635,-28.94126,4e-05,-0.29758
311.77,ETH-28JUN19,1561201146348,open,0.0,0.554,0.683,0.618667,109.7,None,0.0,ETH-26JUL19-500-P,307.41,0.0,0.0,0.0,0.0,0.0,0.0,0.1743,-0.28223,-0.4376,0.00176,-0.89366
11041.01,BTC-28JUN19,1561201146412,open,0.31,0.0,0.283,0.3625,0.32283877,111.0,None,0.0,BTC-05JUL19-7500-C,10912.23,0.0,0.0,0.0,0.0,0.0,0.0,1.21379,-5.23188,2.53987,3e-05,0.97496
311.78,ETH-28JUN19,1561201146466,open,0.0,270.0,0.001,0.042,0.001999,109.42,0.003,0.0,ETH-26JUL19-160-P,307.41,98.85,0.001,150.0,0.004,240.0,123.16,0.03614,-0.05837,-0.00494,0.00037,-0.01508
311.77,ETH-28JUN19,1561201146466,open,0.01,0.0,0.001,0.054,0.014938,106.97,None,0.0,ETH-05JUL19-390-C,307.41,83.37,0.006,300.0,0.022,300.0,121.59,0.13972,-0.5804,0.01544,0.00381,0.15532
311.77,ETH-28JUN19,1561201146488,open,0.01,200.0,0.001,0.051,0.011713,106.99,0.015,0.0,ETH-05JUL19-400-C,307.41,82.54,0.004,300.0,0.018,300.0,121.62,0.12202,-0.50697,0.0127,0.00333,0.12721
311.77,ETH-28JUN19,1561201146602,open,0.02,20.0,0.001,0.063,0.023898,106.97,0.008,0.0,ETH-05JUL19-370-C,307.41,83.75,0.012,240.0,0.032,240.0,120.74,0.17609,-0.73149,0.02224,0.0048,0.22607
11041.01,BTC-28JUN19,1561201146625,open,0.01,47.0,0.0005,0.046,0.00612942,109.61,0.006,0.0,BTC-28JUN19-9250-P,10912.23,91.91,0.003,0.1,0.006,10.0,108.98,2.27029,-21.17552,-0.17043,0.00011,-0.08976
11041.01,BTC-28JUN19,1561201146661,open,0.03,13.8,0.0005,0.0665,0.02576017,109.46,0.0285,0.0,BTC-05JUL19-9500-P,10912.23,101.24,0.0215,24.0,0.028,10.0,113.66,5.84292,-24.83701,-0.88766,0.00012,-0.20215
311.77,ETH-28JUN19,1561201146857,open,0.07,11.0,0.042,0.121,0.081149,104.94,0.086,0.0,ETH-05JUL19-310-C,307.41,71.14,0.056,180.0,0.101,180.0,131.68,0.23172,-0.94424,0.05164,0.00644,0.5507
11041.01,BTC-28JUN19,1561201147019,open,0.43,0.0,0.341,0.4525,0.39679494,110.38,None,0.0,BTC-26JUL19-15000-P,10912.23,0.0,0.0,0.0,0.0,0.0,0.0,10.18115,-16.58708,-11.96968,8e-05,-0.7713
11375.76,BTC-27SEP19,1561201147170,open,0.11,42.6,0.062,0.1415,0.10198454,103.65,0.093,0.0,BTC-27DEC19-22000-C,10912.23,100.84,0.095,4.9,0.1085,5.9,106.23,28.51373,-7.8653,11.78349,4e-05,0.30323
11041.01,BTC-28JUN19,1561201147172,open,0.06,6.8,0.0225,0.102,0.06216916,110.13,0.0585,0.0,BTC-26JUL19-13500-C,10912.23,108.16,0.06,19.3,0.07,19.3,117.13,12.22563,-19.87226,2.77549,0.0001,0.33303
311.77,ETH-28JUN19,1561201147257,open,0.06,21.0,0.028,0.107,0.067204,105.17,0.071,0.0,ETH-05JUL19-320-C,307.41,74.11,0.044,180.0,0.085,180.0,128.92,0.23348,-0.95353,0.04614,0.00647,0.48678
11040.85,BTC-28JUN19,1561201147361,open,0.12,50.8,0.0905,0.17,0.13019698,109.71,0.1,0.0,BTC-28JUN19-9750-C,10912.23,0.0,0.0,0.0,0.17,3.0,212.75,3.51554,-32.82074,1.24766,0.00016,0.83218
11041.08,BTC-28JUN19,1561201147449,open,0.14,65.7,0.1045,0.184,0.1440903,99.92,0.154,0.0,BTC-26JUL19-10500-C,10912.23,106.75,0.152,14.4,0.163,14.4,116.27,12.7603,-18.81849,4.92258,0.00011,0.62448
11040.85,BTC-28JUN19,1561201147477,open,0.19,0.0,0.1705,0.25,0.21002983,110.71,None,0.0,BTC-28JUN19-8750-C,10912.23,0.0,0.0,0.0,0.281,0.1,347.7,1.26041,-11.87391,1.32906,6e-05,0.95781
311.77,ETH-28JUN19,1561201147490,open,0.09,0.0,0.05,0.137,0.093569,105.13,None,0.0,ETH-05JUL19-320-P,307.41,68.19,0.066,180.0,0.111,180.0,128.39,0.23348,-0.95313,-0.06674,0.00648,-0.51326
11041.01,BTC-28JUN19,1561201147531,open,0.07,13.5,0.0155,0.1,0.05770982,109.41,0.061,0.0,BTC-05JUL19-10500-P,10912.23,101.32,0.052,24.0,0.064,24.5,118.33,7.7889,-33.09387,-1.64325,0.00017,-0.36421
11041.08,BTC-28JUN19,1561201147534,open,0.07,350.3,0.042,0.1215,0.08156256,108.54,0.0845,0.0,BTC-28JUN19-10500-C,10912.23,99.65,0.0775,18.0,0.085,4.4,115.95,5.08693,-46.98551,1.04186,0.00024,0.66776
11041.01,BTC-28JUN19,1561201147544,open,0.1,18.7,0.07,0.1495,0.10991177,104.96,0.099,0.0,BTC-26JUL19-11500-C,10912.23,106.26,0.1115,14.4,0.123,14.4,115.73,13.41181,-20.77668,4.13006,0.00011,0.51296
11375.76,BTC-27SEP19,1561201147554,open,0.19,309.5,0.164,0.2435,0.20358331,97.91,0.2,0.0,BTC-27DEC19-14000-C,10912.23,95.78,0.1975,11.6,0.215,4.6,101.91,32.50912,-8.47084,18.65725,5e-05,0.52222
11375.76,BTC-27SEP19,1561201147556,open,0.52,0.0,0.4415,0.561,0.50139347,98.11,None,0.0,BTC-27DEC19-15000-P,10912.23,91.85,0.4835,3.6,0.5035,3.6,98.85,32.5323,-8.49421,-59.59164,5e-05,-0.51634
11041.08,BTC-28JUN19,1561201147582,open,0.17,0.0,0.1055,0.1975,0.1514791,104.95,None,0.0,BTC-26JUL19-11500-P,10912.23,90.98,0.1345,14.4,0.146,14.4,100.44,13.41189,-20.77623,-6.54302,0.00011,-0.48704
11041.08,BTC-28JUN19,1561201147590,open,0.08,11.2,0.0455,0.125,0.08545171,110.12,0.0725,0.0,BTC-26JUL19-12500-C,10912.23,106.8,0.0815,14.4,0.0925,14.4,116.03,13.14749,-21.37006,3.42704,0.00011,0.41989
11375.76,BTC-27SEP19,1561201147597,open,0.4,0.0,0.318,0.427,0.37256893,106.28,None,0.0,BTC-27SEP19-14000-P,10912.23,102.09,0.364,3.6,0.38,3.6,109.92,23.251,-12.75384,-27.61125,6e-05,-0.54195
11041.08,BTC-28JUN19,1561201147599,open,0.08,23.0,0.0565,0.136,0.09633228,108.72,0.0865,0.0,BTC-28JUN19-10250-C,10912.23,98.24,0.092,6.0,0.0975,3.0,111.46,4.6457,-42.98082,1.12337,0.00022,0.72838
11375.76,BTC-27SEP19,1561201147600,open,0.17,252.3,0.143,0.2225,0.18280025,98.12,0.1785,0.0,BTC-27DEC19-15000-C,10912.23,96.44,0.178,10.6,0.193,2.0,101.68,32.53239,-8.49504,17.61764,5e-05,0.48369
11041.08,BTC-28JUN19,1561201147602,open,0.04,39.5,0.0005,0.0735,0.03255648,108.5,0.034,0.0,BTC-28JUN19-10500-P,10912.23,105.13,0.031,3.0,0.037,24.0,118.11,5.08668,-46.96542,-0.6483,0.00024,-0.3322
11041.08,BTC-28JUN19,1561201147612,open,0.2,2.0,0.1375,0.2315,0.18450015,108.35,0.32,0.0,BTC-26JUL19-12000-P,10912.23,90.1,0.1625,14.4,0.1745,14.4,100.08,13.36799,-21.37913,-7.37048,0.00011,-0.53477
311.77,ETH-28JUN19,1561201147695,open,0.05,1.0,0.016,0.095,0.055062,105.18,0.059,0.0,ETH-05JUL19-330-C,307.41,77.55,0.035,180.0,0.071,180.0,126.7,0.22948,-0.93727,0.0407,0.00636,0.42509
311.77,ETH-28JUN19,1561201147895,open,0.23,0.0,0.183,0.281,0.232036,108.7,None,0.0,ETH-26JUL19-360-P,307.41,64.31,0.183,144.0,0.246,144.0,120.52,0.36547,-0.58633,-0.24248,0.00373,-0.60596
322.55,ETH-27SEP19,1561201147904,open,0.05,2917.0,0.011,0.09,0.05059,108.94,0.056,0.0,ETH-27SEP19-600-C,307.41,99.1,0.037,48.0,0.06,36.0,115.18,0.47158,-0.26515,0.13184,0.00157,0.2046
311.77,ETH-28JUN19,1561201147906,open,0.12,0.0,0.07,0.158,0.114034,109.46,None,0.0,ETH-28JUN19-340-P,307.41,74.07,0.1,60.0,0.129,60.0,142.44,0.13531,-1.26034,-0.04138,0.0079,-0.71045
322.55,ETH-27SEP19,1561201147906,open,0.09,2304.0,0.05,0.129,0.089836,106.53,0.079,0.0,ETH-27SEP19-480-C,307.41,100.07,0.078,140.0,0.11,54.0,117.17,0.59913,-0.32943,0.20252,0.00204,0.3264
311.77,ETH-28JUN19,1561201147906,open,0.04,771.0,0.001,0.078,0.037417,109.27,0.033,0.0,ETH-28JUN19-300-P,307.41,87.21,0.027,240.0,0.041,2.0,116.77,0.14859,-1.38169,-0.02016,0.00869,-0.36433
322.55,ETH-27SEP19,1561201147906,open,0.16,112.0,0.119,0.211,0.164909,100.95,0.157,0.0,ETH-27SEP19-300-P,307.41,95.21,0.154,110.0,0.166,1.0,101.52,0.61211,-0.31892,-0.43636,0.0022,-0.3448
322.55,ETH-27SEP19,1561201147911,open,0.0,8150.0,0.001,0.044,0.004482,105.92,0.003,0.0,ETH-27SEP19-120-P,307.41,98.83,0.003,60.0,0.006,60.0,111.88,0.07546,-0.04125,-0.01971,0.00026,-0.01855
311.77,ETH-28JUN19,1561201147911,open,0.02,270.0,0.001,0.065,0.024946,105.14,0.036,0.0,ETH-05JUL19-270-P,307.41,78.61,0.012,240.0,0.031,240.0,116.24,0.16593,-0.67746,-0.02519,0.0046,-0.20407
