underlying_price,underlying_index,timestamp,state,settlement_price,open_interest,min_price,max_price,mark_price,mark_iv,last_price,interest_rate,instrument_name,index_price,bid_iv,best_bid_price,best_bid_amount,best_ask_price,best_ask_amount,ask_iv,vega,theta,rho,gamma,delta
8417.47,BTC-27SEP19,1569409140024,open,0.02,26.1,0.0015,0.041,0.0178147,93.92,0.0175,0.0,BTC-27SEP19-8250-P,8419.47,87.19,0.016,30.5,0.018,4.0,94.6,2.27808,-57.03364,-0.16771,0.00067,-0.36989
8584.12,BTC-27MAR20,1569409140080,open,0.11,212.7,0.069,0.161,0.11502855,80.88,0.122,0.0,BTC-27MAR20-12000-C,8419.47,79.02,0.11,0.1,0.1175,16.3,81.79,23.26112,-5.11592,11.60641,8e-05,0.38342
8417.47,BTC-27SEP19,1569409140086,open,0.0,273.6,0.0005,0.0105,1.67e-05,125.0,0.0005,0.0,BTC-27SEP19-11250-C,8419.47,0.0,0.0,0.0,0.001,19.3,191.82,0.01475,-0.14061,0.0003,0.0,0.00071
8417.47,BTC-27SEP19,1569409140103,open,0.0,308.5,0.0005,0.0105,0.00022184,125.0,0.0005,0.0,BTC-27SEP19-10500-C,8419.47,138.43,0.0005,19.2,0.001,25.8,153.09,0.12807,-1.86733,0.00324,3e-05,0.00771
8584.12,BTC-27MAR20,1569409140179,open,0.37,8.4,0.3335,0.405,0.37038849,77.23,0.3495,0.0,BTC-27MAR20-6000-C,8419.47,0.0,0.0,0.0,0.68,3.5,243.92,15.81016,-3.32025,19.57952,6e-05,0.82316
168.74,ETH-27SEP19,1569409140218,open,0.82,857.0,0.727,0.832,0.777883,125.0,0.834,0.0,ETH-27SEP19-300-P,168.62,0.0,0.049,15.0,1.0,25.0,500.0,0.0,0.0,-0.01542,0.0,-1.0
8417.47,BTC-27SEP19,1569409140220,open,0.08,6.0,0.061,0.1095,0.08499109,109.66,0.106,0.0,BTC-27SEP19-7750-C,8419.47,96.04,0.083,6.0,0.087,10.1,121.71,1.32866,-38.83962,0.33619,0.00033,0.8622
168.74,ETH-27SEP19,1569409140220,open,0.02,7808.0,0.001,0.039,0.014126,121.82,0.03,0.0,ETH-27SEP19-160-P,168.62,103.37,0.01,160.0,0.016,404.0,129.83,0.039,-1.26638,-0.00235,0.02188,-0.25697
168.89,ETH-27DEC19,1569409140228,open,3.35,0.0,3.14,3.402,3.265401,114.71,None,0.0,ETH-27DEC19-720-P,168.62,0.0,0.003,5.0,0.0,0.0,0.0,0.02914,-0.018,-1.82732,0.00035,-0.98667
168.74,ETH-27SEP19,1569409140244,open,0.21,2305.0,0.151,0.225,0.186286,123.88,0.2,0.0,ETH-27SEP19-200-P,168.62,0.0,0.008,5.0,0.3,15.0,500.0,0.00841,-0.27767,-0.01002,0.00464,-0.96922
168.74,ETH-27SEP19,1569409140251,open,0.94,606.0,0.842,0.955,0.896409,125.0,0.6,0.0,ETH-27SEP19-320-P,168.62,0.0,0.592,1.0,0.0,0.0,0.0,0.0,0.0,-0.01644,0.0,-1.0
168.89,ETH-27DEC19,1569409140255,open,2.63,0.0,2.45,2.671,2.556081,108.42,0.953,0.0,ETH-27DEC19-600-P,168.62,0.0,0.0,0.0,0.0,0.0,0.0,0.04204,-0.02454,-1.51943,0.00053,-0.97955
168.74,ETH-27SEP19,1569409140255,open,2.15,12.0,1.992,2.176,2.081664,125.0,1.193,0.0,ETH-27SEP19-520-P,168.62,0.0,0.0,0.0,0.0,0.0,0.0,0.0,0.0,-0.02672,0.0,-1.0
168.89,ETH-27DEC19,1569409140259,open,1.91,21.0,1.762,1.947,1.84999,104.91,0.629,0.0,ETH-27DEC19-480-P,168.62,0.0,0.001,7.0,0.0,0.0,0.0,0.07888,-0.04455,-1.20599,0.00104,-0.95629
8446.89,SYN.BTC-25OCT19,1569409140259,open,0.0,386.2,0.0005,0.0125,0.00268053,97.54,0.002,0.0,BTC-25OCT19-15000-C,8419.47,89.78,0.0015,37.0,0.003,24.0,99.24,1.53153,-2.50021,0.17189,3e-05,0.02754
168.89,ETH-27DEC19,1569409140261,open,1.67,0.0,1.532,1.705,1.614736,101.26,None,0.0,ETH-27DEC19-440-P,168.62,0.0,0.001,8.0,0.0,0.0,0.0,0.09162,-0.04994,-1.10103,0.00125,-0.9473
168.74,ETH-27SEP19,1569409140283,open,2.64,27.0,2.453,2.665,2.555766,125.0,1.044,0.0,ETH-27SEP19-600-P,168.62,0.0,0.0,0.0,0.0,0.0,0.0,0.0,0.0,-0.03083,0.0,-1.0
168.89,ETH-27DEC19,1569409140283,open,2.87,0.0,2.68,2.913,2.791907,108.11,None,0.0,ETH-27DEC19-640-P,168.62,0.0,0.0,0.0,0.0,0.0,0.0,0.03225,-0.01877,-1.62312,0.00041,-0.98501
168.89,ETH-27DEC19,1569409140285,open,0.02,1289.0,0.008,0.05,0.025777,93.52,0.019,0.0,ETH-27DEC19-320-C,168.62,88.87,0.021,300.0,0.029,300.0,96.43,0.18175,-0.0915,0.04547,0.00268,0.13159
168.89,ETH-27DEC19,1569409140287,open,0.31,4188.0,0.233,0.348,0.292039,85.29,0.285,0.0,ETH-27DEC19-200-P,168.62,76.64,0.275,96.0,0.304,96.0,91.31,0.33454,-0.15361,-0.37071,0.0054,-0.57057
168.89,ETH-27DEC19,1569409140289,open,3.11,0.0,2.91,3.157,3.028631,111.43,None,0.0,ETH-27DEC19-680-P,168.62,0.0,0.002,10.0,0.0,0.0,0.0,0.03043,-0.01825,-1.72527,0.00038,-0.98599
168.89,ETH-27DEC19,1569409140289,open,2.38,0.0,2.22,2.428,2.319934,106.23,0.845,0.0,ETH-27DEC19-560-P,168.62,0.0,0.0,0.0,0.0,0.0,0.0,0.04891,-0.02797,-1.41622,0.00063,-0.97553
168.74,ETH-27SEP19,1569409140296,open,2.88,0.0,2.683,2.91,2.792817,125.0,None,0.0,ETH-27SEP19-640-P,168.62,0.0,0.0,0.0,0.0,0.0,0.0,0.0,0.0,-0.03289,0.0,-1.0
168.74,ETH-27SEP19,1569409140308,open,1.67,0.0,1.532,1.688,1.607562,125.0,None,0.0,ETH-27SEP19-440-P,168.62,0.0,0.0,0.0,0.0,0.0,0.0,0.0,0.0,-0.02261,0.0,-1.0
168.74,ETH-27SEP19,1569409140315,open,3.6,0.0,3.373,3.643,3.503971,250.0,None,0.0,ETH-27SEP19-760-P,168.62,0.0,0.0,0.0,0.0,0.0,0.0,0.0,0.0,-0.03906,0.0,-1.0
168.74,ETH-27SEP19,1569409140317,open,1.91,0.0,1.762,1.932,1.844613,125.0,None,0.0,ETH-27SEP19-480-P,168.62,0.0,0.0,0.0,0.0,0.0,0.0,0.0,0.0,-0.02467,0.0,-1.0
168.74,ETH-27SEP19,1569409140320,open,1.06,294.0,0.957,1.077,1.014934,0.0,1.024,0.0,ETH-27SEP19-340-P,168.62,0.0,0.0,0.0,0.0,0.0,0.0,0.0,0.0,-0.01747,0.0,-1.0
168.89,ETH-27DEC19,1569409140323,open,0.04,1719.0,0.015,0.068,0.039546,90.84,0.04,0.0,ETH-27DEC19-280-C,168.62,85.92,0.033,300.0,0.043,300.0,93.32,0.23196,-0.11344,0.0651,0.00352,0.19104
168.74,ETH-27SEP19,1569409140323,open,0.1,5668.0,0.04,0.116,0.078755,121.77,0.103,0.0,ETH-27SEP19-180-P,168.62,104.26,0.075,40.0,0.09,40.0,168.22,0.03787,-1.22919,-0.00725,0.02125,-0.7569
168.74,ETH-27SEP19,1569409140325,open,3.12,0.0,2.913,3.154,3.029868,0.0,None,0.0,ETH-27SEP19-680-P,168.62,0.0,0.0,0.0,0.0,0.0,0.0,0.0,0.0,-0.03494,0.0,-1.0
168.89,ETH-27DEC19,1569409140331,open,0.09,4094.0,0.048,0.118,0.082874,84.27,0.085,0.0,ETH-27DEC19-140-P,168.62,79.4,0.075,128.0,0.088,300.0,87.42,0.27446,-0.12452,-0.14589,0.00449,-0.2566
8424.82,SYN.BTC-4OCT19,1569409140384,open,0.15,101.8,0.1115,0.1755,0.14316689,88.55,0.148,0.0,BTC-4OCT19-9500-P,8419.47,75.16,0.1375,0.5,0.1505,4.0,103.93,3.80336,-18.97195,-1.9084,0.00025,-0.78838
168.75,SYN.ETH-4OCT19,1569409140393,open,0.28,11.0,0.211,0.296,0.252232,105.39,0.35,0.0,ETH-4OCT19-210-P,168.62,0.0,0.0,0.0,0.0,0.0,0.0,0.04815,-0.28589,-0.04704,0.0066,-0.89407
8584.12,BTC-27MAR20,1569409140386,open,0.03,129.9,0.008,0.055,0.0268699,87.28,0.0235,0.0,BTC-27MAR20-22000-C,8419.47,84.33,0.023,13.0,0.0275,21.0,87.74,11.69818,-2.77651,3.73576,4e-05,0.11326
8424.83,SYN.BTC-4OCT19,1569409140425,open,0.0,80.8,0.0005,0.011,0.00101898,123.77,0.0015,0.0,BTC-4OCT19-13000-C,8419.47,113.21,0.0005,0.5,0.0015,37.0,130.6,0.51857,-3.61566,0.03016,2e-05,0.01574
8417.47,BTC-27SEP19,1569409140443,open,0.0,82.2,0.0005,0.017,0.0034716,101.29,0.0025,0.0,BTC-27SEP19-9250-C,8419.47,88.41,0.002,72.5,0.004,0.5,105.26,1.08478,-29.22205,0.04321,0.00029,0.10336
168.89,ETH-27DEC19,1569409140464,open,0.22,5653.0,0.155,0.259,0.208802,84.34,0.318,0.0,ETH-27DEC19-180-P,168.62,76.98,0.194,96.0,0.221,96.0,90.42,0.3392,-0.15401,-0.29382,0.00554,-0.4749
8424.83,SYN.BTC-4OCT19,1569409140499,open,0.0,18.6,0.0005,0.011,0.00130199,118.32,0.001,0.0,BTC-4OCT19-12500-C,8419.47,104.37,0.0005,3.0,0.0015,30.0,120.78,0.64603,-4.30589,0.03906,3e-05,0.02037
8417.47,BTC-27SEP19,1569409140599,open,0.26,165.2,0.223,0.275,0.24762901,125.1,0.2305,0.0,BTC-27SEP19-10500-P,8419.47,0.0,0.2445,0.5,0.2515,1.0,198.33,0.12868,-4.29102,-0.53633,3e-05,-0.99225
8424.83,SYN.BTC-4OCT19,1569409140613,open,0.26,1.9,0.223,0.2845,0.2518503,97.31,0.3125,0.0,BTC-4OCT19-10500-P,8419.47,0.0,0.0025,0.5,1.261,2.0,500.0,2.03596,-11.16084,-2.39143,0.00012,-0.91546
8446.9,SYN.BTC-25OCT19,1569409140675,open,0.02,504.4,0.006,0.0395,0.01988423,85.56,0.019,0.0,BTC-25OCT19-11000-C,8419.47,82.9,0.018,25.3,0.0205,34.3,86.41,6.10171,-8.73719,1.03379,0.00012,0.16941
8417.47,BTC-27SEP19,1569409140742,open,0.11,221.9,0.0775,0.1305,0.10237792,101.3,0.1195,0.0,BTC-27SEP19-9250-P,8419.47,77.84,0.1,7.0,0.1045,6.0,116.06,1.08496,-29.2967,-0.43213,0.00029,-0.89662
8424.83,SYN.BTC-4OCT19,1569409140774,open,0.17,12.5,0.154,0.2,0.17666057,97.76,0.17,0.0,BTC-4OCT19-7000-C,8419.47,0.0,0.1555,6.0,0.188,6.0,132.26,2.27601,-12.53389,1.48547,0.00013,0.90175
168.79,SYN.ETH-25OCT19,1569409140774,open,0.36,482.0,0.281,0.382,0.331283,96.13,0.136,0.0,ETH-25OCT19-220-P,168.62,0.0,0.0,0.0,0.5,1.0,255.05,0.13696,-0.22033,-0.15569,0.00611,-0.79562
8584.14,BTC-27MAR20,1569409140787,open,0.01,73.6,0.002,0.0305,0.01192412,91.38,0.0155,0.0,BTC-27MAR20-30000-C,8419.47,88.06,0.0095,3.0,0.012,6.0,91.48,6.70583,-1.66637,1.83095,2e-05,0.05426
8417.47,BTC-27SEP19,1569409140820,open,0.11,0.0,0.091,0.136,0.11235915,119.85,None,0.0,BTC-27SEP19-7500-C,8419.47,91.95,0.11,6.0,0.1145,10.1,137.27,0.92099,-29.42388,0.34813,0.00021,0.91716
168.79,SYN.ETH-25OCT19,1569409140843,open,0.01,4770.0,0.001,0.02,0.007779,106.4,0.005,0.0,ETH-25OCT19-280-C,168.62,97.83,0.005,160.0,0.009,500.0,109.61,0.06156,-0.10961,0.00797,0.00248,0.06545
170.08,ETH-27MAR20,1569409140974,open,2.38,0.0,2.205,2.436,2.315336,99.25,None,0.0,ETH-27MAR20-560-P,168.62,0.0,0.01,10.0,0.0,0.0,0.0,0.19636,-0.05299,-2.76333,0.00136,-0.9098
168.79,SYN.ETH-25OCT19,1569409141001,open,0.01,695.0,0.002,0.026,0.011331,102.68,0.016,0.0,ETH-25OCT19-260-C,168.62,95.05,0.008,660.0,0.013,500.0,106.07,0.0802,-0.13783,0.01125,0.00335,0.09278
8424.83,SYN.BTC-4OCT19,1569409141005,open,0.1,75.3,0.0645,0.1285,0.0966472,87.17,0.1,0.0,BTC-4OCT19-9000-P,8419.47,80.71,0.093,18.0,0.1005,22.0,93.87,4.80297,-23.586,-1.55416,0.00032,-0.66198
8584.14,BTC-27MAR20,1569409141064,open,0.07,122.4,0.039,0.1015,0.06935972,77.23,0.068,0.0,BTC-27MAR20-6000-P,8419.47,75.68,0.0665,0.4,0.0705,4.9,77.85,15.8104,-3.32046,-10.64706,6e-05,-0.17685
168.89,ETH-27DEC19,1569409141081,open,1.07,0.0,0.963,1.111,1.034666,95.16,None,0.0,ETH-27DEC19-340-P,168.62,0.0,0.0,0.0,0.0,0.0,0.0,0.16195,-0.08297,-0.8264,0.00234,-0.88831
8417.47,BTC-27SEP19,1569409141087,open,0.0,514.0,0.0005,0.0105,6.57e-06,125.0,0.0005,0.0,BTC-27SEP19-11500-C,8419.47,0.0,0.0,0.0,0.001,30.0,203.86,0.00654,-0.05527,0.00012,0.0,0.00029
170.08,ETH-27MAR20,1569409141098,open,0.37,40.0,0.333,0.413,0.376478,82.7,0.459,0.0,ETH-27MAR20-120-C,168.61,0.0,0.096,1.0,0.0,0.0,0.0,0.32476,-0.07303,0.37372,0.00269,0.81265
170.08,ETH-27MAR20,1569409141098,open,0.02,913.0,0.008,0.037,0.021213,86.08,0.01,0.0,ETH-27MAR20-80-P,168.61,78.38,0.015,300.0,0.028,300.0,93.5,0.14714,-0.03444,-0.07112,0.00117,-0.06179
170.08,ETH-27MAR20,1569409141098,open,0.54,2.0,0.526,0.574,0.550874,86.12,0.597,0.0,ETH-27MAR20-80-C,168.61,0.0,0.07,20.0,0.0,0.0,0.0,0.14722,-0.03447,0.33184,0.00117,0.93817
168.89,ETH-27DEC19,1569409141099,open,0.02,506.0,0.004,0.034,0.015695,98.5,0.028,0.0,ETH-27DEC19-380-C,168.61,91.84,0.011,300.0,0.018,300.0,101.38,0.13051,-0.06921,0.02903,0.00183,0.08325
168.74,ETH-27SEP19,1569409141099,open,0.21,0.0,0.206,0.252,0.229671,134.26,None,0.0,ETH-27SEP19-130-C,168.61,0.0,0.0,0.0,0.0,0.0,0.0,0.00108,-0.03849,0.00665,0.00055,0.99709
168.74,ETH-27SEP19,1569409141100,open,0.0,100.0,0.001,0.011,4.1e-05,124.97,0.001,0.0,ETH-27SEP19-130-P,168.61,0.0,0.0,0.0,0.002,500.0,205.82,0.00061,-0.00691,-1e-05,0.00033,-0.00156
168.75,SYN.ETH-4OCT19,1569409141099,open,0.0,27.0,0.001,0.011,0.001121,125.01,0.001,0.0,ETH-4OCT19-260-C,168.61,0.0,0.0,0.0,0.004,500.0,152.44,0.0111,-0.07817,0.00065,0.00128,0.01701
168.75,SYN.ETH-4OCT19,1569409141099,open,0.0,21.0,0.001,0.011,0.001921,125.0,0.007,0.0,ETH-4OCT19-250-C,168.61,0.0,0.0,0.0,0.005,500.0,147.58,0.01666,-0.11729,0.00105,0.00192,0.0275
8417.47,BTC-27SEP19,1569409141113,open,0.34,218.9,0.3335,0.359,0.34659626,0.0,0.36,0.0,BTC-27SEP19-5500-C,8419.47,0.0,0.002,6.0,0.3635,0.1,500.0,0.0,0.0,0.28264,0.0,1.0
8513.15,BTC-27DEC19,1569409141113,open,0.48,74.4,0.4135,0.516,0.46412168,81.56,0.5545,0.0,BTC-27DEC19-12000-P,8419.47,0.0,0.18,0.1,0.0,0.0,0.0,14.05915,-6.17285,-25.98075,9e-05,-0.73525
168.73,ETH-27SEP19,1569409141112,open,0.0,5439.0,0.001,0.011,0.0,125.01,0.001,0.0,ETH-27SEP19-480-C,168.61,0.0,0.0,0.0,0.002,510.0,500.0,0.0,0.0,0.0,0.0,0.0
8513.15,BTC-27DEC19,1569409141113,open,0.0,705.4,0.0005,0.0115,0.00153053,97.79,0.002,0.0,BTC-27DEC19-30000-C,8419.47,87.26,0.0005,15.0,0.0025,39.0,103.52,1.19712,-0.6302,0.19492,1e-05,0.01053
8417.47,BTC-27SEP19,1569409141121,open,0.01,10.4,0.0005,0.022,0.00569633,109.67,0.007,0.0,BTC-27SEP19-7750-P,8419.47,101.76,0.0045,30.0,0.0065,37.0,114.64,1.32875,-38.8445,-0.06208,0.00033,-0.13781
8513.15,BTC-27DEC19,1569409141121,open,2.09,0.0,1.995,2.1245,2.05664597,94.11,None,0.0,BTC-27DEC19-26000-P,8419.47,0.0,0.0055,10.0,2.713,0.2,500.0,1.83201,-0.92818,-65.83982,1e-05,-0.98276
8584.14,BTC-27MAR20,1569409141133,open,0.24,75.3,0.1955,0.288,0.24404965,77.12,0.235,0.0,BTC-27MAR20-8000-C,8419.47,74.62,0.2375,10.5,0.2495,3.6,79.21,22.41575,-4.70093,17.82836,8e-05,0.65632
8417.47,BTC-27SEP19,1569409141148,open,1.16,1.0,1.097,1.182,1.1384123,268.68,0.7615,0.0,BTC-27SEP19-18000-P,8419.47,0.0,0.055,1.0,0.0,0.0,0.0,0.00146,-0.10425,-0.92498,0.0,-0.99994
8417.47,BTC-27SEP19,1569409141151,open,0.43,13.5,0.4245,0.4465,0.43569675,0.0,0.382,0.0,BTC-27SEP19-4750-C,8419.47,0.0,0.0055,10.0,0.4985,2.0,500.0,0.0,0.0,0.2441,0.0,1.0
8417.47,BTC-27SEP19,1569409141176,open,0.0,1220.7,0.0005,0.0105,4.106e-05,125.0,0.0005,0.0,BTC-27SEP19-11000-C,8419.47,0.0,0.0,0.0,0.001,1.0,179.37,0.03183,-0.34563,0.00069,1e-05,0.00163
8513.15,BTC-27DEC19,1569409141176,open,0.02,600.2,0.0075,0.0475,0.02370523,84.38,0.0245,0.0,BTC-27DEC19-15000-C,8419.47,82.77,0.022,0.4,0.0245,29.0,85.11,9.17027,-4.16559,2.34115,6e-05,0.13178
8417.47,BTC-27SEP19,1569409141176,open,0.2,1117.3,0.165,0.2175,0.18902108,124.97,0.1925,0.0,BTC-27SEP19-10000-P,8419.47,0.0,0.1855,0.5,0.1915,0.4,158.51,0.41254,-13.7428,-0.50128,9e-05,-0.96983
8513.15,BTC-27DEC19,1569409141190,open,0.33,123.1,0.301,0.358,0.32997328,79.18,0.325,0.0,BTC-27DEC19-6000-C,8419.47,69.91,0.32,4.0,0.3485,4.0,94.66,9.6067,-4.09507,11.45875,7e-05,0.85895
8417.47,BTC-27SEP19,1569409141190,open,0.16,723.7,0.1515,0.188,0.16898814,124.97,0.175,0.0,BTC-27SEP19-7000-C,8419.47,0.0,0.12,0.3,0.2685,4.0,500.0,0.26365,-8.78294,0.3518,6e-05,0.98227
8417.47,BTC-27SEP19,1569409141190,open,0.0,543.0,0.0005,0.0105,0.0,125.0,0.0005,0.0,BTC-27SEP19-14000-C,8419.47,0.0,0.0,0.0,0.0005,2.9,282.38,0.0,0.0,0.0,0.0,0.0
8513.15,BTC-27DEC19,1569409141190,open,0.1,226.7,0.06,0.1325,0.09611394,78.86,0.104,0.0,BTC-27DEC19-7500-P,8419.47,76.52,0.092,23.3,0.0975,9.0,79.64,14.98536,-6.36168,-8.63323,0.0001,-0.30243
8417.47,BTC-27SEP19,1569409141190,open,0.56,36.8,0.5145,0.5755,0.5444089,157.11,0.59,0.0,BTC-27SEP19-13000-P,8419.47,0.0,0.0,0.0,0.0,0.0,0.0,0.00174,-0.073,-0.66803,0.0,-0.99993
8417.47,BTC-27SEP19,1569409141192,open,0.76,28.2,0.7525,0.772,0.76239863,0.0,0.755,0.0,BTC-27SEP19-2000-C,8419.47,0.0,0.01,1.0,0.0,0.0,0.0,0.0,0.0,0.10278,0.0,1.0
8417.47,BTC-27SEP19,1569409141192,open,0.0,1266.1,0.0005,0.0105,0.00059292,125.0,0.0025,0.0,BTC-27SEP19-7000-P,8419.47,121.87,0.0005,46.0,0.0025,52.0,161.6,0.26393,-4.99092,-0.00793,6e-05,-0.01775
8513.15,BTC-27DEC19,1569409141195,open,0.02,790.9,0.0045,0.029,0.0143701,81.6,0.0155,0.0,BTC-27DEC19-5000-P,8419.47,78.66,0.0125,15.0,0.015,29.0,82.55,5.57298,-2.44823,-1.76219,4e-05,-0.06698
8513.15,BTC-27DEC19,1569409141207,open,0.42,65.4,0.407,0.448,0.4270386,81.59,0.5195,0.0,BTC-27DEC19-5000-C,8419.47,0.0,0.006,1.1,0.8435,5.0,500.0,5.57216,-2.44765,10.96089,4e-05,0.93303
8424.83,SYN.BTC-4OCT19,1569409141207,open,0.23,0.0,0.2135,0.254,0.23276092,110.04,None,0.0,BTC-4OCT19-6500-C,8419.47,0.0,0.0,0.0,0.0,0.0,0.0,1.46327,-9.07052,1.45896,8e-05,0.94491
8513.15,BTC-27DEC19,1569409141211,open,0.0,219.1,0.0005,0.0105,0.00084577,103.03,0.001,0.0,BTC-27DEC19-2500-P,8419.47,0.0,0.0,0.0,0.0015,15.0,111.16,0.55712,-0.309,-0.11423,0.0,-0.00443
8417.47,BTC-27SEP19,1569409141211,open,0.0,966.4,0.0005,0.011,0.00101424,124.94,0.0015,0.0,BTC-27SEP19-10000-C,8419.47,124.65,0.001,5.6,0.0015,1.3,133.71,0.41219,-8.53735,0.0126,9e-05,0.03014
8417.47,BTC-27SEP19,1569409141216,open,0.61,0.5,0.604,0.6235,0.61389778,0.0,0.694,0.0,BTC-27SEP19-3250-C,8419.47,0.0,0.01,1.0,0.94,0.1,500.0,0.0,0.0,0.16701,0.0,1.0
8417.47,BTC-27SEP19,1569409141234,open,0.0,657.8,0.0005,0.0105,0.0,125.0,0.0005,0.0,BTC-27SEP19-5000-P,8419.47,0.0,0.0,0.0,0.0005,38.1,306.45,0.0,0.0,0.0,0.0,0.0
8513.15,BTC-27DEC19,1569409141239,open,0.01,500.3,0.0005,0.0145,0.00471285,85.6,0.004,0.0,BTC-27DEC19-4000-P,8419.47,83.04,0.004,1.0,0.0045,39.9,84.86,2.48462,-1.14502,-0.63716,2e-05,-0.0247
8417.47,BTC-27SEP19,1569409141247,open,0.0,564.7,0.0005,0.0105,0.0,125.0,0.0005,0.0,BTC-27SEP19-16000-C,8419.47,0.0,0.0,0.0,0.002,15.0,408.68,0.0,0.0,0.0,0.0,0.0
8513.15,BTC-27DEC19,1569409141247,open,0.0,621.5,0.0005,0.011,0.00108135,105.4,0.001,0.0,BTC-27DEC19-36000-C,8419.47,97.89,0.0005,1145.9,0.0015,15.0,109.06,0.85983,-0.48788,0.13294,0.0,0.00722
8417.47,BTC-27SEP19,1569409141247,open,0.0,809.8,0.0005,0.0105,0.0,125.0,0.001,0.0,BTC-27SEP19-20000-C,8419.47,0.0,0.0,0.0,0.001,33.0,479.9,0.0,0.0,0.0,0.0,0.0
8513.15,BTC-27DEC19,1569409141247,open,0.0,229.1,0.0005,0.0125,0.00267127,89.79,0.004,0.0,BTC-27DEC19-3500-P,8419.47,82.22,0.0015,10.0,0.0035,44.0,93.94,1.56095,-0.75455,-0.36768,1e-05,-0.0143
8417.47,BTC-27SEP19,1569409141247,open,0.68,54.1,0.631,0.697,0.66320957,182.59,0.405,0.0,BTC-27SEP19-14000-P,8419.47,0.0,0.0055,10.0,0.0,0.0,0.0,0.00162,-0.07902,-0.71942,0.0,-0.99993
8513.15,BTC-27DEC19,1569409141257,open,0.0,485.1,0.0005,0.011,0.00100476,110.95,0.001,0.0,BTC-27DEC19-40000-C,8419.47,103.93,0.0005,2.5,0.0015,16.0,115.57,0.78159,-0.46683,0.11859,0.0,0.00648
8513.15,BTC-27DEC19,1569409141257,open,0.69,268.3,0.626,0.7285,0.67537853,83.36,0.802,0.0,BTC-27DEC19-14000-P,8419.47,0.0,0.0075,3.1,1.382,0.2,500.0,10.67431,-4.79039,-32.71044,7e-05,-0.83466
8513.15,BTC-27DEC19,1569409141257,open,0.53,31.1,0.522,0.549,0.53484765,85.59,0.6265,0.0,BTC-27DEC19-4000-C,8419.47,0.0,0.018,1.1,0.5715,0.2,149.9,2.48347,-1.14431,9.54137,2e-05,0.97531
8513.15,BTC-27DEC19,1569409141257,open,0.37,73.3,0.352,0.4015,0.37669796,80.03,0.491,0.0,BTC-27DEC19-5500-C,8419.47,0.0,0.007,2.1,0.4875,1.0,174.14,7.51259,-3.23668,11.34518,5e-05,0.90043
8417.47,BTC-27SEP19,1569409141264,open,0.92,32.4,0.864,0.9395,0.90081093,228.4,0.9625,0.0,BTC-27SEP19-16000-P,8419.47,0.0,0.01,2.0,0.0,0.0,0.0,0.00151,-0.09174,-0.8222,0.0,-0.99994
8417.47,BTC-27SEP19,1569409141264,open,0.0,1200.3,0.0005,0.0105,1.41e-06,125.0,0.0015,0.0,BTC-27SEP19-6000-P,8419.47,0.0,0.0,0.0,0.001,15.0,229.29,0.00161,-0.01188,-3e-05,0.0,-7e-05
8513.15,BTC-27DEC19,1569409141268,open,0.8,208.8,0.737,0.8395,0.78569971,84.39,0.911,0.0,BTC-27DEC19-15000-P,8419.47,0.0,0.0055,10.0,1.4915,0.2,500.0,9.17279,-4.1674,-35.82612,6e-05,-0.86817
8417.47,BTC-27SEP19,1569409141270,open,0.82,50.0,0.812,0.8315,0.82179897,0.0,0.8085,0.0,BTC-27SEP19-1500-C,8419.47,0.0,0.0,0.0,0.0,0.0,0.0,0.0,0.0,0.07708,0.0,1.0
8417.47,BTC-27SEP19,1569409141278,open,0.28,715.4,0.273,0.301,0.28719731,118.72,0.29,0.0,BTC-27SEP19-6000-C,8419.47,0.0,0.15,0.5,0.3315,3.0,500.0,0.00074,-0.02352,0.30832,0.0,0.99997
8513.15,BTC-27DEC19,1569409141278,open,0.48,4.1,0.464,0.498,0.48008861,83.77,0.578,0.0,BTC-27DEC19-4500-C,8419.47,0.0,0.0125,1.1,0.907,1.0,500.0,3.90246,-1.75983,10.33718,3e-05,0.95729
8513.15,BTC-27DEC19,1569409141278,open,0.01,849.6,0.0005,0.0205,0.00736282,88.9,0.0075,0.0,BTC-27DEC19-20000-C,8419.47,87.08,0.0065,1.1,0.008,34.0,90.17,4.1749,-1.99812,0.84651,3e-05,0.04644
8513.15,BTC-27DEC19,1569409141303,open,1.15,9.4,1.0765,1.1825,1.12638669,88.06,1.1125,0.0,BTC-27DEC19-18000-P,8419.47,0.0,0.0055,5.0,1.8215,0.2,500.0,5.87137,-2.78355,-44.50935,4e-05,-0.92833
8513.15,BTC-27DEC19,1569409141311,open,0.01,746.2,0.0005,0.0195,0.00868696,83.78,0.01,0.0,BTC-27DEC19-4500-P,8419.47,79.89,0.007,15.0,0.0095,29.0,85.51,3.90344,-1.76048,-1.11363,3e-05,-0.04272
8417.47,BTC-27SEP19,1569409141313,open,0.8,26.6,0.7475,0.818,0.78201025,206.28,0.459,0.0,BTC-27SEP19-15000-P,8419.47,0.0,0.33,5.0,0.0,0.0,0.0,0.00155,-0.08541,-0.77081,0.0,-0.99994
8417.47,BTC-27SEP19,1569409141313,open,0.0,350.4,0.0005,0.0105,0.0,125.0,0.0005,0.0,BTC-27SEP19-4750-P,8419.47,0.0,0.0,0.0,0.001,16.0,365.48,0.0,0.0,0.0,0.0,0.0
8513.15,BTC-27DEC19,1569409141313,open,0.65,0.0,0.6395,0.659,0.64906593,95.09,None,0.0,BTC-27DEC19-3000-C,8419.47,0.0,0.007,1.1,0.926,0.5,500.0,0.92922,-0.47569,7.43118,1e-05,0.99212
8513.15,BTC-27DEC19,1569409141317,open,0.0,466.7,0.0005,0.012,0.00227344,97.77,0.0015,0.0,BTC-27DEC19-28000-C,8419.47,93.13,0.0015,9.6,0.0025,24.0,98.91,1.6351,-0.8606,0.27774,1e-05,0.01509
8513.15,BTC-27DEC19,1569409141317,open,0.0,334.4,0.0005,0.0105,0.00075291,118.45,0.001,0.0,BTC-27DEC19-48000-C,8419.47,0.0,0.0,0.0,0.0015,25.0,126.62,0.58928,-0.37576,0.08582,0.0,0.00471
8513.15,BTC-27DEC19,1569409141317,open,0.04,455.9,0.016,0.07,0.04036961,82.14,0.0375,0.0,BTC-27DEC19-13000-C,8419.47,81.19,0.039,0.4,0.041,0.1,82.58,12.29538,-5.43716,3.62418,8e-05,0.20767
8513.15,BTC-27DEC19,1569409141317,open,2.8,0.3,2.6855,2.8405,2.76019407,100.14,1.875,0.0,BTC-27DEC19-32000-P,8419.47,0.0,0.0,0.0,0.0,0.0,0.0,1.03583,-0.5584,-81.26024,1e-05,-0.99108
8417.47,BTC-27SEP19,1569409141317,open,0.32,298.8,0.2815,0.334,0.30684858,125.4,0.271,0.0,BTC-27SEP19-11000-P,8419.47,0.0,0.0,0.0,0.0,0.0,0.0,0.03275,-1.09494,-0.56457,1e-05,-0.99831
8417.47,BTC-27SEP19,1569409141317,open,0.64,225.7,0.634,0.6535,0.64359795,0.0,0.693,0.0,BTC-27SEP19-3000-C,8419.47,0.0,0.0055,20.0,0.0,0.0,0.0,0.0,0.0,0.15417,0.0,1.0
8417.47,BTC-27SEP19,1569409141317,open,0.0,615.0,0.0005,0.0105,1e-08,125.0,0.0005,0.0,BTC-27SEP19-5500-P,8419.47,0.0,0.0,0.0,0.0005,0.1,255.22,2e-05,-0.00012,0.0,0.0,0.0
8513.15,BTC-27DEC19,1569409141317,open,0.0,239.8,0.0005,0.0105,0.00022547,124.99,0.0005,0.0,BTC-27DEC19-1500-P,8419.47,0.0,0.0,0.0,0.0005,2.0,136.02,0.15445,-0.10393,-0.02816,0.0,-0.00107
8417.47,BTC-27SEP19,1569409141326,open,0.0,406.8,0.0005,0.0105,0.0,125.0,0.0005,0.0,BTC-27SEP19-2500-P,8419.47,0.0,0.0,0.0,0.0005,10.0,500.0,0.0,0.0,0.0,0.0,0.0
8417.47,BTC-27SEP19,1569409141326,open,0.0,683.9,0.0005,0.0105,0.0,125.0,0.001,0.0,BTC-27SEP19-30000-C,8419.47,0.0,0.0,0.0,0.001,18.9,500.0,0.0,0.0,0.0,0.0,0.0
8513.15,BTC-27DEC19,1569409141326,open,0.03,550.4,0.011,0.0575,0.03085035,83.35,0.032,0.0,BTC-27DEC19-14000-C,8419.47,81.45,0.0285,13.0,0.0315,24.3,83.87,10.67245,-4.78894,2.91244,7e-05,0.1653
8417.47,BTC-27SEP19,1569409141326,open,0.06,1069.0,0.033,0.0845,0.05951002,100.43,0.047,0.0,BTC-27SEP19-8000-C,8419.47,90.93,0.0575,6.0,0.0615,1.1,109.41,1.82727,-48.91993,0.30782,0.0005,0.77112
8513.15,BTC-27DEC19,1569409141326,open,3.75,0.0,3.607,3.799,3.69965672,111.36,2.58,0.0,BTC-27DEC19-40000-P,8419.47,0.0,0.001,1.0,0.0,0.0,0.0,0.80389,-0.48194,-101.65929,0.0,-0.99331
8417.47,BTC-27SEP19,1569409141326,open,0.0,720.4,0.0005,0.0105,1e-08,125.0,0.0005,0.0,BTC-27SEP19-13000-C,8419.47,0.0,0.0,0.0,0.002,15.0,297.0,2e-05,-0.00011,0.0,0.0,0.0
8513.15,BTC-27DEC19,1569409141326,open,0.0,134.2,0.0005,0.0105,0.00074117,119.15,0.0005,0.0,BTC-27DEC19-2000-P,8419.47,0.0,0.0,0.0,0.0015,15.5,130.61,0.43509,-0.2791,-0.08884,0.0,-0.00336
8417.47,BTC-27SEP19,1569409141326,open,0.0,695.0,0.0005,0.0105,0.0,125.0,0.0005,0.0,BTC-27SEP19-18000-C,8419.47,0.0,0.0,0.0,0.002,15.0,469.14,0.0,0.0,0.0,0.0,0.0
8446.9,SYN.BTC-25OCT19,1569409141326,open,0.01,388.2,0.0015,0.0265,0.01119136,88.23,0.0105,0.0,BTC-25OCT19-12000-C,8419.47,84.8,0.0095,0.5,0.0115,24.0,88.83,4.33302,-6.39829,0.63466,8e-05,0.10299
8424.83,SYN.BTC-4OCT19,1569409141333,open,0.32,4.9,0.2805,0.341,0.30881594,99.89,0.116,0.0,BTC-4OCT19-11000-P,8419.47,0.0,0.001,27.0,1.319,2.0,500.0,1.37833,-7.75581,-2.57667,8e-05,-0.94891
8424.83,SYN.BTC-4OCT19,1569409141342,open,0.02,113.1,0.003,0.0355,0.01587108,91.82,0.016,0.0,BTC-4OCT19-7500-P,8419.47,86.06,0.0135,30.0,0.0175,36.0,95.64,3.54687,-18.3461,-0.41854,0.00022,-0.18843
8417.47,BTC-27SEP19,1569409141345,open,0.0,146.6,0.0005,0.0105,0.0,125.0,0.0005,0.0,BTC-27SEP19-26000-C,8419.47,0.0,0.0,0.0,0.002,15.0,500.0,0.0,0.0,0.0,0.0,0.0
8417.47,BTC-27SEP19,1569409141345,open,0.0,125.2,0.0005,0.0105,0.0,125.0,0.0005,0.0,BTC-27SEP19-3750-P,8419.47,0.0,0.0,0.0,0.002,15.0,500.0,0.0,0.0,0.0,0.0,0.0
8417.47,BTC-27SEP19,1569409141345,open,0.08,2172.7,0.049,0.103,0.07532139,95.3,0.075,0.0,BTC-27SEP19-9000-P,8419.47,81.56,0.073,6.0,0.077,7.0,104.11,1.53981,-39.11658,-0.39064,0.00044,-0.82776
8417.47,BTC-27SEP19,1569409141345,open,0.0,392.7,0.0005,0.0105,0.0,125.0,0.0005,0.0,BTC-27SEP19-4500-P,8419.47,0.0,0.0,0.0,0.0005,30.0,362.65,0.0,0.0,0.0,0.0,0.0
8513.15,BTC-27DEC19,1569409141349,open,0.0,1541.5,0.0005,0.0105,0.00050917,118.83,0.001,0.0,BTC-27DEC19-52000-C,8419.47,0.0,0.0,0.0,0.001,34.0,126.29,0.42476,-0.27173,0.05984,0.0,0.00327
8513.15,BTC-27DEC19,1569409141361,open,0.59,4.0,0.5815,0.603,0.59153918,89.77,0.666,0.0,BTC-27DEC19-3500-C,8419.47,0.0,0.021,1.1,0.9515,1.0,500.0,1.55972,-0.75379,8.53857,1e-05,0.98571
8417.47,BTC-27SEP19,1569409141382,open,0.0,670.5,0.0005,0.0105,0.0,125.0,0.001,0.0,BTC-27SEP19-22000-C,8419.47,0.0,0.0,0.0,0.001,25.9,500.0,0.0,0.0,0.0,0.0,0.0
8417.47,BTC-27SEP19,1569409141382,open,0.0,492.7,0.0005,0.0105,0.0,125.0,0.0005,0.0,BTC-27SEP19-2000-P,8419.47,0.0,0.0,0.0,0.0005,3.0,500.0,0.0,0.0,0.0,0.0,0.0
8417.47,BTC-27SEP19,1569409141382,open,0.0,976.2,0.0005,0.0105,0.0,125.0,0.0005,0.0,BTC-27SEP19-15000-C,8419.47,0.0,0.0,0.0,0.0005,29.9,314.96,0.0,0.0,0.0,0.0,0.0
8513.15,BTC-27DEC19,1569409141388,open,0.82,0.9,0.8145,0.834,0.82402602,124.91,0.8325,0.0,BTC-27DEC19-1500-C,8419.47,0.0,0.023,10.0,0.951,0.5,500.0,0.15371,-0.10337,3.7888,0.0,0.99893
8513.15,BTC-27DEC19,1569409141388,open,0.76,0.0,0.756,0.7755,0.76580857,119.12,None,0.0,BTC-27DEC19-2000-C,8419.47,0.0,0.018,0.1,0.9415,0.5,500.0,0.4343,-0.2785,5.00043,0.0,0.99665
8513.15,BTC-27DEC19,1569409141390,open,0.13,582.1,0.084,0.1645,0.12459931,78.86,0.1245,0.0,BTC-27DEC19-8000-P,8419.47,76.69,0.1205,23.3,0.126,0.4,79.6,16.08462,-6.82835,-10.52397,0.00011,-0.36123
8417.47,BTC-27SEP19,1569409141396,open,0.7,55.9,0.693,0.7125,0.70299829,0.0,0.689,0.0,BTC-27SEP19-2500-C,8419.47,0.0,0.0055,10.0,0.0,0.0,0.0,0.0,0.0,0.12847,0.0,1.0
8417.47,BTC-27SEP19,1569409141396,open,0.4,789.2,0.394,0.4175,0.40599658,0.0,0.5015,0.0,BTC-27SEP19-5000-C,8419.47,0.0,0.051,7.5,0.506,6.5,500.0,0.0,0.0,0.25694,0.0,1.0
8417.47,BTC-27SEP19,1569409141396,open,1.4,0.2,1.3295,1.4245,1.37601367,304.66,1.3905,0.0,BTC-27SEP19-20000-P,8419.47,0.0,0.0055,10.0,0.0,0.0,0.0,0.00144,-0.11665,-1.02775,0.0,-0.99994
8417.47,BTC-27SEP19,1569409141417,open,0.44,110.3,0.398,0.4545,0.42560912,132.68,0.54,0.0,BTC-27SEP19-12000-P,8419.47,0.0,0.008,4.1,0.0,0.0,0.0,0.00275,-0.09742,-0.61662,0.0,-0.99988
8513.15,BTC-27DEC19,1569409141417,open,0.7,0.0,0.6975,0.717,0.70718,102.99,None,0.0,BTC-27DEC19-2500-C,8419.47,0.0,0.021,1.1,0.933,0.5,500.0,0.55601,-0.30828,6.24739,0.0,0.99558
8417.47,BTC-27SEP19,1569409141420,open,0.0,586.8,0.0005,0.0105,0.0,125.0,0.0005,0.0,BTC-27SEP19-3000-P,8419.47,0.0,0.0,0.0,0.0005,32.0,500.0,0.0,0.0,0.0,0.0,0.0
8417.47,BTC-27SEP19,1569409141423,open,0.0,49.2,0.0005,0.0105,0.0,125.0,0.0015,0.0,BTC-27SEP19-3250-P,8419.47,0.0,0.0,0.0,0.0005,0.9,500.0,0.0,0.0,0.0,0.0,0.0
8417.47,BTC-27SEP19,1569409141423,open,0.58,261.1,0.5745,0.594,0.58419761,0.0,0.622,0.0,BTC-27SEP19-3500-C,8419.47,0.0,0.161,1.0,0.0,0.0,0.0,0.0,0.0,0.17986,0.0,1.0
8513.15,BTC-27DEC19,1569409141423,open,0.0,433.2,0.0005,0.0105,0.00076598,113.62,0.001,0.0,BTC-27DEC19-44000-C,8419.47,0.0,0.0,0.0,0.0015,15.0,121.37,0.61541,-0.37644,0.09063,0.0,0.00495
8584.16,BTC-27MAR20,1569409141534,open,3.01,0.0,2.885,3.062,2.96881778,92.26,None,0.0,BTC-27MAR20-34000-P,8419.47,0.0,0.0,0.0,0.0,0.0,0.0,5.03426,-1.26299,-169.98615,1e-05,-0.96201
8584.16,BTC-27MAR20,1569409141609,open,0.18,213.7,0.127,0.2235,0.1760074,77.13,0.172,0.0,BTC-27MAR20-8000-P,8419.47,75.21,0.171,8.5,0.1795,9.9,78.46,22.41571,-4.70111,-22.47334,8e-05,-0.34368
8584.16,BTC-27MAR20,1569409141740,open,0.04,121.2,0.0175,0.0795,0.0447571,84.91,0.047,0.0,BTC-27MAR20-18000-C,8419.2,82.27,0.04,15.0,0.0455,14.7,85.31,15.81286,-3.65109,5.71404,5e-05,0.17689
8584.16,BTC-27MAR20,1569409141740,open,2.54,0.0,2.4295,2.5935,2.50674137,91.39,None,0.0,BTC-27MAR20-30000-P,8419.2,0.0,0.0,0.0,0.0,0.0,0.0,6.70864,-1.66725,-149.29888,2e-05,-0.94571
8584.16,BTC-27MAR20,1569409141740,open,2.08,0.0,1.9745,2.1265,2.04611998,89.34,None,0.0,BTC-27MAR20-26000-P,8419.2,0.0,0.0,0.0,0.0,0.0,0.0,8.7365,-2.12243,-128.42879,3e-05,-0.92372
8584.16,BTC-27MAR20,1569409141740,open,1.61,5.9,1.5225,1.665,1.58974135,87.29,1.612,0.0,BTC-27MAR20-22000-P,8419.2,0.0,1.5405,1.0,1.6475,1.0,118.8,11.70083,-2.7774,-107.0924,4e-05,-0.88671
8584.16,BTC-27MAR20,1569409141740,open,0.02,110.8,0.006,0.0465,0.02127635,88.25,0.018,0.0,BTC-27MAR20-24000-C,8419.2,84.86,0.0175,17.0,0.022,21.0,88.86,10.06143,-2.41452,3.06093,3e-05,0.09206
8584.16,BTC-27MAR20,1569409141740,open,0.16,119.9,0.1155,0.213,0.16598346,79.31,0.1595,0.0,BTC-27MAR20-10000-C,8419.2,76.67,0.1585,10.5,0.1685,12.1,80.2,24.30528,-5.24202,14.62171,8e-05,0.5041
8584.16,BTC-27MAR20,1569409141740,open,0.73,59.4,0.6475,0.7795,0.71276083,82.32,0.715,0.0,BTC-27MAR20-14000-P,8419.2,72.6,0.69,4.2,0.766,2.0,102.88,20.95149,-4.68984,-61.40261,7e-05,-0.70714
8584.16,BTC-27MAR20,1569409141740,open,0.52,49.2,0.4485,0.576,0.51295815,80.88,0.525,0.0,BTC-27MAR20-12000-P,8419.2,63.05,0.4665,5.0,0.5415,5.0,91.27,23.26142,-5.1161,-48.84563,8e-05,-0.61657
8584.16,BTC-27MAR20,1569409141740,open,1.16,0.0,1.0765,1.2125,1.14164741,84.91,0.8095,0.0,BTC-27MAR20-18000-P,8419.2,0.0,1.0945,1.0,1.1875,1.0,106.49,15.81357,-3.65137,-84.96405,5e-05,-0.8231
8584.16,BTC-27MAR20,1569409141740,open,1.84,0.0,1.748,1.895,1.8171301,88.26,None,0.0,BTC-27MAR20-24000-P,8419.2,0.0,0.0,0.0,0.0,0.0,0.0,10.06307,-2.41507,-117.84304,3e-05,-0.90792
8584.16,BTC-27MAR20,1569409141740,open,0.55,1.1,0.5315,0.569,0.54970152,80.12,0.5375,0.0,BTC-27MAR20-4000-C,8419.2,0.0,0.0,0.0,0.999,2.6,500.0,6.46844,-1.40927,17.23054,2e-05,0.94815
8417.47,BTC-27SEP19,1569409141740,open,0.0,214.3,0.0005,0.0105,0.00048529,125.0,0.001,0.0,BTC-27SEP19-10250-C,8419.2,125.51,0.0005,2.0,0.0015,38.7,148.95,0.23691,-4.08491,0.00656,5e-05,0.01564
8584.16,BTC-27MAR20,1569409141740,open,1.39,0.0,1.298,1.4365,1.36393667,85.97,None,0.0,BTC-27MAR20-20000-P,8419.2,52.14,1.332,1.0,1.4095,1.0,109.64,13.54888,-3.16719,-96.18066,4e-05,-0.86018
8417.47,BTC-27SEP19,1569409141740,open,0.0,272.3,0.0005,0.0125,0.00176962,121.54,0.002,0.0,BTC-27SEP19-9750-C,8419.2,117.73,0.0015,0.1,0.002,37.0,124.54,0.62403,-14.89569,0.02094,0.00014,0.05017
8417.47,BTC-27SEP19,1569409141740,open,0.04,28.7,0.0115,0.0625,0.03770861,93.91,0.033,0.0,BTC-27SEP19-8250-C,8419.2,85.72,0.0355,18.0,0.0375,0.3,93.14,2.27807,-57.0297,0.25626,0.00067,0.63012
8583.89,BTC-27MAR20,1569409141740,open,0.94,0.1,0.8585,0.9925,0.92382747,83.7,0.62,0.0,BTC-27MAR20-16000-P,8419.2,68.92,0.8955,1.0,0.97,1.0,103.37,18.33081,-4.17201,-73.40728,6e-05,-0.77373
8417.47,BTC-27SEP19,1569409141740,open,0.06,3.7,0.024,0.079,0.05153667,93.87,0.065,0.0,BTC-27SEP19-8750-P,8419.2,81.26,0.0485,7.0,0.053,1.0,99.74,2.07831,-52.00631,-0.32774,0.00061,-0.70613
8513.18,BTC-27DEC19,1569409141740,open,0.0,642.0,0.0005,0.0135,0.00363676,92.9,0.003,0.0,BTC-27DEC19-24000-C,8419.2,85.96,0.002,32.0,0.004,24.0,94.13,2.4248,-1.21267,0.44099,1e-05,0.02399
8583.89,BTC-27MAR20,1569409141740,open,2.31,0.0,2.202,2.3605,2.27644226,90.68,None,0.0,BTC-27MAR20-28000-P,8419.2,0.0,0.0,0.0,0.0,0.0,0.0,7.71104,-1.90128,-138.87888,2e-05,-0.93515
8417.47,BTC-27SEP19,1569409141740,open,1.87,0.2,1.7955,1.909,1.85121301,125.0,1.6,0.0,BTC-27SEP19-24000-P,8419.2,0.0,0.0,0.0,0.0,0.0,0.0,0.0,0.0,-1.23333,0.0,-1.0
8417.47,BTC-27SEP19,1569409141741,open,0.46,289.7,0.4545,0.4755,0.46539692,0.0,0.588,0.0,BTC-27SEP19-4500-C,8419.2,0.0,0.002,7.6,0.5655,6.5,500.0,0.0,0.0,0.23125,0.0,1.0
8417.47,BTC-27SEP19,1569409141740,open,2.11,0.0,2.0285,2.1515,2.08881777,394.25,None,0.0,BTC-27SEP19-26000-P,8419.2,0.0,0.0,0.0,0.0,0.0,0.0,0.00146,-0.15344,-1.33609,0.0,-0.99994
8583.89,BTC-27MAR20,1569409141740,open,3.71,1.0,3.5695,3.772,3.66595256,96.58,2.7125,0.0,BTC-27MAR20-40000-P,8419.2,0.0,0.0005,2.0,0.0,0.0,0.0,3.98005,-1.04526,-200.53448,1e-05,-0.97144
8513.18,BTC-27DEC19,1569409141740,open,0.08,325.6,0.0405,0.104,0.07151966,78.86,0.07,0.0,BTC-27DEC19-7000-P,8419.2,76.63,0.068,23.3,0.0725,10.0,79.47,13.49453,-5.72881,-6.85257,9e-05,-0.24482
8513.18,BTC-27DEC19,1569409141741,open,0.0,463.3,0.0005,0.0125,0.00252212,93.99,0.0025,0.0,BTC-27DEC19-26000-C,8419.2,84.45,0.001,61.0,0.0035,56.0,98.07,1.81952,-0.9207,0.31577,1e-05,0.0171
8417.47,BTC-27SEP19,1569409141741,open,0.35,3.0,0.3105,0.364,0.3365228,125.0,0.1835,0.0,BTC-27SEP19-11250-P,8419.2,0.0,0.0,0.0,0.0,0.0,0.0,0.01475,-0.49147,-0.57783,0.0,-0.99929
8513.18,BTC-27DEC19,1569409141740,open,0.38,247.8,0.3145,0.4165,0.3656067,80.68,0.4865,0.0,BTC-27DEC19-11000-P,8419.2,0.0,0.16,0.1,1.057,0.4,499.78,15.64434,-6.79501,-22.32576,0.00011,-0.66503
8417.47,BTC-27SEP19,1569409141741,open,0.17,337.7,0.136,0.189,0.16007622,121.55,0.171,0.0,BTC-27SEP19-9750-P,8419.2,0.0,0.156,0.5,0.1625,1.0,146.92,0.62429,-20.22828,-0.48009,0.00014,-0.9498
8417.47,BTC-27SEP19,1569409141741,open,0.01,20.3,0.0005,0.0325,0.01203102,93.87,0.01,0.0,BTC-27SEP19-8750-C,8419.2,83.4,0.0095,31.0,0.0125,6.2,95.76,2.07829,-52.00363,0.12191,0.00061,0.29386
8417.47,BTC-27SEP19,1569409141741,open,0.38,25.6,0.3395,0.3945,0.36621442,126.9,0.3505,0.0,BTC-27SEP19-11500-P,8419.2,0.0,0.0,0.0,0.0,0.0,0.0,0.00784,-0.26507,-0.59082,0.0,-0.99964
8513.18,BTC-27DEC19,1569409141741,open,0.01,476.8,0.002,0.029,0.01199366,88.04,0.013,0.0,BTC-27DEC19-18000-C,8419.2,86.56,0.011,5.0,0.012,24.0,88.05,5.86679,-2.78059,1.29116,4e-05,0.0716
8513.18,BTC-27DEC19,1569409141741,open,1.38,4.6,1.305,1.4145,1.35666977,88.92,1.466,0.0,BTC-27DEC19-20000-P,8419.2,0.0,0.0055,5.0,2.0425,0.2,500.0,4.17786,-1.99993,-50.04358,3e-05,-0.95352
8417.47,BTC-27SEP19,1569409141741,open,0.01,192.5,0.0005,0.017,0.00336425,119.86,0.0025,0.0,BTC-27SEP19-7500-P,8419.2,105.85,0.002,46.0,0.0045,37.5,129.55,0.92112,-28.31845,-0.0373,0.00021,-0.08286
8583.89,BTC-27MAR20,1569409141741,open,3.24,0.0,3.113,3.2985,3.20106876,93.6,None,0.0,BTC-27MAR20-36000-P,8419.2,0.0,0.0,0.0,0.0,0.0,0.0,4.59119,-1.1686,-180.1987,1e-05,-0.96605
8417.47,BTC-27SEP19,1569409141741,open,0.02,146.2,0.0025,0.0455,0.02218377,93.28,0.021,0.0,BTC-27SEP19-8500-C,8419.2,83.82,0.0195,24.5,0.023,19.5,96.15,2.3921,-59.47797,0.18732,0.0007,0.45522
8513.18,BTC-27DEC19,1569409141741,open,0.0,398.5,0.0005,0.011,0.00146484,95.12,0.0055,0.0,BTC-27DEC19-3000-P,8419.2,90.31,0.001,10.0,0.002,15.1,99.52,0.93044,-0.47644,-0.20276,1e-05,-0.0079
8417.47,BTC-27SEP19,1569409141741,open,0.0,492.3,0.0005,0.0105,1.2e-07,125.0,0.0035,0.0,BTC-27SEP19-12500-C,8419.2,0.0,0.0,0.0,0.001,15.0,248.51,0.00017,-0.00097,0.0,0.0,1e-05
8512.91,BTC-27DEC19,1569409141742,open,1.62,4.9,1.5345,1.6505,1.58930019,90.7,1.0385,0.0,BTC-27DEC19-22000-P,8419.2,0.0,0.0075,2.0,2.265,0.3,500.0,3.11554,-1.52135,-55.38569,2e-05,-0.96758
8512.91,BTC-27DEC19,1569409141742,open,0.92,22.0,0.849,0.952,0.89782687,85.28,1.0275,0.0,BTC-27DEC19-16000-P,8419.2,0.0,0.4,0.2,1.6005,0.2,499.9,7.82667,-3.59338,-38.82785,5e-05,-0.89466
8512.91,BTC-27DEC19,1569409141741,open,5.18,0.8,4.9885,5.236,5.10875671,116.12,3.59,0.0,BTC-27DEC19-52000-P,8419.2,0.0,0.001,2.0,0.0,0.0,0.0,0.34317,-0.21453,-132.26851,0.0,-0.99742
8512.91,BTC-27DEC19,1569409141742,open,0.0,393.5,0.0005,0.0155,0.00504184,90.85,0.006,0.0,BTC-27DEC19-22000-C,8419.2,87.8,0.004,15.0,0.0055,24.0,92.05,3.1362,-1.53382,0.59871,2e-05,0.03268
8417.47,BTC-27SEP19,1569409141741,open,0.0,484.6,0.0005,0.0105,0.0,125.0,0.0005,0.0,BTC-27SEP19-4000-P,8419.2,0.0,0.0,0.0,0.0005,32.0,425.19,0.0,0.0,0.0,0.0,0.0
8583.89,BTC-27MAR20,1569409141742,open,0.01,479.9,0.0005,0.019,0.00618537,96.85,0.0085,0.0,BTC-27MAR20-40000-C,8419.2,94.14,0.005,2.0,0.006,21.0,96.45,4.0344,-1.06247,0.98805,1e-05,0.02903
8417.47,BTC-27SEP19,1569409141742,open,0.0,50.1,0.0005,0.0135,0.00217747,109.02,0.003,0.0,BTC-27SEP19-9500-C,8419.2,93.44,0.001,33.5,0.003,37.0,117.26,0.77103,-18.32875,0.02746,0.00019,0.06565
8417.47,BTC-27SEP19,1569409141742,open,0.0,1265.0,0.0005,0.0105,9.2e-07,125.0,0.0005,0.0,BTC-27SEP19-12000-C,8419.2,0.0,0.0,0.0,0.0005,6.5,207.2,0.00114,-0.00776,2e-05,0.0,5e-05
8417.47,BTC-27SEP19,1569409141742,open,0.0,422.0,0.0005,0.0105,0.0,125.0,0.0005,0.0,BTC-27SEP19-3500-P,8419.2,0.0,0.0,0.0,0.0005,31.0,495.94,0.0,0.0,0.0,0.0,0.0
8417.47,BTC-27SEP19,1569409141743,open,0.01,1903.2,0.0005,0.0295,0.00991502,100.44,0.0095,0.0,BTC-27SEP19-8000-P,8419.2,93.8,0.0085,32.0,0.01,4.0,100.83,1.82729,-48.92215,-0.1033,0.0005,-0.22889
8417.47,BTC-27SEP19,1569409141743,open,0.14,412.0,0.107,0.159,0.13078396,109.03,0.141,0.0,BTC-27SEP19-9500-P,8419.2,0.0,0.128,0.4,0.134,1.0,136.42,0.77127,-22.41677,-0.46073,0.00019,-0.93432
8512.91,BTC-27DEC19,1569409141742,open,0.03,624.5,0.0085,0.0415,0.02276247,80.03,0.0245,0.0,BTC-27DEC19-5500-P,8419.2,77.42,0.0205,38.9,0.024,43.0,81.42,7.51326,-3.23704,-2.65017,5e-05,-0.09958
8512.91,BTC-27DEC19,1569409141743,open,0.04,1066.1,0.0155,0.058,0.03476955,79.18,0.0365,0.0,BTC-27DEC19-6000-P,8419.2,77.6,0.033,0.4,0.036,42.0,80.26,9.6071,-4.09521,-3.80879,7e-05,-0.14106
8512.91,BTC-27DEC19,1569409141743,open,4.7,0.0,4.528,4.757,4.63908893,115.94,None,0.0,BTC-27DEC19-48000-P,8419.2,0.0,0.0005,1.0,0.0,0.0,0.0,0.49152,-0.30679,-122.06739,0.0,-0.99615
8583.89,BTC-27MAR20,1569409141743,open,2.77,0.0,2.657,2.828,2.73779255,92.03,None,0.0,BTC-27MAR20-32000-P,8419.2,0.0,0.001,1.0,0.0,0.0,0.0,5.84978,-1.46396,-159.65595,2e-05,-0.95427
8446.91,SYN.BTC-25OCT19,1569409141740,open,0.23,290.3,0.183,0.2585,0.2204653,83.52,0.25,0.0,BTC-25OCT19-10000-P,8419.2,46.69,0.191,4.0,0.227,0.5,90.2,8.11573,-11.34417,-6.51168,0.00017,-0.72136
8417.47,BTC-27SEP19,1569409141742,open,0.55,0.0,0.5445,0.564,0.55449797,125.0,None,0.0,BTC-27SEP19-3750-C,8419.2,0.0,0.0055,10.0,0.0,0.0,0.0,0.0,0.0,0.19271,0.0,1.0
8417.47,BTC-27SEP19,1569409141743,open,0.0,1107.7,0.0005,0.0105,0.0,125.0,0.001,0.0,BTC-27SEP19-4250-P,8419.2,0.0,0.0,0.0,0.001,32.0,429.42,0.0,0.0,0.0,0.0,0.0
8512.91,BTC-27DEC19,1569409141743,open,0.58,100.0,0.5175,0.62,0.56742021,82.12,0.6815,0.0,BTC-27DEC19-13000-P,8419.2,0.0,0.0055,10.0,1.2735,0.3,500.0,12.2905,-5.43331,-29.45684,8e-05,-0.79245
8417.47,BTC-27SEP19,1569409141743,open,2.35,0.0,2.2615,2.394,2.32641518,125.0,None,0.0,BTC-27SEP19-28000-P,8419.2,0.0,0.0,0.0,0.0,0.0,0.0,0.0,0.0,-1.43889,0.0,-1.0
8512.91,BTC-27DEC19,1569409141743,open,0.24,52.0,0.212,0.2835,0.24925973,78.86,0.235,0.0,BTC-27DEC19-7000-C,8419.2,0.0,0.015,5.0,0.55,4.1,268.46,13.49507,-5.72952,10.95826,9e-05,0.75515
8512.91,BTC-27DEC19,1569409141743,open,1.85,0.0,1.7645,1.887,1.82282794,92.7,None,0.0,BTC-27DEC19-24000-P,8419.2,0.0,0.0075,1.0,2.4885,0.2,500.0,2.39965,-1.19755,-60.63315,1e-05,-0.9763
8512.91,BTC-27DEC19,1569409141743,open,2.56,0.2,2.455,2.6015,2.52549058,97.06,2.03,0.0,BTC-27DEC19-30000-P,8419.2,0.0,0.0,0.0,0.0,0.0,0.0,1.14061,-0.59602,-76.15142,1e-05,-0.99004
8446.91,SYN.BTC-25OCT19,1569409141740,open,0.56,32.9,0.5105,0.5845,0.54564073,91.25,0.501,0.0,BTC-25OCT19-13000-P,8419.2,0.0,0.523,2.0,0.5805,2.0,147.77,3.03208,-4.63034,-10.24304,6e-05,-0.93587
8512.91,BTC-27DEC19,1569409141743,open,3.28,1.3,3.146,3.3195,3.22983336,104.17,2.2,0.0,BTC-27DEC19-36000-P,8419.2,0.0,0.0,0.0,0.0,0.0,0.0,0.78842,-0.44215,-91.48252,0.0,-0.99346
8417.2,BTC-27SEP19,1569409141744,open,0.49,9.1,0.485,0.505,0.4950971,285.13,0.6095,0.0,BTC-27SEP19-4250-C,8419.2,0.0,0.01,1.0,0.54,2.0,500.0,0.00636,-0.48362,0.21827,0.0,0.99971
8417.2,BTC-27SEP19,1569409141744,open,0.0,300.4,0.0005,0.0105,0.0,125.0,0.0005,0.0,BTC-27SEP19-24000-C,8419.2,0.0,0.0,0.0,0.001,15.0,500.0,0.0,0.0,0.0,0.0,0.0
8446.91,SYN.BTC-25OCT19,1569409141739,open,0.12,58.5,0.087,0.1495,0.11956702,81.8,0.119,0.0,BTC-25OCT19-8000-C,8419.47,78.94,0.1165,14.4,0.121,7.0,83.14,9.07044,-12.41789,3.57446,0.00019,0.63656
8417.2,BTC-27SEP19,1569409141744,open,1.63,0.2,1.5625,1.6665,1.61361193,0.0,1.391,0.0,BTC-27SEP19-22000-P,8419.2,0.0,0.0055,10.0,0.0,0.0,0.0,0.0,0.0,-1.13056,0.0,-1.0
8417.2,BTC-27SEP19,1569409141744,open,2.83,0.0,2.7275,2.879,2.80161735,0.0,None,0.0,BTC-27SEP19-32000-P,8419.2,0.0,0.0,0.0,0.0,0.0,0.0,0.0,0.0,-1.64444,0.0,-1.0
8417.2,BTC-27SEP19,1569409141744,open,0.52,227.5,0.515,0.5345,0.52479783,308.71,0.606,0.0,BTC-27SEP19-4000-C,8419.2,0.0,0.111,2.0,0.0,0.0,0.0,0.0058,-0.47697,0.20544,0.0,0.99974
8446.91,SYN.BTC-25OCT19,1569409141740,open,0.79,0.0,0.7415,0.8195,0.77847867,97.55,None,0.0,BTC-25OCT19-15000-P,8419.2,0.0,0.0,0.0,0.0,0.0,0.0,1.53184,-2.50083,-12.10575,3e-05,-0.97245
8512.91,BTC-27DEC19,1569409141744,open,0.28,63.0,0.254,0.319,0.28741529,78.86,0.345,0.0,BTC-27DEC19-6500-C,8419.2,0.0,0.001,1.1,0.887,2.0,500.0,11.66138,-4.95092,11.31511,8e-05,0.80978
8417.2,BTC-27SEP19,1569409141745,open,0.0,1660.1,0.0005,0.0105,0.0,125.0,0.0005,0.0,BTC-27SEP19-1500-P,8419.2,0.0,0.0,0.0,0.0005,102.1,500.0,0.0,0.0,0.0,0.0,0.0
8417.2,BTC-27SEP19,1569409141744,open,0.0,760.0,0.0005,0.0105,0.0,125.0,0.001,0.0,BTC-27SEP19-32000-C,8419.2,0.0,0.0,0.0,0.002,15.0,500.0,0.0,0.0,0.0,0.0,0.0
8446.91,SYN.BTC-25OCT19,1569409141740,open,0.29,8.3,0.279,0.3205,0.29921743,90.73,0.431,0.0,BTC-25OCT19-6000-C,8419.2,0.0,0.0,0.0,0.0,0.0,0.0,3.38199,-5.13554,4.3343,6e-05,0.92611
8512.91,BTC-27DEC19,1569409141745,open,0.1,500.0,0.061,0.138,0.09999519,80.01,0.1025,0.0,BTC-27DEC19-10000-C,8419.2,77.73,0.0955,15.0,0.101,10.0,80.52,16.8019,-7.2376,6.97252,0.00011,0.42188
8446.91,SYN.BTC-25OCT19,1569409141742,open,0.0,911.6,0.0005,0.011,0.00106554,101.3,0.0015,0.0,BTC-25OCT19-17000-C,8419.2,92.99,0.0005,0.5,0.0015,25.0,105.71,0.73597,-1.24778,0.07322,1e-05,0.01166
8512.91,BTC-27DEC19,1569409141745,open,4.23,0.0,4.0675,4.2775,4.16928313,112.12,3.46,0.0,BTC-27DEC19-44000-P,8419.2,0.0,0.001,1.0,0.0,0.0,0.0,0.55124,-0.33272,-111.87932,0.0,-0.99562
8512.91,BTC-27DEC19,1569409141745,open,0.13,171.3,0.0935,0.174,0.13512125,78.86,0.1345,0.0,BTC-27DEC19-9000-C,8419.2,76.56,0.1305,24.0,0.1365,0.4,79.55,17.10158,-7.26038,8.41358,0.00012,0.52353
8446.91,SYN.BTC-25OCT19,1569409141740,open,0.0,585.2,0.0005,0.0115,0.00181892,100.62,0.0015,0.0,BTC-25OCT19-16000-C,8419.2,86.03,0.0005,27.0,0.002,24.0,101.94,1.11978,-1.88571,0.11873,2e-05,0.01899
8417.2,BTC-27SEP19,1569409141745,open,0.0,438.2,0.0005,0.0105,0.0,125.0,0.0005,0.0,BTC-27SEP19-28000-C,8419.2,0.0,0.0,0.0,0.001,15.0,500.0,0.0,0.0,0.0,0.0,0.0
8417.2,BTC-27SEP19,1569409141745,open,2.59,0.0,2.4945,2.6365,2.56401627,0.0,None,0.0,BTC-27SEP19-30000-P,8419.2,0.0,0.0,0.0,0.0,0.0,0.0,0.0,0.0,-1.54167,0.0,-1.0
8417.2,BTC-27SEP19,1569409141746,open,0.01,1499.3,0.0005,0.0225,0.00611528,95.32,0.0065,0.0,BTC-27SEP19-9000-C,8419.2,86.02,0.0045,24.4,0.0065,17.0,97.4,1.53943,-39.11598,0.07183,0.00044,0.17218
8512.91,BTC-27DEC19,1569409141746,open,0.0,324.9,0.0005,0.011,0.00127256,99.88,0.0015,0.0,BTC-27DEC19-32000-C,8419.2,91.05,0.0005,41.6,0.002,39.0,105.01,1.01786,-0.54732,0.16188,1e-05,0.00875
8424.83,SYN.BTC-4OCT19,1569409141740,open,0.01,122.9,0.0025,0.0355,0.01554538,88.57,0.0145,0.0,BTC-4OCT19-9500-C,8419.2,83.95,0.0135,30.0,0.015,1.0,87.36,3.80413,-18.98065,0.40184,0.00025,0.21169
8446.91,SYN.BTC-25OCT19,1569409141740,open,0.03,218.0,0.015,0.0615,0.03659911,83.52,0.034,0.0,BTC-25OCT19-10000-C,8419.2,80.79,0.034,25.3,0.0375,13.4,84.45,8.11566,-11.34389,1.67342,0.00017,0.27864
8512.91,BTC-27DEC19,1569409141747,open,0.18,227.4,0.1435,0.2225,0.18487265,78.86,0.1985,0.0,BTC-27DEC19-8000-C,8419.2,75.75,0.179,18.4,0.1855,8.0,79.19,16.08455,-6.82873,9.8316,0.00011,0.63875
8424.83,SYN.BTC-4OCT19,1569409141741,open,0.38,0.0,0.3385,0.3995,0.36711009,104.92,None,0.0,BTC-4OCT19-11500-P,8419.2,0.0,0.011,25.0,0.0,0.0,0.0,1.00023,-5.91181,-2.73033,6e-05,-0.96563
8424.83,SYN.BTC-4OCT19,1569409141740,open,0.56,0.0,0.513,0.5795,0.54407712,123.78,None,0.0,BTC-4OCT19-13000-P,8419.2,0.0,0.05,1.0,0.0,0.0,0.0,0.51867,-3.61653,-3.13104,2e-05,-0.98426
8424.83,SYN.BTC-4OCT19,1569409141740,open,0.03,42.5,0.008,0.0525,0.02837456,87.17,0.0255,0.0,BTC-4OCT19-9000-C,8419.2,82.09,0.0255,29.0,0.0295,25.0,89.14,4.80294,-23.58503,0.63435,0.00032,0.33802
8424.83,SYN.BTC-4OCT19,1569409141742,open,0.01,8.2,0.0005,0.0215,0.0075395,97.76,0.0235,0.0,BTC-4OCT19-7000-P,8419.2,91.79,0.006,30.0,0.009,50.0,102.97,2.27619,-12.53563,-0.21674,0.00013,-0.09826
8512.91,BTC-27DEC19,1569409141747,open,2.33,0.1,2.225,2.3635,2.29130279,97.28,1.49,0.0,BTC-27DEC19-28000-P,8419.2,0.0,0.001,1.0,0.0,0.0,0.0,1.58813,-0.83171,-70.97826,1e-05,-0.98541
8424.83,SYN.BTC-4OCT19,1569409141740,open,0.01,85.4,0.0005,0.025,0.0090181,92.51,0.008,0.0,BTC-4OCT19-10000-C,8419.2,87.79,0.0075,12.0,0.0095,10.0,93.94,2.81169,-14.65287,0.25237,0.00018,0.13221
8512.91,BTC-27DEC19,1569409141748,open,0.05,585.2,0.025,0.0875,0.05452761,81.55,0.055,0.0,BTC-27DEC19-12000-C,8419.2,79.71,0.0515,17.0,0.056,24.3,82.44,14.05787,-6.1721,4.5531,9e-05,0.26472
8424.83,SYN.BTC-4OCT19,1569409141740,open,0.0,71.4,0.0005,0.0185,0.00553173,97.3,0.005,0.0,BTC-4OCT19-10500-C,8419.2,90.44,0.004,0.1,0.006,51.0,99.2,2.03552,-11.15733,0.1618,0.00012,0.08451
8424.83,SYN.BTC-4OCT19,1569409141741,open,0.0,108.3,0.0005,0.013,0.00314896,99.87,0.004,0.0,BTC-4OCT19-11000-C,8419.2,87.59,0.0015,26.0,0.004,36.0,104.73,1.37773,-7.7513,0.09815,8e-05,0.05106
8446.91,SYN.BTC-25OCT19,1569409141740,open,0.07,837.9,0.038,0.0965,0.06666211,81.81,0.069,0.0,BTC-25OCT19-8000-P,8419.2,79.79,0.0645,19.3,0.069,30.3,83.98,9.07045,-12.41837,-2.97367,0.00019,-0.36344
8446.91,SYN.BTC-25OCT19,1569409141740,open,0.44,37.4,0.3965,0.4705,0.43183389,88.24,0.4345,0.0,BTC-25OCT19-12000-P,8419.2,0.0,0.399,5.0,0.4535,5.0,120.66,4.33389,-6.40023,-9.18732,8e-05,-0.89699
8446.91,SYN.BTC-25OCT19,1569409141741,open,0.19,7.5,0.1705,0.2255,0.19865572,84.43,0.199,0.0,BTC-25OCT19-7000-C,8419.2,65.67,0.1855,10.0,0.2195,10.0,109.97,6.43813,-9.0969,4.26535,0.00013,0.81558
8424.83,SYN.BTC-4OCT19,1569409141741,open,0.12,0.0,0.0985,0.152,0.12564476,91.82,None,0.0,BTC-4OCT19-7500-C,8419.2,82.85,0.122,6.0,0.128,12.0,97.31,3.54684,-18.34561,1.40524,0.00022,0.81158
8446.91,SYN.BTC-25OCT19,1569409141743,open,1.03,0.0,0.9735,1.0575,1.01363728,101.32,None,0.0,BTC-25OCT19-17000-P,8419.2,0.0,0.0,0.0,0.0,0.0,0.0,0.73668,-1.24919,-13.84141,1e-05,-0.98833
8424.83,SYN.BTC-4OCT19,1569409141741,open,0.05,27.6,0.022,0.076,0.04930027,85.91,0.047,0.0,BTC-4OCT19-8500-C,8419.2,80.61,0.046,18.0,0.0505,13.0,87.84,5.24114,-25.36528,0.92389,0.00035,0.50027
8446.91,SYN.BTC-25OCT19,1569409141741,open,0.14,531.3,0.0965,0.168,0.13277193,82.1,0.13,0.0,BTC-25OCT19-9000-P,8419.2,80.08,0.1305,18.4,0.1355,0.5,84.52,9.5294,-13.09367,-4.79414,0.0002,-0.56063
8424.83,SYN.BTC-4OCT19,1569409141741,open,0.04,162.5,0.01,0.0565,0.03160933,87.57,0.03,0.0,BTC-4OCT19-8000-P,8419.2,84.71,0.03,1.0,0.034,24.0,91.81,4.74247,-23.39616,-0.73544,0.00031,-0.32738
8424.83,SYN.BTC-4OCT19,1569409141743,open,0.06,153.7,0.029,0.0875,0.05822427,85.91,0.06,0.0,BTC-4OCT19-8500-P,8419.2,81.53,0.0555,18.0,0.062,21.1,91.98,5.24114,-25.36602,-1.14306,0.00035,-0.49973
8424.83,SYN.BTC-4OCT19,1569409141741,open,0.5,0.0,0.455,0.5195,0.4850117,118.32,None,0.0,BTC-4OCT19-12500-P,8419.2,0.0,0.01,2.0,0.0,0.0,0.0,0.64611,-4.30652,-3.00055,3e-05,-0.97963
8446.91,SYN.BTC-25OCT19,1569409141741,open,0.03,1037.2,0.0105,0.0485,0.02736229,84.43,0.0285,0.0,BTC-25OCT19-7000-P,8419.2,83.29,0.0265,2.0,0.0285,39.2,85.91,6.43819,-9.09715,-1.46426,0.00013,-0.18442
8512.91,BTC-27DEC19,1569409141756,open,0.21,91.7,0.175,0.2515,0.21511641,78.86,0.228,0.0,BTC-27DEC19-7500-C,8419.2,75.38,0.209,18.4,0.215,0.4,78.79,14.98552,-6.36203,10.45011,0.0001,0.69755
8446.91,SYN.BTC-25OCT19,1569409141914,open,0.33,29.2,0.286,0.3605,0.32213691,85.56,0.267,0.0,BTC-25OCT19-11000-P,8419.2,58.73,0.307,5.0,0.331,0.4,97.02,6.10187,-8.7376,-7.9698,0.00012,-0.83058
170.07,ETH-27MAR20,1569409142122,open,0.09,1741.0,0.047,0.116,0.082003,82.67,0.026,0.0,ETH-27MAR20-120-P,168.61,78.98,0.075,300.0,0.089,300.0,86.32,0.32475,-0.07301,-0.23078,0.0027,-0.18736
168.73,ETH-27SEP19,1569409142136,open,0.01,21.0,0.001,0.018,0.003731,124.94,0.004,0.0,ETH-27SEP19-150-P,168.61,107.49,0.002,500.0,0.006,500.0,142.83,0.01918,-0.62948,-0.00079,0.01049,-0.08714
168.74,SYN.ETH-4OCT19,1569409142179,open,0.0,8.0,0.001,0.011,0.000646,125.01,0.001,0.0,ETH-4OCT19-270-C,168.61,0.0,0.0,0.0,0.004,500.0,162.82,0.00722,-0.05085,0.0004,0.00083,0.01034
168.73,ETH-27SEP19,1569409142239,open,0.02,385.0,0.004,0.061,0.03092,120.41,0.025,0.0,ETH-27SEP19-170-C,168.61,92.66,0.023,469.0,0.035,349.0,134.68,0.04821,-1.5473,0.00392,0.02737,0.48256
170.07,ETH-27MAR20,1569409142279,open,0.21,1504.0,0.139,0.245,0.194328,82.22,0.201,0.0,ETH-27MAR20-160-P,168.61,77.9,0.183,283.0,0.204,283.0,85.92,0.44518,-0.09953,-0.46286,0.00372,-0.34591
168.73,ETH-27SEP19,1569409142295,open,0.05,410.0,0.007,0.072,0.038387,120.2,0.056,0.0,ETH-27SEP19-170-P,168.61,104.83,0.034,120.0,0.049,120.0,157.32,0.04821,-1.5446,-0.00482,0.02741,-0.51753
168.73,ETH-27SEP19,1569409142350,open,0.0,471.0,0.001,0.019,0.003711,121.83,0.002,0.0,ETH-27SEP19-190-C,168.61,105.49,0.002,2.0,0.004,33.0,124.19,0.0203,-0.62614,0.00078,0.01139,0.09413
168.74,SYN.ETH-4OCT19,1569409142350,open,0.0,20.0,0.001,0.011,0.000369,125.01,0.007,0.0,ETH-4OCT19-280-C,168.61,0.0,0.0,0.0,0.004,500.0,172.66,0.00461,-0.03246,0.00024,0.00053,0.0062
170.07,ETH-27MAR20,1569409142367,open,0.17,1016.0,0.119,0.219,0.172573,82.76,0.16,0.0,ETH-27MAR20-200-C,168.61,81.15,0.168,300.0,0.184,300.0,86.8,0.48149,-0.10836,0.28659,0.00399,0.50708
168.73,ETH-27SEP19,1569409142419,open,0.15,934.0,0.094,0.168,0.129704,121.27,0.117,0.0,ETH-27SEP19-190-P,168.61,0.0,0.0,0.0,1.35,4.0,500.0,0.02013,-0.65083,-0.00899,0.01135,-0.90695
170.07,ETH-27MAR20,1569409142459,open,0.37,2011.0,0.28,0.411,0.348491,82.74,0.376,0.0,ETH-27MAR20-200-P,168.61,73.38,0.322,24.0,0.361,24.0,87.16,0.48149,-0.10833,-0.72094,0.00399,-0.49299
168.73,ETH-27SEP19,1569409142478,open,0.0,1884.0,0.001,0.011,0.000239,125.0,0.003,0.0,ETH-27SEP19-210-C,168.61,0.0,0.0,0.0,0.003,500.0,184.4,0.00273,-0.04039,7e-05,0.00149,0.00826
170.07,ETH-27MAR20,1569409142535,open,0.12,526.0,0.076,0.172,0.126545,86.04,0.101,0.0,ETH-27MAR20-240-C,168.61,83.28,0.119,300.0,0.133,300.0,88.39,0.46572,-0.10897,0.23254,0.00371,0.39796
168.73,ETH-27SEP19,1569409142587,open,0.27,375.0,0.209,0.284,0.244758,119.86,0.361,0.0,ETH-27SEP19-210-P,168.61,0.0,0.001,3.0,0.0,0.0,0.0,0.0021,-0.06715,-0.01074,0.0012,-0.99385
168.73,ETH-27SEP19,1569409142656,open,0.0,734.0,0.001,0.011,7e-06,125.0,0.011,0.0,ETH-27SEP19-230-C,168.61,0.0,0.0,0.0,0.002,500.0,225.61,0.00014,-0.00122,0.0,8e-05,0.00032
170.07,ETH-27MAR20,1569409142707,open,0.09,464.0,0.049,0.136,0.09277,87.55,0.087,0.0,ETH-27MAR20-280-C,168.61,84.83,0.086,300.0,0.1,332.0,90.41,0.42674,-0.10159,0.18738,0.00335,0.31148
168.73,ETH-27SEP19,1569409142711,open,0.39,345.0,0.324,0.405,0.363051,0.0,0.251,0.0,ETH-27SEP19-230-P,168.61,0.0,0.0,0.0,0.0,0.0,0.0,0.0,0.0,-0.01182,0.0,-1.0
168.74,SYN.ETH-4OCT19,1569409142831,open,0.02,3.0,0.004,0.045,0.021492,100.47,0.026,0.0,ETH-4OCT19-190-C,168.61,86.73,0.015,615.0,0.024,455.0,105.48,0.08336,-0.4718,0.00932,0.01198,0.24856
168.74,SYN.ETH-4OCT19,1569409142935,open,0.17,74.0,0.105,0.189,0.147407,100.33,0.16,0.0,ETH-4OCT19-190-P,168.61,0.0,0.035,60.0,0.0,0.0,0.0,0.0833,-0.4708,-0.0369,0.01199,-0.7518
170.07,ETH-27MAR20,1569409142961,open,0.98,1.0,0.867,1.037,0.951813,89.17,0.827,0.0,ETH-27MAR20-320-P,168.61,0.0,0.0,0.0,0.0,0.0,0.0,0.38155,-0.09251,-1.46018,0.00294,-0.75249
8446.91,SYN.BTC-25OCT19,1569409142986,open,0.02,504.4,0.006,0.0395,0.01988454,85.56,0.019,0.0,BTC-25OCT19-11000-C,8419.2,82.9,0.018,25.3,0.02,0.5,85.72,6.10177,-8.73731,1.03381,0.00012,0.16941
168.78,SYN.ETH-25OCT19,1569409142986,open,0.29,6.0,0.273,0.327,0.300633,95.53,0.36,0.0,ETH-25OCT19-120-C,168.61,0.0,0.0,0.0,0.0,0.0,0.0,0.07386,-0.11809,0.08514,0.00332,0.91692
168.74,SYN.ETH-4OCT19,1569409143028,open,0.01,225.0,0.002,0.031,0.012071,100.56,0.007,0.0,ETH-4OCT19-200-C,168.61,88.86,0.008,651.0,0.014,200.0,105.56,0.06333,-0.35874,0.00596,0.0091,0.15736
170.07,ETH-27MAR20,1569409143048,open,0.05,347.0,0.023,0.091,0.054792,90.83,0.05,0.0,ETH-27MAR20-360-C,168.61,87.86,0.049,300.0,0.061,332.0,93.89,0.33816,-0.08352,0.12459,0.00256,0.20022
168.78,SYN.ETH-25OCT19,1569409143059,open,0.01,3195.0,0.002,0.025,0.011591,95.43,0.013,0.0,ETH-25OCT19-120-P,168.61,86.55,0.008,660.0,0.014,500.0,100.73,0.07375,-0.11779,-0.01306,0.00331,-0.08291
168.87,ETH-27DEC19,1569409143121,open,0.42,0.0,0.4,0.454,0.427946,88.65,None,0.0,ETH-27DEC19-100-C,168.61,0.0,0.0,0.0,0.0,0.0,0.0,0.12839,-0.06128,0.2108,0.002,0.91853
170.07,ETH-27MAR20,1569409143125,open,1.21,0.0,1.084,1.262,1.171443,90.77,None,0.0,ETH-27MAR20-360-P,168.61,0.0,0.0,0.0,0.0,0.0,0.0,0.33787,-0.08339,-1.68911,0.00255,-0.80007
168.78,SYN.ETH-25OCT19,1569409143125,open,0.19,3.0,0.169,0.236,0.204478,92.6,0.271,0.0,ETH-25OCT19-140-C,168.61,0.0,0.0,0.0,0.0,0.0,0.0,0.13559,-0.21013,0.08213,0.00628,0.799
168.73,ETH-27SEP19,1569409143135,open,0.0,300.0,0.001,0.011,0.0,125.0,0.001,0.0,ETH-27SEP19-250-C,168.61,0.0,0.0,0.0,0.001,50.0,247.32,0.0,-2e-05,0.0,0.0,1e-05
168.74,SYN.ETH-4OCT19,1569409143138,open,0.12,0.0,0.097,0.165,0.133137,106.67,None,0.0,ETH-4OCT19-150-C,168.61,74.64,0.12,40.0,0.138,40.0,117.12,0.07678,-0.46137,0.02677,0.0104,0.78551
168.74,SYN.ETH-4OCT19,1569409143141,open,0.22,187.0,0.155,0.24,0.197245,100.37,0.164,0.0,ETH-4OCT19-200-P,168.61,0.0,0.0,0.0,0.0,0.0,0.0,0.06319,-0.35729,-0.04269,0.00909,-0.84317
8512.91,BTC-27DEC19,1569409143177,open,0.18,227.4,0.1435,0.2225,0.18485954,78.86,0.1985,0.0,BTC-27DEC19-8000-C,8419.2,75.75,0.179,18.4,0.185,0.4,78.93,16.08455,-6.82873,9.8316,0.00011,0.63875
168.73,ETH-27SEP19,1569409143183,open,0.0,243.0,0.001,0.011,0.0,125.02,0.001,0.0,ETH-27SEP19-270-C,168.61,0.0,0.0,0.0,0.002,500.0,316.63,0.0,0.0,0.0,0.0,0.0
168.87,ETH-27DEC19,1569409143193,open,0.02,3220.0,0.007,0.037,0.020047,88.56,0.018,0.0,ETH-27DEC19-100-P,168.61,82.99,0.016,165.0,0.024,300.0,93.58,0.12822,-0.06113,-0.04356,0.002,-0.08132
168.78,SYN.ETH-25OCT19,1569409143193,open,0.04,2635.0,0.013,0.058,0.03393,92.54,0.068,0.0,ETH-25OCT19-140-P,168.61,87.58,0.03,128.0,0.036,436.0,95.1,0.13554,-0.20992,-0.03244,0.00628,-0.20089
170.07,ETH-27MAR20,1569409143208,open,0.04,930.0,0.017,0.079,0.045576,93.44,0.041,0.0,ETH-27MAR20-400-C,168.61,90.23,0.04,350.0,0.05,300.0,95.86,0.30433,-0.07732,0.10576,0.00224,0.16902
168.87,ETH-27DEC19,1569409143212,open,0.0,4096.0,0.001,0.012,0.002121,117.27,0.001,0.0,ETH-27DEC19-760-C,168.61,0.0,0.0,0.0,0.003,300.0,122.06,0.02721,-0.01718,0.00438,0.00032,0.01232
168.73,ETH-27SEP19,1569409143214,open,0.0,3120.0,0.001,0.011,4.5e-05,125.03,0.002,0.0,ETH-27SEP19-220-C,168.61,0.0,0.0,0.0,0.002,500.0,199.12,0.00069,-0.00758,2e-05,0.00038,0.00178
168.87,ETH-27DEC19,1569409143214,open,0.06,4464.0,0.03,0.098,0.063509,87.94,0.069,0.0,ETH-27DEC19-240-C,168.61,84.09,0.057,300.0,0.07,300.0,91.7,0.28879,-0.13673,0.09481,0.00453,0.28415
168.73,ETH-27SEP19,1569409143217,open,0.0,3398.0,0.001,0.011,0.0,125.0,0.001,0.0,ETH-27SEP19-260-C,168.61,0.0,0.0,0.0,0.003,500.0,315.59,0.0,0.0,0.0,0.0,0.0
168.73,ETH-27SEP19,1569409143219,open,0.0,839.0,0.001,0.011,0.0,125.0,0.001,0.0,ETH-27SEP19-60-P,168.61,0.0,0.0,0.0,0.002,550.0,500.0,0.0,0.0,0.0,0.0,0.0
168.73,ETH-27SEP19,1569409143223,open,2.39,24.0,2.223,2.421,2.318912,125.0,1.356,0.0,ETH-27SEP19-560-P,168.61,0.0,0.0,0.0,0.0,0.0,0.0,0.0,0.0,-0.02878,0.0,-1.0
168.87,ETH-27DEC19,1569409143223,open,0.0,14477.0,0.001,0.012,0.002682,109.25,0.004,0.0,ETH-27DEC19-640-C,168.61,97.9,0.001,280.0,0.004,4350.0,114.87,0.03427,-0.02016,0.00576,0.00043,0.01609
168.87,ETH-27DEC19,1569409143223,open,0.96,101.0,0.851,0.994,0.920495,93.31,0.513,0.0,ETH-27DEC19-320-P,168.61,0.0,0.006,5.0,0.0,0.0,0.0,0.18097,-0.09091,-0.76902,0.00267,-0.8692
168.73,ETH-27SEP19,1569409143225,open,0.0,11025.0,0.001,0.011,1e-06,124.98,0.001,0.0,ETH-27SEP19-120-P,168.61,0.0,0.0,0.0,0.001,46.0,230.63,3e-05,-0.00021,0.0,2e-05,-6e-05
168.73,ETH-27SEP19,1569409143225,open,1.42,79.0,1.302,1.444,1.370651,125.0,0.351,0.0,ETH-27SEP19-400-P,168.61,0.0,0.0,0.0,0.0,0.0,0.0,0.0,0.0,-0.02056,0.0,-1.0
168.73,ETH-27SEP19,1569409143228,open,0.0,2714.0,0.001,0.011,0.00103,123.92,0.004,0.0,ETH-27SEP19-200-C,168.61,0.0,0.0,0.0,0.002,50.0,139.66,0.00841,-0.17383,0.00026,0.00464,0.03078
168.74,SYN.ETH-4OCT19,1569409143237,open,0.17,0.0,0.149,0.211,0.181075,109.38,None,0.0,ETH-4OCT19-140-C,168.61,0.0,0.0,0.0,0.0,0.0,0.0,0.05232,-0.3224,0.02872,0.00691,0.88101
168.73,ETH-27SEP19,1569409143243,open,0.01,1758.0,0.001,0.035,0.012024,121.83,0.01,0.0,ETH-27SEP19-180-C,168.61,97.91,0.007,625.0,0.012,15.0,121.72,0.03786,-1.22944,0.002,0.02124,0.24301
168.73,ETH-27SEP19,1569409143243,open,0.45,2231.0,0.381,0.466,0.422308,0.0,0.513,0.0,ETH-27SEP19-240-P,168.61,0.0,0.053,5.0,0.5,1.0,500.0,0.0,0.0,-0.01233,0.0,-1.0
168.73,ETH-27SEP19,1569409143246,open,0.51,0.0,0.439,0.527,0.481569,0.0,None,0.0,ETH-27SEP19-250-P,168.61,0.0,0.023,5.0,0.0,0.0,0.0,0.0,0.0,-0.01285,0.0,-1.0
168.87,ETH-27DEC19,1569409143246,open,0.01,5714.0,0.001,0.021,0.008069,105.27,0.006,0.0,ETH-27DEC19-480-C,168.61,94.72,0.004,490.0,0.01,300.0,109.09,0.07987,-0.04527,0.01561,0.00105,0.0444
168.73,ETH-27SEP19,1569409143249,open,0.0,3373.0,0.001,0.011,0.0,125.01,0.001,0.0,ETH-27SEP19-280-C,168.61,0.0,0.0,0.0,0.003,500.0,358.14,0.0,0.0,0.0,0.0,0.0
168.73,ETH-27SEP19,1569409143249,open,0.33,1325.0,0.266,0.344,0.303826,0.0,0.468,0.0,ETH-27SEP19-220-P,168.61,0.0,0.002,15.0,0.0,0.0,0.0,0.0,0.0,-0.01131,0.0,-1.0
168.74,SYN.ETH-4OCT19,1569409143249,open,0.03,5.0,0.005,0.046,0.022018,106.55,0.023,0.0,ETH-4OCT19-150-P,168.61,90.43,0.015,160.0,0.028,160.0,119.36,0.07674,-0.46062,-0.0097,0.0104,-0.21429
168.73,ETH-27SEP19,1569409143251,open,0.0,3683.0,0.001,0.011,0.0,125.01,0.001,0.0,ETH-27SEP19-320-C,168.61,0.0,0.0,0.0,0.001,18.0,372.38,0.0,0.0,0.0,0.0,0.0
168.73,ETH-27SEP19,1569409143251,open,0.0,3828.0,0.001,0.011,0.0,125.0,0.001,0.0,ETH-27SEP19-560-C,168.61,0.0,0.0,0.0,0.001,99.0,500.0,0.0,0.0,0.0,0.0,0.0
168.73,ETH-27SEP19,1569409143255,open,0.0,2907.0,0.001,0.011,0.0,125.01,0.001,0.0,ETH-27SEP19-440-C,168.61,0.0,0.0,0.0,0.001,194.0,500.0,0.0,0.0,0.0,0.0,0.0
168.87,ETH-27DEC19,1569409143257,open,0.02,997.0,0.005,0.039,0.01853,97.17,0.012,0.0,ETH-27DEC19-360-C,168.61,91.55,0.014,300.0,0.021,300.0,99.93,0.14611,-0.07643,0.03368,0.00207,0.09692
168.87,ETH-27DEC19,1569409143259,open,1.43,16.0,1.304,1.467,1.38214,99.87,1.195,0.0,ETH-27DEC19-400-P,168.61,0.0,0.001,8.0,0.0,0.0,0.0,0.11708,-0.06295,-0.99259,0.00162,-0.92784
168.74,SYN.ETH-4OCT19,1569409143257,open,0.01,206.0,0.001,0.023,0.007804,105.42,0.005,0.0,ETH-4OCT19-210-C,168.61,89.99,0.004,700.0,0.011,500.0,115.77,0.04816,-0.28603,0.00403,0.0066,0.10595
168.73,ETH-27SEP19,1569409143261,open,0.0,7916.0,0.001,0.011,0.0,125.0,0.001,0.0,ETH-27SEP19-760-C,168.61,0.0,0.0,0.0,0.002,600.0,500.0,0.0,0.0,0.0,0.0,0.0
168.73,ETH-27SEP19,1569409143261,open,0.52,0.0,0.512,0.539,0.525898,324.04,None,0.0,ETH-27SEP19-80-C,168.61,0.0,0.004,5.0,0.0,0.0,0.0,0.00019,-0.01636,0.00411,4e-05,0.99956
168.73,ETH-27SEP19,1569409143261,open,1.18,232.0,1.072,1.199,1.133586,134.77,0.967,0.0,ETH-27SEP19-360-P,168.61,0.0,0.5,44.0,0.0,0.0,0.0,0.0,0.0,-0.0185,0.0,-1.0
168.73,ETH-27SEP19,1569409143261,open,0.27,116.0,0.267,0.309,0.288848,160.87,0.327,0.0,ETH-27SEP19-120-C,168.61,0.0,0.017,12.0,0.0,0.0,0.0,0.00052,-0.0221,0.00616,0.00022,0.99871
168.73,ETH-27SEP19,1569409143261,open,1.3,259.0,1.187,1.321,1.251985,0.0,0.94,0.0,ETH-27SEP19-380-P,168.61,0.0,0.009,8.0,0.0,0.0,0.0,0.0,0.0,-0.01953,0.0,-1.0
168.78,SYN.ETH-25OCT19,1569409143261,open,0.12,413.0,0.09,0.163,0.129009,91.03,0.127,0.0,ETH-25OCT19-160-C,168.61,83.6,0.121,96.0,0.137,96.0,98.43,0.18211,-0.27743,0.06939,0.00858,0.63129
168.87,ETH-27DEC19,1569409143263,open,0.25,2.0,0.21,0.291,0.253951,84.32,0.275,0.0,ETH-27DEC19-140-C,168.61,0.0,0.0,0.0,0.0,0.0,0.0,0.2745,-0.12461,0.21026,0.00449,0.74327
168.73,ETH-27SEP19,1569409143263,open,0.0,3439.0,0.001,0.011,0.0,125.01,0.001,0.0,ETH-27SEP19-680-C,168.61,0.0,0.0,0.0,0.002,500.0,500.0,0.0,0.0,0.0,0.0,0.0
168.87,ETH-27DEC19,1569409143263,open,2.15,37.0,1.991,2.188,2.085061,105.8,0.707,0.0,ETH-27DEC19-520-P,168.61,0.0,0.002,25.0,0.0,0.0,0.0,0.06247,-0.03558,-1.31153,0.00081,-0.96715
168.87,ETH-27DEC19,1569409143267,open,0.32,2.0,0.297,0.365,0.333166,85.55,0.346,0.0,ETH-27DEC19-120-C,168.61,0.0,0.101,1.0,0.0,0.0,0.0,0.20459,-0.09422,0.21913,0.0033,0.84314
168.87,ETH-27DEC19,1569409143284,open,0.05,10283.0,0.02,0.07,0.043688,85.48,0.039,0.0,ETH-27DEC19-120-P,168.61,81.55,0.039,128.0,0.048,300.0,89.0,0.20449,-0.0941,-0.08613,0.0033,-0.15675
168.87,ETH-27DEC19,1569409143284,open,0.01,7939.0,0.001,0.024,0.009639,101.54,0.007,0.0,ETH-27DEC19-440-C,168.61,93.93,0.006,1460.0,0.012,300.0,105.58,0.09245,-0.05054,0.01877,0.00125,0.05331
168.87,ETH-27DEC19,1569409143284,open,0.51,4199.0,0.42,0.548,0.484623,87.89,0.693,0.0,ETH-27DEC19-240-P,168.61,0.0,0.0,0.0,0.0,0.0,0.0,0.28868,-0.13659,-0.51593,0.00453,-0.71607
168.87,ETH-27DEC19,1569409143284,open,0.15,6768.0,0.093,0.182,0.138832,84.22,0.139,0.0,ETH-27DEC19-160-P,168.61,78.52,0.128,298.0,0.145,298.0,87.47,0.32081,-0.14545,-0.21742,0.00525,-0.36715
168.73,ETH-27SEP19,1569409143284,open,0.0,5774.0,0.001,0.011,0.0,124.99,0.001,0.0,ETH-27SEP19-100-P,168.61,0.0,0.0,0.0,0.002,515.0,374.57,0.0,0.0,0.0,0.0,0.0
168.73,ETH-27SEP19,1569409143284,open,0.39,20.0,0.39,0.424,0.407372,235.69,0.441,0.0,ETH-27SEP19-100-C,168.61,0.0,0.011,15.0,0.0,0.0,0.0,0.00031,-0.01926,0.00513,9e-05,0.99927
168.73,ETH-27SEP19,1569409143287,open,0.0,3419.0,0.001,0.011,0.0,125.01,0.001,0.0,ETH-27SEP19-640-C,168.61,0.0,0.0,0.0,0.001,237.0,500.0,0.0,0.0,0.0,0.0,0.0
168.73,ETH-27SEP19,1569409143289,open,0.0,2060.0,0.001,0.011,0.0,124.99,0.003,0.0,ETH-27SEP19-80-P,168.61,0.0,0.0,0.0,0.001,10.0,465.46,0.0,0.0,0.0,0.0,0.0
168.73,ETH-27SEP19,1569409143289,open,3.36,0.0,3.143,3.398,3.26692,0.0,None,0.0,ETH-27SEP19-720-P,168.61,0.0,0.0,0.0,0.0,0.0,0.0,0.0,0.0,-0.037,0.0,-1.0
168.87,ETH-27DEC19,1569409143289,open,0.0,15302.0,0.001,0.013,0.003682,109.25,0.003,0.0,ETH-27DEC19-600-C,168.61,101.35,0.002,101.0,0.005,308.0,113.82,0.04374,-0.02573,0.00763,0.00055,0.02144
168.72,ETH-27SEP19,1569409143291,open,0.05,759.0,0.029,0.097,0.065881,121.99,0.087,0.0,ETH-27SEP19-160-C,168.61,79.81,0.057,40.0,0.071,40.0,143.51,0.03905,-1.26978,0.00587,0.02188,0.74234
168.87,ETH-27DEC19,1569409143291,open,0.01,5111.0,0.003,0.031,0.013731,100.27,0.014,0.0,ETH-27DEC19-400-C,168.61,92.71,0.009,1460.0,0.016,300.0,103.37,0.11842,-0.06392,0.02557,0.00163,0.07324
168.87,ETH-27DEC19,1569409143296,open,0.0,12292.0,0.001,0.012,0.002579,112.71,0.003,0.0,ETH-27DEC19-680-C,168.61,101.6,0.001,14.0,0.004,300.0,118.99,0.03256,-0.01976,0.00541,0.0004,0.01516
168.72,ETH-27SEP19,1569409143298,open,0.0,5725.0,0.001,0.011,0.0,125.02,0.001,0.0,ETH-27SEP19-400-C,168.61,0.0,0.0,0.0,0.001,285.0,478.87,0.0,0.0,0.0,0.0,0.0
168.72,ETH-27SEP19,1569409143298,open,0.0,2950.0,0.001,0.011,0.0,125.02,0.002,0.0,ETH-27SEP19-360-C,168.61,0.0,0.0,0.0,0.002,500.0,468.03,0.0,0.0,0.0,0.0,0.0
168.87,ETH-27DEC19,1569409143298,open,1.19,257.0,1.077,1.229,1.150095,96.87,0.7,0.0,ETH-27DEC19-360-P,168.61,0.0,0.008,4.0,0.0,0.0,0.0,0.14508,-0.07566,-0.88264,0.00206,-0.90401
168.72,ETH-27SEP19,1569409143300,open,0.64,0.0,0.634,0.654,0.644423,457.06,0.01,0.0,ETH-27SEP19-60-C,168.61,0.0,0.003,10.0,0.0,0.0,0.0,0.0002,-0.02381,0.00308,3e-05,0.99955
168.87,ETH-27DEC19,1569409143315,open,0.73,432.0,0.63,0.766,0.697419,90.71,0.821,0.0,ETH-27DEC19-280-P,168.61,0.0,0.0,0.0,0.0,0.0,0.0,0.23147,-0.11303,-0.64755,0.00352,-0.80958
168.87,ETH-27DEC19,1569409143315,open,0.1,2484.0,0.065,0.147,0.107887,85.34,0.109,0.0,ETH-27DEC19-200-C,168.61,81.35,0.1,300.0,0.114,300.0,88.42,0.33451,-0.15368,0.13817,0.0054,0.42944
168.72,ETH-27SEP19,1569409143315,open,0.0,11608.0,0.001,0.011,0.000552,124.93,0.005,0.0,ETH-27SEP19-140-P,168.61,0.0,0.0,0.0,0.003,500.0,169.69,0.00501,-0.09309,-0.00015,0.00274,-0.01666
168.72,ETH-27SEP19,1569409143315,open,0.0,4237.0,0.001,0.011,1e-06,125.04,0.002,0.0,ETH-27SEP19-240-C,168.61,0.0,0.0,0.0,0.002,590.0,250.43,3e-05,-0.00017,0.0,1e-05,5e-05
168.72,ETH-27SEP19,1569409143315,open,0.0,2663.0,0.001,0.011,0.0,125.01,0.001,0.0,ETH-27SEP19-340-C,168.61,0.0,0.0,0.0,0.003,500.0,464.78,0.0,0.0,0.0,0.0,0.0
168.72,ETH-27SEP19,1569409143315,open,0.0,1897.0,0.001,0.011,0.0,125.01,0.001,0.0,ETH-27SEP19-380-C,168.61,0.0,0.0,0.0,0.003,500.0,500.0,0.0,0.0,0.0,0.0,0.0
168.72,ETH-27SEP19,1569409143315,open,0.7,730.0,0.612,0.71,0.659358,0.0,0.533,0.0,ETH-27SEP19-280-P,168.61,0.0,0.005,4.0,0.9,5.0,500.0,0.0,0.0,-0.01439,0.0,-1.0
168.72,ETH-27SEP19,1569409143315,open,0.0,2698.0,0.001,0.011,0.0,125.01,0.001,0.0,ETH-27SEP19-720-C,168.61,0.0,0.0,0.0,0.001,259.0,500.0,0.0,0.0,0.0,0.0,0.0
168.87,ETH-27DEC19,1569409143317,open,0.01,6840.0,0.001,0.014,0.004361,106.9,0.004,0.0,ETH-27DEC19-560-C,168.61,96.82,0.002,520.0,0.006,300.0,111.82,0.05041,-0.02901,0.00903,0.00065,0.02538
168.72,ETH-27SEP19,1569409143317,open,0.58,1240.0,0.496,0.588,0.540832,0.0,0.55,0.0,ETH-27SEP19-260-P,168.61,0.0,0.007,15.0,0.0,0.0,0.0,0.0,0.0,-0.01336,0.0,-1.0
168.87,ETH-27DEC19,1569409143317,open,0.01,10684.0,0.001,0.017,0.006134,106.77,0.005,0.0,ETH-27DEC19-520-C,168.61,96.67,0.003,510.0,0.008,300.0,111.21,0.06498,-0.03735,0.01217,0.00084,0.03446
168.87,ETH-27DEC19,1569409143320,open,0.18,156.0,0.145,0.231,0.191444,84.26,0.3,0.0,ETH-27DEC19-160-C,168.61,79.3,0.182,96.0,0.206,96.0,91.94,0.32081,-0.14553,0.18968,0.00525,0.63287
168.72,ETH-27SEP19,1569409143320,open,0.0,5603.0,0.001,0.011,0.0,125.03,0.001,0.0,ETH-27SEP19-300-C,168.61,0.0,0.0,0.0,0.001,99.0,340.57,0.0,0.0,0.0,0.0,0.0
168.87,ETH-27DEC19,1569409143324,open,0.0,4480.0,0.001,0.012,0.002522,116.12,0.002,0.0,ETH-27DEC19-720-C,168.61,105.07,0.001,200.0,0.003,300.0,118.54,0.03139,-0.01962,0.00516,0.00037,0.01453
168.72,ETH-27SEP19,1569409143324,open,0.0,6399.0,0.001,0.011,0.0,125.01,0.001,0.0,ETH-27SEP19-520-C,168.61,0.0,0.0,0.0,0.001,240.0,500.0,0.0,0.0,0.0,0.0,0.0
168.72,ETH-27SEP19,1569409143324,open,0.15,214.0,0.145,0.196,0.170873,128.07,0.227,0.0,ETH-27SEP19-140-C,168.61,0.0,0.008,2.0,0.0,0.0,0.0,0.00557,-0.19,0.00703,0.00297,0.98116
168.87,ETH-27DEC19,1569409143326,open,3.59,0.0,3.37,3.645,3.502092,113.61,None,0.0,ETH-27DEC19-760-P,168.61,0.0,0.0,0.0,0.0,0.0,0.0,0.02208,-0.01351,-1.93037,0.00027,-0.99031
170.07,ETH-27MAR20,1569409143329,open,1.44,0.0,1.305,1.494,1.397411,93.36,None,0.0,ETH-27MAR20-400-P,168.61,0.0,0.001,10.0,0.0,0.0,0.0,0.30394,-0.07716,-1.90949,0.00223,-0.83132
168.78,SYN.ETH-25OCT19,1569409143331,open,0.09,2589.0,0.043,0.111,0.076954,90.98,0.082,0.0,ETH-25OCT19-160-P,168.61,86.38,0.072,128.0,0.08,322.0,93.8,0.1821,-0.27727,-0.06156,0.00859,-0.3687
168.74,SYN.ETH-4OCT19,1569409143346,open,0.22,0.0,0.207,0.261,0.234468,113.81,None,0.0,ETH-4OCT19-130-C,168.61,0.0,0.0,0.0,0.0,0.0,0.0,0.03117,-0.19984,0.02897,0.00396,0.94043
168.72,ETH-27SEP19,1569409143360,open,0.64,0.0,0.554,0.649,0.600095,0.0,None,0.0,ETH-27SEP19-270-P,168.61,0.0,0.029,5.0,0.0,0.0,0.0,0.0,0.0,-0.01388,0.0,-1.0
168.87,ETH-27DEC19,1569409143397,open,0.14,570.0,0.097,0.183,0.143059,84.38,0.135,0.0,ETH-27DEC19-180-C,168.61,79.87,0.134,300.0,0.149,300.0,87.34,0.33916,-0.15407,0.16415,0.00554,0.52507
170.07,ETH-27MAR20,1569409143415,open,0.03,953.0,0.013,0.067,0.036359,94.35,0.05,0.0,ETH-27MAR20-440-C,168.61,90.12,0.03,300.0,0.043,300.0,98.41,0.26743,-0.06861,0.08798,0.00195,0.13905
168.78,SYN.ETH-25OCT19,1569409143415,open,0.07,774.0,0.043,0.109,0.077439,91.39,0.083,0.0,ETH-25OCT19-180-C,168.61,84.81,0.07,465.0,0.082,369.0,95.41,0.19135,-0.29267,0.05202,0.00898,0.45402
168.78,SYN.ETH-25OCT19,1569409143478,open,0.16,988.0,0.1,0.186,0.143878,91.33,0.13,0.0,ETH-25OCT19-180-P,168.61,86.14,0.138,96.0,0.156,96.0,102.0,0.19135,-0.29248,-0.09531,0.00899,-0.54608
170.07,ETH-27MAR20,1569409143483,open,1.67,0.0,1.528,1.726,1.623377,94.25,None,0.0,ETH-27MAR20-440-P,168.61,0.0,0.002,10.0,0.0,0.0,0.0,0.2669,-0.06841,-2.12882,0.00194,-0.86135
168.74,SYN.ETH-4OCT19,1569409143512,open,0.28,0.0,0.268,0.316,0.291541,125.27,None,0.0,ETH-4OCT19-120-C,168.61,0.0,0.0,0.0,0.0,0.0,0.0,0.01922,-0.13564,0.02773,0.00222,0.96731
168.87,ETH-27DEC19,1569409143531,open,0.08,2276.0,0.044,0.12,0.08275,86.85,0.078,0.0,ETH-27DEC19-220-C,168.61,82.67,0.075,300.0,0.089,300.0,90.17,0.31559,-0.14755,0.11493,0.00501,0.35022
168.74,SYN.ETH-4OCT19,1569409143543,open,0.01,4.0,0.001,0.028,0.010697,109.22,0.01,0.0,ETH-4OCT19-140-P,168.61,88.06,0.005,200.0,0.016,200.0,125.09,0.05223,-0.32138,-0.00531,0.00691,-0.1187
168.78,SYN.ETH-25OCT19,1569409143547,open,0.04,800.0,0.019,0.074,0.04583,93.14,0.04,0.0,ETH-25OCT19-200-C,168.61,87.27,0.04,558.0,0.048,430.0,95.29,0.16968,-0.26451,0.03611,0.00781,0.30722
170.07,ETH-27MAR20,1569409143558,open,0.03,547.0,0.01,0.059,0.030568,96.03,0.03,0.0,ETH-27MAR20-480-C,168.61,91.08,0.024,300.0,0.037,300.0,100.38,0.2396,-0.06256,0.0755,0.00171,0.11869
168.87,ETH-27DEC19,1569409143606,open,0.41,4616.0,0.323,0.445,0.385373,86.76,0.52,0.0,ETH-27DEC19-220-P,168.61,0.0,0.0,0.0,0.0,0.0,0.0,0.3155,-0.14737,-0.44492,0.00501,-0.65007
8424.83,SYN.BTC-4OCT19,1569409143605,open,0.15,101.8,0.1115,0.1755,0.14316418,88.57,0.148,0.0,BTC-4OCT19-9500-P,8419.2,75.17,0.1375,0.5,0.15,0.5,102.93,3.80427,-18.98228,-1.90825,0.00025,-0.78829
168.78,SYN.ETH-25OCT19,1569409143611,open,0.25,1187.0,0.182,0.278,0.230761,93.07,0.238,0.0,ETH-25OCT19-200-P,168.61,0.0,0.0,0.0,0.0,0.0,0.0,0.16963,-0.26423,-0.12761,0.00782,-0.69298
170.07,ETH-27MAR20,1569409143641,open,1.9,0.0,1.752,1.961,1.852769,95.91,None,0.0,ETH-27MAR20-480-P,168.61,0.0,0.003,10.0,0.0,0.0,0.0,0.23895,-0.06232,-2.34284,0.00171,-0.88177
168.74,SYN.ETH-4OCT19,1569409143645,open,0.0,249.0,0.001,0.018,0.005414,111.24,0.004,0.0,ETH-4OCT19-220-C,168.61,91.52,0.002,500.0,0.008,500.0,121.85,0.03709,-0.23241,0.00284,0.00482,0.07458
8446.67,SYN.BTC-25OCT19,1569409143680,open,0.01,794.3,0.0005,0.022,0.00953692,90.73,0.0105,0.0,BTC-25OCT19-6000-P,8419.2,89.37,0.009,4.8,0.0105,45.0,93.08,3.38214,-5.13552,-0.57681,6e-05,-0.07389
168.87,ETH-27DEC19,1569409143689,open,0.05,1199.0,0.021,0.081,0.049681,89.34,0.071,0.0,ETH-27DEC19-260-C,168.61,85.58,0.044,300.0,0.054,300.0,92.11,0.25992,-0.12501,0.07834,0.00401,0.232
168.78,SYN.ETH-25OCT19,1569409143689,open,0.03,1133.0,0.009,0.051,0.027878,96.16,0.031,0.0,ETH-25OCT19-220-C,168.61,91.27,0.024,128.0,0.029,474.0,97.54,0.13697,-0.22044,0.02439,0.00611,0.20444
168.74,SYN.ETH-4OCT19,1569409143701,open,0.01,0.0,0.001,0.016,0.004831,113.57,None,0.0,ETH-4OCT19-130-P,168.61,0.0,0.0,0.0,0.01,200.0,136.85,0.03102,-0.19848,-0.00263,0.00395,-0.05921
170.07,ETH-27MAR20,1569409143725,open,0.02,907.0,0.008,0.053,0.026453,97.88,0.037,0.0,ETH-27MAR20-520-C,168.61,92.45,0.02,300.0,0.033,300.0,102.71,0.21735,-0.05785,0.06608,0.00152,0.10359
168.87,ETH-27DEC19,1569409143772,open,0.62,946.0,0.523,0.655,0.589155,89.23,0.3,0.0,ETH-27DEC19-260-P,168.61,0.0,0.0,0.0,0.0,0.0,0.0,0.25963,-0.12472,-0.58336,0.00401,-0.76845
170.07,ETH-27MAR20,1569409143809,open,2.14,0.0,1.978,2.198,2.083838,97.74,None,0.0,ETH-27MAR20-520-P,168.61,0.0,0.005,10.0,0.0,0.0,0.0,0.21657,-0.05756,-2.5538,0.00152,-0.89692
168.74,SYN.ETH-4OCT19,1569409143815,open,0.34,13.0,0.267,0.355,0.309106,110.88,0.071,0.0,ETH-4OCT19-220-P,168.61,0.0,0.0,0.0,0.0,0.0,0.0,0.03681,-0.22996,-0.05069,0.0048,-0.92614
168.87,ETH-27DEC19,1569409143846,open,0.03,818.0,0.011,0.058,0.031699,92.18,0.03,0.0,ETH-27DEC19-300-C,168.61,87.3,0.026,300.0,0.035,300.0,94.84,0.20542,-0.10194,0.0542,0.00307,0.15783
168.78,SYN.ETH-25OCT19,1569409143852,open,0.02,1232.0,0.004,0.036,0.017174,98.93,0.021,0.0,ETH-25OCT19-240-C,168.61,93.6,0.014,160.0,0.018,500.0,100.24,0.10492,-0.17371,0.0163,0.00455,0.13515
170.07,ETH-27MAR20,1569409143894,open,0.02,1133.0,0.006,0.048,0.022957,99.41,0.021,0.0,ETH-27MAR20-560-C,168.61,92.81,0.016,300.0,0.029,300.0,104.3,0.19723,-0.05332,0.05808,0.00136,0.09075
168.77,SYN.ETH-25OCT19,1569409143922,open,0.47,296.0,0.388,0.492,0.439092,98.67,0.44,0.0,ETH-25OCT19-240-P,168.61,0.0,0.0,0.0,0.0,0.0,0.0,0.10446,-0.1725,-0.18024,0.00454,-0.86569
168.73,SYN.ETH-4OCT19,1569409143930,open,0.0,143.0,0.001,0.014,0.003569,115.0,0.008,0.0,ETH-4OCT19-230-C,168.61,0.0,0.0,0.0,0.006,500.0,127.82,0.02745,-0.17786,0.00194,0.00345,0.05074
168.87,ETH-27DEC19,1569409143934,open,0.84,1.0,0.74,0.879,0.808003,92.0,0.494,0.0,ETH-27DEC19-300-P,168.61,0.0,0.0,0.0,0.0,0.0,0.0,0.20485,-0.10146,-0.70936,0.00307,-0.84283
168.77,SYN.ETH-25OCT19,1569409143948,open,0.7,3.0,0.613,0.725,0.666681,105.87,0.645,0.0,ETH-25OCT19-280-P,168.61,0.0,0.0,0.0,0.0,0.0,0.0,0.06067,-0.1075,-0.22136,0.00246,-0.93575
168.87,ETH-27DEC19,1569409144014,open,0.02,1216.0,0.006,0.044,0.021634,95.29,0.015,0.0,ETH-27DEC19-340-C,168.61,90.18,0.017,300.0,0.024,300.0,97.69,0.16233,-0.08328,0.03886,0.00235,0.11208
168.73,SYN.ETH-4OCT19,1569409144033,open,0.4,0.0,0.324,0.413,0.36652,113.99,0.093,0.0,ETH-4OCT19-230-P,168.61,0.0,0.0,0.0,0.0,0.0,0.0,0.02674,-0.17171,-0.05405,0.00339,-0.95091
168.73,SYN.ETH-4OCT19,1569409144063,open,0.0,0.0,0.001,0.012,0.002646,124.88,None,0.0,ETH-4OCT19-120-P,168.61,0.0,0.0,0.0,0.007,200.0,153.57,0.01905,-0.13401,-0.00144,0.0022,-0.03234
168.77,SYN.ETH-25OCT19,1569409144069,open,0.58,3.0,0.5,0.607,0.551739,102.31,0.534,0.0,ETH-25OCT19-260-P,168.61,0.0,0.0,0.0,0.0,0.0,0.0,0.07953,-0.13618,-0.20168,0.00333,-0.90826
170.07,ETH-27MAR20,1569409144072,open,0.02,4823.0,0.005,0.043,0.020121,100.83,0.02,0.0,ETH-27MAR20-600-C,168.61,93.24,0.013,301.0,0.027,300.0,106.81,0.17977,-0.04929,0.05146,0.00122,0.08019
8512.98,BTC-27DEC19,1569409144114,open,0.05,468.2,0.026,0.079,0.05095065,78.86,0.0525,0.0,BTC-27DEC19-6500-P,8419.2,77.43,0.049,0.4,0.0515,11.0,79.26,11.66086,-4.95029,-5.22385,8e-05,-0.19021
168.73,SYN.ETH-4OCT19,1569409144138,open,0.0,80.0,0.001,0.013,0.002993,123.21,0.001,0.0,ETH-4OCT19-240-C,168.61,0.0,0.0,0.0,0.005,500.0,135.68,0.02319,-0.16098,0.00156,0.00272,0.04113
8512.98,BTC-27DEC19,1569409144175,open,0.02,317.6,0.005,0.0395,0.01836401,85.32,0.0225,0.0,BTC-27DEC19-16000-C,8419.2,83.24,0.0165,30.0,0.019,24.0,86.01,7.83422,-3.59844,1.88705,5e-05,0.10548
170.07,ETH-27MAR20,1569409144177,open,2.61,0.0,2.432,2.674,2.548077,100.83,None,0.0,ETH-27MAR20-600-P,168.61,0.0,0.02,10.0,0.0,0.0,0.0,0.17975,-0.04928,-2.97116,0.00122,-0.91982
168.87,ETH-27DEC19,1569409144247,open,1.31,0.0,1.19,1.348,1.265804,98.33,None,0.0,ETH-27DEC19-380-P,168.61,0.0,0.0,0.0,0.0,0.0,0.0,0.12985,-0.06874,-0.93807,0.00182,-0.9173
8512.98,BTC-27DEC19,1569409144325,open,0.07,788.4,0.039,0.1095,0.07347165,80.67,0.07,0.0,BTC-27DEC19-11000-C,8419.2,78.77,0.07,33.6,0.075,19.3,81.5,15.64303,-6.79376,5.66338,0.00011,0.33492
8512.98,BTC-27DEC19,1569409144382,open,0.2,656.8,0.1455,0.2375,0.19232712,78.86,0.199,0.0,BTC-27DEC19-9000-P,8419.2,77.45,0.1895,17.4,0.196,6.0,80.69,17.10171,-7.26014,-14.48708,0.00012,-0.47646
8424.83,SYN.BTC-4OCT19,1569409144516,open,0.15,101.8,0.1115,0.1755,0.14316382,88.57,0.148,0.0,BTC-4OCT19-9500-P,8419.2,75.17,0.1375,0.5,0.1495,4.0,101.92,3.80427,-18.98228,-1.90825,0.00025,-0.78829
8417.24,BTC-27SEP19,1569409144622,open,0.04,790.6,0.007,0.058,0.03198704,93.22,0.0345,0.0,BTC-27SEP19-8500-P,8419.2,82.69,0.029,24.5,0.0335,15.9,98.54,2.39189,-59.43444,-0.24957,0.0007,-0.54499
8584.0,BTC-27MAR20,1569409144658,open,0.08,256.3,0.042,0.1245,0.08183641,82.31,0.08,0.0,BTC-27MAR20-14000-C,8419.2,80.11,0.0765,13.0,0.0825,14.1,82.59,20.95012,-4.68931,9.12419,7e-05,0.29283
168.73,SYN.ETH-4OCT19,1569409144685,open,0.46,0.0,0.382,0.474,0.425202,121.96,None,0.0,ETH-4OCT19-240-P,168.61,0.0,0.0,0.0,0.0,0.0,0.0,0.02241,-0.15395,-0.05686,0.00265,-0.96058
8584.0,BTC-27MAR20,1569409144694,open,0.03,215.5,0.0115,0.065,0.03404432,85.95,0.037,0.0,BTC-27MAR20-20000-C,8419.2,83.32,0.03,16.0,0.0345,15.2,86.24,13.54496,-3.16586,4.5715,4e-05,0.13976
8424.6,SYN.BTC-4OCT19,1569409144694,open,0.0,43.9,0.0005,0.012,0.00209499,104.91,0.0025,0.0,BTC-4OCT19-11500-C,8419.2,99.37,0.0015,0.1,0.0025,32.0,108.14,0.99946,-5.90655,0.06607,6e-05,0.03434
8584.0,BTC-27MAR20,1569409144763,open,0.02,283.8,0.0055,0.03,0.01568118,80.13,0.02,0.0,BTC-27MAR20-4000-P,8419.09,77.84,0.014,15.0,0.0175,6.0,82.48,6.46937,-1.40956,-2.92085,2e-05,-0.05186
8584.0,BTC-27MAR20,1569409144763,open,0.34,164.8,0.271,0.3885,0.33094266,79.32,0.3305,0.0,BTC-27MAR20-10000-P,8419.09,75.98,0.3215,7.6,0.3355,3.6,80.93,24.30483,-5.24209,-35.75576,8e-05,-0.4959
8583.89,BTC-27MAR20,1569409144763,open,0.06,289.0,0.0265,0.099,0.05991513,83.72,0.0665,0.0,BTC-27MAR20-16000-C,8419.09,81.38,0.055,0.4,0.0605,14.2,83.99,18.33542,-4.17409,7.1982,6e-05,0.22637
8417.25,BTC-27SEP19,1569409144764,open,0.23,93.7,0.194,0.246,0.21822944,125.25,0.2335,0.0,BTC-27SEP19-10250-P,8419.09,0.0,0.2145,1.0,0.221,0.5,172.99,0.23908,-7.98206,-0.52011,5e-05,-0.98419
8417.25,BTC-27SEP19,1569409144765,open,0.0,207.4,0.0005,0.0105,9.72e-05,125.0,0.0005,0.0,BTC-27SEP19-10750-C,8419.09,0.0,0.0,0.0,0.001,1.2,166.48,0.06544,-0.81816,0.00153,1e-05,0.00362
8417.25,BTC-27SEP19,1569409144765,open,0.5,21.0,0.456,0.515,0.48505453,158.74,0.29,0.0,BTC-27SEP19-12500-P,8419.09,0.0,0.0,0.0,1.0,1.0,500.0,0.00699,-0.29564,-0.64223,0.0,-0.99968
8446.7,SYN.BTC-25OCT19,1569409144765,open,0.06,111.7,0.038,0.096,0.06727979,82.1,0.066,0.0,BTC-25OCT19-9000-C,8419.09,79.63,0.0645,19.4,0.069,30.7,83.62,9.52897,-13.09246,2.57216,0.0002,0.43932
8424.6,SYN.BTC-4OCT19,1569409144763,open,0.08,2.0,0.0525,0.1095,0.08203497,87.6,0.075,0.0,BTC-4OCT19-8000-C,8419.09,81.29,0.0785,23.0,0.085,12.0,92.85,4.74297,-23.40596,1.20967,0.00031,0.67252
8446.7,SYN.BTC-25OCT19,1569409144763,open,0.91,0.0,0.8575,0.9385,0.89606038,100.7,None,0.0,BTC-25OCT19-16000-P,8419.09,0.0,0.0,0.0,0.0,0.0,0.0,1.12393,-1.89422,-12.97696,2e-05,-0.98093
8446.7,SYN.BTC-25OCT19,1569409144763,open,0.01,343.4,0.0005,0.0185,0.00661066,91.24,0.0075,0.0,BTC-25OCT19-13000-C,8419.09,86.4,0.005,31.0,0.0065,24.0,90.93,3.03048,-4.62729,0.39736,6e-05,0.06408
8446.7,SYN.BTC-25OCT19,1569409144763,open,0.0,327.6,0.0005,0.014,0.00406668,94.21,0.004,0.0,BTC-25OCT19-14000-C,8419.09,87.03,0.0025,31.0,0.004,24.0,93.94,2.12189,-3.34552,0.2549,4e-05,0.04094
8424.6,SYN.BTC-4OCT19,1569409144764,open,0.21,76.5,0.166,0.2285,0.19601926,92.53,0.164,0.0,BTC-4OCT19-10000-P,8419.09,0.0,0.053,0.5,1.2045,2.0,500.0,2.81169,-14.6553,-2.17933,0.00018,-0.86779
8424.6,SYN.BTC-4OCT19,1569409144763,open,0.0,207.8,0.0005,0.0115,0.00153935,110.84,0.001,0.0,BTC-4OCT19-12000-C,8419.09,95.05,0.0005,17.5,0.0015,1.0,110.4,0.76727,-4.79069,0.04802,4e-05,0.02498
8424.6,SYN.BTC-4OCT19,1569409144763,open,0.01,26.0,0.0005,0.015,0.00429311,110.05,0.004,0.0,BTC-4OCT19-6500-P,8419.09,105.24,0.0035,15.0,0.005,36.0,113.96,1.46386,-9.07494,-0.12171,8e-05,-0.05512
168.73,SYN.ETH-4OCT19,1569409144894,open,0.52,0.0,0.439,0.533,0.483475,124.11,None,0.0,ETH-4OCT19-250-P,168.61,0.0,0.0,0.0,0.0,0.0,0.0,0.01616,-0.11296,-0.05978,0.00188,-0.97348
168.72,ETH-27SEP19,1569409145069,open,0.1,0.0,0.084,0.144,0.114742,125.4,None,0.0,ETH-27SEP19-150-C,168.61,0.0,0.106,40.0,0.119,40.0,156.65,0.01931,-0.64559,0.00691,0.01053,0.91201
168.73,SYN.ETH-4OCT19,1569409145093,open,0.58,0.0,0.497,0.592,0.541937,123.58,None,0.0,ETH-4OCT19-260-P,168.61,0.0,0.0,0.0,0.0,0.0,0.0,0.01047,-0.07288,-0.06261,0.00122,-0.98411
168.73,SYN.ETH-4OCT19,1569409145182,open,0.08,10.0,0.054,0.124,0.091191,102.29,0.05,0.0,ETH-4OCT19-160-C,168.61,78.83,0.078,120.0,0.099,120.0,115.87,0.09639,-0.55543,0.02334,0.01361,0.66015
170.07,ETH-27MAR20,1569409145203,open,0.25,226.0,0.2,0.298,0.25357,82.23,0.271,0.0,ETH-27MAR20-160-C,168.61,75.92,0.237,2.0,0.269,24.0,88.14,0.44518,-0.09954,0.34315,0.00372,0.6541
168.73,SYN.ETH-4OCT19,1569409145266,open,0.64,0.0,0.554,0.652,0.600726,122.67,None,0.0,ETH-4OCT19-270-P,168.61,0.0,0.0,0.0,0.0,0.0,0.0,0.00645,-0.04458,-0.06531,0.00076,-0.99091
168.73,SYN.ETH-4OCT19,1569409145297,open,0.05,66.0,0.013,0.07,0.039386,102.19,0.038,0.0,ETH-4OCT19-160-P,168.61,89.16,0.032,346.0,0.045,346.0,111.97,0.09638,-0.55484,-0.01556,0.01362,-0.33976
168.73,SYN.ETH-4OCT19,1569409145397,open,0.05,15.0,0.026,0.09,0.05897,100.44,0.053,0.0,ETH-4OCT19-170-C,168.61,82.81,0.048,340.0,0.061,340.0,103.71,0.10492,-0.59367,0.01859,0.01509,0.51217
168.73,SYN.ETH-4OCT19,1569409145436,open,0.7,0.0,0.612,0.712,0.659711,120.99,None,0.0,ETH-4OCT19-280-P,168.61,0.0,0.0,0.0,0.0,0.0,0.0,0.00367,-0.02499,-0.0679,0.00044,-0.9952
168.73,SYN.ETH-4OCT19,1569409145516,open,0.08,135.0,0.031,0.102,0.066428,100.35,0.063,0.0,ETH-4OCT19-170-P,168.61,86.8,0.058,371.0,0.075,251.0,114.14,0.10492,-0.59311,-0.02274,0.0151,-0.48788
170.07,ETH-27MAR20,1569409145621,open,0.56,129.0,0.461,0.61,0.537712,86.04,0.754,0.0,ETH-27MAR20-240-P,168.61,0.0,0.002,15.0,0.0,0.0,0.0,0.46572,-0.10896,-0.97651,0.00371,-0.60206
168.73,SYN.ETH-4OCT19,1569409145726,open,0.12,19.0,0.062,0.143,0.103234,100.33,0.098,0.0,ETH-4OCT19-180-P,168.61,87.88,0.096,120.0,0.116,161.0,121.72,0.09924,-0.56089,-0.03013,0.01429,-0.63119
8417.17,BTC-27SEP19,1569409145765,open,0.29,17.7,0.2525,0.3045,0.27723643,123.36,0.1255,0.0,BTC-27SEP19-10750-P,8419.09,0.0,0.001,25.4,0.0,0.0,0.0,0.05924,-1.948,-0.55106,1e-05,-0.99676
8583.93,BTC-27MAR20,1569409145770,open,0.01,15.1,0.0035,0.0355,0.01460362,90.77,0.015,0.0,BTC-27MAR20-28000-C,8419.08,88.93,0.013,0.1,0.0145,6.0,90.66,7.73759,-1.90983,2.18518,2e-05,0.06514
8583.93,BTC-27MAR20,1569409145770,open,0.37,8.4,0.3335,0.405,0.3703796,77.23,0.3495,0.0,BTC-27MAR20-6000-C,8419.08,0.0,0.0,0.0,0.68,3.5,243.92,15.81044,-3.32034,19.57899,6e-05,0.82314
8583.93,BTC-27MAR20,1569409145770,open,0.11,212.7,0.069,0.161,0.11502548,80.88,0.122,0.0,BTC-27MAR20-12000-C,8419.08,79.02,0.11,0.1,0.1175,16.3,81.79,23.26042,-5.11584,11.60584,8e-05,0.38341
8417.17,BTC-27SEP19,1569409145770,open,0.02,26.1,0.0015,0.041,0.01782302,93.9,0.0175,0.0,BTC-27SEP19-8250-P,8419.08,87.14,0.016,30.5,0.018,4.0,94.55,2.27836,-57.0282,-0.16778,0.00067,-0.37007
8417.17,BTC-27SEP19,1569409145771,open,0.26,165.2,0.223,0.275,0.24765995,124.21,0.2305,0.0,BTC-27SEP19-10500-P,8419.08,0.0,0.2445,0.5,0.2515,1.0,197.89,0.12307,-4.07496,-0.53649,3e-05,-0.99263
8417.17,BTC-27SEP19,1569409145771,open,0.0,82.2,0.0005,0.017,0.00346857,101.29,0.0025,0.0,BTC-27SEP19-9250-C,8419.08,88.44,0.002,72.5,0.004,0.5,105.29,1.08414,-29.19552,0.04317,0.00029,0.10328
8417.17,BTC-27SEP19,1569409145771,open,0.08,6.0,0.061,0.1095,0.08497136,109.71,0.106,0.0,BTC-27SEP19-7750-C,8419.08,96.25,0.083,6.0,0.087,10.1,121.86,1.32995,-38.89504,0.3361,0.00033,0.862
8417.17,BTC-27SEP19,1569409145771,open,0.11,221.9,0.0775,0.1305,0.1024023,101.21,0.1195,0.0,BTC-27SEP19-9250-P,8419.08,77.31,0.1,7.0,0.1045,6.0,115.84,1.08267,-29.20984,-0.43225,0.00029,-0.89691
8417.17,BTC-27SEP19,1569409145771,open,0.0,308.5,0.0005,0.0105,0.00022156,125.0,0.0005,0.0,BTC-27SEP19-10500-C,8419.08,138.45,0.0005,19.2,0.001,25.8,153.11,0.12794,-1.86487,0.00324,3e-05,0.0077
8583.93,BTC-27MAR20,1569409145771,open,0.01,33.2,0.0005,0.027,0.00998477,92.19,0.016,0.0,BTC-27MAR20-32000-C,8419.08,86.41,0.0065,29.0,0.0105,21.0,92.93,5.88869,-1.47617,1.56194,2e-05,0.0461
8417.17,BTC-27SEP19,1569409145771,open,0.0,273.6,0.0005,0.0105,1.669e-05,125.0,0.0005,0.0,BTC-27SEP19-11250-C,8419.08,0.0,0.0,0.0,0.001,19.3,191.84,0.01474,-0.14046,0.0003,0.0,0.00071
8424.51,SYN.BTC-4OCT19,1569409145770,open,0.0,80.8,0.0005,0.011,0.00101859,123.77,0.0015,0.0,BTC-4OCT19-13000-C,8419.08,113.22,0.0005,0.5,0.0015,37.0,130.61,0.51838,-3.61447,0.03015,2e-05,0.01574
8424.51,SYN.BTC-4OCT19,1569409145771,open,0.0,18.6,0.0005,0.011,0.0013012,118.32,0.001,0.0,BTC-4OCT19-12500-C,8419.08,104.38,0.0005,3.0,0.0015,30.0,120.79,0.64571,-4.30373,0.03904,3e-05,0.02036
8446.6,SYN.BTC-25OCT19,1569409145771,open,0.68,2.0,0.626,0.7015,0.66151901,94.14,0.372,0.0,BTC-25OCT19-14000-P,8419.08,0.0,0.0,0.0,1.6765,2.0,500.0,2.11606,-3.33379,-11.2051,4e-05,-0.9592
8424.51,SYN.BTC-4OCT19,1569409145770,open,0.44,0.0,0.397,0.4595,0.42593858,110.66,None,0.0,BTC-4OCT19-12000-P,8419.08,0.0,0.05,1.0,0.0,0.0,0.0,0.76196,-4.74979,-2.87041,4e-05,-0.97523
8424.51,SYN.BTC-4OCT19,1569409145771,open,0.26,1.9,0.223,0.2845,0.25187843,97.24,0.3125,0.0,BTC-4OCT19-10500-P,8419.08,0.0,0.0025,0.5,1.261,2.0,500.0,2.03216,-11.13221,-2.39182,0.00012,-0.91567
8446.6,SYN.BTC-25OCT19,1569409145771,open,0.0,386.2,0.0005,0.0125,0.00267896,97.54,0.002,0.0,BTC-25OCT19-15000-C,8419.08,89.78,0.0015,37.0,0.003,24.0,99.25,1.53085,-2.49901,0.17181,3e-05,0.02753
170.07,ETH-27MAR20,1569409145790,open,0.76,100.0,0.658,0.818,0.739138,87.54,0.438,0.0,ETH-27MAR20-280-P,168.61,0.0,0.0,0.0,0.0,0.0,0.0,0.42673,-0.10158,-1.22318,0.00335,-0.68854
168.77,SYN.ETH-25OCT19,1569409145841,open,0.4,6.0,0.391,0.432,0.411375,105.68,0.46,0.0,ETH-25OCT19-100-C,168.61,0.0,0.0,0.0,0.0,0.0,0.0,0.03277,-0.05796,0.07718,0.00133,0.97009
170.07,ETH-27MAR20,1569409145881,open,0.06,524.0,0.033,0.11,0.070335,89.21,0.075,0.0,ETH-27MAR20-320-C,168.61,86.35,0.064,300.0,0.077,300.0,92.14,0.38172,-0.0926,0.15198,0.00294,0.24772
168.77,SYN.ETH-25OCT19,1569409145914,open,0.0,2460.0,0.001,0.013,0.003876,105.5,0.008,0.0,ETH-25OCT19-100-P,168.61,93.89,0.002,10.0,0.006,660.0,115.17,0.0326,-0.05756,-0.00464,0.00133,-0.02972
170.07,ETH-27MAR20,1569409146134,open,0.02,913.0,0.008,0.037,0.021223,86.09,0.01,0.0,ETH-27MAR20-80-P,168.6,78.38,0.015,300.0,0.028,300.0,93.49,0.14717,-0.03445,-0.07114,0.00117,-0.06181
170.07,ETH-27MAR20,1569409146134,open,2.38,0.0,2.205,2.436,2.315715,99.41,None,0.0,ETH-27MAR20-560-P,168.6,0.0,0.01,10.0,0.0,0.0,0.0,0.19721,-0.05331,-2.76303,0.00136,-0.90927
170.07,ETH-27MAR20,1569409146134,open,0.54,2.0,0.526,0.574,0.550829,86.09,0.597,0.0,ETH-27MAR20-80-C,168.6,0.0,0.07,20.0,0.0,0.0,0.0,0.14717,-0.03445,0.33188,0.00117,0.93819
168.87,ETH-27DEC19,1569409146135,open,0.02,506.0,0.004,0.034,0.015681,98.5,0.028,0.0,ETH-27DEC19-380-C,168.6,91.85,0.011,300.0,0.018,300.0,101.39,0.13043,-0.06916,0.02901,0.00182,0.08319
168.72,ETH-27SEP19,1569409146135,open,1.06,294.0,0.957,1.077,1.015173,0.0,1.024,0.0,ETH-27SEP19-340-P,168.6,0.0,0.0,0.0,0.0,0.0,0.0,0.0,0.0,-0.01747,0.0,-1.0
168.86,ETH-27DEC19,1569409146135,open,0.02,1289.0,0.008,0.05,0.025757,93.52,0.019,0.0,ETH-27DEC19-320-C,168.6,88.88,0.021,300.0,0.029,300.0,96.45,0.18164,-0.09144,0.04544,0.00268,0.13151
168.86,ETH-27DEC19,1569409146135,open,2.87,0.0,2.681,2.914,2.792578,108.11,None,0.0,ETH-27DEC19-640-P,168.6,0.0,0.0,0.0,0.0,0.0,0.0,0.03222,-0.01875,-1.62312,0.00041,-0.98502
168.72,ETH-27SEP19,1569409146135,open,1.91,0.0,1.763,1.933,1.84495,125.0,None,0.0,ETH-27SEP19-480-P,168.6,0.0,0.0,0.0,0.0,0.0,0.0,0.0,0.0,-0.02467,0.0,-1.0
168.72,ETH-27SEP19,1569409146135,open,0.21,0.0,0.206,0.253,0.229534,125.0,None,0.0,ETH-27SEP19-130-C,168.6,0.0,0.0,0.0,0.0,0.0,0.0,0.00061,-0.02047,0.00667,0.00034,0.99843
168.72,ETH-27SEP19,1569409146135,open,0.82,857.0,0.727,0.833,0.777989,0.0,0.834,0.0,ETH-27SEP19-300-P,168.6,0.0,0.049,15.0,1.0,25.0,500.0,0.0,0.0,-0.01542,0.0,-1.0
170.07,ETH-27MAR20,1569409146135,open,0.37,40.0,0.333,0.413,0.376427,82.68,0.459,0.0,ETH-27MAR20-120-C,168.6,0.0,0.096,1.0,0.0,0.0,0.0,0.32476,-0.07302,0.37373,0.0027,0.81263
168.71,ETH-27SEP19,1569409146135,open,0.0,100.0,0.001,0.011,4.1e-05,124.97,0.001,0.0,ETH-27SEP19-130-P,168.6,0.0,0.0,0.0,0.002,500.0,205.7,0.00061,-0.00695,-1e-05,0.00034,-0.00157
168.86,ETH-27DEC19,1569409146136,open,0.31,4188.0,0.233,0.348,0.292191,85.29,0.285,0.0,ETH-27DEC19-200-P,168.6,76.56,0.275,96.0,0.304,96.0,91.23,0.33446,-0.15357,-0.37078,0.0054,-0.57074
168.71,ETH-27SEP19,1569409146135,open,2.88,0.0,2.684,2.91,2.793267,0.0,None,0.0,ETH-27SEP19-640-P,168.6,0.0,0.0,0.0,0.0,0.0,0.0,0.0,0.0,-0.03289,0.0,-1.0
168.86,ETH-27DEC19,1569409146136,open,1.67,0.0,1.533,1.705,1.61519,101.26,None,0.0,ETH-27DEC19-440-P,168.6,0.0,0.001,8.0,0.0,0.0,0.0,0.09154,-0.0499,-1.10105,0.00125,-0.94734
168.71,ETH-27SEP19,1569409146135,open,0.94,606.0,0.842,0.955,0.896521,0.0,0.6,0.0,ETH-27SEP19-320-P,168.6,0.0,0.592,1.0,0.0,0.0,0.0,0.0,0.0,-0.01644,0.0,-1.0
168.86,ETH-27DEC19,1569409146136,open,2.38,0.0,2.221,2.429,2.320519,106.22,0.845,0.0,ETH-27DEC19-560-P,168.6,0.0,0.0,0.0,0.0,0.0,0.0,0.04886,-0.02794,-1.41623,0.00063,-0.97555
168.71,ETH-27SEP19,1569409146136,open,0.1,5668.0,0.04,0.116,0.078853,121.55,0.103,0.0,ETH-27SEP19-180-P,168.6,103.5,0.075,40.0,0.09,40.0,167.68,0.03777,-1.22369,-0.00726,0.02124,-0.75799
168.71,ETH-27SEP19,1569409146136,open,3.12,0.0,2.914,3.155,3.030346,0.0,None,0.0,ETH-27SEP19-680-P,168.6,0.0,0.0,0.0,0.0,0.0,0.0,0.0,0.0,-0.03494,0.0,-1.0
168.86,ETH-27DEC19,1569409146136,open,2.63,0.0,2.451,2.672,2.556709,108.42,0.953,0.0,ETH-27DEC19-600-P,168.6,0.0,0.0,0.0,0.0,0.0,0.0,0.042,-0.02451,-1.51943,0.00053,-0.97957
168.71,ETH-27SEP19,1569409146137,open,0.02,7808.0,0.001,0.039,0.014141,121.67,0.03,0.0,ETH-27SEP19-160-P,168.6,103.18,0.01,160.0,0.016,404.0,129.62,0.03903,-1.26578,-0.00235,0.02193,-0.25741
168.86,ETH-27DEC19,1569409146136,open,1.91,21.0,1.762,1.947,1.850487,104.91,0.629,0.0,ETH-27DEC19-480-P,168.6,0.0,0.001,7.0,0.0,0.0,0.0,0.0788,-0.04451,-1.20601,0.00104,-0.95633
168.71,ETH-27SEP19,1569409146137,open,3.6,0.0,3.374,3.644,3.504505,0.0,None,0.0,ETH-27SEP19-760-P,168.6,0.0,0.0,0.0,0.0,0.0,0.0,0.0,0.0,-0.03906,0.0,-1.0
168.86,ETH-27DEC19,1569409146136,open,1.07,0.0,0.964,1.111,1.035006,95.16,None,0.0,ETH-27DEC19-340-P,168.6,0.0,0.0,0.0,0.0,0.0,0.0,0.16184,-0.08291,-0.82643,0.00234,-0.88839
168.86,ETH-27DEC19,1569409146136,open,0.09,4094.0,0.048,0.118,0.082932,84.27,0.085,0.0,ETH-27DEC19-140-P,168.6,79.37,0.075,128.0,0.088,300.0,87.38,0.27448,-0.12453,-0.14594,0.00449,-0.25673
168.86,ETH-27DEC19,1569409146137,open,0.22,5653.0,0.155,0.259,0.208921,84.34,0.318,0.0,ETH-27DEC19-180-P,168.6,76.92,0.194,96.0,0.221,96.0,90.36,0.33915,-0.15399,-0.29389,0.00554,-0.47506
168.86,ETH-27DEC19,1569409146137,open,0.04,1719.0,0.015,0.068,0.039516,90.84,0.04,0.0,ETH-27DEC19-280-C,168.6,85.94,0.033,300.0,0.043,300.0,93.34,0.23183,-0.11338,0.06505,0.00352,0.19092
168.71,ETH-27SEP19,1569409146137,open,0.21,2305.0,0.151,0.225,0.186354,121.0,0.2,0.0,ETH-27SEP19-200-P,168.6,0.0,0.008,5.0,0.3,15.0,500.0,0.00767,-0.24728,-0.01005,0.00433,-0.97245
168.71,ETH-27SEP19,1569409146137,open,1.67,0.0,1.533,1.688,1.607871,0.0,None,0.0,ETH-27SEP19-440-P,168.6,0.0,0.0,0.0,0.0,0.0,0.0,0.0,0.0,-0.02261,0.0,-1.0
168.86,ETH-27DEC19,1569409146137,open,3.11,0.0,2.911,3.158,3.029344,111.43,None,0.0,ETH-27DEC19-680-P,168.6,0.0,0.002,10.0,0.0,0.0,0.0,0.0304,-0.01824,-1.72528,0.00038,-0.986
168.71,ETH-27SEP19,1569409146138,open,2.15,12.0,1.993,2.177,2.081847,0.0,1.193,0.0,ETH-27SEP19-520-P,168.6,0.0,0.0,0.0,0.0,0.0,0.0,0.0,0.0,-0.02672,0.0,-1.0
168.86,ETH-27DEC19,1569409146138,open,3.35,0.0,3.14,3.402,3.266155,114.71,None,0.0,ETH-27DEC19-720-P,168.6,0.0,0.003,5.0,0.0,0.0,0.0,0.02911,-0.01797,-1.82732,0.00035,-0.98669
168.71,ETH-27SEP19,1569409146138,open,2.64,27.0,2.453,2.665,2.555977,0.0,1.044,0.0,ETH-27SEP19-600-P,168.6,0.0,0.0,0.0,0.0,0.0,0.0,0.0,0.0,-0.03083,0.0,-1.0
168.73,SYN.ETH-4OCT19,1569409146134,open,0.0,27.0,0.001,0.011,0.001118,125.0,0.001,0.0,ETH-4OCT19-260-C,168.6,0.0,0.0,0.0,0.004,500.0,152.48,0.01108,-0.07801,0.00065,0.00128,0.01697
168.77,SYN.ETH-25OCT19,1569409146135,open,0.01,4770.0,0.001,0.02,0.007773,106.4,0.005,0.0,ETH-25OCT19-280-C,168.6,97.85,0.005,160.0,0.009,500.0,109.63,0.06152,-0.10954,0.00796,0.00248,0.0654
168.73,SYN.ETH-4OCT19,1569409146135,open,0.0,21.0,0.001,0.011,0.001918,125.0,0.007,0.0,ETH-4OCT19-250-C,168.6,0.0,0.0,0.0,0.005,500.0,147.61,0.01663,-0.11713,0.00105,0.00192,0.02746
168.73,SYN.ETH-4OCT19,1569409146136,open,0.28,11.0,0.211,0.297,0.252304,105.16,0.35,0.0,ETH-4OCT19-210-P,168.6,0.0,0.0,0.0,0.0,0.0,0.0,0.04793,-0.28393,-0.04706,0.00658,-0.89475
168.77,SYN.ETH-25OCT19,1569409146135,open,0.36,482.0,0.281,0.382,0.331368,96.07,0.136,0.0,ETH-25OCT19-220-P,168.6,0.0,0.0,0.0,0.5,1.0,254.95,0.13681,-0.21996,-0.15572,0.00611,-0.79594
168.77,SYN.ETH-25OCT19,1569409146135,open,0.01,695.0,0.002,0.026,0.011319,102.68,0.016,0.0,ETH-25OCT19-260-C,168.6,95.07,0.008,660.0,0.013,500.0,106.1,0.08014,-0.13772,0.01124,0.00335,0.0927
168.71,ETH-27SEP19,1569409146144,open,0.0,5439.0,0.001,0.011,0.0,125.01,0.001,0.0,ETH-27SEP19-480-C,168.6,0.0,0.0,0.0,0.002,510.0,500.0,0.0,0.0,0.0,0.0,0.0
168.71,ETH-27SEP19,1569409146145,open,0.0,6011.0,0.001,0.011,0.0,125.01,0.001,0.0,ETH-27SEP19-600-C,168.6,0.0,0.0,0.0,0.001,134.0,500.0,0.0,0.0,0.0,0.0,0.0
168.73,SYN.ETH-4OCT19,1569409146151,open,0.03,61.0,0.011,0.065,0.036494,100.4,0.033,0.0,ETH-4OCT19-180-C,168.6,84.0,0.027,564.0,0.038,404.0,102.95,0.09925,-0.56136,0.01364,0.01428,0.36895
8424.53,SYN.BTC-4OCT19,1569409146774,open,0.17,12.5,0.154,0.2,0.17663408,97.75,0.17,0.0,BTC-4OCT19-7000-C,8419.08,0.0,0.1555,6.0,0.188,6.0,132.32,2.27655,-12.53662,1.48539,0.00013,0.90172
8583.96,BTC-27MAR20,1569409146785,open,0.02,110.8,0.006,0.0465,0.02127246,88.25,0.018,0.0,BTC-27MAR20-24000-C,8419.08,84.86,0.0175,17.0,0.022,21.0,88.87,10.06013,-2.41416,3.06046,3e-05,0.09205
8583.96,BTC-27MAR20,1569409146788,open,0.01,73.6,0.002,0.0305,0.01192147,91.38,0.0155,0.0,BTC-27MAR20-30000-C,8419.08,88.07,0.0095,3.0,0.012,6.0,91.48,6.70474,-1.66605,1.8306,2e-05,0.05425
8424.53,SYN.BTC-4OCT19,1569409146801,open,0.56,0.0,0.513,0.5795,0.54413557,123.83,None,0.0,BTC-4OCT19-13000-P,8419.08,0.0,0.05,1.0,0.0,0.0,0.0,0.51963,-3.62487,-3.13097,2e-05,-0.98422
8417.18,BTC-27SEP19,1569409146820,open,0.11,0.0,0.091,0.136,0.11233123,119.85,None,0.0,BTC-27SEP19-7500-C,8419.08,92.45,0.11,6.0,0.1145,10.1,137.46,0.92145,-29.43804,0.3481,0.00021,0.9171
8583.96,BTC-27MAR20,1569409146877,open,0.52,49.2,0.449,0.576,0.51298401,80.88,0.525,0.0,BTC-27MAR20-12000-P,8419.08,63.04,0.4665,5.0,0.5415,5.0,91.26,23.26058,-5.1159,-48.84631,8e-05,-0.61658
8446.63,SYN.BTC-25OCT19,1569409146880,open,1.03,0.0,0.9735,1.0575,1.01370811,101.37,None,0.0,BTC-25OCT19-17000-P,8419.08,0.0,0.0,0.0,0.0,0.0,0.0,0.73835,-1.25258,-13.84122,1e-05,-0.9883
8424.53,SYN.BTC-4OCT19,1569409146974,open,0.0,108.3,0.0005,0.013,0.00314655,99.87,0.004,0.0,BTC-4OCT19-11000-C,8419.08,87.6,0.0015,26.0,0.004,36.0,104.74,1.37699,-7.74682,0.09808,8e-05,0.05103
8424.53,SYN.BTC-4OCT19,1569409146974,open,0.5,0.0,0.455,0.5195,0.48506741,118.36,None,0.0,BTC-4OCT19-12500-P,8419.08,0.0,0.01,2.0,0.0,0.0,0.0,0.64681,-4.31263,-3.00051,3e-05,-0.9796
8417.18,BTC-27SEP19,1569409146978,open,0.01,20.3,0.0005,0.0325,0.01201995,93.86,0.01,0.0,BTC-27SEP19-8750-C,8419.08,83.44,0.0095,31.0,0.0125,6.2,95.8,2.0776,-51.98331,0.12183,0.00061,0.29368
8446.63,SYN.BTC-25OCT19,1569409146980,open,0.19,7.5,0.1705,0.2255,0.19863405,84.43,0.199,0.0,BTC-25OCT19-7000-C,8419.08,65.7,0.1855,10.0,0.2195,10.0,109.99,6.43865,-9.09749,4.26512,0.00013,0.81555
8424.53,SYN.BTC-4OCT19,1569409147005,open,0.1,75.3,0.0645,0.1285,0.0966734,87.17,0.1,0.0,BTC-4OCT19-9000-P,8419.08,80.67,0.093,18.0,0.1005,22.0,93.83,4.80225,-23.58201,-1.55437,0.00032,-0.66208
8417.18,BTC-27SEP19,1569409147063,open,0.0,272.3,0.0005,0.0125,0.00176787,121.53,0.002,0.0,BTC-27SEP19-9750-C,8419.08,117.75,0.0015,0.1,0.002,37.0,124.56,0.62358,-14.88045,0.02092,0.00014,0.05013
8583.96,BTC-27MAR20,1569409147063,open,0.01,21.6,0.0005,0.023,0.00799989,92.2,0.0155,0.0,BTC-27MAR20-34000-C,8419.08,86.28,0.005,28.0,0.009,21.5,93.85,5.02034,-1.25872,1.29126,1e-05,0.03786
8417.18,BTC-27SEP19,1569409147087,open,0.0,514.0,0.0005,0.0105,6.56e-06,125.0,0.0005,0.0,BTC-27SEP19-11500-C,8419.08,0.0,0.0,0.0,0.001,30.0,203.88,0.00653,-0.05518,0.00012,0.0,0.00029
8417.18,BTC-27SEP19,1569409147113,open,0.0,1265.0,0.0005,0.0105,9.2e-07,125.0,0.0005,0.0,BTC-27SEP19-12000-C,8419.08,0.0,0.0,0.0,0.0005,6.5,207.21,0.00114,-0.00775,2e-05,0.0,5e-05
8512.97,BTC-27DEC19,1569409147113,open,0.05,585.2,0.025,0.0875,0.0545211,81.55,0.055,0.0,BTC-27DEC19-12000-C,8419.08,79.71,0.0515,17.0,0.056,24.3,82.44,14.05757,-6.1716,4.55296,9e-05,0.26471
8512.97,BTC-27DEC19,1569409147113,open,0.48,74.4,0.4135,0.516,0.46414153,81.55,0.5545,0.0,BTC-27DEC19-12000-P,8419.08,0.0,0.18,0.1,0.0,0.0,0.0,14.05802,-6.1721,-25.9813,9e-05,-0.73528
8417.18,BTC-27SEP19,1569409147113,open,0.0,438.2,0.0005,0.0105,0.0,125.0,0.0005,0.0,BTC-27SEP19-28000-C,8419.08,0.0,0.0,0.0,0.001,15.0,500.0,0.0,0.0,0.0,0.0,0.0
8512.97,BTC-27DEC19,1569409147113,open,0.0,705.4,0.0005,0.0115,0.00153032,97.78,0.002,0.0,BTC-27DEC19-30000-C,8419.08,87.26,0.0005,15.0,0.0025,39.0,103.52,1.19697,-0.63012,0.19489,1e-05,0.01053
8512.97,BTC-27DEC19,1569409147113,open,0.24,52.0,0.212,0.2835,0.24924536,78.85,0.235,0.0,BTC-27DEC19-7000-C,8419.08,0.0,0.015,5.0,0.55,4.1,268.46,13.49461,-5.7285,10.95906,9e-05,0.75517
8417.18,BTC-27SEP19,1569409147113,open,0.34,218.9,0.3335,0.359,0.34657297,0.0,0.36,0.0,BTC-27SEP19-5500-C,8419.08,0.0,0.002,6.0,0.3635,0.1,500.0,0.0,0.0,0.28264,0.0,1.0
8417.18,BTC-27SEP19,1569409147116,open,0.0,1107.7,0.0005,0.0105,0.0,125.0,0.001,0.0,BTC-27SEP19-4250-P,8419.08,0.0,0.0,0.0,0.001,32.0,429.4,0.0,0.0,0.0,0.0,0.0
8417.18,BTC-27SEP19,1569409147116,open,0.0,300.4,0.0005,0.0105,0.0,125.0,0.0005,0.0,BTC-27SEP19-24000-C,8419.08,0.0,0.0,0.0,0.001,15.0,500.0,0.0,0.0,0.0,0.0,0.0
8417.18,BTC-27SEP19,1569409147116,open,0.0,760.0,0.0005,0.0105,0.0,125.0,0.001,0.0,BTC-27SEP19-32000-C,8419.08,0.0,0.0,0.0,0.002,15.0,500.0,0.0,0.0,0.0,0.0,0.0
8512.97,BTC-27DEC19,1569409147121,open,2.09,0.0,1.995,2.1245,2.05669906,94.06,None,0.0,BTC-27DEC19-26000-P,8419.08,0.0,0.0055,10.0,2.713,0.2,500.0,1.82626,-0.92476,-65.84094,1e-05,-0.98283
8417.18,BTC-27SEP19,1569409147121,open,0.01,10.4,0.0005,0.022,0.00570094,109.67,0.007,0.0,BTC-27SEP19-7750-P,8419.08,101.73,0.0045,30.0,0.0065,37.0,114.61,1.32931,-38.86017,-0.06212,0.00033,-0.13791
8417.18,BTC-27SEP19,1569409147126,open,0.55,0.0,0.5445,0.564,0.55448156,0.0,None,0.0,BTC-27SEP19-3750-C,8419.08,0.0,0.0055,10.0,0.0,0.0,0.0,0.0,0.0,0.19271,0.0,1.0
8417.18,BTC-27SEP19,1569409147126,open,2.83,0.0,2.7275,2.879,2.80175736,483.45,None,0.0,BTC-27SEP19-32000-P,8419.08,0.0,0.0,0.0,0.0,0.0,0.0,0.00276,-0.35547,-1.6444,0.0,-0.99988
8417.18,BTC-27SEP19,1569409147131,open,0.0,1660.1,0.0005,0.0105,0.0,125.0,0.0005,0.0,BTC-27SEP19-1500-P,8419.08,0.0,0.0,0.0,0.0005,102.1,500.0,0.0,0.0,0.0,0.0,0.0
8583.96,BTC-27MAR20,1569409147133,open,0.24,75.3,0.1955,0.288,0.24404123,77.12,0.235,0.0,BTC-27MAR20-8000-C,8419.08,74.62,0.2375,10.5,0.2495,3.6,79.22,22.41563,-4.70091,17.82775,8e-05,0.65631
8512.97,BTC-27DEC19,1569409147136,open,2.56,0.2,2.4555,2.6015,2.52558138,97.9,2.03,0.0,BTC-27DEC19-30000-P,8419.08,0.0,0.0,0.0,0.0,0.0,0.0,1.20627,-0.63578,-76.13962,1e-05,-0.98938
8512.97,BTC-27DEC19,1569409147138,open,4.7,0.0,4.528,4.757,4.63923454,118.82,None,0.0,BTC-27DEC19-48000-P,8419.08,0.0,0.0005,1.0,0.0,0.0,0.0,0.60493,-0.38697,-122.0496,0.0,-0.99514
8417.18,BTC-27SEP19,1569409147146,open,0.0,422.0,0.0005,0.0105,0.0,125.0,0.0005,0.0,BTC-27SEP19-3500-P,8419.08,0.0,0.0,0.0,0.0005,31.0,495.92,0.0,0.0,0.0,0.0,0.0
8417.18,BTC-27SEP19,1569409147148,open,1.16,1.0,1.097,1.182,1.13848852,279.43,0.7615,0.0,BTC-27SEP19-18000-P,8419.08,0.0,0.055,1.0,0.0,0.0,0.0,0.00262,-0.19494,-0.92495,0.0,-0.99989
8417.18,BTC-27SEP19,1569409147148,open,0.02,146.2,0.0025,0.0455,0.02216611,93.27,0.021,0.0,BTC-27SEP19-8500-C,8419.08,83.87,0.0195,24.5,0.023,19.5,96.2,2.39187,-59.46614,0.18723,0.0007,0.45501
8417.18,BTC-27SEP19,1569409147150,open,0.43,13.5,0.4245,0.4465,0.43567664,0.0,0.382,0.0,BTC-27SEP19-4750-C,8419.08,0.0,0.0055,10.0,0.4985,2.0,500.0,0.0,0.0,0.2441,0.0,1.0
8417.18,BTC-27SEP19,1569409147152,open,0.0,484.6,0.0005,0.0105,0.0,125.0,0.0005,0.0,BTC-27SEP19-4000-P,8419.08,0.0,0.0,0.0,0.0005,32.0,425.17,0.0,0.0,0.0,0.0,0.0
8417.18,BTC-27SEP19,1569409147152,open,0.52,227.5,0.515,0.5345,0.52478089,0.0,0.606,0.0,BTC-27SEP19-4000-C,8419.08,0.0,0.111,2.0,0.0,0.0,0.0,0.0,0.0,0.20556,0.0,1.0
8417.18,BTC-27SEP19,1569409147176,open,0.0,1220.7,0.0005,0.0105,4.1e-05,125.0,0.0005,0.0,BTC-27SEP19-11000-C,8419.08,0.0,0.0,0.0,0.001,1.0,179.39,0.03179,-0.34514,0.00069,1e-05,0.00163
8512.97,BTC-27DEC19,1569409147176,open,0.0,324.9,0.0005,0.011,0.00127233,99.88,0.0015,0.0,BTC-27DEC19-32000-C,8419.08,91.05,0.0005,41.6,0.002,39.0,105.01,1.01774,-0.54724,0.16185,1e-05,0.00874
8512.97,BTC-27DEC19,1569409147176,open,0.58,100.0,0.5175,0.62,0.56745484,82.15,0.6815,0.0,BTC-27DEC19-13000-P,8419.08,0.0,0.0055,10.0,1.2735,0.3,500.0,12.29535,-5.43748,-29.45485,8e-05,-0.79232
8512.97,BTC-27DEC19,1569409147176,open,0.02,600.2,0.0075,0.0475,0.02370257,84.38,0.0245,0.0,BTC-27DEC19-15000-C,8419.08,82.77,0.022,0.4,0.0245,29.0,85.11,9.1695,-4.16522,2.34089,6e-05,0.13177
8417.18,BTC-27SEP19,1569409147176,open,0.01,1903.2,0.0005,0.0295,0.00992263,100.43,0.0095,0.0,BTC-27SEP19-8000-P,8419.08,93.77,0.0085,32.0,0.01,4.0,100.79,1.82785,-48.93576,-0.10336,0.0005,-0.22903
