underlying_price,underlying_index,timestamp,state,settlement_price,open_interest,min_price,max_price,mark_price,mark_iv,last_price,interest_rate,instrument_name,index_price,bid_iv,best_bid_price,best_bid_amount,best_ask_price,best_ask_amount,ask_iv,vega,theta,rho,gamma,delta
7375.92,SYN.BTC-31JAN20,1575284340457,open,0.27,4.0,0.226,0.3085,0.26367399,69.38,0.2495,0.0,BTC-31JAN20-9000-P,7292.99,0.0,0.015,1.0,1.4365,2.8,500.0,10.14405,-5.87671,-11.84039,0.00016,-0.7149
7375.92,SYN.BTC-31JAN20,1575284340457,open,0.01,24.2,0.001,0.026,0.01088742,73.42,0.0115,0.0,BTC-31JAN20-5000-P,7292.99,71.8,0.01,16.0,0.012,44.2,75.36,4.12843,-2.53109,-1.01112,6e-05,-0.07268
7375.92,SYN.BTC-31JAN20,1575284340457,open,0.05,20.1,0.029,0.0815,0.05096493,65.58,0.053,0.0,BTC-31JAN20-6500-P,7292.99,64.11,0.049,44.8,0.053,11.0,67.09,9.90216,-5.42253,-3.89976,0.00017,-0.27134
7375.92,SYN.BTC-31JAN20,1575284340457,open,0.22,0.0,0.1915,0.248,0.21789601,67.01,None,0.0,BTC-31JAN20-6000-C,7292.99,48.64,0.2,12.0,0.2415,7.0,87.47,7.97493,-4.46281,7.22448,0.00013,0.81498
7375.92,SYN.BTC-31JAN20,1575284340457,open,0.05,29.3,0.0315,0.0885,0.05591692,67.38,0.053,0.0,BTC-31JAN20-8500-C,7292.99,65.43,0.053,34.0,0.0575,12.8,68.44,11.07404,-6.2313,3.56748,0.00018,0.35076
7375.92,SYN.BTC-31JAN20,1575284340457,open,0.13,13.3,0.1,0.165,0.1299542,65.27,0.139,0.0,BTC-31JAN20-7000-C,7292.99,62.69,0.126,27.9,0.1315,9.6,66.28,11.28626,-6.1519,6.04217,0.00019,0.62932
7375.92,SYN.BTC-31JAN20,1575284340457,open,0.07,5.5,0.0465,0.1085,0.07390311,66.21,0.0705,0.0,BTC-31JAN20-8000-C,7292.99,64.39,0.071,32.8,0.0755,23.6,67.22,11.74953,-6.49664,4.34484,0.0002,0.43299
7375.92,SYN.BTC-31JAN20,1575284340457,open,0.1,41.7,0.0685,0.133,0.09784295,65.27,0.095,0.0,BTC-31JAN20-7500-C,7292.99,63.51,0.095,29.0,0.1,9.6,66.61,11.88965,-6.48055,5.19916,0.0002,0.52754
7375.92,SYN.BTC-31JAN20,1575284340457,open,0.33,0.0,0.3135,0.356,0.33299952,73.41,None,0.0,BTC-31JAN20-5000-C,7292.99,0.0,0.319,13.0,0.35,13.0,97.9,4.1273,-2.52999,7.19142,6e-05,0.92735
7375.92,SYN.BTC-31JAN20,1575284340459,open,0.02,33.1,0.0075,0.045,0.02072033,73.9,0.021,0.0,BTC-31JAN20-10500-C,7292.99,72.6,0.0195,19.0,0.022,15.1,75.23,7.01028,-4.32616,1.58183,0.00011,0.15145
7375.92,SYN.BTC-31JAN20,1575284340459,open,0.16,0.1,0.1235,0.2005,0.15852375,66.22,0.153,0.0,BTC-31JAN20-8000-P,7292.99,46.41,0.1275,6.0,0.169,22.0,72.78,11.74962,-6.49734,-8.77852,0.0002,-0.56699
7375.92,SYN.BTC-31JAN20,1575284340459,open,0.02,46.0,0.0105,0.0525,0.0260091,72.16,0.0255,0.0,BTC-31JAN20-10000-C,7292.99,70.75,0.0245,19.8,0.0275,26.8,73.53,7.98304,-4.81052,1.9277,0.00012,0.18533
7375.92,SYN.BTC-31JAN20,1575284340459,open,0.27,0.0,0.25,0.3,0.27303671,69.7,None,0.0,BTC-31JAN20-5500-C,7292.99,38.97,0.256,13.0,0.2935,13.0,92.04,5.93591,-3.45501,7.35786,0.0001,0.88114
7375.92,SYN.BTC-31JAN20,1575284340461,open,0.02,23.2,0.006,0.04,0.01729259,76.31,0.0175,0.0,BTC-31JAN20-11000-C,7292.99,74.75,0.016,16.0,0.018,30.0,77.14,6.23282,-3.97175,1.33264,9e-05,0.12743
7306.94,SYN.BTC-13DEC19,1575284341101,open,0.08,23.1,0.054,0.109,0.07900191,59.08,0.077,0.0,BTC-13DEC19-7750-P,7292.99,50.5,0.074,9.4,0.085,12.4,68.85,4.38111,-11.89935,-1.69747,0.00047,-0.70065
7306.94,SYN.BTC-13DEC19,1575284341101,open,0.11,21.1,0.081,0.137,0.10708261,61.71,0.11,0.0,BTC-13DEC19-8000-P,7292.99,0.0,0.0925,12.2,0.116,8.0,78.2,3.66145,-10.38809,-1.94746,0.00037,-0.78739
7306.94,SYN.BTC-13DEC19,1575284341101,open,0.01,598.4,0.002,0.031,0.01180678,58.17,0.013,0.0,BTC-13DEC19-6750-P,7292.99,55.43,0.0105,51.0,0.0125,16.0,59.59,3.53661,-9.45793,-0.46227,0.00038,-0.20052
7306.94,SYN.BTC-13DEC19,1575284341101,open,0.0,55.9,0.0005,0.0125,0.00277639,72.41,0.0025,0.0,BTC-13DEC19-6000-P,7292.99,70.83,0.0025,14.0,0.0035,44.4,76.19,1.31299,-4.37071,-0.11618,0.00011,-0.05059
7306.94,SYN.BTC-13DEC19,1575284341101,open,0.02,54.7,0.0055,0.04,0.01835741,59.06,0.017,0.0,BTC-13DEC19-7750-C,7292.99,56.78,0.017,16.0,0.0195,37.2,60.96,4.38076,-11.89553,0.61166,0.00047,0.29929
7306.94,SYN.BTC-13DEC19,1575284341101,open,0.18,0.0,0.163,0.2025,0.18163226,72.37,None,0.0,BTC-13DEC19-6000-C,7292.99,0.0,0.17,9.4,0.1945,10.4,116.28,1.31133,-4.36298,1.67179,0.00011,0.94949
7306.94,SYN.BTC-13DEC19,1575284341101,open,0.15,0.0,0.1285,0.1705,0.14862036,65.45,None,0.0,BTC-13DEC19-6250-C,7292.99,0.0,0.1365,9.4,0.1625,10.4,104.67,1.78543,-5.37202,1.69034,0.00017,0.925
7306.94,SYN.BTC-13DEC19,1575284341103,open,0.01,73.3,0.0005,0.0205,0.00650007,60.55,0.006,0.0,BTC-13DEC19-6500-P,7292.99,59.08,0.006,23.7,0.0075,20.0,63.36,2.53228,-7.04911,-0.27677,0.00026,-0.12062
7306.94,SYN.BTC-13DEC19,1575284341103,open,0.01,230.1,0.0005,0.025,0.00863436,65.4,0.007,0.0,BTC-13DEC19-8250-C,7292.99,62.56,0.0075,16.0,0.0095,63.0,67.48,2.99472,-9.00477,0.31683,0.00029,0.15416
7306.94,SYN.BTC-13DEC19,1575284341103,open,0.14,3.5,0.111,0.1685,0.13770754,65.43,0.148,0.0,BTC-13DEC19-8250-P,7292.99,0.0,0.12,10.2,0.156,8.0,101.62,2.99588,-9.01132,-2.14119,0.00029,-0.84575
7306.94,SYN.BTC-13DEC19,1575284341103,open,0.04,46.8,0.0175,0.0635,0.03504935,56.62,0.033,0.0,BTC-13DEC19-7250-P,7292.99,53.62,0.033,12.0,0.0365,25.8,58.74,4.99021,-12.98905,-1.05325,0.00055,-0.44871
7306.94,SYN.BTC-13DEC19,1575284341103,open,0.06,31.1,0.0325,0.085,0.05480763,57.68,0.0535,0.0,BTC-13DEC19-7500-P,7292.99,54.99,0.053,12.0,0.0555,22.2,58.7,4.91986,-13.04535,-1.39084,0.00054,-0.58401
7306.94,SYN.BTC-13DEC19,1575284341105,open,0.0,96.0,0.0005,0.014,0.00311571,74.31,0.0035,0.0,BTC-13DEC19-9000-C,7292.99,71.1,0.0025,20.0,0.0035,18.9,76.13,1.48893,-5.08656,0.12235,0.00013,0.05931
7306.94,SYN.BTC-13DEC19,1575284341105,open,0.28,0.0,0.242,0.3005,0.26867393,79.83,None,0.0,BTC-13DEC19-9250-P,7292.99,0.0,0.0,0.0,0.0,0.0,0.0,1.30621,-4.79375,-2.65274,0.0001,-0.94974
7306.94,SYN.BTC-13DEC19,1575284341105,open,0.24,0.0,0.2085,0.266,0.2348319,74.36,None,0.0,BTC-13DEC19-9000-P,7292.99,0.0,0.0,0.0,0.0,0.0,0.0,1.49149,-5.09864,-2.55907,0.00013,-0.94056
7306.94,SYN.BTC-13DEC19,1575284341105,open,0.0,48.7,0.0005,0.013,0.00274339,79.77,0.0025,0.0,BTC-13DEC19-9250-C,7292.99,75.22,0.002,20.0,0.003,14.1,81.17,1.30349,-4.78033,0.10316,0.0001,0.05013
150.38,SYN.ETH-31JAN20,1575284341163,open,0.35,0.0,0.322,0.377,0.349496,82.47,None,0.0,ETH-31JAN20-100-C,149.02,0.0,0.335,1.0,0.748,40.0,498.87,0.09268,-0.06382,0.14012,0.00303,0.9175
7324.84,BTC-27DEC19,1575284341425,open,0.0,1472.3,0.0005,0.013,0.00334979,85.9,0.0035,0.0,BTC-27DEC19-5000-P,7292.94,84.1,0.003,6.6,0.004,77.0,88.98,1.46968,-2.53748,-0.19031,5e-05,-0.03477
7324.84,BTC-27DEC19,1575284341425,open,0.0,526.9,0.0005,0.0105,3.011e-05,120.0,0.0005,0.0,BTC-27DEC19-22000-C,7292.94,0.0,0.0,0.0,0.001,63.0,161.13,0.02753,-0.06641,0.00184,0.0,0.0004
7375.87,SYN.BTC-31JAN20,1575284341425,open,0.01,0.0,0.0045,0.036,0.01471479,78.75,None,0.0,BTC-31JAN20-11500-C,7292.94,77.11,0.0135,16.0,0.015,14.0,79.13,5.5729,-3.6648,1.13827,8e-05,0.10879
7324.84,BTC-27DEC19,1575284341426,open,0.08,767.6,0.052,0.1095,0.07811251,62.18,0.084,0.0,BTC-27DEC19-7500-P,7292.94,60.63,0.0765,11.6,0.0795,14.0,63.52,7.61287,-9.51517,-3.01415,0.00033,-0.52568
7324.84,BTC-27DEC19,1575284341426,open,2.57,0.0,2.48,2.622,2.54951571,0.0,None,0.0,BTC-27DEC19-26000-P,7292.94,0.0,0.0,0.0,0.0,0.0,0.0,0.0,0.0,-17.71967,0.0,-1.0
7457.42,BTC-27MAR20,1575284341426,open,2.78,0.0,2.6825,2.851,2.76031789,107.2,None,0.0,BTC-27MAR20-28000-P,7292.94,0.0,0.0,0.0,0.0,0.0,0.0,2.81906,-1.30404,-88.32683,1e-05,-0.9705
7457.42,BTC-27MAR20,1575284341427,open,0.18,51.5,0.145,0.2235,0.18139336,68.7,0.179,0.0,BTC-27MAR20-7000-C,7292.94,66.62,0.177,24.4,0.1835,28.9,69.7,15.72758,-4.66246,10.84518,0.00013,0.63948
7457.42,BTC-27MAR20,1575284341426,open,0.01,479.1,0.0015,0.0335,0.0113597,95.67,0.011,0.0,BTC-27MAR20-20000-C,7292.94,94.35,0.0105,0.4,0.0115,32.0,95.88,4.96082,-2.04799,1.13545,3e-05,0.05932
7297.96,SYN.BTC-6DEC19,1575284341428,open,0.0,209.8,0.0005,0.0105,0.00033507,106.41,0.001,0.0,BTC-6DEC19-9500-C,7292.94,0.0,0.0,0.0,0.0005,0.1,111.9,0.18967,-2.44535,0.00702,3e-05,0.00939
7324.84,BTC-27DEC19,1575284341429,open,0.02,806.3,0.0085,0.042,0.02119323,63.09,0.02,0.0,BTC-27DEC19-6500-P,7292.94,61.5,0.02,36.3,0.0225,14.8,64.82,5.50549,-6.98195,-1.15233,0.00024,-0.20964
7324.84,BTC-27DEC19,1575284341429,open,0.0,961.6,0.0005,0.0105,4.3e-07,120.0,0.001,0.0,BTC-27DEC19-30000-C,7292.94,0.0,0.0,0.0,0.0005,14.9,185.58,0.00061,-0.00147,3e-05,0.0,1e-05
7587.6,SYN.BTC-26JUN20,1575284341426,open,0.03,30.5,0.0095,0.062,0.02635923,89.17,0.028,0.0,BTC-26JUN20-22000-C,7292.94,88.17,0.025,15.0,0.028,0.1,90.34,10.43216,-2.24826,3.4091,4e-05,0.10563
7457.37,BTC-27MAR20,1575284341429,open,0.01,115.7,0.0005,0.0235,0.00633944,104.17,0.0075,0.0,BTC-27MAR20-26000-C,7292.94,100.71,0.005,47.0,0.007,17.6,105.7,3.11623,-1.40067,0.6382,2e-05,0.0333
7324.84,BTC-27DEC19,1575284341429,open,0.0,530.9,0.0005,0.0105,1.6e-07,120.0,0.0005,0.0,BTC-27DEC19-32000-C,7292.94,0.0,0.0,0.0,0.0005,14.5,192.77,0.00024,-0.00059,1e-05,0.0,0.0
7457.37,BTC-27MAR20,1575284341430,open,0.91,58.9,0.8515,0.963,0.90119503,81.29,1.1385,0.0,BTC-27MAR20-14000-P,7292.94,0.0,0.4,0.5,1.135,0.5,200.67,8.69168,-3.04878,-42.03028,6e-05,-0.87413
7457.37,BTC-27MAR20,1575284341430,open,3.05,0.0,2.945,3.1225,3.02771029,109.18,None,0.0,BTC-27MAR20-30000-P,7292.94,0.0,0.0,0.0,0.0,0.0,0.0,2.47834,-1.16753,-94.75661,1e-05,-0.97473
7324.84,BTC-27DEC19,1575284341430,open,0.65,73.0,0.607,0.6805,0.64085942,94.16,0.64,0.0,BTC-27DEC19-12000-P,7292.94,0.0,0.19,0.1,1.639,3.0,500.0,1.29033,-2.44214,-8.04302,4e-05,-0.9703
7324.84,BTC-27DEC19,1575284341430,open,0.0,954.0,0.0005,0.0125,0.00262298,94.3,0.0015,0.0,BTC-27DEC19-12000-C,7292.94,90.48,0.002,30.0,0.0035,78.0,98.81,1.298,-2.46029,0.13624,4e-05,0.02991
7457.37,BTC-27MAR20,1575284341430,open,0.01,69.3,0.0005,0.022,0.00569837,107.28,0.006,0.0,BTC-27MAR20-28000-C,7292.94,103.87,0.0045,26.2,0.0065,29.0,109.31,2.82891,-1.30958,0.56634,1e-05,0.02962
7297.96,SYN.BTC-6DEC19,1575284341426,open,0.11,59.6,0.076,0.1275,0.09971893,69.4,0.112,0.0,BTC-6DEC19-8000-P,7292.94,65.39,0.099,0.1,0.1015,0.1,78.01,1.37596,-12.31903,-0.77013,0.00035,-0.89409
7587.6,SYN.BTC-26JUN20,1575284341429,open,0.19,164.4,0.148,0.245,0.19214669,71.62,0.1995,0.0,BTC-26JUN20-8000-C,7292.94,70.89,0.19,11.6,0.1955,6.0,72.75,22.45647,-3.88707,16.16601,0.0001,0.56806
7587.6,SYN.BTC-26JUN20,1575284341430,open,0.92,11.5,0.847,0.986,0.90881231,79.83,0.99,0.0,BTC-26JUN20-14000-P,7292.94,0.0,0.5,1.0,2.0,1.0,500.0,17.6011,-3.39584,-71.93346,7e-05,-0.76386
7587.6,SYN.BTC-26JUN20,1575284341430,open,1.17,5.0,1.093,1.2365,1.1566473,82.04,1.22,0.0,BTC-26JUN20-16000-P,7292.94,0.0,0.56,1.0,2.0,0.1,471.31,15.2123,-3.01645,-84.8209,6e-05,-0.81569
7375.87,SYN.BTC-31JAN20,1575284341425,open,0.58,0.0,0.535,0.621,0.57384054,78.73,None,0.0,BTC-31JAN20-11500-P,7292.94,0.0,0.0,0.0,0.0,0.0,0.0,5.57086,-3.66275,-17.72721,8e-05,-0.89127
7457.37,BTC-27MAR20,1575284341434,open,0.26,21.4,0.226,0.295,0.25783095,69.13,0.2745,0.0,BTC-27MAR20-6000-C,7292.94,52.23,0.2305,13.0,0.2655,23.0,73.62,12.62454,-3.76571,12.22679,0.0001,0.77428
7587.6,SYN.BTC-26JUN20,1575284341430,open,2.99,0.0,2.882,3.079,2.97129806,98.56,None,0.0,BTC-26JUN20-30000-P,7292.94,0.0,0.0,0.0,0.0,0.0,0.0,7.60354,-1.81123,-167.80982,2e-05,-0.93078
7587.6,SYN.BTC-26JUN20,1575284341429,open,0.02,52.7,0.0065,0.054,0.02105575,94.31,0.023,0.0,BTC-26JUN20-26000-C,7292.94,92.94,0.0195,15.0,0.023,29.7,95.94,8.79873,-2.00555,2.70061,3e-05,0.08385
7587.6,SYN.BTC-26JUN20,1575284341430,open,1.68,0.1,1.598,1.7535,1.66725395,86.99,1.765,0.0,BTC-26JUN20-20000-P,7292.94,0.0,0.1,1.0,2.05,0.1,228.91,11.7289,-2.46584,-109.34982,4e-05,-0.87546
7297.96,SYN.BTC-6DEC19,1575284341434,open,0.0,72.0,0.0005,0.0105,0.00040717,120.0,0.0005,0.0,BTC-6DEC19-5500-P,7292.94,123.32,0.0005,5.4,0.001,30.0,136.4,0.18999,-2.94122,-0.0076,3e-05,-0.00941
7324.84,BTC-27DEC19,1575284341440,open,0.0,1048.4,0.0005,0.0105,0.00073975,108.62,0.0005,0.0,BTC-27DEC19-15000-C,7292.94,104.08,0.0005,58.7,0.001,1.5,112.47,0.44285,-0.96685,0.03882,1e-05,0.00852
7587.6,SYN.BTC-26JUN20,1575284341428,open,0.02,79.7,0.005,0.0485,0.01750935,98.59,0.019,0.0,BTC-26JUN20-30000-C,7292.94,96.52,0.0155,15.0,0.0185,10.0,99.56,7.6116,-1.81374,2.22773,2e-05,0.06931
7587.6,SYN.BTC-26JUN20,1575284341428,open,0.15,91.2,0.1075,0.2035,0.15046447,71.62,0.151,0.0,BTC-26JUN20-9000-C,7292.94,72.13,0.152,12.2,0.1595,18.2,74.63,22.76368,-3.94024,14.22531,0.0001,0.48125
7297.96,SYN.BTC-6DEC19,1575284341430,open,0.17,5.5,0.1615,0.1985,0.17878785,98.4,0.121,0.0,BTC-6DEC19-6000-C,7292.94,0.0,0.168,12.0,0.1915,8.6,185.09,0.42076,-5.34125,0.61798,8e-05,0.97627
7297.96,SYN.BTC-6DEC19,1575284341427,open,0.0,147.9,0.0005,0.0105,0.00093451,98.38,0.001,0.0,BTC-6DEC19-6000-P,7292.94,89.33,0.0005,119.4,0.001,0.7,99.5,0.42051,-5.33734,-0.0191,8e-05,-0.02372
7297.96,SYN.BTC-6DEC19,1575284341430,open,0.0,226.9,0.0005,0.0105,0.00072761,112.01,0.001,0.0,BTC-6DEC19-5750-P,7292.94,106.08,0.0005,102.0,0.001,34.5,117.69,0.31495,-4.551,-0.01364,5e-05,-0.01687
7297.96,SYN.BTC-6DEC19,1575284341432,open,0.0,191.6,0.0005,0.0105,0.00023245,110.65,0.0005,0.0,BTC-6DEC19-9750-C,7292.94,0.0,0.0,0.0,0.0005,0.1,121.25,0.13733,-1.69642,0.00486,2e-05,0.0065
7324.84,BTC-27DEC19,1575284341964,open,0.09,225.8,0.0625,0.1165,0.08791427,62.23,0.087,0.0,BTC-27DEC19-7000-C,7292.94,59.23,0.085,31.9,0.089,9.6,63.33,7.14885,-8.94168,2.75973,0.00031,0.64075
149.27,SYN.ETH-13DEC19,1575284341998,open,0.2,0.0,0.173,0.227,0.200186,85.7,None,0.0,ETH-13DEC19-120-C,149.02,0.0,0.196,1.0,0.407,25.0,497.83,0.03095,-0.12196,0.03288,0.00544,0.93935
149.27,SYN.ETH-13DEC19,1575284341999,open,0.21,0.0,0.172,0.251,0.210051,72.97,None,0.0,ETH-13DEC19-180-P,149.02,0.0,0.205,1.0,0.377,1.0,350.24,0.03733,-0.12522,-0.05038,0.00771,-0.92268
149.27,SYN.ETH-13DEC19,1575284341998,open,0.02,81.0,0.005,0.045,0.020484,67.29,0.017,0.0,ETH-13DEC19-140-P,149.02,61.11,0.017,210.0,0.022,500.0,69.93,0.08534,-0.26403,-0.01296,0.0191,-0.27094
149.27,SYN.ETH-13DEC19,1575284341998,open,0.0,41.0,0.001,0.015,0.004049,85.44,0.004,0.0,ETH-13DEC19-120-P,149.02,79.96,0.003,700.0,0.005,555.0,89.82,0.03075,-0.12079,-0.00285,0.00542,-0.06014
149.27,SYN.ETH-13DEC19,1575284341998,open,0.02,213.0,0.004,0.042,0.018944,64.93,0.015,0.0,ETH-13DEC19-160-C,149.02,59.83,0.016,994.0,0.021,550.0,68.39,0.08771,-0.2618,0.0119,0.02035,0.28658
149.27,SYN.ETH-13DEC19,1575284341999,open,0.0,27.0,0.001,0.013,0.002835,81.74,0.005,0.0,ETH-13DEC19-190-C,149.02,76.62,0.002,800.0,0.004,750.0,87.61,0.02681,-0.10073,0.00212,0.00494,0.05055
149.27,SYN.ETH-13DEC19,1575284341999,open,0.05,51.0,0.019,0.079,0.04661,63.94,0.055,0.0,ETH-13DEC19-150-P,149.02,57.25,0.042,160.0,0.05,160.0,68.87,0.10279,-0.30216,-0.02412,0.02421,-0.49564
149.27,SYN.ETH-13DEC19,1575284341998,open,0.01,253.0,0.001,0.026,0.008815,74.98,0.01,0.0,ETH-13DEC19-130-P,149.02,69.76,0.007,250.0,0.01,800.0,78.17,0.05412,-0.18656,-0.00612,0.01087,-0.12868
149.27,SYN.ETH-13DEC19,1575284341999,open,0.28,0.0,0.237,0.319,0.275618,81.26,None,0.0,ETH-13DEC19-190-P,149.02,0.0,0.272,1.0,0.53,1.0,500.0,0.02635,-0.09843,-0.05454,0.00488,-0.95053
7324.92,BTC-27DEC19,1575284342432,open,0.01,473.7,0.0005,0.016,0.00511821,74.13,0.004,0.0,BTC-27DEC19-5500-P,7293.0,72.0,0.0045,16.0,0.006,38.7,76.95,2.19863,-3.27592,-0.31186,8e-05,-0.05735
7324.92,BTC-27DEC19,1575284342432,open,0.19,0.0,0.1505,0.2165,0.18107299,67.0,None,0.0,BTC-27DEC19-8500-P,7293.0,0.0,0.0895,2.0,0.2925,2.0,181.79,5.70146,-7.67828,-4.78439,0.00023,-0.77731
7324.92,BTC-27DEC19,1575284342432,open,0.31,0.0,0.2755,0.342,0.3058621,73.73,None,0.0,BTC-27DEC19-9500-P,7293.0,0.0,0.027,1.0,1.2,1.0,500.0,3.47264,-5.14634,-5.99579,0.00013,-0.89519
7457.35,BTC-27MAR20,1575284342432,open,0.04,1190.1,0.0165,0.072,0.03748742,77.03,0.0395,0.0,BTC-27MAR20-12000-C,7293.0,75.38,0.035,19.2,0.0395,38.7,78.33,11.39003,-3.78563,3.60288,8e-05,0.18967
7324.92,BTC-27DEC19,1575284342432,open,2.3,0.0,2.2125,2.343,2.27650975,126.41,None,0.0,BTC-27DEC19-24000-P,7293.0,0.0,0.0,0.0,0.0,0.0,0.0,0.02119,-0.05384,-16.35524,0.0,-0.9997
7324.92,BTC-27DEC19,1575284342432,open,0.0,756.8,0.0005,0.0105,1.003e-05,120.0,0.0005,0.0,BTC-27DEC19-24000-C,7293.0,0.0,0.0,0.0,0.0005,14.0,160.26,0.01043,-0.02517,0.00065,0.0,0.00014
7324.92,BTC-27DEC19,1575284342432,open,0.0,21.4,0.0005,0.017,0.0048297,81.85,0.0035,0.0,BTC-27DEC19-10500-C,7293.0,78.94,0.004,36.0,0.0055,57.0,84.01,2.19539,-3.61189,0.26166,7e-05,0.05724
7324.92,BTC-27DEC19,1575284342432,open,6.14,0.8,5.96,6.244,6.09908272,200.49,3.59,0.0,BTC-27DEC19-52000-P,7293.0,0.0,0.001,1.0,0.0,0.0,0.0,0.01771,-0.07135,-35.43825,0.0,-0.99975
7324.92,BTC-27DEC19,1575284342432,open,5.04,0.0,4.8895,5.1295,5.00691615,183.41,3.46,0.0,BTC-27DEC19-44000-P,7293.0,0.0,0.001,1.0,0.0,0.0,0.0,0.01639,-0.06041,-29.98612,0.0,-0.99977
7457.35,BTC-27MAR20,1575284342432,open,0.01,252.2,0.0005,0.0285,0.0088341,98.22,0.011,0.0,BTC-27MAR20-22000-C,7293.0,95.67,0.0075,33.0,0.0095,13.9,99.41,4.10068,-1.73798,0.89561,2e-05,0.04666
7324.92,BTC-27DEC19,1575284342432,open,0.0,832.1,0.0005,0.0105,0.00012775,120.0,0.001,0.0,BTC-27DEC19-3000-P,7293.0,0.0,0.0,0.0,0.0005,1.1,138.38,0.08321,-0.2007,-0.00724,0.0,-0.00132
7324.92,BTC-27DEC19,1575284342432,open,0.0,680.5,0.0005,0.0105,3.43e-06,120.0,0.0005,0.0,BTC-27DEC19-26000-C,7293.0,0.0,0.0,0.0,0.0005,14.0,169.43,0.00399,-0.00963,0.00024,0.0,5e-05
7324.92,BTC-27DEC19,1575284342432,open,0.66,0.0,0.649,0.6685,0.65870949,117.47,None,0.0,BTC-27DEC19-2500-C,7293.0,0.0,0.6515,16.0,0.6655,16.0,244.35,0.00946,-0.02233,1.70313,0.0,0.99987
7324.92,BTC-27DEC19,1575284342432,open,3.39,0.3,3.2835,3.4575,3.36869627,160.8,2.744,0.0,BTC-27DEC19-32000-P,7293.0,0.0,0.0,0.0,0.0,0.0,0.0,0.03266,-0.10556,-21.80668,0.0,-0.99952
7324.92,BTC-27DEC19,1575284342432,open,1.2,18.0,1.142,1.233,1.18507304,117.02,1.261,0.0,BTC-27DEC19-16000-P,7293.0,0.0,0.0135,1.0,0.0,0.0,0.0,0.42339,-0.99588,-10.86776,1e-05,-0.99191
7324.92,BTC-27DEC19,1575284342432,open,0.01,117.0,0.0005,0.025,0.00891364,73.72,0.0075,0.0,BTC-27DEC19-9500-C,7293.0,71.74,0.008,43.0,0.01,54.1,75.95,3.47156,-5.14387,0.47851,0.00013,0.10477
7324.92,BTC-27DEC19,1575284342433,open,1.47,9.4,1.4095,1.5095,1.45763763,119.26,1.1125,0.0,BTC-27DEC19-18000-P,7293.0,0.0,0.0135,1.0,0.0,0.0,0.0,0.18266,-0.43786,-12.25312,0.0,-0.99685
7324.92,BTC-27DEC19,1575284342433,open,0.25,69.4,0.236,0.275,0.25424857,74.1,0.29,0.0,BTC-27DEC19-5500-C,7293.0,47.19,0.2495,15.0,0.2705,17.0,111.24,2.19686,-3.27207,3.43687,8e-05,0.94271
7457.35,BTC-27MAR20,1575284342432,open,0.12,194.5,0.085,0.1645,0.12005136,68.7,0.1215,0.0,BTC-27MAR20-7000-P,7293.0,66.78,0.116,12.1,0.121,3.6,69.15,15.72758,-4.66217,-11.37757,0.00013,-0.36053
7324.92,BTC-27DEC19,1575284342433,open,0.05,792.1,0.0235,0.0705,0.04356655,62.22,0.0415,0.0,BTC-27DEC19-7000-P,7293.0,59.59,0.041,48.1,0.045,16.0,63.69,7.14872,-8.94093,-2.01078,0.00031,-0.35922
7457.35,BTC-27MAR20,1575284342433,open,0.3,99.0,0.2515,0.352,0.29714203,71.06,0.278,0.0,BTC-27MAR20-9000-P,7293.0,64.47,0.283,8.0,0.313,13.8,78.31,16.16509,-4.95631,-21.38658,0.00013,-0.60621
7324.92,BTC-27DEC19,1575284342433,open,0.0,487.7,0.0005,0.0105,0.0005104,116.24,0.0015,0.0,BTC-27DEC19-3500-P,7293.0,115.95,0.0005,14.0,0.001,0.5,126.59,0.26974,-0.63021,-0.02682,1e-05,-0.00486
7457.35,BTC-27MAR20,1575284342432,open,0.0,64.4,0.0005,0.018,0.00410656,110.73,0.0045,0.0,BTC-27MAR20-32000-C,7293.0,106.5,0.003,48.0,0.005,40.0,113.6,2.1673,-1.03549,0.41301,1e-05,0.02155
7457.35,BTC-27MAR20,1575284342433,open,0.09,236.5,0.0575,0.133,0.09029033,71.06,0.093,0.0,BTC-27MAR20-9000-C,7293.0,69.54,0.087,30.7,0.093,34.5,72.31,16.1653,-4.95674,7.18569,0.00013,0.39381
7457.35,BTC-27MAR20,1575284342433,open,0.47,7.4,0.457,0.493,0.47295466,74.76,0.499,0.0,BTC-27MAR20-4000-C,7293.0,0.0,0.4615,14.0,0.4865,14.0,94.7,4.02359,-1.29798,11.39867,3e-05,0.95443
7457.35,BTC-27MAR20,1575284342433,open,0.01,136.6,0.0005,0.02,0.00490338,109.35,0.0055,0.0,BTC-27MAR20-30000-C,7293.0,104.68,0.0035,48.0,0.0055,13.3,111.07,2.49855,-1.17896,0.48812,1e-05,0.02552
7324.98,BTC-27DEC19,1575284342433,open,0.19,130.5,0.1695,0.2145,0.19083404,66.92,0.212,0.0,BTC-27DEC19-6000-C,7293.0,43.42,0.1825,15.0,0.211,17.0,100.05,3.58245,-4.81841,3.49317,0.00015,0.89057
7324.98,BTC-27DEC19,1575284342433,open,1.06,211.0,1.008,1.0935,1.04856594,109.25,0.959,0.0,BTC-27DEC19-15000-P,7293.0,0.0,0.0135,1.0,0.0,0.0,0.0,0.45948,-1.00899,-10.18243,1e-05,-0.99112
7457.35,BTC-27MAR20,1575284342433,open,0.01,269.2,0.0035,0.0365,0.01324886,90.57,0.0145,0.0,BTC-27MAR20-18000-C,7293.0,88.18,0.0115,36.0,0.014,12.5,91.54,5.67615,-2.21819,1.35675,4e-05,0.07056
7324.98,BTC-27DEC19,1575284342433,open,0.01,1508.1,0.0005,0.025,0.00996456,66.95,0.0115,0.0,BTC-27DEC19-6000-P,7293.0,64.94,0.009,53.9,0.011,16.0,69.02,3.58467,-4.8237,-0.59653,0.00015,-0.10953
7324.98,BTC-27DEC19,1575284342433,open,0.38,526.6,0.341,0.408,0.37161454,77.79,0.297,0.0,BTC-27DEC19-10000-P,7293.0,0.0,0.226,2.0,0.45,0.1,182.64,2.73854,-4.28163,-6.46716,0.0001,-0.92385
7324.98,BTC-27DEC19,1575284342433,open,0.0,1038.8,0.0005,0.0105,9.266e-05,120.0,0.0015,0.0,BTC-27DEC19-20000-C,7293.0,0.0,0.0,0.0,0.001,40.6,149.33,0.07292,-0.17587,0.00526,0.0,0.00115
7324.98,BTC-27DEC19,1575284342433,open,0.92,268.3,0.874,0.955,0.91232033,103.94,0.78,0.0,BTC-27DEC19-14000-P,7293.0,0.0,0.0,0.0,0.0,0.0,0.0,0.60475,-1.26342,-9.48584,2e-05,-0.98783
7324.98,BTC-27DEC19,1575284342433,open,0.0,106.3,0.0005,0.0105,6.1e-07,120.0,0.0005,0.0,BTC-27DEC19-2000-P,7293.0,0.0,0.0,0.0,0.0005,52.6,197.63,0.00074,-0.00177,-5e-05,0.0,-1e-05
7324.98,BTC-27DEC19,1575284342433,open,0.0,657.0,0.0005,0.0105,1.2e-06,120.0,0.0005,0.0,BTC-27DEC19-28000-C,7293.0,0.0,0.0,0.0,0.0005,14.0,177.83,0.00155,-0.00373,9e-05,0.0,2e-05
7457.35,BTC-27MAR20,1575284342433,open,0.0,657.7,0.0005,0.0135,0.00256629,117.25,0.004,0.0,BTC-27MAR20-40000-C,7293.0,114.07,0.002,14.0,0.0035,39.0,121.53,1.451,-0.73411,0.2583,1e-05,0.01348
7324.98,BTC-27DEC19,1575284342433,open,0.45,30.7,0.443,0.4695,0.4551639,108.82,0.4745,0.0,BTC-27DEC19-4000-C,7293.0,0.0,0.4485,16.2,0.4635,20.4,158.35,0.57786,-1.2639,2.66224,1e-05,0.98845
7324.98,BTC-27DEC19,1575284342433,open,2.85,0.2,2.748,2.9005,2.8226103,152.39,2.2765,0.0,BTC-27DEC19-28000-P,7293.0,0.0,0.0,0.0,0.0,0.0,0.0,0.04991,-0.15289,-19.07931,0.0,-0.99924
7457.35,BTC-27MAR20,1575284342433,open,0.35,2.0,0.3315,0.3845,0.35577485,70.33,0.355,0.0,BTC-27MAR20-5000-C,7293.0,53.42,0.34,13.0,0.3745,13.0,86.11,8.09144,-2.45555,12.55935,7e-05,0.88627
7324.98,BTC-27DEC19,1575284342433,open,0.03,970.6,0.0155,0.0585,0.03340924,64.42,0.036,0.0,BTC-27DEC19-8000-C,7293.0,62.92,0.032,3.9,0.0345,14.0,65.57,6.92472,-8.96627,1.48032,0.00029,0.32994
7324.98,BTC-27DEC19,1575284342433,open,0.0,706.6,0.0005,0.011,0.00146855,98.02,0.0015,0.0,BTC-27DEC19-13000-C,7293.0,98.3,0.0015,14.0,0.0025,86.0,105.69,0.81697,-1.60963,0.07886,2e-05,0.01727
7324.98,BTC-27DEC19,1575284342433,open,0.0,971.5,0.0005,0.011,0.00101578,103.49,0.0005,0.0,BTC-27DEC19-14000-C,7293.0,103.29,0.001,14.0,0.0015,4.9,108.71,0.59003,-1.22735,0.054,2e-05,0.01183
7324.98,BTC-27DEC19,1575284342433,open,0.0,449.3,0.0005,0.0105,0.0,120.0,0.0005,0.0,BTC-27DEC19-44000-C,7293.0,0.0,0.0,0.0,0.0005,15.0,227.46,0.0,0.0,0.0,0.0,0.0
7457.35,BTC-27MAR20,1575284342434,open,0.66,54.9,0.5985,0.706,0.64662302,77.02,0.77,0.0,BTC-27MAR20-12000-P,7293.0,0.0,0.55,0.1,0.88,1.0,189.08,11.38834,-3.78458,-34.49396,8e-05,-0.81038
7324.98,BTC-27DEC19,1575284342434,open,0.59,11.0,0.581,0.6005,0.59056249,119.3,0.5835,0.0,BTC-27DEC19-3000-C,7293.0,0.0,0.585,19.2,0.5975,23.4,207.87,0.07931,-0.19017,2.03771,0.0,0.99874
7324.98,BTC-27DEC19,1575284342434,open,0.73,0.0,0.717,0.7365,0.7269571,0.0,None,0.0,BTC-27DEC19-2000-C,7293.0,0.0,0.7195,18.0,0.7345,18.0,297.66,0.0,0.0,1.36305,0.0,1.0
7324.98,BTC-27DEC19,1575284342434,open,0.25,925.0,0.2115,0.278,0.24203091,70.36,0.24,0.0,BTC-27DEC19-9000-P,7293.0,0.0,0.1685,2.0,0.35,1.0,189.33,4.49142,-6.35173,-5.4433,0.00017,-0.84834
7324.98,BTC-27DEC19,1575284342434,open,0.0,817.7,0.0005,0.011,0.00125092,108.95,0.001,0.0,BTC-27DEC19-4000-P,7293.0,105.55,0.001,27.9,0.0015,17.0,111.91,0.58102,-1.27236,-0.06428,1e-05,-0.01162
7324.98,BTC-27DEC19,1575284342434,open,0.0,255.7,0.0005,0.0105,1e-08,120.0,0.001,0.0,BTC-27DEC19-1500-P,7293.0,0.0,0.0,0.0,0.0005,80.9,240.26,1e-05,-2e-05,0.0,0.0,0.0
7457.35,BTC-27MAR20,1575284342434,open,0.41,141.4,0.3595,0.464,0.40684839,73.08,0.3895,0.0,BTC-27MAR20-10000-P,7293.0,64.82,0.391,7.0,0.43,13.0,84.43,14.74335,-4.64883,-26.05778,0.00011,-0.69381
7457.35,BTC-27MAR20,1575284342434,open,0.01,1340.7,0.0005,0.0225,0.00933356,74.75,0.01,0.0,BTC-27MAR20-4000-P,7293.0,72.19,0.008,17.5,0.0105,22.9,76.85,4.02259,-1.29751,-1.2996,3e-05,-0.04556
7324.98,BTC-27DEC19,1575284342434,open,0.0,690.8,0.0005,0.0105,2e-08,120.0,0.0005,0.0,BTC-27DEC19-36000-C,7293.0,0.0,0.0,0.0,0.0005,14.0,205.75,4e-05,-0.0001,0.0,0.0,0.0
7324.98,BTC-27DEC19,1575284342434,open,4.49,0.0,4.354,4.572,4.46087014,192.06,2.58,0.0,BTC-27DEC19-40000-P,7293.0,0.0,0.001,1.0,0.0,0.0,0.0,0.05601,-0.21621,-27.25727,0.0,-0.99914
7324.98,BTC-27DEC19,1575284342434,open,0.0,349.0,0.0005,0.0105,0.0,120.0,0.0005,0.0,BTC-27DEC19-48000-C,7293.0,0.0,0.0,0.0,0.0005,14.0,236.73,0.0,0.0,0.0,0.0,0.0
7457.35,BTC-27MAR20,1575284342434,open,1.98,5.6,1.895,2.0355,1.95893581,98.21,1.545,0.0,BTC-27MAR20-22000-P,7293.0,0.0,0.959,1.0,2.9595,1.0,500.0,4.09844,-1.73677,-68.94784,2e-05,-0.95337
7457.35,BTC-27MAR20,1575284342434,open,0.03,238.7,0.012,0.0495,0.02624895,70.33,0.028,0.0,BTC-27MAR20-5000-P,7293.0,67.74,0.0235,48.9,0.028,38.8,71.92,8.09088,-2.45521,-3.31365,7e-05,-0.11372
7457.35,BTC-27MAR20,1575284342435,open,2.24,0.0,2.157,2.3065,2.22563198,101.16,None,0.0,BTC-27MAR20-24000-P,7293.0,0.0,0.0005,5.0,0.0,0.0,0.0,3.52609,-1.53911,-75.44916,2e-05,-0.96128
7324.98,BTC-27DEC19,1575284342435,open,0.0,562.6,0.0005,0.0105,0.0,120.0,0.0005,0.0,BTC-27DEC19-40000-C,7293.0,0.0,0.0,0.0,0.0005,19.6,217.21,1e-05,-2e-05,0.0,0.0,0.0
7324.98,BTC-27DEC19,1575284342435,open,0.01,1178.1,0.0035,0.032,0.01333513,70.32,0.013,0.0,BTC-27DEC19-9000-C,7293.0,68.1,0.012,62.6,0.0145,69.8,72.19,4.48836,-6.34395,0.68977,0.00017,0.15151
7324.98,BTC-27DEC19,1575284342435,open,3.94,1.3,3.8185,4.015,3.91478315,180.25,3.212,0.0,BTC-27DEC19-36000-P,7293.0,0.0,0.0,0.0,0.0,0.0,0.0,0.05369,-0.19453,-24.5313,0.0,-0.99918
7324.98,BTC-27DEC19,1575284342435,open,0.0,1140.2,0.0005,0.014,0.00361286,85.22,0.0025,0.0,BTC-27DEC19-11000-C,7293.0,82.51,0.003,16.0,0.0045,65.0,88.7,1.74898,-2.99596,0.19688,6e-05,0.04305
7324.98,BTC-27DEC19,1575284342435,open,0.0,590.4,0.0005,0.0105,1.388e-05,120.0,0.001,0.0,BTC-27DEC19-2500-P,7293.0,0.0,0.0,0.0,0.0005,10.0,164.95,0.01221,-0.02946,-0.0009,0.0,-0.00017
7324.98,BTC-27DEC19,1575284342435,open,0.0,839.6,0.0005,0.0105,0.00024607,118.14,0.0005,0.0,BTC-27DEC19-18000-C,7293.0,0.0,0.0,0.0,0.0005,19.6,126.4,0.16876,-0.40075,0.01316,0.0,0.00288
7324.98,BTC-27DEC19,1575284342435,open,0.38,21.6,0.3735,0.4035,0.38740901,94.5,0.5285,0.0,BTC-27DEC19-4500-C,7293.0,0.0,0.38,15.2,0.398,19.4,140.98,0.84419,-1.60349,2.96859,2e-05,0.98206
7324.98,BTC-27DEC19,1575284342435,open,1.75,3.6,1.677,1.787,1.73052773,124.36,1.729,0.0,BTC-27DEC19-20000-P,7293.0,0.0,0.0135,1.0,0.0,0.0,0.0,0.10379,-0.25942,-13.62283,0.0,-0.99831
7324.98,BTC-27DEC19,1575284342435,open,0.79,12.1,0.7855,0.805,0.79521738,0.0,0.8415,0.0,BTC-27DEC19-1500-C,7293.0,0.0,0.7875,20.0,0.803,20.0,363.82,0.0,0.0,1.02229,0.0,1.0
7324.98,BTC-27DEC19,1575284342436,open,0.0,784.8,0.0005,0.0115,0.0017569,94.6,0.002,0.0,BTC-27DEC19-4500-P,7293.0,92.27,0.0015,15.0,0.002,1.0,96.62,0.84772,-1.61193,-0.09878,2e-05,-0.01803
7457.41,BTC-27MAR20,1575284342436,open,0.02,429.1,0.0085,0.0535,0.0238838,81.31,0.023,0.0,BTC-27MAR20-14000-C,7293.0,80.55,0.023,2.0,0.025,0.5,82.26,8.69617,-3.05119,2.41677,6e-05,0.12597
7324.98,BTC-27DEC19,1575284342436,open,0.52,4.3,0.5125,0.534,0.52268427,115.99,0.5625,0.0,BTC-27DEC19-3500-C,7293.0,0.0,0.516,17.2,0.53,21.4,179.55,0.26633,-0.62093,2.35891,1e-05,0.99521
7457.41,BTC-27MAR20,1575284342436,open,0.0,144.6,0.0005,0.016,0.00338235,114.97,0.0045,0.0,BTC-27MAR20-36000-C,7293.0,110.97,0.0025,33.0,0.004,39.0,117.35,1.82316,-0.90443,0.33618,1e-05,0.01758
7324.98,BTC-27DEC19,1575284342436,open,0.0,1541.5,0.0005,0.0105,0.0,120.0,0.0005,0.0,BTC-27DEC19-52000-C,7293.0,0.0,0.0,0.0,0.0005,46.0,245.19,0.0,0.0,0.0,0.0,0.0
7457.41,BTC-27MAR20,1575284342436,open,0.01,158.0,0.0005,0.0255,0.00733921,101.18,0.0075,0.0,BTC-27MAR20-24000-C,7293.0,98.16,0.006,44.8,0.008,17.8,102.53,3.52875,-1.54054,0.74372,2e-05,0.03875
7324.98,BTC-27DEC19,1575284342437,open,0.32,66.8,0.3045,0.3395,0.32074164,85.84,0.4645,0.0,BTC-27DEC19-5000-C,7293.0,0.0,0.3115,16.0,0.3335,18.0,125.38,1.4666,-2.53043,3.21783,5e-05,0.96532
7587.52,SYN.BTC-26JUN20,1575284342432,open,0.02,14.9,0.006,0.051,0.01920454,96.62,0.022,0.0,BTC-26JUN20-28000-C,7293.0,94.5,0.017,29.0,0.0205,10.5,97.8,8.18139,-1.91049,2.44949,3e-05,0.07616
7587.52,SYN.BTC-26JUN20,1575284342432,open,0.17,257.3,0.125,0.221,0.16779155,71.61,0.165,0.0,BTC-26JUN20-7000-P,7293.0,70.6,0.165,11.1,0.169,2.0,72.05,20.87299,-3.61283,-21.73365,9e-05,-0.33759
7297.91,SYN.BTC-6DEC19,1575284342432,open,0.21,1.1,0.1755,0.2285,0.19995959,90.29,0.125,0.0,BTC-6DEC19-8750-P,7293.0,0.0,0.1825,5.0,0.215,5.0,174.31,0.48984,-5.70583,-0.90781,0.0001,-0.97154
7297.91,SYN.BTC-6DEC19,1575284342433,open,0.0,163.4,0.0005,0.011,0.00134742,82.69,0.0015,0.0,BTC-6DEC19-8500-C,7293.0,78.46,0.001,41.5,0.0015,14.0,84.35,0.65249,-6.96105,0.03021,0.00014,0.04034
7306.89,SYN.BTC-13DEC19,1575284342432,open,0.0,49.0,0.0005,0.012,0.00202841,82.18,0.0015,0.0,BTC-13DEC19-9500-C,7293.0,78.1,0.0015,34.0,0.0025,19.0,85.31,1.03322,-3.9036,0.07742,8e-05,0.03759
7297.91,SYN.BTC-6DEC19,1575284342432,open,0.0,228.9,0.0005,0.0115,0.00155797,88.66,0.0015,0.0,BTC-6DEC19-6250-P,7293.0,81.68,0.001,44.7,0.002,16.5,93.23,0.65765,-7.52252,-0.03277,0.00013,-0.04073
7297.91,SYN.BTC-6DEC19,1575284342435,open,0.0,189.0,0.0005,0.0105,0.00099441,90.41,0.0005,0.0,BTC-6DEC19-8750-C,7293.0,81.46,0.0005,48.9,0.0015,19.5,96.99,0.49235,-5.74292,0.02142,0.0001,0.02864
7587.52,SYN.BTC-26JUN20,1575284342434,open,0.39,0.0,0.3655,0.4325,0.3959135,72.15,None,0.0,BTC-26JUN20-5000-C,7293.0,58.2,0.373,7.0,0.418,7.0,84.32,13.27767,-2.31541,19.55758,6e-05,0.85069
7297.91,SYN.BTC-6DEC19,1575284342432,open,0.21,0.3,0.1965,0.232,0.21283623,112.13,0.144,0.0,BTC-6DEC19-5750-C,7293.0,0.0,0.202,10.4,0.2245,9.4,206.47,0.31646,-4.57779,0.59684,5e-05,0.98304
7297.91,SYN.BTC-6DEC19,1575284342432,open,0.28,0.0,0.266,0.2965,0.28074586,120.48,None,0.0,BTC-6DEC19-5250-C,7293.0,0.0,0.2705,8.0,0.291,13.8,250.21,0.07526,-1.16974,0.55479,1e-05,0.99669
7587.52,SYN.BTC-26JUN20,1575284342435,open,0.02,24.0,0.004,0.0445,0.01544657,99.73,0.017,0.0,BTC-26JUN20-32000-C,7293.0,98.11,0.014,15.0,0.017,29.9,101.38,6.94704,-1.67457,1.98528,2e-05,0.06161
7297.91,SYN.BTC-6DEC19,1575284342433,open,0.0,241.7,0.0005,0.0165,0.00355453,63.36,0.0045,0.0,BTC-6DEC19-6750-P,7293.0,60.39,0.003,0.5,0.004,15.6,65.61,1.41139,-11.53634,-0.08777,0.00039,-0.10971
7587.52,SYN.BTC-26JUN20,1575284342435,open,0.11,259.6,0.069,0.1475,0.10290019,71.62,0.1035,0.0,BTC-26JUN20-6000-P,7293.0,69.95,0.099,19.8,0.1055,14.1,72.72,17.77457,-3.07655,-14.76413,8e-05,-0.24041
7587.52,SYN.BTC-26JUN20,1575284342435,open,0.02,12.5,0.008,0.058,0.02361039,92.02,0.024,0.0,BTC-26JUN20-24000-C,7293.0,90.72,0.022,15.0,0.0255,5.0,93.48,9.588,-2.13239,3.03181,3e-05,0.09411
7587.52,SYN.BTC-26JUN20,1575284342433,open,0.06,521.4,0.0325,0.1115,0.06370954,79.83,0.065,0.0,BTC-26JUN20-14000-C,7293.0,78.88,0.0615,0.1,0.066,19.4,80.81,17.60207,-3.39631,7.41668,7e-05,0.23617
7297.91,SYN.BTC-6DEC19,1575284342432,open,0.0,136.1,0.0005,0.0105,0.00088674,100.04,0.0005,0.0,BTC-6DEC19-9000-C,7293.0,92.06,0.0005,50.9,0.001,14.1,101.93,0.42072,-5.42959,0.0177,7e-05,0.02373
7297.91,SYN.BTC-6DEC19,1575284342433,open,0.0,68.5,0.0005,0.0105,0.00066394,106.24,0.0005,0.0,BTC-6DEC19-9250-C,7293.0,0.0,0.0,0.0,0.001,15.1,112.83,0.32358,-4.43501,0.01298,5e-05,0.01741
7297.91,SYN.BTC-6DEC19,1575284342436,open,0.14,6.9,0.1265,0.1665,0.14515428,88.73,0.136,0.0,BTC-6DEC19-6250-C,7293.0,0.0,0.1435,0.1,0.159,8.6,164.91,0.65904,-7.54392,0.63079,0.00013,0.95916
7375.81,SYN.BTC-31JAN20,1575284342432,open,0.65,0.0,0.6,0.6875,0.63950082,80.93,None,0.0,BTC-31JAN20-12000-P,7293.0,0.0,0.0,0.0,0.0,0.0,0.0,4.981,-3.36626,-18.70869,7e-05,-0.90674
7587.52,SYN.BTC-26JUN20,1575284342434,open,0.34,106.9,0.2835,0.401,0.33660793,71.61,0.333,0.0,BTC-26JUN20-9000-P,7293.0,60.2,0.3025,4.0,0.3445,8.0,74.24,22.76338,-3.93997,-36.78552,0.0001,-0.51878
7587.52,SYN.BTC-26JUN20,1575284342436,open,0.31,14.0,0.274,0.357,0.31213608,71.62,0.303,0.0,BTC-26JUN20-6000-C,7293.0,66.63,0.3005,7.0,0.3425,7.0,84.48,17.77467,-3.07673,19.24235,8e-05,0.75958
7297.91,SYN.BTC-6DEC19,1575284342436,open,0.24,0.2,0.231,0.2645,0.24677193,120.19,0.175,0.0,BTC-6DEC19-5500-C,7293.0,0.0,0.2355,7.0,0.2575,12.8,227.07,0.19163,-2.9715,0.57633,3e-05,0.9905
7587.52,SYN.BTC-26JUN20,1575284342433,open,0.25,193.2,0.1975,0.3065,0.24649577,71.61,0.2465,0.0,BTC-26JUN20-8000-P,7293.0,69.76,0.241,7.4,0.2505,8.0,72.97,22.45638,-3.88686,-29.1768,0.0001,-0.43196
7587.52,SYN.BTC-26JUN20,1575284342433,open,1.42,1.8,1.3445,1.493,1.41042883,84.55,1.335,0.0,BTC-26JUN20-18000-P,7293.0,0.0,1.25,0.1,1.5,0.1,123.56,13.28576,-2.71504,-97.23299,5e-05,-0.85055
7297.91,SYN.BTC-6DEC19,1575284342433,open,0.14,16.5,0.109,0.1605,0.13260698,76.39,0.1075,0.0,BTC-6DEC19-8250-P,7293.0,71.3,0.132,0.1,0.1345,0.1,88.67,0.94734,-9.33643,-0.82773,0.00022,-0.93554
7297.91,SYN.BTC-6DEC19,1575284342432,open,0.28,0.0,0.243,0.298,0.26814141,106.04,None,0.0,BTC-6DEC19-9250-P,7293.0,0.0,0.0135,1.0,0.0,0.0,0.0,0.32078,-4.38845,-0.96935,5e-05,-0.98277
7297.91,SYN.BTC-6DEC19,1575284342432,open,0.07,210.4,0.0445,0.095,0.06821555,62.5,0.081,0.0,BTC-6DEC19-7750-P,7293.0,59.84,0.0675,0.1,0.07,1.1,68.76,1.99919,-16.1204,-0.68535,0.00057,-0.81621
7587.52,SYN.BTC-26JUN20,1575284342434,open,0.49,0.5,0.476,0.524,0.49712063,73.8,0.589,0.0,BTC-26JUN20-4000-C,7293.0,55.58,0.481,7.0,0.5115,7.0,85.98,8.19575,-1.46177,18.34326,3e-05,0.92366
7587.52,SYN.BTC-26JUN20,1575284342434,open,0.03,893.7,0.012,0.0695,0.03139409,87.0,0.03,0.0,BTC-26JUN20-20000-C,7293.0,86.09,0.03,8.3,0.033,0.1,88.03,11.73245,-2.46698,4.00821,4e-05,0.1246
7297.91,SYN.BTC-6DEC19,1575284342433,open,0.0,316.6,0.0005,0.0135,0.0021541,76.45,0.0025,0.0,BTC-6DEC19-8250-C,7293.0,75.24,0.002,0.5,0.0025,14.0,79.01,0.94913,-9.36139,0.0484,0.00022,0.06462
7297.91,SYN.BTC-6DEC19,1575284342432,open,0.07,42.8,0.0575,0.101,0.07863854,63.39,0.0985,0.0,BTC-6DEC19-6750-C,7293.0,57.03,0.0775,16.6,0.0795,14.1,67.64,1.41244,-11.55083,0.62887,0.00039,0.89018
7375.81,SYN.BTC-31JAN20,1575284342432,open,0.01,11.1,0.003,0.0325,0.01257511,80.95,0.0115,0.0,BTC-31JAN20-12000-C,7293.0,79.32,0.0115,16.0,0.013,14.0,81.57,4.9837,-3.36893,0.97713,7e-05,0.09333
7587.52,SYN.BTC-26JUN20,1575284342432,open,0.02,357.2,0.0115,0.0465,0.0242967,73.79,0.0245,0.0,BTC-26JUN20-4000-P,7293.0,72.58,0.023,0.2,0.026,28.0,75.35,8.19503,-1.46153,-4.32742,3e-05,-0.07633
7587.52,SYN.BTC-26JUN20,1575284342434,open,0.09,251.7,0.0505,0.138,0.08688512,76.99,0.087,0.0,BTC-26JUN20-12000-C,7293.0,75.52,0.083,23.7,0.09,15.7,78.16,20.10079,-3.7405,9.51691,8e-05,0.30818
7587.52,SYN.BTC-26JUN20,1575284342432,open,0.61,15.6,0.6,0.63,0.61291422,77.2,0.6035,0.0,BTC-26JUN20-3000-C,7293.0,59.29,0.6065,8.0,0.624,8.0,94.59,3.84041,-0.71654,15.37489,2e-05,0.97043
7297.91,SYN.BTC-6DEC19,1575284342433,open,0.0,87.0,0.0005,0.0105,0.00012496,120.0,0.0005,0.0,BTC-6DEC19-5250-P,7293.0,0.0,0.0,0.0,0.0005,1.1,141.15,0.07314,-0.91196,-0.00259,1e-05,-0.00321
7297.91,SYN.BTC-6DEC19,1575284342434,open,0.01,889.8,0.0005,0.027,0.00787242,56.32,0.008,0.0,BTC-6DEC19-7000-P,7293.0,53.48,0.007,0.4,0.0085,0.5,58.32,2.26941,-16.48904,-0.18238,0.00071,-0.22748
7297.91,SYN.BTC-6DEC19,1575284342432,open,0.31,0.0,0.2765,0.3315,0.30206868,106.07,None,0.0,BTC-6DEC19-9500-P,7293.0,0.0,0.0135,1.0,0.0,0.0,0.0,0.18611,-2.54669,-1.00188,3e-05,-0.99081
7306.89,SYN.BTC-13DEC19,1575284342433,open,0.31,0.0,0.275,0.334,0.30216284,82.12,None,0.0,BTC-13DEC19-9500-P,7293.0,0.0,0.0,0.0,0.0,0.0,0.0,1.03051,-3.89039,-2.75348,8e-05,-0.96253
7297.91,SYN.BTC-6DEC19,1575284342432,open,0.34,0.0,0.31,0.366,0.33622222,110.16,None,0.0,BTC-6DEC19-9750-P,7293.0,0.0,0.0135,1.0,0.0,0.0,0.0,0.13341,-1.89587,-1.03058,2e-05,-0.99371
7587.52,SYN.BTC-26JUN20,1575284342432,open,0.45,123.5,0.387,0.513,0.44404077,74.4,0.45,0.0,BTC-26JUN20-10000-P,7293.0,0.0,0.0905,2.0,0.4655,6.0,81.66,22.27846,-4.00628,-44.22166,9e-05,-0.58426
7297.91,SYN.BTC-6DEC19,1575284342432,open,0.01,647.4,0.0005,0.0225,0.00627497,62.53,0.0065,0.0,BTC-6DEC19-7750-C,7293.0,59.64,0.0055,28.5,0.007,30.4,65.13,1.99993,-16.13322,0.13765,0.00057,0.1839
7297.91,SYN.BTC-6DEC19,1575284342432,open,0.17,4.6,0.142,0.194,0.16605645,82.61,0.142,0.0,BTC-6DEC19-8500-P,7293.0,0.0,0.148,8.0,0.182,8.0,160.86,0.65024,-6.92945,-0.87247,0.00014,-0.95983
7587.52,SYN.BTC-26JUN20,1575284342433,open,0.13,263.4,0.0845,0.18,0.1261006,74.41,0.1255,0.0,BTC-26JUN20-10000-C,7293.0,73.52,0.1235,2.0,0.1305,18.8,75.9,22.2787,-4.00658,12.45684,9e-05,0.41576
7587.52,SYN.BTC-26JUN20,1575284342432,open,0.24,60.9,0.2025,0.2955,0.24523343,71.62,0.2495,0.0,BTC-26JUN20-7000-C,7293.0,69.9,0.2405,17.9,0.25,12.9,73.35,20.87294,-3.613,17.94081,9e-05,0.66242
7297.91,SYN.BTC-6DEC19,1575284342434,open,0.04,90.9,0.028,0.0735,0.04870028,56.34,0.0565,0.0,BTC-6DEC19-7000-C,7293.0,50.72,0.047,22.3,0.0495,14.1,58.88,2.26985,-16.4984,0.56084,0.00071,0.77244
7587.52,SYN.BTC-26JUN20,1575284342432,open,0.68,8.8,0.6085,0.742,0.66841333,76.99,0.783,0.0,BTC-26JUN20-12000-P,7293.0,65.74,0.64,1.0,1.9995,2.0,500.0,20.09988,-3.74002,-58.49765,8e-05,-0.69185
7324.98,BTC-27DEC19,1575284342691,open,0.09,225.8,0.063,0.1165,0.08792468,62.21,0.087,0.0,BTC-27DEC19-7000-C,7293.0,59.22,0.085,31.9,0.089,23.6,63.32,7.14853,-8.93847,2.76016,0.00031,0.64081
149.59,ETH-27DEC19,1575284342873,open,0.07,51.0,0.041,0.103,0.071621,70.08,0.073,0.0,ETH-27DEC19-150-C,149.02,66.59,0.068,96.0,0.073,500.0,71.41,0.15534,-0.21881,0.04678,0.01453,0.53049
149.59,ETH-27DEC19,1575284342873,open,0.08,63.0,0.042,0.11,0.074362,70.08,0.068,0.0,ETH-27DEC19-150-P,149.02,67.8,0.072,10.0,0.078,368.0,73.58,0.15534,-0.21881,-0.05545,0.01453,-0.46951
149.59,ETH-27DEC19,1575284342873,open,0.03,5.0,0.01,0.055,0.029744,72.26,0.048,0.0,ETH-27DEC19-170-C,149.02,69.1,0.027,474.0,0.031,500.0,73.68,0.13139,-0.19084,0.02548,0.01192,0.27971
149.59,ETH-27DEC19,1575284342992,open,0.48,2830.0,0.43,0.526,0.475563,86.47,0.65,0.0,ETH-27DEC19-220-P,149.02,0.0,0.47,50.0,0.491,1.0,120.85,0.0436,-0.07577,-0.1448,0.00331,-0.94475
152.96,SYN.ETH-26JUN20,1575284343009,open,3.22,0.0,3.07,3.361,3.206334,106.03,None,0.0,ETH-26JUN20-640-P,149.02,0.0,0.01,50.0,0.0,0.0,0.0,0.17388,-0.04456,-3.57596,0.00124,-0.91834
149.59,ETH-27DEC19,1575284343011,open,3.83,0.0,3.673,3.962,3.813156,120.0,None,0.0,ETH-27DEC19-720-P,149.02,0.0,0.004,50.0,0.0,0.0,0.0,0.0,0.0,-0.4907,0.0,-1.0
152.96,SYN.ETH-26JUN20,1575284343011,open,0.27,90.0,0.225,0.332,0.279851,83.11,0.27,0.0,ETH-26JUN20-140-C,149.02,80.95,0.274,904.0,0.288,210.0,86.13,0.41435,-0.08323,0.34278,0.00376,0.67522
149.11,SYN.ETH-6DEC19,1575284343024,open,0.26,2.0,0.24,0.285,0.262524,120.0,0.264,0.0,ETH-6DEC19-110-C,149.02,0.0,0.06,25.0,0.337,1.0,500.0,0.00255,-0.03947,0.01158,0.0009,0.99416
152.96,SYN.ETH-26JUN20,1575284343046,open,0.12,474.0,0.068,0.173,0.118521,87.85,0.121,0.0,ETH-26JUN20-240-C,149.02,85.53,0.112,463.0,0.127,463.0,90.83,0.43206,-0.09173,0.21196,0.00371,0.36301
7324.98,BTC-27DEC19,1575284343055,open,0.02,58.3,0.0075,0.0425,0.02064686,66.99,0.02,0.0,BTC-27DEC19-8500-C,7293.0,65.51,0.0195,14.6,0.022,53.6,68.72,5.70128,-7.67722,1.00853,0.00023,0.22267
149.59,ETH-27DEC19,1575284343062,open,0.11,100.0,0.074,0.141,0.107817,70.77,0.11,0.0,ETH-27DEC19-140-C,149.02,66.7,0.104,136.0,0.109,500.0,72.03,0.14073,-0.2002,0.05772,0.01304,0.674
152.96,SYN.ETH-26JUN20,1575284343062,open,0.02,580.0,0.006,0.054,0.022321,106.03,0.027,0.0,ETH-26JUN20-640-C,149.02,103.92,0.02,510.0,0.025,140.0,108.31,0.17388,-0.04456,0.05145,0.00124,0.08166
152.96,SYN.ETH-26JUN20,1575284343119,open,0.12,518.0,0.082,0.176,0.12706,83.11,0.133,0.0,ETH-26JUN20-120-P,149.02,79.25,0.118,480.0,0.131,480.0,84.79,0.3594,-0.07219,-0.31973,0.00326,-0.24173
152.96,SYN.ETH-26JUN20,1575284343121,open,1.42,0.0,1.315,1.519,1.411596,94.39,None,0.0,ETH-26JUN20-360-P,149.02,0.0,0.015,2.0,1.424,1.0,100.1,0.32037,-0.07309,-1.91919,0.00256,-0.80209
149.59,ETH-27DEC19,1575284343127,open,3.03,0.0,2.895,3.135,3.010964,120.0,0.953,0.0,ETH-27DEC19-600-P,149.02,0.0,0.02,50.0,0.0,0.0,0.0,2e-05,-4e-05,-0.40891,0.0,-0.99999
149.59,ETH-27DEC19,1575284343127,open,3.56,1.0,3.414,3.686,3.545758,120.0,2.792,0.0,ETH-27DEC19-680-P,149.02,0.0,0.02,50.0,0.0,0.0,0.0,0.0,-1e-05,-0.46344,0.0,-1.0
149.59,ETH-27DEC19,1575284343127,open,2.76,0.0,2.635,2.859,2.743567,120.0,0.845,0.0,ETH-27DEC19-560-P,149.02,0.0,0.02,50.0,0.0,0.0,0.0,4e-05,-0.0001,-0.38165,0.0,-0.99998
151.64,ETH-27MAR20,1575284343134,open,0.04,94.0,0.017,0.065,0.037552,82.47,0.045,0.0,ETH-27MAR20-100-P,149.02,78.57,0.033,320.0,0.04,796.0,84.51,0.18035,-0.06418,-0.08046,0.003,-0.12959
149.59,ETH-27DEC19,1575284343155,open,0.61,2355.0,0.559,0.661,0.607331,92.78,0.495,0.0,ETH-27DEC19-240-P,149.02,0.0,0.604,50.0,0.764,1.0,299.98,0.02917,-0.05439,-0.16044,0.00206,-0.96642
149.59,ETH-27DEC19,1575284343162,open,3.29,0.0,3.155,3.41,3.278361,120.0,None,0.0,ETH-27DEC19-640-P,149.02,0.0,0.02,50.0,0.0,0.0,0.0,1e-05,-2e-05,-0.43618,0.0,-1.0
152.96,SYN.ETH-26JUN20,1575284343162,open,0.07,269.0,0.033,0.121,0.072266,92.66,0.071,0.0,ETH-26JUN20-320-C,149.02,91.25,0.069,182.0,0.077,190.0,94.66,0.35722,-0.08,0.1446,0.00291,0.23905
7324.98,BTC-27DEC19,1575284343190,open,0.09,225.8,0.063,0.1165,0.08792468,62.21,0.087,0.0,BTC-27DEC19-7000-C,7293.0,59.22,0.085,31.9,0.089,9.6,63.32,7.14853,-8.93847,2.76016,0.00031,0.64081
7587.56,SYN.BTC-26JUN20,1575284343207,open,0.04,246.3,0.016,0.079,0.03813528,84.57,0.0415,0.0,BTC-26JUN20-18000-C,7293.0,83.04,0.0355,27.0,0.0405,20.0,85.9,13.28965,-2.71627,4.78965,5e-05,0.14951
149.59,ETH-27DEC19,1575284343216,open,0.01,6655.0,0.003,0.03,0.01299,78.15,0.015,0.0,ETH-27DEC19-120-P,149.02,74.19,0.011,510.0,0.014,500.0,80.07,0.07745,-0.12165,-0.01341,0.0065,-0.11854
152.96,SYN.ETH-26JUN20,1575284343227,open,2.96,0.0,2.817,3.094,2.946802,104.3,None,0.0,ETH-26JUN20-600-P,149.02,0.0,0.01,50.0,0.0,0.0,0.0,0.1852,-0.04669,-3.34474,0.00134,-0.91117
149.59,ETH-27DEC19,1575284343247,open,0.05,4734.0,0.021,0.075,0.046011,70.44,0.047,0.0,ETH-27DEC19-160-C,149.02,67.43,0.043,781.0,0.047,500.0,71.42,0.15006,-0.21245,0.03528,0.01397,0.39207
152.96,SYN.ETH-26JUN20,1575284343247,open,0.03,42.0,0.01,0.068,0.031302,101.76,0.034,0.0,ETH-26JUN20-520-C,149.02,100.12,0.029,190.0,0.034,140.0,103.59,0.2198,-0.05406,0.07024,0.00163,0.11232
149.59,ETH-27DEC19,1575284343249,open,4.1,1.0,3.933,4.238,4.080554,120.0,3.236,0.0,ETH-27DEC19-760-P,149.02,0.0,0.02,50.0,0.0,0.0,0.0,0.0,0.0,-0.51796,0.0,-1.0
149.59,ETH-27DEC19,1575284343403,open,0.03,5.0,0.01,0.055,0.029743,72.26,0.048,0.0,ETH-27DEC19-170-C,149.02,69.1,0.027,474.0,0.032,841.0,74.81,0.13139,-0.19084,0.02548,0.01192,0.27971
149.59,ETH-27DEC19,1575284343406,open,0.03,5.0,0.01,0.055,0.029743,72.26,0.048,0.0,ETH-27DEC19-170-C,149.02,69.1,0.027,474.0,0.032,891.0,74.81,0.13139,-0.19084,0.02548,0.01192,0.27971
7325.04,BTC-27DEC19,1575284343440,open,0.51,248.6,0.4735,0.543,0.50532423,85.28,0.51,0.0,BTC-27DEC19-11000-P,7292.4,0.0,0.4155,2.0,0.55,0.1,165.15,1.75276,-3.00432,-7.2994,6e-05,-0.95683
7457.38,BTC-27MAR20,1575284343440,open,1.17,1.1,1.11,1.227,1.16254149,85.9,1.08,0.0,BTC-27MAR20-16000-P,7292.4,0.0,0.163,1.0,2.1635,1.0,500.0,6.87456,-2.54822,-49.04537,5e-05,-0.90909
7457.38,BTC-27MAR20,1575284343440,open,3.59,0.0,3.4705,3.6675,3.56298527,113.03,None,0.0,BTC-27MAR20-34000-P,7292.4,0.0,0.0,0.0,0.0,0.0,0.0,1.99285,-0.97197,-107.56551,1e-05,-0.98048
7457.38,BTC-27MAR20,1575284343440,open,1.44,0.0,1.371,1.4955,1.42697462,90.58,1.23,0.0,BTC-27MAR20-18000-P,7292.4,0.0,0.427,1.0,2.4275,1.0,500.0,5.67845,-2.21939,-55.78677,4e-05,-0.92941
7457.38,BTC-27MAR20,1575284343440,open,3.32,0.0,3.208,3.3945,3.29517491,110.78,None,0.0,BTC-27MAR20-32000-P,7292.4,0.0,0.001,1.0,0.0,0.0,0.0,2.17346,-1.03898,-101.17533,1e-05,-0.97838
7325.04,BTC-27DEC19,1575284343440,open,0.45,0.0,0.407,0.4755,0.438293,81.93,None,0.0,BTC-27DEC19-10500-P,7292.4,0.0,0.0135,1.0,1.437,3.0,500.0,2.20154,-3.62544,-6.89346,7e-05,-0.94255
7325.04,BTC-27DEC19,1575284343441,open,0.13,944.4,0.096,0.16,0.12556802,64.43,0.1365,0.0,BTC-27DEC19-8000-P,7292.4,61.16,0.1225,2.0,0.128,2.0,66.99,6.92529,-8.96881,-3.97164,0.00029,-0.67
7456.78,BTC-27MAR20,1575284343442,open,0.06,466.0,0.037,0.1065,0.06589969,73.09,0.069,0.0,BTC-27MAR20-10000-C,7292.4,71.62,0.063,18.6,0.068,29.4,74.15,14.74219,-4.64939,5.68827,0.00011,0.30619
7324.44,BTC-27DEC19,1575284343442,open,0.79,98.8,0.7405,0.8175,0.77621782,96.83,0.7,0.0,BTC-27DEC19-13000-P,7292.4,0.0,0.0135,1.0,1.7745,3.0,500.0,0.76711,-1.49296,-8.78644,2e-05,-0.98396
7456.78,BTC-27MAR20,1575284343442,open,0.06,611.6,0.037,0.0975,0.0623968,69.11,0.058,0.0,BTC-27MAR20-6000-P,7292.4,66.8,0.0585,31.8,0.0645,36.0,70.35,12.62459,-3.76475,-6.82133,0.0001,-0.22575
7456.78,BTC-27MAR20,1575284343442,open,0.02,1528.0,0.0055,0.043,0.01700722,85.9,0.016,0.0,BTC-27MAR20-16000-C,7292.4,84.79,0.016,19.9,0.0185,36.1,87.49,6.87192,-2.54715,1.74863,5e-05,0.09087
7456.78,BTC-27MAR20,1575284343442,open,4.4,1.0,4.259,4.485,4.36640199,115.01,4.54,0.0,BTC-27MAR20-40000-P,7292.4,0.0,0.0005,2.0,0.0,0.0,0.0,1.28027,-0.63537,-126.762,1e-05,-0.98834
7456.78,BTC-27MAR20,1575284343443,open,0.0,94.3,0.0005,0.017,0.0037615,113.1,0.0045,0.0,BTC-27MAR20-34000-C,7292.4,110.04,0.003,9.8,0.0045,39.0,115.69,1.99933,-0.97576,0.37485,1e-05,0.0196
7456.78,BTC-27MAR20,1575284343443,open,3.86,0.0,3.7335,3.94,3.83079566,113.23,None,0.0,BTC-27MAR20-36000-P,7292.4,0.0,0.0,0.0,0.0,0.0,0.0,1.66591,-0.81392,-113.98416,1e-05,-0.98418
7324.44,BTC-27DEC19,1575284343443,open,0.0,390.7,0.0005,0.0105,0.00073993,116.88,0.0015,0.0,BTC-27DEC19-16000-C,7292.4,112.08,0.0005,53.5,0.001,47.0,120.93,0.4197,-0.98596,0.0363,1e-05,0.00801
7375.91,SYN.BTC-31JAN20,1575284343440,open,0.45,0.0,0.4065,0.49,0.44429155,73.92,None,0.0,BTC-31JAN20-10500-P,7292.4,0.0,0.0,0.0,1.444,1.0,500.0,7.01285,-4.32893,-15.6419,0.00011,-0.84846
7324.44,BTC-27DEC19,1575284343443,open,0.01,1553.2,0.0005,0.02,0.00639837,77.73,0.006,0.0,BTC-27DEC19-10000-C,7292.4,75.23,0.0055,40.4,0.0075,66.0,80.57,2.73258,-4.26944,0.34715,0.0001,0.07594
7306.98,SYN.BTC-13DEC19,1575284343440,open,0.01,133.2,0.0005,0.0205,0.00616567,68.81,0.005,0.0,BTC-13DEC19-8500-C,7292.4,65.11,0.005,46.0,0.0065,14.0,69.82,2.4088,-7.62062,0.23132,0.00022,0.11241
7456.78,BTC-27MAR20,1575284343444,open,1.71,5.2,1.633,1.7665,1.69327651,95.37,1.108,0.0,BTC-27MAR20-20000-P,7292.4,0.0,0.6925,1.0,2.693,1.0,500.0,4.90733,-2.01944,-62.37242,3e-05,-0.94149
7456.78,BTC-27MAR20,1575284343444,open,0.2,289.7,0.1575,0.25,0.19949112,69.34,0.21,0.0,BTC-27MAR20-8000-P,7292.4,66.89,0.194,20.1,0.2035,16.8,71.12,16.75946,-5.01407,-16.41413,0.00014,-0.49388
7587.56,SYN.BTC-26JUN20,1575284343440,open,3.26,0.0,3.1395,3.3445,3.23289989,99.76,None,0.0,BTC-26JUN20-32000-P,7292.4,0.0,0.0,0.0,0.0,0.0,0.0,6.95304,-1.67642,-179.38323,2e-05,-0.93832
7456.78,BTC-27MAR20,1575284343445,open,2.51,0.0,2.4195,2.5785,2.49280414,103.46,None,0.0,BTC-27MAR20-26000-P,7292.4,0.0,0.0,0.0,0.0,0.0,0.0,3.02109,-1.34863,-81.92547,2e-05,-0.96793
7306.98,SYN.BTC-13DEC19,1575284343439,open,0.17,0.0,0.143,0.2005,0.16945181,68.86,None,0.0,BTC-13DEC19-8500-P,7292.4,0.0,0.0,0.0,0.9695,3.0,500.0,2.41139,-7.63391,-2.30104,0.00022,-0.88742
7306.98,SYN.BTC-13DEC19,1575284343440,open,0.08,0.0,0.066,0.1135,0.08802031,58.15,None,0.0,BTC-13DEC19-6750-C,7292.4,56.01,0.087,14.0,0.09,14.0,62.16,3.53558,-9.45144,1.54923,0.00038,0.79958
7587.56,SYN.BTC-26JUN20,1575284343442,open,2.47,0.0,2.3675,2.5465,2.44773589,94.32,None,0.0,BTC-26JUN20-26000-P,7292.4,0.0,0.0,0.0,0.0,0.0,0.0,8.80268,-2.00677,-144.66147,3e-05,-0.9161
7306.98,SYN.BTC-13DEC19,1575284343440,open,0.02,66.3,0.008,0.0455,0.02106653,57.11,0.019,0.0,BTC-13DEC19-7000-P,7292.4,53.71,0.019,43.0,0.0225,18.0,59.44,4.47423,-11.74696,-0.7294,0.00049,-0.31395
7306.98,SYN.BTC-13DEC19,1575284343440,open,0.03,38.9,0.012,0.054,0.02837772,57.66,0.028,0.0,BTC-13DEC19-7500-C,7292.4,54.87,0.0265,1.0,0.0295,49.2,59.33,4.91986,-13.04189,0.84389,0.00054,0.41598
7306.98,SYN.BTC-13DEC19,1575284343440,open,0.06,5.9,0.0415,0.0905,0.06306618,57.09,0.064,0.0,BTC-13DEC19-7000-C,7292.4,54.52,0.0615,2.0,0.064,20.2,58.61,4.47393,-11.742,1.35648,0.00049,0.6861
7375.91,SYN.BTC-31JAN20,1575284343441,open,0.21,0.0,0.1715,0.252,0.20833018,67.39,None,0.0,BTC-31JAN20-8500-P,7292.4,0.0,0.124,2.2,0.3275,1.6,142.36,11.0744,-6.23238,-10.37596,0.00018,-0.64921
7375.91,SYN.BTC-31JAN20,1575284343440,open,0.02,403.1,0.0075,0.0385,0.01871414,69.71,0.0195,0.0,BTC-31JAN20-5500-P,7292.4,68.18,0.0175,16.0,0.02,58.8,71.29,5.93682,-3.45602,-1.66491,0.0001,-0.11889
7297.98,SYN.BTC-6DEC19,1575284343444,open,0.24,0.0,0.2095,0.2635,0.23411632,100.24,None,0.0,BTC-6DEC19-9000-P,7292.4,0.0,0.0135,1.0,0.4115,0.1,500.0,0.42435,-5.48769,-0.93777,7e-05,-0.97602
7375.91,SYN.BTC-31JAN20,1575284343440,open,0.04,18.9,0.022,0.0745,0.04347434,69.37,0.0445,0.0,BTC-31JAN20-9000-C,7292.4,68.66,0.0425,9.9,0.044,12.8,69.75,10.14334,-5.87549,2.92314,0.00016,0.28506
7324.44,BTC-27DEC19,1575284343450,open,3.12,0.2,3.0155,3.179,3.09557476,0.0,2.51,0.0,BTC-27DEC19-30000-P,7292.4,0.0,0.0,0.0,0.0,0.0,0.0,0.0,0.0,-20.44578,0.0,-1.0
7375.91,SYN.BTC-31JAN20,1575284343440,open,0.39,0.0,0.344,0.4275,0.38179101,72.18,None,0.0,BTC-31JAN20-10000-P,7292.4,0.0,0.0,0.0,1.3815,1.0,500.0,7.98496,-4.81278,-14.47595,0.00012,-0.8146
7297.98,SYN.BTC-6DEC19,1575284343441,open,0.02,276.2,0.0055,0.0445,0.0194159,55.04,0.019,0.0,BTC-6DEC19-7250-P,7292.4,51.56,0.018,0.4,0.02,14.0,56.48,2.96891,-21.08304,-0.35794,0.00095,-0.44249
7306.98,SYN.BTC-13DEC19,1575284343440,open,0.11,0.2,0.0955,0.14,0.11692831,60.52,0.1265,0.0,BTC-13DEC19-6500-C,7292.4,59.26,0.1165,14.0,0.1195,17.4,67.48,2.53049,-7.04051,1.66029,0.00026,0.8795
7375.91,SYN.BTC-31JAN20,1575284343440,open,0.52,0.0,0.4705,0.555,0.50865279,76.33,None,0.0,BTC-31JAN20-11000-P,7292.4,0.0,0.0,0.0,1.5075,1.0,500.0,6.23595,-3.97496,-16.71121,9e-05,-0.87248
7306.98,SYN.BTC-13DEC19,1575284343440,open,0.01,219.0,0.0025,0.0305,0.01222402,61.69,0.0125,0.0,BTC-13DEC19-8000-C,7292.4,59.21,0.011,34.0,0.0135,56.2,64.2,3.66081,-10.38298,0.43614,0.00037,0.21254
7306.98,SYN.BTC-13DEC19,1575284343440,open,0.0,61.8,0.0005,0.0175,0.00459277,72.52,0.003,0.0,BTC-13DEC19-8750-C,7292.4,68.14,0.0035,24.1,0.005,14.0,74.01,1.94941,-6.49923,0.17339,0.00017,0.08423
7587.56,SYN.BTC-26JUN20,1575284343445,open,0.05,127.0,0.022,0.092,0.04795731,82.05,0.052,0.0,BTC-26JUN20-16000-C,7292.4,80.56,0.045,26.9,0.0505,19.9,83.31,15.21398,-3.01706,5.86517,6e-05,0.18434
7306.98,SYN.BTC-13DEC19,1575284343440,open,0.04,22.4,0.0235,0.0705,0.04283364,56.6,0.0365,0.0,BTC-13DEC19-7250-C,7292.4,53.18,0.0405,17.0,0.044,12.0,58.31,4.9902,-12.98531,1.10707,0.00055,0.55131
7587.56,SYN.BTC-26JUN20,1575284343444,open,2.2,0.0,2.1105,2.281,2.18670002,92.03,None,0.0,BTC-26JUN20-24000-P,7292.4,0.0,0.0,0.0,0.0,0.0,0.0,9.59161,-2.13349,-132.99469,3e-05,-0.90584
7587.56,SYN.BTC-26JUN20,1575284343445,open,0.01,118.9,0.0005,0.02,0.00829674,77.19,0.0065,0.0,BTC-26JUN20-3000-P,7292.4,74.51,0.007,15.0,0.01,42.3,80.39,3.8395,-0.7163,-1.62807,2e-05,-0.02956
7375.91,SYN.BTC-31JAN20,1575284343440,open,0.03,19.4,0.015,0.0615,0.03306414,70.42,0.0325,0.0,BTC-31JAN20-9500-C,7292.4,68.72,0.031,52.8,0.0345,12.8,71.58,9.03179,-5.31101,2.36134,0.00014,0.22822
7306.98,SYN.BTC-13DEC19,1575284343444,open,0.21,0.0,0.1755,0.2335,0.2020932,72.58,None,0.0,BTC-13DEC19-8750-P,7292.4,0.0,0.0,0.0,1.0015,3.0,500.0,1.95265,-6.51527,-2.43342,0.00017,-0.91558
7375.91,SYN.BTC-31JAN20,1575284343440,open,0.03,24.5,0.015,0.0565,0.03136272,67.02,0.033,0.0,BTC-31JAN20-6000-P,7292.4,65.75,0.03,30.3,0.033,25.8,68.53,7.9755,-4.46368,-2.61847,0.00013,-0.18505
7587.56,SYN.BTC-26JUN20,1575284343442,open,2.73,0.0,2.6245,2.8125,2.70947588,96.64,None,0.0,BTC-26JUN20-28000-P,7292.4,0.0,0.0,0.0,0.0,0.0,0.0,8.18607,-1.91193,-156.24804,3e-05,-0.92378
7306.98,SYN.BTC-13DEC19,1575284343442,open,0.01,56.6,0.0005,0.015,0.00397888,65.48,0.0035,0.0,BTC-13DEC19-6250-P,7292.4,63.46,0.0035,14.0,0.005,22.0,69.43,1.78689,-5.37888,-0.17213,0.00017,-0.07508
7375.91,SYN.BTC-31JAN20,1575284343446,open,0.33,0.0,0.2835,0.366,0.32105773,70.43,None,0.0,BTC-31JAN20-9500-P,7292.4,0.0,0.0,0.0,1.321,1.0,500.0,9.03322,-5.31294,-13.22219,0.00014,-0.77171
7587.56,SYN.BTC-26JUN20,1575284343444,open,1.94,0.0,1.8535,2.0155,1.92585731,89.18,None,0.0,BTC-26JUN20-22000-P,7292.4,0.0,0.11,1.0,3.0,0.1,500.0,10.43497,-2.24913,-121.282,4e-05,-0.89433
7324.44,BTC-27DEC19,1575284343454,open,0.0,706.6,0.0005,0.011,0.00146895,98.04,0.0015,0.0,BTC-27DEC19-13000-C,7292.4,93.27,0.001,78.9,0.0025,86.0,105.71,0.81699,-1.6099,0.07887,2e-05,0.01727
7297.98,SYN.BTC-6DEC19,1575284343474,open,0.0,645.6,0.0005,0.017,0.00352255,69.4,0.0035,0.0,BTC-6DEC19-8000-C,7292.4,66.53,0.003,28.5,0.004,34.0,71.86,1.37605,-12.31981,0.07935,0.00035,0.10591
7324.44,BTC-27DEC19,1575284343653,open,0.09,225.8,0.0625,0.1165,0.08788377,62.26,0.087,0.0,BTC-27DEC19-7000-C,7292.4,59.26,0.085,31.9,0.089,23.6,63.36,7.1496,-8.94735,2.75875,0.00031,0.64058
150.38,SYN.ETH-31JAN20,1575284343697,open,0.04,107.0,0.016,0.064,0.037014,76.12,0.035,0.0,ETH-31JAN20-120-P,149.03,71.45,0.032,1199.0,0.039,500.0,77.93,0.16409,-0.10431,-0.05545,0.00581,-0.18779
150.38,SYN.ETH-31JAN20,1575284343697,open,0.62,0.0,0.557,0.675,0.612649,84.21,None,0.0,ETH-31JAN20-240-P,149.03,0.0,0.0,0.0,1.209,1.0,500.0,0.11825,-0.08315,-0.36944,0.00379,-0.88496
150.38,SYN.ETH-31JAN20,1575284343697,open,0.02,440.0,0.008,0.049,0.023993,81.05,0.023,0.0,ETH-31JAN20-220-C,149.03,77.93,0.021,1169.0,0.027,371.0,84.03,0.14812,-0.10024,0.03352,0.00493,0.15988
150.38,SYN.ETH-31JAN20,1575284343698,open,0.06,10.0,0.028,0.091,0.057469,75.69,0.066,0.0,ETH-31JAN20-180-C,149.03,74.01,0.055,331.0,0.061,890.0,78.08,0.22122,-0.13983,0.06783,0.00788,0.33244
150.38,SYN.ETH-31JAN20,1575284343698,open,0.01,25.0,0.002,0.029,0.011485,86.39,0.015,0.0,ETH-31JAN20-260-C,149.03,85.6,0.011,300.0,0.014,322.0,90.27,0.0925,-0.06673,0.01747,0.00289,0.08229
150.38,SYN.ETH-31JAN20,1575284343697,open,0.1,1.0,0.058,0.132,0.094123,74.36,0.104,0.0,ETH-31JAN20-160-C,149.03,71.18,0.089,646.0,0.097,881.0,76.14,0.24261,-0.15065,0.09468,0.0088,0.47793
150.38,SYN.ETH-31JAN20,1575284343697,open,0.75,0.0,0.683,0.805,0.740456,86.39,None,0.0,ETH-31JAN20-260-P,149.03,0.0,0.0,0.0,1.328,1.0,500.0,0.0925,-0.06673,-0.40904,0.00289,-0.91771
150.38,SYN.ETH-31JAN20,1575284343698,open,0.09,10.0,0.05,0.123,0.084274,74.36,0.095,0.0,ETH-31JAN20-140-P,149.03,70.84,0.079,660.0,0.087,860.0,76.18,0.22536,-0.13994,-0.10688,0.00817,-0.34899
150.38,SYN.ETH-31JAN20,1575284343697,open,0.01,21.0,0.005,0.031,0.014446,82.41,0.014,0.0,ETH-31JAN20-100-P,149.03,78.28,0.012,660.0,0.016,910.0,84.88,0.09257,-0.06371,-0.02389,0.00303,-0.08238
150.38,SYN.ETH-31JAN20,1575284343698,open,0.26,0.0,0.204,0.307,0.254449,75.69,None,0.0,ETH-31JAN20-180-P,149.03,64.18,0.238,365.0,0.263,365.0,81.44,0.22122,-0.13983,-0.22745,0.00788,-0.66756
150.38,SYN.ETH-31JAN20,1575284343698,open,0.04,2.0,0.014,0.065,0.035774,77.7,0.043,0.0,ETH-31JAN20-200-C,149.03,74.56,0.032,1161.0,0.039,320.0,80.31,0.18359,-0.11913,0.04718,0.00637,0.22701
150.38,SYN.ETH-31JAN20,1575284343697,open,0.02,159.0,0.005,0.038,0.016676,84.21,0.014,0.0,ETH-31JAN20-240-C,149.03,80.66,0.014,1170.0,0.02,871.0,88.26,0.11825,-0.08315,0.02426,0.00379,0.11504
150.38,SYN.ETH-31JAN20,1575284343697,open,0.16,0.0,0.113,0.205,0.158105,74.36,None,0.0,ETH-31JAN20-160-P,149.03,70.57,0.152,200.0,0.164,365.0,78.01,0.24261,-0.15065,-0.16779,0.0088,-0.52207
150.38,SYN.ETH-31JAN20,1575284343697,open,0.15,0.0,0.114,0.191,0.15329,74.36,None,0.0,ETH-31JAN20-140-C,149.03,71.49,0.149,1.0,0.156,500.0,76.17,0.22536,-0.13994,0.12278,0.00817,0.65101
152.96,SYN.ETH-26JUN20,1575284343717,open,0.69,0.0,0.604,0.775,0.687525,87.85,None,0.0,ETH-26JUN20-240-P,149.03,0.0,0.569,1.0,1.496,1.0,500.0,0.43206,-0.09173,-1.14832,0.00371,-0.63699
149.59,ETH-27DEC19,1575284343735,open,0.61,2355.0,0.559,0.661,0.607331,92.78,0.495,0.0,ETH-27DEC19-240-P,149.03,0.0,0.604,50.0,0.765,1.0,300.96,0.02917,-0.05439,-0.16044,0.00206,-0.96642
152.96,SYN.ETH-26JUN20,1575284343736,open,1.17,0.0,1.071,1.266,1.164272,92.66,1.06,0.0,ETH-26JUN20-320-P,149.03,0.0,0.015,2.0,1.183,1.0,100.38,0.35722,-0.08,-1.66911,0.00291,-0.76095
149.27,SYN.ETH-13DEC19,1575284343737,open,0.15,0.0,0.11,0.187,0.147529,68.49,None,0.0,ETH-13DEC19-170-P,149.03,0.0,0.0,0.0,0.154,1.0,83.0,0.0598,-0.18828,-0.04441,0.01315,-0.85105
149.6,ETH-27DEC19,1575284343803,open,0.11,100.0,0.074,0.141,0.107817,70.73,0.11,0.0,ETH-27DEC19-140-C,149.03,66.66,0.104,136.0,0.11,500.0,73.05,0.14071,-0.20005,0.05774,0.01304,0.67418
7324.44,BTC-27DEC19,1575284344436,open,0.05,643.2,0.0315,0.082,0.05418501,62.22,0.0505,0.0,BTC-27DEC19-7500-C,7292.4,60.09,0.052,36.8,0.055,14.0,62.98,7.61236,-9.52037,2.0967,0.00033,0.47425
7324.44,BTC-27DEC19,1575284344438,open,0.05,643.2,0.0315,0.082,0.05418501,62.22,0.0505,0.0,BTC-27DEC19-7500-C,7292.4,60.09,0.052,36.4,0.055,14.0,62.98,7.61236,-9.52037,2.0967,0.00033,0.47425
7324.44,BTC-27DEC19,1575284344441,open,0.05,643.2,0.0315,0.082,0.05418501,62.22,0.0505,0.0,BTC-27DEC19-7500-C,7292.4,60.09,0.052,36.4,0.055,22.4,62.98,7.61236,-9.52037,2.0967,0.00033,0.47425
7324.44,BTC-27DEC19,1575284344452,open,0.05,643.2,0.0315,0.082,0.05418501,62.22,0.0505,0.0,BTC-27DEC19-7500-C,7292.4,60.09,0.052,36.4,0.055,14.0,62.98,7.61236,-9.52037,2.0967,0.00033,0.47425
149.28,SYN.ETH-13DEC19,1575284344998,open,0.08,22.0,0.051,0.113,0.0826,67.25,0.084,0.0,ETH-13DEC19-140-C,149.03,60.85,0.079,65.0,0.083,500.0,67.95,0.0853,-0.26374,0.02877,0.0191,0.72936
149.28,SYN.ETH-13DEC19,1575284344998,open,0.09,25.0,0.056,0.128,0.090815,64.99,0.082,0.0,ETH-13DEC19-160-P,149.03,56.57,0.086,65.0,0.095,40.0,71.98,0.08777,-0.26225,-0.03575,0.02034,-0.713
149.28,SYN.ETH-13DEC19,1575284344998,open,0.0,31.0,0.001,0.016,0.004252,73.25,0.005,0.0,ETH-13DEC19-180-C,149.03,72.24,0.004,500.0,0.006,250.0,79.59,0.03768,-0.1269,0.00329,0.00775,0.07827
149.28,SYN.ETH-13DEC19,1575284344998,open,0.04,202.0,0.016,0.07,0.041749,63.95,0.042,0.0,ETH-13DEC19-150-C,149.03,58.5,0.038,160.0,0.043,500.0,65.77,0.10279,-0.3022,0.02059,0.02421,0.50461
149.28,SYN.ETH-13DEC19,1575284345000,open,0.14,4.0,0.107,0.168,0.137914,74.87,0.148,0.0,ETH-13DEC19-130-C,149.03,66.19,0.135,565.0,0.139,500.0,77.8,0.054,-0.18588,0.03264,0.01086,0.87174
149.28,SYN.ETH-13DEC19,1575284345000,open,0.01,588.0,0.001,0.025,0.008647,68.46,0.012,0.0,ETH-13DEC19-170-C,149.03,64.19,0.007,850.0,0.011,750.0,74.07,0.05981,-0.18826,0.00624,0.01316,0.14899
7324.33,BTC-27DEC19,1575284345453,open,6.14,0.8,5.96,6.2435,6.09893734,0.0,3.59,0.0,BTC-27DEC19-52000-P,7292.53,0.0,0.001,1.0,0.0,0.0,0.0,0.0,0.0,-35.43935,0.0,-1.0
7324.33,BTC-27DEC19,1575284345454,open,2.02,4.9,1.9445,2.0655,2.00342669,0.0,2.217,0.0,BTC-27DEC19-22000-P,7292.53,0.0,0.0,0.0,0.0,0.0,0.0,0.0,0.0,-14.99357,0.0,-1.0
7456.87,BTC-27MAR20,1575284345455,open,0.13,748.5,0.0905,0.1705,0.12669484,69.36,0.1255,0.0,BTC-27MAR20-8000-C,7292.53,68.38,0.1245,3.0,0.1295,18.0,70.6,16.75963,-5.01567,8.98352,0.00014,0.50618
7324.46,BTC-27DEC19,1575284345459,open,5.59,0.0,5.4255,5.6875,5.55340203,187.77,None,0.0,BTC-27DEC19-48000-P,7292.53,0.0,0.0005,1.0,0.0,0.0,0.0,0.01213,-0.04576,-32.71251,0.0,-0.99983
7375.32,SYN.BTC-31JAN20,1575284345472,open,0.22,0.0,0.1915,0.248,0.21790136,67.06,None,0.0,BTC-31JAN20-6000-C,7292.53,48.71,0.2,12.0,0.2415,7.0,87.5,7.97975,-4.46883,7.22135,0.00013,0.81477
7324.46,BTC-27DEC19,1575284345693,open,6.14,0.8,5.9615,6.245,6.09962549,220.54,3.59,0.0,BTC-27DEC19-52000-P,7292.53,0.0,0.001,1.0,0.0,0.0,0.0,0.05935,-0.2631,-35.43541,0.0,-0.99908
149.6,ETH-27DEC19,1575284345712,open,0.01,15.0,0.003,0.031,0.012772,76.69,0.017,0.0,ETH-27DEC19-190-C,149.04,73.5,0.011,800.0,0.015,1050.0,80.46,0.08565,-0.13204,0.01267,0.00732,0.137
149.6,ETH-27DEC19,1575284345712,open,0.17,0.0,0.125,0.21,0.166183,72.33,None,0.0,ETH-27DEC19-170-P,149.04,58.94,0.155,365.0,0.175,365.0,82.09,0.13148,-0.19114,-0.09034,0.01192,-0.71993
149.6,ETH-27DEC19,1575284345712,open,0.0,2053.0,0.001,0.011,0.001967,109.75,0.003,0.0,ETH-27DEC19-280-C,149.04,100.48,0.001,660.0,0.003,710.0,116.69,0.01927,-0.04251,0.00188,0.00115,0.02045
149.6,ETH-27DEC19,1575284345712,open,0.29,0.0,0.24,0.33,0.28291,76.84,None,0.0,ETH-27DEC19-190-P,149.04,0.0,0.266,345.0,0.313,345.0,117.68,0.08589,-0.13265,-0.11678,0.00733,-0.86245
149.6,ETH-27DEC19,1575284345712,open,0.0,12762.0,0.001,0.011,0.0,120.0,0.001,0.0,ETH-27DEC19-680-C,149.04,0.0,0.0,0.0,0.001,500.0,210.45,0.0,-1e-05,0.0,0.0,0.0
149.6,ETH-27DEC19,1575284345712,open,0.0,11107.0,0.001,0.011,2e-06,119.99,0.001,0.0,ETH-27DEC19-560-C,149.04,0.0,0.0,0.0,0.001,500.0,187.7,4e-05,-0.0001,0.0,0.0,2e-05
151.65,ETH-27MAR20,1575284345712,open,0.08,1179.0,0.045,0.118,0.078677,81.6,0.093,0.0,ETH-27MAR20-120-P,149.04,76.49,0.07,598.0,0.079,500.0,81.79,0.25942,-0.09134,-0.14858,0.00435,-0.22995
149.6,ETH-27DEC19,1575284345712,open,0.12,13748.0,0.077,0.156,0.115552,70.44,0.106,0.0,ETH-27DEC19-160-P,149.04,64.87,0.11,461.0,0.12,96.0,74.85,0.15008,-0.21249,-0.07375,0.01397,-0.60779
149.6,ETH-27DEC19,1575284345712,open,2.49,37.0,2.375,2.583,2.476173,156.34,0.707,0.0,ETH-27DEC19-520-P,149.04,0.0,0.003,50.0,0.0,0.0,0.0,0.0027,-0.00847,-0.35419,0.00011,-0.9978
151.66,ETH-27MAR20,1575284345712,open,0.01,1637.0,0.001,0.031,0.010897,106.63,0.013,0.0,ETH-27MAR20-480-C,149.04,103.33,0.009,520.0,0.013,721.0,109.91,0.0922,-0.04242,0.02023,0.00118,0.05292
151.66,ETH-27MAR20,1575284345712,open,0.01,1085.0,0.003,0.034,0.012845,103.51,0.017,0.0,ETH-27MAR20-440-C,149.04,100.72,0.011,560.0,0.015,761.0,106.48,0.10501,-0.0469,0.02388,0.00139,0.06243
149.6,ETH-27DEC19,1575284345712,open,0.15,0.0,0.122,0.187,0.155198,73.55,None,0.0,ETH-27DEC19-130-C,149.04,69.16,0.152,32.0,0.157,500.0,75.97,0.11065,-0.16359,0.06533,0.00986,0.79598
151.66,ETH-27MAR20,1575284345712,open,1.66,4.0,1.567,1.753,1.654129,101.51,2.048,0.0,ETH-27MAR20-400-P,149.04,0.0,0.055,10.0,0.0,0.0,0.0,0.12622,-0.05529,-1.2397,0.0017,-0.92068
149.6,ETH-27DEC19,1575284345712,open,0.0,13247.0,0.001,0.011,5e-06,119.99,0.001,0.0,ETH-27DEC19-520-C,149.04,0.0,0.0,0.0,0.001,500.0,178.85,0.00011,-0.00025,1e-05,1e-05,7e-05
151.66,ETH-27MAR20,1575284345712,open,1.14,7.0,1.061,1.225,1.137765,94.73,1.28,0.0,ETH-27MAR20-320-P,149.04,0.0,0.011,5.0,1.152,2.0,105.62,0.1796,-0.07341,-0.96726,0.0026,-0.87121
151.66,ETH-27MAR20,1575284345712,open,2.45,0.0,2.332,2.558,2.438019,109.28,None,0.0,ETH-27MAR20-520-P,149.04,0.0,0.006,50.0,0.0,0.0,0.0,0.08128,-0.03833,-1.63355,0.00102,-0.9548
149.6,ETH-27DEC19,1575284345712,open,0.0,1347.0,0.001,0.011,0.000206,119.99,0.002,0.0,ETH-27DEC19-380-C,149.04,0.0,0.0,0.0,0.002,803.0,152.28,0.00293,-0.00706,0.00022,0.00016,0.00241
149.6,ETH-27DEC19,1575284345712,open,0.88,310.0,0.818,0.936,0.87375,110.7,0.49,0.0,ETH-27DEC19-280-P,149.04,0.0,0.003,9.0,0.0,0.0,0.0,0.02007,-0.04467,-0.18885,0.00119,-0.97854
149.6,ETH-27DEC19,1575284345712,open,2.22,21.0,2.116,2.308,2.208784,147.09,0.629,0.0,ETH-27DEC19-480-P,149.04,0.0,0.002,50.0,0.0,0.0,0.0,0.00273,-0.00807,-0.32693,0.00012,-0.99777
151.66,ETH-27MAR20,1575284345712,open,0.03,1040.0,0.009,0.058,0.027511,94.5,0.032,0.0,ETH-27MAR20-320-C,149.04,92.32,0.025,560.0,0.029,501.0,95.74,0.17878,-0.0729,0.04835,0.00259,0.12794
151.66,ETH-27MAR20,1575284345712,open,0.06,3379.0,0.026,0.097,0.057663,87.46,0.06,0.0,ETH-27MAR20-240-C,149.04,85.38,0.054,991.0,0.06,501.0,88.77,0.26961,-0.10175,0.091,0.00422,0.24667
149.6,ETH-27DEC19,1575284345713,open,1.42,257.0,1.337,1.483,1.40694,124.44,0.995,0.0,ETH-27DEC19-360-P,149.04,0.0,0.021,5.0,0.0,0.0,0.0,0.00618,-0.01545,-0.24484,0.00033,-0.99447
151.66,ETH-27MAR20,1575284345714,open,0.01,5196.0,0.001,0.022,0.006885,113.56,0.008,0.0,ETH-27MAR20-600-C,149.04,108.61,0.005,1020.0,0.008,720.0,116.07,0.06394,-0.03133,0.01289,0.00077,0.03366
151.66,ETH-27MAR20,1575284345712,open,0.28,40.0,0.244,0.329,0.287329,81.55,0.459,0.0,ETH-27MAR20-120-C,149.04,39.83,0.224,1.0,0.0,0.0,0.0,0.25938,-0.09127,0.23246,0.00436,0.77015
151.66,ETH-27MAR20,1575284345713,open,0.31,1560.0,0.244,0.367,0.304395,81.06,0.36,0.0,ETH-27MAR20-180-P,149.04,74.56,0.29,300.0,0.334,300.0,94.3,0.33725,-0.11796,-0.41538,0.0057,-0.55834
149.6,ETH-27DEC19,1575284345712,open,1.01,1.0,0.948,1.073,1.006959,116.43,0.494,0.0,ETH-27DEC19-300-P,149.04,0.0,0.021,6.0,0.0,0.0,0.0,0.01587,-0.03715,-0.20296,0.00089,-0.98371
151.66,ETH-27MAR20,1575284345712,open,2.98,0.0,2.843,3.098,2.963623,114.76,None,0.0,ETH-27MAR20-600-P,149.04,0.0,0.03,50.0,0.0,0.0,0.0,0.06703,-0.03319,-1.89121,0.0008,-0.96435
151.66,ETH-27MAR20,1575284345713,open,0.41,747.0,0.345,0.477,0.409189,82.98,0.57,0.0,ETH-27MAR20-200-P,149.04,73.21,0.389,300.0,0.447,300.0,100.48,0.31974,-0.11449,-0.50507,0.00528,-0.63982
149.6,ETH-27DEC19,1575284345714,open,0.01,13735.0,0.001,0.024,0.008779,79.49,0.01,0.0,ETH-27DEC19-200-C,149.04,77.72,0.008,800.0,0.011,710.0,84.16,0.06732,-0.10755,0.00905,0.00555,0.09757
149.6,ETH-27DEC19,1575284345714,open,1.15,100.0,1.077,1.21,1.140316,121.73,0.883,0.0,ETH-27DEC19-320-P,149.04,0.0,0.011,5.0,0.0,0.0,0.0,0.01285,-0.03145,-0.21692,0.00069,-0.98725
149.6,ETH-27DEC19,1575284345712,open,0.0,1759.0,0.001,0.011,0.000362,119.99,0.001,0.0,ETH-27DEC19-360-C,149.04,133.4,0.001,1993.0,0.002,800.0,145.01,0.00469,-0.01132,0.00038,0.00026,0.00406
149.6,ETH-27DEC19,1575284345714,open,0.35,3551.0,0.302,0.394,0.345683,79.5,0.332,0.0,ETH-27DEC19-200-P,149.04,0.0,0.336,1.0,0.366,25.0,113.03,0.06734,-0.10761,-0.12725,0.00555,-0.90238
151.66,ETH-27MAR20,1575284345714,open,0.01,387.0,0.001,0.02,0.005982,115.34,0.007,0.0,ETH-27MAR20-640-C,149.04,112.58,0.005,800.0,0.008,720.0,120.2,0.05708,-0.02841,0.01125,0.00068,0.02934
151.66,ETH-27MAR20,1575284345713,open,0.01,885.0,0.001,0.024,0.007397,110.31,0.009,0.0,ETH-27MAR20-560-C,149.04,107.01,0.006,800.0,0.009,220.0,113.63,0.06856,-0.03263,0.01408,0.00085,0.03664
149.6,ETH-27DEC19,1575284345712,open,0.03,11.0,0.008,0.048,0.02424,73.63,0.027,0.0,ETH-27DEC19-130-P,149.04,70.57,0.022,410.0,0.025,500.0,74.66,0.11071,-0.16385,-0.02329,0.00986,-0.20421
152.97,SYN.ETH-26JUN20,1575284345712,open,0.25,755.0,0.211,0.341,0.274891,83.13,0.26,0.0,ETH-26JUN20-160-P,149.04,77.7,0.259,186.0,0.286,396.0,86.94,0.44628,-0.08966,-0.58924,0.00405,-0.40472
151.66,ETH-27MAR20,1575284345714,open,0.65,119.0,0.571,0.716,0.640267,87.53,0.835,0.0,ETH-27MAR20-240-P,149.04,67.03,0.608,300.0,0.659,300.0,97.63,0.26977,-0.10189,-0.67084,0.00422,-0.75305
151.66,ETH-27MAR20,1575284345713,open,0.04,1949.0,0.014,0.074,0.038854,91.2,0.037,0.0,ETH-27MAR20-280-C,149.04,89.21,0.036,260.0,0.04,501.0,91.99,0.21994,-0.08655,0.06535,0.0033,0.17458
149.28,SYN.ETH-13DEC19,1575284345712,open,0.0,50.0,0.001,0.012,0.002076,98.3,0.003,0.0,ETH-13DEC19-110-P,149.04,87.02,0.001,700.0,0.003,854.0,105.39,0.01742,-0.07871,-0.00142,0.00267,-0.02976
149.61,ETH-27DEC19,1575284345714,open,0.0,6667.0,0.001,0.011,1.3e-05,119.99,0.001,0.0,ETH-27DEC19-480-C,149.04,0.0,0.0,0.0,0.001,515.0,169.18,0.00027,-0.00065,2e-05,1e-05,0.00018
149.61,ETH-27DEC19,1575284345714,open,1.28,0.0,1.207,1.346,1.273368,122.8,None,0.0,ETH-27DEC19-340-P,149.04,0.0,0.003,9.0,0.0,0.0,0.0,0.00874,-0.02156,-0.23096,0.00047,-0.99181
149.61,ETH-27DEC19,1575284345714,open,0.0,21058.0,0.001,0.011,1e-06,119.99,0.007,0.0,ETH-27DEC19-600-C,149.04,0.0,0.0,0.0,0.001,600.0,195.84,2e-05,-4e-05,0.0,0.0,1e-05
151.66,ETH-27MAR20,1575284345714,open,1.92,0.0,1.821,2.02,1.914266,103.79,None,0.0,ETH-27MAR20-440-P,149.04,0.0,0.003,50.0,0.0,0.0,0.0,0.10593,-0.04744,-1.37274,0.0014,-0.93686
149.61,ETH-27DEC19,1575284345714,open,0.0,3867.0,0.001,0.014,0.004545,95.54,0.005,0.0,ETH-27DEC19-100-P,149.04,88.02,0.003,1020.0,0.005,550.0,97.47,0.03429,-0.06585,-0.00464,0.00235,-0.04093
151.66,ETH-27MAR20,1575284345714,open,0.01,2330.0,0.001,0.027,0.008847,108.43,0.01,0.0,ETH-27MAR20-520-C,149.04,104.61,0.007,800.0,0.011,720.0,112.29,0.07881,-0.03687,0.01668,0.001,0.0435
151.66,ETH-27MAR20,1575284345714,open,2.71,0.0,2.587,2.827,2.70011,110.84,None,0.0,ETH-27MAR20-560-P,149.04,0.0,0.02,50.0,0.0,0.0,0.0,0.06999,-0.03348,-1.7634,0.00086,-0.96242
149.61,ETH-27DEC19,1575284345714,open,0.0,10814.0,0.001,0.011,0.000117,119.99,0.001,0.0,ETH-27DEC19-400-C,149.04,0.0,0.0,0.0,0.002,802.0,159.1,0.00182,-0.00439,0.00013,0.0001,0.00143
149.12,SYN.ETH-6DEC19,1575284345712,open,0.0,254.0,0.001,0.011,0.00024,120.02,0.002,0.0,ETH-6DEC19-110-P,149.04,0.0,0.0,0.0,0.001,550.0,145.32,0.00255,-0.03584,-0.0001,0.0009,-0.00584
149.61,ETH-27DEC19,1575284345714,open,0.0,4049.0,0.001,0.012,0.002003,99.25,0.002,0.0,ETH-27DEC19-260-C,149.04,99.23,0.002,500.0,0.003,160.0,105.47,0.02094,-0.04178,0.0021,0.00138,0.02257
151.66,ETH-27MAR20,1575284345714,open,0.37,1.0,0.344,0.412,0.378127,82.44,0.337,0.0,ETH-27MAR20-100-C,149.04,36.71,0.342,1.0,0.0,0.0,0.0,0.18027,-0.06413,0.23707,0.00299,0.87051
149.61,ETH-27DEC19,1575284345714,open,1.95,0.0,1.856,2.032,1.941215,137.89,None,0.0,ETH-27DEC19-440-P,149.04,0.0,0.002,50.0,0.0,0.0,0.0,0.00295,-0.00818,-0.29965,0.00014,-0.99757
149.61,ETH-27DEC19,1575284345714,open,0.23,4510.0,0.18,0.267,0.222041,73.76,0.18,0.0,ETH-27DEC19-180-P,149.04,46.99,0.207,345.0,0.233,345.0,87.95,0.10727,-0.15905,-0.10484,0.00953,-0.80622
151.66,ETH-27MAR20,1575284345714,open,0.02,580.0,0.006,0.047,0.020611,97.76,0.02,0.0,ETH-27MAR20-360-C,149.04,94.98,0.018,560.0,0.022,500.0,99.16,0.14758,-0.06225,0.03718,0.00207,0.09783
151.66,ETH-27MAR20,1575284345715,open,0.16,858.0,0.11,0.204,0.157058,80.03,0.154,0.0,ETH-27MAR20-160-C,149.04,77.32,0.151,564.0,0.162,500.0,82.24,0.33897,-0.11706,0.18558,0.0058,0.5425
149.61,ETH-27DEC19,1575284345715,open,0.21,22.0,0.181,0.24,0.210798,77.98,0.165,0.0,ETH-27DEC19-120-C,149.04,0.0,0.197,76.0,0.541,25.0,498.31,0.0772,-0.12099,0.06844,0.00649,0.88203
149.61,ETH-27DEC19,1575284345715,open,0.75,946.0,0.688,0.798,0.740086,100.84,0.715,0.0,ETH-27DEC19-260-P,149.04,0.0,0.001,9.0,1.084,1.0,500.0,0.02248,-0.04557,-0.17492,0.00146,-0.97545
151.66,ETH-27MAR20,1575284345714,open,0.21,3935.0,0.158,0.269,0.212119,80.06,0.2,0.0,ETH-27MAR20-160-P,149.04,75.09,0.201,483.0,0.221,483.0,84.04,0.33896,-0.1171,-0.32237,0.0058,-0.45744
149.61,ETH-27DEC19,1575284345715,open,0.0,2232.0,0.001,0.011,0.001137,119.99,0.002,0.0,ETH-27DEC19-320-C,149.04,118.19,0.001,501.0,0.002,660.0,128.86,0.01184,-0.02855,0.00107,0.00065,0.01159
151.66,ETH-27MAR20,1575284345715,open,0.12,184.0,0.073,0.163,0.117394,81.0,0.119,0.0,ETH-27MAR20-180-C,149.04,78.12,0.111,573.0,0.121,501.0,82.62,0.33723,-0.11786,0.15604,0.0057,0.44148
151.66,ETH-27MAR20,1575284345715,open,0.53,30.0,0.455,0.594,0.522498,85.44,0.306,0.0,ETH-27MAR20-220-P,149.04,71.09,0.496,300.0,0.553,11.0,100.47,0.29591,-0.10909,-0.58987,0.00474,-0.70265
149.61,ETH-27DEC19,1575284345715,open,0.0,6174.0,0.001,0.011,0.0,120.0,0.001,0.0,ETH-27DEC19-720-C,149.04,0.0,0.0,0.0,0.001,500.0,217.03,0.0,0.0,0.0,0.0,0.0
151.66,ETH-27MAR20,1575284345715,open,0.49,20.0,0.464,0.513,0.488102,86.83,0.613,0.0,ETH-27MAR20-80-C,149.04,0.0,0.472,1.0,0.0,0.0,0.0,0.10223,-0.0383,0.21742,0.00161,0.93967
149.61,ETH-27DEC19,1575284345715,open,0.0,924.0,0.001,0.011,0.000641,119.99,0.002,0.0,ETH-27DEC19-340-C,149.04,126.06,0.001,604.0,0.002,551.0,137.22,0.00749,-0.01805,0.00064,0.00041,0.00687
149.61,ETH-27DEC19,1575284345715,open,0.0,6960.0,0.001,0.012,0.002947,92.77,0.003,0.0,ETH-27DEC19-240-C,149.04,87.32,0.002,1240.0,0.004,160.0,97.67,0.02919,-0.05443,0.00313,0.00206,0.03361
151.66,ETH-27MAR20,1575284345715,open,3.24,0.0,3.099,3.368,3.226228,116.08,None,0.0,ETH-27MAR20-640-P,149.04,0.0,0.01,50.0,0.0,0.0,0.0,0.05883,-0.02947,-2.02016,0.00069,-0.96957
149.61,ETH-27DEC19,1575284345715,open,0.0,4535.0,0.001,0.011,0.0,120.0,0.002,0.0,ETH-27DEC19-760-C,149.04,0.0,0.0,0.0,0.001,500.0,223.22,0.0,0.0,0.0,0.0,0.0
149.61,ETH-27DEC19,1575284345715,open,0.05,4474.0,0.019,0.074,0.043708,70.83,0.046,0.0,ETH-27DEC19-140-P,149.04,66.87,0.04,400.0,0.044,500.0,71.14,0.14072,-0.20032,-0.03768,0.01302,-0.32581
149.61,ETH-27DEC19,1575284345715,open,0.0,7605.0,0.001,0.016,0.004879,86.45,0.003,0.0,ETH-27DEC19-220-C,149.04,83.27,0.004,800.0,0.006,210.0,90.08,0.04363,-0.07581,0.00514,0.00331,0.05529
151.66,ETH-27MAR20,1575284345715,open,0.01,834.0,0.005,0.032,0.015633,86.88,0.01,0.0,ETH-27MAR20-80-P,149.04,82.82,0.013,320.0,0.018,1120.0,90.28,0.10233,-0.03836,-0.03661,0.00161,-0.06041
152.97,SYN.ETH-26JUN20,1575284345712,open,0.42,1.0,0.378,0.459,0.419089,83.1,0.38,0.0,ETH-26JUN20-100-C,149.04,38.93,0.354,1.0,0.0,0.0,0.0,0.28081,-0.0564,0.36448,0.00255,0.83947
151.66,ETH-27MAR20,1575284345716,open,2.19,0.0,2.076,2.289,2.176083,106.98,None,0.0,ETH-27MAR20-480-P,149.04,0.0,0.004,50.0,0.0,0.0,0.0,0.09327,-0.04305,-1.50334,0.00119,-0.9463
151.66,ETH-27MAR20,1575284345716,open,0.14,708.0,0.091,0.185,0.136421,80.37,0.131,0.0,ETH-27MAR20-140-P,149.04,74.86,0.125,258.0,0.139,500.0,81.61,0.3143,-0.10899,-0.23104,0.00536,-0.34345
151.66,ETH-27MAR20,1575284345716,open,0.02,1395.0,0.004,0.04,0.016307,101.1,0.022,0.0,ETH-27MAR20-400-C,149.04,98.17,0.014,560.0,0.018,501.0,103.1,0.12478,-0.05443,0.02976,0.00169,0.07813
149.28,SYN.ETH-13DEC19,1575284345712,open,0.0,15.0,0.001,0.011,0.001924,88.87,0.002,0.0,ETH-13DEC19-200-C,149.04,80.22,0.001,504.0,0.003,751.0,96.12,0.01926,-0.0787,0.00141,0.00326,0.03362
152.97,SYN.ETH-26JUN20,1575284345712,open,0.07,720.0,0.041,0.11,0.072841,83.12,0.075,0.0,ETH-26JUN20-100-P,149.04,79.92,0.067,787.0,0.076,250.0,84.84,0.28084,-0.05642,-0.20236,0.00255,-0.16055
149.12,SYN.ETH-6DEC19,1575284345712,open,0.0,34.0,0.001,0.011,0.000418,119.93,0.001,0.0,ETH-6DEC19-200-C,149.04,0.0,0.0,0.0,0.001,501.0,134.79,0.00422,-0.06239,0.00016,0.00149,0.01034
151.66,ETH-27MAR20,1575284345716,open,0.07,799.0,0.036,0.114,0.071789,85.39,0.077,0.0,ETH-27MAR20-220-C,149.04,82.91,0.067,586.0,0.074,511.0,86.52,0.29582,-0.109,0.1085,0.00474,0.29715
152.97,SYN.ETH-26JUN20,1575284345715,open,0.37,357.0,0.304,0.452,0.376973,87.34,0.405,0.0,ETH-26JUN20-180-P,149.04,77.01,0.346,210.0,0.407,1.0,97.4,0.45793,-0.09666,-0.73226,0.00395,-0.4676
149.61,ETH-27DEC19,1575284345716,open,1.55,0.0,1.466,1.62,1.540313,126.78,None,0.0,ETH-27DEC19-380-P,149.04,0.0,0.02,50.0,0.0,0.0,0.0,0.00464,-0.01183,-0.25861,0.00024,-0.99599
152.97,SYN.ETH-26JUN20,1575284345712,open,0.47,249.0,0.397,0.554,0.47431,87.34,0.601,0.0,ETH-26JUN20-200-P,149.04,76.49,0.442,210.0,0.492,210.0,93.24,0.45802,-0.09668,-0.87201,0.00395,-0.53144
152.97,SYN.ETH-26JUN20,1575284345712,open,0.19,1202.0,0.139,0.253,0.195105,83.13,0.195,0.0,ETH-26JUN20-140-P,149.04,79.4,0.185,460.0,0.198,216.0,84.2,0.41436,-0.08325,-0.45071,0.00376,-0.32473
152.97,SYN.ETH-26JUN20,1575284345712,open,0.04,4.0,0.016,0.06,0.034612,83.54,0.026,0.0,ETH-26JUN20-80-P,149.04,81.36,0.032,500.0,0.038,250.0,86.28,0.18591,-0.03753,-0.10742,0.00168,-0.08928
149.61,ETH-27DEC19,1575284345717,open,0.33,0.0,0.313,0.36,0.336096,95.34,None,0.0,ETH-27DEC19-100-C,149.04,0.0,0.001,34.0,0.42,55.0,255.07,0.03411,-0.06537,0.06355,0.00235,0.95933
149.61,ETH-27DEC19,1575284345717,open,0.02,4490.0,0.005,0.04,0.018833,73.65,0.018,0.0,ETH-27DEC19-180-C,149.04,72.48,0.018,285.0,0.02,20.0,75.26,0.10713,-0.15858,0.01779,0.00953,0.19334
149.12,SYN.ETH-6DEC19,1575284345712,open,0.0,750.0,0.001,0.015,0.002784,85.15,0.003,0.0,ETH-6DEC19-170-C,149.04,79.23,0.002,69.0,0.003,500.0,86.63,0.02143,-0.23542,0.00112,0.01066,0.07356
149.61,ETH-27DEC19,1575284345717,open,0.0,11489.0,0.001,0.011,3.9e-05,119.99,0.002,0.0,ETH-27DEC19-440-C,149.04,0.0,0.0,0.0,0.001,699.0,158.54,0.0007,-0.00169,5e-05,4e-05,0.00051
149.61,ETH-27DEC19,1575284345717,open,1.68,15.0,1.597,1.757,1.674093,135.79,1.248,0.0,ETH-27DEC19-400-P,149.04,0.0,0.002,50.0,0.0,0.0,0.0,0.00535,-0.0146,-0.27218,0.00026,-0.9953
149.12,SYN.ETH-6DEC19,1575284345714,open,0.0,587.0,0.001,0.014,0.002474,88.55,0.003,0.0,ETH-6DEC19-130-P,149.04,73.77,0.001,1000.0,0.003,500.0,92.59,0.01846,-0.21086,-0.001,0.00883,-0.06065
149.61,ETH-27DEC19,1575284345717,open,0.0,2178.0,0.001,0.011,0.001478,115.13,0.005,0.0,ETH-27DEC19-300-C,149.04,109.69,0.001,501.0,0.002,160.0,119.82,0.01497,-0.03463,0.0014,0.00085,0.01521
149.12,SYN.ETH-6DEC19,1575284345712,open,0.07,482.0,0.037,0.098,0.068481,69.94,0.066,0.0,ETH-6DEC19-140-C,149.04,60.22,0.066,40.0,0.068,500.0,68.15,0.04046,-0.36504,0.01188,0.0245,0.81902
149.28,SYN.ETH-13DEC19,1575284345712,open,0.26,0.0,0.241,0.29,0.265153,97.87,None,0.0,ETH-13DEC19-110-C,149.04,0.0,0.263,1.0,0.439,1.0,500.0,0.01717,-0.07727,0.03138,0.00264,0.97074
152.97,SYN.ETH-26JUN20,1575284345715,open,2.7,0.0,2.564,2.828,2.687828,102.77,None,0.0,ETH-26JUN20-560-P,149.04,0.0,0.01,50.0,0.0,0.0,0.0,0.19984,-0.04964,-3.11207,0.00147,-0.90153
149.12,SYN.ETH-6DEC19,1575284345715,open,0.0,274.0,0.001,0.011,0.00149,116.39,0.001,0.0,ETH-6DEC19-120-P,149.04,108.69,0.001,7.0,0.002,869.0,122.93,0.01064,-0.15977,-0.00051,0.00387,-0.03064
149.12,SYN.ETH-6DEC19,1575284345712,open,0.48,0.0,0.433,0.522,0.475467,135.26,None,0.0,ETH-6DEC19-220-P,149.04,0.0,0.0,0.0,1.492,5.0,500.0,0.00151,-0.02643,-0.02331,0.00047,-0.99674
149.28,SYN.ETH-13DEC19,1575284345712,open,0.35,0.0,0.302,0.387,0.341785,89.55,None,0.0,ETH-13DEC19-200-P,149.04,0.0,0.339,1.0,0.582,1.0,500.0,0.0198,-0.08154,-0.05814,0.00333,-0.96523
149.12,SYN.ETH-6DEC19,1575284345712,open,0.0,173.0,0.001,0.011,3.4e-05,119.98,0.001,0.0,ETH-6DEC19-220-C,149.04,0.0,0.0,0.0,0.001,501.0,170.49,0.00053,-0.00506,2e-05,0.00019,0.00102
149.12,SYN.ETH-6DEC19,1575284345715,open,0.19,0.0,0.171,0.224,0.196709,115.62,None,0.0,ETH-6DEC19-120-C,149.04,0.0,0.01,75.0,0.297,26.0,500.0,0.01041,-0.15531,0.01225,0.00381,0.97015
149.12,SYN.ETH-6DEC19,1575284345714,open,0.15,208.0,0.108,0.181,0.142891,85.68,0.11,0.0,ETH-6DEC19-170-P,149.04,0.0,0.125,27.0,0.162,27.0,162.06,0.02173,-0.24015,-0.01691,0.01074,-0.92511
149.12,SYN.ETH-6DEC19,1575284345714,open,0.08,117.0,0.046,0.116,0.08,71.95,0.076,0.0,ETH-6DEC19-160-P,149.04,55.08,0.076,40.0,0.084,40.0,85.68,0.04041,-0.37515,-0.01424,0.02379,-0.81933
149.12,SYN.ETH-6DEC19,1575284345715,open,0.28,0.0,0.238,0.316,0.274697,105.31,None,0.0,ETH-6DEC19-190-P,149.04,0.0,0.274,1.0,0.393,1.0,500.0,0.00572,-0.07765,-0.01995,0.0023,-0.98531
149.12,SYN.ETH-6DEC19,1575284345714,open,0.0,510.0,0.001,0.011,0.001431,99.06,0.003,0.0,ETH-6DEC19-180-C,149.04,93.26,0.001,108.0,0.002,750.0,105.29,0.01229,-0.15703,0.00056,0.00525,0.0365
152.97,SYN.ETH-26JUN20,1575284345712,open,0.09,428.0,0.048,0.146,0.093295,91.21,0.108,0.0,ETH-26JUN20-280-C,149.04,89.93,0.09,1.0,0.098,469.0,93.0,0.39773,-0.08767,0.1754,0.00329,0.2956
152.97,SYN.ETH-26JUN20,1575284345714,open,0.05,862.0,0.019,0.092,0.048593,96.48,0.058,0.0,ETH-26JUN20-400-C,149.04,94.55,0.045,440.0,0.053,140.0,98.76,0.28975,-0.06756,0.10394,0.00226,0.16847
152.97,SYN.ETH-26JUN20,1575284345715,open,0.2,103.0,0.172,0.284,0.228888,83.1,0.218,0.0,ETH-26JUN20-160-C,149.04,82.12,0.226,265.0,0.239,210.0,86.58,0.44629,-0.08964,0.31764,0.00405,0.59524
152.97,SYN.ETH-26JUN20,1575284345714,open,1.93,0.0,1.811,2.039,1.918145,98.64,None,0.0,ETH-26JUN20-440-P,149.04,0.0,0.01,50.0,0.0,0.0,0.0,0.26437,-0.06303,-2.40305,0.00202,-0.85345
149.12,SYN.ETH-6DEC19,1575284345714,open,0.0,32.0,0.001,0.011,0.000124,119.98,0.002,0.0,ETH-6DEC19-210-C,149.04,0.0,0.0,0.0,0.001,524.0,153.25,0.00157,-0.01843,5e-05,0.00055,0.00339
152.97,SYN.ETH-26JUN20,1575284345714,open,0.02,286.0,0.007,0.057,0.02429,104.3,0.027,0.0,ETH-26JUN20-600-C,149.04,101.47,0.021,940.0,0.028,140.0,107.24,0.18522,-0.04669,0.05596,0.00134,0.08884
152.97,SYN.ETH-26JUN20,1575284345716,open,0.58,0.0,0.497,0.662,0.577835,87.38,None,0.0,ETH-26JUN20-220-P,149.04,0.0,0.438,51.0,0.616,1.0,100.27,0.44812,-0.09464,-1.01115,0.00387,-0.58839
152.97,SYN.ETH-26JUN20,1575284345713,open,0.34,142.0,0.293,0.39,0.342558,83.1,0.335,0.0,ETH-26JUN20-120-C,149.04,71.73,0.316,210.0,0.361,210.0,90.94,0.35939,-0.07218,0.36046,0.00326,0.7583
149.61,ETH-27DEC19,1575284345721,open,0.0,16677.0,0.001,0.011,0.0,119.99,0.001,0.0,ETH-27DEC19-640-C,149.04,0.0,0.0,0.0,0.001,500.0,203.4,1e-05,-2e-05,0.0,0.0,0.0
149.12,SYN.ETH-6DEC19,1575284345712,open,0.13,12.0,0.102,0.159,0.130627,88.07,0.127,0.0,ETH-6DEC19-130-C,149.04,0.0,0.128,500.0,0.131,500.0,91.01,0.01823,-0.20718,0.01282,0.00877,0.94029
151.66,ETH-27MAR20,1575284345720,open,1.4,6.0,1.312,1.487,1.394498,97.92,1.188,0.0,ETH-27MAR20-360-P,149.04,0.0,0.01,30.0,2.137,1.0,500.0,0.14816,-0.0626,-1.10553,0.00207,-0.90164
152.97,SYN.ETH-26JUN20,1575284345715,open,0.03,330.0,0.012,0.073,0.035185,99.76,0.04,0.0,ETH-26JUN20-480-C,149.04,97.67,0.032,440.0,0.039,140.0,102.15,0.23799,-0.05738,0.07847,0.0018,0.12569
152.97,SYN.ETH-26JUN20,1575284345712,open,0.06,681.0,0.024,0.104,0.058089,94.39,0.057,0.0,ETH-26JUN20-360-C,149.04,92.41,0.054,477.0,0.063,180.0,96.7,0.32039,-0.07309,0.12124,0.00256,0.19792
152.97,SYN.ETH-26JUN20,1575284345716,open,0.14,688.0,0.086,0.196,0.139581,87.35,0.161,0.0,ETH-26JUN20-220-C,149.04,85.1,0.133,460.0,0.144,180.0,88.86,0.44809,-0.0946,0.23575,0.00387,0.41148
149.12,SYN.ETH-6DEC19,1575284345716,open,0.21,0.0,0.173,0.249,0.208603,100.02,None,0.0,ETH-6DEC19-180-P,149.04,0.0,0.207,1.0,0.343,1.0,500.0,0.0127,-0.16382,-0.01854,0.00538,-0.96202
152.97,SYN.ETH-26JUN20,1575284345715,open,0.01,195.0,0.005,0.03,0.014648,88.63,0.015,0.0,ETH-26JUN20-60-P,149.04,86.09,0.013,500.0,0.018,300.0,93.44,0.10178,-0.0218,-0.04848,0.00087,-0.04126
149.12,SYN.ETH-6DEC19,1575284345713,open,0.01,1490.0,0.001,0.025,0.006958,71.69,0.006,0.0,ETH-6DEC19-160-C,149.04,68.05,0.006,50.0,0.007,500.0,71.84,0.04028,-0.37251,0.00274,0.0238,0.1797
152.97,SYN.ETH-26JUN20,1575284345712,open,0.93,0.0,0.835,1.02,0.923801,91.25,None,0.0,ETH-26JUN20-280-P,149.04,0.0,0.01,50.0,1.751,1.0,500.0,0.39787,-0.08775,-1.41151,0.00329,-0.70418
152.97,SYN.ETH-26JUN20,1575284345713,open,0.19,568.0,0.142,0.258,0.200219,87.31,0.187,0.0,ETH-26JUN20-180-C,149.04,82.9,0.187,481.0,0.202,271.0,87.91,0.45794,-0.09663,0.28795,0.00395,0.53234
152.97,SYN.ETH-26JUN20,1575284345715,open,0.16,551.0,0.11,0.224,0.166806,87.31,0.157,0.0,ETH-26JUN20-200-C,149.04,83.7,0.156,485.0,0.171,485.0,88.71,0.45801,-0.09665,0.26154,0.00396,0.46846
149.12,SYN.ETH-6DEC19,1575284345715,open,0.0,453.0,0.001,0.011,0.000459,102.95,0.001,0.0,ETH-6DEC19-190-C,149.04,0.0,0.0,0.0,0.001,501.0,114.9,0.00509,-0.06763,0.0002,0.00209,0.01285
149.12,SYN.ETH-6DEC19,1575284345715,open,0.01,628.0,0.001,0.026,0.007392,70.17,0.009,0.0,ETH-6DEC19-140-P,149.04,64.89,0.006,2.0,0.007,4.0,68.71,0.04056,-0.36717,-0.00299,0.02448,-0.18172
152.97,SYN.ETH-26JUN20,1575284345714,open,0.51,0.0,0.482,0.542,0.51161,83.51,None,0.0,ETH-26JUN20-80-C,149.04,38.79,0.478,1.0,0.55,10.0,111.62,0.18584,-0.03751,0.34607,0.00168,0.91076
149.12,SYN.ETH-6DEC19,1575284345714,open,0.02,1136.0,0.004,0.051,0.024221,65.67,0.026,0.0,ETH-6DEC19-150-C,149.04,60.26,0.022,160.0,0.023,500.0,62.7,0.06121,-0.51865,0.0072,0.03948,0.47878
152.97,SYN.ETH-26JUN20,1575284345714,open,2.44,0.0,2.313,2.565,2.430812,101.91,None,0.0,ETH-26JUN20-520-P,149.04,0.0,0.01,50.0,0.0,0.0,0.0,0.22063,-0.05434,-2.87671,0.00163,-0.88709
152.97,SYN.ETH-26JUN20,1575284345714,open,0.03,111.0,0.008,0.061,0.026817,102.59,0.027,0.0,ETH-26JUN20-560-C,149.04,100.35,0.024,940.0,0.03,140.0,104.96,0.19888,-0.04931,0.06156,0.00146,0.09782
149.12,SYN.ETH-6DEC19,1575284345715,open,0.35,0.0,0.303,0.385,0.341721,122.9,None,0.0,ETH-6DEC19-200-P,149.04,0.0,0.0,0.0,1.356,5.0,500.0,0.00482,-0.07649,-0.02105,0.00166,-0.98793
149.12,SYN.ETH-6DEC19,1575284345715,open,0.03,1022.0,0.007,0.06,0.030197,65.84,0.033,0.0,ETH-6DEC19-150-P,149.04,60.48,0.028,1.0,0.033,1.0,72.66,0.06122,-0.51995,-0.00873,0.03938,-0.5211
152.97,SYN.ETH-26JUN20,1575284345714,open,1.67,0.0,1.562,1.778,1.663601,96.57,None,0.0,ETH-26JUN20-400-P,149.04,0.0,0.01,50.0,0.0,0.0,0.0,0.29019,-0.06773,-2.163,0.00227,-0.83113
152.97,SYN.ETH-26JUN20,1575284345712,open,0.62,1.0,0.603,0.644,0.622397,88.59,0.69,0.0,ETH-26JUN20-60-C,149.04,0.0,0.607,1.0,0.0,0.0,0.0,0.10169,-0.02177,0.29165,0.00087,0.95878
152.97,SYN.ETH-26JUN20,1575284345715,open,2.18,0.0,2.061,2.3,2.173194,99.9,None,0.0,ETH-26JUN20-480-P,149.04,0.0,0.01,50.0,0.0,0.0,0.0,0.23868,-0.05763,-2.64181,0.0018,-0.87379
152.97,SYN.ETH-26JUN20,1575284345714,open,0.04,665.0,0.015,0.082,0.041637,98.53,0.047,0.0,ETH-26JUN20-440-C,149.04,96.98,0.039,2.0,0.045,140.0,100.45,0.26381,-0.06283,0.09056,0.00202,0.14609
149.12,SYN.ETH-6DEC19,1575284345716,open,0.41,0.0,0.368,0.453,0.408491,127.15,None,0.0,ETH-6DEC19-210-P,149.04,0.0,0.0,0.0,1.424,5.0,500.0,0.00239,-0.0392,-0.02222,0.0008,-0.99457
152.97,SYN.ETH-26JUN20,1575284345731,open,0.69,0.0,0.604,0.775,0.687526,87.88,None,0.0,ETH-26JUN20-240-P,149.04,0.0,0.568,1.0,1.496,1.0,500.0,0.43215,-0.09178,-1.14824,0.00371,-0.63682
149.61,ETH-27DEC19,1575284345743,open,0.61,2355.0,0.559,0.662,0.607331,93.84,0.495,0.0,ETH-27DEC19-240-P,149.04,0.0,0.604,50.0,0.764,1.0,300.16,0.03047,-0.05746,-0.16028,0.00213,-0.9646
152.97,SYN.ETH-26JUN20,1575284345744,open,1.17,0.0,1.071,1.266,1.164273,92.71,1.06,0.0,ETH-26JUN20-320-P,149.04,0.0,0.015,2.0,1.182,1.0,100.03,0.35748,-0.0801,-1.66897,0.00291,-0.76066
149.28,SYN.ETH-13DEC19,1575284345745,open,0.15,0.0,0.11,0.187,0.147529,68.65,None,0.0,ETH-13DEC19-170-P,149.04,0.0,0.0,0.0,0.153,1.0,81.06,0.06001,-0.18941,-0.04438,0.01316,-0.85026
7375.44,SYN.BTC-31JAN20,1575284346457,open,0.08,17.4,0.0515,0.1145,0.07902947,65.28,0.0775,0.0,BTC-31JAN20-7000-P,7292.53,63.63,0.0765,32.8,0.0815,15.2,66.9,11.28648,-6.15274,-5.44215,0.00019,-0.37078
7375.44,SYN.BTC-31JAN20,1575284346457,open,0.05,29.3,0.0315,0.0885,0.0558947,67.38,0.053,0.0,BTC-31JAN20-8500-C,7292.53,65.45,0.053,34.0,0.0575,12.8,68.45,11.07221,-6.2301,3.56635,0.00018,0.35066
7375.44,SYN.BTC-31JAN20,1575284346457,open,0.33,0.0,0.3135,0.356,0.33295712,73.4,None,0.0,BTC-31JAN20-5000-C,7292.53,0.0,0.319,13.0,0.35,13.0,97.95,4.12781,-2.5301,7.19125,6e-05,0.92733
7375.44,SYN.BTC-31JAN20,1575284346457,open,0.12,65.5,0.0825,0.1535,0.11471767,65.28,0.118,0.0,BTC-31JAN20-7500-P,7292.53,63.9,0.1125,9.6,0.1185,45.6,67.63,11.88905,-6.48109,-7.10531,0.0002,-0.47255
7375.44,SYN.BTC-31JAN20,1575284346457,open,0.1,41.7,0.0685,0.133,0.09781296,65.27,0.095,0.0,BTC-31JAN20-7500-C,7292.53,63.53,0.095,29.0,0.1,9.6,66.63,11.88907,-6.48013,5.19797,0.0002,0.52744
7375.44,SYN.BTC-31JAN20,1575284346457,open,0.05,20.1,0.029,0.0815,0.05098807,65.58,0.053,0.0,BTC-31JAN20-6500-P,7292.53,64.09,0.049,44.8,0.053,11.0,67.07,9.90305,-5.42314,-3.90081,0.00017,-0.27142
7375.44,SYN.BTC-31JAN20,1575284346457,open,0.27,4.0,0.226,0.3085,0.26374375,69.38,0.2495,0.0,BTC-31JAN20-9000-P,7292.53,0.0,0.015,1.0,1.4365,2.8,500.0,10.1423,-5.87601,-11.84122,0.00016,-0.71496
7375.44,SYN.BTC-31JAN20,1575284346457,open,0.07,5.5,0.0465,0.1085,0.07387631,66.21,0.0705,0.0,BTC-31JAN20-8000-C,7292.53,64.4,0.071,32.8,0.0755,23.6,67.23,11.74824,-6.49573,4.34365,0.0002,0.43289
7375.44,SYN.BTC-31JAN20,1575284346457,open,0.01,24.2,0.001,0.026,0.0108936,73.42,0.0115,0.0,BTC-31JAN20-5000-P,7292.53,71.79,0.01,16.0,0.012,44.2,75.35,4.1296,-2.53185,-1.01153,6e-05,-0.07271
7375.44,SYN.BTC-31JAN20,1575284346457,open,0.17,0.0,0.1405,0.2025,0.16967065,65.57,None,0.0,BTC-31JAN20-6500-C,7292.53,62.45,0.1655,13.0,0.172,14.0,67.3,9.90272,-5.42212,6.76236,0.00017,0.7286
7375.44,SYN.BTC-31JAN20,1575284346457,open,0.13,13.3,0.0995,0.1645,0.12991841,65.27,0.139,0.0,BTC-31JAN20-7000-C,7292.53,62.71,0.126,27.9,0.1315,9.6,66.31,11.28644,-6.15181,6.04108,0.00019,0.62923
7375.44,SYN.BTC-31JAN20,1575284346460,open,0.02,33.1,0.0075,0.045,0.02071102,73.9,0.021,0.0,BTC-31JAN20-10500-C,7292.53,72.61,0.0195,19.0,0.022,15.1,75.24,7.00813,-4.3248,1.58117,0.00011,0.1514
7375.44,SYN.BTC-31JAN20,1575284346460,open,0.16,0.1,0.1235,0.2005,0.15857467,66.22,0.153,0.0,BTC-31JAN20-8000-P,7292.53,46.38,0.1275,6.0,0.169,22.0,72.75,11.74838,-6.49684,-8.77967,0.0002,-0.56708
7375.44,SYN.BTC-31JAN20,1575284346459,open,0.27,0.0,0.25,0.3,0.27299319,69.7,None,0.0,BTC-31JAN20-5500-C,7292.53,39.16,0.256,13.0,0.2935,13.0,92.07,5.93677,-3.4553,7.35747,0.0001,0.8811
7375.44,SYN.BTC-31JAN20,1575284346460,open,0.02,46.0,0.0105,0.0525,0.02599768,72.16,0.0255,0.0,BTC-31JAN20-10000-C,7292.53,70.76,0.0245,19.8,0.0275,26.8,73.54,7.98081,-4.80912,1.92694,0.00012,0.18526
7306.46,SYN.BTC-13DEC19,1575284347101,open,0.0,55.9,0.0005,0.0125,0.00278038,72.41,0.0025,0.0,BTC-13DEC19-6000-P,7292.53,70.81,0.0025,14.0,0.0035,44.4,76.17,1.31416,-4.37476,-0.11631,0.00011,-0.05065
7306.46,SYN.BTC-13DEC19,1575284347101,open,0.08,23.1,0.054,0.109,0.07905473,59.08,0.077,0.0,BTC-13DEC19-7750-P,7292.53,50.41,0.074,9.4,0.085,12.4,68.77,4.37943,-11.89539,-1.69793,0.00047,-0.70086
7306.46,SYN.BTC-13DEC19,1575284347101,open,0.11,21.1,0.081,0.137,0.10714344,61.72,0.11,0.0,BTC-13DEC19-8000-P,7292.53,0.0,0.0925,12.2,0.116,8.0,78.1,3.65962,-10.38369,-1.94781,0.00037,-0.78755
7306.46,SYN.BTC-13DEC19,1575284347101,open,0.02,54.7,0.0055,0.04,0.01833817,59.06,0.017,0.0,BTC-13DEC19-7750-C,7292.53,56.81,0.017,16.0,0.0195,37.2,60.99,4.37896,-11.89035,0.61116,0.00047,0.29907
7306.46,SYN.BTC-13DEC19,1575284347101,open,0.01,598.4,0.002,0.031,0.01182069,58.17,0.013,0.0,BTC-13DEC19-6750-P,7292.53,55.4,0.0105,51.0,0.0125,16.0,59.56,3.53832,-9.46248,-0.46267,0.00038,-0.2007
7306.46,SYN.BTC-13DEC19,1575284347101,open,0.15,0.0,0.1285,0.1705,0.14856806,65.44,None,0.0,BTC-13DEC19-6250-C,7292.53,0.0,0.1365,9.4,0.1625,10.4,104.77,1.78648,-5.37464,1.6902,0.00017,0.92494
7306.46,SYN.BTC-13DEC19,1575284347101,open,0.18,0.0,0.163,0.2025,0.18158047,72.36,None,0.0,BTC-13DEC19-6000-C,7292.53,0.0,0.17,9.4,0.1945,10.4,116.4,1.31197,-4.36456,1.67172,0.00011,0.94946
7306.46,SYN.BTC-13DEC19,1575284347103,open,0.04,46.8,0.0175,0.0635,0.03508076,56.62,0.033,0.0,BTC-13DEC19-7250-P,7292.53,53.57,0.033,12.0,0.0365,25.8,58.69,4.99032,-12.98924,-1.05383,0.00055,-0.44898
7306.46,SYN.BTC-13DEC19,1575284347103,open,0.01,73.3,0.0005,0.0205,0.00650912,60.55,0.006,0.0,BTC-13DEC19-6500-P,7292.53,59.06,0.006,23.7,0.0075,20.0,63.33,2.53408,-7.05438,-0.27706,0.00026,-0.12075
7306.46,SYN.BTC-13DEC19,1575284347103,open,0.01,230.1,0.0005,0.025,0.00862426,65.4,0.007,0.0,BTC-13DEC19-8250-C,7292.53,62.59,0.0075,16.0,0.0095,63.0,67.5,2.99268,-8.99845,0.31652,0.00029,0.15401
7306.46,SYN.BTC-13DEC19,1575284347103,open,0.06,31.1,0.0325,0.085,0.05485044,57.68,0.0535,0.0,BTC-13DEC19-7500-P,7292.53,54.92,0.053,12.0,0.0555,22.2,58.64,4.91886,-13.04305,-1.3914,0.00054,-0.58427
7306.46,SYN.BTC-13DEC19,1575284347103,open,0.14,3.5,0.111,0.1685,0.13777415,65.43,0.148,0.0,BTC-13DEC19-8250-P,7292.53,0.0,0.12,10.2,0.156,8.0,101.52,2.99422,-9.0071,-2.14145,0.00029,-0.84587
7306.46,SYN.BTC-13DEC19,1575284347105,open,0.0,96.0,0.0005,0.014,0.0031117,74.31,0.0035,0.0,BTC-13DEC19-9000-C,7292.53,71.12,0.0025,20.0,0.0035,18.9,76.15,1.48756,-5.08176,0.12221,0.00013,0.05925
7306.46,SYN.BTC-13DEC19,1575284347105,open,0.24,0.0,0.2085,0.266,0.23491157,74.37,None,0.0,BTC-13DEC19-9000-P,7292.53,0.0,0.0,0.0,0.0,0.0,0.0,1.49095,-5.09773,-2.55913,0.00013,-0.94058
7306.46,SYN.BTC-13DEC19,1575284347105,open,0.28,0.0,0.242,0.3005,0.2687563,79.84,None,0.0,BTC-13DEC19-9250-P,7292.53,0.0,0.0,0.0,0.0,0.0,0.0,1.30584,-4.7933,-2.65278,0.0001,-0.94976
7306.46,SYN.BTC-13DEC19,1575284347105,open,0.0,48.7,0.0005,0.013,0.00273976,79.77,0.0025,0.0,BTC-13DEC19-9250-C,7292.53,75.24,0.002,20.0,0.003,14.1,81.19,1.30224,-4.77559,0.10304,0.0001,0.05007
150.4,SYN.ETH-31JAN20,1575284347161,open,0.24,0.0,0.204,0.273,0.239064,76.09,None,0.0,ETH-31JAN20-120-C,149.04,34.73,0.205,1.0,0.722,40.0,498.99,0.16401,-0.10421,0.14145,0.00581,0.81241
150.4,SYN.ETH-31JAN20,1575284347163,open,0.49,0.0,0.433,0.546,0.48688,81.13,None,0.0,ETH-31JAN20-220-P,149.04,0.0,0.462,1.0,0.739,1.0,250.37,0.14841,-0.10055,-0.32728,0.00493,-0.83967
150.4,SYN.ETH-31JAN20,1575284347163,open,0.35,0.0,0.322,0.377,0.349495,82.35,None,0.0,ETH-31JAN20-100-C,149.04,0.0,0.335,1.0,0.748,40.0,498.85,0.09243,-0.06356,0.14021,0.00303,0.9178
150.4,SYN.ETH-31JAN20,1575284347163,open,0.37,0.0,0.313,0.422,0.365676,77.77,None,0.0,ETH-31JAN20-200-P,149.04,0.0,0.329,1.0,0.472,1.0,150.09,0.18379,-0.11935,-0.28083,0.00637,-0.7726
7306.46,SYN.BTC-13DEC19,1575284316695,open,0.03,38.9,0.012,0.0535,0.02835054,57.66,0.028,0.0,BTC-13DEC19-7500-C,7292.53,54.91,0.0265,1.0,0.0295,49.2,59.37,4.91876,-13.03915,0.84328,0.00054,0.4157
7306.46,SYN.BTC-13DEC19,1575284246806,open,0.02,54.7,0.0055,0.04,0.01833817,59.06,0.017,0.0,BTC-13DEC19-7750-C,7292.53,56.81,0.017,16.0,0.0195,37.2,60.99,4.37896,-11.89035,0.61116,0.00047,0.29907
7587.14,SYN.BTC-26JUN20,1575284332337,open,0.13,263.4,0.0845,0.18,0.12608439,74.41,0.1255,0.0,BTC-26JUN20-10000-C,7292.53,73.53,0.1235,2.0,0.1305,18.8,75.91,22.27703,-4.00612,12.45522,9e-05,0.41572
7587.14,SYN.BTC-26JUN20,1575284324181,open,0.09,251.7,0.0505,0.138,0.08687125,76.99,0.087,0.0,BTC-26JUN20-12000-C,7292.53,75.52,0.083,23.7,0.09,15.7,78.17,20.09851,-3.73993,9.51532,8e-05,0.30814
7306.46,SYN.BTC-13DEC19,1575284179321,open,0.01,230.1,0.0005,0.025,0.00862426,65.4,0.007,0.0,BTC-13DEC19-8250-C,7292.53,62.59,0.0075,16.0,0.0095,63.0,67.5,2.99268,-8.99845,0.31652,0.00029,0.15401
7587.14,SYN.BTC-26JUN20,1575284291463,open,0.01,118.9,0.0005,0.02,0.00829884,77.19,0.0065,0.0,BTC-26JUN20-3000-P,7292.53,74.51,0.007,15.0,0.01,42.3,80.39,3.84018,-0.71645,-1.62846,2e-05,-0.02957
7306.46,SYN.BTC-13DEC19,1575284329365,open,0.01,219.0,0.0025,0.0305,0.01221022,61.69,0.0125,0.0,BTC-13DEC19-8000-C,7292.53,59.24,0.011,34.0,0.0135,56.2,64.23,3.65863,-10.37697,0.43572,0.00037,0.21235
7586.97,SYN.BTC-26JUN20,1575284300697,open,0.05,127.0,0.022,0.092,0.04794722,82.06,0.052,0.0,BTC-26JUN20-16000-C,7292.53,80.56,0.045,26.9,0.0505,19.9,83.31,15.21249,-3.01697,5.86443,6e-05,0.18433
7586.97,SYN.BTC-26JUN20,1575284291441,open,0.02,79.7,0.005,0.0485,0.01750378,98.59,0.019,0.0,BTC-26JUN20-30000-C,7292.53,96.52,0.0155,15.0,0.0185,10.0,99.57,7.61048,-1.81353,2.22735,2e-05,0.0693
7587.14,SYN.BTC-26JUN20,1575284332391,open,0.06,521.4,0.0325,0.1115,0.0636992,79.83,0.065,0.0,BTC-26JUN20-14000-C,7292.53,78.88,0.0615,0.1,0.066,19.4,80.82,17.59963,-3.39573,7.41529,7e-05,0.23613
7586.97,SYN.BTC-26JUN20,1575284324159,open,0.03,30.5,0.0095,0.062,0.02635225,89.17,0.028,0.0,BTC-26JUN20-22000-C,7292.53,88.17,0.025,15.0,0.028,0.1,90.35,10.43084,-2.24808,3.40858,4e-05,0.10562
7587.14,SYN.BTC-26JUN20,1575284306631,open,0.02,14.9,0.006,0.051,0.01920047,96.62,0.022,0.0,BTC-26JUN20-28000-C,7292.53,94.5,0.017,29.0,0.0205,10.5,97.8,8.17959,-1.91003,2.44886,3e-05,0.07615
7586.97,SYN.BTC-26JUN20,1575284331659,open,0.02,52.7,0.0065,0.054,0.02105036,94.31,0.023,0.0,BTC-26JUN20-26000-C,7292.53,92.94,0.0195,15.0,0.023,29.7,95.95,8.79764,-2.00538,2.70022,3e-05,0.08385
7587.14,SYN.BTC-26JUN20,1575284303205,open,0.02,12.5,0.008,0.058,0.02360633,92.02,0.024,0.0,BTC-26JUN20-24000-C,7292.53,90.72,0.022,15.0,0.0255,5.0,93.49,9.58615,-2.13194,3.03112,3e-05,0.09409
7587.14,SYN.BTC-26JUN20,1575284335865,open,0.02,24.0,0.004,0.0445,0.01544386,99.73,0.017,0.0,BTC-26JUN20-32000-C,7292.53,98.11,0.014,15.0,0.017,29.9,101.38,6.9456,-1.67419,1.9848,2e-05,0.0616
7587.14,SYN.BTC-26JUN20,1575284334228,open,0.11,259.6,0.069,0.1475,0.10292073,71.62,0.1035,0.0,BTC-26JUN20-6000-P,7292.53,69.94,0.099,19.8,0.1055,14.1,72.72,17.77498,-3.07683,-14.76601,8e-05,-0.24045
7586.97,SYN.BTC-26JUN20,1575284332304,open,0.19,164.4,0.148,0.245,0.19211216,71.63,0.1995,0.0,BTC-26JUN20-8000-C,7292.53,70.9,0.19,11.6,0.1955,6.0,72.76,22.45502,-3.8873,16.16305,0.0001,0.56801
7587.14,SYN.BTC-26JUN20,1575284321283,open,0.02,357.2,0.0115,0.0465,0.02430305,73.79,0.0245,0.0,BTC-26JUN20-4000-P,7292.53,72.57,0.023,0.2,0.026,28.0,75.34,8.19613,-1.4618,-4.32837,3e-05,-0.07635
7324.46,BTC-27DEC19,1575284304189,open,0.01,1553.2,0.0005,0.02,0.00639355,77.72,0.006,0.0,BTC-27DEC19-10000-C,7292.53,75.23,0.0055,40.4,0.0075,66.0,80.56,2.73126,-4.26645,0.34694,0.0001,0.07589
7586.97,SYN.BTC-26JUN20,1575284331868,open,0.15,91.2,0.1075,0.2035,0.15043405,71.63,0.151,0.0,BTC-26JUN20-9000-C,7292.53,72.14,0.152,12.2,0.1595,18.2,74.64,22.76169,-3.94031,14.22275,0.0001,0.48121
7587.14,SYN.BTC-26JUN20,1575284332389,open,0.24,60.9,0.2025,0.2955,0.24520805,71.61,0.2495,0.0,BTC-26JUN20-7000-C,7292.53,69.91,0.2405,17.9,0.25,12.9,73.36,20.87278,-3.61271,17.93984,9e-05,0.66238
7324.46,BTC-27DEC19,1575284329375,open,0.0,954.0,0.0005,0.0125,0.00262137,94.3,0.0015,0.0,BTC-27DEC19-12000-C,7292.53,90.49,0.002,30.0,0.0035,78.0,98.82,1.29731,-2.45893,0.13615,4e-05,0.0299
7324.46,BTC-27DEC19,1575284300600,open,0.0,390.7,0.0005,0.0105,0.00073948,116.87,0.0015,0.0,BTC-27DEC19-16000-C,7292.53,112.08,0.0005,53.5,0.001,47.0,120.93,0.41951,-0.98544,0.03628,1e-05,0.00801
7324.46,BTC-27DEC19,1575284055719,open,0.0,21.4,0.0005,0.017,0.00482687,81.85,0.0035,0.0,BTC-27DEC19-10500-C,7292.53,78.95,0.004,36.0,0.0055,57.0,84.02,2.19435,-3.61026,0.26151,7e-05,0.05721
7324.46,BTC-27DEC19,1575284123417,open,0.01,117.0,0.0005,0.025,0.00890879,73.72,0.0075,0.0,BTC-27DEC19-9500-C,7292.53,71.75,0.008,43.0,0.01,54.1,75.96,3.46982,-5.14121,0.4782,0.00013,0.1047
7324.46,BTC-27DEC19,1575284123810,open,0.01,473.7,0.0005,0.016,0.00512163,74.13,0.004,0.0,BTC-27DEC19-5500-P,7292.53,71.99,0.0045,16.0,0.006,38.7,76.94,2.19974,-3.27766,-0.31207,8e-05,-0.05739
7324.46,BTC-27DEC19,1575284005933,open,0.0,526.9,0.0005,0.0105,3.009e-05,120.01,0.0005,0.0,BTC-27DEC19-22000-C,7292.53,0.0,0.0,0.0,0.001,63.0,161.13,0.02753,-0.06641,0.00184,0.0,0.0004
7324.46,BTC-27DEC19,1575284007716,open,0.0,1038.8,0.0005,0.0105,9.26e-05,120.0,0.0015,0.0,BTC-27DEC19-20000-C,7292.53,0.0,0.0,0.0,0.001,40.6,149.34,0.07287,-0.17577,0.00525,0.0,0.00114
7324.46,BTC-27DEC19,1575284328502,open,0.05,792.1,0.0235,0.0705,0.04358666,62.23,0.0415,0.0,BTC-27DEC19-7000-P,7292.53,59.56,0.041,48.1,0.045,16.0,63.67,7.14929,-8.94194,-2.01153,0.00031,-0.35937
7457.0,BTC-27MAR20,1575284335889,open,0.06,466.0,0.037,0.1065,0.06588799,73.08,0.069,0.0,BTC-27MAR20-10000-C,7292.53,71.61,0.063,18.6,0.068,29.4,74.14,14.74208,-4.64862,5.6882,0.00011,0.30616
7324.46,BTC-27DEC19,1575284055710,open,0.0,1472.3,0.0005,0.013,0.00335259,85.9,0.0035,0.0,BTC-27DEC19-5000-P,7292.53,84.09,0.003,6.6,0.004,77.0,88.97,1.47043,-2.53889,-0.19043,5e-05,-0.0348
7457.0,BTC-27MAR20,1575284281932,open,0.01,269.2,0.0035,0.0365,0.01324532,90.56,0.0145,0.0,BTC-27MAR20-18000-C,7292.53,88.18,0.0115,36.0,0.014,12.5,91.54,5.67471,-2.21758,1.35634,4e-05,0.07054
7457.0,BTC-27MAR20,1575284272452,open,0.01,252.2,0.0005,0.0285,0.00883176,98.23,0.011,0.0,BTC-27MAR20-22000-C,7292.53,95.68,0.0075,33.0,0.0095,13.9,99.41,4.10035,-1.73789,0.89553,2e-05,0.04666
7457.0,BTC-27MAR20,1575284334443,open,0.04,1190.1,0.0165,0.072,0.03747853,77.02,0.0395,0.0,BTC-27MAR20-12000-C,7292.53,75.38,0.035,19.2,0.0395,38.7,78.34,11.38792,-3.78479,3.60198,8e-05,0.18963
7324.46,BTC-27DEC19,1575284329360,open,0.02,806.3,0.0085,0.042,0.02120876,63.1,0.02,0.0,BTC-27DEC19-6500-P,7292.53,61.48,0.02,36.3,0.0225,14.8,64.8,5.50686,-6.9843,-1.15289,0.00024,-0.20975
7457.0,BTC-27MAR20,1575284324046,open,0.01,69.3,0.0005,0.022,0.0056965,107.28,0.006,0.0,BTC-27MAR20-28000-C,7292.53,103.88,0.0045,26.2,0.0065,29.0,109.31,2.82791,-1.30907,0.56611,1e-05,0.02961
7457.0,BTC-27MAR20,1575284007951,open,0.0,657.7,0.0005,0.0135,0.002566,117.25,0.004,0.0,BTC-27MAR20-40000-C,7292.53,114.08,0.002,14.0,0.0035,39.0,121.54,1.45078,-0.734,0.25825,1e-05,0.01347
7457.0,BTC-27MAR20,1575284303169,open,0.01,158.0,0.0005,0.0255,0.00733717,101.17,0.0075,0.0,BTC-27MAR20-24000-C,7292.53,98.17,0.006,44.8,0.008,17.8,102.54,3.52773,-1.54007,0.74347,2e-05,0.03874
7457.0,BTC-27MAR20,1575284289449,open,0.02,1528.0,0.0055,0.043,0.01700403,85.89,0.016,0.0,BTC-27MAR20-16000-C,7292.53,84.79,0.016,19.9,0.0185,36.1,87.48,6.87126,-2.54669,1.74843,5e-05,0.09086
7324.46,BTC-27DEC19,1575284311552,open,0.01,1178.1,0.0035,0.032,0.01332785,70.32,0.013,0.0,BTC-27DEC19-9000-C,7292.53,68.11,0.012,62.6,0.0145,69.8,72.21,4.48659,-6.34182,0.68939,0.00017,0.15143
7457.0,BTC-27MAR20,1575284334256,open,0.03,238.7,0.012,0.0495,0.02625519,70.33,0.028,0.0,BTC-27MAR20-5000-P,7292.53,67.74,0.0235,48.9,0.028,38.8,71.92,8.09189,-2.45559,-3.31435,7e-05,-0.11374
