underlying_price,underlying_index,timestamp,state,settlement_price,open_interest,min_price,max_price,mark_price,mark_iv,last_price,interest_rate,instrument_name,index_price,bid_iv,best_bid_price,best_bid_amount,best_ask_price,best_ask_amount,ask_iv,vega,theta,rho,gamma,delta
209.36,ETH-28JUN19,1557831540047,open,0.16,789.0,0.087,0.186,0.136634,99.13,0.14,0.0,ETH-28JUN19-210-C,206.12,94.31,0.13,112.0,0.143,120.0,103.73,0.2889,-0.31908,0.11039,0.00541,0.56553
206.12,index_price,1557831540234,open,0.12,350.0,0.098,0.213,0.155539,123.28,0.146,0,ETH-24MAY19-230-P,206.12,96.22,0.14,150.0,0.155,150.0,122.44,0.12282,-0.76664,-0.04602,0.00867,-0.66973
206.12,index_price,1557831540236,open,0.06,350.0,0.035,0.143,0.089213,131.83,0.088,0,ETH-17MAY19-220-P,206.12,90.07,0.077,150.0,0.09,150.0,134.46,0.06446,-1.47754,-0.01267,0.01461,-0.69091
212.31,ETH-27SEP19,1557831540242,open,0.34,111.0,0.315,0.452,0.383623,96.14,0.381,0.0,ETH-27SEP19-260-P,206.12,91.78,0.373,30.0,0.396,30.0,101.24,0.51608,-0.18257,-0.71479,0.0032,-0.52081
209.36,ETH-28JUN19,1557831540248,open,0.2,1849.0,0.176,0.299,0.237314,102.69,0.207,0.0,ETH-28JUN19-240-P,206.12,93.69,0.225,240.0,0.243,120.0,106.86,0.28711,-0.32851,-0.2101,0.00519,-0.57897
206.12,index_price,1557831540252,open,0.3,0.0,0.226,0.325,0.27533,115.06,None,0,ETH-24MAY19-150-C,206.12,112.3,0.275,50.0,0.284,50.0,157.75,0.02805,-0.16338,0.03829,0.00212,0.96196
209.37,ETH-28JUN19,1557831540257,open,0.3,1003.0,0.224,0.323,0.2737,99.11,0.224,0.0,ETH-28JUN19-160-C,206.12,84.15,0.261,40.0,0.274,40.0,99.45,0.18694,-0.20643,0.14277,0.0035,0.82834
212.31,ETH-27SEP19,1557831540319,open,0.36,495.0,0.296,0.395,0.3451,94.7,0.35,0.0,ETH-27SEP19-160-C,206.12,85.66,0.329,10.0,0.344,10.0,94.08,0.38169,-0.13302,0.34517,0.0024,0.78185
212.31,ETH-27SEP19,1557831540332,open,0.31,803.0,0.245,0.344,0.294373,94.7,0.24,0.0,ETH-27SEP19-180-C,206.12,86.27,0.277,30.0,0.297,30.0,95.96,0.43813,-0.15268,0.33419,0.00276,0.71723
206.12,index_price,1557831540344,open,0.06,400.0,0.032,0.14,0.08572,114.77,0.072,0,ETH-24MAY19-210-P,206.12,96.95,0.074,150.0,0.089,150.0,119.81,0.13526,-0.78596,-0.03276,0.01025,-0.50175
206.12,index_price,1557831540361,open,0.06,400.0,0.032,0.14,0.08572,114.77,0.072,0,ETH-24MAY19-210-P,206.12,96.95,0.074,150.0,0.088,150.0,118.29,0.13526,-0.78596,-0.03276,0.01025,-0.50175
209.36,ETH-28JUN19,1557831540367,open,0.27,1539.0,0.191,0.29,0.240458,99.14,0.26,0.0,ETH-28JUN19-170-C,206.12,86.82,0.228,40.0,0.241,40.0,99.63,0.21724,-0.23996,0.13893,0.00407,0.78021
206.12,index_price,1557831540374,open,0.3,273.0,0.223,0.322,0.272385,137.66,0.284,0,ETH-17MAY19-150-C,206.12,0.0,0.272,50.0,0.282,50.0,277.63,0.00211,-0.0505,0.01175,0.00046,0.99612
206.12,index_price,1557831540379,open,0.09,423.0,0.01,0.109,0.05964,123.93,0.07,0,ETH-17MAY19-200-C,206.12,112.96,0.056,150.0,0.07,150.0,154.52,0.06914,-1.48993,0.00924,0.01667,0.62892
206.12,index_price,1557831540394,open,0.17,30.0,0.155,0.276,0.215755,133.34,0.182,0,ETH-17MAY19-250-P,206.12,0.0,0.204,50.0,0.216,50.0,136.18,0.02123,-0.49227,-0.0188,0.00476,-0.94196
206.12,index_price,1557831540404,open,0.14,185.0,0.068,0.167,0.117987,114.86,0.11,0,ETH-24MAY19-190-C,206.12,109.57,0.115,50.0,0.128,50.0,132.13,0.11782,-0.68517,0.03248,0.00892,0.70037
209.36,ETH-28JUN19,1557831540409,open,0.16,789.0,0.087,0.186,0.136634,99.13,0.14,0.0,ETH-28JUN19-210-C,206.12,94.31,0.13,112.0,0.144,120.0,104.45,0.2889,-0.31908,0.11039,0.00541,0.56553
206.12,index_price,1557831540414,open,0.12,755.0,0.043,0.142,0.092261,123.98,0.101,0,ETH-17MAY19-190-C,206.12,114.9,0.09,50.0,0.101,50.0,155.87,0.05321,-1.14707,0.01128,0.01282,0.7867
206.12,index_price,1557831540419,open,0.17,752.0,0.083,0.182,0.132105,124.09,0.145,0,ETH-17MAY19-180-C,206.12,108.75,0.13,50.0,0.141,50.0,170.4,0.03196,-0.68947,0.01248,0.00769,0.90065
206.12,index_price,1557831540424,open,0.09,100.0,0.072,0.184,0.12789,133.5,0.198,0,ETH-17MAY19-230-P,206.12,52.1,0.116,50.0,0.128,50.0,134.13,0.05017,-1.16452,-0.01518,0.01123,-0.80672
209.36,ETH-28JUN19,1557831540429,open,0.18,2672.0,0.109,0.208,0.158372,99.13,0.166,0.0,ETH-28JUN19-200-C,206.12,92.84,0.15,109.0,0.164,120.0,103.33,0.27952,-0.30872,0.11881,0.00523,0.61996
206.12,index_price,1557831540433,open,0.26,731.0,0.175,0.274,0.224373,135.02,0.23,0,ETH-17MAY19-160-C,206.12,118.56,0.224,50.0,0.234,50.0,236.82,0.00688,-0.16149,0.01235,0.00152,0.98512
206.12,index_price,1557831540449,open,0.16,99.0,0.135,0.254,0.194363,125.81,0.183,0,ETH-24MAY19-240-P,206.12,94.76,0.179,50.0,0.193,50.0,123.35,0.11078,-0.70566,-0.0519,0.00766,-0.73627
206.12,index_price,1557831540455,open,0.18,36.0,0.102,0.201,0.151138,114.88,0.17,0,ETH-24MAY19-180-C,206.12,108.06,0.148,50.0,0.159,50.0,130.96,0.09731,-0.56598,0.03571,0.00737,0.79147
212.31,ETH-27SEP19,1557831540462,open,0.16,2078.0,0.134,0.252,0.192885,94.68,0.171,0.0,ETH-27SEP19-200-P,206.12,88.99,0.18,120.0,0.193,1.0,94.74,0.47852,-0.16672,-0.42703,0.00301,-0.34744
206.12,index_price,1557831540469,open,0.02,184.0,0.001,0.068,0.018075,132.92,0.016,0,ETH-24MAY19-260-C,206.12,130.3,0.017,200.0,0.019,59.0,135.11,0.08591,-0.57817,0.00849,0.00562,0.17035
8065.93,index_price,1557831540630,open,0.0,339.5,0.0005,0.05,0.00022659,134.95,0.0005,0,BTC-17MAY19-6000-P,8065.93,0.0,0.0,0.0,0.001,2.0,164.66,0.11632,-1.82769,-0.00377,2e-05,-0.0057
8109.9,BTC-28JUN19,1557831540641,open,0.06,41.9,0.017,0.124,0.07048413,98.4,0.066,0.0,BTC-28JUN19-7000-P,8065.93,94.14,0.0655,3.7,0.076,5.0,103.12,9.48104,-10.39515,-3.44029,0.00012,-0.27457
8065.93,index_price,1557831540658,open,0.05,46.3,0.0005,0.0895,0.03951577,113.38,0.042,0,BTC-31MAY19-9500-C,8065.93,109.95,0.037,2.4,0.045,2.4,120.72,5.95005,-19.988,0.9393,0.00017,0.29139
8065.93,index_price,1557831540673,open,0.05,46.3,0.0005,0.0895,0.03951618,113.38,0.042,0,BTC-31MAY19-9500-C,8065.93,109.95,0.037,2.4,0.0445,2.3,120.06,5.95005,-19.988,0.9393,0.00017,0.29139
8109.9,BTC-28JUN19,1557831540689,open,0.0,90.2,0.0005,0.0525,0.00255277,131.59,0.003,0.0,BTC-28JUN19-3250-P,8065.93,121.44,0.0015,4.8,0.004,13.5,141.97,0.98113,-1.43845,-0.15965,1e-05,-0.01346
8109.9,BTC-28JUN19,1557831540690,open,0.0,90.2,0.0005,0.0525,0.00255277,131.59,0.003,0.0,BTC-28JUN19-3250-P,8065.93,121.44,0.0015,4.8,0.004,13.7,141.97,0.98113,-1.43845,-0.15965,1e-05,-0.01346
206.12,index_price,1557831540743,open,0.07,406.0,0.002,0.101,0.051854,119.85,0.067,0,ETH-24MAY19-220-C,206.12,113.77,0.048,150.0,0.052,50.0,120.05,0.13167,-0.79894,0.01988,0.00956,0.40827
206.12,index_price,1557831540745,open,0.04,450.0,0.001,0.071,0.021874,131.99,0.019,0,ETH-17MAY19-220-C,206.12,122.65,0.019,28.0,0.024,40.0,138.69,0.06449,-1.47997,0.00467,0.0146,0.30936
209.37,ETH-28JUN19,1557831540751,open,0.09,2280.0,0.058,0.169,0.11364,99.11,0.094,0.0,ETH-28JUN19-200-P,206.12,92.64,0.105,111.0,0.116,160.0,100.88,0.27952,-0.30867,-0.12707,0.00523,-0.37999
209.37,ETH-28JUN19,1557831540760,open,0.01,9678.0,0.001,0.061,0.010579,99.11,0.006,0.0,ETH-28JUN19-130-P,206.12,70.56,0.002,200.0,0.008,115.0,92.63,0.08877,-0.09803,-0.01847,0.00166,-0.06116
206.12,index_price,1557831540768,open,0.02,184.0,0.001,0.068,0.018075,132.92,0.016,0,ETH-24MAY19-260-C,206.12,130.3,0.017,200.0,0.019,60.0,135.11,0.08591,-0.57817,0.00849,0.00562,0.17035
209.36,ETH-28JUN19,1557831540802,open,0.01,9841.0,0.001,0.068,0.017195,99.1,0.011,0.0,ETH-28JUN19-140-P,206.12,78.14,0.007,200.0,0.014,111.0,93.34,0.12065,-0.13322,-0.02797,0.00226,-0.09146
206.12,index_price,1557831540804,open,0.01,217.0,0.001,0.052,0.00287,133.91,0.003,0,ETH-17MAY19-250-C,206.12,124.7,0.002,270.0,0.005,91.0,151.4,0.02147,-0.49995,0.00091,0.00479,0.05887
206.12,index_price,1557831540808,open,0.01,464.0,0.001,0.056,0.006077,133.92,0.005,0,ETH-17MAY19-240-C,206.12,133.43,0.006,10.0,0.008,32.0,144.65,0.03464,-0.80663,0.00171,0.00773,0.11108
206.12,index_price,1557831540831,open,0.09,141.0,0.017,0.116,0.066896,114.85,0.086,0,ETH-24MAY19-210-C,206.12,111.92,0.065,150.0,0.071,53.0,121.07,0.13526,-0.78648,0.02406,0.01025,0.4983
206.12,index_price,1557831540835,open,0.04,325.0,0.001,0.079,0.029992,125.92,0.028,0,ETH-24MAY19-240-C,206.12,120.26,0.027,200.0,0.03,53.0,125.91,0.11083,-0.70657,0.01305,0.00766,0.26396
209.36,ETH-28JUN19,1557831540838,open,0.03,768.0,0.001,0.077,0.027137,122.24,0.031,0.0,ETH-28JUN19-360-C,206.12,116.91,0.023,297.0,0.032,200.0,128.06,0.16869,-0.22976,0.03079,0.00256,0.14678
209.36,ETH-28JUN19,1557831540853,open,0.18,2672.0,0.109,0.208,0.158372,99.13,0.166,0.0,ETH-28JUN19-200-C,206.12,92.84,0.15,108.0,0.164,120.0,103.33,0.27952,-0.30872,0.11881,0.00523,0.61996
209.36,ETH-28JUN19,1557831540873,open,0.08,2010.0,0.024,0.123,0.073188,107.56,0.071,0.0,ETH-28JUN19-260-C,206.12,105.86,0.071,2.0,0.077,108.0,110.48,0.27186,-0.32581,0.0712,0.00469,0.34983
209.36,ETH-28JUN19,1557831540886,open,0.11,1734.0,0.083,0.196,0.139691,99.09,0.135,0.0,ETH-28JUN19-210-P,206.12,94.27,0.133,110.0,0.144,120.0,102.24,0.28891,-0.31897,-0.14779,0.00541,-0.43449
206.12,index_price,1557831540896,open,0.0,1091.0,0.001,0.057,0.006915,114.8,0.003,0,ETH-24MAY19-160-P,206.12,87.52,0.002,4.0,0.004,49.0,100.75,0.04826,-0.28047,-0.0046,0.00366,-0.07554
206.12,index_price,1557831540914,open,0.05,48.0,0.001,0.089,0.039684,123.37,0.033,0,ETH-24MAY19-230-C,206.12,117.12,0.036,200.0,0.04,56.0,123.88,0.12285,-0.76736,0.01621,0.00866,0.33044
209.36,ETH-28JUN19,1557831540919,open,0.07,2321.0,0.007,0.106,0.05608,108.81,0.058,0.0,ETH-28JUN19-280-C,206.12,104.48,0.051,60.0,0.062,102.0,113.73,0.24878,-0.30161,0.05864,0.00424,0.28392
209.36,ETH-28JUN19,1557831540922,open,0.14,1376.0,0.112,0.228,0.169997,100.31,0.147,0.0,ETH-28JUN19-220-P,206.12,96.05,0.164,109.0,0.175,120.0,103.92,0.29268,-0.32713,-0.16886,0.00541,-0.48607
8065.93,index_price,1557831540931,open,0.01,108.3,0.0005,0.07,0.01937881,107.26,0.02,0,BTC-31MAY19-6500-P,8065.93,102.34,0.017,25.0,0.022,2.2,112.46,3.98178,-12.6533,-0.61888,0.00012,-0.14657
8135.96,BTC-27SEP19,1557831540933,open,0.08,13.1,0.0315,0.131,0.08148993,100.9,0.0625,0.0,BTC-27SEP19-14000-C,8065.93,97.47,0.0745,5.0,0.0895,4.0,104.73,16.7976,-6.23704,6.10455,7e-05,0.28305
8110.08,BTC-28JUN19,1557831540953,open,0.0,520.8,0.0005,0.05,0.00010135,134.94,0.001,0.0,BTC-28JUN19-2000-P,8065.93,158.32,0.0005,119.6,0.0015,7.2,181.78,0.06882,-0.10347,-0.00797,0.0,-0.0007
8110.08,BTC-28JUN19,1557831540965,open,0.0,520.8,0.0005,0.05,0.00010135,134.94,0.001,0.0,BTC-28JUN19-2000-P,8065.93,158.32,0.0005,119.6,0.0015,7.3,181.78,0.06882,-0.10347,-0.00797,0.0,-0.0007
8065.93,index_price,1557831540976,open,0.0,240.4,0.0005,0.0505,0.00052334,134.95,0.0015,0,BTC-31MAY19-4000-P,8065.93,134.21,0.0005,4.9,0.0015,3.2,155.25,0.25973,-1.03848,-0.02135,1e-05,-0.0052
209.36,ETH-28JUN19,1557831541053,open,0.18,2672.0,0.109,0.208,0.158371,99.13,0.166,0.0,ETH-28JUN19-200-C,206.12,92.84,0.15,110.0,0.164,120.0,103.33,0.27952,-0.30872,0.11881,0.00523,0.61996
8065.93,index_price,1557831541083,open,0.02,2.0,0.0005,0.0675,0.01792205,126.18,0.021,0,BTC-24MAY19-10000-C,8065.93,117.82,0.0145,22.1,0.0215,20.0,134.33,3.42892,-21.90507,0.34437,0.00015,0.17572
212.31,ETH-27SEP19,1557831541081,open,0.06,583.0,0.017,0.116,0.06602,110.16,0.061,0.0,ETH-27SEP19-440-C,206.12,107.95,0.062,120.0,0.073,40.0,113.89,0.39062,-0.15834,0.12737,0.00211,0.22717
8065.93,index_price,1557831541273,open,0.01,6.2,0.0005,0.0545,0.00485985,133.16,0.006,0,BTC-17MAY19-9500-C,8065.93,127.04,0.004,1.1,0.005,0.5,134.1,1.1866,-27.47234,0.0557,0.00017,0.09251
8065.93,index_price,1557831541318,open,0.02,5.0,0.0005,0.065,0.01529792,128.67,0.0155,0,BTC-24MAY19-10250-C,8065.93,119.75,0.012,20.0,0.019,20.0,137.82,3.12558,-20.36096,0.29909,0.00014,0.15235
8065.93,index_price,1557831541369,open,0.0,127.5,0.0005,0.056,0.00618063,112.21,0.0065,0,BTC-24MAY19-6250-P,8065.93,104.04,0.0045,2.1,0.008,25.0,119.94,1.78562,-10.14456,-0.16672,9e-05,-0.07022
8135.34,BTC-27SEP19,1557831541369,open,0.59,1.1,0.56,0.724,0.64210316,94.54,0.79,0.0,BTC-27DEC19-12000-P,8065.93,0.0,0.008,0.1,1.416,0.3,499.85,25.30608,-5.27255,-60.74415,7e-05,-0.55915
8065.93,index_price,1557831541371,open,0.0,297.8,0.0005,0.052,0.00218541,128.07,0.003,0,BTC-31MAY19-4750-P,8065.93,113.64,0.001,10.0,0.0035,3.0,139.1,0.82825,-3.1429,-0.08153,2e-05,-0.01968
8065.93,index_price,1557831541371,open,0.0,86.4,0.0005,0.053,0.00324254,122.4,0.003,0,BTC-24MAY19-5750-P,8065.93,116.46,0.0025,1.0,0.0045,27.4,130.93,1.08228,-6.70673,-0.08869,5e-05,-0.0374
8109.57,BTC-28JUN19,1557831541398,open,0.0,1396.0,0.0005,0.05,8.89e-06,134.94,0.001,0.0,BTC-28JUN19-1500-P,8065.93,0.0,0.0,0.0,0.001,9.1,206.84,0.0082,-0.01233,-0.0008,0.0,-7e-05
8135.34,BTC-27SEP19,1557831541398,open,0.47,13.5,0.407,0.5065,0.45682252,94.62,0.382,0.0,BTC-27SEP19-4750-C,8065.93,0.0,0.003,1.0,0.506,3.0,132.85,9.40007,-3.27288,13.08545,4e-05,0.8889
8065.93,index_price,1557831541398,open,0.23,309.0,0.164,0.2635,0.21352009,107.26,0.22,0,BTC-31MAY19-6500-C,8065.93,74.36,0.2,0.2,0.0,0.0,0.0,3.98183,-12.65364,2.38637,0.00012,0.85342
8065.93,index_price,1557831541398,open,0.05,69.8,0.005,0.1105,0.05784975,107.26,0.0615,0,BTC-31MAY19-7500-P,8065.93,102.32,0.054,2.5,0.062,2.3,112.55,6.30609,-20.03975,-1.45881,0.0002,-0.33333
8065.93,index_price,1557831541417,open,0.49,9.8,0.4245,0.524,0.47408954,134.95,0.212,0,BTC-31MAY19-4250-C,8065.93,0.0,0.0005,0.3,0.0,0.0,0.0,0.43405,-1.73542,1.92656,1e-05,0.99069
8065.93,index_price,1557831541417,open,0.52,9.0,0.455,0.5545,0.50461029,134.95,0.249,0,BTC-31MAY19-4000-C,8065.93,0.0,0.0105,0.2,0.0,0.0,0.0,0.25973,-1.03848,1.82804,1e-05,0.9948
8065.93,index_price,1557831541468,open,0.17,27.3,0.1035,0.203,0.15312408,110.35,0.1525,0,BTC-24MAY19-7000-C,8065.93,102.08,0.1495,5.0,0.16,5.0,125.14,3.62024,-20.22679,1.42981,0.00019,0.80829
8065.93,index_price,1557831541468,open,0.0,522.0,0.0005,0.0525,0.00260021,120.69,0.0035,0,BTC-31MAY19-5000-P,8065.93,103.73,0.001,12.8,0.004,2.5,130.69,0.98891,-3.53611,-0.10022,3e-05,-0.02427
8065.93,index_price,1557831541493,open,0.13,94.8,0.0605,0.16,0.11037296,110.35,0.114,0,BTC-24MAY19-7500-C,8065.93,101.92,0.1055,15.0,0.118,15.0,123.36,4.69074,-26.20783,1.26163,0.00024,0.68847
8065.93,index_price,1557831541493,open,0.58,0.0,0.5165,0.616,0.566187,134.95,None,0,BTC-31MAY19-3500-C,8065.93,0.0,0.0015,0.2,0.0,0.0,0.0,0.07186,-0.2873,1.61313,0.0,0.99875
8135.34,BTC-27SEP19,1557831541538,open,0.02,140.8,0.0005,0.0745,0.02356461,98.17,0.0245,0.0,BTC-27SEP19-4000-P,8065.93,95.57,0.0215,4.4,0.029,11.0,104.62,6.57683,-2.37584,-2.79742,3e-05,-0.06881
8135.34,BTC-27SEP19,1557831541553,open,0.01,358.8,0.0005,0.0655,0.01476609,100.01,0.012,0.0,BTC-27SEP19-3500-P,8065.93,96.91,0.013,4.6,0.02,4.7,108.33,4.76914,-1.75513,-1.83319,2e-05,-0.04577
8135.34,BTC-27SEP19,1557831541573,open,0.47,58.4,0.4135,0.513,0.46310433,89.53,0.323,0.0,BTC-27DEC19-5000-C,8065.93,79.96,0.446,0.5,0.5,0.5,109.17,14.85985,-2.93209,19.63619,4e-05,0.85142
8109.57,BTC-28JUN19,1557831541575,open,0.56,30.0,0.492,0.5915,0.54153276,121.45,0.298,0.0,BTC-28JUN19-3750-C,8065.93,0.0,0.001,1.0,0.808,3.0,500.0,1.46243,-1.97888,4.357,1e-05,0.97852
8065.93,index_price,1557831541575,open,0.31,8.0,0.2405,0.34,0.29036752,122.4,0.26,0,BTC-24MAY19-5750-C,8065.93,0.0,0.0005,2.0,0.0,0.0,0.0,1.08228,-6.70673,1.46707,5e-05,0.9626
8065.93,index_price,1557831541577,open,0.15,8.0,0.1175,0.2345,0.17593899,117.64,0.171,0,BTC-24MAY19-9250-P,8065.93,100.53,0.167,5.0,0.1805,5.0,125.89,4.39151,-26.15673,-1.97585,0.00021,-0.72943
8065.93,index_price,1557831541603,open,0.19,165.8,0.1165,0.216,0.16604635,131.05,0.1995,0,BTC-17MAY19-6750-C,8065.93,119.35,0.165,0.2,0.172,0.2,174.92,0.80771,-18.40366,0.49438,0.00012,0.94401
8135.34,BTC-27SEP19,1557831541609,open,0.64,0.0,0.607,0.776,0.69157288,99.18,None,0.0,BTC-27SEP19-13000-P,8065.93,0.0,0.006,50.0,1.4385,0.3,500.0,17.71419,-6.46492,-41.58497,7e-05,-0.68156
8109.57,BTC-28JUN19,1557831541626,open,0.01,235.0,0.0005,0.0565,0.00663823,114.97,0.008,0.0,BTC-28JUN19-4250-P,8065.93,108.55,0.005,3.3,0.009,13.5,122.89,2.22745,-2.85331,-0.42102,2e-05,-0.03559
8135.34,BTC-27SEP19,1557831541628,open,0.29,85.5,0.23,0.3295,0.27966728,88.75,0.28,0.0,BTC-27DEC19-8000-C,8065.93,85.12,0.269,10.0,0.2905,10.0,92.45,23.86095,-4.66698,18.51103,7e-05,0.64573
8065.93,index_price,1557831541633,open,0.2,0.0,0.1675,0.29,0.22879325,121.29,None,0,BTC-24MAY19-9750-P,8065.93,0.0,0.0,0.0,0.0,0.0,0.0,3.68612,-22.63609,-2.25071,0.00017,-0.80252
8065.93,index_price,1557831541633,open,0.13,27.0,0.094,0.2085,0.15130762,116.25,0.158,0,BTC-24MAY19-9000-P,8065.93,99.94,0.142,15.0,0.156,15.0,124.19,4.7229,-27.79804,-1.82179,0.00023,-0.68347
8109.57,BTC-28JUN19,1557831541644,open,0.11,471.2,0.049,0.1485,0.09858382,100.22,0.091,0.0,BTC-28JUN19-9000-C,8065.93,96.56,0.0935,1.0,0.105,4.0,104.84,11.26164,-12.57581,3.52324,0.00014,0.45195
8065.93,index_price,1557831541659,open,0.28,0.0,0.2495,0.381,0.3152452,132.11,None,0,BTC-24MAY19-10500-P,8065.93,0.0,0.0,0.0,0.0,0.0,0.0,2.87474,-19.22865,-2.57662,0.00012,-0.8654
8065.93,index_price,1557831541663,open,0.15,0.0,0.124,0.2415,0.18265336,133.16,None,0,BTC-17MAY19-9500-P,8065.93,0.0,0.0,0.0,0.2495,0.7,374.48,1.1866,-27.47234,-0.69277,0.00017,-0.90749
8110.08,BTC-28JUN19,1557831541666,open,0.01,274.0,0.0005,0.061,0.01055316,108.89,0.0115,0.0,BTC-28JUN19-4750-P,8065.93,103.41,0.0085,3.1,0.0135,13.4,115.95,3.19468,-3.87594,-0.6605,4e-05,-0.05569
8110.08,BTC-28JUN19,1557831541668,open,0.01,274.0,0.0005,0.061,0.01055316,108.89,0.0115,0.0,BTC-28JUN19-4750-P,8065.93,103.41,0.0085,3.1,0.0135,13.5,115.95,3.19468,-3.87594,-0.6605,4e-05,-0.05569
8110.08,BTC-28JUN19,1557831541669,open,0.02,297.7,0.0005,0.072,0.02110796,102.85,0.025,0.0,BTC-28JUN19-5500-P,8065.93,99.47,0.019,3.6,0.025,30.0,108.8,5.14738,-5.89868,-1.25084,6e-05,-0.10434
8135.34,BTC-27SEP19,1557831541690,open,0.16,893.6,0.1135,0.213,0.16343471,98.47,0.152,0.0,BTC-27SEP19-10000-C,8065.93,93.76,0.152,8.9,0.1595,15.0,96.85,19.78367,-7.16858,9.67226,8e-05,0.48281
8065.93,index_price,1557831541690,open,0.0,100.7,0.0005,0.05,0.00025296,134.95,0.0005,0,BTC-31MAY19-3750-P,8065.93,0.0,0.0,0.0,0.001,3.2,158.93,0.14331,-0.57301,-0.01094,0.0,-0.00268
8065.93,index_price,1557831541693,open,0.01,46.6,0.0005,0.065,0.01433628,110.45,0.013,0,BTC-24MAY19-6750-P,8065.93,105.37,0.0125,1.7,0.0165,25.0,116.17,2.98226,-16.67696,-0.34128,0.00015,-0.14205
8135.34,BTC-27SEP19,1557831541698,open,0.07,54.6,0.024,0.1315,0.07766029,89.51,0.074,0.0,BTC-27DEC19-5000-P,8065.93,86.11,0.0715,5.0,0.085,9.9,93.5,14.85836,-2.93096,-11.4392,4e-05,-0.14856
8109.57,BTC-28JUN19,1557831541725,open,0.04,103.4,0.0005,0.1005,0.04834633,98.45,0.0475,0.0,BTC-28JUN19-6500-P,8065.93,94.59,0.0445,3.8,0.0535,16.0,103.53,8.14806,-8.93743,-2.55548,0.0001,-0.20796
8065.93,index_price,1557831541725,open,0.16,161.1,0.097,0.1965,0.14684405,107.26,0.141,0,BTC-31MAY19-7250-C,8065.93,102.63,0.1435,5.0,0.157,5.0,121.09,5.85557,-18.60818,2.13103,0.00018,0.71828
8065.93,index_price,1557831541725,open,0.31,304.7,0.244,0.3435,0.29391272,109.94,0.2865,0,BTC-31MAY19-5750-C,8065.93,0.0,0.103,2.1,0.3045,3.0,142.29,2.08157,-6.78017,2.40728,6e-05,0.93942
8135.34,BTC-27SEP19,1557831541735,open,1.19,1.0,1.1465,1.372,1.25920174,104.41,1.5815,0.0,BTC-27SEP19-18000-P,8065.93,0.0,0.007,1.0,2.028,0.3,500.0,12.87233,-4.94567,-63.06898,5e-05,-0.82333
8109.9,BTC-28JUN19,1557831541752,open,0.08,1405.2,0.02,0.1195,0.06967145,103.37,0.07,0.0,BTC-28JUN19-10000-C,8065.93,100.47,0.066,1.0,0.0755,0.9,107.8,10.48561,-12.07617,2.7522,0.00013,0.34576
8109.9,BTC-28JUN19,1557831541754,open,0.08,1405.2,0.02,0.1195,0.06967145,103.37,0.07,0.0,BTC-28JUN19-10000-C,8065.93,100.47,0.066,1.0,0.075,0.8,107.42,10.48561,-12.07617,2.7522,0.00013,0.34576
8065.93,index_price,1557831541763,open,0.34,533.8,0.2735,0.373,0.32307295,113.22,0.31,0,BTC-31MAY19-5500-C,8065.93,0.0,0.1015,2.1,0.3355,3.0,156.12,1.64637,-5.52286,2.35632,5e-05,0.95492
8065.93,index_price,1557831541762,open,0.4,3.0,0.3305,0.43,0.38010938,134.95,0.2015,0,BTC-17MAY19-5000-C,8065.93,0.0,0.001,1.0,0.0,0.0,0.0,0.00078,-0.01821,0.39391,0.0,0.99997
8135.14,BTC-27SEP19,1557831541762,open,0.01,177.5,0.0005,0.0625,0.0123379,100.25,0.011,0.0,BTC-27DEC19-2500-P,8065.93,89.98,0.0075,5.0,0.0195,5.0,112.35,4.30502,-0.95114,-2.11617,1e-05,-0.02951
8135.14,BTC-27SEP19,1557831541762,open,0.09,36.4,0.038,0.1375,0.08753268,98.38,0.086,0.0,BTC-27DEC19-18000-C,8065.93,91.32,0.07,4.0,0.0985,4.0,102.57,20.90118,-4.53181,8.84077,5e-05,0.26237
8135.78,BTC-27SEP19,1557831541765,open,0.01,28.3,0.0005,0.0635,0.01298421,104.32,0.0105,0.0,BTC-27SEP19-3250-P,8065.93,100.36,0.011,4.6,0.017,4.3,111.62,4.20891,-1.61575,-1.58047,2e-05,-0.03921
8135.78,BTC-27SEP19,1557831541774,open,0.01,28.3,0.0005,0.0635,0.01298421,104.32,0.0105,0.0,BTC-27SEP19-3250-P,8065.93,100.36,0.011,4.6,0.017,4.4,111.62,4.20891,-1.61575,-1.58047,2e-05,-0.03921
8065.93,index_price,1557831541775,open,0.01,61.9,0.0005,0.064,0.01374336,107.34,0.0095,0,BTC-31MAY19-6250-P,8065.93,102.96,0.012,25.0,0.017,2.6,115.02,3.28545,-10.44922,-0.46573,0.0001,-0.11114
8135.14,BTC-27SEP19,1557831541781,open,0.82,42.8,0.7675,0.867,0.81742978,129.18,0.815,0.0,BTC-27SEP19-1500-C,8065.93,0.0,0.0015,1.0,0.0,0.0,0.0,0.78828,-0.37473,5.36071,0.0,0.99444
8065.93,index_price,1557831541781,open,0.0,399.6,0.0005,0.05,7.051e-05,134.95,0.0005,0,BTC-17MAY19-5750-P,8065.93,0.0,0.0,0.0,0.001,3.2,185.13,0.04445,-0.5687,-0.00129,1e-05,-0.00195
8065.93,index_price,1557831541777,open,0.01,61.9,0.0005,0.064,0.01374336,107.34,0.0095,0,BTC-31MAY19-6250-P,8065.93,102.96,0.012,25.0,0.0165,2.3,113.88,3.28545,-10.44922,-0.46573,0.0001,-0.11114
8065.93,index_price,1557831541790,open,0.37,12.3,0.2995,0.399,0.34911812,134.95,0.271,0,BTC-17MAY19-5250-C,8065.93,0.0,0.001,0.5,0.0,0.0,0.0,0.00372,-0.08734,0.41354,0.0,0.99987
8065.93,index_price,1557831541811,open,0.0,292.9,0.0005,0.053,0.00289959,131.04,0.0045,0,BTC-17MAY19-6750-P,8065.93,114.6,0.0015,1.5,0.004,1.4,141.14,0.80771,-18.40346,-0.03742,0.00012,-0.05599
8065.93,index_price,1557831541813,open,0.0,924.2,0.0005,0.054,0.00382482,118.21,0.004,0,BTC-31MAY19-5250-P,8065.93,109.19,0.0025,5.0,0.005,2.4,124.82,1.32901,-4.65475,-0.14347,4e-05,-0.03465
8065.93,index_price,1557831541867,open,0.26,319.4,0.189,0.2885,0.23887921,107.35,0.2555,0,BTC-31MAY19-6250-C,8065.93,0.0,0.0115,5.1,0.0,0.0,0.0,3.2855,-10.44956,2.42393,0.0001,0.88886
212.32,ETH-27SEP19,1557831541877,open,0.48,3.0,0.46,0.613,0.536645,99.02,0.844,0.0,ETH-27SEP19-300-P,206.12,0.0,0.001,2.0,0.0,0.0,0.0,0.49829,-0.18157,-0.90349,0.003,-0.60646
212.32,ETH-27SEP19,1557831541877,open,0.08,5120.0,0.044,0.153,0.098715,94.7,0.087,0.0,ETH-27SEP19-160-P,206.12,88.14,0.087,200.0,0.095,120.0,92.63,0.38168,-0.13301,-0.25042,0.0024,-0.21812
212.32,ETH-27SEP19,1557831541877,open,0.06,1367.0,0.009,0.108,0.058045,113.11,0.061,0.0,ETH-27SEP19-480-C,206.12,111.32,0.055,120.0,0.063,40.0,115.96,0.36412,-0.15156,0.11325,0.00192,0.20133
212.32,ETH-27SEP19,1557831541877,open,0.0,174.0,0.001,0.052,0.002529,102.25,0.001,0.0,ETH-27SEP19-60-P,206.12,89.63,0.001,120.0,0.004,154.0,110.26,0.03363,-0.01265,-0.00967,0.0002,-0.0097
209.36,ETH-28JUN19,1557831541877,open,0.42,0.0,0.406,0.553,0.479875,113.5,None,0.0,ETH-28JUN19-300-P,206.12,0.0,0.001,2.0,0.0,0.0,0.0,0.22844,-0.2889,-0.31903,0.00373,-0.75955
212.32,ETH-27SEP19,1557831541877,open,0.17,917.0,0.109,0.208,0.158999,96.15,0.167,0.0,ETH-27SEP19-260-C,206.12,93.27,0.152,120.0,0.17,30.0,100.67,0.5161,-0.1826,0.25312,0.0032,0.47925
206.12,index_price,1557831541877,open,0.23,0.0,0.216,0.343,0.279476,132.91,0.299,0,ETH-24MAY19-260-P,206.12,81.86,0.264,50.0,0.277,50.0,126.8,0.0859,-0.578,-0.06186,0.00562,-0.82969
212.32,ETH-27SEP19,1557831541880,open,0.88,0.0,0.863,1.058,0.960396,107.02,None,0.0,ETH-27SEP19-400-P,206.12,0.0,0.001,2.0,0.0,0.0,0.0,0.42016,-0.16547,-1.344,0.00234,-0.74004
212.32,ETH-27SEP19,1557831541880,open,0.03,7287.0,0.001,0.087,0.03609,94.7,0.031,0.0,ETH-27SEP19-120-P,206.12,81.65,0.023,50.0,0.034,50.0,92.74,0.22883,-0.07974,-0.10827,0.00144,-0.10089
209.36,ETH-28JUN19,1557831541890,open,0.55,0.0,0.475,0.574,0.524701,106.94,None,0.0,ETH-28JUN19-100-C,206.12,0.0,0.003,7.0,0.0,0.0,0.0,0.02853,-0.034,0.11836,0.0005,0.98454
209.36,ETH-28JUN19,1557831541890,open,0.23,3473.0,0.161,0.26,0.210207,99.13,0.23,0.0,ETH-28JUN19-180-C,206.12,87.65,0.197,40.0,0.212,40.0,100.67,0.24337,-0.2688,0.13343,0.00456,0.72857
8109.57,BTC-28JUN19,1557831541890,open,0.03,141.0,0.0005,0.083,0.03159275,99.11,0.034,0.0,BTC-28JUN19-6000-P,8065.93,96.51,0.0295,3.6,0.037,20.0,105.61,6.60049,-7.28879,-1.80063,8e-05,-0.149
209.36,ETH-28JUN19,1557831541889,open,0.09,2280.0,0.058,0.169,0.11364,99.09,0.094,0.0,ETH-28JUN19-200-P,206.12,92.62,0.105,112.0,0.116,160.0,100.86,0.27952,-0.30862,-0.12708,0.00523,-0.38004
206.12,index_price,1557831541901,open,0.27,0.0,0.258,0.389,0.323264,133.87,None,0,ETH-24MAY19-270-P,206.12,0.0,0.0,0.0,0.0,0.0,0.0,0.07257,-0.4919,-0.06642,0.00472,-0.86776
209.36,ETH-28JUN19,1557831541910,open,0.42,386.0,0.34,0.439,0.389643,99.11,0.321,0.0,ETH-28JUN19-130-C,206.12,0.0,0.18,1.0,0.0,0.0,0.0,0.08879,-0.09805,0.14136,0.00166,0.93882
209.36,ETH-28JUN19,1557831541918,open,0.64,0.0,0.569,0.668,0.618935,121.24,None,0.0,ETH-28JUN19-80-C,206.12,0.0,0.003,2.0,0.0,0.0,0.0,0.01367,-0.01847,0.09638,0.00021,0.99335
212.32,ETH-27SEP19,1557831541918,open,0.55,2.0,0.537,0.698,0.617528,100.49,0.953,0.0,ETH-27SEP19-320-P,206.12,0.0,0.001,2.0,0.0,0.0,0.0,0.48393,-0.17895,-0.99514,0.00287,-0.64152
209.36,ETH-28JUN19,1557831541918,open,0.46,25.0,0.383,0.482,0.43285,99.11,0.315,0.0,ETH-28JUN19-120-C,206.12,0.0,0.426,50.0,0.0,0.0,0.0,0.06058,-0.06689,0.13622,0.00113,0.96207
209.36,ETH-28JUN19,1557831541923,open,0.01,9841.0,0.001,0.068,0.017194,99.11,0.011,0.0,ETH-28JUN19-140-P,206.12,78.14,0.007,200.0,0.014,112.0,93.34,0.12066,-0.13324,-0.02797,0.00226,-0.09148
212.32,ETH-27SEP19,1557831541929,open,0.11,482.0,0.061,0.16,0.110298,100.46,0.11,0.0,ETH-27SEP19-320-C,206.12,96.79,0.102,40.0,0.12,40.0,104.68,0.48388,-0.17888,0.19607,0.00287,0.35837
206.12,index_price,1557831541931,open,0.4,0.0,0.32,0.419,0.369301,133.89,None,0,ETH-17MAY19-130-C,206.12,0.0,0.006,7.0,0.0,0.0,0.0,3e-05,-0.00073,0.01024,1e-05,0.99996
206.12,index_price,1557831541931,open,0.03,812.0,0.002,0.107,0.054293,123.85,0.03,0,ETH-17MAY19-210-P,206.12,94.47,0.044,150.0,0.058,150.0,134.38,0.07251,-1.56141,-0.00974,0.01749,-0.54565
209.36,ETH-28JUN19,1557831541929,open,0.03,768.0,0.001,0.077,0.027137,122.23,0.031,0.0,ETH-28JUN19-360-C,206.12,116.91,0.023,298.0,0.032,200.0,128.06,0.16868,-0.22972,0.03079,0.00256,0.14676
8065.93,index_price,1557831541935,open,0.34,30.0,0.2685,0.368,0.31813807,134.95,0.2555,0,BTC-17MAY19-5500-C,8065.93,0.0,0.03,3.1,0.413,0.5,500.0,0.01422,-0.33362,0.43295,0.0,0.99944
8135.14,BTC-27SEP19,1557831541937,open,0.11,24.5,0.054,0.1535,0.1039031,96.24,0.1025,0.0,BTC-27DEC19-16000-C,8065.93,89.4,0.0855,4.0,0.116,4.0,100.57,22.44346,-4.76034,10.13388,6e-05,0.30431
209.36,ETH-28JUN19,1557831541935,open,0.18,2672.0,0.109,0.208,0.158371,99.11,0.166,0.0,ETH-28JUN19-200-C,206.12,92.84,0.15,111.0,0.164,120.0,103.33,0.27952,-0.30867,0.11881,0.00523,0.61996
8065.93,index_price,1557831541945,open,0.0,18.2,0.0005,0.0505,0.00048166,134.95,0.0025,0,BTC-24MAY19-4750-P,8065.93,135.57,0.0005,2.9,0.002,2.1,165.0,0.23463,-1.60304,-0.01474,1e-05,-0.00627
8065.93,index_price,1557831541945,open,0.0,155.0,0.0005,0.05,1.852e-05,134.95,0.0005,0,BTC-17MAY19-5500-P,8065.93,0.0,0.0,0.0,0.001,13.2,206.32,0.01422,-0.14937,-0.00037,0.0,-0.00056
8065.93,index_price,1557831541945,open,0.01,300.8,0.0005,0.0595,0.00939434,107.41,0.0075,0,BTC-31MAY19-6000-P,8065.93,106.18,0.009,1.0,0.011,3.2,112.2,2.60897,-8.30252,-0.33807,8e-05,-0.08126
8135.14,BTC-27SEP19,1557831541953,open,0.06,0.1,0.013,0.1125,0.06294898,103.87,0.05,0.0,BTC-27SEP19-16000-C,8065.93,100.01,0.056,5.0,0.069,4.0,107.11,14.94168,-5.71088,4.95251,6e-05,0.22648
212.32,ETH-27SEP19,1557831541967,open,0.71,1.0,0.696,0.874,0.785056,103.27,1.102,0.0,ETH-27SEP19-360-P,206.12,0.0,0.001,2.0,0.0,0.0,0.0,0.45076,-0.1713,-1.17336,0.0026,-0.69949
209.36,ETH-28JUN19,1557831541963,open,0.08,2010.0,0.024,0.123,0.073188,107.55,0.071,0.0,ETH-28JUN19-260-C,206.12,105.86,0.071,2.0,0.077,109.0,110.48,0.27185,-0.32578,0.0712,0.00469,0.3498
206.12,index_price,1557831541971,open,0.02,186.0,0.001,0.063,0.013348,133.89,0.013,0,ETH-24MAY19-270-C,206.12,132.88,0.013,200.0,0.015,55.0,138.45,0.07259,-0.49204,0.00663,0.00472,0.13227
8065.93,index_price,1557831541976,open,0.0,18.7,0.0005,0.051,0.00127691,127.79,0.001,0,BTC-24MAY19-5250-P,8065.93,112.14,0.0005,2.4,0.002,2.5,137.34,0.52697,-3.40946,-0.03739,2e-05,-0.01586
212.32,ETH-27SEP19,1557831541984,open,0.79,1.0,0.78,0.966,0.872687,105.41,1.285,0.0,ETH-27SEP19-380-P,206.12,0.0,0.001,2.0,0.0,0.0,0.0,0.4359,-0.16907,-1.25902,0.00246,-0.72023
8109.57,BTC-28JUN19,1557831541984,open,0.47,10.0,0.4395,0.5905,0.51492906,107.7,1.243,0.0,BTC-28JUN19-12000-P,8065.93,0.0,0.0005,0.4,1.022,1.0,499.85,7.91195,-9.49379,-13.13073,9e-05,-0.80203
8109.57,BTC-28JUN19,1557831541984,open,0.01,222.1,0.0005,0.0585,0.00851905,112.18,0.014,0.0,BTC-28JUN19-4500-P,8065.93,105.7,0.0065,3.2,0.011,3.6,119.16,2.70156,-3.37661,-0.53491,3e-05,-0.04513
8065.93,index_price,1557831541984,open,0.37,0.0,0.3005,0.4,0.35039102,127.79,None,0,BTC-24MAY19-5250-C,8065.93,0.0,0.001,0.5,0.0,0.0,0.0,0.52697,-3.40946,1.38309,2e-05,0.98414
8135.14,BTC-27SEP19,1557831541984,open,0.9,0.0,0.8605,1.056,0.95818186,95.18,None,0.0,BTC-27DEC19-15000-P,8065.93,0.0,0.0075,0.1,1.778,0.2,499.54,23.22419,-4.87137,-82.33659,6e-05,-0.67011
209.36,ETH-28JUN19,1557831541997,open,0.0,4503.0,0.001,0.053,0.003123,99.15,0.002,0.0,ETH-28JUN19-110-P,206.12,0.0,0.0,0.0,0.003,94.0,98.46,0.03769,-0.04163,-0.00632,0.00071,-0.02143
206.12,index_price,1557831542000,open,0.02,697.0,0.001,0.081,0.029948,123.79,0.028,0,ETH-17MAY19-200-P,206.12,106.01,0.024,30.0,0.029,30.0,121.02,0.06914,-1.48812,-0.00651,0.01669,-0.37098
206.12,index_price,1557831542004,open,0.02,697.0,0.001,0.081,0.029948,123.79,0.028,0,ETH-17MAY19-200-P,206.12,106.01,0.024,30.0,0.029,38.0,121.02,0.06914,-1.48812,-0.00651,0.01669,-0.37098
212.32,ETH-27SEP19,1557831542016,open,0.49,147.0,0.421,0.52,0.470879,94.67,0.45,0.0,ETH-27SEP19-120-C,206.12,0.0,0.036,1.0,0.0,0.0,0.0,0.22878,-0.0797,0.33849,0.00144,0.89914
209.36,ETH-28JUN19,1557831542016,open,0.67,0.0,0.66,0.833,0.746663,122.23,None,0.0,ETH-28JUN19-360-P,206.12,0.0,0.001,2.0,0.0,0.0,0.0,0.16868,-0.22972,-0.41182,0.00256,-0.85324
206.12,index_price,1557831542016,open,0.13,50.0,0.112,0.228,0.170447,133.89,0.14,0,ETH-17MAY19-240-P,206.12,0.0,0.159,50.0,0.171,50.0,137.12,0.03463,-0.80616,-0.0172,0.00773,-0.88898
206.12,index_price,1557831542017,open,0.01,1450.0,0.001,0.064,0.014053,123.81,0.013,0,ETH-17MAY19-190-P,206.12,94.09,0.007,200.0,0.011,31.0,111.66,0.05317,-1.1446,-0.00369,0.01283,-0.21302
8135.14,BTC-27SEP19,1557831542020,open,0.52,9.6,0.4545,0.554,0.50435264,90.02,0.509,0.0,BTC-27DEC19-4500-C,8065.93,0.0,0.0465,2.0,0.75,0.1,239.77,12.61719,-2.50319,19.13707,3e-05,0.88281
8135.14,BTC-27SEP19,1557831542020,open,0.44,56.9,0.376,0.4755,0.42587147,89.53,0.436,0.0,BTC-27DEC19-5500-C,8065.93,74.65,0.3955,5.0,0.4495,5.0,100.77,16.95089,-3.34464,19.82474,5e-05,0.81793
209.36,ETH-28JUN19,1557831542028,open,0.5,10.0,0.428,0.527,0.477713,99.15,0.265,0.0,ETH-28JUN19-110-C,206.12,0.0,0.027,1.0,0.0,0.0,0.0,0.03769,-0.04164,0.12892,0.00071,0.97856
209.36,ETH-28JUN19,1557831542028,open,0.37,335.0,0.299,0.398,0.348517,99.16,0.3,0.0,ETH-28JUN19-140-C,206.12,0.0,0.006,4.0,0.5,2.0,276.37,0.12073,-0.13339,0.14413,0.00226,0.90845
206.12,index_price,1557831542027,open,0.0,1736.0,0.001,0.055,0.005383,123.82,0.002,0,ETH-17MAY19-180-P,206.12,84.75,0.001,55.0,0.003,28.0,106.45,0.03185,-0.68565,-0.00169,0.00768,-0.09889
8109.57,BTC-28JUN19,1557831542034,open,0.41,692.2,0.347,0.4465,0.39693219,106.84,0.4,0.0,BTC-28JUN19-5000-C,8065.93,0.0,0.165,1.0,0.5,10.0,246.73,3.80406,-4.52824,5.31824,4e-05,0.93033
8065.93,index_price,1557831542034,open,0.08,5.1,0.0505,0.161,0.10572533,112.67,0.135,0,BTC-24MAY19-8500-P,8065.93,99.84,0.0975,15.0,0.111,15.0,120.83,5.19814,-29.65149,-1.4865,0.00026,-0.57541
8135.14,BTC-27SEP19,1557831542034,open,1.23,0.0,1.185,1.4145,1.29998189,98.31,None,0.0,BTC-27DEC19-18000-P,8065.93,0.0,0.241,1.0,2.141,0.2,499.65,20.88824,-4.52589,-103.05036,5e-05,-0.73795
8135.14,BTC-27SEP19,1557831542034,open,0.66,0.0,0.5995,0.699,0.64901826,94.13,None,0.0,BTC-27DEC19-3000-C,8065.93,0.0,0.0005,2.0,0.9895,0.5,500.0,5.87679,-1.21915,15.566,2e-05,0.95685
209.36,ETH-28JUN19,1557831542039,open,0.11,1734.0,0.083,0.196,0.139691,99.09,0.135,0.0,ETH-28JUN19-210-P,206.12,94.27,0.133,111.0,0.144,120.0,102.24,0.28891,-0.31897,-0.14779,0.00541,-0.43449
206.12,index_price,1557831542049,open,0.09,203.0,0.064,0.175,0.119193,119.82,0.095,0,ETH-24MAY19-220-P,206.12,97.34,0.105,150.0,0.12,150.0,121.08,0.13166,-0.79872,-0.03965,0.00956,-0.59178
206.12,index_price,1557831542058,open,0.01,1058.0,0.001,0.064,0.013711,114.8,0.008,0,ETH-24MAY19-170-P,206.12,85.53,0.005,250.0,0.01,65.0,103.7,0.07267,-0.42235,-0.00815,0.00551,-0.13249
206.12,index_price,1557831542066,open,0.35,0.0,0.273,0.372,0.322368,120.65,None,0,ETH-24MAY19-140-C,206.12,0.0,0.006,6.0,0.0,0.0,0.0,0.0166,-0.10139,0.03666,0.0012,0.97974
206.12,index_price,1557831542066,open,0.0,880.0,0.001,0.05,0.000117,133.89,0.001,0,ETH-17MAY19-150-P,206.12,175.24,0.001,38.0,0.003,100.0,211.92,0.00174,-0.02405,-5e-05,0.00039,-0.00313
209.36,ETH-28JUN19,1557831542072,open,0.59,0.0,0.522,0.621,0.571454,110.95,None,0.0,ETH-28JUN19-90-C,206.12,0.0,0.003,3.0,0.0,0.0,0.0,0.01788,-0.02211,0.10799,0.0003,0.99098
206.12,index_price,1557831542072,open,0.0,1075.0,0.001,0.05,1.5e-05,133.89,0.004,0,ETH-17MAY19-140-P,206.12,0.0,0.0,0.0,0.003,50.0,250.09,0.0003,-0.00304,-1e-05,7e-05,-0.00046
209.36,ETH-28JUN19,1557831542070,open,0.04,5516.0,0.001,0.105,0.052456,99.1,0.039,0.0,ETH-28JUN19-170-P,206.12,85.8,0.039,160.0,0.048,106.0,94.78,0.21721,-0.23984,-0.07006,0.00407,-0.21974
206.12,index_price,1557831542076,open,0.02,237.0,0.001,0.062,0.012035,133.72,0.019,0,ETH-17MAY19-230-C,206.12,125.09,0.01,37.0,0.016,45.0,149.24,0.05024,-1.16811,0.00295,0.01122,0.19373
212.32,ETH-27SEP19,1557831542081,open,0.0,1773.0,0.001,0.056,0.006451,94.7,0.009,0.0,ETH-27SEP19-80-P,206.12,82.46,0.003,120.0,0.008,50.0,98.94,0.07303,-0.02545,-0.02403,0.00046,-0.02395
206.12,index_price,1557831542083,open,0.19,50.0,0.175,0.298,0.236481,130.29,0.276,0,ETH-24MAY19-250-P,206.12,92.42,0.221,50.0,0.234,50.0,125.02,0.09873,-0.65129,-0.05704,0.00659,-0.78623
212.32,ETH-27SEP19,1557831542089,open,0.08,820.0,0.027,0.126,0.076359,106.98,0.052,0.0,ETH-27SEP19-400-C,206.12,104.24,0.071,120.0,0.084,40.0,110.79,0.42002,-0.16535,0.14498,0.00234,0.25979
209.36,ETH-28JUN19,1557831542089,open,0.84,0.0,0.835,1.027,0.931083,128.25,None,0.0,ETH-28JUN19-400-P,206.12,0.0,0.001,2.0,0.0,0.0,0.0,0.14002,-0.20008,-0.46818,0.00203,-0.88779
212.32,ETH-27SEP19,1557831542089,open,0.64,0.0,0.58,0.679,0.629643,94.64,None,0.0,ETH-27SEP19-80-C,206.12,0.0,0.003,10.0,0.0,0.0,0.0,0.07292,-0.0254,0.27383,0.00046,0.97609
209.36,ETH-28JUN19,1557831542091,open,0.34,481.0,0.26,0.359,0.309743,99.11,0.309,0.0,ETH-28JUN19-150-C,206.12,81.58,0.298,40.0,0.31,40.0,99.46,0.15411,-0.17018,0.14458,0.00289,0.87143
206.12,index_price,1557831542120,open,0.02,237.0,0.001,0.062,0.012035,133.68,0.019,0,ETH-17MAY19-230-C,206.12,125.09,0.01,37.0,0.015,38.0,145.44,0.05023,-1.16755,0.00295,0.01123,0.19366
8065.93,index_price,1557831542120,open,0.43,0.0,0.362,0.4615,0.4115849,134.95,0.2,0,BTC-24MAY19-4750-C,8065.93,0.0,0.001,0.3,0.0,0.0,0.0,0.23463,-1.60304,1.27045,1e-05,0.99373
209.36,ETH-28JUN19,1557831542122,open,0.16,789.0,0.087,0.186,0.136634,99.13,0.14,0.0,ETH-28JUN19-210-C,206.12,95.03,0.131,99.0,0.144,120.0,104.45,0.2889,-0.31908,0.11039,0.00541,0.56553
206.12,index_price,1557831542142,open,0.06,1302.0,0.001,0.085,0.035468,123.91,0.03,0,ETH-17MAY19-210-C,206.12,116.83,0.033,36.0,0.039,31.0,133.88,0.07251,-1.56218,0.0068,0.01748,0.45439
8109.42,BTC-28JUN19,1557831542147,open,0.69,1.3,0.6595,0.834,0.74677826,113.91,2.415,0.0,BTC-28JUN19-14000-P,8065.93,0.0,0.0005,0.2,1.2375,1.0,499.83,5.73861,-7.28302,-16.20434,6e-05,-0.87848
8065.93,index_price,1557831542149,open,0.28,135.4,0.2065,0.306,0.25635701,134.95,0.261,0,BTC-17MAY19-6000-C,8065.93,0.0,0.2555,0.2,0.2615,0.2,226.22,0.11632,-2.72934,0.46895,2e-05,0.9943
8065.93,index_price,1557831542149,open,0.11,105.1,0.0425,0.142,0.09219073,110.35,0.096,0,BTC-24MAY19-7750-C,8065.93,102.84,0.0875,15.0,0.1005,15.0,123.62,5.04331,-28.17777,1.15636,0.00026,0.62205
8065.93,index_price,1557831542149,open,0.0,179.8,0.0005,0.05,9e-08,134.95,0.0005,0,BTC-17MAY19-4750-P,8065.93,0.0,0.0,0.0,0.0005,9.0,251.23,0.00012,-0.00076,0.0,0.0,0.0
8065.93,index_price,1557831542149,open,0.0,243.3,0.0005,0.05,7e-07,134.95,0.0005,0,BTC-17MAY19-5000-P,8065.93,0.0,0.0,0.0,0.0005,8.0,229.03,0.00078,-0.00561,-2e-05,0.0,-3e-05
8065.93,index_price,1557831542149,open,0.24,0.0,0.2075,0.3345,0.27096088,118.15,None,0,BTC-31MAY19-10000-P,8065.93,0.0,0.0,0.0,0.0,0.0,0.0,5.34301,-18.70365,-3.8594,0.00015,-0.76394
206.12,index_price,1557831542159,open,0.06,1302.0,0.001,0.085,0.035468,123.91,0.03,0,ETH-17MAY19-210-C,206.12,116.83,0.033,36.0,0.038,28.0,131.04,0.07251,-1.56218,0.0068,0.01748,0.45439
8065.93,index_price,1557831542164,open,0.0,155.0,0.0005,0.05,1.852e-05,134.95,0.0005,0,BTC-17MAY19-5500-P,8065.93,0.0,0.0,0.0,0.001,13.4,206.32,0.01422,-0.14937,-0.00037,0.0,-0.00056
206.12,index_price,1557831542186,open,0.0,90.0,0.001,0.051,0.000978,130.8,0.001,0,ETH-24MAY19-130-P,206.12,0.0,0.0,0.0,0.002,86.0,146.08,0.01077,-0.07129,-0.00074,0.00072,-0.01223
206.12,index_price,1557831542188,open,0.21,410.0,0.128,0.227,0.177062,126.94,0.207,0,ETH-17MAY19-170-C,206.12,108.99,0.176,50.0,0.186,50.0,196.61,0.01534,-0.33856,0.01274,0.00361,0.96132
8135.14,BTC-27SEP19,1557831542191,open,0.65,226.1,0.5925,0.692,0.64214631,107.99,0.585,0.0,BTC-27SEP19-3000-C,8065.93,0.0,0.011,1.0,0.656,2.0,133.25,3.62002,-1.43851,9.84919,1e-05,0.96737
8135.14,BTC-27SEP19,1557831542191,open,0.15,49.5,0.0965,0.196,0.1460756,94.58,0.136,0.0,BTC-27DEC19-13000-C,8065.93,90.09,0.1325,10.0,0.152,10.0,96.52,24.7633,-5.16143,12.79114,6e-05,0.39903
212.32,ETH-27SEP19,1557831542196,open,0.42,191.0,0.354,0.453,0.403777,94.68,0.319,0.0,ETH-27SEP19-140-C,206.12,0.0,0.007,10.0,0.45,1.0,124.8,0.3104,-0.10814,0.34771,0.00195,0.8437
209.36,ETH-28JUN19,1557831542200,open,0.5,0.0,0.488,0.644,0.565786,115.24,None,0.0,ETH-28JUN19-320-P,206.12,0.0,0.001,3.0,0.0,0.0,0.0,0.20443,-0.2625,-0.35201,0.00329,-0.80175
212.32,ETH-27SEP19,1557831542200,open,0.09,1082.0,0.04,0.139,0.089423,103.24,0.09,0.0,ETH-27SEP19-360-C,206.12,100.18,0.083,120.0,0.099,40.0,107.69,0.45066,-0.1712,0.16673,0.0026,0.30037
209.36,ETH-28JUN19,1557831542200,open,0.0,3018.0,0.001,0.052,0.002325,106.77,0.001,0.0,ETH-28JUN19-100-P,206.12,0.0,0.0,0.0,0.003,120.0,111.37,0.02837,-0.03375,-0.00455,0.00049,-0.01536
212.32,ETH-27SEP19,1557831542209,open,0.08,1558.0,0.033,0.132,0.082851,105.36,0.07,0.0,ETH-27SEP19-380-C,206.12,102.49,0.077,120.0,0.091,40.0,109.28,0.43578,-0.16896,0.15551,0.00246,0.27961
206.12,index_price,1557831542209,open,0.0,1013.0,0.001,0.05,0.00062,133.89,0.004,0,ETH-17MAY19-160-P,206.12,143.94,0.001,35.0,0.002,100.0,162.19,0.00662,-0.12782,-0.00024,0.00148,-0.01424
206.12,index_price,1557831542209,open,0.4,0.0,0.321,0.42,0.370278,130.8,None,0,ETH-24MAY19-130-C,206.12,0.0,0.006,3.0,0.0,0.0,0.0,0.01077,-0.07129,0.03444,0.00072,0.98777
8135.14,BTC-27SEP19,1557831542215,open,0.24,977.3,0.1805,0.28,0.23000937,93.04,0.22,0.0,BTC-27SEP19-8000-C,8065.93,91.53,0.2265,4.9,0.233,3.0,94.33,18.85292,-6.45481,11.90109,8e-05,0.62299
8109.42,BTC-28JUN19,1557831542215,open,0.0,680.4,0.0005,0.0505,0.00053545,134.94,0.001,0.0,BTC-28JUN19-2500-P,8065.93,145.67,0.001,4.1,0.0025,15.7,165.96,0.27794,-0.41788,-0.03753,0.0,-0.00323
8135.14,BTC-27SEP19,1557831542215,open,0.61,5.0,0.5485,0.648,0.59843789,93.12,0.5,0.0,BTC-27DEC19-3500-C,8065.93,0.0,0.0025,1.0,0.68,3.0,158.91,8.11026,-1.66446,17.03011,2e-05,0.93523
206.12,index_price,1557831542233,open,0.0,161.0,0.001,0.051,0.001584,120.65,0.003,0,ETH-24MAY19-140-P,206.12,0.0,0.0,0.0,0.002,66.0,125.45,0.0166,-0.10139,-0.00122,0.0012,-0.02026
212.32,ETH-27SEP19,1557831542239,open,0.01,3213.0,0.001,0.068,0.017422,94.7,0.014,0.0,ETH-27SEP19-100-P,206.12,80.58,0.009,180.0,0.017,50.0,94.08,0.14553,-0.05071,-0.05779,0.00092,-0.05569
209.36,ETH-28JUN19,1557831542240,open,1.28,0.0,1.278,1.516,1.397064,133.89,None,0.0,ETH-28JUN19-500-P,206.12,0.0,0.001,2.0,0.0,0.0,0.0,0.0789,-0.1177,-0.60345,0.00109,-0.94734
206.12,index_price,1557831542239,open,0.35,109.0,0.271,0.37,0.320799,133.89,0.34,0,ETH-17MAY19-140-C,206.12,0.0,0.006,23.0,0.416,9.0,500.0,0.0003,-0.007,0.01102,7e-05,0.99954
206.12,index_price,1557831542241,open,0.0,220.0,0.001,0.05,1e-06,133.89,0.002,0,ETH-17MAY19-130-P,206.12,0.0,0.0,0.0,0.002,40.0,270.7,3e-05,-0.00024,0.0,1e-05,-4e-05
206.12,index_price,1557831542241,open,0.0,0.0,0.001,0.05,0.0,133.89,None,0,ETH-17MAY19-120-P,206.12,0.0,0.0,0.0,0.001,50.0,280.63,0.0,-1e-05,0.0,0.0,0.0
212.32,ETH-27SEP19,1557831542249,open,0.73,0.0,0.67,0.769,0.719923,102.16,0.01,0.0,ETH-27SEP19-60-C,206.12,0.0,0.003,10.0,0.0,0.0,0.0,0.03352,-0.0126,0.21373,0.0002,0.99033
212.32,ETH-27SEP19,1557831542249,open,0.56,0.0,0.497,0.596,0.546413,94.66,None,0.0,ETH-27SEP19-100-C,206.12,0.0,0.003,10.0,0.0,0.0,0.0,0.14545,-0.05067,0.31452,0.00092,0.94435
212.32,ETH-27SEP19,1557831542249,open,0.63,1.0,0.616,0.785,0.700829,102.07,1.043,0.0,ETH-27SEP19-340-P,206.12,0.0,0.001,2.0,0.0,0.0,0.0,0.46816,-0.17585,-1.08484,0.00273,-0.67171
209.36,ETH-28JUN19,1557831542249,open,0.34,0.0,0.324,0.463,0.393489,108.8,None,0.0,ETH-28JUN19-280-P,206.12,0.0,0.002,50.0,0.0,0.0,0.0,0.24876,-0.30157,-0.28561,0.00424,-0.7161
206.12,index_price,1557831542249,open,0.0,1525.0,0.001,0.051,0.001824,126.94,0.001,0,ETH-17MAY19-170-P,206.12,113.92,0.001,49.0,0.002,49.0,129.24,0.01534,-0.33856,-0.00066,0.00361,-0.03868
209.36,ETH-28JUN19,1557831542273,open,0.0,1501.0,0.001,0.051,0.001034,120.96,0.001,0.0,ETH-28JUN19-80-P,206.12,0.0,0.0,0.0,0.002,238.0,132.79,0.01351,-0.01821,-0.00196,0.00021,-0.00656
209.36,ETH-28JUN19,1557831542273,open,0.0,2026.0,0.001,0.051,0.001336,110.95,0.001,0.0,ETH-28JUN19-90-P,206.12,0.0,0.0,0.0,0.002,112.0,117.72,0.01788,-0.02211,-0.00267,0.0003,-0.00902
8065.93,index_price,1557831542273,open,0.22,0.0,0.195,0.3205,0.25770471,126.18,None,0,BTC-24MAY19-10000-P,8065.93,0.0,0.0,0.0,0.0,0.0,0.0,3.42893,-21.90509,-2.3613,0.00015,-0.82428
8109.57,BTC-28JUN19,1557831542284,open,0.03,222.9,0.0005,0.0765,0.02682389,111.27,0.022,0.0,BTC-28JUN19-13000-C,8065.93,105.9,0.0225,3.7,0.0295,20.0,114.4,6.78136,-8.40751,1.27983,8e-05,0.15519
8065.93,index_price,1557831542298,open,0.06,80.7,0.0035,0.103,0.0531189,111.22,0.053,0,BTC-31MAY19-9000-C,8065.93,111.7,0.0535,0.3,0.059,2.3,118.44,6.53362,-21.53088,1.17226,0.0002,0.36746
8135.14,BTC-27SEP19,1557831542316,open,0.49,1.0,0.467,0.621,0.54399072,94.54,0.673,0.0,BTC-27DEC19-11000-P,8065.93,0.0,0.008,0.1,1.296,0.3,500.0,25.57403,-5.32855,-53.4376,7e-05,-0.51279
212.32,ETH-27SEP19,1557831542320,open,0.05,7365.0,0.011,0.116,0.06319,94.7,0.043,0.0,ETH-27SEP19-140-P,206.12,84.74,0.049,50.0,0.06,120.0,92.51,0.31043,-0.10818,-0.1735,0.00195,-0.15633
212.32,ETH-27SEP19,1557831542320,open,1.22,0.0,1.203,1.434,1.318891,113.17,None,0.0,ETH-27SEP19-480-P,206.12,0.0,0.001,2.0,0.0,0.0,0.0,0.36437,-0.15175,-1.67351,0.00192,-0.79843
212.32,ETH-27SEP19,1557831542320,open,0.19,1956.0,0.135,0.234,0.184394,95.59,0.196,0.0,ETH-27SEP19-240-C,206.12,92.95,0.178,120.0,0.193,30.0,99.14,0.51509,-0.18118,0.27511,0.00321,0.53247
212.32,ETH-27SEP19,1557831542320,open,0.4,2.0,0.386,0.531,0.4585,97.59,0.737,0.0,ETH-27SEP19-280-P,206.12,0.0,0.001,2.0,0.0,0.0,0.0,0.50965,-0.18303,-0.80999,0.00311,-0.5663
8065.93,index_price,1557831542320,open,0.11,366.4,0.046,0.1455,0.09557303,107.26,0.093,0,BTC-31MAY19-8000-C,8065.93,104.81,0.0935,2.6,0.1025,2.5,115.43,6.84076,-21.739,1.73187,0.00021,0.55997
8065.93,index_price,1557831542320,open,0.1,4.0,0.0705,0.1825,0.12651135,128.1,0.1335,0,BTC-17MAY19-9000-P,8065.93,92.7,0.1195,5.0,0.1305,5.0,144.23,1.89327,-42.16847,-0.60007,0.00029,-0.81776
206.12,index_price,1557831542320,open,0.22,152.0,0.139,0.238,0.188948,114.81,0.174,0,ETH-24MAY19-170-C,206.12,106.09,0.186,50.0,0.196,50.0,133.41,0.07268,-0.42248,0.03784,0.00551,0.86748
206.12,index_price,1557831542320,open,0.44,0.0,0.368,0.467,0.417815,133.89,None,0,ETH-17MAY19-120-C,206.12,0.0,0.006,3.0,0.0,0.0,0.0,0.0,-4e-05,0.00945,0.0,1.0
8109.42,BTC-28JUN19,1557831542345,open,0.61,0.1,0.552,0.6515,0.60180805,131.8,0.395,0.0,BTC-28JUN19-3250-C,8065.93,0.0,0.0035,0.2,0.824,2.0,500.0,0.98765,-1.45041,3.83482,1e-05,0.98643
8109.42,BTC-28JUN19,1557831542345,open,0.0,137.0,0.0005,0.054,0.00392089,121.29,0.0055,0.0,BTC-28JUN19-3750-P,8065.93,112.3,0.0025,4.2,0.0055,10.0,129.23,1.45626,-1.96792,-0.25217,1e-05,-0.02137
8065.93,index_price,1557831542345,open,0.37,119.4,0.303,0.4025,0.35293894,118.21,0.335,0,BTC-31MAY19-5250-C,8065.93,0.0,0.061,2.1,0.46,0.3,363.52,1.32901,-4.65475,2.28386,4e-05,0.96535
8135.14,BTC-27SEP19,1557831542345,open,0.31,70.9,0.2545,0.354,0.30422889,88.97,0.287,0.0,BTC-27DEC19-7500-C,8065.93,82.0,0.2845,10.0,0.3135,10.0,92.26,22.94798,-4.49954,18.9816,6e-05,0.67961
8065.93,index_price,1557831542345,open,0.25,8.6,0.1815,0.281,0.2313165,112.21,0.202,0,BTC-24MAY19-6250-C,8065.93,0.0,0.15,0.2,0.0,0.0,0.0,1.78563,-10.14457,1.52432,9e-05,0.92978
8065.93,index_price,1557831542345,open,0.0,289.2,0.0005,0.051,0.00099716,134.95,0.0015,0,BTC-31MAY19-4250-P,8065.93,123.47,0.0005,4.6,0.003,3.6,159.93,0.43405,-1.73542,-0.03842,1e-05,-0.00931
8135.14,BTC-27SEP19,1557831542347,open,0.82,0.0,0.77,0.8695,0.81995581,114.93,None,0.0,BTC-27DEC19-1500-C,8065.93,0.0,0.012,5.0,0.9925,0.5,500.0,1.73914,-0.44052,8.58839,0.0,0.9898
8135.14,BTC-27SEP19,1557831542347,open,0.31,1.0,0.2785,0.4125,0.34552448,89.21,0.3375,0.0,BTC-27DEC19-9000-P,8065.93,82.88,0.326,3.0,0.3635,0.1,95.07,25.03967,-4.92268,-38.58914,7e-05,-0.41762
8135.14,BTC-27SEP19,1557831542347,open,1.01,0.0,0.967,1.174,1.07052461,96.19,None,0.0,BTC-27DEC19-16000-P,8065.93,0.0,0.006,5.0,1.899,0.2,499.7,22.43494,-4.75576,-89.32377,6e-05,-0.69595
8065.93,index_price,1557831542389,open,0.14,179.2,0.0785,0.178,0.12801316,107.26,0.124,0,BTC-31MAY19-7500-C,8065.93,102.75,0.1245,15.0,0.138,15.0,119.97,6.30609,-20.03985,2.0088,0.0002,0.66667
8065.93,index_price,1557831542389,open,0.43,42.8,0.3635,0.463,0.41328867,128.07,0.251,0,BTC-31MAY19-4750-C,8065.93,0.0,0.116,0.1,0.0,0.0,0.0,0.82825,-3.14292,2.11462,2e-05,0.98032
8065.93,index_price,1557831542389,open,0.34,0.0,0.2705,0.37,0.32001614,123.23,None,0,BTC-24MAY19-5500-C,8065.93,0.0,0.001,1.0,0.0,0.0,0.0,0.73033,-4.55667,1.43318,3e-05,0.97672
8109.42,BTC-28JUN19,1557831542412,open,0.7,24.4,0.6425,0.742,0.69227025,135.47,0.5115,0.0,BTC-28JUN19-2500-C,8065.93,0.0,0.01,1.0,0.8505,1.0,500.0,0.28462,-0.42959,3.0351,0.0,0.99668
8109.42,BTC-28JUN19,1557831542412,open,0.58,0.8,0.5485,0.711,0.62980819,111.16,2.171,0.0,BTC-28JUN19-13000-P,8065.93,0.0,0.07,1.0,1.129,1.0,499.67,6.77097,-8.38599,-14.70589,8e-05,-0.84516
8065.93,index_price,1557831542412,open,0.43,1.6,0.3615,0.461,0.41110334,134.95,0.241,0,BTC-17MAY19-4750-C,8065.93,0.0,0.001,1.0,0.0,0.0,0.0,0.00012,-0.00293,0.37423,0.0,1.0
8065.93,index_price,1557831542414,open,0.03,93.1,0.0005,0.087,0.03526021,107.26,0.0385,0,BTC-31MAY19-7000-P,8065.93,100.7,0.031,2.5,0.0385,2.5,112.15,5.30109,-16.8461,-0.9994,0.00016,-0.23273
8135.14,BTC-27SEP19,1557831542421,open,0.45,812.4,0.384,0.4835,0.43397647,94.19,0.4035,0.0,BTC-27SEP19-5000-C,8065.93,67.05,0.4035,0.5,0.4725,2.0,122.28,10.40607,-3.60672,13.2553,4e-05,0.87168
8135.14,BTC-27SEP19,1557831542421,open,0.0,421.8,0.0005,0.0545,0.00434255,123.65,0.001,0.0,BTC-27SEP19-2000-P,8065.93,112.86,0.0025,4.5,0.0055,5.4,129.06,1.62198,-0.73799,-0.51438,1e-05,-0.01264
8135.14,BTC-27SEP19,1557831542421,open,0.71,56.4,0.6505,0.75,0.7004641,117.12,0.6975,0.0,BTC-27SEP19-2500-C,8065.93,0.0,0.0075,0.1,0.705,2.0,129.47,2.63453,-1.13539,8.39599,1e-05,0.97771
8135.14,BTC-27SEP19,1557831542421,open,0.17,2.0,0.132,0.251,0.19152292,89.21,0.201,0.0,BTC-27DEC19-7000-P,8065.93,84.92,0.18,5.0,0.204,5.0,93.87,21.8083,-4.28749,-24.14263,6e-05,-0.28592
8065.93,index_price,1557831542423,open,0.0,297.5,0.0005,0.0515,0.0014511,133.75,0.003,0,BTC-17MAY19-6500-P,8065.93,112.89,0.0005,22.6,0.0025,1.3,148.36,0.49012,-11.39752,-0.02013,7e-05,-0.03022
8109.42,BTC-28JUN19,1557831542479,open,0.82,33.8,0.7655,0.865,0.81504976,142.53,0.7145,0.0,BTC-28JUN19-1500-C,8065.93,0.0,0.007,0.1,0.894,2.0,500.0,0.01581,-0.0251,1.84258,0.0,0.99986
8135.14,BTC-27SEP19,1557831542510,open,0.71,0.0,0.6555,0.755,0.70505328,100.3,None,0.0,BTC-27DEC19-2500-C,8065.93,0.0,0.012,5.0,0.9905,0.5,500.0,4.30908,-0.95247,13.42034,1e-05,0.97045
8065.93,index_price,1557831542525,open,0.25,0.0,0.222,0.35,0.28607518,128.67,None,0,BTC-24MAY19-10250-P,8065.93,0.0,0.0,0.0,0.0,0.0,0.0,3.12559,-20.36102,-2.47422,0.00014,-0.84765
8109.42,BTC-28JUN19,1557831542533,open,1.39,0.4,1.3475,1.594,1.4706739,123.09,5.076,0.0,BTC-28JUN19-20000-P,8065.93,0.0,0.001,1.0,1.905,2.0,499.88,1.95347,-2.67916,-24.33075,2e-05,-0.96965
8065.93,index_price,1557831542533,open,0.07,6.5,0.0455,0.155,0.10036677,124.93,0.14,0,BTC-17MAY19-8750-P,8065.93,94.49,0.0925,5.0,0.105,5.0,140.91,2.26873,-49.28185,-0.54123,0.00035,-0.75132
8065.93,index_price,1557831542533,open,0.46,20.2,0.394,0.4935,0.44356503,131.11,0.2355,0,BTC-31MAY19-4500-C,8065.93,0.0,0.001,1.0,0.0,0.0,0.0,0.60048,-2.33255,2.02468,2e-05,0.98648
8065.93,index_price,1557831542545,open,0.04,136.4,0.0005,0.082,0.03214797,118.97,0.027,0,BTC-17MAY19-8250-C,8065.93,115.69,0.031,1.3,0.0355,1.3,128.55,2.81949,-58.32459,0.2567,0.00046,0.4361
8065.93,index_price,1557831542545,open,0.15,64.6,0.081,0.1805,0.13071349,110.35,0.1325,0,BTC-24MAY19-7250-C,8065.93,102.16,0.1265,5.0,0.138,5.0,124.07,4.20532,-23.49582,1.35414,0.00022,0.7512
8065.93,index_price,1557831542545,open,0.19,218.3,0.1175,0.217,0.16741236,107.26,0.195,0,BTC-31MAY19-7000-C,8065.93,102.79,0.1645,5.0,0.1915,0.5,142.32,5.30109,-16.8461,2.23704,0.00016,0.76727
8065.93,index_price,1557831542545,open,0.1,37.6,0.068,0.18,0.12411408,107.87,0.13,0,BTC-31MAY19-8500-P,8065.93,98.33,0.116,15.0,0.131,15.0,115.93,6.87733,-21.97941,-2.49085,0.00021,-0.54381
8065.93,index_price,1557831542545,open,0.1,17.9,0.072,0.1845,0.12811874,115.05,0.1345,0,BTC-24MAY19-8750-P,8065.93,100.15,0.119,15.0,0.1325,15.0,122.07,5.00326,-29.14271,-1.65754,0.00025,-0.63139
8065.93,index_price,1557831542560,open,0.14,22.2,0.1105,0.227,0.16892328,111.23,0.174,0,BTC-31MAY19-9000-P,8065.93,98.82,0.159,15.0,0.174,15.0,117.46,6.53363,-21.53117,-2.98887,0.0002,-0.63254
8065.93,index_price,1557831542579,open,0.08,361.7,0.013,0.1125,0.06271835,115.66,0.0585,0,BTC-17MAY19-7750-C,8065.93,111.86,0.0615,0.2,0.0685,0.2,133.47,2.59206,-52.12454,0.38606,0.00044,0.67023
8065.93,index_price,1557831542579,open,0.29,511.7,0.216,0.3155,0.26552476,107.41,0.2785,0,BTC-31MAY19-6000-C,8065.93,0.0,0.077,3.1,0.2765,1.9,135.92,2.60897,-8.30252,2.43602,8e-05,0.91874
8065.93,index_price,1557831542579,open,0.23,16.2,0.154,0.2535,0.20375002,111.34,0.174,0,BTC-24MAY19-6500-C,8065.93,0.0,0.075,0.2,0.0,0.0,0.0,2.36252,-13.31744,1.51508,0.00012,0.89799
8109.42,BTC-28JUN19,1557831542593,open,0.47,219.6,0.404,0.5035,0.45364287,112.28,0.42,0.0,BTC-28JUN19-4500-C,8065.93,0.0,0.2,1.0,0.466,3.0,141.6,2.70699,-3.38638,4.99625,3e-05,0.95476
8065.93,index_price,1557831542593,open,0.25,353.4,0.176,0.2755,0.22576323,134.94,0.226,0,BTC-17MAY19-6250-C,8065.93,0.0,0.225,0.2,0.2305,0.2,200.88,0.25993,-6.09845,0.48294,4e-05,0.98572
8135.14,BTC-27SEP19,1557831542593,open,0.37,64.9,0.31,0.4095,0.35984251,89.27,0.373,0.0,BTC-27DEC19-6500-C,8065.93,77.99,0.3315,5.0,0.3765,5.0,95.91,20.43306,-4.01993,19.66824,6e-05,0.7488
8065.93,index_price,1557831542593,open,0.21,274.2,0.14,0.2395,0.18966777,107.26,0.207,0,BTC-31MAY19-6750-C,8065.93,0.0,0.0195,3.1,0.22,0.1,155.19,4.66637,-14.82906,2.32315,0.00014,0.81262
8109.42,BTC-28JUN19,1557831542603,open,0.64,43.8,0.582,0.6815,0.63188485,135.08,0.6,0.0,BTC-28JUN19-3000-C,8065.93,0.0,0.004,0.2,0.634,3.0,152.9,0.74048,-1.11448,3.57313,1e-05,0.99026
8135.14,BTC-27SEP19,1557831542603,open,0.6,261.1,0.535,0.6345,0.58456944,100.07,0.52,0.0,BTC-27SEP19-3500-C,8065.93,0.0,0.161,1.0,0.5945,0.5,115.09,4.7744,-1.75809,11.19301,2e-05,0.95417
8065.93,index_price,1557831542603,open,0.55,0.0,0.4855,0.585,0.53533447,134.95,None,0,BTC-31MAY19-3750-C,8065.93,0.0,0.01,1.0,0.0,0.0,0.0,0.14331,-0.57301,1.72287,0.0,0.99732
206.12,index_price,1557831542705,open,0.0,328.0,0.001,0.053,0.003061,114.81,0.005,0,ETH-24MAY19-150-P,206.12,94.56,0.001,53.0,0.002,52.0,106.01,0.02788,-0.16204,-0.00228,0.00211,-0.03776
209.36,ETH-28JUN19,1557831542707,open,0.05,5064.0,0.017,0.123,0.069945,99.11,0.053,0.0,ETH-28JUN19-180-P,206.12,87.86,0.057,103.0,0.069,160.0,98.3,0.24336,-0.26874,-0.08787,0.00456,-0.27141
209.36,ETH-28JUN19,1557831542727,open,0.11,1762.0,0.041,0.14,0.090963,102.72,0.1,0.0,ETH-28JUN19-240-C,206.12,98.36,0.085,60.0,0.098,224.0,107.84,0.28711,-0.32861,0.08498,0.00519,0.42109
209.36,ETH-28JUN19,1557831542736,open,0.03,4438.0,0.001,0.089,0.037907,99.11,0.024,0.0,ETH-28JUN19-160-P,206.12,83.89,0.025,160.0,0.033,111.0,93.52,0.18695,-0.20645,-0.05395,0.0035,-0.1717
209.36,ETH-28JUN19,1557831542744,open,0.03,4438.0,0.001,0.089,0.037907,99.11,0.024,0.0,ETH-28JUN19-160-P,206.12,83.89,0.025,160.0,0.032,99.0,92.36,0.18695,-0.20645,-0.05395,0.0035,-0.1717
209.36,ETH-28JUN19,1557831542752,open,0.21,774.0,0.133,0.232,0.182844,99.11,0.19,0.0,ETH-28JUN19-190-C,206.12,89.7,0.171,229.0,0.186,224.0,101.61,0.26431,-0.29187,0.12661,0.00495,0.67471
209.36,ETH-28JUN19,1557831542769,open,0.21,774.0,0.133,0.232,0.182844,99.11,0.19,0.0,ETH-28JUN19-190-C,206.12,89.7,0.171,229.0,0.185,98.0,100.82,0.26431,-0.29187,0.12661,0.00495,0.67471
8109.57,BTC-28JUN19,1557831542775,open,0.02,377.9,0.0005,0.07,0.02048841,114.05,0.016,0.0,BTC-28JUN19-14000-C,8065.93,104.07,0.014,20.0,0.023,20.0,117.49,5.75243,-7.30989,1.01135,6e-05,0.12193
8065.93,index_price,1557831542787,open,0.02,2.0,0.0005,0.0675,0.01792209,126.18,0.021,0,BTC-24MAY19-10000-C,8065.93,117.82,0.0145,21.8,0.0215,20.0,134.33,3.42892,-21.90507,0.34437,0.00015,0.17572
8109.57,BTC-28JUN19,1557831542791,open,0.0,409.3,0.0005,0.053,0.00322469,126.61,0.003,0.0,BTC-28JUN19-3500-P,8065.93,121.4,0.0025,3.4,0.0045,20.0,134.32,1.21249,-1.71045,-0.2039,1e-05,-0.01723
8135.34,BTC-27SEP19,1557831542794,open,0.02,140.8,0.0005,0.0745,0.02357257,98.17,0.0245,0.0,BTC-27SEP19-4000-P,8065.93,95.57,0.0215,4.2,0.029,11.0,104.62,6.57683,-2.37584,-2.79742,3e-05,-0.06881
209.36,ETH-28JUN19,1557831542950,open,0.07,2775.0,0.036,0.144,0.090372,99.11,0.077,0.0,ETH-28JUN19-190-P,206.12,90.08,0.079,98.0,0.091,160.0,99.61,0.26431,-0.29187,-0.10699,0.00495,-0.32529
209.36,ETH-28JUN19,1557831543019,open,0.02,7255.0,0.001,0.077,0.026212,99.11,0.028,0.0,ETH-28JUN19-150-P,206.12,82.46,0.015,1.0,0.022,146.0,93.23,0.15411,-0.17018,-0.03984,0.00289,-0.12857
206.12,index_price,1557831543038,open,0.03,202.0,0.001,0.073,0.023595,130.29,0.023,0,ETH-24MAY19-250-C,206.12,124.77,0.021,200.0,0.024,50.0,131.13,0.09873,-0.65129,0.01061,0.00659,0.21377
206.12,index_price,1557831543042,open,0.04,1274.0,0.008,0.113,0.060206,114.81,0.051,0,ETH-24MAY19-200-P,206.12,98.73,0.05,24.0,0.058,56.0,111.34,0.13096,-0.76129,-0.02565,0.00992,-0.39974
206.12,index_price,1557831543046,open,0.04,1274.0,0.008,0.113,0.060206,114.81,0.051,0,ETH-24MAY19-200-P,206.12,98.73,0.05,24.0,0.058,55.0,111.34,0.13096,-0.76129,-0.02565,0.00992,-0.39974
206.12,index_price,1557831543060,open,0.03,886.0,0.001,0.091,0.039779,114.81,0.028,0,ETH-24MAY19-190-P,206.12,95.61,0.029,200.0,0.036,57.0,108.16,0.11781,-0.6848,-0.01893,0.00893,-0.29957
209.36,ETH-28JUN19,1557831543064,open,0.02,1461.0,0.001,0.07,0.020499,128.25,0.023,0.0,ETH-28JUN19-400-C,206.12,122.78,0.017,200.0,0.025,200.0,134.66,0.14002,-0.20008,0.02361,0.00203,0.11221
209.36,ETH-28JUN19,1557831543078,open,0.07,2321.0,0.007,0.106,0.05608,108.8,0.058,0.0,ETH-28JUN19-280-C,206.12,104.48,0.051,60.0,0.062,103.0,113.73,0.24876,-0.30157,0.05864,0.00424,0.2839
209.36,ETH-28JUN19,1557831543083,open,0.14,1376.0,0.112,0.228,0.169997,100.34,0.147,0.0,ETH-28JUN19-220-P,206.12,96.05,0.164,111.0,0.175,120.0,103.92,0.29268,-0.3272,-0.16886,0.00541,-0.48604
209.36,ETH-28JUN19,1557831543096,open,0.0,4760.0,0.001,0.056,0.006026,99.11,0.009,0.0,ETH-28JUN19-120-P,206.12,72.88,0.001,99.0,0.005,98.0,95.39,0.06058,-0.06689,-0.01131,0.00113,-0.03793
209.36,ETH-28JUN19,1557831543102,open,0.14,2032.0,0.07,0.169,0.119175,100.34,0.12,0.0,ETH-28JUN19-220-C,206.12,96.63,0.114,103.0,0.126,120.0,105.22,0.29268,-0.3272,0.10162,0.00541,0.51396
212.36,ETH-27SEP19,1557831543139,open,0.1,332.0,0.05,0.149,0.099408,102.02,0.092,0.0,ETH-27SEP19-340-C,206.16,98.18,0.091,160.0,0.109,40.0,106.33,0.4682,-0.17578,0.18088,0.00273,0.32821
8109.57,BTC-28JUN19,1557831543150,open,0.27,520.0,0.197,0.2965,0.24684047,98.5,0.2475,0.0,BTC-28JUN19-6500-C,8065.93,94.1,0.2425,3.9,0.253,3.5,104.53,8.14963,-8.94369,5.4349,0.0001,0.79197
8065.93,index_price,1557831543152,open,0.0,127.5,0.0005,0.056,0.00618067,112.21,0.0065,0,BTC-24MAY19-6250-P,8065.93,104.04,0.0045,1.9,0.008,25.0,119.94,1.78562,-10.14456,-0.16672,9e-05,-0.07022
8109.57,BTC-28JUN19,1557831543156,open,0.01,800.9,0.0005,0.0545,0.00455108,123.69,0.0045,0.0,BTC-28JUN19-20000-C,8065.93,116.51,0.003,3.2,0.0055,46.0,127.31,1.99502,-2.7495,0.265,2e-05,0.03113
8065.93,index_price,1557831543159,open,0.0,86.4,0.0005,0.053,0.00324268,122.4,0.003,0,BTC-24MAY19-5750-P,8065.93,116.46,0.0025,1.0,0.004,1.7,127.72,1.08228,-6.70673,-0.08869,5e-05,-0.0374
8065.93,index_price,1557831543162,open,0.0,297.8,0.0005,0.052,0.00218545,128.07,0.003,0,BTC-31MAY19-4750-P,8065.93,113.64,0.001,10.0,0.003,2.0,135.26,0.82825,-3.1429,-0.08153,2e-05,-0.01968
8065.93,index_price,1557831543165,open,0.13,94.8,0.0605,0.16,0.11037324,110.35,0.114,0,BTC-24MAY19-7500-C,8065.93,101.92,0.1055,15.0,0.1185,15.0,124.21,4.69074,-26.20783,1.26163,0.00024,0.68847
8135.34,BTC-27SEP19,1557831543164,open,0.4,245.8,0.3405,0.44,0.39027318,93.05,0.3955,0.0,BTC-27SEP19-5500-C,8065.93,90.86,0.387,4.6,0.4015,4.9,100.33,12.32995,-4.22188,13.4621,5e-05,0.83482
8135.34,BTC-27SEP19,1557831543170,open,0.4,245.8,0.3405,0.44,0.39027318,93.05,0.3955,0.0,BTC-27SEP19-5500-C,8065.93,90.86,0.387,4.6,0.401,4.7,100.01,12.32995,-4.22188,13.4621,5e-05,0.83482
8109.57,BTC-28JUN19,1557831543177,open,0.0,1396.0,0.0005,0.05,8.89e-06,134.94,0.001,0.0,BTC-28JUN19-1500-P,8065.93,0.0,0.0,0.0,0.001,9.2,206.84,0.0082,-0.01233,-0.0008,0.0,-7e-05
8109.57,BTC-28JUN19,1557831543179,open,0.04,356.1,0.0005,0.085,0.03527872,107.79,0.0375,0.0,BTC-28JUN19-12000-C,8065.93,104.36,0.032,3.6,0.039,16.0,111.53,7.91923,-9.51093,1.625,9e-05,0.19827
8065.93,index_price,1557831543277,open,0.04,39.2,0.0005,0.079,0.02914039,117.64,0.021,0,BTC-24MAY19-9250-C,8065.93,112.74,0.0265,2.0,0.0325,1.9,123.74,4.39152,-26.15685,0.5269,0.00021,0.27057
8065.93,index_price,1557831543279,open,0.06,245.0,0.0005,0.0945,0.04490545,115.43,0.0405,0,BTC-17MAY19-8000-C,8065.93,114.27,0.0445,1.0,0.049,1.2,127.09,2.83168,-56.82929,0.32241,0.00048,0.55225
8065.93,index_price,1557831543287,open,0.06,245.0,0.0005,0.0945,0.04490545,115.43,0.0405,0,BTC-17MAY19-8000-C,8065.93,114.27,0.0445,1.0,0.049,1.4,127.09,2.83168,-56.82929,0.32241,0.00048,0.55225
8065.93,index_price,1557831543293,open,0.0,169.7,0.0005,0.058,0.00776456,116.9,0.0075,0,BTC-17MAY19-7250-P,8065.93,101.8,0.005,25.0,0.008,1.1,118.08,1.5946,-32.41088,-0.09399,0.00027,-0.14014
8065.93,index_price,1557831543295,open,0.0,169.7,0.0005,0.058,0.00776456,116.9,0.0075,0,BTC-17MAY19-7250-P,8065.93,101.8,0.005,25.0,0.008,1.3,118.08,1.5946,-32.41088,-0.09399,0.00027,-0.14014
209.36,ETH-28JUN19,1557831543680,open,0.16,789.0,0.087,0.186,0.136634,99.11,0.14,0.0,ETH-28JUN19-210-C,206.16,94.31,0.13,113.0,0.144,120.0,104.45,0.2889,-0.31903,0.1104,0.00541,0.56552
8065.93,index_price,1557831543714,open,0.05,69.8,0.005,0.1105,0.05785093,107.26,0.0615,0,BTC-31MAY19-7500-P,8065.93,102.32,0.054,2.3,0.062,2.3,112.55,6.30609,-20.03975,-1.45881,0.0002,-0.33333
8065.93,index_price,1557831543716,open,0.05,69.8,0.005,0.1105,0.05785093,107.26,0.0615,0,BTC-31MAY19-7500-P,8065.93,102.32,0.054,2.3,0.062,2.5,112.55,6.30609,-20.03975,-1.45881,0.0002,-0.33333
8065.93,index_price,1557831543722,open,0.02,84.1,0.0005,0.0605,0.01070714,128.1,0.015,0,BTC-17MAY19-9000-C,8065.93,120.62,0.009,1.4,0.013,1.4,137.56,1.89327,-42.16825,0.10901,0.00029,0.18224
8135.34,BTC-27SEP19,1557831543752,open,0.11,739.1,0.0615,0.161,0.1111292,98.47,0.1045,0.0,BTC-27SEP19-12000-C,8065.93,95.55,0.1045,4.9,0.115,10.0,100.14,18.64773,-6.75685,7.67127,8e-05,0.36445
8065.93,index_price,1557831543774,open,0.08,471.1,0.0205,0.12,0.07029948,107.87,0.07,0,BTC-31MAY19-8500-C,8065.93,105.76,0.0685,2.6,0.0775,2.5,116.3,6.87733,-21.97932,1.4391,0.00021,0.45619
8135.14,BTC-27SEP19,1557831543780,open,0.06,0.1,0.013,0.1125,0.06293587,103.87,0.05,0.0,BTC-27SEP19-16000-C,8065.93,100.01,0.056,4.9,0.069,4.0,107.11,14.94168,-5.71088,4.95251,6e-05,0.22648
8065.93,index_price,1557831543787,open,0.05,88.1,0.0005,0.093,0.04330903,115.05,0.046,0,BTC-24MAY19-8750-C,8065.93,109.69,0.04,2.0,0.047,2.1,120.97,5.00326,-29.14271,0.70992,0.00025,0.36861
8065.93,index_price,1557831543796,open,0.0,292.9,0.0005,0.053,0.0028995,131.04,0.0045,0,BTC-17MAY19-6750-P,8065.93,114.6,0.0015,1.5,0.004,1.6,141.14,0.80771,-18.40346,-0.03742,0.00012,-0.05599
8135.14,BTC-27SEP19,1557831543798,open,0.08,160.3,0.035,0.1435,0.08917776,93.01,0.0845,0.0,BTC-27SEP19-6000-P,8065.93,90.91,0.0855,4.8,0.0945,6.0,96.08,14.14561,-4.84173,-8.94006,6e-05,-0.20605
8065.93,index_price,1557831543912,open,0.13,94.8,0.0605,0.16,0.11037338,110.35,0.114,0,BTC-24MAY19-7500-C,8065.93,101.92,0.1055,15.0,0.118,15.0,123.36,4.69074,-26.20783,1.26163,0.00024,0.68847
8065.93,index_price,1557831543969,open,0.0,522.0,0.0005,0.0525,0.00260013,120.69,0.0035,0,BTC-31MAY19-5000-P,8065.93,103.73,0.001,12.6,0.004,2.5,130.69,0.98891,-3.53611,-0.10022,3e-05,-0.02427
8065.93,index_price,1557831543972,open,0.0,522.0,0.0005,0.0525,0.00260013,120.69,0.0035,0,BTC-31MAY19-5000-P,8065.93,103.73,0.001,12.6,0.004,2.7,130.69,0.98891,-3.53611,-0.10022,3e-05,-0.02427
8109.57,BTC-28JUN19,1557831543974,open,0.01,235.0,0.0005,0.0565,0.00664118,114.97,0.008,0.0,BTC-28JUN19-4250-P,8065.93,108.55,0.005,3.2,0.009,13.5,122.89,2.22745,-2.85331,-0.42102,2e-05,-0.03559
8109.57,BTC-28JUN19,1557831543976,open,0.01,235.0,0.0005,0.0565,0.00664118,114.97,0.008,0.0,BTC-28JUN19-4250-P,8065.93,108.55,0.005,3.2,0.009,13.6,122.89,2.22745,-2.85331,-0.42102,2e-05,-0.03559
8135.34,BTC-27SEP19,1557831543977,open,0.01,358.8,0.0005,0.0655,0.01477211,100.01,0.012,0.0,BTC-27SEP19-3500-P,8065.93,96.91,0.013,4.5,0.02,4.7,108.33,4.76914,-1.75513,-1.83319,2e-05,-0.04577
8135.34,BTC-27SEP19,1557831543979,open,0.01,358.8,0.0005,0.0655,0.01477211,100.01,0.012,0.0,BTC-27SEP19-3500-P,8065.93,96.91,0.013,4.5,0.0195,4.1,107.58,4.76914,-1.75513,-1.83319,2e-05,-0.04577
8065.93,index_price,1557831543988,open,0.0,18.2,0.0005,0.0505,0.00048166,134.95,0.0025,0,BTC-24MAY19-4750-P,8065.93,135.57,0.0005,2.7,0.002,2.1,165.0,0.23463,-1.60304,-0.01474,1e-05,-0.00627
8065.93,index_price,1557831543990,open,0.0,18.2,0.0005,0.0505,0.00048166,134.95,0.0025,0,BTC-24MAY19-4750-P,8065.93,135.57,0.0005,2.7,0.002,2.3,165.0,0.23463,-1.60304,-0.01474,1e-05,-0.00627
8109.57,BTC-28JUN19,1557831543993,open,0.08,8.6,0.043,0.152,0.09759138,98.4,0.0895,0.0,BTC-28JUN19-7500-P,8065.93,94.48,0.0925,3.9,0.104,16.0,103.38,10.47606,-11.48526,-4.41205,0.00013,-0.34495
8109.57,BTC-28JUN19,1557831544003,open,0.36,139.1,0.293,0.3925,0.34290528,102.91,0.321,0.0,BTC-28JUN19-5500-C,8065.93,98.99,0.3405,3.7,0.347,5.0,109.1,5.15161,-5.90701,5.5096,6e-05,0.89553
8065.93,index_price,1557831544020,open,0.02,77.4,0.0005,0.081,0.02955615,110.35,0.031,0,BTC-24MAY19-7250-P,8065.93,102.47,0.0255,1.9,0.0315,2.0,114.06,4.20532,-23.49582,-0.60747,0.00022,-0.2488
8109.57,BTC-28JUN19,1557831544021,open,0.01,222.1,0.0005,0.0585,0.00852255,112.18,0.014,0.0,BTC-28JUN19-4500-P,8065.93,105.7,0.0065,3.1,0.011,3.6,119.16,2.70156,-3.37661,-0.53491,3e-05,-0.04513
8109.57,BTC-28JUN19,1557831544029,open,0.01,222.1,0.0005,0.0585,0.00852255,112.18,0.014,0.0,BTC-28JUN19-4500-P,8065.93,105.7,0.0065,3.1,0.011,3.7,119.16,2.70156,-3.37661,-0.53491,3e-05,-0.04513
8065.93,index_price,1557831544032,open,0.0,924.2,0.0005,0.054,0.00382478,118.21,0.004,0,BTC-31MAY19-5250-P,8065.93,109.19,0.0025,5.0,0.005,2.6,124.82,1.32901,-4.65475,-0.14347,4e-05,-0.03465
8065.93,index_price,1557831544034,open,0.0,419.4,0.0005,0.055,0.00495329,113.22,0.0065,0,BTC-31MAY19-5500-P,8065.93,102.35,0.003,25.0,0.0065,2.2,120.27,1.64637,-5.52286,-0.1866,5e-05,-0.04508
8135.14,BTC-27SEP19,1557831544036,open,0.29,1032.6,0.235,0.3345,0.28464892,93.04,0.275,0.0,BTC-27SEP19-7000-C,8065.93,91.29,0.281,5.0,0.2865,3.0,93.91,17.03543,-5.83269,12.83043,7e-05,0.70835
8065.93,index_price,1557831544053,open,0.0,399.6,0.0005,0.05,7.051e-05,134.95,0.0005,0,BTC-17MAY19-5750-P,8065.93,0.0,0.0,0.0,0.001,3.4,185.13,0.04445,-0.5687,-0.00129,1e-05,-0.00195
8065.93,index_price,1557831544055,open,0.02,100.9,0.0005,0.0775,0.02652163,107.26,0.0205,0,BTC-31MAY19-6750-P,8065.93,101.06,0.023,20.0,0.029,2.2,111.49,4.66637,-14.82906,-0.7977,0.00014,-0.18738
8135.14,BTC-27SEP19,1557831544062,open,0.13,42.6,0.088,0.202,0.14511352,93.01,0.137,0.0,BTC-27SEP19-7000-P,8065.93,91.54,0.142,4.9,0.1525,3.0,96.56,17.0355,-5.83069,-13.22594,7e-05,-0.29165
8109.57,BTC-28JUN19,1557831544080,open,0.04,103.4,0.0005,0.1005,0.0483628,98.45,0.0475,0.0,BTC-28JUN19-6500-P,8065.93,94.59,0.0445,3.6,0.0535,16.0,103.53,8.14806,-8.93743,-2.55548,0.0001,-0.20796
8065.93,index_price,1557831544138,open,0.08,71.3,0.013,0.1125,0.06253768,110.72,0.063,0,BTC-24MAY19-8250-C,8065.93,107.62,0.0605,2.1,0.068,2.1,119.05,5.29015,-29.65608,0.92613,0.00027,0.48691
8109.57,BTC-28JUN19,1557831544154,open,0.11,39.4,0.073,0.1855,0.12915006,98.2,0.1225,0.0,BTC-28JUN19-8000-P,8065.93,94.83,0.1245,3.9,0.1375,15.7,104.33,11.09272,-12.13664,-5.43687,0.00014,-0.41618
8065.93,index_price,1557831544278,open,0.03,12.0,0.0005,0.07,0.02000538,121.29,0.0195,0,BTC-24MAY19-9750-C,8065.93,115.69,0.0175,20.0,0.0225,1.9,126.65,3.68613,-22.63615,0.38732,0.00017,0.19748
8134.78,BTC-27SEP19,1557831544369,open,0.57,0.0,0.5085,0.608,0.55819377,99.54,None,0.0,BTC-27SEP19-3750-C,8065.93,0.0,0.002,1.0,0.5865,2.0,132.94,5.6949,-2.08609,11.64684,2e-05,0.9428
8065.93,index_price,1557831544371,open,0.13,184.8,0.059,0.1585,0.10892235,116.9,0.1045,0,BTC-17MAY19-7250-C,8065.93,114.74,0.1085,0.2,0.114,0.2,140.39,1.59463,-32.41204,0.47721,0.00027,0.85986
8134.78,BTC-27SEP19,1557831544371,open,0.16,110.2,0.1175,0.217,0.16714973,94.58,0.156,0.0,BTC-27DEC19-12000-C,8065.93,88.55,0.1485,10.0,0.1705,10.0,95.65,25.30526,-5.27438,13.8444,7e-05,0.44095
8065.93,index_price,1557831544371,open,0.4,81.1,0.333,0.4325,0.38270881,120.69,0.36,0,BTC-31MAY19-5000-C,8065.93,0.0,0.065,2.1,0.4225,10.0,250.03,0.98889,-3.53603,2.21152,3e-05,0.97573
8134.78,BTC-27SEP19,1557831544371,open,0.14,12.3,0.101,0.2165,0.15880533,89.25,0.155,0.0,BTC-27DEC19-6500-P,8065.93,85.54,0.1495,5.0,0.1705,5.0,93.91,20.43314,-4.0189,-20.73249,6e-05,-0.25122
209.4,ETH-28JUN19,1557831544385,open,0.09,2280.0,0.058,0.169,0.113569,99.18,0.094,0.0,ETH-28JUN19-200-P,206.16,92.69,0.105,113.0,0.116,160.0,100.93,0.27952,-0.30889,-0.12705,0.00523,-0.37982
8109.15,BTC-28JUN19,1557831544398,open,0.53,310.4,0.4625,0.562,0.51207611,118.96,0.529,0.0,BTC-28JUN19-4000-C,8065.93,0.0,0.06,2.0,0.5185,2.9,141.28,1.85595,-2.46001,4.58008,2e-05,0.97146
8065.93,index_price,1557831544398,open,0.07,26.2,0.0335,0.1415,0.08739999,107.26,0.08,0,BTC-31MAY19-8000-P,8065.93,97.95,0.0795,15.0,0.0935,15.0,114.45,6.84076,-21.73921,-1.96691,0.00021,-0.44003
8109.15,BTC-28JUN19,1557831544417,open,0.81,2.0,0.772,0.958,0.86476419,115.1,2.658,0.0,BTC-28JUN19-15000-P,8065.93,0.0,0.0005,0.2,1.3465,1.0,499.53,4.73264,-6.06913,-17.66398,5e-05,-0.90696
8109.15,BTC-28JUN19,1557831544453,open,0.18,7.6,0.148,0.2685,0.20836132,100.18,0.203,0.0,BTC-28JUN19-9000-P,8065.93,92.34,0.1975,12.0,0.217,12.0,106.39,11.26057,-12.56905,-7.5428,0.00014,-0.54819
8109.15,BTC-28JUN19,1557831544493,open,0.5,10.5,0.433,0.5325,0.48256901,115.07,0.2685,0.0,BTC-28JUN19-4250-C,8065.93,0.0,0.0215,0.1,0.7335,3.0,500.0,2.23282,-2.86272,4.80289,2e-05,0.9643
8134.78,BTC-27SEP19,1557831544538,open,0.35,2.0,0.323,0.462,0.39261655,98.43,1.8325,0.0,BTC-27SEP19-10000-P,8065.93,0.0,0.0105,0.1,1.0885,0.3,500.0,19.78201,-7.16541,-27.55553,8e-05,-0.51733
8134.78,BTC-27SEP19,1557831544572,open,0.02,79.0,0.0005,0.08,0.02864201,93.09,0.024,0.0,BTC-27DEC19-3500-P,8065.93,88.81,0.0245,5.0,0.035,5.0,99.24,8.10729,-1.66328,-4.7221,2e-05,-0.06475
8065.93,index_price,1557831544573,open,0.31,63.5,0.2375,0.337,0.28719549,134.95,0.236,0,BTC-17MAY19-5750-C,8065.93,0.0,0.0105,10.5,0.32,1.0,430.42,0.04445,-1.04282,0.45173,1e-05,0.99805
8134.78,BTC-27SEP19,1557831544575,open,0.54,239.7,0.482,0.5815,0.53189106,98.21,0.45,0.0,BTC-27SEP19-4000-C,8065.93,0.0,0.508,0.2,0.544,1.0,112.02,6.58141,-2.37857,12.08991,3e-05,0.93113
8109.15,BTC-28JUN19,1557831544575,open,0.58,143.2,0.522,0.6215,0.57163592,126.76,0.39,0.0,BTC-28JUN19-3500-C,8065.93,0.0,0.1095,0.1,0.5745,3.0,142.4,1.21787,-1.72011,4.09812,1e-05,0.98268
8134.78,BTC-27SEP19,1557831544575,open,0.0,1669.2,0.0005,0.0515,0.00180091,129.03,0.0005,0.0,BTC-27SEP19-1500-P,8065.93,119.08,0.001,6.7,0.0025,77.2,135.54,0.7843,-0.37241,-0.22184,0.0,-0.00552
8065.93,index_price,1557831544577,open,0.04,26.0,0.0025,0.1075,0.05496926,118.98,0.0565,0,BTC-17MAY19-8250-P,8065.93,98.95,0.048,0.2,0.0545,0.2,117.63,2.81949,-58.3255,-0.39328,0.00046,-0.5639
8065.93,index_price,1557831544577,open,0.11,347.3,0.0345,0.134,0.08442221,116.9,0.111,0,BTC-17MAY19-7500-C,8065.93,113.42,0.0835,0.2,0.0895,0.2,135.32,2.15119,-43.72452,0.43838,0.00036,0.77426
8134.78,BTC-27SEP19,1557831544577,open,1.45,0.0,1.407,1.66,1.53344208,100.25,None,0.0,BTC-27DEC19-20000-P,8065.93,0.0,0.006,5.0,2.3835,0.2,499.79,19.4156,-4.28978,-116.53368,5e-05,-0.77124
8134.78,BTC-27SEP19,1557831544604,open,0.24,103.6,0.1895,0.289,0.23928085,89.23,0.2545,0.0,BTC-27DEC19-9000-C,8065.93,86.06,0.2295,10.0,0.2505,10.0,92.89,25.0381,-4.92387,17.35033,7e-05,0.58242
8109.15,BTC-28JUN19,1557831544610,open,0.27,42.9,0.238,0.3675,0.3027717,103.28,0.45,0.0,BTC-28JUN19-10000-P,8065.93,0.0,0.0015,1.0,0.812,1.0,500.0,10.481,-12.06103,-9.54463,0.00013,-0.65457
8134.78,BTC-27SEP19,1557831544632,open,0.75,0.0,0.7125,0.892,0.80236191,100.85,None,0.0,BTC-27SEP19-14000-P,8065.93,0.0,0.006,10.0,1.556,0.3,500.0,16.78694,-6.22984,-46.01762,7e-05,-0.71724
8134.78,BTC-27SEP19,1557831544691,open,0.04,94.8,0.0005,0.0925,0.04059105,90.63,0.033,0.0,BTC-27DEC19-4000-P,8065.93,87.33,0.0365,5.0,0.046,5.0,94.83,10.27564,-2.05229,-6.52162,3e-05,-0.08839
8065.93,index_price,1557831544712,open,0.0,100.7,0.0005,0.05,0.00025296,134.95,0.0005,0,BTC-31MAY19-3750-P,8065.93,0.0,0.0,0.0,0.001,3.4,158.93,0.14331,-0.57301,-0.01094,0.0,-0.00268
8134.78,BTC-27SEP19,1557831544725,open,0.34,55.6,0.2815,0.381,0.33110566,89.23,0.332,0.0,BTC-27DEC19-7000-C,8065.93,81.75,0.311,5.0,0.3385,5.0,91.99,21.80765,-4.28851,19.36409,6e-05,0.71407
8109.15,BTC-28JUN19,1557831544723,open,0.11,471.2,0.049,0.1485,0.09854306,100.22,0.091,0.0,BTC-28JUN19-9000-C,8065.93,96.57,0.0935,1.0,0.1045,3.7,104.49,11.26084,-12.57455,3.52264,0.00014,0.45189
8134.78,BTC-27SEP19,1557831544742,open,0.64,0.0,0.6075,0.776,0.69177291,99.18,None,0.0,BTC-27SEP19-13000-P,8065.93,0.0,0.006,50.0,1.439,0.3,500.0,17.71247,-6.46461,-41.58594,7e-05,-0.68158
8065.93,index_price,1557831544744,open,0.19,0.0,0.1565,0.278,0.21731105,113.38,None,0,BTC-31MAY19-9500-P,8065.93,0.0,0.0,0.0,0.0,0.0,0.0,5.95012,-19.98875,-3.45299,0.00017,-0.7086
8134.62,BTC-27SEP19,1557831544744,open,0.69,0.0,0.657,0.831,0.74406231,94.54,None,0.0,BTC-27DEC19-13000-P,8065.93,0.0,0.0075,0.2,1.537,0.3,500.0,24.75886,-5.15862,-68.0174,6e-05,-0.60114
8109.57,BTC-28JUN19,1557831544741,open,0.03,141.0,0.0005,0.083,0.03160546,99.11,0.034,0.0,BTC-28JUN19-6000-P,8065.93,96.51,0.0295,3.4,0.037,20.0,105.61,6.60049,-7.28879,-1.80063,8e-05,-0.149
8065.93,index_price,1557831544751,open,0.01,279.7,0.0005,0.057,0.00678791,109.94,0.008,0,BTC-31MAY19-5750-P,8065.93,102.48,0.005,25.0,0.0085,2.1,116.21,2.08157,-6.78017,-0.25122,6e-05,-0.06058
8134.62,BTC-27SEP19,1557831544762,open,0.4,123.7,0.3415,0.441,0.39111048,89.27,0.383,0.0,BTC-27DEC19-6000-C,8065.93,76.15,0.361,5.0,0.4125,5.0,98.5,18.81045,-3.70067,19.84479,5e-05,0.78359
8065.93,index_price,1557831544764,open,0.07,19.4,0.0315,0.1395,0.08535847,110.72,0.084,0,BTC-24MAY19-8250-P,8065.93,99.5,0.078,15.0,0.091,15.0,119.32,5.29015,-29.65623,-1.30604,0.00027,-0.51309
8135.14,BTC-27SEP19,1557831544759,open,0.36,738.8,0.302,0.4015,0.35163728,93.05,0.329,0.0,BTC-27SEP19-6000-C,8065.93,90.64,0.3475,4.9,0.364,4.9,100.09,14.14666,-4.84383,13.39313,6e-05,0.79392
8065.93,index_price,1557831544767,open,0.0,242.0,0.0005,0.054,0.00395972,114.08,0.002,0,BTC-24MAY19-6000-P,8065.93,99.77,0.002,73.4,0.0055,1.7,122.75,1.31117,-7.57326,-0.11209,7e-05,-0.0474
8109.57,BTC-28JUN19,1557831544768,open,0.23,1253.1,0.1575,0.257,0.2073213,98.45,0.1995,0.0,BTC-28JUN19-7000-C,8065.93,93.85,0.202,3.8,0.207,10.0,98.14,9.48194,-10.40059,5.16476,0.00012,0.72536
8065.93,index_price,1557831544777,open,0.0,513.2,0.0005,0.0515,0.00146725,131.11,0.002,0,BTC-31MAY19-4500-P,8065.93,113.33,0.0005,164.4,0.002,2.3,137.57,0.60048,-2.33255,-0.05588,2e-05,-0.01352
8135.14,BTC-27SEP19,1557831544796,open,0.07,3.3,0.022,0.1215,0.07159152,102.56,0.07,0.0,BTC-27SEP19-15000-C,8065.93,99.13,0.065,5.0,0.079,4.0,106.3,15.87471,-5.99135,5.49527,6e-05,0.25306
8134.62,BTC-27SEP19,1557831544811,open,0.62,0.0,0.5635,0.663,0.61348772,104.39,None,0.0,BTC-27SEP19-3250-C,8065.93,0.0,0.0075,0.2,0.632,1.0,133.21,4.21538,-1.61928,10.51454,2e-05,0.96071
8065.93,index_price,1557831544811,open,0.2,21.3,0.1275,0.227,0.17748313,110.45,0.19,0,BTC-24MAY19-6750-C,8065.93,0.0,0.05,0.2,0.0,0.0,0.0,2.98228,-16.67717,1.48504,0.00015,0.85795
8134.62,BTC-27SEP19,1557831544829,open,0.97,0.0,0.9285,1.131,1.02971198,103.8,None,0.0,BTC-27SEP19-16000-P,8065.93,0.0,0.006,10.0,1.7915,0.2,500.0,14.92912,-5.70223,-54.61497,6e-05,-0.77383
8134.62,BTC-27SEP19,1557831544832,open,0.07,21.6,0.016,0.1155,0.06553793,102.22,0.0535,0.0,BTC-27DEC19-22000-C,8065.93,95.61,0.0515,4.0,0.0735,4.0,105.72,18.10722,-4.07928,6.94232,4e-05,0.20284
8134.62,BTC-27SEP19,1557831544832,open,0.11,78.8,0.0725,0.185,0.12865157,89.25,0.125,0.0,BTC-27DEC19-6000-P,8065.93,85.5,0.12,5.0,0.138,5.0,93.29,18.81018,-3.69977,-17.44719,5e-05,-0.21641
8109.42,BTC-28JUN19,1557831544832,open,0.0,137.0,0.0005,0.054,0.00392245,121.29,0.0055,0.0,BTC-28JUN19-3750-P,8065.93,112.3,0.0025,4.1,0.0055,10.0,129.23,1.45626,-1.96792,-0.25217,1e-05,-0.02137
8134.62,BTC-27SEP19,1557831544841,open,0.79,0.0,0.757,0.941,0.84897237,94.54,None,0.0,BTC-27DEC19-14000-P,8065.93,0.0,0.0075,0.1,1.657,0.2,499.03,24.01652,-5.00374,-75.23595,6e-05,-0.63899
8065.93,index_price,1557831544845,open,0.0,289.2,0.0005,0.051,0.00099717,134.95,0.0015,0,BTC-31MAY19-4250-P,8065.93,123.47,0.0005,4.4,0.003,3.6,159.93,0.43405,-1.73542,-0.03842,1e-05,-0.00931
8065.93,index_price,1557831544846,open,0.0,289.2,0.0005,0.051,0.00099717,134.95,0.0015,0,BTC-31MAY19-4250-P,8065.93,123.47,0.0005,4.4,0.0025,2.0,155.05,0.43405,-1.73542,-0.03842,1e-05,-0.00931
8065.93,index_price,1557831544855,open,0.0,297.5,0.0005,0.0515,0.00145114,133.75,0.003,0,BTC-17MAY19-6500-P,8065.93,112.89,0.0005,22.6,0.0025,1.5,148.36,0.49012,-11.39752,-0.02013,7e-05,-0.03022
212.36,ETH-27SEP19,1557831544877,open,0.22,864.0,0.164,0.263,0.213842,94.69,0.2,0.0,ETH-27SEP19-220-C,206.16,91.39,0.206,120.0,0.221,30.0,97.71,0.50367,-0.1755,0.29741,0.00317,0.59006
8109.15,BTC-28JUN19,1557831544935,open,0.37,5.7,0.336,0.476,0.40581801,105.69,1.142,0.0,BTC-28JUN19-11000-P,8065.93,0.0,0.002,1.0,0.9165,1.0,500.0,9.2576,-10.90128,-11.40478,0.00011,-0.7381
8134.62,BTC-27SEP19,1557831544935,open,0.77,28.2,0.7085,0.808,0.75849656,123.72,0.755,0.0,BTC-27SEP19-2000-C,8065.93,0.0,0.01,1.0,0.7585,1.0,123.74,1.6256,-0.74011,6.92937,1e-05,0.98732
8065.93,index_price,1557831544944,open,0.17,0.0,0.142,0.2615,0.20175938,119.16,None,0,BTC-24MAY19-9500-P,8065.93,0.0,0.0615,1.0,0.0,0.0,0.0,4.0345,-24.34003,-2.11944,0.00019,-0.76941
8134.62,BTC-27SEP19,1557831544944,open,0.08,63.3,0.0255,0.125,0.0750276,100.32,0.077,0.0,BTC-27DEC19-20000-C,8065.93,94.0,0.0605,4.0,0.0835,4.0,103.8,19.43032,-4.29603,7.78934,5e-05,0.22908
8134.62,BTC-27SEP19,1557831544944,open,0.12,59.7,0.0645,0.164,0.11445476,95.22,0.113,0.0,BTC-27DEC19-15000-C,8065.93,88.45,0.0955,4.0,0.1275,4.0,99.74,23.22807,-4.87468,10.90257,6e-05,0.33008
8065.93,index_price,1557831544972,open,0.03,12.8,0.0005,0.092,0.0402105,110.35,0.0405,0,BTC-24MAY19-7500-P,8065.93,104.81,0.037,0.2,0.0425,2.0,114.28,4.69074,-26.2079,-0.76763,0.00024,-0.31153
8135.14,BTC-27SEP19,1557831544975,open,0.03,65.5,0.0005,0.0925,0.04066686,94.58,0.0225,0.0,BTC-27SEP19-4750-P,8065.93,91.37,0.037,4.7,0.0465,6.0,99.54,9.39732,-3.27058,-4.5944,4e-05,-0.11106
8065.93,index_price,1557831544976,open,0.16,274.4,0.087,0.1865,0.13693859,124.0,0.1315,0,BTC-17MAY19-7000-C,8065.93,117.15,0.136,0.2,0.142,0.2,153.89,1.15949,-24.99961,0.49148,0.00018,0.91033
8134.62,BTC-27SEP19,1557831544984,open,0.56,29.1,0.499,0.5985,0.54890017,90.65,0.535,0.0,BTC-27DEC19-4000-C,8065.93,0.0,0.012,5.0,0.98,0.5,500.0,10.27829,-2.0534,18.33818,3e-05,0.91158
8065.93,index_price,1557831544988,open,0.0,101.4,0.0005,0.05,0.00011093,134.95,0.0005,0,BTC-31MAY19-3500-P,8065.93,0.0,0.0,0.0,0.001,5.5,172.1,0.07186,-0.2873,-0.00509,0.0,-0.00125
8065.93,index_price,1557831544999,open,0.0,179.8,0.0005,0.05,9e-08,134.95,0.0005,0,BTC-17MAY19-4750-P,8065.93,0.0,0.0,0.0,0.0005,14.1,251.23,0.00012,-0.00076,0.0,0.0,0.0
8135.14,BTC-27SEP19,1557831545019,open,0.05,50.1,0.0005,0.0965,0.04678748,104.52,0.04,0.0,BTC-27SEP19-18000-C,8065.93,101.09,0.0415,4.8,0.05,0.2,106.51,12.89064,-4.95776,3.94535,5e-05,0.17708
8135.14,BTC-27SEP19,1557831545021,open,0.03,93.9,0.0005,0.0855,0.03389273,95.32,0.0295,0.0,BTC-27SEP19-4500-P,8065.93,91.99,0.0305,4.8,0.04,11.0,101.08,8.40729,-2.94883,-3.91145,4e-05,-0.09528
8109.15,BTC-28JUN19,1557831545035,open,0.44,97.0,0.375,0.4745,0.42483008,108.96,0.1965,0.0,BTC-28JUN19-4750-C,8065.93,0.0,0.1,1.0,0.7155,2.0,500.0,3.20003,-3.88508,5.17794,4e-05,0.94418
8135.14,BTC-27SEP19,1557831545043,open,0.01,311.8,0.0005,0.058,0.00775128,117.04,0.0075,0.0,BTC-27SEP19-2500-P,8065.93,111.26,0.006,4.5,0.01,4.4,123.54,2.63016,-1.13278,-0.9085,1e-05,-0.02225
8135.14,BTC-27SEP19,1557831545045,open,0.01,311.8,0.0005,0.058,0.00775128,117.04,0.0075,0.0,BTC-27SEP19-2500-P,8065.93,111.26,0.006,4.5,0.01,4.5,123.54,2.63016,-1.13278,-0.9085,1e-05,-0.02225
8065.93,index_price,1557831545047,open,0.02,69.5,0.0005,0.0655,0.01555732,124.93,0.0215,0,BTC-17MAY19-8750-C,8065.93,119.33,0.014,1.3,0.018,1.3,133.47,2.26873,-49.28185,0.14815,0.00035,0.24868
8135.14,BTC-27SEP19,1557831545048,open,0.24,977.3,0.18,0.2795,0.22998087,93.04,0.22,0.0,BTC-27SEP19-8000-C,8065.93,91.53,0.2265,4.8,0.233,3.0,94.33,18.85292,-6.45481,11.90109,8e-05,0.62299
8109.42,BTC-28JUN19,1557831545065,open,0.0,680.4,0.0005,0.0505,0.00053568,134.94,0.001,0.0,BTC-28JUN19-2500-P,8065.93,145.67,0.001,4.0,0.0025,15.7,165.96,0.27794,-0.41788,-0.03753,0.0,-0.00323
8134.62,BTC-27SEP19,1557831545066,open,0.85,0.0,0.82,1.011,0.91544424,102.5,None,0.0,BTC-27SEP19-15000-P,8065.93,0.0,0.006,10.0,1.673,0.3,499.45,15.86443,-5.98387,-50.34891,6e-05,-0.74722
8134.62,BTC-27SEP19,1557831545068,open,0.05,114.0,0.005,0.11,0.05747953,90.0,0.04,0.0,BTC-27DEC19-4500-P,8065.93,86.42,0.052,5.0,0.065,5.0,94.78,12.61567,-2.50217,-8.83141,3e-05,-0.11718
8109.15,BTC-28JUN19,1557831545070,open,0.81,2.0,0.772,0.958,0.8648554,115.1,2.658,0.0,BTC-28JUN19-15000-P,8065.93,0.0,0.0005,0.2,1.3475,1.0,500.0,4.73264,-6.06913,-17.66398,5e-05,-0.90696
8109.42,BTC-28JUN19,1557831545067,open,0.0,680.4,0.0005,0.0505,0.00053568,134.94,0.001,0.0,BTC-28JUN19-2500-P,8065.93,145.67,0.001,4.0,0.002,1.7,160.4,0.27794,-0.41788,-0.03753,0.0,-0.00323
8109.15,BTC-28JUN19,1557831545076,open,0.16,1306.6,0.093,0.1925,0.1426395,98.24,0.142,0.0,BTC-28JUN19-8000-C,8065.93,94.84,0.138,2.9,0.1515,3.8,104.71,11.09236,-12.14161,4.39795,0.00014,0.58378
8135.14,BTC-27SEP19,1557831545073,open,0.01,47.8,0.0005,0.07,0.01914793,99.5,0.0165,0.0,BTC-27SEP19-3750-P,8065.93,96.36,0.017,4.7,0.0245,9.2,106.77,5.69031,-2.08342,-2.31011,2e-05,-0.05714
8065.93,index_price,1557831545094,open,0.01,82.7,0.0005,0.072,0.02097236,110.35,0.017,0,BTC-24MAY19-7000-P,8065.93,102.44,0.0175,2.0,0.023,1.9,114.82,3.62024,-20.22686,-0.46416,0.00019,-0.19171
8134.62,BTC-27SEP19,1557831545095,open,0.44,3.1,0.4125,0.561,0.48672452,98.43,1.9215,0.0,BTC-27SEP19-11000-P,8065.93,0.0,0.008,0.2,1.205,0.3,500.0,19.39966,-7.02674,-32.30625,8e-05,-0.58012
8065.93,index_price,1557831545097,open,0.09,207.4,0.0265,0.126,0.07618233,110.36,0.075,0,BTC-24MAY19-8000-C,8065.93,107.0,0.074,2.1,0.0815,1.9,118.54,5.24429,-29.30093,1.04295,0.00027,0.55408
8065.93,index_price,1557831545104,open,0.04,27.2,0.0005,0.1055,0.05302272,110.35,0.0605,0,BTC-24MAY19-7750-P,8065.93,104.71,0.0495,2.1,0.0565,1.9,115.91,5.04331,-28.17777,-0.94053,0.00026,-0.37795
8065.93,index_price,1557831545113,open,0.11,366.4,0.046,0.1455,0.0955743,107.26,0.093,0,BTC-31MAY19-8000-C,8065.93,104.81,0.0935,2.4,0.1025,2.5,115.43,6.84076,-21.739,1.73187,0.00021,0.55997
8065.93,index_price,1557831545119,open,0.11,366.4,0.046,0.1455,0.0955743,107.26,0.093,0,BTC-31MAY19-8000-C,8065.93,104.81,0.0935,2.4,0.102,2.4,114.84,6.84076,-21.739,1.73187,0.00021,0.55997
8065.93,index_price,1557831545125,open,0.03,3.7,0.0005,0.0735,0.02396587,119.16,0.0265,0,BTC-24MAY19-9500-C,8065.93,113.12,0.021,22.1,0.027,2.0,125.13,4.03449,-24.33986,0.45094,0.00019,0.23059
8135.14,BTC-27SEP19,1557831545126,open,0.0,421.8,0.0005,0.0545,0.00434359,123.65,0.001,0.0,BTC-27SEP19-2000-P,8065.93,112.86,0.0025,4.4,0.0055,5.4,129.06,1.62198,-0.73799,-0.51438,1e-05,-0.01264
8135.14,BTC-27SEP19,1557831545128,open,0.0,421.8,0.0005,0.0545,0.00434359,123.65,0.001,0.0,BTC-27SEP19-2000-P,8065.93,112.86,0.0025,4.4,0.0055,5.5,129.06,1.62198,-0.73799,-0.51438,1e-05,-0.01264
8134.62,BTC-27SEP19,1557831545131,open,0.0,121.6,0.0005,0.0545,0.00432683,114.86,0.002,0.0,BTC-27DEC19-1500-P,8065.93,101.4,0.002,1.0,0.0,0.0,0.0,1.7358,-0.4394,-0.7334,0.0,-0.01018
8065.93,index_price,1557831545129,open,0.03,93.1,0.0005,0.087,0.03526119,107.26,0.0385,0,BTC-31MAY19-7000-P,8065.93,100.7,0.031,2.3,0.0385,2.5,112.15,5.30109,-16.8461,-0.9994,0.00016,-0.23273
8065.93,index_price,1557831545135,open,0.03,93.1,0.0005,0.087,0.03526119,107.26,0.0385,0,BTC-31MAY19-7000-P,8065.93,100.7,0.031,2.3,0.038,2.4,111.4,5.30109,-16.8461,-0.9994,0.00016,-0.23273
8065.93,index_price,1557831545144,open,0.4,0.0,0.331,0.4305,0.38089125,131.03,None,0,BTC-24MAY19-5000-C,8065.93,0.0,0.0015,1.0,0.0,0.0,0.0,0.35351,-2.34527,1.32931,2e-05,0.99
8109.42,BTC-28JUN19,1557831545141,open,0.06,329.5,0.0005,0.099,0.04939197,105.75,0.051,0.0,BTC-28JUN19-11000-C,8065.93,103.63,0.047,24.9,0.0545,20.0,110.15,9.26192,-10.91275,2.1209,0.00011,0.26213
8065.93,index_price,1557831545147,open,0.04,27.1,0.0005,0.0855,0.03550379,116.25,0.0365,0,BTC-24MAY19-9000-C,8065.93,111.09,0.0325,2.0,0.039,2.0,122.18,4.7229,-27.7981,0.61331,0.00023,0.31653
8109.03,BTC-28JUN19,1557831545148,open,0.76,20.1,0.7035,0.803,0.75347466,136.28,0.578,0.0,BTC-28JUN19-2000-C,8065.93,0.0,0.006,0.1,0.871,1.0,500.0,0.07497,-0.11383,2.45017,0.0,0.99923
8065.93,index_price,1557831545149,open,0.05,16.8,0.015,0.121,0.06800845,110.36,0.0745,0,BTC-24MAY19-8000-P,8065.93,98.81,0.0605,15.0,0.0735,15.0,118.8,5.24429,-29.30093,-1.12158,0.00027,-0.44592
8109.42,BTC-28JUN19,1557831545148,open,0.31,2062.0,0.242,0.3415,0.29172852,99.17,0.2,0.0,BTC-28JUN19-6000-C,8065.93,95.73,0.289,3.8,0.2985,3.8,107.22,6.60335,-7.29597,5.57475,8e-05,0.8509
8109.42,BTC-28JUN19,1557831545154,open,0.01,608.2,0.0005,0.064,0.01345508,106.76,0.01,0.0,BTC-28JUN19-5000-P,8065.93,102.45,0.0115,3.2,0.014,34.4,107.92,3.7995,-4.51934,-0.82767,4e-05,-0.06956
8065.93,index_price,1557831545158,open,0.0,521.0,0.0005,0.0505,0.00062738,134.94,0.001,0,BTC-17MAY19-6250-P,8065.93,130.69,0.0005,1.7,0.002,2.0,163.14,0.25993,-5.06039,-0.00947,4e-05,-0.01428
8065.93,index_price,1557831545162,open,0.1,17.9,0.072,0.1845,0.1281189,115.05,0.1345,0,BTC-24MAY19-8750-P,8065.93,99.32,0.1185,15.0,0.1325,15.0,122.07,5.00326,-29.14271,-1.65754,0.00025,-0.63139
8134.62,BTC-27SEP19,1557831545191,open,0.1,66.0,0.044,0.1435,0.09370645,99.23,0.09,0.0,BTC-27SEP19-13000-C,8065.93,95.89,0.0865,5.1,0.1025,4.0,103.23,17.7164,-6.46932,6.81036,7e-05,0.3186
8134.62,BTC-27SEP19,1557831545191,open,0.13,69.7,0.0785,0.178,0.12804316,94.57,0.13,0.0,BTC-27DEC19-14000-C,8065.93,89.25,0.1125,10.0,0.1375,10.0,97.76,24.02022,-5.00649,11.78751,6e-05,0.36117
8134.62,BTC-27SEP19,1557831545191,open,0.19,299.3,0.142,0.2415,0.19191615,94.58,0.174,0.0,BTC-27DEC19-11000-C,8065.93,86.16,0.1655,10.0,0.1915,10.0,94.44,25.57255,-5.33009,14.93439,7e-05,0.48728
8134.62,BTC-27SEP19,1557831545215,open,0.26,15.2,0.2275,0.3565,0.29208498,93.01,0.265,0.0,BTC-27SEP19-9000-P,8065.93,84.32,0.271,3.0,0.3065,3.0,98.97,19.69022,-6.73916,-22.71273,9e-05,-0.45795
8065.93,index_price,1557831545215,open,0.02,42.5,0.0005,0.0885,0.03673156,115.43,0.038,0,BTC-17MAY19-8000-P,8065.93,100.52,0.0315,0.2,0.038,0.2,119.04,2.83168,-56.82929,-0.30788,0.00048,-0.44775
8134.62,BTC-27SEP19,1557831545215,open,0.01,84.9,0.0005,0.059,0.00881682,109.68,0.008,0.0,BTC-27DEC19-2000-P,8065.93,96.29,0.0045,0.1,0.0145,5.0,122.76,3.09801,-0.74881,-1.45429,1e-05,-0.01995
8134.62,BTC-27SEP19,1557831545215,open,0.21,416.5,0.1545,0.254,0.20436268,89.23,0.1925,0.0,BTC-27DEC19-10000-C,8065.93,87.21,0.198,10.0,0.219,10.0,93.9,25.54214,-5.02292,16.12324,7e-05,0.52324
8065.93,index_price,1557831545217,open,0.22,511.3,0.146,0.2455,0.19559243,133.75,0.1835,0,BTC-17MAY19-6500-C,8065.93,107.85,0.1945,0.2,0.2015,0.2,191.31,0.49013,-11.39776,0.49198,7e-05,0.96978
8134.62,BTC-27SEP19,1557831545217,open,0.77,0.0,0.713,0.8125,0.76296979,109.72,None,0.0,BTC-27DEC19-2000-C,8065.93,0.0,0.012,5.0,0.9915,0.5,500.0,3.10086,-0.74978,10.97536,1e-05,0.98003
8065.93,index_price,1557831545214,open,0.13,94.8,0.0605,0.16,0.11037352,110.35,0.114,0,BTC-24MAY19-7500-C,8065.93,101.92,0.1055,15.0,0.1185,15.0,124.21,4.69074,-26.20803,1.26162,0.00024,0.68847
8065.93,index_price,1557831545235,open,0.08,5.1,0.0505,0.161,0.10572603,112.67,0.135,0,BTC-24MAY19-8500-P,8065.93,99.06,0.097,15.0,0.111,15.0,120.83,5.19815,-29.65179,-1.4865,0.00026,-0.57541
8134.62,BTC-27SEP19,1557831545246,open,0.52,0.2,0.456,0.5555,0.50596833,96.7,0.26,0.0,BTC-27SEP19-4250-C,8065.93,0.0,0.0025,1.0,0.532,2.0,121.95,7.48006,-2.66184,12.49354,3e-05,0.91854
206.16,index_price,1557831545248,open,0.26,0.0,0.181,0.28,0.230802,114.81,0.196,0,ETH-24MAY19-160-C,206.16,101.35,0.228,50.0,0.238,50.0,140.81,0.0482,-0.28019,0.0387,0.00365,0.92459
212.36,ETH-27SEP19,1557831545250,open,1.04,0.0,1.032,1.245,1.138373,110.35,None,0.0,ETH-27SEP19-440-P,206.16,0.0,0.001,2.0,0.0,0.0,0.0,0.39155,-0.159,-1.51018,0.00211,-0.77195
8065.93,index_price,1557831545247,open,0.13,94.8,0.0605,0.16,0.11037352,110.35,0.114,0,BTC-24MAY19-7500-C,8065.93,102.79,0.106,15.0,0.1185,15.0,124.21,4.69074,-26.20803,1.26162,0.00024,0.68847
209.4,ETH-28JUN19,1557831545289,open,0.27,114.0,0.25,0.38,0.315069,107.7,0.275,0.0,ETH-28JUN19-260-P,206.16,96.68,0.301,120.0,0.319,120.0,110.71,0.27206,-0.32646,-0.24836,0.00469,-0.64964
206.16,index_price,1557831545289,open,0.11,192.0,0.04,0.139,0.089996,114.81,0.105,0,ETH-24MAY19-200-C,206.16,110.09,0.087,150.0,0.101,150.0,132.12,0.13096,-0.76122,0.02848,0.00992,0.60066
8065.93,index_price,1557831545320,open,0.05,26.2,0.0225,0.13,0.0762366,121.68,0.0885,0,BTC-17MAY19-8500-P,8065.93,96.99,0.0685,0.2,0.0745,0.2,116.27,2.60253,-55.06242,-0.47224,0.00042,-0.66688
8134.62,BTC-27SEP19,1557831545346,open,1.68,0.0,1.6315,1.908,1.76985524,102.15,None,0.0,BTC-27DEC19-22000-P,8065.93,0.0,0.006,10.0,2.626,0.3,499.68,18.08848,-4.07196,-129.81369,4e-05,-0.79751
8109.15,BTC-28JUN19,1557831545402,open,0.16,1306.6,0.093,0.1925,0.1426395,98.24,0.142,0.0,BTC-28JUN19-8000-C,8065.93,94.84,0.138,2.9,0.1515,4.0,104.71,11.09236,-12.14161,4.39795,0.00014,0.58378
8065.93,index_price,1557831545405,open,0.12,0.0,0.097,0.212,0.15429628,132.04,None,0,BTC-17MAY19-9250-P,8065.93,78.63,0.1475,5.0,0.159,5.0,154.31,1.54242,-35.41181,-0.64871,0.00023,-0.86652
8134.62,BTC-27SEP19,1557831545412,open,0.24,1.3,0.2,0.326,0.26301529,88.73,0.287,0.0,BTC-27DEC19-8000-P,8065.93,82.44,0.2445,4.0,0.2755,1.0,92.99,23.86075,-4.66568,-31.21562,7e-05,-0.35435
8065.93,index_price,1557831545417,open,0.01,148.4,0.0005,0.0745,0.02354985,115.66,0.027,0,BTC-17MAY19-7750-P,8065.93,112.38,0.0225,1.0,0.0245,1.2,118.61,2.59206,-52.12448,-0.22453,0.00044,-0.32977
8065.93,index_price,1557831545419,open,0.0,18.7,0.0005,0.051,0.00127689,127.79,0.001,0,BTC-24MAY19-5250-P,8065.93,112.14,0.0005,2.4,0.002,2.8,137.34,0.52697,-3.40941,-0.03739,2e-05,-0.01586
8065.93,index_price,1557831545421,open,0.28,14.1,0.2105,0.31,0.26009014,114.08,0.231,0,BTC-24MAY19-6000-C,8065.93,0.0,0.0015,1.0,0.0,0.0,0.0,1.31118,-7.57331,1.51132,7e-05,0.9526
8134.62,BTC-27SEP19,1557831545421,open,0.4,1.0,0.362,0.505,0.43359782,89.21,0.438,0.0,BTC-27DEC19-10000-P,8065.93,0.0,0.008,0.1,0.4675,0.1,100.04,25.54241,-5.02156,-46.03416,7e-05,-0.47683
8065.93,index_price,1557831545446,open,0.0,207.6,0.0005,0.055,0.00478644,124.0,0.007,0,BTC-17MAY19-7000-P,8065.93,121.98,0.0045,1.0,0.006,4.9,132.03,1.15945,-24.9982,-0.06002,0.00018,-0.08967
8065.93,index_price,1557831545457,open,0.04,67.6,0.0005,0.0975,0.04568755,107.26,0.0365,0,BTC-31MAY19-7250-P,8065.93,102.85,0.0425,2.6,0.0505,2.5,113.85,5.85557,-18.60818,-1.22099,0.00018,-0.28172
8134.62,BTC-27SEP19,1557831545521,open,0.06,8.1,0.0175,0.117,0.06714395,108.25,0.0685,0.0,BTC-27DEC19-24000-C,8065.93,97.12,0.0445,4.0,0.1,5.0,121.99,17.9647,-4.28583,6.72675,4e-05,0.20018
8134.62,BTC-27SEP19,1557831545533,open,0.02,94.9,0.0005,0.0685,0.01776519,94.09,0.021,0.0,BTC-27DEC19-3000-P,8065.93,87.03,0.013,5.0,0.024,5.0,102.18,5.87331,-1.21793,-3.0785,2e-05,-0.04312
8134.62,BTC-27SEP19,1557831545533,open,1.91,0.0,1.8665,2.168,2.01730829,108.17,None,0.0,BTC-27DEC19-24000-P,8065.93,0.0,0.01,1.0,2.8685,0.2,499.37,17.94449,-4.27763,-142.46119,4e-05,-0.80019
8109.03,BTC-28JUN19,1557831545545,open,0.0,854.7,0.0005,0.0515,0.00180378,134.84,0.0025,0.0,BTC-28JUN19-3000-P,8065.93,131.29,0.0015,3.5,0.0035,18.5,149.79,0.73492,-1.10416,-0.11424,1e-05,-0.00965
8134.62,BTC-27SEP19,1557831545545,open,0.49,289.7,0.431,0.5305,0.48073692,95.35,0.4705,0.0,BTC-27SEP19-4500-C,8065.93,0.0,0.02,3.0,0.5,0.1,112.69,8.41108,-2.9513,12.83717,4e-05,0.90466
206.16,index_price,1557831545555,open,0.3,273.0,0.223,0.322,0.272526,133.89,0.284,0,ETH-17MAY19-150-C,206.16,162.44,0.273,50.0,0.282,50.0,276.68,0.00173,-0.04033,0.01177,0.00039,0.99688
206.16,index_price,1557831545567,open,0.23,0.0,0.216,0.343,0.279261,132.91,0.299,0,ETH-24MAY19-260-P,206.16,83.24,0.264,50.0,0.276,50.0,124.8,0.08599,-0.5786,-0.06184,0.00563,-0.82946
8134.62,BTC-27SEP19,1557831545579,open,0.54,6.1,0.507,0.6655,0.58620573,98.43,1.781,0.0,BTC-27SEP19-12000-P,8065.93,0.0,0.012,0.1,1.3215,0.3,499.95,18.64255,-6.75213,-37.00353,8e-05,-0.63575
206.16,index_price,1557831545612,open,0.01,1058.0,0.001,0.064,0.013681,114.81,0.008,0,ETH-24MAY19-170-P,206.16,81.07,0.004,250.0,0.01,65.0,103.77,0.07261,-0.42205,-0.00814,0.0055,-0.13229
8134.62,BTC-27SEP19,1557831545621,open,0.09,53.9,0.047,0.157,0.10192106,89.51,0.1,0.0,BTC-27DEC19-5500-P,8065.93,86.42,0.0955,5.0,0.111,5.0,93.85,16.95041,-3.34369,-14.36011,5e-05,-0.18208
206.16,index_price,1557831545620,open,0.02,237.0,0.001,0.062,0.012071,133.68,0.019,0,ETH-17MAY19-230-C,206.16,124.95,0.01,237.0,0.015,38.0,145.29,0.05031,-1.16944,0.00296,0.01124,0.19411
209.4,ETH-28JUN19,1557831545631,open,0.27,114.0,0.25,0.38,0.315069,107.7,0.275,0.0,ETH-28JUN19-260-P,206.16,95.88,0.3,120.0,0.319,120.0,110.71,0.27206,-0.32646,-0.24836,0.00469,-0.64964
212.36,ETH-27SEP19,1557831545641,open,0.21,991.0,0.188,0.312,0.249818,94.69,0.23,0.0,ETH-27SEP19-220-P,206.16,91.4,0.242,120.0,0.259,40.0,98.57,0.50367,-0.1755,-0.52156,0.00317,-0.40994
212.36,ETH-27SEP19,1557831545646,open,0.31,803.0,0.245,0.344,0.294473,94.69,0.24,0.0,ETH-27SEP19-180-C,206.16,86.7,0.278,30.0,0.297,30.0,95.92,0.43813,-0.15267,0.33431,0.00276,0.71736
206.16,index_price,1557831545654,open,0.26,0.0,0.181,0.28,0.230802,114.81,0.196,0,ETH-24MAY19-160-C,206.16,106.56,0.229,50.0,0.238,50.0,140.81,0.0482,-0.28019,0.0387,0.00365,0.92459
212.36,ETH-27SEP19,1557831545656,open,0.11,482.0,0.061,0.16,0.110358,100.46,0.11,0.0,ETH-27SEP19-320-C,206.16,96.77,0.102,40.0,0.121,40.0,105.1,0.48404,-0.17894,0.19617,0.00287,0.3585
209.4,ETH-28JUN19,1557831545665,open,0.27,114.0,0.25,0.38,0.315069,107.7,0.275,0.0,ETH-28JUN19-260-P,206.16,95.88,0.3,120.0,0.318,120.0,109.95,0.27206,-0.32646,-0.24836,0.00469,-0.64964
212.36,ETH-27SEP19,1557831545681,open,0.22,864.0,0.164,0.263,0.213842,94.69,0.2,0.0,ETH-27SEP19-220-C,206.16,91.39,0.206,120.0,0.222,30.0,98.14,0.50367,-0.1755,0.29741,0.00317,0.59006
206.16,index_price,1557831545688,open,0.26,0.0,0.181,0.28,0.230802,114.81,0.196,0,ETH-24MAY19-160-C,206.16,106.56,0.229,50.0,0.239,50.0,143.94,0.0482,-0.28019,0.0387,0.00365,0.92459
209.4,ETH-28JUN19,1557831545694,open,0.11,1762.0,0.042,0.141,0.091027,102.72,0.1,0.0,ETH-28JUN19-240-C,206.16,98.32,0.085,60.0,0.098,104.0,107.8,0.2872,-0.32871,0.08503,0.00519,0.4213
206.16,index_price,1557831545698,open,0.19,50.0,0.175,0.298,0.236282,130.29,0.276,0,ETH-24MAY19-250-P,206.16,89.93,0.22,50.0,0.234,50.0,125.45,0.09882,-0.65187,-0.05702,0.0066,-0.78597
206.16,index_price,1557831545703,open,0.09,203.0,0.064,0.175,0.119053,119.82,0.095,0,ETH-24MAY19-220-P,206.16,97.57,0.105,150.0,0.119,150.0,119.73,0.13172,-0.79904,-0.03963,0.00956,-0.5914
206.16,index_price,1557831545708,open,0.17,752.0,0.083,0.182,0.132254,123.84,0.145,0,ETH-17MAY19-180-C,206.16,115.25,0.131,50.0,0.141,50.0,169.79,0.03179,-0.68458,0.01249,0.00767,0.90137
206.16,index_price,1557831545716,open,0.06,350.0,0.035,0.143,0.089061,131.95,0.088,0,ETH-17MAY19-220-P,206.16,86.85,0.076,150.0,0.09,150.0,134.93,0.06455,-1.48079,-0.01266,0.01461,-0.69013
209.4,ETH-28JUN19,1557831545745,open,0.09,2280.0,0.058,0.169,0.113569,99.11,0.094,0.0,ETH-28JUN19-200-P,206.16,93.44,0.106,98.0,0.116,160.0,100.93,0.27953,-0.30868,-0.12703,0.00523,-0.37983
8134.62,BTC-27SEP19,1557831545748,open,0.85,0.0,0.82,1.011,0.91555063,102.5,None,0.0,BTC-27SEP19-15000-P,8065.93,0.0,0.006,10.0,1.674,0.3,500.0,15.86443,-5.98387,-50.34891,6e-05,-0.74722
8134.62,BTC-27SEP19,1557831545753,open,0.54,6.1,0.507,0.6655,0.58628443,98.43,1.781,0.0,BTC-27SEP19-12000-P,8065.93,0.0,0.012,0.1,1.322,0.3,500.0,18.64255,-6.75213,-37.00353,8e-05,-0.63575
8134.62,BTC-27SEP19,1557831545755,open,0.6,261.1,0.535,0.6345,0.58451846,100.06,0.52,0.0,BTC-27SEP19-3500-C,8065.93,0.0,0.161,1.0,0.594,0.5,114.43,4.77432,-1.75794,11.19305,2e-05,0.95417
209.4,ETH-28JUN19,1557831545764,open,0.08,2010.0,0.024,0.123,0.073242,107.55,0.071,0.0,ETH-28JUN19-260-C,206.16,105.82,0.071,2.0,0.077,111.0,110.44,0.27196,-0.3259,0.07125,0.00469,0.34999
209.4,ETH-28JUN19,1557831545769,open,0.11,1734.0,0.083,0.196,0.13969,99.19,0.135,0.0,ETH-28JUN19-210-P,206.16,94.34,0.133,113.0,0.144,120.0,102.31,0.28893,-0.31931,-0.14775,0.0054,-0.43421
209.4,ETH-28JUN19,1557831545795,open,0.16,789.0,0.087,0.186,0.136633,99.05,0.14,0.0,ETH-28JUN19-210-C,206.16,94.97,0.131,99.0,0.144,120.0,104.39,0.28894,-0.31888,0.11046,0.00541,0.56569
209.4,ETH-28JUN19,1557831545805,open,0.05,5064.0,0.017,0.123,0.069944,99.17,0.053,0.0,ETH-28JUN19-180-P,206.16,87.91,0.057,104.0,0.069,160.0,98.35,0.24335,-0.26887,-0.08785,0.00455,-0.27128
209.4,ETH-28JUN19,1557831545810,open,0.11,1762.0,0.042,0.141,0.091027,102.72,0.1,0.0,ETH-28JUN19-240-C,206.16,98.32,0.085,60.0,0.098,106.0,107.8,0.2872,-0.32871,0.08503,0.00519,0.4213
209.4,ETH-28JUN19,1557831545821,open,0.21,774.0,0.133,0.232,0.182843,99.04,0.19,0.0,ETH-28JUN19-190-C,206.16,89.63,0.171,230.0,0.185,98.0,100.74,0.26428,-0.29162,0.12669,0.00495,0.67494
209.4,ETH-28JUN19,1557831545826,open,0.21,774.0,0.133,0.232,0.182843,99.04,0.19,0.0,ETH-28JUN19-190-C,206.16,89.63,0.171,230.0,0.185,101.0,100.74,0.26428,-0.29162,0.12669,0.00495,0.67494
209.4,ETH-28JUN19,1557831545993,open,0.07,2775.0,0.036,0.144,0.090371,99.17,0.077,0.0,ETH-28JUN19-190-P,206.16,90.14,0.079,100.0,0.091,160.0,99.67,0.2643,-0.29205,-0.10697,0.00494,-0.32511
209.4,ETH-28JUN19,1557831546044,open,0.07,2321.0,0.007,0.106,0.056124,108.77,0.058,0.0,ETH-28JUN19-280-C,206.16,104.44,0.051,60.0,0.062,104.0,113.69,0.24884,-0.30156,0.05867,0.00424,0.28396
209.4,ETH-28JUN19,1557831546047,open,0.14,1376.0,0.112,0.228,0.169871,100.43,0.147,0.0,ETH-28JUN19-220-P,206.16,96.14,0.164,113.0,0.175,120.0,104.01,0.29273,-0.32754,-0.16881,0.00541,-0.48571
8109.03,BTC-28JUN19,1557831546108,open,0.0,854.7,0.0005,0.0515,0.00180434,134.84,0.0025,0.0,BTC-28JUN19-3000-P,8065.93,131.29,0.0015,3.4,0.0035,18.5,149.79,0.73492,-1.10416,-0.11424,1e-05,-0.00965
8109.03,BTC-28JUN19,1557831546110,open,0.0,854.7,0.0005,0.0515,0.00180434,134.84,0.0025,0.0,BTC-28JUN19-3000-P,8065.93,131.29,0.0015,3.4,0.0035,18.6,149.79,0.73492,-1.10416,-0.11424,1e-05,-0.00965
8065.93,index_price,1557831546112,open,0.04,136.4,0.0005,0.082,0.03214919,118.98,0.027,0,BTC-17MAY19-8250-C,8065.93,115.69,0.031,1.1,0.0355,1.3,128.55,2.81949,-58.32593,0.25671,0.00046,0.4361
8065.93,index_price,1557831546119,open,0.04,136.4,0.0005,0.082,0.03214919,118.98,0.027,0,BTC-17MAY19-8250-C,8065.93,115.69,0.031,1.1,0.0355,1.5,128.55,2.81949,-58.32593,0.25671,0.00046,0.4361
206.16,index_price,1557831546548,open,0.3,273.0,0.223,0.322,0.272526,133.89,0.284,0,ETH-17MAY19-150-C,206.16,0.0,0.272,50.0,0.282,50.0,276.68,0.00173,-0.04033,0.01177,0.00039,0.99688
206.16,index_price,1557831546549,open,0.23,0.0,0.216,0.343,0.27926,132.91,0.299,0,ETH-24MAY19-260-P,206.16,83.24,0.264,50.0,0.277,50.0,127.35,0.08599,-0.5786,-0.06184,0.00563,-0.82946
206.16,index_price,1557831546564,open,0.01,1058.0,0.001,0.064,0.013681,114.81,0.008,0,ETH-24MAY19-170-P,206.16,85.59,0.005,250.0,0.01,65.0,103.77,0.07261,-0.42205,-0.00814,0.0055,-0.13229
206.16,index_price,1557831546575,open,0.02,237.0,0.001,0.062,0.012071,133.68,0.019,0,ETH-17MAY19-230-C,206.16,124.95,0.01,37.0,0.015,38.0,145.29,0.05031,-1.16944,0.00296,0.01124,0.19411
206.16,index_price,1557831546586,open,0.3,0.0,0.226,0.325,0.275462,114.81,None,0,ETH-24MAY19-150-C,206.16,101.93,0.274,50.0,0.284,50.0,157.28,0.02783,-0.16176,0.03831,0.00211,0.96233
209.4,ETH-28JUN19,1557831546597,open,0.27,114.0,0.25,0.38,0.314885,107.7,0.275,0.0,ETH-28JUN19-260-P,206.16,96.68,0.301,120.0,0.318,120.0,109.95,0.27206,-0.32646,-0.24836,0.00469,-0.64964
212.36,ETH-27SEP19,1557831546602,open,0.31,803.0,0.245,0.344,0.294473,94.69,0.24,0.0,ETH-27SEP19-180-C,206.16,86.22,0.277,30.0,0.297,30.0,95.92,0.43813,-0.15267,0.33431,0.00276,0.71736
206.16,index_price,1557831546607,open,0.06,400.0,0.032,0.139,0.085603,114.81,0.072,0,ETH-24MAY19-210-P,206.16,97.12,0.074,150.0,0.089,150.0,119.99,0.13528,-0.78638,-0.03274,0.01025,-0.50132
206.16,index_price,1557831546611,open,0.26,0.0,0.181,0.28,0.230802,114.81,0.196,0,ETH-24MAY19-160-C,206.16,101.35,0.228,50.0,0.239,50.0,143.94,0.0482,-0.28019,0.0387,0.00365,0.92459
212.36,ETH-27SEP19,1557831546616,open,0.11,482.0,0.061,0.16,0.110358,100.46,0.11,0.0,ETH-27SEP19-320-C,206.16,96.77,0.102,40.0,0.12,40.0,104.66,0.48404,-0.17894,0.19617,0.00287,0.3585
209.4,ETH-28JUN19,1557831546620,open,0.27,114.0,0.25,0.38,0.314885,107.7,0.275,0.0,ETH-28JUN19-260-P,206.16,96.68,0.301,120.0,0.319,120.0,110.71,0.27206,-0.32646,-0.24836,0.00469,-0.64964
212.36,ETH-27SEP19,1557831546624,open,0.22,864.0,0.164,0.263,0.213842,94.69,0.2,0.0,ETH-27SEP19-220-C,206.16,91.39,0.206,120.0,0.221,30.0,97.71,0.50367,-0.1755,0.29741,0.00317,0.59006
