underlying_price,underlying_index,timestamp,state,settlement_price,open_interest,min_price,max_price,mark_price,mark_iv,last_price,interest_rate,instrument_name,index_price,bid_iv,best_bid_price,best_bid_amount,best_ask_price,best_ask_amount,ask_iv,vega,theta,rho,gamma,delta
10333.7,SYN.BTC-20SEP19,1568631540018,open,0.31,0.0,0.281,0.3355,0.30673177,107.31,None,0.0,BTC-20SEP19-13500-P,10311.93,0.0,0.0,0.0,0.0,0.0,0.0,0.26115,-3.61531,-1.42386,2e-05,-0.99091
200.54,SYN.ETH-27MAR20,1568631540048,open,0.07,206.0,0.033,0.107,0.069474,83.07,0.076,0.0,ETH-27MAR20-360-C,193.95,80.68,0.064,32.0,0.074,220.0,85.0,0.46557,-0.10026,0.19382,0.00264,0.25238
194.05,SYN.ETH-20SEP19,1568631540061,open,0.01,766.0,0.001,0.035,0.013903,63.38,0.01,0.0,ETH-20SEP19-200-C,193.95,58.26,0.012,430.0,0.017,300.0,71.55,0.07275,-0.59483,0.00659,0.0287,0.33378
10848.06,SYN.BTC-27MAR20,1568631540080,open,0.19,114.3,0.132,0.229,0.1825044,76.94,0.178,0.0,BTC-27MAR20-12000-C,10311.93,75.2,0.1775,10.0,0.184,10.0,77.45,31.30534,-6.24361,20.46456,7e-05,0.5395
10848.06,SYN.BTC-27MAR20,1568631540093,open,0.02,33.2,0.004,0.0375,0.01634283,84.82,0.0175,0.0,BTC-27MAR20-32000-C,10311.93,83.47,0.015,12.0,0.0175,6.0,85.93,11.05713,-2.43129,3.30925,2e-05,0.07407
200.54,SYN.ETH-27MAR20,1568631540125,open,0.86,0.0,0.784,0.945,0.864471,82.99,None,0.0,ETH-27MAR20-360-P,193.95,0.0,0.0,0.0,0.905,3.0,99.31,0.4652,-0.10008,-1.70873,0.00264,-0.748
194.24,ETH-27SEP19,1568631540135,open,0.0,100.0,0.001,0.012,0.002824,84.61,0.003,0.0,ETH-27SEP19-250-C,193.95,79.43,0.002,200.0,0.004,200.0,90.68,0.03401,-0.13229,0.00267,0.00358,0.04897
10848.06,SYN.BTC-27MAR20,1568631540179,open,0.48,3.7,0.4525,0.5035,0.47798538,77.7,0.46,0.0,BTC-27MAR20-6000-C,10311.93,66.82,0.466,10.5,0.484,10.0,82.58,12.9758,-2.61381,24.67228,3e-05,0.90839
198.44,ETH-27DEC19,1568631540228,open,2.63,0.0,2.524,2.747,2.630731,100.35,None,0.0,ETH-27DEC19-720-P,193.95,0.0,0.003,5.0,0.0,0.0,0.0,0.04007,-0.01974,-2.00255,0.00036,-0.98484
198.44,ETH-27DEC19,1568631540259,open,1.03,16.0,0.964,1.106,1.032442,85.89,1.195,0.0,ETH-27DEC19-400-P,193.95,0.0,0.001,8.0,0.0,0.0,0.0,0.1755,-0.07398,-1.07377,0.00186,-0.90623
194.24,ETH-27SEP19,1568631540261,open,0.38,116.0,0.364,0.401,0.382537,112.7,0.327,0.0,ETH-27SEP19-120-C,193.95,0.0,0.017,12.0,0.0,0.0,0.0,0.00489,-0.02532,0.03544,0.00039,0.99496
194.24,ETH-27SEP19,1568631540261,open,0.59,0.0,0.576,0.6,0.588138,110.0,None,0.0,ETH-27SEP19-80-C,193.95,0.0,0.004,5.0,0.0,0.0,0.0,0.0,-1e-05,0.02384,0.0,1.0
194.24,ETH-27SEP19,1568631540261,open,0.85,233.0,0.8,0.911,0.853226,0.0,0.634,0.0,ETH-27SEP19-360-P,193.95,0.0,0.5,44.0,0.0,0.0,0.0,0.0,0.0,-0.10727,0.0,-1.0
198.44,ETH-27DEC19,1568631540261,open,1.23,0.0,1.157,1.309,1.230328,89.4,None,0.0,ETH-27DEC19-440-P,193.95,0.0,0.001,8.0,0.0,0.0,0.0,0.14622,-0.06415,-1.19457,0.00149,-0.92644
195.53,SYN.ETH-25OCT19,1568631540261,open,0.21,162.0,0.172,0.233,0.203922,70.85,0.167,0.0,ETH-25OCT19-160-C,193.95,0.0,0.0,0.0,0.221,240.0,90.47,0.15704,-0.14309,0.13188,0.00544,0.83719
198.44,ETH-27DEC19,1568631540263,open,0.33,2.0,0.293,0.355,0.325569,72.28,0.275,0.0,ETH-27DEC19-140-C,193.95,0.0,0.294,300.0,0.0,0.0,0.0,0.22727,-0.08062,0.29894,0.00286,0.8653
198.44,ETH-27DEC19,1568631540263,open,1.62,37.0,1.546,1.715,1.626987,91.34,0.707,0.0,ETH-27DEC19-520-P,193.95,0.0,0.002,25.0,0.0,0.0,0.0,0.08967,-0.0402,-1.43306,0.00089,-0.96037
198.44,ETH-27DEC19,1568631540267,open,0.41,2.0,0.383,0.432,0.40812,72.23,0.346,0.0,ETH-27DEC19-120-C,193.95,0.0,0.101,1.0,0.0,0.0,0.0,0.13398,-0.0475,0.29145,0.00169,0.93433
198.44,ETH-27DEC19,1568631540279,open,0.01,8818.0,0.003,0.025,0.012837,72.23,0.013,0.0,ETH-27DEC19-120-P,193.95,67.79,0.01,40.0,0.014,260.0,73.92,0.13398,-0.0475,-0.04348,0.00169,-0.06567
198.44,ETH-27DEC19,1568631540279,open,0.3,1340.0,0.24,0.349,0.295884,74.21,0.292,0.0,ETH-27DEC19-240-P,193.95,70.79,0.289,108.0,0.307,348.0,79.67,0.40114,-0.1461,-0.50379,0.00492,-0.6137
194.24,ETH-27SEP19,1568631540283,open,2.08,27.0,1.999,2.184,2.088644,0.0,1.044,0.0,ETH-27SEP19-600-P,193.95,0.0,0.0,0.0,0.0,0.0,0.0,0.0,0.0,-0.17878,0.0,-1.0
198.44,ETH-27DEC19,1568631540283,open,0.06,3982.0,0.032,0.09,0.060649,72.23,0.054,0.0,ETH-27DEC19-160-P,193.95,68.64,0.055,264.0,0.061,260.0,72.45,0.31452,-0.1115,-0.15828,0.00396,-0.22512
194.24,ETH-27SEP19,1568631540283,open,0.49,20.0,0.47,0.5,0.485181,110.0,0.441,0.0,ETH-27SEP19-100-C,193.95,0.0,0.011,15.0,0.0,0.0,0.0,0.00021,-0.00107,0.02979,2e-05,0.99984
198.44,ETH-27DEC19,1568631540289,open,1.82,0.0,1.742,1.92,1.827061,93.0,0.845,0.0,ETH-27DEC19-560-P,193.95,0.0,0.0,0.0,0.0,0.0,0.0,0.07337,-0.03349,-1.54863,0.00072,-0.96896
198.44,ETH-27DEC19,1568631540289,open,2.42,0.0,2.327,2.539,2.429076,96.32,None,0.0,ETH-27DEC19-680-P,193.95,0.0,0.002,10.0,0.0,0.0,0.0,0.04008,-0.01895,-1.89086,0.00038,-0.98484
194.24,ETH-27SEP19,1568631540289,open,2.7,0.0,2.599,2.821,2.706373,0.0,None,0.0,ETH-27SEP19-720-P,193.95,0.0,0.0,0.0,0.0,0.0,0.0,0.0,0.0,-0.21453,0.0,-1.0
194.24,ETH-27SEP19,1568631540291,open,0.18,647.0,0.152,0.205,0.179392,73.28,0.125,0.0,ETH-27SEP19-160-C,193.95,0.0,0.176,300.0,0.0,0.0,0.0,0.03742,-0.12606,0.0443,0.00454,0.94478
198.44,ETH-27DEC19,1568631540291,open,0.02,1606.0,0.005,0.035,0.016922,86.12,0.019,0.0,ETH-27DEC19-400-C,193.95,83.89,0.015,650.0,0.019,240.0,88.39,0.17659,-0.07464,0.043,0.00187,0.09456
194.24,ETH-27SEP19,1568631540296,open,2.29,0.0,2.199,2.396,2.294554,0.0,None,0.0,ETH-27SEP19-640-P,193.95,0.0,0.0,0.0,0.0,0.0,0.0,0.0,0.0,-0.1907,0.0,-1.0
198.44,ETH-27DEC19,1568631540298,open,0.84,257.0,0.772,0.908,0.838152,83.61,0.947,0.0,ETH-27DEC19-360-P,193.95,0.0,0.008,4.0,1.59,1.0,500.0,0.22148,-0.09089,-0.94623,0.00241,-0.87025
194.24,ETH-27SEP19,1568631540300,open,0.69,0.0,0.682,0.701,0.691136,210.1,0.01,0.0,ETH-27SEP19-60-C,193.95,0.0,0.003,10.0,0.0,0.0,0.0,0.00039,-0.00372,0.01786,2e-05,0.99969
194.24,ETH-27SEP19,1568631540308,open,1.26,0.0,1.2,1.335,1.265006,0.0,None,0.0,ETH-27SEP19-440-P,193.95,0.0,0.0,0.0,0.0,0.0,0.0,0.0,0.0,-0.1311,0.0,-1.0
194.24,ETH-27SEP19,1568631540315,open,0.44,730.0,0.4,0.49,0.442841,100.62,0.533,0.0,ETH-27SEP19-280-P,193.95,0.0,0.35,8.0,0.9,5.0,500.0,0.01744,-0.08068,-0.08225,0.00154,-0.97823
198.44,ETH-27DEC19,1568631540315,open,0.46,432.0,0.403,0.523,0.463164,76.61,0.66,0.0,ETH-27DEC19-280-P,193.95,0.0,0.0,0.0,1.0,1.0,354.57,0.33897,-0.12745,-0.66729,0.00403,-0.74161
194.24,ETH-27SEP19,1568631540317,open,0.0,11621.0,0.001,0.011,0.000495,83.72,0.001,0.0,ETH-27SEP19-140-P,193.95,0.0,0.0,0.0,0.001,3.0,92.49,0.00869,-0.03345,-0.00059,0.00092,-0.00969
198.44,ETH-27DEC19,1568631540317,open,0.01,7007.0,0.001,0.018,0.006548,91.34,0.006,0.0,ETH-27DEC19-520-C,193.95,87.62,0.005,725.0,0.008,200.0,94.36,0.08967,-0.0402,0.01832,0.00089,0.03963
194.24,ETH-27SEP19,1568631540317,open,1.47,0.0,1.399,1.547,1.470915,0.0,None,0.0,ETH-27SEP19-480-P,193.95,0.0,0.0,0.0,0.0,0.0,0.0,0.0,0.0,-0.14302,0.0,-1.0
194.24,ETH-27SEP19,1568631540317,open,0.34,1241.0,0.3,0.385,0.340637,89.87,0.426,0.0,ETH-27SEP19-260-P,193.95,0.0,0.3,5.0,0.0,0.0,0.0,0.02637,-0.10896,-0.07552,0.00261,-0.96423
198.44,ETH-27DEC19,1568631540320,open,0.26,157.0,0.215,0.288,0.254413,72.27,0.239,0.0,ETH-27DEC19-160-C,193.95,0.0,0.193,300.0,0.0,0.0,0.0,0.31456,-0.11157,0.28824,0.00396,0.77483
194.24,ETH-27SEP19,1568631540320,open,0.75,294.0,0.7,0.805,0.750346,0.0,1.024,0.0,ETH-27SEP19-340-P,193.95,0.0,0.0,0.0,1.19,1.0,500.0,0.0,0.0,-0.10131,0.0,-1.0
194.24,ETH-27SEP19,1568631540325,open,0.28,214.0,0.258,0.301,0.27981,85.28,0.227,0.0,ETH-27SEP19-140-C,193.95,0.0,0.007,20.0,0.0,0.0,0.0,0.00954,-0.0374,0.04106,0.00099,0.98922
194.24,ETH-27SEP19,1568631540325,open,2.49,0.0,2.399,2.608,2.500463,0.0,None,0.0,ETH-27SEP19-680-P,193.95,0.0,0.0,0.0,0.0,0.0,0.0,0.0,0.0,-0.20262,0.0,-1.0
200.54,SYN.ETH-27MAR20,1568631540329,open,1.05,0.0,0.968,1.139,1.052561,85.88,None,0.0,ETH-27MAR20-400-P,193.95,0.0,0.001,10.0,1.093,3.0,103.28,0.4244,-0.09449,-1.94867,0.00233,-0.78634
10450.09,SYN.BTC-25OCT19,1568631540372,open,0.07,117.6,0.0405,0.0975,0.06875371,69.73,0.0665,0.0,BTC-25OCT19-10000-P,10311.93,68.32,0.067,1.5,0.07,8.0,70.74,12.9785,-11.63986,-4.98729,0.00016,-0.37933
10450.09,SYN.BTC-25OCT19,1568631540399,open,0.0,841.1,0.0005,0.0135,0.00377714,79.16,0.004,0.0,BTC-25OCT19-17000-C,10311.93,78.15,0.0035,1.0,0.0045,47.9,81.61,2.9202,-2.97316,0.39968,3e-05,0.03969
200.54,SYN.ETH-27MAR20,1568631540410,open,0.05,20.0,0.018,0.08,0.046632,87.05,0.043,0.0,ETH-27MAR20-440-C,193.95,85.65,0.044,100.0,0.048,220.0,87.77,0.37904,-0.08554,0.13858,0.00205,0.17741
10373.01,BTC-27SEP19,1568631540420,open,0.1,2.8,0.0735,0.132,0.10282033,69.01,0.103,0.0,BTC-27SEP19-11250-P,10311.93,63.95,0.1,6.0,0.1055,6.0,73.66,5.88781,-18.6804,-2.58318,0.00027,-0.73295
10333.7,SYN.BTC-20SEP19,1568631540430,open,0.03,91.5,0.013,0.0595,0.03411643,60.96,0.031,0.0,BTC-20SEP19-10500-P,10311.93,58.17,0.033,5.3,0.035,1.9,63.16,4.14401,-32.59153,-0.68277,0.0006,-0.58813
200.54,SYN.ETH-27MAR20,1568631540483,open,1.24,0.0,1.153,1.331,1.240517,86.94,None,0.0,ETH-27MAR20-440-P,193.95,0.0,0.002,10.0,1.286,3.0,107.91,0.37831,-0.08526,-2.18684,0.00205,-0.82314
10333.7,SYN.BTC-20SEP19,1568631540555,open,0.0,129.1,0.0005,0.011,0.00104814,74.84,0.001,0.0,BTC-20SEP19-9000-P,10311.93,66.11,0.0005,57.5,0.0015,7.5,80.11,0.79557,-7.68127,-0.03801,9e-05,-0.0336
200.54,SYN.ETH-27MAR20,1568631540558,open,0.04,173.0,0.014,0.068,0.038133,88.17,0.039,0.0,ETH-27MAR20-480-C,193.95,86.27,0.035,10.0,0.041,500.0,89.84,0.33817,-0.07729,0.11734,0.0018,0.14886
194.05,SYN.ETH-20SEP19,1568631540591,open,0.13,0.0,0.101,0.171,0.135065,70.84,None,0.0,ETH-20SEP19-220-P,193.95,0.0,0.0,0.0,0.0,0.0,0.0,0.01937,-0.177,-0.02244,0.00684,-0.95378
10373.01,BTC-27SEP19,1568631540599,open,0.05,160.9,0.027,0.0795,0.05316438,67.57,0.053,0.0,BTC-27SEP19-10500-P,10311.93,67.33,0.053,3.9,0.054,0.2,68.78,7.13571,-22.16658,-1.76642,0.00033,-0.51835
200.54,SYN.ETH-27MAR20,1568631540641,open,1.43,0.0,1.341,1.527,1.431462,88.02,None,0.0,ETH-27MAR20-480-P,193.95,0.0,0.003,10.0,1.482,3.0,112.8,0.3372,-0.07695,-2.41952,0.0018,-0.85177
10450.09,SYN.BTC-25OCT19,1568631540680,open,0.0,258.1,0.0005,0.011,0.00145082,82.43,0.0015,0.0,BTC-25OCT19-6000-P,10311.93,78.09,0.001,10.0,0.002,6.7,86.67,1.21767,-1.29091,-0.17206,1e-05,-0.01401
10848.06,SYN.BTC-27MAR20,1568631540705,open,0.08,105.1,0.039,0.119,0.07722224,79.95,0.0775,0.0,BTC-27MAR20-18000-C,10311.93,78.63,0.074,4.9,0.08,29.0,81.08,26.5781,-5.50848,11.66495,5e-05,0.28071
194.05,SYN.ETH-20SEP19,1568631540730,open,0.18,0.0,0.151,0.224,0.186247,85.84,None,0.0,ETH-20SEP19-230-P,193.95,0.0,0.0,0.0,0.0,0.0,0.0,0.0137,-0.15174,-0.02382,0.00399,-0.96974
10333.7,SYN.BTC-20SEP19,1568631540758,open,0.0,11.5,0.0005,0.0105,5.337e-05,110.0,0.0005,0.0,BTC-20SEP19-14500-C,10311.93,0.0,0.0,0.0,0.001,14.0,151.89,0.05778,-0.55156,0.00179,0.0,0.00169
10333.7,SYN.BTC-20SEP19,1568631540772,open,0.0,144.0,0.0005,0.0105,0.00053174,85.55,0.0005,0.0,BTC-20SEP19-12500-C,10311.93,0.0,0.0,0.0,0.001,0.1,94.11,0.45391,-5.00965,0.01831,5e-05,0.01722
10333.7,SYN.BTC-20SEP19,1568631540833,open,0.01,267.6,0.0005,0.0205,0.0062636,64.02,0.0065,0.0,BTC-20SEP19-11000-C,10311.93,63.04,0.006,24.0,0.0075,11.9,68.46,2.79731,-23.10509,0.19099,0.00039,0.18033
198.44,ETH-27DEC19,1568631540845,open,0.04,713.0,0.017,0.069,0.04152,78.07,0.037,0.0,ETH-27DEC19-300-C,193.95,75.74,0.038,532.0,0.045,32.0,80.3,0.30471,-0.11675,0.09501,0.00355,0.21306
10848.06,SYN.BTC-27MAR20,1568631540877,open,0.29,48.8,0.231,0.344,0.28869192,76.93,0.288,0.0,BTC-27MAR20-12000-P,10311.93,76.52,0.2875,7.0,0.293,5.0,78.43,31.30535,-6.24358,-42.94662,7e-05,-0.4605
198.44,ETH-27DEC19,1568631540934,open,0.55,0.0,0.492,0.615,0.55316,77.97,None,0.0,ETH-27DEC19-300-P,193.95,0.0,0.0,0.0,0.0,0.0,0.0,0.30434,-0.11646,-0.74249,0.00355,-0.78739
195.53,SYN.ETH-25OCT19,1568631540948,open,0.44,3.0,0.395,0.493,0.442678,77.72,0.645,0.0,ETH-25OCT19-280-P,193.95,0.0,0.0,0.0,0.0,0.0,0.0,0.11094,-0.11089,-0.27989,0.00351,-0.90128
10333.7,SYN.BTC-20SEP19,1568631540959,open,0.08,9.7,0.0625,0.105,0.08408428,66.1,0.0855,0.0,BTC-20SEP19-9500-C,10311.93,59.7,0.083,7.0,0.0875,7.0,82.08,1.89871,-16.19049,0.89286,0.00025,0.8978
200.54,SYN.ETH-27MAR20,1568631540974,open,1.82,0.0,1.721,1.923,1.81844,89.78,None,0.0,ETH-27MAR20-560-P,193.95,0.0,0.01,10.0,0.0,0.0,0.0,0.26719,-0.06218,-2.87418,0.0014,-0.89384
10450.09,SYN.BTC-25OCT19,1568631540982,open,0.12,20.0,0.0875,0.1555,0.12162875,69.73,0.136,0.0,BTC-25OCT19-11000-P,10311.93,65.76,0.1165,29.1,0.1235,1.0,71.18,13.52134,-12.12669,-7.41326,0.00017,-0.54442
10623.51,BTC-27DEC19,1568631541035,open,0.0,384.1,0.0005,0.0105,0.00075001,99.89,0.003,0.0,BTC-27DEC19-3000-P,10311.97,95.21,0.0005,5.1,0.001,18.0,103.57,0.65108,-0.31918,-0.13809,0.0,-0.00391
10373.01,BTC-27SEP19,1568631541035,open,0.0,389.1,0.0005,0.0135,0.00360891,77.37,0.0025,0.0,BTC-27SEP19-8500-P,10311.97,74.25,0.003,49.2,0.0045,57.6,81.48,2.12243,-7.5491,-0.19543,9e-05,-0.05962
10373.01,BTC-27SEP19,1568631541035,open,0.0,350.4,0.0005,0.0105,5.5e-07,110.0,0.0005,0.0,BTC-27SEP19-4750-P,10311.97,0.0,0.0,0.0,0.0005,34.9,184.73,0.00102,-0.00515,-4e-05,0.0,-1e-05
10623.51,BTC-27DEC19,1568631541035,open,0.04,277.5,0.017,0.0705,0.04121499,77.45,0.0415,0.0,BTC-27DEC19-16000-C,10311.97,76.65,0.04,19.3,0.0425,6.0,78.28,16.3071,-6.19843,5.0916,7e-05,0.21293
10623.51,BTC-27DEC19,1568631541035,open,0.05,471.0,0.024,0.0845,0.05244193,76.86,0.0545,0.0,BTC-27DEC19-15000-C,10311.97,75.72,0.0505,22.4,0.055,32.8,78.34,18.16684,-6.85267,6.12312,8e-05,0.25895
10373.01,BTC-27SEP19,1568631541035,open,0.0,406.8,0.0005,0.0105,0.0,110.0,0.0005,0.0,BTC-27SEP19-2500-P,10311.97,0.0,0.0,0.0,0.0005,18.0,326.74,0.0,0.0,0.0,0.0,0.0
10373.01,BTC-27SEP19,1568631541035,open,0.0,492.7,0.0005,0.0105,0.0,110.0,0.0005,0.0,BTC-27SEP19-2000-P,10311.97,0.0,0.0,0.0,0.0005,59.0,377.0,0.0,0.0,0.0,0.0,0.0
10623.51,BTC-27DEC19,1568631541035,open,0.18,491.9,0.1405,0.218,0.18118786,73.82,0.1835,0.0,BTC-27DEC19-10000-C,10311.97,72.21,0.178,8.0,0.1825,14.0,74.48,21.05975,-7.62977,13.51143,9e-05,0.63686
10623.51,BTC-27DEC19,1568631541035,open,0.09,313.4,0.049,0.1215,0.08533364,75.38,0.086,0.0,BTC-27DEC19-13000-C,10311.97,74.22,0.083,27.4,0.087,17.0,76.21,21.35481,-7.90067,8.71123,9e-05,0.37912
10373.01,BTC-27SEP19,1568631541035,open,0.0,670.6,0.0005,0.0105,2.35e-06,110.0,0.0005,0.0,BTC-27SEP19-22000-C,10311.97,0.0,0.0,0.0,0.0005,8.0,163.99,0.00408,-0.02064,0.00016,0.0,6e-05
10373.01,BTC-27SEP19,1568631541035,open,0.0,684.0,0.0005,0.0105,0.0,110.0,0.0005,0.0,BTC-27SEP19-30000-C,10311.97,0.0,0.0,0.0,0.0005,8.0,220.44,0.0,-1e-05,0.0,0.0,0.0
10373.01,BTC-27SEP19,1568631541035,open,0.0,49.2,0.0005,0.0105,0.0,110.0,0.0015,0.0,BTC-27SEP19-3250-P,10311.97,0.0,0.0,0.0,0.0005,48.0,268.37,0.0,0.0,0.0,0.0,0.0
10373.01,BTC-27SEP19,1568631541035,open,0.02,20.8,0.006,0.042,0.02189215,68.62,0.0215,0.0,BTC-27SEP19-9750-P,10311.97,67.94,0.0215,22.7,0.0235,24.0,71.37,6.02982,-19.02214,-0.9338,0.00027,-0.28023
10623.51,BTC-27DEC19,1568631541035,open,0.12,488.8,0.083,0.1615,0.12249545,73.82,0.1195,0.0,BTC-27DEC19-10000-P,10311.97,72.05,0.119,11.5,0.124,35.4,74.58,21.05975,-7.62973,-14.3997,9e-05,-0.36314
10623.51,BTC-27DEC19,1568631541035,open,0.0,429.1,0.0005,0.0105,0.00099698,98.61,0.001,0.0,BTC-27DEC19-44000-C,10311.97,92.32,0.0005,30.0,0.0015,45.5,102.89,1.06708,-0.51646,0.17229,0.0,0.00681
10623.51,BTC-27DEC19,1568631541036,open,0.33,91.7,0.299,0.355,0.32726734,74.06,0.327,0.0,BTC-27DEC19-7500-C,10311.97,49.75,0.3035,12.0,0.353,12.0,94.37,12.42289,-4.51567,15.83007,5e-05,0.86114
10373.01,BTC-27SEP19,1568631541036,open,0.0,586.8,0.0005,0.0105,0.0,110.0,0.0005,0.0,BTC-27SEP19-3000-P,10311.97,0.0,0.0,0.0,0.0005,40.0,286.11,0.0,0.0,0.0,0.0,0.0
10623.51,BTC-27DEC19,1568631541036,open,0.0,553.5,0.0005,0.011,0.00144749,90.4,0.0015,0.0,BTC-27DEC19-36000-C,10311.97,86.87,0.001,10.0,0.002,8.9,93.81,1.53028,-0.67897,0.26143,1e-05,0.01026
10373.01,BTC-27SEP19,1568631541036,open,0.0,146.6,0.0005,0.0105,4e-08,110.0,0.0005,0.0,BTC-27SEP19-26000-C,10311.97,0.0,0.0,0.0,0.0005,8.0,194.77,9e-05,-0.00039,0.0,0.0,0.0
10373.01,BTC-27SEP19,1568631541036,open,0.0,125.2,0.0005,0.0105,0.0,110.0,0.0005,0.0,BTC-27SEP19-3750-P,10311.97,0.0,0.0,0.0,0.0005,38.0,236.77,0.0,-1e-05,0.0,0.0,0.0
10373.01,BTC-27SEP19,1568631541035,open,0.18,4.1,0.1645,0.2045,0.18417542,77.37,0.169,0.0,BTC-27SEP19-8500-C,10311.97,0.0,0.1775,9.0,0.1925,10.1,106.97,2.12267,-7.55032,2.33723,9e-05,0.94037
10623.51,BTC-27DEC19,1568631541036,open,0.0,239.8,0.0005,0.0105,2.059e-05,110.0,0.0005,0.0,BTC-27DEC19-1500-P,10311.97,0.0,0.0,0.0,0.0005,8.0,146.5,0.02771,-0.01496,-0.00436,0.0,-0.00013
10623.51,BTC-27DEC19,1568631541037,open,0.01,343.5,0.0005,0.0165,0.00683198,78.02,0.007,0.0,BTC-27DEC19-5500-P,10311.97,77.21,0.0065,10.0,0.0075,63.7,79.59,4.40533,-1.68688,-1.26041,2e-05,-0.03568
10373.01,BTC-27SEP19,1568631541037,open,0.42,713.5,0.41,0.4335,0.42165892,110.07,0.454,0.0,BTC-27SEP19-6000-C,10311.97,0.0,0.413,12.0,0.4305,12.0,216.6,0.08516,-0.43093,1.78302,0.0,0.99854
10373.01,BTC-27SEP19,1568631541037,open,0.57,289.7,0.5565,0.576,0.56618241,117.49,0.588,0.0,BTC-27SEP19-4500-C,10311.97,0.0,0.0025,1.1,0.0,0.0,0.0,0.00097,-0.00526,1.3408,0.0,0.99999
10623.51,BTC-27DEC19,1568631541036,open,0.0,257.0,0.0005,0.014,0.00404657,85.35,0.0045,0.0,BTC-27DEC19-28000-C,10311.97,83.63,0.0035,10.0,0.005,58.5,88.04,3.5195,-1.47436,0.6864,1e-05,0.0272
10623.51,BTC-27DEC19,1568631541036,open,0.14,660.8,0.0995,0.178,0.14023983,73.82,0.142,0.0,BTC-27DEC19-11000-C,10311.97,72.51,0.1375,25.6,0.1425,23.0,74.9,22.26595,-8.06676,11.91533,0.0001,0.54209
10623.51,BTC-27DEC19,1568631541037,open,0.08,603.9,0.0465,0.112,0.07889997,73.82,0.0795,0.0,BTC-27DEC19-9000-P,10311.97,72.43,0.0765,8.0,0.0795,19.3,74.16,18.47257,-6.69242,-10.2726,8e-05,-0.26755
10623.51,BTC-27DEC19,1568631541037,open,1.26,0.0,1.217,1.323,1.26688672,82.61,None,0.0,BTC-27DEC19-24000-P,10311.97,0.0,0.006,1.0,1.987,0.2,500.0,5.74784,-2.33044,-65.74692,2e-05,-0.95044
10450.09,SYN.BTC-25OCT19,1568631541034,open,0.19,15.5,0.154,0.2265,0.19034183,71.07,0.187,0.0,BTC-25OCT19-12000-P,10311.97,30.84,0.1525,6.0,0.224,6.0,98.75,12.12358,-11.08164,-9.7371,0.00015,-0.68449
10373.01,BTC-27SEP19,1568631541036,open,0.0,392.7,0.0005,0.0105,1.4e-07,110.0,0.0005,0.0,BTC-27SEP19-4500-P,10311.97,0.0,0.0,0.0,0.0005,38.0,196.63,0.0003,-0.00147,-1e-05,0.0,0.0
10623.51,BTC-27DEC19,1568631541036,open,0.0,617.2,0.0005,0.012,0.00249788,82.2,0.0025,0.0,BTC-27DEC19-4500-P,10311.97,79.38,0.002,10.0,0.003,66.2,84.7,2.01212,-0.81173,-0.4914,1e-05,-0.01407
10623.51,BTC-27DEC19,1568631541037,open,0.03,494.8,0.0085,0.05,0.02585545,78.61,0.0265,0.0,BTC-27DEC19-18000-C,10311.97,77.89,0.025,24.0,0.0265,0.1,79.14,12.73906,-4.91482,3.50634,5e-05,0.14411
10623.51,BTC-27DEC19,1568631541037,open,0.0,134.2,0.0005,0.0105,0.00014426,110.0,0.0005,0.0,BTC-27DEC19-2000-P,10311.97,0.0,0.0,0.0,0.001,18.0,135.85,0.15,-0.08098,-0.02734,0.0,-0.00078
10373.01,BTC-27SEP19,1568631541037,open,0.52,789.2,0.508,0.5275,0.51798216,111.43,0.5015,0.0,BTC-27SEP19-5000-C,10311.97,0.0,0.5,10.0,0.0,0.0,0.0,0.0037,-0.01893,1.48966,0.0,0.99995
10623.51,BTC-27DEC19,1568631541037,open,0.0,1538.9,0.0005,0.0105,0.00071465,104.79,0.0005,0.0,BTC-27DEC19-52000-C,10311.97,101.45,0.0005,2.0,0.001,34.0,108.2,0.77844,-0.40035,0.1203,0.0,0.00477
10623.51,BTC-27DEC19,1568631541037,open,0.0,323.2,0.0005,0.0105,0.0007475,100.76,0.0015,0.0,BTC-27DEC19-48000-C,10311.97,97.1,0.0005,30.0,0.001,14.2,103.65,0.83052,-0.41073,0.12999,0.0,0.00513
10373.01,BTC-27SEP19,1568631541037,open,0.14,449.4,0.1175,0.1625,0.14002807,73.11,0.141,0.0,BTC-27SEP19-9000-C,10311.97,0.0,0.1205,9.0,0.1615,9.0,121.91,3.52647,-11.85297,2.29518,0.00015,0.88262
10623.51,BTC-27DEC19,1568631541037,open,0.02,269.4,0.009,0.0415,0.02319189,74.26,0.0225,0.0,BTC-27DEC19-7000-P,10311.97,73.53,0.0225,23.0,0.024,56.3,75.1,10.12968,-3.69175,-3.76918,4e-05,-0.10392
10623.51,BTC-27DEC19,1568631541037,open,0.29,224.4,0.261,0.323,0.29261345,73.82,0.291,0.0,BTC-27DEC19-8000-C,10311.97,72.28,0.2905,3.5,0.2945,3.2,75.18,14.63407,-5.30182,15.69133,6e-05,0.82181
10373.01,BTC-27SEP19,1568631541037,open,0.33,725.9,0.3115,0.3405,0.32570592,99.59,0.335,0.0,BTC-27SEP19-7000-C,10311.97,0.0,0.3195,10.0,0.3325,10.0,157.46,0.42685,-1.95433,2.05689,1e-05,0.9912
10333.7,SYN.BTC-20SEP19,1568631541034,open,0.0,109.6,0.0005,0.0105,0.00048,98.89,0.0005,0.0,BTC-20SEP19-13000-C,10311.97,0.0,0.0,0.0,0.001,30.3,109.87,0.37645,-4.80279,0.01467,3e-05,0.01385
10373.01,BTC-27SEP19,1568631541038,open,0.0,591.6,0.0005,0.0125,0.00261531,76.38,0.0035,0.0,BTC-27SEP19-13000-C,10311.97,78.46,0.003,30.0,0.004,35.0,83.27,1.84221,-6.46866,0.14599,8e-05,0.04985
10373.01,BTC-27SEP19,1568631541038,open,0.01,1586.0,0.0005,0.0205,0.00766354,73.11,0.007,0.0,BTC-27SEP19-9000-P,10311.97,72.62,0.0075,5.5,0.0085,30.0,75.52,3.52632,-11.85207,-0.38647,0.00015,-0.11738
10623.51,BTC-27DEC19,1568631541038,open,0.01,333.8,0.001,0.0225,0.01050992,76.25,0.01,0.0,BTC-27DEC19-6000-P,10311.97,75.34,0.01,6.0,0.011,24.0,77.1,6.03158,-2.25717,-1.87289,3e-05,-0.05265
10623.51,BTC-27DEC19,1568631541038,open,0.53,65.4,0.521,0.5475,0.53354956,79.85,0.533,0.0,BTC-27DEC19-5000-C,10311.97,0.0,0.522,14.0,0.5445,14.0,105.51,3.04659,-1.19402,13.15203,1e-05,0.9771
10373.01,BTC-27SEP19,1568631541038,open,0.54,13.5,0.5325,0.552,0.54208183,113.44,0.382,0.0,BTC-27SEP19-4750-C,10311.97,0.0,0.0055,9.1,0.7505,2.0,500.0,0.00169,-0.00881,1.41526,0.0,0.99998
10623.51,BTC-27DEC19,1568631541038,open,0.0,631.5,0.0005,0.014,0.00420336,79.85,0.003,0.0,BTC-27DEC19-5000-P,10311.97,77.27,0.0035,10.0,0.0045,2.9,80.87,3.0464,-1.19393,-0.80348,1e-05,-0.02289
10373.05,BTC-27SEP19,1568631541039,open,0.0,1182.5,0.0005,0.0105,8.256e-05,110.0,0.0005,0.0,BTC-27SEP19-6000-P,10311.97,0.0,0.0,0.0,0.0005,108.0,133.17,0.08472,-0.42846,-0.00474,0.0,-0.00145
10373.05,BTC-27SEP19,1568631541039,open,0.23,860.2,0.2135,0.2485,0.23055967,83.46,0.211,0.0,BTC-27SEP19-8000-C,10311.97,0.0,0.217,9.0,0.245,9.0,142.94,1.23151,-4.72559,2.28425,5e-05,0.96961
10623.55,BTC-27DEC19,1568631541039,open,0.05,581.0,0.0225,0.0715,0.04565952,73.82,0.0455,0.0,BTC-27DEC19-8000-P,10311.97,72.61,0.044,10.0,0.046,19.3,74.06,14.634,-5.30179,-6.63752,6e-05,-0.17819
10373.05,BTC-27SEP19,1568631541039,open,0.0,680.9,0.0005,0.0105,0.0001337,110.0,0.001,0.0,BTC-27SEP19-18000-C,10311.97,0.0,0.0,0.0,0.001,82.0,136.38,0.13867,-0.70128,0.0073,0.0,0.00249
10373.05,BTC-27SEP19,1568631541039,open,0.0,605.0,0.0005,0.0105,1.496e-05,110.0,0.0005,0.0,BTC-27SEP19-5500-P,10311.97,0.0,0.0,0.0,0.0005,28.0,152.42,0.01949,-0.09854,-0.00096,0.0,-0.00029
10623.55,BTC-27DEC19,1568631541039,open,0.03,232.9,0.0145,0.0555,0.03324803,74.06,0.033,0.0,BTC-27DEC19-7500-P,10311.97,72.99,0.032,21.0,0.034,24.0,74.7,12.42281,-4.51564,-5.10323,5e-05,-0.13886
10623.55,BTC-27DEC19,1568631541039,open,0.23,180.6,0.194,0.266,0.23172314,73.82,0.2295,0.0,BTC-27DEC19-9000-C,10311.97,72.54,0.2295,8.0,0.233,13.0,74.55,18.47251,-6.69234,14.84757,8e-05,0.73246
10373.05,BTC-27SEP19,1568631541040,open,0.0,935.6,0.0005,0.0105,0.00072865,93.31,0.001,0.0,BTC-27SEP19-15000-C,10311.97,97.36,0.001,41.0,0.0015,23.0,103.22,0.62227,-2.66953,0.03971,2e-05,0.01358
10623.55,BTC-27DEC19,1568631541039,open,0.58,4.1,0.5685,0.5905,0.57890946,82.19,0.578,0.0,BTC-27DEC19-4500-C,10311.97,0.0,0.569,1.0,0.5875,1.0,109.51,2.01152,-0.81143,12.0688,1e-05,0.98593
10373.05,BTC-27SEP19,1568631541040,open,0.47,221.9,0.459,0.48,0.46979329,109.15,0.446,0.0,BTC-27SEP19-5500-C,10311.97,0.0,0.461,12.0,0.4785,1.0,244.02,0.01785,-0.08959,1.63793,0.0,0.99973
10373.05,BTC-27SEP19,1568631541040,open,0.03,997.5,0.0105,0.0535,0.03059112,68.62,0.031,0.0,BTC-27SEP19-10000-P,10311.97,68.48,0.0305,13.7,0.032,25.0,70.8,6.67452,-21.05564,-1.19571,0.0003,-0.35627
10623.55,BTC-27DEC19,1568631541040,open,0.31,111.9,0.259,0.358,0.3090335,75.38,0.358,0.0,BTC-27DEC19-13000-P,10311.97,70.61,0.2995,16.0,0.325,16.0,83.25,21.35502,-7.90088,-27.5731,9e-05,-0.62087
10848.06,SYN.BTC-27MAR20,1568631541035,open,0.13,199.9,0.086,0.181,0.13440427,77.81,0.138,0.0,BTC-27MAR20-14000-C,10311.97,76.97,0.132,0.3,0.137,11.0,78.71,31.01794,-6.25637,17.1295,6e-05,0.43322
10623.55,BTC-27DEC19,1568631541041,open,0.01,263.3,0.0015,0.0275,0.01127101,81.33,0.0105,0.0,BTC-27DEC19-22000-C,10311.97,80.22,0.0105,34.0,0.0125,7.0,83.02,7.49581,-2.99205,1.7271,3e-05,0.06952
10848.06,SYN.BTC-27MAR20,1568631541035,open,0.01,49.2,0.0025,0.031,0.01233793,86.98,0.0115,0.0,BTC-27MAR20-36000-C,10311.97,85.95,0.0115,19.6,0.0125,5.0,87.17,9.01412,-2.03245,2.55616,2e-05,0.05693
10623.55,BTC-27DEC19,1568631541042,open,0.0,470.1,0.0005,0.0105,0.0007877,90.89,0.001,0.0,BTC-27DEC19-40000-C,10311.97,0.0,0.0,0.0,0.0015,14.8,97.18,0.93299,-0.41617,0.15008,0.0,0.00585
10450.09,SYN.BTC-25OCT19,1568631541035,open,0.04,84.3,0.0195,0.067,0.04202712,71.07,0.044,0.0,BTC-25OCT19-12000-C,10311.97,69.75,0.0405,19.3,0.0435,10.9,72.34,12.12364,-11.08184,3.04397,0.00015,0.31551
10333.7,SYN.BTC-20SEP19,1568631541035,open,0.07,16.5,0.046,0.0965,0.07074192,64.02,0.0725,0.0,BTC-20SEP19-11000-P,10311.97,52.91,0.068,6.0,0.0725,6.0,70.26,2.79725,-23.10416,-0.97703,0.00039,-0.81968
10848.06,SYN.BTC-27MAR20,1568631541034,open,0.35,17.0,0.3085,0.385,0.34825695,76.42,0.3625,0.0,BTC-27MAR20-8000-C,10311.97,59.74,0.315,9.0,0.3775,9.0,90.38,22.36721,-4.43124,25.64286,5e-05,0.79559
10848.06,SYN.BTC-27MAR20,1568631541035,open,0.06,188.9,0.027,0.098,0.05983753,80.87,0.059,0.0,BTC-27MAR20-20000-C,10311.97,79.57,0.057,4.9,0.0625,24.0,82.08,23.8065,-4.99096,9.61884,5e-05,0.22764
10450.09,SYN.BTC-25OCT19,1568631541035,open,0.01,300.2,0.0005,0.0145,0.00485964,77.15,0.005,0.0,BTC-25OCT19-7000-P,10311.97,74.12,0.004,50.0,0.0055,29.3,79.23,3.11426,-3.09032,-0.5323,3e-05,-0.04297
10848.06,SYN.BTC-27MAR20,1568631541035,open,0.03,40.7,0.0095,0.0585,0.02961118,82.91,0.033,0.0,BTC-27MAR20-26000-C,10311.97,81.82,0.028,6.0,0.031,22.0,83.82,16.25716,-3.49401,5.48325,3e-05,0.12526
195.53,SYN.ETH-25OCT19,1568631541069,open,0.35,3.0,0.3,0.396,0.347409,75.99,0.534,0.0,ETH-25OCT19-260-P,193.95,0.0,0.0,0.0,0.0,0.0,0.0,0.15055,-0.14715,-0.24881,0.00487,-0.84732
198.44,ETH-27DEC19,1568631541081,open,0.74,0.0,0.677,0.808,0.740721,80.95,None,0.0,ETH-27DEC19-340-P,193.95,0.0,0.0,0.0,0.0,0.0,0.0,0.24221,-0.09623,-0.88218,0.00272,-0.85204
200.54,SYN.ETH-27MAR20,1568631541176,open,2.01,0.0,1.913,2.124,2.014013,90.78,None,0.0,ETH-27MAR20-600-P,193.95,0.0,0.02,10.0,0.0,0.0,0.0,0.23993,-0.05647,-3.09681,0.00124,-0.90836
198.44,ETH-27DEC19,1568631541247,open,0.93,0.0,0.868,1.006,0.934597,84.48,None,0.0,ETH-27DEC19-380-P,193.95,0.0,0.0,0.0,0.0,0.0,0.0,0.19571,-0.08115,-1.0112,0.00211,-0.89111
200.54,SYN.ETH-27MAR20,1568631541889,open,0.61,2.0,0.592,0.624,0.607705,75.67,0.597,0.0,ETH-27MAR20-80-C,193.95,0.0,0.071,10.0,0.0,0.0,0.0,0.08762,-0.01719,0.38832,0.00054,0.97415
194.05,SYN.ETH-20SEP19,1568631541906,open,0.33,0.0,0.31,0.35,0.330155,136.4,None,0.0,ETH-20SEP19-130-C,193.95,0.0,0.0,0.0,0.0,0.0,0.0,0.00112,-0.01974,0.01377,0.00021,0.99825
194.24,ETH-27SEP19,1568631541955,open,0.33,0.0,0.311,0.352,0.331551,107.64,None,0.0,ETH-27SEP19-130-C,193.95,0.0,0.0,0.0,0.0,0.0,0.0,0.01055,-0.05219,0.03799,0.00087,0.9879
200.54,SYN.ETH-27MAR20,1568631541965,open,0.01,673.0,0.001,0.016,0.006594,75.58,0.011,0.0,ETH-27MAR20-80-P,193.95,65.48,0.003,300.0,0.007,240.0,76.5,0.08733,-0.01711,-0.03427,0.00054,-0.02575
200.54,SYN.ETH-27MAR20,1568631542049,open,0.44,37.0,0.408,0.47,0.440779,75.62,0.431,0.0,ETH-27MAR20-120-C,193.95,0.0,0.401,300.0,0.47,3.0,94.95,0.28003,-0.05489,0.47251,0.00174,0.88667
200.54,SYN.ETH-27MAR20,1568631542123,open,0.04,1600.0,0.019,0.062,0.039111,75.58,0.034,0.0,ETH-27MAR20-120-P,193.95,69.56,0.031,286.0,0.036,240.0,73.32,0.2799,-0.05484,-0.16147,0.00174,-0.11326
194.24,ETH-27SEP19,1568631542136,open,0.0,1.0,0.001,0.011,0.001213,77.71,0.005,0.0,ETH-27SEP19-150-P,193.95,75.32,0.001,100.0,0.003,200.0,91.8,0.01833,-0.06548,-0.00141,0.0021,-0.02309
194.05,SYN.ETH-20SEP19,1568631542136,open,0.0,5.0,0.001,0.011,5.6e-05,109.97,0.007,0.0,ETH-20SEP19-140-P,193.95,0.0,0.0,0.0,0.001,200.0,154.53,0.00107,-0.01078,-4e-05,0.00024,-0.00165
10623.55,BTC-27DEC19,1568631542153,open,0.18,242.4,0.131,0.219,0.17567635,73.82,0.1745,0.0,BTC-27DEC19-11000-P,10311.97,72.54,0.173,3.2,0.1785,29.2,75.16,22.26601,-8.06686,-18.78683,0.0001,-0.45791
10450.09,SYN.BTC-25OCT19,1568631542155,open,0.01,524.0,0.0005,0.016,0.00580836,77.23,0.006,0.0,BTC-25OCT19-16000-C,10311.97,76.41,0.0055,1.0,0.007,55.5,80.18,4.00432,-3.97751,0.59096,4e-05,0.0589
10333.74,SYN.BTC-20SEP19,1568631542162,open,0.04,102.9,0.0215,0.068,0.04408463,60.95,0.0435,0.0,BTC-20SEP19-10000-C,10311.97,60.71,0.044,7.4,0.0455,1.7,64.93,3.64347,-28.64687,0.73097,0.00053,0.71026
10848.1,SYN.BTC-27MAR20,1568631542184,open,0.42,60.6,0.3625,0.4855,0.42495737,77.81,0.426,0.0,BTC-27MAR20-14000-P,10311.97,76.6,0.4215,4.0,0.437,4.0,82.01,31.01815,-6.25651,-56.85001,6e-05,-0.56677
194.24,ETH-27SEP19,1568631542238,open,0.13,105.0,0.102,0.16,0.132444,69.86,0.116,0.0,ETH-27SEP19-170-C,193.95,62.33,0.13,200.0,0.14,200.0,88.83,0.0678,-0.21776,0.04316,0.00863,0.87813
194.05,SYN.ETH-20SEP19,1568631542263,open,0.0,101.0,0.001,0.011,0.000395,109.96,0.009,0.0,ETH-20SEP19-150-P,193.95,0.0,0.0,0.0,0.001,205.0,125.76,0.00529,-0.0751,-0.00021,0.0012,-0.00992
200.54,SYN.ETH-27MAR20,1568631542279,open,0.11,1543.0,0.069,0.148,0.109215,75.57,0.096,0.0,ETH-27MAR20-160-P,193.95,69.78,0.096,239.0,0.108,240.0,75.04,0.45971,-0.09006,-0.37688,0.00286,-0.24644
194.24,ETH-27SEP19,1568631542295,open,0.01,47.0,0.001,0.021,0.00765,69.86,0.012,0.0,ETH-27SEP19-170-P,193.95,67.97,0.007,200.0,0.01,200.0,76.25,0.0678,-0.21776,-0.0075,0.00863,-0.12187
194.05,SYN.ETH-20SEP19,1568631542336,open,0.18,0.0,0.151,0.201,0.176078,90.45,None,0.0,ETH-20SEP19-160-C,193.95,0.0,0.175,300.0,0.0,0.0,0.0,0.00849,-0.09902,0.01662,0.00235,0.98287
194.24,ETH-27SEP19,1568631542351,open,0.06,154.0,0.028,0.085,0.057265,66.87,0.043,0.0,ETH-27SEP19-190-C,193.95,64.98,0.056,200.0,0.062,120.0,73.95,0.12968,-0.39869,0.03131,0.01725,0.59829
200.54,SYN.ETH-27MAR20,1568631542367,open,0.22,538.0,0.166,0.261,0.217574,75.6,0.235,0.0,ETH-27MAR20-200-C,193.95,74.32,0.214,191.0,0.228,240.0,79.35,0.55926,-0.10961,0.41599,0.00348,0.61013
194.24,ETH-27SEP19,1568631542419,open,0.03,37.0,0.012,0.063,0.035437,66.87,0.031,0.0,ETH-27SEP19-190-P,193.95,63.22,0.033,292.0,0.038,2.0,70.71,0.12968,-0.39869,-0.0253,0.01725,-0.40171
10373.05,BTC-27SEP19,1568631542434,open,0.03,8.2,0.011,0.0535,0.03137709,67.57,0.0305,0.0,BTC-27SEP19-10750-C,10311.97,67.0,0.031,4.7,0.033,1.0,70.0,6.92745,-21.51961,1.14606,0.00032,0.40218
194.05,SYN.ETH-20SEP19,1568631542439,open,0.0,523.0,0.001,0.011,0.000508,88.41,0.001,0.0,ETH-20SEP19-160-P,193.95,0.0,0.0,0.0,0.001,203.0,98.25,0.00768,-0.08758,-0.00032,0.00217,-0.01524
200.54,SYN.ETH-27MAR20,1568631542459,open,0.21,2178.0,0.159,0.267,0.214794,75.57,0.205,0.0,ETH-27MAR20-200-P,193.95,71.7,0.204,132.0,0.219,272.0,77.08,0.55928,-0.10956,-0.64081,0.00348,-0.38991
10333.7,SYN.BTC-20SEP19,1568631542471,open,0.09,2.0,0.068,0.1175,0.09199951,64.62,0.099,0.0,BTC-20SEP19-11250-P,10311.97,40.37,0.089,6.0,0.094,6.0,74.1,1.96297,-16.36439,-1.0808,0.00027,-0.89299
194.24,ETH-27SEP19,1568631542478,open,0.02,228.0,0.004,0.039,0.018843,68.62,0.021,0.0,ETH-27SEP19-210-C,193.95,65.38,0.017,408.0,0.022,160.0,74.02,0.11177,-0.35257,0.01479,0.01449,0.27444
10373.01,BTC-27SEP19,1568631542475,open,0.07,0.0,0.04,0.0955,0.06772044,67.57,None,0.0,BTC-27SEP19-10750-P,10311.97,64.24,0.0655,10.0,0.07,18.0,70.98,6.92738,-21.51987,-2.05708,0.00032,-0.59783
194.05,SYN.ETH-20SEP19,1568631542526,open,0.13,173.0,0.098,0.152,0.125549,78.32,0.1,0.0,ETH-20SEP19-170-C,193.95,0.0,0.123,200.0,0.131,200.0,113.5,0.01945,-0.19651,0.01706,0.00621,0.95353
200.54,SYN.ETH-27MAR20,1568631542535,open,0.16,468.0,0.104,0.199,0.155032,76.76,0.171,0.0,ETH-27MAR20-240-C,193.95,76.75,0.155,217.0,0.166,240.0,80.55,0.58103,-0.11562,0.34742,0.00356,0.48288
10333.74,SYN.BTC-20SEP19,1568631542577,open,0.01,243.2,0.0015,0.0315,0.01179255,60.96,0.013,0.0,BTC-20SEP19-10000-P,10311.97,60.12,0.0115,4.5,0.013,1.9,64.36,3.64365,-28.65321,-0.3309,0.00053,-0.28977
194.24,ETH-27SEP19,1568631542587,open,0.1,0.0,0.064,0.136,0.09998,68.62,None,0.0,ETH-27SEP19-210-P,193.95,65.14,0.098,40.0,0.106,40.0,78.79,0.11177,-0.35257,-0.04778,0.01449,-0.72556
194.05,SYN.ETH-20SEP19,1568631542596,open,0.0,247.0,0.001,0.011,0.001506,77.4,0.001,0.0,ETH-20SEP19-170-P,193.95,0.0,0.0,0.0,0.003,200.0,90.03,0.01884,-0.18811,-0.00095,0.00609,-0.04466
10450.13,SYN.BTC-25OCT19,1568631542603,open,0.02,228.6,0.004,0.031,0.01456669,73.03,0.016,0.0,BTC-25OCT19-14000-C,10311.97,72.22,0.014,25.0,0.015,50.0,73.64,7.36541,-6.91793,1.32884,9e-05,0.13396
200.54,SYN.ETH-27MAR20,1568631542621,open,0.35,154.0,0.285,0.413,0.351697,76.72,0.336,0.0,ETH-27MAR20-240-P,193.95,70.6,0.334,24.0,0.356,24.0,78.21,0.58102,-0.11556,-0.92081,0.00356,-0.51725
194.24,ETH-27SEP19,1568631542658,open,0.01,10.0,0.001,0.02,0.006729,76.22,0.004,0.0,ETH-27SEP19-230-C,193.95,70.6,0.005,200.0,0.008,200.0,79.96,0.06366,-0.2231,0.00606,0.00743,0.11151
10373.05,BTC-27SEP19,1568631542692,open,0.21,1.0,0.1825,0.239,0.20960162,74.25,0.2115,0.0,BTC-27SEP19-12500-P,10311.97,0.0,0.205,26.0,0.234,6.0,131.95,2.71419,-9.26511,-3.48492,0.00011,-0.91791
10450.13,SYN.BTC-25OCT19,1568631542692,open,0.03,108.6,0.014,0.0545,0.03289365,70.29,0.034,0.0,BTC-25OCT19-9000-P,10311.97,68.85,0.0315,18.4,0.034,8.0,71.43,10.14722,-9.174,-2.83559,0.00012,-0.22187
194.05,SYN.ETH-20SEP19,1568631542693,open,0.08,693.0,0.046,0.105,0.076816,65.77,0.076,0.0,ETH-20SEP19-180-C,193.95,56.38,0.075,200.0,0.079,40.0,75.21,0.04151,-0.35219,0.01642,0.01578,0.8735
10848.1,SYN.BTC-27MAR20,1568631542704,open,0.1,203.7,0.0575,0.145,0.10078567,78.81,0.107,0.0,BTC-27MAR20-16000-C,10311.97,77.96,0.0985,0.3,0.103,18.0,79.64,29.13521,-5.95263,14.14808,6e-05,0.34759
194.24,ETH-27SEP19,1568631542725,open,0.19,0.0,0.153,0.231,0.190831,76.22,None,0.0,ETH-27SEP19-230-P,193.95,0.0,0.0,0.0,0.0,0.0,0.0,0.06366,-0.2231,-0.06247,0.00743,-0.88849
10848.1,SYN.BTC-27MAR20,1568631542779,open,0.02,14.8,0.007,0.05,0.02410297,83.62,0.0255,0.0,BTC-27MAR20-28000-C,10311.97,82.38,0.0225,6.0,0.0255,22.0,84.66,14.29548,-3.09885,4.61202,3e-05,0.10456
195.53,SYN.ETH-25OCT19,1568631542841,open,0.49,6.0,0.473,0.506,0.489571,92.65,0.46,0.0,ETH-25OCT19-100-C,193.95,0.0,0.0,0.0,0.0,0.0,0.0,0.01539,-0.01834,0.10444,0.00041,0.99108
194.05,SYN.ETH-20SEP19,1568631542853,open,0.0,115.0,0.001,0.018,0.004314,65.39,0.002,0.0,ETH-20SEP19-180-P,193.95,63.88,0.004,200.0,0.005,200.0,68.52,0.04121,-0.34759,-0.00267,0.01576,-0.12519
10333.74,SYN.BTC-20SEP19,1568631542898,open,0.0,307.0,0.0005,0.0105,0.00080541,74.47,0.0015,0.0,BTC-20SEP19-12000-C,10311.97,83.03,0.0015,55.0,0.002,30.1,87.81,0.68581,-6.58866,0.02993,8e-05,0.02808
195.53,SYN.ETH-25OCT19,1568631542914,open,0.0,2460.0,0.001,0.011,0.000995,92.65,0.001,0.0,ETH-25OCT19-100-P,193.95,0.0,0.0,0.0,0.002,700.0,102.63,0.01539,-0.01834,-0.00207,0.00041,-0.00892
194.05,SYN.ETH-20SEP19,1568631542921,open,0.04,857.0,0.011,0.064,0.03741,63.0,0.033,0.0,ETH-20SEP19-190-C,193.95,61.94,0.037,200.0,0.042,320.0,74.81,0.07483,-0.60821,0.01241,0.02971,0.63969
195.53,SYN.ETH-25OCT19,1568631542986,open,0.39,6.0,0.368,0.408,0.388402,78.13,0.36,0.0,ETH-25OCT19-120-C,193.95,0.0,0.0,0.0,0.0,0.0,0.0,0.03163,-0.03178,0.12309,0.00099,0.97944
194.05,SYN.ETH-20SEP19,1568631542989,open,0.02,107.0,0.002,0.04,0.016522,63.0,0.02,0.0,ETH-20SEP19-190-P,193.95,45.75,0.01,189.0,0.021,349.0,74.52,0.07483,-0.60821,-0.00776,0.02971,-0.36031
10333.74,SYN.BTC-20SEP19,1568631543005,open,0.02,196.5,0.0035,0.0395,0.01802332,60.96,0.0185,0.0,BTC-20SEP19-10500-C,10311.97,59.65,0.0175,5.7,0.0185,2.5,62.15,4.14407,-32.59024,0.43218,0.0006,0.41189
198.44,ETH-27DEC19,1568631543008,open,0.5,0.0,0.482,0.518,0.500474,74.04,None,0.0,ETH-27DEC19-100-C,193.96,0.0,0.0,0.0,0.0,0.0,0.0,0.06277,-0.02281,0.26242,0.00077,0.97427
198.44,ETH-27DEC19,1568631543008,open,0.2,527.0,0.152,0.232,0.195383,72.23,0.199,0.0,ETH-27DEC19-180-C,193.96,68.36,0.188,500.0,0.198,240.0,73.61,0.37858,-0.13422,0.26417,0.00477,0.67234
194.24,ETH-27SEP19,1568631543008,open,0.29,0.0,0.251,0.332,0.289887,84.58,None,0.0,ETH-27SEP19-250-P,193.96,0.0,0.0,0.0,0.0,0.0,0.0,0.03398,-0.13212,-0.07182,0.00357,-0.95109
198.44,ETH-27DEC19,1568631543008,open,0.22,1444.0,0.169,0.271,0.221684,73.23,0.217,0.0,ETH-27DEC19-220-P,193.96,70.53,0.216,124.0,0.229,240.0,76.71,0.41713,-0.14992,-0.41586,0.00518,-0.52915
198.44,ETH-27DEC19,1568631543008,open,0.38,319.0,0.318,0.433,0.376593,75.16,0.374,0.0,ETH-27DEC19-260-P,193.96,65.48,0.359,99.0,0.388,339.0,81.14,0.37238,-0.13736,-0.58803,0.00451,-0.68508
198.44,ETH-27DEC19,1568631543008,open,0.11,1678.0,0.072,0.15,0.113036,73.23,0.117,0.0,ETH-27DEC19-220-C,193.96,71.31,0.109,500.0,0.117,236.0,75.12,0.41713,-0.14992,0.19818,0.00518,0.47085
198.45,ETH-27DEC19,1568631543008,open,0.0,3142.0,0.001,0.014,0.004404,74.04,0.006,0.0,ETH-27DEC19-100-P,193.96,64.65,0.002,390.0,0.007,340.0,81.21,0.06277,-0.02281,-0.01669,0.00077,-0.02573
198.45,ETH-27DEC19,1568631543008,open,0.03,2531.0,0.013,0.052,0.031019,72.24,0.026,0.0,ETH-27DEC19-140-P,193.96,68.66,0.027,40.0,0.032,260.0,73.1,0.22715,-0.08054,-0.09173,0.00286,-0.13458
198.45,ETH-27DEC19,1568631543008,open,0.07,462.0,0.034,0.099,0.066374,75.15,0.069,0.0,ETH-27DEC19-260-C,193.96,73.34,0.063,500.0,0.071,240.0,77.6,0.37241,-0.13735,0.13768,0.00451,0.31493
194.25,ETH-27SEP19,1568631543008,open,0.0,5411.0,0.001,0.011,0.000692,106.55,0.002,0.0,ETH-27SEP19-300-C,193.96,0.0,0.0,0.0,0.001,200.0,111.72,0.01014,-0.0497,0.00063,0.00085,0.01157
194.25,ETH-27SEP19,1568631543008,open,0.0,1897.0,0.001,0.011,1.3e-05,109.99,0.001,0.0,ETH-27SEP19-380-C,193.96,0.0,0.0,0.0,0.001,200.0,160.92,0.00036,-0.00183,2e-05,3e-05,0.00029
200.54,SYN.ETH-27MAR20,1568631543008,open,0.03,324.0,0.008,0.051,0.026214,89.98,0.033,0.0,ETH-27MAR20-560-C,193.96,87.5,0.023,20.0,0.029,200.0,92.01,0.26863,-0.06266,0.08556,0.0014,0.10695
194.25,ETH-27SEP19,1568631543009,open,0.0,3419.0,0.001,0.011,0.0,110.0,0.001,0.0,ETH-27SEP19-640-C,193.96,0.0,0.0,0.0,0.001,437.0,260.74,0.0,0.0,0.0,0.0,0.0
198.45,ETH-27DEC19,1568631543009,open,2.83,0.0,2.719,2.954,2.831916,102.73,None,0.0,ETH-27DEC19-760-P,193.96,0.0,0.0,0.0,0.0,0.0,0.0,0.03697,-0.01864,-2.11484,0.00033,-0.98619
194.25,ETH-27SEP19,1568631543009,open,0.01,3877.0,0.001,0.015,0.004365,80.78,0.003,0.0,ETH-27SEP19-240-C,193.96,74.58,0.003,200.0,0.005,200.0,83.32,0.04696,-0.17439,0.00403,0.00517,0.07395
198.45,ETH-27DEC19,1568631543009,open,0.01,1251.0,0.003,0.029,0.013033,89.39,0.012,0.0,ETH-27DEC19-440-C,193.96,87.96,0.012,20.0,0.014,260.0,90.68,0.14623,-0.06416,0.03352,0.00149,0.07356
194.25,ETH-27SEP19,1568631543009,open,0.0,2907.0,0.001,0.011,1e-06,109.99,0.001,0.0,ETH-27SEP19-440-C,193.96,0.0,0.0,0.0,0.001,394.0,190.01,2e-05,-0.0001,0.0,0.0,1e-05
194.25,ETH-27SEP19,1568631543009,open,0.0,5725.0,0.001,0.011,5e-06,109.99,0.001,0.0,ETH-27SEP19-400-C,193.96,0.0,0.0,0.0,0.001,306.0,171.2,0.00014,-0.0007,1e-05,1e-05,0.0001
194.25,ETH-27SEP19,1568631543009,open,0.54,853.0,0.5,0.594,0.545173,108.02,0.673,0.0,ETH-27SEP19-300-P,193.96,0.0,0.4,5.0,1.82,5.0,500.0,0.01094,-0.05431,-0.0887,0.0009,-0.98738
194.25,ETH-27SEP19,1568631543009,open,0.0,5974.0,0.001,0.011,8e-06,110.01,0.001,0.0,ETH-27SEP19-100-P,193.96,0.0,0.0,0.0,0.001,200.0,173.71,0.00021,-0.00107,-1e-05,2e-05,-0.00016
200.54,SYN.ETH-27MAR20,1568631543007,open,0.03,46.0,0.01,0.059,0.031128,88.9,0.033,0.0,ETH-27MAR20-520-C,193.96,86.75,0.028,20.0,0.034,200.0,90.78,0.29974,-0.06908,0.09926,0.00159,0.12479
194.25,ETH-27SEP19,1568631543009,open,0.0,2951.0,0.001,0.011,4e-05,109.99,0.006,0.0,ETH-27SEP19-360-C,193.96,0.0,0.0,0.0,0.001,200.0,149.95,0.00092,-0.00467,4e-05,7e-05,0.0008
198.45,ETH-27DEC19,1568631543009,open,0.0,4056.0,0.001,0.012,0.002043,101.66,0.001,0.0,ETH-27DEC19-760-C,193.96,0.0,0.0,0.0,0.003,200.0,106.42,0.03468,-0.0173,0.00597,0.00031,0.01282
198.45,ETH-27DEC19,1568631543009,open,0.02,996.0,0.008,0.046,0.024002,83.6,0.023,0.0,ETH-27DEC19-360-C,193.96,82.7,0.023,160.0,0.025,220.0,84.49,0.2215,-0.09089,0.05858,0.00241,0.12976
194.25,ETH-27SEP19,1568631543009,open,0.0,2663.0,0.001,0.011,0.000115,109.99,0.001,0.0,ETH-27SEP19-340-C,193.96,0.0,0.0,0.0,0.001,200.0,138.18,0.00228,-0.01154,0.00012,0.00018,0.00216
195.53,SYN.ETH-25OCT19,1568631543008,open,0.0,2304.0,0.001,0.012,0.002111,78.13,0.009,0.0,ETH-25OCT19-120-P,193.96,69.62,0.001,100.0,0.004,660.0,87.65,0.03163,-0.03178,-0.00472,0.00099,-0.02056
198.45,ETH-27DEC19,1568631543009,open,0.0,3653.0,0.001,0.012,0.00243,100.35,0.002,0.0,ETH-27DEC19-720-C,193.96,90.91,0.001,550.0,0.003,200.0,102.96,0.04007,-0.01974,0.00705,0.00036,0.01516
194.25,ETH-27SEP19,1568631543009,open,2.9,0.0,2.8,3.034,2.912685,252.39,None,0.0,ETH-27SEP19-760-P,193.96,0.0,0.0,0.0,0.0,0.0,0.0,0.00192,-0.02228,-0.22636,7e-05,-0.99821
194.25,ETH-27SEP19,1568631543009,open,0.64,606.0,0.6,0.699,0.64777,112.79,0.715,0.0,ETH-27SEP19-320-P,193.96,0.0,0.0,0.0,1.39,1.0,500.0,0.00639,-0.03312,-0.09498,0.0005,-0.99318
194.25,ETH-27SEP19,1568631543009,open,0.06,2701.0,0.032,0.096,0.06325,67.26,0.066,0.0,ETH-27SEP19-200-P,193.96,63.92,0.061,120.0,0.069,120.0,75.74,0.13129,-0.40598,-0.03703,0.01736,-0.5766
194.25,ETH-27SEP19,1568631543009,open,0.0,2060.0,0.001,0.011,0.0,110.01,0.003,0.0,ETH-27SEP19-80-P,193.96,0.0,0.0,0.0,0.001,210.0,226.8,0.0,-1e-05,0.0,0.0,0.0
198.45,ETH-27DEC19,1568631543009,open,0.0,10252.0,0.001,0.012,0.002691,97.94,0.002,0.0,ETH-27DEC19-680-C,193.96,87.53,0.001,340.0,0.004,200.0,103.06,0.04408,-0.02119,0.00789,0.00041,0.01694
194.25,ETH-27SEP19,1568631543009,open,0.0,3439.0,0.001,0.011,0.0,110.0,0.001,0.0,ETH-27SEP19-680-C,193.96,0.0,0.0,0.0,0.001,205.0,271.78,0.0,0.0,0.0,0.0,0.0
198.45,ETH-27DEC19,1568631543009,open,0.01,2664.0,0.001,0.023,0.00953,91.05,0.009,0.0,ETH-27DEC19-480-C,193.96,88.32,0.008,600.0,0.011,400.0,93.44,0.1171,-0.05233,0.02534,0.00117,0.05528
194.25,ETH-27SEP19,1568631543009,open,0.0,2698.0,0.001,0.011,0.0,110.0,0.001,0.0,ETH-27SEP19-720-C,193.96,0.0,0.0,0.0,0.001,422.0,282.1,0.0,0.0,0.0,0.0,0.0
194.25,ETH-27SEP19,1568631543009,open,0.0,3051.0,0.001,0.011,0.001471,102.18,0.003,0.0,ETH-27SEP19-280-C,193.96,0.0,0.0,0.0,0.002,200.0,107.16,0.01866,-0.08766,0.00128,0.00162,0.02358
194.25,ETH-27SEP19,1568631543009,open,0.09,1570.0,0.059,0.12,0.091233,68.57,0.09,0.0,ETH-27SEP19-180-C,193.96,66.27,0.09,200.0,0.095,40.0,75.45,0.10449,-0.32942,0.03865,0.01355,0.75892
200.54,SYN.ETH-27MAR20,1568631543008,open,0.06,772.0,0.025,0.094,0.058103,85.97,0.055,0.0,ETH-27MAR20-400-C,193.96,83.52,0.053,60.0,0.061,285.0,87.33,0.42488,-0.09469,0.16529,0.00233,0.21408
198.45,ETH-27DEC19,1568631543010,open,0.15,2128.0,0.105,0.185,0.148022,72.22,0.152,0.0,ETH-27DEC19-200-C,193.96,71.25,0.146,200.0,0.152,240.0,74.14,0.41224,-0.14613,0.23243,0.00519,0.56765
194.25,ETH-27SEP19,1568631543009,open,0.0,11094.0,0.001,0.011,0.000266,110.01,0.001,0.0,ETH-27SEP19-120-P,193.96,0.0,0.0,0.0,0.001,300.0,130.04,0.0042,-0.02122,-0.00026,0.00034,-0.00425
198.45,ETH-27DEC19,1568631543010,open,0.1,3375.0,0.064,0.14,0.102458,72.25,0.097,0.0,ETH-27DEC19-180-P,193.96,68.86,0.096,207.0,0.106,240.0,74.1,0.37858,-0.13424,-0.23822,0.00477,-0.32762
194.25,ETH-27SEP19,1568631543010,open,0.03,2854.0,0.011,0.058,0.033596,67.18,0.038,0.0,ETH-27SEP19-200-C,193.96,63.33,0.031,516.0,0.038,120.0,73.68,0.13129,-0.40548,0.02255,0.01738,0.42326
194.25,ETH-27SEP19,1568631543010,open,1.67,12.0,1.6,1.76,1.677101,184.06,1.193,0.0,ETH-27SEP19-520-P,193.96,0.0,0.0,0.0,0.0,0.0,0.0,0.00177,-0.01501,-0.15485,9e-05,-0.99836
198.45,ETH-27DEC19,1568631543010,open,0.09,3236.0,0.049,0.122,0.086542,74.25,0.089,0.0,ETH-27DEC19-240-C,193.96,72.49,0.083,500.0,0.091,240.0,76.45,0.40121,-0.1462,0.16613,0.00492,0.38648
195.53,SYN.ETH-25OCT19,1568631543008,open,0.17,0.0,0.13,0.216,0.173588,71.56,None,0.0,ETH-25OCT19-220-P,193.96,62.63,0.163,200.0,0.0,0.0,0.0,0.23611,-0.21729,-0.17174,0.0081,-0.65103
194.25,ETH-27SEP19,1568631543010,open,0.0,8107.0,0.001,0.013,0.003037,72.89,0.004,0.0,ETH-27SEP19-160-P,193.96,66.83,0.002,401.0,0.005,200.0,81.93,0.03692,-0.12372,-0.00332,0.00451,-0.05429
195.53,SYN.ETH-25OCT19,1568631543008,open,0.02,518.0,0.005,0.036,0.017828,76.15,0.014,0.0,ETH-25OCT19-260-C,193.96,72.36,0.015,420.0,0.02,220.0,78.9,0.15096,-0.14785,0.02822,0.00487,0.15331
194.25,ETH-27SEP19,1568631543010,open,0.02,6433.0,0.004,0.039,0.017921,68.66,0.02,0.0,ETH-27SEP19-180-P,193.96,66.94,0.017,200.0,0.021,160.0,74.29,0.10455,-0.33002,-0.015,0.01354,-0.24131
198.45,ETH-27DEC19,1568631543010,open,0.03,1032.0,0.012,0.058,0.033072,79.21,0.041,0.0,ETH-27DEC19-320-C,193.96,76.92,0.03,532.0,0.037,252.0,82.03,0.27079,-0.10527,0.07891,0.00311,0.17554
194.25,ETH-27SEP19,1568631543010,open,1.88,24.0,1.8,1.972,1.883031,197.37,1.356,0.0,ETH-27SEP19-560-P,193.96,0.0,0.0,0.0,0.0,0.0,0.0,0.00179,-0.01624,-0.16677,8e-05,-0.99835
198.45,ETH-27DEC19,1568631543010,open,2.22,0.0,2.132,2.334,2.228809,98.39,None,0.0,ETH-27DEC19-640-P,193.96,0.0,0.0,0.0,0.0,0.0,0.0,0.05742,-0.02773,-1.77561,0.00053,-0.97686
198.45,ETH-27DEC19,1568631543010,open,0.15,3342.0,0.109,0.2,0.155884,72.25,0.156,0.0,ETH-27DEC19-200-P,193.96,71.34,0.154,200.0,0.162,240.0,75.2,0.41223,-0.14617,-0.32581,0.00519,-0.43232
194.25,ETH-27SEP19,1568631543010,open,0.0,839.0,0.001,0.011,0.0,110.0,0.001,0.0,ETH-27SEP19-60-P,193.96,0.0,0.0,0.0,0.001,200.0,295.44,0.0,0.0,0.0,0.0,0.0
194.25,ETH-27SEP19,1568631543010,open,0.95,259.0,0.9,1.017,0.956356,129.13,0.94,0.0,ETH-27SEP19-380-P,193.96,0.0,0.009,8.0,0.0,0.0,0.0,0.002,-0.01188,-0.11312,0.00014,-0.99813
195.53,SYN.ETH-25OCT19,1568631543008,open,0.02,482.0,0.008,0.041,0.022137,70.77,0.023,0.0,ETH-25OCT19-160-P,193.96,68.06,0.02,128.0,0.025,513.0,74.27,0.1569,-0.14281,-0.03847,0.00544,-0.1626
198.45,ETH-27DEC19,1568631543010,open,2.02,0.0,1.937,2.127,2.028057,96.6,0.953,0.0,ETH-27DEC19-600-P,193.96,0.0,0.0,0.0,0.0,0.0,0.0,0.06713,-0.03183,-1.66179,0.00063,-0.97211
194.25,ETH-27SEP19,1568631543010,open,0.0,7916.0,0.001,0.011,0.0,110.0,0.001,0.0,ETH-27SEP19-760-C,193.96,0.0,0.0,0.0,0.001,201.0,291.78,0.0,0.0,0.0,0.0,0.0
198.45,ETH-27DEC19,1568631543010,open,0.01,6178.0,0.001,0.015,0.005049,93.0,0.004,0.0,ETH-27DEC19-560-C,193.96,86.49,0.003,840.0,0.006,200.0,95.43,0.07337,-0.03349,0.01439,0.00072,0.03104
194.25,ETH-27SEP19,1568631543011,open,0.0,2657.0,0.001,0.012,0.002221,90.83,0.002,0.0,ETH-27SEP19-260-C,193.96,80.0,0.001,200.0,0.003,200.0,95.87,0.02738,-0.11434,0.00204,0.00268,0.03744
194.25,ETH-27SEP19,1568631543011,open,0.14,1574.0,0.106,0.182,0.143733,72.45,0.227,0.0,ETH-27SEP19-220-P,193.96,0.0,0.077,5.0,0.0,0.0,0.0,0.08657,-0.28834,-0.05604,0.01063,-0.82456
194.25,ETH-27SEP19,1568631543011,open,0.24,2550.0,0.201,0.281,0.239949,81.04,0.322,0.0,ETH-27SEP19-240-P,193.96,0.0,0.053,5.0,0.88,5.0,500.0,0.04731,-0.17626,-0.06745,0.00519,-0.92533
198.45,ETH-27DEC19,1568631543011,open,0.05,1571.0,0.024,0.082,0.05228,76.67,0.048,0.0,ETH-27DEC19-280-C,193.96,74.14,0.048,500.0,0.057,32.0,79.4,0.33921,-0.12765,0.11434,0.00402,0.25872
198.45,ETH-27DEC19,1568631543011,open,0.64,101.0,0.583,0.71,0.64565,79.27,0.513,0.0,ETH-27DEC19-320-P,193.96,0.0,0.006,5.0,0.0,0.0,0.0,0.27105,-0.10545,-0.81414,0.00311,-0.8242
198.45,ETH-27DEC19,1568631543011,open,0.0,12160.0,0.001,0.014,0.004473,96.14,0.003,0.0,ETH-27DEC19-600-C,193.96,86.58,0.002,1441.0,0.005,200.0,97.68,0.06567,-0.03099,0.01257,0.00062,0.02716
198.45,ETH-27DEC19,1568631543011,open,0.0,13921.0,0.001,0.013,0.003653,97.82,0.003,0.0,ETH-27DEC19-640-C,193.96,90.68,0.002,5500.0,0.004,200.0,99.01,0.05576,-0.02677,0.01036,0.00052,0.02235
198.45,ETH-27DEC19,1568631543011,open,1.42,21.0,1.351,1.512,1.428398,91.25,0.629,0.0,ETH-27DEC19-480-P,193.96,0.0,0.001,7.0,0.0,0.0,0.0,0.11797,-0.05284,-1.31417,0.00118,-0.9442
194.25,ETH-27SEP19,1568631543011,open,0.01,2460.0,0.002,0.028,0.011113,72.32,0.013,0.0,ETH-27SEP19-220-C,193.96,67.39,0.009,465.0,0.013,160.0,76.44,0.08642,-0.28731,0.00948,0.01063,0.17494
195.53,SYN.ETH-25OCT19,1568631543008,open,0.01,621.0,0.001,0.017,0.007023,72.27,0.006,0.0,ETH-25OCT19-140-P,193.96,63.68,0.004,463.0,0.009,300.0,76.91,0.07845,-0.07293,-0.01447,0.00267,-0.06247
194.25,ETH-27SEP19,1568631543011,open,1.05,79.0,1.0,1.123,1.059313,137.46,0.351,0.0,ETH-27SEP19-400-P,193.96,0.0,0.0,0.0,0.0,0.0,0.0,0.00185,-0.01171,-0.11909,0.00012,-0.99828
200.54,SYN.ETH-27MAR20,1568631543007,open,1.62,0.0,1.531,1.724,1.624162,88.9,None,0.0,ETH-27MAR20-520-P,193.96,0.0,0.005,10.0,0.0,0.0,0.0,0.29974,-0.06908,-2.64856,0.00159,-0.87521
194.05,SYN.ETH-20SEP19,1568631543008,open,0.0,0.0,0.001,0.011,0.0,110.0,None,0.0,ETH-20SEP19-120-P,193.96,0.0,0.0,0.0,0.001,200.0,217.43,1e-05,-4e-05,0.0,0.0,-1e-05
195.53,SYN.ETH-25OCT19,1568631543008,open,0.08,489.0,0.049,0.112,0.081987,70.76,0.079,0.0,ETH-25OCT19-200-C,193.96,66.93,0.077,180.0,0.087,180.0,74.61,0.25454,-0.23164,0.08852,0.00883,0.50703
194.05,SYN.ETH-20SEP19,1568631543008,open,0.0,210.0,0.001,0.011,0.001125,87.47,0.001,0.0,ETH-20SEP19-230-C,193.96,0.0,0.0,0.0,0.002,200.0,97.12,0.01466,-0.16548,0.00065,0.00419,0.03285
194.05,SYN.ETH-20SEP19,1568631543008,open,0.24,0.0,0.201,0.277,0.237504,98.26,None,0.0,ETH-20SEP19-240-P,193.96,0.0,0.0,0.0,0.0,0.0,0.0,0.0098,-0.12417,-0.02508,0.00249,-0.97972
194.05,SYN.ETH-20SEP19,1568631543009,open,0.0,1107.0,0.001,0.011,0.00073,98.26,0.001,0.0,ETH-20SEP19-240-C,193.96,0.0,0.0,0.0,0.001,200.0,103.08,0.0098,-0.12417,0.0004,0.00249,0.02028
195.53,SYN.ETH-25OCT19,1568631543008,open,0.29,3.0,0.265,0.315,0.291029,72.27,0.271,0.0,ETH-25OCT19-140-C,193.96,0.0,0.0,0.0,0.0,0.0,0.0,0.07845,-0.07293,0.13464,0.00267,0.93753
194.05,SYN.ETH-20SEP19,1568631543008,open,0.08,0.0,0.053,0.121,0.086353,65.46,None,0.0,ETH-20SEP19-210-P,193.96,0.0,0.081,40.0,0.092,40.0,87.45,0.04179,-0.35288,-0.01975,0.01597,-0.87226
194.05,SYN.ETH-20SEP19,1568631543008,open,0.04,3.0,0.015,0.076,0.044515,63.3,0.038,0.0,ETH-20SEP19-200-P,193.96,48.08,0.039,105.0,0.05,120.0,77.65,0.07272,-0.59385,-0.01465,0.02873,-0.66646
195.53,SYN.ETH-25OCT19,1568631543008,open,0.05,108.0,0.027,0.083,0.054131,70.76,0.06,0.0,ETH-25OCT19-180-P,193.96,68.06,0.051,128.0,0.057,240.0,73.22,0.22754,-0.20707,-0.07746,0.0079,-0.31779
195.53,SYN.ETH-25OCT19,1568631543008,open,0.05,318.0,0.023,0.075,0.048454,71.56,0.048,0.0,ETH-25OCT19-220-C,193.96,68.68,0.045,229.0,0.052,5.0,74.48,0.23611,-0.21729,0.06258,0.0081,0.34897
194.05,SYN.ETH-20SEP19,1568631543010,open,0.38,0.0,0.363,0.4,0.381614,110.05,None,0.0,ETH-20SEP19-120-C,193.96,0.0,0.0,0.0,0.0,0.0,0.0,1e-05,-0.00011,0.01274,0.0,0.99999
195.53,SYN.ETH-25OCT19,1568631543008,open,0.26,0.0,0.211,0.302,0.256738,73.94,None,0.0,ETH-25OCT19-240-P,193.96,61.31,0.245,200.0,0.0,0.0,0.0,0.19525,-0.18569,-0.21317,0.00648,-0.76683
195.53,SYN.ETH-25OCT19,1568631543009,open,0.1,434.0,0.068,0.141,0.104836,70.76,0.102,0.0,ETH-25OCT19-200-P,193.96,67.81,0.101,96.0,0.109,240.0,73.96,0.25454,-0.23164,-0.1245,0.00883,-0.49297
194.05,SYN.ETH-20SEP19,1568631543009,open,0.0,14.0,0.001,0.011,0.001468,71.94,0.004,0.0,ETH-20SEP19-220-C,193.96,66.96,0.001,1.0,0.002,2.0,76.61,0.02025,-0.18796,0.00098,0.00704,0.04888
194.05,SYN.ETH-20SEP19,1568631543008,open,0.0,234.0,0.001,0.017,0.004176,65.46,0.004,0.0,ETH-20SEP19-210-C,193.96,59.62,0.003,499.0,0.006,8.0,73.32,0.04179,-0.35288,0.00255,0.01597,0.12774
195.53,SYN.ETH-25OCT19,1568631543008,open,0.14,473.0,0.098,0.165,0.133567,70.76,0.12,0.0,ETH-25OCT19-180-C,193.96,64.21,0.126,236.0,0.138,140.0,74.55,0.22754,-0.20707,0.11426,0.0079,0.68221
195.53,SYN.ETH-25OCT19,1568631543009,open,0.01,2358.0,0.001,0.025,0.010827,77.96,0.013,0.0,ETH-25OCT19-280-C,193.96,74.61,0.009,460.0,0.013,420.0,81.6,0.11163,-0.11192,0.01848,0.00352,0.09956
195.53,SYN.ETH-25OCT19,1568631543009,open,0.03,71.0,0.011,0.051,0.02932,73.94,0.029,0.0,ETH-25OCT19-240-C,193.96,70.56,0.026,267.0,0.033,686.0,77.57,0.19525,-0.18569,0.04245,0.00648,0.23317
10450.13,SYN.BTC-25OCT19,1568631543018,open,0.11,69.4,0.0805,0.1405,0.11182444,69.73,0.112,0.0,BTC-25OCT19-10000-C,10311.97,68.66,0.1105,14.4,0.114,4.3,71.48,12.97848,-11.63965,5.66368,0.00016,0.62068
10373.05,BTC-27SEP19,1568631543086,open,0.02,22.7,0.004,0.037,0.01827657,69.01,0.0175,0.0,BTC-27SEP19-11250-C,10311.97,68.52,0.018,4.7,0.0205,62.8,72.88,5.888,-18.6813,0.76896,0.00027,0.26707
10373.05,BTC-27SEP19,1568631543103,open,0.04,95.9,0.018,0.0645,0.04092389,67.57,0.04,0.0,BTC-27SEP19-10500-C,10311.97,66.95,0.0405,5.0,0.0425,2.1,69.86,7.13575,-22.16678,1.36224,0.00033,0.48167
10333.74,SYN.BTC-20SEP19,1568631543127,open,0.05,15.9,0.027,0.077,0.05088354,61.81,0.047,0.0,BTC-20SEP19-10750-P,10311.97,57.75,0.0495,0.6,0.052,0.6,65.01,3.57328,-28.49327,-0.84784,0.00051,-0.7218
10333.74,SYN.BTC-20SEP19,1568631543167,open,0.13,0.0,0.1115,0.1495,0.13011099,74.8,None,0.0,BTC-20SEP19-9000-C,10311.97,0.0,0.129,10.0,0.0,0.0,0.0,0.79405,-7.6623,0.91773,9e-05,0.96648
10848.1,SYN.BTC-27MAR20,1568631543217,open,0.57,0.1,0.5115,0.6395,0.57570378,78.82,0.62,0.0,BTC-27MAR20-16000-P,10311.97,61.41,0.5315,3.0,0.633,3.0,99.39,29.13549,-5.95284,-70.39995,6e-05,-0.6524
10848.1,SYN.BTC-27MAR20,1568631543251,open,1.07,0.0,1.0105,1.144,1.07480464,81.61,None,0.0,BTC-27MAR20-22000-P,10311.97,0.0,0.0005,10.0,0.0,0.0,0.0,21.07441,-4.45869,-108.31144,4e-05,-0.81465
10450.13,SYN.BTC-25OCT19,1568631543259,open,0.01,280.6,0.0005,0.022,0.00896323,74.9,0.01,0.0,BTC-25OCT19-15000-C,10311.97,74.0,0.0085,18.0,0.01,10.6,76.85,5.42318,-5.22453,0.87411,6e-05,0.0875
10848.1,SYN.BTC-27MAR20,1568631543259,open,1.6,0.0,1.539,1.679,1.60520966,83.63,None,0.0,BTC-27MAR20-28000-P,10311.97,0.0,0.0005,10.0,0.0,0.0,0.0,14.29841,-3.09976,-143.34627,3e-05,-0.89541
10333.74,SYN.BTC-20SEP19,1568631543283,open,0.0,83.9,0.0005,0.0115,0.00194206,70.84,0.0025,0.0,BTC-20SEP19-9250-P,10311.97,66.99,0.0015,32.3,0.0025,0.1,75.09,1.26934,-11.59969,-0.06802,0.00016,-0.06005
10333.74,SYN.BTC-20SEP19,1568631543356,open,0.16,10.0,0.1385,0.188,0.16205491,74.54,0.161,0.0,BTC-20SEP19-12000-P,10311.97,0.0,0.1415,4.0,0.182,4.0,170.55,0.68817,-6.6173,-1.24415,8e-05,-0.9718
10450.13,SYN.BTC-25OCT19,1568631543367,open,0.43,8.3,0.4145,0.441,0.42729297,82.41,0.431,0.0,BTC-25OCT19-6000-C,10311.97,0.0,0.4165,9.0,0.4395,1.0,128.73,1.21651,-1.28941,6.21866,1e-05,0.98601
10333.74,SYN.BTC-20SEP19,1568631543416,open,0.27,0.0,0.2595,0.289,0.27428594,109.56,None,0.0,BTC-20SEP19-7500-C,10311.97,0.0,0.001,3.0,0.0,0.0,0.0,0.06422,-0.90765,0.79423,1e-05,0.99811
10373.01,BTC-27SEP19,1568631543443,open,0.12,0.0,0.095,0.1425,0.11908124,70.84,None,0.0,BTC-27SEP19-9250-C,10311.97,60.33,0.115,11.0,0.1425,10.0,117.76,4.34054,-14.13659,2.23099,0.00019,0.8409
10333.74,SYN.BTC-20SEP19,1568631543511,open,0.0,123.9,0.0005,0.0105,0.00014965,110.0,0.001,0.0,BTC-20SEP19-14000-C,10311.97,0.0,0.0,0.0,0.001,10.8,138.63,0.1365,-1.54642,0.00463,1e-05,0.00437
10848.1,SYN.BTC-27MAR20,1568631543565,open,1.96,0.0,1.897,2.044,1.96617895,84.83,None,0.0,BTC-27MAR20-32000-P,10311.97,0.0,0.001,1.0,0.0,0.0,0.0,11.06137,-2.43253,-165.78575,2e-05,-0.92589
10333.74,SYN.BTC-20SEP19,1568631543570,open,0.0,273.9,0.0005,0.014,0.00332827,64.62,0.003,0.0,BTC-20SEP19-11250-C,10311.97,65.52,0.0035,30.0,0.0045,5.8,70.39,1.96319,-16.36658,0.11378,0.00027,0.10703
10450.13,SYN.BTC-25OCT19,1568631543645,open,0.44,0.0,0.4105,0.4815,0.44435799,74.91,None,0.0,BTC-25OCT19-15000-P,10311.97,0.0,0.0,0.0,0.0,0.0,0.0,5.42484,-5.22686,-15.10187,6e-05,-0.91247
10333.74,SYN.BTC-20SEP19,1568631543649,open,0.06,1.8,0.04,0.0855,0.06274144,62.52,0.0665,0.0,BTC-20SEP19-9750-C,10311.97,59.67,0.062,6.6,0.064,0.6,67.13,2.74439,-22.13484,0.83646,0.00039,0.82505
10848.1,SYN.BTC-27MAR20,1568631543656,open,0.03,80.5,0.0135,0.0525,0.031079,77.7,0.036,0.0,BTC-27MAR20-6000-P,10311.97,77.22,0.0305,50.0,0.031,6.0,77.64,12.97569,-2.61378,-7.03321,3e-05,-0.09161
10450.13,SYN.BTC-25OCT19,1568631543676,open,0.07,102.7,0.0405,0.097,0.06900667,69.73,0.07,0.0,BTC-25OCT19-11000-C,10311.97,69.73,0.069,1.0,0.071,4.3,71.27,13.52141,-12.12665,4.30277,0.00017,0.45559
10373.01,BTC-27SEP19,1568631543742,open,0.01,9.0,0.001,0.026,0.01081855,70.84,0.0105,0.0,BTC-27SEP19-9250-P,10311.97,70.08,0.0105,5.7,0.012,24.0,73.62,4.34054,-14.13659,-0.52518,0.00019,-0.1591
10848.1,SYN.BTC-27MAR20,1568631543785,open,0.04,55.6,0.0135,0.069,0.03703766,82.29,0.0415,0.0,BTC-27MAR20-24000-C,10311.97,81.09,0.035,6.0,0.0385,22.0,83.14,18.54177,-3.95556,6.58485,4e-05,0.15191
10848.1,SYN.BTC-27MAR20,1568631543788,open,0.02,45.0,0.0055,0.0445,0.02040625,84.79,0.0225,0.0,BTC-27MAR20-30000-C,10311.97,83.58,0.019,0.1,0.021,22.0,85.29,12.78308,-2.80989,3.97709,2e-05,0.08979
10450.1,SYN.BTC-25OCT19,1568631543880,open,0.63,0.0,0.596,0.669,0.63055807,79.17,None,0.0,BTC-25OCT19-17000-P,10311.97,0.0,0.0,0.0,0.0,0.0,0.0,2.92097,-2.97417,-17.70668,3e-05,-0.9603
10333.72,SYN.BTC-20SEP19,1568631543888,open,0.35,0.0,0.3285,0.384,0.35494073,110.25,None,0.0,BTC-20SEP19-14000-P,10311.97,0.0,0.001,1.0,0.0,0.0,0.0,0.13876,-1.97358,-1.48185,1e-05,-0.99555
10333.72,SYN.BTC-20SEP19,1568631543910,open,0.0,8.0,0.0005,0.0105,6.688e-05,110.0,0.0005,0.0,BTC-20SEP19-7500-P,10311.97,0.0,0.0,0.0,0.0005,0.5,137.77,0.06634,-0.69111,-0.00223,1e-05,-0.00196
10450.1,SYN.BTC-25OCT19,1568631543980,open,0.34,2.0,0.318,0.353,0.3350087,77.15,0.3455,0.0,BTC-25OCT19-7000-C,10311.97,0.0,0.33,18.0,0.3515,8.0,113.54,3.11405,-3.09002,6.92336,3e-05,0.95704
198.45,ETH-27DEC19,1568631544014,open,0.03,985.0,0.009,0.051,0.027523,81.08,0.028,0.0,ETH-27DEC19-340-C,193.96,78.98,0.025,200.0,0.031,260.0,83.85,0.24286,-0.09665,0.06703,0.00272,0.14854
10848.09,SYN.BTC-27MAR20,1568631544063,open,0.01,21.6,0.003,0.0335,0.01377812,85.53,0.0155,0.0,BTC-27MAR20-34000-C,10311.97,84.08,0.0125,10.0,0.0155,23.0,87.37,9.81359,-2.176,2.84773,2e-05,0.06346
200.55,SYN.ETH-27MAR20,1568631544072,open,0.02,3394.0,0.006,0.046,0.022344,91.03,0.02,0.0,ETH-27MAR20-600-C,193.96,89.02,0.02,149.0,0.025,200.0,93.16,0.24166,-0.05703,0.07438,0.00125,0.09253
10373.01,BTC-27SEP19,1568631544087,open,0.01,271.5,0.0025,0.031,0.01394272,70.11,0.014,0.0,BTC-27SEP19-11500-C,10311.97,70.23,0.014,4.8,0.0145,10.0,71.21,5.22145,-16.8306,0.61916,0.00023,0.21427
10333.72,SYN.BTC-20SEP19,1568631544098,open,0.01,135.1,0.0005,0.0215,0.00625679,62.53,0.0055,0.0,BTC-20SEP19-9750-P,10311.97,61.56,0.006,3.5,0.0075,25.4,67.08,2.74491,-22.14379,-0.19889,0.00039,-0.175
10623.54,BTC-27DEC19,1568631544113,open,0.24,87.4,0.1905,0.285,0.23845389,74.39,0.233,0.0,BTC-27DEC19-12000-P,10311.97,72.74,0.235,8.0,0.242,14.4,76.08,22.24696,-8.12235,-23.23604,9e-05,-0.54518
10623.54,BTC-27DEC19,1568631544113,open,0.0,546.2,0.0005,0.013,0.00303292,86.66,0.004,0.0,BTC-27DEC19-30000-C,10311.97,84.51,0.0025,10.0,0.004,60.6,89.99,2.80381,-1.19256,0.52539,1e-05,0.02075
10623.54,BTC-27DEC19,1568631544113,open,0.11,359.8,0.07,0.1465,0.10888797,74.39,0.11,0.0,BTC-27DEC19-12000-C,10311.97,73.49,0.107,70.8,0.11,4.9,74.92,22.24697,-8.12242,10.25735,9e-05,0.45482
10623.54,BTC-27DEC19,1568631544113,open,0.02,284.8,0.0055,0.0305,0.01576485,74.95,0.016,0.0,BTC-27DEC19-6500-P,10311.97,73.92,0.015,30.0,0.0165,24.0,75.92,7.95494,-2.92627,-2.69503,3e-05,-0.07513
10623.54,BTC-27DEC19,1568631544113,open,0.37,50.4,0.3395,0.389,0.36427813,74.26,0.3615,0.0,BTC-27DEC19-7000-C,10311.97,68.46,0.359,14.2,0.3715,12.0,81.47,10.12972,-3.6918,15.7686,4e-05,0.89608
10373.01,BTC-27SEP19,1568631544113,open,0.0,438.2,0.0005,0.0105,0.0,110.0,0.0005,0.0,BTC-27SEP19-28000-C,10311.97,0.0,0.0,0.0,0.0005,8.0,208.14,1e-05,-5e-05,0.0,0.0,0.0
10373.01,BTC-27SEP19,1568631544113,open,0.01,1274.1,0.0005,0.022,0.00810635,72.48,0.0085,0.0,BTC-27SEP19-12000-C,10311.97,72.2,0.008,53.0,0.009,0.1,74.82,3.89256,-12.97164,0.39297,0.00017,0.13525
10373.01,BTC-27SEP19,1568631544116,open,0.0,300.4,0.0005,0.0105,3e-07,110.0,0.0005,0.0,BTC-27SEP19-24000-C,10311.97,0.0,0.0,0.0,0.0005,8.0,180.14,0.00063,-0.00309,2e-05,0.0,1e-05
10373.01,BTC-27SEP19,1568631544116,open,0.0,761.0,0.0005,0.0105,0.0,110.0,0.0005,0.0,BTC-27SEP19-32000-C,10311.97,0.0,0.0,0.0,0.0005,8.0,231.84,0.0,0.0,0.0,0.0,0.0
10373.01,BTC-27SEP19,1568631544116,open,0.0,1107.7,0.0005,0.0105,3e-08,110.0,0.001,0.0,BTC-27SEP19-4250-P,10311.97,0.0,0.0,0.0,0.0005,8.0,209.2,7e-05,-0.00032,0.0,0.0,0.0
10623.54,BTC-27DEC19,1568631544121,open,1.45,0.0,1.4005,1.5115,1.45295511,84.08,None,0.0,BTC-27DEC19-26000-P,10311.97,0.0,0.0045,10.0,2.1655,0.2,499.89,4.48886,-1.85238,-71.65147,2e-05,-0.9635
10373.01,BTC-27SEP19,1568631544126,open,0.64,0.0,0.6285,0.648,0.63848627,149.37,None,0.0,BTC-27SEP19-3750-C,10311.97,0.0,0.0045,10.0,0.0,0.0,0.0,0.00177,-0.01216,1.11729,0.0,0.99998
10373.01,BTC-27SEP19,1568631544126,open,2.08,0.0,2.0245,2.1475,2.08491717,0.0,None,0.0,BTC-27SEP19-32000-P,10311.97,0.0,0.0,0.0,0.0,0.0,0.0,0.0,0.0,-9.53486,0.0,-1.0
10373.01,BTC-27SEP19,1568631544131,open,0.0,1660.1,0.0005,0.0105,0.0,110.0,0.0005,0.0,BTC-27SEP19-1500-P,10311.97,0.0,0.0,0.0,0.0005,105.1,442.86,0.0,0.0,0.0,0.0,0.0
10623.54,BTC-27DEC19,1568631544136,open,1.82,0.2,1.769,1.8905,1.82694771,86.65,2.03,0.0,BTC-27DEC19-30000-P,10311.97,0.0,0.001,1.0,0.0,0.0,0.0,2.80215,-1.19172,-83.20841,1e-05,-0.97926
10623.54,BTC-27DEC19,1568631544138,open,3.51,0.0,3.43,3.614,3.51901118,100.71,None,0.0,BTC-27DEC19-48000-P,10311.97,0.0,0.0005,11.0,0.0,0.0,0.0,0.82697,-0.40875,-133.84413,0.0,-0.99489
10373.01,BTC-27SEP19,1568631544146,open,0.0,422.0,0.0005,0.0105,0.0,110.0,0.0005,0.0,BTC-27SEP19-3500-P,10311.97,0.0,0.0,0.0,0.0005,39.0,251.99,0.0,0.0,0.0,0.0,0.0
10373.01,BTC-27SEP19,1568631544148,open,0.73,1.0,0.7015,0.7715,0.73539961,109.49,0.575,0.0,BTC-27SEP19-18000-P,10311.97,0.0,0.0045,0.3,0.0,0.0,0.0,0.13333,-0.67113,-5.35637,0.0,-0.99761
10373.01,BTC-27SEP19,1568631544151,open,0.0,484.6,0.0005,0.0105,1e-08,110.0,0.0005,0.0,BTC-27SEP19-4000-P,10311.97,0.0,0.0,0.0,0.0005,40.0,222.55,1e-05,-6e-05,0.0,0.0,0.0
10373.01,BTC-27SEP19,1568631544153,open,0.61,227.5,0.6045,0.624,0.61438536,140.67,0.606,0.0,BTC-27SEP19-4000-C,10311.97,0.0,0.111,2.0,0.0,0.0,0.0,0.00199,-0.01289,1.19177,0.0,0.99997
198.45,ETH-27DEC19,1568631544158,open,0.02,161.0,0.006,0.04,0.019665,84.48,0.02,0.0,ETH-27DEC19-380-C,193.96,82.76,0.018,399.0,0.021,220.0,85.82,0.19574,-0.08116,0.04944,0.00211,0.10891
10373.01,BTC-27SEP19,1568631544176,open,0.02,994.8,0.007,0.0455,0.02448985,68.96,0.024,0.0,BTC-27SEP19-11000-C,10311.97,68.18,0.024,13.7,0.026,1.0,71.36,6.50266,-20.61631,0.95146,0.00029,0.33233
10373.01,BTC-27SEP19,1568631544176,open,0.0,1392.7,0.0005,0.0115,0.00179127,83.48,0.0015,0.0,BTC-27SEP19-8000-P,10311.97,80.9,0.0015,45.0,0.0025,8.5,88.88,1.23245,-4.73023,-0.09956,5e-05,-0.03042
10623.54,BTC-27DEC19,1568631544176,open,0.0,323.1,0.0005,0.012,0.00227489,87.71,0.0025,0.0,BTC-27DEC19-32000-C,10311.97,83.46,0.0015,34.0,0.003,2.5,90.84,2.22941,-0.95968,0.40275,1e-05,0.01586
10373.01,BTC-27SEP19,1568631544188,open,1.31,0.2,1.2685,1.361,1.31368817,0.0,1.6,0.0,BTC-27SEP19-24000-P,10311.97,0.0,0.0,0.0,0.0,0.0,0.0,0.0,0.0,-7.15114,0.0,-1.0
10623.54,BTC-27DEC19,1568631544190,open,0.45,122.9,0.428,0.4645,0.44572677,76.25,0.4475,0.0,BTC-27DEC19-6000-C,10311.97,70.06,0.4425,13.0,0.462,13.0,99.0,6.03166,-2.25723,14.87376,3e-05,0.94735
10373.01,BTC-27SEP19,1568631544190,open,0.0,541.9,0.0005,0.011,0.00124923,84.65,0.0015,0.0,BTC-27SEP19-14000-C,10311.97,87.08,0.0015,63.9,0.002,8.0,91.26,1.00776,-3.92177,0.07001,4e-05,0.0239
10373.01,BTC-27SEP19,1568631544190,open,0.26,37.0,0.229,0.2855,0.25586349,76.35,0.2795,0.0,BTC-27SEP19-13000-P,10311.97,0.0,0.232,6.0,0.279,6.0,140.71,1.84052,-6.46069,-3.72771,8e-05,-0.95021
10373.01,BTC-27SEP19,1568631544190,open,1.89,0.0,1.8355,1.951,1.89210984,0.0,None,0.0,BTC-27SEP19-30000-P,10311.97,0.0,0.0,0.0,0.0,0.0,0.0,0.0,0.0,-8.93893,0.0,-1.0
10373.01,BTC-27SEP19,1568631544192,open,0.81,28.2,0.7975,0.817,0.80719268,231.86,0.755,0.0,BTC-27SEP19-2000-C,10311.97,0.0,0.01,1.0,0.0,0.0,0.0,0.00065,-0.00696,0.5959,0.0,0.99999
10373.01,BTC-27SEP19,1568631544192,open,0.0,1294.3,0.0005,0.0105,0.00053345,99.57,0.0005,0.0,BTC-27SEP19-7000-P,10311.97,0.0,0.0,0.0,0.001,53.0,108.63,0.42647,-1.95224,-0.02883,1e-05,-0.00879
10623.54,BTC-27DEC19,1568631544203,open,2.39,1.3,2.3225,2.463,2.39014531,90.38,2.2,0.0,BTC-27DEC19-36000-P,10311.97,0.0,0.0005,10.0,0.0,0.0,0.0,1.52792,-0.67776,-100.21915,1e-05,-0.98975
10848.09,SYN.BTC-27MAR20,1568631544203,open,0.74,0.0,0.672,0.8025,0.7365047,79.95,0.8095,0.0,BTC-27MAR20-18000-P,10311.97,0.0,0.0825,2.0,0.865,0.1,126.85,26.57858,-5.50869,-83.45153,5e-05,-0.71928
10623.54,BTC-27DEC19,1568631544211,open,0.0,213.2,0.0005,0.0105,0.00049983,108.5,0.0005,0.0,BTC-27DEC19-2500-P,10311.97,0.0,0.0,0.0,0.001,47.0,117.98,0.43125,-0.22964,-0.08813,0.0,-0.00247
10373.01,BTC-27SEP19,1568631544211,open,0.07,696.5,0.04,0.0915,0.06655394,68.62,0.065,0.0,BTC-27SEP19-10000-C,10311.97,67.76,0.066,6.2,0.068,1.0,70.86,6.6746,-21.05669,1.78388,0.0003,0.64371
10373.01,BTC-27SEP19,1568631544216,open,0.69,0.5,0.677,0.6965,0.6866881,168.53,0.694,0.0,BTC-27SEP19-3250-C,10311.97,0.0,0.0045,10.0,0.781,0.5,500.0,0.00139,-0.01073,0.96833,0.0,0.99998
10373.01,BTC-27SEP19,1568631544222,open,1.7,0.0,1.6465,1.754,1.69930252,0.0,None,0.0,BTC-27SEP19-28000-P,10311.97,0.0,0.0,0.0,0.0,0.0,0.0,0.0,0.0,-8.343,0.0,-1.0
10373.01,BTC-27SEP19,1568631544234,open,0.0,657.8,0.0005,0.0105,1.86e-06,110.0,0.0005,0.0,BTC-27SEP19-5000-P,10311.97,0.0,0.0,0.0,0.0005,63.0,173.44,0.00306,-0.01548,-0.00013,0.0,-4e-05
10373.01,BTC-27SEP19,1568631544247,open,0.0,573.7,0.0005,0.0105,0.00049068,101.97,0.0005,0.0,BTC-27SEP19-16000-C,10311.97,0.0,0.0,0.0,0.001,28.0,111.45,0.42647,-1.99926,0.02566,1e-05,0.00879
10373.01,BTC-27SEP19,1568631544247,open,0.0,811.8,0.0005,0.0105,1.816e-05,110.0,0.0005,0.0,BTC-27SEP19-20000-C,10311.97,0.0,0.0,0.0,0.0005,8.0,145.98,0.02503,-0.1266,0.00114,0.0,0.00039
10623.54,BTC-27DEC19,1568631544247,open,0.0,248.0,0.0005,0.0105,0.0007499,88.21,0.001,0.0,BTC-27DEC19-3500-P,10311.97,84.05,0.0005,5.0,0.001,34.7,91.49,0.732,-0.3169,-0.1543,0.0,-0.00445
10373.01,BTC-27SEP19,1568631544247,open,0.35,54.0,0.3235,0.3815,0.35090049,84.59,0.466,0.0,BTC-27SEP19-14000-P,10311.97,0.0,0.328,5.0,0.3735,5.0,163.01,1.00508,-3.90884,-4.1017,4e-05,-0.97617
10623.54,BTC-27DEC19,1568631544255,open,0.9,5.7,0.8515,0.953,0.89958622,80.14,0.661,0.0,BTC-27DEC19-20000-P,10311.97,0.0,0.14,0.3,1.466,1.0,383.09,9.83773,-3.86956,-53.36548,4e-05,-0.90017
10623.54,BTC-27DEC19,1568631544257,open,0.38,291.4,0.3345,0.4355,0.38500922,76.35,0.375,0.0,BTC-27DEC19-14000-P,10311.97,49.36,0.34,6.0,0.427,6.0,97.74,19.93031,-7.46849,-31.73558,8e-05,-0.68528
10623.54,BTC-27DEC19,1568631544257,open,0.49,73.3,0.474,0.5055,0.48911429,78.02,0.475,0.0,BTC-27DEC19-5500-C,10311.97,0.0,0.475,13.0,0.502,13.0,101.16,4.40551,-1.68698,14.09065,2e-05,0.96432
10623.54,BTC-27DEC19,1568631544257,open,0.63,26.7,0.615,0.6345,0.62497821,85.7,0.626,0.0,BTC-27DEC19-4000-C,10311.97,0.0,0.45,1.0,0.6485,0.2,151.49,1.30674,-0.54964,10.86589,0.0,0.99143
10623.54,BTC-27DEC19,1568631544257,open,1.64,0.1,1.585,1.7005,1.63970061,85.35,1.49,0.0,BTC-27DEC19-28000-P,10311.97,0.0,0.001,1.0,0.0,0.0,0.0,3.51823,-1.47371,-77.4651,1e-05,-0.97282
10373.01,BTC-27SEP19,1568631544264,open,0.54,34.4,0.5125,0.5765,0.54294926,101.82,0.396,0.0,BTC-27SEP19-16000-P,10311.97,0.0,0.0045,10.0,0.0,0.0,0.0,0.4228,-1.97922,-4.74201,1e-05,-0.99129
10848.09,SYN.BTC-27MAR20,1568631544264,open,1.78,0.0,1.718,1.862,1.78587762,84.8,None,0.0,BTC-27MAR20-30000-P,10311.97,0.0,0.0005,10.0,0.0,0.0,0.0,12.78566,-2.81068,-154.54992,2e-05,-0.91019
10623.54,BTC-27DEC19,1568631544268,open,0.46,207.4,0.4145,0.5155,0.46440016,76.86,0.5265,0.0,BTC-27DEC19-15000-P,10311.97,67.41,0.449,7.1,0.4745,6.0,82.62,18.16688,-6.85263,-35.74358,8e-05,-0.74106
10373.01,BTC-27SEP19,1568631544270,open,0.86,42.8,0.8455,0.865,0.85539451,268.33,0.815,0.0,BTC-27SEP19-1500-C,10311.97,0.0,0.036,1.0,0.0,0.0,0.0,0.00043,-0.00535,0.44693,0.0,0.99999
10623.54,BTC-27DEC19,1568631544277,open,0.02,793.8,0.0045,0.037,0.01697636,80.15,0.016,0.0,BTC-27DEC19-20000-C,10311.97,79.08,0.016,34.0,0.018,9.0,81.23,9.83824,-3.86986,2.45698,4e-05,0.09984
10848.09,SYN.BTC-27MAR20,1568631544283,open,1.25,0.0,1.185,1.32,1.24941477,82.3,None,0.0,BTC-27MAR20-24000-P,10311.97,0.0,0.0005,10.0,0.0,0.0,0.0,18.54309,-3.95601,-120.23693,4e-05,-0.84808
10623.54,BTC-27DEC19,1568631544303,open,0.72,12.4,0.672,0.7725,0.72020457,78.61,0.559,0.0,BTC-27DEC19-18000-P,10311.97,0.0,0.18,0.1,1.4545,0.2,500.0,12.73882,-4.91464,-46.73382,5e-05,-0.8559
10373.01,BTC-27SEP19,1568631544311,open,1.12,0.2,1.0795,1.164,1.1208829,0.0,1.391,0.0,BTC-27SEP19-22000-P,10311.97,0.0,0.0045,10.0,0.0,0.0,0.0,0.0,0.0,-6.55521,0.0,-1.0
10373.01,BTC-27SEP19,1568631544313,open,0.45,26.6,0.418,0.4785,0.44678375,93.22,0.44,0.0,BTC-27SEP19-15000-P,10311.97,0.0,0.423,5.0,0.4695,5.0,185.07,0.61912,-2.65349,-4.42998,2e-05,-0.9865
10623.54,BTC-27DEC19,1568631544313,open,0.72,0.0,0.7085,0.728,0.71835852,99.89,None,0.0,BTC-27DEC19-3000-C,10311.97,0.0,0.095,0.1,0.944,0.5,500.0,0.65123,-0.31927,8.23521,0.0,0.99609
10373.01,BTC-27SEP19,1568631544317,open,0.71,225.7,0.701,0.7205,0.71078902,179.14,0.693,0.0,BTC-27SEP19-3000-C,10311.97,0.0,0.0045,20.0,0.0,0.0,0.0,0.00121,-0.01,0.89384,0.0,0.99998
10623.54,BTC-27DEC19,1568631544317,open,2.01,0.3,1.9535,2.081,2.01445067,87.69,1.875,0.0,BTC-27DEC19-32000-P,10311.97,0.0,0.0005,10.0,0.0,0.0,0.0,2.22748,-0.9587,-88.91332,1e-05,-0.98416
10623.54,BTC-27DEC19,1568631544325,open,0.07,499.3,0.0345,0.1015,0.06718232,76.35,0.0655,0.0,BTC-27DEC19-14000-C,10311.97,75.19,0.065,19.3,0.0695,31.9,77.58,19.93039,-7.46858,7.34007,8e-05,0.31473
10623.54,BTC-27DEC19,1568631544325,open,2.76,0.0,2.6915,2.8455,2.76600741,90.84,2.58,0.0,BTC-27DEC19-40000-P,10311.97,0.0,0.001,1.0,0.0,0.0,0.0,0.92983,-0.41458,-111.49507,0.0,-0.99417
10333.72,SYN.BTC-20SEP19,1568631544335,open,0.21,0.0,0.186,0.237,0.21016659,85.61,None,0.0,BTC-20SEP19-12500-P,10311.97,0.0,0.0,0.0,0.0,0.0,0.0,0.45558,-5.03193,-1.3089,5e-05,-0.98271
10623.54,BTC-27DEC19,1568631544361,open,0.67,4.0,0.6615,0.681,0.67129317,88.21,0.666,0.0,BTC-27DEC19-3500-C,10311.97,0.0,0.0965,0.5,0.965,1.0,500.0,0.73222,-0.31701,9.61455,0.0,0.99554
10333.72,SYN.BTC-20SEP19,1568631544361,open,0.23,0.0,0.2105,0.2435,0.22624538,109.93,None,0.0,BTC-20SEP19-8000-C,10311.97,0.0,0.0015,2.0,0.0,0.0,0.0,0.29045,-4.11904,0.83775,2e-05,0.98973
10623.54,BTC-27DEC19,1568631544367,open,0.55,23.1,0.498,0.599,0.5473034,77.45,0.5235,0.0,BTC-27DEC19-16000-P,10311.97,0.0,0.5035,5.0,0.589,5.0,101.69,16.30706,-6.19834,-39.56626,7e-05,-0.78707
10372.98,BTC-27SEP19,1568631544367,open,0.59,9.1,0.5805,0.6,0.59028447,136.79,0.6095,0.0,BTC-27SEP19-4250-C,10311.97,0.0,0.005,0.1,0.7675,2.0,500.0,0.0036,-0.02263,1.26619,0.0,0.99995
10372.98,BTC-27SEP19,1568631544382,open,1.5,0.0,1.4575,1.5575,1.50649523,0.0,None,0.0,BTC-27SEP19-26000-P,10311.97,0.0,0.0,0.0,0.0,0.0,0.0,0.0,0.0,-7.74707,0.0,-1.0
10623.54,BTC-27DEC19,1568631544382,open,1.08,4.9,1.0335,1.1365,1.08214221,81.33,1.0385,0.0,BTC-27DEC19-22000-P,10311.97,0.0,0.09,0.1,1.809,0.3,500.0,7.49522,-2.99174,-59.67759,3e-05,-0.93049
10623.54,BTC-27DEC19,1568631544388,open,0.86,0.1,0.849,0.8685,0.85882485,110.05,0.868,0.0,BTC-27DEC19-1500-C,10311.97,0.0,0.8505,1.0,0.867,1.0,225.28,0.02785,-0.01504,4.18228,0.0,0.99987
10623.54,BTC-27DEC19,1568631544388,open,0.81,0.0,0.802,0.8215,0.81188327,110.01,None,0.0,BTC-27DEC19-2000-C,10311.97,0.0,0.0145,0.2,0.956,0.5,500.0,0.15014,-0.08107,5.55486,0.0,0.99922
10623.54,BTC-27DEC19,1568631544390,open,0.01,378.9,0.0005,0.0165,0.00556229,84.09,0.005,0.0,BTC-27DEC19-26000-C,10311.97,82.71,0.005,10.0,0.0065,35.0,86.2,4.49002,-1.85298,0.91779,2e-05,0.03651
10372.98,BTC-27SEP19,1568631544396,open,0.76,55.9,0.749,0.7685,0.75899085,209.22,0.689,0.0,BTC-27SEP19-2500-C,10311.97,0.0,0.0045,10.0,0.0,0.0,0.0,0.00147,-0.01413,0.74485,0.0,0.99998
10372.98,BTC-27SEP19,1568631544398,open,0.93,0.0,0.8905,0.9675,0.92809139,101.49,0.691,0.0,BTC-27SEP19-20000-P,10311.97,0.0,0.0045,10.0,1.0745,0.2,500.0,0.00882,-0.04114,-5.95891,0.0,-0.99987
10623.54,BTC-27DEC19,1568631544398,open,3.14,0.0,3.061,3.2305,3.1427387,98.57,3.46,0.0,BTC-27DEC19-44000-P,10311.97,0.0,0.001,1.0,0.0,0.0,0.0,1.064,-0.51476,-122.63731,0.0,-0.99321
10623.54,BTC-27DEC19,1568631544407,open,3.89,0.8,3.799,3.998,3.89550033,104.73,3.59,0.0,BTC-27DEC19-52000-P,10311.97,0.0,0.001,2.0,0.0,0.0,0.0,0.77466,-0.39817,-145.01831,0.0,-0.99525
10623.54,BTC-27DEC19,1568631544407,open,0.01,451.6,0.0005,0.021,0.00774863,82.61,0.0065,0.0,BTC-27DEC19-24000-C,10311.97,81.19,0.007,36.7,0.0085,7.0,83.96,5.74886,-2.33097,1.2401,2e-05,0.04957
10372.98,BTC-27SEP19,1568631544418,open,0.16,111.2,0.137,0.1945,0.16495029,72.46,0.16,0.0,BTC-27SEP19-12000-P,10311.97,66.97,0.163,1.0,0.1665,1.0,76.45,3.891,-12.96292,-3.18281,0.00017,-0.86483
10623.54,BTC-27DEC19,1568631544418,open,0.77,0.0,0.7555,0.775,0.7651736,108.5,None,0.0,BTC-27DEC19-2500-C,10311.97,0.0,0.0205,0.1,0.949,0.5,500.0,0.43138,-0.22973,6.88962,0.0,0.99753
10372.98,BTC-27SEP19,1568631544423,open,0.66,261.1,0.653,0.6725,0.66258719,163.66,0.714,0.0,BTC-27SEP19-3500-C,10311.97,0.0,0.161,1.0,0.7435,0.1,500.0,0.00252,-0.01899,1.04276,0.0,0.99997
10623.54,BTC-27DEC19,1568631544426,open,0.4,63.0,0.383,0.4255,0.40391665,74.95,0.4965,0.0,BTC-27DEC19-6500-C,10311.97,0.0,0.386,12.0,0.424,12.0,97.47,7.95506,-2.92635,15.44716,3e-05,0.92487
10333.72,SYN.BTC-20SEP19,1568631544472,open,0.0,297.9,0.0005,0.014,0.00340658,66.1,0.003,0.0,BTC-20SEP19-9500-P,10311.97,63.82,0.003,0.1,0.004,0.1,69.22,1.89864,-16.18997,-0.11588,0.00025,-0.1022
10333.72,SYN.BTC-20SEP19,1568631544475,open,0.4,0.0,0.376,0.4325,0.40322985,110.61,None,0.0,BTC-20SEP19-14500-P,10311.97,0.0,0.001,1.0,0.0,0.0,0.0,0.06067,-0.86575,-1.53777,0.0,-0.99822
10333.72,SYN.BTC-20SEP19,1568631544532,open,0.03,184.2,0.0095,0.0525,0.0287915,59.92,0.03,0.0,BTC-20SEP19-10250-C,10311.97,60.43,0.029,4.1,0.03,3.3,62.9,4.1923,-32.40631,0.58792,0.00062,0.56459
10848.09,SYN.BTC-27MAR20,1568631544535,open,2.15,0.0,2.0765,2.228,2.14797914,85.54,None,0.0,BTC-27MAR20-34000-P,10311.97,0.0,0.0005,10.0,0.0,0.0,0.0,9.81727,-2.17707,-176.81606,2e-05,-0.93651
10848.09,SYN.BTC-27MAR20,1568631544609,open,0.09,201.1,0.0515,0.121,0.0857152,76.42,0.088,0.0,BTC-27MAR20-8000-P,10311.97,74.86,0.0825,18.0,0.088,4.9,77.53,22.36719,-4.43124,-16.6312,5e-05,-0.20441
10372.98,BTC-27SEP19,1568631544630,open,0.12,18.6,0.0935,0.152,0.12258482,70.1,0.121,0.0,BTC-27SEP19-11500-P,10311.97,65.86,0.1205,1.0,0.124,1.0,72.87,5.2206,-16.82457,-2.80759,0.00023,-0.78579
10450.1,SYN.BTC-25OCT19,1568631544739,open,0.25,0.0,0.225,0.27,0.24767626,72.29,None,0.0,BTC-25OCT19-8000-C,10311.97,37.45,0.235,8.0,0.2715,8.0,105.01,6.2262,-5.78899,7.19843,7e-05,0.89442
10372.98,BTC-27SEP19,1568631544748,open,0.05,5.1,0.027,0.0765,0.0524036,67.58,0.053,0.0,BTC-27SEP19-10250-C,10311.97,66.98,0.052,5.4,0.0545,5.3,70.66,7.05175,-21.90849,1.58056,0.00033,0.56378
10333.72,SYN.BTC-20SEP19,1568631544761,open,0.0,74.1,0.0005,0.0105,0.00041172,110.0,0.0005,0.0,BTC-20SEP19-8000-P,10311.97,0.0,0.0,0.0,0.001,10.4,125.12,0.29137,-4.13465,-0.01176,2e-05,-0.01031
10450.08,SYN.BTC-25OCT19,1568631544944,open,0.03,152.6,0.0085,0.0455,0.02500735,72.18,0.026,0.0,BTC-25OCT19-13000-C,10311.97,71.1,0.024,19.3,0.0265,11.0,73.76,9.80808,-9.10564,2.05057,0.00012,0.20924
10848.09,SYN.BTC-27MAR20,1568631544950,open,0.01,419.5,0.0005,0.0255,0.00944431,88.67,0.009,0.0,BTC-27MAR20-40000-C,10311.97,88.01,0.009,31.9,0.01,23.0,89.47,7.38862,-1.69833,2.00137,1e-05,0.04436
194.06,SYN.ETH-20SEP19,1568631544982,open,0.0,5.0,0.001,0.011,5e-06,110.01,0.003,0.0,ETH-20SEP19-130-P,193.96,0.0,0.0,0.0,0.001,200.0,184.97,0.00013,-0.00092,0.0,3e-05,-0.00016
194.25,ETH-27SEP19,1568631545013,open,0.0,100.0,0.001,0.011,0.000759,106.37,0.001,0.0,ETH-27SEP19-130-P,193.96,0.0,0.0,0.0,0.001,200.0,110.66,0.00996,-0.04873,-0.0007,0.00083,-0.01133
10333.71,SYN.BTC-20SEP19,1568631545046,open,0.0,150.5,0.0005,0.012,0.00233039,70.08,0.0025,0.0,BTC-20SEP19-11500-C,10311.97,71.23,0.0025,70.0,0.003,9.9,74.41,1.49594,-13.52391,0.07892,0.00019,0.07426
10848.09,SYN.BTC-27MAR20,1568631545052,open,2.33,0.0,2.257,2.414,2.33089096,86.97,None,0.0,BTC-27MAR20-36000-P,10311.97,0.0,0.0005,10.0,0.0,0.0,0.0,9.01267,-2.03202,-187.67788,2e-05,-0.94308
194.06,SYN.ETH-20SEP19,1568631545065,open,0.28,0.0,0.257,0.3,0.278605,100.16,None,0.0,ETH-20SEP19-140-C,193.96,0.0,0.0,0.0,0.0,0.0,0.0,0.00045,-0.00586,0.01485,0.00011,0.99935
194.25,ETH-27SEP19,1568631545069,open,0.23,0.0,0.205,0.253,0.228973,77.3,None,0.0,ETH-27SEP19-150-C,193.96,0.0,0.0,0.0,0.0,0.0,0.0,0.01796,-0.06382,0.04332,0.00207,0.97747
10450.08,SYN.BTC-25OCT19,1568631545079,open,0.01,82.7,0.0035,0.0275,0.01321968,72.29,0.0125,0.0,BTC-25OCT19-8000-P,10311.97,71.07,0.0125,21.4,0.014,0.3,73.59,6.22625,-5.78904,-1.32229,7e-05,-0.10558
10372.98,BTC-27SEP19,1568631545112,open,0.1,10.2,0.074,0.1235,0.09967118,69.53,0.105,0.0,BTC-27SEP19-9500-C,10311.97,68.19,0.099,7.5,0.1015,5.6,73.12,5.21826,-16.68111,2.12115,0.00023,0.78596
10848.09,SYN.BTC-27MAR20,1568631545112,open,0.25,94.0,0.202,0.294,0.25042277,76.0,0.252,0.0,BTC-27MAR20-10000-C,10311.97,73.96,0.245,10.0,0.252,10.0,76.6,28.7604,-5.66637,23.71166,6e-05,0.66406
10848.09,SYN.BTC-27MAR20,1568631545143,open,0.64,1.0,0.626,0.651,0.63764849,80.9,0.6305,0.0,BTC-27MAR20-4000-C,10311.97,64.84,0.633,11.0,0.6455,1.0,96.49,4.33888,-0.90997,19.43777,1e-05,0.97673
10372.98,BTC-27SEP19,1568631545162,open,0.0,430.6,0.0005,0.015,0.00455206,74.24,0.004,0.0,BTC-27SEP19-12500-C,10311.97,74.04,0.0045,30.0,0.006,8.0,79.4,2.71301,-9.25952,0.2395,0.00011,0.08204
10333.71,SYN.BTC-20SEP19,1568631545188,open,0.18,13.3,0.161,0.1955,0.17793198,88.68,0.1795,0.0,BTC-20SEP19-8500-C,10311.97,0.0,0.1635,6.0,0.1925,6.0,191.05,0.39183,-4.48291,0.88611,4e-05,0.98549
10848.09,SYN.BTC-27MAR20,1568631545191,open,0.9,0.0,0.839,0.9715,0.90347862,80.87,None,0.0,BTC-27MAR20-20000-P,10311.97,0.0,0.0,0.0,0.0,0.0,0.0,23.80641,-4.99089,-96.06652,5e-05,-0.77237
200.55,SYN.ETH-27MAR20,1568631545203,open,0.31,222.0,0.265,0.35,0.311394,75.58,0.32,0.0,ETH-27MAR20-160-C,193.96,60.36,0.277,23.0,0.347,23.0,91.02,0.45971,-0.09007,0.46862,0.00286,0.75359
194.06,SYN.ETH-20SEP19,1568631545203,open,0.23,0.0,0.204,0.251,0.227412,108.51,None,0.0,ETH-20SEP19-150-C,193.96,0.0,0.0,0.0,0.0,0.0,0.0,0.00493,-0.06906,0.01573,0.00114,0.99085
10333.71,SYN.BTC-20SEP19,1568631545220,open,0.26,0.0,0.2335,0.2865,0.25849549,98.81,None,0.0,BTC-20SEP19-13000-P,10311.97,0.0,0.0,0.0,0.0,0.0,0.0,0.37487,-4.77862,-1.36579,3e-05,-0.98622
10333.74,SYN.BTC-20SEP19,1568631545224,open,0.03,91.5,0.013,0.0595,0.03411422,60.97,0.031,0.0,BTC-20SEP19-10500-P,10311.97,58.18,0.033,5.2,0.035,1.9,63.17,4.14411,-32.5958,-0.68273,0.0006,-0.58809
10333.71,SYN.BTC-20SEP19,1568631545224,open,0.02,151.4,0.0045,0.0445,0.02069056,59.92,0.0215,0.0,BTC-20SEP19-10250-P,10311.97,58.22,0.02,7.3,0.0215,1.3,61.91,4.19231,-32.40695,-0.50047,0.00062,-0.43541
10848.09,SYN.BTC-27MAR20,1568631545272,open,1.42,0.0,1.3615,1.4985,1.42634426,82.9,None,0.0,BTC-27MAR20-26000-P,10311.97,0.0,0.0005,10.0,0.0,0.0,0.0,16.25665,-3.49383,-131.90786,3e-05,-0.87474
10450.08,SYN.BTC-25OCT19,1568631545379,open,0.17,0.3,0.143,0.1985,0.171659,70.3,0.188,0.0,BTC-25OCT19-9000-C,10311.97,51.85,0.155,8.0,0.1805,8.0,79.19,10.14745,-9.17447,6.75006,0.00012,0.77812
10333.71,SYN.BTC-20SEP19,1568631545480,open,0.12,1.0,0.0915,0.141,0.11519019,70.06,0.125,0.0,BTC-20SEP19-11500-P,10311.97,0.0,0.1125,20.0,0.1355,4.0,147.21,1.49507,-13.51242,-1.14224,0.00019,-0.9258
10848.09,SYN.BTC-27MAR20,1568631545516,open,2.69,1.0,2.6175,2.7855,2.69672575,88.66,2.7125,0.0,BTC-27MAR20-40000-P,10311.97,0.0,0.0005,12.0,0.0,0.0,0.0,7.38691,-1.69784,-209.36979,1e-05,-0.95566
10848.09,SYN.BTC-27MAR20,1568631545579,open,0.17,142.2,0.1235,0.219,0.17224313,76.0,0.1725,0.0,BTC-27MAR20-10000-P,10311.97,74.78,0.169,22.9,0.1775,18.0,77.98,28.76041,-5.66635,-29.13095,6e-05,-0.33594
10333.71,SYN.BTC-20SEP19,1568631545600,open,0.0,51.5,0.0005,0.0105,0.00032668,107.33,0.0005,0.0,BTC-20SEP19-13500-C,10311.97,0.0,0.0,0.0,0.001,59.0,124.66,0.26148,-3.37579,0.00963,2e-05,0.00911
10372.95,BTC-27SEP19,1568631545611,open,0.01,160.8,0.0035,0.033,0.01550597,69.52,0.0155,0.0,BTC-27SEP19-9500-P,10311.97,68.51,0.015,7.0,0.0165,0.2,71.48,5.2178,-16.67638,-0.70939,0.00023,-0.21401
10450.08,SYN.BTC-25OCT19,1568631545637,open,0.54,0.0,0.5025,0.5745,0.5368908,77.21,None,0.0,BTC-25OCT19-16000-P,10311.97,0.0,0.0,0.0,0.0,0.0,0.0,4.00163,-3.97391,-16.45092,4e-05,-0.94115
10848.09,SYN.BTC-27MAR20,1568631545677,open,0.05,71.3,0.019,0.082,0.04679258,81.61,0.05,0.0,BTC-27MAR20-22000-C,10311.97,80.42,0.0445,4.9,0.0485,6.1,82.48,21.07309,-4.45821,7.94176,4e-05,0.18533
10848.09,SYN.BTC-27MAR20,1568631545677,open,0.01,209.9,0.0005,0.016,0.00637663,80.9,0.006,0.0,BTC-27MAR20-4000-P,10311.97,78.62,0.0055,10.0,0.007,6.0,82.42,4.33875,-0.90993,-1.69922,1e-05,-0.02327
10333.71,SYN.BTC-20SEP19,1568631545689,open,0.01,94.4,0.001,0.029,0.01059906,61.8,0.0115,0.0,BTC-20SEP19-10750-C,10311.97,61.52,0.0105,3.7,0.0125,18.1,67.22,3.57307,-28.48915,0.29359,0.00051,0.27817
10333.71,SYN.BTC-20SEP19,1568631545705,open,0.0,41.8,0.0005,0.0105,0.00048053,88.63,0.0005,0.0,BTC-20SEP19-8500-P,10311.97,0.0,0.0,0.0,0.001,34.0,99.29,0.39076,-4.46809,-0.01639,4e-05,-0.01446
200.55,SYN.ETH-27MAR20,1568631545707,open,0.12,300.0,0.072,0.163,0.119077,80.31,0.122,0.0,ETH-27MAR20-280-C,193.96,78.12,0.113,239.0,0.123,220.0,81.71,0.55926,-0.11643,0.28691,0.00328,0.38981
200.55,SYN.ETH-27MAR20,1568631545790,open,0.52,124.0,0.442,0.585,0.515326,80.33,0.52,0.0,ETH-27MAR20-280-P,193.96,70.35,0.488,24.0,0.513,24.0,79.5,0.55931,-0.11647,-1.19265,0.00328,-0.61009
10333.7,SYN.BTC-20SEP19,1568631545853,open,0.11,1.5,0.087,0.127,0.10681551,70.86,0.111,0.0,BTC-20SEP19-9250-C,10311.97,0.0,0.1045,10.0,0.125,5.0,149.52,1.27033,-11.61237,0.9141,0.00016,0.93989
200.55,SYN.ETH-27MAR20,1568631545881,open,0.09,283.0,0.049,0.133,0.091784,82.41,0.091,0.0,ETH-27MAR20-320-C,193.96,80.94,0.088,2.0,0.095,220.0,83.65,0.5182,-0.11071,0.23704,0.00296,0.31546
10450.05,SYN.BTC-25OCT19,1568631545910,open,0.35,0.0,0.3195,0.3915,0.35426372,73.02,None,0.0,BTC-25OCT19-14000-P,10311.97,0.0,0.0,0.0,0.0,0.0,0.0,7.3634,-6.91496,-13.58287,9e-05,-0.8661
200.55,SYN.ETH-27MAR20,1568631545961,open,0.69,1.0,0.609,0.764,0.687498,82.44,0.827,0.0,ETH-27MAR20-320-P,193.96,0.0,0.0,0.0,0.723,3.0,95.71,0.5183,-0.11077,-1.45386,0.00296,-0.6844
10333.7,SYN.BTC-20SEP19,1568631546018,open,0.31,0.0,0.281,0.3355,0.30672733,107.15,None,0.0,BTC-20SEP19-13500-P,10311.97,0.0,0.0,0.0,0.0,0.0,0.0,0.25895,-3.57962,-1.42395,2e-05,-0.991
200.55,SYN.ETH-27MAR20,1568631546048,open,0.07,206.0,0.033,0.107,0.069454,83.06,0.076,0.0,ETH-27MAR20-360-C,193.96,80.68,0.064,32.0,0.074,220.0,85.0,0.46556,-0.10024,0.19382,0.00264,0.25234
194.06,SYN.ETH-20SEP19,1568631546061,open,0.01,766.0,0.001,0.035,0.013871,63.25,0.01,0.0,ETH-20SEP19-200-C,193.96,58.22,0.012,430.0,0.017,300.0,71.5,0.07274,-0.59359,0.00659,0.02876,0.3337
10372.95,BTC-27SEP19,1568631546070,open,0.1,2.8,0.0735,0.132,0.10282275,69.01,0.103,0.0,BTC-27SEP19-11250-P,10312.22,63.94,0.1,6.0,0.1055,6.0,73.66,5.88743,-18.67803,-2.58326,0.00027,-0.73298
10623.54,BTC-27DEC19,1568631546070,open,0.02,269.4,0.009,0.0415,0.02319173,74.26,0.0225,0.0,BTC-27DEC19-7000-P,10312.22,73.53,0.0225,23.0,0.024,56.3,75.1,10.12965,-3.69175,-3.76916,4e-05,-0.10392
10623.54,BTC-27DEC19,1568631546070,open,0.0,429.1,0.0005,0.0105,0.000997,98.61,0.001,0.0,BTC-27DEC19-44000-C,10312.22,92.32,0.0005,30.0,0.0015,45.5,102.89,1.0671,-0.51646,0.17229,0.0,0.00681
10372.95,BTC-27SEP19,1568631546070,open,0.02,20.8,0.006,0.042,0.02189416,68.62,0.0215,0.0,BTC-27SEP19-9750-P,10312.22,67.94,0.0215,22.7,0.0235,24.0,71.37,6.02997,-19.02274,-0.93385,0.00027,-0.28025
10372.95,BTC-27SEP19,1568631546070,open,0.05,160.9,0.027,0.0795,0.05316755,67.57,0.053,0.0,BTC-27SEP19-10500-P,10312.22,67.33,0.053,3.9,0.054,0.2,68.78,7.13565,-22.16634,-1.76648,0.00033,-0.51837
10372.95,BTC-27SEP19,1568631546070,open,0.0,684.0,0.0005,0.0105,0.0,110.0,0.0005,0.0,BTC-27SEP19-30000-C,10312.22,0.0,0.0,0.0,0.0005,8.0,220.44,0.0,-1e-05,0.0,0.0,0.0
10623.54,BTC-27DEC19,1568631546070,open,0.0,323.2,0.0005,0.0105,0.00074751,100.76,0.0015,0.0,BTC-27DEC19-48000-C,10312.22,97.1,0.0005,30.0,0.001,14.2,103.65,0.83053,-0.41073,0.12999,0.0,0.00513
10623.54,BTC-27DEC19,1568631546070,open,0.05,471.0,0.024,0.0845,0.05244274,76.86,0.0545,0.0,BTC-27DEC19-15000-C,10312.22,75.71,0.0505,22.4,0.055,32.8,78.34,18.16699,-6.85274,6.1232,8e-05,0.25895
10372.95,BTC-27SEP19,1568631546070,open,0.01,1586.0,0.0005,0.0205,0.00766448,73.11,0.007,0.0,BTC-27SEP19-9000-P,10312.22,72.62,0.0075,5.5,0.0085,30.0,75.52,3.52653,-11.85289,-0.38651,0.00015,-0.11739
10372.95,BTC-27SEP19,1568631546070,open,0.57,289.7,0.5565,0.576,0.56618074,123.31,0.588,0.0,BTC-27SEP19-4500-C,10312.22,0.0,0.0025,1.1,0.0,0.0,0.0,0.00213,-0.01206,1.34075,0.0,0.99997
10372.95,BTC-27SEP19,1568631546070,open,0.0,389.1,0.0005,0.0135,0.00360935,77.37,0.0025,0.0,BTC-27SEP19-8500-P,10312.22,74.25,0.003,49.2,0.0045,57.6,81.48,2.12258,-7.54968,-0.19545,9e-05,-0.05963
10372.95,BTC-27SEP19,1568631546070,open,0.18,4.1,0.1645,0.2045,0.18417488,77.39,0.169,0.0,BTC-27SEP19-8500-C,10312.22,0.0,0.1775,9.0,0.1925,10.1,106.99,2.12394,-7.55666,2.33708,9e-05,0.94032
10373.2,BTC-27SEP19,1568631546071,open,0.0,670.6,0.0005,0.0105,2.35e-06,110.0,0.0005,0.0,BTC-27SEP19-22000-C,10312.22,0.0,0.0,0.0,0.0005,8.0,163.98,0.00408,-0.02064,0.00016,0.0,6e-05
10373.2,BTC-27SEP19,1568631546071,open,0.0,392.7,0.0005,0.0105,1.4e-07,110.0,0.0005,0.0,BTC-27SEP19-4500-P,10312.22,0.0,0.0,0.0,0.0005,38.0,196.63,0.0003,-0.00147,-1e-05,0.0,0.0
10373.2,BTC-27SEP19,1568631546071,open,0.47,221.9,0.459,0.48,0.46979278,102.42,0.446,0.0,BTC-27SEP19-5500-C,10312.22,0.0,0.461,12.0,0.4785,1.0,243.97,0.00828,-0.03897,1.63842,0.0,0.99988
10623.79,BTC-27DEC19,1568631546071,open,0.18,491.9,0.1405,0.218,0.1811885,73.81,0.1835,0.0,BTC-27DEC19-10000-C,10312.22,72.2,0.178,8.0,0.1825,14.0,74.47,21.05983,-7.62921,13.51248,9e-05,0.63689
10623.79,BTC-27DEC19,1568631546071,open,0.0,384.1,0.0005,0.0105,0.00075,99.89,0.003,0.0,BTC-27DEC19-3000-P,10312.22,95.21,0.0005,5.1,0.001,18.0,103.57,0.65108,-0.31919,-0.13809,0.0,-0.00391
10373.2,BTC-27SEP19,1568631546071,open,0.42,713.5,0.41,0.4335,0.42165837,108.64,0.454,0.0,BTC-27SEP19-6000-C,10312.22,0.0,0.413,12.0,0.4305,12.0,216.54,0.07627,-0.38095,1.78357,0.0,0.99871
10623.79,BTC-27DEC19,1568631546071,open,0.03,494.8,0.0085,0.05,0.02585553,78.61,0.0265,0.0,BTC-27DEC19-18000-C,10312.22,77.89,0.025,24.0,0.0265,0.1,79.14,12.7396,-4.91487,3.50653,5e-05,0.14411
10623.79,BTC-27DEC19,1568631546071,open,1.26,0.0,1.217,1.323,1.26688255,82.71,None,0.0,BTC-27DEC19-24000-P,10312.22,0.0,0.006,1.0,1.987,0.2,500.0,5.77252,-2.34328,-65.74066,2e-05,-0.95017
10623.79,BTC-27DEC19,1568631546071,open,0.09,313.4,0.049,0.1215,0.08533372,75.38,0.086,0.0,BTC-27DEC19-13000-C,10312.22,74.22,0.083,27.4,0.087,17.0,76.21,21.35557,-7.90056,8.7118,9e-05,0.37913
10623.79,BTC-27DEC19,1568631546071,open,0.14,660.8,0.0995,0.178,0.14024036,73.81,0.142,0.0,BTC-27DEC19-11000-C,10312.22,72.51,0.1375,25.6,0.1425,23.0,74.89,22.26642,-8.06641,11.91621,0.0001,0.54211
10373.2,BTC-27SEP19,1568631546071,open,0.52,789.2,0.508,0.5275,0.5179803,0.0,0.5015,0.0,BTC-27SEP19-5000-C,10312.22,0.0,0.5,10.0,0.0,0.0,0.0,0.0,0.0,1.48982,0.0,1.0
10623.79,BTC-27DEC19,1568631546071,open,0.58,4.1,0.5685,0.5905,0.57891023,82.15,0.578,0.0,BTC-27DEC19-4500-C,10312.22,0.0,0.569,1.0,0.5875,1.0,109.49,2.00713,-0.80922,12.07012,1e-05,0.98597
10373.2,BTC-27SEP19,1568631546072,open,0.23,860.2,0.2135,0.2485,0.23055924,83.37,0.211,0.0,BTC-27SEP19-8000-C,10312.22,0.0,0.217,9.0,0.245,9.0,142.91,1.2268,-4.70223,2.28472,5e-05,0.96975
10848.09,SYN.BTC-27MAR20,1568631546070,open,0.06,188.9,0.027,0.098,0.05983772,80.87,0.059,0.0,BTC-27MAR20-20000-C,10312.22,79.57,0.057,4.9,0.0625,24.0,82.08,23.8066,-4.99097,9.61889,5e-05,0.22764
10623.79,BTC-27DEC19,1568631546072,open,0.0,631.5,0.0005,0.014,0.00420302,79.85,0.003,0.0,BTC-27DEC19-5000-P,10312.22,77.27,0.0035,10.0,0.0045,2.9,80.87,3.04626,-1.19389,-0.80343,1e-05,-0.02289
10373.2,BTC-27SEP19,1568631546072,open,0.0,350.4,0.0005,0.0105,5.5e-07,110.0,0.0005,0.0,BTC-27SEP19-4750-P,10312.22,0.0,0.0,0.0,0.0005,34.9,184.74,0.00102,-0.00515,-4e-05,0.0,-1e-05
10373.2,BTC-27SEP19,1568631546072,open,0.0,605.0,0.0005,0.0105,1.496e-05,110.0,0.0005,0.0,BTC-27SEP19-5500-P,10312.22,0.0,0.0,0.0,0.0005,28.0,152.43,0.01949,-0.09855,-0.00096,0.0,-0.00029
10623.79,BTC-27DEC19,1568631546071,open,0.04,277.5,0.017,0.0705,0.04121536,77.44,0.0415,0.0,BTC-27DEC19-16000-C,10312.22,76.65,0.04,19.3,0.0425,6.0,78.28,16.30782,-6.19848,5.09191,7e-05,0.21294
10373.2,BTC-27SEP19,1568631546071,open,0.0,125.2,0.0005,0.0105,0.0,110.0,0.0005,0.0,BTC-27SEP19-3750-P,10312.22,0.0,0.0,0.0,0.0005,38.0,236.77,0.0,-1e-05,0.0,0.0,0.0
10623.79,BTC-27DEC19,1568631546071,open,0.33,91.7,0.299,0.355,0.327268,74.05,0.327,0.0,BTC-27DEC19-7500-C,10312.22,49.73,0.3035,12.0,0.353,12.0,94.36,12.42086,-4.51423,15.83162,5e-05,0.86118
10623.79,BTC-27DEC19,1568631546072,open,0.23,180.6,0.194,0.266,0.23172389,73.81,0.2295,0.0,BTC-27DEC19-9000-C,10312.22,72.53,0.2295,8.0,0.233,13.0,74.54,18.47204,-6.69162,14.84864,8e-05,0.73248
10623.79,BTC-27DEC19,1568631546072,open,0.0,1538.9,0.0005,0.0105,0.00071471,104.79,0.0005,0.0,BTC-27DEC19-52000-C,10312.22,101.45,0.0005,2.0,0.001,34.0,108.2,0.77851,-0.40039,0.12031,0.0,0.00477
10373.2,BTC-27SEP19,1568631546072,open,0.0,591.6,0.0005,0.0125,0.002616,76.38,0.0035,0.0,BTC-27SEP19-13000-C,10312.22,78.46,0.003,30.0,0.004,35.0,83.26,1.8426,-6.46994,0.14602,8e-05,0.04986
10623.79,BTC-27DEC19,1568631546072,open,0.05,581.0,0.0225,0.0715,0.04565895,73.82,0.0455,0.0,BTC-27DEC19-8000-P,10312.22,72.61,0.044,10.0,0.046,19.3,74.07,14.63387,-5.30198,-6.63739,6e-05,-0.17818
10623.79,BTC-27DEC19,1568631546072,open,0.12,488.8,0.083,0.1615,0.12249432,73.82,0.1195,0.0,BTC-27DEC19-10000-P,10312.22,72.06,0.119,11.5,0.124,35.4,74.58,21.05979,-7.63035,-14.39926,9e-05,-0.36311
10373.2,BTC-27SEP19,1568631546072,open,0.0,680.9,0.0005,0.0105,0.0001337,110.0,0.001,0.0,BTC-27SEP19-18000-C,10312.22,0.0,0.0,0.0,0.001,82.0,136.38,0.13867,-0.70127,0.0073,0.0,0.00249
10373.2,BTC-27SEP19,1568631546072,open,0.0,1182.5,0.0005,0.0105,8.257e-05,110.0,0.0005,0.0,BTC-27SEP19-6000-P,10312.22,0.0,0.0,0.0,0.0005,108.0,133.17,0.08472,-0.42847,-0.00474,0.0,-0.00145
10623.79,BTC-27DEC19,1568631546072,open,0.0,257.0,0.0005,0.014,0.00404689,85.35,0.0045,0.0,BTC-27DEC19-28000-C,10312.22,83.62,0.0035,10.0,0.005,58.5,88.03,3.51983,-1.47448,0.68648,1e-05,0.0272
10373.2,BTC-27SEP19,1568631546072,open,0.0,406.8,0.0005,0.0105,0.0,110.0,0.0005,0.0,BTC-27SEP19-2500-P,10312.22,0.0,0.0,0.0,0.0005,18.0,326.74,0.0,0.0,0.0,0.0,0.0
10623.79,BTC-27DEC19,1568631546073,open,0.01,343.5,0.0005,0.0165,0.00683213,78.02,0.007,0.0,BTC-27DEC19-5500-P,10312.22,77.21,0.0065,10.0,0.0075,63.7,79.59,4.40538,-1.68696,-1.26043,2e-05,-0.03567
10623.79,BTC-27DEC19,1568631546072,open,0.0,617.2,0.0005,0.012,0.00249785,82.2,0.0025,0.0,BTC-27DEC19-4500-P,10312.22,79.39,0.002,10.0,0.003,66.2,84.7,2.01211,-0.81175,-0.49139,1e-05,-0.01407
10623.79,BTC-27DEC19,1568631546073,open,0.29,224.4,0.261,0.323,0.2926143,73.81,0.291,0.0,BTC-27DEC19-8000-C,10312.22,72.26,0.2905,3.5,0.2945,3.2,75.17,14.63262,-5.3006,15.69277,6e-05,0.82184
10623.79,BTC-27DEC19,1568631546073,open,0.0,470.1,0.0005,0.0105,0.00078766,90.88,0.001,0.0,BTC-27DEC19-40000-C,10312.22,0.0,0.0,0.0,0.0015,14.8,97.18,0.93298,-0.41616,0.15008,0.0,0.00585
10623.79,BTC-27DEC19,1568631546072,open,0.53,65.4,0.521,0.5475,0.53355011,79.82,0.533,0.0,BTC-27DEC19-5000-C,10312.22,0.0,0.522,14.0,0.5445,14.0,105.49,3.04162,-1.19149,13.1537,1e-05,0.97715
10373.2,BTC-27SEP19,1568631546073,open,0.33,725.9,0.3115,0.3405,0.32570523,99.27,0.335,0.0,BTC-27SEP19-7000-C,10312.22,0.0,0.3195,10.0,0.3325,10.0,157.41,0.4197,-1.91552,2.05745,1e-05,0.99137
10373.2,BTC-27SEP19,1568631546073,open,0.0,49.2,0.0005,0.0105,0.0,110.0,0.0015,0.0,BTC-27SEP19-3250-P,10312.22,0.0,0.0,0.0,0.0005,48.0,268.37,0.0,0.0,0.0,0.0,0.0
10623.79,BTC-27DEC19,1568631546073,open,0.0,134.2,0.0005,0.0105,0.00014426,110.0,0.0005,0.0,BTC-27DEC19-2000-P,10312.22,0.0,0.0,0.0,0.001,18.0,135.85,0.15,-0.08098,-0.02734,0.0,-0.00078
10623.79,BTC-27DEC19,1568631546073,open,0.08,603.9,0.0465,0.112,0.07889912,73.82,0.0795,0.0,BTC-27DEC19-9000-P,10312.22,72.44,0.0765,8.0,0.0795,19.3,74.17,18.47245,-6.69281,-10.27233,8e-05,-0.26753
10373.2,BTC-27SEP19,1568631546073,open,0.0,935.6,0.0005,0.0105,0.00072885,93.31,0.001,0.0,BTC-27SEP19-15000-C,10312.22,97.36,0.001,41.0,0.0015,23.0,103.22,0.62241,-2.67014,0.03972,2e-05,0.01358
10373.2,BTC-27SEP19,1568631546073,open,0.0,146.6,0.0005,0.0105,4e-08,110.0,0.0005,0.0,BTC-27SEP19-26000-C,10312.22,0.0,0.0,0.0,0.0005,8.0,194.76,9e-05,-0.00039,0.0,0.0,0.0
10450.05,SYN.BTC-25OCT19,1568631546070,open,0.0,258.1,0.0005,0.011,0.00145085,82.43,0.0015,0.0,BTC-25OCT19-6000-P,10312.22,78.09,0.001,10.0,0.002,6.7,86.67,1.21769,-1.29093,-0.17206,1e-05,-0.01401
10623.79,BTC-27DEC19,1568631546073,open,0.03,232.9,0.0145,0.0555,0.03324736,74.07,0.033,0.0,BTC-27DEC19-7500-P,10312.22,72.99,0.032,21.0,0.034,24.0,74.71,12.42266,-4.51575,-5.10311,5e-05,-0.13885
10373.2,BTC-27SEP19,1568631546073,open,0.0,492.7,0.0005,0.0105,0.0,110.0,0.0005,0.0,BTC-27SEP19-2000-P,10312.22,0.0,0.0,0.0,0.0005,59.0,377.0,0.0,0.0,0.0,0.0,0.0
10373.2,BTC-27SEP19,1568631546073,open,0.0,586.8,0.0005,0.0105,0.0,110.0,0.0005,0.0,BTC-27SEP19-3000-P,10312.22,0.0,0.0,0.0,0.0005,40.0,286.11,0.0,0.0,0.0,0.0,0.0
10373.2,BTC-27SEP19,1568631546074,open,0.14,449.4,0.1175,0.1625,0.14002782,73.07,0.141,0.0,BTC-27SEP19-9000-C,10312.22,0.0,0.1205,9.0,0.1615,9.0,121.89,3.52344,-11.83619,2.29567,0.00015,0.88276
10623.79,BTC-27DEC19,1568631546074,open,0.0,553.5,0.0005,0.011,0.00144758,90.4,0.0015,0.0,BTC-27DEC19-36000-C,10312.22,86.87,0.001,10.0,0.002,8.9,93.8,1.53042,-0.67902,0.26146,1e-05,0.01026
10373.2,BTC-27SEP19,1568631546074,open,0.54,13.5,0.5325,0.552,0.54208139,0.0,0.382,0.0,BTC-27SEP19-4750-C,10312.22,0.0,0.0055,9.1,0.7505,2.0,500.0,0.0,0.0,1.41533,0.0,1.0
10623.79,BTC-27DEC19,1568631546075,open,0.0,239.8,0.0005,0.0105,2.059e-05,110.0,0.0005,0.0,BTC-27DEC19-1500-P,10312.22,0.0,0.0,0.0,0.0005,8.0,146.51,0.02771,-0.01496,-0.00436,0.0,-0.00013
10623.79,BTC-27DEC19,1568631546075,open,0.31,111.9,0.259,0.358,0.30903129,75.39,0.358,0.0,BTC-27DEC19-13000-P,10312.22,70.62,0.2995,16.0,0.325,16.0,83.26,21.35645,-7.90238,-27.57204,9e-05,-0.62082
10333.7,SYN.BTC-20SEP19,1568631546070,open,0.01,267.6,0.0005,0.0205,0.00626463,64.03,0.0065,0.0,BTC-20SEP19-11000-C,10312.22,63.04,0.006,24.0,0.0075,11.9,68.46,2.79746,-23.10768,0.19101,0.00039,0.18034
10450.05,SYN.BTC-25OCT19,1568631546070,open,0.04,84.3,0.0195,0.067,0.04202706,71.07,0.044,0.0,BTC-25OCT19-12000-C,10312.22,69.75,0.0405,19.3,0.0435,10.9,72.34,12.12356,-11.08187,3.04394,0.00015,0.31551
10623.79,BTC-27DEC19,1568631546076,open,0.01,333.8,0.001,0.0225,0.01050979,76.25,0.01,0.0,BTC-27DEC19-6000-P,10312.22,75.34,0.01,6.0,0.011,24.0,77.11,6.03151,-2.25723,-1.87286,3e-05,-0.05265
10450.05,SYN.BTC-25OCT19,1568631546070,open,0.07,117.6,0.0405,0.0975,0.0687527,69.73,0.0665,0.0,BTC-25OCT19-10000-P,10312.22,68.32,0.067,1.5,0.07,8.0,70.73,12.97851,-11.63955,-4.98731,0.00016,-0.37933
10373.2,BTC-27SEP19,1568631546076,open,0.03,997.5,0.0105,0.0535,0.03059241,68.63,0.031,0.0,BTC-27SEP19-10000-P,10312.22,68.48,0.0305,13.7,0.032,25.0,70.81,6.67442,-21.05859,-1.19564,0.0003,-0.35624
10450.05,SYN.BTC-25OCT19,1568631546070,open,0.19,15.5,0.154,0.2265,0.19034185,71.07,0.187,0.0,BTC-25OCT19-12000-P,10312.22,30.84,0.1525,6.0,0.224,6.0,98.74,12.12333,-11.08105,-9.73722,0.00015,-0.6845
10333.7,SYN.BTC-20SEP19,1568631546070,open,0.0,144.0,0.0005,0.0105,0.00053175,85.55,0.0005,0.0,BTC-20SEP19-12500-C,10312.22,0.0,0.0,0.0,0.001,0.1,94.11,0.45392,-5.00968,0.01831,5e-05,0.01722
10333.7,SYN.BTC-20SEP19,1568631546070,open,0.07,16.5,0.046,0.0965,0.0707407,64.02,0.0725,0.0,BTC-20SEP19-11000-P,10312.22,52.92,0.068,6.0,0.0725,6.0,70.26,2.79714,-23.10209,-0.97704,0.00039,-0.81969
10848.09,SYN.BTC-27MAR20,1568631546070,open,0.48,3.7,0.4525,0.5035,0.47798605,77.7,0.46,0.0,BTC-27MAR20-6000-C,10312.22,66.82,0.466,10.5,0.484,10.0,82.58,12.97567,-2.61377,24.67241,3e-05,0.90839
10848.09,SYN.BTC-27MAR20,1568631546070,open,0.01,49.2,0.0025,0.031,0.01233754,86.98,0.0115,0.0,BTC-27MAR20-36000-C,10312.22,85.95,0.0115,19.6,0.0125,5.0,87.17,9.01399,-2.0324,2.55612,2e-05,0.05693
10848.09,SYN.BTC-27MAR20,1568631546070,open,0.19,114.3,0.132,0.229,0.18250524,76.94,0.178,0.0,BTC-27MAR20-12000-C,10312.22,75.2,0.1775,10.0,0.184,10.0,77.45,31.30542,-6.24362,20.46468,7e-05,0.5395
10623.79,BTC-27DEC19,1568631546078,open,0.01,263.3,0.0015,0.0275,0.01127144,81.33,0.0105,0.0,BTC-27DEC19-22000-C,10312.22,80.21,0.0105,34.0,0.0125,7.0,83.02,7.49624,-2.99218,1.72722,3e-05,0.06952
10848.09,SYN.BTC-27MAR20,1568631546070,open,0.08,105.1,0.039,0.119,0.07722245,79.95,0.0775,0.0,BTC-27MAR20-18000-C,10312.22,78.63,0.074,4.9,0.08,29.0,81.08,26.57822,-5.5085,11.66503,5e-05,0.28071
10848.09,SYN.BTC-27MAR20,1568631546070,open,0.35,17.0,0.3085,0.385,0.34825714,76.42,0.3625,0.0,BTC-27MAR20-8000-C,10312.22,59.74,0.315,9.0,0.3775,9.0,90.38,22.36715,-4.4312,25.64302,5e-05,0.79559
10450.05,SYN.BTC-25OCT19,1568631546070,open,0.12,20.0,0.0875,0.1555,0.12162905,69.73,0.136,0.0,BTC-25OCT19-11000-P,10312.22,65.76,0.1165,29.1,0.1235,1.0,71.18,13.52127,-12.12639,-7.41333,0.00017,-0.54442
10450.05,SYN.BTC-25OCT19,1568631546072,open,0.0,841.1,0.0005,0.0135,0.0037776,79.16,0.004,0.0,BTC-25OCT19-17000-C,10312.22,78.15,0.0035,1.0,0.0045,47.9,81.61,2.9204,-2.97345,0.39972,3e-05,0.03969
10333.7,SYN.BTC-20SEP19,1568631546070,open,0.0,129.1,0.0005,0.011,0.00104794,74.84,0.001,0.0,BTC-20SEP19-9000-P,10312.22,66.11,0.0005,57.5,0.0015,7.5,80.11,0.79547,-7.68012,-0.03801,9e-05,-0.03359
10333.7,SYN.BTC-20SEP19,1568631546070,open,0.0,109.6,0.0005,0.0105,0.00048005,98.89,0.0005,0.0,BTC-20SEP19-13000-C,10312.22,0.0,0.0,0.0,0.001,30.3,109.87,0.37648,-4.80324,0.01467,3e-05,0.01385
10848.09,SYN.BTC-27MAR20,1568631546070,open,0.29,48.8,0.231,0.344,0.28869038,76.93,0.288,0.0,BTC-27MAR20-12000-P,10312.22,76.52,0.2875,7.0,0.293,5.0,78.43,31.30542,-6.24361,-42.94651,7e-05,-0.4605
10450.05,SYN.BTC-25OCT19,1568631546070,open,0.01,300.2,0.0005,0.0145,0.00485949,77.15,0.005,0.0,BTC-25OCT19-7000-P,10312.22,74.12,0.004,50.0,0.0055,29.3,79.23,3.11421,-3.09023,-0.53229,3e-05,-0.04296
10848.09,SYN.BTC-27MAR20,1568631546072,open,0.02,33.2,0.004,0.0375,0.01634283,84.82,0.0175,0.0,BTC-27MAR20-32000-C,10312.22,83.47,0.015,12.0,0.0175,6.0,85.93,11.05716,-2.43129,3.30927,2e-05,0.07407
10333.7,SYN.BTC-20SEP19,1568631546070,open,0.0,11.5,0.0005,0.0105,5.338e-05,110.0,0.0005,0.0,BTC-20SEP19-14500-C,10312.22,0.0,0.0,0.0,0.001,14.0,151.89,0.05778,-0.55162,0.00179,0.0,0.00169
10333.7,SYN.BTC-20SEP19,1568631546071,open,0.08,9.7,0.063,0.105,0.08408613,66.11,0.0855,0.0,BTC-20SEP19-9500-C,10312.22,59.7,0.083,7.0,0.0875,7.0,82.08,1.89906,-16.19554,0.89283,0.00025,0.89777
10848.09,SYN.BTC-27MAR20,1568631546070,open,0.03,40.7,0.0095,0.0585,0.0296112,82.91,0.033,0.0,BTC-27MAR20-26000-C,10312.22,81.82,0.028,6.0,0.031,22.0,83.82,16.25722,-3.49401,5.48328,3e-05,0.12527
10848.09,SYN.BTC-27MAR20,1568631546070,open,0.13,199.9,0.086,0.181,0.13440496,77.81,0.138,0.0,BTC-27MAR20-14000-C,10312.22,76.96,0.132,0.3,0.137,11.0,78.71,31.01805,-6.25639,17.12961,6e-05,0.43322
200.55,SYN.ETH-27MAR20,1568631546125,open,0.86,0.0,0.784,0.945,0.864632,83.1,None,0.0,ETH-27MAR20-360-P,193.96,0.0,0.0,0.0,0.905,3.0,99.34,0.46574,-0.10033,-1.70841,0.00264,-0.74747
194.25,ETH-27SEP19,1568631546135,open,0.0,100.0,0.001,0.012,0.002822,84.58,0.003,0.0,ETH-27SEP19-250-C,193.96,79.42,0.002,200.0,0.004,200.0,90.66,0.034,-0.13221,0.00267,0.00358,0.04895
198.45,ETH-27DEC19,1568631546228,open,2.63,0.0,2.523,2.747,2.630548,100.35,None,0.0,ETH-27DEC19-720-P,193.96,0.0,0.003,5.0,0.0,0.0,0.0,0.04008,-0.01974,-2.00255,0.00036,-0.98484
194.25,ETH-27SEP19,1568631546261,open,0.38,116.0,0.364,0.401,0.382505,110.0,0.327,0.0,ETH-27SEP19-120-C,193.96,0.0,0.017,12.0,0.0,0.0,0.0,0.00419,-0.02121,0.03549,0.00034,0.99575
198.45,ETH-27DEC19,1568631546261,open,1.03,16.0,0.964,1.107,1.03254,86.11,1.195,0.0,ETH-27DEC19-400-P,193.96,0.0,0.001,8.0,0.0,0.0,0.0,0.17659,-0.07463,-1.07344,0.00187,-0.90545
198.45,ETH-27DEC19,1568631546261,open,1.23,0.0,1.157,1.309,1.230219,89.4,None,0.0,ETH-27DEC19-440-P,193.96,0.0,0.001,8.0,0.0,0.0,0.0,0.14624,-0.06417,-1.19456,0.00149,-0.92643
