underlying_price,underlying_index,timestamp,state,settlement_price,open_interest,min_price,max_price,mark_price,mark_iv,last_price,interest_rate,instrument_name,index_price,bid_iv,best_bid_price,best_bid_amount,best_ask_price,best_ask_amount,ask_iv,vega,theta,rho,gamma,delta
146.5,ETH-27DEC19,1575457140369,open,0.03,4918.0,0.014,0.062,0.035261,69.21,0.033,0.0,ETH-27DEC19-160-C,146.06,65.62,0.032,408.0,0.037,140.0,71.11,0.13384,-0.20247,0.02766,0.01438,0.33647
146.5,ETH-27DEC19,1575457140369,open,0.0,13247.0,0.001,0.011,1e-06,119.99,0.001,0.0,ETH-27DEC19-520-C,146.06,0.0,0.0,0.0,0.001,100.0,189.13,4e-05,-0.0001,0.0,0.0,2e-05
146.5,ETH-27DEC19,1575457140369,open,0.01,13732.0,0.001,0.021,0.007239,83.32,0.007,0.0,ETH-27DEC19-200-C,146.06,79.91,0.006,1.0,0.008,210.0,85.27,0.05583,-0.10168,0.00692,0.00498,0.08256
146.5,ETH-27DEC19,1575457140369,open,0.0,6174.0,0.001,0.011,0.0,120.0,0.001,0.0,ETH-27DEC19-720-C,146.06,0.0,0.0,0.0,0.001,100.0,228.83,0.0,0.0,0.0,0.0,0.0
146.5,ETH-27DEC19,1575457140369,open,1.08,1.0,0.989,1.116,1.049125,121.58,0.494,0.0,ETH-27DEC19-300-P,146.06,0.0,0.021,6.0,0.0,0.0,0.0,0.01293,-0.03437,-0.18687,0.00079,-0.98619
148.64,ETH-27MAR20,1575457140369,open,0.09,1179.0,0.046,0.119,0.079588,79.17,0.093,0.0,ETH-27MAR20-120-P,146.06,77.1,0.076,320.0,0.082,1.0,80.56,0.25832,-0.0898,-0.14838,0.00473,-0.24037
146.5,ETH-27DEC19,1575457140369,open,0.0,2053.0,0.001,0.011,0.001551,113.86,0.003,0.0,ETH-27DEC19-280-C,146.06,107.71,0.001,161.0,0.002,1.0,117.84,0.01514,-0.03769,0.00138,0.00099,0.01659
146.5,ETH-27DEC19,1575457140369,open,0.0,12762.0,0.001,0.011,0.0,119.99,0.001,0.0,ETH-27DEC19-680-C,146.06,0.0,0.0,0.0,0.001,100.0,221.98,0.0,0.0,0.0,0.0,0.0
148.64,ETH-27MAR20,1575457140369,open,1.74,4.0,1.617,1.806,1.705798,101.5,2.048,0.0,ETH-27MAR20-400-P,146.06,0.0,0.055,10.0,0.0,0.0,0.0,0.11364,-0.05065,-1.2215,0.00162,-0.92822
148.64,ETH-27MAR20,1575457140369,open,3.1,0.0,2.92,3.179,3.042728,113.95,None,0.0,ETH-27MAR20-600-P,146.06,0.0,0.03,50.0,0.0,0.0,0.0,0.05719,-0.02861,-1.86065,0.00073,-0.96955
146.5,ETH-27DEC19,1575457140369,open,0.8,946.0,0.724,0.836,0.776936,108.1,0.715,0.0,ETH-27DEC19-260-P,146.06,0.0,0.001,9.0,1.095,1.0,500.0,0.02043,-0.04826,-0.16098,0.0014,-0.9764
148.64,ETH-27MAR20,1575457140369,open,0.01,1085.0,0.003,0.033,0.012114,104.77,0.017,0.0,ETH-27MAR20-440-C,146.06,101.38,0.01,560.0,0.014,361.0,107.52,0.09782,-0.045,0.02182,0.00135,0.05917
148.64,ETH-27MAR20,1575457140369,open,0.01,885.0,0.001,0.022,0.006593,110.71,0.009,0.0,ETH-27MAR20-560-C,146.06,106.5,0.005,620.0,0.008,220.0,113.9,0.06142,-0.02985,0.01234,0.0008,0.03319
146.5,ETH-27DEC19,1575457140369,open,0.01,6661.0,0.003,0.03,0.012569,75.11,0.016,0.0,ETH-27DEC19-120-P,146.06,71.98,0.011,509.0,0.015,310.0,79.71,0.07508,-0.12327,-0.01254,0.00743,-0.12402
148.63,ETH-27MAR20,1575457140369,open,0.15,711.0,0.095,0.189,0.140442,78.23,0.142,0.0,ETH-27MAR20-140-P,146.06,75.63,0.135,248.0,0.148,423.0,81.85,0.31093,-0.1068,-0.23259,0.00577,-0.36115
146.5,ETH-27DEC19,1575457140369,open,4.26,1.0,4.037,4.348,4.188067,214.29,3.236,0.0,ETH-27DEC19-760-P,146.06,0.0,0.02,50.0,0.0,0.0,0.0,0.0029,-0.01357,-0.47611,0.0001,-0.99745
148.63,ETH-27MAR20,1575457140369,open,0.57,30.0,0.479,0.62,0.547256,85.99,0.306,0.0,ETH-27MAR20-220-P,146.06,66.74,0.514,300.0,0.575,1.0,100.08,0.28052,-0.10592,-0.58662,0.00473,-0.7178
146.5,ETH-27DEC19,1575457140369,open,2.05,0.0,1.917,2.096,2.003634,145.42,None,0.0,ETH-27DEC19-440-P,146.06,0.0,0.002,50.0,0.0,0.0,0.0,0.0026,-0.00827,-0.27557,0.00013,-0.99774
146.5,ETH-27DEC19,1575457140369,open,0.94,310.0,0.856,0.976,0.912944,115.09,0.49,0.0,ETH-27DEC19-280-P,146.06,0.0,0.003,9.0,0.0,0.0,0.0,0.01599,-0.04023,-0.17402,0.00103,-0.98232
146.5,ETH-27DEC19,1575457140369,open,2.88,0.0,2.712,2.941,2.822787,175.18,0.845,0.0,ETH-27DEC19-560-P,146.06,0.0,0.02,50.0,0.0,0.0,0.0,0.00261,-0.00998,-0.35079,0.00011,-0.99773
148.63,ETH-27MAR20,1575457140369,open,2.01,0.0,1.878,2.08,1.972289,104.48,None,0.0,ETH-27MAR20-440-P,146.06,0.0,0.003,50.0,0.0,0.0,0.0,0.09688,-0.04444,-1.35117,0.00135,-0.94156
148.63,ETH-27MAR20,1575457140369,open,0.04,2169.0,0.013,0.07,0.03636,92.13,0.038,0.0,ETH-27MAR20-280-C,146.06,91.14,0.035,87.0,0.037,100.0,92.58,0.2062,-0.08341,0.05972,0.00325,0.16515
146.5,ETH-27DEC19,1575457140369,open,0.09,63.0,0.049,0.12,0.082515,69.27,0.077,0.0,ETH-27DEC19-150-P,146.06,67.75,0.081,10.0,0.086,385.0,72.77,0.14614,-0.22127,-0.05529,0.01568,-0.51971
148.63,ETH-27MAR20,1575457140369,open,2.28,0.0,2.138,2.354,2.239325,107.13,None,0.0,ETH-27MAR20-480-P,146.06,0.0,0.004,50.0,0.0,0.0,0.0,0.08351,-0.03928,-1.47963,0.00113,-0.95154
148.63,ETH-27MAR20,1575457140369,open,0.08,2049.0,0.046,0.128,0.084575,83.44,0.088,0.0,ETH-27MAR20-200-C,146.06,81.7,0.081,282.0,0.087,100.0,84.62,0.30526,-0.11184,0.1199,0.00531,0.34315
148.63,ETH-27MAR20,1575457140369,open,0.33,1560.0,0.26,0.385,0.321023,81.25,0.36,0.0,ETH-27MAR20-180-P,146.06,73.87,0.305,300.0,0.347,300.0,93.04,0.32495,-0.11592,-0.41658,0.0058,-0.57733
146.49,ETH-27DEC19,1575457140369,open,1.49,257.0,1.386,1.535,1.457688,120.0,0.995,0.0,ETH-27DEC19-360-P,146.06,0.0,0.021,5.0,0.0,0.0,0.0,0.00257,-0.00675,-0.22543,0.00016,-0.99776
148.63,ETH-27MAR20,1575457140370,open,0.11,1389.0,0.067,0.155,0.109983,81.26,0.113,0.0,ETH-27MAR20-180-C,146.06,79.43,0.106,275.0,0.113,100.0,82.63,0.32496,-0.11594,0.14501,0.0058,0.4227
146.49,ETH-27DEC19,1575457140370,open,0.31,0.0,0.298,0.346,0.321648,94.11,None,0.0,ETH-27DEC19-100-C,146.06,0.0,0.001,34.0,0.42,55.0,278.84,0.03229,-0.06643,0.05851,0.00255,0.95892
146.49,ETH-27DEC19,1575457140370,open,0.0,924.0,0.001,0.011,0.000342,120.0,0.001,0.0,ETH-27DEC19-340-C,146.06,134.28,0.001,59.0,0.002,402.0,146.09,0.00434,-0.01138,0.00034,0.00027,0.00399
146.49,ETH-27DEC19,1575457140370,open,0.0,1759.0,0.001,0.011,0.000183,120.0,0.001,0.0,ETH-27DEC19-360-C,146.06,0.0,0.0,0.0,0.002,401.0,154.17,0.00257,-0.00675,0.00019,0.00016,0.00224
148.63,ETH-27MAR20,1575457140370,open,0.01,387.0,0.001,0.019,0.005573,116.48,0.007,0.0,ETH-27MAR20-640-C,146.06,111.53,0.004,620.0,0.007,320.0,120.22,0.05256,-0.02688,0.01017,0.00065,0.02751
146.49,ETH-27DEC19,1575457140370,open,0.0,10814.0,0.001,0.011,5.3e-05,120.0,0.001,0.0,ETH-27DEC19-400-C,146.06,0.0,0.0,0.0,0.001,100.0,155.73,0.00089,-0.00234,6e-05,6e-05,0.0007
148.63,ETH-27MAR20,1575457140369,open,0.01,5196.0,0.001,0.021,0.006129,113.95,0.008,0.0,ETH-27MAR20-600-C,146.06,110.81,0.005,320.0,0.007,220.0,116.12,0.05719,-0.02861,0.01128,0.00073,0.03045
146.49,ETH-27DEC19,1575457140370,open,0.0,11489.0,0.001,0.011,1.6e-05,120.0,0.002,0.0,ETH-27DEC19-440-C,146.06,0.0,0.0,0.0,0.001,300.0,168.03,0.00031,-0.00081,2e-05,2e-05,0.00022
148.63,ETH-27MAR20,1575457140370,open,3.37,0.0,3.182,3.456,3.311567,116.48,None,0.0,ETH-27MAR20-640-P,146.06,0.0,0.01,50.0,0.0,0.0,0.0,0.05256,-0.02688,-1.98655,0.00065,-0.97249
146.49,ETH-27DEC19,1575457140370,open,0.01,15.0,0.001,0.026,0.009549,78.26,0.017,0.0,ETH-27DEC19-190-C,146.06,74.82,0.008,440.0,0.011,311.0,81.26,0.06871,-0.11753,0.00917,0.00653,0.10945
146.49,ETH-27DEC19,1575457140369,open,2.32,21.0,2.181,2.377,2.276455,0.0,0.629,0.0,ETH-27DEC19-480-P,146.06,0.0,0.002,50.0,0.0,0.0,0.0,0.0,0.0,-0.30083,0.0,-1.0
146.24,SYN.ETH-13DEC19,1575457140369,open,0.01,335.0,0.001,0.024,0.007788,71.28,0.008,0.0,ETH-13DEC19-130-P,146.06,71.91,0.008,10.0,0.009,101.0,74.81,0.04889,-0.19631,-0.00499,0.01319,-0.13254
146.11,SYN.ETH-6DEC19,1575457140370,open,0.0,174.0,0.001,0.011,0.0,119.98,0.001,0.0,ETH-6DEC19-220-C,146.06,0.0,0.0,0.0,0.001,151.0,255.8,0.0,0.0,0.0,0.0,0.0
148.63,ETH-27MAR20,1575457140371,open,2.82,0.0,2.659,2.902,2.774085,110.09,None,0.0,ETH-27MAR20-560-P,146.06,0.0,0.02,50.0,0.0,0.0,0.0,0.05986,-0.02894,-1.73515,0.00079,-0.96782
146.49,ETH-27DEC19,1575457140371,open,0.66,2355.0,0.592,0.697,0.64138,100.7,0.606,0.0,ETH-27DEC19-240-P,146.06,0.0,0.001,20.0,0.781,1.0,300.77,0.02731,-0.06011,-0.14762,0.00202,-0.96654
149.94,SYN.ETH-26JUN20,1575457140369,open,0.07,270.0,0.031,0.118,0.069474,93.32,0.069,0.0,ETH-26JUN20-320-C,146.06,91.34,0.065,475.0,0.073,180.0,94.85,0.34213,-0.07792,0.13615,0.00291,0.23125
146.49,ETH-27DEC19,1575457140371,open,0.0,11107.0,0.001,0.011,0.0,120.0,0.001,0.0,ETH-27DEC19-560-C,146.06,0.0,0.0,0.0,0.001,100.0,198.33,1e-05,-3e-05,0.0,0.0,1e-05
146.49,ETH-27DEC19,1575457140370,open,0.0,4049.0,0.001,0.012,0.002072,107.24,0.002,0.0,ETH-27DEC19-260-C,146.06,97.26,0.001,521.0,0.003,312.0,113.33,0.01969,-0.04615,0.00188,0.00137,0.0226
146.49,ETH-27DEC19,1575457140371,open,0.0,4535.0,0.001,0.011,0.0,120.0,0.002,0.0,ETH-27DEC19-760-C,146.06,0.0,0.0,0.0,0.001,100.0,235.27,0.0,0.0,0.0,0.0,0.0
146.49,ETH-27DEC19,1575457140371,open,3.43,0.0,3.242,3.504,3.368899,120.0,None,0.0,ETH-27DEC19-640-P,146.06,0.0,0.02,50.0,0.0,0.0,0.0,0.0,0.0,-0.40111,0.0,-1.0
148.63,ETH-27MAR20,1575457140371,open,2.55,0.0,2.398,2.627,2.506106,107.93,None,0.0,ETH-27MAR20-520-P,146.06,0.0,0.006,50.0,0.0,0.0,0.0,0.06841,-0.03242,-1.60825,0.00092,-0.96214
146.49,ETH-27DEC19,1575457140370,open,0.0,2232.0,0.001,0.011,0.000642,120.01,0.002,0.0,ETH-27DEC19-320-C,146.06,0.0,0.0,0.0,0.002,611.0,137.42,0.00727,-0.01906,0.0006,0.00045,0.00713
146.49,ETH-27DEC19,1575457140371,open,3.98,0.0,3.772,4.066,3.914676,0.0,None,0.0,ETH-27DEC19-720-P,146.06,0.0,0.004,50.0,0.0,0.0,0.0,0.0,0.0,-0.45125,0.0,-1.0
146.49,ETH-27DEC19,1575457140371,open,0.0,6958.0,0.001,0.013,0.003045,100.71,0.002,0.0,ETH-27DEC19-240-C,146.06,94.36,0.002,100.0,0.004,610.0,105.41,0.02732,-0.06014,0.00279,0.00202,0.03348
146.49,ETH-27DEC19,1575457140371,open,1.77,15.0,1.652,1.815,1.730615,120.0,1.248,0.0,ETH-27DEC19-400-P,146.06,0.0,0.002,50.0,0.0,0.0,0.0,0.00089,-0.00234,-0.25063,6e-05,-0.9993
148.63,ETH-27MAR20,1575457140370,open,0.23,3927.0,0.169,0.283,0.224924,80.3,0.225,0.0,ETH-27MAR20-160-P,146.06,76.74,0.217,466.0,0.233,300.0,83.93,0.3306,-0.11656,-0.32508,0.00597,-0.47611
148.63,ETH-27MAR20,1575457140371,open,0.01,2330.0,0.001,0.024,0.007721,108.43,0.01,0.0,ETH-27MAR20-520-C,146.06,104.47,0.006,620.0,0.009,220.0,111.03,0.06977,-0.03322,0.01441,0.00093,0.03879
147.32,SYN.ETH-31JAN20,1575457140369,open,0.33,0.0,0.309,0.365,0.336773,82.28,None,0.0,ETH-31JAN20-100-C,146.06,0.0,0.321,1.0,0.739,40.0,499.53,0.09455,-0.06721,0.13412,0.00334,0.91091
146.49,ETH-27DEC19,1575457140371,open,0.0,6667.0,0.001,0.011,5e-06,120.0,0.001,0.0,ETH-27DEC19-480-C,146.06,0.0,0.0,0.0,0.001,115.0,179.09,0.00011,-0.00028,1e-05,1e-05,7e-05
146.49,ETH-27DEC19,1575457140371,open,1.63,0.0,1.519,1.675,1.594132,120.0,None,0.0,ETH-27DEC19-380-P,146.06,0.0,0.02,50.0,0.0,0.0,0.0,0.00152,-0.00398,-0.23805,9e-05,-0.99875
146.49,ETH-27DEC19,1575457140371,open,0.0,7592.0,0.001,0.015,0.004124,91.03,0.003,0.0,ETH-27DEC19-220-C,146.06,86.06,0.003,105.0,0.005,310.0,94.37,0.03624,-0.07211,0.00397,0.00296,0.0474
146.49,ETH-27DEC19,1575457140371,open,0.0,21058.0,0.001,0.011,0.0,120.0,0.007,0.0,ETH-27DEC19-600-C,146.06,0.0,0.0,0.0,0.001,700.0,206.81,0.0,-1e-05,0.0,0.0,0.0
146.24,SYN.ETH-13DEC19,1575457140369,open,0.0,27.0,0.001,0.011,0.000604,87.71,0.001,0.0,ETH-13DEC19-200-C,146.06,0.0,0.0,0.0,0.001,1.0,93.98,0.00773,-0.03819,0.00045,0.00169,0.01319
146.24,SYN.ETH-13DEC19,1575457140369,open,0.17,0.0,0.155,0.211,0.183078,85.46,None,0.0,ETH-13DEC19-120-C,146.06,0.0,0.179,1.0,0.374,25.0,499.59,0.02735,-0.13167,0.0269,0.00615,0.93948
148.63,ETH-27MAR20,1575457140372,open,1.47,6.0,1.358,1.534,1.440685,98.03,1.188,0.0,ETH-27MAR20-360-P,146.06,0.0,0.01,30.0,2.178,1.0,500.0,0.1346,-0.05794,-1.09012,0.00199,-0.91019
148.63,ETH-27MAR20,1575457140372,open,0.02,1242.0,0.008,0.054,0.024972,94.81,0.026,0.0,ETH-27MAR20-320-C,146.06,92.99,0.023,260.0,0.027,100.0,96.61,0.16445,-0.06846,0.0433,0.00252,0.11834
148.63,ETH-27MAR20,1575457140372,open,0.04,94.0,0.018,0.066,0.038749,81.33,0.044,0.0,ETH-27MAR20-100-P,146.06,79.05,0.036,320.0,0.042,614.0,83.97,0.18096,-0.06462,-0.08093,0.00323,-0.13578
148.63,ETH-27MAR20,1575457140372,open,0.02,834.0,0.005,0.033,0.015757,85.53,0.01,0.0,ETH-27MAR20-80-P,146.06,82.9,0.014,322.0,0.018,320.0,88.7,0.10188,-0.03826,-0.03621,0.00173,-0.06233
149.94,SYN.ETH-26JUN20,1575457140369,open,0.01,195.0,0.006,0.032,0.016205,89.63,0.015,0.0,ETH-26JUN20-60-P,146.06,86.4,0.014,100.0,0.019,300.0,93.46,0.10571,-0.02312,-0.05117,0.00093,-0.0446
149.94,SYN.ETH-26JUN20,1575457140371,open,0.62,0.0,0.521,0.687,0.601881,87.92,None,0.0,ETH-26JUN20-220-P,146.06,0.0,0.467,51.0,0.638,1.0,100.23,0.43405,-0.09313,-1.01132,0.00391,-0.59977
146.49,ETH-27DEC19,1575457140372,open,0.0,1347.0,0.001,0.011,9.8e-05,120.0,0.002,0.0,ETH-27DEC19-380-C,146.06,0.0,0.0,0.0,0.002,403.0,161.73,0.00152,-0.00398,0.00011,9e-05,0.00125
148.63,ETH-27MAR20,1575457140373,open,0.07,810.0,0.033,0.109,0.06717,86.04,0.065,0.0,ETH-27MAR20-220-C,146.06,84.89,0.065,90.0,0.069,100.0,87.01,0.28062,-0.10602,0.09981,0.00473,0.28242
146.49,ETH-27DEC19,1575457140373,open,2.6,37.0,2.446,2.659,2.54949,0.0,0.707,0.0,ETH-27DEC19-520-P,146.06,0.0,0.003,50.0,0.0,0.0,0.0,0.0,0.0,-0.3259,0.0,-1.0
148.63,ETH-27MAR20,1575457140373,open,0.14,858.0,0.102,0.195,0.148472,80.32,0.15,0.0,ETH-27MAR20-160-C,146.06,77.41,0.142,566.0,0.152,400.0,81.91,0.3306,-0.11659,0.1741,0.00597,0.52393
146.49,ETH-27DEC19,1575457140373,open,0.26,4510.0,0.201,0.288,0.242563,74.15,0.18,0.0,ETH-27DEC19-180-P,146.06,0.0,0.227,345.0,0.265,345.0,105.47,0.08724,-0.14138,-0.09989,0.00875,-0.84541
149.94,SYN.ETH-26JUN20,1575457140369,open,0.09,428.0,0.045,0.14,0.088282,91.25,0.089,0.0,ETH-26JUN20-280-C,146.06,89.55,0.084,180.0,0.093,180.0,93.09,0.38056,-0.08475,0.16449,0.00331,0.28373
147.32,SYN.ETH-31JAN20,1575457140369,open,0.01,25.0,0.001,0.028,0.010651,88.84,0.015,0.0,ETH-31JAN20-260-C,146.06,85.82,0.009,720.0,0.012,322.0,91.12,0.08432,-0.06471,0.01539,0.00276,0.07652
146.49,ETH-27DEC19,1575457140373,open,0.01,4796.0,0.003,0.033,0.01381,74.15,0.014,0.0,ETH-27DEC19-180-C,146.06,71.03,0.012,640.0,0.016,618.0,77.72,0.08724,-0.14138,0.01293,0.00875,0.15459
148.63,ETH-27MAR20,1575457140374,open,0.27,40.0,0.229,0.313,0.272235,79.17,0.459,0.0,ETH-27MAR20-120-C,146.06,44.06,0.216,1.0,0.0,0.0,0.0,0.25833,-0.0898,0.22599,0.00473,0.75958
148.63,ETH-27MAR20,1575457140374,open,0.02,579.0,0.005,0.044,0.018726,98.21,0.018,0.0,ETH-27MAR20-360-C,146.06,96.26,0.017,260.0,0.021,360.0,100.63,0.13523,-0.05831,0.03322,0.002,0.09037
146.11,SYN.ETH-6DEC19,1575457140372,open,0.01,1121.0,0.001,0.03,0.008497,65.27,0.008,0.0,ETH-6DEC19-150-C,146.06,54.87,0.006,160.0,0.008,100.0,63.25,0.03614,-0.62871,0.00215,0.05047,0.29498
148.63,ETH-27MAR20,1575457140374,open,0.2,35.0,0.152,0.243,0.19857,78.26,0.198,0.0,ETH-27MAR20-140-C,146.06,74.65,0.191,256.0,0.205,100.0,81.34,0.31093,-0.10684,0.20417,0.00576,0.63886
147.32,SYN.ETH-31JAN20,1575457140369,open,0.08,1.0,0.049,0.12,0.083743,73.92,0.104,0.0,ETH-31JAN20-160-C,146.06,70.27,0.078,610.0,0.087,480.0,75.99,0.23197,-0.14813,0.08485,0.00912,0.44699
149.94,SYN.ETH-26JUN20,1575457140369,open,0.04,4.0,0.018,0.065,0.038036,84.62,0.026,0.0,ETH-26JUN20-80-P,146.06,82.2,0.035,350.0,0.042,549.0,87.7,0.19055,-0.03935,-0.11235,0.00178,-0.09546
147.32,SYN.ETH-31JAN20,1575457140369,open,0.22,0.0,0.189,0.26,0.225321,75.65,None,0.0,ETH-31JAN20-120-C,146.06,34.18,0.189,1.0,0.713,41.0,500.0,0.16562,-0.10824,0.13359,0.00636,0.79718
149.94,SYN.ETH-26JUN20,1575457140370,open,0.08,720.0,0.044,0.115,0.076676,83.01,0.077,0.0,ETH-26JUN20-100-P,146.06,79.97,0.071,535.0,0.081,250.0,85.3,0.28207,-0.05714,-0.20589,0.00269,-0.16796
146.11,SYN.ETH-6DEC19,1575457140371,open,0.0,275.0,0.001,0.011,0.000294,119.95,0.001,0.0,ETH-6DEC19-120-P,146.06,0.0,0.0,0.0,0.001,101.0,143.64,0.00275,-0.04301,-8e-05,0.00209,-0.00985
146.11,SYN.ETH-6DEC19,1575457140369,open,0.0,454.0,0.001,0.011,3.1e-05,119.97,0.001,0.0,ETH-6DEC19-190-C,146.06,0.0,0.0,0.0,0.001,103.0,176.64,0.00045,-0.00451,1e-05,0.00034,0.0013
149.94,SYN.ETH-26JUN20,1575457140369,open,0.5,0.0,0.473,0.536,0.504442,84.6,None,0.0,ETH-26JUN20-80-C,146.06,35.26,0.467,1.0,0.0,0.0,0.0,0.19049,-0.03933,0.33675,0.00178,0.90457
147.32,SYN.ETH-31JAN20,1575457140369,open,0.04,133.0,0.018,0.068,0.039913,75.7,0.044,0.0,ETH-31JAN20-120-P,146.06,73.09,0.037,410.0,0.043,386.0,78.42,0.16567,-0.10834,-0.05672,0.00636,-0.20291
146.11,SYN.ETH-6DEC19,1575457140370,open,0.0,516.0,0.001,0.011,0.00024,119.97,0.001,0.0,ETH-6DEC19-180-C,146.06,0.0,0.0,0.0,0.001,101.0,145.93,0.00244,-0.03505,6e-05,0.00186,0.00859
149.94,SYN.ETH-26JUN20,1575457140371,open,1.23,0.0,1.11,1.307,1.203847,93.38,1.06,0.0,ETH-26JUN20-320-P,146.06,0.0,0.015,2.0,1.22,1.0,100.21,0.34238,-0.07803,-1.65989,0.00291,-0.76845
146.49,ETH-27DEC19,1575457140376,open,0.53,2830.0,0.459,0.558,0.505834,90.62,0.65,0.0,ETH-27DEC19-220-P,146.06,0.0,0.501,50.0,0.517,1.0,120.76,0.03573,-0.07078,-0.13398,0.00293,-0.95343
146.11,SYN.ETH-6DEC19,1575457140372,open,0.01,589.0,0.001,0.023,0.004524,65.42,0.006,0.0,ETH-6DEC19-140-P,146.06,62.53,0.004,1.0,0.005,90.0,67.95,0.02702,-0.47126,-0.00135,0.03765,-0.17525
149.94,SYN.ETH-26JUN20,1575457140371,open,0.05,681.0,0.023,0.102,0.056556,95.45,0.057,0.0,ETH-26JUN20-360-C,146.06,93.69,0.053,180.0,0.06,180.0,97.1,0.30765,-0.07166,0.11473,0.00255,0.19288
148.63,ETH-27MAR20,1575457140377,open,0.95,173.0,0.846,1.002,0.920106,92.03,1.157,0.0,ETH-27MAR20-280-P,146.06,0.0,0.001,9.0,0.949,1.0,110.5,0.20591,-0.08321,-0.81396,0.00325,-0.83521
146.49,ETH-27DEC19,1575457140377,open,0.0,3866.0,0.001,0.014,0.004288,94.11,0.003,0.0,ETH-27DEC19-100-P,146.06,87.69,0.003,920.0,0.006,791.0,101.19,0.03229,-0.06643,-0.00417,0.00255,-0.04108
147.32,SYN.ETH-31JAN20,1575457140373,open,0.13,1.0,0.101,0.179,0.140634,73.91,0.168,0.0,ETH-31JAN20-140-C,146.06,71.5,0.137,1.0,0.144,351.0,76.14,0.22233,-0.14196,0.1133,0.00874,0.62566
149.94,SYN.ETH-26JUN20,1575457140371,open,0.02,582.0,0.006,0.054,0.022517,107.76,0.023,0.0,ETH-26JUN20-640-C,146.06,105.46,0.02,10.0,0.024,140.0,109.05,0.16964,-0.04461,0.04979,0.00125,0.08168
146.24,SYN.ETH-13DEC19,1575457140372,open,0.24,0.0,0.225,0.276,0.250074,104.36,None,0.0,ETH-13DEC19-110-C,146.06,0.0,0.247,1.0,0.406,26.0,499.61,0.01701,-0.10002,0.02548,0.00314,0.96646
149.94,SYN.ETH-26JUN20,1575457140369,open,2.01,0.0,1.867,2.099,1.976125,100.18,None,0.0,ETH-26JUN20-440-P,146.06,0.0,0.01,50.0,0.0,0.0,0.0,0.25579,-0.06254,-2.38285,0.00202,-0.85521
146.49,ETH-27DEC19,1575457140378,open,0.0,2178.0,0.001,0.011,0.001205,119.96,0.001,0.0,ETH-27DEC19-300-C,146.06,117.29,0.001,100.0,0.002,311.0,128.04,0.01199,-0.03144,0.00105,0.00074,0.01265
146.11,SYN.ETH-6DEC19,1575457140371,open,0.39,0.0,0.33,0.412,0.368973,156.0,None,0.0,ETH-6DEC19-200-P,146.06,0.0,0.0,0.0,1.372,5.0,500.0,0.00095,-0.03941,-0.01026,0.00055,-0.99704
149.94,SYN.ETH-26JUN20,1575457140369,open,0.3,761.0,0.222,0.354,0.287271,83.02,0.3,0.0,ETH-26JUN20-160-P,146.06,76.79,0.269,172.0,0.294,210.0,85.32,0.43869,-0.08888,-0.59371,0.00419,-0.41818
149.94,SYN.ETH-26JUN20,1575457140371,open,2.55,0.0,2.379,2.636,2.499636,103.53,None,0.0,ETH-26JUN20-520-P,146.06,0.0,0.01,50.0,0.0,0.0,0.0,0.21409,-0.05409,-2.85097,0.00164,-0.88791
146.24,SYN.ETH-13DEC19,1575457140370,open,0.0,56.0,0.001,0.012,0.00233,104.8,0.002,0.0,ETH-13DEC19-110-P,146.06,101.88,0.002,44.0,0.003,152.0,110.08,0.01723,-0.10173,-0.00129,0.00316,-0.03406
146.11,SYN.ETH-6DEC19,1575457140371,open,0.46,0.0,0.396,0.483,0.437419,177.69,None,0.0,ETH-6DEC19-210-P,146.06,0.0,0.0,0.0,1.441,5.0,500.0,0.00087,-0.04103,-0.01077,0.00044,-0.99732
147.32,SYN.ETH-31JAN20,1575457140370,open,0.03,30.0,0.012,0.059,0.031553,78.64,0.029,0.0,ETH-31JAN20-200-C,146.06,75.44,0.028,764.0,0.034,370.0,80.77,0.16726,-0.11363,0.0408,0.00618,0.2062
149.94,SYN.ETH-26JUN20,1575457140373,open,0.51,249.0,0.415,0.573,0.492536,87.0,0.601,0.0,ETH-26JUN20-200-P,146.06,72.52,0.45,210.0,0.518,210.0,95.55,0.44514,-0.09452,-0.87421,0.00405,-0.5462
149.94,SYN.ETH-26JUN20,1575457140373,open,0.21,103.0,0.164,0.275,0.220085,82.99,0.218,0.0,ETH-26JUN20-160-C,146.06,81.26,0.215,267.0,0.23,210.0,86.39,0.4387,-0.08886,0.30439,0.00419,0.58177
147.32,SYN.ETH-31JAN20,1575457140372,open,0.18,0.0,0.124,0.218,0.169865,73.96,None,0.0,ETH-31JAN20-160-P,146.06,69.6,0.163,178.0,0.178,517.0,79.12,0.23198,-0.14823,-0.16884,0.00911,-0.5529
149.94,SYN.ETH-26JUN20,1575457140369,open,0.61,1.0,0.595,0.638,0.61601,89.59,0.69,0.0,ETH-26JUN20-60-C,146.06,0.0,0.0,0.0,0.0,0.0,0.0,0.10563,-0.0231,0.28567,0.00093,0.95544
146.24,SYN.ETH-13DEC19,1575457140369,open,0.0,46.0,0.001,0.015,0.003721,85.76,0.005,0.0,ETH-13DEC19-120-P,146.06,81.72,0.003,200.0,0.005,151.0,92.05,0.02756,-0.13314,-0.00231,0.00618,-0.06112
149.94,SYN.ETH-26JUN20,1575457140369,open,0.21,1202.0,0.148,0.264,0.204339,83.02,0.195,0.0,ETH-26JUN20-140-P,146.06,79.24,0.194,448.0,0.209,210.0,84.72,0.4101,-0.08309,-0.45542,0.00391,-0.33679
149.94,SYN.ETH-26JUN20,1575457140371,open,0.18,568.0,0.13,0.244,0.186971,85.51,0.187,0.0,ETH-26JUN20-180-C,146.06,83.85,0.182,482.0,0.195,372.0,88.2,0.44787,-0.09346,0.27522,0.00415,0.51399
149.94,SYN.ETH-26JUN20,1575457140371,open,2.28,0.0,2.122,2.365,2.235777,100.93,None,0.0,ETH-26JUN20-480-P,146.06,0.0,0.01,50.0,0.0,0.0,0.0,0.22848,-0.05628,-2.61982,0.00179,-0.87713
149.94,SYN.ETH-26JUN20,1575457140374,open,0.26,90.0,0.216,0.323,0.270551,82.99,0.27,0.0,ETH-26JUN20-140-C,146.06,81.69,0.267,472.0,0.279,210.0,86.09,0.41011,-0.08306,0.33044,0.00392,0.66319
147.32,SYN.ETH-31JAN20,1575457140372,open,0.67,0.0,0.588,0.706,0.643586,85.31,None,0.0,ETH-31JAN20-240-P,146.06,0.0,0.0,0.0,1.228,1.0,500.0,0.10493,-0.07734,-0.35997,0.00357,-0.89736
146.24,SYN.ETH-13DEC19,1575457140371,open,0.02,249.0,0.008,0.054,0.02828,63.24,0.025,0.0,ETH-13DEC19-150-C,146.06,57.84,0.025,120.0,0.028,100.0,62.78,0.08902,-0.31715,0.01384,0.02707,0.41749
149.94,SYN.ETH-26JUN20,1575457140371,open,0.4,357.0,0.315,0.462,0.387555,85.54,0.405,0.0,ETH-26JUN20-180-P,146.06,73.97,0.353,210.0,0.422,1.0,97.1,0.44787,-0.09349,-0.73513,0.00415,-0.48593
149.94,SYN.ETH-26JUN20,1575457140369,open,0.03,42.0,0.01,0.068,0.031281,103.37,0.034,0.0,ETH-26JUN20-520-C,146.06,101.73,0.029,50.0,0.033,140.0,104.56,0.21327,-0.0538,0.0675,0.00164,0.11149
146.11,SYN.ETH-6DEC19,1575457140369,open,0.0,106.0,0.001,0.011,0.0,120.02,0.001,0.0,ETH-6DEC19-100-P,146.06,0.0,0.0,0.0,0.001,104.0,253.27,0.0,-1e-05,0.0,0.0,0.0
149.94,SYN.ETH-26JUN20,1575457140373,open,0.11,474.0,0.066,0.171,0.115764,89.01,0.121,0.0,ETH-26JUN20-240-C,146.06,87.3,0.111,464.0,0.12,180.0,90.53,0.41819,-0.09085,0.20131,0.00372,0.35497
146.11,SYN.ETH-6DEC19,1575457140371,open,0.0,643.0,0.001,0.013,0.001456,119.94,0.003,0.0,ETH-6DEC19-170-C,146.06,112.18,0.001,6.0,0.002,375.0,127.53,0.00954,-0.21274,0.00031,0.00725,0.04283
149.94,SYN.ETH-26JUN20,1575457140372,open,0.16,552.0,0.103,0.215,0.158553,86.97,0.166,0.0,ETH-26JUN20-200-C,146.06,85.1,0.153,487.0,0.163,210.0,88.47,0.44512,-0.09448,0.24839,0.00406,0.45369
146.24,SYN.ETH-13DEC19,1575457140369,open,0.0,431.0,0.001,0.013,0.002658,79.46,0.0041,0.0,ETH-13DEC19-180-C,146.06,75.25,0.002,150.0,0.003,32.0,81.42,0.02471,-0.11061,0.0018,0.00598,0.05321
149.94,SYN.ETH-26JUN20,1575457140371,open,0.13,688.0,0.082,0.191,0.1345,87.88,0.161,0.0,ETH-26JUN20-220-C,146.06,86.32,0.13,287.0,0.139,180.0,89.43,0.43402,-0.09309,0.22352,0.00391,0.40009
146.11,SYN.ETH-6DEC19,1575457140369,open,0.0,35.0,0.001,0.011,3e-06,119.98,0.001,0.0,ETH-6DEC19-200-C,146.06,0.0,0.0,0.0,0.001,151.0,204.93,6e-05,-0.00047,0.0,5e-05,0.00015
149.94,SYN.ETH-26JUN20,1575457140372,open,1.75,0.0,1.612,1.831,1.714857,97.4,None,0.0,ETH-26JUN20-400-P,146.06,0.0,0.02,100.0,0.0,0.0,0.0,0.27729,-0.06591,-2.14715,0.00226,-0.83642
146.24,SYN.ETH-13DEC19,1575457140369,open,0.39,1.0,0.328,0.412,0.368342,89.4,0.341,0.0,ETH-13DEC19-200-P,146.06,0.0,0.0,0.0,0.57,1.0,500.0,0.00852,-0.04291,-0.04813,0.00183,-0.98523
149.94,SYN.ETH-26JUN20,1575457140375,open,0.05,862.0,0.018,0.089,0.046891,97.3,0.058,0.0,ETH-26JUN20-400-C,146.06,95.15,0.043,440.0,0.05,140.0,98.96,0.27683,-0.06574,0.09786,0.00225,0.16316
146.11,SYN.ETH-6DEC19,1575457140373,open,0.17,0.0,0.154,0.204,0.178913,116.75,None,0.0,ETH-6DEC19-120-C,146.06,0.0,0.01,75.0,0.238,1.0,500.0,0.00238,-0.07411,0.0061,0.00186,0.99166
146.11,SYN.ETH-6DEC19,1575457140372,open,0.31,2.0,0.295,0.336,0.315515,0.0,0.322,0.0,ETH-6DEC19-100-C,146.06,0.0,0.0,0.0,0.338,1.0,500.0,0.0,0.0,0.00514,0.0,1.0
146.11,SYN.ETH-6DEC19,1575457140369,open,0.53,0.0,0.463,0.553,0.505867,198.63,None,0.0,ETH-6DEC19-220-P,146.06,0.0,0.0,0.0,1.51,5.0,500.0,0.00082,-0.04349,-0.01129,0.00038,-0.99747
149.94,SYN.ETH-26JUN20,1575457140369,open,0.33,142.0,0.283,0.381,0.333008,82.99,0.335,0.0,ETH-26JUN20-120-C,146.06,81.31,0.329,210.0,0.341,210.0,86.33,0.35826,-0.07256,0.3495,0.00342,0.74828
149.94,SYN.ETH-26JUN20,1575457140371,open,0.03,330.0,0.011,0.072,0.034218,100.79,0.04,0.0,ETH-26JUN20-480-C,146.06,98.61,0.031,440.0,0.037,140.0,102.58,0.22777,-0.05602,0.07415,0.00179,0.12233
146.24,SYN.ETH-13DEC19,1575457140369,open,0.01,374.0,0.001,0.029,0.010644,64.44,0.01,0.0,ETH-13DEC19-160-C,146.06,60.57,0.009,210.0,0.012,100.0,67.5,0.06367,-0.23114,0.0067,0.019,0.1991
146.11,SYN.ETH-6DEC19,1575457140373,open,0.0,33.0,0.001,0.011,0.0,119.98,0.001,0.0,ETH-6DEC19-210-C,146.06,0.0,0.0,0.0,0.001,150.0,231.22,1e-05,-4e-05,0.0,1e-05,1e-05
146.24,SYN.ETH-13DEC19,1575457140374,open,0.06,151.0,0.024,0.087,0.054083,63.36,0.05,0.0,ETH-13DEC19-150-P,146.06,58.28,0.051,120.0,0.06,313.0,73.03,0.08903,-0.31776,-0.02263,0.02702,-0.5823
146.11,SYN.ETH-6DEC19,1575457140373,open,0.0,1594.0,0.001,0.014,0.001833,84.24,0.002,0.0,ETH-6DEC19-160-C,146.06,74.23,0.001,128.0,0.002,124.0,85.93,0.0141,-0.26788,0.00051,0.01526,0.07023
149.94,SYN.ETH-26JUN20,1575457140373,open,0.02,288.0,0.007,0.057,0.024378,105.95,0.025,0.0,ETH-26JUN20-600-C,146.06,103.91,0.022,140.0,0.027,140.0,108.07,0.18013,-0.04658,0.05396,0.00135,0.08849
146.11,SYN.ETH-6DEC19,1575457140375,open,0.18,208.0,0.13,0.205,0.16508,121.14,0.11,0.0,ETH-6DEC19-170-P,146.06,0.0,0.002,1.0,1.167,6.0,500.0,0.00984,-0.31765,-0.00841,0.0074,-0.95551
149.94,SYN.ETH-26JUN20,1575457140369,open,1.49,0.0,1.36,1.567,1.457726,95.52,None,0.0,ETH-26JUN20-360-P,146.06,0.0,0.02,100.0,1.468,1.0,100.36,0.308,-0.0718,-1.9058,0.00256,-0.80677
147.32,SYN.ETH-31JAN20,1575457140373,open,0.1,10.0,0.055,0.131,0.090991,73.95,0.095,0.0,ETH-31JAN20-140-P,146.06,73.3,0.09,1.0,0.094,100.0,75.95,0.22233,-0.14205,-0.1087,0.00874,-0.37434
149.94,SYN.ETH-26JUN20,1575457140373,open,0.74,0.0,0.632,0.806,0.716544,89.05,None,0.0,ETH-26JUN20-240-P,146.06,0.0,0.6,1.0,1.525,1.0,500.0,0.41826,-0.0909,-1.14576,0.00372,-0.64486
146.11,SYN.ETH-6DEC19,1575457140378,open,0.0,254.0,0.001,0.011,1e-05,120.03,0.001,0.0,ETH-6DEC19-110-P,146.06,0.0,0.0,0.0,0.001,101.0,196.66,0.00016,-0.00139,0.0,0.00012,-0.00042
148.63,ETH-27MAR20,1575457140396,open,0.36,1.0,0.331,0.4,0.365983,81.37,0.337,0.0,ETH-27MAR20-100-C,146.06,37.1,0.329,1.0,0.0,0.0,0.0,0.18102,-0.06467,0.23101,0.00323,0.86415
146.49,ETH-27DEC19,1575457140399,open,0.32,0.0,0.264,0.353,0.306484,78.09,None,0.0,ETH-27DEC19-190-P,146.06,50.03,0.298,340.0,0.312,1.0,88.7,0.06844,-0.11681,-0.10995,0.00652,-0.89114
7249.9,BTC-27DEC19,1575457140914,open,3.19,0.2,3.057,3.2225,3.13803961,163.0,2.51,0.0,BTC-27DEC19-30000-P,7228.07,0.0,0.0,0.0,0.0,0.0,0.0,0.03379,-0.12038,-18.79979,0.0,-0.99947
7249.9,BTC-27DEC19,1575457140922,open,4.03,1.3,3.8685,4.067,3.96564738,183.59,3.212,0.0,BTC-27DEC19-36000-P,7228.07,0.0,0.0,0.0,0.0,0.0,0.0,0.036,-0.14444,-22.56005,0.0,-0.99944
7507.96,SYN.BTC-26JUN20,1575457140950,open,0.03,30.5,0.009,0.062,0.02638635,90.23,0.028,0.0,BTC-26JUN20-22000-C,7228.07,88.82,0.0245,17.0,0.028,20.1,91.4,10.24481,-2.25605,3.32289,4e-05,0.10524
7508.01,SYN.BTC-26JUN20,1575457140952,open,0.04,246.3,0.015,0.077,0.03680082,84.87,0.0415,0.0,BTC-26JUN20-18000-C,7228.07,82.9,0.0335,31.0,0.0385,15.0,85.86,12.83377,-2.65835,4.56919,5e-05,0.14522
7249.9,BTC-27DEC19,1575457140952,open,0.09,720.1,0.0545,0.112,0.08078775,61.11,0.083,0.0,BTC-27DEC19-7500-P,7228.07,60.31,0.08,9.6,0.082,12.3,62.34,7.16481,-9.56993,-2.90123,0.00036,-0.55772
7299.6,SYN.BTC-31JAN20,1575457140952,open,0.35,14.8,0.2935,0.375,0.33042798,69.82,0.331,0.0,BTC-31JAN20-9500-P,7228.07,0.0,0.0,0.0,1.333,1.0,500.0,8.3617,-5.04343,-12.97602,0.00014,-0.79066
7249.9,BTC-27DEC19,1575457140956,open,0.82,98.8,0.7585,0.8355,0.79444617,102.26,0.7,0.0,BTC-27DEC19-13000-P,7228.07,0.0,0.0,0.0,1.5965,3.0,500.0,0.71319,-1.59409,-8.08235,2e-05,-0.98434
7379.24,BTC-27MAR20,1575457141023,open,2.03,5.6,1.9255,2.066,1.98950287,98.55,1.545,0.0,BTC-27MAR20-22000-P,7228.07,0.0,1.09,1.0,2.9905,1.0,500.0,3.81591,-1.65118,-67.81924,2e-05,-0.9563
7299.6,SYN.BTC-31JAN20,1575457141234,open,0.47,0.0,0.4195,0.502,0.45684177,74.06,None,0.0,BTC-31JAN20-10500-P,7228.07,0.0,0.0,0.0,1.459,1.0,500.0,6.43429,-4.11662,-15.25479,0.0001,-0.86112
7379.24,BTC-27MAR20,1575457141248,open,3.94,0.0,3.7835,3.9915,3.88161624,115.23,None,0.0,BTC-27MAR20-36000-P,7228.07,0.0,0.0,0.0,0.0,0.0,0.0,1.66349,-0.84163,-112.0144,1e-05,-0.98385
7379.24,BTC-27MAR20,1575457141337,open,1.48,0.0,1.3955,1.52,1.45163998,90.96,1.23,0.0,BTC-27MAR20-18000-P,7228.11,0.0,0.5525,1.0,2.453,1.0,500.0,5.32926,-2.12833,-54.90787,3e-05,-0.93334
7379.24,BTC-27MAR20,1575457141337,open,1.21,1.1,1.132,1.249,1.18425728,86.38,1.08,0.0,BTC-27MAR20-16000-P,7228.11,0.0,0.2855,1.0,2.186,1.0,500.0,6.49766,-2.4645,-48.2956,4e-05,-0.91351
7249.9,BTC-27DEC19,1575457141337,open,6.26,0.8,6.0325,6.319,6.17260176,225.55,3.59,0.0,BTC-27DEC19-52000-P,7228.11,0.0,0.001,1.0,0.0,0.0,0.0,0.04231,-0.20857,-32.58739,0.0,-0.99933
7379.24,BTC-27MAR20,1575457141337,open,3.67,0.0,3.518,3.7155,3.61082453,112.91,None,0.0,BTC-27MAR20-34000-P,7228.11,0.0,0.0,0.0,0.0,0.0,0.0,1.7864,-0.88563,-105.74781,1e-05,-0.98244
7249.94,BTC-27DEC19,1575457141338,open,3.47,0.3,3.3275,3.504,3.41390882,174.65,2.744,0.0,BTC-27DEC19-32000-P,7228.11,0.0,0.0,0.0,0.0,0.0,0.0,0.04652,-0.17759,-20.05239,0.0,-0.99926
7379.24,BTC-27MAR20,1575457141339,open,0.02,1528.0,0.005,0.041,0.01600937,86.38,0.016,0.0,BTC-27MAR20-16000-C,7228.11,84.02,0.014,34.6,0.017,7.0,87.49,6.49702,-2.46417,1.62232,4e-05,0.08648
7379.24,BTC-27MAR20,1575457141339,open,0.12,752.6,0.085,0.164,0.1205344,68.96,0.125,0.0,BTC-27MAR20-8000-C,7228.11,68.05,0.1185,1.5,0.122,5.0,69.62,16.44097,-4.97843,8.57935,0.00014,0.49319
7249.94,BTC-27DEC19,1575457141340,open,4.59,0.0,4.4095,4.63,4.51738597,200.58,2.58,0.0,BTC-27DEC19-40000-P,7228.11,0.0,0.001,1.0,0.0,0.0,0.0,0.05069,-0.22225,-25.066,0.0,-0.99918
7379.24,BTC-27MAR20,1575457141340,open,0.13,194.2,0.0875,0.1675,0.12297115,68.25,0.1315,0.0,BTC-27MAR20-7000-P,7228.11,66.84,0.12,28.0,0.126,20.0,69.68,15.57707,-4.66775,-11.37412,0.00013,-0.37108
7379.28,BTC-27MAR20,1575457141341,open,0.21,299.3,0.1625,0.2555,0.20465836,68.97,0.205,0.0,BTC-27MAR20-8000-P,7228.11,67.1,0.2005,19.7,0.2075,8.0,70.24,16.44107,-4.97863,-16.37957,0.00014,-0.5068
7379.28,BTC-27MAR20,1575457141341,open,0.06,475.3,0.034,0.102,0.06207307,73.03,0.06,0.0,BTC-27MAR20-10000-C,7228.11,71.42,0.059,28.1,0.064,31.4,74.03,14.2043,-4.55466,5.34475,0.00011,0.29423
7379.28,BTC-27MAR20,1575457141341,open,0.03,238.7,0.0135,0.0525,0.02829232,71.42,0.03,0.0,BTC-27MAR20-5000-P,7228.11,70.71,0.0275,13.0,0.0295,14.7,72.5,8.24344,-2.58509,-3.41322,7e-05,-0.11996
7229.86,SYN.BTC-6DEC19,1575457141341,open,0.0,592.6,0.0005,0.0155,0.00241367,73.72,0.002,0.0,BTC-6DEC19-7750-C,7228.11,65.58,0.0015,41.5,0.003,41.5,78.19,0.90178,-17.45052,0.03582,0.00046,0.09883
7508.02,SYN.BTC-26JUN20,1575457141337,open,0.18,258.1,0.1295,0.227,0.17303159,71.91,0.1715,0.0,BTC-26JUN20-7000-P,7228.11,70.81,0.17,5.0,0.174,9.8,72.26,20.72009,-3.63628,-21.82252,9e-05,-0.34479
7508.02,SYN.BTC-26JUN20,1575457141338,open,0.12,266.6,0.084,0.1805,0.1260865,75.81,0.1215,0.0,BTC-26JUN20-10000-C,7228.11,73.02,0.118,12.9,0.1235,6.0,74.92,21.90073,-4.05172,12.07732,9e-05,0.41267
7236.54,SYN.BTC-13DEC19,1575457141337,open,0.07,31.3,0.035,0.087,0.05629104,55.48,0.0665,0.0,BTC-13DEC19-7500-P,7228.11,54.98,0.056,12.0,0.058,5.0,58.41,4.20391,-13.13841,-1.23291,0.0006,-0.64434
7299.65,SYN.BTC-31JAN20,1575457141340,open,0.12,18.4,0.0935,0.158,0.12337285,65.45,0.1165,0.0,BTC-31JAN20-7000-C,7228.11,63.23,0.12,5.0,0.1215,0.5,64.22,11.11494,-6.28438,5.68492,0.0002,0.61453
7229.86,SYN.BTC-6DEC19,1575457141337,open,0.12,6.9,0.118,0.1565,0.13612549,102.17,0.136,0.0,BTC-6DEC19-6250-C,7228.11,0.0,0.1345,0.1,0.137,0.1,119.74,0.26602,-7.24493,0.313,0.0001,0.97857
7299.65,SYN.BTC-31JAN20,1575457141337,open,0.01,22.0,0.001,0.029,0.01067909,80.6,0.0115,0.0,BTC-31JAN20-12000-C,7228.11,78.59,0.0095,32.7,0.0115,24.0,81.93,4.42352,-3.08014,0.8315,6e-05,0.08252
148.64,ETH-27MAR20,1575457141410,open,0.36,1.0,0.331,0.4,0.36595,81.31,0.337,0.0,ETH-27MAR20-100-C,146.07,39.97,0.33,1.0,0.0,0.0,0.0,0.18092,-0.06459,0.2311,0.00323,0.86428
146.5,ETH-27DEC19,1575457141413,open,0.32,0.0,0.264,0.353,0.306565,78.43,None,0.0,ETH-27DEC19-190-P,146.07,50.67,0.298,340.0,0.311,1.0,87.06,0.06901,-0.11831,-0.10985,0.00654,-0.88989
149.93,SYN.ETH-26JUN20,1575457141596,open,0.14,519.0,0.087,0.183,0.133397,82.99,0.13,0.0,ETH-26JUN20-120-P,146.07,79.07,0.124,477.0,0.138,210.0,84.93,0.35827,-0.07256,-0.3241,0.00342,-0.25175
7229.86,SYN.BTC-6DEC19,1575457141597,open,0.0,592.6,0.0005,0.0155,0.00241367,73.72,0.002,0.0,BTC-6DEC19-7750-C,7228.11,65.58,0.0015,56.5,0.003,41.5,78.19,0.90178,-17.45052,0.03582,0.00046,0.09883
7249.94,BTC-27DEC19,1575457141608,open,0.0,1049.4,0.0005,0.0105,0.00077476,115.24,0.001,0.0,BTC-27DEC19-15000-C,7228.11,109.87,0.0005,40.2,0.001,21.0,118.7,0.43066,-1.08481,0.03626,1e-05,0.00876
7299.65,SYN.BTC-31JAN20,1575457141621,open,0.06,34.0,0.041,0.1005,0.0671631,65.37,0.065,0.0,BTC-31JAN20-8000-C,7228.11,64.62,0.066,15.0,0.067,0.1,65.27,11.31442,-6.39,3.99412,0.0002,0.41224
7299.65,SYN.BTC-31JAN20,1575457141623,open,0.05,31.1,0.0275,0.0825,0.05083918,67.11,0.0475,0.0,BTC-31JAN20-8500-C,7228.11,65.83,0.049,15.0,0.052,12.8,67.91,10.54433,-6.1133,3.24723,0.00019,0.33139
7299.65,SYN.BTC-31JAN20,1575457141623,open,0.06,34.0,0.041,0.1005,0.0671631,65.37,0.065,0.0,BTC-31JAN20-8000-C,7228.11,64.62,0.066,21.0,0.067,0.1,65.27,11.31442,-6.39,3.99412,0.0002,0.41224
7379.28,BTC-27MAR20,1575457141625,open,0.17,54.0,0.1385,0.2165,0.17436331,68.25,0.17,0.0,BTC-27MAR20-7000-C,7228.11,66.89,0.1715,18.0,0.177,29.5,69.49,15.57708,-4.66766,10.46524,0.00013,0.62893
7379.28,BTC-27MAR20,1575457141626,open,0.13,194.2,0.0875,0.1675,0.12297115,68.25,0.1315,0.0,BTC-27MAR20-7000-P,7228.11,66.84,0.12,28.0,0.126,30.0,69.68,15.57707,-4.66784,-11.37405,0.00013,-0.37107
7379.28,BTC-27MAR20,1575457141628,open,0.12,752.6,0.085,0.164,0.1205344,68.96,0.125,0.0,BTC-27MAR20-8000-C,7228.11,68.05,0.1185,13.2,0.122,5.0,69.62,16.44106,-4.9784,8.57948,0.00014,0.49319
7379.28,BTC-27MAR20,1575457141629,open,0.06,475.3,0.034,0.102,0.06207307,73.03,0.06,0.0,BTC-27MAR20-10000-C,7228.11,71.42,0.059,41.7,0.064,31.4,74.03,14.2043,-4.55466,5.34475,0.00011,0.29423
7379.28,BTC-27MAR20,1575457141633,open,0.02,1528.0,0.005,0.041,0.01600937,86.38,0.016,0.0,BTC-27MAR20-16000-C,7228.11,84.02,0.014,34.6,0.017,22.0,87.49,6.49708,-2.46417,1.62234,4e-05,0.08648
7299.65,SYN.BTC-31JAN20,1575457141634,open,0.05,31.1,0.0275,0.0825,0.05083918,67.11,0.0475,0.0,BTC-31JAN20-8500-C,7228.11,65.83,0.049,21.0,0.052,12.8,67.91,10.54433,-6.1133,3.24723,0.00019,0.33139
7508.02,SYN.BTC-26JUN20,1575457141635,open,0.18,258.1,0.1295,0.227,0.17303159,71.91,0.1715,0.0,BTC-26JUN20-7000-P,7228.11,70.81,0.17,5.0,0.1735,9.8,72.08,20.72009,-3.63628,-21.82252,9e-05,-0.34479
7508.02,SYN.BTC-26JUN20,1575457141639,open,0.18,258.1,0.1295,0.227,0.17303159,71.91,0.1715,0.0,BTC-26JUN20-7000-P,7228.11,70.81,0.17,5.0,0.174,9.8,72.26,20.72009,-3.63628,-21.82252,9e-05,-0.34479
7379.28,BTC-27MAR20,1575457141639,open,0.12,752.6,0.085,0.164,0.1205344,68.96,0.125,0.0,BTC-27MAR20-8000-C,7228.11,68.05,0.1185,18.2,0.122,5.0,69.62,16.44106,-4.9784,8.57948,0.00014,0.49319
7379.28,BTC-27MAR20,1575457141641,open,0.06,475.3,0.034,0.102,0.06207307,73.03,0.06,0.0,BTC-27MAR20-10000-C,7228.11,71.42,0.059,41.7,0.064,31.5,74.03,14.2043,-4.55466,5.34475,0.00011,0.29423
7508.02,SYN.BTC-26JUN20,1575457141641,open,0.26,187.8,0.204,0.314,0.25353351,71.9,0.263,0.0,BTC-26JUN20-8000-P,7228.11,69.86,0.2475,7.1,0.2575,20.1,73.24,22.1845,-3.89276,-29.2184,0.0001,-0.43979
7508.02,SYN.BTC-26JUN20,1575457141644,open,0.08,253.7,0.0485,0.135,0.08413298,77.2,0.089,0.0,BTC-26JUN20-12000-C,7228.11,75.8,0.0805,5.0,0.0855,13.8,77.72,19.5866,-3.69021,9.1385,8e-05,0.30098
7299.65,SYN.BTC-31JAN20,1575457141646,open,0.06,34.0,0.041,0.1005,0.0671631,65.37,0.065,0.0,BTC-31JAN20-8000-C,7228.11,64.62,0.066,6.0,0.067,0.1,65.27,11.31442,-6.39,3.99412,0.0002,0.41224
7299.65,SYN.BTC-31JAN20,1575457141648,open,0.05,31.1,0.0275,0.0825,0.05083918,67.11,0.0475,0.0,BTC-31JAN20-8500-C,7228.11,65.83,0.049,6.0,0.052,12.8,67.91,10.54433,-6.1133,3.24723,0.00019,0.33139
7299.65,SYN.BTC-31JAN20,1575457141648,open,0.06,34.0,0.041,0.1005,0.0671631,65.37,0.065,0.0,BTC-31JAN20-8000-C,7228.11,64.3,0.0655,15.0,0.067,0.1,65.27,11.31442,-6.39,3.99412,0.0002,0.41224
7508.02,SYN.BTC-26JUN20,1575457141651,open,0.26,187.8,0.204,0.314,0.25353351,71.9,0.263,0.0,BTC-26JUN20-8000-P,7228.11,69.86,0.2475,7.1,0.2575,13.0,73.24,22.1845,-3.89276,-29.2184,0.0001,-0.43979
7299.65,SYN.BTC-31JAN20,1575457141651,open,0.05,31.1,0.0275,0.0825,0.05083918,67.11,0.0475,0.0,BTC-31JAN20-8500-C,7228.11,65.48,0.0485,32.8,0.052,12.8,67.91,10.54433,-6.1133,3.24723,0.00019,0.33139
7508.02,SYN.BTC-26JUN20,1575457141734,open,0.26,187.8,0.204,0.314,0.25353351,71.9,0.263,0.0,BTC-26JUN20-8000-P,7228.11,69.86,0.2475,13.1,0.2575,13.0,73.24,22.1845,-3.89276,-29.2184,0.0001,-0.43979
7508.02,SYN.BTC-26JUN20,1575457142680,open,0.04,246.3,0.015,0.077,0.03680052,84.88,0.0415,0.0,BTC-26JUN20-18000-C,7228.11,82.9,0.0335,36.0,0.0385,15.0,85.86,12.83405,-2.65843,4.56931,5e-05,0.14522
7250.01,BTC-27DEC19,1575457143351,open,0.2,2.0,0.1585,0.2225,0.18817996,65.71,0.171,0.0,BTC-27DEC19-8500-P,7227.95,64.7,0.1875,1.0,0.1915,1.0,70.48,4.89623,-7.03263,-4.5438,0.00023,-0.81182
7250.01,BTC-27DEC19,1575457143351,open,0.12,151.2,0.1005,0.1515,0.12485342,62.77,0.138,0.0,BTC-27DEC19-6500-C,7227.95,60.93,0.1235,1.0,0.126,0.1,64.31,5.36866,-7.36542,2.97863,0.00026,0.78039
7250.01,BTC-27DEC19,1575457143351,open,0.05,794.0,0.0235,0.0715,0.04423987,61.1,0.046,0.0,BTC-27DEC19-7000-P,7227.95,59.8,0.043,14.8,0.045,0.4,61.9,6.90988,-9.22849,-1.92695,0.00034,-0.37984
7250.01,BTC-27DEC19,1575457143351,open,0.14,935.2,0.1015,0.164,0.13031083,63.05,0.1305,0.0,BTC-27DEC19-8000-P,7227.95,60.35,0.128,0.1,0.1315,0.1,64.43,6.24258,-8.60332,-3.80466,0.0003,-0.70702
7379.37,BTC-27MAR20,1575457143351,open,4.49,1.0,4.315,4.542,4.42286259,117.68,4.54,0.0,BTC-27MAR20-40000-P,7227.95,0.0,0.0005,2.0,0.0,0.0,0.0,1.3302,-0.68735,-124.56239,1e-05,-0.98754
7250.01,BTC-27DEC19,1575457143351,open,2.35,0.0,2.2455,2.378,2.31037636,136.66,None,0.0,BTC-27DEC19-24000-P,7227.95,0.0,0.0,0.0,0.0,0.0,0.0,0.02852,-0.08518,-15.03973,0.0,-0.99956
7379.37,BTC-27MAR20,1575457143351,open,0.07,611.1,0.039,0.1,0.06470174,69.27,0.068,0.0,BTC-27MAR20-6000-P,7227.95,68.57,0.0635,0.7,0.066,12.7,70.03,12.61324,-3.83628,-6.85904,0.00011,-0.23322
7249.85,BTC-27DEC19,1575457143351,open,2.07,4.9,1.975,2.0965,2.03452158,0.0,2.217,0.0,BTC-27DEC19-22000-P,7227.95,0.0,0.0,0.0,0.0,0.0,0.0,0.0,0.0,-13.78809,0.0,-1.0
7249.85,BTC-27DEC19,1575457143351,open,0.02,1047.2,0.0085,0.0425,0.02141256,62.77,0.021,0.0,BTC-27DEC19-6500-P,7227.95,62.21,0.021,19.6,0.022,1.1,63.56,5.36931,-7.36683,-1.09538,0.00026,-0.21966
7249.85,BTC-27DEC19,1575457143351,open,0.0,530.9,0.0005,0.0105,5e-08,120.0,0.0005,0.0,BTC-27DEC19-32000-C,7227.95,0.0,0.0,0.0,0.0005,5.5,202.21,7e-05,-0.0002,0.0,0.0,0.0
7249.85,BTC-27DEC19,1575457143351,open,0.04,613.4,0.025,0.073,0.04628474,61.11,0.0455,0.0,BTC-27DEC19-7500-C,7227.95,59.81,0.045,17.7,0.047,19.3,61.83,7.1647,-9.56926,1.79916,0.00036,0.44225
7379.37,BTC-27MAR20,1575457143352,open,2.3,0.0,2.1905,2.3405,2.25926357,101.92,None,0.0,BTC-27MAR20-24000-P,7227.95,0.0,0.0005,5.0,0.0,0.0,0.0,3.33128,-1.49082,-74.18603,2e-05,-0.96303
7249.85,BTC-27DEC19,1575457143352,open,0.02,984.3,0.011,0.0505,0.02685342,63.05,0.0245,0.0,BTC-27DEC19-8000-C,7227.95,61.47,0.0255,37.0,0.027,0.4,63.22,6.24175,-8.60142,1.2089,0.0003,0.29291
7379.37,BTC-27MAR20,1575457143352,open,0.01,158.0,0.0005,0.0245,0.00691359,101.84,0.0075,0.0,BTC-27MAR20-24000-C,7227.95,99.71,0.006,16.0,0.0075,7.0,103.11,3.31912,-1.48409,0.68826,2e-05,0.03681
7249.85,BTC-27DEC19,1575457143352,open,1.51,9.4,1.4345,1.5355,1.48294191,117.91,1.1125,0.0,BTC-27DEC19-18000-P,7227.95,0.0,0.0,0.0,0.0,0.0,0.0,0.09804,-0.25265,-11.27414,0.0,-0.99832
7379.37,BTC-27MAR20,1575457143352,open,1.75,5.2,1.66,1.792,1.71994667,94.61,1.108,0.0,BTC-27MAR20-20000-P,7227.95,0.0,0.8205,1.0,2.721,1.0,500.0,4.40903,-1.83153,-61.41554,3e-05,-0.94765
7379.37,BTC-27MAR20,1575457143352,open,3.39,0.0,3.2525,3.44,3.34028065,111.48,None,0.0,BTC-27MAR20-32000-P,7227.95,0.0,0.001,1.0,0.0,0.0,0.0,2.03305,-0.99513,-99.45462,1e-05,-0.97956
7229.91,SYN.BTC-6DEC19,1575457143351,open,0.01,880.9,0.0005,0.022,0.00465583,55.75,0.007,0.0,BTC-6DEC19-7000-P,7227.95,52.45,0.004,16.4,0.0055,21.4,59.82,1.46692,-21.80127,-0.0774,0.00098,-0.20368
7249.85,BTC-27DEC19,1575457143352,open,0.68,73.0,0.623,0.696,0.65699446,94.4,0.64,0.0,BTC-27DEC19-12000-P,7227.95,0.0,0.0025,0.1,1.4585,3.0,500.0,0.95242,-1.96514,-7.42896,3e-05,-0.978
7249.85,BTC-27DEC19,1575457143352,open,1.79,3.6,1.705,1.8155,1.75869018,109.95,1.729,0.0,BTC-27DEC19-20000-P,7227.95,0.0,0.0,0.0,0.0,0.0,0.0,0.01332,-0.03201,-12.53381,0.0,-0.99981
7299.76,SYN.BTC-31JAN20,1575457143351,open,0.16,0.0,0.134,0.1965,0.16331556,66.23,None,0.0,BTC-31JAN20-6500-C,7227.95,63.39,0.1595,19.0,0.1655,20.0,67.84,9.84699,-5.63389,6.40064,0.00018,0.7163
7379.37,BTC-27MAR20,1575457143353,open,0.94,58.9,0.8705,0.9815,0.91988885,81.92,1.1385,0.0,BTC-27MAR20-14000-P,7227.95,0.0,0.4,0.5,1.135,0.5,194.68,8.28614,-2.98033,-41.41897,6e-05,-0.87916
7249.85,BTC-27DEC19,1575457143353,open,2.91,0.2,2.7865,2.9405,2.86210134,0.0,2.2765,0.0,BTC-27DEC19-28000-P,7227.95,0.0,0.0,0.0,0.0,0.0,0.0,0.0,0.0,-17.54848,0.0,-1.0
7379.21,BTC-27MAR20,1575457143354,open,0.01,500.1,0.0005,0.03,0.00965515,94.56,0.0105,0.0,BTC-27MAR20-20000-C,7227.95,93.43,0.009,17.0,0.01,3.0,95.13,4.39989,-1.8267,0.97973,3e-05,0.05221
7249.85,BTC-27DEC19,1575457143354,open,0.17,132.5,0.161,0.207,0.18281247,68.11,0.202,0.0,BTC-27DEC19-6000-C,7227.95,64.27,0.181,1.0,0.185,1.0,72.42,3.54561,-5.27831,3.18579,0.00016,0.88396
7249.85,BTC-27DEC19,1575457143354,open,0.07,229.8,0.054,0.1065,0.07871464,61.11,0.076,0.0,BTC-27DEC19-7000-C,7227.95,59.31,0.077,1.0,0.079,0.3,61.41,6.91005,-9.22913,2.4599,0.00034,0.6201
7249.85,BTC-27DEC19,1575457143354,open,0.0,1485.6,0.0005,0.013,0.00317592,86.63,0.004,0.0,BTC-27DEC19-5000-P,7227.95,85.69,0.003,22.4,0.004,20.5,90.69,1.37806,-2.60943,-0.1701,5e-05,-0.03426
7299.76,SYN.BTC-31JAN20,1575457143351,open,0.01,220.1,0.0035,0.03,0.01301597,76.76,0.013,0.0,BTC-31JAN20-5000-P,7227.95,75.9,0.0125,16.0,0.014,0.1,78.36,4.40813,-2.92315,-1.10135,7e-05,-0.08213
7249.85,BTC-27DEC19,1575457143354,open,0.0,961.6,0.0005,0.0105,1.3e-07,120.0,0.001,0.0,BTC-27DEC19-30000-C,7227.95,0.0,0.0,0.0,0.0005,5.9,194.72,0.0002,-0.00054,1e-05,0.0,0.0
7299.76,SYN.BTC-31JAN20,1575457143351,open,0.04,30.4,0.0185,0.068,0.0385671,68.69,0.038,0.0,BTC-31JAN20-9000-C,7227.95,67.09,0.0365,26.0,0.0395,12.8,69.4,9.51633,-5.64702,2.61799,0.00016,0.26475
7379.21,BTC-27MAR20,1575457143355,open,2.57,0.0,2.456,2.615,2.5292648,104.55,None,0.0,BTC-27MAR20-26000-P,7227.95,0.0,0.0,0.0,0.0,0.0,0.0,2.89067,-1.32699,-80.5353,2e-05,-0.96888
7379.21,BTC-27MAR20,1575457143354,open,0.0,69.3,0.0005,0.02,0.00491007,106.68,0.006,0.0,BTC-27MAR20-28000-C,7227.95,103.82,0.004,32.0,0.0055,15.0,108.36,2.50477,-1.17328,0.48997,1e-05,0.02619
7379.21,BTC-27MAR20,1575457143355,open,3.12,0.0,2.9865,3.1645,3.06975986,109.01,None,0.0,BTC-27MAR20-30000-P,7227.95,0.0,0.0,0.0,0.0,0.0,0.0,2.22939,-1.06703,-93.1702,1e-05,-0.9772
7249.85,BTC-27DEC19,1575457143355,open,1.1,211.0,1.0285,1.1155,1.06975743,114.81,0.959,0.0,BTC-27DEC19-15000-P,7227.95,0.0,0.0715,3.0,1.872,3.0,500.0,0.42038,-1.0549,-9.36567,1e-05,-0.99148
7249.85,BTC-27DEC19,1575457143356,open,0.0,950.2,0.0005,0.0115,0.00180834,94.56,0.0015,0.0,BTC-27DEC19-12000-C,7227.95,92.08,0.0015,5.0,0.002,16.4,95.96,0.95956,-1.98313,0.09261,3e-05,0.02219
7508.16,SYN.BTC-26JUN20,1575457143352,open,3.06,0.0,2.923,3.12,3.01219972,98.63,None,0.0,BTC-26JUN20-30000-P,7227.95,0.0,0.0,0.0,0.0,0.0,0.0,7.22997,-1.74033,-166.30043,2e-05,-0.93385
7249.85,BTC-27DEC19,1575457143355,open,0.96,268.3,0.8935,0.975,0.93182813,105.57,0.78,0.0,BTC-27DEC19-14000-P,7227.95,0.0,0.0,0.0,1.334,5.8,500.0,0.44932,-1.03678,-8.7359,1e-05,-0.99081
7236.61,SYN.BTC-13DEC19,1575457143351,open,0.02,205.1,0.007,0.045,0.01989036,55.48,0.019,0.0,BTC-13DEC19-7500-C,7227.95,53.08,0.0185,16.0,0.021,43.1,57.39,4.20418,-13.14054,0.59095,0.0006,0.35571
7379.21,BTC-27MAR20,1575457143356,open,0.01,115.7,0.0005,0.022,0.00586686,104.59,0.0075,0.0,BTC-27MAR20-26000-C,7227.95,102.26,0.005,17.0,0.0065,22.0,106.15,2.89533,-1.3296,0.5827,2e-05,0.03118
7508.16,SYN.BTC-26JUN20,1575457143351,open,1.99,0.0,1.8835,2.047,1.95658518,90.27,None,0.0,BTC-26JUN20-22000-P,7227.95,0.0,0.11,1.0,3.0,0.1,500.0,10.25553,-2.25932,-120.15966,4e-05,-0.89462
7229.91,SYN.BTC-6DEC19,1575457143352,open,0.0,209.8,0.0005,0.0105,2.006e-05,120.0,0.001,0.0,BTC-6DEC19-9500-C,7227.95,0.0,0.0,0.0,0.001,42.3,182.42,0.01535,-0.14506,0.00032,0.0,0.00087
7379.21,BTC-27MAR20,1575457143357,open,2.85,0.0,2.721,2.8895,2.79931831,106.58,None,0.0,BTC-27MAR20-28000-P,7227.95,0.0,0.0,0.0,0.0,0.0,0.0,2.49255,-1.1664,-86.86942,1e-05,-0.97396
7229.91,SYN.BTC-6DEC19,1575457143351,open,0.06,42.8,0.0475,0.0895,0.06792213,66.52,0.0985,0.0,BTC-6DEC19-6750-C,7227.95,42.46,0.0665,5.1,0.0685,5.0,71.97,0.70779,-12.54992,0.31971,0.0004,0.92844
7508.16,SYN.BTC-26JUN20,1575457143355,open,0.18,164.3,0.144,0.241,0.18800472,71.9,0.1845,0.0,BTC-26JUN20-8000-C,7227.95,70.71,0.1845,5.0,0.19,6.0,72.57,22.18483,-3.89266,15.68651,0.0001,0.56022
7249.85,BTC-27DEC19,1575457143357,open,2.63,0.0,2.516,2.6595,2.58623786,0.0,None,0.0,BTC-27DEC19-26000-P,7227.95,0.0,0.0,0.0,0.0,0.0,0.0,0.0,0.0,-16.29502,0.0,-1.0
7229.91,SYN.BTC-6DEC19,1575457143352,open,0.16,16.4,0.119,0.1695,0.14196255,97.86,0.133,0.0,BTC-6DEC19-8250-P,7227.95,0.0,0.07,0.5,1.1425,3.0,500.0,0.37603,-9.80937,-0.41224,0.00014,-0.96758
7299.76,SYN.BTC-31JAN20,1575457143351,open,0.02,38.7,0.0065,0.0415,0.01841616,74.07,0.0205,0.0,BTC-31JAN20-10500-C,7227.95,72.43,0.017,35.0,0.0195,24.0,75.28,6.43599,-4.11815,1.39487,0.0001,0.13893
7508.16,SYN.BTC-26JUN20,1575457143352,open,0.02,54.5,0.0065,0.0525,0.0202836,94.66,0.0225,0.0,BTC-26JUN20-26000-C,7227.95,93.04,0.0185,32.0,0.022,10.0,96.15,8.46021,-1.9545,2.56883,3e-05,0.08124
7508.16,SYN.BTC-26JUN20,1575457143351,open,0.23,61.9,0.198,0.291,0.24069432,71.91,0.248,0.0,BTC-26JUN20-7000-C,7227.95,70.03,0.2355,6.0,0.2415,10.9,72.2,20.72023,-3.63615,17.46948,9e-05,0.65522
7229.91,SYN.BTC-6DEC19,1575457143352,open,0.0,243.5,0.0005,0.0125,0.00155017,66.58,0.002,0.0,BTC-6DEC19-6750-P,7227.95,66.06,0.0015,25.6,0.002,5.1,70.88,0.70912,-11.20759,-0.02723,0.0004,-0.07174
7299.76,SYN.BTC-31JAN20,1575457143351,open,0.13,65.5,0.087,0.1585,0.11916573,65.32,0.118,0.0,BTC-31JAN20-7500-P,7227.95,63.95,0.117,15.6,0.122,12.6,67.1,11.59241,-6.54127,-7.04667,0.00021,-0.48963
7229.91,SYN.BTC-6DEC19,1575457143356,open,0.0,320.9,0.0005,0.0105,9.187e-05,120.0,0.0005,0.0,BTC-6DEC19-5750-P,7227.95,0.0,0.0,0.0,0.0005,1.0,147.22,0.05324,-0.6642,-0.0013,2e-05,-0.00341
7299.76,SYN.BTC-31JAN20,1575457143352,open,0.03,18.7,0.0125,0.056,0.02899498,69.82,0.028,0.0,BTC-31JAN20-9500-C,7227.95,68.95,0.028,19.8,0.029,1.0,69.82,8.36284,-5.04438,2.08794,0.00014,0.20938
7508.16,SYN.BTC-26JUN20,1575457143352,open,3.33,0.0,3.1835,3.3895,3.27710112,100.33,None,0.0,BTC-26JUN20-32000-P,7227.95,0.0,0.0,0.0,0.0,0.0,0.0,6.7215,-1.64584,-177.71351,2e-05,-0.93976
7236.61,SYN.BTC-13DEC19,1575457143354,open,0.01,122.7,0.0025,0.032,0.01224222,58.28,0.0125,0.0,BTC-13DEC19-7750-C,7227.95,56.74,0.0115,1.0,0.013,43.3,59.84,3.50222,-11.49908,0.39949,0.00047,0.23926
7299.76,SYN.BTC-31JAN20,1575457143353,open,0.02,403.1,0.0085,0.042,0.02090336,71.77,0.017,0.0,BTC-31JAN20-5500-P,7227.95,71.28,0.0205,16.0,0.022,18.4,73.07,6.09989,-3.78197,-1.72932,0.0001,-0.1285
7299.76,SYN.BTC-31JAN20,1575457143353,open,0.01,31.2,0.005,0.0365,0.01513607,76.29,0.015,0.0,BTC-31JAN20-11000-C,7227.95,74.8,0.014,20.4,0.016,24.0,77.39,5.65884,-3.72971,1.16146,9e-05,0.11548
7236.61,SYN.BTC-13DEC19,1575457143356,open,0.05,52.7,0.0325,0.0805,0.05284036,55.62,0.0515,0.0,BTC-13DEC19-7000-C,7227.95,51.48,0.0505,5.0,0.052,0.4,54.14,4.11031,-12.87878,1.07754,0.00058,0.66518
7508.16,SYN.BTC-26JUN20,1575457143354,open,0.11,259.8,0.072,0.1515,0.10643809,71.91,0.1035,0.0,BTC-26JUN20-6000-P,7227.95,70.24,0.1025,5.0,0.1065,12.0,71.94,17.74107,-3.11357,-14.87364,8e-05,-0.24649
7236.61,SYN.BTC-13DEC19,1575457143352,open,0.23,0.0,0.186,0.241,0.21151552,72.5,None,0.0,BTC-13DEC19-8750-P,7227.95,0.0,0.0,0.0,1.0115,3.0,500.0,1.20577,-4.92454,-2.03995,0.00013,-0.94773
7299.76,SYN.BTC-31JAN20,1575457143352,open,0.41,0.0,0.3555,0.438,0.39299419,72.11,None,0.0,BTC-31JAN20-10000-P,7227.95,0.0,0.0,0.0,1.395,1.0,500.0,7.36748,-4.58999,-14.15094,0.00012,-0.82957
7508.16,SYN.BTC-26JUN20,1575457143351,open,2.53,0.0,2.4025,2.582,2.48324586,94.72,None,0.0,BTC-26JUN20-26000-P,7227.95,0.0,0.0,0.0,0.0,0.0,0.0,8.47442,-1.9589,-143.36497,3e-05,-0.91858
7236.61,SYN.BTC-13DEC19,1575457143351,open,0.03,118.3,0.0165,0.061,0.03334415,55.04,0.0325,0.0,BTC-13DEC19-7250-C,7227.95,51.27,0.031,16.8,0.033,0.6,54.49,4.50091,-13.95539,0.83619,0.00064,0.50853
7229.91,SYN.BTC-6DEC19,1575457143351,open,0.09,209.3,0.0515,0.1005,0.07435566,73.76,0.0955,0.0,BTC-6DEC19-7750-P,7227.95,66.21,0.0735,0.1,0.076,0.1,85.44,0.90275,-17.74874,-0.36239,0.00046,-0.90103
7236.61,SYN.BTC-13DEC19,1575457143354,open,0.0,93.7,0.0005,0.0115,0.00158876,82.65,0.0015,0.0,BTC-13DEC19-9250-C,7227.95,76.75,0.001,5.0,0.002,41.9,85.99,0.82804,-3.85518,0.05504,8e-05,0.03287
7508.16,SYN.BTC-26JUN20,1575457143354,open,2.26,0.0,2.143,2.314,2.21957033,92.6,None,0.0,BTC-26JUN20-24000-P,7227.95,0.0,0.0,0.0,0.0,0.0,0.0,9.29054,-2.09964,-131.8036,3e-05,-0.90792
7229.91,SYN.BTC-6DEC19,1575457143353,open,0.06,364.6,0.0205,0.0685,0.04312506,64.68,0.0435,0.0,BTC-6DEC19-7500-P,7227.95,61.71,0.0425,4.0,0.044,0.1,68.72,1.53982,-26.5508,-0.30534,0.00089,-0.77869
7236.61,SYN.BTC-13DEC19,1575457143352,open,0.13,0.2,0.12,0.162,0.14010439,68.07,0.131,0.0,BTC-13DEC19-6250-C,7227.95,0.0,0.136,0.1,0.1455,9.4,87.57,1.61036,-6.17507,1.37979,0.00019,0.9242
7236.61,SYN.BTC-13DEC19,1575457143353,open,0.1,22.0,0.0585,0.113,0.08319603,58.3,0.0745,0.0,BTC-13DEC19-7750-P,7227.95,50.32,0.0795,10.2,0.1085,6.0,104.4,3.50292,-11.50541,-1.48494,0.00047,-0.76065
7229.91,SYN.BTC-6DEC19,1575457143354,open,0.16,5.5,0.1535,0.19,0.1705253,119.69,0.121,0.0,BTC-6DEC19-6000-C,7227.95,0.0,0.155,12.0,0.175,8.6,190.25,0.17739,-5.65941,0.30322,6e-05,0.98666
7299.76,SYN.BTC-31JAN20,1575457143351,open,0.23,0.0,0.179,0.2585,0.21527876,67.12,None,0.0,BTC-31JAN20-8500-P,7227.95,45.71,0.1865,7.3,0.3365,6.5,145.12,10.54524,-6.11469,-10.23015,0.00019,-0.66855
7508.16,SYN.BTC-26JUN20,1575457143354,open,1.73,0.1,1.6255,1.782,1.69521409,88.09,1.765,0.0,BTC-26JUN20-20000-P,7227.95,0.0,0.1,1.0,2.05,0.1,221.1,11.52419,-2.47756,-108.35384,4e-05,-0.87585
7236.61,SYN.BTC-13DEC19,1575457143352,open,0.19,0.0,0.1525,0.2075,0.17791414,68.46,None,0.0,BTC-13DEC19-8500-P,7227.95,0.0,0.0,0.0,0.978,3.0,500.0,1.5643,-6.03258,-1.94439,0.00018,-0.92703
7229.91,SYN.BTC-6DEC19,1575457143356,open,0.09,40.7,0.083,0.123,0.10196666,86.13,0.109,0.0,BTC-6DEC19-6500-C,7227.95,0.0,0.1005,5.1,0.1025,5.0,93.81,0.44366,-10.18645,0.31891,0.00019,0.96033
7236.61,SYN.BTC-13DEC19,1575457143356,open,0.0,64.4,0.0005,0.012,0.00237413,72.43,0.0015,0.0,BTC-13DEC19-8750-C,7227.95,66.48,0.0015,55.0,0.003,41.0,75.96,1.20261,-4.90707,0.08751,0.00013,0.0521
7299.76,SYN.BTC-31JAN20,1575457143352,open,0.09,48.6,0.063,0.1265,0.09171867,65.3,0.0865,0.0,BTC-31JAN20-7500-C,7227.95,63.59,0.089,13.0,0.0935,41.9,66.43,11.59242,-6.54023,4.84562,0.00021,0.51035
7299.76,SYN.BTC-31JAN20,1575457143352,open,0.04,28.7,0.0165,0.06,0.03378705,68.27,0.035,0.0,BTC-31JAN20-6000-P,7227.95,67.56,0.033,12.8,0.035,19.1,69.37,8.03095,-4.73683,-2.65592,0.00014,-0.19567
7299.76,SYN.BTC-31JAN20,1575457143356,open,0.54,0.0,0.4845,0.568,0.52205842,76.32,None,0.0,BTC-31JAN20-11000-P,7227.95,0.0,0.0,0.0,1.524,1.0,500.0,5.66303,-3.73401,-16.27942,9e-05,-0.8844
7229.91,SYN.BTC-6DEC19,1575457143352,open,0.12,60.7,0.085,0.1345,0.10772343,83.93,0.1,0.0,BTC-6DEC19-8000-P,7227.95,71.39,0.107,0.1,0.1095,0.1,102.57,0.52819,-11.8179,-0.39326,0.00023,-0.95074
7299.76,SYN.BTC-31JAN20,1575457143351,open,0.09,32.5,0.054,0.118,0.08232339,65.45,0.0835,0.0,BTC-31JAN20-7000-P,7227.95,64.25,0.0805,12.8,0.0845,31.0,66.88,11.11493,-6.28485,-5.41435,0.0002,-0.38545
7229.91,SYN.BTC-6DEC19,1575457143352,open,0.03,328.4,0.003,0.0415,0.0171833,55.02,0.018,0.0,BTC-6DEC19-7250-P,7227.95,52.62,0.0165,12.0,0.0175,5.0,56.12,2.065,-30.28426,-0.19966,0.0014,-0.5202
7236.61,SYN.BTC-13DEC19,1575457143356,open,0.0,61.8,0.0005,0.0125,0.00254672,75.56,0.0025,0.0,BTC-13DEC19-6000-P,7227.95,75.26,0.0025,20.0,0.003,1.1,78.27,1.15518,-4.91687,-0.09165,0.00012,-0.04953
7508.16,SYN.BTC-26JUN20,1575457143352,open,0.02,79.7,0.0045,0.0465,0.01647403,98.56,0.019,0.0,BTC-26JUN20-30000-C,7227.95,96.98,0.015,17.0,0.018,5.0,100.11,7.21185,-1.73468,2.0845,2e-05,0.06594
7229.91,SYN.BTC-6DEC19,1575457143355,open,0.03,112.6,0.016,0.0595,0.03644896,55.72,0.0335,0.0,BTC-6DEC19-7000-C,7227.95,48.21,0.035,5.0,0.037,9.2,58.4,1.46641,-21.78177,0.28236,0.00098,0.79644
7236.61,SYN.BTC-13DEC19,1575457143357,open,0.3,0.0,0.2535,0.3105,0.27982394,82.75,None,0.0,BTC-13DEC19-9250-P,7227.95,0.0,0.0,0.0,0.0,0.0,0.0,0.83179,-3.87751,-2.19398,8e-05,-0.96695
7229.91,SYN.BTC-6DEC19,1575457143357,open,0.0,191.6,0.0005,0.0105,6.41e-06,120.0,0.0005,0.0,BTC-6DEC19-9750-C,7227.95,0.0,0.0,0.0,0.0005,1.0,179.09,0.0057,-0.04635,0.00011,0.0,0.0003
7229.91,SYN.BTC-6DEC19,1575457143357,open,0.0,675.3,0.0005,0.0115,0.0012013,83.84,0.0015,0.0,BTC-6DEC19-8000-C,7227.95,71.74,0.0005,42.3,0.0015,0.9,87.69,0.52648,-8.68528,0.01778,0.00023,0.04906
7299.76,SYN.BTC-31JAN20,1575457143357,open,0.32,0.0,0.3075,0.3525,0.32805126,76.74,None,0.0,BTC-31JAN20-5000-C,7227.95,0.0,0.3075,14.0,0.3385,16.0,91.99,4.40654,-2.9214,6.82741,7e-05,0.9179
7299.76,SYN.BTC-31JAN20,1575457143356,open,0.2,0.0,0.185,0.2425,0.2118294,68.26,None,0.0,BTC-31JAN20-6000-C,7227.95,35.71,0.183,14.0,0.2305,16.0,84.44,8.03024,-4.73558,6.85838,0.00014,0.80436
7299.76,SYN.BTC-31JAN20,1575457143354,open,0.06,24.2,0.031,0.085,0.05376968,66.24,0.057,0.0,BTC-31JAN20-6500-P,7227.95,65.29,0.0525,17.4,0.0555,20.7,67.52,9.84727,-5.63496,-3.90635,0.00018,-0.28372
7508.16,SYN.BTC-26JUN20,1575457143361,open,2.79,0.0,2.6625,2.8505,2.74752885,96.74,None,0.0,BTC-26JUN20-28000-P,7227.95,0.0,0.0,0.0,0.0,0.0,0.0,7.80213,-1.84206,-154.85644,3e-05,-0.92697
7299.76,SYN.BTC-31JAN20,1575457143361,open,0.61,0.0,0.55,0.6345,0.58808586,78.57,None,0.0,BTC-31JAN20-11500-P,7227.95,0.0,0.0,0.0,0.0,0.0,0.0,5.00477,-3.39695,-17.25407,8e-05,-0.90258
146.5,ETH-27DEC19,1575457143390,open,0.05,56.0,0.03,0.09,0.058555,69.2,0.057,0.0,ETH-27DEC19-150-C,146.08,66.64,0.056,2.0,0.059,100.0,69.65,0.14613,-0.22104,0.03871,0.0157,0.4802
146.5,ETH-27DEC19,1575457143390,open,0.14,13743.0,0.089,0.168,0.127432,69.23,0.144,0.0,ETH-27DEC19-160-P,146.08,65.45,0.124,96.0,0.133,365.0,75.27,0.13385,-0.20255,-0.07262,0.01437,-0.66346
146.5,ETH-27DEC19,1575457143390,open,0.13,3.0,0.104,0.169,0.137104,70.28,0.136,0.0,ETH-27DEC19-130-C,146.08,64.66,0.133,57.0,0.139,100.0,72.81,0.10902,-0.16747,0.05889,0.01153,0.77849
146.5,ETH-27DEC19,1575457143390,open,0.18,22.0,0.163,0.223,0.193447,75.1,0.165,0.0,ETH-27DEC19-120-C,146.08,0.0,0.18,76.0,0.521,25.0,499.49,0.07506,-0.12321,0.06267,0.00743,0.87603
148.66,ETH-27MAR20,1575457143390,open,1.21,7.0,1.1,1.265,1.177825,95.05,1.28,0.0,ETH-27MAR20-320-P,146.08,0.0,0.011,5.0,1.191,2.0,105.74,0.16541,-0.06904,-0.95475,0.00252,-0.88071
146.24,SYN.ETH-13DEC19,1575457143390,open,0.01,659.0,0.001,0.021,0.005835,74.81,0.005,0.0,ETH-13DEC19-170-C,146.08,71.85,0.005,10.0,0.006,100.0,75.38,0.04258,-0.17944,0.00367,0.01094,0.10892
146.51,ETH-27DEC19,1575457143392,open,0.08,100.0,0.059,0.125,0.092467,69.68,0.104,0.0,ETH-27DEC19-140-C,146.08,62.78,0.086,333.0,0.093,100.0,70.25,0.13774,-0.20979,0.04991,0.01469,0.63599
146.51,ETH-27DEC19,1575457143391,open,0.39,3551.0,0.328,0.421,0.37252,83.79,0.332,0.0,ETH-27DEC19-200-P,146.08,0.0,0.365,1.0,0.388,1.0,113.6,0.05656,-0.10359,-0.11832,0.00502,-0.91601
148.66,ETH-27MAR20,1575457143391,open,0.01,1394.0,0.004,0.037,0.014728,101.48,0.014,0.0,ETH-27MAR20-400-C,146.08,99.14,0.013,570.0,0.017,360.0,104.34,0.11365,-0.05064,0.02646,0.00162,0.07177
146.51,ETH-27DEC19,1575457143391,open,3.71,1.0,3.507,3.785,3.641955,212.52,2.792,0.0,ETH-27DEC19-680-P,146.08,0.0,0.02,50.0,0.0,0.0,0.0,0.00474,-0.02201,-0.42583,0.00017,-0.99559
148.66,ETH-27MAR20,1575457143392,open,0.01,1637.0,0.001,0.029,0.010047,107.5,0.013,0.0,ETH-27MAR20-480-C,146.08,103.65,0.008,620.0,0.012,321.0,110.75,0.08466,-0.03996,0.0182,0.00114,0.04928
146.51,ETH-27DEC19,1575457143392,open,0.02,405.0,0.006,0.044,0.021749,71.31,0.026,0.0,ETH-27DEC19-170-C,146.08,67.61,0.019,470.0,0.024,618.0,74.24,0.11097,-0.17296,0.01899,0.01157,0.22852
146.51,ETH-27DEC19,1575457143392,open,0.05,4517.0,0.022,0.079,0.048099,69.75,0.049,0.0,ETH-27DEC19-140-P,146.08,65.38,0.044,427.0,0.049,100.0,70.71,0.13775,-0.21001,-0.03785,0.01468,-0.36407
146.51,ETH-27DEC19,1575457143392,open,0.0,16677.0,0.001,0.011,0.0,119.99,0.001,0.0,ETH-27DEC19-640-C,146.08,0.0,0.0,0.0,0.001,100.0,214.65,0.0,0.0,0.0,0.0,0.0
146.51,ETH-27DEC19,1575457143392,open,0.03,12.0,0.008,0.048,0.024476,70.3,0.027,0.0,ETH-27DEC19-130-P,146.08,68.31,0.023,538.0,0.027,100.0,73.66,0.10901,-0.16751,-0.02258,0.01153,-0.22145
148.66,ETH-27MAR20,1575457143393,open,0.69,119.0,0.598,0.743,0.667513,87.71,0.835,0.0,ETH-27MAR20-240-P,146.08,60.09,0.629,300.0,0.699,300.0,104.89,0.25327,-0.09754,-0.66586,0.00419,-0.76814
148.66,ETH-27MAR20,1575457143393,open,0.47,20.0,0.453,0.503,0.477544,85.44,0.613,0.0,ETH-27MAR20-80-C,146.08,0.0,0.461,1.0,0.0,0.0,0.0,0.10168,-0.03815,0.21349,0.00173,0.93785
148.66,ETH-27MAR20,1575457143393,open,0.05,3781.0,0.023,0.091,0.052874,87.58,0.054,0.0,ETH-27MAR20-240-C,146.08,85.88,0.05,610.0,0.055,100.0,88.82,0.25294,-0.09727,0.08276,0.00419,0.23132
146.51,ETH-27DEC19,1575457143393,open,3.15,0.0,2.977,3.222,3.095563,183.95,0.953,0.0,ETH-27DEC19-600-P,146.08,0.0,0.02,50.0,0.0,0.0,0.0,0.00266,-0.01069,-0.37585,0.00011,-0.99768
146.24,SYN.ETH-13DEC19,1575457143390,open,0.18,0.0,0.131,0.209,0.168412,75.09,None,0.0,ETH-13DEC19-170-P,146.08,0.0,0.0,0.0,0.171,1.0,83.23,0.04283,-0.18118,-0.03764,0.01097,-0.89017
146.51,ETH-27DEC19,1575457143394,open,1.22,100.0,1.121,1.255,1.184943,122.77,0.883,0.0,ETH-27DEC19-320-P,146.08,0.0,0.011,5.0,0.0,0.0,0.0,0.00845,-0.02268,-0.19985,0.00051,-0.99153
149.95,SYN.ETH-26JUN20,1575457143391,open,0.04,665.0,0.015,0.082,0.041362,100.06,0.047,0.0,ETH-26JUN20-440-C,146.08,98.66,0.039,2.0,0.043,140.0,101.02,0.25524,-0.06233,0.08666,0.00202,0.14432
147.33,SYN.ETH-31JAN20,1575457143390,open,0.02,101.0,0.005,0.033,0.0156,82.36,0.014,0.0,ETH-31JAN20-100-P,146.08,78.16,0.013,760.0,0.018,511.0,85.99,0.09466,-0.06735,-0.02449,0.00334,-0.08923
149.95,SYN.ETH-26JUN20,1575457143390,open,0.4,1.0,0.368,0.45,0.409684,82.97,0.38,0.0,ETH-26JUN20-100-C,146.08,38.95,0.342,1.0,0.0,0.0,0.0,0.28202,-0.05711,0.35553,0.00269,0.8321
146.24,SYN.ETH-13DEC19,1575457143390,open,0.06,22.0,0.033,0.094,0.063771,63.72,0.072,0.0,ETH-13DEC19-140-C,146.08,56.81,0.06,145.0,0.064,100.0,64.13,0.08075,-0.28985,0.02217,0.02437,0.68734
149.95,SYN.ETH-26JUN20,1575457143390,open,3.08,0.0,2.894,3.176,3.026327,106.39,None,0.0,ETH-26JUN20-600-P,146.08,0.0,0.01,50.0,0.0,0.0,0.0,0.18234,-0.04734,-3.31309,0.00136,-0.91006
147.33,SYN.ETH-31JAN20,1575457143390,open,0.8,0.0,0.718,0.841,0.775599,89.12,None,0.0,ETH-31JAN20-260-P,146.08,0.0,0.0,0.0,1.35,1.0,500.0,0.08502,-0.06546,-0.39672,0.00277,-0.92265
146.51,ETH-27DEC19,1575457143394,open,0.2,0.0,0.141,0.225,0.182159,71.41,None,0.0,ETH-27DEC19-170-P,146.08,0.0,0.004,15.0,1.159,26.0,500.0,0.11108,-0.17338,-0.08753,0.01156,-0.77107
146.51,ETH-27DEC19,1575457143395,open,1.35,0.0,1.254,1.395,1.321161,124.6,None,0.0,ETH-27DEC19-340-P,146.08,0.0,0.003,9.0,0.0,0.0,0.0,0.00577,-0.01571,-0.21263,0.00034,-0.9945
146.11,SYN.ETH-6DEC19,1575457143392,open,0.25,1.0,0.197,0.272,0.232313,124.49,0.225,0.0,ETH-6DEC19-180-P,146.08,0.0,0.001,14.0,0.301,1.0,500.0,0.00301,-0.10001,-0.00917,0.00221,-0.98908
146.11,SYN.ETH-6DEC19,1575457143393,open,0.0,569.0,0.001,0.012,0.001317,97.86,0.002,0.0,ETH-6DEC19-130-P,146.08,92.79,0.001,382.0,0.002,300.0,106.85,0.00985,-0.19241,-0.00034,0.00918,-0.04457
147.33,SYN.ETH-31JAN20,1575457143393,open,0.05,11.0,0.023,0.082,0.050046,75.58,0.055,0.0,ETH-31JAN20-180-C,146.08,72.64,0.046,674.0,0.053,390.0,77.69,0.20496,-0.13383,0.05915,0.00788,0.30324
146.11,SYN.ETH-6DEC19,1575457143392,open,0.05,1074.0,0.007,0.067,0.035224,65.55,0.042,0.0,ETH-6DEC19-150-P,146.08,52.0,0.032,40.0,0.041,65.0,87.96,0.03619,-0.63231,-0.00555,0.05032,-0.70414
149.95,SYN.ETH-26JUN20,1575457143391,open,2.81,0.0,2.636,2.905,2.762137,104.7,None,0.0,ETH-26JUN20-560-P,146.08,0.0,0.01,50.0,0.0,0.0,0.0,0.19562,-0.04998,-3.08316,0.00148,-0.90106
146.11,SYN.ETH-6DEC19,1575457143391,open,0.24,2.0,0.224,0.27,0.247076,0.0,0.264,0.0,ETH-6DEC19-110-C,146.08,0.0,0.048,75.0,0.285,1.0,500.0,0.0,0.0,0.00565,0.0,1.0
147.33,SYN.ETH-31JAN20,1575457143392,open,0.53,0.0,0.46,0.574,0.514271,82.06,None,0.0,ETH-31JAN20-220-P,146.08,0.0,0.493,1.0,0.757,1.0,250.34,0.13292,-0.09423,-0.32017,0.00471,-0.85627
147.33,SYN.ETH-31JAN20,1575457143391,open,0.02,440.0,0.006,0.044,0.020853,81.9,0.025,0.0,ETH-31JAN20-220-C,146.08,78.63,0.018,670.0,0.023,370.0,84.24,0.13255,-0.09379,0.02856,0.0047,0.14313
149.95,SYN.ETH-26JUN20,1575457143393,open,3.35,0.0,3.152,3.449,3.291262,108.26,None,0.0,ETH-26JUN20-640-P,146.08,0.0,0.01,50.0,0.0,0.0,0.0,0.17208,-0.04547,-3.54172,0.00126,-0.91676
146.24,SYN.ETH-13DEC19,1575457143390,open,0.25,0.0,0.196,0.275,0.233622,79.95,None,0.0,ETH-13DEC19-180-P,146.08,0.0,0.23,1.0,0.373,1.0,351.61,0.02514,-0.11323,-0.04193,0.00605,-0.94562
146.24,SYN.ETH-13DEC19,1575457143392,open,0.0,27.0,0.001,0.011,0.001593,87.12,0.005,0.0,ETH-13DEC19-190-C,146.08,80.97,0.001,102.0,0.002,25.0,90.56,0.01616,-0.07932,0.00106,0.00357,0.03151
147.33,SYN.ETH-31JAN20,1575457143393,open,0.41,0.0,0.337,0.446,0.389205,78.74,None,0.0,ETH-31JAN20-200-P,146.08,0.0,0.357,1.0,0.49,1.0,150.24,0.16749,-0.11394,-0.27625,0.00618,-0.79333
149.95,SYN.ETH-26JUN20,1575457143391,open,0.98,0.0,0.867,1.052,0.955858,91.34,None,0.0,ETH-26JUN20-280-P,146.08,0.0,0.02,100.0,1.785,1.0,500.0,0.38089,-0.08491,-1.40696,0.0033,-0.71579
146.11,SYN.ETH-6DEC19,1575457143391,open,0.32,1.0,0.263,0.341,0.300552,136.0,0.275,0.0,ETH-6DEC19-190-P,146.08,0.0,0.011,2.0,0.356,1.0,500.0,0.00126,-0.04574,-0.00973,0.00085,-0.99593
147.33,SYN.ETH-31JAN20,1575457143393,open,0.01,189.0,0.004,0.034,0.014403,85.16,0.014,0.0,ETH-31JAN20-240-C,146.08,81.62,0.012,720.0,0.017,370.0,88.67,0.10454,-0.07691,0.02049,0.00357,0.10212
146.24,SYN.ETH-13DEC19,1575457143391,open,0.12,25.0,0.069,0.142,0.104834,64.61,0.082,0.0,ETH-13DEC19-160-P,146.08,60.29,0.103,40.0,0.111,41.0,77.82,0.0638,-0.23224,-0.03218,0.01899,-0.8002
146.11,SYN.ETH-6DEC19,1575457143391,open,0.11,125.0,0.064,0.133,0.097009,85.01,0.105,0.0,ETH-6DEC19-160-P,146.08,0.0,0.094,40.0,0.101,40.0,115.04,0.01439,-0.32603,-0.0077,0.01543,-0.92789
146.24,SYN.ETH-13DEC19,1575457143391,open,0.32,0.0,0.262,0.344,0.300944,87.91,None,0.0,ETH-13DEC19-190-P,146.08,0.0,0.299,1.0,0.517,1.0,500.0,0.01671,-0.08274,-0.0451,0.00365,-0.9672
149.95,SYN.ETH-26JUN20,1575457143396,open,0.03,111.0,0.008,0.061,0.026985,104.31,0.03,0.0,ETH-26JUN20-560-C,146.08,101.93,0.024,440.0,0.03,140.0,106.58,0.19369,-0.04931,0.05944,0.00147,0.0976
148.66,ETH-27MAR20,1575457143421,open,0.95,173.0,0.846,1.002,0.920106,92.29,1.157,0.0,ETH-27MAR20-280-P,146.08,0.0,0.001,9.0,0.948,1.0,110.12,0.20685,-0.08382,-0.8136,0.00325,-0.83409
146.51,ETH-27DEC19,1575457143426,open,0.39,3551.0,0.328,0.421,0.372344,83.79,0.332,0.0,ETH-27DEC19-200-P,146.08,0.0,0.365,1.0,0.387,1.0,112.01,0.05656,-0.10359,-0.11832,0.00502,-0.91601
148.66,ETH-27MAR20,1575457143642,open,0.01,1394.0,0.004,0.037,0.01474,101.48,0.014,0.0,ETH-27MAR20-400-C,146.08,99.14,0.013,270.0,0.017,360.0,104.34,0.11365,-0.05064,0.02646,0.00162,0.07177
149.95,SYN.ETH-26JUN20,1575457143654,open,0.03,111.0,0.008,0.061,0.026995,104.31,0.03,0.0,ETH-26JUN20-560-C,146.08,101.93,0.024,140.0,0.03,140.0,106.58,0.19369,-0.04931,0.05944,0.00147,0.0976
146.51,ETH-27DEC19,1575457143656,open,0.05,4517.0,0.022,0.079,0.04807,69.75,0.049,0.0,ETH-27DEC19-140-P,146.08,65.38,0.044,168.0,0.049,100.0,70.71,0.13775,-0.21001,-0.03785,0.01468,-0.36407
7299.76,SYN.BTC-31JAN20,1575457144060,open,0.09,32.5,0.054,0.118,0.08232339,65.45,0.0835,0.0,BTC-31JAN20-7000-P,7227.95,64.25,0.0805,12.8,0.0845,22.0,66.88,11.11493,-6.28485,-5.41435,0.0002,-0.38545
7299.76,SYN.BTC-31JAN20,1575457144062,open,0.09,32.5,0.054,0.118,0.08232339,65.45,0.0835,0.0,BTC-31JAN20-7000-P,7227.95,64.25,0.0805,17.8,0.0845,22.0,66.88,11.11493,-6.28485,-5.41435,0.0002,-0.38545
7379.37,BTC-27MAR20,1575457144125,open,0.21,299.3,0.1625,0.2555,0.20465328,68.97,0.205,0.0,BTC-27MAR20-8000-P,7227.95,67.1,0.2005,19.7,0.208,5.0,70.47,16.44128,-4.97881,-16.37927,0.00014,-0.50678
7379.37,BTC-27MAR20,1575457144128,open,0.0,64.4,0.0005,0.017,0.00381422,111.29,0.0045,0.0,BTC-27MAR20-32000-C,7227.95,108.05,0.003,22.0,0.0045,30.0,113.66,2.01391,-0.98406,0.3776,1e-05,0.02022
7379.37,BTC-27MAR20,1575457144133,open,0.21,299.3,0.1625,0.2555,0.20465328,68.97,0.205,0.0,BTC-27MAR20-8000-P,7227.95,67.1,0.2005,19.7,0.208,13.0,70.47,16.44128,-4.97881,-16.37927,0.00014,-0.50678
7379.26,BTC-27MAR20,1575457144358,open,0.08,257.5,0.0535,0.128,0.08579716,71.06,0.0885,0.0,BTC-27MAR20-9000-C,7228.1,69.98,0.0835,1.3,0.087,14.0,71.62,15.71127,-4.90179,6.8054,0.00013,0.3814
7249.89,BTC-27DEC19,1575457144358,open,0.0,449.3,0.0005,0.0105,0.0,120.0,0.0005,0.0,BTC-27DEC19-44000-C,7228.1,0.0,0.0,0.0,0.0005,6.0,238.35,0.0,0.0,0.0,0.0,0.0
7249.89,BTC-27DEC19,1575457144358,open,0.4,522.3,0.354,0.419,0.38381903,77.11,0.389,0.0,BTC-27DEC19-10000-P,7228.1,0.0,0.2255,2.5,0.45,0.1,177.56,2.11327,-3.56184,-6.0229,8e-05,-0.94172
7249.89,BTC-27DEC19,1575457144358,open,0.0,832.1,0.0005,0.0105,9.113e-05,120.0,0.0005,0.0,BTC-27DEC19-3000-P,7228.1,0.0,0.0,0.0,0.0005,1.0,142.74,0.06164,-0.16168,-0.005,0.0,-0.00101
7379.26,BTC-27MAR20,1575457144358,open,0.03,1220.2,0.0155,0.069,0.03539503,77.35,0.0365,0.0,BTC-27MAR20-12000-C,7228.1,76.05,0.0335,18.8,0.0365,21.8,78.1,10.87444,-3.69321,3.36525,8e-05,0.18157
7249.89,BTC-27DEC19,1575457144358,open,0.0,680.5,0.0005,0.0105,1.28e-06,120.0,0.0005,0.0,BTC-27DEC19-26000-C,7228.1,0.0,0.0,0.0,0.0005,5.0,177.9,0.00161,-0.00423,9e-05,0.0,2e-05
7249.89,BTC-27DEC19,1575457144358,open,0.72,0.0,0.7145,0.734,0.72413861,139.38,None,0.0,BTC-27DEC19-2000-C,7228.1,0.0,0.716,18.0,0.73,18.0,293.26,0.00413,-0.01257,1.25319,0.0,0.99994
7249.89,BTC-27DEC19,1575457144358,open,0.0,1541.5,0.0005,0.0105,0.0,120.0,0.0005,0.0,BTC-27DEC19-52000-C,7228.1,0.0,0.0,0.0,0.0005,41.9,256.82,0.0,0.0,0.0,0.0,0.0
7249.89,BTC-27DEC19,1575457144358,open,1.24,18.0,1.164,1.2555,1.20750857,120.0,1.261,0.0,BTC-27DEC19-16000-P,7228.1,0.0,0.0,0.0,0.0,0.0,0.0,0.3304,-0.8666,-10.00088,1e-05,-0.99352
7249.89,BTC-27DEC19,1575457144358,open,0.65,0.0,0.6455,0.665,0.65518145,124.22,None,0.0,BTC-27DEC19-2500-C,7228.1,0.0,0.647,16.0,0.662,16.0,252.79,0.01196,-0.03248,1.56598,0.0,0.99983
7249.89,BTC-27DEC19,1575457144358,open,0.33,0.0,0.287,0.3515,0.31670431,72.81,None,0.0,BTC-27DEC19-9500-P,7228.1,0.0,0.02,1.0,1.118,3.0,500.0,2.7492,-4.37544,-5.61014,0.00011,-0.91799
7379.26,BTC-27MAR20,1575457144358,open,0.32,99.0,0.26,0.36,0.30541347,71.05,0.278,0.0,BTC-27MAR20-9000-P,7228.1,65.4,0.2935,9.0,0.3245,8.8,79.91,15.71087,-4.90108,-21.27386,0.00013,-0.61864
7249.89,BTC-27DEC19,1575457144358,open,0.0,706.8,0.0005,0.011,0.00129583,102.04,0.0015,0.0,BTC-27DEC19-13000-C,7228.1,98.72,0.001,36.5,0.0015,16.4,104.03,0.70501,-1.57233,0.06431,2e-05,0.01545
7249.89,BTC-27DEC19,1575457144358,open,0.0,756.8,0.0005,0.0105,4.14e-06,120.0,0.0005,0.0,BTC-27DEC19-24000-C,7228.1,0.0,0.0,0.0,0.0005,24.0,168.36,0.00464,-0.01218,0.00027,0.0,6e-05
7379.26,BTC-27MAR20,1575457144358,open,0.01,1340.9,0.001,0.025,0.01054567,76.5,0.011,0.0,BTC-27MAR20-4000-P,7228.1,75.54,0.01,15.0,0.0115,1.0,78.13,4.23735,-1.42328,-1.38928,3e-05,-0.0498
7249.89,BTC-27DEC19,1575457144359,open,5.15,0.0,4.9505,5.193,5.06909108,195.87,3.46,0.0,BTC-27DEC19-44000-P,7228.1,0.0,0.001,1.0,0.0,0.0,0.0,0.02004,-0.08579,-27.57497,0.0,-0.9997
7249.89,BTC-27DEC19,1575457144359,open,0.01,480.7,0.0005,0.018,0.00592824,77.72,0.006,0.0,BTC-27DEC19-5500-P,7228.1,76.34,0.0055,0.4,0.0065,45.7,79.49,2.291,-3.89173,-0.32058,9e-05,-0.06463
7249.89,BTC-27DEC19,1575457144359,open,0.0,690.8,0.0005,0.0105,1e-08,120.0,0.0005,0.0,BTC-27DEC19-36000-C,7228.1,0.0,0.0,0.0,0.0005,5.0,215.73,1e-05,-3e-05,0.0,0.0,0.0
7379.26,BTC-27MAR20,1575457144359,open,0.0,94.3,0.0005,0.0155,0.00329796,112.88,0.0045,0.0,BTC-27MAR20-34000-C,7228.1,109.26,0.0025,32.0,0.004,32.0,115.6,1.78414,-0.88431,0.32772,1e-05,0.01753
7249.89,BTC-27DEC19,1575457144359,open,0.0,590.4,0.0005,0.0105,8.56e-06,120.0,0.001,0.0,BTC-27DEC19-2500-P,7228.1,0.0,0.0,0.0,0.0005,10.0,170.44,0.00787,-0.02065,-0.00054,0.0,-0.00011
7249.89,BTC-27DEC19,1575457144359,open,0.0,106.3,0.0005,0.0105,3e-07,120.0,0.0005,0.0,BTC-27DEC19-2000-P,7228.1,0.0,0.0,0.0,0.0005,16.1,204.51,0.00038,-0.00101,-2e-05,0.0,0.0
7250.04,BTC-27DEC19,1575457144359,open,0.79,12.1,0.7835,0.803,0.79310374,0.0,0.8415,0.0,BTC-27DEC19-1500-C,7228.1,0.0,0.785,20.0,0.799,20.0,356.9,0.0,0.0,0.9401,0.0,1.0
7250.04,BTC-27DEC19,1575457144359,open,0.27,922.9,0.2215,0.286,0.25115807,69.21,0.26,0.0,BTC-27DEC19-9000-P,7228.1,0.0,0.228,7.0,0.2775,7.0,108.11,3.68978,-5.58204,-5.12714,0.00016,-0.87722
7250.04,BTC-27DEC19,1575457144359,open,0.0,657.0,0.0005,0.0105,4.1e-07,120.0,0.0005,0.0,BTC-27DEC19-28000-C,7228.1,0.0,0.0,0.0,0.0005,5.0,186.65,0.00057,-0.00149,3e-05,0.0,1e-05
7250.04,BTC-27DEC19,1575457144359,open,0.0,1038.8,0.0005,0.0105,4.665e-05,120.0,0.0015,0.0,BTC-27DEC19-20000-C,7228.1,0.0,0.0,0.0,0.0005,6.6,146.19,0.0396,-0.10385,0.00262,0.0,0.00062
7250.04,BTC-27DEC19,1575457144359,open,0.0,1544.0,0.0005,0.016,0.00448045,77.08,0.004,0.0,BTC-27DEC19-10000-C,7228.1,75.38,0.004,4.9,0.0045,0.4,77.15,2.11148,-3.55748,0.24416,8e-05,0.05821
7250.04,BTC-27DEC19,1575457144359,open,0.54,248.6,0.488,0.5565,0.51973278,85.16,0.525,0.0,BTC-27DEC19-11000-P,7228.1,0.0,0.4155,1.1,0.55,0.1,153.05,1.31095,-2.44023,-6.75889,5e-05,-0.96776
7250.04,BTC-27DEC19,1575457144359,open,0.0,1140.4,0.0005,0.012,0.00246838,84.99,0.003,0.0,BTC-27DEC19-11000-C,7228.1,82.2,0.002,21.0,0.0025,0.4,85.16,1.30073,-2.41625,0.13392,5e-05,0.03194
7250.04,BTC-27DEC19,1575457144359,open,0.0,1003.5,0.0005,0.0105,0.0007776,105.95,0.0005,0.0,BTC-27DEC19-14000-C,7228.1,100.85,0.0005,62.6,0.001,16.4,109.15,0.45944,-1.06393,0.0393,1e-05,0.00943
7379.26,BTC-27MAR20,1575457144359,open,0.0,657.7,0.0005,0.0125,0.00227967,117.32,0.004,0.0,BTC-27MAR20-40000-C,7228.1,115.66,0.002,5.0,0.0025,0.1,118.52,1.30313,-0.67125,0.22769,1e-05,0.01217
7250.04,BTC-27DEC19,1575457144359,open,0.0,255.7,0.0005,0.0105,0.0,120.0,0.001,0.0,BTC-27DEC19-1500-P,7228.1,0.0,0.0,0.0,0.0005,42.9,248.94,0.0,-1e-05,0.0,0.0,0.0
7250.04,BTC-27DEC19,1575457144359,open,0.0,562.6,0.0005,0.0105,0.0,120.0,0.0005,0.0,BTC-27DEC19-40000-C,7228.1,0.0,0.0,0.0,0.0005,10.6,227.66,0.0,0.0,0.0,0.0,0.0
7250.04,BTC-27DEC19,1575457144359,open,0.0,349.0,0.0005,0.0105,0.0,120.0,0.0005,0.0,BTC-27DEC19-48000-C,7228.1,0.0,0.0,0.0,0.0005,5.0,248.0,0.0,0.0,0.0,0.0,0.0
7379.41,BTC-27MAR20,1575457144359,open,0.34,2.0,0.326,0.3805,0.35072506,71.42,0.355,0.0,BTC-27MAR20-5000-C,7228.1,42.39,0.3265,15.0,0.365,15.0,83.39,8.24281,-2.58478,12.18664,7e-05,0.88005
7379.41,BTC-27MAR20,1575457144360,open,0.25,21.4,0.2195,0.289,0.25161129,69.26,0.2745,0.0,BTC-27MAR20-6000-C,7228.1,61.47,0.2385,20.0,0.2665,23.0,77.86,12.61276,-3.83562,11.86104,0.00011,0.7668
7379.41,BTC-27MAR20,1575457144360,open,0.0,144.6,0.0005,0.015,0.00305843,115.2,0.0045,0.0,BTC-27MAR20-36000-C,7228.1,112.54,0.0025,22.0,0.0035,15.0,117.07,1.66101,-0.84016,0.30086,1e-05,0.01613
7250.04,BTC-27DEC19,1575457144360,open,0.51,4.3,0.5075,0.5295,0.51775324,119.62,0.5625,0.0,BTC-27DEC19-3500-C,7228.1,0.0,0.509,17.2,0.5215,17.4,163.83,0.25855,-0.67599,2.1689,1e-05,0.99508
7379.41,BTC-27MAR20,1575457144360,open,0.0,136.6,0.0005,0.0185,0.00432251,109.13,0.0055,0.0,BTC-27MAR20-30000-C,7228.1,106.23,0.0035,32.0,0.005,15.0,111.25,2.24304,-1.0748,0.42918,1e-05,0.02296
7250.04,BTC-27DEC19,1575457144360,open,0.01,324.6,0.005,0.0355,0.01575425,65.69,0.015,0.0,BTC-27DEC19-8500-C,7228.1,64.57,0.015,13.7,0.016,0.4,66.06,4.89491,-7.02848,0.7831,0.00023,0.1881
7250.04,BTC-27DEC19,1575457144360,open,0.01,134.1,0.0005,0.02,0.00636003,72.86,0.006,0.0,BTC-27DEC19-9500-C,7228.1,71.9,0.006,5.0,0.0065,0.4,73.23,2.7538,-4.38576,0.34454,0.00011,0.08219
7250.04,BTC-27DEC19,1575457144360,open,0.0,768.4,0.0005,0.0115,0.0019175,98.2,0.0025,0.0,BTC-27DEC19-4500-P,7228.1,98.89,0.002,16.0,0.0025,0.4,102.71,0.86246,-1.85123,-0.0976,3e-05,-0.01956
7379.41,BTC-27MAR20,1575457144360,open,0.43,141.4,0.3705,0.474,0.41720623,73.03,0.3895,0.0,BTC-27MAR20-10000-P,7228.1,60.01,0.3935,9.0,0.444,9.0,86.42,14.20525,-4.5552,-25.85351,0.00011,-0.70574
7250.04,BTC-27DEC19,1575457144360,open,0.24,69.4,0.2285,0.269,0.24729341,77.66,0.29,0.0,BTC-27DEC19-5500-C,7228.1,0.0,0.2285,15.0,0.258,6.0,103.82,2.28751,-3.88314,3.1271,9e-05,0.9355
7250.04,BTC-27DEC19,1575457144360,open,0.58,11.0,0.5765,0.596,0.58628949,118.67,0.5835,0.0,BTC-27DEC19-3000-C,7228.1,0.0,0.5785,19.2,0.5905,18.4,194.93,0.05592,-0.14505,1.8757,0.0,0.99909
7250.04,BTC-27DEC19,1575457144360,open,0.37,21.6,0.367,0.3975,0.38121512,98.07,0.5285,0.0,BTC-27DEC19-4500-C,7228.1,0.0,0.369,16.0,0.389,7.0,135.89,0.85799,-1.83907,2.72331,3e-05,0.98056
7250.04,BTC-27DEC19,1575457144360,open,0.44,30.7,0.4375,0.462,0.44898172,103.37,0.4745,0.0,BTC-27DEC19-4000-C,7228.1,0.0,0.439,16.2,0.456,8.0,154.95,0.38032,-0.85927,2.4692,1e-05,0.9924
7250.04,BTC-27DEC19,1575457144360,open,0.01,1524.1,0.0005,0.026,0.01040719,68.1,0.011,0.0,BTC-27DEC19-6000-P,7228.1,67.26,0.01,16.4,0.0115,16.4,70.29,3.54436,-5.27561,-0.57429,0.00016,-0.11598
7250.04,BTC-27DEC19,1575457144360,open,0.47,0.0,0.421,0.488,0.45167689,81.71,None,0.0,BTC-27DEC19-10500-P,7228.1,0.0,0.0,0.0,1.253,3.0,500.0,1.6833,-3.00644,-6.39716,6e-05,-0.9562
7379.41,BTC-27MAR20,1575457144361,open,0.02,431.1,0.008,0.0515,0.02268572,81.9,0.023,0.0,BTC-27MAR20-14000-C,7228.1,79.43,0.02,33.6,0.0235,15.0,82.62,8.28239,-2.97824,2.2581,6e-05,0.12077
7250.04,BTC-27DEC19,1575457144361,open,0.0,487.7,0.0005,0.0105,0.00051921,119.9,0.0015,0.0,BTC-27DEC19-3500-P,7228.1,119.36,0.0005,5.0,0.001,20.5,130.33,0.26212,-0.68691,-0.02505,1e-05,-0.00499
7379.41,BTC-27MAR20,1575457144361,open,0.01,254.2,0.0005,0.027,0.00812261,98.46,0.0095,0.0,BTC-27MAR20-22000-C,7228.1,96.19,0.007,23.0,0.009,12.0,100.11,3.80347,-1.64437,0.81509,2e-05,0.04353
7250.04,BTC-27DEC19,1575457144361,open,0.01,1144.6,0.0005,0.026,0.00977798,69.2,0.0095,0.0,BTC-27DEC19-9000-C,7228.1,67.64,0.009,40.0,0.01,0.4,69.63,3.68854,-5.57896,0.51321,0.00016,0.12272
7379.41,BTC-27MAR20,1575457144361,open,0.46,7.4,0.452,0.4895,0.46849308,76.49,0.499,0.0,BTC-27MAR20-4000-C,7228.1,0.0,0.453,15.0,0.475,13.0,86.56,4.23659,-1.42294,11.0906,3e-05,0.95021
7250.04,BTC-27DEC19,1575457144361,open,0.0,21.4,0.0005,0.0135,0.00337906,81.58,0.0035,0.0,BTC-27DEC19-10500-C,7228.1,79.89,0.003,5.0,0.0035,16.4,82.1,1.67459,-2.98615,0.18239,6e-05,0.04352
7508.04,SYN.BTC-26JUN20,1575457144358,open,0.47,123.5,0.4005,0.528,0.45797258,75.8,0.45,0.0,BTC-26JUN20-10000-P,7228.1,64.48,0.4255,6.0,0.4795,6.0,83.13,21.90048,-4.05131,-44.05325,9e-05,-0.58736
7250.04,BTC-27DEC19,1575457144361,open,0.31,66.8,0.2975,0.3325,0.31351063,86.56,0.4645,0.0,BTC-27DEC19-5000-C,7228.1,0.0,0.2985,15.0,0.323,7.0,119.42,1.37463,-2.60087,2.96409,5e-05,0.96584
7379.41,BTC-27MAR20,1575457144361,open,0.68,54.9,0.6135,0.721,0.6615501,77.35,0.77,0.0,BTC-27MAR20-12000-P,7228.1,0.0,0.55,0.1,0.88,1.0,184.34,10.87581,-3.69387,-34.07276,8e-05,-0.8184
7250.04,BTC-27DEC19,1575457144361,open,0.0,839.6,0.0005,0.0105,0.00016273,120.0,0.0005,0.0,BTC-27DEC19-18000-C,7228.1,0.0,0.0,0.0,0.0005,18.6,133.1,0.1155,-0.30294,0.00839,0.0,0.00201
7508.04,SYN.BTC-26JUN20,1575457144358,open,0.03,357.2,0.0115,0.047,0.02451626,73.37,0.0245,0.0,BTC-26JUN20-4000-P,7228.1,72.43,0.0235,24.0,0.026,0.1,74.71,8.18316,-1.46518,-4.30949,4e-05,-0.07774
7229.75,SYN.BTC-6DEC19,1575457144358,open,0.0,811.1,0.0005,0.0225,0.00576186,64.68,0.0055,0.0,BTC-6DEC19-7500-C,7228.1,61.04,0.005,71.8,0.006,16.4,65.79,1.53919,-26.53883,0.08003,0.00089,0.22116
7250.04,BTC-27DEC19,1575457144362,open,0.0,820.0,0.0005,0.0105,0.00071423,103.58,0.001,0.0,BTC-27DEC19-4000-P,7228.1,99.04,0.0005,80.9,0.001,0.7,108.37,0.38452,-0.87059,-0.03822,1e-05,-0.0077
7250.04,BTC-27DEC19,1575457144362,open,0.0,389.7,0.0005,0.0105,0.00057853,120.0,0.0005,0.0,BTC-27DEC19-16000-C,7228.1,118.18,0.0005,14.9,0.001,30.0,127.49,0.33041,-0.86662,0.02682,1e-05,0.00648
7236.46,SYN.BTC-13DEC19,1575457144359,open,0.0,87.2,0.0005,0.011,0.00107391,84.52,0.001,0.0,BTC-13DEC19-9500-C,7228.1,75.97,0.0005,86.5,0.0015,20.0,89.05,0.6105,-2.90687,0.03824,6e-05,0.02281
7508.04,SYN.BTC-26JUN20,1575457144359,open,0.7,8.8,0.6225,0.756,0.68239974,77.19,0.783,0.0,BTC-26JUN20-12000-P,7228.1,59.45,0.64,1.0,2.0,1.0,500.0,19.5856,-3.68966,-58.21857,8e-05,-0.69906
7379.41,BTC-27MAR20,1575457144363,open,0.01,269.0,0.0025,0.035,0.01236121,90.95,0.0125,0.0,BTC-27MAR20-18000-C,7228.1,89.0,0.011,26.1,0.0135,12.0,92.49,5.32866,-2.12794,1.24984,3e-05,0.06665
7508.04,SYN.BTC-26JUN20,1575457144360,open,0.37,107.9,0.301,0.4235,0.35637534,75.54,0.35,0.0,BTC-26JUN20-9000-P,7228.1,65.17,0.3255,6.0,0.3695,6.0,79.93,22.42505,-4.13407,-36.71715,9e-05,-0.51488
7236.46,SYN.BTC-13DEC19,1575457144358,open,0.01,188.2,0.0005,0.0205,0.00640359,62.77,0.0085,0.0,BTC-13DEC19-6500-P,7228.1,63.06,0.0065,25.0,0.007,35.0,64.58,2.33588,-8.25936,-0.23299,0.00029,-0.126
7250.04,BTC-27DEC19,1575457144363,open,5.71,0.0,5.4915,5.7555,5.62079011,224.2,None,0.0,BTC-27DEC19-48000-P,7228.1,0.0,0.0005,1.0,0.0,0.0,0.0,0.06172,-0.30243,-30.07913,0.0,-0.99899
7229.75,SYN.BTC-6DEC19,1575457144360,open,0.0,83.5,0.0005,0.0105,1.5e-05,119.99,0.0005,0.0,BTC-6DEC19-5500-P,7228.1,0.0,0.0,0.0,0.0005,5.0,172.06,0.01151,-0.10847,-0.00024,0.0,-0.00064
7229.75,SYN.BTC-6DEC19,1575457144360,open,0.37,0.0,0.3225,0.377,0.34857173,0.0,None,0.0,BTC-6DEC19-9750-P,7228.1,0.0,0.0,0.0,0.0,0.0,0.0,0.0,0.0,-0.50104,0.0,-1.0
7508.04,SYN.BTC-26JUN20,1575457144360,open,0.05,127.0,0.021,0.09,0.04667799,82.52,0.05,0.0,BTC-26JUN20-16000-C,7228.1,80.88,0.0435,20.0,0.048,14.9,83.19,14.76957,-2.97451,5.62632,6e-05,0.18018
7250.04,BTC-27DEC19,1575457144364,open,0.0,526.9,0.0005,0.0105,1.371e-05,120.0,0.0005,0.0,BTC-27DEC19-22000-C,7228.1,0.0,0.0,0.0,0.001,44.0,169.33,0.01352,-0.03547,0.00083,0.0,0.0002
7299.65,SYN.BTC-31JAN20,1575457144360,open,0.29,4.0,0.2345,0.3155,0.27148719,68.68,0.2495,0.0,BTC-31JAN20-9000-P,7228.1,45.77,0.2455,6.1,0.329,6.2,108.51,9.51507,-5.64548,-11.65328,0.00016,-0.73531
7229.75,SYN.BTC-6DEC19,1575457144358,open,0.0,253.6,0.0005,0.0105,0.00058506,101.86,0.001,0.0,BTC-6DEC19-6250-P,7228.1,99.41,0.0005,56.0,0.001,27.5,111.44,0.26299,-4.22981,-0.00807,0.0001,-0.02114
7236.46,SYN.BTC-13DEC19,1575457144359,open,0.07,2.4,0.0565,0.104,0.07819996,57.79,0.073,0.0,BTC-13DEC19-6750-C,7228.1,53.89,0.0765,5.0,0.0795,5.0,60.66,3.22354,-10.49358,1.25805,0.00044,0.79313
7508.04,SYN.BTC-26JUN20,1575457144361,open,0.38,0.0,0.3595,0.427,0.39030896,72.04,None,0.0,BTC-26JUN20-5000-C,7228.1,56.08,0.364,9.0,0.413,6.0,84.41,13.29703,-2.33792,19.24047,6e-05,0.84686
7236.46,SYN.BTC-13DEC19,1575457144358,open,0.33,0.0,0.2875,0.3445,0.31384381,84.21,None,0.0,BTC-13DEC19-9500-P,7228.1,0.0,0.0,0.0,0.0,0.0,0.0,0.60089,-2.8505,-2.27257,6e-05,-0.97762
7229.75,SYN.BTC-6DEC19,1575457144360,open,0.26,0.0,0.2595,0.288,0.27385119,140.62,None,0.0,BTC-6DEC19-5250-C,7228.1,0.0,0.261,15.0,0.281,4.0,319.46,0.01142,-0.42803,0.26955,0.0,0.99937
7299.65,SYN.BTC-31JAN20,1575457144359,open,0.01,0.5,0.003,0.0325,0.01266835,78.53,0.0125,0.0,BTC-31JAN20-11500-C,7228.1,76.79,0.0115,19.6,0.0135,24.0,79.73,4.99995,-3.39224,0.97954,8e-05,0.0973
7229.75,SYN.BTC-6DEC19,1575457144359,open,0.0,87.0,0.0005,0.0105,1.75e-06,119.99,0.0005,0.0,BTC-6DEC19-5250-P,7228.1,0.0,0.0,0.0,0.0005,18.0,197.75,0.00174,-0.01263,-3e-05,0.0,-8e-05
7236.46,SYN.BTC-13DEC19,1575457144359,open,0.0,185.5,0.0005,0.0145,0.00332027,68.42,0.0025,0.0,BTC-13DEC19-8500-C,7228.1,64.33,0.0025,25.0,0.004,40.0,71.42,1.56171,-6.01898,0.12229,0.00018,0.07282
7229.75,SYN.BTC-6DEC19,1575457144359,open,0.33,0.0,0.2885,0.342,0.31400679,0.0,None,0.0,BTC-6DEC19-9500-P,7228.1,0.0,0.0,0.0,0.0,0.0,0.0,0.0,0.0,-0.48819,0.0,-1.0
7508.04,SYN.BTC-26JUN20,1575457144359,open,0.06,261.9,0.0325,0.0905,0.05625152,72.04,0.0565,0.0,BTC-26JUN20-5000-P,7228.1,71.33,0.055,0.6,0.057,21.9,72.46,13.29652,-2.33765,-8.8239,6e-05,-0.15313
7229.75,SYN.BTC-6DEC19,1575457144360,open,0.0,193.7,0.0005,0.0105,0.00026493,112.41,0.0005,0.0,BTC-6DEC19-8750-C,7228.1,0.0,0.0,0.0,0.0005,4.9,122.2,0.13755,-1.91537,0.0036,5e-05,0.00995
7508.04,SYN.BTC-26JUN20,1575457144359,open,0.3,14.8,0.269,0.3525,0.30730057,71.91,0.305,0.0,BTC-26JUN20-6000-C,7228.1,69.45,0.3015,9.0,0.3125,9.0,74.11,17.74114,-3.11359,18.80417,8e-05,0.7535
7508.04,SYN.BTC-26JUN20,1575457144360,open,0.06,521.5,0.031,0.108,0.06106043,79.85,0.0615,0.0,BTC-26JUN20-14000-C,7228.1,78.49,0.058,5.0,0.0625,14.5,80.48,17.03469,-3.3195,7.07344,7e-05,0.2289
7236.46,SYN.BTC-13DEC19,1575457144359,open,0.26,0.0,0.2195,0.275,0.24538051,75.82,None,0.0,BTC-13DEC19-9000-P,7228.1,0.0,0.0,0.0,0.0,0.0,0.0,0.91443,-3.90578,-2.12621,9e-05,-0.96291
7229.75,SYN.BTC-6DEC19,1575457144358,open,0.0,151.4,0.0005,0.0105,0.00016661,120.01,0.0005,0.0,BTC-6DEC19-9000-C,7228.1,0.0,0.0,0.0,0.0005,20.5,137.34,0.0902,-1.20451,0.00223,3e-05,0.00616
7508.04,SYN.BTC-26JUN20,1575457144360,open,0.01,24.0,0.004,0.0435,0.01499451,100.25,0.017,0.0,BTC-26JUN20-32000-C,7228.1,98.52,0.0135,12.0,0.0165,10.0,101.89,6.70145,-1.63959,1.89702,2e-05,0.06001
7236.46,SYN.BTC-13DEC19,1575457144358,open,0.0,65.0,0.0005,0.015,0.00377614,68.1,0.0045,0.0,BTC-13DEC19-6250-P,7228.1,66.83,0.0035,20.0,0.0045,1.0,71.21,1.61193,-6.18341,-0.1402,0.00019,-0.0759
7229.75,SYN.BTC-6DEC19,1575457144359,open,0.26,0.0,0.2205,0.273,0.24499613,117.71,None,0.0,BTC-6DEC19-9000-P,7228.1,0.0,0.0,0.0,0.0,0.0,0.0,0.07936,-2.49004,-0.46057,3e-05,-0.99467
7229.75,SYN.BTC-6DEC19,1575457144360,open,0.0,69.0,0.0005,0.0105,5.952e-05,120.01,0.0005,0.0,BTC-6DEC19-9250-C,7228.1,0.0,0.0,0.0,0.0005,0.6,151.83,0.03864,-0.43031,0.00087,1e-05,0.00239
7299.65,SYN.BTC-31JAN20,1575457144360,open,0.67,0.0,0.616,0.7015,0.65456887,80.56,None,0.0,BTC-31JAN20-12000-P,7228.1,0.0,0.0,0.0,0.0,0.0,0.0,4.41811,-3.07479,-18.19738,6e-05,-0.91762
7508.04,SYN.BTC-26JUN20,1575457144358,open,0.02,14.9,0.0055,0.049,0.01818586,96.68,0.022,0.0,BTC-26JUN20-28000-C,7228.1,95.01,0.0165,33.0,0.02,5.0,98.38,7.78606,-1.8371,2.30295,3e-05,0.07283
7508.04,SYN.BTC-26JUN20,1575457144360,open,0.16,91.6,0.113,0.213,0.15767875,75.54,0.15,0.0,BTC-26JUN20-9000-C,7228.1,72.3,0.148,0.3,0.1525,6.0,73.81,22.42509,-4.1344,13.80019,9e-05,0.48514
7508.04,SYN.BTC-26JUN20,1575457144361,open,0.01,119.1,0.0005,0.022,0.00934221,78.77,0.007,0.0,BTC-26JUN20-3000-P,7228.1,77.17,0.0085,20.0,0.0105,15.0,80.85,4.05692,-0.77988,-1.7502,2e-05,-0.03219
7236.46,SYN.BTC-13DEC19,1575457144359,open,0.16,0.2,0.1545,0.1945,0.17342846,75.65,0.172,0.0,BTC-13DEC19-6000-C,7228.1,0.0,0.155,8.4,0.1775,9.4,95.12,1.15913,-4.93982,1.36697,0.00012,0.95025
7236.46,SYN.BTC-13DEC19,1575457144360,open,0.0,247.1,0.0005,0.0185,0.00494869,64.84,0.005,0.0,BTC-13DEC19-8250-C,7228.1,63.24,0.0045,0.1,0.005,0.2,65.02,2.07183,-7.56781,0.17854,0.00025,0.10641
7229.75,SYN.BTC-6DEC19,1575457144360,open,0.3,0.0,0.2545,0.3075,0.27946764,113.51,None,0.0,BTC-6DEC19-9250-P,7228.1,0.0,0.0,0.0,0.0,0.0,0.0,0.02383,-0.72106,-0.47484,1e-05,-0.99859
7236.46,SYN.BTC-13DEC19,1575457144358,open,0.01,630.0,0.001,0.0305,0.01095752,57.74,0.0125,0.0,BTC-13DEC19-6750-P,7228.1,56.71,0.0105,16.0,0.0115,15.0,58.96,3.22215,-10.48146,-0.38305,0.00044,-0.20672
7236.46,SYN.BTC-13DEC19,1575457144360,open,0.16,3.5,0.1195,0.1745,0.14498571,64.76,0.148,0.0,BTC-13DEC19-8250-P,7228.1,0.0,0.01,1.0,0.945,3.0,500.0,2.06756,-7.54294,-1.8281,0.00025,-0.89389
7508.04,SYN.BTC-26JUN20,1575457144358,open,0.6,17.8,0.5965,0.6275,0.60977668,78.78,0.623,0.0,BTC-26JUN20-3000-C,7228.1,59.79,0.6025,10.0,0.621,10.0,95.64,4.05824,-0.78024,15.08811,2e-05,0.9678
7508.04,SYN.BTC-26JUN20,1575457144359,open,0.02,12.5,0.0075,0.057,0.02299099,92.56,0.024,0.0,BTC-26JUN20-24000-C,7228.1,90.91,0.021,32.0,0.025,25.0,94.15,9.27835,-2.0959,2.90467,3e-05,0.09192
7229.75,SYN.BTC-6DEC19,1575457144359,open,0.0,153.2,0.0005,0.0105,0.00041681,119.88,0.0005,0.0,BTC-6DEC19-6000-P,7228.1,123.05,0.0005,57.7,0.001,7.2,137.18,0.17887,-3.01346,-0.00516,6e-05,-0.01347
7299.65,SYN.BTC-31JAN20,1575457144359,open,0.17,10.0,0.1285,0.2045,0.16309602,65.37,0.1665,0.0,BTC-31JAN20-8000-P,7228.1,63.36,0.16,17.0,0.1715,17.0,70.77,11.3143,-6.38927,-8.69106,0.0002,-0.58778
7229.75,SYN.BTC-6DEC19,1575457144359,open,0.19,4.6,0.153,0.204,0.17620701,106.59,0.142,0.0,BTC-6DEC19-8500-P,7228.1,0.0,0.06,1.0,1.1765,3.0,500.0,0.23766,-6.75293,-0.43002,8e-05,-0.98124
7508.04,SYN.BTC-26JUN20,1575457144359,open,0.95,11.5,0.864,1.0025,0.92569957,79.83,0.99,0.0,BTC-26JUN20-14000-P,7228.1,0.0,0.5,1.0,2.0,1.0,500.0,17.03208,-3.31849,-71.51048,7e-05,-0.77116
7229.75,SYN.BTC-6DEC19,1575457144361,open,0.0,163.3,0.0005,0.0105,0.00053469,107.36,0.0005,0.0,BTC-6DEC19-8500-C,7228.1,0.0,0.0,0.0,0.001,20.5,118.44,0.24533,-3.86566,0.00704,9e-05,0.01947
7236.46,SYN.BTC-13DEC19,1575457144360,open,0.13,21.1,0.0875,0.142,0.11286733,60.62,0.11,0.0,BTC-13DEC19-8000-P,7228.1,36.85,0.1065,9.2,0.141,7.0,117.86,2.69254,-9.19456,-1.685,0.00035,-0.84469
7236.46,SYN.BTC-13DEC19,1575457144361,open,0.03,119.7,0.0075,0.0455,0.02015013,55.62,0.02,0.0,BTC-13DEC19-7000-P,7228.1,53.59,0.019,18.2,0.021,23.2,57.11,4.11061,-12.87911,-0.62478,0.00058,-0.3349
7508.04,SYN.BTC-26JUN20,1575457144360,open,0.49,0.5,0.4705,0.5185,0.49176222,73.37,0.589,0.0,BTC-26JUN20-4000-C,7228.1,52.83,0.474,9.0,0.5085,9.0,87.29,8.18417,-1.46551,18.14177,4e-05,0.92224
7508.04,SYN.BTC-26JUN20,1575457144359,open,1.2,5.0,1.114,1.2575,1.17769415,82.51,1.22,0.0,BTC-26JUN20-16000-P,7228.1,0.0,0.56,1.0,2.0,0.1,450.7,14.76551,-2.97311,-84.18418,6e-05,-0.81989
7229.75,SYN.BTC-6DEC19,1575457144359,open,0.23,0.2,0.224,0.2545,0.23928585,127.56,0.175,0.0,BTC-6DEC19-5500-C,7228.1,0.0,0.226,11.0,0.243,11.0,242.53,0.02059,-0.70024,0.28218,1e-05,0.9988
7229.75,SYN.BTC-6DEC19,1575457144359,open,0.0,266.3,0.0005,0.011,0.00101568,86.21,0.001,0.0,BTC-6DEC19-6500-P,7228.1,85.95,0.001,8.6,0.0015,5.4,93.23,0.44507,-7.34311,-0.01518,0.00019,-0.03983
7229.75,SYN.BTC-6DEC19,1575457144358,open,0.23,1.1,0.187,0.238,0.21051585,110.98,0.125,0.0,BTC-6DEC19-8750-P,7228.1,0.0,0.0,0.0,0.0,0.0,0.0,0.12791,-3.78384,-0.44634,4e-05,-0.99084
7229.75,SYN.BTC-6DEC19,1575457144359,open,0.0,348.6,0.0005,0.0105,0.00086177,97.74,0.0005,0.0,BTC-6DEC19-8250-C,7228.1,89.56,0.0005,20.8,0.001,17.5,100.29,0.37414,-6.23037,0.01165,0.00014,0.03222
7236.46,SYN.BTC-13DEC19,1575457144363,open,0.01,257.7,0.0005,0.023,0.00737689,60.68,0.0065,0.0,BTC-13DEC19-8000-C,7228.1,58.27,0.0065,16.0,0.0075,0.1,61.01,2.6955,-9.21366,0.26078,0.00035,0.15557
7508.04,SYN.BTC-26JUN20,1575457144361,open,0.03,893.7,0.012,0.0695,0.03139849,88.06,0.031,0.0,BTC-26JUN20-20000-C,7228.1,87.14,0.03,8.3,0.032,5.0,88.45,11.51586,-2.47496,3.90338,4e-05,0.12402
7508.04,SYN.BTC-26JUN20,1575457144359,open,1.46,1.8,1.368,1.517,1.43419516,84.86,1.335,0.0,BTC-26JUN20-18000-P,7228.1,0.0,1.25,0.1,1.5,0.1,115.29,12.82877,-2.65672,-96.46762,5e-05,-0.85487
7236.46,SYN.BTC-13DEC19,1575457144360,open,0.1,25.2,0.0865,0.1315,0.1081926,62.82,0.1195,0.0,BTC-13DEC19-6500-C,7228.1,57.27,0.1065,5.0,0.109,5.0,65.27,2.33835,-8.27545,1.34725,0.00029,0.87381
7229.75,SYN.BTC-6DEC19,1575457144358,open,0.19,0.3,0.1885,0.222,0.2047841,122.19,0.144,0.0,BTC-6DEC19-5750-C,7228.1,0.0,0.1905,11.0,0.208,7.0,204.65,0.06039,-1.96701,0.29399,2e-05,0.99607
7299.65,SYN.BTC-31JAN20,1575457144360,open,0.26,0.0,0.2435,0.295,0.26745201,71.78,None,0.0,BTC-31JAN20-5500-C,7228.1,0.0,0.2435,15.0,0.2815,15.0,87.21,6.10088,-3.78304,6.99121,0.0001,0.87147
7236.46,SYN.BTC-13DEC19,1575457144360,open,0.0,115.2,0.0005,0.0115,0.00170376,76.02,0.0015,0.0,BTC-13DEC19-9000-C,7228.1,69.59,0.001,25.0,0.0025,58.2,81.57,0.92246,-3.95021,0.06298,0.0001,0.03749
7379.26,BTC-27MAR20,1575457144567,open,0.0,64.4,0.0005,0.017,0.0038144,111.29,0.0045,0.0,BTC-27MAR20-32000-C,7228.1,108.05,0.003,32.0,0.0045,30.0,113.66,2.01393,-0.98408,0.3776,1e-05,0.02022
7379.41,BTC-27MAR20,1575457144983,open,0.0,64.4,0.0005,0.017,0.0038144,111.29,0.0045,0.0,BTC-27MAR20-32000-C,7228.1,108.05,0.003,22.0,0.0045,30.0,113.66,2.01399,-0.9841,0.37761,1e-05,0.02022
7379.45,BTC-27MAR20,1575457145463,open,0.0,64.4,0.0005,0.017,0.00381447,111.29,0.0045,0.0,BTC-27MAR20-32000-C,7228.18,108.05,0.003,32.0,0.0045,30.0,113.66,2.01403,-0.98412,0.37762,1e-05,0.02022
7299.83,SYN.BTC-31JAN20,1575457145517,open,0.09,32.5,0.054,0.118,0.08232339,65.45,0.0835,0.0,BTC-31JAN20-7000-P,7228.18,64.26,0.0805,17.8,0.0845,31.0,66.88,11.11492,-6.28512,-5.41425,0.0002,-0.38544
146.51,ETH-27DEC19,1575457146411,open,0.03,4918.0,0.014,0.062,0.035302,69.23,0.033,0.0,ETH-27DEC19-160-C,146.07,65.59,0.032,408.0,0.037,140.0,71.08,0.13389,-0.2026,0.02767,0.01438,0.33668
148.65,ETH-27MAR20,1575457146411,open,1.74,4.0,1.617,1.806,1.705444,101.27,2.048,0.0,ETH-27MAR20-400-P,146.07,0.0,0.055,10.0,0.0,0.0,0.0,0.1129,-0.0502,-1.2217,0.00162,-0.92884
148.65,ETH-27MAR20,1575457146411,open,0.04,2169.0,0.013,0.07,0.036377,92.13,0.038,0.0,ETH-27MAR20-280-C,146.07,91.12,0.035,87.0,0.037,100.0,92.57,0.20628,-0.08344,0.05975,0.00325,0.16522
146.51,ETH-27DEC19,1575457146411,open,0.0,13247.0,0.001,0.011,1e-06,120.0,0.001,0.0,ETH-27DEC19-520-C,146.07,0.0,0.0,0.0,0.001,100.0,189.12,4e-05,-0.0001,0.0,0.0,2e-05
148.65,ETH-27MAR20,1575457146411,open,0.01,885.0,0.001,0.022,0.006597,110.71,0.009,0.0,ETH-27MAR20-560-C,146.07,106.49,0.005,620.0,0.008,220.0,113.9,0.06144,-0.02987,0.01234,0.00081,0.03321
148.65,ETH-27MAR20,1575457146411,open,0.14,858.0,0.102,0.195,0.148548,80.33,0.15,0.0,ETH-27MAR20-160-C,146.07,77.39,0.142,566.0,0.152,400.0,81.89,0.33064,-0.11662,0.17416,0.00597,0.52407
148.65,ETH-27MAR20,1575457146411,open,0.09,1179.0,0.045,0.119,0.079544,79.16,0.093,0.0,ETH-27MAR20-120-P,146.07,77.12,0.076,320.0,0.082,1.0,80.57,0.2583,-0.08978,-0.14834,0.00473,-0.24031
146.51,ETH-27DEC19,1575457146411,open,4.26,1.0,4.036,4.347,4.187359,120.0,3.236,0.0,ETH-27DEC19-760-P,146.07,0.0,0.02,50.0,0.0,0.0,0.0,0.0,0.0,-0.47632,0.0,-1.0
146.51,ETH-27DEC19,1575457146411,open,0.66,2355.0,0.591,0.697,0.64116,100.7,0.606,0.0,ETH-27DEC19-240-P,146.07,0.0,0.001,20.0,0.781,1.0,300.97,0.02734,-0.06017,-0.14762,0.00202,-0.9665
148.65,ETH-27MAR20,1575457146411,open,3.37,0.0,3.181,3.455,3.310703,115.65,None,0.0,ETH-27MAR20-640-P,146.07,0.0,0.01,50.0,0.0,0.0,0.0,0.05076,-0.02577,-1.98694,0.00064,-0.97362
146.51,ETH-27DEC19,1575457146411,open,0.0,11107.0,0.001,0.011,0.0,120.0,0.001,0.0,ETH-27DEC19-560-C,146.07,0.0,0.0,0.0,0.001,100.0,198.31,1e-05,-4e-05,0.0,0.0,1e-05
146.51,ETH-27DEC19,1575457146411,open,0.01,6661.0,0.003,0.03,0.012551,75.1,0.016,0.0,ETH-27DEC19-120-P,146.07,72.0,0.011,509.0,0.015,310.0,79.73,0.07504,-0.12317,-0.01253,0.00743,-0.1239
148.64,ETH-27MAR20,1575457146411,open,2.55,0.0,2.398,2.626,2.50564,107.41,None,0.0,ETH-27MAR20-520-P,146.07,0.0,0.006,50.0,0.0,0.0,0.0,0.06706,-0.03163,-1.60857,0.00091,-0.96305
146.51,ETH-27DEC19,1575457146411,open,2.05,0.0,1.916,2.096,2.003224,120.0,None,0.0,ETH-27DEC19-440-P,146.07,0.0,0.002,50.0,0.0,0.0,0.0,0.00031,-0.00081,-0.27574,2e-05,-0.99978
146.51,ETH-27DEC19,1575457146411,open,0.8,946.0,0.724,0.836,0.776696,107.23,0.715,0.0,ETH-27DEC19-260-P,146.07,0.0,0.001,9.0,1.095,1.0,500.0,0.0197,-0.04617,-0.16106,0.00137,-0.97739
148.64,ETH-27MAR20,1575457146411,open,0.02,1242.0,0.008,0.054,0.024985,94.81,0.026,0.0,ETH-27MAR20-320-C,146.07,92.99,0.023,260.0,0.027,100.0,96.6,0.1645,-0.06848,0.04331,0.00252,0.11839
146.51,ETH-27DEC19,1575457146411,open,0.0,6174.0,0.001,0.011,0.0,120.0,0.001,0.0,ETH-27DEC19-720-C,146.07,0.0,0.0,0.0,0.001,100.0,228.82,0.0,0.0,0.0,0.0,0.0
148.65,ETH-27MAR20,1575457146411,open,0.07,810.0,0.033,0.109,0.067199,86.04,0.065,0.0,ETH-27MAR20-220-C,146.07,84.88,0.065,90.0,0.069,100.0,87.0,0.28071,-0.10605,0.09986,0.00473,0.28251
146.51,ETH-27DEC19,1575457146411,open,0.0,4049.0,0.001,0.012,0.002073,107.23,0.002,0.0,ETH-27DEC19-260-C,146.07,97.24,0.001,521.0,0.003,312.0,113.31,0.0197,-0.04617,0.00189,0.00137,0.02261
148.65,ETH-27MAR20,1575457146411,open,3.1,0.0,2.92,3.178,3.042188,113.23,None,0.0,ETH-27MAR20-600-P,146.07,0.0,0.03,50.0,0.0,0.0,0.0,0.05553,-0.02761,-1.86102,0.00071,-0.97061
148.64,ETH-27MAR20,1575457146411,open,0.11,1389.0,0.067,0.155,0.110024,81.26,0.113,0.0,ETH-27MAR20-180-C,146.07,79.42,0.106,275.0,0.113,100.0,82.62,0.32499,-0.11596,0.14504,0.0058,0.42278
146.51,ETH-27DEC19,1575457146411,open,2.88,0.0,2.711,2.94,2.822265,120.0,0.845,0.0,ETH-27DEC19-560-P,146.07,0.0,0.02,50.0,0.0,0.0,0.0,1e-05,-4e-05,-0.35097,0.0,-0.99999
146.51,ETH-27DEC19,1575457146411,open,0.0,2053.0,0.001,0.011,0.001553,113.87,0.003,0.0,ETH-27DEC19-280-C,146.07,107.7,0.001,161.0,0.002,1.0,117.83,0.01516,-0.03773,0.00138,0.00099,0.01661
146.51,ETH-27DEC19,1575457146411,open,0.94,310.0,0.856,0.975,0.912685,113.87,0.49,0.0,ETH-27DEC19-280-P,146.07,0.0,0.003,9.0,0.0,0.0,0.0,0.01516,-0.03773,-0.1741,0.00099,-0.98339
148.64,ETH-27MAR20,1575457146411,open,0.01,1085.0,0.003,0.033,0.012123,104.79,0.017,0.0,ETH-27MAR20-440-C,146.07,101.38,0.01,560.0,0.014,361.0,107.52,0.09787,-0.04503,0.02183,0.00135,0.0592
146.51,ETH-27DEC19,1575457146411,open,3.43,0.0,3.242,3.503,3.368303,120.0,None,0.0,ETH-27DEC19-640-P,146.07,0.0,0.02,50.0,0.0,0.0,0.0,0.0,0.0,-0.40111,0.0,-1.0
146.51,ETH-27DEC19,1575457146411,open,0.01,13732.0,0.001,0.021,0.007249,83.33,0.007,0.0,ETH-27DEC19-200-C,146.07,79.9,0.006,1.0,0.008,210.0,85.25,0.05588,-0.10179,0.00692,0.00498,0.08264
146.51,ETH-27DEC19,1575457146411,open,2.6,37.0,2.446,2.659,2.549247,120.0,0.707,0.0,ETH-27DEC19-520-P,146.07,0.0,0.003,50.0,0.0,0.0,0.0,4e-05,-0.0001,-0.3259,0.0,-0.99998
146.51,ETH-27DEC19,1575457146412,open,0.0,2232.0,0.001,0.011,0.000643,120.0,0.002,0.0,ETH-27DEC19-320-C,146.07,0.0,0.0,0.0,0.002,611.0,137.4,0.00727,-0.01907,0.0006,0.00045,0.00714
146.51,ETH-27DEC19,1575457146412,open,0.26,4510.0,0.2,0.288,0.242415,74.15,0.18,0.0,ETH-27DEC19-180-P,146.07,0.0,0.227,345.0,0.265,345.0,105.64,0.08731,-0.14151,-0.09987,0.00875,-0.84523
148.64,ETH-27MAR20,1575457146412,open,2.01,0.0,1.877,2.079,1.971897,104.18,None,0.0,ETH-27MAR20-440-P,146.07,0.0,0.003,50.0,0.0,0.0,0.0,0.09596,-0.04389,-1.35141,0.00134,-0.94227
146.51,ETH-27DEC19,1575457146412,open,1.08,1.0,0.988,1.116,1.048847,119.95,0.494,0.0,ETH-27DEC19-300-P,146.07,0.0,0.021,6.0,0.0,0.0,0.0,0.012,-0.03146,-0.18697,0.00074,-0.98734
146.25,SYN.ETH-13DEC19,1575457146411,open,0.24,0.0,0.225,0.276,0.250172,104.78,None,0.0,ETH-13DEC19-110-C,146.07,0.0,0.247,1.0,0.406,26.0,499.55,0.01721,-0.10159,0.02546,0.00316,0.96599
148.64,ETH-27MAR20,1575457146412,open,0.15,711.0,0.094,0.189,0.140376,78.22,0.142,0.0,ETH-27MAR20-140-P,146.07,75.65,0.135,248.0,0.148,423.0,81.86,0.31093,-0.10678,-0.23255,0.00577,-0.3611
146.51,ETH-27DEC19,1575457146412,open,1.49,257.0,1.386,1.534,1.457353,120.0,0.995,0.0,ETH-27DEC19-360-P,146.07,0.0,0.021,5.0,0.0,0.0,0.0,0.00258,-0.00676,-0.22543,0.00016,-0.99776
148.64,ETH-27MAR20,1575457146412,open,0.01,387.0,0.001,0.019,0.005577,116.49,0.007,0.0,ETH-27MAR20-640-C,146.07,111.53,0.004,620.0,0.007,320.0,120.21,0.05259,-0.0269,0.01018,0.00065,0.02753
148.64,ETH-27MAR20,1575457146412,open,0.2,35.0,0.152,0.243,0.19863,78.28,0.198,0.0,ETH-27MAR20-140-C,146.07,74.63,0.191,256.0,0.205,100.0,81.32,0.31093,-0.10686,0.20418,0.00576,0.63892
148.64,ETH-27MAR20,1575457146412,open,0.02,579.0,0.005,0.044,0.018736,98.21,0.018,0.0,ETH-27MAR20-360-C,146.07,96.25,0.017,260.0,0.021,360.0,100.62,0.13528,-0.05834,0.03324,0.002,0.09041
146.51,ETH-27DEC19,1575457146412,open,0.0,1759.0,0.001,0.011,0.000183,120.0,0.001,0.0,ETH-27DEC19-360-C,146.07,0.0,0.0,0.0,0.002,401.0,154.15,0.00258,-0.00676,0.00019,0.00016,0.00224
146.51,ETH-27DEC19,1575457146412,open,0.0,11489.0,0.001,0.011,1.6e-05,120.0,0.002,0.0,ETH-27DEC19-440-C,146.07,0.0,0.0,0.0,0.001,300.0,168.01,0.00031,-0.00081,2e-05,2e-05,0.00022
148.64,ETH-27MAR20,1575457146412,open,0.27,40.0,0.23,0.313,0.272333,79.21,0.459,0.0,ETH-27MAR20-120-C,146.07,44.03,0.216,1.0,0.0,0.0,0.0,0.25834,-0.08985,0.22596,0.00473,0.75959
146.51,ETH-27DEC19,1575457146412,open,0.0,12762.0,0.001,0.011,0.0,120.0,0.001,0.0,ETH-27DEC19-680-C,146.07,0.0,0.0,0.0,0.001,100.0,221.97,0.0,0.0,0.0,0.0,0.0
146.51,ETH-27DEC19,1575457146412,open,0.0,4535.0,0.001,0.011,0.0,120.0,0.002,0.0,ETH-27DEC19-760-C,146.07,0.0,0.0,0.0,0.001,100.0,235.26,0.0,0.0,0.0,0.0,0.0
148.64,ETH-27MAR20,1575457146412,open,0.01,2330.0,0.001,0.024,0.007725,108.44,0.01,0.0,ETH-27MAR20-520-C,146.07,104.46,0.006,620.0,0.009,220.0,111.02,0.0698,-0.03323,0.01441,0.00093,0.0388
146.5,ETH-27DEC19,1575457146413,open,0.09,63.0,0.049,0.12,0.082433,69.19,0.077,0.0,ETH-27DEC19-150-P,146.07,67.75,0.081,10.0,0.086,385.0,72.77,0.14613,-0.221,-0.0553,0.0157,-0.51982
146.5,ETH-27DEC19,1575457146413,open,0.0,21058.0,0.001,0.011,0.0,120.01,0.007,0.0,ETH-27DEC19-600-C,146.07,0.0,0.0,0.0,0.001,700.0,206.8,0.0,-1e-05,0.0,0.0,0.0
146.5,ETH-27DEC19,1575457146413,open,0.0,924.0,0.001,0.011,0.000342,120.01,0.001,0.0,ETH-27DEC19-340-C,146.07,134.27,0.001,59.0,0.002,402.0,146.08,0.00434,-0.0114,0.00034,0.00027,0.004
146.5,ETH-27DEC19,1575457146413,open,0.0,1347.0,0.001,0.011,9.8e-05,120.01,0.002,0.0,ETH-27DEC19-380-C,146.07,0.0,0.0,0.0,0.002,403.0,161.72,0.00152,-0.00399,0.00011,9e-05,0.00125
149.95,SYN.ETH-26JUN20,1575457146411,open,1.23,0.0,1.11,1.306,1.203448,93.27,1.06,0.0,ETH-26JUN20-320-P,146.07,0.0,0.015,2.0,1.22,1.0,100.26,0.34197,-0.07784,-1.6601,0.00291,-0.76897
146.5,ETH-27DEC19,1575457146413,open,0.0,10814.0,0.001,0.011,5.3e-05,120.01,0.001,0.0,ETH-27DEC19-400-C,146.07,0.0,0.0,0.0,0.001,100.0,155.72,0.00089,-0.00234,6e-05,6e-05,0.0007
148.64,ETH-27MAR20,1575457146413,open,0.08,2049.0,0.046,0.128,0.084626,83.46,0.088,0.0,ETH-27MAR20-200-C,146.07,81.69,0.081,282.0,0.087,100.0,84.61,0.30532,-0.11188,0.11994,0.00531,0.34327
148.64,ETH-27MAR20,1575457146413,open,0.02,834.0,0.005,0.033,0.015747,85.52,0.01,0.0,ETH-27MAR20-80-P,146.07,82.9,0.014,322.0,0.018,320.0,88.71,0.10185,-0.03825,-0.03619,0.00173,-0.0623
147.33,SYN.ETH-31JAN20,1575457146412,open,0.08,1.0,0.049,0.12,0.083803,73.94,0.104,0.0,ETH-31JAN20-160-C,146.07,70.25,0.078,610.0,0.087,480.0,75.97,0.23199,-0.14819,0.08488,0.00912,0.44713
146.5,ETH-27DEC19,1575457146413,open,0.0,6667.0,0.001,0.011,5e-06,120.01,0.001,0.0,ETH-27DEC19-480-C,146.07,0.0,0.0,0.0,0.001,115.0,179.08,0.00011,-0.00028,1e-05,1e-05,7e-05
149.95,SYN.ETH-26JUN20,1575457146412,open,0.16,552.0,0.103,0.216,0.158612,86.99,0.166,0.0,ETH-26JUN20-200-C,146.07,85.09,0.153,487.0,0.163,210.0,88.46,0.44516,-0.0945,0.24843,0.00406,0.45378
146.5,ETH-27DEC19,1575457146413,open,0.0,3866.0,0.001,0.014,0.004282,94.1,0.003,0.0,ETH-27DEC19-100-P,146.07,87.7,0.003,920.0,0.006,791.0,101.2,0.03227,-0.06637,-0.00416,0.00255,-0.04104
146.12,SYN.ETH-6DEC19,1575457146411,open,0.0,106.0,0.001,0.011,0.0,120.0,0.001,0.0,ETH-6DEC19-100-P,146.07,0.0,0.0,0.0,0.001,104.0,253.31,0.0,-1e-05,0.0,0.0,0.0
