underlying_price,underlying_index,timestamp,state,settlement_price,open_interest,min_price,max_price,mark_price,mark_iv,last_price,interest_rate,instrument_name,index_price,bid_iv,best_bid_price,best_bid_amount,best_ask_price,best_ask_amount,ask_iv,vega,theta,rho,gamma,delta
129.03,SYN.ETH-28FEB20,1577617139999,open,0.04,260.0,0.015,0.062,0.035092,79.58,0.033,0.0,ETH-28FEB20-100-P,128.03,77.56,0.033,260.0,0.037,192.0,81.4,0.1343,-0.08778,-0.04455,0.00608,-0.17191
129.03,SYN.ETH-28FEB20,1577617139999,open,0.06,18.0,0.029,0.09,0.056591,77.13,0.057,0.0,ETH-28FEB20-110-P,128.03,75.14,0.054,260.0,0.059,470.0,78.97,0.16863,-0.10683,-0.0667,0.00787,-0.25335
129.03,SYN.ETH-28FEB20,1577617139999,open,0.07,72.0,0.034,0.101,0.066002,75.15,0.064,0.0,ETH-28FEB20-150-C,128.03,73.19,0.063,1.0,0.069,220.0,77.09,0.19859,-0.12257,0.06497,0.00952,0.36793
133.51,SYN.ETH-25SEP20,1577617139999,open,0.04,0.0,0.021,0.069,0.04196,92.45,None,0.0,ETH-25SEP20-60-P,128.03,88.52,0.037,170.0,0.047,170.0,96.3,0.17161,-0.02928,-0.12122,0.0014,-0.08039
133.51,SYN.ETH-25SEP20,1577617139998,open,0.2,19.0,0.134,0.258,0.19566,87.39,0.192,0.0,ETH-25SEP20-180-C,128.03,85.74,0.19,120.0,0.204,396.0,89.82,0.45874,-0.074,0.29344,0.00397,0.49182
129.03,SYN.ETH-28FEB20,1577617139998,open,0.09,45.0,0.052,0.125,0.087783,74.36,0.092,0.0,ETH-28FEB20-140-C,128.03,72.02,0.084,487.0,0.091,220.0,76.35,0.20878,-0.12752,0.07869,0.01011,0.45347
129.03,SYN.ETH-28FEB20,1577617139999,open,0.02,724.0,0.008,0.043,0.021705,84.3,0.023,0.0,ETH-28FEB20-90-P,128.03,82.06,0.02,260.0,0.023,540.0,85.95,0.10006,-0.06928,-0.02867,0.00428,-0.11152
133.51,SYN.ETH-25SEP20,1577617139998,open,0.33,0.0,0.272,0.387,0.331313,87.23,None,0.0,ETH-25SEP20-120-C,128.03,83.81,0.321,160.0,0.336,423.0,88.79,0.40129,-0.06461,0.36297,0.00348,0.69766
129.03,SYN.ETH-28FEB20,1577617139999,open,0.09,1.0,0.051,0.126,0.086578,75.56,0.096,0.0,ETH-28FEB20-120-P,128.03,73.19,0.083,240.0,0.09,693.0,77.83,0.19487,-0.12094,-0.09363,0.00929,-0.34852
131.55,ETH-26JUN20,1577617140154,open,0.45,0.0,0.409,0.482,0.44574,86.72,None,0.0,ETH-26JUN20-80-C,128.03,64.7,0.416,49.0,0.468,49.0,101.04,0.19646,-0.04736,0.27436,0.00266,0.86894
131.55,ETH-26JUN20,1577617140215,open,0.45,0.0,0.409,0.482,0.44574,86.72,None,0.0,ETH-26JUN20-80-C,128.03,64.7,0.416,49.0,0.469,49.0,101.67,0.19646,-0.04736,0.27436,0.00266,0.86894
7678.79,SYN.BTC-25SEP20,1577617140893,open,1.66,1.0,1.5795,1.7505,1.65568042,85.24,1.68,0.0,BTC-25SEP20-20000-P,7309.69,0.0,0.06,1.0,1.75,0.1,119.46,17.02188,-2.67824,-141.39234,5e-05,-0.82549
7678.79,SYN.BTC-25SEP20,1577617140893,open,0.09,0.0,0.0545,0.152,0.0946832,79.9,None,0.0,BTC-25SEP20-14000-C,7309.69,78.5,0.0905,18.8,0.099,0.1,81.34,22.95215,-3.38523,11.62198,7e-05,0.29863
7678.79,SYN.BTC-25SEP20,1577617140893,open,1.41,1.0,1.3315,1.496,1.40460007,83.25,1.43,0.0,BTC-25SEP20-18000-P,7309.69,0.0,0.05,1.0,1.485,0.1,111.45,18.71074,-2.87517,-125.43477,5e-05,-0.79654
7678.79,SYN.BTC-25SEP20,1577617140893,open,1.16,1.0,1.0855,1.2435,1.15590984,80.72,1.18,0.0,BTC-25SEP20-16000-P,7309.69,0.0,0.04,1.0,1.25,0.1,111.61,20.53868,-3.06016,-109.2118,6e-05,-0.76055
7678.79,SYN.BTC-25SEP20,1577617140893,open,0.69,1.0,0.6195,0.7665,0.68571669,77.84,0.705,0.0,BTC-25SEP20-12000-P,7309.69,0.0,0.02,1.0,0.77,1.0,102.87,24.98741,-3.59017,-74.94884,7e-05,-0.62949
7678.79,SYN.BTC-25SEP20,1577617140893,open,0.92,1.0,0.849,1.003,0.91789836,79.91,0.93,0.0,BTC-25SEP20-14000-P,7309.69,0.0,0.03,1.0,0.99,0.1,102.49,22.95288,-3.38551,-92.27502,7e-05,-0.70135
7678.79,SYN.BTC-25SEP20,1577617140893,open,0.12,0.1,0.0785,0.1825,0.12296084,77.84,0.13,0.0,BTC-25SEP20-12000-C,7309.69,76.61,0.119,18.2,0.127,0.1,79.07,24.98708,-3.58998,14.10589,7e-05,0.37049
129.5,ETH-27MAR20,1577617141346,open,0.04,0.0,0.017,0.066,0.038035,86.15,None,0.0,ETH-27MAR20-90-P,128.03,83.39,0.035,320.0,0.041,240.0,88.79,0.14405,-0.06981,-0.05697,0.00409,-0.14264
7323.44,SYN.BTC-10JAN20,1577617141404,open,0.15,0.0,0.131,0.172,0.15056627,63.4,None,0.0,BTC-10JAN20-6250-C,7309.69,41.47,0.147,3.0,0.1685,3.0,109.81,1.8601,-4.96507,1.84652,0.00017,0.92552
7323.44,SYN.BTC-10JAN20,1577617141404,open,0.01,48.2,0.0005,0.021,0.00651666,58.78,0.0065,0.0,BTC-10JAN20-6500-P,7309.69,57.32,0.006,15.0,0.007,30.1,60.11,2.63321,-6.51679,-0.30003,0.00026,-0.1194
7323.44,SYN.BTC-10JAN20,1577617141404,open,0.22,0.5,0.1995,0.235,0.21633945,72.79,0.2065,0.0,BTC-10JAN20-5750-C,7309.69,0.0,0.2145,0.1,0.2305,3.0,128.44,0.85371,-2.6162,1.80009,7e-05,0.9718
7323.44,SYN.BTC-10JAN20,1577617141404,open,0.0,83.9,0.0005,0.0125,0.00259892,68.96,0.0025,0.0,BTC-10JAN20-6000-P,7309.69,65.4,0.002,0.1,0.003,34.0,71.11,1.31878,-3.82916,-0.12058,0.00011,-0.048
7323.44,SYN.BTC-10JAN20,1577617141404,open,0.0,57.3,0.0005,0.015,0.00399676,63.42,0.005,0.0,BTC-10JAN20-6250-P,7309.69,61.41,0.0035,0.1,0.0045,31.0,65.35,1.86158,-4.97108,-0.18719,0.00017,-0.07456
7323.44,SYN.BTC-10JAN20,1577617141404,open,0.18,0.3,0.165,0.2035,0.18330566,68.93,0.174,0.0,BTC-10JAN20-6000-C,7309.69,0.0,0.1805,0.1,0.199,3.0,118.62,1.31704,-3.82212,1.8318,0.00011,0.95208
7323.44,SYN.BTC-10JAN20,1577617141404,open,0.12,0.0,0.098,0.1425,0.11894896,58.76,None,0.0,BTC-10JAN20-6500-C,7309.69,25.32,0.1125,3.0,0.139,3.0,101.3,2.63211,-6.51194,1.815,0.00026,0.88067
7323.44,SYN.BTC-10JAN20,1577617141404,open,0.0,35.7,0.0005,0.011,0.00149549,72.84,0.002,0.0,BTC-10JAN20-5750-P,7309.69,68.08,0.001,31.0,0.002,30.3,76.79,0.8558,-2.62451,-0.07095,7e-05,-0.02828
7323.44,SYN.BTC-10JAN20,1577617141407,open,0.0,55.0,0.0005,0.0165,0.00323131,55.45,0.003,0.0,BTC-10JAN20-8500-C,7309.69,52.4,0.0025,50.0,0.004,2.5,58.3,1.86998,-4.36577,0.17101,0.00019,0.075
7323.44,SYN.BTC-10JAN20,1577617141407,open,0.02,295.4,0.008,0.0465,0.01757258,50.26,0.016,0.0,BTC-10JAN20-7000-P,7309.69,49.34,0.017,0.4,0.0185,6.0,51.75,4.54626,-9.62107,-0.74092,0.00052,-0.29338
7323.44,SYN.BTC-10JAN20,1577617141407,open,0.03,49.2,0.018,0.0645,0.02942404,47.79,0.0315,0.0,BTC-10JAN20-7250-P,7309.69,45.78,0.028,15.6,0.032,38.6,51.41,5.20292,-10.46815,-1.11002,0.00062,-0.43643
7323.44,SYN.BTC-10JAN20,1577617141407,open,0.01,84.7,0.004,0.043,0.01361091,47.78,0.0145,0.0,BTC-10JAN20-7750-C,7309.69,45.9,0.0125,52.2,0.0145,48.9,49.26,4.36514,-8.78099,0.61014,0.00052,0.26967
7323.44,SYN.BTC-10JAN20,1577617141407,open,0.07,0.0,0.0535,0.109,0.07186471,47.79,None,0.0,BTC-10JAN20-7750-P,7309.69,0.0,0.0445,3.0,0.0985,3.0,88.27,4.36568,-8.78464,-1.91127,0.00052,-0.73026
7323.44,SYN.BTC-10JAN20,1577617141407,open,0.09,1.9,0.0685,0.117,0.08781776,51.91,0.0685,0.0,BTC-10JAN20-6750-C,7309.69,25.66,0.079,4.0,0.112,4.0,94.96,3.45913,-7.56029,1.74602,0.00038,0.82059
7323.44,SYN.BTC-10JAN20,1577617141407,open,0.04,106.5,0.026,0.074,0.03944467,47.78,0.0425,0.0,BTC-10JAN20-7250-C,7309.69,45.04,0.0375,14.3,0.0405,20.0,49.26,5.20291,-10.46573,1.24889,0.00062,0.56358
7323.44,SYN.BTC-10JAN20,1577617141407,open,0.05,3.8,0.033,0.0855,0.0481667,47.79,0.051,0.0,BTC-10JAN20-7500-P,7309.69,44.69,0.046,18.0,0.0505,18.0,51.11,5.12854,-10.31892,-1.52589,0.00061,-0.59222
7323.44,SYN.BTC-10JAN20,1577617141407,open,0.06,10.8,0.0445,0.094,0.06173044,50.25,0.061,0.0,BTC-10JAN20-7000-C,7309.69,45.8,0.059,6.0,0.0625,21.0,51.49,4.546,-9.6182,1.53671,0.00052,0.70666
7323.44,SYN.BTC-10JAN20,1577617141407,open,0.01,55.5,0.0005,0.023,0.00500176,52.52,0.005,0.0,BTC-10JAN20-8250-C,7309.69,49.48,0.004,69.0,0.006,39.0,55.29,2.53363,-5.60209,0.25755,0.00028,0.11309
7323.44,SYN.BTC-10JAN20,1577617141407,open,0.13,0.0,0.1085,0.164,0.13153,52.54,None,0.0,BTC-10JAN20-8250-P,7309.69,0.0,0.0,0.0,0.0,0.0,0.0,2.53557,-5.6091,-2.42642,0.00028,-0.88679
7323.44,SYN.BTC-10JAN20,1577617141407,open,0.1,0.0,0.0795,0.1355,0.10110463,51.2,None,0.0,BTC-10JAN20-8000-P,7309.69,0.0,0.0745,3.0,0.125,3.0,92.11,3.48163,-7.50577,-2.19174,0.00039,-0.81873
7323.44,SYN.BTC-10JAN20,1577617141407,open,0.01,96.6,0.0005,0.032,0.00952268,51.93,0.01,0.0,BTC-10JAN20-6750-P,7309.69,50.81,0.009,27.2,0.01,0.1,52.93,3.4599,-7.56419,-0.45033,0.00038,-0.17947
7323.44,SYN.BTC-10JAN20,1577617141409,open,0.01,40.1,0.0005,0.032,0.00871362,51.19,0.0095,0.0,BTC-10JAN20-8000-C,7309.69,49.66,0.008,15.0,0.0095,50.4,52.82,3.48052,-7.50074,0.41095,0.00039,0.18118
7323.44,SYN.BTC-10JAN20,1577617141409,open,0.16,0.0,0.1395,0.1945,0.16389676,55.49,None,0.0,BTC-10JAN20-8500-P,7309.69,0.0,0.0,0.0,0.0,0.0,0.0,1.87263,-4.37477,-2.59425,0.00019,-0.92486
7323.44,SYN.BTC-10JAN20,1577617141409,open,0.0,13.2,0.0005,0.012,0.00248391,60.06,0.002,0.0,BTC-10JAN20-8750-C,7309.69,54.55,0.0015,60.0,0.0035,60.0,64.59,1.49216,-3.77333,0.1277,0.00014,0.05608
7323.44,SYN.BTC-10JAN20,1577617141411,open,0.2,0.0,0.172,0.226,0.19728659,60.11,None,0.0,BTC-10JAN20-8750-P,7309.69,0.0,0.0,0.0,0.0,0.0,0.0,1.49523,-3.78397,-2.71889,0.00014,-0.94378
128.23,SYN.ETH-10JAN20,1577617141610,open,0.04,227.0,0.015,0.068,0.040201,64.62,0.045,0.0,ETH-10JAN20-130-C,128.03,58.76,0.036,180.0,0.043,1.0,68.51,0.09211,-0.25058,0.01819,0.02665,0.47624
133.52,SYN.ETH-25SEP20,1577617141761,open,1.48,0.0,1.377,1.604,1.484923,95.2,None,0.0,ETH-25SEP20-320-P,128.03,0.0,0.0,0.0,0.0,0.0,0.0,0.37008,-0.06503,-2.2086,0.00294,-0.74402
133.52,SYN.ETH-25SEP20,1577617141761,open,0.06,1.0,0.026,0.115,0.064055,98.62,0.067,0.0,ETH-25SEP20-400-C,128.03,95.55,0.057,100.0,0.071,100.0,101.5,0.31517,-0.05737,0.1278,0.00242,0.19303
133.52,SYN.ETH-25SEP20,1577617141761,open,0.13,2.0,0.075,0.191,0.129864,90.23,0.122,0.0,ETH-25SEP20-240-C,128.03,87.13,0.12,110.0,0.136,2.0,92.13,0.42917,-0.07148,0.22532,0.0036,0.35726
133.52,SYN.ETH-25SEP20,1577617141761,open,1.2,0.0,1.101,1.314,1.203337,93.07,None,0.0,ETH-25SEP20-280-P,128.03,0.0,0.0,0.0,0.0,0.0,0.0,0.40026,-0.06876,-1.88541,0.00325,-0.69944
133.52,SYN.ETH-25SEP20,1577617141761,open,0.09,19.0,0.042,0.145,0.088057,95.13,0.083,0.0,ETH-25SEP20-320-C,128.03,91.8,0.079,100.0,0.097,100.0,98.31,0.36983,-0.06494,0.16606,0.00294,0.25565
133.52,SYN.ETH-25SEP20,1577617141761,open,0.06,41.0,0.022,0.105,0.05605,100.2,0.05,0.0,ETH-25SEP20-440-C,128.03,96.89,0.049,100.0,0.063,100.0,103.3,0.29226,-0.05406,0.11399,0.0022,0.17109
133.52,SYN.ETH-25SEP20,1577617141761,open,0.05,77.0,0.018,0.095,0.048532,101.12,0.051,0.0,ETH-25SEP20-480-C,128.03,99.85,0.046,100.0,0.051,1.0,102.33,0.26905,-0.05022,0.10126,0.00201,0.15073
133.52,SYN.ETH-25SEP20,1577617141761,open,2.35,0.0,2.226,2.494,2.351741,100.32,None,0.0,ETH-25SEP20-440-P,128.03,0.0,0.0,0.0,0.0,0.0,0.0,0.29283,-0.05422,-3.15109,0.00221,-0.82839
133.52,SYN.ETH-25SEP20,1577617141761,open,2.06,0.0,1.94,2.194,2.060137,98.71,None,0.0,ETH-25SEP20-400-P,128.03,0.0,0.0,0.0,0.0,0.0,0.0,0.31563,-0.05751,-2.84047,0.00242,-0.80651
133.52,SYN.ETH-25SEP20,1577617141761,open,0.11,1.0,0.056,0.165,0.10608,93.01,0.097,0.0,ETH-25SEP20-280-C,128.03,89.61,0.096,110.0,0.116,110.0,96.29,0.4001,-0.06869,0.19244,0.00325,0.30029
133.52,SYN.ETH-25SEP20,1577617141761,open,0.93,0.0,0.832,1.029,0.927513,90.27,None,0.0,ETH-25SEP20-240-P,128.03,0.0,0.0,0.0,0.0,0.0,0.0,0.42926,-0.07152,-1.55572,0.00359,-0.64254
133.52,SYN.ETH-25SEP20,1577617141761,open,0.08,1.0,0.033,0.129,0.075049,97.19,0.067,0.0,ETH-25SEP20-360-C,128.03,93.98,0.067,100.0,0.083,100.0,100.23,0.34217,-0.06138,0.14542,0.00266,0.22181
133.52,SYN.ETH-25SEP20,1577617141763,open,1.77,0.0,1.657,1.898,1.771523,97.27,None,0.0,ETH-25SEP20-360-P,128.03,0.0,0.0,0.0,0.0,0.0,0.0,0.34252,-0.0615,-2.52604,0.00266,-0.77779
7380.19,SYN.BTC-28FEB20,1577617141887,open,0.27,0.0,0.249,0.2965,0.27089963,65.97,None,0.0,BTC-28FEB20-5500-C,7309.69,36.82,0.256,4.0,0.293,4.0,90.47,5.67041,-3.07264,7.61942,9e-05,0.88992
7380.19,SYN.BTC-28FEB20,1577617141887,open,0.33,0.0,0.3135,0.354,0.33203129,70.4,None,0.0,BTC-28FEB20-5000-C,7309.69,41.25,0.323,4.0,0.35,4.0,96.72,3.91544,-2.26407,7.39641,6e-05,0.93293
7380.19,SYN.BTC-28FEB20,1577617141887,open,0.03,29.2,0.0125,0.05,0.0270394,62.54,0.032,0.0,BTC-28FEB20-6000-P,7309.69,61.55,0.026,27.2,0.028,20.3,63.45,7.74236,-3.97716,-2.47511,0.00014,-0.17404
7380.19,SYN.BTC-28FEB20,1577617141887,open,0.02,29.7,0.006,0.0345,0.01614304,65.98,0.019,0.0,BTC-28FEB20-5500-P,7309.69,65.14,0.0155,20.0,0.0165,24.0,66.44,5.67102,-3.07325,-1.55389,9e-05,-0.1101
7380.19,SYN.BTC-28FEB20,1577617141887,open,0.21,0.0,0.189,0.243,0.21404659,62.54,None,0.0,BTC-28FEB20-6000-C,7309.69,41.94,0.1955,4.0,0.241,4.0,86.08,7.74198,-3.97665,7.53208,0.00014,0.82597
7380.19,SYN.BTC-28FEB20,1577617141887,open,0.07,9.5,0.0455,0.104,0.07113401,59.8,0.072,0.0,BTC-28FEB20-7000-P,7309.69,59.07,0.07,0.2,0.0725,19.3,60.69,11.35396,-5.57711,-5.39824,0.00021,-0.36743
7380.19,SYN.BTC-28FEB20,1577617141890,open,0.12,0.3,0.094,0.1555,0.1226424,59.8,0.126,0.0,BTC-28FEB20-7000-C,7309.69,58.08,0.12,14.4,0.1255,22.4,61.66,11.35394,-5.57674,6.27665,0.00021,0.63257
7380.19,SYN.BTC-28FEB20,1577617141890,open,0.01,34.2,0.0005,0.0235,0.0095253,70.41,0.0105,0.0,BTC-28FEB20-5000-P,7309.69,69.41,0.009,20.0,0.01,24.0,71.29,3.91625,-2.2648,-0.943,6e-05,-0.06709
7380.19,SYN.BTC-28FEB20,1577617141890,open,0.16,0.5,0.1365,0.1955,0.16407056,60.58,0.1685,0.0,BTC-28FEB20-6500-C,7309.69,38.29,0.1365,4.0,0.1955,4.0,83.45,9.8162,-4.88461,7.06363,0.00018,0.73794
7380.19,SYN.BTC-28FEB20,1577617141892,open,0.11,3.1,0.0755,0.142,0.10538525,59.23,0.12,0.0,BTC-28FEB20-7500-P,7309.69,57.46,0.1025,17.5,0.108,14.4,60.84,12.00634,-5.84133,-7.1847,0.00022,-0.47832
7380.19,SYN.BTC-28FEB20,1577617141892,open,0.25,0.0,0.218,0.2945,0.25306115,61.35,None,0.0,BTC-28FEB20-9000-P,7309.69,0.0,0.0,0.0,0.0,0.0,0.0,9.62816,-4.85174,-12.31587,0.00017,-0.74751
7380.19,SYN.BTC-28FEB20,1577617141892,open,0.05,16.7,0.0245,0.073,0.04481277,60.59,0.0455,0.0,BTC-28FEB20-6500-P,7309.69,59.22,0.043,23.8,0.0465,19.3,61.85,9.81637,-4.88503,-3.77743,0.00018,-0.26207
7380.19,SYN.BTC-28FEB20,1577617141892,open,0.15,0.0,0.1155,0.1875,0.14844147,59.64,None,0.0,BTC-28FEB20-8000-P,7309.69,35.66,0.1115,4.0,0.185,4.0,82.3,11.76353,-5.76213,-9.00206,0.00022,-0.58291
7380.19,SYN.BTC-28FEB20,1577617141892,open,0.06,36.4,0.0395,0.096,0.06445106,59.63,0.066,0.0,BTC-28FEB20-8000-C,7309.69,58.72,0.063,16.9,0.0665,1.3,60.92,11.76345,-5.76167,4.34049,0.00022,0.41708
7380.19,SYN.BTC-28FEB20,1577617141892,open,0.09,14.3,0.0615,0.122,0.08914424,59.23,0.091,0.0,BTC-28FEB20-7500-C,7309.69,57.91,0.087,15.8,0.0915,0.5,60.68,12.00635,-5.84094,5.32402,0.00022,0.52168
7380.19,SYN.BTC-28FEB20,1577617141892,open,0.2,0.0,0.164,0.239,0.19832952,60.48,None,0.0,BTC-28FEB20-8500-P,7309.69,23.59,0.155,0.1,0.0,0.0,0.0,10.87389,-5.40167,-10.7261,0.0002,-0.67308
7380.19,SYN.BTC-28FEB20,1577617141892,open,0.31,0.0,0.277,0.3535,0.31185857,62.61,None,0.0,BTC-28FEB20-9500-P,7309.69,0.0,0.0,0.0,0.0,0.0,0.0,8.31018,-4.27372,-13.74712,0.00015,-0.80499
7380.19,SYN.BTC-28FEB20,1577617141892,open,0.37,0.0,0.3385,0.415,0.37339282,64.09,None,0.0,BTC-28FEB20-10000-P,7309.69,0.0,0.0,0.0,0.0,0.0,0.0,7.07582,-3.72471,-15.03945,0.00012,-0.84844
7380.19,SYN.BTC-28FEB20,1577617141892,open,0.03,37.9,0.016,0.0605,0.03357193,61.35,0.0345,0.0,BTC-28FEB20-9000-C,7309.69,60.52,0.0325,18.8,0.035,0.5,62.43,9.62759,-4.85099,2.69432,0.00017,0.25246
7380.19,SYN.BTC-28FEB20,1577617141892,open,0.02,25.3,0.01,0.049,0.02461996,62.61,0.0245,0.0,BTC-28FEB20-9500-C,7309.69,62.05,0.024,19.4,0.0255,0.7,63.38,8.30927,-4.27276,2.09691,0.00015,0.19498
7380.19,SYN.BTC-28FEB20,1577617141892,open,0.05,183.6,0.025,0.076,0.04658971,60.48,0.0475,0.0,BTC-28FEB20-8500-C,7309.69,59.39,0.045,17.9,0.0485,1.5,61.77,10.87361,-5.4011,3.45027,0.0002,0.3269
7380.19,SYN.BTC-28FEB20,1577617141892,open,0.02,19.0,0.0065,0.04,0.01840481,64.08,0.019,0.0,BTC-28FEB20-10000-C,7309.69,63.66,0.018,27.9,0.019,50.0,64.7,7.07452,-3.72351,1.63841,0.00012,0.15151
129.5,ETH-27MAR20,1577617142091,open,0.03,7962.0,0.008,0.055,0.026507,94.05,0.026,0.0,ETH-27MAR20-240-C,128.03,92.63,0.025,300.0,0.028,300.0,95.41,0.13961,-0.07386,0.0346,0.00364,0.13623
131.55,ETH-26JUN20,1577617142091,open,0.02,727.0,0.007,0.057,0.025021,103.2,0.028,0.0,ETH-26JUN20-440-C,128.03,100.59,0.022,120.0,0.028,120.0,105.62,0.15736,-0.04514,0.04605,0.00179,0.09606
131.55,ETH-26JUN20,1577617142095,open,0.02,297.0,0.004,0.044,0.017014,109.25,0.019,0.0,ETH-26JUN20-560-C,128.03,105.71,0.014,120.0,0.02,120.0,112.4,0.11866,-0.03603,0.03184,0.00127,0.06612
128.57,SYN.ETH-31JAN20,1577617142095,open,0.01,1852.0,0.001,0.023,0.008504,76.36,0.007,0.0,ETH-31JAN20-180-C,128.03,73.07,0.007,520.0,0.01,240.0,79.36,0.0616,-0.07154,0.0092,0.00542,0.08795
128.11,SYN.ETH-3JAN20,1577617142101,open,0.15,1.0,0.116,0.172,0.143781,85.35,0.15,0.0,ETH-3JAN20-110-C,128.03,0.0,0.141,61.0,0.148,60.0,110.08,0.01657,-0.14507,0.0137,0.00886,0.94457
131.55,ETH-26JUN20,1577617142104,open,0.21,695.0,0.151,0.259,0.205851,83.03,0.212,0.0,ETH-26JUN20-140-C,128.03,78.01,0.192,180.0,0.219,180.0,87.82,0.36219,-0.0836,0.23818,0.00511,0.57325
129.5,ETH-27MAR20,1577617142144,open,0.0,5912.0,0.001,0.011,0.001861,120.0,0.005,0.0,ETH-27MAR20-600-C,128.03,126.71,0.003,220.0,0.005,397.0,135.02,0.01838,-0.01241,0.00286,0.00038,0.01092
7380.18,SYN.BTC-28FEB20,1577617142144,open,0.01,70.8,0.0025,0.0305,0.01221787,69.19,0.0115,0.0,BTC-28FEB20-11000-C,7309.69,67.47,0.011,20.0,0.0135,34.0,70.91,5.35975,-3.04571,1.10297,9e-05,0.10183
7380.18,SYN.BTC-28FEB20,1577617142143,open,0.5,0.0,0.4665,0.546,0.50270469,69.2,None,0.0,BTC-28FEB20-11000-P,7309.69,0.0,0.0,0.0,0.0,0.0,0.0,5.36142,-3.04714,-17.24269,9e-05,-0.89813
129.5,ETH-27MAR20,1577617142155,open,1.18,161.0,1.106,1.264,1.180166,100.0,1.397,0.0,ETH-27MAR20-280-P,128.03,0.0,0.002,50.0,0.0,0.0,0.0,0.10726,-0.06034,-0.65779,0.00263,-0.90589
128.57,SYN.ETH-31JAN20,1577617142155,open,0.14,405.0,0.099,0.182,0.139347,70.43,0.134,0.0,ETH-31JAN20-140-P,128.03,67.5,0.136,144.0,0.146,144.0,76.2,0.14729,-0.15777,-0.08757,0.01405,-0.61681
128.57,SYN.ETH-31JAN20,1577617142155,open,0.87,0.0,0.813,0.931,0.869272,99.23,None,0.0,ETH-31JAN20-240-P,128.03,0.0,0.01,50.0,0.0,0.0,0.0,0.02313,-0.03491,-0.21349,0.00157,-0.97423
128.57,SYN.ETH-31JAN20,1577617142155,open,0.26,1.0,0.22,0.311,0.264003,72.03,0.148,0.0,ETH-31JAN20-160-P,128.03,48.16,0.249,240.0,1.243,1.0,500.0,0.10236,-0.11213,-0.12517,0.00954,-0.81686
129.5,ETH-27MAR20,1577617142157,open,0.02,1037.0,0.009,0.047,0.02447,90.2,0.028,0.0,ETH-27MAR20-80-P,128.03,88.43,0.023,320.0,0.026,300.0,92.0,0.10884,-0.05523,-0.03799,0.00296,-0.096
129.5,ETH-27MAR20,1577617142157,open,1.79,7.0,1.702,1.89,1.790148,110.15,1.702,0.0,ETH-27MAR20-360-P,128.03,0.0,0.01,30.0,0.0,0.0,0.0,0.06983,-0.04327,-0.86285,0.00155,-0.94623
128.11,SYN.ETH-3JAN20,1577617142157,open,0.0,344.0,0.001,0.011,0.001478,101.62,0.001,0.0,ETH-3JAN20-160-C,128.03,0.0,0.0,0.0,0.003,396.0,115.78,0.01099,-0.11458,0.00055,0.00493,0.03334
128.11,SYN.ETH-3JAN20,1577617142157,open,0.01,894.0,0.001,0.03,0.009476,70.64,0.01,0.0,ETH-3JAN20-120-P,128.03,69.16,0.009,13.0,0.01,1.0,72.25,0.04144,-0.30022,-0.00358,0.02676,-0.19992
128.57,SYN.ETH-31JAN20,1577617142157,open,0.0,1797.0,0.001,0.012,0.00249,108.5,0.004,0.0,ETH-31JAN20-260-C,128.03,96.39,0.001,2.0,0.004,397.0,116.42,0.02085,-0.03441,0.00235,0.00129,0.02277
129.5,ETH-27MAR20,1577617142162,open,0.73,30.0,0.666,0.806,0.732352,90.91,0.306,0.0,ETH-27MAR20-220-P,128.03,0.0,0.001,9.0,0.0,0.0,0.0,0.16126,-0.08248,-0.49288,0.00434,-0.83072
131.55,ETH-26JUN20,1577617142162,open,3.27,0.0,3.138,3.428,3.27395,109.25,None,0.0,ETH-26JUN20-560-P,128.03,0.0,0.01,50.0,0.0,0.0,0.0,0.11866,-0.03603,-2.7279,0.00127,-0.93388
129.5,ETH-27MAR20,1577617142162,open,0.01,1564.0,0.003,0.034,0.012999,105.04,0.011,0.0,ETH-27MAR20-320-C,128.03,101.83,0.011,260.0,0.015,800.0,107.99,0.0845,-0.04994,0.01754,0.00197,0.06863
129.5,ETH-27MAR20,1577617142162,open,0.06,2459.0,0.029,0.1,0.061501,85.75,0.066,0.0,ETH-27MAR20-180-C,128.03,84.25,0.059,3.0,0.064,587.0,87.24,0.21713,-0.10475,0.07063,0.0062,0.2855
131.55,ETH-26JUN20,1577617142162,open,3.88,0.0,3.727,4.048,3.878094,111.48,None,0.0,ETH-26JUN20-640-P,128.03,0.0,0.011,1.0,0.0,0.0,0.0,0.09756,-0.03023,-3.12902,0.00103,-0.94847
129.5,ETH-27MAR20,1577617142162,open,0.0,2340.0,0.001,0.014,0.003641,119.99,0.004,0.0,ETH-27MAR20-520-C,128.03,121.44,0.004,10.0,0.006,300.0,128.22,0.03107,-0.02097,0.00519,0.00063,0.0201
128.11,SYN.ETH-3JAN20,1577617142162,open,0.02,2641.0,0.004,0.047,0.022032,62.03,0.027,0.0,ETH-3JAN20-130-C,128.03,57.56,0.02,6.0,0.024,6.0,66.36,0.05824,-0.37049,0.00704,0.04282,0.43316
128.11,SYN.ETH-3JAN20,1577617142162,open,0.01,970.0,0.001,0.021,0.005457,68.55,0.006,0.0,ETH-3JAN20-140-C,128.03,66.74,0.005,10.0,0.006,438.0,70.62,0.03295,-0.23159,0.0023,0.02192,0.13994
128.11,SYN.ETH-3JAN20,1577617142162,open,0.0,391.0,0.001,0.012,0.001973,81.44,0.003,0.0,ETH-3JAN20-150-C,128.03,71.92,0.001,12.0,0.003,300.0,88.88,0.01568,-0.13091,0.00085,0.00878,0.05167
128.57,SYN.ETH-31JAN20,1577617142162,open,0.0,1494.0,0.001,0.015,0.00449,82.28,0.004,0.0,ETH-31JAN20-200-C,128.03,80.58,0.004,520.0,0.005,1.0,83.93,0.03844,-0.0481,0.00502,0.00314,0.04787
131.55,ETH-26JUN20,1577617142164,open,2.97,0.0,2.843,3.116,2.971412,106.8,None,0.0,ETH-26JUN20-520-P,128.03,0.0,0.01,50.0,0.0,0.0,0.0,0.12722,-0.03777,-2.52771,0.0014,-0.92762
131.55,ETH-26JUN20,1577617142164,open,0.9,4.0,0.816,0.991,0.899974,90.03,0.934,0.0,ETH-26JUN20-240-P,128.03,0.0,0.01,50.0,0.0,0.0,0.0,0.30108,-0.07535,-1.06149,0.00392,-0.7374
129.5,ETH-27MAR20,1577617142164,open,0.29,1002.0,0.246,0.323,0.28524,83.3,0.29,0.0,ETH-27MAR20-100-C,128.03,64.13,0.26,43.0,0.32,43.0,107.38,0.17998,-0.08434,0.16168,0.00529,0.79799
131.55,ETH-26JUN20,1577617142164,open,0.09,805.0,0.047,0.14,0.089585,88.6,0.085,0.0,ETH-26JUN20-220-C,128.03,86.72,0.085,427.0,0.094,140.0,90.39,0.32252,-0.07943,0.13835,0.00427,0.30299
131.55,ETH-26JUN20,1577617142164,open,0.01,636.0,0.003,0.037,0.013024,111.48,0.015,0.0,ETH-26JUN20-640-C,128.03,108.61,0.011,120.0,0.015,120.0,114.03,0.09756,-0.03023,0.02496,0.00103,0.05153
128.11,SYN.ETH-3JAN20,1577617142164,open,0.04,953.0,0.011,0.068,0.036859,62.21,0.043,0.0,ETH-3JAN20-130-P,128.03,53.69,0.033,180.0,0.041,180.0,71.29,0.05825,-0.37157,-0.01033,0.04271,-0.56658
131.55,ETH-26JUN20,1577617142168,open,0.03,1150.0,0.009,0.064,0.029538,100.99,0.03,0.0,ETH-26JUN20-400-C,128.03,98.26,0.026,120.0,0.033,420.0,103.5,0.1763,-0.04949,0.05369,0.00205,0.11235
131.55,ETH-26JUN20,1577617142168,open,2.67,0.0,2.55,2.807,2.67032,105.19,None,0.0,ETH-26JUN20-480-P,128.03,0.0,0.01,50.0,0.0,0.0,0.0,0.14147,-0.04137,-2.32547,0.00158,-0.91676
128.11,SYN.ETH-3JAN20,1577617142168,open,0.0,2109.0,0.001,0.011,0.001057,109.42,0.002,0.0,ETH-3JAN20-100-P,128.03,0.0,0.0,0.0,0.002,25.0,122.26,0.00765,-0.08581,-0.00039,0.00319,-0.02158
128.57,SYN.ETH-31JAN20,1577617142168,open,0.56,0.0,0.512,0.613,0.560139,82.68,None,0.0,ETH-31JAN20-200-P,128.03,0.0,0.01,50.0,0.0,0.0,0.0,0.03904,-0.04909,-0.17502,0.00317,-0.95119
131.55,ETH-26JUN20,1577617142169,open,0.11,1440.0,0.061,0.161,0.108611,87.49,0.111,0.0,ETH-26JUN20-200-C,128.03,85.71,0.104,283.0,0.113,140.0,89.16,0.3434,-0.08351,0.15896,0.0046,0.35381
131.55,ETH-26JUN20,1577617142169,open,1.77,1.0,1.672,1.885,1.771632,98.19,1.827,0.0,ETH-26JUN20-360-P,128.03,0.0,0.015,2.0,0.0,0.0,0.0,0.1977,-0.05396,-1.71108,0.00236,-0.86774
128.57,SYN.ETH-31JAN20,1577617142169,open,0.02,4141.0,0.005,0.036,0.017126,81.76,0.02,0.0,ETH-31JAN20-100-P,128.03,78.25,0.015,800.0,0.019,610.0,84.72,0.07974,-0.09915,-0.01654,0.00655,-0.12569
129.5,ETH-27MAR20,1577617142172,open,1.48,10.0,1.403,1.576,1.484233,105.33,1.59,0.0,ETH-27MAR20-320-P,128.03,0.0,0.011,5.0,0.0,0.0,0.0,0.0852,-0.05049,-0.76147,0.00198,-0.93064
128.57,SYN.ETH-31JAN20,1577617142172,open,0.02,1561.0,0.006,0.041,0.019485,71.91,0.02,0.0,ETH-31JAN20-160-C,128.03,68.71,0.017,728.0,0.022,532.0,75.01,0.10218,-0.11175,0.01889,0.00954,0.18264
131.55,ETH-26JUN20,1577617142175,open,0.18,1732.0,0.125,0.234,0.177968,83.03,0.188,0.0,ETH-26JUN20-120-P,128.03,78.71,0.167,252.0,0.181,300.0,84.23,0.33308,-0.07688,-0.32716,0.0047,-0.32668
131.55,ETH-26JUN20,1577617142175,open,0.01,315.0,0.003,0.039,0.014522,110.04,0.017,0.0,ETH-26JUN20-600-C,128.03,106.72,0.012,420.0,0.017,120.0,112.96,0.10602,-0.03243,0.0277,0.00113,0.05724
129.5,ETH-27MAR20,1577617142175,open,0.06,1569.0,0.029,0.091,0.057461,83.31,0.067,0.0,ETH-27MAR20-100-P,128.03,81.53,0.055,320.0,0.06,285.0,85.13,0.17999,-0.08436,-0.08183,0.00529,-0.20203
131.55,ETH-26JUN20,1577617142175,open,0.02,379.0,0.006,0.051,0.021518,105.19,0.024,0.0,ETH-26JUN20-480-C,128.03,102.77,0.019,120.0,0.024,120.0,107.43,0.14147,-0.04137,0.04002,0.00158,0.08324
129.5,ETH-27MAR20,1577617142177,open,0.59,1147.0,0.524,0.658,0.588517,87.93,0.645,0.0,ETH-27MAR20-200-P,128.03,0.0,0.001,9.0,0.0,0.0,0.0,0.18737,-0.09269,-0.4327,0.00522,-0.7837
129.5,ETH-27MAR20,1577617142177,open,3.33,0.0,3.199,3.468,3.327245,121.73,None,0.0,ETH-27MAR20-560-P,128.03,0.0,0.02,50.0,0.0,0.0,0.0,0.02597,-0.01779,-1.35936,0.00052,-0.98371
131.55,ETH-26JUN20,1577617142177,open,2.07,0.0,1.963,2.191,2.070207,100.99,None,0.0,ETH-26JUN20-400-P,128.03,0.0,0.01,50.0,0.0,0.0,0.0,0.1763,-0.04949,-1.91755,0.00205,-0.88765
128.11,SYN.ETH-3JAN20,1577617142177,open,0.17,0.0,0.138,0.212,0.172927,82.17,None,0.0,ETH-3JAN20-150-P,128.03,0.0,0.0,0.0,0.0,0.0,0.0,0.01607,-0.13545,-0.01916,0.00892,-0.94667
131.55,ETH-26JUN20,1577617142179,open,0.5,426.0,0.427,0.582,0.502898,86.81,0.47,0.0,ETH-26JUN20-180-P,128.03,76.13,0.474,180.0,0.545,200.0,102.01,0.3604,-0.08697,-0.70404,0.00487,-0.58309
129.5,ETH-27MAR20,1577617142179,open,0.03,1232.0,0.012,0.065,0.0335,90.9,0.036,0.0,ETH-27MAR20-220-C,128.03,89.69,0.032,300.0,0.035,299.0,92.1,0.16124,-0.08246,0.0428,0.00434,0.16924
131.55,ETH-26JUN20,1577617142232,open,0.06,591.0,0.023,0.1,0.056047,92.88,0.061,0.0,ETH-26JUN20-280-C,128.03,91.32,0.053,140.0,0.059,57.0,94.36,0.26051,-0.06726,0.09497,0.00329,0.20254
131.55,ETH-26JUN20,1577617142232,open,1.18,0.0,1.096,1.283,1.184515,92.88,None,0.0,ETH-26JUN20-280-P,128.03,0.0,0.011,3.0,0.0,0.0,0.0,0.26051,-0.06726,-1.2849,0.00329,-0.79746
131.55,ETH-26JUN20,1577617142232,open,0.02,546.0,0.009,0.043,0.022962,92.09,0.021,0.0,ETH-26JUN20-60-P,128.03,89.77,0.021,750.0,0.025,2.0,94.43,0.11298,-0.02892,-0.05513,0.00144,-0.06208
129.5,ETH-27MAR20,1577617142232,open,0.88,118.0,0.811,0.957,0.879924,94.17,0.978,0.0,ETH-27MAR20-240-P,128.03,0.0,0.005,10.0,0.0,0.0,0.0,0.13993,-0.07413,-0.54969,0.00364,-0.86332
129.5,ETH-27MAR20,1577617142232,open,0.0,1221.0,0.001,0.011,0.001352,120.0,0.005,0.0,ETH-27MAR20-640-C,128.03,125.08,0.002,260.0,0.004,300.0,135.57,0.01423,-0.00961,0.00214,0.00029,0.00814
128.57,SYN.ETH-31JAN20,1577617142232,open,0.71,1.0,0.662,0.772,0.714206,90.25,0.739,0.0,ETH-31JAN20-220-P,128.03,0.0,0.01,50.0,0.0,0.0,0.0,0.02794,-0.03835,-0.19477,0.00208,-0.96766
128.11,SYN.ETH-3JAN20,1577617142232,open,0.22,1.0,0.196,0.246,0.220421,108.38,0.208,0.0,ETH-3JAN20-100-C,128.03,0.0,0.209,32.0,0.233,32.0,194.76,0.00737,-0.08191,0.01299,0.0031,0.97934
128.57,SYN.ETH-31JAN20,1577617142232,open,0.05,1871.0,0.024,0.08,0.050393,70.36,0.056,0.0,ETH-31JAN20-140-C,128.03,66.5,0.046,513.0,0.053,192.0,72.63,0.14727,-0.15758,0.03852,0.01406,0.38299
128.57,SYN.ETH-31JAN20,1577617142232,open,0.0,824.0,0.001,0.012,0.002494,98.41,0.006,0.0,ETH-31JAN20-240-C,128.03,87.09,0.001,222.0,0.004,300.0,105.81,0.0223,-0.03338,0.00257,0.00152,0.02467
129.5,ETH-27MAR20,1577617142234,open,0.21,642.0,0.156,0.264,0.20924,81.4,0.197,0.0,ETH-27MAR20-140-P,128.03,76.71,0.2,144.0,0.215,320.0,84.33,0.25493,-0.11675,-0.22279,0.00767,-0.4973
129.5,ETH-27MAR20,1577617142234,open,0.01,1305.0,0.001,0.029,0.010011,109.75,0.012,0.0,ETH-27MAR20-360-C,128.03,105.71,0.008,560.0,0.012,560.0,113.28,0.06895,-0.04257,0.01353,0.00154,0.05292
129.5,ETH-27MAR20,1577617142234,open,0.01,1405.0,0.001,0.026,0.008497,115.02,0.008,0.0,ETH-27MAR20-400-C,128.03,111.58,0.007,270.0,0.01,560.0,118.12,0.05977,-0.03868,0.01128,0.00127,0.04427
128.57,SYN.ETH-31JAN20,1577617142234,open,0.41,25.0,0.363,0.458,0.408587,76.59,0.35,0.0,ETH-31JAN20-180-P,128.03,0.0,0.012,5.0,0.0,0.0,0.0,0.06199,-0.07221,-0.15285,0.00544,-0.9113
129.5,ETH-27MAR20,1577617142236,open,0.04,2457.0,0.018,0.079,0.043996,87.85,0.039,0.0,ETH-27MAR20-200-C,128.03,85.75,0.041,300.0,0.047,486.0,89.9,0.1872,-0.09252,0.05423,0.00522,0.21596
129.5,ETH-27MAR20,1577617142236,open,2.1,5.0,2.001,2.206,2.097539,115.54,2.004,0.0,ETH-27MAR20-400-P,128.03,0.0,0.046,50.0,0.0,0.0,0.0,0.06081,-0.03952,-0.96248,0.00129,-0.95478
129.5,ETH-27MAR20,1577617142236,open,0.09,1328.0,0.049,0.129,0.087049,83.12,0.09,0.0,ETH-27MAR20-160-C,128.03,80.42,0.082,300.0,0.092,278.0,85.75,0.24293,-0.1136,0.09176,0.00716,0.37806
131.55,ETH-26JUN20,1577617142236,open,0.63,245.0,0.55,0.712,0.628945,87.49,0.71,0.0,ETH-26JUN20-200-P,128.03,0.0,0.001,10.0,0.0,0.0,0.0,0.3434,-0.08351,-0.82666,0.0046,-0.64619
131.55,ETH-26JUN20,1577617142236,open,0.27,176.0,0.213,0.316,0.265767,83.03,0.279,0.0,ETH-26JUN20-120-C,128.03,69.36,0.231,50.0,0.281,180.0,89.06,0.33308,-0.07688,0.26421,0.0047,0.67332
128.11,SYN.ETH-3JAN20,1577617142236,open,0.0,594.0,0.001,0.014,0.002481,85.87,0.002,0.0,ETH-3JAN20-110-P,128.03,82.0,0.002,300.0,0.003,28.0,89.63,0.01681,-0.14804,-0.00101,0.00893,-0.05644
131.55,ETH-26JUN20,1577617142238,open,0.05,1008.0,0.028,0.086,0.053906,86.74,0.054,0.0,ETH-26JUN20-80-P,128.03,83.42,0.049,294.0,0.059,494.0,90.11,0.19649,-0.04737,-0.11993,0.00266,-0.13109
129.5,ETH-27MAR20,1577617142238,open,0.0,885.0,0.001,0.012,0.002588,120.0,0.004,0.0,ETH-27MAR20-560-C,128.03,122.12,0.003,220.0,0.006,397.0,133.49,0.02385,-0.0161,0.00383,0.00049,0.01475
129.5,ETH-27MAR20,1577617142238,open,0.45,1550.0,0.389,0.518,0.45157,85.82,0.495,0.0,ETH-27MAR20-180-P,128.03,68.13,0.424,300.0,0.475,1.0,99.27,0.21722,-0.10487,-0.36761,0.0062,-0.71425
128.57,SYN.ETH-31JAN20,1577617142238,open,0.05,1277.0,0.026,0.085,0.052928,71.0,0.052,0.0,ETH-31JAN20-120-P,128.03,69.24,0.051,192.0,0.055,150.0,72.9,0.14032,-0.15153,-0.04475,0.01327,-0.33345
128.57,SYN.ETH-31JAN20,1577617142238,open,0.0,1631.0,0.001,0.012,0.002993,89.63,0.004,0.0,ETH-31JAN20-220-C,128.03,84.33,0.002,520.0,0.004,240.0,93.97,0.02719,-0.03706,0.00328,0.00204,0.03129
128.57,SYN.ETH-31JAN20,1577617142238,open,1.02,0.0,0.964,1.092,1.024833,109.45,None,0.0,ETH-31JAN20-260-P,128.03,0.0,0.01,50.0,0.0,0.0,0.0,0.0217,-0.03613,-0.23172,0.00133,-0.97612
129.5,ETH-27MAR20,1577617142240,open,0.02,2240.0,0.005,0.042,0.018003,100.0,0.017,0.0,ETH-27MAR20-280-C,128.03,97.51,0.016,310.0,0.02,800.0,102.35,0.10726,-0.06034,0.024,0.00263,0.09411
131.55,ETH-26JUN20,1577617142239,open,0.38,833.0,0.31,0.453,0.380718,84.73,0.354,0.0,ETH-26JUN20-160-P,128.03,76.6,0.358,180.0,0.402,180.0,92.33,0.36823,-0.08673,-0.57917,0.0051,-0.51266
129.5,ETH-27MAR20,1577617142240,open,3.64,0.0,3.499,3.784,3.635422,122.36,None,0.0,ETH-27MAR20-600-P,128.03,0.0,0.03,50.0,0.0,0.0,0.0,0.02086,-0.01436,-1.45769,0.00042,-0.98737
131.55,ETH-26JUN20,1577617142242,open,0.27,1336.0,0.207,0.335,0.270085,83.03,0.286,0.0,ETH-26JUN20-140-P,128.03,76.84,0.253,180.0,0.288,180.0,89.56,0.36219,-0.0836,-0.45175,0.00511,-0.42675
128.11,SYN.ETH-3JAN20,1577617142242,open,0.1,136.0,0.064,0.135,0.098347,68.88,0.1,0.0,ETH-3JAN20-140-P,128.03,46.82,0.094,60.0,0.101,60.0,78.38,0.03314,-0.23411,-0.01638,0.02195,-0.85882
129.5,ETH-27MAR20,1577617142243,open,3.95,0.0,3.798,4.102,3.943437,120.0,None,0.0,ETH-27MAR20-640-P,128.03,0.0,0.01,50.0,0.0,0.0,0.0,0.01423,-0.00961,-1.55623,0.00029,-0.99185
128.57,SYN.ETH-31JAN20,1577617142244,open,0.12,350.0,0.085,0.153,0.119539,70.94,0.123,0.0,ETH-31JAN20-120-C,128.03,65.84,0.114,144.0,0.124,144.0,75.02,0.14031,-0.15138,0.06336,0.01328,0.66662
128.11,SYN.ETH-3JAN20,1577617142243,open,0.07,1057.0,0.041,0.103,0.072712,70.41,0.077,0.0,ETH-3JAN20-120-C,128.03,54.39,0.068,60.0,0.076,60.0,80.2,0.04136,-0.29864,0.01246,0.02679,0.80076
131.55,ETH-26JUN20,1577617142246,open,2.37,0.0,2.256,2.499,2.369757,103.2,None,0.0,ETH-26JUN20-440-P,128.03,0.0,0.01,50.0,0.0,0.0,0.0,0.15736,-0.04514,-2.12231,0.00179,-0.90394
129.5,ETH-27MAR20,1577617142246,open,0.01,1189.0,0.001,0.023,0.006997,118.76,0.007,0.0,ETH-27MAR20-440-C,128.03,116.1,0.006,30.0,0.008,355.0,121.2,0.05099,-0.03407,0.00927,0.00105,0.0364
128.11,SYN.ETH-3JAN20,1577617142248,open,0.25,0.0,0.213,0.293,0.250496,102.74,None,0.0,ETH-3JAN20-160-P,128.03,0.0,0.0,0.0,0.0,0.0,0.0,0.01143,-0.12039,-0.0208,0.00507,-0.96505
128.11,SYN.ETH-3JAN20,1577617143014,open,0.0,12.0,0.001,0.011,0.000983,116.24,0.001,0.0,ETH-3JAN20-170-C,128.03,0.0,0.0,0.0,0.002,326.0,130.05,0.00739,-0.08814,0.00034,0.0029,0.02074
128.11,SYN.ETH-3JAN20,1577617143014,open,0.33,0.0,0.289,0.372,0.328065,117.97,None,0.0,ETH-3JAN20-170-P,128.03,0.0,0.0,0.0,0.0,0.0,0.0,0.00789,-0.09544,-0.02234,0.00305,-0.97761
128.23,SYN.ETH-10JAN20,1577617143018,open,0.0,101.0,0.001,0.011,0.001489,79.16,0.001,0.0,ETH-10JAN20-170-C,128.03,74.47,0.001,2.0,0.002,100.0,83.11,0.01507,-0.05023,0.00113,0.00356,0.02848
128.23,SYN.ETH-10JAN20,1577617143018,open,0.32,0.0,0.288,0.371,0.327372,80.02,None,0.0,ETH-10JAN20-170-P,128.03,0.0,0.0,0.0,0.0,0.0,0.0,0.01571,-0.05294,-0.05413,0.00367,-0.97005
7678.77,SYN.BTC-25SEP20,1577617143154,open,0.35,0.9,0.306,0.396,0.34733956,73.8,0.3505,0.0,BTC-25SEP20-6000-C,7309.69,73.3,0.346,0.1,0.383,5.0,87.09,20.56984,-2.80209,23.50915,6e-05,0.75988
7678.77,SYN.BTC-25SEP20,1577617143154,open,0.58,1.0,0.51,0.653,0.57474411,76.81,0.59,0.0,BTC-25SEP20-11000-P,7309.69,0.0,0.015,1.0,0.715,0.1,117.85,25.80141,-3.65795,-66.03832,8e-05,-0.58411
7678.77,SYN.BTC-25SEP20,1577617143154,open,0.46,1.0,0.4035,0.5385,0.46457746,74.64,0.485,0.0,BTC-25SEP20-10000-P,7309.69,0.0,0.01,1.0,0.51,1.0,87.87,26.28503,-3.62124,-56.99519,8e-05,-0.53558
7678.77,SYN.BTC-25SEP20,1577617143154,open,0.04,13.2,0.0195,0.0645,0.03702381,75.08,0.042,0.0,BTC-25SEP20-4000-P,7309.69,73.27,0.0345,20.0,0.0395,15.0,76.81,10.87217,-1.50665,-7.32242,3e-05,-0.09147
7678.77,SYN.BTC-25SEP20,1577617143157,open,0.52,0.0,0.4915,0.547,0.51610863,75.08,None,0.0,BTC-25SEP20-4000-C,7309.69,62.18,0.4995,6.0,0.54,6.0,90.7,10.8723,-1.50669,22.36243,3e-05,0.90853
7678.77,SYN.BTC-25SEP20,1577617143157,open,0.14,31.3,0.0955,0.2025,0.14222738,76.81,0.14,0.0,BTC-25SEP20-11000-C,7309.69,75.7,0.1385,17.9,0.146,0.1,77.93,25.80148,-3.65801,15.59552,8e-05,0.4159
7678.77,SYN.BTC-25SEP20,1577617143157,open,0.42,0.0,0.3895,0.464,0.42320783,73.8,None,0.0,BTC-25SEP20-5000-C,7309.69,61.59,0.3985,5.0,0.4545,5.0,88.31,16.12324,-2.19636,23.72696,5e-05,0.83957
7678.77,SYN.BTC-25SEP20,1577617143157,open,0.07,105.6,0.0465,0.1135,0.0743518,73.8,0.074,0.0,BTC-25SEP20-5000-P,7309.69,70.99,0.0685,18.7,0.0775,13.0,75.29,16.12317,-2.19633,-13.37914,5e-05,-0.16043
7678.77,SYN.BTC-25SEP20,1577617143159,open,0.37,1.0,0.3095,0.4385,0.36788357,74.64,0.375,0.0,BTC-25SEP20-9000-P,7309.69,65.64,0.337,5.0,0.391,5.0,81.4,26.31682,-3.62563,-47.76386,8e-05,-0.47028
128.57,SYN.ETH-31JAN20,1577617143162,open,0.2,0.0,0.155,0.243,0.197605,70.45,None,0.0,ETH-31JAN20-150-P,128.03,56.85,0.185,240.0,1.165,1.0,500.0,0.12677,-0.13583,-0.10782,0.01208,-0.73344
128.57,SYN.ETH-31JAN20,1577617143162,open,0.18,0.0,0.141,0.208,0.17504,75.69,None,0.0,ETH-31JAN20-110-C,128.03,68.57,0.169,48.0,0.178,48.0,79.06,0.11174,-0.12863,0.07102,0.00992,0.78828
128.57,SYN.ETH-31JAN20,1577617143162,open,0.01,0.0,0.001,0.024,0.009487,89.28,None,0.0,ETH-31JAN20-90-P,128.03,88.07,0.009,240.0,0.01,103.0,90.52,0.05262,-0.07145,-0.00937,0.00396,-0.07143
128.57,SYN.ETH-31JAN20,1577617143162,open,0.08,72.0,0.047,0.112,0.079107,70.35,0.08,0.0,ETH-31JAN20-130-C,128.03,66.08,0.074,2.0,0.083,144.0,73.61,0.15372,-0.16447,0.0512,0.01468,0.52126
128.57,SYN.ETH-31JAN20,1577617143164,open,0.03,1123.0,0.012,0.056,0.030647,75.76,0.029,0.0,ETH-31JAN20-110-P,128.03,72.69,0.028,452.0,0.033,577.0,78.45,0.11179,-0.12882,-0.02809,0.00991,-0.21189
128.57,SYN.ETH-31JAN20,1577617143164,open,0.01,112.0,0.003,0.031,0.012916,74.41,0.012,0.0,ETH-31JAN20-170-C,128.03,71.24,0.011,540.0,0.015,530.0,77.63,0.08047,-0.09107,0.01325,0.00726,0.12735
128.57,SYN.ETH-31JAN20,1577617143164,open,0.03,104.0,0.012,0.056,0.030869,70.36,0.029,0.0,ETH-31JAN20-150-C,128.03,67.41,0.028,526.0,0.033,240.0,72.51,0.12668,-0.13556,0.02725,0.01209,0.2662
128.57,SYN.ETH-31JAN20,1577617143164,open,0.33,0.0,0.29,0.384,0.335217,74.57,None,0.0,ETH-31JAN20-170-P,128.03,0.0,0.318,240.0,1.32,1.0,500.0,0.08074,-0.09158,-0.13981,0.00727,-0.87203
128.57,SYN.ETH-31JAN20,1577617143164,open,0.31,0.0,0.283,0.336,0.309445,89.14,None,0.0,ETH-31JAN20-90-C,128.03,0.0,0.293,37.0,0.325,37.0,119.47,0.05248,-0.07116,0.07173,0.00395,0.92881
128.57,SYN.ETH-31JAN20,1577617143164,open,0.09,1.0,0.055,0.128,0.090279,70.41,0.087,0.0,ETH-31JAN20-130-P,128.03,67.67,0.087,144.0,0.095,260.0,74.36,0.15372,-0.16462,-0.06589,0.01466,-0.47868
129.04,SYN.ETH-28FEB20,1577617143176,open,0.05,2.0,0.022,0.081,0.049008,75.55,0.054,0.0,ETH-28FEB20-160-C,128.03,73.4,0.046,657.0,0.052,180.0,77.67,0.18144,-0.11259,0.05265,0.00865,0.29365
129.04,SYN.ETH-28FEB20,1577617143176,open,0.16,0.0,0.116,0.195,0.156539,75.54,None,0.0,ETH-28FEB20-120-C,128.03,71.2,0.15,240.0,0.159,240.0,77.17,0.19487,-0.1209,0.10654,0.00929,0.65159
129.04,SYN.ETH-28FEB20,1577617143179,open,0.29,0.0,0.238,0.343,0.289059,75.62,None,0.0,ETH-28FEB20-160-P,128.03,0.0,0.0,0.0,0.0,0.0,0.0,0.18151,-0.11274,-0.21417,0.00864,-0.70609
129.04,SYN.ETH-28FEB20,1577617143179,open,0.17,0.0,0.126,0.221,0.172828,74.4,None,0.0,ETH-28FEB20-140-P,128.03,72.03,0.169,144.0,0.18,144.0,78.83,0.20881,-0.1276,-0.15478,0.01011,-0.54636
129.04,SYN.ETH-28FEB20,1577617143179,open,0.12,50.0,0.083,0.169,0.124957,74.39,0.141,0.0,ETH-28FEB20-130-P,128.03,71.94,0.121,144.0,0.131,144.0,78.13,0.20853,-0.12742,-0.12359,0.01009,-0.4493
129.04,SYN.ETH-28FEB20,1577617143179,open,0.12,2.0,0.079,0.156,0.117415,74.34,0.106,0.0,ETH-28FEB20-130-C,128.03,70.99,0.112,220.0,0.121,220.0,76.56,0.20854,-0.12734,0.09324,0.0101,0.55065
129.04,SYN.ETH-28FEB20,1577617143179,open,0.32,20.0,0.293,0.355,0.324176,84.24,0.328,0.0,ETH-28FEB20-90-C,128.03,38.33,0.303,40.0,0.343,40.0,106.0,0.09997,-0.06917,0.12148,0.00427,0.88863
129.04,SYN.ETH-28FEB20,1577617143179,open,0.2,0.0,0.165,0.241,0.204056,77.1,None,0.0,ETH-28FEB20-110-C,128.03,70.87,0.196,48.0,0.207,48.0,79.35,0.1686,-0.10677,0.1168,0.00787,0.74677
129.04,SYN.ETH-28FEB20,1577617143179,open,0.04,2.0,0.015,0.068,0.037989,77.36,0.037,0.0,ETH-28FEB20-170-C,128.03,74.96,0.035,664.0,0.041,180.0,79.72,0.16284,-0.10347,0.04291,0.00758,0.23739
129.04,SYN.ETH-28FEB20,1577617143179,open,0.23,0.0,0.179,0.28,0.22855,75.19,None,0.0,ETH-28FEB20-150-P,128.03,0.0,0.0,0.0,0.0,0.0,0.0,0.19865,-0.12268,-0.18516,0.00951,-0.63183
129.04,SYN.ETH-28FEB20,1577617143179,open,0.26,21.0,0.225,0.294,0.260059,79.54,0.267,0.0,ETH-28FEB20-100-C,128.03,51.32,0.235,40.0,0.284,40.0,101.16,0.13424,-0.08769,0.12228,0.00608,0.82824
129.04,SYN.ETH-28FEB20,1577617143182,open,0.35,0.0,0.303,0.412,0.355544,77.44,None,0.0,ETH-28FEB20-170-P,128.03,0.0,0.0,0.0,0.0,0.0,0.0,0.16297,-0.10366,-0.24057,0.00758,-0.76228
129.04,SYN.ETH-28FEB20,1577617143182,open,0.5,0.0,0.442,0.556,0.496551,81.37,None,0.0,ETH-28FEB20-190-P,128.03,0.0,0.0,0.0,0.0,0.0,0.0,0.12774,-0.08537,-0.28784,0.00565,-0.84091
129.04,SYN.ETH-28FEB20,1577617143182,open,0.02,191.0,0.008,0.049,0.02399,81.25,0.023,0.0,ETH-28FEB20-190-C,128.03,79.21,0.022,1.0,0.026,372.0,83.26,0.1275,-0.08509,0.02898,0.00565,0.15863
129.04,SYN.ETH-28FEB20,1577617143182,open,0.03,68.0,0.01,0.057,0.029489,78.88,0.029,0.0,ETH-28FEB20-180-C,128.03,76.61,0.027,669.0,0.032,372.0,81.1,0.14371,-0.0931,0.03487,0.00656,0.19153
129.04,SYN.ETH-28FEB20,1577617143182,open,0.42,0.0,0.371,0.482,0.424547,78.97,None,0.0,ETH-28FEB20-180-P,128.03,0.0,0.0,0.0,0.0,0.0,0.0,0.14389,-0.09333,-0.26527,0.00656,-0.80807
7678.77,SYN.BTC-25SEP20,1577617143423,open,0.06,0.0,0.029,0.1115,0.06046729,83.24,None,0.0,BTC-25SEP20-18000-C,7309.56,82.01,0.0575,19.7,0.0635,0.1,84.48,18.70897,-2.8747,8.14677,5e-05,0.20343
7678.77,SYN.BTC-25SEP20,1577617143423,open,0.05,5.7,0.023,0.0995,0.05108842,85.23,0.0525,0.0,BTC-25SEP20-20000-C,7309.56,83.82,0.048,20.0,0.0545,25.0,86.75,17.01955,-2.67765,7.03149,5e-05,0.17448
133.52,SYN.ETH-25SEP20,1577617143433,open,0.15,1.0,0.092,0.213,0.150619,90.23,0.137,0.0,ETH-25SEP20-220-C,128.03,86.42,0.138,110.0,0.163,110.0,93.93,0.44433,-0.074,0.24693,0.00372,0.39983
133.52,SYN.ETH-25SEP20,1577617143433,open,0.8,0.0,0.705,0.896,0.798339,90.23,None,0.0,ETH-25SEP20-220-P,128.03,0.0,0.0,0.0,0.0,0.0,0.0,0.44433,-0.074,-1.38574,0.00372,-0.60017
133.52,SYN.ETH-25SEP20,1577617143487,open,0.32,0.0,0.254,0.398,0.324831,87.23,None,0.0,ETH-25SEP20-140-P,128.03,80.89,0.304,160.0,0.345,160.0,93.42,0.43698,-0.07036,-0.6957,0.00379,-0.37728
133.52,SYN.ETH-25SEP20,1577617143487,open,0.09,20.0,0.051,0.126,0.085871,88.98,0.078,0.0,ETH-25SEP20-80-P,128.03,86.51,0.081,171.0,0.091,458.0,91.57,0.264,-0.04336,-0.23027,0.00224,-0.14652
133.52,SYN.ETH-25SEP20,1577617143487,open,0.23,20.0,0.168,0.293,0.23158,87.23,0.237,0.0,ETH-25SEP20-160-C,128.03,84.42,0.222,392.0,0.237,272.0,88.82,0.45471,-0.07321,0.31915,0.00394,0.55367
133.52,SYN.ETH-25SEP20,1577617143487,open,0.15,17.0,0.099,0.201,0.148299,87.23,0.148,0.0,ETH-25SEP20-100-P,128.03,83.23,0.138,440.0,0.155,440.0,89.83,0.34366,-0.05533,-0.36841,0.00298,-0.22351
133.52,SYN.ETH-25SEP20,1577617143487,open,0.43,0.0,0.351,0.51,0.429922,87.23,None,0.0,ETH-25SEP20-160-P,128.03,0.0,0.001,9.0,0.0,0.0,0.0,0.45471,-0.07321,-0.86825,0.00394,-0.44633
133.52,SYN.ETH-25SEP20,1577617143487,open,0.27,20.0,0.214,0.336,0.276282,87.23,0.276,0.0,ETH-25SEP20-140-C,128.03,86.53,0.274,2.0,0.28,267.0,88.37,0.43698,-0.07036,0.34328,0.00379,0.62272
133.52,SYN.ETH-25SEP20,1577617143487,open,0.54,0.0,0.46,0.63,0.543818,87.39,None,0.0,ETH-25SEP20-180-P,128.03,0.0,0.0,0.0,0.0,0.0,0.0,0.45877,-0.074,-1.04235,0.00397,-0.50813
133.52,SYN.ETH-25SEP20,1577617143489,open,0.23,0.0,0.169,0.294,0.230098,87.23,None,0.0,ETH-25SEP20-120-P,128.03,81.89,0.214,160.0,0.245,160.0,92.2,0.4013,-0.06461,-0.52754,0.00348,-0.30231
133.52,SYN.ETH-25SEP20,1577617143489,open,0.49,0.0,0.444,0.528,0.4867,88.98,None,0.0,ETH-25SEP20-80-C,128.03,71.77,0.454,53.0,0.509,53.0,100.09,0.264,-0.04336,0.36343,0.00224,0.85348
133.52,SYN.ETH-25SEP20,1577617143489,open,0.67,0.0,0.579,0.76,0.668083,88.67,None,0.0,ETH-25SEP20-200-P,128.03,0.0,0.0,0.0,0.0,0.0,0.0,0.45393,-0.07429,-1.21536,0.00387,-0.55847
133.52,SYN.ETH-25SEP20,1577617143489,open,0.59,0.0,0.562,0.623,0.592573,92.45,None,0.0,ETH-25SEP20-60-C,128.03,70.57,0.568,56.0,0.606,56.0,102.48,0.1716,-0.02928,0.32407,0.0014,0.91963
133.52,SYN.ETH-25SEP20,1577617143489,open,0.17,8.0,0.11,0.233,0.170156,88.67,0.158,0.0,ETH-25SEP20-200-C,128.03,86.85,0.164,110.0,0.176,279.0,90.38,0.45393,-0.07429,0.26889,0.00387,0.44153
133.52,SYN.ETH-25SEP20,1577617143489,open,0.4,0.0,0.347,0.449,0.399336,87.23,None,0.0,ETH-25SEP20-100-C,128.03,79.71,0.38,261.0,0.408,261.0,90.6,0.34366,-0.05533,0.37371,0.00298,0.77649
131.55,ETH-26JUN20,1577617143508,open,0.35,1.0,0.299,0.391,0.345666,84.37,0.38,0.0,ETH-26JUN20-100-C,128.03,66.55,0.309,48.0,0.377,48.0,99.18,0.27619,-0.06477,0.27905,0.00384,0.77611
129.04,SYN.ETH-28FEB20,1577617143634,open,0.39,0.0,0.367,0.42,0.393005,89.96,None,0.0,ETH-28FEB20-80-C,128.03,0.0,0.376,41.0,0.407,41.0,111.9,0.0698,-0.05158,0.11583,0.00279,0.93122
129.04,SYN.ETH-28FEB20,1577617143635,open,0.01,520.0,0.003,0.029,0.012982,89.96,0.012,0.0,ETH-28FEB20-80-P,128.03,86.16,0.011,500.0,0.015,240.0,93.57,0.0698,-0.05158,-0.0176,0.00279,-0.06878
129.04,SYN.ETH-28FEB20,1577617143635,open,0.02,6.0,0.005,0.04,0.017838,81.27,0.019,0.0,ETH-28FEB20-200-C,128.03,79.01,0.016,420.0,0.019,1.0,82.63,0.10797,-0.07206,0.02288,0.00478,0.12415
129.04,SYN.ETH-28FEB20,1577617143635,open,0.57,0.0,0.513,0.628,0.567782,81.27,None,0.0,ETH-28FEB20-200-P,128.03,0.0,0.0,0.0,0.0,0.0,0.0,0.10797,-0.07206,-0.31069,0.00478,-0.87585
131.55,ETH-26JUN20,1577617143754,open,0.57,4.0,0.542,0.593,0.566862,92.06,0.563,0.0,ETH-26JUN20-60-C,128.03,62.05,0.548,52.0,0.581,52.0,107.06,0.11292,-0.0289,0.2406,0.00144,0.93796
129.5,ETH-27MAR20,1577617143770,open,0.29,1002.0,0.246,0.324,0.28524,83.3,0.29,0.0,ETH-27MAR20-100-C,128.03,65.75,0.262,43.0,0.32,43.0,107.38,0.17998,-0.08434,0.16168,0.00529,0.79799
129.5,ETH-27MAR20,1577617144346,open,0.47,0.0,0.45,0.501,0.474939,95.81,None,0.0,ETH-27MAR20-70-C,128.03,65.34,0.462,46.0,0.491,46.0,118.52,0.07816,-0.04213,0.14599,0.002,0.93793
129.5,ETH-27MAR20,1577617144346,open,0.34,0.0,0.308,0.378,0.34304,86.14,None,0.0,ETH-27MAR20-90-C,128.03,68.41,0.325,43.0,0.371,43.0,109.52,0.14403,-0.0698,0.16218,0.00409,0.85738
129.5,ETH-27MAR20,1577617144346,open,0.16,0.0,0.111,0.21,0.15915,80.23,None,0.0,ETH-27MAR20-130-P,128.03,77.05,0.153,320.0,0.165,320.0,83.25,0.25046,-0.11304,-0.18431,0.00765,-0.42536
129.5,ETH-27MAR20,1577617144346,open,0.23,0.0,0.191,0.276,0.234493,81.54,None,0.0,ETH-27MAR20-110-C,128.03,76.33,0.226,44.0,0.242,48.0,86.11,0.21207,-0.09728,0.15562,0.00637,0.72801
129.5,ETH-27MAR20,1577617144346,open,0.15,1.0,0.11,0.199,0.155289,80.23,0.152,0.0,ETH-27MAR20-130-C,128.03,75.95,0.147,144.0,0.164,144.0,84.74,0.25046,-0.11304,0.13223,0.00765,0.57464
129.5,ETH-27MAR20,1577617144346,open,0.02,0.0,0.005,0.033,0.01548,95.81,None,0.0,ETH-27MAR20-70-P,128.03,89.71,0.012,327.0,0.019,240.0,101.38,0.07816,-0.04213,-0.02445,0.002,-0.06207
129.5,ETH-27MAR20,1577617144346,open,0.08,0.0,0.049,0.124,0.083914,81.54,None,0.0,ETH-27MAR20-110-P,128.03,78.53,0.079,320.0,0.089,512.0,84.64,0.21207,-0.09728,-0.11223,0.00637,-0.27199
7323.31,SYN.BTC-10JAN20,1577617144406,open,0.02,98.9,0.014,0.057,0.02405327,47.79,0.0275,0.0,BTC-10JAN20-7500-C,7309.56,45.57,0.0225,26.5,0.0255,1.0,49.85,5.12822,-10.3189,0.91414,0.00061,0.40771
128.23,SYN.ETH-10JAN20,1577617144610,open,0.02,211.0,0.005,0.046,0.021356,66.93,0.022,0.0,ETH-10JAN20-120-P,128.03,64.65,0.02,240.0,0.023,1.0,69.67,0.07663,-0.21593,-0.0122,0.0214,-0.27107
128.23,SYN.ETH-10JAN20,1577617144610,open,0.23,0.0,0.198,0.252,0.224614,92.88,None,0.0,ETH-10JAN20-100-C,128.03,0.0,0.21,33.0,0.239,33.0,139.57,0.02699,-0.10556,0.02991,0.00543,0.94154
128.23,SYN.ETH-10JAN20,1577617144610,open,0.11,225.0,0.072,0.147,0.108853,66.68,0.107,0.0,ETH-10JAN20-140-P,128.03,57.9,0.104,60.0,0.113,60.0,73.71,0.07371,-0.20694,-0.03577,0.02066,-0.74864
128.23,SYN.ETH-10JAN20,1577617144610,open,0.0,40.0,0.001,0.016,0.004484,92.88,0.004,0.0,ETH-10JAN20-100-P,128.03,85.1,0.003,300.0,0.006,115.0,99.56,0.02699,-0.10556,-0.00263,0.00543,-0.05846
128.23,SYN.ETH-10JAN20,1577617144610,open,0.3,0.0,0.277,0.323,0.299609,100.89,None,0.0,ETH-10JAN20-90-C,128.03,0.0,0.289,35.0,0.312,35.0,163.95,0.01161,-0.04931,0.02835,0.00215,0.97914
128.23,SYN.ETH-10JAN20,1577617144610,open,0.17,0.0,0.139,0.216,0.175784,67.02,None,0.0,ETH-10JAN20-150-P,128.03,0.0,0.009,10.0,0.0,0.0,0.0,0.04294,-0.12116,-0.04455,0.01198,-0.89194
128.23,SYN.ETH-10JAN20,1577617144610,open,0.01,32.0,0.001,0.026,0.008982,77.65,0.01,0.0,ETH-10JAN20-110-P,128.03,74.9,0.008,300.0,0.01,1.0,80.38,0.04683,-0.15309,-0.00547,0.01127,-0.12207
128.23,SYN.ETH-10JAN20,1577617144610,open,0.15,0.0,0.12,0.181,0.151124,77.65,None,0.0,ETH-10JAN20-110-C,128.03,65.0,0.147,60.0,0.155,60.0,87.56,0.04683,-0.15309,0.03032,0.01127,0.87793
128.23,SYN.ETH-10JAN20,1577617144610,open,0.01,942.0,0.001,0.02,0.005979,67.02,0.005,0.0,ETH-10JAN20-150-C,128.03,63.98,0.005,8.0,0.007,1201.0,69.96,0.04294,-0.12116,0.00426,0.01198,0.10806
128.23,SYN.ETH-10JAN20,1577617144610,open,0.05,115.0,0.025,0.087,0.054067,64.66,0.062,0.0,ETH-10JAN20-130-P,128.03,60.39,0.051,180.0,0.059,180.0,71.53,0.09211,-0.25077,-0.0241,0.02663,-0.52371
128.23,SYN.ETH-10JAN20,1577617144610,open,0.09,44.0,0.053,0.116,0.085512,66.93,0.076,0.0,ETH-10JAN20-120-C,128.03,59.23,0.081,60.0,0.09,60.0,74.33,0.07663,-0.21593,0.02684,0.0214,0.72893
128.23,SYN.ETH-10JAN20,1577617144610,open,0.02,207.0,0.003,0.039,0.017034,66.68,0.016,0.0,ETH-10JAN20-140-C,128.03,64.87,0.016,3.0,0.018,240.0,68.35,0.07371,-0.20694,0.00978,0.02066,0.25136
128.23,SYN.ETH-10JAN20,1577617144610,open,0.0,204.0,0.001,0.011,0.001492,100.89,0.003,0.0,ETH-10JAN20-90-P,128.03,94.76,0.001,330.0,0.002,29.0,106.0,0.01161,-0.04931,-0.00093,0.00215,-0.02086
128.23,SYN.ETH-10JAN20,1577617144613,open,0.0,310.0,0.001,0.014,0.003484,76.25,0.004,0.0,ETH-10JAN20-160-C,128.03,73.95,0.003,10.0,0.004,350.0,78.51,0.02815,-0.09037,0.00243,0.0069,0.06167
128.23,SYN.ETH-10JAN20,1577617144613,open,0.25,0.0,0.213,0.294,0.251277,76.25,None,0.0,ETH-10JAN20-160-P,128.03,0.0,0.0,0.0,0.0,0.0,0.0,0.02815,-0.09037,-0.04963,0.0069,-0.93833
133.52,SYN.ETH-25SEP20,1577617144763,open,2.64,0.0,2.511,2.793,2.643565,101.12,None,0.0,ETH-25SEP20-480-P,128.03,0.0,0.0,0.0,0.0,0.0,0.0,0.26907,-0.05023,-3.46093,0.00201,-0.84925
131.55,ETH-26JUN20,1577617145091,open,0.16,188.0,0.111,0.219,0.164451,84.73,0.169,0.0,ETH-26JUN20-160-C,128.03,82.78,0.159,272.0,0.172,452.0,87.43,0.36823,-0.08673,0.20932,0.0051,0.48734
129.5,ETH-27MAR20,1577617145099,open,0.32,4564.0,0.264,0.384,0.32257,83.12,0.375,0.0,ETH-27MAR20-160-P,128.03,71.96,0.302,326.0,0.365,26.0,105.25,0.24293,-0.1136,-0.29783,0.00716,-0.62194
129.5,ETH-27MAR20,1577617145144,open,2.71,0.0,2.6,2.836,2.711753,120.0,None,0.0,ETH-27MAR20-480-P,128.03,0.0,0.004,50.0,0.0,0.0,0.0,0.04064,-0.02743,-1.16169,0.00083,-0.97234
129.5,ETH-27MAR20,1577617145156,open,0.41,20.0,0.377,0.437,0.406709,90.2,0.613,0.0,ETH-27MAR20-80-C,128.03,59.32,0.387,44.0,0.428,44.0,112.84,0.10884,-0.05523,0.15681,0.00296,0.904
129.5,ETH-27MAR20,1577617145162,open,0.13,654.0,0.084,0.172,0.128159,81.4,0.13,0.0,ETH-27MAR20-140-C,128.03,79.8,0.125,2.0,0.135,144.0,84.88,0.25493,-0.11675,0.1181,0.00767,0.5027
131.55,ETH-26JUN20,1577617145162,open,0.76,0.0,0.68,0.849,0.761953,88.6,None,0.0,ETH-26JUN20-220-P,128.03,0.0,0.672,50.0,0.0,0.0,0.0,0.32252,-0.07943,-0.94584,0.00427,-0.69701
131.55,ETH-26JUN20,1577617145162,open,0.13,2405.0,0.083,0.189,0.134597,86.81,0.14,0.0,ETH-26JUN20-180-C,128.03,84.4,0.128,278.0,0.141,278.0,89.15,0.3604,-0.08697,0.18302,0.00487,0.41691
129.5,ETH-27MAR20,1577617145162,open,2.41,0.0,2.3,2.522,2.404683,118.77,None,0.0,ETH-27MAR20-440-P,128.03,0.0,0.003,50.0,0.0,0.0,0.0,0.051,-0.03408,-1.0621,0.00105,-0.96359
129.5,ETH-27MAR20,1577617145168,open,0.19,118.0,0.147,0.235,0.191444,80.7,0.19,0.0,ETH-27MAR20-120-C,128.03,75.52,0.182,190.0,0.199,144.0,84.84,0.23622,-0.10724,0.14519,0.00717,0.65189
131.55,ETH-26JUN20,1577617145170,open,0.04,778.0,0.012,0.072,0.035029,98.19,0.039,0.0,ETH-26JUN20-360-C,128.03,96.13,0.032,140.0,0.038,140.0,100.13,0.1977,-0.05396,0.06303,0.00236,0.13226
129.5,ETH-27MAR20,1577617145176,open,3.02,0.0,2.899,3.152,3.019086,120.0,None,0.0,ETH-27MAR20-520-P,128.03,0.0,0.006,50.0,0.0,0.0,0.0,0.03108,-0.02098,-1.26098,0.00063,-0.9799
131.55,ETH-26JUN20,1577617145234,open,1.47,0.0,1.381,1.58,1.474989,95.0,1.06,0.0,ETH-26JUN20-320-P,128.03,0.0,0.015,2.0,0.0,0.0,0.0,0.22356,-0.05903,-1.50159,0.00276,-0.84123
131.55,ETH-26JUN20,1577617145234,open,0.04,334.0,0.016,0.082,0.042454,95.0,0.037,0.0,ETH-26JUN20-320-C,128.03,93.53,0.04,140.0,0.045,100.0,96.47,0.22356,-0.05903,0.0754,0.00276,0.15877
131.55,ETH-26JUN20,1577617145236,open,0.11,646.0,0.065,0.151,0.105833,84.37,0.119,0.0,ETH-26JUN20-100-P,128.03,82.06,0.101,475.0,0.111,200.0,86.83,0.27619,-0.06477,-0.21376,0.00384,-0.22389
129.5,ETH-27MAR20,1577617145238,open,0.01,1737.0,0.001,0.018,0.00519,120.0,0.006,0.0,ETH-27MAR20-480-C,128.03,119.39,0.005,230.0,0.007,520.0,125.21,0.04064,-0.02743,0.00708,0.00083,0.02766
129.5,ETH-27MAR20,1577617145238,open,0.12,1687.0,0.076,0.164,0.118085,80.7,0.131,0.0,ETH-27MAR20-120-P,128.03,77.91,0.113,577.0,0.123,577.0,83.39,0.23622,-0.10724,-0.147,0.00717,-0.34811
131.55,ETH-26JUN20,1577617145240,open,0.02,140.0,0.005,0.046,0.018542,106.8,0.021,0.0,ETH-26JUN20-520-C,128.03,104.06,0.016,420.0,0.021,120.0,109.26,0.12722,-0.03777,0.0349,0.0014,0.07238
128.57,SYN.ETH-31JAN20,1577617145240,open,0.24,2.0,0.208,0.269,0.239351,81.74,0.236,0.0,ETH-31JAN20-100-C,128.03,46.57,0.224,36.0,0.262,36.0,113.32,0.07972,-0.0991,0.07354,0.00655,0.87435
131.55,ETH-26JUN20,1577617145246,open,3.57,0.0,3.432,3.737,3.575528,110.04,None,0.0,ETH-26JUN20-600-P,128.03,0.0,0.01,50.0,0.0,0.0,0.0,0.10603,-0.03243,-2.92916,0.00113,-0.94275
7565.47,BTC-26JUN20,1577617145579,open,0.14,190.9,0.0995,0.1935,0.14146328,73.93,0.1385,0.0,BTC-26JUN20-9000-C,7309.56,72.87,0.1385,17.5,0.145,29.2,75.2,21.12819,-4.34186,12.25203,0.0001,0.47008
7412.47,BTC-27MAR20,1577617145579,open,0.16,539.9,0.124,0.1965,0.15767197,67.17,0.154,0.0,BTC-27MAR20-7000-C,7309.56,65.73,0.155,13.0,0.161,10.2,68.96,13.77979,-5.20712,8.57003,0.00015,0.63249
7565.47,BTC-26JUN20,1577617145579,open,1.67,0.1,1.602,1.75,1.66806018,88.39,1.85,0.0,BTC-26JUN20-20000-P,7309.56,0.0,0.0005,3.0,1.88,0.1,181.49,9.62145,-2.36386,-95.57964,4e-05,-0.89554
7412.47,BTC-27MAR20,1577617145579,open,2.78,0.0,2.704,2.865,2.77981517,109.97,None,0.0,BTC-27MAR20-28000-P,7309.56,0.0,0.0015,10.0,0.0,0.0,0.0,1.36182,-0.8425,-67.95644,1e-05,-0.98529
7565.47,BTC-26JUN20,1577617145579,open,0.02,24.9,0.0065,0.051,0.02020922,90.67,0.021,0.0,BTC-26JUN20-22000-C,7309.56,89.1,0.0185,25.0,0.022,10.1,92.24,8.41735,-2.12148,2.49427,3e-05,0.08711
7412.47,BTC-27MAR20,1577617145581,open,0.9,59.0,0.857,0.9585,0.90267472,82.46,0.877,0.0,BTC-27MAR20-14000-P,7309.56,0.0,0.4,0.5,0.9895,0.5,147.23,5.7921,-2.68687,-32.77093,5e-05,-0.91299
7565.47,BTC-26JUN20,1577617145581,open,0.18,235.2,0.137,0.231,0.17958412,72.66,0.186,0.0,BTC-26JUN20-8000-C,7309.56,70.83,0.1745,16.4,0.1835,28.4,74.07,20.96454,-4.2343,14.10352,0.0001,0.55786
7412.47,BTC-27MAR20,1577617145580,open,3.05,0.0,2.9685,3.139,3.04915534,111.69,None,0.0,BTC-27MAR20-30000-P,7309.56,0.0,0.0015,10.0,0.0,0.0,0.0,1.13263,-0.71172,-72.86875,1e-05,-0.98812
7412.47,BTC-27MAR20,1577617145581,open,2.51,0.0,2.4395,2.5905,2.51034493,106.71,None,0.0,BTC-27MAR20-26000-P,7309.56,0.0,0.0015,10.0,0.0,0.0,0.0,1.54244,-0.92598,-63.05129,1e-05,-0.983
7347.63,SYN.BTC-31JAN20,1577617145581,open,0.2,52.5,0.1735,0.219,0.19512354,61.92,0.183,0.0,BTC-31JAN20-6000-C,7309.56,35.68,0.1845,4.0,0.2165,4.0,91.54,4.36867,-4.11427,4.54336,0.00015,0.88164
7347.63,SYN.BTC-31JAN20,1577617145580,open,0.03,400.1,0.016,0.057,0.03088795,52.87,0.0335,0.0,BTC-31JAN20-8000-C,7309.56,51.11,0.029,17.8,0.0325,0.5,54.36,7.92568,-6.37256,1.93921,0.00031,0.32391
7347.63,SYN.BTC-31JAN20,1577617145581,open,0.0,99.7,0.0005,0.0115,0.00199196,72.67,0.003,0.0,BTC-31JAN20-11500-C,7309.56,69.69,0.0015,44.0,0.0025,0.5,75.28,1.32678,-1.4663,0.15811,4e-05,0.02588
7412.47,BTC-27MAR20,1577617145583,open,0.24,25.4,0.21,0.2745,0.23981547,68.8,0.235,0.0,BTC-27MAR20-6000-C,7309.56,58.9,0.226,13.0,0.255,13.0,79.12,10.66017,-4.12635,9.85705,0.00012,0.78594
7412.47,BTC-27MAR20,1577617145583,open,0.0,73.2,0.0005,0.0125,0.00246287,110.32,0.0025,0.0,BTC-27MAR20-28000-C,7309.56,104.25,0.0015,51.0,0.003,20.0,113.0,1.38806,-0.86152,0.22694,1e-05,0.01504
7565.47,BTC-26JUN20,1577617145583,open,0.9,13.4,0.843,0.9745,0.90162183,79.8,1.1,0.0,BTC-26JUN20-14000-P,7309.56,0.0,0.5,3.0,1.35,0.1,250.67,15.15674,-3.36216,-63.19869,7e-05,-0.79347
7412.47,BTC-27MAR20,1577617145589,open,0.01,510.2,0.0005,0.02,0.00548262,97.37,0.0055,0.0,BTC-27MAR20-20000-C,7309.56,94.56,0.0045,19.9,0.0065,21.0,99.96,2.75747,-1.51058,0.51408,2e-05,0.03397
7347.63,SYN.BTC-31JAN20,1577617145589,open,0.0,390.9,0.0005,0.0135,0.00375849,76.96,0.0035,0.0,BTC-31JAN20-5000-P,7309.56,75.88,0.0035,0.7,0.004,24.0,77.93,1.79747,-2.10379,-0.27213,5e-05,-0.03736
7565.47,BTC-26JUN20,1577617145591,open,2.98,0.0,2.891,3.078,2.97655589,98.2,None,0.0,BTC-26JUN20-30000-P,7309.56,0.0,0.002,1.0,0.0,0.0,0.0,5.39771,-1.47334,-146.42933,2e-05,-0.95091
7347.63,SYN.BTC-31JAN20,1577617145591,open,0.32,7.4,0.307,0.342,0.32327872,77.01,0.329,0.0,BTC-31JAN20-5000-C,7309.56,55.59,0.32,4.0,0.337,4.0,112.53,1.80064,-2.10886,4.23078,5e-05,0.96256
7315.21,SYN.BTC-3JAN20,1577617145591,open,0.16,0.0,0.1395,0.1905,0.16315738,71.24,None,0.0,BTC-3JAN20-8500-P,7309.56,0.0,0.002,0.1,0.0,0.0,0.0,0.68935,-5.03596,-1.10008,0.00014,-0.96263
7347.63,SYN.BTC-31JAN20,1577617145591,open,0.5,0.0,0.4685,0.535,0.49955303,69.07,None,0.0,BTC-31JAN20-11000-P,7309.56,0.0,0.0015,10.0,0.0,0.0,0.0,1.60977,-1.69099,-9.70793,5e-05,-0.96734
7347.63,SYN.BTC-31JAN20,1577617145591,open,0.57,0.0,0.535,0.6035,0.56709542,72.51,None,0.0,BTC-31JAN20-11500-P,7309.56,0.0,0.0015,10.0,0.0,0.0,0.0,1.31496,-1.45016,-10.20163,4e-05,-0.97439
7412.47,BTC-27MAR20,1577617145594,open,0.0,115.2,0.0005,0.013,0.00274245,106.71,0.004,0.0,BTC-27MAR20-26000-C,7309.56,102.74,0.002,38.1,0.0035,31.0,110.05,1.54254,-0.92605,0.25744,1e-05,0.01701
7565.47,BTC-26JUN20,1577617145594,open,0.33,108.2,0.2785,0.3945,0.33107308,73.93,0.3455,0.0,BTC-26JUN20-9000-P,7309.56,65.82,0.3085,9.0,0.353,9.0,81.77,21.12816,-4.34173,-32.10091,0.0001,-0.52992
7565.47,BTC-26JUN20,1577617145594,open,1.15,5.0,1.0925,1.228,1.15263195,82.48,1.22,0.0,BTC-26JUN20-16000-P,7309.56,0.0,0.56,1.0,2.0,0.1,498.31,12.79933,-2.93457,-74.37847,6e-05,-0.84232
7565.47,BTC-26JUN20,1577617145594,open,0.02,69.9,0.004,0.042,0.01499545,95.16,0.015,0.0,BTC-26JUN20-26000-C,7309.56,92.82,0.013,35.0,0.017,10.0,97.33,6.73512,-1.78152,1.86485,3e-05,0.06501
7565.47,BTC-26JUN20,1577617145596,open,0.01,91.7,0.0015,0.035,0.01123854,98.29,0.012,0.0,BTC-26JUN20-30000-C,7309.56,97.96,0.011,1.0,0.0115,1.0,98.65,5.41783,-1.48025,1.41973,2e-05,0.04932
7565.47,BTC-26JUN20,1577617145596,open,0.1,353.8,0.0625,0.1385,0.09515872,72.8,0.0985,0.0,BTC-26JUN20-6000-P,7309.56,71.81,0.093,1.3,0.097,25.4,73.65,16.47707,-3.33439,-12.46274,8e-05,-0.23911
7412.47,BTC-27MAR20,1577617145596,open,0.0,159.1,0.0005,0.0145,0.00324183,103.37,0.004,0.0,BTC-27MAR20-24000-C,7309.56,100.03,0.0025,48.0,0.004,20.0,106.29,1.79124,-1.04172,0.30734,1e-05,0.02027
7315.21,SYN.BTC-3JAN20,1577617145596,open,0.05,113.8,0.0315,0.078,0.05060736,50.77,0.054,0.0,BTC-3JAN20-7000-C,7309.56,44.31,0.0485,6.7,0.0505,20.0,50.45,2.48828,-12.95441,0.71499,0.00069,0.7823
7315.21,SYN.BTC-3JAN20,1577617145596,open,0.21,0.1,0.198,0.2325,0.21447331,95.59,0.2405,0.0,BTC-3JAN20-5750-C,7309.56,0.0,0.2035,3.0,0.2265,3.0,186.05,0.27792,-2.72446,0.75515,4e-05,0.98727
7315.21,SYN.BTC-3JAN20,1577617145596,open,0.01,741.9,0.001,0.0385,0.01087341,45.3,0.01,0.0,BTC-3JAN20-7500-C,7309.56,41.97,0.0095,24.8,0.012,0.1,47.99,3.0477,-14.15794,0.30816,0.00094,0.32624
7315.21,SYN.BTC-3JAN20,1577617145596,open,0.0,114.3,0.0005,0.011,0.00121479,71.46,0.001,0.0,BTC-3JAN20-8500-C,7309.56,69.07,0.001,2.0,0.0015,19.1,74.27,0.69636,-5.10276,0.03579,0.00014,0.03784
7347.63,SYN.BTC-31JAN20,1577617145596,open,0.0,298.2,0.0005,0.012,0.00249755,69.19,0.0025,0.0,BTC-31JAN20-11000-C,7309.56,66.78,0.002,48.0,0.003,18.0,71.34,1.62039,-1.70511,0.20137,5e-05,0.03292
7315.21,SYN.BTC-3JAN20,1577617145596,open,0.0,154.8,0.0005,0.0105,0.00074129,85.38,0.0005,0.0,BTC-3JAN20-6000-P,7309.56,80.48,0.0005,25.8,0.001,32.1,89.62,0.40604,-3.55532,-0.02008,7e-05,-0.01981
7347.63,SYN.BTC-31JAN20,1577617145596,open,0.01,568.4,0.0005,0.0155,0.00475042,62.98,0.005,0.0,BTC-31JAN20-10000-C,7309.56,60.84,0.004,44.0,0.0055,10.0,64.94,2.70368,-2.58969,0.38057,9e-05,0.06225
131.55,ETH-26JUN20,1577617145597,open,0.57,4.0,0.542,0.593,0.566862,92.09,0.563,0.0,ETH-26JUN20-60-C,128.03,59.07,0.547,52.0,0.581,52.0,107.06,0.11298,-0.02892,0.24055,0.00144,0.93792
7315.21,SYN.BTC-3JAN20,1577617145600,open,0.1,3.1,0.0735,0.1235,0.09592735,54.55,0.0995,0.0,BTC-3JAN20-8000-P,7309.56,0.0,0.0755,2.0,0.114,2.0,114.06,1.28737,-7.20111,-0.99021,0.00033,-0.91742
7347.63,SYN.BTC-31JAN20,1577617145600,open,0.64,0.0,0.602,0.674,0.6353928,79.5,None,0.0,BTC-31JAN20-12000-P,7309.56,0.0,0.0015,10.0,0.0,0.0,0.0,1.34843,-1.6303,-10.64845,3e-05,-0.97361
7315.21,SYN.BTC-3JAN20,1577617145600,open,0.0,303.7,0.0005,0.025,0.00470869,49.11,0.0055,0.0,BTC-3JAN20-7750-C,7309.56,46.53,0.004,19.8,0.0055,0.1,51.83,2.06861,-10.41793,0.15308,0.00059,0.16137
7347.63,SYN.BTC-31JAN20,1577617145600,open,0.3,4.8,0.271,0.3345,0.30038976,60.8,0.3445,0.0,BTC-31JAN20-9500-P,7309.56,0.0,0.0015,10.0,0.0,0.0,0.0,3.69755,-3.41932,-7.98407,0.00013,-0.90602
7412.47,BTC-27MAR20,1577617145602,open,0.01,476.5,0.0005,0.024,0.00723202,93.28,0.007,0.0,BTC-27MAR20-18000-C,7309.56,90.49,0.006,40.0,0.0085,38.0,95.87,3.45624,-1.81385,0.67854,3e-05,0.04483
7412.47,BTC-27MAR20,1577617145602,open,1.97,5.6,1.9105,2.0425,1.97190873,99.78,1.545,0.0,BTC-27MAR20-22000-P,7309.56,0.0,0.0015,10.0,0.0,0.0,0.0,2.12373,-1.19214,-53.19228,2e-05,-0.9752
7565.47,BTC-26JUN20,1577617145602,open,0.3,23.9,0.265,0.3455,0.30208964,72.8,0.3125,0.0,BTC-26JUN20-6000-C,7309.56,57.04,0.2685,5.0,0.3335,5.0,87.08,16.47719,-3.33458,17.10545,8e-05,0.76089
7347.63,SYN.BTC-31JAN20,1577617145602,open,0.02,644.6,0.009,0.0415,0.02154909,56.12,0.0225,0.0,BTC-31JAN20-6500-P,7309.56,54.9,0.0205,18.7,0.0225,4.0,57.22,6.32703,-5.40071,-1.52193,0.00023,-0.20842
7347.63,SYN.BTC-31JAN20,1577617145602,open,0.01,867.0,0.002,0.027,0.01169926,61.9,0.0125,0.0,BTC-31JAN20-6000-P,7309.56,60.71,0.011,20.0,0.0125,28.0,63.23,4.36665,-4.11075,-0.86025,0.00015,-0.11829
7315.21,SYN.BTC-3JAN20,1577617145602,open,0.04,81.5,0.02,0.0685,0.03611687,45.26,0.0425,0.0,BTC-3JAN20-7500-P,7309.56,41.33,0.0345,0.7,0.038,0.7,49.73,3.04703,-14.14117,-0.69384,0.00094,-0.67394
7347.63,SYN.BTC-31JAN20,1577617145602,open,0.01,213.3,0.0005,0.021,0.00747821,60.85,0.0075,0.0,BTC-31JAN20-9500-C,7309.56,59.89,0.007,15.0,0.008,34.0,61.87,3.703,-3.42692,0.57371,0.00013,0.09417
7412.47,BTC-27MAR20,1577617145604,open,0.0,161.2,0.0005,0.0105,0.00096748,115.0,0.001,0.0,BTC-27MAR20-36000-C,7309.56,108.16,0.0005,31.6,0.0015,40.2,120.21,0.63929,-0.41361,0.09425,0.0,0.00619
7412.47,BTC-27MAR20,1577617145604,open,0.0,162.7,0.0005,0.0115,0.0019924,112.15,0.002,0.0,BTC-27MAR20-30000-C,7309.56,108.69,0.0015,15.0,0.0025,27.0,115.13,1.16239,-0.73342,0.185,1e-05,0.01224
7565.47,BTC-26JUN20,1577617145604,open,0.01,152.1,0.0005,0.0195,0.00776023,81.39,0.0085,0.0,BTC-26JUN20-3000-P,7309.56,78.5,0.0065,39.0,0.009,10.1,84.0,3.45487,-0.78166,-1.34892,2e-05,-0.02842
7412.47,BTC-27MAR20,1577617145604,open,0.47,7.4,0.453,0.4885,0.46863483,82.34,0.4255,0.0,BTC-27MAR20-4000-C,7309.56,53.48,0.461,5.0,0.482,5.0,105.5,3.31658,-1.53636,8.82186,3e-05,0.95741
7347.63,SYN.BTC-31JAN20,1577617145604,open,0.18,15.2,0.1465,0.208,0.17422568,53.87,0.2965,0.0,BTC-31JAN20-8500-P,7309.56,0.0,0.0,0.0,0.0,0.0,0.0,6.2836,-5.14777,-6.40773,0.00024,-0.794
7347.63,SYN.BTC-31JAN20,1577617145604,open,0.43,0.0,0.4025,0.468,0.43274415,67.26,None,0.0,BTC-31JAN20-10500-P,7309.56,0.0,0.0015,10.0,0.0,0.0,0.0,2.18968,-2.23978,-9.16638,7e-05,-0.95232
7347.63,SYN.BTC-31JAN20,1577617145604,open,0.0,216.3,0.0005,0.0135,0.00373664,67.34,0.004,0.0,BTC-31JAN20-10500-C,7309.56,66.53,0.0035,3.0,0.004,11.0,68.2,2.19828,-2.2514,0.29239,7e-05,0.04792
7347.63,SYN.BTC-31JAN20,1577617145604,open,0.05,331.5,0.0345,0.0835,0.05404351,52.86,0.0535,0.0,BTC-31JAN20-7500-C,7309.56,51.99,0.053,10.0,0.056,6.0,54.5,8.78626,-7.06375,2.81925,0.00034,0.48004
129.5,ETH-27MAR20,1577617145605,open,0.29,1002.0,0.246,0.324,0.28524,83.3,0.29,0.0,ETH-27MAR20-100-C,128.03,64.94,0.261,43.0,0.32,43.0,107.38,0.17998,-0.08434,0.16168,0.00529,0.79799
7315.21,SYN.BTC-3JAN20,1577617145604,open,0.0,204.1,0.0005,0.0115,0.00172565,64.07,0.0015,0.0,BTC-3JAN20-8250-C,7309.56,57.68,0.001,64.3,0.0025,40.5,69.41,0.95739,-6.29021,0.05328,0.00021,0.05625
7412.47,BTC-27MAR20,1577617145606,open,0.01,499.3,0.004,0.036,0.01396684,82.46,0.013,0.0,BTC-27MAR20-14000-C,7309.56,81.2,0.013,7.0,0.015,20.2,83.76,5.79237,-2.68705,1.31845,5e-05,0.08702
7565.47,BTC-26JUN20,1577617145606,open,0.11,374.2,0.073,0.164,0.11243788,75.08,0.114,0.0,BTC-26JUN20-10000-C,7309.56,74.37,0.1105,1.5,0.1145,5.6,75.85,20.45265,-4.26868,10.54285,0.0001,0.39521
7565.47,BTC-26JUN20,1577617145606,open,2.72,0.0,2.6325,2.812,2.71420421,97.12,None,0.0,BTC-26JUN20-28000-P,7309.56,0.0,0.002,1.0,0.0,0.0,0.0,6.09631,-1.64582,-136.34437,2e-05,-0.94277
7565.47,BTC-26JUN20,1577617145606,open,3.24,0.0,3.15,3.3485,3.24091048,101.6,None,0.0,BTC-26JUN20-32000-P,7309.56,0.0,0.002,1.0,0.0,0.0,0.0,5.2948,-1.49534,-156.32891,2e-05,-0.95208
7412.47,BTC-27MAR20,1577617145606,open,0.0,251.8,0.0005,0.0165,0.00398924,99.96,0.004,0.0,BTC-27MAR20-22000-C,7309.56,98.19,0.0035,23.0,0.0045,0.1,101.66,2.14232,-1.20475,0.38037,2e-05,0.02506
7565.47,BTC-26JUN20,1577617145606,open,0.49,0.5,0.4725,0.5185,0.49256312,75.78,0.589,0.0,BTC-26JUN20-4000-C,7309.56,54.02,0.4765,5.0,0.511,5.0,92.75,7.25622,-1.52853,16.24931,3e-05,0.9284
7412.47,BTC-27MAR20,1577617145606,open,3.86,0.0,3.7615,3.9615,3.85756301,113.98,None,0.0,BTC-27MAR20-36000-P,7309.56,0.0,0.0015,10.0,0.0,0.0,0.0,0.59658,-0.38255,-87.57081,0.0,-0.99427
7347.63,SYN.BTC-31JAN20,1577617145606,open,0.09,199.3,0.066,0.118,0.08910211,53.64,0.0935,0.0,BTC-31JAN20-7000-C,7309.56,50.85,0.086,13.5,0.091,0.1,55.34,8.17963,-6.6729,3.70283,0.00031,0.64861
7315.21,SYN.BTC-3JAN20,1577617145606,open,0.03,409.9,0.0125,0.056,0.0252884,44.72,0.0255,0.0,BTC-3JAN20-7250-C,7309.56,41.86,0.024,32.9,0.026,19.0,46.29,3.30675,-15.16395,0.54097,0.00103,0.5789
7412.47,BTC-27MAR20,1577617145608,open,0.0,715.8,0.0005,0.0105,0.00053968,115.0,0.001,0.0,BTC-27MAR20-40000-C,7309.56,114.23,0.0005,458.1,0.0015,40.1,126.74,0.39494,-0.25552,0.05536,0.0,0.00361
7565.47,BTC-26JUN20,1577617145608,open,0.39,0.0,0.358,0.4225,0.38720112,72.8,None,0.0,BTC-26JUN20-5000-C,7309.56,56.13,0.363,5.0,0.414,5.0,88.84,12.00526,-2.42945,17.50703,6e-05,0.85677
7412.47,BTC-27MAR20,1577617145608,open,0.05,604.9,0.0275,0.0805,0.04924806,68.79,0.0485,0.0,BTC-27MAR20-6000-P,7309.56,67.92,0.048,3.0,0.05,36.1,69.32,10.65962,-4.12555,-4.75206,0.00012,-0.21404
7412.47,BTC-27MAR20,1577617145608,open,0.04,687.0,0.0215,0.0775,0.04376871,70.87,0.045,0.0,BTC-27MAR20-10000-C,7309.56,69.73,0.042,16.1,0.0455,18.0,71.97,11.56945,-4.61279,3.68306,0.00012,0.24783
7565.47,BTC-26JUN20,1577617145608,open,1.41,2.9,1.346,1.487,1.40870527,85.27,1.35,0.0,BTC-26JUN20-18000-P,7309.56,0.0,1.35,1.8,2.1,0.1,375.81,10.95353,-2.59626,-85.13168,5e-05,-0.87466
7565.47,BTC-26JUN20,1577617145608,open,0.23,132.8,0.192,0.2825,0.2333821,72.67,0.2215,0.0,BTC-26JUN20-7000-C,7309.56,69.81,0.226,15.7,0.235,6.0,73.3,19.50081,-3.93934,15.83593,0.0001,0.65813
7315.21,SYN.BTC-3JAN20,1577617145608,open,0.13,0.0,0.106,0.156,0.12949346,63.91,None,0.0,BTC-3JAN20-8250-P,7309.56,0.0,0.002,0.1,0.0,0.0,0.0,0.95133,-6.23543,-1.04918,0.00021,-0.9442
7315.21,SYN.BTC-3JAN20,1577617145608,open,0.0,307.8,0.0005,0.0115,0.00198494,66.77,0.0025,0.0,BTC-3JAN20-6500-P,7309.56,62.9,0.0015,24.1,0.0025,31.9,70.38,0.98418,-6.73931,-0.05887,0.00021,-0.05826
7315.21,SYN.BTC-3JAN20,1577617145608,open,0.15,0.4,0.1285,0.1655,0.14637209,70.35,0.131,0.0,BTC-3JAN20-6250-C,7309.56,0.0,0.1455,0.1,0.1615,3.0,150.2,0.47868,-3.45344,0.81062,0.0001,0.97593
7565.47,BTC-26JUN20,1577617145609,open,0.02,15.5,0.005,0.0465,0.01745507,93.2,0.017,0.0,BTC-26JUN20-24000-C,7309.56,91.17,0.0155,25.0,0.0195,15.0,95.19,7.54069,-1.95349,2.15655,3e-05,0.0753
7412.47,BTC-27MAR20,1577617145610,open,0.11,890.6,0.0745,0.149,0.10806116,70.87,0.1035,0.0,BTC-27MAR20-8000-C,7309.56,66.77,0.1,8.4,0.1045,13.2,69.06,14.57846,-5.81259,6.76274,0.00015,0.48275
7412.47,BTC-27MAR20,1577617145609,open,0.1,315.5,0.07,0.1425,0.10201832,67.16,0.0995,0.0,BTC-27MAR20-7000-P,7309.56,65.81,0.0995,8.5,0.1035,11.3,67.96,13.77978,-5.20677,-8.47447,0.00015,-0.36751
7412.47,BTC-27MAR20,1577617145610,open,0.64,55.3,0.598,0.6945,0.64135757,76.27,0.6265,0.0,BTC-27MAR20-12000-P,7309.56,33.45,0.619,1.0,0.6755,1.0,101.92,8.03917,-3.44926,-27.14435,8e-05,-0.86257
7565.47,BTC-26JUN20,1577617145610,open,0.07,437.3,0.0405,0.121,0.07334748,77.24,0.075,0.0,BTC-26JUN20-12000-C,7309.56,76.24,0.071,18.8,0.076,8.1,78.35,17.91054,-3.84526,7.74396,8e-05,0.28105
7412.47,BTC-27MAR20,1577617145610,open,0.0,83.5,0.0005,0.011,0.0014956,112.76,0.0015,0.0,BTC-27MAR20-32000-C,7309.56,108.17,0.001,15.2,0.002,40.0,116.4,0.9218,-0.58478,0.1423,1e-05,0.00938
7315.21,SYN.BTC-3JAN20,1577617145610,open,0.11,20.6,0.094,0.1345,0.11344061,66.89,0.1255,0.0,BTC-3JAN20-6500-C,7309.56,0.0,0.111,0.1,0.1255,3.0,119.18,0.98822,-6.77888,0.80909,0.00021,0.94143
7315.21,SYN.BTC-3JAN20,1577617145610,open,0.18,0.4,0.1635,0.1995,0.18054651,85.65,0.1825,0.0,BTC-3JAN20-6000-C,7309.56,0.0,0.169,3.0,0.194,3.0,168.69,0.41105,-3.6102,0.78111,7e-05,0.9799
7315.21,SYN.BTC-3JAN20,1577617145610,open,0.0,356.5,0.0005,0.0155,0.00233432,54.66,0.0025,0.0,BTC-3JAN20-8000-C,7309.56,52.69,0.002,21.0,0.0025,1.2,55.58,1.29261,-7.24502,0.07885,0.00033,0.08302
7565.47,BTC-26JUN20,1577617145612,open,0.02,890.8,0.0085,0.058,0.02451434,88.42,0.0255,0.0,BTC-26JUN20-20000-C,7309.56,87.62,0.0235,4.0,0.026,10.4,89.57,9.63034,-2.36698,2.98571,4e-05,0.1046
7412.47,BTC-27MAR20,1577617145612,open,0.02,271.4,0.0085,0.0415,0.0205361,73.19,0.0195,0.0,BTC-27MAR20-5000-P,7309.56,72.0,0.0195,0.3,0.0215,44.0,74.28,6.50865,-2.68011,-2.21014,7e-05,-0.10192
7565.47,BTC-26JUN20,1577617145612,open,2.19,0.0,2.1165,2.2795,2.18970943,93.14,None,0.0,BTC-26JUN20-24000-P,7309.56,0.0,0.002,1.0,0.0,0.0,0.0,7.52761,-1.94898,-116.12227,3e-05,-0.92487
7412.47,BTC-27MAR20,1577617145612,open,0.39,136.4,0.3505,0.444,0.39282303,70.86,0.41,0.0,BTC-27MAR20-10000-P,7309.56,57.42,0.3735,10.0,0.4125,10.0,82.84,11.56771,-4.61111,-20.66728,0.00012,-0.75224
7565.47,BTC-26JUN20,1577617145612,open,0.01,42.2,0.0015,0.0355,0.0112387,101.7,0.01,0.0,BTC-26JUN20-32000-C,7309.56,99.88,0.01,2.3,0.0125,31.0,103.44,5.31601,-1.50285,1.37659,2e-05,0.04816
7565.47,BTC-26JUN20,1577617145612,open,1.93,0.0,1.8585,2.0135,1.92810929,90.63,None,0.0,BTC-26JUN20-22000-P,7309.56,0.0,0.11,1.0,2.22,0.1,215.78,8.40629,-2.11767,-105.92785,3e-05,-0.91304
7565.47,BTC-26JUN20,1577617145612,open,0.05,301.9,0.0265,0.08,0.0480953,72.8,0.048,0.0,BTC-26JUN20-5000-P,7309.56,71.15,0.0455,27.2,0.0485,2.0,73.05,12.00506,-2.42934,-7.13322,6e-05,-0.14323
7565.47,BTC-26JUN20,1577617145612,open,2.45,0.0,2.374,2.545,2.45160326,95.09,None,0.0,BTC-26JUN20-26000-P,7309.56,0.0,0.002,1.0,0.0,0.0,0.0,6.71959,-1.77618,-126.27078,3e-05,-0.93518
7412.47,BTC-27MAR20,1577617145612,open,0.01,1361.5,0.0005,0.021,0.00825656,82.32,0.0075,0.0,BTC-27MAR20-4000-P,7309.56,80.59,0.0075,16.0,0.009,54.1,83.95,3.31465,-1.53508,-0.91722,3e-05,-0.04256
7347.63,SYN.BTC-31JAN20,1577617145612,open,0.12,148.6,0.094,0.1545,0.11965558,52.85,0.14,0.0,BTC-31JAN20-8000-P,7309.56,0.0,0.086,3.0,0.1455,3.0,75.82,7.92493,-6.36981,-5.26679,0.00031,-0.67617
7315.21,SYN.BTC-3JAN20,1577617145612,open,0.08,4.8,0.0605,0.104,0.08139557,60.33,0.07,0.0,BTC-3JAN20-6750-C,7309.56,0.0,0.077,3.2,0.1,3.0,118.78,1.6653,-10.30297,0.78291,0.00039,0.8826
7315.21,SYN.BTC-3JAN20,1577617145612,open,0.0,290.8,0.0005,0.017,0.00411469,60.26,0.004,0.0,BTC-3JAN20-6750-P,7309.56,59.75,0.004,1.0,0.0045,39.1,61.92,1.66265,-10.27432,-0.11848,0.00039,-0.11714
7347.63,SYN.BTC-31JAN20,1577617145612,open,0.02,825.4,0.007,0.0375,0.01741007,53.89,0.018,0.0,BTC-31JAN20-8500-C,7309.56,52.82,0.0165,38.5,0.0185,1.5,55.15,6.28585,-5.15191,1.24895,0.00024,0.20613
7315.21,SYN.BTC-3JAN20,1577617145612,open,0.0,145.1,0.0005,0.0105,0.00074165,70.12,0.0005,0.0,BTC-3JAN20-6250-P,7309.56,65.91,0.0005,11.0,0.001,0.2,73.76,0.47273,-3.39925,-0.0239,9e-05,-0.02372
7565.47,BTC-26JUN20,1577617145614,open,0.16,351.2,0.117,0.2105,0.15862996,72.67,0.16,0.0,BTC-26JUN20-7000-P,7309.56,71.46,0.1555,0.3,0.1605,6.0,73.4,19.50085,-3.93917,-18.66053,0.0001,-0.34188
7412.47,BTC-27MAR20,1577617145614,open,0.35,2.1,0.3235,0.373,0.34600894,73.21,0.3115,0.0,BTC-27MAR20-5000-C,7309.56,51.73,0.331,4.0,0.3675,4.0,94.66,6.51004,-2.68118,9.96386,7e-05,0.89805
7412.47,BTC-27MAR20,1577617145614,open,0.0,139.3,0.0005,0.011,0.00124626,114.4,0.0015,0.0,BTC-27MAR20-34000-C,7309.56,111.89,0.001,45.2,0.0015,2.1,116.63,0.78816,-0.50726,0.11912,1e-05,0.00785
7565.47,BTC-26JUN20,1577617145614,open,0.05,555.8,0.0245,0.094,0.05110891,79.8,0.052,0.0,BTC-26JUN20-14000-C,7309.56,78.74,0.049,19.5,0.0535,9.1,80.99,15.15674,-3.36216,5.79473,7e-05,0.20653
7412.47,BTC-27MAR20,1577617145614,open,2.24,0.0,2.175,2.3165,2.24097218,103.14,None,0.0,BTC-27MAR20-24000-P,7309.56,0.0,0.0015,10.0,0.0,0.0,0.0,1.76983,-1.02692,-58.1356,1e-05,-0.98002
7315.21,SYN.BTC-3JAN20,1577617145614,open,0.2,0.0,0.173,0.226,0.19734981,82.42,None,0.0,BTC-3JAN20-8750-P,7309.56,0.0,0.002,0.1,0.0,0.0,0.0,0.62916,-5.31757,-1.13734,0.00011,-0.96657
7347.63,SYN.BTC-31JAN20,1577617145614,open,0.24,10.4,0.2065,0.2685,0.2354887,56.53,0.272,0.0,BTC-31JAN20-9000-P,7309.56,0.0,0.0,0.0,0.27,0.5,96.13,4.74698,-4.08127,-7.29414,0.00017,-0.86667
7315.21,SYN.BTC-3JAN20,1577617145614,open,0.06,5.7,0.0435,0.0945,0.06412693,49.04,0.091,0.0,BTC-3JAN20-7750-P,7309.56,40.68,0.062,0.7,0.066,0.7,55.3,2.0657,-10.38917,-0.88249,0.00059,-0.83898
7347.63,SYN.BTC-31JAN20,1577617145614,open,0.04,423.3,0.024,0.0695,0.04177378,53.62,0.0415,0.0,BTC-31JAN20-7000-P,7309.56,52.03,0.04,16.6,0.0435,13.0,55.17,8.17943,-6.67086,-2.60184,0.00031,-0.35137
7565.47,BTC-26JUN20,1577617145616,open,0.03,269.6,0.011,0.065,0.02947437,85.27,0.028,0.0,BTC-26JUN20-18000-C,7309.56,84.24,0.028,11.6,0.031,2.1,86.31,10.95353,-2.59626,3.57414,5e-05,0.12534
7565.47,BTC-26JUN20,1577617145616,open,0.66,8.2,0.6025,0.7295,0.65947773,77.23,0.8905,0.0,BTC-26JUN20-12000-P,7309.56,0.0,0.1,10.0,0.91,0.1,169.54,17.90904,-3.84444,-51.3942,8e-05,-0.719
7412.47,BTC-27MAR20,1577617145616,open,3.59,0.0,3.497,3.687,3.58803093,113.63,None,0.0,BTC-27MAR20-34000-P,7309.56,0.0,0.0015,10.0,0.0,0.0,0.0,0.75024,-0.47958,-82.67546,0.0,-0.99258
7412.47,BTC-27MAR20,1577617145616,open,3.32,0.0,3.2325,3.413,3.3184694,112.14,None,0.0,BTC-27MAR20-32000-P,7309.56,0.0,0.0015,10.0,0.0,0.0,0.0,0.88752,-0.55993,-77.78192,1e-05,-0.99102
7412.47,BTC-27MAR20,1577617145616,open,4.4,1.0,4.2905,4.51,4.39675694,113.09,4.54,0.0,BTC-27MAR20-40000-P,7309.56,0.0,0.0015,10.0,0.0,0.0,0.0,0.34027,-0.21649,-97.3509,0.0,-0.99694
7347.63,SYN.BTC-31JAN20,1577617145616,open,0.01,594.1,0.001,0.026,0.01062512,56.56,0.0125,0.0,BTC-31JAN20-9000-C,7309.56,54.78,0.0095,44.7,0.012,33.0,58.64,4.75099,-4.08714,0.81314,0.00017,0.13349
7315.21,SYN.BTC-3JAN20,1577617145615,open,0.02,154.7,0.0065,0.047,0.01635709,44.68,0.017,0.0,BTC-3JAN20-7250-P,7309.56,42.78,0.0155,17.6,0.0175,0.2,47.2,3.30667,-15.15034,-0.42742,0.00104,-0.42105
7347.63,SYN.BTC-31JAN20,1577617145616,open,0.37,0.0,0.336,0.4,0.36570995,62.91,None,0.0,BTC-31JAN20-10000-P,7309.56,0.0,0.0015,10.0,0.0,0.0,0.0,2.69622,-2.57986,-8.62777,9e-05,-0.93797
7412.47,BTC-27MAR20,1577617145618,open,1.7,5.2,1.6465,1.7705,1.70359125,97.25,2.035,0.0,BTC-27MAR20-20000-P,7309.56,0.0,0.0015,10.0,1.8995,0.5,242.31,2.74228,-1.50029,-48.18818,2e-05,-0.96626
7412.47,BTC-27MAR20,1577617145618,open,0.28,102.3,0.241,0.3345,0.28348362,70.86,0.302,0.0,BTC-27MAR20-9000-P,7309.56,59.94,0.264,11.0,0.32,3.0,90.24,13.57478,-5.41147,-16.81403,0.00014,-0.64809
7347.63,SYN.BTC-31JAN20,1577617145618,open,0.01,733.4,0.0005,0.018,0.00651222,68.86,0.007,0.0,BTC-31JAN20-5500-P,7309.56,67.51,0.006,21.5,0.007,24.0,70.11,2.83591,-2.9702,-0.48121,8e-05,-0.0662
7315.21,SYN.BTC-3JAN20,1577617145618,open,0.01,366.0,0.0005,0.0295,0.00750127,50.72,0.007,0.0,BTC-3JAN20-7000-P,7309.56,49.23,0.007,7.3,0.008,0.2,52.17,2.4869,-12.93447,-0.21985,0.00069,-0.21749
7315.21,SYN.BTC-3JAN20,1577617145618,open,0.0,176.1,0.0005,0.011,0.00123244,82.66,0.001,0.0,BTC-3JAN20-8750-C,7309.56,79.82,0.001,14.4,0.0015,22.9,85.56,0.6358,-5.38969,0.03189,0.00011,0.03386
7565.47,BTC-26JUN20,1577617145619,open,0.24,169.2,0.189,0.2955,0.2370084,72.66,0.2501,0.0,BTC-26JUN20-8000-P,7309.56,69.95,0.2295,11.6,0.2425,10.0,74.64,20.9646,-4.23407,-25.32116,0.0001,-0.44215
7412.47,BTC-27MAR20,1577617145620,open,0.02,1496.0,0.0085,0.049,0.0224924,76.29,0.0235,0.0,BTC-27MAR20-12000-C,7309.56,74.42,0.0205,40.0,0.0245,20.1,78.11,8.04359,-3.45234,2.07654,8e-05,0.13754
7565.47,BTC-26JUN20,1577617145620,open,0.02,490.4,0.0095,0.042,0.02127202,75.77,0.021,0.0,BTC-26JUN20-4000-P,7309.56,73.35,0.019,38.0,0.0235,38.0,78.05,7.25498,-1.52808,-3.46216,3e-05,-0.07159
7412.47,BTC-27MAR20,1577617145619,open,1.17,1.2,1.1195,1.2275,1.16821299,88.15,1.4,0.0,BTC-27MAR20-16000-P,7309.56,0.0,0.0015,10.0,1.2995,0.5,185.32,4.38044,-2.17239,-38.04374,4e-05,-0.93959
7347.63,SYN.BTC-31JAN20,1577617145620,open,0.0,238.9,0.0005,0.012,0.00224136,79.65,0.002,0.0,BTC-31JAN20-12000-C,7309.56,78.3,0.002,56.9,0.0025,25.4,81.0,1.35965,-1.64711,0.16154,4e-05,0.02665
7315.21,SYN.BTC-3JAN20,1577617145619,open,0.0,129.4,0.0005,0.0105,0.0004933,95.22,0.001,0.0,BTC-3JAN20-5750-P,7309.56,0.0,0.0,0.0,0.001,51.0,105.82,0.27282,-2.66405,-0.01266,4e-05,-0.01246
7412.47,BTC-27MAR20,1577617145622,open,0.01,1572.1,0.0005,0.029,0.00972609,88.22,0.0095,0.0,BTC-27MAR20-16000-C,7309.56,86.07,0.0085,18.0,0.011,30.0,90.29,4.39023,-2.17883,0.91791,4e-05,0.06058
7412.47,BTC-27MAR20,1577617145622,open,1.44,0.0,1.383,1.4985,1.43552978,93.19,1.23,0.0,BTC-27MAR20-18000-P,7309.56,0.0,0.0015,10.0,1.5995,0.5,214.88,3.44383,-1.80556,-43.15341,3e-05,-0.95537
7412.47,BTC-27MAR20,1577617145622,open,0.19,274.6,0.1475,0.2355,0.18730461,70.86,0.1945,0.0,BTC-27MAR20-8000-P,7309.56,61.79,0.1695,12.0,0.22,5.0,87.47,14.57843,-5.81178,-12.71691,0.00015,-0.51727
7315.21,SYN.BTC-3JAN20,1577617145622,open,0.25,0.1,0.233,0.265,0.24840081,101.88,0.2735,0.0,BTC-3JAN20-5500-C,7309.56,0.0,0.2385,3.0,0.26,3.0,207.45,0.15536,-1.62315,0.72804,2e-05,0.99345
7347.63,SYN.BTC-31JAN20,1577617145622,open,0.14,37.9,0.113,0.163,0.13692539,56.14,0.1275,0.0,BTC-31JAN20-6500-C,7309.56,35.38,0.1215,4.0,0.1445,12.0,64.64,6.3281,-5.40338,4.33215,0.00023,0.79152
7347.63,SYN.BTC-31JAN20,1577617145622,open,0.26,20.2,0.239,0.279,0.25798448,68.9,0.2455,0.0,BTC-31JAN20-5500-C,7309.56,43.7,0.252,4.0,0.2755,4.0,101.69,2.83867,-2.97457,4.47203,8e-05,0.93372
7315.21,SYN.BTC-3JAN20,1577617145622,open,0.0,244.3,0.0005,0.0105,0.00024602,101.24,0.0005,0.0,BTC-3JAN20-5500-P,7309.56,0.0,0.0,0.0,0.0005,5.1,110.76,0.14968,-1.55397,-0.00638,2e-05,-0.00628
7565.47,BTC-26JUN20,1577617145627,open,0.43,136.4,0.379,0.501,0.43421011,75.08,0.42,0.0,BTC-26JUN20-10000-P,7309.56,64.06,0.405,6.0,0.4655,6.0,86.5,20.45217,-4.26811,-38.73859,0.0001,-0.60482
7565.47,BTC-26JUN20,1577617145627,open,0.01,51.0,0.0035,0.039,0.01324196,97.2,0.0145,0.0,BTC-26JUN20-28000-C,7309.56,94.27,0.011,36.0,0.0155,31.0,99.86,6.11396,-1.65192,1.64795,2e-05,0.05744
7412.47,BTC-27MAR20,1577617145629,open,0.07,477.2,0.041,0.1075,0.06933473,70.87,0.067,0.0,BTC-27MAR20-9000-C,7309.56,68.49,0.065,15.3,0.068,17.9,70.14,13.57539,-5.4126,5.10094,0.00014,0.35195
7565.47,BTC-26JUN20,1577617145629,open,0.61,17.8,0.5985,0.628,0.61122856,81.41,0.612,0.0,BTC-26JUN20-3000-C,7309.56,58.27,0.6045,6.3,0.623,6.0,101.37,3.45648,-0.78217,13.43454,2e-05,0.97156
131.55,ETH-26JUN20,1577617145814,open,0.45,0.0,0.409,0.482,0.445772,86.74,None,0.0,ETH-26JUN20-80-C,128.03,66.39,0.418,49.0,0.469,49.0,101.67,0.19649,-0.04737,0.27432,0.00266,0.86891
7315.21,SYN.BTC-3JAN20,1577617146018,open,0.0,133.4,0.0005,0.0105,0.00056412,82.66,0.0005,0.0,BTC-3JAN20-9000-C,7309.56,0.0,0.0,0.0,0.001,10.4,90.03,0.35521,-3.01111,0.01599,6e-05,0.01693
7315.21,SYN.BTC-3JAN20,1577617146018,open,0.23,0.0,0.2065,0.259,0.23085628,82.21,None,0.0,BTC-3JAN20-9000-P,7309.56,0.0,0.0005,2.0,0.0,0.0,0.0,0.34603,-2.9171,-1.18671,6e-05,-0.98358
7315.21,SYN.BTC-3JAN20,1577617146020,open,0.0,142.3,0.0005,0.0105,0.00024611,82.66,0.0005,0.0,BTC-3JAN20-9250-C,7309.56,0.0,0.0,0.0,0.0005,0.3,90.33,0.1855,-1.5725,0.00759,3e-05,0.00801
7315.21,SYN.BTC-3JAN20,1577617146020,open,0.27,0.0,0.24,0.2925,0.26471305,81.75,None,0.0,BTC-3JAN20-9250-P,7309.56,0.0,0.0005,3.0,0.0,0.0,0.0,0.17331,-1.45283,-1.2286,3e-05,-0.99259
7323.31,SYN.BTC-10JAN20,1577617146022,open,0.23,0.0,0.2055,0.259,0.23041985,61.19,None,0.0,BTC-10JAN20-9000-P,7309.56,0.0,0.0,0.0,0.0,0.0,0.0,1.01909,-2.62531,-2.84852,0.0001,-0.96507
7323.31,SYN.BTC-10JAN20,1577617146022,open,0.0,3.6,0.0005,0.011,0.00148934,61.34,0.002,0.0,BTC-10JAN20-9000-C,7309.56,57.43,0.001,130.0,0.002,8.8,64.67,1.02816,-2.65543,0.08059,0.0001,0.03531
131.55,ETH-26JUN20,1577617146060,open,0.45,0.0,0.409,0.482,0.445772,86.74,None,0.0,ETH-26JUN20-80-C,128.03,65.55,0.417,49.0,0.469,49.0,101.67,0.19649,-0.04737,0.27432,0.00266,0.86891
131.55,ETH-26JUN20,1577617146062,open,0.35,1.0,0.299,0.391,0.345666,84.37,0.38,0.0,ETH-26JUN20-100-C,128.03,66.55,0.309,48.0,0.378,48.0,99.65,0.27619,-0.06477,0.27905,0.00384,0.77611
7678.65,SYN.BTC-25SEP20,1577617146154,open,0.13,1.0,0.09,0.1785,0.12871424,73.8,0.1305,0.0,BTC-25SEP20-6000-P,7309.56,71.66,0.123,17.3,0.13,1.0,74.28,20.56984,-2.80201,-21.01843,6e-05,-0.24013
7678.65,SYN.BTC-25SEP20,1577617146154,open,0.23,2.2,0.186,0.292,0.23423393,73.8,0.24,0.0,BTC-25SEP20-8000-C,7309.56,74.03,0.235,16.5,0.24,2.0,75.54,25.55584,-3.48138,20.84442,8e-05,0.60002
7678.65,SYN.BTC-25SEP20,1577617146154,open,0.19,0.0,0.147,0.2555,0.19582357,74.64,None,0.0,BTC-25SEP20-9000-C,7309.56,74.84,0.1965,17.0,0.203,0.1,76.73,26.31642,-3.62568,19.0268,8e-05,0.52971
7678.65,SYN.BTC-25SEP20,1577617146154,open,0.28,0.6,0.239,0.3395,0.28503173,73.8,0.294,0.0,BTC-25SEP20-7000-C,7309.56,72.17,0.28,16.1,0.2935,22.1,76.55,23.70266,-3.22894,22.4203,7e-05,0.67847
7678.65,SYN.BTC-25SEP20,1577617146158,open,0.2,6.2,0.1495,0.255,0.19663569,73.8,0.208,0.0,BTC-25SEP20-7000-P,7309.56,71.65,0.19,15.4,0.194,1.0,72.94,23.70278,-3.22875,-29.52786,7e-05,-0.32153
7678.65,SYN.BTC-25SEP20,1577617146158,open,0.28,2.2,0.2225,0.341,0.27606703,73.8,0.2945,0.0,BTC-25SEP20-8000-P,7309.56,70.78,0.266,16.9,0.281,20.9,75.28,25.55601,-3.48117,-38.52522,8e-05,-0.39999
7678.65,SYN.BTC-25SEP20,1577617146158,open,0.16,10.2,0.115,0.222,0.16228875,74.64,0.168,0.0,BTC-25SEP20-10000-C,7309.56,74.85,0.163,17.5,0.17,0.1,76.89,26.28461,-3.62129,17.21683,8e-05,0.46442
129.04,SYN.ETH-28FEB20,1577617146176,open,0.04,260.0,0.015,0.062,0.035076,79.58,0.033,0.0,ETH-28FEB20-100-P,128.03,77.57,0.033,260.0,0.037,192.0,81.42,0.13428,-0.08777,-0.04453,0.00608,-0.17185
129.04,SYN.ETH-28FEB20,1577617146176,open,0.09,1.0,0.051,0.126,0.086544,75.56,0.096,0.0,ETH-28FEB20-120-P,128.03,73.21,0.083,240.0,0.09,693.0,77.85,0.19487,-0.12094,-0.09361,0.00929,-0.34842
129.04,SYN.ETH-28FEB20,1577617146176,open,0.02,724.0,0.008,0.043,0.021695,84.29,0.023,0.0,ETH-28FEB20-90-P,128.03,82.08,0.02,260.0,0.023,540.0,85.96,0.10004,-0.06926,-0.02866,0.00427,-0.11148
129.04,SYN.ETH-28FEB20,1577617146176,open,0.06,18.0,0.029,0.09,0.056567,77.13,0.057,0.0,ETH-28FEB20-110-P,128.03,75.16,0.054,260.0,0.059,470.0,78.99,0.16862,-0.10682,-0.06668,0.00787,-0.25328
129.04,SYN.ETH-28FEB20,1577617146179,open,0.09,45.0,0.052,0.125,0.087811,74.36,0.092,0.0,ETH-28FEB20-140-C,128.03,72.01,0.084,487.0,0.091,220.0,76.33,0.20881,-0.12754,0.07871,0.01011,0.45357
129.04,SYN.ETH-28FEB20,1577617146182,open,0.07,72.0,0.034,0.101,0.066025,75.15,0.064,0.0,ETH-28FEB20-150-C,128.03,73.18,0.063,1.0,0.069,220.0,77.07,0.19862,-0.12259,0.06499,0.00952,0.36803
133.52,SYN.ETH-25SEP20,1577617146488,open,0.2,19.0,0.134,0.258,0.195684,87.39,0.192,0.0,ETH-25SEP20-180-C,128.03,85.73,0.19,120.0,0.204,396.0,89.81,0.45877,-0.074,0.29348,0.00397,0.49187
133.52,SYN.ETH-25SEP20,1577617146488,open,0.04,0.0,0.021,0.069,0.041951,92.45,None,0.0,ETH-25SEP20-60-P,128.03,88.52,0.037,170.0,0.047,170.0,96.31,0.1716,-0.02928,-0.12121,0.0014,-0.08037
133.52,SYN.ETH-25SEP20,1577617146490,open,0.33,0.0,0.272,0.387,0.331342,87.23,None,0.0,ETH-25SEP20-120-C,128.03,83.8,0.321,160.0,0.336,423.0,88.78,0.4013,-0.06462,0.363,0.00348,0.69769
128.57,SYN.ETH-31JAN20,1577617146560,open,0.24,2.0,0.208,0.269,0.23935,81.74,0.236,0.0,ETH-31JAN20-100-C,128.03,46.57,0.224,36.0,0.26,36.0,110.78,0.07972,-0.0991,0.07354,0.00655,0.87435
7678.65,SYN.BTC-25SEP20,1577617146893,open,1.41,1.0,1.3315,1.496,1.40459145,83.23,1.43,0.0,BTC-25SEP20-18000-P,7309.56,0.0,0.05,1.0,1.485,0.1,111.44,18.70415,-2.87346,-125.43844,5e-05,-0.79665
7678.65,SYN.BTC-25SEP20,1577617146893,open,0.92,1.0,0.849,1.003,0.91789216,79.9,0.93,0.0,BTC-25SEP20-14000-P,7309.56,0.0,0.03,1.0,0.99,0.1,102.48,22.9499,-3.38456,-92.27713,7e-05,-0.70143
7678.65,SYN.BTC-25SEP20,1577617146893,open,1.16,1.0,1.0855,1.2435,1.15590146,80.7,1.18,0.0,BTC-25SEP20-16000-P,7309.56,0.0,0.04,1.0,1.25,0.1,111.6,20.53376,-3.05881,-109.21482,6e-05,-0.76065
7678.65,SYN.BTC-25SEP20,1577617146893,open,0.09,0.0,0.0545,0.152,0.09468423,79.91,None,0.0,BTC-25SEP20-14000-C,7309.56,78.5,0.0905,18.8,0.099,0.1,81.34,22.95169,-3.38523,11.62166,7e-05,0.29863
7678.65,SYN.BTC-25SEP20,1577617146893,open,1.66,1.0,1.5795,1.7505,1.65567113,85.21,1.68,0.0,BTC-25SEP20-20000-P,7309.56,0.0,0.06,1.0,1.75,0.1,119.45,17.01338,-2.67612,-141.39673,5e-05,-0.82562
7678.65,SYN.BTC-25SEP20,1577617146893,open,0.69,1.0,0.6195,0.7665,0.68571161,77.83,0.705,0.0,BTC-25SEP20-12000-P,7309.56,0.0,0.02,1.0,0.77,1.0,102.87,24.98576,-3.58952,-74.95027,7e-05,-0.62955
7678.65,SYN.BTC-25SEP20,1577617146893,open,0.12,0.1,0.0785,0.1825,0.12296195,77.84,0.13,0.0,BTC-25SEP20-12000-C,7309.56,76.62,0.119,18.2,0.127,0.1,79.07,24.98657,-3.58999,14.10545,7e-05,0.37049
129.5,ETH-27MAR20,1577617147346,open,0.04,0.0,0.017,0.066,0.038021,86.14,None,0.0,ETH-27MAR20-90-P,128.03,83.39,0.035,320.0,0.041,240.0,88.79,0.14403,-0.0698,-0.05696,0.00409,-0.14262
7323.31,SYN.BTC-10JAN20,1577617147404,open,0.0,57.3,0.0005,0.015,0.00399756,63.42,0.005,0.0,BTC-10JAN20-6250-P,7309.56,61.4,0.0035,0.1,0.0045,31.0,65.34,1.86183,-4.97157,-0.18722,0.00017,-0.07458
7323.31,SYN.BTC-10JAN20,1577617147404,open,0.15,0.0,0.131,0.172,0.15055844,63.42,None,0.0,BTC-10JAN20-6250-C,7309.56,41.68,0.147,3.0,0.1685,3.0,109.83,1.8618,-4.97143,1.84629,0.00017,0.92543
7323.31,SYN.BTC-10JAN20,1577617147404,open,0.22,0.5,0.1995,0.235,0.21633182,72.84,0.2065,0.0,BTC-10JAN20-5750-C,7309.56,0.0,0.2145,0.1,0.2305,3.0,128.47,0.85589,-2.62466,1.79987,7e-05,0.97172
7323.31,SYN.BTC-10JAN20,1577617147404,open,0.01,48.2,0.0005,0.021,0.00651788,58.78,0.0065,0.0,BTC-10JAN20-6500-P,7309.56,57.31,0.006,15.0,0.007,30.1,60.1,2.63352,-6.51724,-0.30009,0.00026,-0.11942
7323.31,SYN.BTC-10JAN20,1577617147404,open,0.12,0.0,0.098,0.1425,0.1189412,58.78,None,0.0,BTC-10JAN20-6500-C,7309.56,25.97,0.1125,3.0,0.139,3.0,101.32,2.63349,-6.51714,1.81477,0.00026,0.88058
7323.31,SYN.BTC-10JAN20,1577617147404,open,0.18,0.3,0.165,0.2035,0.18329755,68.96,0.174,0.0,BTC-10JAN20-6000-C,7309.56,0.0,0.1805,0.1,0.199,3.0,118.65,1.31884,-3.82906,1.83159,0.00011,0.95199
7323.31,SYN.BTC-10JAN20,1577617147404,open,0.0,83.9,0.0005,0.0125,0.0025991,68.96,0.0025,0.0,BTC-10JAN20-6000-P,7309.56,65.4,0.002,0.1,0.003,34.0,71.1,1.31888,-3.82921,-0.12059,0.00011,-0.04801
7323.31,SYN.BTC-10JAN20,1577617147404,open,0.0,35.7,0.0005,0.011,0.00149581,72.84,0.002,0.0,BTC-10JAN20-5750-P,7309.56,68.07,0.001,31.0,0.002,30.3,76.79,0.85593,-2.62484,-0.07096,7e-05,-0.02829
7323.31,SYN.BTC-10JAN20,1577617147407,open,0.04,106.5,0.026,0.074,0.03943981,47.78,0.0425,0.0,BTC-10JAN20-7250-C,7309.56,45.05,0.0375,14.3,0.0405,20.0,49.27,5.203,-10.46728,1.24867,0.00062,0.56349
7323.31,SYN.BTC-10JAN20,1577617147407,open,0.01,96.6,0.0005,0.032,0.00952451,51.92,0.01,0.0,BTC-10JAN20-6750-P,7309.56,50.8,0.009,27.2,0.01,0.1,52.92,3.46028,-7.56455,-0.45042,0.00038,-0.17951
7323.31,SYN.BTC-10JAN20,1577617147407,open,0.09,1.9,0.0685,0.117,0.08781027,51.92,0.0685,0.0,BTC-10JAN20-6750-C,7309.56,25.76,0.079,4.0,0.112,4.0,94.98,3.46026,-7.56446,1.74578,0.00038,0.82049
7323.31,SYN.BTC-10JAN20,1577617147407,open,0.03,49.2,0.018,0.0645,0.02942918,47.78,0.0315,0.0,BTC-10JAN20-7250-P,7309.56,45.77,0.028,15.6,0.032,38.6,51.4,5.203,-10.46733,-1.1102,0.00062,-0.43651
7323.31,SYN.BTC-10JAN20,1577617147407,open,0.01,84.7,0.004,0.043,0.01360869,47.78,0.0145,0.0,BTC-10JAN20-7750-C,7309.56,45.91,0.0125,52.2,0.0145,48.9,49.27,4.36466,-8.78074,0.61001,0.00052,0.26962
7323.31,SYN.BTC-10JAN20,1577617147407,open,0.0,55.0,0.0005,0.0165,0.00323064,55.45,0.003,0.0,BTC-10JAN20-8500-C,7309.56,52.4,0.0025,50.0,0.004,2.5,58.31,1.86964,-4.36518,0.17098,0.00019,0.07499
7323.31,SYN.BTC-10JAN20,1577617147407,open,0.07,0.0,0.0535,0.109,0.07187319,47.78,None,0.0,BTC-10JAN20-7750-P,7309.56,0.0,0.0445,3.0,0.0985,3.0,88.25,4.36467,-8.78082,-1.91153,0.00052,-0.73037
7323.31,SYN.BTC-10JAN20,1577617147407,open,0.06,10.8,0.0445,0.094,0.0617245,50.26,0.061,0.0,BTC-10JAN20-7000-C,7309.56,45.82,0.059,6.0,0.0625,21.0,51.51,4.5466,-9.62117,1.53648,0.00052,0.70656
7323.31,SYN.BTC-10JAN20,1577617147407,open,0.13,0.0,0.1085,0.164,0.13154029,52.52,None,0.0,BTC-10JAN20-8250-P,7309.56,0.0,0.0,0.0,0.0,0.0,0.0,2.53324,-5.60153,-2.42674,0.00028,-0.88693
7323.31,SYN.BTC-10JAN20,1577617147407,open,0.02,295.4,0.008,0.0465,0.01757631,50.26,0.016,0.0,BTC-10JAN20-7000-P,7309.56,49.33,0.017,0.4,0.0185,6.0,51.74,4.5466,-9.62124,-0.74106,0.00052,-0.29344
7323.31,SYN.BTC-10JAN20,1577617147407,open,0.1,0.0,0.0795,0.1355,0.10111406,51.19,None,0.0,BTC-10JAN20-8000-P,7309.56,0.0,0.0745,3.0,0.125,3.0,92.09,3.48006,-7.50026,-2.19202,0.00039,-0.81885
7323.31,SYN.BTC-10JAN20,1577617147407,open,0.01,55.5,0.0005,0.023,0.00500066,52.52,0.005,0.0,BTC-10JAN20-8250-C,7309.56,49.48,0.004,69.0,0.006,39.0,55.29,2.53319,-5.60136,0.25748,0.00028,0.11306
7323.31,SYN.BTC-10JAN20,1577617147407,open,0.05,3.8,0.033,0.0855,0.04817361,47.78,0.051,0.0,BTC-10JAN20-7500-P,7309.56,44.67,0.046,18.0,0.0505,18.0,51.1,5.12815,-10.31676,-1.52611,0.00062,-0.59232
7323.31,SYN.BTC-10JAN20,1577617147409,open,0.01,40.1,0.0005,0.032,0.008712,51.19,0.0095,0.0,BTC-10JAN20-8000-C,7309.56,49.67,0.008,15.0,0.0095,50.4,52.82,3.48003,-7.50015,0.41086,0.00039,0.18115
7323.31,SYN.BTC-10JAN20,1577617147409,open,0.16,0.0,0.1395,0.1945,0.16390784,55.45,None,0.0,BTC-10JAN20-8500-P,7309.56,0.0,0.0,0.0,0.0,0.0,0.0,1.86971,-4.36539,-2.59459,0.00019,-0.92501
7323.31,SYN.BTC-10JAN20,1577617147409,open,0.0,13.2,0.0005,0.012,0.00248342,60.06,0.002,0.0,BTC-10JAN20-8750-C,7309.56,54.55,0.0015,60.0,0.0035,60.0,64.6,1.4919,-3.77282,0.12767,0.00014,0.05607
7323.31,SYN.BTC-10JAN20,1577617147411,open,0.2,0.0,0.1725,0.226,0.19729818,60.07,None,0.0,BTC-10JAN20-8750-P,7309.56,0.0,0.0,0.0,0.0,0.0,0.0,1.49197,-3.77305,-2.71923,0.00014,-0.94393
7380.06,SYN.BTC-28FEB20,1577617147451,open,0.25,0.0,0.218,0.2945,0.25307402,61.35,None,0.0,BTC-28FEB20-9000-P,7309.9,0.0,0.0,0.0,0.0,0.0,0.0,9.62719,-4.85097,-12.3163,0.00017,-0.74755
7380.06,SYN.BTC-28FEB20,1577617147451,open,0.02,25.3,0.01,0.049,0.0246183,62.61,0.0245,0.0,BTC-28FEB20-9500-C,7309.9,62.06,0.024,19.4,0.0255,0.7,63.39,8.30878,-4.27259,2.09673,0.00015,0.19496
7380.06,SYN.BTC-28FEB20,1577617147451,open,0.01,34.2,0.0005,0.0235,0.00952615,70.41,0.0105,0.0,BTC-28FEB20-5000-P,7309.9,69.4,0.009,20.0,0.01,24.0,71.29,3.91645,-2.26488,-0.94306,6e-05,-0.06709
7380.06,SYN.BTC-28FEB20,1577617147451,open,0.33,0.0,0.3135,0.354,0.33202383,70.41,None,0.0,BTC-28FEB20-5000-C,7309.9,41.38,0.323,4.0,0.35,4.0,96.73,3.91633,-2.26477,7.39611,6e-05,0.93291
7380.06,SYN.BTC-28FEB20,1577617147450,open,0.01,70.8,0.0025,0.0305,0.01221687,69.19,0.0115,0.0,BTC-28FEB20-11000-C,7309.9,67.47,0.011,20.0,0.0135,34.0,70.91,5.35935,-3.04551,1.10287,9e-05,0.10182
7380.06,SYN.BTC-28FEB20,1577617147451,open,0.06,36.4,0.0395,0.096,0.06444774,59.64,0.066,0.0,BTC-28FEB20-8000-C,7309.9,58.73,0.063,16.9,0.0665,1.3,60.92,11.76309,-5.76168,4.34017,0.00022,0.41706
7380.06,SYN.BTC-28FEB20,1577617147451,open,0.02,19.0,0.0065,0.04,0.01840349,64.08,0.019,0.0,BTC-28FEB20-10000-C,7309.9,63.66,0.018,27.9,0.019,50.0,64.7,7.07406,-3.72333,1.63827,0.00012,0.1515
7380.06,SYN.BTC-28FEB20,1577617147451,open,0.31,0.0,0.277,0.3535,0.31187271,62.61,None,0.0,BTC-28FEB20-9500-P,7309.9,0.0,0.0,0.0,0.0,0.0,0.0,8.30892,-4.27273,-13.74758,0.00015,-0.80503
7380.06,SYN.BTC-28FEB20,1577617147451,open,0.27,0.0,0.249,0.2965,0.27089156,65.98,None,0.0,BTC-28FEB20-5500-C,7309.9,36.89,0.256,4.0,0.293,4.0,90.48,5.67113,-3.0732,7.61911,9e-05,0.8899
7380.06,SYN.BTC-28FEB20,1577617147450,open,0.5,0.0,0.467,0.546,0.50272197,69.19,None,0.0,BTC-28FEB20-11000-P,7309.9,0.0,0.0,0.0,0.0,0.0,0.0,5.35965,-3.04576,-17.24316,9e-05,-0.89817
7380.06,SYN.BTC-28FEB20,1577617147451,open,0.12,0.3,0.094,0.1555,0.12263652,59.8,0.126,0.0,BTC-28FEB20-7000-C,7309.9,58.09,0.12,14.4,0.1255,22.4,61.66,11.35403,-5.57697,6.27626,0.00021,0.63254
7380.06,SYN.BTC-28FEB20,1577617147450,open,0.15,0.0,0.1155,0.1875,0.14845145,59.64,None,0.0,BTC-28FEB20-8000-P,7309.9,35.65,0.1115,4.0,0.185,4.0,82.29,11.76311,-5.76174,-9.00244,0.00022,-0.58294
7380.06,SYN.BTC-28FEB20,1577617147451,open,0.37,0.0,0.3385,0.415,0.37340813,64.08,None,0.0,BTC-28FEB20-10000-P,7309.9,0.0,0.0,0.0,0.0,0.0,0.0,7.07425,-3.72351,-15.03994,0.00012,-0.84849
7380.06,SYN.BTC-28FEB20,1577617147451,open,0.05,16.7,0.0245,0.073,0.04481632,60.59,0.0455,0.0,BTC-28FEB20-6500-P,7309.9,59.22,0.043,23.8,0.0465,19.3,61.85,9.81658,-4.88502,-3.77765,0.00018,-0.26209
7380.06,SYN.BTC-28FEB20,1577617147451,open,0.03,29.2,0.0125,0.05,0.02704173,62.54,0.032,0.0,BTC-28FEB20-6000-P,7309.9,61.54,0.026,27.2,0.028,20.3,63.45,7.74264,-3.97723,-2.47528,0.00014,-0.17406
7380.06,SYN.BTC-28FEB20,1577617147451,open,0.03,37.9,0.016,0.0605,0.03356985,61.35,0.0345,0.0,BTC-28FEB20-9000-C,7309.9,60.52,0.0325,18.8,0.035,0.5,62.44,9.6271,-4.85085,2.6941,0.00017,0.25245
7380.06,SYN.BTC-28FEB20,1577617147451,open,0.07,9.5,0.0455,0.104,0.07113977,59.8,0.072,0.0,BTC-28FEB20-7000-P,7309.9,59.06,0.07,0.2,0.0725,19.3,60.69,11.35403,-5.57702,-5.39854,0.00021,-0.36746
7380.06,SYN.BTC-28FEB20,1577617147451,open,0.02,29.7,0.006,0.0345,0.01614411,65.98,0.019,0.0,BTC-28FEB20-5500-P,7309.9,65.13,0.0155,20.0,0.0165,24.0,66.44,5.67122,-3.07329,-1.55398,9e-05,-0.11011
7380.06,SYN.BTC-28FEB20,1577617147451,open,0.05,183.6,0.025,0.076,0.04658681,60.48,0.0475,0.0,BTC-28FEB20-8500-C,7309.9,59.4,0.045,17.9,0.0485,1.5,61.77,10.87315,-5.40099,3.45,0.0002,0.32688
7380.06,SYN.BTC-28FEB20,1577617147451,open,0.09,14.3,0.0615,0.122,0.08913883,59.23,0.091,0.0,BTC-28FEB20-7500-C,7309.9,57.92,0.087,15.8,0.0915,0.5,60.68,12.00618,-5.841,5.32366,0.00022,0.52165
7380.06,SYN.BTC-28FEB20,1577617147451,open,0.2,0.0,0.164,0.239,0.19834075,60.48,None,0.0,BTC-28FEB20-8500-P,7309.9,23.56,0.155,0.1,0.0,0.0,0.0,10.87319,-5.40107,-10.72651,0.0002,-0.67312
7380.06,SYN.BTC-28FEB20,1577617147451,open,0.16,0.5,0.1365,0.1955,0.1640633,60.59,0.1685,0.0,BTC-28FEB20-6500-C,7309.9,38.3,0.1365,4.0,0.1955,4.0,83.45,9.81656,-4.88496,7.06325,0.00018,0.73791
7380.06,SYN.BTC-28FEB20,1577617147451,open,0.11,3.1,0.0755,0.142,0.10539231,59.23,0.12,0.0,BTC-28FEB20-7500-P,7309.9,57.45,0.1025,17.5,0.108,14.4,60.84,12.00618,-5.84105,-7.18505,0.00022,-0.47835
7380.06,SYN.BTC-28FEB20,1577617147451,open,0.21,0.0,0.189,0.243,0.21403894,62.54,None,0.0,BTC-28FEB20-6000-C,7309.9,41.96,0.1955,4.0,0.241,4.0,86.09,7.74258,-3.97715,7.53172,0.00014,0.82594
128.23,SYN.ETH-10JAN20,1577617147610,open,0.04,227.0,0.015,0.068,0.040235,64.66,0.045,0.0,ETH-10JAN20-130-C,128.03,58.76,0.036,180.0,0.043,1.0,68.51,0.09211,-0.25077,0.01819,0.02663,0.4763
133.52,SYN.ETH-25SEP20,1577617147761,open,0.06,1.0,0.026,0.115,0.064065,98.62,0.067,0.0,ETH-25SEP20-400-C,128.03,95.55,0.057,100.0,0.071,100.0,101.5,0.31519,-0.05738,0.12781,0.00242,0.19305
133.52,SYN.ETH-25SEP20,1577617147761,open,0.06,41.0,0.022,0.105,0.056059,100.21,0.05,0.0,ETH-25SEP20-440-C,128.03,96.89,0.049,100.0,0.063,100.0,103.3,0.29228,-0.05406,0.114,0.0022,0.17111
133.52,SYN.ETH-25SEP20,1577617147761,open,0.93,0.0,0.832,1.029,0.927393,90.23,None,0.0,ETH-25SEP20-240-P,128.03,0.0,0.0,0.0,0.0,0.0,0.0,0.42918,-0.07148,-1.55578,0.0036,-0.64272
133.52,SYN.ETH-25SEP20,1577617147761,open,0.11,1.0,0.056,0.165,0.106094,93.02,0.097,0.0,ETH-25SEP20-280-C,128.03,89.61,0.096,110.0,0.116,110.0,96.29,0.40011,-0.0687,0.19245,0.00325,0.30032
133.52,SYN.ETH-25SEP20,1577617147761,open,0.05,77.0,0.018,0.095,0.04854,101.12,0.051,0.0,ETH-25SEP20-480-C,128.03,99.85,0.046,100.0,0.051,1.0,102.33,0.26907,-0.05023,0.10127,0.00201,0.15075
133.52,SYN.ETH-25SEP20,1577617147761,open,0.13,2.0,0.075,0.191,0.129881,90.23,0.122,0.0,ETH-25SEP20-240-C,128.03,87.13,0.12,110.0,0.136,2.0,92.13,0.42918,-0.07148,0.22532,0.0036,0.35728
133.52,SYN.ETH-25SEP20,1577617147761,open,1.48,0.0,1.377,1.603,1.484753,95.14,None,0.0,ETH-25SEP20-320-P,128.03,0.0,0.0,0.0,0.0,0.0,0.0,0.36985,-0.06495,-2.20873,0.00294,-0.74433
133.52,SYN.ETH-25SEP20,1577617147761,open,0.09,19.0,0.042,0.145,0.08807,95.14,0.083,0.0,ETH-25SEP20-320-C,128.03,91.8,0.079,100.0,0.097,100.0,98.31,0.36985,-0.06495,0.16607,0.00294,0.25567
133.52,SYN.ETH-25SEP20,1577617147761,open,2.06,0.0,1.94,2.194,2.059919,98.62,None,0.0,ETH-25SEP20-400-P,128.03,0.0,0.0,0.0,0.0,0.0,0.0,0.31519,-0.05738,-2.84069,0.00242,-0.80695
133.52,SYN.ETH-25SEP20,1577617147761,open,1.2,0.0,1.101,1.314,1.203192,93.02,None,0.0,ETH-25SEP20-280-P,128.03,0.0,0.0,0.0,0.0,0.0,0.0,0.40011,-0.0687,-1.8855,0.00325,-0.69968
133.52,SYN.ETH-25SEP20,1577617147761,open,2.35,0.0,2.225,2.493,2.351499,100.21,None,0.0,ETH-25SEP20-440-P,128.03,0.0,0.0,0.0,0.0,0.0,0.0,0.29228,-0.05406,-3.15136,0.0022,-0.82889
133.52,SYN.ETH-25SEP20,1577617147761,open,0.08,1.0,0.033,0.129,0.07506,97.19,0.067,0.0,ETH-25SEP20-360-C,128.03,93.98,0.067,100.0,0.083,100.0,100.23,0.34219,-0.06139,0.14543,0.00266,0.22183
133.52,SYN.ETH-25SEP20,1577617147763,open,1.77,0.0,1.657,1.898,1.771328,97.19,None,0.0,ETH-25SEP20-360-P,128.03,0.0,0.0,0.0,0.0,0.0,0.0,0.34219,-0.06139,-2.52622,0.00266,-0.77817
131.55,ETH-26JUN20,1577617148091,open,0.02,727.0,0.007,0.057,0.025021,103.2,0.028,0.0,ETH-26JUN20-440-C,128.03,100.59,0.022,120.0,0.028,120.0,105.62,0.15736,-0.04514,0.04605,0.00179,0.09606
129.5,ETH-27MAR20,1577617148091,open,0.03,7962.0,0.008,0.055,0.026507,94.05,0.026,0.0,ETH-27MAR20-240-C,128.03,92.63,0.025,300.0,0.028,300.0,95.41,0.13961,-0.07386,0.0346,0.00364,0.13623
131.55,ETH-26JUN20,1577617148095,open,0.02,297.0,0.004,0.044,0.017014,109.25,0.019,0.0,ETH-26JUN20-560-C,128.03,105.71,0.014,120.0,0.02,120.0,112.4,0.11866,-0.03603,0.03184,0.00127,0.06612
128.57,SYN.ETH-31JAN20,1577617148095,open,0.01,1852.0,0.001,0.023,0.00851,76.38,0.007,0.0,ETH-31JAN20-180-C,128.03,73.07,0.007,520.0,0.01,240.0,79.36,0.06162,-0.07158,0.00921,0.00542,0.088
128.11,SYN.ETH-3JAN20,1577617148101,open,0.15,1.0,0.116,0.172,0.143844,85.83,0.15,0.0,ETH-3JAN20-110-C,128.03,0.0,0.141,61.0,0.148,60.0,110.08,0.0168,-0.14784,0.01369,0.00893,0.94362
131.55,ETH-26JUN20,1577617148104,open,0.21,695.0,0.151,0.259,0.205851,83.03,0.212,0.0,ETH-26JUN20-140-C,128.03,78.01,0.192,180.0,0.219,180.0,87.82,0.36219,-0.0836,0.23818,0.00511,0.57325
129.5,ETH-27MAR20,1577617148144,open,0.0,5912.0,0.001,0.011,0.001861,120.0,0.005,0.0,ETH-27MAR20-600-C,128.03,126.71,0.003,220.0,0.005,397.0,135.02,0.01838,-0.01241,0.00286,0.00038,0.01092
129.5,ETH-27MAR20,1577617148156,open,0.02,1037.0,0.009,0.047,0.02447,90.2,0.028,0.0,ETH-27MAR20-80-P,128.03,88.43,0.023,320.0,0.026,300.0,92.0,0.10884,-0.05523,-0.03799,0.00296,-0.096
129.5,ETH-27MAR20,1577617148156,open,1.18,161.0,1.106,1.264,1.180166,100.0,1.397,0.0,ETH-27MAR20-280-P,128.03,0.0,0.002,50.0,0.0,0.0,0.0,0.10726,-0.06034,-0.65779,0.00263,-0.90589
128.57,SYN.ETH-31JAN20,1577617148156,open,0.26,1.0,0.22,0.311,0.263919,71.93,0.148,0.0,ETH-31JAN20-160-P,128.03,48.16,0.249,240.0,1.243,1.0,500.0,0.1022,-0.1118,-0.12521,0.00954,-0.81729
128.11,SYN.ETH-3JAN20,1577617148156,open,0.01,894.0,0.001,0.03,0.009459,70.59,0.01,0.0,ETH-3JAN20-120-P,128.03,69.16,0.009,13.0,0.01,1.0,72.25,0.04142,-0.29987,-0.00358,0.02677,-0.19977
128.57,SYN.ETH-31JAN20,1577617148156,open,0.87,0.0,0.813,0.931,0.869128,98.42,None,0.0,ETH-31JAN20-240-P,128.03,0.0,0.01,50.0,0.0,0.0,0.0,0.02231,-0.03339,-0.2136,0.00152,-0.97532
128.11,SYN.ETH-3JAN20,1577617148156,open,0.0,344.0,0.001,0.011,0.00148,101.65,0.001,0.0,ETH-3JAN20-160-C,128.03,0.0,0.0,0.0,0.003,396.0,115.78,0.01101,-0.11473,0.00055,0.00494,0.03339
128.57,SYN.ETH-31JAN20,1577617148156,open,0.14,405.0,0.099,0.182,0.139289,70.38,0.134,0.0,ETH-31JAN20-140-P,128.03,67.5,0.136,144.0,0.146,144.0,76.2,0.14728,-0.15764,-0.08758,0.01405,-0.61695
128.57,SYN.ETH-31JAN20,1577617148156,open,0.0,1797.0,0.001,0.012,0.002492,108.51,0.004,0.0,ETH-31JAN20-260-C,128.03,96.39,0.001,2.0,0.004,397.0,116.42,0.02086,-0.03442,0.00235,0.00129,0.02278
129.5,ETH-27MAR20,1577617148158,open,1.79,7.0,1.702,1.89,1.789937,109.75,1.702,0.0,ETH-27MAR20-360-P,128.03,0.0,0.01,30.0,0.0,0.0,0.0,0.06896,-0.04258,-0.86305,0.00154,-0.94707
129.5,ETH-27MAR20,1577617148162,open,0.01,1564.0,0.003,0.034,0.013003,105.05,0.011,0.0,ETH-27MAR20-320-C,128.03,101.83,0.011,260.0,0.015,800.0,107.99,0.08452,-0.04995,0.01754,0.00197,0.06864
131.55,ETH-26JUN20,1577617148162,open,3.88,0.0,3.727,4.048,3.878094,111.48,None,0.0,ETH-26JUN20-640-P,128.03,0.0,0.011,1.0,0.0,0.0,0.0,0.09756,-0.03023,-3.12902,0.00103,-0.94847
