underlying_price,underlying_index,timestamp,state,settlement_price,open_interest,min_price,max_price,mark_price,mark_iv,last_price,interest_rate,instrument_name,index_price,bid_iv,best_bid_price,best_bid_amount,best_ask_price,best_ask_amount,ask_iv,vega,theta,rho,gamma,delta
225.16,SYN.ETH-9AUG19,1565261940003,open,0.29,0.0,0.268,0.31,0.289369,0.0,None,0.0,ETH-9AUG19-160-C,225.09,0.0,0.0,0.0,0.0,0.0,0.0,0.0,0.0,0.00384,0.0,1.0
11831.57,SYN.BTC-9AUG19,1565261940076,open,0.02,88.8,0.003,0.0515,0.02657001,94.47,0.0215,0.0,BTC-9AUG19-12000-P,11827.2,77.97,0.0235,0.4,0.028,12.0,102.07,2.22163,-104.93688,-0.18102,0.0007,-0.61116
11831.57,SYN.BTC-9AUG19,1565261940078,open,0.04,199.8,0.0105,0.0595,0.0358744,96.55,0.042,0.0,BTC-9AUG19-11500-C,11827.2,87.85,0.0345,0.1,0.0405,0.1,124.19,1.90217,-91.83165,0.19814,0.00059,0.73391
225.16,SYN.ETH-9AUG19,1565261940102,open,0.0,51.0,0.001,0.011,0.0,125.02,0.003,0.0,ETH-9AUG19-160-P,225.09,0.0,0.0,0.0,0.002,300.0,378.67,0.0,0.0,0.0,0.0,0.0
11932.55,SYN.BTC-30AUG19,1565261940120,open,0.02,255.7,0.0035,0.036,0.01634127,100.83,0.0175,0.0,BTC-30AUG19-16000-C,11827.2,98.37,0.015,10.0,0.0175,24.1,102.89,6.61072,-15.23503,0.90917,8e-05,0.14347
12322.0,BTC-27DEC19,1565261940129,open,0.03,147.1,0.009,0.0625,0.03068831,103.79,0.033,0.0,BTC-27DEC19-32000-C,11827.2,102.03,0.0285,10.0,0.033,10.0,105.58,15.62473,-5.75554,4.41326,3e-05,0.12349
12067.19,BTC-27SEP19,1565261940130,open,0.1,152.7,0.059,0.134,0.09655837,97.24,0.095,0.0,BTC-27SEP19-11000-P,11827.2,94.21,0.0925,19.3,0.0985,11.5,98.69,16.17277,-15.7661,-7.04911,8e-05,-0.33094
12067.19,BTC-27SEP19,1565261940140,open,0.04,434.1,0.0115,0.061,0.03321455,101.47,0.033,0.0,BTC-27SEP19-18000-C,11827.2,98.72,0.0305,33.5,0.035,19.3,103.23,12.09736,-12.3053,2.58212,6e-05,0.18981
12067.19,BTC-27SEP19,1565261940152,open,0.04,434.1,0.0115,0.061,0.03321455,101.47,0.033,0.0,BTC-27SEP19-18000-C,11827.2,98.72,0.0305,33.5,0.035,33.5,103.23,12.09736,-12.3053,2.58212,6e-05,0.18981
225.74,SYN.ETH-16AUG19,1565261940152,open,0.0,0.0,0.001,0.011,0.000969,100.41,None,0.0,ETH-16AUG19-310-C,225.09,0.0,0.0,0.0,0.002,251.0,112.23,0.01531,-0.0976,0.00087,0.00139,0.01891
225.16,SYN.ETH-9AUG19,1565261940154,open,0.0,8.0,0.001,0.011,0.0,124.98,0.002,0.0,ETH-9AUG19-300-C,225.09,0.0,0.0,0.0,0.002,303.0,310.41,0.0,0.0,0.0,0.0,0.0
11865.07,SYN.BTC-16AUG19,1565261940151,open,0.02,121.5,0.0015,0.031,0.01183696,104.25,0.0105,0.0,BTC-16AUG19-14000-C,11827.2,100.38,0.0105,24.0,0.013,10.0,107.47,4.20075,-27.80231,0.37345,0.00013,0.15771
225.16,SYN.ETH-9AUG19,1565261940164,open,0.38,0.0,0.359,0.396,0.378198,0.0,None,0.0,ETH-9AUG19-140-C,225.09,0.0,0.0,0.0,0.0,0.0,0.0,0.0,0.0,0.00336,0.0,1.0
225.74,SYN.ETH-16AUG19,1565261940189,open,0.07,601.0,0.033,0.098,0.066724,91.77,0.083,0.0,ETH-16AUG19-220-C,225.09,86.96,0.064,150.0,0.073,150.0,102.82,0.12794,-0.74539,0.02607,0.01268,0.60195
225.16,SYN.ETH-9AUG19,1565261940204,open,0.25,0.0,0.222,0.267,0.244955,0.0,None,0.0,ETH-9AUG19-170-C,225.09,0.0,0.0,0.0,0.0,0.0,0.0,0.0,0.0,0.00408,0.0,1.0
225.16,SYN.ETH-9AUG19,1565261940288,open,0.0,238.0,0.001,0.011,0.0,125.02,0.001,0.0,ETH-9AUG19-170-P,225.09,0.0,0.0,0.0,0.001,5.0,285.34,0.0,-1e-05,0.0,0.0,0.0
225.74,SYN.ETH-16AUG19,1565261940305,open,0.37,0.0,0.334,0.418,0.374307,101.29,None,0.0,ETH-16AUG19-310-P,225.09,0.0,0.0,0.0,0.0,0.0,0.0,0.01593,-0.10246,-0.06597,0.00143,-0.98018
225.16,SYN.ETH-9AUG19,1565261940314,open,0.33,0.0,0.294,0.373,0.332433,201.23,None,0.0,ETH-9AUG19-300-P,225.09,0.0,0.0,0.0,0.0,0.0,0.0,0.00073,-0.07366,-0.00719,0.0003,-0.9979
225.16,SYN.ETH-9AUG19,1565261940328,open,0.0,0.0,0.001,0.011,0.0,125.01,None,0.0,ETH-9AUG19-140-P,225.09,0.0,0.0,0.0,0.002,300.0,500.0,0.0,0.0,0.0,0.0,0.0
225.16,SYN.ETH-9AUG19,1565261940373,open,0.2,0.0,0.176,0.224,0.200542,0.0,None,0.0,ETH-9AUG19-180-C,225.09,0.0,0.0,0.0,0.0,0.0,0.0,0.0,0.0,0.00432,0.0,1.0
12067.03,BTC-27SEP19,1565261940427,open,0.14,81.4,0.0965,0.1815,0.13947423,97.24,0.134,0.0,BTC-27SEP19-12000-P,11828.1,94.84,0.136,14.4,0.143,9.2,99.68,17.45954,-17.01971,-9.26825,9e-05,-0.42261
12067.03,BTC-27SEP19,1565261940427,open,0.36,884.8,0.3315,0.3795,0.35530665,97.32,0.355,0.0,BTC-27SEP19-8000-C,11828.1,80.01,0.346,9.0,0.36,9.1,104.62,7.42282,-7.24208,9.09665,4e-05,0.90698
12322.0,BTC-27DEC19,1565261940427,open,0.72,4.0,0.7095,0.729,0.71900403,103.06,0.64,0.0,BTC-27DEC19-3500-C,11828.1,0.0,0.0075,0.2,0.78,1.0,224.39,2.23942,-0.81912,12.83439,0.0,0.98887
12322.0,BTC-27DEC19,1565261940427,open,0.33,498.4,0.2715,0.3645,0.32033831,96.65,0.321,0.0,BTC-27DEC19-10000-C,11828.1,90.5,0.308,10.0,0.3265,15.0,99.72,24.75662,-8.49232,20.02949,4e-05,0.7415
12067.03,BTC-27SEP19,1565261940427,open,0.0,611.0,0.0005,0.013,0.00310216,101.06,0.0035,0.0,BTC-27SEP19-6000-P,11828.1,94.02,0.002,29.0,0.004,29.0,105.74,2.14485,-2.17302,-0.37825,1e-05,-0.01984
12322.0,BTC-27DEC19,1565261940427,open,0.0,99.9,0.0005,0.0105,0.0009315,124.63,0.0005,0.0,BTC-27DEC19-2000-P,11828.1,0.0,0.0,0.0,0.003,10.0,147.41,0.72444,-0.32045,-0.19243,0.0,-0.00311
12322.0,BTC-27DEC19,1565261940427,open,1.61,0.3,1.557,1.707,1.62766932,103.78,1.875,0.0,BTC-27DEC19-32000-P,11828.1,0.0,0.0,0.0,0.0,0.0,0.0,15.6243,-5.7553,-119.09434,3e-05,-0.87652
12322.0,BTC-27DEC19,1565261940427,open,0.71,5.7,0.65,0.7925,0.72073102,100.79,0.661,0.0,BTC-27DEC19-20000-P,11828.1,0.0,0.02,1.0,1.466,1.0,494.74,27.46752,-9.82544,-66.49304,5e-05,-0.67741
12322.0,BTC-27DEC19,1565261940427,open,0.44,25.3,0.381,0.515,0.44910535,98.4,0.431,0.0,BTC-27DEC19-16000-P,11828.1,95.31,0.4415,3.6,0.454,3.6,100.39,30.31457,-10.5873,-47.43928,5e-05,-0.5484
12322.0,BTC-27DEC19,1565261940427,open,0.29,561.5,0.2285,0.328,0.280831,96.65,0.2765,0.0,BTC-27DEC19-11000-C,11828.1,94.23,0.2755,10.0,0.2855,18.6,98.77,27.09497,-9.29446,19.3481,5e-05,0.68766
12067.03,BTC-27SEP19,1565261940428,open,0.79,55.9,0.783,0.8025,0.792844,126.31,0.689,0.0,BTC-27SEP19-2500-C,11828.1,0.0,0.004,10.0,0.8945,5.0,500.0,0.02681,-0.03395,3.41324,0.0,0.99984
12067.03,BTC-27SEP19,1565261940428,open,0.0,550.0,0.0005,0.0115,0.00153291,111.64,0.002,0.0,BTC-27SEP19-5000-P,11828.1,105.23,0.001,19.0,0.002,29.0,116.13,1.14807,-1.28485,-0.18371,1e-05,-0.00961
12322.9,BTC-27DEC19,1565261940428,open,1.46,0.2,1.401,1.549,1.47100239,103.32,2.03,0.0,BTC-27DEC19-30000-P,11828.1,0.0,0.0,0.0,0.0,0.0,0.0,17.3185,-6.3508,-110.70471,3e-05,-0.85661
12322.9,BTC-27DEC19,1565261940428,open,0.02,384.9,0.0055,0.0495,0.02222715,104.77,0.027,0.0,BTC-27DEC19-36000-C,11828.1,102.56,0.02,16.0,0.0245,10.0,106.91,12.75241,-4.74195,3.37286,2e-05,0.09314
12067.03,BTC-27SEP19,1565261940427,open,0.01,482.5,0.0025,0.031,0.01281037,103.66,0.0155,0.0,BTC-27SEP19-22000-C,11828.1,100.37,0.011,24.0,0.0145,39.0,106.52,6.9079,-7.17858,1.18139,3e-05,0.08446
12067.03,BTC-27SEP19,1565261940428,open,0.0,681.9,0.0005,0.012,0.00229279,107.38,0.004,0.0,BTC-27SEP19-30000-C,11828.1,97.14,0.001,39.0,0.0035,39.0,113.72,1.97898,-2.13034,0.25976,1e-05,0.01805
12322.9,BTC-27DEC19,1565261940429,open,0.76,0.0,0.749,0.7685,0.75856142,107.96,None,0.0,BTC-27DEC19-3000-C,11828.1,0.0,0.0055,0.1,0.971,0.5,500.0,1.54938,-0.59369,11.13568,0.0,0.99269
12067.03,BTC-27SEP19,1565261940428,open,0.15,725.5,0.1035,0.1835,0.14504222,97.25,0.1485,0.0,BTC-27SEP19-12000-C,11828.1,94.46,0.141,10.8,0.148,10.8,99.29,17.45949,-17.02126,7.12912,9e-05,0.5774
12067.03,BTC-27SEP19,1565261940429,open,0.55,221.9,0.5355,0.559,0.54654179,107.11,0.51,0.0,BTC-27SEP19-5500-C,11828.1,81.5,0.5445,3.0,0.826,5.0,500.0,1.64423,-1.76545,7.23742,1e-05,0.98546
12322.9,BTC-27DEC19,1565261940429,open,0.05,100.4,0.0155,0.0805,0.04342654,102.64,0.046,0.0,BTC-27DEC19-28000-C,11828.1,101.06,0.041,10.0,0.0455,4.9,103.96,19.11153,-6.96216,5.85103,3e-05,0.16645
12322.9,BTC-27DEC19,1565261940429,open,2.88,0.0,2.821,2.998,2.90451781,106.82,None,0.0,BTC-27DEC19-48000-P,11828.1,0.0,0.0,0.0,6.0,1.0,500.0,6.99318,-2.65139,-183.66062,1e-05,-0.95702
11932.39,SYN.BTC-30AUG19,1565261940427,open,0.15,17.1,0.1105,0.189,0.15029437,97.52,0.162,0.0,BTC-30AUG19-13000-P,11828.1,0.0,0.0,0.0,0.0,0.0,0.0,11.32422,-25.2405,-5.32761,0.00014,-0.59467
12067.03,BTC-27SEP19,1565261940429,open,1.15,0.0,1.1135,1.2125,1.15989424,105.67,None,0.0,BTC-27SEP19-26000-P,11828.1,0.0,0.0,0.0,0.0,0.0,0.0,3.71643,-3.93693,-34.98188,2e-05,-0.96162
12322.9,BTC-27DEC19,1565261940430,open,0.01,257.2,0.002,0.024,0.01153702,98.15,0.0115,0.0,BTC-27DEC19-5000-P,11828.1,93.91,0.0095,16.0,0.013,6.0,100.96,6.21751,-2.16582,-2.31771,1e-05,-0.03719
12322.9,BTC-27DEC19,1565261940429,open,0.48,52.5,0.443,0.502,0.47282545,96.62,0.414,0.0,BTC-27DEC19-7000-C,11828.1,0.0,0.3765,1.0,0.55,0.1,155.39,14.11815,-4.84164,19.98103,2e-05,0.89293
12322.9,BTC-27DEC19,1565261940429,open,0.01,508.9,0.0005,0.018,0.00810523,100.27,0.0095,0.0,BTC-27DEC19-4500-P,11828.1,97.29,0.007,2.0,0.009,11.0,102.52,4.75542,-1.69235,-1.66435,1e-05,-0.02689
12067.03,BTC-27SEP19,1565261940429,open,0.0,388.0,0.0005,0.012,0.00232313,107.06,0.003,0.0,BTC-27SEP19-5500-P,11828.1,104.57,0.002,1.0,0.0025,29.0,108.33,1.64157,-1.76187,-0.27754,1e-05,-0.01451
12067.03,BTC-27SEP19,1565261940430,open,0.73,0.0,0.721,0.7405,0.73083103,125.27,None,0.0,BTC-27SEP19-3250-C,11828.1,0.0,0.004,10.0,0.8745,5.0,500.0,0.16257,-0.20415,4.42037,0.0,0.99891
12067.03,BTC-27SEP19,1565261940429,open,0.51,713.5,0.4935,0.52,0.50588615,101.1,0.362,0.0,BTC-27SEP19-6000-C,11828.1,0.0,0.011,1.0,0.758,0.3,499.78,2.14758,-2.17658,7.81989,1e-05,0.98013
12322.9,BTC-27DEC19,1565261940430,open,0.22,301.9,0.161,0.2675,0.21701641,97.1,0.2205,0.0,BTC-27DEC19-13000-C,11828.1,95.44,0.213,10.0,0.222,18.6,99.15,29.85719,-10.28926,17.46908,5e-05,0.58431
12322.9,BTC-27DEC19,1565261940430,open,0.57,12.4,0.5105,0.65,0.58079938,99.45,0.559,0.0,BTC-27DEC19-18000-P,11828.1,0.0,0.004,5.0,1.316,0.2,500.0,29.15907,-10.2919,-57.09234,5e-05,-0.61959
12067.03,BTC-27SEP19,1565261940430,open,0.84,28.2,0.8245,0.844,0.83426346,130.27,0.755,0.0,BTC-27SEP19-2000-C,11828.1,0.0,0.01,1.0,0.9095,5.0,500.0,0.00664,-0.00868,2.73226,0.0,0.99996
12067.03,BTC-27SEP19,1565261940430,open,0.01,142.4,0.0005,0.0165,0.00529156,105.76,0.0095,0.0,BTC-27SEP19-26000-C,11828.1,101.21,0.004,39.0,0.0065,39.0,109.43,3.72889,-3.9536,0.54814,2e-05,0.03853
12067.03,BTC-27SEP19,1565261940430,open,0.67,227.5,0.6595,0.679,0.66925302,125.09,0.7065,0.0,BTC-27SEP19-4000-C,11828.1,0.0,0.111,2.0,0.717,5.0,299.54,0.57641,-0.72284,5.38103,0.0,0.99559
12067.03,BTC-27SEP19,1565261940431,open,0.88,42.8,0.866,0.8855,0.8756961,143.48,0.815,0.0,BTC-27SEP19-1500-C,11828.1,0.0,0.0,0.0,0.0,0.0,0.0,0.00267,-0.00384,2.04943,0.0,0.99999
12322.9,BTC-27DEC19,1565261940430,open,0.2,390.8,0.136,0.2435,0.19186145,97.61,0.2025,0.0,BTC-27DEC19-14000-C,11828.1,95.84,0.1875,10.0,0.196,5.0,99.29,30.41062,-10.53529,16.41348,5e-05,0.53696
12322.9,BTC-27DEC19,1565261940430,open,0.01,278.4,0.0005,0.0255,0.0090463,106.32,0.009,0.0,BTC-27DEC19-48000-C,11828.1,104.36,0.008,6.0,0.0095,2.0,107.12,6.85803,-2.58783,1.56536,1e-05,0.04196
12067.03,BTC-27SEP19,1565261940430,open,0.38,34.4,0.331,0.43,0.38005066,100.07,0.396,0.0,BTC-27SEP19-16000-P,11828.1,0.0,0.004,11.0,0.919,0.2,499.96,15.0608,-15.10923,-18.11003,8e-05,-0.71825
12067.03,BTC-27SEP19,1565261940431,open,0.06,323.1,0.0325,0.0935,0.06194157,97.24,0.0575,0.0,BTC-27SEP19-10000-P,11828.1,94.24,0.0585,19.3,0.0625,3.5,97.72,13.90474,-13.55471,-4.99856,7e-05,-0.2412
12067.03,BTC-27SEP19,1565261940431,open,0.07,430.7,0.0355,0.105,0.0695209,99.52,0.075,0.0,BTC-27SEP19-15000-C,11828.1,96.92,0.066,12.7,0.072,32.0,101.34,16.37774,-16.33984,4.49011,8e-05,0.34183
12067.03,BTC-27SEP19,1565261940431,open,0.3,372.7,0.2595,0.32,0.29017714,97.32,0.286,0.0,BTC-27SEP19-9000-C,11828.1,85.49,0.28,9.0,0.296,14.0,103.67,10.84701,-10.58249,9.06841,6e-05,0.84014
12322.9,BTC-27DEC19,1565261940431,open,0.27,194.0,0.211,0.33,0.27203994,97.13,0.267,0.0,BTC-27DEC19-13000-P,11828.1,94.64,0.266,4.9,0.2765,4.9,98.97,29.85638,-10.29235,-32.70712,5e-05,-0.41564
12322.9,BTC-27DEC19,1565261940431,open,0.42,202.5,0.379,0.451,0.41594922,96.63,0.421,0.0,BTC-27DEC19-8000-C,11828.1,0.0,0.2005,0.1,0.999,0.1,500.0,18.15759,-6.22727,20.45821,3e-05,0.84609
12322.9,BTC-27DEC19,1565261940432,open,0.05,159.2,0.026,0.0815,0.05227321,96.66,0.062,0.0,BTC-27DEC19-7500-P,11828.1,93.76,0.0485,16.0,0.0535,11.0,97.59,16.18144,-5.55134,-8.66158,3e-05,-0.12984
12067.03,BTC-27SEP19,1565261940431,open,0.0,405.8,0.0005,0.0105,1.733e-05,125.0,0.0005,0.0,BTC-27SEP19-2500-P,11828.1,0.0,0.0,0.0,0.0025,15.0,208.43,0.0238,-0.02982,-0.00255,0.0,-0.00014
12322.9,BTC-27DEC19,1565261940431,open,0.03,218.3,0.013,0.0535,0.03112256,96.66,0.0295,0.0,BTC-27DEC19-6500-P,11828.1,93.93,0.0285,16.0,0.0325,5.0,98.06,12.02343,-4.1248,-5.57312,2e-05,-0.08605
12067.93,BTC-27SEP19,1565261940431,open,0.43,748.2,0.411,0.4475,0.4285356,99.81,0.4315,0.0,BTC-27SEP19-7000-C,11828.1,48.88,0.42,9.5,0.437,9.5,118.92,4.48182,-4.48425,8.62574,2e-05,0.95161
12322.9,BTC-27DEC19,1565261940432,open,0.61,65.4,0.5905,0.623,0.60575874,98.09,0.608,0.0,BTC-27DEC19-5000-C,11828.1,0.0,0.33,1.0,0.9255,5.0,500.0,6.2097,-2.16181,16.98446,1e-05,0.96286
11932.39,SYN.BTC-30AUG19,1565261940427,open,0.51,0.0,0.4805,0.5545,0.5152425,103.27,None,0.0,BTC-30AUG19-18000-P,11828.1,0.0,0.0,0.0,0.0,0.0,0.0,3.78492,-8.93373,-10.35823,4e-05,-0.93316
12067.93,BTC-27SEP19,1565261940432,open,0.61,13.5,0.598,0.6175,0.60763196,114.16,0.382,0.0,BTC-27SEP19-4750-C,11828.1,0.0,0.004,11.0,0.677,5.0,299.32,0.951,-1.0884,6.34246,0.0,0.99225
12067.93,BTC-27SEP19,1565261940432,open,0.0,1065.6,0.0005,0.011,0.00109788,124.84,0.001,0.0,BTC-27SEP19-4250-P,11828.1,113.26,0.0005,3.0,0.001,1.0,123.31,0.79728,-0.99782,-0.12278,0.0,-0.00635
11932.39,SYN.BTC-30AUG19,1565261940429,open,0.03,241.8,0.0075,0.049,0.02545915,99.59,0.035,0.0,BTC-30AUG19-15000-C,11828.1,96.76,0.0235,10.0,0.0265,19.3,101.07,8.35063,-19.00908,1.29913,0.0001,0.20712
11932.39,SYN.BTC-30AUG19,1565261940429,open,0.26,21.1,0.2345,0.2805,0.25732331,96.43,0.2905,0.0,BTC-30AUG19-9000-C,11828.1,0.0,0.1,0.2,0.279,5.0,138.63,4.92334,-10.85094,4.63447,6e-05,0.90537
11932.39,SYN.BTC-30AUG19,1565261940431,open,0.1,399.6,0.0555,0.121,0.08938925,94.34,0.09,0.0,BTC-30AUG19-12000-C,11828.1,92.91,0.088,10.0,0.0935,14.4,98.57,11.60575,-25.02528,3.19579,0.00014,0.53626
11932.39,SYN.BTC-30AUG19,1565261940431,open,0.35,0.0,0.3205,0.397,0.35721135,100.8,0.403,0.0,BTC-30AUG19-16000-P,11828.1,0.0,0.03,1.0,0.0,0.0,0.0,6.60752,-15.22316,-8.68077,8e-05,-0.85663
11932.39,SYN.BTC-30AUG19,1565261940431,open,0.28,0.0,0.244,0.3225,0.28252485,99.57,None,0.0,BTC-30AUG19-15000-P,11828.1,0.0,0.02,1.0,0.0,0.0,0.0,8.34888,-19.0005,-7.69129,0.0001,-0.79296
11932.39,SYN.BTC-30AUG19,1565261940432,open,0.03,627.0,0.0095,0.0495,0.02702652,94.5,0.029,0.0,BTC-30AUG19-10000-P,11828.1,91.42,0.025,11.0,0.027,0.4,94.46,7.91726,-17.10122,-1.54931,0.0001,-0.18962
11932.39,SYN.BTC-30AUG19,1565261940432,open,0.06,102.3,0.027,0.084,0.05467196,94.34,0.0505,0.0,BTC-30AUG19-11000-P,11828.1,92.43,0.053,2.0,0.055,19.3,94.72,10.44628,-22.52549,-2.67932,0.00013,-0.31998
229.19,ETH-27SEP19,1565261940436,open,1.1,0.0,1.035,1.172,1.100687,105.89,None,0.0,ETH-27SEP19-480-P,225.11,0.0,0.0,0.0,0.0,0.0,0.0,0.08065,-0.08561,-0.64372,0.00106,-0.95476
229.19,ETH-27SEP19,1565261940437,open,0.03,7901.0,0.009,0.045,0.024927,97.44,0.024,0.0,ETH-27SEP19-160-P,225.11,90.51,0.02,486.0,0.026,626.0,98.89,0.16892,-0.16501,-0.04521,0.00242,-0.11944
229.19,ETH-27SEP19,1565261940436,open,0.52,347.0,0.458,0.578,0.517588,101.49,0.565,0.0,ETH-27SEP19-340-P,225.11,0.0,0.0,0.0,0.552,110.0,131.47,0.23276,-0.2368,-0.41456,0.0032,-0.80613
232.06,ETH-27DEC19,1565261940437,open,0.4,0.0,0.349,0.432,0.394152,99.17,None,0.0,ETH-27DEC19-160-C,225.11,0.0,0.002,100.0,0.98,5.0,500.0,0.37961,-0.13361,0.38052,0.00184,0.819
229.19,ETH-27SEP19,1565261940437,open,0.17,994.0,0.116,0.198,0.160353,96.98,0.174,0.0,ETH-27SEP19-220-C,225.11,92.49,0.154,120.0,0.165,110.0,100.27,0.32375,-0.31476,0.14251,0.00465,0.61539
232.06,ETH-27DEC19,1565261940437,open,1.13,21.0,1.039,1.219,1.127834,104.42,0.629,0.0,ETH-27DEC19-480-P,225.11,0.0,0.001,7.0,2.058,1.0,500.0,0.419,-0.15529,-1.71501,0.00193,-0.78697
232.06,ETH-27DEC19,1565261940437,open,0.04,1570.0,0.014,0.073,0.040412,105.35,0.041,0.0,ETH-27DEC19-560-C,225.11,102.29,0.036,40.0,0.044,110.0,107.74,0.34234,-0.12801,0.1019,0.00156,0.15418
232.06,ETH-27DEC19,1565261940437,open,0.02,1226.0,0.006,0.045,0.021272,107.91,0.032,0.0,ETH-27DEC19-720-C,225.11,103.33,0.017,50.0,0.025,300.0,111.51,0.23007,-0.08812,0.05969,0.00103,0.08791
229.19,ETH-27SEP19,1565261940437,open,0.65,0.0,0.641,0.663,0.651981,124.89,None,0.0,ETH-27SEP19-80-C,225.11,0.0,0.003,10.0,0.0,0.0,0.0,0.01446,-0.0181,0.10711,0.00016,0.99398
229.19,ETH-27SEP19,1565261940437,open,0.0,3444.0,0.001,0.011,0.000992,112.63,0.001,0.0,ETH-27SEP19-680-C,225.11,0.0,0.0,0.0,0.002,301.0,122.01,0.0188,-0.02122,0.00223,0.00023,0.00811
232.06,ETH-27DEC19,1565261940437,open,2.29,0.0,2.186,2.411,2.293291,108.32,None,0.0,ETH-27DEC19-760-P,225.11,0.0,0.001,100.0,0.0,0.0,0.0,0.20795,-0.07995,-2.88082,0.00092,-0.92312
229.19,ETH-27SEP19,1565261940437,open,0.68,259.0,0.619,0.743,0.6789,103.16,0.94,0.0,ETH-27SEP19-380-P,225.11,0.0,0.009,8.0,0.0,0.0,0.0,0.17744,-0.18351,-0.48566,0.0024,-0.87186
229.19,ETH-27SEP19,1565261940437,open,0.0,2060.0,0.001,0.011,0.001036,124.89,0.003,0.0,ETH-27SEP19-80-P,225.11,0.0,0.0,0.0,0.005,300.0,159.54,0.01446,-0.0181,-0.00221,0.00016,-0.00602
232.06,ETH-27DEC19,1565261940437,open,0.18,418.0,0.12,0.227,0.177337,99.9,0.187,0.0,ETH-27DEC19-280-C,225.11,96.94,0.17,215.0,0.184,335.0,102.59,0.57513,-0.20392,0.29176,0.00277,0.50308
229.19,ETH-27SEP19,1565261940437,open,0.57,0.0,0.551,0.58,0.565185,105.3,None,0.0,ETH-27SEP19-100-C,225.11,0.0,0.003,10.0,0.0,0.0,0.0,0.02264,-0.0239,0.13303,0.0003,0.98997
229.19,ETH-27SEP19,1565261940437,open,0.06,3472.0,0.027,0.092,0.058741,101.35,0.06,0.0,ETH-27SEP19-300-C,225.11,99.2,0.056,150.0,0.061,357.0,103.1,0.2935,-0.29819,0.0748,0.00403,0.2976
229.19,ETH-27SEP19,1565261940437,open,0.02,1897.0,0.006,0.042,0.020887,103.16,0.026,0.0,ETH-27SEP19-380-C,225.11,99.31,0.018,495.0,0.023,110.0,105.83,0.17744,-0.18351,0.03359,0.0024,0.12814
225.16,SYN.ETH-9AUG19,1565261940436,open,0.0,511.0,0.001,0.011,0.00056,124.25,0.001,0.0,ETH-9AUG19-200-P,225.11,0.0,0.0,0.0,0.002,550.0,158.2,0.00623,-0.12615,-0.00013,0.00412,-0.02399
232.08,ETH-27DEC19,1565261940437,open,1.95,0.0,1.854,2.065,1.954919,107.47,None,0.0,ETH-27DEC19-680-P,225.11,0.0,0.0,0.0,0.0,0.0,0.0,0.25477,-0.09718,-2.55642,0.00114,-0.89906
232.08,ETH-27DEC19,1565261940437,open,0.23,680.0,0.171,0.278,0.229333,99.15,0.236,0.0,ETH-27DEC19-240-C,225.11,97.76,0.226,2.0,0.236,120.0,101.93,0.55701,-0.19602,0.33208,0.0027,0.60007
229.21,ETH-27SEP19,1565261940437,open,0.18,2492.0,0.121,0.218,0.171386,97.7,0.173,0.0,ETH-27SEP19-240-P,225.11,93.37,0.165,120.0,0.174,110.0,99.48,0.33754,-0.3306,-0.20364,0.00481,-0.47878
232.08,ETH-27DEC19,1565261940437,open,0.14,648.0,0.087,0.19,0.141295,101.75,0.145,0.0,ETH-27DEC19-320-C,225.11,98.74,0.134,3.0,0.148,232.0,104.5,0.56468,-0.20392,0.25306,0.00267,0.42381
232.08,ETH-27DEC19,1565261940437,open,0.02,1427.0,0.005,0.04,0.018276,108.31,0.017,0.0,ETH-27DEC19-760-C,225.11,103.18,0.014,350.0,0.022,300.0,112.26,0.20798,-0.07995,0.05249,0.00092,0.07688
232.08,ETH-27DEC19,1565261940438,open,1.62,0.0,1.524,1.721,1.619299,105.99,0.953,0.0,ETH-27DEC19-600-P,225.11,0.0,0.0,0.0,0.0,0.0,0.0,0.3095,-0.11643,-2.22727,0.0014,-0.86722
229.21,ETH-27SEP19,1565261940438,open,0.01,7890.0,0.001,0.023,0.010996,97.59,0.008,0.0,ETH-27SEP19-140-P,225.11,92.9,0.009,1.0,0.012,140.0,99.8,0.10216,-0.09994,-0.02253,0.00146,-0.06093
229.21,ETH-27SEP19,1565261940438,open,1.27,12.0,1.204,1.349,1.273307,109.02,1.193,0.0,ETH-27SEP19-520-P,225.11,0.0,0.0,0.0,0.0,0.0,0.0,0.06322,-0.06909,-0.70151,0.00081,-0.96646
229.21,ETH-27SEP19,1565261940438,open,0.37,769.0,0.309,0.425,0.367699,101.42,0.45,0.0,ETH-27SEP19-300-P,225.11,0.0,0.048,1.0,0.391,110.0,118.98,0.29366,-0.29857,-0.33507,0.00403,-0.7021
229.21,ETH-27SEP19,1565261940438,open,0.93,0.0,0.867,0.998,0.930091,105.56,None,0.0,ETH-27SEP19-440-P,225.11,0.0,0.0,0.0,0.0,0.0,0.0,0.11372,-0.12035,-0.5826,0.0015,-0.93004
232.08,ETH-27DEC19,1565261940438,open,1.45,0.0,1.361,1.552,1.453581,105.49,0.845,0.0,ETH-27DEC19-560-P,225.11,0.0,0.0,0.0,0.0,0.0,0.0,0.34316,-0.12848,-2.05918,0.00156,-0.84528
229.21,ETH-27SEP19,1565261940438,open,0.44,502.0,0.382,0.5,0.440944,101.44,0.455,0.0,ETH-27SEP19-320-P,225.11,0.0,0.0,0.0,0.469,110.0,124.17,0.26413,-0.26859,-0.37576,0.00363,-0.75878
229.21,ETH-27SEP19,1565261940438,open,0.1,1702.0,0.056,0.134,0.096499,98.82,0.092,0.0,ETH-27SEP19-260-C,225.11,95.73,0.092,212.0,0.1,320.0,101.23,0.33359,-0.33049,0.10618,0.0047,0.4355
229.21,ETH-27SEP19,1565261940438,open,0.76,79.0,0.701,0.827,0.762057,104.63,0.351,0.0,ETH-27SEP19-400-P,225.11,0.0,0.01,10.0,0.0,0.0,0.0,0.15549,-0.1631,-0.51858,0.00207,-0.89366
229.21,ETH-27SEP19,1565261940438,open,0.02,5243.0,0.004,0.036,0.01678,104.41,0.019,0.0,ETH-27SEP19-400-C,225.11,100.11,0.014,500.0,0.019,500.0,107.6,0.1548,-0.16203,0.02785,0.00207,0.1057
232.08,ETH-27DEC19,1565261940438,open,0.09,902.0,0.045,0.134,0.089755,103.13,0.095,0.0,ETH-27DEC19-400-C,225.11,99.49,0.082,299.0,0.096,259.0,106.01,0.50002,-0.18303,0.1868,0.00233,0.2983
232.08,ETH-27DEC19,1565261940438,open,1.78,0.0,1.689,1.893,1.78708,107.1,None,0.0,ETH-27DEC19-640-P,225.11,0.0,0.0,0.0,0.0,0.0,0.0,0.28273,-0.10748,-2.39199,0.00127,-0.88333
229.21,ETH-27SEP19,1565261940439,open,0.08,2100.0,0.038,0.109,0.074175,99.38,0.083,0.0,ETH-27SEP19-280-C,225.11,96.34,0.07,229.0,0.077,339.0,101.41,0.31668,-0.31548,0.0892,0.00444,0.35898
232.08,ETH-27DEC19,1565261940439,open,0.04,1581.0,0.011,0.064,0.033761,105.82,0.028,0.0,ETH-27DEC19-600-C,225.11,102.91,0.03,50.0,0.037,110.0,108.2,0.30854,-0.11588,0.08816,0.0014,0.13218
229.21,ETH-27SEP19,1565261940439,open,0.0,839.0,0.001,0.011,0.000125,125.01,0.001,0.0,ETH-27SEP19-60-P,225.11,0.0,0.0,0.0,0.002,550.0,172.3,0.00251,-0.00314,-0.00031,3e-05,-0.00087
229.21,ETH-27SEP19,1565261940439,open,0.12,1948.0,0.077,0.162,0.120256,97.01,0.12,0.0,ETH-27SEP19-220-P,225.11,93.29,0.115,150.0,0.123,110.0,98.96,0.32375,-0.31487,-0.15809,0.00465,-0.38451
226.89,SYN.ETH-30AUG19,1565261940437,open,0.03,740.0,0.008,0.051,0.027282,97.28,0.034,0.0,ETH-30AUG19-280-C,225.11,92.69,0.024,160.0,0.03,542.0,100.96,0.16549,-0.36797,0.02653,0.00551,0.22241
232.08,ETH-27DEC19,1565261940439,open,0.97,0.0,0.882,1.056,0.968466,103.74,None,0.0,ETH-27DEC19-440-P,225.11,0.0,0.001,8.0,1.887,1.0,500.0,0.45946,-0.16917,-1.5381,0.00213,-0.74867
225.74,SYN.ETH-16AUG19,1565261940437,open,0.16,0.0,0.123,0.205,0.163764,94.52,None,0.0,ETH-16AUG19-260-P,225.11,0.0,0.0,0.0,0.0,0.0,0.0,0.08438,-0.50635,-0.04833,0.00812,-0.82852
232.08,ETH-27DEC19,1565261940439,open,0.06,789.0,0.025,0.098,0.059403,104.42,0.067,0.0,ETH-27DEC19-480-C,225.11,101.37,0.054,40.0,0.064,389.0,106.93,0.41905,-0.1553,0.13762,0.00193,0.21304
11932.39,SYN.BTC-30AUG19,1565261940431,open,0.05,184.0,0.0155,0.067,0.03959353,98.52,0.048,0.0,BTC-30AUG19-14000-C,11828.1,95.42,0.037,10.0,0.041,19.3,100.18,10.06225,-22.65866,1.81887,0.00012,0.29393
225.16,SYN.ETH-9AUG19,1565261940437,open,0.0,1138.0,0.001,0.018,0.002811,114.86,0.003,0.0,ETH-9AUG19-210-P,225.11,104.91,0.002,5.0,0.004,550.0,127.44,0.01971,-0.63289,-0.00057,0.01411,-0.10253
225.74,SYN.ETH-16AUG19,1565261940436,open,0.01,496.0,0.002,0.031,0.011983,94.52,0.017,0.0,ETH-16AUG19-260-C,225.11,86.14,0.009,473.0,0.014,200.0,99.77,0.08438,-0.50635,0.00777,0.00812,0.17149
232.08,ETH-27DEC19,1565261940440,open,2.12,0.0,2.02,2.238,2.123918,108.17,None,0.0,ETH-27DEC19-720-P,225.11,0.0,0.003,5.0,0.0,0.0,0.0,0.23166,-0.08894,-2.71874,0.00103,-0.91128
226.89,SYN.ETH-30AUG19,1565261940438,open,0.02,621.0,0.005,0.036,0.017462,95.24,0.015,0.0,ETH-30AUG19-180-P,225.11,90.45,0.015,200.0,0.019,283.0,98.11,0.11974,-0.26066,-0.02054,0.00408,-0.13361
225.74,SYN.ETH-16AUG19,1565261940436,open,0.03,275.0,0.007,0.056,0.029993,92.75,0.031,0.0,ETH-16AUG19-240-C,225.11,87.22,0.027,411.0,0.033,3.0,98.23,0.123,-0.72421,0.01565,0.01206,0.35138
226.89,SYN.ETH-30AUG19,1565261940437,open,0.59,0.0,0.542,0.643,0.59012,99.61,None,0.0,ETH-30AUG19-360-P,225.11,0.0,0.0,0.0,0.0,0.0,0.0,0.04616,-0.1051,-0.21102,0.0015,-0.96174
226.89,SYN.ETH-30AUG19,1565261940438,open,0.01,3110.0,0.001,0.016,0.006137,96.73,0.007,0.0,ETH-30AUG19-160-P,225.11,88.09,0.004,200.0,0.008,650.0,103.08,0.06226,-0.13765,-0.00839,0.00209,-0.05553
229.21,ETH-27SEP19,1565261940442,open,0.21,1291.0,0.163,0.243,0.20647,97.11,0.221,0.0,ETH-27SEP19-200-C,225.11,0.0,0.0,0.0,0.425,11.0,270.28,0.28909,-0.28143,0.15834,0.00415,0.712
225.74,SYN.ETH-16AUG19,1565261940436,open,0.02,83.0,0.003,0.042,0.019621,94.5,0.019,0.0,ETH-16AUG19-250-C,225.11,86.6,0.016,446.0,0.023,446.0,101.57,0.10597,-0.63578,0.01135,0.0102,0.2527
229.21,ETH-27SEP19,1565261940442,open,1.44,24.0,1.373,1.526,1.446409,110.74,1.356,0.0,ETH-27SEP19-560-P,225.11,0.0,0.0,0.0,0.0,0.0,0.0,0.04784,-0.05311,-0.75871,0.0006,-0.97601
226.89,SYN.ETH-30AUG19,1565261940438,open,0.3,0.0,0.275,0.325,0.300913,96.61,None,0.0,ETH-30AUG19-160-C,225.11,0.0,0.0,0.0,0.0,0.0,0.0,0.0621,-0.13714,0.08754,0.00208,0.94465
225.16,SYN.ETH-9AUG19,1565261940437,open,0.11,444.0,0.085,0.14,0.112271,122.79,0.127,0.0,ETH-9AUG19-200-C,225.11,0.0,0.0,0.0,0.0,0.0,0.0,0.00595,-0.36532,0.00467,0.00398,0.97727
226.89,SYN.ETH-30AUG19,1565261940438,open,0.0,3084.0,0.001,0.011,0.001972,107.84,0.002,0.0,ETH-30AUG19-400-C,225.11,98.48,0.001,450.0,0.003,200.0,114.8,0.02906,-0.07162,0.00271,0.00087,0.02191
226.89,SYN.ETH-30AUG19,1565261940439,open,0.01,2291.0,0.001,0.024,0.009619,97.91,0.01,0.0,ETH-30AUG19-320-C,225.11,91.04,0.007,500.0,0.012,620.0,103.39,0.09337,-0.20895,0.01152,0.00309,0.0943
226.89,SYN.ETH-30AUG19,1565261940438,open,0.76,0.0,0.713,0.822,0.765032,108.44,None,0.0,ETH-30AUG19-400-P,225.11,0.0,0.0,0.0,0.0,0.0,0.0,0.0298,-0.07386,-0.23694,0.00089,-0.97742
225.16,SYN.ETH-9AUG19,1565261940437,open,0.0,258.0,0.001,0.011,2e-06,125.02,0.002,0.0,ETH-9AUG19-180-P,225.11,0.0,0.0,0.0,0.002,300.0,265.13,5e-05,-0.00038,0.0,3e-05,-0.00011
225.16,SYN.ETH-9AUG19,1565261940437,open,0.0,929.0,0.001,0.018,0.002888,106.6,0.005,0.0,ETH-9AUG19-240-C,225.11,96.57,0.002,1.0,0.004,550.0,117.45,0.02152,-0.65035,0.00061,0.01659,0.11582
225.16,SYN.ETH-9AUG19,1565261940436,open,0.01,414.0,0.001,0.035,0.010278,101.74,0.008,0.0,ETH-9AUG19-220-P,225.11,69.75,0.005,436.0,0.011,237.0,105.89,0.03901,-1.98471,-0.00174,0.03153,-0.31196
226.89,SYN.ETH-30AUG19,1565261940437,open,0.34,0.0,0.291,0.388,0.338797,97.99,None,0.0,ETH-30AUG19-300-P,225.11,0.0,0.0,0.0,0.0,0.0,0.0,0.12843,-0.28765,-0.16191,0.00425,-0.85186
225.74,SYN.ETH-16AUG19,1565261940436,open,0.01,118.0,0.001,0.016,0.004267,95.77,0.006,0.0,ETH-16AUG19-280-C,225.11,88.9,0.003,300.0,0.006,250.0,103.63,0.0455,-0.27667,0.0033,0.00432,0.07202
12322.9,BTC-27DEC19,1565261940481,open,1.15,0.0,1.0925,1.238,1.16251246,102.24,None,0.0,BTC-27DEC19-26000-P,11828.1,0.0,0.004,10.0,1.9385,0.2,500.0,21.13928,-7.67106,-93.55493,4e-05,-0.80452
232.08,ETH-27DEC19,1565261940852,open,0.11,242.0,0.061,0.158,0.111004,102.01,0.126,0.0,ETH-27DEC19-360-C,225.11,98.96,0.104,286.0,0.117,356.0,104.6,0.53598,-0.19406,0.21723,0.00253,0.35352
11865.07,SYN.BTC-16AUG19,1565261940914,open,0.08,66.7,0.0415,0.102,0.07288777,97.45,0.082,0.0,BTC-16AUG19-11500-C,11828.1,95.85,0.072,18.0,0.078,18.0,106.52,6.66698,-41.24637,1.38545,0.00023,0.61405
12322.0,BTC-27DEC19,1565261940955,open,0.44,25.3,0.381,0.515,0.44911814,98.4,0.431,0.0,BTC-27DEC19-16000-P,11828.1,95.1,0.441,3.6,0.454,3.6,100.39,30.31457,-10.5873,-47.43928,5e-05,-0.5484
11865.07,SYN.BTC-16AUG19,1565261940957,open,0.06,252.6,0.023,0.0805,0.05186679,97.45,0.058,0.0,BTC-16AUG19-12000-C,11828.1,95.96,0.051,18.0,0.056,10.0,104.49,6.95291,-43.01402,1.13969,0.00023,0.49704
12067.87,BTC-27SEP19,1565261940967,open,0.19,529.1,0.1445,0.222,0.18498915,97.22,0.19,0.0,BTC-27SEP19-11000-C,11828.1,93.49,0.18,24.5,0.188,24.5,99.46,16.17243,-15.76178,7.98352,8e-05,0.66913
12322.9,BTC-27DEC19,1565261940974,open,0.22,301.9,0.161,0.2675,0.21704303,97.11,0.2205,0.0,BTC-27DEC19-13000-C,11828.1,95.44,0.213,10.0,0.222,15.0,99.15,29.85691,-10.29033,17.46863,5e-05,0.58433
11831.41,SYN.BTC-9AUG19,1565261941151,open,0.02,88.8,0.003,0.0515,0.02657864,94.43,0.0215,0.0,BTC-9AUG19-12000-P,11828.1,77.92,0.0235,0.4,0.0275,0.5,99.38,2.22134,-104.88519,-0.18107,0.0007,-0.61132
12067.87,BTC-27SEP19,1565261941427,open,0.0,586.8,0.0005,0.0105,8.239e-05,125.01,0.0005,0.0,BTC-27SEP19-3000-P,11830.28,0.0,0.0,0.0,0.0025,15.0,184.85,0.09251,-0.11593,-0.0111,0.0,-0.00059
12067.87,BTC-27SEP19,1565261941427,open,0.63,289.7,0.619,0.6385,0.6286906,124.55,0.588,0.0,BTC-27SEP19-4500-C,11830.28,0.0,0.002,2.1,0.69,5.0,299.5,1.06601,-1.33103,5.97742,0.0,0.99117
12322.88,BTC-27DEC19,1565261941428,open,0.05,159.9,0.0205,0.0925,0.0524654,102.15,0.0555,0.0,BTC-27DEC19-26000-C,11830.28,101.0,0.0505,10.0,0.0545,4.9,103.33,21.1154,-7.65567,6.78495,4e-05,0.19512
12067.87,BTC-27SEP19,1565261941429,open,0.71,261.1,0.7005,0.72,0.71023003,124.04,0.714,0.0,BTC-27SEP19-3500-C,11830.28,0.0,0.161,2.0,0.7435,0.1,293.46,0.24413,-0.30357,4.75032,0.0,0.9983
12067.87,BTC-27SEP19,1565261941429,open,0.65,9.2,0.639,0.6585,0.64889864,124.47,0.574,0.0,BTC-27SEP19-4250-C,11830.28,0.0,0.005,1.1,0.7035,5.0,299.92,0.78528,-0.97987,5.68685,0.0,0.99376
12322.88,BTC-27DEC19,1565261941429,open,0.0,173.8,0.0005,0.0105,0.00025287,124.69,0.0005,0.0,BTC-27DEC19-1500-P,11830.28,0.0,0.0,0.0,0.0005,13.1,134.2,0.24547,-0.10863,-0.05712,0.0,-0.00095
12067.87,BTC-27SEP19,1565261941429,open,0.59,789.2,0.5775,0.5975,0.58718088,111.34,0.5015,0.0,BTC-27SEP19-5000-C,11830.28,0.0,0.051,2.0,0.6645,5.0,299.37,1.134,-1.26576,6.65127,1e-05,0.99053
11865.96,SYN.BTC-16AUG19,1565261941426,open,0.02,63.2,0.0025,0.034,0.01467867,97.47,0.0145,0.0,BTC-16AUG19-10500-P,11830.28,93.0,0.013,24.0,0.015,1.5,98.31,4.53016,-28.03361,-0.4915,0.00015,-0.17729
12325.06,BTC-27DEC19,1565261941429,open,0.57,59.3,0.5515,0.5905,0.57015484,97.1,0.51,0.0,BTC-27DEC19-5500-C,11830.28,0.0,0.255,1.0,0.9595,5.0,500.0,7.97066,-2.74692,18.04138,1e-05,0.94942
12325.06,BTC-27DEC19,1565261941429,open,0.51,63.0,0.4775,0.53,0.50361076,96.55,0.4965,0.0,BTC-27DEC19-6500-C,11830.28,0.0,0.355,1.0,0.956,2.0,500.0,12.006,-4.11399,19.52847,2e-05,0.91413
12325.06,BTC-27DEC19,1565261941429,open,0.84,0.0,0.829,0.8485,0.83862025,123.95,None,0.0,BTC-27DEC19-2000-C,11830.28,0.0,0.0135,0.4,0.977,0.5,500.0,0.70299,-0.30927,7.53356,0.0,0.99699
12325.06,BTC-27DEC19,1565261941431,open,0.33,219.5,0.2635,0.389,0.3279782,97.67,0.3215,0.0,BTC-27DEC19-14000-P,11830.28,94.85,0.321,3.6,0.3325,3.6,99.51,30.41418,-10.54349,-37.61673,5e-05,-0.46279
12067.87,BTC-27SEP19,1565261941430,open,0.0,49.2,0.0005,0.0105,0.00015639,125.01,0.0015,0.0,BTC-27SEP19-3250-P,11830.28,0.0,0.0,0.0,0.0025,15.0,174.6,0.15983,-0.2003,-0.02022,0.0,-0.00107
12325.06,BTC-27DEC19,1565261941431,open,0.01,991.2,0.0005,0.0235,0.0077963,108.59,0.008,0.0,BTC-27DEC19-52000-C,11830.28,106.92,0.007,0.1,0.009,14.0,110.92,6.08286,-2.34448,1.35133,1e-05,0.0362
12325.06,BTC-27DEC19,1565261941430,open,0.01,203.3,0.0025,0.0325,0.01232725,106.31,0.013,0.0,BTC-27DEC19-44000-C,11830.28,103.54,0.0105,16.0,0.014,4.0,108.63,8.5391,-3.22184,2.03822,1e-05,0.05517
12325.06,BTC-27DEC19,1565261941429,open,0.02,93.1,0.0055,0.032,0.01651095,97.27,0.0205,0.0,BTC-27DEC19-5500-P,11830.28,94.08,0.0145,16.0,0.018,11.0,99.52,7.99448,-2.75998,-3.20077,1e-05,-0.05077
12325.06,BTC-27DEC19,1565261941429,open,2.24,0.0,2.187,2.3485,2.2624934,106.36,2.58,0.0,BTC-27DEC19-40000-P,11830.28,0.0,0.0005,3.0,0.0,0.0,0.0,10.65748,-4.02321,-151.70675,2e-05,-0.92664
12067.87,BTC-27SEP19,1565261941431,open,0.04,232.2,0.015,0.0605,0.0360036,97.33,0.0375,0.0,BTC-27SEP19-9000-P,11830.28,95.08,0.034,2.0,0.037,19.3,98.43,10.84617,-10.58242,-3.22922,6e-05,-0.15982
12325.06,BTC-27DEC19,1565261941431,open,2.88,0.0,2.8205,2.998,2.90423569,107.51,None,0.0,BTC-27DEC19-48000-P,11830.28,0.0,0.0,0.0,6.0,1.0,500.0,7.1818,-2.7404,-183.61128,1e-05,-0.95558
12067.87,BTC-27SEP19,1565261941431,open,0.69,0.0,0.68,0.6995,0.68971814,125.0,None,0.0,BTC-27SEP19-3750-C,11830.28,0.0,0.004,11.0,0.731,10.0,299.2,0.39409,-0.49384,5.06903,0.0,0.99711
12325.06,BTC-27DEC19,1565261941431,open,0.17,104.2,0.1215,0.2235,0.17354316,96.7,0.1765,0.0,BTC-27DEC19-11000-P,11830.28,94.18,0.168,14.9,0.1765,4.9,98.05,27.09538,-9.29987,-23.1053,5e-05,-0.31217
12325.06,BTC-27DEC19,1565261941431,open,3.2,1.1,3.1385,3.3275,3.22789044,110.63,3.201,0.0,BTC-27DEC19-52000-P,11830.28,0.0,0.001,1.0,0.0,0.0,0.0,6.59561,-2.5898,-199.21851,1e-05,-0.96002
12325.06,BTC-27DEC19,1565261941431,open,0.85,3.9,0.793,0.9365,0.86318333,100.99,0.752,0.0,BTC-27DEC19-22000-P,11830.28,0.0,0.0055,2.0,1.6265,0.3,500.0,25.36371,-9.09093,-75.74076,4e-05,-0.72902
11933.26,SYN.BTC-30AUG19,1565261941432,open,0.2,168.6,0.16,0.217,0.1889741,94.44,0.201,0.0,BTC-30AUG19-10000-C,11830.28,80.2,0.18,8.3,0.1995,13.3,109.69,7.91254,-17.07936,4.44581,0.0001,0.81059
12325.06,BTC-27DEC19,1565261941432,open,0.07,276.0,0.0275,0.106,0.06353627,101.44,0.068,0.0,BTC-27DEC19-24000-C,11830.28,99.82,0.0605,10.0,0.066,4.9,102.75,23.19107,-8.34996,7.86886,4e-05,0.22895
12067.87,BTC-27SEP19,1565261941432,open,0.06,391.6,0.024,0.0875,0.05413818,100.07,0.0595,0.0,BTC-27SEP19-16000-C,11830.28,97.54,0.051,32.6,0.0565,32.6,101.95,15.06339,-15.11165,3.7543,8e-05,0.28181
12067.87,BTC-27SEP19,1565261941432,open,0.52,1.0,0.4775,0.575,0.52478721,101.46,1.5815,0.0,BTC-27SEP19-18000-P,11830.28,0.0,0.004,1.3,1.0625,0.3,499.97,12.09945,-12.30725,-22.0135,6e-05,-0.81015
12325.06,BTC-27DEC19,1565261941432,open,0.16,270.3,0.0965,0.2025,0.15064962,98.38,0.1485,0.0,BTC-27DEC19-16000-C,11830.28,96.7,0.1465,10.0,0.155,3.6,100.15,30.32315,-10.58856,14.32172,5e-05,0.45172
12325.06,BTC-27DEC19,1565261941432,open,1.61,0.3,1.557,1.707,1.62766933,104.27,1.875,0.0,BTC-27DEC19-32000-P,11830.28,0.0,0.0,0.0,0.0,0.0,0.0,15.78799,-5.84293,-119.03784,3e-05,-0.87471
12067.87,BTC-27SEP19,1565261941432,open,0.02,659.4,0.0055,0.0435,0.0207743,102.96,0.0225,0.0,BTC-27SEP19-20000-C,11830.28,101.28,0.0195,0.1,0.022,38.8,104.52,9.32311,-9.62257,1.76397,5e-05,0.12775
12325.06,BTC-27DEC19,1565261941432,open,2.56,0.0,2.5035,2.6725,2.58291847,107.2,3.46,0.0,BTC-27DEC19-44000-P,11830.28,0.0,0.0,0.0,0.0,0.0,0.0,8.79843,-3.3476,-167.71295,1e-05,-0.94269
12325.06,BTC-27DEC19,1565261941433,open,0.1,310.5,0.057,0.135,0.09562789,96.69,0.0975,0.0,BTC-27DEC19-9000-P,11830.28,94.06,0.091,4.9,0.097,4.9,97.47,21.75811,-7.467,-14.30273,4e-05,-0.20504
12325.06,BTC-27DEC19,1565261941433,open,0.18,323.6,0.1145,0.2215,0.16986123,98.01,0.175,0.0,BTC-27DEC19-15000-C,11830.28,96.25,0.1655,10.0,0.1745,3.6,99.88,30.54213,-10.62432,15.36056,5e-05,0.49277
12325.06,BTC-27DEC19,1565261941433,open,1.3,0.1,1.246,1.3925,1.3156279,102.89,1.49,0.0,BTC-27DEC19-28000-P,11830.28,0.0,0.005,1.0,0.0,0.0,0.0,19.19165,-7.00824,-102.18697,3e-05,-0.83252
12325.06,BTC-27DEC19,1565261941433,open,0.07,403.3,0.035,0.098,0.06517842,96.68,0.0675,0.0,BTC-27DEC19-8000-P,11830.28,94.85,0.0625,0.3,0.0665,11.0,97.57,18.15917,-6.23086,-10.42099,3e-05,-0.15389
12325.06,BTC-27DEC19,1565261941433,open,0.25,166.4,0.1915,0.2955,0.24622296,96.62,0.2535,0.0,BTC-27DEC19-12000-C,11830.28,94.81,0.242,10.0,0.251,15.0,98.67,28.78564,-9.87143,18.48574,5e-05,0.63482
12067.87,BTC-27SEP19,1565261941433,open,0.0,1660.1,0.0005,0.0105,1e-07,125.0,0.0005,0.0,BTC-27SEP19-1500-P,11830.28,0.0,0.0,0.0,0.001,92.1,242.89,0.00023,-0.00029,-2e-05,0.0,0.0
12067.87,BTC-27SEP19,1565261941433,open,0.25,71.0,0.2,0.297,0.24918758,98.83,0.25,0.0,BTC-27SEP19-14000-P,11830.28,0.0,0.004,10.0,0.272,5.0,114.56,17.3564,-17.19652,-13.81457,9e-05,-0.58856
12067.87,BTC-27SEP19,1565261941433,open,0.0,125.2,0.0005,0.0105,0.00046087,125.01,0.0005,0.0,BTC-27SEP19-3750-P,11830.28,0.0,0.0,0.0,0.001,11.0,137.29,0.39424,-0.49405,-0.0552,0.0,-0.00289
11933.26,SYN.BTC-30AUG19,1565261941427,open,0.01,638.8,0.0005,0.0145,0.0046717,101.83,0.0055,0.0,BTC-30AUG19-8000-P,11830.28,98.64,0.004,10.0,0.005,24.0,103.3,2.61551,-6.08754,-0.33329,3e-05,-0.04193
11865.96,SYN.BTC-16AUG19,1565261941429,open,0.0,125.5,0.0005,0.012,0.0023476,109.95,0.004,0.0,BTC-16AUG19-16000-C,11830.28,106.97,0.002,10.0,0.0025,0.5,111.17,1.4517,-10.13325,0.0922,4e-05,0.03836
12325.06,BTC-27DEC19,1565261941434,open,0.22,101.6,0.163,0.2745,0.22001971,96.69,0.216,0.0,BTC-27DEC19-12000-P,11830.28,94.33,0.2145,13.9,0.2245,4.9,98.61,28.78372,-9.87823,-27.83422,5e-05,-0.3651
12325.06,BTC-27DEC19,1565261941434,open,0.0,382.0,0.0005,0.012,0.00202839,108.12,0.002,0.0,BTC-27DEC19-3000-P,11830.28,98.05,0.001,20.0,0.003,16.0,114.87,1.55823,-0.59794,-0.44625,0.0,-0.00735
12067.87,BTC-27SEP19,1565261941434,open,0.31,29.7,0.263,0.3615,0.31257364,99.57,0.335,0.0,BTC-27SEP19-15000-P,11830.28,0.0,0.004,11.0,0.8485,0.3,500.0,16.38259,-16.3524,-16.00444,8e-05,-0.65797
11865.96,SYN.BTC-16AUG19,1565261941429,open,0.26,0.5,0.24,0.3035,0.26964802,108.17,0.305,0.0,BTC-16AUG19-15000-P,11830.28,0.0,0.0,0.0,0.0,0.0,0.0,2.62581,-18.03222,-3.04229,8e-05,-0.91859
12070.05,BTC-27SEP19,1565261941435,open,0.02,563.2,0.006,0.0355,0.01826271,97.36,0.019,0.0,BTC-27SEP19-8000-P,11830.28,93.58,0.016,39.0,0.019,0.4,98.55,7.42107,-7.24286,-1.83434,4e-05,-0.09295
12070.05,BTC-27SEP19,1565261941435,open,0.0,757.1,0.0005,0.0115,0.00180435,110.16,0.002,0.0,BTC-27SEP19-32000-C,11830.28,102.86,0.001,1.0,0.0025,15.0,114.79,1.61571,-1.78438,0.2051,1e-05,0.01424
11865.96,SYN.BTC-16AUG19,1565261941429,open,0.41,0.0,0.398,0.4225,0.41011627,116.98,None,0.0,BTC-16AUG19-7000-C,11830.28,0.0,0.0,0.0,0.0,0.0,0.0,0.0476,-0.35349,1.50827,0.0,0.9992
12325.06,BTC-27DEC19,1565261941435,open,0.02,277.0,0.0085,0.0415,0.02289976,96.71,0.028,0.0,BTC-27DEC19-6000-P,11830.28,93.67,0.0205,16.0,0.0245,5.0,98.67,9.93819,-3.41115,-4.27605,2e-05,-0.06699
11933.26,SYN.BTC-30AUG19,1565261941432,open,0.1,66.2,0.0595,0.13,0.09504911,94.38,0.102,0.0,BTC-30AUG19-12000-P,11830.28,89.19,0.09,9.5,0.096,14.4,95.35,11.60621,-25.03574,-3.99542,0.00014,-0.46359
11865.96,SYN.BTC-16AUG19,1565261941429,open,0.01,36.7,0.0005,0.019,0.00543305,107.74,0.0065,0.0,BTC-16AUG19-15000-C,11830.28,100.69,0.004,30.0,0.0065,40.0,112.39,2.60309,-17.80507,0.19215,8e-05,0.08048
11832.31,SYN.BTC-9AUG19,1565261941429,open,0.0,139.4,0.0005,0.0105,0.0,125.02,0.0005,0.0,BTC-9AUG19-8000-P,11830.28,0.0,0.0,0.0,0.0005,1.7,346.46,0.0,0.0,0.0,0.0,0.0
12070.05,BTC-27SEP19,1565261941436,open,1.31,0.0,1.2755,1.378,1.32382876,109.02,None,0.0,BTC-27SEP19-28000-P,11830.28,0.0,0.0,0.0,0.0,0.0,0.0,3.00298,-3.28196,-37.83905,1e-05,-0.97039
12070.05,BTC-27SEP19,1565261941436,open,1.64,0.0,1.6,1.712,1.65347362,113.46,None,0.0,BTC-27SEP19-32000-P,11830.28,0.0,0.0,0.0,0.0,0.0,0.0,1.90099,-2.16215,-43.48043,1e-05,-0.98279
11865.96,SYN.BTC-16AUG19,1565261941430,open,0.22,0.0,0.1995,0.264,0.22990695,105.62,0.256,0.0,BTC-16AUG19-14500-P,11830.28,0.0,0.0,0.0,0.0,0.0,0.0,3.32586,-22.30232,-2.86153,0.0001,-0.88773
11832.31,SYN.BTC-9AUG19,1565261941426,open,0.0,200.4,0.0005,0.0105,0.00055898,125.05,0.001,0.0,BTC-9AUG19-10500-P,11830.28,122.83,0.0005,1.6,0.0015,11.4,149.75,0.32504,-6.61401,-0.00692,8e-05,-0.0238
11933.26,SYN.BTC-30AUG19,1565261941431,open,0.43,0.0,0.3995,0.4745,0.43511249,102.14,None,0.0,BTC-30AUG19-17000-P,11830.28,0.0,0.04,1.0,0.0,0.0,0.0,5.0703,-11.83696,-9.55954,6e-05,-0.90151
11933.26,SYN.BTC-30AUG19,1565261941431,open,0.0,925.8,0.0005,0.0115,0.00192805,110.92,0.001,0.0,BTC-30AUG19-7000-P,11830.28,106.63,0.0015,5.0,0.002,24.0,111.58,1.28466,-3.25699,-0.14152,1e-05,-0.01786
11832.31,SYN.BTC-9AUG19,1565261941427,open,0.22,0.0,0.2015,0.252,0.22555915,155.88,None,0.0,BTC-9AUG19-14500-P,11830.28,0.0,0.0,0.0,0.0,0.0,0.0,0.0738,-5.75166,-0.34668,1e-05,-0.99566
11933.26,SYN.BTC-30AUG19,1565261941433,open,0.01,664.4,0.0005,0.0195,0.00676278,103.32,0.008,0.0,BTC-30AUG19-18000-C,11830.28,99.12,0.0055,10.0,0.0075,24.0,105.57,3.79138,-8.95306,0.43068,4e-05,0.06698
11933.26,SYN.BTC-30AUG19,1565261941436,open,0.01,280.6,0.0005,0.0265,0.01041892,101.89,0.014,0.0,BTC-30AUG19-17000-C,11830.28,98.42,0.009,10.0,0.0115,24.0,104.39,5.046,-11.75185,0.62528,6e-05,0.09785
11933.26,SYN.BTC-30AUG19,1565261941428,open,0.07,221.0,0.0305,0.0915,0.06083257,97.5,0.059,0.0,BTC-30AUG19-13000-C,11830.28,93.98,0.0575,10.0,0.0625,14.4,99.26,11.32566,-25.2395,2.46447,0.00014,0.40542
11865.96,SYN.BTC-16AUG19,1565261941431,open,0.0,20.0,0.0005,0.0105,8.326e-05,125.02,0.0005,0.0,BTC-16AUG19-7000-P,11830.28,0.0,0.0,0.0,0.0005,40.0,151.35,0.08556,-0.67908,-0.00408,0.0,-0.00151
11832.31,SYN.BTC-9AUG19,1565261941429,open,0.0,31.6,0.0005,0.0105,7.93e-06,124.96,0.001,0.0,BTC-9AUG19-14500-C,11830.28,0.0,0.0,0.0,0.0005,19.9,188.7,0.01028,-0.09385,0.00014,0.0,0.0005
11865.96,SYN.BTC-16AUG19,1565261941468,open,0.0,168.0,0.0005,0.0115,0.00174614,102.94,0.0015,0.0,BTC-16AUG19-9000-P,11830.28,84.78,0.0005,34.0,0.0025,0.1,110.0,1.13519,-7.41851,-0.07734,4e-05,-0.02846
12325.06,BTC-27DEC19,1565261941472,open,0.85,3.9,0.793,0.9365,0.86318333,100.99,0.752,0.0,BTC-27DEC19-22000-P,11830.28,0.0,0.0055,2.0,1.626,0.3,500.0,25.36371,-9.09093,-75.74076,4e-05,-0.72902
11933.26,SYN.BTC-30AUG19,1565261941549,open,0.01,664.4,0.0005,0.0195,0.00676278,103.32,0.008,0.0,BTC-30AUG19-18000-C,11830.28,99.12,0.0055,10.0,0.008,24.0,107.03,3.79138,-8.95306,0.43068,4e-05,0.06698
11865.96,SYN.BTC-16AUG19,1565261941571,open,0.06,59.7,0.032,0.0945,0.06323876,97.51,0.06,0.0,BTC-16AUG19-12000-P,11830.28,90.27,0.059,18.0,0.0615,0.1,94.54,6.95346,-43.04486,-1.44904,0.00023,-0.50272
11868.11,SYN.BTC-16AUG19,1565261941680,open,0.14,2.0,0.1025,0.156,0.12978014,97.11,0.143,0.0,BTC-16AUG19-10500-C,11830.28,0.0,0.0815,0.1,0.0,0.0,0.0,4.51322,-27.82352,1.77728,0.00015,0.82381
11834.49,SYN.BTC-9AUG19,1565261941696,open,0.0,168.1,0.0005,0.0105,5.093e-05,125.12,0.0005,0.0,BTC-9AUG19-10000-P,11830.28,0.0,0.0,0.0,0.002,10.7,209.82,0.04867,-0.60279,-0.00079,1e-05,-0.00273
11868.11,SYN.BTC-16AUG19,1565261941719,open,0.37,0.0,0.3555,0.382,0.3682328,118.42,None,0.0,BTC-16AUG19-7500-C,11830.28,0.0,0.0,0.0,0.0,0.0,0.0,0.16958,-1.27489,1.60961,0.0,0.99679
12325.06,BTC-27DEC19,1565261941972,open,0.38,8.6,0.32,0.451,0.38695026,98.1,0.386,0.0,BTC-27DEC19-15000-P,11830.28,95.03,0.3795,3.6,0.3915,3.6,99.87,30.54243,-10.63376,-42.53327,5e-05,-0.50701
11832.31,SYN.BTC-9AUG19,1565261941994,open,0.06,6.3,0.036,0.088,0.06079807,109.89,0.0525,0.0,BTC-9AUG19-12500-P,11830.28,47.27,0.0565,0.1,0.061,6.0,111.01,1.41231,-77.60293,-0.25563,0.00038,-0.83962
11865.96,SYN.BTC-16AUG19,1565261941995,open,0.04,141.9,0.0155,0.0705,0.04208704,97.49,0.042,0.0,BTC-16AUG19-11500-P,11830.28,91.04,0.0385,24.0,0.04,0.1,93.72,6.6666,-41.26261,-1.09555,0.00023,-0.38577
11834.49,SYN.BTC-9AUG19,1565261942012,open,0.29,5.4,0.2675,0.2955,0.281628,0.0,0.307,0.0,BTC-9AUG19-8500-C,11830.28,0.0,0.0,0.0,0.0,0.0,0.0,0.0,0.0,0.20393,0.0,1.0
11834.49,SYN.BTC-9AUG19,1565261942033,open,0.12,198.5,0.095,0.1335,0.11315643,118.53,0.119,0.0,BTC-9AUG19-10500-C,11830.28,0.0,0.1,1.0,0.133,3.0,329.74,0.26051,-15.43985,0.2466,7e-05,0.98168
12325.06,BTC-27DEC19,1565261942046,open,0.22,101.6,0.163,0.2745,0.21991708,96.69,0.216,0.0,BTC-27DEC19-12000-P,11830.28,94.33,0.2145,13.9,0.224,4.9,98.4,28.78372,-9.87823,-27.83422,5e-05,-0.3651
11865.96,SYN.BTC-16AUG19,1565261942048,open,0.11,66.8,0.0685,0.127,0.09896942,97.34,0.1035,0.0,BTC-16AUG19-11000-C,11830.28,95.45,0.098,6.0,0.1045,6.0,108.58,5.80301,-35.86098,1.60615,0.0002,0.72624
12325.06,BTC-27DEC19,1565261942049,open,0.27,194.0,0.2105,0.33,0.2718688,97.16,0.267,0.0,BTC-27DEC19-13000-P,11830.28,94.48,0.2655,4.9,0.2765,4.9,99.02,29.85903,-10.29633,-32.70291,5e-05,-0.41548
11868.11,SYN.BTC-16AUG19,1565261942114,open,0.21,5.3,0.184,0.225,0.20361292,102.14,0.21,0.0,BTC-16AUG19-9500-C,11830.28,0.0,0.091,0.1,0.0,0.0,0.0,2.06506,-13.39119,1.88685,7e-05,0.94043
11868.11,SYN.BTC-16AUG19,1565261942179,open,0.19,0.0,0.16,0.226,0.19169327,104.77,None,0.0,BTC-16AUG19-14000-P,11830.28,0.0,0.0,0.0,0.0,0.0,0.0,4.23309,-28.15611,-2.64325,0.00013,-0.8405
12069.85,BTC-27SEP19,1565261942434,open,1.15,0.0,1.113,1.2125,1.15977469,106.86,None,0.0,BTC-27SEP19-26000-P,11830.85,0.0,0.0,0.0,0.0,0.0,0.0,3.8826,-4.15944,-34.95332,2e-05,-0.95952
12325.05,BTC-27DEC19,1565261942435,open,3.2,1.1,3.137,3.3275,3.22684981,108.6,3.201,0.0,BTC-27DEC19-52000-P,11830.85,0.0,0.001,1.0,0.0,0.0,0.0,6.08472,-2.34536,-199.34782,1e-05,-0.96378
12325.05,BTC-27DEC19,1565261942435,open,2.56,0.0,2.5025,2.6725,2.5823002,106.32,3.46,0.0,BTC-27DEC19-44000-P,11830.85,0.0,0.0,0.0,0.0,0.0,0.0,8.54232,-3.22339,-167.78365,1e-05,-0.9448
12069.85,BTC-27SEP19,1565261942435,open,1.47,0.0,1.4375,1.5445,1.48823359,109.71,None,0.0,BTC-27SEP19-30000-P,11830.85,0.0,0.0,0.0,0.0,0.0,0.0,2.21185,-2.43274,-40.69911,1e-05,-0.97944
12069.85,BTC-27SEP19,1565261942435,open,0.75,225.7,0.7415,0.761,0.75148835,118.19,0.693,0.0,BTC-27SEP19-3000-C,11830.85,0.0,0.004,20.0,0.8805,5.0,500.0,0.05409,-0.06408,4.09323,0.0,0.99967
12325.05,BTC-27DEC19,1565261942435,open,2.24,0.0,2.186,2.348,2.26193418,105.71,2.58,0.0,BTC-27DEC19-40000-P,11830.85,0.0,0.0005,3.0,0.0,0.0,0.0,10.45598,-3.92281,-151.76589,2e-05,-0.92844
12325.05,BTC-27DEC19,1565261942435,open,0.1,543.1,0.0515,0.146,0.0976343,100.77,0.097,0.0,BTC-27DEC19-20000-C,11830.85,100.48,0.097,0.1,0.0995,4.9,101.6,27.47692,-9.82708,10.7045,5e-05,0.32266
12325.05,BTC-27DEC19,1565261942435,open,1.61,0.3,1.556,1.7065,1.62704763,103.78,1.875,0.0,BTC-27DEC19-32000-P,11830.85,0.0,0.0,0.0,0.0,0.0,0.0,15.63461,-5.75901,-119.09079,3e-05,-0.87644
12325.05,BTC-27DEC19,1565261942435,open,1.92,1.3,1.871,2.026,1.94362722,105.26,2.2,0.0,BTC-27DEC19-36000-P,11830.85,0.0,0.0005,1.0,0.0,0.0,0.0,12.91347,-4.82415,-135.52222,2e-05,-0.90528
12069.85,BTC-27SEP19,1565261942436,open,0.24,633.5,0.1965,0.2675,0.23327762,97.17,0.2365,0.0,BTC-27SEP19-10000-C,11830.85,88.13,0.223,9.4,0.2385,14.4,101.68,13.89917,-13.5393,8.67201,7e-05,0.75908
12325.05,BTC-27DEC19,1565261942436,open,2.88,0.0,2.8195,2.998,2.9035588,106.32,None,0.0,BTC-27DEC19-48000-P,11830.85,0.0,0.0,0.0,6.0,1.0,500.0,6.86199,-2.58929,-183.6948,1e-05,-0.95802
229.22,ETH-27SEP19,1565261942437,open,0.4,191.0,0.375,0.424,0.400196,97.52,0.5,0.0,ETH-27SEP19-140-C,225.12,0.0,0.0,0.0,0.0,0.0,0.0,0.10201,-0.09973,0.16882,0.00146,0.93918
12069.85,BTC-27SEP19,1565261942437,open,1.31,0.0,1.2745,1.378,1.32325384,106.42,None,0.0,BTC-27SEP19-28000-P,11830.85,0.0,0.0,0.0,0.0,0.0,0.0,2.69882,-2.8793,-37.88768,1e-05,-0.97395
229.22,ETH-27SEP19,1565261942437,open,0.74,0.0,0.729,0.748,0.738356,123.92,0.01,0.0,ETH-27SEP19-60-C,225.12,0.0,0.003,10.0,0.0,0.0,0.0,0.00233,-0.0029,0.0817,3e-05,0.9992
229.22,ETH-27SEP19,1565261942437,open,0.0,3419.0,0.001,0.011,0.001489,112.36,0.001,0.0,ETH-27SEP19-640-C,225.12,0.0,0.0,0.0,0.003,437.0,122.59,0.02603,-0.02931,0.00322,0.00032,0.01177
232.07,ETH-27DEC19,1565261942438,open,0.03,2789.0,0.013,0.052,0.03123,99.16,0.027,0.0,ETH-27DEC19-120-P,225.12,92.4,0.025,348.0,0.031,140.0,98.92,0.22237,-0.07826,-0.10321,0.00108,-0.084
229.22,ETH-27SEP19,1565261942438,open,0.48,47.0,0.462,0.5,0.480979,101.01,0.689,0.0,ETH-27SEP19-120-C,225.12,0.0,0.0,0.0,0.0,0.0,0.0,0.05351,-0.05419,0.15398,0.00074,0.97257
229.22,ETH-27SEP19,1565261942438,open,0.05,5424.0,0.022,0.075,0.047462,97.45,0.051,0.0,ETH-27SEP19-180-P,225.12,94.06,0.044,1.0,0.048,140.0,97.98,0.23532,-0.22989,-0.07668,0.00336,-0.19735
232.07,ETH-27DEC19,1565261942438,open,0.66,242.0,0.58,0.741,0.662214,102.0,0.61,0.0,ETH-27DEC19-360-P,225.12,0.0,0.008,4.0,1.544,1.0,500.0,0.53591,-0.19401,-1.17227,0.00253,-0.64656
229.22,ETH-27SEP19,1565261942438,open,0.33,392.0,0.295,0.356,0.326864,97.41,0.329,0.0,ETH-27SEP19-160-C,225.12,0.0,0.001,1.0,0.0,0.0,0.0,0.16881,-0.16485,0.17347,0.00241,0.88069
229.22,ETH-27SEP19,1565261942438,open,2.14,0.0,2.05,2.242,2.142216,119.19,None,0.0,ETH-27SEP19-720-P,225.12,0.0,0.0,0.0,0.0,0.0,0.0,0.02003,-0.02393,-0.98147,0.00023,-0.99128
229.22,ETH-27SEP19,1565261942438,open,1.79,0.0,1.711,1.883,1.793688,113.4,None,0.0,ETH-27SEP19-640-P,225.12,0.0,0.0,0.0,0.0,0.0,0.0,0.02751,-0.03128,-0.87111,0.00034,-0.98745
232.07,ETH-27DEC19,1565261942438,open,0.82,16.0,0.728,0.897,0.813316,103.11,1.195,0.0,ETH-27DEC19-400-P,225.12,0.0,0.001,8.0,1.49,1.0,431.39,0.49991,-0.18295,-1.35709,0.00233,-0.70181
229.22,ETH-27SEP19,1565261942439,open,0.0,4762.0,0.001,0.011,0.001504,105.31,0.002,0.0,ETH-27SEP19-100-P,225.12,0.0,0.0,0.0,0.003,500.0,117.27,0.02263,-0.02389,-0.00361,0.0003,-0.01002
229.22,ETH-27SEP19,1565261942439,open,0.01,2471.0,0.001,0.025,0.010291,105.23,0.014,0.0,ETH-27SEP19-440-C,225.12,100.24,0.008,200.0,0.012,110.0,108.56,0.11275,-0.11894,0.01845,0.00149,0.06919
229.22,ETH-27SEP19,1565261942439,open,0.0,2698.0,0.001,0.011,0.000991,117.55,0.001,0.0,ETH-27SEP19-720-C,225.12,0.0,0.0,0.0,0.002,242.0,127.22,0.01823,-0.02148,0.00214,0.00022,0.00783
232.07,ETH-27DEC19,1565261942439,open,1.29,37.0,1.199,1.384,1.289488,104.89,0.707,0.0,ETH-27DEC19-520-P,225.12,0.0,0.002,25.0,0.0,0.0,0.0,0.37936,-0.14122,-1.88876,0.00174,-0.81921
232.07,ETH-27DEC19,1565261942439,open,0.52,0.0,0.485,0.541,0.514167,99.18,None,0.0,ETH-27DEC19-120-C,225.12,0.0,0.002,50.0,0.99,5.0,500.0,0.22243,-0.0783,0.35989,0.00108,0.91597
229.23,ETH-27SEP19,1565261942439,open,0.0,7916.0,0.001,0.011,0.000991,122.18,0.001,0.0,ETH-27SEP19-760-C,225.12,0.0,0.0,0.0,0.002,400.0,132.1,0.01774,-0.02172,0.00207,0.0002,0.00759
12070.42,BTC-27SEP19,1565261942439,open,0.98,0.2,0.951,1.048,0.99650708,104.73,1.6,0.0,BTC-27SEP19-24000-P,11830.85,0.0,0.0,0.0,0.0,0.0,0.0,5.09573,-5.35029,-31.99192,2e-05,-0.94314
229.22,ETH-27SEP19,1565261942438,open,2.31,0.0,2.219,2.421,2.316728,123.96,None,0.0,ETH-27SEP19-760-P,225.12,0.0,0.0,0.0,0.0,0.0,0.0,0.01959,-0.02435,-1.0362,0.00022,-0.9915
12325.05,BTC-27DEC19,1565261942440,open,1.46,0.2,1.4005,1.5485,1.47042434,103.2,2.03,0.0,BTC-27DEC19-30000-P,11830.85,0.0,0.0,0.0,0.0,0.0,0.0,17.28917,-6.33253,-110.71538,3e-05,-0.857
229.23,ETH-27SEP19,1565261942440,open,0.03,2762.0,0.009,0.052,0.027348,103.12,0.028,0.0,ETH-27SEP19-360-C,225.12,99.3,0.024,160.0,0.03,446.0,106.01,0.20636,-0.21333,0.04162,0.00279,0.16022
229.23,ETH-27SEP19,1565261942440,open,0.3,1127.0,0.239,0.35,0.295786,99.45,0.289,0.0,ETH-27SEP19-280-P,225.12,0.0,0.001,20.0,1.218,1.0,500.0,0.31679,-0.31584,-0.29334,0.00444,-0.64072
229.23,ETH-27SEP19,1565261942440,open,0.04,1935.0,0.012,0.061,0.034117,101.47,0.036,0.0,ETH-27SEP19-340-C,225.12,98.35,0.031,435.0,0.036,110.0,103.31,0.23286,-0.23687,0.05006,0.0032,0.19395
232.08,ETH-27DEC19,1565261942440,open,0.27,801.0,0.198,0.323,0.263491,99.17,0.263,0.0,ETH-27DEC19-240-P,225.12,94.8,0.253,40.0,0.27,120.0,101.88,0.557,-0.19604,-0.59424,0.0027,-0.39991
229.23,ETH-27SEP19,1565261942440,open,0.0,9094.0,0.001,0.014,0.004517,101.11,0.002,0.0,ETH-27SEP19-120-P,225.12,93.86,0.003,11.0,0.006,600.0,106.95,0.05367,-0.0544,-0.01004,0.00074,-0.02752
11868.11,SYN.BTC-16AUG19,1565261942434,open,0.09,28.2,0.0565,0.125,0.09129377,101.53,0.086,0.0,BTC-16AUG19-12500-P,11830.85,89.4,0.0845,18.0,0.091,18.0,101.01,6.70002,-43.18703,-1.78991,0.00022,-0.60767
229.23,ETH-27SEP19,1565261942440,open,0.08,3330.0,0.044,0.114,0.079075,97.17,0.08,0.0,ETH-27SEP19-200-P,225.12,92.34,0.073,361.0,0.081,140.0,98.69,0.28909,-0.28161,-0.11497,0.00414,-0.28796
11834.49,SYN.BTC-9AUG19,1565261942434,open,0.16,128.0,0.138,0.171,0.15490741,0.0,0.135,0.0,BTC-9AUG19-10000-C,11830.85,0.0,0.132,0.1,0.189,3.0,500.0,0.0,0.0,0.23992,0.0,1.0
232.08,ETH-27DEC19,1565261942441,open,0.05,936.0,0.019,0.084,0.048881,104.94,0.036,0.0,ETH-27DEC19-520-C,225.12,101.89,0.044,40.0,0.053,397.0,107.42,0.37969,-0.14142,0.11837,0.00174,0.18103
226.91,SYN.ETH-30AUG19,1565261942437,open,0.08,538.0,0.042,0.112,0.076984,95.25,0.079,0.0,ETH-30AUG19-220-P,225.12,88.93,0.071,160.0,0.079,161.0,97.38,0.21484,-0.46774,-0.06509,0.00731,-0.40161
232.08,ETH-27DEC19,1565261942442,open,0.03,503.0,0.007,0.05,0.024648,107.25,0.026,0.0,ETH-27DEC19-680-C,225.12,102.76,0.02,350.0,0.029,350.0,111.07,0.25345,-0.09647,0.06769,0.00114,0.10022
11834.49,SYN.BTC-9AUG19,1565261942434,open,0.09,12.0,0.0775,0.127,0.10011968,123.34,0.0885,0.0,BTC-9AUG19-13000-P,11830.85,0.0,0.0,0.0,0.0,0.0,0.0,0.72333,-44.60699,-0.29428,0.00017,-0.93632
229.23,ETH-27SEP19,1565261942442,open,1.62,27.0,1.542,1.704,1.61969,111.91,1.044,0.0,ETH-27SEP19-600-P,225.12,0.0,0.0,0.0,0.0,0.0,0.0,0.0358,-0.04016,-0.81524,0.00045,-0.98296
232.08,ETH-27DEC19,1565261942442,open,0.3,149.0,0.246,0.346,0.300654,99.17,0.3,0.0,ETH-27DEC19-200-C,225.12,0.0,0.001,1000.0,0.5,30.0,197.23,0.49459,-0.17408,0.36548,0.0024,0.70867
11868.11,SYN.BTC-16AUG19,1565261942434,open,0.03,96.9,0.006,0.051,0.02605036,101.96,0.0265,0.0,BTC-16AUG19-13000-C,11830.85,97.9,0.024,1.0,0.028,34.0,105.77,6.03293,-39.05328,0.69362,0.00019,0.29691
229.23,ETH-27SEP19,1565261942443,open,1.96,0.0,1.881,2.062,1.967704,115.52,None,0.0,ETH-27SEP19-680-P,225.12,0.0,0.0,0.0,0.0,0.0,0.0,0.02224,-0.02576,-0.9265,0.00027,-0.99017
226.91,SYN.ETH-30AUG19,1565261942441,open,0.26,0.0,0.214,0.309,0.261378,97.42,None,0.0,ETH-30AUG19-280-P,225.12,0.0,0.0,0.0,0.0,0.0,0.0,0.16573,-0.36902,-0.14122,0.00551,-0.77706
225.76,SYN.ETH-16AUG19,1565261942438,open,0.04,30.0,0.014,0.072,0.041331,91.88,0.045,0.0,ETH-16AUG19-220-P,225.12,84.22,0.037,200.0,0.044,179.0,96.58,0.12794,-0.74624,-0.02139,0.01266,-0.39786
229.23,ETH-27SEP19,1565261942443,open,0.27,767.0,0.223,0.296,0.262156,97.4,0.261,0.0,ETH-27SEP19-180-C,225.12,0.0,0.214,40.0,0.609,10.0,414.45,0.23525,-0.22969,0.16934,0.00336,0.80276
11868.11,SYN.BTC-16AUG19,1565261942434,open,0.02,80.1,0.003,0.0395,0.01757327,102.78,0.018,0.0,BTC-16AUG19-13500-C,11830.85,99.1,0.016,24.0,0.019,34.0,106.04,5.13943,-33.53701,0.51412,0.00016,0.21834
11834.49,SYN.BTC-9AUG19,1565261942434,open,0.0,399.1,0.0005,0.0105,0.0,125.05,0.0005,0.0,BTC-9AUG19-7500-P,11830.85,0.0,0.0,0.0,0.0005,14.0,397.64,0.0,0.0,0.0,0.0,0.0
11834.49,SYN.BTC-9AUG19,1565261942434,open,0.0,15.8,0.0005,0.0105,0.0,125.04,0.0015,0.0,BTC-9AUG19-6500-P,11830.85,0.0,0.0,0.0,0.0005,0.4,500.0,0.0,0.0,0.0,0.0,0.0
11868.11,SYN.BTC-16AUG19,1565261942435,open,0.29,0.0,0.2695,0.302,0.28479974,110.6,None,0.0,BTC-16AUG19-8500-C,11830.85,0.0,0.0,0.0,0.0,0.0,0.0,0.71082,-4.99112,1.78963,2e-05,0.98365
11834.49,SYN.BTC-9AUG19,1565261942434,open,0.2,48.8,0.181,0.2125,0.19711592,0.0,0.1995,0.0,BTC-9AUG19-9500-C,11830.85,0.0,0.065,0.1,0.235,3.0,500.0,0.0,0.0,0.22792,0.0,1.0
11834.49,SYN.BTC-9AUG19,1565261942435,open,0.37,0.0,0.3535,0.3785,0.36614235,0.0,None,0.0,BTC-9AUG19-7500-C,11830.85,0.0,0.0,0.0,0.0,0.0,0.0,0.0,0.0,0.17994,0.0,1.0
11868.11,SYN.BTC-16AUG19,1565261942434,open,0.12,0.0,0.087,0.1565,0.12162111,102.35,0.164,0.0,BTC-16AUG19-13000-P,11830.85,0.0,0.0,0.0,0.0,0.0,0.0,6.04129,-39.25693,-2.10962,0.00019,-0.70219
11868.11,SYN.BTC-16AUG19,1565261942434,open,0.03,206.3,0.0065,0.0505,0.02599083,97.55,0.027,0.0,BTC-16AUG19-11000-P,11830.85,91.37,0.023,24.0,0.025,4.0,95.51,5.80305,-35.93746,-0.76736,0.0002,-0.27367
11834.49,SYN.BTC-9AUG19,1565261942435,open,0.0,479.9,0.0005,0.016,0.00253703,115.68,0.002,0.0,BTC-9AUG19-11000-P,11830.85,108.77,0.002,40.2,0.003,10.5,121.13,0.96917,-30.02444,-0.0273,0.00025,-0.09361
11834.49,SYN.BTC-9AUG19,1565261942435,open,0.33,3.0,0.3105,0.337,0.32388518,0.0,0.2975,0.0,BTC-9AUG19-8000-C,11830.85,0.0,0.0,0.0,0.0,0.0,0.0,0.0,0.0,0.19193,0.0,1.0
226.91,SYN.ETH-30AUG19,1565261942440,open,0.23,757.0,0.192,0.253,0.224113,95.12,0.25,0.0,ETH-30AUG19-180-C,225.12,0.0,0.0,0.0,0.232,120.0,109.17,0.11956,-0.25992,0.08739,0.00407,0.86671
11868.11,SYN.BTC-16AUG19,1565261942434,open,0.0,134.0,0.0005,0.015,0.00422231,102.97,0.005,0.0,BTC-16AUG19-9500-P,11830.85,98.7,0.0035,8.0,0.0045,0.4,104.51,2.10157,-13.7381,-0.16682,7e-05,-0.06092
225.18,SYN.ETH-9AUG19,1565261942437,open,0.16,200.0,0.131,0.181,0.15621,0.0,0.175,0.0,ETH-9AUG19-190-C,225.12,0.0,0.0,0.0,0.0,0.0,0.0,0.0,0.0,0.00456,0.0,1.0
11834.49,SYN.BTC-9AUG19,1565261942435,open,0.0,82.3,0.0005,0.0105,0.0,125.07,0.0005,0.0,BTC-9AUG19-8500-P,11830.85,0.0,0.0,0.0,0.0005,17.9,298.23,0.0,0.0,0.0,0.0,0.0
225.76,SYN.ETH-16AUG19,1565261942439,open,0.2,0.0,0.163,0.245,0.203104,94.75,None,0.0,ETH-16AUG19-270-P,225.12,0.0,0.0,0.0,0.0,0.0,0.0,0.06315,-0.37988,-0.05315,0.00606,-0.88804
226.91,SYN.ETH-30AUG19,1565261942439,open,0.16,462.0,0.121,0.192,0.158936,95.14,0.19,0.0,ETH-30AUG19-200-C,225.12,54.29,0.13,2.0,0.176,120.0,116.31,0.17843,-0.38802,0.07968,0.00608,0.74486
11868.11,SYN.BTC-16AUG19,1565261942434,open,0.0,97.9,0.0005,0.015,0.00369997,109.53,0.0035,0.0,BTC-16AUG19-15500-C,11830.85,101.61,0.0025,30.0,0.005,40.0,116.62,1.99922,-13.90134,0.13691,6e-05,0.05716
11834.49,SYN.BTC-9AUG19,1565261942435,open,0.0,172.6,0.0005,0.0105,2.27e-06,125.1,0.0005,0.0,BTC-9AUG19-9500-P,11830.85,0.0,0.0,0.0,0.0005,10.5,207.79,0.00334,-0.0269,-4e-05,0.0,-0.00015
226.91,SYN.ETH-30AUG19,1565261942443,open,0.0,3500.0,0.001,0.013,0.003368,99.25,0.005,0.0,ETH-30AUG19-360-C,225.12,82.85,0.001,200.0,0.005,200.0,106.43,0.04561,-0.10348,0.00467,0.00149,0.0377
11868.11,SYN.BTC-16AUG19,1565261942434,open,0.0,71.3,0.0005,0.011,0.00113446,112.68,0.002,0.0,BTC-16AUG19-8500-P,11830.85,100.2,0.0005,2.1,0.0015,30.0,117.85,0.76782,-5.49287,-0.04873,2e-05,-0.01789
226.91,SYN.ETH-30AUG19,1565261942445,open,0.42,0.0,0.373,0.47,0.420008,98.2,None,0.0,ETH-30AUG19-320-P,225.12,0.0,0.0,0.0,0.0,0.0,0.0,0.09399,-0.21097,-0.18017,0.0031,-0.90486
11868.11,SYN.BTC-16AUG19,1565261942434,open,0.25,0.0,0.2265,0.2615,0.24327175,101.5,None,0.0,BTC-16AUG19-9000-C,11830.85,0.0,0.0,0.0,0.0,0.0,0.0,1.08003,-6.9593,1.8692,4e-05,0.9732
225.18,SYN.ETH-9AUG19,1565261942439,open,0.07,506.0,0.039,0.1,0.070144,113.96,0.069,0.0,ETH-9AUG19-210-C,225.12,0.0,0.066,50.0,0.073,50.0,142.2,0.01944,-1.10744,0.00448,0.01402,0.89944
11868.11,SYN.BTC-16AUG19,1565261942435,open,0.17,16.5,0.142,0.19,0.16565371,100.57,0.174,0.0,BTC-16AUG19-10000-C,11830.85,0.0,0.1115,0.1,0.0,0.0,0.0,3.25103,-20.7563,1.85814,0.00011,0.89126
225.18,SYN.ETH-9AUG19,1565261942439,open,0.0,162.0,0.001,0.011,4.7e-05,125.06,0.001,0.0,ETH-9AUG19-190-P,225.12,0.0,0.0,0.0,0.001,1.0,185.6,0.00086,-0.01054,-1e-05,0.00057,-0.00252
226.91,SYN.ETH-30AUG19,1565261942437,open,0.02,583.0,0.004,0.035,0.016508,97.88,0.014,0.0,ETH-30AUG19-300-C,225.12,93.29,0.014,200.0,0.019,606.0,102.16,0.12829,-0.28701,0.01787,0.00425,0.14788
225.76,SYN.ETH-16AUG19,1565261942439,open,0.01,176.0,0.001,0.022,0.00713,94.75,0.015,0.0,ETH-16AUG19-270-C,225.12,86.53,0.005,544.0,0.009,250.0,101.1,0.06315,-0.37988,0.00511,0.00606,0.11196
11834.49,SYN.BTC-9AUG19,1565261942434,open,0.0,42.2,0.0005,0.0105,6.034e-05,124.88,0.0015,0.0,BTC-9AUG19-14000-C,11830.85,0.0,0.0,0.0,0.0005,20.0,160.59,0.05774,-0.71407,0.00092,1e-05,0.0033
11834.49,SYN.BTC-9AUG19,1565261942434,open,0.13,0.0,0.1185,0.167,0.14121817,130.16,None,0.0,BTC-9AUG19-13500-P,11830.85,0.0,0.0,0.0,0.0,0.0,0.0,0.29254,-19.0382,-0.31806,7e-05,-0.979
226.91,SYN.ETH-30AUG19,1565261942445,open,0.19,0.0,0.143,0.236,0.190273,96.81,0.218,0.0,ETH-30AUG19-260-P,225.12,0.0,0.0,0.0,0.202,120.0,109.89,0.19974,-0.44197,-0.11778,0.00669,-0.67577
225.18,SYN.ETH-9AUG19,1565261942441,open,0.01,1096.0,0.001,0.035,0.011179,101.74,0.019,0.0,ETH-9AUG19-230-C,225.12,95.16,0.01,50.0,0.013,399.0,111.75,0.04062,-2.06637,0.0018,0.03282,0.34461
226.91,SYN.ETH-30AUG19,1565261942438,open,0.11,379.0,0.069,0.141,0.107343,95.16,0.109,0.0,ETH-30AUG19-220-C,225.12,91.63,0.104,120.0,0.114,240.0,102.19,0.21484,-0.46729,0.06678,0.00732,0.5984
225.76,SYN.ETH-16AUG19,1565261942437,open,0.07,6.0,0.029,0.098,0.063593,90.81,0.055,0.0,ETH-16AUG19-230-P,225.12,82.94,0.059,152.0,0.068,287.0,98.34,0.13195,-0.76068,-0.02887,0.01321,-0.52905
226.91,SYN.ETH-30AUG19,1565261942439,open,0.5,0.0,0.457,0.556,0.504433,99.69,None,0.0,ETH-30AUG19-340-P,225.12,0.0,0.0,0.0,0.0,0.0,0.0,0.06823,-0.15548,-0.19611,0.00222,-0.9376
225.76,SYN.ETH-16AUG19,1565261942438,open,0.13,0.0,0.087,0.167,0.127113,94.69,None,0.0,ETH-16AUG19-250-P,225.12,0.0,0.0,0.0,0.0,0.0,0.0,0.10614,-0.63803,-0.04256,0.01019,-0.74659
11868.11,SYN.BTC-16AUG19,1565261942434,open,0.3,0.0,0.281,0.3435,0.3099574,110.91,0.345,0.0,BTC-16AUG19-15500-P,11830.85,0.0,0.0,0.0,0.0,0.0,0.0,2.06829,-14.56286,-3.2017,6e-05,-0.94031
226.91,SYN.ETH-30AUG19,1565261942439,open,0.0,773.0,0.001,0.012,0.002054,102.69,0.003,0.0,ETH-30AUG19-140-P,225.12,91.9,0.001,1.0,0.003,200.0,109.67,0.02729,-0.06406,-0.00305,0.00086,-0.02035
12070.42,BTC-27SEP19,1565261942629,open,0.31,29.7,0.2625,0.3615,0.31230072,99.67,0.335,0.0,BTC-27SEP19-15000-P,11830.85,0.0,0.004,11.0,0.848,0.3,500.0,16.3951,-16.38151,-15.99846,8e-05,-0.65747
11868.11,SYN.BTC-16AUG19,1565261943055,open,0.11,66.8,0.0685,0.1275,0.09908293,97.2,0.1035,0.0,BTC-16AUG19-11000-C,11830.85,96.24,0.0985,6.0,0.1045,6.0,108.36,5.79738,-35.776,1.60794,0.0002,0.72687
12325.05,BTC-27DEC19,1565261943057,open,0.44,25.3,0.3805,0.515,0.44887093,98.48,0.431,0.0,BTC-27DEC19-16000-P,11830.85,95.2,0.441,3.6,0.4535,3.6,100.29,30.32565,-10.59941,-47.42988,5e-05,-0.54801
12325.05,BTC-27DEC19,1565261943062,open,0.27,194.0,0.2105,0.33,0.27186911,97.11,0.267,0.0,BTC-27DEC19-13000-P,11830.85,94.69,0.266,4.9,0.2765,4.9,99.02,29.86029,-10.29146,-32.70089,5e-05,-0.41556
12325.05,BTC-27DEC19,1565261943066,open,0.22,301.9,0.161,0.2675,0.21710666,97.11,0.2205,0.0,BTC-27DEC19-13000-C,11830.85,95.41,0.213,10.0,0.222,18.6,99.13,29.86028,-10.2915,17.474,5e-05,0.58444
11935.36,SYN.BTC-30AUG19,1565261943067,open,0.03,627.0,0.009,0.049,0.0269748,94.56,0.029,0.0,BTC-30AUG19-10000-P,11830.85,91.5,0.025,11.0,0.027,19.7,94.54,7.91465,-17.10659,-1.54833,0.0001,-0.18944
12325.05,BTC-27DEC19,1565261943086,open,0.03,147.1,0.0095,0.0625,0.03071132,103.78,0.033,0.0,BTC-27DEC19-32000-C,11830.85,102.01,0.0285,10.0,0.0325,6.0,105.18,15.63513,-5.7593,4.41685,3e-05,0.12356
12069.85,BTC-27SEP19,1565261943088,open,0.15,725.5,0.1035,0.1835,0.14513711,97.19,0.1485,0.0,BTC-27SEP19-12000-C,11830.85,94.39,0.141,25.2,0.148,10.8,99.22,17.46165,-17.01405,7.13401,9e-05,0.57762
12325.58,BTC-27DEC19,1565261943427,open,0.88,0.1,0.869,0.8885,0.87854921,124.42,0.84,0.0,BTC-27DEC19-1500-C,11829.49,0.0,0.019,0.2,0.9,0.1,265.02,0.24152,-0.10665,5.73334,0.0,0.99907
12070.2,BTC-27SEP19,1565261943427,open,0.67,0.1,0.632,0.7285,0.6778207,103.02,0.6565,0.0,BTC-27SEP19-20000-P,11829.49,0.0,0.004,11.0,1.2085,0.2,500.0,9.34086,-9.64724,-25.56085,5e-05,-0.87194
12325.58,BTC-27DEC19,1565261943427,open,0.65,6.5,0.63,0.6575,0.64298641,100.23,0.575,0.0,BTC-27DEC19-4500-C,11829.49,0.0,0.012,0.1,0.964,1.0,500.0,4.74805,-1.68899,15.7074,1e-05,0.97317
12325.58,BTC-27DEC19,1565261943427,open,0.8,0.0,0.7885,0.808,0.79844167,113.97,None,0.0,BTC-27DEC19-2500-C,11829.49,0.0,0.0135,0.1,0.974,0.5,500.0,1.02083,-0.41295,9.37137,0.0,0.99544
12325.58,BTC-27DEC19,1565261943427,open,0.13,345.2,0.086,0.177,0.13179808,96.66,0.1345,0.0,BTC-27DEC19-10000-P,11829.49,94.77,0.128,40.2,0.134,9.9,97.75,24.75611,-8.49288,-18.56,4e-05,-0.25835
12324.22,BTC-27DEC19,1565261943427,open,0.68,27.2,0.6705,0.6925,0.68051784,101.31,0.65,0.0,BTC-27DEC19-4000-C,11829.49,0.0,0.45,1.0,0.966,1.0,500.0,3.34952,-1.20439,14.3523,1e-05,0.98225
12324.22,BTC-27DEC19,1565261943428,open,0.0,154.5,0.0005,0.013,0.00304178,103.03,0.004,0.0,BTC-27DEC19-3500-P,11829.49,92.61,0.0015,10.0,0.0045,16.0,110.14,2.23636,-0.8178,-0.67308,0.0,-0.01111
12324.22,BTC-27DEC19,1565261943427,open,0.45,91.7,0.4105,0.476,0.44371122,96.67,0.449,0.0,BTC-27DEC19-7500-C,11829.49,0.0,0.211,0.1,0.4605,2.5,109.04,16.18108,-5.55189,20.2859,3e-05,0.87018
12070.2,BTC-27SEP19,1565261943428,open,0.12,271.8,0.0735,0.1525,0.11422475,98.26,0.122,0.0,BTC-27SEP19-13000-C,11829.49,95.39,0.11,11.5,0.117,25.9,100.14,17.79552,-17.52953,6.21343,9e-05,0.49095
12324.22,BTC-27DEC19,1565261943428,open,0.0,208.8,0.0005,0.011,0.00128061,114.07,0.0015,0.0,BTC-27DEC19-2500-P,11829.49,101.55,0.0005,1.0,0.002,10.0,121.48,1.02545,-0.41517,-0.27916,0.0,-0.00459
12070.2,BTC-27SEP19,1565261943428,open,0.83,0.2,0.7905,0.8865,0.83554968,103.75,1.391,0.0,BTC-27SEP19-22000-P,11829.49,0.0,0.004,11.0,0.0,0.0,0.0,6.93022,-7.20781,-28.87598,3e-05,-0.91521
12324.22,BTC-27DEC19,1565261943428,open,0.37,168.6,0.322,0.4055,0.36533319,96.67,0.366,0.0,BTC-27DEC19-9000-C,11829.49,89.63,0.353,10.0,0.3705,15.0,99.59,21.75759,-7.46482,20.4352,4e-05,0.79494
12070.2,BTC-27SEP19,1565261943428,open,0.0,492.7,0.0005,0.0105,2.12e-06,125.0,0.0005,0.0,BTC-27SEP19-2000-P,11829.49,0.0,0.0,0.0,0.0025,15.0,237.9,0.00365,-0.00457,-0.00035,0.0,-2e-05
12324.22,BTC-27DEC19,1565261943429,open,0.54,122.9,0.514,0.5595,0.53607042,96.72,0.46,0.0,BTC-27DEC19-6000-C,11829.49,70.62,0.5195,4.0,0.9575,3.0,500.0,9.94105,-3.41261,18.87963,2e-05,0.93298
12070.2,BTC-27SEP19,1565261943429,open,0.0,421.5,0.0005,0.0105,0.00027606,125.0,0.0005,0.0,BTC-27SEP19-3500-P,11829.49,0.0,0.0,0.0,0.0005,0.9,133.33,0.25786,-0.32313,-0.03434,0.0,-0.00181
12324.22,BTC-27DEC19,1565261943429,open,1.92,1.3,1.87,2.026,1.94312536,104.59,2.2,0.0,BTC-27DEC19-36000-P,11829.49,0.0,0.0005,1.0,0.0,0.0,0.0,12.69913,-4.71399,-135.5898,2e-05,-0.9074
12070.2,BTC-27SEP19,1565261943429,open,0.01,434.4,0.0005,0.02,0.00860805,99.9,0.0095,0.0,BTC-27SEP19-7000-P,11829.49,98.23,0.008,10.1,0.0085,0.4,99.6,4.48753,-4.494,-0.9411,2e-05,-0.04845
12324.22,BTC-27DEC19,1565261943429,open,0.0,315.0,0.0005,0.015,0.00506014,101.23,0.006,0.0,BTC-27DEC19-4000-P,11829.49,97.05,0.004,10.0,0.006,5.0,104.53,3.34128,-1.20048,-1.08266,1e-05,-0.0177
12070.2,BTC-27SEP19,1565261943430,open,0.19,49.1,0.144,0.2365,0.19125561,98.26,0.179,0.0,BTC-27SEP19-13000-P,11829.49,95.37,0.187,14.4,0.1955,14.4,101.14,17.79552,-17.52931,-11.55051,9e-05,-0.50906
12070.2,BTC-27SEP19,1565261943430,open,0.0,372.8,0.0005,0.0115,0.0016051,124.84,0.001,0.0,BTC-27SEP19-4500-P,11829.49,116.97,0.001,1.0,0.003,15.0,137.47,1.07634,-1.34703,-0.17364,0.0,-0.00892
12324.22,BTC-27DEC19,1565261943430,open,0.02,344.2,0.0035,0.04,0.01651382,105.71,0.0165,0.0,BTC-27DEC19-40000-C,11829.49,103.25,0.0145,6.0,0.0185,10.0,107.98,10.45598,-3.92308,2.61843,2e-05,0.07156
12324.22,BTC-27DEC19,1565261943429,open,1.0,0.0,0.941,1.085,1.01081873,101.4,None,0.0,BTC-27DEC19-24000-P,11829.49,0.0,0.0055,1.0,1.7825,0.2,500.0,23.17633,-8.34067,-84.76841,4e-05,-0.77128
12324.22,BTC-27DEC19,1565261943430,open,0.08,181.2,0.037,0.1235,0.07780619,100.8,0.083,0.0,BTC-27DEC19-22000-C,11829.49,98.93,0.074,10.0,0.0805,4.9,102.1,25.32492,-9.06029,9.15115,4e-05,0.27019
12324.22,BTC-27DEC19,1565261943430,open,0.04,288.0,0.012,0.0705,0.036359,103.2,0.0385,0.0,BTC-27DEC19-30000-C,11829.49,101.5,0.034,10.0,0.0385,10.0,104.71,17.28803,-6.33251,5.07245,3e-05,0.143
11868.64,SYN.BTC-16AUG19,1565261943427,open,0.0,30.2,0.0005,0.0105,0.00075876,123.02,0.0005,0.0,BTC-16AUG19-8000-P,11829.49,0.0,0.0,0.0,0.0015,10.0,136.22,0.52508,-4.10103,-0.03141,1e-05,-0.01151
12068.84,BTC-27SEP19,1565261943430,open,1.64,0.0,1.5995,1.7115,1.65291602,107.41,None,0.0,BTC-27SEP19-32000-P,11829.49,0.0,0.0,0.0,0.0,0.0,0.0,1.39247,-1.49934,-43.55297,1e-05,-0.98801
12068.84,BTC-27SEP19,1565261943430,open,0.0,325.9,0.0005,0.011,0.00125928,114.45,0.0025,0.0,BTC-27SEP19-4750-P,11829.49,101.82,0.0005,14.0,0.002,15.0,122.37,0.96227,-1.10408,-0.1503,0.0,-0.00785
12068.84,BTC-27SEP19,1565261943430,open,0.0,428.6,0.0005,0.013,0.00346293,106.6,0.004,0.0,BTC-27SEP19-28000-C,11829.49,98.9,0.002,39.0,0.0045,15.0,110.82,2.7185,-2.90528,0.37625,1e-05,0.02628
12068.84,BTC-27SEP19,1565261943431,open,0.01,277.2,0.0005,0.0225,0.00811577,104.61,0.0125,0.0,BTC-27SEP19-24000-C,11829.49,100.51,0.0065,39.0,0.0095,39.0,107.75,5.07323,-5.32025,0.79884,2e-05,0.05655
12068.84,BTC-27SEP19,1565261943431,open,0.0,416.0,0.0005,0.0105,0.00072923,124.99,0.0015,0.0,BTC-27SEP19-4000-P,11829.49,119.51,0.0005,0.1,0.0015,45.0,137.43,0.57342,-0.71851,-0.08429,0.0,-0.00438
11868.64,SYN.BTC-16AUG19,1565261943427,open,0.15,0.0,0.1215,0.19,0.15511172,102.97,0.195,0.0,BTC-16AUG19-13500-P,11829.49,0.0,0.0,0.0,0.0,0.0,0.0,5.14739,-33.64817,-2.39755,0.00016,-0.78109
11868.64,SYN.BTC-16AUG19,1565261943427,open,0.01,97.7,0.0005,0.024,0.00785885,105.31,0.007,0.0,BTC-16AUG19-14500-C,11829.49,100.23,0.0065,30.0,0.0085,0.4,107.56,3.31583,-22.1682,0.2661,0.0001,0.11177
11835.05,SYN.BTC-9AUG19,1565261943427,open,0.0,411.6,0.0005,0.013,0.0014436,120.05,0.003,0.0,BTC-9AUG19-13000-C,11829.49,111.52,0.001,1.0,0.0025,30.5,135.91,0.67733,-17.08511,0.01621,0.00017,0.05854
11835.05,SYN.BTC-9AUG19,1565261943427,open,0.45,0.2,0.44,0.4615,0.45075773,0.0,0.455,0.0,BTC-9AUG19-6500-C,11829.49,0.0,0.0005,10.0,0.0,0.0,0.0,0.0,0.0,0.15595,0.0,1.0
12068.84,BTC-27SEP19,1565261943432,open,0.09,209.7,0.051,0.1265,0.0890919,98.82,0.097,0.0,BTC-27SEP19-14000-C,11829.49,96.32,0.0855,12.1,0.092,26.5,100.84,17.35839,-17.19651,5.31708,9e-05,0.4115
11835.05,SYN.BTC-9AUG19,1565261943427,open,0.01,448.7,0.0005,0.027,0.00778262,96.63,0.007,0.0,BTC-9AUG19-11500-P,11829.49,85.23,0.006,0.6,0.009,10.0,104.13,1.89588,-91.60227,-0.07723,0.00058,-0.26421
11935.83,SYN.BTC-30AUG19,1565261943430,open,0.5,0.0,0.4875,0.51,0.49820881,124.64,None,0.0,BTC-30AUG19-6000-C,11829.49,0.0,0.1,1.0,0.0,0.0,0.0,0.64405,-1.83477,3.532,1e-05,0.99195
11868.64,SYN.BTC-16AUG19,1565261943427,open,0.0,2.0,0.0005,0.0105,0.00029193,125.01,0.0005,0.0,BTC-16AUG19-7500-P,11829.49,0.0,0.0,0.0,0.001,20.3,146.39,0.24217,-1.92198,-0.01299,1e-05,-0.00478
11835.05,SYN.BTC-9AUG19,1565261943427,open,0.0,174.1,0.0005,0.0105,0.0,125.01,0.0005,0.0,BTC-9AUG19-7000-P,11829.49,0.0,0.0,0.0,0.0005,29.9,451.86,0.0,0.0,0.0,0.0,0.0
11835.05,SYN.BTC-9AUG19,1565261943427,open,0.24,23.4,0.2245,0.254,0.23951075,0.0,0.2215,0.0,BTC-9AUG19-9000-C,11829.49,0.0,0.1855,1.0,0.0,0.0,0.0,0.0,0.0,0.21592,0.0,1.0
11868.64,SYN.BTC-16AUG19,1565261943427,open,0.34,0.0,0.322,0.3835,0.35050746,110.45,None,0.0,BTC-16AUG19-16000-P,11829.49,0.0,0.0,0.0,0.0,0.0,0.0,1.47825,-10.36554,-3.35813,4e-05,-0.96079
11935.83,SYN.BTC-30AUG19,1565261943430,open,0.42,0.0,0.402,0.43,0.41543029,110.7,None,0.0,BTC-30AUG19-7000-C,11829.49,0.0,0.08,1.0,0.0,0.0,0.0,1.27283,-3.22048,4.0554,1e-05,0.98234
11935.83,SYN.BTC-30AUG19,1565261943429,open,0.34,21.0,0.3175,0.353,0.33438261,101.7,0.2375,0.0,BTC-30AUG19-8000-C,11829.49,0.0,0.05,1.0,0.0,0.0,0.0,2.60368,-6.05232,4.46334,3e-05,0.95832
11835.05,SYN.BTC-9AUG19,1565261943427,open,0.41,0.0,0.3965,0.42,0.40850833,0.0,None,0.0,BTC-9AUG19-7000-C,11829.49,0.0,0.0005,100.0,0.0,0.0,0.0,0.0,0.0,0.16794,0.0,1.0
11835.05,SYN.BTC-9AUG19,1565261943427,open,0.18,0.0,0.16,0.21,0.18304428,133.85,0.217,0.0,BTC-9AUG19-14000-P,11829.49,0.0,0.0,0.0,0.0,0.0,0.0,0.09431,-6.31141,-0.3343,2e-05,-0.99429
11835.05,SYN.BTC-9AUG19,1565261943427,open,0.0,227.9,0.0005,0.0105,4e-08,125.02,0.0005,0.0,BTC-9AUG19-9000-P,11829.49,0.0,0.0,0.0,0.0005,20.0,252.13,9e-05,-0.0005,0.0,0.0,0.0
11935.83,SYN.BTC-30AUG19,1565261943431,open,0.01,597.7,0.002,0.0265,0.01153734,96.42,0.0105,0.0,BTC-30AUG19-9000-P,11829.49,93.85,0.0105,10.0,0.0115,4.0,96.32,4.91601,-10.83343,-0.75787,6e-05,-0.09441
11835.05,SYN.BTC-9AUG19,1565261943427,open,0.0,373.8,0.0005,0.0105,0.00027686,120.17,0.001,0.0,BTC-9AUG19-13500-C,11829.49,0.0,0.0,0.0,0.0005,16.0,130.75,0.20258,-3.27667,0.0038,5e-05,0.01366
11935.83,SYN.BTC-30AUG19,1565261943430,open,0.0,590.0,0.0005,0.0105,0.00091689,125.01,0.002,0.0,BTC-30AUG19-6000-P,11829.49,115.77,0.0005,5.0,0.0015,10.0,133.97,0.65367,-1.86765,-0.06513,1e-05,-0.00819
11868.64,SYN.BTC-16AUG19,1565261943427,open,0.33,0.0,0.3125,0.342,0.32668342,122.33,None,0.0,BTC-16AUG19-8000-C,11829.49,0.0,0.0,0.0,0.0,0.0,0.0,0.51102,-3.96856,1.69575,1e-05,0.98885
11935.83,SYN.BTC-30AUG19,1565261943431,open,0.21,20.0,0.1725,0.2525,0.21263833,98.56,0.202,0.0,BTC-30AUG19-14000-P,11829.49,0.0,0.0,0.0,0.0,0.0,0.0,10.07332,-22.69247,-6.56834,0.00012,-0.70555
229.22,ETH-27SEP19,1565261943439,open,0.6,233.0,0.538,0.66,0.597897,103.13,0.634,0.0,ETH-27SEP19-360-P,225.11,89.75,0.587,44.0,0.0,0.0,0.0,0.20636,-0.21335,-0.4503,0.00279,-0.83977
225.77,SYN.ETH-16AUG19,1565261943437,open,0.09,49.0,0.054,0.131,0.093124,92.84,0.084,0.0,ETH-16AUG19-240-P,225.11,81.45,0.087,150.0,0.097,150.0,99.9,0.12309,-0.72549,-0.03611,0.01205,-0.64804
226.92,SYN.ETH-30AUG19,1565261943440,open,0.04,484.0,0.016,0.068,0.040401,95.23,0.036,0.0,ETH-30AUG19-200-P,225.11,89.59,0.036,160.0,0.042,229.0,97.26,0.17846,-0.38844,-0.0402,0.00607,-0.25518
226.92,SYN.ETH-30AUG19,1565261943439,open,0.39,0.0,0.365,0.405,0.385063,102.36,None,0.0,ETH-30AUG19-140-C,225.11,0.0,0.0,0.0,0.0,0.0,0.0,0.02696,-0.06306,0.08091,0.00085,0.97995
229.22,ETH-27SEP19,1565261943728,open,0.02,5243.0,0.004,0.036,0.016795,104.43,0.019,0.0,ETH-27SEP19-400-C,225.11,100.1,0.014,200.0,0.019,500.0,107.59,0.15488,-0.16214,0.02787,0.00207,0.10576
225.19,SYN.ETH-9AUG19,1565261943729,open,0.0,929.0,0.001,0.018,0.002899,106.55,0.005,0.0,ETH-9AUG19-240-C,225.11,96.42,0.002,1.0,0.004,250.0,117.29,0.02157,-0.65272,0.00061,0.01664,0.11621
225.19,SYN.ETH-9AUG19,1565261943731,open,0.01,414.0,0.001,0.035,0.010249,101.82,0.008,0.0,ETH-9AUG19-220-P,225.11,69.97,0.005,200.0,0.011,237.0,106.14,0.03898,-1.98432,-0.00174,0.03146,-0.31113
229.22,ETH-27SEP19,1565261943732,open,0.05,1793.0,0.018,0.075,0.044748,101.35,0.044,0.0,ETH-27SEP19-320-C,225.11,97.16,0.04,422.0,0.047,110.0,103.29,0.26398,-0.2682,0.06145,0.00363,0.24095
226.92,SYN.ETH-30AUG19,1565261944411,open,0.01,3915.0,0.001,0.017,0.005906,99.26,0.009,0.0,ETH-30AUG19-340-C,225.11,92.15,0.004,300.0,0.007,200.0,102.78,0.06745,-0.15301,0.00756,0.0022,0.06148
225.18,SYN.ETH-9AUG19,1565261944435,open,0.0,264.0,0.001,0.011,3e-06,125.02,0.001,0.0,ETH-9AUG19-280-C,225.1,0.0,0.0,0.0,0.005,300.0,300.21,9e-05,-0.00071,0.0,6e-05,0.00021
225.18,SYN.ETH-9AUG19,1565261944435,open,0.29,0.0,0.251,0.328,0.287789,0.0,None,0.0,ETH-9AUG19-290-P,225.1,0.0,0.0,0.0,0.0,0.0,0.0,0.0,0.0,-0.00696,0.0,-1.0
225.18,SYN.ETH-9AUG19,1565261944435,open,0.15,0.0,0.121,0.192,0.154779,120.79,None,0.0,ETH-9AUG19-260-P,225.1,0.0,0.0,0.0,0.0,0.0,0.0,0.00247,-0.14903,-0.00619,0.00168,-0.99181
225.76,SYN.ETH-16AUG19,1565261944435,open,0.25,0.0,0.224,0.272,0.248513,102.8,None,0.0,ETH-16AUG19-170-C,225.1,0.0,0.0,0.0,0.0,0.0,0.0,0.01961,-0.12797,0.03537,0.00173,0.97465
225.76,SYN.ETH-16AUG19,1565261944435,open,0.0,261.0,0.001,0.012,0.002502,96.59,0.009,0.0,ETH-16AUG19-290-C,225.1,82.84,0.001,10.0,0.004,250.0,105.93,0.03151,-0.19324,0.00208,0.00297,0.04514
225.76,SYN.ETH-16AUG19,1565261944434,open,0.0,51.0,0.001,0.011,0.0015,97.97,0.004,0.0,ETH-16AUG19-300-C,225.1,0.0,0.0,0.0,0.003,251.0,110.45,0.02161,-0.13438,0.00131,0.00201,0.02847
225.76,SYN.ETH-16AUG19,1565261944435,open,0.29,0.0,0.27,0.314,0.292305,113.99,None,0.0,ETH-16AUG19-160-C,225.1,0.0,0.0,0.0,0.0,0.0,0.0,0.0134,-0.09698,0.03369,0.00107,0.98382
225.76,SYN.ETH-16AUG19,1565261944435,open,0.0,0.0,0.001,0.011,0.000674,124.96,None,0.0,ETH-16AUG19-150-P,225.1,0.0,0.0,0.0,0.002,300.0,147.37,0.00899,-0.0713,-0.00053,0.00065,-0.01019
225.76,SYN.ETH-16AUG19,1565261944435,open,0.33,0.0,0.291,0.374,0.330292,97.35,None,0.0,ETH-16AUG19-300-P,225.1,0.0,0.0,0.0,0.0,0.0,0.0,0.02107,-0.13023,-0.06346,0.00197,-0.97237
225.18,SYN.ETH-9AUG19,1565261944435,open,0.0,740.0,0.001,0.011,0.000519,108.5,0.001,0.0,ETH-9AUG19-250-C,225.1,0.0,0.0,0.0,0.001,366.0,121.57,0.00669,-0.11678,0.00014,0.00507,0.02615
225.76,SYN.ETH-16AUG19,1565261944435,open,0.21,0.0,0.179,0.231,0.205416,94.93,None,0.0,ETH-16AUG19-180-C,225.1,0.0,0.0,0.0,0.0,0.0,0.0,0.0315,-0.18983,0.03651,0.00302,0.95488
225.18,SYN.ETH-9AUG19,1565261944435,open,0.11,1.0,0.078,0.146,0.110682,106.79,0.09,0.0,ETH-9AUG19-250-P,225.1,0.0,0.0,0.0,0.2,1.0,500.0,0.00629,-0.33571,-0.00587,0.00484,-0.97573
225.76,SYN.ETH-16AUG19,1565261944434,open,0.0,0.0,0.001,0.011,0.001495,102.41,None,0.0,ETH-16AUG19-170-P,225.1,0.0,0.0,0.0,0.003,550.0,116.49,0.01935,-0.1258,-0.00129,0.00172,-0.02495
225.18,SYN.ETH-9AUG19,1565261944435,open,0.2,0.0,0.165,0.237,0.199005,0.0,None,0.0,ETH-9AUG19-270-P,225.1,0.0,0.0,0.0,0.0,0.0,0.0,0.0,0.0,-0.00648,0.0,-1.0
225.18,SYN.ETH-9AUG19,1565261944435,open,0.0,362.0,0.001,0.011,0.000209,125.02,0.001,0.0,ETH-9AUG19-260-C,225.1,0.0,0.0,0.0,0.002,303.0,179.17,0.003,-0.0471,5e-05,0.00197,0.01025
225.76,SYN.ETH-16AUG19,1565261944435,open,0.34,0.0,0.316,0.357,0.336278,125.69,None,0.0,ETH-16AUG19-150-C,225.1,0.0,0.0,0.0,0.0,0.0,0.0,0.00925,-0.0738,0.03182,0.00067,0.98947
225.18,SYN.ETH-9AUG19,1565261944435,open,0.0,12.0,0.001,0.011,0.0,125.02,0.001,0.0,ETH-9AUG19-290-C,225.1,0.0,0.0,0.0,0.003,300.0,302.22,1e-05,-6e-05,0.0,1e-05,2e-05
225.18,SYN.ETH-9AUG19,1565261944435,open,0.07,117.0,0.035,0.104,0.06866,106.16,0.07,0.0,ETH-9AUG19-240-P,225.1,0.0,0.064,50.0,0.071,50.0,127.77,0.02143,-1.13743,-0.00515,0.01659,-0.88485
225.18,SYN.ETH-9AUG19,1565261944436,open,0.24,0.0,0.208,0.282,0.243386,0.0,None,0.0,ETH-9AUG19-280-P,225.1,0.0,0.0,0.0,0.0,0.0,0.0,0.0,0.0,-0.00672,0.0,-1.0
225.76,SYN.ETH-16AUG19,1565261944435,open,0.24,0.0,0.205,0.287,0.244482,95.51,None,0.0,ETH-16AUG19-280-P,225.1,0.0,0.0,0.0,0.0,0.0,0.0,0.04527,-0.2745,-0.05714,0.00431,-0.92848
225.76,SYN.ETH-16AUG19,1565261944435,open,0.0,0.0,0.001,0.011,0.000994,113.45,None,0.0,ETH-16AUG19-160-P,225.1,0.0,0.0,0.0,0.002,550.0,127.1,0.01314,-0.09462,-0.00082,0.00105,-0.01581
225.76,SYN.ETH-16AUG19,1565261944435,open,0.29,0.0,0.248,0.33,0.287001,96.18,None,0.0,ETH-16AUG19-290-P,225.1,0.0,0.0,0.0,0.0,0.0,0.0,0.0311,-0.18988,-0.06053,0.00294,-0.9556
225.18,SYN.ETH-9AUG19,1565261944435,open,0.0,818.0,0.001,0.011,2.9e-05,125.03,0.001,0.0,ETH-9AUG19-270-C,225.1,0.0,0.0,0.0,0.002,303.0,215.24,0.0006,-0.00655,1e-05,0.00039,0.00168
12068.72,BTC-27SEP19,1565261944473,open,0.31,29.7,0.263,0.3615,0.31231825,99.43,0.335,0.0,BTC-27SEP19-15000-P,11829.49,0.0,0.004,11.0,0.8485,0.3,500.0,16.37786,-16.32505,-16.00669,8e-05,-0.65829
11833.69,SYN.BTC-9AUG19,1565261944708,open,0.02,88.8,0.003,0.0515,0.02645595,94.09,0.0215,0.0,BTC-9AUG19-12000-P,11829.49,78.61,0.0235,0.4,0.027,9.5,97.37,2.22363,-104.61163,-0.18073,0.0007,-0.61018
11833.69,SYN.BTC-9AUG19,1565261944718,open,0.02,88.8,0.003,0.0515,0.02645595,94.09,0.0215,0.0,BTC-9AUG19-12000-P,11829.49,78.61,0.0235,0.4,0.0275,10.0,100.02,2.22363,-104.61163,-0.18073,0.0007,-0.61018
12324.37,BTC-27DEC19,1565261945029,open,0.85,3.9,0.7925,0.936,0.86287637,100.72,0.752,0.0,BTC-27DEC19-22000-P,11829.49,0.0,0.0055,2.0,1.6265,0.3,500.0,25.3098,-9.04747,-75.76781,4e-05,-0.73014
225.76,SYN.ETH-16AUG19,1565261945112,open,0.07,6.0,0.029,0.098,0.063536,90.67,0.055,0.0,ETH-16AUG19-230-P,225.1,82.95,0.059,152.0,0.068,137.0,98.35,0.13194,-0.75954,-0.02887,0.01323,-0.52915
232.06,ETH-27DEC19,1565261945115,open,0.52,101.0,0.441,0.595,0.520249,101.74,0.513,0.0,ETH-27DEC19-320-P,225.1,96.29,0.507,30.0,0.53,30.0,105.75,0.56461,-0.20387,-0.98207,0.00267,-0.57627
232.07,ETH-27DEC19,1565261945121,open,0.39,432.0,0.31,0.451,0.383882,99.9,0.382,0.0,ETH-27DEC19-280-P,225.1,95.91,0.374,30.0,0.392,120.0,103.17,0.57516,-0.20393,-0.78891,0.00277,-0.49689
232.07,ETH-27DEC19,1565261945127,open,0.27,801.0,0.198,0.323,0.263519,99.17,0.263,0.0,ETH-27DEC19-240-P,225.1,95.21,0.254,40.0,0.27,120.0,101.87,0.55699,-0.19604,-0.59426,0.0027,-0.39994
232.07,ETH-27DEC19,1565261945132,open,0.11,242.0,0.061,0.158,0.111014,102.02,0.126,0.0,ETH-27DEC19-360-C,225.1,98.97,0.104,246.0,0.117,356.0,104.6,0.53596,-0.19407,0.21722,0.00253,0.35353
11935.83,SYN.BTC-30AUG19,1565261945325,open,0.02,255.7,0.0035,0.036,0.01637608,100.82,0.0175,0.0,BTC-30AUG19-16000-C,11829.49,98.3,0.015,10.0,0.017,24.0,101.94,6.6195,-15.25379,0.91081,8e-05,0.14369
11934.42,SYN.BTC-30AUG19,1565261945326,open,0.03,627.0,0.0095,0.049,0.02699127,94.47,0.029,0.0,BTC-30AUG19-10000-P,11829.49,91.47,0.025,11.0,0.027,0.4,94.52,7.91177,-17.08289,-1.54724,0.0001,-0.18935
12068.72,BTC-27SEP19,1565261945338,open,0.04,434.1,0.0115,0.061,0.03323374,101.48,0.033,0.0,BTC-27SEP19-18000-C,11829.49,98.7,0.0305,33.5,0.0345,19.3,102.72,12.10475,-12.31492,2.5843,6e-05,0.18996
11934.42,SYN.BTC-30AUG19,1565261945348,open,0.01,664.4,0.0005,0.0195,0.00677298,103.35,0.008,0.0,BTC-30AUG19-18000-C,11829.49,99.1,0.0055,10.0,0.0075,24.0,105.55,3.79741,-8.97044,0.43153,4e-05,0.06711
11868.64,SYN.BTC-16AUG19,1565261945416,open,0.11,66.8,0.0685,0.1275,0.09911112,97.38,0.1035,0.0,BTC-16AUG19-11000-C,11829.49,95.15,0.098,6.0,0.1045,6.0,108.31,5.79943,-35.85282,1.60729,0.0002,0.7267
12324.37,BTC-27DEC19,1565261945417,open,0.44,25.3,0.3805,0.515,0.4489255,98.41,0.431,0.0,BTC-27DEC19-16000-P,11829.49,95.18,0.441,3.6,0.454,3.6,100.47,30.32183,-10.5909,-47.43312,5e-05,-0.54824
11835.05,SYN.BTC-9AUG19,1565261945419,open,0.06,6.3,0.0355,0.088,0.06058952,109.68,0.0525,0.0,BTC-9AUG19-12500-P,11829.49,58.39,0.0565,0.1,0.0615,6.0,116.71,1.41584,-77.64547,-0.25546,0.00038,-0.83907
11868.64,SYN.BTC-16AUG19,1565261945422,open,0.11,66.8,0.0685,0.1275,0.09911112,97.38,0.1035,0.0,BTC-16AUG19-11000-C,11829.49,95.15,0.098,6.0,0.104,6.0,107.31,5.79943,-35.85282,1.60729,0.0002,0.7267
12324.37,BTC-27DEC19,1565261945424,open,0.44,25.3,0.3805,0.515,0.4489255,98.41,0.431,0.0,BTC-27DEC19-16000-P,11829.49,95.38,0.4415,3.6,0.454,3.6,100.47,30.32183,-10.5909,-47.43312,5e-05,-0.54824
12068.72,BTC-27SEP19,1565261945438,open,0.15,725.5,0.1035,0.1835,0.14509634,97.27,0.1485,0.0,BTC-27SEP19-12000-C,11829.49,94.41,0.141,10.8,0.148,10.8,99.25,17.46047,-17.02636,7.13132,9e-05,0.57756
225.75,SYN.ETH-16AUG19,1565261945510,open,0.0,267.0,0.001,0.012,0.002693,94.67,0.009,0.0,ETH-16AUG19-180-P,225.1,79.01,0.001,1.0,0.004,250.0,103.12,0.03129,-0.18808,-0.00231,0.00301,-0.04475
225.17,SYN.ETH-9AUG19,1565261945538,open,0.33,0.0,0.314,0.353,0.333873,268.33,None,0.0,ETH-9AUG19-150-C,225.1,0.0,0.0,0.0,0.0,0.0,0.0,0.0003,-0.04051,0.00359,9e-05,0.9992
11835.05,SYN.BTC-9AUG19,1565261945568,open,0.04,199.8,0.011,0.0595,0.03607961,96.34,0.042,0.0,BTC-9AUG19-11500-C,11829.49,86.47,0.0345,0.1,0.04,0.1,120.16,1.89378,-91.22579,0.19885,0.00058,0.73636
225.75,SYN.ETH-16AUG19,1565261945607,open,0.17,0.0,0.135,0.193,0.164548,93.07,None,0.0,ETH-16AUG19-190-C,225.1,0.0,0.0,0.0,0.0,0.0,0.0,0.05467,-0.32306,0.03622,0.00534,0.90814
11833.69,SYN.BTC-9AUG19,1565261945676,open,0.02,88.8,0.003,0.0515,0.02645595,94.09,0.0215,0.0,BTC-9AUG19-12000-P,11829.49,78.61,0.0235,0.4,0.0275,9.5,100.02,2.22363,-104.61163,-0.18073,0.0007,-0.61018
225.75,SYN.ETH-16AUG19,1565261945704,open,0.01,95.0,0.001,0.019,0.006153,92.92,0.009,0.0,ETH-16AUG19-190-P,225.1,83.15,0.004,250.0,0.008,550.0,100.13,0.05453,-0.32168,-0.00476,0.00534,-0.09154
225.75,SYN.ETH-16AUG19,1565261945815,open,0.13,119.0,0.094,0.157,0.127053,92.39,0.145,0.0,ETH-16AUG19-200-C,225.1,0.0,0.0,0.0,0.0,0.0,0.0,0.08343,-0.48939,0.03431,0.00821,0.83152
225.75,SYN.ETH-16AUG19,1565261945913,open,0.01,62.0,0.002,0.032,0.012953,92.29,0.014,0.0,ETH-16AUG19-200-P,225.1,83.97,0.01,200.0,0.015,472.0,97.71,0.08336,-0.48838,-0.00883,0.00821,-0.16824
225.17,SYN.ETH-9AUG19,1565261945913,open,0.0,0.0,0.001,0.011,0.0,124.99,None,0.0,ETH-9AUG19-150-P,225.1,0.0,0.0,0.0,0.002,300.0,439.51,0.0,0.0,0.0,0.0,0.0
225.17,SYN.ETH-9AUG19,1565261946003,open,0.29,0.0,0.268,0.31,0.289464,229.59,None,0.0,ETH-9AUG19-160-C,225.1,0.0,0.0,0.0,0.0,0.0,0.0,0.00037,-0.04204,0.00383,0.00013,0.99901
225.75,SYN.ETH-16AUG19,1565261946010,open,0.1,52.0,0.059,0.125,0.094186,92.11,0.111,0.0,ETH-16AUG19-210-C,225.1,85.52,0.091,50.0,0.1,50.0,103.82,0.11036,-0.64536,0.0308,0.0109,0.72645
225.75,SYN.ETH-16AUG19,1565261946094,open,0.03,110.0,0.005,0.049,0.024381,92.03,0.026,0.0,ETH-16AUG19-210-P,225.1,85.03,0.021,200.0,0.027,231.0,97.34,0.11033,-0.6446,-0.01451,0.0109,-0.2734
225.17,SYN.ETH-9AUG19,1565261946102,open,0.0,51.0,0.001,0.011,0.0,124.98,0.003,0.0,ETH-9AUG19-160-P,225.1,0.0,0.0,0.0,0.002,300.0,378.71,0.0,0.0,0.0,0.0,0.0
232.06,ETH-27DEC19,1565261946108,open,0.03,1087.0,0.009,0.057,0.029172,106.92,0.028,0.0,ETH-27DEC19-640-C,225.1,102.44,0.024,60.0,0.033,300.0,109.97,0.28157,-0.10685,0.07777,0.00127,0.11601
232.06,ETH-27DEC19,1565261946110,open,0.03,1087.0,0.009,0.057,0.029172,106.92,0.028,0.0,ETH-27DEC19-640-C,225.1,102.44,0.024,360.0,0.033,300.0,109.97,0.28157,-0.10685,0.07777,0.00127,0.11601
225.75,SYN.ETH-16AUG19,1565261946152,open,0.0,0.0,0.001,0.011,0.000972,100.44,None,0.0,ETH-16AUG19-310-C,225.1,0.0,0.0,0.0,0.002,251.0,112.21,0.01534,-0.0978,0.00088,0.00139,0.01895
225.17,SYN.ETH-9AUG19,1565261946154,open,0.0,8.0,0.001,0.011,0.0,125.02,0.002,0.0,ETH-9AUG19-300-C,225.1,0.0,0.0,0.0,0.002,303.0,310.37,0.0,0.0,0.0,0.0,0.0
225.17,SYN.ETH-9AUG19,1565261946164,open,0.38,0.0,0.36,0.396,0.378281,309.09,None,0.0,ETH-9AUG19-140-C,225.1,0.0,0.0,0.0,0.0,0.0,0.0,0.00025,-0.03877,0.00336,7e-05,0.99935
225.75,SYN.ETH-16AUG19,1565261946189,open,0.07,601.0,0.033,0.098,0.066798,91.85,0.083,0.0,ETH-16AUG19-220-C,225.1,86.91,0.064,150.0,0.073,150.0,102.77,0.12794,-0.74603,0.02607,0.01267,0.60205
225.17,SYN.ETH-9AUG19,1565261946204,open,0.25,0.0,0.222,0.267,0.245056,192.55,None,0.0,ETH-9AUG19-170-C,225.1,0.0,0.0,0.0,0.0,0.0,0.0,0.00045,-0.04335,0.00407,0.00019,0.99877
225.17,SYN.ETH-9AUG19,1565261946288,open,0.0,238.0,0.001,0.011,0.0,124.98,0.001,0.0,ETH-9AUG19-170-P,225.1,0.0,0.0,0.0,0.001,5.0,285.38,0.0,-1e-05,0.0,0.0,0.0
225.75,SYN.ETH-16AUG19,1565261946305,open,0.37,0.0,0.334,0.418,0.374118,99.52,None,0.0,ETH-16AUG19-310-P,225.1,0.0,0.0,0.0,0.0,0.0,0.0,0.0147,-0.09287,-0.06606,0.00134,-0.98197
225.17,SYN.ETH-9AUG19,1565261946314,open,0.33,0.0,0.294,0.373,0.332255,0.0,None,0.0,ETH-9AUG19-300-P,225.1,0.0,0.0,0.0,0.0,0.0,0.0,0.0,0.0,-0.0072,0.0,-1.0
225.17,SYN.ETH-9AUG19,1565261946328,open,0.0,0.0,0.001,0.011,0.0,124.99,None,0.0,ETH-9AUG19-140-P,225.1,0.0,0.0,0.0,0.002,300.0,500.0,0.0,0.0,0.0,0.0,0.0
225.17,SYN.ETH-9AUG19,1565261946373,open,0.2,0.0,0.176,0.224,0.200649,157.56,None,0.0,ETH-9AUG19-180-C,225.1,0.0,0.0,0.0,0.0,0.0,0.0,0.00058,-0.04605,0.00431,0.0003,0.99836
12068.51,BTC-27SEP19,1565261946426,open,0.79,55.9,0.783,0.8025,0.79287024,126.69,0.689,0.0,BTC-27SEP19-2500-C,11829.48,0.0,0.004,10.0,0.8945,5.0,500.0,0.02772,-0.0352,3.41313,0.0,0.99984
12324.64,BTC-27DEC19,1565261946426,open,0.33,498.4,0.272,0.3645,0.32041878,96.65,0.321,0.0,BTC-27DEC19-10000-C,11829.48,90.45,0.308,10.0,0.3265,15.0,99.67,24.75616,-8.49174,20.03548,4e-05,0.74161
12324.64,BTC-27DEC19,1565261946426,open,0.57,12.4,0.5105,0.65,0.58058222,99.43,0.559,0.0,BTC-27DEC19-18000-P,11829.48,0.0,0.004,5.0,1.316,0.2,500.0,29.16356,-10.2914,-57.08931,5e-05,-0.61957
12068.51,BTC-27SEP19,1565261946426,open,0.14,81.4,0.0965,0.1815,0.13940214,97.24,0.134,0.0,BTC-27SEP19-12000-P,11829.48,94.89,0.136,14.4,0.143,9.2,99.72,17.46053,-17.02029,-9.26602,9e-05,-0.42248
12324.64,BTC-27DEC19,1565261946426,open,0.61,65.4,0.5905,0.623,0.60582259,98.11,0.608,0.0,BTC-27DEC19-5000-C,11829.48,0.0,0.33,1.0,0.9255,5.0,500.0,6.21155,-2.16304,16.98348,1e-05,0.96286
12324.64,BTC-27DEC19,1565261946426,open,0.02,384.9,0.0055,0.0495,0.02223994,104.77,0.027,0.0,BTC-27DEC19-36000-C,11829.48,102.55,0.02,16.0,0.0245,10.0,106.9,12.75872,-4.74442,3.37485,2e-05,0.09319
12068.51,BTC-27SEP19,1565261946426,open,0.0,405.8,0.0005,0.0105,1.731e-05,125.0,0.0005,0.0,BTC-27SEP19-2500-P,11829.48,0.0,0.0,0.0,0.0025,15.0,208.45,0.02378,-0.0298,-0.00255,0.0,-0.00014
12068.51,BTC-27SEP19,1565261946427,open,0.38,34.4,0.331,0.4295,0.37991074,100.07,0.396,0.0,BTC-27SEP19-16000-P,11829.48,0.0,0.004,11.0,0.919,0.2,500.0,15.06518,-15.11298,-18.10832,8e-05,-0.71816
12068.5,BTC-27SEP19,1565261946427,open,0.01,482.5,0.0025,0.031,0.01281934,103.66,0.0155,0.0,BTC-27SEP19-22000-C,11829.48,100.36,0.011,24.0,0.0145,39.0,106.5,6.91183,-7.1827,1.18222,3e-05,0.08451
12324.63,BTC-27DEC19,1565261946427,open,0.42,202.5,0.379,0.451,0.41602631,96.64,0.421,0.0,BTC-27DEC19-8000-C,11829.48,0.0,0.2005,0.1,0.999,0.1,500.0,18.15672,-6.2277,20.4595,3e-05,0.84613
12068.5,BTC-27SEP19,1565261946427,open,0.43,748.2,0.411,0.4475,0.42860129,99.92,0.4315,0.0,BTC-27SEP19-7000-C,11829.48,45.81,0.42,9.5,0.437,9.5,118.88,4.49169,-4.49909,8.62291,2e-05,0.95148
12068.5,BTC-27SEP19,1565261946427,open,0.0,681.9,0.0005,0.012,0.00229471,107.38,0.004,0.0,BTC-27SEP19-30000-C,11829.48,97.13,0.001,39.0,0.0035,39.0,113.71,1.9805,-2.13198,0.25999,1e-05,0.01806
11867.23,SYN.BTC-16AUG19,1565261946426,open,0.02,63.2,0.0025,0.034,0.01464324,97.43,0.0145,0.0,BTC-16AUG19-10500-P,11829.48,93.05,0.013,24.0,0.015,1.5,98.37,4.52619,-27.99785,-0.49076,0.00015,-0.17701
12324.63,BTC-27DEC19,1565261946427,open,0.71,5.7,0.6495,0.792,0.72048016,100.81,0.661,0.0,BTC-27DEC19-20000-P,11829.48,0.0,0.02,1.0,1.466,1.0,495.08,27.4806,-9.8322,-66.48556,5e-05,-0.67721
12324.63,BTC-27DEC19,1565261946427,open,0.01,278.4,0.0005,0.026,0.00905211,106.32,0.009,0.0,BTC-27DEC19-48000-C,11829.48,104.36,0.008,6.0,0.0095,2.0,107.11,6.86208,-2.58941,1.56642,1e-05,0.04198
12324.63,BTC-27DEC19,1565261946428,open,0.72,4.0,0.7095,0.729,0.71905235,103.01,0.64,0.0,BTC-27DEC19-3500-C,11829.48,0.0,0.0075,0.2,0.78,1.0,224.33,2.23402,-0.81674,12.83643,0.0,0.98891
12068.5,BTC-27SEP19,1565261946427,open,0.0,388.0,0.0005,0.012,0.00232088,107.06,0.003,0.0,BTC-27SEP19-5500-P,11829.48,104.59,0.002,1.0,0.0025,29.0,108.35,1.64058,-1.76078,-0.27734,1e-05,-0.0145
12324.63,BTC-27DEC19,1565261946428,open,0.01,508.9,0.0005,0.018,0.00809876,100.27,0.0095,0.0,BTC-27DEC19-4500-P,11829.48,97.31,0.007,2.0,0.009,11.0,102.54,4.75355,-1.69162,-1.66345,1e-05,-0.02687
12324.63,BTC-27DEC19,1565261946428,open,0.03,218.3,0.013,0.0535,0.0311012,96.65,0.0295,0.0,BTC-27DEC19-6500-P,11829.48,93.95,0.0285,16.0,0.0325,5.0,98.08,12.02063,-4.12363,-5.57085,2e-05,-0.08601
12324.63,BTC-27DEC19,1565261946428,open,0.0,99.9,0.0005,0.0105,0.00093086,124.63,0.0005,0.0,BTC-27DEC19-2000-P,11829.48,0.0,0.0,0.0,0.003,10.0,147.42,0.72417,-0.32034,-0.19234,0.0,-0.00311
12068.5,BTC-27SEP19,1565261946428,open,0.01,142.4,0.0005,0.0165,0.0052957,105.76,0.0095,0.0,BTC-27SEP19-26000-C,11829.48,101.2,0.004,39.0,0.0065,39.0,109.42,3.73144,-3.95631,0.54858,2e-05,0.03856
12068.5,BTC-27SEP19,1565261946428,open,0.07,430.7,0.0355,0.105,0.06955451,99.52,0.075,0.0,BTC-27SEP19-15000-C,11829.48,96.89,0.066,12.7,0.072,32.0,101.32,16.38196,-16.3441,4.49212,8e-05,0.34195
12324.63,BTC-27DEC19,1565261946428,open,0.01,257.2,0.002,0.024,0.01152778,98.14,0.0115,0.0,BTC-27DEC19-5000-P,11829.48,93.93,0.0095,16.0,0.013,6.0,100.98,6.21519,-2.16491,-2.31648,1e-05,-0.03717
12068.5,BTC-27SEP19,1565261946429,open,0.73,0.0,0.721,0.7405,0.73086502,125.36,None,0.0,BTC-27SEP19-3250-C,11829.48,0.0,0.004,10.0,0.8745,5.0,500.0,0.16348,-0.20546,4.42024,0.0,0.9989
12068.5,BTC-27SEP19,1565261946429,open,0.36,884.8,0.3315,0.3795,0.35537605,97.33,0.355,0.0,BTC-27SEP19-8000-C,11829.48,79.85,0.346,9.0,0.36,9.1,104.52,7.42074,-7.24032,9.09745,4e-05,0.90703
12324.63,BTC-27DEC19,1565261946429,open,0.76,0.0,0.749,0.7685,0.75860355,108.04,None,0.0,BTC-27DEC19-3000-C,11829.48,0.0,0.0055,0.1,0.971,0.5,500.0,1.55337,-0.59563,11.13428,0.0,0.99267
12068.5,BTC-27SEP19,1565261946429,open,0.1,152.7,0.059,0.134,0.09650341,97.24,0.095,0.0,BTC-27SEP19-11000-P,11829.48,94.25,0.0925,19.3,0.0985,11.5,98.73,16.17236,-15.76476,-7.04715,8e-05,-0.33083
12068.5,BTC-27SEP19,1565261946429,open,0.51,713.5,0.4935,0.52,0.50594611,101.11,0.362,0.0,BTC-27SEP19-6000-C,11829.48,0.0,0.011,1.0,0.758,0.3,499.76,2.1473,-2.17656,7.81995,1e-05,0.98014
12068.5,BTC-27SEP19,1565261946429,open,0.0,1065.6,0.0005,0.011,0.00109696,124.83,0.001,0.0,BTC-27SEP19-4250-P,11829.48,113.26,0.0005,3.0,0.001,1.0,123.32,0.79684,-0.99719,-0.1227,0.0,-0.00634
12068.5,BTC-27SEP19,1565261946429,open,0.67,227.5,0.6595,0.679,0.66929439,125.12,0.7065,0.0,BTC-27SEP19-4000-C,11829.48,0.0,0.111,2.0,0.717,5.0,299.48,0.57697,-0.72373,5.38094,0.0,0.99559
12324.63,BTC-27DEC19,1565261946430,open,1.15,0.0,1.0925,1.2375,1.16215809,102.2,None,0.0,BTC-27DEC19-26000-P,11829.48,0.0,0.004,10.0,1.9385,0.2,500.0,21.13416,-7.66578,-93.55706,4e-05,-0.80464
12324.63,BTC-27DEC19,1565261946430,open,0.48,52.5,0.443,0.5025,0.47290082,96.64,0.414,0.0,BTC-27DEC19-7000-C,11829.48,0.0,0.3765,1.0,0.55,0.1,155.36,14.1177,-4.8422,19.98146,2e-05,0.89296
12068.5,BTC-27SEP19,1565261946430,open,0.88,42.8,0.866,0.8855,0.87571186,145.93,0.815,0.0,BTC-27SEP19-1500-C,11829.48,0.0,0.0,0.0,0.0,0.0,0.0,0.00345,-0.00504,2.04935,0.0,0.99998
12068.5,BTC-27SEP19,1565261946430,open,0.3,372.7,0.2595,0.32,0.29024607,97.32,0.286,0.0,BTC-27SEP19-9000-C,11829.48,85.4,0.28,9.0,0.296,14.0,103.6,10.84483,-10.5806,9.06968,6e-05,0.84022
12068.5,BTC-27SEP19,1565261946430,open,0.84,28.2,0.8245,0.844,0.83428447,131.66,0.755,0.0,BTC-27SEP19-2000-C,11829.48,0.0,0.01,1.0,0.9095,5.0,500.0,0.00768,-0.01014,2.73215,0.0,0.99996
12068.5,BTC-27SEP19,1565261946431,open,0.0,550.0,0.0005,0.0115,0.00153144,111.63,0.002,0.0,BTC-27SEP19-5000-P,11829.48,105.24,0.001,19.0,0.002,29.0,116.14,1.14736,-1.28405,-0.18357,1e-05,-0.0096
11934.33,SYN.BTC-30AUG19,1565261946428,open,0.15,17.1,0.1105,0.1885,0.15008827,97.43,0.162,0.0,BTC-30AUG19-13000-P,11829.48,0.0,0.0,0.0,0.0,0.0,0.0,11.3267,-25.22274,-5.32634,0.00014,-0.59458
12068.5,BTC-27SEP19,1565261946431,open,0.55,221.9,0.5355,0.559,0.54659732,107.12,0.51,0.0,BTC-27SEP19-5500-C,11829.48,79.68,0.5445,3.0,0.826,5.0,500.0,1.64423,-1.76571,7.23742,1e-05,0.98547
12068.5,BTC-27SEP19,1565261946431,open,0.61,13.5,0.598,0.6175,0.60768069,114.55,0.382,0.0,BTC-27SEP19-4750-C,11829.48,0.0,0.004,11.0,0.677,5.0,299.3,0.96634,-1.10968,6.33961,0.0,0.99211
11867.23,SYN.BTC-16AUG19,1565261946426,open,0.08,66.7,0.0415,0.102,0.07305053,97.55,0.082,0.0,BTC-16AUG19-11500-C,11829.48,95.68,0.072,18.0,0.078,18.0,106.35,6.66603,-41.28321,1.3864,0.00022,0.61448
11934.33,SYN.BTC-30AUG19,1565261946427,open,0.03,241.8,0.0075,0.049,0.02548676,99.59,0.035,0.0,BTC-30AUG19-15000-C,11829.48,96.72,0.0235,10.0,0.0265,19.3,101.03,8.35632,-19.02155,1.30044,0.0001,0.2073
11833.69,SYN.BTC-9AUG19,1565261946426,open,0.0,200.4,0.0005,0.0105,0.00055431,124.99,0.001,0.0,BTC-9AUG19-10500-P,11829.48,122.93,0.0005,1.6,0.0015,11.4,149.87,0.32319,-6.55948,-0.00687,8e-05,-0.02364
11934.33,SYN.BTC-30AUG19,1565261946428,open,0.26,21.1,0.235,0.2805,0.25742377,96.42,0.2905,0.0,BTC-30AUG19-9000-C,11829.48,0.0,0.1,0.2,0.279,5.0,138.48,4.91889,-10.83988,4.63548,6e-05,0.9055
11934.33,SYN.BTC-30AUG19,1565261946429,open,0.05,184.0,0.0155,0.0675,0.03963226,98.52,0.048,0.0,BTC-30AUG19-14000-C,11829.48,95.38,0.037,10.0,0.041,19.3,100.13,10.06741,-22.66961,1.82049,0.00012,0.29415
11934.33,SYN.BTC-30AUG19,1565261946427,open,0.01,638.8,0.0005,0.0145,0.00466356,101.81,0.0055,0.0,BTC-30AUG19-8000-P,11829.48,98.66,0.004,10.0,0.005,24.0,103.32,2.61293,-6.08044,-0.33286,3e-05,-0.04187
11934.33,SYN.BTC-30AUG19,1565261946428,open,0.28,0.0,0.2435,0.3225,0.28222861,99.4,None,0.0,BTC-30AUG19-15000-P,11829.48,0.0,0.02,1.0,0.0,0.0,0.0,8.34209,-18.95183,-7.69285,0.0001,-0.7933
11867.23,SYN.BTC-16AUG19,1565261946426,open,0.02,121.5,0.0015,0.031,0.01186356,104.24,0.0105,0.0,BTC-16AUG19-14000-C,11829.48,100.31,0.0105,24.0,0.013,10.0,107.4,4.20626,-27.83725,0.37415,0.00013,0.15798
11934.33,SYN.BTC-30AUG19,1565261946427,open,0.51,0.0,0.4805,0.554,0.51501581,103.29,None,0.0,BTC-30AUG19-18000-P,11829.48,0.0,0.0,0.0,0.0,0.0,0.0,3.79163,-8.95177,-10.35729,4e-05,-0.93302
11934.33,SYN.BTC-30AUG19,1565261946427,open,0.06,102.3,0.027,0.084,0.05461237,94.34,0.0505,0.0,BTC-30AUG19-11000-P,11829.48,92.5,0.053,2.0,0.055,19.3,94.79,10.44456,-22.52209,-2.67754,0.00013,-0.31973
11934.33,SYN.BTC-30AUG19,1565261946432,open,0.1,66.2,0.0595,0.1295,0.09495333,94.33,0.102,0.0,BTC-30AUG19-12000-P,11829.48,89.24,0.09,9.5,0.096,14.4,95.4,11.60691,-25.02466,-3.99419,0.00014,-0.46347
11934.33,SYN.BTC-30AUG19,1565261946432,open,0.35,0.0,0.3205,0.397,0.35702126,100.81,0.403,0.0,BTC-30AUG19-16000-P,11829.48,0.0,0.03,1.0,0.0,0.0,0.0,6.61432,-15.24064,-8.67951,8e-05,-0.85645
11867.23,SYN.BTC-16AUG19,1565261946434,open,0.02,63.2,0.0025,0.034,0.01464324,97.43,0.0145,0.0,BTC-16AUG19-10500-P,11829.48,93.05,0.013,24.0,0.0145,0.4,97.06,4.52619,-27.99785,-0.49076,0.00015,-0.17701
232.06,ETH-27DEC19,1565261946437,open,0.4,0.0,0.349,0.432,0.39417,99.18,None,0.0,ETH-27DEC19-160-C,225.11,0.0,0.002,100.0,0.98,5.0,500.0,0.37962,-0.13363,0.3805,0.00184,0.81899
232.06,ETH-27DEC19,1565261946437,open,0.04,1570.0,0.014,0.073,0.040416,105.36,0.041,0.0,ETH-27DEC19-560-C,225.11,102.29,0.036,40.0,0.044,110.0,107.74,0.34235,-0.12802,0.1019,0.00156,0.15419
229.21,ETH-27SEP19,1565261946437,open,1.1,0.0,1.035,1.172,1.100418,105.63,None,0.0,ETH-27SEP19-480-P,225.11,0.0,0.0,0.0,0.0,0.0,0.0,0.07999,-0.08471,-0.64384,0.00105,-0.95522
229.21,ETH-27SEP19,1565261946437,open,0.02,1897.0,0.006,0.042,0.020901,103.17,0.026,0.0,ETH-27SEP19-380-C,225.11,99.29,0.018,495.0,0.023,110.0,105.82,0.17752,-0.1836,0.03361,0.0024,0.12821
229.21,ETH-27SEP19,1565261946437,open,0.93,0.0,0.867,0.998,0.929847,105.07,None,0.0,ETH-27SEP19-440-P,225.11,0.0,0.0,0.0,0.0,0.0,0.0,0.11225,-0.11823,-0.58289,0.00149,-0.93121
232.06,ETH-27DEC19,1565261946437,open,0.97,0.0,0.881,1.056,0.968392,103.63,None,0.0,ETH-27DEC19-440-P,225.11,0.0,0.001,8.0,1.887,1.0,500.0,0.45894,-0.1688,-1.53835,0.00213,-0.74917
229.21,ETH-27SEP19,1565261946437,open,0.0,2060.0,0.001,0.011,0.001036,124.88,0.003,0.0,ETH-27SEP19-80-P,225.11,0.0,0.0,0.0,0.005,300.0,159.55,0.01445,-0.01809,-0.00221,0.00016,-0.00602
229.21,ETH-27SEP19,1565261946437,open,0.52,347.0,0.458,0.578,0.517414,101.43,0.565,0.0,ETH-27SEP19-340-P,225.11,0.0,0.0,0.0,0.552,110.0,131.56,0.23268,-0.23659,-0.41458,0.0032,-0.80626
229.22,ETH-27SEP19,1565261946438,open,0.06,3472.0,0.027,0.092,0.058761,101.34,0.06,0.0,ETH-27SEP19-300-C,225.11,99.17,0.056,150.0,0.061,357.0,103.08,0.29358,-0.29825,0.07484,0.00403,0.29769
229.22,ETH-27SEP19,1565261946438,open,0.13,1847.0,0.081,0.162,0.12427,97.66,0.126,0.0,ETH-27SEP19-240-C,225.11,94.08,0.119,188.0,0.128,298.0,100.19,0.33756,-0.33048,0.12433,0.00481,0.52121
232.06,ETH-27DEC19,1565261946437,open,0.02,1226.0,0.006,0.045,0.021275,107.91,0.032,0.0,ETH-27DEC19-720-C,225.11,103.33,0.017,50.0,0.025,300.0,111.51,0.23008,-0.08812,0.05969,0.00103,0.08792
232.06,ETH-27DEC19,1565261946437,open,2.29,0.0,2.185,2.411,2.293152,108.16,None,0.0,ETH-27DEC19-760-P,225.11,0.0,0.001,100.0,0.0,0.0,0.0,0.20706,-0.07949,-2.88108,0.00092,-0.92356
229.22,ETH-27SEP19,1565261946438,open,0.68,259.0,0.618,0.742,0.678697,103.16,0.94,0.0,ETH-27SEP19-380-P,225.11,0.0,0.009,8.0,0.0,0.0,0.0,0.17753,-0.1836,-0.48564,0.0024,-0.87179
229.22,ETH-27SEP19,1565261946438,open,0.0,3444.0,0.001,0.011,0.000993,112.63,0.001,0.0,ETH-27SEP19-680-C,225.11,0.0,0.0,0.0,0.002,301.0,122.0,0.01881,-0.02124,0.00223,0.00023,0.00812
232.06,ETH-27DEC19,1565261946438,open,1.78,0.0,1.689,1.893,1.786965,106.82,None,0.0,ETH-27DEC19-640-P,225.11,0.0,0.0,0.0,0.0,0.0,0.0,0.281,-0.10653,-2.39257,0.00127,-0.88433
229.22,ETH-27SEP19,1565261946438,open,0.23,1240.0,0.176,0.282,0.230824,98.84,0.232,0.0,ETH-27SEP19-260-P,225.11,94.14,0.224,120.0,0.233,110.0,100.34,0.33362,-0.33058,-0.24908,0.0047,-0.56441
232.06,ETH-27DEC19,1565261946438,open,1.95,0.0,1.854,2.065,1.954918,107.25,None,0.0,ETH-27DEC19-680-P,225.11,0.0,0.0,0.0,0.0,0.0,0.0,0.25338,-0.09645,-2.55686,0.00114,-0.8998
229.22,ETH-27SEP19,1565261946438,open,0.08,2100.0,0.038,0.109,0.074198,99.38,0.083,0.0,ETH-27SEP19-280-C,225.11,96.33,0.07,229.0,0.077,339.0,101.41,0.31671,-0.31554,0.08922,0.00444,0.35905
229.22,ETH-27SEP19,1565261946438,open,0.57,0.0,0.551,0.58,0.565223,105.12,None,0.0,ETH-27SEP19-100-C,225.11,0.0,0.003,10.0,0.0,0.0,0.0,0.02244,-0.02365,0.13307,0.0003,0.99007
229.22,ETH-27SEP19,1565261946438,open,0.65,0.0,0.641,0.663,0.652011,124.65,None,0.0,ETH-27SEP19-80-C,225.11,0.0,0.003,10.0,0.0,0.0,0.0,0.01431,-0.01788,0.10713,0.00016,0.99405
232.06,ETH-27DEC19,1565261946438,open,0.04,1581.0,0.011,0.064,0.033761,105.83,0.028,0.0,ETH-27DEC19-600-C,225.11,102.92,0.03,50.0,0.037,110.0,108.21,0.3085,-0.11587,0.08815,0.0014,0.13218
225.75,SYN.ETH-16AUG19,1565261946437,open,0.03,275.0,0.007,0.056,0.030038,92.8,0.031,0.0,ETH-16AUG19-240-C,225.11,87.19,0.027,411.0,0.033,3.0,98.2,0.12303,-0.72484,0.01566,0.01206,0.35163
232.07,ETH-27DEC19,1565261946438,open,0.06,789.0,0.025,0.098,0.059403,104.42,0.067,0.0,ETH-27DEC19-480-C,225.11,101.38,0.054,40.0,0.064,389.0,106.93,0.41902,-0.15529,0.13761,0.00193,0.21304
232.07,ETH-27DEC19,1565261946439,open,1.13,21.0,1.039,1.219,1.127833,104.47,0.629,0.0,ETH-27DEC19-480-P,225.11,0.0,0.001,7.0,2.058,1.0,500.0,0.41925,-0.15545,-1.7149,0.00193,-0.78676
232.07,ETH-27DEC19,1565261946438,open,1.45,0.0,1.361,1.552,1.453581,105.42,0.845,0.0,ETH-27DEC19-560-P,225.11,0.0,0.0,0.0,0.0,0.0,0.0,0.34274,-0.12824,-2.05933,0.00156,-0.84555
232.07,ETH-27DEC19,1565261946438,open,0.08,624.0,0.033,0.114,0.072412,103.66,0.068,0.0,ETH-27DEC19-440-C,225.11,100.38,0.066,310.0,0.078,380.0,106.46,0.45913,-0.16893,0.15997,0.00213,0.251
