underlying_price,underlying_index,timestamp,state,settlement_price,open_interest,min_price,max_price,mark_price,mark_iv,last_price,interest_rate,instrument_name,index_price,bid_iv,best_bid_price,best_bid_amount,best_ask_price,best_ask_amount,ask_iv,vega,theta,rho,gamma,delta
8819.74,BTC-27DEC19,1573556340858,open,1.04,9.4,1.0015,1.0895,1.0433183,93.6,1.1125,0.0,BTC-27DEC19-18000-P,8734.52,0.0,0.0,0.0,0.0,0.0,0.0,1.63776,-1.70792,-21.91585,2e-05,-0.97776
8819.74,BTC-27DEC19,1573556340861,open,0.7,211.2,0.6685,0.7475,0.70592744,83.43,0.9295,0.0,BTC-27DEC19-15000-P,8734.49,0.0,0.0,0.0,0.0,0.0,0.0,3.06416,-2.84839,-17.98277,4e-05,-0.95245
8819.71,BTC-27DEC19,1573556340861,open,0.0,868.9,0.0005,0.0105,5.891e-05,100.0,0.0005,0.0,BTC-27DEC19-3000-P,8734.49,0.0,0.0,0.0,0.001,39.3,134.08,0.06258,-0.06973,-0.00688,0.0,-0.00058
8819.71,BTC-27DEC19,1573556340861,open,0.72,0.0,0.707,0.7265,0.71655516,102.81,None,0.0,BTC-27DEC19-2500-C,8734.49,0.0,0.7095,14.0,0.7245,14.0,217.93,0.01428,-0.01636,3.07228,0.0,0.99988
8819.71,BTC-27DEC19,1573556340861,open,0.0,880.8,0.0005,0.0115,0.0017218,100.0,0.002,0.0,BTC-27DEC19-20000-C,8734.49,98.28,0.0015,19.0,0.0025,23.0,105.02,1.1976,-1.33431,0.14827,1e-05,0.0154
8819.71,BTC-27DEC19,1573556340861,open,0.27,247.2,0.236,0.308,0.27158346,67.02,0.226,0.0,BTC-27DEC19-11000-P,8734.49,26.41,0.2475,2.1,0.301,2.0,93.12,8.79683,-6.56916,-11.56125,0.00014,-0.7946
8998.74,BTC-27MAR20,1573556340861,open,0.05,354.2,0.024,0.087,0.05337883,76.85,0.0525,0.0,BTC-27MAR20-14000-C,8734.49,76.39,0.0525,9.8,0.055,29.4,77.71,17.04671,-4.821,6.23301,7e-05,0.23944
8998.74,BTC-27MAR20,1573556340862,open,0.11,327.9,0.072,0.148,0.11017269,70.01,0.109,0.0,BTC-27MAR20-8000-P,8734.49,69.24,0.1085,2.0,0.112,2.0,70.86,19.43546,-5.00731,-14.1566,9e-05,-0.31243
8819.71,BTC-27DEC19,1573556340862,open,0.0,449.3,0.0005,0.0105,3.5e-07,100.0,0.0005,0.0,BTC-27DEC19-44000-C,8734.49,0.0,0.0,0.0,0.0005,1.0,154.4,0.00074,-0.00083,5e-05,0.0,1e-05
8819.71,BTC-27DEC19,1573556340861,open,2.62,0.3,2.5575,2.7025,2.62820675,0.0,1.875,0.0,BTC-27DEC19-32000-P,8734.49,0.0,0.0,0.0,0.0,0.0,0.0,0.0,0.0,-39.34307,0.0,-1.0
8998.71,BTC-27MAR20,1573556340862,open,0.03,1520.8,0.013,0.063,0.03464631,78.25,0.0365,0.0,BTC-27MAR20-16000-C,8734.49,77.49,0.0335,32.7,0.036,0.2,79.13,13.72695,-3.95258,4.42827,6e-05,0.16684
8819.71,BTC-27DEC19,1573556340862,open,0.01,1249.6,0.0005,0.016,0.00629699,73.58,0.0075,0.0,BTC-27DEC19-6000-P,8734.49,71.38,0.0055,40.0,0.007,16.0,75.4,3.31014,-2.71375,-0.63636,5e-05,-0.05239
8819.71,BTC-27DEC19,1573556340862,open,0.66,10.0,0.65,0.6695,0.65991245,100.11,0.618,0.0,BTC-27DEC19-3000-C,8734.49,0.0,0.6545,13.0,0.668,13.0,189.29,0.06323,-0.07052,3.68146,0.0,0.99942
8819.71,BTC-27DEC19,1573556340862,open,0.0,410.1,0.0005,0.014,0.00425984,80.28,0.004,0.0,BTC-27DEC19-5500-P,8734.49,77.28,0.0035,35.0,0.005,38.0,82.92,2.36153,-2.11227,-0.4203,3e-05,-0.0345
8819.71,BTC-27DEC19,1573556340862,open,0.44,66.8,0.422,0.45,0.4356099,85.52,0.4645,0.0,BTC-27DEC19-5000-C,8734.49,0.0,0.427,10.0,0.448,10.0,124.94,1.532,-1.4598,5.8972,2e-05,0.97945
8998.71,BTC-27MAR20,1573556340862,open,0.03,489.5,0.0145,0.054,0.03215099,70.49,0.033,0.0,BTC-27MAR20-6000-P,8734.49,69.16,0.0305,24.0,0.0335,0.1,71.57,11.21037,-2.90807,-5.21581,5e-05,-0.12355
8998.71,BTC-27MAR20,1573556340863,open,1.67,0.0,1.6185,1.75,1.68030227,90.49,None,0.0,BTC-27MAR20-24000-P,8734.49,0.0,0.0005,5.0,0.0,0.0,0.0,7.10314,-2.36523,-87.55215,3e-05,-0.93329
8819.71,BTC-27DEC19,1573556340862,open,0.0,685.2,0.0005,0.0105,0.00036081,100.0,0.001,0.0,BTC-27DEC19-24000-C,8734.49,103.18,0.0005,42.5,0.0015,23.0,116.09,0.34042,-0.3793,0.03605,0.0,0.00369
8819.71,BTC-27DEC19,1573556340862,open,0.59,268.3,0.558,0.634,0.59402143,78.59,0.7205,0.0,BTC-27DEC19-14000-P,8734.49,0.0,0.0,0.0,0.0,0.0,0.0,3.77419,-3.30463,-16.61382,5e-05,-0.93811
8998.71,BTC-27MAR20,1573556340863,open,0.01,57.8,0.0005,0.0205,0.00696519,98.72,0.0075,0.0,BTC-27MAR20-32000-C,8734.49,95.41,0.0055,40.0,0.0085,5.0,101.73,4.29525,-1.56037,0.95695,1e-05,0.03553
8998.71,BTC-27MAR20,1573556340863,open,0.01,85.8,0.0005,0.0185,0.00593153,100.0,0.0065,0.0,BTC-27MAR20-34000-C,8734.49,97.66,0.005,40.0,0.0075,5.0,103.45,3.78667,-1.39344,0.82281,1e-05,0.03049
8819.71,BTC-27DEC19,1573556340863,open,0.55,30.9,0.5375,0.558,0.54744226,99.98,0.5735,0.0,BTC-27DEC19-4000-C,8734.49,0.0,0.541,11.0,0.5555,11.0,146.45,0.64299,-0.71627,4.82565,1e-05,0.99247
8998.71,BTC-27MAR20,1573556340863,open,0.03,261.8,0.008,0.0515,0.02585242,81.74,0.0245,0.0,BTC-27MAR20-18000-C,8734.49,81.06,0.025,5.0,0.027,0.2,82.63,11.42583,-3.4366,3.38717,5e-05,0.12697
8998.71,BTC-27MAR20,1573556340863,open,0.56,9.4,0.5485,0.5755,0.56126922,78.4,0.585,0.0,BTC-27MAR20-4000-C,8734.49,0.0,0.5505,8.0,0.572,8.0,99.45,3.3738,-0.97329,13.8078,1e-05,0.97346
8819.71,BTC-27DEC19,1573556340864,open,0.38,73.5,0.365,0.3975,0.38066506,80.31,0.266,0.0,BTC-27DEC19-5500-C,8734.49,0.0,0.3705,9.0,0.394,9.0,112.98,2.36414,-2.11543,6.3412,3e-05,0.96545
8819.71,BTC-27DEC19,1573556340864,open,0.02,313.6,0.0055,0.032,0.01647821,65.1,0.017,0.0,BTC-27DEC19-7000-P,8734.49,63.76,0.0155,30.0,0.0175,18.0,66.46,6.5413,-4.74443,-1.5881,0.00011,-0.12998
9155.78,SYN.BTC-26JUN20,1573556340861,open,0.06,94.6,0.0325,0.089,0.05973488,72.15,0.064,0.0,BTC-26JUN20-6000-P,8734.49,70.12,0.056,3.0,0.062,11.0,73.37,16.98843,-2.70135,-12.0568,5e-05,-0.15212
8819.71,BTC-27DEC19,1573556340864,open,0.0,448.0,0.0005,0.0105,0.00078307,100.0,0.001,0.0,BTC-27DEC19-22000-C,8734.49,102.72,0.001,16.4,0.002,8.0,111.57,0.64181,-0.71509,0.07303,1e-05,0.00752
8819.71,BTC-27DEC19,1573556340864,open,1.26,3.6,1.2235,1.3195,1.26936492,99.96,1.729,0.0,BTC-27DEC19-20000-P,8734.49,0.0,0.0,0.0,0.0,0.0,0.0,1.19514,-1.33106,-24.4415,1e-05,-0.98464
9155.78,SYN.BTC-26JUN20,1573556340863,open,0.05,75.3,0.0215,0.0905,0.05233698,82.7,0.0545,0.0,BTC-26JUN20-20000-C,8734.49,82.07,0.051,0.8,0.054,3.2,83.47,19.68281,-3.58729,7.91957,5e-05,0.1915
8819.71,BTC-27DEC19,1573556340865,open,0.0,562.6,0.0005,0.0105,1.26e-06,100.0,0.0005,0.0,BTC-27DEC19-40000-C,8734.49,0.0,0.0,0.0,0.0005,10.0,146.61,0.00238,-0.00265,0.00018,0.0,2e-05
8998.71,BTC-27MAR20,1573556340865,open,0.41,52.6,0.3605,0.467,0.41388522,73.46,0.355,0.0,BTC-27MAR20-12000-P,8734.49,30.31,0.339,2.0,0.447,2.0,87.89,20.07104,-5.42594,-36.04201,9e-05,-0.66203
8819.71,BTC-27DEC19,1573556340865,open,0.33,112.4,0.308,0.3445,0.32600405,73.58,0.385,0.0,BTC-27DEC19-6000-C,8734.49,0.0,0.312,9.0,0.342,9.0,104.08,3.31055,-2.71424,6.74036,5e-05,0.9476
8819.71,BTC-27DEC19,1573556340866,open,0.49,21.6,0.48,0.5035,0.49112155,90.22,0.5285,0.0,BTC-27DEC19-4500-C,8734.49,0.0,0.484,10.0,0.501,10.0,133.95,0.90613,-0.91089,5.39717,1e-05,0.98885
8766.56,SYN.BTC-29NOV19,1573556340861,open,0.0,657.9,0.0005,0.012,0.00235356,79.37,0.003,0.0,BTC-29NOV19-6500-P,8734.49,77.03,0.002,4.0,0.003,20.0,83.17,1.38837,-3.26485,-0.14337,5e-05,-0.03302
8819.71,BTC-27DEC19,1573556340866,open,2.17,0.2,2.1125,2.24,2.17478043,99.31,2.084,0.0,BTC-27DEC19-28000-P,8734.49,0.0,0.0,0.0,0.0,0.0,0.0,0.0882,-0.09759,-34.41693,0.0,-0.99917
8753.27,SYN.BTC-22NOV19,1573556340861,open,0.04,30.0,0.0175,0.062,0.03299251,50.01,0.035,0.0,BTC-22NOV19-8750-C,8734.49,46.98,0.031,20.0,0.034,2.0,51.55,5.73806,-14.53005,1.14918,0.00055,0.51822
8766.56,SYN.BTC-29NOV19,1573556340861,open,0.42,0.0,0.3985,0.461,0.42799662,84.77,None,0.0,BTC-29NOV19-12500-P,8734.49,0.0,0.0125,1.0,0.0,0.0,0.0,1.34536,-3.37912,-5.65914,4e-05,-0.96822
8998.71,BTC-27MAR20,1573556340867,open,0.01,117.2,0.0005,0.0235,0.00844007,97.67,0.0085,0.0,BTC-27MAR20-30000-C,8734.49,93.86,0.0065,39.0,0.0105,34.0,101.15,4.9673,-1.78529,1.14014,2e-05,0.04248
8998.71,BTC-27MAR20,1573556340867,open,2.99,0.0,2.923,3.096,3.00518436,99.85,None,0.0,BTC-27MAR20-36000-P,8734.49,0.0,0.0,0.0,0.0,0.0,0.0,3.13878,-1.15327,-133.35313,1e-05,-0.97565
8766.56,SYN.BTC-29NOV19,1573556340864,open,0.0,368.8,0.0005,0.0125,0.00250494,79.01,0.0025,0.0,BTC-29NOV19-12000-C,8734.49,78.98,0.0025,3.5,0.003,4.0,81.6,1.58932,-3.72047,0.14768,6e-05,0.03894
9155.78,SYN.BTC-26JUN20,1573556340864,open,2.08,0.0,2.008,2.173,2.08581639,88.95,None,0.0,BTC-26JUN20-28000-P,8734.49,0.0,0.0,0.0,0.0,0.0,0.0,13.29572,-2.60648,-169.53154,3e-05,-0.89311
9155.78,SYN.BTC-26JUN20,1573556340861,open,0.49,0.0,0.4595,0.51,0.48479751,72.71,None,0.0,BTC-26JUN20-5000-C,8734.49,54.91,0.4655,5.0,0.504,5.0,86.55,11.70359,-1.87539,24.20922,3e-05,0.91019
9155.78,SYN.BTC-26JUN20,1573556340862,open,0.58,0.0,0.56,0.594,0.57642133,74.22,None,0.0,BTC-26JUN20-4000-C,8734.49,48.71,0.5645,6.0,0.5905,6.0,90.4,6.69967,-1.09585,21.611,2e-05,0.95616
8766.56,SYN.BTC-29NOV19,1573556340861,open,0.26,0.3,0.244,0.2785,0.2609078,79.42,0.31,0.0,BTC-29NOV19-6500-C,8734.49,0.0,0.2495,6.0,0.2755,6.0,128.9,1.39102,-3.27311,2.86155,5e-05,0.96691
9155.78,SYN.BTC-26JUN20,1573556340863,open,0.01,199.6,0.0035,0.026,0.01330011,74.21,0.0105,0.0,BTC-26JUN20-4000-P,8734.49,71.67,0.0115,3.0,0.015,14.0,76.47,6.69875,-1.09562,-3.25145,2e-05,-0.04383
9155.78,SYN.BTC-26JUN20,1573556340864,open,0.14,146.5,0.091,0.1875,0.14021578,75.09,0.1435,0.0,BTC-26JUN20-12000-C,8734.49,74.54,0.1385,2.0,0.142,2.0,75.67,28.42694,-4.70451,16.83774,7e-05,0.43608
9155.78,SYN.BTC-26JUN20,1573556340864,open,0.03,183.2,0.014,0.0515,0.03089599,72.71,0.026,0.0,BTC-26JUN20-5000-P,8734.49,70.4,0.028,23.0,0.0335,32.0,74.71,11.70296,-1.87519,-6.86899,3e-05,-0.0898
8766.56,SYN.BTC-29NOV19,1573556340866,open,0.0,408.4,0.0005,0.0105,0.00056473,100.0,0.0015,0.0,BTC-29NOV19-15000-C,8734.49,98.63,0.0005,77.0,0.0015,45.0,113.02,0.43202,-1.28001,0.03182,1e-05,0.00842
9155.78,SYN.BTC-26JUN20,1573556340862,open,0.41,7.0,0.3705,0.4365,0.4044167,72.15,0.41,0.0,BTC-26JUN20-6000-C,8734.49,60.93,0.3845,5.0,0.4285,5.0,84.71,16.98878,-2.70153,25.23723,5e-05,0.84787
8766.56,SYN.BTC-29NOV19,1573556340863,open,0.0,155.6,0.0005,0.012,0.00213939,84.87,0.004,0.0,BTC-29NOV19-12500-C,8734.49,80.26,0.0015,20.0,0.003,62.0,89.89,1.35123,-3.39778,0.12083,4e-05,0.03195
9155.78,SYN.BTC-26JUN20,1573556340863,open,0.01,69.9,0.0005,0.015,0.0052702,79.74,0.005,0.0,BTC-26JUN20-3000-P,8734.49,75.87,0.004,3.1,0.0065,23.0,83.0,3.24781,-0.57075,-1.34403,1e-05,-0.01835
9155.78,SYN.BTC-26JUN20,1573556340863,open,0.03,73.0,0.0075,0.054,0.02541839,91.09,0.027,0.0,BTC-26JUN20-30000-C,8734.49,90.04,0.024,1.0,0.027,1.0,92.24,12.47597,-2.50463,4.12673,3e-05,0.09793
8766.56,SYN.BTC-29NOV19,1573556340866,open,0.15,33.5,0.125,0.1845,0.15165557,59.87,0.1485,0.0,BTC-29NOV19-10000-P,8734.49,0.0,0.14,5.0,0.156,2.0,67.43,4.75184,-8.42934,-3.98295,0.00022,-0.83101
8766.56,SYN.BTC-29NOV19,1573556340863,open,0.15,68.8,0.131,0.175,0.15193318,62.3,0.159,0.0,BTC-29NOV19-7500-C,8734.49,0.0,0.134,6.0,0.1735,6.0,103.13,3.52149,-6.50016,2.99556,0.00016,0.89099
9155.78,SYN.BTC-26JUN20,1573556340866,open,1.65,0.0,1.5845,1.7385,1.65767138,85.72,None,0.0,BTC-26JUN20-24000-P,8734.49,0.0,0.0,0.0,0.0,0.0,0.0,15.9324,-3.0098,-143.37879,4e-05,-0.86171
8766.56,SYN.BTC-29NOV19,1573556340866,open,0.01,594.1,0.001,0.03,0.01096978,59.89,0.012,0.0,BTC-29NOV19-10000-C,8734.49,59.02,0.0105,16.0,0.0115,20.0,60.86,4.75368,-8.43571,0.64089,0.00022,0.16909
9155.78,SYN.BTC-26JUN20,1573556340861,open,1.44,0.0,1.374,1.523,1.44509208,83.72,None,0.0,BTC-26JUN20-22000-P,8734.49,0.0,0.11,1.0,0.0,0.0,0.0,17.49991,-3.22896,-130.09525,4e-05,-0.84088
8766.56,SYN.BTC-29NOV19,1573556340877,open,0.1,123.7,0.0795,0.139,0.1038941,57.85,0.1035,0.0,BTC-29NOV19-9500-P,8734.49,52.35,0.1,8.0,0.1045,0.5,58.68,6.34193,-10.86936,-3.34068,0.00031,-0.72031
8819.71,BTC-27DEC19,1573556340881,open,0.18,282.5,0.15,0.202,0.17680834,62.79,0.18,0.0,BTC-27DEC19-7500-C,8734.49,59.88,0.174,3.3,0.1785,2.0,64.51,8.6239,-6.03327,6.77175,0.00014,0.8013
8819.71,BTC-27DEC19,1573556340884,open,0.18,282.5,0.15,0.202,0.17680834,62.79,0.18,0.0,BTC-27DEC19-7500-C,8734.49,59.88,0.174,2.0,0.1785,2.0,64.51,8.6239,-6.03327,6.77175,0.00014,0.8013
8819.71,BTC-27DEC19,1573556340892,open,0.18,282.5,0.15,0.202,0.17680834,62.79,0.18,0.0,BTC-27DEC19-7500-C,8734.49,59.88,0.174,2.0,0.178,2.0,64.0,8.6239,-6.03327,6.77175,0.00014,0.8013
187.8,ETH-27DEC19,1573556340900,open,0.21,2728.0,0.167,0.255,0.211429,68.77,0.274,0.0,ETH-27DEC19-220-P,185.49,38.34,0.18,13.0,0.229,23.0,82.77,0.22759,-0.17439,-0.21135,0.00763,-0.70391
8753.27,SYN.BTC-22NOV19,1573556340901,open,0.05,20.5,0.0305,0.078,0.04900422,50.28,0.05,0.0,BTC-22NOV19-8500-C,8734.49,47.8,0.0475,12.0,0.0495,2.0,51.1,5.31017,-13.51911,1.43301,0.00051,0.65407
192.31,SYN.ETH-26JUN20,1573556341026,open,0.37,50.0,0.327,0.411,0.372188,78.63,0.325,0.0,ETH-26JUN20-140-C,185.49,73.16,0.36,210.0,0.378,10.0,81.22,0.43143,-0.07477,0.50481,0.00239,0.79449
192.31,SYN.ETH-26JUN20,1573556341026,open,0.26,42.0,0.211,0.309,0.264612,77.13,0.27,0.0,ETH-26JUN20-180-C,185.49,77.27,0.265,211.0,0.277,220.0,81.43,0.55546,-0.09442,0.47282,0.00313,0.66015
190.65,ETH-27MAR20,1573556341051,open,0.33,0.0,0.288,0.362,0.327605,77.66,None,0.0,ETH-27MAR20-140-C,185.49,58.44,0.298,22.0,0.355,22.0,93.86,0.31267,-0.08935,0.34443,0.00298,0.8129
187.8,ETH-27DEC19,1573556341132,open,0.01,1578.0,0.001,0.022,0.009366,85.16,0.011,0.0,ETH-27DEC19-300-C,185.49,82.38,0.008,320.0,0.01,160.0,86.38,0.09595,-0.09105,0.01583,0.0026,0.07791
187.8,ETH-27DEC19,1573556341192,open,0.37,2.0,0.344,0.389,0.366605,81.17,0.346,0.0,ETH-27DEC19-120-C,185.49,0.0,0.361,70.0,0.382,19.0,114.34,0.06026,-0.05449,0.1363,0.00171,0.95692
192.31,SYN.ETH-26JUN20,1573556341229,open,0.97,0.0,0.878,1.06,0.969909,90.46,None,0.0,ETH-26JUN20-360-P,185.49,0.0,0.0,0.0,0.997,1.0,100.04,0.52771,-0.10521,-1.99536,0.00254,-0.69932
192.31,SYN.ETH-26JUN20,1573556341242,open,0.62,0.0,0.529,0.693,0.613929,90.46,None,0.0,ETH-26JUN20-280-P,185.49,34.21,0.468,1.0,0.884,10.0,178.75,0.59619,-0.11886,-1.41229,0.00287,-0.56753
186.36,SYN.ETH-29NOV19,1573556341490,open,0.19,0.0,0.152,0.232,0.189727,66.03,None,0.0,ETH-29NOV19-220-P,185.49,0.0,0.18,50.0,0.542,1.0,500.0,0.08751,-0.17121,-0.09078,0.00825,-0.86386
190.65,ETH-27MAR20,1573556341556,open,0.17,1332.0,0.12,0.21,0.168231,77.63,0.165,0.0,ETH-27MAR20-200-C,185.49,73.8,0.159,300.0,0.19,35.0,86.68,0.4598,-0.13135,0.27377,0.00438,0.55398
187.8,ETH-27DEC19,1573556341556,open,0.3,2287.0,0.256,0.35,0.302714,71.78,0.302,0.0,ETH-27DEC19-240-P,185.49,23.81,0.278,11.0,0.342,11.0,106.35,0.18327,-0.14658,-0.25506,0.00589,-0.80195
190.65,ETH-27MAR20,1573556341573,open,0.22,749.0,0.162,0.269,0.217273,77.63,0.219,0.0,ETH-27MAR20-200-P,185.49,70.48,0.2,300.0,0.221,5.0,79.17,0.4598,-0.13135,-0.47075,0.00438,-0.44602
186.36,SYN.ETH-29NOV19,1573556341593,open,0.07,4035.0,0.045,0.107,0.068813,59.24,0.075,0.0,ETH-29NOV19-180-C,185.49,53.28,0.064,440.0,0.072,120.0,63.16,0.15108,-0.26515,0.0485,0.01588,0.63166
9155.76,SYN.BTC-26JUN20,1573556341869,open,0.1,156.0,0.0635,0.138,0.10051017,72.07,0.0995,0.0,BTC-26JUN20-7000-P,8734.5,71.22,0.0985,2.0,0.102,5.0,72.7,21.62973,-3.43563,-18.5048,6e-05,-0.22465
185.64,SYN.ETH-15NOV19,1573556342106,open,0.0,267.0,0.001,0.011,0.000318,105.0,0.002,0.0,ETH-15NOV19-150-P,185.49,0.0,0.0,0.0,0.001,1.0,124.15,0.00432,-0.05907,-0.00015,0.00151,-0.0098
185.64,SYN.ETH-15NOV19,1573556342106,open,0.13,1.0,0.099,0.168,0.132189,76.02,0.158,0.0,ETH-15NOV19-210-P,185.49,0.0,0.131,49.0,0.147,11.0,158.9,0.01316,-0.17392,-0.01603,0.00637,-0.96357
185.64,SYN.ETH-15NOV19,1573556342106,open,0.0,349.0,0.001,0.015,0.002854,65.49,0.002,0.0,ETH-15NOV19-200-C,185.49,59.78,0.002,2.0,0.004,201.0,72.07,0.02999,-0.34154,0.0015,0.01687,0.10514
185.64,SYN.ETH-15NOV19,1573556342106,open,0.0,1005.0,0.001,0.015,0.002996,76.59,0.003,0.0,ETH-15NOV19-170-P,185.49,69.17,0.002,57.0,0.004,603.0,83.01,0.0272,-0.36224,-0.00139,0.01308,-0.09202
185.64,SYN.ETH-15NOV19,1573556342106,open,0.25,0.0,0.223,0.268,0.245872,105.0,None,0.0,ETH-15NOV19-140-C,185.49,0.0,0.0,0.0,0.263,1.0,300.44,0.00058,-0.01065,0.01101,0.0002,0.99894
185.64,SYN.ETH-15NOV19,1573556342106,open,0.04,618.0,0.012,0.067,0.038583,56.8,0.041,0.0,ETH-15NOV19-180-C,185.49,47.53,0.036,21.0,0.04,40.0,61.62,0.05367,-0.52995,0.01023,0.0348,0.73794
185.64,SYN.ETH-15NOV19,1573556342106,open,0.01,184.0,0.001,0.029,0.008212,56.8,0.009,0.0,ETH-15NOV19-180-P,185.49,48.91,0.006,1.0,0.011,160.0,66.19,0.05367,-0.52995,-0.00395,0.0348,-0.26206
185.64,SYN.ETH-15NOV19,1573556342106,open,0.08,247.0,0.047,0.114,0.08022,65.49,0.076,0.0,ETH-15NOV19-200-P,185.49,46.93,0.078,40.0,0.086,40.0,93.31,0.02999,-0.34154,-0.01426,0.01687,-0.89486
185.64,SYN.ETH-15NOV19,1573556342106,open,0.0,900.0,0.001,0.011,2.8e-05,105.0,0.001,0.0,ETH-15NOV19-140-P,185.49,0.0,0.0,0.0,0.001,1.0,158.01,0.00058,-0.0052,-2e-05,0.0002,-0.00106
185.64,SYN.ETH-15NOV19,1573556342108,open,0.14,1.0,0.112,0.167,0.13965,99.25,0.169,0.0,ETH-15NOV19-160-C,185.49,0.0,0.138,49.0,0.155,14.0,192.94,0.01469,-0.25356,0.01197,0.00545,0.95828
185.64,SYN.ETH-15NOV19,1573556342108,open,0.19,0.0,0.167,0.216,0.192294,105.0,None,0.0,ETH-15NOV19-150-C,185.49,0.0,0.0,0.0,0.21,1.0,250.95,0.00432,-0.0788,0.01167,0.00151,0.9902
185.64,SYN.ETH-15NOV19,1573556342108,open,0.24,0.0,0.203,0.279,0.23935,104.97,None,0.0,ETH-15NOV19-230-P,185.49,0.0,0.0,0.0,0.275,1.0,303.1,0.00519,-0.09474,-0.01795,0.00182,-0.98788
185.64,SYN.ETH-15NOV19,1573556342108,open,0.03,324.0,0.009,0.065,0.033873,55.73,0.036,0.0,ETH-15NOV19-190-P,185.49,46.58,0.031,40.0,0.037,21.0,65.32,0.05954,-0.57698,-0.01032,0.03935,-0.67176
185.64,SYN.ETH-15NOV19,1573556342108,open,0.09,80.0,0.057,0.115,0.087235,76.59,0.091,0.0,ETH-15NOV19-170-C,185.49,0.0,0.084,30.0,0.088,40.0,81.55,0.0272,-0.36224,0.012,0.01308,0.90798
185.64,SYN.ETH-15NOV19,1573556342108,open,0.0,846.0,0.001,0.011,0.000462,88.43,0.002,0.0,ETH-15NOV19-220-C,185.49,0.0,0.0,0.0,0.001,1.0,99.49,0.00688,-0.08583,0.00024,0.00287,0.01681
185.64,SYN.ETH-15NOV19,1573556342108,open,0.0,132.0,0.001,0.011,0.00038,104.97,0.001,0.0,ETH-15NOV19-230-C,185.49,0.0,0.0,0.0,0.001,1.0,120.49,0.00519,-0.07045,0.00017,0.00182,0.01212
185.64,SYN.ETH-15NOV19,1573556342108,open,0.0,820.0,0.001,0.011,0.000956,76.02,0.001,0.0,ETH-15NOV19-210-C,185.49,0.0,0.0,0.0,0.002,200.0,87.73,0.01316,-0.17392,0.00052,0.00637,0.03643
185.64,SYN.ETH-15NOV19,1573556342108,open,0.0,319.0,0.001,0.011,0.001543,99.25,0.002,0.0,ETH-15NOV19-160-P,185.49,91.55,0.001,13.0,0.002,3.0,104.62,0.01469,-0.25356,-0.00063,0.00545,-0.04172
185.64,SYN.ETH-15NOV19,1573556342108,open,0.18,0.0,0.151,0.223,0.185564,88.42,None,0.0,ETH-15NOV19-220-P,185.49,0.0,0.001,1.0,0.216,1.0,250.53,0.00688,-0.1058,-0.01709,0.00287,-0.98319
186.0,SYN.ETH-22NOV19,1573556342248,open,0.03,169.0,0.009,0.054,0.027214,55.77,0.025,0.0,ETH-22NOV19-190-C,185.49,47.65,0.022,120.0,0.029,1.0,58.54,0.11996,-0.33874,0.02008,0.02298,0.42616
186.0,SYN.ETH-22NOV19,1573556342248,open,0.01,405.0,0.002,0.032,0.011854,56.27,0.011,0.0,ETH-22NOV19-200-C,185.49,50.35,0.009,161.0,0.015,160.0,62.37,0.09296,-0.26482,0.01099,0.01765,0.23028
186.0,SYN.ETH-22NOV19,1573556342248,open,0.0,35.0,0.001,0.011,0.001948,72.25,0.004,0.0,ETH-22NOV19-230-C,185.49,64.53,0.001,21.0,0.003,202.0,78.51,0.02746,-0.10046,0.00202,0.00406,0.04206
186.0,SYN.ETH-22NOV19,1573556342248,open,0.1,90.0,0.065,0.123,0.095169,59.71,0.093,0.0,ETH-22NOV19-170-C,185.49,45.46,0.09,41.0,0.097,40.0,64.03,0.07664,-0.23169,0.03711,0.01371,0.83267
186.0,SYN.ETH-22NOV19,1573556342248,open,0.0,17.0,0.001,0.012,0.002641,63.75,0.01,0.0,ETH-22NOV19-220-C,185.49,53.19,0.001,201.0,0.004,200.0,69.88,0.03679,-0.11875,0.00292,0.00617,0.06073
186.0,SYN.ETH-22NOV19,1573556342248,open,0.02,18.0,0.006,0.049,0.022145,55.77,0.02,0.0,ETH-22NOV19-180-P,185.49,50.54,0.019,160.0,0.023,1.0,57.19,0.11253,-0.31776,-0.0184,0.02155,-0.34341
186.0,SYN.ETH-22NOV19,1573556342248,open,0.2,0.0,0.17,0.221,0.196049,79.88,None,0.0,ETH-22NOV19-150-C,185.49,0.0,0.193,1.0,0.395,1.0,500.0,0.02864,-0.11583,0.03823,0.00383,0.95569
186.0,SYN.ETH-22NOV19,1573556342248,open,0.01,3.0,0.001,0.025,0.009156,59.71,0.007,0.0,ETH-22NOV19-170-P,185.49,54.26,0.007,160.0,0.011,180.0,64.06,0.07664,-0.23169,-0.00888,0.01371,-0.16733
186.0,SYN.ETH-22NOV19,1573556342248,open,0.06,50.0,0.028,0.084,0.054394,55.77,0.06,0.0,ETH-22NOV19-180-C,185.49,46.75,0.049,120.0,0.057,120.0,60.06,0.11253,-0.31776,0.03031,0.02155,0.65659
186.0,SYN.ETH-22NOV19,1573556342248,open,0.01,104.0,0.001,0.016,0.005028,70.95,0.008,0.0,ETH-22NOV19-160-P,185.49,66.87,0.004,2.0,0.006,619.0,74.49,0.04917,-0.17665,-0.00472,0.0074,-0.08876
186.0,SYN.ETH-22NOV19,1573556342248,open,0.0,32.0,0.001,0.012,0.002508,79.88,0.002,0.0,ETH-22NOV19-150-P,185.49,76.38,0.002,3.0,0.003,4.0,82.92,0.02864,-0.11583,-0.00236,0.00383,-0.04431
186.0,SYN.ETH-22NOV19,1573556342248,open,0.05,1.0,0.023,0.082,0.048728,55.77,0.04,0.0,ETH-22NOV19-190-P,185.49,49.98,0.045,120.0,0.053,10.0,62.38,0.11996,-0.33874,-0.03133,0.02298,-0.57384
186.0,SYN.ETH-22NOV19,1573556342250,open,0.01,137.0,0.001,0.018,0.005628,60.3,0.011,0.0,ETH-22NOV19-210-C,185.49,55.0,0.004,2.0,0.007,200.0,64.28,0.06127,-0.18708,0.00577,0.01086,0.1202
186.0,SYN.ETH-22NOV19,1573556342250,open,0.09,80.0,0.055,0.124,0.087132,56.27,0.085,0.0,ETH-22NOV19-200-P,185.49,51.89,0.085,40.0,0.092,10.0,65.59,0.09296,-0.26482,-0.04312,0.01765,-0.76972
186.0,SYN.ETH-22NOV19,1573556342250,open,0.0,86.0,0.001,0.011,0.00146,79.67,0.004,0.0,ETH-22NOV19-240-C,185.49,75.08,0.001,20.0,0.002,204.0,84.03,0.02087,-0.08417,0.00144,0.0028,0.03009
186.0,SYN.ETH-22NOV19,1573556342250,open,0.24,0.0,0.201,0.278,0.238518,72.25,None,0.0,ETH-22NOV19-230-P,185.49,0.0,0.001,5.0,0.421,1.0,400.15,0.02746,-0.10046,-0.06021,0.00406,-0.95794
186.0,SYN.ETH-22NOV19,1573556342250,open,0.29,0.0,0.253,0.333,0.291794,79.67,None,0.0,ETH-22NOV19-240-P,185.49,0.0,0.0,0.0,0.527,1.0,500.0,0.02087,-0.08417,-0.0635,0.0028,-0.96991
186.0,SYN.ETH-22NOV19,1573556342250,open,0.18,0.0,0.15,0.223,0.185447,63.75,None,0.0,ETH-22NOV19-220-P,185.49,0.0,0.001,5.0,0.349,1.0,350.34,0.03679,-0.11875,-0.0566,0.00617,-0.93927
8739.95,SYN.BTC-15NOV19,1573556342349,open,0.09,0.5,0.0665,0.107,0.08667547,69.57,0.096,0.0,BTC-15NOV19-8000-C,8734.5,57.69,0.0855,4.1,0.0885,0.1,82.33,1.06078,-12.83191,0.57954,0.00025,0.92832
8739.95,SYN.BTC-15NOV19,1573556342361,open,0.09,17.5,0.066,0.1135,0.08880141,63.75,0.098,0.0,BTC-15NOV19-9500-P,8734.5,0.0,0.0865,0.1,0.0895,4.1,68.94,1.08909,-12.07247,-0.69865,0.00028,-0.92581
8739.95,SYN.BTC-15NOV19,1573556342372,open,0.12,0.0,0.0955,0.134,0.11434439,77.86,None,0.0,BTC-15NOV19-7750-C,8734.5,60.91,0.1135,4.1,0.1165,0.1,98.85,0.64161,-8.68585,0.58366,0.00014,0.96197
8739.95,SYN.BTC-15NOV19,1573556342521,open,0.06,39.6,0.038,0.0805,0.05918944,57.12,0.0735,0.0,BTC-15NOV19-8250-C,8734.5,53.08,0.0585,4.0,0.0615,0.1,68.6,1.57324,-15.62401,0.56357,0.00046,0.87764
8739.95,SYN.BTC-15NOV19,1573556342544,open,0.02,72.0,0.0035,0.0405,0.0171463,50.01,0.0205,0.0,BTC-15NOV19-8750-C,8734.5,45.35,0.0155,12.0,0.018,1.9,52.41,3.09486,-26.90954,0.33147,0.00103,0.49853
8753.24,SYN.BTC-22NOV19,1573556342546,open,0.09,0.8,0.07,0.124,0.09387992,53.19,0.0625,0.0,BTC-22NOV19-9500-P,8734.5,44.9,0.0905,4.0,0.095,2.0,55.69,3.8588,-10.39165,-2.14968,0.00035,-0.8138
8819.76,BTC-27DEC19,1573556342876,open,4.88,0.8,4.7805,5.016,4.89587213,133.66,3.59,0.0,BTC-27DEC19-52000-P,8734.49,0.0,0.001,1.0,0.0,0.0,0.0,0.02252,-0.03354,-63.93064,0.0,-0.99981
8998.76,BTC-27MAR20,1573556342878,open,0.29,10.5,0.251,0.319,0.28621156,70.06,0.281,0.0,BTC-27MAR20-7000-C,8734.49,69.09,0.2845,2.0,0.288,8.0,71.07,15.8884,-4.09621,16.82715,8e-05,0.78853
8766.55,SYN.BTC-29NOV19,1573556342875,open,0.03,326.9,0.0185,0.065,0.03281472,55.01,0.031,0.0,BTC-29NOV19-8500-P,8734.49,52.78,0.031,15.0,0.034,2.1,56.47,7.14435,-11.64482,-1.65059,0.00037,-0.37442
8766.55,SYN.BTC-29NOV19,1573556342876,open,0.0,1094.2,0.0005,0.0115,0.00180922,90.0,0.0015,0.0,BTC-29NOV19-13000-C,8734.49,87.49,0.0015,5.0,0.0025,44.0,94.75,1.14711,-3.05881,0.09901,4e-05,0.02624
8766.55,SYN.BTC-29NOV19,1573556342876,open,0.02,322.3,0.0085,0.046,0.02023909,57.86,0.02,0.0,BTC-29NOV19-9500-C,8734.49,56.83,0.0195,0.2,0.021,5.0,58.91,6.3424,-10.8723,1.05177,0.00031,0.27973
8739.96,SYN.BTC-15NOV19,1573556342875,open,0.02,311.3,0.004,0.043,0.01829608,50.01,0.0155,0.0,BTC-15NOV19-8750-P,8734.49,42.11,0.0155,18.4,0.017,3.4,46.34,3.09486,-26.90816,-0.3579,0.00103,-0.50146
8766.55,SYN.BTC-29NOV19,1573556342879,open,0.04,376.5,0.021,0.0675,0.0356482,55.01,0.0355,0.0,BTC-29NOV19-9000-C,8734.49,53.65,0.0345,22.5,0.038,2.0,57.79,7.42081,-12.09501,1.61964,0.00038,0.43524
8753.26,SYN.BTC-22NOV19,1573556342876,open,0.12,0.0,0.0985,0.1405,0.11846829,56.34,None,0.0,BTC-22NOV19-7750-C,8734.49,52.37,0.1175,4.0,0.122,4.0,68.01,2.27812,-6.49773,1.88193,0.0002,0.91309
8753.26,SYN.BTC-22NOV19,1573556342876,open,0.01,155.2,0.004,0.0365,0.01359882,51.7,0.0155,0.0,BTC-22NOV19-9250-C,8734.49,49.67,0.0125,27.0,0.015,7.0,54.24,4.77904,-12.51014,0.6122,0.00045,0.27209
8753.26,SYN.BTC-22NOV19,1573556342875,open,0.07,58.5,0.048,0.1015,0.07034987,51.71,0.074,0.0,BTC-22NOV19-9250-P,8734.49,44.41,0.0665,4.0,0.0715,6.0,53.8,4.77916,-12.51123,-1.89052,0.00045,-0.7279
8819.76,BTC-27DEC19,1573556342909,open,0.18,282.5,0.15,0.202,0.17680102,62.78,0.18,0.0,BTC-27DEC19-7500-C,8734.49,59.88,0.174,2.0,0.1785,2.0,64.5,8.62295,-6.03154,6.77228,0.00014,0.80134
186.0,SYN.ETH-22NOV19,1573556343015,open,0.25,0.0,0.225,0.271,0.248306,85.78,None,0.0,ETH-22NOV19-140-C,185.49,0.0,0.0,0.0,0.0,0.0,0.0,0.01391,-0.06043,0.03689,0.00173,0.98142
186.0,SYN.ETH-22NOV19,1573556343015,open,0.0,3.0,0.001,0.011,0.001001,85.78,0.001,0.0,ETH-22NOV19-140-P,185.49,0.0,0.0,0.0,0.002,1.0,96.39,0.01391,-0.06043,-0.00099,0.00173,-0.01858
8739.96,SYN.BTC-15NOV19,1573555572360,open,0.0,0.1,0.0005,0.0105,1.8e-07,100.0,0.0015,0.0,BTC-15NOV19-6000-P,8734.49,0.0,0.0,0.0,0.0015,35.0,216.29,0.00032,-0.00156,-1e-05,0.0,-1e-05
8739.96,SYN.BTC-15NOV19,1573555572327,open,0.0,0.1,0.0005,0.0105,1.4e-06,100.0,0.002,0.0,BTC-15NOV19-6250-P,8734.49,0.0,0.0,0.0,0.0015,35.0,195.8,0.00208,-0.01226,-5e-05,0.0,-7e-05
8739.96,SYN.BTC-15NOV19,1573555572318,open,0.0,0.2,0.0005,0.0105,2e-08,100.0,0.0005,0.0,BTC-15NOV19-5750-P,8734.49,0.0,0.0,0.0,0.0015,35.0,237.5,4e-05,-0.00015,0.0,0.0,0.0
8739.96,SYN.BTC-15NOV19,1573555962798,open,0.0,222.9,0.0005,0.0105,0.00092853,93.28,0.0005,0.0,BTC-15NOV19-10250-C,8734.49,84.74,0.0005,20.5,0.0015,40.5,101.45,0.52525,-8.11485,0.0199,9e-05,0.02982
9155.79,SYN.BTC-26JUN20,1573556235976,open,0.03,40.2,0.01,0.063,0.03173479,87.53,0.0375,0.0,BTC-26JUN20-26000-C,8734.49,86.1,0.0295,3.0,0.0345,23.5,89.24,14.57,-2.81069,5.11087,3e-05,0.12154
9155.79,SYN.BTC-26JUN20,1573554545658,open,0.04,10.5,0.0125,0.0695,0.03639775,85.73,0.04,0.0,BTC-26JUN20-24000-C,8734.49,83.73,0.033,32.0,0.0395,23.0,87.48,15.93693,-3.0111,5.80178,4e-05,0.13834
9155.79,SYN.BTC-26JUN20,1573556304981,open,0.23,40.5,0.1805,0.2755,0.23037961,72.07,0.231,0.0,BTC-26JUN20-9000-C,8734.49,71.78,0.2295,16.2,0.2335,5.0,73.12,27.40947,-4.35366,22.36462,7e-05,0.62336
9155.79,SYN.BTC-26JUN20,1573549948659,open,0.03,4.3,0.0085,0.0575,0.02766435,88.97,0.039,0.0,BTC-26JUN20-28000-C,8734.49,87.09,0.025,34.0,0.0305,4.0,90.87,13.30228,-2.6083,4.51275,3e-05,0.10696
9155.79,SYN.BTC-26JUN20,1573551603196,open,0.01,69.9,0.0005,0.015,0.00527036,79.74,0.005,0.0,BTC-26JUN20-3000-P,8734.49,75.87,0.004,3.1,0.0065,23.0,83.0,3.2479,-0.57077,-1.34408,1e-05,-0.01835
9155.79,SYN.BTC-26JUN20,1573555546669,open,0.03,183.2,0.014,0.0515,0.03089681,72.71,0.026,0.0,BTC-26JUN20-5000-P,8734.49,70.4,0.028,23.0,0.0335,32.0,74.71,11.70312,-1.87524,-6.86916,3e-05,-0.0898
8819.75,BTC-27DEC19,1573556201645,open,0.01,970.2,0.0005,0.018,0.00667144,78.59,0.006,0.0,BTC-27DEC19-14000-C,8734.49,76.98,0.006,16.0,0.0075,38.0,80.47,3.77536,-3.30599,0.599,5e-05,0.06191
8819.75,BTC-27DEC19,1573556190643,open,0.02,1005.4,0.0085,0.0445,0.02439234,67.04,0.0235,0.0,BTC-27DEC19-11000-C,8734.49,66.14,0.0235,4.6,0.0255,50.8,68.14,8.79863,-6.57189,1.96353,0.00014,0.20547
8819.75,BTC-27DEC19,1573555572338,open,0.0,106.3,0.0005,0.0105,4.1e-07,100.0,0.0005,0.0,BTC-27DEC19-2000-P,8734.49,0.0,0.0,0.0,0.001,31.0,182.21,0.00075,-0.00083,-6e-05,0.0,-1e-05
8819.75,BTC-27DEC19,1573555572283,open,0.0,604.5,0.0005,0.0105,7.34e-06,100.0,0.0005,0.0,BTC-27DEC19-2500-P,8734.49,0.0,0.0,0.0,0.001,180.0,155.6,0.01008,-0.01124,-0.00096,0.0,-8e-05
8819.75,BTC-27DEC19,1573555572292,open,0.0,868.9,0.0005,0.0105,5.892e-05,100.0,0.0005,0.0,BTC-27DEC19-3000-P,8734.49,0.0,0.0,0.0,0.001,39.3,134.09,0.06259,-0.06973,-0.00688,0.0,-0.00058
8819.75,BTC-27DEC19,1573556226488,open,0.04,835.5,0.0205,0.0675,0.04306188,64.15,0.0445,0.0,BTC-27DEC19-10000-C,8734.49,62.91,0.0415,7.5,0.045,52.5,65.68,11.17003,-7.98378,3.08805,0.00018,0.32784
8819.75,BTC-27DEC19,1573555572361,open,0.01,899.9,0.0005,0.015,0.00519525,83.43,0.005,0.0,BTC-27DEC19-15000-C,8734.49,81.34,0.0045,3.0,0.006,75.0,85.65,3.06351,-2.84759,0.45918,4e-05,0.04754
8819.75,BTC-27DEC19,1573555572309,open,0.0,349.0,0.0005,0.0105,1e-07,100.0,0.0005,0.0,BTC-27DEC19-48000-C,8734.49,0.0,0.0,0.0,0.001,53.0,172.02,0.00024,-0.00027,2e-05,0.0,0.0
8819.75,BTC-27DEC19,1573555572379,open,0.0,475.3,0.0005,0.0135,0.0039557,87.12,0.004,0.0,BTC-27DEC19-16000-C,8734.49,83.38,0.003,46.0,0.005,68.0,90.6,2.45437,-2.3823,0.34922,3e-05,0.03616
8819.76,BTC-27DEC19,1573555572417,open,0.0,410.1,0.0005,0.014,0.00426014,80.28,0.004,0.0,BTC-27DEC19-5500-P,8734.49,77.28,0.0035,35.0,0.005,38.0,82.92,2.36166,-2.11244,-0.42032,3e-05,-0.0345
8819.75,BTC-27DEC19,1573555572451,open,0.0,695.7,0.0005,0.0105,4.75e-06,100.0,0.0005,0.0,BTC-27DEC19-36000-C,8734.49,0.0,0.0,0.0,0.001,40.0,147.35,0.00787,-0.00877,0.00063,0.0,6e-05
8819.75,BTC-27DEC19,1573556087114,open,0.01,1249.6,0.0005,0.016,0.00629681,73.58,0.0075,0.0,BTC-27DEC19-6000-P,8734.49,71.38,0.0055,40.0,0.007,16.0,75.41,3.31011,-2.71375,-0.63635,5e-05,-0.05239
8819.75,BTC-27DEC19,1573556250343,open,0.02,313.6,0.0055,0.032,0.0164779,65.1,0.017,0.0,BTC-27DEC19-7000-P,8734.49,63.76,0.0155,30.0,0.0175,18.0,66.46,6.54127,-4.74447,-1.58809,0.00011,-0.12998
8998.76,BTC-27MAR20,1573555182087,open,0.01,47.6,0.0005,0.026,0.00970297,95.52,0.009,0.0,BTC-27MAR20-28000-C,8734.49,92.6,0.008,39.0,0.0115,14.0,98.28,5.55631,-1.953,1.31062,2e-05,0.04883
8819.75,BTC-27DEC19,1573555572273,open,0.0,447.1,0.0005,0.0105,1.891e-05,100.0,0.0005,0.0,BTC-27DEC19-32000-C,8734.49,0.0,0.0,0.0,0.001,31.0,136.98,0.02698,-0.03006,0.00232,0.0,0.00023
8819.76,BTC-27DEC19,1573556282817,open,0.04,949.8,0.022,0.068,0.04389861,61.75,0.045,0.0,BTC-27DEC19-8000-P,8734.49,60.16,0.042,29.4,0.0455,14.8,63.09,10.55411,-7.26171,-3.60064,0.00018,-0.28815
8998.76,BTC-27MAR20,1573555564437,open,0.03,1520.8,0.013,0.063,0.03464537,78.25,0.0365,0.0,BTC-27MAR20-16000-C,8734.49,77.49,0.0335,32.7,0.036,0.2,79.13,13.72683,-3.95248,4.42822,6e-05,0.16683
8998.76,BTC-27MAR20,1573555182363,open,0.01,113.7,0.0015,0.0285,0.01119619,93.03,0.01,0.0,BTC-27MAR20-26000-C,8734.49,90.46,0.0095,39.0,0.013,19.0,95.52,6.2333,-2.13394,1.51554,2e-05,0.05644
8998.76,BTC-27MAR20,1573556273863,open,0.05,354.2,0.024,0.087,0.0533777,76.85,0.0525,0.0,BTC-27MAR20-14000-C,8734.49,76.39,0.0525,9.8,0.055,29.4,77.71,17.04659,-4.82089,6.23294,7e-05,0.23944
8998.75,BTC-27MAR20,1573550460688,open,0.0,109.8,0.0005,0.0155,0.00466411,100.0,0.0055,0.0,BTC-27MAR20-36000-C,8734.49,100.93,0.005,2.5,0.007,25.0,105.77,3.1631,-1.16397,0.66701,1e-05,0.02458
8998.76,BTC-27MAR20,1573549948269,open,0.01,57.8,0.0005,0.0205,0.00696499,98.72,0.0075,0.0,BTC-27MAR20-32000-C,8734.49,95.41,0.0055,40.0,0.0085,5.0,101.73,4.29517,-1.56033,0.95693,1e-05,0.03553
8998.76,BTC-27MAR20,1573556216860,open,0.03,489.5,0.0145,0.054,0.03215207,70.5,0.033,0.0,BTC-27MAR20-6000-P,8734.49,69.16,0.0305,24.0,0.0335,0.1,71.57,11.21052,-2.90819,-5.21594,5e-05,-0.12355
8998.75,BTC-27MAR20,1573555182376,open,0.01,148.3,0.003,0.0325,0.01328859,90.53,0.012,0.0,BTC-27MAR20-24000-C,8734.49,88.18,0.0115,39.0,0.0155,34.0,93.21,7.11394,-2.36999,1.79398,3e-05,0.06684
8998.76,BTC-27MAR20,1573555182023,open,0.01,1259.8,0.0005,0.0155,0.00577626,78.39,0.004,0.0,BTC-27MAR20-4000-P,8734.49,74.75,0.0045,26.0,0.007,40.0,81.49,3.37347,-0.97317,-1.08255,1e-05,-0.02654
8998.76,BTC-27MAR20,1573549948785,open,0.01,85.8,0.0005,0.0185,0.00593134,100.0,0.0065,0.0,BTC-27MAR20-34000-C,8734.49,97.66,0.005,40.0,0.0075,5.0,103.45,3.78658,-1.3934,0.82278,1e-05,0.03049
8998.76,BTC-27MAR20,1573549948348,open,0.01,117.2,0.0005,0.0235,0.00843985,97.67,0.0085,0.0,BTC-27MAR20-30000-C,8734.49,93.86,0.0065,39.0,0.0105,34.0,101.15,4.96722,-1.78525,1.14012,2e-05,0.04247
8766.55,SYN.BTC-29NOV19,1573555182356,open,0.0,155.6,0.0005,0.012,0.00213914,84.87,0.004,0.0,BTC-29NOV19-12500-C,8734.49,80.26,0.0015,20.0,0.003,62.0,89.89,1.35109,-3.39735,0.12082,4e-05,0.03195
8998.76,BTC-27MAR20,1573549948380,open,0.0,618.2,0.0005,0.0125,0.00293754,100.0,0.0045,0.0,BTC-27MAR20-40000-C,8734.49,102.14,0.0035,43.1,0.005,1.0,106.88,2.21871,-0.81645,0.44357,1e-05,0.01618
8766.55,SYN.BTC-29NOV19,1573555313861,open,0.01,293.2,0.0005,0.019,0.0071156,65.07,0.0065,0.0,BTC-29NOV19-10500-C,8734.49,63.53,0.0065,24.9,0.008,60.0,67.18,3.57456,-6.89146,0.4223,0.00015,0.1113
8766.55,SYN.BTC-29NOV19,1573555401744,open,0.0,1094.2,0.0005,0.0115,0.00180932,90.0,0.0015,0.0,BTC-29NOV19-13000-C,8734.49,87.49,0.0015,5.0,0.0025,44.0,94.75,1.14711,-3.05881,0.09901,4e-05,0.02624
8998.76,BTC-27MAR20,1573556234317,open,0.17,125.6,0.126,0.208,0.16891718,69.95,0.1695,0.0,BTC-27MAR20-9000-C,8734.49,69.35,0.1675,13.1,0.17,6.0,70.4,21.41212,-5.51133,13.91698,0.0001,0.58436
8998.76,BTC-27MAR20,1573555799103,open,0.02,198.2,0.0055,0.0295,0.01531707,74.41,0.015,0.0,BTC-27MAR20-5000-P,8734.49,71.97,0.0135,6.1,0.017,27.0,76.56,6.88501,-1.88522,-2.65978,3e-05,-0.06408
8766.55,SYN.BTC-29NOV19,1573555270085,open,0.01,314.6,0.0005,0.021,0.00744891,62.28,0.008,0.0,BTC-29NOV19-7500-P,8734.49,59.85,0.0065,20.0,0.0085,40.0,64.83,3.52009,-6.49561,-0.47178,0.00016,-0.10895
8766.55,SYN.BTC-29NOV19,1573555424510,open,0.0,408.4,0.0005,0.0105,0.00056464,100.0,0.0015,0.0,BTC-29NOV19-15000-C,8734.49,98.63,0.0005,77.0,0.0015,45.0,113.02,0.43196,-1.27981,0.03182,1e-05,0.00841
8766.55,SYN.BTC-29NOV19,1573555182033,open,0.0,435.2,0.0005,0.011,0.00133992,88.31,0.001,0.0,BTC-29NOV19-6000-P,8734.49,84.44,0.001,5.0,0.002,44.0,94.34,0.84328,-2.20637,-0.07929,3e-05,-0.01822
192.31,SYN.ETH-26JUN20,1573545600027,open,0.01,184.0,0.001,0.016,0.006998,87.67,0.007,0.0,ETH-26JUN20-60-P,185.49,75.26,0.003,200.0,0.011,247.0,96.49,0.07693,-0.01486,-0.03363,0.00038,-0.02114
192.31,SYN.ETH-26JUN20,1573555806574,open,0.1,120.0,0.062,0.138,0.100166,78.63,0.114,0.0,ETH-26JUN20-140-P,185.49,75.88,0.094,165.0,0.1,200.0,78.56,0.43143,-0.07477,-0.3654,0.00239,-0.20551
8766.55,SYN.BTC-29NOV19,1573555182358,open,0.0,230.3,0.0005,0.011,0.00101045,95.58,0.001,0.0,BTC-29NOV19-14000-C,8734.49,87.65,0.0005,49.5,0.0015,21.4,100.87,0.70629,-2.0001,0.05595,2e-05,0.01482
187.8,ETH-27DEC19,1573555680174,open,0.0,6668.0,0.001,0.011,0.000999,105.0,0.003,0.0,ETH-27DEC19-480-C,185.49,105.02,0.001,360.0,0.004,581.0,125.15,0.01604,-0.01876,0.00185,0.00035,0.00902
187.8,ETH-27DEC19,1573556105660,open,0.0,10059.0,0.001,0.013,0.003812,104.66,0.004,0.0,ETH-27DEC19-400-C,185.49,95.5,0.002,2900.0,0.005,160.0,109.18,0.04514,-0.05264,0.00611,0.00099,0.03027
186.0,SYN.ETH-22NOV19,1573555186652,open,0.01,104.0,0.001,0.016,0.005028,70.95,0.008,0.0,ETH-22NOV19-160-P,185.49,66.87,0.004,2.0,0.006,619.0,74.49,0.04917,-0.17665,-0.00472,0.0074,-0.08876
192.31,SYN.ETH-26JUN20,1573555676869,open,0.07,24.0,0.027,0.102,0.062902,90.47,0.076,0.0,ETH-26JUN20-440-C,185.49,88.29,0.058,140.0,0.067,437.0,92.25,0.43793,-0.08732,0.17677,0.00211,0.21078
185.64,SYN.ETH-15NOV19,1573555186714,open,0.0,1005.0,0.001,0.015,0.002996,76.59,0.003,0.0,ETH-15NOV19-170-P,185.49,69.17,0.002,57.0,0.004,603.0,83.01,0.0272,-0.36224,-0.00139,0.01308,-0.09202
187.8,ETH-27DEC19,1573545600011,open,0.0,4534.0,0.001,0.011,1.3e-05,105.0,0.002,0.0,ETH-27DEC19-760-C,185.49,0.0,0.0,0.0,0.002,401.0,157.89,0.00038,-0.00045,3e-05,1e-05,0.00015
190.65,ETH-27MAR20,1573556289587,open,0.06,354.0,0.033,0.092,0.061935,77.66,0.067,0.0,ETH-27MAR20-140-P,185.49,73.38,0.055,268.0,0.069,320.0,81.92,0.31267,-0.08935,-0.17674,0.00298,-0.1871
190.65,ETH-27MAR20,1573555676630,open,0.05,684.0,0.024,0.087,0.053985,84.48,0.055,0.0,ETH-27MAR20-320-C,185.49,81.73,0.049,260.0,0.059,287.0,87.16,0.35107,-0.10914,0.12316,0.00307,0.22752
190.65,ETH-27MAR20,1573555676601,open,0.08,1614.0,0.04,0.115,0.077504,82.86,0.083,0.0,ETH-27MAR20-280-C,185.49,81.22,0.074,260.0,0.081,272.0,84.49,0.40799,-0.1244,0.16211,0.00364,0.30592
190.65,ETH-27MAR20,1573555676409,open,0.14,268.0,0.088,0.175,0.134244,77.9,0.148,0.0,ETH-27MAR20-220-C,185.49,74.5,0.126,300.0,0.141,580.0,80.68,0.46312,-0.13275,0.24158,0.00439,0.47463
190.65,ETH-27MAR20,1573556218443,open,0.02,1451.0,0.006,0.045,0.022342,96.2,0.024,0.0,ETH-27MAR20-480-C,185.49,93.96,0.02,221.0,0.025,520.0,98.61,0.20466,-0.07245,0.05536,0.00157,0.10034
190.65,ETH-27MAR20,1573555675023,open,0.03,1180.0,0.015,0.056,0.03441,79.59,0.065,0.0,ETH-27MAR20-120-P,185.49,74.92,0.029,617.0,0.039,298.0,83.37,0.22692,-0.06646,-0.10662,0.00211,-0.11581
190.65,ETH-27MAR20,1573555680667,open,0.02,886.0,0.004,0.034,0.015004,99.17,0.028,0.0,ETH-27MAR20-560-C,185.49,95.25,0.012,564.0,0.018,220.0,102.65,0.15562,-0.05679,0.0388,0.00116,0.06967
192.31,SYN.ETH-26JUN20,1573556168702,open,0.13,238.0,0.071,0.173,0.123834,90.46,0.119,0.0,ETH-26JUN20-320-C,185.49,82.93,0.102,466.0,0.113,180.0,86.76,0.56747,-0.11314,0.28282,0.00273,0.36043
190.65,ETH-27MAR20,1573555676507,open,0.03,1080.0,0.012,0.062,0.033974,91.63,0.034,0.0,ETH-27MAR20-400-C,185.49,90.2,0.032,104.0,0.036,560.0,93.05,0.26852,-0.09054,0.08077,0.00217,0.14778
186.36,SYN.ETH-29NOV19,1573556106373,open,0.03,519.0,0.018,0.071,0.034692,59.24,0.035,0.0,ETH-29NOV19-180-P,185.49,55.91,0.032,160.0,0.038,518.0,63.31,0.15108,-0.26515,-0.03473,0.01588,-0.36834
187.8,ETH-27DEC19,1573555679384,open,0.0,1206.0,0.001,0.014,0.00448,95.34,0.008,0.0,ETH-27DEC19-360-C,185.49,89.53,0.003,880.0,0.006,2.0,100.17,0.05394,-0.05729,0.00764,0.0013,0.03758
190.65,ETH-27MAR20,1573555680663,open,0.03,964.0,0.008,0.051,0.025977,92.95,0.022,0.0,ETH-27MAR20-440-C,185.49,90.39,0.023,260.0,0.029,560.0,95.41,0.22827,-0.07808,0.06445,0.00182,0.11679
187.8,ETH-27DEC19,1573555679641,open,0.0,9372.0,0.001,0.011,0.000268,105.0,0.003,0.0,ETH-27DEC19-560-C,185.49,119.3,0.001,2000.0,0.003,626.0,135.86,0.00546,-0.00639,0.00056,0.00012,0.00269
186.36,SYN.ETH-29NOV19,1573555680160,open,0.0,1921.0,0.001,0.014,0.004436,74.53,0.008,0.0,ETH-29NOV19-240-C,185.49,68.84,0.003,663.0,0.006,200.0,79.7,0.05203,-0.11489,0.00539,0.00435,0.06702
186.36,SYN.ETH-29NOV19,1573555680350,open,0.01,2284.0,0.001,0.026,0.009208,66.03,0.011,0.0,ETH-29NOV19-220-C,185.49,61.07,0.007,538.0,0.011,200.0,69.71,0.08751,-0.17121,0.01094,0.00825,0.13614
190.65,ETH-27MAR20,1573555680662,open,0.04,578.0,0.016,0.071,0.040983,87.52,0.06,0.0,ETH-27MAR20-360-C,185.49,84.96,0.037,260.0,0.045,297.0,90.0,0.30296,-0.09756,0.09715,0.00256,0.17787
192.31,SYN.ETH-26JUN20,1573555676043,open,0.06,421.0,0.033,0.091,0.061585,78.78,0.061,0.0,ETH-26JUN20-120-P,185.49,76.18,0.057,394.0,0.066,210.0,81.25,0.34128,-0.05926,-0.24376,0.00188,-0.14234
186.36,SYN.ETH-29NOV19,1573556343538,open,0.46,1.0,0.447,0.479,0.463545,105.0,0.46,0.0,ETH-29NOV19-100-C,185.49,0.0,0.457,21.0,0.473,21.0,197.06,0.0026,-0.00809,0.04605,0.00015,0.99795
190.65,ETH-27MAR20,1573556343540,open,0.41,40.0,0.372,0.434,0.404984,79.59,0.459,0.0,ETH-27MAR20-120-C,185.49,56.74,0.382,22.0,0.427,22.0,96.75,0.22692,-0.06646,0.3401,0.00211,0.88419
187.8,ETH-27DEC19,1573556343886,open,0.03,6548.0,0.008,0.045,0.024759,71.78,0.029,0.0,ETH-27DEC19-240-C,185.49,69.96,0.023,320.0,0.027,128.0,74.05,0.18327,-0.14658,0.04001,0.00589,0.19805
192.31,SYN.ETH-26JUN20,1573556343886,open,0.04,108.0,0.015,0.075,0.041226,94.57,0.046,0.0,ETH-26JUN20-560-C,185.49,92.15,0.037,140.0,0.045,140.0,96.63,0.34463,-0.07183,0.12335,0.00159,0.14441
186.36,SYN.ETH-29NOV19,1573556343886,open,0.0,1921.0,0.001,0.014,0.004436,74.53,0.008,0.0,ETH-29NOV19-240-C,185.49,68.84,0.003,663.0,0.006,200.0,79.7,0.05203,-0.11489,0.00539,0.00435,0.06702
187.8,ETH-27DEC19,1573556343888,open,0.0,4534.0,0.001,0.011,1.3e-05,105.0,0.002,0.0,ETH-27DEC19-760-C,185.49,0.0,0.0,0.0,0.002,401.0,157.89,0.00038,-0.00045,3e-05,1e-05,0.00015
187.8,ETH-27DEC19,1573556343888,open,0.0,15674.0,0.001,0.011,7.6e-05,105.0,0.001,0.0,ETH-27DEC19-640-C,185.49,131.39,0.001,1003.0,0.002,49.0,141.87,0.00186,-0.00218,0.00017,4e-05,0.00083
187.8,ETH-27DEC19,1573556343891,open,2.83,0.0,2.723,2.952,2.833888,105.0,None,0.0,ETH-27DEC19-720-P,185.49,0.0,0.003,5.0,0.0,0.0,0.0,0.00065,-0.00076,-0.88516,1e-05,-0.99974
190.65,ETH-27MAR20,1573556343891,open,1.54,0.0,1.453,1.634,1.540045,96.2,None,0.0,ETH-27MAR20-480-P,185.49,0.0,0.003,10.0,0.0,0.0,0.0,0.20466,-0.07245,-1.7315,0.00157,-0.89965
190.65,ETH-27MAR20,1573556343891,open,0.11,1269.0,0.068,0.153,0.112839,80.55,0.117,0.0,ETH-27MAR20-240-C,185.49,77.67,0.106,300.0,0.12,10.0,83.56,0.4527,-0.13419,0.21226,0.00415,0.41191
187.8,ETH-27DEC19,1573556343891,open,0.01,2881.0,0.004,0.028,0.01351,72.66,0.012,0.0,ETH-27DEC19-140-P,185.49,70.16,0.012,520.0,0.015,21.0,75.03,0.11576,-0.09372,-0.02626,0.00367,-0.10023
190.65,ETH-27MAR20,1573556343893,open,0.01,5415.0,0.003,0.033,0.014489,103.1,0.012,0.0,ETH-27MAR20-600-C,185.49,99.74,0.012,315.0,0.017,220.0,106.17,0.14884,-0.05647,0.0364,0.00107,0.06577
192.31,SYN.ETH-26JUN20,1573556343893,open,0.32,5.0,0.265,0.359,0.316383,78.63,0.275,0.0,ETH-26JUN20-160-C,185.49,70.84,0.296,25.0,0.322,10.0,80.78,0.5032,-0.0872,0.49201,0.00278,0.72797
186.36,SYN.ETH-29NOV19,1573556343896,open,0.0,448.0,0.001,0.011,0.001968,93.64,0.001,0.0,ETH-29NOV19-280-C,185.49,84.9,0.001,47.0,0.003,202.0,100.28,0.02525,-0.07006,0.00219,0.00168,0.02735
187.8,ETH-27DEC19,1573556343898,open,0.11,1126.0,0.077,0.143,0.111695,65.42,0.11,0.0,ETH-27DEC19-180-C,185.49,61.9,0.107,22.0,0.116,446.0,68.63,0.25117,-0.18307,0.11685,0.00885,0.61777
190.65,ETH-27MAR20,1573556343898,open,0.1,4598.0,0.064,0.141,0.103171,77.63,0.103,0.0,ETH-27MAR20-160-P,185.49,71.1,0.09,300.0,0.1,5.0,76.06,0.38601,-0.11027,-0.26625,0.00368,-0.27197
186.36,SYN.ETH-29NOV19,1573556343900,open,0.71,0.0,0.668,0.773,0.717932,105.0,None,0.0,ETH-29NOV19-320-P,185.49,0.0,0.0,0.0,0.0,0.0,0.0,0.01184,-0.03682,-0.14705,0.0007,-0.98875
186.36,SYN.ETH-29NOV19,1573556343903,open,0.36,0.0,0.337,0.378,0.357581,102.44,None,0.0,ETH-29NOV19-120-C,185.49,0.0,0.356,50.0,0.369,18.0,159.75,0.01731,-0.05255,0.05385,0.00105,0.98251
190.65,ETH-27MAR20,1573556343905,open,0.59,20.0,0.57,0.604,0.587378,86.61,0.613,0.0,ETH-27MAR20-80-C,185.49,59.17,0.581,26.0,0.599,26.0,108.95,0.07524,-0.02398,0.27281,0.00064,0.97177
190.65,ETH-27MAR20,1573556343905,open,0.05,684.0,0.024,0.087,0.053985,84.48,0.055,0.0,ETH-27MAR20-320-C,185.49,81.73,0.049,260.0,0.059,287.0,87.16,0.35107,-0.10914,0.12316,0.00307,0.22752
187.8,ETH-27DEC19,1573556343905,open,0.81,0.0,0.76,0.878,0.816408,93.23,None,0.0,ETH-27DEC19-340-P,185.49,0.0,0.001,5.0,0.0,0.0,0.0,0.06708,-0.06967,-0.40803,0.00166,-0.95077
192.31,SYN.ETH-26JUN20,1573556343905,open,0.07,24.0,0.027,0.102,0.062902,90.47,0.076,0.0,ETH-26JUN20-440-C,185.49,88.29,0.058,140.0,0.067,437.0,92.25,0.43793,-0.08732,0.17677,0.00211,0.21078
187.8,ETH-27DEC19,1573556343909,open,0.71,101.0,0.657,0.771,0.711905,90.67,0.513,0.0,ETH-27DEC19-320-P,185.49,0.0,0.007,1.0,0.0,0.0,0.0,0.08309,-0.08395,-0.38035,0.00211,-0.9354
192.31,SYN.ETH-26JUN20,1573556343909,open,2.36,0.0,2.244,2.487,2.361284,97.37,None,0.0,ETH-26JUN20-640-P,185.49,0.0,0.0,0.0,0.0,0.0,0.0,0.30069,-0.06453,-3.87631,0.00134,-0.88146
192.31,SYN.ETH-26JUN20,1573556343912,open,1.95,0.0,1.845,2.068,1.953136,94.57,None,0.0,ETH-26JUN20-560-P,185.49,0.0,0.0,0.0,0.0,0.0,0.0,0.34463,-0.07183,-3.35749,0.00159,-0.85559
187.8,ETH-27DEC19,1573556343939,open,0.0,4100.0,0.001,0.012,0.002469,93.5,0.004,0.0,ETH-27DEC19-100-P,185.49,90.35,0.002,39.0,0.003,1.0,96.65,0.02981,-0.03105,-0.00484,0.00074,-0.01848
186.36,SYN.ETH-29NOV19,1573556343939,open,0.03,2424.0,0.011,0.056,0.024915,60.54,0.029,0.0,ETH-29NOV19-200-C,185.49,56.7,0.022,160.0,0.028,380.0,64.54,0.14263,-0.25585,0.02512,0.01467,0.31647
187.8,ETH-27DEC19,1573556343984,open,1.02,0.0,0.966,1.095,1.027409,99.64,None,0.0,ETH-27DEC19-380-P,185.49,0.0,0.001,5.0,0.0,0.0,0.0,0.0481,-0.0534,-0.46057,0.00111,-0.96731
190.65,ETH-27MAR20,1573556344006,open,0.49,0.0,0.468,0.516,0.492945,83.28,None,0.0,ETH-27MAR20-100-C,185.49,50.85,0.477,23.0,0.508,23.0,100.56,0.1453,-0.04453,0.31461,0.00129,0.93624
192.31,SYN.ETH-26JUN20,1573556344009,open,1.55,0.0,1.449,1.653,1.548883,91.43,None,0.0,ETH-26JUN20-480-P,185.49,0.0,0.0,0.0,0.0,0.0,0.0,0.40034,-0.08067,-2.82955,0.0019,-0.8182
192.31,SYN.ETH-26JUN20,1573556344031,open,1.75,0.0,1.647,1.86,1.75032,93.02,None,0.0,ETH-26JUN20-520-P,185.49,0.0,0.0,0.0,0.0,0.0,0.0,0.37064,-0.07598,-3.09504,0.00173,-0.83885
190.65,ETH-27MAR20,1573556344042,open,0.54,158.0,0.477,0.614,0.546164,82.86,0.62,0.0,ETH-27MAR20-280-P,185.49,79.95,0.54,50.0,0.57,10.0,93.68,0.40799,-0.1244,-0.88023,0.00364,-0.69408
187.8,ETH-27DEC19,1573556344042,open,0.04,6978.0,0.017,0.065,0.03997,68.77,0.038,0.0,ETH-27DEC19-220-C,185.49,66.3,0.037,422.0,0.043,137.0,71.25,0.22759,-0.17439,0.05914,0.00763,0.29609
186.36,SYN.ETH-29NOV19,1573556344044,open,0.15,125.0,0.122,0.181,0.15146,67.22,0.141,0.0,ETH-29NOV19-160-C,185.49,50.19,0.145,320.0,0.175,16.0,108.97,0.08468,-0.16865,0.06193,0.00785,0.8702
190.65,ETH-27MAR20,1573556344046,open,0.01,830.0,0.001,0.016,0.006995,86.61,0.009,0.0,ETH-27MAR20-80-P,185.49,81.09,0.005,320.0,0.009,320.0,91.36,0.07524,-0.02398,-0.025,0.00064,-0.02823
187.8,ETH-27DEC19,1573556344046,open,1.13,16.0,1.069,1.204,1.133737,104.66,1.195,0.0,ETH-27DEC19-400-P,185.49,0.0,0.001,8.0,0.0,0.0,0.0,0.04514,-0.05264,-0.48568,0.00099,-0.96973
186.36,SYN.ETH-29NOV19,1573556344048,open,0.0,2585.0,0.001,0.011,0.000144,105.0,0.002,0.0,ETH-29NOV19-100-P,185.49,0.0,0.0,0.0,0.001,101.0,131.51,0.0026,-0.00809,-0.00019,0.00015,-0.00205
190.65,ETH-27MAR20,1573556344051,open,0.29,20.0,0.228,0.344,0.288191,77.9,0.272,0.0,ETH-27MAR20-220-P,185.49,71.63,0.273,300.0,0.293,10.0,79.88,0.46312,-0.13275,-0.5774,0.00439,-0.52537
192.31,SYN.ETH-26JUN20,1573556344051,open,0.33,0.0,0.267,0.396,0.334139,77.13,None,0.0,ETH-26JUN20-220-P,185.49,34.93,0.203,1.0,0.4,10.0,98.33,0.6028,-0.10247,-0.95763,0.0034,-0.46697
192.31,SYN.ETH-26JUN20,1573556344051,open,0.19,361.0,0.136,0.237,0.190174,77.13,0.2,0.0,ETH-26JUN20-220-C,185.49,75.8,0.186,180.0,0.206,10.0,82.19,0.6028,-0.10247,0.40984,0.0034,0.53303
186.36,SYN.ETH-29NOV19,1573556344056,open,0.5,0.0,0.459,0.553,0.504447,93.64,None,0.0,ETH-29NOV19-280-P,185.49,0.0,0.0,0.0,0.0,0.0,0.0,0.02525,-0.07006,-0.12727,0.00168,-0.97265
187.8,ETH-27DEC19,1573556344061,open,1.55,21.0,1.482,1.638,1.556909,105.0,0.629,0.0,ETH-27DEC19-480-P,185.49,0.0,0.001,7.0,0.0,0.0,0.0,0.01604,-0.01876,-0.58829,0.00035,-0.99098
187.8,ETH-27DEC19,1573556344064,open,0.0,6668.0,0.001,0.011,0.000999,105.0,0.003,0.0,ETH-27DEC19-480-C,185.49,105.02,0.001,360.0,0.004,581.0,125.15,0.01604,-0.01876,0.00185,0.00035,0.00902
187.8,ETH-27DEC19,1573556344064,open,0.27,19.0,0.239,0.295,0.268037,72.66,0.205,0.0,ETH-27DEC19-140-C,185.49,37.2,0.255,1.0,0.0,0.0,0.0,0.11576,-0.09372,0.14586,0.00367,0.89977
192.31,SYN.ETH-26JUN20,1573556344064,open,0.21,257.0,0.142,0.256,0.203466,90.46,0.184,0.0,ETH-26JUN20-240-C,185.49,81.09,0.174,5.0,0.181,180.0,83.32,0.60424,-0.12047,0.37642,0.00291,0.51836
192.31,SYN.ETH-26JUN20,1573556344069,open,0.03,74.0,0.011,0.064,0.033387,97.37,0.039,0.0,ETH-26JUN20-640-C,185.49,94.47,0.029,140.0,0.037,140.0,99.62,0.30069,-0.06453,0.10179,0.00134,0.11854
186.36,SYN.ETH-29NOV19,1573556344087,open,0.29,0.0,0.252,0.335,0.292275,74.53,None,0.0,ETH-29NOV19-240-P,185.49,0.0,0.0,0.0,0.624,1.0,500.0,0.05203,-0.11489,-0.10557,0.00435,-0.93298
190.65,ETH-27MAR20,1573556344090,open,1.33,0.0,1.251,1.422,1.333871,92.95,None,0.0,ETH-27MAR20-440-P,185.49,0.0,0.002,10.0,0.0,0.0,0.0,0.22827,-0.07808,-1.5735,0.00182,-0.88321
190.65,ETH-27MAR20,1573556344092,open,0.93,6.0,0.854,1.007,0.92926,87.52,1.165,0.0,ETH-27MAR20-360-P,185.49,0.0,0.888,1.0,0.0,0.0,0.0,0.30296,-0.09756,-1.24299,0.00256,-0.82213
187.8,ETH-27DEC19,1573556344092,open,1.34,0.0,1.275,1.42,1.34488,105.0,None,0.0,ETH-27DEC19-440-P,185.49,0.0,0.001,8.0,0.0,0.0,0.0,0.02727,-0.03191,-0.53758,0.0006,-0.98335
190.65,ETH-27MAR20,1573556344104,open,0.02,2444.0,0.005,0.039,0.017987,97.54,0.021,0.0,ETH-27MAR20-520-C,185.49,95.33,0.016,50.0,0.02,220.0,99.64,0.17698,-0.06352,0.04578,0.00134,0.08249
186.36,SYN.ETH-29NOV19,1573556344111,open,0.01,301.0,0.001,0.026,0.010019,67.22,0.015,0.0,ETH-29NOV19-160-P,185.49,62.59,0.008,520.0,0.012,201.0,71.44,0.08468,-0.16865,-0.01205,0.00785,-0.1298
192.31,SYN.ETH-26JUN20,1573556344111,open,0.22,387.0,0.169,0.27,0.224202,77.13,0.228,0.0,ETH-26JUN20-200-C,185.49,75.11,0.218,210.0,0.239,220.0,81.99,0.58776,-0.09991,0.44287,0.00331,0.59469
192.31,SYN.ETH-26JUN20,1573556344118,open,0.45,0.0,0.373,0.524,0.451428,90.46,None,0.0,ETH-26JUN20-240-P,185.49,49.95,0.326,1.0,0.593,10.0,136.5,0.60424,-0.12047,-1.11537,0.00291,-0.48164
187.8,ETH-27DEC19,1573556344155,open,0.0,907.0,0.001,0.013,0.00398,99.64,0.007,0.0,ETH-27DEC19-380-C,185.49,95.47,0.003,420.0,0.005,1.0,103.34,0.0481,-0.0534,0.00663,0.00111,0.03269
187.8,ETH-27DEC19,1573556344157,open,1.76,37.0,1.689,1.856,1.769418,105.0,0.707,0.0,ETH-27DEC19-520-P,185.49,0.0,0.002,25.0,0.0,0.0,0.0,0.00937,-0.01096,-0.63831,0.00021,-0.99509
190.65,ETH-27MAR20,1573556344170,open,0.21,22.0,0.163,0.252,0.211216,77.63,0.216,0.0,ETH-27MAR20-180-C,185.49,65.74,0.184,24.0,0.213,300.0,78.41,0.43522,-0.12432,0.30424,0.00414,0.6399
187.8,ETH-27DEC19,1573556344170,open,0.07,4708.0,0.039,0.102,0.070162,65.42,0.072,0.0,ETH-27DEC19-180-P,185.49,63.8,0.068,128.0,0.074,340.0,68.28,0.25117,-0.18307,-0.10445,0.00885,-0.38223
192.31,SYN.ETH-26JUN20,1573556344172,open,0.08,643.0,0.037,0.121,0.078174,90.46,0.066,0.0,ETH-26JUN20-400-C,185.49,86.32,0.068,140.0,0.077,140.0,90.0,0.48321,-0.09634,0.20703,0.00232,0.25137
186.36,SYN.ETH-29NOV19,1573556344213,open,0.25,1.0,0.227,0.276,0.25177,80.18,0.289,0.0,ETH-29NOV19-140-C,185.49,0.0,0.248,51.0,0.267,17.0,127.81,0.03486,-0.08281,0.06098,0.00271,0.95953
187.8,ETH-27DEC19,1573556344220,open,0.47,0.0,0.452,0.488,0.469987,93.5,None,0.0,ETH-27DEC19-100-C,185.49,0.0,0.467,31.0,0.0,0.0,0.0,0.02981,-0.03105,0.11811,0.00074,0.98152
187.8,ETH-27DEC19,1573556344220,open,0.0,17258.0,0.001,0.011,0.000142,105.0,0.002,0.0,ETH-27DEC19-600-C,185.49,125.58,0.001,6000.0,0.002,90.0,135.74,0.00318,-0.00372,0.00031,7e-05,0.00148
192.31,SYN.ETH-26JUN20,1573556344220,open,0.06,421.0,0.033,0.091,0.061585,78.78,0.061,0.0,ETH-26JUN20-120-P,185.49,76.18,0.057,394.0,0.066,210.0,81.25,0.34128,-0.05926,-0.24376,0.00188,-0.14234
190.65,ETH-27MAR20,1573556344222,open,0.73,6.0,0.661,0.805,0.732453,84.48,0.725,0.0,ETH-27MAR20-320-P,185.49,49.06,0.685,1.0,0.764,1.0,100.39,0.35107,-0.10914,-1.06808,0.00307,-0.77248
187.8,ETH-27DEC19,1573556344222,open,0.0,11036.0,0.001,0.011,0.001962,105.0,0.002,0.0,ETH-27DEC19-440-C,185.49,96.77,0.001,588.0,0.004,1.0,115.85,0.02727,-0.03191,0.00339,0.0006,0.01665
190.65,ETH-27MAR20,1573556344222,open,1.74,0.0,1.654,1.845,1.745498,97.54,None,0.0,ETH-27MAR20-520-P,185.49,0.0,0.005,10.0,0.0,0.0,0.0,0.17698,-0.06352,-1.88998,0.00134,-0.91751
190.65,ETH-27MAR20,1573556344222,open,1.95,0.0,1.857,2.057,1.952323,99.17,None,0.0,ETH-27MAR20-560-P,185.49,0.0,0.01,10.0,0.0,0.0,0.0,0.15562,-0.05679,-2.04587,0.00116,-0.93033
187.8,ETH-27DEC19,1573556344235,open,2.19,0.0,2.102,2.294,2.19503,105.0,0.953,0.0,ETH-27DEC19-600-P,185.49,0.0,0.0,0.0,0.0,0.0,0.0,0.00318,-0.00372,-0.73737,7e-05,-0.99852
186.36,SYN.ETH-29NOV19,1573556344235,open,0.61,0.0,0.563,0.662,0.610781,96.59,None,0.0,ETH-29NOV19-300-P,185.49,0.0,0.0,0.0,0.0,0.0,0.0,0.01458,-0.04171,-0.13756,0.00094,-0.98569
192.31,SYN.ETH-26JUN20,1573556344255,open,0.1,188.0,0.051,0.144,0.097966,90.46,0.093,0.0,ETH-26JUN20-360-C,185.49,84.89,0.083,180.0,0.094,181.0,89.01,0.52771,-0.10521,0.24231,0.00254,0.30067
192.31,SYN.ETH-26JUN20,1573556344260,open,0.04,93.0,0.013,0.069,0.036921,96.0,0.045,0.0,ETH-26JUN20-600-C,185.49,93.59,0.033,140.0,0.041,140.0,98.38,0.32128,-0.06797,0.11164,0.00146,0.13031
192.31,SYN.ETH-26JUN20,1573556344266,open,0.01,184.0,0.001,0.016,0.006998,87.67,0.007,0.0,ETH-26JUN20-60-P,185.49,75.26,0.003,200.0,0.011,247.0,96.49,0.07693,-0.01486,-0.03363,0.00038,-0.02114
187.8,ETH-27DEC19,1573556344282,open,0.0,12762.0,0.001,0.011,4.1e-05,105.0,0.001,0.0,ETH-27DEC19-680-C,185.49,0.0,0.0,0.0,0.002,1.0,147.57,0.00109,-0.00128,0.0001,2e-05,0.00047
190.65,ETH-27MAR20,1573556344282,open,0.03,1180.0,0.015,0.056,0.03441,79.59,0.065,0.0,ETH-27MAR20-120-P,185.49,74.92,0.029,617.0,0.039,298.0,83.37,0.22692,-0.06646,-0.10662,0.00211,-0.11581
186.36,SYN.ETH-29NOV19,1573556344282,open,0.01,2284.0,0.001,0.026,0.009208,66.03,0.011,0.0,ETH-29NOV19-220-C,185.49,61.07,0.007,538.0,0.011,200.0,69.71,0.08751,-0.1712,0.01094,0.00825,0.13614
192.31,SYN.ETH-26JUN20,1573556344299,open,1.35,0.0,1.255,1.45,1.350832,90.47,None,0.0,ETH-26JUN20-440-P,185.49,0.0,0.0,0.0,0.0,0.0,0.0,0.43793,-0.08732,-2.55817,0.00211,-0.78922
192.31,SYN.ETH-26JUN20,1573556344299,open,2.15,0.0,2.045,2.277,2.156825,96.0,None,0.0,ETH-26JUN20-600-P,185.49,0.0,0.0,0.0,0.0,0.0,0.0,0.32128,-0.06797,-3.61783,0.00146,-0.86969
190.65,ETH-27MAR20,1573556344302,open,0.06,354.0,0.033,0.092,0.061935,77.66,0.067,0.0,ETH-27MAR20-140-P,185.49,73.38,0.055,268.0,0.069,320.0,81.92,0.31267,-0.08935,-0.17674,0.00298,-0.1871
190.65,ETH-27MAR20,1573556344302,open,2.36,0.0,2.263,2.485,2.368939,103.87,None,0.0,ETH-27MAR20-640-P,185.49,0.0,0.0,0.0,0.0,0.0,0.0,0.13028,-0.0498,-2.35163,0.00093,-0.94453
192.31,SYN.ETH-26JUN20,1573556344304,open,0.02,1.0,0.007,0.031,0.017187,83.27,0.017,0.0,ETH-26JUN20-80-P,185.49,79.03,0.014,250.0,0.02,250.0,86.72,0.15142,-0.02779,-0.07795,0.00079,-0.04802
187.8,ETH-27DEC19,1573556344313,open,0.01,515.0,0.001,0.016,0.005972,93.23,0.009,0.0,ETH-27DEC19-340-C,185.49,90.36,0.005,1.0,0.007,481.0,95.97,0.06708,-0.06967,0.00999,0.00166,0.04923
187.8,ETH-27DEC19,1573556344321,open,0.01,1512.0,0.003,0.027,0.012302,80.76,0.014,0.0,ETH-27DEC19-280-C,185.49,78.62,0.011,330.0,0.013,160.0,81.86,0.11745,-0.10569,0.02077,0.00335,0.10224
192.31,SYN.ETH-26JUN20,1573556344331,open,0.1,120.0,0.062,0.138,0.100166,78.63,0.114,0.0,ETH-26JUN20-140-P,185.49,75.88,0.094,165.0,0.1,200.0,78.56,0.43143,-0.07476,-0.3654,0.00239,-0.20551
187.8,ETH-27DEC19,1573556344339,open,0.0,6174.0,0.001,0.011,2.3e-05,105.0,0.001,0.0,ETH-27DEC19-720-C,185.49,0.0,0.0,0.0,0.002,1.0,152.9,0.00065,-0.00076,6e-05,1e-05,0.00026
186.36,SYN.ETH-29NOV19,1573556344339,open,0.0,2217.0,0.001,0.013,0.003009,80.18,0.004,0.0,ETH-29NOV19-140-P,185.49,74.16,0.002,203.0,0.004,22.0,85.07,0.03486,-0.08281,-0.00375,0.00271,-0.04047
186.36,SYN.ETH-29NOV19,1573556344344,open,0.0,421.0,0.001,0.011,0.000982,96.59,0.004,0.0,ETH-29NOV19-300-C,185.49,0.0,0.0,0.0,0.002,1.0,106.66,0.01458,-0.04171,0.00115,0.00094,0.01431
190.65,ETH-27MAR20,1573556344351,open,0.02,886.0,0.004,0.034,0.015004,99.17,0.028,0.0,ETH-27MAR20-560-C,185.49,95.25,0.012,564.0,0.018,220.0,102.65,0.15562,-0.05679,0.0388,0.00116,0.06967
190.65,ETH-27MAR20,1573556344351,open,0.03,964.0,0.008,0.051,0.025977,92.95,0.022,0.0,ETH-27MAR20-440-C,185.49,90.39,0.023,260.0,0.029,560.0,95.41,0.22827,-0.07808,0.06445,0.00182,0.11679
187.8,ETH-27DEC19,1573556344351,open,0.01,6255.0,0.001,0.015,0.005582,81.17,0.007,0.0,ETH-27DEC19-120-P,185.49,75.79,0.004,520.0,0.007,361.0,85.33,0.06026,-0.05449,-0.01124,0.00171,-0.04308
192.31,SYN.ETH-26JUN20,1573556344353,open,0.15,661.0,0.1,0.194,0.148357,78.63,0.149,0.0,ETH-26JUN20-160-P,185.49,77.35,0.145,50.0,0.151,210.0,79.64,0.5032,-0.0872,-0.50252,0.00278,-0.27203
187.8,ETH-27DEC19,1573556344357,open,2.61,1.0,2.516,2.733,2.620914,105.0,2.792,0.0,ETH-27DEC19-680-P,185.49,0.0,0.0,0.0,0.0,0.0,0.0,0.00109,-0.00128,-0.83594,2e-05,-0.99953
186.36,SYN.ETH-29NOV19,1573556344370,open,0.03,519.0,0.018,0.071,0.034692,59.24,0.035,0.0,ETH-29NOV19-180-P,185.49,55.91,0.032,160.0,0.038,518.0,63.31,0.15108,-0.26515,-0.03473,0.01588,-0.36834
186.36,SYN.ETH-29NOV19,1573556344370,open,0.1,121.0,0.068,0.142,0.098114,60.54,0.109,0.0,ETH-29NOV19-200-P,185.49,57.76,0.096,120.0,0.103,10.0,66.84,0.14263,-0.25585,-0.06735,0.01467,-0.68352
187.8,ETH-27DEC19,1573556344386,open,0.6,1.0,0.555,0.663,0.606809,85.16,0.494,0.0,ETH-27DEC19-300-P,185.49,0.0,0.01,5.0,0.0,0.0,0.0,0.09595,-0.09104,-0.35302,0.0026,-0.92209
192.31,SYN.ETH-26JUN20,1573556344390,open,0.44,1.0,0.399,0.471,0.437605,78.78,0.478,0.0,ETH-26JUN20-120-C,185.49,72.1,0.426,210.0,0.462,210.0,92.08,0.34128,-0.05926,0.50213,0.00188,0.85766
187.8,ETH-27DEC19,1573556344396,open,0.0,9372.0,0.001,0.011,0.000268,105.0,0.003,0.0,ETH-27DEC19-560-C,185.49,119.3,0.001,2000.0,0.003,626.0,135.86,0.00546,-0.00639,0.00056,0.00012,0.00269
187.8,ETH-27DEC19,1573556344405,open,0.0,13024.0,0.001,0.011,0.000514,105.0,0.002,0.0,ETH-27DEC19-520-C,185.49,0.0,0.0,0.0,0.003,49.0,128.4,0.00937,-0.01096,0.00101,0.00021,0.00491
190.65,ETH-27MAR20,1573556344410,open,0.02,1451.0,0.006,0.045,0.022342,96.2,0.024,0.0,ETH-27MAR20-480-C,185.49,93.96,0.02,221.0,0.025,520.0,98.61,0.20466,-0.07245,0.05536,0.00157,0.10035
190.65,ETH-27MAR20,1573556344421,open,0.37,169.0,0.307,0.433,0.37169,80.55,0.4,0.0,ETH-27MAR20-240-P,185.49,79.84,0.37,44.0,0.427,10.0,103.5,0.4527,-0.13419,-0.68117,0.00415,-0.58809
187.8,ETH-27DEC19,1573556344429,open,3.04,1.0,2.929,3.172,3.046871,105.0,3.236,0.0,ETH-27DEC19-760-P,185.49,0.0,0.0,0.0,0.0,0.0,0.0,0.00038,-0.00045,-0.93437,1e-05,-0.99985
192.31,SYN.ETH-26JUN20,1573556344431,open,1.16,0.0,1.064,1.253,1.15811,90.46,None,0.0,ETH-26JUN20-400-P,185.49,0.0,0.0,0.0,0.0,0.0,0.0,0.48321,-0.09634,-2.27928,0.00232,-0.74863
187.8,ETH-27DEC19,1573556344437,open,1.98,0.0,1.896,2.075,1.982164,105.0,0.845,0.0,ETH-27DEC19-560-P,185.49,0.0,0.0,0.0,0.0,0.0,0.0,0.00546,-0.00639,-0.68794,0.00012,-0.99731
192.31,SYN.ETH-26JUN20,1573556344437,open,0.05,0.0,0.021,0.09,0.05296,91.43,None,0.0,ETH-26JUN20-480-C,185.49,89.0,0.048,140.0,0.058,140.0,93.8,0.40034,-0.08067,0.15402,0.0019,0.1818
186.36,SYN.ETH-29NOV19,1573556344451,open,0.0,569.0,0.001,0.011,0.000814,105.0,0.003,0.0,ETH-29NOV19-320-C,185.49,0.0,0.0,0.0,0.002,201.0,118.33,0.01184,-0.03682,0.0009,0.0007,0.01125
186.36,SYN.ETH-29NOV19,1573556344475,open,0.4,0.0,0.355,0.443,0.397649,82.73,None,0.0,ETH-29NOV19-260-P,185.49,0.0,0.0,0.0,0.0,0.0,0.0,0.03262,-0.07995,-0.11721,0.00246,-0.96271
187.8,ETH-27DEC19,1573556344480,open,0.18,1371.0,0.147,0.211,0.180893,68.02,0.213,0.0,ETH-27DEC19-160-C,185.49,60.08,0.173,19.0,0.185,350.0,71.99,0.19214,-0.14563,0.1396,0.00651,0.7855
186.36,SYN.ETH-29NOV19,1573556344480,open,0.0,1572.0,0.001,0.012,0.00249,82.73,0.007,0.0,ETH-29NOV19-260-C,185.49,71.76,0.001,445.0,0.004,200.0,90.18,0.03262,-0.07995,0.003,0.00246,0.03729
187.8,ETH-27DEC19,1573556344484,open,0.4,946.0,0.353,0.451,0.401139,75.91,0.3,0.0,ETH-27DEC19-260-P,185.49,0.0,0.384,50.0,0.941,1.0,500.0,0.14518,-0.1228,-0.29164,0.00441,-0.86193
187.8,ETH-27DEC19,1573556344488,open,0.07,10572.0,0.037,0.096,0.066832,66.52,0.068,0.0,ETH-27DEC19-200-C,185.49,63.75,0.063,26.0,0.07,96.0,68.81,0.25964,-0.19244,0.08596,0.009,0.43912
190.65,ETH-27MAR20,1573556344488,open,0.15,1745.0,0.107,0.201,0.155354,77.63,0.15,0.0,ETH-27MAR20-180-P,185.49,65.24,0.127,51.0,0.158,300.0,78.79,0.43522,-0.12432,-0.36583,0.00414,-0.3601
187.8,ETH-27DEC19,1573556344488,open,0.5,310.0,0.453,0.556,0.50325,80.76,0.49,0.0,ETH-27DEC19-280-P,185.49,0.0,0.001,8.0,1.032,1.0,500.0,0.11745,-0.10569,-0.32348,0.00335,-0.89776
192.31,SYN.ETH-26JUN20,1573556344488,open,0.7,0.0,0.681,0.709,0.695007,87.67,None,0.0,ETH-26JUN20-60-C,185.49,0.0,0.687,1.0,0.0,0.0,0.0,0.07693,-0.01486,0.33932,0.00038,0.97886
192.31,SYN.ETH-26JUN20,1573556344488,open,0.05,41.0,0.018,0.081,0.046403,93.02,0.052,0.0,ETH-26JUN20-520-C,185.49,90.13,0.041,140.0,0.051,140.0,95.35,0.37064,-0.07598,0.13717,0.00173,0.16115
192.31,SYN.ETH-26JUN20,1573556344488,open,0.04,5.0,0.017,0.057,0.035475,81.01,0.061,0.0,ETH-26JUN20-100-P,185.49,78.24,0.032,250.0,0.039,250.0,83.73,0.24538,-0.04381,-0.1495,0.00132,-0.08959
192.31,SYN.ETH-26JUN20,1573556344488,open,0.79,0.0,0.699,0.873,0.787783,90.46,None,0.0,ETH-26JUN20-320-P,185.49,0.0,0.0,0.0,0.812,10.0,98.55,0.56747,-0.11314,-1.70623,0.00273,-0.63957
192.31,SYN.ETH-26JUN20,1573556344488,open,0.52,0.0,0.485,0.543,0.515491,81.01,None,0.0,ETH-26JUN20-100-C,185.49,48.76,0.485,1.0,0.0,0.0,0.0,0.24538,-0.04381,0.47208,0.00132,0.91041
190.65,ETH-27MAR20,1573556344490,open,1.13,3.0,1.053,1.216,1.13206,91.63,1.39,0.0,ETH-27MAR20-400-P,185.49,0.0,0.001,10.0,0.0,0.0,0.0,0.26852,-0.09054,-1.40828,0.00217,-0.85222
190.65,ETH-27MAR20,1573556344490,open,0.08,1614.0,0.04,0.115,0.077504,82.86,0.083,0.0,ETH-27MAR20-280-C,185.49,81.22,0.074,260.0,0.081,272.0,84.49,0.40799,-0.1244,0.16211,0.00364,0.30592
190.65,ETH-27MAR20,1573556344503,open,0.02,32.0,0.006,0.032,0.017466,83.28,0.015,0.0,ETH-27MAR20-100-P,185.49,81.32,0.016,1.0,0.019,320.0,85.26,0.1453,-0.04453,-0.05765,0.00129,-0.06376
187.8,ETH-27DEC19,1573556344509,open,0.92,257.0,0.863,0.986,0.921413,95.34,0.995,0.0,ETH-27DEC19-360-P,185.49,0.0,0.01,2.0,0.0,0.0,0.0,0.05394,-0.05729,-0.43497,0.0013,-0.96242
190.65,ETH-27MAR20,1573556344556,open,0.04,578.0,0.016,0.071,0.040983,87.52,0.06,0.0,ETH-27MAR20-360-C,185.49,84.96,0.037,260.0,0.045,297.0,90.0,0.30296,-0.09756,0.09715,0.00256,0.17787
190.65,ETH-27MAR20,1573556344556,open,0.14,268.0,0.088,0.175,0.134243,77.9,0.148,0.0,ETH-27MAR20-220-C,185.49,74.5,0.126,300.0,0.141,580.0,80.68,0.46312,-0.13275,0.24158,0.00439,0.47463
190.65,ETH-27MAR20,1573556344556,open,0.03,1080.0,0.012,0.062,0.033974,91.63,0.034,0.0,ETH-27MAR20-400-C,185.49,90.2,0.032,104.0,0.036,560.0,93.05,0.26852,-0.09054,0.08077,0.00217,0.14778
187.8,ETH-27DEC19,1573556344556,open,0.13,3493.0,0.092,0.171,0.131795,66.52,0.141,0.0,ETH-27DEC19-200-P,185.49,65.23,0.13,50.0,0.137,10.0,70.28,0.25964,-0.19244,-0.15993,0.009,-0.56088
192.31,SYN.ETH-26JUN20,1573556344556,open,0.13,238.0,0.071,0.173,0.123834,90.46,0.119,0.0,ETH-26JUN20-320-C,185.49,82.93,0.102,466.0,0.113,180.0,86.76,0.56747,-0.11314,0.28282,0.00273,0.36043
190.65,ETH-27MAR20,1573556344571,open,2.16,0.0,2.06,2.273,2.161617,103.1,None,0.0,ETH-27MAR20-600-P,185.49,0.0,0.02,10.0,0.0,0.0,0.0,0.14884,-0.05647,-2.19718,0.00107,-0.93423
186.36,SYN.ETH-29NOV19,1573556344571,open,0.0,1027.0,0.001,0.011,0.0015,102.44,0.001,0.0,ETH-29NOV19-120-P,185.49,96.35,0.001,155.0,0.002,1.0,107.35,0.01731,-0.05255,-0.00164,0.00105,-0.01749
192.31,SYN.ETH-26JUN20,1573556344573,open,0.6,0.0,0.58,0.622,0.6012,83.27,None,0.0,ETH-26JUN20-80-C,185.49,49.05,0.585,1.0,0.0,0.0,0.0,0.15142,-0.02779,0.41931,0.00079,0.95198
187.8,ETH-27DEC19,1573556344581,open,0.01,2018.0,0.001,0.02,0.007965,90.67,0.008,0.0,ETH-27DEC19-320-C,185.49,88.42,0.007,10.0,0.009,480.0,92.94,0.08309,-0.08395,0.01308,0.00211,0.0646
187.8,ETH-27DEC19,1573556344586,open,0.02,3581.0,0.005,0.034,0.016687,75.91,0.019,0.0,ETH-27DEC19-260-C,185.49,73.68,0.015,320.0,0.018,160.0,77.58,0.14518,-0.1228,0.02803,0.00441,0.13807
187.8,ETH-27DEC19,1573556344593,open,2.4,0.0,2.309,2.513,2.407957,105.0,None,0.0,ETH-27DEC19-640-P,185.49,0.0,0.0,0.0,0.0,0.0,0.0,0.00186,-0.00218,-0.78669,4e-05,-0.99917
190.65,ETH-27MAR20,1573556344593,open,0.01,380.0,0.003,0.029,0.012002,103.87,0.011,0.0,ETH-27MAR20-640-C,185.49,100.78,0.01,222.0,0.014,220.0,106.66,0.13028,-0.0498,0.03085,0.00093,0.05547
192.31,SYN.ETH-26JUN20,1573556344593,open,0.2,477.0,0.145,0.252,0.200583,77.13,0.224,0.0,ETH-26JUN20-180-P,185.49,71.75,0.185,210.0,0.205,10.0,78.66,0.55546,-0.09442,-0.64602,0.00313,-0.33985
187.8,ETH-27DEC19,1573556344595,open,0.0,1206.0,0.001,0.014,0.00448,95.34,0.008,0.0,ETH-27DEC19-360-C,185.49,89.53,0.003,880.0,0.006,2.0,100.17,0.05394,-0.05729,0.00764,0.0013,0.03758
187.8,ETH-27DEC19,1573556344595,open,0.0,10059.0,0.001,0.013,0.003812,104.66,0.004,0.0,ETH-27DEC19-400-C,185.49,95.5,0.002,2900.0,0.005,160.0,109.18,0.04514,-0.05264,0.00611,0.00099,0.03027
190.65,ETH-27MAR20,1573556344595,open,0.26,717.0,0.218,0.302,0.263937,77.63,0.264,0.0,ETH-27MAR20-160-C,185.49,71.71,0.252,300.0,0.275,10.0,83.08,0.38601,-0.11027,0.32937,0.00368,0.72803
192.31,SYN.ETH-26JUN20,1573556344595,open,0.26,70.0,0.202,0.321,0.26417,77.13,0.265,0.0,ETH-26JUN20-200-P,185.49,71.86,0.248,210.0,0.271,10.0,79.37,0.58776,-0.09991,-0.80028,0.00331,-0.40531
192.31,SYN.ETH-26JUN20,1573556344595,open,0.16,321.0,0.1,0.209,0.157974,90.46,0.144,0.0,ETH-26JUN20-280-C,185.49,79.37,0.124,180.0,0.142,180.0,85.29,0.59619,-0.11886,0.32812,0.00287,0.43247
8998.78,BTC-27MAR20,1573556344889,open,2.55,0.0,2.488,2.647,2.5630105,98.74,None,0.0,BTC-27MAR20-32000-P,8734.61,0.0,0.001,1.0,0.0,0.0,0.0,4.29836,-1.56175,-118.16616,1e-05,-0.96444
8998.78,BTC-27MAR20,1573556344889,open,0.08,1070.5,0.0445,0.1175,0.08036473,73.47,0.0805,0.0,BTC-27MAR20-12000-C,8734.61,72.85,0.079,16.0,0.082,2.2,74.2,20.07143,-5.42611,8.62972,9e-05,0.33798
8998.78,BTC-27MAR20,1573556344889,open,3.43,1.0,3.3585,3.5455,3.44799934,100.06,2.7125,0.0,BTC-27MAR20-40000-P,8734.61,0.0,0.0005,2.0,0.0,0.0,0.0,2.22657,-0.81983,-148.45956,1e-05,-0.98375
8819.78,BTC-27DEC19,1573556344889,open,0.83,12.1,0.82,0.8395,0.82992735,0.0,0.8415,0.0,BTC-27DEC19-1500-C,8734.61,0.0,0.8225,17.0,0.838,17.0,305.11,0.0,0.0,1.84421,0.0,1.0
8998.78,BTC-27MAR20,1573556344889,open,0.01,1259.8,0.0005,0.0155,0.00577625,78.39,0.004,0.0,BTC-27MAR20-4000-P,8734.61,74.75,0.0045,26.0,0.007,40.0,81.49,3.37344,-0.97316,-1.08254,1e-05,-0.02654
8998.78,BTC-27MAR20,1573556344889,open,0.02,198.2,0.0055,0.0295,0.01531705,74.41,0.015,0.0,BTC-27MAR20-5000-P,8734.61,71.97,0.0135,6.1,0.017,27.0,76.56,6.88495,-1.8852,-2.65975,3e-05,-0.06408
8998.78,BTC-27MAR20,1573556344889,open,1.02,0.0,0.9715,1.0865,1.02612852,81.74,1.23,0.0,BTC-27MAR20-18000-P,8734.61,0.0,0.0,0.0,0.0,0.0,0.0,11.42698,-3.43708,-63.6196,5e-05,-0.87302
8998.78,BTC-27MAR20,1573556344889,open,0.46,1.0,0.44,0.4805,0.45968494,74.41,0.551,0.0,BTC-27MAR20-5000-C,8734.61,0.0,0.4435,7.0,0.4755,7.0,92.07,6.88471,-1.88509,15.9535,3e-05,0.93592
8819.78,BTC-27DEC19,1573556344889,open,0.08,507.7,0.049,0.1045,0.07725516,61.75,0.08,0.0,BTC-27DEC19-9000-C,8734.61,60.85,0.076,0.3,0.079,8.0,63.0,12.33614,-8.48767,4.64832,0.00021,0.50592
8998.78,BTC-27MAR20,1573556344889,open,0.81,1.1,0.759,0.8705,0.81266815,78.25,1.08,0.0,BTC-27MAR20-16000-P,8734.61,0.0,0.0,0.0,0.0,0.0,0.0,13.72759,-3.95283,-55.13341,6e-05,-0.83315
8998.78,BTC-27MAR20,1573556344889,open,0.24,157.1,0.1925,0.2905,0.2425419,71.26,0.242,0.0,BTC-27MAR20-10000-P,8734.61,70.42,0.2405,3.1,0.2445,2.0,72.07,21.89676,-5.74217,-25.21157,0.0001,-0.51006
8998.78,BTC-27MAR20,1573556344889,open,0.17,125.6,0.126,0.208,0.16891719,69.95,0.1695,0.0,BTC-27MAR20-9000-C,8734.61,69.35,0.1675,13.1,0.17,6.0,70.4,21.41214,-5.51135,13.91704,0.0001,0.58436
8819.78,BTC-27DEC19,1573556344889,open,0.0,106.3,0.0005,0.0105,4.1e-07,100.0,0.0005,0.0,BTC-27DEC19-2000-P,8734.61,0.0,0.0,0.0,0.001,31.0,182.21,0.00075,-0.00083,-6e-05,0.0,-1e-05
8819.78,BTC-27DEC19,1573556344889,open,0.1,914.7,0.0665,0.1285,0.09769128,61.75,0.0985,0.0,BTC-27DEC19-9000-P,8734.61,60.54,0.096,2.0,0.0995,1.0,63.05,12.33613,-8.48792,-6.41693,0.00021,-0.49408
8998.78,BTC-27MAR20,1573556344889,open,2.77,0.0,2.7055,2.872,2.78422968,100.02,None,0.0,BTC-27MAR20-34000-P,8734.61,0.0,0.0,0.0,0.0,0.0,0.0,3.79014,-1.39499,-125.74548,1e-05,-0.96947
8819.78,BTC-27DEC19,1573556344889,open,1.49,4.9,1.446,1.5485,1.49518203,100.08,1.0385,0.0,BTC-27DEC19-22000-P,8734.61,0.0,0.0,0.0,0.0,0.0,0.0,0.6452,-0.71943,-26.9749,1e-05,-0.99244
8819.78,BTC-27DEC19,1573556344889,open,0.28,66.1,0.2525,0.2945,0.27337814,69.28,0.355,0.0,BTC-27DEC19-6500-C,8734.61,0.0,0.256,8.0,0.2915,8.0,96.08,4.77532,-3.68611,6.96696,7e-05,0.91587
8819.78,BTC-27DEC19,1573556344889,open,1.71,0.0,1.668,1.7785,1.72152326,100.16,None,0.0,BTC-27DEC19-24000-P,8734.61,0.0,0.0,0.0,0.0,0.0,0.0,0.34482,-0.3848,-29.47075,0.0,-0.99626
8819.78,BTC-27DEC19,1573556344889,open,0.0,503.5,0.0005,0.0105,0.00028459,100.0,0.0005,0.0,BTC-27DEC19-3500-P,8734.61,106.45,0.0005,22.3,0.001,1.0,116.0,0.23723,-0.26432,-0.02985,0.0,-0.00247
8998.78,BTC-27MAR20,1573556344889,open,0.13,575.1,0.089,0.171,0.13127768,71.26,0.133,0.0,BTC-27MAR20-10000-C,8734.61,70.53,0.1295,2.0,0.133,1.1,71.97,21.89676,-5.74209,12.01464,0.0001,0.48993
8819.78,BTC-27DEC19,1573556344889,open,0.01,705.9,0.0005,0.022,0.00892271,73.35,0.009,0.0,BTC-27DEC19-13000-C,8734.61,72.56,0.0085,19.7,0.0095,19.7,74.4,4.76196,-3.89168,0.81213,7e-05,0.08382
8819.78,BTC-27DEC19,1573556344889,open,0.04,835.5,0.0205,0.0675,0.04306194,64.15,0.0445,0.0,BTC-27DEC19-10000-C,8734.61,62.91,0.0415,7.5,0.045,52.5,65.67,11.17014,-7.98385,3.08811,0.00018,0.32785
8998.78,BTC-27MAR20,1573556344890,open,0.06,81.1,0.0355,0.0945,0.06409799,70.06,0.061,0.0,BTC-27MAR20-7000-P,8734.61,69.15,0.0625,2.0,0.065,5.0,70.57,15.88846,-4.09629,-9.23129,8e-05,-0.21147
8819.78,BTC-27DEC19,1573556344890,open,0.77,0.0,0.7635,0.783,0.77323687,0.0,None,0.0,BTC-27DEC19-2000-C,8734.61,0.0,0.766,15.0,0.781,15.0,253.61,0.0,0.0,2.45894,0.0,1.0
8819.78,BTC-27DEC19,1573556344890,open,0.81,19.0,0.7795,0.861,0.81806609,87.14,1.2,0.0,BTC-27DEC19-16000-P,8734.61,0.0,0.4,0.2,0.0,0.0,0.0,2.45676,-2.38522,-19.32192,3e-05,-0.9638
8819.78,BTC-27DEC19,1573556344890,open,0.02,1005.4,0.0085,0.0445,0.02439237,67.04,0.0235,0.0,BTC-27DEC19-11000-C,8734.61,66.14,0.0235,4.6,0.0255,50.8,68.14,8.79875,-6.57197,1.96357,0.00014,0.20547
8819.78,BTC-27DEC19,1573556344890,open,0.0,349.0,0.0005,0.0105,1e-07,100.0,0.0005,0.0,BTC-27DEC19-48000-C,8734.61,0.0,0.0,0.0,0.001,53.0,172.02,0.00024,-0.00027,2e-05,0.0,0.0
8998.78,BTC-27MAR20,1573556344890,open,0.02,218.5,0.004,0.038,0.01664578,88.41,0.0155,0.0,BTC-27MAR20-22000-C,8734.61,87.15,0.0155,5.5,0.0175,1.0,89.31,8.36401,-2.72102,2.21038,3e-05,0.08263
8819.78,BTC-27DEC19,1573556344890,open,3.52,0.0,3.4465,3.628,3.53527206,112.13,2.58,0.0,BTC-27DEC19-40000-P,8734.61,0.0,0.001,1.0,0.0,0.0,0.0,0.01586,-0.01982,-49.17754,0.0,-0.99987
8998.78,BTC-27MAR20,1573556344890,open,2.33,0.0,2.2705,2.423,2.34223619,97.69,None,0.0,BTC-27MAR20-30000-P,8734.61,0.0,0.0,0.0,0.0,0.0,0.0,4.97136,-1.7871,-110.53744,2e-05,-0.95748
8819.78,BTC-27DEC19,1573556344890,open,0.04,949.8,0.022,0.068,0.04389868,61.75,0.045,0.0,BTC-27DEC19-8000-P,8734.61,60.16,0.042,29.4,0.0455,14.8,63.09,10.55406,-7.26166,-3.60059,0.00018,-0.28815
8819.78,BTC-27DEC19,1573556344890,open,0.01,970.2,0.0005,0.018,0.00667146,78.59,0.006,0.0,BTC-27DEC19-14000-C,8734.61,76.98,0.006,16.0,0.0075,38.0,80.47,3.77544,-3.30606,0.59902,5e-05,0.06191
8819.78,BTC-27DEC19,1573556344890,open,0.0,812.1,0.0005,0.0105,0.00097084,99.97,0.001,0.0,BTC-27DEC19-4000-P,8734.61,91.99,0.0005,40.1,0.0015,39.0,106.21,0.64252,-0.71565,-0.09215,1e-05,-0.00753
8998.78,BTC-27MAR20,1573556344891,open,0.01,113.7,0.0015,0.0285,0.01119621,93.03,0.01,0.0,BTC-27MAR20-26000-C,8734.61,90.46,0.0095,39.0,0.013,19.0,95.52,6.23335,-2.13396,1.51556,2e-05,0.05644
8819.78,BTC-27DEC19,1573556344891,open,0.0,255.7,0.0005,0.0105,1e-08,100.0,0.001,0.0,BTC-27DEC19-1500-P,8734.61,0.0,0.0,0.0,0.0005,17.9,199.66,1e-05,-2e-05,0.0,0.0,0.0
8998.78,BTC-27MAR20,1573556344891,open,0.0,618.2,0.0005,0.0125,0.00293754,100.0,0.0045,0.0,BTC-27MAR20-40000-C,8734.61,102.14,0.0035,43.1,0.005,1.0,106.88,2.21874,-0.81646,0.44357,1e-05,0.01618
8819.78,BTC-27DEC19,1573556344891,open,0.0,964.5,0.0005,0.0105,3.861e-05,100.0,0.0005,0.0,BTC-27DEC19-30000-C,8734.61,0.0,0.0,0.0,0.0005,1.1,122.52,0.05052,-0.05629,0.00453,0.0,0.00046
8819.78,BTC-27DEC19,1573556344891,open,0.03,757.4,0.011,0.0465,0.02716593,62.78,0.028,0.0,BTC-27DEC19-7500-P,8734.61,61.58,0.026,0.5,0.0275,5.0,63.12,8.62306,-6.03182,-2.44881,0.00014,-0.19866
8998.78,BTC-27MAR20,1573556344891,open,0.22,259.0,0.1805,0.258,0.22116468,70.01,0.221,0.0,BTC-27MAR20-8000-C,8734.61,69.24,0.2195,2.0,0.223,2.0,70.86,19.43546,-5.00742,15.62438,9e-05,0.68758
8819.78,BTC-27DEC19,1573556344891,open,0.0,1544.5,0.0005,0.0105,3e-08,100.0,0.001,0.0,BTC-27DEC19-52000-C,8734.61,0.0,0.0,0.0,0.0005,35.0,167.86,8e-05,-9e-05,1e-05,0.0,0.0
8819.78,BTC-27DEC19,1573556344891,open,0.6,4.3,0.5935,0.613,0.60344795,99.95,0.5625,0.0,BTC-27DEC19-3500-C,8734.61,0.0,0.5965,12.0,0.611,12.0,163.16,0.23641,-0.26327,4.27342,0.0,0.99754
8819.78,BTC-27DEC19,1573556344891,open,0.0,738.1,0.0005,0.011,0.0013414,90.21,0.0015,0.0,BTC-27DEC19-4500-P,8734.61,86.56,0.001,16.0,0.002,5.0,95.82,0.90568,-0.91035,-0.13537,1e-05,-0.01114
8998.78,BTC-27MAR20,1573556344891,open,1.89,0.0,1.8355,1.9735,1.90048634,93.05,None,0.0,BTC-27MAR20-26000-P,8734.61,0.0,0.0,0.0,0.0,0.0,0.0,6.23651,-2.13536,-95.27171,2e-05,-0.94353
8819.78,BTC-27DEC19,1573556344891,open,0.37,73.0,0.34,0.412,0.3747078,69.8,0.3535,0.0,BTC-27DEC19-12000-P,8734.61,0.0,0.3435,4.0,0.4015,4.0,98.69,6.47409,-5.03519,-13.51829,0.0001,-0.87195
8819.78,BTC-27DEC19,1573556344891,open,0.17,525.2,0.1415,0.212,0.17688092,64.15,0.177,0.0,BTC-27DEC19-10000-P,8734.61,62.26,0.1745,2.0,0.1785,2.0,65.43,11.17029,-7.98434,-9.20652,0.00018,-0.67214
8819.78,BTC-27DEC19,1573556344891,open,0.01,899.9,0.0005,0.015,0.00519536,83.43,0.005,0.0,BTC-27DEC19-15000-C,8734.61,81.34,0.0045,3.0,0.006,75.0,85.65,3.06361,-2.84769,0.4592,4e-05,0.04754
8753.26,SYN.BTC-22NOV19,1573556344889,open,0.05,120.1,0.03,0.081,0.04939675,50.25,0.054,0.0,BTC-22NOV19-9000-P,8734.61,44.81,0.046,18.0,0.05,0.1,51.21,5.49948,-13.99159,-1.57588,0.00053,-0.616
8998.9,BTC-27MAR20,1573556344891,open,0.0,109.8,0.0005,0.0155,0.00466413,100.0,0.0055,0.0,BTC-27MAR20-36000-C,8734.61,100.93,0.005,2.5,0.007,25.0,105.77,3.1632,-1.164,0.66703,1e-05,0.02458
8819.9,BTC-27DEC19,1573556344891,open,0.0,791.7,0.0005,0.012,0.00246254,93.71,0.0025,0.0,BTC-27DEC19-18000-C,8734.61,91.06,0.002,16.0,0.003,0.5,96.4,1.64698,-1.71953,0.21601,2e-05,0.02238
8998.9,BTC-27MAR20,1573556344891,open,1.45,6.0,1.402,1.5285,1.46142706,88.45,1.5845,0.0,BTC-27MAR20-22000-P,8734.61,0.0,0.0,0.0,0.0,0.0,0.0,8.37451,-2.72566,-79.68397,3e-05,-0.91723
9155.81,SYN.BTC-26JUN20,1573556344889,open,0.68,0.0,0.6675,0.6895,0.67760872,79.74,None,0.0,BTC-26JUN20-3000-C,8734.61,0.0,0.6715,7.0,0.6865,7.0,98.37,3.24762,-0.5707,17.30339,1e-05,0.98165
8819.9,BTC-27DEC19,1573556344891,open,0.0,1547.6,0.0005,0.0125,0.0025206,85.52,0.0025,0.0,BTC-27DEC19-5000-P,8734.61,82.31,0.002,22.0,0.003,2.0,88.13,1.53148,-1.45923,-0.25005,2e-05,-0.02054
8998.9,BTC-27MAR20,1573556344891,open,0.01,148.3,0.003,0.0325,0.0132887,90.53,0.012,0.0,BTC-27MAR20-24000-C,8734.61,88.18,0.0115,39.0,0.0155,34.0,93.21,7.11418,-2.37004,1.79406,3e-05,0.06684
8998.9,BTC-27MAR20,1573556344891,open,0.6,59.0,0.5545,0.6655,0.6091477,76.86,0.6,0.0,BTC-27MAR20-14000-P,8734.61,52.99,0.5715,2.0,0.7,1.0,118.54,17.04941,-4.82242,-45.8823,7e-05,-0.76049
8819.9,BTC-27DEC19,1573556344891,open,0.0,661.9,0.0005,0.0105,8.007e-05,100.0,0.001,0.0,BTC-27DEC19-28000-C,8734.61,116.61,0.0005,0.1,0.001,10.8,125.01,0.09515,-0.10602,0.00896,0.0,0.00091
8819.9,BTC-27DEC19,1573556344891,open,0.0,604.5,0.0005,0.0105,7.34e-06,100.0,0.0005,0.0,BTC-27DEC19-2500-P,8734.61,0.0,0.0,0.0,0.001,180.0,155.6,0.01008,-0.01124,-0.00096,0.0,-8e-05
8998.9,BTC-27MAR20,1573556344891,open,0.02,455.5,0.0055,0.042,0.01966071,84.52,0.019,0.0,BTC-27MAR20-20000-C,8734.61,83.89,0.019,5.5,0.0205,0.2,85.3,9.52087,-2.96111,2.63682,4e-05,0.09837
8739.95,SYN.BTC-15NOV19,1573556344889,open,0.01,403.2,0.0005,0.027,0.00724492,50.65,0.008,0.0,BTC-15NOV19-8500-P,8734.61,48.03,0.0065,16.0,0.008,0.4,53.24,2.5189,-22.18077,-0.18438,0.00083,-0.26051
8819.9,BTC-27DEC19,1573556344892,open,0.01,571.1,0.0005,0.0225,0.01035975,69.29,0.01,0.0,BTC-27DEC19-6500-P,8734.61,68.62,0.01,4.0,0.0105,0.5,69.54,4.77562,-3.68665,-1.0247,7e-05,-0.08414
8819.9,BTC-27DEC19,1573556344892,open,0.0,475.3,0.0005,0.0135,0.00395571,87.11,0.004,0.0,BTC-27DEC19-16000-C,8734.61,83.38,0.003,46.0,0.005,68.0,90.6,2.45447,-2.38234,0.34923,3e-05,0.03616
8819.9,BTC-27DEC19,1573556344892,open,4.43,0.0,4.336,4.553,4.44233124,141.55,None,0.0,BTC-27DEC19-48000-P,8734.61,0.0,0.0005,1.0,0.0,0.0,0.0,0.08235,-0.12988,-59.00722,0.0,-0.99923
8819.9,BTC-27DEC19,1573556344892,open,0.0,447.1,0.0005,0.0105,1.891e-05,100.0,0.0005,0.0,BTC-27DEC19-32000-C,8734.61,0.0,0.0,0.0,0.001,31.0,136.98,0.02698,-0.03006,0.00232,0.0,0.00023
8819.9,BTC-27DEC19,1573556344892,open,1.94,0.0,1.8905,2.009,1.94809803,102.21,None,0.0,BTC-27DEC19-26000-P,8734.61,0.0,0.0,0.0,0.0,0.0,0.0,0.2204,-0.251,-31.94395,0.0,-0.99772
8819.9,BTC-27DEC19,1573556344892,open,0.0,617.3,0.0005,0.0105,0.00016866,100.0,0.0005,0.0,BTC-27DEC19-26000-C,8734.61,110.19,0.0005,0.3,0.001,0.8,118.25,0.1799,-0.20044,0.0179,0.0,0.00182
8819.9,BTC-27DEC19,1573556344892,open,2.39,0.2,2.335,2.471,2.40149557,106.73,2.03,0.0,BTC-27DEC19-30000-P,8734.61,0.0,0.0,0.0,0.0,0.0,0.0,0.10612,-0.1262,-36.87411,0.0,-0.99898
8753.26,SYN.BTC-22NOV19,1573556344889,open,0.0,25.6,0.0005,0.0125,0.0026758,68.03,0.003,0.0,BTC-22NOV19-10500-C,8734.61,67.1,0.0025,0.1,0.003,1.0,69.67,1.67487,-5.76891,0.13152,0.00012,0.05821
8766.56,SYN.BTC-29NOV19,1573556344889,open,0.0,504.5,0.0005,0.0145,0.00464298,69.34,0.0055,0.0,BTC-29NOV19-11000-C,8734.61,67.12,0.004,20.0,0.0055,24.0,72.07,2.63731,-5.41814,0.28055,0.00011,0.07386
8819.9,BTC-27DEC19,1573556344892,open,0.0,695.7,0.0005,0.0105,4.75e-06,100.0,0.0005,0.0,BTC-27DEC19-36000-C,8734.61,0.0,0.0,0.0,0.001,40.0,147.35,0.00787,-0.00877,0.00063,0.0,6e-05
8819.9,BTC-27DEC19,1573556344892,open,3.97,0.0,3.891,4.0905,3.98879824,133.73,3.46,0.0,BTC-27DEC19-44000-P,8734.61,0.0,0.001,1.0,0.0,0.0,0.0,0.07537,-0.1123,-54.08996,0.0,-0.9993
8753.26,SYN.BTC-22NOV19,1573556344889,open,0.07,4.0,0.049,0.0965,0.06905047,51.08,0.07,0.0,BTC-22NOV19-8250-C,8734.61,48.94,0.068,4.0,0.0705,2.0,53.96,4.34648,-11.24112,1.66573,0.00041,0.77238
8753.26,SYN.BTC-22NOV19,1573556344889,open,0.01,571.2,0.0005,0.02,0.00630353,57.46,0.006,0.0,BTC-22NOV19-9750-C,8734.61,56.61,0.006,0.1,0.007,0.2,59.35,3.15831,-9.18807,0.30962,0.00027,0.13704
8819.9,BTC-27DEC19,1573556344892,open,0.48,99.0,0.448,0.521,0.48288739,73.39,0.638,0.0,BTC-27DEC19-13000-P,8734.61,0.0,0.0,0.0,0.0,0.0,0.0,4.7689,-3.89971,-15.1695,7e-05,-0.91602
8753.26,SYN.BTC-22NOV19,1573556344889,open,0.12,10.3,0.095,0.1485,0.12017515,57.46,0.097,0.0,BTC-22NOV19-9750-P,8734.61,0.0,0.096,4.0,0.141,4.0,100.82,3.15842,-9.18864,-2.32839,0.00027,-0.86296
8998.9,BTC-27MAR20,1573556344893,open,0.01,47.6,0.0005,0.026,0.00970294,95.52,0.009,0.0,BTC-27MAR20-28000-C,8734.61,92.6,0.008,39.0,0.0115,14.0,98.28,5.55645,-1.95303,1.31066,2e-05,0.04883
8739.95,SYN.BTC-15NOV19,1573556344889,open,0.0,448.5,0.0005,0.011,0.00117042,71.65,0.002,0.0,BTC-15NOV19-9750-C,8734.61,69.56,0.001,11.3,0.0015,1.0,75.25,0.74481,-9.27854,0.03068,0.00017,0.04572
8739.95,SYN.BTC-15NOV19,1573556344889,open,0.28,0.0,0.262,0.314,0.28725814,100.03,None,0.0,BTC-15NOV19-11250-P,8734.61,0.0,0.0,0.0,0.0,0.0,0.0,0.06155,-1.07052,-0.88463,1e-05,-0.99744
8819.9,BTC-27DEC19,1573556344893,open,0.22,64.6,0.199,0.246,0.22280462,65.08,0.255,0.0,BTC-27DEC19-7000-C,8734.61,0.0,0.2055,8.0,0.24,8.0,85.6,6.53928,-4.74192,7.01898,0.00011,0.87008
8819.9,BTC-27DEC19,1573556344893,open,3.07,1.3,3.002,3.165,3.0817531,118.34,2.2,0.0,BTC-27DEC19-36000-P,8734.61,0.0,0.0,0.0,0.0,0.0,0.0,0.07802,-0.10286,-44.25384,0.0,-0.99927
8998.9,BTC-27MAR20,1573556344893,open,1.23,5.2,1.186,1.3055,1.24219153,84.55,1.108,0.0,BTC-27MAR20-20000-P,8734.61,0.0,0.0,0.0,0.0,0.0,0.0,9.53004,-2.96519,-71.81252,4e-05,-0.9015
9155.81,SYN.BTC-26JUN20,1573556344889,open,0.03,4.3,0.0085,0.0575,0.02766438,88.97,0.039,0.0,BTC-26JUN20-28000-C,8734.61,87.09,0.025,34.0,0.0305,4.0,90.87,13.30241,-2.60833,4.5128,3e-05,0.10696
8753.26,SYN.BTC-22NOV19,1573556344889,open,0.14,5.1,0.1215,0.174,0.14666964,59.71,0.124,0.0,BTC-22NOV19-10000-P,8734.61,0.0,0.1225,4.0,0.167,4.0,107.43,2.44642,-7.39632,-2.4891,0.0002,-0.90432
8819.9,BTC-27DEC19,1573556344893,open,0.01,931.5,0.0035,0.03,0.01412502,69.8,0.0135,0.0,BTC-27DEC19-12000-C,8734.61,68.94,0.0135,16.5,0.015,7.0,70.97,6.47336,-5.03402,1.23518,0.0001,0.12803
8998.9,BTC-27MAR20,1573556344893,open,2.11,0.0,2.053,2.198,2.12124621,95.6,None,0.0,BTC-27MAR20-28000-P,8734.61,0.0,0.0,0.0,0.0,0.0,0.0,5.57454,-1.96111,-102.91782,2e-05,-0.95097
9155.81,SYN.BTC-26JUN20,1573556344889,open,0.28,112.9,0.2275,0.34,0.28491075,72.74,0.2815,0.0,BTC-26JUN20-10000-P,8734.61,72.29,0.2835,2.0,0.2865,2.0,73.25,28.54403,-4.57596,-41.6597,8e-05,-0.44711
8766.56,SYN.BTC-29NOV19,1573556344889,open,0.0,240.7,0.0005,0.013,0.00345681,74.77,0.0035,0.0,BTC-29NOV19-11500-C,8734.61,72.75,0.003,0.3,0.004,24.0,76.98,2.06475,-4.57381,0.2046,8e-05,0.05394
8753.26,SYN.BTC-22NOV19,1573556344889,open,0.25,0.0,0.2325,0.2875,0.25863322,76.68,None,0.0,BTC-22NOV19-11000-P,8734.61,0.0,0.0,0.0,0.0,0.0,0.0,1.24582,-4.83648,-2.88566,8e-05,-0.9598
8998.9,BTC-27MAR20,1573556344894,open,0.37,19.3,0.338,0.392,0.3653935,70.49,0.406,0.0,BTC-27MAR20-6000-C,8734.61,58.32,0.3515,13.0,0.381,13.0,82.29,11.20932,-2.9076,17.1208,5e-05,0.87647
8739.95,SYN.BTC-15NOV19,1573556344889,open,0.0,165.8,0.0005,0.0105,0.0003277,100.0,0.0005,0.0,BTC-15NOV19-10750-C,8734.61,0.0,0.0,0.0,0.001,10.5,117.1,0.22603,-2.86407,0.0074,4e-05,0.01108
8739.95,SYN.BTC-15NOV19,1573556344889,open,0.0,745.1,0.0005,0.0105,0.00092965,81.29,0.0005,0.0,BTC-15NOV19-10000-C,8734.61,73.55,0.0005,36.0,0.0015,1.4,88.7,0.57948,-8.12509,0.02249,0.00012,0.03359
9155.81,SYN.BTC-26JUN20,1573556344890,open,1.86,0.0,1.796,1.9555,1.87146906,87.54,None,0.0,BTC-26JUN20-26000-P,8734.61,0.0,0.0,0.0,0.0,0.0,0.0,14.57157,-2.81113,-156.49855,3e-05,-0.87844
8739.95,SYN.BTC-15NOV19,1573556344889,open,0.0,252.8,0.0005,0.0155,0.00313043,57.1,0.003,0.0,BTC-15NOV19-8250-P,8734.61,53.44,0.0025,20.6,0.0035,0.9,59.11,1.57264,-15.6135,-0.08636,0.00046,-0.12229
9155.81,SYN.BTC-26JUN20,1573556344891,open,0.23,40.5,0.1805,0.2755,0.23037998,72.07,0.231,0.0,BTC-26JUN20-9000-C,8734.61,71.78,0.2295,16.2,0.2335,5.0,73.12,27.40949,-4.35368,22.36468,7e-05,0.62336
8739.95,SYN.BTC-15NOV19,1573556344889,open,0.0,81.3,0.0005,0.0105,6.594e-05,100.0,0.0005,0.0,BTC-15NOV19-11250-C,8734.61,0.0,0.0,0.0,0.0005,0.6,125.18,0.06142,-0.57635,0.00171,1e-05,0.00256
8739.95,SYN.BTC-15NOV19,1573556344889,open,0.14,3.1,0.122,0.171,0.14509935,81.27,0.13,0.0,BTC-15NOV19-10000-P,8734.61,0.0,0.0,0.0,0.0,0.0,0.0,0.57911,-8.18352,-0.76539,0.00012,-0.96644
8739.95,SYN.BTC-15NOV19,1573556344889,open,0.06,88.5,0.039,0.0865,0.06167355,56.44,0.06,0.0,BTC-15NOV19-9250-P,8734.61,37.76,0.059,0.1,0.0625,4.1,60.56,1.67661,-16.45165,-0.63872,0.00049,-0.8659
8739.95,SYN.BTC-15NOV19,1573556344889,open,0.0,222.9,0.0005,0.0105,0.00092855,93.28,0.0005,0.0,BTC-15NOV19-10250-C,8734.61,84.75,0.0005,20.5,0.0015,40.5,101.45,0.52528,-8.11551,0.0199,9e-05,0.02982
8753.26,SYN.BTC-22NOV19,1573556344889,open,0.01,155.1,0.0005,0.0235,0.00666802,53.39,0.006,0.0,BTC-22NOV19-8000-P,8734.61,50.13,0.0055,33.0,0.0075,20.0,55.59,3.24536,-8.77221,-0.35359,0.00029,-0.14263
8739.95,SYN.BTC-15NOV19,1573556344889,open,0.0,328.4,0.0005,0.012,0.00201231,69.55,0.0025,0.0,BTC-15NOV19-8000-P,8734.61,65.02,0.0015,0.5,0.0025,21.4,73.36,1.06002,-12.81833,-0.0507,0.00025,-0.07161
8739.95,SYN.BTC-15NOV19,1573556344889,open,0.0,110.6,0.0005,0.0105,2.8e-05,100.0,0.0005,0.0,BTC-15NOV19-11500-C,8734.61,0.0,0.0,0.0,0.001,20.0,147.94,0.02978,-0.24468,0.00078,0.0,0.00115
9155.81,SYN.BTC-26JUN20,1573556344889,open,0.15,165.4,0.1065,0.1965,0.15215511,72.07,0.151,0.0,BTC-26JUN20-8000-P,8734.61,71.47,0.1505,2.0,0.1525,3.0,72.2,25.1348,-3.9924,-25.78777,7e-05,-0.30097
9155.81,SYN.BTC-26JUN20,1573556344890,open,0.08,60.0,0.04,0.122,0.07934649,78.44,0.0835,0.0,BTC-26JUN20-16000-C,8734.61,77.93,0.078,3.0,0.081,2.0,79.06,24.1479,-4.17431,11.21672,6e-05,0.27644
9155.81,SYN.BTC-26JUN20,1573556344892,open,0.63,0.8,0.5675,0.7005,0.63409709,77.15,0.55,0.0,BTC-26JUN20-14000-P,8734.61,28.15,0.532,2.0,0.654,2.0,83.88,26.64565,-4.53022,-73.26346,7e-05,-0.65325
8766.56,SYN.BTC-29NOV19,1573556344893,open,0.01,293.2,0.0005,0.019,0.00711561,65.07,0.0065,0.0,BTC-29NOV19-10500-C,8734.61,63.53,0.0065,24.9,0.008,60.0,67.18,3.57463,-6.89164,0.42231,0.00015,0.11131
8739.95,SYN.BTC-15NOV19,1573556344889,open,0.11,16.2,0.094,0.142,0.11673588,71.64,0.1225,0.0,BTC-15NOV19-9750-P,8734.61,0.0,0.104,3.0,0.1265,3.0,128.91,0.74446,-9.2728,-0.7375,0.00017,-0.9543
8739.95,SYN.BTC-15NOV19,1573556344889,open,0.0,290.4,0.0005,0.016,0.00331658,56.44,0.0045,0.0,BTC-15NOV19-9250-C,8734.61,51.94,0.0025,5.5,0.004,20.5,59.87,1.67679,-16.45478,0.09007,0.00049,0.13412
9155.81,SYN.BTC-26JUN20,1573556344889,open,0.45,4.2,0.387,0.513,0.45086007,75.09,0.4445,0.0,BTC-26JUN20-12000-P,8734.61,71.75,0.4405,2.0,0.4535,2.0,75.94,28.42706,-4.70452,-57.75141,7e-05,-0.56392
8753.26,SYN.BTC-22NOV19,1573556344889,open,0.02,94.7,0.009,0.048,0.02120757,50.25,0.019,0.0,BTC-22NOV19-9000-C,8734.61,48.32,0.02,9.0,0.0225,2.0,52.3,5.49947,-13.99133,0.85922,0.00053,0.384
8753.26,SYN.BTC-22NOV19,1573556344889,open,0.02,53.4,0.0085,0.047,0.02006378,50.27,0.021,0.0,BTC-22NOV19-8500-P,8734.61,47.69,0.0185,0.1,0.0215,18.0,52.64,5.31006,-13.51596,-0.86676,0.00051,-0.34591
8739.95,SYN.BTC-15NOV19,1573556344889,open,0.0,236.8,0.0005,0.0105,0.00061832,98.41,0.0005,0.0,BTC-15NOV19-10500-C,8734.61,0.0,0.0,0.0,0.001,2.0,106.01,0.3734,-5.40412,0.01325,6e-05,0.01986
8753.26,SYN.BTC-22NOV19,1573556344889,open,0.0,20.2,0.0005,0.012,0.0021823,71.89,0.0025,0.0,BTC-22NOV19-10750-C,8734.61,70.73,0.002,20.2,0.0025,1.0,73.79,1.40414,-5.11071,0.10525,9e-05,0.04662
8766.56,SYN.BTC-29NOV19,1573556344890,open,0.0,1027.9,0.0005,0.014,0.00403814,70.24,0.004,0.0,BTC-29NOV19-7000-P,8734.61,68.03,0.0035,1.0,0.0045,3.0,72.02,2.20823,-4.59555,-0.25443,9e-05,-0.05873
8739.95,SYN.BTC-15NOV19,1573556344889,open,0.25,0.0,0.234,0.2855,0.25873651,99.92,None,0.0,BTC-15NOV19-11000-P,8734.61,0.0,0.0155,0.1,0.0,0.0,0.0,0.12023,-2.08878,-0.86303,2e-05,-0.99459
8766.56,SYN.BTC-29NOV19,1573556344890,open,0.0,436.2,0.0005,0.0105,0.00022814,100.0,0.0005,0.0,BTC-29NOV19-5000-P,8734.61,0.0,0.0,0.0,0.001,19.0,119.8,0.18663,-0.55297,-0.0142,1e-05,-0.00328
8753.26,SYN.BTC-22NOV19,1573556344889,open,0.01,887.0,0.002,0.034,0.01155723,51.08,0.0115,0.0,BTC-22NOV19-8250-P,8734.61,48.93,0.0105,16.0,0.0125,16.0,52.97,4.34653,-11.24143,-0.56645,0.00041,-0.22762
8739.95,SYN.BTC-15NOV19,1573556344889,open,0.0,131.0,0.0005,0.0105,0.00074228,89.16,0.0005,0.0,BTC-15NOV19-7500-P,8734.61,83.77,0.0005,39.0,0.001,1.6,93.8,0.44197,-6.48746,-0.01721,8e-05,-0.02425
8739.95,SYN.BTC-15NOV19,1573556344889,open,0.04,71.4,0.015,0.059,0.03470068,50.65,0.035,0.0,BTC-15NOV19-8500-C,8734.61,49.95,0.0345,4.0,0.036,2.0,55.09,2.51896,-22.18254,0.4853,0.00083,0.73947
8739.95,SYN.BTC-15NOV19,1573556344889,open,0.0,4.8,0.0005,0.0105,8.49e-06,100.0,0.001,0.0,BTC-15NOV19-6500-P,8734.61,0.0,0.0,0.0,0.001,15.5,164.76,0.01022,-0.07417,-0.00026,0.0,-0.00036
8739.95,SYN.BTC-15NOV19,1573556344889,open,0.2,0.0,0.183,0.216,0.19923897,99.99,None,0.0,BTC-15NOV19-7000-C,8734.61,0.0,0.1895,4.0,0.212,4.0,230.63,0.1212,-2.1071,0.54764,2e-05,0.99455
8766.56,SYN.BTC-29NOV19,1573556344889,open,0.02,716.4,0.006,0.039,0.01567449,57.39,0.016,0.0,BTC-29NOV19-8000-P,8734.61,56.3,0.015,0.1,0.016,5.9,57.91,5.44679,-9.26186,-0.91849,0.00027,-0.21093
9155.81,SYN.BTC-26JUN20,1573556344891,open,0.03,40.2,0.01,0.063,0.03173497,87.53,0.0375,0.0,BTC-26JUN20-26000-C,8734.61,86.1,0.0295,3.0,0.0345,23.5,89.24,14.57017,-2.81074,5.11094,3e-05,0.12154
8753.26,SYN.BTC-22NOV19,1573556344889,open,0.28,0.0,0.2605,0.3165,0.28688582,80.27,None,0.0,BTC-22NOV19-11250-P,8734.61,0.0,0.0,0.0,0.0,0.0,0.0,1.06777,-4.33966,-2.96893,6e-05,-0.96671
8739.95,SYN.BTC-15NOV19,1573556344889,open,0.17,0.0,0.154,0.188,0.17072867,90.73,None,0.0,BTC-15NOV19-7250-C,8734.61,0.0,0.1605,4.0,0.1845,4.0,209.95,0.19057,-3.00615,0.56475,3e-05,0.99089
8766.56,SYN.BTC-29NOV19,1573556344892,open,0.0,230.3,0.0005,0.011,0.00101044,95.58,0.001,0.0,BTC-29NOV19-14000-C,8734.61,87.65,0.0005,49.5,0.0015,21.4,100.87,0.7063,-2.00014,0.05595,2e-05,0.01482
9155.81,SYN.BTC-26JUN20,1573556344889,open,0.02,5.4,0.0065,0.051,0.02317473,92.78,0.023,0.0,BTC-26JUN20-32000-C,8734.61,92.25,0.0225,1.0,0.024,4.0,93.43,11.65743,-2.38374,3.76508,2e-05,0.08933
9155.81,SYN.BTC-26JUN20,1573556344889,open,1.02,0.0,0.96,1.1005,1.02847823,80.17,None,0.0,BTC-26JUN20-18000-P,8734.61,0.0,0.09,1.0,1.35,1.0,187.72,21.68054,-3.83049,-102.60378,5e-05,-0.77442
8739.95,SYN.BTC-15NOV19,1573556344889,open,0.0,273.6,0.0005,0.0115,0.00183884,63.78,0.0025,0.0,BTC-15NOV19-9500-C,8734.61,55.99,0.001,35.5,0.0025,20.6,68.68,1.09012,-12.089,0.04988,0.00028,0.07428
8766.56,SYN.BTC-29NOV19,1573556344890,open,0.31,0.0,0.287,0.3465,0.31526098,74.77,None,0.0,BTC-29NOV19-11500-P,8734.61,0.0,0.01,1.0,0.0,0.0,0.0,2.06512,-4.57492,-5.11235,8e-05,-0.94605
8753.26,SYN.BTC-22NOV19,1573556344889,open,0.0,325.7,0.0005,0.013,0.00340947,64.3,0.0035,0.0,BTC-22NOV19-10250-C,8734.61,62.49,0.003,20.0,0.004,2.1,66.74,2.03819,-6.63552,0.16956,0.00015,0.075
9155.81,SYN.BTC-26JUN20,1573556344890,open,0.28,12.6,0.2315,0.321,0.27839121,72.07,0.28,0.0,BTC-26JUN20-8000-C,8734.61,71.75,0.2775,8.5,0.28,5.0,72.66,25.13481,-3.99237,23.93849,7e-05,0.69903
9155.81,SYN.BTC-26JUN20,1573556344889,open,0.04,10.5,0.0125,0.0695,0.03639771,85.73,0.04,0.0,BTC-26JUN20-24000-C,8734.61,83.73,0.033,32.0,0.0395,23.0,87.48,15.93704,-3.01112,5.80183,4e-05,0.13834
8766.56,SYN.BTC-29NOV19,1573556344893,open,0.37,0.0,0.3425,0.4035,0.37134354,79.01,None,0.0,BTC-29NOV19-12000-P,8734.61,0.0,0.012,1.0,0.0,0.0,0.0,1.58955,-3.72118,-5.40046,6e-05,-0.96105
9155.81,SYN.BTC-26JUN20,1573556344893,open,1.23,0.0,1.1665,1.3125,1.23674472,82.7,None,0.0,BTC-26JUN20-20000-P,8734.61,0.0,0.1,1.0,1.88,0.1,316.56,19.68314,-3.58737,-116.39571,5e-05,-0.8085
8753.26,SYN.BTC-22NOV19,1573556344889,open,0.0,33.6,0.0005,0.0115,0.00195755,76.67,0.002,0.0,BTC-22NOV19-11000-C,8734.61,73.2,0.0015,20.0,0.0025,16.0,80.22,1.24558,-4.83529,0.09055,8e-05,0.04019
8766.56,SYN.BTC-29NOV19,1573556344893,open,0.43,0.3,0.4185,0.442,0.42987849,99.98,0.4955,0.0,BTC-29NOV19-5000-C,8734.61,0.0,0.4225,8.0,0.439,8.0,179.56,0.18634,-0.55198,2.29756,1e-05,0.99673
8753.26,SYN.BTC-22NOV19,1573556344889,open,0.0,28.1,0.0005,0.011,0.00102885,70.09,0.001,0.0,BTC-22NOV19-7000-P,8734.61,62.81,0.0005,16.0,0.0015,20.0,74.76,0.78312,-2.77906,-0.05679,5e-05,-0.02295
8766.56,SYN.BTC-29NOV19,1573556344890,open,0.0,435.2,0.0005,0.011,0.00133997,88.31,0.001,0.0,BTC-29NOV19-6000-P,8734.61,84.44,0.001,5.0,0.002,44.0,94.34,0.8433,-2.20643,-0.0793,3e-05,-0.01822
8739.95,SYN.BTC-15NOV19,1573556344889,open,0.0,0.2,0.0005,0.0105,2e-08,100.0,0.0005,0.0,BTC-15NOV19-5750-P,8734.61,0.0,0.0,0.0,0.0015,35.0,237.5,4e-05,-0.00015,0.0,0.0,0.0
8739.95,SYN.BTC-15NOV19,1573556344889,open,0.0,60.1,0.0005,0.0105,0.00015856,100.0,0.001,0.0,BTC-15NOV19-7000-P,8734.61,0.0,0.0,0.0,0.0005,1.0,115.7,0.12126,-1.38584,-0.00387,2e-05,-0.00546
8739.95,SYN.BTC-15NOV19,1573556344889,open,0.0,38.5,0.0005,0.0105,0.00025171,90.7,0.0005,0.0,BTC-15NOV19-7250-P,8734.61,0.0,0.0,0.0,0.0005,0.5,99.59,0.1902,-2.19992,-0.00643,3e-05,-0.00909
8766.56,SYN.BTC-29NOV19,1573556344890,open,0.48,0.0,0.454,0.5185,0.48471802,90.01,None,0.0,BTC-29NOV19-13000-P,8734.61,0.0,0.013,1.0,0.0,0.0,0.0,1.14751,-3.06014,-5.91148,4e-05,-0.97375
8739.95,SYN.BTC-15NOV19,1573556344889,open,0.34,0.0,0.329,0.355,0.34210178,0.0,None,0.0,BTC-15NOV19-5750-C,8734.61,0.0,0.334,5.0,0.352,5.0,346.74,0.0,0.0,0.45302,0.0,1.0
8753.26,SYN.BTC-22NOV19,1573556344889,open,0.1,12.2,0.072,0.1175,0.09272207,53.39,0.1075,0.0,BTC-22NOV19-8000-C,8734.61,49.97,0.0915,4.0,0.094,2.0,56.73,3.24528,-8.77179,1.81096,0.00029,0.85738
8739.95,SYN.BTC-15NOV19,1573556344889,open,0.0,22.1,0.0005,0.0105,4.068e-05,100.0,0.0005,0.0,BTC-15NOV19-6750-P,8734.61,0.0,0.0,0.0,0.0005,0.5,132.17,0.0393,-0.35555,-0.0011,1e-05,-0.00156
9155.81,SYN.BTC-26JUN20,1573556344891,open,0.1,125.6,0.06,0.151,0.10501087,77.14,0.1065,0.0,BTC-26JUN20-14000-C,8734.61,76.28,0.1025,2.0,0.1075,2.0,78.0,26.64556,-4.53017,13.75728,7e-05,0.34675
9155.81,SYN.BTC-26JUN20,1573556344891,open,2.29,0.0,2.221,2.393,2.30203073,91.1,None,0.0,BTC-26JUN20-30000-P,8734.61,0.0,0.0,0.0,0.0,0.0,0.0,12.47687,-2.50487,-182.34609,3e-05,-0.90206
8753.26,SYN.BTC-22NOV19,1573556344889,open,0.18,0.0,0.1555,0.1915,0.17327343,65.09,None,0.0,BTC-22NOV19-7250-C,8734.61,0.0,0.01,1.0,0.0,0.0,0.0,1.10968,-3.65709,1.87534,8e-05,0.96511
8766.56,SYN.BTC-29NOV19,1573556344891,open,0.26,13.1,0.2315,0.29,0.25941218,69.34,0.233,0.0,BTC-29NOV19-11000-P,8734.61,0.0,0.009,1.0,0.0,0.0,0.0,2.63762,-5.41905,-4.80523,0.00011,-0.92613
8753.26,SYN.BTC-22NOV19,1573556344889,open,0.23,0.0,0.2045,0.2585,0.23029716,71.89,None,0.0,BTC-22NOV19-10750-P,8734.61,0.0,0.013,1.0,0.0,0.0,0.0,1.40437,-5.11182,-2.80333,9e-05,-0.95337
8753.26,SYN.BTC-22NOV19,1573556344889,open,0.0,58.6,0.0005,0.015,0.00385416,56.34,0.005,0.0,BTC-22NOV19-7750-P,8734.61,52.87,0.003,34.0,0.0045,20.0,58.74,2.27847,-6.49931,-0.21501,0.0002,-0.08693
9155.81,SYN.BTC-26JUN20,1573556344892,open,0.04,24.8,0.016,0.077,0.04225825,83.73,0.0435,0.0,BTC-26JUN20-22000-C,8734.61,82.54,0.04,3.0,0.045,3.2,85.15,17.50375,-3.23007,6.65357,4e-05,0.15917
8739.95,SYN.BTC-15NOV19,1573556344889,open,0.0,90.0,0.0005,0.011,0.00107696,77.82,0.0015,0.0,BTC-15NOV19-7750-P,8734.61,68.15,0.0005,21.0,0.0015,0.8,83.06,0.6406,-8.66773,-0.02688,0.00014,-0.03796
8739.95,SYN.BTC-15NOV19,1573556344889,open,0.2,0.0,0.178,0.229,0.20199651,98.39,None,0.0,BTC-15NOV19-10500-P,8734.61,0.0,0.0,0.0,0.0,0.0,0.0,0.37299,-6.38088,-0.81402,6e-05,-0.98016
9155.81,SYN.BTC-26JUN20,1573556344891,open,0.34,1.5,0.2945,0.374,0.33596582,72.07,0.419,0.0,BTC-26JUN20-7000-C,8734.61,71.24,0.334,2.0,0.338,2.0,72.93,21.62968,-3.43561,25.00581,6e-05,0.77535
8739.95,SYN.BTC-15NOV19,1573556344889,open,0.17,1.8,0.15,0.2005,0.1737025,93.27,0.103,0.0,BTC-15NOV19-10250-P,8734.61,0.0,0.0,0.0,0.0,0.0,0.0,0.52493,-8.51249,-0.78768,9e-05,-0.9702
8739.95,SYN.BTC-15NOV19,1573556344889,open,0.29,0.0,0.2705,0.299,0.28489462,99.55,None,0.0,BTC-15NOV19-6250-C,8734.61,0.0,0.276,5.0,0.296,5.0,300.01,0.00195,-0.03378,0.49237,0.0,0.99994
8753.26,SYN.BTC-22NOV19,1573556344889,open,0.15,0.0,0.1265,0.1645,0.14523721,58.62,None,0.0,BTC-22NOV19-7500-C,8734.61,0.0,0.0155,0.1,0.0,0.0,0.0,1.47091,-4.36587,1.90736,0.00012,0.95059
8766.56,SYN.BTC-29NOV19,1573556344891,open,0.71,0.0,0.678,0.7485,0.71161357,100.03,None,0.0,BTC-29NOV19-15000-P,8734.61,0.0,0.02,1.0,0.0,0.0,0.0,0.43276,-1.28259,-6.90333,1e-05,-0.99157
8766.56,SYN.BTC-29NOV19,1573556344889,open,0.2,5.0,0.177,0.2345,0.20484955,65.07,0.15,0.0,BTC-29NOV19-10500-P,8734.61,0.0,0.05,0.2,0.5,0.2,433.51,3.57478,-6.89212,-4.43232,0.00015,-0.88869
9155.81,SYN.BTC-26JUN20,1573556344890,open,0.06,76.6,0.0285,0.1025,0.06250841,80.17,0.068,0.0,BTC-26JUN20-18000-C,8734.61,79.31,0.0605,11.0,0.0655,0.2,81.42,21.68002,-3.83031,9.27983,5e-05,0.22557
8739.95,SYN.BTC-15NOV19,1573556344889,open,0.15,1.9,0.1245,0.1615,0.142615,89.17,0.181,0.0,BTC-15NOV19-7500-C,8734.61,0.0,0.1315,4.0,0.1575,4.0,190.82,0.44224,-6.85657,0.57367,8e-05,0.97573
8753.26,SYN.BTC-22NOV19,1573556344889,open,0.0,411.5,0.0005,0.0145,0.00423721,59.71,0.0045,0.0,BTC-22NOV19-10000-C,8734.61,58.85,0.004,20.1,0.0045,0.1,60.64,2.44627,-7.39561,0.21656,0.0002,0.09567
8739.95,SYN.BTC-15NOV19,1573556344889,open,0.01,239.3,0.0005,0.0265,0.00711011,50.82,0.0065,0.0,BTC-15NOV19-9000-C,8734.61,46.93,0.006,25.4,0.008,0.4,53.84,2.54183,-22.45793,0.1777,0.00083,0.26517
8753.26,SYN.BTC-22NOV19,1573556344889,open,0.0,19.0,0.0005,0.0115,0.00153694,65.1,0.002,0.0,BTC-22NOV19-7250-P,8734.61,60.32,0.001,16.0,0.002,20.6,68.48,1.10985,-3.65784,-0.08629,8e-05,-0.0349
8739.95,SYN.BTC-15NOV19,1573556344889,open,0.32,0.0,0.2995,0.327,0.31349767,96.29,None,0.0,BTC-15NOV19-6000-C,8734.61,0.0,0.305,5.0,0.324,5.0,323.28,0.00016,-0.00267,0.47271,0.0,1.0
8753.26,SYN.BTC-22NOV19,1573556344889,open,0.0,28.2,0.0005,0.0115,0.00164934,80.27,0.0015,0.0,BTC-22NOV19-11250-C,8734.61,79.01,0.0015,20.0,0.002,1.8,82.98,1.06751,-4.33833,0.07492,6e-05,0.03328
8739.95,SYN.BTC-15NOV19,1573556344889,open,0.0,200.3,0.0005,0.0105,0.00014984,100.0,0.0005,0.0,BTC-15NOV19-11000-C,8734.61,0.0,0.0,0.0,0.001,35.5,127.75,0.12086,-1.30956,0.00364,2e-05,0.00544
8766.56,SYN.BTC-29NOV19,1573556344891,open,0.07,808.4,0.0445,0.0965,0.06321967,55.01,0.065,0.0,BTC-29NOV19-8500-C,8734.61,53.51,0.062,12.5,0.064,2.0,55.97,7.14433,-11.64446,2.27939,0.00037,0.62559
8739.95,SYN.BTC-15NOV19,1573556344889,open,0.0,0.1,0.0005,0.0105,1.4e-06,100.0,0.002,0.0,BTC-15NOV19-6250-P,8734.61,0.0,0.0,0.0,0.0015,35.0,195.8,0.00208,-0.01226,-5e-05,0.0,-7e-05
9155.81,SYN.BTC-26JUN20,1573556344889,open,2.51,0.0,2.434,2.613,2.51822831,92.79,None,0.0,BTC-26JUN20-32000-P,8734.61,0.0,0.0,0.0,0.0,0.0,0.0,11.65849,-2.38404,-195.13923,2e-05,-0.91066
8766.56,SYN.BTC-29NOV19,1573556344892,open,0.11,372.7,0.082,0.132,0.10311513,57.39,0.101,0.0,BTC-29NOV19-8000-C,8734.61,55.58,0.102,4.0,0.1045,2.0,59.6,5.44673,-9.26158,2.78031,0.00027,0.78907
8739.95,SYN.BTC-15NOV19,1573556344889,open,0.0,0.1,0.0005,0.0105,1.8e-07,100.0,0.0015,0.0,BTC-15NOV19-6000-P,8734.61,0.0,0.0,0.0,0.0015,35.0,216.29,0.00032,-0.00156,-1e-05,0.0,-1e-05
8753.26,SYN.BTC-22NOV19,1573556344889,open,0.01,270.0,0.0005,0.0275,0.0085683,53.2,0.0085,0.0,BTC-22NOV19-9500-C,8734.61,51.89,0.008,16.0,0.0095,0.1,55.28,3.85929,-10.39429,0.42079,0.00035,0.18624
9155.81,SYN.BTC-26JUN20,1573556344893,open,0.82,0.0,0.7595,0.8965,0.8268735,78.44,None,0.0,BTC-26JUN20-16000-P,8734.61,27.65,0.748,2.0,0.873,2.0,94.9,24.14808,-4.17439,-88.23552,6e-05,-0.72355
8753.26,SYN.BTC-22NOV19,1573556344889,open,0.2,0.0,0.1845,0.219,0.20132615,70.09,None,0.0,BTC-22NOV19-7000-C,8734.61,0.0,0.0185,0.1,0.0,0.0,0.0,0.78293,-2.77822,1.8372,5e-05,0.97706
8739.95,SYN.BTC-15NOV19,1573556344889,open,0.31,0.0,0.29,0.343,0.31582447,100.06,None,0.0,BTC-15NOV19-11500-P,8734.61,0.0,0.0,0.0,0.0,0.0,0.0,0.02994,-0.52082,-0.90526,0.0,-0.99884
8753.26,SYN.BTC-22NOV19,1573556344890,open,0.2,0.0,0.1765,0.23,0.20222985,68.03,None,0.0,BTC-22NOV19-10500-P,8734.61,0.0,0.012,1.0,0.0,0.0,0.0,1.67508,-5.76988,-2.70941,0.00012,-0.94178
8753.26,SYN.BTC-22NOV19,1573556344889,open,0.0,37.2,0.0005,0.012,0.00206153,58.63,0.003,0.0,BTC-22NOV19-7500-P,8734.61,55.0,0.0015,35.0,0.0025,1.2,61.1,1.47108,-4.36656,-0.12191,0.00012,-0.04941
8739.95,SYN.BTC-15NOV19,1573556344889,open,0.26,0.0,0.2415,0.271,0.25629744,99.91,None,0.0,BTC-15NOV19-6500-C,8734.61,0.0,0.247,5.0,0.268,5.0,276.86,0.01011,-0.1757,0.51186,0.0,0.99964
8766.56,SYN.BTC-29NOV19,1573556344891,open,0.06,279.0,0.043,0.0985,0.06227811,55.01,0.061,0.0,BTC-29NOV19-9000-P,8734.61,52.32,0.06,5.0,0.0635,2.0,56.45,7.42083,-12.09536,-2.54147,0.00038,-0.56475
8766.56,SYN.BTC-29NOV19,1573556344889,open,0.21,7.4,0.1865,0.225,0.20554887,70.24,0.25,0.0,BTC-29NOV19-7000-C,8734.61,0.0,0.192,6.0,0.223,6.0,114.61,2.2081,-4.59516,2.98203,9e-05,0.94127
8739.95,SYN.BTC-15NOV19,1573556344889,open,0.03,389.2,0.0165,0.063,0.03686284,50.81,0.036,0.0,BTC-15NOV19-9000-P,8734.61,42.34,0.0345,0.1,0.0375,0.1,52.98,2.54176,-22.45602,-0.53139,0.00083,-0.73484
8739.95,SYN.BTC-15NOV19,1573556344889,open,0.23,0.0,0.206,0.257,0.23031013,99.96,None,0.0,BTC-15NOV19-10750-P,8734.61,0.0,0.0,0.0,0.0,0.0,0.0,0.22553,-3.91973,-0.83957,4e-05,-0.98895
8766.56,SYN.BTC-29NOV19,1573556344891,open,0.32,22.5,0.302,0.333,0.3169204,88.3,0.2095,0.0,BTC-29NOV19-6000-C,8734.61,0.0,0.308,7.0,0.3295,7.0,145.11,0.84307,-2.20568,2.69482,3e-05,0.98178
8766.56,SYN.BTC-29NOV19,1573556344891,open,0.01,314.6,0.0005,0.021,0.00744895,62.28,0.008,0.0,BTC-29NOV19-7500-P,8734.61,59.85,0.0065,20.0,0.0085,40.0,64.83,3.52005,-6.49552,-0.47177,0.00016,-0.10895
8739.95,SYN.BTC-15NOV19,1573556344890,open,0.23,0.0,0.212,0.2435,0.22772536,99.98,None,0.0,BTC-15NOV19-6750-C,8734.61,0.0,0.218,5.0,0.24,5.0,253.76,0.03921,-0.68163,0.5307,1e-05,0.99844
8753.26,SYN.BTC-22NOV19,1573556344889,open,0.17,0.0,0.149,0.202,0.17440271,64.3,None,0.0,BTC-22NOV19-10250-P,8734.61,0.0,0.011,1.0,0.0,0.0,0.0,2.03837,-6.63635,-2.60374,0.00015,-0.92499
8766.56,SYN.BTC-29NOV19,1573556344894,open,0.59,0.0,0.566,0.6335,0.59798944,95.6,None,0.0,BTC-29NOV19-14000-P,8734.61,0.0,0.014,1.0,0.0,0.0,0.0,0.70695,-2.00232,-6.41686,2e-05,-0.98517
9155.81,SYN.BTC-26JUN20,1573556344891,open,0.21,127.8,0.161,0.2635,0.2133638,72.07,0.225,0.0,BTC-26JUN20-9000-P,8734.61,70.62,0.209,2.0,0.215,2.0,72.62,27.40948,-4.3537,-33.5773,7e-05,-0.37664
