underlying_price,underlying_index,timestamp,state,settlement_price,open_interest,min_price,max_price,mark_price,mark_iv,last_price,interest_rate,instrument_name,index_price,bid_iv,best_bid_price,best_bid_amount,best_ask_price,best_ask_amount,ask_iv,vega,theta,rho,gamma,delta
183.12,SYN.ETH-25OCT19,1570877940014,open,0.3,0.0,0.269,0.317,0.293074,106.62,None,0.0,ETH-25OCT19-130-C,182.98,0.0,0.0,0.0,0.0,0.0,0.0,0.02662,-0.11023,0.0434,0.00211,0.96493
183.04,SYN.ETH-18OCT19,1570877940034,open,0.0,0.0,0.001,0.011,0.000499,92.99,None,0.0,ETH-18OCT19-240-C,182.98,0.0,0.0,0.0,0.001,3.0,102.39,0.00759,-0.06002,0.00036,0.00151,0.01264
8366.37,BTC-27DEC19,1570877940437,open,0.01,476.8,0.002,0.0245,0.01154406,96.82,0.0115,0.0,BTC-27DEC19-4500-P,8321.59,93.53,0.01,60.0,0.013,50.0,99.73,4.06023,-2.59045,-1.10552,3e-05,-0.05202
8366.37,BTC-27DEC19,1570877940437,open,0.0,1542.5,0.0005,0.0105,7.885e-05,115.0,0.0005,0.0,BTC-27DEC19-52000-C,8321.59,0.0,0.0,0.0,0.001,10.0,140.83,0.08464,-0.06415,0.00969,0.0,0.00064
8366.37,BTC-27DEC19,1570877940437,open,0.0,555.7,0.0005,0.0105,0.00044978,115.0,0.001,0.0,BTC-27DEC19-40000-C,8321.59,0.0,0.0,0.0,0.0015,39.0,129.04,0.37453,-0.28383,0.04861,0.0,0.00324
8329.19,SYN.BTC-25OCT19,1570877940437,open,0.8,0.0,0.766,0.8395,0.80117536,114.85,None,0.0,BTC-25OCT19-15000-P,8321.59,0.0,0.001,0.1,0.0,0.0,0.0,0.20207,-0.90122,-5.27926,1e-05,-0.99559
8468.29,BTC-27MAR20,1570877940439,open,0.01,570.1,0.0005,0.028,0.0099253,109.48,0.011,0.0,BTC-27MAR20-40000-C,8321.59,107.9,0.009,6.0,0.011,1.9,111.19,5.13919,-1.68573,1.24408,1e-05,0.04206
8349.84,SYN.BTC-29NOV19,1570877940439,open,0.08,202.7,0.045,0.1065,0.07622195,74.09,0.0755,0.0,BTC-29NOV19-9000-C,8321.59,71.83,0.073,17.6,0.078,25.8,75.33,11.93757,-9.23681,4.00874,0.00018,0.44224
8349.84,SYN.BTC-29NOV19,1570877940439,open,0.04,111.8,0.02,0.07,0.04375367,74.09,0.044,0.0,BTC-29NOV19-10000-C,8321.59,72.28,0.0415,19.5,0.046,27.5,75.88,10.43905,-8.07732,2.75507,0.00015,0.29531
8349.84,SYN.BTC-29NOV19,1570877940439,open,0.02,173.5,0.006,0.0355,0.01835436,84.46,0.018,0.0,BTC-29NOV19-6000-P,8321.59,83.94,0.018,15.0,0.0185,0.2,84.68,5.63895,-4.97411,-1.39182,7e-05,-0.10873
8329.19,SYN.BTC-25OCT19,1570877940455,open,0.68,2.0,0.648,0.7185,0.68155692,114.47,0.372,0.0,BTC-25OCT19-14000-P,8321.59,0.0,0.002,0.1,1.5,0.5,500.0,0.43526,-1.93487,-4.90987,2e-05,-0.98949
8366.37,BTC-27DEC19,1570877940462,open,0.01,373.2,0.0025,0.0295,0.01244061,88.31,0.016,0.0,BTC-27DEC19-16000-C,8321.59,86.88,0.0115,36.0,0.0135,24.0,89.84,5.63932,-3.28163,1.16474,4e-05,0.07941
8329.19,SYN.BTC-25OCT19,1570877940462,open,0.32,27.9,0.295,0.352,0.32215704,75.25,0.35,0.0,BTC-25OCT19-11000-P,8321.59,0.0,0.3025,4.0,0.344,4.0,141.91,1.03215,-3.01631,-3.79982,6e-05,-0.97109
8366.37,BTC-27DEC19,1570877940466,open,1.15,9.4,1.1115,1.2145,1.15976284,92.43,1.1125,0.0,BTC-27DEC19-18000-P,8321.59,0.0,0.006,3.0,0.0,0.0,0.0,4.1825,-2.54763,-36.62313,3e-05,-0.946
8366.37,BTC-27DEC19,1570877940466,open,2.81,0.3,2.75,2.9085,2.82633643,113.7,1.875,0.0,BTC-27DEC19-32000-P,8321.59,0.0,0.01,4.0,0.0,0.0,0.0,1.01115,-0.75759,-66.3744,1e-05,-0.99006
8468.29,BTC-27MAR20,1570877940468,open,0.05,212.0,0.017,0.0805,0.04478876,90.17,0.045,0.0,BTC-27MAR20-18000-C,8321.59,89.14,0.043,0.1,0.047,4.9,91.42,14.79708,-3.99776,5.06817,5e-05,0.17569
8329.19,SYN.BTC-25OCT19,1570877940468,open,0.38,0.0,0.354,0.4125,0.38170782,80.24,None,0.0,BTC-25OCT19-11500-P,8321.59,0.0,0.0015,0.1,0.0,0.0,0.0,0.73972,-2.30481,-4.00258,4e-05,-0.98055
8329.19,SYN.BTC-25OCT19,1570877940468,open,0.0,12.5,0.0005,0.011,0.00102363,80.27,0.001,0.0,BTC-25OCT19-11500-C,8321.59,72.93,0.0005,24.0,0.0015,30.1,84.97,0.74103,-2.30978,0.05426,4e-05,0.01949
8329.19,SYN.BTC-25OCT19,1570877940470,open,0.03,1617.3,0.0135,0.058,0.03447564,70.67,0.0325,0.0,BTC-25OCT19-8000-P,8321.59,68.55,0.033,24.0,0.035,0.5,71.42,5.82767,-15.99217,-1.14619,0.00034,-0.35562
8329.19,SYN.BTC-25OCT19,1570877940470,open,0.23,0.0,0.2045,0.244,0.22380562,87.66,None,0.0,BTC-25OCT19-6500-C,8321.59,0.0,0.2095,8.0,0.239,8.0,135.07,1.7677,-6.01752,2.11577,8e-05,0.9439
8366.37,BTC-27DEC19,1570877940474,open,0.37,73.3,0.3415,0.393,0.36730166,88.21,0.491,0.0,BTC-27DEC19-5500-C,8321.59,63.95,0.3505,12.0,0.3895,12.0,111.9,7.0191,-4.08021,9.1474,5e-05,0.89326
8366.37,BTC-27DEC19,1570877940476,open,0.65,0.0,0.6345,0.6555,0.64433872,115.0,None,0.0,BTC-27DEC19-3000-C,8321.59,0.0,0.01,14.2,0.0,0.0,0.0,1.2998,-0.985,5.95484,1e-05,0.98673
8366.37,BTC-27DEC19,1570877940476,open,0.01,798.7,0.0005,0.017,0.00566615,95.71,0.0065,0.0,BTC-27DEC19-20000-C,8321.59,93.86,0.005,10.0,0.0065,30.0,97.85,3.12732,-1.97244,0.55584,2e-05,0.03763
8366.37,BTC-27DEC19,1570877940478,open,0.17,423.8,0.124,0.2005,0.16399272,79.71,0.162,0.0,BTC-27DEC19-8000-C,8321.59,78.57,0.162,14.0,0.1665,10.5,81.16,14.52652,-7.63056,7.92717,0.00013,0.61979
8366.37,BTC-27DEC19,1570877940488,open,0.59,4.0,0.5745,0.6,0.58618385,106.86,0.666,0.0,BTC-27DEC19-3500-C,8321.59,0.0,0.021,10.1,0.0,0.0,0.0,1.92985,-1.35896,6.8307,1e-05,0.97894
8329.19,SYN.BTC-25OCT19,1570877940490,open,0.0,481.9,0.0005,0.0105,0.000724,114.54,0.0005,0.0,BTC-25OCT19-14000-C,8321.59,109.69,0.0005,18.2,0.001,8.5,119.22,0.43668,-1.94226,0.02886,2e-05,0.01054
8325.06,SYN.BTC-18OCT19,1570877940498,open,0.0,51.8,0.0005,0.0105,0.00048153,94.8,0.0005,0.0,BTC-18OCT19-11000-C,8321.59,0.0,0.0,0.0,0.001,27.0,104.81,0.33045,-2.66576,0.01547,3e-05,0.01202
8325.06,SYN.BTC-18OCT19,1570877940506,open,0.16,15.0,0.1425,0.1815,0.16145031,85.23,0.145,0.0,BTC-18OCT19-7000-C,8321.59,0.0,0.148,6.0,0.1765,6.0,150.67,1.06744,-7.74207,1.05846,0.00011,0.95126
8366.37,BTC-27DEC19,1570877940528,open,0.02,660.0,0.004,0.035,0.01580191,86.3,0.0225,0.0,BTC-27DEC19-15000-C,8321.59,84.63,0.0145,35.0,0.017,7.0,87.78,6.64808,-3.78091,1.4479,5e-05,0.09905
8366.37,BTC-27DEC19,1570877940528,open,0.08,557.3,0.0445,0.114,0.07913817,79.75,0.08,0.0,BTC-27DEC19-10000-C,8321.59,78.81,0.0775,1.0,0.0815,36.1,81.11,14.50972,-7.6257,5.21125,0.00013,0.37878
8325.06,SYN.BTC-18OCT19,1570877940528,open,0.01,456.1,0.0025,0.033,0.01479164,61.3,0.014,0.0,BTC-18OCT19-8000-P,8321.59,59.47,0.014,13.0,0.0165,7.9,65.2,3.6204,-18.88508,-0.40957,0.00053,-0.29082
8349.84,SYN.BTC-29NOV19,1570877940540,open,0.01,147.1,0.0005,0.017,0.00587782,89.09,0.006,0.0,BTC-29NOV19-15000-C,8321.59,86.59,0.005,7.5,0.007,18.0,91.99,3.0712,-2.85762,0.47277,4e-05,0.04904
8349.84,SYN.BTC-29NOV19,1570877940540,open,0.01,85.9,0.0005,0.0195,0.00738626,84.51,0.008,0.0,BTC-29NOV19-14000-C,8321.59,82.44,0.0065,7.5,0.0085,17.2,86.92,3.71083,-3.27508,0.60166,5e-05,0.06232
8366.37,BTC-27DEC19,1570877940550,open,0.0,246.1,0.0005,0.0105,2.979e-05,115.0,0.001,0.0,BTC-27DEC19-1500-P,8321.59,148.99,0.0005,8.0,0.001,36.9,161.99,0.0289,-0.0219,-0.004,0.0,-0.0002
8366.37,BTC-27DEC19,1570877940556,open,0.0,96.3,0.0005,0.0105,0.00023971,115.0,0.001,0.0,BTC-27DEC19-2000-P,8321.59,124.39,0.0005,35.0,0.002,30.0,148.83,0.17341,-0.13141,-0.02831,0.0,-0.00139
8366.37,BTC-27DEC19,1570877940572,open,0.02,658.5,0.006,0.0425,0.02085995,84.64,0.022,0.0,BTC-27DEC19-14000-C,8321.59,83.19,0.0195,34.0,0.0225,24.0,86.34,7.93617,-4.42663,1.84454,6e-05,0.12692
8329.19,SYN.BTC-25OCT19,1570877940572,open,0.91,0.0,0.8835,0.961,0.92105703,114.64,None,0.0,BTC-25OCT19-16000-P,8321.59,0.0,0.001,0.1,0.0,0.0,0.0,0.08675,-0.38617,-5.63937,0.0,-0.99827
8366.37,BTC-27DEC19,1570877940574,open,2.33,0.1,2.2815,2.4225,2.34897468,109.27,1.49,0.0,BTC-27DEC19-28000-P,8321.59,0.0,0.009,5.0,0.0,0.0,0.0,1.42724,-1.02767,-57.98777,1e-05,-0.98521
8468.29,BTC-27MAR20,1570877940576,open,3.01,0.0,2.939,3.1265,3.0273529,104.34,None,0.0,BTC-27MAR20-34000-P,8321.59,0.0,0.005,4.0,0.0,0.0,0.0,6.17431,-1.93022,-153.87769,2e-05,-0.94712
8366.37,BTC-27DEC19,1570877940576,open,0.06,711.0,0.0265,0.0875,0.05580091,80.96,0.055,0.0,BTC-27DEC19-11000-C,8321.59,80.45,0.055,1.0,0.057,18.0,81.73,13.03247,-6.95313,4.05276,0.00011,0.28883
8468.29,BTC-27MAR20,1570877940576,open,1.39,0.7,1.3295,1.471,1.39665509,91.75,1.433,0.0,BTC-27MAR20-20000-P,8321.59,0.0,1.344,1.0,1.437,1.0,114.04,12.81629,-3.52324,-87.32476,4e-05,-0.85884
8329.19,SYN.BTC-25OCT19,1570877940576,open,0.06,102.3,0.0345,0.089,0.06179978,67.28,0.06,0.0,BTC-25OCT19-8500-P,8321.59,66.87,0.0615,18.0,0.0655,18.0,72.23,6.21138,-16.22712,-1.76476,0.00038,-0.53883
8366.37,BTC-27DEC19,1570877940578,open,0.92,22.0,0.8785,0.9765,0.92486343,88.31,1.0275,0.0,BTC-27DEC19-16000-P,8321.59,0.0,0.42,0.2,0.0,0.0,0.0,5.64038,-3.28249,-32.09557,4e-05,-0.92057
8468.29,BTC-27MAR20,1570877940578,open,0.02,684.8,0.0095,0.0435,0.02434351,93.62,0.024,0.0,BTC-27MAR20-4000-P,8321.59,92.65,0.0235,133.8,0.025,25.0,94.36,7.40073,-2.07591,-3.52212,2e-05,-0.06663
8366.37,BTC-27DEC19,1570877940578,open,0.0,659.7,0.0005,0.0105,0.00085048,115.0,0.001,0.0,BTC-27DEC19-36000-C,8321.59,109.41,0.0005,15.5,0.0015,15.0,121.85,0.63425,-0.48065,0.08696,0.0,0.00585
8329.19,SYN.BTC-25OCT19,1570877940578,open,0.0,484.5,0.0005,0.0105,0.00028295,115.0,0.0005,0.0,BTC-25OCT19-15000-C,8321.59,0.0,0.0,0.0,0.001,7.5,132.4,0.204,-0.911,0.01225,1e-05,0.00445
8349.84,SYN.BTC-29NOV19,1570877940578,open,0.04,418.4,0.02,0.068,0.04266586,78.89,0.042,0.0,BTC-29NOV19-7000-P,8321.59,77.34,0.041,12.0,0.044,7.5,80.12,9.03778,-7.44591,-2.91636,0.00013,-0.22362
8329.19,SYN.BTC-25OCT19,1570877940578,open,0.0,923.9,0.0005,0.0105,3.861e-05,115.0,0.001,0.0,BTC-25OCT19-17000-C,8321.59,0.0,0.0,0.0,0.001,8.4,155.72,0.03788,-0.16917,0.00194,0.0,0.0007
8468.29,BTC-27MAR20,1570877940580,open,3.25,0.0,3.1705,3.366,3.26253276,106.07,None,0.0,BTC-27MAR20-36000-P,8321.59,0.0,0.005,3.0,0.0,0.0,0.0,5.76746,-1.83301,-163.15096,2e-05,-0.95146
8329.19,SYN.BTC-25OCT19,1570877940580,open,0.0,122.9,0.0005,0.0125,0.00278995,72.53,0.003,0.0,BTC-25OCT19-10500-C,8321.59,68.15,0.002,32.6,0.003,30.0,73.57,1.64722,-4.63918,0.14259,9e-05,0.05132
8366.37,BTC-27DEC19,1570877940586,open,0.76,0.0,0.7515,0.771,0.76118684,114.97,None,0.0,BTC-27DEC19-2000-C,8321.59,0.0,0.019,3.2,0.0,0.0,0.0,0.1731,-0.13115,4.12932,0.0,0.99861
8366.37,BTC-27DEC19,1570877940588,open,0.48,4.1,0.4555,0.4935,0.4736751,96.82,0.578,0.0,BTC-27DEC19-4500-C,8321.59,0.0,0.0125,6.1,0.0,0.0,0.0,4.06002,-2.59024,8.2491,3e-05,0.94798
8349.84,SYN.BTC-29NOV19,1570877940588,open,0.24,0.3,0.202,0.281,0.24138052,74.09,0.2015,0.0,BTC-29NOV19-10000-P,8321.59,42.97,0.208,5.0,0.2775,5.0,101.37,10.439,-8.07718,-10.36158,0.00015,-0.70469
8366.37,BTC-27DEC19,1570877940593,open,0.12,287.4,0.0755,0.1515,0.1147649,79.71,0.1145,0.0,BTC-27DEC19-9000-C,8321.59,77.92,0.1115,14.4,0.1175,34.0,81.22,15.21502,-7.99223,6.5671,0.00013,0.49236
8329.19,SYN.BTC-25OCT19,1570877940595,open,0.2,324.0,0.1785,0.2345,0.20537205,67.98,0.185,0.0,BTC-25OCT19-10000-P,8321.59,0.0,0.1835,5.0,0.2135,5.0,89.46,2.44861,-6.46439,-3.28991,0.00015,-0.91433
8366.37,BTC-27DEC19,1570877940609,open,3.76,0.0,3.6875,3.881,3.78149581,115.0,2.58,0.0,BTC-27DEC19-40000-P,8321.59,0.0,0.001,1.0,0.0,0.0,0.0,0.37453,-0.28383,-83.10284,0.0,-0.99676
8366.37,BTC-27DEC19,1570877940609,open,0.03,471.4,0.0095,0.053,0.02826216,83.14,0.035,0.0,BTC-27DEC19-13000-C,8321.59,81.56,0.0265,59.3,0.03,29.3,84.65,9.47776,-5.1925,2.38226,8e-05,0.16524
8366.37,BTC-27DEC19,1570877940623,open,0.0,342.0,0.0005,0.0105,0.00013733,115.0,0.0005,0.0,BTC-27DEC19-48000-C,8321.59,0.0,0.0,0.0,0.0015,39.0,141.24,0.13683,-0.10369,0.01625,0.0,0.00107
8329.19,SYN.BTC-25OCT19,1570877940625,open,0.0,656.3,0.0005,0.0115,0.00150261,75.28,0.0015,0.0,BTC-25OCT19-11000-C,8321.59,70.7,0.001,32.5,0.002,30.1,78.94,1.03328,-3.02045,0.08063,6e-05,0.02895
8325.06,SYN.BTC-18OCT19,1570877940625,open,0.02,518.7,0.005,0.041,0.02135974,60.1,0.0235,0.0,BTC-18OCT19-8500-C,8321.59,55.29,0.019,1.0,0.02,10.0,57.33,4.09947,-20.96493,0.51716,0.00061,0.40725
8366.37,BTC-27DEC19,1570877940641,open,0.12,706.1,0.081,0.159,0.12020302,79.71,0.1195,0.0,BTC-27DEC19-8000-P,8321.59,78.16,0.1175,32.3,0.123,19.5,81.32,14.52652,-7.63061,-8.70314,0.00013,-0.38021
8468.29,BTC-27MAR20,1570877940648,open,0.55,1.1,0.53,0.575,0.55199648,93.62,0.5375,0.0,BTC-27MAR20-4000-C,8321.59,0.0,0.012,3.1,0.0,0.0,0.0,7.40113,-2.07611,14.76532,2e-05,0.93337
8366.37,BTC-27DEC19,1570877940653,open,0.0,495.4,0.0005,0.012,0.0022345,109.22,0.0015,0.0,BTC-27DEC19-28000-C,8321.59,104.28,0.0015,8.4,0.003,39.0,113.27,1.42369,-1.02468,0.21763,1e-05,0.01475
8366.37,BTC-27DEC19,1570877940653,open,0.53,31.1,0.5145,0.5465,0.52965984,102.59,0.6265,0.0,BTC-27DEC19-4000-C,8321.59,0.0,0.019,4.2,0.5545,0.2,150.07,2.94956,-1.99397,7.57087,2e-05,0.96497
8366.37,BTC-27DEC19,1570877940655,open,0.19,747.5,0.145,0.2345,0.19050115,79.71,0.184,0.0,BTC-27DEC19-9000-P,8321.59,77.24,0.186,14.4,0.1935,19.0,81.36,15.21502,-7.99228,-12.14197,0.00013,-0.50764
8349.84,SYN.BTC-29NOV19,1570877940655,open,0.02,287.6,0.0045,0.034,0.01601657,78.22,0.0175,0.0,BTC-29NOV19-12000-C,8321.59,77.54,0.0155,2.0,0.0165,0.1,78.86,6.31028,-5.15518,1.22056,9e-05,0.12746
8325.06,SYN.BTC-18OCT19,1570877940655,open,0.22,0.5,0.2035,0.2375,0.22002852,95.4,0.18,0.0,BTC-18OCT19-6500-C,8321.59,0.0,0.207,6.0,0.2335,6.0,180.13,0.45961,-3.73103,1.02164,4e-05,0.98236
8325.06,SYN.BTC-18OCT19,1570877940655,open,0.04,168.0,0.019,0.0665,0.04237152,60.09,0.04,0.0,BTC-18OCT19-8500-P,8321.59,56.28,0.0405,18.0,0.0435,0.4,62.38,4.09945,-20.96321,-0.85117,0.00061,-0.59276
8349.84,SYN.BTC-29NOV19,1570877940670,open,0.01,1021.6,0.001,0.026,0.01093539,81.88,0.0125,0.0,BTC-29NOV19-13000-C,8321.59,80.25,0.01,7.6,0.012,25.0,83.66,4.88571,-4.17805,0.85917,7e-05,0.08938
8366.37,BTC-27DEC19,1570877940696,open,0.82,10.1,0.811,0.8305,0.82074057,115.0,0.8205,0.0,BTC-27DEC19-1500-C,8321.59,0.0,0.813,1.0,0.8295,1.0,231.65,0.0289,-0.0219,3.11418,0.0,0.9998
8366.37,BTC-27DEC19,1570877940696,open,0.27,493.3,0.227,0.321,0.27440253,79.76,0.27,0.0,BTC-27DEC19-10000-P,8321.59,70.16,0.258,17.0,0.28,17.0,82.97,14.50978,-7.62589,-15.57656,0.00013,-0.62122
8468.29,BTC-27MAR20,1570877940696,open,0.34,185.8,0.2825,0.4025,0.34388824,83.85,0.3445,0.0,BTC-27MAR20-10000-P,8321.59,81.29,0.337,3.6,0.3485,9.0,85.56,22.84205,-5.73843,-32.8236,8e-05,-0.50391
8366.37,BTC-27DEC19,1570877940696,open,0.07,259.2,0.0385,0.101,0.06916134,81.77,0.0675,0.0,BTC-27DEC19-7000-P,8321.59,80.29,0.067,17.0,0.0715,19.0,83.37,12.20159,-6.5748,-5.60521,0.0001,-0.25313
8468.29,BTC-27MAR20,1570877940696,open,0.01,50.1,0.0025,0.0325,0.01240312,104.38,0.013,0.0,BTC-27MAR20-34000-C,8321.59,102.38,0.011,10.0,0.014,6.0,106.48,6.18298,-1.93365,1.57069,2e-05,0.05297
8366.37,BTC-27DEC19,1570877940696,open,0.0,649.0,0.0005,0.013,0.00345309,103.42,0.0035,0.0,BTC-27DEC19-24000-C,8321.59,99.12,0.0025,16.1,0.0045,68.0,107.3,2.06284,-1.40583,0.33637,1e-05,0.02279
8329.19,SYN.BTC-25OCT19,1570877940696,open,0.15,14.9,0.1225,0.1805,0.15094666,67.27,0.139,0.0,BTC-25OCT19-9500-P,8321.59,0.0,0.136,14.0,0.16,14.0,84.69,3.8694,-10.10835,-2.89958,0.00024,-0.83591
8366.37,BTC-27DEC19,1570877940699,open,0.0,482.1,0.0005,0.012,0.00248343,105.1,0.0025,0.0,BTC-27DEC19-26000-C,8321.59,98.97,0.0015,40.0,0.0035,24.0,109.85,1.58578,-1.09826,0.24766,1e-05,0.01672
8468.29,BTC-27MAR20,1570877940699,open,0.25,109.1,0.1945,0.291,0.24537523,83.71,0.253,0.0,BTC-27MAR20-8000-C,8321.59,81.96,0.241,3.6,0.251,16.0,85.95,21.22357,-5.32304,15.63963,8e-05,0.64933
8468.29,BTC-27MAR20,1570877940699,open,0.08,250.1,0.0475,0.1175,0.08183501,86.08,0.081,0.0,BTC-27MAR20-6000-P,8321.59,84.8,0.0795,12.9,0.0835,5.0,86.99,15.46802,-3.98929,-10.47062,5e-05,-0.18861
8329.19,SYN.BTC-25OCT19,1570877940699,open,0.0,518.3,0.0005,0.0105,0.00098205,104.51,0.0015,0.0,BTC-25OCT19-13000-C,8321.59,96.11,0.0005,36.0,0.0015,7.5,110.78,0.59281,-2.40594,0.04122,2e-05,0.01501
8325.06,SYN.BTC-18OCT19,1570877940699,open,0.0,219.0,0.0005,0.012,0.00228354,85.22,0.0025,0.0,BTC-18OCT19-7000-P,8321.59,82.93,0.002,1.0,0.003,1.5,90.41,1.06697,-7.73736,-0.06835,0.00011,-0.04872
8366.37,BTC-27DEC19,1570877940700,open,0.0,519.0,0.0005,0.0125,0.00291717,115.0,0.004,0.0,BTC-27DEC19-3000-P,8321.59,112.19,0.0025,10.0,0.0045,62.0,123.88,1.2998,-0.985,-0.28152,1e-05,-0.01327
8366.37,BTC-27DEC19,1570877940700,open,1.62,4.9,1.579,1.695,1.63383954,99.46,1.0385,0.0,BTC-27DEC19-22000-P,8321.59,0.0,0.008,5.0,0.0,0.0,0.0,2.47816,-1.62427,-45.31396,2e-05,-0.97162
8329.19,SYN.BTC-25OCT19,1570877940700,open,0.01,1234.9,0.0005,0.022,0.00843207,80.04,0.0075,0.0,BTC-25OCT19-7000-P,8321.59,78.8,0.008,30.0,0.009,8.0,81.64,2.92317,-9.0859,-0.34516,0.00015,-0.10904
8325.06,SYN.BTC-18OCT19,1570877940700,open,0.0,184.8,0.0005,0.0105,0.00080223,95.36,0.001,0.0,BTC-18OCT19-6500-P,8321.59,89.03,0.0005,48.0,0.0015,0.5,105.63,0.45898,-3.72468,-0.02468,4e-05,-0.01761
8366.37,BTC-27DEC19,1570877940702,open,5.19,0.8,5.0935,5.343,5.21543867,115.0,3.59,0.0,BTC-27DEC19-52000-P,8321.59,0.0,0.001,11.0,0.0,0.0,0.0,0.08465,-0.06415,-108.08719,0.0,-0.99936
8349.84,SYN.BTC-29NOV19,1570877940705,open,0.45,0.0,0.4155,0.494,0.4531688,78.22,None,0.0,BTC-29NOV19-12000-P,8321.59,0.0,0.0005,12.0,0.0,0.0,0.0,6.31006,-5.15489,-14.51945,9e-05,-0.87255
8349.84,SYN.BTC-29NOV19,1570877940722,open,0.15,20.5,0.1155,0.1915,0.15408612,74.09,0.145,0.0,BTC-29NOV19-9000-P,8321.59,71.93,0.151,6.0,0.1565,9.0,75.78,11.93756,-9.23672,-7.79623,0.00018,-0.55776
8325.06,SYN.BTC-18OCT19,1570877940727,open,0.0,51.7,0.0005,0.0105,0.00053156,115.0,0.0005,0.0,BTC-18OCT19-6000-P,8321.59,114.07,0.0005,0.9,0.001,8.4,125.85,0.2873,-2.81148,-0.01443,2e-05,-0.01024
8468.29,BTC-27MAR20,1570877940743,open,0.11,513.9,0.065,0.157,0.11106181,84.76,0.1095,0.0,BTC-27MAR20-12000-C,8321.59,83.37,0.1075,5.0,0.115,5.0,86.3,21.69158,-5.50894,10.17469,8e-05,0.37386
8468.29,BTC-27MAR20,1570877940743,open,1.16,0.0,1.104,1.2425,1.17035041,90.16,1.23,0.0,BTC-27MAR20-18000-P,8321.59,0.0,1.1185,1.0,1.211,1.0,110.55,14.79505,-3.99683,-77.22759,5e-05,-0.82434
8329.19,SYN.BTC-25OCT19,1570877940743,open,1.03,0.0,1.001,1.083,1.04105001,114.06,None,0.0,BTC-25OCT19-17000-P,8321.59,0.0,0.001,0.1,0.0,0.0,0.0,0.03463,-0.15339,-5.99514,0.0,-0.99937
8468.29,BTC-27MAR20,1570877940745,open,2.78,0.0,2.708,2.8875,2.79244994,102.61,None,0.0,BTC-27MAR20-32000-P,8321.59,0.0,0.01,2.0,0.0,0.0,0.0,6.66969,-2.05062,-144.57281,2e-05,-0.94169
8468.29,BTC-27MAR20,1570877940747,open,0.06,898.9,0.025,0.097,0.05812142,88.1,0.0555,0.0,BTC-27MAR20-16000-C,8321.59,87.03,0.056,13.0,0.061,4.9,89.52,16.9788,-4.48167,6.28902,6e-05,0.22056
8349.84,SYN.BTC-29NOV19,1570877940747,open,0.21,1.1,0.173,0.2335,0.20432706,78.89,0.2115,0.0,BTC-29NOV19-7000-C,8321.59,0.0,0.0005,0.1,0.0,0.0,0.0,9.03781,-7.446,6.26526,0.00013,0.77638
8325.06,SYN.BTC-18OCT19,1570877940776,open,0.06,56.2,0.03,0.0765,0.05383938,61.3,0.058,0.0,BTC-18OCT19-8000-C,8321.59,53.48,0.0505,7.9,0.0545,6.0,62.82,3.62048,-18.88698,0.87824,0.00053,0.70917
185.45,ETH-27MAR20,1570877941102,open,0.03,0.0,0.007,0.051,0.024686,108.77,None,0.0,ETH-27MAR20-640-C,182.98,106.33,0.022,40.0,0.027,3.0,110.76,0.21032,-0.06854,0.05878,0.00123,0.09401
185.45,ETH-27MAR20,1570877941102,open,2.46,0.0,2.359,2.603,2.475751,108.77,None,0.0,ETH-27MAR20-640-P,182.98,0.0,0.0,0.0,0.0,0.0,0.0,0.21032,-0.06854,-2.86726,0.00123,-0.90599
8325.06,SYN.BTC-18OCT19,1570877500547,open,0.04,65.8,0.0135,0.0565,0.03496363,60.04,0.0315,0.0,BTC-18OCT19-8250-C,8321.59,52.1,0.031,16.2,0.0355,18.4,61.11,4.16226,-21.26405,0.7068,0.00062,0.56237
8325.06,SYN.BTC-18OCT19,1570877846624,open,0.01,141.5,0.0005,0.0235,0.00850023,65.09,0.009,0.0,BTC-18OCT19-7750-P,8321.59,63.59,0.008,13.0,0.0095,7.9,68.03,2.79044,-15.45719,-0.25524,0.00038,-0.18195
8325.06,SYN.BTC-18OCT19,1570877677962,open,0.01,456.1,0.0025,0.033,0.01479244,61.3,0.014,0.0,BTC-18OCT19-8000-P,8321.59,59.47,0.014,13.0,0.0165,7.9,65.2,3.6204,-18.88508,-0.40957,0.00053,-0.29082
8325.06,SYN.BTC-18OCT19,1570876988869,open,0.0,25.4,0.0005,0.0105,0.00046735,80.8,0.0005,0.0,BTC-18OCT19-10500-C,8321.59,0.0,0.0,0.0,0.001,52.1,90.06,0.36414,-2.50361,0.0174,4e-05,0.01345
8325.06,SYN.BTC-18OCT19,1570876991985,open,0.0,51.7,0.0005,0.0105,0.00053158,115.0,0.0005,0.0,BTC-18OCT19-6000-P,8321.59,114.07,0.0005,0.9,0.001,8.4,125.85,0.2873,-2.81148,-0.01443,2e-05,-0.01024
8325.06,SYN.BTC-18OCT19,1570877466153,open,0.0,347.6,0.0005,0.0175,0.00524368,71.11,0.0045,0.0,BTC-18OCT19-7500-P,8321.59,68.0,0.0045,57.0,0.006,8.0,74.11,2.04661,-12.38507,-0.16076,0.00026,-0.11471
8329.19,SYN.BTC-25OCT19,1570877611971,open,0.0,122.9,0.0005,0.0125,0.00278977,72.53,0.003,0.0,BTC-25OCT19-10500-C,8321.59,68.15,0.002,32.6,0.003,30.0,73.57,1.64722,-4.63918,0.14259,9e-05,0.05132
8329.19,SYN.BTC-25OCT19,1570874608183,open,0.0,518.3,0.0005,0.0105,0.00098203,104.51,0.0015,0.0,BTC-25OCT19-13000-C,8321.59,96.11,0.0005,36.0,0.0015,7.5,110.78,0.59281,-2.40594,0.04122,2e-05,0.01501
8329.19,SYN.BTC-25OCT19,1570874417037,open,0.0,923.9,0.0005,0.0105,3.861e-05,115.0,0.001,0.0,BTC-25OCT19-17000-C,8321.59,0.0,0.0,0.0,0.001,8.4,155.72,0.03788,-0.16917,0.00194,0.0,0.0007
8329.19,SYN.BTC-25OCT19,1570874608209,open,0.0,484.5,0.0005,0.0105,0.00028294,115.0,0.0005,0.0,BTC-25OCT19-15000-C,8321.59,0.0,0.0,0.0,0.001,7.5,132.4,0.204,-0.911,0.01225,1e-05,0.00445
8329.19,SYN.BTC-25OCT19,1570875770360,open,0.01,621.0,0.0005,0.015,0.00477694,67.99,0.005,0.0,BTC-25OCT19-10000-C,8321.59,65.23,0.004,29.5,0.0055,30.0,70.37,2.44921,-6.46675,0.23775,0.00015,0.0857
8325.06,SYN.BTC-18OCT19,1570877677959,open,0.0,108.6,0.0005,0.013,0.00313856,60.45,0.003,0.0,BTC-18OCT19-9250-C,8321.59,57.2,0.0025,8.0,0.004,30.5,64.36,1.72773,-8.88721,0.11759,0.00026,0.09088
8329.19,SYN.BTC-25OCT19,1570875767208,open,0.01,690.8,0.0005,0.025,0.01038118,67.28,0.0095,0.0,BTC-25OCT19-9500-C,8321.59,63.08,0.0085,50.5,0.011,24.0,68.59,3.8697,-10.10987,0.45168,0.00024,0.16411
8325.06,SYN.BTC-18OCT19,1570877295316,open,0.01,87.7,0.0015,0.0285,0.01208167,60.1,0.009,0.0,BTC-18OCT19-8750-C,8321.59,52.51,0.009,43.0,0.0115,0.1,58.7,3.48825,-17.83902,0.34478,0.00052,0.26935
8329.19,SYN.BTC-25OCT19,1570873937688,open,0.0,481.9,0.0005,0.0105,0.00072398,114.54,0.0005,0.0,BTC-25OCT19-14000-C,8321.59,109.69,0.0005,18.2,0.001,8.5,119.22,0.43668,-1.94226,0.02886,2e-05,0.01054
8366.37,BTC-27DEC19,1570877266696,open,0.06,711.0,0.0265,0.0875,0.05580097,80.96,0.055,0.0,BTC-27DEC19-11000-C,8321.59,80.45,0.055,1.0,0.057,18.0,81.73,13.03247,-6.95313,4.05276,0.00011,0.28883
8329.19,SYN.BTC-25OCT19,1570877549084,open,0.0,135.8,0.0005,0.014,0.00419247,87.65,0.004,0.0,BTC-25OCT19-6500-P,8321.59,86.74,0.004,7.5,0.0045,14.0,89.08,1.76736,-6.01588,-0.17712,8e-05,-0.05609
8329.19,SYN.BTC-25OCT19,1570875318279,open,0.0,656.3,0.0005,0.0115,0.00150255,75.28,0.0015,0.0,BTC-25OCT19-11000-C,8321.59,70.7,0.001,32.5,0.002,30.1,78.94,1.03328,-3.02045,0.08063,6e-05,0.02895
8366.37,BTC-27DEC19,1570875745673,open,0.02,658.5,0.006,0.0425,0.02085998,84.64,0.022,0.0,BTC-27DEC19-14000-C,8321.59,83.19,0.0195,34.0,0.0225,24.0,86.34,7.93617,-4.42663,1.84454,6e-05,0.12692
8366.37,BTC-27DEC19,1570875740890,open,0.01,373.2,0.0025,0.0295,0.01244063,88.31,0.016,0.0,BTC-27DEC19-16000-C,8321.59,86.88,0.0115,36.0,0.0135,24.0,89.84,5.63932,-3.28163,1.16474,4e-05,0.07941
8366.37,BTC-27DEC19,1570877335388,open,0.03,471.4,0.0095,0.053,0.02826216,83.14,0.035,0.0,BTC-27DEC19-13000-C,8321.59,81.56,0.0265,59.3,0.03,29.3,84.65,9.47776,-5.1925,2.38226,8e-05,0.16524
8366.37,BTC-27DEC19,1570877884041,open,0.08,557.3,0.0445,0.114,0.07913899,79.75,0.08,0.0,BTC-27DEC19-10000-C,8321.59,78.81,0.0775,1.0,0.0815,36.1,81.11,14.50972,-7.6257,5.21125,0.00013,0.37878
8329.19,SYN.BTC-25OCT19,1570875770120,open,0.0,859.5,0.0005,0.0125,0.00266416,100.51,0.002,0.0,BTC-25OCT19-6000-P,8321.59,95.37,0.002,1.0,0.0035,15.5,106.03,1.16565,-4.54984,-0.10622,5e-05,-0.03349
8366.37,BTC-27DEC19,1570877678229,open,0.04,775.4,0.0155,0.0675,0.03922198,81.84,0.0415,0.0,BTC-27DEC19-12000-C,8321.59,80.92,0.038,0.6,0.041,17.0,83.15,11.22526,-6.05345,3.10334,9e-05,0.21766
8325.06,SYN.BTC-18OCT19,1570876988908,open,0.0,51.8,0.0005,0.0105,0.00048151,94.8,0.0005,0.0,BTC-18OCT19-11000-C,8321.59,0.0,0.0,0.0,0.001,27.0,104.81,0.33045,-2.66576,0.01547,3e-05,0.01202
8366.37,BTC-27DEC19,1570869432411,open,0.0,342.0,0.0005,0.0105,0.00013733,115.0,0.0005,0.0,BTC-27DEC19-48000-C,8321.59,0.0,0.0,0.0,0.0015,39.0,141.24,0.13683,-0.10369,0.01625,0.0,0.00107
8325.06,SYN.BTC-18OCT19,1570877500545,open,0.0,16.0,0.0005,0.013,0.0032551,77.15,0.003,0.0,BTC-18OCT19-7250-P,8321.59,72.53,0.0025,47.0,0.004,8.0,81.22,1.44825,-9.50777,-0.10077,0.00017,-0.07194
8468.29,BTC-27MAR20,1570877651996,open,0.11,513.9,0.065,0.157,0.11106,84.76,0.1095,0.0,BTC-27MAR20-12000-C,8321.59,83.37,0.1075,5.0,0.115,5.0,86.3,21.69158,-5.50894,10.17469,8e-05,0.37386
8366.37,BTC-27DEC19,1570875318615,open,0.01,798.7,0.0005,0.017,0.00566625,95.71,0.0065,0.0,BTC-27DEC19-20000-C,8321.59,93.86,0.005,10.0,0.0065,30.0,97.85,3.12732,-1.97244,0.55584,2e-05,0.03763
8366.37,BTC-27DEC19,1570877550704,open,0.09,245.3,0.057,0.128,0.09242853,80.58,0.0905,0.0,BTC-27DEC19-7500-P,8321.59,79.08,0.09,15.0,0.095,19.0,82.17,13.55385,-7.19739,-7.08896,0.00012,-0.31517
8366.37,BTC-27DEC19,1570875318833,open,0.0,762.7,0.0005,0.0115,0.00172563,110.9,0.0015,0.0,BTC-27DEC19-30000-C,8321.59,104.54,0.001,0.1,0.0025,12.5,115.81,1.14999,-0.84039,0.17035,1e-05,0.01152
8366.37,BTC-27DEC19,1570875318862,open,0.0,495.4,0.0005,0.012,0.0022345,109.22,0.0015,0.0,BTC-27DEC19-28000-C,8321.59,104.28,0.0015,8.4,0.003,39.0,113.27,1.42369,-1.02468,0.21763,1e-05,0.01475
8366.37,BTC-27DEC19,1570877633530,open,0.02,890.5,0.0055,0.0335,0.01706965,92.19,0.0185,0.0,BTC-27DEC19-5000-P,8321.59,89.73,0.0155,59.0,0.0185,33.7,94.36,5.43621,-3.30266,-1.61286,4e-05,-0.07567
8468.29,BTC-27MAR20,1570877846858,open,0.16,232.9,0.1115,0.211,0.16302057,83.85,0.166,0.0,BTC-27MAR20-10000-C,8321.59,83.29,0.1615,0.6,0.1655,14.0,84.77,22.84206,-5.73864,12.89577,8e-05,0.4961
8366.37,BTC-27DEC19,1570877678861,open,0.05,391.8,0.025,0.0785,0.05029492,83.33,0.0475,0.0,BTC-27DEC19-6500-P,8321.59,81.9,0.0485,38.3,0.052,19.0,84.68,10.5647,-5.80133,-4.29152,9e-05,-0.19646
8366.37,BTC-27DEC19,1570877548688,open,0.02,660.0,0.004,0.035,0.01580209,86.3,0.0225,0.0,BTC-27DEC19-15000-C,8321.59,84.63,0.0145,35.0,0.017,7.0,87.78,6.64808,-3.78091,1.4479,5e-05,0.09905
8325.06,SYN.BTC-18OCT19,1570877482896,open,0.01,418.3,0.0005,0.0195,0.0063253,60.1,0.005,0.0,BTC-18OCT19-9000-C,8321.59,55.67,0.005,21.7,0.007,24.5,62.22,2.5961,-13.27648,0.20929,0.00039,0.1625
8366.37,BTC-27DEC19,1570875318913,open,0.0,410.0,0.0005,0.014,0.00426422,99.46,0.0055,0.0,BTC-27DEC19-22000-C,8321.59,96.71,0.0035,10.0,0.005,30.0,101.82,2.47814,-1.62425,0.41933,2e-05,0.02837
8366.37,BTC-27DEC19,1570875318985,open,0.0,443.4,0.0005,0.0145,0.00452631,106.86,0.004,0.0,BTC-27DEC19-3500-P,8321.59,104.5,0.004,10.0,0.005,0.6,108.86,1.93009,-1.35919,-0.44512,1e-05,-0.02107
8349.83,SYN.BTC-29NOV19,1570877547427,open,0.03,15.6,0.0135,0.0575,0.03354975,74.87,0.035,0.0,BTC-29NOV19-10500-C,8321.59,73.03,0.0315,39.8,0.036,47.8,77.03,9.37977,-7.33393,2.25024,0.00014,0.23901
8349.84,SYN.BTC-29NOV19,1570875719058,open,0.01,85.9,0.0005,0.0195,0.00738624,84.51,0.008,0.0,BTC-29NOV19-14000-C,8321.59,82.44,0.0065,7.5,0.0085,17.2,86.92,3.71083,-3.27508,0.60166,5e-05,0.06232
8366.37,BTC-27DEC19,1570875319092,open,0.0,336.6,0.0005,0.011,0.00149049,113.62,0.0015,0.0,BTC-27DEC19-32000-C,8321.59,101.86,0.0005,65.0,0.0025,39.0,120.52,1.00669,-0.75374,0.14605,1e-05,0.00989
8468.29,BTC-27MAR20,1570875321780,open,0.03,143.5,0.0085,0.058,0.02838897,93.68,0.031,0.0,BTC-27MAR20-22000-C,8321.59,91.85,0.026,16.0,0.031,19.0,95.61,11.24702,-3.15705,3.4284,4e-05,0.11694
8468.29,BTC-27MAR20,1570875321128,open,0.02,37.6,0.004,0.041,0.01743105,99.22,0.021,0.0,BTC-27MAR20-28000-C,8321.59,97.11,0.0155,17.0,0.0195,10.0,101.33,8.01692,-2.38328,2.18742,2e-05,0.07393
8468.29,BTC-27MAR20,1570875325927,open,0.01,70.6,0.0015,0.031,0.01140923,106.12,0.0115,0.0,BTC-27MAR20-36000-C,8321.59,103.96,0.01,10.0,0.013,7.0,108.35,5.77693,-1.83678,1.44146,2e-05,0.04864
8468.29,BTC-27MAR20,1570876990168,open,0.01,50.1,0.0025,0.0325,0.01240286,104.38,0.013,0.0,BTC-27MAR20-34000-C,8321.59,102.38,0.011,10.0,0.014,6.0,106.48,6.18298,-1.93365,1.57069,2e-05,0.05297
8366.37,BTC-27DEC19,1570876133057,open,0.0,519.0,0.0005,0.0125,0.00291717,115.0,0.004,0.0,BTC-27DEC19-3000-P,8321.59,112.19,0.0025,10.0,0.0045,62.0,123.88,1.2998,-0.985,-0.28152,1e-05,-0.01327
8349.83,SYN.BTC-29NOV19,1570876701412,open,0.01,12.6,0.003,0.0295,0.01319969,80.13,0.014,0.0,BTC-29NOV19-12500-C,8321.59,78.28,0.012,7.5,0.0145,24.0,82.04,5.55607,-4.64954,1.02201,8e-05,0.10652
8366.37,BTC-27DEC19,1570875318790,open,0.01,747.9,0.0005,0.0225,0.00829212,92.43,0.01,0.0,BTC-27DEC19-18000-C,8321.59,90.8,0.0075,42.0,0.009,24.0,93.82,4.18246,-2.5476,0.79502,3e-05,0.054
8349.84,SYN.BTC-29NOV19,1570877395679,open,0.04,111.8,0.02,0.07,0.04375348,74.09,0.044,0.0,BTC-29NOV19-10000-C,8321.59,72.28,0.0415,19.5,0.046,27.5,75.88,10.43905,-8.07732,2.75507,0.00015,0.29531
8366.37,BTC-27DEC19,1570875318824,open,0.0,291.4,0.0005,0.011,0.00100927,115.0,0.0015,0.0,BTC-27DEC19-2500-P,8321.59,114.86,0.001,39.0,0.002,0.5,126.46,0.56579,-0.42877,-0.10703,0.0,-0.00515
8366.37,BTC-27DEC19,1570877675626,open,0.03,1044.0,0.0155,0.06,0.03584163,85.63,0.0375,0.0,BTC-27DEC19-6000-P,8321.59,84.34,0.0345,21.0,0.0375,43.9,87.19,8.79855,-4.96463,-3.19039,7e-05,-0.1476
8366.37,BTC-27DEC19,1570875319198,open,0.01,546.9,0.0005,0.018,0.00776548,102.59,0.0075,0.0,BTC-27DEC19-4000-P,8321.59,100.36,0.007,10.0,0.0085,10.0,104.62,2.94976,-1.99417,-0.74434,2e-05,-0.03503
8349.84,SYN.BTC-29NOV19,1570875322482,open,0.01,195.7,0.0005,0.0195,0.00825897,96.01,0.0085,0.0,BTC-29NOV19-5000-P,8321.59,92.47,0.007,48.5,0.0095,33.5,99.23,3.0993,-3.10755,-0.63376,4e-05,-0.04961
8349.83,SYN.BTC-29NOV19,1570877831550,open,0.06,79.4,0.034,0.091,0.06164556,76.71,0.057,0.0,BTC-29NOV19-7500-P,8321.59,76.2,0.061,0.1,0.064,15.5,78.58,10.50968,-8.4202,-3.95754,0.00015,-0.2997
183.8,ETH-27DEC19,1570877758304,open,0.06,1688.0,0.023,0.087,0.053531,100.16,0.058,0.0,ETH-27DEC19-280-C,182.98,97.68,0.05,448.0,0.057,145.0,102.57,0.26288,-0.17352,0.07279,0.00374,0.24403
8366.37,BTC-27DEC19,1570877678842,open,0.12,287.4,0.0755,0.1515,0.11476589,79.71,0.1145,0.0,BTC-27DEC19-9000-C,8321.59,77.92,0.1115,14.4,0.1175,34.0,81.22,15.21502,-7.99223,6.5671,0.00013,0.49236
8366.37,BTC-27DEC19,1570875318962,open,0.0,555.7,0.0005,0.0105,0.00044978,115.0,0.001,0.0,BTC-27DEC19-40000-C,8321.59,0.0,0.0,0.0,0.0015,39.0,129.04,0.37453,-0.28383,0.04861,0.0,0.00324
183.8,ETH-27DEC19,1570877548410,open,0.03,926.0,0.008,0.05,0.026018,101.08,0.03,0.0,ETH-27DEC19-340-C,182.98,97.95,0.023,630.0,0.029,310.0,104.03,0.18172,-0.12104,0.04155,0.00256,0.13475
8349.83,SYN.BTC-29NOV19,1570877681404,open,0.02,44.2,0.0065,0.041,0.02086813,77.67,0.02,0.0,BTC-29NOV19-11500-C,8321.59,76.68,0.02,1.0,0.022,30.5,78.95,7.33719,-5.95181,1.51627,0.0001,0.15931
183.04,SYN.ETH-18OCT19,1570877548196,open,0.0,203.0,0.001,0.012,0.002001,92.9,0.002,0.0,ETH-18OCT19-150-P,182.98,81.95,0.001,201.0,0.003,1.0,100.99,0.02011,-0.15894,-0.00124,0.00401,-0.04023
183.04,SYN.ETH-18OCT19,1570877548176,open,0.01,1006.0,0.001,0.017,0.004502,82.07,0.005,0.0,ETH-18OCT19-160-P,182.98,74.06,0.003,201.0,0.006,152.0,88.91,0.03754,-0.26217,-0.00277,0.00848,-0.08944
8468.29,BTC-27MAR20,1570875322277,open,0.02,107.7,0.0035,0.038,0.01545809,101.1,0.0155,0.0,BTC-27MAR20-30000-C,8321.59,98.75,0.0135,22.0,0.0175,10.0,103.38,7.32218,-2.21807,1.94583,2e-05,0.06572
183.04,SYN.ETH-18OCT19,1570877854916,open,0.03,414.0,0.007,0.057,0.029901,75.0,0.028,0.0,ETH-18OCT19-180-P,182.98,63.01,0.024,120.0,0.028,10.0,71.15,0.09036,-0.57672,-0.01301,0.02234,-0.41147
8349.83,SYN.BTC-29NOV19,1570877678834,open,0.1,68.5,0.0655,0.1305,0.09892951,74.09,0.1025,0.0,BTC-29NOV19-8500-C,8321.59,71.71,0.0955,16.5,0.101,24.5,75.52,12.03657,-9.31344,4.68831,0.00018,0.527
183.8,ETH-27DEC19,1570877548631,open,0.0,12462.0,0.001,0.012,0.002002,115.05,0.005,0.0,ETH-27DEC19-680-C,182.98,106.68,0.001,1270.0,0.003,2709.0,120.76,0.0277,-0.021,0.00413,0.00034,0.01281
8366.37,BTC-27DEC19,1570875319624,open,0.01,476.8,0.002,0.0245,0.0115439,96.82,0.0115,0.0,BTC-27DEC19-4500-P,8321.59,93.53,0.01,60.0,0.013,50.0,99.73,4.06023,-2.59045,-1.10552,3e-05,-0.05202
183.04,SYN.ETH-18OCT19,1570869055146,open,0.0,0.0,0.001,0.011,0.0005,92.99,None,0.0,ETH-18OCT19-240-C,182.98,0.0,0.0,0.0,0.001,3.0,102.39,0.00759,-0.06002,0.00036,0.00151,0.01264
183.12,SYN.ETH-25OCT19,1570877548065,open,0.0,1171.0,0.001,0.011,0.002,95.17,0.001,0.0,ETH-25OCT19-260-C,182.98,85.75,0.001,1.0,0.003,203.0,101.93,0.0238,-0.08796,0.00185,0.00211,0.03062
183.04,SYN.ETH-18OCT19,1570877548468,open,0.0,325.0,0.001,0.011,0.001499,79.61,0.001,0.0,ETH-18OCT19-220-C,182.98,74.31,0.001,59.0,0.002,200.0,83.96,0.01933,-0.13098,0.00109,0.0045,0.03834
8349.83,SYN.BTC-29NOV19,1570877755587,open,0.11,24.1,0.081,0.152,0.11691401,74.09,0.1115,0.0,BTC-29NOV19-8500-P,8321.59,72.41,0.1145,7.0,0.121,28.9,76.92,12.03657,-9.3133,-6.46082,0.00018,-0.473
183.04,SYN.ETH-18OCT19,1570877548088,open,0.01,459.0,0.001,0.03,0.011472,75.0,0.01,0.0,ETH-18OCT19-170-P,182.98,67.92,0.009,160.0,0.012,1.0,76.46,0.06596,-0.42096,-0.00637,0.0163,-0.20485
8366.37,BTC-27DEC19,1570876435771,open,0.0,442.3,0.0005,0.0105,0.00024517,115.0,0.0005,0.0,BTC-27DEC19-44000-C,8321.59,0.0,0.0,0.0,0.001,17.9,130.07,0.22461,-0.17022,0.0278,0.0,0.00184
8366.37,BTC-27DEC19,1570875760072,open,0.0,482.1,0.0005,0.012,0.00248344,105.1,0.0025,0.0,BTC-27DEC19-26000-C,8321.59,98.97,0.0015,40.0,0.0035,24.0,109.85,1.58578,-1.09826,0.24766,1e-05,0.01672
8349.84,SYN.BTC-29NOV19,1570876495146,open,0.01,1021.6,0.001,0.026,0.01093534,81.88,0.0125,0.0,BTC-29NOV19-13000-C,8321.59,80.25,0.01,7.6,0.012,25.0,83.66,4.88571,-4.17805,0.85917,7e-05,0.08938
8366.37,BTC-27DEC19,1570877549700,open,0.0,659.7,0.0005,0.0105,0.00085049,115.0,0.001,0.0,BTC-27DEC19-36000-C,8321.59,109.41,0.0005,15.5,0.0015,15.0,121.85,0.63425,-0.48065,0.08696,0.0,0.00585
8349.84,SYN.BTC-29NOV19,1570877678241,open,0.04,418.4,0.02,0.068,0.04266605,78.89,0.042,0.0,BTC-29NOV19-7000-P,8321.59,77.34,0.041,12.0,0.044,7.5,80.12,9.03778,-7.44591,-2.91636,0.00013,-0.22362
183.12,SYN.ETH-25OCT19,1570877854923,open,0.02,22.0,0.003,0.035,0.015777,79.97,0.015,0.0,ETH-25OCT19-210-C,182.98,76.54,0.014,160.0,0.017,3.0,82.26,0.09667,-0.30021,0.01199,0.01022,0.20134
183.8,ETH-27DEC19,1570877548500,open,0.0,7122.0,0.001,0.013,0.003503,108.32,0.006,0.0,ETH-27DEC19-560-C,182.98,100.89,0.002,1350.0,0.005,310.0,113.8,0.04445,-0.03173,0.00717,0.00058,0.02228
183.8,ETH-27DEC19,1570877591328,open,0.02,895.0,0.004,0.036,0.01654,101.83,0.025,0.0,ETH-27DEC19-380-C,182.98,98.3,0.014,630.0,0.019,480.0,105.0,0.13764,-0.09236,0.0286,0.00192,0.09139
8366.37,BTC-27DEC19,1570877678813,open,0.07,259.2,0.0385,0.101,0.06916137,81.77,0.0675,0.0,BTC-27DEC19-7000-P,8321.59,80.29,0.067,17.0,0.0715,19.0,83.37,12.20159,-6.5748,-5.60521,0.0001,-0.25313
183.04,SYN.ETH-18OCT19,1570877548092,open,0.0,20.0,0.001,0.011,0.000546,120.0,0.004,0.0,ETH-18OCT19-130-P,182.98,0.0,0.0,0.0,0.002,350.0,146.38,0.00623,-0.06361,-0.00031,0.00096,-0.01007
8349.84,SYN.BTC-29NOV19,1570876620020,open,0.03,170.5,0.009,0.048,0.02593664,75.85,0.027,0.0,BTC-29NOV19-11000-C,8321.59,73.87,0.024,45.8,0.028,40.8,77.9,8.29058,-6.56702,1.83188,0.00012,0.1932
8366.37,BTC-27DEC19,1570874416779,open,0.0,1542.5,0.0005,0.0105,7.885e-05,115.0,0.0005,0.0,BTC-27DEC19-52000-C,8321.59,0.0,0.0,0.0,0.001,10.0,140.83,0.08464,-0.06415,0.00969,0.0,0.00064
185.45,ETH-27MAR20,1570877867260,open,0.05,1150.0,0.016,0.08,0.045003,104.56,0.049,0.0,ETH-27MAR20-480-C,182.98,102.08,0.041,390.0,0.049,240.0,106.94,0.30595,-0.09585,0.09808,0.00186,0.16068
185.45,ETH-27MAR20,1570877866690,open,0.08,686.0,0.04,0.128,0.083506,102.26,0.087,0.0,ETH-27MAR20-360-C,182.98,99.77,0.078,406.0,0.089,405.0,104.7,0.41442,-0.12698,0.15791,0.00258,0.26975
8366.37,BTC-27DEC19,1570877729181,open,0.12,706.1,0.081,0.159,0.1202031,79.71,0.1195,0.0,BTC-27DEC19-8000-P,8321.59,78.16,0.1175,32.3,0.123,19.5,81.32,14.52652,-7.63061,-8.70314,0.00013,-0.38021
8366.37,BTC-27DEC19,1570875319218,open,0.0,649.0,0.0005,0.013,0.00345315,103.42,0.0035,0.0,BTC-27DEC19-24000-C,8321.59,99.12,0.0025,16.1,0.0045,68.0,107.3,2.06284,-1.40583,0.33637,1e-05,0.02279
183.8,ETH-27DEC19,1570877866681,open,0.04,5133.0,0.017,0.064,0.038972,105.15,0.04,0.0,ETH-27DEC19-120-P,182.98,103.07,0.037,72.0,0.041,160.0,107.23,0.17675,-0.12247,-0.06435,0.00239,-0.12944
183.8,ETH-27DEC19,1570877548490,open,0.02,1033.0,0.006,0.043,0.021015,101.83,0.027,0.0,ETH-27DEC19-360-C,182.98,99.46,0.019,371.0,0.023,480.0,104.07,0.15965,-0.10713,0.03478,0.00223,0.11203
183.12,SYN.ETH-25OCT19,1570877866672,open,0.02,2200.0,0.003,0.034,0.015465,82.83,0.013,0.0,ETH-25OCT19-160-P,182.98,79.73,0.014,160.0,0.017,2.0,85.99,0.08777,-0.2823,-0.01213,0.00896,-0.17224
183.04,SYN.ETH-18OCT19,1570877548224,open,0.0,5.0,0.001,0.011,0.0005,95.53,0.001,0.0,ETH-18OCT19-140-P,182.98,0.0,0.0,0.0,0.001,3.0,105.75,0.00701,-0.05697,-0.00035,0.00136,-0.01153
183.8,ETH-27DEC19,1570877862078,open,0.11,3373.0,0.069,0.153,0.111932,100.28,0.123,0.0,ETH-27DEC19-160-P,182.98,98.41,0.109,340.0,0.115,100.0,102.21,0.29022,-0.19179,-0.1564,0.00412,-0.29739
183.8,ETH-27DEC19,1570877867226,open,0.12,5412.0,0.069,0.156,0.114342,99.9,0.114,0.0,ETH-27DEC19-220-C,182.98,96.93,0.109,232.0,0.117,136.0,101.39,0.32969,-0.21704,0.12203,0.0047,0.4337
8349.84,SYN.BTC-29NOV19,1570877675557,open,0.08,179.3,0.054,0.1195,0.08676517,75.47,0.0865,0.0,BTC-29NOV19-8000-P,8321.59,73.83,0.0845,10.0,0.0895,15.5,77.44,11.55646,-9.10807,-5.16316,0.00017,-0.38466
8468.29,BTC-27MAR20,1570877898379,open,0.08,250.1,0.0475,0.1175,0.08183683,86.08,0.081,0.0,BTC-27MAR20-6000-P,8321.59,84.8,0.0795,12.9,0.0835,5.0,86.99,15.46802,-3.98929,-10.47062,5e-05,-0.18861
8349.84,SYN.BTC-29NOV19,1570877548312,open,0.01,147.1,0.0005,0.017,0.00587782,89.09,0.006,0.0,BTC-29NOV19-15000-C,8321.59,86.59,0.005,7.5,0.007,18.0,91.99,3.0712,-2.85762,0.47277,4e-05,0.04904
183.8,ETH-27DEC19,1570877875373,open,0.03,1229.0,0.011,0.06,0.033022,100.83,0.046,0.0,ETH-27DEC19-320-C,182.98,98.11,0.03,448.0,0.036,597.0,103.43,0.20759,-0.13794,0.05023,0.00293,0.16448
8468.29,BTC-27MAR20,1570877898351,open,0.19,216.6,0.1385,0.24,0.19007314,83.7,0.192,0.0,BTC-27MAR20-8000-P,8321.59,81.88,0.1855,4.9,0.1935,4.9,85.07,21.22362,-5.32289,-20.93569,8e-05,-0.35067
183.5,SYN.ETH-29NOV19,1570877575576,open,0.07,236.0,0.032,0.097,0.065105,90.74,0.081,0.0,ETH-29NOV19-220-C,182.98,87.66,0.061,354.0,0.068,117.0,92.9,0.24592,-0.23304,0.06835,0.00614,0.34909
183.8,ETH-27DEC19,1570877548524,open,0.01,10984.0,0.001,0.015,0.005004,107.83,0.007,0.0,ETH-27DEC19-520-C,182.98,104.43,0.004,1500.0,0.006,160.0,110.79,0.05823,-0.04137,0.00984,0.00077,0.03077
183.12,SYN.ETH-25OCT19,1570877548319,open,0.0,5398.0,0.001,0.011,0.0015,106.54,0.002,0.0,ETH-25OCT19-280-C,182.98,100.69,0.001,269.0,0.002,200.0,111.23,0.01776,-0.0735,0.0013,0.00141,0.02159
8468.29,BTC-27MAR20,1570875912484,open,0.04,354.2,0.012,0.067,0.03491919,91.76,0.035,0.0,BTC-27MAR20-20000-C,8321.59,90.14,0.0325,24.0,0.0375,11.0,93.44,12.81912,-3.52445,4.1151,4e-05,0.14121
183.04,SYN.ETH-18OCT19,1570877548204,open,0.0,295.0,0.001,0.014,0.003389,75.0,0.004,0.0,ETH-18OCT19-210-C,182.98,66.76,0.002,1.0,0.004,200.0,78.07,0.03496,-0.2231,0.0023,0.00864,0.08133
183.5,SYN.ETH-29NOV19,1570876879336,open,0.05,171.0,0.018,0.072,0.043507,90.74,0.044,0.0,ETH-29NOV19-240-C,182.98,86.83,0.039,351.0,0.045,2.0,92.02,0.21428,-0.20306,0.05139,0.00535,0.25702
185.45,ETH-27MAR20,1570877548569,open,0.06,1121.0,0.022,0.093,0.054504,103.77,0.058,0.0,ETH-27MAR20-440-C,182.98,101.26,0.05,409.0,0.059,409.0,106.18,0.33947,-0.10554,0.11426,0.00208,0.18927
183.12,SYN.ETH-25OCT19,1570877856967,open,0.03,1814.0,0.007,0.051,0.026997,79.97,0.027,0.0,ETH-25OCT19-200-C,182.98,78.45,0.026,2.0,0.028,241.0,81.49,0.12035,-0.37374,0.01791,0.01272,0.30432
183.8,ETH-27DEC19,1570877548439,open,0.01,7457.0,0.001,0.023,0.009007,103.53,0.009,0.0,ETH-27DEC19-440-C,182.98,99.17,0.007,470.0,0.011,480.0,107.32,0.09099,-0.06208,0.01694,0.00125,0.05334
185.45,ETH-27MAR20,1570877548637,open,0.11,626.0,0.056,0.153,0.105122,101.29,0.105,0.0,ETH-27MAR20-320-C,182.98,98.76,0.099,403.0,0.11,403.0,103.28,0.45124,-0.13694,0.18632,0.00283,0.32487
8468.29,BTC-27MAR20,1570877676599,open,0.08,285.1,0.0395,0.121,0.07850506,86.19,0.089,0.0,BTC-27MAR20-14000-C,8321.59,85.09,0.076,5.0,0.082,1.0,87.7,19.40383,-5.0108,7.9523,7e-05,0.2839
8349.83,SYN.BTC-29NOV19,1570877667339,open,0.03,92.5,0.0115,0.05,0.02878243,81.78,0.0275,0.0,BTC-29NOV19-6500-P,8321.59,80.32,0.0275,14.0,0.0305,7.5,83.72,7.36406,-6.28989,-2.06983,0.0001,-0.16021
183.8,ETH-27DEC19,1570877866676,open,0.07,2669.0,0.033,0.105,0.068637,99.9,0.092,0.0,ETH-27DEC19-260-C,182.98,97.59,0.065,320.0,0.072,462.0,102.03,0.28994,-0.19088,0.08717,0.00413,0.29677
8349.84,SYN.BTC-29NOV19,1570877755588,open,0.08,202.7,0.045,0.1065,0.07622167,74.09,0.0755,0.0,BTC-29NOV19-9000-C,8321.59,71.83,0.073,17.6,0.078,25.8,75.33,11.93757,-9.23681,4.00874,0.00018,0.44224
183.5,SYN.ETH-29NOV19,1570875620245,open,0.03,147.0,0.01,0.054,0.030013,92.02,0.041,0.0,ETH-29NOV19-260-C,182.98,87.83,0.026,342.0,0.034,342.0,96.0,0.18017,-0.17315,0.03844,0.00443,0.1897
185.45,ETH-27MAR20,1570877548599,open,0.03,971.0,0.013,0.051,0.030497,110.4,0.034,0.0,ETH-27MAR20-80-P,182.98,106.32,0.027,360.0,0.034,470.0,114.32,0.16251,-0.05376,-0.08255,0.00094,-0.06686
183.8,ETH-27DEC19,1570877548484,open,0.04,1105.0,0.016,0.072,0.042026,100.55,0.04,0.0,ETH-27DEC19-300-C,182.98,98.16,0.039,448.0,0.045,595.0,102.85,0.23503,-0.15573,0.06059,0.00333,0.2006
183.12,SYN.ETH-25OCT19,1570877867187,open,0.07,1111.0,0.034,0.096,0.066262,77.25,0.069,0.0,ETH-25OCT19-180-C,182.98,74.18,0.064,72.0,0.07,280.0,82.34,0.13473,-0.40417,0.03291,0.01474,0.57572
183.04,SYN.ETH-18OCT19,1570877548282,open,0.0,246.0,0.001,0.011,0.000999,88.84,0.001,0.0,ETH-18OCT19-230-C,182.98,0.0,0.0,0.0,0.002,200.0,99.75,0.01332,-0.10067,0.00069,0.00278,0.02444
183.5,SYN.ETH-29NOV19,1570875634275,open,0.1,262.0,0.057,0.131,0.096035,90.73,0.109,0.0,ETH-29NOV19-200-C,182.98,86.54,0.09,320.0,0.1,320.0,93.5,0.26386,-0.25004,0.08786,0.00658,0.46106
185.45,ETH-27MAR20,1570877866349,open,0.09,1405.0,0.052,0.127,0.089492,104.02,0.092,0.0,ETH-27MAR20-120-P,182.98,101.35,0.085,320.0,0.094,462.0,106.69,0.31235,-0.09735,-0.21652,0.00191,-0.16589
183.12,SYN.ETH-25OCT19,1570877548403,open,0.0,1653.0,0.001,0.013,0.003499,85.58,0.007,0.0,ETH-25OCT19-240-C,182.98,77.19,0.002,594.0,0.005,201.0,92.11,0.03799,-0.12625,0.0033,0.00375,0.05451
183.8,ETH-27DEC19,1570868673085,open,0.0,4670.0,0.001,0.012,0.002002,119.13,0.002,0.0,ETH-27DEC19-720-C,182.98,110.55,0.001,1011.0,0.003,158.0,124.97,0.02706,-0.02124,0.004,0.00032,0.01247
183.5,SYN.ETH-29NOV19,1570877575574,open,0.07,20.0,0.036,0.101,0.068492,90.75,0.069,0.0,ETH-29NOV19-160-P,182.98,87.05,0.064,428.0,0.07,1.0,91.98,0.22392,-0.21223,-0.08401,0.00559,-0.28054
183.12,SYN.ETH-25OCT19,1570877548193,open,0.01,2431.0,0.001,0.015,0.005,97.27,0.006,0.0,ETH-25OCT19-140-P,182.98,87.06,0.003,541.0,0.007,350.0,105.56,0.04058,-0.15328,-0.00415,0.00353,-0.05927
183.12,SYN.ETH-25OCT19,1570877866667,open,0.03,7.0,0.009,0.054,0.029002,80.28,0.031,0.0,ETH-25OCT19-170-P,182.98,75.53,0.026,260.0,0.032,116.0,84.94,0.11674,-0.36392,-0.02028,0.01229,-0.28487
183.8,ETH-27DEC19,1570877867235,open,0.09,5074.0,0.048,0.128,0.088628,99.9,0.102,0.0,ETH-27DEC19-240-C,182.98,97.19,0.084,509.0,0.092,460.0,101.88,0.31357,-0.20643,0.10376,0.00447,0.36018
183.5,SYN.ETH-29NOV19,1570877854783,open,0.01,0.0,0.002,0.027,0.011506,97.75,None,0.0,ETH-29NOV19-320-C,182.98,90.73,0.008,150.0,0.015,150.0,103.71,0.10037,-0.10247,0.01689,0.00232,0.08169
185.45,ETH-27MAR20,1570877866695,open,0.03,1165.0,0.01,0.063,0.032503,106.64,0.038,0.0,ETH-27MAR20-560-C,182.98,105.52,0.031,300.0,0.034,240.0,107.73,0.25169,-0.08042,0.07468,0.0015,0.12058
183.04,SYN.ETH-18OCT19,1570877816023,open,0.02,703.0,0.004,0.046,0.022598,75.0,0.022,0.0,ETH-18OCT19-190-C,182.98,63.1,0.017,263.0,0.024,263.0,77.93,0.08731,-0.55724,0.0101,0.02159,0.36526
8468.29,BTC-27MAR20,1570875320310,open,0.02,101.3,0.005,0.0455,0.02016775,97.47,0.0205,0.0,BTC-27MAR20-26000-C,8321.59,95.34,0.018,17.0,0.0225,19.0,99.62,8.90454,-2.60039,2.50735,3e-05,0.08493
8468.29,BTC-27MAR20,1570877678878,open,0.02,153.7,0.0065,0.051,0.02362544,95.55,0.0265,0.0,BTC-27MAR20-24000-C,8321.59,93.7,0.0215,17.0,0.026,19.0,97.52,9.94947,-2.84855,2.90463,3e-05,0.09865
183.12,SYN.ETH-25OCT19,1570877548155,open,0.01,1.0,0.001,0.023,0.009001,90.26,0.012,0.0,ETH-25OCT19-150-P,182.98,84.03,0.007,201.0,0.011,350.0,95.93,0.06191,-0.21697,-0.00727,0.0058,-0.10354
183.8,ETH-27DEC19,1570877548544,open,0.0,14630.0,0.001,0.012,0.002115,111.4,0.002,0.0,ETH-27DEC19-640-C,182.98,102.53,0.001,2113.0,0.003,192.0,116.24,0.02957,-0.0217,0.00447,0.00038,0.01382
183.8,ETH-27DEC19,1570877548316,open,0.02,3938.0,0.007,0.037,0.019985,110.37,0.018,0.0,ETH-27DEC19-100-P,182.98,107.13,0.018,85.0,0.022,160.0,113.53,0.11496,-0.08361,-0.03514,0.00148,-0.07199
183.8,ETH-27DEC19,1570877589189,open,0.01,4219.0,0.003,0.032,0.014011,103.3,0.02,0.0,ETH-27DEC19-400-C,182.98,101.76,0.013,145.0,0.015,160.0,104.75,0.12274,-0.08355,0.02462,0.00169,0.07844
183.8,ETH-27DEC19,1570877854766,open,0.07,2494.0,0.036,0.102,0.06895,101.89,0.064,0.0,ETH-27DEC19-140-P,182.98,99.61,0.066,139.0,0.072,128.0,104.22,0.23921,-0.16061,-0.10529,0.00334,-0.20661
185.45,ETH-27MAR20,1570877875381,open,0.04,2415.0,0.012,0.068,0.036503,104.59,0.032,0.0,ETH-27MAR20-520-C,182.98,102.85,0.034,150.0,0.039,240.0,106.27,0.27188,-0.0852,0.08328,0.00165,0.13473
183.04,SYN.ETH-18OCT19,1570877866342,open,0.01,515.0,0.001,0.026,0.009428,75.0,0.008,0.0,ETH-18OCT19-200-C,182.98,64.26,0.006,140.0,0.009,201.0,73.74,0.06271,-0.40024,0.00528,0.0155,0.18849
183.5,SYN.ETH-29NOV19,1570877236147,open,0.14,27.0,0.097,0.176,0.139027,90.73,0.149,0.0,ETH-29NOV19-180-C,182.98,86.47,0.133,402.0,0.144,82.0,94.27,0.25862,-0.24506,0.10811,0.00645,0.58818
183.8,ETH-27DEC19,1570872605268,open,0.0,4118.0,0.001,0.011,0.001503,119.13,0.001,0.0,ETH-27DEC19-760-C,182.98,0.0,0.0,0.0,0.002,170.0,122.95,0.02155,-0.01692,0.00309,0.00026,0.0096
8468.29,BTC-27MAR20,1570877680614,open,0.06,898.9,0.025,0.097,0.05812037,88.1,0.0555,0.0,BTC-27MAR20-16000-C,8321.59,87.03,0.056,13.0,0.061,4.9,89.52,16.9788,-4.48167,6.28902,6e-05,0.22056
185.45,ETH-27MAR20,1570877862109,open,0.18,1275.0,0.12,0.233,0.180881,101.29,0.185,0.0,ETH-27MAR20-240-C,182.98,98.74,0.174,3.0,0.186,137.0,103.19,0.49996,-0.15173,0.25905,0.00314,0.48641
183.5,SYN.ETH-29NOV19,1570875620331,open,0.02,116.0,0.006,0.041,0.02051,92.83,0.022,0.0,ETH-29NOV19-280-C,182.98,88.26,0.017,350.0,0.024,350.0,97.06,0.14655,-0.14208,0.02831,0.00357,0.13811
185.45,ETH-27MAR20,1570877862138,open,0.07,993.0,0.029,0.108,0.067005,103.02,0.072,0.0,ETH-27MAR20-400-C,182.98,100.52,0.062,407.0,0.072,179.0,105.45,0.37613,-0.1161,0.13401,0.00232,0.22507
183.12,SYN.ETH-25OCT19,1570877856754,open,0.01,1557.0,0.001,0.024,0.009004,80.45,0.015,0.0,ETH-25OCT19-220-C,182.98,75.06,0.007,589.0,0.011,241.0,85.33,0.07174,-0.22412,0.00765,0.00754,0.12739
183.5,SYN.ETH-29NOV19,1570877548241,open,0.12,160.0,0.077,0.161,0.119968,90.76,0.11,0.0,ETH-29NOV19-180-P,182.98,87.22,0.115,394.0,0.126,394.0,95.03,0.25862,-0.24513,-0.128,0.00645,-0.41181
185.45,ETH-27MAR20,1570877867270,open,0.24,1064.0,0.177,0.29,0.238768,100.48,0.239,0.0,ETH-27MAR20-200-C,182.98,97.53,0.231,434.0,0.246,434.0,103.24,0.48736,-0.14673,0.29812,0.00308,0.59039
183.8,ETH-27DEC19,1570877548477,open,0.0,15549.0,0.001,0.013,0.003003,111.4,0.003,0.0,ETH-27DEC19-600-C,182.98,105.97,0.002,1001.0,0.004,310.0,115.67,0.0388,-0.02848,0.0061,0.0005,0.01897
183.12,SYN.ETH-25OCT19,1570868672784,open,0.0,4693.0,0.001,0.011,0.000185,120.0,0.001,0.0,ETH-25OCT19-100-P,182.98,0.0,0.0,0.0,0.002,250.0,162.63,0.00275,-0.0128,-0.00018,0.00019,-0.00258
183.8,ETH-27DEC19,1570877548508,open,0.01,5465.0,0.001,0.018,0.006505,105.44,0.007,0.0,ETH-27DEC19-480-C,182.98,101.25,0.005,450.0,0.008,360.0,109.04,0.07149,-0.04967,0.01261,0.00097,0.03951
183.12,SYN.ETH-25OCT19,1570877758302,open,0.0,3324.0,0.001,0.012,0.002,118.63,0.001,0.0,ETH-25OCT19-120-P,182.98,106.4,0.001,340.0,0.003,353.0,127.46,0.01826,-0.08413,-0.00157,0.0013,-0.02231
183.5,SYN.ETH-29NOV19,1570877548016,open,0.04,329.0,0.015,0.062,0.036982,95.34,0.038,0.0,ETH-29NOV19-140-P,182.98,90.91,0.033,475.0,0.041,477.0,99.67,0.16784,-0.16711,-0.04969,0.00399,-0.16948
183.5,SYN.ETH-29NOV19,1570875505110,open,0.01,507.0,0.001,0.018,0.007996,109.85,0.01,0.0,ETH-29NOV19-100-P,182.98,103.27,0.006,510.0,0.01,360.0,115.64,0.05991,-0.06873,-0.0121,0.00123,-0.04229
8468.29,BTC-27MAR20,1570875320338,open,0.01,54.3,0.003,0.035,0.01367338,102.65,0.0115,0.0,BTC-27MAR20-32000-C,8321.59,100.44,0.012,22.0,0.0155,6.0,104.88,6.67753,-2.05371,1.73152,2e-05,0.0584
183.12,SYN.ETH-25OCT19,1570877875371,open,0.05,1559.0,0.021,0.08,0.049229,77.26,0.054,0.0,ETH-25OCT19-180-P,182.98,74.23,0.047,120.0,0.05,10.0,78.31,0.13473,-0.40424,-0.03059,0.01474,-0.42428
183.5,SYN.ETH-29NOV19,1570868837364,open,0.01,13.0,0.004,0.033,0.015507,95.8,0.016,0.0,ETH-29NOV19-300-C,182.98,90.21,0.012,150.0,0.019,150.0,100.79,0.12238,-0.12244,0.02199,0.00289,0.10686
8349.83,SYN.BTC-29NOV19,1570876701375,open,0.06,37.7,0.0305,0.0865,0.05804818,74.09,0.0575,0.0,BTC-29NOV19-9500-C,8321.59,71.47,0.0545,37.8,0.06,26.5,75.52,11.36018,-8.79006,3.35496,0.00017,0.36438
185.45,ETH-27MAR20,1570877548609,open,0.03,4260.0,0.009,0.059,0.029502,108.77,0.029,0.0,ETH-27MAR20-600-C,182.98,107.57,0.028,70.0,0.031,240.0,109.94,0.23516,-0.07664,0.06791,0.00137,0.1096
185.45,ETH-27MAR20,1570877861115,open,0.14,955.0,0.082,0.188,0.137196,101.29,0.14,0.0,ETH-27MAR20-280-C,182.98,98.13,0.129,400.0,0.138,100.0,101.6,0.48373,-0.14681,0.22093,0.00304,0.39776
183.8,ETH-27DEC19,1570877867243,open,0.17,2741.0,0.116,0.217,0.168155,99.93,0.16,0.0,ETH-27DEC19-180-P,182.98,97.54,0.164,340.0,0.172,118.0,102.11,0.32203,-0.21206,-0.2141,0.00459,-0.39217
183.5,SYN.ETH-29NOV19,1570875611201,open,0.02,11.0,0.006,0.035,0.017991,101.39,0.023,0.0,ETH-29NOV19-120-P,182.98,96.12,0.015,490.0,0.021,490.0,106.34,0.108,-0.11436,-0.02601,0.00241,-0.09009
183.8,ETH-27DEC19,1570877867278,open,0.15,6491.0,0.098,0.19,0.147208,99.9,0.142,0.0,ETH-27DEC19-200-C,182.98,97.05,0.142,453.0,0.151,133.0,102.0,0.33402,-0.21989,0.14125,0.00476,0.51686
183.12,SYN.ETH-25OCT19,1570877548308,open,0.01,0.0,0.001,0.018,0.005999,84.48,None,0.0,ETH-25OCT19-230-C,182.98,77.1,0.004,350.0,0.008,200.0,90.72,0.05462,-0.17917,0.00525,0.00547,0.08734
185.45,ETH-27MAR20,1570877866685,open,0.18,1218.0,0.128,0.237,0.18465,100.48,0.19,0.0,ETH-27MAR20-160-P,182.98,98.04,0.179,160.0,0.19,300.0,102.8,0.42838,-0.12897,-0.4014,0.00271,-0.28877
185.45,ETH-27MAR20,1570877548627,open,0.03,0.0,0.007,0.051,0.024686,108.77,None,0.0,ETH-27MAR20-640-C,182.98,106.33,0.022,40.0,0.027,3.0,110.76,0.21032,-0.06854,0.05878,0.00123,0.09401
183.12,SYN.ETH-25OCT19,1570877856948,open,0.05,35.0,0.017,0.071,0.043495,79.24,0.049,0.0,ETH-25OCT19-190-C,182.98,74.51,0.04,94.0,0.047,214.0,83.99,0.13516,-0.41593,0.02504,0.01442,0.43116
183.12,SYN.ETH-25OCT19,1570877942258,open,0.1,2.0,0.066,0.131,0.100645,80.27,0.1,0.0,ETH-25OCT19-170-C,182.98,74.5,0.097,40.0,0.105,40.0,87.04,0.11674,-0.36389,0.03969,0.01229,0.71514
183.12,SYN.ETH-25OCT19,1570877942258,open,0.05,35.0,0.017,0.071,0.043495,79.25,0.049,0.0,ETH-25OCT19-190-C,182.98,74.51,0.04,94.0,0.047,214.0,83.99,0.13516,-0.41596,0.02504,0.01442,0.43117
185.45,ETH-27MAR20,1570877942817,open,0.18,1218.0,0.128,0.237,0.18465,100.48,0.19,0.0,ETH-27MAR20-160-P,182.98,98.04,0.179,160.0,0.19,300.0,102.8,0.42838,-0.12897,-0.4014,0.00271,-0.28877
183.8,ETH-27DEC19,1570877942824,open,0.19,1196.0,0.139,0.231,0.18883,99.91,0.199,0.0,ETH-27DEC19-180-C,182.98,97.16,0.184,340.0,0.194,436.0,102.86,0.32203,-0.21202,0.16009,0.00459,0.60781
183.8,ETH-27DEC19,1570877942834,open,2.9,0.0,2.804,3.045,2.919303,119.13,None,0.0,ETH-27DEC19-720-P,182.98,0.0,0.003,5.0,0.0,0.0,0.0,0.02707,-0.02125,-1.49273,0.00032,-0.98753
183.04,SYN.ETH-18OCT19,1570877942834,open,0.02,703.0,0.004,0.046,0.022598,75.0,0.022,0.0,ETH-18OCT19-190-C,182.98,63.1,0.017,263.0,0.024,263.0,77.93,0.08732,-0.55727,0.0101,0.02159,0.36527
183.04,SYN.ETH-18OCT19,1570877942834,open,0.14,121.0,0.101,0.158,0.130393,82.07,0.12,0.0,ETH-18OCT19-160-C,182.98,0.0,0.112,9.0,0.153,9.0,155.54,0.03754,-0.26214,0.02299,0.00848,0.91057
183.12,SYN.ETH-25OCT19,1570877942841,open,0.02,2200.0,0.003,0.034,0.015466,82.83,0.013,0.0,ETH-25OCT19-160-P,182.98,79.73,0.014,160.0,0.017,2.0,85.99,0.08777,-0.28231,-0.01213,0.00896,-0.17225
185.45,ETH-27MAR20,1570877942845,open,1.83,0.0,1.738,1.951,1.840493,104.59,None,0.0,ETH-27MAR20-520-P,182.98,0.0,0.005,10.0,0.0,0.0,0.0,0.27188,-0.0852,-2.29413,0.00165,-0.86527
183.12,SYN.ETH-25OCT19,1570877942848,open,0.0,3324.0,0.001,0.012,0.002,118.63,0.001,0.0,ETH-25OCT19-120-P,182.98,106.4,0.001,340.0,0.003,353.0,127.46,0.01826,-0.08412,-0.00157,0.0013,-0.0223
185.45,ETH-27MAR20,1570877942850,open,2.04,0.0,1.945,2.168,2.052184,106.64,None,0.0,ETH-27MAR20-560-P,182.98,0.0,0.01,10.0,0.0,0.0,0.0,0.25169,-0.08042,-2.48561,0.0015,-0.87942
183.8,ETH-27DEC19,1570877942871,open,0.12,5412.0,0.069,0.156,0.114342,99.91,0.114,0.0,ETH-27DEC19-220-C,182.98,96.93,0.109,232.0,0.117,136.0,101.39,0.32969,-0.21707,0.12203,0.0047,0.43373
183.8,ETH-27DEC19,1570877942873,open,2.25,0.0,2.17,2.373,2.26742,111.4,0.953,0.0,ETH-27DEC19-600-P,182.98,0.0,0.0,0.0,0.0,0.0,0.0,0.03881,-0.02849,-1.24117,0.0005,-0.98102
183.12,SYN.ETH-25OCT19,1570877942887,open,0.01,1557.0,0.001,0.024,0.009004,80.45,0.015,0.0,ETH-25OCT19-220-C,182.98,75.06,0.007,589.0,0.011,241.0,85.33,0.07174,-0.22414,0.00765,0.00754,0.1274
183.8,ETH-27DEC19,1570877942894,open,2.68,0.0,2.592,2.82,2.701675,115.05,None,0.0,ETH-27DEC19-680-P,182.98,0.0,0.002,10.0,0.0,0.0,0.0,0.02771,-0.02101,-1.40944,0.00034,-0.98718
183.8,ETH-27DEC19,1570877942894,open,0.03,1229.0,0.011,0.06,0.033021,100.84,0.046,0.0,ETH-27DEC19-320-C,182.98,98.11,0.03,448.0,0.036,597.0,103.43,0.20761,-0.13795,0.05023,0.00293,0.16449
185.45,ETH-27MAR20,1570877942896,open,0.07,993.0,0.029,0.108,0.067005,103.02,0.072,0.0,ETH-27MAR20-400-C,182.98,100.52,0.062,407.0,0.072,179.0,105.45,0.37613,-0.1161,0.13401,0.00232,0.22506
183.8,ETH-27DEC19,1570877942898,open,2.47,0.0,2.381,2.596,2.484161,111.4,None,0.0,ETH-27DEC19-640-P,182.98,0.0,0.0,0.0,0.0,0.0,0.0,0.02957,-0.02171,-1.32595,0.00038,-0.98618
183.8,ETH-27DEC19,1570877942910,open,0.01,4219.0,0.003,0.032,0.01401,103.3,0.02,0.0,ETH-27DEC19-400-C,182.98,101.76,0.013,145.0,0.015,160.0,104.75,0.12275,-0.08356,0.02462,0.00169,0.07845
183.8,ETH-27DEC19,1570877942910,open,0.04,5133.0,0.017,0.064,0.038973,105.14,0.04,0.0,ETH-27DEC19-120-P,182.98,103.07,0.037,72.0,0.041,160.0,107.23,0.17674,-0.12245,-0.06434,0.00239,-0.12943
185.45,ETH-27MAR20,1570877942912,open,2.25,0.0,2.152,2.387,2.264876,108.77,None,0.0,ETH-27MAR20-600-P,182.98,0.0,0.02,10.0,0.0,0.0,0.0,0.23516,-0.07664,-2.67525,0.00137,-0.8904
183.8,ETH-27DEC19,1570877942912,open,3.11,0.0,3.015,3.268,3.136432,119.14,None,0.0,ETH-27DEC19-760-P,182.98,0.0,0.0,0.0,0.0,0.0,0.0,0.02155,-0.01692,-1.57678,0.00026,-0.9904
183.5,SYN.ETH-29NOV19,1570877942927,open,0.07,236.0,0.032,0.097,0.065106,90.74,0.081,0.0,ETH-29NOV19-220-C,182.98,87.66,0.061,354.0,0.068,117.0,92.9,0.24593,-0.23306,0.06836,0.00614,0.34911
183.5,SYN.ETH-29NOV19,1570877942929,open,0.26,0.0,0.211,0.315,0.264033,90.74,None,0.0,ETH-29NOV19-220-P,182.98,0.0,0.0,0.0,0.27,1.0,95.17,0.24593,-0.23306,-0.22021,0.00614,-0.65089
185.45,ETH-27MAR20,1570877942942,open,0.05,1150.0,0.016,0.08,0.045003,104.56,0.049,0.0,ETH-27MAR20-480-C,182.98,102.08,0.041,390.0,0.049,240.0,106.94,0.30595,-0.09585,0.09808,0.00186,0.16068
183.8,ETH-27DEC19,1570877942942,open,0.06,1688.0,0.023,0.087,0.05353,100.17,0.058,0.0,ETH-27DEC19-280-C,182.98,97.68,0.05,448.0,0.057,145.0,102.57,0.26289,-0.17353,0.0728,0.00374,0.24405
183.12,SYN.ETH-25OCT19,1570877943014,open,0.0,0.0,0.001,0.013,0.003,106.66,None,0.0,ETH-25OCT19-130-P,182.98,88.43,0.001,200.0,0.005,200.0,118.51,0.02665,-0.1104,-0.00246,0.00211,-0.03512
8468.24,BTC-27MAR20,1570877943245,open,0.37,10.8,0.3335,0.4105,0.37331107,86.08,0.381,0.0,BTC-27MAR20-6000-C,8321.59,77.57,0.358,15.0,0.3855,15.0,92.69,15.46818,-3.98943,16.96065,5e-05,0.81139
8468.24,BTC-27MAR20,1570877943245,open,0.04,354.2,0.012,0.067,0.03491924,91.76,0.035,0.0,BTC-27MAR20-20000-C,8321.59,90.14,0.0325,24.0,0.0375,11.0,93.44,12.81889,-3.52438,4.11501,4e-05,0.14121
8366.46,BTC-27DEC19,1570877943251,open,3.29,1.3,3.219,3.3945,3.30379191,115.6,2.2,0.0,BTC-27DEC19-36000-P,8321.59,0.0,0.011,5.0,0.0,0.0,0.0,0.65992,-0.5027,-74.74549,0.0,-0.99388
8325.06,SYN.BTC-18OCT19,1570877943272,open,0.11,17.2,0.082,0.126,0.10434895,71.11,0.0955,0.0,BTC-18OCT19-7500-C,8321.59,54.58,0.101,0.9,0.1045,6.0,71.72,2.04657,-12.38471,1.04658,0.00026,0.88529
8366.46,BTC-27DEC19,1570877943277,open,0.0,336.6,0.0005,0.011,0.00149049,113.62,0.0015,0.0,BTC-27DEC19-32000-C,8321.59,101.86,0.0005,65.0,0.0025,39.0,120.52,1.00672,-0.75376,0.14605,1e-05,0.00989
8325.06,SYN.BTC-18OCT19,1570877943291,open,0.34,0.0,0.326,0.353,0.33942228,114.95,None,0.0,BTC-18OCT19-5500-C,8321.59,0.0,0.3285,7.0,0.35,7.0,245.23,0.06017,-0.58853,0.88289,0.0,0.99822
8366.46,BTC-27DEC19,1570877943301,open,0.32,121.1,0.289,0.3475,0.31868482,85.62,0.34,0.0,BTC-27DEC19-6000-C,8321.59,70.6,0.304,12.0,0.3445,12.0,108.48,8.79802,-4.96402,9.2827,7e-05,0.85242
8366.46,BTC-27DEC19,1570877943301,open,0.02,890.5,0.0055,0.0335,0.01706961,92.19,0.0185,0.0,BTC-27DEC19-5000-P,8321.59,89.73,0.0155,59.0,0.0185,33.7,94.36,5.43617,-3.30268,-1.61284,4e-05,-0.07566
8366.46,BTC-27DEC19,1570877943301,open,0.0,410.0,0.0005,0.014,0.00426422,99.46,0.0055,0.0,BTC-27DEC19-22000-C,8321.59,96.71,0.0035,10.0,0.005,30.0,101.82,2.4782,-1.62428,0.41934,2e-05,0.02838
8325.06,SYN.BTC-18OCT19,1570877943301,open,0.0,304.3,0.0005,0.012,0.00206922,65.18,0.002,0.0,BTC-18OCT19-9500-C,8321.59,64.72,0.002,0.2,0.0025,32.6,67.89,1.25763,-6.97549,0.07759,0.00017,0.05996
8329.2,SYN.BTC-25OCT19,1570877943301,open,0.01,690.8,0.0005,0.025,0.01038124,67.28,0.0095,0.0,BTC-25OCT19-9500-C,8321.59,63.08,0.0085,50.5,0.011,24.0,68.59,3.86969,-10.1097,0.45168,0.00024,0.16411
8325.06,SYN.BTC-18OCT19,1570877943305,open,0.0,25.4,0.0005,0.0105,0.00046737,80.79,0.0005,0.0,BTC-18OCT19-10500-C,8321.59,0.0,0.0,0.0,0.001,52.1,90.06,0.36414,-2.50359,0.0174,4e-05,0.01345
8329.2,SYN.BTC-25OCT19,1570877943314,open,0.26,0.0,0.2365,0.293,0.26341681,72.53,None,0.0,BTC-25OCT19-10500-P,8321.59,0.0,0.243,5.0,0.2855,5.0,129.67,1.64763,-4.64067,-3.56134,9e-05,-0.94867
8329.2,SYN.BTC-25OCT19,1570877943438,open,0.02,445.6,0.006,0.0415,0.02166654,67.28,0.0205,0.0,BTC-25OCT19-9000-C,8321.59,63.09,0.019,16.1,0.0215,2.2,67.02,5.36546,-14.01743,0.792,0.00033,0.29122
8468.24,BTC-27MAR20,1570877943641,open,0.19,216.6,0.1385,0.24,0.19007317,83.71,0.192,0.0,BTC-27MAR20-8000-P,8321.59,81.88,0.1855,4.9,0.1935,4.9,85.07,21.22357,-5.32289,-20.93586,8e-05,-0.35068
8468.24,BTC-27MAR20,1570877943756,open,0.94,1.1,0.882,1.017,0.9475221,88.09,1.08,0.0,BTC-27MAR20-16000-P,8321.59,53.26,0.897,1.0,0.989,1.0,106.97,16.97746,-4.48104,-66.86263,6e-05,-0.77947
8366.46,BTC-27DEC19,1570877943756,open,0.37,260.6,0.323,0.419,0.37058873,80.97,0.4475,0.0,BTC-27DEC19-11000-P,8321.59,49.64,0.329,6.0,0.4035,6.0,101.06,13.03345,-6.9543,-18.81341,0.00011,-0.71113
8366.46,BTC-27DEC19,1570877943756,open,0.0,442.3,0.0005,0.0105,0.00024517,115.0,0.0005,0.0,BTC-27DEC19-44000-C,8321.59,0.0,0.0,0.0,0.001,17.9,130.07,0.22462,-0.17022,0.0278,0.0,0.00184
8366.46,BTC-27DEC19,1570877943758,open,4.24,0.0,4.1565,4.368,4.25939579,116.94,3.46,0.0,BTC-27DEC19-44000-P,8321.59,0.0,0.001,1.0,0.0,0.0,0.0,0.26454,-0.20385,-91.43344,0.0,-0.99779
8329.2,SYN.BTC-25OCT19,1570877943776,open,0.01,621.0,0.0005,0.015,0.00477692,67.99,0.005,0.0,BTC-25OCT19-10000-C,8321.59,65.23,0.004,29.5,0.0055,30.0,70.37,2.44917,-6.46657,0.23775,0.00015,0.08569
8329.2,SYN.BTC-25OCT19,1570877943776,open,0.1,540.9,0.073,0.1315,0.10220414,67.28,0.1025,0.0,BTC-25OCT19-9000-P,8321.59,66.96,0.102,6.0,0.107,14.0,74.59,5.36552,-14.01801,-2.38281,0.00033,-0.70877
8366.46,BTC-27DEC19,1570877943779,open,0.7,0.0,0.6925,0.712,0.70219389,114.95,None,0.0,BTC-27DEC19-2500-C,8321.59,0.0,0.021,4.1,0.0,0.0,0.0,0.56456,-0.42766,5.09021,0.0,0.99487
8366.46,BTC-27DEC19,1570877943779,open,1.86,0.0,1.813,1.9375,1.87208079,103.54,None,0.0,BTC-27DEC19-24000-P,8321.59,0.0,0.008,5.0,0.0,0.0,0.0,2.07522,-1.41596,-49.55221,1e-05,-0.97704
8366.46,BTC-27DEC19,1570877943793,open,0.2,213.0,0.157,0.2315,0.19598244,80.58,0.2245,0.0,BTC-27DEC19-7500-C,8321.59,79.05,0.1935,27.4,0.1985,9.0,82.13,13.55377,-7.19706,8.50223,0.00012,0.68484
8349.88,SYN.BTC-29NOV19,1570877943793,open,0.03,170.5,0.009,0.048,0.02593652,75.84,0.027,0.0,BTC-29NOV19-11000-C,8321.59,73.87,0.024,45.8,0.028,40.8,77.9,8.29064,-6.567,1.8319,0.00012,0.1932
8329.2,SYN.BTC-25OCT19,1570877943793,open,0.0,660.3,0.0005,0.0105,0.00010513,115.0,0.001,0.0,BTC-25OCT19-16000-C,8321.59,0.0,0.0,0.0,0.0005,21.0,133.51,0.08929,-0.39875,0.00493,0.0,0.00178
8329.2,SYN.BTC-25OCT19,1570877943795,open,0.44,37.4,0.413,0.4735,0.44169033,88.42,0.533,0.0,BTC-25OCT19-12000-P,8321.59,0.0,0.4215,4.0,0.4635,4.0,167.55,0.66583,-2.2863,-4.18546,3e-05,-0.98281
8349.88,SYN.BTC-29NOV19,1570877943795,open,0.08,179.3,0.054,0.1195,0.08676572,75.47,0.0865,0.0,BTC-29NOV19-8000-P,8321.59,73.83,0.0845,10.0,0.0895,15.5,77.44,11.55646,-9.10831,-5.16313,0.00017,-0.38466
8329.2,SYN.BTC-25OCT19,1570877943795,open,0.56,32.0,0.5305,0.5965,0.56175857,104.54,0.6245,0.0,BTC-25OCT19-13000-P,8321.59,0.0,0.5405,3.0,0.5825,3.0,188.33,0.59359,-2.4097,-4.54458,2e-05,-0.98497
8468.24,BTC-27MAR20,1570877943798,open,0.16,232.9,0.1115,0.211,0.16301802,83.85,0.166,0.0,BTC-27MAR20-10000-C,8321.59,83.29,0.1615,0.6,0.1655,14.0,84.77,22.84192,-5.73859,12.89561,8e-05,0.4961
8468.24,BTC-27MAR20,1570877943798,open,3.72,1.0,3.633,3.8455,3.73342894,109.43,2.7125,0.0,BTC-27MAR20-40000-P,8321.59,0.0,0.005,4.0,0.0,0.0,0.0,5.1299,-1.68197,-181.63594,1e-05,-0.95804
8325.06,SYN.BTC-18OCT19,1570877943798,open,0.28,0.0,0.265,0.296,0.27981585,114.99,None,0.0,BTC-18OCT19-6000-C,8321.59,0.0,0.2675,6.0,0.2915,6.0,211.68,0.28718,-2.81016,0.95144,2e-05,0.98977
8366.46,BTC-27DEC19,1570877943811,open,0.02,365.8,0.0095,0.0445,0.02469653,88.22,0.023,0.0,BTC-27DEC19-5500-P,8321.59,86.78,0.0235,23.0,0.0255,0.1,89.17,7.01919,-4.08039,-2.28597,5e-05,-0.10674
8366.46,BTC-27DEC19,1570877943811,open,0.28,61.0,0.24,0.305,0.2733749,83.33,0.2865,0.0,BTC-27DEC19-6500-C,8321.59,63.6,0.25,12.0,0.303,12.0,105.83,10.56429,-5.80076,9.22098,9e-05,0.80356
8329.2,SYN.BTC-25OCT19,1570877943811,open,0.01,589.3,0.004,0.0355,0.01700987,73.75,0.017,0.0,BTC-25OCT19-7500-P,8321.59,72.79,0.0165,41.0,0.0175,9.0,74.67,4.43606,-12.70523,-0.65032,0.00025,-0.20432
8349.9,SYN.BTC-29NOV19,1570877943816,open,0.56,0.0,0.53,0.6095,0.56785056,81.9,None,0.0,BTC-29NOV19-13000-P,8321.59,0.0,0.0005,5.0,0.0,0.0,0.0,4.88818,-4.18105,-16.1919,7e-05,-0.91056
8468.22,BTC-27MAR20,1570877944504,open,0.03,143.5,0.0085,0.058,0.02838854,93.68,0.031,0.0,BTC-27MAR20-22000-C,8321.6,91.85,0.026,16.0,0.031,19.0,95.61,11.24669,-3.15695,3.42828,4e-05,0.11694
8468.22,BTC-27MAR20,1570877944505,open,0.01,54.3,0.003,0.035,0.01367318,102.65,0.0115,0.0,BTC-27MAR20-32000-C,8321.6,100.44,0.012,22.0,0.0155,6.0,104.88,6.67731,-2.05364,1.73145,2e-05,0.05839
8468.22,BTC-27MAR20,1570877944505,open,0.52,44.5,0.4635,0.592,0.52811812,84.76,0.585,0.0,BTC-27MAR20-12000-P,8321.6,64.64,0.479,3.0,0.5705,5.1,100.96,21.69117,-5.50872,-44.68886,8e-05,-0.62615
8468.22,BTC-27MAR20,1570877944505,open,2.31,0.0,2.2465,2.4115,2.32390295,99.21,None,0.0,BTC-27MAR20-28000-P,8321.6,0.0,0.005,4.0,0.0,0.0,0.0,8.01462,-2.38239,-125.82755,2e-05,-0.9261
8468.22,BTC-27MAR20,1570877944505,open,1.62,6.0,1.5575,1.7035,1.62633097,93.68,1.54,0.0,BTC-27MAR20-22000-P,8321.6,0.0,1.5725,1.0,1.6665,1.0,117.83,11.24549,-3.15646,-97.15478,4e-05,-0.88308
8366.5,BTC-27DEC19,1570877944505,open,0.01,747.9,0.0005,0.0225,0.00829258,92.43,0.01,0.0,BTC-27DEC19-18000-C,8321.6,90.8,0.0075,42.0,0.009,24.0,93.82,4.18273,-2.54776,0.79508,3e-05,0.05401
8366.5,BTC-27DEC19,1570877944505,open,1.39,4.6,1.345,1.454,1.39616395,95.74,1.466,0.0,BTC-27DEC19-20000-P,8321.6,0.0,0.006,5.0,0.0,0.0,0.0,3.1315,-1.97571,-41.01902,2e-05,-0.96231
8366.5,BTC-27DEC19,1570877944505,open,0.8,210.2,0.763,0.8595,0.80867591,86.31,0.905,0.0,BTC-27DEC19-15000-P,8321.6,0.0,0.771,4.0,0.839,4.0,115.22,6.65026,-3.7826,-29.7333,5e-05,-0.9009
8349.9,SYN.BTC-29NOV19,1570877944504,open,0.03,15.6,0.0135,0.0575,0.03355038,74.87,0.035,0.0,BTC-29NOV19-10500-C,8321.6,73.02,0.0315,39.8,0.036,47.8,77.03,9.37995,-7.33396,2.2503,0.00014,0.23902
8349.9,SYN.BTC-29NOV19,1570877944504,open,0.01,12.6,0.003,0.0295,0.01319995,80.13,0.014,0.0,BTC-29NOV19-12500-C,8321.6,78.28,0.012,7.5,0.0145,24.0,82.04,5.55619,-4.64958,1.02204,8e-05,0.10652
8468.22,BTC-27MAR20,1570877944505,open,0.01,70.6,0.0015,0.031,0.01140908,106.12,0.0115,0.0,BTC-27MAR20-36000-C,8321.6,103.97,0.01,10.0,0.013,7.0,108.36,5.77675,-1.83672,1.44141,2e-05,0.04864
8325.06,SYN.BTC-18OCT19,1570877944504,open,0.29,0.0,0.266,0.319,0.29151951,80.81,None,0.0,BTC-18OCT19-10750-P,8321.6,0.0,0.0005,0.1,0.0,0.0,0.0,0.21373,-1.46978,-1.72104,2e-05,-0.99269
8468.22,BTC-27MAR20,1570877944506,open,0.02,153.7,0.0065,0.051,0.0236251,95.55,0.0265,0.0,BTC-27MAR20-24000-C,8321.6,93.7,0.0215,17.0,0.026,19.0,97.52,9.94918,-2.84846,2.90453,3e-05,0.09865
8366.5,BTC-27DEC19,1570877944506,open,0.04,775.4,0.016,0.0675,0.03922414,81.83,0.0415,0.0,BTC-27DEC19-12000-C,8321.6,80.92,0.038,0.6,0.041,17.0,83.15,11.22575,-6.05369,3.10353,9e-05,0.21767
8468.22,BTC-27MAR20,1570877944506,open,1.85,0.0,1.7865,1.938,1.85774412,95.55,None,0.0,BTC-27MAR20-24000-P,8321.6,0.0,0.0015,1.0,0.0,0.0,0.0,9.94771,-2.84787,-106.82247,3e-05,-0.90137
8468.22,BTC-27MAR20,1570877944506,open,0.08,285.1,0.0395,0.121,0.07850426,86.19,0.089,0.0,BTC-27MAR20-14000-C,8321.6,85.09,0.076,5.0,0.082,1.0,87.7,19.40348,-5.0107,7.9521,7e-05,0.2839
8325.06,SYN.BTC-18OCT19,1570877944504,open,0.06,6.0,0.0375,0.0885,0.06312506,60.1,0.069,0.0,BTC-18OCT19-8750-P,8321.6,57.38,0.062,6.0,0.065,0.9,64.51,3.48826,-17.83884,-1.06378,0.00052,-0.73065
8468.22,BTC-27MAR20,1570877944506,open,0.02,101.3,0.005,0.0455,0.02016744,97.47,0.0205,0.0,BTC-27MAR20-26000-C,8321.6,95.34,0.018,17.0,0.0225,19.0,99.62,8.90427,-2.60031,2.50726,3e-05,0.08493
8366.5,BTC-27DEC19,1570877944506,open,0.69,268.3,0.6485,0.744,0.69420935,84.65,0.7205,0.0,BTC-27DEC19-14000-P,8321.6,0.0,0.656,4.0,0.7255,4.0,111.33,7.93797,-4.42805,-27.25792,6e-05,-0.87304
8325.06,SYN.BTC-18OCT19,1570877944504,open,0.01,87.7,0.0015,0.0285,0.01208177,60.1,0.009,0.0,BTC-18OCT19-8750-C,8321.6,52.51,0.009,43.0,0.0115,0.1,58.7,3.48824,-17.83844,0.34477,0.00052,0.26935
8468.22,BTC-27MAR20,1570877944506,open,2.08,0.0,2.0165,2.1745,2.09046303,97.46,None,0.0,BTC-27MAR20-26000-P,8321.6,0.0,0.0015,1.0,0.0,0.0,0.0,8.9025,-2.59961,-116.36369,3e-05,-0.9151
8349.9,SYN.BTC-29NOV19,1570877944504,open,0.29,0.0,0.252,0.331,0.29105779,74.87,None,0.0,BTC-29NOV19-10500-P,8321.6,0.0,0.007,3.0,1.293,2.0,500.0,9.38054,-7.33508,-11.52194,0.00014,-0.76096
8366.5,BTC-27DEC19,1570877944506,open,0.09,245.3,0.057,0.128,0.0924242,80.58,0.0905,0.0,BTC-27DEC19-7500-P,8321.6,79.09,0.09,15.0,0.095,19.0,82.17,13.55379,-7.19747,-7.08875,0.00012,-0.31516
8366.5,BTC-27DEC19,1570877944506,open,2.1,0.0,2.047,2.1795,2.11013009,105.18,None,0.0,BTC-27DEC19-26000-P,8321.6,0.0,0.006,10.0,0.0,0.0,0.0,1.59244,-1.10369,-53.79962,1e-05,-0.98319
8366.5,BTC-27DEC19,1570877944506,open,0.05,391.8,0.025,0.0785,0.05029223,83.33,0.0475,0.0,BTC-27DEC19-6500-P,8321.6,81.91,0.0485,38.3,0.052,19.0,84.68,10.56451,-5.80126,-4.29134,9e-05,-0.19645
8366.5,BTC-27DEC19,1570877944507,open,0.47,74.2,0.4265,0.5225,0.47352251,81.84,0.496,0.0,BTC-27DEC19-12000-P,8321.6,0.0,0.4335,5.0,0.5075,5.0,104.79,11.22638,-6.05441,-21.84165,9e-05,-0.78231
8366.5,BTC-27DEC19,1570877944507,open,2.57,0.2,2.516,2.6655,2.5874717,111.02,2.03,0.0,BTC-27DEC19-30000-P,8321.6,0.0,0.009,5.0,0.0,0.0,0.0,1.15823,-0.84736,-62.19188,1e-05,-0.98838
8349.9,SYN.BTC-29NOV19,1570877944504,open,0.03,92.5,0.0115,0.05,0.02878218,81.79,0.0275,0.0,BTC-29NOV19-6500-P,8321.6,80.32,0.0275,14.0,0.0305,7.5,83.72,7.36404,-6.29003,-2.06982,0.0001,-0.1602
8349.9,SYN.BTC-29NOV19,1570877944504,open,0.16,4.9,0.1295,0.1945,0.16342587,76.71,0.1755,0.0,BTC-29NOV19-7500-C,8321.6,73.19,0.159,14.4,0.1655,8.0,78.36,10.50958,-8.41999,5.88008,0.00015,0.70031
8468.22,BTC-27MAR20,1570877944507,open,0.73,58.9,0.6665,0.799,0.73174035,86.19,0.7315,0.0,BTC-27MAR20-14000-P,8321.6,61.34,0.682,2.0,0.7725,2.0,103.07,19.40324,-5.01054,-56.05516,7e-05,-0.71611
8366.5,BTC-27DEC19,1570877944508,open,0.0,291.4,0.0005,0.011,0.0010092,115.0,0.0015,0.0,BTC-27DEC19-2500-P,8321.6,114.86,0.001,39.0,0.002,0.5,126.46,0.56576,-0.42875,-0.10703,0.0,-0.00514
8349.9,SYN.BTC-29NOV19,1570877944504,open,0.06,79.4,0.034,0.091,0.06164545,76.72,0.057,0.0,BTC-29NOV19-7500-P,8321.6,76.2,0.061,0.1,0.064,15.5,78.59,10.50966,-8.42053,-3.9575,0.00015,-0.2997
8366.5,BTC-27DEC19,1570877944508,open,4.71,0.0,4.625,4.8555,4.73733085,116.56,None,0.0,BTC-27DEC19-48000-P,8321.6,0.0,0.0005,11.0,0.0,0.0,0.0,0.1584,-0.12166,-99.76274,0.0,-0.99874
8366.5,BTC-27DEC19,1570877944508,open,0.23,52.9,0.1955,0.2665,0.23248392,81.77,0.276,0.0,BTC-27DEC19-7000-C,8321.6,63.05,0.206,13.0,0.246,15.1,90.95,12.20139,-6.57456,8.9466,0.0001,0.74689
8349.9,SYN.BTC-29NOV19,1570877944504,open,0.39,0.0,0.3595,0.439,0.39813857,77.68,None,0.0,BTC-29NOV19-11500-P,8321.6,0.0,0.008,10.0,0.0,0.0,0.0,7.33849,-5.95351,-13.56748,0.0001,-0.84065
8325.06,SYN.BTC-18OCT19,1570877944504,open,0.13,0.0,0.112,0.1535,0.13239062,77.15,None,0.0,BTC-18OCT19-7250-C,8321.6,0.0,0.1285,0.8,0.1335,0.8,83.08,1.4482,-9.50736,1.06633,0.00017,0.92807
8366.5,BTC-27DEC19,1570877944508,open,0.42,66.8,0.3975,0.442,0.41944427,92.19,0.4155,0.0,BTC-27DEC19-5000-C,8321.6,62.69,0.4055,13.0,0.438,13.0,116.67,5.43565,-3.30217,8.78133,4e-05,0.92435
8468.22,BTC-27MAR20,1570877944508,open,0.02,107.7,0.0035,0.038,0.01545783,101.1,0.0155,0.0,BTC-27MAR20-30000-C,8321.6,98.75,0.0135,22.0,0.0175,10.0,103.38,7.32193,-2.21799,1.94576,2e-05,0.06571
8325.06,SYN.BTC-18OCT19,1570877944504,open,0.02,80.6,0.0075,0.0475,0.02594756,60.03,0.026,0.0,BTC-18OCT19-8250-P,8321.6,57.14,0.0245,0.3,0.026,0.2,60.14,4.16225,-21.26328,-0.62125,0.00062,-0.43762
8349.9,SYN.BTC-29NOV19,1570877944504,open,0.11,24.1,0.081,0.152,0.1169128,74.09,0.1115,0.0,BTC-29NOV19-8500-P,8321.6,72.42,0.1145,7.0,0.121,28.9,76.93,12.03664,-9.31377,-6.4607,0.00018,-0.47298
8366.5,BTC-27DEC19,1570877944508,open,0.03,1044.0,0.0155,0.06,0.03583979,85.63,0.0375,0.0,BTC-27DEC19-6000-P,8321.6,84.35,0.0345,21.0,0.0375,43.9,87.2,8.79839,-4.96459,-3.19028,7e-05,-0.14759
8349.9,SYN.BTC-29NOV19,1570877944506,open,0.41,0.0,0.392,0.4285,0.40944746,96.0,None,0.0,BTC-29NOV19-5000-C,8321.6,0.0,0.0005,0.1,0.0,0.0,0.0,3.09891,-3.10703,5.92467,4e-05,0.9504
8366.5,BTC-27DEC19,1570877944509,open,0.0,443.4,0.0005,0.0145,0.00452602,106.86,0.004,0.0,BTC-27DEC19-3500-P,8321.6,104.5,0.004,10.0,0.005,0.6,108.86,1.93,-1.35913,-0.44509,1e-05,-0.02107
8468.22,BTC-27MAR20,1570877944509,open,2.55,0.0,2.4775,2.6495,2.5581066,101.09,None,0.0,BTC-27MAR20-30000-P,8321.6,0.0,0.005,4.0,0.0,0.0,0.0,7.31962,-2.21708,-135.21306,2e-05,-0.93431
8468.22,BTC-27MAR20,1570877944509,open,0.02,37.6,0.004,0.041,0.01743077,99.22,0.021,0.0,BTC-27MAR20-28000-C,8321.6,97.11,0.0155,17.0,0.0195,10.0,101.33,8.01665,-2.38319,2.18733,2e-05,0.07393
8349.9,SYN.BTC-29NOV19,1570877944504,open,0.19,0.3,0.1565,0.2345,0.1957938,74.09,0.2335,0.0,BTC-29NOV19-9500-P,8321.6,46.85,0.161,5.0,0.2315,5.0,99.66,11.36051,-8.79074,-9.10564,0.00017,-0.6356
8325.06,SYN.BTC-18OCT19,1570877944504,open,0.0,0.0,0.0005,0.0105,0.00023776,80.8,None,0.0,BTC-18OCT19-10750-C,8321.6,0.0,0.0,0.0,0.0005,10.0,88.51,0.21342,-1.46734,0.00946,2e-05,0.00729
8366.5,BTC-27DEC19,1570877944509,open,0.01,546.9,0.0005,0.018,0.00776501,102.59,0.0075,0.0,BTC-27DEC19-4000-P,8321.6,100.36,0.007,10.0,0.0085,10.0,104.63,2.94967,-1.99411,-0.74431,2e-05,-0.03503
8325.06,SYN.BTC-18OCT19,1570877944504,open,0.04,65.8,0.0135,0.0565,0.0349639,60.03,0.0315,0.0,BTC-18OCT19-8250-C,8321.6,52.1,0.031,16.2,0.0355,18.4,61.1,4.16225,-21.263,0.70681,0.00062,0.56238
8325.06,SYN.BTC-18OCT19,1570877944507,open,0.08,12.3,0.0625,0.113,0.08739846,60.1,0.0855,0.0,BTC-18OCT19-9000-P,8321.6,60.42,0.0875,6.0,0.09,0.1,67.95,2.59613,-13.2766,-1.2395,0.00039,-0.8375
8325.06,SYN.BTC-18OCT19,1570877944505,open,0.2,0.0,0.178,0.228,0.2018932,70.1,None,0.0,BTC-18OCT19-10000-P,8321.6,0.0,0.0005,0.1,0.0,0.0,0.0,0.5517,-3.2912,-1.5814,7e-05,-0.97813
8325.06,SYN.BTC-18OCT19,1570877944507,open,0.01,418.3,0.0005,0.0195,0.00632537,60.1,0.005,0.0,BTC-18OCT19-9000-C,8321.6,55.67,0.005,21.7,0.007,24.5,62.22,2.59607,-13.27601,0.20929,0.00039,0.16249
8325.06,SYN.BTC-18OCT19,1570877944508,open,0.14,6.1,0.119,0.1695,0.14320201,65.18,0.123,0.0,BTC-18OCT19-9500-P,8321.6,0.0,0.124,4.0,0.163,4.0,131.9,1.2578,-6.97677,-1.45169,0.00017,-0.94003
8329.2,SYN.BTC-25OCT19,1570877944507,open,0.17,9.9,0.1455,0.1905,0.16801513,80.04,0.211,0.0,BTC-25OCT19-7000-C,8321.6,0.0,0.1595,18.0,0.187,8.0,122.74,2.92309,-9.08557,2.12416,0.00015,0.89096
8329.2,SYN.BTC-25OCT19,1570877944507,open,0.07,452.7,0.0465,0.0995,0.07399872,70.67,0.0735,0.0,BTC-25OCT19-8000-C,8321.6,64.21,0.0695,10.0,0.0745,18.0,71.38,5.82765,-15.99203,1.6759,0.00034,0.64438
8349.9,SYN.BTC-29NOV19,1570877944505,open,0.3,0.0,0.2755,0.324,0.29978029,84.46,None,0.0,BTC-29NOV19-6000-C,8321.6,0.0,0.055,0.1,0.0,0.0,0.0,5.63862,-4.97367,6.47829,7e-05,0.89128
8366.5,BTC-27DEC19,1570877944511,open,0.0,762.7,0.0005,0.0115,0.00172575,110.9,0.0015,0.0,BTC-27DEC19-30000-C,8321.6,104.54,0.001,0.1,0.0025,12.5,115.81,1.15008,-0.84045,0.17036,1e-05,0.01152
8349.9,SYN.BTC-29NOV19,1570877944507,open,0.68,0.0,0.646,0.7265,0.68405807,84.52,None,0.0,BTC-29NOV19-14000-P,8321.6,0.0,0.0,0.0,0.0,0.0,0.0,3.71239,-3.2769,-17.76131,5e-05,-0.93765
8329.2,SYN.BTC-25OCT19,1570877944507,open,0.0,859.5,0.0005,0.0125,0.00266419,100.52,0.002,0.0,BTC-25OCT19-6000-P,8321.6,95.37,0.002,1.0,0.0035,15.5,106.03,1.16568,-4.55001,-0.10622,5e-05,-0.03349
8325.06,SYN.BTC-18OCT19,1570877944504,open,0.0,108.6,0.0005,0.013,0.0031387,60.45,0.003,0.0,BTC-18OCT19-9250-C,8321.6,57.2,0.0025,8.0,0.004,30.5,64.36,1.72773,-8.88714,0.11759,0.00026,0.09088
8325.06,SYN.BTC-18OCT19,1570877944506,open,0.0,347.6,0.0005,0.0175,0.00524362,71.11,0.0045,0.0,BTC-18OCT19-7500-P,8321.6,68.0,0.0045,57.0,0.006,8.0,74.11,2.04663,-12.38546,-0.16077,0.00026,-0.11472
8325.06,SYN.BTC-18OCT19,1570877944504,open,0.11,0.7,0.09,0.14,0.11424159,60.45,0.117,0.0,BTC-18OCT19-9250-P,8321.6,63.92,0.115,6.0,0.1175,0.1,73.66,1.72784,-8.88799,-1.37145,0.00026,-0.90911
8329.2,SYN.BTC-25OCT19,1570877944507,open,0.04,467.0,0.0185,0.065,0.04129392,67.28,0.0405,0.0,BTC-25OCT19-8500-C,8321.6,62.86,0.038,30.0,0.0415,8.0,67.55,6.2114,-16.22751,1.23371,0.00038,0.46118
8349.9,SYN.BTC-29NOV19,1570877944508,open,0.34,0.0,0.3045,0.3835,0.34332203,75.85,None,0.0,BTC-29NOV19-11000-P,8321.6,0.0,0.0005,11.0,0.0,0.0,0.0,8.29121,-6.56781,-12.59621,0.00012,-0.80678
8366.5,BTC-27DEC19,1570877944512,open,0.58,99.0,0.536,0.6315,0.58208687,83.14,0.638,0.0,BTC-27DEC19-13000-P,8321.6,0.0,0.5435,5.0,0.615,5.0,108.08,9.47917,-5.19365,-24.64148,8e-05,-0.83473
8349.9,SYN.BTC-29NOV19,1570877944506,open,0.8,0.0,0.7625,0.8465,0.80231185,89.11,None,0.0,BTC-29NOV19-15000-P,8321.6,0.0,0.0,0.0,0.0,0.0,0.0,3.073,-2.85976,-19.20185,4e-05,-0.95092
8349.9,SYN.BTC-29NOV19,1570877944504,open,0.5,0.0,0.4725,0.5515,0.51023258,80.14,None,0.0,BTC-29NOV19-12500-P,8321.6,0.0,0.006,5.0,0.0,0.0,0.0,5.55799,-4.65188,-15.37332,8e-05,-0.89343
8329.2,SYN.BTC-25OCT19,1570877944508,open,0.0,135.8,0.0005,0.014,0.00419244,87.66,0.004,0.0,BTC-25OCT19-6500-P,8321.6,86.74,0.004,7.5,0.0045,14.0,89.08,1.76738,-6.01603,-0.17712,8e-05,-0.05609
8325.06,SYN.BTC-18OCT19,1570877944504,open,0.17,0.0,0.1485,0.198,0.17212448,65.18,None,0.0,BTC-18OCT19-9750-P,8321.6,0.0,0.0005,0.2,0.0,0.0,0.0,0.73474,-4.07556,-1.52953,0.0001,-0.96919
8325.06,SYN.BTC-18OCT19,1570877944506,open,0.26,0.0,0.237,0.289,0.26171932,80.81,None,0.0,BTC-18OCT19-10500-P,8321.6,0.0,0.0005,0.1,0.0,0.0,0.0,0.3644,-2.5057,-1.67286,4e-05,-0.98654
8349.9,SYN.BTC-29NOV19,1570877944504,open,0.06,37.7,0.0305,0.0865,0.058049,74.09,0.0575,0.0,BTC-29NOV19-9500-C,8321.6,71.47,0.0545,37.8,0.06,26.5,75.52,11.36035,-8.79001,3.35506,0.00017,0.36438
8349.9,SYN.BTC-29NOV19,1570877944504,open,0.02,44.2,0.0065,0.041,0.02086855,77.67,0.02,0.0,BTC-29NOV19-11500-C,8321.6,76.67,0.02,1.0,0.022,30.5,78.95,7.33735,-5.95186,1.51632,0.0001,0.15932
8325.06,SYN.BTC-18OCT19,1570877944504,open,0.23,0.0,0.2075,0.258,0.23154418,70.11,None,0.0,BTC-18OCT19-10250-P,8321.6,0.0,0.0005,0.1,0.0,0.0,0.0,0.30342,-1.81022,-1.63585,4e-05,-0.9891
8349.9,SYN.BTC-29NOV19,1570877944504,open,0.25,0.0,0.222,0.2775,0.25032521,81.78,None,0.0,BTC-29NOV19-6500-C,8321.6,0.0,0.009,1.0,0.0,0.0,0.0,7.3637,-6.28933,6.45617,0.0001,0.83981
8349.9,SYN.BTC-29NOV19,1570877944504,open,0.1,68.5,0.0655,0.1305,0.09893061,74.09,0.1025,0.0,BTC-29NOV19-8500-C,8321.6,71.71,0.0955,16.5,0.101,24.5,75.52,12.03665,-9.31324,4.68845,0.00018,0.52701
8325.06,SYN.BTC-18OCT19,1570877944504,open,0.08,4.4,0.054,0.1,0.07757628,65.1,0.082,0.0,BTC-18OCT19-7750-C,8321.6,55.3,0.0745,0.9,0.078,6.5,66.35,2.79045,-15.45756,0.99234,0.00038,0.81804
8325.06,SYN.BTC-18OCT19,1570877944505,open,0.0,16.0,0.0005,0.013,0.00325505,77.15,0.003,0.0,BTC-18OCT19-7250-P,8321.6,72.53,0.0025,47.0,0.004,8.0,81.22,1.44827,-9.50804,-0.10077,0.00017,-0.07194
8325.06,SYN.BTC-18OCT19,1570877944507,open,0.0,132.0,0.0005,0.0105,0.00070088,70.1,0.0005,0.0,BTC-18OCT19-10000-C,8321.6,66.73,0.0005,6.6,0.001,2.0,74.11,0.55148,-3.28956,0.02836,7e-05,0.02186
8329.2,SYN.BTC-25OCT19,1570877944507,open,0.12,29.5,0.0905,0.1415,0.11656274,73.75,0.1155,0.0,BTC-25OCT19-7500-C,8321.6,65.86,0.1125,15.0,0.117,6.0,74.57,4.436,-12.70475,1.99539,0.00025,0.79568
8325.06,SYN.BTC-18OCT19,1570877944506,open,0.32,0.0,0.2955,0.3505,0.32179309,94.81,None,0.0,BTC-18OCT19-11000-P,8321.6,0.0,0.0005,0.1,0.0,0.0,0.0,0.33069,-2.66798,-1.75528,3e-05,-0.98797
8329.2,SYN.BTC-25OCT19,1570877944508,open,0.28,16.3,0.2655,0.3005,0.28230666,100.51,0.27,0.0,BTC-25OCT19-6000-C,8321.6,0.0,0.268,9.0,0.295,9.0,153.16,1.16553,-4.54925,2.01035,5e-05,0.96652
8325.06,SYN.BTC-18OCT19,1570877944504,open,0.0,9.1,0.0005,0.0105,0.00032205,70.1,0.0005,0.0,BTC-18OCT19-10250-C,8321.6,0.0,0.0,0.0,0.0005,5.0,74.27,0.30312,-1.80813,0.01416,4e-05,0.01089
8349.9,SYN.BTC-29NOV19,1570877944506,open,0.01,195.7,0.0005,0.0195,0.0082587,96.01,0.0085,0.0,BTC-29NOV19-5000-P,8321.6,92.47,0.007,48.5,0.0095,33.5,99.24,3.09925,-3.10752,-0.63374,4e-05,-0.04961
8329.2,SYN.BTC-25OCT19,1570877944508,open,0.0,395.7,0.0005,0.0105,0.00097355,88.4,0.0015,0.0,BTC-25OCT19-12000-C,8321.6,81.09,0.0005,38.0,0.0015,30.0,94.08,0.66504,-2.28303,0.04758,3e-05,0.01717
8325.06,SYN.BTC-18OCT19,1570877944504,open,0.01,141.5,0.0005,0.0235,0.00850033,65.1,0.009,0.0,BTC-18OCT19-7750-P,8321.6,63.59,0.008,13.0,0.0095,7.9,68.03,2.79048,-15.45798,-0.25524,0.00038,-0.18196
8325.06,SYN.BTC-18OCT19,1570877944504,open,0.0,8.2,0.0005,0.0105,0.00096197,65.18,0.0015,0.0,BTC-18OCT19-9750-C,8321.6,58.85,0.0005,19.3,0.0015,11.8,70.48,0.73453,-4.07412,0.03999,0.0001,0.0308
8349.9,SYN.BTC-29NOV19,1570877944512,open,0.13,153.0,0.094,0.1605,0.12866566,75.46,0.1295,0.0,BTC-29NOV19-8000-C,8321.6,73.18,0.1255,1.0,0.13,17.0,76.43,11.55645,-9.108,5.33026,0.00017,0.61535
8325.06,SYN.BTC-18OCT19,1570877944511,open,0.0,8.9,0.0005,0.0105,7.843e-05,115.0,0.0005,0.0,BTC-18OCT19-5500-P,8321.6,0.0,0.0,0.0,0.0005,6.2,140.83,0.06038,-0.59088,-0.0025,0.0,-0.00178
183.12,SYN.ETH-25OCT19,1570877945258,open,0.02,22.0,0.003,0.035,0.015777,79.97,0.015,0.0,ETH-25OCT19-210-C,182.98,76.54,0.014,160.0,0.017,3.0,82.26,0.09668,-0.30024,0.01199,0.01022,0.20135
183.12,SYN.ETH-25OCT19,1570877945258,open,0.16,0.0,0.122,0.203,0.162572,79.97,None,0.0,ETH-25OCT19-210-P,182.98,0.0,0.0,0.0,0.0,0.0,0.0,0.09668,-0.30024,-0.06209,0.01022,-0.79865
183.12,SYN.ETH-25OCT19,1570877945258,open,0.26,0.0,0.222,0.305,0.262012,84.48,None,0.0,ETH-25OCT19-230-P,182.98,0.0,0.0,0.0,0.0,0.0,0.0,0.05462,-0.17919,-0.07588,0.00547,-0.91265
183.12,SYN.ETH-25OCT19,1570877945258,open,0.01,0.0,0.001,0.018,0.005999,84.48,None,0.0,ETH-25OCT19-230-C,182.98,77.1,0.004,350.0,0.008,200.0,90.72,0.05462,-0.17919,0.00525,0.00547,0.08735
183.12,SYN.ETH-25OCT19,1570877945258,open,0.01,1.0,0.001,0.023,0.009001,90.25,0.012,0.0,ETH-25OCT19-150-P,182.98,84.03,0.007,201.0,0.011,350.0,95.93,0.0619,-0.21695,-0.00727,0.0058,-0.10353
183.12,SYN.ETH-25OCT19,1570877945258,open,0.19,0.0,0.16,0.218,0.189862,90.25,None,0.0,ETH-25OCT19-150-C,182.98,0.0,0.0,0.0,0.0,0.0,0.0,0.0619,-0.21695,0.04564,0.0058,0.89647
183.12,SYN.ETH-25OCT19,1570877945258,open,0.08,0.0,0.045,0.116,0.081072,79.25,None,0.0,ETH-25OCT19-190-P,182.98,72.36,0.076,120.0,0.085,120.0,84.56,0.13516,-0.41596,-0.04198,0.01442,-0.56883
183.12,SYN.ETH-25OCT19,1570877945258,open,0.03,7.0,0.009,0.054,0.029002,80.27,0.031,0.0,ETH-25OCT19-170-P,182.98,75.53,0.026,260.0,0.032,116.0,84.94,0.11674,-0.36389,-0.02027,0.01229,-0.28486
183.5,SYN.ETH-29NOV19,1570877945587,open,0.64,0.0,0.594,0.711,0.650407,95.8,None,0.0,ETH-29NOV19-300-P,182.98,0.0,0.0,0.0,0.0,0.0,0.0,0.12239,-0.12245,-0.37151,0.00289,-0.89313
183.5,SYN.ETH-29NOV19,1570877945587,open,0.01,13.0,0.004,0.033,0.015507,95.8,0.016,0.0,ETH-29NOV19-300-C,182.98,90.21,0.012,150.0,0.019,150.0,100.79,0.12239,-0.12245,0.02199,0.00289,0.10687
183.5,SYN.ETH-29NOV19,1570877945754,open,0.01,0.0,0.002,0.027,0.011505,97.76,None,0.0,ETH-29NOV19-320-C,182.98,90.73,0.008,150.0,0.015,150.0,103.71,0.10038,-0.10248,0.01689,0.00232,0.0817
183.5,SYN.ETH-29NOV19,1570877945754,open,0.74,0.0,0.697,0.818,0.755399,97.76,None,0.0,ETH-29NOV19-320-P,182.98,0.0,0.0,0.0,0.0,0.0,0.0,0.10038,-0.10248,-0.40284,0.00232,-0.9183
185.45,ETH-27MAR20,1570877945810,open,0.18,1275.0,0.12,0.233,0.180886,101.29,0.185,0.0,ETH-27MAR20-240-C,182.98,98.74,0.174,3.0,0.186,137.0,103.19,0.49996,-0.15173,0.25905,0.00314,0.48642
183.8,ETH-27DEC19,1570877945810,open,0.0,14630.0,0.001,0.012,0.002115,111.4,0.002,0.0,ETH-27DEC19-640-C,182.98,102.53,0.001,2113.0,0.003,192.0,116.24,0.02957,-0.02171,0.00447,0.00038,0.01382
183.8,ETH-27DEC19,1570877945810,open,0.09,5074.0,0.048,0.128,0.088629,99.91,0.102,0.0,ETH-27DEC19-240-C,182.98,97.19,0.084,509.0,0.092,460.0,101.88,0.31358,-0.20646,0.10377,0.00447,0.36021
183.8,ETH-27DEC19,1570877945810,open,0.07,2494.0,0.036,0.102,0.068956,101.88,0.064,0.0,ETH-27DEC19-140-P,182.98,99.61,0.066,139.0,0.072,128.0,104.22,0.23921,-0.1606,-0.10529,0.00334,-0.20661
183.5,SYN.ETH-29NOV19,1570877945810,open,0.02,116.0,0.006,0.041,0.020509,92.83,0.022,0.0,ETH-29NOV19-280-C,182.98,88.26,0.017,350.0,0.024,350.0,97.06,0.14656,-0.14209,0.02831,0.00357,0.13812
183.12,SYN.ETH-25OCT19,1570877945810,open,0.0,5398.0,0.001,0.011,0.0015,106.55,0.002,0.0,ETH-25OCT19-280-C,182.98,100.69,0.001,269.0,0.002,200.0,111.23,0.01777,-0.07351,0.0013,0.00141,0.02159
185.45,ETH-27MAR20,1570877945813,open,0.11,626.0,0.056,0.153,0.105127,101.29,0.105,0.0,ETH-27MAR20-320-C,182.98,98.76,0.099,403.0,0.11,403.0,103.28,0.45125,-0.13695,0.18633,0.00283,0.32489
183.04,SYN.ETH-18OCT19,1570877945813,open,0.01,459.0,0.001,0.03,0.011472,75.0,0.01,0.0,ETH-18OCT19-170-P,182.98,67.92,0.009,160.0,0.012,1.0,76.46,0.06596,-0.42094,-0.00637,0.0163,-0.20484
183.5,SYN.ETH-29NOV19,1570877945813,open,0.05,171.0,0.018,0.072,0.043507,90.74,0.044,0.0,ETH-29NOV19-240-C,182.98,86.83,0.039,351.0,0.045,2.0,92.02,0.21429,-0.20308,0.0514,0.00535,0.25704
185.45,ETH-27MAR20,1570877945816,open,0.03,4260.0,0.009,0.059,0.029502,108.77,0.029,0.0,ETH-27MAR20-600-C,182.98,107.57,0.028,70.0,0.031,240.0,109.94,0.23516,-0.07664,0.06791,0.00137,0.10959
183.12,SYN.ETH-25OCT19,1570877945820,open,0.05,1559.0,0.021,0.08,0.04923,77.26,0.054,0.0,ETH-25OCT19-180-P,182.98,74.23,0.047,120.0,0.05,10.0,78.31,0.13473,-0.40422,-0.03059,0.01474,-0.42428
183.8,ETH-27DEC19,1570877945824,open,0.31,2918.0,0.249,0.37,0.311296,99.91,0.324,0.0,ETH-27DEC19-220-P,182.98,95.83,0.304,96.0,0.317,96.0,103.09,0.3297,-0.21707,-0.3353,0.0047,-0.56627
185.45,ETH-27MAR20,1570877945824,open,0.6,19.0,0.572,0.624,0.599114,110.4,0.542,0.0,ETH-27MAR20-80-C,182.98,0.0,0.07,20.0,0.0,0.0,0.0,0.16252,-0.05376,0.28321,0.00094,0.93314
185.45,ETH-27MAR20,1570877945824,open,0.03,971.0,0.013,0.051,0.030497,110.4,0.034,0.0,ETH-27MAR20-80-P,182.98,106.32,0.027,360.0,0.034,470.0,114.32,0.16252,-0.05376,-0.08255,0.00094,-0.06686
183.8,ETH-27DEC19,1570877945824,open,0.02,3938.0,0.007,0.037,0.019986,110.37,0.018,0.0,ETH-27DEC19-100-P,182.98,107.13,0.018,85.0,0.022,160.0,113.53,0.11496,-0.08361,-0.03514,0.00148,-0.07198
183.04,SYN.ETH-18OCT19,1570877945826,open,0.0,20.0,0.001,0.011,0.000546,120.0,0.004,0.0,ETH-18OCT19-130-P,182.98,0.0,0.0,0.0,0.002,350.0,146.38,0.00623,-0.06361,-0.00031,0.00096,-0.01007
183.12,SYN.ETH-25OCT19,1570877945826,open,0.01,2431.0,0.001,0.015,0.005,97.27,0.006,0.0,ETH-25OCT19-140-P,182.98,87.06,0.003,541.0,0.007,350.0,105.56,0.04058,-0.15327,-0.00415,0.00353,-0.05926
183.5,SYN.ETH-29NOV19,1570877945834,open,0.1,262.0,0.057,0.131,0.096035,90.74,0.109,0.0,ETH-29NOV19-200-C,182.98,86.54,0.09,320.0,0.1,320.0,93.5,0.26386,-0.25006,0.08786,0.00658,0.46108
183.04,SYN.ETH-18OCT19,1570877945834,open,0.29,0.0,0.268,0.312,0.290332,120.0,None,0.0,ETH-18OCT19-130-C,182.98,0.0,0.0,0.0,0.0,0.0,0.0,0.00623,-0.06361,0.02061,0.00096,0.98993
183.5,SYN.ETH-29NOV19,1570877945834,open,0.2,6.0,0.155,0.232,0.196546,90.74,0.185,0.0,ETH-29NOV19-160-C,182.98,84.53,0.189,320.0,0.218,320.0,108.13,0.22391,-0.2122,0.12586,0.00559,0.71947
185.45,ETH-27MAR20,1570877945836,open,1.62,0.0,1.533,1.739,1.633302,104.56,None,0.0,ETH-27MAR20-480-P,182.98,0.0,0.003,10.0,0.0,0.0,0.0,0.30595,-0.09585,-2.09645,0.00186,-0.83932
183.8,ETH-27DEC19,1570877945836,open,0.87,0.0,0.807,0.948,0.875853,101.08,None,0.0,ETH-27DEC19-340-P,182.98,0.0,0.001,5.0,0.0,0.0,0.0,0.18172,-0.12105,-0.66524,0.00256,-0.86524
183.8,ETH-27DEC19,1570877945836,open,0.77,101.0,0.706,0.845,0.774042,100.83,0.513,0.0,ETH-27DEC19-320-P,182.98,0.0,0.006,5.0,0.0,0.0,0.0,0.2076,-0.13795,-0.61498,0.00293,-0.83551
183.8,ETH-27DEC19,1570877945839,open,1.07,0.0,1.013,1.16,1.084003,101.83,None,0.0,ETH-27DEC19-380-P,182.98,0.0,0.001,5.0,0.0,0.0,0.0,0.13765,-0.09237,-0.76134,0.00192,-0.9086
185.45,ETH-27MAR20,1570877945839,open,1.01,6.0,0.933,1.116,1.024729,102.26,1.165,0.0,ETH-27MAR20-360-P,182.98,0.0,0.0,0.0,0.0,0.0,0.0,0.41442,-0.12698,-1.48799,0.00258,-0.73025
183.12,SYN.ETH-25OCT19,1570877945839,open,0.07,1111.0,0.034,0.096,0.066263,77.26,0.069,0.0,ETH-25OCT19-180-C,182.98,74.18,0.064,72.0,0.07,280.0,82.34,0.13473,-0.40422,0.03291,0.01474,0.57572
183.04,SYN.ETH-18OCT19,1570877945839,open,0.24,0.0,0.212,0.259,0.235655,95.53,None,0.0,ETH-18OCT19-140-C,182.98,0.0,0.0,0.0,0.0,0.0,0.0,0.00701,-0.05697,0.02218,0.00136,0.98847
183.8,ETH-27DEC19,1570877945841,open,1.6,21.0,1.537,1.706,1.618039,105.44,0.629,0.0,ETH-27DEC19-480-P,182.98,0.0,0.001,7.0,0.0,0.0,0.0,0.0715,-0.04968,-0.98521,0.00097,-0.96049
183.8,ETH-27DEC19,1570877945841,open,0.0,4118.0,0.001,0.011,0.001503,119.14,0.001,0.0,ETH-27DEC19-760-C,182.98,0.0,0.0,0.0,0.002,170.0,122.95,0.02155,-0.01692,0.00309,0.00026,0.0096
183.8,ETH-27DEC19,1570877945841,open,0.17,2741.0,0.116,0.217,0.168157,99.91,0.16,0.0,ETH-27DEC19-180-P,182.98,97.54,0.164,340.0,0.172,118.0,102.11,0.32203,-0.21202,-0.2141,0.00459,-0.39219
183.12,SYN.ETH-25OCT19,1570877945841,open,0.31,302.0,0.274,0.358,0.314121,85.58,0.432,0.0,ETH-25OCT19-240-P,182.98,0.0,0.0,0.0,0.0,0.0,0.0,0.03799,-0.12626,-0.08137,0.00375,-0.94548
183.12,SYN.ETH-25OCT19,1570877945841,open,0.41,3.0,0.379,0.468,0.42184,95.17,0.534,0.0,ETH-25OCT19-260-P,182.98,0.0,0.0,0.0,0.0,0.0,0.0,0.0238,-0.08797,-0.08987,0.00211,-0.96938
183.8,ETH-27DEC19,1570877945845,open,0.01,5465.0,0.001,0.018,0.006505,105.44,0.007,0.0,ETH-27DEC19-480-C,182.98,101.25,0.005,450.0,0.008,360.0,109.04,0.0715,-0.04968,0.01261,0.00097,0.03951
183.8,ETH-27DEC19,1570877945849,open,0.39,2.0,0.351,0.418,0.386091,105.14,0.346,0.0,ETH-27DEC19-120-C,182.98,0.0,0.101,1.0,0.0,0.0,0.0,0.17674,-0.12246,0.18511,0.00239,0.87057
183.5,SYN.ETH-29NOV19,1570877945849,open,0.28,1.0,0.238,0.306,0.274031,95.33,0.289,0.0,ETH-29NOV19-140-C,182.98,0.0,0.0,0.0,0.0,0.0,0.0,0.16783,-0.1671,0.13394,0.00399,0.83053
183.8,ETH-27DEC19,1570877945851,open,0.03,926.0,0.008,0.05,0.026016,101.08,0.03,0.0,ETH-27DEC19-340-C,182.98,97.95,0.023,630.0,0.029,310.0,104.03,0.18172,-0.12105,0.04155,0.00256,0.13476
183.5,SYN.ETH-29NOV19,1570877945851,open,0.37,0.0,0.335,0.391,0.364031,101.38,None,0.0,ETH-29NOV19-120-C,182.98,0.0,0.0,0.0,0.0,0.0,0.0,0.10799,-0.11435,0.13139,0.00241,0.90992
185.45,ETH-27MAR20,1570877945854,open,0.04,2415.0,0.012,0.068,0.036503,104.59,0.032,0.0,ETH-27MAR20-520-C,182.98,102.85,0.034,150.0,0.039,240.0,106.27,0.27187,-0.0852,0.08328,0.00165,0.13473
183.12,SYN.ETH-25OCT19,1570877945854,open,0.52,3.0,0.485,0.58,0.530559,106.55,0.645,0.0,ETH-25OCT19-280-P,182.98,0.0,0.0,0.0,0.0,0.0,0.0,0.01777,-0.07351,-0.09747,0.00141,-0.97841
185.45,ETH-27MAR20,1570877945856,open,0.82,7.0,0.742,0.917,0.830659,101.29,0.945,0.0,ETH-27MAR20-320-P,182.98,0.0,0.0,0.0,0.0,0.0,0.0,0.45125,-0.13695,-1.27669,0.00283,-0.67511
185.45,ETH-27MAR20,1570877945856,open,1.42,0.0,1.33,1.528,1.427111,103.77,None,0.0,ETH-27MAR20-440-P,182.98,0.0,0.002,10.0,0.0,0.0,0.0,0.33946,-0.10554,-1.89739,0.00208,-0.81074
183.5,SYN.ETH-29NOV19,1570877945856,open,0.54,0.0,0.491,0.604,0.546416,92.83,None,0.0,ETH-29NOV19-280-P,182.98,0.0,0.0,0.0,0.0,0.0,0.0,0.14656,-0.14209,-0.33896,0.00357,-0.86188
183.04,SYN.ETH-18OCT19,1570877945858,open,0.0,5.0,0.001,0.011,0.0005,95.53,0.001,0.0,ETH-18OCT19-140-P,182.98,0.0,0.0,0.0,0.001,3.0,105.75,0.00701,-0.05697,-0.00035,0.00136,-0.01153
183.8,ETH-27DEC19,1570877945860,open,1.39,0.0,1.327,1.486,1.402913,103.53,None,0.0,ETH-27DEC19-440-P,182.98,0.0,0.001,8.0,0.0,0.0,0.0,0.091,-0.06208,-0.89772,0.00125,-0.94665
183.8,ETH-27DEC19,1570877945864,open,0.31,18.0,0.264,0.344,0.307258,101.88,0.305,0.0,ETH-27DEC19-140-C,182.98,0.0,0.0,0.0,0.0,0.0,0.0,0.23921,-0.1606,0.18574,0.00334,0.79339
183.12,SYN.ETH-25OCT19,1570877945864,open,0.0,4693.0,0.001,0.011,0.000185,120.0,0.001,0.0,ETH-25OCT19-100-P,182.98,0.0,0.0,0.0,0.002,250.0,162.63,0.00275,-0.0128,-0.00018,0.00019,-0.00258
183.8,ETH-27DEC19,1570877945866,open,1.18,16.0,1.118,1.269,1.190288,103.3,1.195,0.0,ETH-27DEC19-400-P,182.98,0.0,0.001,8.0,0.0,0.0,0.0,0.12275,-0.08356,-0.80689,0.00169,-0.92155
183.5,SYN.ETH-29NOV19,1570877945866,open,0.35,0.0,0.297,0.405,0.351428,90.74,None,0.0,ETH-29NOV19-240-P,182.98,0.0,0.0,0.0,0.0,0.0,0.0,0.21429,-0.20308,-0.2634,0.00535,-0.74296
183.8,ETH-27DEC19,1570877945868,open,0.02,895.0,0.004,0.036,0.016539,101.83,0.025,0.0,ETH-27DEC19-380-C,182.98,98.3,0.014,630.0,0.019,480.0,105.0,0.13765,-0.09237,0.0286,0.00192,0.0914
183.04,SYN.ETH-18OCT19,1570877945868,open,0.06,292.0,0.028,0.094,0.060602,75.0,0.068,0.0,ETH-18OCT19-190-P,182.98,63.09,0.055,120.0,0.063,120.0,80.0,0.08732,-0.55727,-0.02049,0.02159,-0.63473
183.04,SYN.ETH-18OCT19,1570877945868,open,0.01,1006.0,0.001,0.017,0.004502,82.07,0.005,0.0,ETH-18OCT19-160-P,182.98,74.06,0.003,201.0,0.006,152.0,88.91,0.03754,-0.26214,-0.00277,0.00848,-0.08943
183.04,SYN.ETH-18OCT19,1570877945868,open,0.0,246.0,0.001,0.011,0.000999,88.84,0.001,0.0,ETH-18OCT19-230-C,182.98,0.0,0.0,0.0,0.002,200.0,99.75,0.01332,-0.10069,0.00069,0.00278,0.02444
183.5,SYN.ETH-29NOV19,1570877945871,open,0.01,507.0,0.001,0.018,0.007996,109.85,0.01,0.0,ETH-29NOV19-100-P,182.98,103.27,0.006,510.0,0.01,360.0,115.64,0.05991,-0.06872,-0.0121,0.00123,-0.04228
183.04,SYN.ETH-18OCT19,1570877945871,open,0.0,325.0,0.001,0.011,0.001499,79.61,0.001,0.0,ETH-18OCT19-220-C,182.98,74.31,0.001,59.0,0.002,200.0,83.96,0.01934,-0.131,0.00109,0.0045,0.03835
185.45,ETH-27MAR20,1570877945873,open,0.64,149.0,0.561,0.728,0.647042,101.29,0.723,0.0,ETH-27MAR20-280-P,182.98,97.04,0.636,24.0,0.662,24.0,106.99,0.48374,-0.14681,-1.05921,0.00304,-0.60223
183.8,ETH-27DEC19,1570877945873,open,1.82,37.0,1.748,1.928,1.834166,107.83,0.707,0.0,ETH-27DEC19-520-P,182.98,0.0,0.002,25.0,0.0,0.0,0.0,0.05823,-0.04138,-1.07112,0.00077,-0.96923
183.8,ETH-27DEC19,1570877945873,open,0.04,1105.0,0.016,0.072,0.042023,100.55,0.04,0.0,ETH-27DEC19-300-C,182.98,98.16,0.039,448.0,0.045,595.0,102.85,0.23504,-0.15574,0.06059,0.00333,0.20061
183.5,SYN.ETH-29NOV19,1570877945876,open,0.07,20.0,0.036,0.101,0.068492,90.74,0.069,0.0,ETH-29NOV19-160-P,182.98,87.05,0.064,428.0,0.07,1.0,91.98,0.22391,-0.2122,-0.08401,0.00559,-0.28053
185.45,ETH-27MAR20,1570877945883,open,0.31,1263.0,0.246,0.382,0.317227,100.48,0.329,0.0,ETH-27MAR20-200-P,182.98,97.74,0.31,300.0,0.325,300.0,103.44,0.48735,-0.14673,-0.61626,0.00308,-0.40961
183.8,ETH-27DEC19,1570877945883,open,0.0,15549.0,0.001,0.013,0.003002,111.4,0.003,0.0,ETH-27DEC19-600-C,182.98,105.97,0.002,1001.0,0.004,310.0,115.67,0.0388,-0.02849,0.0061,0.0005,0.01898
183.8,ETH-27DEC19,1570877945887,open,0.07,2669.0,0.033,0.105,0.068639,99.91,0.092,0.0,ETH-27DEC19-260-C,182.98,97.59,0.065,320.0,0.072,462.0,102.03,0.28995,-0.1909,0.08718,0.00413,0.29681
185.45,ETH-27MAR20,1570877945887,open,0.47,168.0,0.395,0.549,0.475035,101.29,0.456,0.0,ETH-27MAR20-240-P,182.98,97.57,0.465,300.0,0.487,24.0,105.73,0.49996,-0.15173,-0.83821,0.00314,-0.51358
183.12,SYN.ETH-25OCT19,1570877945887,open,0.03,1814.0,0.007,0.051,0.026997,79.97,0.027,0.0,ETH-25OCT19-200-C,182.98,78.45,0.026,2.0,0.028,241.0,81.49,0.12035,-0.37377,0.01792,0.01272,0.30433
183.5,SYN.ETH-29NOV19,1570877945887,open,0.47,0.0,0.441,0.484,0.463029,109.85,None,0.0,ETH-29NOV19-100-C,182.98,0.0,0.0,0.0,0.0,0.0,0.0,0.05991,-0.06872,0.11906,0.00123,0.95772
183.04,SYN.ETH-18OCT19,1570877945887,open,0.05,427.0,0.018,0.075,0.046528,75.0,0.039,0.0,ETH-18OCT19-180-C,182.98,61.73,0.04,120.0,0.048,120.0,77.98,0.09036,-0.57669,0.01597,0.02234,0.58854
183.8,ETH-27DEC19,1570877945889,open,0.01,7457.0,0.001,0.023,0.009006,103.53,0.009,0.0,ETH-27DEC19-440-C,182.98,99.17,0.007,470.0,0.011,480.0,107.32,0.091,-0.06208,0.01694,0.00125,0.05335
183.8,ETH-27DEC19,1570877945889,open,0.23,3456.0,0.177,0.29,0.235349,99.91,0.238,0.0,ETH-27DEC19-200-P,182.98,95.87,0.228,96.0,0.241,96.0,103.02,0.33402,-0.21991,-0.27451,0.00476,-0.48311
183.04,SYN.ETH-18OCT19,1570877945892,open,0.0,295.0,0.001,0.014,0.003389,75.0,0.004,0.0,ETH-18OCT19-210-C,182.98,66.76,0.002,1.0,0.004,200.0,78.07,0.03496,-0.22312,0.0023,0.00864,0.08133
183.12,SYN.ETH-25OCT19,1570877945892,open,0.24,12.0,0.214,0.266,0.240471,97.27,0.192,0.0,ETH-25OCT19-140-C,182.98,0.0,0.0,0.0,0.0,0.0,0.0,0.04058,-0.15327,0.04523,0.00353,0.94074
183.8,ETH-27DEC19,1570877945896,open,0.02,1033.0,0.006,0.043,0.021013,101.83,0.027,0.0,ETH-27DEC19-360-C,182.98,99.46,0.019,371.0,0.023,480.0,104.07,0.15966,-0.10714,0.03478,0.00223,0.11204
185.45,ETH-27MAR20,1570877945896,open,0.08,686.0,0.04,0.128,0.083505,102.26,0.087,0.0,ETH-27MAR20-360-C,182.98,99.77,0.078,406.0,0.089,405.0,104.7,0.41442,-0.12698,0.15791,0.00258,0.26975
185.45,ETH-27MAR20,1570877945898,open,0.44,40.0,0.397,0.481,0.442418,104.02,0.459,0.0,ETH-27MAR20-120-C,182.98,0.0,0.1,1.0,0.0,0.0,0.0,0.31235,-0.09735,0.33211,0.00191,0.83411
183.8,ETH-27DEC19,1570877945898,open,2.03,0.0,1.959,2.15,2.050293,108.32,0.845,0.0,ETH-27DEC19-560-P,182.98,0.0,0.0,0.0,0.0,0.0,0.0,0.04445,-0.03173,-1.15695,0.00058,-0.97772
183.8,ETH-27DEC19,1570877945898,open,0.48,0.0,0.449,0.501,0.475917,110.37,None,0.0,ETH-27DEC19-100-C,182.98,0.0,0.0,0.0,0.0,0.0,0.0,0.11496,-0.08361,0.17274,0.00148,0.92802
183.8,ETH-27DEC19,1570877945898,open,0.39,2287.0,0.329,0.457,0.394397,99.91,0.354,0.0,ETH-27DEC19-240-P,182.98,0.0,0.001,15.0,0.0,0.0,0.0,0.31358,-0.20646,-0.39514,0.00447,-0.63979
183.8,ETH-27DEC19,1570877945898,open,0.11,3373.0,0.069,0.153,0.111939,100.28,0.123,0.0,ETH-27DEC19-160-P,182.98,98.41,0.109,340.0,0.115,100.0,102.21,0.29022,-0.19177,-0.1564,0.00412,-0.29739
183.5,SYN.ETH-29NOV19,1570877945898,open,0.14,27.0,0.097,0.176,0.139028,90.74,0.149,0.0,ETH-29NOV19-180-C,182.98,86.47,0.133,402.0,0.144,82.0,94.27,0.25862,-0.24509,0.10811,0.00645,0.58818
183.8,ETH-27DEC19,1570877945910,open,0.0,12462.0,0.001,0.012,0.002002,115.05,0.005,0.0,ETH-27DEC19-680-C,182.98,106.68,0.001,1270.0,0.003,2709.0,120.76,0.02771,-0.02101,0.00413,0.00034,0.01281
185.45,ETH-27MAR20,1570877945910,open,0.32,363.0,0.265,0.369,0.321885,100.48,0.324,0.0,ETH-27MAR20-160-C,182.98,87.16,0.291,31.0,0.344,300.0,110.09,0.42838,-0.12897,0.33011,0.00271,0.71123
185.45,ETH-27MAR20,1570877945910,open,0.24,1064.0,0.177,0.29,0.238769,100.48,0.239,0.0,ETH-27MAR20-200-C,182.98,97.53,0.231,434.0,0.246,434.0,103.24,0.48735,-0.14673,0.29812,0.00308,0.59039
183.04,SYN.ETH-18OCT19,1570877945912,open,0.01,515.0,0.001,0.026,0.009428,75.0,0.008,0.0,ETH-18OCT19-200-C,182.98,64.26,0.006,140.0,0.009,201.0,73.74,0.06272,-0.40026,0.00528,0.0155,0.1885
183.04,SYN.ETH-18OCT19,1570877945912,open,0.2,0.0,0.168,0.242,0.203399,79.61,None,0.0,ETH-18OCT19-220-P,182.98,0.0,0.0,0.0,0.0,0.0,0.0,0.01934,-0.131,-0.03433,0.0045,-0.96165
183.04,SYN.ETH-18OCT19,1570877945912,open,0.0,203.0,0.001,0.012,0.002001,92.9,0.002,0.0,ETH-18OCT19-150-P,182.98,81.95,0.001,201.0,0.003,1.0,100.99,0.0201,-0.15892,-0.00124,0.00401,-0.04022
183.8,ETH-27DEC19,1570877945919,open,0.97,257.0,0.91,1.054,0.979664,101.83,0.7,0.0,ETH-27DEC19-360-P,182.98,0.0,0.01,2.0,0.0,0.0,0.0,0.15966,-0.10714,-0.71358,0.00223,-0.88796
183.8,ETH-27DEC19,1570877945919,open,0.67,1.0,0.607,0.743,0.674232,100.55,0.494,0.0,ETH-27DEC19-300-P,182.98,0.0,0.001,5.0,0.0,0.0,0.0,0.23504,-0.15574,-0.56304,0.00333,-0.79939
183.12,SYN.ETH-25OCT19,1570877945919,open,0.0,1653.0,0.001,0.013,0.003499,85.58,0.007,0.0,ETH-25OCT19-240-C,182.98,77.19,0.002,594.0,0.005,201.0,92.11,0.03799,-0.12626,0.0033,0.00375,0.05452
185.45,ETH-27MAR20,1570877945921,open,1.22,3.0,1.13,1.32,1.22392,103.02,1.39,0.0,ETH-27MAR20-400-P,182.98,0.0,0.001,10.0,0.0,0.0,0.0,0.37613,-0.1161,-1.69476,0.00232,-0.77494
183.8,ETH-27DEC19,1570877945927,open,0.0,4670.0,0.001,0.012,0.002002,119.13,0.002,0.0,ETH-27DEC19-720-C,182.98,110.55,0.001,1011.0,0.003,158.0,124.97,0.02707,-0.02125,0.004,0.00032,0.01247
185.45,ETH-27MAR20,1570877945927,open,0.14,955.0,0.082,0.188,0.137201,101.29,0.14,0.0,ETH-27MAR20-280-C,182.98,98.13,0.129,400.0,0.138,100.0,101.6,0.48374,-0.14681,0.22093,0.00304,0.39777
185.45,ETH-27MAR20,1570877945927,open,0.06,1121.0,0.022,0.093,0.054504,103.77,0.058,0.0,ETH-27MAR20-440-C,182.98,101.26,0.05,409.0,0.059,409.0,106.18,0.33946,-0.10554,0.11426,0.00208,0.18926
183.8,ETH-27DEC19,1570877945927,open,0.01,10984.0,0.001,0.015,0.005004,107.83,0.007,0.0,ETH-27DEC19-520-C,182.98,104.43,0.004,1500.0,0.006,160.0,110.79,0.05823,-0.04138,0.00985,0.00077,0.03077
183.8,ETH-27DEC19,1570877945929,open,0.57,311.0,0.51,0.644,0.576923,100.17,0.71,0.0,ETH-27DEC19-280-P,182.98,0.0,0.001,8.0,0.0,0.0,0.0,0.26289,-0.17353,-0.50927,0.00374,-0.75595
183.5,SYN.ETH-29NOV19,1570877945929,open,0.44,0.0,0.392,0.503,0.446925,92.02,None,0.0,ETH-29NOV19-260-P,182.98,0.0,0.0,0.0,0.0,0.0,0.0,0.18017,-0.17316,-0.30259,0.00443,-0.81029
183.04,SYN.ETH-18OCT19,1570877945929,open,0.1,51.0,0.066,0.138,0.102064,75.0,0.08,0.0,ETH-18OCT19-200-P,182.98,58.33,0.097,40.0,0.105,40.0,83.21,0.06272,-0.40026,-0.02692,0.0155,-0.8115
183.5,SYN.ETH-29NOV19,1570877945929,open,0.03,147.0,0.01,0.054,0.030012,92.02,0.041,0.0,ETH-29NOV19-260-C,182.98,87.83,0.026,342.0,0.034,342.0,96.0,0.18017,-0.17316,0.03844,0.00443,0.18971
183.12,SYN.ETH-25OCT19,1570877945929,open,0.12,855.0,0.08,0.158,0.119182,79.97,0.11,0.0,ETH-25OCT19-200-P,182.98,71.94,0.114,120.0,0.124,120.0,87.2,0.12035,-0.37377,-0.05264,0.01272,-0.69567
183.5,SYN.ETH-29NOV19,1570877945929,open,0.12,160.0,0.077,0.161,0.119968,90.74,0.11,0.0,ETH-29NOV19-180-P,182.98,87.22,0.115,394.0,0.126,394.0,95.03,0.25862,-0.24509,-0.12799,0.00645,-0.41182
183.5,SYN.ETH-29NOV19,1570877945929,open,0.04,329.0,0.015,0.062,0.036984,95.33,0.038,0.0,ETH-29NOV19-140-P,182.98,90.91,0.033,475.0,0.041,477.0,99.67,0.16783,-0.1671,-0.04969,0.00399,-0.16947
183.04,SYN.ETH-18OCT19,1570877945929,open,0.09,307.0,0.05,0.112,0.082731,75.0,0.085,0.0,ETH-18OCT19-170-C,182.98,60.94,0.078,40.0,0.086,40.0,83.79,0.06596,-0.42094,0.02099,0.0163,0.79516
