underlying_price,underlying_index,timestamp,state,settlement_price,open_interest,min_price,max_price,mark_price,mark_iv,last_price,interest_rate,instrument_name,index_price,bid_iv,best_bid_price,best_bid_amount,best_ask_price,best_ask_amount,ask_iv,vega,theta,rho,gamma,delta
7593.08,SYN.BTC-8NOV19,1572001140373,open,0.04,20.4,0.0285,0.076,0.04514441,50.09,0.0425,0.0,BTC-8NOV19-7500-C,7591.04,47.94,0.0435,0.8,0.049,10.0,55.12,5.81633,-10.49793,1.51362,0.00053,0.56951
7593.08,SYN.BTC-8NOV19,1572001140376,open,0.04,20.4,0.0285,0.076,0.04514441,50.09,0.0425,0.0,BTC-8NOV19-7500-C,7591.04,47.94,0.0435,0.8,0.0485,15.0,54.47,5.81633,-10.49793,1.51362,0.00053,0.56951
7593.08,SYN.BTC-8NOV19,1572001140477,open,0.04,20.4,0.0285,0.076,0.04514441,50.09,0.0425,0.0,BTC-8NOV19-7500-C,7591.04,47.94,0.0435,0.8,0.0465,1.0,51.86,5.81633,-10.49793,1.51362,0.00053,0.56951
7600.35,BTC-27DEC19,1572001140642,open,3.82,1.3,3.644,3.8345,3.73674342,113.02,2.2,0.0,BTC-27DEC19-36000-P,7590.71,0.0,0.0,0.0,0.0,0.0,0.0,0.10922,-0.09816,-62.00245,0.0,-0.99897
7596.18,SYN.BTC-29NOV19,1572001140638,open,0.07,56.3,0.057,0.113,0.07690997,57.53,0.0765,0.0,BTC-29NOV19-7500-C,7590.71,54.73,0.0735,19.6,0.0795,8.0,59.65,9.24744,-7.62678,3.53379,0.00029,0.56378
164.53,ETH-27DEC19,1572001140669,open,0.13,1389.0,0.097,0.172,0.137279,75.65,0.135,0.0,ETH-27DEC19-160-C,164.69,72.99,0.133,351.0,0.142,96.0,78.59,0.26431,-0.15901,0.13033,0.00749,0.59712
164.52,ETH-27DEC19,1572001140685,open,3.67,0.0,3.485,3.763,3.619526,100.71,None,0.0,ETH-27DEC19-760-P,164.7,0.0,0.0,0.0,0.0,0.0,0.0,0.0007,-0.00056,-1.30912,1e-05,-0.99972
164.52,ETH-27DEC19,1572001140685,open,0.74,311.0,0.658,0.778,0.716055,86.46,0.71,0.0,ETH-27DEC19-280-P,164.7,0.0,0.001,8.0,0.0,0.0,0.0,0.11665,-0.08021,-0.45902,0.00289,-0.90361
164.52,ETH-27DEC19,1572001140685,open,1.71,0.0,1.598,1.768,1.679159,112.4,None,0.0,ETH-27DEC19-440-P,164.7,0.0,0.001,8.0,0.0,0.0,0.0,0.04692,-0.04194,-0.75069,0.0009,-0.96964
164.52,ETH-27DEC19,1572001140685,open,2.45,0.0,2.305,2.515,2.405657,118.42,0.845,0.0,ETH-27DEC19-560-P,164.7,0.0,0.0,0.0,0.0,0.0,0.0,0.02185,-0.02058,-0.96169,0.0004,-0.98766
164.52,ETH-27DEC19,1572001140686,open,1.34,0.0,1.244,1.393,1.315179,101.21,None,0.0,ETH-27DEC19-380-P,164.7,0.0,0.001,5.0,0.0,0.0,0.0,0.05559,-0.04474,-0.64556,0.00118,-0.9627
164.52,ETH-27DEC19,1572001140685,open,1.22,257.0,1.126,1.268,1.19419,97.67,0.7,0.0,ETH-27DEC19-360-P,164.7,0.0,0.01,2.0,0.0,0.0,0.0,0.06111,-0.04746,-0.60997,0.00134,-0.95809
165.47,ETH-27MAR20,1572001140685,open,2.93,0.0,2.76,3.022,2.885071,112.75,None,0.0,ETH-27MAR20-640-P,164.7,0.0,0.0,0.0,0.0,0.0,0.0,0.14302,-0.0524,-2.66187,0.0011,-0.93078
164.52,ETH-27DEC19,1572001140686,open,2.69,0.0,2.542,2.764,2.648339,120.0,0.953,0.0,ETH-27DEC19-600-P,164.7,0.0,0.0,0.0,0.0,0.0,0.0,0.01727,-0.01648,-1.03129,0.00031,-0.99059
165.48,ETH-27MAR20,1572001140686,open,2.44,0.0,2.291,2.52,2.40045,103.55,None,0.0,ETH-27MAR20-560-P,164.7,0.0,0.01,10.0,0.0,0.0,0.0,0.14399,-0.04845,-2.32353,0.0012,-0.93017
165.48,ETH-27MAR20,1572001140687,open,2.69,0.0,2.527,2.778,2.647014,113.02,None,0.0,ETH-27MAR20-600-P,164.7,0.0,0.02,10.0,0.0,0.0,0.0,0.1635,-0.06005,-2.48669,0.00125,-0.91749
164.52,ETH-27DEC19,1572001140687,open,0.98,101.0,0.892,1.022,0.954309,93.18,0.513,0.0,ETH-27DEC19-320-P,164.7,0.0,0.006,5.0,0.0,0.0,0.0,0.08492,-0.06292,-0.53589,0.00195,-0.9366
165.48,ETH-27MAR20,1572001140686,open,0.78,160.0,0.685,0.84,0.762678,88.25,0.794,0.0,ETH-27MAR20-280-P,164.7,78.53,0.743,42.0,0.807,1.0,107.78,0.35119,-0.10071,-1.04558,0.00345,-0.7361
165.48,ETH-27MAR20,1572001140687,open,1.48,3.0,1.362,1.547,1.451543,96.84,1.39,0.0,ETH-27MAR20-400-P,164.7,0.0,0.001,10.0,0.0,0.0,0.0,0.23682,-0.07452,-1.61398,0.00212,-0.86199
164.52,ETH-27DEC19,1572001140687,open,1.96,21.0,1.834,2.017,1.921362,116.5,0.629,0.0,ETH-27DEC19-480-P,164.7,0.0,0.001,7.0,0.0,0.0,0.0,0.03892,-0.03606,-0.82105,0.00072,-0.97573
164.52,ETH-27DEC19,1572001140687,open,3.18,0.0,3.014,3.263,3.133872,120.0,None,0.0,ETH-27DEC19-680-P,164.7,0.0,0.002,10.0,0.0,0.0,0.0,0.00927,-0.00885,-1.17024,0.00017,-0.99534
164.52,ETH-27DEC19,1572001140687,open,1.47,16.0,1.362,1.517,1.436128,104.06,1.195,0.0,ETH-27DEC19-400-P,164.7,0.0,0.001,8.0,0.0,0.0,0.0,0.05003,-0.0414,-0.68111,0.00103,-0.96719
164.53,ETH-27DEC19,1572001140688,open,2.2,37.0,2.07,2.266,2.163754,120.85,0.707,0.0,ETH-27DEC19-520-P,164.7,0.0,0.002,25.0,0.0,0.0,0.0,0.03376,-0.03245,-0.89087,0.0006,-0.9795
164.53,ETH-27DEC19,1572001140688,open,2.94,0.0,2.778,3.013,2.891031,122.82,None,0.0,ETH-27DEC19-640-P,164.7,0.0,0.0,0.0,0.0,0.0,0.0,0.01494,-0.01459,-1.10055,0.00026,-0.99202
164.67,SYN.ETH-1NOV19,1572001140685,open,0.02,1350.0,0.004,0.042,0.020062,60.78,0.018,0.0,ETH-1NOV19-170-C,164.7,52.84,0.016,160.0,0.021,396.0,62.59,0.0851,-0.37614,0.01076,0.02741,0.36691
164.6,SYN.ETH-29NOV19,1572001140686,open,0.1,81.0,0.065,0.13,0.098292,68.88,0.095,0.0,ETH-29NOV19-160-C,164.7,66.13,0.095,156.0,0.101,96.0,71.14,0.19724,-0.19477,0.07806,0.01106,0.59463
164.6,SYN.ETH-29NOV19,1572001140688,open,0.97,0.0,0.888,1.008,0.945419,91.76,None,0.0,ETH-29NOV19-320-P,164.7,0.0,0.0,0.0,0.0,0.0,0.0,0.01797,-0.02363,-0.30378,0.00076,-0.98617
166.42,SYN.ETH-26JUN20,1572001140685,open,1.73,0.0,1.594,1.81,1.699524,92.63,None,0.0,ETH-26JUN20-440-P,164.7,0.0,0.0,0.0,0.0,0.0,0.0,0.36204,-0.06848,-2.80911,0.0021,-0.81648
164.53,ETH-27DEC19,1572001140691,open,3.43,0.0,3.25,3.513,3.376808,125.29,None,0.0,ETH-27DEC19-720-P,164.7,0.0,0.003,5.0,0.0,0.0,0.0,0.0098,-0.00977,-1.23908,0.00017,-0.99504
166.42,SYN.ETH-26JUN20,1572001140685,open,1.97,0.0,1.822,2.049,1.932133,93.93,None,0.0,ETH-26JUN20-480-P,164.7,0.0,0.0,0.0,0.0,0.0,0.0,0.33245,-0.06376,-3.09443,0.0019,-0.83942
166.42,SYN.ETH-26JUN20,1572001140697,open,0.82,0.0,0.716,0.891,0.805601,87.69,None,0.0,ETH-26JUN20-280-P,164.7,0.0,0.0,0.0,0.823,1.0,93.32,0.50872,-0.09109,-1.61683,0.00312,-0.64252
164.52,ETH-27DEC19,1572001141519,open,0.13,1389.0,0.097,0.172,0.137279,75.67,0.135,0.0,ETH-27DEC19-160-C,164.7,73.0,0.133,351.0,0.141,96.0,77.98,0.26431,-0.15904,0.1303,0.00749,0.59706
7600.08,BTC-27DEC19,1572001141644,open,0.03,592.6,0.011,0.051,0.02876946,68.45,0.0275,0.0,BTC-27DEC19-10000-C,7590.75,66.06,0.026,37.6,0.0295,3.0,69.06,8.96176,-4.87783,2.30691,0.00013,0.20498
7666.6,BTC-27MAR20,1572001141644,open,0.01,156.1,0.0035,0.035,0.01465526,91.32,0.0145,0.0,BTC-27MAR20-22000-C,7590.75,88.71,0.0125,0.2,0.0155,8.0,92.28,6.62742,-1.9665,1.76409,3e-05,0.06924
7600.08,BTC-27DEC19,1572001141644,open,0.41,4.1,0.3985,0.434,0.41556009,83.85,0.578,0.0,BTC-27DEC19-4500-C,7590.75,0.0,0.402,10.0,0.425,10.0,102.78,3.06917,-2.04654,7.04289,4e-05,0.95351
7666.6,BTC-27MAR20,1572001141644,open,0.05,0.0,0.0195,0.066,0.04104454,75.47,None,0.0,BTC-27MAR20-5000-P,7590.75,73.62,0.0385,28.2,0.0435,14.0,77.22,10.63807,-2.60866,-5.59059,6e-05,-0.13193
7666.6,BTC-27MAR20,1572001141644,open,0.04,307.5,0.0155,0.071,0.04013828,79.01,0.0395,0.0,BTC-27MAR20-14000-C,7590.75,77.44,0.0375,1.0,0.0415,14.9,79.81,13.03885,-3.34762,4.50411,7e-05,0.1795
7666.6,BTC-27MAR20,1572001141644,open,0.01,102.8,0.0005,0.0275,0.01025729,95.7,0.011,0.0,BTC-27MAR20-26000-C,7590.75,92.87,0.0085,33.0,0.0115,8.0,97.52,5.05033,-1.5704,1.25161,2e-05,0.04898
7666.6,BTC-27MAR20,1572001141644,open,0.02,238.6,0.006,0.046,0.02171209,85.04,0.0195,0.0,BTC-27MAR20-18000-C,7590.75,83.08,0.0195,1.1,0.0225,23.0,85.72,8.86996,-2.45108,2.59848,4e-05,0.10211
7666.6,BTC-27MAR20,1572001141645,open,0.32,0.0,0.2485,0.355,0.30286409,73.38,None,0.0,BTC-27MAR20-9000-P,7590.75,68.96,0.2915,5.0,0.3225,14.0,80.98,19.76294,-4.71221,-27.21501,0.00011,-0.53917
7666.6,BTC-27MAR20,1572001141645,open,0.17,263.6,0.1235,0.2105,0.1689479,72.42,0.168,0.0,BTC-27MAR20-8000-C,7590.75,70.89,0.165,21.4,0.172,0.2,73.62,19.6522,-4.62484,12.55781,0.00011,0.55749
7666.6,BTC-27MAR20,1572001141645,open,0.42,182.5,0.347,0.458,0.4029456,74.1,0.4315,0.0,BTC-27MAR20-10000-P,7590.75,60.13,0.3695,4.0,0.427,13.0,83.72,18.91719,-4.55504,-33.13848,0.0001,-0.62236
7600.12,BTC-27DEC19,1572001141645,open,0.0,579.4,0.0005,0.0105,0.00056949,110.57,0.0015,0.0,BTC-27DEC19-28000-C,7590.75,109.23,0.0005,1.0,0.0015,50.0,122.02,0.41506,-0.36494,0.05143,0.0,0.0045
7600.12,BTC-27DEC19,1572001141646,open,0.49,260.6,0.427,0.5075,0.46573833,71.84,0.5265,0.0,BTC-27DEC19-11000-P,7590.75,0.0,0.4365,4.0,0.497,4.0,99.48,6.94125,-3.9657,-17.38721,0.0001,-0.86233
7600.12,BTC-27DEC19,1572001141646,open,0.0,656.6,0.0005,0.011,0.00127056,107.96,0.0015,0.0,BTC-27DEC19-24000-C,7590.75,98.12,0.0005,25.5,0.0015,20.0,109.99,0.81029,-0.69567,0.10888,1e-05,0.00959
7666.64,BTC-27MAR20,1572001141646,open,0.23,346.7,0.1625,0.26,0.21239304,72.41,0.218,0.0,BTC-27MAR20-8000-P,7590.75,69.92,0.206,14.5,0.2195,14.5,75.18,19.65246,-4.62394,-21.16784,0.00011,-0.44254
7600.12,BTC-27DEC19,1572001141647,open,0.75,99.0,0.6795,0.764,0.71971881,79.33,0.638,0.0,BTC-27DEC19-13000-P,7590.75,0.0,0.7015,3.0,0.749,3.0,113.62,4.29823,-2.71139,-21.58059,5e-05,-0.92864
7666.64,BTC-27MAR20,1572001141647,open,0.01,57.4,0.0005,0.021,0.00702438,101.77,0.009,0.0,BTC-27MAR20-32000-C,7590.75,98.36,0.0055,34.0,0.0085,39.0,104.63,3.70836,-1.22632,0.855,1e-05,0.03348
7600.12,BTC-27DEC19,1572001141648,open,0.62,73.1,0.5525,0.6335,0.59099041,74.76,0.518,0.0,BTC-27DEC19-12000-P,7590.75,0.0,0.5625,4.0,0.6215,4.0,106.36,5.28705,-3.14299,-19.59975,7e-05,-0.90607
7591.73,SYN.BTC-1NOV19,1572001141643,open,0.2,7.9,0.1625,0.214,0.18717016,70.52,0.21,0.0,BTC-1NOV19-9000-P,7590.75,0.0,0.177,4.0,0.2055,4.0,136.19,0.96395,-4.9435,-1.63532,0.00013,-0.95634
7733.14,SYN.BTC-26JUN20,1572001141644,open,0.03,1.0,0.0115,0.066,0.03389478,85.64,0.0335,0.0,BTC-26JUN20-22000-C,7590.75,82.98,0.0295,23.0,0.0365,4.0,87.14,13.19761,-2.30778,4.84017,4e-05,0.12719
7600.12,BTC-27DEC19,1572001141649,open,0.34,66.8,0.334,0.375,0.35414078,78.02,0.4085,0.0,BTC-27DEC19-5000-C,7590.75,0.0,0.3385,10.0,0.365,10.0,94.38,4.36632,-2.70898,7.50213,6e-05,0.92717
7733.14,SYN.BTC-26JUN20,1572001141644,open,0.19,18.6,0.136,0.236,0.18697056,75.55,0.1955,0.0,BTC-26JUN20-7000-P,7590.75,73.17,0.18,10.0,0.194,10.0,77.96,22.6229,-3.48998,-26.25257,7e-05,-0.31904
7733.14,SYN.BTC-26JUN20,1572001141644,open,0.11,16.4,0.068,0.1645,0.11594047,79.02,0.1155,0.0,BTC-26JUN20-12000-C,7590.75,77.73,0.112,0.1,0.12,9.0,80.34,23.72402,-3.82783,12.72445,7e-05,0.3612
7595.87,SYN.BTC-29NOV19,1572001141644,open,0.17,104.2,0.1235,0.1905,0.14978051,58.21,0.171,0.0,BTC-29NOV19-8500-P,7590.75,44.0,0.1355,6.0,0.156,14.0,63.93,8.11784,-6.77467,-6.19435,0.00025,-0.70369
7595.87,SYN.BTC-29NOV19,1572001141646,open,0.28,0.3,0.2335,0.2995,0.26407915,62.83,0.2575,0.0,BTC-29NOV19-9500-P,7590.75,0.0,0.239,4.0,0.292,4.0,94.39,5.37142,-4.83852,-8.11629,0.00016,-0.8542
7592.76,SYN.BTC-8NOV19,1572001141644,open,0.02,277.5,0.0025,0.033,0.01208625,52.79,0.015,0.0,BTC-8NOV19-7000-P,7590.75,50.77,0.011,28.0,0.014,0.1,56.23,4.14599,-7.88652,-0.6125,0.00036,-0.20011
7733.14,SYN.BTC-26JUN20,1572001141644,open,0.27,0.0,0.2065,0.32,0.26478735,75.55,None,0.0,BTC-26JUN20-8000-P,7590.75,72.77,0.256,7.6,0.2735,7.6,78.31,24.46357,-3.77368,-34.46534,8e-05,-0.39953
7595.87,SYN.BTC-29NOV19,1572001141644,open,0.11,9.7,0.0935,0.149,0.11638715,59.46,0.107,0.0,BTC-29NOV19-7000-C,7590.75,55.8,0.1125,17.0,0.121,17.0,63.75,8.11203,-6.91524,4.2659,0.00025,0.70415
7595.87,SYN.BTC-29NOV19,1572001141646,open,0.05,440.1,0.0325,0.084,0.04921999,57.55,0.0495,0.0,BTC-29NOV19-8000-C,7590.75,54.47,0.0455,23.1,0.05,8.0,58.2,9.17708,-7.57198,2.68954,0.00029,0.41979
7592.76,SYN.BTC-8NOV19,1572001141644,open,0.14,0.0,0.103,0.1585,0.12761761,54.13,None,0.0,BTC-8NOV19-8500-P,7590.75,0.0,0.0,0.0,0.0,0.0,0.0,3.5226,-6.87129,-2.80836,0.0003,-0.84533
7733.14,SYN.BTC-26JUN20,1572001141644,open,0.08,5.0,0.041,0.1045,0.07192571,77.22,0.0715,0.0,BTC-26JUN20-5000-P,7590.75,74.96,0.0675,13.7,0.078,19.7,80.28,15.23912,-2.40276,-11.89135,5e-05,-0.15728
7592.76,SYN.BTC-8NOV19,1572001141644,open,0.02,33.7,0.0085,0.046,0.01922943,50.77,0.0185,0.0,BTC-8NOV19-8000-C,7590.75,44.56,0.015,26.0,0.02,15.0,51.88,5.26767,-9.63732,0.85726,0.00047,0.31623
7733.14,SYN.BTC-26JUN20,1572001141644,open,0.37,0.0,0.299,0.4255,0.36365472,79.01,None,0.0,BTC-26JUN20-9000-P,7590.75,0.0,0.0,0.0,1.1595,0.2,500.0,25.16911,-4.0602,-42.96523,8e-05,-0.46449
7733.14,SYN.BTC-26JUN20,1572001141644,open,0.13,29.0,0.0795,0.163,0.12144255,75.76,0.125,0.0,BTC-26JUN20-6000-P,7590.75,74.0,0.117,12.0,0.1285,12.0,78.55,19.51076,-3.01815,-18.54499,6e-05,-0.23601
7592.76,SYN.BTC-8NOV19,1572001141643,open,0.01,209.3,0.0005,0.022,0.00744464,56.17,0.0105,0.0,BTC-8NOV19-6750-P,7590.75,55.07,0.007,29.1,0.0105,29.0,63.14,3.12213,-6.31887,-0.39507,0.00025,-0.12942
7733.14,SYN.BTC-26JUN20,1572001141644,open,0.04,20.0,0.0175,0.0605,0.03726962,79.82,0.042,0.0,BTC-26JUN20-4000-P,7590.75,78.86,0.036,14.9,0.0415,10.0,82.92,10.36232,-1.6888,-6.64965,3e-05,-0.0909
7592.76,SYN.BTC-8NOV19,1572001141644,open,0.11,0.0,0.0755,0.1315,0.09929166,52.78,None,0.0,BTC-8NOV19-8250-P,7590.75,0.0,0.0005,2.0,0.0,0.0,0.0,4.44027,-8.44439,-2.5235,0.00038,-0.77497
7595.87,SYN.BTC-29NOV19,1572001141645,open,0.08,257.2,0.045,0.102,0.06426386,57.52,0.07,0.0,BTC-29NOV19-7500-P,7590.75,54.84,0.061,18.3,0.069,26.3,61.41,9.24741,-7.62623,-3.63306,0.00029,-0.43631
7733.14,SYN.BTC-26JUN20,1572001141644,open,0.62,0.0,0.611,0.6455,0.62757537,83.51,None,0.0,BTC-26JUN20-3000-C,7590.75,0.0,0.01,51.0,1.0,3.5,500.0,5.69421,-0.97094,17.13539,2e-05,0.95786
7733.14,SYN.BTC-26JUN20,1572001141643,open,0.01,0.1,0.0055,0.0295,0.01549804,83.48,0.019,0.0,BTC-26JUN20-3000-P,7590.75,81.4,0.014,15.0,0.0175,8.0,86.13,5.6912,-0.97014,-2.98902,2e-05,-0.04211
7733.14,SYN.BTC-26JUN20,1572001141644,open,0.16,34.0,0.112,0.217,0.16612868,79.02,0.155,0.0,BTC-26JUN20-10000-C,7590.75,76.22,0.157,0.3,0.166,5.0,78.98,25.20099,-4.06617,15.80065,8e-05,0.47068
7733.14,SYN.BTC-26JUN20,1572001141644,open,0.22,3.0,0.177,0.2785,0.23032689,75.56,0.23,0.0,BTC-26JUN20-8000-C,7590.75,74.35,0.2265,11.6,0.2375,3.9,77.83,24.46311,-3.77437,19.20502,8e-05,0.6005
7733.14,SYN.BTC-26JUN20,1572001141644,open,0.51,0.0,0.493,0.547,0.52003939,79.84,None,0.0,BTC-26JUN20-4000-C,7590.75,0.0,0.4825,1.0,0.5905,1.0,125.09,10.36443,-1.68952,20.1835,3e-05,0.90907
7591.73,SYN.BTC-1NOV19,1572001126787,open,0.01,580.2,0.0005,0.0305,0.00920839,50.46,0.009,0.0,BTC-1NOV19-8000-C,7590.75,47.52,0.008,15.0,0.009,0.6,49.94,3.20355,-11.75428,0.32319,0.00058,0.23521
7591.73,SYN.BTC-1NOV19,1572001107436,open,0.0,455.3,0.0005,0.013,0.0032058,59.18,0.002,0.0,BTC-1NOV19-8500-C,7590.75,53.04,0.002,15.5,0.0035,0.5,60.47,1.66936,-7.18368,0.1218,0.00026,0.08838
7591.73,SYN.BTC-1NOV19,1572001126774,open,0.01,199.6,0.0005,0.0125,0.00280579,60.65,0.004,0.0,BTC-1NOV19-6750-P,7590.75,59.02,0.0025,31.0,0.0035,0.5,64.12,1.44566,-6.37588,-0.10848,0.00022,-0.07306
7733.14,SYN.BTC-26JUN20,1572001105934,open,0.03,1.0,0.0115,0.066,0.03389019,85.64,0.0335,0.0,BTC-26JUN20-22000-C,7590.75,82.98,0.0295,23.0,0.0365,4.0,87.14,13.19761,-2.30778,4.84017,4e-05,0.12719
7591.73,SYN.BTC-1NOV19,1572001061869,open,0.0,211.6,0.0005,0.0105,0.00089616,87.17,0.001,0.0,BTC-1NOV19-9750-C,7590.75,80.34,0.0005,4.5,0.0015,45.3,94.46,0.52796,-3.34676,0.0289,6e-05,0.0211
7733.14,SYN.BTC-26JUN20,1572001105163,open,0.01,0.1,0.0055,0.0295,0.01550079,83.48,0.019,0.0,BTC-26JUN20-3000-P,7590.75,81.4,0.014,15.0,0.0175,8.0,86.13,5.6912,-0.97014,-2.98902,2e-05,-0.04211
7733.14,SYN.BTC-26JUN20,1572001108119,open,0.13,29.0,0.08,0.163,0.12145955,75.76,0.125,0.0,BTC-26JUN20-6000-P,7590.75,74.0,0.117,12.0,0.1285,12.0,78.55,19.51076,-3.01815,-18.54499,6e-05,-0.23601
7733.14,SYN.BTC-26JUN20,1572001119277,open,0.27,1.1,0.231,0.3275,0.28179907,75.57,0.282,0.0,BTC-26JUN20-7000-C,7590.75,73.41,0.2755,11.1,0.2905,16.1,78.54,22.6226,-3.4906,20.70823,7e-05,0.68097
7733.14,SYN.BTC-26JUN20,1572001107469,open,0.08,5.0,0.041,0.1045,0.07193661,77.22,0.0715,0.0,BTC-26JUN20-5000-P,7590.75,74.96,0.0675,13.7,0.078,19.7,80.28,15.23912,-2.40276,-11.89135,5e-05,-0.15728
7733.14,SYN.BTC-26JUN20,1572001105211,open,0.04,20.0,0.0175,0.0605,0.037276,79.82,0.042,0.0,BTC-26JUN20-4000-P,7590.75,78.86,0.036,14.9,0.0415,10.0,82.92,10.36232,-1.6888,-6.64965,3e-05,-0.0909
7733.14,SYN.BTC-26JUN20,1572001108586,open,0.19,18.6,0.136,0.236,0.18699411,75.55,0.1955,0.0,BTC-26JUN20-7000-P,7590.75,73.17,0.18,10.0,0.194,10.0,77.96,22.6229,-3.48998,-26.25257,7e-05,-0.31904
7600.12,BTC-27DEC19,1572001108453,open,0.02,790.9,0.0055,0.037,0.01843268,71.89,0.0185,0.0,BTC-27DEC19-11000-C,7590.75,68.56,0.0155,40.0,0.0195,42.0,73.04,6.94826,-3.97235,1.56373,0.0001,0.13788
7733.14,SYN.BTC-26JUN20,1572001108267,open,0.22,3.0,0.177,0.2785,0.2303101,75.56,0.23,0.0,BTC-26JUN20-8000-C,7590.75,74.35,0.2265,11.6,0.2375,3.9,77.83,24.46311,-3.77437,19.20502,8e-05,0.6005
7600.08,BTC-27DEC19,1572001063576,open,0.01,504.9,0.0005,0.023,0.00926897,79.42,0.008,0.0,BTC-27DEC19-13000-C,7590.75,76.11,0.0075,21.0,0.0105,43.0,81.51,4.31121,-2.72273,0.8165,5e-05,0.07164
7600.08,BTC-27DEC19,1572001107213,open,0.03,592.6,0.011,0.051,0.02876292,68.45,0.0275,0.0,BTC-27DEC19-10000-C,7590.75,66.06,0.026,37.6,0.0295,3.0,69.06,8.96176,-4.87783,2.30691,0.00013,0.20498
7733.14,SYN.BTC-26JUN20,1572001134060,open,0.27,0.0,0.2065,0.32,0.26481873,75.55,None,0.0,BTC-26JUN20-8000-P,7590.75,72.77,0.256,7.6,0.2735,7.6,78.31,24.46357,-3.77368,-34.46534,8e-05,-0.39953
7600.12,BTC-27DEC19,1572001061493,open,0.01,862.6,0.0025,0.0275,0.01204811,74.73,0.011,0.0,BTC-27DEC19-12000-C,7590.75,72.42,0.0105,42.0,0.0125,1.0,75.37,5.2833,-3.13972,1.07076,7e-05,0.09384
7600.08,BTC-27DEC19,1572001061019,open,0.0,745.1,0.0005,0.013,0.00325974,95.98,0.003,0.0,BTC-27DEC19-18000-C,7590.75,89.85,0.002,84.0,0.004,20.0,98.85,1.8244,-1.39244,0.28056,2e-05,0.02469
7600.12,BTC-27DEC19,1572001061164,open,0.0,425.5,0.0005,0.0115,0.00181126,105.38,0.002,0.0,BTC-27DEC19-22000-C,7590.75,98.49,0.001,127.0,0.002,20.0,106.65,1.09107,-0.91431,0.15305,1e-05,0.0135
7600.12,BTC-27DEC19,1572001126825,open,0.0,711.7,0.0005,0.016,0.005417,86.03,0.005,0.0,BTC-27DEC19-15000-C,7590.75,83.43,0.0045,30.1,0.0055,4.0,86.25,2.83932,-1.94242,0.48166,3e-05,0.04221
7600.12,BTC-27DEC19,1572001061538,open,0.0,255.7,0.0005,0.0105,1.01e-05,110.58,0.001,0.0,BTC-27DEC19-1500-P,7590.75,0.0,0.0,0.0,0.001,30.4,168.08,0.0105,-0.00924,-0.00122,0.0,-8e-05
7600.12,BTC-27DEC19,1572001061333,open,0.0,597.2,0.0005,0.0105,0.00065361,110.56,0.001,0.0,BTC-27DEC19-2500-P,7590.75,107.14,0.0005,35.5,0.002,20.0,128.44,0.37331,-0.32822,-0.06086,0.0,-0.004
7600.08,BTC-27DEC19,1572001061624,open,0.0,842.5,0.0005,0.012,0.00239745,101.06,0.0025,0.0,BTC-27DEC19-20000-C,7590.75,95.35,0.0015,10.0,0.0025,30.0,101.6,1.39566,-1.12158,0.20412,1e-05,0.01799
7600.12,BTC-27DEC19,1572001071187,open,0.0,555.3,0.0005,0.0105,0.00091635,110.29,0.001,0.0,BTC-27DEC19-26000-C,7590.75,103.92,0.0005,3.5,0.0015,32.5,116.27,0.61369,-0.53825,0.07948,1e-05,0.00699
7600.12,BTC-27DEC19,1572001061800,open,0.0,464.5,0.0005,0.0125,0.0029934,98.22,0.003,0.0,BTC-27DEC19-3500-P,7590.75,95.34,0.0025,40.0,0.004,26.0,103.33,1.37043,-1.07044,-0.26972,1e-05,-0.01761
7600.12,BTC-27DEC19,1572001061012,open,0.0,430.1,0.0005,0.0105,0.0002187,110.58,0.0005,0.0,BTC-27DEC19-32000-C,7590.75,0.0,0.0,0.0,0.001,20.0,126.77,0.18621,-0.16374,0.02134,0.0,0.00185
7600.12,BTC-27DEC19,1572001062237,open,0.01,683.6,0.0005,0.019,0.00707549,83.05,0.0065,0.0,BTC-27DEC19-14000-C,7590.75,79.37,0.0055,21.0,0.008,43.0,84.98,3.49881,-2.31062,0.62477,4e-05,0.0548
7600.12,BTC-27DEC19,1572001063490,open,0.0,555.7,0.0005,0.0105,3.729e-05,110.58,0.001,0.0,BTC-27DEC19-40000-C,7590.75,0.0,0.0,0.0,0.001,45.0,142.94,0.04035,-0.03548,0.0041,0.0,0.00035
7600.12,BTC-27DEC19,1572001104641,open,0.0,656.6,0.0005,0.011,0.00127023,107.96,0.0015,0.0,BTC-27DEC19-24000-C,7590.75,98.12,0.0005,25.5,0.0015,20.0,109.99,0.81029,-0.69567,0.10888,1e-05,0.00959
7600.08,BTC-27DEC19,1572001063469,open,0.0,442.0,0.0005,0.0105,1.642e-05,110.58,0.001,0.0,BTC-27DEC19-44000-C,7590.75,0.0,0.0,0.0,0.001,45.0,149.71,0.01954,-0.01718,0.00189,0.0,0.00016
7600.12,BTC-27DEC19,1572001104483,open,0.0,579.4,0.0005,0.0105,0.00056936,110.57,0.0015,0.0,BTC-27DEC19-28000-C,7590.75,109.23,0.0005,1.0,0.0015,50.0,122.02,0.41506,-0.36494,0.05143,0.0,0.0045
7600.12,BTC-27DEC19,1572001062146,open,0.0,342.0,0.0005,0.0105,7.5e-06,110.58,0.0005,0.0,BTC-27DEC19-48000-C,7590.75,0.0,0.0,0.0,0.001,45.0,155.83,0.0097,-0.00853,0.0009,0.0,8e-05
7600.12,BTC-27DEC19,1572001060871,open,0.0,944.1,0.0005,0.0105,0.00035074,110.58,0.0005,0.0,BTC-27DEC19-30000-C,7590.75,0.0,0.0,0.0,0.001,20.0,122.01,0.27733,-0.24386,0.03299,0.0,0.00287
7600.12,BTC-27DEC19,1572001060890,open,0.0,1544.5,0.0005,0.0105,3.54e-06,110.58,0.001,0.0,BTC-27DEC19-52000-C,7590.75,0.0,0.0,0.0,0.001,20.0,161.4,0.00494,-0.00434,0.00044,0.0,4e-05
7600.12,BTC-27DEC19,1572001103235,open,0.01,1154.1,0.0025,0.025,0.01200792,77.98,0.0145,0.0,BTC-27DEC19-5000-P,7590.75,77.1,0.0115,42.0,0.0135,2.0,80.52,4.36313,-2.7058,-1.10981,6e-05,-0.07276
7600.08,BTC-27DEC19,1572001125461,open,0.02,404.4,0.0065,0.036,0.01894475,73.28,0.0225,0.0,BTC-27DEC19-5500-P,7590.75,71.44,0.0175,39.8,0.0205,2.0,75.23,6.01273,-3.50403,-1.71576,8e-05,-0.11211
7600.08,BTC-27DEC19,1572001134408,open,0.18,67.1,0.16,0.2205,0.19149444,67.7,0.185,0.0,BTC-27DEC19-6500-C,7590.75,64.58,0.1875,23.0,0.1945,10.0,69.98,9.87052,-5.31367,7.40455,0.00015,0.75709
7600.12,BTC-27DEC19,1572001060938,open,0.01,542.0,0.0005,0.018,0.00763983,83.8,0.01,0.0,BTC-27DEC19-4500-P,7590.75,82.18,0.007,20.0,0.009,25.0,87.04,3.0649,-2.04244,-0.70757,4e-05,-0.04641
7600.12,BTC-27DEC19,1572001060808,open,0.0,675.0,0.0005,0.0105,8.827e-05,110.58,0.001,0.0,BTC-27DEC19-36000-C,7590.75,0.0,0.0,0.0,0.001,20.0,135.36,0.08556,-0.07524,0.00919,0.0,0.00079
7600.12,BTC-27DEC19,1572001103508,open,0.14,66.3,0.1155,0.1795,0.14893911,66.12,0.145,0.0,BTC-27DEC19-7000-C,7590.75,63.16,0.1445,25.5,0.153,25.5,68.81,11.4385,-6.01455,6.80747,0.00017,0.66892
7600.12,BTC-27DEC19,1572001132932,open,0.08,485.3,0.055,0.1165,0.08640215,65.38,0.082,0.0,BTC-27DEC19-8000-C,7590.75,63.01,0.0825,29.7,0.089,29.7,66.94,12.56634,-6.53336,5.13651,0.00019,0.47875
7600.12,BTC-27DEC19,1572001133166,open,0.05,429.4,0.0235,0.072,0.04674707,67.67,0.0515,0.0,BTC-27DEC19-6500-P,7590.75,66.33,0.045,15.0,0.0495,32.6,69.79,9.8695,-5.31138,-3.79148,0.00015,-0.24286
7600.12,BTC-27DEC19,1572001132940,open,0.05,469.1,0.024,0.076,0.04911291,66.32,0.046,0.0,BTC-27DEC19-9000-C,7590.75,63.86,0.0455,34.4,0.0495,1.0,66.58,11.2336,-5.92486,3.50519,0.00017,0.31685
7666.6,BTC-27MAR20,1572001107434,open,0.03,958.4,0.009,0.055,0.02797112,81.53,0.0255,0.0,BTC-27MAR20-16000-C,7590.75,79.69,0.0255,16.7,0.0295,23.3,82.62,10.54512,-2.79358,3.306,5e-05,0.13026
7666.6,BTC-27MAR20,1572001104512,open,0.02,238.6,0.006,0.046,0.02170864,85.04,0.0195,0.0,BTC-27MAR20-18000-C,7590.75,83.08,0.0195,1.1,0.0225,23.0,85.72,8.86996,-2.45108,2.59848,4e-05,0.10211
7600.12,BTC-27DEC19,1572001124548,open,0.15,771.6,0.102,0.175,0.13901711,65.36,0.148,0.0,BTC-27DEC19-8000-P,7590.75,61.73,0.133,18.5,0.1445,27.5,68.69,12.56627,-6.53141,-8.64455,0.00019,-0.52129
7666.6,BTC-27MAR20,1572001063937,open,0.01,113.2,0.0005,0.023,0.007959,100.04,0.0075,0.0,BTC-27MAR20-30000-C,7590.75,97.13,0.0065,15.0,0.0095,38.0,102.76,4.10449,-1.3342,0.96742,2e-05,0.03789
7666.6,BTC-27MAR20,1572001109434,open,0.04,307.5,0.0155,0.071,0.04013247,79.01,0.0395,0.0,BTC-27MAR20-14000-C,7590.75,77.44,0.0375,1.0,0.0415,14.9,79.81,13.03885,-3.34762,4.50411,7e-05,0.1795
7666.6,BTC-27MAR20,1572001079168,open,0.01,46.1,0.0005,0.026,0.00931169,98.51,0.0075,0.0,BTC-27MAR20-28000-C,7590.75,95.3,0.0075,38.0,0.0105,38.0,100.39,4.63819,-1.4846,1.12282,2e-05,0.04405
7666.64,BTC-27MAR20,1572001106085,open,0.01,57.4,0.0005,0.021,0.00702344,101.77,0.009,0.0,BTC-27MAR20-32000-C,7590.75,98.36,0.0055,34.0,0.0085,39.0,104.63,3.70836,-1.22632,0.855,1e-05,0.03348
7666.6,BTC-27MAR20,1572001134578,open,0.06,618.2,0.028,0.095,0.05962633,75.84,0.0565,0.0,BTC-27MAR20-12000-C,7590.75,74.07,0.056,28.2,0.062,0.5,76.97,15.93309,-3.92627,6.26401,8e-05,0.25344
7666.6,BTC-27MAR20,1572001121575,open,0.05,0.0,0.0195,0.066,0.04105152,75.47,None,0.0,BTC-27MAR20-5000-P,7590.75,73.62,0.0385,28.2,0.0435,14.0,77.22,10.63807,-2.60866,-5.59059,6e-05,-0.13193
7666.6,BTC-27MAR20,1572001064391,open,0.02,416.6,0.0045,0.04,0.01776902,88.52,0.016,0.0,BTC-27MAR20-20000-C,7590.75,86.69,0.016,9.9,0.0185,23.0,89.24,7.65241,-2.20098,2.12873,3e-05,0.08363
7666.6,BTC-27MAR20,1572001125909,open,0.09,355.2,0.0475,0.1145,0.08036538,73.39,0.09,0.0,BTC-27MAR20-6000-P,7590.75,71.41,0.0765,23.5,0.084,23.5,75.26,14.96053,-3.56784,-9.8962,8e-05,-0.22584
7666.6,BTC-27MAR20,1572001106092,open,0.01,102.8,0.0005,0.0275,0.01025566,95.7,0.011,0.0,BTC-27MAR20-26000-C,7590.75,92.87,0.0085,33.0,0.0115,8.0,97.52,5.05033,-1.5704,1.25161,2e-05,0.04898
7666.6,BTC-27MAR20,1572001064043,open,0.01,105.4,0.0005,0.0185,0.00571339,105.15,0.0055,0.0,BTC-27MAR20-36000-C,7590.75,100.42,0.004,34.0,0.0065,15.0,107.0,3.11897,-1.06562,0.69346,1e-05,0.02717
7666.64,BTC-27MAR20,1572001136644,open,0.23,346.7,0.1625,0.2605,0.21241608,72.41,0.218,0.0,BTC-27MAR20-8000-P,7590.75,69.92,0.206,14.5,0.2195,14.5,75.18,19.65246,-4.62394,-21.16784,0.00011,-0.44254
7595.87,SYN.BTC-29NOV19,1572001061742,open,0.01,471.6,0.0005,0.022,0.00922727,65.37,0.008,0.0,BTC-29NOV19-10000-C,7590.75,61.11,0.007,33.1,0.01,41.0,66.73,4.23664,-3.97081,0.68701,0.00012,0.10389
7666.6,BTC-27MAR20,1572001064065,open,0.01,85.1,0.0005,0.0195,0.00625129,103.38,0.0065,0.0,BTC-27MAR20-34000-C,7590.75,100.32,0.005,15.0,0.0075,39.0,106.05,3.37042,-1.13219,0.76182,1e-05,0.02982
7666.64,BTC-27MAR20,1572001064009,open,0.0,596.3,0.0005,0.017,0.00506541,108.95,0.0055,0.0,BTC-27MAR20-40000-C,7590.75,105.78,0.004,1.0,0.0055,15.0,110.11,2.78742,-0.98677,0.60414,1e-05,0.02376
7666.6,BTC-27MAR20,1572001119962,open,0.17,263.6,0.1235,0.2105,0.16893216,72.42,0.168,0.0,BTC-27MAR20-8000-C,7590.75,70.89,0.165,21.4,0.172,0.2,73.62,19.6522,-4.62484,12.55781,0.00011,0.55749
7595.87,SYN.BTC-29NOV19,1572001061326,open,0.0,135.5,0.0005,0.014,0.00412154,74.86,0.004,0.0,BTC-29NOV19-11500-C,7590.75,70.8,0.003,15.0,0.005,26.0,77.6,2.29733,-2.46564,0.30984,6e-05,0.04681
7595.87,SYN.BTC-29NOV19,1572001061112,open,0.0,159.7,0.0005,0.0115,0.0017812,89.59,0.0015,0.0,BTC-29NOV19-14000-C,7590.75,76.69,0.0005,19.7,0.0025,15.0,94.0,1.1004,-1.41333,0.12676,2e-05,0.01925
7595.87,SYN.BTC-29NOV19,1572001107963,open,0.0,23.8,0.0005,0.0125,0.00290051,81.52,0.0035,0.0,BTC-29NOV19-12500-C,7590.75,73.86,0.0015,35.0,0.004,33.0,85.98,1.68947,-1.97448,0.2119,4e-05,0.0321
7595.87,SYN.BTC-29NOV19,1572001062062,open,0.0,299.3,0.0005,0.0135,0.00366926,79.19,0.0035,0.0,BTC-29NOV19-12000-C,7590.75,71.79,0.002,36.0,0.0045,26.0,82.09,2.04056,-2.31662,0.26672,5e-05,0.04042
7595.87,SYN.BTC-29NOV19,1572001104560,open,0.11,9.7,0.0935,0.149,0.11636379,59.46,0.107,0.0,BTC-29NOV19-7000-C,7590.75,55.8,0.1125,17.0,0.121,17.0,63.75,8.11203,-6.91524,4.2659,0.00025,0.70415
7595.87,SYN.BTC-29NOV19,1572001061673,open,0.0,1031.9,0.0005,0.012,0.00231488,83.69,0.0025,0.0,BTC-29NOV19-13000-C,7590.75,74.55,0.001,51.0,0.0025,3.6,84.66,1.40537,-1.68623,0.16987,3e-05,0.02572
7595.87,SYN.BTC-29NOV19,1572001061776,open,0.0,393.6,0.0005,0.0155,0.00562963,72.82,0.006,0.0,BTC-29NOV19-11000-C,7590.75,68.13,0.004,19.0,0.006,19.0,73.77,2.89534,-3.0229,0.41429,7e-05,0.06271
7666.6,BTC-27MAR20,1572001132912,open,0.22,0.0,0.1805,0.2645,0.22458573,72.45,None,0.0,BTC-27MAR20-7000-C,7590.75,70.08,0.219,10.7,0.2295,10.7,74.53,18.11616,-4.26513,14.26249,0.0001,0.66588
7595.87,SYN.BTC-29NOV19,1572001061774,open,0.01,381.0,0.0005,0.014,0.00405175,81.32,0.005,0.0,BTC-29NOV19-5000-P,7590.75,79.02,0.0035,35.0,0.0055,9.0,86.67,1.88988,-2.20333,-0.2964,4e-05,-0.03679
7595.87,SYN.BTC-29NOV19,1572001133241,open,0.05,964.8,0.022,0.068,0.03791672,59.43,0.04,0.0,BTC-29NOV19-7000-P,7590.75,57.64,0.036,23.7,0.04,9.0,61.38,8.11114,-6.91049,-2.42181,0.00025,-0.29578
7595.87,SYN.BTC-29NOV19,1572001072171,open,0.02,330.6,0.0025,0.0255,0.01208537,67.75,0.0125,0.0,BTC-29NOV19-6000-P,7590.75,66.74,0.0115,31.8,0.013,8.1,69.32,4.39138,-4.2653,-0.88009,0.00012,-0.10918
7595.87,SYN.BTC-29NOV19,1572001134793,open,0.07,56.3,0.057,0.113,0.07690572,57.56,0.0765,0.0,BTC-29NOV19-7500-C,7590.75,54.74,0.0735,19.6,0.0795,8.0,59.67,9.24739,-7.63049,3.53292,0.00029,0.5637
7595.87,SYN.BTC-29NOV19,1572001107330,open,0.02,384.5,0.0085,0.0435,0.01953781,59.84,0.019,0.0,BTC-29NOV19-9000-C,7590.75,56.28,0.0165,29.4,0.0195,0.4,59.79,6.6676,-5.71998,1.34466,0.0002,0.20481
7595.87,SYN.BTC-29NOV19,1572001106150,open,0.05,440.1,0.0325,0.084,0.04920533,57.55,0.0495,0.0,BTC-29NOV19-8000-C,7590.75,54.47,0.0455,23.1,0.05,8.0,58.2,9.17708,-7.57198,2.68954,0.00029,0.41979
7592.76,SYN.BTC-8NOV19,1572001110447,open,0.02,277.5,0.0025,0.033,0.01209528,52.79,0.015,0.0,BTC-8NOV19-7000-P,7590.75,50.77,0.011,28.0,0.014,0.1,56.23,4.14599,-7.88652,-0.6125,0.00036,-0.20011
7595.87,SYN.BTC-29NOV19,1572001109157,open,0.01,253.4,0.0035,0.031,0.01344432,62.9,0.013,0.0,BTC-29NOV19-9500-C,7590.75,58.53,0.0105,32.1,0.014,40.3,63.67,5.37933,-4.85107,0.9629,0.00016,0.14612
7595.87,SYN.BTC-29NOV19,1572001104976,open,0.08,257.2,0.045,0.102,0.06428387,57.52,0.07,0.0,BTC-29NOV19-7500-P,7590.75,54.84,0.061,18.3,0.069,26.3,61.41,9.24741,-7.62623,-3.63306,0.00029,-0.43631
7592.76,SYN.BTC-8NOV19,1572001104556,open,0.01,209.3,0.0005,0.022,0.00745074,56.17,0.0105,0.0,BTC-8NOV19-6750-P,7590.75,55.07,0.007,29.1,0.0105,29.0,63.14,3.12213,-6.31887,-0.39507,0.00025,-0.12942
7592.76,SYN.BTC-8NOV19,1572001110443,open,0.03,10.4,0.016,0.0595,0.02987256,50.13,0.0295,0.0,BTC-8NOV19-7750-C,7590.75,44.4,0.0255,24.0,0.03,0.1,50.27,5.83007,-10.53152,1.17254,0.00053,0.43611
164.67,SYN.ETH-1NOV19,1572001134748,open,0.02,1350.0,0.004,0.042,0.020041,60.78,0.018,0.0,ETH-1NOV19-170-C,164.7,52.84,0.016,160.0,0.021,396.0,62.59,0.0851,-0.37614,0.01076,0.02741,0.36691
7592.76,SYN.BTC-8NOV19,1572001107444,open,0.02,33.7,0.0085,0.046,0.01921647,50.77,0.0185,0.0,BTC-8NOV19-8000-C,7590.75,44.56,0.015,26.0,0.02,15.0,51.88,5.26767,-9.63732,0.85726,0.00047,0.31623
164.67,SYN.ETH-1NOV19,1572001106706,open,0.01,854.0,0.001,0.02,0.00638,60.8,0.008,0.0,ETH-1NOV19-180-C,164.7,56.31,0.005,160.0,0.008,461.0,65.57,0.05333,-0.23577,0.00454,0.01717,0.15271
7592.76,SYN.BTC-8NOV19,1572001109191,open,0.06,40.0,0.0325,0.084,0.05058115,50.07,0.0685,0.0,BTC-8NOV19-7750-P,7590.75,40.84,0.0435,17.1,0.055,17.1,55.85,5.8298,-10.5193,-1.77388,0.00053,-0.564
164.67,SYN.ETH-1NOV19,1572000582753,open,0.0,99.0,0.001,0.011,0.000739,95.88,0.001,0.0,ETH-1NOV19-220-C,164.7,0.0,0.0,0.0,0.002,520.0,111.62,0.00922,-0.06431,0.00048,0.00188,0.01636
166.42,SYN.ETH-26JUN20,1572000331905,open,0.13,0.0,0.077,0.162,0.120856,85.82,None,0.0,ETH-26JUN20-120-P,164.7,83.33,0.115,275.0,0.13,150.0,89.73,0.38959,-0.06827,-0.36609,0.00244,-0.20705
166.42,SYN.ETH-26JUN20,1572000337058,open,0.08,0.0,0.043,0.108,0.075336,87.58,None,0.0,ETH-26JUN20-100-P,164.7,84.68,0.07,289.0,0.085,150.0,92.77,0.30721,-0.05494,-0.24331,0.00189,-0.1426
166.42,SYN.ETH-26JUN20,1572001044814,open,0.26,50.0,0.185,0.305,0.247797,84.88,0.255,0.0,ETH-26JUN20-160-P,164.7,83.3,0.243,218.0,0.262,150.0,89.63,0.50114,-0.08686,-0.65961,0.00318,-0.34303
166.42,SYN.ETH-26JUN20,1572000333633,open,0.28,5.0,0.228,0.335,0.286374,84.9,0.275,0.0,ETH-26JUN20-160-C,164.7,81.79,0.277,264.0,0.3,150.0,89.44,0.50113,-0.08687,0.41378,0.00318,0.657
164.67,SYN.ETH-1NOV19,1572000612970,open,0.0,101.0,0.001,0.011,0.001086,87.64,0.001,0.0,ETH-1NOV19-210-C,164.7,0.0,0.0,0.0,0.002,500.0,96.96,0.01317,-0.08396,0.00074,0.00294,0.02492
166.42,SYN.ETH-26JUN20,1572001061945,open,0.33,50.0,0.283,0.383,0.33778,85.16,0.325,0.0,ETH-26JUN20-140-C,164.7,81.94,0.329,261.0,0.341,40.0,86.33,0.45515,-0.07914,0.43187,0.00288,0.72461
166.42,SYN.ETH-26JUN20,1572000333630,open,0.21,0.0,0.149,0.26,0.208996,85.08,None,0.0,ETH-26JUN20-200-C,164.7,84.77,0.208,272.0,0.224,150.0,89.69,0.54186,-0.09413,0.36256,0.00343,0.53374
166.42,SYN.ETH-26JUN20,1572000333618,open,0.09,0.0,0.051,0.144,0.097371,88.77,None,0.0,ETH-26JUN20-320-C,164.7,85.41,0.088,290.0,0.109,150.0,92.81,0.47111,-0.08539,0.22185,0.00286,0.29608
166.42,SYN.ETH-26JUN20,1572000333621,open,0.08,0.0,0.038,0.122,0.078923,89.95,None,0.0,ETH-26JUN20-360-C,164.7,86.44,0.07,294.0,0.09,150.0,94.13,0.43189,-0.07933,0.18945,0.00258,0.24862
166.42,SYN.ETH-26JUN20,1572000333632,open,0.24,0.0,0.184,0.294,0.24419,84.98,None,0.0,ETH-26JUN20-180-C,164.7,84.29,0.242,268.0,0.258,150.0,89.33,0.52895,-0.09178,0.38945,0.00335,0.59302
166.42,SYN.ETH-26JUN20,1572000333623,open,0.04,10.0,0.015,0.076,0.041885,95.26,0.03,0.0,ETH-26JUN20-520-C,164.7,91.36,0.035,300.0,0.05,150.0,99.48,0.30677,-0.05967,0.11211,0.00173,0.1423
166.42,SYN.ETH-26JUN20,1571999922276,open,0.02,0.0,0.008,0.034,0.019334,94.5,None,0.0,ETH-26JUN20-60-P,164.7,85.49,0.013,300.0,0.029,300.0,106.11,0.1271,-0.02452,-0.07081,0.00072,-0.04409
7592.76,SYN.BTC-8NOV19,1572001099096,open,0.08,0.6,0.0695,0.1175,0.09016494,52.86,0.08,0.0,BTC-8NOV19-7000-C,7590.75,45.77,0.0865,6.0,0.096,16.5,62.96,4.14944,-7.90368,2.04768,0.00036,0.79961
166.42,SYN.ETH-26JUN20,1572001044815,open,0.34,3.0,0.256,0.389,0.32579,84.96,0.333,0.0,ETH-26JUN20-180-P,164.7,82.21,0.317,160.0,0.341,150.0,89.77,0.52897,-0.09176,-0.81813,0.00335,-0.40702
166.42,SYN.ETH-26JUN20,1572000337048,open,0.05,10.0,0.023,0.094,0.055762,92.71,0.041,0.0,ETH-26JUN20-440-C,164.7,89.03,0.048,299.0,0.065,150.0,96.81,0.36247,-0.06861,0.14302,0.0021,0.18387
166.42,SYN.ETH-26JUN20,1572000337046,open,0.03,10.0,0.012,0.069,0.037051,96.51,0.025,0.0,ETH-26JUN20-560-C,164.7,92.16,0.03,300.0,0.045,150.0,100.95,0.28404,-0.05597,0.10064,0.00158,0.1272
166.42,SYN.ETH-26JUN20,1572000355153,open,0.15,0.0,0.102,0.21,0.159227,86.65,None,0.0,ETH-26JUN20-240-C,164.7,85.03,0.154,279.0,0.172,150.0,90.6,0.53681,-0.09498,0.30907,0.00333,0.43607
166.42,SYN.ETH-26JUN20,1572000337054,open,0.04,0.0,0.02,0.065,0.041674,90.29,None,0.0,ETH-26JUN20-80-P,164.7,87.42,0.038,300.0,0.048,150.0,95.08,0.21561,-0.03975,-0.14352,0.00129,-0.08688
166.42,SYN.ETH-26JUN20,1572000333620,open,0.06,0.0,0.029,0.107,0.065948,91.43,None,0.0,ETH-26JUN20-400-C,164.7,88.01,0.058,297.0,0.075,150.0,95.14,0.39598,-0.07393,0.16403,0.00233,0.21287
166.42,SYN.ETH-26JUN20,1572000333625,open,0.12,0.0,0.071,0.172,0.123199,87.73,None,0.0,ETH-26JUN20-280-C,164.7,86.01,0.118,285.0,0.136,150.0,91.87,0.5088,-0.09114,0.26173,0.00312,0.35763
166.42,SYN.ETH-26JUN20,1572000611269,open,0.19,0.0,0.125,0.229,0.179025,85.14,None,0.0,ETH-26JUN20-140-P,164.7,82.58,0.172,258.0,0.192,150.0,89.9,0.45515,-0.07913,-0.50733,0.00288,-0.2754
164.67,SYN.ETH-1NOV19,1572001079457,open,0.0,1188.0,0.001,0.012,0.00219,64.92,0.003,0.0,ETH-1NOV19-190-C,164.7,55.93,0.001,209.0,0.004,500.0,74.36,0.02666,-0.12585,0.00177,0.00804,0.05925
164.53,ETH-27DEC19,1572001013919,open,0.01,3952.0,0.002,0.024,0.011242,88.13,0.015,0.0,ETH-27DEC19-100-P,164.7,85.58,0.01,460.0,0.013,160.0,91.5,0.08269,-0.05795,-0.02055,0.00201,-0.06127
166.42,SYN.ETH-26JUN20,1572001121964,open,0.03,29.0,0.01,0.061,0.031234,96.51,0.027,0.0,ETH-26JUN20-600-C,164.7,89.95,0.022,300.0,0.035,8.0,98.88,0.25616,-0.05048,0.08784,0.00143,0.10991
164.53,ETH-27DEC19,1572001120393,open,0.06,2647.0,0.03,0.087,0.057892,77.34,0.075,0.0,ETH-27DEC19-140-P,164.7,75.14,0.055,402.0,0.061,128.0,79.65,0.21861,-0.13444,-0.08826,0.00606,-0.25351
164.53,ETH-27DEC19,1572001095664,open,0.2,19.0,0.168,0.241,0.206983,77.3,0.205,0.0,ETH-27DEC19-140-C,164.7,73.55,0.202,233.0,0.213,233.0,81.82,0.21858,-0.13436,0.15293,0.00606,0.74654
164.53,ETH-27DEC19,1572001131356,open,0.02,3648.0,0.005,0.038,0.018676,83.35,0.022,0.0,ETH-27DEC19-260-C,164.7,82.56,0.018,160.0,0.021,780.0,86.01,0.14068,-0.09325,0.03017,0.00362,0.12513
166.42,SYN.ETH-26JUN20,1572000337044,open,0.05,0.0,0.018,0.084,0.048031,94.02,None,0.0,ETH-26JUN20-480-C,164.7,90.38,0.041,300.0,0.056,150.0,97.87,0.33299,-0.06392,0.1261,0.00191,0.16098
164.52,ETH-27DEC19,1572001001094,open,0.01,1529.0,0.004,0.031,0.014233,86.6,0.015,0.0,ETH-27DEC19-280-C,164.7,84.83,0.013,160.0,0.016,460.0,89.01,0.11706,-0.08061,0.02341,0.0029,0.09685
164.52,ETH-27DEC19,1572001043818,open,0.03,5568.0,0.009,0.048,0.026265,80.91,0.03,0.0,ETH-27DEC19-240-C,164.7,79.69,0.025,128.0,0.029,747.0,83.47,0.17239,-0.11092,0.04056,0.00457,0.16939
164.53,ETH-27DEC19,1572000569030,open,0.01,1163.0,0.002,0.026,0.011471,90.19,0.01,0.0,ETH-27DEC19-300-C,164.7,87.68,0.01,305.0,0.013,780.0,92.63,0.09974,-0.07153,0.0189,0.00237,0.07815
164.52,ETH-27DEC19,1572001079458,open,0.03,6465.0,0.01,0.047,0.026765,81.15,0.037,0.0,ETH-27DEC19-120-P,164.7,79.18,0.025,455.0,0.029,160.0,83.62,0.1479,-0.09545,-0.04571,0.00391,-0.13453
164.52,ETH-27DEC19,1572000575206,open,0.01,1086.0,0.001,0.017,0.006137,98.03,0.007,0.0,ETH-27DEC19-360-C,164.7,94.81,0.005,160.0,0.008,780.0,102.58,0.06193,-0.04827,0.01033,0.00135,0.0426
164.52,ETH-27DEC19,1572000575208,open,0.0,10233.0,0.001,0.014,0.004813,104.06,0.004,0.0,ETH-27DEC19-400-C,164.7,101.23,0.004,160.0,0.007,460.0,110.43,0.05003,-0.0414,0.00793,0.00103,0.03281
164.53,ETH-27DEC19,1572000569311,open,0.01,895.0,0.001,0.015,0.005432,101.21,0.025,0.0,ETH-27DEC19-380-C,164.7,96.56,0.004,260.0,0.007,780.0,105.49,0.05561,-0.04475,0.00904,0.00118,0.03732
164.52,ETH-27DEC19,1572000569882,open,0.0,9932.0,0.001,0.014,0.004712,112.4,0.005,0.0,ETH-27DEC19-440-C,164.7,109.76,0.004,1000.0,0.005,300.0,113.38,0.04692,-0.04194,0.00727,0.0009,0.03036
164.52,ETH-27DEC19,1572000569144,open,0.0,5563.0,0.001,0.013,0.003783,116.5,0.004,0.0,ETH-27DEC19-480-C,164.7,112.93,0.003,1000.0,0.005,460.0,121.18,0.03892,-0.03606,0.00581,0.00072,0.02427
165.48,ETH-27MAR20,1572001040691,open,0.08,1220.0,0.045,0.113,0.078881,84.41,0.091,0.0,ETH-27MAR20-120-P,164.7,81.67,0.074,281.0,0.086,281.0,88.36,0.29604,-0.08119,-0.19092,0.00304,-0.19478
164.52,ETH-27DEC19,1572000569213,open,0.0,9302.0,0.001,0.012,0.002022,119.92,0.002,0.0,ETH-27DEC19-560-C,164.7,110.91,0.001,2360.0,0.003,300.0,125.83,0.02358,-0.02248,0.00325,0.00042,0.01347
164.53,ETH-27DEC19,1572000569910,open,0.0,14654.0,0.001,0.011,0.000927,120.0,0.002,0.0,ETH-27DEC19-640-C,164.7,120.92,0.001,2260.0,0.003,300.0,136.72,0.01263,-0.01205,0.00161,0.00023,0.0066
164.52,ETH-27DEC19,1572000569885,open,0.0,11184.0,0.001,0.013,0.003044,119.9,0.003,0.0,ETH-27DEC19-520-C,164.7,113.81,0.002,2160.0,0.004,300.0,124.31,0.03239,-0.03089,0.00467,0.00058,0.01952
164.52,ETH-27DEC19,1572000569316,open,0.0,5714.0,0.001,0.011,0.00044,120.0,0.002,0.0,ETH-27DEC19-720-C,164.7,0.0,0.0,0.0,0.002,300.0,139.44,0.00684,-0.00652,0.00081,0.00012,0.00332
164.52,ETH-27DEC19,1572001070663,open,0.0,12510.0,0.001,0.011,0.000635,120.0,0.002,0.0,ETH-27DEC19-680-C,164.7,0.0,0.0,0.0,0.003,460.0,141.59,0.00927,-0.00885,0.00114,0.00017,0.00466
165.48,ETH-27MAR20,1572001095006,open,0.05,30.0,0.022,0.07,0.044864,87.89,0.052,0.0,ETH-27MAR20-100-P,164.7,84.9,0.041,295.0,0.05,615.0,91.75,0.21671,-0.06189,-0.116,0.00214,-0.12141
164.52,ETH-27DEC19,1572000569133,open,0.0,4214.0,0.001,0.011,0.000307,120.0,0.001,0.0,ETH-27DEC19-760-C,164.7,0.0,0.0,0.0,0.002,315.0,143.58,0.00506,-0.00483,0.00059,9e-05,0.00238
165.48,ETH-27MAR20,1572000987252,open,0.22,732.0,0.172,0.267,0.223641,82.09,0.231,0.0,ETH-27MAR20-160-C,164.7,78.58,0.215,261.0,0.236,561.0,87.14,0.40597,-0.10828,0.28293,0.00428,0.62918
165.48,ETH-27MAR20,1572000291480,open,0.07,1359.0,0.034,0.109,0.07063,88.25,0.077,0.0,ETH-27MAR20-280-C,164.7,83.62,0.061,292.0,0.076,292.0,90.76,0.35117,-0.1007,0.13482,0.00345,0.26388
165.48,ETH-27MAR20,1572001079478,open,0.05,622.0,0.02,0.083,0.04935,88.96,0.055,0.0,ETH-27MAR20-320-C,164.7,84.76,0.042,297.0,0.056,557.0,92.57,0.29794,-0.08613,0.10291,0.0029,0.19686
165.48,ETH-27MAR20,1572001121635,open,0.14,0.0,0.083,0.171,0.127928,82.88,None,0.0,ETH-27MAR20-140-P,164.7,80.17,0.122,263.0,0.137,263.0,87.02,0.36233,-0.09758,-0.2853,0.00379,-0.28103
165.47,ETH-27MAR20,1572000337043,open,0.04,578.0,0.014,0.069,0.038888,92.07,0.039,0.0,ETH-27MAR20-360-C,164.7,88.17,0.033,300.0,0.043,260.0,94.63,0.25959,-0.07766,0.0833,0.00244,0.1583
165.48,ETH-27MAR20,1572000361245,open,0.14,1356.0,0.096,0.19,0.146042,83.7,0.14,0.0,ETH-27MAR20-200-C,164.7,80.2,0.137,273.0,0.155,573.0,87.17,0.42738,-0.11624,0.22555,0.00442,0.46936
165.48,ETH-27MAR20,1572000294351,open,0.28,0.0,0.233,0.323,0.281905,82.88,None,0.0,ETH-27MAR20-140-C,164.7,77.44,0.27,255.0,0.293,255.0,87.95,0.36233,-0.09758,0.30491,0.00379,0.71897
165.48,ETH-27MAR20,1572000358820,open,0.1,1227.0,0.055,0.141,0.099359,85.9,0.1,0.0,ETH-27MAR20-240-C,164.7,82.82,0.092,284.0,0.106,284.0,88.65,0.39761,-0.11099,0.17424,0.00401,0.34913
165.48,ETH-27MAR20,1572001112110,open,0.28,0.0,0.208,0.327,0.269735,83.58,None,0.0,ETH-27MAR20-180-P,164.7,79.03,0.258,160.0,0.279,460.0,87.19,0.42575,-0.11563,-0.50468,0.00441,-0.45368
165.47,ETH-27MAR20,1571996812431,open,0.03,1036.0,0.012,0.063,0.034186,96.74,0.04,0.0,ETH-27MAR20-400-C,164.7,90.64,0.026,300.0,0.04,300.0,100.67,0.23634,-0.07429,0.07214,0.00212,0.1376
165.47,ETH-27MAR20,1572000337037,open,0.03,956.0,0.008,0.051,0.025398,96.75,0.032,0.0,ETH-27MAR20-440-C,164.7,90.99,0.019,300.0,0.029,260.0,99.65,0.198,-0.06224,0.0569,0.00177,0.10697
165.47,ETH-27MAR20,1572000337047,open,0.02,930.0,0.004,0.037,0.016352,103.55,0.017,0.0,ETH-27MAR20-560-C,164.7,99.44,0.013,300.0,0.019,240.0,106.46,0.14398,-0.04845,0.0373,0.0012,0.06983
165.48,ETH-27MAR20,1572001000122,open,0.18,0.0,0.13,0.227,0.18199,83.58,None,0.0,ETH-27MAR20-180-C,164.7,78.93,0.17,267.0,0.19,567.0,86.7,0.42575,-0.11563,0.25416,0.00441,0.54632
165.47,ETH-27MAR20,1572000337050,open,0.02,390.0,0.004,0.04,0.017531,113.02,0.014,0.0,ETH-27MAR20-640-C,164.7,95.4,0.006,300.0,0.017,240.0,112.41,0.14413,-0.05293,0.03655,0.0011,0.06992
165.48,ETH-27MAR20,1572000367278,open,0.02,826.0,0.009,0.04,0.022597,92.92,0.03,0.0,ETH-27MAR20-80-P,164.7,89.72,0.02,302.0,0.026,320.0,96.88,0.13783,-0.04161,-0.0618,0.00128,-0.06598
164.6,SYN.ETH-29NOV19,1572000569295,open,0.01,378.0,0.001,0.023,0.010367,80.73,0.021,0.0,ETH-29NOV19-120-P,164.7,77.73,0.009,460.0,0.012,500.0,84.12,0.07713,-0.08927,-0.01454,0.00369,-0.0821
164.6,SYN.ETH-29NOV19,1572001039363,open,0.0,1706.0,0.001,0.014,0.00414,94.8,0.005,0.0,ETH-29NOV19-100-P,164.7,89.25,0.003,163.0,0.006,460.0,102.27,0.03686,-0.0501,-0.00574,0.0015,-0.03237
165.48,ETH-27MAR20,1571996812431,open,0.02,5462.0,0.005,0.046,0.021198,113.02,0.016,0.0,ETH-27MAR20-600-C,164.7,107.34,0.016,38.0,0.025,300.0,116.69,0.16349,-0.06004,0.04277,0.00125,0.0825
164.6,SYN.ETH-29NOV19,1572001056506,open,0.01,1402.0,0.003,0.027,0.012214,73.05,0.009,0.0,ETH-29NOV19-220-C,164.7,71.04,0.011,460.0,0.014,220.0,75.84,0.10214,-0.10698,0.01705,0.0054,0.12061
164.6,SYN.ETH-29NOV19,1572000569985,open,0.0,0.0,0.001,0.011,0.001379,92.81,None,0.0,ETH-29NOV19-320-C,164.7,89.16,0.001,160.0,0.003,460.0,103.32,0.0191,-0.02542,0.00212,0.0008,0.01485
164.6,SYN.ETH-29NOV19,1572000569336,open,0.01,287.0,0.001,0.013,0.003994,80.35,0.004,0.0,ETH-29NOV19-260-C,164.7,76.52,0.003,460.0,0.006,161.0,86.61,0.04652,-0.05359,0.00614,0.00224,0.04304
164.65,SYN.ETH-8NOV19,1572001075240,open,0.01,200.0,0.001,0.021,0.008024,72.21,0.009,0.0,ETH-8NOV19-140-P,164.7,69.38,0.007,200.0,0.01,500.0,77.36,0.06067,-0.15787,-0.00744,0.00815,-0.11078
164.6,SYN.ETH-29NOV19,1572000569389,open,0.01,778.0,0.001,0.017,0.006548,76.18,0.006,0.0,ETH-29NOV19-240-C,164.7,74.81,0.006,460.0,0.008,220.0,79.53,0.06751,-0.07373,0.00981,0.00342,0.06893
164.65,SYN.ETH-8NOV19,1572000569502,open,0.0,0.0,0.001,0.011,0.001898,88.24,None,0.0,ETH-8NOV19-120-P,164.7,79.45,0.001,700.0,0.004,500.0,101.9,0.02009,-0.06389,-0.00182,0.00221,-0.02713
164.65,SYN.ETH-8NOV19,1572001131389,open,0.06,0.0,0.033,0.091,0.06307,62.18,None,0.0,ETH-8NOV19-160-C,164.7,55.3,0.058,264.0,0.065,120.0,64.72,0.12255,-0.27456,0.03466,0.01912,0.61679
164.65,SYN.ETH-8NOV19,1572001130259,open,0.04,0.0,0.012,0.061,0.034813,62.1,None,0.0,ETH-8NOV19-160-P,164.7,61.04,0.034,160.0,0.04,328.0,69.08,0.12254,-0.27419,-0.02616,0.01915,-0.38313
164.6,SYN.ETH-29NOV19,1572001134431,open,0.1,81.0,0.065,0.13,0.098262,68.88,0.095,0.0,ETH-29NOV19-160-C,164.7,66.13,0.095,156.0,0.101,96.0,71.14,0.19724,-0.19477,0.07806,0.01106,0.59463
166.42,SYN.ETH-26JUN20,1572000333628,open,0.03,0.0,0.008,0.055,0.027516,97.25,None,0.0,ETH-26JUN20-640-C,164.7,90.62,0.019,300.0,0.036,150.0,102.81,0.23583,-0.04683,0.07876,0.00131,0.09806
164.65,SYN.ETH-8NOV19,1572001108831,open,0.03,21.0,0.012,0.059,0.034541,62.16,0.03,0.0,ETH-8NOV19-170-C,164.7,56.15,0.03,331.0,0.036,120.0,64.04,0.12546,-0.28102,0.0241,0.01958,0.41953
164.52,ETH-27DEC19,1572000569178,open,0.0,16758.0,0.001,0.011,0.001366,120.0,0.002,0.0,ETH-27DEC19-600-C,164.7,116.11,0.001,2160.0,0.003,300.0,131.49,0.01727,-0.01648,0.00228,0.00031,0.00942
164.65,SYN.ETH-8NOV19,1572000575183,open,0.01,21.0,0.001,0.014,0.004504,67.65,0.005,0.0,ETH-8NOV19-200-C,164.7,61.88,0.003,500.0,0.006,200.0,72.46,0.0475,-0.1158,0.00469,0.00681,0.0795
164.65,SYN.ETH-8NOV19,1572001130018,open,0.08,120.0,0.035,0.099,0.067018,62.08,0.076,0.0,ETH-8NOV19-170-P,164.7,60.79,0.066,120.0,0.073,233.0,69.95,0.12545,-0.28063,-0.04054,0.01961,-0.58064
165.48,ETH-27MAR20,1572001142442,open,1.01,7.0,0.903,1.065,0.983226,89.03,0.945,0.0,ETH-27MAR20-320-P,164.7,0.0,0.0,0.0,0.0,0.0,0.0,0.29821,-0.08626,-1.24602,0.0029,-0.80285
164.53,ETH-27DEC19,1572001142467,open,0.86,1.0,0.775,0.9,0.834954,90.37,0.494,0.0,ETH-27DEC19-300-P,164.7,0.0,0.001,5.0,0.0,0.0,0.0,0.10025,-0.07204,-0.49777,0.00238,-0.92132
7600.18,BTC-27DEC19,1572001142651,open,1.01,211.2,0.9365,1.027,0.97907005,86.07,0.81,0.0,BTC-27DEC19-15000-P,7590.58,0.0,0.955,3.0,1.0095,3.0,129.25,2.84391,-1.94641,-25.35675,3e-05,-0.95771
7600.18,BTC-27DEC19,1572001142652,open,2.22,0.0,2.0965,2.227,2.15913168,108.34,None,0.0,BTC-27DEC19-24000-P,7590.58,0.0,0.0,0.0,0.0,0.0,0.0,0.82914,-0.71436,-41.23124,1e-05,-0.99016
7600.18,BTC-27DEC19,1572001142651,open,3.29,0.3,3.1285,3.297,3.21067853,111.86,1.875,0.0,BTC-27DEC19-32000-P,7590.58,0.0,0.0,0.0,0.0,0.0,0.0,0.20813,-0.18514,-55.09983,0.0,-0.99791
7600.18,BTC-27DEC19,1572001142651,open,1.15,19.0,1.065,1.1605,1.11010255,90.8,1.2,0.0,BTC-27DEC19-16000-P,7590.58,0.0,1.0765,2.0,1.141,2.0,136.97,2.5493,-1.84067,-27.14192,3e-05,-0.96303
7600.18,BTC-27DEC19,1572001142652,open,1.68,3.6,1.5805,1.693,1.63393493,101.16,1.729,0.0,BTC-27DEC19-20000-P,7590.58,0.0,0.0,0.0,0.0,0.0,0.0,1.40369,-1.12924,-34.24699,1e-05,-0.98189
7600.01,BTC-27DEC19,1572001142654,open,1.41,9.4,1.3225,1.426,1.37164351,95.83,1.1125,0.0,BTC-27DEC19-18000-P,7590.58,0.0,0.0,0.0,0.0,0.0,0.0,1.81147,-1.38047,-30.7289,2e-05,-0.97552
7666.67,BTC-27MAR20,1572001142654,open,2.19,0.0,2.0725,2.223,2.14319747,94.41,None,0.0,BTC-27MAR20-24000-P,7590.58,0.0,0.0015,1.0,0.0,0.0,0.0,5.92551,-1.81771,-99.65362,3e-05,-0.94006
7666.67,BTC-27MAR20,1572001142653,open,0.1,379.8,0.0585,0.139,0.09862737,74.12,0.095,0.0,BTC-27MAR20-10000-C,7590.58,72.03,0.0935,25.0,0.1,1.0,74.67,18.91846,-4.5563,9.02028,0.0001,0.37771
7666.67,BTC-27MAR20,1572001142654,open,2.72,0.0,2.583,2.7495,2.66149849,98.53,None,0.0,BTC-27MAR20-28000-P,7590.58,0.0,0.0005,1.0,0.0,0.0,0.0,4.64228,-1.48622,-116.91768,2e-05,-0.9559
7600.01,BTC-27DEC19,1572001142654,open,0.25,757.8,0.194,0.2725,0.23330473,66.31,0.2365,0.0,BTC-27DEC19-9000-P,7590.58,63.72,0.2295,2.0,0.248,16.0,76.03,11.23226,-5.92284,-11.99914,0.00017,-0.68322
7666.67,BTC-27MAR20,1572001142655,open,0.65,52.7,0.5685,0.683,0.62485733,75.84,0.655,0.0,BTC-27MAR20-12000-P,7590.58,56.78,0.59,3.0,0.67,3.0,95.92,15.93378,-3.92656,-44.32487,8e-05,-0.74654
7666.67,BTC-27MAR20,1572001142655,open,2.46,0.0,2.3275,2.485,2.401572,95.71,None,0.0,BTC-27MAR20-26000-P,7590.58,0.0,0.0015,1.0,0.0,0.0,0.0,5.05396,-1.57181,-108.35744,2e-05,-0.95097
7600.01,BTC-27DEC19,1572001142655,open,2.75,0.1,2.6125,2.7615,2.68472172,109.55,1.49,0.0,BTC-27DEC19-28000-P,7590.58,0.0,0.0,0.0,0.0,0.0,0.0,0.38516,-0.33555,-48.186,0.0,-0.99586
7666.67,BTC-27MAR20,1572001142656,open,2.98,0.0,2.838,3.0135,2.92103651,100.1,None,0.0,BTC-27MAR20-30000-P,7590.58,0.0,0.0005,1.0,0.0,0.0,0.0,4.11634,-1.33894,-125.50258,2e-05,-0.96198
7600.01,BTC-27DEC19,1572001142656,open,3.02,0.2,2.8705,3.0295,2.94765683,108.9,2.03,0.0,BTC-27DEC19-30000-P,7590.58,0.0,0.0,0.0,0.0,0.0,0.0,0.2416,-0.20923,-51.65024,0.0,-0.99754
7600.01,BTC-27DEC19,1572001142656,open,2.48,0.0,2.3545,2.4945,2.42191496,109.67,None,0.0,BTC-27DEC19-26000-P,7590.58,0.0,0.0,0.0,0.0,0.0,0.0,0.58892,-0.51359,-44.71221,1e-05,-0.99333
7666.5,BTC-27MAR20,1572001142657,open,1.93,6.0,1.8175,1.9595,1.88424304,91.27,1.64,0.0,BTC-27MAR20-22000-P,7590.58,0.0,1.838,1.0,1.9305,1.0,125.91,6.61703,-1.96245,-90.98616,3e-05,-0.9309
7595.95,SYN.BTC-29NOV19,1572001142651,open,0.61,0.0,0.55,0.6205,0.58347429,79.24,None,0.0,BTC-29NOV19-12000-P,7590.58,0.0,0.0,0.0,0.0,0.0,0.0,2.04514,-2.32327,-11.19855,5e-05,-0.95947
7591.77,SYN.BTC-1NOV19,1572001142651,open,0.02,183.8,0.0005,0.032,0.01010049,50.11,0.0135,0.0,BTC-1NOV19-7250-P,7590.58,48.69,0.0095,12.4,0.0115,0.4,53.34,3.24409,-11.82122,-0.35862,0.0006,-0.24066
7733.16,SYN.BTC-26JUN20,1572001142651,open,1.17,0.0,1.0625,1.21,1.13395672,81.51,None,0.0,BTC-26JUN20-16000-P,7590.58,0.0,0.0,0.0,0.0,0.0,0.0,19.00021,-3.16233,-99.0351,6e-05,-0.77493
7595.95,SYN.BTC-29NOV19,1572001142655,open,0.68,0.0,0.614,0.6865,0.64853075,81.58,None,0.0,BTC-29NOV19-12500-P,7590.58,0.0,0.0,0.0,0.0,0.0,0.0,1.69482,-1.9823,-11.73105,4e-05,-0.96778
7733.16,SYN.BTC-26JUN20,1572001142651,open,0.92,0.0,0.824,0.9675,0.89485355,79.89,None,0.0,BTC-26JUN20-14000-P,7590.58,0.0,0.0,0.0,0.0,0.0,0.0,21.3588,-3.48411,-83.72864,7e-05,-0.719
7595.95,SYN.BTC-29NOV19,1572001142655,open,0.48,0.0,0.4215,0.489,0.45378424,72.85,None,0.0,BTC-29NOV19-11000-P,7590.58,0.0,0.0005,1.0,0.0,0.0,0.0,2.89863,-3.02754,-10.09561,7e-05,-0.9372
7595.95,SYN.BTC-29NOV19,1572001142651,open,0.74,0.0,0.6785,0.7525,0.71377033,83.77,None,0.0,BTC-29NOV19-13000-P,7590.58,0.0,0.0,0.0,0.0,0.0,0.0,1.4114,-1.69511,-12.25076,3e-05,-0.97415
7595.95,SYN.BTC-29NOV19,1572001142656,open,0.54,0.0,0.4855,0.554,0.51810136,74.9,None,0.0,BTC-29NOV19-11500-P,7590.58,0.0,0.0,0.0,0.0,0.0,0.0,2.30155,-2.47152,-10.67771,6e-05,-0.95308
7595.95,SYN.BTC-29NOV19,1572001142657,open,0.88,0.0,0.8075,0.886,0.84488707,89.7,None,0.0,BTC-29NOV19-14000-P,7590.58,0.0,0.0,0.0,0.0,0.0,0.0,1.10741,-1.42417,-13.2493,2e-05,-0.98061
165.48,ETH-27MAR20,1572001142700,open,2.2,0.0,2.058,2.277,2.16252,102.96,None,0.0,ETH-27MAR20-520-P,164.71,0.0,0.005,10.0,0.0,0.0,0.0,0.16576,-0.05546,-2.14763,0.00139,-0.91597
165.49,ETH-27MAR20,1572001142700,open,1.24,6.0,1.13,1.303,1.214384,92.14,1.165,0.0,ETH-27MAR20-360-P,164.71,0.0,0.0,0.0,0.0,0.0,0.0,0.26001,-0.07785,-1.43421,0.00244,-0.84134
164.68,SYN.ETH-1NOV19,1572001142699,open,0.26,0.0,0.249,0.294,0.27169,98.21,None,0.0,ETH-1NOV19-120-C,164.71,0.0,0.0,0.0,0.0,0.0,0.0,0.00487,-0.03481,0.02235,0.00097,0.99215
165.49,ETH-27MAR20,1572001142702,open,1.96,0.0,1.825,2.032,1.924516,101.41,None,0.0,ETH-27MAR20-480-P,164.71,0.0,0.003,10.0,0.0,0.0,0.0,0.18701,-0.06162,-1.97137,0.0016,-0.90113
164.66,SYN.ETH-8NOV19,1572001142699,open,0.15,0.0,0.128,0.185,0.157749,72.08,None,0.0,ETH-8NOV19-140-C,164.71,0.0,0.0,0.0,0.0,0.0,0.0,0.0605,-0.15714,0.04582,0.00814,0.88968
164.55,ETH-27DEC19,1572001142703,open,1.1,0.0,1.009,1.145,1.073697,95.61,None,0.0,ETH-27DEC19-340-P,164.71,0.0,0.001,5.0,0.0,0.0,0.0,0.07212,-0.05483,-0.57321,0.00162,-0.9485
164.66,SYN.ETH-8NOV19,1572001142699,open,0.0,5.0,0.001,0.012,0.002622,71.74,0.002,0.0,ETH-8NOV19-210-C,164.71,60.91,0.001,200.0,0.004,201.0,78.03,0.03182,-0.08226,0.00281,0.0043,0.04758
166.42,SYN.ETH-26JUN20,1572001142699,open,2.92,0.0,2.743,3.014,2.872981,97.09,None,0.0,ETH-26JUN20-640-P,164.71,0.0,0.0,0.0,0.0,0.0,0.0,0.23476,-0.04654,-4.21537,0.0013,-0.90254
164.66,SYN.ETH-8NOV19,1572001142699,open,0.02,0.0,0.004,0.036,0.016961,66.28,None,0.0,ETH-8NOV19-150-P,164.71,64.58,0.016,160.0,0.019,160.0,69.8,0.09402,-0.22454,-0.01457,0.01376,-0.21582
166.42,SYN.ETH-26JUN20,1572001142699,open,1.5,0.0,1.368,1.574,1.46937,91.37,None,0.0,ETH-26JUN20-400-P,164.71,0.0,0.0,0.0,0.0,0.0,0.0,0.39566,-0.07382,-2.51972,0.00233,-0.78743
164.66,SYN.ETH-8NOV19,1572001142699,open,0.01,21.0,0.001,0.014,0.004504,67.62,0.005,0.0,ETH-8NOV19-200-C,164.71,61.86,0.003,500.0,0.006,200.0,72.44,0.04749,-0.11571,0.00469,0.00681,0.07947
164.66,SYN.ETH-8NOV19,1572001142699,open,0.18,0.0,0.125,0.201,0.162436,64.48,None,0.0,ETH-8NOV19-190-P,164.71,0.0,0.0,0.0,0.0,0.0,0.0,0.07184,-0.16693,-0.06393,0.01081,-0.8589
164.66,SYN.ETH-8NOV19,1572001142699,open,0.29,0.0,0.239,0.319,0.278035,72.22,None,0.0,ETH-8NOV19-210-P,164.71,0.0,0.0,0.0,0.0,0.0,0.0,0.03247,-0.08451,-0.07695,0.00436,-0.95121
164.66,SYN.ETH-8NOV19,1572001142699,open,0.21,0.0,0.188,0.239,0.214073,78.33,None,0.0,ETH-8NOV19-130-C,164.71,0.0,0.0,0.0,0.0,0.0,0.0,0.03426,-0.0967,0.04593,0.00424,0.94782
164.61,SYN.ETH-29NOV19,1572001142701,open,0.85,0.0,0.77,0.884,0.824638,90.66,None,0.0,ETH-29NOV19-300-P,164.71,0.0,0.0,0.0,0.0,0.0,0.0,0.02739,-0.0356,-0.28342,0.00117,-0.97733
166.42,SYN.ETH-26JUN20,1572001142699,open,1.27,0.0,1.145,1.34,1.242005,89.9,None,0.0,ETH-26JUN20-360-P,164.71,0.0,0.0,0.0,0.0,0.0,0.0,0.43166,-0.07924,-2.22589,0.00258,-0.75163
166.42,SYN.ETH-26JUN20,1572001142699,open,1.04,0.0,0.927,1.112,1.020113,88.73,None,0.0,ETH-26JUN20-320-P,164.71,0.0,0.0,0.0,0.0,0.0,0.0,0.47097,-0.08532,-1.9251,0.00286,-0.70412
164.66,SYN.ETH-8NOV19,1572001142699,open,0.0,0.0,0.001,0.011,0.001898,88.28,None,0.0,ETH-8NOV19-120-P,164.71,79.47,0.001,700.0,0.004,500.0,101.92,0.0201,-0.06395,-0.00182,0.00221,-0.02715
164.66,SYN.ETH-8NOV19,1572001142699,open,0.27,0.0,0.249,0.296,0.27309,87.83,None,0.0,ETH-8NOV19-120-C,164.71,0.0,0.0,0.0,0.0,0.0,0.0,0.01976,-0.06254,0.04384,0.00218,0.9734
164.66,SYN.ETH-8NOV19,1572001142699,open,0.04,0.0,0.012,0.061,0.034814,62.17,None,0.0,ETH-8NOV19-160-P,164.71,61.08,0.034,160.0,0.04,328.0,69.13,0.12253,-0.27452,-0.02615,0.01912,-0.38298
166.42,SYN.ETH-26JUN20,1572001142700,open,2.68,0.0,2.512,2.771,2.636358,96.37,None,0.0,ETH-26JUN20-600-P,164.71,0.0,0.0,0.0,0.0,0.0,0.0,0.25524,-0.05022,-3.93789,0.00143,-0.89064
164.66,SYN.ETH-8NOV19,1572001142699,open,0.23,0.0,0.181,0.259,0.219183,67.93,None,0.0,ETH-8NOV19-200-P,164.71,0.0,0.0,0.0,0.0,0.0,0.0,0.04796,-0.1174,-0.07128,0.00685,-0.91949
164.66,SYN.ETH-8NOV19,1572001142699,open,0.08,120.0,0.035,0.099,0.067019,62.19,0.076,0.0,ETH-8NOV19-170-P,164.71,60.86,0.066,120.0,0.073,233.0,70.02,0.12549,-0.28124,-0.04051,0.01957,-0.58017
7591.77,SYN.BTC-1NOV19,1572001142711,open,0.14,6.2,0.0985,0.149,0.12284548,59.19,0.145,0.0,BTC-1NOV19-8500-P,7590.58,49.02,0.121,0.1,0.1245,0.1,65.99,1.67018,-7.18862,-1.47931,0.00026,-0.91156
164.54,ETH-27DEC19,1572001142968,open,0.06,10468.0,0.028,0.087,0.057335,76.55,0.056,0.0,ETH-27DEC19-200-C,164.71,74.98,0.055,410.0,0.061,128.0,78.99,0.24561,-0.14952,0.0757,0.00688,0.32442
164.55,ETH-27DEC19,1572001143387,open,0.5,2287.0,0.43,0.541,0.484974,81.06,0.354,0.0,ETH-27DEC19-240-P,164.71,0.0,0.446,1.0,0.52,1.0,109.44,0.17292,-0.11146,-0.3727,0.00457,-0.82986
7600.01,BTC-27DEC19,1572001143604,open,0.08,262.1,0.041,0.0995,0.06997404,66.11,0.0715,0.0,BTC-27DEC19-7000-P,7590.58,63.79,0.0665,29.0,0.0735,29.0,68.45,11.43839,-6.013,-5.25061,0.00017,-0.33108
7592.66,SYN.BTC-8NOV19,1572001143622,open,0.04,20.4,0.0285,0.076,0.04514157,50.12,0.0425,0.0,BTC-8NOV19-7500-C,7590.58,47.98,0.0435,0.8,0.049,10.0,55.16,5.81664,-10.50569,1.51284,0.00053,0.56927
7592.66,SYN.BTC-8NOV19,1572001143624,open,0.04,20.4,0.0285,0.076,0.04514157,50.12,0.0425,0.0,BTC-8NOV19-7500-C,7590.58,47.98,0.0435,0.8,0.0485,15.0,54.5,5.81664,-10.50569,1.51284,0.00053,0.56927
7666.53,BTC-27MAR20,1572001143658,open,1.41,0.0,1.3095,1.437,1.36953424,85.0,1.23,0.0,BTC-27MAR20-18000-P,7590.25,0.0,1.342,1.0,1.413,1.0,113.07,8.8603,-2.44729,-73.28886,4e-05,-0.89804
7666.53,BTC-27MAR20,1572001143658,open,0.15,12.4,0.095,0.1795,0.13763295,72.44,0.1405,0.0,BTC-27MAR20-7000-P,7590.25,71.12,0.1345,9.0,0.1415,1.0,74.08,18.11619,-4.26449,-15.24737,0.0001,-0.33412
7666.53,BTC-27MAR20,1572001143658,open,0.01,85.1,0.0005,0.0195,0.0062515,103.38,0.0065,0.0,BTC-27MAR20-34000-C,7590.25,100.32,0.005,15.0,0.0075,39.0,106.05,3.37012,-1.13208,0.76174,1e-05,0.02982
7600.01,BTC-27DEC19,1572001143658,open,0.0,442.0,0.0005,0.0105,1.642e-05,110.58,0.001,0.0,BTC-27DEC19-44000-C,7590.25,0.0,0.0,0.0,0.001,45.0,149.71,0.01953,-0.01717,0.00189,0.0,0.00016
7666.53,BTC-27MAR20,1572001143658,open,0.03,958.4,0.009,0.055,0.02797192,81.53,0.0255,0.0,BTC-27MAR20-16000-C,7590.25,79.69,0.0255,16.7,0.0295,23.3,82.62,10.54437,-2.79332,3.3057,5e-05,0.13025
7600.01,BTC-27DEC19,1572001143658,open,0.15,771.6,0.102,0.175,0.13901177,65.36,0.148,0.0,BTC-27DEC19-8000-P,7590.25,61.73,0.133,18.5,0.1445,27.5,68.68,12.56607,-6.5316,-8.64482,0.00019,-0.5213
7600.01,BTC-27DEC19,1572001143658,open,0.53,4.0,0.531,0.5555,0.5424779,98.28,0.666,0.0,BTC-27DEC19-3500-C,7590.25,0.0,0.534,12.0,0.5485,12.0,121.61,1.3732,-1.07319,5.75878,1e-05,0.98235
7600.01,BTC-27DEC19,1572001143658,open,0.11,393.9,0.0805,0.1445,0.1135772,65.17,0.104,0.0,BTC-27DEC19-7500-C,7590.25,62.97,0.11,27.7,0.1175,27.7,67.58,12.3723,-6.41178,6.01575,0.00019,0.57308
7600.01,BTC-27DEC19,1572001143658,open,0.01,504.9,0.0005,0.023,0.00926972,79.42,0.008,0.0,BTC-27DEC19-13000-C,7590.25,76.12,0.0075,21.0,0.0105,43.0,81.51,4.31076,-2.72239,0.81639,5e-05,0.07163
7666.53,BTC-27MAR20,1572001143658,open,3.25,0.0,3.0935,3.278,3.18093477,101.61,None,0.0,BTC-27MAR20-32000-P,7590.25,0.0,0.001,1.0,0.0,0.0,0.0,3.68172,-1.21561,-134.05665,1e-05,-0.96681
7600.01,BTC-27DEC19,1572001143658,open,0.01,778.3,0.0005,0.015,0.005235,92.0,0.0065,0.0,BTC-27DEC19-4000-P,7590.25,91.17,0.005,1.0,0.006,34.0,94.57,2.18272,-1.59693,-0.46936,2e-05,-0.03062
7600.01,BTC-27DEC19,1572001143658,open,0.73,0.0,0.727,0.7465,0.73696925,111.06,None,0.0,BTC-27DEC19-2000-C,7590.25,0.0,0.73,16.0,0.7445,16.0,192.91,0.09481,-0.08373,3.43201,0.0,0.99912
7600.01,BTC-27DEC19,1572001143658,open,0.02,404.4,0.0065,0.036,0.01894304,73.29,0.0225,0.0,BTC-27DEC19-5500-P,7590.25,71.44,0.0175,39.8,0.0205,2.0,75.23,6.01309,-3.50435,-1.71592,8e-05,-0.11212
7666.53,BTC-27MAR20,1572001143658,open,0.09,355.2,0.0475,0.1145,0.08036256,73.4,0.09,0.0,BTC-27MAR20-6000-P,7590.25,71.41,0.0765,23.5,0.084,23.5,75.26,14.96076,-3.56806,-9.89673,8e-05,-0.22584
7666.53,BTC-27MAR20,1572001143658,open,4.31,1.0,4.116,4.339,4.22245443,108.68,2.7125,0.0,BTC-27MAR20-40000-P,7590.25,0.0,0.0005,3.0,0.0,0.0,0.0,2.75152,-0.97171,-168.03542,1e-05,-0.97661
7599.68,BTC-27DEC19,1572001143658,open,0.29,73.5,0.271,0.319,0.29526272,73.32,0.266,0.0,BTC-27DEC19-5500-C,7590.25,0.0,0.275,10.0,0.3125,10.0,92.7,6.01716,-3.50845,7.75664,8e-05,0.88776
7666.53,BTC-27MAR20,1572001143658,open,1.15,1.1,1.0575,1.1785,1.11492754,81.5,1.08,0.0,BTC-27MAR20-16000-P,7590.25,57.73,1.092,2.0,1.158,2.0,106.61,10.5377,-2.79061,-64.14927,5e-05,-0.86987
7666.53,BTC-27MAR20,1572001143658,open,0.01,113.2,0.0005,0.023,0.00795929,100.04,0.0075,0.0,BTC-27MAR20-30000-C,7590.25,97.13,0.0065,15.0,0.0095,38.0,102.76,4.10456,-1.33424,0.96744,2e-05,0.03789
7599.68,BTC-27DEC19,1572001143659,open,0.0,555.3,0.0005,0.0105,0.00091639,110.3,0.001,0.0,BTC-27DEC19-26000-C,7590.25,103.93,0.0005,3.5,0.0015,32.5,116.28,0.61357,-0.53815,0.07946,1e-05,0.00699
7599.68,BTC-27DEC19,1572001143659,open,0.37,512.1,0.3055,0.385,0.34452327,68.38,0.353,0.0,BTC-27DEC19-10000-P,7590.25,63.98,0.3395,2.3,0.3505,14.0,73.3,8.95161,-4.86736,-14.92311,0.00013,-0.7954
7599.68,BTC-27DEC19,1572001143659,open,0.0,430.1,0.0005,0.0105,0.00021867,110.58,0.0005,0.0,BTC-27DEC19-32000-C,7590.25,0.0,0.0,0.0,0.001,20.0,126.78,0.18619,-0.16373,0.02134,0.0,0.00185
7599.68,BTC-27DEC19,1572001143659,open,0.0,597.2,0.0005,0.0105,0.00065367,110.56,0.001,0.0,BTC-27DEC19-2500-P,7590.25,107.13,0.0005,35.5,0.002,20.0,128.44,0.37339,-0.32828,-0.06088,0.0,-0.004
7666.53,BTC-27MAR20,1572001143659,open,0.0,596.3,0.0005,0.017,0.00506539,108.95,0.0055,0.0,BTC-27MAR20-40000-C,7590.25,105.78,0.004,1.0,0.0055,15.0,110.11,2.78738,-0.98677,0.60413,1e-05,0.02376
7599.68,BTC-27DEC19,1572001143659,open,5.43,0.0,5.1925,5.4445,5.31578866,0.0,None,0.0,BTC-27DEC19-48000-P,7590.25,0.0,0.0005,1.0,0.0,0.0,0.0,0.0,0.0,-82.68584,0.0,-1.0
7599.68,BTC-27DEC19,1572001143658,open,4.89,0.0,4.676,4.9075,4.78948248,0.0,3.46,0.0,BTC-27DEC19-44000-P,7590.25,0.0,0.001,1.0,0.0,0.0,0.0,0.0,0.0,-75.79536,0.0,-1.0
7666.53,BTC-27MAR20,1572001143659,open,0.01,105.4,0.0005,0.0185,0.00571345,105.15,0.0055,0.0,BTC-27MAR20-36000-C,7590.25,100.42,0.004,34.0,0.0065,15.0,107.0,3.11893,-1.06561,0.69345,1e-05,0.02717
7599.68,BTC-27DEC19,1572001143659,open,0.0,675.0,0.0005,0.0105,8.827e-05,110.58,0.001,0.0,BTC-27DEC19-36000-C,7590.25,0.0,0.0,0.0,0.001,20.0,135.37,0.08554,-0.07522,0.00919,0.0,0.00079
7666.53,BTC-27MAR20,1572001143659,open,0.22,0.0,0.1805,0.2645,0.22458987,72.45,None,0.0,BTC-27MAR20-7000-C,7590.25,70.09,0.219,10.7,0.2295,10.7,74.53,18.11616,-4.2649,14.26255,0.0001,0.66588
7599.68,BTC-27DEC19,1572001143659,open,0.0,464.5,0.0005,0.0125,0.00299377,98.22,0.003,0.0,BTC-27DEC19-3500-P,7590.25,95.33,0.0025,40.0,0.004,26.0,103.32,1.37048,-1.07041,-0.26974,1e-05,-0.01761
7732.99,SYN.BTC-26JUN20,1572001143658,open,0.05,0.2,0.021,0.0895,0.05128837,83.03,0.05,0.0,BTC-26JUN20-18000-C,7590.25,80.79,0.0465,15.8,0.055,17.8,84.72,16.82031,-2.85177,6.85788,5e-05,0.18348
7732.99,SYN.BTC-26JUN20,1572001143658,open,0.08,17.1,0.043,0.1295,0.08446419,79.89,0.085,0.0,BTC-26JUN20-14000-C,7590.25,78.81,0.0815,0.3,0.089,10.0,81.52,21.35794,-3.48397,10.19572,7e-05,0.28099
7666.53,BTC-27MAR20,1572001143660,open,1.67,0.2,1.563,1.6975,1.626464,88.47,1.478,0.0,BTC-27MAR20-20000-P,7590.25,0.0,1.595,1.0,1.6705,1.0,119.34,7.6406,-2.19636,-82.19064,3e-05,-0.91654
7599.68,BTC-27DEC19,1572001143660,open,0.01,862.6,0.0025,0.0275,0.01204678,74.73,0.011,0.0,BTC-27DEC19-12000-C,7590.25,72.43,0.0105,42.0,0.0125,1.0,75.38,5.28185,-3.13891,1.07039,7e-05,0.09381
7666.53,BTC-27MAR20,1572001143660,open,3.78,0.0,3.605,3.808,3.70136358,104.93,None,0.0,BTC-27MAR20-36000-P,7590.25,0.0,0.0005,1.0,0.0,0.0,0.0,3.08748,-1.05274,-151.08219,1e-05,-0.97316
7599.68,BTC-27DEC19,1572001143660,open,0.0,555.7,0.0005,0.0105,3.729e-05,110.58,0.001,0.0,BTC-27DEC19-40000-C,7590.25,0.0,0.0,0.0,0.001,45.0,142.94,0.04033,-0.03547,0.0041,0.0,0.00035
7666.53,BTC-27MAR20,1572001143660,open,0.02,416.6,0.0045,0.04,0.01776802,88.51,0.016,0.0,BTC-27MAR20-20000-C,7590.25,86.69,0.016,9.9,0.0185,23.0,89.24,7.65142,-2.20062,2.1284,3e-05,0.08362
7599.68,BTC-27DEC19,1572001143660,open,0.0,842.5,0.0005,0.012,0.00239719,101.06,0.0025,0.0,BTC-27DEC19-20000-C,7590.25,95.36,0.0015,10.0,0.0025,30.0,101.61,1.39518,-1.12118,0.20404,1e-05,0.01798
7599.68,BTC-27DEC19,1572001143660,open,0.0,944.1,0.0005,0.0105,0.0003507,110.58,0.0005,0.0,BTC-27DEC19-30000-C,7590.25,0.0,0.0,0.0,0.001,20.0,122.01,0.27729,-0.24384,0.03298,0.0,0.00287
7666.53,BTC-27MAR20,1572001143660,open,3.51,0.0,3.349,3.5425,3.44103218,103.19,None,0.0,BTC-27MAR20-34000-P,7590.25,0.0,0.0005,1.0,0.0,0.0,0.0,3.34113,-1.12033,-142.58189,1e-05,-0.97049
7599.68,BTC-27DEC19,1572001143660,open,0.0,255.7,0.0005,0.0105,1.01e-05,110.57,0.001,0.0,BTC-27DEC19-1500-P,7590.25,0.0,0.0,0.0,0.001,30.4,168.07,0.01051,-0.00924,-0.00122,0.0,-8e-05
7591.61,SYN.BTC-1NOV19,1572001143658,open,0.27,0.0,0.227,0.28,0.25228442,79.65,None,0.0,BTC-1NOV19-9500-P,7590.25,0.0,0.0,0.0,0.0,0.0,0.0,0.56644,-3.28101,-1.75806,7e-05,-0.97706
7599.68,BTC-27DEC19,1572001143660,open,0.47,31.1,0.4645,0.495,0.47893168,92.12,0.6265,0.0,BTC-27DEC19-4000-C,7590.25,0.0,0.468,11.0,0.4885,11.0,116.66,2.19069,-1.60477,6.41891,2e-05,0.96925
7732.99,SYN.BTC-26JUN20,1572001143658,open,0.03,18.9,0.007,0.054,0.02522183,88.86,0.026,0.0,BTC-26JUN20-26000-C,7590.25,85.29,0.0205,8.0,0.0265,6.0,89.76,10.82397,-1.96386,3.69436,3e-05,0.09643
7599.68,BTC-27DEC19,1572001143661,open,0.0,711.7,0.0005,0.016,0.00541635,86.03,0.005,0.0,BTC-27DEC19-15000-C,7590.25,83.44,0.0045,30.1,0.0055,4.0,86.25,2.83844,-1.94183,0.48148,3e-05,0.04219
7599.68,BTC-27DEC19,1572001143661,open,0.01,1154.1,0.0025,0.025,0.01200928,77.98,0.0145,0.0,BTC-27DEC19-5000-P,7590.25,77.09,0.0115,42.0,0.0135,2.0,80.51,4.36387,-2.70621,-1.11009,6e-05,-0.07279
7595.81,SYN.BTC-29NOV19,1572001143659,open,0.02,384.5,0.0085,0.0435,0.01953917,59.83,0.019,0.0,BTC-29NOV19-9000-C,7590.25,56.28,0.0165,29.4,0.0195,0.4,59.79,6.66678,-5.71874,1.3444,0.0002,0.20478
7591.61,SYN.BTC-1NOV19,1572001143658,open,0.0,69.6,0.0005,0.011,0.00127633,77.44,0.0015,0.0,BTC-1NOV19-6250-P,7590.25,66.66,0.0005,18.5,0.0015,0.5,79.73,0.70646,-3.97854,-0.04454,8e-05,-0.02987
7599.68,BTC-27DEC19,1572001143661,open,0.0,425.5,0.0005,0.0115,0.001811,105.38,0.002,0.0,BTC-27DEC19-22000-C,7590.25,98.49,0.001,127.0,0.002,20.0,106.65,1.09067,-0.91398,0.15299,1e-05,0.0135
7599.68,BTC-27DEC19,1572001143662,open,0.11,374.9,0.067,0.1335,0.10040773,65.15,0.1075,0.0,BTC-27DEC19-7500-P,7590.25,63.06,0.097,24.4,0.102,2.0,66.13,12.37219,-6.40971,-6.90444,0.00019,-0.427
7592.66,SYN.BTC-8NOV19,1572001143658,open,0.21,0.0,0.1635,0.218,0.18966954,60.58,None,0.0,BTC-8NOV19-9000-P,7590.25,0.0,0.0,0.0,0.0,0.0,0.0,2.2775,-4.97193,-3.19221,0.00017,-0.91628
7666.2,BTC-27MAR20,1572001143662,open,0.49,1.3,0.476,0.5175,0.49634876,79.59,0.493,0.0,BTC-27MAR20-4000-C,7590.25,46.88,0.4795,9.0,0.5055,9.0,89.83,6.2816,-1.62454,14.18947,3e-05,0.93539
7591.61,SYN.BTC-1NOV19,1572001143657,open,0.0,113.5,0.0005,0.0115,0.00184077,68.9,0.002,0.0,BTC-1NOV19-6500-P,7590.25,66.16,0.0015,12.0,0.002,0.5,70.08,0.99851,-5.00295,-0.06787,0.00013,-0.04562
7599.68,BTC-27DEC19,1572001143662,open,0.05,429.4,0.0235,0.0725,0.0467514,67.67,0.0515,0.0,BTC-27DEC19-6500-P,7590.25,66.32,0.045,15.0,0.0495,32.6,69.78,9.87023,-5.31155,-3.79221,0.00015,-0.24292
7599.68,BTC-27DEC19,1572001143662,open,0.0,745.1,0.0005,0.013,0.00325995,95.98,0.003,0.0,BTC-27DEC19-18000-C,7590.25,89.86,0.002,84.0,0.004,20.0,98.86,1.82401,-1.39217,0.28049,2e-05,0.02469
7732.99,SYN.BTC-26JUN20,1572001143658,open,2.44,0.0,2.3045,2.48,2.38736616,88.81,None,0.0,BTC-26JUN20-26000-P,7590.25,0.0,0.0,0.0,0.0,0.0,0.0,10.80694,-1.9596,-170.74451,3e-05,-0.90377
7591.61,SYN.BTC-1NOV19,1572001143657,open,0.11,88.6,0.068,0.12,0.09176567,53.9,0.104,0.0,BTC-1NOV19-8250-P,7590.25,47.57,0.09,0.1,0.0935,0.1,59.3,2.30158,-9.02078,-1.36331,0.00039,-0.86155
7599.68,BTC-27DEC19,1572001143662,open,0.0,1544.5,0.0005,0.0105,3.54e-06,110.58,0.001,0.0,BTC-27DEC19-52000-C,7590.25,0.0,0.0,0.0,0.001,20.0,161.4,0.00493,-0.00434,0.00044,0.0,4e-05
7666.2,BTC-27MAR20,1572001143662,open,0.01,143.4,0.0025,0.032,0.01273464,94.37,0.012,0.0,BTC-27MAR20-24000-C,7590.25,92.03,0.011,5.0,0.013,26.0,94.71,5.91696,-1.81442,1.52236,3e-05,0.05984
7592.66,SYN.BTC-8NOV19,1572001143658,open,0.11,0.2,0.097,0.142,0.11845211,56.22,0.11,0.0,BTC-8NOV19-6750-C,7590.25,0.0,0.1035,6.0,0.1415,6.0,99.6,3.12594,-6.3326,2.17026,0.00025,0.87034
7666.2,BTC-27MAR20,1572001143662,open,0.01,46.1,0.0005,0.026,0.00931115,98.51,0.0075,0.0,BTC-27MAR20-28000-C,7590.25,95.31,0.0075,38.0,0.0105,38.0,100.4,4.63723,-1.48429,1.12255,2e-05,0.04404
7592.66,SYN.BTC-8NOV19,1572001143658,open,0.03,79.9,0.009,0.047,0.02056827,51.4,0.021,0.0,BTC-8NOV19-7250-P,7590.25,49.83,0.0195,21.0,0.0225,0.1,54.21,5.18325,-9.60019,-0.93887,0.00046,-0.30471
7595.81,SYN.BTC-29NOV19,1572001143658,open,0.0,299.3,0.0005,0.0135,0.0036695,79.18,0.0035,0.0,BTC-29NOV19-12000-C,7590.25,71.79,0.002,36.0,0.0045,26.0,82.09,2.04007,-2.31594,0.26664,5e-05,0.04041
7595.81,SYN.BTC-29NOV19,1572001143659,open,0.0,23.8,0.0005,0.0125,0.00290075,81.52,0.0035,0.0,BTC-29NOV19-12500-C,7590.25,73.87,0.0015,35.0,0.004,33.0,85.98,1.68909,-1.97396,0.21184,4e-05,0.03209
7732.99,SYN.BTC-26JUN20,1572001143658,open,0.06,4.1,0.0295,0.1065,0.06493998,81.51,0.067,0.0,BTC-26JUN20-16000-C,7590.25,79.89,0.061,0.5,0.0695,10.0,83.35,18.99919,-3.16214,8.30708,6e-05,0.22506
7592.66,SYN.BTC-8NOV19,1572001143658,open,0.06,2.0,0.0465,0.0955,0.06571854,51.43,0.0595,0.0,BTC-8NOV19-7250-C,7590.25,45.91,0.062,7.0,0.0695,7.0,56.91,5.18387,-9.60672,1.81697,0.00046,0.69521
7592.66,SYN.BTC-8NOV19,1572001143658,open,0.0,15.1,0.0005,0.014,0.00433884,60.66,0.003,0.0,BTC-8NOV19-9000-C,7590.25,55.8,0.003,0.1,0.005,17.1,62.79,2.28384,-4.99246,0.23002,0.00017,0.08403
7592.66,SYN.BTC-8NOV19,1572001143658,open,0.14,10.4,0.128,0.169,0.14862792,60.28,0.15,0.0,BTC-8NOV19-6500-C,7590.25,0.0,0.135,6.0,0.1565,6.0,81.14,2.2765,-4.94484,2.21589,0.00017,0.91633
7595.81,SYN.BTC-29NOV19,1572001143662,open,0.01,194.6,0.0005,0.0185,0.00719711,69.38,0.0065,0.0,BTC-29NOV19-10500-C,7590.25,65.44,0.0055,11.0,0.0075,27.0,70.03,3.5032,-3.48453,0.53116,9e-05,0.08038
7591.61,SYN.BTC-1NOV19,1572001143657,open,0.0,285.4,0.0005,0.0205,0.00506323,53.97,0.004,0.0,BTC-1NOV19-8250-C,7590.25,50.31,0.004,0.5,0.005,2.0,53.77,2.30574,-9.04999,0.19127,0.00039,0.13881
7591.61,SYN.BTC-1NOV19,1572001143658,open,0.0,211.6,0.0005,0.0105,0.00089631,87.17,0.001,0.0,BTC-1NOV19-9750-C,7590.25,80.34,0.0005,4.5,0.0015,45.3,94.47,0.52767,-3.34473,0.02888,6e-05,0.02109
7595.81,SYN.BTC-29NOV19,1572001143660,open,1.01,0.0,0.9365,1.0195,0.97613465,94.46,None,0.0,BTC-29NOV19-15000-P,7590.25,0.0,0.0,0.0,0.0,0.0,0.0,0.86184,-1.16714,-14.23738,2e-05,-0.98553
7595.81,SYN.BTC-29NOV19,1572001143661,open,0.34,0.0,0.3295,0.363,0.34580573,81.37,None,0.0,BTC-29NOV19-5000-C,7590.25,0.0,0.333,8.0,0.3545,8.0,106.33,1.89331,-2.20874,4.48041,4e-05,0.96313
7591.61,SYN.BTC-1NOV19,1572001143658,open,0.01,199.6,0.0005,0.0125,0.00280538,60.66,0.004,0.0,BTC-1NOV19-6750-P,7590.25,59.01,0.0025,31.0,0.0035,0.5,64.11,1.44645,-6.38033,-0.10856,0.00022,-0.07311
7591.61,SYN.BTC-1NOV19,1572001143657,open,0.13,0.9,0.127,0.165,0.14565097,69.04,0.1305,0.0,BTC-1NOV19-6500-C,7590.25,0.0,0.131,6.0,0.1555,6.0,112.33,1.00396,-5.04046,1.1561,0.00013,0.95407
7592.66,SYN.BTC-8NOV19,1572001143658,open,0.03,10.4,0.016,0.0595,0.02987567,50.12,0.0295,0.0,BTC-8NOV19-7750-C,7590.25,44.41,0.0255,24.0,0.03,0.1,50.28,5.82981,-10.52881,1.17234,0.00053,0.43604
7591.61,SYN.BTC-1NOV19,1572001143657,open,0.0,140.9,0.0005,0.0105,0.0009301,80.01,0.001,0.0,BTC-1NOV19-9500-C,7590.25,73.19,0.0005,0.5,0.001,5.1,80.91,0.57716,-3.35814,0.03221,7e-05,0.02345
7591.61,SYN.BTC-1NOV19,1572001143657,open,0.17,2.6,0.1305,0.1815,0.15479853,64.65,0.104,0.0,BTC-1NOV19-8750-P,7590.25,0.0,0.144,4.0,0.174,4.0,125.91,1.2388,-5.8242,-1.56585,0.00018,-0.94015
7732.99,SYN.BTC-26JUN20,1572001143658,open,0.42,0.0,0.3885,0.46,0.42537002,77.23,None,0.0,BTC-26JUN20-5000-C,7590.25,29.21,0.356,1.0,0.525,1.0,125.14,15.24006,-2.40323,21.65121,5e-05,0.8427
7591.61,SYN.BTC-1NOV19,1572001143657,open,0.0,107.9,0.0005,0.012,0.00223534,64.8,0.002,0.0,BTC-1NOV19-8750-C,7590.25,59.83,0.0015,0.5,0.0025,5.5,66.37,1.24623,-5.87289,0.08305,0.00018,0.06031
7732.99,SYN.BTC-26JUN20,1572001143658,open,0.03,1.2,0.009,0.059,0.02875293,87.13,0.033,0.0,BTC-26JUN20-24000-C,7590.25,84.24,0.0245,8.0,0.0305,4.0,88.25,11.8571,-2.10943,4.17979,3e-05,0.10932
7591.61,SYN.BTC-1NOV19,1572001143657,open,0.0,455.3,0.0005,0.013,0.00320619,59.17,0.002,0.0,BTC-1NOV19-8500-C,7590.25,53.04,0.002,15.5,0.0035,0.5,60.48,1.6684,-7.17838,0.12171,0.00026,0.08832
7592.66,SYN.BTC-8NOV19,1572001143658,open,0.2,0.0,0.194,0.2305,0.21193785,70.58,None,0.0,BTC-8NOV19-6000-C,7590.25,0.0,0.0,0.0,0.0,0.0,0.0,1.21209,-3.0825,2.16623,8e-05,0.96243
7592.66,SYN.BTC-8NOV19,1572001143658,open,0.09,0.1,0.052,0.107,0.07284536,50.73,0.085,0.0,BTC-8NOV19-8000-P,7590.25,41.29,0.0665,6.0,0.091,6.0,75.74,5.26605,-9.6264,-2.18453,0.00047,-0.68399
7732.99,SYN.BTC-26JUN20,1572001143658,open,0.69,0.0,0.5975,0.7375,0.66769133,79.01,None,0.0,BTC-26JUN20-12000-P,7590.25,0.0,0.0,0.0,0.0,0.0,0.0,23.72201,-3.82692,-67.78427,7e-05,-0.63887
7732.99,SYN.BTC-26JUN20,1572001143658,open,0.34,0.0,0.3005,0.3865,0.34557952,75.77,None,0.0,BTC-26JUN20-6000-C,7590.25,65.36,0.3195,4.0,0.365,7.0,83.45,19.51101,-3.01861,21.70645,6e-05,0.76398
7732.99,SYN.BTC-26JUN20,1572001143658,open,1.93,0.0,1.8025,1.964,1.87878154,85.6,None,0.0,BTC-26JUN20-22000-P,7590.25,0.0,0.0,0.0,0.0,0.0,0.0,13.18454,-2.30446,-142.76195,4e-05,-0.87299
7595.81,SYN.BTC-29NOV19,1572001143659,open,0.0,1031.9,0.0005,0.012,0.00231494,83.69,0.0025,0.0,BTC-29NOV19-13000-C,7590.25,74.55,0.001,51.0,0.0025,3.6,84.66,1.40494,-1.68561,0.16981,3e-05,0.02571
7732.99,SYN.BTC-26JUN20,1572001143659,open,2.18,0.0,2.053,2.221,2.13227077,87.08,None,0.0,BTC-26JUN20-24000-P,7590.25,0.0,0.0,0.0,0.0,0.0,0.0,11.84261,-2.10577,-156.84047,3e-05,-0.89087
7592.66,SYN.BTC-8NOV19,1572001143658,open,0.17,0.0,0.161,0.1995,0.18012617,65.85,None,0.0,BTC-8NOV19-6250-C,7590.25,0.0,0.0,0.0,0.0,0.0,0.0,1.69563,-4.02368,2.20174,0.00012,0.94292
7595.81,SYN.BTC-29NOV19,1572001143659,open,0.41,0.0,0.3575,0.424,0.38951317,69.33,0.3575,0.0,BTC-29NOV19-10500-P,7590.25,0.0,0.3765,4.0,0.4145,4.0,105.55,3.49701,-3.47567,-9.50276,9e-05,-0.91981
7595.81,SYN.BTC-29NOV19,1572001143659,open,0.35,0.0,0.2945,0.3595,0.32571947,65.33,0.245,0.0,BTC-29NOV19-10000-P,7590.25,0.0,0.3015,4.0,0.3525,4.0,99.94,4.23078,-3.96246,-8.86922,0.00012,-0.89631
7595.81,SYN.BTC-29NOV19,1572001143661,open,0.16,0.3,0.1415,0.192,0.16611879,63.31,0.1625,0.0,BTC-29NOV19-6500-C,7590.25,33.39,0.147,8.0,0.179,8.0,78.0,6.28186,-5.70215,4.70444,0.00018,0.81431
7595.81,SYN.BTC-29NOV19,1572001143658,open,0.0,159.7,0.0005,0.0115,0.00178129,89.58,0.0015,0.0,BTC-29NOV19-14000-C,7590.25,76.69,0.0005,19.7,0.0025,15.0,94.0,1.10009,-1.41287,0.12672,2e-05,0.01924
7732.99,SYN.BTC-26JUN20,1572001143658,open,0.18,23.5,0.1445,0.251,0.19987483,79.02,0.184,0.0,BTC-26JUN20-9000-C,7590.25,75.99,0.19,17.0,0.198,5.0,78.44,25.16845,-4.06086,17.41411,8e-05,0.53554
7595.81,SYN.BTC-29NOV19,1572001143659,open,0.0,135.5,0.0005,0.014,0.00412192,74.86,0.004,0.0,BTC-29NOV19-11500-C,7590.25,70.8,0.003,15.0,0.005,26.0,77.6,2.29685,-2.46501,0.30976,6e-05,0.0468
7591.61,SYN.BTC-1NOV19,1572001143658,open,0.17,0.0,0.16,0.1965,0.17801691,77.63,None,0.0,BTC-1NOV19-6250-C,7590.25,0.0,0.0,0.0,0.0,0.0,0.0,0.71225,-4.02096,1.13235,8e-05,0.96983
7732.99,SYN.BTC-26JUN20,1572001143658,open,1.67,0.0,1.553,1.7095,1.62743209,84.28,None,0.0,BTC-26JUN20-20000-P,7590.25,0.0,0.0,0.0,5.0,1.0,500.0,14.84714,-2.55513,-128.46667,4e-05,-0.84879
7595.81,SYN.BTC-29NOV19,1572001143661,open,0.01,381.0,0.0005,0.014,0.00405148,81.32,0.005,0.0,BTC-29NOV19-5000-P,7590.25,79.02,0.0035,35.0,0.0055,9.0,86.67,1.89026,-2.2039,-0.29648,4e-05,-0.0368
7595.81,SYN.BTC-29NOV19,1572001143658,open,0.05,964.8,0.022,0.068,0.03791352,59.43,0.04,0.0,BTC-29NOV19-7000-P,7590.25,57.64,0.036,23.7,0.04,9.0,61.38,8.11145,-6.91155,-2.42208,0.00025,-0.29581
7666.67,BTC-27MAR20,1572001143650,open,0.13,0.0,0.085,0.1705,0.12897871,73.39,None,0.0,BTC-27MAR20-9000-C,7590.58,71.65,0.1245,23.3,0.131,13.3,74.18,19.76334,-4.71308,10.7274,0.00011,0.46088
7732.99,SYN.BTC-26JUN20,1572001143658,open,1.42,0.0,1.306,1.458,1.37892675,83.01,None,0.0,BTC-26JUN20-18000-P,7590.25,0.0,0.0,0.0,0.0,0.0,0.0,16.8135,-2.8498,-113.90626,5e-05,-0.81664
7592.66,SYN.BTC-8NOV19,1572001143658,open,0.01,0.4,0.0005,0.013,0.00327249,65.78,0.0045,0.0,BTC-8NOV19-6250-P,7590.25,66.78,0.0035,0.1,0.005,0.3,72.72,1.69113,-4.00836,-0.17363,0.00012,-0.05688
7591.61,SYN.BTC-1NOV19,1572001143657,open,0.01,580.2,0.0005,0.0305,0.00920957,50.44,0.009,0.0,BTC-1NOV19-8000-C,7590.25,47.53,0.008,15.0,0.009,0.6,49.95,3.20254,-11.7477,0.32302,0.00058,0.23508
7595.81,SYN.BTC-29NOV19,1572001143662,open,0.21,22.5,0.2,0.244,0.22218935,67.78,0.2095,0.0,BTC-29NOV19-6000-C,7590.25,0.0,0.203,7.0,0.233,7.0,84.28,4.39394,-4.26964,4.85212,0.00012,0.89073
7595.81,SYN.BTC-29NOV19,1572001143658,open,0.12,435.7,0.0795,0.143,0.10240218,57.53,0.113,0.0,BTC-29NOV19-8000-P,7590.25,53.46,0.0975,7.0,0.1075,21.6,61.74,9.17664,-7.5687,-4.95481,0.00029,-0.58029
7591.61,SYN.BTC-1NOV19,1572001143657,open,0.01,269.5,0.0005,0.0195,0.00507859,54.5,0.005,0.0,BTC-1NOV19-7000-P,7590.25,54.23,0.005,14.0,0.006,0.5,57.56,2.21508,-8.77933,-0.1945,0.00037,-0.13093
7595.81,SYN.BTC-29NOV19,1572001143661,open,0.03,473.4,0.0085,0.0415,0.02183826,63.3,0.023,0.0,BTC-29NOV19-6500-P,7590.25,63.49,0.022,2.6,0.024,8.0,65.88,6.28071,-5.69943,-1.50579,0.00018,-0.18563
7595.81,SYN.BTC-29NOV19,1572001143658,open,0.0,393.6,0.0005,0.0155,0.00563,72.82,0.006,0.0,BTC-29NOV19-11000-C,7590.25,68.14,0.004,19.0,0.006,19.0,73.77,2.8947,-3.02206,0.41418,7e-05,0.0627
7591.61,SYN.BTC-1NOV19,1572001143658,open,0.3,0.0,0.2595,0.314,0.28518101,86.76,None,0.0,BTC-1NOV19-9750-P,7590.25,0.0,0.0,0.0,0.0,0.0,0.0,0.51707,-3.26243,-1.80846,5e-05,-0.97941
7595.81,SYN.BTC-29NOV19,1572001143663,open,0.01,471.6,0.0005,0.022,0.00922798,65.37,0.008,0.0,BTC-29NOV19-10000-C,7590.25,61.11,0.007,33.1,0.01,41.0,66.73,4.23585,-3.96979,0.68684,0.00012,0.10386
7599.68,BTC-27DEC19,1572001143674,open,0.04,1052.8,0.013,0.0515,0.0302284,70.11,0.031,0.0,BTC-27DEC19-6000-P,7590.25,67.96,0.028,35.8,0.0325,19.0,72.26,7.95495,-4.43525,-2.60959,0.00011,-0.16911
7599.68,BTC-27DEC19,1572001143676,open,0.04,1052.8,0.013,0.0515,0.0302284,70.11,0.031,0.0,BTC-27DEC19-6000-P,7590.25,67.96,0.028,35.8,0.0325,37.8,72.26,7.95495,-4.43525,-2.60959,0.00011,-0.16911
164.55,ETH-27DEC19,1572001143707,open,0.62,946.0,0.543,0.658,0.598756,83.36,0.3,0.0,ETH-27DEC19-260-P,164.72,0.0,0.0,0.0,0.0,0.0,0.0,0.14078,-0.09332,-0.41768,0.00362,-0.87476
165.49,ETH-27MAR20,1572001143707,open,0.28,0.0,0.233,0.323,0.281906,82.87,None,0.0,ETH-27MAR20-140-C,164.72,77.43,0.27,255.0,0.293,255.0,87.93,0.36232,-0.09756,0.30495,0.00379,0.71901
165.49,ETH-27MAR20,1572001143707,open,0.44,0.0,0.406,0.471,0.440562,87.87,None,0.0,ETH-27MAR20-100-C,164.72,0.0,0.0,0.0,0.0,0.0,0.0,0.21666,-0.06186,0.30563,0.00214,0.87864
165.49,ETH-27MAR20,1572001143707,open,0.05,30.0,0.022,0.07,0.044864,87.9,0.052,0.0,ETH-27MAR20-100-P,164.72,84.91,0.041,295.0,0.05,615.0,91.76,0.21671,-0.06189,-0.116,0.00214,-0.1214
164.55,ETH-27DEC19,1572001143707,open,0.0,9302.0,0.001,0.012,0.002024,119.92,0.002,0.0,ETH-27DEC19-560-C,164.72,110.9,0.001,2360.0,0.003,300.0,125.81,0.0236,-0.02251,0.00325,0.00042,0.01349
164.55,ETH-27DEC19,1572001143707,open,0.0,12510.0,0.001,0.011,0.000636,120.0,0.002,0.0,ETH-27DEC19-680-C,164.72,0.0,0.0,0.0,0.003,460.0,141.58,0.00928,-0.00886,0.00114,0.00017,0.00466
165.49,ETH-27MAR20,1572001143707,open,0.07,1359.0,0.034,0.109,0.070629,88.24,0.077,0.0,ETH-27MAR20-280-C,164.72,83.61,0.061,292.0,0.076,292.0,90.75,0.35121,-0.10071,0.13485,0.00345,0.26391
165.5,ETH-27MAR20,1572001143707,open,0.02,1150.0,0.007,0.049,0.023863,101.25,0.035,0.0,ETH-27MAR20-480-C,164.72,99.56,0.022,200.0,0.025,240.0,102.25,0.1863,-0.06129,0.05197,0.00159,0.09835
165.5,ETH-27MAR20,1572001143707,open,0.03,1036.0,0.012,0.063,0.034192,96.73,0.04,0.0,ETH-27MAR20-400-C,164.72,90.63,0.026,300.0,0.04,300.0,100.65,0.23641,-0.07431,0.07217,0.00212,0.13763
164.55,ETH-27DEC19,1572001143707,open,0.0,5714.0,0.001,0.011,0.00044,120.0,0.002,0.0,ETH-27DEC19-720-C,164.72,0.0,0.0,0.0,0.002,300.0,139.43,0.00684,-0.00653,0.00082,0.00012,0.00332
164.55,ETH-27DEC19,1572001143707,open,0.0,11184.0,0.001,0.013,0.003047,119.9,0.003,0.0,ETH-27DEC19-520-C,164.72,113.79,0.002,2160.0,0.004,300.0,124.3,0.03242,-0.03091,0.00467,0.00058,0.01954
165.5,ETH-27MAR20,1572001143707,open,0.28,0.0,0.208,0.327,0.269734,83.61,None,0.0,ETH-27MAR20-180-P,164.72,79.06,0.258,160.0,0.279,460.0,87.22,0.42578,-0.11568,-0.50463,0.00441,-0.45353
164.55,ETH-27DEC19,1572001143707,open,0.01,1335.0,0.001,0.023,0.009267,93.18,0.009,0.0,ETH-27DEC19-320-C,164.72,90.63,0.008,305.0,0.01,320.0,94.57,0.08499,-0.06298,0.01536,0.00196,0.06346
165.5,ETH-27MAR20,1572001143707,open,0.02,930.0,0.004,0.037,0.016355,103.54,0.017,0.0,ETH-27MAR20-560-C,164.72,99.43,0.013,300.0,0.019,240.0,106.45,0.14402,-0.04845,0.03731,0.0012,0.06983
164.55,ETH-27DEC19,1572001143707,open,0.01,3952.0,0.002,0.024,0.011234,88.12,0.015,0.0,ETH-27DEC19-100-P,164.72,85.6,0.01,460.0,0.013,160.0,91.52,0.08264,-0.05791,-0.02054,0.00201,-0.06122
164.55,ETH-27DEC19,1572001143707,open,0.29,3412.0,0.221,0.323,0.272804,76.56,0.301,0.0,ETH-27DEC19-200-P,164.72,47.64,0.234,2.0,0.311,2.0,101.11,0.24566,-0.14957,-0.2688,0.00688,-0.67547
165.5,ETH-27MAR20,1572001143707,open,0.18,0.0,0.13,0.227,0.18199,83.56,None,0.0,ETH-27MAR20-180-C,164.72,78.91,0.17,267.0,0.19,567.0,86.68,0.42579,-0.11562,0.25423,0.00441,0.54637
165.5,ETH-27MAR20,1572001143707,open,0.04,578.0,0.014,0.069,0.038894,92.05,0.039,0.0,ETH-27MAR20-360-C,164.72,88.16,0.033,300.0,0.043,260.0,94.61,0.25965,-0.07766,0.08332,0.00244,0.15832
164.55,ETH-27DEC19,1572001143707,open,0.0,10233.0,0.001,0.014,0.004818,104.07,0.004,0.0,ETH-27DEC19-400-C,164.72,101.22,0.004,160.0,0.007,460.0,110.41,0.05008,-0.04145,0.00794,0.00103,0.03284
164.55,ETH-27DEC19,1572001143707,open,0.03,6465.0,0.01,0.047,0.026736,81.16,0.037,0.0,ETH-27DEC19-120-P,164.72,79.21,0.025,455.0,0.029,160.0,83.65,0.14786,-0.09543,-0.04569,0.00391,-0.13444
165.5,ETH-27MAR20,1572001143707,open,0.02,2444.0,0.005,0.043,0.020146,102.95,0.021,0.0,ETH-27MAR20-520-C,164.72,100.74,0.018,50.0,0.021,240.0,103.8,0.16579,-0.05546,0.04458,0.00139,0.08404
165.5,ETH-27MAR20,1572001143707,open,0.03,956.0,0.008,0.051,0.025402,96.73,0.032,0.0,ETH-27MAR20-440-C,164.72,90.98,0.019,300.0,0.029,260.0,99.64,0.19805,-0.06225,0.05691,0.00177,0.10698
164.55,ETH-27DEC19,1572001143707,open,0.02,3648.0,0.005,0.038,0.018689,83.36,0.022,0.0,ETH-27DEC19-260-C,164.72,82.55,0.018,160.0,0.021,780.0,85.99,0.14078,-0.09332,0.0302,0.00362,0.12524
165.5,ETH-27MAR20,1572001143707,open,0.22,732.0,0.172,0.267,0.223666,82.09,0.231,0.0,ETH-27MAR20-160-C,164.72,78.56,0.215,261.0,0.236,561.0,87.12,0.40599,-0.10829,0.28299,0.00428,0.62926
164.55,ETH-27DEC19,1572001143708,open,0.01,1163.0,0.002,0.026,0.011479,90.19,0.01,0.0,ETH-27DEC19-300-C,164.72,87.66,0.01,305.0,0.013,780.0,92.62,0.09982,-0.07159,0.01892,0.00237,0.07822
165.5,ETH-27MAR20,1572001143707,open,0.14,1356.0,0.096,0.19,0.146062,83.7,0.14,0.0,ETH-27MAR20-200-C,164.72,80.18,0.137,273.0,0.155,573.0,87.15,0.42743,-0.11624,0.22561,0.00442,0.46942
164.55,ETH-27DEC19,1572001143708,open,0.2,2605.0,0.135,0.228,0.182803,75.65,0.19,0.0,ETH-27DEC19-180-P,164.72,73.33,0.179,96.0,0.189,436.0,79.42,0.27021,-0.16255,-0.20807,0.00766,-0.55125
165.5,ETH-27MAR20,1572001143707,open,0.14,0.0,0.083,0.171,0.127929,82.9,None,0.0,ETH-27MAR20-140-P,164.72,80.19,0.122,263.0,0.137,263.0,87.04,0.36233,-0.0976,-0.28528,0.00378,-0.28096
164.55,ETH-27DEC19,1572001143708,open,0.06,2647.0,0.03,0.087,0.057854,77.32,0.075,0.0,ETH-27DEC19-140-P,164.72,75.17,0.055,402.0,0.061,128.0,79.68,0.21857,-0.13439,-0.08822,0.00606,-0.25337
164.55,ETH-27DEC19,1572001143707,open,0.0,9932.0,0.001,0.014,0.004717,112.4,0.005,0.0,ETH-27DEC19-440-C,164.72,109.75,0.004,1000.0,0.005,300.0,113.37,0.04696,-0.04197,0.00728,0.0009,0.03038
164.55,ETH-27DEC19,1572001143708,open,0.0,14654.0,0.001,0.011,0.000928,120.0,0.002,0.0,ETH-27DEC19-640-C,164.72,120.91,0.001,2260.0,0.003,300.0,136.71,0.01264,-0.01206,0.00161,0.00023,0.0066
164.55,ETH-27DEC19,1572001143708,open,0.12,11328.0,0.07,0.148,0.109684,75.65,0.113,0.0,ETH-27DEC19-160-P,164.72,73.36,0.106,338.0,0.114,96.0,78.34,0.26432,-0.15901,-0.14525,0.00749,-0.40273
164.55,ETH-27DEC19,1572001143707,open,0.0,5563.0,0.001,0.013,0.003787,116.5,0.004,0.0,ETH-27DEC19-480-C,164.72,112.92,0.003,1000.0,0.005,460.0,121.16,0.03896,-0.03609,0.00581,0.00072,0.02429
166.43,SYN.ETH-26JUN20,1572001143707,open,0.47,0.0,0.434,0.509,0.474448,87.58,None,0.0,ETH-26JUN20-100-C,164.72,0.0,0.0,0.0,0.0,0.0,0.0,0.30719,-0.05493,0.42762,0.00189,0.85742
164.56,ETH-27DEC19,1572001143708,open,0.01,1086.0,0.001,0.017,0.006144,98.02,0.007,0.0,ETH-27DEC19-360-C,164.72,94.79,0.005,160.0,0.008,780.0,102.56,0.06198,-0.04831,0.01034,0.00136,0.04264
164.56,ETH-27DEC19,1572001143708,open,0.0,4214.0,0.001,0.011,0.000308,120.0,0.001,0.0,ETH-27DEC19-760-C,164.72,0.0,0.0,0.0,0.002,315.0,143.56,0.00507,-0.00483,0.00059,9e-05,0.00238
164.56,ETH-27DEC19,1572001143708,open,0.0,16758.0,0.001,0.011,0.001367,120.0,0.002,0.0,ETH-27DEC19-600-C,164.72,116.09,0.001,2160.0,0.003,300.0,131.47,0.01728,-0.01649,0.00228,0.00031,0.00942
164.56,ETH-27DEC19,1572001143708,open,0.39,2748.0,0.321,0.429,0.375129,78.57,0.406,0.0,ETH-27DEC19-220-P,164.72,57.73,0.352,2.0,0.412,2.0,104.93,0.20915,-0.13068,-0.32362,0.00571,-0.76648
165.5,ETH-27MAR20,1572001143708,open,0.08,1220.0,0.045,0.113,0.078865,84.42,0.091,0.0,ETH-27MAR20-120-P,164.72,81.68,0.074,281.0,0.086,281.0,88.38,0.29602,-0.0812,-0.19089,0.00304,-0.19473
165.5,ETH-27MAR20,1572001143708,open,0.54,19.0,0.514,0.563,0.539156,92.85,0.542,0.0,ETH-27MAR20-80-C,164.72,0.0,0.07,20.0,0.0,0.0,0.0,0.13768,-0.04154,0.27557,0.00128,0.93412
164.69,SYN.ETH-1NOV19,1572001143706,open,0.0,342.0,0.001,0.011,0.000773,69.03,0.001,0.0,ETH-1NOV19-200-C,164.72,0.0,0.0,0.0,0.002,220.0,81.05,0.01213,-0.06091,0.00068,0.00344,0.0226
164.69,SYN.ETH-1NOV19,1572001143707,open,0.0,99.0,0.001,0.011,0.00074,95.85,0.001,0.0,ETH-1NOV19-220-C,164.72,0.0,0.0,0.0,0.002,520.0,111.58,0.00923,-0.06433,0.00049,0.00188,0.01637
166.43,SYN.ETH-26JUN20,1572001143707,open,2.44,0.0,2.282,2.531,2.402032,96.62,None,0.0,ETH-26JUN20-560-P,164.72,0.0,0.0,0.0,0.0,0.0,0.0,0.2848,-0.05619,-3.65603,0.00159,-0.87232
166.43,SYN.ETH-26JUN20,1572001143707,open,0.21,0.0,0.149,0.26,0.208996,85.07,None,0.0,ETH-26JUN20-200-C,164.72,84.76,0.208,272.0,0.224,150.0,89.68,0.54189,-0.09412,0.3626,0.00343,0.53374
165.5,ETH-27MAR20,1572001143708,open,0.02,826.0,0.009,0.04,0.022592,92.92,0.03,0.0,ETH-27MAR20-80-P,164.72,89.73,0.02,302.0,0.026,320.0,96.9,0.13781,-0.04161,-0.06178,0.00128,-0.06596
164.56,ETH-27DEC19,1572001143708,open,0.2,19.0,0.168,0.241,0.207049,77.3,0.205,0.0,ETH-27DEC19-140-C,164.72,73.47,0.202,233.0,0.213,233.0,81.75,0.21854,-0.13433,0.15298,0.00606,0.74673
165.5,ETH-27MAR20,1572001143709,open,0.37,991.0,0.288,0.417,0.354648,83.74,0.392,0.0,ETH-27MAR20-200-P,164.72,0.0,0.0,0.0,0.367,300.0,88.52,0.42745,-0.11631,-0.61753,0.00442,-0.53043
165.5,ETH-27MAR20,1572001143709,open,0.2,3734.0,0.136,0.241,0.190492,82.11,0.21,0.0,ETH-27MAR20-160-P,164.72,79.47,0.184,226.0,0.195,500.0,83.95,0.40598,-0.10832,-0.39156,0.00428,-0.37072
164.56,ETH-27DEC19,1572001143708,open,0.01,936.0,0.001,0.019,0.00721,95.04,0.007,0.0,ETH-27DEC19-340-C,164.72,92.06,0.006,160.0,0.009,160.0,98.93,0.07071,-0.05344,0.0122,0.0016,0.05024
165.5,ETH-27MAR20,1572001143709,open,0.02,5462.0,0.005,0.046,0.021201,113.02,0.016,0.0,ETH-27MAR20-600-C,164.72,107.33,0.016,38.0,0.025,300.0,116.69,0.16354,-0.06006,0.04279,0.00125,0.08253
165.5,ETH-27MAR20,1572001143709,open,0.35,40.0,0.311,0.39,0.353745,84.39,0.459,0.0,ETH-27MAR20-120-C,164.72,0.0,0.096,1.0,0.0,0.0,0.0,0.296,-0.08117,0.31505,0.00304,0.80529
164.56,ETH-27DEC19,1572001143709,open,0.01,895.0,0.001,0.015,0.005435,101.2,0.025,0.0,ETH-27DEC19-380-C,164.72,96.54,0.004,260.0,0.007,780.0,105.47,0.05565,-0.04478,0.00904,0.00118,0.03734
164.56,ETH-27DEC19,1572001143709,open,0.4,0.0,0.379,0.427,0.403516,88.05,None,0.0,ETH-27DEC19-100-C,164.72,0.0,0.0,0.0,0.0,0.0,0.0,0.08252,-0.05778,0.15177,0.00201,0.93891
164.56,ETH-27DEC19,1572001143709,open,0.01,1529.0,0.004,0.031,0.014248,86.59,0.015,0.0,ETH-27DEC19-280-C,164.72,84.8,0.013,160.0,0.016,460.0,88.98,0.11717,-0.08068,0.02344,0.0029,0.09694
164.56,ETH-27DEC19,1572001143709,open,0.03,5568.0,0.009,0.048,0.026291,80.9,0.03,0.0,ETH-27DEC19-240-C,164.72,79.66,0.025,128.0,0.029,747.0,83.44,0.17253,-0.111,0.04061,0.00457,0.16954
164.56,ETH-27DEC19,1572001143709,open,0.09,1372.0,0.053,0.122,0.08891,75.64,0.085,0.0,ETH-27DEC19-180-C,164.72,73.86,0.086,270.0,0.093,96.0,78.13,0.27023,-0.16254,0.10202,0.00766,0.44879
164.56,ETH-27DEC19,1572001143709,open,0.04,6005.0,0.015,0.064,0.03815,78.51,0.041,0.0,ETH-27DEC19-220-C,164.72,76.8,0.036,128.0,0.041,128.0,80.73,0.20902,-0.1305,0.05531,0.00571,0.23326
164.56,ETH-27DEC19,1572001143709,open,0.29,2.0,0.265,0.327,0.297475,81.13,0.346,0.0,ETH-27DEC19-120-C,164.72,0.0,0.101,1.0,0.0,0.0,0.0,0.14778,-0.09534,0.16107,0.0039,0.86568
164.62,SYN.ETH-29NOV19,1572001143707,open,0.01,378.0,0.001,0.023,0.010359,80.75,0.021,0.0,ETH-29NOV19-120-P,164.72,77.76,0.009,460.0,0.012,500.0,84.15,0.07712,-0.08928,-0.01454,0.00369,-0.08206
165.5,ETH-27MAR20,1572001143709,open,0.02,390.0,0.004,0.04,0.017534,113.01,0.014,0.0,ETH-27MAR20-640-C,164.72,95.39,0.006,300.0,0.017,240.0,112.39,0.14417,-0.05294,0.03656,0.0011,0.06993
166.43,SYN.ETH-26JUN20,1572001143707,open,0.28,5.0,0.228,0.335,0.286377,84.89,0.275,0.0,ETH-26JUN20-160-C,164.72,81.78,0.277,264.0,0.3,150.0,89.43,0.50115,-0.08687,0.41384,0.00318,0.65701
165.5,ETH-27MAR20,1572001143710,open,0.05,622.0,0.02,0.083,0.049349,88.96,0.055,0.0,ETH-27MAR20-320-C,164.72,84.75,0.042,297.0,0.056,557.0,92.56,0.29801,-0.08614,0.10294,0.0029,0.19689
164.62,SYN.ETH-29NOV19,1572001143707,open,0.03,1278.0,0.008,0.044,0.024092,70.23,0.024,0.0,ETH-29NOV19-200-C,164.72,69.02,0.023,128.0,0.027,348.0,73.4,0.14881,-0.14984,0.03008,0.00818,0.21531
164.69,SYN.ETH-1NOV19,1572001143707,open,0.01,854.0,0.001,0.02,0.00639,60.74,0.008,0.0,ETH-1NOV19-180-C,164.72,56.26,0.005,160.0,0.008,461.0,65.51,0.05336,-0.23572,0.00454,0.01719,0.15284
165.5,ETH-27MAR20,1572001143710,open,0.1,1227.0,0.055,0.141,0.099374,85.9,0.1,0.0,ETH-27MAR20-240-C,164.72,82.81,0.092,284.0,0.106,284.0,88.64,0.39768,-0.111,0.17429,0.00401,0.34918
164.69,SYN.ETH-1NOV19,1572001143707,open,0.0,1188.0,0.001,0.012,0.002194,64.88,0.003,0.0,ETH-1NOV19-190-C,164.72,55.89,0.001,209.0,0.004,500.0,74.31,0.02668,-0.12586,0.00177,0.00805,0.05929
164.67,SYN.ETH-8NOV19,1572001143707,open,0.02,32.0,0.004,0.036,0.017029,62.11,0.016,0.0,ETH-8NOV19-180-C,164.72,58.79,0.015,160.0,0.019,171.0,65.25,0.10205,-0.22838,0.01459,0.01594,0.25007
164.69,SYN.ETH-1NOV19,1572001143706,open,0.29,0.0,0.239,0.317,0.276268,88.55,None,0.0,ETH-1NOV19-210-P,164.72,0.0,0.0,0.0,0.0,0.0,0.0,0.01376,-0.08863,-0.03878,0.00304,-0.97374
166.43,SYN.ETH-26JUN20,1572001143707,open,0.02,0.0,0.008,0.034,0.019335,94.51,None,0.0,ETH-26JUN20-60-P,164.72,85.49,0.013,300.0,0.029,300.0,106.11,0.12712,-0.02453,-0.07082,0.00072,-0.0441
166.43,SYN.ETH-26JUN20,1572001143707,open,0.34,3.0,0.256,0.389,0.325792,84.99,0.333,0.0,ETH-26JUN20-180-P,164.72,82.23,0.317,160.0,0.341,150.0,89.79,0.52897,-0.09179,-0.81813,0.00335,-0.40692
164.62,SYN.ETH-29NOV19,1572001143707,open,0.0,384.0,0.001,0.012,0.002102,90.29,0.002,0.0,ETH-29NOV19-300-C,164.72,81.81,0.001,259.0,0.003,160.0,95.16,0.02688,-0.0348,0.00316,0.00115,0.02217
166.43,SYN.ETH-26JUN20,1572001143707,open,0.09,0.0,0.051,0.144,0.097371,88.76,None,0.0,ETH-26JUN20-320-C,164.72,85.4,0.088,290.0,0.109,150.0,92.81,0.47113,-0.08538,0.22186,0.00286,0.29607
166.43,SYN.ETH-26JUN20,1572001143708,open,0.03,10.0,0.012,0.069,0.037052,96.51,0.025,0.0,ETH-26JUN20-560-C,164.72,92.15,0.03,300.0,0.045,150.0,100.94,0.28404,-0.05597,0.10065,0.00158,0.12719
164.69,SYN.ETH-1NOV19,1572001143707,open,0.11,252.0,0.065,0.134,0.099402,60.95,0.114,0.0,ETH-1NOV19-180-P,164.72,62.76,0.1,40.0,0.106,40.0,78.77,0.05357,-0.23742,-0.02934,0.0172,-0.84629
166.43,SYN.ETH-26JUN20,1572001143707,open,0.08,0.0,0.043,0.108,0.075337,87.6,None,0.0,ETH-26JUN20-100-P,164.72,84.69,0.07,289.0,0.085,150.0,92.78,0.30722,-0.05495,-0.24334,0.00189,-0.1426
164.62,SYN.ETH-29NOV19,1572001143707,open,0.01,287.0,0.001,0.013,0.003998,80.34,0.004,0.0,ETH-29NOV19-260-C,164.72,76.5,0.003,460.0,0.006,161.0,86.59,0.04655,-0.05362,0.00614,0.00224,0.04306
164.69,SYN.ETH-1NOV19,1572001143707,open,0.0,126.0,0.001,0.012,0.002335,75.1,0.008,0.0,ETH-1NOV19-140-P,164.72,72.7,0.002,16.0,0.003,220.0,79.37,0.02399,-0.131,-0.00168,0.00625,-0.05182
164.67,SYN.ETH-8NOV19,1572001143707,open,0.01,187.0,0.001,0.022,0.0085,64.29,0.006,0.0,ETH-8NOV19-190-C,164.72,60.71,0.007,200.0,0.01,201.0,67.63,0.0716,-0.16588,0.00826,0.0108,0.1404
166.43,SYN.ETH-26JUN20,1572001143707,open,2.2,0.0,2.052,2.289,2.16651,95.36,None,0.0,ETH-26JUN20-520-P,164.72,0.0,0.0,0.0,0.0,0.0,0.0,0.30742,-0.05986,-3.37624,0.00173,-0.85726
164.69,SYN.ETH-1NOV19,1572001143706,open,0.17,149.0,0.121,0.193,0.155929,65.31,0.101,0.0,ETH-1NOV19-190-P,164.72,0.0,0.0,0.0,0.0,0.0,0.0,0.02713,-0.12885,-0.03398,0.00813,-0.93942
164.62,SYN.ETH-29NOV19,1572001143707,open,0.25,0.0,0.195,0.283,0.239075,70.31,None,0.0,ETH-29NOV19-200-P,164.72,0.0,0.0,0.0,0.0,0.0,0.0,0.14894,-0.15015,-0.16098,0.00818,-0.78435
166.43,SYN.ETH-26JUN20,1572001143707,open,0.61,0.0,0.518,0.68,0.601364,86.67,None,0.0,ETH-26JUN20-240-P,164.72,0.0,0.0,0.0,0.622,1.0,93.04,0.53686,-0.09501,-1.30102,0.00333,-0.56383
164.62,SYN.ETH-29NOV19,1572001143707,open,0.01,778.0,0.001,0.017,0.006554,76.16,0.006,0.0,ETH-29NOV19-240-C,164.72,74.78,0.006,460.0,0.008,220.0,79.5,0.06754,-0.07375,0.00982,0.00342,0.06896
166.43,SYN.ETH-26JUN20,1572001143707,open,0.19,0.0,0.125,0.229,0.179026,85.16,None,0.0,ETH-26JUN20-140-P,164.72,82.59,0.172,258.0,0.192,150.0,89.91,0.45515,-0.07914,-0.50735,0.00288,-0.27536
164.69,SYN.ETH-1NOV19,1572001143706,open,0.14,40.0,0.125,0.178,0.152214,74.74,0.127,0.0,ETH-1NOV19-140-C,164.72,0.0,0.0,0.0,0.0,0.0,0.0,0.0237,-0.12884,0.02472,0.00621,0.94894
164.62,SYN.ETH-29NOV19,1572001143707,open,0.08,174.0,0.04,0.104,0.070297,68.88,0.077,0.0,ETH-29NOV19-160-P,164.72,67.8,0.069,96.0,0.076,246.0,73.64,0.19723,-0.19477,-0.07478,0.01106,-0.40509
166.43,SYN.ETH-26JUN20,1572001143707,open,0.04,0.0,0.02,0.065,0.041675,90.3,None,0.0,ETH-26JUN20-80-P,164.72,87.43,0.038,300.0,0.048,150.0,95.08,0.21563,-0.03976,-0.14354,0.00128,-0.08688
164.67,SYN.ETH-8NOV19,1572001143707,open,0.01,200.0,0.001,0.021,0.008016,72.25,0.009,0.0,ETH-8NOV19-140-P,164.72,69.42,0.007,200.0,0.01,500.0,77.4,0.06065,-0.15791,-0.00743,0.00814,-0.11071
164.62,SYN.ETH-29NOV19,1572001143709,open,0.48,0.0,0.418,0.514,0.464534,76.38,None,0.0,ETH-29NOV19-240-P,164.72,0.0,0.0,0.0,0.0,0.0,0.0,0.06803,-0.0745,-0.21942,0.00344,-0.93039
166.43,SYN.ETH-26JUN20,1572001143707,open,0.06,0.0,0.029,0.107,0.065949,91.43,None,0.0,ETH-26JUN20-400-C,164.72,88.0,0.058,297.0,0.075,150.0,95.14,0.39599,-0.07392,0.16403,0.00233,0.21286
164.67,SYN.ETH-8NOV19,1572001143707,open,0.06,0.0,0.033,0.091,0.063111,62.09,None,0.0,ETH-8NOV19-160-C,164.72,55.19,0.058,264.0,0.065,120.0,64.62,0.12251,-0.27409,0.03469,0.01914,0.61731
166.43,SYN.ETH-26JUN20,1572001143707,open,0.15,0.0,0.102,0.21,0.159229,86.65,None,0.0,ETH-26JUN20-240-C,164.72,85.02,0.154,279.0,0.172,150.0,90.59,0.53684,-0.09498,0.3091,0.00333,0.43606
164.67,SYN.ETH-8NOV19,1572001143707,open,0.1,0.0,0.074,0.135,0.106002,66.18,None,0.0,ETH-8NOV19-150-C,164.72,55.09,0.1,40.0,0.106,40.0,66.17,0.09391,-0.22395,0.04248,0.01377,0.78462
166.43,SYN.ETH-26JUN20,1572001143707,open,0.4,0.0,0.351,0.441,0.39979,85.82,None,0.0,ETH-26JUN20-120-C,164.72,0.0,0.0,0.0,0.43,150.0,98.67,0.38959,-0.06827,0.43901,0.00244,0.79297
164.69,SYN.ETH-1NOV19,1572001143706,open,0.0,0.0,0.001,0.011,0.000413,99.8,None,0.0,ETH-1NOV19-120-P,164.72,0.0,0.0,0.0,0.001,220.0,112.94,0.00531,-0.03855,-0.00028,0.00104,-0.00866
166.43,SYN.ETH-26JUN20,1572001143707,open,0.56,0.0,0.53,0.589,0.560964,90.28,None,0.0,ETH-26JUN20-80-C,164.72,0.0,0.0,0.0,0.0,0.0,0.0,0.21558,-0.03974,0.39323,0.00128,0.91314
164.69,SYN.ETH-1NOV19,1572001143706,open,0.09,120.0,0.065,0.123,0.095493,64.37,0.093,0.0,ETH-1NOV19-150-C,164.72,38.58,0.09,40.0,0.096,40.0,66.04,0.04914,-0.23001,0.02387,0.01494,0.86475
166.43,SYN.ETH-26JUN20,1572001143707,open,0.65,0.0,0.638,0.679,0.658801,94.48,None,0.0,ETH-26JUN20-60-C,164.72,0.0,0.0,0.0,0.0,0.0,0.0,0.12706,-0.02451,0.33176,0.00072,0.95593
164.62,SYN.ETH-29NOV19,1572001143709,open,0.0,1706.0,0.001,0.014,0.004137,94.82,0.005,0.0,ETH-29NOV19-100-P,164.72,89.28,0.003,163.0,0.006,460.0,102.3,0.03686,-0.0501,-0.00574,0.0015,-0.03235
164.69,SYN.ETH-1NOV19,1572001143707,open,0.0,101.0,0.001,0.011,0.001087,87.6,0.001,0.0,ETH-1NOV19-210-C,164.72,0.0,0.0,0.0,0.002,500.0,96.92,0.01318,-0.08396,0.00074,0.00294,0.02493
164.62,SYN.ETH-29NOV19,1572001143708,open,0.6,0.0,0.535,0.636,0.583477,80.68,None,0.0,ETH-29NOV19-260-P,164.72,0.0,0.0,0.0,0.0,0.0,0.0,0.04721,-0.0546,-0.24218,0.00226,-0.95618
166.43,SYN.ETH-26JUN20,1572001143707,open,0.05,10.0,0.023,0.094,0.055763,92.7,0.041,0.0,ETH-26JUN20-440-C,164.72,89.02,0.048,299.0,0.065,150.0,96.81,0.36248,-0.06861,0.14303,0.0021,0.18386
164.69,SYN.ETH-1NOV19,1572001143707,open,0.01,539.0,0.001,0.02,0.006337,64.55,0.013,0.0,ETH-1NOV19-150-P,164.72,59.89,0.005,201.0,0.008,201.0,69.88,0.0493,-0.23141,-0.00441,0.01495,-0.13588
166.43,SYN.ETH-26JUN20,1572001143707,open,0.05,0.0,0.018,0.084,0.048031,94.01,None,0.0,ETH-26JUN20-480-C,164.72,90.37,0.041,300.0,0.056,150.0,97.86,0.33299,-0.06392,0.1261,0.00191,0.16097
164.62,SYN.ETH-29NOV19,1572001143710,open,0.72,0.0,0.652,0.759,0.70355,84.75,None,0.0,ETH-29NOV19-280-P,164.72,0.0,0.0,0.0,0.0,0.0,0.0,0.03361,-0.04084,-0.26341,0.00153,-0.97105
164.69,SYN.ETH-1NOV19,1572001143707,open,0.23,0.0,0.18,0.253,0.215231,70.0,None,0.0,ETH-1NOV19-200-P,164.72,0.0,0.0,0.0,0.0,0.0,0.0,0.01286,-0.06545,-0.03695,0.0036,-0.97579
164.69,SYN.ETH-1NOV19,1572001143707,open,0.2,0.0,0.187,0.235,0.211419,84.23,None,0.0,ETH-1NOV19-130-C,164.72,0.0,0.0,0.0,0.0,0.0,0.0,0.00986,-0.06039,0.02392,0.00229,0.98231
164.62,SYN.ETH-29NOV19,1572001143707,open,0.37,0.0,0.304,0.396,0.348706,73.16,None,0.0,ETH-29NOV19-220-P,164.72,0.0,0.0,0.0,0.0,0.0,0.0,0.10249,-0.1075,-0.19309,0.00541,-0.87883
164.62,SYN.ETH-29NOV19,1572001143708,open,0.39,0.0,0.375,0.417,0.396645,94.65,None,0.0,ETH-29NOV19-100-C,164.72,0.0,0.0,0.0,0.0,0.0,0.0,0.03667,-0.04976,0.08985,0.0015,0.96784
166.43,SYN.ETH-26JUN20,1572001143707,open,0.33,50.0,0.283,0.383,0.337781,85.14,0.325,0.0,ETH-26JUN20-140-C,164.72,81.94,0.329,261.0,0.341,40.0,86.32,0.45516,-0.07913,0.43195,0.00288,0.72463
164.69,SYN.ETH-1NOV19,1572001143707,open,0.35,0.0,0.298,0.379,0.336644,97.25,None,0.0,ETH-1NOV19-220-P,164.72,0.0,0.0,0.0,0.0,0.0,0.0,0.00989,-0.06993,-0.04092,0.00199,-0.98225
164.62,SYN.ETH-29NOV19,1572001143707,open,0.17,1.0,0.145,0.208,0.178466,73.19,0.289,0.0,ETH-29NOV19-140-C,164.72,0.0,0.0,0.0,0.0,0.0,0.0,0.14395,-0.15105,0.09721,0.0076,0.7965
164.67,SYN.ETH-8NOV19,1572001143707,open,0.03,21.0,0.012,0.059,0.03457,62.1,0.03,0.0,ETH-8NOV19-170-C,164.72,56.08,0.03,331.0,0.036,120.0,63.98,0.1255,-0.28083,0.02412,0.0196,0.41984
164.62,SYN.ETH-29NOV19,1572001143710,open,0.0,116.0,0.001,0.012,0.002573,84.24,0.012,0.0,ETH-29NOV19-280-C,164.72,81.13,0.002,160.0,0.004,160.0,90.44,0.03278,-0.03959,0.00401,0.0015,0.02809
166.43,SYN.ETH-26JUN20,1572001143707,open,0.08,0.0,0.038,0.122,0.078924,89.95,None,0.0,ETH-26JUN20-360-C,164.72,86.44,0.07,294.0,0.09,150.0,94.12,0.43191,-0.07932,0.18946,0.00258,0.24861
166.43,SYN.ETH-26JUN20,1572001143709,open,0.12,0.0,0.071,0.172,0.123201,87.72,None,0.0,ETH-26JUN20-280-C,164.72,86.01,0.118,285.0,0.136,150.0,91.87,0.50882,-0.09113,0.26175,0.00312,0.35762
164.69,SYN.ETH-1NOV19,1572001143706,open,0.0,206.0,0.001,0.011,0.000817,85.02,0.002,0.0,ETH-1NOV19-130-P,164.72,0.0,0.0,0.0,0.002,200.0,99.06,0.01025,-0.06335,-0.0006,0.00236,-0.01851
164.62,SYN.ETH-29NOV19,1572001143708,open,0.03,2419.0,0.011,0.051,0.028954,73.25,0.0319,0.0,ETH-29NOV19-140-P,164.72,73.3,0.029,4.0,0.031,128.0,75.57,0.14401,-0.15123,-0.03659,0.00759,-0.20364
166.43,SYN.ETH-26JUN20,1572001143707,open,0.24,0.0,0.184,0.294,0.244191,84.97,None,0.0,ETH-26JUN20-180-C,164.72,84.28,0.242,268.0,0.258,150.0,89.32,0.52898,-0.09177,0.3895,0.00335,0.59303
166.43,SYN.ETH-26JUN20,1572001143707,open,0.03,29.0,0.01,0.061,0.031234,96.51,0.027,0.0,ETH-26JUN20-600-C,164.72,89.95,0.022,300.0,0.035,8.0,98.88,0.25616,-0.05048,0.08784,0.00143,0.1099
164.62,SYN.ETH-29NOV19,1572001143708,open,0.01,1402.0,0.003,0.027,0.012224,73.03,0.009,0.0,ETH-29NOV19-220-C,164.72,71.01,0.011,460.0,0.014,220.0,75.81,0.10219,-0.107,0.01706,0.0054,0.12067
164.62,SYN.ETH-29NOV19,1572001143707,open,0.0,0.0,0.001,0.011,0.001381,92.8,None,0.0,ETH-29NOV19-320-C,164.72,89.15,0.001,160.0,0.003,460.0,103.31,0.01912,-0.02544,0.00212,0.0008,0.01486
166.43,SYN.ETH-26JUN20,1572001143707,open,0.26,50.0,0.185,0.305,0.2478,84.91,0.255,0.0,ETH-26JUN20-160-P,164.72,83.32,0.243,218.0,0.262,150.0,89.64,0.50114,-0.08688,-0.65963,0.00318,-0.34296
166.43,SYN.ETH-26JUN20,1572001143707,open,0.13,0.0,0.077,0.162,0.120857,85.84,None,0.0,ETH-26JUN20-120-P,164.72,83.34,0.115,275.0,0.13,150.0,89.74,0.38959,-0.06829,-0.36611,0.00244,-0.20704
166.43,SYN.ETH-26JUN20,1572001143709,open,0.03,0.0,0.008,0.055,0.027516,97.25,None,0.0,ETH-26JUN20-640-C,164.72,90.62,0.019,300.0,0.036,150.0,102.81,0.23582,-0.04683,0.07876,0.0013,0.09805
166.43,SYN.ETH-26JUN20,1572001143707,open,0.04,10.0,0.015,0.076,0.041886,95.25,0.03,0.0,ETH-26JUN20-520-C,164.72,91.36,0.035,300.0,0.05,150.0,99.48,0.30677,-0.05967,0.11211,0.00173,0.14229
