underlying_price,underlying_index,timestamp,state,settlement_price,open_interest,min_price,max_price,mark_price,mark_iv,last_price,interest_rate,instrument_name,index_price,bid_iv,best_bid_price,best_bid_amount,best_ask_price,best_ask_amount,ask_iv,vega,theta,rho,gamma,delta
153.24,ETH-27MAR20,1574938740204,open,1.61,4.0,1.541,1.728,1.628664,101.01,2.048,0.0,ETH-27MAR20-400-P,151.1,0.0,1.573,7.0,1.666,7.0,131.39,0.13745,-0.05791,-1.27984,0.00176,-0.91434
154.58,SYN.ETH-26JUN20,1574938740265,open,0.37,142.0,0.316,0.418,0.368235,91.39,0.335,0.0,ETH-26JUN20-120-C,151.1,39.54,0.253,1.0,0.0,0.0,0.0,0.36383,-0.07884,0.3514,0.00288,0.76171
154.58,SYN.ETH-26JUN20,1574938740281,open,0.47,249.0,0.399,0.56,0.478596,91.36,0.601,0.0,ETH-26JUN20-200-P,151.11,19.94,0.297,1.0,0.499,1.0,98.09,0.4686,-0.1015,-0.88242,0.00372,-0.5095
153.25,ETH-27MAR20,1574938740286,open,0.5,20.0,0.47,0.52,0.494226,87.43,0.613,0.0,ETH-27MAR20-80-C,151.11,34.99,0.478,1.0,0.0,0.0,0.0,0.10575,-0.03856,0.22396,0.00157,0.93917
151.1,SYN.ETH-29NOV19,1574938740299,open,0.18,708.0,0.157,0.228,0.191257,0.0,0.169,0.0,ETH-29NOV19-180-P,151.11,0.0,0.171,20.0,0.202,1.0,314.95,0.0,0.0,-0.00432,0.0,-1.0
151.1,SYN.ETH-29NOV19,1574938740303,open,0.18,708.0,0.157,0.228,0.191257,0.0,0.169,0.0,ETH-29NOV19-180-P,151.11,0.0,0.17,20.0,0.202,1.0,314.95,0.0,0.0,-0.00432,0.0,-1.0
7604.23,BTC-27MAR20,1574938741152,open,0.2,51.3,0.1625,0.2435,0.19974687,71.98,0.203,0.0,BTC-27MAR20-7000-C,7480.95,59.26,0.173,7.0,0.2105,7.0,77.09,16.00371,-4.80465,11.44418,0.00012,0.65798
153.24,ETH-27MAR20,1574938741294,open,0.5,20.0,0.47,0.52,0.494226,87.52,0.613,0.0,ETH-27MAR20-80-C,151.1,0.0,0.477,1.0,0.0,0.0,0.0,0.10593,-0.03867,0.22386,0.00157,0.93904
7604.18,BTC-27MAR20,1574938742010,open,0.19,277.8,0.151,0.2445,0.19313087,71.19,0.1875,0.0,BTC-27MAR20-8000-P,7480.95,65.21,0.1795,5.0,0.221,5.0,83.45,17.33026,-5.146,-16.51811,0.00013,-0.46827
7484.53,SYN.BTC-6DEC19,1574938742173,open,0.02,357.3,0.0035,0.0365,0.01553957,67.89,0.015,0.0,BTC-6DEC19-8000-C,7480.95,63.62,0.0135,20.4,0.016,16.0,68.84,3.62361,-15.6186,0.40818,0.00044,0.26829
7481.35,SYN.BTC-29NOV19,1574938742195,open,0.04,373.4,0.013,0.0585,0.03526593,77.97,0.0415,0.0,BTC-29NOV19-7250-C,7480.95,64.14,0.0335,0.1,0.035,0.1,76.02,1.02596,-39.99806,0.13726,0.00098,0.79998
7494.06,BTC-27DEC19,1574938742200,open,2.99,0.2,2.925,3.085,3.00316808,0.0,2.51,0.0,BTC-27DEC19-30000-P,7480.95,0.0,0.0,0.0,0.0,0.0,0.0,0.0,0.0,-23.73345,0.0,-1.0
7714.38,SYN.BTC-26JUN20,1574938742270,open,2.89,0.0,2.8185,3.0125,2.90645846,96.91,None,0.0,BTC-26JUN20-30000-P,7480.95,0.0,0.0,0.0,0.0,0.0,0.0,7.87666,-1.80987,-170.98594,2e-05,-0.92996
7481.35,SYN.BTC-29NOV19,1574938742339,open,0.1,155.3,0.0795,0.1215,0.09865138,119.82,0.1045,0.0,BTC-29NOV19-6750-C,7480.95,0.0,0.0975,0.1,0.1005,0.1,152.64,0.29874,-17.8979,0.15508,0.00019,0.96263
7481.35,SYN.BTC-29NOV19,1574938742339,open,0.1,214.8,0.0815,0.1305,0.10352864,110.23,0.097,0.0,BTC-29NOV19-8250-P,7480.95,0.0,0.1025,0.1,0.106,0.1,149.67,0.29749,-16.39538,-0.1914,0.0002,-0.96282
7481.35,SYN.BTC-29NOV19,1574938742401,open,0.3,2.0,0.278,0.33,0.30324985,160.42,0.161,0.0,BTC-29NOV19-9750-P,7480.95,0.0,0.298,2.0,0.0,0.0,0.0,0.00569,-0.45615,-0.23384,0.0,-0.99957
7484.53,SYN.BTC-6DEC19,1574938742475,open,0.04,101.8,0.018,0.0665,0.03915163,64.99,0.039,0.0,BTC-6DEC19-7500-P,7480.95,62.17,0.0375,2.0,0.041,12.0,68.14,4.38454,-18.0901,-0.85389,0.00056,-0.48959
7714.38,SYN.BTC-26JUN20,1574938742509,open,3.15,0.0,3.072,3.2745,3.16412461,98.57,None,0.0,BTC-26JUN20-32000-P,7480.95,0.0,0.0,0.0,0.0,0.0,0.0,7.32197,-1.7113,-182.75108,2e-05,-0.93627
7604.2,BTC-27MAR20,1574938742541,open,3.72,0.0,3.642,3.8465,3.73806777,113.67,None,0.0,BTC-27MAR20-36000-P,7480.95,0.0,0.0,0.0,0.0,0.0,0.0,2.07879,-0.98562,-117.83872,1e-05,-0.98035
7481.35,SYN.BTC-29NOV19,1574938742548,open,0.07,997.9,0.0485,0.097,0.07067246,91.11,0.059,0.0,BTC-29NOV19-8000-P,7480.95,63.27,0.0695,0.1,0.0725,0.1,113.37,0.48926,-22.28937,-0.1797,0.0004,-0.93051
7604.2,BTC-27MAR20,1574938742567,open,0.11,290.9,0.07,0.1515,0.10593297,74.15,0.1135,0.0,BTC-27MAR20-9000-C,7480.95,72.85,0.103,1.3,0.107,9.1,74.63,17.09319,-5.28665,8.0176,0.00012,0.42697
7494.06,BTC-27DEC19,1574938742590,open,0.22,112.9,0.192,0.241,0.21479395,77.24,0.19,0.0,BTC-27DEC19-6000-C,7480.95,37.84,0.2,9.1,0.2355,9.0,107.47,4.43053,-5.92586,3.89159,0.00013,0.8712
7714.38,SYN.BTC-26JUN20,1574938742592,open,2.63,0.0,2.5655,2.751,2.64904619,95.06,None,0.0,BTC-26JUN20-28000-P,7480.95,0.0,0.0,0.0,0.0,0.0,0.0,8.5011,-1.91612,-159.18568,3e-05,-0.92261
7481.35,SYN.BTC-29NOV19,1574938742612,open,0.07,562.2,0.0455,0.0895,0.0661623,98.89,0.0795,0.0,BTC-29NOV19-7000-C,7480.95,79.15,0.065,0.1,0.067,0.1,109.28,0.55085,-27.23684,0.15304,0.00041,0.91882
7604.2,BTC-27MAR20,1574938742671,open,1.89,5.6,1.84,1.9815,1.90398148,98.59,1.545,0.0,BTC-27MAR20-22000-P,7480.95,0.0,0.0,0.0,0.0,0.0,0.0,4.8517,-1.99515,-71.14966,3e-05,-0.94494
7481.35,SYN.BTC-29NOV19,1574938742680,open,0.0,468.6,0.0005,0.0105,0.0,120.0,0.0005,0.0,BTC-29NOV19-12000-C,7480.95,0.0,0.0,0.0,0.0005,0.4,387.86,0.0,0.0,0.0,0.0,0.0
7604.2,BTC-27MAR20,1574938742683,open,0.01,137.6,0.0005,0.0225,0.00578869,108.77,0.006,0.0,BTC-27MAR20-30000-C,7480.95,105.12,0.0045,41.0,0.007,35.0,111.74,2.91344,-1.32178,0.58894,1e-05,0.02937
7494.06,BTC-27DEC19,1574938742683,open,0.0,832.1,0.0005,0.0105,0.00021477,120.0,0.001,0.0,BTC-27DEC19-3000-P,7480.95,0.0,0.0,0.0,0.001,17.0,143.33,0.13249,-0.2753,-0.01302,0.0,-0.00198
7484.53,SYN.BTC-6DEC19,1574938742685,open,0.01,80.8,0.0005,0.022,0.00634222,72.21,0.007,0.0,BTC-6DEC19-8500-C,7480.95,67.57,0.005,40.0,0.007,20.0,74.33,2.27333,-10.4216,0.19292,0.00026,0.1258
7714.38,SYN.BTC-26JUN20,1574938742685,open,1.37,1.9,1.307,1.4555,1.37300291,83.58,1.35,0.0,BTC-26JUN20-18000-P,7480.95,0.0,1.31,0.1,1.5,0.1,135.06,13.96177,-2.76702,-98.8625,5e-05,-0.84518
7714.38,SYN.BTC-26JUN20,1574938742685,open,0.01,118.9,0.0005,0.0205,0.00861226,78.3,0.0085,0.0,BTC-26JUN20-3000-P,7480.95,73.88,0.0065,32.0,0.0105,31.0,81.79,3.96231,-0.73566,-1.70984,1e-05,-0.02975
7484.53,SYN.BTC-6DEC19,1574938742688,open,0.14,0.0,0.116,0.1725,0.1420259,72.23,0.219,0.0,BTC-6DEC19-8500-P,7480.95,0.0,0.0,0.0,0.0,0.0,0.0,2.2744,-10.4299,-1.64102,0.00026,-0.87411
7494.06,BTC-27DEC19,1574938742693,open,5.91,0.8,5.803,6.08,5.93881963,0.0,3.59,0.0,BTC-27DEC19-52000-P,7480.95,0.0,0.001,1.0,0.0,0.0,0.0,0.0,0.0,-41.13798,0.0,-1.0
7481.35,SYN.BTC-29NOV19,1574938742693,open,0.66,0.0,0.6385,0.7045,0.67083308,299.49,None,0.0,BTC-29NOV19-12500-P,7480.95,0.0,0.0,0.0,0.0,0.0,0.0,0.00413,-0.61901,-0.29984,0.0,-0.99969
7494.06,BTC-27DEC19,1574938742695,open,0.6,11.0,0.59,0.6095,0.59989824,120.03,0.5835,0.0,BTC-27DEC19-3000-C,7480.95,0.0,0.593,13.0,0.607,13.0,198.83,0.13273,-0.27586,2.3603,0.0,0.99802
7494.06,BTC-27DEC19,1574938742699,open,0.03,1020.4,0.0095,0.0485,0.02426152,74.68,0.025,0.0,BTC-27DEC19-9000-C,7480.95,73.16,0.023,12.8,0.025,17.9,75.56,6.2677,-8.10539,1.17016,0.00019,0.22164
7604.2,BTC-27MAR20,1574938742699,open,0.39,139.4,0.3445,0.452,0.39309747,75.38,0.407,0.0,BTC-27MAR20-10000-P,7480.95,59.55,0.3615,0.9,0.447,16.1,100.07,15.93101,-5.00895,-26.35082,0.00011,-0.66202
7484.53,SYN.BTC-6DEC19,1574938742699,open,0.27,0.2,0.2505,0.286,0.26664878,109.97,0.175,0.0,BTC-6DEC19-5500-C,7480.95,0.0,0.255,7.0,0.278,7.0,177.11,0.60792,-4.24422,1.14653,5e-05,0.9766
7714.38,SYN.BTC-26JUN20,1574938742699,open,0.65,8.8,0.59,0.7255,0.65096376,78.03,0.783,0.0,BTC-26JUN20-12000-P,7480.95,0.0,0.175,0.2,2.0,1.0,500.0,21.15504,-3.91384,-59.01132,8e-05,-0.67307
7484.53,SYN.BTC-6DEC19,1574938742699,open,0.03,430.8,0.0075,0.048,0.02421143,66.15,0.0255,0.0,BTC-6DEC19-7750-C,7480.95,62.18,0.022,17.5,0.0245,16.0,66.67,4.18013,-17.55571,0.57174,0.00052,0.37824
7484.53,SYN.BTC-6DEC19,1574938742702,open,0.2,0.0,0.1795,0.2365,0.20570458,80.04,None,0.0,BTC-6DEC19-9000-P,7480.95,0.0,0.0,0.0,0.0,0.0,0.0,1.40367,-7.13258,-1.84125,0.00015,-0.93442
7484.53,SYN.BTC-6DEC19,1574938742709,open,0.27,0.0,0.245,0.3025,0.27118336,88.37,None,0.0,BTC-6DEC19-9500-P,7480.95,0.0,0.0,0.0,0.0,0.0,0.0,0.91232,-5.11824,-1.99123,9e-05,-0.96181
7494.06,BTC-27DEC19,1574938742716,open,3.79,1.3,3.71,3.9015,3.80379844,0.0,3.212,0.0,BTC-27DEC19-36000-P,7480.95,0.0,0.0,0.0,0.0,0.0,0.0,0.0,0.0,-28.48014,0.0,-1.0
7484.53,SYN.BTC-6DEC19,1574938742723,open,0.04,367.9,0.0165,0.0625,0.03707779,64.98,0.0365,0.0,BTC-6DEC19-7500-C,7480.95,61.43,0.035,18.3,0.038,12.0,66.55,4.38455,-18.0871,0.7644,0.00056,0.5104
7714.38,SYN.BTC-26JUN20,1574938742723,open,0.1,236.6,0.057,0.1485,0.09542318,78.03,0.0965,0.0,BTC-26JUN20-12000-C,7480.95,76.96,0.0925,5.0,0.0985,18.5,79.14,21.15485,-3.91374,10.31753,8e-05,0.32692
7714.38,SYN.BTC-26JUN20,1574938742725,open,0.06,262.3,0.0305,0.087,0.05345109,72.55,0.053,0.0,BTC-26JUN20-5000-P,7480.95,70.53,0.05,7.7,0.056,19.0,74.02,13.30796,-2.28915,-8.80421,5e-05,-0.14409
7484.53,SYN.BTC-6DEC19,1574938742725,open,0.23,0.0,0.212,0.269,0.23815379,83.07,None,0.0,BTC-6DEC19-9250-P,7480.95,0.0,0.0,0.0,0.0,0.0,0.0,1.07934,-5.69241,-1.92364,0.00011,-0.95299
7604.2,BTC-27MAR20,1574938742729,open,3.2,0.0,3.127,3.312,3.21315268,110.37,None,0.0,BTC-27MAR20-32000-P,7480.95,0.0,0.001,1.0,0.0,0.0,0.0,2.56873,-1.18255,-104.58944,1e-05,-0.97474
7714.38,SYN.BTC-26JUN20,1574938742731,open,2.38,0.0,2.3125,2.49,2.39230577,93.29,None,0.0,BTC-26JUN20-26000-P,7480.95,0.0,0.0,0.0,0.0,0.0,0.0,9.2921,-2.05545,-147.31055,3e-05,-0.9129
7494.06,BTC-27DEC19,1574938742739,open,0.22,926.0,0.1925,0.264,0.22521107,74.68,0.21,0.0,BTC-27DEC19-9000-P,7480.95,64.93,0.2175,1.0,0.35,1.0,194.07,6.26757,-8.10502,-5.94991,0.00019,-0.77837
7714.38,SYN.BTC-26JUN20,1574938742741,open,0.16,232.3,0.1205,0.216,0.16286069,72.13,0.162,0.0,BTC-26JUN20-7000-P,7480.95,69.81,0.1565,20.3,0.163,0.5,72.18,21.12692,-3.61335,-21.78184,9e-05,-0.32586
7481.35,SYN.BTC-29NOV19,1574938742741,open,0.0,1093.7,0.0005,0.0105,0.0,120.0,0.0005,0.0,BTC-29NOV19-13000-C,7480.95,0.0,0.0,0.0,0.0015,39.0,500.0,0.0,0.0,0.0,0.0,0.0
7494.06,BTC-27DEC19,1574938742751,open,3.25,0.3,3.1865,3.357,3.27004409,0.0,2.744,0.0,BTC-27DEC19-32000-P,7480.95,0.0,0.0,0.0,0.0,0.0,0.0,0.0,0.0,-25.31568,0.0,-1.0
7604.2,BTC-27MAR20,1574938742753,open,0.08,473.8,0.046,0.1215,0.07803822,75.38,0.0845,0.0,BTC-27MAR20-10000-C,7480.95,73.45,0.074,26.2,0.08,16.2,76.32,15.93113,-5.0091,6.49192,0.00011,0.33798
7494.06,BTC-27DEC19,1574938742753,open,2.19,0.0,2.14,2.2685,2.20259626,122.86,None,0.0,BTC-27DEC19-24000-P,7480.95,0.0,0.0,0.0,0.0,0.0,0.0,0.05101,-0.10853,-18.98297,0.0,-0.9993
7484.53,SYN.BTC-6DEC19,1574938742753,open,0.06,197.1,0.0325,0.0825,0.05607567,66.59,0.054,0.0,BTC-6DEC19-7250-C,7480.95,59.08,0.052,12.0,0.0565,13.0,67.36,4.08917,-17.28636,0.95261,0.00051,0.64594
7484.53,SYN.BTC-6DEC19,1574938742753,open,0.0,20.9,0.0005,0.0125,0.00226272,83.02,0.001,0.0,BTC-6DEC19-9250-C,7480.95,77.08,0.0015,20.0,0.003,40.0,87.74,1.07722,-5.67754,0.07208,0.00011,0.0469
7484.53,SYN.BTC-6DEC19,1574938742753,open,0.01,84.0,0.0005,0.027,0.00929941,73.61,0.0095,0.0,BTC-6DEC19-6750-P,7480.95,71.3,0.0085,0.1,0.0095,16.0,74.18,2.63528,-12.31505,-0.26759,0.0003,-0.15639
7714.38,SYN.BTC-26JUN20,1574938742753,open,0.62,15.6,0.607,0.6365,0.61972712,78.3,0.6035,0.0,BTC-26JUN20-3000-C,7480.95,0.0,0.61,6.0,0.63,6.0,94.49,3.96207,-0.73559,15.62255,1e-05,0.97025
7481.35,SYN.BTC-29NOV19,1574938742753,open,0.04,546.0,0.0165,0.0635,0.03888385,71.89,0.038,0.0,BTC-29NOV19-7750-P,7480.95,64.09,0.038,4.1,0.041,0.2,87.91,0.90054,-32.36786,-0.15731,0.00093,-0.83753
7714.38,SYN.BTC-26JUN20,1574938742753,open,0.1,243.0,0.0665,0.1445,0.10011113,72.13,0.098,0.0,BTC-26JUN20-6000-P,7480.95,69.49,0.094,23.3,0.1005,6.4,72.3,17.88774,-3.05935,-14.79843,7e-05,-0.23192
7604.2,BTC-27MAR20,1574938742759,open,1.12,1.1,1.0715,1.1915,1.12506313,86.86,1.08,0.0,BTC-27MAR20-16000-P,7480.95,0.0,0.0,0.0,0.0,0.0,0.0,8.00501,-2.90028,-50.41239,5e-05,-0.89351
7714.38,SYN.BTC-26JUN20,1574938742761,open,2.13,0.0,2.0605,2.2315,2.13697592,91.97,None,0.0,BTC-26JUN20-24000-P,7480.95,0.0,0.0,0.0,0.0,0.0,0.0,10.38934,-2.26553,-135.29681,3e-05,-0.89868
7494.06,BTC-27DEC19,1574938742763,open,0.06,912.0,0.03,0.083,0.05337261,71.51,0.052,0.0,BTC-27DEC19-8000-C,7480.95,70.26,0.052,4.2,0.054,14.0,72.09,8.20031,-10.15456,2.12199,0.00026,0.41129
7494.06,BTC-27DEC19,1574938742763,open,0.0,839.6,0.0005,0.0105,0.00073137,119.4,0.0005,0.0,BTC-27DEC19-18000-C,7480.95,114.76,0.0005,17.0,0.001,10.0,123.6,0.42723,-0.88331,0.03906,1e-05,0.00732
7494.06,BTC-27DEC19,1574938742763,open,0.16,149.5,0.1345,0.1895,0.16055256,73.42,0.158,0.0,BTC-27DEC19-6500-C,7480.95,66.48,0.155,11.0,0.1855,9.0,101.95,6.14346,-7.8104,3.70763,0.00019,0.78593
7604.2,BTC-27MAR20,1574938742763,open,4.24,1.0,4.158,4.381,4.263358,116.73,4.54,0.0,BTC-27MAR20-40000-P,7480.95,0.0,0.0005,2.0,0.0,0.0,0.0,1.73421,-0.84439,-131.05134,1e-05,-0.98411
7481.35,SYN.BTC-29NOV19,1574938742763,open,0.17,8.9,0.147,0.196,0.16965861,121.23,0.1655,0.0,BTC-29NOV19-8750-P,7480.95,0.0,0.1645,0.1,0.0,0.0,0.0,0.04871,-2.95266,-0.20913,3e-05,-0.99545
7481.35,SYN.BTC-29NOV19,1574938742763,open,0.2,268.9,0.1795,0.229,0.20301447,124.37,0.223,0.0,BTC-29NOV19-9000-P,7480.95,0.0,0.1895,4.0,0.216,4.0,346.36,0.01608,-0.99996,-0.21569,1e-05,-0.99866
7484.53,SYN.BTC-6DEC19,1574938742763,open,0.0,187.2,0.0005,0.017,0.00422427,87.23,0.0055,0.0,BTC-6DEC19-6250-P,7480.95,83.42,0.0035,0.1,0.0045,1.1,88.6,1.48706,-8.23554,-0.12096,0.00014,-0.07067
7714.38,SYN.BTC-26JUN20,1574938742763,open,0.33,106.6,0.276,0.395,0.3297527,73.28,0.333,0.0,BTC-26JUN20-9000-P,7480.95,58.15,0.284,3.0,0.373,3.0,87.56,23.39253,-4.06428,-36.95051,9e-05,-0.49931
7714.38,SYN.BTC-26JUN20,1574938742765,open,0.03,12.4,0.009,0.062,0.02589476,91.96,0.0275,0.0,BTC-26JUN20-24000-C,7480.95,90.53,0.024,1.0,0.0275,20.0,93.14,10.38763,-2.26501,3.36052,3e-05,0.10129
7481.35,SYN.BTC-29NOV19,1574938742765,open,0.33,33.2,0.3105,0.364,0.33666647,174.72,0.316,0.0,BTC-29NOV19-10000-P,7480.95,0.0,0.0,0.0,0.75,1.0,500.0,0.00538,-0.47025,-0.23984,0.0,-0.99959
7481.35,SYN.BTC-29NOV19,1574938742765,open,0.13,257.9,0.114,0.1635,0.13649523,120.24,0.131,0.0,BTC-29NOV19-8500-P,7480.95,0.0,0.1235,4.0,0.1485,4.0,268.58,0.1487,-8.94003,-0.20107,9e-05,-0.98374
7481.35,SYN.BTC-29NOV19,1574938742770,open,0.13,180.0,0.1135,0.1505,0.13131936,119.44,0.143,0.0,BTC-29NOV19-6500-C,7480.95,0.0,0.1295,0.1,0.1325,0.1,166.93,0.07584,-4.52916,0.15457,5e-05,0.99251
7481.35,SYN.BTC-29NOV19,1574938742787,open,0.0,150.7,0.0005,0.0105,0.0,120.0,0.0005,0.0,BTC-29NOV19-12500-C,7480.95,0.0,0.0,0.0,0.0005,0.1,416.46,0.0,0.0,0.0,0.0,0.0
7494.06,BTC-27DEC19,1574938742789,open,1.39,9.4,1.355,1.455,1.40264645,119.63,1.1125,0.0,BTC-27DEC19-18000-P,7480.95,0.0,0.0,0.0,0.0,0.0,0.0,0.43265,-0.89619,-14.20046,1e-05,-0.99258
7481.35,SYN.BTC-29NOV19,1574938742789,open,0.6,0.0,0.573,0.6365,0.60399976,276.83,None,0.0,BTC-29NOV19-12000-P,7480.95,0.0,0.0,0.0,0.0,0.0,0.0,0.00426,-0.59014,-0.28784,0.0,-0.99968
7484.53,SYN.BTC-6DEC19,1574938742789,open,0.24,0.3,0.2165,0.2545,0.23382894,102.1,0.144,0.0,BTC-6DEC19-5750-C,7480.95,0.0,0.2205,7.0,0.2465,7.0,164.61,0.81773,-5.30054,1.18337,7e-05,0.96659
7481.35,SYN.BTC-29NOV19,1574938742789,open,0.73,0.0,0.704,0.773,0.73766641,321.22,None,0.0,BTC-29NOV19-13000-P,7480.95,0.0,0.0,0.0,0.0,0.0,0.0,0.00403,-0.64761,-0.31184,0.0,-0.9997
7494.06,BTC-27DEC19,1574938742791,open,0.34,66.8,0.321,0.3585,0.33813748,92.07,0.4645,0.0,BTC-27DEC19-5000-C,7480.95,0.0,0.3265,9.0,0.352,9.0,128.33,2.00891,-3.20266,3.65535,5e-05,0.95469
7714.38,SYN.BTC-26JUN20,1574938742791,open,1.87,0.0,1.8085,1.971,1.8808164,89.22,None,0.0,BTC-26JUN20-22000-P,7480.95,0.0,0.11,1.0,3.0,0.1,500.0,11.3004,-2.39047,-123.3214,4e-05,-0.88615
7481.35,SYN.BTC-29NOV19,1574938742794,open,0.23,11.0,0.2125,0.263,0.23641893,132.85,0.291,0.0,BTC-29NOV19-9250-P,7480.95,0.0,0.0065,0.1,0.0,0.0,0.0,0.00797,-0.52927,-0.22181,0.0,-0.99938
7494.06,BTC-27DEC19,1574938742805,open,0.34,530.7,0.3135,0.3845,0.34590574,78.7,0.3435,0.0,BTC-27DEC19-10000-P,7480.95,0.0,0.305,0.1,0.45,0.1,192.79,4.1302,-5.62862,-7.2885,0.00012,-0.88346
7604.2,BTC-27MAR20,1574938742808,open,1.38,0.0,1.327,1.453,1.38332785,91.18,1.23,0.0,BTC-27MAR20-18000-P,7480.95,0.0,0.0,0.0,0.0,0.0,0.0,6.63764,-2.5244,-57.45855,4e-05,-0.91739
7604.2,BTC-27MAR20,1574938742811,open,0.05,1207.1,0.022,0.0845,0.04603607,79.06,0.0465,0.0,BTC-27MAR20-12000-C,7480.95,77.54,0.0435,11.0,0.0475,18.7,79.92,12.82109,-4.22761,4.28391,9e-05,0.21757
7604.2,BTC-27MAR20,1574938742811,open,0.28,99.1,0.2425,0.346,0.28948687,74.15,0.373,0.0,BTC-27MAR20-9000-P,7480.95,57.86,0.2535,2.0,0.0,0.0,0.0,17.09316,-5.28656,-21.54082,0.00012,-0.57304
7604.2,BTC-27MAR20,1574938742811,open,0.12,159.4,0.0845,0.1655,0.1202899,71.98,0.118,0.0,BTC-27MAR20-7000-P,7480.95,69.47,0.115,18.3,0.1235,18.3,73.51,16.00371,-4.80474,-11.54584,0.00012,-0.34202
7604.2,BTC-27MAR20,1574938742811,open,0.0,657.7,0.0005,0.015,0.00309325,116.67,0.0035,0.0,BTC-27MAR20-40000-C,7480.95,113.86,0.0025,11.0,0.0035,20.0,118.39,1.72876,-0.8413,0.31818,1e-05,0.01583
7494.06,BTC-27DEC19,1574938742811,open,0.0,255.7,0.0005,0.0105,3e-08,120.0,0.001,0.0,BTC-27DEC19-1500-P,7480.95,0.0,0.0,0.0,0.0005,17.9,226.17,4e-05,-9e-05,0.0,0.0,0.0
7484.53,SYN.BTC-6DEC19,1574938742811,open,0.01,143.5,0.0005,0.028,0.00979428,69.65,0.0125,0.0,BTC-6DEC19-8250-C,7480.95,64.9,0.008,37.4,0.01,16.0,70.18,2.9238,-12.92868,0.28117,0.00035,0.1839
7714.38,SYN.BTC-26JUN20,1574938742811,open,0.24,192.7,0.19,0.299,0.23900344,72.13,0.233,0.0,BTC-26JUN20-8000-P,7480.95,59.9,0.2025,4.0,0.2755,4.0,84.51,22.89279,-3.91538,-29.26791,9e-05,-0.41768
7714.38,SYN.BTC-26JUN20,1574938742811,open,0.02,23.8,0.0045,0.0455,0.01601641,98.56,0.017,0.0,BTC-26JUN20-32000-C,7480.95,96.92,0.0145,5.0,0.0175,20.0,100.08,7.31905,-1.71042,2.12527,2e-05,0.0637
7494.06,BTC-27DEC19,1574938742814,open,0.12,934.4,0.09,0.1575,0.12088332,71.51,0.12,0.0,BTC-27DEC19-8000-P,7480.95,61.02,0.1095,8.0,0.1295,8.0,79.35,8.20029,-10.15435,-4.20694,0.00026,-0.58871
7604.2,BTC-27MAR20,1574938742814,open,0.14,758.8,0.1035,0.1865,0.14108021,71.19,0.144,0.0,BTC-27MAR20-8000-C,7480.95,70.28,0.139,12.7,0.146,8.1,73.35,17.33031,-5.14585,9.75611,0.00013,0.53173
7481.35,SYN.BTC-29NOV19,1574938742814,open,0.0,217.1,0.0005,0.0105,4e-08,120.0,0.0005,0.0,BTC-29NOV19-5750-P,7480.95,0.0,0.0,0.0,0.001,9.0,269.63,6e-05,-0.0003,0.0,0.0,0.0
153.25,ETH-27MAR20,1574938742826,open,0.86,173.0,0.798,0.957,0.873786,93.89,1.157,0.0,ETH-27MAR20-280-P,151.1,0.0,0.82,13.0,0.902,14.0,110.08,0.24389,-0.09551,-0.84384,0.00337,-0.80267
7604.2,BTC-27MAR20,1574938742827,open,0.38,1.1,0.3475,0.4025,0.37227667,74.85,0.4535,0.0,BTC-27MAR20-5000-C,7480.95,53.25,0.352,6.0,0.393,6.0,91.81,8.54438,-2.66737,12.76381,6e-05,0.88336
7494.06,BTC-27DEC19,1574938742827,open,1.93,4.9,1.8785,1.997,1.93576396,119.66,2.217,0.0,BTC-27DEC19-22000-P,7480.95,0.0,0.0,0.0,0.0,0.0,0.0,0.08495,-0.17601,-17.39794,0.0,-0.99878
7494.06,BTC-27DEC19,1574938742827,open,0.05,756.6,0.0265,0.078,0.0484865,71.11,0.05,0.0,BTC-27DEC19-7000-P,7480.95,69.15,0.0465,0.3,0.0505,46.3,73.08,7.62985,-9.39444,-2.24159,0.00024,-0.32961
7484.53,SYN.BTC-6DEC19,1574938742829,open,0.01,142.8,0.0005,0.0205,0.00582257,78.81,0.005,0.0,BTC-6DEC19-6500-P,7480.95,75.54,0.005,20.0,0.0065,21.1,81.36,1.94281,-9.72071,-0.17243,0.0002,-0.10095
151.14,SYN.ETH-6DEC19,1574938742827,open,0.15,11.0,0.117,0.178,0.147633,90.03,0.16,0.0,ETH-6DEC19-130-C,151.1,0.0,0.139,1.0,0.167,32.0,143.46,0.04284,-0.24484,0.02408,0.00965,0.88596
7494.06,BTC-27DEC19,1574938742843,open,0.28,69.4,0.255,0.298,0.27486004,83.47,0.29,0.0,BTC-27DEC19-5500-C,7480.95,0.0,0.2605,9.0,0.2915,9.0,115.91,3.00272,-4.33981,3.85075,8e-05,0.92437
7494.06,BTC-27DEC19,1574938742843,open,0.01,460.3,0.0005,0.023,0.00877421,83.47,0.0085,0.0,BTC-27DEC19-5500-P,7480.95,81.49,0.008,46.1,0.0095,38.0,85.25,3.00265,-4.33966,-0.50037,8e-05,-0.07562
7494.06,BTC-27DEC19,1574938742843,open,0.0,349.0,0.0005,0.0105,0.0,120.0,0.0005,0.0,BTC-27DEC19-48000-C,7480.95,0.0,0.0,0.0,0.001,47.0,231.39,1e-05,-1e-05,0.0,0.0,0.0
7494.06,BTC-27DEC19,1574938742843,open,4.32,0.0,4.233,4.446,4.33755361,0.0,2.58,0.0,BTC-27DEC19-40000-P,7480.95,0.0,0.001,1.0,0.0,0.0,0.0,0.0,0.0,-31.6446,0.0,-1.0
7494.06,BTC-27DEC19,1574938742845,open,0.0,657.0,0.0005,0.0105,6.98e-06,120.0,0.0005,0.0,BTC-27DEC19-28000-C,7480.95,0.0,0.0,0.0,0.001,55.0,174.01,0.00782,-0.01625,0.00051,0.0,9e-05
7481.35,SYN.BTC-29NOV19,1574938742845,open,0.0,442.8,0.0005,0.0125,0.00090124,119.97,0.001,0.0,BTC-29NOV19-6750-P,7480.95,122.36,0.001,24.5,0.0015,1.4,132.81,0.29989,-6.74252,-0.0069,0.00019,-0.03754
7714.38,SYN.BTC-26JUN20,1574938742845,open,0.26,61.4,0.213,0.3055,0.25546202,72.13,0.266,0.0,BTC-26JUN20-7000-C,7480.95,61.4,0.226,5.0,0.2665,5.0,76.17,21.12693,-3.61331,18.66016,9e-05,0.67414
7484.53,SYN.BTC-6DEC19,1574938742845,open,0.0,55.9,0.0005,0.015,0.00321598,80.0,0.003,0.0,BTC-6DEC19-9000-C,7480.95,78.82,0.003,0.1,0.0035,20.0,81.48,1.40193,-7.12012,0.10055,0.00014,0.06548
7604.2,BTC-27MAR20,1574938742849,open,0.0,94.5,0.0005,0.0185,0.00427101,111.84,0.004,0.0,BTC-27MAR20-34000-C,7480.95,109.09,0.0035,8.0,0.005,20.0,114.14,2.27742,-1.06237,0.43997,1e-05,0.02189
7494.06,BTC-27DEC19,1574938742849,open,0.0,562.6,0.0005,0.0105,5e-08,120.0,0.0005,0.0,BTC-27DEC19-40000-C,7480.95,0.0,0.0,0.0,0.0005,5.8,199.31,9e-05,-0.00018,0.0,0.0,0.0
7604.2,BTC-27MAR20,1574938742849,open,0.07,576.8,0.0395,0.102,0.0655461,73.08,0.0635,0.0,BTC-27MAR20-6000-P,7480.95,71.57,0.063,5.0,0.0665,25.0,73.64,12.87359,-3.92383,-7.10926,9e-05,-0.21912
7494.06,BTC-27DEC19,1574938742849,open,0.0,778.0,0.0005,0.013,0.00337498,102.26,0.0025,0.0,BTC-27DEC19-4500-P,7480.95,96.92,0.0025,62.0,0.0045,98.9,108.04,1.33858,-2.37013,-0.1837,3e-05,-0.02761
153.24,ETH-27MAR20,1574938742844,open,0.4,747.0,0.344,0.481,0.411348,87.49,0.57,0.0,ETH-27MAR20-200-P,151.1,62.54,0.359,24.0,0.45,24.0,104.81,0.33684,-0.12291,-0.51422,0.00499,-0.61045
7481.35,SYN.BTC-29NOV19,1574938742849,open,0.01,1124.3,0.0005,0.0325,0.01159818,65.46,0.014,0.0,BTC-29NOV19-7500-C,7480.95,54.69,0.0095,0.4,0.012,0.3,67.52,1.45913,-47.75535,0.08325,0.00166,0.47543
7714.38,SYN.BTC-26JUN20,1574938742849,open,0.43,122.5,0.372,0.4975,0.42894422,74.27,0.48,0.0,BTC-26JUN20-10000-P,7480.95,0.0,0.09,1.0,0.51,11.0,101.1,23.02732,-4.05513,-44.54028,9e-05,-0.57041
7714.38,SYN.BTC-26JUN20,1574938742849,open,0.02,14.8,0.006,0.0515,0.01945151,95.05,0.0185,0.0,BTC-26JUN20-28000-C,7480.95,92.74,0.017,14.0,0.0215,20.0,96.86,8.49876,-1.91542,2.58114,3e-05,0.07736
7484.53,SYN.BTC-6DEC19,1574938742849,open,0.11,40.4,0.0845,0.133,0.10743296,73.59,0.1145,0.0,BTC-6DEC19-6750-C,7480.95,0.0,0.091,7.0,0.1275,7.0,121.15,2.63475,-12.30987,1.18896,0.0003,0.84365
7604.2,BTC-27MAR20,1574938742851,open,3.46,0.0,3.3845,3.579,3.47546676,111.78,None,0.0,BTC-27MAR20-34000-P,7480.95,0.0,0.0,0.0,0.0,0.0,0.0,2.27103,-1.05883,-111.22643,1e-05,-0.97818
7481.35,SYN.BTC-29NOV19,1574938742851,open,0.0,877.2,0.0005,0.0105,0.00015256,120.0,0.0005,0.0,BTC-29NOV19-6500-P,7480.95,141.18,0.0005,1.0,0.001,20.5,158.39,0.07791,-1.14134,-0.00141,5e-05,-0.00773
7484.53,SYN.BTC-6DEC19,1574938742851,open,0.3,0.0,0.2775,0.3355,0.30415114,91.96,None,0.0,BTC-6DEC19-9750-P,7480.95,0.0,0.0,0.0,0.0,0.0,0.0,0.73528,-4.29286,-2.05869,7e-05,-0.97062
7494.06,BTC-27DEC19,1574938742896,open,0.67,0.0,0.6565,0.676,0.66642999,119.43,None,0.0,BTC-27DEC19-2500-C,7480.95,0.0,0.6595,14.0,0.674,14.0,236.47,0.02297,-0.0475,1.97587,0.0,0.9997
151.24,ETH-27DEC19,1574938742988,open,1.1,100.0,1.055,1.188,1.118079,120.0,0.883,0.0,ETH-27DEC19-320-P,151.1,0.0,0.011,5.0,0.0,0.0,0.0,0.02068,-0.04297,-0.25102,0.00095,-0.9799
151.24,ETH-27DEC19,1574938742988,open,0.01,7002.0,0.001,0.019,0.006167,96.43,0.007,0.0,ETH-27DEC19-240-C,151.1,92.67,0.005,300.0,0.007,160.0,98.87,0.04972,-0.08302,0.00627,0.00285,0.05857
151.24,ETH-27DEC19,1574938742990,open,0.04,2860.0,0.012,0.059,0.032385,81.76,0.04,0.0,ETH-27DEC19-180-C,151.1,79.12,0.03,284.0,0.033,128.0,82.43,0.1381,-0.19551,0.02728,0.00933,0.26042
151.14,SYN.ETH-6DEC19,1574938742990,open,0.01,487.0,0.001,0.025,0.007773,90.03,0.007,0.0,ETH-6DEC19-130-P,151.1,83.45,0.006,328.0,0.008,200.0,90.83,0.04283,-0.24483,-0.00397,0.00965,-0.11403
151.24,ETH-27DEC19,1574938742993,open,0.05,4415.0,0.027,0.087,0.05461,80.51,0.054,0.0,ETH-27DEC19-140-P,151.1,75.94,0.05,271.0,0.057,399.0,82.87,0.15307,-0.21338,-0.0454,0.01051,-0.32482
151.24,ETH-27DEC19,1574938742993,open,0.01,3839.0,0.001,0.018,0.0067,98.64,0.007,0.0,ETH-27DEC19-100-P,151.1,92.49,0.005,300.0,0.008,161.0,102.82,0.04497,-0.0768,-0.00697,0.00252,-0.05157
153.24,ETH-27MAR20,1574938742997,open,0.03,1033.0,0.01,0.063,0.030839,94.73,0.032,0.0,ETH-27MAR20-320-C,151.1,89.03,0.024,300.0,0.038,382.0,100.11,0.19449,-0.07685,0.05442,0.00266,0.13898
151.1,SYN.ETH-29NOV19,1574938743001,open,1.1,0.0,1.057,1.183,1.117743,0.0,None,0.0,ETH-29NOV19-320-P,151.1,0.0,0.01,50.0,0.0,0.0,0.0,0.0,0.0,-0.00768,0.0,-1.0
151.24,ETH-27DEC19,1574938743003,open,1.23,0.0,1.183,1.322,1.249443,120.0,None,0.0,ETH-27DEC19-340-P,151.1,0.0,0.003,9.0,0.0,0.0,0.0,0.01408,-0.02925,-0.26761,0.00065,-0.98717
151.14,SYN.ETH-6DEC19,1574938743003,open,0.25,0.0,0.221,0.303,0.259923,91.89,None,0.0,ETH-6DEC19-190-P,151.1,0.0,0.011,2.0,0.0,0.0,0.0,0.02355,-0.13736,-0.0394,0.0052,-0.94821
151.24,ETH-27DEC19,1574938743005,open,1.49,0.0,1.44,1.592,1.513071,120.0,None,0.0,ETH-27DEC19-380-P,151.1,0.0,0.02,50.0,0.0,0.0,0.0,0.00639,-0.01328,-0.30006,0.00029,-0.99478
151.1,SYN.ETH-29NOV19,1574938743009,open,0.0,1130.0,0.001,0.018,0.002225,91.7,0.004,0.0,ETH-29NOV19-160-C,151.1,89.12,0.002,85.0,0.003,200.0,99.82,0.0135,-0.3362,0.00037,0.02687,0.10545
154.58,SYN.ETH-26JUN20,1574938743009,open,3.14,0.0,3.028,3.321,3.165461,106.84,None,0.0,ETH-26JUN20-640-P,151.1,0.0,0.01,50.0,0.0,0.0,0.0,0.19008,-0.04815,-3.64003,0.00129,-0.91046
153.24,ETH-27MAR20,1574938743011,open,2.12,0.0,2.045,2.26,2.145942,108.2,None,0.0,ETH-27MAR20-480-P,151.1,0.0,0.004,50.0,0.0,0.0,0.0,0.10849,-0.04896,-1.55166,0.0013,-0.93714
154.58,SYN.ETH-26JUN20,1574938743011,open,2.12,0.0,2.03,2.268,2.141863,99.11,None,0.0,ETH-26JUN20-480-P,151.1,0.0,0.01,50.0,0.0,0.0,0.0,0.24826,-0.05834,-2.68996,0.00181,-0.87022
151.14,SYN.ETH-6DEC19,1574938743011,open,0.02,324.0,0.003,0.041,0.017298,79.52,0.014,0.0,ETH-6DEC19-140-P,151.1,72.1,0.014,287.0,0.018,160.0,81.06,0.06865,-0.34661,-0.00832,0.01752,-0.23769
153.24,ETH-27MAR20,1574938743013,open,0.39,1.0,0.355,0.425,0.389907,86.58,0.337,0.0,ETH-27MAR20-100-C,151.1,32.56,0.348,1.0,0.0,0.0,0.0,0.18956,-0.06846,0.23968,0.00284,0.86614
154.58,SYN.ETH-26JUN20,1574938743013,open,2.37,0.0,2.28,2.533,2.398214,102.14,None,0.0,ETH-26JUN20-520-P,151.1,0.0,0.01,50.0,0.0,0.0,0.0,0.23522,-0.05697,-2.92751,0.00167,-0.87987
151.14,SYN.ETH-6DEC19,1574938743025,open,0.28,0.0,0.25,0.299,0.274237,119.18,None,0.0,ETH-6DEC19-110-C,151.1,0.0,0.272,1.0,0.406,1.0,500.0,0.0145,-0.10972,0.02274,0.00247,0.97144
7484.53,SYN.BTC-6DEC19,1574938743027,open,0.3,0.0,0.2845,0.3175,0.29953002,116.14,None,0.0,BTC-6DEC19-5250-C,7480.95,0.0,0.289,7.0,0.31,7.0,190.91,0.42193,-3.11091,1.10663,3e-05,0.98477
7484.53,SYN.BTC-6DEC19,1574938743029,open,0.0,3.8,0.0005,0.0105,0.00098171,116.22,0.0005,0.0,BTC-6DEC19-5250-P,7480.95,105.76,0.0005,12.9,0.0015,20.0,124.18,0.42316,-3.12209,-0.02627,3e-05,-0.01529
151.14,SYN.ETH-6DEC19,1574938743038,open,0.34,1.0,0.318,0.36,0.338815,120.0,0.337,0.0,ETH-6DEC19-100-C,151.1,0.0,0.0,0.0,0.442,1.0,500.0,0.00461,-0.03512,0.02132,0.00078,0.99248
153.24,ETH-27MAR20,1574938743050,open,0.24,35.0,0.184,0.281,0.233734,86.59,0.198,0.0,ETH-27MAR20-140-C,151.1,41.9,0.141,1.0,0.0,0.0,0.0,0.31938,-0.11536,0.21779,0.00478,0.66648
151.14,SYN.ETH-6DEC19,1574938743050,open,0.0,276.0,0.001,0.016,0.003678,102.71,0.006,0.0,ETH-6DEC19-120-P,151.1,90.65,0.002,320.0,0.005,200.0,110.25,0.02445,-0.1594,-0.00189,0.00483,-0.05429
154.58,SYN.ETH-26JUN20,1574938743050,open,0.16,555.0,0.1,0.216,0.156918,91.38,0.13,0.0,ETH-26JUN20-220-C,151.1,84.68,0.137,278.0,0.157,278.0,91.4,0.4627,-0.10025,0.24932,0.00367,0.4361
151.24,ETH-27DEC19,1574938743057,open,0.0,6667.0,0.001,0.011,4.7e-05,120.0,0.001,0.0,ETH-27DEC19-480-C,151.1,0.0,0.0,0.0,0.001,14.0,155.81,0.00085,-0.00178,6e-05,4e-05,0.00057
151.1,SYN.ETH-29NOV19,1574938743057,open,0.0,4018.0,0.001,0.011,0.0,120.0,0.002,0.0,ETH-29NOV19-210-C,151.1,0.0,0.0,0.0,0.001,1.0,311.95,0.0,0.0,0.0,0.0,0.0
151.14,SYN.ETH-6DEC19,1574938743057,open,0.31,0.0,0.285,0.37,0.325342,101.94,None,0.0,ETH-6DEC19-200-P,151.1,0.0,0.0,0.0,0.0,0.0,0.0,0.01766,-0.11428,-0.04204,0.00351,-0.96374
154.58,SYN.ETH-26JUN20,1574938743057,open,2.62,0.0,2.528,2.791,2.651073,102.14,None,0.0,ETH-26JUN20-560-P,151.1,0.0,0.01,50.0,0.0,0.0,0.0,0.20932,-0.0507,-3.16945,0.00148,-0.89792
151.24,ETH-27DEC19,1574938743059,open,1.62,15.0,1.568,1.728,1.645116,120.0,1.248,0.0,ETH-27DEC19-400-P,151.1,0.0,0.002,50.0,0.0,0.0,0.0,0.00428,-0.0089,-0.31608,0.0002,-0.99666
153.24,ETH-27MAR20,1574938743059,open,1.36,6.0,1.291,1.47,1.374836,100.03,1.188,0.0,ETH-27MAR20-360-P,151.1,0.0,0.01,30.0,2.123,1.0,500.0,0.16986,-0.07087,-1.13762,0.0022,-0.88556
151.14,SYN.ETH-6DEC19,1574938743059,open,0.05,553.0,0.019,0.077,0.047062,74.02,0.058,0.0,ETH-6DEC19-150-C,151.1,63.59,0.041,235.0,0.048,120.0,75.63,0.08789,-0.41303,0.01638,0.02409,0.5493
154.58,SYN.ETH-26JUN20,1574938743059,open,0.05,652.0,0.019,0.093,0.049567,95.41,0.056,0.0,ETH-26JUN20-400-C,151.1,90.8,0.041,299.0,0.059,299.0,100.11,0.29893,-0.06762,0.10884,0.00227,0.17144
151.14,SYN.ETH-6DEC19,1574938743059,open,0.0,235.0,0.001,0.012,0.002047,119.18,0.002,0.0,ETH-6DEC19-110-P,151.1,105.86,0.001,50.0,0.003,200.0,128.02,0.0145,-0.10972,-0.001,0.00247,-0.02856
154.58,SYN.ETH-26JUN20,1574938743059,open,0.19,555.0,0.125,0.245,0.184808,91.38,0.165,0.0,ETH-26JUN20-200-C,151.1,83.84,0.162,274.0,0.182,274.0,90.45,0.4686,-0.10153,0.27306,0.00371,0.49057
153.24,ETH-27MAR20,1574938743061,open,0.14,98.0,0.089,0.186,0.136872,86.71,0.131,0.0,ETH-27MAR20-180-C,151.1,81.49,0.125,271.0,0.143,272.0,89.39,0.34935,-0.12634,0.16762,0.00522,0.46992
151.24,ETH-27DEC19,1574938743061,open,1.89,0.0,1.825,1.999,1.909404,120.0,None,0.0,ETH-27DEC19-440-P,151.1,0.0,0.002,50.0,0.0,0.0,0.0,0.00191,-0.00397,-0.34794,9e-05,-0.99863
153.24,ETH-27MAR20,1574938743063,open,0.01,2340.0,0.001,0.03,0.010485,108.85,0.011,0.0,ETH-27MAR20-520-C,151.1,102.18,0.007,300.0,0.014,301.0,114.3,0.09029,-0.04099,0.01979,0.00108,0.0498
151.24,ETH-27DEC19,1574938743063,open,0.14,82.0,0.093,0.164,0.128929,80.51,0.136,0.0,ETH-27DEC19-140-C,151.1,72.63,0.121,137.0,0.13,101.0,81.57,0.15307,-0.21338,0.06536,0.01051,0.67518
151.14,SYN.ETH-6DEC19,1574938743063,open,0.04,911.0,0.013,0.071,0.039531,74.02,0.04,0.0,ETH-6DEC19-150-P,151.1,66.23,0.035,377.0,0.043,120.0,79.98,0.08789,-0.41303,-0.01599,0.02409,-0.4507
151.1,SYN.ETH-29NOV19,1574938743075,open,0.57,0.0,0.543,0.637,0.588307,0.0,None,0.0,ETH-29NOV19-240-P,151.1,0.0,0.01,50.0,0.0,0.0,0.0,0.0,0.0,-0.00576,0.0,-1.0
151.24,ETH-27DEC19,1574938743081,open,0.01,8826.0,0.001,0.026,0.009682,90.84,0.011,0.0,ETH-27DEC19-220-C,151.1,86.99,0.008,300.0,0.011,160.0,93.63,0.06925,-0.10892,0.00964,0.00421,0.09029
151.1,SYN.ETH-29NOV19,1574938743081,open,0.51,0.0,0.478,0.569,0.522128,0.0,None,0.0,ETH-29NOV19-230-P,151.1,0.0,0.01,50.0,0.0,0.0,0.0,0.0,0.0,-0.00552,0.0,-1.0
151.24,ETH-27DEC19,1574938743083,open,0.0,1347.0,0.001,0.011,0.000508,120.0,0.002,0.0,ETH-27DEC19-380-C,151.1,128.91,0.001,2.0,0.003,460.0,147.65,0.00639,-0.01328,0.00056,0.00029,0.00522
154.58,SYN.ETH-26JUN20,1574938743087,open,0.03,286.0,0.007,0.058,0.02501,103.33,0.027,0.0,ETH-26JUN20-600-C,151.1,96.2,0.017,300.0,0.032,300.0,108.57,0.19252,-0.04717,0.05902,0.00135,0.0911
151.24,ETH-27DEC19,1574938743100,open,0.0,2178.0,0.001,0.012,0.002534,113.48,0.005,0.0,ETH-27DEC19-300-C,151.1,100.48,0.001,361.0,0.004,160.0,121.52,0.0236,-0.04638,0.00251,0.00115,0.0235
154.58,SYN.ETH-26JUN20,1574938743106,open,0.68,0.0,0.601,0.776,0.686353,91.38,None,0.0,ETH-26JUN20-240-P,151.1,29.06,0.555,1.0,1.481,1.0,499.28,0.44993,-0.09748,-1.16005,0.00357,-0.61262
154.58,SYN.ETH-26JUN20,1574938743108,open,1.62,0.0,1.536,1.751,1.637271,95.41,None,0.0,ETH-26JUN20-400-P,151.1,0.0,0.01,50.0,0.0,0.0,0.0,0.29893,-0.06762,-2.20212,0.00227,-0.82856
151.24,ETH-27DEC19,1574938743119,open,0.23,22.0,0.194,0.256,0.22542,85.14,0.165,0.0,ETH-27DEC19-120-C,151.1,44.7,0.208,37.0,0.248,37.0,117.12,0.09411,-0.13874,0.07608,0.00611,0.86125
151.24,ETH-27DEC19,1574938743119,open,0.0,924.0,0.001,0.011,0.00136,120.0,0.002,0.0,ETH-27DEC19-340-C,151.1,115.7,0.001,101.0,0.003,160.0,133.12,0.01408,-0.02925,0.00137,0.00065,0.01283
151.24,ETH-27DEC19,1574938743119,open,0.0,21058.0,0.001,0.011,3e-06,120.0,0.007,0.0,ETH-27DEC19-600-C,151.1,0.0,0.0,0.0,0.001,100.0,180.59,8e-05,-0.00017,1e-05,0.0,5e-05
154.58,SYN.ETH-26JUN20,1574938743119,open,0.14,518.0,0.096,0.197,0.14452,91.38,0.133,0.0,ETH-26JUN20-120-P,151.1,77.95,0.113,272.0,0.133,487.0,86.48,0.36383,-0.07883,-0.34187,0.00288,-0.23829
154.58,SYN.ETH-26JUN20,1574938743120,open,1.37,0.0,1.294,1.501,1.391883,95.06,None,0.0,ETH-26JUN20-360-P,151.1,0.0,0.015,2.0,1.403,1.0,99.99,0.33795,-0.07617,-1.94917,0.00258,-0.7907
154.58,SYN.ETH-26JUN20,1574938743124,open,0.9,0.0,0.82,1.006,0.90958,91.38,None,0.0,ETH-26JUN20-280-P,151.1,0.0,0.01,50.0,1.735,1.0,500.0,0.41197,-0.08926,-1.43236,0.00327,-0.6943
151.1,SYN.ETH-29NOV19,1574938743124,open,0.25,13.0,0.221,0.297,0.257411,119.99,0.301,0.0,ETH-29NOV19-190-P,151.1,0.0,0.004,10.0,0.0,0.0,0.0,2e-05,-0.001,-0.00456,3e-05,-0.99995
151.24,ETH-27DEC19,1574938743126,open,0.0,4306.0,0.001,0.016,0.004458,102.84,0.007,0.0,ETH-27DEC19-260-C,151.1,96.35,0.003,300.0,0.006,160.0,108.43,0.0381,-0.06784,0.00449,0.00205,0.04195
151.1,SYN.ETH-29NOV19,1574938743126,open,0.97,0.0,0.928,1.046,0.985384,0.0,None,0.0,ETH-29NOV19-300-P,151.1,0.0,0.01,50.0,0.0,0.0,0.0,0.0,0.0,-0.0072,0.0,-1.0
151.14,SYN.ETH-6DEC19,1574938743126,open,0.01,345.0,0.001,0.02,0.005368,86.54,0.005,0.0,ETH-6DEC19-180-C,151.1,80.63,0.004,320.0,0.006,200.0,89.02,0.03749,-0.20596,0.00292,0.00879,0.09488
151.1,SYN.ETH-29NOV19,1574938743128,open,0.15,10.0,0.114,0.166,0.139758,120.0,0.063,0.0,ETH-29NOV19-130-C,151.1,0.0,0.127,29.0,0.155,29.0,339.56,0.00103,-0.0621,0.0031,0.00157,0.99518
154.58,SYN.ETH-26JUN20,1574938743128,open,0.04,330.0,0.012,0.075,0.036618,99.11,0.04,0.0,ETH-26JUN20-480-C,151.1,93.39,0.028,300.0,0.045,300.0,104.07,0.24826,-0.05834,0.0832,0.00181,0.12978
151.14,SYN.ETH-6DEC19,1574938743128,open,0.38,0.0,0.35,0.437,0.390604,106.03,None,0.0,ETH-6DEC19-210-P,151.1,0.0,0.0,0.0,0.0,0.0,0.0,0.01119,-0.07535,-0.04467,0.00214,-0.97902
151.14,SYN.ETH-6DEC19,1574938743128,open,0.0,421.0,0.001,0.014,0.002795,91.89,0.005,0.0,ETH-6DEC19-190-C,151.1,76.87,0.001,29.0,0.004,200.0,98.87,0.02355,-0.13736,0.0016,0.0052,0.05179
153.24,ETH-27MAR20,1574938743134,open,0.01,403.0,0.001,0.021,0.006241,113.43,0.006,0.0,ETH-27MAR20-640-C,151.1,103.15,0.003,300.0,0.009,300.0,119.6,0.06053,-0.02864,0.01219,0.00069,0.03047
154.58,SYN.ETH-26JUN20,1574938743134,open,0.02,185.0,0.007,0.034,0.01747,92.72,0.01,0.0,ETH-26JUN20-60-P,151.1,89.18,0.015,10.0,0.02,301.0,96.13,0.11142,-0.0245,-0.05581,0.00087,-0.04503
154.58,SYN.ETH-26JUN20,1574938743134,open,0.1,427.0,0.052,0.152,0.098187,91.38,0.088,0.0,ETH-26JUN20-280-C,151.1,86.73,0.086,288.0,0.107,288.0,94.65,0.41197,-0.08926,0.18532,0.00327,0.3057
153.24,ETH-27MAR20,1574938743136,open,0.04,103.0,0.02,0.072,0.042466,86.57,0.053,0.0,ETH-27MAR20-100-P,151.1,78.65,0.033,295.0,0.045,296.0,88.6,0.18955,-0.06844,-0.08873,0.00284,-0.13385
153.24,ETH-27MAR20,1574938743143,open,0.14,656.0,0.099,0.199,0.147274,86.57,0.173,0.0,ETH-27MAR20-140-P,151.1,78.29,0.13,257.0,0.153,257.0,89.31,0.31938,-0.11532,-0.24198,0.00478,-0.33353
151.24,ETH-27DEC19,1574938743149,open,0.0,1759.0,0.001,0.011,0.00083,120.0,0.001,0.0,ETH-27DEC19-360-C,151.1,122.53,0.001,1993.0,0.003,460.0,140.64,0.00951,-0.01976,0.00088,0.00044,0.00818
153.24,ETH-27MAR20,1574938743155,open,0.03,579.0,0.008,0.056,0.025586,100.04,0.026,0.0,ETH-27MAR20-360-C,151.1,95.69,0.021,300.0,0.029,301.0,103.02,0.16988,-0.07088,0.04473,0.0022,0.11445
151.1,SYN.ETH-29NOV19,1574938743157,open,0.01,791.0,0.001,0.039,0.011977,78.87,0.013,0.0,ETH-29NOV19-150-P,151.1,68.5,0.01,50.0,0.015,219.0,94.64,0.02889,-1.13922,-0.00156,0.06686,-0.41716
151.14,SYN.ETH-6DEC19,1574938743157,open,0.08,46.0,0.046,0.119,0.081099,76.25,0.074,0.0,ETH-6DEC19-160-P,151.1,68.38,0.077,120.0,0.086,120.0,85.38,0.07994,-0.38696,-0.02465,0.02127,-0.67464
151.1,SYN.ETH-29NOV19,1574938743157,open,0.0,483.0,0.001,0.011,1e-06,120.0,0.002,0.0,ETH-29NOV19-190-C,151.1,0.0,0.0,0.0,0.001,1.0,230.73,2e-05,-0.00011,0.0,3e-05,5e-05
151.1,SYN.ETH-29NOV19,1574938743157,open,0.0,4810.0,0.001,0.011,2.7e-05,120.0,0.001,0.0,ETH-29NOV19-180-C,151.1,0.0,0.0,0.0,0.001,1.0,184.78,0.00038,-0.00401,1e-05,0.00058,0.0016
151.24,ETH-27DEC19,1574938743159,open,0.0,2232.0,0.001,0.012,0.002237,120.0,0.002,0.0,ETH-27DEC19-320-C,151.1,108.38,0.001,101.0,0.004,460.0,130.52,0.02068,-0.04297,0.00214,0.00095,0.0201
154.58,SYN.ETH-26JUN20,1574938743163,open,0.08,269.0,0.036,0.126,0.075981,92.59,0.071,0.0,ETH-26JUN20-320-C,151.1,88.34,0.066,292.0,0.086,292.0,96.68,0.37146,-0.08155,0.15327,0.00291,0.24761
153.24,ETH-27MAR20,1574938743182,open,0.18,858.0,0.128,0.228,0.178967,86.59,0.18,0.0,ETH-27MAR20-160-C,151.1,79.53,0.163,263.0,0.184,315.0,88.82,0.34583,-0.1249,0.19378,0.00518,0.56401
153.24,ETH-27MAR20,1574938743185,open,0.09,792.0,0.044,0.129,0.083943,88.77,0.081,0.0,ETH-27MAR20-220-C,151.1,84.37,0.075,283.0,0.092,284.0,92.64,0.31568,-0.11688,0.12082,0.00461,0.32401
151.14,SYN.ETH-6DEC19,1574938743185,open,0.0,32.0,0.001,0.011,0.001147,106.03,0.002,0.0,ETH-6DEC19-210-C,151.1,0.0,0.0,0.0,0.002,200.0,115.57,0.01119,-0.07535,0.00065,0.00214,0.02098
153.24,ETH-27MAR20,1574938743192,open,0.02,1395.0,0.005,0.044,0.018383,101.02,0.022,0.0,ETH-27MAR20-400-C,151.1,93.06,0.012,300.0,0.024,300.0,106.84,0.13747,-0.05792,0.03387,0.00176,0.08568
153.24,ETH-27MAR20,1574938743196,open,0.11,2028.0,0.062,0.154,0.106206,87.52,0.104,0.0,ETH-27MAR20-200-C,151.1,82.84,0.096,278.0,0.114,279.0,91.05,0.33686,-0.12296,0.14265,0.00499,0.38965
151.24,ETH-27DEC19,1574938743196,open,0.0,13247.0,0.001,0.011,1.9e-05,120.01,0.001,0.0,ETH-27DEC19-520-C,151.1,0.0,0.0,0.0,0.005,300.0,199.98,0.00038,-0.0008,3e-05,2e-05,0.00024
153.24,ETH-27MAR20,1574938743198,open,0.02,1637.0,0.003,0.036,0.013604,108.21,0.013,0.0,ETH-27MAR20-480-C,151.1,94.77,0.006,300.0,0.021,301.0,117.38,0.1085,-0.04897,0.02479,0.0013,0.06287
151.24,ETH-27DEC19,1574938743198,open,0.0,10460.0,0.001,0.011,0.000313,120.0,0.001,0.0,ETH-27DEC19-400-C,151.1,134.91,0.001,554.0,0.003,460.0,154.24,0.00428,-0.0089,0.00036,0.0002,0.00334
153.24,ETH-27MAR20,1574938743198,open,0.05,2045.0,0.019,0.085,0.046706,93.82,0.046,0.0,ETH-27MAR20-280-C,151.1,90.8,0.042,5.0,0.052,297.0,97.09,0.24366,-0.09535,0.07566,0.00337,0.19704
151.1,SYN.ETH-29NOV19,1574938743198,open,0.0,1436.0,0.001,0.011,0.0,120.0,0.001,0.0,ETH-29NOV19-230-C,151.1,0.0,0.0,0.0,0.001,1.0,382.65,0.0,0.0,0.0,0.0,0.0
154.58,SYN.ETH-26JUN20,1574938743198,open,0.04,4.0,0.022,0.073,0.0442,91.38,0.026,0.0,ETH-26JUN20-80-P,151.1,76.36,0.026,300.0,0.042,301.0,89.69,0.2025,-0.04387,-0.1266,0.00161,-0.09756
151.14,SYN.ETH-6DEC19,1574938743200,open,0.0,173.0,0.001,0.011,0.001052,116.94,0.001,0.0,ETH-6DEC19-220-C,151.1,0.0,0.0,0.0,0.002,500.0,128.66,0.00977,-0.07255,0.00055,0.0017,0.01788
151.1,SYN.ETH-29NOV19,1574938743200,open,0.0,1117.0,0.001,0.011,0.000522,119.99,0.002,0.0,ETH-29NOV19-170-C,151.1,133.87,0.001,100.0,0.002,200.0,153.49,0.0042,-0.07895,9e-05,0.00638,0.02411
151.24,ETH-27DEC19,1574938743202,open,0.02,13438.0,0.004,0.038,0.016874,85.79,0.02,0.0,ETH-27DEC19-200-C,151.1,82.87,0.015,297.0,0.018,160.0,87.49,0.09908,-0.1472,0.0159,0.00638,0.14978
154.58,SYN.ETH-26JUN20,1574938743202,open,0.09,719.0,0.051,0.129,0.087241,91.38,0.09,0.0,ETH-26JUN20-100-P,151.1,80.43,0.067,288.0,0.081,288.0,88.05,0.29159,-0.06318,-0.22522,0.00231,-0.16495
151.1,SYN.ETH-29NOV19,1574938743204,open,0.0,1522.0,0.001,0.011,0.0,120.0,0.001,0.0,ETH-29NOV19-260-C,151.1,0.0,0.0,0.0,0.001,1.0,474.43,0.0,0.0,0.0,0.0,0.0
151.24,ETH-27DEC19,1574938743206,open,0.0,12762.0,0.001,0.011,1e-06,120.0,0.001,0.0,ETH-27DEC19-680-C,151.1,0.0,0.0,0.0,0.004,300.0,226.65,2e-05,-4e-05,0.0,0.0,1e-05
151.24,ETH-27DEC19,1574938743206,open,0.0,6174.0,0.001,0.011,0.0,120.0,0.001,0.0,ETH-27DEC19-720-C,151.1,0.0,0.0,0.0,0.003,300.0,225.43,1e-05,-2e-05,0.0,0.0,0.0
151.14,SYN.ETH-6DEC19,1574938743208,open,0.44,0.0,0.414,0.505,0.456674,116.94,None,0.0,ETH-6DEC19-220-P,151.1,0.0,0.0,0.0,0.0,0.0,0.0,0.00977,-0.07255,-0.04692,0.0017,-0.98212
153.24,ETH-27MAR20,1574938743219,open,0.01,886.0,0.001,0.025,0.008242,109.56,0.009,0.0,ETH-27MAR20-560-C,151.1,101.93,0.005,300.0,0.011,300.0,114.64,0.07576,-0.03462,0.01601,0.0009,0.04005
153.24,ETH-27MAR20,1574938743219,open,0.31,1560.0,0.248,0.377,0.311424,86.67,0.36,0.0,ETH-27MAR20-180-P,151.1,71.93,0.278,30.0,0.337,29.0,97.87,0.34935,-0.12629,-0.42355,0.00523,-0.53016
151.1,SYN.ETH-29NOV19,1574938743219,open,0.0,399.0,0.001,0.011,0.0,120.0,0.001,0.0,ETH-29NOV19-300-C,151.1,0.0,0.0,0.0,0.002,300.0,500.0,0.0,0.0,0.0,0.0,0.0
151.1,SYN.ETH-29NOV19,1574938743219,open,0.0,2328.0,0.001,0.019,0.002196,115.05,0.001,0.0,ETH-29NOV19-140-P,151.1,96.09,0.001,262.0,0.003,201.0,124.98,0.01135,-0.33186,-0.00031,0.01801,-0.08338
154.58,SYN.ETH-26JUN20,1574938743223,open,0.63,1.0,0.609,0.652,0.629314,92.72,0.69,0.0,ETH-26JUN20-60-C,151.1,0.0,0.611,1.0,0.966,1.0,500.0,0.11142,-0.0245,0.29083,0.00087,0.95497
151.24,ETH-27DEC19,1574938743236,open,0.0,2053.0,0.001,0.013,0.003446,109.1,0.003,0.0,ETH-27DEC19-280-C,151.1,100.64,0.002,300.0,0.005,160.0,115.95,0.03045,-0.05752,0.0034,0.00154,0.03189
154.58,SYN.ETH-26JUN20,1574938743236,open,0.29,805.0,0.226,0.364,0.294249,91.38,0.28,0.0,ETH-26JUN20-160-P,151.1,72.88,0.24,50.0,0.305,1.0,95.09,0.44842,-0.09716,-0.60481,0.00355,-0.38299
153.24,ETH-27MAR20,1574938743246,open,0.01,1084.0,0.003,0.036,0.013997,102.63,0.015,0.0,ETH-27MAR20-440-C,151.1,93.21,0.008,300.0,0.02,300.0,109.9,0.11386,-0.04874,0.02662,0.00144,0.0669
151.1,SYN.ETH-29NOV19,1574938743246,open,0.0,2082.0,0.001,0.011,0.0,120.0,0.001,0.0,ETH-29NOV19-220-C,151.1,0.0,0.0,0.0,0.001,1.0,348.42,0.0,0.0,0.0,0.0,0.0
151.1,SYN.ETH-29NOV19,1574938743246,open,0.0,569.0,0.001,0.011,0.0,120.0,0.001,0.0,ETH-29NOV19-320-C,151.1,0.0,0.0,0.0,0.002,300.0,500.0,0.0,0.0,0.0,0.0,0.0
154.58,SYN.ETH-26JUN20,1574938743248,open,0.21,1202.0,0.154,0.276,0.214179,91.38,0.215,0.0,ETH-26JUN20-140-P,151.1,77.65,0.177,253.0,0.205,253.0,87.97,0.41573,-0.09007,-0.47,0.0033,-0.31211
151.1,SYN.ETH-29NOV19,1574938743248,open,0.03,460.0,0.001,0.047,0.019285,78.87,0.028,0.0,ETH-29NOV19-150-C,151.1,40.11,0.012,120.0,0.02,120.0,82.61,0.02889,-1.13922,0.00204,0.06686,0.58284
154.58,SYN.ETH-26JUN20,1574938743248,open,0.03,42.0,0.011,0.072,0.034198,102.14,0.034,0.0,ETH-26JUN20-520-C,151.1,98.59,0.029,350.0,0.04,300.0,105.81,0.23522,-0.05697,0.07674,0.00167,0.12013
151.1,SYN.ETH-29NOV19,1574938743248,open,0.0,1282.0,0.001,0.011,1e-06,120.0,0.001,0.0,ETH-29NOV19-120-P,151.1,0.0,0.0,0.0,0.004,300.0,313.62,1e-05,-8e-05,0.0,2e-05,-4e-05
151.24,ETH-27DEC19,1574938743250,open,0.0,11107.0,0.001,0.011,8e-06,120.0,0.001,0.0,ETH-27DEC19-560-C,151.1,0.0,0.0,0.0,0.004,300.0,203.16,0.00017,-0.00036,1e-05,1e-05,0.0001
151.24,ETH-27DEC19,1574938743250,open,3.98,1.0,3.879,4.179,4.024794,0.0,3.236,0.0,ETH-27DEC19-760-P,151.1,0.0,0.02,50.0,0.0,0.0,0.0,0.0,0.0,-0.60125,0.0,-1.0
154.58,SYN.ETH-26JUN20,1574938743250,open,1.87,0.0,1.784,2.013,1.891884,99.08,None,0.0,ETH-26JUN20-440-P,151.1,0.0,0.01,50.0,0.0,0.0,0.0,0.28077,-0.06596,-2.44359,0.00205,-0.84433
151.1,SYN.ETH-29NOV19,1574938743250,open,0.0,782.0,0.001,0.011,9.1e-05,120.0,0.001,0.0,ETH-29NOV19-130-P,151.1,0.0,0.0,0.0,0.002,550.0,191.45,0.00103,-0.01371,-2e-05,0.00157,-0.00482
154.58,SYN.ETH-26JUN20,1574938743268,open,0.44,1.0,0.396,0.483,0.440315,91.38,0.38,0.0,ETH-26JUN20-100-C,151.1,34.02,0.357,1.0,0.955,1.0,500.0,0.29159,-0.06318,0.35252,0.00231,0.83505
153.24,ETH-27MAR20,1574938743434,open,1.61,4.0,1.541,1.728,1.628663,100.83,2.048,0.0,ETH-27MAR20-400-P,151.1,0.0,1.572,7.0,1.666,7.0,131.39,0.13678,-0.05752,-1.28004,0.00176,-0.9149
151.14,SYN.ETH-6DEC19,1574938744592,open,0.15,11.0,0.117,0.178,0.147632,90.03,0.16,0.0,ETH-6DEC19-130-C,151.1,0.0,0.139,1.0,0.168,32.0,145.84,0.04283,-0.24483,0.02408,0.00965,0.88597
153.24,ETH-27MAR20,1574938744630,open,0.63,119.0,0.562,0.71,0.633277,89.94,0.835,0.0,ETH-27MAR20-240-P,151.1,56.16,0.581,17.0,0.663,17.0,104.93,0.2904,-0.10894,-0.68604,0.00419,-0.72995
151.24,ETH-27DEC19,1574938744646,open,0.22,4510.0,0.177,0.27,0.222546,81.76,0.2,0.0,ETH-27DEC19-180-P,151.1,0.0,0.187,26.0,0.233,1.0,92.83,0.1381,-0.19551,-0.11512,0.00933,-0.73958
7494.05,BTC-27DEC19,1574938745171,open,0.03,512.7,0.0125,0.052,0.02790937,73.42,0.027,0.0,BTC-27DEC19-6500-P,7480.95,71.7,0.0265,0.9,0.029,54.9,74.75,6.14362,-7.81097,-1.4347,0.00019,-0.21408
7494.05,BTC-27DEC19,1574938745171,open,0.0,961.6,0.0005,0.0105,2.91e-06,120.0,0.001,0.0,BTC-27DEC19-30000-C,7480.95,0.0,0.0,0.0,0.0005,0.9,169.88,0.00357,-0.00741,0.00022,0.0,4e-05
7494.05,BTC-27DEC19,1574938745171,open,0.0,913.7,0.0005,0.016,0.00434694,91.72,0.0045,0.0,BTC-27DEC19-12000-C,7480.95,90.38,0.004,2.0,0.0045,16.0,92.29,1.99583,-3.16965,0.24067,5e-05,0.04494
7484.52,SYN.BTC-6DEC19,1574938745173,open,0.08,36.7,0.058,0.115,0.08441252,67.89,0.136,0.0,BTC-6DEC19-8000-P,7480.95,0.0,0.059,6.0,0.107,6.0,110.7,3.62363,-15.619,-1.31799,0.00044,-0.73171
7481.35,SYN.BTC-29NOV19,1574938745173,open,0.0,216.8,0.0005,0.0105,1.66e-05,120.0,0.0005,0.0,BTC-29NOV19-6250-P,7480.95,0.0,0.0,0.0,0.001,5.0,194.73,0.01239,-0.12423,-0.00018,1e-05,-0.001
7714.31,SYN.BTC-26JUN20,1574938745173,open,0.2,118.7,0.1575,0.255,0.20197823,72.13,0.2175,0.0,BTC-26JUN20-8000-C,7480.95,70.79,0.198,16.4,0.208,16.4,74.16,22.89264,-3.9154,16.95108,9e-05,0.58231
7481.35,SYN.BTC-29NOV19,1574938745173,open,0.0,396.8,0.0005,0.0105,0.0,120.0,0.0005,0.0,BTC-29NOV19-10500-C,7480.95,0.0,0.0,0.0,0.0005,0.1,291.76,0.0,0.0,0.0,0.0,0.0
7481.35,SYN.BTC-29NOV19,1574938745173,open,0.0,698.1,0.0005,0.022,0.00434788,78.01,0.005,0.0,BTC-29NOV19-7250-P,7480.95,75.44,0.004,0.1,0.005,16.0,82.67,1.0263,-32.52803,-0.0367,0.00098,-0.20013
7604.18,BTC-27MAR20,1574938745193,open,0.01,71.0,0.0005,0.0235,0.00639,105.98,0.0065,0.0,BTC-27MAR20-28000-C,7480.95,103.75,0.0055,20.0,0.0075,13.0,108.5,3.18436,-1.40764,0.65712,2e-05,0.0327
7494.05,BTC-27DEC19,1574938745193,open,0.6,73.0,0.571,0.6465,0.60561514,91.71,0.6525,0.0,BTC-27DEC19-12000-P,7480.95,0.0,0.54,0.1,0.0,0.0,0.0,1.99526,-3.16846,-9.25279,5e-05,-0.95508
7604.18,BTC-27MAR20,1574938745193,open,2.94,0.0,2.8695,3.0455,2.95096659,108.72,None,0.0,BTC-27MAR20-30000-P,7480.95,0.0,0.0,0.0,0.0,0.0,0.0,2.90656,-1.31801,-97.9406,1e-05,-0.97071
7481.35,SYN.BTC-29NOV19,1574938745193,open,0.47,13.1,0.4415,0.5,0.47032335,0.0,0.233,0.0,BTC-29NOV19-11000-P,7480.95,0.0,0.0155,0.1,0.0,0.0,0.0,0.0,0.0,-0.26391,0.0,-1.0
7481.35,SYN.BTC-29NOV19,1574938745193,open,0.2,22.5,0.182,0.2135,0.19800653,120.22,0.1535,0.0,BTC-29NOV19-6000-C,7480.95,0.0,0.1845,6.0,0.208,6.0,384.47,0.00117,-0.07028,0.14394,0.0,0.99992
7481.35,SYN.BTC-29NOV19,1574938745193,open,0.33,0.3,0.3185,0.3445,0.33167121,178.38,0.3885,0.0,BTC-29NOV19-5000-C,7480.95,0.0,0.3205,7.0,0.34,7.0,500.0,3e-05,-0.00256,0.11996,0.0,1.0
7714.31,SYN.BTC-26JUN20,1574938745193,open,1.62,0.1,1.5575,1.7145,1.62734585,87.27,1.765,0.0,BTC-26JUN20-20000-P,7480.95,0.0,0.1,1.0,2.05,0.1,240.74,12.7113,-2.63031,-111.09434,4e-05,-0.8653
7604.18,BTC-27MAR20,1574938745195,open,2.41,0.0,2.354,2.513,2.42683997,104.09,None,0.0,BTC-27MAR20-26000-P,7480.95,0.0,0.0,0.0,0.0,0.0,0.0,3.67715,-1.59648,-84.60894,2e-05,-0.96102
7604.18,BTC-27MAR20,1574938745195,open,2.67,0.0,2.6115,2.7785,2.68855596,105.94,None,0.0,BTC-27MAR20-28000-P,7480.95,0.0,0.0,0.0,0.0,0.0,0.0,3.17808,-1.40425,-91.30378,2e-05,-0.96738
7484.52,SYN.BTC-6DEC19,1574938745195,open,0.14,40.7,0.116,0.1615,0.13736333,78.81,0.135,0.0,BTC-6DEC19-6500-C,7480.95,0.0,0.1225,7.0,0.155,7.0,129.31,1.94276,-9.7202,1.2301,0.0002,0.89905
7481.35,SYN.BTC-29NOV19,1574938745195,open,0.0,519.6,0.0005,0.0105,0.0,120.0,0.0005,0.0,BTC-29NOV19-5000-P,7480.95,0.0,0.0,0.0,0.0005,2.1,355.65,0.0,0.0,0.0,0.0,0.0
7484.52,SYN.BTC-6DEC19,1574938745195,open,0.0,186.5,0.0005,0.0115,0.00189015,88.3,0.0015,0.0,BTC-6DEC19-9500-C,7480.95,84.87,0.0015,20.0,0.0025,45.0,92.91,0.91012,-5.10225,0.05844,9e-05,0.03807
7484.52,SYN.BTC-6DEC19,1574938745195,open,0.0,147.8,0.0005,0.012,0.00208526,102.14,0.0025,0.0,BTC-6DEC19-5750-P,7480.95,96.27,0.0015,40.0,0.0025,1.0,105.74,0.81876,-5.30937,-0.05741,7e-05,-0.03346
7714.31,SYN.BTC-26JUN20,1574938745195,open,1.12,5.0,1.061,1.205,1.12515445,81.67,1.22,0.0,BTC-26JUN20-16000-P,7480.95,0.0,0.56,1.0,2.0,0.1,500.0,16.09379,-3.11637,-86.08869,6e-05,-0.80644
7484.52,SYN.BTC-6DEC19,1574938745200,open,0.2,5.5,0.1825,0.2235,0.20135701,95.02,0.121,0.0,BTC-6DEC19-6000-C,7480.95,0.0,0.1875,7.0,0.2155,7.0,152.78,1.1175,-6.74137,1.21048,0.0001,0.9509
7494.05,BTC-27DEC19,1574938745202,open,0.12,227.3,0.087,0.1455,0.11441137,71.11,0.137,0.0,BTC-27DEC19-7000-C,7480.95,67.75,0.111,2.0,0.1415,10.0,97.35,7.62985,-9.39428,3.29622,0.00024,0.67039
7714.31,SYN.BTC-26JUN20,1574938745240,open,0.03,30.5,0.0105,0.0665,0.02899224,89.21,0.0295,0.0,BTC-26JUN20-22000-C,7480.95,87.11,0.026,30.0,0.032,30.0,91.22,11.29886,-2.39002,3.78114,4e-05,0.11383
7714.31,SYN.BTC-26JUN20,1574938745240,open,0.17,90.2,0.119,0.2175,0.16309821,73.28,0.1635,0.0,BTC-26JUN20-9000-C,7480.95,71.92,0.159,23.0,0.17,17.0,75.55,23.39232,-4.06426,15.04595,9e-05,0.50069
7604.17,BTC-27MAR20,1574938745258,open,0.86,58.9,0.8195,0.935,0.87089802,82.95,1.1385,0.0,BTC-27MAR20-14000-P,7480.95,0.0,0.4,0.5,1.135,0.5,211.08,10.05789,-3.48003,-43.03447,6e-05,-0.85227
7604.17,BTC-27MAR20,1574938745272,open,0.28,21.4,0.2435,0.315,0.27650892,73.08,0.2635,0.0,BTC-27MAR20-6000-C,7480.95,59.97,0.255,7.0,0.305,7.0,89.5,12.8737,-3.92394,12.59615,9e-05,0.78088
7604.17,BTC-27MAR20,1574938745274,open,0.01,117.2,0.0005,0.0265,0.00768578,104.13,0.007,0.0,BTC-27MAR20-26000-C,7480.95,101.55,0.0065,20.0,0.009,35.0,106.71,3.68258,-1.5994,0.78329,2e-05,0.03905
7481.35,SYN.BTC-29NOV19,1574938745274,open,0.0,629.4,0.0005,0.014,0.00133987,91.01,0.0015,0.0,BTC-29NOV19-8000-C,7480.95,85.41,0.001,0.1,0.002,37.5,100.13,0.48805,-10.02402,0.01219,0.0004,0.06927
7481.35,SYN.BTC-29NOV19,1574938745274,open,0.0,891.5,0.0005,0.0105,0.00032884,119.86,0.001,0.0,BTC-29NOV19-8500-C,7480.95,0.0,0.0,0.0,0.001,20.0,142.84,0.14652,-2.46019,0.00281,9e-05,0.01598
7494.05,BTC-27DEC19,1574938745278,open,0.0,530.9,0.0005,0.0105,1.24e-06,120.0,0.0005,0.0,BTC-27DEC19-32000-C,7480.95,0.0,0.0,0.0,0.0005,0.9,176.57,0.00165,-0.00343,0.0001,0.0,2e-05
7494.05,BTC-27DEC19,1574938745282,open,2.46,0.0,2.4015,2.5405,2.46943152,117.73,None,0.0,BTC-27DEC19-26000-P,7480.95,0.0,0.0,0.0,0.0,0.0,0.0,0.01331,-0.02713,-20.56809,0.0,-0.99984
7714.31,SYN.BTC-26JUN20,1574938745282,open,0.88,11.5,0.8215,0.9625,0.88452874,80.36,0.99,0.0,BTC-26JUN20-14000-P,7480.95,0.0,0.5,1.0,2.0,1.0,500.0,18.68614,-3.56057,-72.78902,7e-05,-0.74866
7481.35,SYN.BTC-29NOV19,1574938745282,open,0.53,0.0,0.5075,0.5685,0.53715623,0.0,None,0.0,BTC-29NOV19-11500-P,7480.95,0.0,0.0,0.0,0.0,0.0,0.0,0.0,0.0,-0.2759,0.0,-1.0
7714.31,SYN.BTC-26JUN20,1574938745285,open,0.03,52.5,0.007,0.0555,0.02196764,93.29,0.0245,0.0,BTC-26JUN20-26000-C,7480.95,90.27,0.0185,30.0,0.0245,30.0,95.33,9.2899,-2.05481,2.90147,3e-05,0.08707
7481.35,SYN.BTC-29NOV19,1574938745289,open,0.86,0.0,0.835,0.909,0.87132062,0.0,None,0.0,BTC-29NOV19-14000-P,7480.95,0.0,0.0,0.0,0.0,0.0,0.0,0.0,0.0,-0.33588,0.0,-1.0
7484.52,SYN.BTC-6DEC19,1574938745302,open,0.0,160.2,0.0005,0.011,0.00145537,91.88,0.001,0.0,BTC-6DEC19-9750-C,7480.95,86.68,0.001,19.9,0.002,50.1,96.91,0.73278,-4.27447,0.04491,7e-05,0.02926
7604.17,BTC-27MAR20,1574938745310,open,0.01,465.2,0.0035,0.037,0.0131336,95.17,0.015,0.0,BTC-27MAR20-20000-C,7480.95,92.15,0.011,20.0,0.015,34.1,97.59,5.64134,-2.23937,1.33937,3e-05,0.06676
7481.35,SYN.BTC-29NOV19,1574938745326,open,0.0,692.2,0.0005,0.0105,1.466e-05,120.0,0.001,0.0,BTC-29NOV19-9000-C,7480.95,0.0,0.0,0.0,0.0005,0.2,174.04,0.01143,-0.10967,0.00016,1e-05,0.00092
7481.35,SYN.BTC-29NOV19,1574938745326,open,0.0,268.7,0.0005,0.0105,7.548e-05,120.0,0.001,0.0,BTC-29NOV19-8750-C,7480.95,0.0,0.0,0.0,0.001,48.5,168.75,0.04534,-0.56467,0.00074,3e-05,0.0042
7494.05,BTC-27DEC19,1574938745337,open,0.0,390.7,0.0005,0.0105,0.00098573,109.29,0.0015,0.0,BTC-27DEC19-16000-C,7480.95,101.4,0.0005,144.5,0.0015,1.0,115.0,0.57852,-1.09481,0.05547,1e-05,0.01034
7494.05,BTC-27DEC19,1574938745337,open,0.0,1052.0,0.0005,0.011,0.00147902,106.64,0.002,0.0,BTC-27DEC19-15000-C,7480.95,101.59,0.001,17.0,0.002,39.0,110.97,0.80938,-1.49448,0.08161,2e-05,0.01524
7494.05,BTC-27DEC19,1574938745337,open,0.08,820.9,0.052,0.1125,0.07911466,70.24,0.083,0.0,BTC-27DEC19-7500-P,7480.95,68.79,0.0775,1.0,0.0805,1.0,71.48,8.37137,-10.18138,-3.20958,0.00027,-0.46225
7481.35,SYN.BTC-29NOV19,1574938745337,open,0.23,9.6,0.216,0.246,0.23142193,123.28,0.188,0.0,BTC-29NOV19-5750-C,7480.95,0.0,0.221,6.0,0.241,6.0,433.4,0.0001,-0.0059,0.13795,0.0,0.99999
7484.52,SYN.BTC-6DEC19,1574938745339,open,0.0,70.4,0.0005,0.0115,0.00150277,110.02,0.0025,0.0,BTC-6DEC19-5500-P,7480.95,103.06,0.001,13.0,0.002,20.5,115.61,0.60903,-4.25407,-0.04031,5e-05,-0.02345
7714.31,SYN.BTC-26JUN20,1574938745339,open,0.02,79.7,0.005,0.0485,0.01760707,96.9,0.019,0.0,BTC-26JUN20-30000-C,7480.95,94.76,0.0155,4.0,0.0195,30.0,98.7,7.87396,-1.80907,2.33562,2e-05,0.07001
7484.52,SYN.BTC-6DEC19,1574938745339,open,0.0,124.8,0.0005,0.014,0.00301101,95.02,0.0035,0.0,BTC-6DEC19-6000-P,7480.95,91.43,0.0025,20.5,0.0035,0.7,98.16,1.11744,-6.74088,-0.08415,0.0001,-0.04909
7494.05,BTC-27DEC19,1574938745368,open,0.01,1430.8,0.0005,0.0165,0.00533167,92.07,0.005,0.0,BTC-27DEC19-5000-P,7480.95,88.82,0.0045,69.0,0.006,16.0,94.48,2.00874,-3.20226,-0.30019,5e-05,-0.0453
7494.05,BTC-27DEC19,1574938745368,open,0.0,526.9,0.0005,0.0105,0.00010951,120.0,0.0005,0.0,BTC-27DEC19-22000-C,7480.95,0.0,0.0,0.0,0.001,30.0,146.94,0.08744,-0.18169,0.0068,0.0,0.00126
7481.35,SYN.BTC-29NOV19,1574938745394,open,0.01,604.8,0.0005,0.0365,0.01409445,65.47,0.0105,0.0,BTC-29NOV19-7500-P,7480.95,64.99,0.014,0.1,0.0155,0.1,72.68,1.45913,-47.76685,-0.09668,0.00166,-0.52456
7481.35,SYN.BTC-29NOV19,1574938745402,open,0.37,0.0,0.3435,0.398,0.37007403,0.0,None,0.0,BTC-29NOV19-10250-P,7480.95,0.0,0.0,0.0,0.0,0.0,0.0,0.0,0.0,-0.24591,0.0,-1.0
7481.35,SYN.BTC-29NOV19,1574938745418,open,1.0,0.0,0.966,1.0455,1.00498638,0.0,None,0.0,BTC-29NOV19-15000-P,7480.95,0.0,0.0,0.0,0.0,0.0,0.0,0.0,0.0,-0.35987,0.0,-1.0
7481.35,SYN.BTC-29NOV19,1574938745418,open,0.0,623.2,0.0005,0.0105,1e-08,120.0,0.0005,0.0,BTC-29NOV19-10000-C,7480.95,0.0,0.0,0.0,0.0015,39.0,298.75,1e-05,-4e-05,0.0,0.0,0.0
7494.05,BTC-27DEC19,1574938745433,open,0.47,31.0,0.456,0.484,0.46850599,114.5,0.4255,0.0,BTC-27DEC19-4000-C,7480.95,0.0,0.4585,11.0,0.4775,11.0,157.6,0.90705,-1.79842,3.04781,2e-05,0.98259
7481.35,SYN.BTC-29NOV19,1574938745433,open,0.17,31.6,0.148,0.1815,0.16460561,120.02,0.1595,0.0,BTC-29NOV19-6250-C,7480.95,0.0,0.156,5.0,0.1755,5.0,340.68,0.01241,-0.74471,0.14976,1e-05,0.99899
7714.31,SYN.BTC-26JUN20,1574938745433,open,0.33,14.0,0.2845,0.367,0.32234266,72.13,0.303,0.0,BTC-26JUN20-6000-C,7480.95,69.39,0.316,5.0,0.3335,5.0,76.93,17.88785,-3.05943,19.86563,7e-05,0.76807
7714.31,SYN.BTC-26JUN20,1574938745436,open,0.04,890.9,0.0135,0.0745,0.03478494,87.29,0.037,0.0,BTC-26JUN20-20000-C,7480.95,85.25,0.0315,10.0,0.037,20.0,88.61,12.71535,-2.63158,4.45572,4e-05,0.13476
7484.52,SYN.BTC-6DEC19,1574938745460,open,0.01,89.3,0.0005,0.018,0.00450392,76.32,0.0044,0.0,BTC-6DEC19-8750-C,7480.95,74.16,0.004,3.1,0.005,39.1,78.34,1.79333,-8.68904,0.13895,0.00019,0.09054
7714.31,SYN.BTC-26JUN20,1574938745460,open,0.06,119.0,0.024,0.096,0.05110572,81.68,0.056,0.0,BTC-26JUN20-16000-C,7480.95,80.66,0.049,9.0,0.0515,2.5,81.86,16.09607,-3.11716,6.35114,6e-05,0.19361
7481.35,SYN.BTC-29NOV19,1574938745460,open,0.0,534.5,0.0005,0.0105,3.6e-07,120.0,0.0005,0.0,BTC-29NOV19-9500-C,7480.95,0.0,0.0,0.0,0.0005,6.2,216.41,0.00043,-0.00266,0.0,0.0,3e-05
7494.05,BTC-27DEC19,1574938745463,open,0.86,268.3,0.832,0.914,0.87021301,102.3,0.7205,0.0,BTC-27DEC19-14000-P,7480.95,0.0,0.78,0.2,0.0,0.0,0.0,1.07566,-1.90548,-10.96168,2e-05,-0.97872
7494.05,BTC-27DEC19,1574938745463,open,0.73,98.8,0.7015,0.7795,0.73744757,96.25,0.7,0.0,BTC-27DEC19-13000-P,7480.95,0.0,0.0,0.0,0.0,0.0,0.0,1.385,-2.30837,-10.13019,3e-05,-0.97124
7604.17,BTC-27MAR20,1574938745465,open,0.01,222.2,0.001,0.033,0.01083591,98.58,0.0105,0.0,BTC-27MAR20-22000-C,7480.95,95.54,0.009,20.0,0.0125,34.1,101.08,4.84965,-1.99407,1.10364,3e-05,0.05503
7494.05,BTC-27DEC19,1574938745465,open,0.01,1140.3,0.0005,0.02,0.00624442,83.99,0.0065,0.0,BTC-27DEC19-11000-C,7480.95,81.86,0.0055,69.0,0.007,1.0,86.02,2.7038,-3.93233,0.35415,7e-05,0.06598
7494.05,BTC-27DEC19,1574938745467,open,0.0,816.7,0.0005,0.012,0.00226206,114.5,0.003,0.0,BTC-27DEC19-4000-P,7480.95,112.25,0.002,1.0,0.0025,1.0,116.4,0.90688,-1.79798,-0.11662,2e-05,-0.01741
7481.35,SYN.BTC-29NOV19,1574938745469,open,0.0,1010.4,0.0005,0.016,0.00182846,98.97,0.0025,0.0,BTC-29NOV19-7000-P,7480.95,94.31,0.0015,20.5,0.003,56.5,113.07,0.55168,-13.67937,-0.01493,0.00042,-0.08134
7484.52,SYN.BTC-6DEC19,1574938745469,open,0.08,82.8,0.0555,0.106,0.07982888,69.29,0.091,0.0,BTC-6DEC19-7000-C,7480.95,52.05,0.0725,7.0,0.1025,7.0,114.94,3.41262,-15.01223,1.09952,0.00041,0.76066
7494.05,BTC-27DEC19,1574938745478,open,2.72,0.2,2.6635,2.8125,2.73629945,112.34,2.2765,0.0,BTC-27DEC19-28000-P,7480.95,0.0,0.0,0.0,0.0,0.0,0.0,0.00267,-0.0052,-22.15105,0.0,-0.99997
7494.05,BTC-27DEC19,1574938745478,open,0.54,4.3,0.524,0.546,0.53391302,120.01,0.5625,0.0,BTC-27DEC19-3500-C,7480.95,0.0,0.526,12.0,0.5415,12.0,174.45,0.44513,-0.92498,2.71781,1e-05,0.99233
7494.05,BTC-27DEC19,1574938745478,open,0.4,21.6,0.3885,0.4205,0.40289955,102.26,0.5285,0.0,BTC-27DEC19-4500-C,7480.95,0.0,0.3915,10.0,0.4145,10.0,143.01,1.3388,-2.37063,3.37628,3e-05,0.97238
7714.31,SYN.BTC-26JUN20,1574938745482,open,0.51,0.5,0.4835,0.53,0.50414876,73.08,0.589,0.0,BTC-26JUN20-4000-C,7480.95,55.24,0.489,5.0,0.5225,5.0,88.72,8.05552,-1.39575,18.88512,3e-05,0.92788
7604.17,BTC-27MAR20,1574938745484,open,0.49,7.4,0.4685,0.507,0.48539741,79.14,0.464,0.0,BTC-27MAR20-4000-C,7480.95,0.0,0.4715,7.0,0.499,7.0,98.09,4.50733,-1.48793,11.59856,3e-05,0.94982
7494.05,BTC-27DEC19,1574938745492,open,5.38,0.0,5.2795,5.5355,5.40507282,0.0,None,0.0,BTC-27DEC19-48000-P,7480.95,0.0,0.0005,1.0,0.0,0.0,0.0,0.0,0.0,-37.97352,0.0,-1.0
7494.05,BTC-27DEC19,1574938745494,open,1.13,18.0,1.0935,1.1835,1.13601,109.25,1.261,0.0,BTC-27DEC19-16000-P,7480.95,0.0,0.0,0.0,0.0,0.0,0.0,0.57733,-1.0922,-12.60249,1e-05,-0.98968
7484.52,SYN.BTC-6DEC19,1574938745494,open,0.11,11.3,0.0855,0.1425,0.11206897,69.65,0.105,0.0,BTC-6DEC19-8250-P,7480.95,0.0,0.05,1.0,0.0,0.0,0.0,2.9238,-12.92872,-1.49895,0.00035,-0.8161
7494.05,BTC-27DEC19,1574938745499,open,4.85,0.0,4.7565,4.991,4.87131676,0.0,3.46,0.0,BTC-27DEC19-44000-P,7480.95,0.0,0.001,1.0,0.0,0.0,0.0,0.0,0.0,-34.80906,0.0,-1.0
7494.05,BTC-27DEC19,1574938745502,open,0.0,1541.5,0.0005,0.0105,0.0,120.0,0.0005,0.0,BTC-27DEC19-52000-C,7480.95,0.0,0.0,0.0,0.0005,32.0,225.34,0.0,0.0,0.0,0.0,0.0
7604.17,BTC-27MAR20,1574938745502,open,0.01,64.4,0.0005,0.02,0.00494098,110.34,0.004,0.0,BTC-27MAR20-32000-C,7480.95,107.35,0.004,7.5,0.006,35.0,113.28,2.56489,-1.18044,0.50621,1e-05,0.02521
7481.35,SYN.BTC-29NOV19,1574938745502,open,0.0,458.4,0.0005,0.0105,0.0,120.0,0.0005,0.0,BTC-29NOV19-15000-C,7480.95,0.0,0.0,0.0,0.0005,0.2,500.0,0.0,0.0,0.0,0.0,0.0
7604.17,BTC-27MAR20,1574938745509,open,0.01,155.0,0.0005,0.0295,0.00900129,101.41,0.0075,0.0,BTC-27MAR20-24000-C,7480.95,98.53,0.0075,23.0,0.0105,33.1,104.0,4.18882,-1.77176,0.91875,2e-05,0.04579
7604.17,BTC-27MAR20,1574938745512,open,2.15,0.0,2.097,2.247,2.16515184,101.39,None,0.0,BTC-27MAR20-24000-P,7480.95,0.0,0.0005,5.0,0.0,0.0,0.0,4.18524,-1.76985,-77.90453,2e-05,-0.95426
7494.05,BTC-27DEC19,1574938745512,open,0.0,487.7,0.0005,0.0105,0.00094958,120.0,0.0015,0.0,BTC-27DEC19-3500-P,7480.95,110.71,0.0005,33.0,0.0015,25.0,127.9,0.44493,-0.92449,-0.05107,1e-05,-0.00766
7494.05,BTC-27DEC19,1574938745512,open,0.73,0.0,0.7235,0.743,0.73312376,121.22,None,0.0,BTC-27DEC19-2000-C,7480.95,0.0,0.7255,16.0,0.741,16.0,283.44,0.00236,-0.00495,1.58206,0.0,0.99997
7494.05,BTC-27DEC19,1574938745525,open,1.0,211.0,0.963,1.049,1.00306428,106.61,0.959,0.0,BTC-27DEC19-15000-P,7480.95,0.0,0.0,0.0,0.0,0.0,0.0,0.80838,-1.49229,-11.78523,2e-05,-0.98478
7494.05,BTC-27DEC19,1574938745525,open,1.66,3.6,1.6165,1.7255,1.66906703,119.86,1.729,0.0,BTC-27DEC19-20000-P,7480.95,0.0,0.0,0.0,0.0,0.0,0.0,0.19537,-0.40549,-15.80593,0.0,-0.99696
7604.17,BTC-27MAR20,1574938745548,open,0.01,1315.8,0.0015,0.0265,0.0114225,79.14,0.0115,0.0,BTC-27MAR20-4000-P,7480.95,75.75,0.0095,34.0,0.013,34.0,81.72,4.50694,-1.48773,-1.53832,3e-05,-0.05017
7481.35,SYN.BTC-29NOV19,1574938745548,open,0.0,792.4,0.0005,0.0185,0.0029681,71.83,0.003,0.0,BTC-29NOV19-7750-C,7480.95,63.22,0.002,2.4,0.003,1.5,72.1,0.8999,-22.20539,0.0286,0.00093,0.16229
7481.35,SYN.BTC-29NOV19,1574938745548,open,0.0,133.8,0.0005,0.0105,0.0,120.0,0.0005,0.0,BTC-29NOV19-10250-C,7480.95,0.0,0.0,0.0,0.0005,0.5,273.92,0.0,0.0,0.0,0.0,0.0
7494.05,BTC-27DEC19,1574938745566,open,0.0,1032.8,0.0005,0.0105,0.00028669,120.0,0.0005,0.0,BTC-27DEC19-20000-C,7480.95,0.0,0.0,0.0,0.001,16.5,135.96,0.19725,-0.40985,0.01654,0.0,0.00308
7604.17,BTC-27MAR20,1574938745566,open,0.03,219.1,0.014,0.055,0.02980891,74.85,0.032,0.0,BTC-27MAR20-5000-P,7480.95,72.76,0.0275,2.0,0.031,31.5,75.9,8.54447,-2.66741,-3.65758,6e-05,-0.11665
7604.17,BTC-27MAR20,1574938745566,open,0.62,54.9,0.574,0.686,0.62411134,79.05,0.77,0.0,BTC-27MAR20-12000-P,7480.95,0.0,0.022,1.0,0.88,1.0,197.34,12.82045,-4.22722,-35.12758,9e-05,-0.78245
7714.31,SYN.BTC-26JUN20,1574938745568,open,0.04,246.3,0.0165,0.081,0.03969177,83.58,0.043,0.0,BTC-26JUN20-18000-C,7480.95,82.64,0.038,29.0,0.04,2.0,83.75,13.96062,-2.76669,5.13047,5e-05,0.15481
7484.52,SYN.BTC-6DEC19,1574938745568,open,0.17,6.8,0.149,0.1925,0.16916735,87.23,0.125,0.0,BTC-6DEC19-6250-C,7480.95,0.0,0.157,7.0,0.1845,7.0,139.78,1.487,-8.23503,1.22763,0.00014,0.92933
7481.35,SYN.BTC-29NOV19,1574938745568,open,0.0,675.9,0.0005,0.0105,1.09e-06,120.0,0.0005,0.0,BTC-29NOV19-6000-P,7480.95,0.0,0.0,0.0,0.0005,10.0,208.55,0.00114,-0.00814,-1e-05,0.0,-8e-05
7481.35,SYN.BTC-29NOV19,1574938745568,open,0.4,5.0,0.376,0.432,0.40349047,0.0,0.25,0.0,BTC-29NOV19-10500-P,7480.95,0.0,0.0,0.0,0.0,0.0,0.0,0.0,0.0,-0.25191,0.0,-1.0
7714.31,SYN.BTC-26JUN20,1574938745576,open,0.41,0.0,0.3755,0.4415,0.40530997,72.55,None,0.0,BTC-26JUN20-5000-C,7480.95,58.75,0.383,5.0,0.4315,5.0,87.08,13.30825,-2.28926,20.08243,5e-05,0.8559
7481.35,SYN.BTC-29NOV19,1574938745581,open,0.27,112.2,0.245,0.296,0.26982506,118.98,0.26,0.0,BTC-29NOV19-9500-P,7480.95,0.0,0.259,5.0,0.286,3.0,438.71,0.00037,-0.02202,-0.22792,0.0,-0.99998
7604.17,BTC-27MAR20,1574938745590,open,0.02,267.1,0.005,0.0425,0.01620871,91.17,0.018,0.0,BTC-27MAR20-18000-C,7480.95,89.16,0.0145,20.0,0.0175,14.1,92.62,6.63622,-2.52367,1.6578,4e-05,0.08259
7604.17,BTC-27MAR20,1574938745590,open,0.0,143.6,0.0005,0.0175,0.00386047,113.74,0.0035,0.0,BTC-27MAR20-36000-C,7480.95,110.33,0.003,21.0,0.0045,20.0,115.95,2.0857,-0.98948,0.3963,1e-05,0.01973
7494.05,BTC-27DEC19,1574938745590,open,0.01,1486.1,0.002,0.0295,0.0115172,78.71,0.0105,0.0,BTC-27DEC19-10000-C,7480.95,76.82,0.0105,46.0,0.0125,7.0,80.46,4.13044,-5.62918,0.6227,0.00012,0.11655
7494.05,BTC-27DEC19,1574938745590,open,0.0,590.4,0.0005,0.0105,2.931e-05,120.0,0.001,0.0,BTC-27DEC19-2500-P,7480.95,0.0,0.0,0.0,0.001,121.6,170.01,0.02415,-0.05018,-0.00202,0.0,-0.00031
7484.52,SYN.BTC-6DEC19,1574938745593,open,0.02,189.9,0.0035,0.036,0.01509189,69.29,0.015,0.0,BTC-6DEC19-7000-P,7480.95,65.76,0.0135,31.4,0.0155,16.0,70.18,3.41261,-15.01201,-0.41089,0.00041,-0.23933
7494.05,BTC-27DEC19,1574938745609,open,0.0,756.8,0.0005,0.0105,4.276e-05,120.0,0.0005,0.0,BTC-27DEC19-24000-C,7480.95,0.0,0.0,0.0,0.001,33.5,156.82,0.03881,-0.08064,0.00283,0.0,0.00052
7494.05,BTC-27DEC19,1574938745612,open,0.02,1444.7,0.0055,0.034,0.01542703,77.24,0.015,0.0,BTC-27DEC19-6000-P,7480.95,74.79,0.014,45.9,0.0165,64.9,79.03,4.43043,-5.92557,-0.85507,0.00013,-0.1288
7714.31,SYN.BTC-26JUN20,1574938745612,open,0.14,257.6,0.09,0.187,0.13265979,74.27,0.136,0.0,BTC-26JUN20-10000-C,7480.95,73.04,0.129,24.6,0.133,11.2,74.38,23.02702,-4.05506,13.23358,9e-05,0.42958
7481.35,SYN.BTC-29NOV19,1574938745612,open,0.0,284.6,0.0005,0.0105,0.0,120.0,0.0005,0.0,BTC-29NOV19-11500-C,7480.95,0.0,0.0,0.0,0.0005,0.3,357.69,0.0,0.0,0.0,0.0,0.0
7714.31,SYN.BTC-26JUN20,1574938745612,open,0.02,318.6,0.0105,0.044,0.02266094,73.07,0.024,0.0,BTC-26JUN20-4000-P,7480.95,70.46,0.02,30.0,0.025,10.1,75.27,8.05487,-1.39556,-4.22399,3e-05,-0.07211
7481.35,SYN.BTC-29NOV19,1574938745612,open,0.0,644.2,0.0005,0.0105,0.0,120.0,0.0005,0.0,BTC-29NOV19-11000-C,7480.95,0.0,0.0,0.0,0.0005,0.2,325.73,0.0,0.0,0.0,0.0,0.0
7484.52,SYN.BTC-6DEC19,1574938745616,open,0.17,0.0,0.1475,0.2045,0.17358268,76.32,None,0.0,BTC-6DEC19-8750-P,7480.95,0.0,0.0,0.0,0.0,0.0,0.0,1.79325,-8.68844,-1.74907,0.00019,-0.90946
7604.17,BTC-27MAR20,1574938745622,open,1.63,5.2,1.583,1.717,1.64325906,95.16,1.108,0.0,BTC-27MAR20-20000-P,7480.95,0.0,0.0,0.0,0.0,0.0,0.0,5.6388,-2.23803,-64.34665,3e-05,-0.93327
7494.05,BTC-27DEC19,1574938745622,open,0.08,599.3,0.052,0.1095,0.07832203,70.24,0.0825,0.0,BTC-27DEC19-7500-C,7480.95,68.61,0.0765,11.6,0.0805,28.3,72.19,8.37137,-10.18155,2.72378,0.00027,0.53775
7494.05,BTC-27DEC19,1574938745622,open,0.47,248.6,0.4415,0.513,0.47407361,83.99,0.651,0.0,BTC-27DEC19-11000-P,7480.95,0.0,0.41,1.0,0.775,0.5,389.34,2.70334,-3.93141,-8.34819,7e-05,-0.93403
7481.35,SYN.BTC-29NOV19,1574938745624,open,0.0,114.4,0.0005,0.0105,5e-08,120.0,0.0005,0.0,BTC-29NOV19-9750-C,7480.95,0.0,0.0,0.0,0.0005,0.1,236.3,7e-05,-0.00034,0.0,0.0,0.0
7484.52,SYN.BTC-6DEC19,1574938745624,open,0.06,31.4,0.0345,0.089,0.05968262,66.15,0.0575,0.0,BTC-6DEC19-7750-P,7480.95,61.33,0.057,12.0,0.0615,12.0,69.4,4.18014,-17.55633,-1.10049,0.00052,-0.62176
7484.52,SYN.BTC-6DEC19,1574938745639,open,0.03,76.0,0.008,0.049,0.02474404,66.59,0.026,0.0,BTC-6DEC19-7250-P,7480.95,62.47,0.0225,16.7,0.0255,16.0,67.97,4.0892,-17.28793,-0.61176,0.00051,-0.35407
7494.05,BTC-27DEC19,1574938745641,open,0.0,972.2,0.0005,0.012,0.00206677,102.32,0.003,0.0,BTC-27DEC19-14000-C,7480.95,97.95,0.0015,17.0,0.0025,16.0,105.15,1.07652,-1.90732,0.11403,2e-05,0.0213
7494.05,BTC-27DEC19,1574938745641,open,0.0,680.5,0.0005,0.0105,1.708e-05,120.0,0.0005,0.0,BTC-27DEC19-26000-C,7480.95,0.0,0.0,0.0,0.001,55.0,165.8,0.01734,-0.03602,0.00119,0.0,0.00022
7604.17,BTC-27MAR20,1574938745641,open,0.03,408.9,0.0115,0.063,0.0298102,82.96,0.033,0.0,BTC-27MAR20-14000-C,7480.95,82.34,0.029,10.3,0.0305,0.1,83.48,10.05894,-3.48062,2.94564,6e-05,0.14776
7481.35,SYN.BTC-29NOV19,1574938745644,open,0.0,232.9,0.0005,0.0105,0.0,120.0,0.0005,0.0,BTC-29NOV19-14000-C,7480.95,0.0,0.0,0.0,0.0005,0.5,494.27,0.0,0.0,0.0,0.0,0.0
7481.35,SYN.BTC-29NOV19,1574938745644,open,0.0,198.6,0.0005,0.0105,2.45e-06,120.0,0.0005,0.0,BTC-29NOV19-9250-C,7480.95,0.0,0.0,0.0,0.0005,8.0,195.69,0.0024,-0.01832,3e-05,0.0,0.00017
7494.05,BTC-27DEC19,1574938745646,open,0.8,12.1,0.79,0.8095,0.7998415,132.91,0.8415,0.0,BTC-27DEC19-1500-C,7480.95,0.0,0.792,18.0,0.808,18.0,345.9,0.00035,-0.00081,1.18665,0.0,1.0
7494.05,BTC-27DEC19,1574938745646,open,0.0,449.3,0.0005,0.0105,1e-08,120.0,0.0005,0.0,BTC-27DEC19-44000-C,7480.95,0.0,0.0,0.0,0.0005,1.0,208.85,2e-05,-4e-05,0.0,0.0,0.0
7494.05,BTC-27DEC19,1574938745646,open,0.0,106.3,0.0005,0.0105,1.8e-06,120.0,0.0005,0.0,BTC-27DEC19-2000-P,7480.95,0.0,0.0,0.0,0.0005,17.0,186.55,0.00202,-0.0042,-0.00014,0.0,-2e-05
7604.17,BTC-27MAR20,1574938745661,open,0.02,1528.3,0.007,0.05,0.02095728,86.86,0.023,0.0,BTC-27MAR20-16000-C,7480.95,84.95,0.019,20.0,0.0225,33.0,88.3,8.00392,-2.89972,2.1355,5e-05,0.10647
7714.31,SYN.BTC-26JUN20,1574938745661,open,0.07,488.0,0.037,0.1195,0.06973611,80.37,0.0725,0.0,BTC-26JUN20-14000-C,7480.95,78.39,0.065,8.0,0.0735,19.2,81.91,18.6875,-3.56113,8.09561,7e-05,0.25138
7494.05,BTC-27DEC19,1574938745663,open,0.0,690.8,0.0005,0.0105,2.4e-07,120.0,0.0005,0.0,BTC-27DEC19-36000-C,7480.95,0.0,0.0,0.0,0.001,55.0,201.24,0.00037,-0.00076,2e-05,0.0,0.0
7494.05,BTC-27DEC19,1574938745663,open,0.0,697.0,0.0005,0.0125,0.00274035,96.27,0.004,0.0,BTC-27DEC19-13000-C,7480.95,91.85,0.002,46.0,0.0035,16.0,100.06,1.38574,-2.30991,0.1544,3e-05,0.02878
7481.35,SYN.BTC-29NOV19,1574938745663,open,0.0,369.8,0.0005,0.012,0.00077914,110.05,0.0005,0.0,BTC-29NOV19-8250-C,7480.95,102.04,0.0005,44.4,0.0015,22.4,124.94,0.29593,-5.82903,0.00649,0.0002,0.03694
153.24,ETH-27MAR20,1574938745988,open,0.01,5207.0,0.001,0.023,0.007142,111.59,0.009,0.0,ETH-27MAR20-600-C,151.1,99.4,0.003,300.0,0.01,300.0,117.39,0.06752,-0.03143,0.01391,0.00078,0.03479
153.24,ETH-27MAR20,1574938745988,open,0.07,2135.0,0.032,0.11,0.067106,89.99,0.061,0.0,ETH-27MAR20-240-C,151.1,85.09,0.058,288.0,0.075,289.0,94.09,0.2905,-0.10904,0.10224,0.00419,0.27025
153.24,ETH-27MAR20,1574938745988,open,0.22,3945.0,0.166,0.283,0.223055,86.58,0.204,0.0,ETH-27MAR20-160-P,151.1,76.39,0.2,10.0,0.254,1.0,100.36,0.34583,-0.12489,-0.3317,0.00518,-0.43601
151.24,ETH-27DEC19,1574938745988,open,0.0,4535.0,0.001,0.011,0.0,120.0,0.002,0.0,ETH-27DEC19-760-C,151.1,0.0,0.0,0.0,0.002,300.0,221.29,0.0,-1e-05,0.0,0.0,0.0
151.1,SYN.ETH-29NOV19,1574938745988,open,0.0,359.0,0.001,0.011,0.0,120.0,0.002,0.0,ETH-29NOV19-280-C,151.1,0.0,0.0,0.0,0.001,2.0,500.0,0.0,0.0,0.0,0.0,0.0
151.1,SYN.ETH-29NOV19,1574938745988,open,0.0,2386.0,0.001,0.011,0.0,120.0,0.001,0.0,ETH-29NOV19-240-C,151.1,0.0,0.0,0.0,0.001,23.0,414.91,0.0,0.0,0.0,0.0,0.0
154.58,SYN.ETH-26JUN20,1574938745988,open,0.04,664.0,0.017,0.088,0.04541,99.08,0.045,0.0,ETH-26JUN20-440-C,151.1,96.6,0.041,20.0,0.051,300.0,102.08,0.28077,-0.06596,0.09847,0.00205,0.15567
154.58,SYN.ETH-26JUN20,1574938745988,open,0.03,111.0,0.008,0.063,0.028287,102.15,0.027,0.0,ETH-26JUN20-560-C,151.1,95.45,0.02,300.0,0.036,300.0,107.48,0.20932,-0.0507,0.0659,0.00148,0.10208
154.58,SYN.ETH-26JUN20,1574938745990,open,0.26,103.0,0.198,0.317,0.259167,91.38,0.218,0.0,ETH-26JUN20-160-C,151.1,66.18,0.185,1.0,3.99,1.0,500.0,0.44842,-0.09716,0.31957,0.00355,0.61701
151.24,ETH-27DEC19,1574938745992,open,0.45,2830.0,0.416,0.518,0.464324,90.84,0.65,0.0,ETH-27DEC19-220-P,151.1,0.0,0.454,51.0,0.482,1.0,120.34,0.06925,-0.10892,-0.1644,0.00421,-0.90971
151.24,ETH-27DEC19,1574938746008,open,0.0,16677.0,0.001,0.011,1e-06,120.0,0.001,0.0,ETH-27DEC19-640-C,151.1,0.0,0.0,0.0,0.003,300.0,211.71,4e-05,-8e-05,0.0,0.0,2e-05
153.24,ETH-27MAR20,1574938746008,open,0.02,834.0,0.006,0.033,0.016254,87.47,0.01,0.0,ETH-27MAR20-80-P,151.1,79.2,0.011,300.0,0.021,301.0,93.97,0.10584,-0.03862,-0.03883,0.00157,-0.0609
151.24,ETH-27DEC19,1574938746010,open,3.72,0.0,3.622,3.907,3.760646,120.0,None,0.0,ETH-27DEC19-720-P,151.1,0.0,0.004,50.0,0.0,0.0,0.0,1e-05,-2e-05,-0.5696,0.0,-1.0
151.1,SYN.ETH-29NOV19,1574938746010,open,0.0,2491.0,0.001,0.011,0.0,120.0,0.001,0.0,ETH-29NOV19-200-C,151.1,0.0,0.0,0.0,0.001,3.0,272.89,0.0,0.0,0.0,0.0,0.0
154.58,SYN.ETH-26JUN20,1574938746010,open,0.31,90.0,0.25,0.364,0.308482,91.38,0.282,0.0,ETH-26JUN20-140-C,151.1,55.64,0.211,2.0,0.0,0.0,0.0,0.41573,-0.09007,0.33884,0.0033,0.68789
154.58,SYN.ETH-26JUN20,1574938746010,open,0.22,426.0,0.157,0.278,0.21846,91.38,0.19,0.0,ETH-26JUN20-180-C,151.1,82.61,0.192,270.0,0.214,270.0,89.9,0.4649,-0.10073,0.29693,0.00369,0.55095
151.1,SYN.ETH-29NOV19,1574938746010,open,0.0,71.0,0.001,0.011,0.0,120.0,0.001,0.0,ETH-29NOV19-110-P,151.1,0.0,0.0,0.0,0.001,1.0,317.27,0.0,0.0,0.0,0.0,0.0
153.24,ETH-27MAR20,1574938746014,open,0.51,30.0,0.45,0.594,0.519583,88.76,0.306,0.0,ETH-27MAR20-220-P,151.1,0.0,0.001,9.0,0.544,1.0,100.32,0.31567,-0.11686,-0.60173,0.00461,-0.67602
151.17,SYN.ETH-13DEC19,1574938746016,open,0.0,0.001,0.012,0.002121,87.32,None,0.0,ETH-13DEC19-110-P,151.1,93.21,0.003,200.0,0.006,200.0,108.15,0.02034,-0.0597,-0.00193,0.0025,-0.02926
151.17,SYN.ETH-13DEC19,1574938746016,open,0.0,0.251,0.298,0.274473,87.32,None,0.0,ETH-13DEC19-110-C,151.1,0.0,0.0,0.0,0.0,0.0,0.0,0.02034,-0.0597,0.0429,0.0025,0.97074
154.58,SYN.ETH-26JUN20,1574938746014,open,0.57,0.0,0.497,0.666,0.580156,91.38,None,0.0,ETH-26JUN20-220-P,151.1,29.68,0.43,1.0,0.607,1.0,100.3,0.4627,-0.10025,-1.02171,0.00367,-0.5639
151.1,SYN.ETH-29NOV19,1574938746017,open,0.21,51.0,0.182,0.229,0.205847,120.01,0.196,0.0,ETH-29NOV19-120-C,151.1,0.0,0.01,50.0,0.224,1.0,481.04,1e-05,-0.00072,0.00288,2e-05,0.99996
151.14,SYN.ETH-6DEC19,1574938746023,open,0.19,0.0,0.158,0.238,0.19633,86.54,None,0.0,ETH-6DEC19-180-P,151.1,0.0,0.19,1.0,0.418,1.0,500.0,0.03749,-0.20595,-0.03592,0.00879,-0.90512
151.1,SYN.ETH-29NOV19,1574938746023,open,0.0,2925.0,0.001,0.011,0.0,120.0,0.003,0.0,ETH-29NOV19-100-P,151.1,0.0,0.0,0.0,0.001,1.0,399.56,0.0,0.0,0.0,0.0,0.0
151.14,SYN.ETH-6DEC19,1574938746041,open,0.0,105.0,0.001,0.011,0.000461,120.0,0.001,0.0,ETH-6DEC19-100-P,151.1,0.0,0.0,0.0,0.002,501.0,148.68,0.00461,-0.03512,-0.00026,0.00078,-0.00752
154.58,SYN.ETH-26JUN20,1574938746047,open,0.14,474.0,0.08,0.192,0.133731,91.38,0.132,0.0,ETH-26JUN20-240-C,151.1,86.97,0.121,292.0,0.137,282.0,92.5,0.44993,-0.09748,0.22653,0.00357,0.38738
153.24,ETH-27MAR20,1574938746054,open,1.86,0.0,1.792,1.991,1.885306,102.62,None,0.0,ETH-27MAR20-440-P,151.1,0.0,0.003,50.0,2.625,1.0,500.0,0.11384,-0.04873,-1.41846,0.00144,-0.93312
151.1,SYN.ETH-29NOV19,1574938746057,open,0.84,0.0,0.8,0.91,0.853025,0.0,None,0.0,ETH-29NOV19-280-P,151.1,0.0,0.01,50.0,0.0,0.0,0.0,0.0,0.0,-0.00672,0.0,-1.0
151.1,SYN.ETH-29NOV19,1574938746059,open,0.05,583.0,0.029,0.096,0.061097,91.7,0.058,0.0,ETH-29NOV19-160-P,151.1,77.53,0.06,40.0,0.067,40.0,141.04,0.0135,-0.61901,-0.00346,0.02687,-0.89455
151.24,ETH-27DEC19,1574938746061,open,2.15,21.0,2.082,2.272,2.173811,120.0,0.629,0.0,ETH-27DEC19-480-P,151.1,0.0,0.002,50.0,0.0,0.0,0.0,0.00085,-0.00178,-0.37967,4e-05,-0.99943
154.58,SYN.ETH-26JUN20,1574938746061,open,0.03,580.0,0.007,0.059,0.025134,106.84,0.024,0.0,ETH-26JUN20-640-C,151.1,102.39,0.02,310.0,0.029,300.0,109.86,0.19007,-0.04815,0.05752,0.00129,0.08954
151.24,ETH-27DEC19,1574938746068,open,2.41,37.0,2.339,2.545,2.438263,120.0,0.707,0.0,ETH-27DEC19-520-P,151.1,0.0,0.003,50.0,0.0,0.0,0.0,0.00038,-0.0008,-0.41135,2e-05,-0.99976
151.24,ETH-27DEC19,1574938746072,open,0.35,0.0,0.321,0.37,0.345499,98.64,None,0.0,ETH-27DEC19-100-C,151.1,0.0,0.338,1.0,0.616,1.0,500.0,0.04497,-0.0768,0.07214,0.00252,0.94843
151.14,SYN.ETH-6DEC19,1574938746072,open,0.03,456.0,0.005,0.048,0.022465,76.24,0.023,0.0,ETH-6DEC19-160-C,151.1,71.54,0.02,323.0,0.023,160.0,77.25,0.07994,-0.38695,0.00988,0.02127,0.32536
153.24,ETH-27MAR20,1574938746081,open,1.1,7.0,1.041,1.207,1.119067,94.73,1.28,0.0,ETH-27MAR20-320-P,151.1,0.0,0.011,5.0,1.133,2.0,104.81,0.19449,-0.07685,-0.99654,0.00266,-0.86102
151.1,SYN.ETH-29NOV19,1574938746083,open,0.08,141.0,0.045,0.106,0.075683,115.04,0.09,0.0,ETH-29NOV19-140-C,151.1,0.0,0.073,30.0,0.076,40.0,119.13,0.01135,-0.65298,0.00305,0.01801,0.91662
151.14,SYN.ETH-6DEC19,1574938746083,open,0.1,372.0,0.058,0.123,0.090992,79.52,0.108,0.0,ETH-6DEC19-140-C,151.1,58.14,0.082,40.0,0.09,40.0,77.32,0.06865,-0.3466,0.02189,0.01752,0.76231
153.24,ETH-27MAR20,1574938746100,open,2.38,0.0,2.298,2.524,2.403855,108.85,None,0.0,ETH-27MAR20-520-P,151.1,0.0,0.006,50.0,0.0,0.0,0.0,0.09029,-0.04099,-1.68803,0.00108,-0.9502
151.14,SYN.ETH-6DEC19,1574938746108,open,0.22,0.0,0.183,0.237,0.209702,102.71,None,0.0,ETH-6DEC19-120-C,151.1,0.0,0.206,1.0,0.28,1.0,300.11,0.02444,-0.15939,0.024,0.00483,0.94571
151.24,ETH-27DEC19,1574938746117,open,0.0,11489.0,0.001,0.011,0.00012,120.0,0.002,0.0,ETH-27DEC19-440-C,151.1,0.0,0.0,0.0,0.002,659.0,157.98,0.00191,-0.00397,0.00015,9e-05,0.00137
153.24,ETH-27MAR20,1574938746126,open,0.31,40.0,0.259,0.346,0.303384,86.58,0.459,0.0,ETH-27MAR20-120-C,151.1,34.52,0.226,1.0,0.0,0.0,0.0,0.26626,-0.09615,0.23515,0.00399,0.77062
151.24,ETH-27DEC19,1574938746126,open,2.93,0.0,2.852,3.09,2.967208,120.0,0.953,0.0,ETH-27DEC19-600-P,151.1,0.0,0.02,50.0,0.0,0.0,0.0,8e-05,-0.00017,-0.47466,0.0,-0.99995
154.58,SYN.ETH-26JUN20,1574938746126,open,0.38,357.0,0.308,0.46,0.382927,91.38,0.405,0.0,ETH-26JUN20-180-P,151.1,19.97,0.178,1.0,0.4,1.0,97.07,0.4649,-0.10073,-0.74301,0.00369,-0.44905
151.24,ETH-27DEC19,1574938746128,open,2.67,0.0,2.595,2.817,2.702732,120.0,0.845,0.0,ETH-27DEC19-560-P,151.1,0.0,0.02,50.0,0.0,0.0,0.0,0.00017,-0.00036,-0.44301,1e-05,-0.9999
151.24,ETH-27DEC19,1574938746128,open,3.46,1.0,3.366,3.635,3.496166,120.0,2.792,0.0,ETH-27DEC19-680-P,151.1,0.0,0.02,50.0,0.0,0.0,0.0,2e-05,-4e-05,-0.53796,0.0,-0.99999
154.58,SYN.ETH-26JUN20,1574938746134,open,1.13,0.0,1.053,1.248,1.146145,92.59,1.06,0.0,ETH-26JUN20-320-P,151.1,0.0,0.015,2.0,1.165,1.0,100.16,0.37146,-0.08155,-1.6955,0.00291,-0.75239
151.1,SYN.ETH-29NOV19,1574938746136,open,0.34,3.0,0.318,0.357,0.338205,159.51,0.33,0.0,ETH-29NOV19-100-C,151.1,0.0,0.01,50.0,0.342,1.0,500.0,0.0,0.0,0.0024,0.0,1.0
151.24,ETH-27DEC19,1574938746155,open,0.58,2355.0,0.543,0.649,0.593049,96.43,0.495,0.0,ETH-27DEC19-240-P,151.1,0.0,0.586,50.0,0.774,1.0,300.71,0.04972,-0.08302,-0.1836,0.00285,-0.94143
151.14,SYN.ETH-6DEC19,1574938746162,open,0.13,164.0,0.097,0.175,0.13475,78.91,0.138,0.0,ETH-6DEC19-170-P,151.1,74.03,0.133,40.0,0.141,40.0,94.39,0.05605,-0.28081,-0.03148,0.01441,-0.83061
151.24,ETH-27DEC19,1574938746164,open,3.2,0.0,3.109,3.362,3.231686,120.0,None,0.0,ETH-27DEC19-640-P,151.1,0.0,0.02,50.0,0.0,0.0,0.0,4e-05,-8e-05,-0.50631,0.0,-0.99998
153.24,ETH-27MAR20,1574938746185,open,2.63,0.0,2.55,2.789,2.662638,109.55,None,0.0,ETH-27MAR20-560-P,151.1,0.0,0.02,50.0,0.0,0.0,0.0,0.07574,-0.03461,-1.82318,0.0009,-0.95996
151.14,SYN.ETH-6DEC19,1574938746185,open,0.01,486.0,0.001,0.029,0.009951,78.91,0.01,0.0,ETH-6DEC19-170-C,151.1,70.46,0.007,313.0,0.011,160.0,81.69,0.05605,-0.28081,0.0052,0.01441,0.16939
151.24,ETH-27DEC19,1574938746192,open,0.33,3551.0,0.293,0.39,0.339275,85.79,0.302,0.0,ETH-27DEC19-200-P,151.1,0.0,0.322,1.0,0.36,20.0,112.73,0.09908,-0.1472,-0.14232,0.00638,-0.85022
151.1,SYN.ETH-29NOV19,1574938746201,open,0.38,30.0,0.35,0.432,0.389769,0.0,0.328,0.0,ETH-29NOV19-210-P,151.1,0.0,0.011,3.0,0.0,0.0,0.0,0.0,0.0,-0.00504,0.0,-1.0
151.24,ETH-27DEC19,1574938746204,open,1.36,257.0,1.312,1.457,1.381153,120.0,0.995,0.0,ETH-27DEC19-360-P,151.1,0.0,0.021,5.0,0.0,0.0,0.0,0.00951,-0.01976,-0.28392,0.00044,-0.99182
151.24,ETH-27DEC19,1574938746204,open,0.97,1.0,0.927,1.052,0.986136,113.48,0.494,0.0,ETH-27DEC19-300-P,151.1,0.0,0.021,6.0,0.0,0.0,0.0,0.0236,-0.04638,-0.23483,0.00115,-0.9765
153.24,ETH-27MAR20,1574938746206,open,2.89,0.0,2.803,3.056,2.922569,111.59,None,0.0,ETH-27MAR20-600-P,151.1,0.0,0.03,50.0,0.0,0.0,0.0,0.06752,-0.03143,-1.95664,0.00078,-0.96521
151.1,SYN.ETH-29NOV19,1574938746206,open,0.71,0.0,0.671,0.773,0.720666,0.0,None,0.0,ETH-29NOV19-260-P,151.1,0.0,0.01,50.0,0.0,0.0,0.0,0.0,0.0,-0.00624,0.0,-1.0
154.58,SYN.ETH-26JUN20,1574938746210,open,0.53,0.0,0.494,0.56,0.526659,91.38,None,0.0,ETH-26JUN20-80-C,151.1,0.0,0.482,1.0,0.96,1.0,500.0,0.2025,-0.04387,0.3356,0.00161,0.90244
151.24,ETH-27DEC19,1574938746216,open,0.02,6910.0,0.006,0.039,0.018861,85.14,0.018,0.0,ETH-27DEC19-120-P,151.1,82.1,0.017,304.0,0.021,160.0,88.52,0.09411,-0.13874,-0.01886,0.00611,-0.13875
153.24,ETH-27MAR20,1574938746219,open,0.08,1179.0,0.05,0.128,0.086469,86.58,0.093,0.0,ETH-27MAR20-120-P,151.1,81.1,0.077,278.0,0.092,278.0,89.75,0.26626,-0.09615,-0.15896,0.00399,-0.22938
151.1,SYN.ETH-29NOV19,1574938746219,open,0.31,100.0,0.286,0.364,0.32359,119.41,0.149,0.0,ETH-29NOV19-200-P,151.1,0.0,0.037,5.0,0.0,0.0,0.0,0.0,-2e-05,-0.0048,0.0,-1.0
153.24,ETH-27MAR20,1574938746222,open,3.15,0.0,3.057,3.323,3.182694,113.43,None,0.0,ETH-27MAR20-640-P,151.1,0.0,0.01,50.0,0.0,0.0,0.0,0.06052,-0.02863,-2.08974,0.00069,-0.96954
151.1,SYN.ETH-29NOV19,1574938746222,open,0.44,0.0,0.414,0.5,0.455949,0.0,None,0.0,ETH-29NOV19-220-P,151.1,0.0,0.011,2.0,0.0,0.0,0.0,0.0,0.0,-0.00528,0.0,-1.0
151.1,SYN.ETH-29NOV19,1574938746227,open,0.28,2.0,0.25,0.293,0.272026,125.24,0.263,0.0,ETH-29NOV19-110-C,151.1,0.0,0.0,0.0,0.282,1.0,500.0,0.0,0.0,0.00264,0.0,1.0
154.58,SYN.ETH-26JUN20,1574938746227,open,2.88,0.0,2.777,3.053,2.906566,103.33,None,0.0,ETH-26JUN20-600-P,151.1,0.0,0.01,50.0,0.0,0.0,0.0,0.19252,-0.04717,-3.40743,0.00135,-0.9089
151.14,SYN.ETH-6DEC19,1574938746248,open,0.0,34.0,0.001,0.012,0.002049,101.94,0.004,0.0,ETH-6DEC19-200-C,151.1,90.93,0.001,10.0,0.003,200.0,109.17,0.01766,-0.11428,0.00112,0.00351,0.03626
151.1,SYN.ETH-29NOV19,1574938746248,open,0.12,167.0,0.093,0.163,0.125574,119.99,0.15,0.0,ETH-29NOV19-170-P,151.1,0.0,0.125,40.0,0.133,40.0,220.1,0.0042,-0.25179,-0.00399,0.00638,-0.97589
151.24,ETH-27DEC19,1574938746250,open,0.84,310.0,0.799,0.918,0.854808,109.1,0.49,0.0,ETH-27DEC19-280-P,151.1,0.0,0.003,9.0,0.0,0.0,0.0,0.03045,-0.05752,-0.21811,0.00154,-0.96811
151.24,ETH-27DEC19,1574938746250,open,0.71,946.0,0.671,0.783,0.72358,102.84,0.3,0.0,ETH-27DEC19-260-P,151.1,0.0,0.719,50.0,1.106,1.0,499.76,0.0381,-0.06784,-0.2012,0.00205,-0.95805
154.58,SYN.ETH-26JUN20,1574938746265,open,0.37,142.0,0.316,0.418,0.368209,91.38,0.335,0.0,ETH-26JUN20-120-C,151.1,39.54,0.253,1.0,0.0,0.0,0.0,0.36383,-0.07883,0.35142,0.00288,0.76171
7604.07,BTC-27MAR20,1574938747068,open,0.2,51.3,0.1625,0.2435,0.19974242,71.98,0.203,0.0,BTC-27MAR20-7000-C,7480.86,59.03,0.1725,7.0,0.2105,7.0,77.09,16.0037,-4.80488,11.44353,0.00012,0.65796
7604.07,BTC-27MAR20,1574938747912,open,0.19,277.8,0.151,0.2445,0.19315419,71.19,0.1875,0.0,BTC-27MAR20-8000-P,7480.86,65.21,0.1795,5.0,0.2215,5.0,83.67,17.33007,-5.14582,-16.51844,0.00013,-0.46829
151.1,SYN.ETH-29NOV19,1574938747923,open,0.18,708.0,0.157,0.229,0.191257,120.0,0.169,0.0,ETH-29NOV19-180-P,151.1,0.0,0.171,20.0,0.202,1.0,314.95,0.00038,-0.02299,-0.00431,0.00058,-0.9984
153.24,ETH-27MAR20,1574938747962,open,0.86,173.0,0.798,0.957,0.873896,93.82,1.157,0.0,ETH-27MAR20-280-P,151.1,0.0,0.819,13.0,0.902,14.0,110.02,0.24364,-0.09534,-0.84394,0.00337,-0.80298
153.24,ETH-27MAR20,1574938747972,open,0.4,747.0,0.344,0.482,0.411346,87.51,0.57,0.0,ETH-27MAR20-200-P,151.1,62.03,0.358,24.0,0.45,24.0,104.81,0.33686,-0.12296,-0.5142,0.00499,-0.61035
7484.43,SYN.BTC-6DEC19,1574938748173,open,0.02,357.3,0.0035,0.0365,0.01553975,67.9,0.015,0.0,BTC-6DEC19-8000-C,7480.86,63.62,0.0135,20.4,0.016,16.0,68.85,3.62345,-15.61949,0.40815,0.00044,0.26827
7481.26,SYN.BTC-29NOV19,1574938748195,open,0.04,373.4,0.013,0.0585,0.03527122,78.08,0.0415,0.0,BTC-29NOV19-7250-C,7480.86,64.22,0.0335,0.1,0.035,0.1,76.09,1.02716,-40.09922,0.13719,0.00098,0.79959
7493.96,BTC-27DEC19,1574938748200,open,2.99,0.2,2.925,3.0845,3.00322684,120.0,2.51,0.0,BTC-27DEC19-30000-P,7480.86,0.0,0.0,0.0,0.0,0.0,0.0,0.00357,-0.00741,-23.73322,0.0,-0.99996
7714.16,SYN.BTC-26JUN20,1574938748270,open,2.89,0.0,2.8185,3.0125,2.9064931,96.84,None,0.0,BTC-26JUN20-30000-P,7480.86,0.0,0.0,0.0,0.0,0.0,0.0,7.85653,-1.80388,-170.99285,2e-05,-0.93019
153.24,ETH-27MAR20,1574938748330,open,0.63,119.0,0.562,0.71,0.633276,89.99,0.835,0.0,ETH-27MAR20-240-P,151.1,55.21,0.58,17.0,0.663,17.0,104.93,0.2905,-0.10904,-0.68599,0.00419,-0.72975
7481.26,SYN.BTC-29NOV19,1574938748339,open,0.1,155.3,0.0795,0.1215,0.09865708,120.23,0.1045,0.0,BTC-29NOV19-6750-C,7480.86,0.0,0.0975,0.1,0.1005,0.1,152.78,0.30192,-18.14927,0.15499,0.00019,0.96214
7481.26,SYN.BTC-29NOV19,1574938748339,open,0.1,214.8,0.0815,0.1305,0.1035218,109.73,0.097,0.0,BTC-29NOV19-8250-P,7480.86,0.0,0.1025,0.1,0.106,0.1,149.53,0.29294,-16.07179,-0.19152,0.0002,-0.96352
151.24,ETH-27DEC19,1574938748346,open,0.22,4510.0,0.177,0.27,0.222545,81.76,0.2,0.0,ETH-27DEC19-180-P,151.1,0.0,0.186,26.0,0.233,1.0,92.83,0.1381,-0.1955,-0.11512,0.00933,-0.73958
7481.26,SYN.BTC-29NOV19,1574938748401,open,0.3,2.0,0.278,0.33,0.30324125,0.0,0.161,0.0,BTC-29NOV19-9750-P,7480.86,0.0,0.298,2.0,0.0,0.0,0.0,0.0,0.0,-0.23392,0.0,-1.0
7484.43,SYN.BTC-6DEC19,1574938748474,open,0.04,101.8,0.018,0.0665,0.03914769,64.97,0.039,0.0,BTC-6DEC19-7500-P,7480.86,62.16,0.0375,2.0,0.041,12.0,68.13,4.38451,-18.08495,-0.85397,0.00056,-0.48965
7714.16,SYN.BTC-26JUN20,1574938748509,open,3.15,0.0,3.072,3.2745,3.16416179,98.49,None,0.0,BTC-26JUN20-32000-P,7480.86,0.0,0.0,0.0,0.0,0.0,0.0,7.29967,-1.70463,-182.75853,2e-05,-0.93651
7604.06,BTC-27MAR20,1574938748540,open,3.72,0.0,3.6425,3.8465,3.73811102,113.51,None,0.0,BTC-27MAR20-36000-P,7480.86,0.0,0.0,0.0,0.0,0.0,0.0,2.06228,-0.97641,-117.8422,1e-05,-0.98053
7481.26,SYN.BTC-29NOV19,1574938748548,open,0.07,997.9,0.0485,0.097,0.07066611,90.83,0.059,0.0,BTC-29NOV19-8000-P,7480.86,62.6,0.0695,0.1,0.0725,0.1,113.25,0.48563,-22.05511,-0.17982,0.0004,-0.93118
7604.06,BTC-27MAR20,1574938748566,open,0.11,290.9,0.07,0.1515,0.10593058,74.15,0.1135,0.0,BTC-27MAR20-9000-C,7480.86,72.85,0.103,1.3,0.107,9.1,74.63,17.09278,-5.28664,8.01722,0.00012,0.42696
7493.96,BTC-27DEC19,1574938748590,open,0.22,112.9,0.192,0.241,0.21478402,77.24,0.19,0.0,BTC-27DEC19-6000-C,7480.86,37.93,0.2,9.1,0.2355,9.0,107.48,4.43066,-5.92588,3.89155,0.00013,0.87119
7714.16,SYN.BTC-26JUN20,1574938748592,open,2.63,0.0,2.5655,2.751,2.64907827,95.0,None,0.0,BTC-26JUN20-28000-P,7480.86,0.0,0.0,0.0,0.0,0.0,0.0,8.48307,-1.91078,-159.19207,3e-05,-0.92282
7481.26,SYN.BTC-29NOV19,1574938748612,open,0.07,562.2,0.0455,0.0895,0.0661683,99.11,0.0795,0.0,BTC-29NOV19-7000-C,7480.86,79.39,0.065,0.1,0.067,0.1,109.4,0.55335,-27.42143,0.15295,0.00042,0.91833
7604.06,BTC-27MAR20,1574938748671,open,1.89,5.6,1.84,1.9815,1.90402255,98.57,1.545,0.0,BTC-27MAR20-22000-P,7480.86,0.0,0.0,0.0,0.0,0.0,0.0,4.84831,-1.9934,-71.15055,3e-05,-0.94499
7481.26,SYN.BTC-29NOV19,1574938748680,open,0.0,468.6,0.0005,0.0105,0.0,120.0,0.0005,0.0,BTC-29NOV19-12000-C,7480.86,0.0,0.0,0.0,0.0005,0.4,387.87,0.0,0.0,0.0,0.0,0.0
7604.06,BTC-27MAR20,1574938748683,open,0.01,137.6,0.0005,0.0225,0.00578828,108.77,0.006,0.0,BTC-27MAR20-30000-C,7480.86,105.12,0.0045,41.0,0.007,35.0,111.74,2.91324,-1.32169,0.58889,1e-05,0.02937
7493.96,BTC-27DEC19,1574938748683,open,0.0,832.1,0.0005,0.0105,0.00021479,120.0,0.001,0.0,BTC-27DEC19-3000-P,7480.86,0.0,0.0,0.0,0.001,17.0,143.33,0.1325,-0.27531,-0.01302,0.0,-0.00198
7714.16,SYN.BTC-26JUN20,1574938748685,open,1.37,1.9,1.307,1.4555,1.37302189,83.56,1.35,0.0,BTC-26JUN20-18000-P,7480.86,0.0,1.31,0.1,1.5,0.1,135.04,13.95389,-2.76465,-98.86613,5e-05,-0.8453
7714.16,SYN.BTC-26JUN20,1574938748685,open,0.01,118.9,0.0005,0.0205,0.00861242,78.3,0.0085,0.0,BTC-26JUN20-3000-P,7480.86,73.88,0.0065,32.0,0.0105,31.0,81.79,3.96233,-0.73564,-1.70985,1e-05,-0.02975
7484.43,SYN.BTC-6DEC19,1574938748685,open,0.01,80.8,0.0005,0.022,0.00634235,72.21,0.007,0.0,BTC-6DEC19-8500-C,7480.86,67.57,0.005,40.0,0.007,20.0,74.34,2.27324,-10.42194,0.19291,0.00026,0.1258
7484.43,SYN.BTC-6DEC19,1574938748688,open,0.14,0.0,0.116,0.1725,0.14201928,72.17,0.219,0.0,BTC-6DEC19-8500-P,7480.86,0.0,0.0,0.0,0.0,0.0,0.0,2.27121,-10.40612,-1.64139,0.00026,-0.87436
7493.96,BTC-27DEC19,1574938748693,open,5.91,0.8,5.803,6.0805,5.93892148,120.0,3.59,0.0,BTC-27DEC19-52000-P,7480.86,0.0,0.001,1.0,0.0,0.0,0.0,0.0,0.0,-41.13798,0.0,-1.0
7481.26,SYN.BTC-29NOV19,1574938748693,open,0.66,0.0,0.6385,0.7045,0.67082206,0.0,None,0.0,BTC-29NOV19-12500-P,7480.86,0.0,0.0,0.0,0.0,0.0,0.0,0.0,0.0,-0.2999,0.0,-1.0
7493.96,BTC-27DEC19,1574938748695,open,0.6,11.0,0.59,0.6095,0.59989239,120.0,0.5835,0.0,BTC-27DEC19-3000-C,7480.86,0.0,0.593,13.0,0.607,13.0,198.86,0.1325,-0.27531,2.36033,0.0,0.99802
7493.96,BTC-27DEC19,1574938748699,open,0.03,1020.4,0.0095,0.0485,0.02425818,74.68,0.025,0.0,BTC-27DEC19-9000-C,7480.86,73.17,0.023,12.8,0.025,17.9,75.57,6.26725,-8.10473,1.17004,0.00019,0.22161
7604.06,BTC-27MAR20,1574938748699,open,0.39,139.4,0.3445,0.452,0.39310545,75.38,0.407,0.0,BTC-27MAR20-10000-P,7480.86,59.54,0.3615,0.9,0.447,16.1,100.06,15.93002,-5.00827,-26.35149,0.00011,-0.66206
7484.43,SYN.BTC-6DEC19,1574938748699,open,0.27,0.2,0.2505,0.286,0.266653,110.13,0.175,0.0,BTC-6DEC19-5500-C,7480.86,0.0,0.255,7.0,0.278,7.0,177.14,0.61122,-4.27342,1.14627,5e-05,0.97644
7714.16,SYN.BTC-26JUN20,1574938748699,open,0.65,8.8,0.59,0.7255,0.6509759,78.02,0.783,0.0,BTC-26JUN20-12000-P,7480.86,0.0,0.175,0.2,2.0,1.0,500.0,21.1528,-3.91296,-59.01296,8e-05,-0.67314
7484.43,SYN.BTC-6DEC19,1574938748699,open,0.03,430.8,0.0075,0.048,0.02421193,66.16,0.0255,0.0,BTC-6DEC19-7750-C,7480.86,62.18,0.022,17.5,0.0245,16.0,66.68,4.17999,-17.55742,0.57169,0.00052,0.37821
7484.43,SYN.BTC-6DEC19,1574938748702,open,0.2,0.0,0.1795,0.2365,0.20569785,79.93,None,0.0,BTC-6DEC19-9000-P,7480.86,0.0,0.0,0.0,0.0,0.0,0.0,1.39863,-7.09707,-1.8417,0.00014,-0.93472
7484.43,SYN.BTC-6DEC19,1574938748709,open,0.27,0.0,0.245,0.3025,0.2711762,88.18,None,0.0,BTC-6DEC19-9500-P,7480.86,0.0,0.0,0.0,0.0,0.0,0.0,0.90572,-5.07063,-1.99174,8e-05,-0.96215
7493.96,BTC-27DEC19,1574938748716,open,3.79,1.3,3.71,3.9015,3.80386896,120.0,3.212,0.0,BTC-27DEC19-36000-P,7480.86,0.0,0.0,0.0,0.0,0.0,0.0,0.00037,-0.00076,-28.48012,0.0,-1.0
7484.43,SYN.BTC-6DEC19,1574938748723,open,0.04,367.9,0.0165,0.0625,0.03707981,64.99,0.0365,0.0,BTC-6DEC19-7500-C,7480.86,61.44,0.035,18.3,0.038,12.0,66.56,4.3845,-18.09066,0.76431,0.00056,0.51036
7714.16,SYN.BTC-26JUN20,1574938748723,open,0.1,236.6,0.057,0.1485,0.09542121,78.03,0.0965,0.0,BTC-26JUN20-12000-C,7480.86,76.96,0.0925,5.0,0.0985,18.5,79.15,21.154,-3.91366,10.31691,8e-05,0.32691
7484.43,SYN.BTC-6DEC19,1574938748725,open,0.23,0.0,0.212,0.269,0.23814668,82.92,None,0.0,BTC-6DEC19-9250-P,7480.86,0.0,0.0,0.0,0.0,0.0,0.0,1.0732,-5.64965,-1.92414,0.00011,-0.95332
7714.16,SYN.BTC-26JUN20,1574938748725,open,0.06,262.3,0.0305,0.087,0.05345212,72.54,0.053,0.0,BTC-26JUN20-5000-P,7480.86,70.53,0.05,7.7,0.056,19.0,74.01,13.30805,-2.28908,-8.80434,5e-05,-0.1441
7604.06,BTC-27MAR20,1574938748729,open,3.2,0.0,3.127,3.312,3.21316379,110.18,None,0.0,BTC-27MAR20-32000-P,7480.86,0.0,0.001,1.0,0.0,0.0,0.0,2.54546,-1.16976,-104.59459,1e-05,-0.97502
7714.16,SYN.BTC-26JUN20,1574938748731,open,2.38,0.0,2.3125,2.49,2.39233498,93.24,None,0.0,BTC-26JUN20-26000-P,7480.86,0.0,0.0,0.0,0.0,0.0,0.0,9.27619,-2.05074,-147.31639,3e-05,-0.9131
7493.96,BTC-27DEC19,1574938748739,open,0.22,926.0,0.1925,0.264,0.22522536,74.68,0.21,0.0,BTC-27DEC19-9000-P,7480.86,64.91,0.2175,1.0,0.35,1.0,194.06,6.26725,-8.10473,-5.95,0.00019,-0.77839
7481.26,SYN.BTC-29NOV19,1574938748741,open,0.0,1093.7,0.0005,0.0105,0.0,120.0,0.0005,0.0,BTC-29NOV19-13000-C,7480.86,0.0,0.0,0.0,0.0015,39.0,500.0,0.0,0.0,0.0,0.0,0.0
7714.16,SYN.BTC-26JUN20,1574938748741,open,0.16,232.3,0.1205,0.216,0.16286669,72.13,0.162,0.0,BTC-26JUN20-7000-P,7480.86,69.81,0.1565,20.3,0.163,0.5,72.18,21.12685,-3.61319,-21.78239,9e-05,-0.32588
7604.06,BTC-27MAR20,1574938748751,open,0.08,473.8,0.046,0.1215,0.0780358,75.38,0.0845,0.0,BTC-27MAR20-10000-C,7480.86,73.45,0.074,26.2,0.08,16.2,76.32,15.93064,-5.00902,6.49159,0.00011,0.33797
7493.96,BTC-27DEC19,1574938748751,open,3.25,0.3,3.1865,3.357,3.27010677,120.0,2.744,0.0,BTC-27DEC19-32000-P,7480.86,0.0,0.0,0.0,0.0,0.0,0.0,0.00165,-0.00343,-25.31558,0.0,-0.99998
7493.96,BTC-27DEC19,1574938748754,open,2.19,0.0,2.14,2.2685,2.20258344,104.31,None,0.0,BTC-27DEC19-24000-P,7480.86,0.0,0.0,0.0,0.0,0.0,0.0,0.00569,-0.01028,-18.98639,0.0,-0.99993
7484.43,SYN.BTC-6DEC19,1574938748754,open,0.0,20.9,0.0005,0.0125,0.00226297,83.02,0.001,0.0,BTC-6DEC19-9250-C,7480.86,77.08,0.0015,20.0,0.003,40.0,87.74,1.07724,-5.67802,0.07208,0.00011,0.0469
7481.26,SYN.BTC-29NOV19,1574938748754,open,0.04,546.0,0.0165,0.0635,0.03887747,71.74,0.038,0.0,BTC-29NOV19-7750-P,7480.86,63.98,0.038,4.1,0.041,0.2,87.84,0.89845,-32.22915,-0.15741,0.00093,-0.83811
7714.16,SYN.BTC-26JUN20,1574938748754,open,0.62,15.6,0.607,0.6365,0.61972375,78.31,0.6035,0.0,BTC-26JUN20-3000-C,7480.86,0.0,0.61,6.0,0.63,6.0,94.5,3.9639,-0.73605,15.62147,1e-05,0.97023
7484.43,SYN.BTC-6DEC19,1574938748754,open,0.01,84.0,0.0005,0.027,0.00929792,73.6,0.0095,0.0,BTC-6DEC19-6750-P,7480.86,71.3,0.0085,0.1,0.0095,16.0,74.17,2.63522,-12.31311,-0.26758,0.0003,-0.15639
7484.43,SYN.BTC-6DEC19,1574938748754,open,0.06,197.1,0.0325,0.0825,0.05607794,66.6,0.054,0.0,BTC-6DEC19-7250-C,7480.86,59.09,0.052,12.0,0.0565,13.0,67.38,4.08942,-17.29199,0.95248,0.00051,0.64587
7714.16,SYN.BTC-26JUN20,1574938748754,open,0.1,243.0,0.0665,0.1445,0.10011547,72.13,0.098,0.0,BTC-26JUN20-6000-P,7480.86,69.49,0.094,23.3,0.1005,6.4,72.3,17.88784,-3.05927,-14.79882,7e-05,-0.23194
7604.06,BTC-27MAR20,1574938748759,open,1.12,1.1,1.0715,1.1915,1.12509199,86.86,1.08,0.0,BTC-27MAR20-16000-P,7480.86,0.0,0.0,0.0,0.0,0.0,0.0,8.00292,-2.89926,-50.41308,5e-05,-0.89355
7714.16,SYN.BTC-26JUN20,1574938748759,open,2.13,0.0,2.0605,2.2315,2.13700322,91.92,None,0.0,BTC-26JUN20-24000-P,7480.86,0.0,0.0,0.0,0.0,0.0,0.0,10.376,-2.26153,-135.30195,3e-05,-0.89886
7493.96,BTC-27DEC19,1574938748763,open,0.06,912.0,0.03,0.083,0.05336674,71.51,0.052,0.0,BTC-27DEC19-8000-C,7480.86,70.26,0.052,4.2,0.054,14.0,72.09,8.20007,-10.15411,2.12183,0.00026,0.41127
7493.96,BTC-27DEC19,1574938748763,open,0.16,149.5,0.1345,0.1895,0.16055479,73.43,0.158,0.0,BTC-27DEC19-6500-C,7480.86,66.49,0.155,11.0,0.1855,9.0,101.96,6.14419,-7.8127,3.70728,0.00019,0.78588
7493.96,BTC-27DEC19,1574938748763,open,0.0,839.6,0.0005,0.0105,0.0007313,119.4,0.0005,0.0,BTC-27DEC19-18000-C,7480.86,114.77,0.0005,17.0,0.001,10.0,123.6,0.42719,-0.88324,0.03905,1e-05,0.00732
7604.06,BTC-27MAR20,1574938748763,open,4.24,1.0,4.158,4.381,4.26343376,116.64,4.54,0.0,BTC-27MAR20-40000-P,7480.86,0.0,0.0005,2.0,0.0,0.0,0.0,1.72586,-0.83966,-131.05304,1e-05,-0.9842
7481.26,SYN.BTC-29NOV19,1574938748763,open,0.2,268.9,0.1795,0.2285,0.20300654,91.13,0.223,0.0,BTC-29NOV19-9000-P,7480.86,0.0,0.1895,4.0,0.216,4.0,346.25,0.0003,-0.01383,-0.21592,0.0,-0.99998
7714.16,SYN.BTC-26JUN20,1574938748763,open,0.33,106.6,0.276,0.395,0.32976035,73.27,0.333,0.0,BTC-26JUN20-9000-P,7480.86,58.14,0.284,3.0,0.373,3.0,87.56,23.39187,-4.06387,-36.95142,9e-05,-0.49934
7481.26,SYN.BTC-29NOV19,1574938748763,open,0.17,8.9,0.147,0.1955,0.16965092,117.5,0.1655,0.0,BTC-29NOV19-8750-P,7480.86,0.0,0.1645,0.1,0.0,0.0,0.0,0.03891,-2.28599,-0.2093,2e-05,-0.99646
7484.43,SYN.BTC-6DEC19,1574938748763,open,0.0,187.2,0.0005,0.017,0.00422344,87.22,0.0055,0.0,BTC-6DEC19-6250-P,7480.86,83.42,0.0035,0.1,0.0045,1.1,88.6,1.48696,-8.23415,-0.12094,0.00014,-0.07067
7481.26,SYN.BTC-29NOV19,1574938748765,open,0.13,257.9,0.114,0.1635,0.13648784,119.17,0.131,0.0,BTC-29NOV19-8500-P,7480.86,0.0,0.1235,4.0,0.1485,4.0,268.49,0.14244,-8.48692,-0.20121,9e-05,-0.98454
7481.26,SYN.BTC-29NOV19,1574938748765,open,0.33,33.2,0.3105,0.364,0.33665765,0.0,0.316,0.0,BTC-29NOV19-10000-P,7480.86,0.0,0.0,0.0,0.75,1.0,500.0,0.0,0.0,-0.23992,0.0,-1.0
7714.16,SYN.BTC-26JUN20,1574938748765,open,0.03,12.4,0.009,0.062,0.02589384,91.96,0.0275,0.0,BTC-26JUN20-24000-C,7480.86,90.53,0.024,1.0,0.0275,20.0,93.14,10.38707,-2.26491,3.36031,3e-05,0.10129
7481.26,SYN.BTC-29NOV19,1574938748770,open,0.13,180.0,0.1135,0.151,0.13132504,120.97,0.143,0.0,BTC-29NOV19-6500-C,7480.86,0.0,0.1295,0.1,0.1325,0.1,167.17,0.08158,-4.93439,0.15445,5e-05,0.99186
7481.26,SYN.BTC-29NOV19,1574938748787,open,0.0,150.7,0.0005,0.0105,0.0,120.0,0.0005,0.0,BTC-29NOV19-12500-C,7480.86,0.0,0.0,0.0,0.0005,0.1,416.47,0.0,0.0,0.0,0.0,0.0
7493.96,BTC-27DEC19,1574938748789,open,1.39,9.4,1.355,1.455,1.40266566,119.4,1.1125,0.0,BTC-27DEC19-18000-P,7480.86,0.0,0.0,0.0,0.0,0.0,0.0,0.42719,-0.88324,-14.20102,1e-05,-0.99268
7481.26,SYN.BTC-29NOV19,1574938748789,open,0.6,0.0,0.573,0.6365,0.60398918,0.0,None,0.0,BTC-29NOV19-12000-P,7480.86,0.0,0.0,0.0,0.0,0.0,0.0,0.0,0.0,-0.2879,0.0,-1.0
7484.43,SYN.BTC-6DEC19,1574938748789,open,0.24,0.3,0.2165,0.2545,0.23383316,102.22,0.144,0.0,BTC-6DEC19-5750-C,7480.86,0.0,0.2205,7.0,0.2465,7.0,164.63,0.82084,-5.32705,1.1831,7e-05,0.96643
7481.26,SYN.BTC-29NOV19,1574938748789,open,0.73,0.0,0.704,0.773,0.73765494,0.0,None,0.0,BTC-29NOV19-13000-P,7480.86,0.0,0.0,0.0,0.0,0.0,0.0,0.0,0.0,-0.31189,0.0,-1.0
7493.96,BTC-27DEC19,1574938748791,open,0.34,66.8,0.321,0.3585,0.33812829,92.07,0.4645,0.0,BTC-27DEC19-5000-C,7480.86,0.0,0.3265,9.0,0.352,9.0,128.35,2.00887,-3.20247,3.65536,5e-05,0.95469
7714.16,SYN.BTC-26JUN20,1574938748791,open,1.87,0.0,1.8085,1.971,1.88084153,89.18,None,0.0,BTC-26JUN20-22000-P,7480.86,0.0,0.11,1.0,3.0,0.1,500.0,11.28893,-2.38706,-123.32602,4e-05,-0.88631
7481.26,SYN.BTC-29NOV19,1574938748794,open,0.23,11.0,0.2125,0.262,0.23641077,0.0,0.291,0.0,BTC-29NOV19-9250-P,7480.86,0.0,0.0065,0.1,0.0,0.0,0.0,0.0,0.0,-0.22192,0.0,-1.0
7493.96,BTC-27DEC19,1574938748805,open,0.34,530.7,0.3135,0.3845,0.34592376,78.71,0.3435,0.0,BTC-27DEC19-10000-P,7480.86,0.0,0.305,0.1,0.45,0.1,192.78,4.1301,-5.62871,-7.28851,0.00012,-0.88346
7604.06,BTC-27MAR20,1574938748808,open,1.38,0.0,1.327,1.453,1.38333355,91.14,1.23,0.0,BTC-27MAR20-18000-P,7480.86,0.0,0.0,0.0,0.0,0.0,0.0,6.62908,-2.51998,-57.46112,4e-05,-0.91753
7604.06,BTC-27MAR20,1574938748811,open,0.12,159.4,0.0845,0.1655,0.12028939,71.98,0.118,0.0,BTC-27MAR20-7000-P,7480.86,69.46,0.115,18.3,0.1235,18.3,73.5,16.0037,-4.80446,-11.54603,0.00012,-0.34204
7604.06,BTC-27MAR20,1574938748811,open,0.28,99.1,0.2425,0.346,0.28949326,74.15,0.373,0.0,BTC-27MAR20-9000-P,7480.86,57.85,0.2535,2.0,0.0,0.0,0.0,17.0926,-5.28609,-21.54134,0.00012,-0.57307
7604.06,BTC-27MAR20,1574938748811,open,0.05,1207.1,0.022,0.0845,0.04603472,79.06,0.0465,0.0,BTC-27MAR20-12000-C,7480.86,77.54,0.0435,11.0,0.0475,18.7,79.92,12.82062,-4.22751,4.28369,9e-05,0.21756
7604.06,BTC-27MAR20,1574938748811,open,0.0,657.7,0.0005,0.015,0.00309306,116.67,0.0035,0.0,BTC-27MAR20-40000-C,7480.86,113.87,0.0025,11.0,0.0035,20.0,118.39,1.72864,-0.84124,0.31815,1e-05,0.01583
7493.96,BTC-27DEC19,1574938748811,open,0.0,255.7,0.0005,0.0105,3e-08,120.0,0.001,0.0,BTC-27DEC19-1500-P,7480.86,0.0,0.0,0.0,0.0005,17.9,226.17,4e-05,-9e-05,0.0,0.0,0.0
7484.43,SYN.BTC-6DEC19,1574938748811,open,0.01,143.5,0.0005,0.028,0.00979398,69.66,0.0125,0.0,BTC-6DEC19-8250-C,7480.86,64.91,0.008,37.4,0.01,16.0,70.18,2.92363,-12.9288,0.28115,0.00035,0.18389
7714.16,SYN.BTC-26JUN20,1574938748811,open,0.24,192.7,0.19,0.299,0.23901109,72.13,0.233,0.0,BTC-26JUN20-8000-P,7480.86,59.89,0.2025,4.0,0.2755,4.0,84.5,22.89247,-3.91512,-29.26863,9e-05,-0.41771
7714.16,SYN.BTC-26JUN20,1574938748811,open,0.02,23.8,0.0045,0.0455,0.01601595,98.56,0.017,0.0,BTC-26JUN20-32000-C,7480.86,96.92,0.0145,5.0,0.0175,20.0,100.09,7.31866,-1.71035,2.12514,2e-05,0.0637
7604.06,BTC-27MAR20,1574938748814,open,0.14,758.8,0.1035,0.1865,0.14108831,71.2,0.144,0.0,BTC-27MAR20-8000-C,7480.86,70.28,0.139,12.7,0.146,8.1,73.35,17.33001,-5.14624,9.75559,0.00013,0.53172
7493.96,BTC-27DEC19,1574938748814,open,0.12,934.4,0.09,0.1575,0.1208846,71.51,0.12,0.0,BTC-27DEC19-8000-P,7480.86,61.01,0.1095,8.0,0.1295,8.0,79.34,8.19998,-10.1529,-4.20714,0.00026,-0.58875
7481.26,SYN.BTC-29NOV19,1574938748814,open,0.0,217.1,0.0005,0.0105,4e-08,119.99,0.0005,0.0,BTC-29NOV19-5750-P,7480.86,0.0,0.0,0.0,0.001,9.0,269.62,6e-05,-0.0003,0.0,0.0,0.0
7604.06,BTC-27MAR20,1574938748827,open,0.38,1.1,0.3475,0.4025,0.37227439,74.85,0.4535,0.0,BTC-27MAR20-5000-C,7480.86,53.27,0.352,6.0,0.393,6.0,91.82,8.54532,-2.66789,12.76311,6e-05,0.88334
7493.96,BTC-27DEC19,1574938748827,open,0.05,756.6,0.0265,0.078,0.04848955,71.11,0.05,0.0,BTC-27DEC19-7000-P,7480.86,69.15,0.0465,0.3,0.0505,46.3,73.08,7.62995,-9.39431,-2.24171,0.00024,-0.32963
7493.96,BTC-27DEC19,1574938748827,open,1.93,4.9,1.8785,1.9965,1.93580704,120.0,2.217,0.0,BTC-27DEC19-22000-P,7480.86,0.0,0.0,0.0,0.0,0.0,0.0,0.08743,-0.18167,-17.39773,0.0,-0.99874
7484.43,SYN.BTC-6DEC19,1574938748829,open,0.01,142.8,0.0005,0.0205,0.00582182,78.8,0.005,0.0,BTC-6DEC19-6500-P,7480.86,75.53,0.005,20.0,0.0065,21.1,81.36,1.94276,-9.71945,-0.17243,0.0002,-0.10095
7493.96,BTC-27DEC19,1574938748842,open,0.28,69.4,0.255,0.298,0.27485046,83.47,0.29,0.0,BTC-27DEC19-5500-C,7480.86,0.0,0.2605,9.0,0.2915,9.0,115.93,3.00278,-4.33978,3.85073,8e-05,0.92437
7493.96,BTC-27DEC19,1574938748842,open,4.32,0.0,4.2335,4.4465,4.33763196,120.0,2.58,0.0,BTC-27DEC19-40000-P,7480.86,0.0,0.001,1.0,0.0,0.0,0.0,9e-05,-0.00018,-31.64459,0.0,-1.0
