underlying_price,underlying_index,timestamp,state,settlement_price,open_interest,min_price,max_price,mark_price,mark_iv,last_price,interest_rate,instrument_name,index_price,bid_iv,best_bid_price,best_bid_amount,best_ask_price,best_ask_amount,ask_iv,vega,theta,rho,gamma,delta
10947.28,BTC-28JUN19,1561373939824,open,0.01,114.0,0.0005,0.0485,0.0086442,106.4,0.01,0.0,BTC-05JUL19-14000-C,10891.63,99.08,0.0065,16.0,0.01,36.0,110.47,3.46302,-16.94058,0.31793,9e-05,0.10614
11436.49,BTC-27DEC19,1561373939888,open,1.73,0.2,1.5675,1.781,1.67425007,103.36,2.2245,0.0,BTC-27DEC19-30000-P,10891.63,0.0,0.0,0.0,0.0,0.0,0.0,20.95654,-5.82653,-145.61856,3e-05,-0.82606
11436.49,BTC-27DEC19,1561373939890,open,2.25,1.3,2.0565,2.3105,2.18351928,105.79,2.889,0.0,BTC-27DEC19-36000-P,10891.63,0.0,0.0005,1.0,0.0,0.0,0.0,16.97244,-4.82996,-178.0214,2e-05,-0.87316
10947.28,BTC-28JUN19,1561373939335,open,0.06,70.5,0.0245,0.104,0.06423856,96.8,0.066,0.0,BTC-05JUL19-11000-C,10891.63,94.82,0.063,15.0,0.071,18.0,106.46,7.52743,-33.49835,1.49227,0.00022,0.52185
11436.49,BTC-27DEC19,1561373939941,open,2.6,0.0,2.3855,2.667,2.52631226,107.1,None,0.0,BTC-27DEC19-40000-P,10891.04,0.0,0.0005,3.0,0.0,0.0,0.0,14.79178,-4.26129,-199.28522,2e-05,-0.89547
11301.07,BTC-27SEP19,1561373939941,open,1.34,0.0,1.229,1.414,1.32157807,105.62,None,0.0,BTC-27SEP19-26000-P,10891.04,0.0,0.0,0.0,0.0,0.0,0.0,10.15692,-5.65352,-65.24141,3e-05,-0.89939
10947.26,BTC-28JUN19,1561373939941,open,0.25,0.0,0.185,0.2835,0.23430032,103.7,None,0.0,BTC-28JUN19-13500-P,10891.04,0.0,0.0,0.0,0.3005,0.1,345.42,0.72887,-9.75082,-1.402,6e-05,-0.97181
10947.26,BTC-28JUN19,1561373939941,open,0.58,216.2,0.5495,0.629,0.5890411,296.84,0.508,0.0,BTC-28JUN19-4500-C,10891.04,0.0,0.4,1.0,0.0,0.0,0.0,0.04176,-1.59935,0.47642,0.0,0.99889
10947.26,BTC-28JUN19,1561373939941,open,0.0,990.2,0.0005,0.04,0.0,114.8,0.0005,0.0,BTC-28JUN19-5000-P,10891.04,0.0,0.0,0.0,0.0005,12.0,310.41,0.0,0.0,0.0,0.0,0.0
10947.26,BTC-28JUN19,1561373939941,open,0.0,174.5,0.0005,0.042,0.00209927,100.74,0.002,0.0,BTC-28JUN19-9250-P,10891.04,78.4,0.0005,20.9,0.0035,36.0,112.75,1.10719,-14.39001,-0.05707,9e-05,-0.047
11301.07,BTC-27SEP19,1561373939941,open,0.0,47.1,0.0005,0.0415,0.00180979,114.81,0.0025,0.0,BTC-27SEP19-3250-P,10891.04,105.84,0.001,15.5,0.003,15.0,124.08,1.22428,-0.74074,-0.28,0.0,-0.00772
11301.07,BTC-27SEP19,1561373939941,open,0.62,0.2,0.5875,0.667,0.62702583,99.38,0.26,0.0,BTC-27SEP19-4250-C,10891.04,0.0,0.0045,10.0,0.7505,5.0,299.89,2.11917,-1.1099,10.53029,1e-05,0.9855
11301.07,BTC-27SEP19,1561373939941,open,1.52,0.0,1.395,1.594,1.49434099,107.0,None,0.0,BTC-27SEP19-28000-P,10891.04,0.0,0.0,0.0,0.0,0.0,0.0,8.74316,-4.93027,-70.85716,2e-05,-0.9178
10947.26,BTC-28JUN19,1561373939941,open,0.86,33.8,0.8235,0.903,0.8630137,500.0,0.7145,0.0,BTC-28JUN19-1500-C,10891.04,0.0,0.001,100.0,0.0,0.0,0.0,0.00095,-0.06098,0.15925,0.0,0.99998
10947.26,BTC-28JUN19,1561373939941,open,0.0,538.3,0.0005,0.04,0.0,114.81,0.0005,0.0,BTC-28JUN19-4000-P,10891.04,0.0,0.0,0.0,0.0005,14.1,392.68,0.0,0.0,0.0,0.0,0.0
10947.26,BTC-28JUN19,1561373939941,open,0.0,471.2,0.0005,0.0405,0.00054085,113.01,0.002,0.0,BTC-28JUN19-8500-P,10891.04,0.0,0.0,0.0,0.001,4.2,123.88,0.37357,-5.44624,-0.01555,3e-05,-0.01284
10947.26,BTC-28JUN19,1561373939941,open,0.0,850.0,0.0005,0.04,0.0,114.82,0.0005,0.0,BTC-28JUN19-3000-P,10891.04,0.0,0.0,0.0,0.0005,12.0,499.33,0.0,0.0,0.0,0.0,0.0
10947.26,BTC-28JUN19,1561373939941,open,0.0,40.4,0.0005,0.04,0.00028531,114.75,0.0005,0.0,BTC-28JUN19-8250-P,10891.04,0.0,0.0,0.0,0.001,5.2,136.41,0.22296,-3.12341,-0.0086,2e-05,-0.00711
10947.26,BTC-28JUN19,1561373939941,open,0.24,0.0,0.207,0.2865,0.24686066,122.44,None,0.0,BTC-28JUN19-8250-C,10891.04,0.0,0.0015,1.0,0.3325,0.1,500.0,0.31583,-4.98899,0.86316,2e-05,0.98942
11435.9,BTC-27DEC19,1561373939941,open,2.95,0.0,2.7165,3.026,2.87118252,108.39,None,0.0,BTC-27DEC19-44000-P,10891.04,0.0,0.0,0.0,0.0,0.0,0.0,12.9943,-3.78856,-220.34194,2e-05,-0.91235
11301.07,BTC-27SEP19,1561373939941,open,0.0,604.3,0.0005,0.041,0.00117887,114.82,0.0005,0.0,BTC-27SEP19-3000-P,10891.04,103.32,0.0005,9.9,0.0025,15.0,127.93,0.87135,-0.52725,-0.1891,0.0,-0.00526
11301.07,BTC-27SEP19,1561373939941,open,0.0,419.5,0.0005,0.04,0.00010504,114.82,0.001,0.0,BTC-27SEP19-2000-P,10891.04,0.0,0.0,0.0,0.001,8.1,145.96,0.11656,-0.07053,-0.01998,0.0,-0.00058
10947.26,BTC-28JUN19,1561373939941,open,0.35,807.5,0.321,0.4005,0.36073234,163.14,0.388,0.0,BTC-28JUN19-7000-C,10891.04,0.0,0.319,5.0,0.406,5.0,500.0,0.10423,-2.1936,0.73957,1e-05,0.99697
10947.26,BTC-28JUN19,1561373939941,open,0.0,94.5,0.0005,0.04,0.0,114.81,0.0005,0.0,BTC-28JUN19-3250-P,10891.04,0.0,0.0,0.0,0.0005,12.0,469.55,0.0,0.0,0.0,0.0,0.0
11435.9,BTC-27DEC19,1561373939941,open,0.42,93.7,0.387,0.4665,0.42671995,92.76,0.419,0.0,BTC-27DEC19-7500-C,10891.04,0.0,0.311,3.0,0.4585,0.1,110.22,20.37325,-5.08351,23.69232,3e-05,0.83354
11435.9,BTC-27DEC19,1561373939941,open,0.82,0.0,0.7875,0.867,0.82703286,114.84,None,0.0,BTC-27DEC19-2000-C,10891.04,0.0,0.013,3.0,0.9875,0.5,500.0,1.30216,-0.40227,9.74784,0.0,0.99441
10947.26,BTC-28JUN19,1561373939941,open,0.82,20.1,0.7775,0.857,0.8173516,500.0,0.578,0.0,BTC-28JUN19-2000-C,10891.04,0.0,0.001,10.0,0.0,0.0,0.0,0.00805,-0.51928,0.21212,0.0,0.99981
11301.07,BTC-27SEP19,1561373939941,open,1.0,0.2,0.902,1.06,0.98080474,102.4,1.391,0.0,BTC-27SEP19-22000-P,10891.04,0.0,0.0045,10.0,0.0,0.0,0.0,13.73324,-7.41108,-53.63157,4e-05,-0.84493
11301.07,BTC-27SEP19,1561373939941,open,0.73,225.7,0.696,0.7755,0.73577811,115.59,0.693,0.0,BTC-27SEP19-3000-C,10891.04,0.0,0.0045,20.0,0.939,5.0,500.0,0.90125,-0.54903,7.60114,0.0,0.99454
11301.07,BTC-27SEP19,1561373939941,open,0.34,906.3,0.3065,0.386,0.34632268,93.62,0.37,0.0,BTC-27SEP19-8000-C,10891.04,0.0,0.2,4.0,0.38,0.1,118.72,14.46554,-7.13717,14.26914,5e-05,0.83208
10947.26,BTC-28JUN19,1561373939941,open,0.2,1.8,0.142,0.237,0.18957226,98.56,0.2075,0.0,BTC-28JUN19-13000-P,10891.04,0.0,0.0,0.0,0.256,0.1,320.56,1.16993,-14.87532,-1.32425,9e-05,-0.94965
10947.26,BTC-28JUN19,1561373939941,open,0.84,0.6,0.7535,0.8995,0.82648402,0.0,1.1775,0.0,BTC-28JUN19-20000-P,10891.04,0.0,0.001,100.0,0.0,0.0,0.0,0.0,0.0,-2.12367,0.0,-1.0
11435.9,BTC-27DEC19,1561373939942,open,0.78,0.0,0.745,0.8245,0.78484191,109.91,None,0.0,BTC-27DEC19-2500-C,10891.04,0.0,0.013,3.0,0.986,0.5,500.0,2.15281,-0.63647,11.95464,0.0,0.99012
11435.9,BTC-27DEC19,1561373939942,open,1.9,0.3,1.729,1.956,1.84242921,103.73,2.435,0.0,BTC-27DEC19-32000-P,10891.04,0.0,0.0,0.0,0.0,0.0,0.0,19.35375,-5.40042,-156.57311,3e-05,-0.84611
10947.26,BTC-28JUN19,1561373939942,open,0.72,43.6,0.6865,0.766,0.7260274,411.31,0.6755,0.0,BTC-28JUN19-3000-C,10891.04,0.0,0.0035,1.0,0.0,0.0,0.0,0.02172,-1.15239,0.31784,0.0,0.99945
10947.26,BTC-28JUN19,1561373939941,open,0.36,6.8,0.3265,0.406,0.36630304,96.73,0.223,0.0,BTC-26JUL19-7000-C,10891.04,0.0,0.005,0.1,0.0,0.0,0.0,3.00504,-4.55955,5.6388,3e-05,0.95612
11301.07,BTC-27SEP19,1561373939942,open,0.87,42.8,0.8275,0.907,0.86731428,124.76,0.815,0.0,BTC-27SEP19-1500-C,10891.04,0.0,0.0,0.0,0.0,0.0,0.0,0.05155,-0.03389,3.89066,0.0,0.99976
10947.26,BTC-28JUN19,1561373939942,open,0.0,318.6,0.0005,0.04,0.0,114.8,0.0015,0.0,BTC-28JUN19-4750-P,10891.04,0.0,0.0,0.0,0.0005,12.0,329.31,0.0,0.0,0.0,0.0,0.0
10947.26,BTC-28JUN19,1561373939942,open,0.0,1142.8,0.0005,0.04,0.00012489,114.75,0.001,0.0,BTC-28JUN19-8000-P,10891.04,0.0,0.0,0.0,0.0005,3.2,135.15,0.11393,-1.36715,-0.00404,1e-05,-0.00335
10947.26,BTC-28JUN19,1561373939942,open,0.77,24.4,0.732,0.8115,0.7716895,460.87,0.5115,0.0,BTC-28JUN19-2500-C,10891.04,0.0,0.001,10.0,0.0,0.0,0.0,0.01662,-0.9879,0.26492,0.0,0.99959
11301.07,BTC-27SEP19,1561373939942,open,0.0,77.0,0.0005,0.042,0.00225207,105.67,0.0045,0.0,BTC-27SEP19-3750-P,10891.04,94.22,0.001,15.0,0.0035,6.0,113.45,1.56952,-0.87407,-0.36735,0.0,-0.01025
11435.9,BTC-27DEC19,1561373939942,open,0.69,4.0,0.6615,0.741,0.70131968,99.38,0.59,0.0,BTC-27DEC19-3500-C,10891.04,0.0,0.0045,10.0,0.78,1.0,209.84,4.19809,-1.12232,16.14318,1e-05,0.97852
11435.9,BTC-27DEC19,1561373939942,open,0.0,87.9,0.0005,0.0415,0.0019175,114.82,0.0055,0.0,BTC-27DEC19-2000-P,10891.04,104.99,0.001,10.0,0.004,10.0,129.1,1.30076,-0.40174,-0.43655,0.0,-0.00558
11301.07,BTC-27SEP19,1561373939942,open,0.6,289.7,0.566,0.6455,0.60591967,98.74,0.51,0.0,BTC-27SEP19-4500-C,10891.04,0.0,0.0005,20.0,0.741,5.0,300.26,2.63785,-1.37268,11.02616,1e-05,0.98127
11301.07,BTC-27SEP19,1561373939942,open,0.78,55.9,0.7395,0.819,0.7792509,116.29,0.689,0.0,BTC-27SEP19-2500-C,10891.04,0.0,0.0045,10.0,0.9455,5.0,500.0,0.40629,-0.24899,6.4185,0.0,0.99775
10947.26,BTC-28JUN19,1561373939941,open,0.0,16.9,0.0005,0.041,0.00105442,105.78,0.002,0.0,BTC-05JUL19-7500-P,10891.04,0.0,0.0,0.0,0.002,0.4,117.24,0.7274,-3.53729,-0.05331,2e-05,-0.01529
11435.9,BTC-27DEC19,1561373939943,open,0.0,106.4,0.0005,0.0405,0.00059188,114.82,0.0005,0.0,BTC-27DEC19-1500-P,10891.04,122.5,0.001,10.0,0.0045,10.0,154.15,0.5019,-0.15502,-0.1471,0.0,-0.00193
11301.07,BTC-27SEP19,1561373939942,open,0.0,225.5,0.0005,0.044,0.00402082,98.35,0.004,0.0,BTC-27SEP19-4500-P,10891.04,90.8,0.0025,15.0,0.0055,6.0,104.19,2.60337,-1.34934,-0.65973,1e-05,-0.01844
10947.26,BTC-28JUN19,1561373939943,open,0.54,688.2,0.5035,0.583,0.543379,265.94,0.5,0.0,BTC-28JUN19-5000-C,10891.04,0.0,0.25,1.9,0.6,10.0,500.0,0.0505,-1.73266,0.5292,0.0,0.99864
11435.9,BTC-27DEC19,1561373939943,open,0.47,63.1,0.4445,0.524,0.4844065,92.77,0.415,0.0,BTC-27DEC19-6500-C,10891.04,0.0,0.0005,2.0,0.976,2.0,500.0,16.14521,-4.02913,23.147,3e-05,0.88187
10947.26,BTC-28JUN19,1561373939941,open,0.31,0.0,0.276,0.3555,0.31595274,105.79,None,0.0,BTC-05JUL19-7500-C,10891.04,0.0,0.0005,0.1,0.0,0.0,0.0,0.72795,-3.54062,2.18138,2e-05,0.9847
10947.26,BTC-28JUN19,1561373939943,open,0.0,884.7,0.0005,0.04,0.0,114.84,0.0005,0.0,BTC-28JUN19-5500-P,10891.04,0.0,0.0,0.0,0.0005,12.0,275.25,0.0,0.0,0.0,0.0,0.0
10947.26,BTC-28JUN19,1561373939941,open,0.22,10.0,0.1885,0.268,0.22808724,98.69,0.169,0.0,BTC-05JUL19-8500-C,10891.04,0.0,0.0005,0.1,0.0,0.0,0.0,2.19658,-9.96628,2.3282,6e-05,0.94184
10947.26,BTC-28JUN19,1561373939943,open,0.0,1037.5,0.0005,0.04,0.00016725,114.92,0.0005,0.0,BTC-28JUN19-15000-C,10891.04,0.0,0.0,0.0,0.0005,3.9,130.24,0.15301,-1.83094,0.00522,1e-05,0.00465
11435.9,BTC-27DEC19,1561373939943,open,0.54,56.8,0.5095,0.589,0.54916185,92.82,0.545,0.0,BTC-27DEC19-5500-C,10891.04,0.0,0.0045,10.0,0.978,5.0,500.0,11.60583,-2.8978,21.86109,2e-05,0.92454
11435.9,BTC-27DEC19,1561373939943,open,0.0,169.7,0.0005,0.044,0.00395491,99.37,0.005,0.0,BTC-27DEC19-3000-P,10891.04,94.89,0.003,10.0,0.005,0.7,103.59,2.63941,-0.70551,-0.95787,0.0,-0.01249
10947.26,BTC-28JUN19,1561373939943,open,0.0,133.4,0.0005,0.04,0.0,114.81,0.0005,0.0,BTC-28JUN19-3750-P,10891.04,0.0,0.0,0.0,0.0005,12.0,416.53,0.0,0.0,0.0,0.0,0.0
10947.26,BTC-28JUN19,1561373939943,open,0.56,97.1,0.5265,0.606,0.56621005,281.05,0.485,0.0,BTC-28JUN19-4750-C,10891.04,0.0,0.001,25.0,0.0,0.0,0.0,0.04598,-1.66702,0.50281,0.0,0.99877
10947.26,BTC-28JUN19,1561373939944,open,0.0,685.6,0.0005,0.04,0.0,114.84,0.031,0.0,BTC-28JUN19-2500-P,10891.04,0.0,0.0,0.0,0.0005,13.5,500.0,0.0,0.0,0.0,0.0,0.0
11301.07,BTC-27SEP19,1561373939944,open,0.0,282.7,0.0005,0.0445,0.00477045,96.03,0.005,0.0,BTC-27SEP19-4750-P,10891.04,88.49,0.003,19.0,0.007,6.0,103.49,3.0175,-1.52708,-0.78473,1e-05,-0.02194
11301.07,BTC-27SEP19,1561373939944,open,0.51,0.0,0.439,0.5585,0.49881435,97.44,None,0.0,BTC-27SEP19-16000-P,10891.04,0.0,0.0045,10.0,1.1755,0.2,499.29,20.75865,-10.66001,-34.45693,6e-05,-0.67418
11435.9,BTC-27DEC19,1561373939944,open,0.01,100.6,0.0005,0.0475,0.0073678,99.37,0.01,0.0,BTC-27DEC19-3500-P,10891.04,96.92,0.0065,10.0,0.0085,6.0,102.34,4.19636,-1.12168,-1.67959,1e-05,-0.02147
10947.26,BTC-28JUN19,1561373939944,open,0.0,1868.1,0.0005,0.04,0.0,114.79,0.0005,0.0,BTC-28JUN19-6000-P,10891.04,0.0,0.0,0.0,0.0005,12.0,243.07,1e-05,-3e-05,0.0,0.0,0.0
10947.26,BTC-28JUN19,1561373939941,open,0.01,111.4,0.0005,0.046,0.00616356,108.01,0.0075,0.0,BTC-05JUL19-14500-C,10891.04,100.91,0.0045,10.0,0.0075,36.0,113.03,2.77338,-13.77218,0.23645,7e-05,0.07865
11435.9,BTC-27DEC19,1561373939944,open,1.56,0.1,1.4075,1.608,1.50771383,102.95,2.02,0.0,BTC-27DEC19-28000-P,10891.04,0.0,0.0,0.0,0.0,0.0,0.0,22.65805,-6.27501,-134.55418,3e-05,-0.80274
10947.26,BTC-28JUN19,1561373939941,open,0.0,54.6,0.0005,0.044,0.0040324,102.56,0.005,0.0,BTC-26JUL19-6500-P,10891.04,97.08,0.003,5.0,0.005,39.0,107.01,2.23992,-3.60342,-0.33145,2e-05,-0.03064
11435.9,BTC-27DEC19,1561373939945,open,0.51,122.6,0.476,0.5555,0.5158518,92.76,0.54,0.0,BTC-27DEC19-6000-C,10891.04,0.0,0.009,1.0,0.55,0.1,118.52,13.88761,-3.46522,22.61145,2e-05,0.90412
11435.9,BTC-27DEC19,1561373939945,open,0.87,0.0,0.8295,0.909,0.869429,114.89,None,0.0,BTC-27DEC19-1500-C,10891.04,0.0,0.1,5.0,0.9895,0.5,500.0,0.50369,-0.15567,7.49101,0.0,0.99806
11435.9,BTC-27DEC19,1561373939945,open,0.74,0.0,0.702,0.7815,0.74162794,99.39,None,0.0,BTC-27DEC19-3000-C,10891.04,0.0,0.0045,10.0,0.9845,0.5,500.0,2.64131,-0.70617,14.3187,0.0,0.9875
11435.9,BTC-27DEC19,1561373939945,open,0.39,207.2,0.3605,0.44,0.40031941,92.7,0.395,0.0,BTC-27DEC19-8000-C,10891.04,67.98,0.354,5.0,0.421,5.0,103.23,22.28173,-5.55644,23.74761,4e-05,0.80809
11435.9,BTC-27DEC19,1561373939945,open,0.0,179.7,0.0005,0.0435,0.00344771,109.88,0.0075,0.0,BTC-27DEC19-2500-P,10891.04,100.88,0.002,10.0,0.005,10.0,117.24,2.1513,-0.6359,-0.77588,0.0,-0.00988
11435.9,BTC-27DEC19,1561373939945,open,0.61,6.5,0.5815,0.661,0.62105548,93.07,0.54,0.0,BTC-27DEC19-4500-C,10891.04,0.0,0.251,2.0,0.9805,1.0,500.0,7.20997,-1.80503,19.66653,1e-05,0.95875
11435.9,BTC-27DEC19,1561373939946,open,0.58,58.5,0.5445,0.624,0.58418437,92.84,0.4475,0.0,BTC-27DEC19-5000-C,10891.04,0.0,0.0045,10.0,0.701,14.0,195.37,9.34451,-2.33367,20.89331,2e-05,0.94295
11435.9,BTC-27DEC19,1561373939946,open,0.02,128.5,0.0005,0.062,0.02139597,92.83,0.027,0.0,BTC-27DEC19-5000-P,10891.04,88.52,0.018,10.0,0.0245,10.0,96.53,9.34309,-2.33307,-4.568,2e-05,-0.05704
10946.67,BTC-28JUN19,1561373939946,open,0.0,520.6,0.0005,0.04,0.0,114.82,0.0005,0.0,BTC-28JUN19-2000-P,10891.04,0.0,0.0,0.0,0.0005,12.0,500.0,0.0,0.0,0.0,0.0,0.0
10946.67,BTC-28JUN19,1561373939945,open,0.4,0.0,0.3705,0.45,0.4102776,102.71,0.3665,0.0,BTC-26JUL19-6500-C,10891.04,0.0,0.005,0.3,0.0,0.0,0.0,2.2503,-3.6255,5.34308,2e-05,0.96919
10946.67,BTC-28JUN19,1561373939947,open,0.0,278.7,0.0005,0.04,0.0,114.8,0.0005,0.0,BTC-28JUN19-4500-P,10891.04,0.0,0.0,0.0,0.0005,12.5,349.22,0.0,0.0,0.0,0.0,0.0
11300.48,BTC-27SEP19,1561373939947,open,1.17,0.2,1.0645,1.236,1.15016985,103.96,1.6,0.0,BTC-27SEP19-24000-P,10891.04,0.0,0.0,0.0,0.0,0.0,0.0,11.7818,-6.45486,-59.52137,3e-05,-0.87618
10946.67,BTC-28JUN19,1561373939941,open,0.45,0.0,0.4145,0.494,0.45443955,106.99,None,0.0,BTC-26JUL19-6000-C,10891.04,0.0,0.0035,1.0,0.0,0.0,0.0,1.54698,-2.59625,5.02703,1e-05,0.98029
10946.67,BTC-28JUN19,1561373939941,open,0.34,0.0,0.2775,0.3835,0.3306755,107.67,None,0.0,BTC-05JUL19-14500-P,10891.04,0.0,0.0,0.0,0.0,0.0,0.0,2.75183,-13.62106,-4.08636,7e-05,-0.92215
10946.67,BTC-28JUN19,1561373939943,open,0.49,0.0,0.4595,0.539,0.4993617,114.12,0.4,0.0,BTC-26JUL19-5500-C,10891.04,0.0,0.0,0.0,0.0,0.0,0.0,1.12379,-2.01171,4.65628,1e-05,0.98643
10946.67,BTC-28JUN19,1561373939942,open,0.01,0.0,0.0005,0.0515,0.01175703,110.98,None,0.0,BTC-26JUL19-18000-C,10891.04,107.11,0.01,10.0,0.014,24.0,115.52,5.17149,-9.0029,0.73005,4e-05,0.08812
311.25,ETH-28JUN19,1561373939955,open,0.0,1239.0,0.001,0.04,7e-05,114.94,0.002,0.0,ETH-28JUN19-440-C,308.02,0.0,0.0,0.0,0.002,48.0,171.72,0.00212,-0.02191,7e-05,0.00018,0.00209
311.25,ETH-28JUN19,1561373939962,open,0.13,0.0,0.09,0.169,0.129961,104.74,None,0.0,ETH-05JUL19-280-C,308.02,97.42,0.126,10.0,0.146,205.0,132.98,0.1706,-0.82147,0.05754,0.00564,0.75036
11300.48,BTC-27SEP19,1561373939977,open,0.67,1.0,0.5875,0.719,0.65324232,99.11,1.5815,0.0,BTC-27SEP19-18000-P,10891.04,0.0,0.0045,0.3,1.34,0.3,500.0,18.38075,-9.60074,-41.1635,6e-05,-0.74813
11301.07,BTC-27SEP19,1561373939982,open,0.51,0.0,0.439,0.5585,0.49881435,97.44,None,0.0,BTC-27SEP19-16000-P,10891.04,0.0,0.0045,10.0,1.1765,0.2,500.0,20.75865,-10.66001,-34.45693,6e-05,-0.67418
11301.07,BTC-27SEP19,1561373940013,open,0.06,235.0,0.021,0.1005,0.06083773,99.38,0.06,0.0,BTC-27SEP19-18000-C,10891.04,97.94,0.0585,19.0,0.0635,1.0,101.0,18.42201,-9.64841,5.64244,6e-05,0.25292
11301.07,BTC-27SEP19,1561373940016,open,0.6,289.7,0.566,0.6455,0.60591967,98.74,0.51,0.0,BTC-27SEP19-4500-C,10891.04,0.0,0.0005,20.0,0.74,5.0,299.01,2.63785,-1.37268,11.02616,1e-05,0.98127
11300.48,BTC-27SEP19,1561373940126,open,0.44,2.0,0.369,0.4825,0.4258924,96.83,0.4325,0.0,BTC-27SEP19-15000-P,10891.04,0.0,0.0045,10.0,1.095,0.3,500.0,21.78956,-11.11974,-30.95929,7e-05,-0.62809
11435.9,BTC-27DEC19,1561373940135,open,0.73,3.6,0.635,0.7705,0.70274814,96.75,0.698,0.0,BTC-27DEC19-18000-P,10891.04,90.71,0.6865,3.6,0.7185,3.6,102.52,31.0128,-8.07159,-77.17051,5e-05,-0.62239
10946.67,BTC-28JUN19,1561373940136,open,0.29,2.4,0.2285,0.3305,0.27963533,110.61,0.5245,0.0,BTC-28JUN19-14000-P,10891.04,0.0,0.0,0.0,0.361,0.1,410.32,0.49464,-7.0585,-1.4667,4e-05,-0.9822
311.25,ETH-28JUN19,1561373940353,open,0.03,0.0,0.001,0.068,0.028486,114.53,None,0.0,ETH-05JUL19-360-C,308.02,106.38,0.024,135.0,0.036,348.0,127.53,0.17496,-0.9212,0.02166,0.00529,0.262
311.29,ETH-28JUN19,1561373940362,open,0.11,0.0,0.07,0.158,0.114242,113.91,None,0.0,ETH-05JUL19-330-P,308.02,0.0,0.0,0.0,0.112,208.0,110.59,0.21018,-1.10076,-0.06427,0.00639,-0.57868
311.25,ETH-28JUN19,1561373940372,open,0.01,10.0,0.001,0.045,0.005517,105.57,0.008,0.0,ETH-05JUL19-240-P,308.02,85.24,0.002,150.0,0.009,403.0,119.73,0.06776,-0.32889,-0.0065,0.00222,-0.06456
311.25,ETH-28JUN19,1561373940379,open,0.14,786.0,0.104,0.183,0.143772,108.34,0.128,0.0,ETH-26JUL19-300-C,308.02,111.18,0.147,120.0,0.171,231.0,132.37,0.35332,-0.60043,0.12628,0.00385,0.60837
311.25,ETH-28JUN19,1561373940389,open,0.01,0.0,0.001,0.054,0.014036,114.74,None,0.0,ETH-05JUL19-390-C,308.02,106.8,0.011,147.0,0.021,335.0,130.77,0.12483,-0.65851,0.01254,0.00377,0.14922
311.25,ETH-28JUN19,1561373940398,open,0.01,350.0,0.001,0.05,0.010936,114.75,0.008,0.0,ETH-05JUL19-400-C,308.02,102.32,0.007,150.0,0.018,356.0,132.91,0.10843,-0.57201,0.01025,0.00327,0.12151
11300.48,BTC-27SEP19,1561373940580,open,1.52,0.0,1.3955,1.5945,1.49489336,107.55,None,0.0,BTC-27SEP19-28000-P,10891.04,0.0,0.0,0.0,0.0,0.0,0.0,8.86181,-5.02275,-70.82585,2e-05,-0.9163
311.25,ETH-28JUN19,1561373940623,open,0.17,471.0,0.138,0.217,0.177482,108.35,0.188,0.0,ETH-26JUL19-280-C,308.02,111.71,0.181,120.0,0.204,235.0,133.54,0.32535,-0.55294,0.1388,0.00355,0.68813
311.25,ETH-28JUN19,1561373940661,open,0.11,178.0,0.069,0.148,0.108928,104.71,0.127,0.0,ETH-05JUL19-290-C,308.02,96.63,0.104,30.0,0.125,184.0,130.55,0.19087,-0.91885,0.05342,0.00631,0.68496
11300.61,BTC-27SEP19,1561373940792,open,1.34,0.0,1.2295,1.4145,1.32208656,106.08,None,0.0,BTC-27SEP19-26000-P,10891.04,0.0,0.0,0.0,0.0,0.0,0.0,10.25867,-5.73518,-65.21281,3e-05,-0.89799
10946.67,BTC-28JUN19,1561373940830,open,0.04,62.0,0.0005,0.079,0.03944265,101.9,0.04,0.0,BTC-26JUL19-14000-C,10891.04,98.19,0.036,15.0,0.043,19.3,105.61,10.33533,-16.51928,2.03722,0.0001,0.25256
11435.9,BTC-27DEC19,1561373940840,open,0.37,3.7,0.2985,0.4065,0.35255225,93.5,0.371,0.0,BTC-27DEC19-13000-P,10891.04,89.77,0.342,3.6,0.366,3.6,98.29,32.23272,-8.1072,-46.37256,5e-05,-0.44373
11436.29,BTC-27DEC19,1561373940842,open,0.07,183.1,0.026,0.1055,0.06550425,100.75,0.068,0.0,BTC-27DEC19-26000-C,10891.04,98.32,0.0605,10.0,0.07,4.9,102.87,23.96453,-6.4946,8.8141,4e-05,0.21685
10946.67,BTC-28JUN19,1561373940920,open,0.14,0.0,0.1095,0.189,0.14921046,96.7,0.137,0.0,BTC-05JUL19-9500-C,10891.04,93.87,0.148,6.0,0.1565,6.0,112.19,4.87991,-21.69543,2.20244,0.00014,0.82449
10946.67,BTC-28JUN19,1561373940931,open,0.18,52.2,0.141,0.2205,0.18079347,92.44,0.1845,0.0,BTC-26JUL19-9500-C,10891.04,95.8,0.184,4.9,0.196,4.9,108.15,10.4108,-15.09591,5.38331,0.00011,0.74391
11436.29,BTC-27DEC19,1561373940942,open,2.95,0.0,2.7175,3.027,2.87215132,109.34,None,0.0,BTC-27DEC19-44000-P,10890.03,0.0,0.0,0.0,0.0,0.0,0.0,13.32505,-3.91919,-220.23075,2e-05,-0.90934
10946.7,BTC-28JUN19,1561373940942,open,0.0,68.5,0.0005,0.0405,0.00081571,108.0,0.0005,0.0,BTC-28JUN19-8750-P,10890.03,0.0,0.0,0.0,0.0015,4.1,119.56,0.53007,-7.38563,-0.02339,4e-05,-0.01931
11436.29,BTC-27DEC19,1561373940942,open,0.02,0.0,0.0005,0.0645,0.02461855,109.23,None,0.0,BTC-27DEC19-44000-C,10890.03,107.36,0.0225,10.0,0.0275,6.0,111.63,13.28615,-3.90372,3.82547,2e-05,0.0903
11436.29,BTC-27DEC19,1561373940942,open,2.6,0.0,2.386,2.668,2.52701196,107.59,None,0.0,BTC-27DEC19-40000-P,10890.03,0.0,0.0005,3.0,0.0,0.0,0.0,14.96324,-4.33048,-199.22458,2e-05,-0.89379
10946.7,BTC-28JUN19,1561373940942,open,0.7,0.1,0.6635,0.743,0.70312206,344.42,0.395,0.0,BTC-28JUN19-3250-C,10890.03,0.0,0.0015,1.0,0.0,0.0,0.0,0.00692,-0.30766,0.34489,0.0,0.99984
11435.28,BTC-27DEC19,1561373940942,open,0.03,81.0,0.0005,0.071,0.03009639,92.81,0.032,0.0,BTC-27DEC19-5500-P,10890.03,88.67,0.026,10.0,0.033,10.0,95.62,11.60482,-2.89715,-6.14665,2e-05,-0.07545
10946.7,BTC-28JUN19,1561373940942,open,0.45,1675.0,0.412,0.4915,0.45191765,183.61,0.4595,0.0,BTC-28JUN19-6000-C,10890.03,0.0,0.17,4.0,0.5,5.0,500.0,0.02126,-0.50367,0.63645,0.0,0.99947
11300.61,BTC-27SEP19,1561373940943,open,0.56,793.4,0.524,0.6035,0.56385107,95.95,0.361,0.0,BTC-27SEP19-5000-C,10890.03,0.0,0.11,1.0,0.594,0.1,151.23,3.69842,-1.8701,11.98988,1e-05,0.97203
10945.69,BTC-28JUN19,1561373940942,open,0.67,0.0,0.59,0.722,0.65608852,110.68,None,0.0,BTC-26JUL19-18000-P,10890.03,0.0,0.0,0.0,0.0,0.0,0.0,5.13656,-8.91735,-14.99561,4e-05,-0.91266
11300.61,BTC-27SEP19,1561373940944,open,1.17,0.2,1.065,1.2365,1.1507395,104.52,1.6,0.0,BTC-27SEP19-24000-P,10890.03,0.0,0.0,0.0,0.0,0.0,0.0,11.9068,-6.55884,-59.4835,3e-05,-0.8743
11300.61,BTC-27SEP19,1561373940946,open,0.71,0.0,0.6745,0.754,0.71421408,114.8,None,0.0,BTC-27SEP19-3250-C,10890.03,0.0,0.0045,10.0,0.936,5.0,500.0,1.22399,-0.74051,8.16791,0.0,0.99228
10945.69,BTC-28JUN19,1561373940946,open,0.25,14.4,0.1945,0.2935,0.24417184,100.83,0.221,0.0,BTC-26JUL19-13000-P,10890.03,0.0,0.0,0.0,0.0,0.0,0.0,11.77349,-18.62056,-8.69817,0.00011,-0.66578
11299.6,BTC-27SEP19,1561373940947,open,0.41,757.7,0.3715,0.451,0.41101615,93.57,0.4095,0.0,BTC-27SEP19-7000-C,10890.03,0.0,0.3675,5.0,0.458,5.0,136.75,10.62418,-5.23924,14.15454,3e-05,0.89293
11299.6,BTC-27SEP19,1561373940947,open,0.58,13.5,0.5445,0.624,0.58446246,96.24,0.382,0.0,BTC-27SEP19-4750-C,10890.03,0.0,0.0045,10.0,0.731,5.0,299.65,3.03941,-1.54159,11.55477,1e-05,0.97786
10945.69,BTC-28JUN19,1561373940948,open,0.0,1270.8,0.0005,0.04,0.0,114.83,0.025,0.0,BTC-28JUN19-1500-P,10890.03,0.0,0.0,0.0,0.0005,12.0,500.0,0.0,0.0,0.0,0.0,0.0
11435.28,BTC-27DEC19,1561373940948,open,0.15,162.9,0.116,0.1955,0.15570486,95.19,0.159,0.0,BTC-27DEC19-16000-C,10890.03,92.63,0.1485,10.0,0.163,10.0,97.78,32.16763,-8.23709,16.46796,5e-05,0.43849
11435.28,BTC-27DEC19,1561373940948,open,0.05,18.2,0.0045,0.084,0.04427293,103.77,0.056,0.0,BTC-27DEC19-32000-C,10890.03,101.49,0.0405,10.0,0.048,6.0,105.93,19.36219,-5.40448,6.38982,3e-05,0.154
10946.67,BTC-28JUN19,1561373940935,open,0.1,237.5,0.0665,0.146,0.10645344,92.43,0.1195,0.0,BTC-26JUL19-11000-C,10891.04,95.87,0.1105,15.0,0.12,15.0,103.99,12.8148,-18.57957,4.21394,0.00013,0.54728
10945.69,BTC-28JUN19,1561373940947,open,0.0,31.2,0.0005,0.0415,0.00164914,112.62,0.0035,0.0,BTC-26JUL19-5500-P,10890.03,95.96,0.0005,22.0,0.0025,10.0,120.25,1.06372,-1.87916,-0.1375,1e-05,-0.01274
10945.69,BTC-28JUN19,1561373940942,open,0.26,0.0,0.2315,0.311,0.27112676,99.92,None,0.0,BTC-05JUL19-8000-C,10890.03,0.0,0.0005,0.1,0.0,0.0,0.0,1.23079,-5.65415,2.28432,3e-05,0.97153
10945.69,BTC-28JUN19,1561373940947,open,0.21,0.0,0.157,0.253,0.2050279,103.47,None,0.0,BTC-05JUL19-13000-P,10890.03,0.0,0.0,0.0,0.0,0.0,0.0,5.14574,-24.47693,-3.30678,0.00014,-0.80888
10945.69,BTC-28JUN19,1561373940945,open,0.29,0.0,0.2295,0.3315,0.2805212,101.31,None,0.0,BTC-26JUL19-13500-P,10890.03,0.0,0.0,0.0,0.0,0.0,0.0,11.08757,-17.61944,-9.46018,0.0001,-0.70915
311.25,ETH-28JUN19,1561373940951,open,0.0,10453.0,0.001,0.04,0.0,114.84,0.001,0.0,ETH-28JUN19-140-P,307.98,0.0,0.0,0.0,0.001,749.0,344.8,0.0,0.0,0.0,0.0,0.0
322.82,ETH-27SEP19,1561373940951,open,0.31,1404.0,0.273,0.352,0.312255,110.86,0.33,0.0,ETH-27SEP19-260-C,307.98,0.0,0.051,2.0,0.35,1.0,133.93,0.52617,-0.3074,0.36492,0.00175,0.74713
311.21,ETH-28JUN19,1561373940952,open,0.03,959.0,0.001,0.066,0.025917,102.77,0.03,0.0,ETH-28JUN19-300-P,307.98,84.31,0.019,114.0,0.031,160.0,116.07,0.11813,-1.56615,-0.01225,0.01118,-0.34481
322.82,ETH-27SEP19,1561373940952,open,0.52,395.0,0.485,0.564,0.524298,110.87,0.5,0.0,ETH-27SEP19-160-C,307.98,0.0,0.1,10.0,0.7,10.0,298.76,0.20544,-0.12004,0.34571,0.00068,0.9363
311.21,ETH-28JUN19,1561373940952,open,0.32,770.0,0.286,0.365,0.325399,147.09,0.237,0.0,ETH-28JUN19-210-C,307.98,0.0,0.006,20.0,0.425,1.0,500.0,0.00361,-0.06854,0.02217,0.00024,0.99622
322.82,ETH-27SEP19,1561373940952,open,0.63,47.0,0.595,0.674,0.634303,113.24,0.564,0.0,ETH-27SEP19-120-C,307.98,0.0,0.02,2.0,0.649,2.0,150.56,0.08837,-0.05274,0.2879,0.00029,0.9774
311.21,ETH-28JUN19,1561373940954,open,0.0,649.0,0.001,0.04,4e-06,114.9,0.001,0.0,ETH-28JUN19-480-C,307.98,0.0,0.0,0.0,0.001,198.0,186.67,0.0002,-0.0014,1e-05,2e-05,0.00016
311.21,ETH-28JUN19,1561373940954,open,0.0,4695.0,0.001,0.04,0.0,114.82,0.001,0.0,ETH-28JUN19-110-P,307.98,0.0,0.0,0.0,0.001,250.0,440.91,0.0,0.0,0.0,0.0,0.0
311.21,ETH-28JUN19,1561373940954,open,0.0,7876.0,0.001,0.04,0.0,114.79,0.001,0.0,ETH-28JUN19-170-P,307.98,0.0,0.0,0.0,0.001,450.0,267.28,0.0,0.0,0.0,0.0,0.0
311.21,ETH-28JUN19,1561373940955,open,0.16,1758.0,0.127,0.206,0.166752,107.24,0.19,0.0,ETH-28JUN19-260-C,307.98,81.65,0.165,2.0,0.23,3.0,351.93,0.03109,-0.4301,0.02601,0.00282,0.95373
311.21,ETH-28JUN19,1561373940959,open,0.16,1758.0,0.127,0.206,0.166752,107.24,0.19,0.0,ETH-28JUN19-260-C,307.98,0.0,0.164,2.0,0.23,3.0,351.93,0.03109,-0.4301,0.02601,0.00282,0.95373
11435.28,BTC-27DEC19,1561373940966,open,1.39,0.0,1.2455,1.4325,1.33904634,100.7,None,0.0,BTC-27DEC19-26000-P,10890.03,0.0,0.0045,10.0,2.164,0.2,500.0,23.94543,-6.48605,-123.59957,4e-05,-0.78342
311.21,ETH-28JUN19,1561373940965,open,0.09,93.0,0.051,0.13,0.090159,104.69,0.09,0.0,ETH-05JUL19-300-C,307.98,98.38,0.086,30.0,0.107,212.0,130.15,0.20529,-0.98808,0.0487,0.00679,0.61538
311.21,ETH-28JUN19,1561373940976,open,0.0,0.0,0.001,0.041,0.001433,114.8,None,0.0,ETH-05JUL19-210-P,307.98,0.0,0.0,0.0,0.003,224.0,130.45,0.02443,-0.12894,-0.00186,0.00074,-0.01858
10945.69,BTC-28JUN19,1561373940983,open,0.0,797.5,0.0005,0.0405,0.00077553,112.11,0.0005,0.0,BTC-28JUN19-14000-C,10890.03,0.0,0.0,0.0,0.002,54.9,130.41,0.52516,-7.59518,0.0213,4e-05,0.0191
10945.69,BTC-28JUN19,1561373940997,open,0.05,24.5,0.009,0.0885,0.04888818,101.23,0.046,0.0,BTC-05JUL19-11500-C,10890.03,95.46,0.045,19.0,0.053,27.0,107.3,7.39517,-34.41566,1.21869,0.0002,0.42256
10945.69,BTC-28JUN19,1561373941010,open,0.14,0.0,0.1095,0.189,0.14921046,96.75,0.137,0.0,BTC-05JUL19-9500-C,10890.03,95.15,0.1485,6.0,0.1565,6.0,112.3,4.88375,-21.724,2.20157,0.00014,0.82424
11435.28,BTC-27DEC19,1561373941013,open,0.44,3.6,0.36,0.473,0.41654939,93.87,0.514,0.0,BTC-27DEC19-14000-P,10890.03,89.99,0.4055,3.6,0.431,3.6,98.95,32.53775,-8.21586,-52.61143,5e-05,-0.4869
10946.7,BTC-28JUN19,1561373941015,open,0.12,16.1,0.062,0.15,0.10617076,96.33,0.1255,0.0,BTC-28JUN19-12000-P,10890.03,88.27,0.104,0.7,0.1085,6.7,104.37,3.06634,-38.10491,-1.06429,0.00025,-0.80946
10945.69,BTC-28JUN19,1561373941017,open,0.18,7.0,0.147,0.2265,0.18675689,96.82,0.184,0.0,BTC-05JUL19-9000-C,10890.03,96.0,0.1865,6.0,0.1945,6.0,118.58,3.43102,-15.27254,2.31051,0.0001,0.89519
10946.7,BTC-28JUN19,1561373941054,open,0.09,94.8,0.044,0.1305,0.08721746,92.41,0.0805,0.0,BTC-26JUL19-10500-P,10890.03,82.49,0.076,34.3,0.086,20.1,91.33,12.37733,-17.94145,-4.52627,0.00013,-0.38625
10945.69,BTC-28JUN19,1561373941062,open,0.03,60.6,0.0005,0.068,0.02843305,104.11,0.0265,0.0,BTC-26JUL19-15000-C,10890.03,101.68,0.0265,15.0,0.031,24.3,107.24,8.83561,-14.42885,1.56399,8e-05,0.19205
11435.28,BTC-27DEC19,1561373941073,open,0.19,103.1,0.138,0.232,0.18491594,92.69,0.18,0.0,BTC-27DEC19-10000-P,10890.03,89.49,0.177,10.0,0.1865,0.1,93.33,28.23705,-7.04042,-28.05501,5e-05,-0.29685
10945.69,BTC-28JUN19,1561373941082,open,0.04,62.0,0.0005,0.079,0.03944265,101.9,0.04,0.0,BTC-26JUL19-14000-C,10890.03,98.21,0.036,15.0,0.043,24.3,105.63,10.33286,-16.51655,2.03647,0.0001,0.25249
311.25,ETH-28JUN19,1561373941198,open,0.0,6141.0,0.001,0.04,0.000822,114.89,0.001,0.0,ETH-28JUN19-400-C,307.98,0.0,0.0,0.0,0.002,224.0,132.43,0.01533,-0.22727,0.00062,0.0013,0.0197
311.25,ETH-28JUN19,1561373941205,open,0.0,5105.0,0.001,0.04,4.8e-05,114.8,0.002,0.0,ETH-28JUN19-220-P,307.98,0.0,0.0,0.0,0.001,218.0,162.98,0.00145,-0.01493,-5e-05,0.00012,-0.00138
311.21,ETH-28JUN19,1561373941208,open,0.03,11.0,0.001,0.075,0.035504,114.36,0.039,0.0,ETH-05JUL19-350-C,307.98,105.18,0.03,129.0,0.043,347.0,126.47,0.18947,-0.99619,0.02544,0.00574,0.30983
322.82,ETH-27SEP19,1561373941222,open,0.49,0.0,0.429,0.547,0.487903,114.1,None,0.0,ETH-27SEP19-440-P,307.98,0.0,0.0,0.0,0.502,6.0,121.2,0.63773,-0.38348,-0.90902,0.00206,-0.59541
322.86,ETH-27SEP19,1561373941228,open,0.24,2770.0,0.212,0.291,0.251723,110.82,0.25,0.0,ETH-27SEP19-300-C,307.98,105.09,0.241,110.0,0.27,252.0,120.63,0.60313,-0.35223,0.34264,0.00201,0.66
322.86,ETH-27SEP19,1561373941253,open,0.26,238.0,0.206,0.305,0.255674,110.75,0.252,0.0,ETH-27SEP19-340-P,307.98,91.0,0.216,110.0,0.267,6.0,116.43,0.64485,-0.37636,-0.57072,0.00215,-0.42438
322.82,ETH-27SEP19,1561373941276,open,0.22,1507.0,0.186,0.265,0.225852,110.81,0.24,0.0,ETH-27SEP19-320-C,307.98,105.76,0.216,110.0,0.244,250.0,120.17,0.62808,-0.3668,0.32835,0.00209,0.61715
311.21,ETH-28JUN19,1561373941284,open,0.15,0.0,0.114,0.193,0.153143,104.77,None,0.0,ETH-05JUL19-270-C,307.98,95.68,0.149,10.0,0.0,0.0,0.0,0.14604,-0.70343,0.06086,0.00483,0.80944
10946.7,BTC-28JUN19,1561373941346,open,0.09,94.8,0.044,0.1305,0.08721616,92.41,0.0805,0.0,BTC-26JUL19-10500-P,10890.03,82.49,0.076,34.3,0.086,25.1,91.33,12.37733,-17.94145,-4.52627,0.00013,-0.38625
10945.69,BTC-28JUN19,1561373941387,open,0.04,62.0,0.0005,0.079,0.0394236,101.9,0.04,0.0,BTC-26JUL19-14000-C,10890.03,98.21,0.036,15.0,0.0425,19.3,105.11,10.33286,-16.51655,2.03647,0.0001,0.25249
11435.28,BTC-27DEC19,1561373941390,open,0.07,183.1,0.0255,0.105,0.06549597,100.75,0.068,0.0,BTC-27DEC19-26000-C,10890.03,98.33,0.0605,10.0,0.0695,4.9,102.64,23.96189,-6.4943,8.81285,4e-05,0.21684
10945.69,BTC-28JUN19,1561373941415,open,0.18,52.2,0.141,0.2205,0.18071269,92.49,0.1845,0.0,BTC-26JUL19-9500-C,10890.03,95.33,0.1835,4.9,0.196,4.9,108.19,10.4136,-15.10862,5.38114,0.00011,0.74374
10945.69,BTC-28JUN19,1561373941417,open,0.1,237.5,0.0665,0.146,0.10641398,92.44,0.1195,0.0,BTC-26JUL19-11000-C,10890.03,95.9,0.1105,15.0,0.12,29.4,104.03,12.81412,-18.58113,4.21263,0.00013,0.54715
10945.69,BTC-28JUN19,1561373941427,open,0.05,24.5,0.009,0.0885,0.04883463,101.23,0.046,0.0,BTC-05JUL19-11500-C,10890.03,95.46,0.045,19.0,0.0525,18.0,106.56,7.39517,-34.41566,1.21869,0.0002,0.42256
10946.7,BTC-28JUN19,1561373941436,open,0.12,16.1,0.062,0.15,0.10616833,96.33,0.1255,0.0,BTC-28JUN19-12000-P,10890.03,88.27,0.104,0.7,0.1085,0.7,104.37,3.06634,-38.10491,-1.06429,0.00025,-0.80946
10945.69,BTC-28JUN19,1561373941438,open,0.18,7.0,0.147,0.2265,0.18669342,96.82,0.184,0.0,BTC-05JUL19-9000-C,10890.03,94.36,0.186,6.0,0.1945,6.0,118.58,3.43102,-15.27254,2.31051,0.0001,0.89519
10946.7,BTC-28JUN19,1561373941449,open,0.09,94.8,0.044,0.1305,0.08721616,92.41,0.0805,0.0,BTC-26JUL19-10500-P,10890.03,82.49,0.076,34.3,0.086,5.8,91.33,12.37733,-17.94145,-4.52627,0.00013,-0.38625
10945.69,BTC-28JUN19,1561373941465,open,0.03,60.6,0.0005,0.068,0.0284185,104.11,0.0265,0.0,BTC-26JUL19-15000-C,10890.03,101.68,0.0265,15.0,0.0305,19.3,106.64,8.83561,-14.42885,1.56399,8e-05,0.19205
10946.7,BTC-28JUN19,1561373941609,open,0.09,94.8,0.044,0.1305,0.08721616,92.41,0.0805,0.0,BTC-26JUL19-10500-P,10890.03,82.49,0.076,34.3,0.086,0.8,91.33,12.37733,-17.94145,-4.52627,0.00013,-0.38625
11435.28,BTC-27DEC19,1561373941701,open,0.19,103.1,0.138,0.232,0.18494171,92.69,0.18,0.0,BTC-27DEC19-10000-P,10890.03,89.49,0.177,14.9,0.1865,0.1,93.33,28.23705,-7.04042,-28.05501,5e-05,-0.29685
322.82,ETH-27SEP19,1561373941777,open,0.22,1507.0,0.186,0.265,0.225852,110.81,0.24,0.0,ETH-27SEP19-320-C,307.98,102.69,0.21,6.0,0.244,250.0,120.17,0.62808,-0.3668,0.32835,0.00209,0.61715
322.82,ETH-27SEP19,1561373941805,open,0.22,1507.0,0.186,0.265,0.225852,110.81,0.24,0.0,ETH-27SEP19-320-C,307.98,105.25,0.215,110.0,0.244,250.0,120.17,0.62808,-0.3668,0.32835,0.00209,0.61715
322.82,ETH-27SEP19,1561373941893,open,0.39,0.0,0.332,0.442,0.387253,111.57,None,0.0,ETH-27SEP19-400-P,307.98,0.0,0.0,0.0,0.402,6.0,118.84,0.6538,-0.38442,-0.77542,0.00216,-0.53683
10945.77,BTC-28JUN19,1561373941942,open,0.01,100.6,0.0005,0.0455,0.00551717,95.73,0.006,0.0,BTC-28JUN19-9750-P,10889.96,84.39,0.0035,55.2,0.0075,36.0,105.29,2.13244,-26.33525,-0.13523,0.00018,-0.11084
10945.77,BTC-28JUN19,1561373941942,open,0.0,1685.1,0.0005,0.04,1.76e-06,114.82,0.0005,0.0,BTC-28JUN19-7000-P,10889.96,0.0,0.0,0.0,0.0005,8.3,185.62,0.00285,-0.01929,-7e-05,0.0,-6e-05
11435.65,BTC-27DEC19,1561373941943,open,0.04,239.8,0.0005,0.082,0.04051506,92.76,0.041,0.0,BTC-27DEC19-6000-P,10889.96,88.97,0.036,10.0,0.043,10.0,94.78,13.88756,-3.46511,-7.94341,2e-05,-0.09589
10945.77,BTC-28JUN19,1561373941943,open,0.26,600.6,0.2295,0.309,0.26931208,119.9,0.2245,0.0,BTC-28JUN19-8000-C,10889.96,0.0,0.2315,5.0,0.2885,5.1,290.74,0.15348,-2.374,0.84382,1e-05,0.99533
10945.7,BTC-28JUN19,1561373941944,open,0.05,34.3,0.0005,0.083,0.04137177,94.29,0.049,0.0,BTC-28JUN19-11000-P,10889.96,88.52,0.039,0.7,0.0435,0.7,99.46,4.49967,-54.73287,-0.6303,0.00038,-0.50094
11435.65,BTC-27DEC19,1561373941944,open,0.01,95.2,0.0005,0.055,0.01454995,93.06,0.018,0.0,BTC-27DEC19-4500-P,10889.96,87.96,0.0115,10.0,0.0175,10.0,97.54,7.20922,-1.8047,-3.24915,1e-05,-0.04124
11435.65,BTC-27DEC19,1561373941944,open,0.08,137.3,0.0365,0.116,0.07601085,99.67,0.0805,0.0,BTC-27DEC19-24000-C,10889.96,96.96,0.07,10.0,0.0815,4.9,102.08,25.7194,-6.89562,9.90876,4e-05,0.24616
10945.7,BTC-28JUN19,1561373941944,open,0.84,0.6,0.7545,0.9,0.82720322,147.37,1.1775,0.0,BTC-28JUN19-20000-P,10889.96,0.0,0.001,100.0,0.0,0.0,0.0,0.0023,-0.04369,-2.12361,0.0,-0.99995
10945.7,BTC-28JUN19,1561373941943,open,0.5,0.0,0.424,0.542,0.4829418,106.91,None,0.0,BTC-26JUL19-16000-P,10889.96,0.0,0.0,0.0,0.0,0.0,0.0,7.48551,-12.55326,-12.75754,7e-05,-0.85168
10945.7,BTC-28JUN19,1561373941943,open,0.0,88.0,0.0005,0.0425,0.0025241,106.78,0.004,0.0,BTC-26JUL19-6000-P,10889.96,98.3,0.0015,8.0,0.0035,39.0,113.06,1.53694,-2.57437,-0.21111,1e-05,-0.01956
11435.65,BTC-27DEC19,1561373941946,open,0.01,145.2,0.0005,0.052,0.01179891,98.49,0.0115,0.0,BTC-27DEC19-4000-P,10889.96,97.91,0.0115,2.9,0.012,10.0,98.88,5.92531,-1.56989,-2.57692,1e-05,-0.03245
10945.7,BTC-28JUN19,1561373941946,open,0.01,358.3,0.0005,0.0495,0.00919006,95.74,0.0085,0.0,BTC-28JUN19-10000-P,10889.96,88.98,0.0075,0.7,0.0105,0.1,100.71,2.82396,-34.87953,-0.20502,0.00023,-0.16721
10945.7,BTC-28JUN19,1561373941946,open,0.68,143.0,0.6405,0.72,0.68023944,0.0,0.55,0.0,BTC-28JUN19-3500-C,10889.96,0.0,0.001,10.0,0.0,0.0,0.0,0.0,0.0,0.37164,0.0,1.0
10945.7,BTC-28JUN19,1561373941946,open,0.0,701.0,0.0005,0.04,1.848e-05,114.84,0.0005,0.0,BTC-28JUN19-7500-P,10889.96,0.0,0.0,0.0,0.0005,15.1,159.64,0.0226,-0.20225,-0.00068,0.0,-0.00057
10945.7,BTC-28JUN19,1561373941947,open,0.4,504.3,0.3665,0.446,0.40615905,0.0,0.292,0.0,BTC-28JUN19-6500-C,10889.96,0.0,0.0505,2.0,0.0,0.0,0.0,0.0,0.0,0.69019,0.0,1.0
10945.7,BTC-28JUN19,1561373941947,open,0.38,4.6,0.316,0.425,0.37056791,114.93,0.6335,0.0,BTC-28JUN19-15000-P,10889.96,0.0,0.0,0.0,0.4735,0.1,500.0,0.1526,-2.26248,-1.58755,1e-05,-0.99536
11299.79,BTC-27SEP19,1561373941947,open,0.03,213.6,0.0005,0.0665,0.02692817,104.5,0.0355,0.0,BTC-27SEP19-24000-C,10889.96,101.14,0.0235,19.0,0.03,10.0,107.34,11.89887,-6.55299,2.89811,3e-05,0.1256
10945.7,BTC-28JUN19,1561373941947,open,0.31,174.1,0.275,0.3545,0.31481727,114.53,0.287,0.0,BTC-28JUN19-7500-C,10889.96,0.0,0.2,1.0,0.5995,0.1,500.0,0.02199,-0.32489,0.79571,0.0,0.99945
10945.7,BTC-28JUN19,1561373941947,open,0.0,461.4,0.0005,0.041,0.00112398,101.44,0.001,0.0,BTC-28JUN19-9000-P,10889.96,89.29,0.0005,28.7,0.001,4.0,99.45,0.70593,-9.2381,-0.03284,5e-05,-0.02713
11299.79,BTC-27SEP19,1561373941947,open,0.82,28.2,0.7835,0.863,0.82312363,116.02,0.755,0.0,BTC-27SEP19-2000-C,10889.96,0.0,0.0045,5.0,0.9525,5.0,500.0,0.12749,-0.07795,5.17658,0.0,0.99937
11299.79,BTC-27SEP19,1561373941947,open,0.0,432.4,0.0005,0.042,0.00236608,112.74,0.004,0.0,BTC-27SEP19-3500-P,10889.96,99.8,0.001,15.0,0.0035,15.0,120.09,1.53501,-0.912,-0.36312,0.0,-0.01
10945.7,BTC-28JUN19,1561373941948,open,0.61,10.6,0.572,0.6515,0.61171932,0.0,0.535,0.0,BTC-28JUN19-4250-C,10889.96,0.0,0.001,10.0,0.0,0.0,0.0,0.0,0.0,0.45128,0.0,1.0
10945.7,BTC-28JUN19,1561373941947,open,0.0,402.3,0.0005,0.04,0.0,114.84,0.0005,0.0,BTC-28JUN19-3500-P,10889.96,0.0,0.0,0.0,0.0005,12.1,442.01,0.0,0.0,0.0,0.0,0.0
10945.7,BTC-28JUN19,1561373941947,open,0.0,1455.8,0.0005,0.04,1e-08,114.84,0.0005,0.0,BTC-28JUN19-20000-C,10889.96,0.0,0.0,0.0,0.0005,51.6,227.24,1e-05,-6e-05,0.0,0.0,0.0
11299.72,BTC-27SEP19,1561373941947,open,0.65,229.1,0.6095,0.689,0.64905469,104.78,0.6475,0.0,BTC-27SEP19-4000-C,10889.96,0.0,0.596,5.0,0.705,5.0,221.44,1.99434,-1.10126,9.91092,1e-05,0.98648
11435.65,BTC-27DEC19,1561373941948,open,0.44,55.1,0.415,0.4945,0.45457315,92.69,0.4705,0.0,BTC-27DEC19-7000-C,10889.96,0.0,0.0005,2.0,0.475,0.1,105.13,18.31217,-4.56594,23.512,3e-05,0.85831
10945.7,BTC-28JUN19,1561373941948,open,0.65,30.0,0.6175,0.697,0.6573994,0.0,0.298,0.0,BTC-28JUN19-3750-C,10889.96,0.0,0.0015,1.0,0.0,0.0,0.0,0.0,0.0,0.39819,0.0,1.0
10945.7,BTC-28JUN19,1561373941948,open,0.63,322.4,0.595,0.6745,0.63455936,0.0,0.62,0.0,BTC-28JUN19-4000-C,10889.96,0.0,0.001,30.0,0.65,0.1,500.0,0.0,0.0,0.42473,0.0,1.0
11435.65,BTC-27DEC19,1561373941948,open,0.05,198.0,0.011,0.0945,0.05269903,92.7,0.0525,0.0,BTC-27DEC19-6500-P,10889.96,89.34,0.048,10.0,0.0555,20.0,94.68,16.1381,-4.02438,-9.94445,3e-05,-0.11806
10945.7,BTC-28JUN19,1561373941942,open,0.58,0.0,0.506,0.631,0.56842442,108.32,None,0.0,BTC-26JUL19-17000-P,10889.96,0.0,0.0,0.0,0.0,0.0,0.0,6.16644,-10.4778,-13.92064,5e-05,-0.88787
10945.7,BTC-28JUN19,1561373941948,open,0.28,24.2,0.244,0.3235,0.28358613,92.41,0.28,0.0,BTC-26JUL19-8000-C,10889.96,0.0,0.161,0.1,0.0,0.0,0.0,5.65483,-8.19671,5.89732,6e-05,0.90053
10945.7,BTC-28JUN19,1561373941945,open,0.32,17.0,0.2845,0.364,0.32411501,94.5,0.246,0.0,BTC-26JUL19-7500-C,10889.96,0.0,0.005,0.1,0.0,0.0,0.0,4.23158,-6.27273,5.81383,4e-05,0.93232
311.21,ETH-28JUN19,1561373941953,open,0.0,4774.0,0.001,0.04,0.0,114.82,0.02,0.0,ETH-28JUN19-120-P,307.95,0.0,0.0,0.0,0.001,250.0,406.17,0.0,0.0,0.0,0.0,0.0
311.21,ETH-28JUN19,1561373941953,open,0.0,6504.0,0.001,0.04,0.000486,113.98,0.002,0.0,ETH-28JUN19-240-P,307.95,0.0,0.0,0.0,0.001,110.0,126.74,0.00971,-0.14272,-0.0004,0.00083,-0.01157
311.21,ETH-28JUN19,1561373941953,open,0.39,553.0,0.35,0.429,0.38948,114.84,0.28,0.0,ETH-28JUN19-190-C,307.95,0.0,0.002,10.0,0.0,0.0,0.0,2e-05,-0.00025,0.02017,0.0,0.99999
322.82,ETH-27SEP19,1561373941953,open,0.16,1503.0,0.125,0.204,0.164645,111.48,0.179,0.0,ETH-27SEP19-380-C,307.95,108.7,0.159,121.0,0.179,121.0,118.54,0.6566,-0.38575,0.28049,0.00217,0.49891
311.21,ETH-28JUN19,1561373941953,open,0.42,0.0,0.358,0.47,0.413724,0.0,0.61,0.0,ETH-28JUN19-440-P,307.95,0.0,0.0,0.0,0.519,1.0,500.0,0.0,0.0,-0.04672,0.0,-1.0
311.21,ETH-28JUN19,1561373941953,open,0.19,556.0,0.158,0.237,0.197793,111.33,0.219,0.0,ETH-28JUN19-250-C,307.95,0.0,0.0,0.0,0.0,0.0,0.0,0.01851,-0.26578,0.0257,0.00162,0.97538
322.82,ETH-27SEP19,1561373941953,open,0.6,0.0,0.527,0.653,0.589729,114.52,None,0.0,ETH-27SEP19-480-P,307.95,0.0,0.0,0.0,0.0,0.0,0.0,0.60911,-0.3676,-1.04096,0.00196,-0.65081
322.82,ETH-27SEP19,1561373941953,open,0.03,5035.0,0.001,0.073,0.032084,110.79,0.035,0.0,ETH-27SEP19-180-P,307.95,103.42,0.026,289.0,0.035,10.0,114.15,0.276,-0.16115,-0.10579,0.00092,-0.09399
322.82,ETH-27SEP19,1561373941953,open,0.14,2344.0,0.109,0.188,0.148287,111.63,0.155,0.0,ETH-27SEP19-400-C,307.95,108.52,0.142,124.0,0.162,374.0,118.39,0.65382,-0.38463,0.26433,0.00216,0.4633
322.82,ETH-27SEP19,1561373941953,open,0.47,743.0,0.435,0.514,0.474497,110.79,0.337,0.0,ETH-27SEP19-180-C,307.95,0.0,0.222,100.0,0.61,9.0,237.35,0.276,-0.16115,0.36209,0.00092,0.90601
311.21,ETH-28JUN19,1561373941953,open,0.26,35.0,0.222,0.301,0.261215,120.78,0.159,0.0,ETH-28JUN19-230-C,307.95,0.0,0.0,0.0,0.35,1.0,500.0,0.00574,-0.08937,0.0242,0.00046,0.99365
322.82,ETH-27SEP19,1561373941953,open,0.12,812.0,0.073,0.162,0.117503,110.76,0.125,0.0,ETH-27SEP19-260-P,307.95,103.07,0.105,258.0,0.122,126.0,113.52,0.52614,-0.30712,-0.31076,0.00175,-0.25284
311.21,ETH-28JUN19,1561373941953,open,0.0,497.0,0.001,0.044,0.004539,105.49,0.006,0.0,ETH-28JUN19-270-P,307.95,86.89,0.002,150.0,0.007,208.0,119.18,0.05067,-0.68952,-0.00302,0.00467,-0.08674
311.21,ETH-28JUN19,1561373941953,open,0.64,214.0,0.607,0.686,0.646586,321.69,0.552,0.0,ETH-28JUN19-110-C,307.95,0.0,0.0,0.0,0.0,0.0,0.0,0.00055,-0.02269,0.01166,2e-05,0.99952
311.21,ETH-28JUN19,1561373941953,open,0.29,1722.0,0.254,0.333,0.293221,127.21,0.3,0.0,ETH-28JUN19-220-C,307.95,0.0,0.0,0.0,0.0,0.0,0.0,0.00324,-0.05316,0.02325,0.00025,0.99665
311.21,ETH-28JUN19,1561373941953,open,0.0,5456.0,0.001,0.04,1.1e-05,114.8,0.001,0.0,ETH-28JUN19-210-P,307.95,0.0,0.0,0.0,0.001,250.0,182.0,0.00042,-0.00349,-1e-05,4e-05,-0.00036
322.82,ETH-27SEP19,1561373941953,open,0.18,1584.0,0.143,0.222,0.182595,111.16,0.194,0.0,ETH-27SEP19-360-C,307.95,107.91,0.176,118.0,0.197,118.0,118.28,0.65389,-0.38306,0.29677,0.00217,0.53626
311.21,ETH-28JUN19,1561373941953,open,0.0,5711.0,0.001,0.04,0.0,114.81,0.001,0.0,ETH-28JUN19-160-P,307.95,0.0,0.0,0.0,0.001,260.0,291.51,0.0,0.0,0.0,0.0,0.0
311.21,ETH-28JUN19,1561373941953,open,0.0,2027.0,0.001,0.04,0.0,114.84,0.001,0.0,ETH-28JUN19-90-P,307.95,0.0,0.0,0.0,0.001,250.0,500.0,0.0,0.0,0.0,0.0,0.0
322.82,ETH-27SEP19,1561373941953,open,0.15,556.0,0.102,0.193,0.147679,110.79,0.154,0.0,ETH-27SEP19-280-P,307.95,103.03,0.134,218.0,0.153,116.0,113.81,0.56924,-0.33236,-0.37276,0.0019,-0.29655
322.82,ETH-27SEP19,1561373941953,open,0.69,0.0,0.653,0.732,0.69293,115.09,None,0.0,ETH-27SEP19-100-C,307.95,0.0,0.003,10.0,0.0,0.0,0.0,0.04763,-0.02889,0.24845,0.00015,0.98901
311.18,ETH-28JUN19,1561373941954,open,0.71,0.0,0.671,0.75,0.710843,392.9,None,0.0,ETH-28JUN19-90-C,307.95,0.0,0.0,0.0,0.0,0.0,0.0,0.00062,-0.03124,0.00954,2e-05,0.99946
311.18,ETH-28JUN19,1561373941954,open,0.0,3085.0,0.001,0.042,0.002099,106.17,0.002,0.0,ETH-28JUN19-260-P,307.95,0.0,0.0,0.0,0.003,163.0,114.54,0.0303,-0.41507,-0.00155,0.00278,-0.04483
322.82,ETH-27SEP19,1561373941954,open,0.08,912.0,0.045,0.124,0.084772,114.75,0.08,0.0,ETH-27SEP19-520-C,307.95,110.32,0.077,138.0,0.102,138.0,124.25,0.57288,-0.34645,0.18121,0.00184,0.30073
311.18,ETH-28JUN19,1561373941954,open,0.0,3084.0,0.001,0.04,0.0,114.81,0.001,0.0,ETH-28JUN19-100-P,307.95,0.0,0.0,0.0,0.001,250.0,479.02,0.0,0.0,0.0,0.0,0.0
311.18,ETH-28JUN19,1561373941954,open,0.0,1541.0,0.001,0.04,0.0,114.82,0.001,0.0,ETH-28JUN19-80-P,307.95,0.0,0.0,0.0,0.001,264.0,500.0,0.0,0.0,0.0,0.0,0.0
311.18,ETH-28JUN19,1561373941954,open,0.35,2184.0,0.318,0.397,0.357432,159.79,0.37,0.0,ETH-28JUN19-200-C,307.95,0.0,0.002,15.0,0.4,35.0,494.65,0.00278,-0.05734,0.02114,0.00017,0.99717
311.18,ETH-28JUN19,1561373941954,open,0.55,335.0,0.511,0.59,0.550201,267.75,0.481,0.0,ETH-28JUN19-140-C,307.95,0.0,0.01,100.0,0.99,1.0,500.0,0.00129,-0.04445,0.01482,5e-05,0.99879
322.79,ETH-27SEP19,1561373941954,open,0.34,2154.0,0.308,0.387,0.347317,110.82,0.35,0.0,ETH-27SEP19-240-C,307.95,0.0,0.001,4.0,0.38,1.0,132.75,0.47406,-0.27686,0.37158,0.00158,0.79018
322.79,ETH-27SEP19,1561373941954,open,0.2,1033.0,0.163,0.242,0.202624,110.81,0.218,0.0,ETH-27SEP19-340-C,307.95,106.99,0.195,115.0,0.216,115.0,117.52,0.64473,-0.3765,0.3129,0.00215,0.57555
311.18,ETH-28JUN19,1561373941954,open,0.0,7937.0,0.001,0.04,0.0,114.79,0.001,0.0,ETH-28JUN19-190-P,307.95,0.0,0.0,0.0,0.001,350.0,222.56,2e-05,-9e-05,0.0,0.0,-1e-05
311.18,ETH-28JUN19,1561373941954,open,0.0,1389.0,0.001,0.04,0.000171,114.76,0.001,0.0,ETH-28JUN19-230-P,307.95,0.0,0.0,0.0,0.001,166.0,144.5,0.00418,-0.05311,-0.00015,0.00035,-0.00446
311.18,ETH-28JUN19,1561373941954,open,0.0,8702.0,0.001,0.04,0.0,114.79,0.001,0.0,ETH-28JUN19-180-P,307.95,0.0,0.0,0.0,0.001,550.0,244.32,0.0,-1e-05,0.0,0.0,0.0
311.18,ETH-28JUN19,1561373941954,open,0.23,1071.0,0.19,0.269,0.229304,116.26,0.254,0.0,ETH-28JUN19-240-C,307.95,0.0,0.002,10.0,0.294,5.0,426.65,0.01069,-0.16034,0.02504,0.00089,0.98706
311.18,ETH-28JUN19,1561373941954,open,0.14,53.0,0.089,0.179,0.133938,109.49,0.282,0.0,ETH-28JUN19-350-P,307.95,0.0,0.0,0.0,0.181,1.0,246.59,0.07871,-1.11175,-0.03211,0.00699,-0.83783
311.18,ETH-28JUN19,1561373941953,open,0.26,658.0,0.222,0.301,0.261641,108.36,0.222,0.0,ETH-26JUL19-240-C,307.95,0.0,0.161,1.0,0.4,20.0,267.18,0.22892,-0.3891,0.15562,0.0025,0.83428
322.79,ETH-27SEP19,1561373941954,open,0.93,27.0,0.84,0.992,0.916335,114.69,1.519,0.0,ETH-27SEP19-600-P,307.95,0.0,0.0,0.0,0.0,0.0,0.0,0.48893,-0.29553,-1.4222,0.00157,-0.7787
311.18,ETH-28JUN19,1561373941954,open,0.52,481.0,0.479,0.558,0.51801,229.72,0.46,0.0,ETH-28JUN19-150-C,307.95,0.0,0.01,100.0,0.0,0.0,0.0,0.00076,-0.02258,0.0159,3e-05,0.99932
311.18,ETH-28JUN19,1561373941954,open,0.0,27.0,0.001,0.041,0.001005,109.5,0.001,0.0,ETH-28JUN19-250-P,307.95,0.0,0.0,0.0,0.002,203.0,123.71,0.01743,-0.24625,-0.00079,0.00155,-0.02294
311.18,ETH-28JUN19,1561373941953,open,0.26,0.0,0.225,0.304,0.264107,106.06,None,0.0,ETH-05JUL19-230-C,307.95,0.0,0.0,0.0,0.0,0.0,0.0,0.04694,-0.22888,0.06446,0.00153,0.95931
311.18,ETH-28JUN19,1561373941955,open,0.01,1085.0,0.001,0.048,0.008434,102.87,0.012,0.0,ETH-28JUN19-280-P,307.95,75.69,0.003,141.0,0.012,40.0,117.03,0.07379,-0.97927,-0.00514,0.00698,-0.14708
322.79,ETH-27SEP19,1561373941955,open,0.7,12.0,0.628,0.763,0.695577,114.68,1.193,0.0,ETH-27SEP19-520-P,307.95,0.0,0.0,0.0,0.0,0.0,0.0,0.57256,-0.34605,-1.17059,0.00184,-0.69958
322.79,ETH-27SEP19,1561373941955,open,0.81,0.0,0.775,0.854,0.814282,116.05,0.01,0.0,ETH-27SEP19-60-C,307.95,0.0,0.003,10.0,0.0,0.0,0.0,0.00475,-0.00291,0.15512,2e-05,0.99915
322.79,ETH-27SEP19,1561373941955,open,0.22,649.0,0.169,0.265,0.217068,110.76,0.226,0.0,ETH-27SEP19-320-P,307.95,103.04,0.202,196.0,0.224,86.0,114.33,0.62808,-0.36662,-0.50344,0.00209,-0.38296
311.18,ETH-28JUN19,1561373941953,open,0.36,0.0,0.328,0.407,0.367076,108.51,None,0.0,ETH-26JUL19-200-C,307.95,0.0,0.0,0.0,0.0,0.0,0.0,0.11227,-0.19108,0.15518,0.00122,0.93809
322.79,ETH-27SEP19,1561373941955,open,0.57,191.0,0.538,0.617,0.577504,111.04,0.5,0.0,ETH-27SEP19-140-C,307.95,0.0,0.014,5.0,0.0,0.0,0.0,0.13985,-0.08184,0.3215,0.00047,0.96068
322.79,ETH-27SEP19,1561373941956,open,0.12,1315.0,0.086,0.165,0.125049,114.18,0.149,0.0,ETH-27SEP19-440-C,307.95,109.07,0.115,129.0,0.139,129.0,121.2,0.63774,-0.38376,0.23469,0.00206,0.40476
322.79,ETH-27SEP19,1561373941956,open,0.0,1814.0,0.001,0.04,0.000806,114.83,0.002,0.0,ETH-27SEP19-80-P,307.95,0.0,0.0,0.0,0.004,410.0,145.05,0.01832,-0.01108,-0.00381,6e-05,-0.00373
311.18,ETH-28JUN19,1561373941955,open,0.61,60.0,0.543,0.67,0.606427,0.0,0.83,0.0,ETH-28JUN19-500-P,307.95,0.0,0.0,0.0,0.0,0.0,0.0,0.0,0.0,-0.05309,0.0,-1.0
322.79,ETH-27SEP19,1561373941956,open,0.75,0.0,0.713,0.792,0.75299,115.23,None,0.0,ETH-27SEP19-80-C,307.95,0.0,0.003,10.0,0.0,0.0,0.0,0.01868,-0.01134,0.20405,6e-05,0.99619
311.18,ETH-28JUN19,1561373941956,open,0.0,7787.0,0.001,0.04,0.0,114.8,0.001,0.0,ETH-28JUN19-150-P,307.95,0.0,0.0,0.0,0.001,769.0,317.22,0.0,0.0,0.0,0.0,0.0
311.18,ETH-28JUN19,1561373941954,open,0.34,0.0,0.283,0.389,0.336259,114.73,None,0.0,ETH-26JUL19-400-P,307.95,0.0,0.0,0.0,0.0,0.0,0.0,0.31167,-0.56092,-0.28596,0.00321,-0.71601
322.79,ETH-27SEP19,1561373941956,open,0.27,2051.0,0.241,0.32,0.280323,110.81,0.26,0.0,ETH-27SEP19-280-C,307.95,104.96,0.27,110.0,0.298,229.0,120.85,0.56924,-0.33243,0.35498,0.0019,0.7034
311.18,ETH-28JUN19,1561373941954,open,0.29,0.0,0.256,0.335,0.295224,110.77,None,0.0,ETH-05JUL19-220-C,307.95,0.0,0.0,0.0,0.0,0.0,0.0,0.03464,-0.1764,0.06274,0.00108,0.97188
311.18,ETH-28JUN19,1561373941955,open,0.42,0.0,0.387,0.466,0.426171,109.81,None,0.0,ETH-26JUL19-180-C,307.95,0.0,0.0,0.0,0.0,0.0,0.0,0.06638,-0.11434,0.14718,0.00071,0.96778
311.18,ETH-28JUN19,1561373941953,open,0.16,0.0,0.114,0.206,0.160111,114.17,None,0.0,ETH-05JUL19-350-P,307.95,0.0,0.0,0.0,0.0,0.0,0.0,0.1893,-0.9936,-0.07889,0.00575,-0.69076
311.18,ETH-28JUN19,1561373941955,open,0.19,0.0,0.141,0.235,0.187546,111.03,None,0.0,ETH-26JUL19-340-P,307.95,0.0,0.0,0.0,0.183,24.0,107.15,0.36481,-0.63537,-0.1983,0.00389,-0.54217
311.18,ETH-28JUN19,1561373941953,open,0.31,20.0,0.272,0.351,0.311982,108.39,0.237,0.0,ETH-26JUL19-220-C,307.95,0.0,0.0,0.0,0.0,0.0,0.0,0.1695,-0.28818,0.1579,0.00185,0.89301
311.18,ETH-28JUN19,1561373941954,open,0.21,501.0,0.177,0.256,0.216667,108.34,0.22,0.0,ETH-26JUL19-260-C,307.95,91.77,0.202,120.0,0.26,22.0,154.12,0.28283,-0.48066,0.14892,0.00309,0.76464
311.18,ETH-28JUN19,1561373941955,open,0.23,0.0,0.195,0.274,0.234352,105.92,None,0.0,ETH-05JUL19-240-C,307.95,0.0,0.0,0.0,0.0,0.0,0.0,0.06833,-0.33273,0.06494,0.00224,0.93473
11435.65,BTC-27DEC19,1561373941963,open,1.39,0.0,1.246,1.4325,1.33916133,100.78,None,0.0,BTC-27DEC19-26000-P,10889.96,0.0,0.0045,10.0,2.1635,0.2,500.0,23.97158,-6.49878,-123.58715,4e-05,-0.78302
11435.72,BTC-27DEC19,1561373941984,open,1.22,0.0,1.088,1.2615,1.17460855,99.63,None,0.0,BTC-27DEC19-24000-P,10889.96,0.0,0.006,1.0,1.993,0.2,500.0,25.70973,-6.89024,-112.31581,4e-05,-0.75402
322.79,ETH-27SEP19,1561373942134,open,0.0,389.0,0.001,0.04,0.000144,114.83,0.002,0.0,ETH-27SEP19-60-P,307.95,0.0,0.0,0.0,0.002,199.0,156.07,0.00436,-0.00264,-0.00077,1e-05,-0.00077
322.79,ETH-27SEP19,1561373942158,open,0.27,2051.0,0.241,0.32,0.280323,110.81,0.26,0.0,ETH-27SEP19-280-C,307.95,104.96,0.27,110.0,0.297,230.0,120.28,0.56924,-0.33243,0.35498,0.0019,0.7034
322.79,ETH-27SEP19,1561373942300,open,0.01,8150.0,0.001,0.046,0.005943,112.92,0.003,0.0,ETH-27SEP19-120-P,307.95,99.94,0.003,220.0,0.009,373.0,122.92,0.08768,-0.05217,-0.02377,0.00029,-0.02239
311.18,ETH-28JUN19,1561373942307,open,0.08,622.0,0.044,0.123,0.083672,103.22,0.076,0.0,ETH-28JUN19-290-C,307.95,77.31,0.076,10.0,0.089,162.0,119.48,0.09901,-1.31845,0.02245,0.00933,0.76297
322.79,ETH-27SEP19,1561373942329,open,0.49,0.0,0.429,0.547,0.488038,114.12,None,0.0,ETH-27SEP19-440-P,307.95,0.0,0.0,0.0,0.501,6.0,120.65,0.63767,-0.3835,-0.90906,0.00206,-0.59542
11435.72,BTC-27DEC19,1561373942352,open,0.25,33.3,0.1865,0.285,0.2356094,92.71,0.255,0.0,BTC-27DEC19-11000-P,10889.96,89.63,0.2275,4.9,0.2415,8.7,94.94,30.1782,-7.52595,-34.01472,5e-05,-0.34845
11299.79,BTC-27SEP19,1561373942370,open,0.3,3.1,0.238,0.3405,0.28910385,94.85,0.2945,0.0,BTC-27SEP19-13000-P,10889.96,90.89,0.281,3.6,0.3005,3.6,100.48,22.95671,-11.47499,-23.73884,7e-05,-0.51917
11435.65,BTC-27DEC19,1561373942372,open,0.44,3.6,0.36,0.473,0.41656986,93.9,0.514,0.0,BTC-27DEC19-14000-P,10889.96,90.0,0.4055,3.6,0.4315,3.6,99.14,32.53855,-8.21848,-52.61053,5e-05,-0.48681
322.79,ETH-27SEP19,1561373942367,open,0.26,238.0,0.206,0.305,0.255759,110.72,0.252,0.0,ETH-27SEP19-340-P,307.95,90.93,0.216,110.0,0.266,6.0,115.85,0.64477,-0.37621,-0.57082,0.00215,-0.42457
10945.77,BTC-28JUN19,1561373942380,open,0.02,76.0,0.0005,0.0545,0.01433553,95.34,0.0145,0.0,BTC-28JUN19-10250-P,10889.96,89.55,0.0125,0.7,0.0165,24.7,102.12,3.47828,-42.78293,-0.29151,0.00029,-0.2365
322.79,ETH-27SEP19,1561373942380,open,0.3,81.0,0.246,0.349,0.297724,111.1,0.409,0.0,ETH-27SEP19-360-P,307.95,0.0,0.0,0.0,0.309,6.0,116.68,0.65385,-0.38284,-0.63903,0.00217,-0.4639
311.18,ETH-28JUN19,1561373942419,open,0.15,0.0,0.114,0.193,0.153059,104.73,None,0.0,ETH-05JUL19-270-C,307.95,98.07,0.15,10.0,0.0,0.0,0.0,0.14605,-0.70321,0.06085,0.00483,0.80938
10945.7,BTC-28JUN19,1561373942427,open,0.18,6.0,0.121,0.214,0.16736856,103.66,0.174,0.0,BTC-05JUL19-12500-P,10889.96,82.76,0.1565,6.0,0.1655,6.0,100.27,6.09193,-29.03217,-2.96908,0.00016,-0.74299
10945.77,BTC-28JUN19,1561373942429,open,0.15,10.5,0.1175,0.197,0.15704288,101.52,0.128,0.0,BTC-28JUN19-9250-C,10889.96,0.0,0.1535,6.0,0.16,6.0,123.55,1.132,-14.8264,0.92349,9e-05,0.95168
11435.65,BTC-27DEC19,1561373942469,open,0.37,3.7,0.2985,0.4065,0.35257045,93.52,0.371,0.0,BTC-27DEC19-13000-P,10889.96,89.94,0.3425,3.6,0.366,3.6,98.28,32.23179,-8.10823,-46.37382,5e-05,-0.44371
10945.7,BTC-28JUN19,1561373942516,open,0.01,2.3,0.0005,0.055,0.01530183,108.32,0.017,0.0,BTC-26JUL19-17000-C,10889.96,105.03,0.0135,10.0,0.0175,24.0,112.1,6.16617,-10.47709,0.92552,5e-05,0.11212
10945.7,BTC-28JUN19,1561373942522,open,0.05,164.4,0.017,0.0965,0.05657161,100.9,0.065,0.0,BTC-26JUL19-13000-C,10889.96,97.57,0.053,15.0,0.06,24.3,104.07,11.77626,-18.6389,2.65595,0.00011,0.33442
10945.7,BTC-28JUN19,1561373942471,open,0.22,14.0,0.162,0.2585,0.2102023,100.9,0.1835,0.0,BTC-26JUL19-12500-P,10889.96,77.96,0.185,14.4,0.198,14.4,89.97,12.35052,-19.54798,-7.90206,0.00012,-0.61646
10945.7,BTC-28JUN19,1561373942560,open,0.21,31.7,0.172,0.2515,0.21196781,92.41,0.2165,0.0,BTC-26JUL19-9000-C,10889.96,96.67,0.2155,4.9,0.228,4.9,111.18,8.96695,-12.99771,5.65195,9e-05,0.80324
10945.7,BTC-28JUN19,1561373942564,open,0.19,21.2,0.1305,0.224,0.17728817,100.12,0.173,0.0,BTC-26JUL19-12000-P,10889.96,79.46,0.1535,14.4,0.166,14.4,90.38,12.73433,-19.99876,-7.09257,0.00012,-0.56469
10945.7,BTC-28JUN19,1561373942619,open,0.18,7.0,0.147,0.2265,0.18669407,96.62,0.184,0.0,BTC-05JUL19-9000-C,10889.96,94.36,0.186,6.0,0.194,6.0,117.3,3.42108,-15.19606,2.31209,0.0001,0.89561
10945.7,BTC-28JUN19,1561373942622,open,0.21,31.7,0.172,0.2515,0.21196781,92.41,0.2165,0.0,BTC-26JUL19-9000-C,10889.96,96.67,0.2155,4.9,0.2275,4.9,110.62,8.96695,-12.99771,5.65195,9e-05,0.80324
10945.7,BTC-28JUN19,1561373942624,open,0.14,0.0,0.1095,0.189,0.14915061,96.62,0.137,0.0,BTC-05JUL19-9500-C,10889.96,95.15,0.1485,6.0,0.156,6.0,111.28,4.8788,-21.67124,2.20269,0.00014,0.82453
10945.7,BTC-28JUN19,1561373942627,open,0.13,351.6,0.0955,0.175,0.13519465,95.77,0.137,0.0,BTC-28JUN19-9500-C,10889.96,0.0,0.132,6.0,0.138,5.0,113.25,1.49459,-18.46673,0.92514,0.00012,0.93119
10945.7,BTC-28JUN19,1561373942629,open,0.14,0.0,0.1095,0.189,0.14915061,96.62,0.137,0.0,BTC-05JUL19-9500-C,10889.96,94.01,0.148,6.0,0.156,6.0,111.28,4.8788,-21.67124,2.20269,0.00014,0.82453
11435.65,BTC-27DEC19,1561373942635,open,0.5,0.0,0.4255,0.544,0.48462797,94.63,None,0.0,BTC-27DEC19-15000-P,10889.96,90.34,0.4725,3.6,0.4995,3.6,99.85,32.48947,-8.27017,-58.83149,5e-05,-0.52557
11299.79,BTC-27SEP19,1561373942655,open,0.2,512.5,0.16,0.2395,0.19951289,93.55,0.199,0.0,BTC-27SEP19-11000-C,10889.96,90.71,0.194,9.0,0.2065,0.4,97.13,22.0056,-10.84906,12.23058,7e-05,0.61595
10945.7,BTC-28JUN19,1561373942740,open,0.22,14.0,0.162,0.2585,0.2102023,100.9,0.1835,0.0,BTC-26JUL19-12500-P,10889.96,78.9,0.186,4.0,0.198,14.4,89.97,12.35052,-19.54798,-7.90206,0.00012,-0.61646
11435.57,BTC-27DEC19,1561373942958,open,0.65,27.1,0.6225,0.702,0.66201411,98.5,0.542,0.0,BTC-27DEC19-4000-C,10889.47,0.0,0.013,10.0,0.701,0.2,150.92,5.92555,-1.56997,17.79287,1e-05,0.96755
10945.78,BTC-28JUN19,1561373942958,open,0.19,0.1,0.1615,0.241,0.20142285,108.01,0.182,0.0,BTC-28JUN19-8750-C,10889.47,0.0,0.001,15.0,0.2505,0.1,342.54,0.53097,-7.39855,0.90567,4e-05,0.98065
10945.78,BTC-28JUN19,1561373942959,open,0.11,50.8,0.075,0.1545,0.114772,95.78,0.132,0.0,BTC-28JUN19-9750-C,10889.47,75.8,0.1115,6.0,0.118,6.0,110.84,2.13385,-26.36568,0.89992,0.00018,0.88906
11299.87,BTC-27SEP19,1561373942958,open,0.05,269.3,0.0055,0.085,0.04523458,101.02,0.0425,0.0,BTC-27SEP19-20000-C,10889.47,98.34,0.0415,18.5,0.0485,4.9,103.3,16.00097,-8.51859,4.46875,5e-05,0.19738
11299.87,BTC-27SEP19,1561373942959,open,0.83,0.0,0.743,0.8875,0.81517897,101.03,None,0.0,BTC-27SEP19-20000-P,10889.47,0.0,0.0045,10.0,1.5045,0.2,499.88,16.00259,-8.5202,-47.51733,5e-05,-0.80259
11435.57,BTC-27DEC19,1561373942960,open,0.09,44.5,0.0505,0.13,0.09005335,98.92,0.085,0.0,BTC-27DEC19-22000-C,10889.47,97.02,0.0855,10.0,0.095,10.0,100.96,27.61266,-7.34771,11.23701,4e-05,0.28301
11299.87,BTC-27SEP19,1561373942960,open,1.0,0.2,0.9025,1.0605,0.9814294,102.75,1.391,0.0,BTC-27SEP19-22000-P,10889.47,0.0,0.0045,10.0,0.0,0.0,0.0,13.80273,-7.47431,-53.60849,4e-05,-0.84372
11299.87,BTC-27SEP19,1561373942961,open,0.48,716.2,0.444,0.5235,0.48398304,94.09,0.4505,0.0,BTC-27SEP19-6000-C,10889.47,0.0,0.15,0.4,0.55,2.0,169.77,6.81318,-3.37852,13.41043,2e-05,0.94055
11435.57,BTC-27DEC19,1561373942961,open,0.3,431.7,0.2705,0.35,0.3104674,92.7,0.34,0.0,BTC-27DEC19-10000-C,10889.47,87.26,0.297,3.6,0.3195,5.0,96.36,28.23695,-7.04127,22.86928,5e-05,0.70317
11299.87,BTC-27SEP19,1561373942960,open,0.02,357.9,0.0005,0.0555,0.01496636,94.1,0.0165,0.0,BTC-27SEP19-6000-P,10889.47,89.84,0.0125,19.0,0.0175,14.0,98.16,6.81394,-3.37913,-2.18593,2e-05,-0.05946
11299.87,BTC-27SEP19,1561373942961,open,0.1,180.0,0.059,0.1385,0.09879504,96.99,0.0975,0.0,BTC-27SEP19-15000-C,10889.47,95.01,0.095,17.9,0.103,9.0,99.16,21.7968,-11.14098,8.03523,7e-05,0.37236
11435.57,BTC-27DEC19,1561373942962,open,0.34,143.7,0.3125,0.392,0.3524578,92.7,0.372,0.0,BTC-27DEC19-9000-C,10889.47,86.24,0.338,1.3,0.3635,1.3,97.63,25.60973,-6.38614,23.488,4e-05,0.75579
10945.29,BTC-28JUN19,1561373942962,open,0.0,1151.2,0.0005,0.04,1e-07,114.83,0.0005,0.0,BTC-28JUN19-6500-P,10889.47,0.0,0.0,0.0,0.0005,12.1,213.28,0.00021,-0.0011,0.0,0.0,0.0
10945.29,BTC-28JUN19,1561373942957,open,0.02,133.0,0.0005,0.0575,0.01707135,96.6,0.0135,0.0,BTC-05JUL19-9500-P,10889.47,88.32,0.0135,30.0,0.018,18.0,98.67,4.87911,-21.66928,-0.62804,0.00014,-0.1755
10945.29,BTC-28JUN19,1561373942960,open,0.01,131.0,0.0005,0.0455,0.00573867,96.72,0.004,0.0,BTC-26JUL19-7000-P,10889.47,93.93,0.005,5.0,0.007,15.0,101.08,3.00699,-4.56203,-0.47476,3e-05,-0.04393
10945.29,BTC-28JUN19,1561373942959,open,0.05,14.8,0.0075,0.087,0.04724769,101.4,0.046,0.0,BTC-26JUL19-13500-C,10889.47,97.67,0.0435,15.0,0.0505,19.3,104.59,11.09135,-17.6422,2.33078,0.0001,0.29109
11299.87,BTC-27SEP19,1561373942963,open,0.03,308.1,0.0005,0.074,0.03449056,102.74,0.055,0.0,BTC-27SEP19-22000-C,10889.47,99.82,0.031,18.9,0.0375,6.0,105.16,13.80037,-7.47221,3.57608,4e-05,0.15624
10945.29,BTC-28JUN19,1561373942958,open,0.12,73.3,0.088,0.1675,0.12797861,92.43,0.1325,0.0,BTC-26JUL19-10500-C,10889.47,94.21,0.13,14.4,0.1425,14.4,105.27,12.37743,-17.9445,4.64156,0.00013,0.61357
311.18,ETH-28JUN19,1561373942968,open,0.17,8.0,0.116,0.208,0.162447,109.19,0.317,0.0,ETH-28JUN19-360-P,307.94,0.0,0.001,2.0,0.216,1.0,276.2,0.05938,-0.83649,-0.03485,0.00529,-0.89231
311.18,ETH-28JUN19,1561373942968,open,0.08,119.0,0.038,0.123,0.080265,102.79,0.055,0.0,ETH-28JUN19-330-P,307.94,0.0,0.002,1.0,0.085,180.0,115.63,0.11281,-1.49592,-0.02552,0.01067,-0.69197
10945.29,BTC-28JUN19,1561373942957,open,0.02,173.1,0.0005,0.057,0.01743799,103.68,0.015,0.0,BTC-05JUL19-13000-C,10889.47,98.37,0.015,16.0,0.0195,30.0,107.97,5.15419,-24.56676,0.56814,0.00014,0.19164
311.18,ETH-28JUN19,1561373942969,open,0.2,0.0,0.145,0.239,0.192267,108.89,None,0.0,ETH-28JUN19-370-P,307.94,0.0,0.0,0.0,0.258,1.0,322.79,0.04235,-0.5949,-0.03713,0.00378,-0.93148
322.78,ETH-27SEP19,1561373942969,open,0.34,27.0,0.289,0.395,0.34173,111.41,0.48,0.0,ETH-27SEP19-380-P,307.94,0.0,0.0,0.0,0.355,6.0,117.93,0.65652,-0.38546,-0.70734,0.00218,-0.50133
10945.29,BTC-28JUN19,1561373942957,open,0.0,13.0,0.0005,0.0445,0.00436681,97.78,0.002,0.0,BTC-05JUL19-8500-P,10889.47,86.91,0.0025,46.0,0.006,46.0,105.42,2.15496,-9.68692,-0.19939,6e-05,-0.05677
322.78,ETH-27SEP19,1561373942969,open,0.06,766.0,0.03,0.109,0.069865,114.81,0.081,0.0,ETH-27SEP19-560-C,307.94,111.21,0.064,141.0,0.078,5.0,119.67,0.53198,-0.32188,0.1581,0.00171,0.2583
322.78,ETH-27SEP19,1561373942969,open,0.18,113.0,0.134,0.228,0.180932,110.75,0.166,0.0,ETH-27SEP19-300-P,307.94,103.31,0.167,208.0,0.187,98.0,114.01,0.60311,-0.35203,-0.43723,0.00201,-0.34019
311.18,ETH-28JUN19,1561373942969,open,0.55,60.0,0.481,0.603,0.542173,0.0,0.757,0.0,ETH-28JUN19-480-P,307.94,0.0,0.0,0.0,0.0,0.0,0.0,0.0,0.0,-0.05097,0.0,-1.0
311.18,ETH-28JUN19,1561373942969,open,0.0,10422.0,0.001,0.04,2e-06,114.81,0.001,0.0,ETH-28JUN19-200-P,307.94,0.0,0.0,0.0,0.001,250.0,201.81,0.0001,-0.00066,0.0,1e-05,-7e-05
311.18,ETH-28JUN19,1561373942969,open,0.61,50.0,0.575,0.654,0.614408,291.05,0.547,0.0,ETH-28JUN19-120-C,307.94,0.0,0.0,0.0,0.0,0.0,0.0,0.0005,-0.01896,0.01273,2e-05,0.99956
311.18,ETH-28JUN19,1561373942970,open,0.04,18.0,0.001,0.081,0.040332,102.9,0.033,0.0,ETH-28JUN19-310-P,307.94,82.55,0.032,97.0,0.046,181.0,116.74,0.12742,-1.69149,-0.01668,0.01204,-0.4646
10945.29,BTC-28JUN19,1561373942957,open,0.02,70.5,0.0005,0.065,0.02536759,103.67,0.0245,0.0,BTC-05JUL19-12500-C,10889.47,101.2,0.024,0.1,0.0275,24.0,107.47,6.09132,-29.0333,0.75534,0.00016,0.25698
311.18,ETH-28JUN19,1561373942970,open,0.45,1118.0,0.414,0.493,0.453745,194.34,0.354,0.0,ETH-28JUN19-170-C,307.94,0.0,0.006,2.0,0.49,6.0,500.0,0.00099,-0.02475,0.01802,5e-05,0.99909
10945.29,BTC-28JUN19,1561373942957,open,0.01,141.1,0.0005,0.049,0.00893477,96.61,0.007,0.0,BTC-05JUL19-9000-P,10889.47,88.3,0.0065,36.0,0.0105,46.0,101.45,3.42136,-15.19549,-0.36963,0.0001,-0.1044
311.18,ETH-28JUN19,1561373942970,open,0.11,20.0,0.063,0.151,0.106792,108.33,0.093,0.0,ETH-28JUN19-340-P,307.94,0.0,0.0,0.0,0.114,10.0,130.17,0.09746,-1.36205,-0.02896,0.00875,-0.76963
322.78,ETH-27SEP19,1561373942970,open,0.05,2917.0,0.018,0.097,0.057714,114.81,0.07,0.0,ETH-27SEP19-600-C,307.94,113.0,0.055,144.0,0.06,10.0,116.31,0.48942,-0.29612,0.13758,0.00157,0.2217
311.18,ETH-28JUN19,1561373942970,open,0.58,386.0,0.543,0.622,0.582276,269.29,0.534,0.0,ETH-28JUN19-130-C,307.94,0.0,0.0,0.0,0.0,0.0,0.0,0.00058,-0.02021,0.01379,2e-05,0.99949
322.78,ETH-27SEP19,1561373942970,open,0.02,5672.0,0.001,0.06,0.019879,110.77,0.009,0.0,ETH-27SEP19-160-P,307.94,102.64,0.015,160.0,0.023,10.0,115.54,0.20522,-0.11981,-0.07006,0.00068,-0.06363
322.78,ETH-27SEP19,1561373942971,open,0.38,861.0,0.347,0.426,0.386024,110.83,0.37,0.0,ETH-27SEP19-220-C,307.94,0.0,0.0,0.0,0.56,10.0,238.69,0.41375,-0.24167,0.37394,0.00138,0.83171
311.18,ETH-28JUN19,1561373942972,open,0.74,0.0,0.703,0.782,0.742939,397.96,None,0.0,ETH-28JUN19-80-C,307.94,0.0,0.002,5.0,0.0,0.0,0.0,0.00026,-0.01352,0.00849,1e-05,0.99978
322.78,ETH-27SEP19,1561373942973,open,0.81,24.0,0.733,0.876,0.804577,114.68,1.356,0.0,ETH-27SEP19-560-P,307.94,0.0,0.0,0.0,0.0,0.0,0.0,0.5315,-0.32122,-1.29773,0.00171,-0.74215
311.18,ETH-28JUN19,1561373942968,open,0.24,0.0,0.19,0.288,0.238903,114.45,None,0.0,ETH-05JUL19-380-P,307.94,0.0,0.0,0.0,0.0,0.0,0.0,0.14131,-0.74354,-0.09811,0.00428,-0.81926
322.78,ETH-27SEP19,1561373942974,open,0.42,1743.0,0.389,0.468,0.428359,110.8,0.367,0.0,ETH-27SEP19-200-C,307.94,0.0,0.125,30.0,0.583,4.0,237.28,0.34681,-0.20251,0.37114,0.00116,0.87071
311.17,ETH-28JUN19,1561373942969,open,0.2,0.0,0.166,0.245,0.20543,104.67,None,0.0,ETH-05JUL19-250-C,307.94,0.0,0.0,0.0,0.0,0.0,0.0,0.09183,-0.44189,0.06472,0.00304,0.90351
311.17,ETH-28JUN19,1561373942969,open,0.63,0.0,0.558,0.687,0.622489,114.75,None,0.0,ETH-26JUL19-500-P,307.94,0.0,0.0,0.0,0.0,0.0,0.0,0.17238,-0.31027,-0.41114,0.00178,-0.89047
311.17,ETH-28JUN19,1561373942968,open,0.3,0.0,0.245,0.348,0.296327,114.6,None,0.0,ETH-05JUL19-400-P,307.94,0.0,0.0,0.0,0.0,0.0,0.0,0.10801,-0.56907,-0.10898,0.00327,-0.87911
10945.29,BTC-28JUN19,1561373942961,open,0.15,0.0,0.0975,0.1885,0.14319865,96.39,None,0.0,BTC-26JUL19-11500-P,10889.47,80.5,0.1245,14.4,0.1365,14.4,90.7,12.89764,-19.50094,-6.26677,0.00013,-0.51242
311.17,ETH-28JUN19,1561373942969,open,0.21,0.0,0.164,0.26,0.211642,114.58,None,0.0,ETH-05JUL19-370-P,307.94,0.0,0.0,0.0,0.0,0.0,0.0,0.15849,-0.83488,-0.09206,0.00479,-0.78132
311.17,ETH-28JUN19,1561373942978,open,0.06,81.0,0.017,0.101,0.058679,103.21,0.064,0.0,ETH-28JUN19-320-P,307.94,0.0,0.001,30.0,0.062,141.0,111.45,0.12513,-1.6662,-0.02121,0.01179,-0.58313
311.17,ETH-28JUN19,1561373942969,open,0.14,0.0,0.091,0.181,0.136398,113.88,None,0.0,ETH-05JUL19-340-P,307.94,0.0,0.0,0.0,0.139,30.0,117.88,0.20138,-1.0543,-0.07178,0.00613,-0.63776
311.17,ETH-28JUN19,1561373942970,open,0.24,144.0,0.188,0.286,0.236749,114.77,0.216,0.0,ETH-26JUL19-360-P,307.94,0.0,0.0,0.0,0.227,24.0,106.17,0.35464,-0.63848,-0.2281,0.00365,-0.60263
311.17,ETH-28JUN19,1561373942969,open,0.01,42.0,0.001,0.055,0.015702,114.84,0.054,0.0,ETH-26JUL19-500-C,307.94,113.56,0.015,150.0,0.027,150.0,132.7,0.17265,-0.31101,0.02556,0.00178,0.10977
311.17,ETH-28JUN19,1561373942970,open,0.19,0.0,0.138,0.232,0.185291,114.42,None,0.0,ETH-05JUL19-360-P,307.94,0.0,0.0,0.0,0.0,0.0,0.0,0.17468,-0.91889,-0.08567,0.00529,-0.73868
311.17,ETH-28JUN19,1561373942971,open,0.32,0.0,0.287,0.366,0.326587,115.1,None,0.0,ETH-05JUL19-210-C,307.94,0.0,0.0,0.0,0.0,0.0,0.0,0.02471,-0.13076,0.06069,0.00074,0.98117
311.17,ETH-28JUN19,1561373942970,open,0.27,0.0,0.217,0.317,0.267282,114.61,None,0.0,ETH-05JUL19-390-P,307.94,0.0,0.0,0.0,0.0,0.0,0.0,0.12445,-0.65571,-0.10372,0.00376,-0.85141
311.17,ETH-28JUN19,1561373942974,open,0.49,0.0,0.449,0.528,0.4881,114.97,None,0.0,ETH-26JUL19-160-C,307.94,0.0,0.0,0.0,0.0,0.0,0.0,0.03814,-0.06879,0.13457,0.00039,0.98332
10945.29,BTC-28JUN19,1561373942994,open,0.08,83.3,0.041,0.1205,0.08096724,100.13,0.084,0.0,BTC-26JUL19-12000-C,10889.47,97.58,0.078,5.0,0.085,14.4,103.59,12.7337,-19.99995,3.3867,0.00012,0.43528
311.18,ETH-28JUN19,1561373943005,open,0.1,1600.0,0.069,0.148,0.108668,103.72,0.135,0.0,ETH-28JUN19-280-C,307.94,67.06,0.102,10.0,0.113,136.0,120.02,0.07439,-0.99536,0.02453,0.00698,0.85113
10945.29,BTC-28JUN19,1561373943197,open,0.08,83.3,0.041,0.1205,0.08095412,100.13,0.084,0.0,BTC-26JUL19-12000-C,10889.47,97.58,0.078,5.0,0.085,19.4,103.59,12.7337,-19.99995,3.3867,0.00012,0.43528
10945.29,BTC-28JUN19,1561373936814,open,0.03,35.1,0.0005,0.0705,0.02948172,96.6,0.0265,0.0,BTC-05JUL19-10000-P,10889.47,88.6,0.025,0.2,0.029,0.6,95.77,6.19984,-27.53403,-0.96351,0.00018,-0.26597
11299.38,BTC-27SEP19,1561373943290,open,0.23,6.7,0.179,0.2765,0.22787034,94.06,0.212,0.0,BTC-27SEP19-12000-P,10889.47,90.41,0.2205,3.6,0.2385,3.6,99.32,22.83275,-11.3177,-20.04167,7e-05,-0.4545
11435.98,BTC-27DEC19,1561373943326,open,0.06,23.1,0.0195,0.099,0.05932253,102.97,0.08,0.0,BTC-27DEC19-28000-C,10889.47,102.3,0.058,5.0,0.061,4.9,103.82,22.66404,-6.27783,8.03809,3e-05,0.19735
311.18,ETH-28JUN19,1561373943381,open,0.03,0.0,0.001,0.068,0.028404,114.47,None,0.0,ETH-05JUL19-360-C,307.94,106.47,0.024,135.0,0.036,349.0,127.63,0.17475,-0.91967,0.02161,0.00529,0.2615
311.17,ETH-28JUN19,1561373943391,open,0.11,0.0,0.07,0.159,0.114487,113.88,None,0.0,ETH-05JUL19-330-P,307.94,0.0,0.0,0.0,0.112,204.0,110.19,0.21002,-1.09957,-0.06434,0.00639,-0.57949
311.17,ETH-28JUN19,1561373943408,open,0.01,10.0,0.001,0.045,0.005542,105.6,0.008,0.0,ETH-05JUL19-240-P,307.94,85.17,0.002,150.0,0.009,402.0,119.64,0.06793,-0.3298,-0.00652,0.00223,-0.06478
311.17,ETH-28JUN19,1561373943420,open,0.14,786.0,0.104,0.183,0.143608,108.3,0.128,0.0,ETH-26JUL19-300-C,307.94,111.29,0.147,120.0,0.171,233.0,132.47,0.35331,-0.60019,0.12621,0.00386,0.60805
311.18,ETH-28JUN19,1561373943435,open,0.01,0.0,0.001,0.053,0.013989,114.77,None,0.0,ETH-05JUL19-390-C,307.94,106.87,0.011,147.0,0.021,336.0,130.85,0.12471,-0.65801,0.01252,0.00377,0.14904
311.17,ETH-28JUN19,1561373943449,open,0.01,350.0,0.001,0.05,0.010897,114.72,0.008,0.0,ETH-05JUL19-400-C,307.94,102.4,0.007,150.0,0.018,357.0,133.0,0.10819,-0.5706,0.01022,0.00327,0.12118
311.17,ETH-28JUN19,1561373943491,open,0.0,0.0,0.001,0.042,0.002145,110.17,None,0.0,ETH-05JUL19-220-P,307.94,0.0,0.0,0.0,0.004,326.0,124.16,0.03403,-0.17238,-0.00275,0.00107,-0.02754
10945.29,BTC-28JUN19,1561373943487,open,0.12,73.3,0.088,0.1675,0.12796042,92.43,0.1325,0.0,BTC-26JUL19-10500-C,10889.47,94.21,0.13,14.4,0.142,14.4,104.82,12.37743,-17.9445,4.64156,0.00013,0.61357
11435.57,BTC-27DEC19,1561373943501,open,0.44,3.6,0.36,0.473,0.41657657,93.88,0.514,0.0,BTC-27DEC19-14000-P,10889.47,90.17,0.406,3.6,0.4315,3.6,99.13,32.53842,-8.21736,-52.61067,5e-05,-0.48684
311.17,ETH-28JUN19,1561373943501,open,0.13,0.0,0.09,0.169,0.129742,104.63,None,0.0,ETH-05JUL19-280-C,307.94,97.72,0.126,10.0,0.146,210.0,133.23,0.17066,-0.8209,0.05752,0.00565,0.75008
311.18,ETH-28JUN19,1561373943548,open,0.17,471.0,0.138,0.217,0.177301,108.33,0.188,0.0,ETH-26JUL19-280-C,307.94,111.82,0.181,120.0,0.204,238.0,133.64,0.32538,-0.55292,0.13874,0.00355,0.68789
311.18,ETH-28JUN19,1561373943613,open,0.11,178.0,0.069,0.148,0.108725,104.59,0.127,0.0,ETH-05JUL19-290-C,307.94,96.85,0.104,30.0,0.125,188.0,130.75,0.19091,-0.91798,0.0534,0.00633,0.68464
311.18,ETH-28JUN19,1561373943639,open,0.09,93.0,0.051,0.13,0.090041,104.59,0.09,0.0,ETH-05JUL19-300-C,307.94,98.46,0.086,30.0,0.107,215.0,130.22,0.20529,-0.98714,0.04869,0.0068,0.61521
311.17,ETH-28JUN19,1561373943650,open,0.03,11.0,0.001,0.075,0.035442,114.32,0.039,0.0,ETH-05JUL19-350-C,307.94,105.24,0.03,129.0,0.043,349.0,126.53,0.18936,-0.99524,0.02541,0.00574,0.30951
10945.29,BTC-28JUN19,1561373943659,open,0.12,73.3,0.088,0.1675,0.12796042,92.43,0.1325,0.0,BTC-26JUL19-10500-C,10889.47,94.21,0.13,19.4,0.142,14.4,104.82,12.37743,-17.9445,4.64156,0.00013,0.61357
10945.29,BTC-28JUN19,1561373943661,open,0.12,73.3,0.088,0.1675,0.12796042,92.43,0.1325,0.0,BTC-26JUL19-10500-C,10889.47,94.21,0.13,19.4,0.142,19.4,104.82,12.37743,-17.9445,4.64156,0.00013,0.61357
10945.29,BTC-28JUN19,1561373943927,open,0.06,70.5,0.0245,0.104,0.06415542,96.64,0.066,0.0,BTC-05JUL19-11000-C,10889.47,94.94,0.063,15.0,0.0705,0.3,105.85,7.52657,-33.44153,1.49097,0.00022,0.52134
11299.48,BTC-27SEP19,1561373943943,open,0.02,0.0,0.0005,0.057,0.01724476,107.71,None,0.0,BTC-27SEP19-28000-C,10888.49,104.06,0.0145,15.0,0.02,6.0,111.07,8.89483,-5.04911,1.96423,2e-05,0.08412
11299.48,BTC-27SEP19,1561373943943,open,0.02,17.0,0.0005,0.061,0.02141052,106.18,0.024,0.0,BTC-27SEP19-26000-C,10888.49,102.86,0.0185,15.0,0.0235,1.0,108.43,10.27795,-5.75149,2.37531,3e-05,0.10228
11299.48,BTC-27SEP19,1561373943945,open,0.67,0.0,0.6305,0.71,0.67039404,105.77,None,0.0,BTC-27SEP19-3750-C,10888.49,0.0,0.0065,1.0,0.7715,10.0,300.47,1.57636,-0.8787,9.37819,0.0,0.98969
10944.42,BTC-28JUN19,1561373943943,open,0.3,0.0,0.2365,0.339,0.2877151,106.02,None,0.0,BTC-05JUL19-14000-P,10888.49,0.0,0.0,0.0,0.0,0.0,0.0,3.43368,-16.73661,-3.8571,9e-05,-0.89506
11298.5,BTC-27SEP19,1561373943948,open,0.52,227.8,0.4835,0.563,0.52343761,95.49,0.5235,0.0,BTC-27SEP19-5500-C,10888.49,0.0,0.476,5.0,0.575,5.0,166.35,5.21621,-2.62508,12.74714,2e-05,0.95748
11435.0,BTC-27DEC19,1561373943948,open,0.16,261.2,0.133,0.2125,0.17293883,94.62,0.177,0.0,BTC-27DEC19-15000-C,10888.49,93.59,0.17,1.0,0.181,10.0,97.46,32.48736,-8.26911,17.55374,5e-05,0.47438
10944.42,BTC-28JUN19,1561373943949,open,0.0,266.4,0.0005,0.04,0.0,114.83,0.0005,0.0,BTC-28JUN19-4250-P,10888.49,0.0,0.0,0.0,0.0005,12.0,370.22,0.0,0.0,0.0,0.0,0.0
10944.42,BTC-28JUN19,1561373943943,open,0.0,40.0,0.0005,0.0415,0.00190839,98.99,0.0025,0.0,BTC-05JUL19-8000-P,10888.49,0.0,0.0,0.0,0.0035,40.0,111.08,1.19447,-5.4362,-0.09579,3e-05,-0.02747
10944.42,BTC-28JUN19,1561373943943,open,0.03,35.1,0.0005,0.0705,0.02948172,96.58,0.0265,0.0,BTC-05JUL19-10000-P,10888.49,88.56,0.025,0.2,0.029,0.6,95.73,6.20079,-27.532,-0.96387,0.00018,-0.26609
10944.42,BTC-28JUN19,1561373943943,open,0.41,0.0,0.343,0.4545,0.39886506,103.97,None,0.0,BTC-26JUL19-15000-P,10888.49,0.0,0.0,0.0,0.0,0.0,0.0,8.81974,-14.38399,-11.53959,8e-05,-0.80848
10944.42,BTC-28JUN19,1561373943948,open,0.02,91.3,0.0005,0.055,0.01447158,92.39,0.016,0.0,BTC-26JUL19-8000-P,10888.49,87.43,0.012,15.1,0.016,14.8,95.29,5.65597,-8.19691,-1.08947,6e-05,-0.09952
10944.42,BTC-28JUN19,1561373943943,open,0.37,0.0,0.304,0.412,0.35815294,102.85,None,0.0,BTC-26JUL19-14500-P,10888.49,0.0,0.0,0.0,0.0,0.0,0.0,9.56573,-15.43182,-10.88238,9e-05,-0.78043
311.18,ETH-28JUN19,1561373943952,open,0.23,0.0,0.175,0.272,0.223273,111.57,None,0.0,ETH-28JUN19-380-P,307.9,0.0,0.0,0.0,0.295,1.0,355.37,0.03117,-0.44868,-0.03889,0.00272,-0.95356
311.18,ETH-28JUN19,1561373943952,open,0.0,9803.0,0.001,0.04,0.0,114.84,0.001,0.0,ETH-28JUN19-130-P,307.9,0.0,0.0,0.0,0.001,250.0,374.23,0.0,0.0,0.0,0.0,0.0
322.74,ETH-27SEP19,1561373943952,open,0.05,3045.0,0.007,0.089,0.047957,110.76,0.041,0.0,ETH-27SEP19-200-P,307.9,102.2,0.039,283.0,0.05,10.0,112.66,0.34677,-0.20242,-0.1487,0.00116,-0.12929
311.18,ETH-28JUN19,1561373943952,open,0.0,8276.0,0.001,0.04,1e-06,114.84,0.001,0.0,ETH-28JUN19-500-C,307.9,0.0,0.0,0.0,0.001,474.0,201.36,5e-05,-0.00032,0.0,0.0,4e-05
311.14,ETH-28JUN19,1561373943953,open,0.68,0.0,0.639,0.718,0.678643,347.41,None,0.0,ETH-28JUN19-100-C,307.9,0.0,0.0,0.0,0.0,0.0,0.0,0.00047,-0.02098,0.0106,1e-05,0.9996
311.14,ETH-28JUN19,1561373943953,open,0.48,924.0,0.446,0.525,0.485828,216.82,0.35,0.0,ETH-28JUN19-160-C,307.9,0.0,0.01,100.0,0.0,0.0,0.0,0.00109,-0.03036,0.01695,5e-05,0.99899
311.14,ETH-28JUN19,1561373943953,open,0.29,0.0,0.235,0.337,0.286245,111.26,0.463,0.0,ETH-28JUN19-400-P,307.9,0.0,0.0,0.0,0.364,1.0,404.4,0.01312,-0.18836,-0.04195,0.00115,-0.98358
311.14,ETH-28JUN19,1561373943953,open,0.42,3454.0,0.382,0.461,0.421557,182.47,0.289,0.0,ETH-28JUN19-180-C,307.9,0.0,0.001,1.0,0.0,0.0,0.0,0.0014,-0.03299,0.01907,7e-05,0.99867
322.74,ETH-27SEP19,1561373943954,open,0.1,2309.0,0.063,0.142,0.10281,114.54,0.11,0.0,ETH-27SEP19-480-C,307.9,110.37,0.095,134.0,0.119,134.0,123.01,0.60889,-0.36754,0.20661,0.00196,0.34909
10944.42,BTC-28JUN19,1561373943944,open,0.26,0.0,0.196,0.295,0.24564732,104.67,None,0.0,BTC-05JUL19-13500-P,10888.49,0.0,0.0,0.0,0.0,0.0,0.0,4.24635,-20.43352,-3.59891,0.00011,-0.85796
311.14,ETH-28JUN19,1561373943952,open,0.33,0.0,0.273,0.379,0.326041,114.3,None,0.0,ETH-05JUL19-410-P,307.9,0.0,0.0,0.0,0.0,0.0,0.0,0.09207,-0.48383,-0.11396,0.00279,-0.90315
311.14,ETH-28JUN19,1561373943954,open,0.29,0.0,0.234,0.336,0.285075,114.72,None,0.0,ETH-26JUL19-380-P,307.9,0.0,0.0,0.0,0.0,0.0,0.0,0.33581,-0.60427,-0.25757,0.00346,-0.66285
311.14,ETH-28JUN19,1561373943952,open,0.18,0.0,0.139,0.218,0.178308,104.82,None,0.0,ETH-05JUL19-260-C,307.9,0.0,0.0,0.0,0.0,0.0,0.0,0.11921,-0.57449,0.06325,0.00394,0.86057
11435.0,BTC-27DEC19,1561373943967,open,1.39,0.0,1.246,1.4325,1.33910723,100.7,None,0.0,BTC-27DEC19-26000-P,10888.49,0.0,0.0045,10.0,2.164,0.2,500.0,23.94539,-6.48631,-123.59959,4e-05,-0.78341
10944.42,BTC-28JUN19,1561373943992,open,0.03,60.2,0.0005,0.0745,0.03459714,101.18,0.032,0.0,BTC-05JUL19-12000-C,10888.49,96.2,0.0315,15.0,0.037,0.6,105.01,6.84188,-31.82761,0.96341,0.00019,0.33003
10944.42,BTC-28JUN19,1561373944169,open,0.05,24.5,0.009,0.0885,0.04879123,101.19,0.046,0.0,BTC-05JUL19-11500-C,10888.49,95.52,0.045,19.0,0.052,4.0,105.89,7.39316,-34.39428,1.21776,0.0002,0.42225
10944.59,BTC-28JUN19,1561373944826,open,0.25,0.0,0.1855,0.284,0.23480502,106.7,None,0.0,BTC-28JUN19-13500-P,10888.49,0.0,0.0,0.0,0.3005,0.1,344.8,0.80747,-11.11544,-1.39793,6e-05,-0.9681
10944.59,BTC-28JUN19,1561373944941,open,0.0,23.5,0.0005,0.041,0.0014073,107.88,0.0015,0.0,BTC-28JUN19-13500-C,10886.83,92.14,0.0005,0.1,0.0025,36.0,119.76,0.83993,-11.68959,0.03726,6e-05,0.03347
10944.59,BTC-28JUN19,1561373944941,open,0.0,40.4,0.0005,0.04,0.00028844,114.81,0.0005,0.0,BTC-28JUN19-8250-P,10886.83,0.0,0.0,0.0,0.001,5.2,136.31,0.22475,-3.15686,-0.00868,2e-05,-0.00718
11298.66,BTC-27SEP19,1561373944941,open,0.0,604.3,0.0005,0.041,0.00118127,114.83,0.0005,0.0,BTC-27SEP19-3000-P,10886.83,103.3,0.0005,9.9,0.0025,15.0,127.91,0.87248,-0.528,-0.18939,0.0,-0.00527
11298.66,BTC-27SEP19,1561373944941,open,0.0,47.1,0.0005,0.0415,0.00181335,114.82,0.0025,0.0,BTC-27SEP19-3250-P,10886.83,105.82,0.001,15.5,0.003,15.0,124.06,1.22576,-0.74173,-0.28042,0.0,-0.00773
11298.66,BTC-27SEP19,1561373944941,open,0.69,261.1,0.653,0.7325,0.69261734,112.89,0.612,0.0,BTC-27SEP19-3500-C,10886.83,0.0,0.161,1.0,0.702,0.1,152.39,1.54415,-0.9187,8.73189,0.0,0.98993
10944.59,BTC-28JUN19,1561373944941,open,0.58,216.2,0.549,0.6285,0.58886838,268.02,0.508,0.0,BTC-28JUN19-4500-C,10886.83,0.0,0.4,1.0,0.0,0.0,0.0,0.01612,-0.55735,0.47733,0.0,0.9996
11435.45,BTC-27DEC19,1561373944941,open,0.82,0.0,0.7875,0.867,0.82701664,114.76,None,0.0,BTC-27DEC19-2000-C,10886.83,0.0,0.013,3.0,0.9875,0.5,500.0,1.29808,-0.40071,9.74953,0.0,0.99443
10944.59,BTC-28JUN19,1561373944941,open,0.24,0.0,0.207,0.2865,0.24654714,117.36,None,0.0,BTC-28JUN19-8250-C,10886.83,0.0,0.0015,1.0,0.3325,0.1,500.0,0.25408,-3.84695,0.86602,2e-05,0.99175
11435.45,BTC-27DEC19,1561373944942,open,0.78,0.0,0.745,0.8245,0.78482206,109.84,None,0.0,BTC-27DEC19-2500-C,10886.83,0.0,0.013,3.0,0.986,0.5,500.0,2.14855,-0.63485,11.9566,0.0,0.99014
10944.59,BTC-28JUN19,1561373944941,open,0.82,20.1,0.7775,0.857,0.81725848,0.0,0.578,0.0,BTC-28JUN19-2000-C,10886.83,0.0,0.001,10.0,0.0,0.0,0.0,0.0,0.0,0.21237,0.0,1.0
10944.59,BTC-28JUN19,1561373944941,open,0.0,471.2,0.0005,0.0405,0.00054643,113.07,0.002,0.0,BTC-28JUN19-8500-P,10886.83,0.0,0.0,0.0,0.001,4.2,123.77,0.37628,-5.48898,-0.01568,3e-05,-0.01295
10944.59,BTC-28JUN19,1561373944942,open,0.35,807.5,0.3205,0.4,0.3604637,145.56,0.388,0.0,BTC-28JUN19-7000-C,10886.83,0.0,0.319,5.0,0.406,5.0,500.0,0.04234,-0.79508,0.74192,0.0,0.99887
11298.66,BTC-27SEP19,1561373944941,open,0.0,419.5,0.0005,0.04,0.0001053,114.83,0.001,0.0,BTC-27SEP19-2000-P,10886.83,0.0,0.0,0.0,0.001,8.1,145.94,0.11677,-0.07067,-0.02002,0.0,-0.00058
10944.59,BTC-28JUN19,1561373944941,open,0.2,1.8,0.1425,0.2375,0.19004924,100.38,0.2075,0.0,BTC-28JUN19-13000-P,10886.83,0.0,0.0,0.0,0.256,0.1,319.99,1.22673,-15.88568,-1.32087,0.0001,-0.94654
10944.59,BTC-28JUN19,1561373944942,open,0.0,174.5,0.0005,0.042,0.0021198,100.83,0.002,0.0,BTC-28JUN19-9250-P,10886.83,78.3,0.0005,20.9,0.0035,36.0,112.62,1.11371,-14.48677,-0.0575,9e-05,-0.04736
11298.66,BTC-27SEP19,1561373944942,open,0.62,0.2,0.587,0.6665,0.62689343,99.08,0.26,0.0,BTC-27SEP19-4250-C,10886.83,0.0,0.0045,10.0,0.7505,5.0,299.93,2.09728,-1.09512,10.53694,1e-05,0.98567
11433.79,BTC-27DEC19,1561373944942,open,0.42,93.7,0.387,0.4665,0.42661737,92.74,0.419,0.0,BTC-27DEC19-7500-C,10886.83,0.0,0.311,3.0,0.4585,0.1,110.26,20.37398,-5.08285,23.69061,3e-05,0.83349
10944.59,BTC-28JUN19,1561373944942,open,0.0,538.3,0.0005,0.04,0.0,114.83,0.0005,0.0,BTC-28JUN19-4000-P,10886.83,0.0,0.0,0.0,0.0005,14.1,392.59,0.0,0.0,0.0,0.0,0.0
10944.59,BTC-28JUN19,1561373944942,open,0.0,94.5,0.0005,0.04,0.0,114.84,0.0005,0.0,BTC-28JUN19-3250-P,10886.83,0.0,0.0,0.0,0.0005,12.0,469.46,0.0,0.0,0.0,0.0,0.0
11433.79,BTC-27DEC19,1561373944943,open,1.05,0.0,0.9335,1.0945,1.01396029,98.85,None,0.0,BTC-27DEC19-22000-P,10886.83,0.0,0.0055,2.0,1.822,0.3,499.84,27.58918,-7.33579,-100.81075,4e-05,-0.7174
11433.79,BTC-27DEC19,1561373944943,open,1.9,0.3,1.729,1.956,1.84269015,103.59,2.435,0.0,BTC-27DEC19-32000-P,10886.83,0.0,0.0,0.0,0.0,0.0,0.0,19.2986,-5.37781,-156.59546,3e-05,-0.84673
10944.59,BTC-28JUN19,1561373944943,open,0.0,990.2,0.0005,0.04,0.0,114.83,0.0005,0.0,BTC-28JUN19-5000-P,10886.83,0.0,0.0,0.0,0.0005,12.0,310.32,0.0,0.0,0.0,0.0,0.0
11298.66,BTC-27SEP19,1561373944943,open,0.0,77.0,0.0005,0.042,0.00225669,105.69,0.0045,0.0,BTC-27SEP19-3750-P,10886.83,94.2,0.001,15.0,0.0035,6.0,113.43,1.57149,-0.87528,-0.36792,0.0,-0.01027
10944.59,BTC-28JUN19,1561373944943,open,0.0,1142.8,0.0005,0.04,0.00012667,114.84,0.001,0.0,BTC-28JUN19-8000-P,10886.83,0.0,0.0,0.0,0.0005,3.2,135.06,0.11517,-1.38633,-0.00409,1e-05,-0.00339
10944.59,BTC-28JUN19,1561373944943,open,0.0,850.0,0.0005,0.04,0.0,114.84,0.0005,0.0,BTC-28JUN19-3000-P,10886.83,0.0,0.0,0.0,0.0005,12.0,499.24,0.0,0.0,0.0,0.0,0.0
10944.59,BTC-28JUN19,1561373944943,open,0.86,33.8,0.823,0.9025,0.86294386,0.0,0.7145,0.0,BTC-28JUN19-1500-C,10886.83,0.0,0.001,100.0,0.0,0.0,0.0,0.0,0.0,0.15928,0.0,1.0
11433.79,BTC-27DEC19,1561373944943,open,0.54,56.8,0.5095,0.589,0.54912458,92.85,0.545,0.0,BTC-27DEC19-5500-C,10886.83,0.0,0.0045,10.0,0.978,5.0,500.0,11.61271,-2.9005,21.85474,2e-05,0.92447
11298.66,BTC-27SEP19,1561373944943,open,0.73,225.7,0.696,0.7755,0.73568233,115.08,0.693,0.0,BTC-27SEP19-3000-C,10886.83,0.0,0.0045,20.0,0.939,5.0,500.0,0.88202,-0.53492,7.60614,0.0,0.99467
11298.66,BTC-27SEP19,1561373944943,open,0.34,906.3,0.3065,0.386,0.34614272,93.56,0.37,0.0,BTC-27SEP19-8000-C,10886.83,0.0,0.2,4.0,0.38,0.1,118.78,14.46437,-7.13205,14.27037,5e-05,0.83204
11433.79,BTC-27DEC19,1561373944943,open,0.89,0.0,0.782,0.93,0.85590013,97.75,None,0.0,BTC-27DEC19-20000-P,10886.83,90.84,0.8385,5.0,1.6515,0.2,499.82,29.37922,-7.72507,-89.11903,5e-05,-0.67466
10942.93,BTC-28JUN19,1561373944941,open,0.31,0.0,0.276,0.3555,0.3157779,107.1,None,0.0,BTC-05JUL19-7500-C,10886.83,0.0,0.0005,0.1,0.0,0.0,0.0,0.77,-3.79149,2.17768,2e-05,0.98366
11298.66,BTC-27SEP19,1561373944943,open,0.01,307.2,0.0005,0.0505,0.01017078,95.37,0.0105,0.0,BTC-27SEP19-5500-P,10886.83,93.89,0.0095,0.8,0.0115,8.0,98.17,5.2018,-2.61447,-1.54325,2e-05,-0.04238
11298.66,BTC-27SEP19,1561373944944,open,0.0,225.5,0.0005,0.044,0.00403104,98.37,0.004,0.0,BTC-27SEP19-4500-P,10886.83,90.78,0.0025,15.0,0.0055,6.0,104.17,2.60719,-1.35164,-0.66096,1e-05,-0.01847
11433.79,BTC-27DEC19,1561373944944,open,0.0,106.4,0.0005,0.0405,0.00059274,114.83,0.0005,0.0,BTC-27DEC19-1500-P,10886.83,122.48,0.001,10.0,0.0045,10.0,154.13,0.50237,-0.15518,-0.14727,0.0,-0.00194
11433.79,BTC-27DEC19,1561373944944,open,0.69,4.0,0.6615,0.741,0.70129295,99.45,0.59,0.0,BTC-27DEC19-3500-C,10886.83,0.0,0.0045,10.0,0.78,1.0,209.87,4.20699,-1.12545,16.13834,1e-05,0.97846
11298.66,BTC-27SEP19,1561373944944,open,0.28,374.2,0.2495,0.329,0.28948984,93.56,0.3005,0.0,BTC-27SEP19-9000-C,10886.83,88.46,0.2815,9.0,0.295,9.0,97.04,17.79281,-8.77269,13.90086,6e-05,0.76281
10942.93,BTC-28JUN19,1561373944941,open,0.12,29.0,0.067,0.1555,0.11144123,92.34,0.108,0.0,BTC-26JUL19-11000-P,10886.83,81.3,0.0985,28.7,0.11,14.4,91.11,12.81253,-18.55886,-5.39676,0.00013,-0.45328
10942.93,BTC-28JUN19,1561373944944,open,0.0,884.7,0.0005,0.04,0.0,114.82,0.0005,0.0,BTC-28JUN19-5500-P,10886.83,0.0,0.0,0.0,0.0005,12.0,275.1,0.0,0.0,0.0,0.0,0.0
10942.93,BTC-28JUN19,1561373944944,open,0.54,688.2,0.5035,0.583,0.54314619,251.78,0.5,0.0,BTC-28JUN19-5000-C,10886.83,0.0,0.25,1.9,0.6,10.0,500.0,0.03164,-1.0276,0.52989,0.0,0.99918
11298.66,BTC-27SEP19,1561373944944,open,0.87,42.8,0.8275,0.907,0.86726523,119.02,0.815,0.0,BTC-27SEP19-1500-C,10886.83,0.0,0.0,0.0,0.0,0.0,0.0,0.03152,-0.01977,3.89414,0.0,0.99986
10942.93,BTC-28JUN19,1561373944944,open,0.0,1037.5,0.0005,0.04,0.00016498,114.88,0.0005,0.0,BTC-28JUN19-15000-C,10886.83,0.0,0.0,0.0,0.0005,3.9,130.38,0.15128,-1.80536,0.00515,1e-05,0.0046
11298.66,BTC-27SEP19,1561373944944,open,0.14,200.0,0.099,0.1785,0.13863122,94.89,0.1385,0.0,BTC-27SEP19-13000-C,10886.83,92.86,0.1345,17.0,0.144,16.0,97.53,22.95445,-11.47888,10.05033,7e-05,0.48084
10942.93,BTC-28JUN19,1561373944942,open,0.07,11.9,0.0285,0.108,0.06816464,100.94,0.0685,0.0,BTC-26JUL19-12500-C,10886.83,98.57,0.0655,0.1,0.0715,24.3,103.89,12.3451,-19.54669,3.01158,0.00012,0.3833
10942.93,BTC-28JUN19,1561373944944,open,0.0,318.6,0.0005,0.04,0.0,114.82,0.0015,0.0,BTC-28JUN19-4750-P,10886.83,0.0,0.0,0.0,0.0005,12.0,329.17,0.0,0.0,0.0,0.0,0.0
11433.79,BTC-27DEC19,1561373944945,open,0.01,100.6,0.0005,0.0475,0.00737078,99.36,0.01,0.0,BTC-27DEC19-3500-P,10886.83,96.91,0.0065,10.0,0.0085,6.0,102.32,4.19708,-1.1218,-1.67998,1e-05,-0.02148
10942.93,BTC-28JUN19,1561373944942,open,0.0,54.6,0.0005,0.044,0.00404142,102.54,0.005,0.0,BTC-26JUL19-6500-P,10886.83,97.02,0.003,5.0,0.005,39.0,106.94,2.24303,-3.60762,-0.33204,2e-05,-0.0307
10942.93,BTC-28JUN19,1561373944943,open,0.24,27.8,0.2065,0.286,0.24627358,92.53,0.1925,0.0,BTC-26JUL19-8500-C,10886.83,89.86,0.2445,0.5,0.28,7.0,136.44,7.35149,-10.67041,5.82265,8e-05,0.85556
10942.93,BTC-28JUN19,1561373944941,open,0.45,0.0,0.4145,0.494,0.45430206,107.29,None,0.0,BTC-26JUL19-6000-C,10886.83,0.0,0.0035,1.0,0.0,0.0,0.0,1.56533,-2.63432,5.02391,1e-05,0.98001
10942.93,BTC-28JUN19,1561373944941,open,0.14,25.4,0.086,0.176,0.13102279,100.97,0.1275,0.0,BTC-05JUL19-12000-P,10886.83,84.49,0.121,18.0,0.1305,18.0,100.13,6.8347,-31.72755,-2.61418,0.00019,-0.67072
11433.79,BTC-27DEC19,1561373944945,open,0.13,219.0,0.089,0.1685,0.1287412,96.77,0.1315,0.0,BTC-27DEC19-18000-C,10886.83,96.87,0.129,5.5,0.1345,10.0,98.89,31.00652,-8.07164,14.48974,5e-05,0.37759
11433.79,BTC-27DEC19,1561373944945,open,0.0,179.7,0.0005,0.0435,0.00344908,109.88,0.0075,0.0,BTC-27DEC19-2500-P,10886.83,100.87,0.002,10.0,0.005,10.0,117.23,2.15167,-0.63597,-0.77605,0.0,-0.00988
11298.66,BTC-27SEP19,1561373944945,open,0.0,385.5,0.0005,0.043,0.00301951,104.62,0.0035,0.0,BTC-27SEP19-4000-P,10886.83,101.49,0.0025,18.1,0.0035,1.0,107.24,1.98379,-1.09378,-0.48321,1e-05,-0.01343
11433.79,BTC-27DEC19,1561373944945,open,0.51,122.6,0.476,0.5555,0.5158127,92.79,0.54,0.0,BTC-27DEC19-6000-C,10886.83,0.0,0.009,1.0,0.55,0.1,118.57,13.89346,-3.46768,22.60495,2e-05,0.90404
10942.93,BTC-28JUN19,1561373944945,open,0.0,659.0,0.0005,0.042,0.00233098,101.18,0.0025,0.0,BTC-28JUN19-13000-C,10886.83,98.16,0.002,2.0,0.003,9.8,106.64,1.25079,-16.32709,0.06097,0.0001,0.0548
11433.79,BTC-27DEC19,1561373944946,open,0.09,182.6,0.0395,0.1255,0.08246356,92.69,0.0775,0.0,BTC-27DEC19-7500-P,10886.83,89.32,0.0765,14.9,0.0795,8.5,91.02,20.37017,-5.07869,-14.49414,3e-05,-0.16646
11433.79,BTC-27DEC19,1561373944946,open,0.02,128.5,0.0005,0.062,0.02140338,92.82,0.027,0.0,BTC-27DEC19-5000-P,10886.83,88.51,0.018,10.0,0.0245,10.0,96.51,9.34421,-2.33313,-4.56887,2e-05,-0.05706
11433.79,BTC-27DEC19,1561373944946,open,0.58,58.5,0.5445,0.624,0.58414933,92.88,0.4475,0.0,BTC-27DEC19-5000-C,10886.83,0.0,0.0045,10.0,0.701,14.0,195.4,9.35246,-2.33662,20.88712,2e-05,0.94287
10942.93,BTC-28JUN19,1561373944941,open,0.22,10.0,0.188,0.2675,0.22772242,98.28,0.169,0.0,BTC-05JUL19-8500-C,10886.83,0.0,0.0005,0.1,0.0,0.0,0.0,2.18356,-9.86592,2.3298,6e-05,0.94225
10942.93,BTC-28JUN19,1561373944946,open,0.0,520.6,0.0005,0.04,0.0,114.83,0.0005,0.0,BTC-28JUN19-2000-P,10886.83,0.0,0.0,0.0,0.0005,12.0,500.0,0.0,0.0,0.0,0.0,0.0
11433.79,BTC-27DEC19,1561373944946,open,2.25,1.3,2.0565,2.311,2.18381554,105.5,2.889,0.0,BTC-27DEC19-36000-P,10886.83,0.0,0.0005,1.0,0.0,0.0,0.0,16.86232,-4.78558,-178.0628,2e-05,-0.8743
11297.0,BTC-27SEP19,1561373944947,open,1.17,0.2,1.0655,1.237,1.1510942,104.25,1.6,0.0,BTC-27SEP19-24000-P,10886.83,0.0,0.0,0.0,0.0,0.0,0.0,11.8336,-6.50116,-59.50569,3e-05,-0.87534
11433.79,BTC-27DEC19,1561373944947,open,1.73,0.2,1.568,1.781,1.67449284,103.17,2.2245,0.0,BTC-27DEC19-30000-P,10886.83,0.0,0.0,0.0,0.0,0.0,0.0,20.88455,-5.79584,-145.64919,3e-05,-0.82694
11433.79,BTC-27DEC19,1561373944947,open,0.3,5.4,0.2405,0.3435,0.29206095,93.07,0.32,0.0,BTC-27DEC19-12000-P,10886.83,89.61,0.2825,4.9,0.3045,4.9,97.6,31.4748,-7.88009,-40.16201,5e-05,-0.3977
11433.79,BTC-27DEC19,1561373944947,open,0.05,152.8,0.011,0.0905,0.05096857,103.32,0.049,0.0,BTC-27DEC19-30000-C,10886.83,101.96,0.0485,15.0,0.0535,4.9,104.69,20.93309,-5.81786,7.146,3e-05,0.1737
10942.93,BTC-28JUN19,1561373944943,open,0.36,6.8,0.3265,0.406,0.36614928,97.02,0.223,0.0,BTC-26JUL19-7000-C,10886.83,0.0,0.005,0.1,0.0,0.0,0.0,3.03267,-4.61518,5.63304,3e-05,0.95559
10942.93,BTC-28JUN19,1561373944943,open,0.01,149.9,0.0005,0.0495,0.00932488,94.48,0.0075,0.0,BTC-26JUL19-7500-P,10886.83,88.06,0.007,15.0,0.011,39.0,98.64,4.23409,-6.2747,-0.73659,4e-05,-0.06775
11297.0,BTC-27SEP19,1561373944947,open,0.0,1647.1,0.0005,0.04,1.471e-05,114.83,0.001,0.0,BTC-27SEP19-1500-P,10886.83,0.0,0.0,0.0,0.001,26.7,170.4,0.02096,-0.01269,-0.00312,0.0,-9e-05
10942.93,BTC-28JUN19,1561373944947,open,0.49,148.3,0.4575,0.537,0.49746081,224.52,0.402,0.0,BTC-28JUN19-5500-C,10886.83,0.0,0.0015,1.0,0.52,5.0,500.0,0.0381,-1.1035,0.58276,0.0,0.999
10942.93,BTC-28JUN19,1561373944941,open,0.11,21.3,0.076,0.1555,0.11579759,96.77,0.114,0.0,BTC-05JUL19-10000-C,10886.83,94.47,0.1145,0.1,0.123,6.0,109.26,6.20658,-27.61186,2.01359,0.00018,0.73335
10942.93,BTC-28JUN19,1561373944942,open,0.04,150.0,0.0005,0.0755,0.03423552,92.37,0.0405,0.0,BTC-26JUL19-9000-P,10886.83,85.86,0.029,34.3,0.035,29.3,93.3,8.96996,-12.99675,-2.20934,9e-05,-0.19695
10942.93,BTC-28JUN19,1561373944941,open,0.01,114.0,0.0005,0.0485,0.00861828,106.36,0.01,0.0,BTC-05JUL19-14000-C,10886.83,99.2,0.0065,16.0,0.01,36.0,110.6,3.44983,-16.8693,0.31634,9e-05,0.10564
10942.93,BTC-28JUN19,1561373944946,open,0.4,0.0,0.3705,0.45,0.41013146,102.93,0.3665,0.0,BTC-26JUL19-6500-C,10886.83,0.0,0.005,0.3,0.0,0.0,0.0,2.26819,-3.66204,5.3397,2e-05,0.96888
311.14,ETH-28JUN19,1561373944953,open,0.01,640.0,0.001,0.049,0.009281,109.94,0.021,0.0,ETH-28JUN19-350-C,307.89,95.97,0.006,144.0,0.012,193.0,120.17,0.07896,-1.11981,0.00508,0.00699,0.16299
10942.93,BTC-28JUN19,1561373944951,open,0.34,0.0,0.278,0.384,0.33100255,107.26,None,0.0,BTC-05JUL19-14500-P,10886.83,0.0,0.0,0.0,0.0,0.0,0.0,2.72008,-13.41325,-4.08976,7e-05,-0.92329
311.14,ETH-28JUN19,1561373944964,open,0.01,6202.0,0.001,0.045,0.005783,110.42,0.003,0.0,ETH-28JUN19-360-C,307.89,93.93,0.003,150.0,0.008,191.0,121.04,0.0604,-0.86039,0.00345,0.00532,0.11028
11298.66,BTC-27SEP19,1561373944991,open,0.67,0.0,0.6305,0.71,0.67038301,105.86,None,0.0,BTC-27SEP19-3750-C,10886.83,0.0,0.0065,1.0,0.7705,10.0,299.01,1.58206,-0.88261,9.37655,0.0,0.98965
10942.93,BTC-28JUN19,1561373944993,open,0.33,0.0,0.266,0.371,0.31858943,101.73,None,0.0,BTC-26JUL19-14000-P,10886.83,74.85,0.296,5.0,0.0,0.0,0.0,10.31304,-16.45668,-10.19587,0.0001,-0.74831
311.14,ETH-28JUN19,1561373945017,open,0.13,149.0,0.097,0.176,0.136895,106.17,0.129,0.0,ETH-28JUN19-270-C,307.89,0.0,0.129,10.0,0.192,20.0,298.31,0.05135,-0.70334,0.0256,0.00471,0.91166
311.14,ETH-28JUN19,1561373945070,open,0.01,720.0,0.001,0.054,0.014233,108.6,0.017,0.0,ETH-28JUN19-340-C,307.89,97.93,0.011,136.0,0.016,143.0,114.16,0.09751,-1.36618,0.00715,0.00873,0.23066
311.14,ETH-28JUN19,1561373945110,open,0.06,5536.0,0.022,0.101,0.061976,103.22,0.056,0.0,ETH-28JUN19-300-C,307.89,84.63,0.055,30.0,0.067,156.0,116.35,0.11826,-1.5748,0.01956,0.01115,0.65394
322.74,ETH-27SEP19,1561373945405,open,0.0,4126.0,0.001,0.042,0.002667,114.84,0.002,0.0,ETH-27SEP19-100-P,307.89,99.77,0.001,100.0,0.005,150.0,127.83,0.04726,-0.0286,-0.01138,0.00015,-0.0109
11298.66,BTC-27SEP19,1561373945425,open,0.11,140.6,0.0755,0.155,0.11546141,95.32,0.1195,0.0,BTC-27SEP19-14000-C,10886.83,92.57,0.11,16.5,0.12,1.9,97.59,22.53443,-11.32052,8.98693,7e-05,0.42148
11298.66,BTC-27SEP19,1561373945465,open,0.24,935.4,0.201,0.2805,0.24076951,93.55,0.223,0.0,BTC-27SEP19-10000-C,10886.83,89.77,0.234,9.0,0.2465,9.0,96.72,20.33642,-10.02641,13.17822,7e-05,0.68951
311.14,ETH-28JUN19,1561373945949,open,0.0,0.0,0.001,0.042,0.002228,112.74,None,0.0,ETH-28JUN19-380-C,307.88,0.0,0.0,0.0,0.004,173.0,127.2,0.0321,-0.46681,0.00152,0.00277,0.04817
311.14,ETH-28JUN19,1561373945949,open,0.0,0.0,0.001,0.043,0.003497,110.76,None,0.0,ETH-28JUN19-370-C,307.88,87.12,0.001,50.0,0.006,208.0,126.11,0.044,-0.62872,0.00226,0.00386,0.07202
322.73,ETH-27SEP19,1561373945951,open,0.31,1404.0,0.273,0.352,0.312052,110.81,0.33,0.0,ETH-27SEP19-260-C,307.88,0.0,0.051,2.0,0.35,1.0,133.99,0.52618,-0.30727,0.36486,0.00175,0.74699
311.13,ETH-28JUN19,1561373945952,open,0.0,1239.0,0.001,0.04,6.9e-05,114.85,0.002,0.0,ETH-28JUN19-440-C,307.88,0.0,0.0,0.0,0.002,48.0,171.87,0.00209,-0.02146,7e-05,0.00018,0.00206
11297.13,BTC-27SEP19,1561373945969,open,0.41,757.7,0.371,0.4505,0.41093835,93.6,0.4095,0.0,BTC-27SEP19-7000-C,10886.83,0.0,0.3675,5.0,0.458,5.0,136.82,10.63106,-5.24427,14.14995,3e-05,0.8928
10943.19,BTC-28JUN19,1561373945969,open,0.0,278.7,0.0005,0.04,0.0,114.84,0.0005,0.0,BTC-28JUN19-4500-P,10886.83,0.0,0.0,0.0,0.0005,12.5,349.1,0.0,0.0,0.0,0.0,0.0
10943.19,BTC-28JUN19,1561373945971,open,0.02,103.7,0.0005,0.0635,0.02294781,92.42,0.02,0.0,BTC-26JUL19-8500-P,10886.83,86.36,0.019,39.0,0.024,15.0,93.97,7.34317,-10.64477,-1.59733,8e-05,-0.14419
11297.13,BTC-27SEP19,1561373945973,open,0.71,0.0,0.6745,0.754,0.71416932,115.17,None,0.0,BTC-27SEP19-3250-C,10886.83,0.0,0.0045,10.0,0.936,5.0,500.0,1.24297,-0.75444,8.16263,0.0,0.99214
10943.19,BTC-28JUN19,1561373945973,open,0.29,0.0,0.23,0.332,0.28085907,101.42,None,0.0,BTC-26JUL19-13500-P,10886.83,0.0,0.0,0.0,0.0,0.0,0.0,11.08603,-17.63618,-9.46071,0.0001,-0.70909
11297.13,BTC-27SEP19,1561373946009,open,0.01,409.1,0.0005,0.0465,0.0062943,95.88,0.007,0.0,BTC-27SEP19-5000-P,10886.83,89.88,0.0045,19.0,0.008,14.0,100.76,3.6949,-1.86706,-1.00553,1e-05,-0.02795
11297.13,BTC-27SEP19,1561373946024,open,0.08,103.5,0.0435,0.123,0.08323565,97.61,0.0875,0.0,BTC-27SEP19-16000-C,10886.83,94.46,0.0775,17.4,0.0885,18.3,100.45,20.75976,-10.67851,7.13301,6e-05,0.32614
10943.19,BTC-28JUN19,1561373946026,open,0.49,0.0,0.4595,0.539,0.49904622,112.51,0.4,0.0,BTC-26JUL19-5500-C,10886.83,0.0,0.0,0.0,0.0,0.0,0.0,1.06076,-1.87213,4.66615,1e-05,0.9873
11434.32,BTC-27DEC19,1561373946044,open,0.39,207.2,0.3605,0.44,0.40029438,92.72,0.395,0.0,BTC-27DEC19-8000-C,10886.83,68.01,0.354,5.0,0.421,5.0,103.26,22.2834,-5.55782,23.7419,4e-05,0.80803
10943.19,BTC-28JUN19,1561373946049,open,0.0,1868.1,0.0005,0.04,0.0,114.84,0.0005,0.0,BTC-28JUN19-6000-P,10886.83,0.0,0.0,0.0,0.0005,12.0,242.93,1e-05,-3e-05,0.0,0.0,0.0
11434.32,BTC-27DEC19,1561373946063,open,1.56,0.1,1.408,1.6085,1.50818292,103.03,2.02,0.0,BTC-27DEC19-28000-P,10886.83,0.0,0.0,0.0,0.0,0.0,0.0,22.67374,-6.28397,-134.54712,3e-05,-0.80247
11297.13,BTC-27SEP19,1561373946065,open,0.51,0.0,0.4395,0.559,0.49933278,97.5,None,0.0,BTC-27SEP19-16000-P,10886.83,0.0,0.0045,10.0,1.1765,0.2,499.81,20.75026,-10.66221,-34.46144,6e-05,-0.67422
11434.32,BTC-27DEC19,1561373946073,open,0.11,330.0,0.067,0.1465,0.10689279,97.82,0.1035,0.0,BTC-27DEC19-20000-C,10886.83,96.5,0.1035,10.0,0.112,10.0,99.8,29.39265,-7.73425,12.739,5e-05,0.32567
11434.32,BTC-27DEC19,1561373946099,open,0.61,6.5,0.581,0.6605,0.62098688,93.03,0.54,0.0,BTC-27DEC19-4500-C,10886.83,0.0,0.251,2.0,0.9805,1.0,500.0,7.20656,-1.8035,19.6688,1e-05,0.95877
10943.19,BTC-28JUN19,1561373946103,open,0.56,97.1,0.526,0.6055,0.56599562,264.88,0.485,0.0,BTC-28JUN19-4750-C,10886.83,0.0,0.001,25.0,0.0,0.0,0.0,0.02739,-0.93606,0.50349,0.0,0.9993
11434.32,BTC-27DEC19,1561373946105,open,0.74,0.0,0.702,0.7815,0.74161389,99.48,None,0.0,BTC-27DEC19-3000-C,10886.83,0.0,0.0045,10.0,0.9845,0.5,500.0,2.64996,-0.7091,14.31467,0.0,0.98745
11434.32,BTC-27DEC19,1561373946109,open,0.73,3.6,0.635,0.771,0.70299684,96.79,0.698,0.0,BTC-27DEC19-18000-P,10886.83,90.64,0.6865,3.6,0.7185,3.6,102.46,31.00994,-8.07364,-77.17255,5e-05,-0.62233
11297.13,BTC-27SEP19,1561373946126,open,0.44,2.0,0.3695,0.483,0.42635893,96.91,0.4325,0.0,BTC-27SEP19-15000-P,10886.83,0.0,0.0045,10.0,1.095,0.3,499.66,21.78365,-11.12589,-30.96296,7e-05,-0.62806
10943.19,BTC-28JUN19,1561373946136,open,0.29,2.4,0.229,0.331,0.28013437,112.7,0.5245,0.0,BTC-28JUN19-14000-P,10886.83,0.0,0.0,0.0,0.361,0.1,409.48,0.53546,-7.78498,-1.46478,4e-05,-0.98045
10943.19,BTC-28JUN19,1561373946194,open,0.08,6.8,0.0275,0.113,0.07019599,94.17,0.0755,0.0,BTC-28JUN19-11500-P,10886.83,88.17,0.068,0.7,0.072,0.7,99.02,4.04151,-49.0978,-0.86974,0.00034,-0.6783
11434.32,BTC-27DEC19,1561373946221,open,0.58,0.0,0.493,0.617,0.5548517,95.15,None,0.0,BTC-27DEC19-16000-P,10886.83,90.38,0.5415,3.6,0.5705,3.6,100.69,32.16236,-8.23188,-65.0163,5e-05,-0.56171
11434.32,BTC-27DEC19,1561373946230,open,0.47,63.1,0.4445,0.524,0.48428775,92.73,0.415,0.0,BTC-27DEC19-6500-C,10886.83,0.0,0.0005,2.0,0.976,2.0,500.0,16.1421,-4.02639,23.15124,3e-05,0.88188
11434.82,BTC-27DEC19,1561373946234,open,0.87,0.0,0.8295,0.909,0.86942159,115.0,None,0.0,BTC-27DEC19-1500-C,10886.83,0.0,0.1,5.0,0.9895,0.5,500.0,0.50662,-0.15672,7.48999,0.0,0.99805
11297.13,BTC-27SEP19,1561373946236,open,0.6,289.7,0.566,0.6455,0.60575339,98.59,0.51,0.0,BTC-27SEP19-4500-C,10886.83,0.0,0.0005,20.0,0.74,5.0,299.08,2.62743,-1.36515,11.02953,1e-05,0.98135
10943.19,BTC-28JUN19,1561373946236,open,0.72,43.6,0.686,0.7655,0.72589197,389.61,0.6755,0.0,BTC-28JUN19-3000-C,10886.83,0.0,0.0035,1.0,0.0,0.0,0.0,0.0128,-0.64318,0.31815,0.0,0.99969
11434.82,BTC-27DEC19,1561373946253,open,0.03,81.0,0.0005,0.071,0.03009954,92.81,0.032,0.0,BTC-27DEC19-5500-P,10886.83,88.66,0.026,10.0,0.033,10.0,95.62,11.6052,-2.89722,-6.147,2e-05,-0.07546
10943.19,BTC-28JUN19,1561373946284,open,0.45,1675.0,0.412,0.4915,0.45170078,0.0,0.4595,0.0,BTC-28JUN19-6000-C,10886.83,0.0,0.17,4.0,0.5,5.0,500.0,0.0,0.0,0.6371,0.0,1.0
11297.13,BTC-27SEP19,1561373946291,open,0.56,793.4,0.524,0.6035,0.56376393,96.07,0.361,0.0,BTC-27SEP19-5000-C,10886.83,0.0,0.11,1.0,0.594,0.1,151.37,3.71405,-1.88031,11.98427,1e-05,0.97188
10943.19,BTC-28JUN19,1561373946295,open,0.0,685.6,0.0005,0.04,0.0,114.83,0.031,0.0,BTC-28JUN19-2500-P,10886.83,0.0,0.0,0.0,0.0005,13.5,500.0,0.0,0.0,0.0,0.0,0.0
10943.19,BTC-28JUN19,1561373946295,open,0.0,133.4,0.0005,0.04,0.0,114.82,0.0005,0.0,BTC-28JUN19-3750-P,10886.83,0.0,0.0,0.0,0.0005,12.0,416.39,0.0,0.0,0.0,0.0,0.0
11297.13,BTC-27SEP19,1561373946297,open,0.78,55.9,0.7395,0.819,0.77915413,115.71,0.689,0.0,BTC-27SEP19-2500-C,10886.83,0.0,0.0045,10.0,0.9455,5.0,500.0,0.39397,-0.24024,6.42129,0.0,0.99783
10943.19,BTC-28JUN19,1561373946309,open,0.7,0.1,0.6635,0.743,0.70304963,368.4,0.395,0.0,BTC-28JUN19-3250-C,10886.83,0.0,0.0015,1.0,0.0,0.0,0.0,0.01448,-0.68805,0.34464,0.0,0.99965
11434.82,BTC-27DEC19,1561373946309,open,0.0,87.9,0.0005,0.0415,0.00191797,114.81,0.0055,0.0,BTC-27DEC19-2000-P,10886.83,104.98,0.001,10.0,0.004,10.0,129.09,1.30092,-0.40178,-0.43662,0.0,-0.00558
10943.19,BTC-28JUN19,1561373946309,open,0.77,24.4,0.732,0.8115,0.77157664,437.21,0.5115,0.0,BTC-28JUN19-2500-C,10886.83,0.0,0.001,10.0,0.0,0.0,0.0,0.00976,-0.55038,0.26516,0.0,0.99977
11434.82,BTC-27DEC19,1561373946311,open,0.0,169.7,0.0005,0.044,0.00395602,99.37,0.005,0.0,BTC-27DEC19-3000-P,10886.83,94.88,0.003,10.0,0.005,0.7,103.58,2.63977,-0.7056,-0.95804,0.0,-0.0125
10943.19,BTC-28JUN19,1561373946485,open,0.09,1300.5,0.056,0.1355,0.09551409,96.1,0.085,0.0,BTC-28JUN19-10000-C,10886.83,81.53,0.092,6.0,0.0985,11.0,107.13,2.83853,-35.19209,0.85508,0.00023,0.83139
10943.44,BTC-28JUN19,1561373946544,open,0.05,13.2,0.005,0.0885,0.04685876,96.65,0.044,0.0,BTC-05JUL19-10500-P,10886.83,86.86,0.0405,29.0,0.046,0.3,95.33,7.13351,-31.69672,-1.35988,0.00021,-0.37019
11297.13,BTC-27SEP19,1561373946580,open,1.52,0.0,1.396,1.595,1.49540759,107.29,None,0.0,BTC-27SEP19-28000-P,10886.83,0.0,0.0,0.0,0.0,0.0,0.0,8.79616,-4.97362,-70.84319,2e-05,-0.9171
311.14,ETH-28JUN19,1561373946634,open,0.1,1600.0,0.069,0.148,0.108572,103.42,0.135,0.0,ETH-28JUN19-280-C,307.88,58.39,0.101,10.0,0.113,136.0,120.35,0.07426,-0.99078,0.02454,0.00699,0.85148
10943.44,BTC-28JUN19,1561373946640,open,0.01,0.0,0.0005,0.0515,0.01172721,110.97,None,0.0,BTC-26JUL19-18000-C,10886.83,107.16,0.01,10.0,0.014,24.0,115.57,5.16203,-8.98518,0.72839,4e-05,0.08794
322.73,ETH-27SEP19,1561373946689,open,0.3,81.0,0.246,0.349,0.297914,111.13,0.409,0.0,ETH-27SEP19-360-P,307.88,0.0,0.0,0.0,0.31,6.0,117.1,0.65374,-0.38286,-0.63915,0.00217,-0.46399
311.13,ETH-28JUN19,1561373946698,open,0.15,0.0,0.113,0.192,0.152932,104.68,None,0.0,ETH-05JUL19-270-C,307.88,96.08,0.149,10.0,0.0,0.0,0.0,0.14611,-0.70316,0.06084,0.00484,0.80922
11297.13,BTC-27SEP19,1561373946769,open,0.09,70.7,0.043,0.129,0.08601001,93.51,0.084,0.0,BTC-27SEP19-9000-P,10886.83,89.68,0.08,14.0,0.0885,16.4,95.09,17.7924,-8.76783,-9.49228,6e-05,-0.23724
11297.13,BTC-27SEP19,1561373946771,open,0.83,0.0,0.743,0.8875,0.81534053,100.87,None,0.0,BTC-27SEP19-20000-P,10886.83,0.0,0.0045,10.0,1.5055,0.2,500.0,15.9622,-8.48497,-47.53239,5e-05,-0.80333
10943.19,BTC-28JUN19,1561373946778,open,0.15,10.5,0.117,0.1965,0.15685518,101.85,0.128,0.0,BTC-28JUN19-9250-C,10886.83,0.0,0.154,6.0,0.16,6.0,124.67,1.14533,-15.04881,0.92261,9e-05,0.95095
10943.19,BTC-28JUN19,1561373946780,open,0.05,77.5,0.007,0.0905,0.04870388,92.42,0.045,0.0,BTC-26JUL19-9500-P,10886.83,84.75,0.0415,15.0,0.0485,19.3,92.19,10.41475,-15.09765,-2.91616,0.00011,-0.25643
