underlying_price,underlying_index,timestamp,state,settlement_price,open_interest,min_price,max_price,mark_price,mark_iv,last_price,interest_rate,instrument_name,index_price,bid_iv,best_bid_price,best_bid_amount,best_ask_price,best_ask_amount,ask_iv,vega,theta,rho,gamma,delta
175.99,ETH-27MAR20,1569668340048,open,0.08,496.0,0.036,0.12,0.076989,99.5,0.065,0.0,ETH-27MAR20-360-C,174.59,96.79,0.071,260.0,0.082,24.0,101.71,0.39447,-0.1085,0.1517,0.00258,0.25093
8198.7,SYN.BTC-4OCT19,1569668340121,open,0.06,183.0,0.0355,0.095,0.06529379,86.43,0.0655,0.0,BTC-4OCT19-8500-P,8198.31,82.75,0.0635,18.0,0.07,18.0,96.04,3.99673,-29.39704,-0.8887,0.00043,-0.60806
174.44,ETH-27DEC19,1569668340229,open,3.12,0.0,3.008,3.262,3.130168,116.71,None,0.0,ETH-27DEC19-720-P,174.59,0.0,0.003,5.0,0.0,0.0,0.0,0.03363,-0.02184,-1.7674,0.00038,-0.98455
174.44,ETH-27DEC19,1569668340257,open,2.44,0.0,2.341,2.557,2.443882,111.07,0.953,0.0,ETH-27DEC19-600-P,174.59,0.0,0.0,0.0,0.0,0.0,0.0,0.05002,-0.03091,-1.46866,0.0006,-0.97533
174.44,ETH-27DEC19,1569668340257,open,0.03,953.0,0.008,0.051,0.026209,103.89,0.017,0.0,ETH-27DEC19-360-C,174.59,101.69,0.024,320.0,0.028,120.0,105.61,0.17874,-0.1033,0.04267,0.0023,0.12555
174.44,ETH-27DEC19,1569668340259,open,1.76,21.0,1.674,1.857,1.761468,107.93,0.629,0.0,ETH-27DEC19-480-P,174.59,0.0,0.001,7.0,0.0,0.0,0.0,0.09265,-0.05563,-1.16364,0.00115,-0.94761
174.44,ETH-27DEC19,1569668340259,open,1.31,16.0,1.233,1.396,1.31116,104.9,1.195,0.0,ETH-27DEC19-400-P,174.59,0.0,0.001,8.0,0.0,0.0,0.0,0.14182,-0.08276,-0.95359,0.0018,-0.90891
8335.36,BTC-27MAR20,1569668340259,open,2.36,0.0,2.2985,2.4665,2.3774634,97.06,None,0.0,BTC-27MAR20-28000-P,8198.31,0.0,0.0005,2.0,0.0,0.0,0.0,8.39891,-2.25348,-136.36557,3e-05,-0.9239
174.44,ETH-27DEC19,1569668340261,open,1.53,0.0,1.454,1.627,1.536372,107.72,None,0.0,ETH-27DEC19-440-P,174.59,0.0,0.001,8.0,0.0,0.0,0.0,0.11834,-0.07092,-1.05867,0.00147,-0.92834
174.55,SYN.ETH-25OCT19,1569668340261,open,0.15,511.0,0.111,0.186,0.151495,101.2,0.152,0.0,ETH-25OCT19-160-C,174.59,92.46,0.143,72.0,0.153,72.0,102.74,0.17044,-0.32088,0.0673,0.00751,0.67514
174.44,ETH-27DEC19,1569668340263,open,1.98,37.0,1.896,2.09,1.988572,109.67,0.707,0.0,ETH-27DEC19-520-P,174.59,0.0,0.002,25.0,0.0,0.0,0.0,0.07667,-0.04678,-1.26591,0.00093,-0.95862
174.44,ETH-27DEC19,1569668340279,open,0.06,9561.0,0.027,0.086,0.055608,102.43,0.052,0.0,ETH-27DEC19-120-P,174.59,99.43,0.052,952.0,0.059,360.0,105.21,0.21152,-0.12053,-0.09306,0.00276,-0.16105
174.44,ETH-27DEC19,1569668340283,open,2.66,0.0,2.563,2.791,2.671982,110.83,None,0.0,ETH-27DEC19-640-P,174.59,0.0,0.0,0.0,0.0,0.0,0.0,0.039,-0.02404,-1.56934,0.00047,-0.98163
174.44,ETH-27DEC19,1569668340289,open,2.21,0.0,2.119,2.322,2.215703,109.67,0.845,0.0,ETH-27DEC19-560-P,174.59,0.0,0.0,0.0,0.0,0.0,0.0,0.05998,-0.0366,-1.36807,0.00073,-0.96933
174.44,ETH-27DEC19,1569668340297,open,1.08,257.0,1.015,1.17,1.08995,103.88,0.7,0.0,ETH-27DEC19-360-P,174.59,0.0,0.009,4.0,0.0,0.0,0.0,0.17872,-0.10329,-0.84378,0.0023,-0.87447
174.44,ETH-27DEC19,1569668340315,open,0.14,3185.0,0.092,0.186,0.14231,98.74,0.126,0.0,ETH-27DEC19-200-C,174.59,96.56,0.138,340.0,0.148,412.0,101.62,0.34513,-0.18958,0.1478,0.00466,0.48641
174.55,SYN.ETH-25OCT19,1569668340331,open,0.07,1969.0,0.035,0.102,0.068111,101.14,0.065,0.0,ETH-25OCT19-160-P,174.59,97.95,0.065,96.0,0.072,1.0,105.12,0.17043,-0.32069,-0.0505,0.00751,-0.32482
8200.11,SYN.BTC-25OCT19,1569668340372,open,0.25,308.2,0.2135,0.292,0.25235227,91.5,0.25,0.0,BTC-25OCT19-10000-P,8198.31,20.93,0.2195,4.0,0.2585,10.0,98.48,7.06816,-12.03224,-6.05321,0.00016,-0.75018
174.57,SYN.ETH-11OCT19,1569668340458,open,0.22,0.0,0.18,0.245,0.213878,116.14,None,0.0,ETH-11OCT19-140-C,174.59,0.0,0.0,0.0,0.0,0.0,0.0,0.0698,-0.31479,0.04033,0.00559,0.8688
174.58,SYN.ETH-4OCT19,1569668340543,open,0.0,281.0,0.001,0.015,0.004014,117.06,0.003,0.0,ETH-4OCT19-140-P,174.59,101.17,0.002,151.0,0.006,150.0,129.02,0.02615,-0.26053,-0.00178,0.00455,-0.05933
8335.36,BTC-27MAR20,1569668340565,open,2.84,0.0,2.7675,2.9505,2.85351436,100.39,None,0.0,BTC-27MAR20-32000-P,8198.31,0.0,0.04,1.0,0.0,0.0,0.0,7.03902,-1.95335,-156.67206,2e-05,-0.93946
174.57,SYN.ETH-11OCT19,1569668340600,open,0.02,9.0,0.003,0.035,0.01581,116.02,0.032,0.0,ETH-11OCT19-140-P,174.59,108.75,0.013,10.0,0.019,150.0,123.76,0.06973,-0.31417,-0.00904,0.00559,-0.13101
175.99,ETH-27MAR20,1569668340641,open,1.77,0.0,1.668,1.884,1.772854,104.18,None,0.0,ETH-27MAR20-480-P,174.59,0.0,0.003,10.0,0.0,0.0,0.0,0.29934,-0.0862,-2.2802,0.00187,-0.8417
8200.11,SYN.BTC-25OCT19,1569668340645,open,0.82,0.0,0.794,0.873,0.83124096,102.63,None,0.0,BTC-25OCT19-15000-P,8198.31,0.0,0.0,0.0,0.0,0.0,0.0,1.1325,-2.16229,-10.92877,2e-05,-0.97879
8335.36,BTC-27MAR20,1569668340705,open,0.05,155.1,0.02,0.089,0.05069366,90.93,0.0535,0.0,BTC-27MAR20-18000-C,8198.31,88.96,0.047,5.9,0.054,8.0,92.64,15.85535,-3.98525,5.70015,5e-05,0.18869
174.55,SYN.ETH-25OCT19,1569668340869,open,0.29,483.0,0.243,0.342,0.292645,98.9,0.337,0.0,ETH-25OCT19-220-P,174.59,0.0,0.259,17.0,0.333,17.0,142.42,0.14494,-0.2667,-0.13616,0.00653,-0.76676
8202.45,SYN.BTC-29NOV19,1569668340906,open,0.2,0.0,0.161,0.255,0.20884229,90.82,None,0.0,BTC-29NOV19-9000-P,8198.31,86.95,0.2025,14.4,0.216,22.4,95.18,13.44789,-9.86907,-10.19569,0.00013,-0.5244
174.45,ETH-27DEC19,1569668340934,open,0.76,1.0,0.693,0.839,0.765101,100.72,0.494,0.0,ETH-27DEC19-300-P,174.59,0.0,0.0,0.0,0.0,0.0,0.0,0.24372,-0.13656,-0.67149,0.00323,-0.79811
8202.45,SYN.BTC-29NOV19,1569668341005,open,0.02,5.6,0.0075,0.048,0.02445102,90.82,0.0225,0.0,BTC-29NOV19-13000-C,8198.31,87.07,0.021,32.0,0.0265,8.0,92.93,7.80731,-5.72947,1.71927,8e-05,0.1481
174.45,ETH-27DEC19,1569668341081,open,0.98,0.0,0.906,1.058,0.979662,102.38,None,0.0,ETH-27DEC19-340-P,174.59,0.0,0.0,0.0,0.0,0.0,0.0,0.19701,-0.11221,-0.78823,0.00257,-0.85532
8204.33,BTC-27DEC19,1569668341203,open,3.37,1.3,3.3025,3.4845,3.38971861,115.39,2.2,0.0,BTC-27DEC19-36000-P,8198.31,0.0,0.0005,1.0,0.0,0.0,0.0,1.16251,-0.74625,-88.46207,1e-05,-0.98918
174.45,ETH-27DEC19,1569668341248,open,1.19,0.0,1.123,1.283,1.200052,104.45,None,0.0,ETH-27DEC19-380-P,174.59,0.0,0.0,0.0,0.0,0.0,0.0,0.15951,-0.09269,-0.89911,0.00204,-0.89305
8204.33,BTC-27DEC19,1569668341255,open,1.43,4.6,1.392,1.509,1.44694699,97.0,1.466,0.0,BTC-27DEC19-20000-P,8198.31,0.0,0.05,1.0,2.1155,0.2,500.0,4.43892,-2.39527,-48.34971,3e-05,-0.94638
8204.33,BTC-27DEC19,1569668341303,open,1.2,9.4,1.155,1.2675,1.20768703,95.23,1.1125,0.0,BTC-27DEC19-18000-P,8198.31,0.0,0.04,1.0,1.885,0.2,499.85,5.87255,-3.11127,-43.0464,4e-05,-0.92312
8204.33,BTC-27DEC19,1569668341325,open,0.08,756.7,0.0405,0.116,0.07738214,89.44,0.0735,0.0,BTC-27DEC19-11000-C,8198.31,86.71,0.0725,15.1,0.079,8.0,90.34,14.75116,-7.34017,5.11186,0.0001,0.33042
8204.33,BTC-27DEC19,1569668341325,open,3.85,0.0,3.78,3.9795,3.87652005,115.47,2.58,0.0,BTC-27DEC19-40000-P,8198.31,0.0,0.001,1.0,0.0,0.0,0.0,0.75309,-0.48378,-98.38172,0.0,-0.9934
8198.7,SYN.BTC-4OCT19,1569668341342,open,0.01,293.3,0.002,0.0365,0.01574106,95.94,0.0185,0.0,BTC-4OCT19-7500-P,8198.31,93.92,0.015,24.1,0.017,1.1,99.31,3.03121,-24.74685,-0.30321,0.00029,-0.214
8204.33,BTC-27DEC19,1569668341349,open,0.1,505.2,0.0625,0.145,0.1040801,89.44,0.1055,0.0,BTC-27DEC19-10000-C,8198.31,86.29,0.098,37.4,0.105,9.0,89.92,15.83912,-7.88153,6.20791,0.00011,0.41137
8204.33,BTC-27DEC19,1569668341368,open,0.96,22.0,0.919,1.028,0.97058917,92.5,1.0275,0.0,BTC-27DEC19-16000-P,8198.31,0.0,0.615,2.4,1.657,0.2,500.0,7.66279,-3.94313,-37.5844,5e-05,-0.88985
8204.33,BTC-27DEC19,1569668341382,open,1.67,4.9,1.6305,1.7535,1.6883605,99.75,1.0385,0.0,BTC-27DEC19-22000-P,8198.31,0.0,0.055,1.0,2.346,0.3,500.0,3.54151,-1.96529,-53.49251,2e-05,-0.95953
174.57,SYN.ETH-11OCT19,1569668341462,open,0.09,120.0,0.051,0.122,0.088523,101.18,0.094,0.0,ETH-11OCT19-170-C,174.59,88.11,0.079,90.0,0.092,90.0,105.95,0.12725,-0.5,0.03105,0.0117,0.59274
8198.7,SYN.BTC-4OCT19,1569668341500,open,0.01,335.9,0.0005,0.0245,0.00838019,110.4,0.008,0.0,BTC-4OCT19-7000-P,8198.31,108.85,0.008,84.0,0.009,2.0,112.88,2.02371,-19.01264,-0.16333,0.00017,-0.11537
8335.37,BTC-27MAR20,1569668341609,open,0.21,205.4,0.161,0.27,0.21686267,87.28,0.213,0.0,BTC-27MAR20-8000-P,8198.31,85.05,0.211,4.9,0.222,15.0,89.25,21.8271,-5.26647,-23.58751,7e-05,-0.35418
8198.7,SYN.BTC-4OCT19,1569668341616,open,0.08,3.0,0.056,0.117,0.08654119,86.43,0.0895,0.0,BTC-4OCT19-8750-P,8198.31,82.89,0.085,6.0,0.0915,6.0,97.54,3.58963,-26.40282,-1.04457,0.00038,-0.70491
8198.7,SYN.BTC-4OCT19,1569668341815,open,0.06,179.9,0.029,0.0845,0.05769404,89.11,0.059,0.0,BTC-4OCT19-8000-C,8198.31,79.45,0.053,18.0,0.0595,18.0,92.81,3.99752,-30.31194,0.72601,0.00041,0.60778
8198.7,SYN.BTC-4OCT19,1569668341855,open,0.01,346.8,0.001,0.0295,0.0112691,102.48,0.0105,0.0,BTC-4OCT19-7250-P,8198.31,99.92,0.0105,0.1,0.0125,0.1,106.47,2.48994,-21.71472,-0.22085,0.00022,-0.15606
174.49,SYN.ETH-29NOV19,1569668341859,open,0.1,0.0,0.068,0.152,0.112417,100.68,None,0.0,ETH-29NOV19-200-C,174.59,92.43,0.099,220.0,0.123,220.0,107.16,0.2845,-0.23146,0.10031,0.00547,0.45151
8199.17,SYN.BTC-11OCT19,1569668341872,open,0.09,0.0,0.0555,0.1225,0.08925149,91.03,None,0.0,BTC-11OCT19-8500-P,8198.31,87.33,0.0865,18.0,0.0945,1.0,98.08,6.09553,-21.54773,-1.84847,0.00028,-0.54984
176.0,ETH-27MAR20,1569668341885,open,0.58,19.0,0.55,0.604,0.577801,102.39,0.542,0.0,ETH-27MAR20-80-C,174.59,78.52,0.558,32.0,0.592,32.0,116.07,0.17167,-0.04859,0.30462,0.00109,0.92707
8198.7,SYN.BTC-4OCT19,1569668341885,open,0.16,99.3,0.137,0.193,0.16361301,86.44,0.1495,0.0,BTC-4OCT19-9500-P,8198.31,0.0,0.143,4.0,0.188,4.0,158.75,1.80943,-13.30902,-1.40536,0.00019,-0.90121
174.58,SYN.ETH-4OCT19,1569668341894,open,0.43,0.0,0.391,0.481,0.43336,135.34,None,0.0,ETH-4OCT19-250-P,174.59,0.0,0.0,0.0,0.0,0.0,0.0,0.01184,-0.13631,-0.03965,0.00178,-0.97753
176.0,ETH-27MAR20,1569668341965,open,0.03,1068.0,0.014,0.053,0.032373,102.41,0.032,0.0,ETH-27MAR20-80-P,174.59,98.89,0.029,320.0,0.035,57.0,105.07,0.17172,-0.04861,-0.09186,0.00109,-0.07296
174.58,SYN.ETH-4OCT19,1569668342000,open,0.0,27.0,0.001,0.011,0.000719,135.26,0.001,0.0,ETH-4OCT19-260-C,174.59,0.0,0.0,0.0,0.0,0.0,0.0,0.00727,-0.08369,0.00034,0.0011,0.01271
174.49,SYN.ETH-29NOV19,1569668342018,open,0.24,0.0,0.2,0.313,0.258636,100.71,None,0.0,ETH-29NOV19-200-P,174.59,0.0,0.0,0.0,0.0,0.0,0.0,0.2845,-0.23153,-0.23874,0.00547,-0.54843
8198.7,SYN.BTC-4OCT19,1569668342049,open,0.4,0.0,0.3755,0.4335,0.40302986,108.43,None,0.0,BTC-4OCT19-11500-P,8198.31,0.0,0.011,26.0,0.0,0.0,0.0,0.23813,-2.19716,-1.84064,2e-05,-0.99159
8200.11,SYN.BTC-25OCT19,1569668342079,open,0.08,1109.5,0.0525,0.1195,0.0858721,91.5,0.0865,0.0,BTC-25OCT19-8000-P,8198.31,90.67,0.085,14.9,0.09,2.0,95.41,8.65768,-14.7379,-3.00318,0.00019,-0.41151
8199.17,SYN.BTC-11OCT19,1569668342083,open,0.34,0.0,0.316,0.3785,0.34530306,92.29,None,0.0,BTC-11OCT19-11000-P,8198.31,0.0,0.01,1.0,0.0,0.0,0.0,1.68483,-6.03851,-3.73529,8e-05,-0.94614
174.58,SYN.ETH-4OCT19,1569668342093,open,0.49,0.0,0.446,0.538,0.490006,135.4,None,0.0,ETH-4OCT19-260-P,174.59,0.0,0.0,0.0,0.0,0.0,0.0,0.00731,-0.08422,-0.04152,0.0011,-0.98721
176.0,ETH-27MAR20,1569668342122,open,0.09,1763.0,0.056,0.133,0.095081,95.31,0.109,0.0,ETH-27MAR20-120-P,174.59,92.03,0.089,320.0,0.101,24.0,98.47,0.3278,-0.08636,-0.242,0.00224,-0.18239
8202.46,SYN.BTC-29NOV19,1569668342150,open,0.08,65.2,0.046,0.115,0.08010694,93.72,0.08,0.0,BTC-29NOV19-7000-P,8198.31,90.72,0.076,19.3,0.085,10.0,97.29,11.22835,-8.50387,-4.91005,0.00011,-0.27301
174.58,SYN.ETH-4OCT19,1569668342178,open,0.0,8.0,0.001,0.011,0.000886,150.0,0.001,0.0,ETH-4OCT19-270-C,174.59,0.0,0.0,0.0,0.005,4.0,196.51,0.00793,-0.10119,0.00037,0.00108,0.01405
174.58,SYN.ETH-4OCT19,1569668342182,open,0.1,586.0,0.066,0.133,0.101805,101.51,0.104,0.0,ETH-4OCT19-160-C,174.59,85.77,0.096,40.0,0.103,30.0,104.59,0.06712,-0.57981,0.0188,0.01348,0.77083
176.0,ETH-27MAR20,1569668342203,open,0.3,338.0,0.239,0.344,0.296519,94.45,0.284,0.0,ETH-27MAR20-160-C,174.59,89.47,0.284,300.0,0.303,300.0,97.04,0.44138,-0.11524,0.33698,0.00304,0.68289
174.49,SYN.ETH-29NOV19,1569668342238,open,0.07,0.0,0.044,0.12,0.08293,100.68,None,0.0,ETH-29NOV19-220-C,174.59,94.19,0.073,220.0,0.085,1.0,102.02,0.26942,-0.2192,0.0827,0.00518,0.36251
174.58,SYN.ETH-4OCT19,1569668342265,open,0.54,0.0,0.502,0.598,0.547453,150.13,None,0.0,ETH-4OCT19-270-P,174.59,0.0,0.0,0.0,0.0,0.0,0.0,0.00796,-0.10173,-0.04309,0.00108,-0.98588
8198.7,SYN.BTC-4OCT19,1569668342272,open,0.08,73.1,0.049,0.1055,0.07819546,92.93,0.073,0.0,BTC-4OCT19-7750-C,8198.31,80.88,0.073,6.0,0.077,2.0,90.2,3.59406,-28.42287,0.8261,0.00036,0.70412
176.0,ETH-27MAR20,1569668342279,open,0.21,1509.0,0.147,0.26,0.205662,94.47,0.241,0.0,ETH-27MAR20-160-P,174.59,94.21,0.205,5.0,0.213,324.0,97.4,0.44137,-0.11526,-0.45593,0.00304,-0.3171
8200.11,SYN.BTC-25OCT19,1569668342288,open,0.05,48.1,0.02,0.073,0.04543031,91.5,0.042,0.0,BTC-25OCT19-9500-C,8198.31,85.31,0.0395,12.0,0.0445,19.3,90.54,7.95431,-13.54041,1.65611,0.00018,0.31972
8198.7,SYN.BTC-4OCT19,1569668342297,open,0.0,405.4,0.0005,0.012,0.00216398,90.58,0.0015,0.0,BTC-4OCT19-10000-C,8198.31,89.24,0.002,0.4,0.003,30.0,96.65,1.02789,-7.92313,0.05969,0.0001,0.04739
174.58,SYN.ETH-4OCT19,1569668342297,open,0.02,230.0,0.003,0.042,0.018289,101.52,0.017,0.0,ETH-4OCT19-160-P,174.59,92.78,0.015,123.0,0.021,120.0,108.46,0.06713,-0.57988,-0.00696,0.01348,-0.22919
174.57,SYN.ETH-11OCT19,1569668342300,open,0.03,26.0,0.007,0.054,0.028389,101.44,0.029,0.0,ETH-11OCT19-200-C,174.59,87.33,0.02,120.0,0.028,90.0,100.81,0.10803,-0.42554,0.01476,0.00991,0.26811
174.58,SYN.ETH-4OCT19,1569668342350,open,0.0,20.0,0.001,0.011,0.000508,150.0,0.007,0.0,ETH-4OCT19-280-C,174.59,0.0,0.0,0.0,0.008,5.0,229.11,0.00512,-0.06531,0.00022,0.0007,0.00849
176.0,ETH-27MAR20,1569668342367,open,0.22,1116.0,0.155,0.266,0.214961,94.45,0.197,0.0,ETH-27MAR20-200-C,174.59,89.44,0.201,300.0,0.22,3.0,96.27,0.48944,-0.12779,0.29722,0.00338,0.55575
8200.11,SYN.BTC-25OCT19,1569668342380,open,0.06,342.2,0.032,0.092,0.06199708,91.5,0.06,0.0,BTC-25OCT19-9000-C,8198.31,85.28,0.0555,11.0,0.061,19.3,90.55,8.60225,-14.64338,2.04693,0.00019,0.40101
174.58,SYN.ETH-4OCT19,1569668342398,open,0.06,743.0,0.027,0.092,0.060932,93.43,0.063,0.0,ETH-4OCT19-170-C,174.59,81.19,0.055,90.0,0.064,90.0,99.73,0.08488,-0.67491,0.01548,0.01852,0.61163
174.49,SYN.ETH-29NOV19,1569668342414,open,0.33,0.0,0.282,0.402,0.343771,100.71,None,0.0,ETH-29NOV19-220-P,174.59,0.0,0.0,0.0,0.0,0.0,0.0,0.26945,-0.21929,-0.29024,0.00518,-0.6374
174.58,SYN.ETH-4OCT19,1569668342436,open,0.6,0.0,0.558,0.656,0.604356,150.2,None,0.0,ETH-4OCT19-280-P,174.59,0.0,0.0,0.0,0.0,0.0,0.0,0.00516,-0.06595,-0.04485,0.0007,-0.99143
174.57,SYN.ETH-11OCT19,1569668342442,open,0.17,0.0,0.129,0.218,0.174071,101.45,None,0.0,ETH-11OCT19-200-P,174.59,0.0,0.0,0.0,0.0,0.0,0.0,0.10804,-0.42564,-0.05579,0.00991,-0.73185
176.0,ETH-27MAR20,1569668342459,open,0.35,1917.0,0.279,0.417,0.351389,94.48,0.393,0.0,ETH-27MAR20-200-P,174.59,90.03,0.339,300.0,0.361,300.0,97.94,0.48943,-0.12782,-0.69389,0.00337,-0.4442
8335.38,BTC-27MAR20,1569668342516,open,3.79,1.0,3.707,3.922,3.80859432,105.71,2.7125,0.0,BTC-27MAR20-40000-P,8198.31,0.0,0.08,1.0,0.0,0.0,0.0,5.19244,-1.51736,-196.91645,1e-05,-0.95867
176.0,ETH-27MAR20,1569668342535,open,0.16,1226.0,0.102,0.209,0.15874,94.94,0.149,0.0,ETH-27MAR20-240-C,174.59,92.16,0.151,300.0,0.166,18.0,97.55,0.49012,-0.12863,0.25257,0.00336,0.44833
174.49,SYN.ETH-29NOV19,1569668342539,open,0.05,2.0,0.028,0.095,0.060944,100.68,0.049,0.0,ETH-29NOV19-240-C,174.59,95.66,0.054,220.0,0.07,220.0,107.03,0.2448,-0.19916,0.06692,0.00471,0.28718
174.57,SYN.ETH-11OCT19,1569668342576,open,0.02,168.0,0.004,0.04,0.018379,101.44,0.011,0.0,ETH-11OCT19-210-C,174.59,88.05,0.012,120.0,0.018,70.0,100.69,0.08923,-0.35149,0.01062,0.00818,0.19089
8335.38,BTC-27MAR20,1569668342579,open,0.37,163.8,0.311,0.4385,0.37644473,87.28,0.3725,0.0,BTC-27MAR20-10000-P,8198.31,84.46,0.3685,3.6,0.384,9.0,89.98,23.40741,-5.6478,-36.02291,8e-05,-0.49565
8198.7,SYN.BTC-4OCT19,1569668342607,open,0.13,1.0,0.108,0.166,0.13621043,86.44,0.1625,0.0,BTC-4OCT19-9250-P,8198.31,0.0,0.1145,4.0,0.1565,4.0,140.98,2.40312,-17.67578,-1.30432,0.00026,-0.85206
176.0,ETH-27MAR20,1569668342621,open,0.52,132.0,0.442,0.597,0.522454,94.97,0.583,0.0,ETH-27MAR20-240-P,174.59,90.49,0.51,300.0,0.536,18.0,99.82,0.49014,-0.12868,-0.93673,0.00336,-0.55158
8200.11,SYN.BTC-25OCT19,1569668342637,open,0.94,0.0,0.9135,0.996,0.95260074,106.48,None,0.0,BTC-25OCT19-16000-P,8198.31,0.0,0.04,1.0,0.0,0.0,0.0,0.84452,-1.67291,-11.69883,2e-05,-0.98496
8200.11,SYN.BTC-25OCT19,1569668342664,open,0.2,0.0,0.1645,0.243,0.20395218,91.5,None,0.0,BTC-25OCT19-9500-P,8198.31,69.83,0.184,13.0,0.2135,13.0,101.19,7.95434,-13.54067,-5.33892,0.00018,-0.68028
8335.38,BTC-27MAR20,1569668342677,open,0.03,335.0,0.0125,0.051,0.02981402,94.04,0.0305,0.0,BTC-27MAR20-4000-P,8198.31,91.68,0.0275,10.0,0.0325,6.0,96.69,8.29913,-2.15736,-4.32605,3e-05,-0.07492
8335.38,BTC-27MAR20,1569668342677,open,0.03,135.4,0.0105,0.064,0.03222786,93.7,0.033,0.0,BTC-27MAR20-22000-C,8198.31,91.44,0.029,6.0,0.035,8.0,95.56,12.20078,-3.16021,3.90691,4e-05,0.12681
8200.11,SYN.BTC-25OCT19,1569668342685,open,0.16,539.3,0.1205,0.198,0.15954411,91.5,0.1575,0.0,BTC-25OCT19-9000-P,8198.31,89.07,0.157,14.4,0.1595,19.9,91.46,8.60226,-14.64358,-4.57995,0.00019,-0.59899
8198.7,SYN.BTC-4OCT19,1569668342699,open,0.22,76.6,0.196,0.251,0.22186921,90.58,0.245,0.0,BTC-4OCT19-10000-P,8198.31,0.0,0.2035,3.0,0.241,3.0,165.42,1.02797,-7.92394,-1.55008,0.0001,-0.9526
174.57,SYN.ETH-11OCT19,1569668342705,open,0.22,0.0,0.177,0.266,0.221345,101.46,None,0.0,ETH-11OCT19-210-P,174.59,0.0,0.0,0.0,0.0,0.0,0.0,0.08925,-0.35162,-0.06345,0.00818,-0.80905
174.49,SYN.ETH-29NOV19,1569668342705,open,0.42,0.0,0.374,0.498,0.436407,100.72,None,0.0,ETH-29NOV19-240-P,174.59,0.0,0.0,0.0,0.0,0.0,0.0,0.24485,-0.19928,-0.33991,0.00471,-0.71269
176.0,ETH-27MAR20,1569668342707,open,0.12,798.0,0.069,0.17,0.121135,96.22,0.114,0.0,ETH-27MAR20-280-C,174.59,93.5,0.114,260.0,0.128,24.0,98.8,0.46542,-0.12379,0.21212,0.00315,0.36435
8202.46,SYN.BTC-29NOV19,1569668342712,open,0.39,0.0,0.3455,0.4435,0.39397751,90.82,None,0.0,BTC-29NOV19-11000-P,8198.31,0.0,0.0005,1.0,0.0,0.0,0.0,11.26825,-8.26954,-15.55977,0.00011,-0.72503
8335.38,BTC-27MAR20,1569668342778,open,0.02,25.1,0.0045,0.0425,0.01826839,97.05,0.0185,0.0,BTC-27MAR20-28000-C,8198.31,95.24,0.0165,6.0,0.02,1.0,98.72,8.39582,-2.25237,2.38736,3e-05,0.07607
176.0,ETH-27MAR20,1569668342790,open,0.71,112.0,0.626,0.794,0.712134,96.25,0.769,0.0,ETH-27MAR20-280-P,174.59,75.05,0.659,10.0,0.739,10.0,106.25,0.46548,-0.12385,-1.17537,0.00315,-0.63551
8198.7,SYN.BTC-4OCT19,1569668342809,open,0.46,0.0,0.435,0.4955,0.46388768,114.63,None,0.0,BTC-4OCT19-12000-P,8198.31,0.0,0.05,2.0,0.0,0.0,0.0,0.16217,-1.58194,-1.92487,1e-05,-0.99456
174.58,SYN.ETH-4OCT19,1569668342831,open,0.02,234.0,0.002,0.04,0.01724,93.44,0.016,0.0,ETH-4OCT19-190-C,174.59,80.06,0.012,120.0,0.018,120.0,95.29,0.07132,-0.5671,0.00672,0.01556,0.25635
174.55,SYN.ETH-25OCT19,1569668342841,open,0.43,18.0,0.411,0.455,0.433063,127.92,0.411,0.0,ETH-25OCT19-100-C,174.59,0.0,0.0,0.0,0.0,0.0,0.0,0.03887,-0.0925,0.06802,0.00135,0.96233
174.49,SYN.ETH-29NOV19,1569668342844,open,0.04,1.0,0.018,0.075,0.045027,100.95,0.044,0.0,ETH-29NOV19-260-C,174.59,95.97,0.039,200.0,0.054,200.0,107.99,0.21609,-0.17628,0.05357,0.00415,0.22614
176.0,ETH-27MAR20,1569668342881,open,0.1,528.0,0.049,0.141,0.094815,97.61,0.104,0.0,ETH-27MAR20-320-C,174.59,94.79,0.088,260.0,0.101,24.0,100.12,0.43029,-0.1161,0.17831,0.00287,0.29926
174.57,SYN.ETH-11OCT19,1569668342881,open,0.32,0.0,0.293,0.344,0.318349,131.61,None,0.0,ETH-11OCT19-120-C,174.59,0.0,0.0,0.0,0.0,0.0,0.0,0.03409,-0.1742,0.03887,0.00241,0.9495
8199.17,SYN.BTC-11OCT19,1569668342900,open,0.12,0.3,0.0875,0.148,0.11889454,94.86,0.117,0.0,BTC-11OCT19-7500-C,8198.31,84.55,0.1125,7.0,0.121,6.0,98.19,5.16409,-19.02248,1.74493,0.00023,0.72219
8200.11,SYN.BTC-25OCT19,1569668342909,open,0.24,0.0,0.206,0.263,0.23489424,102.16,None,0.0,BTC-25OCT19-6500-C,8198.31,59.06,0.212,7.0,0.2565,7.0,131.94,5.50928,-10.47097,3.62734,0.00011,0.83565
8200.11,SYN.BTC-25OCT19,1569668342909,open,0.7,2.0,0.6745,0.7505,0.71028354,98.79,0.372,0.0,BTC-25OCT19-14000-P,8198.31,0.0,0.0,0.0,1.5,0.5,500.0,1.57016,-2.88589,-10.13726,3e-05,-0.96865
8202.46,SYN.BTC-29NOV19,1569668342911,open,0.41,0.0,0.3875,0.4365,0.41171696,105.68,None,0.0,BTC-29NOV19-5000-C,8198.31,0.0,0.1,1.0,0.0,0.0,0.0,5.37839,-4.59277,6.96097,4e-05,0.91233
174.55,SYN.ETH-25OCT19,1569668342914,open,0.01,3479.0,0.001,0.015,0.00598,127.96,0.005,0.0,ETH-25OCT19-100-P,174.59,118.1,0.004,1460.0,0.008,120.0,136.33,0.0389,-0.09262,-0.00562,0.00136,-0.03771
176.0,ETH-27MAR20,1569668342961,open,0.91,7.0,0.824,1.001,0.913101,97.65,0.945,0.0,ETH-27MAR20-320-P,174.59,72.37,0.858,8.0,0.949,8.0,111.77,0.43041,-0.11618,-1.40738,0.00287,-0.70056
8200.11,SYN.BTC-25OCT19,1569668342977,open,0.3,0.0,0.2665,0.3435,0.3039553,91.5,None,0.0,BTC-25OCT19-10500-P,8198.31,0.0,0.2735,4.0,0.3305,4.0,123.1,6.07172,-10.33596,-6.71556,0.00013,-0.80828
174.55,SYN.ETH-25OCT19,1569668342986,open,0.33,6.0,0.299,0.356,0.327985,117.51,0.36,0.0,ETH-25OCT19-120-C,174.59,0.0,0.0,0.0,0.0,0.0,0.0,0.07756,-0.16956,0.07467,0.00294,0.90899
174.49,SYN.ETH-29NOV19,1569668342986,open,0.53,0.0,0.472,0.599,0.535112,101.0,None,0.0,ETH-29NOV19-260-P,174.59,0.0,0.0,0.0,0.0,0.0,0.0,0.21618,-0.17643,-0.38715,0.00415,-0.77369
8202.46,SYN.BTC-29NOV19,1569668343014,open,0.13,13.1,0.092,0.176,0.13446078,90.82,0.15,0.0,BTC-29NOV19-8000-P,8198.31,88.33,0.1305,14.4,0.142,22.4,95.56,13.04609,-9.57413,-7.42925,0.00013,-0.39982
174.57,SYN.ETH-11OCT19,1569668343016,open,0.01,0.0,0.001,0.017,0.005758,131.64,None,0.0,ETH-11OCT19-120-P,174.59,115.08,0.003,150.0,0.008,150.0,142.17,0.0341,-0.17432,-0.00347,0.00241,-0.05053
8200.11,SYN.BTC-25OCT19,1569668343019,open,0.03,513.4,0.012,0.058,0.03285429,91.5,0.028,0.0,BTC-25OCT19-10000-C,8198.31,85.75,0.028,13.0,0.032,39.3,90.51,7.06807,-12.0318,1.30997,0.00016,0.24981
174.58,SYN.ETH-4OCT19,1569668343029,open,0.01,675.0,0.001,0.024,0.007925,93.44,0.008,0.0,ETH-4OCT19-200-C,174.59,72.32,0.003,190.0,0.008,150.0,93.7,0.04893,-0.38904,0.00367,0.01067,0.13845
8199.17,SYN.BTC-11OCT19,1569668343038,open,0.02,22.3,0.0045,0.041,0.01978728,91.03,0.0195,0.0,BTC-11OCT19-9500-C,8198.31,83.99,0.016,24.0,0.0195,1.0,90.51,4.54696,-16.07341,0.57599,0.00021,0.21893
174.55,SYN.ETH-25OCT19,1569668343057,open,0.02,3759.0,0.004,0.032,0.015486,117.54,0.016,0.0,ETH-25OCT19-120-P,174.59,116.44,0.015,10.0,0.016,460.0,118.69,0.07758,-0.16965,-0.01369,0.00294,-0.09105
8198.7,SYN.BTC-4OCT19,1569668343062,open,0.0,91.5,0.0005,0.0105,0.00098241,94.69,0.0005,0.0,BTC-4OCT19-10500-C,8198.31,94.95,0.001,1.0,0.0015,30.5,101.25,0.56266,-4.53402,0.02879,5e-05,0.0228
8335.39,BTC-27MAR20,1569668343108,open,0.12,256.4,0.074,0.1725,0.12331711,87.54,0.122,0.0,BTC-27MAR20-12000-C,8198.31,85.56,0.118,1.1,0.1285,9.0,89.46,22.48869,-5.44205,10.95417,7e-05,0.38851
8335.39,BTC-27MAR20,1569668343109,open,0.02,33.5,0.003,0.036,0.01443441,100.37,0.0105,0.0,BTC-27MAR20-32000-C,8198.31,97.33,0.012,6.0,0.017,25.0,103.26,7.0351,-1.95195,1.90267,2e-05,0.0605
8198.7,SYN.BTC-4OCT19,1569668343109,open,0.0,108.8,0.0005,0.013,0.00290889,86.43,0.004,0.0,BTC-4OCT19-9750-C,8198.31,80.1,0.002,15.0,0.004,30.0,92.76,1.29661,-9.5369,0.08008,0.00014,0.06359
174.45,ETH-27DEC19,1569668343122,open,0.46,0.0,0.426,0.485,0.456925,107.36,None,0.0,ETH-27DEC19-100-C,174.59,0.0,0.0,0.0,0.0,0.0,0.0,0.14625,-0.08735,0.1925,0.00182,0.90505
174.55,SYN.ETH-25OCT19,1569668343125,open,0.23,12.0,0.194,0.263,0.230553,106.0,0.192,0.0,ETH-25OCT19-140-C,174.59,0.0,0.0,0.0,0.0,0.0,0.0,0.12482,-0.24617,0.0756,0.00525,0.81875
176.0,ETH-27MAR20,1569668343125,open,1.12,6.0,1.029,1.217,1.12255,99.54,1.165,0.0,ETH-27MAR20-360-P,174.59,67.74,1.065,7.0,1.163,7.0,116.44,0.39467,-0.1086,-1.63218,0.00258,-0.74885
174.58,SYN.ETH-4OCT19,1569668343137,open,0.15,31.0,0.118,0.181,0.150671,112.98,0.121,0.0,ETH-4OCT19-150-C,174.59,0.0,0.11,2.0,0.0,0.0,0.0,0.04665,-0.4485,0.02024,0.00842,0.87083
8199.17,SYN.BTC-11OCT19,1569668343137,open,0.34,0.0,0.3165,0.3535,0.3336203,131.04,None,0.0,BTC-11OCT19-5500-C,8198.31,0.0,0.1,1.0,0.0,0.0,0.0,1.33947,-6.81632,1.81036,4e-05,0.95954
174.58,SYN.ETH-4OCT19,1569668343141,open,0.15,187.0,0.115,0.193,0.15353,93.45,0.164,0.0,ETH-4OCT19-200-P,174.59,87.76,0.152,3.0,0.0,0.0,0.0,0.04894,-0.38919,-0.02853,0.01067,-0.86151
8198.7,SYN.BTC-4OCT19,1569668343150,open,0.04,116.4,0.015,0.066,0.04046102,85.75,0.04,0.0,BTC-4OCT19-8250-C,8198.31,81.88,0.0385,2.0,0.04,0.5,84.84,4.14989,-30.28165,0.60496,0.00045,0.49883
174.49,SYN.ETH-29NOV19,1569668343154,open,0.03,22.0,0.011,0.06,0.03304,100.95,0.031,0.0,ETH-29NOV19-280-C,174.59,98.05,0.03,200.0,0.036,10.0,103.68,0.18601,-0.15174,0.04235,0.00357,0.17621
8202.46,SYN.BTC-29NOV19,1569668343162,open,0.04,12.1,0.0135,0.064,0.03603604,90.82,0.0305,0.0,BTC-29NOV19-12000-C,8198.31,86.83,0.0315,27.3,0.037,8.1,91.64,9.54269,-7.00301,2.32315,9e-05,0.20311
8335.39,BTC-27MAR20,1569668343178,open,0.38,8.4,0.336,0.419,0.37931227,89.26,0.3495,0.0,BTC-27MAR20-6000-C,8198.31,0.0,0.19,0.2,0.68,1.0,249.22,16.48618,-4.068,17.32763,5e-05,0.79881
174.57,SYN.ETH-11OCT19,1569668343183,open,0.27,0.0,0.235,0.292,0.264266,121.04,None,0.0,ETH-11OCT19-130-C,174.59,0.0,0.0,0.0,0.0,0.0,0.0,0.04838,-0.2274,0.04043,0.00372,0.92079
174.45,ETH-27DEC19,1569668343193,open,0.03,3256.0,0.012,0.052,0.030188,107.4,0.033,0.0,ETH-27DEC19-100-P,174.59,102.28,0.026,480.0,0.034,120.0,111.85,0.1463,-0.08742,-0.05377,0.00182,-0.09499
174.55,SYN.ETH-25OCT19,1569668343193,open,0.03,2288.0,0.012,0.057,0.032637,106.02,0.032,0.0,ETH-25OCT19-140-P,174.59,102.3,0.03,436.0,0.035,96.0,109.3,0.12484,-0.24624,-0.02749,0.00525,-0.18128
176.0,ETH-27MAR20,1569668343208,open,0.06,941.0,0.027,0.104,0.063353,101.06,0.061,0.0,ETH-27MAR20-400-C,174.59,98.4,0.058,260.0,0.068,24.0,103.31,0.3594,-0.1004,0.12995,0.00232,0.21235
174.45,ETH-27DEC19,1569668343212,open,0.0,4118.0,0.001,0.012,0.002058,116.71,0.002,0.0,ETH-27DEC19-760-C,174.59,0.0,0.0,0.0,0.003,1205.0,121.93,0.02738,-0.01778,0.00435,0.00031,0.01217
174.45,ETH-27DEC19,1569668343214,open,0.09,5063.0,0.048,0.13,0.089605,99.8,0.076,0.0,ETH-27DEC19-240-C,174.59,97.82,0.086,320.0,0.093,96.0,101.65,0.31923,-0.17724,0.11007,0.00427,0.34585
8335.39,BTC-27MAR20,1569668343217,open,0.98,1.1,0.9165,1.059,0.98593032,89.74,0.911,0.0,BTC-27MAR20-16000-P,8198.31,61.45,0.9365,2.0,1.028,2.0,107.64,18.11149,-4.49299,-72.24577,6e-05,-0.76311
174.57,SYN.ETH-11OCT19,1569668343217,open,0.01,0.0,0.001,0.021,0.007201,101.46,None,0.0,ETH-11OCT19-230-C,174.59,84.33,0.003,150.0,0.009,150.0,107.12,0.05246,-0.20668,0.00499,0.00481,0.08822
174.45,ETH-27DEC19,1569668343223,open,0.0,14460.0,0.001,0.013,0.003308,111.74,0.004,0.0,ETH-27DEC19-640-C,174.59,97.49,0.001,2420.0,0.004,3873.0,114.51,0.04079,-0.02536,0.0069,0.00049,0.01937
174.45,ETH-27DEC19,1569668343223,open,0.87,101.0,0.799,0.947,0.870986,101.13,0.513,0.0,ETH-27DEC19-320-P,174.59,0.0,0.006,5.0,0.0,0.0,0.0,0.21825,-0.12279,-0.73109,0.00288,-0.83098
174.58,SYN.ETH-4OCT19,1569668343237,open,0.2,40.0,0.174,0.229,0.202094,117.07,0.136,0.0,ETH-4OCT19-140-C,174.59,0.0,0.0,0.0,0.0,0.0,0.0,0.02616,-0.26056,0.02076,0.00455,0.94067
174.45,ETH-27DEC19,1569668343247,open,0.01,5616.0,0.001,0.025,0.00996,108.22,0.009,0.0,ETH-27DEC19-480-C,174.59,104.32,0.008,200.0,0.012,200.0,111.81,0.09353,-0.05631,0.01849,0.00115,0.05301
174.58,SYN.ETH-4OCT19,1569668343250,open,0.01,358.0,0.001,0.028,0.009875,112.99,0.012,0.0,ETH-4OCT19-150-P,174.59,109.66,0.009,3.0,0.011,155.0,117.12,0.04666,-0.4486,-0.00391,0.00842,-0.12919
8335.39,BTC-27MAR20,1569668343252,open,1.66,6.1,1.6,1.752,1.67158601,93.71,1.674,0.0,BTC-27MAR20-22000-P,8198.31,0.0,1.6195,1.0,1.7275,1.0,123.48,12.20256,-3.16089,-105.11336,4e-05,-0.87316
174.58,SYN.ETH-4OCT19,1569668343257,open,0.0,573.0,0.001,0.014,0.003329,93.44,0.003,0.0,ETH-4OCT19-210-C,174.59,74.58,0.001,338.0,0.004,150.0,97.32,0.02874,-0.2285,0.00179,0.00627,0.06695
8200.12,SYN.BTC-25OCT19,1569668343259,open,0.0,433.7,0.0005,0.0115,0.00199394,102.61,0.0025,0.0,BTC-25OCT19-15000-C,8198.31,93.69,0.001,41.0,0.003,24.0,108.95,1.13152,-2.16001,0.11592,2e-05,0.02119
174.45,ETH-27DEC19,1569668343263,open,0.29,10.0,0.245,0.331,0.291626,99.77,0.26,0.0,ETH-27DEC19-140-C,174.59,57.8,0.23,5.0,0.332,4.0,125.38,0.27183,-0.15088,0.19926,0.00364,0.7555
174.45,ETH-27DEC19,1569668343267,open,0.37,2.0,0.328,0.402,0.367692,102.41,0.346,0.0,ETH-27DEC19-120-C,174.59,0.0,0.101,1.0,0.0,0.0,0.0,0.21148,-0.12049,0.20245,0.00276,0.839
174.49,SYN.ETH-29NOV19,1569668343267,open,0.63,0.0,0.574,0.703,0.637747,101.01,None,0.0,ETH-29NOV19-280-P,174.59,0.0,0.0,0.0,0.0,0.0,0.0,0.18615,-0.15194,-0.43227,0.00357,-0.82358
8199.18,SYN.BTC-11OCT19,1569668343267,open,0.03,21.5,0.0115,0.059,0.0336211,94.86,0.0355,0.0,BTC-11OCT19-7500-P,8198.31,92.28,0.032,24.0,0.034,0.2,95.46,5.1641,-19.02259,-0.90076,0.00023,-0.27781
174.45,ETH-27DEC19,1569668343279,open,0.46,4199.0,0.396,0.532,0.465436,99.84,0.693,0.0,ETH-27DEC19-240-P,174.59,84.93,0.439,500.0,0.0,0.0,0.0,0.31928,-0.17734,-0.48086,0.00427,-0.65401
174.57,SYN.ETH-11OCT19,1569668343281,open,0.01,10.0,0.002,0.029,0.011629,101.46,0.006,0.0,ETH-11OCT19-220-C,174.59,85.4,0.006,150.0,0.013,150.0,104.8,0.06997,-0.27569,0.00739,0.00642,0.13167
174.45,ETH-27DEC19,1569668343283,open,0.15,4333.0,0.099,0.196,0.148842,99.8,0.175,0.0,ETH-27DEC19-160-P,174.59,97.13,0.144,340.0,0.154,436.0,102.65,0.3159,-0.17539,-0.20845,0.00422,-0.33644
174.45,ETH-27DEC19,1569668343285,open,0.01,7937.0,0.003,0.032,0.014014,107.72,0.013,0.0,ETH-27DEC19-440-C,174.59,104.62,0.012,320.0,0.016,440.0,110.54,0.11835,-0.07092,0.02476,0.00147,0.07166
174.45,ETH-27DEC19,1569668343285,open,0.04,1509.0,0.013,0.066,0.036545,101.05,0.036,0.0,ETH-27DEC19-320-C,174.59,97.31,0.032,77.0,0.04,96.0,103.76,0.218,-0.12254,0.05678,0.00288,0.16872
174.45,ETH-27DEC19,1569668343287,open,0.29,3977.0,0.226,0.347,0.288816,98.75,0.325,0.0,ETH-27DEC19-200-P,174.59,94.8,0.281,340.0,0.295,1.0,101.88,0.34515,-0.18962,-0.34465,0.00466,-0.51352
174.45,ETH-27DEC19,1569668343289,open,0.0,15281.0,0.001,0.014,0.0045,111.74,0.005,0.0,ETH-27DEC19-600-C,174.59,105.96,0.003,8.0,0.006,5505.0,116.35,0.05154,-0.03204,0.00905,0.00062,0.02556
174.45,ETH-27DEC19,1569668343289,open,2.89,0.0,2.786,3.028,2.901688,117.63,None,0.0,ETH-27DEC19-680-P,174.59,0.0,0.002,10.0,0.0,0.0,0.0,0.04321,-0.02828,-1.66709,0.00049,-0.97927
174.45,ETH-27DEC19,1569668343292,open,0.02,4416.0,0.005,0.039,0.018108,104.89,0.02,0.0,ETH-27DEC19-400-C,174.59,102.21,0.016,320.0,0.02,21.0,107.16,0.14184,-0.08277,0.03135,0.0018,0.09109
174.45,ETH-27DEC19,1569668343298,open,0.0,12462.0,0.001,0.013,0.0035,116.71,0.003,0.0,ETH-27DEC19-680-C,174.59,109.13,0.002,10.0,0.005,2400.0,122.28,0.04142,-0.02689,0.00697,0.00047,0.01972
8200.12,SYN.BTC-25OCT19,1569668343298,open,0.03,14.6,0.01,0.05,0.02756708,102.16,0.0325,0.0,BTC-25OCT19-6500-P,8198.31,100.56,0.0265,19.3,0.029,2.0,104.28,5.50933,-10.4712,-1.15876,0.00011,-0.16435
174.45,ETH-27DEC19,1569668343315,open,0.66,311.0,0.59,0.733,0.661461,100.21,0.71,0.0,ETH-27DEC19-280-P,174.59,70.62,0.623,16.0,0.703,17.0,124.95,0.26976,-0.15039,-0.61014,0.00359,-0.75894
174.57,SYN.ETH-11OCT19,1569668343315,open,0.01,17.0,0.001,0.023,0.00896,121.06,0.01,0.0,ETH-11OCT19-130-P,174.59,109.41,0.006,150.0,0.012,150.0,131.33,0.04839,-0.22751,-0.00543,0.00372,-0.07924
174.45,ETH-27DEC19,1569668343317,open,0.01,10816.0,0.001,0.02,0.007604,109.67,0.008,0.0,ETH-27DEC19-520-C,174.59,105.74,0.006,200.0,0.009,200.0,112.68,0.07668,-0.04678,0.01451,0.00093,0.04138
174.45,ETH-27DEC19,1569668343317,open,0.01,6842.0,0.001,0.016,0.00543,109.67,0.007,0.0,ETH-27DEC19-560-C,174.59,101.18,0.003,214.0,0.007,200.0,113.86,0.05998,-0.0366,0.01084,0.00073,0.03067
174.45,ETH-27DEC19,1569668343320,open,0.23,406.0,0.18,0.274,0.231621,99.77,0.211,0.0,ETH-27DEC19-160-C,174.59,96.12,0.225,340.0,0.236,340.0,102.19,0.3159,-0.17534,0.18554,0.00423,0.66356
174.45,ETH-27DEC19,1569668343324,open,0.06,1719.0,0.024,0.091,0.056324,100.15,0.05,0.0,ETH-27DEC19-280-C,174.59,97.32,0.052,320.0,0.06,96.0,102.5,0.26962,-0.15022,0.07926,0.00359,0.24084
174.45,ETH-27DEC19,1569668343326,open,3.35,0.0,3.231,3.498,3.358857,118.24,None,0.0,ETH-27DEC19-760-P,174.59,0.0,0.0,0.0,0.0,0.0,0.0,0.02971,-0.01954,-1.86663,0.00034,-0.98662
174.45,ETH-27DEC19,1569668343326,open,0.0,4490.0,0.001,0.012,0.002674,116.71,0.002,0.0,ETH-27DEC19-720-C,174.59,104.81,0.001,1239.0,0.003,4.0,118.33,0.03363,-0.02184,0.00549,0.00038,0.01545
176.0,ETH-27MAR20,1569668343329,open,1.34,3.0,1.24,1.436,1.336209,101.12,1.39,0.0,ETH-27MAR20-400-P,174.59,0.0,1.268,6.0,1.376,6.0,118.94,0.35967,-0.10054,-1.85212,0.00232,-0.78738
174.45,ETH-27DEC19,1569668343331,open,0.09,3064.0,0.055,0.133,0.094194,99.8,0.089,0.0,ETH-27DEC19-140-P,174.59,95.81,0.088,96.0,0.1,360.0,103.51,0.27184,-0.15093,-0.1455,0.00364,-0.24452
174.58,SYN.ETH-4OCT19,1569668343346,open,0.26,0.0,0.233,0.282,0.257163,126.6,None,0.0,ETH-4OCT19-130-C,174.59,0.0,0.0,0.0,0.0,0.0,0.0,0.0141,-0.15187,0.0201,0.00227,0.97232
8200.12,SYN.BTC-25OCT19,1569668343368,open,0.29,15.3,0.261,0.312,0.28634809,107.58,0.286,0.0,BTC-25OCT19-6000-C,8198.31,0.0,0.2665,7.0,0.3045,7.0,138.53,4.23764,-8.48114,3.63288,8e-05,0.88803
174.58,SYN.ETH-4OCT19,1569668343393,open,0.2,2.0,0.169,0.246,0.206214,93.47,0.263,0.0,ETH-4OCT19-210-P,174.59,0.0,0.0,0.0,0.0,0.0,0.0,0.02876,-0.22872,-0.03202,0.00627,-0.93298
174.45,ETH-27DEC19,1569668343397,open,0.18,1049.0,0.129,0.225,0.181078,98.73,0.17,0.0,ETH-27DEC19-180-C,174.59,96.13,0.176,340.0,0.187,72.0,101.77,0.33973,-0.1866,0.16785,0.00459,0.57183
8200.12,SYN.BTC-25OCT19,1569668343399,open,0.0,908.1,0.0005,0.011,0.00122743,112.51,0.0015,0.0,BTC-25OCT19-17000-C,8198.31,101.6,0.0005,13.5,0.002,53.0,119.78,0.7296,-1.52711,0.06922,1e-05,0.01269
176.0,ETH-27MAR20,1569668343410,open,0.05,964.0,0.021,0.091,0.05314,102.61,0.049,0.0,ETH-27MAR20-440-C,174.59,99.78,0.048,260.0,0.058,284.0,105.17,0.32746,-0.09288,0.11246,0.00208,0.18209
174.55,SYN.ETH-25OCT19,1569668343410,open,0.1,1161.0,0.055,0.127,0.093309,98.72,0.089,0.0,ETH-25OCT19-180-C,174.59,91.97,0.086,352.0,0.096,72.0,101.21,0.18892,-0.34699,0.05325,0.00853,0.50763
8199.18,SYN.BTC-11OCT19,1569668343410,open,0.17,0.0,0.1445,0.2135,0.17844104,91.03,None,0.0,BTC-11OCT19-9500-P,8198.31,0.0,0.0,0.0,0.0,0.0,0.0,4.54701,-16.07377,-2.77521,0.00021,-0.78107
174.57,SYN.ETH-11OCT19,1569668343415,open,0.32,0.0,0.281,0.371,0.324735,101.49,None,0.0,ETH-11OCT19-230-P,174.59,0.0,0.0,0.0,0.0,0.0,0.0,0.0525,-0.2069,-0.07614,0.00481,-0.91169
8198.7,SYN.BTC-4OCT19,1569668343422,open,0.27,0.0,0.2535,0.2895,0.27014921,135.04,None,0.0,BTC-4OCT19-6000-C,8198.31,0.0,0.1,1.0,0.0,0.0,0.0,0.67226,-7.72503,0.92605,5e-05,0.9718
8202.47,SYN.BTC-29NOV19,1569668343426,open,0.02,22.8,0.0075,0.0405,0.02129159,105.68,0.0235,0.0,BTC-29NOV19-5000-P,8198.31,102.9,0.0195,1.0,0.0235,11.0,108.98,5.37854,-4.593,-1.51521,4e-05,-0.08768
8198.7,SYN.BTC-4OCT19,1569668343426,open,0.0,80.8,0.0005,0.0105,0.00024118,135.39,0.0015,0.0,BTC-4OCT19-13000-C,8198.31,0.0,0.0,0.0,0.0005,0.1,146.6,0.14215,-1.63769,0.00588,1e-05,0.00469
8202.47,SYN.BTC-29NOV19,1569668343462,open,0.11,0.2,0.0715,0.15,0.11160629,90.82,0.1045,0.0,BTC-29NOV19-9000-C,8198.31,85.56,0.103,22.4,0.112,0.1,91.06,13.44792,-9.86887,5.06136,0.00013,0.4756
174.45,ETH-27DEC19,1569668343464,open,0.21,4304.0,0.155,0.266,0.212893,98.73,0.251,0.0,ETH-27DEC19-180-P,174.59,94.68,0.205,340.0,0.22,72.0,102.38,0.33973,-0.1866,-0.27537,0.00459,-0.42817
174.55,SYN.ETH-25OCT19,1569668343478,open,0.12,486.0,0.081,0.166,0.124561,98.74,0.14,0.0,ETH-25OCT19-180-P,174.59,96.37,0.122,72.0,0.131,20.0,104.69,0.18892,-0.34704,-0.07929,0.00853,-0.49235
176.0,ETH-27MAR20,1569668343483,open,1.55,0.0,1.453,1.659,1.553282,102.68,None,0.0,ETH-27MAR20-440-P,174.59,0.0,0.002,10.0,0.0,0.0,0.0,0.32782,-0.09305,-2.0678,0.00208,-0.81759
8198.7,SYN.BTC-4OCT19,1569668343499,open,0.0,22.2,0.0005,0.0105,0.00024129,125.27,0.0005,0.0,BTC-4OCT19-12500-C,8198.31,0.0,0.0,0.0,0.0005,0.1,135.83,0.15108,-1.61055,0.00631,1e-05,0.00503
174.58,SYN.ETH-4OCT19,1569668343512,open,0.32,0.0,0.292,0.337,0.314072,149.76,None,0.0,ETH-4OCT19-120-C,174.59,0.0,0.0,0.0,0.0,0.0,0.0,0.01041,-0.13272,0.01873,0.00142,0.98068
174.45,ETH-27DEC19,1569668343531,open,0.11,3192.0,0.066,0.155,0.112631,99.22,0.106,0.0,ETH-27DEC19-220-C,174.59,96.81,0.108,320.0,0.117,72.0,101.48,0.33671,-0.18585,0.12816,0.00453,0.41097
174.55,SYN.ETH-25OCT19,1569668343547,open,0.06,1104.0,0.026,0.086,0.05575,98.73,0.052,0.0,ETH-25OCT19-200-C,174.59,93.99,0.051,240.0,0.056,1.0,98.97,0.17618,-0.32359,0.03835,0.00795,0.35415
8199.18,SYN.BTC-11OCT19,1569668343555,open,0.0,64.0,0.0005,0.015,0.00441978,131.04,0.0045,0.0,BTC-11OCT19-5500-P,8198.31,125.05,0.0035,30.0,0.005,0.1,134.48,1.33951,-6.81654,-0.12982,4e-05,-0.04046
176.0,ETH-27MAR20,1569668343557,open,0.05,1147.0,0.017,0.081,0.045575,104.26,0.049,0.0,ETH-27MAR20-480-C,174.59,101.51,0.041,240.0,0.05,288.0,106.81,0.29979,-0.0864,0.09863,0.00187,0.15866
8198.7,SYN.BTC-4OCT19,1569668343557,open,0.01,256.2,0.0015,0.0315,0.01261768,86.43,0.01,0.0,BTC-4OCT19-9000-C,8198.31,79.1,0.01,24.0,0.011,0.1,81.96,3.02438,-22.24522,0.26469,0.00032,0.21317
8202.47,SYN.BTC-29NOV19,1569668343562,open,0.49,0.0,0.452,0.5485,0.49901397,90.82,None,0.0,BTC-29NOV19-12000-P,8198.31,0.0,0.0005,1.0,0.0,0.0,0.0,9.54303,-7.00349,-18.01942,9e-05,-0.79688
174.49,SYN.ETH-29NOV19,1569668343585,open,0.45,0.0,0.42,0.474,0.447822,115.28,None,0.0,ETH-29NOV19-100-C,174.59,0.0,0.0,0.0,0.0,0.0,0.0,0.10604,-0.09878,0.1399,0.00178,0.92076
174.57,SYN.ETH-11OCT19,1569668343596,open,0.27,0.0,0.228,0.318,0.271879,101.48,None,0.0,ETH-11OCT19-220-P,174.59,0.0,0.0,0.0,0.0,0.0,0.0,0.07,-0.27586,-0.07021,0.00642,-0.86826
8199.18,SYN.BTC-11OCT19,1569668343601,open,0.0,0.2,0.0005,0.012,0.00217781,93.78,0.002,0.0,BTC-11OCT19-11500-C,8198.31,83.25,0.001,35.0,0.0035,32.3,101.92,1.14568,-4.17222,0.09037,5e-05,0.03342
8198.7,SYN.BTC-4OCT19,1569668343601,open,0.19,0.0,0.1665,0.221,0.19212143,86.44,None,0.0,BTC-4OCT19-9750-P,8198.31,0.0,0.173,3.0,0.2125,3.0,157.83,1.29669,-9.53771,-1.48945,0.00014,-0.93641
174.45,ETH-27DEC19,1569668343606,open,0.37,4616.0,0.307,0.437,0.373737,99.22,0.415,0.0,ETH-27DEC19-220-P,174.59,93.63,0.363,500.0,0.382,72.0,103.48,0.33671,-0.18585,-0.41356,0.00453,-0.58903
8198.7,SYN.BTC-4OCT19,1569668343612,open,0.04,74.1,0.0195,0.0745,0.04671764,85.75,0.046,0.0,BTC-4OCT19-8250-P,8198.31,84.33,0.046,18.0,0.049,0.2,90.26,4.14989,-30.28172,-0.72311,0.00045,-0.50117
174.55,SYN.ETH-25OCT19,1569668343612,open,0.2,960.0,0.153,0.248,0.201586,98.75,0.236,0.0,ETH-25OCT19-200-P,174.59,97.17,0.2,4.0,0.235,21.0,130.92,0.17619,-0.32367,-0.10891,0.00795,-0.64581
8198.7,SYN.BTC-4OCT19,1569668343612,open,0.28,1.9,0.256,0.311,0.28167286,94.7,0.332,0.0,BTC-4OCT19-10500-P,8198.31,0.0,0.264,3.0,0.3055,3.0,199.57,0.5628,-4.53536,-1.66147,5e-05,-0.97719
174.58,SYN.ETH-4OCT19,1569668343645,open,0.0,339.0,0.001,0.011,0.001318,93.8,0.001,0.0,ETH-4OCT19-220-C,174.59,0.0,0.0,0.0,0.002,150.0,100.75,0.015,-0.11971,0.0008,0.00326,0.02982
8335.39,BTC-27MAR20,1569668343655,open,0.1,153.3,0.0605,0.1385,0.09913731,89.26,0.0985,0.0,BTC-27MAR20-6000-P,8198.31,87.68,0.096,0.3,0.103,13.9,91.21,16.48623,-4.06807,-12.40551,5e-05,-0.20119
8199.18,SYN.BTC-11OCT19,1569668343655,open,0.08,35.3,0.0485,0.1095,0.08013688,91.03,0.0805,0.0,BTC-11OCT19-8000-C,8198.31,83.3,0.0745,18.0,0.082,0.4,93.58,5.98411,-21.15366,1.47669,0.00028,0.59069
8199.18,SYN.BTC-11OCT19,1569668343664,open,0.28,0.0,0.255,0.297,0.2748101,117.17,None,0.0,BTC-11OCT19-6000-C,8198.31,0.0,0.258,1.0,0.2895,1.0,164.16,1.90876,-8.68502,1.9149,7e-05,0.93687
8198.7,SYN.BTC-4OCT19,1569668343666,open,0.1,10.6,0.073,0.1275,0.10096232,95.94,0.0885,0.0,BTC-4OCT19-7500-C,8198.31,83.38,0.0965,6.0,0.1,2.0,93.32,3.0312,-24.74673,0.90412,0.00029,0.786
8200.12,SYN.BTC-25OCT19,1569668343675,open,0.02,597.4,0.004,0.0355,0.01661446,91.5,0.015,0.0,BTC-25OCT19-11000-C,8198.31,86.24,0.0135,39.0,0.016,15.0,90.5,5.06708,-8.62556,0.77403,0.00011,0.14481
8200.12,SYN.BTC-25OCT19,1569668343680,open,0.02,887.0,0.005,0.0365,0.01804585,107.58,0.0175,0.0,BTC-25OCT19-6000-P,8198.31,105.53,0.017,24.2,0.019,0.1,109.41,4.23771,-8.4814,-0.78506,8e-05,-0.11198
174.45,ETH-27DEC19,1569668343689,open,0.07,1921.0,0.034,0.108,0.070659,99.81,0.05,0.0,ETH-27DEC19-260-C,174.59,94.61,0.062,163.0,0.074,96.0,101.77,0.29554,-0.1641,0.09353,0.00395,0.28839
174.55,SYN.ETH-25OCT19,1569668343689,open,0.03,1174.0,0.011,0.057,0.032287,98.97,0.036,0.0,ETH-25OCT19-220-C,174.59,94.95,0.029,336.0,0.035,96.0,102.2,0.14503,-0.26703,0.02586,0.00653,0.23347
8200.12,SYN.BTC-25OCT19,1569668343701,open,0.15,4.2,0.111,0.1775,0.1456634,93.97,0.146,0.0,BTC-25OCT19-7500-C,8198.31,87.57,0.1395,22.5,0.1455,2.0,93.8,7.92055,-13.84726,3.24736,0.00017,0.68349
174.58,SYN.ETH-4OCT19,1569668343701,open,0.0,10.0,0.001,0.011,0.001806,126.63,0.005,0.0,ETH-4OCT19-130-P,174.59,0.0,0.0,0.0,0.003,5.0,139.27,0.01411,-0.15205,-0.00083,0.00227,-0.02771
174.49,SYN.ETH-29NOV19,1569668343720,open,0.02,42.0,0.007,0.039,0.020932,115.32,0.021,0.0,ETH-29NOV19-100-P,174.59,110.35,0.018,363.0,0.025,360.0,121.78,0.10608,-0.09886,-0.02964,0.00178,-0.07928
176.0,ETH-27MAR20,1569668343725,open,0.04,937.0,0.013,0.073,0.039559,105.79,0.037,0.0,ETH-27MAR20-520-C,174.59,103.47,0.036,240.0,0.043,290.0,107.95,0.27518,-0.08048,0.08722,0.00169,0.13957
174.45,ETH-27DEC19,1569668343773,open,0.56,946.0,0.491,0.63,0.561057,99.81,0.3,0.0,ETH-27DEC19-260-P,174.59,0.0,0.0,0.0,0.0,0.0,0.0,0.29554,-0.1641,-0.54668,0.00395,-0.71161
8199.18,SYN.BTC-11OCT19,1569668343773,open,0.01,108.2,0.0015,0.0285,0.0114338,91.03,0.0105,0.0,BTC-11OCT19-10000-C,8198.31,86.25,0.0095,1.0,0.011,4.0,89.99,3.44426,-12.17538,0.37476,0.00016,0.141
8198.7,SYN.BTC-4OCT19,1569668343775,open,0.16,24.5,0.1305,0.1795,0.15458664,110.4,0.1345,0.0,BTC-4OCT19-7000-C,8198.31,0.0,0.134,5.0,0.1715,5.0,165.63,2.02369,-19.01238,0.96352,0.00017,0.88463
8335.39,BTC-27MAR20,1569668343784,open,0.03,116.0,0.0075,0.0555,0.02651689,95.05,0.025,0.0,BTC-27MAR20-24000-C,8198.31,92.65,0.0235,6.0,0.0295,27.0,97.3,10.77225,-2.83051,3.29964,3e-05,0.1064
8335.39,BTC-27MAR20,1569668343788,open,0.02,98.2,0.004,0.0395,0.01642058,99.05,0.0135,0.0,BTC-27MAR20-30000-C,8198.31,96.32,0.014,6.0,0.019,19.0,101.71,7.73535,-2.11793,2.14517,2e-05,0.06835
8198.7,SYN.BTC-4OCT19,1569668343801,open,0.58,0.0,0.555,0.62,0.58585785,135.41,None,0.0,BTC-4OCT19-13000-P,8198.31,0.0,0.05,1.0,0.0,0.0,0.0,0.14231,-1.63986,-2.08683,1e-05,-0.9953
174.57,SYN.ETH-11OCT19,1569668343801,open,0.17,0.0,0.129,0.198,0.165709,108.54,None,0.0,ETH-11OCT19-150-C,174.59,0.0,0.0,0.0,0.0,0.0,0.0,0.09145,-0.38544,0.03914,0.00784,0.80124
176.0,ETH-27MAR20,1569668343809,open,1.99,0.0,1.885,2.111,1.994272,105.9,None,0.0,ETH-27MAR20-520-P,174.59,0.0,0.005,10.0,0.0,0.0,0.0,0.27573,-0.08072,-2.48942,0.0017,-0.86002
174.58,SYN.ETH-4OCT19,1569668343815,open,0.26,13.0,0.224,0.302,0.261484,93.86,0.071,0.0,ETH-4OCT19-220-P,174.59,0.0,0.0,0.0,0.0,0.0,0.0,0.01503,-0.12004,-0.03461,0.00326,-0.9701
174.49,SYN.ETH-29NOV19,1569668343842,open,0.35,0.0,0.315,0.383,0.350734,105.73,None,0.0,ETH-29NOV19-120-C,174.59,0.0,0.0,0.0,0.0,0.0,0.0,0.16036,-0.13702,0.15047,0.00294,0.85941
174.55,SYN.ETH-25OCT19,1569668343842,open,0.01,5047.0,0.001,0.02,0.007419,105.52,0.006,0.0,ETH-25OCT19-280-C,174.59,97.79,0.005,120.0,0.01,120.0,112.35,0.06067,-0.11911,0.00751,0.00256,0.06586
174.45,ETH-27DEC19,1569668343846,open,0.05,818.0,0.018,0.077,0.04541,100.72,0.031,0.0,ETH-27DEC19-300-C,174.59,98.24,0.042,320.0,0.049,96.0,103.25,0.24372,-0.13656,0.06722,0.00323,0.20189
174.55,SYN.ETH-25OCT19,1569668343852,open,0.02,1360.0,0.005,0.039,0.019355,100.99,0.023,0.0,ETH-25OCT19-240-C,174.59,97.21,0.017,336.0,0.022,96.0,105.02,0.11174,-0.20994,0.01713,0.00493,0.15268
8202.47,SYN.BTC-29NOV19,1569668343866,open,0.31,0.0,0.279,0.3425,0.31147254,98.12,None,0.0,BTC-29NOV19-6000-C,8198.31,0.0,0.055,0.1,0.0,0.0,0.0,8.36825,-6.63501,7.28604,7e-05,0.83546
8335.39,BTC-27MAR20,1569668343877,open,0.56,44.2,0.4945,0.6305,0.56296697,87.54,0.565,0.0,BTC-27MAR20-12000-P,8198.31,68.89,0.5145,3.0,0.609,3.0,104.29,22.48882,-5.44219,-48.51172,7e-05,-0.61148
8200.12,SYN.BTC-25OCT19,1569668343880,open,1.06,0.0,1.033,1.12,1.07437107,112.53,None,0.0,BTC-25OCT19-17000-P,8198.31,0.0,0.05,1.0,0.0,0.0,0.0,0.73054,-1.52942,-12.44812,1e-05,-0.98729
8198.7,SYN.BTC-4OCT19,1569668343883,open,0.0,154.8,0.0005,0.0115,0.00197228,135.04,0.0015,0.0,BTC-4OCT19-6000-P,8198.31,128.8,0.0015,30.0,0.0025,3.0,141.03,0.6723,-7.72554,-0.03982,5e-05,-0.0282
176.0,ETH-27MAR20,1569668343894,open,0.04,1164.0,0.011,0.066,0.03429,106.94,0.035,0.0,ETH-27MAR20-560-C,174.59,104.58,0.031,248.0,0.037,290.0,108.79,0.25187,-0.07446,0.07718,0.00153,0.12278
174.55,SYN.ETH-25OCT19,1569668343922,open,0.39,302.0,0.344,0.446,0.394358,101.02,0.432,0.0,ETH-25OCT19-240-P,174.59,0.0,0.368,14.0,0.424,14.0,139.46,0.11179,-0.21012,-0.15957,0.00493,-0.84721
174.58,SYN.ETH-4OCT19,1569668343930,open,0.0,133.0,0.001,0.011,0.000982,103.6,0.001,0.0,ETH-4OCT19-230-C,174.59,0.0,0.0,0.0,0.002,3.0,116.03,0.01122,-0.09894,0.00057,0.00221,0.0211
174.57,SYN.ETH-11OCT19,1569668343940,open,0.02,8.0,0.007,0.049,0.02497,108.55,0.043,0.0,ETH-11OCT19-150-P,174.59,100.81,0.021,120.0,0.029,120.0,116.11,0.09146,-0.38551,-0.01378,0.00784,-0.19878
174.55,SYN.ETH-25OCT19,1569668343948,open,0.61,3.0,0.56,0.667,0.611588,105.6,0.645,0.0,ETH-25OCT19-280-P,174.59,0.0,0.0,0.0,0.0,0.0,0.0,0.0608,-0.11944,-0.19864,0.00257,-0.93396
8199.18,SYN.BTC-11OCT19,1569668343970,open,0.01,1.3,0.0005,0.0195,0.00637946,91.03,0.0065,0.0,BTC-11OCT19-10500-C,8198.31,84.14,0.0045,30.0,0.007,2.1,93.07,2.43266,-8.59941,0.23239,0.00011,0.08673
176.0,ETH-27MAR20,1569668343974,open,2.21,0.0,2.103,2.339,2.216289,107.06,None,0.0,ETH-27MAR20-560-P,174.59,0.0,0.01,10.0,0.0,0.0,0.0,0.25253,-0.07474,-2.69765,0.00154,-0.87676
8198.7,SYN.BTC-4OCT19,1569668343974,open,0.52,0.0,0.495,0.5575,0.5248727,125.29,None,0.0,BTC-4OCT19-12500-P,8198.31,0.0,0.01,2.0,0.0,0.0,0.0,0.15125,-1.61259,-2.0059,1e-05,-0.99497
8198.7,SYN.BTC-4OCT19,1569668343974,open,0.0,162.0,0.0005,0.0105,0.00068695,103.95,0.001,0.0,BTC-4OCT19-11000-C,8198.31,0.0,0.0,0.0,0.0015,49.9,116.55,0.4004,-3.54188,0.01927,4e-05,0.01529
174.49,SYN.ETH-29NOV19,1569668343974,open,0.03,2.0,0.016,0.064,0.038465,105.76,0.043,0.0,ETH-29NOV19-120-P,174.59,100.82,0.034,340.0,0.046,340.0,113.76,0.1604,-0.13708,-0.05298,0.00294,-0.14063
8200.12,SYN.BTC-25OCT19,1569668343980,open,0.19,9.3,0.155,0.217,0.18699907,96.87,0.185,0.0,BTC-25OCT19-7000-C,8198.31,65.35,0.163,7.0,0.213,8.0,127.06,6.78368,-12.2259,3.5101,0.00014,0.76834
8200.12,SYN.BTC-25OCT19,1569668343982,open,0.35,29.5,0.3215,0.397,0.35806034,91.5,0.339,0.0,BTC-25OCT19-11000-P,8198.31,0.0,0.3295,4.0,0.3835,4.0,125.53,5.06726,-8.62608,-7.32545,0.00011,-0.85518
174.55,SYN.ETH-25OCT19,1569668344001,open,0.01,695.0,0.003,0.028,0.012009,103.58,0.01,0.0,ETH-25OCT19-260-C,174.59,99.19,0.01,240.0,0.014,120.0,107.58,0.08358,-0.16105,0.01141,0.0036,0.10075
8198.7,SYN.BTC-4OCT19,1569668344005,open,0.11,102.8,0.081,0.1405,0.1103523,86.44,0.117,0.0,BTC-4OCT19-9000-P,8198.31,82.71,0.109,6.0,0.115,6.0,98.49,3.0244,-22.24554,-1.1841,0.00032,-0.78683
174.45,ETH-27DEC19,1569668344014,open,0.03,1216.0,0.01,0.057,0.030574,102.29,0.015,0.0,ETH-27DEC19-340-C,174.59,99.03,0.027,320.0,0.034,120.0,105.25,0.19671,-0.11194,0.04888,0.00257,0.14436
8199.18,SYN.BTC-11OCT19,1569668344023,open,0.05,26.8,0.027,0.0855,0.05584528,91.03,0.0605,0.0,BTC-11OCT19-8000-P,8198.31,89.19,0.0545,18.0,0.061,2.0,98.09,5.98411,-21.15383,-1.34538,0.00028,-0.40931
174.58,SYN.ETH-4OCT19,1569668344033,open,0.32,0.0,0.28,0.361,0.318428,103.68,0.093,0.0,ETH-4OCT19-230-P,174.59,0.0,0.0,0.0,0.0,0.0,0.0,0.01126,-0.09933,-0.03646,0.00221,-0.97882
8199.18,SYN.BTC-11OCT19,1569668344054,open,0.01,1.3,0.0005,0.0195,0.0065914,117.17,0.006,0.0,BTC-11OCT19-6000-P,8198.31,114.57,0.006,30.0,0.007,0.1,118.9,1.90881,-8.68538,-0.20166,7e-05,-0.06313
8335.4,BTC-27MAR20,1569668344063,open,0.01,22.4,0.0025,0.0335,0.01298393,101.86,0.011,0.0,BTC-27MAR20-34000-C,8198.31,98.45,0.0105,6.0,0.0155,25.0,104.92,6.48577,-1.82615,1.71722,2e-05,0.05456
174.58,SYN.ETH-4OCT19,1569668344063,open,0.0,970.0,0.001,0.011,0.001435,149.81,0.002,0.0,ETH-4OCT19-120-P,174.59,0.0,0.0,0.0,0.003,153.0,170.37,0.01043,-0.13291,-0.00058,0.00142,-0.01935
174.55,SYN.ETH-25OCT19,1569668344069,open,0.5,3.0,0.451,0.556,0.501595,103.63,0.534,0.0,ETH-25OCT19-260-P,174.59,0.0,0.0,0.0,0.0,0.0,0.0,0.08367,-0.1613,-0.18002,0.0036,-0.8991
176.0,ETH-27MAR20,1569668344072,open,0.03,5035.0,0.009,0.061,0.030761,108.59,0.029,0.0,ETH-27MAR20-600-C,174.59,106.46,0.028,240.0,0.033,50.0,110.24,0.2342,-0.0703,0.06982,0.00141,0.11081
8198.7,SYN.BTC-4OCT19,1569668344089,open,0.02,81.0,0.0035,0.041,0.0192993,86.43,0.02,0.0,BTC-4OCT19-8750-C,8198.31,78.77,0.016,24.0,0.0205,24.0,89.16,3.58964,-26.40282,0.36399,0.00038,0.29509
8199.18,SYN.BTC-11OCT19,1569668344093,open,0.4,0.0,0.3755,0.4375,0.40475863,93.78,None,0.0,BTC-11OCT19-11500-P,8198.31,0.0,0.0,0.0,0.0,0.0,0.0,1.14592,-4.17331,-3.96633,5e-05,-0.96657
174.49,SYN.ETH-29NOV19,1569668344103,open,0.26,0.0,0.224,0.304,0.266816,100.67,None,0.0,ETH-29NOV19-140-C,174.59,0.0,0.0,0.0,0.0,0.0,0.0,0.21819,-0.1775,0.14882,0.0042,0.76992
8200.12,SYN.BTC-25OCT19,1569668344103,open,0.06,146.3,0.0315,0.0905,0.06028545,93.97,0.072,0.0,BTC-25OCT19-7500-P,8198.31,93.16,0.0595,19.3,0.0615,0.2,95.23,7.92056,-13.8474,-2.27505,0.00017,-0.31651
8204.36,BTC-27DEC19,1569668344113,open,0.0,689.4,0.0005,0.012,0.00224747,106.37,0.0015,0.0,BTC-27DEC19-30000-C,8198.31,101.57,0.0015,24.0,0.003,4.9,110.16,1.46813,-0.86875,0.24087,1e-05,0.01417
8204.36,BTC-27DEC19,1569668344113,open,0.51,74.2,0.466,0.5755,0.52010579,89.45,0.496,0.0,BTC-27DEC19-12000-P,8198.31,58.33,0.478,4.0,0.5545,4.0,109.43,13.27825,-6.60751,-25.40012,9e-05,-0.7372
8204.36,BTC-27DEC19,1569668344113,open,0.06,683.0,0.0265,0.0925,0.05746351,89.44,0.056,0.0,BTC-27DEC19-12000-C,8198.31,87.91,0.055,0.1,0.06,19.3,91.0,13.27792,-6.6071,4.1479,9e-05,0.26278
8204.36,BTC-27DEC19,1569668344113,open,0.08,422.7,0.045,0.1145,0.079285,92.81,0.076,0.0,BTC-27DEC19-6500-P,8198.31,91.29,0.077,19.3,0.083,41.3,95.26,12.38881,-6.39637,-6.26619,8e-05,-0.23089
8204.36,BTC-27DEC19,1569668344113,open,0.25,56.9,0.2065,0.2885,0.24949347,91.39,0.2705,0.0,BTC-27DEC19-7000-C,8198.31,73.61,0.22,11.0,0.249,1.0,91.09,13.75244,-6.99195,9.46415,9e-05,0.71797
8204.36,BTC-27DEC19,1569668344121,open,2.16,0.0,2.1075,2.245,2.17290272,103.65,None,0.0,BTC-27DEC19-26000-P,8198.31,0.0,0.06,1.0,2.8105,0.2,500.0,2.26275,-1.30475,-63.62324,1e-05,-0.97645
8335.4,BTC-27MAR20,1569668344133,open,0.26,83.5,0.2035,0.3055,0.25709548,87.28,0.2495,0.0,BTC-27MAR20-8000-C,8198.31,85.91,0.2535,0.1,0.2625,17.0,89.35,21.82716,-5.26642,16.05664,7e-05,0.64582
8204.36,BTC-27DEC19,1569668344136,open,2.64,0.2,2.5855,2.739,2.65885319,106.44,2.03,0.0,BTC-27DEC19-30000-P,8198.31,0.0,0.05,1.0,0.0,0.0,0.0,1.47428,-0.873,-73.62844,1e-05,-0.98576
8204.36,BTC-27DEC19,1569668344138,open,4.82,0.0,4.736,4.9745,4.85177966,128.41,None,0.0,BTC-27DEC19-48000-P,8198.31,0.0,0.0005,2.0,0.0,0.0,0.0,0.80003,-0.5715,-118.07482,0.0,-0.99293
174.58,SYN.ETH-4OCT19,1569668344138,open,0.0,80.0,0.001,0.012,0.002495,135.26,0.001,0.0,ETH-4OCT19-240-C,174.59,0.0,0.0,0.0,0.04,1.0,275.5,0.0185,-0.2129,0.00101,0.00279,0.03848
8199.18,SYN.BTC-11OCT19,1569668344147,open,0.23,0.0,0.1995,0.2655,0.23106911,91.03,None,0.0,BTC-11OCT19-10000-P,8198.31,0.0,0.0,0.0,0.0,0.0,0.0,3.44431,-12.17572,-3.15282,0.00016,-0.85899
174.45,ETH-27DEC19,1569668344158,open,0.02,510.0,0.006,0.044,0.021657,104.32,0.023,0.0,ETH-27DEC19-380-C,174.59,101.31,0.019,320.0,0.024,440.0,106.82,0.15907,-0.09232,0.03646,0.00203,0.10654
8204.36,BTC-27DEC19,1569668344176,open,0.03,606.4,0.008,0.051,0.02545676,91.17,0.025,0.0,BTC-27DEC19-15000-C,8198.31,89.8,0.024,19.0,0.027,10.0,92.59,8.79618,-4.46155,2.19365,6e-05,0.13404
176.0,ETH-27MAR20,1569668344176,open,2.44,0.0,2.321,2.569,2.440046,108.73,None,0.0,ETH-27MAR20-600-P,174.59,0.0,0.02,10.0,0.0,0.0,0.0,0.23496,-0.07062,-2.90321,0.00141,-0.88869
8204.36,BTC-27DEC19,1569668344176,open,0.62,99.0,0.575,0.6835,0.62783549,89.89,0.638,0.0,BTC-27DEC19-13000-P,8198.31,46.47,0.587,4.0,0.668,4.0,115.09,11.71004,-5.85602,-28.6573,8e-05,-0.7907
8204.36,BTC-27DEC19,1569668344176,open,0.02,340.4,0.0055,0.0435,0.02039254,92.49,0.022,0.0,BTC-27DEC19-16000-C,8198.31,90.41,0.0185,20.0,0.022,24.0,94.18,7.66156,-3.94217,1.8128,5e-05,0.11013
8204.36,BTC-27DEC19,1569668344176,open,0.0,315.6,0.0005,0.012,0.00228023,110.83,0.002,0.0,BTC-27DEC19-32000-C,8198.31,101.31,0.001,24.0,0.004,47.0,118.76,1.4448,-0.89084,0.23494,1e-05,0.01391
8204.36,BTC-27DEC19,1569668344190,open,0.33,123.1,0.292,0.3625,0.32837772,94.56,0.325,0.0,BTC-27DEC19-6000-C,8198.31,69.82,0.298,4.0,0.0,0.0,0.0,10.81832,-5.69089,9.85769,7e-05,0.81633
8204.36,BTC-27DEC19,1569668344190,open,0.13,211.7,0.086,0.1715,0.12933382,89.89,0.14,0.0,BTC-27DEC19-7500-P,8198.31,88.32,0.1265,19.3,0.133,20.0,91.92,14.84373,-7.42309,-9.39434,0.0001,-0.33569
8204.36,BTC-27DEC19,1569668344190,open,0.01,391.0,0.0005,0.02,0.00683967,99.73,0.0075,0.0,BTC-27DEC19-22000-C,8198.31,95.04,0.005,52.0,0.008,28.0,102.29,3.53832,-1.96306,0.67843,2e-05,0.04042
8204.36,BTC-27DEC19,1569668344195,open,0.03,759.7,0.013,0.055,0.03177554,100.0,0.0315,0.0,BTC-27DEC19-5000-P,8198.31,99.15,0.031,24.0,0.033,14.0,101.34,7.4724,-4.15722,-2.79075,5e-05,-0.10637
8198.71,SYN.BTC-4OCT19,1569668344199,open,0.19,0.0,0.161,0.206,0.18252221,116.11,None,0.0,BTC-4OCT19-6750-C,8198.31,0.0,0.01,1.0,0.0,0.0,0.0,1.57177,-15.53022,0.97104,0.00013,0.91826
8335.4,BTC-27MAR20,1569668344203,open,1.2,0.0,1.1405,1.2855,1.21016633,90.93,0.8095,0.0,BTC-27MAR20-18000-P,8198.31,44.47,1.1605,1.0,1.251,1.0,110.05,15.85647,-3.98571,-83.49831,5e-05,-0.81129
8204.36,BTC-27DEC19,1569668344207,open,0.42,66.8,0.3945,0.45,0.42234125,100.0,0.4155,0.0,BTC-27DEC19-5000-C,8198.31,76.09,0.4035,11.0,0.442,11.0,119.98,7.47223,-4.15703,9.5211,5e-05,0.89364
8198.71,SYN.BTC-4OCT19,1569668344207,open,0.21,0.0,0.1915,0.234,0.21161077,124.6,None,0.0,BTC-4OCT19-6500-C,8198.31,0.0,0.1,1.0,0.0,0.0,0.0,1.25279,-13.28286,0.96022,9e-05,0.93916
8204.36,BTC-27DEC19,1569668344211,open,0.0,227.2,0.0005,0.014,0.00448151,130.48,0.004,0.0,BTC-27DEC19-2500-P,8198.31,125.01,0.0035,24.0,0.0055,25.0,135.46,1.57882,-1.14608,-0.40206,1e-05,-0.01542
174.49,SYN.ETH-29NOV19,1569668344231,open,0.06,1.0,0.036,0.103,0.069158,100.69,0.094,0.0,ETH-29NOV19-140-P,174.59,95.73,0.063,340.0,0.074,1.0,104.55,0.2182,-0.17754,-0.08852,0.0042,-0.23009
8204.36,BTC-27DEC19,1569668344234,open,0.01,481.2,0.003,0.0325,0.01371584,95.22,0.0135,0.0,BTC-27DEC19-18000-C,8198.31,93.48,0.0125,1.0,0.015,24.0,96.97,5.87076,-3.10995,1.27539,4e-05,0.07685
8204.36,BTC-27DEC19,1569668344239,open,0.01,410.5,0.005,0.031,0.0154563,108.4,0.0135,0.0,BTC-27DEC19-4000-P,8198.31,107.56,0.015,24.0,0.016,13.0,109.39,4.48388,-2.70411,-1.40942,2e-05,-0.05431
8204.36,BTC-27DEC19,1569668344246,open,0.14,178.3,0.0945,0.182,0.13957213,89.44,0.129,0.0,BTC-27DEC19-9000-C,8198.31,86.63,0.134,14.4,0.1415,21.0,90.42,16.24017,-8.08111,7.38919,0.00011,0.50534
8204.36,BTC-27DEC19,1569668344248,open,0.0,598.5,0.0005,0.0115,0.00177571,115.27,0.0015,0.0,BTC-27DEC19-36000-C,8198.31,101.67,0.0005,1164.0,0.003,23.0,122.41,1.15499,-0.74069,0.18115,1e-05,0.01074
8204.36,BTC-27DEC19,1569668344248,open,0.01,228.1,0.001,0.023,0.01055795,114.45,0.01,0.0,BTC-27DEC19-3500-P,8198.31,113.05,0.01,24.0,0.0115,23.0,116.74,3.30769,-2.10603,-0.96505,2e-05,-0.03721
8204.36,BTC-27DEC19,1569668344257,open,0.73,268.3,0.6875,0.7955,0.73946321,90.52,0.7205,0.0,BTC-27DEC19-14000-P,8198.31,0.0,0.699,3.0,0.78,3.0,118.3,10.19429,-5.1336,-31.7621,7e-05,-0.83276
8204.36,BTC-27DEC19,1569668344257,open,0.0,495.6,0.0005,0.011,0.00102793,115.27,0.001,0.0,BTC-27DEC19-40000-C,8198.31,107.78,0.0005,0.1,0.0015,1.0,119.78,0.7435,-0.4768,0.11063,0.0,0.0065
8204.36,BTC-27DEC19,1569668344257,open,2.4,0.1,2.3465,2.492,2.4158282,105.46,1.49,0.0,BTC-27DEC19-28000-P,8198.31,0.0,0.06,1.0,0.0,0.0,0.0,1.85165,-1.08639,-68.63115,1e-05,-0.98142
8204.36,BTC-27DEC19,1569668344257,open,0.53,31.1,0.5085,0.549,0.52790888,108.4,0.6265,0.0,BTC-27DEC19-4000-C,8198.31,0.0,0.03,1.0,0.557,0.2,150.31,4.48365,-2.70388,8.44008,2e-05,0.94569
8204.36,BTC-27DEC19,1569668344257,open,0.06,1125.4,0.031,0.091,0.05969886,94.56,0.0575,0.0,BTC-27DEC19-6000-P,8198.31,93.27,0.058,19.3,0.063,44.3,97.05,10.81841,-5.69106,-4.9165,7e-05,-0.18367
8204.36,BTC-27DEC19,1569668344257,open,0.38,73.3,0.3415,0.405,0.37384402,97.12,0.491,0.0,BTC-27DEC19-5500-C,8198.31,0.0,0.007,2.2,0.4875,1.0,186.45,9.15493,-4.94652,9.7782,6e-05,0.85787
8335.4,BTC-27MAR20,1569668344265,open,2.6,0.0,2.533,2.7085,2.61554104,99.06,None,0.0,BTC-27MAR20-30000-P,8198.31,0.0,0.04,1.0,0.0,0.0,0.0,7.73894,-2.11921,-146.51863,2e-05,-0.9316
8204.36,BTC-27DEC19,1569668344268,open,0.84,210.2,0.8025,0.9105,0.85375962,91.18,0.8375,0.0,BTC-27DEC19-15000-P,8198.31,0.0,0.8135,3.0,0.8945,3.0,121.7,8.79721,-4.46238,-34.74124,6e-05,-0.86593
8204.36,BTC-27DEC19,1569668344270,open,0.19,234.7,0.1405,0.228,0.18616636,89.44,0.1915,0.0,BTC-27DEC19-8000-C,8198.31,87.26,0.182,14.4,0.1905,20.0,91.72,15.62272,-7.77385,8.55788,0.00011,0.60978
8204.36,BTC-27DEC19,1569668344277,open,0.01,826.3,0.0005,0.0245,0.00920113,96.98,0.01,0.0,BTC-27DEC19-20000-C,8198.31,94.66,0.008,2.5,0.0105,9.8,99.29,4.43647,-2.39354,0.89666,3e-05,0.05359
8204.36,BTC-27DEC19,1569668344280,open,0.48,4.1,0.4505,0.4985,0.47390909,103.75,0.578,0.0,BTC-27DEC19-4500-C,8198.31,0.0,0.0125,1.1,0.9005,1.0,500.0,5.89253,-3.40105,9.06803,3e-05,0.92278
8335.4,BTC-27MAR20,1569668344283,open,1.89,0.0,1.832,1.989,1.90581328,95.06,None,0.0,BTC-27MAR20-24000-P,8198.31,0.0,0.0005,7.0,0.0,0.0,0.0,10.77445,-2.83132,-115.63152,3e-05,-0.89357
8202.48,SYN.BTC-29NOV19,1569668344287,open,0.04,10.1,0.0195,0.07,0.04296142,98.12,0.048,0.0,BTC-29NOV19-6000-P,8198.31,95.69,0.0405,19.3,0.046,10.0,101.08,8.36832,-6.63519,-2.88536,7e-05,-0.16454
8204.36,BTC-27DEC19,1569668344311,open,0.02,535.2,0.008,0.0415,0.02239995,103.75,0.0215,0.0,BTC-27DEC19-4500-P,8198.31,102.49,0.0215,24.0,0.0235,12.0,105.27,5.89274,-3.40126,-2.01265,3e-05,-0.07723
8204.36,BTC-27DEC19,1569668344314,open,0.64,0.0,0.629,0.656,0.64130355,121.53,None,0.0,BTC-27DEC19-3000-C,8198.31,0.0,0.04,1.0,0.9205,0.5,500.0,2.33402,-1.57805,6.75279,1e-05,0.97557
8204.36,BTC-27DEC19,1569668344317,open,0.04,473.5,0.0175,0.075,0.04330635,89.89,0.045,0.0,BTC-27DEC19-13000-C,8198.31,88.97,0.042,0.1,0.0455,19.3,91.41,11.70951,-5.85549,3.35301,8e-05,0.20928
8204.36,BTC-27DEC19,1569668344317,open,0.0,334.4,0.0005,0.011,0.00121052,128.19,0.0005,0.0,BTC-27DEC19-48000-C,8198.31,0.0,0.0,0.0,0.0025,47.0,138.23,0.78964,-0.56311,0.11621,0.0,0.00696
8204.36,BTC-27DEC19,1569668344317,open,0.0,490.1,0.0005,0.0125,0.0029962,105.41,0.0025,0.0,BTC-27DEC19-28000-C,8198.31,100.35,0.002,24.0,0.004,28.3,109.44,1.84637,-1.08272,0.31358,1e-05,0.01852
8204.36,BTC-27DEC19,1569668344317,open,0.0,239.8,0.0005,0.0105,0.00057611,137.56,0.0005,0.0,BTC-27DEC19-1500-P,8198.31,0.0,0.0,0.0,0.001,0.1,147.15,0.29566,-0.22627,-0.05857,0.0,-0.00232
8204.36,BTC-27DEC19,1569668344317,open,2.88,0.3,2.8245,2.988,2.90265967,110.91,1.875,0.0,BTC-27DEC19-32000-P,8198.31,0.0,0.0005,1.0,0.0,0.0,0.0,1.45118,-0.89543,-78.55904,1e-05,-0.98602
8204.36,BTC-27DEC19,1569668344325,open,0.03,562.5,0.0115,0.0615,0.03304721,90.51,0.0315,0.0,BTC-27DEC19-14000-C,8198.31,88.84,0.031,18.0,0.035,19.3,92.07,10.19352,-5.13293,2.7105,7e-05,0.16722
8204.36,BTC-27DEC19,1569668344325,open,0.0,98.2,0.0005,0.012,0.00226626,137.49,0.002,0.0,BTC-27DEC19-2000-P,8198.31,122.63,0.001,47.0,0.0035,23.0,147.36,0.88997,-0.68073,-0.2069,0.0,-0.00798
8200.12,SYN.BTC-25OCT19,1569668344328,open,0.01,379.6,0.0005,0.0215,0.00824422,91.84,0.0095,0.0,BTC-25OCT19-12000-C,8198.31,88.64,0.007,24.0,0.0095,24.0,94.84,3.31685,-5.66748,0.43496,7e-05,0.08028
174.57,SYN.ETH-11OCT19,1569668344330,open,0.04,2.0,0.014,0.07,0.040693,104.92,0.067,0.0,ETH-11OCT19-160-P,174.59,96.05,0.035,120.0,0.046,120.0,113.07,0.11301,-0.46046,-0.02063,0.01002,-0.29433
8198.71,SYN.BTC-4OCT19,1569668344333,open,0.34,2.8,0.3155,0.3725,0.3423625,103.96,0.3815,0.0,BTC-4OCT19-11000-P,8198.31,0.0,0.3245,3.0,0.361,3.0,204.86,0.40053,-3.54329,-1.75148,4e-05,-0.98471
8202.48,SYN.BTC-29NOV19,1569668344335,open,0.08,0.5,0.042,0.113,0.07721273,90.82,0.071,0.0,BTC-29NOV19-10000-C,8198.31,85.47,0.069,27.3,0.0785,8.0,91.65,12.70358,-9.32264,4.01297,0.00012,0.36581
8204.36,BTC-27DEC19,1569668344349,open,0.0,1542.5,0.0005,0.0105,0.00082185,128.19,0.0015,0.0,BTC-27DEC19-52000-C,8198.31,0.0,0.0,0.0,0.0005,1.0,122.68,0.57491,-0.40998,0.08176,0.0,0.00487
8199.18,SYN.BTC-11OCT19,1569668344353,open,0.28,0.0,0.257,0.3205,0.28699653,91.03,None,0.0,BTC-11OCT19-10500-P,8198.31,0.0,0.0,0.0,0.0,0.0,0.0,2.43279,-8.60008,-3.47156,0.00011,-0.91327
8204.36,BTC-27DEC19,1569668344361,open,0.59,4.0,0.5685,0.6015,0.58395395,114.45,0.666,0.0,BTC-27DEC19-3500-C,8198.31,0.0,0.04,1.0,0.948,1.0,500.0,3.30745,-2.10581,7.65327,2e-05,0.96279
8204.36,BTC-27DEC19,1569668344361,open,0.41,261.6,0.3635,0.473,0.41813894,89.45,0.4265,0.0,BTC-27DEC19-11000-P,8198.31,63.42,0.375,5.0,0.456,5.0,109.79,14.75146,-7.34056,-21.9738,0.0001,-0.66957
174.49,SYN.ETH-29NOV19,1569668344361,open,0.19,0.0,0.155,0.242,0.202303,100.69,None,0.0,ETH-29NOV19-160-C,174.59,90.53,0.187,320.0,0.22,320.0,112.44,0.26281,-0.21384,0.13582,0.00506,0.66146
8200.12,SYN.BTC-25OCT19,1569668344376,open,0.04,1132.0,0.0175,0.067,0.04064638,96.87,0.0405,0.0,BTC-25OCT19-7000-P,8198.31,96.09,0.04,19.3,0.0415,0.2,97.9,6.7837,-12.22609,-1.64415,0.00014,-0.23166
8204.36,BTC-27DEC19,1569668344382,open,0.23,651.0,0.1845,0.2865,0.23655385,89.45,0.243,0.0,BTC-27DEC19-9000-P,8198.31,86.14,0.23,14.4,0.238,11.0,90.18,16.24017,-8.08129,-14.77194,0.00011,-0.49466
8204.36,BTC-27DEC19,1569668344388,open,0.76,0.0,0.7485,0.768,0.75849254,137.48,None,0.0,BTC-27DEC19-2000-C,8198.31,0.0,0.02,1.3,0.938,0.5,500.0,0.88975,-0.68052,4.71786,0.0,0.99203
8204.36,BTC-27DEC19,1569668344388,open,0.82,0.9,0.808,0.8275,0.81774583,137.54,0.8065,0.0,BTC-27DEC19-1500-C,8198.31,0.0,0.81,1.0,0.8265,1.0,213.11,0.29542,-0.22605,3.63501,0.0,0.99768
8204.36,BTC-27DEC19,1569668344390,open,0.16,540.2,0.1145,0.2065,0.16126122,89.45,0.166,0.0,BTC-27DEC19-8000-P,8198.31,87.47,0.1575,19.3,0.166,37.3,91.94,15.6227,-7.77401,-11.14094,0.00011,-0.39022
8204.36,BTC-27DEC19,1569668344390,open,0.22,126.6,0.1705,0.2555,0.21518239,89.89,0.207,0.0,BTC-27DEC19-7500-C,8198.31,87.85,0.2115,14.4,0.2175,9.0,91.17,14.84373,-7.42294,9.07334,0.0001,0.66431
8204.36,BTC-27DEC19,1569668344390,open,0.0,458.3,0.0005,0.0135,0.00384448,103.61,0.004,0.0,BTC-27DEC19-26000-C,8198.31,97.99,0.0025,24.0,0.0055,47.0,108.92,2.25821,-1.30161,0.39691,1e-05,0.02349
8204.36,BTC-27DEC19,1569668344392,open,0.32,519.5,0.2685,0.376,0.32295028,89.45,0.325,0.0,BTC-27DEC19-10000-P,8198.31,77.68,0.3005,15.0,0.328,30.0,92.06,15.83927,-7.88183,-18.41545,0.00011,-0.58862
8204.36,BTC-27DEC19,1569668344392,open,0.01,399.7,0.0005,0.0165,0.00696412,121.54,0.006,0.0,BTC-27DEC19-3000-P,8198.31,119.87,0.0065,24.0,0.0075,22.0,123.38,2.33426,-1.57828,-0.63434,1e-05,-0.02444
8204.36,BTC-27DEC19,1569668344392,open,0.1,316.7,0.0635,0.142,0.10270155,91.39,0.1035,0.0,BTC-27DEC19-7000-P,8198.31,89.48,0.0995,19.3,0.1065,12.0,93.65,13.75246,-6.99211,-7.77237,9e-05,-0.28203
8335.4,BTC-27MAR20,1569668344396,open,0.01,65.5,0.001,0.0295,0.01078449,101.86,0.011,0.0,BTC-27MAR20-36000-C,8198.31,99.09,0.009,11.0,0.012,0.5,103.58,5.69001,-1.60209,1.46674,2e-05,0.04629
8204.36,BTC-27DEC19,1569668344399,open,1.91,0.0,1.869,1.9985,1.93006088,100.91,None,0.0,BTC-27DEC19-24000-P,8198.31,0.0,0.05,1.0,2.578,0.2,500.0,2.70631,-1.51936,-58.60377,2e-05,-0.97083
8204.36,BTC-27DEC19,1569668344399,open,4.33,0.0,4.258,4.4755,4.3636521,115.91,3.46,0.0,BTC-27DEC19-44000-P,8198.31,0.0,0.001,1.0,0.0,0.0,0.0,0.50813,-0.32768,-108.27078,0.0,-0.99576
8204.36,BTC-27DEC19,1569668344407,open,0.01,642.0,0.0005,0.0155,0.00477631,100.88,0.004,0.0,BTC-27DEC19-24000-C,8198.31,96.61,0.0035,30.0,0.006,28.0,104.33,2.70236,-1.51665,0.49176,2e-05,0.02912
8204.36,BTC-27DEC19,1569668344407,open,5.3,0.8,5.214,5.4705,5.33893843,128.51,3.59,0.0,BTC-27DEC19-52000-P,8198.31,0.0,0.001,1.0,0.0,0.0,0.0,0.58721,-0.41982,-127.95843,0.0,-0.99501
8199.18,SYN.BTC-11OCT19,1569668344414,open,0.22,0.0,0.1945,0.243,0.21844319,107.74,None,0.0,BTC-11OCT19-6500-C,8198.31,0.0,0.199,1.0,0.236,1.0,150.11,2.817,-11.78631,1.9543,0.00011,0.89413
8204.36,BTC-27DEC19,1569668344417,open,0.7,0.0,0.69,0.7095,0.69976437,130.48,None,0.0,BTC-27DEC19-2500-C,8198.31,0.0,0.04,1.0,0.9285,0.5,500.0,1.5786,-1.14586,5.75388,1e-05,0.98458
8204.36,BTC-27DEC19,1569668344423,open,0.0,432.2,0.0005,0.0105,0.00063038,115.59,0.0005,0.0,BTC-27DEC19-44000-C,8198.31,0.0,0.0,0.0,0.001,10.0,120.68,0.49636,-0.3192,0.07071,0.0,0.00413
8204.36,BTC-27DEC19,1569668344426,open,0.29,63.0,0.247,0.324,0.28702063,92.8,0.345,0.0,BTC-27DEC19-6500-C,8198.31,0.0,0.19,2.0,0.8795,2.0,500.0,12.38877,-6.39622,9.73915,8e-05,0.76911
8198.71,SYN.BTC-4OCT19,1569668344430,open,0.0,470.1,0.0005,0.0175,0.00489315,86.44,0.0045,0.0,BTC-4OCT19-9500-C,8198.31,79.62,0.0035,3.0,0.0055,3.0,89.11,1.80942,-13.30885,0.12393,0.00019,0.09879
8202.48,SYN.BTC-29NOV19,1569668344430,open,0.6,0.0,0.564,0.6585,0.60934292,90.82,None,0.0,BTC-29NOV19-13000-P,8198.31,0.0,0.05,1.0,0.0,0.0,0.0,7.80795,-5.73021,-20.31846,8e-05,-0.85189
8204.36,BTC-27DEC19,1569668344436,open,0.04,275.4,0.0205,0.0715,0.04422174,97.12,0.045,0.0,BTC-27DEC19-5500-P,8198.31,96.03,0.043,24.0,0.046,29.0,98.71,9.15506,-4.9467,-3.76482,6e-05,-0.14214
8198.71,SYN.BTC-4OCT19,1569668344442,open,0.13,6.1,0.101,0.153,0.1269831,102.48,0.1295,0.0,BTC-4OCT19-7250-C,8198.31,84.47,0.122,6.0,0.128,6.0,105.79,2.48994,-21.71466,0.94624,0.00022,0.84394
8199.18,SYN.BTC-11OCT19,1569668344468,open,0.05,12.8,0.0245,0.081,0.05256118,91.03,0.053,0.0,BTC-11OCT19-8500-C,8198.31,82.86,0.0465,18.0,0.053,2.0,91.62,6.09554,-21.54757,1.14998,0.00028,0.45016
174.49,SYN.ETH-29NOV19,1569668344489,open,0.11,0.0,0.075,0.162,0.119242,100.69,None,0.0,ETH-29NOV19-160-P,174.59,93.22,0.108,320.0,0.132,320.0,109.16,0.26281,-0.21384,-0.13541,0.00506,-0.33854
8200.12,SYN.BTC-25OCT19,1569668344506,open,0.09,216.2,0.0505,0.115,0.08336441,91.5,0.086,0.0,BTC-25OCT19-8500-C,8198.31,85.62,0.077,10.0,0.082,0.1,90.24,8.87508,-15.10777,2.46619,0.0002,0.49181
8335.4,BTC-27MAR20,1569668344535,open,3.07,0.0,3.002,3.193,3.09198703,101.87,None,0.0,BTC-27MAR20-34000-P,8198.31,0.0,0.05,1.0,0.0,0.0,0.0,6.49023,-1.82774,-166.76838,2e-05,-0.9454
174.57,SYN.ETH-11OCT19,1569668344612,open,0.06,0.0,0.029,0.097,0.062348,101.19,None,0.0,ETH-11OCT19-170-P,174.59,93.85,0.057,90.0,0.07,90.0,111.68,0.12725,-0.50002,-0.02892,0.0117,-0.40726
174.49,SYN.ETH-29NOV19,1569668344616,open,0.13,0.0,0.104,0.192,0.151488,100.69,None,0.0,ETH-29NOV19-180-C,174.59,91.19,0.136,320.0,0.164,320.0,108.39,0.28412,-0.23117,0.11866,0.00547,0.55264
8200.12,SYN.BTC-25OCT19,1569668344640,open,0.47,37.4,0.437,0.51,0.4716392,91.85,0.533,0.0,BTC-25OCT19-12000-P,8198.31,0.0,0.446,3.0,0.5035,3.0,143.07,3.31717,-5.66828,-8.40083,7e-05,-0.91971
8335.4,BTC-27MAR20,1569668344658,open,0.09,268.5,0.0455,0.134,0.08837389,88.23,0.0895,0.0,BTC-27MAR20-14000-C,8198.31,86.43,0.084,18.0,0.0925,10.0,89.91,20.40256,-4.97621,8.74264,7e-05,0.30003
174.58,SYN.ETH-4OCT19,1569668344685,open,0.37,0.0,0.335,0.424,0.377216,135.27,None,0.0,ETH-4OCT19-240-P,174.59,0.0,0.0,0.0,0.0,0.0,0.0,0.0185,-0.21291,-0.03762,0.00279,-0.96152
8335.4,BTC-27MAR20,1569668344695,open,0.04,286.4,0.0145,0.076,0.04086173,92.86,0.0385,0.0,BTC-27MAR20-20000-C,8198.31,91.43,0.0385,0.1,0.0435,4.9,94.4,14.0263,-3.60036,4.74531,4e-05,0.15574
8198.71,SYN.BTC-4OCT19,1569668344695,open,0.0,66.2,0.0005,0.0105,0.00036867,108.41,0.0005,0.0,BTC-4OCT19-11500-C,8198.31,0.0,0.0,0.0,0.0005,0.2,112.46,0.23794,-2.19517,0.0106,2e-05,0.0084
8202.48,SYN.BTC-29NOV19,1569668344717,open,0.23,0.0,0.1875,0.263,0.22670348,93.72,None,0.0,BTC-29NOV19-7000-C,8198.31,0.0,0.0,0.0,0.0,0.0,0.0,11.22831,-8.50372,6.95659,0.00011,0.727
8199.18,SYN.BTC-11OCT19,1569668344717,open,0.0,11.0,0.0005,0.0135,0.00370361,92.29,0.0035,0.0,BTC-11OCT19-11000-C,8198.31,91.28,0.0035,0.1,0.004,1.0,93.7,1.68467,-6.03773,0.14504,8e-05,0.05385
8200.12,SYN.BTC-25OCT19,1569668344739,open,0.11,182.9,0.0755,0.142,0.11027458,91.5,0.112,0.0,BTC-25OCT19-8000-C,8198.31,86.5,0.105,9.0,0.1115,14.4,92.66,8.65768,-14.73769,2.8874,0.00019,0.58849
174.49,SYN.ETH-29NOV19,1569668344741,open,0.16,0.0,0.13,0.232,0.183045,100.69,None,0.0,ETH-29NOV19-180-P,174.59,90.24,0.166,320.0,1.028,1.0,500.0,0.28412,-0.23117,-0.18648,0.00547,-0.44736
8335.4,BTC-27MAR20,1569668344750,open,0.02,65.1,0.006,0.049,0.02229828,96.45,0.022,0.0,BTC-27MAR20-26000-C,8198.31,93.93,0.0195,6.0,0.025,14.0,98.73,9.59049,-2.5571,2.82902,3e-05,0.09079
174.57,SYN.ETH-11OCT19,1569668344750,open,0.07,72.0,0.029,0.094,0.062511,101.44,0.05,0.0,ETH-11OCT19-180-C,174.59,87.36,0.052,90.0,0.065,90.0,104.77,0.13052,-0.51415,0.02533,0.01197,0.47388
8202.48,SYN.BTC-29NOV19,1569668344772,open,0.29,0.0,0.247,0.345,0.29636,90.82,None,0.0,BTC-29NOV19-10000-P,8198.31,0.0,0.0005,11.0,0.0,0.0,0.0,12.70365,-9.32289,-12.93923,0.00012,-0.63418
8199.18,SYN.BTC-11OCT19,1569668344775,open,0.01,25.0,0.0015,0.0275,0.01120613,107.74,0.0155,0.0,BTC-11OCT19-6500-P,8198.31,105.66,0.0105,30.0,0.012,2.1,110.02,2.81704,-11.78662,-0.33864,0.00011,-0.10587
174.58,SYN.ETH-4OCT19,1569668344802,open,0.0,21.0,0.001,0.011,0.001353,135.27,0.007,0.0,ETH-4OCT19-250-C,174.59,0.0,0.0,0.0,0.0,0.0,0.0,0.01181,-0.1359,0.00059,0.00178,0.02241
174.57,SYN.ETH-11OCT19,1569668344885,open,0.1,0.0,0.054,0.133,0.093617,101.44,None,0.0,ETH-11OCT19-180-P,174.59,92.58,0.087,90.0,0.101,90.0,111.31,0.13052,-0.51415,-0.03816,0.01197,-0.52612
8200.12,SYN.BTC-25OCT19,1569668344894,open,0.12,3.5,0.0825,0.1565,0.11993585,91.5,0.1365,0.0,BTC-25OCT19-8500-P,8198.31,89.71,0.118,14.4,0.1245,15.0,95.72,8.87508,-15.10794,-3.79254,0.0002,-0.50818
8198.71,SYN.BTC-4OCT19,1569668344903,open,0.01,267.5,0.0005,0.0195,0.00582311,116.11,0.006,0.0,BTC-4OCT19-6750-P,8198.31,111.67,0.005,15.0,0.007,0.1,122.0,1.5718,-15.53059,-0.11557,0.00013,-0.08174
8200.12,SYN.BTC-25OCT19,1569668344944,open,0.01,381.9,0.0005,0.016,0.00524328,96.75,0.0045,0.0,BTC-25OCT19-13000-C,8198.31,94.07,0.0045,14.6,0.006,24.0,99.26,2.37464,-4.27423,0.28348,5e-05,0.05219
8335.4,BTC-27MAR20,1569668344950,open,0.01,544.2,0.0005,0.0275,0.00975571,105.69,0.009,0.0,BTC-27MAR20-40000-C,8198.31,102.68,0.008,1.0,0.0115,20.0,108.34,5.18662,-1.51527,1.30184,1e-05,0.04127
176.0,ETH-27MAR20,1569668344992,open,0.58,19.0,0.55,0.604,0.577821,102.41,0.542,0.0,ETH-27MAR20-80-C,174.59,80.01,0.559,32.0,0.592,32.0,116.07,0.17171,-0.04861,0.30459,0.00109,0.92705
174.57,SYN.ETH-11OCT19,1569668345022,open,0.05,70.0,0.015,0.072,0.042728,101.44,0.035,0.0,ETH-11OCT19-190-C,174.59,87.43,0.033,120.0,0.044,120.0,103.24,0.12306,-0.48477,0.01975,0.01128,0.36343
8335.4,BTC-27MAR20,1569668345048,open,2.13,0.0,2.065,2.228,2.14153228,96.46,None,0.0,BTC-27MAR20-26000-P,8198.32,0.0,0.0005,2.0,0.0,0.0,0.0,9.59224,-2.55775,-126.01333,3e-05,-0.90919
8335.4,BTC-27MAR20,1569668345048,open,0.55,1.1,0.5255,0.575,0.54993161,94.04,0.5375,0.0,BTC-27MAR20-4000-C,8198.32,0.0,0.05,1.0,0.999,0.1,500.0,8.29899,-2.15729,15.49607,3e-05,0.92508
8335.4,BTC-27MAR20,1569668345048,open,0.18,158.0,0.122,0.2275,0.17673656,87.28,0.176,0.0,BTC-27MAR20-10000-C,8198.32,84.53,0.169,3.6,0.181,18.0,88.8,23.40747,-5.64773,13.53214,8e-05,0.50434
8335.41,BTC-27MAR20,1569668345048,open,0.07,334.7,0.03,0.1085,0.06639752,89.74,0.0705,0.0,BTC-27MAR20-16000-C,8198.32,87.69,0.062,9.0,0.0705,4.9,91.61,18.11095,-4.4927,7.04192,6e-05,0.23688
8335.41,BTC-27MAR20,1569668345049,open,3.31,0.0,3.2365,3.4335,3.32972381,101.88,None,0.0,BTC-27MAR20-36000-P,8198.32,0.0,0.06,1.0,0.0,0.0,0.0,5.69516,-1.6039,-176.92969,2e-05,-0.95365
8335.41,BTC-27MAR20,1569668345049,open,0.76,57.8,0.699,0.8385,0.76796164,88.23,0.81,0.0,BTC-27MAR20-14000-P,8198.32,66.58,0.72,2.0,0.818,2.0,107.64,20.40294,-4.97644,-60.6341,7e-05,-0.69996
8335.41,BTC-27MAR20,1569668345050,open,1.43,0.0,1.3695,1.5185,1.44027257,92.86,None,0.0,BTC-27MAR20-20000-P,8198.32,0.0,1.3885,1.0,1.479,1.0,112.7,14.02765,-3.6009,-94.36409,4e-05,-0.84423
8198.71,SYN.BTC-4OCT19,1569668345048,open,0.03,155.2,0.0075,0.0525,0.02854477,86.44,0.03,0.0,BTC-4OCT19-8500-C,8198.32,85.32,0.028,2.0,0.03,24.0,89.42,3.99674,-29.39728,0.47962,0.00043,0.39194
8198.71,SYN.BTC-4OCT19,1569668345048,open,0.0,208.8,0.0005,0.0105,0.00024141,114.61,0.0005,0.0,BTC-4OCT19-12000-C,8198.32,0.0,0.0,0.0,0.0005,0.1,124.48,0.162,-1.58005,0.00685,1e-05,0.00544
8198.71,SYN.BTC-4OCT19,1569668345048,open,0.0,543.8,0.0005,0.017,0.00441904,124.6,0.004,0.0,BTC-4OCT19-6500-P,8198.32,118.23,0.0035,50.0,0.0055,0.1,131.29,1.25281,-13.28326,-0.08614,9e-05,-0.06085
8199.18,SYN.BTC-11OCT19,1569668345047,open,0.13,0.0,0.0955,0.165,0.13061242,91.03,None,0.0,BTC-11OCT19-9000-P,8198.32,87.13,0.128,18.0,0.1365,18.0,99.66,5.52785,-19.54097,-2.33614,0.00026,-0.67709
8199.18,SYN.BTC-11OCT19,1569668345048,open,0.02,28.3,0.0045,0.041,0.01982087,101.05,0.022,0.0,BTC-11OCT19-7000-P,8198.32,98.31,0.0185,24.0,0.021,0.1,103.45,3.99381,-15.67134,-0.56836,0.00017,-0.17669
176.0,ETH-27MAR20,1569668345056,open,0.41,40.0,0.367,0.452,0.413247,95.3,0.459,0.0,ETH-27MAR20-120-C,174.59,76.93,0.38,20.0,0.0,0.0,0.0,0.32779,-0.08635,0.35268,0.00224,0.81762
8200.12,SYN.BTC-25OCT19,1569668345048,open,0.0,626.4,0.0005,0.011,0.00140595,106.45,0.0015,0.0,BTC-25OCT19-16000-C,8198.32,94.31,0.0005,73.0,0.002,19.0,111.55,0.84361,-1.67078,0.0822,2e-05,0.01502
8202.48,SYN.BTC-29NOV19,1569668345047,open,0.16,5.0,0.117,0.1975,0.15914238,90.82,0.15,0.0,BTC-29NOV19-8000-C,8198.32,86.01,0.1515,22.4,0.163,8.0,93.24,13.0461,-9.574,6.13259,0.00013,0.60018
8200.12,SYN.BTC-25OCT19,1569668345048,open,0.58,32.0,0.5555,0.63,0.59058727,96.75,0.6245,0.0,BTC-25OCT19-13000-P,8198.32,0.0,0.5655,3.0,0.6145,3.0,145.08,2.37495,-4.27495,-9.28864,5e-05,-0.9478
8199.18,SYN.BTC-11OCT19,1569668345049,open,0.03,12.2,0.011,0.058,0.03294085,91.03,0.032,0.0,BTC-11OCT19-9000-C,8198.32,82.84,0.0275,25.0,0.0325,0.4,90.38,5.52784,-19.5408,0.83869,0.00026,0.32291
8198.71,SYN.BTC-4OCT19,1569668345048,open,0.03,208.8,0.01,0.0595,0.03345903,89.11,0.0375,0.0,BTC-4OCT19-8000-P,8198.32,86.11,0.032,18.0,0.037,8.0,96.36,3.99752,-30.31269,-0.56182,0.00041,-0.39222
8198.71,SYN.BTC-4OCT19,1569668345049,open,0.01,138.6,0.0005,0.0235,0.00798328,86.44,0.0075,0.0,BTC-4OCT19-9250-C,8198.32,79.29,0.006,30.0,0.0085,37.0,88.18,2.40311,-17.67565,0.18472,0.00026,0.14794
8200.12,SYN.BTC-25OCT19,1569668345048,open,0.02,2.6,0.007,0.0455,0.02348379,91.5,0.0225,0.0,BTC-25OCT19-10500-C,8198.32,86.67,0.02,14.0,0.023,19.3,90.84,6.07161,-10.33554,1.01577,0.00013,0.19172
8198.71,SYN.BTC-4OCT19,1569668345049,open,0.02,99.5,0.005,0.047,0.02346709,92.93,0.026,0.0,BTC-4OCT19-7750-P,8198.32,88.42,0.0215,24.0,0.026,34.0,98.67,3.59406,-28.42317,-0.42148,0.00036,-0.29588
8199.18,SYN.BTC-11OCT19,1569668345049,open,0.17,0.0,0.138,0.1935,0.16607632,101.05,None,0.0,BTC-11OCT19-7000-C,8198.32,0.0,0.1455,1.0,0.187,1.0,140.08,3.99379,-15.67119,1.90095,0.00017,0.82332
8202.48,SYN.BTC-29NOV19,1569668345047,open,0.05,4.1,0.024,0.0855,0.05291378,90.82,0.049,0.0,BTC-29NOV19-11000-C,8198.32,87.2,0.048,0.5,0.054,8.0,91.6,11.26813,-8.26923,3.08765,0.00011,0.27497
8200.12,SYN.BTC-25OCT19,1569668345048,open,0.0,410.5,0.0005,0.0125,0.0029882,98.78,0.004,0.0,BTC-25OCT19-14000-C,8198.32,92.95,0.002,41.0,0.004,24.0,103.6,1.56957,-2.8845,0.17115,3e-05,0.03133
174.57,SYN.ETH-11OCT19,1569668345158,open,0.13,0.0,0.087,0.173,0.131117,101.44,None,0.0,ETH-11OCT19-190-P,174.59,91.24,0.124,90.0,0.139,90.0,112.52,0.12306,-0.48477,-0.04727,0.01128,-0.63657
174.58,SYN.ETH-4OCT19,1569668345516,open,0.03,136.0,0.009,0.064,0.034695,93.44,0.068,0.0,ETH-4OCT19-170-P,174.59,87.89,0.032,90.0,0.04,1.0,104.32,0.08488,-0.67494,-0.01189,0.01852,-0.38837
174.58,SYN.ETH-4OCT19,1569668345610,open,0.04,685.0,0.009,0.062,0.034066,93.44,0.03,0.0,ETH-4OCT19-180-C,174.59,81.16,0.028,90.0,0.033,90.0,91.29,0.08664,-0.68892,0.01088,0.0189,0.4213
174.58,SYN.ETH-4OCT19,1569668345726,open,0.06,292.0,0.03,0.1,0.065107,93.44,0.069,0.0,ETH-4OCT19-180-P,174.59,87.16,0.062,90.0,0.071,90.0,105.27,0.08664,-0.68892,-0.01809,0.0189,-0.5787
174.58,SYN.ETH-4OCT19,1569668345934,open,0.1,54.0,0.067,0.144,0.105562,93.44,0.117,0.0,ETH-4OCT19-190-P,174.59,84.48,0.102,30.0,0.112,30.0,108.65,0.07132,-0.56711,-0.02387,0.01556,-0.74365
176.0,ETH-27MAR20,1569668346048,open,0.08,496.0,0.036,0.12,0.076989,99.49,0.065,0.0,ETH-27MAR20-360-C,174.59,96.79,0.071,260.0,0.082,24.0,101.71,0.39449,-0.1085,0.15171,0.00258,0.25094
176.0,ETH-27MAR20,1569668346078,open,1.34,3.0,1.239,1.436,1.336088,101.12,1.39,0.0,ETH-27MAR20-400-P,174.59,0.0,1.269,6.0,1.376,6.0,118.94,0.35967,-0.10054,-1.85212,0.00232,-0.78738
8198.72,SYN.BTC-4OCT19,1569668346121,open,0.06,183.0,0.0355,0.095,0.06529399,86.44,0.0655,0.0,BTC-4OCT19-8500-P,8198.32,82.75,0.0635,18.0,0.07,18.0,96.04,3.99677,-29.39822,-0.88868,0.00043,-0.60805
174.45,ETH-27DEC19,1569668346229,open,3.12,0.0,3.008,3.263,3.129932,116.71,None,0.0,ETH-27DEC19-720-P,174.59,0.0,0.003,5.0,0.0,0.0,0.0,0.03364,-0.02184,-1.7674,0.00038,-0.98454
174.45,ETH-27DEC19,1569668346257,open,0.03,953.0,0.008,0.051,0.026209,103.88,0.017,0.0,ETH-27DEC19-360-C,174.59,101.68,0.024,320.0,0.028,120.0,105.6,0.17875,-0.10331,0.04268,0.0023,0.12556
174.45,ETH-27DEC19,1569668346257,open,2.44,0.0,2.34,2.557,2.443882,111.75,0.953,0.0,ETH-27DEC19-600-P,174.59,0.0,0.0,0.0,0.0,0.0,0.0,0.05155,-0.03204,-1.46836,0.00062,-0.97444
174.45,ETH-27DEC19,1569668346259,open,1.76,21.0,1.674,1.857,1.761468,108.22,0.629,0.0,ETH-27DEC19-480-P,174.59,0.0,0.001,7.0,0.0,0.0,0.0,0.09355,-0.05632,-1.16343,0.00115,-0.94698
174.45,ETH-27DEC19,1569668346259,open,1.31,16.0,1.233,1.396,1.311032,104.9,1.195,0.0,ETH-27DEC19-400-P,174.59,0.0,0.001,8.0,0.0,0.0,0.0,0.14185,-0.08278,-0.95358,0.0018,-0.9089
8335.42,BTC-27MAR20,1569668346259,open,2.36,0.0,2.2985,2.4665,2.37743564,97.06,None,0.0,BTC-27MAR20-28000-P,8198.32,0.0,0.0005,2.0,0.0,0.0,0.0,8.39805,-2.25315,-136.36586,3e-05,-0.92391
174.45,ETH-27DEC19,1569668346261,open,1.53,0.0,1.453,1.627,1.53623,107.72,None,0.0,ETH-27DEC19-440-P,174.59,0.0,0.001,8.0,0.0,0.0,0.0,0.11836,-0.07093,-1.05867,0.00147,-0.92833
174.55,SYN.ETH-25OCT19,1569668346261,open,0.15,511.0,0.111,0.186,0.151475,101.17,0.152,0.0,ETH-25OCT19-160-C,174.59,92.45,0.143,72.0,0.153,72.0,102.73,0.17043,-0.32077,0.06731,0.00751,0.67518
174.45,ETH-27DEC19,1569668346263,open,1.98,37.0,1.896,2.09,1.988403,109.67,0.707,0.0,ETH-27DEC19-520-P,174.59,0.0,0.002,25.0,0.0,0.0,0.0,0.07669,-0.04679,-1.26591,0.00093,-0.95861
174.45,ETH-27DEC19,1569668346279,open,0.06,9561.0,0.027,0.086,0.055595,102.43,0.052,0.0,ETH-27DEC19-120-P,174.59,99.44,0.052,952.0,0.059,360.0,105.22,0.21151,-0.12053,-0.09305,0.00276,-0.16103
174.45,ETH-27DEC19,1569668346283,open,2.66,0.0,2.563,2.791,2.671982,111.75,None,0.0,ETH-27DEC19-640-P,174.59,0.0,0.0,0.0,0.0,0.0,0.0,0.0408,-0.02536,-1.569,0.00049,-0.98062
174.45,ETH-27DEC19,1569668346289,open,2.21,0.0,2.118,2.322,2.21552,109.67,0.845,0.0,ETH-27DEC19-560-P,174.59,0.0,0.0,0.0,0.0,0.0,0.0,0.05999,-0.0366,-1.36807,0.00073,-0.96933
174.45,ETH-27DEC19,1569668346298,open,1.08,257.0,1.014,1.17,1.089837,103.88,0.7,0.0,ETH-27DEC19-360-P,174.59,0.0,0.009,4.0,0.0,0.0,0.0,0.17875,-0.10331,-0.84377,0.0023,-0.87444
174.45,ETH-27DEC19,1569668346315,open,0.14,3185.0,0.092,0.186,0.14231,98.73,0.126,0.0,ETH-27DEC19-200-C,174.59,96.55,0.138,340.0,0.148,412.0,101.61,0.34515,-0.18958,0.14782,0.00467,0.48643
174.55,SYN.ETH-25OCT19,1569668346331,open,0.07,1969.0,0.035,0.102,0.068127,101.17,0.065,0.0,ETH-25OCT19-160-P,174.59,97.96,0.065,96.0,0.072,1.0,105.13,0.17043,-0.32077,-0.0505,0.00751,-0.32482
8200.14,SYN.BTC-25OCT19,1569668346372,open,0.25,308.2,0.2135,0.292,0.2523488,91.5,0.25,0.0,BTC-25OCT19-10000-P,8198.32,22.05,0.2195,4.0,0.2585,10.0,98.48,7.06825,-12.03238,-6.05319,0.00016,-0.75018
174.57,SYN.ETH-11OCT19,1569668346458,open,0.22,0.0,0.18,0.244,0.213846,116.04,None,0.0,ETH-11OCT19-140-C,174.59,0.0,0.0,0.0,0.0,0.0,0.0,0.06974,-0.31428,0.04034,0.00559,0.86896
174.58,SYN.ETH-4OCT19,1569668346543,open,0.0,281.0,0.001,0.015,0.004018,117.09,0.003,0.0,ETH-4OCT19-140-P,174.59,101.17,0.002,151.0,0.006,150.0,129.02,0.02616,-0.26069,-0.00178,0.00455,-0.05936
8335.42,BTC-27MAR20,1569668346565,open,2.84,0.0,2.7675,2.9505,2.85347807,100.38,None,0.0,BTC-27MAR20-32000-P,8198.32,0.0,0.04,1.0,0.0,0.0,0.0,7.03657,-1.95247,-156.67282,2e-05,-0.93949
174.57,SYN.ETH-11OCT19,1569668346600,open,0.02,9.0,0.003,0.035,0.015817,116.04,0.032,0.0,ETH-11OCT19-140-P,174.59,108.75,0.013,10.0,0.019,150.0,123.76,0.06974,-0.31428,-0.00904,0.00559,-0.13104
176.0,ETH-27MAR20,1569668346641,open,1.77,0.0,1.668,1.884,1.772854,104.27,None,0.0,ETH-27MAR20-480-P,174.59,0.0,0.003,10.0,0.0,0.0,0.0,0.29981,-0.08641,-2.28001,0.00187,-0.84133
8200.14,SYN.BTC-25OCT19,1569668346645,open,0.82,0.0,0.794,0.873,0.83123569,102.63,None,0.0,BTC-25OCT19-15000-P,8198.32,0.0,0.0,0.0,0.0,0.0,0.0,1.13287,-2.16313,-10.92873,2e-05,-0.97878
8335.42,BTC-27MAR20,1569668346705,open,0.05,155.1,0.02,0.089,0.05069449,90.93,0.0535,0.0,BTC-27MAR20-18000-C,8198.32,88.95,0.047,5.9,0.054,8.0,92.64,15.85561,-3.98531,5.70027,5e-05,0.18869
8202.5,SYN.BTC-29NOV19,1569668346906,open,0.2,0.0,0.161,0.255,0.2088372,90.82,None,0.0,BTC-29NOV19-9000-P,8198.32,86.95,0.2025,14.4,0.216,22.4,95.18,13.44798,-9.86911,-10.19559,0.00013,-0.52439
174.45,ETH-27DEC19,1569668346934,open,0.76,1.0,0.693,0.839,0.765101,100.72,0.494,0.0,ETH-27DEC19-300-P,174.59,0.0,0.0,0.0,0.0,0.0,0.0,0.24372,-0.13656,-0.67149,0.00323,-0.79811
8202.5,SYN.BTC-29NOV19,1569668347005,open,0.02,5.6,0.0075,0.048,0.02445175,90.82,0.0225,0.0,BTC-29NOV19-13000-C,8198.32,87.07,0.021,32.0,0.0265,8.0,92.93,7.80749,-5.7296,1.71932,8e-05,0.1481
174.45,ETH-27DEC19,1569668347081,open,0.98,0.0,0.906,1.058,0.979556,102.29,None,0.0,ETH-27DEC19-340-P,174.59,0.0,0.0,0.0,0.0,0.0,0.0,0.19671,-0.11194,-0.78832,0.00257,-0.85564
174.55,SYN.ETH-25OCT19,1569668347198,open,0.29,483.0,0.243,0.342,0.292688,98.97,0.337,0.0,ETH-25OCT19-220-P,174.59,0.0,0.26,17.0,0.333,17.0,142.43,0.14503,-0.26705,-0.13613,0.00653,-0.76651
8204.4,BTC-27DEC19,1569668347203,open,3.37,1.3,3.302,3.4845,3.38967587,115.35,2.2,0.0,BTC-27DEC19-36000-P,8198.32,0.0,0.0005,1.0,0.0,0.0,0.0,1.16003,-0.74441,-88.4625,1e-05,-0.9892
174.45,ETH-27DEC19,1569668347247,open,1.19,0.0,1.123,1.283,1.199931,104.32,None,0.0,ETH-27DEC19-380-P,174.59,0.0,0.0,0.0,0.0,0.0,0.0,0.15907,-0.09232,-0.89923,0.00203,-0.89346
8204.4,BTC-27DEC19,1569668347255,open,1.43,4.6,1.392,1.509,1.44692373,96.99,1.466,0.0,BTC-27DEC19-20000-P,8198.32,0.0,0.05,1.0,2.1155,0.2,500.0,4.43828,-2.3948,-48.34987,3e-05,-0.94639
8204.4,BTC-27DEC19,1569668347303,open,1.2,9.4,1.155,1.2675,1.20766631,95.23,1.1125,0.0,BTC-27DEC19-18000-P,8198.32,0.0,0.04,1.0,1.885,0.2,499.87,5.87215,-3.11094,-43.04651,4e-05,-0.92313
8204.4,BTC-27DEC19,1569668347325,open,0.08,756.7,0.0405,0.116,0.0773852,89.44,0.0735,0.0,BTC-27DEC19-11000-C,8198.32,86.71,0.0725,15.1,0.079,8.0,90.34,14.75144,-7.34035,5.11202,0.0001,0.33043
8204.4,BTC-27DEC19,1569668347325,open,3.85,0.0,3.78,3.9795,3.87647847,115.47,2.58,0.0,BTC-27DEC19-40000-P,8198.32,0.0,0.001,1.0,0.0,0.0,0.0,0.75311,-0.48378,-98.38172,0.0,-0.9934
8198.72,SYN.BTC-4OCT19,1569668347342,open,0.01,293.3,0.002,0.0365,0.01574138,95.94,0.0185,0.0,BTC-4OCT19-7500-P,8198.32,93.92,0.015,24.1,0.017,1.1,99.31,3.03121,-24.74737,-0.30321,0.00029,-0.214
8204.4,BTC-27DEC19,1569668347349,open,0.1,505.2,0.0625,0.145,0.10408406,89.44,0.1055,0.0,BTC-27DEC19-10000-C,8198.32,86.28,0.098,37.4,0.105,9.0,89.92,15.83934,-7.8817,6.20808,0.00011,0.41138
8204.4,BTC-27DEC19,1569668347368,open,0.96,22.0,0.919,1.028,0.97057306,92.5,1.0275,0.0,BTC-27DEC19-16000-P,8198.32,0.0,0.615,2.4,1.657,0.2,500.0,7.66299,-3.94322,-37.58434,5e-05,-0.88985
8204.4,BTC-27DEC19,1569668347382,open,1.67,4.9,1.6305,1.7535,1.68833411,99.74,1.0385,0.0,BTC-27DEC19-22000-P,8198.32,0.0,0.055,1.0,2.346,0.3,500.0,3.54042,-1.96451,-53.49276,2e-05,-0.95955
174.57,SYN.ETH-11OCT19,1569668347462,open,0.09,120.0,0.051,0.122,0.088526,101.19,0.094,0.0,ETH-11OCT19-170-C,174.59,88.11,0.079,90.0,0.092,90.0,105.95,0.12725,-0.50002,0.03105,0.0117,0.59274
8198.72,SYN.BTC-4OCT19,1569668347500,open,0.01,335.9,0.0005,0.0245,0.00838033,110.41,0.008,0.0,BTC-4OCT19-7000-P,8198.32,108.85,0.008,84.0,0.009,2.0,112.88,2.02372,-19.01293,-0.16333,0.00017,-0.11537
8335.42,BTC-27MAR20,1569668347609,open,0.21,205.4,0.161,0.27,0.21685947,87.28,0.213,0.0,BTC-27MAR20-8000-P,8198.32,85.05,0.211,4.9,0.222,15.0,89.25,21.82715,-5.26649,-23.58737,7e-05,-0.35418
8198.72,SYN.BTC-4OCT19,1569668347616,open,0.08,3.0,0.056,0.117,0.08654149,86.44,0.0895,0.0,BTC-4OCT19-8750-P,8198.32,82.89,0.085,6.0,0.0915,6.0,97.54,3.58972,-26.40463,-1.04455,0.00038,-0.7049
176.0,ETH-27MAR20,1569668347809,open,0.58,19.0,0.55,0.604,0.57782,102.41,0.542,0.0,ETH-27MAR20-80-C,174.59,78.52,0.558,32.0,0.592,32.0,116.07,0.17171,-0.04861,0.30459,0.00109,0.92705
8198.72,SYN.BTC-4OCT19,1569668347815,open,0.06,179.9,0.029,0.0845,0.05769604,89.11,0.059,0.0,BTC-4OCT19-8000-C,8198.32,79.45,0.053,18.0,0.0595,18.0,92.81,3.99751,-30.31263,0.72601,0.00041,0.60778
8198.72,SYN.BTC-4OCT19,1569668347855,open,0.01,346.8,0.001,0.0295,0.0112694,102.49,0.0105,0.0,BTC-4OCT19-7250-P,8198.32,99.92,0.0105,0.1,0.0125,0.1,106.47,2.48996,-21.71524,-0.22085,0.00022,-0.15606
174.49,SYN.ETH-29NOV19,1569668347859,open,0.1,0.0,0.068,0.152,0.112436,100.69,None,0.0,ETH-29NOV19-200-C,174.59,92.43,0.099,220.0,0.123,220.0,107.16,0.2845,-0.23149,0.10031,0.00547,0.45153
8199.19,SYN.BTC-11OCT19,1569668347873,open,0.09,0.0,0.0555,0.1225,0.08925085,91.03,None,0.0,BTC-11OCT19-8500-P,8198.32,87.33,0.0865,18.0,0.0945,1.0,98.08,6.09556,-21.54808,-1.84845,0.00028,-0.54984
8198.72,SYN.BTC-4OCT19,1569668347885,open,0.16,99.3,0.137,0.193,0.16361285,86.44,0.1495,0.0,BTC-4OCT19-9500-P,8198.32,0.0,0.143,4.0,0.188,4.0,158.76,1.80975,-13.31252,-1.40533,0.00019,-0.90118
174.58,SYN.ETH-4OCT19,1569668347894,open,0.43,0.0,0.391,0.481,0.433355,135.27,None,0.0,ETH-4OCT19-250-P,174.59,0.0,0.0,0.0,0.0,0.0,0.0,0.01181,-0.13591,-0.03965,0.00178,-0.97759
176.0,ETH-27MAR20,1569668347965,open,0.03,1068.0,0.014,0.053,0.032366,102.41,0.032,0.0,ETH-27MAR20-80-P,174.59,98.89,0.029,320.0,0.035,57.0,105.07,0.17171,-0.04861,-0.09185,0.00109,-0.07295
174.58,SYN.ETH-4OCT19,1569668348000,open,0.0,27.0,0.001,0.011,0.000719,135.27,0.001,0.0,ETH-4OCT19-260-C,174.59,0.0,0.0,0.0,0.0,0.0,0.0,0.00727,-0.08371,0.00034,0.0011,0.01271
174.49,SYN.ETH-29NOV19,1569668348018,open,0.24,0.0,0.2,0.313,0.25861,100.69,None,0.0,ETH-29NOV19-200-P,174.59,0.0,0.0,0.0,0.0,0.0,0.0,0.2845,-0.23149,-0.23874,0.00547,-0.54847
8198.72,SYN.BTC-4OCT19,1569668348049,open,0.4,0.0,0.3755,0.4335,0.40302905,108.48,None,0.0,BTC-4OCT19-11500-P,8198.32,0.0,0.011,26.0,0.0,0.0,0.0,0.23884,-2.20487,-1.8406,2e-05,-0.99157
8200.14,SYN.BTC-25OCT19,1569668348079,open,0.08,1109.5,0.0525,0.1195,0.08587036,91.5,0.0865,0.0,BTC-25OCT19-8000-P,8198.32,90.68,0.085,14.9,0.09,2.0,95.41,8.65769,-14.7379,-3.00315,0.00019,-0.41151
8199.19,SYN.BTC-11OCT19,1569668348083,open,0.34,0.0,0.316,0.3785,0.34530178,92.3,None,0.0,BTC-11OCT19-11000-P,8198.32,0.0,0.01,1.0,0.0,0.0,0.0,1.68529,-6.04069,-3.73524,8e-05,-0.94613
174.58,SYN.ETH-4OCT19,1569668348093,open,0.49,0.0,0.446,0.538,0.490001,135.27,None,0.0,ETH-4OCT19-260-P,174.59,0.0,0.0,0.0,0.0,0.0,0.0,0.00727,-0.08371,-0.04152,0.0011,-0.98729
176.0,ETH-27MAR20,1569668348123,open,0.09,1763.0,0.056,0.133,0.095065,95.3,0.109,0.0,ETH-27MAR20-120-P,174.59,92.03,0.089,320.0,0.101,24.0,98.47,0.32779,-0.08635,-0.24198,0.00224,-0.18238
8202.51,SYN.BTC-29NOV19,1569668348151,open,0.08,65.2,0.046,0.115,0.080106,93.72,0.08,0.0,BTC-29NOV19-7000-P,8198.32,90.72,0.076,19.3,0.085,10.0,97.29,11.22832,-8.50392,-4.91,0.00011,-0.273
174.58,SYN.ETH-4OCT19,1569668348178,open,0.0,8.0,0.001,0.011,0.000886,150.0,0.001,0.0,ETH-4OCT19-270-C,174.59,0.0,0.0,0.0,0.005,4.0,196.51,0.00793,-0.1012,0.00037,0.00108,0.01405
174.58,SYN.ETH-4OCT19,1569668348182,open,0.1,586.0,0.066,0.133,0.101807,101.51,0.104,0.0,ETH-4OCT19-160-C,174.59,85.77,0.096,40.0,0.103,30.0,104.59,0.06713,-0.57986,0.0188,0.01348,0.77082
176.0,ETH-27MAR20,1569668348203,open,0.3,338.0,0.239,0.344,0.296541,94.46,0.284,0.0,ETH-27MAR20-160-C,174.59,89.47,0.284,300.0,0.303,300.0,97.04,0.44137,-0.11525,0.33697,0.00304,0.6829
174.49,SYN.ETH-29NOV19,1569668348238,open,0.07,0.0,0.044,0.12,0.082946,100.69,None,0.0,ETH-29NOV19-220-C,174.59,94.19,0.073,220.0,0.085,1.0,102.02,0.26943,-0.21923,0.08271,0.00518,0.36254
174.58,SYN.ETH-4OCT19,1569668348266,open,0.54,0.0,0.502,0.598,0.547448,150.0,None,0.0,ETH-4OCT19-270-P,174.59,0.0,0.0,0.0,0.0,0.0,0.0,0.00793,-0.1012,-0.04309,0.00108,-0.98595
8198.72,SYN.BTC-4OCT19,1569668348272,open,0.08,73.1,0.049,0.1055,0.07819699,92.93,0.073,0.0,BTC-4OCT19-7750-C,8198.32,80.88,0.073,6.0,0.077,2.0,90.19,3.59405,-28.42316,0.82611,0.00036,0.70412
176.0,ETH-27MAR20,1569668348278,open,0.21,1509.0,0.147,0.26,0.205632,94.46,0.241,0.0,ETH-27MAR20-160-P,174.59,94.21,0.205,5.0,0.213,324.0,97.4,0.44137,-0.11525,-0.45591,0.00304,-0.3171
8200.14,SYN.BTC-25OCT19,1569668348288,open,0.05,48.1,0.02,0.073,0.04543064,91.5,0.042,0.0,BTC-25OCT19-9500-C,8198.32,85.31,0.0395,12.0,0.0445,19.3,90.54,7.95436,-13.54042,1.65613,0.00018,0.31972
174.58,SYN.ETH-4OCT19,1569668348297,open,0.02,230.0,0.003,0.042,0.018288,101.51,0.017,0.0,ETH-4OCT19-160-P,174.59,92.78,0.015,123.0,0.021,120.0,108.46,0.06712,-0.57985,-0.00695,0.01348,-0.22918
8198.72,SYN.BTC-4OCT19,1569668348297,open,0.0,405.4,0.0005,0.012,0.0021646,90.59,0.0015,0.0,BTC-4OCT19-10000-C,8198.32,89.24,0.002,0.4,0.003,30.0,96.64,1.02806,-7.92482,0.05971,0.0001,0.0474
174.57,SYN.ETH-11OCT19,1569668348300,open,0.03,26.0,0.007,0.054,0.028388,101.44,0.029,0.0,ETH-11OCT19-200-C,174.59,87.33,0.02,120.0,0.028,90.0,100.81,0.10803,-0.42553,0.01476,0.00991,0.26811
174.58,SYN.ETH-4OCT19,1569668348350,open,0.0,20.0,0.001,0.011,0.000508,150.0,0.007,0.0,ETH-4OCT19-280-C,174.59,0.0,0.0,0.0,0.008,5.0,229.11,0.00512,-0.06531,0.00022,0.0007,0.00849
176.0,ETH-27MAR20,1569668348367,open,0.22,1116.0,0.155,0.266,0.214981,94.46,0.197,0.0,ETH-27MAR20-200-C,174.59,89.44,0.201,300.0,0.22,3.0,96.27,0.48944,-0.1278,0.29722,0.00338,0.55576
8200.14,SYN.BTC-25OCT19,1569668348379,open,0.06,342.2,0.032,0.092,0.06199758,91.5,0.06,0.0,BTC-25OCT19-9000-C,8198.32,85.28,0.0555,11.0,0.061,19.3,90.55,8.60229,-14.64338,2.04696,0.00019,0.40101
174.58,SYN.ETH-4OCT19,1569668348398,open,0.06,743.0,0.027,0.092,0.060934,93.44,0.063,0.0,ETH-4OCT19-170-C,174.59,81.19,0.055,90.0,0.064,90.0,99.73,0.08488,-0.67494,0.01548,0.01852,0.61163
174.49,SYN.ETH-29NOV19,1569668348414,open,0.33,0.0,0.282,0.402,0.343737,100.69,None,0.0,ETH-29NOV19-220-P,174.59,0.0,0.0,0.0,0.0,0.0,0.0,0.26943,-0.21923,-0.29024,0.00518,-0.63746
174.58,SYN.ETH-4OCT19,1569668348436,open,0.6,0.0,0.558,0.656,0.60435,150.0,None,0.0,ETH-4OCT19-280-P,174.59,0.0,0.0,0.0,0.0,0.0,0.0,0.00512,-0.06531,-0.04485,0.0007,-0.99151
174.57,SYN.ETH-11OCT19,1569668348442,open,0.17,0.0,0.129,0.218,0.17406,101.44,None,0.0,ETH-11OCT19-200-P,174.59,0.0,0.0,0.0,0.0,0.0,0.0,0.10803,-0.42553,-0.05579,0.00991,-0.73189
176.0,ETH-27MAR20,1569668348459,open,0.35,1917.0,0.279,0.417,0.351344,94.46,0.393,0.0,ETH-27MAR20-200-P,174.59,90.03,0.339,300.0,0.361,300.0,97.94,0.48944,-0.1278,-0.69388,0.00338,-0.44424
8335.43,BTC-27MAR20,1569668348516,open,3.79,1.0,3.707,3.922,3.80856,105.7,2.7125,0.0,BTC-27MAR20-40000-P,8198.32,0.0,0.08,1.0,0.0,0.0,0.0,5.1906,-1.5167,-196.91697,1e-05,-0.95869
176.0,ETH-27MAR20,1569668348535,open,0.16,1226.0,0.102,0.209,0.158756,94.95,0.149,0.0,ETH-27MAR20-240-C,174.59,92.16,0.151,300.0,0.166,18.0,97.55,0.49012,-0.12864,0.25258,0.00336,0.44835
174.49,SYN.ETH-29NOV19,1569668348539,open,0.05,2.0,0.028,0.095,0.060958,100.69,0.049,0.0,ETH-29NOV19-240-C,174.59,95.66,0.054,220.0,0.07,220.0,107.03,0.24481,-0.19919,0.06693,0.00471,0.28721
174.57,SYN.ETH-11OCT19,1569668348576,open,0.02,168.0,0.004,0.04,0.018378,101.44,0.011,0.0,ETH-11OCT19-210-C,174.59,88.05,0.012,120.0,0.018,70.0,100.69,0.08923,-0.35148,0.01062,0.00818,0.19088
8335.43,BTC-27MAR20,1569668348579,open,0.37,163.8,0.311,0.4385,0.37643942,87.28,0.3725,0.0,BTC-27MAR20-10000-P,8198.32,84.46,0.3685,3.6,0.384,9.0,89.98,23.40755,-5.64783,-36.02275,8e-05,-0.49565
8198.72,SYN.BTC-4OCT19,1569668348607,open,0.13,1.0,0.108,0.166,0.1362092,86.44,0.1625,0.0,BTC-4OCT19-9250-P,8198.32,0.0,0.1145,4.0,0.1565,4.0,140.98,2.4032,-17.67667,-1.30432,0.00026,-0.85205
176.0,ETH-27MAR20,1569668348621,open,0.52,132.0,0.442,0.597,0.522393,94.95,0.583,0.0,ETH-27MAR20-240-P,174.59,90.49,0.51,300.0,0.536,18.0,99.82,0.49012,-0.12864,-0.93674,0.00336,-0.55165
8200.14,SYN.BTC-25OCT19,1569668348637,open,0.94,0.0,0.9135,0.996,0.95259387,106.47,None,0.0,BTC-25OCT19-16000-P,8198.32,0.0,0.04,1.0,0.0,0.0,0.0,0.84414,-1.67201,-11.69887,2e-05,-0.98497
8200.14,SYN.BTC-25OCT19,1569668348664,open,0.2,0.0,0.1645,0.243,0.20394856,91.5,None,0.0,BTC-25OCT19-9500-P,8198.32,69.83,0.184,13.0,0.2135,13.0,101.19,7.95439,-13.5406,-5.3389,0.00018,-0.68028
8335.43,BTC-27MAR20,1569668348676,open,0.03,335.0,0.0125,0.051,0.02981358,94.04,0.0305,0.0,BTC-27MAR20-4000-P,8198.32,91.68,0.0275,10.0,0.0325,6.0,96.69,8.29909,-2.15735,-4.32602,3e-05,-0.07492
8335.43,BTC-27MAR20,1569668348678,open,0.03,135.4,0.0105,0.064,0.03222816,93.7,0.033,0.0,BTC-27MAR20-22000-C,8198.32,91.44,0.029,6.0,0.035,8.0,95.56,12.20093,-3.16025,3.90697,4e-05,0.12681
8200.14,SYN.BTC-25OCT19,1569668348685,open,0.16,539.3,0.1205,0.198,0.15954087,91.5,0.1575,0.0,BTC-25OCT19-9000-P,8198.32,89.07,0.157,14.4,0.1595,19.9,91.46,8.6023,-14.64351,-4.57992,0.00019,-0.59898
8198.72,SYN.BTC-4OCT19,1569668348699,open,0.22,76.6,0.196,0.251,0.22186775,90.59,0.245,0.0,BTC-4OCT19-10000-P,8198.32,0.0,0.2035,3.0,0.241,3.0,165.42,1.02812,-7.92536,-1.55007,0.0001,-0.95259
174.57,SYN.ETH-11OCT19,1569668348705,open,0.22,0.0,0.177,0.266,0.221334,101.44,None,0.0,ETH-11OCT19-210-P,174.59,0.0,0.0,0.0,0.0,0.0,0.0,0.08923,-0.35148,-0.06346,0.00818,-0.80912
174.49,SYN.ETH-29NOV19,1569668348705,open,0.42,0.0,0.374,0.498,0.436366,100.69,None,0.0,ETH-29NOV19-240-P,174.59,0.0,0.0,0.0,0.0,0.0,0.0,0.24481,-0.19919,-0.33993,0.00471,-0.71279
176.0,ETH-27MAR20,1569668348707,open,0.12,798.0,0.069,0.17,0.121149,96.22,0.114,0.0,ETH-27MAR20-280-C,174.59,93.5,0.114,260.0,0.128,24.0,98.8,0.46543,-0.1238,0.21213,0.00315,0.36437
8202.51,SYN.BTC-29NOV19,1569668348712,open,0.39,0.0,0.3455,0.4435,0.39397036,90.82,None,0.0,BTC-29NOV19-11000-P,8198.32,0.0,0.0005,1.0,0.0,0.0,0.0,11.26835,-8.26955,-15.55973,0.00011,-0.72502
8335.43,BTC-27MAR20,1569668348778,open,0.02,25.1,0.0045,0.0425,0.01826877,97.05,0.0185,0.0,BTC-27MAR20-28000-C,8198.32,95.24,0.0165,6.0,0.02,1.0,98.72,8.39599,-2.25241,2.38741,3e-05,0.07607
176.0,ETH-27MAR20,1569668348790,open,0.71,112.0,0.626,0.794,0.712058,96.22,0.769,0.0,ETH-27MAR20-280-P,174.59,75.05,0.659,10.0,0.739,10.0,106.25,0.46543,-0.1238,-1.17541,0.00315,-0.63563
8198.72,SYN.BTC-4OCT19,1569668348809,open,0.46,0.0,0.435,0.4955,0.46388522,114.63,None,0.0,BTC-4OCT19-12000-P,8198.32,0.0,0.05,2.0,0.0,0.0,0.0,0.16213,-1.58143,-1.92487,1e-05,-0.99456
174.58,SYN.ETH-4OCT19,1569668348831,open,0.02,234.0,0.002,0.04,0.017241,93.44,0.016,0.0,ETH-4OCT19-190-C,174.59,80.06,0.012,120.0,0.018,120.0,95.29,0.07132,-0.56711,0.00672,0.01556,0.25635
174.55,SYN.ETH-25OCT19,1569668348841,open,0.43,18.0,0.411,0.455,0.433072,127.96,0.411,0.0,ETH-25OCT19-100-C,174.59,0.0,0.0,0.0,0.0,0.0,0.0,0.0389,-0.09261,0.06802,0.00136,0.96229
174.49,SYN.ETH-29NOV19,1569668348844,open,0.04,1.0,0.018,0.075,0.045037,100.96,0.044,0.0,ETH-29NOV19-260-C,174.59,95.97,0.039,200.0,0.054,200.0,107.99,0.2161,-0.1763,0.05358,0.00415,0.22617
176.0,ETH-27MAR20,1569668348881,open,0.1,528.0,0.049,0.141,0.094827,97.61,0.104,0.0,ETH-27MAR20-320-C,174.59,94.79,0.088,260.0,0.101,24.0,100.12,0.43031,-0.11611,0.17832,0.00287,0.29928
174.57,SYN.ETH-11OCT19,1569668348881,open,0.32,0.0,0.293,0.344,0.318354,131.63,None,0.0,ETH-11OCT19-120-C,174.59,0.0,0.0,0.0,0.0,0.0,0.0,0.0341,-0.1743,0.03886,0.00241,0.94947
8199.19,SYN.BTC-11OCT19,1569668348900,open,0.12,0.3,0.0875,0.148,0.11889487,94.86,0.117,0.0,BTC-11OCT19-7500-C,8198.32,84.55,0.1125,7.0,0.121,6.0,98.19,5.16405,-19.02202,1.74495,0.00023,0.7222
8200.14,SYN.BTC-25OCT19,1569668348909,open,0.24,0.0,0.206,0.263,0.23489659,102.16,None,0.0,BTC-25OCT19-6500-C,8198.32,59.05,0.212,7.0,0.2565,7.0,131.94,5.50927,-10.47103,3.62734,0.00011,0.83566
8200.14,SYN.BTC-25OCT19,1569668348909,open,0.7,2.0,0.6745,0.7505,0.71027784,98.79,0.372,0.0,BTC-25OCT19-14000-P,8198.32,0.0,0.0,0.0,1.5,0.5,500.0,1.57001,-2.88551,-10.13728,3e-05,-0.96866
8202.51,SYN.BTC-29NOV19,1569668348911,open,0.41,0.0,0.3875,0.4365,0.41172044,105.68,None,0.0,BTC-29NOV19-5000-C,8198.32,0.0,0.1,1.0,0.0,0.0,0.0,5.3784,-4.59284,6.96097,4e-05,0.91233
174.55,SYN.ETH-25OCT19,1569668348914,open,0.01,3479.0,0.001,0.015,0.00598,127.96,0.005,0.0,ETH-25OCT19-100-P,174.59,118.1,0.004,1460.0,0.008,120.0,136.33,0.0389,-0.09261,-0.00562,0.00136,-0.03771
176.0,ETH-27MAR20,1569668348942,open,1.34,3.0,1.239,1.436,1.336088,101.06,1.39,0.0,ETH-27MAR20-400-P,174.59,0.0,1.268,6.0,1.376,6.0,118.94,0.35942,-0.10041,-1.85224,0.00232,-0.78764
176.0,ETH-27MAR20,1569668348960,open,0.91,7.0,0.823,1.001,0.913008,97.61,0.945,0.0,ETH-27MAR20-320-P,174.59,72.37,0.858,8.0,0.949,8.0,111.77,0.43031,-0.11611,-1.40744,0.00287,-0.70072
8200.14,SYN.BTC-25OCT19,1569668348977,open,0.3,0.0,0.2665,0.3435,0.30395105,91.5,None,0.0,BTC-25OCT19-10500-P,8198.32,0.0,0.2735,4.0,0.3305,4.0,123.11,6.07173,-10.33583,-6.71556,0.00013,-0.80828
174.55,SYN.ETH-25OCT19,1569668348985,open,0.33,6.0,0.299,0.356,0.327995,117.53,0.36,0.0,ETH-25OCT19-120-C,174.59,0.0,0.0,0.0,0.0,0.0,0.0,0.07758,-0.16963,0.07467,0.00294,0.90896
174.49,SYN.ETH-29NOV19,1569668348985,open,0.53,0.0,0.472,0.599,0.535062,100.96,None,0.0,ETH-29NOV19-260-P,174.59,0.0,0.0,0.0,0.0,0.0,0.0,0.2161,-0.1763,-0.38718,0.00415,-0.77383
8202.51,SYN.BTC-29NOV19,1569668349014,open,0.13,13.1,0.092,0.176,0.13445727,90.82,0.15,0.0,BTC-29NOV19-8000-P,8198.32,88.33,0.1305,14.4,0.142,22.4,95.56,13.04611,-9.57411,-7.42916,0.00013,-0.39982
174.57,SYN.ETH-11OCT19,1569668349016,open,0.01,0.0,0.001,0.017,0.005757,131.63,None,0.0,ETH-11OCT19-120-P,174.59,115.08,0.003,150.0,0.008,150.0,142.17,0.0341,-0.1743,-0.00347,0.00241,-0.05053
8200.14,SYN.BTC-25OCT19,1569668349018,open,0.03,513.4,0.012,0.058,0.03285449,91.5,0.028,0.0,BTC-25OCT19-10000-C,8198.32,85.75,0.028,13.0,0.032,39.3,90.5,7.06813,-12.03183,1.30998,0.00016,0.24981
174.58,SYN.ETH-4OCT19,1569668349029,open,0.01,675.0,0.001,0.024,0.007926,93.44,0.008,0.0,ETH-4OCT19-200-C,174.59,72.32,0.003,190.0,0.008,150.0,93.7,0.04893,-0.38905,0.00367,0.01067,0.13845
8199.19,SYN.BTC-11OCT19,1569668349037,open,0.02,22.3,0.0045,0.041,0.01978775,91.03,0.0195,0.0,BTC-11OCT19-9500-C,8198.32,83.99,0.016,24.0,0.0195,1.0,90.51,4.54702,-16.07364,0.576,0.00021,0.21893
174.55,SYN.ETH-25OCT19,1569668349058,open,0.02,3759.0,0.004,0.032,0.015484,117.53,0.016,0.0,ETH-25OCT19-120-P,174.59,116.44,0.015,10.0,0.016,460.0,118.69,0.07758,-0.16963,-0.01369,0.00294,-0.09104
8198.72,SYN.BTC-4OCT19,1569668349062,open,0.0,91.5,0.0005,0.0105,0.00098279,94.7,0.0005,0.0,BTC-4OCT19-10500-C,8198.32,94.95,0.001,1.0,0.0015,30.5,101.25,0.5628,-4.53541,0.0288,5e-05,0.02281
8335.43,BTC-27MAR20,1569668349076,open,0.02,98.2,0.004,0.0395,0.01642106,99.05,0.0135,0.0,BTC-27MAR20-30000-C,8198.31,96.32,0.014,6.0,0.019,19.0,101.71,7.73553,-2.11798,2.14522,2e-05,0.06836
8335.43,BTC-27MAR20,1569668349076,open,0.56,44.2,0.4945,0.6305,0.56295842,87.54,0.565,0.0,BTC-27MAR20-12000-P,8198.31,68.89,0.5145,3.0,0.609,3.0,104.29,22.4889,-5.44215,-48.51165,7e-05,-0.61148
8335.43,BTC-27MAR20,1569668349076,open,0.38,8.4,0.336,0.419,0.37931589,89.26,0.3495,0.0,BTC-27MAR20-6000-C,8198.31,0.0,0.19,0.2,0.68,1.0,249.22,16.48618,-4.06804,17.32763,5e-05,0.79881
8335.43,BTC-27MAR20,1569668349076,open,0.98,1.1,0.9165,1.059,0.98591752,89.74,0.911,0.0,BTC-27MAR20-16000-P,8198.31,61.45,0.9365,2.0,1.028,2.0,107.64,18.11128,-4.49284,-72.24588,6e-05,-0.76311
