underlying_price,underlying_index,timestamp,state,settlement_price,open_interest,min_price,max_price,mark_price,mark_iv,last_price,interest_rate,instrument_name,index_price,bid_iv,best_bid_price,best_bid_amount,best_ask_price,best_ask_amount,ask_iv,vega,theta,rho,gamma,delta
246.82,index_price,1559645939493,open,0.17,2.0,0.113,0.205,0.159055,104.47,0.167,0,ETH-14JUN19-280-P,246.82,75.23,0.145,60.0,0.157,60.0,100.56,0.13129,-0.6944,-0.06014,0.00762,-0.74153
246.82,index_price,1559645939493,open,0.23,0.0,0.195,0.274,0.234673,106.0,None,0,ETH-14JUN19-190-C,246.82,107.72,0.235,60.0,0.244,60.0,143.11,0.04592,-0.24644,0.04736,0.00263,0.94383
249.51,ETH-28JUN19,1559645939544,open,0.0,398.0,0.001,0.042,0.002009,116.37,0.003,0.0,ETH-28JUN19-480-C,246.82,106.33,0.001,200.0,0.003,445.0,123.28,0.03117,-0.07596,0.00297,0.00066,0.02021
246.82,index_price,1559645939555,open,0.07,180.0,0.038,0.117,0.077913,97.51,0.08,0,ETH-7JUN19-230-C,246.82,89.46,0.076,60.0,0.083,60.0,117.15,0.06045,-1.0248,0.01413,0.01292,0.80477
249.51,ETH-28JUN19,1559645939795,open,0.94,0.0,0.849,1.002,0.925857,116.98,None,0.0,ETH-28JUN19-480-P,246.82,0.0,0.0,0.0,0.0,0.0,0.0,0.03196,-0.07829,-0.31093,0.00067,-0.97919
246.82,index_price,1559645939941,open,0.0,730.0,0.001,0.041,0.001003,111.58,0.002,0,ETH-7JUN19-300-C,246.82,0.0,0.0,0.0,0.002,100.0,125.78,0.01382,-0.24759,0.00051,0.00258,0.02739
8056.81,BTC-27SEP19,1559645939955,open,0.07,275.6,0.022,0.107,0.06444144,83.78,0.0615,0.0,BTC-27SEP19-6000-P,7952.13,82.5,0.0625,10.0,0.0675,4.9,85.74,12.43466,-4.53417,-6.5615,7e-05,-0.1943
8056.81,BTC-27SEP19,1559645939956,open,0.18,1006.7,0.1485,0.228,0.18819312,83.54,0.184,0.0,BTC-27SEP19-8000-C,7952.13,81.39,0.1835,8.6,0.193,11.2,85.77,17.47956,-6.35582,10.40448,0.0001,0.59849
8056.81,BTC-27SEP19,1559645939974,open,0.27,85.6,0.2105,0.311,0.26073334,83.89,0.265,0.0,BTC-27SEP19-9000-P,7952.13,81.09,0.2545,3.6,0.266,3.6,86.22,18.03187,-6.5842,-19.29017,0.00011,-0.49996
246.82,index_price,1559645940173,open,0.0,1463.0,0.001,0.044,0.004586,104.93,0.006,0,ETH-7JUN19-220-P,246.82,101.06,0.004,10.0,0.006,371.0,113.5,0.03845,-0.70144,-0.00203,0.00763,-0.09999
246.82,index_price,1559645940177,open,0.01,500.0,0.001,0.052,0.012084,104.47,0.014,0,ETH-14JUN19-300-C,246.82,92.78,0.008,149.0,0.014,100.0,109.39,0.09337,-0.49386,0.00901,0.00542,0.14696
246.82,index_price,1559645940187,open,0.0,30.0,0.001,0.043,0.003961,105.82,0.007,0,ETH-14JUN19-330-C,246.82,0.0,0.0,0.0,0.006,100.0,115.46,0.04638,-0.24847,0.00353,0.00266,0.05688
249.51,ETH-28JUN19,1559645940201,open,0.01,6850.0,0.001,0.046,0.006681,101.95,0.005,0.0,ETH-28JUN19-170-P,246.82,91.2,0.004,390.0,0.009,390.0,109.54,0.07056,-0.15065,-0.01,0.0017,-0.05458
246.82,index_price,1559645940320,open,0.0,391.0,0.001,0.04,0.000719,116.48,0.002,0,ETH-7JUN19-200-P,246.82,0.0,0.0,0.0,0.001,105.0,122.75,0.00992,-0.17754,-0.00037,0.00177,-0.01848
246.82,index_price,1559645940329,open,0.0,450.0,0.001,0.042,0.002026,108.58,0.004,0,ETH-14JUN19-350-C,246.82,0.0,0.0,0.0,0.004,72.0,122.34,0.02838,-0.15604,0.00193,0.00159,0.031
246.82,index_price,1559645940339,open,0.01,177.0,0.001,0.048,0.008654,104.79,0.01,0,ETH-7JUN19-270-C,246.82,97.42,0.007,146.0,0.011,240.0,114.5,0.05732,-1.04445,0.00332,0.0114,0.17918
249.51,ETH-28JUN19,1559645940352,open,0.0,5036.0,0.001,0.044,0.004557,105.96,0.009,0.0,ETH-28JUN19-160-P,246.82,97.7,0.003,500.0,0.006,240.0,112.28,0.05267,-0.11688,-0.00694,0.00122,-0.03794
246.82,index_price,1559645940364,open,0.0,2135.0,0.001,0.041,0.001443,104.93,0.001,0,ETH-7JUN19-210-P,246.82,0.0,0.0,0.0,0.003,523.0,122.2,0.01789,-0.32645,-0.00076,0.00355,-0.03745
246.82,index_price,1559645940367,open,0.0,120.0,0.001,0.041,0.001516,110.57,0.002,0,ETH-14JUN19-360-C,246.82,0.0,0.0,0.0,0.003,100.0,123.43,0.02262,-0.12661,0.00148,0.00124,0.02361
249.51,ETH-28JUN19,1559645940366,open,0.02,4722.0,0.001,0.055,0.014892,97.15,0.013,0.0,ETH-28JUN19-190-P,246.82,93.12,0.013,147.0,0.017,240.0,101.37,0.12083,-0.24582,-0.02056,0.00305,-0.11107
246.82,index_price,1559645940373,open,0.0,0.0,0.001,0.042,0.002773,106.83,None,0,ETH-14JUN19-340-C,246.82,0.0,0.0,0.0,0.005,100.0,119.58,0.03597,-0.19456,0.00258,0.00204,0.04139
246.82,index_price,1559645940430,open,0.0,548.0,0.001,0.04,0.000491,140.76,0.001,0,ETH-7JUN19-330-C,246.82,0.0,0.0,0.0,0.001,250.0,155.09,0.00677,-0.12127,0.00022,0.001,0.01185
249.51,ETH-28JUN19,1559645940437,open,0.22,2145.0,0.181,0.26,0.22004,95.37,0.28,0.0,ETH-28JUN19-200-C,246.82,88.52,0.216,48.0,0.224,48.0,101.87,0.14997,-0.29952,0.10253,0.00386,0.84821
254.77,ETH-27SEP19,1559645940459,open,0.04,303.0,0.001,0.078,0.038137,106.89,0.04,0.0,ETH-27SEP19-560-C,246.79,104.51,0.035,48.0,0.042,150.0,109.72,0.34118,-0.15873,0.09403,0.00156,0.15541
254.77,ETH-27SEP19,1559645940460,open,0.35,743.0,0.318,0.397,0.357581,92.3,0.337,0.0,ETH-27SEP19-180-C,246.79,0.0,0.23,1.0,0.5,1.0,183.89,0.37007,-0.14867,0.3738,0.00196,0.82377
254.77,ETH-27SEP19,1559645940460,open,0.33,88.0,0.272,0.376,0.323972,93.23,0.279,0.0,ETH-27SEP19-300-P,246.79,89.21,0.315,36.0,0.331,36.0,96.37,0.56946,-0.23107,-0.67699,0.00299,-0.52033
249.52,ETH-28JUN19,1559645940460,open,0.62,0.0,0.544,0.672,0.607909,102.99,None,0.0,ETH-28JUN19-400-P,246.79,0.0,0.0,0.0,0.0,0.0,0.0,0.06421,-0.13849,-0.25453,0.00153,-0.95153
249.52,ETH-28JUN19,1559645940460,open,0.64,0.0,0.6,0.679,0.639569,149.16,None,0.0,ETH-28JUN19-90-C,246.79,0.0,0.002,5.0,0.0,0.0,0.0,0.00422,-0.01317,0.05849,7e-05,0.99791
246.79,index_price,1559645940459,open,0.43,0.0,0.364,0.476,0.420063,107.07,None,0,ETH-14JUN19-350-P,246.79,0.0,0.0,0.0,0.0,0.0,0.0,0.02685,-0.14554,-0.09289,0.00152,-0.97101
254.74,ETH-27SEP19,1559645940461,open,0.07,4776.0,0.022,0.106,0.0641,92.28,0.06,0.0,ETH-27SEP19-180-P,246.79,88.74,0.059,48.0,0.068,182.0,94.95,0.37008,-0.14864,-0.19271,0.00196,-0.17627
254.74,ETH-27SEP19,1559645940461,open,0.52,81.0,0.452,0.572,0.51249,96.24,0.428,0.0,ETH-27SEP19-360-P,246.79,0.0,0.001,50.0,0.0,0.0,0.0,0.53228,-0.22296,-0.92764,0.00271,-0.64455
249.52,ETH-28JUN19,1559645940460,open,0.0,4769.0,0.001,0.04,0.000679,121.88,0.001,0.0,ETH-28JUN19-120-P,246.79,0.0,0.0,0.0,0.001,100.0,128.18,0.01107,-0.02824,-0.00111,0.00022,-0.00613
246.79,index_price,1559645940459,open,0.03,354.0,0.001,0.068,0.028677,97.65,0.034,0,ETH-7JUN19-250-C,246.79,90.05,0.026,115.0,0.034,254.0,112.75,0.0869,-1.47556,0.00835,0.01855,0.45789
249.52,ETH-28JUN19,1559645940462,open,0.36,922.0,0.324,0.403,0.3633,105.83,0.363,0.0,ETH-28JUN19-160-C,246.79,0.0,0.1,3.0,0.0,0.0,0.0,0.05249,-0.11633,0.09776,0.00122,0.96222
254.74,ETH-27SEP19,1559645940462,open,0.31,1728.0,0.269,0.348,0.308835,92.33,0.32,0.0,ETH-27SEP19-200-C,246.79,88.34,0.302,12.0,0.315,12.0,95.91,0.43803,-0.17603,0.3666,0.00232,0.7661
246.79,index_price,1559645940459,open,0.03,11.0,0.001,0.074,0.03426,104.53,0.026,0,ETH-14JUN19-270-C,246.79,97.32,0.03,1.0,0.038,130.0,110.75,0.14721,-0.77908,0.01982,0.00855,0.33113
249.52,ETH-28JUN19,1559645940462,open,0.6,0.0,0.56,0.639,0.599897,149.53,None,0.0,ETH-28JUN19-100-C,246.79,0.0,0.0,0.0,0.0,0.0,0.0,0.00908,-0.02843,0.0645,0.00015,0.99509
246.79,index_price,1559645940459,open,0.15,341.0,0.093,0.184,0.138511,104.51,0.177,0,ETH-7JUN19-280-P,246.79,0.0,0.131,60.0,0.138,60.0,100.98,0.03683,-0.66922,-0.0203,0.00734,-0.90568
246.79,index_price,1559645940459,open,0.01,52.0,0.001,0.053,0.012881,99.5,0.01,0,ETH-14JUN19-210-P,246.79,91.39,0.01,143.0,0.016,143.0,107.6,0.09154,-0.46113,-0.01039,0.00558,-0.14272
246.79,index_price,1559645940459,open,0.12,0.0,0.09,0.169,0.129954,98.34,None,0,ETH-14JUN19-220-C,246.79,98.43,0.13,60.0,0.14,60.0,118.41,0.11842,-0.58959,0.04378,0.00731,0.7856
246.79,index_price,1559645940460,open,0.39,106.0,0.323,0.433,0.377939,141.36,0.189,0,ETH-7JUN19-340-P,246.79,0.0,0.0,0.0,0.48,2.0,500.0,0.00393,-0.09654,-0.02667,0.00058,-0.99363
246.79,index_price,1559645940459,open,0.14,258.0,0.111,0.19,0.15062,106.27,0.166,0,ETH-7JUN19-210-C,246.79,96.82,0.15,60.0,0.156,60.0,151.4,0.01862,-0.34397,0.01575,0.00365,0.96068
254.77,ETH-27SEP19,1559645940524,open,0.1,1312.0,0.06,0.139,0.09945,96.3,0.114,0.0,ETH-27SEP19-360-C,246.79,93.68,0.094,233.0,0.105,133.0,98.95,0.53251,-0.22321,0.20552,0.00271,0.35576
246.79,index_price,1559645940537,open,0.08,597.0,0.028,0.112,0.070022,102.67,0.068,0,ETH-7JUN19-260-P,246.79,75.06,0.062,180.0,0.07,180.0,102.6,0.07608,-1.35808,-0.01499,0.01544,-0.70077
7952.13,index_price,1559645940599,open,0.15,22.8,0.09,0.1805,0.13514465,99.08,0.1385,0,BTC-7JUN19-9000-P,7952.13,0.0,0.1285,0.1,0.1425,10.0,138.44,1.11151,-19.14885,-0.65708,0.00023,-0.91364
7986.36,BTC-28JUN19,1559645940876,open,0.23,23.1,0.172,0.2695,0.22081297,88.44,0.175,0.0,BTC-28JUN19-9500-P,7952.13,39.68,0.1915,0.1,0.3485,1.0,220.08,6.57888,-12.18445,-5.03774,0.00018,-0.74351
8057.15,BTC-27SEP19,1559645940930,open,0.02,16.5,0.0005,0.0625,0.02293786,96.89,0.0295,0.0,BTC-27DEC19-28000-C,7952.13,94.81,0.0205,10.0,0.025,6.0,98.56,9.7327,-2.29033,2.99529,3e-05,0.08885
249.52,ETH-28JUN19,1559645940935,open,0.08,5912.0,0.034,0.12,0.077031,95.07,0.08,0.0,ETH-28JUN19-240-P,246.79,91.96,0.074,102.0,0.08,192.0,98.08,0.2447,-0.48719,-0.07609,0.00632,-0.38914
254.77,ETH-27SEP19,1559645940940,open,0.13,2006.0,0.085,0.174,0.129518,92.3,0.089,0.0,ETH-27SEP19-220-P,246.79,88.41,0.122,128.0,0.134,157.0,94.62,0.49223,-0.19775,-0.33944,0.00261,-0.29381
7952.13,index_price,1559645940950,open,0.0,129.8,0.0005,0.04,0.00032607,134.92,0.0005,0,BTC-7JUN19-6000-P,7952.13,0.0,0.0,0.0,0.001,16.1,157.78,0.15356,-2.59296,-0.00517,2e-05,-0.00793
7952.13,index_price,1559645940970,open,0.16,15.1,0.104,0.1955,0.14960471,90.22,0.1495,0,BTC-14JUN19-9000-P,7952.13,72.28,0.1415,5.0,0.158,5.0,106.41,3.90953,-17.85733,-1.99228,0.00025,-0.77636
8057.15,BTC-27SEP19,1559645941043,open,1.77,0.0,1.631,1.85,1.74054672,95.33,None,0.0,BTC-27SEP19-22000-P,7952.13,0.0,0.006,10.0,0.0,0.0,0.0,4.92699,-2.04428,-68.13577,3e-05,-0.9464
8057.15,BTC-27SEP19,1559645941043,open,0.01,150.4,0.0005,0.0475,0.00766265,97.07,0.008,0.0,BTC-27SEP19-24000-C,7952.13,93.48,0.006,15.0,0.0095,6.0,100.51,4.02405,-1.7002,0.86154,2e-05,0.04164
7952.13,index_price,1559645941268,open,0.02,124.2,0.0005,0.068,0.02824757,87.77,0.0295,0,BTC-7JUN19-8000-C,7952.13,80.0,0.0255,28.0,0.0315,18.0,96.96,2.81387,-42.94064,0.28604,0.00064,0.48481
8057.26,BTC-27SEP19,1559645941368,open,0.36,231.0,0.3235,0.403,0.36315437,84.43,0.3605,0.0,BTC-27SEP19-5500-C,7952.13,0.0,0.004,0.6,0.459,3.0,150.14,10.46783,-3.84665,12.38415,6e-05,0.85152
7986.42,BTC-28JUN19,1559645941368,open,0.0,1360.6,0.0005,0.04,0.00025401,123.15,0.0005,0.0,BTC-28JUN19-20000-C,7952.13,0.0,0.0,0.0,0.0005,10.9,131.34,0.18215,-0.46976,0.01391,0.0,0.00292
8057.26,BTC-27SEP19,1559645941370,open,0.54,0.0,0.505,0.5845,0.5445381,90.88,None,0.0,BTC-27SEP19-3750-C,7952.13,0.0,0.006,10.0,0.7385,10.0,298.54,3.86611,-1.52935,10.54478,2e-05,0.96037
8057.26,BTC-27SEP19,1559645941398,open,0.43,13.5,0.396,0.4755,0.43582253,86.19,0.382,0.0,BTC-27SEP19-4750-C,7952.13,0.0,0.0115,0.1,0.6985,5.0,298.84,7.40121,-2.77665,11.99887,4e-05,0.90899
7986.42,BTC-28JUN19,1559645941398,open,0.0,479.9,0.0005,0.0415,0.00154093,98.91,0.001,0.0,BTC-28JUN19-14000-C,7952.13,93.47,0.001,13.5,0.002,24.0,102.58,0.91282,-1.89076,0.08703,2e-05,0.0182
7986.42,BTC-28JUN19,1559645941398,open,0.0,1396.0,0.0005,0.04,2e-08,135.0,0.001,0.0,BTC-28JUN19-1500-P,7952.13,0.0,0.0,0.0,0.0005,90.1,258.46,3e-05,-8e-05,0.0,0.0,0.0
7952.13,index_price,1559645941409,open,0.18,20.7,0.1445,0.224,0.18419617,128.41,0.255,0,BTC-7JUN19-6500-C,7952.13,0.0,0.0005,3.0,0.203,3.0,253.0,0.53148,-11.86575,0.48987,8e-05,0.96608
249.49,ETH-28JUN19,1559645941459,open,0.18,274.0,0.13,0.224,0.176948,96.99,0.141,0.0,ETH-28JUN19-280-P,246.81,90.77,0.171,144.0,0.181,144.0,101.18,0.24018,-0.48785,-0.13226,0.00608,-0.63347
254.75,ETH-27SEP19,1559645941459,open,0.46,31.0,0.39,0.505,0.447386,95.36,0.368,0.0,ETH-27SEP19-340-P,246.81,90.51,0.437,36.0,0.453,36.0,97.95,0.54943,-0.22804,-0.84556,0.00282,-0.60723
254.75,ETH-27SEP19,1559645941460,open,0.14,1612.0,0.107,0.186,0.14644,93.24,0.159,0.0,ETH-27SEP19-300-C,246.81,91.25,0.142,223.0,0.154,159.0,96.62,0.56941,-0.23108,0.26715,0.00299,0.47964
254.75,ETH-27SEP19,1559645941460,open,0.1,2858.0,0.051,0.137,0.093857,92.28,0.075,0.0,ETH-27SEP19-200-P,246.81,88.28,0.087,48.0,0.095,5.0,92.95,0.43799,-0.17593,-0.26275,0.00232,-0.23385
249.49,ETH-28JUN19,1559645941460,open,0.0,3083.0,0.001,0.04,0.000683,149.94,0.001,0.0,ETH-28JUN19-100-P,246.81,0.0,0.0,0.0,0.002,300.0,173.67,0.00923,-0.02897,-0.00093,0.00015,-0.005
254.75,ETH-27SEP19,1559645941460,open,0.04,126.0,0.005,0.084,0.044283,104.65,0.045,0.0,ETH-27SEP19-520-C,246.81,102.37,0.041,48.0,0.048,149.0,107.15,0.37278,-0.1698,0.10745,0.00174,0.1783
249.49,ETH-28JUN19,1559645941460,open,0.31,51.0,0.255,0.359,0.30712,98.93,0.211,0.0,ETH-28JUN19-320-P,246.81,0.0,0.001,50.0,0.0,0.0,0.0,0.1763,-0.36527,-0.18139,0.00438,-0.80432
246.81,index_price,1559645941459,open,0.22,61.0,0.191,0.27,0.230821,138.48,0.205,0,ETH-7JUN19-190-C,246.81,0.0,0.23,60.0,0.236,60.0,209.04,0.00795,-0.19142,0.01468,0.0012,0.98573
249.49,ETH-28JUN19,1559645941460,open,0.4,481.0,0.362,0.441,0.401286,106.45,0.46,0.0,ETH-28JUN19-150-C,246.81,0.0,0.021,1.0,0.5,200.0,324.14,0.03412,-0.07606,0.09404,0.00079,0.97751
246.81,index_price,1559645941460,open,0.18,312.0,0.151,0.23,0.190316,114.83,0.206,0,ETH-7JUN19-200-C,246.81,104.66,0.19,60.0,0.196,60.0,180.22,0.00935,-0.18672,0.01541,0.0017,0.98275
249.49,ETH-28JUN19,1559645941461,open,0.25,586.0,0.214,0.293,0.253425,97.29,0.334,0.0,ETH-28JUN19-190-C,246.81,89.88,0.25,48.0,0.257,48.0,104.36,0.12107,-0.24666,0.10366,0.00306,0.88861
249.49,ETH-28JUN19,1559645941460,open,0.04,2529.0,0.001,0.077,0.037005,98.25,0.034,0.0,ETH-28JUN19-300-C,246.81,94.67,0.034,137.0,0.041,329.0,102.91,0.2116,-0.43537,0.03828,0.00529,0.27158
254.75,ETH-27SEP19,1559645941461,open,0.09,1170.0,0.048,0.127,0.087465,96.93,0.094,0.0,ETH-27SEP19-380-C,246.81,94.7,0.083,100.0,0.088,600.0,97.2,0.51209,-0.21605,0.18765,0.00259,0.32151
249.49,ETH-28JUN19,1559645941461,open,0.0,7782.0,0.001,0.042,0.002009,122.29,0.002,0.0,ETH-28JUN19-500-C,246.81,111.89,0.001,200.0,0.003,250.0,129.45,0.03011,-0.07712,0.00284,0.0006,0.0194
254.75,ETH-27SEP19,1559645941461,open,0.03,1256.0,0.001,0.073,0.033091,108.89,0.032,0.0,ETH-27SEP19-600-C,246.81,106.31,0.03,60.0,0.036,150.0,111.22,0.31241,-0.14807,0.08279,0.0014,0.13635
249.49,ETH-28JUN19,1559645941461,open,0.0,2026.0,0.001,0.04,0.000275,149.97,0.001,0.0,ETH-28JUN19-90-P,246.81,0.0,0.0,0.0,0.001,150.0,174.36,0.00439,-0.01377,-0.0004,7e-05,-0.00219
246.81,index_price,1559645941459,open,0.19,0.0,0.158,0.237,0.197003,101.16,None,0,ETH-14JUN19-200-C,246.81,104.82,0.198,60.0,0.207,60.0,132.33,0.06537,-0.33481,0.04768,0.00392,0.91102
254.77,ETH-27SEP19,1559645941462,open,0.0,1743.0,0.001,0.042,0.002488,102.12,0.003,0.0,ETH-27SEP19-80-P,246.81,0.0,0.0,0.0,0.005,150.0,114.93,0.03971,-0.01765,-0.01041,0.00019,-0.01049
254.77,ETH-27SEP19,1559645941462,open,0.13,758.0,0.087,0.166,0.126982,93.74,0.122,0.0,ETH-27SEP19-320-C,246.81,91.94,0.123,226.0,0.13,30.0,95.11,0.56197,-0.2293,0.24482,0.00293,0.43231
249.49,ETH-28JUN19,1559645941462,open,0.46,0.0,0.396,0.511,0.453454,100.27,None,0.0,ETH-28JUN19-360-P,246.81,0.0,0.442,1.0,0.0,0.0,0.0,0.10911,-0.2291,-0.22145,0.00267,-0.90349
254.77,ETH-27SEP19,1559645941462,open,0.26,807.0,0.226,0.305,0.265942,92.27,0.254,0.0,ETH-27SEP19-220-C,246.81,88.68,0.259,116.0,0.272,116.0,95.41,0.49223,-0.19769,0.353,0.00261,0.70619
249.49,ETH-28JUN19,1559645941462,open,0.25,141.0,0.19,0.288,0.239313,98.08,0.265,0.0,ETH-28JUN19-300-P,246.81,91.69,0.234,48.0,0.243,48.0,102.38,0.21141,-0.43422,-0.15801,0.00529,-0.72892
249.49,ETH-28JUN19,1559645941462,open,0.08,2129.0,0.04,0.119,0.079762,95.67,0.071,0.0,ETH-28JUN19-260-C,246.81,91.98,0.076,115.0,0.085,259.0,100.81,0.25429,-0.50946,0.06557,0.00653,0.48154
246.81,index_price,1559645941459,open,0.2,0.0,0.145,0.24,0.192459,104.65,None,0,ETH-14JUN19-290-P,246.81,67.84,0.179,60.0,0.189,60.0,96.81,0.11278,-0.59751,-0.06645,0.00654,-0.80256
246.81,index_price,1559645941460,open,0.19,570.0,0.131,0.224,0.177103,109.34,0.173,0,ETH-7JUN19-290-P,246.81,0.0,0.001,30.0,0.176,60.0,95.47,0.0238,-0.45241,-0.02185,0.00453,-0.94663
246.81,index_price,1559645941459,open,0.11,340.0,0.059,0.146,0.102681,105.12,0.138,0,ETH-7JUN19-270-P,246.81,59.87,0.095,60.0,0.102,60.0,102.15,0.05746,-1.05019,-0.01794,0.01139,-0.82012
246.81,index_price,1559645941459,open,0.1,1.0,0.062,0.141,0.101964,98.04,0.138,0,ETH-14JUN19-230-C,246.81,94.61,0.1,60.0,0.113,60.0,116.99,0.14162,-0.703,0.03979,0.00876,0.69778
246.81,index_price,1559645941459,open,0.0,417.0,0.001,0.04,0.000214,149.97,0.005,0,ETH-7JUN19-350-C,246.81,0.0,0.0,0.0,0.001,250.0,180.92,0.00332,-0.05292,0.0001,0.00046,0.00527
8057.26,BTC-27SEP19,1559645941553,open,0.01,382.8,0.0005,0.0475,0.00754721,92.29,0.005,0.0,BTC-27SEP19-3500-P,7952.13,88.07,0.006,15.0,0.0095,21.0,96.99,3.14215,-1.26213,-0.97205,2e-05,-0.03079
7986.42,BTC-28JUN19,1559645941571,open,0.08,714.2,0.049,0.1285,0.08896987,88.14,0.088,0.0,BTC-28JUN19-8000-C,7952.13,85.21,0.086,5.3,0.0925,11.6,91.62,8.10386,-14.95805,2.36608,0.00022,0.54188
8057.26,BTC-27SEP19,1559645941573,open,0.44,55.9,0.402,0.4815,0.44170977,83.77,0.47,0.0,BTC-27DEC19-5000-C,7952.13,0.0,0.0065,0.2,0.4615,15.0,95.2,13.57597,-2.76213,18.93491,4e-05,0.85835
8057.26,BTC-27SEP19,1559645941573,open,0.02,87.4,0.0005,0.0635,0.02282175,90.44,0.0195,0.0,BTC-27DEC19-3500-P,7952.13,88.33,0.021,6.0,0.0255,10.0,93.43,7.07042,-1.55307,-3.69756,2e-05,-0.05854
7986.42,BTC-28JUN19,1559645941576,open,0.0,387.0,0.0005,0.042,0.00238848,93.86,0.002,0.0,BTC-28JUN19-13000-C,7952.13,87.65,0.0015,0.5,0.0035,24.0,99.82,1.31634,-2.58747,0.13433,3e-05,0.0281
7986.42,BTC-28JUN19,1559645941576,open,0.53,30.0,0.491,0.5705,0.53093651,120.48,0.298,0.0,BTC-28JUN19-3750-C,7952.13,0.0,0.0015,4.0,0.7125,3.0,500.0,0.27206,-0.68641,2.42663,1e-05,0.99544
7986.42,BTC-28JUN19,1559645941576,open,0.56,143.2,0.5225,0.602,0.56238384,134.83,0.5915,0.0,BTC-28JUN19-3500-C,7952.13,0.0,0.15,0.1,0.7245,3.0,500.0,0.30387,-0.85799,2.2592,1e-05,0.99484
8057.26,BTC-27SEP19,1559645941578,open,1.55,0.0,1.4255,1.627,1.52628122,90.96,None,0.0,BTC-27DEC19-20000-P,7952.13,0.0,0.006,5.0,2.3895,0.2,500.0,14.79878,-3.26918,-107.48187,4e-05,-0.83874
8057.26,BTC-27SEP19,1559645941580,open,2.02,0.0,1.8675,2.1055,1.98650911,97.4,None,0.0,BTC-27SEP19-24000-P,7952.13,0.0,0.0,0.0,0.0,0.0,0.0,4.0783,-1.72898,-74.65977,2e-05,-0.95767
8057.26,BTC-27SEP19,1559645941609,open,0.68,0.0,0.6,0.7325,0.6662481,87.09,None,0.0,BTC-27SEP19-13000-P,7952.13,0.0,0.0065,0.1,1.412,0.3,500.0,13.76635,-5.21838,-36.38986,8e-05,-0.76877
8057.26,BTC-27SEP19,1559645941633,open,0.8,0.0,0.709,0.851,0.77982101,88.08,None,0.0,BTC-27SEP19-14000-P,7952.13,0.0,0.0065,0.1,1.529,0.3,500.0,12.33956,-4.73043,-40.26832,7e-05,-0.80814
8057.26,BTC-27SEP19,1559645941671,open,0.19,173.8,0.134,0.228,0.18114213,83.57,0.189,0.0,BTC-27SEP19-8000-P,7952.13,82.12,0.178,5.0,0.1855,4.9,85.58,17.47972,-6.3579,-14.77337,0.0001,-0.40144
8057.26,BTC-27SEP19,1559645941690,open,0.11,845.9,0.071,0.1505,0.11076587,84.7,0.104,0.0,BTC-27SEP19-10000-C,7952.13,82.75,0.1065,13.6,0.114,12.7,86.18,17.61335,-6.49363,7.69241,0.0001,0.41411
7952.13,index_price,1559645941706,open,0.04,298.0,0.0005,0.0755,0.03426734,87.77,0.038,0,BTC-7JUN19-8000-P,7952.13,77.12,0.0305,18.0,0.0365,18.0,94.08,2.81387,-42.94064,-0.34425,0.00064,-0.51519
8057.26,BTC-27SEP19,1559645941725,open,1.28,1.0,1.164,1.3435,1.25382556,92.5,1.5815,0.0,BTC-27SEP19-18000-P,7952.13,0.0,0.0065,0.1,2.001,0.3,500.0,7.85158,-3.16099,-54.65313,4e-05,-0.9014
8057.26,BTC-27SEP19,1559645941762,open,0.01,178.6,0.0005,0.05,0.00985536,99.28,0.0095,0.0,BTC-27DEC19-2500-P,7952.13,96.19,0.0085,10.0,0.012,10.0,103.77,3.66058,-0.88266,-1.63176,1e-05,-0.02605
8057.26,BTC-27SEP19,1559645941762,open,0.05,184.6,0.014,0.0935,0.0539508,89.12,0.0555,0.0,BTC-27DEC19-18000-C,7952.13,87.67,0.051,4.9,0.057,4.9,90.59,16.58869,-3.59054,6.32743,5e-05,0.19318
8057.26,BTC-27SEP19,1559645941781,open,0.81,42.8,0.7755,0.855,0.81514005,133.42,0.815,0.0,BTC-27SEP19-1500-C,7952.13,0.0,0.0,0.0,0.0,0.0,0.0,0.58249,-0.33827,4.57633,0.0,0.99561
8057.26,BTC-27SEP19,1559645941793,open,0.03,201.9,0.0005,0.066,0.02636246,95.49,0.03,0.0,BTC-27DEC19-26000-C,7952.13,93.67,0.024,10.0,0.0285,6.0,97.06,10.70876,-2.48344,3.39883,3e-05,0.10115
7986.42,BTC-28JUN19,1559645941830,open,0.0,721.9,0.0005,0.041,0.00127567,106.22,0.002,0.0,BTC-28JUN19-15000-C,7952.13,103.04,0.001,6.0,0.0015,24.0,108.48,0.75012,-1.66866,0.06895,2e-05,0.01447
8057.26,BTC-27SEP19,1559645941830,open,0.11,185.3,0.0625,0.1505,0.10643477,82.16,0.113,0.0,BTC-27DEC19-6000-P,7952.13,80.82,0.1035,10.0,0.11,4.9,83.77,17.72119,-3.53583,-14.64628,6e-05,-0.21584
8057.26,BTC-27SEP19,1559645941830,open,0.04,33.7,0.0005,0.076,0.03602263,92.26,0.039,0.0,BTC-27DEC19-22000-C,7952.13,90.37,0.033,16.0,0.0385,6.0,93.76,13.13662,-2.94354,4.497,4e-05,0.13497
7986.42,BTC-28JUN19,1559645941890,open,0.01,683.1,0.0005,0.047,0.00696312,100.58,0.006,0.0,BTC-28JUN19-5500-P,7952.13,95.3,0.0055,34.0,0.0085,46.5,105.56,2.34395,-4.93698,-0.33525,6e-05,-0.05721
7986.42,BTC-28JUN19,1559645941902,open,0.06,457.5,0.018,0.1025,0.06014596,88.4,0.0585,0.0,BTC-28JUN19-7500-P,7952.13,85.6,0.0575,29.3,0.0635,31.1,91.94,7.54917,-13.97555,-2.13172,0.0002,-0.3479
7986.42,BTC-28JUN19,1559645941931,open,0.0,312.4,0.0005,0.0425,0.00283666,110.75,0.0025,0.0,BTC-28JUN19-4750-P,7952.13,99.71,0.0015,144.0,0.004,24.0,117.99,1.15669,-2.68272,-0.1406,3e-05,-0.02408
8057.26,BTC-27SEP19,1559645941935,open,0.75,28.2,0.714,0.7935,0.75378463,117.94,0.755,0.0,BTC-27SEP19-2000-C,7952.13,0.0,0.0075,0.1,0.957,5.0,500.0,0.9261,-0.47541,6.05576,0.0,0.99259
8057.26,BTC-27SEP19,1559645941944,open,0.31,718.9,0.28,0.3595,0.31973014,83.75,0.355,0.0,BTC-27SEP19-6000-C,7952.13,39.56,0.2635,0.1,0.329,6.0,89.69,12.43251,-4.5317,12.32525,7e-05,0.80577
8057.26,BTC-27SEP19,1559645941944,open,0.08,95.8,0.0385,0.118,0.07820799,86.77,0.079,0.0,BTC-27DEC19-15000-C,7952.13,85.04,0.074,14.9,0.0825,14.9,88.5,19.82174,-4.17692,8.49063,6e-05,0.26504
8057.26,BTC-27SEP19,1559645941944,open,0.04,165.9,0.004,0.0835,0.04391217,90.89,0.0455,0.0,BTC-27DEC19-20000-C,7952.13,89.27,0.041,9.0,0.0465,4.9,92.28,14.77888,-3.26213,5.31779,4e-05,0.16092
8057.26,BTC-27SEP19,1559645941984,open,0.53,27.1,0.497,0.5765,0.53677271,87.85,0.542,0.0,BTC-27DEC19-4000-C,7952.13,0.0,0.0195,0.1,0.6955,0.2,199.88,9.17104,-1.95664,17.32235,3e-05,0.91793
7952.13,index_price,1559645941996,open,0.0,168.3,0.0005,0.0415,0.00158728,128.41,0.0015,0,BTC-7JUN19-6500-P,7952.13,127.08,0.0015,96.5,0.002,17.7,134.18,0.53149,-11.866,-0.02224,8e-05,-0.03392
7986.42,BTC-28JUN19,1559645942034,open,0.37,691.1,0.338,0.4175,0.37783715,107.4,0.427,0.0,BTC-28JUN19-5000-C,7952.13,0.0,0.25,1.9,0.45,0.1,266.21,1.49328,-3.35858,3.07933,3e-05,0.96728
7952.13,index_price,1559645942062,open,0.0,550.8,0.0005,0.0405,0.00077324,122.53,0.0015,0,BTC-7JUN19-10000-C,7952.13,0.0,0.0,0.0,0.0015,9.9,135.98,0.34267,-6.14894,0.01209,6e-05,0.02006
8057.26,BTC-27SEP19,1559645942095,open,0.46,3.2,0.393,0.5085,0.45084577,85.39,0.481,0.0,BTC-27SEP19-11000-P,7952.13,39.93,0.375,0.1,1.179,0.3,500.0,16.57665,-6.16086,-28.14986,0.0001,-0.65923
8057.38,BTC-27SEP19,1559645942132,open,0.0,100.9,0.0005,0.0435,0.00363227,116.33,0.003,0.0,BTC-27DEC19-1500-P,7952.13,109.49,0.0025,0.3,0.005,10.0,123.05,1.48675,-0.42003,-0.57915,0.0,-0.00911
7986.48,BTC-28JUN19,1559645942147,open,0.75,20.1,0.71,0.7895,0.74956572,0.0,0.578,0.0,BTC-28JUN19-2000-C,7952.13,0.0,0.004,0.2,0.814,1.0,500.0,0.0,0.0,1.30826,0.0,1.0
8057.26,BTC-27SEP19,1559645942154,open,1.28,1.0,1.164,1.3435,1.25370511,92.5,1.5815,0.0,BTC-27SEP19-18000-P,7952.13,0.0,0.0065,0.1,2.0,0.3,500.0,7.85158,-3.16099,-54.65313,4e-05,-0.9014
7952.13,index_price,1559645942158,open,0.01,295.3,0.0005,0.0505,0.01062206,94.87,0.009,0,BTC-7JUN19-8500-C,7952.13,88.67,0.009,0.2,0.0115,24.0,98.12,2.12694,-35.08308,0.13549,0.00045,0.22689
8057.38,BTC-27SEP19,1559645942191,open,0.05,150.8,0.013,0.0925,0.05270621,87.04,0.052,0.0,BTC-27SEP19-13000-C,7952.13,85.14,0.0495,4.9,0.0555,14.3,88.66,13.75913,-5.21239,4.52147,8e-05,0.23101
8057.38,BTC-27SEP19,1559645942191,open,0.14,377.1,0.1045,0.184,0.14446937,84.29,0.1355,0.0,BTC-27DEC19-11000-C,7952.13,82.77,0.14,0.1,0.149,10.0,85.82,23.77322,-4.86637,12.99593,8e-05,0.43043
7986.48,BTC-28JUN19,1559645942215,open,0.0,685.1,0.0005,0.04,1.901e-05,135.01,0.001,0.0,BTC-28JUN19-2500-P,7952.13,0.0,0.0,0.0,0.001,10.0,197.24,0.01568,-0.04434,-0.00116,0.0,-0.0002
8057.38,BTC-27SEP19,1559645942215,open,0.58,4.0,0.5485,0.628,0.58840887,90.41,0.59,0.0,BTC-27DEC19-3500-C,7952.13,0.0,0.0065,1.1,0.995,1.0,500.0,7.06689,-1.55176,16.04692,2e-05,0.9415
8057.38,BTC-27SEP19,1559645942217,open,0.16,438.0,0.1265,0.206,0.16606126,81.9,0.172,0.0,BTC-27DEC19-10000-C,7952.13,81.88,0.166,25.6,0.1765,10.0,85.38,24.11828,-4.79704,14.38541,8e-05,0.48259
8057.38,BTC-27SEP19,1559645942246,open,0.48,0.2,0.449,0.5285,0.48871551,88.08,0.26,0.0,BTC-27SEP19-4250-C,7952.13,0.0,0.0115,0.1,0.7185,5.0,299.44,5.49517,-2.10657,11.404,3e-05,0.93842
7986.48,BTC-28JUN19,1559645942345,open,0.0,137.0,0.0005,0.0405,0.00050283,121.04,0.001,0.0,BTC-28JUN19-3750-P,7952.13,0.0,0.0,0.0,0.001,1.0,132.02,0.27966,-0.70887,-0.0272,1e-05,-0.0047
7986.48,BTC-28JUN19,1559645942345,open,0.01,551.8,0.0005,0.0495,0.00968324,89.16,0.0075,0.0,BTC-28JUN19-11000-C,7952.13,85.19,0.008,54.0,0.011,24.3,92.03,3.54632,-6.62148,0.46419,0.0001,0.09854
7986.48,BTC-28JUN19,1559645942345,open,0.59,0.1,0.5535,0.633,0.59336756,134.57,0.395,0.0,BTC-28JUN19-3250-C,7952.13,0.0,0.0015,1.4,0.7375,2.0,500.0,0.16891,-0.47604,2.11031,0.0,0.99732
8057.38,BTC-27SEP19,1559645942347,open,1.07,0.0,0.972,1.136,1.05385842,87.33,None,0.0,BTC-27DEC19-16000-P,7952.13,0.0,0.006,5.0,1.902,0.2,500.0,18.6556,-3.95668,-82.59944,6e-05,-0.76363
7986.48,BTC-28JUN19,1559645942412,open,0.68,24.4,0.647,0.7265,0.68698293,130.7,0.5115,0.0,BTC-28JUN19-2500-C,7952.13,0.0,0.0025,0.5,0.781,1.0,500.0,0.01075,-0.02942,1.63455,0.0,0.99986
7986.48,BTC-28JUN19,1559645942421,open,0.0,517.5,0.0005,0.0405,0.00092701,120.42,0.005,0.0,BTC-28JUN19-4000-P,7952.13,0.0,0.0,0.0,0.0015,1.0,128.85,0.45838,-1.15591,-0.04777,1e-05,-0.00822
8057.38,BTC-27SEP19,1559645942421,open,0.69,55.9,0.6525,0.732,0.69214234,102.65,0.689,0.0,BTC-27SEP19-2500-C,7952.13,0.0,0.0065,0.1,0.951,5.0,500.0,1.2222,-0.54606,7.5491,1e-05,0.98983
8057.38,BTC-27SEP19,1559645942421,open,0.0,420.5,0.0005,0.042,0.00202159,118.06,0.0035,0.0,BTC-27SEP19-2000-P,7952.13,98.51,0.0005,5.0,0.002,4.9,117.87,0.93012,-0.47795,-0.24008,0.0,-0.00745
246.85,index_price,1559645942459,open,0.01,15.0,0.001,0.047,0.007401,101.44,0.006,0,ETH-14JUN19-200-P,246.85,91.61,0.005,150.0,0.01,160.0,110.59,0.06558,-0.3368,-0.00646,0.00392,-0.08934
246.85,index_price,1559645942459,open,0.11,34.0,0.055,0.142,0.098947,102.66,0.088,0,ETH-14JUN19-260-P,246.85,82.21,0.086,180.0,0.099,180.0,102.75,0.15801,-0.82133,-0.04589,0.00934,-0.58819
246.85,index_price,1559645942459,open,0.06,62.0,0.019,0.098,0.058481,98.02,0.055,0,ETH-14JUN19-250-C,246.85,92.71,0.055,290.0,0.067,110.0,111.0,0.16199,-0.80388,0.02954,0.01002,0.50079
7952.13,index_price,1559645942517,open,0.27,9.3,0.208,0.3085,0.25829796,122.53,0.234,0,BTC-7JUN19-10000-P,7952.13,0.0,0.011,1.0,0.2685,3.0,209.83,0.34267,-7.3006,-0.77578,6e-05,-0.97994
8057.38,BTC-27SEP19,1559645942521,open,0.03,36.7,0.0005,0.0705,0.03052774,93.89,0.0365,0.0,BTC-27DEC19-24000-C,7952.13,91.77,0.0275,16.0,0.033,6.0,95.54,11.81578,-2.69417,3.88292,3e-05,0.11597
8057.38,BTC-27SEP19,1559645942533,open,0.01,158.7,0.0005,0.055,0.01487624,93.6,0.014,0.0,BTC-27DEC19-3000-P,7952.13,91.4,0.0135,6.0,0.0165,0.8,96.08,5.15788,-1.1725,-2.46966,2e-05,-0.03947
7986.48,BTC-28JUN19,1559645942579,open,0.0,94.5,0.0005,0.04,0.00031446,135.0,0.002,0.0,BTC-28JUN19-3250-P,7952.13,0.0,0.0,0.0,0.001,6.6,154.99,0.17259,-0.48796,-0.01599,0.0,-0.00275
8057.38,BTC-27SEP19,1559645942592,open,0.0,617.2,0.0005,0.0445,0.00465887,97.89,0.0045,0.0,BTC-27SEP19-3000-P,7952.13,93.07,0.0035,18.1,0.006,21.0,102.66,2.10054,-0.89496,-0.60138,1e-05,-0.01906
8057.38,BTC-27SEP19,1559645942592,open,0.32,63.1,0.287,0.3665,0.32688933,81.62,0.311,0.0,BTC-27DEC19-6500-C,7952.13,39.94,0.2305,0.1,0.979,2.0,500.0,19.45633,-3.85669,18.97342,7e-05,0.74437
7952.13,index_price,1559645942658,open,0.01,96.8,0.0005,0.0475,0.00762847,99.05,0.0085,0,BTC-14JUN19-6500-P,7952.13,94.8,0.0065,30.0,0.009,11.0,103.86,2.1862,-10.96309,-0.21773,0.00013,-0.09357
7952.13,index_price,1559645942793,open,0.28,0.0,0.2125,0.313,0.26292277,94.47,None,0,BTC-14JUN19-10000-P,7952.13,0.0,0.0005,5.0,0.2905,3.0,163.72,1.96695,-9.40784,-2.54253,0.00012,-0.91878
7952.13,index_price,1559645943092,open,0.13,0.0,0.0965,0.176,0.13601764,93.14,None,0,BTC-14JUN19-7000-C,7952.13,0.0,0.0,0.0,0.173,3.0,166.35,3.45225,-16.27952,1.46805,0.00022,0.81833
7952.13,index_price,1559645943114,open,0.11,13.3,0.057,0.1445,0.1007758,88.73,0.1,0,BTC-14JUN19-8500-P,7952.13,79.14,0.095,18.0,0.102,18.0,90.73,4.84831,-21.78004,-1.61393,0.00032,-0.64934
8057.38,BTC-27SEP19,1559645943169,open,0.41,793.5,0.371,0.4505,0.41067665,85.48,0.4755,0.0,BTC-27SEP19-5000-C,7952.13,0.0,0.1105,2.0,0.4925,0.1,150.35,8.41408,-3.13059,12.19464,5e-05,0.89154
8057.48,BTC-27SEP19,1559645943187,open,0.01,210.2,0.0005,0.0535,0.01365777,93.61,0.014,0.0,BTC-27SEP19-20000-C,7952.13,90.64,0.0115,15.0,0.0155,6.0,95.94,6.13371,-2.49907,1.45333,3e-05,0.07097
7986.53,BTC-28JUN19,1559645943227,open,0.14,268.5,0.0835,0.173,0.12829371,88.16,0.141,0.0,BTC-28JUN19-8500-P,7952.13,84.39,0.1245,5.0,0.1305,0.5,90.35,8.04058,-14.84492,-3.6218,0.00022,-0.56498
7952.13,index_price,1559645943232,open,0.18,17.1,0.1185,0.2115,0.16504252,101.06,0.1535,0,BTC-7JUN19-9250-P,7952.13,0.0,0.157,5.0,0.1685,5.0,128.45,0.73322,-12.88414,-0.69831,0.00015,-0.94955
7952.13,index_price,1559645943253,open,0.0,228.1,0.0005,0.0425,0.00297694,96.75,0.003,0,BTC-14JUN19-10500-C,7952.13,85.88,0.0015,40.0,0.004,40.6,102.49,1.30081,-6.37199,0.09638,8e-05,0.04777
7952.13,index_price,1559645943439,open,0.04,37.0,0.0005,0.0735,0.03258299,88.75,0.035,0,BTC-14JUN19-7500-P,7952.13,84.33,0.03,24.0,0.035,34.0,92.86,4.66393,-20.95769,-0.7538,0.00031,-0.31777
7952.13,index_price,1559645943447,open,0.03,18.8,0.0005,0.0715,0.0318798,88.73,0.032,0,BTC-14JUN19-8500-C,7952.13,84.81,0.0295,24.0,0.032,0.1,88.93,4.84831,-21.78018,0.68589,0.00032,0.35067
254.81,ETH-27SEP19,1559645943459,open,1.1,0.0,1.002,1.168,1.08534,104.85,None,0.0,ETH-27SEP19-520-P,246.83,0.0,0.0,0.0,0.0,0.0,0.0,0.37399,-0.17067,-1.52869,0.00175,-0.82085
254.81,ETH-27SEP19,1559645943459,open,1.41,0.0,1.293,1.483,1.388156,109.17,None,0.0,ETH-27SEP19-600-P,246.83,0.0,0.0,0.0,0.0,0.0,0.0,0.31413,-0.14926,-1.80502,0.00141,-0.86261
246.83,index_price,1559645943459,open,0.35,301.0,0.284,0.39,0.337337,136.51,0.2,0,ETH-7JUN19-330-P,246.83,0.0,0.0,0.0,0.482,1.0,500.0,0.00571,-0.13549,-0.02582,0.00087,-0.99026
246.83,index_price,1559645943459,open,0.27,189.0,0.207,0.307,0.256819,124.63,0.234,0,ETH-7JUN19-310-P,246.83,0.0,0.001,30.0,0.34,2.0,467.2,0.01172,-0.25397,-0.024,0.00196,-0.9775
246.83,index_price,1559645943459,open,0.0,124.0,0.001,0.04,0.000996,126.7,0.01,0,ETH-7JUN19-310-C,246.83,0.0,0.0,0.0,0.002,550.0,142.34,0.01255,-0.24581,0.00046,0.00206,0.02442
246.83,index_price,1559645943459,open,0.01,1115.0,0.001,0.048,0.008279,104.49,0.01,0,ETH-14JUN19-310-C,246.83,92.44,0.005,150.0,0.01,100.0,109.91,0.0751,-0.39734,0.00663,0.00436,0.10752
246.83,index_price,1559645943459,open,0.0,449.0,0.001,0.044,0.004092,105.4,0.003,0,ETH-7JUN19-280-C,246.83,97.69,0.003,153.0,0.005,100.0,111.1,0.0375,-0.68719,0.0018,0.00741,0.09663
246.83,index_price,1559645943460,open,0.24,0.0,0.179,0.276,0.227413,104.24,None,0,ETH-14JUN19-300-P,246.83,0.0,0.214,60.0,0.225,60.0,97.56,0.09313,-0.4915,-0.0722,0.00542,-0.85361
246.83,index_price,1559645943460,open,0.43,0.0,0.362,0.474,0.418081,139.01,None,0,ETH-7JUN19-350-P,246.83,0.0,0.0,0.0,0.583,1.0,500.0,0.00189,-0.04573,-0.02752,0.00028,-0.99719
246.83,index_price,1559645943460,open,0.47,0.0,0.402,0.518,0.459894,109.27,None,0,ETH-14JUN19-360-P,246.83,0.0,0.0,0.0,0.0,0.0,0.0,0.02149,-0.11889,-0.09601,0.00119,-0.97778
246.83,index_price,1559645943460,open,0.39,0.0,0.325,0.435,0.380132,106.08,None,0,ETH-14JUN19-340-P,246.83,0.0,0.0,0.0,0.0,0.0,0.0,0.03515,-0.18876,-0.08948,0.00201,-0.95978
246.83,index_price,1559645943459,open,0.03,873.0,0.001,0.062,0.021946,97.41,0.024,0,ETH-7JUN19-240-P,246.83,85.4,0.018,108.0,0.024,240.0,103.6,0.08169,-1.38359,-0.00736,0.01747,-0.35652
246.83,index_price,1559645943459,open,0.05,110.0,0.01,0.089,0.049695,97.65,0.049,0,ETH-7JUN19-240-C,246.83,86.41,0.046,180.0,0.055,180.0,113.56,0.08171,-1.38732,0.01154,0.01743,0.64322
246.83,index_price,1559645943460,open,0.16,3.0,0.123,0.202,0.162144,99.7,0.203,0,ETH-14JUN19-210-C,246.83,99.31,0.162,60.0,0.172,60.0,123.85,0.09164,-0.46257,0.04641,0.00558,0.85709
246.83,index_price,1559645943459,open,0.27,0.0,0.214,0.314,0.264103,104.16,None,0,ETH-14JUN19-310-P,246.83,0.0,0.0,0.0,0.0,0.0,0.0,0.07468,-0.39383,-0.0773,0.00435,-0.89331
246.83,index_price,1559645943459,open,0.0,305.0,0.001,0.04,0.000418,150.01,0.001,0,ETH-7JUN19-340-C,246.83,0.0,0.0,0.0,0.001,250.0,168.25,0.00568,-0.10313,0.00018,0.00079,0.00968
7952.13,index_price,1559645943506,open,0.09,6.0,0.0545,0.134,0.09441861,97.97,0.0805,0,BTC-7JUN19-7250-C,7952.13,80.9,0.0915,6.0,0.0975,6.0,112.86,1.52682,-26.00917,0.48324,0.00031,0.86573
249.56,ETH-28JUN19,1559645943524,open,0.02,2102.0,0.001,0.064,0.024651,99.07,0.027,0.0,ETH-28JUN19-320-C,246.83,95.26,0.022,224.0,0.027,192.0,102.34,0.17676,-0.36673,0.02804,0.00438,0.19642
7952.13,index_price,1559645943628,open,0.02,104.7,0.0005,0.0575,0.01783242,90.22,0.019,0,BTC-14JUN19-9000-C,7952.13,86.43,0.016,24.0,0.0195,24.0,93.57,3.90953,-17.85729,0.44282,0.00025,0.22364
7952.13,index_price,1559645943640,open,0.05,20.4,0.015,0.0945,0.05496059,88.08,0.056,0,BTC-14JUN19-8000-C,7952.13,85.09,0.053,18.0,0.0595,18.0,95.0,5.21581,-23.25864,0.98415,0.00035,0.51237
7952.13,index_price,1559645943721,open,0.34,0.0,0.2705,0.376,0.32337789,96.75,None,0,BTC-14JUN19-10500-P,7952.13,0.0,0.0005,5.0,0.3505,3.0,176.86,1.30081,-6.37199,-2.74457,8e-05,-0.95223
254.79,ETH-27SEP19,1559645943740,open,0.17,1604.0,0.124,0.217,0.170669,92.32,0.16,0.0,ETH-27SEP19-240-P,246.83,89.13,0.164,80.0,0.176,48.0,94.88,0.53164,-0.21362,-0.42077,0.00282,-0.35405
7952.13,index_price,1559645943777,open,0.01,409.2,0.0005,0.051,0.01059907,90.46,0.012,0,BTC-7JUN19-7500-P,7952.13,84.27,0.009,20.0,0.012,24.0,95.7,2.09482,-32.94838,-0.14503,0.00046,-0.22089
7952.13,index_price,1559645944150,open,0.0,352.9,0.0005,0.041,0.00104684,104.12,0.0015,0,BTC-7JUN19-9500-C,7952.13,92.97,0.0005,31.8,0.0015,8.9,110.79,0.4826,-8.32458,0.01825,9e-05,0.03018
7952.13,index_price,1559645944262,open,0.4,402.5,0.3285,0.4385,0.38342265,135.0,0.32,0,BTC-7JUN19-11000-P,7952.13,0.0,0.0,0.0,0.3935,3.0,262.86,0.08458,-1.98528,-0.8642,1e-05,-0.99595
7952.13,index_price,1559645944290,open,0.34,41.9,0.2685,0.3735,0.32087511,134.95,0.209,0,BTC-7JUN19-10500-P,7952.13,0.0,0.0,0.0,0.331,3.0,237.71,0.21885,-5.13507,-0.8201,3e-05,-0.9881
8057.55,BTC-27SEP19,1559645944369,open,0.62,5.5,0.5475,0.676,0.61186595,84.88,0.6,0.0,BTC-27DEC19-12000-P,7952.13,40.36,0.5055,0.1,0.0,0.0,0.0,23.03723,-4.7491,-55.99569,7e-05,-0.62022
8057.55,BTC-27SEP19,1559645944371,open,0.12,133.5,0.083,0.1625,0.1225259,84.86,0.1215,0.0,BTC-27DEC19-12000-C,7952.13,83.45,0.1185,0.1,0.1265,10.0,86.25,23.03576,-4.74775,11.6883,7e-05,0.37971
7952.13,index_price,1559645944384,open,0.06,70.6,0.0125,0.0965,0.05456658,90.01,0.073,0,BTC-7JUN19-8250-P,7952.13,75.64,0.05,18.0,0.0565,18.0,95.93,2.57781,-40.34213,-0.44949,0.00057,-0.66288
7986.57,BTC-28JUN19,1559645944398,open,0.0,554.4,0.0005,0.044,0.00446223,90.49,0.0085,0.0,BTC-28JUN19-12000-C,7952.13,84.31,0.003,44.0,0.0055,24.0,94.18,2.11148,-4.00135,0.23865,6e-05,0.05014
7986.57,BTC-28JUN19,1559645944398,open,0.49,322.4,0.4605,0.54,0.50007662,120.25,0.48,0.0,BTC-28JUN19-4000-C,7952.13,0.0,0.05,1.0,0.674,3.0,500.0,0.45518,-1.14626,2.56914,1e-05,0.99185
7986.57,BTC-28JUN19,1559645944417,open,0.9,2.8,0.8045,0.9545,0.87946407,106.6,0.6485,0.0,BTC-28JUN19-15000-P,7952.13,0.0,0.0,0.0,1.1955,1.0,500.0,0.76437,-1.7063,-9.7415,2e-05,-0.98521
7952.13,index_price,1559645944428,open,0.01,77.2,0.0005,0.0495,0.00957102,91.52,0.008,0,BTC-14JUN19-9500-C,7952.13,86.94,0.008,40.0,0.011,30.0,95.42,2.83041,-13.11532,0.26844,0.00018,0.13434
7952.13,index_price,1559645944441,open,0.01,409.2,0.0005,0.051,0.01059904,90.46,0.012,0,BTC-7JUN19-7500-P,7952.13,84.27,0.009,10.0,0.012,24.0,95.7,2.09482,-32.94838,-0.14503,0.00046,-0.22089
7952.13,index_price,1559645944442,open,0.03,39.6,0.0005,0.0605,0.01982832,88.38,0.0225,0,BTC-7JUN19-7750-P,7952.13,79.78,0.017,10.0,0.0215,24.0,93.41,2.63209,-40.44557,-0.23587,0.0006,-0.35665
8057.55,BTC-27SEP19,1559645944447,open,0.02,22.1,0.0005,0.054,0.0143864,101.67,0.0135,0.0,BTC-27DEC19-36000-C,7952.13,100.01,0.013,1.0,0.0155,1.0,102.93,6.94466,-1.71481,1.94649,2e-05,0.05722
7986.57,BTC-28JUN19,1559645944452,open,0.18,102.0,0.1255,0.2185,0.17192471,88.16,0.201,0.0,BTC-28JUN19-9000-P,7952.13,39.27,0.133,0.1,0.185,10.0,101.89,7.47018,-13.79216,-4.35497,0.0002,-0.66168
7952.13,index_price,1559645944454,open,0.01,56.0,0.0005,0.057,0.01710869,90.01,0.0165,0,BTC-7JUN19-8250-C,7952.13,83.45,0.015,5.0,0.0195,24.0,97.33,2.57781,-40.34213,0.20049,0.00057,0.33712
249.54,ETH-28JUN19,1559645944459,open,0.78,0.0,0.695,0.836,0.765619,106.08,None,0.0,ETH-28JUN19-440-P,246.79,0.0,0.0,0.0,0.0,0.0,0.0,0.03768,-0.0837,-0.28407,0.00087,-0.9747
249.54,ETH-28JUN19,1559645944459,open,1.02,0.0,0.926,1.085,1.005538,120.92,None,0.0,ETH-28JUN19-500-P,246.79,0.0,0.0,0.0,0.0,0.0,0.0,0.02851,-0.0722,-0.3244,0.00058,-0.98181
254.79,ETH-27SEP19,1559645944459,open,1.25,0.0,1.147,1.325,1.235872,106.77,None,0.0,ETH-27SEP19-560-P,246.79,0.0,0.0,0.0,0.0,0.0,0.0,0.34061,-0.15829,-1.66864,0.00156,-0.845
249.54,ETH-28JUN19,1559645944459,open,0.0,831.0,0.001,0.042,0.002516,107.0,0.004,0.0,ETH-28JUN19-440-C,246.79,94.29,0.001,200.0,0.004,305.0,115.11,0.03911,-0.08763,0.00391,0.0009,0.02645
249.54,ETH-28JUN19,1559645944459,open,0.44,335.0,0.401,0.48,0.440233,106.91,0.481,0.0,ETH-28JUN19-140-C,246.79,0.0,0.021,1.0,0.6,1.0,458.29,0.02023,-0.04529,0.08938,0.00046,0.98779
254.79,ETH-27SEP19,1559645944459,open,0.05,1474.0,0.013,0.092,0.052197,102.27,0.054,0.0,ETH-27SEP19-480-C,246.79,100.25,0.049,48.0,0.056,147.0,104.61,0.40842,-0.1818,0.1241,0.00195,0.20696
254.79,ETH-27SEP19,1559645944459,open,0.47,191.0,0.435,0.514,0.474475,93.43,0.5,0.0,ETH-27SEP19-140-C,246.79,0.0,0.01,50.0,0.0,0.0,0.0,0.21267,-0.08648,0.3572,0.00111,0.91992
249.54,ETH-28JUN19,1559645944459,open,0.68,0.0,0.64,0.719,0.679528,153.33,None,0.0,ETH-28JUN19-80-C,246.79,0.0,0.002,5.0,0.0,0.0,0.0,0.0021,-0.00676,0.05215,3e-05,0.99902
249.54,ETH-28JUN19,1559645944459,open,0.32,1130.0,0.286,0.365,0.32542,101.93,0.32,0.0,ETH-28JUN19-170-C,246.79,0.0,0.1,5.0,0.45,1.0,315.36,0.07049,-0.15047,0.10122,0.0017,0.94549
254.79,ETH-27SEP19,1559645944460,open,0.76,0.0,0.727,0.806,0.766013,117.26,0.01,0.0,ETH-27SEP19-60-C,246.79,0.0,0.003,10.0,0.0,0.0,0.0,0.0234,-0.01195,0.18302,0.0001,0.99425
249.54,ETH-28JUN19,1559645944460,open,0.16,1594.0,0.123,0.202,0.162187,95.17,0.15,0.0,ETH-28JUN19-220-C,246.79,88.88,0.157,128.0,0.165,48.0,98.54,0.20755,-0.41366,0.0941,0.00535,0.73869
254.79,ETH-27SEP19,1559645944460,open,0.23,1996.0,0.189,0.268,0.228709,92.32,0.241,0.0,ETH-27SEP19-240-C,246.79,89.1,0.222,170.0,0.235,36.0,95.33,0.53164,-0.21362,0.33459,0.00282,0.64595
249.54,ETH-28JUN19,1559645944459,open,0.56,10.0,0.521,0.6,0.560206,142.49,0.265,0.0,ETH-28JUN19-110-C,246.79,0.0,0.0,0.0,0.0,0.0,0.0,0.0133,-0.03967,0.07056,0.00023,0.99245
254.79,ETH-27SEP19,1559645944460,open,0.41,401.0,0.374,0.453,0.413133,92.84,0.38,0.0,ETH-27SEP19-160-C,246.79,0.0,0.26,1.0,0.599,10.0,229.94,0.2931,-0.11844,0.37093,0.00155,0.87569
254.79,ETH-27SEP19,1559645944460,open,0.95,0.0,0.859,1.013,0.935953,102.18,None,0.0,ETH-27SEP19-480-P,246.79,0.0,0.0,0.0,0.0,0.0,0.0,0.408,-0.18145,-1.38676,0.00195,-0.7934
249.54,ETH-28JUN19,1559645944460,open,0.0,1541.0,0.001,0.04,9.2e-05,149.99,0.001,0.0,ETH-28JUN19-80-P,246.79,0.0,0.0,0.0,0.001,164.0,193.38,0.00174,-0.00547,-0.00015,3e-05,-0.0008
254.79,ETH-27SEP19,1559645944460,open,0.69,0.0,0.649,0.728,0.688501,102.11,None,0.0,ETH-27SEP19-80-C,246.79,0.0,0.003,10.0,0.0,0.0,0.0,0.03969,-0.01764,0.24139,0.00019,0.98952
246.79,index_price,1559645944459,open,0.0,4.0,0.001,0.04,0.000704,140.24,0.003,0,ETH-7JUN19-190-P,246.79,0.0,0.0,0.0,0.001,148.0,147.96,0.00842,-0.17369,-0.00031,0.00125,-0.01527
249.54,ETH-28JUN19,1559645944460,open,0.19,660.0,0.15,0.229,0.189833,95.28,0.186,0.0,ETH-28JUN19-210-C,246.79,88.47,0.185,48.0,0.193,48.0,99.61,0.18046,-0.36007,0.09905,0.00465,0.79667
246.79,index_price,1559645944459,open,0.14,2.0,0.084,0.173,0.128142,104.25,0.076,0,ETH-14JUN19-270-P,246.79,79.52,0.114,180.0,0.127,180.0,102.33,0.14711,-0.77646,-0.05326,0.00856,-0.66946
254.79,ETH-27SEP19,1559645944460,open,0.66,0.0,0.584,0.715,0.649175,98.6,None,0.0,ETH-27SEP19-400-P,246.79,0.0,0.001,50.0,0.0,0.0,0.0,0.49319,-0.21165,-1.08591,0.00245,-0.705
254.79,ETH-27SEP19,1559645944460,open,0.61,0.0,0.574,0.653,0.61399,99.13,None,0.0,ETH-27SEP19-100-C,246.79,0.0,0.003,15.0,0.0,0.0,0.0,0.08356,-0.03606,0.28949,0.00041,0.97499
254.75,ETH-27SEP19,1559645944461,open,0.8,0.0,0.72,0.863,0.791364,100.7,None,0.0,ETH-27SEP19-440-P,246.79,0.0,0.0,0.0,0.0,0.0,0.0,0.45097,-0.19767,-1.23845,0.00219,-0.75328
254.75,ETH-27SEP19,1559645944461,open,0.06,507.0,0.025,0.104,0.064466,100.86,0.07,0.0,ETH-27SEP19-440-C,246.79,98.89,0.061,4.0,0.068,143.0,102.84,0.45158,-0.19825,0.14663,0.00219,0.24735
249.5,ETH-28JUN19,1559645944460,open,0.0,10453.0,0.001,0.041,0.00122,106.32,0.002,0.0,ETH-28JUN19-140-P,246.79,0.0,0.0,0.0,0.002,90.0,114.64,0.01976,-0.044,-0.00214,0.00046,-0.01188
254.75,ETH-27SEP19,1559645944461,open,0.0,174.0,0.001,0.041,0.001483,117.05,0.002,0.0,ETH-27SEP19-60-P,246.79,0.0,0.0,0.0,0.003,256.0,130.08,0.02321,-0.01183,-0.00576,0.0001,-0.0057
254.75,ETH-27SEP19,1559645944461,open,0.59,28.0,0.516,0.641,0.578808,96.77,0.419,0.0,ETH-27SEP19-380-P,246.79,0.0,0.001,50.0,0.0,0.0,0.0,0.5117,-0.21553,-1.00853,0.00259,-0.67908
249.5,ETH-28JUN19,1559645944460,open,0.52,50.0,0.48,0.559,0.519832,124.3,0.547,0.0,ETH-28JUN19-120-C,246.79,0.0,0.0,0.0,0.0,0.0,0.0,0.01231,-0.03205,0.07724,0.00024,0.99308
249.5,ETH-28JUN19,1559645944460,open,0.0,4694.0,0.001,0.041,0.000982,141.79,0.001,0.0,ETH-28JUN19-110-P,246.79,0.0,0.0,0.0,0.002,300.0,156.97,0.01298,-0.03855,-0.00136,0.00022,-0.00735
254.75,ETH-27SEP19,1559645944461,open,0.22,740.0,0.169,0.265,0.216708,92.23,0.215,0.0,ETH-27SEP19-260-P,246.79,89.62,0.211,80.0,0.223,48.0,95.11,0.55661,-0.22345,-0.50505,0.00295,-0.41321
246.79,index_price,1559645944459,open,0.0,521.0,0.001,0.042,0.002023,108.47,0.004,0,ETH-7JUN19-290-C,246.79,95.4,0.001,2.0,0.003,100.0,117.75,0.02324,-0.43828,0.00097,0.00446,0.0518
254.75,ETH-27SEP19,1559645944461,open,0.08,1763.0,0.04,0.119,0.079272,98.62,0.074,0.0,ETH-27SEP19-400-C,246.79,95.88,0.074,100.0,0.084,187.0,101.05,0.49311,-0.21167,0.17296,0.00245,0.295
254.75,ETH-27SEP19,1559645944461,open,0.54,47.0,0.502,0.581,0.541947,95.5,0.564,0.0,ETH-27SEP19-120-C,246.79,0.0,0.007,10.0,0.635,2.0,200.12,0.14067,-0.05847,0.32944,0.00072,0.95284
254.75,ETH-27SEP19,1559645944461,open,0.39,4.0,0.328,0.438,0.382904,93.66,0.297,0.0,ETH-27SEP19-320-P,246.79,90.07,0.375,36.0,0.391,36.0,97.32,0.56185,-0.22904,-0.76241,0.00294,-0.568
249.5,ETH-28JUN19,1559645944461,open,0.48,386.0,0.441,0.52,0.480555,123.32,0.321,0.0,ETH-28JUN19-130-C,246.79,0.0,0.14,49.0,0.497,2.0,202.17,0.02143,-0.05536,0.08265,0.00043,0.98695
246.79,index_price,1559645944459,open,0.02,411.0,0.001,0.062,0.021282,98.09,0.018,0,ETH-14JUN19-220-P,246.79,88.92,0.017,373.0,0.025,373.0,105.71,0.11827,-0.58738,-0.01571,0.00732,-0.21393
254.75,ETH-27SEP19,1559645944462,open,0.11,593.0,0.073,0.152,0.112872,95.42,0.123,0.0,ETH-27SEP19-340-C,246.79,92.69,0.107,230.0,0.119,178.0,98.25,0.54951,-0.22821,0.22457,0.00282,0.39296
254.75,ETH-27SEP19,1559645944462,open,0.04,5371.0,0.001,0.082,0.041065,92.78,0.032,0.0,ETH-27SEP19-160-P,246.79,91.86,0.04,100.0,0.045,206.0,96.16,0.29303,-0.11834,-0.13258,0.00155,-0.12429
246.79,index_price,1559645944459,open,0.02,166.0,0.001,0.064,0.024635,104.54,0.021,0,ETH-14JUN19-280-C,246.79,93.61,0.019,138.0,0.028,138.0,110.77,0.13126,-0.69472,0.01561,0.00762,0.25842
254.75,ETH-27SEP19,1559645944461,open,0.27,548.0,0.218,0.319,0.268522,92.78,0.223,0.0,ETH-27SEP19-280-P,246.79,89.86,0.262,80.0,0.275,36.0,95.68,0.56839,-0.22953,-0.59104,0.003,-0.46864
254.75,ETH-27SEP19,1559645944462,open,0.01,7297.0,0.001,0.053,0.012886,95.3,0.01,0.0,ETH-27SEP19-120-P,246.79,89.73,0.01,210.0,0.016,210.0,100.67,0.14011,-0.05812,-0.04796,0.00072,-0.04693
249.5,ETH-28JUN19,1559645944462,open,0.28,3366.0,0.249,0.328,0.288649,99.36,0.364,0.0,ETH-28JUN19-180-C,246.79,0.0,0.001,20.0,0.0,0.0,0.0,0.09396,-0.1955,0.1032,0.00232,0.92101
246.79,index_price,1559645944459,open,0.11,100.0,0.074,0.153,0.11328,105.75,0.114,0,ETH-7JUN19-220-C,246.79,89.22,0.111,60.0,0.118,60.0,131.5,0.03896,-0.71631,0.01526,0.00768,0.89816
249.5,ETH-28JUN19,1559645944462,open,0.0,9802.0,0.001,0.041,0.001471,121.82,0.001,0.0,ETH-28JUN19-130-P,246.79,0.0,0.0,0.0,0.003,513.0,136.54,0.02034,-0.05189,-0.00224,0.00041,-0.01228
246.79,index_price,1559645944459,open,0.04,240.0,0.001,0.075,0.033876,98.03,0.015,0,ETH-14JUN19-230-P,246.79,87.68,0.028,119.0,0.038,359.0,105.17,0.14165,-0.70303,-0.02245,0.00877,-0.30238
246.79,index_price,1559645944459,open,0.01,1.0,0.001,0.045,0.005697,105.01,0.023,0,ETH-14JUN19-320-C,246.79,91.89,0.003,150.0,0.008,100.0,113.79,0.05929,-0.31524,0.00484,0.00343,0.07815
246.79,index_price,1559645944459,open,0.35,0.0,0.288,0.394,0.340916,104.69,None,0,ETH-14JUN19-330-P,246.79,0.0,0.0,0.0,0.0,0.0,0.0,0.04495,-0.23825,-0.08589,0.00261,-0.94532
246.79,index_price,1559645944459,open,0.31,0.0,0.251,0.354,0.302136,104.13,None,0,ETH-14JUN19-320-P,246.79,0.0,0.0,0.0,0.0,0.0,0.0,0.05816,-0.30664,-0.08186,0.00339,-0.9238
246.79,index_price,1559645944459,open,0.05,1278.0,0.001,0.083,0.041536,97.24,0.046,0,ETH-7JUN19-250-P,246.79,78.63,0.035,180.0,0.044,180.0,104.23,0.0869,-1.46911,-0.01135,0.01862,-0.54244
246.79,index_price,1559645944459,open,0.0,275.0,0.001,0.04,0.000496,128.13,0.003,0,ETH-7JUN19-320-C,246.79,0.0,0.0,0.0,0.001,250.0,141.34,0.00732,-0.12243,0.00024,0.00119,0.01297
246.79,index_price,1559645944459,open,0.31,142.0,0.246,0.348,0.296935,119.66,0.169,0,ETH-7JUN19-320-P,246.79,0.0,0.0,0.0,0.383,3.0,500.0,0.00499,-0.10385,-0.02505,0.00087,-0.99164
246.79,index_price,1559645944459,open,0.01,709.0,0.001,0.056,0.016634,103.12,0.013,0,ETH-7JUN19-260-C,246.79,91.1,0.013,134.0,0.02,320.0,113.86,0.07618,-1.366,0.00551,0.0154,0.30018
8057.55,BTC-27SEP19,1559645944465,open,0.06,579.4,0.027,0.1065,0.0668279,86.18,0.067,0.0,BTC-27SEP19-12000-C,7952.13,84.41,0.0635,4.9,0.07,13.9,87.85,15.22349,-5.71051,5.41264,9e-05,0.28027
7986.57,BTC-28JUN19,1559645944465,open,0.0,402.3,0.0005,0.0405,0.00063425,135.0,0.001,0.0,BTC-28JUN19-3500-P,7952.13,0.0,0.0,0.0,0.0015,8.0,151.39,0.30605,-0.86527,-0.0305,1e-05,-0.0052
7986.57,BTC-28JUN19,1559645944483,open,0.34,0.0,0.276,0.382,0.32891925,88.46,None,0.0,BTC-28JUN19-10500-P,7952.13,0.0,0.002,2.0,0.0,0.0,0.0,4.46798,-8.27657,-6.22964,0.00012,-0.86353
8057.55,BTC-27SEP19,1559645944488,open,2.53,0.0,2.3585,2.6375,2.49806816,97.0,None,0.0,BTC-27DEC19-28000-P,7952.13,0.0,0.0,0.0,0.0,0.0,0.0,9.76318,-2.29996,-154.92571,3e-05,-0.91078
7986.57,BTC-28JUN19,1559645944493,open,0.46,10.5,0.4295,0.509,0.46935686,118.61,0.428,0.0,BTC-28JUN19-4250-C,7952.13,0.0,0.034,2.0,0.636,3.0,499.7,0.67609,-1.67927,2.70518,1e-05,0.98717
8057.55,BTC-27SEP19,1559645944516,open,0.04,134.7,0.0025,0.082,0.04216899,88.01,0.0435,0.0,BTC-27SEP19-14000-C,7952.13,86.25,0.0395,4.9,0.045,19.6,89.84,12.33054,-4.72367,3.78989,7e-05,0.19162
8057.55,BTC-27SEP19,1559645944538,open,0.01,381.7,0.0005,0.053,0.01273301,89.33,0.009,0.0,BTC-27SEP19-4000-P,7952.13,86.21,0.011,15.0,0.015,6.0,93.12,4.63761,-1.80308,-1.58253,3e-05,-0.04967
8057.55,BTC-27SEP19,1559645944576,open,0.51,233.5,0.4765,0.556,0.51628633,89.3,0.58,0.0,BTC-27SEP19-4000-C,7952.13,0.0,0.1655,1.1,0.59,0.1,171.45,4.63457,-1.80127,11.00807,3e-05,0.95037
8057.55,BTC-27SEP19,1559645944576,open,0.0,1642.1,0.0005,0.041,0.00131758,133.57,0.001,0.0,BTC-27SEP19-1500-P,7952.13,128.79,0.001,16.3,0.0015,8.7,135.97,0.58546,-0.34036,-0.14548,0.0,-0.00442
246.79,index_price,1559645944597,open,0.08,597.0,0.028,0.112,0.069991,102.57,0.068,0,ETH-7JUN19-260-P,246.79,75.06,0.062,180.0,0.071,180.0,105.83,0.07605,-1.3563,-0.01499,0.01545,-0.70098
7952.13,index_price,1559645944604,open,0.21,20.8,0.148,0.2435,0.19569531,104.12,0.1565,0,BTC-7JUN19-9500-P,7952.13,0.0,0.0005,1.0,0.2075,3.0,185.68,0.4826,-8.73659,-0.73022,9e-05,-0.96982
7986.57,BTC-28JUN19,1559645944609,open,0.04,540.1,0.0055,0.085,0.04501178,88.14,0.045,0.0,BTC-28JUN19-9000-C,7952.13,84.9,0.042,26.6,0.048,35.1,91.32,7.46967,-13.78768,1.53198,0.0002,0.33826
7986.57,BTC-28JUN19,1559645944609,open,0.29,43.0,0.2225,0.324,0.27335101,88.44,0.177,0.0,BTC-28JUN19-10000-P,7952.13,0.0,0.055,0.1,0.6715,1.0,500.0,5.52895,-10.24071,-5.66378,0.00015,-0.81078
7986.57,BTC-28JUN19,1559645944626,open,0.0,259.1,0.0005,0.0415,0.0015102,118.72,0.0015,0.0,BTC-28JUN19-4250-P,7952.13,0.0,0.0,0.0,0.0025,24.0,128.56,0.67898,-1.68813,-0.07525,1e-05,-0.01289
8057.55,BTC-27SEP19,1559645944628,open,0.24,116.7,0.2035,0.283,0.24334922,81.57,0.2375,0.0,BTC-27DEC19-8000-C,7952.13,81.44,0.243,3.6,0.2505,7.0,84.08,22.95148,-4.54666,17.33423,8e-05,0.62476
8057.55,BTC-27SEP19,1559645944691,open,0.03,152.8,0.0005,0.0745,0.03323103,87.86,0.037,0.0,BTC-27DEC19-4000-P,7952.13,85.88,0.031,6.0,0.0365,18.0,90.69,9.17215,-1.95719,-5.24051,3e-05,-0.08208
8057.55,BTC-27SEP19,1559645944698,open,0.06,146.5,0.02,0.1045,0.06228071,83.79,0.061,0.0,BTC-27DEC19-5000-P,7952.13,82.73,0.0605,16.0,0.0645,15.0,85.1,13.57654,-2.76264,-9.26821,4e-05,-0.14165
7986.57,BTC-28JUN19,1559645944725,open,0.02,633.5,0.0005,0.063,0.02257845,92.59,0.025,0.0,BTC-28JUN19-6500-P,7952.13,89.23,0.0205,19.3,0.0245,37.3,95.63,5.00139,-9.69812,-0.96194,0.00013,-0.16155
8057.55,BTC-27SEP19,1559645944744,open,0.73,0.5,0.65,0.787,0.71830974,85.55,0.584,0.0,BTC-27DEC19-13000-P,7952.13,0.0,0.008,3.0,1.538,0.3,500.0,22.07376,-4.58641,-62.82008,7e-05,-0.66393
7986.57,BTC-28JUN19,1559645944762,open,0.0,520.6,0.0005,0.04,1.16e-06,135.0,0.0005,0.0,BTC-28JUN19-2000-P,7952.13,0.0,0.0,0.0,0.001,14.8,233.52,0.00129,-0.00366,-8e-05,0.0,-1e-05
7986.57,BTC-28JUN19,1559645944762,open,0.1,598.8,0.0475,0.134,0.09067756,88.16,0.088,0.0,BTC-28JUN19-8000-P,7952.13,85.52,0.088,5.0,0.094,8.7,91.43,8.10392,-14.96111,-2.86682,0.00022,-0.45808
7986.57,BTC-28JUN19,1559645944762,open,0.31,148.2,0.2785,0.358,0.31829148,100.53,0.36,0.0,BTC-28JUN19-5500-C,7952.13,0.0,0.311,0.1,0.5735,5.0,500.0,2.34134,-4.9291,3.26296,6e-05,0.94287
8057.55,BTC-27SEP19,1559645944762,open,0.36,122.6,0.322,0.4015,0.36174703,82.14,0.41,0.0,BTC-27DEC19-6000-C,7952.13,0.0,0.0045,0.1,0.4415,0.5,118.01,17.72058,-3.53507,19.19899,6e-05,0.78419
8057.55,BTC-27SEP19,1559645944811,open,0.14,383.6,0.104,0.1835,0.14368574,83.87,0.137,0.0,BTC-27SEP19-9000-C,7952.13,82.0,0.1395,8.6,0.1485,12.0,86.02,18.03353,-6.58273,9.03732,0.00011,0.50006
8057.55,BTC-27SEP19,1559645944811,open,0.6,0.0,0.563,0.6425,0.60277255,95.45,None,0.0,BTC-27SEP19-3250-C,7952.13,0.0,0.0075,0.1,0.943,5.0,500.0,2.6248,-1.09051,9.44434,1e-05,0.97519
8057.55,BTC-27SEP19,1559645944813,open,0.2,46.4,0.1515,0.247,0.19927053,81.58,0.196,0.0,BTC-27DEC19-7500-P,7952.13,79.47,0.1935,9.4,0.2025,4.9,82.76,22.0722,-4.37311,-24.32744,7e-05,-0.33601
7952.13,index_price,1559645944823,open,0.01,65.3,0.0005,0.0455,0.00592393,96.29,0.004,0,BTC-7JUN19-8750-C,7952.13,88.73,0.0045,30.0,0.007,30.2,101.54,1.57839,-26.42487,0.08461,0.00033,0.14097
8057.55,BTC-27SEP19,1559645944830,open,1.03,0.0,0.933,1.094,1.01346422,89.85,None,0.0,BTC-27SEP19-16000-P,7952.13,0.0,0.0065,0.1,1.764,0.2,500.0,9.75205,-3.81386,-47.66832,5e-05,-0.86625
8057.55,BTC-27SEP19,1559645944842,open,0.84,0.0,0.7545,0.9005,0.82755449,86.07,None,0.0,BTC-27DEC19-14000-P,7952.13,0.0,0.008,3.0,1.659,0.2,500.0,20.96263,-4.38197,-69.53505,7e-05,-0.70244
7952.13,index_price,1559645944872,open,0.22,0.0,0.1565,0.252,0.20421948,91.52,None,0,BTC-14JUN19-9500-P,7952.13,0.0,0.0005,3.0,0.2345,3.0,155.1,2.83041,-13.1153,-2.30194,0.00018,-0.86566
7986.57,BTC-28JUN19,1559645944890,open,0.01,1355.0,0.0005,0.053,0.01276222,96.0,0.012,0.0,BTC-28JUN19-6000-P,7952.13,91.93,0.011,34.0,0.0145,44.0,99.8,3.55707,-7.15122,-0.58358,9e-05,-0.09894
8057.55,BTC-27SEP19,1559645944910,open,3.53,0.0,3.3035,3.6615,3.48240651,101.86,None,0.0,BTC-27DEC19-36000-P,7952.13,0.0,0.0,0.0,0.0,0.0,0.0,6.99163,-1.72956,-201.09392,2e-05,-0.94229
7986.57,BTC-28JUN19,1559645944935,open,0.4,26.3,0.332,0.4425,0.38702478,89.22,0.285,0.0,BTC-28JUN19-11000-P,7952.13,0.0,0.002,1.0,0.7715,1.0,500.0,3.55156,-6.63601,-6.73035,0.0001,-0.90127
8057.55,BTC-27SEP19,1559645944937,open,0.07,96.7,0.0285,0.108,0.06801753,87.29,0.07,0.0,BTC-27DEC19-16000-C,7952.13,85.98,0.065,4.9,0.071,0.7,88.57,18.64847,-3.95346,7.64354,6e-05,0.2362
7986.57,BTC-28JUN19,1559645944984,open,0.0,251.0,0.0005,0.042,0.00225878,116.2,0.001,0.0,BTC-28JUN19-4500-P,7952.13,102.68,0.001,144.0,0.0035,24.0,125.39,0.93885,-2.28464,-0.11008,2e-05,-0.01881
7986.57,BTC-28JUN19,1559645944984,open,0.52,10.0,0.447,0.567,0.50701275,90.6,1.243,0.0,BTC-28JUN19-12000-P,7952.13,0.0,0.0005,1.0,0.8745,1.0,500.0,2.11913,-4.02055,-7.60985,6e-05,-0.94963
7986.57,BTC-28JUN19,1559645944984,open,0.15,867.3,0.122,0.2015,0.16157804,90.25,0.159,0.0,BTC-28JUN19-7000-C,7952.13,81.96,0.155,5.0,0.168,4.8,98.12,6.43758,-12.16684,3.09415,0.00017,0.75385
8057.55,BTC-27SEP19,1559645944984,open,0.96,0.0,0.8625,1.017,0.93988864,86.79,None,0.0,BTC-27DEC19-15000-P,7952.13,0.0,0.006,10.0,1.781,0.2,500.0,19.82805,-4.17954,-76.11212,6e-05,-0.73482
8057.55,BTC-27SEP19,1559645945020,open,0.48,6.6,0.448,0.5275,0.48791238,85.72,0.498,0.0,BTC-27DEC19-4500-C,7952.13,0.0,0.26,2.0,0.982,1.0,500.0,11.37589,-2.36831,18.27592,4e-05,0.89004
8057.55,BTC-27SEP19,1559645945020,open,0.39,55.9,0.3605,0.44,0.40030302,83.0,0.445,0.0,BTC-27DEC19-5500-C,7952.13,0.0,0.0065,1.0,0.4245,1.5,95.17,15.74932,-3.17461,19.18028,5e-05,0.82233
7986.57,BTC-28JUN19,1559645945033,open,0.4,97.0,0.3685,0.448,0.40807657,110.67,0.1965,0.0,BTC-28JUN19-4750-C,7952.13,0.0,0.122,1.1,0.6095,2.0,499.85,1.15387,-2.67432,2.96694,2e-05,0.97599
8057.55,BTC-27SEP19,1559645945036,open,0.64,0.0,0.603,0.6825,0.64253972,93.58,None,0.0,BTC-27DEC19-3000-C,7952.13,0.0,0.0065,10.4,0.986,0.5,500.0,5.15552,-1.17169,14.45332,2e-05,0.96056
8057.55,BTC-27SEP19,1559645945036,open,0.02,43.7,0.0005,0.06,0.02035349,98.38,0.02,0.0,BTC-27DEC19-30000-C,7952.13,96.18,0.018,10.0,0.0225,6.0,100.26,8.93583,-2.13495,2.67847,2e-05,0.07929
8057.55,BTC-27SEP19,1559645945036,open,1.31,0.0,1.1965,1.379,1.28796507,89.16,None,0.0,BTC-27DEC19-18000-P,7952.13,0.0,0.006,5.0,2.146,0.2,500.0,16.59964,-3.59447,-95.19496,5e-05,-0.80662
8057.55,BTC-27SEP19,1559645945067,open,0.91,0.0,0.8205,0.9715,0.89591774,89.14,None,0.0,BTC-27SEP19-15000-P,7952.13,0.0,0.0065,0.1,1.646,0.3,500.0,11.01846,-4.27501,-44.0105,6e-05,-0.83956
8057.55,BTC-27SEP19,1559645945068,open,0.05,80.9,0.005,0.088,0.04641489,85.74,0.048,0.0,BTC-27DEC19-4500-P,7952.13,84.01,0.044,16.0,0.05,16.0,88.25,11.37724,-2.36899,-7.10775,4e-05,-0.10998
7952.13,index_price,1559645945108,open,0.18,0.0,0.1505,0.23,0.19023751,99.05,None,0,BTC-14JUN19-6500-C,7952.13,0.0,0.0,0.0,0.2275,3.0,191.96,2.18621,-10.96319,1.54095,0.00013,0.90643
8057.61,BTC-27SEP19,1559645945147,open,0.05,297.4,0.004,0.0875,0.04579316,84.45,0.032,0.0,BTC-27SEP19-5500-P,7952.13,82.68,0.0435,13.9,0.0485,6.0,86.52,10.46915,-3.84829,-4.92719,6e-05,-0.1485
8057.61,BTC-27SEP19,1559645945147,open,0.02,176.9,0.0005,0.061,0.02039956,87.09,0.017,0.0,BTC-27SEP19-4500-P,7952.13,84.67,0.0185,15.0,0.0225,6.0,89.68,6.42623,-2.43605,-2.42998,4e-05,-0.07542
8057.61,BTC-27SEP19,1559645945147,open,0.03,254.8,0.0005,0.066,0.02537806,86.23,0.022,0.0,BTC-27SEP19-4750-P,7952.13,84.15,0.0235,14.9,0.028,6.0,89.03,7.40385,-2.7787,-2.95244,4e-05,-0.09105
7986.62,BTC-28JUN19,1559645945147,open,0.77,1.3,0.6845,0.8245,0.7545042,99.18,2.415,0.0,BTC-28JUN19-14000-P,7952.13,0.0,0.0,0.0,1.0865,1.0,500.0,0.92529,-1.92183,-9.0694,2e-05,-0.98151
8057.61,BTC-27SEP19,1559645945191,open,0.63,226.1,0.5925,0.672,0.63232842,97.85,0.585,0.0,BTC-27SEP19-3000-C,7952.13,0.0,0.0065,0.1,0.9455,5.0,500.0,2.09753,-0.89329,8.84157,1e-05,0.98098
8057.61,BTC-27SEP19,1559645945191,open,0.02,231.0,0.0005,0.0595,0.01969604,92.37,0.019,0.0,BTC-27SEP19-18000-C,7952.13,90.58,0.018,10.0,0.021,6.0,93.69,7.82775,-3.14709,1.99051,4e-05,0.09819
8057.61,BTC-27SEP19,1559645945191,open,0.1,108.2,0.065,0.1445,0.10486143,85.53,0.105,0.0,BTC-27DEC19-13000-C,7952.13,84.12,0.101,2.2,0.1085,10.0,86.86,22.07164,-4.58487,10.50401,7e-05,0.33598
8057.61,BTC-27SEP19,1559645945191,open,0.09,238.0,0.05,0.1295,0.08999412,86.05,0.0845,0.0,BTC-27DEC19-14000-C,7952.13,84.31,0.0855,16.9,0.094,10.0,87.58,20.95934,-4.38008,9.42887,7e-05,0.29746
8057.61,BTC-27SEP19,1559645945215,open,0.0,336.7,0.0005,0.0425,0.00243025,102.74,0.0035,0.0,BTC-27SEP19-2500-P,7952.13,90.57,0.001,15.0,0.004,21.0,111.51,1.22645,-0.54844,-0.32046,1e-05,-0.01021
8057.61,BTC-27SEP19,1559645945215,open,0.0,85.9,0.0005,0.0455,0.00531689,103.5,0.0055,0.0,BTC-27DEC19-2000-P,7952.13,100.42,0.0045,10.0,0.0065,1.9,107.53,2.23646,-0.56218,-0.90429,1e-05,-0.01458
8057.61,BTC-27SEP19,1559645945217,open,0.75,0.0,0.7175,0.797,0.75709724,103.48,None,0.0,BTC-27DEC19-2000-C,7952.13,0.0,0.0185,3.0,0.989,0.5,500.0,2.23477,-0.56161,10.37747,1e-05,0.98543
7952.13,index_price,1559645945227,open,0.07,121.3,0.019,0.103,0.06098067,88.08,0.0775,0,BTC-14JUN19-8000-P,7952.13,82.77,0.0575,0.5,0.063,23.0,91.16,5.21581,-23.25888,-1.18038,0.00035,-0.48763
8057.61,BTC-27SEP19,1559645945246,open,0.01,42.8,0.0005,0.05,0.00997964,90.94,0.0115,0.0,BTC-27SEP19-3750-P,7952.13,87.73,0.0085,15.0,0.012,21.0,94.95,3.87052,-1.53197,-1.25951,2e-05,-0.03969
7952.13,index_price,1559645945280,open,0.12,2.9,0.0625,0.1505,0.10625801,96.29,0.107,0,BTC-7JUN19-8750-P,7952.13,0.0,0.0,0.0,0.115,10.0,133.2,1.57838,-26.42473,-0.60477,0.00033,-0.85904
7952.13,index_price,1559645945291,open,0.01,215.1,0.0005,0.045,0.00539793,94.47,0.0035,0,BTC-14JUN19-10000-C,7952.13,88.39,0.004,40.0,0.0065,30.0,98.72,1.96693,-9.40768,0.16313,0.00012,0.08122
7986.62,BTC-28JUN19,1559645945345,open,0.04,1079.3,0.0005,0.0795,0.03806375,90.27,0.0415,0.0,BTC-28JUN19-7000-P,7952.13,87.7,0.036,10.0,0.0405,34.5,93.28,6.43794,-12.17022,-1.48496,0.00017,-0.24618
8057.61,BTC-27SEP19,1559645945345,open,0.03,128.1,0.0005,0.074,0.03424456,89.09,0.0325,0.0,BTC-27SEP19-15000-C,7952.13,87.05,0.0315,7.9,0.0365,19.9,90.72,11.00984,-4.26935,3.19545,6e-05,0.16025
8057.61,BTC-27SEP19,1559645945347,open,0.82,0.0,0.7775,0.857,0.81746706,116.3,None,0.0,BTC-27DEC19-1500-C,7952.13,0.0,0.1,1.0,0.9905,0.5,500.0,1.48535,-0.41953,7.8822,0.0,0.9909
8057.61,BTC-27SEP19,1559645945347,open,1.79,0.0,1.656,1.877,1.76644284,92.31,None,0.0,BTC-27DEC19-22000-P,7952.13,0.0,0.008,2.0,2.634,0.3,500.0,13.15153,-2.9484,-119.58623,4e-05,-0.86481
7986.62,BTC-28JUN19,1559645945412,open,0.65,0.8,0.565,0.695,0.63014008,94.04,2.171,0.0,BTC-28JUN19-13000-P,7952.13,0.0,0.07,1.0,0.98,1.0,500.0,1.32659,-2.61242,-8.36812,3e-05,-0.97164
8057.61,BTC-27SEP19,1559645945412,open,0.24,72.0,0.187,0.2855,0.2362336,81.58,0.2435,0.0,BTC-27DEC19-8000-P,7952.13,78.52,0.2275,4.9,0.239,4.9,82.55,22.95127,-4.54723,-27.78974,8e-05,-0.37522
7986.62,BTC-28JUN19,1559645945421,open,0.25,1689.7,0.2215,0.301,0.26149173,95.97,0.26,0.0,BTC-28JUN19-6000-C,7952.13,82.2,0.256,5.0,0.265,5.0,103.47,3.55549,-7.14582,3.34158,9e-05,0.90112
8057.61,BTC-27SEP19,1559645945421,open,0.42,1.1,0.351,0.463,0.40717363,81.91,0.357,0.0,BTC-27DEC19-10000-P,7952.13,77.84,0.395,3.6,0.409,3.6,82.52,24.11913,-4.79801,-42.01791,8e-05,-0.51735
8057.61,BTC-27SEP19,1559645945421,open,0.17,44.6,0.1185,0.2115,0.1649383,81.58,0.1325,0.0,BTC-27DEC19-7000-P,7952.13,79.87,0.1605,10.0,0.1685,4.9,82.95,20.91162,-4.14307,-20.94801,7e-05,-0.29598
7952.13,index_price,1559645945426,open,0.11,57.1,0.0835,0.163,0.12317366,105.05,0.193,0,BTC-7JUN19-7000-C,7952.13,0.0,0.0005,3.0,0.146,1.0,212.54,1.03584,-18.92055,0.50008,0.0002,0.92136
8057.61,BTC-27SEP19,1559645945475,open,2.29,0.0,2.1235,2.383,2.25322105,95.56,None,0.0,BTC-27DEC19-26000-P,7952.13,0.0,0.006,10.0,3.1225,0.2,500.0,10.72976,-2.49011,-143.24444,3e-05,-0.89858
7986.62,BTC-28JUN19,1559645945479,open,0.81,33.8,0.7725,0.852,0.81218261,0.0,0.7145,0.0,BTC-28JUN19-1500-C,7952.13,0.0,0.002,0.4,0.851,2.0,500.0,0.0,0.0,0.98119,0.0,1.0
246.79,index_price,1559645945493,open,0.23,0.0,0.195,0.274,0.234587,106.0,None,0,ETH-14JUN19-190-C,246.79,108.17,0.235,60.0,0.244,60.0,143.36,0.04597,-0.24668,0.04735,0.00263,0.94375
246.79,index_price,1559645945493,open,0.17,2.0,0.113,0.205,0.159164,104.47,0.167,0,ETH-14JUN19-280-P,246.79,74.94,0.145,60.0,0.157,60.0,100.35,0.13121,-0.69399,-0.06016,0.00762,-0.74176
8057.61,BTC-27SEP19,1559645945510,open,0.7,0.0,0.66,0.7395,0.69957964,99.26,None,0.0,BTC-27DEC19-2500-C,7952.13,0.0,0.0185,3.0,0.987,0.5,500.0,3.65873,-0.88204,12.47048,1e-05,0.97397
7986.62,BTC-28JUN19,1559645945525,open,0.0,910.2,0.0005,0.044,0.00392382,107.53,0.005,0.0,BTC-28JUN19-5000-P,7952.13,98.96,0.0025,49.0,0.005,24.0,112.89,1.49839,-3.37424,-0.19215,3e-05,-0.03286
7986.62,BTC-28JUN19,1559645945533,open,1.53,0.4,1.4045,1.6045,1.50448622,124.96,5.076,0.0,BTC-28JUN19-20000-P,7952.13,0.0,0.0,0.0,1.755,2.0,500.0,0.20577,-0.53846,-13.06669,0.0,-0.99666
8057.61,BTC-27SEP19,1559645945533,open,2.04,0.0,1.889,2.1295,2.00916705,93.94,None,0.0,BTC-27DEC19-24000-P,7952.13,0.0,0.008,1.0,2.8785,0.2,500.0,11.83347,-2.69989,-131.4804,3e-05,-0.88379
7986.62,BTC-28JUN19,1559645945544,open,0.0,849.9,0.0005,0.04,0.00014092,135.0,0.001,0.0,BTC-28JUN19-3000-P,7952.13,0.0,0.0,0.0,0.001,9.5,167.85,0.08825,-0.24951,-0.0076,0.0,-0.00131
249.5,ETH-28JUN19,1559645945544,open,0.0,398.0,0.001,0.042,0.002012,116.4,0.003,0.0,ETH-28JUN19-480-C,246.79,106.33,0.001,200.0,0.003,445.0,123.29,0.0312,-0.07605,0.00297,0.00066,0.02023
8057.61,BTC-27SEP19,1559645945544,open,0.46,289.7,0.422,0.5015,0.46190536,87.07,0.51,0.0,BTC-27SEP19-4500-C,7952.13,0.0,0.022,0.1,0.7085,5.0,299.28,6.42422,-2.43472,11.73397,4e-05,0.92461
246.79,index_price,1559645945555,open,0.07,180.0,0.038,0.117,0.077824,97.51,0.08,0,ETH-7JUN19-230-C,246.79,89.85,0.076,60.0,0.083,60.0,117.45,0.06051,-1.02587,0.01413,0.01293,0.80438
8057.61,BTC-27SEP19,1559645945580,open,0.57,6.1,0.494,0.618,0.55614893,86.21,1.781,0.0,BTC-27SEP19-12000-P,7952.13,0.0,0.0105,0.1,1.295,0.3,500.0,15.2263,-5.71311,-32.35323,9e-05,-0.71963
7952.13,index_price,1559645945589,open,0.09,297.4,0.0365,0.1225,0.07951776,94.87,0.1,0,BTC-7JUN19-8500-P,7952.13,74.46,0.0745,6.0,0.081,6.0,100.31,2.12692,-35.0824,-0.53419,0.00045,-0.77311
7986.62,BTC-28JUN19,1559645945592,open,0.43,218.3,0.399,0.4785,0.43880639,116.12,0.463,0.0,BTC-28JUN19-4500-C,7952.13,0.0,0.2005,2.0,0.55,0.1,373.08,0.93629,-2.27676,2.83387,2e-05,0.98125
8057.61,BTC-27SEP19,1559645945592,open,0.01,29.3,0.0005,0.046,0.00613505,95.5,0.0055,0.0,BTC-27SEP19-3250-P,7952.13,91.82,0.005,1.0,0.0075,22.0,99.45,2.62813,-1.0924,-0.78562,1e-05,-0.02484
7986.62,BTC-28JUN19,1559645945592,open,0.02,1298.1,0.0005,0.061,0.0212268,88.41,0.0205,0.0,BTC-28JUN19-10000-C,7952.13,85.88,0.0195,19.3,0.023,19.3,90.94,5.52707,-10.23332,0.87707,0.00015,0.18911
7986.62,BTC-28JUN19,1559645945603,open,0.62,43.6,0.585,0.6645,0.6245061,134.4,0.6755,0.0,BTC-28JUN19-3000-C,7952.13,0.0,0.004,0.5,0.752,2.0,500.0,0.08511,-0.23955,1.95509,0.0,0.99874
8057.61,BTC-27SEP19,1559645945603,open,0.57,261.1,0.5335,0.613,0.57316034,92.25,0.62,0.0,BTC-27SEP19-3500-C,7952.13,0.0,0.161,1.0,0.6105,0.1,150.5,3.13888,-1.26035,10.04479,2e-05,0.96926
8057.61,BTC-27SEP19,1559645945605,open,2.78,0.0,2.594,2.893,2.74364903,98.47,None,0.0,BTC-27DEC19-30000-P,7952.13,0.0,0.0,0.0,0.0,0.0,0.0,8.96246,-2.1434,-166.52512,2e-05,-0.9204
8057.61,BTC-27SEP19,1559645945621,open,0.08,59.3,0.04,0.126,0.08291333,83.01,0.0865,0.0,BTC-27DEC19-5500-P,7952.13,81.51,0.08,14.9,0.0865,4.9,84.84,15.74988,-3.17516,-11.84347,5e-05,-0.17768
7952.13,index_price,1559645945747,open,0.0,82.3,0.0005,0.0415,0.00183211,101.06,0.0015,0,BTC-7JUN19-9250-C,7952.13,90.46,0.001,33.0,0.0025,10.6,107.69,0.73321,-12.8839,0.03046,0.00015,0.05045
246.79,index_price,1559645945758,open,0.07,80.0,0.039,0.118,0.078138,98.13,0.14,0,ETH-14JUN19-240-C,246.79,93.19,0.075,279.0,0.088,279.0,113.62,0.15682,-0.77912,0.03485,0.0097,0.60008
246.79,index_price,1559645945778,open,0.02,74.0,0.001,0.057,0.01737,104.47,0.016,0,ETH-14JUN19-290-C,246.79,94.43,0.013,144.0,0.016,40.0,101.42,0.11256,-0.59533,0.01198,0.00654,0.19683
249.5,ETH-28JUN19,1559645945795,open,0.94,0.0,0.849,1.002,0.925551,113.8,None,0.0,ETH-28JUN19-480-P,246.79,0.0,0.0,0.0,0.0,0.0,0.0,0.02791,-0.06651,-0.31136,0.0006,-0.98225
7952.13,index_price,1559645945893,open,0.0,255.2,0.0005,0.0435,0.00344104,105.05,0.0045,0,BTC-7JUN19-7000-P,7952.13,101.56,0.003,94.8,0.0045,30.0,112.68,1.03585,-18.92085,-0.05143,0.0002,-0.07864
7986.62,BTC-28JUN19,1559645945932,open,0.06,49.6,0.024,0.1035,0.06398512,88.14,0.068,0.0,BTC-28JUN19-8500-C,7952.13,85.17,0.061,5.0,0.067,18.8,91.13,8.04062,-14.8415,1.93831,0.00022,0.43501
7952.13,index_price,1559645945932,open,0.04,8.6,0.0055,0.085,0.04524635,88.38,0.041,0,BTC-7JUN19-7750-C,7952.13,80.03,0.0425,27.2,0.0485,18.0,98.15,2.63209,-40.44494,0.37473,0.0006,0.64336
246.79,index_price,1559645945941,open,0.0,730.0,0.001,0.04,0.001,111.58,0.002,0,ETH-7JUN19-300-C,246.79,0.0,0.0,0.0,0.002,100.0,125.85,0.01379,-0.24677,0.00051,0.00257,0.02732
246.79,index_price,1559645946036,open,0.01,1561.0,0.001,0.05,0.009791,97.5,0.008,0,ETH-7JUN19-230-P,246.79,85.59,0.007,132.0,0.011,240.0,102.36,0.06051,-1.02587,-0.00399,0.01293,-0.19562
246.79,index_price,1559645946043,open,0.06,27.0,0.009,0.092,0.050624,98.13,0.05,0,ETH-14JUN19-240-P,246.79,86.11,0.043,103.0,0.054,103.0,103.44,0.15682,-0.77912,-0.03008,0.0097,-0.39992
7952.13,index_price,1559645946059,open,0.0,316.8,0.0005,0.043,0.00337221,99.08,0.0035,0,BTC-7JUN19-9000-C,7952.13,92.38,0.0025,5.0,0.004,9.9,103.39,1.11148,-19.14802,0.05199,0.00023,0.08636
246.79,index_price,1559645946320,open,0.0,391.0,0.001,0.04,0.000721,116.47,0.002,0,ETH-7JUN19-200-P,246.79,0.0,0.0,0.0,0.001,105.0,122.69,0.00994,-0.17801,-0.00037,0.00178,-0.01853
246.79,index_price,1559645946325,open,0.01,500.0,0.001,0.052,0.012067,104.47,0.014,0,ETH-14JUN19-300-C,246.79,92.82,0.008,149.0,0.014,100.0,109.43,0.09329,-0.49342,0.009,0.00542,0.14679
246.79,index_price,1559645946329,open,0.0,450.0,0.001,0.042,0.002022,108.58,0.004,0,ETH-14JUN19-350-C,246.79,0.0,0.0,0.0,0.004,72.0,122.37,0.02834,-0.15582,0.00193,0.00158,0.03095
246.79,index_price,1559645946339,open,0.01,177.0,0.001,0.048,0.008634,104.8,0.01,0,ETH-7JUN19-270-C,246.79,97.5,0.007,146.0,0.011,240.0,114.6,0.05725,-1.04312,0.00331,0.01138,0.17884
8057.67,BTC-27SEP19,1559645946342,open,0.01,285.1,0.0005,0.0495,0.00994113,95.14,0.0105,0.0,BTC-27SEP19-22000-C,7952.13,91.73,0.008,15.0,0.012,6.0,98.34,4.89475,-2.02691,1.09595,3e-05,0.05316
7952.13,index_price,1559645946356,open,0.06,40.6,0.0275,0.107,0.06745545,90.46,0.0685,0,BTC-7JUN19-7500-C,7952.13,80.84,0.065,6.0,0.071,6.0,103.47,2.09482,-32.94821,0.44586,0.00046,0.77911
246.79,index_price,1559645946366,open,0.0,120.0,0.001,0.041,0.001513,110.57,0.002,0,ETH-14JUN19-360-C,246.79,0.0,0.0,0.0,0.003,100.0,123.46,0.02258,-0.12642,0.00147,0.00124,0.02357
246.79,index_price,1559645946377,open,0.23,244.0,0.168,0.265,0.216608,111.58,0.253,0,ETH-7JUN19-300-P,246.79,0.0,0.209,60.0,0.216,60.0,97.33,0.01379,-0.26748,-0.02312,0.00257,-0.97268
8057.67,BTC-27SEP19,1559645946394,open,0.02,10.0,0.0005,0.058,0.01808571,99.63,0.0285,0.0,BTC-27DEC19-32000-C,7952.13,96.98,0.0155,16.0,0.0205,16.0,101.92,8.20716,-1.98587,2.40121,2e-05,0.07092
246.79,index_price,1559645946430,open,0.0,548.0,0.001,0.04,0.00049,140.76,0.001,0,ETH-7JUN19-330-C,246.79,0.0,0.0,0.0,0.001,250.0,155.14,0.00675,-0.12092,0.00022,0.001,0.01182
7952.13,index_price,1559645946496,open,0.24,8.4,0.206,0.2855,0.24581125,134.92,0.25,0,BTC-7JUN19-6000-C,7952.13,0.0,0.0505,2.0,0.263,3.0,302.13,0.15356,-3.60221,0.46754,2e-05,0.99207
7952.13,index_price,1559645946500,open,0.02,242.8,0.0005,0.0565,0.01628533,93.14,0.0195,0,BTC-14JUN19-7000-P,7952.13,91.32,0.0155,5.0,0.018,39.0,97.04,3.45227,-16.27978,-0.42593,0.00022,-0.18167
246.79,index_price,1559645946562,open,0.0,417.0,0.001,0.04,0.000214,150.0,0.005,0,ETH-7JUN19-350-C,246.79,0.0,0.0,0.0,0.001,250.0,180.96,0.00332,-0.05292,0.0001,0.00046,0.00527
7986.66,BTC-28JUN19,1559645946569,open,0.03,25.8,0.0005,0.071,0.031257,88.39,0.0305,0.0,BTC-28JUN19-9500-C,7952.13,85.63,0.029,0.1,0.0335,36.8,91.09,6.57796,-12.17667,1.17621,0.00018,0.2564
246.79,index_price,1559645946576,open,0.08,597.0,0.028,0.112,0.070115,102.98,0.068,0,ETH-7JUN19-260-P,246.79,75.06,0.062,180.0,0.07,180.0,102.6,0.07615,-1.36339,-0.01498,0.01541,-0.70013
7952.13,index_price,1559645946599,open,0.15,22.8,0.09,0.1805,0.13514445,99.08,0.1385,0,BTC-7JUN19-9000-P,7952.13,0.0,0.1285,0.1,0.1425,10.0,138.44,1.11148,-19.14802,-0.65708,0.00023,-0.91364
246.79,index_price,1559645946611,open,0.08,11.0,0.029,0.114,0.071451,98.13,0.072,0,ETH-14JUN19-250-P,246.79,83.72,0.062,265.0,0.075,265.0,103.53,0.16195,-0.80457,-0.03814,0.01002,-0.49975
7952.13,index_price,1559645946631,open,0.0,643.0,0.0005,0.04,0.00014547,135.0,0.0005,0,BTC-7JUN19-11000-C,7952.13,0.0,0.0,0.0,0.001,10.0,170.1,0.08458,-1.15679,0.00245,1e-05,0.00405
246.79,index_price,1559645946638,open,0.43,0.0,0.364,0.477,0.420232,108.58,None,0,ETH-14JUN19-350-P,246.79,0.0,0.0,0.0,0.0,0.0,0.0,0.02834,-0.15582,-0.09277,0.00158,-0.96905
246.79,index_price,1559645946765,open,0.11,340.0,0.059,0.146,0.102682,104.8,0.138,0,ETH-7JUN19-270-P,246.79,58.88,0.095,60.0,0.102,60.0,101.82,0.05725,-1.04312,-0.01796,0.01138,-0.82116
246.79,index_price,1559645946775,open,0.14,258.0,0.111,0.19,0.150522,104.94,0.166,0,ETH-7JUN19-210-C,246.79,96.82,0.15,60.0,0.156,60.0,151.4,0.01794,-0.32725,0.01579,0.00356,0.96243
7952.13,index_price,1559645946873,open,0.0,311.8,0.0005,0.04,0.00047416,134.95,0.0005,0,BTC-7JUN19-10500-C,7952.13,0.0,0.0,0.0,0.0015,50.0,159.15,0.21885,-3.77057,0.00716,3e-05,0.0119
7986.66,BTC-28JUN19,1559645946876,open,0.23,23.1,0.172,0.2695,0.22075982,88.42,0.175,0.0,BTC-28JUN19-9500-P,7952.13,39.84,0.1915,0.1,0.3485,1.0,220.11,6.57897,-12.18177,-5.03772,0.00018,-0.74353
246.79,index_price,1559645946888,open,0.04,2.0,0.006,0.085,0.045475,102.49,0.069,0,ETH-14JUN19-260-C,246.79,93.9,0.04,121.0,0.05,121.0,109.54,0.1579,-0.81934,0.02441,0.00935,0.41098
8057.67,BTC-27SEP19,1559645946903,open,1.52,0.0,1.396,1.5955,1.49582558,93.69,None,0.0,BTC-27SEP19-20000-P,7952.13,0.0,0.006,10.0,2.2375,0.2,500.0,6.14919,-2.50746,-61.4879,3e-05,-0.9288
7952.13,index_price,1559645946930,open,0.08,0.4,0.0495,0.129,0.08943937,88.75,0.0795,0,BTC-14JUN19-7500-C,7952.13,87.15,0.0885,18.0,0.095,18.0,98.16,4.66393,-20.95763,1.27545,0.00031,0.68223
8057.67,BTC-27SEP19,1559645946930,open,0.02,16.5,0.0005,0.0625,0.02294302,96.9,0.0295,0.0,BTC-27DEC19-28000-C,7952.13,94.81,0.0205,10.0,0.025,6.0,98.56,9.7347,-2.29082,2.99602,3e-05,0.08886
7952.13,index_price,1559645946950,open,0.0,129.8,0.0005,0.04,0.00032607,134.92,0.0005,0,BTC-7JUN19-6000-P,7952.13,0.0,0.0,0.0,0.001,16.1,157.78,0.15356,-2.59298,-0.00517,2e-05,-0.00793
7952.13,index_price,1559645946969,open,0.16,15.1,0.104,0.1955,0.14960457,90.22,0.1495,0,BTC-14JUN19-9000-P,7952.13,72.28,0.1415,5.0,0.158,5.0,106.41,3.90953,-17.85723,-1.99228,0.00025,-0.77636
8057.67,BTC-27SEP19,1559645947043,open,1.77,0.0,1.631,1.8495,1.74032335,95.25,None,0.0,BTC-27SEP19-22000-P,7952.13,0.0,0.006,10.0,0.0,0.0,0.0,4.91364,-2.03699,-68.13926,3e-05,-0.94658
8057.67,BTC-27SEP19,1559645947043,open,0.01,150.4,0.0005,0.0475,0.00766561,97.07,0.008,0.0,BTC-27SEP19-24000-C,7952.13,93.48,0.006,15.0,0.0095,6.0,100.5,4.02539,-1.7008,0.86187,2e-05,0.04165
7952.13,index_price,1559645947050,open,0.01,16.7,0.0005,0.046,0.00612444,97.98,0.0075,0,BTC-7JUN19-7250-P,7952.13,97.33,0.006,100.0,0.007,30.0,102.43,1.52685,-26.01039,-0.08796,0.00031,-0.13427
246.79,index_price,1559645947143,open,0.01,52.0,0.001,0.053,0.012901,99.55,0.01,0,ETH-14JUN19-210-P,246.79,91.39,0.01,143.0,0.016,143.0,107.6,0.09159,-0.4616,-0.0104,0.00558,-0.14282
7986.69,BTC-28JUN19,1559645947177,open,0.01,166.5,0.0005,0.054,0.0141898,88.41,0.014,0.0,BTC-28JUN19-10500-C,7952.13,85.31,0.0125,53.8,0.015,0.2,89.84,4.4652,-8.26737,0.63817,0.00012,0.13634
246.79,index_price,1559645947222,open,0.0,2135.0,0.001,0.041,0.001448,104.94,0.001,0,ETH-7JUN19-210-P,246.79,0.0,0.0,0.0,0.003,523.0,122.12,0.01794,-0.32725,-0.00076,0.00356,-0.03757
249.5,ETH-28JUN19,1559645947228,open,0.0,9802.0,0.001,0.041,0.001475,121.86,0.001,0.0,ETH-28JUN19-130-P,246.79,0.0,0.0,0.0,0.003,512.0,136.54,0.02037,-0.05198,-0.00225,0.00041,-0.0123
249.5,ETH-28JUN19,1559645947240,open,0.01,6850.0,0.001,0.046,0.006684,101.93,0.005,0.0,ETH-28JUN19-170-P,246.79,91.19,0.004,390.0,0.009,390.0,109.53,0.07055,-0.15059,-0.01,0.0017,-0.05457
7952.13,index_price,1559645947268,open,0.02,124.2,0.0005,0.068,0.02824672,87.77,0.0295,0,BTC-7JUN19-8000-C,7952.13,80.0,0.0255,28.0,0.0315,18.0,96.96,2.81387,-42.93943,0.28604,0.00064,0.48481
249.5,ETH-28JUN19,1559645947267,open,0.0,5036.0,0.001,0.044,0.004558,105.91,0.009,0.0,ETH-28JUN19-160-P,246.79,97.7,0.003,500.0,0.006,240.0,112.27,0.05262,-0.11671,-0.00693,0.00122,-0.0379
246.79,index_price,1559645947274,open,0.39,106.0,0.323,0.433,0.378105,149.98,0.189,0,ETH-7JUN19-340-P,246.79,0.0,0.0,0.0,0.48,2.0,500.0,0.00565,-0.14736,-0.02661,0.00079,-0.99037
249.5,ETH-28JUN19,1559645947275,open,0.02,4722.0,0.001,0.055,0.014897,97.09,0.013,0.0,ETH-28JUN19-190-P,246.79,93.11,0.013,147.0,0.017,240.0,101.36,0.12076,-0.24552,-0.02054,0.00305,-0.11098
249.5,ETH-28JUN19,1559645947282,open,0.0,7787.0,0.001,0.042,0.002442,105.91,0.003,0.0,ETH-28JUN19-150-P,246.79,92.18,0.001,351.0,0.003,95.0,109.84,0.03351,-0.07432,-0.00399,0.00078,-0.02201
254.75,ETH-27SEP19,1559645947283,open,0.04,303.0,0.001,0.078,0.038147,106.91,0.04,0.0,ETH-27SEP19-560-C,246.79,104.51,0.035,48.0,0.042,150.0,109.72,0.34118,-0.15876,0.09404,0.00156,0.15543
7986.69,BTC-28JUN19,1559645947368,open,0.0,1360.6,0.0005,0.04,0.0002541,123.15,0.0005,0.0,BTC-28JUN19-20000-C,7952.13,0.0,0.0,0.0,0.0005,10.9,131.34,0.18221,-0.46991,0.01391,0.0,0.00292
8057.7,BTC-27SEP19,1559645947368,open,0.02,1038.2,0.0005,0.0565,0.01621282,88.12,0.015,0.0,BTC-27SEP19-4250-P,7952.13,85.55,0.0145,15.0,0.0185,6.0,91.38,5.49967,-2.10948,-1.97436,3e-05,-0.06164
8057.7,BTC-27SEP19,1559645947368,open,0.36,231.0,0.3235,0.403,0.36319956,84.44,0.3605,0.0,BTC-27SEP19-5500-C,7952.13,0.0,0.004,0.6,0.459,3.0,150.13,10.46819,-3.84743,12.38379,6e-05,0.85152
8057.7,BTC-27SEP19,1559645947370,open,0.54,0.0,0.505,0.5845,0.54457673,90.92,None,0.0,BTC-27SEP19-3750-C,7952.13,0.0,0.006,10.0,0.7385,10.0,298.54,3.86867,-1.53092,10.54362,2e-05,0.96034
8057.7,BTC-27SEP19,1559645947370,open,0.14,76.3,0.0885,0.1785,0.13361449,81.63,0.1415,0.0,BTC-27DEC19-6500-P,7952.13,80.34,0.1305,10.0,0.138,4.9,83.45,19.45635,-3.85721,-17.68973,7e-05,-0.25561
7986.69,BTC-28JUN19,1559645947398,open,0.0,479.9,0.0005,0.0415,0.00154186,98.91,0.001,0.0,BTC-28JUN19-14000-C,7952.13,93.46,0.001,13.5,0.002,24.0,102.58,0.91325,-1.89172,0.08708,2e-05,0.01821
7986.69,BTC-28JUN19,1559645947398,open,0.0,1396.0,0.0005,0.04,2e-08,135.0,0.001,0.0,BTC-28JUN19-1500-P,7952.13,0.0,0.0,0.0,0.0005,90.1,258.46,3e-05,-8e-05,0.0,0.0,0.0
8057.7,BTC-27SEP19,1559645947398,open,0.43,13.5,0.396,0.4755,0.4358666,86.21,0.382,0.0,BTC-27SEP19-4750-C,7952.13,0.0,0.0115,0.1,0.6985,5.0,298.83,7.40244,-2.77775,11.99807,4e-05,0.90898
7952.13,index_price,1559645947409,open,0.18,20.7,0.1445,0.224,0.18419644,128.41,0.255,0,BTC-7JUN19-6500-C,7952.13,0.0,0.0005,3.0,0.203,3.0,253.0,0.53153,-11.86725,0.48986,8e-05,0.96608
246.79,index_price,1559645947436,open,0.12,0.0,0.09,0.169,0.129874,98.17,None,0,ETH-14JUN19-220-C,246.79,98.43,0.13,60.0,0.14,60.0,118.41,0.11832,-0.58808,0.04381,0.00731,0.78592
8057.55,BTC-27SEP19,1559645947437,open,0.31,718.9,0.28,0.3595,0.31977557,83.75,0.355,0.0,BTC-27SEP19-6000-C,7952.13,39.53,0.2635,0.1,0.329,6.1,89.68,12.43247,-4.53204,12.32531,7e-05,0.80578
246.79,index_price,1559645947444,open,0.03,11.0,0.001,0.074,0.034223,104.47,0.026,0,ETH-14JUN19-270-C,246.79,97.32,0.03,1.0,0.038,130.0,110.75,0.14719,-0.7785,0.01982,0.00855,0.331
246.79,index_price,1559645947458,open,0.03,354.0,0.001,0.068,0.028624,97.5,0.034,0,ETH-7JUN19-250-C,246.79,90.05,0.026,115.0,0.034,254.0,112.75,0.0869,-1.47324,0.00834,0.01857,0.45777
8057.7,BTC-27SEP19,1559645947538,open,0.36,5.7,0.298,0.4055,0.35186487,84.72,0.334,0.0,BTC-27SEP19-10000-P,7952.13,81.34,0.3445,3.6,0.3575,3.6,87.29,17.61523,-6.4955,-23.77886,0.0001,-0.58579
8057.7,BTC-27SEP19,1559645947553,open,0.01,382.8,0.0005,0.0475,0.00754403,92.28,0.005,0.0,BTC-27SEP19-3500-P,7952.13,88.08,0.006,15.0,0.0095,21.0,97.0,3.14146,-1.26182,-0.97176,2e-05,-0.03077
7986.69,BTC-28JUN19,1559645947571,open,0.08,714.2,0.049,0.1285,0.08898618,88.14,0.088,0.0,BTC-28JUN19-8000-C,7952.13,85.2,0.086,5.3,0.0925,11.6,91.6,8.104,-14.95848,2.36639,0.00022,0.54194
8057.7,BTC-27SEP19,1559645947574,open,0.02,87.4,0.0005,0.0635,0.02281711,90.44,0.0195,0.0,BTC-27DEC19-3500-P,7952.13,88.34,0.021,6.0,0.0255,10.0,93.43,7.06988,-1.55295,-3.69711,2e-05,-0.05853
8057.7,BTC-27SEP19,1559645947574,open,0.44,55.9,0.402,0.4815,0.44173754,83.78,0.47,0.0,BTC-27DEC19-5000-C,7952.13,0.0,0.0065,0.2,0.4615,15.0,95.19,13.57568,-2.76217,18.9354,4e-05,0.85837
7986.69,BTC-28JUN19,1559645947576,open,0.53,30.0,0.491,0.5705,0.53096441,120.83,0.298,0.0,BTC-28JUN19-3750-C,7952.13,0.0,0.0015,4.0,0.7125,3.0,500.0,0.27682,-0.70048,2.4261,1e-05,0.99535
7986.69,BTC-28JUN19,1559645947576,open,0.56,143.2,0.5225,0.602,0.56239846,134.83,0.5915,0.0,BTC-28JUN19-3500-C,7952.13,0.0,0.15,0.1,0.7245,3.0,500.0,0.3038,-0.8578,2.25921,1e-05,0.99484
7986.69,BTC-28JUN19,1559645947576,open,0.0,387.0,0.0005,0.042,0.00238954,93.86,0.002,0.0,BTC-28JUN19-13000-C,7952.13,87.65,0.0015,0.5,0.0035,24.0,99.81,1.3168,-2.5884,0.13438,3e-05,0.02811
8057.7,BTC-27SEP19,1559645947578,open,1.55,0.0,1.4255,1.627,1.52606371,90.91,None,0.0,BTC-27DEC19-20000-P,7952.13,0.0,0.006,5.0,2.3895,0.2,500.0,14.78779,-3.26502,-107.48681,4e-05,-0.83894
8057.7,BTC-27SEP19,1559645947581,open,2.02,0.0,1.867,2.1055,1.9862388,97.18,None,0.0,BTC-27SEP19-24000-P,7952.13,0.0,0.0,0.0,0.0,0.0,0.0,4.04363,-1.71046,-74.66833,2e-05,-0.95812
246.79,index_price,1559645947597,open,0.15,341.0,0.094,0.184,0.138637,105.35,0.177,0,ETH-7JUN19-280-P,246.79,0.0,0.131,60.0,0.138,60.0,100.98,0.03738,-0.68462,-0.02027,0.00739,-0.90377
8057.7,BTC-27SEP19,1559645947604,open,0.2,144.5,0.1605,0.24,0.20023373,81.57,0.202,0.0,BTC-27DEC19-9000-C,7952.13,81.66,0.2005,18.6,0.2075,12.9,84.02,23.95202,-4.74502,15.89854,8e-05,0.55005
8057.7,BTC-27SEP19,1559645947609,open,0.68,0.0,0.5995,0.7325,0.66611593,87.06,None,0.0,BTC-27SEP19-13000-P,7952.13,0.0,0.0065,0.1,1.412,0.3,500.0,13.76376,-5.21551,-36.39104,8e-05,-0.76887
8057.7,BTC-27SEP19,1559645947633,open,0.8,0.0,0.7085,0.8505,0.77967528,88.04,None,0.0,BTC-27SEP19-14000-P,7952.13,0.0,0.0065,0.1,1.529,0.3,500.0,12.33499,-4.7266,-40.27019,7e-05,-0.80828
8057.7,BTC-27SEP19,1559645947690,open,0.11,845.9,0.071,0.1505,0.11079283,84.71,0.104,0.0,BTC-27SEP19-10000-C,7952.13,82.74,0.1065,13.6,0.114,12.7,86.17,17.6149,-6.49457,7.69367,0.0001,0.41417
7952.13,index_price,1559645947707,open,0.04,298.0,0.0005,0.0755,0.03426649,87.77,0.038,0,BTC-7JUN19-8000-P,7952.13,77.12,0.0305,18.0,0.0365,18.0,94.08,2.81387,-42.93943,-0.34425,0.00064,-0.51519
8057.7,BTC-27SEP19,1559645947725,open,0.29,53.7,0.2565,0.336,0.29617836,81.57,0.33,0.0,BTC-27DEC19-7000-C,7952.13,39.96,0.189,0.1,0.3565,0.1,105.02,20.91173,-4.14269,18.5361,7e-05,0.70402
8057.7,BTC-27SEP19,1559645947742,open,0.24,830.8,0.2065,0.286,0.24635142,83.55,0.239,0.0,BTC-27SEP19-7000-C,7952.13,0.0,0.055,2.4,0.2565,6.1,88.77,15.63269,-5.6848,11.59396,9e-05,0.70353
8057.7,BTC-27SEP19,1559645947763,open,0.05,184.6,0.014,0.0935,0.05396003,89.12,0.0555,0.0,BTC-27DEC19-18000-C,7952.13,87.67,0.051,4.9,0.057,4.9,90.58,16.59098,-3.59107,6.32855,5e-05,0.19321
8057.7,BTC-27SEP19,1559645947763,open,0.01,178.6,0.0005,0.05,0.00985365,99.28,0.0095,0.0,BTC-27DEC19-2500-P,7952.13,96.19,0.0085,10.0,0.012,10.0,103.78,3.66031,-0.8826,-1.63159,1e-05,-0.02605
8057.7,BTC-27SEP19,1559645947781,open,0.81,42.8,0.7755,0.855,0.81515651,133.52,0.815,0.0,BTC-27SEP19-1500-C,7952.13,0.0,0.0,0.0,0.0,0.0,0.0,0.58436,-0.33959,4.57577,0.0,0.99559
8057.7,BTC-27SEP19,1559645947793,open,0.03,201.9,0.0005,0.066,0.02636719,95.49,0.03,0.0,BTC-27DEC19-26000-C,7952.13,93.66,0.024,10.0,0.0285,6.0,97.06,10.71052,-2.48386,3.39949,3e-05,0.10117
7986.69,BTC-28JUN19,1559645947830,open,0.0,721.9,0.0005,0.041,0.00127608,106.22,0.002,0.0,BTC-28JUN19-15000-C,7952.13,103.03,0.001,6.0,0.0015,24.0,108.48,0.75033,-1.66912,0.06897,2e-05,0.01448
8057.7,BTC-27SEP19,1559645947830,open,0.11,185.3,0.0625,0.1505,0.10640574,82.15,0.113,0.0,BTC-27DEC19-6000-P,7952.13,80.83,0.1035,10.0,0.11,4.9,83.78,17.72077,-3.53553,-14.64443,6e-05,-0.21581
8057.7,BTC-27SEP19,1559645947830,open,0.04,33.7,0.0005,0.076,0.03602868,92.26,0.039,0.0,BTC-27DEC19-22000-C,7952.13,90.37,0.033,16.0,0.0385,6.0,93.75,13.13858,-2.94399,4.49782,4e-05,0.13499
254.76,ETH-27SEP19,1559645947877,open,0.26,807.0,0.226,0.305,0.265961,92.29,0.254,0.0,ETH-27SEP19-220-C,246.79,88.69,0.259,116.0,0.272,116.0,95.42,0.49223,-0.19773,0.35295,0.00261,0.70616
254.76,ETH-27SEP19,1559645947877,open,0.33,88.0,0.272,0.377,0.324039,93.24,0.279,0.0,ETH-27SEP19-300-P,246.79,89.19,0.315,36.0,0.331,36.0,96.35,0.56944,-0.2311,-0.67701,0.00299,-0.52032
249.51,ETH-28JUN19,1559645947877,open,0.36,922.0,0.324,0.403,0.363276,105.83,0.363,0.0,ETH-28JUN19-160-C,246.79,0.0,0.1,3.0,0.0,0.0,0.0,0.0525,-0.11635,0.09775,0.00122,0.96221
254.76,ETH-27SEP19,1559645947877,open,0.19,960.0,0.157,0.236,0.196249,92.29,0.202,0.0,ETH-27SEP19-260-C,246.79,89.89,0.191,80.0,0.203,114.0,95.39,0.5566,-0.22359,0.31322,0.00295,0.58689
249.51,ETH-28JUN19,1559645947877,open,0.25,141.0,0.19,0.288,0.239392,98.26,0.265,0.0,ETH-28JUN19-300-P,246.79,91.79,0.234,48.0,0.243,48.0,102.47,0.21167,-0.43558,-0.15793,0.00529,-0.72828
249.51,ETH-28JUN19,1559645947890,open,0.6,0.0,0.56,0.639,0.599881,149.53,None,0.0,ETH-28JUN19-100-C,246.79,0.0,0.0,0.0,0.0,0.0,0.0,0.00908,-0.02843,0.0645,0.00015,0.99509
7986.69,BTC-28JUN19,1559645947890,open,0.01,683.1,0.0005,0.047,0.00695933,100.57,0.006,0.0,BTC-28JUN19-5500-P,7952.13,95.31,0.0055,34.0,0.0085,46.5,105.57,2.34327,-4.93529,-0.33512,6e-05,-0.05719
254.76,ETH-27SEP19,1559645947897,open,0.31,1728.0,0.269,0.348,0.308801,92.29,0.32,0.0,ETH-27SEP19-200-C,246.79,88.32,0.302,12.0,0.315,12.0,95.89,0.43799,-0.17594,0.36672,0.00232,0.76617
7986.69,BTC-28JUN19,1559645947902,open,0.06,457.5,0.018,0.1025,0.06012207,88.39,0.0585,0.0,BTC-28JUN19-7500-P,7952.13,85.61,0.0575,29.3,0.0635,31.1,91.96,7.54892,-13.97341,-2.13134,0.0002,-0.34784
254.76,ETH-27SEP19,1559645947910,open,0.1,2858.0,0.051,0.137,0.093884,92.31,0.075,0.0,ETH-27SEP19-200-P,246.79,88.29,0.087,48.0,0.095,5.0,92.96,0.438,-0.17598,-0.26277,0.00232,-0.23384
254.76,ETH-27SEP19,1559645947929,open,0.13,758.0,0.087,0.166,0.126993,93.75,0.122,0.0,ETH-27SEP19-320-C,246.79,91.94,0.123,226.0,0.13,30.0,95.12,0.56195,-0.22931,0.2448,0.00293,0.43231
249.51,ETH-28JUN19,1559645947929,open,0.08,2129.0,0.04,0.119,0.079729,95.61,0.071,0.0,ETH-28JUN19-260-C,246.79,91.95,0.076,115.0,0.085,259.0,100.77,0.25431,-0.50917,0.06559,0.00653,0.48159
7986.69,BTC-28JUN19,1559645947931,open,0.0,312.4,0.0005,0.0425,0.0028356,110.75,0.0025,0.0,BTC-28JUN19-4750-P,7952.13,99.72,0.0015,144.0,0.004,24.0,117.99,1.15642,-2.68207,-0.14056,3e-05,-0.02407
8057.7,BTC-27SEP19,1559645947935,open,0.75,28.2,0.714,0.7935,0.75380559,118.01,0.755,0.0,BTC-27SEP19-2000-C,7952.13,0.0,0.0075,0.1,0.957,5.0,500.0,0.9283,-0.47682,6.05506,0.0,0.99257
8057.7,BTC-27SEP19,1559645947944,open,0.08,95.8,0.0385,0.118,0.07822033,86.77,0.079,0.0,BTC-27DEC19-15000-C,7952.13,85.04,0.074,14.9,0.0825,14.9,88.49,19.82403,-4.17744,8.49197,6e-05,0.26507
8057.7,BTC-27SEP19,1559645947944,open,0.04,165.9,0.004,0.0835,0.04391959,90.89,0.0455,0.0,BTC-27DEC19-20000-C,7952.13,89.27,0.041,9.0,0.0465,4.9,92.28,14.781,-3.26262,5.31874,4e-05,0.16095
254.76,ETH-27SEP19,1559645947967,open,0.52,81.0,0.453,0.573,0.512581,96.33,0.428,0.0,ETH-27SEP19-360-P,246.79,0.0,0.001,50.0,0.0,0.0,0.0,0.53252,-0.22326,-0.9275,0.00271,-0.64419
8057.7,BTC-27SEP19,1559645947984,open,0.53,27.1,0.497,0.5765,0.53679864,87.85,0.542,0.0,BTC-27DEC19-4000-C,7952.13,0.0,0.0195,0.1,0.6955,0.2,199.87,9.17097,-1.95673,17.32243,3e-05,0.91794
246.79,index_price,1559645947989,open,0.22,61.0,0.191,0.27,0.230821,140.31,0.205,0,ETH-7JUN19-190-C,246.79,0.0,0.23,60.0,0.236,60.0,209.53,0.00844,-0.20594,0.01466,0.00125,0.98469
7952.13,index_price,1559645947996,open,0.0,168.3,0.0005,0.0415,0.00158755,128.41,0.0015,0,BTC-7JUN19-6500-P,7952.13,127.08,0.0015,96.5,0.002,17.7,134.18,0.53154,-11.8675,-0.02225,8e-05,-0.03392
249.51,ETH-28JUN19,1559645947998,open,0.0,7782.0,0.001,0.042,0.002007,122.27,0.002,0.0,ETH-28JUN19-500-C,246.79,111.88,0.001,200.0,0.003,250.0,129.43,0.0301,-0.07708,0.00284,0.0006,0.01939
249.51,ETH-28JUN19,1559645948016,open,0.46,0.0,0.396,0.511,0.453562,100.76,None,0.0,ETH-28JUN19-360-P,246.79,0.0,0.442,1.0,0.0,0.0,0.0,0.11025,-0.23264,-0.22126,0.00269,-0.90212
7986.69,BTC-28JUN19,1559645948034,open,0.37,691.1,0.338,0.4175,0.37787228,107.48,0.427,0.0,BTC-28JUN19-5000-C,7952.13,0.0,0.25,1.9,0.45,0.1,266.19,1.49625,-3.36781,3.07885,3e-05,0.9672
254.76,ETH-27SEP19,1559645948048,open,0.35,743.0,0.318,0.397,0.357545,92.29,0.337,0.0,ETH-27SEP19-180-C,246.79,0.0,0.23,1.0,0.5,1.0,183.9,0.37007,-0.14865,0.37381,0.00196,0.82376
7952.13,index_price,1559645948062,open,0.0,550.8,0.0005,0.0405,0.0007732,122.53,0.0015,0,BTC-7JUN19-10000-C,7952.13,0.0,0.0,0.0,0.0015,9.9,135.98,0.34266,-6.14863,0.01208,6e-05,0.02006
254.76,ETH-27SEP19,1559645948064,open,0.17,1060.0,0.13,0.209,0.16958,92.85,0.162,0.0,ETH-27SEP19-280-C,246.79,90.35,0.164,199.0,0.177,155.0,96.18,0.5684,-0.22971,0.29021,0.003,0.53152
254.76,ETH-27SEP19,1559645948066,open,0.13,2006.0,0.085,0.174,0.129553,92.31,0.089,0.0,ETH-27SEP19-220-P,246.79,88.4,0.122,128.0,0.134,157.0,94.61,0.49223,-0.19777,-0.33948,0.00261,-0.29384
249.51,ETH-28JUN19,1559645948072,open,0.64,0.0,0.6,0.679,0.639554,149.16,None,0.0,ETH-28JUN19-90-C,246.79,0.0,0.002,5.0,0.0,0.0,0.0,0.00422,-0.01317,0.05849,7e-05,0.99791
254.76,ETH-27SEP19,1559645948080,open,0.0,1743.0,0.001,0.042,0.002487,102.11,0.003,0.0,ETH-27SEP19-80-P,246.79,0.0,0.0,0.0,0.005,150.0,114.92,0.03971,-0.01765,-0.0104,0.00019,-0.01049
249.51,ETH-28JUN19,1559645948090,open,0.62,0.0,0.544,0.672,0.607971,102.99,None,0.0,ETH-28JUN19-400-P,246.79,0.0,0.0,0.0,0.0,0.0,0.0,0.06419,-0.13844,-0.25453,0.00153,-0.95155
249.51,ETH-28JUN19,1559645948090,open,0.4,481.0,0.362,0.441,0.401239,105.77,0.46,0.0,ETH-28JUN19-150-C,246.79,0.0,0.021,1.0,0.5,200.0,324.1,0.03334,-0.07385,0.09415,0.00077,0.97812
8057.7,BTC-27SEP19,1559645948095,open,0.46,3.2,0.393,0.5085,0.45074371,85.37,0.481,0.0,BTC-27SEP19-11000-P,7952.13,40.0,0.375,0.1,1.179,0.3,500.0,16.57691,-6.1595,-28.1497,0.0001,-0.65927
246.79,index_price,1559645948108,open,0.0,1463.0,0.001,0.044,0.0046,104.94,0.006,0,ETH-7JUN19-220-P,246.79,100.98,0.004,10.0,0.006,371.0,113.42,0.03851,-0.70264,-0.00204,0.00765,-0.10023
246.79,index_price,1559645948108,open,0.1,1.0,0.062,0.141,0.101963,98.13,0.138,0,ETH-14JUN19-230-C,246.79,94.7,0.1,60.0,0.113,60.0,117.07,0.14167,-0.70384,0.03977,0.00876,0.6975
8057.7,BTC-27SEP19,1559645948132,open,0.0,100.9,0.0005,0.0435,0.00363162,116.33,0.003,0.0,BTC-27DEC19-1500-P,7952.13,109.49,0.0025,0.3,0.005,10.0,123.06,1.48661,-0.41999,-0.57908,0.0,-0.00911
7986.73,BTC-28JUN19,1559645948147,open,0.75,20.1,0.71,0.7895,0.74958234,0.0,0.578,0.0,BTC-28JUN19-2000-C,7952.13,0.0,0.004,0.2,0.814,1.0,500.0,0.0,0.0,1.30826,0.0,1.0
7952.13,index_price,1559645948158,open,0.01,295.3,0.0005,0.0505,0.01062144,94.86,0.009,0,BTC-7JUN19-8500-C,7952.13,88.67,0.009,0.2,0.0115,24.0,98.12,2.12691,-35.08168,0.13549,0.00045,0.22688
249.51,ETH-28JUN19,1559645948186,open,0.25,586.0,0.214,0.293,0.253374,97.08,0.334,0.0,ETH-28JUN19-190-C,246.79,89.76,0.25,48.0,0.257,48.0,104.27,0.12072,-0.24542,0.10375,0.00305,0.88907
8057.7,BTC-27SEP19,1559645948176,open,0.04,134.7,0.0025,0.082,0.04217723,88.02,0.0435,0.0,BTC-27SEP19-14000-C,7952.13,86.25,0.0395,14.9,0.045,19.6,89.84,12.33146,-4.72412,3.79027,7e-05,0.19163
8057.72,BTC-27SEP19,1559645948191,open,0.05,150.8,0.013,0.0925,0.05272354,87.04,0.052,0.0,BTC-27SEP19-13000-C,7952.13,85.14,0.0495,4.9,0.0555,14.3,88.66,13.76141,-5.2136,4.52251,8e-05,0.23106
8057.72,BTC-27SEP19,1559645948191,open,0.14,377.1,0.1045,0.184,0.14449778,84.29,0.1355,0.0,BTC-27DEC19-11000-C,7952.13,82.76,0.14,0.1,0.149,10.0,85.81,23.77472,-4.86699,12.99732,8e-05,0.43047
249.51,ETH-28JUN19,1559645948200,open,0.31,51.0,0.255,0.359,0.307209,99.19,0.211,0.0,ETH-28JUN19-320-P,246.79,0.0,0.001,50.0,0.0,0.0,0.0,0.17679,-0.36721,-0.18127,0.00438,-0.80345
249.51,ETH-28JUN19,1559645948200,open,0.0,3083.0,0.001,0.04,0.000683,149.96,0.001,0.0,ETH-28JUN19-100-P,246.79,0.0,0.0,0.0,0.002,300.0,173.68,0.00923,-0.02899,-0.00093,0.00015,-0.005
254.76,ETH-27SEP19,1559645948209,open,0.09,1170.0,0.048,0.127,0.087443,96.92,0.094,0.0,ETH-27SEP19-380-C,246.79,94.69,0.083,100.0,0.088,600.0,97.19,0.51209,-0.21601,0.18765,0.00259,0.32148
8057.72,BTC-27SEP19,1559645948215,open,0.27,85.6,0.2105,0.311,0.26065768,83.88,0.265,0.0,BTC-27SEP19-9000-P,7952.13,81.12,0.2545,3.6,0.266,3.6,86.26,18.03391,-6.58368,-19.28775,0.00011,-0.4999
8057.72,BTC-27SEP19,1559645948215,open,0.18,1006.7,0.1485,0.228,0.18823536,83.55,0.184,0.0,BTC-27SEP19-8000-C,7952.13,81.37,0.1835,8.6,0.193,11.2,85.75,17.48038,-6.35686,10.40655,0.0001,0.59859
7986.73,BTC-28JUN19,1559645948215,open,0.0,685.1,0.0005,0.04,1.9e-05,135.0,0.001,0.0,BTC-28JUN19-2500-P,7952.13,0.0,0.0,0.0,0.001,10.0,197.25,0.01567,-0.04432,-0.00116,0.0,-0.0002
8057.72,BTC-27SEP19,1559645948215,open,0.16,438.0,0.1265,0.206,0.16608445,81.9,0.172,0.0,BTC-27DEC19-10000-C,7952.13,81.87,0.166,25.6,0.1765,10.0,85.38,24.1194,-4.79746,14.38669,8e-05,0.48263
8057.72,BTC-27SEP19,1559645948215,open,0.58,4.0,0.5485,0.628,0.58844465,90.44,0.59,0.0,BTC-27DEC19-3500-C,7952.13,0.0,0.0065,1.1,0.995,1.0,500.0,7.06909,-1.55265,16.04506,2e-05,0.94148
249.51,ETH-28JUN19,1559645948239,open,0.04,2529.0,0.001,0.076,0.036987,98.21,0.034,0.0,ETH-28JUN19-300-C,246.79,94.65,0.034,137.0,0.041,329.0,102.88,0.21161,-0.4352,0.03828,0.00529,0.27156
254.76,ETH-27SEP19,1559645948239,open,0.07,4776.0,0.022,0.106,0.06412,92.31,0.06,0.0,ETH-27SEP19-180-P,246.79,88.75,0.059,48.0,0.068,182.0,94.96,0.3701,-0.14869,-0.19274,0.00196,-0.17626
8057.72,BTC-27SEP19,1559645948246,open,0.48,0.2,0.449,0.5285,0.48876063,88.11,0.26,0.0,BTC-27SEP19-4250-C,7952.13,0.0,0.0115,0.1,0.7185,5.0,299.43,5.49853,-2.10878,11.40219,3e-05,0.93838
254.76,ETH-27SEP19,1559645948248,open,0.46,31.0,0.39,0.505,0.44747,95.42,0.368,0.0,ETH-27SEP19-340-P,246.79,90.53,0.437,36.0,0.453,36.0,97.97,0.54954,-0.22822,-0.84549,0.00282,-0.60702
249.51,ETH-28JUN19,1559645948248,open,0.18,274.0,0.13,0.224,0.177013,97.13,0.141,0.0,ETH-28JUN19-280-P,246.79,90.84,0.171,144.0,0.181,144.0,101.25,0.24029,-0.48876,-0.13221,0.00608,-0.63303
249.51,ETH-28JUN19,1559645948274,open,0.0,2026.0,0.001,0.04,0.000276,150.0,0.001,0.0,ETH-28JUN19-90-P,246.79,0.0,0.0,0.0,0.001,150.0,174.37,0.00439,-0.01378,-0.0004,7e-05,-0.00219
8057.72,BTC-27SEP19,1559645948316,open,0.52,13.1,0.4495,0.57,0.50966685,84.3,0.413,0.0,BTC-27DEC19-11000-P,7952.13,77.59,0.49,3.6,0.5055,3.6,82.88,23.77497,-4.86741,-49.04717,8e-05,-0.5695
254.76,ETH-27SEP19,1559645948320,open,0.14,1612.0,0.107,0.186,0.146414,93.22,0.159,0.0,ETH-27SEP19-300-C,246.79,91.24,0.142,223.0,0.154,159.0,96.61,0.56943,-0.23104,0.26717,0.00299,0.47963
249.51,ETH-28JUN19,1559645948320,open,0.0,4769.0,0.001,0.04,0.00068,121.88,0.001,0.0,ETH-28JUN19-120-P,246.79,0.0,0.0,0.0,0.001,100.0,128.17,0.01107,-0.02825,-0.00111,0.00022,-0.00614
246.79,index_price,1559645948343,open,0.03,11.0,0.001,0.074,0.034223,104.47,0.026,0,ETH-14JUN19-270-C,246.79,97.32,0.03,131.0,0.038,130.0,110.75,0.14719,-0.7785,0.01982,0.00855,0.331
7986.73,BTC-28JUN19,1559645948345,open,0.01,551.8,0.0005,0.0495,0.00968882,89.16,0.0075,0.0,BTC-28JUN19-11000-C,7952.13,85.19,0.008,54.0,0.011,24.3,92.03,3.54755,-6.62425,0.46439,0.0001,0.09858
7986.73,BTC-28JUN19,1559645948345,open,0.59,0.1,0.5535,0.633,0.59338375,134.74,0.395,0.0,BTC-28JUN19-3250-C,7952.13,0.0,0.0015,1.4,0.7375,2.0,500.0,0.1703,-0.48054,2.11017,0.0,0.99729
7986.73,BTC-28JUN19,1559645948345,open,0.0,137.0,0.0005,0.0405,0.00050262,121.03,0.001,0.0,BTC-28JUN19-3750-P,7952.13,0.0,0.0,0.0,0.001,1.0,132.03,0.27958,-0.70865,-0.02719,1e-05,-0.0047
8057.72,BTC-27SEP19,1559645948345,open,0.26,93.7,0.2285,0.308,0.26845063,81.57,0.2675,0.0,BTC-27DEC19-7500-C,7952.13,81.59,0.2685,3.6,0.2795,3.6,85.61,22.07254,-4.3727,17.97712,7e-05,0.664
8057.72,BTC-27SEP19,1559645948347,open,1.07,0.0,0.972,1.1355,1.05372529,87.3,None,0.0,BTC-27DEC19-16000-P,7952.13,0.0,0.006,5.0,1.902,0.2,500.0,18.65211,-3.95484,-82.60135,6e-05,-0.76373
8057.72,BTC-27SEP19,1559645948347,open,0.33,12.4,0.265,0.3695,0.31719297,81.58,0.3255,0.0,BTC-27DEC19-9000-P,7952.13,78.15,0.307,3.6,0.32,3.6,82.52,23.95196,-4.74534,-34.86541,8e-05,-0.44994
249.51,ETH-28JUN19,1559645948344,open,0.0,5036.0,0.001,0.044,0.004558,105.95,0.009,0.0,ETH-28JUN19-160-P,246.79,97.7,0.003,500.0,0.006,390.0,112.28,0.05266,-0.11685,-0.00693,0.00122,-0.03793
249.51,ETH-28JUN19,1559645948369,open,0.01,7252.0,0.001,0.05,0.009939,98.96,0.008,0.0,ETH-28JUN19-180-P,246.79,93.52,0.008,150.0,0.012,390.0,104.24,0.09333,-0.19341,-0.0144,0.00232,-0.07829
249.51,ETH-28JUN19,1559645948376,open,0.11,1465.0,0.076,0.155,0.115145,95.03,0.111,0.0,ETH-28JUN19-240-C,246.79,90.81,0.111,102.0,0.119,246.0,98.96,0.2447,-0.48699,0.0809,0.00632,0.6108
254.76,ETH-27SEP19,1559645948382,open,0.1,2858.0,0.051,0.137,0.093884,92.31,0.075,0.0,ETH-27SEP19-200-P,246.79,88.29,0.087,170.0,0.095,5.0,92.96,0.438,-0.17598,-0.26277,0.00232,-0.23384
254.76,ETH-27SEP19,1559645948396,open,0.13,2006.0,0.085,0.174,0.129553,92.31,0.089,0.0,ETH-27SEP19-220-P,246.79,88.4,0.122,237.0,0.134,157.0,94.61,0.49223,-0.19777,-0.33948,0.00261,-0.29384
254.76,ETH-27SEP19,1559645948404,open,0.17,1604.0,0.124,0.217,0.170712,92.31,0.16,0.0,ETH-27SEP19-240-P,246.79,89.1,0.164,80.0,0.176,143.0,94.85,0.53163,-0.2136,-0.42082,0.00282,-0.35414
7986.73,BTC-28JUN19,1559645948412,open,0.68,24.4,0.647,0.7265,0.68699547,132.57,0.5115,0.0,BTC-28JUN19-2500-C,7952.13,0.0,0.0025,0.5,0.781,1.0,500.0,0.01272,-0.03531,1.6344,0.0,0.99984
254.76,ETH-27SEP19,1559645948410,open,0.19,960.0,0.157,0.236,0.196249,92.29,0.202,0.0,ETH-27SEP19-260-C,246.79,89.89,0.191,194.0,0.203,114.0,95.39,0.5566,-0.22359,0.31322,0.00295,0.58689
7986.73,BTC-28JUN19,1559645948421,open,0.0,517.5,0.0005,0.0405,0.00092648,120.41,0.005,0.0,BTC-28JUN19-4000-P,7952.13,0.0,0.0,0.0,0.0015,1.0,128.86,0.4582,-1.15542,-0.04775,1e-05,-0.00821
8057.72,BTC-27SEP19,1559645948421,open,0.69,55.9,0.6525,0.732,0.69216425,102.71,0.689,0.0,BTC-27SEP19-2500-C,7952.13,0.0,0.0065,0.1,0.951,5.0,500.0,1.22501,-0.54765,7.5482,1e-05,0.98981
8057.72,BTC-27SEP19,1559645948421,open,0.0,420.5,0.0005,0.042,0.00201993,118.05,0.0035,0.0,BTC-27SEP19-2000-P,7952.13,98.51,0.0005,5.0,0.002,4.9,117.88,0.92964,-0.47767,-0.23993,0.0,-0.00744
246.79,index_price,1559645948501,open,0.19,570.0,0.131,0.224,0.177103,108.39,0.173,0,ETH-7JUN19-290-P,246.79,0.0,0.001,30.0,0.176,60.0,93.95,0.02319,-0.43696,-0.02188,0.00446,-0.94834
7952.13,index_price,1559645948517,open,0.27,9.3,0.208,0.3085,0.25829792,122.53,0.234,0,BTC-7JUN19-10000-P,7952.13,0.0,0.011,1.0,0.2685,3.0,209.83,0.34266,-7.30031,-0.77578,6e-05,-0.97994
8057.72,BTC-27SEP19,1559645948521,open,0.03,36.7,0.0005,0.0705,0.03053352,93.89,0.0365,0.0,BTC-27DEC19-24000-C,7952.13,91.76,0.0275,16.0,0.033,6.0,95.54,11.81755,-2.69461,3.88362,3e-05,0.11598
8057.72,BTC-27SEP19,1559645948533,open,0.01,158.7,0.0005,0.055,0.01487247,93.6,0.014,0.0,BTC-27DEC19-3000-P,7952.13,91.41,0.0135,6.0,0.0165,0.8,96.08,5.15732,-1.17234,-2.46926,2e-05,-0.03946
7986.73,BTC-28JUN19,1559645948579,open,0.0,94.5,0.0005,0.04,0.00031434,135.0,0.002,0.0,BTC-28JUN19-3250-P,7952.13,0.0,0.0,0.0,0.001,6.6,155.0,0.17255,-0.48782,-0.01599,0.0,-0.00275
8057.72,BTC-27SEP19,1559645948592,open,0.0,617.2,0.0005,0.0445,0.00465729,97.89,0.0045,0.0,BTC-27SEP19-3000-P,7952.13,93.07,0.0035,18.1,0.006,21.0,102.67,2.10015,-0.89477,-0.60123,1e-05,-0.01905
8057.72,BTC-27SEP19,1559645948592,open,0.32,63.1,0.287,0.3665,0.32692095,81.62,0.311,0.0,BTC-27DEC19-6500-C,7952.13,39.93,0.2305,0.1,0.979,2.0,500.0,19.45631,-3.85696,18.97375,7e-05,0.74439
7952.13,index_price,1559645948658,open,0.01,96.8,0.0005,0.0475,0.00762867,99.05,0.0085,0,BTC-14JUN19-6500-P,7952.13,94.8,0.0065,30.0,0.009,11.0,103.86,2.18622,-10.96329,-0.21774,0.00013,-0.09357
254.76,ETH-27SEP19,1559645948714,open,0.04,126.0,0.005,0.084,0.044273,104.64,0.045,0.0,ETH-27SEP19-520-C,246.79,102.37,0.041,48.0,0.048,149.0,107.14,0.37277,-0.16978,0.10745,0.00174,0.17828
7952.13,index_price,1559645948793,open,0.28,0.0,0.2125,0.313,0.26292252,94.47,None,0,BTC-14JUN19-10000-P,7952.13,0.0,0.0005,5.0,0.2905,3.0,163.72,1.9669,-9.40752,-2.54254,0.00012,-0.91878
246.79,index_price,1559645948795,open,0.0,6.0,0.001,0.044,0.004472,106.0,0.004,0,ETH-14JUN19-190-P,246.79,89.9,0.002,550.0,0.007,150.0,118.08,0.04597,-0.24668,-0.00405,0.00263,-0.05625
246.79,index_price,1559645948891,open,0.18,312.0,0.151,0.23,0.190316,116.47,0.206,0,ETH-7JUN19-200-C,246.79,107.14,0.19,60.0,0.196,60.0,180.65,0.00994,-0.20123,0.01538,0.00178,0.98148
254.76,ETH-27SEP19,1559645948942,open,0.03,1256.0,0.001,0.073,0.033083,108.88,0.032,0.0,ETH-27SEP19-600-C,246.79,106.31,0.03,60.0,0.036,150.0,111.21,0.31239,-0.14804,0.08278,0.0014,0.13633
246.79,index_price,1559645949049,open,0.2,0.0,0.145,0.24,0.192458,104.47,None,0,ETH-14JUN19-290-P,246.79,67.48,0.179,60.0,0.189,60.0,96.61,0.11256,-0.59533,-0.06648,0.00654,-0.80317
7952.13,index_price,1559645949091,open,0.13,0.0,0.0965,0.176,0.13601841,93.14,None,0,BTC-14JUN19-7000-C,7952.13,0.0,0.0,0.0,0.173,3.0,166.35,3.45229,-16.28004,1.46804,0.00022,0.81832
246.79,index_price,1559645949111,open,0.19,0.0,0.158,0.237,0.197004,101.38,None,0,ETH-14JUN19-200-C,246.79,105.02,0.198,60.0,0.207,60.0,132.47,0.06563,-0.33688,0.04764,0.00393,0.91053
7952.13,index_price,1559645949114,open,0.11,13.3,0.057,0.1445,0.10077392,88.73,0.1,0,BTC-14JUN19-8500-P,7952.13,79.14,0.095,18.0,0.102,18.0,90.73,4.84827,-21.77913,-1.61394,0.00032,-0.64934
246.79,index_price,1559645949126,open,0.11,34.0,0.056,0.142,0.099002,102.49,0.088,0,ETH-14JUN19-260-P,246.79,81.94,0.086,180.0,0.1,180.0,104.05,0.1579,-0.81934,-0.04594,0.00935,-0.58902
249.51,ETH-28JUN19,1559645949146,open,0.25,586.0,0.214,0.293,0.2534,97.08,0.334,0.0,ETH-28JUN19-190-C,246.79,87.43,0.249,48.0,0.257,48.0,104.27,0.12072,-0.24542,0.10375,0.00305,0.88907
249.51,ETH-28JUN19,1559645949155,open,0.08,2129.0,0.04,0.119,0.079745,95.61,0.071,0.0,ETH-28JUN19-260-C,246.79,91.95,0.076,115.0,0.084,144.0,99.79,0.25431,-0.50917,0.06559,0.00653,0.48159
249.51,ETH-28JUN19,1559645949170,open,0.22,2145.0,0.181,0.26,0.220041,95.41,0.28,0.0,ETH-28JUN19-200-C,246.79,88.52,0.216,48.0,0.223,48.0,100.28,0.15003,-0.29976,0.10251,0.00386,0.84812
8057.74,BTC-27SEP19,1559645949187,open,0.01,210.2,0.0005,0.0535,0.0136612,93.61,0.014,0.0,BTC-27SEP19-20000-C,7952.13,90.63,0.0115,15.0,0.0155,6.0,95.94,6.13486,-2.49959,1.45365,3e-05,0.07098
7986.76,BTC-28JUN19,1559645949227,open,0.14,268.5,0.0835,0.173,0.12826866,88.16,0.141,0.0,BTC-28JUN19-8500-P,7952.13,84.41,0.1245,5.0,0.1305,0.5,90.37,8.04095,-14.84475,-3.62156,0.00022,-0.56494
