underlying_price,underlying_index,timestamp,state,settlement_price,open_interest,min_price,max_price,mark_price,mark_iv,last_price,interest_rate,instrument_name,index_price,bid_iv,best_bid_price,best_bid_amount,best_ask_price,best_ask_amount,ask_iv,vega,theta,rho,gamma,delta
12297.77,BTC-27DEC19,1561805939989,open,0.62,62.9,0.5775,0.657,0.61700975,104.03,0.598,0.0,BTC-27DEC19-5000-C,11782.4,0.0,0.006,1.0,0.71,0.5,193.34,9.6785,-2.7834,19.96697,1e-05,0.94465
11836.0,SYN.BTC-12JUL19,1561805940012,open,0.18,12.5,0.1345,0.2285,0.18125993,118.69,0.1625,0.0,BTC-12JUL19-13500-P,11782.4,102.93,0.171,18.0,0.182,18.0,119.79,7.90874,-36.45165,-3.61226,0.00013,-0.6839
303.88,SYN.ETH-12JUL19,1561805940035,open,0.05,1.0,0.007,0.086,0.046856,119.61,0.042,0.0,ETH-12JUL19-340-C,302.36,112.58,0.042,200.0,0.052,200.0,126.96,0.21121,-0.98108,0.0324,0.00542,0.34915
12297.77,BTC-27DEC19,1561805940064,open,0.07,134.4,0.023,0.1075,0.06535012,102.64,0.065,0.0,BTC-27DEC19-7000-P,11782.4,98.61,0.0595,11.0,0.07,6.0,105.8,18.00948,-5.10997,-11.71614,2e-05,-0.1269
305.51,SYN.ETH-26JUL19,1561805940066,open,0.01,1468.0,0.001,0.052,0.012574,121.88,0.01,0.0,ETH-26JUL19-500-C,302.36,115.83,0.01,49.0,0.015,200.0,127.03,0.13763,-0.31207,0.01803,0.00164,0.09272
305.51,SYN.ETH-26JUL19,1561805940295,open,0.6,0.0,0.523,0.649,0.585975,119.18,None,0.0,ETH-26JUL19-480-P,302.36,0.0,0.0,0.0,0.0,0.0,0.0,0.15419,-0.34186,-0.3324,0.00188,-0.89166
12297.77,BTC-27DEC19,1561805940327,open,0.12,53.8,0.082,0.1615,0.12179459,106.91,0.1215,0.0,BTC-27DEC19-22000-C,11782.4,103.69,0.1135,4.9,0.13,4.9,110.05,31.9258,-9.43538,13.65538,4e-05,0.34587
305.51,SYN.ETH-26JUL19,1561805940348,open,0.66,0.0,0.584,0.715,0.649139,121.76,None,0.0,ETH-26JUL19-500-P,302.36,0.0,0.0,0.0,0.0,0.0,0.0,0.13733,-0.3111,-0.35018,0.00164,-0.90755
303.88,SYN.ETH-12JUL19,1561805940348,open,0.4,0.0,0.337,0.447,0.391948,122.77,None,0.0,ETH-12JUL19-420-P,302.36,0.0,0.0,0.0,0.0,0.0,0.0,0.09931,-0.47344,-0.13862,0.00248,-0.90117
12156.5,BTC-27SEP19,1561805940358,open,0.0,425.8,0.0005,0.04,0.00019201,130.0,0.0005,0.0,BTC-27SEP19-2000-P,11782.4,0.0,0.0,0.0,0.0045,2.0,196.27,0.18507,-0.13385,-0.0328,0.0,-0.0009
11806.86,SYN.BTC-5JUL19,1561805940358,open,0.24,20.0,0.201,0.2805,0.24056196,128.54,0.2695,0.0,BTC-5JUL19-9000-C,11782.4,0.0,0.071,2.0,0.2775,5.0,281.32,1.30144,-14.23545,1.36663,5e-05,0.9596
11806.86,SYN.BTC-5JUL19,1561805940368,open,0.23,3.0,0.187,0.2855,0.2362295,125.29,0.12,0.0,BTC-5JUL19-14500-P,11782.4,0.0,0.079,2.0,0.0,0.0,0.0,2.8633,-30.52668,-2.13572,0.0001,-0.88746
303.88,SYN.ETH-12JUL19,1561805940382,open,0.17,2.0,0.12,0.212,0.165688,119.56,0.164,0.0,ETH-12JUL19-340-P,302.36,0.0,0.0,0.0,0.165,150.0,118.57,0.21119,-0.98054,-0.08754,0.00542,-0.65095
12297.77,BTC-27DEC19,1561805940386,open,0.01,101.3,0.0005,0.0495,0.00922649,111.64,0.007,0.0,BTC-27DEC19-3500-P,11782.4,105.45,0.007,100.0,0.0115,6.0,117.2,4.74935,-1.46566,-1.97527,1e-05,-0.02319
11835.99,SYN.BTC-12JUL19,1561805940404,open,0.01,84.0,0.0005,0.049,0.00890211,114.2,0.006,0.0,BTC-12JUL19-9000-P,11782.4,91.37,0.0035,30.0,0.009,30.0,114.54,3.40166,-15.08477,-0.38422,6e-05,-0.08312
303.06,SYN.ETH-5JUL19,1561805940432,open,0.0,212.0,0.001,0.041,0.001196,130.01,0.004,0.0,ETH-5JUL19-430-C,302.36,0.0,0.0,0.0,0.004,250.0,158.8,0.01921,-0.21253,0.00095,0.001,0.02075
12297.78,BTC-27DEC19,1561805940434,open,0.09,189.8,0.052,0.1315,0.09150906,108.39,0.094,0.0,BTC-27DEC19-26000-C,11782.4,105.15,0.084,4.9,0.099,4.9,111.55,28.85309,-8.64531,11.14334,4e-05,0.27436
12156.47,BTC-27SEP19,1561805940440,open,0.12,108.5,0.0735,0.153,0.11346459,106.13,0.118,0.0,BTC-27SEP19-16000-C,11782.4,102.74,0.107,5.0,0.12,19.3,109.53,23.27535,-13.74184,8.51891,6e-05,0.39806
12156.47,BTC-27SEP19,1561805940462,open,0.0,371.7,0.0005,0.0405,0.00065152,130.0,0.0005,0.0,BTC-27SEP19-2500-P,11782.4,0.0,0.0,0.0,0.002,0.1,150.81,0.51298,-0.37099,-0.10231,0.0,-0.00277
11806.86,SYN.BTC-5JUL19,1561805940462,open,0.0,131.6,0.0005,0.0405,0.00093724,130.0,0.0025,0.0,BTC-5JUL19-17000-C,11782.4,119.87,0.0005,18.0,0.0025,1.0,150.85,0.62152,-6.87557,0.02993,2e-05,0.01668
312.82,ETH-27SEP19,1561805940475,open,1.48,0.0,1.359,1.555,1.456964,120.56,None,0.0,ETH-27SEP19-760-P,302.36,0.0,0.0,0.0,0.0,0.0,0.0,0.30697,-0.20589,-1.80159,0.00106,-0.88194
12297.78,BTC-27DEC19,1561805940503,open,0.88,0.0,0.8395,0.919,0.87910401,129.99,None,0.0,BTC-27DEC19-1500-C,11782.4,0.0,0.017,0.3,0.989,0.5,500.0,0.77283,-0.27771,7.18969,0.0,0.99708
303.06,SYN.ETH-5JUL19,1561805940602,open,0.01,255.0,0.001,0.047,0.007784,121.31,0.012,0.0,ETH-5JUL19-370-C,302.36,97.0,0.003,250.0,0.012,250.0,137.19,0.07292,-0.75279,0.00505,0.00407,0.11131
11806.86,SYN.BTC-5JUL19,1561805940631,open,0.09,103.2,0.0525,0.1395,0.09606577,119.85,0.079,0.0,BTC-5JUL19-12500-P,11782.4,103.0,0.088,18.0,0.099,18.0,125.89,5.71472,-58.28139,-1.3564,0.00021,-0.61759
12297.78,BTC-27DEC19,1561805940648,open,0.07,192.6,0.029,0.1085,0.06855542,108.71,0.071,0.0,BTC-27DEC19-30000-C,11782.86,106.98,0.065,5.9,0.072,0.3,110.37,25.42619,-7.64117,9.04201,3e-05,0.21693
12156.47,BTC-27SEP19,1561805940648,open,0.52,714.8,0.481,0.5605,0.52080256,104.84,0.556,0.0,BTC-27SEP19-6000-C,11782.86,0.0,0.0,0.0,0.6,0.5,202.53,6.50596,-3.79442,12.7608,2e-05,0.94711
12297.78,BTC-27DEC19,1561805940648,open,0.38,8.3,0.323,0.4325,0.37766903,103.44,0.38,0.0,BTC-27DEC19-14000-P,11782.86,99.76,0.3675,3.6,0.3875,8.6,107.01,33.94408,-9.70603,-48.98926,4e-05,-0.4262
12156.47,BTC-27SEP19,1561805940648,open,0.67,229.9,0.634,0.7135,0.67385962,113.82,0.673,0.0,BTC-27SEP19-4000-C,11782.86,0.0,0.111,2.0,0.767,5.0,299.71,1.91229,-1.21083,9.3971,0.0,0.98779
12156.47,BTC-27SEP19,1561805940648,open,0.08,122.1,0.0325,0.118,0.07531793,103.73,0.085,0.0,BTC-27SEP19-9000-P,11782.86,99.52,0.0695,5.0,0.0785,19.3,106.01,16.89085,-9.7474,-8.24283,4e-05,-0.20005
12156.47,BTC-27SEP19,1561805940648,open,0.04,222.9,0.0005,0.079,0.03936315,110.99,0.043,0.0,BTC-27SEP19-24000-C,11782.86,107.41,0.035,19.3,0.044,19.3,114.62,15.1855,-9.37664,3.86923,4e-05,0.16862
12297.78,BTC-27DEC19,1561805940648,open,0.14,366.2,0.103,0.1825,0.1426299,106.27,0.1425,0.0,BTC-27DEC19-20000-C,11782.86,103.07,0.134,4.0,0.151,4.9,109.36,33.24613,-9.76698,15.15317,4e-05,0.39128
12156.47,BTC-27SEP19,1561805940648,open,0.88,42.8,0.837,0.9165,0.87664402,130.29,0.815,0.0,BTC-27SEP19-1500-C,11782.86,0.0,0.0005,0.1,0.0,0.0,0.0,0.04266,-0.03092,3.68691,0.0,0.99981
12297.78,BTC-27DEC19,1561805940648,open,0.69,27.1,0.6475,0.727,0.68747473,108.07,0.542,0.0,BTC-27DEC19-4000-C,11782.86,0.0,0.0125,0.4,0.716,0.2,150.87,6.16132,-1.84058,17.1155,1e-05,0.96833
11806.86,SYN.BTC-5JUL19,1561805940648,open,0.37,0.0,0.325,0.4045,0.36489347,130.02,None,0.0,BTC-5JUL19-7500-C,11782.86,0.0,0.049,0.1,0.0,0.0,0.0,0.10795,-1.1944,1.20273,0.0,0.9977
11835.99,SYN.BTC-12JUL19,1561805940648,open,0.0,38.0,0.0005,0.0445,0.00479867,114.2,0.0045,0.0,BTC-12JUL19-8500-P,11782.86,77.8,0.0005,10.0,0.0055,30.0,117.72,2.27009,-10.06679,-0.22622,4e-05,-0.04938
12297.78,BTC-27DEC19,1561805940648,open,0.5,54.5,0.4565,0.536,0.49613972,102.64,0.481,0.0,BTC-27DEC19-7000-C,11782.86,78.55,0.4635,5.0,0.55,0.1,137.53,18.00937,-5.10988,22.97254,2e-05,0.8731
12297.78,BTC-27DEC19,1561805940649,open,2.29,0.0,2.1605,2.423,2.29168164,111.54,None,0.0,BTC-27DEC19-40000-P,11782.86,0.0,0.0005,3.0,0.0,0.0,0.0,18.66138,-5.75386,-192.45903,2e-05,-0.86641
12297.78,BTC-27DEC19,1561805940649,open,3.25,0.0,3.0835,3.423,3.25316094,116.21,None,0.0,BTC-27DEC19-52000-P,11782.86,0.0,0.0,0.0,0.0,0.0,0.0,13.81921,-4.43925,-253.83473,2e-05,-0.91205
12156.93,BTC-27SEP19,1561805940650,open,0.0,392.0,0.0005,0.043,0.00290062,113.81,0.005,0.0,BTC-27SEP19-4000-P,11782.86,97.51,0.001,4.0,0.0045,24.0,122.65,1.91153,-1.21026,-0.45207,0.0,-0.0122
12156.93,BTC-27SEP19,1561805940650,open,0.01,416.3,0.0005,0.0465,0.00651945,107.16,0.019,0.0,BTC-27SEP19-5000-P,11782.86,101.78,0.005,2.5,0.008,5.0,111.77,3.68918,-2.19933,-0.98516,1e-05,-0.02639
12156.93,BTC-27SEP19,1561805940650,open,0.69,0.0,0.656,0.7355,0.69581747,128.19,None,0.0,BTC-27SEP19-3750-C,11782.86,0.0,0.004,10.0,0.7775,10.0,299.71,2.29948,-1.63982,8.65314,0.0,0.98489
12156.93,BTC-27SEP19,1561805940650,open,0.07,338.4,0.025,0.1045,0.06495683,108.59,0.065,0.0,BTC-27SEP19-20000-C,11782.86,105.13,0.0595,5.0,0.0705,19.3,112.02,19.427,-11.73631,5.73118,5e-05,0.25641
11806.86,SYN.BTC-5JUL19,1561805940649,open,0.0,201.7,0.0005,0.04,0.00041537,130.0,0.0005,0.0,BTC-5JUL19-8000-P,11782.86,0.0,0.0,0.0,0.003,0.5,175.89,0.30278,-3.34951,-0.01466,1e-05,-0.0073
12156.93,BTC-27SEP19,1561805940650,open,0.0,1046.2,0.0005,0.044,0.00395853,113.81,0.0035,0.0,BTC-27SEP19-4250-P,11782.86,105.45,0.0025,0.1,0.0055,24.0,120.82,2.41998,-1.53217,-0.59868,1e-05,-0.01604
12156.93,BTC-27SEP19,1561805940650,open,1.65,0.0,1.544,1.7555,1.64981935,116.34,None,0.0,BTC-27SEP19-32000-P,11782.86,0.0,0.0,0.0,0.0,0.0,0.0,9.18585,-5.94508,-76.84919,2e-05,-0.91742
12297.78,BTC-27DEC19,1561805940650,open,0.59,60.5,0.5445,0.624,0.58402774,103.0,0.567,0.0,BTC-27DEC19-5500-C,11782.86,0.0,0.005,1.0,0.9775,5.0,500.0,11.68379,-3.3268,21.05539,2e-05,0.92953
12156.93,BTC-27SEP19,1561805940650,open,0.05,357.7,0.0065,0.09,0.0481127,103.74,0.04,0.0,BTC-27SEP19-8000-P,11782.86,100.93,0.045,1.0,0.0505,24.0,105.86,13.57261,-7.83304,-5.69828,4e-05,-0.14225
12156.93,BTC-27SEP19,1561805940650,open,0.31,41.6,0.253,0.357,0.30510024,105.16,0.2735,0.0,BTC-27SEP19-14000-P,11782.86,101.32,0.2975,5.0,0.313,14.4,109.15,24.06516,-14.0787,-24.215,6e-05,-0.50383
12156.93,BTC-27SEP19,1561805940650,open,0.02,430.7,0.0005,0.0545,0.01436283,104.83,0.0125,0.0,BTC-27SEP19-6000-P,11782.86,101.24,0.0125,49.0,0.016,24.0,107.82,6.50513,-3.79383,-2.01291,2e-05,-0.05288
12156.93,BTC-27SEP19,1561805940651,open,0.03,48.5,0.0005,0.071,0.03140316,112.26,0.038,0.0,BTC-27SEP19-26000-C,11782.86,108.1,0.027,24.0,0.036,24.0,116.32,13.34173,-8.33199,3.21175,3e-05,0.1387
12156.93,BTC-27SEP19,1561805940651,open,0.73,0.0,0.695,0.7745,0.73485623,128.17,None,0.0,BTC-27SEP19-3250-C,11782.86,0.0,0.004,10.0,0.934,5.0,500.0,1.37626,-0.98134,7.68634,0.0,0.99163
11806.86,SYN.BTC-5JUL19,1561805940648,open,0.0,410.5,0.0005,0.0425,0.00283041,128.53,0.0065,0.0,BTC-5JUL19-9000-P,11782.86,114.27,0.0015,5.3,0.004,30.0,138.16,1.30133,-14.23369,-0.08216,5e-05,-0.0404
12156.93,BTC-27SEP19,1561805940651,open,0.05,320.0,0.01,0.0895,0.04994417,109.62,0.056,0.0,BTC-27SEP19-22000-C,11782.86,106.42,0.0455,19.3,0.0545,19.3,112.78,17.21594,-10.49854,4.68747,4e-05,0.20653
12156.93,BTC-27SEP19,1561805940651,open,0.37,9.0,0.311,0.42,0.36559114,105.59,0.348,0.0,BTC-27SEP19-15000-P,11782.86,100.95,0.3565,14.4,0.374,14.4,109.87,23.83462,-14.00143,-27.56672,6e-05,-0.55531
12156.93,BTC-27SEP19,1561805940651,open,0.56,227.1,0.5175,0.597,0.55702495,104.8,0.563,0.0,BTC-27SEP19-5500-C,11782.86,0.0,0.0045,8.0,0.91,5.0,500.0,4.89063,-2.85133,12.1493,1e-05,0.96289
11894.27,SYN.BTC-26JUL19,1561805940650,open,0.54,0.0,0.4985,0.578,0.53839438,123.13,0.4,0.0,BTC-26JUL19-5500-C,11782.86,0.0,0.0005,0.1,0.0,0.0,0.0,0.60107,-1.37683,3.9845,0.0,0.99335
11894.27,SYN.BTC-26JUL19,1561805940648,open,0.1,45.7,0.0585,0.138,0.09826581,110.37,0.099,0.0,BTC-26JUL19-12500-C,11782.86,108.28,0.096,14.4,0.1035,0.4,115.21,12.87434,-26.43566,3.46211,0.00011,0.49357
12156.93,BTC-27SEP19,1561805940652,open,0.03,62.8,0.0005,0.065,0.02539467,113.49,0.0215,0.0,BTC-27SEP19-28000-C,11782.86,109.29,0.0215,24.0,0.0295,24.0,117.6,11.71689,-7.39802,2.68545,3e-05,0.11511
12298.24,BTC-27DEC19,1561805940652,open,0.22,175.0,0.177,0.2565,0.21681921,103.49,0.2295,0.0,BTC-27DEC19-15000-C,11782.86,100.87,0.2095,3.6,0.2225,0.7,105.52,34.39323,-9.83898,19.48321,4e-05,0.53651
12298.24,BTC-27DEC19,1561805940652,open,0.13,182.2,0.0865,0.1765,0.13148102,102.65,0.1335,0.0,BTC-27DEC19-9000-P,11782.86,99.24,0.1245,4.9,0.1365,6.9,105.1,25.21204,-7.15406,-21.04119,3e-05,-0.21377
12298.24,BTC-27DEC19,1561805940653,open,0.02,51.6,0.0005,0.0645,0.0247519,116.2,0.028,0.0,BTC-27DEC19-52000-C,11782.86,112.22,0.0205,0.1,0.029,1.0,119.82,13.81873,-4.4389,3.85104,2e-05,0.08794
12298.24,BTC-27DEC19,1561805940653,open,0.5,0.0,0.4395,0.5585,0.49898689,103.96,0.4925,0.0,BTC-27DEC19-16000-P,11782.86,100.22,0.4885,3.6,0.51,3.6,107.88,34.53727,-9.925,-60.72807,4e-05,-0.49747
11894.27,SYN.BTC-26JUL19,1561805940648,open,0.01,158.2,0.0005,0.0465,0.00636494,110.58,0.01,0.0,BTC-26JUL19-7500-P,11782.86,97.85,0.0035,4.0,0.008,25.0,116.48,3.10373,-6.38528,-0.45699,3e-05,-0.04581
12298.24,BTC-27DEC19,1561805940653,open,1.5,0.2,1.408,1.608,1.50802792,108.76,2.2245,0.0,BTC-27DEC19-30000-P,11782.86,0.0,0.0,0.0,0.0,0.0,0.0,25.44091,-7.64877,-139.61625,3e-05,-0.78287
11894.27,SYN.BTC-26JUL19,1561805940650,open,0.08,36.9,0.035,0.1145,0.07455032,114.09,0.0835,0.0,BTC-26JUL19-13500-C,11782.86,108.78,0.069,19.3,0.08,19.3,119.27,12.46651,-26.46092,2.84725,0.0001,0.39965
12298.24,BTC-27DEC19,1561805940653,open,0.52,63.0,0.484,0.5635,0.52380669,102.63,0.4965,0.0,BTC-27DEC19-6500-C,11782.86,74.29,0.4915,5.0,0.975,2.0,500.0,15.93462,-4.52073,22.5135,2e-05,0.89322
11806.86,SYN.BTC-5JUL19,1561805940649,open,0.02,283.0,0.0005,0.0575,0.01754481,121.69,0.018,0.0,BTC-5JUL19-13500-C,11782.86,113.23,0.0145,29.0,0.0205,1.0,129.49,4.3716,-45.26862,0.37441,0.00016,0.21454
12156.93,BTC-27SEP19,1561805940654,open,0.02,44.5,0.0005,0.057,0.01749773,116.23,0.0185,0.0,BTC-27SEP19-32000-C,11782.86,110.55,0.0135,24.0,0.0215,24.0,121.25,9.16356,-5.92538,1.94031,2e-05,0.08232
11894.27,SYN.BTC-26JUL19,1561805940650,open,0.27,5.0,0.2225,0.324,0.27320883,114.59,0.1535,0.0,BTC-26JUL19-14500-P,11782.86,0.0,0.0,0.0,0.0,0.0,0.0,11.46605,-24.44353,-8.39163,0.0001,-0.68496
11894.27,SYN.BTC-26JUL19,1561805940650,open,0.05,273.4,0.006,0.0895,0.04779504,110.58,0.05,0.0,BTC-26JUL19-10000-P,11782.86,102.91,0.0415,19.3,0.05,19.5,113.23,9.87761,-20.3211,-2.46151,9e-05,-0.23326
11894.27,SYN.BTC-26JUL19,1561805940653,open,0.18,100.4,0.1405,0.22,0.18035281,110.58,0.179,0.0,BTC-26JUL19-10500-C,11782.86,107.49,0.1775,4.9,0.188,4.9,118.83,10.97311,-22.57532,4.67496,0.0001,0.71415
12298.24,BTC-27DEC19,1561805940655,open,0.11,135.5,0.0655,0.145,0.10514191,107.65,0.1035,0.0,BTC-27DEC19-24000-C,11782.86,104.54,0.0975,4.9,0.113,4.9,110.8,30.42872,-9.05531,12.32427,4e-05,0.30737
11806.86,SYN.BTC-5JUL19,1561805940651,open,0.17,19.5,0.1235,0.203,0.16340848,122.33,0.1735,0.0,BTC-5JUL19-10000-C,11782.86,110.54,0.1605,6.0,0.168,6.0,138.71,3.09296,-32.19723,1.35146,0.00011,0.87446
11894.27,SYN.BTC-26JUL19,1561805940652,open,0.18,29.5,0.133,0.227,0.1801928,113.86,0.163,0.0,BTC-26JUL19-13000-P,11782.86,103.4,0.169,14.4,0.181,14.4,114.61,12.76223,-27.03389,-6.42126,0.00011,-0.553
12156.93,BTC-27SEP19,1561805940656,open,0.11,196.5,0.065,0.1535,0.10921752,103.74,0.0905,0.0,BTC-27SEP19-10000-P,11782.86,99.58,0.1025,5.0,0.114,19.3,106.7,19.6495,-11.34035,-11.11603,5e-05,-0.26213
11835.99,SYN.BTC-12JUL19,1561805940653,open,0.25,0.0,0.1995,0.299,0.24930715,118.73,None,0.0,BTC-12JUL19-14500-P,11782.86,0.0,0.0,0.0,0.0,0.0,0.0,6.44596,-29.72046,-4.3302,0.00011,-0.7878
11894.27,SYN.BTC-26JUL19,1561805940651,open,0.34,24.1,0.2985,0.378,0.33802132,110.59,0.38,0.0,BTC-26JUL19-8000-C,11782.86,0.0,0.161,0.3,0.0,0.0,0.0,4.35954,-8.96925,5.17976,4e-05,0.92945
11835.99,SYN.BTC-12JUL19,1561805940648,open,0.02,27.5,0.0005,0.0545,0.01455354,120.11,0.014,0.0,BTC-12JUL19-15500-C,11782.86,113.74,0.012,3.0,0.0175,30.0,126.91,4.93497,-23.01729,0.52152,8e-05,0.13946
11806.86,SYN.BTC-5JUL19,1561805940651,open,0.05,190.6,0.012,0.0915,0.05156834,116.49,0.057,0.0,BTC-5JUL19-12000-C,11782.86,110.42,0.0485,18.0,0.057,2.0,127.22,5.97239,-59.20267,0.8251,0.00023,0.48569
11894.27,SYN.BTC-26JUL19,1561805940651,open,0.53,0.0,0.4695,0.5915,0.53034641,116.23,None,0.0,BTC-26JUL19-18000-P,11782.86,0.0,0.0,0.0,0.0,0.0,0.0,6.60153,-14.2753,-12.31801,5e-05,-0.87614
11835.99,SYN.BTC-12JUL19,1561805940652,open,0.12,10.5,0.0765,0.166,0.12124035,117.67,0.107,0.0,BTC-12JUL19-12500-P,11782.86,103.83,0.111,18.0,0.1225,18.0,119.37,8.78636,-40.14867,-2.82046,0.00015,-0.55428
11894.27,SYN.BTC-26JUL19,1561805940655,open,0.0,53.8,0.0005,0.0405,0.00080071,123.1,0.002,0.0,BTC-26JUL19-5500-P,11782.86,0.0,0.0,0.0,0.0,0.0,0.0,0.60041,-1.37504,-0.06518,0.0,-0.00664
11894.27,SYN.BTC-26JUL19,1561805940654,open,0.06,186.2,0.021,0.1055,0.06312853,110.58,0.065,0.0,BTC-26JUL19-10500-P,11782.86,107.18,0.06,0.2,0.066,19.3,113.69,10.97307,-22.5747,-3.05636,0.0001,-0.28585
11894.27,SYN.BTC-26JUL19,1561805940648,open,0.77,0.0,0.7025,0.8435,0.77306198,121.6,None,0.0,BTC-26JUL19-21000-P,11782.86,0.0,0.0,0.0,0.0,0.0,0.0,3.82652,-8.65663,-15.00616,3e-05,-0.94036
11894.27,SYN.BTC-26JUL19,1561805940652,open,0.0,113.8,0.0005,0.042,0.00224526,114.57,0.003,0.0,BTC-26JUL19-6500-P,11782.86,107.54,0.0015,20.0,0.003,2.0,120.33,1.42233,-3.03168,-0.17648,1e-05,-0.0179
11894.27,SYN.BTC-26JUL19,1561805940655,open,0.01,38.5,0.0005,0.052,0.01208084,116.46,0.0125,0.0,BTC-26JUL19-19000-C,11782.86,109.11,0.009,24.0,0.015,24.0,122.59,5.35852,-11.60995,0.70631,4e-05,0.09273
11835.99,SYN.BTC-12JUL19,1561805940654,open,0.05,0.7,0.0095,0.0935,0.05153198,113.79,0.0355,0.0,BTC-12JUL19-11000-P,11782.86,103.35,0.0445,24.0,0.054,24.0,117.43,8.01603,-35.42077,-1.57837,0.00014,-0.3265
11835.99,SYN.BTC-12JUL19,1561805940655,open,0.02,38.1,0.0005,0.0555,0.01520408,114.2,0.012,0.0,BTC-12JUL19-9500-P,11782.86,98.52,0.0095,30.0,0.0155,30.0,114.94,4.67147,-20.71581,-0.60107,8e-05,-0.12876
11835.99,SYN.BTC-12JUL19,1561805940656,open,0.1,1.7,0.059,0.1385,0.09884299,113.79,0.086,0.0,BTC-12JUL19-11500-C,11782.86,109.2,0.0955,18.0,0.106,18.0,123.62,8.61347,-38.06115,2.07349,0.00015,0.59546
303.06,SYN.ETH-5JUL19,1561805940661,open,0.06,312.0,0.011,0.094,0.052841,114.78,0.051,0.0,ETH-5JUL19-300-P,302.36,97.14,0.044,150.0,0.059,150.0,127.08,0.15185,-1.48322,-0.02421,0.00895,-0.44331
11894.27,SYN.BTC-26JUL19,1561805940693,open,0.24,44.7,0.1965,0.276,0.23630184,110.58,0.23,0.0,BTC-26JUL19-9500-C,11782.86,73.79,0.213,0.1,0.33,1.0,224.67,8.59515,-17.68295,5.07431,7e-05,0.81569
12298.24,BTC-27DEC19,1561805940698,open,0.32,403.5,0.2835,0.363,0.32302173,102.64,0.288,0.0,BTC-27DEC19-11000-C,11782.86,99.58,0.3155,5.0,0.332,5.0,106.29,30.23819,-8.57915,22.78894,4e-05,0.69695
12298.24,BTC-27DEC19,1561805940713,open,0.91,0.0,0.8345,0.987,0.91073772,106.94,None,0.0,BTC-27DEC19-22000-P,11782.86,0.0,0.0055,2.0,0.9595,0.1,125.15,31.93084,-9.43893,-95.3625,4e-05,-0.65402
303.86,SYN.ETH-12JUL19,1561805940738,open,0.03,20.0,0.001,0.071,0.031707,119.62,0.028,0.0,ETH-12JUL19-360-C,302.36,46.95,0.001,10.0,0.037,200.0,128.15,0.18525,-0.86053,0.02451,0.00475,0.26035
12298.24,BTC-27DEC19,1561805940750,open,0.08,141.1,0.037,0.123,0.07980848,102.65,0.081,0.0,BTC-27DEC19-7500-P,11782.86,98.74,0.0735,6.0,0.0845,6.0,105.52,19.9914,-5.67259,-13.87421,3e-05,-0.14785
12298.24,BTC-27DEC19,1561805940752,open,0.08,49.9,0.0395,0.119,0.07914278,108.61,0.0845,0.0,BTC-27DEC19-28000-C,11782.86,106.03,0.0735,4.9,0.085,5.0,111.24,27.15057,-8.15178,10.04168,3e-05,0.24391
303.86,SYN.ETH-12JUL19,1561805940753,open,0.47,0.0,0.397,0.512,0.454384,122.8,None,0.0,ETH-12JUL19-440-P,302.36,0.0,0.0,0.0,0.0,0.0,0.0,0.07505,-0.35788,-0.14859,0.00188,-0.93187
11835.99,SYN.BTC-12JUL19,1561805940754,open,0.01,35.2,0.0005,0.051,0.01100031,120.11,0.011,0.0,BTC-12JUL19-16000-C,11782.86,111.01,0.008,30.0,0.014,30.0,128.11,4.19569,-19.56919,0.41574,7e-05,0.11057
303.04,SYN.ETH-5JUL19,1561805940797,open,0.4,0.0,0.333,0.443,0.387576,128.76,None,0.0,ETH-5JUL19-420-P,302.36,0.0,0.0,0.0,0.0,0.0,0.0,0.02446,-0.26805,-0.06634,0.00129,-0.97233
305.49,SYN.ETH-26JUL19,1561805940797,open,0.01,1186.0,0.001,0.049,0.009737,121.89,0.012,0.0,ETH-26JUL19-520-C,302.36,110.81,0.006,200.0,0.012,200.0,127.48,0.11677,-0.2648,0.01457,0.00139,0.07452
305.49,SYN.ETH-26JUL19,1561805940845,open,0.0,924.0,0.001,0.044,0.004194,125.46,0.006,0.0,ETH-26JUL19-600-C,302.36,112.45,0.002,100.0,0.006,200.0,133.15,0.06398,-0.14933,0.00692,0.00074,0.03495
312.82,ETH-27SEP19,1561805940949,open,0.04,15.0,0.001,0.079,0.039392,120.79,0.071,0.0,ETH-27SEP19-680-C,302.35,111.6,0.029,200.0,0.038,200.0,119.63,0.37723,-0.2535,0.09267,0.0013,0.1597
312.82,ETH-27SEP19,1561805940950,open,0.05,602.0,0.008,0.087,0.047225,120.79,0.081,0.0,ETH-27SEP19-640-C,302.35,111.87,0.036,160.0,0.045,160.0,119.1,0.41507,-0.27893,0.10652,0.00143,0.18552
312.82,ETH-27SEP19,1561805940950,open,0.99,27.0,0.896,1.053,0.974833,120.79,1.04,0.0,ETH-27SEP19-600-P,302.35,0.0,0.0,0.0,0.0,0.0,0.0,0.45436,-0.30532,-1.35504,0.00156,-0.78434
312.82,ETH-27SEP19,1561805940950,open,0.05,3236.0,0.009,0.092,0.050563,110.9,0.043,0.0,ETH-27SEP19-200-P,302.35,105.75,0.045,203.0,0.053,200.0,113.11,0.34264,-0.2114,-0.14548,0.00128,-0.1383
312.82,ETH-27SEP19,1561805940950,open,0.16,683.0,0.111,0.203,0.157006,110.89,0.147,0.0,ETH-27SEP19-280-P,302.35,106.93,0.15,160.0,0.163,160.0,114.29,0.55279,-0.34104,-0.36499,0.00207,-0.31684
312.82,ETH-27SEP19,1561805940950,open,0.15,1643.0,0.11,0.189,0.14905,111.88,0.18,0.0,ETH-27SEP19-380-C,302.35,108.3,0.142,230.0,0.157,120.0,115.9,0.61763,-0.38441,0.24796,0.00229,0.47096
312.82,ETH-27SEP19,1561805940950,open,0.23,2736.0,0.194,0.273,0.233497,110.93,0.245,0.0,ETH-27SEP19-300-C,302.35,106.9,0.226,120.0,0.235,3.0,111.73,0.58222,-0.35929,0.31103,0.00218,0.6373
312.82,ETH-27SEP19,1561805940950,open,0.1,1691.0,0.053,0.14,0.096264,110.9,0.095,0.0,ETH-27SEP19-240-P,302.35,106.67,0.09,160.0,0.1,160.0,113.41,0.4651,-0.28695,-0.24717,0.00174,-0.22462
312.82,ETH-27SEP19,1561805940950,open,0.07,623.0,0.029,0.108,0.068569,120.8,0.057,0.0,ETH-27SEP19-560-C,302.35,111.23,0.054,160.0,0.064,160.0,117.87,0.49418,-0.3321,0.14042,0.0017,0.25087
312.82,ETH-27SEP19,1561805940950,open,0.24,668.0,0.182,0.28,0.230972,110.91,0.268,0.0,ETH-27SEP19-320-P,302.35,107.3,0.224,160.0,0.239,270.0,115.09,0.60255,-0.37179,-0.49181,0.00225,-0.40751
303.04,SYN.ETH-5JUL19,1561805940949,open,0.12,0.0,0.086,0.165,0.125806,114.95,None,0.0,ETH-5JUL19-270-C,302.35,106.7,0.123,50.0,0.134,50.0,137.3,0.10556,-1.03249,0.0332,0.00621,0.80636
303.04,SYN.ETH-5JUL19,1561805940949,open,0.0,71.0,0.001,0.04,0.00037,130.02,0.005,0.0,ETH-5JUL19-460-C,302.35,0.0,0.0,0.0,0.034,30.0,305.82,0.00767,-0.08491,0.00033,0.0004,0.00719
312.81,ETH-27SEP19,1561805940951,open,0.51,392.0,0.47,0.549,0.509284,110.97,0.51,0.0,ETH-27SEP19-160-C,302.35,0.0,0.11,1.0,0.0,0.0,0.0,0.20322,-0.12546,0.32579,0.00076,0.93225
303.04,SYN.ETH-5JUL19,1561805940949,open,0.01,528.0,0.001,0.05,0.010156,114.79,0.011,0.0,ETH-5JUL19-260-P,302.35,102.25,0.007,2.0,0.013,250.0,124.9,0.0815,-0.7961,-0.00686,0.0048,-0.13037
312.81,ETH-27SEP19,1561805940951,open,0.56,191.0,0.524,0.603,0.56396,111.0,0.5,0.0,ETH-27SEP19-140-C,302.35,0.0,0.014,5.0,0.0,0.0,0.0,0.13746,-0.08489,0.30399,0.00051,0.95863
312.81,ETH-27SEP19,1561805940951,open,0.04,4965.0,0.001,0.075,0.033679,110.9,0.028,0.0,ETH-27SEP19-180-P,302.35,104.2,0.028,340.0,0.036,340.0,113.53,0.27316,-0.16853,-0.10326,0.00102,-0.10038
305.49,SYN.ETH-26JUL19,1561805940950,open,0.12,589.0,0.067,0.155,0.11072,111.81,0.118,0.0,ETH-26JUL19-300-P,302.35,103.58,0.102,120.0,0.113,120.0,113.96,0.32339,-0.67268,-0.11854,0.00421,-0.41627
303.04,SYN.ETH-5JUL19,1561805940949,open,0.3,0.0,0.268,0.347,0.307691,130.96,None,0.0,ETH-5JUL19-210-C,302.35,0.0,0.005,2.0,0.0,0.0,0.0,0.01113,-0.12408,0.03324,0.00058,0.989
305.49,SYN.ETH-26JUL19,1561805940949,open,0.98,0.0,0.89,1.046,0.968137,124.84,None,0.0,ETH-26JUL19-600-P,302.35,0.0,0.0,0.0,0.0,0.0,0.0,0.06275,-0.14573,-0.43503,0.00073,-0.96587
303.04,SYN.ETH-5JUL19,1561805940949,open,0.6,0.0,0.521,0.647,0.583989,118.67,None,0.0,ETH-5JUL19-480-P,302.35,0.0,0.0,0.0,0.0,0.0,0.0,0.00181,-0.01831,-0.0772,0.0001,-0.99856
303.86,SYN.ETH-12JUL19,1561805940951,open,0.12,1.0,0.075,0.164,0.119397,117.74,0.117,0.0,ETH-12JUL19-320-P,302.35,103.72,0.109,150.0,0.12,150.0,118.55,0.22595,-1.0331,-0.07166,0.00589,-0.54914
303.04,SYN.ETH-5JUL19,1561805940949,open,0.15,0.0,0.113,0.192,0.152251,115.0,0.149,0.0,ETH-5JUL19-260-C,302.35,0.0,0.005,1.0,0.0,0.0,0.0,0.08166,-0.79916,0.03498,0.0048,0.86925
303.86,SYN.ETH-12JUL19,1561805940950,open,0.22,0.0,0.183,0.262,0.222116,111.18,None,0.0,ETH-12JUL19-240-C,302.35,0.0,0.005,2.0,0.0,0.0,0.0,0.1063,-0.45892,0.07174,0.00294,0.89145
303.04,SYN.ETH-5JUL19,1561805940950,open,0.06,144.0,0.023,0.102,0.062967,114.88,0.085,0.0,ETH-5JUL19-300-C,302.35,104.97,0.058,150.0,0.071,50.0,130.92,0.15185,-1.48448,0.02408,0.00894,0.55651
305.49,SYN.ETH-26JUL19,1561805940951,open,0.25,1048.0,0.194,0.293,0.243535,116.17,0.134,0.0,ETH-26JUL19-360-P,302.35,0.0,0.134,1.0,0.0,0.0,0.0,0.30959,-0.6691,-0.19914,0.00388,-0.64179
305.49,SYN.ETH-26JUL19,1561805940949,open,0.85,0.0,0.766,0.912,0.838842,121.44,None,0.0,ETH-26JUL19-560-P,302.35,0.0,0.0,0.0,0.0,0.0,0.0,0.08141,-0.18393,-0.40304,0.00098,-0.95297
305.49,SYN.ETH-26JUL19,1561805940950,open,0.06,1093.0,0.011,0.094,0.052392,111.82,0.054,0.0,ETH-26JUL19-260-P,302.35,103.1,0.045,160.0,0.054,160.0,113.69,0.26189,-0.5448,-0.06741,0.00341,-0.24728
305.49,SYN.ETH-26JUL19,1561805940951,open,0.16,954.0,0.123,0.202,0.162017,111.87,0.157,0.0,ETH-26JUL19-280-C,302.35,109.82,0.16,120.0,0.171,120.0,120.99,0.30035,-0.62513,0.11417,0.00391,0.66959
305.49,SYN.ETH-26JUL19,1561805940950,open,0.29,20.0,0.259,0.338,0.298063,111.92,0.237,0.0,ETH-26JUL19-220-C,302.35,0.0,0.005,1.0,0.0,0.0,0.0,0.15467,-0.32204,0.13341,0.00201,0.89118
303.86,SYN.ETH-12JUL19,1561805940950,open,0.28,0.0,0.222,0.323,0.272507,121.36,None,0.0,ETH-12JUL19-380-P,302.35,0.0,0.0,0.0,0.0,0.0,0.0,0.15634,-0.73678,-0.11572,0.00396,-0.80705
305.49,SYN.ETH-26JUL19,1561805940952,open,0.15,389.0,0.103,0.194,0.148936,112.1,0.209,0.0,ETH-26JUL19-320-P,302.35,102.92,0.139,120.0,0.151,120.0,114.01,0.3307,-0.68969,-0.14601,0.00429,-0.50019
305.49,SYN.ETH-26JUL19,1561805940952,open,0.03,705.0,0.001,0.073,0.032387,111.82,0.029,0.0,ETH-26JUL19-240-P,302.35,103.85,0.027,160.0,0.033,160.0,112.71,0.21123,-0.43943,-0.04594,0.00275,-0.17185
305.49,SYN.ETH-26JUL19,1561805940949,open,0.73,0.0,0.644,0.78,0.71182,121.59,None,0.0,ETH-26JUL19-520-P,302.35,0.0,0.0,0.0,0.0,0.0,0.0,0.11606,-0.26254,-0.36842,0.00139,-0.92607
305.49,SYN.ETH-26JUL19,1561805940952,open,0.0,562.0,0.001,0.041,0.001448,113.73,0.004,0.0,ETH-26JUL19-160-P,302.35,0.0,0.0,0.0,0.003,200.0,127.78,0.02631,-0.05567,-0.00308,0.00034,-0.01223
303.04,SYN.ETH-5JUL19,1561805940950,open,0.46,0.0,0.395,0.51,0.452654,127.9,None,0.0,ETH-5JUL19-440-P,302.35,0.0,0.0,0.0,0.0,0.0,0.0,0.01314,-0.14306,-0.07022,0.0007,-0.98668
305.49,SYN.ETH-26JUL19,1561805940951,open,0.1,1508.0,0.062,0.141,0.1015,112.16,0.095,0.0,ETH-26JUL19-320-C,302.35,110.78,0.1,120.0,0.111,120.0,120.94,0.3307,-0.69008,0.08961,0.00429,0.49988
305.49,SYN.ETH-26JUL19,1561805940953,open,0.08,1692.0,0.044,0.123,0.083221,116.09,0.084,0.0,ETH-26JUL19-340-C,302.35,111.17,0.078,120.0,0.088,120.0,120.57,0.32525,-0.70244,0.07748,0.00408,0.42768
303.04,SYN.ETH-5JUL19,1561805940949,open,0.08,87.0,0.03,0.115,0.072188,117.33,0.074,0.0,ETH-5JUL19-310-P,302.35,97.1,0.062,150.0,0.077,150.0,126.86,0.15292,-1.5269,-0.02943,0.00882,-0.53109
303.86,SYN.ETH-12JUL19,1561805940951,open,0.05,1.0,0.005,0.088,0.046544,111.01,0.045,0.0,ETH-12JUL19-280-P,302.35,102.6,0.041,200.0,0.05,200.0,116.22,0.20128,-0.86773,-0.0382,0.00557,-0.30979
303.04,SYN.ETH-5JUL19,1561805940949,open,0.1,71.0,0.062,0.141,0.101936,114.92,0.103,0.0,ETH-5JUL19-280-C,302.35,105.4,0.098,50.0,0.111,50.0,136.08,0.12693,-1.24128,0.03068,0.00747,0.73083
303.04,SYN.ETH-5JUL19,1561805940950,open,0.1,156.0,0.05,0.136,0.092989,117.32,0.088,0.0,ETH-5JUL19-320-P,302.35,94.31,0.082,150.0,0.097,150.0,125.55,0.14702,-1.46769,-0.03452,0.00848,-0.61461
303.04,SYN.ETH-5JUL19,1561805940949,open,0.03,252.0,0.001,0.067,0.027615,117.91,0.021,0.0,ETH-5JUL19-330-C,302.35,105.12,0.022,200.0,0.031,10.0,125.39,0.13572,-1.36171,0.01379,0.00779,0.31036
303.86,SYN.ETH-12JUL19,1561805940950,open,0.34,0.0,0.278,0.384,0.331091,121.99,None,0.0,ETH-12JUL19-400-P,302.35,0.0,0.0,0.0,0.0,0.0,0.0,0.12635,-0.59855,-0.12779,0.00318,-0.86109
11835.99,SYN.BTC-12JUL19,1561805941227,open,0.03,27.4,0.0005,0.0715,0.03151096,118.69,0.031,0.0,BTC-12JUL19-14000-C,11782.86,111.15,0.027,24.0,0.0335,1.0,121.93,7.21805,-33.26882,0.95614,0.00012,0.26051
12298.24,BTC-27DEC19,1561805941408,open,0.08,141.1,0.037,0.1225,0.07979998,102.65,0.081,0.0,BTC-27DEC19-7500-P,11782.86,99.05,0.074,6.0,0.0845,6.0,105.52,19.9914,-5.67259,-13.87421,3e-05,-0.14785
12298.24,BTC-27DEC19,1561805941410,open,0.08,49.9,0.0395,0.119,0.07915007,108.61,0.0845,0.0,BTC-27DEC19-28000-C,11782.86,105.79,0.073,4.9,0.085,5.0,111.24,27.15057,-8.15178,10.04168,3e-05,0.24391
11835.99,SYN.BTC-12JUL19,1561805941413,open,0.01,35.2,0.0005,0.051,0.01100113,120.11,0.011,0.0,BTC-12JUL19-16000-C,11782.86,111.01,0.008,30.0,0.0135,30.0,126.83,4.19569,-19.56919,0.41574,7e-05,0.11057
12298.23,BTC-27DEC19,1561805941648,open,0.03,87.0,0.0005,0.0725,0.03126398,103.01,0.0285,0.0,BTC-27DEC19-5500-P,11782.07,97.85,0.0265,6.0,0.036,6.0,107.87,11.68398,-3.32701,-6.20002,2e-05,-0.07047
12298.23,BTC-27DEC19,1561805941648,open,0.01,145.1,0.0005,0.053,0.01273767,108.07,0.018,0.0,BTC-27DEC19-4000-P,11782.07,102.29,0.01,100.0,0.0155,6.0,113.33,6.1616,-1.84075,-2.70667,1e-05,-0.03167
12156.87,BTC-27SEP19,1561805941648,open,0.65,0.2,0.6145,0.694,0.65435086,113.75,0.26,0.0,BTC-27SEP19-4250-C,11782.07,0.0,0.005,0.1,0.7565,5.0,299.19,2.41596,-1.52887,9.86756,1e-05,0.98399
12156.87,BTC-27SEP19,1561805941648,open,0.13,171.9,0.092,0.1715,0.13168289,105.57,0.143,0.0,BTC-27SEP19-15000-C,11782.07,102.16,0.125,5.0,0.1385,14.4,109.04,23.83402,-13.9982,9.36805,6e-05,0.44464
12156.87,BTC-27SEP19,1561805941649,open,0.15,151.7,0.1135,0.193,0.15346963,105.15,0.1515,0.0,BTC-27SEP19-14000-C,11782.07,101.63,0.1465,5.0,0.16,14.4,108.45,24.06502,-14.0771,10.25775,6e-05,0.49614
12297.44,BTC-27DEC19,1561805941650,open,0.73,4.0,0.685,0.7645,0.72463174,111.68,0.59,0.0,BTC-27DEC19-3500-C,11782.07,0.0,0.005,0.6,0.78,1.0,198.45,4.75389,-1.46762,15.36632,1e-05,0.97679
12297.44,BTC-27DEC19,1561805941650,open,0.4,144.3,0.36,0.4395,0.39964075,102.65,0.3855,0.0,BTC-27DEC19-9000-C,11782.07,87.35,0.3685,5.0,0.4285,2.2,116.7,25.21218,-7.154,23.5569,3e-05,0.7862
12297.44,BTC-27DEC19,1561805941651,open,1.2,0.0,1.1175,1.2935,1.20564009,108.34,None,0.0,BTC-27DEC19-26000-P,11782.07,0.0,0.004,10.0,2.002,0.2,499.96,28.84005,-8.63715,-117.70635,4e-05,-0.72587
12297.44,BTC-27DEC19,1561805941651,open,0.45,205.7,0.4055,0.485,0.44516339,102.65,0.48,0.0,BTC-27DEC19-8000-C,11782.07,84.64,0.414,5.0,0.485,0.5,124.69,21.86166,-6.20333,23.48488,3e-05,0.83054
12297.44,BTC-27DEC19,1561805941652,open,0.1,156.0,0.052,0.1395,0.09567739,102.63,0.101,0.0,BTC-27DEC19-8000-P,11782.07,99.14,0.0895,4.9,0.1005,4.9,105.34,21.86091,-6.20217,-16.15686,3e-05,-0.16945
11807.32,SYN.BTC-5JUL19,1561805941649,open,0.19,12.2,0.1505,0.246,0.19828085,125.42,0.162,0.0,BTC-5JUL19-14000-P,11782.07,0.0,0.025,0.2,0.0,0.0,0.0,3.65792,-39.03958,-1.97183,0.00013,-0.83913
11836.45,SYN.BTC-12JUL19,1561805941650,open,0.05,0.8,0.0125,0.092,0.05202436,118.67,0.048,0.0,BTC-12JUL19-13000-C,11782.07,112.31,0.0475,0.2,0.0565,24.0,124.91,8.45484,-38.96329,1.36347,0.00014,0.37857
11836.45,SYN.BTC-12JUL19,1561805941653,open,0.25,0.0,0.209,0.2885,0.24850997,114.11,None,0.0,BTC-12JUL19-9000-C,11782.07,0.0,0.0005,0.1,0.0,0.0,0.0,3.39666,-15.05092,2.79141,6e-05,0.91705
11894.72,SYN.BTC-26JUL19,1561805941653,open,0.0,223.0,0.0005,0.044,0.00399225,113.12,0.0065,0.0,BTC-26JUL19-7000-P,11782.07,103.93,0.0025,24.0,0.0055,24.0,120.56,2.19626,-4.62191,-0.29773,2e-05,-0.03
11894.72,SYN.BTC-26JUL19,1561805941648,open,0.01,102.1,0.0005,0.0475,0.00751032,121.61,0.009,0.0,BTC-26JUL19-21000-C,11782.07,116.61,0.006,2.0,0.009,24.0,126.0,3.82813,-8.66087,0.4568,3e-05,0.05967
11836.45,SYN.BTC-12JUL19,1561805941665,open,0.07,10.4,0.0255,0.105,0.06513949,117.65,0.0675,0.0,BTC-12JUL19-12500-C,11782.07,111.39,0.0605,0.1,0.07,18.0,124.19,8.78684,-40.14396,1.58928,0.00015,0.44577
12297.44,BTC-27DEC19,1561805941668,open,1.2,0.0,1.1175,1.2935,1.20564009,108.34,None,0.0,BTC-27DEC19-26000-P,11782.07,0.0,0.004,10.0,2.0025,0.2,500.0,28.84005,-8.63715,-117.70635,4e-05,-0.72587
12297.44,BTC-27DEC19,1561805941675,open,0.24,148.7,0.1995,0.279,0.23925986,103.45,0.242,0.0,BTC-27DEC19-14000-C,11782.07,100.46,0.231,3.6,0.2445,0.8,105.35,33.94318,-9.70634,20.38655,4e-05,0.57379
312.81,ETH-27SEP19,1561805941906,open,0.2,336.0,0.145,0.24,0.19249,110.9,0.22,0.0,ETH-27SEP19-300-P,302.35,106.88,0.185,160.0,0.2,270.0,114.94,0.58223,-0.35922,-0.42766,0.00218,-0.36274
312.81,ETH-27SEP19,1561805941950,open,0.11,2511.0,0.069,0.148,0.108884,113.3,0.111,0.0,ETH-27SEP19-440-C,302.41,109.62,0.102,160.0,0.115,270.0,116.55,0.58726,-0.37017,0.20291,0.00215,0.37232
312.81,ETH-27SEP19,1561805941950,open,0.74,0.0,0.706,0.785,0.745553,122.76,None,0.0,ETH-27SEP19-80-C,302.41,0.0,0.01,5.0,0.0,0.0,0.0,0.02441,-0.01667,0.19175,8e-05,0.9945
312.81,ETH-27SEP19,1561805941950,open,0.33,98.0,0.265,0.37,0.317367,111.62,0.349,0.0,ETH-27SEP19-360-P,302.41,107.39,0.309,120.0,0.326,120.0,115.98,0.61908,-0.38443,-0.62243,0.0023,-0.49072
312.87,ETH-27SEP19,1561805941951,open,0.21,1618.0,0.169,0.248,0.208007,110.87,0.206,0.0,ETH-27SEP19-320-C,302.41,107.24,0.201,120.0,0.216,230.0,115.03,0.60262,-0.37171,0.29626,0.00225,0.59256
312.87,ETH-27SEP19,1561805941951,open,0.36,1096.0,0.329,0.408,0.368168,110.85,0.383,0.0,ETH-27SEP19-220-C,302.41,0.0,0.22,5.0,0.383,40.0,122.07,0.40742,-0.25124,0.34807,0.00152,0.81997
312.87,ETH-27SEP19,1561805941951,open,0.09,2794.0,0.049,0.128,0.088611,113.9,0.093,0.0,ETH-27SEP19-480-C,302.41,110.13,0.082,160.0,0.094,160.0,116.93,0.55338,-0.35066,0.17635,0.00202,0.31752
312.87,ETH-27SEP19,1561805941952,open,0.07,2587.0,0.029,0.114,0.071471,110.95,0.061,0.0,ETH-27SEP19-220-P,302.41,106.72,0.066,160.0,0.074,160.0,112.89,0.40755,-0.25155,-0.19382,0.00152,-0.18012
303.85,SYN.ETH-12JUL19,1561805941950,open,0.06,1.0,0.027,0.106,0.066319,117.82,0.068,0.0,ETH-12JUL19-320-C,302.41,112.0,0.062,150.0,0.072,150.0,125.45,0.22594,-1.03374,0.04122,0.00589,0.45089
303.03,SYN.ETH-5JUL19,1561805941950,open,0.43,0.0,0.364,0.476,0.420131,129.26,None,0.0,ETH-5JUL19-430-P,302.41,0.0,0.0,0.0,0.0,0.0,0.0,0.01869,-0.20558,-0.0683,0.00098,-0.97991
305.48,SYN.ETH-26JUL19,1561805941950,open,0.02,969.0,0.001,0.058,0.018184,111.83,0.017,0.0,ETH-26JUL19-220-P,302.41,100.94,0.013,200.0,0.019,200.0,113.43,0.15455,-0.32155,-0.02854,0.00201,-0.10871
303.03,SYN.ETH-5JUL19,1561805941950,open,0.04,194.0,0.001,0.077,0.037083,117.44,0.03,0.0,ETH-5JUL19-320-C,302.41,104.8,0.031,200.0,0.039,10.0,121.38,0.14702,-1.46924,0.017,0.00847,0.38548
305.48,SYN.ETH-26JUL19,1561805941950,open,0.13,1143.0,0.089,0.168,0.128719,111.85,0.145,0.0,ETH-26JUL19-300-C,302.41,110.23,0.127,120.0,0.138,120.0,120.63,0.32339,-0.67295,0.10234,0.00421,0.5837
305.48,SYN.ETH-26JUL19,1561805941951,open,0.04,936.0,0.001,0.079,0.039062,116.24,0.034,0.0,ETH-26JUL19-400-C,302.41,74.96,0.01,1.0,0.036,1.0,112.59,0.25937,-0.56089,0.04585,0.00325,0.2429
303.03,SYN.ETH-5JUL19,1561805941950,open,0.05,298.0,0.01,0.089,0.049274,117.44,0.042,0.0,ETH-5JUL19-310-C,302.41,104.99,0.043,150.0,0.056,50.0,130.76,0.15292,-1.52822,0.02047,0.00881,0.4689
303.03,SYN.ETH-5JUL19,1561805941950,open,0.15,6.0,0.097,0.187,0.142005,117.79,0.133,0.0,ETH-5JUL19-340-P,302.41,87.15,0.131,50.0,0.145,50.0,125.2,0.12044,-1.20723,-0.04384,0.00692,-0.75661
303.03,SYN.ETH-5JUL19,1561805941951,open,0.08,174.0,0.041,0.12,0.080904,114.86,0.158,0.0,ETH-5JUL19-290-C,302.41,104.42,0.076,150.0,0.091,150.0,136.11,0.143,-1.39762,0.02757,0.00842,0.646
305.48,SYN.ETH-26JUL19,1561805941950,open,0.01,1059.0,0.001,0.049,0.009014,111.83,0.013,0.0,ETH-26JUL19-200-P,302.41,97.78,0.005,200.0,0.01,200.0,114.77,0.09987,-0.20778,-0.01572,0.0013,-0.06087
303.03,SYN.ETH-5JUL19,1561805941949,open,0.03,138.0,0.001,0.066,0.025853,114.79,0.018,0.0,ETH-5JUL19-280-P,302.41,98.02,0.019,200.0,0.03,200.0,124.58,0.12691,-1.23971,-0.01439,0.00748,-0.26908
305.48,SYN.ETH-26JUL19,1561805941953,open,0.41,0.0,0.375,0.454,0.414579,111.94,None,0.0,ETH-26JUL19-180-C,302.41,0.0,0.0,0.0,0.0,0.0,0.0,0.0551,-0.11475,0.12512,0.00072,0.97083
11836.45,SYN.BTC-12JUL19,1561805942273,open,0.12,10.5,0.0765,0.166,0.12121473,117.7,0.107,0.0,BTC-12JUL19-12500-P,11782.07,104.54,0.1115,18.0,0.1225,18.0,119.4,8.78704,-40.16356,-2.8201,0.00015,-0.55417
12156.08,BTC-27SEP19,1561805942306,open,0.11,196.5,0.065,0.1535,0.10923184,103.72,0.0905,0.0,BTC-27SEP19-10000-P,11782.07,99.56,0.1025,5.0,0.1145,19.3,106.99,19.64948,-11.33778,-11.11596,5e-05,-0.26216
12297.44,BTC-27DEC19,1561805942314,open,0.11,135.5,0.0655,0.145,0.10513812,107.66,0.1035,0.0,BTC-27DEC19-24000-C,11782.07,104.33,0.097,4.9,0.113,4.9,110.81,30.42702,-9.05555,12.32332,4e-05,0.30737
11807.32,SYN.BTC-5JUL19,1561805942316,open,0.05,190.6,0.012,0.0915,0.05158128,116.45,0.057,0.0,BTC-5JUL19-12000-C,11782.07,109.4,0.048,18.0,0.057,2.0,127.19,5.97266,-59.18634,0.82529,0.00023,0.48577
11807.32,SYN.BTC-5JUL19,1561805942327,open,0.07,94.3,0.0255,0.1105,0.06790039,116.53,0.0725,0.0,BTC-5JUL19-12000-P,11782.07,104.81,0.062,18.0,0.068,2.0,116.68,5.97269,-59.22622,-1.10642,0.00023,-0.51418
11836.45,SYN.BTC-12JUL19,1561805942337,open,0.1,1.7,0.059,0.1385,0.09885966,113.76,0.086,0.0,BTC-12JUL19-11500-C,11782.07,108.48,0.095,18.0,0.106,18.0,123.6,8.61341,-38.05144,2.07388,0.00015,0.59553
11894.72,SYN.BTC-26JUL19,1561805942356,open,0.12,111.1,0.075,0.1545,0.11480903,110.0,0.12,0.0,BTC-26JUL19-12000-C,11782.07,107.87,0.1125,14.4,0.124,14.4,118.58,12.78454,-26.16367,3.7911,0.00011,0.54765
12297.44,BTC-27DEC19,1561805942392,open,0.5,0.0,0.4395,0.5585,0.49900998,103.92,0.4925,0.0,BTC-27DEC19-16000-P,11782.07,100.38,0.489,3.6,0.51,3.6,107.86,34.5351,-9.92082,-60.73018,4e-05,-0.49761
11894.72,SYN.BTC-26JUL19,1561805942403,open,0.18,29.5,0.133,0.227,0.18016722,113.89,0.163,0.0,BTC-26JUL19-13000-P,11782.07,103.42,0.169,14.4,0.1815,14.5,115.1,12.76311,-27.04235,-6.42072,0.00011,-0.5529
11836.45,SYN.BTC-12JUL19,1561805942411,open,0.18,15.0,0.1395,0.219,0.17935563,114.15,0.188,0.0,BTC-12JUL19-10000-C,11782.07,106.35,0.1755,6.0,0.1835,6.0,122.28,5.94939,-26.37173,2.65098,0.00011,0.81423
11836.45,SYN.BTC-12JUL19,1561805942413,open,0.02,27.5,0.0005,0.0545,0.0145604,120.1,0.014,0.0,BTC-12JUL19-15500-C,11782.07,113.73,0.012,3.0,0.017,30.0,125.78,4.93553,-23.01815,0.5216,8e-05,0.13948
12156.87,BTC-27SEP19,1561805942424,open,0.37,9.0,0.311,0.42,0.36556374,105.57,0.348,0.0,BTC-27SEP19-15000-P,11782.07,101.2,0.357,14.4,0.374,14.4,109.87,23.83408,-13.99862,-27.56712,6e-05,-0.55536
12298.23,BTC-27DEC19,1561805942431,open,0.38,8.3,0.323,0.4325,0.37763403,103.45,0.38,0.0,BTC-27DEC19-14000-P,11782.07,99.77,0.3675,3.6,0.3875,5.0,107.02,33.94471,-9.70705,-48.98844,4e-05,-0.42616
12156.87,BTC-27SEP19,1561805942440,open,0.03,62.8,0.0005,0.065,0.02539802,113.5,0.0215,0.0,BTC-27SEP19-28000-C,11782.07,108.72,0.021,24.0,0.0295,24.0,117.6,11.71755,-7.39868,2.68564,3e-05,0.11512
12156.87,BTC-27SEP19,1561805942448,open,0.05,320.0,0.01,0.0895,0.0499486,109.62,0.056,0.0,BTC-27SEP19-22000-C,11782.07,106.06,0.045,19.3,0.0545,19.3,112.78,17.21644,-10.49924,4.68765,4e-05,0.20655
12297.44,BTC-27DEC19,1561805942456,open,0.44,3.3,0.3795,0.494,0.43657609,103.47,0.524,0.0,BTC-27DEC19-15000-P,11782.07,100.07,0.427,3.6,0.4475,5.0,107.4,34.39159,-9.83693,-54.85107,4e-05,-0.46357
12297.44,BTC-27DEC19,1561805942458,open,0.13,182.2,0.0865,0.1765,0.13148998,102.63,0.1335,0.0,BTC-27DEC19-9000-P,11782.07,99.23,0.1245,4.9,0.1365,2.0,105.08,25.21196,-7.15281,-21.04037,3e-05,-0.2138
11807.32,SYN.BTC-5JUL19,1561805942460,open,0.04,164.5,0.0005,0.077,0.03737156,119.82,0.0345,0.0,BTC-5JUL19-12500-C,11782.07,109.72,0.0325,24.0,0.042,2.0,129.36,5.7152,-58.27254,0.65596,0.00021,0.38247
11807.32,SYN.BTC-5JUL19,1561805942480,open,0.17,19.5,0.1235,0.203,0.16343634,122.22,0.1735,0.0,BTC-5JUL19-10000-C,11782.07,108.21,0.16,6.0,0.168,6.0,138.62,3.08916,-32.13001,1.35195,0.00011,0.87469
11836.45,SYN.BTC-12JUL19,1561805942510,open,0.05,0.7,0.0095,0.0935,0.05151606,113.81,0.0355,0.0,BTC-12JUL19-11000-P,11782.07,103.37,0.0445,24.0,0.0545,24.0,118.18,8.01584,-35.42644,-1.57823,0.00014,-0.32645
11836.45,SYN.BTC-12JUL19,1561805942518,open,0.05,0.8,0.0125,0.092,0.05203685,118.67,0.048,0.0,BTC-12JUL19-13000-C,11782.07,112.31,0.0475,0.2,0.056,24.0,124.22,8.45484,-38.96329,1.36347,0.00014,0.37857
12298.23,BTC-27DEC19,1561805942526,open,0.38,8.3,0.323,0.4325,0.37763403,103.45,0.38,0.0,BTC-27DEC19-14000-P,11782.07,99.95,0.368,3.6,0.3875,5.0,107.02,33.94471,-9.70705,-48.98844,4e-05,-0.42616
12156.87,BTC-27SEP19,1561805942528,open,0.03,48.5,0.0005,0.071,0.03140685,112.26,0.038,0.0,BTC-27SEP19-26000-C,11782.07,108.1,0.027,24.0,0.0355,24.0,115.89,13.34236,-8.33267,3.21194,3e-05,0.13871
11836.45,SYN.BTC-12JUL19,1561805942535,open,0.0,38.0,0.0005,0.0445,0.00479683,114.21,0.0045,0.0,BTC-12JUL19-8500-P,11782.07,77.81,0.0005,40.0,0.0055,30.0,117.73,2.27006,-10.06771,-0.22621,4e-05,-0.04938
12156.07,BTC-27SEP19,1561805942648,open,0.01,321.5,0.0005,0.0495,0.00945312,104.82,0.014,0.0,BTC-27SEP19-5500-P,11782.03,91.91,0.005,0.3,0.0115,29.0,109.65,4.89356,-2.85359,-1.39477,1e-05,-0.03714
12297.47,BTC-27DEC19,1561805942648,open,0.0,87.9,0.0005,0.0425,0.00274696,128.12,0.0055,0.0,BTC-27DEC19-2000-P,11782.03,101.96,0.0005,10.0,0.005,1.0,141.94,1.65608,-0.58652,-0.58515,0.0,-0.00686
12156.07,BTC-27SEP19,1561805942648,open,0.79,55.9,0.7555,0.835,0.7950064,130.31,0.689,0.0,BTC-27SEP19-2500-C,11782.03,0.0,0.004,10.0,0.9435,5.0,500.0,0.52037,-0.37725,6.05184,0.0,0.99719
12297.47,BTC-27DEC19,1561805942648,open,2.61,0.0,2.4675,2.756,2.61176956,113.73,None,0.0,BTC-27DEC19-44000-P,11782.03,0.0,0.0,0.0,0.0,0.0,0.0,16.97368,-5.33649,-212.9931,2e-05,-0.88335
12297.47,BTC-27DEC19,1561805942648,open,0.36,425.1,0.3195,0.399,0.35910735,102.65,0.3405,0.0,BTC-27DEC19-10000-C,11782.03,98.88,0.3505,6.3,0.367,5.0,106.12,28.00453,-7.94674,23.29371,4e-05,0.74135
11835.65,SYN.BTC-12JUL19,1561805942648,open,0.32,0.0,0.2715,0.377,0.32407469,119.92,None,0.0,BTC-12JUL19-15500-P,11782.03,0.0,0.0,0.0,0.0,0.0,0.0,4.92324,-22.92684,-4.94792,8e-05,-0.86102
12297.47,BTC-27DEC19,1561805942648,open,0.55,122.6,0.5135,0.593,0.55310637,102.76,0.5355,0.0,BTC-27DEC19-6000-C,11782.03,0.0,0.0095,1.0,0.56,0.1,108.76,13.81421,-3.92417,21.87646,2e-05,0.91209
12297.47,BTC-27DEC19,1561805942648,open,0.05,147.9,0.0105,0.09,0.05005278,111.54,0.0455,0.0,BTC-27DEC19-36000-C,11782.03,108.57,0.045,4.9,0.055,1.0,114.31,21.46102,-6.61689,6.98459,3e-05,0.16467
12297.47,BTC-27DEC19,1561805942648,open,0.47,93.8,0.43,0.5095,0.46995653,102.66,0.5135,0.0,BTC-27DEC19-7500-C,11782.03,82.07,0.438,5.0,0.523,1.0,134.22,19.99258,-5.67345,23.28946,3e-05,0.85213
12156.07,BTC-27SEP19,1561805942648,open,0.34,372.0,0.295,0.3745,0.33498922,103.75,0.3325,0.0,BTC-27SEP19-9000-C,11782.03,0.0,0.002,20.0,0.479,4.0,203.17,16.89227,-9.75045,13.91615,4e-05,0.79991
12156.07,BTC-27SEP19,1561805942648,open,0.29,847.4,0.247,0.3265,0.28662755,103.75,0.28,0.0,BTC-27SEP19-10000-C,11782.03,99.33,0.2795,5.0,0.292,4.9,107.07,19.64999,-11.34185,13.50544,5e-05,0.73782
12297.43,BTC-27DEC19,1561805942649,open,0.03,2.3,0.0005,0.069,0.02926683,115.43,0.027,0.0,BTC-27DEC19-48000-C,11782.03,112.74,0.026,0.1,0.0325,1.0,117.94,15.4255,-4.9221,4.43902,2e-05,0.10211
12156.07,BTC-27SEP19,1561805942648,open,1.17,0.0,1.0835,1.2565,1.17011525,112.14,None,0.0,BTC-27SEP19-26000-P,11782.03,0.0,0.0,0.0,0.0,0.0,0.0,13.31388,-8.30585,-60.8177,3e-05,-0.86171
11893.91,SYN.BTC-26JUL19,1561805942648,open,0.02,130.7,0.0005,0.057,0.0166099,110.56,0.0155,0.0,BTC-26JUL19-8500-P,11782.03,100.42,0.012,24.0,0.018,24.0,113.4,5.74962,-11.82674,-1.03943,5e-05,-0.10208
11806.52,SYN.BTC-5JUL19,1561805942648,open,0.0,161.4,0.0005,0.041,0.00120891,129.98,0.002,0.0,BTC-5JUL19-8500-P,11782.03,126.21,0.001,4.9,0.002,1.9,141.4,0.69422,-7.67844,-0.0384,2e-05,-0.019
12156.03,BTC-27SEP19,1561805942649,open,0.45,762.7,0.413,0.4925,0.45271978,104.78,0.503,0.0,BTC-27SEP19-7000-C,11782.03,0.0,0.001,50.0,0.0,0.0,0.0,10.04989,-5.85805,13.59265,3e-05,0.90683
12297.43,BTC-27DEC19,1561805942650,open,0.27,146.1,0.224,0.3035,0.26383793,103.17,0.2825,0.0,BTC-27DEC19-13000-C,11782.03,100.08,0.2555,8.6,0.269,1.0,105.09,33.1458,-9.45285,21.26575,4e-05,0.6128
11806.52,SYN.BTC-5JUL19,1561805942650,open,0.44,0.0,0.3835,0.498,0.44072326,128.11,None,0.0,BTC-5JUL19-17000-P,11782.03,0.0,0.0005,0.1,0.0,0.0,0.0,0.57791,-6.30037,-2.70909,2e-05,-0.98467
12156.03,BTC-27SEP19,1561805942650,open,0.86,0.2,0.7855,0.934,0.85962494,109.54,1.391,0.0,BTC-27SEP19-22000-P,11782.03,0.0,0.004,10.0,0.0,0.0,0.0,17.19925,-10.481,-49.49026,4e-05,-0.79378
11806.52,SYN.BTC-5JUL19,1561805942648,open,0.31,0.0,0.264,0.369,0.31663738,129.43,None,0.0,BTC-5JUL19-15500-P,11782.03,0.0,0.0005,0.1,0.0,0.0,0.0,1.72763,-19.02742,-2.39296,6e-05,-0.94242
12156.03,BTC-27SEP19,1561805942651,open,1.02,0.2,0.9335,1.094,1.01356019,110.89,1.6,0.0,BTC-27SEP19-24000-P,11782.03,0.0,0.0,0.0,0.0,0.0,0.0,15.16379,-9.35465,-55.23425,4e-05,-0.83174
12156.03,BTC-27SEP19,1561805942652,open,1.33,0.0,1.2355,1.4215,1.32862246,113.34,None,0.0,BTC-27SEP19-28000-P,11782.03,0.0,0.0,0.0,0.0,0.0,0.0,11.6803,-7.36485,-66.27058,3e-05,-0.88539
12297.43,BTC-27DEC19,1561805942654,open,0.0,113.1,0.0005,0.041,0.00107774,130.0,0.005,0.0,BTC-27DEC19-1500-P,11782.03,118.31,0.0005,0.1,0.05,10.0,318.2,0.77305,-0.27781,-0.24364,0.0,-0.00292
12297.43,BTC-27DEC19,1561805942654,open,0.84,0.0,0.8005,0.88,0.8401121,128.12,None,0.0,BTC-27DEC19-2000-C,11782.03,0.0,0.0125,0.3,0.987,0.5,500.0,1.65635,-0.58664,9.32572,0.0,0.99314
11806.52,SYN.BTC-5JUL19,1561805942649,open,0.03,290.1,0.0005,0.065,0.02546197,119.89,0.024,0.0,BTC-5JUL19-13000-C,11782.03,110.59,0.0215,24.0,0.029,2.0,127.95,5.11725,-52.20517,0.50041,0.00019,0.28875
11835.65,SYN.BTC-12JUL19,1561805942652,open,0.03,25.5,0.0005,0.064,0.0242388,118.76,0.0385,0.0,BTC-12JUL19-14500-C,11782.03,112.68,0.021,24.0,0.0275,24.0,124.63,6.44623,-29.728,0.78485,0.00011,0.21222
11835.65,SYN.BTC-12JUL19,1561805942652,open,0.29,0.0,0.247,0.3265,0.28667609,114.43,None,0.0,BTC-12JUL19-8500-C,11782.03,0.0,0.0005,0.1,0.0,0.0,0.0,2.28157,-10.13844,2.77073,4e-05,0.9503
11893.91,SYN.BTC-26JUL19,1561805942650,open,0.46,0.0,0.416,0.4955,0.45578358,114.87,0.3665,0.0,BTC-26JUL19-6500-C,11782.03,0.0,0.005,0.1,0.0,0.0,0.0,1.43649,-3.06982,4.60746,1e-05,0.98189
11893.91,SYN.BTC-26JUL19,1561805942652,open,0.3,31.7,0.2625,0.342,0.30200704,110.66,0.2775,0.0,BTC-26JUL19-8500-C,11782.03,0.0,0.0105,0.1,0.0,0.0,0.0,5.75604,-11.8507,5.2175,5e-05,0.89777
11835.65,SYN.BTC-12JUL19,1561805942654,open,0.36,0.0,0.3085,0.417,0.36276259,119.87,None,0.0,BTC-12JUL19-16000-P,11782.03,0.0,0.0,0.0,0.0,0.0,0.0,4.18041,-19.45996,-5.23038,7e-05,-0.88998
11893.91,SYN.BTC-26JUL19,1561805942651,open,0.45,0.0,0.395,0.511,0.45300239,115.7,None,0.0,BTC-26JUL19-17000-P,11782.03,0.0,0.0,0.0,0.0,0.0,0.0,7.96001,-17.13401,-11.29429,7e-05,-0.83663
11806.52,SYN.BTC-5JUL19,1561805942662,open,0.08,134.4,0.0325,0.112,0.07210412,116.62,0.0705,0.0,BTC-5JUL19-11500-C,11782.03,110.28,0.069,18.0,0.0785,1.0,129.64,5.78963,-57.45355,1.00215,0.00022,0.59939
11835.65,SYN.BTC-12JUL19,1561805942668,open,0.07,10.4,0.0255,0.105,0.06515482,117.7,0.0675,0.0,BTC-12JUL19-12500-C,11782.03,110.75,0.06,0.1,0.07,18.0,124.22,8.78608,-40.15935,1.58888,0.00015,0.44571
11893.91,SYN.BTC-26JUL19,1561805942670,open,0.24,44.7,0.1965,0.276,0.23632212,110.64,0.23,0.0,BTC-26JUL19-9500-C,11782.03,72.85,0.2125,0.1,0.33,1.0,224.68,8.59785,-17.69682,5.07309,7e-05,0.81559
312.86,ETH-27SEP19,1561805942949,open,1.11,0.0,1.01,1.176,1.093184,121.02,None,0.0,ETH-27SEP19-640-P,302.4,0.0,0.0,0.0,0.0,0.0,0.0,0.41623,-0.28023,-1.46899,0.00143,-0.81368
312.85,ETH-27SEP19,1561805942950,open,0.64,0.0,0.558,0.687,0.622838,113.88,None,0.0,ETH-27SEP19-480-P,302.4,0.0,0.0,0.0,0.0,0.0,0.0,0.55327,-0.35051,-1.00563,0.00202,-0.6826
312.85,ETH-27SEP19,1561805942950,open,0.08,982.0,0.044,0.123,0.083076,120.8,0.072,0.0,ETH-27SEP19-520-C,302.4,110.47,0.066,160.0,0.2,1.0,183.15,0.533,-0.35819,0.16084,0.00183,0.29186
312.85,ETH-27SEP19,1561805942950,open,0.81,0.0,0.769,0.848,0.808487,123.23,0.01,0.0,ETH-27SEP19-60-C,302.4,0.0,0.006,10.0,0.0,0.0,0.0,0.00675,-0.00463,0.14651,2e-05,0.99868
312.85,ETH-27SEP19,1561805942950,open,0.26,1896.0,0.223,0.302,0.26202,110.93,0.258,0.0,ETH-27SEP19-280-C,302.4,106.39,0.254,120.0,0.269,230.0,114.88,0.55279,-0.34114,0.32448,0.00207,0.68323
303.09,SYN.ETH-5JUL19,1561805942948,open,0.21,0.0,0.151,0.246,0.198865,121.39,None,0.0,ETH-5JUL19-360-P,302.4,0.0,0.0,0.0,0.0,0.0,0.0,0.08932,-0.92265,-0.05122,0.00498,-0.85086
312.85,ETH-27SEP19,1561805942950,open,0.0,4126.0,0.001,0.042,0.002354,112.8,0.001,0.0,ETH-27SEP19-100-P,302.4,0.0,0.0,0.0,0.005,200.0,128.06,0.04224,-0.02651,-0.0097,0.00016,-0.01024
303.91,SYN.ETH-12JUL19,1561805942949,open,0.03,401.0,0.001,0.066,0.025349,111.13,0.025,0.0,ETH-12JUL19-260-P,302.4,102.6,0.021,200.0,0.027,200.0,114.27,0.15841,-0.68363,-0.02385,0.00438,-0.19712
312.85,ETH-27SEP19,1561805942950,open,0.13,2662.0,0.096,0.175,0.135234,112.97,0.138,0.0,ETH-27SEP19-400-C,302.4,108.75,0.127,230.0,0.141,120.0,115.92,0.61164,-0.38441,0.23262,0.00225,0.4372
303.91,SYN.ETH-12JUL19,1561805942949,open,0.01,119.0,0.001,0.049,0.009851,122.85,0.011,0.0,ETH-12JUL19-420-C,302.4,113.41,0.007,250.0,0.013,250.0,131.84,0.09949,-0.47462,0.00956,0.00249,0.09907
312.85,ETH-27SEP19,1561805942951,open,0.0,1814.0,0.001,0.041,0.00129,122.65,0.002,0.0,ETH-27SEP19-80-P,302.4,0.0,0.0,0.0,0.035,30.0,243.18,0.0243,-0.01658,-0.0052,8e-05,-0.00547
303.09,SYN.ETH-5JUL19,1561805942948,open,0.21,0.0,0.172,0.251,0.211803,119.74,None,0.0,ETH-5JUL19-240-C,302.4,0.0,0.005,1.0,0.0,0.0,0.0,0.04183,-0.4262,0.03585,0.00236,0.94654
303.91,SYN.ETH-12JUL19,1561805942949,open,0.17,0.0,0.13,0.209,0.16966,110.82,None,0.0,ETH-12JUL19-260-C,302.4,0.0,0.005,1.0,0.0,0.0,0.0,0.15816,-0.68061,0.06794,0.00438,0.80339
303.09,SYN.ETH-5JUL19,1561805942948,open,0.18,0.0,0.141,0.22,0.180766,114.07,None,0.0,ETH-5JUL19-250-C,302.4,0.0,0.005,1.0,0.0,0.0,0.0,0.05734,-0.55656,0.03605,0.0034,0.91969
312.85,ETH-27SEP19,1561805942951,open,0.68,0.0,0.643,0.722,0.682733,112.95,None,0.0,ETH-27SEP19-100-C,302.4,0.0,0.005,10.0,0.0,0.0,0.0,0.04247,-0.02669,0.23647,0.00016,0.9897
312.85,ETH-27SEP19,1561805942951,open,0.06,2911.0,0.017,0.096,0.056825,120.8,0.049,0.0,ETH-27SEP19-600-C,302.4,111.56,0.044,160.0,0.053,160.0,118.13,0.4545,-0.30543,0.12241,0.00156,0.21573
303.09,SYN.ETH-5JUL19,1561805942948,open,0.3,0.0,0.24,0.342,0.291084,125.47,None,0.0,ETH-5JUL19-390-P,302.4,0.0,0.0,0.0,0.0,0.0,0.0,0.0495,-0.52851,-0.05976,0.00267,-0.93372
305.53,SYN.ETH-26JUL19,1561805942950,open,0.06,2834.0,0.026,0.105,0.06514,116.17,0.077,0.0,ETH-26JUL19-360-C,302.4,111.07,0.06,160.0,0.07,160.0,120.95,0.30969,-0.66935,0.06597,0.00388,0.3584
303.09,SYN.ETH-5JUL19,1561805942949,open,0.27,0.0,0.21,0.309,0.259459,122.92,None,0.0,ETH-5JUL19-380-P,302.4,0.0,0.0,0.0,0.0,0.0,0.0,0.05986,-0.62617,-0.0573,0.00329,-0.91496
303.09,SYN.ETH-5JUL19,1561805942949,open,0.0,215.0,0.001,0.042,0.002498,129.78,0.002,0.0,ETH-5JUL19-410-C,302.4,0.0,0.0,0.0,0.005,250.0,148.28,0.03304,-0.3649,0.00182,0.00172,0.03985
303.09,SYN.ETH-5JUL19,1561805942948,open,0.0,48.0,0.001,0.043,0.003793,120.86,0.006,0.0,ETH-5JUL19-240-P,302.4,105.97,0.002,2.0,0.006,250.0,134.72,0.04274,-0.43953,-0.00287,0.00239,-0.05493
303.91,SYN.ETH-12JUL19,1561805942949,open,0.01,4.0,0.001,0.046,0.006431,123.12,0.01,0.0,ETH-12JUL19-440-C,302.4,112.08,0.004,250.0,0.009,250.0,132.54,0.07564,-0.36163,0.00669,0.00189,0.06882
303.09,SYN.ETH-5JUL19,1561805942949,open,0.01,319.0,0.001,0.045,0.005473,121.67,0.003,0.0,ETH-5JUL19-380-C,302.4,88.13,0.001,250.0,0.009,250.0,137.74,0.05857,-0.60642,0.00376,0.00326,0.08261
303.09,SYN.ETH-5JUL19,1561805942948,open,0.0,688.0,0.001,0.041,0.001727,129.79,0.001,0.0,ETH-5JUL19-420-C,302.4,119.54,0.001,300.0,0.002,40.0,132.91,0.0253,-0.27939,0.00132,0.00132,0.0288
305.53,SYN.ETH-26JUL19,1561805942950,open,0.2,68.0,0.149,0.244,0.196197,116.2,0.104,0.0,ETH-26JUL19-340-P,302.4,102.78,0.182,120.0,0.194,120.0,114.13,0.32536,-0.70336,-0.17281,0.00407,-0.57194
305.53,SYN.ETH-26JUL19,1561805942952,open,0.05,1141.0,0.011,0.09,0.050576,116.18,0.044,0.0,ETH-26JUL19-380-C,302.4,44.96,0.002,10.0,0.056,160.0,121.9,0.28677,-0.61983,0.05535,0.00359,0.2966
303.09,SYN.ETH-5JUL19,1561805942949,open,0.0,1.0,0.001,0.04,0.000164,129.95,0.004,0.0,ETH-5JUL19-480-C,302.4,0.0,0.0,0.0,0.0,0.0,0.0,0.00394,-0.04361,0.00016,0.00021,0.00341
303.09,SYN.ETH-5JUL19,1561805942949,open,0.01,435.0,0.001,0.045,0.005756,114.92,0.01,0.0,ETH-5JUL19-250-P,302.4,79.67,0.001,250.0,0.009,250.0,130.18,0.05809,-0.56802,-0.00427,0.00342,-0.0817
303.91,SYN.ETH-12JUL19,1561805942950,open,0.02,600.0,0.001,0.061,0.021991,121.43,0.017,0.0,ETH-12JUL19-380-C,302.4,115.48,0.019,200.0,0.025,200.0,127.15,0.15655,-0.73822,0.01837,0.00396,0.19333
303.09,SYN.ETH-5JUL19,1561805942949,open,0.0,583.0,0.001,0.043,0.003478,129.04,0.001,0.0,ETH-5JUL19-400-C,302.4,104.43,0.001,195.0,0.006,250.0,144.66,0.0418,-0.45903,0.00244,0.00219,0.05342
303.09,SYN.ETH-5JUL19,1561805943147,open,0.01,972.0,0.001,0.05,0.010879,120.6,0.008,0.0,ETH-5JUL19-360-C,302.4,110.15,0.008,9.0,0.011,9.0,121.01,0.08859,-0.90915,0.00666,0.00497,0.14732
11835.65,SYN.BTC-12JUL19,1561805943365,open,0.02,27.5,0.0005,0.0545,0.01455169,120.13,0.014,0.0,BTC-12JUL19-15500-C,11782.03,113.75,0.012,3.0,0.0175,30.0,126.92,4.9356,-23.02507,0.52161,8e-05,0.13949
12156.07,BTC-27SEP19,1561805943368,open,0.03,62.8,0.0005,0.065,0.02539133,113.5,0.0215,0.0,BTC-27SEP19-28000-C,11782.03,109.29,0.0215,24.0,0.0295,24.0,117.61,11.7165,-7.39843,2.68534,3e-05,0.11511
12156.03,BTC-27SEP19,1561805943377,open,0.05,320.0,0.01,0.0895,0.04993674,109.63,0.056,0.0,BTC-27SEP19-22000-C,11782.03,106.43,0.0455,19.3,0.0545,19.3,112.79,17.21473,-10.49889,4.68703,4e-05,0.20654
12297.43,BTC-27DEC19,1561805943388,open,0.13,182.2,0.0865,0.1765,0.13149053,102.64,0.1335,0.0,BTC-27DEC19-9000-P,11782.03,99.23,0.1245,4.9,0.1365,6.9,105.08,25.21211,-7.15361,-21.04188,3e-05,-0.2138
12156.03,BTC-27SEP19,1561805943390,open,0.03,48.5,0.0005,0.071,0.0313986,112.27,0.038,0.0,BTC-27SEP19-26000-C,11782.03,108.11,0.027,24.0,0.036,24.0,116.32,13.34106,-8.33236,3.21155,3e-05,0.1387
303.09,SYN.ETH-5JUL19,1561805943462,open,0.0,1.0,0.001,0.04,0.000813,129.94,0.006,0.0,ETH-5JUL19-440-C,302.4,0.0,0.0,0.0,0.004,250.0,166.85,0.0143,-0.15815,0.00068,0.00074,0.01469
303.09,SYN.ETH-5JUL19,1561805943466,open,0.0,1404.0,0.001,0.044,0.004099,123.9,0.002,0.0,ETH-5JUL19-390-C,302.4,96.45,0.001,35.0,0.007,250.0,139.71,0.04795,-0.50555,0.0029,0.00262,0.06361
12297.47,BTC-27DEC19,1561805943651,open,0.04,55.1,0.0005,0.079,0.0390487,111.53,0.036,0.0,BTC-27DEC19-40000-C,11781.99,109.48,0.036,6.0,0.041,0.3,112.8,18.65771,-5.75235,5.75954,2e-05,0.13356
12156.03,BTC-27SEP19,1561805943651,open,0.02,61.0,0.0005,0.0605,0.02094096,114.88,0.0185,0.0,BTC-27SEP19-30000-C,11781.99,109.99,0.017,24.0,0.025,24.0,119.43,10.34117,-6.60901,2.27222,2e-05,0.09685
12297.47,BTC-27DEC19,1561805943651,open,0.05,220.0,0.0105,0.094,0.05236309,102.64,0.052,0.0,BTC-27DEC19-6500-P,11781.99,98.45,0.047,6.0,0.0575,6.0,106.56,15.93654,-4.5218,-9.69984,2e-05,-0.10681
12297.47,BTC-27DEC19,1561805943651,open,0.76,0.0,0.7215,0.801,0.76133605,111.64,None,0.0,BTC-27DEC19-3000-C,11781.99,0.0,0.005,0.6,0.984,0.5,500.0,3.1522,-0.97278,13.67087,0.0,0.98567
12297.47,BTC-27DEC19,1561805943651,open,1.66,0.3,1.559,1.7715,1.66511224,110.5,2.435,0.0,BTC-27DEC19-32000-P,11781.99,0.0,0.0,0.0,0.0,0.0,0.0,24.26001,-7.41074,-150.20396,3e-05,-0.79967
12297.47,BTC-27DEC19,1561805943652,open,0.02,95.2,0.0005,0.057,0.01650283,104.12,0.036,0.0,BTC-27DEC19-4500-P,11781.99,96.33,0.012,6.0,0.021,6.0,110.99,7.62535,-2.19465,-3.51004,1e-05,-0.0411
12156.03,BTC-27SEP19,1561805943652,open,0.0,612.2,0.0005,0.0415,0.00163976,130.0,0.0005,0.0,BTC-27SEP19-3000-P,11781.99,111.82,0.0005,0.1,0.098,6.1,382.04,1.07979,-0.78093,-0.23942,0.0,-0.00636
11893.87,SYN.BTC-26JUL19,1561805943651,open,0.01,124.6,0.0005,0.051,0.01061414,110.58,0.011,0.0,BTC-26JUL19-8000-P,11781.99,98.08,0.0065,24.0,0.012,24.0,114.26,4.35959,-8.96872,-0.71082,4e-05,-0.07055
12156.03,BTC-27SEP19,1561805943652,open,0.01,282.7,0.0005,0.045,0.0050143,107.15,0.004,0.0,BTC-27SEP19-4750-P,11781.99,83.24,0.001,20.0,0.007,24.0,114.34,3.04651,-1.81611,-0.77931,1e-05,-0.02102
12155.99,BTC-27SEP19,1561805943652,open,0.0,1657.1,0.0005,0.04,3.409e-05,130.0,0.001,0.0,BTC-27SEP19-1500-P,11781.99,0.0,0.0,0.0,0.012,50.0,280.78,0.04168,-0.03014,-0.00644,0.0,-0.00018
12155.99,BTC-27SEP19,1561805943653,open,0.39,905.1,0.3505,0.43,0.39001135,103.73,0.3765,0.0,BTC-27SEP19-8000-C,11781.99,0.0,0.0005,5.0,0.4775,2.0,174.14,13.57345,-7.83323,13.99976,4e-05,0.85773
12297.43,BTC-27DEC19,1561805943654,open,2.93,0.0,2.7755,3.0895,2.93252126,115.43,None,0.0,BTC-27DEC19-48000-P,11781.99,0.0,0.0,0.0,0.0,0.0,0.0,15.42546,-4.92209,-233.42492,2e-05,-0.89789
12155.99,BTC-27SEP19,1561805943654,open,0.75,225.7,0.715,0.7945,0.75484866,130.01,0.693,0.0,BTC-27SEP19-3000-C,11781.99,0.0,0.004,20.0,0.937,5.0,500.0,1.08014,-0.78123,7.14753,0.0,0.99364
11893.87,SYN.BTC-26JUL19,1561805943651,open,0.38,17.0,0.336,0.4155,0.37579126,110.59,0.246,0.0,BTC-26JUL19-7500-C,11781.99,0.0,0.005,0.1,0.0,0.0,0.0,3.10462,-6.38746,5.06524,3e-05,0.95417
12155.99,BTC-27SEP19,1561805943654,open,0.61,13.5,0.5745,0.654,0.61426182,107.16,0.382,0.0,BTC-27SEP19-4750-C,11781.99,0.0,0.004,10.0,0.737,5.0,299.04,3.04698,-1.81648,10.91668,1e-05,0.97897
12155.99,BTC-27SEP19,1561805943654,open,0.6,793.2,0.5555,0.635,0.59520191,107.16,0.5945,0.0,BTC-27SEP19-5000-C,11781.99,0.0,0.051,1.0,0.728,5.0,299.35,3.68986,-2.19972,11.32634,1e-05,0.9736
11806.48,SYN.BTC-5JUL19,1561805943653,open,0.28,5.0,0.2415,0.321,0.28126915,130.04,0.25,0.0,BTC-5JUL19-8500-C,11781.99,0.0,0.001,0.1,0.3175,5.0,310.68,0.6956,-7.69753,1.32982,2e-05,0.98096
11806.48,SYN.BTC-5JUL19,1561805943651,open,0.0,124.9,0.0005,0.04,0.00011748,130.0,0.0005,0.0,BTC-5JUL19-7500-P,11781.99,0.0,0.0,0.0,0.005,2.9,221.56,0.10791,-1.19371,-0.0046,0.0,-0.0023
12155.99,BTC-27SEP19,1561805943655,open,0.18,206.2,0.139,0.2185,0.17890901,104.61,0.172,0.0,BTC-27SEP19-13000-C,11781.99,101.09,0.172,5.0,0.1855,14.4,107.97,23.8612,-13.88643,11.16171,6e-05,0.55181
11893.87,SYN.BTC-26JUL19,1561805943651,open,0.42,4.8,0.3755,0.455,0.4154569,113.12,0.455,0.0,BTC-26JUL19-7000-C,11781.99,0.0,0.005,0.1,0.0,0.0,0.0,2.19731,-4.62429,4.85633,2e-05,0.96998
12297.43,BTC-27DEC19,1561805943656,open,0.04,264.5,0.0005,0.0825,0.04098989,102.74,0.048,0.0,BTC-27DEC19-6000-P,11781.99,98.21,0.036,11.0,0.046,6.0,107.13,13.812,-3.92279,-7.85405,2e-05,-0.08789
11835.61,SYN.BTC-12JUL19,1561805943653,open,0.02,91.0,0.0005,0.0585,0.01887317,119.58,0.0215,0.0,BTC-12JUL19-15000-C,11781.99,115.6,0.017,1.5,0.021,1.0,123.92,5.6868,-26.40678,0.64316,0.0001,0.17292
11835.61,SYN.BTC-12JUL19,1561805943654,open,0.22,0.0,0.173,0.2525,0.21254911,114.2,None,0.0,BTC-12JUL19-9500-C,11781.99,0.0,0.0005,0.1,0.0,0.0,0.0,4.67242,-20.72135,2.74994,8e-05,0.8712
11893.87,SYN.BTC-26JUL19,1561805943651,open,0.0,127.1,0.0005,0.0415,0.00174694,123.09,0.001,0.0,BTC-26JUL19-6000-P,11781.99,113.58,0.001,10.0,0.0025,7.0,130.29,1.10601,-2.53274,-0.13228,1e-05,-0.01336
11893.87,SYN.BTC-26JUL19,1561805943654,open,0.03,85.9,0.0005,0.073,0.03331212,115.57,0.047,0.0,BTC-26JUL19-16000-C,11781.99,111.32,0.03,5.0,0.0365,19.3,119.53,9.43231,-20.27957,1.59188,8e-05,0.21508
11893.87,SYN.BTC-26JUL19,1561805943654,open,0.01,74.6,0.0005,0.049,0.00900915,117.89,0.0085,0.0,BTC-26JUL19-20000-C,11781.99,115.08,0.008,1.0,0.01,0.5,120.49,4.4047,-9.66044,0.5473,4e-05,0.0715
11893.87,SYN.BTC-26JUL19,1561805943651,open,0.02,127.7,0.0005,0.0635,0.02378698,115.83,0.02,0.0,BTC-26JUL19-17000-C,11781.99,110.78,0.0205,19.3,0.027,19.3,120.51,7.97134,-17.17785,1.22553,7e-05,0.16372
11806.48,SYN.BTC-5JUL19,1561805943653,open,0.01,418.4,0.0005,0.048,0.00812696,125.29,0.005,0.0,BTC-5JUL19-14500-C,11781.99,110.96,0.005,30.0,0.008,1.0,124.76,2.86262,-30.52009,0.19839,0.0001,0.11251
11806.48,SYN.BTC-5JUL19,1561805943653,open,0.13,30.8,0.09,0.1695,0.12964207,122.34,0.147,0.0,BTC-5JUL19-10500-C,11781.99,111.89,0.126,6.0,0.134,6.0,134.22,4.22363,-43.97033,1.26954,0.00015,0.79762
12155.99,BTC-27SEP19,1561805943658,open,0.0,225.5,0.0005,0.0435,0.00377136,107.15,0.0045,0.0,BTC-27SEP19-4500-P,11781.99,80.54,0.0005,110.0,0.006,24.0,116.69,2.46479,-1.46933,-0.60347,1e-05,-0.01639
11806.48,SYN.BTC-5JUL19,1561805943654,open,0.27,5.0,0.225,0.327,0.27601006,127.19,0.148,0.0,BTC-5JUL19-15000-P,11781.99,0.0,0.0005,0.1,0.0,0.0,0.0,2.23401,-24.17949,-2.27248,8e-05,-0.91967
11893.87,SYN.BTC-26JUL19,1561805943654,open,0.02,191.8,0.0005,0.0655,0.02467074,110.58,0.0225,0.0,BTC-26JUL19-9000-P,11781.99,104.36,0.021,30.0,0.026,24.0,112.76,7.1924,-14.79648,-1.44437,6e-05,-0.14026
11893.87,SYN.BTC-26JUL19,1561805943652,open,0.27,30.8,0.228,0.3075,0.26798102,110.58,0.296,0.0,BTC-26JUL19-9000-C,11781.99,0.0,0.032,0.1,0.366,1.0,240.9,7.19265,-14.7976,5.18242,6e-05,0.85974
12297.43,BTC-27DEC19,1561805943659,open,1.35,0.1,1.262,1.45,1.35603612,108.62,2.02,0.0,BTC-27DEC19-28000-P,11781.99,0.0,0.0,0.0,0.0,0.0,0.0,27.14782,-8.15115,-128.7136,3e-05,-0.7561
11893.87,SYN.BTC-26JUL19,1561805943651,open,0.08,160.3,0.0375,0.1235,0.080478,110.02,0.097,0.0,BTC-26JUL19-11000-P,11781.99,103.5,0.074,19.3,0.0825,3.0,112.05,11.83289,-24.21914,-3.68721,0.0001,-0.34055
11893.87,SYN.BTC-26JUL19,1561805943651,open,0.61,0.0,0.5455,0.6735,0.60953294,116.44,None,0.0,BTC-26JUL19-19000-P,11781.99,0.0,0.0,0.0,0.0,0.0,0.0,5.35603,-11.60299,-13.28419,4e-05,-0.90733
11806.48,SYN.BTC-5JUL19,1561805943651,open,0.01,266.5,0.0005,0.0455,0.00552573,127.21,0.006,0.0,BTC-5JUL19-15000-C,11781.99,111.75,0.003,3.0,0.008,30.0,139.1,2.2349,-24.19357,0.14226,8e-05,0.08038
11893.87,SYN.BTC-26JUL19,1561805943655,open,0.02,232.0,0.0005,0.057,0.01701039,116.24,0.0175,0.0,BTC-26JUL19-18000-C,11781.99,110.57,0.014,24.0,0.02,24.0,121.43,6.60077,-14.27401,0.93562,5e-05,0.12384
11893.87,SYN.BTC-26JUL19,1561805943655,open,0.03,163.0,0.0005,0.076,0.03501019,110.58,0.0365,0.0,BTC-26JUL19-9500-P,11781.99,107.08,0.0325,0.2,0.0365,19.3,112.63,8.59555,-17.68308,-1.92092,7e-05,-0.18433
11893.87,SYN.BTC-26JUL19,1561805943659,open,0.69,0.0,0.623,0.758,0.69054185,117.87,None,0.0,BTC-26JUL19-20000-P,11781.99,0.0,0.0,0.0,0.0,0.0,0.0,4.4031,-9.65559,-14.17935,4e-05,-0.92853
11835.61,SYN.BTC-12JUL19,1561805943705,open,0.02,27.5,0.0005,0.0545,0.01455169,120.11,0.014,0.0,BTC-12JUL19-15500-C,11781.99,113.75,0.012,3.0,0.017,30.0,125.8,4.93434,-23.01541,0.52143,8e-05,0.13944
11806.48,SYN.BTC-5JUL19,1561805943709,open,0.12,46.5,0.0815,0.1715,0.12653019,119.84,0.104,0.0,BTC-5JUL19-13000-P,11781.99,101.85,0.119,6.0,0.1295,6.0,126.62,5.11635,-52.17478,-1.59247,0.00019,-0.71135
12155.99,BTC-27SEP19,1561805943707,open,0.03,62.8,0.0005,0.065,0.02539133,113.5,0.0215,0.0,BTC-27SEP19-28000-C,11781.99,108.73,0.021,24.0,0.0295,24.0,117.61,11.71488,-7.397,2.68489,3e-05,0.11509
12156.03,BTC-27SEP19,1561805943719,open,0.05,320.0,0.01,0.0895,0.04993674,109.62,0.056,0.0,BTC-27SEP19-22000-C,11781.99,106.07,0.045,19.3,0.0545,19.3,112.79,17.21327,-10.4972,4.68649,4e-05,0.20651
12297.43,BTC-27DEC19,1561805943728,open,0.13,182.2,0.0865,0.1765,0.13149053,102.64,0.1335,0.0,BTC-27DEC19-9000-P,11781.99,99.23,0.1245,4.9,0.1365,2.0,105.08,25.21211,-7.15363,-21.04192,3e-05,-0.2138
12297.43,BTC-27DEC19,1561805943748,open,0.13,182.2,0.0865,0.1765,0.13149053,102.64,0.1335,0.0,BTC-27DEC19-9000-P,11781.99,99.47,0.125,4.9,0.1365,2.0,105.08,25.21211,-7.15363,-21.04192,3e-05,-0.2138
12156.03,BTC-27SEP19,1561805943750,open,0.03,48.5,0.0005,0.071,0.0313986,112.26,0.038,0.0,BTC-27SEP19-26000-C,11781.99,108.11,0.027,24.0,0.0355,24.0,115.89,13.33947,-8.33081,3.21107,3e-05,0.13868
303.08,SYN.ETH-5JUL19,1561805943762,open,0.0,0.0,0.001,0.04,0.000613,129.7,None,0.0,ETH-5JUL19-210-P,302.4,0.0,0.0,0.0,0.0,0.0,0.0,0.0106,-0.11696,-0.00054,0.00055,-0.01039
303.08,SYN.ETH-5JUL19,1561805943794,open,0.24,105.0,0.18,0.277,0.228537,121.14,0.13,0.0,ETH-5JUL19-370-P,302.4,0.0,0.0,0.0,0.0,0.0,0.0,0.07279,-0.75042,-0.05452,0.00406,-0.88897
11806.48,SYN.BTC-5JUL19,1561805943869,open,0.1,89.5,0.06,0.1395,0.09998861,122.34,0.137,0.0,BTC-5JUL19-11000-C,11781.99,109.69,0.0945,6.0,0.1045,6.0,132.53,5.18349,-53.96221,1.14633,0.00019,0.70314
12297.43,BTC-27DEC19,1561805943872,open,0.5,0.0,0.4395,0.5585,0.49900958,103.94,0.4925,0.0,BTC-27DEC19-16000-P,11781.99,100.38,0.489,3.6,0.5105,3.6,108.03,34.53504,-9.9229,-60.73024,4e-05,-0.49755
312.85,ETH-27SEP19,1561805943950,open,0.03,10.0,0.001,0.072,0.032978,120.79,0.056,0.0,ETH-27SEP19-720-C,302.41,116.06,0.028,30.0,0.032,200.0,119.89,0.34159,-0.22955,0.08064,0.00117,0.13766
312.85,ETH-27SEP19,1561805943950,open,1.36,0.0,1.241,1.427,1.334327,120.73,None,0.0,ETH-27SEP19-720-P,302.41,0.0,0.0,0.0,0.0,0.0,0.0,0.34124,-0.22919,-1.69235,0.00117,-0.86255
312.85,ETH-27SEP19,1561805943950,open,0.03,271.0,0.001,0.067,0.027691,120.79,0.025,0.0,ETH-27SEP19-760-C,302.41,112.36,0.02,200.0,0.028,200.0,121.11,0.30832,-0.20719,0.07017,0.00106,0.11878
312.85,ETH-27SEP19,1561805943950,open,0.13,758.0,0.08,0.169,0.124833,110.9,0.119,0.0,ETH-27SEP19-260-P,302.41,106.74,0.118,160.0,0.13,270.0,114.05,0.51375,-0.31698,-0.30452,0.00192,-0.27047
312.85,ETH-27SEP19,1561805943950,open,0.01,7525.0,0.001,0.051,0.011469,110.91,0.007,0.0,ETH-27SEP19-140-P,302.41,102.29,0.008,140.0,0.014,340.0,116.4,0.1372,-0.08465,-0.04062,0.00051,-0.04126
312.85,ETH-27SEP19,1561805943950,open,1.24,0.0,1.125,1.301,1.212899,120.74,None,0.0,ETH-27SEP19-680-P,302.41,0.0,0.0,0.0,0.0,0.0,0.0,0.37703,-0.25325,-1.58179,0.0013,-0.84045
312.85,ETH-27SEP19,1561805943950,open,0.02,5618.0,0.001,0.061,0.020722,110.91,0.025,0.0,ETH-27SEP19-160-P,302.41,103.24,0.016,200.0,0.023,340.0,114.34,0.20301,-0.12526,-0.06807,0.00076,-0.06764
312.85,ETH-27SEP19,1561805943950,open,0.53,0.0,0.455,0.575,0.515298,113.28,None,0.0,ETH-27SEP19-440-P,302.41,0.0,0.0,0.0,0.0,0.0,0.0,0.58734,-0.37014,-0.88048,0.00215,-0.62766
312.85,ETH-27SEP19,1561805943950,open,0.28,259.0,0.222,0.323,0.272883,111.29,0.28,0.0,ETH-27SEP19-340-P,302.41,107.28,0.265,120.0,0.281,120.0,115.43,0.61448,-0.38044,-0.55694,0.00229,-0.45009
312.85,ETH-27SEP19,1561805943950,open,0.01,8300.0,0.001,0.045,0.005476,110.91,0.004,0.0,ETH-27SEP19-120-P,302.41,99.68,0.003,60.0,0.008,200.0,119.63,0.08112,-0.05005,-0.02108,0.0003,-0.02188
312.85,ETH-27SEP19,1561805943950,open,0.41,1740.0,0.372,0.451,0.411288,110.93,0.42,0.0,ETH-27SEP19-200-C,302.41,0.0,0.003,10.0,0.425,50.0,123.09,0.34265,-0.21145,0.34698,0.00128,0.86171
312.85,ETH-27SEP19,1561805943950,open,0.42,30.0,0.358,0.47,0.413751,112.95,0.433,0.0,ETH-27SEP19-400-P,302.41,0.0,0.0,0.0,0.0,0.0,0.0,0.61162,-0.38431,-0.75233,0.00225,-0.56286
312.86,ETH-27SEP19,1561805943950,open,0.88,24.0,0.785,0.932,0.858574,120.82,1.356,0.0,ETH-27SEP19-560-P,302.41,0.0,0.0,0.0,0.0,0.0,0.0,0.49442,-0.33233,-1.2384,0.0017,-0.74897
312.86,ETH-27SEP19,1561805943950,open,0.45,743.0,0.419,0.498,0.458333,110.91,0.46,0.0,ETH-27SEP19-180-C,302.41,0.0,0.223,1.0,0.609,10.0,250.02,0.27314,-0.16854,0.33998,0.00102,0.89966
312.86,ETH-27SEP19,1561805943951,open,0.0,389.0,0.001,0.04,0.00026,122.66,0.002,0.0,ETH-27SEP19-60-P,302.41,0.0,0.0,0.0,0.0,0.0,0.0,0.00653,-0.00446,-0.00118,2e-05,-0.00127
303.08,SYN.ETH-5JUL19,1561805943950,open,0.02,1029.0,0.001,0.057,0.016687,114.8,0.023,0.0,ETH-5JUL19-270-P,302.41,97.52,0.011,200.0,0.02,200.0,124.1,0.1054,-1.02967,-0.01024,0.00621,-0.19314
303.08,SYN.ETH-5JUL19,1561805943950,open,0.01,507.0,0.001,0.054,0.014355,117.88,0.01,0.0,ETH-5JUL19-350-C,302.41,60.79,0.001,3.0,0.011,20.0,107.62,0.10347,-1.03793,0.00844,0.00594,0.1874
312.86,ETH-27SEP19,1561805943951,open,0.33,2636.0,0.29,0.369,0.329114,110.9,0.34,0.0,ETH-27SEP19-240-C,302.41,83.1,0.289,110.0,0.364,110.0,134.1,0.46508,-0.28695,0.34384,0.00174,0.77545
305.52,SYN.ETH-26JUL19,1561805943950,open,0.47,0.0,0.406,0.522,0.464343,118.02,None,0.0,ETH-26JUL19-440-P,302.41,0.0,0.0,0.0,0.0,0.0,0.0,0.20486,-0.4498,-0.29257,0.00253,-0.83616
303.9,SYN.ETH-12JUL19,1561805943950,open,0.08,0.0,0.033,0.118,0.075629,110.18,None,0.0,ETH-12JUL19-300-P,302.41,103.92,0.071,150.0,0.081,150.0,117.45,0.2246,-0.96097,-0.05465,0.00626,-0.43414
305.52,SYN.ETH-26JUL19,1561805943950,open,0.01,664.0,0.001,0.054,0.014878,119.28,0.02,0.0,ETH-26JUL19-480-C,302.41,113.29,0.012,200.0,0.018,200.0,125.18,0.15448,-0.34281,0.02109,0.00188,0.10862
303.9,SYN.ETH-12JUL19,1561805943950,open,0.22,0.0,0.168,0.264,0.216301,119.55,None,0.0,ETH-12JUL19-360-P,302.41,0.0,0.0,0.0,0.0,0.0,0.0,0.18527,-0.8601,-0.10248,0.00476,-0.73964
305.52,SYN.ETH-26JUL19,1561805943950,open,0.0,930.0,0.001,0.043,0.003796,111.83,0.004,0.0,ETH-26JUL19-180-P,302.41,89.98,0.001,301.0,0.006,200.0,122.56,0.0549,-0.11422,-0.00739,0.00071,-0.02903
303.9,SYN.ETH-12JUL19,1561805943950,open,0.09,120.0,0.049,0.128,0.088485,110.23,0.085,0.0,ETH-12JUL19-300-C,302.41,0.0,0.0,0.0,0.087,30.0,108.22,0.2246,-0.96135,0.05118,0.00625,0.56586
312.86,ETH-27SEP19,1561805943953,open,0.37,101.0,0.31,0.418,0.3637,111.88,0.234,0.0,ETH-27SEP19-380-P,302.41,107.98,0.356,120.0,0.372,120.0,116.08,0.61772,-0.38448,-0.68766,0.00229,-0.52894
305.52,SYN.ETH-26JUL19,1561805943950,open,0.01,1050.0,0.001,0.045,0.005832,121.88,0.008,0.0,ETH-26JUL19-560-C,302.41,109.24,0.003,200.0,0.008,200.0,129.18,0.08247,-0.18699,0.00944,0.00098,0.04779
303.08,SYN.ETH-5JUL19,1561805943950,open,0.33,0.0,0.271,0.376,0.323214,128.81,None,0.0,ETH-5JUL19-400-P,302.41,0.0,0.0,0.0,0.0,0.0,0.0,0.04157,-0.45566,-0.06197,0.00218,-0.94695
305.52,SYN.ETH-26JUL19,1561805943950,open,0.35,0.0,0.315,0.394,0.354414,111.9,None,0.0,ETH-26JUL19-200-C,302.41,0.0,0.005,2.0,0.0,0.0,0.0,0.09992,-0.208,0.13153,0.0013,0.9391
303.08,SYN.ETH-5JUL19,1561805943950,open,0.0,0.0,0.001,0.041,0.001367,129.7,None,0.0,ETH-5JUL19-220-P,302.41,0.0,0.0,0.0,0.004,250.0,158.23,0.01957,-0.21603,-0.0011,0.00102,-0.02122
303.9,SYN.ETH-12JUL19,1561805943950,open,0.01,261.0,0.001,0.054,0.014788,122.19,0.011,0.0,ETH-12JUL19-400-C,302.41,115.21,0.012,250.0,0.018,250.0,129.59,0.12673,-0.60135,0.01337,0.00318,0.1395
305.52,SYN.ETH-26JUL19,1561805943950,open,0.24,558.0,0.207,0.286,0.246861,111.87,0.33,0.0,ETH-26JUL19-240-C,302.41,0.0,0.161,5.0,0.0,0.0,0.0,0.21123,-0.43961,0.13078,0.00275,0.82818
305.52,SYN.ETH-26JUL19,1561805943950,open,0.3,504.0,0.243,0.346,0.294343,116.19,0.168,0.0,ETH-26JUL19-380-P,302.41,0.0,0.0,0.0,0.0,0.0,0.0,0.28676,-0.61988,-0.22446,0.00359,-0.7034
303.08,SYN.ETH-5JUL19,1561805943950,open,0.0,123.0,0.001,0.042,0.002116,123.21,0.009,0.0,ETH-5JUL19-230-P,302.41,0.0,0.0,0.0,0.005,250.0,147.18,0.02806,-0.29417,-0.0017,0.00154,-0.03264
303.08,SYN.ETH-5JUL19,1561805943950,open,0.24,0.0,0.204,0.283,0.243274,123.48,None,0.0,ETH-5JUL19-230-C,302.41,0.0,0.005,2.0,0.0,0.0,0.0,0.02825,-0.29682,0.03531,0.00155,0.96709
303.08,SYN.ETH-5JUL19,1561805943950,open,0.37,0.0,0.302,0.409,0.355224,129.45,None,0.0,ETH-5JUL19-410-P,302.41,0.0,0.0,0.0,0.0,0.0,0.0,0.03274,-0.3607,-0.0642,0.00171,-0.96058
305.52,SYN.ETH-26JUL19,1561805943951,open,0.36,985.0,0.295,0.402,0.348273,116.19,0.205,0.0,ETH-26JUL19-400-P,302.41,0.0,0.0,0.0,0.0,0.0,0.0,0.25942,-0.56075,-0.24867,0.00325,-0.75709
303.9,SYN.ETH-12JUL19,1561805943951,open,0.01,521.0,0.001,0.052,0.011894,111.04,0.015,0.0,ETH-12JUL19-240-P,302.41,99.0,0.008,250.0,0.014,250.0,116.88,0.10606,-0.45734,-0.01287,0.00293,-0.1082
303.08,SYN.ETH-5JUL19,1561805943950,open,0.27,0.0,0.236,0.315,0.275518,130.06,None,0.0,ETH-5JUL19-220-C,302.41,0.0,0.005,2.0,0.0,0.0,0.0,0.01979,-0.21898,0.0343,0.00103,0.97851
305.52,SYN.ETH-26JUL19,1561805943950,open,0.02,603.0,0.001,0.064,0.024246,118.09,0.029,0.0,ETH-26JUL19-440-C,302.41,113.12,0.021,160.0,0.028,160.0,123.53,0.20501,-0.45041,0.03145,0.00253,0.16403
303.08,SYN.ETH-5JUL19,1561805943950,open,0.02,266.0,0.001,0.06,0.020091,117.88,0.015,0.0,ETH-5JUL19-340-C,302.41,104.61,0.015,200.0,0.017,20.0,109.95,0.1206,-1.20983,0.01092,0.00692,0.24394
303.08,SYN.ETH-5JUL19,1561805943951,open,0.53,0.0,0.458,0.578,0.518056,127.93,None,0.0,ETH-5JUL19-460-P,302.41,0.0,0.0,0.0,0.0,0.0,0.0,0.00692,-0.07537,-0.07375,0.00037,-0.9936
303.9,SYN.ETH-12JUL19,1561805943950,open,0.12,0.0,0.086,0.165,0.125175,111.08,None,0.0,ETH-12JUL19-280-C,302.41,110.81,0.125,150.0,0.135,150.0,125.79,0.20126,-0.86814,0.06059,0.00556,0.69036
305.52,SYN.ETH-26JUL19,1561805943952,open,0.08,586.0,0.036,0.121,0.078488,111.83,0.074,0.0,ETH-26JUL19-280-P,302.41,104.19,0.071,160.0,0.08,160.0,113.36,0.30033,-0.62482,-0.09195,0.00391,-0.33025
303.9,SYN.ETH-12JUL19,1561805943951,open,0.01,250.0,0.001,0.044,0.004627,111.04,0.004,0.0,ETH-12JUL19-220-P,302.41,84.01,0.001,260.0,0.006,250.0,117.75,0.05805,-0.25031,-0.00576,0.0016,-0.04913
305.52,SYN.ETH-26JUL19,1561805943951,open,0.2,496.0,0.162,0.241,0.201399,111.86,0.3,0.0,ETH-26JUL19-260-C,302.41,85.88,0.18,1.0,0.275,25.0,193.59,0.26188,-0.54499,0.12405,0.00341,0.7528
305.52,SYN.ETH-26JUL19,1561805943951,open,0.47,0.0,0.438,0.517,0.477775,113.93,None,0.0,ETH-26JUL19-160-C,302.41,0.0,0.0,0.0,0.0,0.0,0.0,0.0265,-0.05617,0.11471,0.00034,0.98768
303.08,SYN.ETH-5JUL19,1561805943951,open,0.12,173.0,0.072,0.161,0.116416,117.81,0.133,0.0,ETH-5JUL19-330-P,302.41,0.0,0.0,0.0,0.12,150.0,125.73,0.13575,-1.36091,-0.03932,0.00779,-0.68953
12156.03,BTC-27SEP19,1561805943968,open,0.31,41.6,0.253,0.357,0.3051357,105.15,0.2735,0.0,BTC-27SEP19-14000-P,11781.99,101.29,0.2975,5.0,0.3135,14.4,109.37,24.06333,-14.07598,-24.21671,6e-05,-0.50391
12155.99,BTC-27SEP19,1561805944002,open,0.37,9.0,0.3115,0.42,0.3656278,105.58,0.348,0.0,BTC-27SEP19-15000-P,11781.99,101.17,0.357,14.4,0.3745,14.4,110.09,23.83192,-13.99751,-27.56874,6e-05,-0.55541
12297.47,BTC-27DEC19,1561805944647,open,0.65,6.5,0.611,0.6905,0.6505737,104.12,0.54,0.0,BTC-27DEC19-4500-C,11781.34,0.0,0.011,0.1,0.98,1.0,500.0,7.6253,-2.19463,18.78973,1e-05,0.9589
12155.99,BTC-27SEP19,1561805944647,open,0.0,432.4,0.0005,0.043,0.00313284,128.27,0.004,0.0,BTC-27SEP19-3500-P,11781.34,99.87,0.0005,5.0,0.0,0.0,0.0,1.81192,-1.29297,-0.43716,0.0,-0.01147
12155.99,BTC-27SEP19,1561805944647,open,0.57,1.0,0.5035,0.6285,0.56610307,107.43,1.5815,0.0,BTC-27SEP19-18000-P,11781.34,0.0,0.004,0.3,1.2215,0.3,500.0,21.54969,-12.87921,-37.32155,6e-05,-0.68076
12155.99,BTC-27SEP19,1561805944647,open,0.25,30.1,0.1985,0.298,0.24833661,104.61,0.2975,0.0,BTC-27SEP19-13000-P,11781.34,100.62,0.2405,5.0,0.256,14.4,108.52,23.86123,-13.88617,-20.84878,6e-05,-0.4482
12155.99,BTC-27SEP19,1561805944647,open,0.84,28.2,0.796,0.8755,0.83566412,130.0,0.755,0.0,BTC-27SEP19-2000-C,11781.34,0.0,0.004,5.0,0.951,5.0,500.0,0.18511,-0.13387,4.89189,0.0,0.9991
12155.99,BTC-27SEP19,1561805944648,open,0.2,20.8,0.148,0.243,0.19545153,103.73,0.176,0.0,BTC-27SEP19-12000-P,11781.34,100.35,0.189,5.0,0.2035,19.3,107.97,23.1233,-13.34428,-17.4878,6e-05,-0.38879
12155.99,BTC-27SEP19,1561805944648,open,1.49,0.0,1.3895,1.588,1.48885202,114.87,None,0.0,BTC-27SEP19-30000-P,11781.34,0.0,0.0,0.0,0.0,0.0,0.0,10.33906,-6.60714,-71.59878,2e-05,-0.90317
12155.99,BTC-27SEP19,1561805944647,open,0.0,46.9,0.0005,0.042,0.00220542,128.27,0.001,0.0,BTC-27SEP19-3250-P,11781.34,105.6,0.0005,10.0,0.0,0.0,0.0,1.38099,-0.98546,-0.31763,0.0,-0.00841
12296.82,BTC-27DEC19,1561805944648,open,0.17,228.5,0.126,0.2055,0.16575062,104.65,0.163,0.0,BTC-27DEC19-18000-C,11781.34,102.58,0.16,0.5,0.1715,0.5,106.72,34.15353,-9.88053,16.76291,4e-05,0.44084
11806.44,SYN.BTC-5JUL19,1561805944647,open,0.39,0.0,0.3435,0.455,0.39906355,129.94,None,0.0,BTC-5JUL19-16500-P,11781.34,0.0,0.0005,0.1,0.0,0.0,0.0,0.89648,-9.91263,-2.61015,3e-05,-0.97428
11806.44,SYN.BTC-5JUL19,1561805944648,open,0.02,542.9,0.0005,0.0595,0.01898218,122.33,0.019,0.0,BTC-5JUL19-10500-P,11781.34,118.15,0.0175,0.2,0.02,26.5,125.16,4.22355,-43.96669,-0.42071,0.00015,-0.20238
12155.99,BTC-27SEP19,1561805944648,open,0.09,249.0,0.0455,0.125,0.08535571,107.43,0.095,0.0,BTC-27SEP19-18000-C,11781.34,104.1,0.0795,5.0,0.091,19.3,110.59,21.54991,-12.87962,7.00082,6e-05,0.31924
11806.44,SYN.BTC-5JUL19,1561805944647,open,0.0,170.4,0.0005,0.0435,0.003888,130.0,0.0025,0.0,BTC-5JUL19-15500-C,11781.34,119.46,0.0025,0.1,0.0065,30.0,145.25,1.74856,-19.34366,0.10373,6e-05,0.05847
12296.82,BTC-27DEC19,1561805944648,open,0.8,0.0,0.76,0.8395,0.79995246,115.53,None,0.0,BTC-27DEC19-2500-C,11781.34,0.0,0.0125,0.3,0.9855,0.5,500.0,2.10484,-0.6722,11.64161,0.0,0.991
11893.83,SYN.BTC-26JUL19,1561805944647,open,0.15,38.9,0.1035,0.195,0.14921674,110.37,0.1455,0.0,BTC-26JUL19-12500-P,11781.34,103.7,0.142,14.4,0.154,14.4,114.79,12.87383,-26.4347,-5.74232,0.00011,-0.50647
12296.82,BTC-27DEC19,1561805944649,open,0.04,51.6,0.0005,0.074,0.03401365,113.89,0.033,0.0,BTC-27DEC19-44000-C,11781.34,110.51,0.0295,6.0,0.0385,0.1,117.03,17.02788,-5.36103,5.06799,2e-05,0.11718
11806.44,SYN.BTC-5JUL19,1561805944647,open,0.2,15.2,0.1605,0.24,0.20044724,122.35,0.201,0.0,BTC-5JUL19-9500-C,11781.34,0.0,0.071,2.0,0.239,5.0,256.34,2.0053,-20.87784,1.38709,7e-05,0.93027
11806.44,SYN.BTC-5JUL19,1561805944647,open,0.01,318.1,0.0005,0.0505,0.01037902,122.33,0.007,0.0,BTC-5JUL19-10000-P,11781.34,114.89,0.0085,1.0,0.012,30.0,128.35,3.09369,-32.20514,-0.25841,0.00011,-0.12559
12155.34,BTC-27SEP19,1561805944650,open,0.63,289.7,0.594,0.6735,0.63358348,107.25,0.6055,0.0,BTC-27SEP19-4500-C,11781.34,0.0,0.001,50.0,0.711,0.3,250.37,2.47244,-1.47515,10.47473,1e-05,0.98355
12155.34,BTC-27SEP19,1561805944650,open,0.0,122.0,0.0005,0.044,0.00430087,128.26,0.002,0.0,BTC-27SEP19-3750-P,11781.34,94.55,0.0005,10.0,0.0635,1.0,262.43,2.30487,-1.64466,-0.58241,0.0,-0.01516
12296.82,BTC-27DEC19,1561805944650,open,0.01,160.5,0.0005,0.0455,0.00528881,111.63,0.005,0.0,BTC-27DEC19-3000-P,11781.34,86.4,0.001,0.6,0.0085,6.0,122.54,3.1522,-0.97275,-1.19563,0.0,-0.01433
12296.82,BTC-27DEC19,1561805944650,open,0.06,38.2,0.023,0.1025,0.06295081,110.51,0.0625,0.0,BTC-27DEC19-32000-C,11781.34,107.7,0.0575,4.9,0.0685,4.9,113.27,24.25841,-7.41049,8.3713,3e-05,0.20033
12155.34,BTC-27SEP19,1561805944649,open,0.71,261.1,0.6755,0.755,0.71520899,128.37,0.714,0.0,BTC-27SEP19-3500-C,11781.34,0.0,0.161,1.0,0.7885,10.0,300.0,1.81733,-1.29783,8.17941,0.0,0.98849
12296.82,BTC-27DEC19,1561805944649,open,1.97,1.3,1.8585,2.0965,1.97748576,111.45,2.889,0.0,BTC-27DEC19-36000-P,11781.34,0.0,0.0005,1.0,0.0,0.0,0.0,21.43059,-6.60251,-171.42552,3e-05,-0.83568
12296.82,BTC-27DEC19,1561805944650,open,1.06,0.0,0.9745,1.139,1.05676372,107.62,None,0.0,BTC-27DEC19-24000-P,11781.34,0.0,0.0055,1.0,1.8435,0.2,499.94,30.41714,-9.04918,-106.61416,4e-05,-0.69282
11835.57,SYN.BTC-12JUL19,1561805944647,open,0.21,0.0,0.166,0.2625,0.21437238,118.68,None,0.0,BTC-12JUL19-14000-P,11781.34,0.0,0.0,0.0,0.0,0.0,0.0,7.21674,-33.26032,-3.98276,0.00012,-0.73956
11893.83,SYN.BTC-26JUL19,1561805944649,open,0.09,186.5,0.0475,0.127,0.08721982,113.86,0.082,0.0,BTC-26JUL19-13000-C,11781.34,108.52,0.0815,14.4,0.093,14.4,119.24,12.76158,-27.03334,3.15051,0.00011,0.44696
11893.83,SYN.BTC-26JUL19,1561805944649,open,0.5,0.0,0.4575,0.537,0.49728538,123.11,None,0.0,BTC-26JUL19-6000-C,11781.34,0.0,0.0005,0.1,0.0,0.0,0.0,1.10672,-2.53475,4.28554,1e-05,0.98663
11835.57,SYN.BTC-12JUL19,1561805944647,open,0.13,10.7,0.0825,0.162,0.12214253,113.79,0.1085,0.0,BTC-12JUL19-11000-C,11781.34,108.39,0.1185,18.0,0.1285,18.0,123.14,8.01633,-35.42157,2.30173,0.00014,0.67344
11893.83,SYN.BTC-26JUL19,1561805944647,open,0.24,5.3,0.1915,0.29,0.24070934,114.39,0.192,0.0,BTC-26JUL19-14000-P,11781.34,0.0,0.0,0.0,0.0,0.0,0.0,12.02349,-25.58779,-7.75084,0.0001,-0.64433
11806.44,SYN.BTC-5JUL19,1561805944651,open,0.35,0.0,0.3035,0.4115,0.3576413,129.96,None,0.0,BTC-5JUL19-16000-P,11781.34,0.0,0.0005,0.1,0.0,0.0,0.0,1.26792,-14.02189,-2.50594,4e-05,-0.96087
11893.83,SYN.BTC-26JUL19,1561805944648,open,0.3,10.0,0.255,0.359,0.3071505,114.82,0.17,0.0,BTC-26JUL19-15000-P,11781.34,0.0,0.0,0.0,0.0,0.0,0.0,10.82552,-23.1248,-9.01338,9e-05,-0.72205
11893.83,SYN.BTC-26JUL19,1561805944651,open,0.05,232.0,0.006,0.0855,0.04599641,114.83,0.042,0.0,BTC-26JUL19-15000-C,11781.34,109.83,0.0415,19.3,0.0505,19.3,119.72,10.82575,-23.12625,2.0315,9e-05,0.27796
11893.83,SYN.BTC-26JUL19,1561805944650,open,0.21,108.4,0.1675,0.247,0.20703292,110.58,0.2235,0.0,BTC-26JUL19-10000-C,11781.34,106.91,0.204,4.9,0.214,4.9,118.88,9.87812,-20.32209,4.90137,9e-05,0.7667
11835.57,SYN.BTC-12JUL19,1561805944650,open,0.28,0.0,0.235,0.3375,0.28623518,119.57,None,0.0,BTC-12JUL19-15000-P,11781.34,0.0,0.0,0.0,0.0,0.0,0.0,5.68631,-26.40283,-4.6483,0.0001,-0.8271
12155.34,BTC-27SEP19,1561805944655,open,0.71,0.0,0.642,0.7785,0.71022809,108.55,None,0.0,BTC-27SEP19-20000-P,11781.34,0.0,0.004,10.0,1.3735,0.2,500.0,19.41516,-11.72436,-43.5207,5e-05,-0.74382
11806.44,SYN.BTC-5JUL19,1561805944651,open,0.0,318.5,0.0005,0.045,0.00509008,122.33,0.0055,0.0,BTC-5JUL19-9500-P,11781.34,108.42,0.003,0.5,0.007,30.9,132.74,2.00479,-20.86972,-0.14216,7e-05,-0.06971
12155.34,BTC-27SEP19,1561805944655,open,0.25,518.7,0.205,0.2845,0.24455001,103.75,0.239,0.0,BTC-27SEP19-11000-C,11781.34,100.08,0.238,5.0,0.251,14.4,107.36,21.73224,-12.54305,12.85825,6e-05,0.67415
11893.83,SYN.BTC-26JUL19,1561805944647,open,0.07,100.4,0.024,0.1035,0.06363219,114.39,0.0655,0.0,BTC-26JUL19-14000-C,11781.34,109.29,0.0585,19.3,0.069,19.3,119.68,12.02359,-25.58889,2.55769,0.0001,0.35568
11835.57,SYN.BTC-12JUL19,1561805944651,open,0.02,205.6,0.0005,0.065,0.02421882,114.2,0.028,0.0,BTC-12JUL19-10000-P,11781.34,113.76,0.024,3.0,0.0245,24.0,114.75,5.95231,-26.39584,-0.87742,0.00011,-0.18594
11835.57,SYN.BTC-12JUL19,1561805944651,open,0.04,13.1,0.001,0.0805,0.04066185,118.69,0.052,0.0,BTC-12JUL19-13500-C,11781.34,112.4,0.0365,0.1,0.0445,0.9,124.39,7.90784,-36.44748,1.14974,0.00013,0.31604
11806.44,SYN.BTC-5JUL19,1561805944651,open,0.0,47.4,0.0005,0.0415,0.00152598,130.0,0.003,0.0,BTC-5JUL19-16500-C,11781.34,111.42,0.0005,5.1,0.004,30.0,153.44,0.89825,-9.93697,0.04609,3e-05,0.02578
11806.44,SYN.BTC-5JUL19,1561805944647,open,0.0,452.5,0.0005,0.042,0.00245335,130.0,0.0035,0.0,BTC-5JUL19-16000-C,11781.34,112.69,0.001,5.0,0.004,1.1,142.38,1.26934,-14.04217,0.0698,4e-05,0.03918
11806.44,SYN.BTC-5JUL19,1561805944655,open,0.33,0.0,0.283,0.3625,0.32282165,130.09,None,0.0,BTC-5JUL19-8000-C,11781.34,0.0,0.001,0.1,0.0,0.0,0.0,0.30408,-3.36613,1.27309,1e-05,0.99267
11893.83,SYN.BTC-26JUL19,1561805944649,open,0.38,5.0,0.3235,0.4335,0.37854215,115.56,0.2255,0.0,BTC-26JUL19-16000-P,11781.34,0.0,0.0,0.0,0.0,0.0,0.0,9.43175,-20.2773,-10.18938,8e-05,-0.78494
11893.83,SYN.BTC-26JUL19,1561805944654,open,0.06,30.6,0.0145,0.094,0.05412517,114.59,0.0535,0.0,BTC-26JUL19-14500-C,11781.34,109.22,0.049,19.3,0.059,19.3,119.61,11.465,-24.4414,2.28466,0.0001,0.315
12296.82,BTC-27DEC19,1561805944683,open,1.06,0.0,0.9745,1.139,1.05676372,107.62,None,0.0,BTC-27DEC19-24000-P,11781.34,0.0,0.0055,1.0,1.844,0.2,500.0,30.41714,-9.04918,-106.61416,4e-05,-0.69282
312.85,ETH-27SEP19,1561805944950,open,0.76,12.0,0.676,0.815,0.745204,120.79,1.193,0.0,ETH-27SEP19-520-P,302.43,0.0,0.0,0.0,0.0,0.0,0.0,0.53298,-0.35816,-1.11959,0.00183,-0.70816
312.85,ETH-27SEP19,1561805944950,open,0.62,47.0,0.582,0.661,0.621907,110.91,0.689,0.0,ETH-27SEP19-120-C,302.43,0.0,0.02,2.0,0.0,0.0,0.0,0.08113,-0.05006,0.2744,0.0003,0.97811
312.85,ETH-27SEP19,1561805944951,open,0.29,1280.0,0.254,0.333,0.29379,110.92,0.32,0.0,ETH-27SEP19-260-C,302.43,102.51,0.28,110.0,0.301,110.0,115.31,0.51375,-0.31702,0.33567,0.00192,0.72953
303.09,SYN.ETH-5JUL19,1561805944950,open,0.18,0.0,0.123,0.215,0.169148,117.95,None,0.0,ETH-5JUL19-350-P,302.43,0.0,0.0,0.0,0.0,0.0,0.0,0.10355,-1.03936,-0.04789,0.00594,-0.81238
303.09,SYN.ETH-5JUL19,1561805944950,open,0.04,146.0,0.001,0.079,0.03781,114.84,0.036,0.0,ETH-5JUL19-290-P,302.43,98.16,0.03,200.0,0.043,200.0,125.81,0.14295,-1.39701,-0.01909,0.00842,-0.35349
11893.83,SYN.BTC-26JUL19,1561805945474,open,0.05,273.4,0.006,0.0895,0.04780247,110.58,0.05,0.0,BTC-26JUL19-10000-P,11781.34,103.52,0.042,19.3,0.05,19.5,113.22,9.87802,-20.32126,-2.46177,9e-05,-0.2333
12296.89,BTC-27DEC19,1561805945648,open,0.07,192.6,0.029,0.1085,0.06855055,108.72,0.071,0.0,BTC-27DEC19-30000-C,11781.31,106.98,0.065,5.9,0.072,0.3,110.37,25.42326,-7.64049,9.04067,3e-05,0.21691
12296.89,BTC-27DEC19,1561805945648,open,0.12,53.8,0.082,0.1615,0.12178884,106.92,0.1215,0.0,BTC-27DEC19-22000-C,11781.31,103.7,0.1135,4.9,0.13,4.9,110.06,31.92285,-9.43486,13.65357,4e-05,0.34585
12155.39,BTC-27SEP19,1561805945648,open,0.04,222.9,0.0005,0.079,0.03936079,111.0,0.043,0.0,BTC-27SEP19-24000-C,11781.31,107.42,0.035,19.3,0.044,19.3,114.63,15.18325,-9.37587,3.86849,4e-05,0.16861
12296.89,BTC-27DEC19,1561805945648,open,0.22,26.8,0.169,0.266,0.21750856,102.63,0.2245,0.0,BTC-27DEC19-11000-P,11781.31,99.38,0.2095,5.0,0.223,1.1,104.87,30.23733,-8.57866,-31.72447,4e-05,-0.3031
12296.89,BTC-27DEC19,1561805945648,open,0.01,101.3,0.0005,0.0495,0.00922784,111.63,0.007,0.0,BTC-27DEC19-3500-P,11781.31,105.45,0.007,100.0,0.0115,6.0,117.19,4.74961,-1.46571,-1.97543,1e-05,-0.02319
12296.89,BTC-27DEC19,1561805945648,open,0.0,184.7,0.0005,0.043,0.00324694,115.47,0.003,0.0,BTC-27DEC19-2500-P,11781.31,0.0,0.0,0.0,0.0065,6.0,130.76,2.10089,-0.6706,-0.74535,0.0,-0.00898
12296.89,BTC-27DEC19,1561805945648,open,0.14,366.2,0.103,0.1825,0.14260778,106.27,0.1425,0.0,BTC-27DEC19-20000-C,11781.31,103.07,0.134,4.0,0.151,4.9,109.37,33.2427,-9.76583,15.15082,4e-05,0.39124
12296.89,BTC-27DEC19,1561805945648,open,0.07,134.4,0.023,0.1075,0.06535511,102.64,0.065,0.0,BTC-27DEC19-7000-P,11781.31,98.6,0.0595,11.0,0.07,6.0,105.79,18.00973,-5.10975,-11.71655,2e-05,-0.12692
12155.39,BTC-27SEP19,1561805945648,open,0.88,42.8,0.837,0.9165,0.87663814,131.66,0.815,0.0,BTC-27SEP19-1500-C,11781.31,0.0,0.0005,0.1,0.0,0.0,0.0,0.0475,-0.03479,3.68608,0.0,0.99979
12155.39,BTC-27SEP19,1561805945648,open,0.0,371.7,0.0005,0.0405,0.00065169,130.0,0.0005,0.0,BTC-27SEP19-2500-P,11781.31,0.0,0.0,0.0,0.002,0.1,150.8,0.51305,-0.37104,-0.10232,0.0,-0.00277
12155.39,BTC-27SEP19,1561805945648,open,0.03,200.9,0.0005,0.0695,0.02853412,104.73,0.03,0.0,BTC-27SEP19-7000-P,11781.31,102.86,0.027,1.0,0.03,24.0,106.49,10.04604,-5.85324,-3.6414,3e-05,-0.09313
12296.89,BTC-27DEC19,1561805945648,open,0.88,0.0,0.8395,0.919,0.87910142,130.09,None,0.0,BTC-27DEC19-1500-C,11781.31,0.0,0.017,0.3,0.989,0.5,500.0,0.77579,-0.27898,7.18856,0.0,0.99707
11893.18,SYN.BTC-26JUL19,1561805945648,open,0.1,45.7,0.0585,0.138,0.09825439,110.39,0.099,0.0,BTC-26JUL19-12500-C,11781.31,108.31,0.096,14.4,0.1035,0.4,115.24,12.87311,-26.43863,3.46106,0.00011,0.49348
12296.89,BTC-27DEC19,1561805945649,open,0.09,189.8,0.0515,0.131,0.09149516,108.39,0.094,0.0,BTC-27DEC19-26000-C,11781.31,105.16,0.084,4.9,0.099,4.9,111.55,28.8493,-8.64415,11.14138,4e-05,0.27433
12155.39,BTC-27SEP19,1561805945649,open,0.52,714.8,0.481,0.5605,0.52077909,104.86,0.556,0.0,BTC-27SEP19-6000-C,11781.31,0.0,0.0,0.0,0.6,0.5,202.56,6.51014,-3.79784,12.75891,2e-05,0.94706
12296.89,BTC-27DEC19,1561805945649,open,0.5,54.5,0.4565,0.536,0.49613234,102.65,0.481,0.0,BTC-27DEC19-7000-C,11781.31,78.58,0.4635,5.0,0.55,0.1,137.54,18.01126,-5.11109,22.96936,2e-05,0.87307
12296.89,BTC-27DEC19,1561805945649,open,3.25,0.0,3.0835,3.4235,3.25348269,116.23,None,0.0,BTC-27DEC19-52000-P,11781.31,0.0,0.0,0.0,0.0,0.0,0.0,13.82287,-4.44112,-253.83354,2e-05,-0.91201
12155.39,BTC-27SEP19,1561805945649,open,0.67,229.9,0.634,0.7135,0.67384631,113.91,0.673,0.0,BTC-27SEP19-4000-C,11781.31,0.0,0.111,2.0,0.767,5.0,299.73,1.91869,-1.21587,9.39522,0.0,0.98774
11805.79,SYN.BTC-5JUL19,1561805945648,open,0.23,3.0,0.187,0.2855,0.23626932,125.03,0.12,0.0,BTC-5JUL19-14500-P,11781.31,0.0,0.079,2.0,0.0,0.0,0.0,2.85135,-30.33736,-2.13683,0.0001,-0.8881
11805.79,SYN.BTC-5JUL19,1561805945649,open,0.02,283.0,0.0005,0.0575,0.01753668,121.71,0.018,0.0,BTC-5JUL19-13500-C,11781.31,113.28,0.0145,29.0,0.0205,1.0,129.54,4.36988,-45.26055,0.37418,0.00016,0.21443
12296.86,BTC-27DEC19,1561805945650,open,0.69,27.1,0.6475,0.727,0.68745405,108.07,0.542,0.0,BTC-27DEC19-4000-C,11781.31,0.0,0.0125,0.4,0.716,0.2,150.89,6.16206,-1.84081,17.11503,1e-05,0.96832
11893.18,SYN.BTC-26JUL19,1561805945648,open,0.01,158.2,0.0005,0.0465,0.00636592,110.57,0.01,0.0,BTC-26JUL19-7500-P,11781.31,97.83,0.0035,4.0,0.008,25.0,116.47,3.10409,-6.38518,-0.45706,3e-05,-0.04583
11805.79,SYN.BTC-5JUL19,1561805945650,open,0.01,353.9,0.0005,0.0525,0.01252351,125.31,0.013,0.0,BTC-5JUL19-14000-C,11781.31,116.81,0.01,3.5,0.015,24.0,133.06,3.65101,-38.93306,0.2811,0.00013,0.16044
12155.36,BTC-27SEP19,1561805945650,open,1.65,0.0,1.5445,1.756,1.65007924,116.24,None,0.0,BTC-27SEP19-32000-P,11781.31,0.0,0.0,0.0,0.0,0.0,0.0,9.16135,-5.92438,-76.85537,2e-05,-0.9177
12296.86,BTC-27DEC19,1561805945650,open,0.62,62.9,0.577,0.6565,0.61698284,104.03,0.598,0.0,BTC-27DEC19-5000-C,11781.31,0.0,0.006,1.0,0.71,0.5,193.35,9.67891,-2.78343,19.96664,1e-05,0.94464
11834.92,SYN.BTC-12JUL19,1561805945648,open,0.18,12.5,0.1345,0.2285,0.18128964,118.62,0.1625,0.0,BTC-12JUL19-13500-P,11781.31,102.81,0.171,18.0,0.182,18.0,119.68,7.90482,-36.4109,-3.61331,0.00013,-0.6842
12155.36,BTC-27SEP19,1561805945650,open,0.07,338.4,0.025,0.1045,0.06493873,108.6,0.065,0.0,BTC-27SEP19-20000-C,11781.31,105.15,0.0595,5.0,0.0705,19.3,112.04,19.42203,-11.73376,5.72911,5e-05,0.25635
11805.79,SYN.BTC-5JUL19,1561805945648,open,0.0,131.6,0.0005,0.0405,0.00093668,130.02,0.0025,0.0,BTC-5JUL19-17000-C,11781.31,119.9,0.0005,18.0,0.0025,1.0,150.88,0.62112,-6.87202,0.02991,2e-05,0.01667
11805.79,SYN.BTC-5JUL19,1561805945648,open,0.24,20.0,0.201,0.2805,0.24053388,128.87,0.2695,0.0,BTC-5JUL19-9000-C,11781.31,0.0,0.071,2.0,0.2775,5.0,281.47,1.31191,-14.38709,1.36579,5e-05,0.95919
11805.79,SYN.BTC-5JUL19,1561805945650,open,0.0,201.7,0.0005,0.04,0.00041565,129.98,0.0005,0.0,BTC-5JUL19-8000-P,11781.31,0.0,0.0,0.0,0.003,0.5,175.86,0.30295,-3.35091,-0.01467,1e-05,-0.0073
12155.36,BTC-27SEP19,1561805945651,open,0.73,0.0,0.695,0.7745,0.73483491,128.28,None,0.0,BTC-27SEP19-3250-C,11781.31,0.0,0.004,10.0,0.934,5.0,500.0,1.38147,-0.98585,7.68487,0.0,0.99159
11805.79,SYN.BTC-5JUL19,1561805945648,open,0.0,410.5,0.0005,0.0425,0.00282969,128.49,0.0065,0.0,BTC-5JUL19-9000-P,11781.31,114.24,0.0015,5.3,0.004,30.0,138.12,1.30129,-14.22871,-0.08216,5e-05,-0.0404
12155.36,BTC-27SEP19,1561805945652,open,0.21,662.4,0.1685,0.248,0.20826242,103.73,0.2035,0.0,BTC-27SEP19-12000-C,11781.31,100.71,0.2025,5.0,0.2125,100.0,105.96,23.12277,-13.34393,12.05923,6e-05,0.61117
12155.36,BTC-27SEP19,1561805945652,open,0.12,108.5,0.0735,0.153,0.1134369,106.12,0.118,0.0,BTC-27SEP19-16000-C,11781.31,102.75,0.107,5.0,0.12,19.3,109.54,23.27215,-13.73984,8.51689,6e-05,0.39799
12296.86,BTC-27DEC19,1561805945653,open,0.22,175.0,0.177,0.2565,0.21679279,103.49,0.2295,0.0,BTC-27DEC19-15000-C,11781.31,100.88,0.2095,3.6,0.2225,0.7,105.53,34.38979,-9.83831,19.47941,4e-05,0.53646
12296.86,BTC-27DEC19,1561805945652,open,0.17,112.1,0.1255,0.219,0.17228268,102.64,0.18,0.0,BTC-27DEC19-10000-P,11781.31,99.01,0.164,4.9,0.1775,1.6,104.94,28.00451,-7.94601,-26.26146,4e-05,-0.25868
12296.86,BTC-27DEC19,1561805945653,open,0.02,127.4,0.0005,0.0645,0.02359203,104.03,0.024,0.0,BTC-27DEC19-5000-P,11781.31,98.63,0.0195,5.0,0.0275,6.0,108.85,9.67913,-2.78354,-4.81103,1e-05,-0.05536
12155.36,BTC-27SEP19,1561805945653,open,0.0,425.8,0.0005,0.04,0.00019212,130.0,0.0005,0.0,BTC-27SEP19-2000-P,11781.31,0.0,0.0,0.0,0.0045,2.0,196.26,0.18515,-0.1339,-0.03281,0.0,-0.0009
11893.18,SYN.BTC-26JUL19,1561805945651,open,0.14,39.5,0.094,0.1735,0.13398531,110.04,0.1655,0.0,BTC-26JUL19-11500-C,11781.31,107.67,0.1315,14.4,0.143,14.4,118.66,12.44081,-25.46944,4.10983,0.00011,0.6033
12296.86,BTC-27DEC19,1561805945653,open,0.02,51.6,0.0005,0.0645,0.02474713,116.21,0.028,0.0,BTC-27DEC19-52000-C,11781.31,112.22,0.0205,0.1,0.029,1.0,119.83,13.81534,-4.43789,3.84994,2e-05,0.08793
11834.92,SYN.BTC-12JUL19,1561805945652,open,0.08,30.1,0.039,0.1185,0.07891656,113.81,0.0645,0.0,BTC-12JUL19-12000-C,11781.31,109.25,0.0755,18.0,0.0865,18.0,123.95,8.85992,-39.15867,1.82804,0.00016,0.51678
12296.86,BTC-27DEC19,1561805945653,open,0.52,63.0,0.484,0.5635,0.52377984,102.64,0.4965,0.0,BTC-27DEC19-6500-C,11781.31,74.34,0.4915,5.0,0.975,2.0,500.0,15.93704,-4.52191,22.51023,2e-05,0.89318
11805.79,SYN.BTC-5JUL19,1561805945650,open,0.16,33.4,0.115,0.207,0.16098039,121.54,0.171,0.0,BTC-5JUL19-13500-P,11781.31,99.6,0.1535,6.0,0.1625,6.0,125.6,4.3653,-45.14992,-1.79963,0.00016,-0.78596
11893.18,SYN.BTC-26JUL19,1561805945652,open,0.12,32.4,0.079,0.1685,0.12370327,109.99,0.1345,0.0,BTC-26JUL19-12000-P,11781.31,103.76,0.117,14.4,0.121,0.4,107.47,12.78358,-26.15838,-5.0462,0.00011,-0.45253
11893.18,SYN.BTC-26JUL19,1561805945649,open,0.77,0.0,0.7025,0.844,0.77312988,121.32,None,0.0,BTC-26JUL19-21000-P,11781.31,0.0,0.0,0.0,0.0,0.0,0.0,3.79878,-8.5742,-15.01014,3e-05,-0.94091
11834.92,SYN.BTC-12JUL19,1561805945652,open,0.15,12.0,0.109,0.1885,0.14893299,113.84,0.188,0.0,BTC-12JUL19-10500-C,11781.31,107.22,0.145,6.0,0.1545,6.0,123.01,7.10082,-31.39028,2.49895,0.00013,0.7475
11805.79,SYN.BTC-5JUL19,1561805945648,open,0.37,0.0,0.325,0.4045,0.36487099,133.45,None,0.0,BTC-5JUL19-7500-C,11781.31,0.0,0.049,0.1,0.0,0.0,0.0,0.13099,-1.48747,1.20162,0.0,0.99715
11893.18,SYN.BTC-26JUL19,1561805945648,open,0.21,9.3,0.1615,0.2575,0.20957881,114.05,0.191,0.0,BTC-26JUL19-13500-P,11781.31,102.91,0.198,14.4,0.2105,14.4,114.93,12.46373,-26.44481,-7.09441,0.0001,-0.60055
11893.18,SYN.BTC-26JUL19,1561805945652,open,0.34,24.1,0.298,0.3775,0.33799627,110.67,0.38,0.0,BTC-26JUL19-8000-C,11781.31,0.0,0.161,0.3,0.0,0.0,0.0,4.3665,-8.99002,5.17815,4e-05,0.9293
11893.18,SYN.BTC-26JUL19,1561805945653,open,0.18,100.4,0.1405,0.22,0.18032773,110.61,0.179,0.0,BTC-26JUL19-10500-C,11781.31,107.54,0.1775,4.9,0.188,4.9,118.88,10.97439,-22.58322,4.67366,0.0001,0.71402
11893.18,SYN.BTC-26JUL19,1561805945650,open,0.54,0.0,0.4985,0.578,0.53837627,123.59,0.4,0.0,BTC-26JUL19-5500-C,11781.31,0.0,0.0005,0.1,0.0,0.0,0.0,0.61343,-1.41042,3.98293,0.0,0.99319
11893.18,SYN.BTC-26JUL19,1561805945652,open,0.53,0.0,0.4695,0.5915,0.53039957,116.1,None,0.0,BTC-26JUL19-18000-P,11781.31,0.0,0.0,0.0,0.0,0.0,0.0,6.58549,-14.22388,-12.32096,5e-05,-0.87655
11805.79,SYN.BTC-5JUL19,1561805945652,open,0.03,429.7,0.0005,0.0725,0.03168004,122.29,0.0355,0.0,BTC-5JUL19-11000-P,11781.31,118.45,0.03,0.1,0.0335,25.0,126.42,5.18385,-53.94636,-0.62455,0.00019,-0.29695
11805.79,SYN.BTC-5JUL19,1561805945653,open,0.09,103.2,0.0525,0.1395,0.09608868,119.76,0.079,0.0,BTC-5JUL19-12500-P,11781.31,102.86,0.088,18.0,0.099,18.0,125.76,5.71264,-58.21831,-1.35698,0.00021,-0.61794
11834.92,SYN.BTC-12JUL19,1561805945651,open,0.01,84.0,0.0005,0.049,0.00890605,114.18,0.006,0.0,BTC-12JUL19-9000-P,11781.31,91.35,0.0035,30.0,0.009,30.0,114.51,3.4026,-15.0869,-0.38437,6e-05,-0.08316
11834.92,SYN.BTC-12JUL19,1561805945652,open,0.07,6.3,0.028,0.113,0.0704675,113.75,0.0515,0.0,BTC-12JUL19-11500-P,11781.31,104.17,0.0635,24.0,0.074,24.0,118.6,8.61355,-38.04719,-1.98377,0.00015,-0.4047
11893.18,SYN.BTC-26JUL19,1561805945651,open,0.08,36.9,0.035,0.1145,0.07453631,114.11,0.0835,0.0,BTC-26JUL19-13500-C,11781.31,108.8,0.069,19.3,0.08,19.3,119.3,12.46466,-26.4605,2.84636,0.0001,0.39957
11893.18,SYN.BTC-26JUL19,1561805945652,open,0.0,113.8,0.0005,0.042,0.00224616,114.56,0.003,0.0,BTC-26JUL19-6500-P,11781.31,107.53,0.0015,20.0,0.003,2.0,120.32,1.42271,-3.03227,-0.17653,1e-05,-0.01791
11834.92,SYN.BTC-12JUL19,1561805945652,open,0.15,10.2,0.1045,0.196,0.15039231,118.62,0.1335,0.0,BTC-12JUL19-13000-P,11781.31,103.9,0.14,18.0,0.151,18.0,119.48,8.45166,-38.93298,-3.22352,0.00014,-0.62173
11805.79,SYN.BTC-5JUL19,1561805945686,open,0.2,15.2,0.1605,0.24,0.20044487,122.57,0.201,0.0,BTC-5JUL19-9500-C,11781.31,0.0,0.071,2.0,0.2385,5.0,255.03,2.01335,-20.99971,1.38631,7e-05,0.9299
11834.92,SYN.BTC-12JUL19,1561805945805,open,0.02,38.1,0.0005,0.0555,0.01521001,114.18,0.012,0.0,BTC-12JUL19-9500-P,11781.31,98.49,0.0095,30.0,0.0155,30.0,114.91,4.67251,-20.71715,-0.60128,8e-05,-0.12881
12155.36,BTC-27SEP19,1561805945939,open,0.01,416.3,0.0005,0.0465,0.00652029,107.15,0.019,0.0,BTC-27SEP19-5000-P,11781.31,101.77,0.005,2.5,0.008,5.0,111.76,3.68939,-2.19923,-0.98523,1e-05,-0.0264
312.87,ETH-27SEP19,1561805945948,open,1.48,0.0,1.359,1.555,1.456969,120.94,None,0.0,ETH-27SEP19-760-P,302.41,0.0,0.0,0.0,0.0,0.0,0.0,0.30919,-0.20803,-1.80097,0.00106,-0.88076
303.11,SYN.ETH-5JUL19,1561805945948,open,0.4,0.0,0.332,0.442,0.387448,130.91,None,0.0,ETH-5JUL19-420-P,302.41,0.0,0.0,0.0,0.0,0.0,0.0,0.02617,-0.29157,-0.06624,0.00135,-0.96999
312.85,ETH-27SEP19,1561805945950,open,0.24,668.0,0.182,0.28,0.230871,110.89,0.268,0.0,ETH-27SEP19-320-P,302.41,107.33,0.224,160.0,0.239,270.0,115.12,0.60259,-0.37175,-0.49174,0.00225,-0.40747
312.85,ETH-27SEP19,1561805945950,open,0.16,683.0,0.111,0.203,0.156961,110.9,0.147,0.0,ETH-27SEP19-280-P,302.41,106.96,0.15,160.0,0.163,160.0,114.31,0.5528,-0.34104,-0.36494,0.00207,-0.31677
312.85,ETH-27SEP19,1561805945950,open,0.1,1691.0,0.053,0.14,0.096235,110.9,0.095,0.0,ETH-27SEP19-240-P,302.41,106.69,0.09,160.0,0.1,160.0,113.43,0.46508,-0.28694,-0.24713,0.00174,-0.22457
312.85,ETH-27SEP19,1561805945950,open,0.05,3236.0,0.009,0.092,0.050558,110.91,0.043,0.0,ETH-27SEP19-200-P,302.41,105.76,0.045,203.0,0.053,200.0,113.13,0.34263,-0.21141,-0.14547,0.00128,-0.13827
303.11,SYN.ETH-5JUL19,1561805945948,open,0.06,312.0,0.011,0.094,0.05281,114.88,0.051,0.0,ETH-5JUL19-300-P,302.41,97.29,0.044,150.0,0.059,150.0,127.24,0.15185,-1.4845,-0.02419,0.00894,-0.44287
312.85,ETH-27SEP19,1561805945951,open,0.04,4965.0,0.001,0.075,0.033667,110.9,0.028,0.0,ETH-27SEP19-180-P,302.41,104.21,0.028,340.0,0.036,340.0,113.55,0.27313,-0.16851,-0.10323,0.00102,-0.10034
305.55,SYN.ETH-26JUL19,1561805945948,open,0.6,0.0,0.523,0.649,0.585908,119.46,None,0.0,ETH-26JUL19-480-P,302.41,0.0,0.0,0.0,0.0,0.0,0.0,0.15501,-0.34451,-0.33225,0.00189,-0.89088
303.93,SYN.ETH-12JUL19,1561805945948,open,0.03,20.0,0.001,0.071,0.031728,119.58,0.028,0.0,ETH-12JUL19-360-C,302.41,46.9,0.001,10.0,0.037,200.0,128.06,0.18536,-0.86071,0.02453,0.00476,0.26055
312.85,ETH-27SEP19,1561805945951,open,0.07,623.0,0.029,0.108,0.068593,120.8,0.057,0.0,ETH-27SEP19-560-C,302.41,111.22,0.054,160.0,0.064,160.0,117.86,0.4943,-0.33219,0.14046,0.0017,0.25093
305.55,SYN.ETH-26JUL19,1561805945950,open,0.12,589.0,0.067,0.155,0.110679,111.87,0.118,0.0,ETH-26JUL19-300-P,302.41,103.68,0.102,120.0,0.113,120.0,114.07,0.32341,-0.67311,-0.11849,0.00421,-0.41598
303.11,SYN.ETH-5JUL19,1561805945948,open,0.01,255.0,0.001,0.047,0.00779,121.27,0.012,0.0,ETH-5JUL19-370-C,302.41,96.94,0.003,250.0,0.012,250.0,137.12,0.07298,-0.75313,0.00506,0.00407,0.11142
303.93,SYN.ETH-12JUL19,1561805945949,open,0.17,2.0,0.12,0.212,0.165642,119.68,0.164,0.0,ETH-12JUL19-340-P,302.41,0.0,0.0,0.0,0.165,150.0,118.75,0.21133,-0.98214,-0.0875,0.00542,-0.65048
305.55,SYN.ETH-26JUL19,1561805945948,open,0.0,924.0,0.001,0.044,0.004196,125.44,0.006,0.0,ETH-26JUL19-600-C,302.41,112.42,0.002,100.0,0.006,200.0,133.12,0.06402,-0.1494,0.00692,0.00074,0.03497
303.11,SYN.ETH-5JUL19,1561805945949,open,0.6,0.0,0.521,0.647,0.583839,136.58,None,0.0,ETH-5JUL19-480-P,302.41,0.0,0.0,0.0,0.0,0.0,0.0,0.0057,-0.06629,-0.07703,0.00028,-0.99486
305.55,SYN.ETH-26JUL19,1561805945950,open,0.06,1093.0,0.011,0.094,0.052369,111.86,0.054,0.0,ETH-26JUL19-260-P,302.41,103.17,0.045,160.0,0.054,160.0,113.76,0.26185,-0.54494,-0.06738,0.00341,-0.24711
303.11,SYN.ETH-5JUL19,1561805945949,open,0.0,212.0,0.001,0.041,0.001197,129.98,0.004,0.0,ETH-5JUL19-430-C,302.41,0.0,0.0,0.0,0.004,250.0,158.75,0.01923,-0.21271,0.00096,0.001,0.02078
303.11,SYN.ETH-5JUL19,1561805945949,open,0.01,528.0,0.001,0.05,0.010143,114.86,0.011,0.0,ETH-5JUL19-260-P,302.41,102.36,0.007,2.0,0.013,250.0,125.03,0.08143,-0.79588,-0.00685,0.00479,-0.13016
303.93,SYN.ETH-12JUL19,1561805945949,open,0.4,0.0,0.337,0.447,0.391875,123.16,None,0.0,ETH-12JUL19-420-P,302.41,0.0,0.0,0.0,0.0,0.0,0.0,0.10002,-0.47837,-0.13853,0.00249,-0.90021
305.55,SYN.ETH-26JUL19,1561805945948,open,0.01,1186.0,0.001,0.049,0.009742,121.86,0.012,0.0,ETH-26JUL19-520-C,302.41,110.78,0.006,200.0,0.012,200.0,127.44,0.11685,-0.26492,0.01458,0.00139,0.07457
303.93,SYN.ETH-12JUL19,1561805945949,open,0.05,1.0,0.007,0.086,0.046873,119.57,0.042,0.0,ETH-12JUL19-340-C,302.41,112.51,0.042,200.0,0.052,200.0,126.9,0.21129,-0.98106,0.03243,0.00542,0.34932
305.55,SYN.ETH-26JUL19,1561805945949,open,0.66,0.0,0.584,0.715,0.649067,122.1,None,0.0,ETH-26JUL19-500-P,302.41,0.0,0.0,0.0,0.0,0.0,0.0,0.13827,-0.31409,-0.35003,0.00165,-0.90671
