underlying_price,underlying_index,timestamp,state,settlement_price,open_interest,min_price,max_price,mark_price,mark_iv,last_price,interest_rate,instrument_name,index_price,bid_iv,best_bid_price,best_bid_amount,best_ask_price,best_ask_amount,ask_iv,vega,theta,rho,gamma,delta
146.68,SYN.ETH-6DEC19,1574765940010,open,0.03,307.0,0.011,0.066,0.035098,85.67,0.038,0.0,ETH-6DEC19-140-P,146.6,80.53,0.032,310.0,0.039,201.0,92.09,0.08881,-0.3852,-0.01505,0.01781,-0.34418
149.48,SYN.ETH-26JUN20,1574765940013,open,0.61,0.0,0.531,0.7,0.613863,89.06,None,0.0,ETH-26JUN20-220-P,146.6,0.0,0.471,50.0,0.647,1.0,100.11,0.44374,-0.09283,-1.04972,0.00382,-0.5902
146.68,SYN.ETH-6DEC19,1574765940025,open,0.26,0.0,0.228,0.281,0.253934,111.04,None,0.0,ETH-6DEC19-110-C,146.6,0.0,0.25,1.0,0.0,0.0,0.0,0.024,-0.1349,0.02771,0.00371,0.95222
148.19,ETH-27MAR20,1574765940048,open,0.93,173.0,0.858,1.022,0.935659,95.84,1.157,0.0,ETH-27MAR20-280-P,146.6,42.75,0.89,13.0,0.96,14.0,110.09,0.23358,-0.09184,-0.86298,0.00332,-0.80839
146.68,SYN.ETH-6DEC19,1574765940059,open,0.05,290.0,0.017,0.077,0.045676,84.88,0.05,0.0,ETH-6DEC19-150-C,146.6,77.71,0.041,420.0,0.049,420.0,89.96,0.09586,-0.41192,0.0166,0.0194,0.46388
146.84,ETH-27DEC19,1574765940063,open,0.12,82.0,0.083,0.156,0.120238,84.18,0.132,0.0,ETH-27DEC19-140-C,146.6,79.42,0.115,377.0,0.124,241.0,87.58,0.16202,-0.22085,0.06263,0.01055,0.62447
146.68,SYN.ETH-6DEC19,1574765940072,open,0.02,356.0,0.005,0.051,0.024014,85.49,0.034,0.0,ETH-6DEC19-160-C,146.6,80.09,0.021,210.0,0.027,442.0,90.72,0.08283,-0.35854,0.01063,0.01665,0.29186
146.62,SYN.ETH-29NOV19,1574765940075,open,0.63,0.0,0.59,0.687,0.636747,0.0,None,0.0,ETH-29NOV19-240-P,146.6,0.0,0.01,50.0,0.0,0.0,0.0,0.0,0.0,-0.01891,0.0,-1.0
146.84,ETH-27DEC19,1574765940081,open,0.01,8558.0,0.001,0.028,0.010978,95.57,0.01,0.0,ETH-27DEC19-220-C,146.6,91.32,0.009,830.0,0.013,731.0,99.54,0.07172,-0.11101,0.01033,0.00411,0.09418
148.19,ETH-27MAR20,1574765940081,open,1.19,7.0,1.11,1.281,1.190573,97.03,1.28,0.0,ETH-27MAR20-320-P,146.6,0.0,0.011,5.0,1.202,2.0,105.41,0.18806,-0.07486,-1.016,0.00264,-0.86272
146.62,SYN.ETH-29NOV19,1574765940081,open,0.57,0.0,0.523,0.618,0.568549,0.0,None,0.0,ETH-29NOV19-230-P,146.6,0.0,0.01,50.0,0.0,0.0,0.0,0.0,0.0,-0.01812,0.0,-1.0
146.84,ETH-27DEC19,1574765940083,open,0.0,1347.0,0.001,0.011,0.000542,120.0,0.002,0.0,ETH-27DEC19-380-C,146.6,128.01,0.001,2.0,0.003,460.0,146.46,0.0066,-0.01283,0.0006,0.0003,0.00539
146.84,ETH-27DEC19,1574765940083,open,0.26,4510.0,0.211,0.309,0.258821,86.73,0.4,0.0,ETH-27DEC19-180-P,146.6,63.86,0.24,345.0,0.264,1.0,92.26,0.13512,-0.18978,-0.12557,0.00854,-0.75207
146.68,SYN.ETH-6DEC19,1574765940083,open,0.08,322.0,0.046,0.114,0.080683,85.77,0.089,0.0,ETH-6DEC19-140-C,146.6,76.33,0.075,369.0,0.083,160.0,89.59,0.08882,-0.38573,0.02282,0.01779,0.6557
146.62,SYN.ETH-29NOV19,1574765940083,open,0.06,143.0,0.026,0.09,0.058402,88.66,0.072,0.0,ETH-29NOV19-140-C,146.6,69.19,0.053,174.0,0.061,65.0,97.45,0.04266,-0.65773,0.00781,0.02841,0.73455
149.48,SYN.ETH-26JUN20,1574765940087,open,0.03,286.0,0.008,0.061,0.026467,105.77,0.027,0.0,ETH-26JUN20-600-C,146.6,102.95,0.023,140.0,0.03,140.0,108.43,0.1914,-0.04755,0.05885,0.00139,0.09397
148.19,ETH-27MAR20,1574765940100,open,2.51,0.0,2.41,2.642,2.519034,109.37,None,0.0,ETH-27MAR20-520-P,146.6,0.0,0.006,50.0,0.0,0.0,0.0,0.08466,-0.03799,-1.71781,0.00106,-0.95258
149.48,SYN.ETH-26JUN20,1574765940106,open,0.72,0.0,0.643,0.82,0.728853,90.23,None,0.0,ETH-26JUN20-240-P,146.6,0.0,0.605,1.0,0.0,0.0,0.0,0.42947,-0.09101,-1.1882,0.00365,-0.63405
149.48,SYN.ETH-26JUN20,1574765940108,open,1.72,0.0,1.622,1.845,1.727285,97.99,None,0.0,ETH-26JUN20-400-P,146.6,0.0,0.01,50.0,0.0,0.0,0.0,0.29249,-0.06732,-2.22658,0.00229,-0.82667
146.84,ETH-27DEC19,1574765940117,open,0.0,11490.0,0.001,0.011,0.000136,120.0,0.001,0.0,ETH-27DEC19-440-C,146.6,0.0,0.0,0.0,0.002,200.0,156.22,0.00207,-0.00402,0.00017,9e-05,0.00149
146.84,ETH-27DEC19,1574765940117,open,0.0,924.0,0.001,0.011,0.001403,120.01,0.002,0.0,ETH-27DEC19-340-C,146.6,115.31,0.001,101.0,0.004,460.0,138.12,0.01415,-0.02749,0.00142,0.00065,0.01284
146.84,ETH-27DEC19,1574765940119,open,0.0,21058.0,0.001,0.011,4e-06,120.0,0.007,0.0,ETH-27DEC19-600-C,146.6,0.0,0.0,0.0,0.001,100.0,177.76,0.0001,-0.00019,1e-05,0.0,6e-05
149.48,SYN.ETH-26JUN20,1574765940119,open,0.15,515.0,0.096,0.196,0.144262,85.4,0.136,0.0,ETH-26JUN20-120-P,146.6,82.43,0.137,476.0,0.149,210.0,87.34,0.36558,-0.07333,-0.34694,0.00328,-0.25368
149.48,SYN.ETH-26JUN20,1574765940124,open,0.96,0.0,0.877,1.066,0.968042,92.29,None,0.0,ETH-26JUN20-280-P,146.6,0.0,0.01,50.0,0.0,0.0,0.0,0.39405,-0.08542,-1.45836,0.00328,-0.70474
146.62,SYN.ETH-29NOV19,1574765940124,open,0.29,13.0,0.259,0.338,0.296056,115.26,0.301,0.0,ETH-29NOV19-190-P,146.6,0.0,0.004,10.0,0.383,1.0,500.0,0.00239,-0.0478,-0.0149,0.00122,-0.99347
148.19,ETH-27MAR20,1574765940126,open,0.29,40.0,0.244,0.334,0.290038,87.08,0.459,0.0,ETH-27MAR20-120-C,146.6,43.87,0.216,1.0,0.0,0.0,0.0,0.27277,-0.09744,0.22704,0.00427,0.74887
146.84,ETH-27DEC19,1574765940126,open,0.01,4305.0,0.001,0.018,0.005451,107.36,0.005,0.0,ETH-27DEC19-260-C,146.6,101.82,0.004,370.0,0.007,530.0,112.39,0.042,-0.07302,0.00517,0.00214,0.04711
148.19,ETH-27MAR20,1574765940126,open,0.44,747.0,0.38,0.519,0.447812,87.35,0.57,0.0,ETH-27MAR20-200-P,146.6,78.56,0.429,300.0,0.466,300.0,95.62,0.32226,-0.11549,-0.53513,0.00503,-0.63367
146.84,ETH-27DEC19,1574765940126,open,3.08,0.0,2.968,3.212,3.086084,120.0,0.953,0.0,ETH-27DEC19-600-P,146.6,0.0,0.02,50.0,0.0,0.0,0.0,0.0001,-0.00019,-0.50754,0.0,-0.99994
149.48,SYN.ETH-26JUN20,1574765940126,open,0.06,681.0,0.026,0.11,0.06226,96.51,0.057,0.0,ETH-26JUN20-360-C,146.6,94.52,0.058,180.0,0.067,477.0,98.66,0.32433,-0.07352,0.12442,0.00258,0.20497
146.62,SYN.ETH-29NOV19,1574765940126,open,1.04,0.0,0.987,1.109,1.045933,0.0,None,0.0,ETH-29NOV19-300-P,146.6,0.0,0.01,50.0,0.0,0.0,0.0,0.0,0.0,-0.02364,0.0,-1.0
146.84,ETH-27DEC19,1574765940128,open,2.81,0.0,2.703,2.931,2.813685,120.0,0.845,0.0,ETH-27DEC19-560-P,146.6,0.0,0.02,50.0,0.0,0.0,0.0,0.00021,-0.00041,-0.47369,1e-05,-0.99987
146.84,ETH-27DEC19,1574765940128,open,3.62,1.0,3.496,3.773,3.630576,0.0,2.792,0.0,ETH-27DEC19-680-P,146.6,0.0,0.02,50.0,0.0,0.0,0.0,0.0,0.0,-0.57522,0.0,-1.0
146.68,SYN.ETH-6DEC19,1574765940128,open,0.43,0.0,0.391,0.481,0.433078,104.35,None,0.0,ETH-6DEC19-210-P,146.6,0.0,0.0,0.0,0.0,0.0,0.0,0.01289,-0.06812,-0.05598,0.00212,-0.97752
149.48,SYN.ETH-26JUN20,1574765940128,open,0.04,330.0,0.013,0.079,0.038546,101.76,0.04,0.0,ETH-26JUN20-480-C,146.6,99.55,0.035,140.0,0.044,440.0,104.98,0.24526,-0.05862,0.0823,0.00185,0.13294
148.19,ETH-27MAR20,1574765940134,open,0.01,393.0,0.001,0.023,0.006977,116.33,0.007,0.0,ETH-27MAR20-640-C,146.6,111.15,0.005,220.0,0.009,520.0,120.71,0.06284,-0.02999,0.01281,0.00074,0.03287
148.19,ETH-27MAR20,1574765940134,open,0.05,103.0,0.025,0.082,0.050367,87.08,0.053,0.0,ETH-27MAR20-100-P,146.6,83.81,0.046,320.0,0.053,320.0,89.01,0.20031,-0.07156,-0.09951,0.00314,-0.15074
149.48,SYN.ETH-26JUN20,1574765940134,open,0.1,427.0,0.049,0.149,0.095047,92.34,0.088,0.0,ETH-26JUN20-280-C,146.6,90.02,0.089,180.0,0.101,469.0,94.58,0.39419,-0.08549,0.17475,0.00328,0.29549
149.48,SYN.ETH-26JUN20,1574765940134,open,0.02,185.0,0.006,0.032,0.016295,87.8,0.01,0.0,ETH-26JUN20-60-P,146.6,76.31,0.009,300.0,0.024,300.0,97.57,0.10798,-0.02227,-0.05333,0.00094,-0.04488
148.19,ETH-27MAR20,1574765940143,open,0.16,651.0,0.109,0.21,0.158078,83.07,0.159,0.0,ETH-27MAR20-140-P,146.6,77.03,0.145,250.0,0.168,570.0,87.67,0.32036,-0.10918,-0.25635,0.00526,-0.36
146.84,ETH-27DEC19,1574765940149,open,0.0,1760.0,0.001,0.011,0.00087,120.0,0.003,0.0,ETH-27DEC19-360-C,146.6,121.87,0.001,3000.0,0.004,460.0,145.54,0.00968,-0.01881,0.00092,0.00044,0.00831
146.84,ETH-27DEC19,1574765940155,open,0.64,2355.0,0.589,0.701,0.64187,101.42,0.495,0.0,ETH-27DEC19-240-P,146.6,0.0,0.634,50.0,0.0,0.0,0.0,0.05383,-0.08842,-0.19593,0.00291,-0.93549
148.19,ETH-27MAR20,1574765940155,open,0.02,579.0,0.007,0.054,0.02452,100.89,0.026,0.0,ETH-27MAR20-360-C,146.6,98.49,0.022,260.0,0.027,260.0,103.13,0.16011,-0.06627,0.04187,0.00216,0.10914
146.62,SYN.ETH-29NOV19,1574765940157,open,0.0,483.0,0.001,0.011,0.000299,120.03,0.002,0.0,ETH-29NOV19-190-C,146.6,0.0,0.0,0.0,0.002,300.0,157.8,0.00306,-0.04378,0.0001,0.00151,0.00867
146.62,SYN.ETH-29NOV19,1574765940157,open,0.0,4809.0,0.001,0.011,0.001221,120.03,0.001,0.0,ETH-29NOV19-180-C,146.6,116.21,0.001,1.0,0.003,550.0,141.63,0.00901,-0.17905,0.00034,0.00443,0.03062
146.84,ETH-27DEC19,1574765940159,open,0.0,2238.0,0.001,0.012,0.002271,120.01,0.005,0.0,ETH-27DEC19-320-C,146.6,108.27,0.001,581.0,0.004,160.0,130.15,0.02053,-0.0399,0.00218,0.00094,0.01983
146.84,ETH-27DEC19,1574765940163,open,3.35,0.0,3.232,3.493,3.358487,120.0,None,0.0,ETH-27DEC19-640-P,146.6,0.0,0.02,50.0,0.0,0.0,0.0,5e-05,-9e-05,-0.54138,0.0,-0.99997
149.48,SYN.ETH-26JUN20,1574765940163,open,0.08,269.0,0.035,0.126,0.075577,94.35,0.071,0.0,ETH-26JUN20-320-C,146.6,92.42,0.071,180.0,0.08,180.0,96.18,0.35744,-0.07921,0.14613,0.00291,0.24319
149.48,SYN.ETH-26JUN20,1574765940165,open,0.5,249.0,0.422,0.582,0.500824,87.05,0.601,0.0,ETH-26JUN20-200-P,146.6,75.46,0.466,210.0,0.532,210.0,97.3,0.4529,-0.0926,-0.90918,0.00399,-0.54203
148.19,ETH-27MAR20,1574765940185,open,2.78,0.0,2.671,2.918,2.787382,111.21,None,0.0,ETH-27MAR20-560-P,146.6,0.0,0.02,50.0,0.0,0.0,0.0,0.0742,-0.03385,-1.85413,0.00091,-0.95973
148.19,ETH-27MAR20,1574765940185,open,0.08,792.0,0.042,0.128,0.081972,90.9,0.081,0.0,ETH-27MAR20-220-C,146.6,86.96,0.074,300.0,0.093,286.0,96.22,0.30303,-0.11301,0.11392,0.00455,0.3122
146.68,SYN.ETH-6DEC19,1574765940185,open,0.0,32.0,0.001,0.011,0.001456,105.43,0.002,0.0,ETH-6DEC19-210-C,146.6,0.0,0.0,0.0,0.003,2.0,118.58,0.01348,-0.07198,0.00088,0.0022,0.0237
148.19,ETH-27MAR20,1574765940196,open,0.01,1637.0,0.003,0.035,0.01307,108.86,0.013,0.0,ETH-27MAR20-480-C,146.6,104.04,0.01,220.0,0.016,220.0,112.86,0.10214,-0.04562,0.02327,0.00128,0.0601
146.84,ETH-27DEC19,1574765940196,open,0.0,13247.0,0.001,0.011,2.3e-05,120.01,0.001,0.0,ETH-27DEC19-520-C,146.6,0.0,0.0,0.0,0.005,300.0,197.01,0.00045,-0.00087,3e-05,2e-05,0.00028
148.19,ETH-27MAR20,1574765940196,open,0.1,2028.0,0.055,0.145,0.098194,87.35,0.103,0.0,ETH-27MAR20-200-C,146.6,84.96,0.093,580.0,0.103,294.0,89.56,0.32226,-0.11549,0.13268,0.00503,0.36633
148.19,ETH-27MAR20,1574765940199,open,0.05,2081.0,0.018,0.085,0.046193,95.84,0.042,0.0,ETH-27MAR20-280-C,146.6,92.47,0.041,260.0,0.052,298.0,99.45,0.23358,-0.09184,0.07195,0.00332,0.19161
146.84,ETH-27DEC19,1574765940199,open,0.0,10459.0,0.001,0.011,0.00034,120.01,0.001,0.0,ETH-27DEC19-400-C,146.6,133.78,0.001,562.0,0.003,460.0,152.79,0.00449,-0.00873,0.00039,0.00021,0.0035
146.62,SYN.ETH-29NOV19,1574765940199,open,0.0,1436.0,0.001,0.011,0.0,120.02,0.001,0.0,ETH-29NOV19-230-C,146.6,0.0,0.0,0.0,0.001,1.0,223.78,1e-05,-5e-05,0.0,0.0,2e-05
149.48,SYN.ETH-26JUN20,1574765940199,open,0.05,4.0,0.022,0.074,0.0448,87.78,0.026,0.0,ETH-26JUN20-80-P,146.6,85.71,0.042,250.0,0.048,250.0,90.11,0.20391,-0.04204,-0.12837,0.00178,-0.10245
146.62,SYN.ETH-29NOV19,1574765940200,open,0.0,1117.0,0.001,0.017,0.002841,108.89,0.004,0.0,ETH-29NOV19-170-C,146.6,101.11,0.002,26.0,0.004,551.0,117.86,0.01731,-0.32765,0.00077,0.00938,0.06913
146.62,SYN.ETH-29NOV19,1574765940200,open,0.43,30.0,0.391,0.477,0.432166,0.0,0.328,0.0,ETH-29NOV19-210-P,146.6,0.0,0.011,3.0,0.0,0.0,0.0,0.0,0.0,-0.01655,0.0,-1.0
146.68,SYN.ETH-6DEC19,1574765940200,open,0.0,173.0,0.001,0.011,0.001459,116.62,0.001,0.0,ETH-6DEC19-220-C,146.6,0.0,0.0,0.0,0.003,500.0,130.65,0.01258,-0.07428,0.00081,0.00185,0.02183
146.84,ETH-27DEC19,1574765940202,open,0.02,13020.0,0.005,0.038,0.017144,89.11,0.018,0.0,ETH-27DEC19-200-C,146.6,87.35,0.016,797.0,0.018,100.0,90.39,0.09688,-0.13979,0.01575,0.00596,0.14397
149.48,SYN.ETH-26JUN20,1574765940202,open,0.09,709.0,0.05,0.126,0.085469,85.58,0.086,0.0,ETH-26JUN20-100-P,146.6,83.29,0.081,250.0,0.09,260.0,87.89,0.29227,-0.05875,-0.22545,0.00262,-0.17313
146.84,ETH-27DEC19,1574765940204,open,1.04,1.0,0.985,1.115,1.046012,116.2,0.494,0.0,ETH-27DEC19-300-P,146.6,0.0,0.021,6.0,0.0,0.0,0.0,0.0257,-0.04836,-0.25093,0.00121,-0.97411
146.84,ETH-27DEC19,1574765940204,open,1.45,257.0,1.381,1.531,1.452352,117.28,0.995,0.0,ETH-27DEC19-360-P,146.6,0.0,0.021,5.0,0.0,0.0,0.0,0.0083,-0.01576,-0.30375,0.00039,-0.99302
146.84,ETH-27DEC19,1574765940207,open,0.0,6174.0,0.001,0.011,0.0,120.0,0.001,0.0,ETH-27DEC19-720-C,146.6,0.0,0.0,0.0,0.003,300.0,221.3,1e-05,-2e-05,0.0,0.0,1e-05
148.19,ETH-27MAR20,1574765940207,open,3.05,0.0,2.933,3.196,3.057022,114.98,None,0.0,ETH-27MAR20-600-P,146.6,0.0,0.03,50.0,0.0,0.0,0.0,0.07099,-0.03349,-1.9886,0.00084,-0.96186
146.84,ETH-27DEC19,1574765940207,open,0.0,12762.0,0.001,0.011,1e-06,120.0,0.001,0.0,ETH-27DEC19-680-C,146.6,0.0,0.0,0.0,0.005,300.0,229.02,2e-05,-5e-05,0.0,0.0,1e-05
146.62,SYN.ETH-29NOV19,1574765940207,open,0.77,0.0,0.722,0.827,0.773142,0.0,None,0.0,ETH-29NOV19-260-P,146.6,0.0,0.01,50.0,0.0,0.0,0.0,0.0,0.0,-0.02048,0.0,-1.0
146.62,SYN.ETH-29NOV19,1574765940207,open,0.0,1522.0,0.001,0.011,0.0,120.01,0.001,0.0,ETH-29NOV19-260-C,146.6,0.0,0.0,0.0,0.001,1.0,273.96,0.0,0.0,0.0,0.0,0.0
146.68,SYN.ETH-6DEC19,1574765940207,open,0.5,0.0,0.457,0.551,0.501254,115.4,None,0.0,ETH-6DEC19-220-P,146.6,0.0,0.0,0.0,0.0,0.0,0.0,0.012,-0.0701,-0.05876,0.00179,-0.97936
149.48,SYN.ETH-26JUN20,1574765940209,open,0.51,0.0,0.477,0.543,0.509659,87.81,None,0.0,ETH-26JUN20-80-C,146.6,38.03,0.466,1.0,0.0,0.0,0.0,0.20395,-0.04206,0.33814,0.00178,0.89752
148.19,ETH-27MAR20,1574765940219,open,0.01,886.0,0.001,0.026,0.008452,111.21,0.009,0.0,ETH-27MAR20-560-C,146.6,105.77,0.006,220.0,0.011,221.0,115.88,0.07421,-0.03386,0.01575,0.00091,0.04028
148.19,ETH-27MAR20,1574765940219,open,0.1,1179.0,0.06,0.144,0.099809,87.08,0.093,0.0,ETH-27MAR20-120-P,146.6,81.73,0.09,593.0,0.108,273.0,91.51,0.27277,-0.09744,-0.17365,0.00427,-0.25113
146.62,SYN.ETH-29NOV19,1574765940219,open,0.0,399.0,0.001,0.011,0.0,120.01,0.001,0.0,ETH-29NOV19-300-C,146.6,0.0,0.0,0.0,0.002,300.0,360.76,0.0,0.0,0.0,0.0,0.0
146.62,SYN.ETH-29NOV19,1574765940219,open,0.36,100.0,0.325,0.407,0.36402,0.0,0.149,0.0,ETH-29NOV19-200-P,146.6,0.0,0.036,2.0,0.0,0.0,0.0,0.0,0.0,-0.01576,0.0,-1.0
146.62,SYN.ETH-29NOV19,1574765940219,open,0.01,2469.0,0.001,0.038,0.013171,88.44,0.013,0.0,ETH-29NOV19-140-P,146.6,77.26,0.01,468.0,0.016,463.0,98.01,0.04263,-0.65549,-0.00321,0.02846,-0.265
148.19,ETH-27MAR20,1574765940222,open,3.31,0.0,3.194,3.472,3.325468,115.64,None,0.0,ETH-27MAR20-640-P,146.6,0.0,0.01,50.0,0.0,0.0,0.0,0.06111,-0.02899,-2.12458,0.00072,-0.96822
146.62,SYN.ETH-29NOV19,1574765940222,open,0.5,0.0,0.457,0.547,0.500353,0.0,None,0.0,ETH-29NOV19-220-P,146.6,0.0,0.011,2.0,0.0,0.0,0.0,0.0,0.0,-0.01733,0.0,-1.0
149.48,SYN.ETH-26JUN20,1574765940224,open,0.62,1.0,0.594,0.637,0.614939,87.84,0.69,0.0,ETH-26JUN20-60-C,146.6,0.0,0.598,1.0,0.0,0.0,0.0,0.10806,-0.02229,0.29654,0.00094,0.95508
149.48,SYN.ETH-26JUN20,1574765940227,open,3.03,0.0,2.906,3.192,3.040028,105.55,None,0.0,ETH-26JUN20-600-P,146.6,0.0,0.01,50.0,0.0,0.0,0.0,0.19033,-0.04719,-3.44086,0.00138,-0.90675
146.84,ETH-27DEC19,1574765940236,open,0.0,2053.0,0.001,0.015,0.004019,112.21,0.005,0.0,ETH-27DEC19-280-C,146.6,101.14,0.002,830.0,0.006,510.0,120.0,0.03284,-0.05968,0.00382,0.0016,0.0348
149.48,SYN.ETH-26JUN20,1574765940236,open,0.3,849.0,0.234,0.371,0.301627,85.54,0.31,0.0,ETH-26JUN20-160-P,146.6,82.64,0.293,176.0,0.309,210.0,88.03,0.44429,-0.08927,-0.6221,0.00399,-0.41194
148.19,ETH-27MAR20,1574765940244,open,0.68,119.0,0.611,0.763,0.684196,91.47,0.835,0.0,ETH-27MAR20-240-P,146.6,78.84,0.662,300.0,0.698,300.0,98.65,0.27694,-0.10392,-0.70545,0.00413,-0.74148
148.19,ETH-27MAR20,1574765940246,open,0.02,1084.0,0.004,0.039,0.015391,105.97,0.015,0.0,ETH-27MAR20-440-C,146.6,102.76,0.013,260.0,0.018,260.0,109.16,0.11578,-0.05034,0.02734,0.00149,0.07064
146.62,SYN.ETH-29NOV19,1574765940246,open,0.0,2082.0,0.001,0.011,2e-06,120.02,0.001,0.0,ETH-29NOV19-220-C,146.6,0.0,0.0,0.0,0.001,1.0,205.1,4e-05,-0.00031,0.0,2e-05,9e-05
146.62,SYN.ETH-29NOV19,1574765940246,open,0.0,569.0,0.001,0.011,0.0,120.01,0.001,0.0,ETH-29NOV19-320-C,146.6,0.0,0.0,0.0,0.002,300.0,387.2,0.0,0.0,0.0,0.0,0.0
149.48,SYN.ETH-26JUN20,1574765940248,open,0.22,1202.0,0.158,0.278,0.216878,85.35,0.215,0.0,ETH-26JUN20-140-P,146.6,82.16,0.208,450.0,0.223,210.0,87.55,0.41584,-0.08336,-0.48104,0.00374,-0.33489
149.48,SYN.ETH-26JUN20,1574765940248,open,0.03,42.0,0.011,0.072,0.033637,103.17,0.034,0.0,ETH-26JUN20-520-C,146.6,99.97,0.029,440.0,0.037,140.0,105.35,0.22479,-0.05447,0.07298,0.00167,0.11735
146.62,SYN.ETH-29NOV19,1574765940248,open,0.0,1281.0,0.001,0.011,0.001115,119.97,0.003,0.0,ETH-29NOV19-120-P,146.6,117.78,0.001,156.0,0.004,551.0,154.83,0.00799,-0.16354,-0.00032,0.00393,-0.0265
146.68,SYN.ETH-6DEC19,1574765940248,open,0.0,34.0,0.001,0.012,0.002418,101.63,0.003,0.0,ETH-6DEC19-200-C,146.6,88.38,0.001,210.0,0.004,2.0,111.54,0.02005,-0.10317,0.00142,0.00339,0.03826
146.62,SYN.ETH-29NOV19,1574765940248,open,0.02,446.0,0.002,0.047,0.019803,83.56,0.021,0.0,ETH-29NOV19-150-C,146.6,72.34,0.016,197.0,0.023,397.0,92.88,0.05006,-0.7273,0.00432,0.03537,0.39358
146.84,ETH-27DEC19,1574765940250,open,4.17,1.0,4.025,4.335,4.175349,0.0,3.236,0.0,ETH-27DEC19-760-P,146.6,0.0,0.02,50.0,0.0,0.0,0.0,0.0,0.0,-0.64289,0.0,-1.0
146.84,ETH-27DEC19,1574765940250,open,0.91,310.0,0.852,0.976,0.910727,111.62,0.49,0.0,ETH-27DEC19-280-P,146.6,0.0,0.003,9.0,0.0,0.0,0.0,0.03218,-0.05817,-0.23312,0.00158,-0.96606
146.84,ETH-27DEC19,1574765940250,open,0.0,11107.0,0.001,0.011,1e-05,120.01,0.001,0.0,ETH-27DEC19-560-C,146.6,0.0,0.0,0.0,0.005,300.0,206.0,0.00021,-0.00041,1e-05,1e-05,0.00013
146.62,SYN.ETH-29NOV19,1574765940250,open,0.0,783.0,0.001,0.02,0.003989,104.45,0.006,0.0,ETH-29NOV19-130-P,146.6,88.36,0.002,550.0,0.006,294.0,117.22,0.02104,-0.382,-0.00108,0.01189,-0.08943
149.48,SYN.ETH-26JUN20,1574765940250,open,1.98,0.0,1.877,2.112,1.987489,99.86,None,0.0,ETH-26JUN20-440-P,146.6,0.0,0.01,50.0,0.0,0.0,0.0,0.26673,-0.06256,-2.47336,0.00205,-0.84953
7264.6,BTC-27MAR20,1574765940666,open,0.08,562.7,0.0505,0.1195,0.08006071,72.71,0.073,0.0,BTC-27MAR20-6000-P,7156.92,71.05,0.077,29.1,0.083,19.0,74.3,13.42232,-4.00392,-8.07757,0.0001,-0.25294
146.84,ETH-27DEC19,1574765941368,open,0.0,2176.0,0.001,0.012,0.002972,116.2,0.005,0.0,ETH-27DEC19-300-C,146.6,100.68,0.001,411.0,0.005,531.0,125.92,0.0257,-0.04836,0.00285,0.00121,0.02589
146.84,ETH-27DEC19,1574765941376,open,0.0,2176.0,0.001,0.012,0.002972,116.2,0.005,0.0,ETH-27DEC19-300-C,146.6,100.68,0.001,731.0,0.005,531.0,125.92,0.0257,-0.04836,0.00285,0.00121,0.02589
7159.81,BTC-27DEC19,1574765942171,open,0.04,463.0,0.022,0.07,0.04216002,72.4,0.0385,0.0,BTC-27DEC19-6500-P,7156.92,69.7,0.0395,53.8,0.0435,19.3,73.75,7.08434,-8.30628,-1.98896,0.00023,-0.28624
7159.81,BTC-27DEC19,1574765942171,open,0.0,938.5,0.0005,0.013,0.00310625,90.16,0.003,0.0,BTC-27DEC19-12000-C,7156.92,87.13,0.0025,38.0,0.0035,24.0,91.93,1.53336,-2.23873,0.1811,4e-05,0.03301
7159.81,BTC-27DEC19,1574765942171,open,0.0,961.6,0.0005,0.0105,3.14e-06,120.0,0.001,0.0,BTC-27DEC19-30000-C,7156.92,0.0,0.0,0.0,0.0005,0.9,168.86,0.00367,-0.00713,0.00024,0.0,4e-05
7157.19,SYN.BTC-29NOV19,1574765942173,open,0.0,396.8,0.0005,0.0105,5.08e-06,120.01,0.0005,0.0,BTC-29NOV19-10500-C,7156.92,0.0,0.0,0.0,0.0005,0.1,178.86,0.00474,-0.03638,0.00011,0.0,0.0002
7157.19,SYN.BTC-29NOV19,1574765942173,open,0.0,195.8,0.0005,0.016,0.00259866,102.96,0.002,0.0,BTC-29NOV19-6250-P,7156.92,102.05,0.0025,0.5,0.003,1.1,106.47,0.78767,-14.10017,-0.03708,0.00019,-0.06316
7157.84,SYN.BTC-6DEC19,1574765942173,open,0.01,240.3,0.0015,0.0295,0.01101383,70.48,0.014,0.0,BTC-6DEC19-8000-C,7156.92,68.13,0.01,15.0,0.0115,24.0,71.59,3.12873,-11.16489,0.33438,0.00032,0.18367
7157.19,SYN.BTC-29NOV19,1574765942173,open,0.03,674.0,0.01,0.0565,0.03085262,66.81,0.031,0.0,BTC-29NOV19-7250-P,7156.92,64.36,0.03,0.4,0.031,0.2,67.24,2.49021,-28.92882,-0.3413,0.00092,-0.57441
7369.58,SYN.BTC-26JUN20,1574765942173,open,0.19,117.6,0.1455,0.2455,0.19096207,73.79,0.1895,0.0,BTC-26JUN20-8000-C,7156.92,72.97,0.1885,19.7,0.1985,17.7,76.28,22.24582,-3.85532,15.60889,0.0001,0.55412
7159.81,BTC-27DEC19,1574765942193,open,0.67,73.0,0.644,0.72,0.67913774,90.2,0.725,0.0,BTC-27DEC19-12000-P,7156.92,0.0,0.54,0.1,0.0,0.0,0.0,1.53623,-2.244,-9.96942,4e-05,-0.96692
7264.78,BTC-27MAR20,1574765942193,open,0.01,71.0,0.0005,0.023,0.00599543,106.97,0.0065,0.0,BTC-27MAR20-28000-C,7156.92,104.32,0.005,16.0,0.007,30.0,109.37,2.89538,-1.27067,0.59431,2e-05,0.0305
7264.78,BTC-27MAR20,1574765942193,open,3.12,0.0,3.05,3.233,3.13513798,110.22,None,0.0,BTC-27MAR20-30000-P,7156.92,0.0,0.0,0.0,0.0,0.0,0.0,2.71162,-1.22613,-99.62468,1e-05,-0.97182
7369.58,SYN.BTC-26JUN20,1574765942193,open,1.74,0.1,1.6765,1.839,1.74870282,89.65,1.765,0.0,BTC-26JUN20-20000-P,7156.92,0.0,0.1,1.0,1.91,0.1,155.21,12.0474,-2.53688,-112.45794,4e-05,-0.86776
7157.19,SYN.BTC-29NOV19,1574765942193,open,0.3,0.3,0.2875,0.3155,0.30143352,132.66,0.3885,0.0,BTC-29NOV19-5000-C,7156.92,0.0,0.292,5.0,0.312,5.0,312.17,0.02044,-0.47138,0.39338,0.0,0.99905
7157.19,SYN.BTC-29NOV19,1574765942193,open,0.53,13.1,0.507,0.568,0.53686628,0.0,0.233,0.0,BTC-29NOV19-11000-P,7156.92,0.0,0.0155,0.1,0.0,0.0,0.0,0.0,0.0,-0.86665,0.0,-1.0
7157.19,SYN.BTC-29NOV19,1574765942193,open,0.17,22.5,0.145,0.186,0.1635199,118.2,0.2095,0.0,BTC-29NOV19-6000-C,7156.92,0.0,0.15,4.0,0.177,6.0,208.16,0.56416,-11.59411,0.44827,0.00012,0.95849
7369.58,SYN.BTC-26JUN20,1574765942193,open,1.21,5.0,1.1555,1.3045,1.22151321,84.04,1.22,0.0,BTC-26JUN20-16000-P,7156.92,0.0,0.56,1.0,2.0,0.1,408.79,15.15118,-2.99081,-87.42145,6e-05,-0.81245
7264.78,BTC-27MAR20,1574765942195,open,2.57,0.0,2.5105,2.6735,2.58572124,104.3,None,0.0,BTC-27MAR20-26000-P,7156.92,0.0,0.0,0.0,0.0,0.0,0.0,3.22948,-1.38183,-86.1363,2e-05,-0.96519
7264.78,BTC-27MAR20,1574765942195,open,0.18,30.7,0.1435,0.227,0.18176303,72.51,0.1565,0.0,BTC-27MAR20-7000-C,7156.92,71.25,0.179,15.7,0.1865,32.7,74.66,16.01945,-4.76519,10.56234,0.00013,0.61719
7264.78,BTC-27MAR20,1574765942195,open,2.84,0.0,2.7805,2.953,2.86035037,107.33,None,0.0,BTC-27MAR20-28000-P,7156.92,0.0,0.0,0.0,0.0,0.0,0.0,2.94057,-1.2948,-92.88888,2e-05,-0.96893
7157.84,SYN.BTC-6DEC19,1574765942195,open,0.11,27.2,0.0825,0.134,0.10699843,76.1,0.1135,0.0,BTC-6DEC19-6500-C,7156.92,69.46,0.104,6.0,0.1085,6.0,79.3,3.32093,-12.79597,1.33727,0.00031,0.7975
7157.19,SYN.BTC-29NOV19,1574765942195,open,0.02,366.1,0.003,0.0405,0.01791857,66.91,0.0165,0.0,BTC-29NOV19-7250-C,7156.92,64.27,0.017,0.4,0.0195,41.6,71.45,2.49037,-28.97253,0.22996,0.00092,0.42573
7157.84,SYN.BTC-6DEC19,1574765942195,open,0.01,116.9,0.0005,0.019,0.00505999,94.78,0.005,0.0,BTC-6DEC19-5750-P,7156.92,92.15,0.0045,19.0,0.0055,0.1,96.76,1.56484,-7.50941,-0.14359,0.00012,-0.06908
7157.19,SYN.BTC-29NOV19,1574765942195,open,0.0,517.6,0.0005,0.0105,8.73e-06,119.99,0.0005,0.0,BTC-29NOV19-5000-P,7156.92,0.0,0.0,0.0,0.0005,2.0,176.82,0.00729,-0.06248,-0.00018,0.0,-0.00031
7157.84,SYN.BTC-6DEC19,1574765942195,open,0.0,41.3,0.0005,0.011,0.00144718,86.68,0.0015,0.0,BTC-6DEC19-9500-C,7156.92,81.92,0.001,16.0,0.002,32.0,91.42,0.752,-3.3002,0.05104,6e-05,0.0278
7159.81,BTC-27DEC19,1574765942200,open,3.17,0.2,3.1085,3.2755,3.19008188,135.41,2.51,0.0,BTC-27DEC19-30000-P,7156.92,0.0,0.0,0.0,0.0,0.0,0.0,0.02231,-0.04893,-25.37569,0.0,-0.99971
7157.84,SYN.BTC-6DEC19,1574765942200,open,0.17,5.5,0.147,0.1935,0.16873756,87.44,0.121,0.0,BTC-6DEC19-6000-C,7156.92,0.0,0.1595,9.8,0.187,5.0,136.51,2.02113,-8.94778,1.42198,0.00017,0.90297
7159.81,BTC-27DEC19,1574765942202,open,0.1,225.7,0.0655,0.1245,0.0927026,70.77,0.093,0.0,BTC-27DEC19-7000-C,7156.92,68.83,0.0905,29.0,0.0955,39.6,73.24,8.12195,-9.30836,2.97662,0.00026,0.58417
7369.58,SYN.BTC-26JUN20,1574765942240,open,0.03,25.8,0.0105,0.068,0.02970797,91.9,0.041,0.0,BTC-26JUN20-22000-C,7156.92,90.72,0.028,9.0,0.032,33.0,93.43,10.83232,-2.33824,3.60764,4e-05,0.11364
7264.78,BTC-27MAR20,1574765942258,open,0.94,58.9,0.901,1.0165,0.95268827,82.93,1.1385,0.0,BTC-27MAR20-14000-P,7156.92,0.0,0.4,0.5,0.0,0.0,0.0,8.84993,-3.01079,-44.22959,6e-05,-0.87065
7264.78,BTC-27MAR20,1574765942272,open,0.26,21.3,0.2195,0.2945,0.25413162,72.7,0.2315,0.0,BTC-27MAR20-6000-C,7156.92,71.0,0.251,21.8,0.2605,29.8,76.14,13.4218,-4.00318,11.958,0.0001,0.74709
7264.78,BTC-27MAR20,1574765942274,open,0.01,96.6,0.0005,0.024,0.00667737,104.0,0.0075,0.0,BTC-27MAR20-26000-C,7156.92,102.4,0.006,6.0,0.0075,1.0,105.8,3.18867,-1.36043,0.66952,2e-05,0.03428
7157.19,SYN.BTC-29NOV19,1574765942274,open,0.0,842.7,0.0005,0.0105,0.00090156,98.82,0.0015,0.0,BTC-29NOV19-8500-C,7156.92,90.36,0.0005,15.5,0.0015,47.1,107.82,0.404,-6.45266,0.01509,0.0001,0.02766
7157.19,SYN.BTC-29NOV19,1574765942274,open,0.0,697.6,0.0005,0.013,0.00186557,79.86,0.0025,0.0,BTC-29NOV19-8000-C,7156.92,76.31,0.0015,2.5,0.0025,30.0,85.24,0.78013,-10.83205,0.03412,0.00024,0.06238
7159.81,BTC-27DEC19,1574765942278,open,0.0,530.9,0.0005,0.0105,1.38e-06,120.0,0.0005,0.0,BTC-27DEC19-32000-C,7156.92,0.0,0.0,0.0,0.0005,0.9,175.3,0.00174,-0.00339,0.00011,0.0,2e-05
7159.81,BTC-27DEC19,1574765942282,open,2.62,0.0,2.5605,2.7055,2.63141893,126.08,None,0.0,BTC-27DEC19-26000-P,7156.92,0.0,0.0,0.0,0.0,0.0,0.0,0.0321,-0.06554,-21.99128,0.0,-0.99957
7157.19,SYN.BTC-29NOV19,1574765942282,open,0.6,0.0,0.5755,0.6395,0.60672311,0.0,None,0.0,BTC-29NOV19-11500-P,7156.92,0.0,0.0,0.0,0.0,0.0,0.0,0.0,0.0,-0.90604,0.0,-1.0
7369.58,SYN.BTC-26JUN20,1574765942282,open,0.96,11.5,0.901,1.045,0.96520765,81.59,0.99,0.0,BTC-26JUN20-14000-P,7156.92,0.0,0.5,1.0,0.0,0.0,0.0,17.34685,-3.32425,-74.31113,7e-05,-0.76372
7369.58,SYN.BTC-26JUN20,1574765942285,open,0.02,52.0,0.007,0.0565,0.02233197,95.6,0.02,0.0,BTC-26JUN20-26000-C,7156.92,94.04,0.0205,24.3,0.0245,30.5,97.35,8.88276,-1.99452,2.76336,3e-05,0.08662
7157.19,SYN.BTC-29NOV19,1574765942290,open,0.95,0.0,0.918,0.9955,0.95601059,0.0,None,0.0,BTC-29NOV19-14000-P,7156.92,0.0,0.0,0.0,0.0,0.0,0.0,0.0,0.0,-1.10301,0.0,-1.0
7157.84,SYN.BTC-6DEC19,1574765942302,open,0.0,126.8,0.0005,0.011,0.00101275,88.3,0.002,0.0,BTC-6DEC19-9750-C,7156.92,80.28,0.0005,16.6,0.0015,30.0,93.68,0.56831,-2.54063,0.03663,5e-05,0.01993
7264.78,BTC-27MAR20,1574765942310,open,0.01,459.4,0.002,0.0345,0.01163028,95.52,0.0105,0.0,BTC-27MAR20-20000-C,7156.92,93.03,0.01,47.0,0.0135,39.2,98.14,4.97014,-1.94771,1.16199,3e-05,0.05953
7157.19,SYN.BTC-29NOV19,1574765942326,open,0.0,229.4,0.0005,0.0105,0.00062933,106.5,0.0005,0.0,BTC-29NOV19-8750-C,7156.92,0.0,0.0,0.0,0.001,1.1,114.26,0.2924,-4.50424,0.01027,7e-05,0.01884
7157.19,SYN.BTC-29NOV19,1574765942326,open,0.0,669.3,0.0005,0.0105,0.00045008,113.65,0.0005,0.0,BTC-29NOV19-9000-C,7156.92,0.0,0.0,0.0,0.001,31.0,127.35,0.21527,-3.22129,0.00718,5e-05,0.01318
7159.81,BTC-27DEC19,1574765942337,open,0.0,1059.0,0.0005,0.011,0.00116293,105.53,0.001,0.0,BTC-27DEC19-15000-C,7156.92,95.96,0.0005,215.5,0.002,31.0,113.07,0.65196,-1.11417,0.06583,1e-05,0.01203
7159.81,BTC-27DEC19,1574765942337,open,0.11,820.3,0.0795,0.146,0.10979982,70.78,0.106,0.0,BTC-27DEC19-7500-P,7156.92,67.04,0.1055,25.1,0.111,20.4,71.82,8.24539,-9.45058,-3.98871,0.00027,-0.54878
7159.81,BTC-27DEC19,1574765942337,open,0.0,390.6,0.0005,0.0105,0.00098506,111.01,0.001,0.0,BTC-27DEC19-16000-C,7156.92,103.1,0.0005,30.5,0.0015,24.0,116.73,0.55135,-0.99113,0.05414,1e-05,0.00992
7157.19,SYN.BTC-29NOV19,1574765942337,open,0.2,0.6,0.1805,0.217,0.19733505,120.67,0.143,0.0,BTC-29NOV19-5750-C,7156.92,0.0,0.1875,7.4,0.21,8.4,230.98,0.28089,-5.8932,0.44248,6e-05,0.98203
7157.84,SYN.BTC-6DEC19,1574765942339,open,0.0,46.4,0.0005,0.016,0.0038192,102.97,0.004,0.0,BTC-6DEC19-5500-P,7156.92,97.87,0.003,46.0,0.0045,33.4,106.78,1.22361,-6.37893,-0.10516,9e-05,-0.05048
7157.84,SYN.BTC-6DEC19,1574765942339,open,0.01,123.7,0.0005,0.0225,0.00695214,87.35,0.0065,0.0,BTC-6DEC19-6000-P,7156.92,83.86,0.006,47.0,0.0075,30.0,89.26,2.01781,-8.92331,-0.20095,0.00017,-0.09681
7369.58,SYN.BTC-26JUN20,1574765942339,open,0.02,78.9,0.005,0.048,0.01734401,98.51,0.017,0.0,BTC-26JUN20-30000-C,7156.92,97.14,0.016,15.0,0.019,0.8,100.11,7.39979,-1.71211,2.1824,2e-05,0.06812
7157.19,SYN.BTC-29NOV19,1574765942339,open,0.15,233.8,0.1305,0.1815,0.15379942,87.61,0.136,0.0,BTC-29NOV19-8250-P,7156.92,0.0,0.05,0.6,0.955,3.0,500.0,0.5122,-7.80257,-0.62983,0.00014,-0.96314
7157.19,SYN.BTC-29NOV19,1574765942339,open,0.07,156.7,0.041,0.09,0.06453485,78.82,0.0675,0.0,BTC-29NOV19-6750-C,7156.92,72.28,0.063,0.1,0.066,6.0,84.73,1.73257,-23.74499,0.41948,0.00054,0.80845
7159.81,BTC-27DEC19,1574765942368,open,0.0,526.9,0.0005,0.0105,0.00010522,120.0,0.0005,0.0,BTC-27DEC19-22000-C,7156.92,0.0,0.0,0.0,0.001,20.0,147.13,0.08132,-0.15803,0.00648,0.0,0.00118
7159.81,BTC-27DEC19,1574765942368,open,0.01,1500.4,0.0005,0.0225,0.00837472,89.71,0.0075,0.0,BTC-27DEC19-5000-P,7156.92,87.3,0.0075,20.0,0.009,24.0,91.36,2.67057,-3.87963,-0.45022,7e-05,-0.06596
7157.19,SYN.BTC-29NOV19,1574765942394,open,0.05,609.5,0.032,0.083,0.05589103,68.88,0.054,0.0,BTC-29NOV19-7500-P,7156.92,69.28,0.056,0.1,0.0585,7.6,78.2,1.935,-23.17444,-0.46499,0.0007,-0.76872
7157.19,SYN.BTC-29NOV19,1574765942401,open,0.36,2.0,0.336,0.3915,0.36228843,109.21,0.161,0.0,BTC-29NOV19-9750-P,7156.92,0.0,0.0,0.0,0.0,0.0,0.0,0.01828,-0.34709,-0.7677,0.0,-0.99916
7157.19,SYN.BTC-29NOV19,1574765942403,open,0.43,0.0,0.404,0.462,0.4320915,0.0,None,0.0,BTC-29NOV19-10250-P,7156.92,0.0,0.0,0.0,0.0,0.0,0.0,0.0,0.0,-0.80756,0.0,-1.0
7157.19,SYN.BTC-29NOV19,1574765942418,open,0.0,623.2,0.0005,0.0105,2.907e-05,120.01,0.0005,0.0,BTC-29NOV19-10000-C,7156.92,0.0,0.0,0.0,0.0005,0.5,159.17,0.02163,-0.20808,0.00055,0.0,0.00101
7157.19,SYN.BTC-29NOV19,1574765942420,open,1.09,0.0,1.055,1.138,1.09572564,0.0,None,0.0,BTC-29NOV19-15000-P,7156.92,0.0,0.0,0.0,0.0,0.0,0.0,0.0,0.0,-1.18179,0.0,-1.0
7159.81,BTC-27DEC19,1574765942433,open,0.45,31.0,0.431,0.4615,0.4446701,110.77,0.4255,0.0,BTC-27DEC19-4000-C,7156.92,0.0,0.4355,8.0,0.4565,8.0,154.52,1.19774,-2.14859,3.21483,2e-05,0.97547
7369.75,SYN.BTC-26JUN20,1574765942433,open,0.31,14.0,0.2665,0.354,0.30676161,73.68,0.2835,0.0,BTC-26JUN20-6000-C,7156.92,72.56,0.304,7.0,0.3115,10.6,75.6,18.21555,-3.15235,18.66921,8e-05,0.74111
7157.84,SYN.BTC-6DEC19,1574765942460,open,0.0,35.1,0.0005,0.015,0.00344353,77.4,0.006,0.0,BTC-6DEC19-8750-C,7156.92,75.19,0.003,15.0,0.004,30.0,79.96,1.49331,-5.85178,0.11926,0.00014,0.06503
7157.19,SYN.BTC-29NOV19,1574765942460,open,0.0,537.5,0.0005,0.0105,0.00014882,120.01,0.0005,0.0,BTC-29NOV19-9500-C,7156.92,0.0,0.0,0.0,0.001,0.5,151.85,0.08517,-1.06516,0.00251,2e-05,0.00459
7159.81,BTC-27DEC19,1574765942463,open,0.81,99.0,0.781,0.8605,0.81789971,96.16,0.638,0.0,BTC-27DEC19-13000-P,7156.92,0.0,0.7,0.2,0.0,0.0,0.0,1.14054,-1.77608,-10.87005,3e-05,-0.97686
7159.81,BTC-27DEC19,1574765942463,open,0.95,268.3,0.9175,1.002,0.9570813,102.26,0.7205,0.0,BTC-27DEC19-14000-P,7156.92,0.0,0.78,0.2,0.0,0.0,0.0,0.90455,-1.49794,-11.74654,2e-05,-0.98239
7264.78,BTC-27MAR20,1574765942465,open,0.01,217.2,0.0005,0.0295,0.00917598,98.13,0.0075,0.0,BTC-27MAR20-22000-C,7156.92,95.98,0.008,42.0,0.0105,17.7,100.35,4.14933,-1.67044,0.92746,2e-05,0.04741
7159.81,BTC-27DEC19,1574765942465,open,0.01,1140.3,0.0005,0.017,0.00491162,84.43,0.006,0.0,BTC-27DEC19-11000-C,7156.92,83.07,0.0045,37.0,0.0055,25.7,86.27,2.2155,-3.02927,0.28514,6e-05,0.05199
7159.81,BTC-27DEC19,1574765942467,open,0.0,815.6,0.0005,0.013,0.00334727,110.79,0.004,0.0,BTC-27DEC19-4000-P,7156.92,108.65,0.003,1.0,0.0035,1.0,111.69,1.19839,-2.15012,-0.16892,2e-05,-0.02454
7157.19,SYN.BTC-29NOV19,1574765942469,open,0.01,940.1,0.002,0.038,0.01523758,70.48,0.016,0.0,BTC-29NOV19-7000-P,7156.92,68.23,0.0145,0.4,0.0165,18.2,74.31,2.35225,-28.8269,-0.20576,0.00083,-0.34966
7157.84,SYN.BTC-6DEC19,1574765942474,open,0.07,75.0,0.0475,0.105,0.07379778,68.51,0.0735,0.0,BTC-6DEC19-7500-P,7156.92,64.76,0.0715,21.6,0.076,2.0,72.07,4.40554,-15.28131,-1.38206,0.00046,-0.63983
7159.81,BTC-27DEC19,1574765942478,open,2.89,0.2,2.8345,2.9905,2.91074745,130.34,2.2765,0.0,BTC-27DEC19-28000-P,7156.92,0.0,0.0,0.0,0.0,0.0,0.0,0.02498,-0.05272,-23.68366,0.0,-0.99967
7159.81,BTC-27DEC19,1574765942478,open,0.38,21.6,0.3605,0.396,0.37656741,98.87,0.5285,0.0,BTC-27DEC19-4500-C,7156.92,0.0,0.366,11.2,0.3905,7.0,137.54,1.76931,-2.83291,3.53776,4e-05,0.96069
7159.81,BTC-27DEC19,1574765942478,open,0.51,4.3,0.5015,0.526,0.51269379,117.3,0.5625,0.0,BTC-27DEC19-3500-C,7156.92,0.0,0.506,11.0,0.5225,9.0,170.65,0.63381,-1.20391,2.88085,1e-05,0.98835
7369.75,SYN.BTC-26JUN20,1574765942482,open,0.49,0.5,0.4645,0.5165,0.48758474,75.21,0.589,0.0,BTC-26JUN20-4000-C,7156.92,60.24,0.4715,5.0,0.5085,5.0,90.85,9.01275,-1.59206,18.22824,4e-05,0.91168
7264.78,BTC-27MAR20,1574765942485,open,0.47,7.4,0.4455,0.487,0.46379133,78.26,0.464,0.0,BTC-27MAR20-4000-C,7156.92,54.53,0.452,7.0,0.4805,7.0,98.36,5.07135,-1.62818,11.52531,4e-05,0.93891
7159.81,BTC-27DEC19,1574765942491,open,5.68,0.0,5.573,5.841,5.70412597,178.03,None,0.0,BTC-27DEC19-48000-P,7156.92,0.0,0.0005,1.0,0.0,0.0,0.0,0.02432,-0.07011,-40.60195,0.0,-0.99968
7159.81,BTC-27DEC19,1574765942494,open,1.23,18.0,1.1915,1.285,1.23569372,111.17,1.261,0.0,BTC-27DEC19-16000-P,7156.92,0.0,0.0,0.0,0.0,0.0,0.0,0.55632,-1.00151,-13.47986,1e-05,-0.98997
7157.84,SYN.BTC-6DEC19,1574765942494,open,0.16,11.3,0.133,0.1915,0.15977348,72.15,0.105,0.0,BTC-6DEC19-8250-P,7156.92,0.0,0.0,0.0,0.8605,3.0,500.0,2.46062,-8.98891,-1.99871,0.00025,-0.87226
7264.78,BTC-27MAR20,1574765942502,open,0.0,64.4,0.0005,0.0195,0.0047234,111.48,0.004,0.0,BTC-27MAR20-32000-C,7156.92,109.13,0.004,7.5,0.0055,40.0,113.75,2.36086,-1.07978,0.46469,1e-05,0.02388
7159.81,BTC-27DEC19,1574765942502,open,0.0,1541.5,0.0005,0.0105,0.0,120.0,0.0005,0.0,BTC-27DEC19-52000-C,7156.92,0.0,0.0,0.0,0.0005,32.0,222.23,0.0,0.0,0.0,0.0,0.0
7157.19,SYN.BTC-29NOV19,1574765942502,open,0.0,458.4,0.0005,0.0105,0.0,120.01,0.0005,0.0,BTC-29NOV19-15000-C,7156.92,0.0,0.0,0.0,0.0005,0.2,314.57,0.0,0.0,0.0,0.0,0.0
7264.78,BTC-27MAR20,1574765942509,open,0.01,155.0,0.0005,0.028,0.0082641,102.2,0.0065,0.0,BTC-27MAR20-24000-C,7156.92,99.63,0.007,13.0,0.01,36.0,105.35,3.76092,-1.57682,0.81748,2e-05,0.04196
7159.81,BTC-27DEC19,1574765942512,open,0.0,486.7,0.0005,0.0115,0.00153631,117.33,0.0015,0.0,BTC-27DEC19-3500-P,7156.92,110.41,0.001,24.0,0.002,1.0,122.12,0.63454,-1.20561,-0.07994,1e-05,-0.01166
7264.78,BTC-27MAR20,1574765942512,open,2.3,0.0,2.2415,2.396,2.31199691,102.43,None,0.0,BTC-27MAR20-24000-P,7156.92,0.0,0.01,6.0,0.0,0.0,0.0,3.79578,-1.59511,-79.31127,2e-05,-0.95755
7159.81,BTC-27DEC19,1574765942512,open,0.72,0.0,0.711,0.7305,0.72066712,117.67,None,0.0,BTC-27DEC19-2000-C,7156.92,0.0,0.714,12.0,0.729,12.0,268.2,0.00418,-0.00796,1.6915,0.0,0.99995
7159.81,BTC-27DEC19,1574765942525,open,1.09,211.0,1.0545,1.143,1.09620232,105.66,0.959,0.0,BTC-27DEC19-15000-P,7156.92,0.0,0.0,0.0,0.0,0.0,0.0,0.65655,-1.12339,-12.62229,1e-05,-0.98787
7159.81,BTC-27DEC19,1574765942525,open,1.78,3.6,1.739,1.852,1.79365416,120.6,1.729,0.0,BTC-27DEC19-20000-P,7156.92,0.0,0.0,0.0,0.0,0.0,0.0,0.18773,-0.36665,-16.90203,0.0,-0.99705
7264.78,BTC-27MAR20,1574765942540,open,3.94,0.0,3.8595,4.072,3.95933463,115.63,None,0.0,BTC-27MAR20-36000-P,7156.92,0.0,0.0,0.0,0.0,0.0,0.0,2.0015,-0.94947,-119.82482,1e-05,-0.98036
7264.78,BTC-27MAR20,1574765942548,open,0.01,1307.4,0.0045,0.0315,0.01441346,78.29,0.0135,0.0,BTC-27MAR20-4000-P,7156.92,76.22,0.013,19.0,0.0155,14.0,79.82,5.07455,-1.62982,-1.83262,4e-05,-0.06114
7157.19,SYN.BTC-29NOV19,1574765942548,open,0.0,133.8,0.0005,0.0105,1.231e-05,120.01,0.0005,0.0,BTC-29NOV19-10250-C,7156.92,0.0,0.0,0.0,0.0005,0.5,169.18,0.0103,-0.08813,0.00025,0.0,0.00045
7157.19,SYN.BTC-29NOV19,1574765942548,open,0.0,729.6,0.0005,0.018,0.00361047,73.24,0.004,0.0,BTC-29NOV19-7750-C,7156.92,69.6,0.003,0.5,0.0045,30.0,78.12,1.24616,-15.86921,0.06378,0.00042,0.11672
7264.78,BTC-27MAR20,1574765942566,open,0.04,216.4,0.0195,0.066,0.03777948,74.72,0.038,0.0,BTC-27MAR20-5000-P,7156.92,72.93,0.0355,9.2,0.04,37.5,76.43,9.33468,-2.86131,-4.30772,7e-05,-0.1398
7264.78,BTC-27MAR20,1574765942566,open,0.68,54.9,0.641,0.753,0.69125761,78.89,0.77,0.0,BTC-27MAR20-12000-P,7156.92,0.0,0.021,1.1,0.88,1.0,168.83,11.44064,-3.70273,-36.38451,8e-05,-0.80867
7159.81,BTC-27DEC19,1574765942566,open,0.0,1036.2,0.0005,0.0105,0.00026834,120.0,0.0005,0.0,BTC-27DEC19-20000-C,7156.92,0.0,0.0,0.0,0.0005,8.7,127.16,0.17975,-0.3493,0.01541,0.0,0.00281
7264.78,BTC-27MAR20,1574765942566,open,0.1,290.7,0.0595,0.1395,0.09407996,74.52,0.0975,0.0,BTC-27MAR20-9000-C,7156.92,73.13,0.091,20.0,0.097,35.9,75.84,16.09419,-4.92061,7.15282,0.00012,0.38895
7157.84,SYN.BTC-6DEC19,1574765942568,open,0.14,5.9,0.1135,0.163,0.13677419,80.82,0.0915,0.0,BTC-6DEC19-6250-C,7156.92,71.16,0.1335,6.0,0.1385,6.0,85.43,2.60246,-10.64843,1.40341,0.00023,0.86142
7157.19,SYN.BTC-29NOV19,1574765942568,open,0.0,678.4,0.0005,0.0135,0.0018102,117.84,0.0015,0.0,BTC-29NOV19-6000-P,7156.92,113.66,0.0015,0.5,0.0025,44.4,125.89,0.55939,-11.46186,-0.02418,0.00012,-0.04108
7157.19,SYN.BTC-29NOV19,1574765942568,open,0.46,5.0,0.4385,0.497,0.46701303,0.0,0.25,0.0,BTC-29NOV19-10500-P,7156.92,0.0,0.0,0.0,0.0,0.0,0.0,0.0,0.0,-0.82725,0.0,-1.0
7369.75,SYN.BTC-26JUN20,1574765942576,open,0.39,0.0,0.355,0.4265,0.38756851,73.73,None,0.0,BTC-26JUN20-5000-C,7156.92,62.8,0.3675,5.0,0.417,5.0,88.72,14.01962,-2.42772,19.19332,6e-05,0.83411
7157.19,SYN.BTC-29NOV19,1574765942581,open,0.32,114.2,0.3015,0.357,0.32744173,115.84,0.3315,0.0,BTC-29NOV19-9500-P,7156.92,0.0,0.03,2.1,0.0,0.0,0.0,0.06574,-1.32418,-0.74659,1e-05,-0.99656
7159.81,BTC-27DEC19,1574765942590,open,0.0,590.4,0.0005,0.0105,7.383e-05,120.0,0.001,0.0,BTC-27DEC19-2500-P,7156.92,0.0,0.0,0.0,0.001,111.6,157.94,0.05138,-0.09985,-0.00477,0.0,-0.00071
7159.81,BTC-27DEC19,1574765942590,open,0.19,112.9,0.161,0.215,0.18624321,76.0,0.19,0.0,BTC-27DEC19-6000-C,7156.92,46.42,0.1675,13.0,0.212,13.0,106.69,5.49072,-6.75727,3.82993,0.00017,0.81861
7159.81,BTC-27DEC19,1574765942590,open,0.01,1372.8,0.0005,0.0245,0.00864203,78.69,0.008,0.0,BTC-27DEC19-10000-C,7156.92,77.3,0.008,33.5,0.0095,24.0,80.48,3.36084,-4.28282,0.48825,0.0001,0.08926
7264.78,BTC-27MAR20,1574765942590,open,0.0,143.6,0.0005,0.017,0.00373542,114.95,0.0035,0.0,BTC-27MAR20-36000-C,7156.92,111.98,0.003,8.0,0.0045,40.0,117.64,1.93581,-0.91291,0.36747,1e-05,0.01888
7159.81,BTC-27DEC19,1574765942610,open,0.0,756.8,0.0005,0.0105,4.223e-05,120.0,0.0005,0.0,BTC-27DEC19-24000-C,7156.92,0.0,0.0,0.0,0.001,21.0,156.62,0.03693,-0.07176,0.00277,0.0,0.0005
7159.81,BTC-27DEC19,1574765942612,open,0.02,1561.0,0.01,0.047,0.02425896,76.0,0.024,0.0,BTC-27DEC19-6000-P,7156.92,73.69,0.0225,60.5,0.025,19.3,76.96,5.49099,-6.75816,-1.24564,0.00017,-0.18141
7157.19,SYN.BTC-29NOV19,1574765942612,open,0.04,501.3,0.015,0.062,0.03723228,70.58,0.039,0.0,BTC-29NOV19-7000-C,7156.92,65.29,0.0355,0.4,0.039,28.2,75.94,2.35266,-28.87209,0.34563,0.00083,0.65017
7157.19,SYN.BTC-29NOV19,1574765942612,open,0.0,644.2,0.0005,0.0105,8.1e-07,120.01,0.0005,0.0,BTC-29NOV19-11000-C,7156.92,0.0,0.0,0.0,0.0005,0.1,197.32,0.00092,-0.00578,2e-05,0.0,3e-05
7157.19,SYN.BTC-29NOV19,1574765942612,open,0.0,284.6,0.0005,0.0105,1.2e-07,120.01,0.0005,0.0,BTC-29NOV19-11500-C,7156.92,0.0,0.0,0.0,0.0005,0.3,214.71,0.00016,-0.00085,0.0,0.0,1e-05
7369.75,SYN.BTC-26JUN20,1574765942612,open,0.03,314.3,0.015,0.0555,0.03036314,75.22,0.0305,0.0,BTC-26JUN20-4000-P,7156.92,72.84,0.0275,23.0,0.033,35.0,77.35,9.01472,-1.59274,-5.10254,4e-05,-0.08835
7157.84,SYN.BTC-6DEC19,1574765942616,open,0.22,0.0,0.1995,0.257,0.2258398,77.21,None,0.0,BTC-6DEC19-8750-P,7156.92,0.0,0.0,0.0,0.0,0.0,0.0,1.48436,-5.80269,-2.24909,0.00014,-0.93548
7159.81,BTC-27DEC19,1574765942622,open,0.53,248.6,0.508,0.5805,0.54127382,84.46,0.651,0.0,BTC-27DEC19-11000-P,7156.92,0.0,0.405,0.3,0.88,1.0,419.46,2.21771,-3.03329,-9.01952,6e-05,-0.94794
7264.78,BTC-27MAR20,1574765942622,open,1.75,5.2,1.703,1.84,1.76474098,95.67,1.108,0.0,BTC-27MAR20-20000-P,7156.92,0.0,0.0,0.0,0.0,0.0,0.0,4.99569,-1.96078,-65.61221,3e-05,-0.94008
7157.19,SYN.BTC-29NOV19,1574765942624,open,0.0,114.4,0.0005,0.0105,6.677e-05,120.01,0.0005,0.0,BTC-29NOV19-9750-C,7156.92,0.0,0.0,0.0,0.0005,0.1,148.81,0.0438,-0.47785,0.0012,1e-05,0.00219
7159.81,BTC-27DEC19,1574765942641,open,0.0,972.0,0.0005,0.0115,0.00171123,102.17,0.001,0.0,BTC-27DEC19-14000-C,7156.92,95.45,0.001,63.0,0.0025,37.0,107.67,0.90068,-1.49026,0.09573,2e-05,0.01752
7159.81,BTC-27DEC19,1574765942641,open,0.0,680.5,0.0005,0.0105,1.736e-05,120.0,0.0005,0.0,BTC-27DEC19-26000-C,7156.92,0.0,0.0,0.0,0.001,39.0,165.24,0.01691,-0.03286,0.0012,0.0,0.00022
7264.78,BTC-27MAR20,1574765942641,open,0.03,409.3,0.0095,0.0565,0.02551079,82.87,0.026,0.0,BTC-27MAR20-14000-C,7156.92,81.18,0.0235,35.0,0.0275,17.0,84.47,8.83851,-3.00478,2.51315,6e-05,0.12911
7264.78,BTC-27MAR20,1574765942641,open,0.23,277.8,0.1855,0.2845,0.23013925,72.8,0.304,0.0,BTC-27MAR20-8000-P,7156.92,69.27,0.222,18.5,0.2355,7.0,75.13,16.74433,-5.00121,-17.89337,0.00013,-0.5075
7157.19,SYN.BTC-29NOV19,1574765942644,open,0.0,232.9,0.0005,0.0105,0.0,120.01,0.0005,0.0,BTC-29NOV19-14000-C,7156.92,0.0,0.0,0.0,0.0005,0.5,289.23,0.0,0.0,0.0,0.0,0.0
7157.19,SYN.BTC-29NOV19,1574765942644,open,0.0,192.5,0.0005,0.0105,0.0003202,119.96,0.0005,0.0,BTC-29NOV19-9250-C,7156.92,0.0,0.0,0.0,0.001,46.9,139.86,0.15808,-2.29175,0.00503,3e-05,0.00924
7159.81,BTC-27DEC19,1574765942646,open,0.0,449.3,0.0005,0.0105,2e-08,120.0,0.0005,0.0,BTC-27DEC19-44000-C,7156.92,0.0,0.0,0.0,0.0005,1.0,206.36,3e-05,-5e-05,0.0,0.0,0.0
7159.81,BTC-27DEC19,1574765942646,open,0.0,106.3,0.0005,0.0105,5.7e-06,120.0,0.0005,0.0,BTC-27DEC19-2000-P,7156.92,0.0,0.0,0.0,0.0005,11.1,174.39,0.00545,-0.01059,-0.00042,0.0,-6e-05
7159.81,BTC-27DEC19,1574765942646,open,0.79,12.1,0.7805,0.8,0.79049618,0.0,0.8415,0.0,BTC-27DEC19-1500-C,7156.92,0.0,0.7835,13.0,0.7985,13.0,323.8,0.0,0.0,1.26886,0.0,1.0
7369.75,SYN.BTC-26JUN20,1574765942661,open,0.07,478.0,0.0335,0.115,0.06548311,81.58,0.067,0.0,BTC-26JUN20-14000-C,7156.92,79.65,0.061,30.5,0.069,14.5,83.06,17.34534,-3.32349,7.33897,7e-05,0.23623
7159.81,BTC-27DEC19,1574765942663,open,0.0,690.8,0.0005,0.0105,2.8e-07,120.0,0.0005,0.0,BTC-27DEC19-36000-C,7156.92,0.0,0.0,0.0,0.001,39.0,199.31,0.00041,-0.0008,2e-05,0.0,0.0
7159.81,BTC-27DEC19,1574765942663,open,0.0,694.4,0.0005,0.012,0.00219893,96.1,0.002,0.0,BTC-27DEC19-13000-C,7156.92,91.13,0.0015,38.0,0.003,36.1,100.64,1.13711,-1.76958,0.12633,3e-05,0.02306
7157.19,SYN.BTC-29NOV19,1574765942663,open,0.0,371.2,0.0005,0.011,0.00115035,88.14,0.002,0.0,BTC-29NOV19-8250-C,7156.92,86.0,0.001,5.0,0.0015,0.5,92.57,0.52252,-8.00794,0.02065,0.00015,0.03778
7264.86,BTC-27MAR20,1574765942671,open,2.02,5.6,1.9715,2.1165,2.03756068,98.32,1.545,0.0,BTC-27MAR20-22000-P,7156.92,0.0,0.0,0.0,0.0,0.0,0.0,4.17942,-1.68579,-72.52409,2e-05,-0.95216
7157.19,SYN.BTC-29NOV19,1574765942680,open,0.0,468.6,0.0005,0.0105,2e-08,120.01,0.0005,0.0,BTC-29NOV19-12000-C,7156.92,0.0,0.0,0.0,0.0005,0.4,231.15,3e-05,-0.00012,0.0,0.0,0.0
7264.86,BTC-27MAR20,1574765942683,open,0.01,142.6,0.0005,0.0215,0.00547225,109.8,0.005,0.0,BTC-27MAR20-30000-C,7156.92,106.97,0.0045,9.0,0.0065,30.0,112.45,2.66233,-1.19931,0.53594,1e-05,0.02757
7159.81,BTC-27DEC19,1574765942683,open,0.0,832.1,0.0005,0.0105,0.00045779,120.0,0.001,0.0,BTC-27DEC19-3000-P,7156.92,121.24,0.0005,24.0,0.0015,67.0,139.79,0.23719,-0.46092,-0.02596,0.0,-0.00383
7369.75,SYN.BTC-26JUN20,1574765942685,open,0.01,117.5,0.002,0.0265,0.01173111,79.9,0.0115,0.0,BTC-26JUN20-3000-P,7156.92,77.88,0.0105,1.0,0.013,25.0,81.87,4.62117,-0.86721,-2.12444,2e-05,-0.0377
7157.84,SYN.BTC-6DEC19,1574765942685,open,0.01,66.9,0.0005,0.0185,0.00497606,74.92,0.005,0.0,BTC-6DEC19-8500-C,7156.92,71.11,0.004,30.0,0.0055,30.0,76.81,1.9319,-7.32762,0.16712,0.00019,0.09127
7369.75,SYN.BTC-26JUN20,1574765942685,open,1.47,2.0,1.414,1.569,1.48296086,86.53,1.5,0.0,BTC-26JUN20-18000-P,7156.92,0.0,1.2,1.0,2.1,0.1,315.66,13.33449,-2.7102,-100.11789,5e-05,-0.84634
7157.84,SYN.BTC-6DEC19,1574765942688,open,0.19,0.0,0.166,0.224,0.19244672,74.78,0.219,0.0,BTC-6DEC19-8500-P,7156.92,0.0,0.0,0.0,0.0,0.0,0.0,1.92489,-7.2874,-2.13349,0.00019,-0.90918
7157.19,SYN.BTC-29NOV19,1574765942693,open,0.74,0.0,0.7125,0.782,0.74643803,0.0,None,0.0,BTC-29NOV19-12500-P,7156.92,0.0,0.0,0.0,0.0,0.0,0.0,0.0,0.0,-0.98483,0.0,-1.0
7159.81,BTC-27DEC19,1574765942695,open,0.58,11.0,0.5715,0.5915,0.58144992,119.93,0.5835,0.0,BTC-27DEC19-3000-C,7156.92,0.0,0.576,10.0,0.59,10.0,191.96,0.23632,-0.45898,2.51188,0.0,0.99619
7264.86,BTC-27MAR20,1574765942699,open,0.44,139.4,0.396,0.5055,0.44540813,75.82,0.44,0.0,BTC-27MAR20-10000-P,7156.92,59.49,0.4145,8.0,0.4805,8.0,92.44,14.70347,-4.5738,-27.66507,0.00011,-0.69505
7369.75,SYN.BTC-26JUN20,1574765942699,open,0.71,8.8,0.655,0.794,0.71738814,79.11,0.783,0.0,BTC-26JUN20-12000-P,7156.92,0.0,0.15,0.2,0.0,0.0,0.0,19.76658,-3.67291,-60.62863,8e-05,-0.69317
7157.84,SYN.BTC-6DEC19,1574765942699,open,0.24,0.2,0.217,0.258,0.23545581,103.11,0.175,0.0,BTC-6DEC19-5500-C,7156.92,0.0,0.2245,6.0,0.25,6.0,157.99,1.22769,-6.40905,1.3825,9e-05,0.94931
7157.84,SYN.BTC-6DEC19,1574765942699,open,0.02,111.2,0.0045,0.0385,0.01696597,69.22,0.0175,0.0,BTC-6DEC19-7750-C,7156.92,66.45,0.0155,13.0,0.018,33.8,71.14,3.82435,-13.40229,0.47204,0.0004,0.2607
7157.84,SYN.BTC-6DEC19,1574765942702,open,0.26,0.0,0.2335,0.2905,0.25963231,78.93,None,0.0,BTC-6DEC19-9000-P,7156.92,0.0,0.0,0.0,0.0,0.0,0.0,1.10905,-4.43185,-2.35302,0.0001,-0.95535
7157.84,SYN.BTC-6DEC19,1574765942709,open,0.32,0.0,0.3015,0.3605,0.32862029,86.28,None,0.0,BTC-6DEC19-9500-P,7156.92,0.0,0.0,0.0,0.0,0.0,0.0,0.73821,-3.22458,-2.52045,6e-05,-0.97281
7159.81,BTC-27DEC19,1574765942716,open,4.01,1.3,3.93,4.1305,4.02809476,151.32,3.212,0.0,BTC-27DEC19-36000-P,7156.92,0.0,0.0,0.0,0.0,0.0,0.0,0.02164,-0.05304,-30.45121,0.0,-0.99972
7157.84,SYN.BTC-6DEC19,1574765942723,open,0.03,175.6,0.009,0.0505,0.02602955,68.56,0.03,0.0,BTC-6DEC19-7500-C,7156.92,65.25,0.024,12.0,0.027,2.0,70.14,4.40612,-15.29538,0.64739,0.00046,0.36031
7369.75,SYN.BTC-26JUN20,1574765942723,open,0.09,230.3,0.0515,0.142,0.08905294,79.09,0.09,0.0,BTC-26JUN20-12000-C,7156.92,77.19,0.084,28.8,0.094,13.8,80.92,19.76358,-3.67136,9.35584,8e-05,0.30672
7157.84,SYN.BTC-6DEC19,1574765942725,open,0.29,0.0,0.2675,0.3255,0.29411327,83.1,None,0.0,BTC-6DEC19-9250-P,7156.92,0.0,0.0,0.0,0.0,0.0,0.0,0.91691,-3.85762,-2.43785,8e-05,-0.96466
7369.75,SYN.BTC-26JUN20,1574765942725,open,0.07,262.2,0.04,0.103,0.06604151,73.74,0.0675,0.0,BTC-26JUN20-5000-P,7156.92,71.87,0.0625,13.6,0.0695,31.6,75.55,14.02057,-2.4283,-9.96951,6e-05,-0.1659
7264.86,BTC-27MAR20,1574765942729,open,3.39,0.0,3.3195,3.5125,3.40964614,111.96,None,0.0,BTC-27MAR20-32000-P,7156.92,0.0,0.01,2.0,0.0,0.0,0.0,2.41397,-1.10882,-106.37352,1e-05,-0.97548
7369.75,SYN.BTC-26JUN20,1574765942731,open,2.53,0.0,2.467,2.6525,2.55039163,95.7,None,0.0,BTC-26JUN20-26000-P,7156.92,0.0,0.0,0.0,0.0,0.0,0.0,8.91031,-2.00284,-148.86406,3e-05,-0.91302
7159.81,BTC-27DEC19,1574765942739,open,0.27,929.1,0.2425,0.3135,0.27487833,74.16,0.2545,0.0,BTC-27DEC19-9000-P,7156.92,0.0,0.06,1.0,0.55,1.0,325.2,5.2769,-6.337,-6.68952,0.00016,-0.82963
7157.19,SYN.BTC-29NOV19,1574765942741,open,0.0,1093.7,0.0005,0.0105,0.0,120.01,0.0005,0.0,BTC-29NOV19-13000-C,7156.92,0.0,0.0,0.0,0.0005,0.4,261.57,0.0,0.0,0.0,0.0,0.0
7159.81,BTC-27DEC19,1574765942751,open,3.45,0.3,3.382,3.5605,3.4694187,140.78,2.744,0.0,BTC-27DEC19-32000-P,7156.92,0.0,0.0,0.0,0.0,0.0,0.0,0.02148,-0.04897,-27.06758,0.0,-0.99972
7159.81,BTC-27DEC19,1574765942754,open,2.34,0.0,2.2865,2.4205,2.35210522,123.11,None,0.0,BTC-27DEC19-24000-P,7156.92,0.0,0.0,0.0,0.0,0.0,0.0,0.04979,-0.09925,-20.29802,0.0,-0.99931
7157.84,SYN.BTC-6DEC19,1574765942754,open,0.0,20.9,0.0005,0.0115,0.00186578,83.42,0.001,0.0,BTC-6DEC19-9250-C,7156.92,75.45,0.001,61.0,0.0025,32.2,87.88,0.92926,-3.92452,0.06595,8e-05,0.03592
7157.84,SYN.BTC-6DEC19,1574765942754,open,0.04,175.6,0.018,0.0655,0.03911481,68.57,0.039,0.0,BTC-6DEC19-7250-C,7156.92,66.1,0.0375,0.5,0.041,29.8,71.45,4.68947,-16.27993,0.84855,0.00049,0.47726
7369.75,SYN.BTC-26JUN20,1574765942754,open,0.61,15.6,0.59,0.624,0.60464731,79.87,0.6035,0.0,BTC-26JUN20-3000-C,7156.92,57.55,0.595,6.0,0.618,6.0,97.5,4.61841,-0.86645,15.374,2e-05,0.96233
7264.86,BTC-27MAR20,1574765942759,open,1.21,1.1,1.1665,1.2875,1.22065805,87.12,1.08,0.0,BTC-27MAR20-16000-P,7156.92,0.0,0.0,0.0,0.0,0.0,0.0,7.03961,-2.51613,-51.58832,5e-05,-0.90601
7369.75,SYN.BTC-26JUN20,1574765942759,open,2.27,0.0,2.2025,2.379,2.28157988,93.4,None,0.0,BTC-26JUN20-24000-P,7156.92,0.0,0.0,0.0,0.0,0.0,0.0,9.66354,-2.12006,-136.87706,3e-05,-0.90295
7159.81,BTC-27DEC19,1574765942763,open,0.0,839.6,0.0005,0.0105,0.00070026,120.0,0.0005,0.0,BTC-27DEC19-18000-C,7156.92,115.92,0.0005,1.3,0.001,1.0,124.73,0.3962,-0.7699,0.03702,1e-05,0.00681
7264.86,BTC-27MAR20,1574765942763,open,4.48,1.0,4.399,4.632,4.50915534,118.71,4.54,0.0,BTC-27MAR20-40000-P,7156.92,0.0,0.0005,2.0,0.0,0.0,0.0,1.68218,-0.81921,-133.25139,1e-05,-0.98398
7157.19,SYN.BTC-29NOV19,1574765942763,open,0.25,270.5,0.233,0.287,0.25788547,112.22,0.255,0.0,BTC-29NOV19-9000-P,7156.92,0.0,0.15,1.0,1.0585,3.0,500.0,0.20154,-3.93262,-0.70242,4e-05,-0.98778
7157.19,SYN.BTC-29NOV19,1574765942763,open,0.22,13.8,0.199,0.252,0.22313592,105.49,0.17,0.0,BTC-29NOV19-8750-P,7156.92,0.0,0.0,0.0,1.0235,3.0,500.0,0.27996,-5.13519,-0.67961,7e-05,-0.98209
7369.75,SYN.BTC-26JUN20,1574765942766,open,0.03,11.5,0.0085,0.0605,0.02490948,93.32,0.027,0.0,BTC-26JUN20-24000-C,7156.92,92.22,0.0235,15.0,0.0265,1.0,94.51,9.63982,-2.11286,3.08699,3e-05,0.09673
7157.19,SYN.BTC-29NOV19,1574765942767,open,0.19,265.7,0.1645,0.217,0.18847945,98.12,0.174,0.0,BTC-29NOV19-8500-P,7156.92,0.0,0.027,8.0,0.989,3.0,500.0,0.39298,-6.70435,-0.65508,0.0001,-0.97324
7157.19,SYN.BTC-29NOV19,1574765942765,open,0.39,33.2,0.37,0.4265,0.3971795,0.0,0.316,0.0,BTC-29NOV19-10000-P,7156.92,0.0,0.0,0.0,0.75,1.0,500.0,0.0,0.0,-0.78786,0.0,-1.0
7157.19,SYN.BTC-29NOV19,1574765942770,open,0.1,178.7,0.0745,0.121,0.09615187,90.67,0.106,0.0,BTC-29NOV19-6500-C,7156.92,79.62,0.0945,0.1,0.0975,6.0,98.4,1.1793,-18.59212,0.44874,0.00032,0.89195
7157.19,SYN.BTC-29NOV19,1574765942787,open,0.0,150.7,0.0005,0.0105,0.0,120.01,0.0005,0.0,BTC-29NOV19-12500-C,7156.92,0.0,0.0,0.0,0.0005,0.1,246.74,0.0,-1e-05,0.0,0.0,0.0
7159.81,BTC-27DEC19,1574765942789,open,1.5,9.4,1.465,1.569,1.5147475,120.25,1.1125,0.0,BTC-27DEC19-18000-P,7156.92,0.0,0.0,0.0,0.0,0.0,0.0,0.402,-0.78282,-15.18875,1e-05,-0.99307
7157.84,SYN.BTC-6DEC19,1574765942789,open,0.2,0.3,0.182,0.2255,0.201771,94.9,0.144,0.0,BTC-6DEC19-5750-C,7156.92,0.0,0.1865,6.0,0.218,6.0,146.67,1.56862,-7.53679,1.41171,0.00012,0.9307
7157.19,SYN.BTC-29NOV19,1574765942789,open,0.67,0.0,0.644,0.7105,0.67658053,0.0,None,0.0,BTC-29NOV19-12000-P,7156.92,0.0,0.0,0.0,0.0,0.0,0.0,0.0,0.0,-0.94543,0.0,-1.0
7157.19,SYN.BTC-29NOV19,1574765942789,open,0.81,0.0,0.781,0.853,0.81629555,0.0,None,0.0,BTC-29NOV19-13000-P,7156.92,0.0,0.0,0.0,0.0,0.0,0.0,0.0,0.0,-1.02422,0.0,-1.0
7159.81,BTC-27DEC19,1574765942791,open,0.31,66.8,0.291,0.3325,0.31002823,89.7,0.4645,0.0,BTC-27DEC19-5000-C,7156.92,0.0,0.2975,13.0,0.327,13.0,124.48,2.66998,-3.87832,3.77947,7e-05,0.93406
7369.75,SYN.BTC-26JUN20,1574765942791,open,2.0,0.0,1.939,2.1095,2.01498926,91.97,None,0.0,BTC-26JUN20-22000-P,7156.92,0.0,0.11,1.0,3.225,0.7,500.0,10.85211,-2.3443,-124.69308,4e-05,-0.88607
7157.19,SYN.BTC-29NOV19,1574765942794,open,0.29,11.0,0.2675,0.3225,0.29268435,117.93,0.291,0.0,BTC-29NOV19-9250-P,7156.92,0.0,0.0065,0.1,1.093,3.0,500.0,0.14294,-2.93107,-0.72428,3e-05,-0.99176
7264.86,BTC-27MAR20,1574765942807,open,1.48,0.0,1.4345,1.563,1.49212811,91.74,1.23,0.0,BTC-27MAR20-18000-P,7156.92,0.0,0.0,0.0,0.0,0.0,0.0,5.88281,-2.21407,-58.6581,4e-05,-0.92598
7159.81,BTC-27DEC19,1574765942807,open,0.4,531.8,0.373,0.444,0.40533494,78.71,0.39,0.0,BTC-27DEC19-10000-P,7156.92,0.0,0.3435,1.0,0.555,0.5,235.4,3.36234,-4.28565,-7.97057,0.0001,-0.91069
7264.86,BTC-27MAR20,1574765942811,open,0.14,162.9,0.1065,0.1935,0.14534533,72.52,0.145,0.0,BTC-27MAR20-7000-P,7156.92,70.78,0.1415,14.8,0.148,5.0,73.73,16.01937,-4.76621,-12.81144,0.00013,-0.38279
7264.86,BTC-27MAR20,1574765942811,open,0.04,1209.0,0.0175,0.0755,0.03939308,78.85,0.043,0.0,BTC-27MAR20-12000-C,7156.92,77.64,0.0375,36.6,0.041,0.1,79.86,11.43447,-3.69891,3.68152,8e-05,0.19116
7264.86,BTC-27MAR20,1574765942811,open,0.0,646.7,0.0005,0.015,0.00300222,117.84,0.003,0.0,BTC-27MAR20-40000-C,7156.92,115.42,0.0025,6.0,0.0035,15.0,119.96,1.60819,-0.77744,0.29594,1e-05,0.0152
7159.81,BTC-27DEC19,1574765942811,open,0.0,255.7,0.0005,0.0105,1.2e-07,120.0,0.001,0.0,BTC-27DEC19-1500-P,7156.92,0.0,0.0,0.0,0.0005,77.9,212.6,0.00017,-0.00032,-1e-05,0.0,0.0
7157.84,SYN.BTC-6DEC19,1574765942811,open,0.01,60.1,0.0005,0.023,0.00722843,72.26,0.01,0.0,BTC-6DEC19-8250-C,7156.92,70.1,0.0065,17.0,0.008,30.0,74.45,2.46579,-9.02107,0.23414,0.00025,0.12813
7369.75,SYN.BTC-26JUN20,1574765942811,open,0.02,22.4,0.0045,0.045,0.01563412,99.96,0.0175,0.0,BTC-26JUN20-32000-C,7156.92,98.72,0.0145,10.0,0.017,0.9,101.4,6.84173,-1.60641,1.97463,2e-05,0.06158
7264.86,BTC-27MAR20,1574765942815,open,0.13,773.0,0.0915,0.175,0.12889949,72.79,0.1345,0.0,BTC-27MAR20-8000-C,7156.92,71.96,0.127,17.5,0.132,12.0,74.13,16.74449,-5.00005,8.81932,0.00013,0.49247
7157.19,SYN.BTC-29NOV19,1574765942815,open,0.0,216.1,0.0005,0.0105,0.00069655,119.98,0.0005,0.0,BTC-29NOV19-5750-P,7156.92,114.29,0.0005,15.5,0.0015,43.5,136.15,0.27424,-4.98533,-0.01025,6e-05,-0.01748
7264.86,BTC-27MAR20,1574765942827,open,0.35,1.1,0.322,0.3825,0.34950814,74.7,0.4535,0.0,BTC-27MAR20-5000-C,7156.92,58.87,0.331,12.0,0.3745,12.0,92.88,9.33283,-2.86,12.38923,7e-05,0.86024
7159.81,BTC-27DEC19,1574765942827,open,2.06,4.9,2.013,2.1355,2.07282962,121.42,2.217,0.0,BTC-27DEC19-22000-P,7156.92,0.0,0.0,0.0,0.0,0.0,0.0,0.0917,-0.1803,-18.60263,0.0,-0.99866
7157.84,SYN.BTC-6DEC19,1574765942829,open,0.01,100.8,0.0035,0.036,0.01506414,76.04,0.014,0.0,BTC-6DEC19-6500-P,7156.92,72.62,0.0135,53.0,0.016,33.8,78.04,3.3193,-12.7791,-0.42104,0.00031,-0.20234
7159.81,BTC-27DEC19,1574765942842,open,0.01,444.4,0.004,0.0315,0.01386031,81.54,0.012,0.0,BTC-27DEC19-5500-P,7156.92,78.99,0.0125,64.0,0.015,59.0,83.6,3.89571,-5.14398,-0.74545,0.00011,-0.10922
7159.81,BTC-27DEC19,1574765942842,open,0.25,71.4,0.2235,0.2715,0.24567921,81.53,0.25,0.0,BTC-27DEC19-5500-C,7156.92,0.0,0.2295,13.0,0.2665,13.0,113.65,3.89525,-5.14287,3.90719,0.00011,0.8908
7159.81,BTC-27DEC19,1574765942844,open,0.0,657.0,0.0005,0.0105,7.3e-06,120.0,0.0005,0.0,BTC-27DEC19-28000-C,7156.92,0.0,0.0,0.0,0.001,39.0,173.13,0.00783,-0.01521,0.00053,0.0,9e-05
7159.81,BTC-27DEC19,1574765942844,open,0.0,349.0,0.0005,0.0105,0.0,120.0,0.0005,0.0,BTC-27DEC19-48000-C,7156.92,0.0,0.0,0.0,0.001,39.0,228.31,1e-05,-1e-05,0.0,0.0,0.0
7157.19,SYN.BTC-29NOV19,1574765942844,open,0.01,414.3,0.0005,0.0265,0.00761143,78.69,0.0075,0.0,BTC-29NOV19-6750-P,7156.92,76.14,0.007,0.4,0.0085,32.2,82.31,1.73058,-23.67894,-0.1121,0.00054,-0.19119
7157.84,SYN.BTC-6DEC19,1574765942844,open,0.0,34.7,0.0005,0.012,0.00231043,79.18,0.0035,0.0,BTC-6DEC19-9000-C,7156.92,73.34,0.0015,64.0,0.003,30.0,83.27,1.12024,-4.4911,0.08309,0.0001,0.04521
7369.75,SYN.BTC-26JUN20,1574765942844,open,0.24,56.3,0.1975,0.294,0.2419624,73.68,0.22,0.0,BTC-26JUN20-7000-C,7156.92,72.11,0.2375,19.1,0.2495,11.1,76.34,20.94578,-3.62489,17.33882,9e-05,0.64536
7159.81,BTC-27DEC19,1574765942849,open,0.0,562.6,0.0005,0.0105,6e-08,120.0,0.0005,0.0,BTC-27DEC19-40000-C,7156.92,0.0,0.0,0.0,0.0005,5.8,197.18,0.0001,-0.0002,1e-05,0.0,0.0
7159.81,BTC-27DEC19,1574765942849,open,0.01,778.1,0.0005,0.016,0.00507922,98.89,0.0055,0.0,BTC-27DEC19-4500-P,7156.92,96.47,0.0045,44.0,0.0055,4.2,100.55,1.76997,-2.83437,-0.26896,4e-05,-0.03933
7264.86,BTC-27MAR20,1574765942849,open,0.0,94.5,0.0005,0.0185,0.00422499,113.42,0.004,0.0,BTC-27MAR20-34000-C,7156.92,110.8,0.0035,8.0,0.005,40.0,115.89,2.14579,-0.99842,0.41473,1e-05,0.02132
7157.19,SYN.BTC-29NOV19,1574765942849,open,0.01,1126.9,0.0005,0.0265,0.00802828,69.01,0.009,0.0,BTC-29NOV19-7500-C,7156.92,67.04,0.0075,0.4,0.009,32.2,72.55,1.93711,-23.24302,0.12614,0.0007,0.23173
7369.75,SYN.BTC-26JUN20,1574765942849,open,0.02,14.8,0.006,0.0525,0.01972603,97.24,0.023,0.0,BTC-26JUN20-28000-C,7156.92,95.15,0.0175,30.0,0.022,25.0,99.24,8.11985,-1.85445,2.45724,3e-05,0.0769
7264.86,BTC-27MAR20,1574765942851,open,3.66,0.0,3.5895,3.7925,3.68445515,113.98,None,0.0,BTC-27MAR20-34000-P,7156.92,0.0,0.0,0.0,0.0,0.0,0.0,2.2037,-1.03043,-113.10082,1e-05,-0.978
7157.84,SYN.BTC-6DEC19,1574765942851,open,0.36,0.0,0.3355,0.395,0.36311145,87.75,None,0.0,BTC-6DEC19-9750-P,7156.92,0.0,0.0,0.0,0.0,0.0,0.0,0.5523,-2.45364,-2.60259,5e-05,-0.98073
7157.19,SYN.BTC-29NOV19,1574765942851,open,0.0,888.5,0.0005,0.02,0.00429965,90.49,0.004,0.0,BTC-29NOV19-6500-P,7156.92,88.64,0.004,0.5,0.005,33.2,94.62,1.17591,-18.50133,-0.06311,0.00032,-0.10762
7159.81,BTC-27DEC19,1574765942865,open,0.06,536.5,0.0375,0.093,0.06228004,70.77,0.064,0.0,BTC-27DEC19-7500-C,7156.92,68.79,0.06,16.4,0.0645,50.8,72.7,8.24536,-9.44986,2.35559,0.00027,0.45121
7159.82,BTC-27DEC19,1574765942896,open,0.65,0.0,0.641,0.6605,0.65090109,119.73,None,0.0,BTC-27DEC19-2500-C,7156.92,0.0,0.645,11.0,0.6595,11.0,226.06,0.05032,-0.09757,2.11012,0.0,0.9993
148.19,ETH-27MAR20,1574765942988,open,0.01,5207.0,0.001,0.026,0.008166,114.98,0.009,0.0,ETH-27MAR20-600-C,146.6,110.0,0.006,220.0,0.01,220.0,118.56,0.07099,-0.03349,0.01483,0.00084,0.03814
148.19,ETH-27MAR20,1574765942988,open,0.24,3835.0,0.185,0.304,0.243404,84.75,0.225,0.0,ETH-27MAR20-160-P,146.6,81.09,0.235,476.0,0.25,300.0,87.62,0.34029,-0.11832,-0.35044,0.00548,-0.46482
146.84,ETH-27DEC19,1574765942988,open,0.01,7003.0,0.001,0.022,0.007438,101.42,0.005,0.0,ETH-27DEC19-240-C,146.6,97.27,0.006,370.0,0.009,531.0,105.46,0.05383,-0.08842,0.00709,0.00291,0.06451
146.84,ETH-27DEC19,1574765942988,open,1.18,100.0,1.117,1.254,1.181513,120.0,0.883,0.0,ETH-27DEC19-320-P,146.6,0.0,0.011,5.0,0.0,0.0,0.0,0.02052,-0.03988,-0.26851,0.00094,-0.98018
146.84,ETH-27DEC19,1574765942988,open,0.0,4535.0,0.001,0.011,0.0,120.0,0.002,0.0,ETH-27DEC19-760-C,146.6,0.0,0.0,0.0,0.002,300.0,217.17,1e-05,-1e-05,0.0,0.0,0.0
148.19,ETH-27MAR20,1574765942988,open,0.06,1935.0,0.03,0.107,0.064653,91.47,0.069,0.0,ETH-27MAR20-240-C,146.6,89.5,0.061,200.0,0.068,591.0,93.25,0.27694,-0.10392,0.09593,0.00413,0.25852
146.62,SYN.ETH-29NOV19,1574765942988,open,0.0,359.0,0.001,0.011,0.0,120.0,0.002,0.0,ETH-29NOV19-280-C,146.6,0.0,0.0,0.0,0.001,2.0,303.47,0.0,0.0,0.0,0.0,0.0
149.48,SYN.ETH-26JUN20,1574765942988,open,0.04,664.0,0.016,0.087,0.044204,99.96,0.045,0.0,ETH-26JUN20-440-C,146.6,98.14,0.041,140.0,0.048,140.0,102.05,0.26726,-0.06275,0.09304,0.00205,0.15093
146.62,SYN.ETH-29NOV19,1574765942988,open,0.0,2386.0,0.001,0.011,0.0,120.0,0.001,0.0,ETH-29NOV19-240-C,146.6,0.0,0.0,0.0,0.001,1.0,241.41,0.0,-1e-05,0.0,0.0,0.0
146.84,ETH-27DEC19,1574765942990,open,0.03,2528.0,0.012,0.061,0.033065,86.81,0.03,0.0,ETH-27DEC19-180-C,146.6,83.44,0.03,806.0,0.036,250.0,89.96,0.13519,-0.19005,0.02672,0.00854,0.24818
149.48,SYN.ETH-26JUN20,1574765942990,open,0.24,103.0,0.173,0.288,0.231319,85.56,0.218,0.0,ETH-26JUN20-160-C,146.6,83.77,0.226,477.0,0.239,477.0,88.15,0.44428,-0.08928,0.31104,0.00398,0.58809
146.68,SYN.ETH-6DEC19,1574765942990,open,0.02,343.0,0.003,0.039,0.016033,89.44,0.016,0.0,ETH-6DEC19-130-P,146.6,84.73,0.014,503.0,0.018,160.0,93.84,0.06455,-0.29228,-0.008,0.0124,-0.18567
146.84,ETH-27DEC19,1574765942992,open,0.51,2830.0,0.459,0.565,0.509207,95.57,0.65,0.0,ETH-27DEC19-220-P,146.6,0.0,0.498,51.0,0.535,17.0,134.27,0.07172,-0.11101,-0.17577,0.00411,-0.90582
146.84,ETH-27DEC19,1574765942992,open,0.01,3827.0,0.001,0.025,0.010108,99.32,0.011,0.0,ETH-27DEC19-100-P,146.6,96.42,0.009,405.0,0.011,210.0,101.56,0.05747,-0.09243,-0.00997,0.00317,-0.0702
146.84,ETH-27DEC19,1574765942994,open,0.07,4410.0,0.041,0.111,0.073657,84.18,0.069,0.0,ETH-27DEC19-140-P,146.6,80.86,0.07,788.0,0.078,260.0,88.11,0.16202,-0.22085,-0.05579,0.01055,-0.37553
148.19,ETH-27MAR20,1574765942994,open,0.48,20.0,0.455,0.509,0.481667,89.9,0.613,0.0,ETH-27MAR20-80-C,146.6,0.0,0.46,1.0,0.0,0.0,0.0,0.12002,-0.04427,0.21985,0.00182,0.92597
148.19,ETH-27MAR20,1574765942996,open,0.03,1032.0,0.01,0.064,0.031183,97.03,0.034,0.0,ETH-27MAR20-320-C,146.6,93.63,0.027,560.0,0.035,260.0,99.96,0.18806,-0.07486,0.0525,0.00264,0.13728
146.62,SYN.ETH-29NOV19,1574765943001,open,1.18,0.0,1.12,1.25,1.182478,0.0,None,0.0,ETH-29NOV19-320-P,146.6,0.0,0.01,50.0,0.0,0.0,0.0,0.0,0.0,-0.02521,0.0,-1.0
146.84,ETH-27DEC19,1574765943003,open,1.31,0.0,1.249,1.392,1.316848,120.0,None,0.0,ETH-27DEC19-340-P,146.6,0.0,0.003,9.0,0.0,0.0,0.0,0.01414,-0.02748,-0.28619,0.00065,-0.98716
146.68,SYN.ETH-6DEC19,1574765943003,open,0.3,0.0,0.259,0.346,0.299771,98.99,None,0.0,ETH-6DEC19-190-P,146.6,0.0,0.011,2.0,0.0,0.0,0.0,0.03088,-0.15474,-0.04897,0.00536,-0.93422
146.84,ETH-27DEC19,1574765943005,open,1.59,0.0,1.513,1.67,1.588393,120.0,None,0.0,ETH-27DEC19-380-P,146.6,0.0,0.02,50.0,0.0,0.0,0.0,0.0066,-0.01283,-0.32084,0.0003,-0.99461
146.84,ETH-27DEC19,1574765943007,open,0.0,16677.0,0.001,0.011,2e-06,120.0,0.001,0.0,ETH-27DEC19-640-C,146.6,0.0,0.0,0.0,0.002,300.0,198.54,5e-05,-9e-05,0.0,0.0,3e-05
148.19,ETH-27MAR20,1574765943009,open,0.02,834.0,0.008,0.042,0.021514,89.9,0.01,0.0,ETH-27MAR20-80-P,146.6,86.72,0.019,320.0,0.024,320.0,92.91,0.12002,-0.04427,-0.04728,0.00182,-0.07403
146.62,SYN.ETH-29NOV19,1574765943009,open,0.0,71.0,0.001,0.011,9.8e-05,120.0,0.001,0.0,ETH-29NOV19-110-P,146.6,0.0,0.0,0.0,0.002,551.0,180.37,0.00118,-0.01441,-4e-05,0.00058,-0.00297
146.62,SYN.ETH-29NOV19,1574765943009,open,0.0,2491.0,0.001,0.011,6.4e-05,120.0,0.001,0.0,ETH-29NOV19-200-C,146.6,0.0,0.0,0.0,0.001,20.0,163.95,0.00087,-0.00938,2e-05,0.00043,0.00211
146.62,SYN.ETH-29NOV19,1574765943009,open,0.01,1080.0,0.001,0.025,0.006164,91.75,0.005,0.0,ETH-29NOV19-160-C,146.6,85.94,0.005,49.0,0.008,549.0,100.16,0.0305,-0.48662,0.00168,0.01963,0.15118
149.48,SYN.ETH-26JUN20,1574765943009,open,0.2,426.0,0.136,0.252,0.194017,86.53,0.19,0.0,ETH-26JUN20-180-C,146.6,85.21,0.19,210.0,0.202,481.0,89.15,0.45487,-0.09245,0.28389,0.00403,0.51965
149.48,SYN.ETH-26JUN20,1574765943009,open,3.3,0.0,3.166,3.467,3.306843,108.31,None,0.0,ETH-26JUN20-640-P,146.6,0.0,0.01,50.0,0.0,0.0,0.0,0.18442,-0.04691,-3.67686,0.00131,-0.91063
146.84,ETH-27DEC19,1574765943011,open,3.9,0.0,3.761,4.054,3.903297,120.0,None,0.0,ETH-27DEC19-720-P,146.6,0.0,0.004,50.0,0.0,0.0,0.0,1e-05,-2e-05,-0.60905,0.0,-0.99999
148.19,ETH-27MAR20,1574765943011,open,2.25,0.0,2.149,2.369,2.252155,108.86,None,0.0,ETH-27MAR20-480-P,146.6,0.0,0.004,50.0,0.0,0.0,0.0,0.10214,-0.04562,-1.57948,0.00128,-0.9399
149.48,SYN.ETH-26JUN20,1574765943011,open,0.29,90.0,0.224,0.334,0.280354,85.36,0.282,0.0,ETH-26JUN20-140-C,146.6,83.08,0.274,472.0,0.287,210.0,87.75,0.41584,-0.08337,0.33545,0.00374,0.66512
149.48,SYN.ETH-26JUN20,1574765943011,open,2.24,0.0,2.134,2.381,2.249605,101.76,None,0.0,ETH-26JUN20-480-P,146.6,0.0,0.01,50.0,0.0,0.0,0.0,0.24524,-0.05861,-2.71717,0.00185,-0.86707
148.19,ETH-27MAR20,1574765943013,open,0.56,30.0,0.495,0.643,0.566554,90.9,0.306,0.0,ETH-27MAR20-220-P,146.6,68.86,0.525,300.0,0.586,1.0,100.2,0.30303,-0.11301,-0.62067,0.00455,-0.6878
148.19,ETH-27MAR20,1574765943013,open,0.38,1.0,0.338,0.412,0.375558,87.08,0.337,0.0,ETH-27MAR20-100-C,146.6,38.49,0.328,2.0,0.0,0.0,0.0,0.20031,-0.07156,0.2344,0.00314,0.84927
149.48,SYN.ETH-26JUN20,1574765943013,open,2.5,0.0,2.391,2.65,2.512285,103.16,None,0.0,ETH-26JUN20-520-P,146.6,0.0,0.01,50.0,0.0,0.0,0.0,0.22477,-0.05447,-2.95977,0.00167,-0.88266
146.62,SYN.ETH-29NOV19,1574765943017,open,0.18,50.0,0.157,0.21,0.182688,120.0,0.128,0.0,ETH-29NOV19-120-C,146.6,0.0,0.181,1.0,0.266,25.0,499.54,0.00799,-0.1668,0.00913,0.00393,0.97347
146.62,SYN.ETH-29NOV19,1574765943023,open,0.0,2925.0,0.001,0.011,4e-06,120.0,0.003,0.0,ETH-29NOV19-100-P,146.6,0.0,0.0,0.0,0.002,360.0,230.34,7e-05,-0.00052,0.0,3e-05,-0.00013
146.68,SYN.ETH-6DEC19,1574765943023,open,0.23,0.0,0.194,0.279,0.234193,92.7,None,0.0,ETH-6DEC19-180-P,146.6,0.0,0.001,9.0,0.0,0.0,0.0,0.04317,-0.2026,-0.0449,0.008,-0.89731
7157.84,SYN.BTC-6DEC19,1574765943027,open,0.27,0.0,0.252,0.2895,0.26910408,108.65,None,0.0,BTC-6DEC19-5250-C,7156.92,0.0,0.259,6.0,0.2825,6.0,169.69,0.89037,-4.89802,1.34948,6e-05,0.96591
7157.84,SYN.BTC-6DEC19,1574765943029,open,0.0,0.4,0.0005,0.0125,0.00254185,108.47,0.0025,0.0,BTC-6DEC19-5250-P,7156.92,103.78,0.002,50.0,0.003,1.0,112.0,0.88576,-4.86422,-0.07054,6e-05,-0.03388
146.68,SYN.ETH-6DEC19,1574765943038,open,0.32,0.0,0.298,0.343,0.319843,120.0,None,0.0,ETH-6DEC19-100-C,146.6,0.0,0.0,0.0,0.0,0.0,0.0,0.01203,-0.07309,0.02617,0.00172,0.97929
146.68,SYN.ETH-6DEC19,1574765943041,open,0.0,103.0,0.001,0.011,0.001614,120.0,0.002,0.0,ETH-6DEC19-100-P,146.6,0.0,0.0,0.0,0.004,500.0,141.6,0.01203,-0.07309,-0.00089,0.00172,-0.02071
149.48,SYN.ETH-26JUN20,1574765943047,open,0.12,474.0,0.072,0.18,0.123413,90.26,0.132,0.0,ETH-26JUN20-240-C,146.6,88.37,0.118,180.0,0.129,463.0,92.19,0.42952,-0.09106,0.21157,0.00365,0.36609
148.19,ETH-27MAR20,1574765943050,open,0.22,35.0,0.164,0.261,0.213345,83.07,0.198,0.0,ETH-27MAR20-140-C,146.6,79.68,0.206,257.0,0.224,257.0,88.01,0.32036,-0.10918,0.21111,0.00526,0.64
146.68,SYN.ETH-6DEC19,1574765943050,open,0.01,136.0,0.001,0.024,0.00762,98.69,0.007,0.0,ETH-6DEC19-120-P,146.6,92.5,0.006,350.0,0.009,250.0,103.52,0.04039,-0.20182,-0.00402,0.00703,-0.09379
149.48,SYN.ETH-26JUN20,1574765943050,open,0.14,555.0,0.088,0.2,0.142206,89.09,0.13,0.0,ETH-26JUN20-220-C,146.6,87.0,0.136,460.0,0.148,460.0,91.04,0.44376,-0.09286,0.23339,0.00382,0.40991
148.19,ETH-27MAR20,1574765943054,open,1.98,0.0,1.888,2.095,1.984552,105.97,None,0.0,ETH-27MAR20-440-P,146.6,0.0,0.003,50.0,0.0,0.0,0.0,0.11578,-0.05034,-1.44185,0.00149,-0.92936
146.84,ETH-27DEC19,1574765943057,open,0.0,6668.0,0.001,0.011,5.5e-05,120.0,0.001,0.0,ETH-27DEC19-480-C,146.6,0.0,0.0,0.0,0.001,15.0,153.89,0.00096,-0.00186,7e-05,4e-05,0.00064
149.48,SYN.ETH-26JUN20,1574765943057,open,2.77,0.0,2.648,2.922,2.776537,104.94,None,0.0,ETH-26JUN20-560-P,146.6,0.0,0.01,50.0,0.0,0.0,0.0,0.20918,-0.05156,-3.19993,0.00153,-0.89388
146.62,SYN.ETH-29NOV19,1574765943057,open,0.91,0.0,0.855,0.968,0.909668,0.0,None,0.0,ETH-29NOV19-280-P,146.6,0.0,0.01,50.0,0.0,0.0,0.0,0.0,0.0,-0.02206,0.0,-1.0
146.68,SYN.ETH-6DEC19,1574765943057,open,0.36,0.0,0.325,0.412,0.365958,101.61,None,0.0,ETH-6DEC19-200-P,146.6,0.0,0.0,0.0,0.0,0.0,0.0,0.02004,-0.10309,-0.05269,0.00339,-0.96177
146.62,SYN.ETH-29NOV19,1574765943057,open,0.0,4018.0,0.001,0.011,1.2e-05,120.0,0.002,0.0,ETH-29NOV19-210-C,146.6,0.0,0.0,0.0,0.002,500.0,205.43,0.00021,-0.0018,1e-05,0.0001,0.00045
148.19,ETH-27MAR20,1574765943059,open,1.45,6.0,1.368,1.551,1.453834,100.89,1.188,0.0,ETH-27MAR20-360-P,146.6,0.0,0.01,30.0,0.0,0.0,0.0,0.16011,-0.06627,-1.16019,0.00216,-0.89086
146.62,SYN.ETH-29NOV19,1574765943059,open,0.1,583.0,0.062,0.136,0.097403,91.75,0.101,0.0,ETH-29NOV19-160-P,146.6,79.12,0.095,40.0,0.103,40.0,115.61,0.0305,-0.48663,-0.01093,0.01963,-0.84882
149.48,SYN.ETH-26JUN20,1574765943059,open,0.05,652.0,0.02,0.096,0.05157,98.08,0.048,0.0,ETH-26JUN20-400-C,146.6,96.23,0.048,140.0,0.055,140.0,99.81,0.2929,-0.06748,0.10649,0.00229,0.17372
146.68,SYN.ETH-6DEC19,1574765943059,open,0.0,213.0,0.001,0.015,0.003835,110.75,0.003,0.0,ETH-6DEC19-110-P,146.6,97.44,0.002,500.0,0.006,250.0,122.54,0.02384,-0.13367,-0.00203,0.0037,-0.04739
148.19,ETH-27MAR20,1574765943061,open,0.13,98.0,0.079,0.174,0.125726,85.88,0.131,0.0,ETH-27MAR20-180-C,146.6,83.81,0.121,273.0,0.131,300.0,88.19,0.33811,-0.11913,0.15692,0.00537,0.44286
146.84,ETH-27DEC19,1574765943061,open,1.72,15.0,1.645,1.81,1.724393,120.0,1.248,0.0,ETH-27DEC19-400-P,146.6,0.0,0.002,50.0,0.0,0.0,0.0,0.00449,-0.00872,-0.33797,0.00021,-0.9965
146.84,ETH-27DEC19,1574765943061,open,1.99,0.0,1.91,2.09,1.996594,120.0,None,0.0,ETH-27DEC19-440-P,146.6,0.0,0.002,50.0,0.0,0.0,0.0,0.00207,-0.00402,-0.37203,9e-05,-0.99851
146.84,ETH-27DEC19,1574765943061,open,2.26,21.0,2.174,2.37,2.268919,120.0,0.629,0.0,ETH-27DEC19-480-P,146.6,0.0,0.002,50.0,0.0,0.0,0.0,0.00096,-0.00186,-0.40596,4e-05,-0.99936
149.48,SYN.ETH-26JUN20,1574765943061,open,0.03,414.0,0.007,0.059,0.025422,108.31,0.024,0.0,ETH-26JUN20-640-C,146.6,105.42,0.022,140.0,0.029,440.0,111.1,0.18442,-0.04691,0.05575,0.00131,0.08937
149.48,SYN.ETH-26JUN20,1574765943061,open,0.17,450.0,0.107,0.221,0.16295,87.07,0.165,0.0,ETH-26JUN20-200-C,146.6,86.1,0.16,486.0,0.165,105.0,87.75,0.45291,-0.09262,0.25727,0.00399,0.45805
148.19,ETH-27MAR20,1574765943063,open,0.01,2340.0,0.001,0.029,0.010025,109.37,0.011,0.0,ETH-27MAR20-520-C,146.6,105.57,0.008,220.0,0.012,220.0,112.64,0.08466,-0.03799,0.01851,0.00106,0.04742
146.68,SYN.ETH-6DEC19,1574765943063,open,0.07,707.0,0.034,0.106,0.068305,84.83,0.061,0.0,ETH-6DEC19-150-P,146.6,79.77,0.065,145.0,0.074,358.0,93.54,0.09586,-0.41171,-0.02399,0.01941,-0.53617
146.84,ETH-27DEC19,1574765943068,open,2.54,37.0,2.439,2.651,2.541292,120.0,0.707,0.0,ETH-27DEC19-520-P,146.6,0.0,0.003,50.0,0.0,0.0,0.0,0.00045,-0.00087,-0.43984,2e-05,-0.99972
146.68,SYN.ETH-6DEC19,1574765943108,open,0.19,0.0,0.159,0.219,0.189495,98.69,None,0.0,ETH-6DEC19-120-C,146.6,0.0,0.181,1.0,0.273,25.0,282.56,0.04039,-0.20182,0.02844,0.00703,0.90621
149.48,SYN.ETH-26JUN20,1574765943120,open,1.46,0.0,1.37,1.582,1.470549,96.51,None,0.0,ETH-26JUN20-360-P,146.6,0.0,0.015,2.0,1.479,1.0,100.31,0.32431,-0.07351,-1.97518,0.00258,-0.79505
146.68,SYN.ETH-6DEC19,1574765943126,open,0.01,333.0,0.001,0.024,0.007005,92.7,0.007,0.0,ETH-6DEC19-180-C,146.6,85.35,0.005,550.0,0.009,252.0,99.09,0.04317,-0.2026,0.0038,0.008,0.10269
146.62,SYN.ETH-29NOV19,1574765943129,open,0.12,10.0,0.087,0.148,0.117364,104.49,0.063,0.0,ETH-29NOV19-130-C,146.6,0.0,0.113,1.0,0.12,40.0,120.85,0.02105,-0.38244,0.00916,0.01189,0.91048
146.62,SYN.ETH-29NOV19,1574765943135,open,0.32,2.0,0.297,0.338,0.317979,120.0,0.344,0.0,ETH-29NOV19-100-C,146.6,0.0,0.01,50.0,0.357,1.0,500.0,7e-05,-0.00141,0.00788,3e-05,0.99987
149.48,SYN.ETH-26JUN20,1574765943135,open,1.21,0.0,1.121,1.321,1.216275,94.34,1.06,0.0,ETH-26JUN20-320-P,146.6,0.0,0.015,2.0,1.231,1.0,100.33,0.35742,-0.0792,-1.72019,0.00291,-0.75683
146.84,ETH-27DEC19,1574765943155,open,0.15,13747.0,0.109,0.199,0.152923,84.32,0.15,0.0,ETH-27DEC19-160-P,146.6,80.84,0.149,298.0,0.159,202.0,89.68,0.16603,-0.22671,-0.09227,0.0108,-0.58993
146.62,SYN.ETH-29NOV19,1574765943157,open,0.04,629.0,0.013,0.077,0.042814,83.48,0.038,0.0,ETH-29NOV19-150-P,146.6,72.23,0.039,244.0,0.048,269.0,98.57,0.05006,-0.7266,-0.0075,0.0354,-0.60654
146.68,SYN.ETH-6DEC19,1574765943162,open,0.17,0.0,0.131,0.215,0.171984,89.15,None,0.0,ETH-6DEC19-170-P,146.6,0.0,0.159,1.0,0.98,5.0,500.0,0.06228,-0.28112,-0.03955,0.012,-0.82459
148.19,ETH-27MAR20,1574765943182,open,0.17,858.0,0.114,0.213,0.163709,84.75,0.155,0.0,ETH-27MAR20-160-C,146.6,84.88,0.164,5.0,0.17,565.0,87.49,0.34029,-0.11832,0.18381,0.00548,0.53518
146.68,SYN.ETH-6DEC19,1574765943185,open,0.01,431.0,0.002,0.034,0.012973,89.15,0.019,0.0,ETH-6DEC19-170-C,146.6,84.37,0.011,210.0,0.015,210.0,93.8,0.06228,-0.28112,0.00645,0.012,0.17541
148.19,ETH-27MAR20,1574765943200,open,1.71,4.0,1.627,1.822,1.718292,103.41,2.048,0.0,ETH-27MAR20-400-P,146.6,0.0,1.658,7.0,1.756,7.0,133.78,0.13495,-0.05725,-1.30227,0.00178,-0.91355
146.68,SYN.ETH-6DEC19,1574765943208,open,0.13,11.0,0.096,0.162,0.12973,89.44,0.151,0.0,ETH-6DEC19-130-C,146.6,75.61,0.124,40.0,0.132,40.0,94.51,0.06455,-0.29228,0.02717,0.0124,0.81433
146.84,ETH-27DEC19,1574765943215,open,0.03,6772.0,0.01,0.053,0.028201,87.95,0.026,0.0,ETH-27DEC19-120-P,146.6,85.03,0.026,470.0,0.031,128.0,91.58,0.1119,-0.15938,-0.02581,0.00698,-0.17958
146.62,SYN.ETH-29NOV19,1574765943227,open,0.25,1.0,0.227,0.273,0.249872,120.0,0.244,0.0,ETH-29NOV19-110-C,146.6,0.0,0.0,0.0,0.309,1.0,500.0,0.00118,-0.0246,0.00863,0.00058,0.99703
146.62,SYN.ETH-29NOV19,1574765943246,open,0.23,712.0,0.192,0.27,0.228863,120.0,0.24,0.0,ETH-29NOV19-180-P,146.6,0.0,0.207,25.0,0.25,25.0,245.37,0.009,-0.18774,-0.01384,0.00443,-0.96942
146.84,ETH-27DEC19,1574765943248,open,0.06,1789.0,0.033,0.097,0.063301,84.32,0.069,0.0,ETH-27DEC19-160-C,146.6,81.39,0.06,650.0,0.067,310.0,87.58,0.16603,-0.22671,0.04307,0.0108,0.41007
146.62,SYN.ETH-29NOV19,1574765943248,open,0.16,167.0,0.126,0.203,0.162278,108.85,0.251,0.0,ETH-29NOV19-170-P,146.6,0.0,0.05,2.0,0.28,1.0,500.0,0.01729,-0.32728,-0.01263,0.00938,-0.93094
146.84,ETH-27DEC19,1574765943250,open,0.77,946.0,0.721,0.838,0.776086,107.36,0.3,0.0,ETH-27DEC19-260-P,146.6,0.0,0.77,50.0,0.0,0.0,0.0,0.042,-0.07302,-0.21476,0.00214,-0.95289
148.19,ETH-27MAR20,1574765943252,open,1.71,4.0,1.627,1.822,1.718292,103.41,2.048,0.0,ETH-27MAR20-400-P,146.6,0.0,1.659,7.0,1.756,7.0,133.78,0.13495,-0.05725,-1.30227,0.00178,-0.91355
149.48,SYN.ETH-26JUN20,1574765943265,open,0.35,142.0,0.29,0.391,0.341522,85.41,0.335,0.0,ETH-26JUN20-120-C,146.6,82.75,0.335,210.0,0.348,469.0,88.06,0.36558,-0.07334,0.35291,0.00328,0.74632
149.48,SYN.ETH-26JUN20,1574765943268,open,0.42,1.0,0.373,0.459,0.416515,85.59,0.38,0.0,ETH-26JUN20-100-C,146.6,39.08,0.341,1.0,0.0,0.0,0.0,0.29227,-0.05876,0.35775,0.00262,0.82687
146.84,ETH-27DEC19,1574765943407,open,0.0,2176.0,0.001,0.012,0.002972,116.2,0.005,0.0,ETH-27DEC19-300-C,146.6,100.68,0.001,411.0,0.005,531.0,125.92,0.0257,-0.04836,0.00285,0.00121,0.02589
146.84,ETH-27DEC19,1574765943426,open,0.0,2176.0,0.001,0.012,0.002972,116.2,0.005,0.0,ETH-27DEC19-300-C,146.6,100.68,0.001,731.0,0.005,531.0,125.92,0.0257,-0.04836,0.00285,0.00121,0.02589
146.84,ETH-27DEC19,1574765943454,open,0.21,22.0,0.177,0.244,0.210985,87.95,0.165,0.0,ETH-27DEC19-120-C,146.6,50.68,0.188,38.0,0.241,38.0,124.04,0.1119,-0.15938,0.0757,0.00698,0.82042
7265.17,BTC-27MAR20,1574765943466,open,0.08,562.7,0.0505,0.1195,0.08004874,72.72,0.073,0.0,BTC-27MAR20-6000-P,7157.23,71.07,0.077,29.1,0.083,20.1,74.31,13.42191,-4.00418,-8.07662,0.0001,-0.25289
146.84,ETH-27DEC19,1574765943466,open,0.21,22.0,0.177,0.244,0.210985,87.95,0.165,0.0,ETH-27DEC19-120-C,146.6,50.68,0.188,38.0,0.24,38.0,122.9,0.1119,-0.15938,0.0757,0.00698,0.82042
7160.13,BTC-27DEC19,1574765943660,open,0.01,1140.3,0.0005,0.017,0.00491191,84.43,0.006,0.0,BTC-27DEC19-11000-C,7157.23,83.06,0.0045,37.0,0.0055,25.8,86.27,2.21578,-3.02944,0.28518,6e-05,0.052
7157.85,SYN.BTC-6DEC19,1574765943662,open,0.0,41.3,0.0005,0.011,0.00144636,86.67,0.0015,0.0,BTC-6DEC19-9500-C,7157.23,81.92,0.001,16.0,0.002,32.1,91.42,0.75173,-3.29873,0.05102,6e-05,0.02779
7157.19,SYN.BTC-29NOV19,1574765943664,open,0.0,888.5,0.0005,0.02,0.00430339,90.51,0.004,0.0,BTC-29NOV19-6500-P,7157.23,88.64,0.004,0.5,0.005,33.1,94.62,1.17633,-18.51273,-0.06314,0.00032,-0.10767
7157.19,SYN.BTC-29NOV19,1574765943665,open,0.12,1002.5,0.096,0.147,0.11962088,79.84,0.121,0.0,BTC-29NOV19-8000-P,7157.23,56.44,0.118,6.1,0.1225,6.1,100.24,0.77974,-10.82438,-0.59619,0.00024,-0.93766
7157.19,SYN.BTC-29NOV19,1574765943666,open,0.01,414.3,0.0005,0.0265,0.00761803,78.72,0.0075,0.0,BTC-29NOV19-6750-P,7157.23,76.14,0.007,0.4,0.0085,32.1,82.31,1.731,-23.69291,-0.11215,0.00054,-0.19127
7159.82,BTC-27DEC19,1574765943668,open,0.01,444.4,0.004,0.0315,0.0138596,81.54,0.012,0.0,BTC-27DEC19-5500-P,7157.23,78.99,0.0125,64.3,0.015,59.0,83.6,3.89563,-5.1438,-0.74542,0.00011,-0.10922
7157.85,SYN.BTC-6DEC19,1574765943669,open,0.1,31.0,0.0725,0.1315,0.09968638,69.2,0.0995,0.0,BTC-6DEC19-7750-P,7157.23,65.05,0.0975,10.2,0.1025,8.0,74.38,3.82399,-13.39834,-1.62493,0.0004,-0.73935
7157.85,SYN.BTC-6DEC19,1574765943670,open,0.03,134.2,0.015,0.0625,0.03523542,70.02,0.0365,0.0,BTC-6DEC19-7000-P,7157.23,66.5,0.033,45.8,0.037,29.8,72.79,4.55121,-16.13342,-0.84451,0.00047,-0.40083
7160.13,BTC-27DEC19,1574765943688,open,0.01,1372.8,0.0005,0.0245,0.00864251,78.69,0.008,0.0,BTC-27DEC19-10000-C,7157.23,77.29,0.008,33.6,0.0095,24.0,80.47,3.36127,-4.28301,0.48833,0.0001,0.08927
7157.19,SYN.BTC-29NOV19,1574765943693,open,0.13,14.1,0.1095,0.153,0.12935307,102.98,0.135,0.0,BTC-29NOV19-6250-C,7157.23,88.32,0.128,0.1,0.131,8.0,116.15,0.788,-14.1087,0.45532,0.00019,0.93681
7157.85,SYN.BTC-6DEC19,1574765943694,open,0.06,76.8,0.033,0.085,0.05728736,70.02,0.065,0.0,BTC-6DEC19-7000-C,7157.23,65.63,0.0545,12.1,0.059,29.8,72.71,4.55121,-16.13326,1.04946,0.00047,0.59917
7157.85,SYN.BTC-6DEC19,1574765943736,open,0.01,143.6,0.0005,0.028,0.00991911,80.75,0.0095,0.0,BTC-6DEC19-6250-P,7157.23,78.18,0.009,36.4,0.011,30.1,83.67,2.60034,-10.63147,-0.28727,0.00023,-0.13841
7157.19,SYN.BTC-29NOV19,1574765943738,open,0.1,178.7,0.0745,0.121,0.09612564,90.51,0.106,0.0,BTC-29NOV19-6500-C,7157.23,79.62,0.0945,0.1,0.0975,9.4,98.4,1.17632,-18.51237,0.44897,0.00032,0.89233
7157.85,SYN.BTC-6DEC19,1574765943740,open,0.02,57.1,0.0075,0.047,0.02297962,72.15,0.0195,0.0,BTC-6DEC19-6750-P,7157.23,68.62,0.021,54.3,0.0235,3.0,73.08,4.02966,-14.72081,-0.60597,0.0004,-0.28991
7160.13,BTC-27DEC19,1574765943741,open,0.02,792.9,0.006,0.039,0.01785553,74.14,0.017,0.0,BTC-27DEC19-9000-C,7157.23,72.97,0.017,21.4,0.0185,19.3,75.01,5.27678,-6.33535,0.92364,0.00016,0.17035
7157.85,SYN.BTC-6DEC19,1574765943749,open,0.05,75.0,0.028,0.0815,0.05197572,68.55,0.0465,0.0,BTC-6DEC19-7250-P,7157.23,65.53,0.05,20.4,0.054,2.0,71.64,4.68946,-16.27497,-1.11307,0.00049,-0.52276
7264.86,BTC-27MAR20,1574765943769,open,0.1,290.7,0.0595,0.1395,0.09409089,74.53,0.0975,0.0,BTC-27MAR20-9000-C,7157.23,73.13,0.091,20.1,0.097,35.9,75.84,16.09464,-4.92097,7.15318,0.00012,0.38897
7157.85,SYN.BTC-6DEC19,1574765943770,open,0.07,75.0,0.0475,0.105,0.07382047,68.55,0.0735,0.0,BTC-6DEC19-7500-P,7157.23,64.76,0.0715,21.5,0.076,2.0,72.07,4.40595,-15.29108,-1.38192,0.00046,-0.63973
7157.85,SYN.BTC-6DEC19,1574765943782,open,0.08,48.2,0.055,0.108,0.07995828,72.15,0.0835,0.0,BTC-6DEC19-6750-C,7157.23,66.85,0.077,18.6,0.0815,6.0,74.88,4.02965,-14.72063,1.22036,0.0004,0.71009
7264.86,BTC-27MAR20,1574765943790,open,0.33,99.0,0.285,0.391,0.33293425,74.53,0.44,0.0,BTC-27MAR20-9000-P,7157.23,64.0,0.31,11.0,0.3575,8.8,85.48,16.0947,-4.92109,-22.89831,0.00012,-0.61102
7160.13,BTC-27DEC19,1574765943802,open,0.11,820.3,0.0795,0.146,0.10979595,70.8,0.106,0.0,BTC-27DEC19-7500-P,7157.23,67.07,0.1055,28.5,0.111,20.4,71.84,8.24608,-9.45434,-3.98809,0.00027,-0.54865
7157.19,SYN.BTC-29NOV19,1574765943815,open,0.19,265.7,0.1645,0.217,0.1885178,98.81,0.174,0.0,BTC-29NOV19-8500-P,7157.23,0.0,0.027,8.0,0.9885,3.0,500.0,0.40381,-6.93764,-0.6546,0.0001,-0.97236
7157.85,SYN.BTC-6DEC19,1574765943824,open,0.14,5.9,0.1135,0.1625,0.1367512,80.75,0.0915,0.0,BTC-6DEC19-6250-C,7157.23,71.16,0.1335,10.8,0.1385,6.0,85.43,2.60031,-10.63118,1.40378,0.00023,0.86159
7157.85,SYN.BTC-6DEC19,1574765943834,open,0.11,27.2,0.0825,0.134,0.10697602,76.06,0.1135,0.0,BTC-6DEC19-6500-C,7157.23,69.46,0.104,10.6,0.1085,6.0,79.3,3.31963,-12.78264,1.33757,0.00031,0.79763
7264.86,BTC-27MAR20,1574765943843,open,0.44,139.4,0.396,0.5055,0.44536721,75.8,0.44,0.0,BTC-27MAR20-10000-P,7157.23,59.49,0.4145,9.0,0.4805,8.0,92.44,14.70158,-4.57199,-27.66623,0.00011,-0.69514
7160.13,BTC-27DEC19,1574765943848,open,0.11,820.3,0.0795,0.146,0.10979595,70.8,0.106,0.0,BTC-27DEC19-7500-P,7157.23,67.07,0.1055,14.1,0.111,20.4,71.84,8.24608,-9.45434,-3.98809,0.00027,-0.54865
7157.19,SYN.BTC-29NOV19,1574765943849,open,0.25,270.5,0.233,0.2875,0.25792658,113.64,0.255,0.0,BTC-29NOV19-9000-P,7157.23,0.0,0.15,1.0,1.058,3.0,500.0,0.2152,-4.25209,-0.7019,5e-05,-0.98682
7159.82,BTC-27DEC19,1574765943850,open,0.01,444.4,0.004,0.0315,0.0138596,81.54,0.012,0.0,BTC-27DEC19-5500-P,7157.23,78.99,0.0125,64.3,0.015,62.3,83.6,3.89563,-5.1438,-0.74542,0.00011,-0.10922
7157.85,SYN.BTC-6DEC19,1574765943858,open,0.1,31.0,0.0725,0.1315,0.09968638,69.2,0.0995,0.0,BTC-6DEC19-7750-P,7157.23,65.05,0.0975,6.0,0.1025,8.0,74.38,3.82399,-13.39834,-1.62493,0.0004,-0.73935
7157.85,SYN.BTC-6DEC19,1574765943869,open,0.14,5.9,0.1135,0.1625,0.1367512,80.75,0.0915,0.0,BTC-6DEC19-6250-C,7157.23,72.74,0.134,6.0,0.1385,6.0,85.43,2.60031,-10.63118,1.40378,0.00023,0.86159
7157.85,SYN.BTC-6DEC19,1574765943871,open,0.03,175.6,0.009,0.0505,0.02601898,68.55,0.03,0.0,BTC-6DEC19-7500-C,7157.23,65.25,0.024,36.0,0.027,2.0,70.14,4.40594,-15.29087,0.64733,0.00046,0.36027
7159.82,BTC-27DEC19,1574765943886,open,0.14,156.5,0.107,0.165,0.1343125,72.4,0.1345,0.0,BTC-27DEC19-6500-C,7157.23,70.05,0.132,18.1,0.138,4.9,76.11,7.08426,-8.30585,3.50952,0.00023,0.71377
7264.86,BTC-27MAR20,1574765943882,open,0.44,139.4,0.396,0.5055,0.44536721,75.8,0.44,0.0,BTC-27MAR20-10000-P,7157.23,59.49,0.4145,9.0,0.4805,9.0,92.44,14.70158,-4.57199,-27.66623,0.00011,-0.69514
7159.82,BTC-27DEC19,1574765943892,open,0.14,156.5,0.107,0.165,0.1343125,72.4,0.1345,0.0,BTC-27DEC19-6500-C,7157.23,70.05,0.132,18.1,0.138,16.9,76.11,7.08426,-8.30585,3.50952,0.00023,0.71377
7157.19,SYN.BTC-29NOV19,1574765943894,open,0.05,609.5,0.032,0.083,0.05591848,68.98,0.054,0.0,BTC-29NOV19-7500-P,7157.23,69.28,0.056,0.1,0.0585,7.7,78.2,1.93668,-23.22905,-0.4648,0.0007,-0.76836
7157.19,SYN.BTC-29NOV19,1574765943896,open,0.12,1002.5,0.096,0.147,0.11962088,79.84,0.121,0.0,BTC-29NOV19-8000-P,7157.23,56.44,0.118,6.1,0.122,0.1,97.24,0.77974,-10.82438,-0.59619,0.00024,-0.93766
7157.19,SYN.BTC-29NOV19,1574765943893,open,0.1,178.7,0.0745,0.121,0.09612564,90.51,0.106,0.0,BTC-29NOV19-6500-C,7157.23,79.62,0.0945,0.1,0.0975,6.0,98.4,1.17632,-18.51237,0.44897,0.00032,0.89233
7157.85,SYN.BTC-6DEC19,1574765943901,open,0.05,75.0,0.028,0.0815,0.05197572,68.55,0.0465,0.0,BTC-6DEC19-7250-P,7157.23,65.53,0.05,18.0,0.054,2.0,71.64,4.68946,-16.27497,-1.11307,0.00049,-0.52276
7157.85,SYN.BTC-6DEC19,1574765943915,open,0.11,27.2,0.0825,0.134,0.10697602,76.06,0.1135,0.0,BTC-6DEC19-6500-C,7157.23,69.46,0.104,6.0,0.1085,6.0,79.3,3.31963,-12.78264,1.33757,0.00031,0.79763
148.22,ETH-27MAR20,1574765943939,open,0.02,1394.0,0.005,0.046,0.019055,103.4,0.022,0.0,ETH-27MAR20-400-C,146.63,99.88,0.016,260.0,0.022,210.0,106.51,0.13499,-0.05726,0.03336,0.00178,0.08646
146.87,ETH-27DEC19,1574765943941,open,3.9,0.0,3.761,4.054,3.903297,196.74,None,0.0,ETH-27DEC19-720-P,146.63,0.0,0.004,50.0,0.0,0.0,0.0,0.00764,-0.02434,-0.60839,0.00021,-0.99365
146.87,ETH-27DEC19,1574765943949,open,0.51,2830.0,0.459,0.565,0.509207,96.16,0.65,0.0,ETH-27DEC19-220-P,146.63,47.12,0.498,50.0,0.535,17.0,134.6,0.07273,-0.11326,-0.17558,0.00415,-0.90405
146.87,ETH-27DEC19,1574765943953,open,0.51,2830.0,0.459,0.565,0.509207,96.16,0.65,0.0,ETH-27DEC19-220-P,146.63,0.0,0.497,51.0,0.535,17.0,134.6,0.07273,-0.11326,-0.17558,0.00415,-0.90405
146.84,ETH-27DEC19,1574765943958,open,0.38,3550.0,0.331,0.432,0.379162,89.09,0.355,0.0,ETH-27DEC19-200-P,146.63,0.0,0.362,1.0,0.408,25.0,124.74,0.09685,-0.13974,-0.15343,0.00596,-0.85607
149.48,SYN.ETH-26JUN20,1574765943964,open,0.4,357.0,0.324,0.474,0.398167,86.53,0.405,0.0,ETH-26JUN20-180-P,146.63,76.62,0.368,210.0,0.425,210.0,95.36,0.45487,-0.09245,-0.76591,0.00403,-0.48035
148.22,ETH-27MAR20,1574765943967,open,0.34,1560.0,0.276,0.407,0.340383,85.96,0.476,0.0,ETH-27MAR20-180-P,146.63,76.53,0.319,300.0,0.357,300.0,93.22,0.33823,-0.11928,-0.444,0.00536,-0.55674
146.84,ETH-27DEC19,1574765944395,open,0.21,22.0,0.177,0.244,0.210985,87.95,0.165,0.0,ETH-27DEC19-120-C,146.63,48.12,0.187,38.0,0.24,38.0,122.9,0.1119,-0.15938,0.0757,0.00698,0.82042
146.84,ETH-27DEC19,1574765944406,open,0.21,22.0,0.177,0.244,0.210985,87.95,0.165,0.0,ETH-27DEC19-120-C,146.63,48.12,0.187,38.0,0.241,38.0,124.04,0.1119,-0.15938,0.0757,0.00698,0.82042
7265.25,BTC-27MAR20,1574765944441,open,0.02,1518.2,0.006,0.045,0.01819953,87.04,0.0195,0.0,BTC-27MAR20-16000-C,7157.79,85.24,0.0165,35.1,0.02,36.2,88.86,7.02494,-2.5085,1.83199,5e-05,0.09372
7160.19,BTC-27DEC19,1574765944441,open,6.23,0.8,6.12,6.41,6.26243797,190.36,3.59,0.0,BTC-27DEC19-52000-P,7157.79,0.0,0.001,1.0,0.0,0.0,0.0,0.03536,-0.10899,-43.98478,0.0,-0.99952
7160.75,BTC-27DEC19,1574765944441,open,5.68,0.0,5.5725,5.84,5.7037889,217.4,None,0.0,BTC-27DEC19-48000-P,7157.79,0.0,0.0005,1.0,0.0,0.0,0.0,0.22129,-0.77906,-40.58571,0.0,-0.99646
7160.75,BTC-27DEC19,1574765944441,open,2.89,0.2,2.834,2.9905,2.91055083,156.68,2.2765,0.0,BTC-27DEC19-28000-P,7157.79,0.0,0.0,0.0,0.0,0.0,0.0,0.18195,-0.46165,-23.67029,0.0,-0.99715
7160.75,BTC-27DEC19,1574765944441,open,5.12,0.0,5.0245,5.27,5.14513984,207.45,3.46,0.0,BTC-27DEC19-44000-P,7157.79,0.0,0.001,1.0,0.0,0.0,0.0,0.21272,-0.71464,-37.2027,0.0,-0.99661
7265.25,BTC-27MAR20,1574765944442,open,0.07,472.3,0.0385,0.1115,0.06887808,75.8,0.068,0.0,BTC-27MAR20-10000-C,7157.79,74.37,0.066,39.5,0.071,17.2,76.84,14.70269,-4.57196,5.72505,0.00011,0.30487
7160.75,BTC-27DEC19,1574765944442,open,4.01,1.3,3.9295,4.13,4.02784196,184.67,3.212,0.0,BTC-27DEC19-36000-P,7157.79,0.0,0.0,0.0,0.0,0.0,0.0,0.19564,-0.58507,-30.43667,0.0,-0.99691
7265.81,BTC-27MAR20,1574765944443,open,3.39,0.0,3.319,3.5125,3.40930206,112.64,None,0.0,BTC-27MAR20-32000-P,7157.79,0.0,0.01,2.0,0.0,0.0,0.0,2.4911,-1.15119,-106.35644,1e-05,-0.97455
7265.81,BTC-27MAR20,1574765944444,open,0.01,267.2,0.004,0.039,0.0143614,91.62,0.015,0.0,BTC-27MAR20-18000-C,7157.79,89.89,0.013,7.8,0.016,32.4,93.59,5.8643,-2.2043,1.43957,4e-05,0.0737
7265.81,BTC-27MAR20,1574765944444,open,3.12,0.0,3.0495,3.2335,3.13476485,110.77,None,0.0,BTC-27MAR20-30000-P,7157.79,0.0,0.0,0.0,0.0,0.0,0.0,2.77956,-1.26316,-99.60923,1e-05,-0.97097
7160.75,BTC-27DEC19,1574765944445,open,4.56,0.0,4.477,4.7,4.58649081,196.6,2.58,0.0,BTC-27DEC19-40000-P,7157.79,0.0,0.001,1.0,0.0,0.0,0.0,0.20414,-0.64993,-33.81969,0.0,-0.99676
7160.75,BTC-27DEC19,1574765944444,open,3.17,0.2,3.108,3.275,3.18987121,164.24,2.51,0.0,BTC-27DEC19-30000-P,7157.79,0.0,0.0,0.0,0.0,0.0,0.0,0.1842,-0.48992,-25.362,0.0,-0.99711
7370.31,SYN.BTC-26JUN20,1574765944441,open,3.34,0.0,3.262,3.472,3.35762238,100.22,None,0.0,BTC-26JUN20-32000-P,7157.79,0.0,0.0,0.0,0.0,0.0,0.0,6.90609,-1.6257,-184.63477,2e-05,-0.93769
7370.31,SYN.BTC-26JUN20,1574765944442,open,2.8,0.0,2.7315,2.925,2.81896666,97.43,None,0.0,BTC-26JUN20-28000-P,7157.79,0.0,0.0,0.0,0.0,0.0,0.0,8.17079,-1.86974,-160.82672,3e-05,-0.92248
7158.18,SYN.BTC-6DEC19,1574765944443,open,0.13,35.7,0.1015,0.1605,0.12866264,70.57,0.113,0.0,BTC-6DEC19-8000-P,7157.79,65.45,0.1265,6.0,0.1315,6.0,76.81,3.13352,-11.19563,-1.82938,0.00032,-0.81589
7370.31,SYN.BTC-26JUN20,1574765944443,open,0.05,111.7,0.023,0.096,0.0504071,84.03,0.0525,0.0,BTC-26JUN20-16000-C,7157.79,82.35,0.047,32.0,0.0535,16.0,85.51,15.15088,-2.99019,5.89377,6e-05,0.18752
7157.51,SYN.BTC-29NOV19,1574765944441,open,0.08,589.1,0.0625,0.114,0.08643402,73.46,0.088,0.0,BTC-29NOV19-7750-P,7157.79,67.79,0.0855,0.1,0.089,0.1,86.54,1.25291,-16.00398,-0.54633,0.00042,-0.88239
7370.31,SYN.BTC-26JUN20,1574765944445,open,3.07,0.0,2.9965,3.198,3.08795851,98.73,None,0.0,BTC-26JUN20-30000-P,7157.79,0.0,0.0,0.0,0.0,0.0,0.0,7.45785,-1.72944,-172.76413,2e-05,-0.9312
7160.19,BTC-27DEC19,1574765944464,open,0.07,688.6,0.0445,0.103,0.07038396,70.8,0.071,0.0,BTC-27DEC19-7000-P,7157.79,68.25,0.0675,19.6,0.072,34.8,72.22,8.12194,-9.31155,-2.94431,0.00026,-0.41573
7160.75,BTC-27DEC19,1574765944471,open,0.04,745.6,0.021,0.0695,0.04113415,71.47,0.0415,0.0,BTC-27DEC19-8000-C,7157.79,69.44,0.039,31.8,0.0425,25.3,72.76,7.57739,-8.76965,1.77321,0.00024,0.33387
148.22,ETH-27MAR20,1574765944649,open,1.71,4.0,1.626,1.822,1.71776,103.99,2.048,0.0,ETH-27MAR20-400-P,146.63,0.0,1.658,7.0,1.756,7.0,134.11,0.13706,-0.05848,-1.30165,0.0018,-0.91175
146.87,ETH-27DEC19,1574765944789,open,0.07,4410.0,0.041,0.111,0.073565,84.26,0.069,0.0,ETH-27DEC19-140-P,146.63,80.94,0.07,788.0,0.078,388.0,88.19,0.16201,-0.22106,-0.05577,0.01054,-0.37524
146.68,SYN.ETH-6DEC19,1574765944792,open,0.07,707.0,0.034,0.106,0.068305,84.83,0.061,0.0,ETH-6DEC19-150-P,146.63,79.77,0.065,25.0,0.074,358.0,93.54,0.09586,-0.41171,-0.02399,0.01941,-0.53617
146.68,SYN.ETH-6DEC19,1574765944798,open,0.07,707.0,0.034,0.106,0.068305,84.83,0.061,0.0,ETH-6DEC19-150-P,146.63,78.24,0.064,120.0,0.074,358.0,93.54,0.09586,-0.41171,-0.02399,0.01941,-0.53617
146.68,SYN.ETH-6DEC19,1574765944809,open,0.07,707.0,0.034,0.106,0.068305,84.83,0.061,0.0,ETH-6DEC19-150-P,146.63,78.24,0.064,120.0,0.073,120.0,92.01,0.09586,-0.41171,-0.02399,0.01941,-0.53617
146.68,SYN.ETH-6DEC19,1574765944813,open,0.02,356.0,0.005,0.051,0.023995,85.46,0.034,0.0,ETH-6DEC19-160-C,146.63,80.09,0.021,210.0,0.027,282.0,90.72,0.08282,-0.35835,0.01063,0.01665,0.29177
146.62,SYN.ETH-29NOV19,1574765944818,open,0.1,583.0,0.062,0.136,0.097403,91.75,0.101,0.0,ETH-29NOV19-160-P,146.63,72.86,0.094,40.0,0.103,40.0,115.61,0.0305,-0.48663,-0.01093,0.01963,-0.84882
146.68,SYN.ETH-6DEC19,1574765944818,open,0.02,356.0,0.005,0.051,0.023995,85.46,0.034,0.0,ETH-6DEC19-160-C,146.63,80.09,0.021,210.0,0.027,332.0,90.72,0.08282,-0.35835,0.01063,0.01665,0.29177
146.62,SYN.ETH-29NOV19,1574765944822,open,0.1,583.0,0.062,0.136,0.097403,91.75,0.101,0.0,ETH-29NOV19-160-P,146.63,72.86,0.094,40.0,0.102,40.0,111.67,0.0305,-0.48663,-0.01093,0.01963,-0.84882
146.68,SYN.ETH-6DEC19,1574765944827,open,0.08,322.0,0.046,0.114,0.080644,85.71,0.089,0.0,ETH-6DEC19-140-C,146.63,76.33,0.075,369.0,0.083,40.0,89.59,0.08882,-0.38541,0.02282,0.0178,0.65577
146.68,SYN.ETH-6DEC19,1574765944835,open,0.08,322.0,0.046,0.114,0.080644,85.71,0.089,0.0,ETH-6DEC19-140-C,146.63,76.33,0.075,369.0,0.084,120.0,91.23,0.08882,-0.38541,0.02282,0.0178,0.65577
146.62,SYN.ETH-29NOV19,1574765944832,open,0.12,10.0,0.087,0.148,0.117364,104.49,0.063,0.0,ETH-29NOV19-130-C,146.63,0.0,0.113,41.0,0.12,40.0,120.85,0.02105,-0.38244,0.00916,0.01189,0.91048
146.68,SYN.ETH-6DEC19,1574765944839,open,0.07,707.0,0.034,0.106,0.068305,84.83,0.061,0.0,ETH-6DEC19-150-P,146.63,78.24,0.064,333.0,0.073,120.0,92.01,0.09586,-0.41171,-0.02399,0.01941,-0.53617
146.87,ETH-27DEC19,1574765944837,open,0.15,13747.0,0.109,0.198,0.152771,84.45,0.15,0.0,ETH-27DEC19-160-P,146.63,80.98,0.149,298.0,0.159,298.0,89.81,0.16613,-0.2272,-0.09221,0.01078,-0.58931
146.84,ETH-27DEC19,1574765944841,open,0.03,6772.0,0.01,0.053,0.028201,87.95,0.026,0.0,ETH-27DEC19-120-P,146.63,85.03,0.026,342.0,0.031,128.0,91.58,0.1119,-0.15938,-0.02581,0.00698,-0.17958
146.68,SYN.ETH-6DEC19,1574765944841,open,0.07,707.0,0.034,0.106,0.068305,84.83,0.061,0.0,ETH-6DEC19-150-P,146.63,78.24,0.064,333.0,0.073,333.0,92.01,0.09586,-0.41171,-0.02399,0.01941,-0.53617
146.68,SYN.ETH-6DEC19,1574765944847,open,0.13,11.0,0.096,0.162,0.12973,89.44,0.151,0.0,ETH-6DEC19-130-C,146.63,78.16,0.125,40.0,0.132,40.0,94.51,0.06455,-0.29228,0.02717,0.0124,0.81433
146.68,SYN.ETH-6DEC19,1574765944855,open,0.13,11.0,0.096,0.162,0.12973,89.44,0.151,0.0,ETH-6DEC19-130-C,146.63,78.16,0.125,65.0,0.132,40.0,94.51,0.06455,-0.29228,0.02717,0.0124,0.81433
146.68,SYN.ETH-6DEC19,1574765944859,open,0.13,11.0,0.096,0.162,0.12973,89.44,0.151,0.0,ETH-6DEC19-130-C,146.63,78.16,0.125,65.0,0.132,65.0,94.51,0.06455,-0.29228,0.02717,0.0124,0.81433
146.68,SYN.ETH-6DEC19,1574765944873,open,0.13,11.0,0.096,0.162,0.12973,89.44,0.151,0.0,ETH-6DEC19-130-C,146.63,78.16,0.125,65.0,0.132,40.0,94.51,0.06455,-0.29228,0.02717,0.0124,0.81433
7157.51,SYN.BTC-29NOV19,1574765944890,open,0.04,501.3,0.015,0.062,0.03721226,70.44,0.039,0.0,BTC-29NOV19-7000-C,7157.79,66.74,0.036,0.4,0.039,28.2,75.86,2.35152,-28.79948,0.34594,0.00083,0.65068
7158.18,SYN.BTC-6DEC19,1574765944944,open,0.13,35.7,0.1015,0.1605,0.12866264,70.57,0.113,0.0,BTC-6DEC19-8000-P,7157.79,64.21,0.126,6.0,0.1315,6.0,76.81,3.13352,-11.19563,-1.82938,0.00032,-0.81589
146.87,ETH-27DEC19,1574765944945,open,4.17,1.0,4.025,4.335,4.175702,203.35,3.236,0.0,ETH-27DEC19-760-P,146.66,0.0,0.02,50.0,0.0,0.0,0.0,0.0078,-0.02569,-0.64221,0.00021,-0.9935
146.9,ETH-27DEC19,1574765944945,open,1.45,257.0,1.381,1.531,1.452518,131.26,0.995,0.0,ETH-27DEC19-360-P,146.66,0.0,0.021,5.0,0.0,0.0,0.0,0.01664,-0.03538,-0.30283,0.00069,-0.9845
148.25,ETH-27MAR20,1574765944945,open,3.05,0.0,2.932,3.196,3.056208,116.62,None,0.0,ETH-27MAR20-600-P,146.66,0.0,0.03,50.0,0.0,0.0,0.0,0.07552,-0.03613,-1.98752,0.00088,-0.95886
146.9,ETH-27DEC19,1574765944945,open,3.35,0.0,3.232,3.493,3.358487,195.97,None,0.0,ETH-27DEC19-640-P,146.66,0.0,0.02,50.0,0.0,0.0,0.0,0.01218,-0.03867,-0.54026,0.00034,-0.98919
146.9,ETH-27DEC19,1574765944945,open,2.54,37.0,2.437,2.649,2.540569,157.75,0.707,0.0,ETH-27DEC19-520-P,146.66,0.0,0.003,50.0,0.0,0.0,0.0,0.00702,-0.01793,-0.43925,0.00024,-0.99423
146.9,ETH-27DEC19,1574765944945,open,1.59,0.0,1.512,1.67,1.587866,128.96,None,0.0,ETH-27DEC19-380-P,146.66,0.0,0.02,50.0,0.0,0.0,0.0,0.01087,-0.02269,-0.3204,0.00046,-0.99052
146.9,ETH-27DEC19,1574765944945,open,2.81,0.0,2.702,2.93,2.812906,166.4,0.845,0.0,ETH-27DEC19-560-P,146.66,0.0,0.02,50.0,0.0,0.0,0.0,0.00707,-0.01905,-0.47308,0.00023,-0.99418
148.25,ETH-27MAR20,1574765944945,open,2.78,0.0,2.67,2.918,2.786624,112.68,None,0.0,ETH-27MAR20-560-P,146.66,0.0,0.02,50.0,0.0,0.0,0.0,0.07844,-0.03626,-1.8531,0.00095,-0.95689
148.25,ETH-27MAR20,1574765944946,open,2.25,0.0,2.148,2.369,2.251509,109.78,None,0.0,ETH-27MAR20-480-P,146.66,0.0,0.004,50.0,0.0,0.0,0.0,0.10523,-0.04739,-1.57866,0.00131,-0.9376
146.9,ETH-27DEC19,1574765944946,open,3.9,0.0,3.759,4.052,3.902295,196.72,None,0.0,ETH-27DEC19-720-P,146.66,0.0,0.004,50.0,0.0,0.0,0.0,0.00764,-0.02433,-0.60839,0.00021,-0.99365
146.9,ETH-27DEC19,1574765944946,open,1.72,15.0,1.644,1.809,1.723837,132.16,1.248,0.0,ETH-27DEC19-400-P,146.66,0.0,0.002,50.0,0.0,0.0,0.0,0.00925,-0.0198,-0.33749,0.00038,-0.99211
146.9,ETH-27DEC19,1574765944946,open,3.08,0.0,2.968,3.212,3.086084,187.61,0.953,0.0,ETH-27DEC19-600-P,146.66,0.0,0.02,50.0,0.0,0.0,0.0,0.01193,-0.03626,-0.50644,0.00035,-0.98945
148.25,ETH-27MAR20,1574765944947,open,2.51,0.0,2.408,2.642,2.518331,110.57,None,0.0,ETH-27MAR20-520-P,146.66,0.0,0.006,50.0,0.0,0.0,0.0,0.08838,-0.04009,-1.71687,0.00109,-0.94998
146.9,ETH-27DEC19,1574765944946,open,1.99,0.0,1.908,2.089,1.995983,139.99,None,0.0,ETH-27DEC19-440-P,146.66,0.0,0.002,50.0,0.0,0.0,0.0,0.00766,-0.01737,-0.3715,0.0003,-0.99363
148.25,ETH-27MAR20,1574765944948,open,1.98,0.0,1.887,2.094,1.983962,106.72,None,0.0,ETH-27MAR20-440-P,146.66,0.0,0.003,50.0,0.0,0.0,0.0,0.11844,-0.05185,-1.44111,0.00151,-0.92728
146.9,ETH-27DEC19,1574765944948,open,2.26,21.0,2.174,2.37,2.268919,159.44,0.629,0.0,ETH-27DEC19-480-P,146.66,0.0,0.002,50.0,0.0,0.0,0.0,0.01152,-0.02973,-0.40495,0.0004,-0.98987
146.9,ETH-27DEC19,1574765944955,open,0.64,2355.0,0.589,0.701,0.64187,103.14,0.495,0.0,ETH-27DEC19-240-P,146.66,0.0,0.633,50.0,0.0,0.0,0.0,0.05647,-0.09431,-0.1955,0.003,-0.93142
146.65,SYN.ETH-29NOV19,1574765944958,open,0.25,1.0,0.227,0.271,0.249872,0.0,0.244,0.0,ETH-29NOV19-110-C,146.66,0.0,0.0,0.0,0.31,1.0,500.0,0.0,0.0,0.00867,0.0,1.0
7160.75,BTC-27DEC19,1574765944956,open,0.02,792.9,0.006,0.039,0.01786232,74.13,0.017,0.0,BTC-27DEC19-9000-C,7157.79,72.95,0.017,21.4,0.019,19.3,75.66,5.27856,-6.33674,0.92408,0.00016,0.17042
7157.51,SYN.BTC-29NOV19,1574765944965,open,0.13,14.1,0.1095,0.153,0.12935322,102.65,0.135,0.0,BTC-29NOV19-6250-C,7157.79,87.82,0.128,0.1,0.131,2.0,115.9,0.78201,-13.95749,0.45568,0.00019,0.93743
7157.51,SYN.BTC-29NOV19,1574765944967,open,0.13,14.1,0.1095,0.153,0.12935322,102.65,0.135,0.0,BTC-29NOV19-6250-C,7157.79,87.82,0.128,0.1,0.1315,6.0,119.42,0.78201,-13.95749,0.45568,0.00019,0.93743
146.9,ETH-27DEC19,1574765944969,open,0.38,3550.0,0.331,0.432,0.379162,89.85,0.355,0.0,ETH-27DEC19-200-P,146.66,0.0,0.361,1.0,0.408,25.0,125.25,0.09821,-0.1429,-0.15313,0.00599,-0.85316
7158.18,SYN.BTC-6DEC19,1574765944967,open,0.05,75.0,0.028,0.0815,0.05197552,68.59,0.0465,0.0,BTC-6DEC19-7250-P,7157.79,64.81,0.0495,31.2,0.054,2.0,71.68,4.68981,-16.28568,-1.11273,0.00049,-0.52256
146.71,SYN.ETH-6DEC19,1574765944982,open,0.17,0.0,0.131,0.216,0.171984,89.63,None,0.0,ETH-6DEC19-170-P,146.66,0.0,0.158,1.0,0.98,5.0,500.0,0.06271,-0.28457,-0.03948,0.01202,-0.82274
7160.75,BTC-27DEC19,1574765944986,open,0.16,953.6,0.126,0.1965,0.158468,71.59,0.151,0.0,BTC-27DEC19-8000-P,7157.79,66.37,0.153,14.4,0.16,18.4,73.04,7.58101,-8.7892,-4.99242,0.00024,-0.66572
146.71,SYN.ETH-6DEC19,1574765944989,open,0.19,0.0,0.16,0.219,0.189495,98.15,None,0.0,ETH-6DEC19-120-C,146.66,0.0,0.182,1.0,0.273,25.0,282.38,0.04,-0.19877,0.0285,0.007,0.90748
149.51,SYN.ETH-26JUN20,1574765944992,open,1.21,0.0,1.12,1.321,1.216275,94.51,1.06,0.0,ETH-26JUN20-320-P,146.66,0.0,0.015,2.0,1.23,1.0,100.09,0.35819,-0.07951,-1.71978,0.00291,-0.75596
149.51,SYN.ETH-26JUN20,1574765944999,open,0.42,1.0,0.373,0.459,0.416515,85.55,0.38,0.0,ETH-26JUN20-100-C,146.66,39.95,0.342,1.0,0.0,0.0,0.0,0.29221,-0.05871,0.35793,0.00262,0.82698
7160.75,BTC-27DEC19,1574765944997,open,0.16,953.6,0.126,0.1965,0.158468,71.59,0.151,0.0,BTC-27DEC19-8000-P,7157.79,66.37,0.153,14.4,0.1595,14.4,72.57,7.58101,-8.7892,-4.99242,0.00024,-0.66572
7158.18,SYN.BTC-6DEC19,1574765945006,open,0.1,31.0,0.0725,0.1315,0.09968595,69.28,0.0995,0.0,BTC-6DEC19-7750-P,7157.79,64.15,0.097,6.0,0.1025,8.0,74.45,3.82706,-13.42294,-1.62426,0.0004,-0.73896
146.65,SYN.ETH-29NOV19,1574765945004,open,0.29,13.0,0.258,0.339,0.296144,129.95,0.301,0.0,ETH-29NOV19-190-P,146.66,0.0,0.004,10.0,0.382,1.0,500.0,0.00475,-0.10725,-0.01481,0.00216,-0.98564
7157.51,SYN.BTC-29NOV19,1574765945007,open,0.08,589.1,0.0625,0.114,0.08643402,73.46,0.088,0.0,BTC-29NOV19-7750-P,7157.79,67.79,0.0855,0.1,0.089,6.1,86.54,1.25291,-16.00398,-0.54633,0.00042,-0.88239
149.51,SYN.ETH-26JUN20,1574765945007,open,1.46,0.0,1.37,1.582,1.470549,96.72,None,0.0,ETH-26JUN20-360-P,146.66,0.0,0.015,2.0,1.478,1.0,100.07,0.32536,-0.07391,-1.97467,0.00258,-0.794
7157.51,SYN.BTC-29NOV19,1574765945008,open,0.12,1002.5,0.096,0.147,0.11962078,80.27,0.121,0.0,BTC-29NOV19-8000-P,7157.79,57.88,0.118,0.1,0.122,0.1,97.51,0.79071,-11.03499,-0.59558,0.00024,-0.93654
7158.18,SYN.BTC-6DEC19,1574765945010,open,0.08,48.2,0.055,0.108,0.07995837,72.1,0.0835,0.0,BTC-6DEC19-6750-C,7157.79,66.79,0.077,18.6,0.082,6.0,75.71,4.02828,-14.70514,1.22088,0.0004,0.71033
7265.86,BTC-27MAR20,1574765945196,open,2.84,0.0,2.78,2.9535,2.86016586,108.26,None,0.0,BTC-27MAR20-28000-P,7157.79,0.0,0.0,0.0,0.0,0.0,0.0,3.06142,-1.35971,-92.86069,2e-05,-0.96738
7265.86,BTC-27MAR20,1574765945196,open,2.57,0.0,2.5105,2.674,2.5855502,105.09,None,0.0,BTC-27MAR20-26000-P,7157.79,0.0,0.0,0.0,0.0,0.0,0.0,3.3391,-1.43954,-86.11001,2e-05,-0.96375
7265.25,BTC-27MAR20,1574765945211,open,0.1,290.7,0.0595,0.1395,0.09409411,74.52,0.0975,0.0,BTC-27MAR20-9000-C,7157.79,73.12,0.091,20.1,0.097,23.2,75.83,16.09582,-4.92096,7.15413,0.00012,0.389
7160.77,BTC-27DEC19,1574765945399,open,0.1,225.7,0.0655,0.1245,0.09272703,70.74,0.093,0.0,BTC-27DEC19-7000-C,7157.79,68.77,0.0905,29.0,0.0955,24.8,73.18,8.1219,-9.3035,2.97842,0.00026,0.58443
7160.77,BTC-27DEC19,1574765945485,open,0.11,820.3,0.0795,0.146,0.10970748,70.82,0.106,0.0,BTC-27DEC19-7500-P,7157.79,67.12,0.1055,10.7,0.111,20.4,71.9,8.24737,-9.45922,-3.98695,0.00027,-0.54843
146.9,ETH-27DEC19,1574765945487,open,0.0,2176.0,0.001,0.012,0.002981,116.15,0.005,0.0,ETH-27DEC19-300-C,146.66,100.63,0.001,411.0,0.005,531.0,125.86,0.02572,-0.04837,0.00285,0.00121,0.0259
7160.75,BTC-27DEC19,1574765945487,open,0.02,792.9,0.006,0.039,0.01787556,74.13,0.017,0.0,BTC-27DEC19-9000-C,7157.79,72.95,0.017,21.6,0.019,19.3,75.66,5.27856,-6.33674,0.92408,0.00016,0.17042
7160.77,BTC-27DEC19,1574765945492,open,5.68,0.0,5.5715,5.839,5.70320847,170.79,None,0.0,BTC-27DEC19-48000-P,7157.79,0.0,0.0005,1.0,0.0,0.0,0.0,0.01361,-0.03763,-40.60273,0.0,-0.99983
146.9,ETH-27DEC19,1574765945493,open,0.0,2176.0,0.001,0.012,0.002981,116.15,0.005,0.0,ETH-27DEC19-300-C,146.66,100.63,0.001,731.0,0.005,531.0,125.86,0.02572,-0.04837,0.00285,0.00121,0.0259
7160.77,BTC-27DEC19,1574765945499,open,5.12,0.0,5.024,5.269,5.14460777,163.0,3.46,0.0,BTC-27DEC19-44000-P,7157.79,0.0,0.001,1.0,0.0,0.0,0.0,0.01308,-0.03452,-37.21913,0.0,-0.99984
7265.25,BTC-27MAR20,1574765945490,open,0.23,277.8,0.1855,0.284,0.23006381,72.81,0.304,0.0,BTC-27MAR20-8000-P,7157.79,69.29,0.222,18.5,0.2355,9.1,75.15,16.74547,-5.0019,-17.89187,0.00013,-0.50743
7265.86,BTC-27MAR20,1574765945512,open,2.3,0.0,2.2405,2.396,2.31141203,102.24,None,0.0,BTC-27MAR20-24000-P,7157.79,0.0,0.01,6.0,0.0,0.0,0.0,3.76993,-1.58132,-79.31772,2e-05,-0.95792
7370.31,SYN.BTC-26JUN20,1574765945522,open,0.03,314.3,0.015,0.0555,0.03034985,75.22,0.0305,0.0,BTC-26JUN20-4000-P,7157.79,72.85,0.0275,15.0,0.033,35.0,77.36,9.01403,-1.59266,-5.10187,4e-05,-0.08833
7265.86,BTC-27MAR20,1574765945541,open,3.94,0.0,3.8585,4.0715,3.95883143,116.45,None,0.0,BTC-27MAR20-36000-P,7157.79,0.0,0.0,0.0,0.0,0.0,0.0,2.08348,-0.99539,-119.80741,1e-05,-0.97941
