underlying_price,underlying_index,timestamp,state,settlement_price,open_interest,min_price,max_price,mark_price,mark_iv,last_price,interest_rate,instrument_name,index_price,bid_iv,best_bid_price,best_bid_amount,best_ask_price,best_ask_amount,ask_iv,vega,theta,rho,gamma,delta
209.0,SYN.ETH-9AUG19,1564397940102,open,0.0,1.0,0.001,0.045,0.005057,105.69,0.006,0.0,ETH-9AUG19-160-P,208.99,94.34,0.003,300.0,0.007,841.0,114.41,0.04292,-0.20857,-0.00405,0.00312,-0.05991
9487.13,SYN.BTC-9AUG19,1564397940106,open,0.17,0.1,0.132,0.2255,0.17865818,98.15,0.2195,0.0,BTC-9AUG19-11000-P,9481.24,0.0,0.0005,5.0,0.1865,11.5,112.94,4.7872,-21.60123,-2.72362,0.00018,-0.78483
9513.92,BTC-27SEP19,1564397940162,open,0.0,671.4,0.0005,0.041,0.00101272,107.84,0.001,0.0,BTC-27SEP19-30000-C,9481.24,100.44,0.0005,15.5,0.0015,28.3,112.59,0.84022,-0.75661,0.10831,1e-05,0.00795
9513.66,BTC-27SEP19,1564397940240,open,0.14,750.5,0.0945,0.174,0.1340182,96.14,0.139,0.0,BTC-27SEP19-10000-C,9481.24,93.64,0.13,14.4,0.1365,19.4,97.67,15.33811,-12.31358,6.12618,0.00011,0.52657
9513.66,BTC-27SEP19,1564397940246,open,0.18,384.9,0.139,0.2185,0.17868642,96.14,0.183,0.0,BTC-27SEP19-9000-C,9481.24,92.73,0.1735,0.1,0.18,14.4,96.99,14.52248,-11.65895,7.07492,0.0001,0.63203
9487.13,SYN.BTC-9AUG19,1564397940277,open,0.0,116.1,0.0005,0.0425,0.00257735,101.96,0.002,0.0,BTC-9AUG19-7000-P,9481.24,92.54,0.0015,40.0,0.0035,0.1,108.33,1.25727,-5.8933,-0.10545,5e-05,-0.03473
9487.13,SYN.BTC-9AUG19,1564397940330,open,0.32,0.0,0.2765,0.356,0.31618726,109.55,None,0.0,BTC-9AUG19-6500-C,9481.24,0.0,0.0005,5.0,0.0,0.0,0.0,0.72918,-3.67256,1.88179,2e-05,0.98188
9513.66,BTC-27SEP19,1564397940394,open,0.02,364.6,0.0005,0.0535,0.01381446,100.42,0.013,0.0,BTC-27SEP19-18000-C,9481.24,98.3,0.0125,24.2,0.015,24.0,102.24,6.06111,-5.08291,1.1302,4e-05,0.08624
9487.13,SYN.BTC-9AUG19,1564397940411,open,0.0,74.2,0.0005,0.0425,0.00273189,100.2,0.005,0.0,BTC-9AUG19-13000-C,9481.24,90.67,0.0015,40.0,0.004,30.0,107.59,1.45102,-6.68456,0.10929,5e-05,0.04139
9487.13,SYN.BTC-9AUG19,1564397940414,open,0.0,33.6,0.0005,0.0415,0.00168798,101.32,0.0035,0.0,BTC-9AUG19-13500-C,9481.24,85.66,0.0005,50.0,0.003,44.6,111.46,1.01572,-4.73154,0.0711,4e-05,0.02684
9487.13,SYN.BTC-9AUG19,1564397940488,open,0.01,53.3,0.0005,0.0515,0.01191788,98.21,0.013,0.0,BTC-9AUG19-11500-C,9481.24,94.55,0.0105,30.0,0.013,0.2,100.89,3.76375,-16.99378,0.38131,0.00014,0.14681
9513.66,BTC-27SEP19,1564397940522,open,0.11,510.1,0.0605,0.14,0.1002923,96.6,0.0945,0.0,BTC-27SEP19-11000-C,9481.24,94.52,0.097,14.4,0.1025,5.0,97.98,15.13749,-12.21055,5.15126,0.00011,0.43037
9639.21,BTC-27DEC19,1564397940529,open,0.17,269.8,0.1295,0.209,0.16907338,97.22,0.172,0.0,BTC-27DEC19-12000-C,9481.24,95.63,0.165,3.6,0.1725,8.6,98.56,24.70597,-7.95988,12.58248,7e-05,0.48486
9639.21,BTC-27DEC19,1564397940529,open,0.38,54.3,0.3325,0.412,0.37242852,95.99,0.37,0.0,BTC-27DEC19-7000-C,9481.24,76.04,0.337,0.1,0.3875,0.1,104.21,17.56351,-5.58714,16.87194,5e-05,0.79587
9639.21,BTC-27DEC19,1564397940529,open,0.41,165.5,0.3575,0.4705,0.41399384,97.22,0.4125,0.0,BTC-27DEC19-12000-P,9481.24,95.47,0.4095,3.6,0.419,3.6,99.17,24.70599,-7.96005,-37.02048,7e-05,-0.51513
9513.7,BTC-27SEP19,1564397940529,open,0.08,710.1,0.035,0.1145,0.0749986,97.17,0.072,0.0,BTC-27SEP19-12000-C,9481.24,95.49,0.0725,19.3,0.077,5.0,98.5,14.22892,-11.5456,4.24655,0.0001,0.3471
9639.21,BTC-27DEC19,1564397940529,open,0.08,222.7,0.0355,0.121,0.07819538,95.99,0.074,0.0,BTC-27DEC19-6500-P,9481.24,92.8,0.073,4.9,0.077,4.9,95.26,15.78903,-5.02275,-9.96122,4e-05,-0.17181
9513.7,BTC-27SEP19,1564397940529,open,0.0,284.9,0.0005,0.0425,0.00295678,102.69,0.0035,0.0,BTC-27SEP19-24000-C,9481.24,97.56,0.002,39.0,0.004,26.0,107.14,2.01179,-1.72524,0.29507,1e-05,0.02186
9483.34,SYN.BTC-2AUG19,1564397940529,open,0.0,179.7,0.0005,0.04,0.00033325,124.15,0.0005,0.0,BTC-2AUG19-13000-C,9481.24,0.0,0.0,0.0,0.0005,5.8,130.4,0.21801,-3.16033,0.00788,2e-05,0.00816
9483.34,SYN.BTC-2AUG19,1564397940531,open,0.04,228.0,0.0005,0.0825,0.04103461,97.62,0.0435,0.0,BTC-2AUG19-9500-P,9481.24,95.1,0.04,0.7,0.043,3.7,102.41,3.89642,-49.07226,-0.53161,0.00042,-0.4869
9498.51,SYN.BTC-30AUG19,1564397940531,open,0.01,99.7,0.0005,0.0455,0.00562808,99.03,0.007,0.0,BTC-30AUG19-16000-C,9481.24,95.14,0.0045,34.0,0.0065,24.0,101.73,2.93941,-4.56586,0.37607,4e-05,0.05096
9483.34,SYN.BTC-2AUG19,1564397940531,open,0.05,122.4,0.0005,0.079,0.03930509,97.69,0.0405,0.0,BTC-2AUG19-9500-C,9481.24,95.73,0.0385,0.1,0.0405,0.5,100.6,3.89641,-49.10554,0.47712,0.00042,0.51312
9513.7,BTC-27SEP19,1564397940537,open,0.61,0.0,0.5675,0.647,0.60709351,104.33,None,0.0,BTC-27SEP19-3750-C,9481.24,0.0,0.005,10.0,0.693,10.0,299.51,0.83341,-0.72608,6.00895,1e-05,0.99212
9513.7,BTC-27SEP19,1564397940537,open,0.51,13.5,0.4655,0.545,0.5052325,98.18,0.382,0.0,BTC-27SEP19-4750-C,9481.24,0.0,0.005,10.0,0.638,5.0,299.57,2.31603,-1.89875,7.31818,2e-05,0.97415
9513.7,BTC-27SEP19,1564397940543,open,2.33,0.0,2.2305,2.499,2.36463032,113.43,None,0.0,BTC-27SEP19-32000-P,9481.24,0.0,0.0,0.0,0.0,0.0,0.0,0.84097,-0.79655,-52.38606,0.0,-0.99204
9513.7,BTC-27SEP19,1564397940551,open,0.0,1060.6,0.0005,0.0425,0.00245834,100.89,0.0015,0.0,BTC-27SEP19-4250-P,9481.24,93.56,0.0015,46.0,0.0035,39.0,107.04,1.43965,-1.21291,-0.26881,1e-05,-0.01477
9639.21,BTC-27DEC19,1564397940551,open,2.1,0.2,2.0065,2.257,2.13173593,102.65,2.03,0.0,BTC-27DEC19-30000-P,9481.24,0.0,0.001,1.0,0.0,0.0,0.0,9.40528,-3.19953,-121.50645,2e-05,-0.91778
9513.7,BTC-27SEP19,1564397940551,open,0.0,1660.1,0.0005,0.04,5.087e-05,145.0,0.0005,0.0,BTC-27SEP19-1500-P,9481.24,0.0,0.0,0.0,0.0005,12.0,180.25,0.04154,-0.0503,-0.00535,0.0,-0.00029
9498.51,SYN.BTC-30AUG19,1564397940551,open,0.38,17.1,0.336,0.447,0.39164987,96.89,0.289,0.0,BTC-30AUG19-13000-P,9481.24,0.0,0.0,0.0,0.0,0.0,0.0,7.11228,-10.80946,-10.1309,9e-05,-0.82966
9498.51,SYN.BTC-30AUG19,1564397940565,open,0.38,0.0,0.334,0.4135,0.37363141,97.33,None,0.0,BTC-30AUG19-6000-C,9481.24,0.0,0.0,0.0,0.0,0.0,0.0,2.46059,-3.75673,4.85693,3e-05,0.95915
209.0,SYN.ETH-9AUG19,1564397940565,open,0.13,200.0,0.083,0.162,0.122075,102.21,0.109,0.0,ETH-9AUG19-190-C,208.99,94.92,0.118,50.0,0.127,50.0,110.82,0.11814,-0.55511,0.03818,0.00888,0.73513
9483.34,SYN.BTC-2AUG19,1564397940565,open,0.0,303.5,0.0005,0.0405,0.00074652,122.84,0.0015,0.0,BTC-2AUG19-12500-C,9481.24,116.41,0.0005,8.0,0.001,7.1,128.11,0.4133,-6.54994,0.01643,4e-05,0.01706
9498.51,SYN.BTC-30AUG19,1564397940565,open,0.57,0.0,0.525,0.6515,0.58825038,98.49,None,0.0,BTC-30AUG19-15000-P,9481.24,0.0,0.0,0.0,0.0,0.0,0.0,4.06135,-6.27471,-12.53444,5e-05,-0.92281
9639.21,BTC-27DEC19,1564397940571,open,0.02,283.4,0.0005,0.059,0.01943477,102.64,0.023,0.0,BTC-27DEC19-30000-C,9481.24,101.14,0.018,6.0,0.021,10.0,104.21,9.40183,-3.19794,2.49988,2e-05,0.08218
9513.7,BTC-27SEP19,1564397940571,open,0.0,444.0,0.0005,0.0415,0.00159311,100.89,0.002,0.0,BTC-27SEP19-4000-P,9481.24,94.56,0.001,20.0,0.002,2.2,104.37,1.03099,-0.86861,-0.18163,1e-05,-0.01004
9487.13,SYN.BTC-9AUG19,1564397940571,open,0.07,28.3,0.027,0.1065,0.06655323,97.68,0.064,0.0,BTC-9AUG19-9500-C,9481.24,92.5,0.063,18.0,0.067,1.0,98.33,6.51425,-29.25249,1.3112,0.00025,0.5304
9498.51,SYN.BTC-30AUG19,1564397940577,open,0.47,0.0,0.429,0.5475,0.4883745,97.75,None,0.0,BTC-30AUG19-14000-P,9481.24,0.0,0.0,0.0,0.0,0.0,0.0,5.46083,-8.37313,-11.38924,7e-05,-0.88463
9639.21,BTC-27DEC19,1564397940585,open,1.7,0.0,1.618,1.8355,1.72662842,101.88,None,0.0,BTC-27DEC19-26000-P,9481.24,0.0,0.005,10.0,2.5255,0.2,499.9,12.21713,-4.12481,-103.95768,3e-05,-0.88246
9483.34,SYN.BTC-2AUG19,1564397940585,open,0.51,0.0,0.468,0.59,0.52907748,139.59,None,0.0,BTC-2AUG19-14500-P,9481.24,0.0,0.0,0.0,0.0,0.0,0.0,0.06162,-1.1097,-1.53774,0.0,-0.99801
9513.7,BTC-27SEP19,1564397940587,open,0.59,227.5,0.5415,0.621,0.58114504,100.87,0.7065,0.0,BTC-27SEP19-4000-C,9481.24,0.0,0.111,2.0,0.6785,5.0,299.57,1.03024,-0.86784,6.38025,1e-05,0.98996
9513.7,BTC-27SEP19,1564397940587,open,0.89,1.0,0.83,0.982,0.90583078,100.43,1.5815,0.0,BTC-27SEP19-18000-P,9481.24,0.0,0.005,0.3,1.4505,1.0,481.06,6.06255,-5.08458,-28.39721,4e-05,-0.91374
9487.13,SYN.BTC-9AUG19,1564397940592,open,0.22,0.0,0.1765,0.256,0.21604737,101.98,None,0.0,BTC-9AUG19-7500-C,9481.24,0.0,0.0005,5.0,0.0,0.0,0.0,2.3731,-11.12616,1.99746,9e-05,0.92266
9513.7,BTC-27SEP19,1564397940610,open,0.0,426.3,0.0005,0.041,0.00133366,112.39,0.0025,0.0,BTC-27SEP19-3500-P,9481.24,99.27,0.0005,40.1,0.002,15.0,119.17,0.81367,-0.76365,-0.14048,0.0,-0.00767
9498.51,SYN.BTC-30AUG19,1564397940616,open,0.29,1.6,0.248,0.3515,0.29985165,95.98,0.3175,0.0,BTC-30AUG19-12000-P,9481.24,0.0,0.0,0.0,0.0,0.0,0.0,8.87228,-13.35738,-8.72939,0.00012,-0.7525
9483.34,SYN.BTC-2AUG19,1564397940616,open,0.2,1.0,0.1665,0.263,0.214762,108.41,0.1445,0.0,BTC-2AUG19-11500-P,9481.24,0.0,0.001,5.0,0.0,0.0,0.0,0.96662,-13.51943,-1.17545,9e-05,-0.95255
9513.7,BTC-27SEP19,1564397940643,open,0.07,540.7,0.0335,0.119,0.07614027,96.13,0.074,0.0,BTC-27SEP19-8000-P,9481.24,92.97,0.072,19.3,0.077,19.3,96.78,12.52736,-10.05579,-5.26413,9e-05,-0.26116
9513.7,BTC-27SEP19,1564397940643,open,0.05,197.1,0.0025,0.082,0.04241525,98.61,0.042,0.0,BTC-27SEP19-14000-C,9481.24,97.01,0.0405,19.3,0.044,25.3,99.92,11.45021,-9.42911,2.79303,8e-05,0.22138
9639.21,BTC-27DEC19,1564397940643,open,0.02,132.2,0.0005,0.056,0.01600697,102.98,0.016,0.0,BTC-27DEC19-32000-C,9481.24,101.16,0.0145,6.0,0.0175,6.0,104.67,8.25299,-2.8164,2.12174,2e-05,0.06926
9639.21,BTC-27DEC19,1564397940643,open,2.71,1.3,2.596,2.8955,2.74582745,103.59,2.2,0.0,BTC-27DEC19-36000-P,9481.24,0.0,0.0005,1.0,0.0,0.0,0.0,6.38465,-2.19177,-147.26096,2e-05,-0.95007
9639.21,BTC-27DEC19,1564397940655,open,0.1,282.6,0.0565,0.136,0.09643466,99.04,0.0975,0.0,BTC-27DEC19-16000-C,9481.24,97.54,0.093,4.9,0.099,4.9,100.16,22.06079,-7.24095,8.76969,6e-05,0.31653
9639.21,BTC-27DEC19,1564397940655,open,0.49,69.5,0.4355,0.5545,0.49488174,97.76,0.5085,0.0,BTC-27DEC19-13000-P,9481.24,84.42,0.4615,5.0,0.503,5.0,100.96,24.40301,-7.90616,-42.19824,6e-05,-0.56419
9513.7,BTC-27SEP19,1564397940655,open,0.79,28.2,0.7505,0.83,0.79004378,142.39,0.755,0.0,BTC-27SEP19-2000-C,9481.24,0.0,0.01,1.0,0.909,5.0,500.0,0.17462,-0.20764,3.25511,0.0,0.99862
9513.7,BTC-27SEP19,1564397940655,open,0.41,31.5,0.366,0.4795,0.42270576,97.86,0.3995,0.0,BTC-27SEP19-13000-P,9481.24,73.35,0.3925,5.0,0.4375,5.0,108.45,12.91995,-10.55785,-17.86896,9e-05,-0.72226
9483.34,SYN.BTC-2AUG19,1564397940655,open,0.11,30.2,0.072,0.1605,0.11624012,99.27,0.0955,0.0,BTC-2AUG19-10500-P,9481.24,96.41,0.1155,0.5,0.12,0.5,112.73,2.49577,-31.96117,-0.95035,0.00026,-0.82753
9498.51,SYN.BTC-30AUG19,1564397940655,open,0.1,145.1,0.05,0.1295,0.08976519,94.73,0.087,0.0,BTC-30AUG19-10000-C,9481.24,92.38,0.087,14.4,0.0925,14.4,97.05,11.18747,-16.62317,3.25795,0.00015,0.48252
9483.34,SYN.BTC-2AUG19,1564397940655,open,0.0,115.7,0.0005,0.04,0.00022606,144.96,0.0005,0.0,BTC-2AUG19-6500-P,9481.24,0.0,0.0,0.0,0.0005,60.2,159.52,0.13153,-2.14381,-0.00487,1e-05,-0.00461
9513.7,BTC-27SEP19,1564397940658,open,2.12,0.0,2.0285,2.2805,2.15437307,107.98,None,0.0,BTC-27SEP19-30000-P,9481.24,0.0,0.0,0.0,0.0,0.0,0.0,0.84808,-0.76474,-49.10347,1e-05,-0.99196
9513.7,BTC-27SEP19,1564397940663,open,1.5,0.2,1.425,1.6265,1.52564521,102.74,1.6,0.0,BTC-27SEP19-24000-P,9481.24,0.0,0.0,0.0,0.0,0.0,0.0,2.01661,-1.73022,-39.07445,1e-05,-0.97807
9487.13,SYN.BTC-9AUG19,1564397940663,open,0.0,3.2,0.0005,0.041,0.00130741,109.31,0.003,0.0,BTC-9AUG19-6500-P,9481.24,95.32,0.0005,0.1,0.002,5.9,117.23,0.72281,-3.63249,-0.0544,2e-05,-0.01794
9498.51,SYN.BTC-30AUG19,1564397940668,open,0.29,0.0,0.24,0.3195,0.2799638,95.13,None,0.0,BTC-30AUG19-7000-C,9481.24,0.0,0.0,0.0,0.0,0.0,0.0,5.27941,-7.8776,5.06001,7e-05,0.88996
9483.34,SYN.BTC-2AUG19,1564397940683,open,0.02,259.9,0.0005,0.0595,0.01966698,97.91,0.0205,0.0,BTC-2AUG19-10000-C,9481.24,94.72,0.0185,0.1,0.0215,0.5,102.87,3.48204,-43.98266,0.29968,0.00037,0.31727
9483.34,SYN.BTC-2AUG19,1564397940683,open,0.15,2.8,0.118,0.2105,0.1643553,104.3,0.111,0.0,BTC-2AUG19-11000-P,9481.24,0.0,0.018,50.0,0.0,0.0,0.0,1.61701,-21.7576,-1.07952,0.00016,-0.90769
9483.34,SYN.BTC-2AUG19,1564397940683,open,0.0,391.2,0.0005,0.04,0.00012189,145.01,0.002,0.0,BTC-2AUG19-14500-C,9481.24,0.0,0.0,0.0,0.0005,12.0,168.21,0.0848,-1.15588,0.00273,1e-05,0.00283
9639.21,BTC-27DEC19,1564397940687,open,0.52,63.4,0.4735,0.553,0.51305169,95.99,0.5,0.0,BTC-27DEC19-5000-C,9481.24,0.0,0.33,1.0,0.555,1.0,132.53,9.64389,-3.06781,16.01527,3e-05,0.915
9639.21,BTC-27DEC19,1564397940687,open,0.11,325.8,0.0705,0.15,0.11035228,98.63,0.1145,0.0,BTC-27DEC19-15000-C,9481.24,97.22,0.107,4.9,0.113,4.9,99.73,22.99865,-7.51699,9.62218,6e-05,0.35185
9639.21,BTC-27DEC19,1564397940687,open,0.05,170.7,0.006,0.0855,0.04571601,100.93,0.0575,0.0,BTC-27DEC19-22000-C,9481.24,99.57,0.0435,4.9,0.0475,4.9,102.01,15.78735,-5.28078,5.02289,4e-05,0.17178
209.05,ETH-27SEP19,1564397940690,open,0.0,739.0,0.001,0.041,0.001013,133.65,0.001,0.0,ETH-27SEP19-60-P,208.99,0.0,0.0,0.0,0.002,850.0,146.88,0.01222,-0.01364,-0.00206,0.00013,-0.00499
210.53,ETH-27DEC19,1564397940692,open,0.02,1370.0,0.001,0.055,0.015673,107.74,0.019,0.0,ETH-27DEC19-760-C,208.99,98.28,0.009,300.0,0.016,50.0,108.13,0.1735,-0.06195,0.04372,0.00088,0.06592
9513.7,BTC-27SEP19,1564397940694,open,0.31,752.2,0.265,0.3445,0.30476372,96.13,0.315,0.0,BTC-27SEP19-7000-C,9481.24,0.0,0.2,1.0,0.4025,5.0,182.56,9.48483,-7.61382,8.30838,7e-05,0.83713
9513.7,BTC-27SEP19,1564397940701,open,1.91,0.0,1.827,2.062,1.94453934,106.26,None,0.0,BTC-27SEP19-28000-P,9481.24,0.0,0.0,0.0,0.0,0.0,0.0,1.10928,-0.98432,-45.78363,1e-05,-0.98908
209.02,SYN.ETH-30AUG19,1564397940701,open,0.09,230.0,0.048,0.134,0.091343,97.1,0.088,0.0,ETH-30AUG19-200-P,208.99,93.24,0.087,329.0,0.096,160.0,101.22,0.23578,-0.3591,-0.08661,0.00636,-0.38314
209.05,ETH-27SEP19,1564397940703,open,0.47,769.0,0.425,0.543,0.484337,100.33,0.391,0.0,ETH-27SEP19-300-P,208.99,63.24,0.446,110.0,0.52,110.0,126.21,0.26702,-0.22373,-0.42451,0.00371,-0.75354
209.02,SYN.ETH-30AUG19,1564397940703,open,0.0,1570.0,0.001,0.043,0.003061,106.33,0.003,0.0,ETH-30AUG19-400-C,208.99,99.99,0.002,50.0,0.004,300.0,110.84,0.03989,-0.06653,0.00458,0.00098,0.02817
208.99,SYN.ETH-2AUG19,1564397940705,open,0.0,261.0,0.001,0.04,0.000605,137.97,0.001,0.0,ETH-2AUG19-290-C,208.99,0.0,0.0,0.0,0.001,300.0,147.7,0.0071,-0.1264,0.00027,0.00111,0.01278
9498.51,SYN.BTC-30AUG19,1564397940705,open,0.67,0.0,0.6225,0.7575,0.69005954,98.89,None,0.0,BTC-30AUG19-16000-P,9481.24,0.0,0.0,0.0,0.0,0.0,0.0,2.9263,-4.53905,-13.59884,4e-05,-0.94932
9483.34,SYN.BTC-2AUG19,1564397940705,open,0.41,0.0,0.367,0.4805,0.4238098,133.2,None,0.0,BTC-2AUG19-13500-P,9481.24,0.0,0.01,10.0,0.0,0.0,0.0,0.16944,-2.91169,-1.42756,1e-05,-0.99387
209.05,ETH-27SEP19,1564397940709,open,0.55,497.0,0.507,0.631,0.568999,100.82,0.51,0.0,ETH-27SEP19-320-P,208.99,0.0,0.525,110.0,0.61,110.0,132.64,0.23767,-0.20009,-0.46917,0.00329,-0.79912
209.05,ETH-27SEP19,1564397940714,open,1.64,24.0,1.575,1.789,1.681856,108.58,1.356,0.0,ETH-27SEP19-560-P,208.99,0.0,0.0,0.0,0.0,0.0,0.0,0.04385,-0.03976,-0.91227,0.00056,-0.97835
210.53,ETH-27DEC19,1564397940730,open,2.39,0.0,2.302,2.576,2.438696,107.91,None,0.0,ETH-27DEC19-720-P,208.99,0.0,0.003,5.0,0.0,0.0,0.0,0.19552,-0.06992,-2.92547,0.00099,-0.92298
210.53,ETH-27DEC19,1564397940730,open,0.02,1072.0,0.001,0.061,0.021875,103.52,0.025,0.0,ETH-27DEC19-640-C,208.99,98.55,0.017,350.0,0.026,50.0,107.28,0.22071,-0.07572,0.05972,0.00116,0.0905
209.02,SYN.ETH-30AUG19,1564397940730,open,0.02,480.0,0.001,0.059,0.019426,100.92,0.02,0.0,ETH-30AUG19-300-C,208.99,97.2,0.017,488.0,0.022,320.0,104.66,0.14014,-0.22184,0.02274,0.00364,0.14401
208.99,SYN.ETH-2AUG19,1564397940730,open,0.05,243.0,0.001,0.078,0.038637,99.54,0.04,0.0,ETH-2AUG19-210-C,208.99,95.55,0.037,157.0,0.041,197.0,105.28,0.08591,-1.10324,0.01028,0.01861,0.50178
208.99,SYN.ETH-2AUG19,1564397940730,open,0.0,946.0,0.001,0.041,0.001148,106.53,0.001,0.0,ETH-2AUG19-170-P,208.99,0.0,0.0,0.0,0.002,280.0,117.88,0.01319,-0.18123,-0.00061,0.00267,-0.02643
208.99,SYN.ETH-2AUG19,1564397940730,open,0.0,254.0,0.001,0.04,0.000514,142.56,0.003,0.0,ETH-2AUG19-150-P,208.99,0.0,0.0,0.0,0.001,300.0,156.67,0.00568,-0.10438,-0.00023,0.00086,-0.00987
209.02,SYN.ETH-30AUG19,1564397940741,open,0.7,0.0,0.66,0.797,0.728241,103.26,None,0.0,ETH-30AUG19-360-P,208.99,0.0,0.0,0.0,0.0,0.0,0.0,0.06537,-0.10589,-0.30605,0.00166,-0.94835
209.02,SYN.ETH-30AUG19,1564397940741,open,0.27,0.0,0.235,0.337,0.286374,98.65,0.218,0.0,ETH-30AUG19-260-P,208.99,67.1,0.259,120.0,1.239,1.0,500.0,0.20548,-0.31795,-0.18493,0.00546,-0.7267
209.05,ETH-27SEP19,1564397940743,open,1.45,12.0,1.392,1.591,1.491499,106.06,1.193,0.0,ETH-27SEP19-520-P,208.99,0.0,0.0,0.0,0.0,0.0,0.0,0.05487,-0.0486,-0.84471,0.00072,-0.97171
210.53,ETH-27DEC19,1564397940746,open,0.05,745.0,0.01,0.089,0.049402,103.07,0.05,0.0,ETH-27DEC19-480-C,208.99,101.03,0.046,287.0,0.053,150.0,105.16,0.35613,-0.12164,0.11433,0.00189,0.18078
209.02,SYN.ETH-30AUG19,1564397940746,open,0.52,0.0,0.483,0.605,0.543806,101.4,None,0.0,ETH-30AUG19-320-P,208.99,0.0,0.0,0.0,0.0,0.0,0.0,0.10981,-0.17465,-0.26323,0.00284,-0.89822
208.99,SYN.ETH-2AUG19,1564397940748,open,0.15,0.0,0.103,0.182,0.142458,104.22,None,0.0,ETH-2AUG19-180-C,208.99,0.0,0.0,0.0,0.0,0.0,0.0,0.03028,-0.40707,0.01738,0.00626,0.92568
208.99,SYN.ETH-2AUG19,1564397940750,open,0.2,0.0,0.148,0.227,0.187802,107.7,None,0.0,ETH-2AUG19-170-C,208.99,0.0,0.0,0.0,0.0,0.0,0.0,0.0137,-0.19036,0.01741,0.00274,0.97233
210.53,ETH-27DEC19,1564397940752,open,1.3,21.0,1.237,1.422,1.32947,103.13,0.629,0.0,ETH-27DEC19-480-P,208.99,0.0,0.001,7.0,0.0,0.0,0.0,0.35645,-0.12183,-1.86966,0.00189,-0.81897
209.05,ETH-27SEP19,1564397940752,open,0.81,259.0,0.763,0.909,0.83599,102.14,0.94,0.0,ETH-27SEP19-380-P,208.99,0.0,0.009,8.0,0.0,0.0,0.0,0.15702,-0.13392,-0.59262,0.00214,-0.8921
210.53,ETH-27DEC19,1564397940752,open,0.03,886.0,0.001,0.066,0.026686,103.52,0.026,0.0,ETH-27DEC19-600-C,208.99,100.3,0.023,410.0,0.03,110.0,106.23,0.2501,-0.0858,0.0702,0.00132,0.10736
9639.21,BTC-27DEC19,1564397940752,open,2.3,0.3,2.2025,2.469,2.33579487,102.99,1.875,0.0,BTC-27DEC19-32000-P,9481.24,0.0,0.001,1.0,0.0,0.0,0.0,8.25708,-2.81824,-130.15162,2e-05,-0.9307
208.99,SYN.ETH-2AUG19,1564397940752,open,0.27,0.0,0.241,0.344,0.292438,110.11,None,0.0,ETH-2AUG19-270-P,208.99,0.0,0.0,0.0,0.0,0.0,0.0,0.00763,-0.10841,-0.02837,0.00149,-0.98611
209.02,SYN.ETH-30AUG19,1564397940752,open,0.35,0.0,0.3,0.379,0.339244,98.26,None,0.0,ETH-30AUG19-140-C,208.99,0.0,0.0,0.0,0.0,0.0,0.0,0.07697,-0.11863,0.10901,0.00205,0.93644
9483.34,SYN.BTC-2AUG19,1564397940752,open,0.01,287.4,0.0005,0.044,0.00445796,104.48,0.005,0.0,BTC-2AUG19-11000-C,9481.24,101.74,0.004,0.1,0.005,30.6,107.57,1.62245,-21.86954,0.08889,0.00016,0.09273
210.53,ETH-27DEC19,1564397940757,open,1.13,0.0,1.066,1.237,1.151174,102.72,None,0.0,ETH-27DEC19-440-P,208.99,0.0,0.001,8.0,0.0,0.0,0.0,0.39649,-0.13497,-1.68413,0.00211,-0.78407
9513.7,BTC-27SEP19,1564397940757,open,0.84,42.8,0.8025,0.882,0.84238284,144.85,0.815,0.0,BTC-27SEP19-1500-C,9481.24,0.0,0.0,0.0,0.0,0.0,0.0,0.04111,-0.04973,2.45536,0.0,0.99971
9487.13,SYN.BTC-9AUG19,1564397940757,open,0.36,0.0,0.3185,0.4275,0.3729722,99.96,None,0.0,BTC-9AUG19-13000-P,9481.24,0.0,0.0005,3.0,0.0,0.0,0.0,1.43946,-6.61533,-3.76529,5e-05,-0.95901
9487.13,SYN.BTC-9AUG19,1564397940757,open,0.41,0.0,0.368,0.4815,0.42462984,100.97,None,0.0,BTC-9AUG19-13500-P,9481.24,0.0,0.0005,2.0,0.0,0.0,0.0,1.00113,-4.64704,-3.95261,4e-05,-0.97362
209.02,SYN.ETH-30AUG19,1564397940760,open,0.14,329.0,0.101,0.191,0.145989,97.78,0.143,0.0,ETH-30AUG19-220-P,208.99,93.55,0.141,120.0,0.151,120.0,102.03,0.24629,-0.37777,-0.1203,0.0066,-0.51303
9639.21,BTC-27DEC19,1564397940771,open,1.11,5.7,1.0475,1.218,1.13279611,100.37,1.085,0.0,BTC-27DEC19-20000-P,9481.24,0.0,0.005,5.0,1.466,1.0,238.0,17.83195,-5.93135,-76.63572,5e-05,-0.79058
208.99,SYN.ETH-2AUG19,1564397940771,open,0.0,489.0,0.001,0.04,0.000937,128.51,0.005,0.0,ETH-2AUG19-160-P,208.99,0.0,0.0,0.0,0.001,281.0,129.81,0.0098,-0.16254,-0.00043,0.00165,-0.0186
9513.7,BTC-27SEP19,1564397940773,open,0.01,523.4,0.0005,0.048,0.0080607,101.14,0.008,0.0,BTC-27SEP19-20000-C,9481.24,98.65,0.007,24.0,0.0085,0.4,102.12,4.21363,-3.55892,0.71417,3e-05,0.05382
9639.21,BTC-27DEC19,1564397940773,open,0.0,173.8,0.0005,0.0405,0.00050298,114.43,0.001,0.0,BTC-27DEC19-1500-P,9481.24,0.0,0.0,0.0,0.001,18.0,124.36,0.3727,-0.14134,-0.09523,0.0,-0.00189
9639.21,BTC-27DEC19,1564397940773,open,0.02,91.5,0.0005,0.062,0.02133709,95.99,0.02,0.0,BTC-27DEC19-4500-P,9481.24,91.56,0.018,6.0,0.021,11.0,95.56,7.51935,-2.39195,-3.29766,2e-05,-0.06143
9639.21,BTC-27DEC19,1564397940773,open,0.6,27.2,0.5585,0.638,0.5983567,95.99,0.65,0.0,BTC-27DEC19-4000-C,9481.24,0.0,0.0155,10.0,0.9665,1.0,500.0,5.50025,-1.74966,14.35052,1e-05,0.95852
9513.7,BTC-27SEP19,1564397940773,open,0.01,507.1,0.0005,0.046,0.00602359,97.17,0.007,0.0,BTC-27SEP19-5000-P,9481.24,93.61,0.005,24.0,0.007,29.0,100.28,2.87422,-2.33233,-0.61729,2e-05,-0.03353
9639.21,BTC-27DEC19,1564397940773,open,0.32,202.5,0.2765,0.356,0.31646523,95.99,0.298,0.0,BTC-27DEC19-8000-C,9481.24,74.56,0.271,0.1,0.999,0.1,500.0,20.51889,-6.5273,16.44795,6e-05,0.72927
9483.34,SYN.BTC-2AUG19,1564397940773,open,0.0,229.2,0.0005,0.04,0.00029943,135.26,0.0005,0.0,BTC-2AUG19-13500-C,9481.24,0.0,0.0,0.0,0.0005,8.9,143.64,0.18727,-2.83956,0.00661,1e-05,0.00687
9498.51,SYN.BTC-30AUG19,1564397940773,open,0.06,175.4,0.0185,0.098,0.05807595,95.64,0.06,0.0,BTC-30AUG19-11000-C,9481.24,93.29,0.0555,19.3,0.06,19.3,97.39,10.42639,-15.64213,2.44429,0.00014,0.35274
9483.34,SYN.BTC-2AUG19,1564397940773,open,0.0,215.6,0.0005,0.04,0.00025196,120.46,0.0005,0.0,BTC-2AUG19-7000-P,9481.24,0.0,0.0,0.0,0.0005,27.9,131.31,0.16787,-2.38941,-0.00637,1e-05,-0.00607
208.99,SYN.ETH-2AUG19,1564397940773,open,0.0,121.0,0.001,0.042,0.002385,104.82,0.004,0.0,ETH-2AUG19-250-C,208.99,89.55,0.001,238.0,0.004,518.0,117.11,0.02371,-0.32057,0.00115,0.00488,0.05428
9483.34,SYN.BTC-2AUG19,1564397940773,open,0.0,149.2,0.0005,0.042,0.00214205,108.74,0.002,0.0,BTC-2AUG19-11500-C,9481.24,107.33,0.002,0.1,0.003,34.9,116.3,0.97517,-13.67959,0.04616,9e-05,0.04798
9498.51,SYN.BTC-30AUG19,1564397940773,open,0.0,65.6,0.0005,0.0435,0.00352521,99.63,0.006,0.0,BTC-30AUG19-17000-C,9481.24,94.48,0.0025,34.0,0.0045,29.0,103.71,2.09915,-3.2804,0.24976,3e-05,0.03363
9513.7,BTC-27SEP19,1564397940775,open,0.39,713.5,0.3475,0.427,0.38704243,96.15,0.362,0.0,BTC-27SEP19-6000-C,9481.24,0.0,0.0,0.0,0.7555,0.3,499.11,5.94494,-4.77331,8.25464,4e-05,0.91596
208.99,SYN.ETH-2AUG19,1564397940777,open,0.0,336.0,0.001,0.041,0.001501,112.66,0.002,0.0,ETH-2AUG19-260-C,208.99,105.43,0.001,17.0,0.002,229.0,118.51,0.01631,-0.23702,0.00072,0.00312,0.03415
209.05,ETH-27SEP19,1564397940780,open,1.08,0.0,1.03,1.198,1.113726,103.25,None,0.0,ETH-27SEP19-440-P,208.99,0.0,0.0,0.0,0.0,0.0,0.0,0.09842,-0.08485,-0.70492,0.00133,-0.94185
210.53,ETH-27DEC19,1564397940780,open,0.08,536.0,0.037,0.116,0.076827,102.49,0.071,0.0,ETH-27DEC19-400-C,208.99,100.15,0.072,268.0,0.082,110.0,104.95,0.4387,-0.14901,0.15906,0.00234,0.25961
210.53,ETH-27DEC19,1564397940782,open,1.48,37.0,1.41,1.61,1.510164,103.39,0.707,0.0,ETH-27DEC19-520-P,208.99,0.0,0.002,25.0,0.0,0.0,0.0,0.31841,-0.1091,-2.05216,0.00168,-0.84798
9639.21,BTC-27DEC19,1564397940784,open,1.9,0.1,1.8115,2.0455,1.92849985,102.21,2.035,0.0,BTC-27DEC19-28000-P,9481.24,0.0,0.001,1.0,0.0,0.0,0.0,10.69996,-3.6242,-112.78801,3e-05,-0.90221
209.02,SYN.ETH-30AUG19,1564397940784,open,0.07,1678.0,0.024,0.103,0.063306,98.04,0.054,0.0,ETH-30AUG19-240-C,208.99,95.07,0.06,217.0,0.067,160.0,101.34,0.2332,-0.35864,0.05597,0.00623,0.3699
209.02,SYN.ETH-30AUG19,1564397940784,open,0.2,222.0,0.163,0.259,0.21143,97.97,0.21,0.0,ETH-30AUG19-240-P,208.99,77.29,0.189,120.0,0.225,120.0,110.0,0.23317,-0.35832,-0.15365,0.00624,-0.63028
209.05,ETH-27SEP19,1564397940786,open,0.63,0.0,0.58,0.659,0.619705,117.98,None,0.0,ETH-27SEP19-80-C,208.99,0.0,0.003,10.0,0.0,0.0,0.0,0.02693,-0.02654,0.12621,0.00032,0.98774
208.99,SYN.ETH-2AUG19,1564397940789,open,0.25,0.0,0.196,0.275,0.235436,129.98,None,0.0,ETH-2AUG19-160-C,208.99,0.0,0.0,0.0,0.0,0.0,0.0,0.01027,-0.17213,0.01653,0.0017,0.98037
210.53,ETH-27DEC19,1564397940792,open,0.06,623.0,0.022,0.101,0.061111,102.67,0.057,0.0,ETH-27DEC19-440-C,208.99,100.45,0.057,278.0,0.065,110.0,104.71,0.39626,-0.13482,0.13454,0.00211,0.21572
209.02,SYN.ETH-30AUG19,1564397940792,open,0.27,0.0,0.219,0.298,0.258716,97.92,None,0.0,ETH-30AUG19-160-C,208.99,0.0,0.0,0.0,0.0,0.0,0.0,0.13927,-0.21391,0.10927,0.00373,0.85731
210.53,ETH-27DEC19,1564397940794,open,2.21,0.0,2.119,2.377,2.248014,103.57,None,0.0,ETH-27DEC19-680-P,208.99,0.0,0.0,0.0,0.0,0.0,0.0,0.19485,-0.06688,-2.75984,0.00103,-0.92333
210.53,ETH-27DEC19,1564397940794,open,2.02,0.0,1.94,2.184,2.061967,103.66,None,0.0,ETH-27DEC19-640-P,208.99,0.0,0.0,0.0,0.0,0.0,0.0,0.2215,-0.07609,-2.58552,0.00117,-0.90907
209.02,SYN.ETH-30AUG19,1564397940794,open,0.14,164.0,0.095,0.174,0.134573,97.16,0.13,0.0,ETH-30AUG19-200-C,208.99,92.21,0.129,120.0,0.139,120.0,101.08,0.23578,-0.35932,0.08804,0.00636,0.61685
208.99,SYN.ETH-2AUG19,1564397940797,open,0.0,14.0,0.001,0.04,0.000921,132.78,0.001,0.0,ETH-2AUG19-280-C,208.99,0.0,0.0,0.0,0.001,300.0,134.37,0.0101,-0.173,0.00041,0.00164,0.01926
208.99,SYN.ETH-2AUG19,1564397940797,open,0.37,0.0,0.333,0.443,0.388077,133.88,None,0.0,ETH-2AUG19-290-P,208.99,0.0,0.0,0.0,0.0,0.0,0.0,0.00602,-0.10403,-0.03057,0.00097,-0.98943
9513.7,BTC-27SEP19,1564397940799,open,0.03,231.3,0.0005,0.064,0.02407205,99.62,0.025,0.0,BTC-27SEP19-16000-C,9481.24,97.83,0.0225,24.0,0.0255,24.0,101.19,8.51708,-7.08502,1.78704,6e-05,0.13858
9513.7,BTC-27SEP19,1564397940799,open,0.6,29.6,0.5445,0.6725,0.60854638,99.1,0.58,0.0,BTC-27SEP19-15000-P,9481.24,0.0,0.005,10.0,1.1915,0.3,500.0,9.94141,-8.22726,-22.36897,7e-05,-0.82476
9639.21,BTC-27DEC19,1564397940802,open,0.01,320.6,0.0005,0.048,0.00813266,104.66,0.008,0.0,BTC-27DEC19-40000-C,9481.24,102.4,0.007,10.0,0.0095,10.0,107.12,5.08511,-1.76367,1.17669,1e-05,0.03766
9639.21,BTC-27DEC19,1564397940802,open,0.57,16.0,0.5165,0.642,0.5792236,98.22,0.5665,0.0,BTC-27DEC19-14000-P,9481.24,82.33,0.541,5.0,0.589,5.0,102.16,23.80443,-7.74816,-47.3224,6e-05,-0.60846
9639.21,BTC-27DEC19,1564397940802,open,0.06,280.5,0.018,0.1025,0.06019898,95.99,0.059,0.0,BTC-27DEC19-6000-P,9481.24,92.34,0.055,6.0,0.059,6.0,95.16,13.84712,-4.40499,-8.0086,4e-05,-0.1408
210.53,ETH-27DEC19,1564397940804,open,0.79,241.0,0.735,0.878,0.806484,101.91,0.986,0.0,ETH-27DEC19-360-P,208.99,0.0,0.008,4.0,1.59,1.0,500.0,0.47864,-0.16166,-1.30086,0.00256,-0.68834
210.53,ETH-27DEC19,1564397940804,open,0.34,806.0,0.293,0.4,0.346351,100.47,0.315,0.0,ETH-27DEC19-240-P,208.99,96.41,0.336,30.0,0.355,30.0,103.87,0.53611,-0.1785,-0.69492,0.00291,-0.45219
9498.51,SYN.BTC-30AUG19,1564397940804,open,0.0,327.6,0.0005,0.042,0.00224389,100.36,0.003,0.0,BTC-30AUG19-18000-C,9481.24,94.99,0.0015,24.0,0.003,28.2,104.72,1.49429,-2.3524,0.16697,2e-05,0.02237
209.02,SYN.ETH-30AUG19,1564397940806,open,0.89,0.0,0.84,0.993,0.916602,105.62,None,0.0,ETH-30AUG19-400-P,208.99,0.0,0.0,0.0,0.0,0.0,0.0,0.03876,-0.06421,-0.34489,0.00096,-0.97278
9483.34,SYN.BTC-2AUG19,1564397940810,open,0.22,0.0,0.1705,0.25,0.21007531,114.87,None,0.0,BTC-2AUG19-7500-C,9481.24,0.0,0.01,10.0,0.0,0.0,0.0,0.48524,-7.19094,0.77468,4e-05,0.9794
208.99,SYN.ETH-2AUG19,1564397940812,open,0.0,197.0,0.001,0.04,0.000459,145.02,0.003,0.0,ETH-2AUG19-300-C,208.99,0.0,0.0,0.0,0.001,300.0,160.37,0.00551,-0.09592,0.0002,0.00082,0.00953
9639.21,BTC-27DEC19,1564397940814,open,0.48,60.3,0.4345,0.514,0.47412487,95.99,0.46,0.0,BTC-27DEC19-5500-C,9481.24,0.0,0.255,1.0,0.51,1.0,123.17,11.77899,-3.74701,16.50413,3e-05,0.88834
9513.7,BTC-27SEP19,1564397940814,open,0.0,319.7,0.0005,0.0445,0.00451458,98.18,0.0035,0.0,BTC-27SEP19-4750-P,9481.24,93.71,0.0035,29.0,0.0055,39.0,102.01,2.31664,-1.89943,-0.47402,2e-05,-0.02586
209.05,ETH-27SEP19,1564397940814,open,0.3,392.0,0.247,0.326,0.286581,98.59,0.51,0.0,ETH-27SEP19-160-C,208.99,0.0,0.136,42.0,0.0,0.0,0.0,0.23149,-0.19058,0.1787,0.00328,0.80766
9513.7,BTC-27SEP19,1564397940814,open,0.5,75.9,0.4535,0.5745,0.5139835,98.62,0.5205,0.0,BTC-27SEP19-14000-P,9481.24,61.68,0.4795,5.0,0.528,5.0,109.75,11.45075,-9.43004,-20.1728,8e-05,-0.7786
9639.21,BTC-27DEC19,1564397940814,open,0.27,171.4,0.229,0.3085,0.26887773,95.99,0.26,0.0,BTC-27DEC19-9000-C,9481.24,93.49,0.263,3.6,0.2705,5.0,96.68,22.63886,-7.20169,15.69035,6e-05,0.66267
210.53,ETH-27DEC19,1564397940817,open,0.04,739.0,0.001,0.072,0.032736,103.52,0.032,0.0,ETH-27DEC19-560-C,208.99,100.66,0.029,410.0,0.036,160.0,105.9,0.2829,-0.09705,0.08269,0.00149,0.12775
208.99,SYN.ETH-2AUG19,1564397940817,open,0.01,742.0,0.001,0.044,0.004911,101.79,0.008,0.0,ETH-2AUG19-240-C,208.99,90.23,0.003,292.0,0.007,466.0,112.23,0.03853,-0.50597,0.00217,0.00816,0.10268
209.05,ETH-27SEP19,1564397940820,open,2.39,0.0,2.308,2.583,2.445297,116.21,None,0.0,ETH-27SEP19-720-P,208.99,0.0,0.0,0.0,0.0,0.0,0.0,0.01933,-0.01876,-1.17863,0.00023,-0.99162
209.02,SYN.ETH-30AUG19,1564397940820,open,0.61,0.0,0.57,0.7,0.635354,102.39,None,0.0,ETH-30AUG19-340-P,208.99,0.0,0.0,0.0,0.0,0.0,0.0,0.08531,-0.13701,-0.28526,0.00218,-0.92738
209.05,ETH-27SEP19,1564397940822,open,1.27,0.0,1.211,1.394,1.302108,104.83,None,0.0,ETH-27SEP19-480-P,208.99,0.0,0.0,0.0,0.0,0.0,0.0,0.07363,-0.06446,-0.77559,0.00098,-0.95955
210.53,ETH-27DEC19,1564397940822,open,1.84,0.0,1.762,1.991,1.876771,103.64,0.953,0.0,ETH-27DEC19-600-P,208.99,0.0,0.0,0.0,0.0,0.0,0.0,0.25075,-0.08612,-2.40973,0.00132,-0.89226
209.05,ETH-27SEP19,1564397940824,open,0.31,1264.0,0.274,0.379,0.326236,99.55,0.357,0.0,ETH-27SEP19-260-P,208.99,79.76,0.297,110.0,1.237,1.0,500.0,0.31889,-0.26509,-0.32889,0.00447,-0.63282
9639.21,BTC-27DEC19,1564397940824,open,0.7,0.0,0.653,0.7325,0.69252208,95.99,None,0.0,BTC-27DEC19-3000-C,9481.24,0.0,0.0055,0.1,0.9715,0.5,500.0,2.19865,-0.69938,11.69726,1e-05,0.9861
208.99,SYN.ETH-2AUG19,1564397940826,open,0.32,0.0,0.287,0.394,0.340549,130.09,None,0.0,ETH-2AUG19-280-P,208.99,0.0,0.0,0.0,0.0,0.0,0.0,0.00918,-0.15407,-0.02937,0.00152,-0.98278
209.05,ETH-27SEP19,1564397940828,open,0.72,0.0,0.675,0.754,0.714013,133.88,0.01,0.0,ETH-27SEP19-60-C,208.99,0.0,0.003,10.0,0.0,0.0,0.0,0.01233,-0.01378,0.09635,0.00013,0.99496
208.99,SYN.ETH-2AUG19,1564397940830,open,0.14,5.0,0.108,0.199,0.153163,101.21,0.113,0.0,ETH-2AUG19-240-P,208.99,0.0,0.0,0.0,0.153,5.0,100.31,0.03815,-0.49809,-0.02334,0.00813,-0.89872
210.53,ETH-27DEC19,1564397940832,open,1.66,0.0,1.586,1.8,1.692807,103.61,0.845,0.0,ETH-27DEC19-560-P,208.99,0.0,0.0,0.0,0.0,0.0,0.0,0.28338,-0.0973,-2.23194,0.00149,-0.87193
209.05,ETH-27SEP19,1564397940834,open,0.0,3419.0,0.001,0.041,0.001963,113.72,0.003,0.0,ETH-27SEP19-640-C,208.99,105.37,0.001,50.0,0.003,1098.0,119.89,0.0301,-0.02858,0.00411,0.00037,0.01394
209.02,SYN.ETH-30AUG19,1564397940834,open,0.01,678.0,0.001,0.049,0.008983,98.13,0.006,0.0,ETH-30AUG19-140-P,208.99,92.41,0.007,500.0,0.011,350.0,103.36,0.07678,-0.11819,-0.01321,0.00205,-0.06336
209.02,SYN.ETH-30AUG19,1564397940834,open,0.05,288.0,0.01,0.093,0.051392,97.83,0.053,0.0,ETH-30AUG19-180-P,208.99,93.17,0.047,391.0,0.055,280.0,101.62,0.19799,-0.30383,-0.05577,0.0053,-0.25411
210.53,ETH-27DEC19,1564397940836,open,0.49,0.0,0.44,0.519,0.479553,100.03,None,0.0,ETH-27DEC19-120-C,208.99,0.0,0.001,1200.0,0.99,5.0,500.0,0.26421,-0.08758,0.35204,0.00144,0.88408
209.05,ETH-27SEP19,1564397940836,open,2.02,0.0,1.942,2.186,2.063578,114.71,None,0.0,ETH-27SEP19-640-P,208.99,0.0,0.0,0.0,0.0,0.0,0.0,0.03165,-0.03032,-1.04553,0.00038,-0.98522
209.02,SYN.ETH-30AUG19,1564397940836,open,0.05,328.0,0.003,0.082,0.042573,98.74,0.042,0.0,ETH-30AUG19-260-C,208.99,95.07,0.039,406.0,0.046,160.0,102.19,0.20558,-0.31839,0.04216,0.00546,0.27356
210.53,ETH-27DEC19,1564397940840,open,0.28,160.0,0.232,0.311,0.27168,100.03,0.281,0.0,ETH-27DEC19-200-C,208.99,96.79,0.264,30.0,0.281,30.0,103.98,0.49821,-0.16516,0.33438,0.00272,0.65592
209.05,ETH-27SEP19,1564397940840,open,0.45,47.0,0.398,0.477,0.437478,99.29,0.689,0.0,ETH-27SEP19-120-C,208.99,0.0,0.0,0.0,0.0,0.0,0.0,0.09675,-0.08022,0.17339,0.00136,0.9431
210.53,ETH-27DEC19,1564397940840,open,0.13,194.0,0.083,0.162,0.122919,101.42,0.115,0.0,ETH-27DEC19-320-C,208.99,98.99,0.117,351.0,0.129,110.0,103.91,0.51368,-0.17265,0.22022,0.00276,0.37598
210.53,ETH-27DEC19,1564397940840,open,0.1,240.0,0.057,0.136,0.096575,101.94,0.09,0.0,ETH-27DEC19-360-C,208.99,99.47,0.091,366.0,0.102,110.0,104.31,0.47871,-0.16172,0.18727,0.00256,0.31177
210.53,ETH-27DEC19,1564397940842,open,0.21,2030.0,0.173,0.27,0.221708,100.05,0.216,0.0,ETH-27DEC19-200-P,208.99,96.38,0.213,40.0,0.229,185.0,103.14,0.4982,-0.16519,-0.49236,0.00272,-0.34406
210.53,ETH-27DEC19,1564397940842,open,0.12,1469.0,0.077,0.165,0.121062,100.05,0.109,0.0,ETH-27DEC19-160-P,208.99,96.4,0.114,40.0,0.126,255.0,102.59,0.40813,-0.13532,-0.30302,0.00223,-0.22714
208.99,SYN.ETH-2AUG19,1564397940842,open,0.29,0.0,0.243,0.322,0.282856,144.91,None,0.0,ETH-2AUG19-150-C,208.99,0.0,0.0,0.0,0.0,0.0,0.0,0.00616,-0.11514,0.01567,0.00092,0.98916
9487.14,SYN.BTC-9AUG19,1564397940842,open,0.21,0.0,0.1755,0.273,0.2240535,98.13,None,0.0,BTC-9AUG19-11500-P,9481.24,0.0,0.0005,5.0,0.2325,9.2,117.3,3.75977,-16.96181,-3.04584,0.00014,-0.85342
209.05,ETH-27SEP19,1564397940844,open,0.53,0.0,0.487,0.566,0.52647,104.83,None,0.0,ETH-27SEP19-100-C,208.99,0.0,0.003,10.0,0.0,0.0,0.0,0.05055,-0.04425,0.15359,0.00067,0.97436
210.53,ETH-27DEC19,1564397940846,open,0.02,205.0,0.001,0.058,0.018218,103.73,0.027,0.0,ETH-27DEC19-680-C,208.99,98.85,0.014,350.0,0.022,50.0,107.58,0.19574,-0.06729,0.05127,0.00103,0.07713
209.02,SYN.ETH-30AUG19,1564397940846,open,0.03,272.0,0.001,0.068,0.0287,99.78,0.029,0.0,ETH-30AUG19-280-C,208.99,96.45,0.026,430.0,0.031,160.0,102.53,0.17258,-0.27011,0.03115,0.00453,0.19932
209.02,SYN.ETH-30AUG19,1564397940848,open,0.35,0.0,0.314,0.422,0.368178,99.66,None,0.0,ETH-30AUG19-280-P,208.99,0.0,0.0,0.0,0.0,0.0,0.0,0.17239,-0.2695,-0.21343,0.00453,-0.80104
208.99,SYN.ETH-2AUG19,1564397940848,open,0.01,699.0,0.001,0.05,0.009662,100.94,0.01,0.0,ETH-2AUG19-190-P,208.99,90.06,0.007,481.0,0.012,200.0,109.72,0.05377,-0.70025,-0.00391,0.01149,-0.16651
210.53,ETH-27DEC19,1564397940850,open,0.04,642.0,0.001,0.08,0.040089,103.32,0.041,0.0,ETH-27DEC19-520-C,208.99,100.54,0.036,404.0,0.044,160.0,105.85,0.318,-0.10888,0.09714,0.00168,0.15172
209.05,ETH-27SEP19,1564397940850,open,0.37,191.0,0.317,0.396,0.356971,98.58,0.5,0.0,ETH-27SEP19-140-C,208.99,0.0,0.01,50.0,0.0,0.0,0.0,0.16367,-0.13473,0.18131,0.00232,0.88567
9639.21,BTC-27DEC19,1564397940850,open,0.0,208.8,0.0005,0.0415,0.00170908,97.46,0.0015,0.0,BTC-27DEC19-2500-P,9481.24,90.62,0.001,5.0,0.0025,6.0,103.16,1.17909,-0.38084,-0.33954,0.0,-0.00681
208.99,SYN.ETH-2AUG19,1564397940850,open,0.11,10.0,0.061,0.14,0.100629,101.27,0.1,0.0,ETH-2AUG19-190-C,208.99,90.57,0.098,50.0,0.105,50.0,117.27,0.05392,-0.70442,0.01625,0.01148,0.83279
209.05,ETH-27SEP19,1564397940854,open,0.39,968.0,0.348,0.459,0.403149,99.95,0.38,0.0,ETH-27SEP19-280-P,208.99,74.45,0.37,110.0,1.333,1.0,500.0,0.29516,-0.24637,-0.37771,0.00412,-0.69826
209.05,ETH-27SEP19,1564397940856,open,0.63,347.0,0.59,0.722,0.655971,101.05,0.595,0.0,ETH-27SEP19-340-P,208.99,0.0,0.607,110.0,0.702,110.0,139.3,0.2082,-0.17568,-0.51212,0.00287,-0.83739
210.53,ETH-27DEC19,1564397940856,open,0.37,0.0,0.322,0.401,0.361078,100.05,None,0.0,ETH-27DEC19-160-C,208.99,0.0,0.001,1000.0,0.98,5.0,500.0,0.40813,-0.13532,0.35835,0.00223,0.77286
208.99,SYN.ETH-2AUG19,1564397940856,open,0.18,0.0,0.151,0.246,0.198481,103.83,None,0.0,ETH-2AUG19-250-P,208.99,0.0,0.0,0.0,0.0,0.0,0.0,0.02309,-0.3093,-0.02543,0.0048,-0.9475
208.99,SYN.ETH-2AUG19,1564397940856,open,0.23,0.0,0.196,0.295,0.245442,111.15,None,0.0,ETH-2AUG19-260-P,208.99,0.0,0.0,0.0,0.0,0.0,0.0,0.01554,-0.22278,-0.02692,0.00301,-0.9678
208.99,SYN.ETH-2AUG19,1564397940856,open,0.42,0.0,0.379,0.493,0.435775,139.35,None,0.0,ETH-2AUG19-300-P,208.99,0.0,0.0,0.0,0.0,0.0,0.0,0.00432,-0.07765,-0.0317,0.00067,-0.99277
210.53,ETH-27DEC19,1564397940858,open,0.02,1131.0,0.001,0.058,0.018593,107.74,0.012,0.0,ETH-27DEC19-720-C,208.99,98.26,0.011,350.0,0.026,573.0,115.01,0.19456,-0.06947,0.05041,0.00099,0.07652
209.02,SYN.ETH-30AUG19,1564397940860,open,0.01,1713.0,0.001,0.048,0.008844,102.67,0.014,0.0,ETH-30AUG19-340-C,208.99,97.9,0.007,200.0,0.011,320.0,107.61,0.0859,-0.13834,0.01176,0.00219,0.07328
209.05,ETH-27SEP19,1564397940862,open,1.83,27.0,1.758,1.987,1.872319,109.8,1.044,0.0,ETH-27SEP19-600-P,208.99,0.0,0.0,0.0,0.0,0.0,0.0,0.0336,-0.03081,-0.97958,0.00043,-0.98416
209.02,SYN.ETH-30AUG19,1564397940862,open,0.44,0.0,0.397,0.512,0.454581,100.77,None,0.0,ETH-30AUG19-300-P,208.99,0.0,0.0,0.0,0.0,0.0,0.0,0.13983,-0.22103,-0.23932,0.00364,-0.85646
209.02,SYN.ETH-30AUG19,1564397940864,open,0.2,757.0,0.151,0.23,0.190299,97.9,0.25,0.0,ETH-30AUG19-180-C,208.99,77.95,0.172,120.0,0.207,120.0,115.21,0.19802,-0.30407,0.1014,0.0053,0.74581
9513.72,BTC-27SEP19,1564397940878,open,1.29,0.2,1.225,1.4095,1.31722145,101.75,1.391,0.0,BTC-27SEP19-22000-P,9481.24,0.0,0.005,10.0,0.0,0.0,0.0,2.89058,-2.456,-35.63702,2e-05,-0.96624
9639.21,BTC-27DEC19,1564397940885,open,0.01,121.8,0.0005,0.0475,0.00756011,95.99,0.0085,0.0,BTC-27DEC19-3500-P,9481.24,90.15,0.0055,16.0,0.008,6.0,97.12,3.6926,-1.17467,-1.32055,1e-05,-0.02558
9639.21,BTC-27DEC19,1564397940885,open,0.01,262.4,0.0005,0.0535,0.01333021,95.99,0.015,0.0,BTC-27DEC19-4000-P,9481.24,91.72,0.011,6.0,0.0135,11.0,96.29,5.5006,-1.74983,-2.18401,1e-05,-0.04148
9639.21,BTC-27DEC19,1564397940885,open,0.56,6.5,0.5145,0.594,0.55449419,95.99,0.575,0.0,BTC-27DEC19-4500-C,9481.24,0.0,0.0115,0.1,0.964,1.0,500.0,7.5194,-2.39198,15.30342,2e-05,0.93857
9513.72,BTC-27SEP19,1564397940885,open,0.66,0.0,0.62,0.6995,0.65952194,117.58,None,0.0,BTC-27SEP19-3250-C,9481.24,0.0,0.005,10.0,0.876,5.0,500.0,0.68636,-0.6739,5.21501,0.0,0.99368
9513.72,BTC-27SEP19,1564397940885,open,0.25,147.6,0.2065,0.3065,0.25650177,96.58,0.257,0.0,BTC-27SEP19-11000-P,9481.24,90.9,0.2475,5.2,0.2655,5.0,102.22,15.13737,-12.20835,-12.89356,0.00011,-0.56966
9483.34,SYN.BTC-2AUG19,1564397940885,open,0.08,20.4,0.0315,0.111,0.07107042,101.41,0.076,0.0,BTC-2AUG19-9000-C,9481.24,94.05,0.0685,0.5,0.072,0.5,104.04,3.34603,-43.77576,0.6432,0.00035,0.70982
9483.34,SYN.BTC-2AUG19,1564397940885,open,0.07,164.6,0.0315,0.117,0.07411921,97.83,0.075,0.0,BTC-2AUG19-10000-P,9481.24,96.14,0.0735,0.7,0.077,4.1,105.6,3.48128,-43.93828,-0.76229,0.00037,-0.68289
9498.52,SYN.BTC-30AUG19,1564397940885,open,0.01,181.8,0.0005,0.049,0.00909586,98.59,0.01,0.0,BTC-30AUG19-15000-C,9481.24,95.95,0.008,24.0,0.01,24.0,100.65,4.0709,-6.2955,0.56681,5e-05,0.07743
9639.21,BTC-27DEC19,1564397940887,open,0.93,12.4,0.864,1.019,0.94162005,99.73,0.559,0.0,BTC-27DEC19-18000-P,9481.24,0.0,0.005,5.0,1.7215,0.2,499.8,19.97085,-6.60034,-67.13326,5e-05,-0.74326
9639.21,BTC-27DEC19,1564397940887,open,0.01,384.2,0.0005,0.051,0.01106603,103.56,0.0115,0.0,BTC-27DEC19-36000-C,9481.24,101.09,0.0095,6.0,0.0125,6.0,105.65,6.37916,-2.18939,1.54642,2e-05,0.04988
9498.52,SYN.BTC-30AUG19,1564397940887,open,0.04,147.5,0.0005,0.0765,0.03652798,96.01,0.042,0.0,BTC-30AUG19-12000-C,9481.24,94.37,0.035,19.3,0.0375,10.0,97.05,8.87441,-13.36537,1.75094,0.00012,0.24761
9498.52,SYN.BTC-30AUG19,1564397940887,open,0.01,185.2,0.0005,0.0455,0.0052932,97.27,0.007,0.0,BTC-30AUG19-6000-P,9481.24,94.07,0.0045,24.0,0.006,24.0,99.91,2.45658,-3.74819,-0.38209,3e-05,-0.04077
9498.52,SYN.BTC-30AUG19,1564397940887,open,0.02,113.6,0.0005,0.054,0.0144969,97.82,0.016,0.0,BTC-30AUG19-14000-C,9481.24,95.15,0.013,24.0,0.0155,24.0,99.53,5.46738,-8.3888,0.83836,7e-05,0.11556
9483.34,SYN.BTC-2AUG19,1564397940893,open,0.25,0.0,0.216,0.3165,0.26615534,108.05,None,0.0,BTC-2AUG19-12000-P,9481.24,0.0,0.0005,5.0,0.0,0.0,0.0,0.46877,-6.53453,-1.25506,5e-05,-0.98022
9513.72,BTC-27SEP19,1564397940902,open,0.02,676.3,0.0005,0.058,0.01770009,96.13,0.017,0.0,BTC-27SEP19-6000-P,9481.24,93.36,0.016,29.0,0.0185,25.0,97.4,5.94335,-4.77111,-1.58729,4e-05,-0.08401
9639.21,BTC-27DEC19,1564397940902,open,0.65,5.6,0.6,0.733,0.6664673,98.61,0.5485,0.0,BTC-27DEC19-15000-P,9481.24,0.0,0.45,0.2,1.1,0.1,278.2,22.99755,-7.5157,-52.38222,6e-05,-0.6482
9483.34,SYN.BTC-2AUG19,1564397940902,open,0.0,480.2,0.0005,0.0405,0.00091443,114.45,0.0005,0.0,BTC-2AUG19-7500-P,9481.24,104.61,0.0005,24.8,0.0015,36.9,124.33,0.47824,-7.06101,-0.02132,4e-05,-0.02025
209.0,SYN.ETH-9AUG19,1564397940913,open,0.08,10.0,0.027,0.106,0.066722,100.21,0.079,0.0,ETH-9AUG19-210-C,208.99,96.25,0.064,308.0,0.069,269.0,103.52,0.14368,-0.66192,0.02845,0.01102,0.52349
9513.72,BTC-27SEP19,1564397940925,open,0.06,210.9,0.0165,0.096,0.05625551,97.86,0.056,0.0,BTC-27SEP19-13000-C,9481.24,96.19,0.054,19.3,0.058,5.0,99.14,12.92,-10.55788,3.45665,9e-05,0.27774
9487.14,SYN.BTC-9AUG19,1564397940936,open,0.01,172.6,0.0005,0.0465,0.0065706,101.9,0.008,0.0,BTC-9AUG19-7500-P,9481.24,95.21,0.005,40.0,0.008,36.6,107.36,2.36958,-11.10046,-0.23679,9e-05,-0.07719
9513.72,BTC-27SEP19,1564397940939,open,0.0,312.2,0.0005,0.043,0.00312876,98.26,0.004,0.0,BTC-27SEP19-4500-P,9481.24,91.34,0.002,39.0,0.004,24.0,102.61,1.76661,-1.44957,-0.34155,1e-05,-0.01876
9513.72,BTC-27SEP19,1564397940939,open,0.01,396.3,0.0005,0.051,0.01058031,96.23,0.0105,0.0,BTC-27SEP19-5500-P,9481.24,93.76,0.0095,24.0,0.0115,24.0,98.24,4.26812,-3.42976,-1.01885,3e-05,-0.0547
9639.21,BTC-27DEC19,1564397940939,open,0.0,222.5,0.0005,0.044,0.00445626,105.85,0.0045,0.0,BTC-27DEC19-48000-C,9481.24,102.75,0.0035,12.0,0.0055,10.0,108.75,3.22315,-1.13066,0.6896,1e-05,0.02176
9639.21,BTC-27DEC19,1564397940939,open,3.12,0.0,2.992,3.324,3.15786758,104.69,2.58,0.0,BTC-27DEC19-40000-P,9481.24,0.0,0.0005,3.0,0.0,0.0,0.0,5.09203,-1.76662,-164.16472,1e-05,-0.96227
9513.72,BTC-27SEP19,1564397940943,open,0.69,225.7,0.6455,0.725,0.68543385,119.73,0.693,0.0,BTC-27SEP19-3000-C,9481.24,0.0,0.005,20.0,0.882,5.0,500.0,0.49357,-0.49348,4.84118,0.0,0.99564
9483.34,SYN.BTC-2AUG19,1564397940954,open,0.27,0.0,0.2225,0.302,0.26213547,121.56,None,0.0,BTC-2AUG19-7000-C,9481.24,0.0,0.01,10.0,0.0,0.0,0.0,0.17715,-2.77816,0.73651,2e-05,0.99355
9498.52,SYN.BTC-30AUG19,1564397940971,open,0.21,21.0,0.1605,0.24,0.20019983,95.02,0.2375,0.0,BTC-30AUG19-8000-C,9481.24,0.0,0.0,0.0,0.0,0.0,0.0,8.44114,-12.58127,4.75915,0.00011,0.77393
9487.14,SYN.BTC-9AUG19,1564397940990,open,0.06,65.9,0.0255,0.1105,0.0678825,97.64,0.0725,0.0,BTC-9AUG19-9500-P,9481.24,96.35,0.067,5.5,0.0705,4.7,101.45,6.51427,-29.24086,-1.51942,0.00025,-0.46962
9483.34,SYN.BTC-2AUG19,1564397941003,open,0.36,0.0,0.3165,0.4255,0.37112101,122.46,None,0.0,BTC-2AUG19-13000-P,9481.24,0.0,0.01,10.0,0.0,0.0,0.0,0.20043,-3.16651,-1.37321,2e-05,-0.99258
9639.21,BTC-27DEC19,1564397941010,open,0.13,216.1,0.087,0.1665,0.12682337,98.22,0.131,0.0,BTC-27DEC19-14000-C,9481.24,96.67,0.123,4.9,0.1295,9.9,99.3,23.80445,-7.7482,10.54774,6e-05,0.39155
9513.72,BTC-27SEP19,1564397941010,open,0.0,137.4,0.0005,0.0415,0.00175718,102.78,0.0035,0.0,BTC-27SEP19-26000-C,9481.24,96.33,0.001,15.0,0.0025,28.2,107.4,1.34622,-1.15544,0.18575,1e-05,0.01366
9513.72,BTC-27SEP19,1564397941010,open,0.0,405.8,0.0005,0.0405,0.00050402,131.14,0.0005,0.0,BTC-27SEP19-2500-P,9481.24,0.0,0.0,0.0,0.001,34.6,142.49,0.32099,-0.35152,-0.05006,0.0,-0.0027
9513.72,BTC-27SEP19,1564397941010,open,0.24,899.9,0.1955,0.275,0.23525336,96.13,0.2375,0.0,BTC-27SEP19-8000-C,9481.24,85.96,0.222,0.5,0.3165,5.0,156.38,12.52742,-10.05621,7.85922,9e-05,0.73884
9639.21,BTC-27DEC19,1564397941010,open,0.0,98.9,0.0005,0.041,0.0014192,110.22,0.001,0.0,BTC-27DEC19-2000-P,9481.24,96.76,0.0005,3.0,0.002,10.0,115.75,0.90123,-0.32919,-0.25705,0.0,-0.00503
9639.21,BTC-27DEC19,1564397941022,open,0.23,488.3,0.189,0.2685,0.228611,95.99,0.22,0.0,BTC-27DEC19-10000-C,9481.24,94.54,0.225,0.2,0.232,8.6,97.36,23.96878,-7.62508,14.73162,7e-05,0.59834
9639.21,BTC-27DEC19,1564397941022,open,0.0,845.3,0.0005,0.0435,0.00395167,108.36,0.0035,0.0,BTC-27DEC19-52000-C,9481.24,106.79,0.0035,45.7,0.0045,20.0,110.1,2.89687,-1.04029,0.60709,1e-05,0.01919
9513.72,BTC-27SEP19,1564397941022,open,0.56,9.2,0.516,0.5955,0.55574401,100.95,0.574,0.0,BTC-27SEP19-4250-C,9481.24,0.0,0.005,10.1,0.6645,5.0,299.57,1.44289,-1.21635,6.70227,1e-05,0.9852
9513.72,BTC-27SEP19,1564397941031,open,0.0,124.2,0.0005,0.041,0.00126332,104.35,0.004,0.0,BTC-27SEP19-3750-P,9481.24,92.79,0.0005,11.0,0.002,39.0,111.52,0.83402,-0.72673,-0.14279,1e-05,-0.00789
9498.52,SYN.BTC-30AUG19,1564397941031,open,0.21,20.5,0.1675,0.2645,0.21612249,95.62,0.24,0.0,BTC-30AUG19-11000-P,9481.24,0.0,0.0585,0.1,0.23,2.7,108.08,10.42571,-15.6368,-7.16239,0.00014,-0.64732
9639.21,BTC-27DEC19,1564397941033,open,0.65,4.0,0.6045,0.684,0.64445831,95.99,0.64,0.0,BTC-27DEC19-3500-C,9481.24,0.0,0.0075,0.2,0.78,1.0,263.57,3.69221,-1.1745,13.14718,1e-05,0.97442
9513.72,BTC-27SEP19,1564397941033,open,0.0,492.7,0.0005,0.04,0.00026777,142.44,0.0005,0.0,BTC-27SEP19-2000-P,9481.24,0.0,0.0,0.0,0.0005,8.5,152.34,0.17502,-0.20818,-0.02582,0.0,-0.00139
9639.21,BTC-27DEC19,1564397941033,open,0.74,7.1,0.6865,0.8265,0.75628966,99.03,0.491,0.0,BTC-27DEC19-16000-P,9481.24,0.0,0.005,5.0,1.522,0.2,500.0,22.05913,-7.23938,-57.36856,6e-05,-0.68352
9639.21,BTC-27DEC19,1564397941035,open,0.8,0.0,0.754,0.8335,0.79393263,110.21,None,0.0,BTC-27DEC19-2000-C,9481.24,0.0,0.0155,3.0,0.977,0.5,500.0,0.90095,-0.32907,8.01021,0.0,0.99497
9639.21,BTC-27DEC19,1564397941035,open,0.35,93.7,0.3035,0.383,0.34334638,96.0,0.346,0.0,BTC-27DEC19-7500-C,9481.24,0.0,0.211,0.1,0.3695,2.5,109.12,19.14475,-6.09052,16.71087,5e-05,0.76275
9483.34,SYN.BTC-2AUG19,1564397941035,open,0.17,2.0,0.119,0.1985,0.15884203,104.66,0.185,0.0,BTC-2AUG19-8000-C,9481.24,0.0,0.156,0.5,0.1605,0.5,117.89,1.03085,-13.91892,0.79523,0.0001,0.94856
9483.34,SYN.BTC-2AUG19,1564397941035,open,0.32,0.0,0.275,0.3545,0.31483218,146.26,None,0.0,BTC-2AUG19-6500-C,9481.24,0.0,0.01,10.0,0.0,0.0,0.0,0.13918,-2.62618,0.685,1e-05,0.99508
9498.52,SYN.BTC-30AUG19,1564397941035,open,0.88,0.0,0.8215,0.973,0.89722929,100.06,None,0.0,BTC-30AUG19-18000-P,9481.24,0.0,0.0,0.0,0.0,0.0,0.0,1.47383,-2.3133,-15.55517,2e-05,-0.97799
9639.21,BTC-27DEC19,1564397941052,open,0.85,0.1,0.805,0.8845,0.84489205,114.52,0.84,0.0,BTC-27DEC19-1500-C,9481.24,0.0,0.0205,10.0,0.981,0.5,500.0,0.37454,-0.14215,6.1046,0.0,0.9981
9513.72,BTC-27SEP19,1564397941052,open,0.12,220.7,0.08,0.1695,0.12468114,96.12,0.1225,0.0,BTC-27SEP19-9000-P,9481.24,93.71,0.121,19.3,0.127,24.3,97.64,14.52253,-11.65723,-7.68855,0.0001,-0.36797
9639.21,BTC-27DEC19,1564397941055,open,1.31,3.9,1.235,1.421,1.32807013,100.94,0.752,0.0,BTC-27DEC19-22000-P,9481.24,0.0,0.0065,2.0,2.123,0.3,500.0,15.7887,-5.28153,-85.91534,4e-05,-0.8282
9513.72,BTC-27SEP19,1564397941060,open,0.03,393.9,0.0005,0.0715,0.03190916,99.14,0.038,0.0,BTC-27SEP19-15000-C,9481.24,97.29,0.03,19.3,0.0335,19.3,100.65,9.9458,-8.23376,2.23881,7e-05,0.17536
9513.72,BTC-27SEP19,1564397941060,open,0.01,444.1,0.0005,0.0445,0.00475785,101.7,0.0055,0.0,BTC-27SEP19-22000-C,9481.24,97.14,0.0035,44.2,0.006,24.0,105.5,2.88529,-2.45042,0.45148,2e-05,0.03369
9513.72,BTC-27SEP19,1564397941067,open,1.09,0.0,1.026,1.1945,1.11024477,101.05,None,0.0,BTC-27SEP19-20000-P,9481.24,0.0,0.005,10.0,1.6665,0.2,499.89,4.20047,-3.54438,-32.09707,3e-05,-0.94639
9513.72,BTC-27SEP19,1564397941067,open,1.71,0.0,1.6255,1.8435,1.73459496,102.37,None,0.0,BTC-27SEP19-26000-P,9481.24,0.0,0.0,0.0,0.0,0.0,0.0,1.31525,-1.12435,-42.4702,1e-05,-0.9867
9639.21,BTC-27DEC19,1564397941072,open,0.14,248.1,0.101,0.192,0.1464123,95.99,0.1425,0.0,BTC-27DEC19-8000-P,9481.24,93.45,0.141,4.9,0.147,4.9,96.27,20.51889,-6.52741,-16.62083,6e-05,-0.27073
9639.21,BTC-27DEC19,1564397941072,open,0.03,154.9,0.0005,0.069,0.02930311,101.87,0.0355,0.0,BTC-27DEC19-26000-C,9481.24,100.43,0.0275,6.0,0.031,6.0,103.19,12.2153,-4.12391,3.51478,3e-05,0.11752
9639.21,BTC-27DEC19,1564397941074,open,0.26,230.6,0.2155,0.3165,0.26601674,95.99,0.264,0.0,BTC-27DEC19-10000-P,9481.24,94.57,0.2625,4.9,0.2705,15.2,97.79,23.96899,-7.6244,-26.6038,7e-05,-0.40167
9513.72,BTC-27SEP19,1564397941074,open,0.74,55.9,0.698,0.7775,0.73773107,131.3,0.689,0.0,BTC-27SEP19-2500-C,9481.24,0.0,0.005,10.0,0.895,5.0,500.0,0.32345,-0.35465,4.05057,0.0,0.99727
9639.21,BTC-27DEC19,1564397941078,open,3.52,0.0,3.3875,3.753,3.57029339,104.4,3.46,0.0,BTC-27DEC19-44000-P,9481.24,0.0,0.0,0.0,0.0,0.0,0.0,3.8664,-1.33775,-181.02386,1e-05,-0.97297
9483.34,SYN.BTC-2AUG19,1564397941078,open,0.46,0.0,0.4175,0.5355,0.47648157,141.71,None,0.0,BTC-2AUG19-14000-P,9481.24,0.0,0.01,10.0,0.0,0.0,0.0,0.13465,-2.46161,-1.48201,1e-05,-0.99526
9513.72,BTC-27SEP19,1564397941112,open,0.49,790.2,0.4405,0.52,0.48046349,97.16,0.498,0.0,BTC-27SEP19-5000-C,9481.24,0.0,0.051,1.0,0.6255,5.0,299.64,2.87336,-2.33137,7.5851,2e-05,0.96648
9513.72,BTC-27SEP19,1564397941130,open,0.0,617.1,0.0005,0.0405,0.00076976,119.76,0.0005,0.0,BTC-27SEP19-3000-P,9481.24,0.0,0.0,0.0,0.001,10.0,123.8,0.4944,-0.49445,-0.08026,0.0,-0.00437
9513.72,BTC-27SEP19,1564397941130,open,0.33,73.0,0.283,0.3895,0.33631571,97.16,0.332,0.0,BTC-27SEP19-12000-P,9481.24,79.27,0.3105,5.0,0.35,5.0,106.19,14.22838,-11.5436,-15.43889,0.0001,-0.65294
9639.21,BTC-27DEC19,1564397941130,open,0.01,189.7,0.0005,0.0455,0.00570813,104.66,0.008,0.0,BTC-27DEC19-44000-C,9481.24,101.45,0.0045,18.0,0.007,10.0,107.63,3.91435,-1.35769,0.86556,1e-05,0.02743
9639.21,BTC-27DEC19,1564397941130,open,0.04,267.4,0.0005,0.076,0.03642276,101.42,0.0375,0.0,BTC-27DEC19-24000-C,9481.24,100.07,0.0345,6.0,0.038,6.0,102.51,13.90436,-4.67343,4.19299,4e-05,0.14166
9639.21,BTC-27DEC19,1564397941130,open,0.1,240.9,0.055,0.1425,0.09862404,95.99,0.101,0.0,BTC-27DEC19-7000-P,9481.24,92.89,0.093,4.9,0.0975,4.9,95.37,17.56342,-5.58695,-12.06285,5e-05,-0.20412
9513.72,BTC-27SEP19,1564397941130,open,0.0,49.2,0.0005,0.041,0.0011358,117.6,0.002,0.0,BTC-27SEP19-3250-P,9481.24,0.0,0.0,0.0,0.0015,15.0,122.19,0.68716,-0.67484,-0.11654,0.0,-0.00633
9483.34,SYN.BTC-2AUG19,1564397941130,open,0.0,242.7,0.0005,0.0405,0.00081278,108.73,0.001,0.0,BTC-2AUG19-12000-C,9481.24,0.0,0.0,0.0,0.001,1.4,112.17,0.48207,-6.76245,0.01977,5e-05,0.02045
9483.34,SYN.BTC-2AUG19,1564397941132,open,0.01,232.9,0.0005,0.048,0.00797533,103.43,0.0065,0.0,BTC-2AUG19-8500-P,9481.24,101.34,0.0075,0.1,0.009,33.5,107.81,2.17494,-29.02247,-0.149,0.00022,-0.13999
9498.52,SYN.BTC-30AUG19,1564397941132,open,0.03,105.0,0.0005,0.063,0.0230493,96.94,0.024,0.0,BTC-30AUG19-13000-C,9481.24,94.84,0.0215,19.3,0.0245,19.3,98.85,7.11636,-10.82088,1.22307,9e-05,0.17049
9513.72,BTC-27SEP19,1564397941134,open,0.64,261.1,0.5935,0.673,0.63345138,112.48,0.714,0.0,BTC-27SEP19-3500-C,9481.24,0.0,0.161,1.0,0.708,10.0,299.32,0.81669,-0.76707,5.60041,0.0,0.9923
9513.72,BTC-27SEP19,1564397941134,open,0.53,289.7,0.4905,0.57,0.530137,98.31,0.588,0.0,BTC-27SEP19-4500-C,9481.24,0.0,0.002,1.1,0.651,5.0,299.56,1.76978,-1.45291,7.03963,1e-05,0.9812
9639.21,BTC-27DEC19,1564397941134,open,0.74,0.0,0.7025,0.782,0.74235742,97.51,None,0.0,BTC-27DEC19-2500-C,9481.24,0.0,0.0155,3.0,0.974,0.5,500.0,1.18164,-0.38185,9.99351,0.0,0.99317
9639.21,BTC-27DEC19,1564397941134,open,0.41,63.0,0.364,0.4435,0.40387497,96.0,0.4965,0.0,BTC-27DEC19-6500-C,9481.24,63.41,0.355,1.0,0.9565,2.0,500.0,15.7893,-5.02311,16.90653,4e-05,0.82819
9498.52,SYN.BTC-30AUG19,1564397941136,open,0.77,0.0,0.722,0.8645,0.79323363,99.43,None,0.0,BTC-30AUG19-17000-P,9481.24,0.0,0.0,0.0,0.0,0.0,0.0,2.08281,-3.24833,-14.59873,3e-05,-0.96668
9639.23,BTC-27DEC19,1564397941159,open,0.04,88.3,0.003,0.086,0.04470925,95.99,0.0435,0.0,BTC-27DEC19-5500-P,9481.24,92.07,0.04,6.0,0.0435,6.0,95.0,11.77886,-3.74692,-6.23042,3e-05,-0.11166
9498.52,SYN.BTC-30AUG19,1564397941159,open,0.04,139.9,0.001,0.084,0.04241557,95.0,0.044,0.0,BTC-30AUG19-8000-P,9481.24,92.26,0.04,19.3,0.044,19.3,96.77,8.44041,-12.57709,-2.22684,0.00011,-0.22604
9483.34,SYN.BTC-2AUG19,1564397941159,open,0.01,242.1,0.0005,0.049,0.00906536,99.38,0.0085,0.0,BTC-2AUG19-10500-C,9481.24,95.25,0.008,24.5,0.01,0.1,102.87,2.49861,-32.03442,0.16485,0.00026,0.17278
9483.34,SYN.BTC-2AUG19,1564397941159,open,0.0,145.1,0.0005,0.04,0.00024859,144.35,0.0005,0.0,BTC-2AUG19-14000-C,9481.24,0.0,0.0,0.0,0.0005,12.0,156.22,0.15314,-2.35742,0.00526,1e-05,0.00547
9483.34,SYN.BTC-2AUG19,1564397941159,open,0.3,0.0,0.2665,0.3715,0.31881168,122.01,None,0.0,BTC-2AUG19-12500-P,9481.24,0.0,0.01,10.0,0.0,0.0,0.0,0.40006,-6.29717,-1.31147,3e-05,-0.98357
9639.21,BTC-27DEC19,1564397941161,open,1.5,0.0,1.4255,1.627,1.52619653,101.38,None,0.0,BTC-27DEC19-24000-P,9481.24,0.0,0.0065,1.0,2.3245,0.2,500.0,13.89436,-4.66825,-95.01667,4e-05,-0.85849
9483.34,SYN.BTC-2AUG19,1564397941179,open,0.12,31.6,0.072,0.1515,0.11169102,103.54,0.085,0.0,BTC-2AUG19-8500-C,9481.24,90.95,0.109,0.5,0.1125,0.5,107.0,2.17728,-29.08336,0.75332,0.00022,0.85979
9487.14,SYN.BTC-9AUG19,1564397941192,open,0.01,209.8,0.0005,0.047,0.00719041,98.21,0.008,0.0,BTC-9AUG19-12000-C,9481.24,94.0,0.006,30.0,0.008,0.1,100.88,2.80169,-12.64981,0.25269,0.00011,0.09658
209.05,ETH-27SEP19,1564397941219,open,0.0,5743.0,0.001,0.042,0.002055,108.93,0.002,0.0,ETH-27SEP19-600-C,208.99,100.25,0.001,203.0,0.003,310.0,114.3,0.03212,-0.02922,0.00445,0.00041,0.01503
209.05,ETH-27SEP19,1564397941272,open,0.0,4512.0,0.001,0.044,0.004804,104.75,0.007,0.0,ETH-27SEP19-100-P,208.99,90.1,0.002,1.0,0.007,526.0,112.91,0.05043,-0.04411,-0.01042,0.00067,-0.02557
9487.14,SYN.BTC-9AUG19,1564397941311,open,0.18,0.0,0.1305,0.21,0.170126,99.71,None,0.0,BTC-9AUG19-8000-C,9481.24,0.0,0.0005,5.0,0.0,0.0,0.0,3.65934,-16.77407,1.94786,0.00014,0.85919
9487.14,SYN.BTC-9AUG19,1564397941343,open,0.05,34.2,0.0055,0.085,0.04532166,97.71,0.05,0.0,BTC-9AUG19-10000-C,9481.24,92.75,0.042,18.0,0.0475,4.9,100.95,6.36586,-28.5964,1.03058,0.00024,0.40989
209.0,SYN.ETH-9AUG19,1564397941368,open,0.12,2.0,0.089,0.179,0.133982,101.16,0.129,0.0,ETH-9AUG19-230-P,208.99,0.0,0.0,0.0,0.142,300.0,113.89,0.12942,-0.60185,-0.05054,0.00983,-0.6776
9513.7,BTC-27SEP19,1564397941370,open,0.18,384.9,0.139,0.2185,0.17868835,96.13,0.183,0.0,BTC-27SEP19-9000-C,9481.24,92.73,0.1735,0.1,0.18,19.4,96.99,14.52252,-11.65788,7.07517,0.0001,0.63203
209.0,SYN.ETH-9AUG19,1564397941450,open,0.03,32.0,0.001,0.063,0.02348,102.49,0.025,0.0,ETH-9AUG19-240-C,208.99,97.85,0.021,200.0,0.026,300.0,107.09,0.11318,-0.53332,0.01374,0.00848,0.24408
209.0,SYN.ETH-9AUG19,1564397941541,open,0.16,11.0,0.125,0.218,0.1717,102.31,0.123,0.0,ETH-9AUG19-240-P,208.99,0.0,0.0,0.0,0.18,300.0,117.08,0.11306,-0.53178,-0.0578,0.00849,-0.75642
9487.14,SYN.BTC-9AUG19,1564397941548,open,0.26,0.0,0.2215,0.3225,0.27202762,98.1,None,0.0,BTC-9AUG19-12000-P,9481.24,0.0,0.0005,5.0,0.0,0.0,0.0,2.79549,-12.60726,-3.32361,0.00011,-0.90371
209.0,SYN.ETH-9AUG19,1564397941632,open,0.02,57.0,0.001,0.056,0.016142,103.47,0.023,0.0,ETH-9AUG19-250-C,208.99,98.63,0.014,200.0,0.018,272.0,107.48,0.09482,-0.45101,0.01023,0.00704,0.18045
209.0,SYN.ETH-9AUG19,1564397941719,open,0.2,0.0,0.164,0.26,0.212304,103.45,None,0.0,ETH-9AUG19-250-P,208.99,0.0,0.0,0.0,0.0,0.0,0.0,0.0948,-0.45091,-0.06426,0.00704,-0.81958
9487.14,SYN.BTC-9AUG19,1564397941886,open,0.01,200.1,0.0005,0.044,0.00443849,99.18,0.006,0.0,BTC-9AUG19-12500-C,9481.24,91.77,0.003,40.0,0.006,35.9,105.86,2.04119,-9.30701,0.16719,8e-05,0.06358
209.0,SYN.ETH-9AUG19,1564397941886,open,0.24,0.0,0.205,0.305,0.25487,104.06,None,0.0,ETH-9AUG19-260-P,208.99,0.0,0.0,0.0,0.0,0.0,0.0,0.07638,-0.36539,-0.07004,0.00564,-0.86986
209.0,SYN.ETH-9AUG19,1564397941967,open,0.01,21.0,0.001,0.047,0.007206,104.6,0.008,0.0,ETH-9AUG19-270-C,208.99,100.18,0.006,250.0,0.009,300.0,110.56,0.05959,-0.28656,0.00529,0.00438,0.09208
9487.14,SYN.BTC-9AUG19,1564397942012,open,0.14,0.0,0.09,0.1695,0.12963429,99.39,None,0.0,BTC-9AUG19-8500-C,9481.24,91.44,0.1255,6.0,0.1335,6.0,106.6,5.01898,-22.93373,1.79929,0.00019,0.76614
9487.14,SYN.BTC-9AUG19,1564397942033,open,0.03,71.0,0.0005,0.0695,0.02992003,97.9,0.038,0.0,BTC-9AUG19-10500-C,9481.24,93.02,0.027,24.0,0.0325,4.9,102.15,5.71968,-25.74472,0.77201,0.00022,0.30302
209.0,SYN.ETH-9AUG19,1564397942062,open,0.28,0.0,0.248,0.351,0.299078,104.64,None,0.0,ETH-9AUG19-270-P,208.99,0.0,0.0,0.0,0.0,0.0,0.0,0.05963,-0.28688,-0.07516,0.00438,-0.90782
209.0,SYN.ETH-9AUG19,1564397942142,open,0.01,62.0,0.001,0.044,0.004622,104.6,0.011,0.0,ETH-9AUG19-280-C,208.99,96.11,0.003,250.0,0.005,500.0,106.33,0.04469,-0.2149,0.00364,0.00328,0.06308
209.0,SYN.ETH-9AUG19,1564397942237,open,0.33,0.0,0.291,0.398,0.344341,104.65,None,0.0,ETH-9AUG19-280-P,208.99,0.0,0.0,0.0,0.0,0.0,0.0,0.04475,-0.2153,-0.07978,0.00329,-0.93681
209.05,ETH-27SEP19,1564397942274,open,0.0,5743.0,0.001,0.042,0.002056,108.93,0.002,0.0,ETH-27SEP19-600-C,208.99,100.25,0.001,203.0,0.003,309.0,114.3,0.03212,-0.02922,0.00445,0.00041,0.01503
208.99,SYN.ETH-2AUG19,1564397942276,open,0.0,525.0,0.001,0.04,0.000652,113.17,0.001,0.0,ETH-2AUG19-270-C,208.99,0.0,0.0,0.0,0.001,216.0,120.32,0.00874,-0.12761,0.00035,0.00167,0.01626
209.05,ETH-27SEP19,1564397942304,open,0.0,2654.0,0.001,0.042,0.002944,107.96,0.005,0.0,ETH-27SEP19-560-C,208.99,94.72,0.001,440.0,0.005,772.0,116.34,0.04261,-0.03842,0.00617,0.00055,0.02093
209.05,ETH-27SEP19,1564397942312,open,0.0,2060.0,0.001,0.042,0.002406,118.13,0.003,0.0,ETH-27SEP19-80-P,208.99,0.0,0.0,0.0,0.003,533.0,122.4,0.02706,-0.02669,-0.00505,0.00032,-0.01232
209.0,SYN.ETH-9AUG19,1564397942323,open,0.0,12.0,0.001,0.042,0.002939,104.71,0.003,0.0,ETH-9AUG19-290-C,208.99,98.01,0.002,250.0,0.004,243.0,110.9,0.03269,-0.15737,0.00247,0.0024,0.04256
9487.14,SYN.BTC-9AUG19,1564397942350,open,0.13,0.0,0.0915,0.182,0.13668271,97.91,None,0.0,BTC-9AUG19-10500-P,9481.24,0.0,0.0005,5.0,0.144,12.0,109.81,5.71972,-25.74546,-2.3566,0.00022,-0.69697
209.0,SYN.ETH-9AUG19,1564397942413,open,0.37,0.0,0.335,0.446,0.390505,104.79,None,0.0,ETH-9AUG19-290-P,208.99,0.0,0.0,0.0,0.0,0.0,0.0,0.03277,-0.15787,-0.08394,0.0024,-0.95732
9487.14,SYN.BTC-9AUG19,1564397942426,open,0.02,22.6,0.0005,0.059,0.01921861,98.2,0.0175,0.0,BTC-9AUG19-11000-C,9481.15,93.72,0.017,24.0,0.021,0.1,101.68,4.78908,-21.62085,0.55433,0.00018,0.21531
9487.14,SYN.BTC-9AUG19,1564397942426,open,0.04,80.7,0.0015,0.0845,0.04316687,98.02,0.048,0.0,BTC-9AUG19-9000-P,9481.15,93.82,0.0405,24.0,0.0455,4.2,101.67,6.04017,-27.21825,-1.1001,0.00023,-0.346
9487.14,SYN.BTC-9AUG19,1564397942426,open,0.02,32.6,0.0005,0.0665,0.02558503,99.39,0.026,0.0,BTC-9AUG19-8500-P,9481.15,95.42,0.0235,24.0,0.028,29.0,103.92,5.01902,-22.93437,-0.73342,0.00019,-0.23387
209.0,SYN.ETH-9AUG19,1564397942538,open,0.29,0.0,0.245,0.324,0.284519,106.74,None,0.0,ETH-9AUG19-150-C,208.99,0.0,0.0,0.0,0.0,0.0,0.0,0.02401,-0.11784,0.04274,0.00173,0.97078
9513.65,BTC-27SEP19,1564397942661,open,0.0,756.0,0.0005,0.041,0.00104575,113.27,0.002,0.0,BTC-27SEP19-32000-C,9481.15,105.24,0.0005,18.0,0.0015,19.8,117.79,0.83274,-0.78764,0.10654,0.0,0.00787
209.0,SYN.ETH-9AUG19,1564397942916,open,0.0,0.0,0.001,0.042,0.002226,106.79,None,0.0,ETH-9AUG19-150-P,208.99,0.0,0.0,0.0,0.004,850.0,119.69,0.02405,-0.11809,-0.00196,0.00173,-0.02927
9513.74,BTC-27SEP19,1564397942924,open,0.18,269.1,0.138,0.2325,0.18513292,96.13,0.1885,0.0,BTC-27SEP19-10000-P,9481.15,94.81,0.183,2.9,0.189,5.0,98.53,15.33824,-12.31309,-10.27796,0.00011,-0.47343
209.0,SYN.ETH-9AUG19,1564397943003,open,0.25,0.0,0.2,0.279,0.239509,105.69,None,0.0,ETH-9AUG19-160-C,208.99,0.0,0.0,0.0,0.0,0.0,0.0,0.04292,-0.20855,0.04363,0.00312,0.9401
209.0,SYN.ETH-9AUG19,1564397943153,open,0.0,8.0,0.001,0.041,0.001988,106.06,0.002,0.0,ETH-9AUG19-300-C,208.99,95.73,0.001,250.0,0.003,299.0,113.64,0.02445,-0.11923,0.00174,0.00177,0.02986
209.0,SYN.ETH-9AUG19,1564397943164,open,0.34,0.0,0.292,0.371,0.331503,115.67,None,0.0,ETH-9AUG19-140-C,208.99,0.0,0.0,0.0,0.0,0.0,0.0,0.01565,-0.0832,0.04054,0.00104,0.98243
209.0,SYN.ETH-9AUG19,1564397943204,open,0.21,0.0,0.157,0.236,0.196683,104.18,None,0.0,ETH-9AUG19-170-C,208.99,0.0,0.0,0.0,0.0,0.0,0.0,0.06685,-0.3202,0.04331,0.00493,0.89222
209.0,SYN.ETH-9AUG19,1564397943288,open,0.01,3.0,0.001,0.05,0.010083,104.2,0.014,0.0,ETH-9AUG19-170-P,208.99,97.39,0.008,250.0,0.012,250.0,109.99,0.06687,-0.32036,-0.00734,0.00493,-0.10782
209.0,SYN.ETH-9AUG19,1564397943314,open,0.42,0.0,0.38,0.494,0.437401,106.16,None,0.0,ETH-9AUG19-300-P,208.99,0.0,0.0,0.0,0.0,0.0,0.0,0.02455,-0.11982,-0.08765,0.00178,-0.97
209.0,SYN.ETH-9AUG19,1564397943328,open,0.0,0.0,0.001,0.041,0.001363,115.75,None,0.0,ETH-9AUG19-140-P,208.99,0.0,0.0,0.0,0.002,300.0,123.24,0.01569,-0.08348,-0.00118,0.00104,-0.01763
9513.74,BTC-27SEP19,1564397943336,open,0.0,671.4,0.0005,0.041,0.00101258,107.84,0.001,0.0,BTC-27SEP19-30000-C,9481.15,100.45,0.0005,10.5,0.0015,28.3,112.59,0.84009,-0.7565,0.10829,1e-05,0.00795
209.0,SYN.ETH-9AUG19,1564397943373,open,0.17,0.0,0.118,0.197,0.157328,103.32,None,0.0,ETH-9AUG19-180-C,208.99,0.0,0.0,0.0,0.0,0.0,0.0,0.09368,-0.445,0.04145,0.00697,0.82297
210.53,ETH-27DEC19,1564397943438,open,0.16,221.0,0.119,0.198,0.158463,100.97,0.166,0.0,ETH-27DEC19-280-C,208.98,98.43,0.152,345.0,0.165,345.0,103.54,0.53645,-0.17951,0.2575,0.0029,0.45435
210.53,ETH-27DEC19,1564397943438,open,0.05,2244.0,0.008,0.091,0.049562,100.04,0.04,0.0,ETH-27DEC19-120-P,208.98,95.54,0.044,50.0,0.053,282.0,102.76,0.26424,-0.0876,-0.14402,0.00144,-0.11593
209.04,ETH-27SEP19,1564397943438,open,2.21,0.0,2.124,2.384,2.254157,112.2,None,0.0,ETH-27SEP19-680-P,208.98,0.0,0.0,0.0,0.0,0.0,0.0,0.02045,-0.01916,-1.11284,0.00025,-0.99107
210.53,ETH-27DEC19,1564397943438,open,0.47,442.0,0.429,0.547,0.488439,100.97,0.485,0.0,ETH-27DEC19-280-P,208.98,96.47,0.477,30.0,0.497,30.0,104.33,0.53645,-0.17951,-0.89991,0.0029,-0.54565
209.04,ETH-27SEP19,1564397943439,open,0.0,2697.0,0.001,0.04,0.00098,114.34,0.001,0.0,ETH-27SEP19-720-C,208.98,0.0,0.0,0.0,0.002,492.0,123.69,0.01725,-0.01647,0.00219,0.00021,0.00736
209.04,ETH-27SEP19,1564397943440,open,0.24,2475.0,0.205,0.305,0.255132,99.34,0.28,0.0,ETH-27SEP19-240-P,208.98,94.24,0.247,230.0,0.26,230.0,102.38,0.33437,-0.27738,-0.27832,0.0047,-0.5565
210.52,ETH-27DEC19,1564397943440,open,2.58,0.0,2.481,2.77,2.625612,107.53,None,0.0,ETH-27DEC19-760-P,208.98,0.0,0.001,100.0,0.0,0.0,0.0,0.17239,-0.06143,-3.09812,0.00088,-0.93462
209.04,ETH-27SEP19,1564397943440,open,0.9,79.0,0.851,1.004,0.927761,102.39,0.351,0.0,ETH-27SEP19-400-P,208.98,0.0,0.0,0.0,0.0,0.0,0.0,0.13442,-0.11493,-0.63112,0.00183,-0.91269
210.52,ETH-27DEC19,1564397943440,open,0.95,16.0,0.898,1.055,0.976786,102.45,1.195,0.0,ETH-27DEC19-400-P,208.98,0.0,0.001,8.0,1.49,1.0,318.87,0.43851,-0.14888,-1.49447,0.00234,-0.7406
209.04,ETH-27SEP19,1564397943439,open,2.58,0.0,2.492,2.781,2.636475,116.19,None,0.0,ETH-27SEP19-760-P,208.98,0.0,0.0,0.0,0.0,0.0,0.0,0.01456,-0.01413,-1.24492,0.00017,-0.99392
210.52,ETH-27DEC19,1564397943440,open,0.63,83.0,0.578,0.708,0.64288,101.39,0.626,0.0,ETH-27DEC19-320-P,208.98,0.0,0.006,5.0,1.58,1.0,500.0,0.5136,-0.17258,-1.10258,0.00277,-0.62416
209.04,ETH-27SEP19,1564397943440,open,0.72,233.0,0.676,0.815,0.745297,101.57,0.763,0.0,ETH-27SEP19-360-P,208.98,89.57,0.736,45.0,0.0,0.0,0.0,0.18126,-0.15374,-0.55313,0.00249,-0.86773
208.99,SYN.ETH-2AUG19,1564397943439,open,0.04,287.0,0.002,0.085,0.043408,99.43,0.043,0.0,ETH-2AUG19-210-P,208.98,91.14,0.04,155.0,0.046,218.0,105.74,0.08591,-1.10209,-0.01202,0.01863,-0.49826
209.0,SYN.ETH-9AUG19,1564397943438,open,0.09,3.0,0.057,0.144,0.100253,100.39,0.099,0.0,ETH-9AUG19-220-P,208.98,95.56,0.097,150.0,0.103,237.0,104.47,0.14081,-0.64991,-0.04254,0.01078,-0.5829
209.04,ETH-27SEP19,1564397943441,open,0.0,7915.0,0.001,0.04,0.000981,118.51,0.001,0.0,ETH-27SEP19-760-C,208.98,0.0,0.0,0.0,0.002,674.0,128.09,0.01683,-0.01665,0.00212,0.0002,0.00716
208.99,SYN.ETH-2AUG19,1564397943438,open,0.01,2052.0,0.001,0.05,0.010578,101.08,0.017,0.0,ETH-2AUG19-230-C,208.98,95.34,0.009,256.0,0.013,200.0,109.39,0.05898,-0.76907,0.00404,0.01258,0.19285
208.99,SYN.ETH-2AUG19,1564397943438,open,0.1,281.0,0.067,0.155,0.111089,101.08,0.105,0.0,ETH-2AUG19-230-P,208.98,0.0,0.0,0.0,0.119,300.0,126.8,0.05898,-0.76907,-0.02038,0.01258,-0.80715
209.04,ETH-27SEP19,1564397943441,open,0.0,3439.0,0.001,0.041,0.001346,113.72,0.003,0.0,ETH-27SEP19-680-C,208.98,0.0,0.0,0.0,0.002,326.0,119.0,0.02234,-0.02122,0.00293,0.00027,0.00989
209.0,SYN.ETH-9AUG19,1564397943438,open,0.1,305.0,0.052,0.131,0.09187,101.34,0.089,0.0,ETH-9AUG19-200-C,208.98,95.37,0.088,150.0,0.094,294.0,104.61,0.13588,-0.63306,0.03368,0.0103,0.63274
209.0,SYN.ETH-9AUG19,1564397943438,open,0.06,2.0,0.008,0.087,0.047625,100.39,0.058,0.0,ETH-9AUG19-220-C,208.98,96.49,0.045,341.0,0.05,290.0,103.91,0.14081,-0.64991,0.02301,0.01078,0.4171
208.99,SYN.ETH-2AUG19,1564397943439,open,0.02,411.0,0.001,0.063,0.022444,100.41,0.021,0.0,ETH-2AUG19-200-P,208.98,90.93,0.019,226.0,0.025,193.0,107.33,0.07668,-0.99329,-0.00753,0.01647,-0.31672
208.99,SYN.ETH-2AUG19,1564397943438,open,0.03,761.0,0.001,0.061,0.021088,100.34,0.031,0.0,ETH-2AUG19-220-C,208.98,94.69,0.019,206.0,0.024,246.0,108.09,0.07783,-1.00747,0.00682,0.01672,0.32828
209.0,SYN.ETH-9AUG19,1564397943438,open,0.03,105.0,0.001,0.072,0.031111,102.11,0.028,0.0,ETH-9AUG19-190-P,208.98,96.56,0.028,200.0,0.034,276.0,107.19,0.1181,-0.5544,-0.01842,0.00889,-0.26471
208.99,SYN.ETH-2AUG19,1564397943438,open,0.08,248.0,0.026,0.105,0.065478,100.41,0.064,0.0,ETH-2AUG19-200-C,208.98,90.84,0.062,150.0,0.069,272.0,109.93,0.07668,-0.99329,0.01371,0.01647,0.68328
209.0,SYN.ETH-9AUG19,1564397943438,open,0.01,6.0,0.001,0.05,0.010847,104.03,0.011,0.0,ETH-9AUG19-260-C,208.98,98.78,0.009,250.0,0.012,223.0,107.12,0.07635,-0.36516,0.00742,0.00564,0.13007
208.99,SYN.ETH-2AUG19,1564397943440,open,0.06,329.0,0.031,0.116,0.07375,100.34,0.07,0.0,ETH-2AUG19-220-P,208.98,84.54,0.068,150.0,0.077,274.0,108.98,0.07783,-1.00747,-0.01654,0.01672,-0.67172
209.0,SYN.ETH-9AUG19,1564397943438,open,0.04,68.0,0.007,0.09,0.048804,101.34,0.05,0.0,ETH-9AUG19-200-P,208.98,95.48,0.045,200.0,0.051,234.0,104.71,0.13588,-0.63306,-0.02591,0.0103,-0.36726
208.99,SYN.ETH-2AUG19,1564397943438,open,0.0,770.0,0.001,0.043,0.003654,103.72,0.004,0.0,ETH-2AUG19-180-P,208.98,90.47,0.002,4.0,0.005,450.0,112.41,0.02999,-0.40131,-0.00171,0.00623,-0.07341
209.02,SYN.ETH-30AUG19,1564397943440,open,0.1,117.0,0.054,0.133,0.093514,97.82,0.096,0.0,ETH-30AUG19-220-C,208.98,93.14,0.088,305.0,0.098,240.0,101.63,0.24629,-0.37792,0.07183,0.0066,0.48702
209.0,SYN.ETH-9AUG19,1564397943438,open,0.07,122.0,0.029,0.114,0.071463,100.15,0.072,0.0,ETH-9AUG19-210-P,208.98,95.11,0.068,150.0,0.075,282.0,105.3,0.14368,-0.66154,-0.03413,0.01102,-0.47654
209.0,SYN.ETH-9AUG19,1564397943438,open,0.04,1001.0,0.001,0.073,0.033579,101.27,0.042,0.0,ETH-9AUG19-230-C,208.98,97.08,0.031,200.0,0.036,285.0,105.16,0.12946,-0.60273,0.018,0.00982,0.32265
209.02,SYN.ETH-30AUG19,1564397943438,open,0.01,2360.0,0.001,0.046,0.006051,103.63,0.007,0.0,ETH-30AUG19-360-C,208.98,96.35,0.004,500.0,0.008,800.0,109.31,0.06612,-0.10748,0.00846,0.00167,0.05239
209.0,SYN.ETH-9AUG19,1564397943438,open,0.02,205.0,0.001,0.059,0.018576,103.34,0.017,0.0,ETH-9AUG19-180-P,208.98,97.47,0.016,200.0,0.021,441.0,108.66,0.09369,-0.44512,-0.01218,0.00697,-0.17706
209.02,SYN.ETH-30AUG19,1564397943441,open,0.02,2608.0,0.001,0.065,0.024144,97.85,0.026,0.0,ETH-30AUG19-160-P,208.98,93.03,0.021,481.0,0.026,395.0,100.61,0.13919,-0.21365,-0.03043,0.00373,-0.14257
209.02,SYN.ETH-30AUG19,1564397943442,open,0.01,278.0,0.001,0.052,0.012968,101.59,0.01,0.0,ETH-30AUG19-320-C,208.98,97.71,0.011,500.0,0.015,120.0,105.31,0.11022,-0.17564,0.01631,0.00284,0.10231
9513.67,BTC-27SEP19,1564397943573,open,0.44,221.9,0.3925,0.472,0.43247026,96.24,0.51,0.0,BTC-27SEP19-5500-C,9481.15,0.0,0.4215,3.0,0.832,5.0,500.0,4.26917,-3.431,8.00317,3e-05,0.94528
9639.18,BTC-27DEC19,1564397943574,open,3.93,0.0,3.785,4.1835,3.98414797,105.9,None,0.0,BTC-27DEC19-48000-P,9481.15,0.0,0.0,0.0,6.0,1.0,500.0,3.23059,-1.13375,-197.7205,1e-05,-0.97818
9639.18,BTC-27DEC19,1564397943683,open,0.12,163.4,0.077,0.166,0.12141126,95.99,0.1165,0.0,BTC-27DEC19-7500-P,9481.15,93.01,0.1155,4.9,0.121,4.9,95.79,19.1447,-6.09024,-14.29066,5e-05,-0.23725
9639.18,BTC-27DEC19,1564397943694,open,0.44,122.9,0.398,0.4775,0.43773805,95.99,0.502,0.0,BTC-27DEC19-6000-C,9481.15,69.73,0.4035,4.0,0.88,0.2,444.05,13.84706,-4.40491,16.79298,4e-05,0.8592
9513.67,BTC-27SEP19,1564397943694,open,0.04,369.7,0.0005,0.082,0.04054619,96.13,0.0415,0.0,BTC-27SEP19-7000-P,9481.15,93.04,0.0375,19.3,0.041,19.3,96.58,9.48492,-7.61396,-3.1747,7e-05,-0.16288
9513.67,BTC-27SEP19,1564397943783,open,0.69,34.4,0.638,0.774,0.7058628,99.62,0.6695,0.0,BTC-27SEP19-16000-P,9481.15,0.0,0.005,10.0,1.2855,0.2,500.0,8.51707,-7.08506,-24.45984,6e-05,-0.86142
9498.45,SYN.BTC-30AUG19,1564397943804,open,0.08,180.3,0.041,0.127,0.08408739,94.68,0.0775,0.0,BTC-30AUG19-9000-P,9481.15,92.36,0.0815,19.3,0.0865,19.3,96.84,10.59574,-15.73547,-3.76448,0.00014,-0.36973
9639.18,BTC-27DEC19,1564397943885,open,0.06,547.5,0.018,0.0975,0.05797997,100.39,0.06,0.0,BTC-27DEC19-20000-C,9481.15,99.04,0.0555,5.9,0.06,4.9,101.48,17.83669,-5.93431,6.03799,5e-05,0.20952
9483.25,SYN.BTC-2AUG19,1564397943887,open,0.0,334.8,0.0005,0.0425,0.00240505,104.46,0.003,0.0,BTC-2AUG19-8000-P,9481.15,95.02,0.0015,40.5,0.003,30.2,109.64,1.02601,-13.82672,-0.05391,0.0001,-0.05113
208.98,SYN.ETH-2AUG19,1564397943928,open,0.05,243.0,0.001,0.078,0.038594,99.49,0.04,0.0,ETH-2AUG19-210-C,208.98,95.61,0.037,8.0,0.041,197.0,105.34,0.08591,-1.10263,0.01027,0.01862,0.50157
9639.18,BTC-27DEC19,1564397943939,open,0.03,94.5,0.0005,0.0635,0.02376161,102.26,0.03,0.0,BTC-27DEC19-28000-C,9481.15,100.65,0.022,6.0,0.0255,6.0,103.8,10.71518,-3.63141,2.95726,3e-05,0.09798
9498.46,SYN.BTC-30AUG19,1564397943971,open,0.14,152.7,0.097,0.188,0.14255058,94.71,0.1425,0.0,BTC-30AUG19-10000-P,9481.15,92.55,0.14,14.4,0.146,2.9,97.64,11.18738,-16.62086,-5.47519,0.00015,-0.5175
9639.18,BTC-27DEC19,1564397944001,open,0.2,660.4,0.157,0.2365,0.19660548,96.78,0.2,0.0,BTC-27DEC19-11000-C,9481.15,95.95,0.1945,0.1,0.1995,3.6,97.91,24.60317,-7.8907,13.65747,7e-05,0.53938
9483.25,SYN.BTC-2AUG19,1564397944024,open,0.02,877.9,0.0005,0.0605,0.02008624,101.35,0.021,0.0,BTC-2AUG19-9000-P,9481.15,101.11,0.02,0.5,0.0215,24.0,105.34,3.34571,-43.74754,-0.31238,0.00035,-0.29013
9639.18,BTC-27DEC19,1564397944060,open,0.2,302.1,0.1545,0.2505,0.20256455,95.99,0.1995,0.0,BTC-27DEC19-9000-P,9481.15,93.84,0.1975,4.9,0.2045,5.0,96.81,22.63885,-7.20164,-21.51191,6e-05,-0.33733
9639.18,BTC-27DEC19,1564397944132,open,4.34,1.0,4.183,4.6145,4.39861823,108.42,4.454,0.0,BTC-27DEC19-52000-P,9481.15,0.0,0.001,1.0,6.0,1.0,500.0,2.90541,-1.0439,-214.33712,1e-05,-0.98075
9498.46,SYN.BTC-30AUG19,1564397944192,open,0.02,217.6,0.0005,0.0575,0.01690565,95.1,0.015,0.0,BTC-30AUG19-7000-P,9481.15,93.45,0.016,24.0,0.018,25.0,97.04,5.27759,-7.87243,-1.05257,7e-05,-0.10999
209.04,ETH-27SEP19,1564397944199,open,0.0,2060.0,0.001,0.042,0.002407,118.12,0.003,0.0,ETH-27SEP19-80-P,208.98,0.0,0.0,0.0,0.003,534.0,122.39,0.02706,-0.02669,-0.00505,0.00032,-0.01232
209.04,ETH-27SEP19,1564397944202,open,0.0,4512.0,0.001,0.044,0.004804,104.74,0.007,0.0,ETH-27SEP19-100-P,208.98,90.09,0.002,1.0,0.007,527.0,112.9,0.05043,-0.04411,-0.01042,0.00067,-0.02557
209.04,ETH-27SEP19,1564397944337,open,0.0,5743.0,0.001,0.042,0.002055,108.93,0.002,0.0,ETH-27SEP19-600-C,208.98,100.25,0.001,203.0,0.003,310.0,114.3,0.03212,-0.02922,0.00445,0.00041,0.01503
209.04,ETH-27SEP19,1564397944370,open,0.0,2654.0,0.001,0.042,0.002943,107.97,0.005,0.0,ETH-27SEP19-560-C,208.98,94.72,0.001,440.0,0.005,773.0,116.34,0.04261,-0.03842,0.00617,0.00055,0.02093
9487.06,SYN.BTC-9AUG19,1564397944426,open,0.09,12.7,0.0555,0.143,0.09937017,97.69,0.1,0.0,BTC-9AUG19-10000-P,9481.11,94.9,0.0975,13.9,0.102,4.7,101.6,6.3656,-28.58818,-1.94917,0.00024,-0.59016
9487.06,SYN.BTC-9AUG19,1564397944426,open,0.01,37.0,0.0005,0.0535,0.01335473,99.66,0.013,0.0,BTC-9AUG19-8000-P,9481.11,96.08,0.012,30.0,0.0145,1.0,102.58,3.65768,-16.75788,-0.43554,0.00014,-0.14072
9498.46,SYN.BTC-30AUG19,1564397945448,open,0.14,27.1,0.097,0.1765,0.13656826,94.68,0.134,0.0,BTC-30AUG19-9000-C,9481.11,91.03,0.1325,14.4,0.139,14.4,96.86,10.59575,-15.73653,4.09522,0.00014,0.63027
9639.16,BTC-27DEC19,1564397945450,open,0.15,161.1,0.1065,0.186,0.14621661,97.76,0.147,0.0,BTC-27DEC19-13000-C,9481.11,96.09,0.142,3.6,0.1495,8.6,99.06,24.40279,-7.90591,11.53813,6e-05,0.4358
9513.65,BTC-27SEP19,1564397945711,open,0.0,756.0,0.0005,0.041,0.00104568,113.26,0.002,0.0,BTC-27SEP19-32000-C,9481.11,105.24,0.0005,13.0,0.0015,19.8,117.79,0.83272,-0.78761,0.10653,0.0,0.00787
9487.02,SYN.BTC-9AUG19,1564397945881,open,0.1,1.0,0.055,0.1345,0.09450887,98.02,0.077,0.0,BTC-9AUG19-9000-C,9481.11,91.7,0.0905,18.0,0.0985,18.0,104.27,6.04028,-27.21938,1.58149,0.00023,0.65397
9487.02,SYN.BTC-9AUG19,1564397945941,open,0.27,0.0,0.225,0.3045,0.26473114,101.98,None,0.0,BTC-9AUG19-7000-C,9481.11,0.0,0.0005,5.0,0.0,0.0,0.0,1.25831,-5.89963,1.98019,5e-05,0.96524
9487.02,SYN.BTC-9AUG19,1564397945967,open,0.31,0.0,0.2695,0.3745,0.32202271,99.16,None,0.0,BTC-9AUG19-12500-P,9481.11,0.0,0.0005,2.3,0.0,0.0,0.0,2.0399,-9.29931,-3.55749,8e-05,-0.93647
208.99,SYN.ETH-9AUG19,1564397946102,open,0.0,1.0,0.001,0.045,0.005062,105.71,0.006,0.0,ETH-9AUG19-160-P,208.98,94.33,0.003,300.0,0.007,841.0,114.39,0.04295,-0.20872,-0.00405,0.00312,-0.05995
9487.02,SYN.BTC-9AUG19,1564397946106,open,0.17,0.1,0.132,0.2255,0.17869133,98.19,0.2195,0.0,BTC-9AUG19-11000-P,9481.11,0.0,0.0005,5.0,0.1865,11.5,112.92,4.78851,-21.61681,-2.72338,0.00018,-0.78473
9487.02,SYN.BTC-9AUG19,1564397946277,open,0.0,116.1,0.0005,0.0425,0.00257851,101.96,0.002,0.0,BTC-9AUG19-7000-P,9481.11,92.53,0.0015,40.0,0.0035,0.1,108.33,1.2576,-5.89522,-0.10549,5e-05,-0.03474
9487.02,SYN.BTC-9AUG19,1564397946330,open,0.32,0.0,0.2765,0.356,0.31616399,109.35,None,0.0,BTC-9AUG19-6500-C,9481.11,0.0,0.0005,5.0,0.0,0.0,0.0,0.72384,-3.63884,1.88227,2e-05,0.98203
9513.69,BTC-27SEP19,1564397946345,open,0.0,671.4,0.0005,0.041,0.00101253,107.84,0.001,0.0,BTC-27SEP19-30000-C,9481.11,100.45,0.0005,15.5,0.0015,28.3,112.59,0.84009,-0.7565,0.10829,1e-05,0.00795
9487.02,SYN.BTC-9AUG19,1564397946411,open,0.0,74.2,0.0005,0.0425,0.00273057,100.2,0.005,0.0,BTC-9AUG19-13000-C,9481.11,90.68,0.0015,40.0,0.004,30.0,107.59,1.45057,-6.6821,0.10925,5e-05,0.04138
9487.02,SYN.BTC-9AUG19,1564397946414,open,0.0,33.6,0.0005,0.0415,0.00168721,101.32,0.0035,0.0,BTC-9AUG19-13500-C,9481.11,85.67,0.0005,50.0,0.003,44.6,111.46,1.0154,-4.72982,0.07107,4e-05,0.02683
9487.02,SYN.BTC-9AUG19,1564397946488,open,0.01,53.3,0.0005,0.0515,0.01191292,98.2,0.013,0.0,BTC-9AUG19-11500-C,9481.11,94.55,0.0105,30.0,0.013,0.2,100.9,3.76301,-16.98897,0.38121,0.00014,0.14677
9639.2,BTC-27DEC19,1564397946528,open,0.08,222.7,0.0355,0.121,0.07819604,95.99,0.074,0.0,BTC-27DEC19-6500-P,9481.11,92.8,0.073,4.9,0.077,4.9,95.26,15.78905,-5.02277,-9.96126,4e-05,-0.17181
9639.2,BTC-27DEC19,1564397946528,open,0.38,54.3,0.3325,0.412,0.37242853,95.99,0.37,0.0,BTC-27DEC19-7000-C,9481.11,76.04,0.337,0.1,0.3875,0.1,104.21,17.56353,-5.58716,16.8719,5e-05,0.79587
9639.2,BTC-27DEC19,1564397946528,open,0.41,165.5,0.3575,0.4705,0.41399475,97.22,0.4125,0.0,BTC-27DEC19-12000-P,9481.11,95.47,0.4095,3.6,0.419,3.6,99.17,24.70596,-7.96004,-37.02051,7e-05,-0.51513
9639.2,BTC-27DEC19,1564397946528,open,0.17,269.8,0.1295,0.209,0.169073,97.22,0.172,0.0,BTC-27DEC19-12000-C,9481.11,95.63,0.165,3.6,0.1725,8.6,98.56,24.70595,-7.95987,12.58245,7e-05,0.48486
9513.69,BTC-27SEP19,1564397946528,open,0.08,710.1,0.035,0.1145,0.0749979,97.17,0.072,0.0,BTC-27SEP19-12000-C,9481.11,95.49,0.0725,19.3,0.077,5.0,98.5,14.22888,-11.54553,4.24653,0.0001,0.3471
9513.69,BTC-27SEP19,1564397946528,open,0.0,284.9,0.0005,0.0425,0.00295683,102.7,0.0035,0.0,BTC-27SEP19-24000-C,9481.11,97.56,0.002,39.0,0.004,26.0,107.14,2.01181,-1.72527,0.29507,1e-05,0.02186
9483.22,SYN.BTC-2AUG19,1564397946530,open,0.04,228.0,0.0005,0.0825,0.0410548,97.66,0.0435,0.0,BTC-2AUG19-9500-P,9481.11,95.09,0.04,0.7,0.043,3.7,102.39,3.89638,-49.08816,-0.53167,0.00042,-0.48694
9498.44,SYN.BTC-30AUG19,1564397946530,open,0.01,99.7,0.0005,0.0455,0.00562648,99.02,0.007,0.0,BTC-30AUG19-16000-C,9481.11,95.14,0.0045,34.0,0.0065,24.0,101.73,2.93889,-4.56485,0.37599,4e-05,0.05095
9483.22,SYN.BTC-2AUG19,1564397946530,open,0.0,179.7,0.0005,0.04,0.00033292,124.14,0.0005,0.0,BTC-2AUG19-13000-C,9481.11,0.0,0.0,0.0,0.0005,5.8,130.4,0.21784,-3.15713,0.00788,2e-05,0.00816
9483.22,SYN.BTC-2AUG19,1564397946530,open,0.05,122.4,0.0005,0.079,0.03928905,97.66,0.0405,0.0,BTC-2AUG19-9500-C,9481.11,95.74,0.0385,0.1,0.0405,0.5,100.61,3.89638,-49.093,0.47707,0.00042,0.51306
9513.69,BTC-27SEP19,1564397946537,open,0.51,13.5,0.4655,0.545,0.50523198,98.18,0.382,0.0,BTC-27SEP19-4750-C,9481.11,0.0,0.005,10.0,0.638,5.0,299.57,2.31603,-1.89875,7.31818,2e-05,0.97415
9513.69,BTC-27SEP19,1564397946537,open,0.61,0.0,0.5675,0.647,0.6070947,104.35,None,0.0,BTC-27SEP19-3750-C,9481.11,0.0,0.005,10.0,0.693,10.0,299.51,0.83411,-0.72682,6.00881,1e-05,0.99211
9513.69,BTC-27SEP19,1564397946543,open,2.33,0.0,2.2305,2.499,2.36463377,113.42,None,0.0,BTC-27SEP19-32000-P,9481.11,0.0,0.0,0.0,0.0,0.0,0.0,0.84093,-0.7965,-52.38607,0.0,-0.99204
9513.69,BTC-27SEP19,1564397946551,open,0.0,1660.1,0.0005,0.04,5.087e-05,145.0,0.0005,0.0,BTC-27SEP19-1500-P,9481.11,0.0,0.0,0.0,0.0005,12.0,180.25,0.04154,-0.0503,-0.00535,0.0,-0.00029
9639.2,BTC-27DEC19,1564397946551,open,2.1,0.2,2.0065,2.257,2.1317392,102.65,2.03,0.0,BTC-27DEC19-30000-P,9481.11,0.0,0.001,1.0,0.0,0.0,0.0,9.40528,-3.19954,-121.50645,2e-05,-0.91778
9513.69,BTC-27SEP19,1564397946551,open,0.0,1060.6,0.0005,0.0425,0.00245843,100.89,0.0015,0.0,BTC-27SEP19-4250-P,9481.11,93.56,0.0015,46.0,0.0035,39.0,107.04,1.43969,-1.21294,-0.26882,1e-05,-0.01477
9498.44,SYN.BTC-30AUG19,1564397946551,open,0.38,17.1,0.3365,0.447,0.39168727,96.93,0.289,0.0,BTC-30AUG19-13000-P,9481.11,0.0,0.0,0.0,0.0,0.0,0.0,7.11541,-10.81853,-10.13015,9e-05,-0.82954
9483.22,SYN.BTC-2AUG19,1564397946565,open,0.0,303.5,0.0005,0.0405,0.00074594,122.84,0.0015,0.0,BTC-2AUG19-12500-C,9481.11,116.42,0.0005,8.0,0.001,7.1,128.12,0.41307,-6.5458,0.01642,4e-05,0.01705
9498.44,SYN.BTC-30AUG19,1564397946565,open,0.38,0.0,0.334,0.4135,0.37361337,97.28,None,0.0,BTC-30AUG19-6000-C,9481.11,0.0,0.0,0.0,0.0,0.0,0.0,2.45723,-3.74951,4.85762,3e-05,0.95922
208.99,SYN.ETH-9AUG19,1564397946565,open,0.13,200.0,0.083,0.162,0.122022,102.15,0.109,0.0,ETH-9AUG19-190-C,208.98,94.96,0.118,50.0,0.127,50.0,110.86,0.11813,-0.5548,0.03818,0.00889,0.73514
9498.44,SYN.BTC-30AUG19,1564397946565,open,0.57,0.0,0.525,0.6515,0.58829658,98.58,None,0.0,BTC-30AUG19-15000-P,9481.11,0.0,0.0,0.0,0.0,0.0,0.0,4.06958,-6.29275,-12.53302,5e-05,-0.92261
9513.69,BTC-27SEP19,1564397946571,open,0.0,444.0,0.0005,0.0415,0.00159312,100.89,0.002,0.0,BTC-27SEP19-4000-P,9481.11,94.56,0.001,20.0,0.002,2.2,104.37,1.03099,-0.86861,-0.18163,1e-05,-0.01004
9639.2,BTC-27DEC19,1564397946571,open,0.02,283.4,0.0005,0.059,0.01943481,102.64,0.023,0.0,BTC-27DEC19-30000-C,9481.11,101.14,0.018,6.0,0.021,10.0,104.21,9.40183,-3.19795,2.49989,2e-05,0.08218
9487.02,SYN.BTC-9AUG19,1564397946571,open,0.07,28.3,0.027,0.1065,0.06653595,97.66,0.064,0.0,BTC-9AUG19-9500-C,9481.11,92.51,0.063,18.0,0.067,1.0,98.33,6.51421,-29.24713,1.31114,0.00025,0.53036
9498.44,SYN.BTC-30AUG19,1564397946578,open,0.47,0.0,0.429,0.5475,0.48841622,97.81,None,0.0,BTC-30AUG19-14000-P,9481.11,0.0,0.0,0.0,0.0,0.0,0.0,5.4662,-8.38616,-11.38817,7e-05,-0.88447
9639.2,BTC-27DEC19,1564397946585,open,1.7,0.0,1.618,1.8355,1.72663105,101.88,None,0.0,BTC-27DEC19-26000-P,9481.11,0.0,0.005,10.0,2.5255,0.2,499.89,12.21707,-4.12479,-103.9577,3e-05,-0.88246
9483.22,SYN.BTC-2AUG19,1564397946585,open,0.51,0.0,0.468,0.59,0.52913267,144.31,None,0.0,BTC-2AUG19-14500-P,9481.11,0.0,0.0,0.0,0.0,0.0,0.0,0.08154,-1.51813,-1.53705,1e-05,-0.99729
9513.69,BTC-27SEP19,1564397946587,open,0.89,1.0,0.83,0.982,0.90583258,100.43,1.5815,0.0,BTC-27SEP19-18000-P,9481.11,0.0,0.005,0.3,1.4505,1.0,481.06,6.0625,-5.08453,-28.39722,4e-05,-0.91374
9513.69,BTC-27SEP19,1564397946587,open,0.59,227.5,0.5415,0.621,0.58114466,100.87,0.7065,0.0,BTC-27SEP19-4000-C,9481.11,0.0,0.111,2.0,0.6785,5.0,299.57,1.03027,-0.86787,6.38024,1e-05,0.98996
9487.02,SYN.BTC-9AUG19,1564397946592,open,0.22,0.0,0.1765,0.256,0.21602266,101.91,None,0.0,BTC-9AUG19-7500-C,9481.11,0.0,0.0005,5.0,0.0,0.0,0.0,2.37054,-11.10691,1.99781,9e-05,0.92276
9513.69,BTC-27SEP19,1564397946610,open,0.0,426.3,0.0005,0.041,0.00133353,112.39,0.0025,0.0,BTC-27SEP19-3500-P,9481.11,99.27,0.0005,40.1,0.002,15.0,119.17,0.81362,-0.76359,-0.14047,0.0,-0.00767
9483.22,SYN.BTC-2AUG19,1564397946615,open,0.2,1.0,0.1665,0.263,0.2148047,108.68,0.1445,0.0,BTC-2AUG19-11500-P,9481.11,0.0,0.001,5.0,0.0,0.0,0.0,0.97359,-13.65093,-1.17504,9e-05,-0.95212
9498.44,SYN.BTC-30AUG19,1564397946615,open,0.29,1.6,0.248,0.3515,0.29988349,96.01,0.3175,0.0,BTC-30AUG19-12000-P,9481.11,0.0,0.0,0.0,0.0,0.0,0.0,8.87366,-13.36312,-8.72896,0.00012,-0.75243
9513.69,BTC-27SEP19,1564397946643,open,0.07,540.7,0.0335,0.119,0.07614855,96.13,0.074,0.0,BTC-27SEP19-8000-P,9481.11,92.97,0.072,19.3,0.077,19.3,96.78,12.52749,-10.05653,-5.26434,9e-05,-0.26117
9513.69,BTC-27SEP19,1564397946643,open,0.05,197.1,0.0025,0.082,0.04241479,98.61,0.042,0.0,BTC-27SEP19-14000-C,9481.11,97.01,0.0405,19.3,0.044,25.3,99.92,11.45015,-9.42904,2.79301,8e-05,0.22138
9639.2,BTC-27DEC19,1564397946643,open,2.71,1.3,2.596,2.8955,2.74583117,103.59,2.2,0.0,BTC-27DEC19-36000-P,9481.11,0.0,0.0005,1.0,0.0,0.0,0.0,6.38458,-2.19174,-147.26098,2e-05,-0.95007
9639.2,BTC-27DEC19,1564397946643,open,0.02,132.2,0.0005,0.056,0.0160069,102.98,0.016,0.0,BTC-27DEC19-32000-C,9481.11,101.16,0.0145,6.0,0.0175,6.0,104.67,8.25296,-2.81639,2.12173,2e-05,0.06926
9513.69,BTC-27SEP19,1564397946655,open,0.41,31.5,0.366,0.4795,0.42270655,97.86,0.3995,0.0,BTC-27SEP19-13000-P,9481.11,73.35,0.3925,5.0,0.4375,5.0,108.45,12.91989,-10.55777,-17.86898,9e-05,-0.72226
9639.2,BTC-27DEC19,1564397946655,open,0.49,69.5,0.4355,0.5545,0.49488171,97.76,0.5085,0.0,BTC-27DEC19-13000-P,9481.11,84.42,0.4615,5.0,0.503,5.0,100.96,24.40297,-7.90611,-42.19827,6e-05,-0.56419
9513.69,BTC-27SEP19,1564397946655,open,0.11,510.1,0.0605,0.14,0.10029244,96.59,0.0945,0.0,BTC-27SEP19-11000-C,9481.11,94.52,0.097,14.4,0.1025,5.0,97.98,15.13747,-12.20974,5.15124,0.00011,0.43036
9639.2,BTC-27DEC19,1564397946655,open,0.1,282.6,0.0565,0.136,0.0964337,99.04,0.0975,0.0,BTC-27DEC19-16000-C,9481.11,97.54,0.093,4.9,0.099,4.9,100.16,22.06071,-7.2409,8.76964,6e-05,0.31653
9513.69,BTC-27SEP19,1564397946655,open,0.79,28.2,0.7505,0.83,0.79004441,142.44,0.755,0.0,BTC-27SEP19-2000-C,9481.11,0.0,0.01,1.0,0.909,5.0,500.0,0.17503,-0.20819,3.25504,0.0,0.99861
9483.22,SYN.BTC-2AUG19,1564397946655,open,0.11,30.2,0.072,0.1605,0.11627413,99.35,0.0955,0.0,BTC-2AUG19-10500-P,9481.11,96.36,0.1155,0.5,0.12,0.5,112.69,2.4975,-32.01012,-0.95018,0.00026,-0.82734
9498.44,SYN.BTC-30AUG19,1564397946655,open,0.1,145.1,0.05,0.1295,0.0897535,94.72,0.087,0.0,BTC-30AUG19-10000-C,9481.11,92.38,0.087,14.4,0.0925,14.4,97.05,11.18737,-16.62168,3.25786,0.00015,0.4825
9483.22,SYN.BTC-2AUG19,1564397946655,open,0.0,115.7,0.0005,0.04,0.00022624,144.97,0.0005,0.0,BTC-2AUG19-6500-P,9481.11,0.0,0.0,0.0,0.0005,60.2,159.52,0.1316,-2.14545,-0.00488,1e-05,-0.00462
9513.69,BTC-27SEP19,1564397946658,open,2.12,0.0,2.0285,2.2805,2.15437635,107.98,None,0.0,BTC-27SEP19-30000-P,9481.11,0.0,0.0,0.0,0.0,0.0,0.0,0.84806,-0.76473,-49.10348,1e-05,-0.99196
9513.69,BTC-27SEP19,1564397946663,open,1.5,0.2,1.425,1.6265,1.52564791,102.75,1.6,0.0,BTC-27SEP19-24000-P,9481.11,0.0,0.0,0.0,0.0,0.0,0.0,2.01663,-1.73025,-39.07445,1e-05,-0.97807
9487.02,SYN.BTC-9AUG19,1564397946663,open,0.0,3.2,0.0005,0.041,0.00130799,109.32,0.003,0.0,BTC-9AUG19-6500-P,9481.11,95.32,0.0005,0.1,0.002,5.9,117.23,0.72301,-3.63367,-0.05442,2e-05,-0.01794
9498.44,SYN.BTC-30AUG19,1564397946668,open,0.29,0.0,0.24,0.3195,0.27994524,95.1,None,0.0,BTC-30AUG19-7000-C,9481.11,0.0,0.0,0.0,0.0,0.0,0.0,5.27788,-7.87318,5.06049,7e-05,0.89001
9483.22,SYN.BTC-2AUG19,1564397946683,open,0.15,2.8,0.118,0.2105,0.16439413,104.45,0.111,0.0,BTC-2AUG19-11000-P,9481.11,0.0,0.018,50.0,0.0,0.0,0.0,1.62104,-21.84257,-1.07923,0.00016,-0.90738
9483.22,SYN.BTC-2AUG19,1564397946683,open,0.02,259.9,0.0005,0.0595,0.01965679,97.89,0.0205,0.0,BTC-2AUG19-10000-C,9481.11,94.73,0.0185,0.1,0.0215,0.5,102.88,3.48161,-43.96953,0.2996,0.00037,0.31719
9483.22,SYN.BTC-2AUG19,1564397946683,open,0.0,391.2,0.0005,0.04,0.00012179,145.0,0.002,0.0,BTC-2AUG19-14500-C,9481.11,0.0,0.0,0.0,0.0005,12.0,168.22,0.08475,-1.15494,0.00272,1e-05,0.00283
9639.2,BTC-27DEC19,1564397946687,open,0.11,325.8,0.0705,0.15,0.11035144,98.63,0.1145,0.0,BTC-27DEC19-15000-C,9481.11,97.22,0.107,4.9,0.113,4.9,99.73,22.99859,-7.51696,9.62214,6e-05,0.35184
9639.2,BTC-27DEC19,1564397946687,open,0.52,63.4,0.4735,0.553,0.51305152,95.99,0.5,0.0,BTC-27DEC19-5000-C,9481.11,0.0,0.33,1.0,0.555,1.0,132.53,9.64394,-3.06783,16.01523,3e-05,0.915
9639.2,BTC-27DEC19,1564397946687,open,0.05,170.7,0.006,0.0855,0.04571552,100.93,0.0575,0.0,BTC-27DEC19-22000-C,9481.11,99.57,0.0435,4.9,0.0475,4.9,102.01,15.78725,-5.28073,5.02286,4e-05,0.17178
9639.2,BTC-27DEC19,1564397946687,open,0.03,251.8,0.0005,0.073,0.03176891,95.99,0.0345,0.0,BTC-27DEC19-5000-P,9481.11,92.14,0.028,6.0,0.031,6.0,95.22,9.64416,-3.06797,-4.65286,3e-05,-0.08501
210.53,ETH-27DEC19,1564397946690,open,0.21,561.0,0.167,0.246,0.206391,100.47,0.208,0.0,ETH-27DEC19-240-C,208.98,97.57,0.199,358.0,0.213,328.0,103.07,0.53611,-0.17851,0.29714,0.00291,0.54783
209.05,ETH-27SEP19,1564397946690,open,0.0,739.0,0.001,0.041,0.001013,133.65,0.001,0.0,ETH-27SEP19-60-P,208.98,0.0,0.0,0.0,0.002,850.0,146.88,0.01222,-0.01364,-0.00206,0.00013,-0.00499
210.53,ETH-27DEC19,1564397946692,open,0.02,1370.0,0.001,0.055,0.015673,107.74,0.019,0.0,ETH-27DEC19-760-C,208.98,98.28,0.009,300.0,0.016,50.0,108.13,0.1735,-0.06195,0.04372,0.00088,0.06592
9513.69,BTC-27SEP19,1564397946694,open,0.31,752.2,0.265,0.3445,0.3047655,96.13,0.315,0.0,BTC-27SEP19-7000-C,9481.11,0.0,0.2,1.0,0.4025,5.0,182.56,9.48498,-7.61413,8.30827,7e-05,0.83712
9513.69,BTC-27SEP19,1564397946700,open,1.91,0.0,1.827,2.062,1.94461028,106.83,None,0.0,BTC-27SEP19-28000-P,9481.11,0.0,0.0,0.0,0.0,0.0,0.0,1.1469,-1.02318,-45.77802,1e-05,-0.98865
209.02,SYN.ETH-30AUG19,1564397946700,open,0.09,230.0,0.048,0.135,0.091399,97.14,0.088,0.0,ETH-30AUG19-200-P,208.98,93.24,0.087,329.0,0.096,160.0,101.21,0.23578,-0.35924,-0.08663,0.00636,-0.38317
209.05,ETH-27SEP19,1564397946703,open,0.47,769.0,0.425,0.543,0.484338,100.33,0.391,0.0,ETH-27SEP19-300-P,208.98,63.24,0.446,110.0,0.52,110.0,126.21,0.26703,-0.22373,-0.42451,0.00371,-0.75354
209.02,SYN.ETH-30AUG19,1564397946703,open,0.0,1570.0,0.001,0.043,0.003058,106.32,0.003,0.0,ETH-30AUG19-400-C,208.98,99.99,0.002,50.0,0.004,300.0,110.84,0.03986,-0.06648,0.00458,0.00098,0.02815
9498.44,SYN.BTC-30AUG19,1564397946705,open,0.67,0.0,0.623,0.7575,0.69010963,99.01,None,0.0,BTC-30AUG19-16000-P,9481.11,0.0,0.0,0.0,0.0,0.0,0.0,2.93788,-4.56279,-13.59707,4e-05,-0.94907
208.98,SYN.ETH-2AUG19,1564397946705,open,0.0,261.0,0.001,0.04,0.000603,137.94,0.001,0.0,ETH-2AUG19-290-C,208.98,0.0,0.0,0.0,0.001,300.0,147.71,0.00709,-0.126,0.00027,0.00111,0.01274
9483.22,SYN.BTC-2AUG19,1564397946705,open,0.41,0.0,0.367,0.4805,0.42386095,134.96,None,0.0,BTC-2AUG19-13500-P,9481.11,0.0,0.01,10.0,0.0,0.0,0.0,0.18458,-3.21371,-1.42697,1e-05,-0.99324
209.05,ETH-27SEP19,1564397946709,open,0.55,497.0,0.507,0.631,0.569,100.82,0.51,0.0,ETH-27SEP19-320-P,208.98,0.0,0.525,110.0,0.61,110.0,132.64,0.23767,-0.20009,-0.46917,0.00329,-0.79912
209.05,ETH-27SEP19,1564397946714,open,1.64,24.0,1.575,1.789,1.681856,108.58,1.356,0.0,ETH-27SEP19-560-P,208.98,0.0,0.0,0.0,0.0,0.0,0.0,0.04385,-0.03976,-0.91227,0.00056,-0.97834
210.53,ETH-27DEC19,1564397946730,open,0.02,1072.0,0.001,0.061,0.021875,103.52,0.025,0.0,ETH-27DEC19-640-C,208.98,98.55,0.017,350.0,0.026,50.0,107.28,0.22071,-0.07572,0.05972,0.00116,0.0905
210.53,ETH-27DEC19,1564397946730,open,2.39,0.0,2.302,2.576,2.438696,107.91,None,0.0,ETH-27DEC19-720-P,208.98,0.0,0.003,5.0,0.0,0.0,0.0,0.19552,-0.06992,-2.92547,0.00099,-0.92298
208.98,SYN.ETH-2AUG19,1564397946730,open,0.0,946.0,0.001,0.041,0.001151,106.57,0.001,0.0,ETH-2AUG19-170-P,208.98,0.0,0.0,0.0,0.002,280.0,117.85,0.01321,-0.18166,-0.00061,0.00267,-0.02649
209.02,SYN.ETH-30AUG19,1564397946730,open,0.02,480.0,0.001,0.059,0.019411,100.9,0.02,0.0,ETH-30AUG19-300-C,208.98,97.2,0.017,488.0,0.022,320.0,104.66,0.14009,-0.22172,0.02273,0.00364,0.14393
208.98,SYN.ETH-2AUG19,1564397946730,open,0.0,254.0,0.001,0.04,0.000516,142.6,0.003,0.0,ETH-2AUG19-150-P,208.98,0.0,0.0,0.0,0.001,300.0,156.65,0.00569,-0.1046,-0.00023,0.00086,-0.00989
209.02,SYN.ETH-30AUG19,1564397946741,open,0.7,0.0,0.66,0.797,0.728439,103.77,None,0.0,ETH-30AUG19-360-P,208.98,0.0,0.0,0.0,0.0,0.0,0.0,0.06638,-0.10805,-0.30589,0.00168,-0.94735
209.02,SYN.ETH-30AUG19,1564397946741,open,0.27,0.0,0.236,0.337,0.286494,98.75,0.218,0.0,ETH-30AUG19-260-P,208.98,67.07,0.259,120.0,1.239,1.0,500.0,0.20557,-0.31842,-0.1849,0.00546,-0.72643
209.05,ETH-27SEP19,1564397946744,open,1.45,12.0,1.392,1.591,1.491499,106.06,1.193,0.0,ETH-27SEP19-520-P,208.98,0.0,0.0,0.0,0.0,0.0,0.0,0.05487,-0.0486,-0.84471,0.00072,-0.97171
210.53,ETH-27DEC19,1564397946746,open,0.05,745.0,0.01,0.089,0.049402,103.07,0.05,0.0,ETH-27DEC19-480-C,208.98,101.03,0.046,287.0,0.053,150.0,105.16,0.35614,-0.12164,0.11433,0.00189,0.18078
209.02,SYN.ETH-30AUG19,1564397946746,open,0.52,0.0,0.483,0.605,0.543977,101.66,None,0.0,ETH-30AUG19-320-P,208.98,0.0,0.0,0.0,0.0,0.0,0.0,0.11036,-0.17598,-0.26312,0.00285,-0.89751
208.98,SYN.ETH-2AUG19,1564397946748,open,0.15,0.0,0.103,0.182,0.142347,103.7,None,0.0,ETH-2AUG19-180-C,208.98,0.0,0.0,0.0,0.0,0.0,0.0,0.03,-0.40133,0.0174,0.00624,0.92656
208.98,SYN.ETH-2AUG19,1564397946750,open,0.2,0.0,0.148,0.227,0.187692,106.53,None,0.0,ETH-2AUG19-170-C,208.98,0.0,0.0,0.0,0.0,0.0,0.0,0.0132,-0.18135,0.01744,0.00267,0.97355
210.53,ETH-27DEC19,1564397946752,open,1.3,21.0,1.237,1.422,1.32947,103.13,0.629,0.0,ETH-27DEC19-480-P,208.98,0.0,0.001,7.0,0.0,0.0,0.0,0.35645,-0.12183,-1.86966,0.00189,-0.81897
209.05,ETH-27SEP19,1564397946752,open,0.81,259.0,0.763,0.909,0.83599,102.14,0.94,0.0,ETH-27SEP19-380-P,208.98,0.0,0.009,8.0,0.0,0.0,0.0,0.15702,-0.13393,-0.59262,0.00214,-0.8921
9639.2,BTC-27DEC19,1564397946752,open,0.08,391.1,0.0345,0.114,0.07428421,99.75,0.074,0.0,BTC-27DEC19-18000-C,9481.11,98.39,0.0715,4.9,0.0765,4.9,100.81,19.97386,-6.60253,7.27268,5e-05,0.25681
210.53,ETH-27DEC19,1564397946752,open,0.03,886.0,0.001,0.066,0.026685,103.52,0.026,0.0,ETH-27DEC19-600-C,208.98,100.3,0.023,410.0,0.03,110.0,106.23,0.2501,-0.0858,0.0702,0.00132,0.10735
9639.2,BTC-27DEC19,1564397946752,open,2.3,0.3,2.2025,2.469,2.33579825,102.99,1.875,0.0,BTC-27DEC19-32000-P,9481.11,0.0,0.001,1.0,0.0,0.0,0.0,8.25706,-2.81823,-130.15162,2e-05,-0.9307
208.98,SYN.ETH-2AUG19,1564397946752,open,0.27,0.0,0.241,0.344,0.292617,113.23,None,0.0,ETH-2AUG19-270-P,208.98,0.0,0.0,0.0,0.0,0.0,0.0,0.00875,-0.12789,-0.02832,0.00167,-0.98371
9483.22,SYN.BTC-2AUG19,1564397946752,open,0.01,287.4,0.0005,0.044,0.00445484,104.47,0.005,0.0,BTC-2AUG19-11000-C,9481.11,101.74,0.004,0.1,0.005,30.6,107.57,1.62183,-21.85879,0.08884,0.00016,0.09268
209.02,SYN.ETH-30AUG19,1564397946752,open,0.35,0.0,0.3,0.379,0.339174,98.1,None,0.0,ETH-30AUG19-140-C,208.98,0.0,0.0,0.0,0.0,0.0,0.0,0.07675,-0.1181,0.10906,0.00205,0.93667
210.53,ETH-27DEC19,1564397946757,open,1.13,0.0,1.066,1.237,1.151174,102.72,None,0.0,ETH-27DEC19-440-P,208.98,0.0,0.001,8.0,0.0,0.0,0.0,0.39649,-0.13497,-1.68413,0.00211,-0.78407
9513.69,BTC-27SEP19,1564397946757,open,0.84,42.8,0.8025,0.882,0.84238267,144.85,0.815,0.0,BTC-27SEP19-1500-C,9481.11,0.0,0.0,0.0,0.0,0.0,0.0,0.04111,-0.04973,2.45536,0.0,0.99971
9487.02,SYN.BTC-9AUG19,1564397946757,open,0.36,0.0,0.3185,0.4275,0.37301856,100.17,None,0.0,BTC-9AUG19-13000-P,9481.11,0.0,0.0005,3.0,0.0,0.0,0.0,1.44908,-6.67319,-3.76442,5e-05,-0.95867
9487.02,SYN.BTC-9AUG19,1564397946757,open,0.41,0.0,0.368,0.4815,0.42467858,101.27,None,0.0,BTC-9AUG19-13500-P,9481.11,0.0,0.0005,2.0,0.0,0.0,0.0,1.01353,-4.71897,-3.9516,4e-05,-0.97323
209.02,SYN.ETH-30AUG19,1564397946760,open,0.14,329.0,0.101,0.191,0.146066,97.84,0.143,0.0,ETH-30AUG19-220-P,208.98,93.53,0.141,120.0,0.151,120.0,102.02,0.24629,-0.37797,-0.1203,0.0066,-0.51299
208.98,SYN.ETH-2AUG19,1564397946770,open,0.0,489.0,0.001,0.04,0.00094,128.54,0.005,0.0,ETH-2AUG19-160-P,208.98,0.0,0.0,0.0,0.001,281.0,129.79,0.00982,-0.16287,-0.00043,0.00165,-0.01864
9639.2,BTC-27DEC19,1564397946772,open,0.6,27.2,0.5585,0.638,0.59835647,95.99,0.65,0.0,BTC-27DEC19-4000-C,9481.11,0.0,0.0155,10.0,0.9665,1.0,500.0,5.5003,-1.74968,14.35049,1e-05,0.95852
9639.2,BTC-27DEC19,1564397946772,open,0.32,202.5,0.2765,0.356,0.31646533,95.99,0.298,0.0,BTC-27DEC19-8000-C,9481.11,74.56,0.271,0.1,0.999,0.1,500.0,20.51889,-6.52731,16.44791,6e-05,0.72927
9639.2,BTC-27DEC19,1564397946772,open,1.11,5.7,1.048,1.218,1.13284959,100.4,1.085,0.0,BTC-27DEC19-20000-P,9481.11,0.0,0.005,5.0,1.466,1.0,238.0,17.83772,-5.93492,-76.63317,5e-05,-0.79046
9513.69,BTC-27SEP19,1564397946772,open,0.01,523.4,0.0005,0.048,0.00806032,101.14,0.008,0.0,BTC-27SEP19-20000-C,9481.11,98.65,0.007,24.0,0.0085,0.4,102.12,4.2135,-3.55878,0.71414,3e-05,0.05382
9513.69,BTC-27SEP19,1564397946772,open,0.01,507.1,0.0005,0.046,0.00602359,97.17,0.007,0.0,BTC-27SEP19-5000-P,9481.11,93.61,0.005,24.0,0.007,29.0,100.28,2.87422,-2.33232,-0.61729,2e-05,-0.03353
9639.2,BTC-27DEC19,1564397946772,open,0.02,91.5,0.0005,0.062,0.02133926,95.99,0.02,0.0,BTC-27DEC19-4500-P,9481.11,91.56,0.018,6.0,0.021,11.0,95.56,7.51966,-2.39212,-3.29788,2e-05,-0.06143
9639.2,BTC-27DEC19,1564397946772,open,0.0,173.8,0.0005,0.0405,0.00050298,114.43,0.001,0.0,BTC-27DEC19-1500-P,9481.11,0.0,0.0,0.0,0.001,18.0,124.36,0.3727,-0.14134,-0.09523,0.0,-0.00189
9513.69,BTC-27SEP19,1564397946774,open,0.39,713.5,0.3475,0.427,0.3870297,96.13,0.362,0.0,BTC-27SEP19-6000-C,9481.11,0.0,0.0,0.0,0.7555,0.3,499.11,5.94331,-4.77104,8.25531,4e-05,0.91599
9483.22,SYN.BTC-2AUG19,1564397946774,open,0.0,229.2,0.0005,0.04,0.0002991,135.25,0.0005,0.0,BTC-2AUG19-13500-C,9481.11,0.0,0.0,0.0,0.0005,8.9,143.64,0.18711,-2.83645,0.00661,1e-05,0.00686
9498.44,SYN.BTC-30AUG19,1564397946774,open,0.0,65.6,0.0005,0.0435,0.00352425,99.62,0.006,0.0,BTC-30AUG19-17000-C,9481.11,94.48,0.0025,34.0,0.0045,29.0,103.71,2.09877,-3.27969,0.2497,3e-05,0.03363
9483.22,SYN.BTC-2AUG19,1564397946774,open,0.0,215.6,0.0005,0.04,0.00025218,120.47,0.0005,0.0,BTC-2AUG19-7000-P,9481.11,0.0,0.0,0.0,0.0005,27.9,131.3,0.16798,-2.39152,-0.00637,1e-05,-0.00607
9498.44,SYN.BTC-30AUG19,1564397946774,open,0.06,175.4,0.0185,0.098,0.05806638,95.64,0.06,0.0,BTC-30AUG19-11000-C,9481.11,93.29,0.0555,19.3,0.06,19.3,97.39,10.42604,-15.64048,2.44413,0.00014,0.35272
9483.22,SYN.BTC-2AUG19,1564397946774,open,0.0,149.2,0.0005,0.042,0.0021409,108.73,0.002,0.0,BTC-2AUG19-11500-C,9481.11,107.33,0.002,0.1,0.003,34.9,116.31,0.97483,-13.67413,0.04614,9e-05,0.04796
208.98,SYN.ETH-2AUG19,1564397946774,open,0.0,121.0,0.001,0.042,0.002378,104.77,0.004,0.0,ETH-2AUG19-250-C,208.98,89.57,0.001,238.0,0.004,518.0,117.13,0.02366,-0.31986,0.00115,0.00487,0.05415
208.98,SYN.ETH-2AUG19,1564397946778,open,0.0,336.0,0.001,0.041,0.001497,112.62,0.002,0.0,ETH-2AUG19-260-C,208.98,105.44,0.001,17.0,0.002,229.0,118.53,0.01627,-0.23646,0.00072,0.00312,0.03407
209.05,ETH-27SEP19,1564397946780,open,0.23,779.0,0.187,0.266,0.2268,98.59,0.227,0.0,ETH-27SEP19-180-C,208.98,0.0,0.138,40.0,0.609,10.0,396.32,0.28642,-0.23582,0.16815,0.00405,0.71713
210.53,ETH-27DEC19,1564397946780,open,0.08,536.0,0.037,0.116,0.07681,102.48,0.071,0.0,ETH-27DEC19-400-C,208.98,100.15,0.072,268.0,0.082,110.0,104.95,0.43867,-0.14899,0.15905,0.00234,0.25957
209.05,ETH-27SEP19,1564397946780,open,1.08,0.0,1.03,1.198,1.113726,103.25,None,0.0,ETH-27SEP19-440-P,208.98,0.0,0.0,0.0,0.0,0.0,0.0,0.09842,-0.08486,-0.70492,0.00133,-0.94185
210.53,ETH-27DEC19,1564397946782,open,1.48,37.0,1.41,1.61,1.510163,103.39,0.707,0.0,ETH-27DEC19-520-P,208.98,0.0,0.002,25.0,0.0,0.0,0.0,0.31841,-0.1091,-2.05216,0.00168,-0.84798
9639.2,BTC-27DEC19,1564397946784,open,1.9,0.1,1.8115,2.0455,1.92857911,102.28,2.035,0.0,BTC-27DEC19-28000-P,9481.11,0.0,0.001,1.0,0.0,0.0,0.0,10.71808,-3.63278,-112.78204,3e-05,-0.90198
209.02,SYN.ETH-30AUG19,1564397946784,open,0.2,222.0,0.164,0.259,0.21153,98.04,0.21,0.0,ETH-30AUG19-240-P,208.98,77.27,0.189,120.0,0.225,120.0,109.98,0.23319,-0.35862,-0.15363,0.00623,-0.63013
209.02,SYN.ETH-30AUG19,1564397946784,open,0.07,1678.0,0.024,0.103,0.06327,98.02,0.054,0.0,ETH-30AUG19-240-C,208.98,95.08,0.06,217.0,0.067,160.0,101.35,0.23318,-0.35851,0.05595,0.00624,0.36981
209.05,ETH-27SEP19,1564397946786,open,0.63,0.0,0.58,0.659,0.619704,117.98,None,0.0,ETH-27SEP19-80-C,208.98,0.0,0.003,10.0,0.0,0.0,0.0,0.02693,-0.02653,0.12621,0.00032,0.98775
208.98,SYN.ETH-2AUG19,1564397946789,open,0.25,0.0,0.196,0.275,0.235331,128.49,None,0.0,ETH-2AUG19-160-C,208.98,0.0,0.0,0.0,0.0,0.0,0.0,0.00981,-0.16255,0.01656,0.00165,0.98139
210.53,ETH-27DEC19,1564397946791,open,0.06,623.0,0.022,0.101,0.061111,102.67,0.057,0.0,ETH-27DEC19-440-C,208.98,100.45,0.057,278.0,0.065,110.0,104.71,0.39626,-0.13482,0.13454,0.00211,0.21572
209.02,SYN.ETH-30AUG19,1564397946791,open,0.27,0.0,0.219,0.298,0.258645,97.83,None,0.0,ETH-30AUG19-160-C,208.98,0.0,0.0,0.0,0.0,0.0,0.0,0.13917,-0.21357,0.1093,0.00373,0.85745
210.53,ETH-27DEC19,1564397946793,open,2.02,0.0,1.94,2.184,2.061966,103.66,None,0.0,ETH-27DEC19-640-P,208.98,0.0,0.0,0.0,0.0,0.0,0.0,0.2215,-0.07609,-2.58552,0.00117,-0.90907
210.53,ETH-27DEC19,1564397946793,open,2.21,0.0,2.119,2.378,2.248315,103.89,None,0.0,ETH-27DEC19-680-P,208.98,0.0,0.0,0.0,0.0,0.0,0.0,0.19667,-0.06771,-2.75928,0.00103,-0.92239
209.02,SYN.ETH-30AUG19,1564397946793,open,0.14,164.0,0.095,0.174,0.134516,97.11,0.13,0.0,ETH-30AUG19-200-C,208.98,92.22,0.129,120.0,0.139,120.0,101.09,0.23578,-0.35916,0.08804,0.00636,0.61683
208.98,SYN.ETH-2AUG19,1564397946796,open,0.37,0.0,0.333,0.443,0.38827,138.06,None,0.0,ETH-2AUG19-290-P,208.98,0.0,0.0,0.0,0.0,0.0,0.0,0.00712,-0.12683,-0.03052,0.00111,-0.98718
9513.69,BTC-27SEP19,1564397946798,open,0.6,29.6,0.5445,0.6725,0.60858077,99.13,0.58,0.0,BTC-27SEP19-15000-P,9481.11,0.0,0.005,10.0,1.1915,0.3,500.0,9.94531,-8.2331,-22.36779,7e-05,-0.82465
9513.69,BTC-27SEP19,1564397946798,open,0.03,231.3,0.0005,0.064,0.02406917,99.61,0.025,0.0,BTC-27SEP19-16000-C,9481.11,97.83,0.0225,24.0,0.0255,24.0,101.19,8.51661,-7.08442,1.78691,6e-05,0.13857
208.98,SYN.ETH-2AUG19,1564397946798,open,0.0,14.0,0.001,0.04,0.000918,132.74,0.001,0.0,ETH-2AUG19-280-C,208.98,0.0,0.0,0.0,0.001,300.0,134.39,0.01008,-0.17257,0.00041,0.00164,0.01921
9639.2,BTC-27DEC19,1564397946801,open,0.01,320.6,0.0005,0.048,0.00813283,104.66,0.008,0.0,BTC-27DEC19-40000-C,9481.11,102.41,0.007,10.0,0.0095,10.0,107.12,5.08517,-1.7637,1.1767,1e-05,0.03767
9639.2,BTC-27DEC19,1564397946801,open,0.06,280.5,0.018,0.1025,0.06019954,95.99,0.059,0.0,BTC-27DEC19-6000-P,9481.11,92.34,0.055,6.0,0.059,6.0,95.16,13.84715,-4.40501,-8.00863,4e-05,-0.1408
210.53,ETH-27DEC19,1564397946803,open,0.79,241.0,0.735,0.878,0.806626,101.98,0.986,0.0,ETH-27DEC19-360-P,208.98,0.0,0.008,4.0,1.59,1.0,500.0,0.4788,-0.16181,-1.30076,0.00256,-0.68809
210.53,ETH-27DEC19,1564397946803,open,0.34,806.0,0.293,0.4,0.346425,100.5,0.315,0.0,ETH-27DEC19-240-P,208.98,96.41,0.336,30.0,0.355,30.0,103.87,0.5361,-0.17854,-0.69493,0.00291,-0.45213
9639.2,BTC-27DEC19,1564397946803,open,0.57,16.0,0.5165,0.642,0.57922389,98.22,0.5665,0.0,BTC-27DEC19-14000-P,9481.11,82.33,0.541,5.0,0.589,5.0,102.16,23.80437,-7.74811,-47.32245,6e-05,-0.60846
9498.44,SYN.BTC-30AUG19,1564397946803,open,0.0,327.6,0.0005,0.042,0.00224328,100.36,0.003,0.0,BTC-30AUG19-18000-C,9481.11,94.99,0.0015,24.0,0.003,28.2,104.72,1.49401,-2.35188,0.16694,2e-05,0.02237
209.02,SYN.ETH-30AUG19,1564397946805,open,0.89,0.0,0.841,0.993,0.916825,106.57,None,0.0,ETH-30AUG19-400-P,208.98,0.0,0.0,0.0,0.0,0.0,0.0,0.04027,-0.06732,-0.34469,0.00099,-0.97151
9483.22,SYN.BTC-2AUG19,1564397946810,open,0.22,0.0,0.1705,0.25,0.21004762,114.52,None,0.0,BTC-2AUG19-7500-C,9481.11,0.0,0.01,10.0,0.0,0.0,0.0,0.47956,-7.0851,0.77499,4e-05,0.97968
208.98,SYN.ETH-2AUG19,1564397946812,open,0.0,197.0,0.001,0.04,0.000458,144.99,0.003,0.0,ETH-2AUG19-300-C,208.98,0.0,0.0,0.0,0.001,300.0,160.39,0.00549,-0.09565,0.0002,0.00082,0.00951
