underlying_price,underlying_index,timestamp,state,settlement_price,open_interest,min_price,max_price,mark_price,mark_iv,last_price,interest_rate,instrument_name,index_price,bid_iv,best_bid_price,best_bid_amount,best_ask_price,best_ask_amount,ask_iv,vega,theta,rho,gamma,delta
295.37,SYN.ETH-19JUL19,1562324339656,open,0.0,0.187,0.285,0.236242,100.08,None,0.0,ETH-19JUL19-360-P,293.87,0.0,0.0,0.0,0.257,10.0,135.57,0.15096,-0.54441,-0.11863,0.00455,-0.8203
11333.16,SYN.BTC-19JUL19,1562324339683,open,0.0,0.1675,0.2645,0.21597898,105.84,None,0.0,BTC-19JUL19-13500-P,11298.86,88.62,0.2065,1.0,0.235,1.0,135.68,6.68082,-25.47886,-4.25555,0.00013,-0.77176
11350.2,SYN.BTC-26JUL19,1562324339691,open,0.19,47.5,0.113,0.205,0.15889752,100.28,0.1615,0.0,BTC-26JUL19-12500-P,11298.86,95.47,0.1545,1.0,0.1605,24.0,102.03,10.40558,-24.99312,-4.99912,0.00014,-0.61119
11670.62,BTC-27DEC19,1562324339777,open,0.0,126.3,0.0005,0.0405,0.0009559,126.84,0.0015,0.0,BTC-27DEC19-1500-P,11298.86,117.27,0.0005,0.2,0.0015,10.5,134.77,0.68414,-0.24811,-0.20742,0.0,-0.00275
310.05,ETH-27DEC19,1562324339801,open,0.85,150.0,0.728,0.871,0.79913,103.04,0.854,0.0,ETH-27DEC19-520-P,293.87,0.0,0.001,500.0,0.0,0.0,0.0,0.80001,-0.2357,-2.1433,0.00169,-0.6437
296.12,SYN.ETH-26JUL19,1562324339809,open,0.0,1034.0,0.001,0.044,0.004332,109.99,0.004,0.0,ETH-26JUL19-480-C,293.87,97.03,0.002,470.0,0.006,250.0,116.76,0.06606,-0.17404,0.00674,0.0012,0.04412
295.37,SYN.ETH-19JUL19,1562324339813,open,0.0,0.001,0.05,0.01087,101.73,None,0.0,ETH-19JUL19-380-C,293.87,96.75,0.009,10.0,0.013,300.0,106.95,0.11573,-0.42421,0.01234,0.00343,0.12077
295.37,SYN.ETH-19JUL19,1562324339813,open,0.0,0.221,0.3,0.260733,103.49,None,0.0,ETH-19JUL19-220-C,293.87,0.0,0.0,0.0,0.0,0.0,0.0,0.06796,-0.25344,0.07635,0.00198,0.94072
302.93,ETH-27SEP19,1562324339928,open,0.01,1414.0,0.001,0.055,0.015499,113.23,0.013,0.0,ETH-27SEP19-760-C,293.87,111.01,0.014,10.0,0.018,500.0,116.69,0.21044,-0.14205,0.04305,0.00088,0.07735
11333.16,SYN.BTC-19JUL19,1562324339937,open,0.0,0.078,0.1575,0.11787393,100.97,None,0.0,BTC-19JUL19-10500-C,11298.86,97.52,0.1155,24.0,0.1235,25.0,109.06,7.83225,-28.49533,2.4504,0.00016,0.68663
11502.96,BTC-27SEP19,1562324339953,open,1.0,0.2,0.87,1.0255,0.94769456,107.94,1.391,0.0,BTC-27SEP19-22000-P,11298.86,0.0,0.0045,10.0,0.0,0.0,0.0,13.41594,-8.63226,-47.25517,4e-05,-0.84001
11350.2,SYN.BTC-26JUL19,1562324339940,open,0.04,61.1,0.0005,0.077,0.03745803,102.39,0.031,0.0,BTC-26JUL19-13500-C,11298.86,99.94,0.0355,5.0,0.0395,32.0,104.91,9.12085,-22.36733,1.56772,0.00012,0.27896
11350.2,SYN.BTC-26JUL19,1562324339958,open,0.15,105.7,0.1195,0.199,0.15913049,97.33,0.161,0.0,BTC-26JUL19-10000-C,11298.86,93.88,0.1565,5.0,0.163,8.0,102.34,8.70673,-20.29656,3.80669,0.00012,0.74553
295.37,SYN.ETH-19JUL19,1562324340023,open,0.0,0.246,0.349,0.297412,101.76,None,0.0,ETH-19JUL19-380-P,293.87,0.0,0.0,0.0,0.317,10.0,141.46,0.1158,-0.42462,-0.13211,0.00343,-0.87912
11316.13,SYN.BTC-12JUL19,1562324340024,open,0.15,17.4,0.129,0.2085,0.1685381,108.51,0.176,0.0,BTC-12JUL19-9500-C,11298.86,95.21,0.1655,8.0,0.1725,8.0,123.05,2.84001,-22.41011,1.54684,0.00011,0.89418
302.93,ETH-27SEP19,1562324340033,open,1.6,0.0,1.424,1.625,1.524414,113.36,None,0.0,ETH-27SEP19-760-P,293.9,0.0,0.0,0.0,0.0,0.0,0.0,0.21107,-0.14263,-1.70325,0.00088,-0.92235
310.05,ETH-27DEC19,1562324340033,open,0.41,0.0,0.322,0.431,0.376572,98.9,None,0.0,ETH-27DEC19-360-P,293.9,91.77,0.357,120.0,0.402,120.0,108.21,0.8496,-0.24024,-1.22879,0.00187,-0.45063
302.93,ETH-27SEP19,1562324340033,open,0.02,714.0,0.001,0.065,0.025203,108.85,0.029,0.0,ETH-27SEP19-640-C,293.9,106.51,0.023,10.0,0.028,500.0,111.68,0.29131,-0.18902,0.06632,0.00127,0.12048
310.05,ETH-27DEC19,1562324340033,open,0.62,0.0,0.591,0.67,0.630141,101.65,None,0.0,ETH-27DEC19-120-C,293.9,0.0,0.001,1000.0,2.47,1.0,500.0,0.20151,-0.05856,0.48335,0.00043,0.95552
310.05,ETH-27DEC19,1562324340033,open,1.09,150.0,0.948,1.109,1.028515,103.87,1.096,0.0,ETH-27DEC19-600-P,293.9,0.0,0.0,0.0,0.0,0.0,0.0,0.73242,-0.21752,-2.58527,0.00153,-0.71184
310.05,ETH-27DEC19,1562324340033,open,1.47,0.0,1.297,1.487,1.392232,107.65,None,0.0,ETH-27DEC19-720-P,293.9,0.0,0.002,1000.0,0.0,0.0,0.0,0.64232,-0.1977,-3.2206,0.0013,-0.77581
310.05,ETH-27DEC19,1562324340033,open,0.43,0.0,0.398,0.477,0.437667,98.12,None,0.0,ETH-27DEC19-200-C,293.9,0.0,0.001,1000.0,1.4,1.0,500.0,0.52703,-0.14786,0.59426,0.00117,0.83771
310.05,ETH-27DEC19,1562324340033,open,0.02,6.0,0.001,0.057,0.017185,101.66,0.019,0.0,ETH-27DEC19-120-P,293.9,99.81,0.016,6.0,0.019,140.0,104.39,0.20156,-0.05859,-0.09162,0.00043,-0.04449
310.05,ETH-27DEC19,1562324340033,open,1.21,0.0,1.061,1.232,1.146706,104.39,None,0.0,ETH-27DEC19-640-P,293.9,0.0,0.0,0.0,0.0,0.0,0.0,0.69687,-0.208,-2.80187,0.00145,-0.73946
302.96,ETH-27SEP19,1562324340033,open,0.05,2697.0,0.02,0.099,0.059468,104.14,0.064,0.0,ETH-27SEP19-480-C,293.9,103.17,0.058,10.0,0.064,569.0,107.08,0.46221,-0.28694,0.13315,0.0021,0.25072
310.08,ETH-27DEC19,1562324340034,open,1.34,0.0,1.178,1.358,1.26792,105.66,None,0.0,ETH-27DEC19-680-P,293.9,0.0,0.0,0.0,0.0,0.0,0.0,0.6664,-0.20131,-3.01355,0.00137,-0.76055
295.37,SYN.ETH-19JUL19,1562324340032,open,500.0,0.001,0.054,0.013488,101.51,0.012,0.0,ETH-19JUL19-240-P,293.9,95.09,0.011,260.0,0.016,291.0,107.56,0.11889,-0.43488,-0.01561,0.00353,-0.12552
296.12,SYN.ETH-26JUL19,1562324340032,open,1.09,0.0,0.947,1.108,1.027801,128.84,None,0.0,ETH-26JUL19-600-P,293.9,0.0,0.0,0.0,0.0,0.0,0.0,0.02876,-0.08874,-0.34068,0.00045,-0.98373
310.08,ETH-27DEC19,1562324340034,open,0.17,476.0,0.145,0.224,0.184112,99.76,0.179,0.0,ETH-27DEC19-400-C,293.9,96.09,0.174,333.0,0.19,110.0,101.89,0.85602,-0.24416,0.45536,0.00186,0.49062
302.96,ETH-27SEP19,1562324340034,open,1.2,0.0,1.053,1.223,1.137975,109.13,None,0.0,ETH-27SEP19-640-P,293.9,0.0,0.0,0.0,0.0,0.0,0.0,0.2929,-0.19055,-1.40392,0.00127,-0.8786
296.12,SYN.ETH-26JUL19,1562324340033,open,0.0,1835.0,0.001,0.043,0.003771,114.48,0.004,0.0,ETH-26JUL19-500-C,293.9,103.68,0.002,306.0,0.005,250.0,120.2,0.05831,-0.15989,0.00577,0.00102,0.03783
296.12,SYN.ETH-26JUL19,1562324340033,open,0.0,1081.0,0.001,0.041,0.001612,128.66,0.002,0.0,ETH-26JUL19-600-C,293.9,0.0,0.0,0.0,0.003,550.0,140.19,0.02855,-0.08798,0.00246,0.00044,0.01613
296.12,SYN.ETH-26JUL19,1562324340032,open,0.81,0.0,0.689,0.829,0.758795,115.49,None,0.0,ETH-26JUL19-520-P,293.9,0.0,0.0,0.0,0.0,0.0,0.0,0.04642,-0.1284,-0.29302,0.0008,-0.97132
294.61,SYN.ETH-12JUL19,1562324340033,open,0.0,1460.0,0.001,0.042,0.001938,117.57,0.001,0.0,ETH-12JUL19-220-P,293.9,105.28,0.001,108.0,0.003,200.0,127.72,0.02702,-0.23101,-0.00174,0.00141,-0.02935
302.96,ETH-27SEP19,1562324340035,open,0.24,688.0,0.176,0.273,0.224143,100.01,0.223,0.0,ETH-27SEP19-320-P,293.9,97.83,0.22,10.0,0.229,110.0,102.57,0.57483,-0.34271,-0.46935,0.00273,-0.45003
302.96,ETH-27SEP19,1562324340035,open,0.07,2620.0,0.018,0.102,0.060098,99.55,0.066,0.0,ETH-27SEP19-220-P,293.9,97.88,0.058,10.0,0.062,392.0,101.05,0.38326,-0.22743,-0.1683,0.00183,-0.18164
11316.13,SYN.BTC-12JUL19,1562324340026,open,0.01,294.5,0.0005,0.047,0.00708415,114.57,0.006,0.0,BTC-12JUL19-14000-C,11298.86,107.66,0.0055,9.5,0.0085,55.0,120.15,2.74918,-22.90474,0.20059,0.0001,0.10118
294.61,SYN.ETH-12JUL19,1562324340033,open,0.0,0.0,0.001,0.04,0.000778,130.0,None,0.0,ETH-12JUL19-200-P,293.9,0.0,0.0,0.0,0.003,560.0,161.92,0.01254,-0.11858,-0.0007,0.00059,-0.01191
302.96,ETH-27SEP19,1562324340036,open,0.94,24.0,0.811,0.961,0.886458,106.66,1.356,0.0,ETH-27SEP19-560-P,293.9,0.0,0.0,0.0,0.0,0.0,0.0,0.37041,-0.23551,-1.19352,0.00165,-0.8279
302.96,ETH-27SEP19,1562324340036,open,0.0,389.0,0.001,0.04,0.000385,129.75,0.002,0.0,ETH-27SEP19-60-P,293.9,0.0,0.0,0.0,0.002,300.0,159.78,0.00829,-0.00641,-0.00151,3e-05,-0.00178
302.96,ETH-27SEP19,1562324340036,open,1.07,27.0,0.931,1.091,1.011261,107.76,1.044,0.0,ETH-27SEP19-600-P,293.9,0.0,0.98,1.0,1.054,2.0,140.14,0.32877,-0.21119,-1.30029,0.00145,-0.85646
296.12,SYN.ETH-26JUL19,1562324340032,open,0.67,0.0,0.561,0.69,0.625297,110.11,None,0.0,ETH-26JUL19-480-P,293.9,0.0,0.0,0.0,0.0,0.0,0.0,0.06631,-0.17488,-0.26776,0.0012,-0.95568
295.37,SYN.ETH-19JUL19,1562324340033,open,0.0,0.307,0.415,0.360944,103.12,None,0.0,ETH-19JUL19-400-P,293.9,0.0,0.0,0.0,0.379,10.0,147.14,0.0853,-0.31698,-0.14388,0.00249,-0.92039
302.96,ETH-27SEP19,1562324340037,open,0.02,5818.0,0.001,0.054,0.014269,99.54,0.02,0.0,ETH-27SEP19-160-P,293.9,97.19,0.013,10.0,0.015,140.0,100.85,0.1672,-0.09921,-0.04993,0.0008,-0.05745
295.37,SYN.ETH-19JUL19,1562324340033,open,0.0,0.001,0.046,0.00669,103.07,None,0.0,ETH-19JUL19-400-C,293.9,96.77,0.005,10.0,0.009,550.0,110.48,0.08521,-0.31645,0.00817,0.00249,0.07949
294.61,SYN.ETH-12JUL19,1562324340033,open,0.23,0.0,0.216,0.295,0.255192,117.55,None,0.0,ETH-12JUL19-220-C,293.9,0.0,0.005,2.0,0.0,0.0,0.0,0.027,-0.23082,0.03971,0.0014,0.97067
296.12,SYN.ETH-26JUL19,1562324340034,open,0.74,0.0,0.625,0.759,0.692276,114.62,None,0.0,ETH-26JUL19-500-P,293.9,0.0,0.0,0.0,0.0,0.0,0.0,0.05858,-0.16083,-0.28017,0.00102,-0.96196
296.12,SYN.ETH-26JUL19,1562324340036,open,0.38,0.0,0.354,0.433,0.393904,105.24,None,0.0,ETH-26JUL19-180-C,293.9,0.0,0.001,1.0,0.0,0.0,0.0,0.0309,-0.07788,0.09965,0.00059,0.9823
294.61,SYN.ETH-12JUL19,1562324340034,open,0.0,238.0,0.001,0.044,0.004353,97.52,0.002,0.0,ETH-12JUL19-360-C,293.9,95.69,0.004,10.0,0.005,87.0,100.69,0.05797,-0.41113,0.00399,0.00364,0.07627
302.96,ETH-27SEP19,1562324340038,open,0.03,669.0,0.001,0.077,0.037785,106.46,0.044,0.0,ETH-27SEP19-560-C,293.9,104.98,0.036,10.0,0.041,160.0,109.05,0.36945,-0.23446,0.09302,0.00165,0.1714
294.61,SYN.ETH-12JUL19,1562324340033,open,0.2,5.0,0.118,0.211,0.164504,97.54,0.283,0.0,ETH-12JUL19-340-P,293.9,69.27,0.157,10.0,0.181,10.0,139.41,0.09751,-0.69166,-0.05587,0.00611,-0.84216
296.12,SYN.ETH-26JUL19,1562324340036,open,0.31,0.0,0.289,0.368,0.328972,101.17,None,0.0,ETH-26JUL19-200-C,293.9,0.0,0.005,2.0,0.0,0.0,0.0,0.06185,-0.14988,0.10676,0.00122,0.95933
294.61,SYN.ETH-12JUL19,1562324340033,open,0.0,1276.0,0.001,0.042,0.002602,105.48,0.002,0.0,ETH-12JUL19-380-C,293.9,89.86,0.001,21.0,0.003,75.0,108.37,0.03896,-0.29887,0.0024,0.00226,0.04593
296.12,SYN.ETH-26JUL19,1562324340036,open,0.34,504.0,0.253,0.357,0.305192,101.99,0.168,0.0,ETH-26JUL19-380-P,293.9,0.0,0.0,0.0,0.329,10.0,134.96,0.18836,-0.46014,-0.1899,0.00368,-0.81607
294.61,SYN.ETH-12JUL19,1562324340037,open,0.54,0.0,0.435,0.554,0.49442,130.15,None,0.0,ETH-12JUL19-440-P,293.9,0.0,0.0,0.0,0.0,0.0,0.0,0.01578,-0.14939,-0.08207,0.00074,-0.98446
294.61,SYN.ETH-12JUL19,1562324340038,open,0.01,50.0,0.001,0.05,0.01044,97.52,0.011,0.0,ETH-12JUL19-340-C,293.9,93.05,0.009,10.0,0.013,520.0,104.95,0.09749,-0.69137,0.00818,0.00611,0.15779
11670.62,BTC-27DEC19,1562324340044,open,0.57,6.9,0.4755,0.598,0.53654147,99.62,0.5815,0.0,BTC-27DEC19-16000-P,11298.86,96.87,0.529,4.8,0.5455,4.8,102.88,32.0228,-9.12099,-60.46942,5e-05,-0.54491
302.96,ETH-27SEP19,1562324340046,open,0.09,2702.0,0.059,0.138,0.09822,102.02,0.086,0.0,ETH-27SEP19-400-C,293.9,99.69,0.094,246.0,0.104,506.0,105.19,0.54982,-0.33438,0.19137,0.00256,0.3731
11350.2,SYN.BTC-26JUL19,1562324340046,open,0.04,289.5,0.0005,0.068,0.02712866,97.32,0.034,0.0,BTC-26JUL19-9500-P,11298.86,95.57,0.026,1.0,0.0285,32.0,99.43,7.34654,-17.12479,-1.40422,0.0001,-0.18918
11316.13,SYN.BTC-12JUL19,1562324340097,open,0.2,12.1,0.1175,0.21,0.16379832,108.22,0.1955,0.0,BTC-12JUL19-13000-P,11298.86,93.23,0.1585,8.0,0.166,8.0,113.92,4.28183,-33.69604,-2.06521,0.00016,-0.80502
11350.2,SYN.BTC-26JUL19,1562324340100,open,0.15,232.5,0.0835,0.1735,0.12837666,99.17,0.145,0.0,BTC-26JUL19-12000-P,11298.86,94.55,0.124,1.0,0.1305,24.0,101.42,10.75619,-25.54916,-4.37926,0.00015,-0.54623
11316.13,SYN.BTC-12JUL19,1562324340105,open,0.02,188.9,0.0005,0.0625,0.0227556,106.75,0.0255,0.0,BTC-12JUL19-12500-C,11298.86,102.86,0.021,4.9,0.0245,5.0,110.55,5.15722,-40.03511,0.53196,0.0002,0.27231
11670.62,BTC-27DEC19,1562324340115,open,0.3,42.2,0.231,0.333,0.28190137,97.35,0.257,0.0,BTC-27DEC19-12000-P,11298.86,94.94,0.2755,6.4,0.289,6.4,100.05,30.84944,-8.58648,-37.2192,5e-05,-0.38377
11670.62,BTC-27DEC19,1562324340123,open,0.2,132.9,0.1325,0.2265,0.17954319,97.35,0.194,0.0,BTC-27DEC19-10000-P,11298.86,94.37,0.1725,9.4,0.1815,13.0,98.19,27.45438,-7.64178,-26.00935,4e-05,-0.28563
11333.16,SYN.BTC-19JUL19,1562324340126,open,0.0,0.0005,0.0645,0.02478963,105.85,None,0.0,BTC-19JUL19-13500-C,11298.86,101.91,0.0225,32.0,0.027,32.0,109.55,6.68126,-25.48291,0.87664,0.00013,0.22826
11333.16,SYN.BTC-19JUL19,1562324340134,open,0.0,0.1,0.191,0.1453991,103.06,None,0.0,BTC-19JUL19-12500-P,11298.86,94.8,0.1395,24.0,0.1485,24.0,107.34,8.17864,-30.3717,-3.42991,0.00016,-0.65071
11350.2,SYN.BTC-26JUL19,1562324340164,open,0.03,184.5,0.0005,0.07,0.03036617,103.7,0.0385,0.0,BTC-26JUL19-14000-C,11298.86,101.83,0.029,5.0,0.0325,42.0,106.58,8.3442,-20.72559,1.3293,0.00011,0.23514
11316.13,SYN.BTC-12JUL19,1562324340167,open,0.2,12.1,0.1175,0.21,0.16379832,108.22,0.1955,0.0,BTC-12JUL19-13000-P,11298.86,93.23,0.1585,8.0,0.1665,8.0,115.18,4.28183,-33.69604,-2.06521,0.00016,-0.80502
11316.13,SYN.BTC-12JUL19,1562324340169,open,0.15,17.4,0.129,0.2085,0.16853479,108.51,0.176,0.0,BTC-12JUL19-9500-C,11298.86,95.21,0.1655,8.0,0.172,8.0,121.33,2.84001,-22.41011,1.54684,0.00011,0.89418
11670.62,BTC-27DEC19,1562324340171,open,0.3,42.2,0.231,0.333,0.28190137,97.35,0.257,0.0,BTC-27DEC19-12000-P,11298.86,95.13,0.276,6.4,0.289,6.4,100.05,30.84944,-8.58648,-37.2192,5e-05,-0.38377
11316.13,SYN.BTC-12JUL19,1562324340173,open,0.16,16.5,0.0825,0.172,0.12737341,106.74,0.179,0.0,BTC-12JUL19-12500-P,11298.86,92.26,0.121,8.0,0.13,8.0,112.45,5.15698,-40.02899,-1.82277,0.0002,-0.72772
11350.2,SYN.BTC-26JUL19,1562324340175,open,0.19,47.5,0.113,0.205,0.15890154,100.28,0.1615,0.0,BTC-26JUL19-12500-P,11298.86,95.47,0.1545,1.0,0.161,24.0,102.57,10.40558,-24.99312,-4.99912,0.00014,-0.61119
11350.2,SYN.BTC-26JUL19,1562324340186,open,0.12,124.9,0.092,0.1715,0.13154725,97.33,0.128,0.0,BTC-26JUL19-10500-C,11298.86,94.95,0.1295,5.0,0.1355,24.0,101.9,9.78232,-22.80373,3.52114,0.00014,0.67396
294.61,SYN.ETH-12JUL19,1562324340201,open,0.01,1795.0,0.001,0.045,0.004848,106.76,0.005,0.0,ETH-12JUL19-240-P,293.9,95.6,0.003,10.0,0.007,550.0,117.38,0.05455,-0.42351,-0.00418,0.00313,-0.07044
295.37,SYN.ETH-19JUL19,1562324340201,open,0.0,0.161,0.24,0.200936,101.48,None,0.0,ETH-19JUL19-240-C,293.9,0.0,0.0,0.0,0.0,0.0,0.0,0.11887,-0.43468,0.07563,0.00353,0.87452
11333.16,SYN.BTC-19JUL19,1562324340206,open,0.0,0.078,0.1575,0.11787099,100.97,None,0.0,BTC-19JUL19-10500-C,11298.86,97.52,0.1155,24.0,0.123,24.0,108.35,7.83225,-28.49533,2.4504,0.00016,0.68663
294.61,SYN.ETH-12JUL19,1562324340207,open,0.02,1286.0,0.001,0.054,0.013464,102.29,0.016,0.0,ETH-12JUL19-260-P,293.9,94.93,0.011,210.0,0.016,479.0,109.45,0.10171,-0.75659,-0.01009,0.00608,-0.16842
11350.2,SYN.BTC-26JUL19,1562324340224,open,0.18,42.9,0.1505,0.23,0.19014014,97.33,0.1675,0.0,BTC-26JUL19-9500-C,11298.86,92.4,0.187,8.0,0.1945,8.0,103.94,7.34682,-17.1266,4.02908,0.0001,0.8108
11670.62,BTC-27DEC19,1562324340226,open,0.5,0.5,0.41,0.527,0.46843656,98.99,0.405,0.0,BTC-27DEC19-15000-P,11298.86,96.49,0.4615,4.8,0.4765,4.8,101.93,32.21815,-9.11889,-54.67626,5e-05,-0.50945
310.08,ETH-27DEC19,1562324340231,open,0.96,150.0,0.836,0.988,0.911582,103.11,0.974,0.0,ETH-27DEC19-560-P,293.9,0.0,0.0,0.0,0.0,0.0,0.0,0.76623,-0.22589,-2.36644,0.00161,-0.68131
294.61,SYN.ETH-12JUL19,1562324340224,open,0.08,177.0,0.021,0.105,0.062703,96.1,0.062,0.0,ETH-12JUL19-300-P,293.9,89.31,0.059,10.0,0.068,150.0,105.79,0.1609,-1.12444,-0.03281,0.01024,-0.52848
11333.16,SYN.BTC-19JUL19,1562324340228,open,0.0,0.0155,0.095,0.05528473,101.78,None,0.0,BTC-19JUL19-12000-C,11298.86,98.13,0.0525,24.0,0.0595,35.0,107.28,8.65955,-31.75954,1.59327,0.00017,0.42509
294.61,SYN.ETH-12JUL19,1562324340234,open,0.11,100.0,0.091,0.17,0.130945,102.28,0.109,0.0,ETH-12JUL19-260-C,293.9,93.42,0.128,60.0,0.135,50.0,113.57,0.1017,-0.7564,0.03889,0.00608,0.83161
294.61,SYN.ETH-12JUL19,1562324340247,open,0.11,100.0,0.091,0.17,0.130945,102.28,0.109,0.0,ETH-12JUL19-260-C,293.9,93.42,0.128,60.0,0.136,50.0,116.24,0.1017,-0.7564,0.03889,0.00608,0.83161
11333.16,SYN.BTC-19JUL19,1562324340249,open,0.0,0.0005,0.0725,0.03250773,104.5,None,0.0,BTC-19JUL19-13000-C,11298.86,99.9,0.0295,33.0,0.0355,42.0,108.98,7.48678,-28.19133,1.08264,0.00015,0.2838
11316.13,SYN.BTC-12JUL19,1562324340263,open,0.16,16.5,0.0825,0.172,0.12737341,106.74,0.179,0.0,BTC-12JUL19-12500-P,11298.86,93.44,0.1215,8.0,0.13,8.0,112.45,5.15698,-40.02899,-1.82277,0.0002,-0.72772
11350.2,SYN.BTC-26JUL19,1562324340265,open,0.18,42.9,0.1505,0.23,0.19014014,97.33,0.1675,0.0,BTC-26JUL19-9500-C,11298.86,92.4,0.187,8.0,0.194,8.0,103.19,7.34682,-17.1266,4.02908,0.0001,0.8108
295.37,SYN.ETH-19JUL19,1562324340274,open,0.0,0.084,0.173,0.128644,99.11,None,0.0,ETH-19JUL19-320-P,293.9,91.43,0.123,10.0,0.134,150.0,106.32,0.21843,-0.78011,-0.08459,0.00665,-0.6247
11333.16,SYN.BTC-19JUL19,1562324340286,open,0.0,0.1075,0.187,0.14722933,101.4,None,0.0,BTC-19JUL19-10000-C,11298.86,97.62,0.145,8.0,0.1525,9.0,110.12,6.74429,-24.64292,2.67394,0.00014,0.76787
11316.13,SYN.BTC-12JUL19,1562324340288,open,0.12,27.5,0.0505,0.1375,0.09381472,104.2,0.072,0.0,BTC-12JUL19-12000-P,11298.86,95.8,0.0895,1.0,0.097,24.0,110.34,5.85058,-44.33359,-1.54849,0.00023,-0.63261
11670.62,BTC-27DEC19,1562324340297,open,0.5,0.5,0.41,0.527,0.46843656,98.99,0.405,0.0,BTC-27DEC19-15000-P,11298.86,96.49,0.4615,4.8,0.477,4.8,102.11,32.21815,-9.11889,-54.67626,5e-05,-0.50945
11333.16,SYN.BTC-19JUL19,1562324340298,open,5.0,0.1325,0.2265,0.17958363,104.49,0.206,0.0,BTC-19JUL19-13000-P,11298.86,95.08,0.1735,8.0,0.182,8.0,108.13,7.48651,-28.18805,-3.85945,0.00015,-0.71622
11333.16,SYN.BTC-19JUL19,1562324340303,open,0.0,0.078,0.1575,0.11787099,100.97,None,0.0,BTC-19JUL19-10500-C,11298.86,97.52,0.1155,24.0,0.1225,1.0,107.63,7.83225,-28.49533,2.4504,0.00016,0.68663
11670.62,BTC-27DEC19,1562324340307,open,0.15,272.0,0.0905,0.181,0.13564528,97.35,0.134,0.0,BTC-27DEC19-9000-P,11298.86,94.0,0.1285,9.4,0.1365,13.0,97.76,24.8231,-6.90944,-20.72272,4e-05,-0.23498
11503.5,BTC-27SEP19,1562324340309,open,0.24,42.3,0.1645,0.261,0.21254297,98.26,0.236,0.0,BTC-27SEP19-12000-P,11298.86,95.86,0.208,20.2,0.2155,3.0,99.82,21.76684,-12.7498,-17.30349,7e-05,-0.44204
302.93,ETH-27SEP19,1562324340325,open,0.34,199.0,0.264,0.368,0.315667,100.63,0.327,0.0,ETH-27SEP19-360-P,293.9,97.12,0.309,120.0,0.322,110.0,103.96,0.5754,-0.34518,-0.60011,0.00271,-0.54641
302.96,ETH-27SEP19,1562324340332,open,0.39,101.0,0.312,0.42,0.366111,101.4,0.369,0.0,ETH-27SEP19-380-P,293.9,97.58,0.359,120.0,0.376,120.0,106.68,0.56515,-0.34161,-0.66443,0.00264,-0.58826
11503.5,BTC-27SEP19,1562324340331,open,0.18,132.8,0.115,0.207,0.16104457,98.26,0.1375,0.0,BTC-27SEP19-11000-P,11298.86,95.76,0.1565,1.0,0.163,3.0,99.34,20.82991,-12.20147,-14.05108,7e-05,-0.3705
11503.5,BTC-27SEP19,1562324340341,open,0.2,560.6,0.165,0.2445,0.20481385,98.27,0.2105,0.0,BTC-27SEP19-11000-C,11298.86,95.61,0.2,20.2,0.208,5.0,100.02,20.82988,-12.20175,11.22644,7e-05,0.6295
296.12,SYN.ETH-26JUL19,1562324340348,open,0.08,735.0,0.024,0.108,0.066128,98.05,0.075,0.0,ETH-26JUL19-280-P,293.9,92.31,0.061,10.0,0.068,185.0,100.14,0.26518,-0.62273,-0.07233,0.00539,-0.36091
11503.5,BTC-27SEP19,1562324340361,open,0.36,41.6,0.281,0.387,0.33407253,99.25,0.3405,0.0,BTC-27SEP19-14000-P,11298.86,96.56,0.329,19.2,0.3415,19.2,103.19,21.66549,-12.8187,-23.88343,7e-05,-0.56942
11502.96,BTC-27SEP19,1562324340386,open,0.01,326.5,0.0005,0.049,0.00871951,100.06,0.008,0.0,BTC-27SEP19-5500-P,11298.86,96.84,0.0075,32.0,0.01,15.0,103.2,4.52759,-2.70071,-1.22691,1e-05,-0.0377
295.37,SYN.ETH-19JUL19,1562324340382,open,0.0,0.109,0.188,0.148359,100.79,None,0.0,ETH-19JUL19-260-C,293.9,95.0,0.145,50.0,0.154,50.0,110.21,0.17378,-0.63111,0.07009,0.0052,0.77256
11503.5,BTC-27SEP19,1562324340382,open,0.08,105.1,0.044,0.1235,0.083611,101.46,0.077,0.0,BTC-27SEP19-16000-C,11298.86,99.38,0.08,30.6,0.087,18.4,103.4,20.01207,-12.10409,6.55872,6e-05,0.33172
295.37,SYN.ETH-19JUL19,1562324340388,open,0.0,0.084,0.173,0.128644,99.11,None,0.0,ETH-19JUL19-320-P,293.9,91.43,0.123,10.0,0.133,150.0,104.98,0.21843,-0.78011,-0.08459,0.00665,-0.6247
295.37,SYN.ETH-19JUL19,1562324340395,open,0.0,0.029,0.108,0.06896,97.79,None,0.0,ETH-19JUL19-300-C,293.9,93.98,0.066,150.0,0.075,171.0,105.56,0.22973,-0.80952,0.04902,0.00708,0.50548
295.37,SYN.ETH-19JUL19,1562324340401,open,500.0,0.001,0.045,0.005576,103.53,0.009,0.0,ETH-19JUL19-220-P,293.9,90.56,0.003,260.0,0.009,550.0,116.7,0.06801,-0.25372,-0.00729,0.00198,-0.05934
11502.96,BTC-27SEP19,1562324340401,open,0.02,81.1,0.0005,0.0585,0.01871329,114.87,0.0205,0.0,BTC-27SEP19-28000-C,11298.86,111.93,0.0165,37.0,0.02,15.0,116.49,8.96139,-6.13652,1.8867,3e-05,0.09009
295.37,SYN.ETH-19JUL19,1562324340408,open,500.0,0.001,0.045,0.005576,103.53,0.009,0.0,ETH-19JUL19-220-P,293.9,90.56,0.003,560.0,0.009,550.0,116.7,0.06801,-0.25372,-0.00729,0.00198,-0.05934
295.37,SYN.ETH-19JUL19,1562324340410,open,500.0,0.001,0.045,0.005576,103.53,0.009,0.0,ETH-19JUL19-220-P,293.9,90.56,0.003,560.0,0.008,250.0,113.14,0.06801,-0.25372,-0.00729,0.00198,-0.05934
295.37,SYN.ETH-19JUL19,1562324340419,open,10.0,0.042,0.128,0.084645,97.8,0.097,0.0,ETH-19JUL19-300-P,293.9,91.83,0.08,150.0,0.09,150.0,104.68,0.22973,-0.80958,-0.06503,0.00708,-0.49451
11502.96,BTC-27SEP19,1562324340433,open,0.48,714.8,0.452,0.5315,0.49174308,99.44,0.556,0.0,BTC-27SEP19-6000-C,11298.66,0.0,0.0,0.0,0.893,3.0,500.0,6.07988,-3.60391,11.99735,2e-05,0.94561
11670.71,BTC-27DEC19,1562324340433,open,0.04,161.8,0.0005,0.0745,0.03485645,113.8,0.0345,0.0,BTC-27DEC19-40000-C,11298.66,111.32,0.0315,13.0,0.037,15.0,115.31,16.25445,-5.28861,4.8168,2e-05,0.121
11670.71,BTC-27DEC19,1562324340433,open,0.46,54.4,0.4255,0.505,0.46548194,97.36,0.45,0.0,BTC-27DEC19-7000-C,11298.66,0.0,0.2155,0.1,0.512,1.0,126.62,17.68602,-4.92313,22.24696,3e-05,0.86335
11502.96,BTC-27SEP19,1562324340433,open,0.01,297.6,0.0005,0.044,0.00420819,101.66,0.0055,0.0,BTC-27SEP19-4750-P,11298.66,95.87,0.003,18.0,0.0055,15.0,106.85,2.64327,-1.60183,-0.63371,1e-05,-0.01977
11332.62,SYN.BTC-19JUL19,1562324340433,open,0.0,0.281,0.387,0.33406532,108.49,None,0.0,BTC-19JUL19-15000-P,11298.66,0.0,0.0,0.0,0.0,0.0,0.0,4.18983,-16.37934,-5.26789,8e-05,-0.8887
11349.66,SYN.BTC-26JUL19,1562324340433,open,0.73,0.0,0.612,0.746,0.67899129,118.37,None,0.0,BTC-26JUL19-19000-P,11298.66,0.0,0.0,0.0,0.0,0.0,0.0,2.64693,-7.50449,-10.5962,3e-05,-0.95338
11332.62,SYN.BTC-19JUL19,1562324340433,open,0.0,0.178,0.2575,0.21759926,104.76,None,0.0,BTC-19JUL19-9000-C,11298.66,0.0,0.0,0.0,0.0,0.0,0.0,4.13494,-15.609,2.89997,8e-05,0.89073
11670.71,BTC-27DEC19,1562324340433,open,0.02,75.2,0.0005,0.0545,0.01430218,97.39,0.0105,0.0,BTC-27DEC19-4500-P,11298.66,95.16,0.013,0.1,0.016,11.0,100.16,6.95996,-1.93799,-3.03581,1e-05,-0.03999
11349.66,SYN.BTC-26JUL19,1562324340433,open,0.02,212.4,0.0005,0.051,0.01061599,98.13,0.012,0.0,BTC-26JUL19-8500-P,11298.66,96.5,0.01,1.0,0.012,40.0,101.64,4.35713,-10.24055,-0.64413,6e-05,-0.08861
11332.62,SYN.BTC-19JUL19,1562324340433,open,0.0,0.0005,0.0595,0.01877174,102.21,None,0.0,BTC-19JUL19-9500-P,11298.66,98.45,0.017,32.0,0.021,32.0,106.78,5.42788,-19.99087,-0.78036,0.00011,-0.16236
11332.62,SYN.BTC-19JUL19,1562324340433,open,100.0,0.0005,0.0465,0.00668813,106.11,0.01,0.0,BTC-19JUL19-8500-P,11298.66,103.34,0.006,10.0,0.0085,40.0,112.82,2.8892,-11.04732,-0.3202,6e-05,-0.06764
11670.71,BTC-27DEC19,1562324340433,open,0.87,0.0,0.8325,0.912,0.87243397,126.93,None,0.0,BTC-27DEC19-1500-C,11298.66,0.0,0.0175,0.1,0.988,0.5,500.0,0.68654,-0.24915,6.97837,0.0,0.99724
11332.62,SYN.BTC-19JUL19,1562324340433,open,0.0,0.217,0.2965,0.25667697,106.25,None,0.0,BTC-19JUL19-8500-C,11298.66,0.0,0.0,0.0,0.0,0.0,0.0,2.89652,-11.08993,2.91002,6e-05,0.93214
11349.66,SYN.BTC-26JUL19,1562324340433,open,0.05,312.1,0.0005,0.0815,0.04016961,97.31,0.042,0.0,BTC-26JUL19-10000-P,11298.66,95.78,0.039,2.0,0.041,1.0,98.39,8.70694,-20.29248,-1.9128,0.00012,-0.2545
11502.96,BTC-27SEP19,1562324340434,open,0.51,14.5,0.416,0.533,0.47449203,101.43,0.4105,0.0,BTC-27SEP19-16000-P,11298.66,0.0,0.0045,10.0,1.12,0.2,499.72,20.00777,-12.09769,-30.21094,6e-05,-0.66842
11502.96,BTC-27SEP19,1562324340434,open,0.06,259.2,0.0215,0.101,0.06103414,103.59,0.059,0.0,BTC-27SEP19-18000-C,11298.66,101.94,0.0585,1.0,0.064,19.0,105.5,17.77021,-10.97387,5.17366,6e-05,0.25676
11670.71,BTC-27DEC19,1562324340434,open,0.03,21.3,0.0005,0.0655,0.02583008,117.55,0.027,0.0,BTC-27DEC19-48000-C,11298.66,114.99,0.023,15.0,0.0275,5.0,118.99,13.28791,-4.46604,3.676,2e-05,0.09157
11502.96,BTC-27SEP19,1562324340434,open,0.06,356.4,0.007,0.0905,0.04892129,98.29,0.056,0.0,BTC-27SEP19-8000-P,11298.66,96.18,0.0465,25.6,0.05,16.6,99.22,13.25808,-7.76835,-5.44651,4e-05,-0.15713
11502.76,BTC-27SEP19,1562324340435,open,0.0,612.3,0.0005,0.0415,0.00153594,128.24,0.002,0.0,BTC-27SEP19-3000-P,11298.66,121.05,0.001,1.0,0.003,15.0,141.84,0.98209,-0.75078,-0.20773,0.0,-0.00632
11349.66,SYN.BTC-26JUL19,1562324340433,open,0.01,316.5,0.0005,0.049,0.00948455,112.32,0.0155,0.0,BTC-26JUL19-17000-C,11298.66,109.61,0.0085,5.0,0.011,50.2,116.23,4.23806,-11.40178,0.4927,5e-05,0.08539
11332.62,SYN.BTC-19JUL19,1562324340433,open,0.4,0.0005,0.054,0.01420757,108.15,0.0145,0.0,BTC-19JUL19-14500-C,11298.66,104.19,0.0125,41.0,0.015,0.3,109.92,5.00815,-19.51725,0.55833,9e-05,0.14381
11502.76,BTC-27SEP19,1562324340437,open,0.44,19.5,0.347,0.459,0.40289852,100.48,0.416,0.0,BTC-27SEP19-15000-P,11298.66,37.0,0.31,0.1,0.5305,2.0,167.94,20.9643,-12.55768,-27.08632,7e-05,-0.62182
11670.51,BTC-27DEC19,1562324340437,open,1.03,0.0,0.9025,1.0605,0.98157299,103.01,None,0.0,BTC-27DEC19-22000-P,11298.66,0.0,0.0055,2.0,1.7715,0.3,499.73,27.96466,-8.23621,-94.18481,4e-05,-0.70286
11502.76,BTC-27SEP19,1562324340437,open,0.73,225.7,0.701,0.7805,0.74074575,128.44,0.693,0.0,BTC-27SEP19-3000-C,11298.66,0.0,0.0045,20.0,0.9285,5.0,500.0,0.98913,-0.75731,6.68437,0.0,0.99363
11502.76,BTC-27SEP19,1562324340437,open,0.13,192.7,0.072,0.1605,0.11616724,98.25,0.131,0.0,BTC-27SEP19-10000-P,11298.66,95.44,0.1115,25.6,0.118,13.7,99.36,19.08769,-11.17953,-10.92399,6e-05,-0.2971
11332.62,SYN.BTC-19JUL19,1562324340433,open,0.0,0.0005,0.0505,0.01051621,108.66,None,0.0,BTC-19JUL19-15000-C,11298.66,105.85,0.0095,40.0,0.013,40.0,115.04,4.2013,-16.44997,0.43601,8e-05,0.11172
11332.62,SYN.BTC-19JUL19,1562324340433,open,0.0,0.032,0.1115,0.0717472,100.87,None,0.0,BTC-19JUL19-11500-C,11298.66,97.98,0.0695,24.0,0.0765,1.0,106.98,8.81249,-32.03155,1.88587,0.00018,0.50949
11315.59,SYN.BTC-12JUL19,1562324340433,open,0.41,0.0,0.318,0.427,0.3724494,125.3,None,0.0,BTC-12JUL19-15500-P,11298.66,0.0,0.0,0.0,0.0,0.0,0.0,1.35476,-12.34433,-2.83893,4e-05,-0.95939
11332.62,SYN.BTC-19JUL19,1562324340433,open,25.0,0.0005,0.052,0.01172873,104.66,0.013,0.0,BTC-19JUL19-9000-P,11298.66,99.76,0.01,50.0,0.0135,40.0,109.38,4.12976,-15.57402,-0.52045,8e-05,-0.10908
11332.62,SYN.BTC-19JUL19,1562324340433,open,0.0,0.242,0.345,0.29363838,108.01,None,0.0,BTC-19JUL19-14500-P,11298.66,0.0,0.0,0.0,0.0,0.0,0.0,4.99947,-19.45857,-4.95526,9e-05,-0.85656
11670.51,BTC-27DEC19,1562324340439,open,0.05,48.2,0.011,0.0905,0.05053927,109.3,0.055,0.0,BTC-27DEC19-32000-C,11298.66,107.83,0.048,5.0,0.053,15.0,110.69,20.42561,-6.38306,6.66784,3e-05,0.16979
11315.59,SYN.BTC-12JUL19,1562324340435,open,0.02,562.0,0.0005,0.0545,0.01436363,104.13,0.0145,0.0,BTC-12JUL19-10000-P,11298.66,100.21,0.013,0.1,0.016,32.1,108.69,3.99713,-30.26746,-0.40272,0.00016,-0.17457
11349.66,SYN.BTC-26JUL19,1562324340436,open,0.64,0.0,0.5295,0.656,0.59272031,115.4,None,0.0,BTC-26JUL19-18000-P,11298.66,0.0,0.0,0.0,0.0,0.0,0.0,3.34341,-9.24105,-9.93228,4e-05,-0.93737
11315.59,SYN.BTC-12JUL19,1562324340433,open,0.0,23.7,0.0005,0.0405,0.00052194,129.99,0.0005,0.0,BTC-12JUL19-7500-P,11298.66,129.27,0.0005,14.8,0.001,2.0,142.13,0.35242,-3.3313,-0.01885,1e-05,-0.00832
11349.66,SYN.BTC-26JUL19,1562324340438,open,0.02,337.1,0.0005,0.06,0.02000677,106.19,0.0235,0.0,BTC-26JUL19-15000-C,11298.66,103.63,0.0185,5.0,0.0215,42.0,108.67,6.7579,-17.18867,0.94614,9e-05,0.16576
11315.59,SYN.BTC-12JUL19,1562324340433,open,0.0,96.3,0.0005,0.0425,0.00272331,125.84,0.0015,0.0,BTC-12JUL19-15500-C,11298.66,113.93,0.0015,10.0,0.004,55.0,135.2,1.37436,-12.57703,0.08229,5e-05,0.04133
11349.66,SYN.BTC-26JUL19,1562324340435,open,0.25,36.6,0.222,0.3015,0.26173039,98.22,0.2155,0.0,BTC-26JUL19-8500-C,11298.66,0.0,0.0105,0.1,0.0,0.0,0.0,4.36332,-10.26479,4.21601,6e-05,0.91122
11349.66,SYN.BTC-26JUL19,1562324340437,open,0.55,0.0,0.447,0.5675,0.50725575,112.13,None,0.0,BTC-26JUL19-17000-P,11298.66,0.0,0.0,0.0,0.0,0.0,0.0,4.22186,-11.33886,-9.23259,5e-05,-0.91505
11315.59,SYN.BTC-12JUL19,1562324340435,open,0.0,351.3,0.0005,0.042,0.00220206,118.29,0.004,0.0,BTC-12JUL19-8500-P,11298.66,116.22,0.002,1.0,0.003,40.1,125.57,1.13282,-9.7447,-0.07425,4e-05,-0.03263
11349.66,SYN.BTC-26JUL19,1562324340437,open,0.34,5.0,0.25,0.354,0.30202312,104.7,0.1535,0.0,BTC-26JUL19-14500-P,11298.66,0.0,0.0,0.0,0.0,0.0,0.0,7.52562,-18.87275,-7.17426,0.0001,-0.80319
11315.59,SYN.BTC-12JUL19,1562324340434,open,0.32,0.0,0.298,0.3775,0.33775125,130.98,None,0.0,BTC-12JUL19-7500-C,11298.66,0.0,0.0,0.0,0.0,0.0,0.0,0.36686,-3.49437,1.39306,1e-05,0.99129
302.96,ETH-27SEP19,1562324340442,open,0.24,1301.0,0.215,0.294,0.254743,99.48,0.263,0.0,ETH-27SEP19-260-C,293.9,97.81,0.252,10.0,0.26,110.0,102.7,0.49555,-0.29389,0.31831,0.00236,0.71195
11502.76,BTC-27SEP19,1562324340449,open,1.87,0.0,1.6835,1.9065,1.79518163,118.77,None,0.0,BTC-27SEP19-32000-P,11298.66,0.0,0.0,0.0,2.342,1.0,450.27,7.00942,-4.96267,-72.16104,2e-05,-0.93479
11502.76,BTC-27SEP19,1562324340460,open,0.03,324.0,0.0005,0.075,0.0352455,108.03,0.0305,0.0,BTC-27SEP19-22000-C,11298.66,106.08,0.033,30.6,0.037,14.9,109.51,13.43196,-8.64973,3.30512,4e-05,0.16028
11315.59,SYN.BTC-12JUL19,1562324340461,open,0.09,81.2,0.0225,0.1075,0.06509053,102.56,0.082,0.0,BTC-12JUL19-11500-P,11298.66,95.08,0.061,1.0,0.068,1.0,107.88,6.18971,-46.16604,-1.24232,0.00025,-0.51773
11315.59,SYN.BTC-12JUL19,1562324340463,open,0.06,65.6,0.0305,0.11,0.0704843,102.75,0.0705,0.0,BTC-12JUL19-11000-C,11298.66,97.09,0.0675,24.2,0.074,5.0,109.4,5.97229,-44.62476,1.14328,0.00024,0.60684
296.12,SYN.ETH-26JUL19,1562324340478,open,0.15,475.0,0.122,0.201,0.161698,98.04,0.18,0.0,ETH-26JUL19-260-C,293.9,93.14,0.158,50.0,0.167,50.0,104.94,0.2254,-0.52928,0.09951,0.00458,0.74925
296.12,SYN.ETH-26JUL19,1562324340545,open,0.11,681.0,0.081,0.16,0.120573,98.04,0.122,0.0,ETH-26JUL19-280-C,293.9,92.93,0.116,294.0,0.126,294.0,104.09,0.26517,-0.62268,0.08782,0.00539,0.63909
296.12,SYN.ETH-26JUL19,1562324340565,open,0.08,1249.0,0.048,0.127,0.087536,98.04,0.107,0.0,ETH-26JUL19-300-C,293.9,94.33,0.084,290.0,0.093,320.0,103.78,0.28199,-0.66216,0.07403,0.00573,0.52463
310.08,ETH-27DEC19,1562324340572,open,0.07,0.0,0.035,0.114,0.07465,105.52,None,0.0,ETH-27DEC19-680-C,293.9,99.44,0.062,279.0,0.087,279.0,111.13,0.66553,-0.2008,0.24399,0.00137,0.23888
310.05,ETH-27DEC19,1562324340614,open,0.73,150.0,0.617,0.751,0.684355,101.0,0.738,0.0,ETH-27DEC19-480-P,293.9,92.48,0.662,110.0,0.706,110.0,109.07,0.82427,-0.23804,-1.92062,0.00177,-0.60857
310.08,ETH-27DEC19,1562324340644,open,0.09,0.0,0.04,0.126,0.082725,98.13,None,0.0,ETH-27DEC19-200-P,293.9,94.15,0.076,390.0,0.087,140.0,100.64,0.52703,-0.14788,-0.36396,0.00117,-0.16226
302.96,ETH-27SEP19,1562324340656,open,0.39,101.0,0.312,0.42,0.366111,101.4,0.369,0.0,ETH-27SEP19-380-P,293.9,97.58,0.359,120.0,0.375,120.0,106.15,0.56515,-0.34161,-0.66443,0.00264,-0.58826
11332.62,SYN.BTC-19JUL19,1562324340665,open,0.0,0.07,0.1585,0.11412402,101.74,None,0.0,BTC-19JUL19-12000-P,11298.66,95.01,0.109,25.0,0.1175,24.0,106.15,8.65846,-31.7415,-2.96915,0.00017,-0.57507
294.61,SYN.ETH-12JUL19,1562324340663,open,0.0,219.0,0.001,0.04,0.000925,130.0,0.003,0.0,ETH-12JUL19-440-C,293.9,0.0,0.0,0.0,0.002,550.0,145.31,0.01569,-0.14831,0.0008,0.00074,0.01543
11349.66,SYN.BTC-26JUL19,1562324340688,open,0.1,162.0,0.034,0.1195,0.07661166,97.3,0.0785,0.0,BTC-26JUL19-11000-P,11298.66,93.93,0.0735,1.0,0.079,37.0,99.88,10.49314,-24.45384,-3.10015,0.00015,-0.40097
11315.59,SYN.BTC-12JUL19,1562324340691,open,0.24,12.5,0.1555,0.2515,0.20345847,111.9,0.32,0.0,BTC-12JUL19-13500-P,11298.66,74.81,0.195,1.0,0.216,1.0,146.65,3.48623,-28.36981,-2.26309,0.00013,-0.85824
310.09,ETH-27DEC19,1562324340704,open,0.25,6.0,0.215,0.294,0.254321,98.1,0.25,0.0,ETH-27DEC19-320-C,293.9,94.96,0.246,201.0,0.262,120.0,101.01,0.82026,-0.23007,0.53631,0.00181,0.61531
310.05,ETH-27DEC19,1562324340736,open,0.08,1.0,0.043,0.122,0.082456,104.36,0.093,0.0,ETH-27DEC19-640-C,293.9,98.68,0.07,274.0,0.097,274.0,110.68,0.6967,-0.20789,0.26436,0.00145,0.26042
296.12,SYN.ETH-26JUL19,1562324340797,open,0.0,1186.0,0.001,0.042,0.002764,115.39,0.013,0.0,ETH-26JUL19-520-C,293.9,100.22,0.001,10.0,0.004,250.0,122.4,0.04626,-0.12785,0.00437,0.0008,0.02856
302.96,ETH-27SEP19,1562324340897,open,0.02,215.0,0.001,0.061,0.021024,110.12,0.02,0.0,ETH-27SEP19-680-C,293.9,108.91,0.02,10.0,0.024,500.0,113.48,0.25946,-0.17033,0.05671,0.00112,0.10248
11670.51,BTC-27DEC19,1562324341032,open,0.66,27.1,0.627,0.7065,0.66671464,98.35,0.542,0.0,BTC-27DEC19-4000-C,11298.66,0.0,0.014,0.1,0.7015,0.2,150.57,5.16733,-1.45299,17.07823,1e-05,0.97215
11349.46,SYN.BTC-26JUL19,1562324341125,open,0.91,0.0,0.7795,0.927,0.85331164,125.52,None,0.0,BTC-26JUL19-21000-P,11298.66,0.0,0.0,0.0,0.0,0.0,0.0,1.78174,-5.35671,-11.84367,2e-05,-0.97127
295.4,SYN.ETH-19JUL19,1562324341289,open,20.0,0.01,0.093,0.051774,99.14,0.06,0.0,ETH-19JUL19-280-P,293.9,92.55,0.047,200.0,0.055,192.0,103.58,0.21428,-0.76553,-0.04561,0.00652,-0.35435
11349.66,SYN.BTC-26JUL19,1562324341347,open,0.04,61.1,0.0005,0.077,0.03744535,102.4,0.031,0.0,BTC-26JUL19-13500-C,11298.66,99.95,0.0355,5.0,0.0395,42.0,104.93,9.11993,-22.36788,1.56745,0.00012,0.27893
11349.46,SYN.BTC-26JUL19,1562324341409,open,0.33,17.0,0.303,0.3825,0.34271617,101.55,0.246,0.0,BTC-26JUL19-7500-C,11298.66,0.0,0.0055,10.0,0.0,0.0,0.0,2.03981,-4.96147,4.04691,3e-05,0.96616
11670.61,BTC-27DEC19,1562324341434,open,0.06,214.5,0.01,0.0935,0.05168913,97.36,0.0635,0.0,BTC-27DEC19-6500-P,11298.48,94.95,0.0485,0.1,0.052,21.0,97.59,15.5844,-4.33816,-9.26552,2e-05,-0.11402
11502.77,BTC-27SEP19,1562324341434,open,0.02,105.8,0.0005,0.055,0.0154085,116.54,0.015,0.0,BTC-27SEP19-30000-C,11298.48,114.41,0.014,32.0,0.016,2.0,117.4,7.83791,-5.44496,1.58598,2e-05,0.07541
11502.77,BTC-27SEP19,1562324341434,open,0.29,369.7,0.2565,0.336,0.29622236,98.27,0.285,0.0,BTC-27SEP19-9000-C,11298.48,93.92,0.29,1.0,0.3295,1.0,121.01,16.52532,-9.68093,12.6632,6e-05,0.77529
11670.61,BTC-27DEC19,1562324341434,open,0.0,88.9,0.0005,0.042,0.00198893,120.4,0.003,0.0,BTC-27DEC19-2000-P,11298.48,100.71,0.0005,5.0,0.0035,10.0,131.63,1.30225,-0.4483,-0.42715,0.0,-0.00565
11502.77,BTC-27SEP19,1562324341434,open,0.87,42.8,0.83,0.9095,0.86962738,129.96,0.815,0.0,BTC-27SEP19-1500-C,11298.48,0.0,0.0,0.0,0.0,0.0,0.0,0.03608,-0.02795,3.44162,0.0,0.99983
11670.61,BTC-27DEC19,1562324341434,open,0.25,105.5,0.1795,0.2775,0.22848134,97.36,0.2425,0.0,BTC-27DEC19-11000-P,11298.48,94.79,0.222,3.0,0.2325,11.7,98.95,29.44718,-8.19702,-31.53544,5e-05,-0.33551
11502.77,BTC-27SEP19,1562324341434,open,0.0,433.4,0.0005,0.041,0.00122379,110.6,0.0025,0.0,BTC-27SEP19-3500-P,11298.48,0.0,0.0,0.0,0.0025,15.0,122.67,0.94421,-0.62251,-0.19222,0.0,-0.00605
11670.61,BTC-27DEC19,1562324341434,open,0.43,8.3,0.3475,0.459,0.40313121,98.47,0.39,0.0,BTC-27DEC19-14000-P,11298.48,95.88,0.396,4.8,0.411,4.8,101.33,32.13948,-9.04891,-48.85375,5e-05,-0.47058
11670.61,BTC-27DEC19,1562324341434,open,0.43,93.8,0.398,0.4775,0.43788737,97.36,0.4485,0.0,BTC-27DEC19-7500-C,11298.48,0.0,0.311,3.0,0.4965,2.5,130.97,19.68205,-5.47898,22.46544,3e-05,0.83966
11670.61,BTC-27DEC19,1562324341434,open,0.0,184.7,0.0005,0.042,0.00208188,106.0,0.003,0.0,BTC-27DEC19-2500-P,11298.48,95.77,0.001,10.0,0.003,10.0,112.18,1.5374,-0.46594,-0.49747,0.0,-0.00682
11670.61,BTC-27DEC19,1562324341435,open,0.03,87.0,0.0005,0.0705,0.02960768,97.36,0.02,0.0,BTC-27DEC19-5500-P,11298.48,92.97,0.0255,3.0,0.0305,11.0,98.28,11.20936,-3.12037,-5.74115,2e-05,-0.07307
11670.61,BTC-27DEC19,1562324341435,open,0.4,206.7,0.372,0.4515,0.41188866,97.36,0.4045,0.0,BTC-27DEC19-8000-C,11298.48,0.0,0.3005,0.1,0.449,0.5,117.18,21.54657,-5.99778,22.55271,3e-05,0.81523
11502.77,BTC-27SEP19,1562324341435,open,0.82,28.2,0.7865,0.866,0.82631385,129.99,0.755,0.0,BTC-27SEP19-2000-C,11298.48,0.0,0.0045,5.0,0.9445,5.0,500.0,0.16977,-0.13156,4.56706,0.0,0.99909
11349.46,SYN.BTC-26JUL19,1562324341435,open,0.38,10.0,0.288,0.395,0.34162554,106.15,0.17,0.0,BTC-26JUL19-15000-P,11298.48,0.0,0.0,0.0,0.0,0.0,0.0,6.75384,-17.17092,-7.6337,9e-05,-0.83439
11502.77,BTC-27SEP19,1562324341436,open,0.69,261.1,0.657,0.7365,0.69694912,110.59,0.714,0.0,BTC-27SEP19-3500-C,11298.48,0.0,0.161,1.0,0.7735,10.0,299.59,0.94414,-0.62245,7.85068,0.0,0.99395
11670.43,BTC-27DEC19,1562324341436,open,2.56,0.0,2.324,2.6005,2.46229382,113.78,None,0.0,BTC-27DEC19-40000-P,11298.48,0.0,0.0005,3.0,0.0,0.0,0.0,16.24728,-5.2854,-186.83034,2e-05,-0.87907
11502.77,BTC-27SEP19,1562324341436,open,1.17,0.2,1.03,1.199,1.11449324,110.47,1.6,0.0,BTC-27SEP19-24000-P,11298.48,0.0,0.0,0.0,0.0,0.0,0.0,11.69473,-7.70105,-52.44326,3e-05,-0.86952
11502.77,BTC-27SEP19,1562324341437,open,0.14,191.0,0.102,0.1815,0.14152321,99.19,0.1485,0.0,BTC-27SEP19-13000-C,11298.48,96.82,0.137,19.2,0.145,17.1,101.01,21.99382,-13.00452,9.26888,7e-05,0.49218
11670.43,BTC-27DEC19,1562324341437,open,0.72,7.8,0.6115,0.7455,0.678393,100.57,0.725,0.0,BTC-27DEC19-18000-P,11298.48,97.78,0.671,4.8,0.6885,4.8,104.36,31.03625,-8.92475,-71.93332,5e-05,-0.6081
11502.77,BTC-27SEP19,1562324341437,open,0.0,425.8,0.0005,0.04,0.00018517,130.0,0.0005,0.0,BTC-27SEP19-2000-P,11298.48,0.0,0.0,0.0,0.001,15.0,156.82,0.16988,-0.13165,-0.02889,0.0,-0.00091
11670.43,BTC-27DEC19,1562324341438,open,1.2,0.0,1.054,1.2245,1.13910104,104.14,None,0.0,BTC-27DEC19-24000-P,11298.48,0.0,0.0055,1.0,1.9385,0.2,500.0,26.26212,-7.81975,-105.00421,4e-05,-0.73885
11502.77,BTC-27SEP19,1562324341438,open,0.52,227.0,0.491,0.5705,0.53057639,100.07,0.535,0.0,BTC-27SEP19-5500-C,11298.48,0.0,0.0,0.0,0.898,5.0,500.0,4.52827,-2.70124,11.41164,1e-05,0.9623
11502.77,BTC-27SEP19,1562324341438,open,0.78,55.9,0.7435,0.823,0.78331569,130.02,0.689,0.0,BTC-27SEP19-2500-C,11298.48,0.0,0.0045,10.0,0.936,5.0,500.0,0.4871,-0.37753,5.65134,0.0,0.99711
11332.43,SYN.BTC-19JUL19,1562324341435,open,0.0,0.1405,0.22,0.18049271,102.25,None,0.0,BTC-19JUL19-9500-C,11298.48,99.1,0.179,8.0,0.1855,8.0,112.34,5.42998,-20.00686,2.8306,0.00011,0.83754
11502.77,BTC-27SEP19,1562324341438,open,0.58,13.5,0.5515,0.631,0.59126537,101.66,0.382,0.0,BTC-27SEP19-4750-C,11298.48,0.0,0.0045,10.0,0.719,5.0,299.3,2.6437,-1.60214,10.28149,1e-05,0.98023
11315.39,SYN.BTC-12JUL19,1562324341435,open,0.46,0.0,0.3595,0.4725,0.41593483,128.28,None,0.0,BTC-12JUL19-16000-P,11298.48,0.0,0.0,0.0,0.0,0.0,0.0,1.05899,-9.87839,-2.95401,3e-05,-0.96992
11502.59,BTC-27SEP19,1562324341439,open,0.02,469.6,0.0005,0.0535,0.01332787,99.39,0.0165,0.0,BTC-27SEP19-6000-P,11298.48,96.82,0.012,32.0,0.015,21.0,102.47,6.07568,-3.5999,-1.78866,2e-05,-0.05434
11670.43,BTC-27DEC19,1562324341439,open,0.0,161.6,0.0005,0.043,0.0031436,100.01,0.005,0.0,BTC-27DEC19-3000-P,11298.48,89.44,0.0015,11.0,0.005,18.0,108.35,2.24391,-0.64164,-0.76208,0.0,-0.01049
11332.43,SYN.BTC-19JUL19,1562324341434,open,0.0,0.0025,0.082,0.04242663,103.07,None,0.0,BTC-19JUL19-12500-C,11298.48,98.99,0.0395,32.0,0.0435,5.0,104.55,8.1773,-30.37026,1.3216,0.00016,0.3492
11315.39,SYN.BTC-12JUL19,1562324341437,open,0.27,0.0,0.254,0.3335,0.29396768,121.72,None,0.0,BTC-12JUL19-8000-C,11298.48,0.0,0.0,0.0,0.0,0.0,0.0,0.6024,-5.33197,1.47206,2e-05,0.98458
11502.59,BTC-27SEP19,1562324341440,open,0.0,418.1,0.0005,0.042,0.00197574,105.78,0.003,0.0,BTC-27SEP19-4000-P,11298.48,96.18,0.001,22.0,0.003,15.0,112.93,1.435,-0.9049,-0.30944,0.0,-0.00973
11349.46,SYN.BTC-26JUL19,1562324341438,open,0.07,197.8,0.0145,0.0985,0.05665967,97.32,0.073,0.0,BTC-26JUL19-10500-P,11298.48,93.64,0.0535,1.0,0.0585,32.0,99.45,9.78281,-22.80245,-2.48474,0.00014,-0.32613
11349.46,SYN.BTC-26JUL19,1562324341435,open,0.0,146.0,0.0005,0.043,0.00303564,125.73,0.004,0.0,BTC-26JUL19-21000-C,11298.48,118.28,0.002,10.0,0.004,45.0,131.31,1.79388,-5.40199,0.16833,2e-05,0.02897
11349.46,SYN.BTC-26JUL19,1562324341439,open,0.01,360.0,0.0005,0.0465,0.00684221,115.65,0.007,0.0,BTC-26JUL19-18000-C,11298.48,110.84,0.0055,15.0,0.008,50.0,119.39,3.36308,-9.31551,0.36519,4e-05,0.0631
11349.46,SYN.BTC-26JUL19,1562324341434,open,0.0,163.6,0.0005,0.041,0.00136296,111.89,0.002,0.0,BTC-26JUL19-6500-P,11298.48,107.0,0.001,20.0,0.002,45.0,118.75,0.92785,-2.4865,-0.0953,1e-05,-0.01332
11332.43,SYN.BTC-19JUL19,1562324341434,open,0.0,0.0005,0.0705,0.02960784,101.39,None,0.0,BTC-19JUL19-10000-P,11298.48,96.97,0.027,32.0,0.032,10.0,105.38,6.74514,-24.64292,-1.12793,0.00014,-0.23221
11315.39,SYN.BTC-12JUL19,1562324341434,open,0.28,0.3,0.195,0.294,0.24431018,114.48,0.1855,0.0,BTC-12JUL19-14000-P,11298.48,0.0,0.001,1.0,0.0,0.0,0.0,2.74383,-22.84318,-2.43718,0.0001,-0.89908
11349.46,SYN.BTC-26JUL19,1562324341434,open,0.37,4.8,0.3455,0.425,0.38529997,105.31,0.455,0.0,BTC-26JUL19-7000-C,11298.48,0.0,0.0055,10.0,0.0,0.0,0.0,1.33879,-3.37695,3.85743,2e-05,0.97956
11315.39,SYN.BTC-12JUL19,1562324341439,open,0.01,144.2,0.0005,0.05,0.01046474,112.08,0.0095,0.0,BTC-12JUL19-13500-C,11298.48,107.19,0.009,5.0,0.0105,2.0,112.19,3.49274,-28.46626,0.28071,0.00013,0.14216
11315.39,SYN.BTC-12JUL19,1562324341437,open,0.32,0.0,0.2355,0.338,0.2865659,118.7,None,0.0,BTC-12JUL19-14500-P,11298.48,0.0,0.0,0.0,0.0,0.0,0.0,2.19477,-18.94524,-2.58285,8e-05,-0.92516
11332.43,SYN.BTC-19JUL19,1562324341437,open,0.0,0.0005,0.0585,0.01857371,106.61,None,0.0,BTC-19JUL19-14000-C,11298.48,103.5,0.017,32.0,0.019,0.5,107.44,5.81054,-22.32287,0.69814,0.00011,0.18063
11349.46,SYN.BTC-26JUL19,1562324341437,open,0.82,0.0,0.6955,0.8365,0.76601575,122.06,None,0.0,BTC-26JUL19-20000-P,11298.48,0.0,0.0,0.0,0.0,0.0,0.0,2.1625,-6.32206,-11.22768,2e-05,-0.96367
11315.39,SYN.BTC-12JUL19,1562324341440,open,0.01,650.5,0.0005,0.0435,0.00384111,110.31,0.0065,0.0,BTC-12JUL19-9000-P,11298.48,104.54,0.003,5.0,0.005,40.0,117.28,1.75639,-14.0895,-0.1279,7e-05,-0.05616
11332.43,SYN.BTC-19JUL19,1562324341469,open,0.1,0.003,0.086,0.04437223,100.95,0.053,0.0,BTC-19JUL19-10500-P,11298.48,96.78,0.0415,32.0,0.0455,10.0,102.58,7.83285,-28.49368,-1.54164,0.00016,-0.31348
11315.39,SYN.BTC-12JUL19,1562324341471,open,0.04,209.5,0.0005,0.067,0.02596301,103.57,0.025,0.0,BTC-12JUL19-10500-P,11298.48,98.15,0.0235,0.1,0.027,0.3,105.83,5.18377,-39.04178,-0.64191,0.00021,-0.27519
11670.61,BTC-27DEC19,1562324341484,open,0.37,14.0,0.288,0.3945,0.34114781,98.06,0.37,0.0,BTC-27DEC19-13000-P,11298.48,95.43,0.334,4.8,0.3485,4.8,100.77,31.70688,-8.88927,-43.03009,5e-05,-0.42841
11349.46,SYN.BTC-26JUL19,1562324341525,open,0.0,123.2,0.0005,0.0435,0.00384813,122.22,0.003,0.0,BTC-26JUL19-20000-C,11298.48,114.22,0.0025,10.0,0.005,55.0,127.76,2.17317,-6.36159,0.21228,2e-05,0.03655
11332.43,SYN.BTC-19JUL19,1562324341546,open,0.5,0.053,0.1325,0.09280973,100.97,0.086,0.0,BTC-19JUL19-11000-C,11298.48,97.24,0.09,24.0,0.098,25.0,107.85,8.54434,-31.08826,2.17889,0.00017,0.59858
11332.43,SYN.BTC-19JUL19,1562324341556,open,0.5,0.053,0.1325,0.09280973,100.97,0.086,0.0,BTC-19JUL19-11000-C,11298.48,97.24,0.09,24.0,0.098,35.0,107.85,8.54434,-31.08826,2.17889,0.00017,0.59858
11332.43,SYN.BTC-19JUL19,1562324341563,open,5.0,0.1325,0.2265,0.17962632,104.47,0.206,0.0,BTC-19JUL19-13000-P,11298.48,94.99,0.1735,8.0,0.1825,8.0,108.79,7.48411,-28.17443,-3.86006,0.00015,-0.71638
11670.43,BTC-27DEC19,1562324341565,open,0.72,7.8,0.6115,0.7455,0.678393,100.57,0.725,0.0,BTC-27DEC19-18000-P,11298.48,97.78,0.671,4.8,0.689,4.8,104.54,31.03625,-8.92475,-71.93332,5e-05,-0.6081
11332.43,SYN.BTC-19JUL19,1562324341567,open,0.1,0.0435,0.1295,0.08649539,100.83,0.1015,0.0,BTC-19JUL19-11500-P,11298.48,95.69,0.0825,24.0,0.085,2.0,98.91,8.81237,-32.01833,-2.48606,0.00018,-0.49057
11315.39,SYN.BTC-12JUL19,1562324341584,open,0.11,24.0,0.091,0.1705,0.13063625,104.19,0.107,0.0,BTC-12JUL19-10000-C,11298.48,98.0,0.1285,5.0,0.135,8.0,116.07,3.99924,-30.30094,1.48067,0.00016,0.82528
11670.43,BTC-27DEC19,1562324341586,open,0.72,7.8,0.6115,0.7455,0.678393,100.57,0.725,0.0,BTC-27DEC19-18000-P,11298.48,97.97,0.6715,4.8,0.689,4.8,104.54,31.03625,-8.92475,-71.93332,5e-05,-0.6081
11670.61,BTC-27DEC19,1562324341590,open,0.43,8.3,0.3475,0.459,0.40313121,98.47,0.39,0.0,BTC-27DEC19-14000-P,11298.48,96.07,0.3965,4.8,0.411,4.8,101.33,32.13948,-9.04891,-48.85375,5e-05,-0.47058
11670.61,BTC-27DEC19,1562324341593,open,0.37,14.0,0.288,0.3945,0.34114781,98.06,0.37,0.0,BTC-27DEC19-13000-P,11298.48,95.61,0.3345,4.8,0.3485,4.8,100.77,31.70688,-8.88927,-43.03009,5e-05,-0.42841
11502.77,BTC-27SEP19,1562324341594,open,0.18,132.8,0.115,0.2075,0.16106915,98.26,0.1375,0.0,BTC-27SEP19-11000-P,11298.48,95.74,0.1565,26.6,0.163,3.0,99.33,20.82956,-12.20071,-14.05228,7e-05,-0.37055
11502.77,BTC-27SEP19,1562324341608,open,0.3,27.1,0.221,0.3225,0.2716732,99.18,0.39,0.0,BTC-27SEP19-13000-P,11298.48,96.48,0.2665,1.0,0.278,19.2,102.49,21.99381,-13.00364,-20.60467,7e-05,-0.50783
11670.43,BTC-27DEC19,1562324341765,open,1.36,0.0,1.208,1.3915,1.29983386,105.47,None,0.0,BTC-27DEC19-26000-P,11298.48,0.0,0.004,10.0,2.1055,0.2,500.0,24.64859,-7.433,-115.6207,4e-05,-0.76798
302.96,ETH-27SEP19,1562324341964,open,0.09,1895.0,0.041,0.127,0.08431,99.52,0.091,0.0,ETH-27SEP19-240-P,293.9,97.26,0.081,10.0,0.087,333.0,101.35,0.44488,-0.26394,-0.22137,0.00212,-0.23366
302.96,ETH-27SEP19,1562324341970,open,0.81,12.0,0.694,0.834,0.763659,105.39,1.193,0.0,ETH-27SEP19-520-P,293.9,0.0,0.0,0.0,0.0,0.0,0.0,0.4151,-0.2608,-1.08369,0.00187,-0.79294
302.96,ETH-27SEP19,1562324341977,open,0.42,743.0,0.392,0.471,0.43106,99.52,0.46,0.0,ETH-27SEP19-180-C,293.9,0.0,0.0,0.0,0.609,10.0,266.01,0.2393,-0.14197,0.33219,0.00114,0.90822
296.15,SYN.ETH-26JUL19,1562324342001,open,0.04,1799.0,0.006,0.085,0.045135,100.54,0.045,0.0,ETH-26JUL19-340-C,293.9,96.88,0.042,120.0,0.048,434.0,103.85,0.25489,-0.61381,0.04739,0.00505,0.32493
302.96,ETH-27SEP19,1562324342046,open,0.47,392.0,0.447,0.526,0.486137,99.52,0.51,0.0,ETH-27SEP19-160-C,293.9,0.0,0.1,10.0,0.0,0.0,0.0,0.16716,-0.09917,0.31777,0.0008,0.94257
296.15,SYN.ETH-26JUL19,1562324342071,open,0.0,980.0,0.001,0.041,0.001761,105.31,0.003,0.0,ETH-26JUL19-180-P,293.9,96.69,0.001,1.0,0.003,100.0,115.28,0.03095,-0.07807,-0.0033,0.00059,-0.01773
302.96,ETH-27SEP19,1562324342104,open,0.03,5305.0,0.001,0.066,0.025198,99.52,0.023,0.0,ETH-27SEP19-180-P,293.9,96.69,0.023,10.0,0.026,140.0,100.53,0.2393,-0.14197,-0.08144,0.00114,-0.09178
302.96,ETH-27SEP19,1562324342110,open,0.01,7664.0,0.001,0.047,0.007072,99.52,0.005,0.0,ETH-27SEP19-140-P,293.9,92.88,0.005,210.0,0.009,440.0,104.82,0.10338,-0.06133,-0.02698,0.00049,-0.03168
296.15,SYN.ETH-26JUL19,1562324342110,open,0.25,20.0,0.227,0.306,0.266896,97.9,0.237,0.0,ETH-26JUL19-220-C,293.9,0.0,0.005,1.0,0.0,0.0,0.0,0.10803,-0.25331,0.11016,0.0022,0.91723
295.4,SYN.ETH-19JUL19,1562324342148,open,13.0,0.001,0.068,0.02863,99.81,0.026,0.0,ETH-19JUL19-340-C,293.9,94.05,0.025,210.0,0.031,256.0,103.48,0.18898,-0.67968,0.02664,0.00571,0.2659
11670.43,BTC-27DEC19,1562324342193,open,0.62,6.5,0.589,0.6685,0.62871837,97.4,0.54,0.0,BTC-27DEC19-4500-C,11298.48,0.0,0.0115,0.1,0.977,1.0,500.0,6.96131,-1.93853,18.52334,1e-05,0.96
294.64,SYN.ETH-12JUL19,1562324342331,open,0.17,10.0,0.151,0.23,0.190219,106.35,0.15,0.0,ETH-12JUL19-240-C,293.9,0.0,0.005,2.0,0.201,100.0,150.03,0.05409,-0.41834,0.04108,0.00311,0.93034
11670.53,BTC-27DEC19,1562324342434,open,0.06,209.9,0.0165,0.096,0.05634291,108.05,0.059,0.0,BTC-27DEC19-30000-C,11298.13,106.5,0.0535,11.4,0.059,15.0,109.46,21.71709,-6.7089,7.3135,3e-05,0.18714
11670.53,BTC-27DEC19,1562324342434,open,0.74,0.0,0.7065,0.786,0.74608754,100.02,None,0.0,BTC-27DEC19-3000-C,11298.13,0.0,0.0055,0.2,0.982,0.5,500.0,2.24464,-0.6419,13.61095,0.0,0.98951
11670.53,BTC-27DEC19,1562324342434,open,0.07,180.3,0.023,0.1075,0.0652792,97.36,0.0675,0.0,BTC-27DEC19-7000-P,11298.13,93.17,0.059,11.0,0.065,3.0,97.17,17.68631,-4.92328,-11.29132,3e-05,-0.13666
11502.62,BTC-27SEP19,1562324342434,open,0.03,260.7,0.0005,0.068,0.02803748,110.46,0.036,0.0,BTC-27SEP19-24000-C,11298.13,108.43,0.026,37.0,0.0295,15.0,111.89,11.69416,-7.70064,2.70771,3e-05,0.13048
11670.53,BTC-27DEC19,1562324342435,open,0.1,68.0,0.0565,0.136,0.0964973,103.02,0.108,0.0,BTC-27DEC19-22000-C,11298.13,101.55,0.093,11.4,0.1,15.0,104.47,27.96603,-8.23718,11.22048,4e-05,0.29717
11670.53,BTC-27DEC19,1562324342435,open,0.01,145.3,0.0005,0.0495,0.00945584,98.34,0.0115,0.0,BTC-27DEC19-4000-P,11298.13,96.12,0.0085,100.0,0.011,8.0,101.69,5.16648,-1.45265,-2.08575,1e-05,-0.02785
11349.29,SYN.BTC-26JUL19,1562324342435,open,0.0,190.2,0.0005,0.0405,0.00088637,118.84,0.0015,0.0,BTC-26JUL19-6000-P,11298.13,110.49,0.0005,10.0,0.0015,1.8,128.03,0.63032,-1.79413,-0.06121,1e-05,-0.00854
11670.18,BTC-27DEC19,1562324342436,open,0.78,0.0,0.748,0.8275,0.78786863,106.06,None,0.0,BTC-27DEC19-2500-C,11298.13,0.0,0.0135,0.1,0.9835,0.5,500.0,1.54112,-0.46732,11.47883,0.0,0.99317
11502.62,BTC-27SEP19,1562324342436,open,0.0,122.0,0.0005,0.0415,0.00167989,109.22,0.002,0.0,BTC-27SEP19-3750-P,11298.13,101.73,0.001,3.0,0.0025,15.0,115.94,1.22733,-0.79909,-0.25959,0.0,-0.00814
11502.62,BTC-27SEP19,1562324342436,open,0.02,61.4,0.0005,0.0625,0.02268443,112.7,0.0295,0.0,BTC-27SEP19-26000-C,11298.13,110.76,0.021,5.0,0.024,15.0,114.16,10.20496,-6.85594,2.24447,3e-05,0.1076
11502.62,BTC-27SEP19,1562324342436,open,0.71,0.0,0.679,0.7585,0.71854682,115.4,None,0.0,BTC-27SEP19-3250-C,11298.13,0.0,0.0045,10.0,0.925,5.0,500.0,0.82747,-0.56923,7.30175,0.0,0.99479
11502.62,BTC-27SEP19,1562324342436,open,0.05,372.2,0.006,0.0855,0.0459492,105.93,0.049,0.0,BTC-27SEP19-20000-C,11298.13,104.1,0.0435,31.6,0.048,14.5,107.44,15.5176,-9.79894,4.11795,5e-05,0.20174
11315.21,SYN.BTC-12JUL19,1562324342434,open,0.0,86.4,0.0005,0.0415,0.00195599,128.54,0.003,0.0,BTC-12JUL19-16000-C,11298.13,106.08,0.0005,42.9,0.003,1.0,138.19,1.06721,-9.9756,0.06054,3e-05,0.03036
11502.62,BTC-27SEP19,1562324342438,open,0.11,145.7,0.0775,0.157,0.11702709,99.26,0.1155,0.0,BTC-27SEP19-14000-C,11298.13,97.65,0.114,19.2,0.121,17.5,101.36,21.6633,-12.8178,8.28646,7e-05,0.43052
11502.62,BTC-27SEP19,1562324342438,open,0.67,0.0,0.636,0.7155,0.67567131,109.26,None,0.0,BTC-27SEP19-3750-C,11298.13,0.0,0.0045,10.0,0.762,10.0,299.77,1.22928,-0.80063,8.35728,0.0,0.99184
11670.18,BTC-27DEC19,1562324342438,open,0.7,4.0,0.6665,0.746,0.70608736,99.96,0.59,0.0,BTC-27DEC19-3500-C,11298.13,0.0,0.0055,0.1,0.78,1.0,212.48,3.65511,-1.04466,15.40094,1e-05,0.98153
11670.18,BTC-27DEC19,1562324342439,open,0.02,132.1,0.0005,0.0615,0.02111944,97.36,0.016,0.0,BTC-27DEC19-5000-P,11298.13,94.56,0.019,0.1,0.0225,11.0,99.12,9.03599,-2.51529,-4.27778,1e-05,-0.05539
11670.18,BTC-27DEC19,1562324342438,open,0.52,122.6,0.486,0.5655,0.5256767,97.37,0.56,0.0,BTC-27DEC19-6000-C,11298.13,69.86,0.499,4.0,0.58,0.1,139.29,13.41199,-3.73376,21.33584,2e-05,0.90727
11502.62,BTC-27SEP19,1562324342438,open,0.0,46.9,0.0005,0.041,0.00108746,115.35,0.003,0.0,BTC-27SEP19-3250-P,11298.13,0.0,0.0,0.0,0.002,15.0,125.59,0.82558,-0.56768,-0.16618,0.0,-0.0052
11502.62,BTC-27SEP19,1562324342438,open,0.62,0.2,0.5935,0.673,0.63310076,104.33,0.26,0.0,BTC-27SEP19-4250-C,11298.13,0.0,0.005,0.1,0.74,5.0,299.81,1.78658,-1.11116,9.3672,1e-05,0.98748
11502.62,BTC-27SEP19,1562324342439,open,1.52,0.0,1.355,1.551,1.45290814,114.83,None,0.0,BTC-27SEP19-28000-P,11298.13,0.0,0.0,0.0,0.0,0.0,0.0,8.95161,-6.12742,-62.45877,3e-05,-0.91004
11670.18,BTC-27DEC19,1562324342439,open,3.26,0.0,2.9735,3.304,3.13878464,117.47,None,0.0,BTC-27DEC19-48000-P,11298.13,0.0,0.0,0.0,3.887,1.0,449.97,13.26091,-4.45398,-226.30623,2e-05,-0.90867
11670.18,BTC-27DEC19,1562324342439,open,0.11,153.1,0.0535,0.141,0.09737929,97.36,0.108,0.0,BTC-27DEC19-8000-P,11298.13,94.98,0.093,0.1,0.097,3.0,97.15,21.54678,-5.99776,-15.77685,3e-05,-0.18479
11670.18,BTC-27DEC19,1562324342439,open,0.83,0.0,0.791,0.8705,0.83061583,120.43,None,0.0,BTC-27DEC19-2000-C,11298.13,0.0,0.0135,0.1,0.9855,0.5,500.0,1.30384,-0.44896,9.15443,0.0,0.99434
11670.18,BTC-27DEC19,1562324342439,open,0.04,161.6,0.002,0.0815,0.04150139,111.65,0.046,0.0,BTC-27DEC19-36000-C,11298.13,110.02,0.039,5.0,0.044,15.0,113.23,18.15537,-5.79554,5.62058,2e-05,0.14202
11670.18,BTC-27DEC19,1562324342439,open,0.87,3.6,0.755,0.9005,0.82782556,101.89,0.7375,0.0,BTC-27DEC19-20000-P,11298.13,0.0,0.004,5.0,1.605,0.2,499.6,29.61373,-8.62721,-83.16275,4e-05,-0.65953
11349.29,SYN.BTC-26JUL19,1562324342435,open,0.05,82.8,0.018,0.0975,0.05757789,100.29,0.055,0.0,BTC-26JUL19-12500-C,11298.13,98.02,0.0555,5.0,0.0605,42.0,103.47,10.40392,-24.99165,2.14933,0.00014,0.3887
11502.27,BTC-27SEP19,1562324342440,open,0.16,711.3,0.1295,0.209,0.1693566,98.27,0.1545,0.0,BTC-27SEP19-12000-C,11298.13,96.23,0.1655,19.2,0.1715,5.0,99.4,21.76512,-12.75017,10.26954,7e-05,0.55789
11315.21,SYN.BTC-12JUL19,1562324342439,open,0.08,33.2,0.0585,0.138,0.09802852,103.6,0.0805,0.0,BTC-12JUL19-10500-C,11298.13,96.93,0.095,13.0,0.1025,13.0,113.25,5.18447,-39.05937,1.33582,0.00021,0.72473
11349.29,SYN.BTC-26JUL19,1562324342438,open,0.01,296.3,0.0005,0.0535,0.01395197,109.96,0.013,0.0,BTC-26JUL19-16000-C,11298.13,104.61,0.0115,55.0,0.015,50.0,112.11,5.43265,-14.30783,0.68901,7e-05,0.1201
11349.29,SYN.BTC-26JUL19,1562324342439,open,0.28,24.1,0.2615,0.341,0.30135353,99.51,0.38,0.0,BTC-26JUL19-8000-C,11298.13,0.0,0.161,0.3,0.0,0.0,0.0,3.06648,-7.30878,4.17088,4e-05,0.94391
11315.21,SYN.BTC-12JUL19,1562324342438,open,0.23,0.0,0.2115,0.291,0.25101531,118.42,None,0.0,BTC-12JUL19-8500-C,11298.13,0.0,0.0,0.0,0.0,0.0,0.0,1.13707,-9.79206,1.52659,4e-05,0.96722
11349.29,SYN.BTC-26JUL19,1562324342438,open,0.02,153.1,0.0005,0.0645,0.02450117,104.79,0.022,0.0,BTC-26JUL19-14500-C,11298.13,102.5,0.023,5.0,0.026,42.0,107.02,7.53017,-18.89915,1.11981,0.0001,0.19702
11349.29,SYN.BTC-26JUL19,1562324342438,open,0.46,0.0,0.4325,0.512,0.47222688,118.98,None,0.0,BTC-26JUL19-6000-C,11298.13,0.0,0.0055,10.0,0.0,0.0,0.0,0.63416,-1.80724,3.36997,1e-05,0.9914
11349.29,SYN.BTC-26JUL19,1562324342440,open,0.41,0.0,0.389,0.4685,0.42864881,111.99,0.3665,0.0,BTC-26JUL19-6500-C,11298.13,0.0,0.0055,10.0,0.0,0.0,0.0,0.93179,-2.49946,3.6218,1e-05,0.98661
11315.21,SYN.BTC-12JUL19,1562324342438,open,0.0,304.9,0.0005,0.0435,0.00385391,123.26,0.002,0.0,BTC-12JUL19-15000-C,11298.13,113.56,0.0025,5.0,0.005,55.0,130.05,1.77318,-15.89329,0.11295,6e-05,0.05685
11315.21,SYN.BTC-12JUL19,1562324342439,open,0.01,175.1,0.0005,0.0545,0.01498377,108.24,0.015,0.0,BTC-12JUL19-13000-C,11298.13,104.25,0.0135,3.8,0.0155,1.0,109.59,4.2801,-33.6881,0.38344,0.00016,0.19487
11349.29,SYN.BTC-26JUL19,1562324342436,open,0.01,289.3,0.0005,0.046,0.00623284,99.47,0.0115,0.0,BTC-26JUL19-8000-P,11298.13,96.67,0.0055,16.0,0.0075,40.0,103.95,3.06385,-7.29961,-0.40415,4e-05,-0.05603
11349.29,SYN.BTC-26JUL19,1562324342438,open,0.22,14.9,0.1445,0.239,0.19168611,101.08,0.2055,0.0,BTC-26JUL19-13000-P,11298.13,92.67,0.1845,24.0,0.1935,24.0,103.17,9.82534,-23.78767,-5.59551,0.00013,-0.67034
11349.29,SYN.BTC-26JUL19,1562324342436,open,0.3,5.3,0.2135,0.314,0.26389188,103.68,0.192,0.0,BTC-26JUL19-14000-P,11298.13,0.0,0.0,0.0,0.0,0.0,0.0,8.34033,-20.71153,-6.67877,0.00011,-0.76502
11315.21,SYN.BTC-12JUL19,1562324342438,open,0.06,74.0,0.001,0.084,0.04257598,102.69,0.0595,0.0,BTC-12JUL19-11000-P,11298.13,95.9,0.039,0.1,0.0445,1.0,106.33,5.97235,-44.59812,-0.92891,0.00024,-0.39322
11349.29,SYN.BTC-26JUL19,1562324342436,open,0.21,34.3,0.1845,0.264,0.22446993,97.64,0.201,0.0,BTC-26JUL19-9000-C,11298.13,0.0,0.032,0.1,0.366,1.0,298.55,5.84778,-13.67512,4.16751,8e-05,0.86651
11349.29,SYN.BTC-26JUL19,1562324342434,open,0.01,278.9,0.0005,0.0435,0.00352974,101.49,0.0065,0.0,BTC-26JUL19-7500-P,11298.13,98.4,0.003,11.0,0.0045,40.0,106.53,2.03634,-4.94992,-0.24209,3e-05,-0.03377
11349.29,SYN.BTC-26JUL19,1562324342439,open,0.12,246.3,0.0565,0.144,0.10004185,97.32,0.1,0.0,BTC-26JUL19-11500-P,11298.13,93.6,0.0965,1.0,0.1025,5.0,99.9,10.80884,-25.19372,-3.74045,0.00015,-0.4762
11349.29,SYN.BTC-26JUL19,1562324342440,open,0.1,201.2,0.0675,0.147,0.10743414,97.33,0.093,0.0,BTC-26JUL19-11000-C,11298.13,95.24,0.1055,5.0,0.112,24.0,102.27,10.49318,-24.46228,3.19059,0.00015,0.59897
11315.21,SYN.BTC-12JUL19,1562324342441,open,0.01,211.6,0.0005,0.048,0.00805188,108.49,0.0085,0.0,BTC-12JUL19-9500-P,11298.13,106.26,0.0075,1.2,0.009,40.0,112.18,2.84099,-22.41376,-0.24284,0.00011,-0.10588
11670.18,BTC-27DEC19,1562324342457,open,1.2,0.0,1.054,1.2245,1.13911394,104.13,None,0.0,BTC-27DEC19-24000-P,11298.13,0.0,0.0055,1.0,1.939,0.2,500.0,26.25841,-7.81773,-105.0061,4e-05,-0.73891
11670.18,BTC-27DEC19,1562324342458,open,3.26,0.0,2.9735,3.304,3.13878464,117.47,None,0.0,BTC-27DEC19-48000-P,11298.13,0.0,0.0,0.0,3.8875,1.0,450.3,13.26091,-4.45398,-226.30623,2e-05,-0.90867
11332.25,SYN.BTC-19JUL19,1562324342569,open,0.0,0.1,0.191,0.14545047,103.04,None,0.0,BTC-19JUL19-12500-P,11298.13,95.42,0.14,24.0,0.1485,24.0,107.25,8.17648,-30.3599,-3.43062,0.00016,-0.65088
11670.18,BTC-27DEC19,1562324342571,open,0.07,156.3,0.032,0.1115,0.07199778,105.48,0.0665,0.0,BTC-27DEC19-26000-C,11298.13,104.05,0.069,5.0,0.0755,15.0,107.12,24.64992,-7.43407,8.94892,4e-05,0.23205
11349.29,SYN.BTC-26JUL19,1562324342572,open,0.22,14.9,0.1445,0.239,0.19168611,101.08,0.2055,0.0,BTC-26JUL19-13000-P,11298.13,92.67,0.1845,24.0,0.194,24.0,103.74,9.82534,-23.78767,-5.59551,0.00013,-0.67034
294.61,SYN.ETH-12JUL19,1562324342588,open,0.0,219.0,0.001,0.04,0.000925,130.0,0.003,0.0,ETH-12JUL19-440-C,293.9,0.0,0.0,0.0,0.002,300.0,145.31,0.01569,-0.14831,0.0008,0.00074,0.01543
11670.18,BTC-27DEC19,1562324342631,open,0.57,6.9,0.4755,0.598,0.5366046,99.63,0.5815,0.0,BTC-27DEC19-16000-P,11298.13,97.03,0.5295,4.8,0.5455,4.8,102.86,32.02163,-9.1214,-60.47042,5e-05,-0.5449
11670.53,BTC-27DEC19,1562324342646,open,0.1,68.0,0.0565,0.136,0.0964973,103.02,0.108,0.0,BTC-27DEC19-22000-C,11298.13,101.55,0.093,5.0,0.1,15.0,104.47,27.96603,-8.23718,11.22048,4e-05,0.29717
11670.18,BTC-27DEC19,1562324342648,open,0.25,159.0,0.214,0.2935,0.2536787,97.37,0.247,0.0,BTC-27DEC19-12000-C,11298.13,95.79,0.2495,5.0,0.259,5.0,99.38,30.84818,-8.58763,20.27188,5e-05,0.61624
296.15,SYN.ETH-26JUL19,1562324342647,open,0.08,735.0,0.024,0.108,0.066124,98.09,0.075,0.0,ETH-26JUL19-280-P,293.9,92.36,0.061,210.0,0.068,185.0,100.19,0.26517,-0.62299,-0.07231,0.00539,-0.36077
11349.29,SYN.BTC-26JUL19,1562324342649,open,0.22,14.9,0.1445,0.239,0.19168611,101.08,0.2055,0.0,BTC-26JUL19-13000-P,11298.13,93.26,0.185,24.0,0.194,24.0,103.74,9.82534,-23.78767,-5.59551,0.00013,-0.67034
11332.25,SYN.BTC-19JUL19,1562324342677,open,0.0,0.1405,0.22,0.18048127,102.25,None,0.0,BTC-19JUL19-9500-C,11298.13,98.04,0.1785,8.0,0.1855,8.0,112.36,5.4302,-20.00715,2.83054,0.00011,0.83752
11502.27,BTC-27SEP19,1562324342679,open,0.13,192.7,0.072,0.1605,0.11619266,98.26,0.131,0.0,BTC-27SEP19-10000-P,11298.13,95.73,0.112,25.6,0.118,13.7,99.34,19.08783,-11.18014,-10.92505,6e-05,-0.29714
295.4,SYN.ETH-19JUL19,1562324342679,open,0.0,0.03,0.109,0.069008,97.74,None,0.0,ETH-19JUL19-300-C,293.9,92.64,0.065,150.0,0.075,171.0,105.5,0.22975,-0.80915,0.04904,0.00709,0.50565
302.96,ETH-27SEP19,1562324342687,open,0.24,1301.0,0.215,0.294,0.254804,99.52,0.263,0.0,ETH-27SEP19-260-C,293.9,97.81,0.252,10.0,0.26,230.0,102.7,0.49556,-0.294,0.31826,0.00236,0.71194
310.09,ETH-27DEC19,1562324342705,open,0.13,55.0,0.097,0.176,0.136242,101.0,0.125,0.0,ETH-27DEC19-480-C,293.9,97.89,0.128,243.0,0.143,110.0,103.53,0.82441,-0.23807,0.37922,0.00177,0.39149
296.15,SYN.ETH-26JUL19,1562324342765,open,0.95,0.0,0.818,0.968,0.892749,120.36,None,0.0,ETH-26JUL19-560-P,293.9,0.0,0.0,0.0,0.0,0.0,0.0,0.03321,-0.09574,-0.31734,0.00055,-0.98074
11670.18,BTC-27DEC19,1562324342830,open,2.91,0.0,2.648,2.9515,2.79982824,115.55,None,0.0,BTC-27DEC19-44000-P,11298.13,0.0,0.0,0.0,0.0,0.0,0.0,14.58231,-4.81787,-206.64803,2e-05,-0.89605
11349.29,SYN.BTC-26JUL19,1562324342978,open,0.26,9.3,0.178,0.276,0.22692501,102.37,0.191,0.0,BTC-26JUL19-13500-P,11298.13,91.58,0.2185,1.0,0.0,0.0,0.0,9.11752,-22.35495,-6.15439,0.00012,-0.72121
294.64,SYN.ETH-12JUL19,1562324343028,open,0.0,281.0,0.001,0.041,0.001658,127.6,0.002,0.0,ETH-12JUL19-420-C,293.9,0.0,0.0,0.0,0.003,550.0,140.73,0.02473,-0.2295,0.00137,0.00119,0.02639
295.4,SYN.ETH-19JUL19,1562324343142,open,0.0,0.285,0.364,0.32465,103.73,None,0.0,ETH-19JUL19-200-C,293.9,0.0,0.0,0.0,0.0,0.0,0.0,0.0293,-0.10951,0.07346,0.00085,0.9788
295.4,SYN.ETH-19JUL19,1562324343289,open,0.0,0.001,0.041,0.00177,104.41,None,0.0,ETH-19JUL19-200-P,293.9,0.0,0.0,0.0,0.005,250.0,127.04,0.03002,-0.11294,-0.00265,0.00087,-0.02182
294.64,SYN.ETH-12JUL19,1562324343302,open,0.3,0.0,0.282,0.361,0.32192,128.35,None,0.0,ETH-12JUL19-200-C,293.9,0.0,0.0,0.0,0.0,0.0,0.0,0.01179,-0.11005,0.03702,0.00056,0.98891
294.64,SYN.ETH-12JUL19,1562324343348,open,0.47,0.0,0.371,0.484,0.427259,129.28,None,0.0,ETH-12JUL19-420-P,293.9,0.0,0.0,0.0,0.0,0.0,0.0,0.02608,-0.24516,-0.07766,0.00123,-0.97188
11670.3,BTC-27DEC19,1562324343437,open,1.87,0.3,1.681,1.904,1.79248749,109.27,2.435,0.0,BTC-27DEC19-32000-P,11298.25,0.0,0.0,0.0,0.0,0.0,0.0,20.41557,-6.37816,-146.6519,3e-05,-0.83034
11670.42,BTC-27DEC19,1562324343438,open,0.01,101.8,0.0005,0.046,0.00598697,99.93,0.0105,0.0,BTC-27DEC19-3500-P,11298.25,96.62,0.005,3.0,0.0075,18.0,104.47,3.65171,-1.04337,-1.36627,1e-05,-0.01845
11670.42,BTC-27DEC19,1562324343438,open,0.13,250.8,0.0965,0.176,0.13603669,100.58,0.134,0.0,BTC-27DEC19-18000-C,11298.25,99.24,0.1325,5.0,0.1395,10.0,101.88,31.03632,-8.92488,14.3068,5e-05,0.39191
11670.42,BTC-27DEC19,1562324343438,open,3.6,0.0,3.2995,3.6575,3.47845283,119.28,None,0.0,BTC-27DEC19-52000-P,11298.25,0.0,0.0,0.0,0.0,0.0,0.0,12.14608,-4.14223,-245.86893,2e-05,-0.91879
11502.32,BTC-27SEP19,1562324343438,open,0.0,371.7,0.0005,0.0405,0.00065116,129.93,0.0005,0.0,BTC-27SEP19-2500-P,11298.25,126.01,0.0005,3.0,0.001,17.0,137.0,0.48527,-0.37586,-0.09317,0.0,-0.00287
11670.42,BTC-27DEC19,1562324343438,open,0.02,195.4,0.0005,0.0625,0.02265181,119.19,0.0255,0.0,BTC-27DEC19-52000-C,11298.25,117.06,0.0205,10.0,0.024,5.0,120.47,12.1182,-4.12967,3.26037,2e-05,0.08096
11670.42,BTC-27DEC19,1562324343439,open,2.21,1.3,2.0015,2.251,2.12628456,111.69,2.889,0.0,BTC-27DEC19-36000-P,11298.25,0.0,0.0005,1.0,0.0,0.0,0.0,18.16847,-5.80169,-166.85464,2e-05,-0.85783
11670.42,BTC-27DEC19,1562324343439,open,0.49,63.0,0.455,0.5345,0.49472186,97.35,0.4965,0.0,BTC-27DEC19-6500-C,11298.25,0.0,0.2425,0.1,0.972,2.0,500.0,15.58412,-4.33788,21.8771,2e-05,0.88598
11502.32,BTC-27SEP19,1562324343440,open,1.7,0.0,1.519,1.7285,1.62358654,116.55,None,0.0,BTC-27SEP19-30000-P,11298.25,0.0,0.0,0.0,0.0,0.0,0.0,7.8399,-5.44709,-67.35246,2e-05,-0.92456
11502.32,BTC-27SEP19,1562324343439,open,0.0,290.5,0.0005,0.0435,0.00342872,103.52,0.006,0.0,BTC-27SEP19-4500-P,11298.25,98.27,0.0025,3.0,0.0045,15.0,108.6,2.23169,-1.37722,-0.51905,1e-05,-0.01621
11670.42,BTC-27DEC19,1562324343440,open,1.53,0.1,1.3645,1.561,1.46277647,106.86,2.02,0.0,BTC-27DEC19-28000-P,11298.25,0.0,0.0,0.0,0.0,0.0,0.0,23.1505,-7.07311,-126.07396,3e-05,-0.79199
11502.32,BTC-27SEP19,1562324343440,open,0.83,0.0,0.7135,0.856,0.78472958,105.93,None,0.0,BTC-27SEP19-20000-P,11298.25,0.0,0.0045,10.0,1.439,0.2,499.83,15.51711,-9.79895,-41.84151,5e-05,-0.79826
11670.42,BTC-27DEC19,1562324343440,open,0.04,273.6,0.0005,0.081,0.03979956,97.36,0.0285,0.0,BTC-27DEC19-6000-P,11298.25,94.9,0.037,0.1,0.0405,21.0,97.97,13.41118,-3.73335,-7.40999,2e-05,-0.09272
11670.42,BTC-27DEC19,1562324343441,open,1.7,0.2,1.522,1.732,1.62699452,108.07,2.2245,0.0,BTC-27DEC19-30000-P,11298.25,0.0,0.0,0.0,0.0,0.0,0.0,21.7247,-6.71297,-136.41673,3e-05,-0.81275
11314.87,SYN.BTC-12JUL19,1562324343439,open,0.03,160.7,0.0005,0.073,0.03335448,104.23,0.029,0.0,BTC-12JUL19-12000-C,11298.25,98.68,0.0305,37.0,0.036,5.0,109.33,5.84862,-44.32977,0.71145,0.00023,0.36714
11348.95,SYN.BTC-26JUL19,1562324343440,open,0.0,326.2,0.0005,0.042,0.00205947,105.22,0.0035,0.0,BTC-26JUL19-7000-P,11298.25,99.99,0.0015,14.8,0.003,45.0,112.33,1.3349,-3.36418,-0.14561,2e-05,-0.02037
11331.91,SYN.BTC-19JUL19,1562324343439,open,0.0,0.204,0.304,0.25398014,106.55,None,0.0,BTC-19JUL19-14000-P,11298.25,0.0,0.0,0.0,0.0,0.0,0.0,5.80524,-22.28799,-4.62496,0.00011,-0.81962
11348.95,SYN.BTC-26JUL19,1562324343439,open,0.0,126.8,0.0005,0.04,0.00044152,122.52,0.0005,0.0,BTC-26JUL19-5500-P,11298.25,0.0,0.0,0.0,0.001,5.0,135.76,0.35112,-1.03038,-0.03151,0.0,-0.00441
11670.42,BTC-27DEC19,1562324343477,open,1.2,0.0,1.054,1.2245,1.1391542,104.16,None,0.0,BTC-27DEC19-24000-P,11298.25,0.0,0.0055,1.0,1.9385,0.2,500.0,26.26712,-7.82296,-105.00167,4e-05,-0.73875
11670.42,BTC-27DEC19,1562324343479,open,3.26,0.0,2.9735,3.304,3.13887117,117.62,None,0.0,BTC-27DEC19-48000-P,11298.25,0.0,0.0,0.0,3.887,1.0,450.02,13.30975,-4.47606,-226.29047,2e-05,-0.90822
294.64,SYN.ETH-12JUL19,1562324343732,open,0.07,109.0,0.041,0.12,0.080854,98.03,0.071,0.0,ETH-12JUL19-280-C,293.9,92.25,0.078,10.0,0.087,280.0,110.33,0.14605,-1.04116,0.03282,0.00911,0.67225
11331.91,SYN.BTC-19JUL19,1562324343787,open,0.0,0.032,0.1115,0.07171105,100.86,None,0.0,BTC-19JUL19-11500-C,11298.25,98.02,0.0695,24.0,0.0765,25.0,107.02,8.812,-32.0263,1.88532,0.00018,0.50935
11502.32,BTC-27SEP19,1562324343815,open,0.36,41.6,0.281,0.3875,0.33414205,99.24,0.3405,0.0,BTC-27SEP19-14000-P,11298.25,96.51,0.329,19.2,0.342,19.2,103.41,21.66223,-12.81562,-23.88583,7e-05,-0.56953
302.97,ETH-27SEP19,1562324344038,open,0.02,210.0,0.001,0.057,0.017607,111.23,0.031,0.0,ETH-27SEP19-720-C,293.92,109.07,0.016,10.0,0.021,500.0,115.48,0.23081,-0.15304,0.04861,0.00098,0.08743
302.97,ETH-27SEP19,1562324344038,open,1.33,0.0,1.175,1.356,1.265554,110.22,None,0.0,ETH-27SEP19-680-P,293.92,0.0,0.0,0.0,0.0,0.0,0.0,0.25999,-0.17082,-1.50577,0.00112,-0.89724
310.12,ETH-27DEC19,1562324344038,open,0.51,0.0,0.486,0.565,0.525183,98.09,None,0.0,ETH-27DEC19-160-C,293.92,0.0,0.001,1000.0,1.6,1.0,500.0,0.3611,-0.10127,0.56524,0.0008,0.90561
302.97,ETH-27SEP19,1562324344038,open,0.03,2988.0,0.001,0.07,0.030555,107.53,0.036,0.0,ETH-27SEP19-600-C,293.92,105.12,0.028,10.0,0.034,499.0,110.64,0.32761,-0.21,0.07814,0.00144,0.14279
302.97,ETH-27SEP19,1562324344038,open,0.6,47.0,0.568,0.647,0.607776,104.37,0.689,0.0,ETH-27SEP19-120-C,293.92,0.0,0.0,0.0,0.0,0.0,0.0,0.06372,-0.03964,0.26067,0.00029,0.98219
302.97,ETH-27SEP19,1562324344038,open,0.0,1814.0,0.001,0.04,0.000933,118.91,0.002,0.0,ETH-27SEP19-80-P,293.92,0.0,0.0,0.0,0.004,300.0,147.52,0.01867,-0.01324,-0.0037,7e-05,-0.00438
302.97,ETH-27SEP19,1562324344038,open,0.0,8300.0,0.001,0.044,0.003868,104.44,0.004,0.0,ETH-27SEP19-120-P,293.92,93.77,0.002,10.0,0.006,300.0,113.29,0.06384,-0.03975,-0.01512,0.00029,-0.01785
302.99,ETH-27SEP19,1562324344039,open,0.21,1678.0,0.182,0.261,0.22171,99.5,0.229,0.0,ETH-27SEP19-280-C,293.92,98.53,0.22,10.0,0.227,110.0,102.5,0.53405,-0.31676,0.30298,0.00254,0.65687
302.99,ETH-27SEP19,1562324344039,open,0.2,961.0,0.136,0.23,0.182773,99.55,0.209,0.0,ETH-27SEP19-300-P,293.92,98.06,0.18,10.0,0.187,110.0,101.84,0.56027,-0.3325,-0.40414,0.00267,-0.39766
302.99,ETH-27SEP19,1562324344039,open,0.37,1450.0,0.341,0.42,0.380228,99.48,0.383,0.0,ETH-27SEP19-200-C,293.92,0.0,0.335,20.0,0.382,5.0,101.18,0.31311,-0.18568,0.3385,0.00149,0.86639
296.16,SYN.ETH-26JUL19,1562324344038,open,0.01,1083.0,0.001,0.047,0.007749,105.82,0.009,0.0,ETH-26JUL19-440-C,293.92,100.31,0.006,450.0,0.009,250.0,109.36,0.10051,-0.25476,0.01143,0.00189,0.07525
310.12,ETH-27DEC19,1562324344040,open,0.05,201.0,0.001,0.082,0.041162,98.13,0.037,0.0,ETH-27DEC19-160-P,293.92,94.5,0.037,430.0,0.045,140.0,101.38,0.36123,-0.10135,-0.20148,0.0008,-0.09444
302.99,ETH-27SEP19,1562324344040,open,0.45,240.0,0.362,0.475,0.418564,102.1,0.405,0.0,ETH-27SEP19-400-P,293.92,95.67,0.407,10.0,0.469,10.0,129.19,0.55002,-0.33475,-0.7277,0.00255,-0.62659
302.99,ETH-27SEP19,1562324344040,open,0.0,4126.0,0.001,0.041,0.001883,109.9,0.001,0.0,ETH-27SEP19-100-P,293.92,0.0,0.0,0.0,0.004,300.0,124.03,0.03514,-0.02302,-0.00754,0.00015,-0.00895
302.99,ETH-27SEP19,1562324344040,open,0.73,0.0,0.697,0.776,0.736872,118.49,None,0.0,ETH-27SEP19-80-C,293.92,0.0,0.004,5.0,0.0,0.0,0.0,0.01831,-0.01294,0.18022,7e-05,0.99571
302.99,ETH-27SEP19,1562324344041,open,0.05,4120.0,0.001,0.081,0.040381,99.54,0.046,0.0,ETH-27SEP19-200-P,293.92,97.22,0.038,10.0,0.042,417.0,101.1,0.31325,-0.18588,-0.1212,0.00149,-0.13369
294.64,SYN.ETH-12JUL19,1562324344038,open,0.26,0.0,0.178,0.275,0.22618,97.54,None,0.0,ETH-12JUL19-360-P,293.92,0.0,0.0,0.0,0.241,10.0,148.12,0.05807,-0.41191,-0.06382,0.00364,-0.92357
302.99,ETH-27SEP19,1562324344041,open,0.32,1096.0,0.294,0.373,0.333899,99.49,0.34,0.0,ETH-27SEP19-220-C,293.92,0.0,0.22,5.0,0.57,17.0,274.52,0.38313,-0.22722,0.3374,0.00183,0.81848
296.16,SYN.ETH-26JUL19,1562324344039,open,0.05,1210.0,0.001,0.081,0.03968,98.05,0.043,0.0,ETH-26JUL19-260-P,293.92,91.83,0.035,360.0,0.037,10.0,94.5,0.22536,-0.52923,-0.04917,0.00458,-0.25062
295.4,SYN.ETH-19JUL19,1562324344038,open,0.0,0.006,0.085,0.045282,99.1,None,0.0,ETH-19JUL19-320-C,293.92,93.29,0.041,200.0,0.05,417.0,105.45,0.21849,-0.78026,0.03708,0.00665,0.37549
296.16,SYN.ETH-26JUL19,1562324344039,open,0.45,0.0,0.422,0.501,0.461014,121.06,None,0.0,ETH-26JUL19-160-C,293.92,0.0,0.0,0.0,0.0,0.0,0.0,0.02142,-0.0621,0.08934,0.00035,0.98844
296.16,SYN.ETH-26JUL19,1562324344039,open,0.0,562.0,0.001,0.041,0.001272,121.12,0.004,0.0,ETH-26JUL19-160-P,293.92,0.0,0.0,0.0,0.003,300.0,138.82,0.02147,-0.06227,-0.00218,0.00035,-0.01159
296.16,SYN.ETH-26JUL19,1562324344040,open,0.28,1048.0,0.198,0.297,0.247142,101.21,0.134,0.0,ETH-26JUL19-360-P,293.92,0.0,0.2,1.0,0.272,10.0,131.82,0.22339,-0.5415,-0.16949,0.0044,-0.75349
296.16,SYN.ETH-26JUL19,1562324344038,open,0.22,68.0,0.146,0.24,0.193211,100.58,0.104,0.0,ETH-26JUL19-340-P,293.92,92.08,0.186,120.0,0.199,84.0,107.24,0.25493,-0.61416,-0.14705,0.00505,-0.67496
296.16,SYN.ETH-26JUL19,1562324344039,open,0.06,1469.0,0.024,0.103,0.063149,99.22,0.06,0.0,ETH-26JUL19-320-C,293.92,94.77,0.059,203.0,0.067,353.0,103.34,0.27653,-0.65717,0.06006,0.00556,0.41775
294.64,SYN.ETH-12JUL19,1562324344039,open,0.33,0.0,0.241,0.343,0.292303,105.5,None,0.0,ETH-12JUL19-380-P,293.92,0.0,0.0,0.0,0.305,10.0,160.45,0.03904,-0.29954,-0.06917,0.00226,-0.95396
294.64,SYN.ETH-12JUL19,1562324344038,open,0.05,264.0,0.001,0.072,0.031218,98.15,0.044,0.0,ETH-12JUL19-280-P,293.92,91.63,0.028,10.0,0.034,210.0,103.74,0.14607,-1.04264,-0.01993,0.0091,-0.32789
296.16,SYN.ETH-26JUL19,1562324344040,open,0.02,1312.0,0.001,0.061,0.021957,101.98,0.026,0.0,ETH-26JUL19-380-C,293.92,98.85,0.02,150.0,0.024,200.0,105.14,0.18842,-0.46022,0.02745,0.00368,0.184
296.16,SYN.ETH-26JUL19,1562324344040,open,0.03,828.0,0.001,0.062,0.021259,98.08,0.017,0.0,ETH-26JUL19-240-P,293.92,94.06,0.019,10.0,0.023,379.0,101.1,0.16904,-0.39711,-0.02992,0.00344,-0.15538
11502.47,BTC-27SEP19,1562324344434,open,0.67,1.0,0.561,0.6905,0.625916,103.6,1.5815,0.0,BTC-27SEP19-18000-P,11298.17,0.0,0.0045,0.3,1.2795,0.3,500.0,17.7692,-10.97385,-36.19012,6e-05,-0.74325
11502.47,BTC-27SEP19,1562324344434,open,0.0,1059.8,0.0005,0.0425,0.00258307,104.34,0.004,0.0,BTC-27SEP19-4250-P,11298.17,96.15,0.0015,18.0,0.0035,15.0,109.7,1.78712,-1.11157,-0.3993,1e-05,-0.01252
11670.44,BTC-27DEC19,1562324344435,open,0.55,60.5,0.5185,0.598,0.55833187,97.36,0.567,0.0,BTC-27DEC19-5500-C,11298.17,0.0,0.0055,0.1,0.9745,5.0,500.0,11.2094,-3.12034,20.60995,2e-05,0.92693
11670.44,BTC-27DEC19,1562324344436,open,0.03,77.4,0.0005,0.0695,0.02967253,115.66,0.0305,0.0,BTC-27DEC19-44000-C,11298.17,113.05,0.0265,23.0,0.032,13.0,117.48,14.61866,-4.83442,4.17325,2e-05,0.10431
11502.47,BTC-27SEP19,1562324344436,open,0.65,229.9,0.6145,0.694,0.65422028,105.75,0.673,0.0,BTC-27SEP19-4000-C,11298.17,0.0,0.111,2.0,0.7505,5.0,299.33,1.43311,-0.90342,8.88292,0.0,0.99028
11502.39,BTC-27SEP19,1562324344437,open,0.34,903.0,0.3135,0.393,0.3534298,98.3,0.365,0.0,BTC-27SEP19-8000-C,11298.17,0.0,0.0,0.0,0.42,1.0,151.23,13.2592,-7.76941,12.9362,4e-05,0.84284
11670.44,BTC-27DEC19,1562324344437,open,0.22,147.9,0.1875,0.267,0.22722669,98.05,0.224,0.0,BTC-27DEC19-13000-C,11298.17,96.31,0.2225,5.0,0.23,10.0,99.07,31.70661,-8.88896,19.25404,5e-05,0.57157
11670.44,BTC-27DEC19,1562324344436,open,0.36,184.4,0.3245,0.404,0.36447215,97.36,0.3945,0.0,BTC-27DEC19-9000-C,11298.17,86.05,0.3405,1.0,0.398,1.0,113.11,24.8232,-6.91001,22.39595,4e-05,0.76501
11502.39,BTC-27SEP19,1562324344436,open,0.01,438.2,0.0005,0.0455,0.00556263,101.48,0.0085,0.0,BTC-27SEP19-5000-P,11298.17,95.43,0.004,53.0,0.007,15.0,106.25,3.2488,-1.96533,-0.81425,1e-05,-0.02524
11670.44,BTC-27DEC19,1562324344437,open,0.58,62.9,0.553,0.6325,0.5926861,97.36,0.598,0.0,BTC-27DEC19-5000-C,11298.17,0.0,0.0045,0.1,0.612,0.5,119.19,9.03593,-2.51531,19.67784,1e-05,0.94461
11502.39,BTC-27SEP19,1562324344437,open,0.01,52.7,0.0005,0.053,0.01341371,119.05,0.0125,0.0,BTC-27SEP19-32000-C,11298.17,115.8,0.0115,37.0,0.0145,5.0,120.78,7.06171,-5.01172,1.38587,2e-05,0.06585
11670.44,BTC-27DEC19,1562324344438,open,0.06,63.4,0.024,0.1035,0.06350196,106.84,0.0655,0.0,BTC-27DEC19-28000-C,11298.17,105.31,0.0605,11.4,0.0665,15.0,108.33,23.14415,-7.06962,8.07443,3e-05,0.20791
11502.39,BTC-27SEP19,1562324344438,open,0.03,210.9,0.0005,0.068,0.02718206,98.38,0.022,0.0,BTC-27SEP19-7000-P,11298.17,96.34,0.0255,32.0,0.0285,17.7,99.95,9.58562,-5.62146,-3.32767,3e-05,-0.09871
11502.39,BTC-27SEP19,1562324344438,open,0.56,793.2,0.531,0.6105,0.57086772,101.47,0.5945,0.0,BTC-27SEP19-5000-C,11298.17,0.0,0.051,1.0,0.709,5.0,299.11,3.24794,-1.96463,10.67586,1e-05,0.97477
11502.39,BTC-27SEP19,1562324344438,open,0.41,748.2,0.379,0.4585,0.41860918,98.37,0.421,0.0,BTC-27SEP19-7000-C,11298.17,0.0,0.0,0.0,0.7,0.5,356.9,9.58516,-5.62093,12.75835,3e-05,0.90129
11349.08,SYN.BTC-26JUL19,1562324344436,open,0.5,0.0,0.476,0.5555,0.51581537,122.35,0.4,0.0,BTC-26JUL19-5500-C,11298.17,0.0,0.0055,10.0,0.0,0.0,0.0,0.34814,-1.02021,3.11445,0.0,0.99563
11502.39,BTC-27SEP19,1562324344439,open,1.35,0.0,1.192,1.374,1.28309456,112.71,None,0.0,BTC-27SEP19-26000-P,11298.17,0.0,0.0,0.0,0.0,0.0,0.0,10.20701,-6.85814,-57.50205,3e-05,-0.89237
11349.08,SYN.BTC-26JUL19,1562324344438,open,0.01,75.9,0.0005,0.045,0.00500707,118.7,0.0065,0.0,BTC-26JUL19-19000-C,11298.17,114.13,0.004,10.0,0.006,1.0,122.7,2.67025,-7.59167,0.27345,3e-05,0.04713
11314.99,SYN.BTC-12JUL19,1562324344438,open,0.37,0.0,0.2765,0.3825,0.32954071,123.34,None,0.0,BTC-12JUL19-15000-P,11298.17,0.0,0.002,1.1,0.0,0.0,0.0,1.77609,-15.92998,-2.71245,6e-05,-0.94303
11349.08,SYN.BTC-26JUL19,1562324344437,open,0.03,375.7,0.0005,0.058,0.0174661,97.62,0.018,0.0,BTC-26JUL19-9000-P,11298.17,96.71,0.017,1.0,0.0185,40.0,99.61,5.84729,-13.67182,-0.97979,8e-05,-0.13348
11314.99,SYN.BTC-12JUL19,1562324344438,open,0.19,29.7,0.1685,0.248,0.20843148,110.27,0.1845,0.0,BTC-12JUL19-9000-C,11298.17,0.0,0.0,0.0,0.0,0.0,0.0,1.7554,-14.07596,1.56757,7e-05,0.94387
11349.08,SYN.BTC-26JUL19,1562324344439,open,0.08,309.5,0.047,0.1265,0.0867587,97.32,0.071,0.0,BTC-26JUL19-11500-C,11298.17,95.47,0.085,5.0,0.0915,29.0,102.3,10.80869,-25.19455,2.83661,0.00015,0.52377
11314.99,SYN.BTC-12JUL19,1562324344438,open,0.0,160.5,0.0005,0.045,0.0051435,118.81,0.0055,0.0,BTC-12JUL19-14500-C,11298.17,109.49,0.0035,50.0,0.0065,55.0,125.38,2.1985,-18.99429,0.14891,8e-05,0.07501
11670.44,BTC-27DEC19,1562324344834,open,0.25,105.5,0.1795,0.2775,0.22849628,97.36,0.2425,0.0,BTC-27DEC19-11000-P,11298.17,94.79,0.222,9.4,0.2325,11.7,98.95,29.44693,-8.19717,-31.53612,5e-05,-0.33551
11314.99,SYN.BTC-12JUL19,1562324344836,open,0.08,33.2,0.058,0.1375,0.09799912,103.56,0.0805,0.0,BTC-12JUL19-10500-C,11298.17,96.96,0.095,13.0,0.102,8.0,112.21,5.18429,-39.04404,1.33587,0.00021,0.72474
11314.99,SYN.BTC-12JUL19,1562324344838,open,0.11,24.0,0.091,0.1705,0.13059198,104.13,0.107,0.0,BTC-12JUL19-10000-C,11298.17,98.08,0.1285,5.0,0.1345,8.0,114.82,3.99844,-30.27872,1.4808,0.00016,0.82533
11670.44,BTC-27DEC19,1562324344840,open,0.07,156.3,0.032,0.1115,0.07199532,105.48,0.0665,0.0,BTC-27DEC19-26000-C,11298.17,104.05,0.069,11.4,0.0755,15.0,107.12,24.6503,-7.43399,8.9491,4e-05,0.23205
11349.08,SYN.BTC-26JUL19,1562324344906,open,0.03,184.5,0.0005,0.07,0.03034411,103.7,0.0385,0.0,BTC-26JUL19-14000-C,11298.17,101.86,0.029,5.0,0.032,32.0,105.94,8.34077,-20.71629,1.32846,0.00011,0.23501
11670.44,BTC-27DEC19,1562324344923,open,0.31,434.0,0.283,0.3625,0.32268507,97.36,0.3245,0.0,BTC-27DEC19-10000-C,11298.17,94.52,0.316,5.0,0.3245,5.0,98.13,27.45416,-7.64239,21.90042,4e-05,0.71436
11314.99,SYN.BTC-12JUL19,1562324344934,open,0.08,33.2,0.058,0.1375,0.09799912,103.56,0.0805,0.0,BTC-12JUL19-10500-C,11298.17,96.96,0.095,13.0,0.1015,5.0,111.14,5.18429,-39.04404,1.33587,0.00021,0.72474
11670.52,BTC-27DEC19,1562324344951,open,0.1,68.0,0.0565,0.136,0.09649198,103.01,0.108,0.0,BTC-27DEC19-22000-C,11298.17,101.55,0.093,11.4,0.1,15.0,104.47,27.96561,-8.23688,11.22024,4e-05,0.29716
11314.99,SYN.BTC-12JUL19,1562324344953,open,0.16,16.5,0.0825,0.1725,0.12746887,106.77,0.179,0.0,BTC-12JUL19-12500-P,11298.17,94.4,0.122,8.0,0.13,8.0,112.26,5.15495,-40.02412,-1.82314,0.0002,-0.72788
11349.08,SYN.BTC-26JUL19,1562324344958,open,0.1,201.2,0.0675,0.147,0.10741255,97.32,0.093,0.0,BTC-26JUL19-11000-C,11298.17,95.25,0.1055,5.0,0.1115,24.0,101.74,10.49319,-24.4589,3.19048,0.00015,0.59894
11502.39,BTC-27SEP19,1562324344988,open,0.36,41.6,0.281,0.3875,0.33416575,99.26,0.3405,0.0,BTC-27SEP19-14000-P,11298.17,96.51,0.329,19.2,0.3415,19.2,103.15,21.6628,-12.81796,-23.88541,7e-05,-0.56949
302.99,ETH-27SEP19,1562324345032,open,1.46,0.0,1.299,1.489,1.394083,111.44,None,0.0,ETH-27SEP19-720-P,293.91,0.0,0.0,0.0,0.0,0.0,0.0,0.23194,-0.15408,-1.60564,0.00099,-0.91201
302.99,ETH-27SEP19,1562324345032,open,0.01,1414.0,0.001,0.055,0.015512,113.23,0.013,0.0,ETH-27SEP19-760-C,293.91,111.0,0.014,10.0,0.018,500.0,116.67,0.21059,-0.14215,0.04309,0.00088,0.0774
302.99,ETH-27SEP19,1562324345033,open,1.6,0.0,1.424,1.624,1.524011,113.47,None,0.0,ETH-27SEP19-760-P,293.91,0.0,0.0,0.0,0.0,0.0,0.0,0.21183,-0.14329,-1.70306,0.00088,-0.922
310.12,ETH-27DEC19,1562324345033,open,0.85,150.0,0.727,0.87,0.798713,103.01,0.854,0.0,ETH-27DEC19-520-P,293.91,0.0,0.001,500.0,0.0,0.0,0.0,0.80017,-0.23567,-2.1432,0.00169,-0.64372
310.11,ETH-27DEC19,1562324345033,open,0.43,0.0,0.398,0.477,0.437759,98.13,None,0.0,ETH-27DEC19-200-C,293.91,0.0,0.001,1000.0,1.4,1.0,500.0,0.527,-0.14786,0.59433,0.00117,0.83778
302.99,ETH-27SEP19,1562324345033,open,0.56,0.0,0.467,0.588,0.527572,102.66,None,0.0,ETH-27SEP19-440-P,293.91,0.0,0.0,0.0,0.0,0.0,0.0,0.50826,-0.31106,-0.8517,0.00235,-0.69567
310.11,ETH-27DEC19,1562324345033,open,0.35,0.0,0.325,0.404,0.364692,98.13,None,0.0,ETH-27DEC19-240-C,293.91,0.0,0.001,1.0,0.0,0.0,0.0,0.66226,-0.18581,0.59223,0.00146,0.76329
310.11,ETH-27DEC19,1562324345033,open,1.21,0.0,1.061,1.232,1.146221,104.34,None,0.0,ETH-27DEC19-640-P,293.91,0.0,0.0,0.0,0.0,0.0,0.0,0.69681,-0.20788,-2.8019,0.00145,-0.7396
310.11,ETH-27DEC19,1562324345033,open,1.09,150.0,0.947,1.109,1.028068,103.82,1.096,0.0,ETH-27DEC19-600-P,293.91,0.0,0.0,0.0,0.0,0.0,0.0,0.73244,-0.21742,-2.58527,0.00153,-0.71195
302.99,ETH-27SEP19,1562324345033,open,0.04,990.0,0.008,0.087,0.047124,105.28,0.051,0.0,ETH-27SEP19-520-C,293.91,103.72,0.045,10.0,0.051,441.0,108.08,0.41473,-0.26029,0.11112,0.00187,0.20672
310.11,ETH-27DEC19,1562324345033,open,1.47,0.0,1.297,1.487,1.391672,107.58,None,0.0,ETH-27DEC19-720-P,293.91,0.0,0.002,1000.0,0.0,0.0,0.0,0.64211,-0.19751,-3.22069,0.0013,-0.77602
310.11,ETH-27DEC19,1562324345033,open,0.62,0.0,0.591,0.67,0.630225,101.68,None,0.0,ETH-27DEC19-120-C,293.91,0.0,0.001,1000.0,2.47,1.0,500.0,0.20157,-0.0586,0.48331,0.00043,0.95552
296.18,SYN.ETH-26JUL19,1562324345032,open,0.67,0.0,0.561,0.69,0.625097,110.46,None,0.0,ETH-26JUL19-480-P,293.91,0.0,0.0,0.0,0.0,0.0,0.0,0.06711,-0.17756,-0.26766,0.00121,-0.95502
295.42,SYN.ETH-19JUL19,1562324345032,open,0.0,0.187,0.285,0.23611,100.2,None,0.0,ETH-19JUL19-360-P,293.91,0.0,0.0,0.0,0.257,10.0,135.85,0.15129,-0.54624,-0.11858,0.00455,-0.81972
295.42,SYN.ETH-19JUL19,1562324345032,open,0.0,0.001,0.05,0.010884,101.71,None,0.0,ETH-19JUL19-380-C,293.91,96.71,0.009,10.0,0.013,300.0,106.9,0.11584,-0.42457,0.01236,0.00343,0.12092
302.99,ETH-27SEP19,1562324345034,open,0.05,2697.0,0.02,0.099,0.059514,104.16,0.064,0.0,ETH-27SEP19-480-C,293.91,103.16,0.058,10.0,0.064,569.0,107.06,0.46238,-0.28709,0.13322,0.0021,0.25085
294.66,SYN.ETH-12JUL19,1562324345033,open,0.2,5.0,0.118,0.21,0.164394,97.73,0.283,0.0,ETH-12JUL19-340-P,293.91,70.24,0.157,10.0,0.181,10.0,139.77,0.09787,-0.69558,-0.05582,0.00612,-0.84131
295.42,SYN.ETH-19JUL19,1562324345032,open,0.0,0.246,0.349,0.297273,101.93,None,0.0,ETH-19JUL19-380-P,293.91,0.0,0.0,0.0,0.317,10.0,141.79,0.11625,-0.42698,-0.13204,0.00344,-0.87848
302.98,ETH-27SEP19,1562324345034,open,0.68,0.0,0.578,0.709,0.643725,104.13,None,0.0,ETH-27SEP19-480-P,293.91,0.0,0.0,0.0,0.0,0.0,0.0,0.46224,-0.28692,-0.96986,0.0021,-0.74928
310.11,ETH-27DEC19,1562324345034,open,0.02,6.0,0.001,0.057,0.017172,101.66,0.019,0.0,ETH-27DEC19-120-P,293.91,99.83,0.016,6.0,0.019,140.0,104.41,0.2015,-0.05857,-0.09157,0.00043,-0.04446
302.98,ETH-27SEP19,1562324345034,open,0.8,0.0,0.763,0.842,0.802345,129.5,0.01,0.0,ETH-27SEP19-60-C,293.91,0.0,0.004,5.0,0.0,0.0,0.0,0.00818,-0.00632,0.13639,3e-05,0.99824
302.98,ETH-27SEP19,1562324345034,open,0.53,191.0,0.506,0.585,0.545007,99.56,0.5,0.0,ETH-27SEP19-140-C,293.91,0.0,0.01,50.0,0.0,0.0,0.0,0.10347,-0.06141,0.2947,0.00049,0.96829
302.98,ETH-27SEP19,1562324345034,open,0.28,2636.0,0.253,0.332,0.292175,99.53,0.34,0.0,ETH-27SEP19-240-C,293.91,82.03,0.267,110.0,0.323,110.0,120.23,0.44488,-0.26397,0.33015,0.00212,0.76637
302.98,ETH-27SEP19,1562324345035,open,0.1,1669.0,0.072,0.151,0.111725,101.34,0.11,0.0,ETH-27SEP19-380-C,293.91,98.8,0.107,236.0,0.118,496.0,104.69,0.56515,-0.3414,0.2088,0.00264,0.41162
302.98,ETH-27SEP19,1562324345035,open,0.07,2620.0,0.018,0.102,0.060044,99.52,0.066,0.0,ETH-27SEP19-220-P,293.91,97.9,0.058,10.0,0.062,392.0,101.06,0.38319,-0.22733,-0.16822,0.00183,-0.18157
302.98,ETH-27SEP19,1562324345035,open,0.66,0.0,0.632,0.711,0.671838,109.98,None,0.0,ETH-27SEP19-100-C,293.91,0.0,0.004,5.0,0.0,0.0,0.0,0.03526,-0.02312,0.22222,0.00015,0.99101
295.42,SYN.ETH-19JUL19,1562324345033,open,0.0,0.133,0.226,0.179635,99.95,None,0.0,ETH-19JUL19-340-P,293.91,85.89,0.171,10.0,0.201,10.0,131.34,0.18916,-0.68127,-0.10256,0.0057,-0.73362
302.98,ETH-27SEP19,1562324345035,open,0.07,2516.0,0.036,0.115,0.075298,102.62,0.066,0.0,ETH-27SEP19-440-C,293.91,101.24,0.073,10.0,0.08,110.0,105.4,0.50812,-0.31083,0.15934,0.00235,0.30415
295.42,SYN.ETH-19JUL19,1562324345033,open,0.0,0.064,0.143,0.103864,99.03,None,0.0,ETH-19JUL19-280-C,293.91,93.7,0.1,150.0,0.109,140.0,106.1,0.21425,-0.76458,0.06087,0.00652,0.64587
296.18,SYN.ETH-26JUL19,1562324345032,open,0.81,0.0,0.689,0.828,0.75859,116.13,None,0.0,ETH-26JUL19-520-P,293.91,0.0,0.0,0.0,0.0,0.0,0.0,0.04756,-0.13227,-0.2929,0.00082,-0.97048
296.18,SYN.ETH-26JUL19,1562324345032,open,0.0,1034.0,0.001,0.044,0.004337,109.98,0.004,0.0,ETH-26JUL19-480-C,293.91,97.0,0.002,470.0,0.006,250.0,116.73,0.06613,-0.1742,0.00675,0.0012,0.04416
295.42,SYN.ETH-19JUL19,1562324345033,open,0.0,0.307,0.415,0.360793,103.37,None,0.0,ETH-19JUL19-400-P,293.91,0.0,0.0,0.0,0.379,10.0,147.55,0.08589,-0.31995,-0.1438,0.0025,-0.91968
296.18,SYN.ETH-26JUL19,1562324345033,open,0.01,1208.0,0.001,0.044,0.004363,101.21,0.006,0.0,ETH-26JUL19-200-P,293.91,87.41,0.002,710.0,0.006,550.0,108.39,0.06184,-0.14991,-0.00762,0.00122,-0.04065
302.98,ETH-27SEP19,1562324345036,open,0.94,24.0,0.811,0.961,0.886063,106.43,1.356,0.0,ETH-27SEP19-560-P,293.91,0.0,0.0,0.0,0.0,0.0,0.0,0.36937,-0.23434,-1.19386,0.00165,-0.82867
295.42,SYN.ETH-19JUL19,1562324345033,open,0.0,0.221,0.3,0.260817,103.33,None,0.0,ETH-19JUL19-220-C,293.91,0.0,0.0,0.0,0.0,0.0,0.0,0.06764,-0.25186,0.0764,0.00197,0.94108
302.98,ETH-27SEP19,1562324345036,open,0.12,1569.0,0.088,0.167,0.12731,100.62,0.135,0.0,ETH-27SEP19-360-C,293.91,98.35,0.123,226.0,0.134,446.0,104.14,0.57552,-0.34522,0.22725,0.00271,0.45371
302.98,ETH-27SEP19,1562324345036,open,0.0,389.0,0.001,0.04,0.000384,129.74,0.002,0.0,ETH-27SEP19-60-P,293.91,0.0,0.0,0.0,0.002,300.0,159.79,0.00828,-0.00641,-0.00151,3e-05,-0.00178
295.42,SYN.ETH-19JUL19,1562324345032,open,500.0,0.001,0.054,0.013472,101.53,0.012,0.0,ETH-19JUL19-240-P,293.91,95.15,0.011,260.0,0.016,291.0,107.62,0.11882,-0.43469,-0.01559,0.00353,-0.12538
295.42,SYN.ETH-19JUL19,1562324345032,open,20.0,0.001,0.057,0.017426,100.04,0.016,0.0,ETH-19JUL19-360-C,293.91,95.17,0.015,210.0,0.019,290.0,103.07,0.15104,-0.54447,0.01824,0.00455,0.17981
296.18,SYN.ETH-26JUL19,1562324345032,open,0.0,1228.0,0.001,0.041,0.001657,118.59,0.002,0.0,ETH-26JUL19-560-C,293.91,0.0,0.0,0.0,0.003,270.0,129.03,0.03088,-0.08773,0.00271,0.00052,0.01768
294.66,SYN.ETH-12JUL19,1562324345034,open,0.0,0.0,0.001,0.04,0.000776,130.02,None,0.0,ETH-12JUL19-200-P,293.91,0.0,0.0,0.0,0.003,560.0,161.99,0.01253,-0.11844,-0.0007,0.00059,-0.01189
295.42,SYN.ETH-19JUL19,1562324345033,open,0.0,0.001,0.046,0.006699,103.06,None,0.0,ETH-19JUL19-400-C,293.91,96.72,0.005,10.0,0.009,550.0,110.44,0.0853,-0.31677,0.00819,0.00249,0.07959
296.18,SYN.ETH-26JUL19,1562324345033,open,0.12,468.0,0.057,0.144,0.100561,98.08,0.095,0.0,ETH-26JUL19-300-P,293.91,93.3,0.096,4.0,0.102,139.0,99.6,0.28202,-0.66254,-0.0975,0.00573,-0.47504
296.18,SYN.ETH-26JUL19,1562324345032,open,1.09,0.0,0.947,1.108,1.027563,130.03,None,0.0,ETH-26JUL19-600-P,293.91,0.0,0.0,0.0,0.0,0.0,0.0,0.0302,-0.09406,-0.34054,0.00046,-0.98277
296.18,SYN.ETH-26JUL19,1562324345033,open,0.0,1835.0,0.001,0.043,0.003775,114.47,0.004,0.0,ETH-26JUL19-500-C,293.91,103.65,0.002,306.0,0.005,250.0,120.16,0.05837,-0.16003,0.00577,0.00102,0.03787
294.66,SYN.ETH-12JUL19,1562324345033,open,0.0,489.0,0.001,0.041,0.001804,114.59,0.005,0.0,ETH-12JUL19-400-C,293.91,0.0,0.0,0.0,0.003,580.0,125.15,0.02836,-0.23633,0.00163,0.00151,0.03111
296.18,SYN.ETH-26JUL19,1562324345032,open,0.54,0.0,0.434,0.553,0.493446,106.1,None,0.0,ETH-26JUL19-440-P,293.91,0.0,0.0,0.0,0.0,0.0,0.0,0.10121,-0.25721,-0.24012,0.0019,-0.92407
294.66,SYN.ETH-12JUL19,1562324345034,open,0.0,1276.0,0.001,0.042,0.002606,105.45,0.002,0.0,ETH-12JUL19-380-C,293.91,89.81,0.001,21.0,0.003,75.0,108.31,0.03902,-0.29923,0.00241,0.00226,0.046
296.18,SYN.ETH-26JUL19,1562324345034,open,0.19,558.0,0.171,0.25,0.210878,98.0,0.33,0.0,ETH-26JUL19-240-C,293.91,0.0,0.161,5.0,0.0,0.0,0.0,0.1689,-0.39646,0.10739,0.00344,0.84484
294.66,SYN.ETH-12JUL19,1562324345034,open,0.0,1460.0,0.001,0.042,0.001934,117.6,0.001,0.0,ETH-12JUL19-220-P,293.91,105.34,0.001,108.0,0.003,200.0,127.78,0.02699,-0.23077,-0.00173,0.0014,-0.0293
294.66,SYN.ETH-12JUL19,1562324345033,open,0.23,0.0,0.216,0.295,0.255269,117.04,None,0.0,ETH-12JUL19-220-C,293.91,0.0,0.005,2.0,0.0,0.0,0.0,0.02657,-0.22612,0.03974,0.00139,0.97124
296.18,SYN.ETH-26JUL19,1562324345033,open,0.01,1343.0,0.001,0.05,0.009815,98.1,0.012,0.0,ETH-26JUL19-220-P,293.91,89.82,0.007,710.0,0.011,90.0,101.25,0.10834,-0.25454,-0.01573,0.0022,-0.08307
296.18,SYN.ETH-26JUL19,1562324345036,open,0.38,0.0,0.354,0.433,0.393974,104.91,None,0.0,ETH-26JUL19-180-C,293.91,0.0,0.001,1.0,0.0,0.0,0.0,0.03048,-0.07658,0.09971,0.00058,0.98259
296.18,SYN.ETH-26JUL19,1562324345036,open,0.4,985.0,0.312,0.42,0.366042,103.32,0.205,0.0,ETH-26JUL19-400-P,293.91,0.0,0.0,0.0,0.39,10.0,140.74,0.15555,-0.38492,-0.20815,0.003,-0.86273
294.66,SYN.ETH-12JUL19,1562324345034,open,0.4,0.0,0.306,0.413,0.359377,115.53,None,0.0,ETH-12JUL19-400-P,293.91,0.0,0.0,0.0,0.371,10.0,175.29,0.02924,-0.24569,-0.07366,0.00155,-0.96771
294.66,SYN.ETH-12JUL19,1562324345034,open,0.14,57.0,0.065,0.153,0.108916,97.62,0.139,0.0,ETH-12JUL19-320-P,293.91,84.7,0.103,50.0,0.113,50.0,106.16,0.1388,-0.98538,-0.04537,0.00869,-0.70837
302.98,ETH-27SEP19,1562324345042,open,1.07,27.0,0.931,1.091,1.01083,107.48,1.044,0.0,ETH-27SEP19-600-P,293.91,0.0,0.98,1.0,1.054,2.0,140.22,0.32737,-0.20974,-1.30071,0.00144,-0.85737
294.66,SYN.ETH-12JUL19,1562324345045,open,0.17,10.0,0.151,0.23,0.190296,106.48,0.15,0.0,ETH-12JUL19-240-C,293.91,0.0,0.005,2.0,0.202,100.0,153.19,0.0542,-0.41967,0.04107,0.00311,0.93018
11314.99,SYN.BTC-12JUL19,1562324345075,open,0.0,145.0,0.0005,0.0405,0.00095799,121.49,0.0005,0.0,BTC-12JUL19-8000-P,11298.17,110.93,0.0005,45.0,0.002,40.6,136.84,0.5979,-5.28244,-0.03463,2e-05,-0.01529
11502.43,BTC-27SEP19,1562324345434,open,0.01,297.6,0.0005,0.044,0.00421039,101.66,0.0055,0.0,BTC-27SEP19-4750-P,11297.23,95.86,0.003,18.0,0.0055,15.0,106.84,2.64407,-1.60238,-0.63395,1e-05,-0.01977
11670.54,BTC-27DEC19,1562324345434,open,0.03,21.3,0.0005,0.0655,0.02582567,117.55,0.027,0.0,BTC-27DEC19-48000-C,11297.23,114.99,0.023,15.0,0.0275,5.0,118.99,13.28642,-4.46543,3.67552,2e-05,0.09156
11502.43,BTC-27SEP19,1562324345434,open,0.24,42.3,0.1645,0.261,0.21259924,98.26,0.236,0.0,BTC-27SEP19-12000-P,11297.23,95.83,0.208,20.2,0.2155,3.0,99.79,21.76544,-12.74895,-17.30555,7e-05,-0.44212
11502.43,BTC-27SEP19,1562324345434,open,0.06,356.4,0.007,0.0905,0.04893878,98.3,0.056,0.0,BTC-27SEP19-8000-P,11297.23,96.17,0.0465,25.6,0.05,16.6,99.22,13.25928,-7.7696,-5.44758,4e-05,-0.15716
11670.54,BTC-27DEC19,1562324345434,open,0.87,0.0,0.8325,0.912,0.87242719,126.84,None,0.0,BTC-27DEC19-1500-C,11297.23,0.0,0.0175,0.1,0.988,0.5,500.0,0.68416,-0.24812,6.97924,0.0,0.99725
11670.54,BTC-27DEC19,1562324345434,open,0.04,161.8,0.0005,0.0745,0.03485089,113.79,0.0345,0.0,BTC-27DEC19-40000-C,11297.23,111.33,0.0315,13.0,0.037,15.0,115.31,16.25285,-5.28795,4.81623,2e-05,0.12099
11670.54,BTC-27DEC19,1562324345434,open,0.46,54.4,0.4255,0.505,0.46547942,97.36,0.45,0.0,BTC-27DEC19-7000-C,11297.23,0.0,0.2155,0.1,0.512,1.0,126.62,17.68637,-4.92334,22.24639,3e-05,0.86334
11331.96,SYN.BTC-19JUL19,1562324345434,open,0.0,0.1075,0.187,0.14716726,101.4,None,0.0,BTC-19JUL19-10000-C,11297.23,97.73,0.145,8.0,0.1525,9.0,110.22,6.74626,-24.65045,2.67322,0.00014,0.7677
11331.96,SYN.BTC-19JUL19,1562324345434,open,0.0,0.281,0.3875,0.33418826,108.63,None,0.0,BTC-19JUL19-15000-P,11297.23,0.0,0.0,0.0,0.0,0.0,0.0,4.19751,-16.43035,-5.26685,8e-05,-0.88841
11331.96,SYN.BTC-19JUL19,1562324345434,open,0.0,0.1675,0.2645,0.21608233,105.83,None,0.0,BTC-19JUL19-13500-P,11297.23,88.41,0.2065,1.0,0.235,1.0,135.53,6.67743,-25.46529,-4.25625,0.00013,-0.77192
11331.96,SYN.BTC-19JUL19,1562324345434,open,0.0,0.0005,0.072,0.03248269,104.5,None,0.0,BTC-19JUL19-13000-C,11297.23,99.94,0.0295,33.0,0.0355,42.0,109.03,7.48378,-28.18023,1.08189,0.00015,0.28362
11331.96,SYN.BTC-19JUL19,1562324345434,open,0.0,0.0155,0.095,0.05524889,101.78,None,0.0,BTC-19JUL19-12000-C,11297.23,98.18,0.0525,24.0,0.0595,35.0,107.34,8.65777,-31.75375,1.59237,0.00017,0.42489
11331.96,SYN.BTC-19JUL19,1562324345434,open,0.0,0.178,0.2575,0.21753212,104.68,None,0.0,BTC-19JUL19-9000-C,11297.23,0.0,0.0,0.0,0.0,0.0,0.0,4.13237,-15.588,2.90046,8e-05,0.89082
11331.96,SYN.BTC-19JUL19,1562324345434,open,0.4,0.0005,0.054,0.01419403,108.14,0.0145,0.0,BTC-19JUL19-14500-C,11297.23,104.2,0.0125,41.0,0.015,0.3,109.94,5.00553,-19.50462,0.55793,9e-05,0.14371
11331.96,SYN.BTC-19JUL19,1562324345434,open,0.0,0.078,0.1575,0.11781334,100.96,None,0.0,BTC-19JUL19-10500-C,11297.23,97.61,0.1155,24.0,0.1225,1.0,107.72,7.83347,-28.4997,2.44958,0.00016,0.68644
11502.43,BTC-27SEP19,1562324345435,open,0.01,326.5,0.0005,0.049,0.0087237,100.07,0.008,0.0,BTC-27SEP19-5500-P,11297.23,96.84,0.0075,32.0,0.01,15.0,103.2,4.52871,-2.70151,-1.22732,1e-05,-0.03771
11502.43,BTC-27SEP19,1562324345434,open,0.48,714.8,0.452,0.5315,0.49170267,99.4,0.556,0.0,BTC-27SEP19-6000-C,11297.23,0.0,0.0,0.0,0.893,3.0,500.0,6.07646,-3.60055,11.9988,2e-05,0.94565
11502.43,BTC-27SEP19,1562324345434,open,0.1,182.3,0.059,0.1385,0.09887461,100.49,0.0955,0.0,BTC-27SEP19-15000-C,11297.23,98.64,0.0955,25.6,0.1025,18.0,102.48,20.96384,-12.55871,7.38287,7e-05,0.37819
11349.01,SYN.BTC-26JUL19,1562324345435,open,0.01,316.5,0.0005,0.049,0.00947743,112.32,0.0155,0.0,BTC-26JUL19-17000-C,11297.23,109.63,0.0085,5.0,0.011,50.2,116.24,4.23595,-11.39534,0.49239,5e-05,0.08534
11349.01,SYN.BTC-26JUL19,1562324345434,open,0.18,42.9,0.1505,0.23,0.19007976,97.33,0.1675,0.0,BTC-26JUL19-9500-C,11297.23,92.5,0.187,8.0,0.194,8.0,103.29,7.34908,-17.13235,4.02824,0.0001,0.81068
11670.54,BTC-27DEC19,1562324345436,open,0.15,272.0,0.0905,0.181,0.13565225,97.36,0.134,0.0,BTC-27DEC19-9000-P,11297.23,94.0,0.1285,9.4,0.1365,13.0,97.76,24.8232,-6.91014,-20.72411,4e-05,-0.23498
11502.43,BTC-27SEP19,1562324345436,open,0.6,289.7,0.5725,0.652,0.6122081,103.53,0.588,0.0,BTC-27SEP19-4500-C,11297.23,0.0,0.0005,20.0,0.729,5.0,299.1,2.23211,-1.37756,9.82167,1e-05,0.98379
11670.54,BTC-27DEC19,1562324345436,open,0.02,75.2,0.0005,0.0545,0.01430329,97.39,0.0105,0.0,BTC-27DEC19-4500-P,11297.23,95.15,0.013,0.1,0.016,11.0,100.16,6.96018,-1.93807,-3.03596,1e-05,-0.03999
11502.43,BTC-27SEP19,1562324345436,open,0.0,1657.1,0.0005,0.04,3.088e-05,130.0,0.0005,0.0,BTC-27SEP19-1500-P,11297.23,0.0,0.0,0.0,0.001,16.0,182.89,0.03619,-0.02805,-0.00535,0.0,-0.00017
11502.43,BTC-27SEP19,1562324345436,open,0.0,612.3,0.0005,0.0415,0.00153685,128.25,0.002,0.0,BTC-27SEP19-3000-P,11297.23,121.05,0.001,1.0,0.003,15.0,141.84,0.98247,-0.75111,-0.20782,0.0,-0.00633
11502.43,BTC-27SEP19,1562324345437,open,0.09,137.4,0.0355,0.1215,0.07864133,98.27,0.08,0.0,BTC-27SEP19-9000-P,11297.23,96.07,0.0755,25.6,0.0795,15.2,98.86,16.52536,-9.68025,-8.01854,6e-05,-0.22472
11502.43,BTC-27SEP19,1562324345436,open,1.0,0.2,0.87,1.0255,0.94786665,108.01,1.391,0.0,BTC-27SEP19-22000-P,11297.23,0.0,0.0045,10.0,0.0,0.0,0.0,13.4285,-8.64649,-47.25119,4e-05,-0.83977
11670.54,BTC-27DEC19,1562324345437,open,0.5,0.5,0.41,0.527,0.46845088,99.01,0.405,0.0,BTC-27DEC19-15000-P,11297.23,96.49,0.4615,4.8,0.477,4.8,102.11,32.21801,-9.12046,-54.67639,5e-05,-0.5094
11502.43,BTC-27SEP19,1562324345437,open,0.08,105.1,0.044,0.1235,0.08358693,101.46,0.077,0.0,BTC-27SEP19-16000-C,11297.23,99.39,0.08,30.6,0.087,18.4,103.42,20.00842,-12.1017,6.55682,6e-05,0.33165
11502.43,BTC-27SEP19,1562324345437,open,0.02,81.1,0.0005,0.0585,0.01870911,114.87,0.0205,0.0,BTC-27SEP19-28000-C,11297.23,111.93,0.0165,37.0,0.02,15.0,116.49,8.95876,-6.13439,1.88604,3e-05,0.09006
11670.54,BTC-27DEC19,1562324345437,open,1.03,0.0,0.9025,1.0605,0.98159897,103.02,None,0.0,BTC-27DEC19-22000-P,11297.23,0.0,0.0055,2.0,1.7715,0.3,499.74,27.96706,-8.23792,-94.18348,4e-05,-0.70281
11331.96,SYN.BTC-19JUL19,1562324345434,open,0.0,0.0005,0.0595,0.0187901,102.22,None,0.0,BTC-19JUL19-9500-P,11297.23,98.43,0.017,32.0,0.021,32.0,106.76,5.42979,-20.00108,-0.78084,0.00011,-0.16247
11349.01,SYN.BTC-26JUL19,1562324345434,open,0.19,47.5,0.113,0.205,0.15897816,100.28,0.1615,0.0,BTC-26JUL19-12500-P,11297.23,95.38,0.1545,1.0,0.161,24.0,102.48,10.4032,-24.98736,-5.00021,0.00014,-0.61136
11502.43,BTC-27SEP19,1562324345438,open,0.44,19.5,0.347,0.459,0.40294947,100.5,0.416,0.0,BTC-27SEP19-15000-P,11297.23,36.95,0.31,0.1,0.5305,2.0,167.92,20.96391,-12.55893,-27.08655,7e-05,-0.62181
11670.54,BTC-27DEC19,1562324345438,open,0.09,155.4,0.0375,0.1235,0.08052819,97.36,0.08,0.0,BTC-27DEC19-7500-P,11297.23,93.46,0.074,9.4,0.08,3.0,97.05,19.68209,-5.47898,-13.468,3e-05,-0.16034
11670.54,BTC-27DEC19,1562324345438,open,0.0,126.3,0.0005,0.0405,0.00095619,126.85,0.0015,0.0,BTC-27DEC19-1500-P,11297.23,117.27,0.0005,0.2,0.0015,10.5,134.77,0.68428,-0.24817,-0.20747,0.0,-0.00275
11502.43,BTC-27SEP19,1562324345438,open,0.2,560.6,0.165,0.2445,0.20477102,98.26,0.2105,0.0,BTC-27SEP19-11000-C,11297.23,95.63,0.2,20.2,0.208,5.0,100.05,20.82934,-12.20098,11.22459,7e-05,0.62943
11502.43,BTC-27SEP19,1562324345439,open,0.51,14.5,0.416,0.5335,0.47460219,101.46,0.4105,0.0,BTC-27SEP19-16000-P,11297.23,0.0,0.0045,10.0,1.12,0.2,499.67,20.00864,-12.10217,-30.21049,6e-05,-0.66834
11314.91,SYN.BTC-12JUL19,1562324345434,open,0.41,0.0,0.318,0.427,0.37258359,125.75,None,0.0,BTC-12JUL19-15500-P,11297.23,0.0,0.0,0.0,0.0,0.0,0.0,1.37022,-12.53026,-2.83782,5e-05,-0.95882
11331.96,SYN.BTC-19JUL19,1562324345434,open,100.0,0.0005,0.0465,0.0066963,106.13,0.01,0.0,BTC-19JUL19-8500-P,11297.23,103.33,0.006,10.0,0.0085,40.0,112.8,2.89104,-11.0559,-0.32048,6e-05,-0.0677
11314.91,SYN.BTC-12JUL19,1562324345437,open,0.15,17.4,0.1285,0.208,0.16846193,108.52,0.176,0.0,BTC-12JUL19-9500-C,11297.23,95.6,0.1655,8.0,0.172,8.0,121.59,2.84253,-22.43157,1.54653,0.00011,0.89404
11349.01,SYN.BTC-26JUL19,1562324345434,open,0.73,0.0,0.612,0.746,0.67915236,118.66,None,0.0,BTC-26JUL19-19000-P,11297.23,0.0,0.0,0.0,0.0,0.0,0.0,2.66713,-7.58017,-10.59373,3e-05,-0.95293
11349.01,SYN.BTC-26JUL19,1562324345436,open,0.46,5.0,0.367,0.4805,0.42375396,109.94,0.2255,0.0,BTC-26JUL19-16000-P,11297.23,0.0,0.0,0.0,0.0,0.0,0.0,5.43013,-14.29841,-8.4624,7e-05,-0.87998
11331.96,SYN.BTC-19JUL19,1562324345434,open,0.0,0.217,0.2965,0.25661033,106.15,None,0.0,BTC-19JUL19-8500-C,11297.23,0.0,0.0,0.0,0.0,0.0,0.0,2.89203,-11.06168,2.9107,6e-05,0.93227
11670.54,BTC-27DEC19,1562324345440,open,0.08,151.0,0.043,0.1225,0.0826347,104.15,0.078,0.0,BTC-27DEC19-24000-C,11297.23,102.74,0.0795,11.4,0.086,15.0,105.63,26.26372,-7.8206,9.98336,4e-05,0.26118
11314.91,SYN.BTC-12JUL19,1562324345434,open,0.0,23.7,0.0005,0.0405,0.00052284,130.0,0.0005,0.0,BTC-12JUL19-7500-P,11297.23,129.25,0.0005,14.8,0.001,2.0,142.11,0.35285,-3.33565,-0.01888,1e-05,-0.00833
11349.01,SYN.BTC-26JUL19,1562324345437,open,0.05,312.1,0.0005,0.0815,0.04019974,97.32,0.042,0.0,BTC-26JUL19-10000-P,11297.23,95.76,0.039,2.0,0.041,1.0,98.36,8.70829,-20.29923,-1.91355,0.00012,-0.2546
11314.91,SYN.BTC-12JUL19,1562324345438,open,0.02,562.0,0.0005,0.0545,0.01438284,104.15,0.0145,0.0,BTC-12JUL19-10000-P,11297.23,100.18,0.013,0.1,0.016,32.1,108.66,3.9991,-30.28883,-0.40306,0.00016,-0.17472
11349.01,SYN.BTC-26JUL19,1562324345436,open,0.25,36.6,0.222,0.3015,0.26166678,98.15,0.2155,0.0,BTC-26JUL19-8500-C,11297.23,0.0,0.0105,0.1,0.0,0.0,0.0,4.35993,-10.24963,4.21674,6e-05,0.9113
11349.01,SYN.BTC-26JUL19,1562324345436,open,0.04,289.5,0.0005,0.068,0.02715217,97.32,0.034,0.0,BTC-26JUL19-9500-P,11297.23,95.53,0.026,1.0,0.0285,32.0,99.39,7.34874,-17.13014,-1.40503,0.0001,-0.18931
11331.96,SYN.BTC-19JUL19,1562324345434,open,0.0,0.0005,0.0645,0.02476931,105.85,None,0.0,BTC-19JUL19-13500-C,11297.23,101.94,0.0225,32.0,0.027,32.0,109.59,6.67801,-25.47068,0.87598,0.00013,0.22811
11314.91,SYN.BTC-12JUL19,1562324345439,open,0.2,12.1,0.1175,0.21,0.16389529,108.21,0.1955,0.0,BTC-12JUL19-13000-P,11297.23,92.9,0.1585,8.0,0.1665,8.0,114.92,4.27844,-33.667,-2.06567,0.00016,-0.80524
11349.01,SYN.BTC-26JUL19,1562324345434,open,0.02,212.4,0.0005,0.051,0.0106263,98.14,0.012,0.0,BTC-26JUL19-8500-P,11297.23,96.49,0.01,1.0,0.012,40.0,101.63,4.35912,-10.24649,-0.64455,6e-05,-0.08867
11331.96,SYN.BTC-19JUL19,1562324345434,open,0.0,0.2425,0.3455,0.29375245,108.12,None,0.0,BTC-19JUL19-14500-P,11297.23,0.0,0.0,0.0,0.0,0.0,0.0,5.00435,-19.49664,-4.95451,9e-05,-0.85634
11331.96,SYN.BTC-19JUL19,1562324345434,open,0.0,0.021,0.106,0.06348207,100.96,None,0.0,BTC-19JUL19-11000-P,11297.23,95.67,0.0595,32.0,0.066,10.6,104.29,8.54441,-31.08336,-2.0031,0.00017,-0.4015
11349.01,SYN.BTC-26JUL19,1562324345438,open,0.12,124.9,0.0915,0.171,0.13149488,97.33,0.128,0.0,BTC-26JUL19-10500-C,11297.23,95.01,0.1295,5.0,0.1355,24.0,101.97,9.7833,-22.80657,3.52006,0.00014,0.6738
11349.01,SYN.BTC-26JUL19,1562324345437,open,0.55,0.0,0.4475,0.5675,0.50739648,112.29,None,0.0,BTC-26JUL19-17000-P,11297.23,0.0,0.0,0.0,0.0,0.0,0.0,4.23386,-11.3872,-9.23084,5e-05,-0.91472
11331.96,SYN.BTC-19JUL19,1562324345434,open,25.0,0.0005,0.052,0.01174079,104.67,0.013,0.0,BTC-19JUL19-9000-P,11297.23,99.74,0.01,50.0,0.0135,40.0,109.36,4.13167,-15.58323,-0.52081,8e-05,-0.10916
11314.91,SYN.BTC-12JUL19,1562324345434,open,0.0,96.3,0.0005,0.0425,0.00271947,125.83,0.0015,0.0,BTC-12JUL19-15500-C,11297.23,113.95,0.0015,10.0,0.004,55.0,135.22,1.37299,-12.56325,0.0822,5e-05,0.04128
11331.96,SYN.BTC-19JUL19,1562324345434,open,0.0,0.0005,0.0505,0.01050713,108.65,None,0.0,BTC-19JUL19-15000-C,11297.23,105.87,0.0095,40.0,0.013,40.0,115.06,4.19907,-16.43997,0.43571,8e-05,0.11165
