underlying_price,underlying_index,timestamp,state,settlement_price,open_interest,min_price,max_price,mark_price,mark_iv,last_price,interest_rate,instrument_name,index_price,bid_iv,best_bid_price,best_bid_amount,best_ask_price,best_ask_amount,ask_iv,vega,theta,rho,gamma,delta
9986.97,BTC-27DEC19,1564138739986,open,0.13,341.1,0.091,0.1705,0.13099717,102.46,0.13,0.0,BTC-27DEC19-15000-C,9774.37,102.06,0.13,20.3,0.1315,0.1,102.66,24.88272,-8.28391,10.91232,6e-05,0.39018
9791.53,SYN.BTC-9AUG19,1564138740054,open,0.0,0.0545,0.134,0.09406128,102.33,None,0.0,BTC-9AUG19-9500-C,9774.37,96.27,0.0895,0.2,0.094,0.2,102.25,7.37961,-27.2124,1.88023,0.0002,0.59919
9986.97,BTC-27DEC19,1564138740067,open,0.02,111.2,0.0005,0.0625,0.02253388,106.53,0.0215,0.0,BTC-27DEC19-32000-C,9774.37,105.05,0.021,8.0,0.024,6.0,107.89,10.57283,-3.6597,2.86121,2e-05,0.09049
9852.01,BTC-27SEP19,1564138740098,open,0.32,73.0,0.263,0.368,0.31546828,102.68,0.332,0.0,BTC-27SEP19-12000-P,9774.37,98.33,0.3085,0.2,0.319,0.2,104.88,15.81218,-12.91165,-15.5127,9e-05,-0.59859
217.05,SYN.ETH-9AUG19,1564138740101,open,0.0,0.001,0.046,0.00666,111.03,None,0.0,ETH-9AUG19-160-P,216.96,103.82,0.005,250.0,0.008,550.0,116.24,0.05344,-0.2138,-0.00588,0.00269,-0.06466
9851.98,BTC-27SEP19,1564138740141,open,0.48,78.4,0.4215,0.5395,0.48040305,103.9,0.502,0.0,BTC-27SEP19-14000-P,9774.37,95.04,0.4685,7.5,0.4855,0.2,107.54,13.63167,-11.26259,-20.46559,8e-05,-0.7255
9851.98,BTC-27SEP19,1564138740295,open,0.06,186.0,0.0195,0.099,0.0593689,103.9,0.065,0.0,BTC-27SEP19-14000-C,9774.37,102.18,0.057,19.3,0.0605,0.2,104.71,13.63192,-11.26313,3.65121,8e-05,0.27451
9817.45,SYN.BTC-30AUG19,1564138740305,open,0.12,131.7,0.076,0.1555,0.11593802,100.85,0.113,0.0,BTC-30AUG19-10000-C,9774.37,98.46,0.113,14.4,0.117,6.0,101.72,12.05008,-17.4234,3.9643,0.00013,0.53855
9986.98,BTC-27DEC19,1564138740427,open,0.1,240.8,0.0515,0.1385,0.09505974,98.85,0.088,0.0,BTC-27DEC19-7000-P,9774.39,96.55,0.091,4.9,0.095,6.0,98.82,17.6475,-5.66859,-12.03959,4e-05,-0.1909
9986.98,BTC-27DEC19,1564138740427,open,0.01,171.7,0.0005,0.0485,0.00889328,108.35,0.0105,0.0,BTC-27DEC19-44000-C,9774.39,105.69,0.0075,24.0,0.01,6.0,110.27,5.53372,-1.94817,1.28962,1e-05,0.03952
9986.98,BTC-27DEC19,1564138740427,open,0.26,219.5,0.2025,0.3025,0.25254904,98.85,0.2565,0.0,BTC-27DEC19-10000-P,9774.39,98.02,0.2505,4.9,0.2565,5.0,100.46,24.5867,-7.8976,-26.41751,6e-05,-0.3749
9851.98,BTC-27SEP19,1564138740427,open,0.0,103.7,0.0005,0.0435,0.00399338,108.56,0.006,0.0,BTC-27SEP19-26000-C,9774.39,104.34,0.003,7.0,0.005,39.0,112.18,2.54032,-2.19296,0.38864,1e-05,0.02689
9986.98,BTC-27DEC19,1564138740427,open,0.43,63.0,0.385,0.4645,0.42488557,98.85,0.4965,0.0,BTC-27DEC19-6500-C,9774.39,59.23,0.3695,8.0,0.4745,8.0,129.04,15.84653,-5.09014,17.43227,4e-05,0.83893
9986.98,BTC-27DEC19,1564138740427,open,0.15,216.0,0.107,0.1865,0.14691221,101.39,0.149,0.0,BTC-27DEC19-14000-C,9774.39,100.44,0.1445,8.0,0.1495,5.0,102.4,25.43525,-8.3797,11.79379,6e-05,0.42703
9851.98,BTC-27SEP19,1564138740427,open,0.12,209.5,0.0755,0.1645,0.11996327,101.49,0.125,0.0,BTC-27SEP19-9000-P,9774.39,99.53,0.117,19.3,0.1205,5.0,101.84,14.90198,-12.02652,-7.7263,9e-05,-0.3353
9986.98,BTC-27DEC19,1564138740427,open,0.22,584.4,0.179,0.2585,0.21883073,99.7,0.217,0.0,BTC-27DEC19-11000-C,9774.39,98.59,0.216,8.0,0.2225,3.6,101.14,25.47862,-8.25421,14.75306,6e-05,0.56924
9986.98,BTC-27DEC19,1564138740427,open,0.0,371.4,0.0005,0.0445,0.00447056,100.81,0.005,0.0,BTC-27DEC19-3000-P,9774.39,96.62,0.0035,10.0,0.0055,22.0,104.7,2.48452,-0.81384,-0.8284,1e-05,-0.01521
9851.98,BTC-27SEP19,1564138740427,open,0.05,386.0,0.0065,0.086,0.0463238,104.3,0.0485,0.0,BTC-27SEP19-15000-C,9774.39,102.83,0.0445,19.3,0.0475,7.0,105.24,12.27083,-10.17784,3.03641,7e-05,0.22524
9986.98,BTC-27DEC19,1564138740427,open,0.05,96.1,0.0025,0.0855,0.0438934,98.85,0.043,0.0,BTC-27DEC19-5500-P,9774.39,95.96,0.0405,6.0,0.0435,6.0,98.52,11.83894,-3.80281,-6.29368,3e-05,-0.10559
9986.98,BTC-27DEC19,1564138740427,open,0.01,168.6,0.0005,0.047,0.00705318,109.46,0.0065,0.0,BTC-27DEC19-48000-C,9774.39,107.07,0.006,10.0,0.008,10.9,111.41,4.64153,-1.65084,1.0459,1e-05,0.03189
9851.98,BTC-27SEP19,1564138740427,open,0.0,617.1,0.0005,0.0405,0.00076483,120.15,0.0005,0.0,BTC-27SEP19-3000-P,9774.39,0.0,0.0,0.0,0.0015,22.0,131.28,0.5085,-0.48586,-0.08465,0.0,-0.00422
9987.0,BTC-27DEC19,1564138740427,open,0.02,312.1,0.0005,0.056,0.01630927,107.35,0.0185,0.0,BTC-27DEC19-36000-C,9774.39,105.78,0.015,8.0,0.0175,6.0,108.72,8.51073,-2.9687,2.17483,2e-05,0.06796
9987.0,BTC-27DEC19,1564138740427,open,0.29,172.3,0.252,0.3315,0.2917341,98.85,0.287,0.0,BTC-27DEC19-9000-C,9774.39,96.58,0.2865,8.0,0.293,5.0,99.4,23.02054,-7.39446,16.5774,6e-05,0.68547
9851.98,BTC-27SEP19,1564138740427,open,0.0,49.2,0.0005,0.041,0.00125622,119.91,0.002,0.0,BTC-27SEP19-3250-P,9774.39,106.87,0.0005,25.0,0.002,20.0,128.13,0.75851,-0.72327,-0.13367,0.0,-0.00662
9987.0,BTC-27DEC19,1564138740427,open,0.75,0.0,0.712,0.7915,0.7517234,101.61,None,0.0,BTC-27DEC19-2500-C,9774.39,0.0,0.686,8.0,0.8175,8.0,241.94,1.35351,-0.4469,10.13456,0.0,0.99243
9987.0,BTC-27DEC19,1564138740427,open,0.2,299.4,0.1455,0.2405,0.1929068,98.85,0.19,0.0,BTC-27DEC19-9000-P,9774.39,97.38,0.1895,4.9,0.195,8.0,99.76,23.02053,-7.3945,-21.36459,6e-05,-0.31453
9851.98,BTC-27SEP19,1564138740427,open,0.01,318.7,0.0005,0.045,0.00512084,102.5,0.0045,0.0,BTC-27SEP19-4750-P,9774.39,97.85,0.004,44.0,0.006,5.0,105.75,2.54496,-2.07432,-0.54432,1e-05,-0.02695
9851.98,BTC-27SEP19,1564138740427,open,0.0,656.4,0.0005,0.0415,0.00179486,109.36,0.004,0.0,BTC-27SEP19-30000-C,9774.39,102.41,0.001,20.0,0.0025,24.0,113.87,1.36877,-1.1904,0.19016,1e-05,0.013
9987.0,BTC-27DEC19,1564138740427,open,0.01,249.9,0.0005,0.054,0.01357011,98.85,0.014,0.0,BTC-27DEC19-4000-P,9774.39,96.92,0.0125,6.0,0.014,4.9,99.61,5.62915,-1.80816,-2.27078,1e-05,-0.04036
9851.98,BTC-27SEP19,1564138740427,open,0.0,405.8,0.0005,0.0405,0.00049926,131.08,0.0005,0.0,BTC-27SEP19-2500-P,9774.39,0.0,0.0,0.0,0.001,25.0,142.57,0.33025,-0.34424,-0.05281,0.0,-0.00261
9987.0,BTC-27DEC19,1564138740428,open,0.08,221.6,0.033,0.1185,0.07573238,98.85,0.07,0.0,BTC-27DEC19-6500-P,9774.39,96.49,0.072,4.9,0.075,6.0,98.39,15.8465,-5.09013,-9.97021,4e-05,-0.16107
9851.98,BTC-27SEP19,1564138740427,open,0.0,424.0,0.0005,0.042,0.00226817,107.7,0.0035,0.0,BTC-27SEP19-4000-P,9774.39,101.23,0.0015,10.0,0.003,39.0,112.66,1.3272,-1.13666,-0.25139,1e-05,-0.01254
9851.98,BTC-27SEP19,1564138740427,open,0.08,505.7,0.032,0.1175,0.07489222,101.49,0.072,0.0,BTC-27SEP19-8000-P,9774.39,99.24,0.072,19.3,0.076,5.0,102.34,12.72365,-10.26854,-5.35117,7e-05,-0.24042
9851.98,BTC-27SEP19,1564138740428,open,0.6,227.5,0.5565,0.636,0.59625841,107.7,0.7065,0.0,BTC-27SEP19-4000-C,9774.39,0.0,0.5365,7.0,0.6555,7.0,244.73,1.3272,-1.13666,6.6391,1e-05,0.98746
9791.5,SYN.BTC-9AUG19,1564138740427,open,22.0,0.0005,0.0485,0.00841333,106.11,0.007,0.0,BTC-9AUG19-7500-P,9774.39,101.12,0.007,30.0,0.0095,12.0,109.69,2.89012,-11.05069,-0.33634,7e-05,-0.08194
9817.42,SYN.BTC-30AUG19,1564138740427,open,0.02,165.5,0.0005,0.0595,0.01894025,101.69,0.019,0.0,BTC-30AUG19-7000-P,9774.39,99.16,0.0175,30.0,0.02,28.0,103.51,5.65948,-8.25109,-1.19777,6e-05,-0.10875
9987.0,BTC-27DEC19,1564138740428,open,0.04,153.0,0.0005,0.0785,0.03857989,105.11,0.041,0.0,BTC-27DEC19-26000-C,9774.39,104.03,0.037,8.0,0.0405,6.0,106.4,14.73836,-5.03376,4.45536,3e-05,0.1444
9987.0,BTC-27DEC19,1564138740429,open,0.85,0.1,0.8105,0.89,0.85030318,115.37,0.84,0.0,BTC-27DEC19-1500-C,9774.39,0.0,0.7805,8.0,0.92,8.0,354.49,0.37994,-0.14243,6.22547,0.0,0.99817
9987.0,BTC-27DEC19,1564138740428,open,1.84,2.0,1.7225,1.949,1.83560602,105.58,1.563,0.0,BTC-27DEC19-28000-P,9774.39,0.0,0.001,1.0,0.0,0.0,0.0,13.18417,-4.52314,-114.21674,3e-05,-0.87719
9851.98,BTC-27SEP19,1564138740428,open,0.0,492.7,0.0005,0.04,0.00032575,144.99,0.0005,0.0,BTC-27SEP19-2000-P,9774.39,0.0,0.0,0.0,0.001,26.1,165.2,0.2099,-0.24201,-0.03244,0.0,-0.00159
9987.0,BTC-27DEC19,1564138740428,open,0.12,162.4,0.072,0.161,0.11654985,98.85,0.115,0.0,BTC-27DEC19-7500-P,9774.39,96.75,0.1125,4.9,0.117,6.0,99.09,19.27538,-6.19151,-14.23327,5e-05,-0.22151
9851.98,BTC-27SEP19,1564138740428,open,0.26,901.9,0.223,0.3025,0.26287518,101.49,0.2995,0.0,BTC-27SEP19-8000-C,9774.39,82.96,0.2395,3.5,0.306,3.5,134.16,12.7237,-10.26877,8.42973,7e-05,0.75958
9851.98,BTC-27SEP19,1564138740429,open,0.08,219.3,0.037,0.1165,0.07654135,103.68,0.077,0.0,BTC-27SEP19-13000-C,9774.39,101.66,0.0735,19.3,0.077,0.2,103.98,14.87735,-12.26592,4.36745,9e-05,0.33389
9987.0,BTC-27DEC19,1564138740428,open,0.0,98.9,0.0005,0.041,0.00128914,110.11,0.001,0.0,BTC-27DEC19-2000-P,9774.39,97.94,0.0005,39.0,0.002,16.0,117.16,0.86541,-0.30964,-0.24669,0.0,-0.00457
9851.98,BTC-27SEP19,1564138740429,open,0.65,261.1,0.6065,0.686,0.646016,112.56,0.714,0.0,BTC-27SEP19-3500-C,9774.39,0.0,0.5845,7.0,0.7075,7.0,277.97,0.81348,-0.72815,5.88593,0.0,0.99283
9987.0,BTC-27DEC19,1564138740428,open,0.17,206.1,0.1275,0.207,0.1672049,100.88,0.169,0.0,BTC-27DEC19-13000-C,9774.39,99.83,0.1645,8.0,0.17,5.0,101.96,25.79648,-8.4558,12.75213,6e-05,0.47009
9851.98,BTC-27SEP19,1564138740428,open,0.0,1059.6,0.0005,0.0425,0.00268703,103.82,0.0035,0.0,BTC-27SEP19-4250-P,9774.39,99.08,0.002,24.0,0.004,44.0,111.13,1.56021,-1.2881,-0.30241,1e-05,-0.01513
9782.86,SYN.BTC-2AUG19,1564138740428,open,0.11,3.9,0.064,0.1435,0.10389312,104.49,0.1335,0.0,BTC-2AUG19-9000-C,9774.39,93.2,0.099,9.0,0.105,6.0,106.98,4.32719,-32.87906,1.17819,0.00023,0.74322
9987.0,BTC-27DEC19,1564138740429,open,0.66,4.0,0.6175,0.697,0.65739621,98.86,0.64,0.0,BTC-27DEC19-3500-C,9774.39,0.0,0.5955,8.0,0.7195,8.0,188.01,3.831,-1.23064,13.35839,1e-05,0.97468
9782.86,SYN.BTC-2AUG19,1564138740427,open,0.03,121.7,0.0005,0.068,0.02806767,101.3,0.0265,0.0,BTC-2AUG19-10500-C,9774.39,96.1,0.0255,30.0,0.028,0.5,101.17,4.8639,-35.83146,0.55684,0.00027,0.33023
9852.0,BTC-27SEP19,1564138740429,open,0.01,507.3,0.0005,0.047,0.00682999,101.9,0.007,0.0,BTC-27SEP19-5000-P,9774.39,99.21,0.006,24.0,0.0075,5.0,103.95,3.14149,-2.54572,-0.70576,2e-05,-0.03476
9852.0,BTC-27SEP19,1564138740429,open,0.02,670.0,0.0005,0.0595,0.01903109,101.49,0.0185,0.0,BTC-27SEP19-6000-P,9774.39,99.02,0.0175,24.1,0.0195,5.0,102.23,6.22614,-5.0248,-1.72442,4e-05,-0.08258
9987.0,BTC-27DEC19,1564138740429,open,0.19,268.3,0.151,0.2305,0.19090062,100.3,0.1975,0.0,BTC-27DEC19-12000-C,9774.39,99.18,0.188,8.0,0.194,5.0,101.5,25.84462,-8.42287,13.74683,6e-05,0.51741
9852.0,BTC-27SEP19,1564138740429,open,0.75,55.9,0.707,0.7865,0.74674394,131.09,0.689,0.0,BTC-27SEP19-2500-C,9774.39,0.0,0.681,7.0,0.812,7.0,369.73,0.33037,-0.34439,4.25372,0.0,0.99739
9987.0,BTC-27DEC19,1564138740429,open,0.06,276.4,0.0165,0.101,0.05865511,98.85,0.0655,0.0,BTC-27DEC19-6000-P,9774.39,96.21,0.055,6.0,0.058,11.0,98.38,13.89747,-4.46407,-8.04718,3e-05,-0.13248
9987.0,BTC-27DEC19,1564138740429,open,0.64,5.6,0.568,0.698,0.63295415,102.46,0.5485,0.0,BTC-27DEC19-15000-P,9774.39,78.56,0.576,3.0,0.6925,3.0,125.85,24.8829,-8.28406,-52.32414,6e-05,-0.60981
9782.86,SYN.BTC-2AUG19,1564138740427,open,0.01,104.5,0.0005,0.052,0.01174418,105.12,0.0125,0.0,BTC-2AUG19-8500-P,9774.39,101.11,0.0105,30.0,0.0115,0.3,104.34,3.09816,-23.68256,-0.29379,0.00016,-0.14768
9782.86,SYN.BTC-2AUG19,1564138740427,open,0.43,0.0,0.375,0.489,0.43185716,115.63,None,0.0,BTC-2AUG19-14000-P,9774.39,0.0,0.01,10.0,0.0,0.0,0.0,0.49854,-4.19197,-2.61168,2e-05,-0.98534
9817.42,SYN.BTC-30AUG19,1564138740429,open,0.01,300.3,0.0005,0.045,0.00536156,105.46,0.005,0.0,BTC-30AUG19-18000-C,9774.39,102.36,0.0045,8.4,0.006,24.0,107.57,2.87085,-4.34071,0.37081,3e-05,0.04489
9987.0,BTC-27DEC19,1564138740430,open,0.7,0.0,0.6645,0.744,0.70407921,100.8,None,0.0,BTC-27DEC19-3000-C,9774.39,0.0,0.64,8.0,0.7675,8.0,210.62,2.48425,-0.81372,11.81903,1e-05,0.9848
9852.0,BTC-27SEP19,1564138740429,open,0.66,34.4,0.594,0.7265,0.66011934,104.55,0.6695,0.0,BTC-27SEP19-16000-P,9774.39,0.0,0.602,2.5,0.678,2.5,119.56,10.87452,-9.04071,-25.05326,6e-05,-0.8161
9987.0,BTC-27DEC19,1564138740429,open,2.63,1.3,2.4765,2.7655,2.62100619,107.36,2.2,0.0,BTC-27DEC19-36000-P,9774.39,0.0,0.0005,1.0,0.0,0.0,0.0,8.51402,-2.97019,-149.592,2e-05,-0.932
9852.0,BTC-27SEP19,1564138740429,open,0.7,225.7,0.6565,0.736,0.69625844,120.16,0.693,0.0,BTC-27SEP19-3000-C,9774.39,0.0,0.6325,7.0,0.7595,7.0,318.06,0.50864,-0.48602,5.08319,0.0,0.99578
9852.0,BTC-27SEP19,1564138740429,open,0.1,711.0,0.0575,0.137,0.09744153,102.68,0.098,0.0,BTC-27SEP19-12000-C,9774.39,100.85,0.0945,19.3,0.0985,0.2,103.34,15.81213,-12.91152,5.15874,9e-05,0.40141
9791.5,SYN.BTC-9AUG19,1564138740427,open,90.0,0.0005,0.0575,0.01794212,102.85,0.016,0.0,BTC-9AUG19-12000-C,9774.39,97.96,0.0155,13.0,0.0185,35.0,103.93,5.01584,-18.58949,0.60458,0.00013,0.18036
9987.0,BTC-27DEC19,1564138740430,open,0.32,179.0,0.2675,0.373,0.32026364,99.7,0.3245,0.0,BTC-27DEC19-11000-P,9774.39,98.62,0.3175,3.6,0.326,8.6,101.95,25.47866,-8.25423,-31.62039,6e-05,-0.43076
9987.0,BTC-27DEC19,1564138740430,open,0.39,165.3,0.337,0.448,0.39246626,100.3,0.4125,0.0,BTC-27DEC19-12000-P,9774.39,99.15,0.3895,3.6,0.397,5.0,102.05,25.84461,-8.42298,-36.84245,6e-05,-0.48259
9817.42,SYN.BTC-30AUG19,1564138740430,open,0.06,93.4,0.016,0.0955,0.05558196,102.54,0.056,0.0,BTC-30AUG19-12000-C,9774.39,100.18,0.053,19.3,0.056,0.2,102.92,10.81565,-15.89958,2.45632,0.00011,0.31744
9852.0,BTC-27SEP19,1564138740430,open,2.05,0.0,1.925,2.1685,2.04685876,109.34,None,0.0,BTC-27SEP19-30000-P,9774.39,0.0,0.0,0.0,0.0,0.0,0.0,1.36711,-1.18872,-51.48875,1e-05,-0.98702
9852.0,BTC-27SEP19,1564138740430,open,0.85,42.8,0.808,0.8875,0.84780092,144.93,0.815,0.0,BTC-27SEP19-1500-C,9774.39,0.0,0.778,7.0,0.9175,7.0,500.0,0.04552,-0.05246,2.57789,0.0,0.9997
9987.0,BTC-27DEC19,1564138740430,open,3.42,0.0,3.2385,3.591,3.41462073,108.34,3.46,0.0,BTC-27DEC19-44000-P,9774.39,0.0,0.0,0.0,0.0,0.0,0.0,5.53373,-1.94817,-184.20436,1e-05,-0.96048
9791.5,SYN.BTC-9AUG19,1564138740427,open,0.0,0.0005,0.0415,0.0016185,107.39,None,0.0,BTC-9AUG19-6500-P,9774.39,99.71,0.001,30.0,0.0015,0.2,106.09,0.90991,-3.52117,-0.0791,2e-05,-0.01963
9817.42,SYN.BTC-30AUG19,1564138740429,open,0.03,97.9,0.0005,0.0655,0.02559723,103.6,0.0345,0.0,BTC-30AUG19-14000-C,9774.39,100.89,0.0235,25.3,0.0265,19.3,104.74,7.72328,-11.47066,1.36885,8e-05,0.17152
9852.0,BTC-27SEP19,1564138740431,open,0.62,0.0,0.5815,0.661,0.62106323,109.89,None,0.0,BTC-27SEP19-3750-C,9774.39,0.0,0.5605,7.0,0.6815,7.0,260.65,1.04113,-0.90978,6.26998,1e-05,0.99051
9987.0,BTC-27DEC19,1564138740431,open,0.57,6.5,0.531,0.6105,0.57080983,98.85,0.575,0.0,BTC-27DEC19-4500-C,9774.39,0.0,0.5115,8.0,0.6285,8.0,157.33,7.6262,-2.4496,15.58492,2e-05,0.94097
9817.42,SYN.BTC-30AUG19,1564138740428,open,0.08,131.4,0.04,0.1195,0.07994073,101.08,0.08,0.0,BTC-30AUG19-11000-C,9774.39,99.47,0.078,14.4,0.0795,10.0,100.72,11.84808,-17.1702,3.16838,0.00013,0.4177
9782.86,SYN.BTC-2AUG19,1564138740429,open,0.02,162.2,0.0005,0.057,0.01735759,103.68,0.017,0.0,BTC-2AUG19-11000-C,9774.39,96.58,0.0145,30.0,0.0165,1.0,101.59,4.03465,-30.4209,0.38406,0.00022,0.22576
9782.86,SYN.BTC-2AUG19,1564138740427,open,0.15,20.1,0.103,0.1825,0.14288,105.13,0.141,0.0,BTC-2AUG19-8500-C,9774.39,0.0,0.1195,3.0,0.1485,3.0,121.75,3.09839,-23.68624,1.30736,0.00016,0.8523
9782.86,SYN.BTC-2AUG19,1564138740428,open,0.38,0.0,0.326,0.436,0.38123569,113.22,None,0.0,BTC-2AUG19-13500-P,9774.39,0.0,0.0105,0.2,0.99,2.0,500.0,0.73258,-6.03181,-2.50296,4e-05,-0.97696
9852.0,BTC-27SEP19,1564138740431,open,1.65,0.0,1.5375,1.7485,1.64304876,108.55,None,0.0,BTC-27SEP19-26000-P,9774.39,0.0,0.0,0.0,0.0,0.0,0.0,2.53921,-2.19179,-44.39972,1e-05,-0.97312
9987.0,BTC-27DEC19,1564138740432,open,0.61,27.2,0.5735,0.653,0.61304839,98.85,0.65,0.0,BTC-27DEC19-4000-C,9774.39,0.0,0.553,8.0,0.673,8.0,170.63,5.62895,-1.80806,14.59243,1e-05,0.95964
9987.0,BTC-27DEC19,1564138740431,open,1.65,0.0,1.5365,1.7475,1.6419718,105.11,None,0.0,BTC-27DEC19-26000-P,9774.39,0.0,0.005,10.0,2.44,0.2,500.0,14.73967,-5.03445,-105.15424,3e-05,-0.85558
9782.86,SYN.BTC-2AUG19,1564138740429,open,0.05,135.4,0.0055,0.085,0.04533557,100.75,0.043,0.0,BTC-2AUG19-10000-C,9774.39,94.63,0.042,19.0,0.043,7.4,96.47,5.33511,-39.08837,0.77208,0.00029,0.46429
9852.0,BTC-27SEP19,1564138740432,open,0.57,9.2,0.5315,0.611,0.57130297,103.82,0.574,0.0,BTC-27SEP19-4250-C,9774.39,0.0,0.513,7.0,0.63,7.0,230.77,1.56037,-1.28826,7.0187,1e-05,0.98487
9987.0,BTC-27DEC19,1564138740432,open,0.03,279.3,0.0005,0.0665,0.02671305,106.05,0.025,0.0,BTC-27DEC19-30000-C,9774.39,105.01,0.0255,8.0,0.0285,6.0,107.53,11.79695,-4.06504,3.29916,3e-05,0.10507
9852.0,BTC-27SEP19,1564138740432,open,1.24,0.2,1.153,1.3315,1.24219004,107.11,1.391,0.0,BTC-27SEP19-22000-P,9774.39,0.0,0.005,10.0,0.0,0.0,0.0,4.64644,-3.95769,-37.0939,3e-05,-0.9435
9987.0,BTC-27DEC19,1564138740432,open,0.01,280.1,0.0005,0.0515,0.01191625,107.85,0.0135,0.0,BTC-27DEC19-40000-C,9774.39,105.7,0.0105,14.0,0.0135,6.0,110.08,6.8373,-2.39616,1.6627,2e-05,0.05141
9782.86,SYN.BTC-2AUG19,1564138740429,open,0.23,0.0,0.183,0.281,0.23197745,103.73,None,0.0,BTC-2AUG19-12000-P,9774.39,0.0,0.1895,2.0,0.2395,2.0,131.57,2.1138,-15.94433,-2.11125,0.00011,-0.91367
9987.0,BTC-27DEC19,1564138740433,open,0.01,117.3,0.0005,0.048,0.00785181,98.86,0.01,0.0,BTC-27DEC19-3500-P,9774.39,95.16,0.0065,22.0,0.0095,22.0,102.94,3.831,-1.23064,-1.39681,1e-05,-0.02532
9987.0,BTC-27DEC19,1564138740433,open,0.06,170.5,0.018,0.0975,0.05772298,104.07,0.068,0.0,BTC-27DEC19-22000-C,9774.39,103.12,0.056,8.0,0.06,4.9,105.3,18.3169,-6.19399,6.11675,4e-05,0.203
9817.42,SYN.BTC-30AUG19,1564138740430,open,0.45,0.0,0.394,0.5095,0.45162966,103.59,None,0.0,BTC-30AUG19-14000-P,9774.39,0.0,0.4015,2.0,0.5025,2.0,156.33,7.72278,-11.46931,-12.00825,8e-05,-0.8285
9852.0,BTC-27SEP19,1564138740433,open,2.25,0.0,2.12,2.3795,2.24957693,112.25,None,0.0,BTC-27SEP19-32000-P,9774.39,0.0,0.0,0.0,0.0,0.0,0.0,1.17014,-1.04455,-54.96531,1e-05,-0.98915
9852.0,BTC-27SEP19,1564138740433,open,0.04,357.4,0.0005,0.0825,0.04128559,101.49,0.0405,0.0,BTC-27SEP19-7000-P,9774.39,99.14,0.039,19.3,0.042,24.3,102.21,9.67679,-7.80963,-3.30398,6e-05,-0.1534
9987.0,BTC-27DEC19,1564138740433,open,1.08,5.7,0.992,1.1575,1.0746431,103.67,1.085,0.0,BTC-27DEC19-20000-P,9774.39,45.88,1.004,3.0,1.1495,3.0,136.64,20.31781,-6.84464,-77.09614,5e-05,-0.75649
9817.42,SYN.BTC-30AUG19,1564138740429,open,0.02,141.9,0.0005,0.0565,0.01697862,103.6,0.023,0.0,BTC-30AUG19-15000-C,9774.39,101.19,0.0155,30.0,0.0175,0.1,104.42,6.15179,-9.13668,0.98786,6e-05,0.12229
9791.5,SYN.BTC-9AUG19,1564138740427,open,0.0,0.2025,0.282,0.24244499,106.12,None,0.0,BTC-9AUG19-7500-C,9774.39,0.0,0.0,0.0,0.0,0.0,0.0,2.89048,-11.05288,2.51477,7e-05,0.91804
9852.0,BTC-27SEP19,1564138740433,open,1.85,0.0,1.7315,1.9585,1.84480246,109.39,None,0.0,BTC-27SEP19-28000-P,9774.39,0.0,0.0,0.0,0.0,0.0,0.0,1.90059,-1.65337,-47.95642,1e-05,-0.98094
9852.0,BTC-27SEP19,1564138740434,open,0.8,28.2,0.7575,0.837,0.79732088,144.97,0.755,0.0,BTC-27SEP19-2000-C,9774.39,0.0,0.7295,7.0,0.865,7.0,440.89,0.20971,-0.24176,3.41284,0.0,0.99842
9782.86,SYN.BTC-2AUG19,1564138740432,open,0.0,116.9,0.0005,0.043,0.0034346,108.08,0.003,0.0,BTC-2AUG19-12500-C,9774.39,105.22,0.003,97.0,0.0035,30.0,108.49,1.54208,-12.12007,0.09921,8e-05,0.05727
9782.86,SYN.BTC-2AUG19,1564138740429,open,0.0,166.3,0.0005,0.0415,0.00194734,109.46,0.002,0.0,BTC-2AUG19-13000-C,9774.39,104.85,0.0015,1.0,0.002,30.0,109.95,1.0271,-8.17536,0.06012,5e-05,0.03457
9852.0,BTC-27SEP19,1564138740434,open,0.0,282.2,0.0005,0.0425,0.00273417,109.36,0.0035,0.0,BTC-27SEP19-28000-C,9774.39,105.14,0.002,7.0,0.0035,24.0,113.01,1.89787,-1.65055,0.27654,1e-05,0.01903
9817.42,SYN.BTC-30AUG19,1564138740432,open,0.2,18.9,0.1525,0.248,0.20039479,101.08,0.199,0.0,BTC-30AUG19-11000-P,9774.39,97.43,0.196,0.2,0.205,0.2,104.89,11.84805,-17.16967,-7.34212,0.00013,-0.5823
9817.42,SYN.BTC-30AUG19,1564138740430,open,0.17,20.3,0.1255,0.205,0.16506867,101.01,0.1655,0.0,BTC-30AUG19-9000-C,9774.39,97.38,0.161,14.4,0.1665,4.0,102.29,11.01591,-15.95334,4.71824,0.00012,0.66805
9817.42,SYN.BTC-30AUG19,1564138740433,open,0.37,17.1,0.3075,0.416,0.36180548,102.88,0.289,0.0,BTC-30AUG19-13000-P,9774.39,0.0,0.315,2.0,0.4095,2.0,147.76,9.31602,-13.74128,-10.57413,0.0001,-0.76544
9782.86,SYN.BTC-2AUG19,1564138740433,open,0.19,1.0,0.148,0.2275,0.18770701,108.4,0.1875,0.0,BTC-2AUG19-8000-C,9774.39,0.0,0.1615,3.0,0.195,3.0,138.48,1.93591,-15.25997,1.35534,0.0001,0.92317
9782.86,SYN.BTC-2AUG19,1564138740429,open,0.07,122.6,0.025,0.11,0.06752871,100.75,0.0675,0.0,BTC-2AUG19-10000-P,9774.39,96.11,0.065,18.0,0.0705,20.0,106.19,5.33511,-39.08608,-1.11168,0.00029,-0.53571
9782.86,SYN.BTC-2AUG19,1564138740427,open,0.0,127.1,0.0005,0.0405,0.00078676,115.71,0.001,0.0,BTC-2AUG19-14000-C,9774.39,109.22,0.0005,31.0,0.001,30.0,119.55,0.50043,-4.211,0.02568,2e-05,0.01472
9817.42,SYN.BTC-30AUG19,1564138740428,open,0.74,0.0,0.67,0.809,0.73949683,104.97,None,0.0,BTC-30AUG19-17000-P,9774.39,0.0,0.0,0.0,0.0,0.0,0.0,3.75624,-5.65276,-15.72626,4e-05,-0.93698
9817.42,SYN.BTC-30AUG19,1564138740430,open,0.01,45.4,0.0005,0.0475,0.00788601,104.98,0.008,0.0,BTC-30AUG19-17000-C,9774.39,102.59,0.007,6.0,0.0085,24.0,106.55,3.75764,-5.65561,0.51745,4e-05,0.06305
9817.42,SYN.BTC-30AUG19,1564138740429,open,0.01,182.1,0.0005,0.0465,0.00654589,103.18,0.006,0.0,BTC-30AUG19-6000-P,9774.39,99.4,0.0055,34.0,0.0075,28.0,106.36,2.83792,-4.19797,-0.47652,3e-05,-0.04425
9817.42,SYN.BTC-30AUG19,1564138740427,open,0.05,126.7,0.0015,0.0845,0.04309378,101.01,0.043,0.0,BTC-30AUG19-8000-P,9774.39,99.21,0.0415,19.3,0.043,0.7,100.91,8.7083,-12.61116,-2.35976,9e-05,-0.20847
9791.5,SYN.BTC-9AUG19,1564138740427,open,0.0,0.2825,0.389,0.3359275,103.0,None,0.0,BTC-9AUG19-13000-P,9774.39,0.0,0.0,0.0,0.99,0.2,500.0,3.2251,-11.96984,-4.61934,9e-05,-0.90507
9791.5,SYN.BTC-9AUG19,1564138740427,open,0.0,0.159,0.2385,0.19858963,104.71,None,0.0,BTC-9AUG19-8000-C,9774.39,0.0,0.0,0.0,0.0,0.0,0.0,4.1963,-15.83328,2.47147,0.00011,0.86255
9782.86,SYN.BTC-2AUG19,1564138740434,open,0.08,53.2,0.031,0.1105,0.07087219,102.41,0.067,0.0,BTC-2AUG19-9500-C,9774.39,95.05,0.067,3.8,0.0715,0.1,103.6,5.15208,-38.36928,0.99332,0.00028,0.60988
9791.5,SYN.BTC-9AUG19,1564138740427,open,7.1,0.0005,0.0655,0.02592356,102.8,0.024,0.0,BTC-9AUG19-11500-C,9774.39,97.06,0.0225,3.0,0.026,11.0,102.93,5.95209,-22.04852,0.80162,0.00016,0.24128
9782.86,SYN.BTC-2AUG19,1564138740432,open,0.01,175.9,0.0005,0.0455,0.00546152,108.38,0.0045,0.0,BTC-2AUG19-8000-P,9774.39,103.3,0.0045,30.0,0.005,0.6,106.0,1.9355,-15.25495,-0.15161,0.0001,-0.07681
9817.42,SYN.BTC-30AUG19,1564138740434,open,0.4,0.0,0.3555,0.435,0.39538913,103.19,None,0.0,BTC-30AUG19-6000-C,9774.39,0.0,0.3435,3.0,0.4465,3.0,201.22,2.83834,-4.19885,5.25638,3e-05,0.95574
9782.86,SYN.BTC-2AUG19,1564138740433,open,0.11,28.4,0.0575,0.145,0.10137048,101.3,0.1,0.0,BTC-2AUG19-10500-P,9774.39,95.48,0.0985,18.0,0.105,18.0,108.54,4.86382,-35.82852,-1.42112,0.00027,-0.66979
9782.86,SYN.BTC-2AUG19,1564138740433,open,0.14,1.8,0.0965,0.187,0.14177005,103.68,0.144,0.0,BTC-2AUG19-11000-P,9774.39,78.72,0.1325,6.0,0.1465,0.2,114.78,4.03443,-30.41678,-1.6881,0.00022,-0.77426
9782.86,SYN.BTC-2AUG19,1564138740432,open,0.24,0.0,0.196,0.2755,0.23569097,112.45,None,0.0,BTC-2AUG19-7500-C,9774.39,0.0,0.212,3.0,0.242,3.0,151.47,1.06216,-8.68573,1.34213,5e-05,0.96398
9782.86,SYN.BTC-2AUG19,1564138740430,open,0.48,0.0,0.424,0.542,0.48291834,124.09,None,0.0,BTC-2AUG19-14500-P,9774.39,0.0,0.0,0.0,0.0,0.0,0.0,0.45021,-4.0625,-2.70879,2e-05,-0.98698
9782.86,SYN.BTC-2AUG19,1564138740429,open,0.03,424.5,0.0005,0.0645,0.02386695,104.48,0.023,0.0,BTC-2AUG19-9000-P,9774.39,100.23,0.022,15.0,0.024,0.5,104.78,4.3271,-32.87638,-0.51717,0.00023,-0.25677
9817.42,SYN.BTC-30AUG19,1564138740449,open,0.14,141.9,0.0895,0.1795,0.13453256,100.85,0.1325,0.0,BTC-30AUG19-10000-P,9774.39,99.6,0.133,14.4,0.137,0.2,102.86,12.05006,-17.42275,-5.5907,0.00013,-0.46146
219.2,ETH-27DEC19,1564138740690,open,0.24,556.0,0.198,0.277,0.237967,106.41,0.254,0.0,ETH-27DEC19-240-C,216.96,103.66,0.231,120.0,0.241,206.0,107.61,0.55491,-0.19187,0.32053,0.00257,0.58483
217.35,ETH-27SEP19,1564138740690,open,0.17,1000.0,0.132,0.211,0.171623,107.53,0.153,0.0,ETH-27SEP19-220-C,216.96,105.3,0.168,120.0,0.174,186.0,108.99,0.35304,-0.30188,0.15204,0.00403,0.57769
217.35,ETH-27SEP19,1564138740690,open,0.0,739.0,0.001,0.041,0.001139,136.41,0.001,0.0,ETH-27SEP19-60-P,216.96,0.0,0.0,0.0,0.002,550.0,147.61,0.0137,-0.01486,-0.0024,0.00012,-0.00528
217.35,ETH-27SEP19,1564138740692,open,0.11,1707.0,0.073,0.152,0.112396,108.44,0.115,0.0,ETH-27SEP19-260-C,216.96,106.36,0.109,120.0,0.115,219.0,110.04,0.35454,-0.30574,0.11941,0.00402,0.43131
217.0,SYN.ETH-2AUG19,1564138740696,open,0.01,512.0,0.001,0.045,0.005445,109.52,0.008,0.0,ETH-2AUG19-270-C,216.96,96.21,0.003,550.0,0.007,250.0,116.41,0.04594,-0.36589,0.00321,0.00473,0.08402
217.35,ETH-27SEP19,1564138740701,open,0.06,7364.0,0.014,0.097,0.055262,107.58,0.052,0.0,ETH-27SEP19-160-P,216.96,103.66,0.051,160.0,0.057,551.0,109.16,0.23802,-0.20363,-0.08868,0.00272,-0.18159
217.18,SYN.ETH-30AUG19,1564138740701,open,0.1,215.0,0.049,0.135,0.091672,108.06,0.096,0.0,ETH-30AUG19-200-P,216.96,103.93,0.087,160.0,0.092,195.0,108.35,0.24585,-0.3809,-0.08948,0.00505,-0.33956
217.35,ETH-27SEP19,1564138740703,open,0.46,769.0,0.397,0.512,0.454653,109.75,0.391,0.0,ETH-27SEP19-300-P,216.96,98.16,0.438,110.0,0.47,110.0,119.95,0.32076,-0.27994,-0.42644,0.00359,-0.68431
217.18,SYN.ETH-30AUG19,1564138740703,open,0.01,1070.0,0.001,0.047,0.00715,111.7,0.005,0.0,ETH-30AUG19-400-C,216.96,104.81,0.005,500.0,0.009,200.0,116.71,0.07491,-0.11996,0.00997,0.00149,0.05522
217.35,ETH-27SEP19,1564138740709,open,0.54,497.0,0.472,0.594,0.533319,110.56,0.51,0.0,ETH-27SEP19-320-P,216.96,58.14,0.479,25.0,0.55,110.0,122.34,0.29815,-0.26213,-0.47309,0.00331,-0.73023
217.35,ETH-27SEP19,1564138740712,open,0.25,2475.0,0.194,0.293,0.243326,108.11,0.28,0.0,ETH-27SEP19-240-P,216.96,104.89,0.238,120.0,0.248,110.0,110.93,0.35988,-0.30939,-0.2778,0.00409,-0.49864
217.35,ETH-27SEP19,1564138740730,open,0.21,1288.0,0.173,0.252,0.212408,107.58,0.214,0.0,ETH-27SEP19-200-C,216.96,104.69,0.208,120.0,0.218,120.0,111.25,0.33093,-0.28311,0.16719,0.00378,0.65894
217.35,ETH-27SEP19,1564138740730,open,0.02,2986.0,0.001,0.055,0.01551,117.44,0.013,0.0,ETH-27SEP19-480-C,216.96,115.01,0.014,25.0,0.017,641.0,119.72,0.13856,-0.12941,0.02547,0.00145,0.08354
217.35,ETH-27SEP19,1564138740730,open,0.06,2012.0,0.022,0.101,0.061039,110.56,0.069,0.0,ETH-27SEP19-320-C,216.96,108.33,0.058,160.0,0.064,372.0,112.71,0.29815,-0.26213,0.07815,0.00331,0.26977
217.35,ETH-27SEP19,1564138740730,open,0.14,3314.0,0.088,0.177,0.132583,107.58,0.143,0.0,ETH-27SEP19-200-P,216.96,104.57,0.128,160.0,0.137,459.0,110.48,0.33093,-0.28311,-0.17734,0.00378,-0.34106
217.0,SYN.ETH-2AUG19,1564138740730,open,0.08,159.0,0.036,0.115,0.075412,107.49,0.074,0.0,ETH-2AUG19-210-C,216.96,97.14,0.07,150.0,0.078,150.0,112.43,0.11372,-0.88897,0.02212,0.01193,0.61642
217.18,SYN.ETH-30AUG19,1564138740730,open,0.04,269.0,0.001,0.076,0.036457,110.23,0.033,0.0,ETH-30AUG19-300-C,216.96,108.62,0.035,1.0,0.039,553.0,112.99,0.19791,-0.31275,0.03774,0.00398,0.21833
217.0,SYN.ETH-2AUG19,1564138740730,open,0.0,940.0,0.001,0.042,0.002719,107.97,0.005,0.0,ETH-2AUG19-170-P,216.96,90.18,0.001,251.0,0.004,250.0,117.21,0.02701,-0.21204,-0.00185,0.00282,-0.04259
219.2,ETH-27DEC19,1564138740741,open,0.93,16.0,0.848,1.001,0.924608,108.35,1.195,0.0,ETH-27DEC19-400-P,216.96,77.79,0.863,110.0,1.49,1.0,352.27,0.50026,-0.17612,-1.49446,0.00228,-0.69261
217.35,ETH-27SEP19,1564138740741,open,0.0,5660.0,0.001,0.042,0.002024,122.08,0.003,0.0,ETH-27SEP19-760-C,216.96,112.95,0.001,805.0,0.003,199.0,128.04,0.0308,-0.0299,0.00422,0.00031,0.0133
217.05,SYN.ETH-9AUG19,1564138740743,open,0.0,0.087,0.166,0.126406,108.87,None,0.0,ETH-9AUG19-200-C,216.96,102.46,0.122,150.0,0.13,150.0,114.07,0.14962,-0.587,0.04637,0.00767,0.68844
217.0,SYN.ETH-2AUG19,1564138740748,open,0.18,0.0,0.138,0.217,0.177169,107.97,None,0.0,ETH-2AUG19-180-C,216.96,0.0,0.0,0.0,0.0,0.0,0.0,0.0487,-0.38235,0.02992,0.00508,0.90917
219.2,ETH-27DEC19,1564138740750,open,0.62,83.0,0.546,0.674,0.610113,107.1,0.626,0.0,ETH-27DEC19-320-P,216.96,103.51,0.601,30.0,0.621,237.0,111.38,0.55695,-0.19383,-1.09777,0.00257,-0.57782
217.0,SYN.ETH-2AUG19,1564138740750,open,0.22,0.0,0.18,0.259,0.219318,107.97,None,0.0,ETH-2AUG19-170-C,216.96,0.0,0.0,0.0,0.0,0.0,0.0,0.02701,-0.21204,0.03017,0.00282,0.95741
219.2,ETH-27DEC19,1564138740752,open,0.04,552.0,0.002,0.081,0.041759,110.82,0.046,0.0,ETH-27DEC19-600-C,216.96,108.28,0.038,160.0,0.045,110.0,112.93,0.33075,-0.11911,0.09934,0.00147,0.14926
217.35,ETH-27SEP19,1564138740752,open,0.79,259.0,0.712,0.854,0.782808,112.71,0.94,0.0,ETH-27SEP19-380-P,216.96,0.0,0.009,8.0,0.0,0.0,0.0,0.22694,-0.20341,-0.60444,0.00247,-0.83155
217.18,SYN.ETH-30AUG19,1564138740752,open,0.37,0.0,0.328,0.407,0.367089,108.06,None,0.0,ETH-30AUG19-140-C,216.96,0.0,0.0,0.0,0.0,0.0,0.0,0.08939,-0.13848,0.11697,0.00184,0.93076
217.18,SYN.ETH-30AUG19,1564138740759,open,0.15,320.0,0.095,0.185,0.140107,108.06,0.146,0.0,ETH-30AUG19-220-P,216.96,104.71,0.136,120.0,0.145,252.0,112.07,0.26562,-0.41152,-0.12223,0.00545,-0.44894
217.0,SYN.ETH-2AUG19,1564138740759,open,0.1,291.0,0.052,0.139,0.09555,108.26,0.087,0.0,ETH-2AUG19-230-P,216.96,97.51,0.09,150.0,0.098,150.0,112.95,0.11299,-0.88954,-0.02943,0.01177,-0.62445
217.0,SYN.ETH-2AUG19,1564138740771,open,0.0,489.0,0.001,0.041,0.001429,115.67,0.005,0.0,ETH-2AUG19-160-P,216.96,0.0,0.0,0.0,0.003,550.0,132.33,0.01612,-0.13559,-0.00099,0.00157,-0.02281
217.0,SYN.ETH-2AUG19,1564138740773,open,0.02,95.0,0.001,0.054,0.014686,108.75,0.011,0.0,ETH-2AUG19-250-C,216.96,101.32,0.012,200.0,0.016,474.0,112.21,0.08112,-0.64147,0.00721,0.00841,0.19113
217.0,SYN.ETH-2AUG19,1564138740777,open,0.01,315.0,0.001,0.048,0.008964,108.83,0.008,0.0,ETH-2AUG19-260-C,216.96,97.63,0.006,544.0,0.01,350.0,112.35,0.06235,-0.49346,0.00487,0.00646,0.12806
217.0,SYN.ETH-2AUG19,1564138740777,open,0.01,714.0,0.001,0.046,0.006652,107.97,0.009,0.0,ETH-2AUG19-180-P,216.96,100.15,0.005,10.0,0.008,546.0,113.74,0.0487,-0.38235,-0.00398,0.00508,-0.09083
219.2,ETH-27DEC19,1564138740780,open,0.1,541.0,0.06,0.139,0.099791,108.35,0.099,0.0,ETH-27DEC19-400-C,216.96,105.79,0.094,150.0,0.105,262.0,110.62,0.50026,-0.17612,0.19184,0.00228,0.30739
217.35,ETH-27SEP19,1564138740780,open,0.26,779.0,0.222,0.301,0.261306,107.58,0.227,0.0,ETH-27SEP19-180-C,216.96,0.0,0.0,0.0,0.609,10.0,379.44,0.2922,-0.24997,0.17949,0.00334,0.74071
217.35,ETH-27SEP19,1564138740782,open,0.09,1914.0,0.052,0.131,0.091661,109.32,0.091,0.0,ETH-27SEP19-280-C,216.96,106.97,0.088,160.0,0.095,345.0,111.44,0.34066,-0.29614,0.10428,0.00383,0.37018
217.18,SYN.ETH-30AUG19,1564138740784,open,0.1,1401.0,0.054,0.133,0.093695,108.46,0.105,0.0,ETH-30AUG19-240-C,216.96,105.44,0.09,120.0,0.097,207.0,111.17,0.26555,-0.41293,0.07355,0.00543,0.44812
217.35,ETH-27SEP19,1564138740786,open,0.63,0.0,0.594,0.673,0.633895,115.93,None,0.0,ETH-27SEP19-80-C,216.96,0.0,0.003,10.0,0.0,0.0,0.0,0.02453,-0.02261,0.13324,0.00026,0.98977
219.2,ETH-27DEC19,1564138740792,open,0.08,668.0,0.043,0.122,0.082641,108.97,0.087,0.0,ETH-27DEC19-440-C,216.96,106.29,0.077,150.0,0.088,110.0,111.47,0.46529,-0.16475,0.1676,0.00211,0.26401
217.35,ETH-27SEP19,1564138740792,open,0.0,3088.0,0.001,0.043,0.003549,121.46,0.003,0.0,ETH-27SEP19-680-C,216.96,112.98,0.002,300.0,0.005,400.0,127.33,0.04769,-0.04606,0.00698,0.00048,0.02219
217.18,SYN.ETH-30AUG19,1564138740792,open,0.29,0.0,0.252,0.331,0.291061,108.06,None,0.0,ETH-30AUG19-160-C,216.96,0.0,0.0,0.0,0.0,0.0,0.0,0.1492,-0.23115,0.11812,0.00306,0.86031
219.2,ETH-27DEC19,1564138740794,open,1.96,0.0,1.838,2.073,1.955745,111.39,None,0.0,ETH-27DEC19-640-P,216.96,0.0,0.0,0.0,0.0,0.0,0.0,0.30329,-0.10977,-2.60999,0.00134,-0.86862
217.18,SYN.ETH-30AUG19,1564138740794,open,0.17,147.0,0.131,0.21,0.170762,108.06,0.177,0.0,ETH-30AUG19-200-C,216.96,103.85,0.166,1.0,0.174,240.0,110.92,0.24585,-0.3809,0.10161,0.00505,0.66044
217.35,ETH-27SEP19,1564138740797,open,0.19,2068.0,0.137,0.231,0.183815,107.53,0.22,0.0,ETH-27SEP19-220-P,216.96,104.57,0.179,120.0,0.188,110.0,110.11,0.35304,-0.30188,-0.22694,0.00403,-0.42231
217.0,SYN.ETH-2AUG19,1564138740797,open,0.0,6.0,0.001,0.043,0.003207,109.91,0.009,0.0,ETH-2AUG19-280-C,216.96,89.97,0.001,251.0,0.005,650.0,120.51,0.03229,-0.25812,0.00205,0.00331,0.05325
219.2,ETH-27DEC19,1564138740804,open,0.34,692.0,0.28,0.386,0.332858,106.41,0.349,0.0,ETH-27DEC19-240-P,216.96,103.31,0.325,30.0,0.34,245.0,109.24,0.55491,-0.19187,-0.69125,0.00257,-0.41517
217.18,SYN.ETH-30AUG19,1564138740806,open,0.02,1860.0,0.001,0.053,0.013972,111.66,0.012,0.0,ETH-30AUG19-360-C,216.96,107.84,0.012,200.0,0.016,500.0,115.32,0.11629,-0.18616,0.01749,0.00231,0.09823
217.35,ETH-27SEP19,1564138740814,open,0.32,392.0,0.28,0.359,0.319122,107.58,0.51,0.0,ETH-27SEP19-160-C,216.96,0.0,0.1,10.0,0.0,0.0,0.0,0.23802,-0.20363,0.18694,0.00272,0.81841
217.35,ETH-27SEP19,1564138740814,open,0.01,4512.0,0.001,0.045,0.004943,107.58,0.007,0.0,ETH-27SEP19-100-P,216.96,98.37,0.003,1.0,0.006,500.0,111.72,0.05252,-0.04493,-0.01117,0.0006,-0.02488
219.2,ETH-27DEC19,1564138740816,open,0.05,168.0,0.01,0.089,0.049204,110.52,0.053,0.0,ETH-27DEC19-560-C,216.96,107.93,0.045,150.0,0.053,109.0,112.78,0.36219,-0.13007,0.11302,0.00162,0.1715
217.0,SYN.ETH-2AUG19,1564138740818,open,0.03,266.0,0.001,0.066,0.025736,107.51,0.026,0.0,ETH-2AUG19-200-P,216.96,99.1,0.022,200.0,0.028,421.0,112.5,0.09763,-0.76327,-0.0119,0.01024,-0.26541
217.35,ETH-27SEP19,1564138740820,open,2.33,0.0,2.183,2.447,2.315243,121.46,None,0.0,ETH-27SEP19-720-P,216.96,0.0,0.0,0.0,0.0,0.0,0.0,0.03773,-0.03644,-1.23496,0.00038,-0.98316
217.35,ETH-27SEP19,1564138740824,open,0.31,1264.0,0.257,0.36,0.308624,108.44,0.357,0.0,ETH-27SEP19-260-P,216.96,104.99,0.303,120.0,0.315,230.0,112.35,0.35454,-0.30574,-0.32848,0.00402,-0.56869
217.05,SYN.ETH-9AUG19,1564138740824,open,0.0,0.006,0.089,0.047869,108.87,None,0.0,ETH-9AUG19-200-P,216.96,103.24,0.044,200.0,0.051,398.0,113.4,0.14962,-0.587,-0.02966,0.00767,-0.31156
217.0,SYN.ETH-2AUG19,1564138740826,open,0.11,251.0,0.065,0.144,0.104088,107.51,0.096,0.0,ETH-2AUG19-200-C,216.96,95.99,0.099,50.0,0.107,50.0,113.92,0.09763,-0.76327,0.02577,0.01024,0.73459
217.35,ETH-27SEP19,1564138740828,open,0.72,0.0,0.686,0.765,0.725086,136.41,0.01,0.0,ETH-27SEP19-60-C,216.96,0.0,0.003,10.0,0.0,0.0,0.0,0.0137,-0.01486,0.10095,0.00012,0.99472
219.2,ETH-27DEC19,1564138740834,open,0.47,442.0,0.407,0.524,0.465587,106.76,0.485,0.0,ETH-27DEC19-280-P,216.96,103.45,0.457,150.0,0.473,222.0,109.63,0.56778,-0.19697,-0.89471,0.00263,-0.50261
217.18,SYN.ETH-30AUG19,1564138740834,open,0.01,557.0,0.001,0.052,0.011727,108.06,0.011,0.0,ETH-30AUG19-140-P,216.96,101.04,0.009,500.0,0.013,350.0,111.09,0.08939,-0.13848,-0.0168,0.00184,-0.06924
217.18,SYN.ETH-30AUG19,1564138740834,open,0.06,809.0,0.012,0.096,0.054132,108.06,0.053,0.0,ETH-30AUG19-180-P,216.96,103.67,0.05,388.0,0.054,196.0,107.92,0.20531,-0.31808,-0.05958,0.00422,-0.23297
217.18,SYN.ETH-30AUG19,1564138740836,open,0.07,161.0,0.029,0.108,0.068396,108.82,0.06,0.0,ETH-30AUG19-260-C,216.96,105.86,0.065,160.0,0.07,2.0,110.21,0.25039,-0.39064,0.05986,0.00511,0.35687
219.2,ETH-27DEC19,1564138740838,open,0.5,0.0,0.464,0.543,0.503814,105.72,None,0.0,ETH-27DEC19-120-C,216.96,0.0,0.001,1200.0,0.99,5.0,500.0,0.26946,-0.09256,0.3559,0.00126,0.88895
219.2,ETH-27DEC19,1564138740840,open,0.15,195.0,0.111,0.19,0.150259,107.1,0.16,0.0,ETH-27DEC19-320-C,216.96,104.64,0.144,140.0,0.155,237.0,108.97,0.55695,-0.19383,0.25128,0.00257,0.42218
219.2,ETH-27DEC19,1564138740840,open,0.3,91.0,0.263,0.342,0.302791,105.72,0.328,0.0,ETH-27DEC19-200-C,216.96,102.79,0.296,30.0,0.311,30.0,109.28,0.5068,-0.1741,0.35156,0.00237,0.68323
219.2,ETH-27DEC19,1564138740842,open,0.19,307.0,0.149,0.228,0.188215,106.76,0.197,0.0,ETH-27DEC19-280-C,216.96,104.37,0.182,120.0,0.192,222.0,108.23,0.56778,-0.19697,0.28571,0.00263,0.49739
219.2,ETH-27DEC19,1564138740842,open,0.22,1842.0,0.167,0.263,0.2152,105.72,0.229,0.0,ETH-27DEC19-200-P,216.96,103.04,0.209,40.0,0.221,287.0,108.23,0.5068,-0.1741,-0.49159,0.00237,-0.31677
217.0,SYN.ETH-2AUG19,1564138740842,open,0.31,0.0,0.27,0.349,0.309703,128.05,None,0.0,ETH-2AUG19-150-C,216.96,0.0,0.0,0.0,0.0,0.0,0.0,0.01082,-0.10078,0.02763,0.00095,0.9857
217.35,ETH-27SEP19,1564138740844,open,0.54,0.0,0.505,0.584,0.544856,107.58,None,0.0,ETH-27SEP19-100-C,216.96,0.0,0.003,10.0,0.0,0.0,0.0,0.05252,-0.04493,0.16109,0.0006,0.97512
219.2,ETH-27DEC19,1564138740846,open,0.03,189.0,0.001,0.071,0.03123,111.88,0.035,0.0,ETH-27DEC19-680-C,216.96,109.26,0.028,50.0,0.035,50.0,114.77,0.27794,-0.10104,0.07832,0.00123,0.11599
217.18,SYN.ETH-30AUG19,1564138740846,open,0.05,139.0,0.011,0.09,0.050096,109.65,0.055,0.0,ETH-30AUG19-280-C,216.96,106.66,0.047,160.0,0.053,375.0,112.42,0.22633,-0.3558,0.0479,0.00458,0.2809
217.0,SYN.ETH-2AUG19,1564138740848,open,0.02,222.0,0.001,0.054,0.013828,107.51,0.014,0.0,ETH-2AUG19-190-P,216.96,98.91,0.011,200.0,0.015,464.0,110.91,0.07391,-0.57785,-0.00731,0.00775,-0.16494
219.2,ETH-27DEC19,1564138740850,open,0.06,527.0,0.018,0.097,0.05785,109.93,0.062,0.0,ETH-27DEC19-520-C,216.96,107.76,0.054,40.0,0.062,109.0,112.2,0.3945,-0.14092,0.12833,0.00177,0.19672
217.35,ETH-27SEP19,1564138740850,open,0.09,5362.0,0.046,0.133,0.089464,107.58,0.087,0.0,ETH-27SEP19-180-P,216.96,104.25,0.085,160.0,0.092,348.0,109.46,0.2922,-0.24997,-0.13058,0.00334,-0.25929
217.35,ETH-27SEP19,1564138740850,open,0.39,191.0,0.347,0.426,0.38611,107.58,0.5,0.0,ETH-27SEP19-140-C,216.96,0.0,0.01,50.0,0.0,0.0,0.0,0.17342,-0.14836,0.18737,0.00198,0.88655
217.35,ETH-27SEP19,1564138740854,open,0.08,3021.0,0.035,0.114,0.07439,109.75,0.076,0.0,ETH-27SEP19-300-C,216.96,107.44,0.071,160.0,0.077,249.0,111.51,0.32076,-0.27994,0.09035,0.00359,0.31569
217.35,ETH-27SEP19,1564138740858,open,0.04,1696.0,0.002,0.081,0.041523,112.01,0.039,0.0,ETH-27SEP19-360-C,216.96,109.8,0.039,160.0,0.044,282.0,114.14,0.25015,-0.22283,0.05816,0.00274,0.19686
219.2,ETH-27DEC19,1564138740858,open,0.03,802.0,0.001,0.067,0.027187,112.32,0.031,0.0,ETH-27DEC19-720-C,216.96,109.48,0.024,50.0,0.031,50.0,115.49,0.25473,-0.09297,0.06981,0.00112,0.10273
217.35,ETH-27SEP19,1564138740860,open,0.14,1949.0,0.1,0.179,0.139116,108.11,0.138,0.0,ETH-27SEP19-240-C,216.96,105.62,0.135,120.0,0.141,203.0,109.24,0.35988,-0.30939,0.13563,0.00409,0.50136
217.18,SYN.ETH-30AUG19,1564138740860,open,0.02,1513.0,0.001,0.059,0.019144,111.09,0.024,0.0,ETH-30AUG19-340-C,216.96,107.69,0.017,200.0,0.021,320.0,113.89,0.14085,-0.22433,0.02269,0.00281,0.12847
217.35,ETH-27SEP19,1564138740862,open,0.05,1836.0,0.011,0.09,0.050229,111.29,0.047,0.0,ETH-27SEP19-340-C,216.96,108.71,0.047,160.0,0.053,383.0,113.47,0.27415,-0.24263,0.06744,0.00303,0.23035
9791.5,SYN.BTC-9AUG19,1564138740861,open,0.0,0.084,0.1635,0.12359907,102.7,None,0.0,BTC-9AUG19-9000-C,9774.39,95.14,0.1185,18.0,0.1265,28.5,106.96,6.6494,-24.60727,2.14122,0.00018,0.69884
217.18,SYN.ETH-30AUG19,1564138740864,open,0.23,757.0,0.186,0.265,0.225312,108.06,0.204,0.0,ETH-30AUG19-180-C,216.96,83.42,0.203,120.0,0.241,120.0,124.35,0.20531,-0.31808,0.11241,0.00422,0.76703
9782.86,SYN.BTC-2AUG19,1564138740865,open,0.11,3.9,0.064,0.1435,0.10389312,104.49,0.1335,0.0,BTC-2AUG19-9000-C,9774.39,93.2,0.099,9.0,0.1045,6.0,105.86,4.32719,-32.87906,1.17819,0.00023,0.74322
217.18,SYN.ETH-30AUG19,1564138740867,open,0.13,116.0,0.088,0.167,0.127105,108.06,0.125,0.0,ETH-30AUG19-220-C,216.96,103.89,0.122,300.0,0.13,180.0,110.43,0.26562,-0.41152,0.08798,0.00545,0.55106
9817.42,SYN.BTC-30AUG19,1564138740884,open,0.14,141.9,0.0895,0.1795,0.13453256,100.85,0.1325,0.0,BTC-30AUG19-10000-P,9774.39,100.01,0.1335,14.4,0.137,0.2,102.86,12.05006,-17.42275,-5.5907,0.00013,-0.46146
217.05,SYN.ETH-9AUG19,1564138740913,open,0.0,0.061,0.14,0.100149,108.56,None,0.0,ETH-9AUG19-210-C,216.96,103.04,0.096,150.0,0.104,302.0,113.68,0.16314,-0.63817,0.04151,0.00839,0.60324
9987.0,BTC-27DEC19,1564138740923,open,0.32,179.0,0.2675,0.373,0.32026364,99.7,0.3245,0.0,BTC-27DEC19-11000-P,9774.39,98.62,0.3175,3.6,0.326,5.0,101.95,25.47866,-8.25423,-31.62039,6e-05,-0.43076
9791.5,SYN.BTC-9AUG19,1564138741085,open,0.0,0.0545,0.134,0.09406106,102.33,None,0.0,BTC-9AUG19-9500-C,9774.39,96.28,0.0895,0.2,0.0955,1.5,104.24,7.37962,-27.21172,1.88022,0.0002,0.59918
9791.5,SYN.BTC-9AUG19,1564138741087,open,0.0,0.0545,0.134,0.09406106,102.33,None,0.0,BTC-9AUG19-9500-C,9774.39,96.28,0.0895,0.2,0.095,10.0,103.58,7.37962,-27.21172,1.88022,0.0002,0.59918
217.05,SYN.ETH-9AUG19,1564138741097,open,0.0,0.039,0.118,0.078116,108.42,None,0.0,ETH-9AUG19-220-C,216.96,103.12,0.074,150.0,0.081,177.0,112.13,0.16868,-0.65899,0.03618,0.00869,0.51665
217.05,SYN.ETH-9AUG19,1564138741188,open,0.0,0.049,0.135,0.091725,108.42,None,0.0,ETH-9AUG19-220-P,216.96,103.63,0.088,150.0,0.096,284.0,113.92,0.16868,-0.65899,-0.04745,0.00869,-0.48335
217.05,SYN.ETH-9AUG19,1564138741368,open,0.0,0.076,0.164,0.119804,108.48,None,0.0,ETH-9AUG19-230-P,216.96,103.51,0.116,150.0,0.125,150.0,115.25,0.16645,-0.65067,-0.05666,0.00857,-0.56683
9791.5,SYN.BTC-9AUG19,1564138741368,open,15.0,0.011,0.0905,0.05070159,101.75,0.054,0.0,BTC-9AUG19-10500-C,9774.39,96.82,0.047,1.0,0.051,0.2,102.15,7.37646,-27.04654,1.30078,0.0002,0.40016
217.05,SYN.ETH-9AUG19,1564138741541,open,0.0,0.106,0.197,0.151478,108.67,None,0.0,ETH-9AUG19-240-P,216.96,0.0,0.0,0.0,0.0,0.0,0.0,0.15774,-0.61771,-0.06562,0.00811,-0.64376
217.05,SYN.ETH-9AUG19,1564138741632,open,0.0,0.001,0.074,0.034384,108.9,None,0.0,ETH-9AUG19-250-C,216.96,103.76,0.031,200.0,0.038,448.0,114.28,0.14436,-0.5665,0.02092,0.0074,0.28789
9791.52,SYN.BTC-9AUG19,1564138741696,open,0.0,0.047,0.134,0.09045866,101.12,None,0.0,BTC-9AUG19-10000-P,9774.39,97.31,0.0875,18.0,0.0935,0.2,105.03,7.61598,-27.75002,-2.21017,0.00021,-0.50331
217.05,SYN.ETH-9AUG19,1564138741719,open,0.0,0.139,0.233,0.186213,108.9,None,0.0,ETH-9AUG19-250-P,216.96,0.0,0.0,0.0,0.0,0.0,0.0,0.14436,-0.5665,-0.07412,0.0074,-0.71211
217.05,SYN.ETH-9AUG19,1564138741800,open,2.0,0.001,0.065,0.025655,109.25,0.022,0.0,ETH-9AUG19-260-C,216.96,104.69,0.023,200.0,0.029,466.0,114.81,0.12827,-0.50496,0.0168,0.00656,0.22928
9791.52,SYN.BTC-9AUG19,1564138741886,open,50.5,0.0005,0.052,0.01227848,103.01,0.011,0.0,BTC-9AUG19-12500-C,9774.39,99.88,0.011,6.5,0.0125,30.0,103.54,4.08815,-15.17455,0.44681,0.00011,0.13231
217.05,SYN.ETH-9AUG19,1564138741886,open,0.0,0.175,0.272,0.223557,109.25,None,0.0,ETH-9AUG19-260-P,216.96,0.0,0.0,0.0,0.0,0.0,0.0,0.12827,-0.50496,-0.08204,0.00656,-0.77072
9791.52,SYN.BTC-9AUG19,1564138742012,open,0.0,0.119,0.1985,0.15857326,103.37,None,0.0,BTC-9AUG19-8500-C,9774.39,0.0,0.0,0.0,0.0,0.0,0.0,5.51906,-20.55789,2.34625,0.00015,0.78889
217.05,SYN.ETH-9AUG19,1564138742062,open,0.0,0.213,0.313,0.262822,109.33,None,0.0,ETH-9AUG19-270-P,216.96,0.0,0.0,0.0,0.0,0.0,0.0,0.11082,-0.4366,-0.08939,0.00566,-0.82057
9791.52,SYN.BTC-9AUG19,1564138742316,open,15.0,0.011,0.0905,0.05070159,101.75,0.054,0.0,BTC-9AUG19-10500-C,9774.39,96.82,0.047,1.0,0.052,10.0,103.47,7.37647,-27.0458,1.30079,0.0002,0.40016
217.05,SYN.ETH-9AUG19,1564138742323,open,10.0,0.001,0.05,0.010004,109.8,0.008,0.0,ETH-9AUG19-290-C,216.96,103.91,0.008,250.0,0.012,550.0,115.15,0.07764,-0.30718,0.00795,0.00395,0.1063
9791.52,SYN.BTC-9AUG19,1564138742358,open,15.0,0.011,0.0905,0.05070159,101.75,0.054,0.0,BTC-9AUG19-10500-C,9774.39,96.82,0.047,1.0,0.0515,10.0,102.81,7.37647,-27.0458,1.30079,0.0002,0.40016
9852.0,BTC-27SEP19,1564138742428,open,0.55,289.7,0.5075,0.587,0.54711742,103.72,0.588,0.0,BTC-27SEP19-4500-C,9774.23,0.0,0.4895,7.0,0.605,7.0,218.49,2.05528,-1.69526,7.33125,1e-05,0.9791
9987.0,BTC-27DEC19,1564138742428,open,0.8,0.0,0.7615,0.841,0.80102877,110.11,None,0.0,BTC-27DEC19-2000-C,9774.23,0.0,0.733,8.0,0.8685,8.0,286.02,0.8654,-0.30964,8.18486,0.0,0.99543
9987.0,BTC-27DEC19,1564138742428,open,0.03,92.2,0.0005,0.0715,0.03195315,105.58,0.041,0.0,BTC-27DEC19-28000-C,9774.23,104.46,0.0305,8.0,0.0335,6.0,106.73,13.18253,-4.52231,3.82431,3e-05,0.12279
9987.0,BTC-27DEC19,1564138742428,open,0.72,7.1,0.6485,0.7855,0.71701733,102.46,0.491,0.0,BTC-27DEC19-16000-P,9774.23,76.42,0.6585,3.0,0.7805,3.0,127.85,24.10497,-8.02495,-57.40767,6e-05,-0.64649
9987.0,BTC-27DEC19,1564138742428,open,0.37,93.7,0.326,0.4055,0.36557374,98.85,0.346,0.0,BTC-27DEC19-7500-C,9774.23,70.62,0.3125,8.0,0.3835,8.0,108.11,19.27538,-6.19151,17.38502,5e-05,0.77849
9987.0,BTC-27DEC19,1564138742428,open,1.27,3.9,1.1705,1.351,1.26058722,104.07,0.752,0.0,BTC-27DEC19-22000-P,9774.23,0.0,0.006,2.0,2.051,0.3,500.0,18.31697,-6.19403,-86.63022,4e-05,-0.79699
9987.0,BTC-27DEC19,1564138742428,open,0.05,254.5,0.0075,0.087,0.04701307,104.63,0.0495,0.0,BTC-27DEC19-24000-C,9774.23,103.71,0.0455,8.0,0.049,4.9,105.83,16.46058,-5.59645,5.21317,4e-05,0.17083
9987.0,BTC-27DEC19,1564138742428,open,0.25,457.3,0.2115,0.291,0.25124566,98.85,0.25,0.0,BTC-27DEC19-10000-C,9774.23,97.33,0.2475,8.0,0.2545,5.0,100.18,24.58673,-7.89759,15.74027,6e-05,0.6251
9852.0,BTC-27SEP19,1564138742428,open,0.41,713.5,0.3705,0.45,0.41001781,101.49,0.41,0.0,BTC-27SEP19-6000-C,9774.23,0.0,0.3575,3.5,0.415,3.6,109.01,6.22616,-5.02482,8.6113,4e-05,0.91742
9852.0,BTC-27SEP19,1564138742430,open,0.0,309.9,0.0005,0.044,0.00387747,103.72,0.005,0.0,BTC-27SEP19-4500-P,9774.23,99.2,0.003,24.0,0.005,43.9,108.71,2.05528,-1.69526,-0.42055,1e-05,-0.0209
9852.0,BTC-27SEP19,1564138742429,open,0.01,385.2,0.0005,0.049,0.00913644,107.1,0.009,0.0,BTC-27SEP19-22000-C,9774.23,104.6,0.008,7.0,0.01,24.0,108.89,4.64511,-3.9562,0.8035,3e-05,0.05648
9986.84,BTC-27DEC19,1564138742430,open,0.01,812.4,0.0005,0.0455,0.00556118,110.16,0.0065,0.0,BTC-27DEC19-52000-C,9774.23,107.23,0.0045,8.0,0.0065,9.9,112.46,3.8709,-1.38563,0.84536,1e-05,0.02564
9852.0,BTC-27SEP19,1564138742429,open,0.67,0.0,0.6315,0.711,0.67137397,119.91,None,0.0,BTC-27SEP19-3250-C,9774.23,0.0,0.6085,7.0,0.7335,7.0,296.99,0.75852,-0.72328,5.46485,0.0,0.99338
9986.84,BTC-27DEC19,1564138742429,open,0.34,205.5,0.2995,0.379,0.33905636,98.86,0.359,0.0,BTC-27DEC19-8000-C,9774.23,87.72,0.316,8.0,0.386,8.0,121.52,20.71603,-6.65448,17.19486,5e-05,0.74746
9791.52,SYN.BTC-9AUG19,1564138742428,open,0.0,0.0005,0.048,0.00824866,103.01,None,0.0,BTC-9AUG19-13000-C,9774.23,97.39,0.0065,3.0,0.0085,30.0,103.77,3.22581,-11.97372,0.32278,9e-05,0.09496
9986.84,BTC-27DEC19,1564138742430,open,0.02,85.5,0.0005,0.062,0.02139676,98.85,0.0225,0.0,BTC-27DEC19-4500-P,9774.23,95.64,0.019,6.0,0.0215,5.0,98.99,7.62636,-2.44965,-3.38617,2e-05,-0.05903
9986.84,BTC-27DEC19,1564138742430,open,0.49,59.5,0.4535,0.533,0.49317757,98.86,0.49,0.0,BTC-27DEC19-5500-C,9774.23,77.6,0.4705,8.0,0.5465,8.0,139.45,11.83962,-3.80325,16.89234,3e-05,0.8944
9851.84,BTC-27SEP19,1564138742431,open,0.52,13.5,0.483,0.5625,0.52298524,102.52,0.382,0.0,BTC-27SEP19-4750-C,9774.23,0.0,0.4665,7.0,0.5795,7.0,206.27,2.54714,-2.07667,7.63754,1e-05,0.97302
9851.84,BTC-27SEP19,1564138742431,open,0.01,396.2,0.0005,0.052,0.01177011,101.49,0.0115,0.0,BTC-27SEP19-5500-P,9774.23,98.68,0.0105,24.0,0.0125,5.0,103.03,4.57551,-3.69258,-1.14014,3e-05,-0.05541
9986.84,BTC-27DEC19,1564138742431,open,0.53,62.4,0.491,0.5705,0.53082849,98.86,0.533,0.0,BTC-27DEC19-5000-C,9774.23,71.51,0.509,8.0,0.586,8.0,146.96,9.72589,-3.12429,16.34524,2e-05,0.91906
9986.84,BTC-27DEC19,1564138742431,open,0.0,171.8,0.0005,0.0405,0.00049843,115.37,0.0005,0.0,BTC-27DEC19-1500-P,9774.23,0.0,0.0,0.0,0.001,12.0,125.51,0.37994,-0.14243,-0.09819,0.0,-0.00183
9851.84,BTC-27SEP19,1564138742431,open,0.5,790.2,0.4595,0.539,0.49931884,101.93,0.498,0.0,BTC-27SEP19-5000-C,9774.23,0.0,0.4435,7.0,0.555,7.0,196.07,3.14351,-2.54795,7.90674,2e-05,0.96522
9782.88,SYN.BTC-2AUG19,1564138742431,open,0.19,1.0,0.138,0.2325,0.18535993,103.7,0.1445,0.0,BTC-2AUG19-11500-P,9774.23,0.0,0.1435,2.0,0.1915,2.0,121.66,3.03796,-22.90964,-1.92012,0.00016,-0.85657
9851.84,BTC-27SEP19,1564138742431,open,0.21,377.9,0.1665,0.246,0.20644367,101.49,0.209,0.0,BTC-27SEP19-9000-C,9774.23,98.22,0.2015,19.4,0.207,7.0,101.86,14.90198,-12.02722,7.77694,9e-05,0.66469
9791.52,SYN.BTC-9AUG19,1564138742428,open,0.0,0.0005,0.044,0.00407151,107.39,None,0.0,BTC-9AUG19-7000-P,9774.23,100.98,0.003,30.0,0.005,12.1,112.24,1.77279,-6.86042,-0.17844,5e-05,-0.04387
9782.88,SYN.BTC-2AUG19,1564138742430,open,0.0,115.5,0.0005,0.041,0.00127487,113.28,0.0015,0.0,BTC-2AUG19-13500-C,9774.23,109.33,0.001,112.0,0.0015,30.0,116.12,0.73413,-6.04746,0.04021,4e-05,0.02309
9986.84,BTC-27DEC19,1564138742432,open,0.07,542.1,0.0325,0.112,0.07203971,103.68,0.0745,0.0,BTC-27DEC19-20000-C,9774.23,102.67,0.07,9.0,0.074,4.9,104.64,20.31741,-6.84459,7.21911,5e-05,0.24351
9986.84,BTC-27DEC19,1564138742432,open,0.03,246.7,0.0005,0.0725,0.03147933,98.85,0.033,0.0,BTC-27DEC19-5000-P,9774.23,95.74,0.0285,7.0,0.0315,6.0,98.87,9.72503,-3.12375,-4.73289,2e-05,-0.08093
9986.84,BTC-27DEC19,1564138742431,open,4.22,1.0,4.004,4.4205,4.21232998,109.95,4.454,0.0,BTC-27DEC19-52000-P,9774.23,0.0,0.001,1.0,6.0,1.0,500.0,3.83151,-1.36884,-218.3844,1e-05,-0.97467
9986.84,BTC-27DEC19,1564138742432,open,0.09,389.0,0.052,0.1315,0.09152408,103.57,0.094,0.0,BTC-27DEC19-18000-C,9774.23,103.11,0.0905,0.1,0.0925,4.9,104.0,22.36119,-7.52514,8.55227,5e-05,0.29465
9986.84,BTC-27DEC19,1564138742431,open,0.55,16.0,0.487,0.6105,0.54873544,101.38,0.5665,0.0,BTC-27DEC19-14000-P,9774.23,94.97,0.5325,8.0,0.5735,8.0,111.05,25.43452,-8.37889,-47.22758,6e-05,-0.573
9782.88,SYN.BTC-2AUG19,1564138742428,open,0.34,0.0,0.2965,0.376,0.33607335,128.57,None,0.0,BTC-2AUG19-6500-C,9774.23,0.0,0.2865,3.0,0.384,3.0,370.13,0.29701,-2.77682,1.20862,1e-05,0.99192
9851.84,BTC-27SEP19,1564138742432,open,1.05,0.0,0.9625,1.1255,1.04411911,106.07,None,0.0,BTC-27SEP19-20000-P,9774.23,0.0,0.005,10.0,1.617,0.2,500.0,6.22373,-5.24982,-33.29001,4e-05,-0.91746
9986.84,BTC-27DEC19,1564138742432,open,2.23,0.3,2.098,2.3555,2.22669948,106.48,1.875,0.0,BTC-27DEC19-32000-P,9774.23,0.0,0.001,1.0,0.0,0.0,0.0,10.55956,-3.65347,-132.04775,2e-05,-0.90966
9986.84,BTC-27DEC19,1564138742433,open,0.0,208.8,0.0005,0.042,0.00204954,101.62,0.0015,0.0,BTC-27DEC19-2500-P,9774.23,92.01,0.001,22.0,0.003,10.0,107.8,1.3538,-0.44701,-0.40498,0.0,-0.00757
9851.84,BTC-27SEP19,1564138742433,open,0.16,772.4,0.121,0.2005,0.16065352,101.49,0.158,0.0,BTC-27SEP19-10000-C,9774.23,99.25,0.157,14.4,0.163,7.0,102.93,16.06417,-12.96511,6.93907,9e-05,0.56953
9851.84,BTC-27SEP19,1564138742433,open,0.33,752.2,0.291,0.3705,0.33077018,101.5,0.326,0.0,BTC-27SEP19-7000-C,9774.23,0.0,0.2805,3.5,0.3485,3.5,118.77,9.67753,-7.8109,8.75386,6e-05,0.84658
9986.84,BTC-27DEC19,1564138742433,open,0.14,242.5,0.0945,0.1855,0.14009771,98.85,0.137,0.0,BTC-27DEC19-8000-P,9774.23,96.88,0.136,4.9,0.1415,6.0,99.53,20.71601,-6.65406,-16.53075,5e-05,-0.25254
9851.84,BTC-27SEP19,1564138742433,open,0.0,426.3,0.0005,0.041,0.00127346,112.55,0.0025,0.0,BTC-27SEP19-3500-P,9774.23,100.07,0.0005,55.0,0.002,39.0,120.08,0.81302,-0.72764,-0.14315,0.0,-0.00716
9986.84,BTC-27DEC19,1564138742433,open,0.12,282.6,0.075,0.1545,0.11493463,102.46,0.1155,0.0,BTC-27DEC19-16000-C,9774.23,100.82,0.111,8.0,0.117,4.9,103.31,24.10452,-8.02492,10.04441,6e-05,0.35351
9851.84,BTC-27SEP19,1564138742433,open,0.01,287.4,0.0005,0.0455,0.00585321,107.46,0.006,0.0,BTC-27SEP19-24000-C,9774.23,104.85,0.005,7.0,0.0065,2.0,109.28,3.38568,-2.89324,0.54702,2e-05,0.03809
9791.52,SYN.BTC-9AUG19,1564138742428,open,0.0,0.0785,0.1675,0.12306056,101.75,None,0.0,BTC-9AUG19-10500-P,9774.23,97.01,0.1195,18.0,0.1275,0.2,107.63,7.37649,-27.04666,-2.69084,0.0002,-0.59984
9986.84,BTC-27DEC19,1564138742434,open,0.46,122.9,0.418,0.4975,0.45787363,98.86,0.502,0.0,BTC-27DEC19-6000-C,9774.23,81.44,0.435,8.0,0.509,8.0,133.39,13.89796,-4.46442,17.24678,3e-05,0.86751
9986.84,BTC-27DEC19,1564138742434,open,0.9,12.4,0.8185,0.9695,0.89386713,103.55,0.559,0.0,BTC-27DEC19-18000-P,9774.23,68.69,0.828,3.0,0.962,3.0,132.03,22.35938,-7.52359,-67.33261,5e-05,-0.7054
9817.44,SYN.BTC-30AUG19,1564138742430,open,0.08,153.3,0.039,0.125,0.08180506,101.01,0.08,0.0,BTC-30AUG19-9000-P,9774.23,99.4,0.08,19.3,0.0835,4.0,102.52,11.01589,-15.95323,-3.88122,0.00012,-0.33195
9851.84,BTC-27SEP19,1564138742435,open,0.02,336.0,0.0005,0.062,0.02227244,105.27,0.0215,0.0,BTC-27SEP19-18000-C,9774.23,103.74,0.021,24.0,0.023,0.2,106.12,8.31357,-6.95924,1.70615,5e-05,0.12281
9851.84,BTC-27SEP19,1564138742435,open,0.4,31.5,0.3405,0.4515,0.39607055,103.67,0.3995,0.0,BTC-27SEP19-13000-P,9774.23,94.52,0.3825,7.5,0.4,0.2,106.26,14.87631,-12.26368,-18.02714,9e-05,-0.66616
9817.44,SYN.BTC-30AUG19,1564138742428,open,0.23,21.0,0.1885,0.268,0.22821637,101.01,0.2375,0.0,BTC-30AUG19-8000-C,9774.23,0.0,0.1845,3.0,0.23,3.0,103.01,8.70825,-12.61104,5.28426,9e-05,0.79154
9782.88,SYN.BTC-2AUG19,1564138742430,open,0.29,0.0,0.2455,0.325,0.2854568,118.44,None,0.0,BTC-2AUG19-7000-C,9774.23,0.0,0.238,3.0,0.3315,3.0,319.94,0.54219,-4.66998,1.28701,3e-05,0.98384
9986.84,BTC-27DEC19,1564138742435,open,0.39,54.4,0.3545,0.434,0.3941487,98.86,0.4345,0.0,BTC-27DEC19-7000-C,9774.23,66.35,0.34,8.0,0.4015,8.0,103.0,17.64775,-5.66891,17.47014,4e-05,0.80909
9782.88,SYN.BTC-2AUG19,1564138742433,open,0.05,159.5,0.0005,0.0835,0.04195681,102.41,0.0435,0.0,BTC-2AUG19-9500-P,9774.23,96.79,0.039,26.0,0.0435,29.1,105.34,5.15207,-38.36849,-0.79623,0.00028,-0.39011
9817.44,SYN.BTC-30AUG19,1564138742432,open,0.01,70.1,0.0005,0.0515,0.0116611,104.53,0.012,0.0,BTC-30AUG19-16000-C,9774.23,102.12,0.0105,6.0,0.0125,24.0,106.19,4.86663,-7.29316,0.72075,5e-05,0.0885
9791.52,SYN.BTC-9AUG19,1564138742428,open,3.3,0.0295,0.109,0.0691644,101.11,0.0655,0.0,BTC-9AUG19-10000-C,9774.23,96.4,0.0655,1.0,0.0705,10.2,102.83,7.61598,-27.74928,1.59139,0.00021,0.49669
9791.52,SYN.BTC-9AUG19,1564138742428,open,0.0,0.0005,0.056,0.01562297,104.71,None,0.0,BTC-9AUG19-8000-P,9774.23,100.85,0.014,30.0,0.017,12.0,107.87,4.19611,-15.83191,-0.56974,0.00011,-0.13744
9791.52,SYN.BTC-9AUG19,1564138742428,open,0.1,0.0005,0.0675,0.02667338,103.37,0.03,0.0,BTC-9AUG19-8500-P,9774.23,100.38,0.025,24.0,0.027,0.2,103.95,5.51914,-20.55882,-0.8851,0.00015,-0.21111
9782.88,SYN.BTC-2AUG19,1564138742432,open,0.0,212.1,0.0005,0.041,0.00099419,118.47,0.001,0.0,BTC-2AUG19-7000-P,9774.23,107.51,0.0005,32.2,0.0015,2.7,126.43,0.5427,-4.67542,-0.03165,3e-05,-0.01618
9851.84,BTC-27SEP19,1564138742436,open,0.18,253.8,0.129,0.2225,0.17567585,101.48,0.1575,0.0,BTC-27SEP19-10000-P,9774.23,100.15,0.1735,14.4,0.1795,2.5,103.83,16.06424,-12.96387,-10.28703,9e-05,-0.43048
9817.44,SYN.BTC-30AUG19,1564138742433,open,0.84,0.0,0.7655,0.912,0.83883729,105.48,None,0.0,BTC-30AUG19-18000-P,9774.23,0.0,0.0,0.0,0.0,0.0,0.0,2.87201,-4.34295,-16.82799,3e-05,-0.95509
9791.52,SYN.BTC-9AUG19,1564138742428,open,0.0,0.298,0.3775,0.33777729,107.38,None,0.0,BTC-9AUG19-6500-C,9774.23,0.0,0.0,0.0,0.0,0.0,0.0,0.90946,-3.51897,2.39196,2e-05,0.98038
9817.44,SYN.BTC-30AUG19,1564138742435,open,0.55,0.0,0.4835,0.6065,0.54487473,103.6,None,0.0,BTC-30AUG19-15000-P,9774.23,0.0,0.0,0.0,0.0,0.0,0.0,6.15225,-9.1377,-13.34452,6e-05,-0.8777
9791.52,SYN.BTC-9AUG19,1564138742428,open,12.0,0.0005,0.0765,0.03661578,102.42,0.0335,0.0,BTC-9AUG19-11000-C,9774.23,96.42,0.0325,27.0,0.037,10.2,102.98,6.77799,-25.01585,1.03466,0.00018,0.31458
9851.84,BTC-27SEP19,1564138742437,open,0.45,221.9,0.414,0.4935,0.45350783,101.5,0.51,0.0,BTC-27SEP19-5500-C,9774.23,0.0,0.3995,7.0,0.507,7.0,178.32,4.57716,-3.69462,8.33369,3e-05,0.94456
9791.52,SYN.BTC-9AUG19,1564138742428,open,0.0,0.022,0.1065,0.06428883,102.33,None,0.0,BTC-9AUG19-9500-P,9774.23,97.96,0.061,18.0,0.066,10.2,104.6,7.37961,-27.2114,-1.73124,0.0002,-0.40081
9986.84,BTC-27DEC19,1564138742437,open,3.82,0.0,3.621,4.0055,3.81330128,109.29,None,0.0,BTC-27DEC19-48000-P,9774.23,0.0,0.0,0.0,6.0,1.0,500.0,4.60796,-1.63642,-201.31968,1e-05,-0.96838
9817.44,SYN.BTC-30AUG19,1564138742431,open,0.64,0.0,0.576,0.707,0.64141744,104.54,None,0.0,BTC-30AUG19-16000-P,9774.23,0.0,0.0,0.0,0.0,0.0,0.0,4.86734,-7.29468,-14.56709,5e-05,-0.91149
9791.52,SYN.BTC-9AUG19,1564138742428,open,0.0,0.2495,0.329,0.28916553,107.39,None,0.0,BTC-9AUG19-7000-C,9774.23,0.0,0.0,0.0,0.0,0.0,0.0,1.77245,-6.85857,2.48269,5e-05,0.95614
9791.52,SYN.BTC-9AUG19,1564138742428,open,0.0,0.0015,0.084,0.04276369,102.7,None,0.0,BTC-9AUG19-9000-P,9774.23,98.62,0.04,24.0,0.044,10.2,104.52,6.64938,-24.60739,-1.28018,0.00018,-0.30116
9782.88,SYN.BTC-2AUG19,1564138742429,open,0.0,384.4,0.0005,0.042,0.002336,112.43,0.002,0.0,BTC-2AUG19-7500-P,9774.23,109.2,0.002,30.0,0.003,4.0,118.12,1.0616,-8.67959,-0.07064,5e-05,-0.03599
9817.44,SYN.BTC-30AUG19,1564138742436,open,0.31,0.0,0.266,0.3455,0.30592219,101.69,None,0.0,BTC-30AUG19-7000-C,9774.23,0.0,0.2585,3.0,0.3255,3.0,131.53,5.65936,-8.25078,5.49076,6e-05,0.89126
9782.88,SYN.BTC-2AUG19,1564138742432,open,0.0,112.6,0.0005,0.0405,0.00050093,128.61,0.0005,0.0,BTC-2AUG19-6500-P,9774.23,0.0,0.0,0.0,0.0005,2.0,128.58,0.29756,-2.78295,-0.01585,1e-05,-0.0081
217.05,SYN.ETH-9AUG19,1564138742451,open,0.0,0.151,0.23,0.190998,109.52,None,0.0,ETH-9AUG19-180-C,216.95,0.0,0.0,0.0,0.0,0.0,0.0,0.10412,-0.41087,0.05332,0.00531,0.83725
217.05,SYN.ETH-9AUG19,1564138742451,open,0.0,0.189,0.268,0.228649,109.69,None,0.0,ETH-9AUG19-170-C,216.95,0.0,0.0,0.0,0.0,0.0,0.0,0.07737,-0.30581,0.05492,0.00394,0.89421
217.05,SYN.ETH-9AUG19,1564138742451,open,1.0,0.001,0.052,0.011893,109.69,0.011,0.0,ETH-9AUG19-170-P,216.95,104.2,0.01,250.0,0.014,542.0,115.42,0.07737,-0.30581,-0.00971,0.00394,-0.10579
217.05,SYN.ETH-9AUG19,1564138742451,open,0.0,0.001,0.043,0.003378,112.05,None,0.0,ETH-9AUG19-150-P,216.95,101.74,0.002,250.0,0.005,550.0,121.47,0.03338,-0.13478,-0.00324,0.00166,-0.03589
217.05,SYN.ETH-9AUG19,1564138742451,open,0.0,0.23,0.309,0.269489,111.03,None,0.0,ETH-9AUG19-160-C,216.95,0.0,0.0,0.0,0.0,0.0,0.0,0.05344,-0.21379,0.05494,0.00269,0.93534
217.05,SYN.ETH-9AUG19,1564138742452,open,0.0,0.273,0.352,0.31228,112.05,None,0.0,ETH-9AUG19-150-C,216.95,0.0,0.0,0.0,0.0,0.0,0.0,0.03338,-0.13478,0.05378,0.00166,0.96411
9817.44,SYN.BTC-30AUG19,1564138742492,open,0.12,131.7,0.076,0.1555,0.11593655,100.85,0.113,0.0,BTC-30AUG19-10000-C,9774.23,98.46,0.113,14.4,0.1165,0.2,101.31,12.05008,-17.4229,3.9643,0.00013,0.53855
9791.52,SYN.BTC-9AUG19,1564138742729,open,0.0,0.0545,0.134,0.09405907,102.33,None,0.0,BTC-9AUG19-9500-C,9774.23,96.28,0.0895,0.2,0.0945,0.2,102.91,7.37961,-27.21069,1.88025,0.0002,0.59919
217.34,ETH-27SEP19,1564138743434,open,0.62,347.0,0.55,0.679,0.614526,111.24,0.595,0.0,ETH-27SEP19-340-P,217.0,98.18,0.599,110.0,0.631,110.0,123.74,0.27401,-0.2424,-0.5183,0.00303,-0.76985
217.34,ETH-27SEP19,1564138743434,open,0.03,7689.0,0.001,0.071,0.030232,107.57,0.027,0.0,ETH-27SEP19-140-P,217.0,102.14,0.026,200.0,0.031,627.0,108.53,0.17342,-0.14835,-0.0538,0.00198,-0.11346
217.34,ETH-27SEP19,1564138743434,open,1.23,0.0,1.135,1.312,1.22393,117.29,None,0.0,ETH-27SEP19-480-P,217.0,0.0,0.0,0.0,0.0,0.0,0.0,0.13807,-0.12878,-0.8015,0.00145,-0.91685
219.19,ETH-27DEC19,1564138743434,open,0.39,0.0,0.351,0.43,0.39018,105.73,None,0.0,ETH-27DEC19-160-C,217.0,0.0,0.001,1000.0,0.98,5.0,500.0,0.4117,-0.14144,0.36821,0.00192,0.78865
217.34,ETH-27SEP19,1564138743434,open,2.51,0.0,2.359,2.638,2.498689,120.91,None,0.0,ETH-27SEP19-760-P,217.0,0.0,0.001,1.0,0.0,0.0,0.0,0.02905,-0.02793,-1.30524,0.0003,-0.98757
219.19,ETH-27DEC19,1564138743434,open,2.5,0.0,2.352,2.631,2.491415,113.03,None,0.0,ETH-27DEC19-760-P,217.0,0.0,0.001,100.0,0.0,0.0,0.0,0.23533,-0.08643,-3.14104,0.00103,-0.90778
217.34,ETH-27SEP19,1564138743435,open,0.0,2615.0,0.001,0.042,0.002614,121.46,0.002,0.0,ETH-27SEP19-720-C,217.0,108.86,0.001,962.0,0.003,50.0,123.58,0.03772,-0.03644,0.00533,0.00038,0.01684
219.19,ETH-27DEC19,1564138743435,open,0.12,1423.0,0.076,0.164,0.120107,105.71,0.124,0.0,ETH-27DEC19-160-P,217.0,102.99,0.115,40.0,0.125,180.0,108.31,0.4117,-0.14142,-0.30628,0.00192,-0.21134
217.34,ETH-27SEP19,1564138743435,open,1.96,0.0,1.832,2.067,1.949302,120.57,None,0.0,ETH-27SEP19-640-P,217.0,0.0,0.0,0.0,0.0,0.0,0.0,0.05831,-0.05591,-1.09364,0.00059,-0.9718
217.34,ETH-27SEP19,1564138743435,open,0.01,2718.0,0.001,0.051,0.011456,118.73,0.011,0.0,ETH-27SEP19-520-C,217.0,113.66,0.009,50.0,0.013,640.0,121.6,0.11269,-0.1064,0.01959,0.00117,0.06377
217.34,ETH-27SEP19,1564138743435,open,1.05,0.0,0.963,1.126,1.044419,114.25,None,0.0,ETH-27SEP19-440-P,217.0,0.0,0.0,0.0,0.0,0.0,0.0,0.1647,-0.14964,-0.72588,0.00177,-0.8944
219.19,ETH-27DEC19,1564138743435,open,1.61,0.0,1.5,1.708,1.604059,110.52,0.845,0.0,ETH-27DEC19-560-P,217.0,0.0,0.0,0.0,0.0,0.0,0.0,0.36215,-0.13006,-2.24783,0.00162,-0.82851
217.34,ETH-27SEP19,1564138743435,open,0.01,2893.0,0.001,0.044,0.004608,120.58,0.006,0.0,ETH-27SEP19-640-C,217.0,113.72,0.003,210.0,0.006,300.0,125.33,0.05831,-0.05592,0.00884,0.00059,0.02821
217.34,ETH-27SEP19,1564138743435,open,0.46,47.0,0.422,0.501,0.461807,107.62,0.689,0.0,ETH-27SEP19-120-C,217.0,0.0,0.0,0.0,0.0,0.0,0.0,0.10774,-0.09221,0.17896,0.00123,0.9398
217.34,ETH-27SEP19,1564138743435,open,0.39,968.0,0.325,0.435,0.379906,109.29,0.38,0.0,ETH-27SEP19-280-P,217.0,98.34,0.363,110.0,0.395,110.0,118.82,0.34061,-0.29601,-0.37808,0.00383,-0.62994
217.34,ETH-27SEP19,1564138743435,open,2.14,0.0,2.007,2.257,2.132286,121.46,None,0.0,ETH-27SEP19-680-P,217.0,0.0,0.0,0.0,0.0,0.0,0.0,0.04768,-0.04605,-1.16441,0.00048,-0.97782
219.24,ETH-27DEC19,1564138743435,open,0.07,631.0,0.029,0.108,0.068926,109.48,0.074,0.0,ETH-27DEC19-480-C,217.0,106.93,0.064,150.0,0.074,150.0,112.04,0.42964,-0.15284,0.1466,0.00194,0.22754
217.34,ETH-27SEP19,1564138743435,open,1.78,27.0,1.657,1.877,1.766767,119.82,1.044,0.0,ETH-27SEP19-600-P,217.0,0.0,0.0,0.0,0.0,0.0,0.0,0.07209,-0.06869,-1.02221,0.00074,-0.96353
219.24,ETH-27DEC19,1564138743435,open,0.77,241.0,0.694,0.834,0.764149,107.84,0.986,0.0,ETH-27DEC19-360-P,217.0,103.21,0.753,110.0,0.782,204.0,115.11,0.53262,-0.18664,-1.2977,0.00244,-0.63989
219.24,ETH-27DEC19,1564138743435,open,1.26,21.0,1.169,1.349,1.2588,109.73,0.629,0.0,ETH-27DEC19-480-P,217.0,0.0,1.176,110.0,2.187,1.0,500.0,0.43071,-0.15357,-1.87649,0.00194,-0.77145
217.34,ETH-27SEP19,1564138743435,open,0.03,1698.0,0.001,0.074,0.034476,112.72,0.026,0.0,ETH-27SEP19-380-C,217.0,110.31,0.032,160.0,0.037,290.0,115.1,0.22692,-0.2034,0.05016,0.00247,0.16844
217.34,ETH-27SEP19,1564138743435,open,1.59,24.0,1.482,1.687,1.584583,118.44,1.356,0.0,ETH-27SEP19-560-P,217.0,0.0,0.0,0.0,0.0,0.0,0.0,0.08782,-0.08271,-0.95024,0.00091,-0.95348
219.24,ETH-27DEC19,1564138743435,open,2.14,0.0,2.009,2.258,2.133558,112.42,None,0.0,ETH-27DEC19-680-P,217.0,0.0,0.0,0.0,0.0,0.0,0.0,0.28115,-0.1027,-2.78732,0.00123,-0.88215
219.24,ETH-27DEC19,1564138743435,open,0.05,1912.0,0.01,0.093,0.051267,105.75,0.054,0.0,ETH-27DEC19-120-P,217.0,101.4,0.046,50.0,0.054,470.0,107.96,0.26947,-0.09259,-0.15001,0.00126,-0.11103
217.34,ETH-27SEP19,1564138743435,open,0.03,4322.0,0.001,0.068,0.028627,113.26,0.026,0.0,ETH-27SEP19-400-C,217.0,110.41,0.026,200.0,0.031,297.0,115.74,0.20462,-0.18429,0.04319,0.00222,0.14398
217.39,ETH-27SEP19,1564138743435,open,0.7,233.0,0.63,0.765,0.697837,112.25,0.763,0.0,ETH-27SEP19-360-P,217.0,0.0,0.638,25.0,0.752,25.0,152.77,0.25088,-0.22395,-0.56175,0.00275,-0.80225
217.39,ETH-27SEP19,1564138743436,open,0.01,8192.0,0.001,0.054,0.013916,107.61,0.016,0.0,ETH-27SEP19-120-P,217.0,99.11,0.01,201.0,0.015,500.0,109.77,0.10766,-0.09214,-0.02773,0.00123,-0.06013
219.24,ETH-27DEC19,1564138743436,open,1.44,37.0,1.334,1.527,1.430214,110.21,0.707,0.0,ETH-27DEC19-520-P,217.0,0.0,0.001,500.0,0.0,0.0,0.0,0.39601,-0.14182,-2.06325,0.00177,-0.80209
217.39,ETH-27SEP19,1564138743436,open,1.41,12.0,1.308,1.5,1.404019,119.75,1.193,0.0,ETH-27SEP19-520-P,217.0,0.0,0.0,0.0,0.0,0.0,0.0,0.11577,-0.11025,-0.87554,0.00119,-0.93399
217.04,SYN.ETH-9AUG19,1564138743434,open,5.0,0.025,0.11,0.067685,108.53,0.067,0.0,ETH-9AUG19-210-P,217.0,103.62,0.064,200.0,0.071,158.0,112.94,0.16314,-0.63801,-0.03833,0.00839,-0.39684
219.24,ETH-27DEC19,1564138743436,open,0.02,1064.0,0.001,0.064,0.024259,113.16,0.021,0.0,ETH-27DEC19-760-C,217.0,109.0,0.02,350.0,0.028,352.0,116.5,0.23622,-0.08686,0.06323,0.00103,0.09267
219.24,ETH-27DEC19,1564138743436,open,2.32,0.0,2.18,2.444,2.312006,112.94,None,0.0,ETH-27DEC19-720-P,217.0,0.0,0.003,5.0,0.0,0.0,0.0,0.25844,-0.09485,-2.96434,0.00113,-0.89523
217.39,ETH-27SEP19,1564138743436,open,0.0,2060.0,0.001,0.042,0.001966,115.96,0.003,0.0,ETH-27SEP19-80-P,217.0,105.47,0.001,100.0,0.003,300.0,123.93,0.02453,-0.02262,-0.00457,0.00026,-0.01023
217.39,ETH-27SEP19,1564138743436,open,0.01,2074.0,0.001,0.048,0.008091,118.71,0.008,0.0,ETH-27SEP19-560-C,217.0,113.1,0.006,340.0,0.009,140.0,120.86,0.08862,-0.08366,0.01459,0.00092,0.04704
216.99,SYN.ETH-2AUG19,1564138743435,open,0.07,346.0,0.023,0.107,0.064846,104.66,0.067,0.0,ETH-2AUG19-220-P,217.0,97.63,0.061,150.0,0.069,283.0,112.25,0.11878,-0.904,-0.02348,0.0128,-0.50957
219.24,ETH-27DEC19,1564138743437,open,0.12,239.0,0.082,0.161,0.121738,107.69,0.118,0.0,ETH-27DEC19-360-C,217.0,105.32,0.116,110.0,0.127,250.0,109.85,0.53233,-0.18627,0.2198,0.00244,0.35955
219.24,ETH-27DEC19,1564138743437,open,1.79,0.0,1.668,1.89,1.779105,111.22,0.953,0.0,ETH-27DEC19-600-P,217.0,0.0,0.0,0.0,0.0,0.0,0.0,0.33306,-0.12036,-2.42927,0.00148,-0.84922
217.39,ETH-27SEP19,1564138743437,open,0.88,79.0,0.795,0.943,0.869062,113.68,0.351,0.0,ETH-27SEP19-400-P,217.0,0.0,0.0,0.0,0.0,0.0,0.0,0.20601,-0.18623,-0.64549,0.00223,-0.85462
219.24,ETH-27DEC19,1564138743437,open,0.04,425.0,0.001,0.076,0.036033,111.37,0.04,0.0,ETH-27DEC19-640-C,217.0,108.37,0.032,50.0,0.04,50.0,114.17,0.30334,-0.10978,0.08813,0.00134,0.13138
219.24,ETH-27DEC19,1564138743437,open,1.1,0.0,1.007,1.173,1.090023,109.17,None,0.0,ETH-27DEC19-440-P,217.0,63.83,1.018,110.0,2.005,1.0,500.0,0.46615,-0.16536,-1.68692,0.00211,-0.73512
217.17,SYN.ETH-30AUG19,1564138743435,open,0.59,0.0,0.522,0.648,0.584692,110.98,None,0.0,ETH-30AUG19-340-P,217.0,0.0,0.0,0.0,0.0,0.0,0.0,0.14061,-0.22373,-0.30223,0.00281,-0.87185
217.17,SYN.ETH-30AUG19,1564138743435,open,0.68,0.0,0.605,0.738,0.671611,111.52,None,0.0,ETH-30AUG19-360-P,217.0,0.0,0.0,0.0,0.0,0.0,0.0,0.11597,-0.18541,-0.32656,0.00231,-0.90213
217.04,SYN.ETH-9AUG19,1564138743435,open,0.0,0.001,0.073,0.032176,109.22,None,0.0,ETH-9AUG19-190-P,217.0,103.83,0.029,200.0,0.035,435.0,113.93,0.12922,-0.50855,-0.02182,0.00661,-0.23232
217.39,ETH-27SEP19,1564138743438,open,0.02,2576.0,0.001,0.06,0.02003,114.34,0.027,0.0,ETH-27SEP19-440-C,217.0,111.6,0.018,200.0,0.022,410.0,116.88,0.16512,-0.15014,0.03217,0.00177,0.10594
216.99,SYN.ETH-2AUG19,1564138743435,open,0.14,2.0,0.084,0.174,0.129114,108.17,0.21,0.0,ETH-2AUG19-240-P,217.0,0.0,0.0,0.0,0.0,0.0,0.0,0.09897,-0.77852,-0.03501,0.01032,-0.72726
216.99,SYN.ETH-2AUG19,1564138743434,open,0.21,0.0,0.159,0.255,0.207105,108.65,None,0.0,ETH-2AUG19-260-P,217.0,0.0,0.0,0.0,0.0,0.0,0.0,0.06218,-0.4913,-0.04413,0.00645,-0.87244
217.39,ETH-27SEP19,1564138743438,open,0.01,4605.0,0.001,0.046,0.006241,120.18,0.005,0.0,ETH-27SEP19-600-C,217.0,112.54,0.004,340.0,0.008,668.0,125.01,0.07305,-0.06981,0.01154,0.00075,0.03705
216.99,SYN.ETH-2AUG19,1564138743434,open,0.39,0.0,0.329,0.439,0.383757,113.1,None,0.0,ETH-2AUG19-300-P,217.0,0.0,0.0,0.0,0.0,0.0,0.0,0.01579,-0.12986,-0.05565,0.00157,-0.97774
216.99,SYN.ETH-2AUG19,1564138743435,open,0.0,254.0,0.001,0.04,0.000939,128.04,0.003,0.0,ETH-2AUG19-150-P,217.0,0.0,0.0,0.0,0.002,553.0,144.44,0.01082,-0.10078,-0.00062,0.00095,-0.0143
217.17,SYN.ETH-30AUG19,1564138743435,open,0.27,0.0,0.215,0.316,0.265579,108.78,None,0.0,ETH-30AUG19-260-P,217.0,95.91,0.251,120.0,0.282,120.0,122.82,0.25034,-0.39043,-0.18859,0.00511,-0.64327
216.99,SYN.ETH-2AUG19,1564138743436,open,0.3,0.0,0.242,0.345,0.293514,109.53,None,0.0,ETH-2AUG19-280-P,217.0,0.0,0.0,0.0,0.0,0.0,0.0,0.03195,-0.25449,-0.05073,0.00329,-0.94746
216.99,SYN.ETH-2AUG19,1564138743435,open,0.05,338.0,0.002,0.084,0.043142,107.46,0.046,0.0,ETH-2AUG19-210-P,217.0,97.62,0.038,200.0,0.046,370.0,112.9,0.11373,-0.88867,-0.01745,0.01193,-0.38368
217.04,SYN.ETH-9AUG19,1564138743435,open,0.0,0.001,0.061,0.020315,109.5,None,0.0,ETH-9AUG19-180-P,217.0,104.59,0.018,200.0,0.022,467.0,112.97,0.10412,-0.41082,-0.01511,0.00531,-0.16277
216.99,SYN.ETH-2AUG19,1564138743434,open,0.06,620.0,0.012,0.091,0.051034,104.74,0.052,0.0,ETH-2AUG19-220-C,217.0,97.37,0.047,150.0,0.053,1.0,108.33,0.11878,-0.90474,0.01796,0.01279,0.49048
216.99,SYN.ETH-2AUG19,1564138743435,open,0.03,662.0,0.001,0.063,0.023137,108.28,0.022,0.0,ETH-2AUG19-240-C,217.0,99.02,0.019,200.0,0.023,52.0,107.98,0.09902,-0.77969,0.01021,0.01031,0.273
216.99,SYN.ETH-2AUG19,1564138743435,open,0.0,197.0,0.001,0.041,0.001285,113.96,0.003,0.0,ETH-2AUG19-300-C,217.0,0.0,0.0,0.0,0.002,250.0,122.17,0.01631,-0.1352,0.00089,0.00161,0.02315
217.04,SYN.ETH-9AUG19,1564138743434,open,500.0,0.021,0.1,0.060121,108.5,0.063,0.0,ETH-9AUG19-230-C,217.0,104.43,0.057,150.0,0.063,202.0,112.25,0.16644,-0.65076,0.03077,0.00857,0.43311
217.17,SYN.ETH-30AUG19,1564138743435,open,0.03,1528.0,0.001,0.068,0.027789,108.05,0.026,0.0,ETH-30AUG19-160-P,217.0,102.41,0.024,474.0,0.028,100.0,108.36,0.1492,-0.23113,-0.03476,0.00306,-0.13971
216.99,SYN.ETH-2AUG19,1564138743436,open,0.26,0.0,0.225,0.304,0.264111,116.11,None,0.0,ETH-2AUG19-160-C,217.0,0.0,0.0,0.0,0.0,0.0,0.0,0.01635,-0.13808,0.02913,0.00159,0.97679
217.17,SYN.ETH-30AUG19,1564138743436,open,0.03,277.0,0.001,0.066,0.026338,110.57,0.025,0.0,ETH-30AUG19-320-C,217.0,107.5,0.024,160.0,0.029,568.0,113.94,0.16838,-0.26691,0.02933,0.00338,0.16768
217.17,SYN.ETH-30AUG19,1564138743435,open,0.35,0.0,0.286,0.392,0.33937,109.6,None,0.0,ETH-30AUG19-280-P,217.0,0.0,0.0,0.0,0.0,0.0,0.0,0.22625,-0.35552,-0.21967,0.00458,-0.71927
216.99,SYN.ETH-2AUG19,1564138743435,open,0.14,0.0,0.099,0.178,0.138262,107.6,0.138,0.0,ETH-2AUG19-190-C,217.0,0.0,0.0,0.0,0.0,0.0,0.0,0.07398,-0.5789,0.02847,0.00775,0.83481
216.99,SYN.ETH-2AUG19,1564138743436,open,0.34,0.0,0.285,0.392,0.338489,112.09,None,0.0,ETH-2AUG19-290-P,217.0,0.0,0.0,0.0,0.0,0.0,0.0,0.02317,-0.18882,-0.05327,0.00233,-0.96472
217.17,SYN.ETH-30AUG19,1564138743436,open,0.51,0.0,0.44,0.559,0.499795,110.48,None,0.0,ETH-30AUG19-320-P,217.0,0.0,0.0,0.0,0.0,0.0,0.0,0.16821,-0.26643,-0.27647,0.00338,-0.83258
216.99,SYN.ETH-2AUG19,1564138743435,open,0.17,0.0,0.121,0.213,0.166745,108.63,None,0.0,ETH-2AUG19-250-P,217.0,0.0,0.0,0.0,0.0,0.0,0.0,0.08101,-0.63991,-0.0399,0.00841,-0.80927
216.99,SYN.ETH-2AUG19,1564138743436,open,0.04,1788.0,0.001,0.075,0.035654,108.29,0.035,0.0,ETH-2AUG19-230-C,217.0,99.29,0.031,200.0,0.036,20.0,108.95,0.11298,-0.88967,0.01389,0.01176,0.37548
216.99,SYN.ETH-2AUG19,1564138743436,open,0.26,0.0,0.2,0.299,0.249669,109.26,None,0.0,ETH-2AUG19-270-P,217.0,0.0,0.0,0.0,0.0,0.0,0.0,0.04569,-0.36306,-0.04767,0.00471,-0.91658
217.17,SYN.ETH-30AUG19,1564138743435,open,0.21,223.0,0.151,0.246,0.198788,108.44,0.205,0.0,ETH-30AUG19-240-P,217.0,105.33,0.195,120.0,0.205,240.0,113.51,0.26553,-0.41279,-0.15579,0.00543,-0.55198
216.99,SYN.ETH-2AUG19,1564138743436,open,0.0,261.0,0.001,0.042,0.0021,112.66,0.006,0.0,ETH-2AUG19-290-C,217.0,100.18,0.001,1.0,0.003,254.0,120.08,0.02358,-0.19322,0.00139,0.00236,0.03606
217.17,SYN.ETH-30AUG19,1564138743435,open,0.43,0.0,0.362,0.474,0.417824,110.17,None,0.0,ETH-30AUG19-300-P,217.0,0.0,0.0,0.0,0.0,0.0,0.0,0.19778,-0.31238,-0.24894,0.00398,-0.78189
217.17,SYN.ETH-30AUG19,1564138743435,open,0.86,0.0,0.776,0.922,0.848971,111.46,None,0.0,ETH-30AUG19-400-P,217.0,0.0,0.0,0.0,0.0,0.0,0.0,0.07439,-0.11888,-0.37231,0.00148,-0.94526
217.04,SYN.ETH-9AUG19,1564138743434,open,0.0,0.117,0.196,0.156786,109.29,None,0.0,ETH-9AUG19-190-C,217.0,0.0,0.0,0.0,0.0,0.0,0.0,0.12925,-0.50899,0.05039,0.0066,0.76758
9986.85,BTC-27DEC19,1564138743551,open,2.04,2.1,1.9095,2.1515,2.0306186,106.01,1.95,0.0,BTC-27DEC19-30000-P,9774.23,0.0,0.001,1.0,0.0,0.0,0.0,11.78649,-4.06003,-123.17751,3e-05,-0.89505
9851.85,BTC-27SEP19,1564138743551,open,0.0,1660.1,0.0005,0.04,5.458e-05,145.0,0.0005,0.0,BTC-27SEP19-1500-P,9774.23,0.0,0.0,0.0,0.001,20.0,194.92,0.04572,-0.05272,-0.00608,0.0,-0.0003
9851.85,BTC-27SEP19,1564138743654,open,0.13,509.9,0.086,0.1655,0.12565484,102.38,0.126,0.0,BTC-27SEP19-11000-C,9774.23,100.17,0.122,14.4,0.128,26.4,103.8,16.29462,-13.26671,6.03529,0.0001,0.48128
9986.85,BTC-27DEC19,1564138743654,open,0.47,79.4,0.4105,0.5275,0.46889758,100.87,0.4765,0.0,BTC-27DEC19-13000-P,9774.23,99.75,0.466,3.6,0.474,5.0,102.85,25.79597,-8.45516,-42.05336,6e-05,-0.52994
9851.85,BTC-27SEP19,1564138743663,open,1.44,0.2,1.3445,1.5395,1.44190674,107.35,1.6,0.0,BTC-27SEP19-24000-P,9774.23,0.0,0.0,0.0,0.0,0.0,0.0,3.37226,-2.87886,-40.79842,2e-05,-0.9621
9782.72,SYN.BTC-2AUG19,1564138743683,open,0.0,373.1,0.0005,0.0405,0.00073827,124.19,0.0005,0.0,BTC-2AUG19-14500-C,9774.23,118.32,0.0005,16.0,0.001,2.0,129.28,0.4521,-4.08294,0.02276,2e-05,0.01309
9791.36,SYN.BTC-9AUG19,1564138743747,open,0.0,0.0545,0.134,0.09405988,102.34,None,0.0,BTC-9AUG19-9500-C,9774.23,96.29,0.0895,0.2,0.0945,10.2,102.92,7.37965,-27.21394,1.88009,0.0002,0.59916
9782.72,SYN.BTC-2AUG19,1564138743773,open,0.01,85.6,0.0005,0.0495,0.00983396,103.7,0.0095,0.0,BTC-2AUG19-11500-C,9774.23,97.55,0.008,30.0,0.009,1.0,100.97,3.03748,-22.9057,0.24614,0.00016,0.1434
9851.85,BTC-27SEP19,1564138743799,open,0.57,29.6,0.5065,0.6315,0.56885684,104.29,0.58,0.0,BTC-27SEP19-15000-P,9774.23,0.0,0.514,2.5,0.5855,2.5,117.01,12.26859,-10.17432,-22.8037,7e-05,-0.77483
9791.52,SYN.BTC-9AUG19,1564138743854,open,15.0,0.011,0.0905,0.0507015,101.75,0.054,0.0,BTC-9AUG19-10500-C,9774.23,96.82,0.047,1.0,0.051,0.2,102.15,7.37647,-27.0458,1.30079,0.0002,0.40016
9851.85,BTC-27SEP19,1564138743885,open,0.24,146.8,0.1925,0.2915,0.24218518,102.38,0.2465,0.0,BTC-27SEP19-11000-P,9774.23,100.75,0.2395,14.4,0.246,2.5,104.68,16.2946,-13.26581,-12.91357,0.0001,-0.51873
9986.85,BTC-27DEC19,1564138743939,open,3.02,0.0,2.8565,3.1775,3.01712321,107.77,2.58,0.0,BTC-27DEC19-40000-P,9774.23,0.0,0.0005,3.0,0.0,0.0,0.0,6.81602,-2.38678,-166.97412,2e-05,-0.94879
9851.86,BTC-27SEP19,1564138744031,open,0.0,124.2,0.0005,0.0415,0.00169627,109.88,0.004,0.0,BTC-27SEP19-3750-P,9774.23,102.12,0.001,20.0,0.0025,39.0,116.56,1.04099,-0.90963,-0.18983,1e-05,-0.00949
9986.86,BTC-27DEC19,1564138744132,open,1.45,0.0,1.3525,1.548,1.45013726,104.61,None,0.0,BTC-27DEC19-24000-P,9774.23,0.0,0.006,1.0,2.2455,0.2,500.0,16.45532,-5.59363,-95.96747,4e-05,-0.82925
217.09,SYN.ETH-9AUG19,1564138744434,open,0.0,0.001,0.058,0.018839,109.26,None,0.0,ETH-9AUG19-270-C,216.99,105.59,0.017,200.0,0.021,484.0,113.41,0.11085,-0.43644,0.01326,0.00566,0.17946
217.09,SYN.ETH-9AUG19,1564138744434,open,0.0,0.252,0.356,0.303962,110.37,None,0.0,ETH-9AUG19-280-P,216.99,0.0,0.0,0.0,0.0,0.0,0.0,0.09474,-0.3768,-0.09596,0.00479,-0.85883
217.09,SYN.ETH-9AUG19,1564138744434,open,10.0,0.001,0.053,0.013854,109.68,0.012,0.0,ETH-9AUG19-280-C,216.99,105.27,0.012,250.0,0.016,544.0,114.5,0.09393,-0.37123,0.01036,0.00478,0.13938
217.09,SYN.ETH-9AUG19,1564138744434,open,0.0,0.006,0.085,0.045708,108.57,None,0.0,ETH-9AUG19-240-C,216.99,103.44,0.042,200.0,0.049,426.0,113.08,0.15779,-0.61734,0.02564,0.00811,0.35637
217.09,SYN.ETH-9AUG19,1564138744434,open,0.0,0.293,0.4,0.346183,110.6,None,0.0,ETH-9AUG19-290-P,216.99,0.0,0.0,0.0,0.0,0.0,0.0,0.07875,-0.31384,-0.10215,0.00397,-0.89161
9817.28,SYN.BTC-30AUG19,1564138745052,open,0.14,141.9,0.0895,0.1795,0.13454216,100.84,0.1325,0.0,BTC-30AUG19-10000-P,9774.23,100.0,0.1335,14.4,0.1365,2.0,102.45,12.04996,-17.42151,-5.59085,0.00013,-0.46148
9851.85,BTC-27SEP19,1564138745054,open,0.06,186.0,0.0195,0.099,0.05936521,103.9,0.065,0.0,BTC-27SEP19-14000-C,9774.23,102.18,0.057,19.3,0.06,7.0,104.36,13.6316,-11.263,3.65108,8e-05,0.27451
9851.87,BTC-27SEP19,1564138745427,open,0.08,505.7,0.032,0.1175,0.07489753,101.49,0.072,0.0,BTC-27SEP19-8000-P,9774.31,99.24,0.072,19.3,0.076,5.0,102.34,12.72378,-10.26878,-5.35136,7e-05,-0.24043
9851.87,BTC-27SEP19,1564138745427,open,0.0,103.7,0.0005,0.0435,0.00399304,108.56,0.006,0.0,BTC-27SEP19-26000-C,9774.31,104.34,0.003,7.0,0.005,39.0,112.18,2.54014,-2.19279,0.38861,1e-05,0.02689
9986.95,BTC-27DEC19,1564138745427,open,0.22,584.4,0.179,0.2585,0.21882893,99.7,0.217,0.0,BTC-27DEC19-11000-C,9774.31,98.59,0.216,8.0,0.2225,3.6,101.14,25.47857,-8.25417,14.753,6e-05,0.56923
9851.87,BTC-27SEP19,1564138745427,open,0.0,49.2,0.0005,0.041,0.00125633,119.91,0.002,0.0,BTC-27SEP19-3250-P,9774.31,106.87,0.0005,25.0,0.002,20.0,128.13,0.75856,-0.72332,-0.13368,0.0,-0.00662
9851.87,BTC-27SEP19,1564138745428,open,0.01,318.7,0.0005,0.045,0.0051212,102.5,0.0045,0.0,BTC-27SEP19-4750-P,9774.31,97.85,0.004,44.0,0.006,5.0,105.75,2.54506,-2.07439,-0.54434,1e-05,-0.02695
9986.95,BTC-27DEC19,1564138745428,open,0.26,219.5,0.2025,0.3025,0.25255693,98.86,0.2565,0.0,BTC-27DEC19-10000-P,9774.31,98.02,0.2505,4.9,0.2565,5.0,100.46,24.5866,-7.89776,-26.41772,6e-05,-0.3749
9986.95,BTC-27DEC19,1564138745428,open,0.15,216.0,0.107,0.1865,0.14690925,101.39,0.149,0.0,BTC-27DEC19-14000-C,9774.31,100.44,0.1445,8.0,0.1495,5.0,102.41,25.43512,-8.37958,11.79369,6e-05,0.42703
9851.87,BTC-27SEP19,1564138745428,open,0.12,209.5,0.0755,0.1645,0.11997041,101.49,0.125,0.0,BTC-27SEP19-9000-P,9774.31,99.52,0.117,19.3,0.1205,5.0,101.84,14.90198,-12.02669,-7.7265,9e-05,-0.3353
9851.87,BTC-27SEP19,1564138745428,open,0.05,386.0,0.0065,0.086,0.04632063,104.3,0.0485,0.0,BTC-27SEP19-15000-C,9774.31,102.83,0.0445,19.3,0.0475,7.0,105.24,12.27036,-10.17736,3.03624,7e-05,0.22523
9986.95,BTC-27DEC19,1564138745427,open,0.01,168.6,0.0005,0.047,0.00705273,109.46,0.0065,0.0,BTC-27DEC19-48000-C,9774.31,107.07,0.006,10.0,0.008,10.9,111.41,4.64132,-1.65075,1.04584,1e-05,0.03189
9986.95,BTC-27DEC19,1564138745428,open,0.2,299.4,0.1455,0.2405,0.19291483,98.86,0.19,0.0,BTC-27DEC19-9000-P,9774.31,97.38,0.1895,4.9,0.195,8.0,99.76,23.02046,-7.39465,-21.36488,6e-05,-0.31453
9851.87,BTC-27SEP19,1564138745428,open,0.6,227.5,0.5565,0.636,0.59625322,107.69,0.7065,0.0,BTC-27SEP19-4000-C,9774.31,0.0,0.5365,7.0,0.6555,7.0,244.74,1.32696,-1.13639,6.63916,1e-05,0.98746
9986.95,BTC-27DEC19,1564138745429,open,0.06,276.4,0.0165,0.101,0.05865796,98.86,0.0655,0.0,BTC-27DEC19-6000-P,9774.31,96.21,0.055,6.0,0.058,11.0,98.38,13.89762,-4.46418,-8.04739,3e-05,-0.13248
9986.95,BTC-27DEC19,1564138745429,open,0.64,5.6,0.568,0.698,0.63296874,102.46,0.5485,0.0,BTC-27DEC19-15000-P,9774.31,78.56,0.576,3.0,0.6925,3.0,125.85,24.88294,-8.28434,-52.32411,6e-05,-0.6098
9986.95,BTC-27DEC19,1564138745429,open,0.08,221.6,0.033,0.1185,0.07573586,98.86,0.07,0.0,BTC-27DEC19-6500-P,9774.31,96.49,0.072,4.9,0.075,6.0,98.39,15.84663,-5.09024,-9.97044,4e-05,-0.16108
9986.95,BTC-27DEC19,1564138745429,open,0.0,98.9,0.0005,0.041,0.00128915,110.11,0.001,0.0,BTC-27DEC19-2000-P,9774.31,97.94,0.0005,39.0,0.002,16.0,117.16,0.86541,-0.30964,-0.24669,0.0,-0.00457
9817.3,SYN.BTC-30AUG19,1564138745429,open,0.01,300.3,0.0005,0.045,0.00536074,105.46,0.005,0.0,BTC-30AUG19-18000-C,9774.31,102.36,0.0045,8.4,0.006,24.0,107.58,2.87053,-4.34018,0.37076,3e-05,0.04489
9986.95,BTC-27DEC19,1564138745429,open,0.12,162.4,0.072,0.161,0.1165557,98.86,0.115,0.0,BTC-27DEC19-7500-P,9774.31,96.75,0.1125,4.9,0.117,6.0,99.09,19.27544,-6.19166,-14.23358,5e-05,-0.22151
9851.87,BTC-27SEP19,1564138745429,open,0.08,219.3,0.037,0.1165,0.07653643,103.68,0.077,0.0,BTC-27SEP19-13000-C,9774.31,101.66,0.0735,19.3,0.077,0.2,103.98,14.87695,-12.26542,4.36725,9e-05,0.33387
9986.95,BTC-27DEC19,1564138745430,open,1.84,2.0,1.7225,1.949,1.83563869,105.6,1.563,0.0,BTC-27DEC19-28000-P,9774.31,0.0,0.001,1.0,0.0,0.0,0.0,13.18787,-4.52503,-114.21544,3e-05,-0.87714
9851.95,BTC-27SEP19,1564138745430,open,0.01,482.9,0.0005,0.054,0.01407332,106.12,0.0135,0.0,BTC-27SEP19-20000-C,9774.31,103.56,0.0125,31.0,0.0155,31.0,108.32,6.23134,-5.25868,1.16415,4e-05,0.08267
9851.95,BTC-27SEP19,1564138745430,open,0.0,1059.6,0.0005,0.0425,0.00268774,103.82,0.0035,0.0,BTC-27SEP19-4250-P,9774.31,99.08,0.002,24.0,0.004,44.0,111.13,1.56047,-1.28836,-0.30247,1e-05,-0.01513
9851.95,BTC-27SEP19,1564138745430,open,0.1,711.0,0.0575,0.137,0.09743621,102.68,0.098,0.0,BTC-27SEP19-12000-C,9774.31,100.85,0.0945,19.3,0.0985,0.2,103.34,15.81195,-12.91108,5.15862,9e-05,0.4014
9851.95,BTC-27SEP19,1564138745431,open,0.0,424.0,0.0005,0.042,0.00226834,107.7,0.0035,0.0,BTC-27SEP19-4000-P,9774.31,101.23,0.0015,10.0,0.003,39.0,112.66,1.32726,-1.13672,-0.2514,1e-05,-0.01255
9986.95,BTC-27DEC19,1564138745431,open,0.02,312.1,0.0005,0.056,0.01630857,107.35,0.0185,0.0,BTC-27DEC19-36000-C,9774.31,105.78,0.015,8.0,0.0175,6.0,108.72,8.51046,-2.96859,2.17475,2e-05,0.06796
9986.95,BTC-27DEC19,1564138745431,open,0.85,0.1,0.8105,0.89,0.85030111,115.33,0.84,0.0,BTC-27DEC19-1500-C,9774.31,0.0,0.7805,8.0,0.92,8.0,354.49,0.37922,-0.14212,6.22569,0.0,0.99817
9851.95,BTC-27SEP19,1564138745431,open,0.01,507.3,0.0005,0.047,0.00683055,101.9,0.007,0.0,BTC-27SEP19-5000-P,9774.31,99.21,0.006,24.0,0.0075,5.0,103.95,3.14162,-2.54586,-0.70581,2e-05,-0.03476
9986.95,BTC-27DEC19,1564138745432,open,0.19,268.3,0.151,0.2305,0.19089731,100.3,0.1975,0.0,BTC-27DEC19-12000-C,9774.31,99.18,0.188,8.0,0.194,5.0,101.5,25.8445,-8.42277,13.7467,6e-05,0.5174
9986.95,BTC-27DEC19,1564138745431,open,2.63,1.3,2.4765,2.7655,2.6210488,107.39,2.2,0.0,BTC-27DEC19-36000-P,9774.31,0.0,0.0005,1.0,0.0,0.0,0.0,8.52141,-2.97358,-149.58981,2e-05,-0.93192
9986.95,BTC-27DEC19,1564138745432,open,1.65,0.0,1.5365,1.7475,1.64200204,105.13,None,0.0,BTC-27DEC19-26000-P,9774.31,0.0,0.005,10.0,2.44,0.2,500.0,14.74261,-5.03603,-105.15315,3e-05,-0.85554
9851.95,BTC-27SEP19,1564138745432,open,0.62,0.0,0.5815,0.661,0.62105731,109.85,None,0.0,BTC-27SEP19-3750-C,9774.31,0.0,0.5605,7.0,0.6815,7.0,260.65,1.03954,-0.90808,6.27032,1e-05,0.99053
9782.72,SYN.BTC-2AUG19,1564138745428,open,0.43,0.0,0.375,0.489,0.43188159,115.72,None,0.0,BTC-2AUG19-14000-P,9774.31,0.0,0.01,10.0,0.0,0.0,0.0,0.50042,-4.21108,-2.61157,2e-05,-0.98528
9791.36,SYN.BTC-9AUG19,1564138745426,open,0.0,0.114,0.206,0.16003566,102.4,None,0.0,BTC-9AUG19-11000-P,9774.31,0.0,0.0005,0.2,0.99,0.2,500.0,6.77716,-25.00758,-3.14729,0.00018,-0.6855
9817.3,SYN.BTC-30AUG19,1564138745429,open,0.03,97.9,0.0005,0.0655,0.02559395,103.59,0.0345,0.0,BTC-30AUG19-14000-C,9774.31,100.89,0.0235,25.3,0.0265,19.3,104.74,7.72273,-11.46964,1.36871,8e-05,0.17151
9791.36,SYN.BTC-9AUG19,1564138745426,open,0.0,0.2375,0.34,0.28889335,102.96,None,0.0,BTC-9AUG19-12500-P,9774.31,0.0,0.0005,0.2,0.99,0.2,500.0,4.08514,-15.15689,-4.30559,0.00011,-0.86782
9782.72,SYN.BTC-2AUG19,1564138745430,open,0.23,0.0,0.183,0.281,0.23199639,103.74,None,0.0,BTC-2AUG19-12000-P,9774.31,0.0,0.1895,2.0,0.2395,2.0,131.53,2.11406,-15.94832,-2.11123,0.00011,-0.91365
9817.3,SYN.BTC-30AUG19,1564138745430,open,0.08,131.4,0.04,0.1195,0.07993343,101.08,0.08,0.0,BTC-30AUG19-11000-C,9774.31,99.48,0.078,14.4,0.0795,10.0,100.72,11.8478,-17.16937,3.16822,0.00013,0.41768
9782.72,SYN.BTC-2AUG19,1564138745433,open,0.0,166.3,0.0005,0.0415,0.00194649,109.45,0.002,0.0,BTC-2AUG19-13000-C,9774.31,104.86,0.0015,1.0,0.002,30.0,109.96,1.02679,-8.1726,0.0601,5e-05,0.03456
9782.72,SYN.BTC-2AUG19,1564138745430,open,0.05,135.4,0.0055,0.085,0.04532636,100.75,0.043,0.0,BTC-2AUG19-10000-C,9774.31,94.64,0.042,19.0,0.043,7.4,96.48,5.33498,-39.08504,0.772,0.00029,0.46425
9817.3,SYN.BTC-30AUG19,1564138745433,open,0.45,0.0,0.394,0.5095,0.45165028,103.6,None,0.0,BTC-30AUG19-14000-P,9774.31,0.0,0.4015,2.0,0.5025,2.0,156.32,7.72291,-11.47015,-12.00822,8e-05,-0.82849
9782.72,SYN.BTC-2AUG19,1564138745432,open,0.48,0.0,0.424,0.542,0.48294374,124.19,None,0.0,BTC-2AUG19-14500-P,9774.31,0.0,0.0,0.0,0.0,0.0,0.0,0.45216,-4.08354,-2.70868,2e-05,-0.98691
9782.72,SYN.BTC-2AUG19,1564138745430,open,0.38,0.0,0.3265,0.4365,0.38125912,113.28,None,0.0,BTC-2AUG19-13500-P,9774.31,0.0,0.0105,0.2,0.99,2.0,500.0,0.73408,-6.04732,-2.50286,4e-05,-0.97691
217.08,SYN.ETH-9AUG19,1564138745437,open,0.0,0.001,0.046,0.006647,111.02,None,0.0,ETH-9AUG19-160-P,216.96,103.85,0.005,250.0,0.008,550.0,116.28,0.05338,-0.21354,-0.00588,0.00268,-0.06455
9791.36,SYN.BTC-9AUG19,1564138745846,open,15.0,0.011,0.0905,0.050695,101.75,0.054,0.0,BTC-9AUG19-10500-C,9774.31,96.83,0.047,1.0,0.052,10.0,103.48,7.37619,-27.04439,1.30067,0.0002,0.40013
9791.36,SYN.BTC-9AUG19,1564138745848,open,15.0,0.011,0.0905,0.050695,101.75,0.054,0.0,BTC-9AUG19-10500-C,9774.31,96.83,0.047,1.0,0.0515,10.0,102.82,7.37619,-27.04439,1.30067,0.0002,0.40013
9986.95,BTC-27DEC19,1564138746140,open,0.02,111.2,0.0005,0.0625,0.02253301,106.52,0.0215,0.0,BTC-27DEC19-32000-C,9774.31,105.05,0.021,14.0,0.024,6.0,107.89,10.57253,-3.65957,2.86111,2e-05,0.09049
9791.36,SYN.BTC-9AUG19,1564138746294,open,0.0,0.084,0.1635,0.12359918,102.71,None,0.0,BTC-9AUG19-9000-C,9774.31,95.15,0.1185,18.0,0.1265,10.5,106.97,6.64967,-24.61109,2.14105,0.00018,0.6988
9782.72,SYN.BTC-2AUG19,1564138746344,open,0.11,3.9,0.064,0.1435,0.10388086,104.48,0.1335,0.0,BTC-2AUG19-9000-C,9774.31,93.22,0.099,9.0,0.105,6.0,107.0,4.3273,-32.87754,1.17816,0.00023,0.7432
9782.72,SYN.BTC-2AUG19,1564138746345,open,0.08,53.2,0.031,0.1105,0.07086189,102.41,0.067,0.0,BTC-2AUG19-9500-C,9774.31,95.06,0.067,3.8,0.0715,0.1,103.62,5.15214,-38.36777,0.99326,0.00028,0.60985
9817.3,SYN.BTC-30AUG19,1564138746352,open,0.17,20.3,0.1255,0.205,0.16506017,101.01,0.1655,0.0,BTC-30AUG19-9000-C,9774.31,97.39,0.161,14.4,0.1665,4.0,102.3,11.01595,-15.9531,4.71813,0.00012,0.66804
9817.3,SYN.BTC-30AUG19,1564138746374,open,0.14,141.9,0.0895,0.1795,0.13454109,100.85,0.1325,0.0,BTC-30AUG19-10000-P,9774.31,99.6,0.133,14.4,0.1365,2.0,102.45,12.04995,-17.42287,-5.59086,0.00013,-0.46147
9986.95,BTC-27DEC19,1564138746392,open,0.32,179.0,0.2675,0.373,0.32026987,99.7,0.3245,0.0,BTC-27DEC19-11000-P,9774.31,98.62,0.3175,3.6,0.326,8.6,101.95,25.47849,-8.25446,-31.62061,6e-05,-0.43076
9986.95,BTC-27DEC19,1564138746426,open,0.43,63.0,0.385,0.4645,0.42488094,98.85,0.4965,0.0,BTC-27DEC19-6500-C,9774.27,59.23,0.3695,8.0,0.4745,8.0,129.04,15.84644,-5.09,17.43244,4e-05,0.83893
9986.95,BTC-27DEC19,1564138746426,open,0.75,0.0,0.712,0.7915,0.75172091,101.6,None,0.0,BTC-27DEC19-2500-C,9774.27,0.0,0.686,8.0,0.8175,8.0,241.95,1.35299,-0.44668,10.13475,0.0,0.99244
9986.95,BTC-27DEC19,1564138746426,open,0.01,171.7,0.0005,0.0485,0.00889265,108.34,0.0105,0.0,BTC-27DEC19-44000-C,9774.27,105.69,0.0075,24.0,0.01,6.0,110.27,5.53343,-1.94805,1.28955,1e-05,0.03952
9851.95,BTC-27SEP19,1564138746426,open,0.0,617.1,0.0005,0.0405,0.00076488,120.15,0.0005,0.0,BTC-27SEP19-3000-P,9774.27,0.0,0.0,0.0,0.0015,22.0,131.28,0.50852,-0.48588,-0.08465,0.0,-0.00422
9986.95,BTC-27DEC19,1564138746426,open,0.05,96.1,0.0025,0.0855,0.04389591,98.86,0.043,0.0,BTC-27DEC19-5500-P,9774.27,95.96,0.0405,6.0,0.0435,6.0,98.52,11.83913,-3.80294,-6.29389,3e-05,-0.10559
9986.95,BTC-27DEC19,1564138746426,open,3.42,0.0,3.2385,3.591,3.41467744,108.41,3.46,0.0,BTC-27DEC19-44000-P,9774.27,0.0,0.0,0.0,0.0,0.0,0.0,5.54748,-1.95414,-184.20073,1e-05,-0.96036
9851.95,BTC-27SEP19,1564138746426,open,0.65,261.1,0.6065,0.686,0.64601103,112.51,0.714,0.0,BTC-27SEP19-3500-C,9774.27,0.0,0.5845,7.0,0.7075,7.0,277.97,0.81182,-0.72636,5.88628,0.0,0.99285
9851.95,BTC-27SEP19,1564138746426,open,1.65,0.0,1.5375,1.7485,1.64308594,108.64,None,0.0,BTC-27SEP19-26000-P,9774.27,0.0,0.0,0.0,0.0,0.0,0.0,2.54909,-2.20219,-44.398,1e-05,-0.973
9986.95,BTC-27DEC19,1564138746426,open,0.0,371.4,0.0005,0.0445,0.00447086,100.81,0.005,0.0,BTC-27DEC19-3000-P,9774.27,96.62,0.0035,10.0,0.0055,22.0,104.7,2.48462,-0.81388,-0.82845,1e-05,-0.01521
9851.95,BTC-27SEP19,1564138746426,open,0.0,492.7,0.0005,0.04,0.00032578,144.99,0.0005,0.0,BTC-27SEP19-2000-P,9774.27,0.0,0.0,0.0,0.001,26.1,165.2,0.20991,-0.24203,-0.03244,0.0,-0.00159
9851.95,BTC-27SEP19,1564138746426,open,0.0,405.8,0.0005,0.0405,0.00049931,131.08,0.0005,0.0,BTC-27SEP19-2500-P,9774.27,0.0,0.0,0.0,0.001,25.0,142.57,0.33027,-0.34427,-0.05282,0.0,-0.00261
9851.95,BTC-27SEP19,1564138746426,open,0.75,55.9,0.707,0.7865,0.74674038,131.02,0.689,0.0,BTC-27SEP19-2500-C,9774.27,0.0,0.681,7.0,0.812,7.0,369.74,0.3293,-0.34309,4.25392,0.0,0.9974
9986.91,BTC-27DEC19,1564138746426,open,0.29,172.3,0.252,0.3315,0.29173126,98.85,0.287,0.0,BTC-27DEC19-9000-C,9774.27,96.59,0.2865,8.0,0.293,5.0,99.4,23.02048,-7.39447,16.57717,6e-05,0.68546
9851.95,BTC-27SEP19,1564138746427,open,0.66,34.4,0.594,0.7265,0.66014017,104.56,0.6695,0.0,BTC-27SEP19-16000-P,9774.27,0.0,0.602,2.5,0.678,2.5,119.56,10.87586,-9.04288,-25.05284,6e-05,-0.81606
9986.91,BTC-27DEC19,1564138746426,open,0.01,117.3,0.0005,0.048,0.00785248,98.86,0.01,0.0,BTC-27DEC19-3500-P,9774.27,95.16,0.0065,22.0,0.0095,22.0,102.94,3.83117,-1.23071,-1.39689,1e-05,-0.02533
9986.95,BTC-27DEC19,1564138746426,open,0.1,240.8,0.0515,0.1385,0.09506431,98.86,0.088,0.0,BTC-27DEC19-7000-P,9774.27,96.55,0.091,4.9,0.095,6.0,98.82,17.6476,-5.66874,-12.03986,4e-05,-0.1909
9851.95,BTC-27SEP19,1564138746427,open,0.48,78.4,0.4215,0.5395,0.48041518,103.91,0.502,0.0,BTC-27SEP19-14000-P,9774.27,95.04,0.4685,7.5,0.4855,0.2,107.54,13.63227,-11.26403,-20.46535,8e-05,-0.72547
9851.95,BTC-27SEP19,1564138746426,open,0.57,9.2,0.5315,0.611,0.5712976,103.8,0.574,0.0,BTC-27SEP19-4250-C,9774.27,0.0,0.513,7.0,0.63,7.0,230.78,1.55923,-1.28707,7.01897,1e-05,0.98488
9851.95,BTC-27SEP19,1564138746426,open,0.32,73.0,0.263,0.368,0.31547944,102.69,0.332,0.0,BTC-27SEP19-12000-P,9774.27,98.32,0.3085,0.2,0.319,0.2,104.88,15.81211,-12.91202,-15.51274,9e-05,-0.59858
9851.95,BTC-27SEP19,1564138746427,open,0.0,656.4,0.0005,0.0415,0.00179472,109.36,0.004,0.0,BTC-27SEP19-30000-C,9774.27,102.41,0.001,20.0,0.0025,24.0,113.87,1.36869,-1.19032,0.19015,1e-05,0.013
9986.91,BTC-27DEC19,1564138746427,open,0.66,4.0,0.6175,0.697,0.65739487,98.86,0.64,0.0,BTC-27DEC19-3500-C,9774.27,0.0,0.5955,8.0,0.7195,8.0,188.01,3.83146,-1.23084,13.35816,1e-05,0.97467
9986.91,BTC-27DEC19,1564138746428,open,0.04,153.0,0.0005,0.0785,0.0385788,105.11,0.041,0.0,BTC-27DEC19-26000-C,9774.27,104.03,0.037,8.0,0.0405,6.0,106.4,14.73799,-5.03363,4.45522,3e-05,0.1444
9851.95,BTC-27SEP19,1564138746428,open,0.02,670.0,0.0005,0.0595,0.01903264,101.49,0.0185,0.0,BTC-27SEP19-6000-P,9774.27,99.02,0.0175,24.1,0.0195,5.0,102.22,6.22635,-5.02505,-1.72451,4e-05,-0.08258
9851.95,BTC-27SEP19,1564138746427,open,0.26,901.9,0.223,0.3025,0.26286834,101.48,0.2995,0.0,BTC-27SEP19-8000-C,9774.27,82.96,0.2395,3.5,0.306,3.5,134.16,12.72362,-10.26829,8.42984,7e-05,0.75958
9791.44,SYN.BTC-9AUG19,1564138746426,open,90.0,0.0005,0.0575,0.01793783,102.84,0.016,0.0,BTC-9AUG19-12000-C,9774.27,97.96,0.0155,13.0,0.0185,35.0,103.94,5.01536,-18.58652,0.6045,0.00013,0.18034
9986.91,BTC-27DEC19,1564138746428,open,0.7,0.0,0.6645,0.744,0.7040787,100.81,None,0.0,BTC-27DEC19-3000-C,9774.27,0.0,0.64,8.0,0.7675,8.0,210.62,2.48495,-0.81402,11.81873,1e-05,0.98479
9851.91,BTC-27SEP19,1564138746428,open,0.04,185.3,0.0005,0.076,0.03608302,104.55,0.0385,0.0,BTC-27SEP19-16000-C,9774.27,103.1,0.0345,19.3,0.0375,17.0,105.82,10.8743,-9.0406,2.50863,6e-05,0.1839
9986.91,BTC-27DEC19,1564138746429,open,0.01,280.1,0.0005,0.0515,0.01191631,107.85,0.0135,0.0,BTC-27DEC19-40000-C,9774.27,105.7,0.0105,14.0,0.0135,6.0,110.08,6.83724,-2.39615,1.66268,2e-05,0.05141
9986.91,BTC-27DEC19,1564138746428,open,0.17,206.1,0.1275,0.207,0.16720434,100.88,0.169,0.0,BTC-27DEC19-13000-C,9774.27,99.83,0.1645,8.0,0.17,5.0,101.96,25.79623,-8.45579,12.75191,6e-05,0.47008
9851.91,BTC-27SEP19,1564138746428,open,2.25,0.0,2.12,2.3795,2.24962294,112.39,None,0.0,BTC-27SEP19-32000-P,9774.27,0.0,0.0,0.0,0.0,0.0,0.0,1.17919,-1.05393,-54.96394,1e-05,-0.98905
9986.91,BTC-27DEC19,1564138746428,open,0.06,170.5,0.018,0.0975,0.05772315,104.07,0.068,0.0,BTC-27DEC19-22000-C,9774.27,103.12,0.056,8.0,0.06,4.9,105.3,18.31672,-6.19398,6.11667,4e-05,0.203
9851.91,BTC-27SEP19,1564138746428,open,0.7,225.7,0.6565,0.736,0.69625416,120.13,0.693,0.0,BTC-27SEP19-3000-C,9774.27,0.0,0.6325,7.0,0.7595,7.0,318.06,0.50795,-0.48524,5.08333,0.0,0.99578
9986.91,BTC-27DEC19,1564138746429,open,0.13,341.1,0.091,0.1705,0.13099617,102.46,0.13,0.0,BTC-27DEC19-15000-C,9774.27,102.06,0.13,20.3,0.1315,0.1,102.66,24.8825,-8.28382,10.91217,6e-05,0.39018
9986.91,BTC-27DEC19,1564138746429,open,0.03,279.3,0.0005,0.0665,0.02671337,106.05,0.025,0.0,BTC-27DEC19-30000-C,9774.27,105.01,0.0255,8.0,0.0285,6.0,107.53,11.79689,-4.06505,3.29914,3e-05,0.10507
9986.91,BTC-27DEC19,1564138746429,open,0.39,165.3,0.337,0.448,0.39246874,100.3,0.4125,0.0,BTC-27DEC19-12000-P,9774.27,99.15,0.3895,3.6,0.397,5.0,102.05,25.8444,-8.42274,-36.84267,6e-05,-0.4826
9986.91,BTC-27DEC19,1564138746429,open,0.57,6.5,0.531,0.6105,0.57080945,98.86,0.575,0.0,BTC-27DEC19-4500-C,9774.27,0.0,0.5115,8.0,0.6285,8.0,157.34,7.62673,-2.44987,15.58455,2e-05,0.94097
9851.91,BTC-27SEP19,1564138746429,open,1.24,0.2,1.153,1.3315,1.24221422,107.12,1.391,0.0,BTC-27SEP19-22000-P,9774.27,0.0,0.005,10.0,0.0,0.0,0.0,4.64748,-3.95891,-37.09369,3e-05,-0.94348
9851.91,BTC-27SEP19,1564138746429,open,1.85,0.0,1.7315,1.9585,1.84483404,109.42,None,0.0,BTC-27SEP19-28000-P,9774.27,0.0,0.0,0.0,0.0,0.0,0.0,1.90322,-1.6561,-47.95599,1e-05,-0.98091
9851.91,BTC-27SEP19,1564138746429,open,0.85,1.0,0.7755,0.923,0.84933504,105.27,1.5815,0.0,BTC-27SEP19-18000-P,9774.27,0.0,0.005,0.8,1.382,0.5,462.02,8.31465,-6.96053,-29.30076,5e-05,-0.87717
9986.91,BTC-27DEC19,1564138746429,open,0.61,27.2,0.5735,0.653,0.61304796,98.86,0.65,0.0,BTC-27DEC19-4000-C,9774.27,0.0,0.553,8.0,0.673,8.0,170.64,5.62956,-1.80834,14.59207,1e-05,0.95963
9851.91,BTC-27SEP19,1564138746429,open,0.85,42.8,0.808,0.8875,0.84779923,144.87,0.815,0.0,BTC-27SEP19-1500-C,9774.27,0.0,0.778,7.0,0.9175,7.0,500.0,0.04532,-0.0522,2.57791,0.0,0.9997
9851.91,BTC-27SEP19,1564138746429,open,2.05,0.0,1.9255,2.1685,2.04690189,109.45,None,0.0,BTC-27SEP19-30000-P,9774.27,0.0,0.0,0.0,0.0,0.0,0.0,1.37532,-1.19706,-51.48748,1e-05,-0.98693
9817.38,SYN.BTC-30AUG19,1564138746426,open,0.2,18.9,0.1525,0.248,0.20040504,101.09,0.199,0.0,BTC-30AUG19-11000-P,9774.27,97.43,0.196,0.2,0.205,0.2,104.89,11.84803,-17.1706,-7.34213,0.00013,-0.5823
9817.38,SYN.BTC-30AUG19,1564138746426,open,0.04,54.4,0.0005,0.0775,0.03762921,102.89,0.037,0.0,BTC-30AUG19-13000-C,9774.27,102.22,0.037,17.0,0.038,0.7,103.28,9.316,-13.74147,1.84735,0.0001,0.23456
9851.91,BTC-27SEP19,1564138746430,open,0.8,28.2,0.7575,0.837,0.79731863,144.95,0.755,0.0,BTC-27SEP19-2000-C,9774.27,0.0,0.7295,7.0,0.865,7.0,440.89,0.20953,-0.24152,3.41287,0.0,0.99842
9851.91,BTC-27SEP19,1564138746430,open,0.0,282.2,0.0005,0.0425,0.00273414,109.36,0.0035,0.0,BTC-27SEP19-28000-C,9774.27,105.14,0.002,7.0,0.0035,24.0,113.01,1.89783,-1.65052,0.27654,1e-05,0.01903
9986.91,BTC-27DEC19,1564138746430,open,1.08,5.7,0.992,1.1575,1.0746522,103.67,1.085,0.0,BTC-27DEC19-20000-P,9774.27,45.81,1.004,3.0,1.1495,3.0,136.64,20.31676,-6.84404,-77.09664,5e-05,-0.75651
9791.44,SYN.BTC-9AUG19,1564138746426,open,0.0,0.2025,0.282,0.24243343,106.09,None,0.0,BTC-9AUG19-7500-C,9774.27,0.0,0.0,0.0,0.0,0.0,0.0,2.88937,-11.04587,2.51495,7e-05,0.91808
9791.44,SYN.BTC-9AUG19,1564138746426,open,0.0,0.0005,0.0415,0.00161879,107.39,None,0.0,BTC-9AUG19-6500-P,9774.27,99.71,0.001,30.0,0.0015,0.2,106.09,0.91002,-3.52164,-0.07911,2e-05,-0.01964
9817.38,SYN.BTC-30AUG19,1564138746426,open,0.05,126.7,0.0015,0.0845,0.04309764,101.02,0.043,0.0,BTC-30AUG19-8000-P,9774.27,99.21,0.0415,19.3,0.043,0.7,100.91,8.70847,-12.61179,-2.35986,9e-05,-0.20847
9851.91,BTC-27SEP19,1564138746431,open,0.04,357.4,0.0005,0.0825,0.04128694,101.49,0.0405,0.0,BTC-27SEP19-7000-P,9774.27,99.14,0.039,19.3,0.042,24.3,102.21,9.67689,-7.80967,-3.30405,6e-05,-0.1534
9791.44,SYN.BTC-9AUG19,1564138746426,open,0.0,0.1525,0.248,0.20042156,102.81,None,0.0,BTC-9AUG19-11500-P,9774.27,0.0,0.0,0.0,0.99,0.2,500.0,5.9522,-22.05049,-3.57015,0.00016,-0.75871
9782.8,SYN.BTC-2AUG19,1564138746426,open,0.03,121.7,0.0005,0.068,0.02806032,101.29,0.0265,0.0,BTC-2AUG19-10500-C,9774.27,96.11,0.0255,30.0,0.028,0.5,101.17,4.86365,-35.8256,0.55678,0.00027,0.33019
9791.44,SYN.BTC-9AUG19,1564138746426,open,0.0,0.194,0.293,0.24350764,102.86,None,0.0,BTC-9AUG19-12000-P,9774.27,0.0,0.0,0.0,0.99,0.2,500.0,5.01633,-18.59365,-3.95721,0.00013,-0.81961
9782.8,SYN.BTC-2AUG19,1564138746426,open,0.01,175.9,0.0005,0.0455,0.00546194,108.38,0.0045,0.0,BTC-2AUG19-8000-P,9774.27,103.3,0.0045,30.0,0.005,0.6,106.0,1.93558,-15.25557,-0.15162,0.0001,-0.07682
9817.38,SYN.BTC-30AUG19,1564138746427,open,0.37,17.1,0.3075,0.416,0.36182288,102.9,0.289,0.0,BTC-30AUG19-13000-P,9774.27,0.0,0.315,2.0,0.4095,2.0,147.75,9.31677,-13.74414,-10.5739,0.0001,-0.7654
9817.38,SYN.BTC-30AUG19,1564138746426,open,0.02,165.5,0.0005,0.0595,0.01894193,101.69,0.019,0.0,BTC-30AUG19-7000-P,9774.27,99.16,0.0175,30.0,0.02,28.0,103.51,5.65968,-8.25153,-1.19783,6e-05,-0.10875
9817.38,SYN.BTC-30AUG19,1564138746430,open,0.06,93.4,0.016,0.0955,0.05557607,102.53,0.056,0.0,BTC-30AUG19-12000-C,9774.27,100.19,0.053,19.3,0.056,0.2,102.92,10.81536,-15.89849,2.45621,0.00011,0.31742
9791.44,SYN.BTC-9AUG19,1564138746426,open,7.1,0.0005,0.0655,0.02591716,102.79,0.024,0.0,BTC-9AUG19-11500-C,9774.27,97.06,0.0225,3.0,0.026,11.0,102.93,5.95163,-22.04498,0.80152,0.00016,0.24125
9791.44,SYN.BTC-9AUG19,1564138746426,open,0.0,0.283,0.389,0.33594752,103.04,None,0.0,BTC-9AUG19-13000-P,9774.27,0.0,0.0,0.0,0.99,0.2,500.0,3.22746,-11.98327,-4.61904,9e-05,-0.90497
9782.8,SYN.BTC-2AUG19,1564138746426,open,0.01,104.5,0.0005,0.052,0.01174564,105.12,0.0125,0.0,BTC-2AUG19-8500-P,9774.27,101.11,0.0105,30.0,0.0115,0.3,104.34,3.09831,-23.68415,-0.29382,0.00016,-0.14769
9782.8,SYN.BTC-2AUG19,1564138746426,open,0.28,0.0,0.23,0.332,0.28119659,108.14,None,0.0,BTC-2AUG19-12500-P,9774.27,0.0,0.01,10.0,0.0,0.0,0.0,1.54432,-12.1445,-2.2553,8e-05,-0.94262
9817.38,SYN.BTC-30AUG19,1564138746430,open,0.02,141.9,0.0005,0.0565,0.01697618,103.59,0.023,0.0,BTC-30AUG19-15000-C,9774.27,101.19,0.0155,30.0,0.0175,0.1,104.42,6.15134,-9.13573,0.98777,6e-05,0.12228
9791.44,SYN.BTC-9AUG19,1564138746426,open,22.0,0.0005,0.0485,0.00841457,106.11,0.007,0.0,BTC-9AUG19-7500-P,9774.27,101.12,0.007,30.0,0.0095,12.0,109.69,2.89032,-11.05173,-0.33637,7e-05,-0.08195
9817.38,SYN.BTC-30AUG19,1564138746426,open,0.01,45.4,0.0005,0.0475,0.00788492,104.98,0.008,0.0,BTC-30AUG19-17000-C,9774.27,102.59,0.007,6.0,0.0085,24.0,106.55,3.75732,-5.65501,0.5174,4e-05,0.06304
9782.8,SYN.BTC-2AUG19,1564138746426,open,0.02,162.2,0.0005,0.057,0.01735197,103.67,0.017,0.0,BTC-2AUG19-11000-C,9774.27,96.59,0.0145,30.0,0.0165,1.0,101.59,4.03422,-30.41455,0.384,0.00022,0.22572
9782.8,SYN.BTC-2AUG19,1564138746427,open,0.24,0.0,0.196,0.2755,0.23567882,112.38,None,0.0,BTC-2AUG19-7500-C,9774.27,0.0,0.212,3.0,0.242,3.0,151.49,1.06019,-8.66394,1.3423,5e-05,0.96406
9782.8,SYN.BTC-2AUG19,1564138746428,open,0.01,235.1,0.0005,0.045,0.00534328,103.73,0.0055,0.0,BTC-2AUG19-12000-C,9774.27,97.07,0.004,36.0,0.0055,0.2,104.45,2.11403,-15.94732,0.14927,0.00011,0.08634
9782.8,SYN.BTC-2AUG19,1564138746428,open,0.15,20.1,0.103,0.1825,0.14286665,105.1,0.141,0.0,BTC-2AUG19-8500-C,9774.27,0.0,0.1195,3.0,0.1485,3.0,121.76,3.09769,-23.67434,1.30747,0.00016,0.85235
9817.38,SYN.BTC-30AUG19,1564138746430,open,0.01,182.1,0.0005,0.0465,0.00654661,103.18,0.006,0.0,BTC-30AUG19-6000-P,9774.27,99.4,0.0055,34.0,0.0075,28.0,106.36,2.83808,-4.19828,-0.47655,3e-05,-0.04426
9782.8,SYN.BTC-2AUG19,1564138746426,open,0.33,0.0,0.278,0.384,0.33082019,109.55,None,0.0,BTC-2AUG19-13000-P,9774.27,0.0,0.01,10.0,0.0,0.0,0.0,1.03027,-8.20779,-2.38853,5e-05,-0.9653
9782.8,SYN.BTC-2AUG19,1564138746426,open,0.03,424.5,0.0005,0.0645,0.02387028,104.48,0.023,0.0,BTC-2AUG19-9000-P,9774.27,100.23,0.022,15.0,0.024,0.5,104.78,4.32724,-32.87866,-0.5172,0.00023,-0.25679
9782.8,SYN.BTC-2AUG19,1564138746427,open,0.07,122.6,0.025,0.11,0.06753663,100.75,0.0675,0.0,BTC-2AUG19-10000-P,9774.27,96.1,0.065,18.0,0.0705,20.0,106.18,5.33506,-39.08891,-1.1117,0.00029,-0.53572
9782.8,SYN.BTC-2AUG19,1564138746427,open,0.14,1.8,0.0965,0.187,0.14178361,103.7,0.144,0.0,BTC-2AUG19-11000-P,9774.27,78.7,0.1325,6.0,0.1465,0.2,114.76,4.03481,-30.4255,-1.68804,0.00022,-0.77422
9782.8,SYN.BTC-2AUG19,1564138746430,open,0.11,28.4,0.0575,0.145,0.10138143,101.31,0.1,0.0,BTC-2AUG19-10500-P,9774.27,95.47,0.0985,18.0,0.105,18.0,108.53,4.86386,-35.83345,-1.42111,0.00027,-0.66977
9782.8,SYN.BTC-2AUG19,1564138746426,open,0.19,1.0,0.148,0.2275,0.18769347,108.35,0.1875,0.0,BTC-2AUG19-8000-C,9774.27,0.0,0.1615,3.0,0.195,3.0,138.5,1.93448,-15.24214,1.3555,0.0001,0.92324
9791.44,SYN.BTC-9AUG19,1564138746426,open,0.0,0.159,0.2385,0.19857834,104.69,None,0.0,BTC-9AUG19-8000-C,9774.27,0.0,0.0,0.0,0.0,0.0,0.0,4.19571,-15.82833,2.4716,0.00011,0.86258
