underlying_price,underlying_index,timestamp,state,settlement_price,open_interest,min_price,max_price,mark_price,mark_iv,last_price,interest_rate,instrument_name,index_price,bid_iv,best_bid_price,best_bid_amount,best_ask_price,best_ask_amount,ask_iv,vega,theta,rho,gamma,delta
9232.99,BTC-27DEC19,1572433140044,open,0.06,941.4,0.031,0.091,0.06047099,78.16,0.065,0.0,BTC-27DEC19-11000-C,9104.06,76.81,0.0585,12.8,0.0625,17.7,79.54,13.50136,-9.11651,4.1215,0.00013,0.34199
9107.18,SYN.BTC-1NOV19,1572433140068,open,0.04,130.2,0.0245,0.074,0.04923177,71.82,0.049,0.0,BTC-1NOV19-9500-P,9104.06,57.62,0.0465,4.0,0.0495,0.1,73.1,1.89969,-36.3716,-0.39114,0.00062,-0.78653
9107.18,SYN.BTC-1NOV19,1572433140069,open,0.01,110.1,0.0005,0.023,0.00678305,74.06,0.0075,0.0,BTC-1NOV19-8750-P,9104.06,70.3,0.006,0.4,0.0075,18.4,77.42,1.92124,-37.93154,-0.10504,0.00061,-0.21767
9107.18,SYN.BTC-1NOV19,1572433140072,open,0.07,101.6,0.05,0.098,0.07318193,74.17,0.059,0.0,BTC-1NOV19-9750-P,9104.06,0.0,0.07,4.1,0.0735,0.1,76.56,1.18334,-23.3975,-0.45333,0.00037,-0.89546
9107.18,SYN.BTC-1NOV19,1572433140079,open,0.09,84.9,0.077,0.1245,0.09945607,81.51,0.0815,0.0,BTC-1NOV19-10000-P,9104.06,0.0,0.0965,0.1,0.0995,0.1,82.04,0.75789,-16.46796,-0.48738,0.00022,-0.94194
9107.18,SYN.BTC-1NOV19,1572433140081,open,0.1,241.1,0.076,0.1175,0.09601156,92.52,0.1075,0.0,BTC-1NOV19-8250-C,9104.06,92.4,0.096,0.1,0.0985,4.0,114.78,0.81606,-20.12723,0.39321,0.00021,0.93618
9107.18,SYN.BTC-1NOV19,1572433140084,open,0.08,439.2,0.048,0.092,0.07010175,82.51,0.0665,0.0,BTC-1NOV19-8500-C,9104.06,81.78,0.07,0.1,0.0715,2.0,91.84,1.27375,-28.01605,0.38099,0.00036,0.88416
9107.18,SYN.BTC-1NOV19,1572433140085,open,0.03,254.7,0.005,0.0475,0.026067,69.03,0.031,0.0,BTC-1NOV19-9000-C,9104.06,66.98,0.0255,0.4,0.0285,14.0,77.81,2.51535,-46.28682,0.27052,0.00085,0.6041
9107.18,SYN.BTC-1NOV19,1572433140087,open,0.04,130.2,0.0245,0.074,0.04923177,71.82,0.049,0.0,BTC-1NOV19-9500-P,9104.06,57.62,0.0465,4.0,0.049,0.1,70.71,1.89969,-36.3716,-0.39114,0.00062,-0.78653
9458.24,SYN.BTC-26JUN20,1572433140088,open,0.32,12.2,0.2665,0.3615,0.31653095,79.01,0.3585,0.0,BTC-26JUN20-8000-C,9104.06,77.35,0.312,11.0,0.324,2.0,81.74,25.82829,-4.2535,25.05484,6e-05,0.71961
9232.99,BTC-27DEC19,1572433140091,open,0.0,570.0,0.0005,0.013,0.00314749,96.45,0.0025,0.0,BTC-27DEC19-4500-P,9104.06,92.79,0.0025,129.0,0.0035,18.0,98.26,1.74543,-1.45442,-0.33217,1e-05,-0.01954
183.74,SYN.ETH-1NOV19,1572433140137,open,0.14,611.0,0.103,0.158,0.130568,113.34,0.165,0.0,ETH-1NOV19-160-C,183.67,0.0,0.116,1.0,0.147,1.0,233.12,0.0115,-0.3474,0.00783,0.00585,0.95935
188.49,ETH-27MAR20,1572433140141,open,0.42,40.0,0.377,0.447,0.41429,87.0,0.459,0.0,ETH-27MAR20-120-C,183.67,64.71,0.386,7.0,0.435,7.0,101.15,0.26499,-0.07742,0.3444,0.0021,0.86226
186.05,ETH-27DEC19,1572433140181,open,0.15,1368.0,0.103,0.181,0.145008,82.34,0.146,0.0,ETH-27DEC19-180-C,183.67,79.73,0.141,96.0,0.149,252.0,84.94,0.28538,-0.203,0.13553,0.00631,0.6044
183.74,SYN.ETH-1NOV19,1572433140200,open,0.01,1716.0,0.001,0.031,0.009841,79.0,0.008,0.0,ETH-1NOV19-190-C,183.67,71.31,0.008,160.0,0.012,204.0,87.7,0.04483,-0.94409,0.00261,0.03271,0.28653
188.49,ETH-27MAR20,1572433140200,open,0.59,19.0,0.568,0.608,0.588177,93.18,0.542,0.0,ETH-27MAR20-80-C,183.67,0.0,0.573,7.0,0.6,1.0,111.05,0.10612,-0.03321,0.28499,0.00079,0.95886
186.04,ETH-27DEC19,1572433140205,open,0.11,3064.0,0.072,0.152,0.112542,82.36,0.11,0.0,ETH-27DEC19-180-P,183.67,79.4,0.108,382.0,0.115,632.0,83.96,0.28537,-0.20304,-0.14991,0.00631,-0.39565
186.05,ETH-27DEC19,1572433140209,open,0.08,6925.0,0.038,0.105,0.072465,84.77,0.078,0.0,ETH-27DEC19-220-C,183.67,83.13,0.07,128.0,0.076,403.0,87.11,0.2801,-0.20512,0.08823,0.00602,0.37153
9232.99,BTC-27DEC19,1572433140217,open,0.02,541.1,0.0055,0.0335,0.01717359,78.66,0.0155,0.0,BTC-27DEC19-6500-P,9104.06,76.97,0.016,9.0,0.018,16.0,79.82,6.48866,-4.40938,-1.72674,6e-05,-0.10077
9232.99,BTC-27DEC19,1572433140221,open,0.09,677.4,0.0555,0.1225,0.08952205,76.95,0.089,0.0,BTC-27DEC19-10000-C,9104.06,75.03,0.0865,26.2,0.0915,29.6,78.2,14.58332,-9.69436,5.38426,0.00014,0.4573
184.02,SYN.ETH-8NOV19,1572433140223,open,0.04,511.0,0.011,0.061,0.034887,78.25,0.051,0.0,ETH-8NOV19-190-C,183.67,75.15,0.033,120.0,0.038,293.0,83.34,0.1122,-0.49457,0.01725,0.01741,0.42041
9169.53,SYN.BTC-29NOV19,1572433140236,open,0.07,143.3,0.045,0.1035,0.07412403,73.57,0.071,0.0,BTC-29NOV19-9000-P,9104.06,70.78,0.071,9.6,0.073,15.0,72.57,10.27083,-12.64663,-3.73204,0.0002,-0.42313
183.74,SYN.ETH-1NOV19,1572433140271,open,0.04,1275.0,0.006,0.061,0.033624,77.63,0.031,0.0,ETH-1NOV19-180-C,183.67,71.45,0.032,120.0,0.037,20.0,90.29,0.04856,-1.00499,0.00586,0.03606,0.65434
9122.77,SYN.BTC-8NOV19,1572433140281,open,0.07,49.9,0.041,0.0985,0.06986574,73.14,0.057,0.0,BTC-8NOV19-9500-P,9104.06,66.4,0.066,12.0,0.0705,12.0,74.0,5.42851,-22.36818,-1.52451,0.00037,-0.61723
9122.77,SYN.BTC-8NOV19,1572433140283,open,0.05,70.0,0.0255,0.078,0.05161444,70.91,0.0495,0.0,BTC-8NOV19-9250-P,9104.06,65.72,0.0485,12.0,0.053,12.0,72.97,5.66146,-22.61504,-1.2858,0.00039,-0.52789
9107.18,SYN.BTC-1NOV19,1572433140292,open,0.03,210.4,0.0065,0.0525,0.02885336,69.97,0.025,0.0,BTC-1NOV19-9250-P,9104.06,59.06,0.026,12.4,0.029,1.0,70.08,2.50077,-46.64506,-0.30009,0.00084,-0.61223
9231.93,BTC-27DEC19,1572433140298,open,0.17,510.0,0.131,0.213,0.17272074,77.06,0.167,0.0,BTC-27DEC19-10000-P,9104.06,74.93,0.1695,9.6,0.176,9.6,79.05,14.58199,-9.70742,-10.47337,0.00014,-0.54262
9169.53,SYN.BTC-29NOV19,1572433140306,open,0.02,245.0,0.006,0.035,0.01822392,75.16,0.0175,0.0,BTC-29NOV19-7500-P,9104.06,73.25,0.017,16.0,0.0195,30.7,77.02,6.07997,-7.64763,-1.25272,0.00012,-0.14866
9169.53,SYN.BTC-29NOV19,1572433140310,open,0.03,508.9,0.013,0.0525,0.03088324,74.02,0.03,0.0,BTC-29NOV19-8000-P,9104.06,71.77,0.029,20.8,0.032,12.8,75.26,7.8988,-9.78505,-1.93262,0.00016,-0.22657
9232.99,BTC-27DEC19,1572433140308,open,0.2,495.2,0.1575,0.2225,0.19137245,76.04,0.2085,0.0,BTC-27DEC19-8000-C,9104.06,73.12,0.1875,32.1,0.195,23.1,78.86,12.06669,-7.92705,7.9443,0.00012,0.73395
9107.18,SYN.BTC-1NOV19,1572433140316,open,0.03,254.7,0.0055,0.0475,0.02617152,69.03,0.031,0.0,BTC-1NOV19-9000-C,9104.06,66.98,0.0255,0.4,0.0285,2.0,77.81,2.51535,-46.28682,0.27052,0.00085,0.6041
9122.77,SYN.BTC-8NOV19,1572433140327,open,0.08,7.9,0.06,0.119,0.08964706,74.26,0.0655,0.0,BTC-8NOV19-9750-P,9104.06,66.23,0.0855,12.0,0.0905,12.0,75.56,4.96713,-20.7793,-1.7458,0.00033,-0.69718
9232.99,BTC-27DEC19,1572433140330,open,0.14,509.2,0.095,0.165,0.13143466,75.73,0.137,0.0,BTC-27DEC19-9000-C,9104.06,73.55,0.128,33.9,0.1345,24.9,77.75,14.26617,-9.33388,6.7597,0.00014,0.5931
9107.18,SYN.BTC-1NOV19,1572433140345,open,0.1,241.1,0.076,0.1175,0.09616293,92.52,0.1075,0.0,BTC-1NOV19-8250-C,9104.06,92.4,0.096,0.1,0.099,4.0,118.48,0.81606,-20.12723,0.39321,0.00021,0.93618
9169.53,SYN.BTC-29NOV19,1572433140349,open,0.1,349.0,0.0625,0.1205,0.09252435,73.42,0.0905,0.0,BTC-29NOV19-9000-C,9104.06,72.13,0.091,9.7,0.0955,9.0,76.15,10.2709,-12.62003,3.63577,0.0002,0.57686
9231.93,BTC-27DEC19,1572433140345,open,0.1,815.6,0.0705,0.142,0.10625906,75.83,0.098,0.0,BTC-27DEC19-9000-P,9104.06,73.98,0.1035,24.8,0.109,24.8,77.54,14.26553,-9.34535,-7.51488,0.00014,-0.40701
9376.42,BTC-27MAR20,1572433140353,open,0.27,263.2,0.222,0.306,0.26608319,78.64,0.293,0.0,BTC-27MAR20-8000-C,9104.06,76.33,0.261,9.0,0.269,12.4,80.02,20.33988,-5.37193,17.16056,7e-05,0.71472
9376.42,BTC-27MAR20,1572433140373,open,0.22,10.1,0.1675,0.2575,0.21497479,78.6,0.2245,0.0,BTC-27MAR20-9000-C,9104.06,76.36,0.2095,10.9,0.2185,12.9,80.09,22.6042,-5.96703,15.88599,8e-05,0.63029
9231.93,BTC-27DEC19,1572433140383,open,0.03,280.5,0.0105,0.0465,0.02652132,77.07,0.023,0.0,BTC-27DEC19-7000-P,9104.06,75.34,0.025,25.0,0.0275,16.0,78.1,8.40381,-5.5951,-2.5207,8e-05,-0.14564
9231.93,BTC-27DEC19,1572433140395,open,0.1,815.6,0.0705,0.142,0.10625906,75.83,0.098,0.0,BTC-27DEC19-9000-P,9104.06,73.98,0.1035,9.6,0.109,24.8,77.54,14.26553,-9.34535,-7.51488,0.00014,-0.40701
9377.48,BTC-27MAR20,1572433140403,open,0.24,178.6,0.1865,0.2915,0.24034528,78.98,0.24,0.0,BTC-27MAR20-10000-P,9104.06,76.19,0.2335,7.6,0.2435,2.0,80.15,23.70729,-6.28808,-26.42591,8e-05,-0.45036
9232.99,BTC-27DEC19,1572433140406,open,0.09,677.4,0.0555,0.1225,0.08956583,76.95,0.089,0.0,BTC-27DEC19-10000-C,9104.06,75.03,0.0865,26.2,0.0915,13.0,78.2,14.58332,-9.69436,5.38426,0.00014,0.4573
9376.42,BTC-27MAR20,1572433140415,open,0.18,470.5,0.126,0.218,0.17391826,78.87,0.176,0.0,BTC-27MAR20-10000-C,9104.06,77.35,0.17,12.5,0.1775,2.0,80.32,23.7067,-6.27991,14.36096,8e-05,0.54936
9169.53,SYN.BTC-29NOV19,1572433140417,open,0.03,508.9,0.013,0.0525,0.03088324,74.02,0.03,0.0,BTC-29NOV19-8000-P,9104.06,71.77,0.029,20.8,0.032,26.4,75.26,7.8988,-9.78505,-1.93262,0.00016,-0.22657
9376.42,BTC-27MAR20,1572433140426,open,0.22,10.1,0.1675,0.2575,0.21497479,78.6,0.2245,0.0,BTC-27MAR20-9000-C,9104.06,76.36,0.2095,10.9,0.2185,2.0,80.09,22.6042,-5.96703,15.88599,8e-05,0.63029
9376.42,BTC-27MAR20,1572433140434,open,0.27,263.2,0.222,0.306,0.26608319,78.64,0.293,0.0,BTC-27MAR20-8000-C,9104.06,76.33,0.261,9.0,0.269,2.0,80.02,20.33988,-5.37193,17.16056,7e-05,0.71472
9376.42,BTC-27MAR20,1572433140435,open,0.27,263.2,0.222,0.306,0.26608319,78.64,0.293,0.0,BTC-27MAR20-8000-C,9104.06,76.33,0.261,19.4,0.269,2.0,80.02,20.33988,-5.37193,17.16056,7e-05,0.71472
9376.42,BTC-27MAR20,1572433140448,open,0.27,263.2,0.222,0.306,0.26608319,78.64,0.293,0.0,BTC-27MAR20-8000-C,9104.06,76.33,0.261,19.4,0.2685,10.4,79.79,20.33988,-5.37193,17.16056,7e-05,0.71472
9376.42,BTC-27MAR20,1572433140454,open,0.22,10.1,0.1675,0.2575,0.21497479,78.6,0.2245,0.0,BTC-27MAR20-9000-C,9104.06,76.36,0.2095,10.9,0.218,10.9,79.88,22.6042,-5.96703,15.88599,8e-05,0.63029
183.74,SYN.ETH-1NOV19,1572433140469,open,0.01,752.0,0.001,0.037,0.013252,77.44,0.011,0.0,ETH-1NOV19-180-P,183.67,65.04,0.01,160.0,0.014,10.0,80.33,0.04855,-1.00212,-0.00339,0.03614,-0.34534
186.04,ETH-27DEC19,1572433140471,open,0.11,3064.0,0.072,0.152,0.112541,82.36,0.11,0.0,ETH-27DEC19-180-P,183.67,79.4,0.108,128.0,0.115,632.0,83.96,0.28537,-0.20304,-0.14991,0.00631,-0.39565
186.04,ETH-27DEC19,1572433140473,open,0.0,11024.0,0.001,0.014,0.004018,118.54,0.005,0.0,ETH-27DEC19-520-C,183.67,113.9,0.003,360.0,0.005,180.0,122.32,0.04488,-0.04597,0.00651,0.00069,0.0261
188.49,ETH-27MAR20,1572433140474,open,0.09,1.0,0.05,0.122,0.086559,86.31,0.092,0.0,ETH-27MAR20-140-P,183.67,83.25,0.081,320.0,0.091,281.0,88.73,0.34449,-0.09986,-0.22609,0.00275,-0.2075
9377.32,BTC-27MAR20,1572433140486,open,1.35,6.0,1.3095,1.4415,1.37188652,89.84,1.5845,0.0,BTC-27MAR20-22000-P,9104.06,0.0,0.0,0.0,0.0,0.0,0.0,11.63897,-3.51185,-86.31389,4e-05,-0.8848
9233.09,BTC-27DEC19,1572433140512,open,1.8,0.0,1.761,1.8785,1.81717688,102.64,None,0.0,BTC-27DEC19-26000-P,9104.06,0.0,0.0,0.0,0.0,0.0,0.0,0.97424,-0.86385,-41.09892,1e-05,-0.99007
9376.42,BTC-27MAR20,1572433140635,open,0.22,10.1,0.1675,0.2575,0.21497479,78.6,0.2245,0.0,BTC-27MAR20-9000-C,9104.06,76.36,0.2095,10.9,0.2185,12.9,80.09,22.6042,-5.96703,15.88599,8e-05,0.63029
9376.42,BTC-27MAR20,1572433140637,open,0.27,263.2,0.222,0.306,0.26608319,78.64,0.293,0.0,BTC-27MAR20-8000-C,9104.06,76.33,0.261,19.4,0.269,12.4,80.02,20.33988,-5.37193,17.16056,7e-05,0.71472
9376.42,BTC-27MAR20,1572433140648,open,0.27,263.2,0.222,0.306,0.26608319,78.64,0.293,0.0,BTC-27MAR20-8000-C,9104.06,76.33,0.261,9.0,0.269,12.4,80.02,20.33988,-5.37193,17.16056,7e-05,0.71472
9233.09,BTC-27DEC19,1572433140728,open,4.6,0.8,4.5225,4.748,4.63266529,149.87,3.59,0.0,BTC-27DEC19-52000-P,9104.64,0.0,0.001,1.0,0.0,0.0,0.0,0.50216,-0.65018,-82.39533,0.0,-0.99531
9233.09,BTC-27DEC19,1572433140728,open,3.3,0.0,3.248,3.423,3.33307908,131.95,2.58,0.0,BTC-27DEC19-40000-P,9104.64,0.0,0.001,1.0,0.0,0.0,0.0,0.60128,-0.68542,-63.35357,0.0,-0.99426
9377.32,BTC-27MAR20,1572433140728,open,0.95,0.0,0.9025,1.0295,0.96357021,86.78,1.23,0.0,BTC-27MAR20-18000-P,9104.64,0.0,0.0,0.0,0.0,0.0,0.0,15.94328,-4.64667,-68.05731,5e-05,-0.81579
9233.67,BTC-27DEC19,1572433140728,open,2.02,0.1,1.9725,2.101,2.03379507,110.55,1.49,0.0,BTC-27DEC19-28000-P,9104.64,0.0,0.0,0.0,0.0,0.0,0.0,1.04167,-0.99485,-44.26147,1e-05,-0.98927
9233.67,BTC-27DEC19,1572433140728,open,0.53,268.3,0.4945,0.581,0.53584367,82.6,0.7205,0.0,BTC-27DEC19-14000-P,9104.64,0.0,0.509,4.0,0.5605,4.0,106.39,8.00161,-5.70977,-20.5034,7e-05,-0.86454
9377.32,BTC-27MAR20,1572433140728,open,2.4,0.0,2.348,2.5085,2.4235813,98.92,None,0.0,BTC-27MAR20-32000-P,9104.64,0.0,0.001,1.0,0.0,0.0,0.0,6.35968,-2.11286,-128.96156,2e-05,-0.94813
9377.32,BTC-27MAR20,1572433140729,open,1.15,5.2,1.1045,1.2325,1.16542109,87.86,1.108,0.0,BTC-27MAR20-20000-P,9104.64,0.0,0.0,0.0,0.0,0.0,0.0,13.48875,-3.98027,-77.37403,4e-05,-0.85753
9233.67,BTC-27DEC19,1572433140728,open,1.37,4.9,1.3365,1.439,1.38519292,97.54,1.0385,0.0,BTC-27DEC19-22000-P,9104.64,0.0,0.0,0.0,0.0,0.0,0.0,1.82692,-1.53946,-34.62027,1e-05,-0.97938
9233.67,BTC-27DEC19,1572433140730,open,0.63,211.2,0.5975,0.684,0.63862551,84.43,0.9295,0.0,BTC-27DEC19-15000-P,9104.64,0.0,0.0,0.0,0.0,0.0,0.0,6.50698,-4.74641,-22.5105,6e-05,-0.89885
9233.67,BTC-27DEC19,1572433140730,open,3.73,0.0,3.672,3.8635,3.7656665,132.6,3.46,0.0,BTC-27DEC19-44000-P,9104.64,0.0,0.001,1.0,0.0,0.0,0.0,0.39056,-0.44742,-69.72339,0.0,-0.99646
9233.67,BTC-27DEC19,1572433140730,open,4.17,0.0,4.0965,4.305,4.19882505,137.86,None,0.0,BTC-27DEC19-48000-P,9104.64,0.0,0.0005,1.0,0.0,0.0,0.0,0.35495,-0.42275,-76.0706,0.0,-0.99682
9377.32,BTC-27MAR20,1572433140731,open,3.24,1.0,3.183,3.3725,3.27287748,105.18,2.7125,0.0,BTC-27MAR20-40000-P,9104.64,0.0,0.0005,2.0,0.0,0.0,0.0,4.52995,-1.60016,-162.125,1e-05,-0.9659
9123.83,SYN.BTC-8NOV19,1572433140728,open,0.02,162.8,0.0075,0.0475,0.02564007,70.71,0.022,0.0,BTC-8NOV19-8750-P,9104.64,66.02,0.023,16.0,0.0265,16.1,72.23,5.16463,-20.57302,-0.79336,0.00036,-0.33195
9377.9,BTC-27MAR20,1572433140731,open,2.19,0.0,2.139,2.294,2.21177872,97.33,None,0.0,BTC-27MAR20-30000-P,9104.64,0.0,0.0,0.0,0.0,0.0,0.0,7.07639,-2.31304,-120.5808,2e-05,-0.94062
9377.9,BTC-27MAR20,1572433140731,open,2.82,0.0,2.7655,2.9395,2.84759637,102.12,None,0.0,BTC-27MAR20-36000-P,9104.64,0.0,0.0,0.0,0.0,0.0,0.0,5.29116,-1.81472,-145.59464,1e-05,-0.95875
9377.9,BTC-27MAR20,1572433140732,open,2.61,0.0,2.5565,2.724,2.6355055,100.78,None,0.0,BTC-27MAR20-34000-P,9104.64,0.0,0.0,0.0,0.0,0.0,0.0,5.8331,-1.97433,-137.27936,2e-05,-0.95346
9459.15,SYN.BTC-26JUN20,1572433140730,open,0.27,34.4,0.2165,0.318,0.27013988,79.02,0.2865,0.0,BTC-26JUN20-9000-C,9104.64,77.3,0.265,11.3,0.2785,5.0,81.82,28.26293,-4.65513,23.90448,6e-05,0.65467
9377.9,BTC-27MAR20,1572433140733,open,1.77,0.0,1.723,1.8645,1.78956321,93.32,None,0.0,BTC-27MAR20-26000-P,9104.64,0.0,0.0015,1.0,0.0,0.0,0.0,8.805,-2.75963,-103.68686,3e-05,-0.92117
9377.9,BTC-27MAR20,1572433140735,open,1.98,0.0,1.931,2.0795,2.00070268,95.73,None,0.0,BTC-27MAR20-28000-P,9104.64,0.0,0.0,0.0,0.0,0.0,0.0,7.95194,-2.55672,-112.1394,2e-05,-0.93101
9233.67,BTC-27DEC19,1572433140735,open,2.44,0.3,2.397,2.542,2.46655026,116.69,1.875,0.0,BTC-27DEC19-32000-P,9104.64,0.0,0.0005,0.1,0.0,0.0,0.0,0.74271,-0.74871,-50.64783,0.0,-0.99271
9459.15,SYN.BTC-26JUN20,1572433140728,open,0.97,0.0,0.9125,1.062,0.98585548,83.69,None,0.0,BTC-26JUN20-18000-P,9104.64,0.0,0.09,1.0,1.35,1.0,200.94,25.41273,-4.43314,-106.58923,5e-05,-0.72876
9233.67,BTC-27DEC19,1572433140739,open,0.94,9.4,0.913,1.0035,0.95555722,90.39,1.1125,0.0,BTC-27DEC19-18000-P,9104.64,0.0,0.0,0.0,0.0,0.0,0.0,3.60991,-2.81905,-27.94344,3e-05,-0.95299
9459.15,SYN.BTC-26JUN20,1572433140728,open,1.57,0.0,1.5085,1.669,1.58528073,87.55,None,0.0,BTC-26JUN20-24000-P,9104.64,0.0,0.0,0.0,0.0,0.0,0.0,19.35395,-3.53201,-150.18893,4e-05,-0.8307
9108.24,SYN.BTC-1NOV19,1572433140731,open,0.0,131.0,0.0005,0.0125,0.00204186,94.27,0.0015,0.0,BTC-1NOV19-8250-P,9104.64,87.99,0.0015,0.5,0.002,2.0,93.82,0.84783,-18.59777,-0.03233,0.00021,-0.06703
9170.61,SYN.BTC-29NOV19,1572433140730,open,0.63,0.0,0.6045,0.6795,0.63992327,93.03,None,0.0,BTC-29NOV19-15000-P,9104.64,0.0,0.02,1.0,0.0,0.0,0.0,2.40208,-3.73973,-11.98614,4e-05,-0.9569
9459.15,SYN.BTC-26JUN20,1572433140730,open,1.77,0.0,1.712,1.877,1.79028481,88.93,None,0.0,BTC-26JUN20-26000-P,9104.64,0.0,0.0,0.0,0.0,0.0,0.0,17.77409,-3.29459,-164.21515,3e-05,-0.85132
9459.15,SYN.BTC-26JUN20,1572433140730,open,1.17,0.0,1.108,1.2605,1.18198915,84.88,None,0.0,BTC-26JUN20-20000-P,9104.64,0.0,0.1,1.0,2.0,1.0,432.02,23.19521,-4.10397,-121.443,5e-05,-0.77157
9459.15,SYN.BTC-26JUN20,1572433140732,open,2.18,0.0,2.1215,2.2985,2.20521728,92.32,None,0.0,BTC-26JUN20-30000-P,9104.64,0.0,0.0,0.0,0.0,0.0,0.0,15.46404,-2.97565,-191.70623,3e-05,-0.87862
9459.15,SYN.BTC-26JUN20,1572433140731,open,1.37,0.0,1.3075,1.4645,1.38295965,86.52,None,0.0,BTC-26JUN20-22000-P,9104.64,0.0,0.11,1.0,0.0,0.0,0.0,21.26638,-3.83507,-135.89671,4e-05,-0.80311
9170.61,SYN.BTC-29NOV19,1572433140852,open,0.03,508.9,0.013,0.0525,0.03088324,74.0,0.03,0.0,BTC-29NOV19-8000-P,9104.64,71.8,0.029,20.8,0.032,12.8,75.29,7.89567,-9.77882,-1.93095,0.00015,-0.22636
186.05,ETH-27DEC19,1572433140874,open,0.52,311.0,0.476,0.594,0.534074,91.55,0.71,0.0,ETH-27DEC19-280-P,183.69,0.0,0.001,8.0,0.0,0.0,0.0,0.19019,-0.15044,-0.40127,0.00378,-0.82612
186.05,ETH-27DEC19,1572433140874,open,0.0,6174.0,0.001,0.011,0.000627,120.0,0.002,0.0,ETH-27DEC19-720-C,183.69,125.64,0.001,160.0,0.003,480.0,142.07,0.01024,-0.01062,0.00122,0.00016,0.00475
186.05,ETH-27DEC19,1572433140874,open,0.62,1.0,0.576,0.697,0.634892,93.94,0.494,0.0,ETH-27DEC19-300-P,183.69,0.0,0.01,5.0,0.0,0.0,0.0,0.16314,-0.13239,-0.44165,0.00316,-0.86219
186.05,ETH-27DEC19,1572433140874,open,3.03,0.0,2.967,3.213,3.085579,124.57,None,0.0,ETH-27DEC19-760-P,183.69,0.0,0.0,0.0,0.0,0.0,0.0,0.01035,-0.01114,-1.20386,0.00015,-0.99519
186.05,ETH-27DEC19,1572433140873,open,0.21,1374.0,0.164,0.239,0.204353,82.94,0.21,0.0,ETH-27DEC19-160-C,183.69,75.74,0.195,232.0,0.209,232.0,86.48,0.2436,-0.17455,0.15595,0.00535,0.73298
188.49,ETH-27MAR20,1572433140874,open,0.03,1161.0,0.009,0.057,0.029395,98.56,0.037,0.0,ETH-27MAR20-480-C,183.69,95.84,0.026,240.0,0.033,540.0,101.29,0.24216,-0.08016,0.07039,0.0017,0.12095
188.49,ETH-27MAR20,1572433140874,open,0.04,966.0,0.012,0.065,0.035138,96.43,0.039,0.0,ETH-27MAR20-440-C,183.69,94.21,0.032,260.0,0.039,560.0,99.05,0.27135,-0.08788,0.08264,0.00194,0.14264
188.49,ETH-27MAR20,1572433140874,open,0.1,1598.0,0.057,0.145,0.102146,91.03,0.112,0.0,ETH-27MAR20-280-C,183.69,86.69,0.092,260.0,0.106,303.0,92.66,0.44507,-0.13607,0.18921,0.00337,0.34825
186.05,ETH-27DEC19,1572433140874,open,0.42,946.0,0.379,0.493,0.435972,89.09,0.3,0.0,ETH-27DEC19-260-P,183.69,0.0,0.0,0.0,0.0,0.0,0.0,0.22041,-0.16965,-0.35818,0.00451,-0.77815
186.05,ETH-27DEC19,1572433140874,open,0.03,1651.0,0.01,0.053,0.029021,91.48,0.03,0.0,ETH-27DEC19-280-C,183.69,89.47,0.027,128.0,0.031,425.0,93.39,0.18999,-0.15015,0.04265,0.00378,0.17359
186.05,ETH-27DEC19,1572433140874,open,0.01,10187.0,0.001,0.021,0.008202,105.56,0.011,0.0,ETH-27DEC19-400-C,183.69,102.66,0.007,480.0,0.01,180.0,109.46,0.08075,-0.07364,0.01339,0.00139,0.0536
186.05,ETH-27DEC19,1572433140874,open,0.0,17098.0,0.001,0.011,0.001956,120.0,0.004,0.0,ETH-27DEC19-600-C,183.69,120.31,0.002,260.0,0.004,480.0,131.36,0.02562,-0.02656,0.0034,0.00039,0.0135
188.51,ETH-27MAR20,1572433140874,open,0.03,30.0,0.011,0.047,0.027414,89.6,0.052,0.0,ETH-27MAR20-100-P,183.69,84.88,0.023,620.0,0.031,620.0,93.24,0.18178,-0.0547,-0.08387,0.0014,-0.08166
186.05,ETH-27DEC19,1572433140874,open,0.33,2287.0,0.287,0.397,0.342629,87.11,0.354,0.0,ETH-27DEC19-240-P,183.69,20.58,0.29,50.0,0.0,0.0,0.0,0.25257,-0.19007,-0.31127,0.00528,-0.71249
186.05,ETH-27DEC19,1572433140874,open,0.02,514.0,0.003,0.031,0.014165,98.65,0.018,0.0,ETH-27DEC19-340-C,183.69,96.81,0.013,1.0,0.016,780.0,101.39,0.12067,-0.10284,0.02248,0.00223,0.09037
188.51,ETH-27MAR20,1572433140874,open,0.17,0.0,0.109,0.207,0.161638,86.68,None,0.0,ETH-27MAR20-220-C,183.69,80.93,0.147,270.0,0.166,270.0,88.39,0.4803,-0.13982,0.25947,0.00382,0.4991
186.05,ETH-27DEC19,1572433140874,open,1.76,37.0,1.715,1.891,1.799116,119.15,0.707,0.0,ETH-27DEC19-520-P,183.69,0.0,0.002,25.0,0.0,0.0,0.0,0.04597,-0.04732,-0.81784,0.0007,-0.97314
186.05,ETH-27DEC19,1572433140874,open,0.02,1210.0,0.007,0.044,0.022335,93.84,0.029,0.0,ETH-27DEC19-300-C,183.69,92.29,0.021,1.0,0.024,780.0,95.71,0.16286,-0.13203,0.03397,0.00316,0.13747
188.51,ETH-27MAR20,1572433140874,open,0.07,682.0,0.036,0.113,0.073828,91.54,0.088,0.0,ETH-27MAR20-320-C,183.69,88.27,0.067,550.0,0.077,550.0,93.04,0.39808,-0.12239,0.15084,0.003,0.27001
186.05,ETH-27DEC19,1572433140874,open,0.01,1189.0,0.002,0.027,0.011381,100.58,0.013,0.0,ETH-27DEC19-360-C,183.69,98.02,0.01,161.0,0.013,480.0,103.39,0.10363,-0.09005,0.01843,0.00188,0.07384
186.05,ETH-27DEC19,1572433140874,open,2.19,0.0,2.132,2.33,2.227069,121.22,0.953,0.0,ETH-27DEC19-600-P,183.69,0.0,0.0,0.0,0.0,0.0,0.0,0.02719,-0.02847,-0.94774,0.00041,-0.98554
186.05,ETH-27DEC19,1572433140874,open,2.61,0.0,2.549,2.771,2.656035,122.44,None,0.0,ETH-27DEC19-680-P,183.69,0.0,0.002,10.0,0.0,0.0,0.0,0.01602,-0.01695,-1.07623,0.00024,-0.99212
188.51,ETH-27MAR20,1572433140874,open,0.02,5515.0,0.005,0.043,0.019967,105.32,0.025,0.0,ETH-27MAR20-600-C,183.69,102.15,0.017,240.0,0.023,540.0,108.31,0.18409,-0.06512,0.0485,0.00121,0.08304
188.51,ETH-27MAR20,1572433140874,open,0.13,4463.0,0.087,0.177,0.132828,85.91,0.113,0.0,ETH-27MAR20-160-P,183.69,82.29,0.125,565.0,0.138,565.0,88.31,0.40754,-0.11759,-0.31992,0.00327,-0.28326
186.05,ETH-27DEC19,1572433140874,open,0.01,9935.0,0.001,0.017,0.006176,110.05,0.007,0.0,ETH-27DEC19-440-C,183.69,106.43,0.005,480.0,0.008,800.0,114.9,0.06446,-0.06128,0.01012,0.00107,0.04048
188.51,ETH-27MAR20,1572433140874,open,1.15,3.0,1.083,1.257,1.167857,96.03,1.39,0.0,ETH-27MAR20-400-P,183.69,0.0,0.001,10.0,0.0,0.0,0.0,0.31457,-0.10145,-1.52938,0.00226,-0.82122
188.51,ETH-27MAR20,1572433140874,open,0.02,363.0,0.004,0.038,0.01701,106.23,0.021,0.0,ETH-27MAR20-640-C,183.69,102.6,0.014,240.0,0.02,540.0,109.49,0.16486,-0.05882,0.04214,0.00107,0.07182
186.05,ETH-27DEC19,1572433140874,open,0.0,9302.0,0.001,0.012,0.002912,119.99,0.004,0.0,ETH-27DEC19-560-C,183.69,114.49,0.002,160.0,0.004,20.0,125.19,0.03489,-0.03617,0.00485,0.00053,0.01936
188.51,ETH-27MAR20,1572433140874,open,0.29,736.0,0.234,0.326,0.283977,85.87,0.289,0.0,ETH-27MAR20-160-C,183.69,84.03,0.28,2.0,0.289,555.0,88.2,0.40753,-0.11753,0.33275,0.00327,0.71675
188.51,ETH-27MAR20,1572433140874,open,0.02,886.0,0.006,0.044,0.02104,101.89,0.028,0.0,ETH-27MAR20-560-C,183.69,98.8,0.018,540.0,0.024,240.0,104.67,0.19365,-0.06626,0.05214,0.00131,0.08885
188.51,ETH-27MAR20,1572433140874,open,0.2,1331.0,0.142,0.241,0.195476,86.68,0.216,0.0,ETH-27MAR20-200-C,183.69,82.91,0.186,564.0,0.202,264.0,89.28,0.47341,-0.13782,0.28601,0.00377,0.56746
183.75,SYN.ETH-1NOV19,1572433140874,open,0.3,0.0,0.271,0.313,0.292468,0.0,None,0.0,ETH-1NOV19-130-C,183.69,0.0,0.0,0.0,0.0,0.0,0.0,0.0,0.0,0.00668,0.0,1.0
183.75,SYN.ETH-1NOV19,1572433140874,open,0.0,1431.0,0.001,0.011,1.6e-05,120.02,0.001,0.0,ETH-1NOV19-140-P,183.69,0.0,0.0,0.0,0.001,20.0,189.49,0.00031,-0.00296,-1e-05,0.00015,-0.00068
186.07,ETH-27DEC19,1572433140875,open,0.0,12670.0,0.001,0.011,0.000907,119.99,0.004,0.0,ETH-27DEC19-680-C,183.69,121.18,0.001,160.0,0.003,320.0,137.22,0.01387,-0.01438,0.00171,0.00021,0.00669
184.9,SYN.ETH-29NOV19,1572433140874,open,0.02,1266.0,0.003,0.031,0.014076,91.66,0.02,0.0,ETH-29NOV19-260-C,183.69,89.76,0.013,160.0,0.016,460.0,94.9,0.10659,-0.1635,0.01622,0.00416,0.12124
184.9,SYN.ETH-29NOV19,1572433140874,open,0.01,377.0,0.001,0.016,0.005781,106.88,0.008,0.0,ETH-29NOV19-320-C,183.69,104.14,0.005,160.0,0.007,480.0,110.76,0.05491,-0.09822,0.00675,0.00184,0.05041
188.51,ETH-27MAR20,1572433140875,open,0.03,2444.0,0.007,0.049,0.024242,99.88,0.031,0.0,ETH-27MAR20-520-C,183.69,96.91,0.021,540.0,0.028,540.0,103.07,0.21393,-0.07176,0.05957,0.00148,0.10172
186.07,ETH-27DEC19,1572433140875,open,0.38,2.0,0.342,0.395,0.369294,88.31,0.346,0.0,ETH-27DEC19-120-C,183.69,0.0,0.101,1.0,0.0,0.0,0.0,0.10736,-0.08191,0.16327,0.00221,0.92266
188.51,ETH-27MAR20,1572433140875,open,0.01,828.0,0.003,0.024,0.012622,93.23,0.02,0.0,ETH-27MAR20-80-P,183.69,88.31,0.01,620.0,0.015,320.0,97.28,0.1062,-0.03325,-0.04136,0.00079,-0.04117
188.51,ETH-27MAR20,1572433140875,open,0.32,0.0,0.262,0.39,0.328809,86.73,None,0.0,ETH-27MAR20-220-P,183.69,69.1,0.284,4.0,0.342,300.0,91.91,0.4803,-0.1399,-0.63786,0.00382,-0.50077
188.51,ETH-27MAR20,1572433140875,open,1.35,0.0,1.282,1.463,1.369479,96.6,None,0.0,ETH-27MAR20-440-P,183.69,0.0,0.002,10.0,0.0,0.0,0.0,0.27225,-0.08832,-1.71168,0.00194,-0.85668
188.51,ETH-27MAR20,1572433140875,open,0.05,1180.0,0.025,0.078,0.050952,87.03,0.065,0.0,ETH-27MAR20-120-P,183.69,83.46,0.046,613.0,0.053,100.0,88.48,0.26501,-0.07746,-0.14508,0.0021,-0.13774
188.51,ETH-27MAR20,1572433140875,open,0.05,1040.0,0.018,0.079,0.045623,95.83,0.048,0.0,ETH-27MAR20-400-C,183.69,91.08,0.038,559.0,0.051,319.0,98.99,0.31365,-0.10095,0.10175,0.00226,0.17795
186.07,ETH-27DEC19,1572433140875,open,0.01,896.0,0.001,0.023,0.009468,102.85,0.012,0.0,ETH-27DEC19-380-C,183.69,99.68,0.008,480.0,0.011,160.0,105.87,0.09048,-0.0804,0.01548,0.0016,0.06194
186.07,ETH-27DEC19,1572433140875,open,1.97,0.0,1.923,2.111,2.013018,122.44,0.845,0.0,ETH-27DEC19-560-P,183.69,0.0,0.0,0.0,0.0,0.0,0.0,0.03873,-0.04097,-0.8825,0.00058,-0.97811
186.07,ETH-27DEC19,1572433140875,open,0.92,257.0,0.883,1.016,0.946448,101.13,0.7,0.0,ETH-27DEC19-360-P,183.69,0.0,0.01,7.0,0.0,0.0,0.0,0.10518,-0.09189,-0.55207,0.00189,-0.92472
188.51,ETH-27MAR20,1572433140875,open,0.35,0.0,0.299,0.382,0.343815,86.28,None,0.0,ETH-27MAR20-140-C,183.69,71.24,0.317,7.0,0.369,7.0,99.87,0.34445,-0.09981,0.34506,0.00275,0.79259
188.51,ETH-27MAR20,1572433140875,open,0.14,1227.0,0.089,0.185,0.139913,89.12,0.202,0.0,ETH-27MAR20-240-C,183.69,84.39,0.128,574.0,0.143,274.0,90.34,0.47563,-0.14236,0.23416,0.00368,0.44445
184.03,SYN.ETH-8NOV19,1572433140874,open,0.14,120.0,0.114,0.193,0.153084,85.3,0.104,0.0,ETH-8NOV19-210-P,183.69,0.0,0.141,50.0,0.0,0.0,0.0,0.07459,-0.3584,-0.04367,0.01062,-0.82271
186.07,ETH-27DEC19,1572433140875,open,0.01,5628.0,0.001,0.015,0.004962,114.64,0.005,0.0,ETH-27DEC19-480-C,183.69,111.06,0.004,200.0,0.006,180.0,118.02,0.05361,-0.0531,0.00807,0.00085,0.03232
183.75,SYN.ETH-1NOV19,1572433140874,open,0.25,40.0,0.215,0.26,0.238058,0.0,0.127,0.0,ETH-1NOV19-140-C,183.69,0.0,0.0,0.0,0.0,0.0,0.0,0.0,0.0,0.00719,0.0,1.0
186.07,ETH-27DEC19,1572433140876,open,0.82,0.0,0.78,0.909,0.841729,99.09,None,0.0,ETH-27DEC19-340-P,183.69,0.0,0.001,5.0,0.0,0.0,0.0,0.12197,-0.10441,-0.51634,0.00224,-0.90833
188.51,ETH-27MAR20,1572433140876,open,0.24,15.0,0.179,0.275,0.231341,84.55,0.237,0.0,ETH-27MAR20-180-C,183.69,78.98,0.218,259.0,0.238,559.0,87.34,0.45088,-0.12803,0.31337,0.00368,0.63891
186.07,ETH-27DEC19,1572433140876,open,0.03,2633.0,0.013,0.054,0.031824,84.22,0.028,0.0,ETH-27DEC19-140-P,183.69,81.21,0.029,488.0,0.033,128.0,85.46,0.17643,-0.12838,-0.05507,0.00382,-0.15483
188.51,ETH-27MAR20,1572433140876,open,0.5,0.0,0.468,0.523,0.496881,89.55,None,0.0,ETH-27MAR20-100-C,183.69,61.77,0.476,7.0,0.513,7.0,104.93,0.18165,-0.05463,0.32412,0.0014,0.91842
186.07,ETH-27DEC19,1572433140876,open,0.24,2728.0,0.202,0.306,0.255006,84.87,0.274,0.0,ETH-27DEC19-220-P,183.69,0.0,0.0,0.0,0.0,0.0,0.0,0.28023,-0.20548,-0.26053,0.00601,-0.62803
190.13,SYN.ETH-26JUN20,1572433140874,open,0.61,0.0,0.581,0.63,0.606482,91.16,None,0.0,ETH-26JUN20-80-C,183.69,51.09,0.581,1.0,0.0,0.0,0.0,0.18758,-0.03564,0.41467,0.00087,0.93834
186.07,ETH-27DEC19,1572433140876,open,1.55,21.0,1.506,1.671,1.585051,116.04,0.629,0.0,ETH-27DEC19-480-P,183.69,0.0,0.001,7.0,0.0,0.0,0.0,0.05643,-0.05657,-0.75255,0.00089,-0.96561
183.75,SYN.ETH-1NOV19,1572433140875,open,0.0,249.0,0.001,0.011,0.000136,119.97,0.002,0.0,ETH-1NOV19-230-C,183.69,0.0,0.0,0.0,0.001,20.0,155.06,0.00195,-0.02501,5e-05,0.00093,0.00512
186.07,ETH-27DEC19,1572433140876,open,0.72,101.0,0.677,0.802,0.73779,96.77,0.513,0.0,ETH-27DEC19-320-P,183.69,0.0,0.006,5.0,0.0,0.0,0.0,0.14141,-0.11823,-0.47958,0.00266,-0.88769
186.07,ETH-27DEC19,1572433140876,open,0.48,0.0,0.448,0.489,0.468826,96.63,None,0.0,ETH-27DEC19-100-C,183.69,0.0,0.0,0.0,0.0,0.0,0.0,0.05784,-0.04829,0.14626,0.00109,0.96456
186.07,ETH-27DEC19,1572433140877,open,1.13,16.0,1.09,1.233,1.158275,106.33,1.195,0.0,ETH-27DEC19-400-P,183.69,0.0,0.001,8.0,0.0,0.0,0.0,0.08272,-0.07599,-0.62047,0.00142,-0.94474
190.13,SYN.ETH-26JUN20,1572433140874,open,0.8,0.0,0.721,0.899,0.811622,90.44,None,0.0,ETH-26JUN20-320-P,183.69,0.0,0.0,0.0,0.842,1.0,100.23,0.57969,-0.10927,-1.80688,0.0027,-0.6344
186.07,ETH-27DEC19,1572433140876,open,0.01,5803.0,0.004,0.029,0.014287,88.44,0.011,0.0,ETH-27DEC19-120-P,183.69,84.33,0.012,520.0,0.015,160.0,89.66,0.1076,-0.08221,-0.0271,0.00222,-0.07756
184.03,SYN.ETH-8NOV19,1572433140874,open,0.35,0.0,0.32,0.407,0.361108,108.05,None,0.0,ETH-8NOV19-250-P,183.69,0.0,0.01,25.0,0.0,0.0,0.0,0.02547,-0.15501,-0.05906,0.00286,-0.95853
183.75,SYN.ETH-1NOV19,1572433140875,open,0.19,162.0,0.159,0.208,0.183856,117.05,0.221,0.0,ETH-1NOV19-150-C,183.69,0.0,0.0,0.0,0.0,0.0,0.0,0.00255,-0.07949,0.00764,0.00125,0.99306
190.13,SYN.ETH-26JUN20,1572433140874,open,0.05,68.0,0.017,0.083,0.046551,99.29,0.055,0.0,ETH-26JUN20-600-C,183.69,95.74,0.04,450.0,0.052,300.0,102.07,0.36354,-0.07524,0.13253,0.00154,0.15261
190.13,SYN.ETH-26JUN20,1572433140874,open,0.3,16.0,0.235,0.342,0.294027,86.42,0.33,0.0,ETH-26JUN20-180-C,183.69,83.37,0.285,340.0,0.301,190.0,88.79,0.56098,-0.10106,0.46462,0.00273,0.66585
190.13,SYN.ETH-26JUN20,1572433140874,open,1.76,0.0,1.684,1.908,1.793434,96.95,None,0.0,ETH-26JUN20-520-P,183.69,0.0,0.0,0.0,0.0,0.0,0.0,0.41486,-0.08384,-3.25626,0.0018,-0.81251
190.13,SYN.ETH-26JUN20,1572433140874,open,0.98,0.0,0.905,1.093,0.999875,91.79,None,0.0,ETH-26JUN20-360-P,183.69,0.0,0.0,0.0,1.025,1.0,100.32,0.54646,-0.10455,-2.10717,0.00251,-0.68646
188.51,ETH-27MAR20,1572433140877,open,0.06,578.0,0.024,0.091,0.05588,92.99,0.06,0.0,ETH-27MAR20-360-C,183.69,90.88,0.052,260.0,0.06,555.0,95.17,0.35087,-0.10958,0.12162,0.0026,0.21405
186.07,ETH-27DEC19,1572433140877,open,2.4,0.0,2.341,2.551,2.441446,124.8,None,0.0,ETH-27DEC19-640-P,183.69,0.0,0.0,0.0,0.0,0.0,0.0,0.02419,-0.02608,-1.01164,0.00035,-0.98737
184.03,SYN.ETH-8NOV19,1572433140874,open,0.01,48.0,0.001,0.017,0.004848,95.26,0.008,0.0,ETH-8NOV19-230-C,183.69,91.31,0.004,200.0,0.006,200.0,100.11,0.04138,-0.22209,0.00322,0.00527,0.07685
190.13,SYN.ETH-26JUN20,1572433140875,open,0.23,151.0,0.162,0.274,0.222983,86.43,0.24,0.0,ETH-26JUN20-220-C,183.69,85.49,0.22,50.0,0.232,209.0,89.25,0.60874,-0.10966,0.41674,0.00296,0.55649
190.13,SYN.ETH-26JUN20,1572433140874,open,0.46,0.0,0.41,0.489,0.452493,86.93,None,0.0,ETH-26JUN20-120-C,183.69,71.81,0.424,150.0,0.485,150.0,103.24,0.37093,-0.06721,0.48754,0.0018,0.84266
190.13,SYN.ETH-26JUN20,1572433140873,open,0.53,0.0,0.49,0.554,0.523786,87.88,None,0.0,ETH-26JUN20-100-C,183.69,74.2,0.505,1.0,0.0,0.0,0.0,0.27866,-0.05104,0.4649,0.00133,0.89584
190.13,SYN.ETH-26JUN20,1572433140874,open,0.4,50.0,0.341,0.433,0.390923,86.45,0.325,0.0,ETH-26JUN20-140-C,183.69,77.59,0.37,150.0,0.409,150.0,94.06,0.45109,-0.08129,0.49168,0.0022,0.78441
184.03,SYN.ETH-8NOV19,1572433140874,open,0.0,402.0,0.001,0.011,0.001218,90.36,0.001,0.0,ETH-8NOV19-140-P,183.69,87.54,0.001,1.0,0.002,201.0,98.46,0.01515,-0.07709,-0.00105,0.00204,-0.02214
186.07,ETH-27DEC19,1572433140878,open,0.29,19.0,0.245,0.31,0.279328,84.13,0.205,0.0,ETH-27DEC19-140-C,183.69,0.0,0.247,50.0,0.0,0.0,0.0,0.17629,-0.12813,0.167,0.00382,0.84535
186.07,ETH-27DEC19,1572433140878,open,0.02,1487.0,0.005,0.037,0.01773,96.41,0.018,0.0,ETH-27DEC19-320-C,183.69,95.43,0.017,6.0,0.019,780.0,98.06,0.14037,-0.11691,0.02756,0.00265,0.11115
190.13,SYN.ETH-26JUN20,1572433140874,open,0.11,186.0,0.057,0.155,0.10638,91.75,0.117,0.0,ETH-26JUN20-360-C,183.69,88.81,0.098,413.0,0.113,263.0,94.04,0.54634,-0.10449,0.25864,0.00251,0.31337
190.13,SYN.ETH-26JUN20,1572433140875,open,0.08,10.0,0.035,0.12,0.076427,94.29,0.041,0.0,ETH-26JUN20-440-C,183.69,91.68,0.07,150.0,0.082,283.0,96.49,0.47605,-0.09356,0.20084,0.00213,0.23715
190.13,SYN.ETH-26JUN20,1572433140875,open,0.7,0.0,0.679,0.71,0.694491,91.15,None,0.0,ETH-26JUN20-60-C,183.69,0.0,0.657,1.0,0.0,0.0,0.0,0.09542,-0.01813,0.34829,0.00044,0.97322
183.75,SYN.ETH-1NOV19,1572433140876,open,0.0,155.0,0.001,0.011,0.001209,104.74,0.005,0.0,ETH-1NOV19-210-C,183.69,101.24,0.001,23.0,0.002,20.0,115.57,0.01154,-0.22206,0.00037,0.00635,0.04084
188.51,ETH-27MAR20,1572433140879,open,0.25,879.0,0.195,0.313,0.256541,86.72,0.258,0.0,ETH-27MAR20-200-P,183.69,82.53,0.246,490.0,0.269,190.0,91.69,0.4734,-0.13788,-0.52977,0.00377,-0.43246
190.13,SYN.ETH-26JUN20,1572433140875,open,0.3,1.0,0.239,0.37,0.307703,86.44,0.294,0.0,ETH-26JUN20-200-P,183.69,83.01,0.297,270.0,0.318,120.0,89.76,0.59158,-0.10659,-0.87235,0.00288,-0.39043
186.07,ETH-27DEC19,1572433140879,open,0.0,4534.0,0.001,0.011,0.000436,119.99,0.003,0.0,ETH-27DEC19-760-C,183.69,0.0,0.0,0.0,0.002,20.0,139.78,0.00759,-0.00787,0.00087,0.00012,0.0034
190.13,SYN.ETH-26JUN20,1572433140874,open,2.17,0.0,2.085,2.328,2.202375,99.38,None,0.0,ETH-26JUN20-600-P,183.69,0.0,0.0,0.0,0.0,0.0,0.0,0.36414,-0.07543,-3.81036,0.00154,-0.847
184.03,SYN.ETH-8NOV19,1572433140874,open,0.24,0.0,0.215,0.297,0.254678,95.56,None,0.0,ETH-8NOV19-230-P,183.69,0.0,0.0,0.0,0.0,0.0,0.0,0.04168,-0.22437,-0.05268,0.0053,-0.92243
190.13,SYN.ETH-26JUN20,1572433140874,open,0.06,11.0,0.024,0.098,0.058387,96.88,0.048,0.0,ETH-26JUN20-520-C,183.69,94.36,0.053,150.0,0.064,296.0,99.41,0.41444,-0.08369,0.16094,0.0018,0.18718
190.13,SYN.ETH-26JUN20,1572433140874,open,0.07,0.0,0.029,0.108,0.066348,95.59,None,0.0,ETH-26JUN20-480-C,183.69,92.81,0.06,150.0,0.072,290.0,97.97,0.4438,-0.08842,0.17907,0.00195,0.20965
184.9,SYN.ETH-29NOV19,1572433140873,open,0.0,1027.0,0.001,0.014,0.004138,90.76,0.003,0.0,ETH-29NOV19-120-P,183.69,85.31,0.003,160.0,0.005,172.0,94.34,0.04216,-0.06404,-0.00613,0.00166,-0.03634
184.9,SYN.ETH-29NOV19,1572433140874,open,0.13,120.0,0.1,0.182,0.141857,80.62,0.131,0.0,ETH-29NOV19-200-P,183.69,75.34,0.136,114.0,0.143,96.0,81.65,0.20576,-0.27763,-0.11061,0.00912,-0.58903
184.03,SYN.ETH-8NOV19,1572433140874,open,0.19,0.0,0.163,0.244,0.20286,90.11,None,0.0,ETH-8NOV19-220-P,183.69,0.0,0.01,25.0,0.0,0.0,0.0,0.05572,-0.28288,-0.04868,0.00751,-0.88494
190.13,SYN.ETH-26JUN20,1572433140877,open,0.2,206.0,0.137,0.249,0.197026,87.09,0.227,0.0,ETH-26JUN20-240-C,183.69,84.92,0.19,369.0,0.206,219.0,89.87,0.61475,-0.1116,0.39011,0.00297,0.50923
184.03,SYN.ETH-8NOV19,1572433140874,open,0.2,0.0,0.161,0.214,0.18804,84.58,None,0.0,ETH-8NOV19-150-C,183.69,0.0,0.0,0.0,0.0,0.0,0.0,0.031,-0.14771,0.03396,0.00445,0.947
183.75,SYN.ETH-1NOV19,1572433140874,open,0.0,432.0,0.001,0.011,0.001333,112.67,0.001,0.0,ETH-1NOV19-160-P,183.69,0.0,0.0,0.0,0.002,520.0,122.32,0.01129,-0.24495,-0.00039,0.00578,-0.03973
184.9,SYN.ETH-29NOV19,1572433140876,open,0.31,0.0,0.272,0.368,0.319643,87.26,None,0.0,ETH-29NOV19-240-P,183.69,0.0,0.0,0.0,0.0,0.0,0.0,0.13822,-0.20185,-0.17266,0.00566,-0.82121
184.03,SYN.ETH-8NOV19,1572433140874,open,0.25,0.0,0.216,0.264,0.240452,89.85,None,0.0,ETH-8NOV19-140-C,183.69,0.0,0.0,0.0,0.0,0.0,0.0,0.01483,-0.07504,0.03302,0.002,0.97841
183.75,SYN.ETH-1NOV19,1572433140876,open,0.08,0.0,0.058,0.127,0.091213,88.27,0.094,0.0,ETH-1NOV19-200-P,183.69,0.0,0.086,40.0,0.093,40.0,101.33,0.02234,-0.52574,-0.0094,0.01459,-0.90453
183.75,SYN.ETH-1NOV19,1572433140874,open,0.24,0.0,0.216,0.291,0.251924,125.49,None,0.0,ETH-1NOV19-230-P,183.69,0.0,0.0,0.0,0.0,0.0,0.0,0.00261,-0.08725,-0.01175,0.0012,-0.99287
183.75,SYN.ETH-1NOV19,1572433140874,open,0.0,0.0,0.001,0.011,0.0,120.01,None,0.0,ETH-1NOV19-120-P,183.69,0.0,0.0,0.0,0.001,20.0,280.77,0.0,0.0,0.0,0.0,0.0
184.9,SYN.ETH-29NOV19,1572433140874,open,0.61,0.0,0.578,0.686,0.629913,101.85,None,0.0,ETH-29NOV19-300-P,183.69,0.0,0.0,0.0,0.0,0.0,0.0,0.06695,-0.11412,-0.23686,0.00235,-0.93515
184.03,SYN.ETH-8NOV19,1572433140874,open,0.1,120.0,0.069,0.145,0.1074,81.97,0.083,0.0,ETH-8NOV19-200-P,183.69,69.27,0.101,40.0,0.108,40.0,83.11,0.09637,-0.445,-0.03709,0.01428,-0.72138
184.9,SYN.ETH-29NOV19,1572433140876,open,0.72,0.0,0.682,0.796,0.736553,107.19,None,0.0,ETH-29NOV19-320-P,183.69,0.0,0.0,0.0,0.0,0.0,0.0,0.05543,-0.09943,-0.25509,0.00185,-0.949
184.9,SYN.ETH-29NOV19,1572433140875,open,0.26,1.0,0.226,0.282,0.254953,82.79,0.289,0.0,ETH-29NOV19-140-C,183.69,0.0,0.242,50.0,0.274,5.0,114.54,0.09149,-0.12677,0.09792,0.00395,0.90197
184.03,SYN.ETH-8NOV19,1572433140875,open,0.29,0.0,0.267,0.352,0.307804,102.75,None,0.0,ETH-8NOV19-240-P,183.69,0.0,0.0,0.0,0.0,0.0,0.0,0.03302,-0.19113,-0.05596,0.0039,-0.9426
190.13,SYN.ETH-26JUN20,1572433140875,open,1.56,0.0,1.485,1.7,1.591007,95.64,None,0.0,ETH-26JUN20-480-P,183.69,0.0,0.0,0.0,0.0,0.0,0.0,0.44414,-0.08854,-2.97529,0.00195,-0.79007
184.9,SYN.ETH-29NOV19,1572433140877,open,0.18,100.0,0.133,0.198,0.167509,78.71,0.175,0.0,ETH-29NOV19-160-C,183.69,62.11,0.154,320.0,0.184,320.0,97.21,0.15871,-0.20906,0.09192,0.00721,0.77484
184.9,SYN.ETH-29NOV19,1572433140876,open,0.36,0.0,0.333,0.377,0.355099,90.6,None,0.0,ETH-29NOV19-120-C,183.69,0.0,0.341,1.0,0.37,1.0,132.29,0.04196,-0.06363,0.09213,0.00165,0.96386
190.13,SYN.ETH-26JUN20,1572433140877,open,0.26,142.0,0.195,0.306,0.255762,86.43,0.284,0.0,ETH-26JUN20-200-C,183.69,83.93,0.248,349.0,0.264,199.0,89.08,0.59159,-0.10657,0.44206,0.00288,0.60954
184.03,SYN.ETH-8NOV19,1572433140875,open,0.0,16.0,0.001,0.013,0.003146,84.84,0.002,0.0,ETH-8NOV19-150-P,183.69,77.26,0.002,202.0,0.004,201.0,89.56,0.03123,-0.14927,-0.00253,0.00447,-0.0535
183.75,SYN.ETH-1NOV19,1572433140878,open,0.13,0.0,0.11,0.181,0.144146,105.72,None,0.0,ETH-1NOV19-210-P,183.69,0.0,0.0,0.0,0.0,0.0,0.0,0.01188,-0.33491,-0.0104,0.00648,-0.95767
190.13,SYN.ETH-26JUN20,1572433140877,open,0.34,5.0,0.283,0.384,0.338715,86.42,0.275,0.0,ETH-26JUN20-160-C,183.69,83.21,0.33,334.0,0.346,184.0,89.12,0.51467,-0.09271,0.4822,0.00251,0.72461
184.03,SYN.ETH-8NOV19,1572433140873,open,0.3,0.0,0.272,0.316,0.294228,100.62,None,0.0,ETH-8NOV19-130-C,183.69,0.0,0.0,0.0,0.0,0.0,0.0,0.00825,-0.04674,0.0311,0.001,0.9891
190.13,SYN.ETH-26JUN20,1572433140874,open,0.13,236.0,0.075,0.179,0.128516,90.41,0.126,0.0,ETH-26JUN20-320-C,183.69,87.6,0.12,401.0,0.135,251.0,92.52,0.57962,-0.10922,0.29609,0.0027,0.36547
184.9,SYN.ETH-29NOV19,1572433140874,open,0.01,2253.0,0.003,0.026,0.012166,82.87,0.01,0.0,ETH-29NOV19-140-P,183.69,78.32,0.01,464.0,0.013,160.0,84.53,0.09162,-0.12707,-0.0167,0.00395,-0.09821
184.9,SYN.ETH-29NOV19,1572433140876,open,0.0,2536.0,0.001,0.011,0.001618,104.77,0.003,0.0,ETH-29NOV19-100-P,183.69,97.7,0.001,501.0,0.002,160.0,108.28,0.01875,-0.03287,-0.00235,0.00064,-0.01389
183.75,SYN.ETH-1NOV19,1572433140874,open,0.0,273.0,0.001,0.011,0.000618,119.96,0.002,0.0,ETH-1NOV19-220-C,183.69,129.26,0.001,2.0,0.002,520.0,146.14,0.00641,-0.11362,0.00018,0.00308,0.02013
190.13,SYN.ETH-26JUN20,1572433140875,open,1.17,0.0,1.095,1.292,1.193056,92.96,None,0.0,ETH-26JUN20-400-P,183.69,0.0,0.0,0.0,0.0,0.0,0.0,0.51051,-0.09892,-2.40182,0.00231,-0.72909
190.13,SYN.ETH-26JUN20,1572433140877,open,0.05,11.0,0.02,0.091,0.052381,98.35,0.056,0.0,ETH-26JUN20-560-C,183.69,95.66,0.047,150.0,0.057,300.0,100.56,0.38928,-0.0798,0.14632,0.00167,0.16948
186.07,ETH-27DEC19,1572433140885,open,0.06,6206.0,0.024,0.083,0.052584,87.04,0.055,0.0,ETH-27DEC19-240-C,183.69,85.12,0.05,128.0,0.055,412.0,88.81,0.25254,-0.18989,0.06927,0.00529,0.28737
184.03,SYN.ETH-8NOV19,1572433140874,open,0.15,0.0,0.107,0.166,0.138116,79.62,None,0.0,ETH-8NOV19-160-C,183.69,0.0,0.13,50.0,0.158,1.0,130.06,0.05644,-0.25317,0.03333,0.00861,0.88284
186.07,ETH-27DEC19,1572433140885,open,2.82,0.0,2.758,2.992,2.870762,128.58,None,0.0,ETH-27DEC19-720-P,183.69,0.0,0.003,5.0,0.0,0.0,0.0,0.01713,-0.01902,-1.13952,0.00024,-0.9915
186.07,ETH-27DEC19,1572433140885,open,0.0,15074.0,0.001,0.011,0.001326,119.99,0.003,0.0,ETH-27DEC19-640-C,183.69,116.43,0.001,2260.0,0.003,20.0,132.05,0.01884,-0.01953,0.0024,0.00029,0.00947
188.51,ETH-27MAR20,1572433140885,open,1.55,0.0,1.484,1.674,1.57595,98.76,None,0.0,ETH-27MAR20-480-P,183.69,0.0,0.003,10.0,0.0,0.0,0.0,0.24327,-0.08069,-1.88703,0.0017,-0.87827
184.9,SYN.ETH-29NOV19,1572433140878,open,0.01,447.0,0.001,0.024,0.009887,96.65,0.012,0.0,ETH-29NOV19-280-C,183.69,94.64,0.009,160.0,0.011,160.0,99.05,0.08342,-0.13493,0.0116,0.00308,0.08652
184.03,SYN.ETH-8NOV19,1572433140874,open,0.0,1704.0,0.001,0.011,0.000555,119.42,0.001,0.0,ETH-8NOV19-120-P,183.69,0.0,0.0,0.0,0.001,20.0,129.49,0.00659,-0.04434,-0.0004,0.00067,-0.00844
190.13,SYN.ETH-26JUN20,1572433140874,open,0.03,0.0,0.012,0.045,0.027258,91.18,None,0.0,ETH-26JUN20-80-P,183.69,87.8,0.024,150.0,0.031,470.0,94.88,0.18764,-0.03566,-0.11114,0.00087,-0.06169
183.75,SYN.ETH-1NOV19,1572433140875,open,0.0,719.0,0.001,0.011,0.000239,120.03,0.001,0.0,ETH-1NOV19-150-P,183.69,0.0,0.0,0.0,0.001,23.0,147.41,0.00294,-0.04399,-8e-05,0.00141,-0.00817
184.03,SYN.ETH-8NOV19,1572433140878,open,0.0,47.0,0.001,0.014,0.003633,102.35,0.006,0.0,ETH-8NOV19-240-C,183.69,98.6,0.003,20.0,0.005,520.0,109.39,0.03267,-0.18837,0.00237,0.00388,0.05663
190.13,SYN.ETH-26JUN20,1572433140877,open,0.08,1.0,0.049,0.118,0.083658,86.94,0.082,0.0,ETH-26JUN20-120-P,183.69,84.03,0.078,150.0,0.089,261.0,89.67,0.37095,-0.06723,-0.30116,0.0018,-0.15735
184.03,SYN.ETH-8NOV19,1572433140875,open,0.0,265.0,0.001,0.012,0.002597,107.51,0.005,0.0,ETH-8NOV19-250-C,183.69,102.78,0.002,200.0,0.004,520.0,116.55,0.02505,-0.15171,0.0017,0.00283,0.04064
184.03,SYN.ETH-8NOV19,1572433140876,open,0.36,0.0,0.328,0.369,0.348469,118.41,None,0.0,ETH-8NOV19-120-C,183.69,0.0,0.0,0.0,0.0,0.0,0.0,0.0063,-0.04203,0.0288,0.00065,0.99199
183.75,SYN.ETH-1NOV19,1572433140876,open,0.19,0.0,0.163,0.236,0.197981,121.76,None,0.0,ETH-1NOV19-220-P,183.69,0.0,0.0,0.0,0.0,0.0,0.0,0.00684,-0.22207,-0.01111,0.00324,-0.97827
183.75,SYN.ETH-1NOV19,1572433140874,open,0.35,0.0,0.327,0.366,0.346893,0.0,None,0.0,ETH-1NOV19-120-C,183.69,0.0,0.0,0.0,0.0,0.0,0.0,0.0,0.0,0.00617,0.0,1.0
190.13,SYN.ETH-26JUN20,1572433140874,open,0.16,310.0,0.101,0.21,0.158612,89.16,0.165,0.0,ETH-26JUN20-280-C,183.69,86.45,0.15,386.0,0.165,236.0,91.16,0.60567,-0.11256,0.34022,0.00286,0.43088
184.9,SYN.ETH-29NOV19,1572433140874,open,0.41,0.0,0.372,0.471,0.420328,91.79,None,0.0,ETH-29NOV19-260-P,183.69,0.0,0.0,0.0,0.0,0.0,0.0,0.10685,-0.16413,-0.19654,0.00416,-0.87834
184.9,SYN.ETH-29NOV19,1572433140875,open,0.51,0.0,0.474,0.578,0.524313,96.83,None,0.0,ETH-29NOV19-280-P,183.69,0.0,0.0,0.0,0.0,0.0,0.0,0.08377,-0.13575,-0.21752,0.00309,-0.91299
190.13,SYN.ETH-26JUN20,1572433140874,open,0.04,40.0,0.015,0.078,0.042514,100.65,0.05,0.0,ETH-26JUN20-640-C,183.69,97.5,0.037,150.0,0.048,300.0,103.6,0.34337,-0.07204,0.12204,0.00144,0.14018
190.13,SYN.ETH-26JUN20,1572433140876,open,1.97,0.0,1.884,2.118,1.997817,98.42,None,0.0,ETH-26JUN20-560-P,183.69,61.95,1.95,1.0,2.04,1.0,116.51,0.38979,-0.07997,-3.53373,0.00167,-0.83018
190.13,SYN.ETH-26JUN20,1572433140878,open,0.01,182.0,0.001,0.02,0.010073,91.18,0.018,0.0,ETH-26JUN20-60-P,183.69,76.12,0.004,300.0,0.015,21.0,100.03,0.0955,-0.01815,-0.04608,0.00044,-0.0268
183.75,SYN.ETH-1NOV19,1572433140874,open,0.0,293.0,0.001,0.011,0.0,120.02,0.002,0.0,ETH-1NOV19-130-P,183.69,0.0,0.0,0.0,0.001,20.0,233.72,1e-05,-9e-05,0.0,1e-05,-2e-05
190.13,SYN.ETH-26JUN20,1572433140879,open,0.09,300.0,0.044,0.135,0.089174,92.92,0.085,0.0,ETH-26JUN20-400-C,183.69,90.21,0.082,424.0,0.095,274.0,95.07,0.51032,-0.09884,0.22684,0.00231,0.27071
186.05,ETH-27DEC19,1572433140891,open,0.33,2287.0,0.287,0.397,0.342629,87.11,0.354,0.0,ETH-27DEC19-240-P,183.69,0.0,0.289,50.0,0.0,0.0,0.0,0.25257,-0.19007,-0.31127,0.00528,-0.71249
188.51,ETH-27MAR20,1572433140893,open,0.57,158.0,0.511,0.661,0.587649,91.09,0.62,0.0,ETH-27MAR20-280-P,183.69,78.58,0.559,42.0,0.598,1.0,95.44,0.44526,-0.13622,-0.95272,0.00337,-0.65144
190.13,SYN.ETH-26JUN20,1572433140896,open,0.62,0.0,0.546,0.712,0.63133,89.18,None,0.0,ETH-26JUN20-280-P,183.69,0.0,0.0,0.0,0.65,1.0,95.02,0.60569,-0.11259,-1.4999,0.00286,-0.56902
188.51,ETH-27MAR20,1572433140898,open,0.57,158.0,0.511,0.661,0.587649,91.09,0.62,0.0,ETH-27MAR20-280-P,183.69,78.58,0.559,42.0,0.597,1.0,95.02,0.44526,-0.13622,-0.95272,0.00337,-0.65144
188.51,ETH-27MAR20,1572433140924,open,0.42,40.0,0.377,0.447,0.414313,86.98,0.459,0.0,ETH-27MAR20-120-C,183.69,66.46,0.388,7.0,0.435,7.0,101.12,0.26493,-0.07739,0.34447,0.0021,0.86232
9233.67,BTC-27DEC19,1572433140947,open,0.0,570.0,0.0005,0.013,0.00314475,96.45,0.0025,0.0,BTC-27DEC19-4500-P,9104.64,92.8,0.0025,129.0,0.0035,16.0,98.27,1.74452,-1.45357,-0.33195,1e-05,-0.01953
188.51,ETH-27MAR20,1572433141042,open,0.59,19.0,0.568,0.608,0.588196,93.15,0.542,0.0,ETH-27MAR20-80-C,183.69,0.0,0.575,1.0,0.6,1.0,111.01,0.10602,-0.03317,0.28505,0.00079,0.95892
9377.32,BTC-27MAR20,1572433141079,open,0.24,178.6,0.1865,0.2915,0.24034528,78.89,0.24,0.0,BTC-27MAR20-10000-P,9104.64,76.19,0.2335,16.6,0.2435,2.0,80.14,23.70814,-6.28187,-26.42449,8e-05,-0.45053
9233.67,BTC-27DEC19,1572433141137,open,0.1,815.6,0.0705,0.142,0.10625906,75.83,0.098,0.0,BTC-27DEC19-9000-P,9104.64,73.72,0.103,9.6,0.109,24.8,77.6,14.26611,-9.34594,-7.51136,0.00014,-0.40677
9233.67,BTC-27DEC19,1572433141138,open,0.1,815.6,0.0705,0.142,0.10625906,75.83,0.098,0.0,BTC-27DEC19-9000-P,9104.64,73.72,0.103,24.8,0.109,24.8,77.6,14.26611,-9.34594,-7.51136,0.00014,-0.40677
9123.83,SYN.BTC-8NOV19,1572433141139,open,0.02,822.3,0.0035,0.0355,0.01672925,70.7,0.0165,0.0,BTC-8NOV19-8500-P,9104.64,66.06,0.0145,28.0,0.017,16.1,71.25,4.45032,-17.7247,-0.57566,0.00031,-0.24274
9108.24,SYN.BTC-1NOV19,1572433141194,open,0.09,84.9,0.0765,0.1245,0.09926663,80.69,0.0815,0.0,BTC-1NOV19-10000-P,9104.64,0.0,0.096,4.1,0.0995,0.1,83.43,0.74062,-15.92944,-0.48814,0.00022,-0.94363
9108.24,SYN.BTC-1NOV19,1572433141195,open,0.05,239.0,0.0225,0.0685,0.04596176,73.46,0.0725,0.0,BTC-1NOV19-8750-C,9104.64,73.65,0.046,0.1,0.048,2.0,82.87,1.9092,-37.38744,0.34579,0.00061,0.78473
9233.67,BTC-27DEC19,1572433141313,open,0.17,510.0,0.131,0.213,0.17258586,77.06,0.167,0.0,BTC-27DEC19-10000-P,9104.64,74.7,0.169,9.6,0.176,9.6,79.13,14.58571,-9.7102,-10.46978,0.00014,-0.54237
9459.67,SYN.BTC-26JUN20,1572433141321,open,1.98,0.0,1.916,2.0865,1.99680065,90.45,None,0.0,BTC-26JUN20-28000-P,9104.64,0.0,0.0,0.0,0.0,0.0,0.0,16.4615,-3.10349,-178.0515,3e-05,-0.86722
9108.24,SYN.BTC-1NOV19,1572433141326,open,0.09,84.9,0.0765,0.1245,0.09914475,80.69,0.0815,0.0,BTC-1NOV19-10000-P,9104.64,0.0,0.096,0.1,0.0995,0.1,83.43,0.74062,-15.92944,-0.48814,0.00022,-0.94363
9124.43,SYN.BTC-8NOV19,1572433141336,open,0.39,0.0,0.37,0.4305,0.39843834,100.57,None,0.0,BTC-8NOV19-12750-P,9104.64,0.0,0.0,0.0,0.0,0.0,0.0,0.68724,-3.89359,-3.05859,3e-05,-0.98006
9108.24,SYN.BTC-1NOV19,1572433141350,open,0.04,130.2,0.0245,0.074,0.04898248,71.56,0.049,0.0,BTC-1NOV19-9500-P,9104.64,55.28,0.046,4.1,0.049,0.1,71.18,1.89869,-36.22057,-0.39123,0.00062,-0.78676
9108.24,SYN.BTC-1NOV19,1572433141360,open,0.01,235.2,0.001,0.0345,0.01435539,69.58,0.016,0.0,BTC-1NOV19-9000-P,9104.64,62.67,0.0125,1.4,0.0155,16.4,73.55,2.51522,-46.6542,-0.19193,0.00085,-0.39566
9123.83,SYN.BTC-8NOV19,1572433141370,open,0.11,34.5,0.0815,0.141,0.11114285,75.19,0.083,0.0,BTC-8NOV19-10000-P,9104.64,65.95,0.107,4.0,0.1125,4.0,77.79,4.36932,-18.50816,-1.94469,0.00029,-0.76528
9377.32,BTC-27MAR20,1572433141376,open,0.24,178.6,0.1865,0.2915,0.24035678,78.89,0.24,0.0,BTC-27MAR20-10000-P,9104.64,76.19,0.2335,7.6,0.2435,2.0,80.14,23.70814,-6.28187,-26.42449,8e-05,-0.45053
9170.61,SYN.BTC-29NOV19,1572433141382,open,0.05,476.3,0.026,0.0775,0.05140838,75.14,0.057,0.0,BTC-29NOV19-10000-C,9104.64,73.88,0.05,21.0,0.053,4.0,76.63,10.02041,-12.6003,2.49593,0.00019,0.38388
9123.83,SYN.BTC-8NOV19,1572433141388,open,0.09,94.5,0.059,0.1095,0.08507278,70.48,0.0935,0.0,BTC-8NOV19-8500-C,9104.64,67.38,0.0835,4.0,0.0865,0.1,73.54,4.44454,-17.64575,1.49281,0.00031,0.75784
9377.84,BTC-27MAR20,1572433141667,open,1.56,0.0,1.516,1.6525,1.58026306,91.85,None,0.0,BTC-27MAR20-24000-P,9104.64,0.0,0.0015,1.0,0.0,0.0,0.0,10.14977,-3.13114,-95.04869,3e-05,-0.90466
9377.84,BTC-27MAR20,1572433141735,open,0.75,1.1,0.7035,0.8275,0.76421755,84.28,1.08,0.0,BTC-27MAR20-16000-P,9104.81,0.0,0.0,0.0,0.0,0.0,0.0,18.39239,-5.20601,-58.5039,6e-05,-0.76529
9233.72,BTC-27DEC19,1572433141735,open,4.6,0.8,4.521,4.7465,4.63195768,142.57,3.59,0.0,BTC-27DEC19-52000-P,9104.81,0.0,0.001,1.0,0.0,0.0,0.0,0.32475,-0.39999,-82.41702,0.0,-0.99712
9233.72,BTC-27DEC19,1572433141735,open,3.3,0.0,3.247,3.4225,3.33253498,127.61,2.58,0.0,BTC-27DEC19-40000-P,9104.81,0.0,0.001,1.0,0.0,0.0,0.0,0.46045,-0.50761,-63.37169,0.0,-0.99574
9233.89,BTC-27DEC19,1572433141736,open,2.23,0.2,2.1855,2.319,2.24974605,109.96,2.03,0.0,BTC-27DEC19-30000-P,9104.81,0.0,0.0,0.0,0.0,0.0,0.0,0.69091,-0.65637,-47.48307,0.0,-0.99328
9233.89,BTC-27DEC19,1572433141737,open,0.0,876.4,0.0005,0.0135,0.00381499,93.79,0.005,0.0,BTC-27DEC19-20000-C,9104.81,92.59,0.0035,2.0,0.0045,16.0,96.2,2.49343,-2.02039,0.38161,2e-05,0.02988
9377.84,BTC-27MAR20,1572433141737,open,2.61,0.0,2.556,2.7235,2.63493873,99.81,None,0.0,BTC-27MAR20-34000-P,9104.81,0.0,0.0,0.0,0.0,0.0,0.0,5.61569,-1.88252,-137.33893,2e-05,-0.9556
9233.89,BTC-27DEC19,1572433141738,open,0.43,99.0,0.394,0.481,0.43632228,81.31,0.638,0.0,BTC-27DEC19-13000-P,9104.81,0.0,0.4075,5.0,0.458,5.0,99.71,9.83092,-6.90556,-18.31418,9e-05,-0.81451
9233.89,BTC-27DEC19,1572433141738,open,2.87,1.3,2.8225,2.982,2.89937164,121.66,2.2,0.0,BTC-27DEC19-36000-P,9104.81,0.0,0.0005,0.1,0.0,0.0,0.0,0.54472,-0.57252,-57.01775,0.0,-0.99486
9233.89,BTC-27DEC19,1572433141738,open,0.0,429.9,0.0005,0.012,0.00216222,95.14,0.005,0.0,BTC-27DEC19-22000-C,9104.81,90.85,0.0015,54.0,0.003,16.0,99.42,1.60968,-1.32301,0.22847,1e-05,0.01777
9233.89,BTC-27DEC19,1572433141738,open,0.36,102.4,0.341,0.3815,0.3608647,80.61,0.4,0.0,BTC-27DEC19-6000-C,9104.81,0.0,0.3425,10.0,0.3755,10.0,103.9,4.73666,-3.29865,8.38658,4e-05,0.93366
9378.01,BTC-27MAR20,1572433141741,open,2.82,0.0,2.765,2.939,2.84699533,101.11,None,0.0,BTC-27MAR20-36000-P,9104.81,0.0,0.0,0.0,0.0,0.0,0.0,5.07621,-1.72384,-145.65191,1e-05,-0.96081
9124.43,SYN.BTC-8NOV19,1572433141735,open,0.33,0.0,0.3165,0.375,0.34397291,94.21,None,0.0,BTC-8NOV19-12250-P,9104.81,0.0,0.0,0.0,0.0,0.0,0.0,0.87882,-4.66422,-2.92273,5e-05,-0.97329
9171.25,SYN.BTC-29NOV19,1572433141735,open,0.42,0.0,0.393,0.4645,0.42696506,84.4,None,0.0,BTC-29NOV19-13000-P,9104.81,0.0,0.013,1.0,0.0,0.0,0.0,4.35606,-6.15268,-10.01587,7e-05,-0.90728
9108.82,SYN.BTC-1NOV19,1572433141739,open,0.31,0.8,0.292,0.346,0.31750648,139.69,0.294,0.0,BTC-1NOV19-12000-P,9104.81,0.0,0.0005,0.1,0.0,0.0,0.0,0.06754,-2.51499,-0.61511,1e-05,-0.99656
9124.43,SYN.BTC-8NOV19,1572433141738,open,0.36,0.0,0.3435,0.4025,0.37113397,96.77,None,0.0,BTC-8NOV19-12500-P,9104.81,0.0,0.0,0.0,0.0,0.0,0.0,0.75228,-4.10104,-2.99301,4e-05,-0.97781
9171.25,SYN.BTC-29NOV19,1572433141739,open,0.52,0.0,0.4985,0.5715,0.53285653,89.18,None,0.0,BTC-29NOV19-14000-P,9104.81,0.0,0.014,1.0,0.0,0.0,0.0,3.24625,-4.84522,-11.03403,5e-05,-0.93702
9108.82,SYN.BTC-1NOV19,1572433141742,open,0.0,355.0,0.0005,0.0105,2.322e-05,120.03,0.0005,0.0,BTC-1NOV19-7000-P,9104.81,0.0,0.0,0.0,0.0005,7.0,166.43,0.0211,-0.21153,-0.00046,0.0,-0.00096
9124.43,SYN.BTC-8NOV19,1572433141736,open,0.31,0.0,0.2895,0.348,0.31694724,92.22,None,0.0,BTC-8NOV19-12000-P,9104.81,0.0,0.0,0.0,0.0,0.0,0.0,1.05793,-5.49621,-2.84792,6e-05,-0.9666
9124.43,SYN.BTC-8NOV19,1572433141740,open,0.01,85.5,0.0005,0.0235,0.00843129,79.19,0.0085,0.0,BTC-8NOV19-10500-C,9104.81,76.46,0.0075,71.5,0.009,0.1,80.8,3.18378,-14.20268,0.29436,0.0002,0.1411
9171.25,SYN.BTC-29NOV19,1572433141738,open,0.37,0.0,0.341,0.413,0.37554043,83.23,None,0.0,BTC-29NOV19-12500-P,9104.81,0.0,0.0125,1.0,0.0,0.0,0.0,5.2098,-7.2572,-9.43453,9e-05,-0.88126
9108.82,SYN.BTC-1NOV19,1572433141738,open,0.16,188.3,0.132,0.169,0.14983782,113.49,0.162,0.0,BTC-1NOV19-7750-C,9104.81,0.0,0.1345,5.0,0.1635,5.0,237.19,0.33425,-10.11152,0.38796,7e-05,0.97864
9124.43,SYN.BTC-8NOV19,1572433141740,open,0.0,209.6,0.0005,0.0105,0.00088146,83.54,0.002,0.0,BTC-8NOV19-7000-P,9104.81,0.0,0.0,0.0,0.001,20.0,85.2,0.62633,-2.94772,-0.04163,4e-05,-0.01788
9459.67,SYN.BTC-26JUN20,1572433141740,open,0.79,0.0,0.7225,0.868,0.79502379,82.46,None,0.0,BTC-26JUN20-16000-P,9104.81,0.0,0.08,1.0,0.94,0.2,128.56,27.6236,-4.74798,-91.34821,6e-05,-0.67434
9377.84,BTC-27MAR20,1572433141898,open,0.07,38.0,0.0425,0.1075,0.0741419,78.68,0.073,0.0,BTC-27MAR20-7000-P,9104.81,75.81,0.069,33.1,0.0765,15.1,79.99,16.88585,-4.4621,-10.57627,6e-05,-0.20236
9377.84,BTC-27MAR20,1572433141938,open,0.22,10.1,0.168,0.258,0.21501423,78.62,0.2245,0.0,BTC-27MAR20-9000-C,9104.81,76.33,0.2095,10.9,0.218,2.0,79.86,22.60505,-5.96866,15.88921,8e-05,0.63042
9108.82,SYN.BTC-1NOV19,1572433142057,open,0.03,210.4,0.0065,0.052,0.02877885,69.7,0.025,0.0,BTC-1NOV19-9250-P,9104.81,59.5,0.026,12.4,0.028,1.0,66.86,2.50285,-46.50202,-0.29964,0.00084,-0.61135
9378.08,BTC-27MAR20,1572433142315,open,2.4,0.0,2.348,2.5075,2.42307042,98.57,None,0.0,BTC-27MAR20-32000-P,9104.81,0.0,0.001,1.0,0.0,0.0,0.0,6.27828,-2.07838,-128.98455,2e-05,-0.94897
9378.08,BTC-27MAR20,1572433142678,open,3.24,1.0,3.183,3.3715,3.27223549,104.55,2.7125,0.0,BTC-27MAR20-40000-P,9104.81,0.0,0.0005,2.0,0.0,0.0,0.0,4.4091,-1.5482,-162.15586,1e-05,-0.967
9233.93,BTC-27DEC19,1572433142734,open,0.0,599.8,0.0005,0.011,0.0011884,102.34,0.0025,0.0,BTC-27DEC19-26000-C,9104.81,93.5,0.0005,10.5,0.002,36.0,108.78,0.95722,-0.84634,0.12513,1e-05,0.00973
9233.93,BTC-27DEC19,1572433142742,open,0.01,388.4,0.0005,0.0165,0.00679106,84.28,0.006,0.0,BTC-27DEC19-5500-P,9105.14,80.56,0.0055,46.0,0.0075,16.0,86.16,3.38941,-2.46774,-0.7359,3e-05,-0.04347
9233.93,BTC-27DEC19,1572433142742,open,0.32,66.1,0.29,0.3365,0.31320845,78.62,0.355,0.0,BTC-27DEC19-6500-C,9105.14,58.07,0.3015,10.0,0.3285,10.0,97.89,6.48265,-4.4031,8.58237,6e-05,0.89937
9233.93,BTC-27DEC19,1572433142742,open,0.0,449.3,0.0005,0.0105,0.00014644,120.0,0.0005,0.0,BTC-27DEC19-44000-C,9105.14,0.0,0.0,0.0,0.0005,2.0,132.67,0.14954,-0.15503,0.01585,0.0,0.00123
9233.93,BTC-27DEC19,1572433142742,open,0.0,676.9,0.0005,0.0115,0.00160756,99.15,0.0025,0.0,BTC-27DEC19-24000-C,9105.14,93.86,0.001,25.0,0.0025,42.0,104.8,1.24282,-1.06457,0.16894,1e-05,0.01315
9233.93,BTC-27DEC19,1572433142742,open,0.73,0.0,0.7195,0.739,0.729488,119.94,None,0.0,BTC-27DEC19-2500-C,9105.14,0.0,0.7215,16.0,0.7365,16.0,194.77,0.17582,-0.18218,3.93926,0.0,0.99853
9233.93,BTC-27DEC19,1572433142742,open,1.58,0.0,1.5485,1.658,1.60072905,99.24,None,0.0,BTC-27DEC19-24000-P,9105.14,0.0,0.0,0.0,0.0,0.0,0.0,1.24902,-1.0708,-37.88536,1e-05,-0.98678
9233.93,BTC-27DEC19,1572433142742,open,0.0,886.1,0.0005,0.0105,0.0008114,119.59,0.001,0.0,BTC-27DEC19-3000-P,9105.14,112.86,0.0005,0.1,0.001,2.0,122.83,0.50085,-0.51748,-0.08034,0.0,-0.00468
9233.93,BTC-27DEC19,1572433142742,open,0.02,654.1,0.0055,0.04,0.01955076,82.48,0.02,0.0,BTC-27DEC19-14000-C,9105.14,81.25,0.0185,23.0,0.02,4.0,82.99,7.98389,-5.68869,1.69056,7e-05,0.13501
9233.93,BTC-27DEC19,1572433142742,open,0.84,10.1,0.828,0.8475,0.83755807,118.26,0.8205,0.0,BTC-27DEC19-1500-C,9105.14,0.0,0.83,19.0,0.8455,19.0,274.88,0.00335,-0.00343,2.37811,0.0,0.99998
9233.93,BTC-27DEC19,1572433142742,open,0.78,0.0,0.7735,0.793,0.78344654,119.78,None,0.0,BTC-27DEC19-2000-C,9105.14,0.0,0.7755,17.0,0.7905,17.0,225.94,0.03874,-0.04009,3.16653,0.0,0.99972
9378.08,BTC-27MAR20,1572433142742,open,0.01,1306.1,0.0005,0.0175,0.00771425,83.02,0.007,0.0,BTC-27MAR20-4000-P,9105.14,80.15,0.0065,15.0,0.009,10.0,85.82,4.14228,-1.15502,-1.46542,1e-05,-0.0306
9233.93,BTC-27DEC19,1572433142742,open,0.0,255.7,0.0005,0.0105,3.15e-06,120.0,0.001,0.0,BTC-27DEC19-1500-P,9105.14,0.0,0.0,0.0,0.0005,98.0,180.36,0.00415,-0.0043,-0.00043,0.0,-3e-05
9378.08,BTC-27MAR20,1572433142742,open,0.01,85.8,0.0005,0.026,0.0093933,99.85,0.014,0.0,BTC-27MAR20-34000-C,9105.14,97.41,0.008,20.0,0.0105,2.0,101.63,5.62446,-1.88616,1.3422,2e-05,0.04448
9233.93,BTC-27DEC19,1572433142742,open,0.52,21.6,0.5035,0.5295,0.51580722,96.43,0.5285,0.0,BTC-27DEC19-4500-C,9105.14,0.0,0.5045,12.0,0.524,12.0,125.09,1.74305,-1.45205,6.80375,1e-05,0.98049
9378.08,BTC-27MAR20,1572433142742,open,0.01,614.0,0.0005,0.021,0.00686161,104.32,0.0085,0.0,BTC-27MAR20-40000-C,9105.14,102.39,0.006,10.0,0.008,34.0,106.64,4.3641,-1.529,0.98413,1e-05,0.03259
9378.08,BTC-27MAR20,1572433142742,open,0.01,55.8,0.001,0.0285,0.01077079,98.44,0.0135,0.0,BTC-27MAR20-32000-C,9105.14,95.63,0.009,20.0,0.012,2.0,100.22,6.24745,-2.06543,1.52792,2e-05,0.05072
9233.93,BTC-27DEC19,1572433142742,open,0.0,1416.8,0.0005,0.014,0.00445641,89.34,0.0045,0.0,BTC-27DEC19-5000-P,9105.14,85.41,0.0035,51.0,0.005,16.0,91.36,2.40226,-1.85409,-0.48353,2e-05,-0.02857
9233.93,BTC-27DEC19,1572433142742,open,0.0,106.3,0.0005,0.0105,3.998e-05,120.0,0.0005,0.0,BTC-27DEC19-2000-P,9105.14,0.0,0.0,0.0,0.0005,15.1,152.03,0.03948,-0.04093,-0.00484,0.0,-0.00029
9233.93,BTC-27DEC19,1572433142743,open,0.0,1544.5,0.0005,0.0105,4.033e-05,120.0,0.001,0.0,BTC-27DEC19-52000-C,9105.14,0.0,0.0,0.0,0.0005,2.0,144.58,0.0488,-0.05059,0.00475,0.0,0.00036
9378.08,BTC-27MAR20,1572433142743,open,0.03,226.8,0.0075,0.0525,0.0255888,89.66,0.032,0.0,BTC-27MAR20-22000-C,9105.14,88.36,0.024,10.0,0.0275,15.2,91.18,11.59317,-3.49115,3.40291,4e-05,0.11455
9378.08,BTC-27MAR20,1572433142743,open,0.02,123.0,0.007,0.036,0.01946863,80.31,0.0165,0.0,BTC-27MAR20-5000-P,9105.14,77.32,0.017,15.0,0.0215,25.0,82.66,7.96057,-2.1472,-3.38722,3e-05,-0.06908
9378.41,BTC-27MAR20,1572433142743,open,0.49,1.0,0.465,0.5085,0.48629908,80.28,0.551,0.0,BTC-27MAR20-5000-C,9105.14,67.79,0.477,8.0,0.502,8.0,96.66,7.95549,-2.14498,17.01005,3e-05,0.93098
9234.26,BTC-27DEC19,1572433142743,open,0.25,247.2,0.2085,0.2945,0.25179589,78.21,0.232,0.0,BTC-27DEC19-11000-P,9105.14,53.87,0.2185,7.0,0.283,7.0,98.91,13.50806,-9.12662,-13.31678,0.00013,-0.65769
9234.26,BTC-27DEC19,1572433142743,open,0.01,1129.7,0.001,0.023,0.01065862,80.64,0.009,0.0,BTC-27DEC19-6000-P,9105.14,78.33,0.0095,46.0,0.0115,22.0,82.25,4.73936,-3.30186,-1.12814,4e-05,-0.06639
9378.41,BTC-27MAR20,1572433142743,open,0.03,400.0,0.011,0.062,0.03242759,87.72,0.0305,0.0,BTC-27MAR20-20000-C,9105.14,86.36,0.0305,8.0,0.035,17.0,89.48,13.45587,-3.96426,4.18882,4e-05,0.14193
9378.41,BTC-27MAR20,1572433142743,open,0.33,10.5,0.2895,0.363,0.32769426,78.66,0.281,0.0,BTC-27MAR20-7000-C,9105.14,73.5,0.3185,17.0,0.346,17.0,88.68,16.884,-4.46049,17.9788,6e-05,0.7977
9234.26,BTC-27DEC19,1572433142743,open,0.42,73.5,0.3945,0.429,0.4111591,84.22,0.266,0.0,BTC-27DEC19-5500-C,9105.14,0.0,0.3955,10.0,0.4245,10.0,111.31,3.38321,-2.46147,7.98689,3e-05,0.95663
9378.41,BTC-27MAR20,1572433142743,open,0.12,307.6,0.078,0.16,0.11922536,78.68,0.105,0.0,BTC-27MAR20-8000-P,9105.14,76.5,0.1145,9.0,0.1215,13.5,79.73,20.33975,-5.37497,-15.46846,7e-05,-0.28515
9234.26,BTC-27DEC19,1572433142743,open,0.0,562.6,0.0005,0.0105,0.00029103,120.0,0.001,0.0,BTC-27DEC19-40000-C,9105.14,0.0,0.0,0.0,0.001,47.0,134.31,0.26821,-0.27805,0.02992,0.0,0.00233
9234.26,BTC-27DEC19,1572433142744,open,0.0,695.6,0.0005,0.0105,0.00059692,120.0,0.0005,0.0,BTC-27DEC19-36000-C,9105.14,118.04,0.0005,0.5,0.001,22.5,126.21,0.48846,-0.50638,0.05783,0.0,0.00455
9234.26,BTC-27DEC19,1572433142743,open,0.68,10.0,0.666,0.6855,0.67591526,119.24,0.618,0.0,BTC-27DEC19-3000-C,9105.14,0.0,0.6675,14.0,0.6825,14.0,169.74,0.49273,-0.5076,4.67808,0.0,0.99541
9234.26,BTC-27DEC19,1572433142743,open,0.0,578.4,0.0005,0.011,0.00119201,108.45,0.0015,0.0,BTC-27DEC19-28000-C,9105.14,106.4,0.001,15.0,0.0015,36.0,111.28,0.92117,-0.86305,0.11895,1e-05,0.00932
9234.26,BTC-27DEC19,1572433142744,open,4.17,0.0,4.0965,4.305,4.1983184,132.44,None,0.0,BTC-27DEC19-48000-P,9105.14,0.0,0.0005,1.0,0.0,0.0,0.0,0.24431,-0.27953,-76.08383,0.0,-0.99789
9234.26,BTC-27DEC19,1572433142744,open,0.0,941.2,0.0005,0.0105,0.00076717,108.89,0.0015,0.0,BTC-27DEC19-30000-C,9105.14,0.0,0.0,0.0,0.0015,22.0,116.97,0.64358,-0.60544,0.07954,0.0,0.0062
9378.41,BTC-27MAR20,1572433142744,open,0.01,117.2,0.0025,0.032,0.01257279,97.06,0.015,0.0,BTC-27MAR20-30000-C,9105.14,94.87,0.011,20.0,0.0135,16.0,98.28,7.01253,-2.28595,1.76411,2e-05,0.05869
9234.26,BTC-27DEC19,1572433142744,open,0.33,73.4,0.2975,0.385,0.3408689,79.78,0.3635,0.0,BTC-27DEC19-12000-P,9105.14,40.44,0.3035,5.0,0.3805,5.0,108.37,11.75297,-8.10064,-15.93225,0.00011,-0.74724
9234.26,BTC-27DEC19,1572433142744,open,0.0,604.5,0.0005,0.0105,0.0002298,120.0,0.0015,0.0,BTC-27DEC19-2500-P,9105.14,0.0,0.0,0.0,0.001,172.0,141.81,0.17649,-0.18298,-0.02493,0.0,-0.00147
9378.41,BTC-27MAR20,1572433142744,open,0.4,19.3,0.371,0.4295,0.40065179,78.69,0.4265,0.0,BTC-27MAR20-6000-C,9105.14,66.95,0.386,8.0,0.4235,17.0,94.85,12.47583,-3.29699,18.06353,4e-05,0.87287
9234.26,BTC-27DEC19,1572433142744,open,0.0,439.1,0.0005,0.0105,0.00071791,113.15,0.001,0.0,BTC-27DEC19-32000-C,9105.14,0.0,0.0,0.0,0.0015,57.0,122.24,0.59305,-0.57972,0.07226,0.0,0.00565
9234.26,BTC-27DEC19,1572433142744,open,0.47,66.8,0.449,0.4785,0.46297281,89.26,0.4085,0.0,BTC-27DEC19-5000-C,9105.14,0.0,0.451,11.0,0.4725,11.0,115.27,2.39563,-1.84734,7.44635,2e-05,0.97153
9234.26,BTC-27DEC19,1572433142744,open,0.01,789.8,0.0035,0.0315,0.01402465,84.27,0.016,0.0,BTC-27DEC19-15000-C,9105.14,82.78,0.013,44.0,0.0145,0.2,84.94,6.48264,-4.71935,1.26802,6e-05,0.10063
9378.41,BTC-27MAR20,1572433142745,open,0.01,115.3,0.0005,0.0235,0.00818318,101.03,0.0095,0.0,BTC-27MAR20-36000-C,9105.14,98.72,0.007,20.0,0.0095,2.0,103.36,5.05894,-1.71653,1.17981,1e-05,0.03903
9234.26,BTC-27DEC19,1572433142744,open,0.62,4.3,0.6125,0.632,0.62204187,107.78,0.5625,0.0,BTC-27DEC19-3500-C,9105.14,0.0,0.6135,13.0,0.6275,13.0,144.61,0.68568,-0.63845,5.43662,0.0,0.99334
9234.26,BTC-27DEC19,1572433142744,open,0.01,749.9,0.0005,0.017,0.00581068,89.45,0.006,0.0,BTC-27DEC19-18000-C,9105.14,87.2,0.005,49.0,0.0065,16.0,91.22,3.48333,-2.69187,0.57333,3e-05,0.04497
9234.26,BTC-27DEC19,1572433142744,open,0.0,350.0,0.0005,0.0105,7.584e-05,120.0,0.0005,0.0,BTC-27DEC19-48000-C,9105.14,0.0,0.0,0.0,0.0005,2.0,138.9,0.08474,-0.08785,0.00859,0.0,0.00066
9234.26,BTC-27DEC19,1572433142745,open,0.0,811.1,0.0005,0.0115,0.00181514,101.3,0.0025,0.0,BTC-27DEC19-4000-P,9105.14,93.11,0.001,26.3,0.0025,52.5,106.47,1.1012,-0.96374,-0.19397,1e-05,-0.01143
9234.26,BTC-27DEC19,1572433142745,open,0.57,30.9,0.5585,0.58,0.56862053,101.09,0.5735,0.0,BTC-27DEC19-4000-C,9105.14,0.0,0.5595,12.0,0.575,12.0,132.61,1.09142,-0.9532,6.15064,1e-05,0.98868
9378.41,BTC-27MAR20,1572433142745,open,0.58,1.3,0.5675,0.5965,0.58118384,82.98,0.493,0.0,BTC-27MAR20-4000-C,9105.14,0.0,0.5695,9.0,0.5915,9.0,101.49,4.13693,-1.15297,14.85227,1e-05,0.96945
9108.99,SYN.BTC-1NOV19,1572433142742,open,0.23,0.0,0.211,0.2625,0.23527815,120.9,None,0.0,BTC-1NOV19-11250-P,9105.14,0.0,0.0005,0.6,0.0,0.0,0.0,0.14892,-4.79963,-0.57432,3e-05,-0.99163
9124.61,SYN.BTC-8NOV19,1572433142743,open,0.0,138.5,0.0005,0.0115,0.00171246,91.48,0.004,0.0,BTC-8NOV19-12000-C,9105.14,84.08,0.001,20.0,0.0025,20.0,97.69,1.02758,-5.29579,0.06773,6e-05,0.03224
9124.61,SYN.BTC-8NOV19,1572433142742,open,0.24,1.2,0.2175,0.2505,0.23370878,83.31,0.1775,0.0,BTC-8NOV19-7000-C,9105.14,0.0,0.2235,6.0,0.2455,6.0,148.43,0.61896,-2.90492,1.66114,4e-05,0.98237
9171.44,SYN.BTC-29NOV19,1572433142743,open,0.3,0.3,0.2785,0.3155,0.29683219,79.96,0.31,0.0,BTC-29NOV19-6500-C,9105.14,0.0,0.288,7.0,0.3105,7.0,111.85,2.82111,-3.77531,4.88314,5e-05,0.94732
9459.91,SYN.BTC-26JUN20,1572433142743,open,0.43,2.1,0.3715,0.503,0.43843982,79.19,0.415,0.0,BTC-26JUN20-12000-P,9105.14,63.45,0.388,4.0,0.445,0.1,81.22,30.55704,-5.04368,-59.57069,7e-05,-0.51975
9124.61,SYN.BTC-8NOV19,1572433142742,open,0.01,334.2,0.0005,0.018,0.00604573,71.32,0.0055,0.0,BTC-8NOV19-8000-P,9105.14,67.56,0.005,20.0,0.0065,20.0,72.87,2.63686,-10.5937,-0.25259,0.00018,-0.1078
9108.99,SYN.BTC-1NOV19,1572433142744,open,0.18,120.8,0.16,0.195,0.17694388,119.22,0.214,0.0,BTC-1NOV19-7500-C,9105.14,0.0,0.17,6.1,0.188,6.0,249.21,0.17791,-5.65416,0.38047,3e-05,0.98974
9459.91,SYN.BTC-26JUN20,1572433142743,open,0.03,48.8,0.0105,0.067,0.03339285,92.13,0.0365,0.0,BTC-26JUN20-30000-C,9105.14,90.95,0.0315,10.0,0.036,16.0,93.7,15.39865,-2.9572,5.42423,3e-05,0.12064
9108.99,SYN.BTC-1NOV19,1572433142744,open,0.2,0.0,0.184,0.235,0.20793931,114.93,None,0.0,BTC-1NOV19-11000-P,9105.14,0.0,0.025,15.0,0.0,0.0,0.0,0.20801,-6.37276,-0.55969,4e-05,-0.98772
9378.41,BTC-27MAR20,1572433142748,open,0.02,113.7,0.004,0.039,0.0169196,93.14,0.0195,0.0,BTC-27MAR20-26000-C,9105.14,91.58,0.0155,15.0,0.019,26.0,95.29,8.7576,-2.73939,2.34652,3e-05,0.07826
9171.44,SYN.BTC-29NOV19,1572433142742,open,0.0,320.9,0.0005,0.014,0.00407838,92.29,0.0045,0.0,BTC-29NOV19-15000-C,9105.14,89.92,0.0035,0.2,0.005,50.0,95.69,2.33955,-3.61372,0.28255,4e-05,0.04172
9459.91,SYN.BTC-26JUN20,1572433142742,open,0.69,0.0,0.6795,0.704,0.690677,86.02,None,0.0,BTC-26JUN20-3000-C,9105.14,0.0,0.6815,9.0,0.7,9.0,103.02,4.17748,-0.74904,17.80122,1e-05,0.97701
9124.61,SYN.BTC-8NOV19,1572433142744,open,0.16,42.0,0.134,0.174,0.15391436,71.53,0.18,0.0,BTC-8NOV19-7750-C,9105.14,0.0,0.1355,6.0,0.1705,6.0,124.28,1.78909,-7.20919,1.73464,0.00012,0.9357
9108.99,SYN.BTC-1NOV19,1572433142743,open,0.0,183.7,0.0005,0.0105,7.3e-07,120.01,0.0005,0.0,BTC-1NOV19-6500-P,9105.14,0.0,0.0,0.0,0.0005,7.0,207.34,0.001,-0.00664,-2e-05,0.0,-4e-05
9108.99,SYN.BTC-1NOV19,1572433142743,open,0.0,393.8,0.0005,0.011,0.00129938,106.39,0.001,0.0,BTC-1NOV19-8000-P,9105.14,101.27,0.001,0.5,0.0015,3.5,109.45,0.57296,-11.83603,-0.01975,0.00013,-0.0409
9171.44,SYN.BTC-29NOV19,1572433142742,open,0.25,9.7,0.2255,0.2685,0.24697739,77.07,0.107,0.0,BTC-29NOV19-7000-C,9105.14,0.0,0.2355,7.0,0.2645,7.0,107.31,4.29072,-5.53457,4.97091,8e-05,0.90915
9124.61,SYN.BTC-8NOV19,1572433142744,open,0.0,160.1,0.0005,0.013,0.0032827,71.61,0.0045,0.0,BTC-8NOV19-7750-P,9105.14,67.36,0.0025,51.0,0.0035,1.0,72.7,1.7936,-7.23585,-0.15042,0.00012,-0.06451
9108.99,SYN.BTC-1NOV19,1572433142744,open,0.0,262.9,0.0005,0.0105,0.00071436,114.91,0.001,0.0,BTC-1NOV19-7750-P,9105.14,108.71,0.0005,0.5,0.001,9.0,121.57,0.35069,-6.50715,-0.01092,7e-05,-0.02261
9459.91,SYN.BTC-26JUN20,1572433142742,open,0.05,2.9,0.0185,0.086,0.04782873,87.44,0.053,0.0,BTC-26JUN20-24000-C,9105.14,85.78,0.0445,3.0,0.051,1.0,88.97,19.31705,-3.52065,7.51961,4e-05,0.16878
9459.91,SYN.BTC-26JUN20,1572433142743,open,0.08,50.9,0.0415,0.1285,0.08278125,83.63,0.0945,0.0,BTC-26JUN20-18000-C,9105.14,82.4,0.0795,3.0,0.086,1.0,84.82,25.40161,-4.42786,11.69863,5e-05,0.27095
9459.91,SYN.BTC-26JUN20,1572433142742,open,0.04,4.0,0.0125,0.0715,0.03670811,90.36,0.044,0.0,BTC-26JUN20-28000-C,9105.14,88.47,0.0335,3.0,0.04,15.0,92.21,16.42783,-3.09397,5.94795,3e-05,0.13238
9459.91,SYN.BTC-26JUN20,1572433142744,open,0.6,0.0,0.577,0.6145,0.59513588,80.61,None,0.0,BTC-26JUN20-4000-C,9105.14,69.58,0.587,8.0,0.609,8.0,95.22,7.92136,-1.33099,22.05598,2e-05,0.9499
9124.61,SYN.BTC-8NOV19,1572433142742,open,0.0,67.5,0.0005,0.0105,0.00062199,119.09,0.0005,0.0,BTC-8NOV19-6000-P,9105.14,0.0,0.0,0.0,0.0005,2.0,115.75,0.3586,-2.40576,-0.02219,1e-05,-0.00938
9108.99,SYN.BTC-1NOV19,1572433142742,open,0.0,196.1,0.0005,0.0105,4.297e-05,119.99,0.0005,0.0,BTC-1NOV19-11750-C,9105.14,0.0,0.0,0.0,0.0005,3.9,156.11,0.03702,-0.39141,0.00081,1e-05,0.00177
9108.99,SYN.BTC-1NOV19,1572433142742,open,0.21,9.2,0.188,0.2205,0.20416293,117.89,0.223,0.0,BTC-1NOV19-7250-C,9105.14,0.0,0.194,6.0,0.2145,6.0,272.69,0.06051,-1.90161,0.37111,1e-05,0.99696
9171.44,SYN.BTC-29NOV19,1572433142742,open,0.32,0.0,0.2895,0.3615,0.32455014,81.12,None,0.0,BTC-29NOV19-12000-P,9105.14,0.0,0.012,1.0,0.0,0.0,0.0,6.08109,-8.25575,-8.82741,0.00011,-0.85135
9459.91,SYN.BTC-26JUN20,1572433142742,open,0.02,122.5,0.007,0.033,0.01798356,80.62,0.0165,0.0,BTC-26JUN20-4000-P,9105.14,78.82,0.0165,2.8,0.019,1.0,81.82,7.92343,-1.33155,-4.23346,2e-05,-0.05011
9108.99,SYN.BTC-1NOV19,1572433142744,open,0.32,0.0,0.3,0.327,0.31385207,0.0,0.36,0.0,BTC-1NOV19-6250-C,9105.14,0.0,0.3055,7.0,0.3225,7.0,381.09,0.0,0.0,0.32118,0.0,1.0
9108.99,SYN.BTC-1NOV19,1572433142742,open,0.13,559.8,0.104,0.1435,0.12302991,106.13,0.134,0.0,BTC-1NOV19-8000-C,9105.14,0.0,0.106,5.0,0.1375,5.0,213.27,0.56885,-16.09245,0.39153,0.00013,0.95946
9124.61,SYN.BTC-8NOV19,1572433142742,open,0.0,52.3,0.0005,0.012,0.00217228,89.37,0.005,0.0,BTC-8NOV19-11750-C,9105.14,83.86,0.0015,20.0,0.003,20.0,94.9,1.23871,-6.23631,0.08505,7e-05,0.0405
9171.44,SYN.BTC-29NOV19,1572433142742,open,0.01,230.8,0.0005,0.0175,0.00624516,88.89,0.0085,0.0,BTC-29NOV19-14000-C,9105.14,88.19,0.006,0.1,0.007,49.0,90.98,3.21782,-4.78714,0.42059,5e-05,0.06227
9108.99,SYN.BTC-1NOV19,1572433142743,open,0.0,123.1,0.0005,0.0165,0.00355629,83.57,0.0025,0.0,BTC-1NOV19-8500-P,9105.14,79.51,0.003,0.5,0.004,38.0,86.63,1.29086,-28.75587,-0.0569,0.00036,-0.118
9459.91,SYN.BTC-26JUN20,1572433142743,open,0.04,31.9,0.015,0.0775,0.04137491,88.79,0.047,0.0,BTC-26JUN20-26000-C,9105.14,87.23,0.0385,3.0,0.0445,1.0,90.43,17.72739,-3.28089,6.63374,3e-05,0.14808
9459.91,SYN.BTC-26JUN20,1572433142742,open,0.37,1.5,0.327,0.4115,0.3713275,79.03,0.419,0.0,BTC-26JUN20-7000-C,9105.14,74.01,0.3595,11.0,0.396,11.0,89.39,22.38644,-3.68757,25.73994,5e-05,0.78535
9108.99,SYN.BTC-1NOV19,1572433142742,open,0.15,2.9,0.1305,0.179,0.15320548,95.24,0.1055,0.0,BTC-1NOV19-10500-P,9105.14,0.0,0.139,4.0,0.169,4.0,216.82,0.32026,-8.13029,-0.53031,8e-05,-0.97969
9108.99,SYN.BTC-1NOV19,1572433142742,open,0.0,580.5,0.0005,0.0105,0.00032151,120.0,0.001,0.0,BTC-1NOV19-7500-P,9105.14,0.0,0.0,0.0,0.001,22.5,142.11,0.18398,-2.92863,-0.00514,4e-05,-0.01066
9124.61,SYN.BTC-8NOV19,1572433142742,open,0.15,1.2,0.1305,0.1895,0.15919699,79.27,0.1195,0.0,BTC-8NOV19-10500-P,9105.14,0.0,0.138,4.0,0.1745,4.0,114.98,3.1886,-14.2388,-2.2583,0.0002,-0.85859
9124.61,SYN.BTC-8NOV19,1572433142744,open,0.0,59.8,0.0005,0.0105,0.00083584,113.23,0.001,0.0,BTC-8NOV19-6250-P,9105.14,0.0,0.0,0.0,0.001,2.0,116.22,0.47085,-3.00325,-0.03032,2e-05,-0.01283
9171.44,SYN.BTC-29NOV19,1572433142743,open,0.35,22.5,0.3335,0.3655,0.34908227,85.41,0.2095,0.0,BTC-29NOV19-6000-C,9105.14,0.0,0.3405,7.0,0.359,7.0,117.33,1.86085,-2.66007,4.64964,3e-05,0.96846
9124.61,SYN.BTC-8NOV19,1572433142746,open,0.01,152.4,0.0015,0.0275,0.01119405,76.89,0.014,0.0,BTC-8NOV19-10250-C,9105.14,73.93,0.01,16.0,0.0115,0.1,77.63,3.75182,-16.25089,0.37766,0.00024,0.1814
9108.99,SYN.BTC-1NOV19,1572433142744,open,0.28,0.0,0.265,0.318,0.29000125,124.99,None,0.0,BTC-1NOV19-11750-P,9105.14,0.0,0.0005,0.1,0.0,0.0,0.0,0.05217,-1.73808,-0.60264,1e-05,-0.99742
9124.61,SYN.BTC-8NOV19,1572433142743,open,0.23,0.0,0.2095,0.267,0.23650295,84.96,None,0.0,BTC-8NOV19-11250-P,9105.14,0.0,0.0,0.0,0.0,0.0,0.0,1.80351,-8.63139,-2.59943,0.0001,-0.93503
9171.44,SYN.BTC-29NOV19,1572433142742,open,0.2,67.8,0.1755,0.2245,0.20041954,75.09,0.2095,0.0,BTC-29NOV19-7500-C,9105.14,52.7,0.188,15.0,0.213,15.0,92.6,6.07052,-7.62908,4.88939,0.00012,0.85174
9108.99,SYN.BTC-1NOV19,1572433142743,open,0.0,274.8,0.0005,0.0105,1.797e-05,119.99,0.0005,0.0,BTC-1NOV19-12000-C,9105.14,0.0,0.0,0.0,0.0005,2.0,167.05,0.0176,-0.1637,0.00036,0.0,0.00078
9124.61,SYN.BTC-8NOV19,1572433142742,open,0.2,0.0,0.183,0.24,0.2100252,82.06,None,0.0,BTC-8NOV19-11000-P,9105.14,0.0,0.1915,4.0,0.2275,4.0,131.28,2.14008,-9.89291,-2.50458,0.00013,-0.91876
9124.61,SYN.BTC-8NOV19,1572433142742,open,0.0,82.0,0.0005,0.011,0.00109699,95.67,0.0025,0.0,BTC-8NOV19-12500-C,9105.14,86.01,0.0005,31.5,0.002,37.0,105.06,0.71562,-3.85689,0.04398,4e-05,0.02092
9108.99,SYN.BTC-1NOV19,1572433142746,open,0.0,190.2,0.0005,0.0105,9e-08,120.01,0.0005,0.0,BTC-1NOV19-6250-P,9105.14,0.0,0.0,0.0,0.0005,2.0,228.74,0.00015,-0.00081,0.0,0.0,0.0
9171.44,SYN.BTC-29NOV19,1572433142743,open,0.18,5.0,0.1475,0.219,0.1832866,76.7,0.15,0.0,BTC-29NOV19-10500-P,9105.14,43.17,0.154,5.0,0.2095,5.0,101.67,9.20656,-11.81842,-6.5845,0.00017,-0.69384
9124.61,SYN.BTC-8NOV19,1572433142744,open,0.21,16.9,0.1895,0.2245,0.20659537,77.17,0.2615,0.0,BTC-8NOV19-7250-C,9105.14,0.0,0.191,6.0,0.2185,6.0,135.1,0.81329,-3.53549,1.70641,5e-05,0.97565
9124.61,SYN.BTC-8NOV19,1572433142742,open,0.0,158.9,0.0005,0.011,0.00133692,93.3,0.002,0.0,BTC-8NOV19-12250-C,9105.14,81.27,0.0005,39.0,0.002,22.0,99.58,0.84492,-4.4407,0.05357,4e-05,0.02548
9108.99,SYN.BTC-1NOV19,1572433142743,open,0.0,114.5,0.0005,0.0105,0.00021171,119.43,0.0005,0.0,BTC-1NOV19-11250-C,9105.14,0.0,0.0,0.0,0.0005,2.0,133.12,0.13834,-1.92846,0.0035,3e-05,0.0077
9124.61,SYN.BTC-8NOV19,1572433142744,open,0.28,0.0,0.263,0.3205,0.28992427,89.55,None,0.0,BTC-8NOV19-11750-P,9105.14,0.0,0.015,25.0,0.0,0.0,0.0,1.24709,-6.29146,-2.7715,7e-05,-0.95916
9124.61,SYN.BTC-8NOV19,1572433142744,open,0.32,0.0,0.3015,0.3315,0.31586138,112.97,None,0.0,BTC-8NOV19-6250-C,9105.14,0.0,0.3065,7.0,0.3245,7.0,179.93,0.4659,-2.96489,1.48987,2e-05,0.98733
9171.44,SYN.BTC-29NOV19,1572433142748,open,0.0,466.3,0.0005,0.011,0.00106975,97.46,0.001,0.0,BTC-29NOV19-5000-P,9105.14,88.26,0.0005,70.5,0.0015,26.1,102.36,0.71791,-1.17104,-0.08539,1e-05,-0.01031
9108.99,SYN.BTC-1NOV19,1572433142744,open,0.29,1.0,0.272,0.3,0.28640679,0.0,0.307,0.0,BTC-1NOV19-6500-C,9105.14,0.0,0.278,6.0,0.295,6.0,348.62,0.0,0.0,0.33403,0.0,1.0
9108.99,SYN.BTC-1NOV19,1572433142744,open,0.0,115.8,0.0005,0.0105,9.916e-05,119.99,0.001,0.0,BTC-1NOV19-11500-C,9105.14,0.0,0.0,0.0,0.0005,2.0,144.81,0.0744,-0.90321,0.00175,1e-05,0.00383
9124.61,SYN.BTC-8NOV19,1572433142745,open,0.0,24.3,0.0005,0.0125,0.00273404,86.94,0.004,0.0,BTC-8NOV19-11500-C,9105.14,85.46,0.0025,1.0,0.003,1.0,88.53,1.48206,-7.25856,0.10626,8e-05,0.05062
9124.61,SYN.BTC-8NOV19,1572433142744,open,0.19,23.7,0.162,0.199,0.18005086,74.66,0.216,0.0,BTC-8NOV19-7500-C,9105.14,0.0,0.1695,6.0,0.1935,6.0,127.74,1.24434,-5.23377,1.72895,8e-05,0.95927
9171.44,SYN.BTC-29NOV19,1572433142744,open,0.27,0.0,0.24,0.312,0.27525886,79.53,None,0.0,BTC-29NOV19-11500-P,9105.14,0.0,0.01,1.0,0.0,0.0,0.0,7.10327,-9.45431,-8.15254,0.00013,-0.81074
9108.99,SYN.BTC-1NOV19,1572433142743,open,0.24,9.1,0.216,0.2465,0.23153738,111.12,0.254,0.0,BTC-1NOV19-7000-C,9105.14,0.0,0.222,6.0,0.2405,6.0,290.93,0.00966,-0.2862,0.35953,0.0,0.99959
9124.61,SYN.BTC-8NOV19,1572433142745,open,0.29,10.8,0.2735,0.3045,0.28844302,102.2,0.305,0.0,BTC-8NOV19-6500-C,9105.14,0.0,0.2785,6.0,0.298,6.0,169.05,0.49608,-2.8561,1.54859,2e-05,0.98637
9108.99,SYN.BTC-1NOV19,1572433142746,open,0.0,171.2,0.0005,0.0105,4.61e-06,120.01,0.002,0.0,BTC-1NOV19-6750-P,9105.14,0.0,0.0,0.0,0.0005,2.0,186.6,0.00518,-0.04201,-0.0001,0.0,-0.00021
9171.44,SYN.BTC-29NOV19,1572433142744,open,0.01,1072.6,0.0005,0.023,0.00939936,84.2,0.009,0.0,BTC-29NOV19-13000-C,9105.14,82.25,0.0085,24.0,0.01,0.2,85.45,4.33546,-6.10923,0.62103,7e-05,0.09213
9459.91,SYN.BTC-26JUN20,1572433142743,open,0.61,0.0,0.5435,0.685,0.61495842,82.11,None,0.0,BTC-26JUN20-14000-P,9105.14,0.0,0.07,1.0,0.645,0.1,91.6,29.60798,-5.06763,-75.59849,6e-05,-0.60104
9124.61,SYN.BTC-8NOV19,1572433142747,open,0.01,127.7,0.0005,0.0155,0.00447015,81.96,0.0065,0.0,BTC-8NOV19-11000-C,9105.14,79.89,0.004,20.0,0.005,0.1,84.16,2.13452,-9.85512,0.16972,0.00013,0.08096
9459.91,SYN.BTC-26JUN20,1572433142743,open,0.11,23.7,0.057,0.152,0.10355153,82.43,0.1175,0.0,BTC-26JUN20-16000-C,9105.14,81.04,0.0995,16.6,0.107,1.0,83.61,27.61971,-4.74558,13.79996,6e-05,0.32552
9108.99,SYN.BTC-1NOV19,1572433142747,open,0.25,0.8,0.238,0.29,0.26261152,122.68,0.2405,0.0,BTC-1NOV19-11500-P,9105.14,0.0,0.0005,0.6,0.0,0.0,0.0,0.08721,-2.85179,-0.58889,2e-05,-0.99543
9108.99,SYN.BTC-1NOV19,1572433142743,open,0.12,13.9,0.1035,0.151,0.12589363,84.64,0.092,0.0,BTC-1NOV19-10250-P,9105.14,0.0,0.113,4.0,0.1425,4.0,198.69,0.41657,-9.39848,-0.51404,0.00012,-0.97224
9108.99,SYN.BTC-1NOV19,1572433142744,open,0.26,1.0,0.244,0.2735,0.25896475,0.0,0.2805,0.0,BTC-1NOV19-6750-C,9105.14,0.0,0.25,6.0,0.2685,6.0,326.61,0.0,0.0,0.34688,0.0,1.0
9108.99,SYN.BTC-1NOV19,1572433142745,open,0.0,439.1,0.0005,0.0105,9.463e-05,120.01,0.0005,0.0,BTC-1NOV19-7250-P,9105.14,0.0,0.0,0.0,0.0005,2.0,146.79,0.06873,-0.86201,-0.00169,1e-05,-0.00351
9171.44,SYN.BTC-29NOV19,1572433142745,open,0.0,385.7,0.0005,0.013,0.00330091,85.48,0.0035,0.0,BTC-29NOV19-6000-P,9105.14,81.23,0.0025,115.0,0.004,24.0,88.74,1.86534,-2.66864,-0.26223,3e-05,-0.03163
9171.44,SYN.BTC-29NOV19,1572433142746,open,0.22,13.1,0.192,0.2645,0.22809205,78.22,0.233,0.0,BTC-29NOV19-11000-P,9105.14,0.0,0.1945,5.0,0.2595,5.0,110.24,8.19051,-10.72229,-7.40394,0.00015,-0.75819
9124.61,SYN.BTC-8NOV19,1572433142742,open,0.0,137.9,0.0005,0.0105,0.00081646,102.45,0.0005,0.0,BTC-8NOV19-6500-P,9105.14,0.0,0.0,0.0,0.001,3.0,105.58,0.50166,-2.89539,-0.03244,2e-05,-0.0138
9171.44,SYN.BTC-29NOV19,1572433142743,open,0.46,0.3,0.444,0.4685,0.45588755,97.32,0.4955,0.0,BTC-29NOV19-5000-C,9105.14,0.0,0.4485,8.0,0.464,8.0,143.37,0.71274,-1.16081,4.0079,1e-05,0.98978
9124.61,SYN.BTC-8NOV19,1572433142745,open,0.14,68.7,0.1075,0.151,0.12927842,71.26,0.14,0.0,BTC-8NOV19-8000-C,9105.14,0.0,0.1085,6.0,0.1465,6.0,116.44,2.6338,-10.57266,1.69319,0.00018,0.89238
9171.44,SYN.BTC-29NOV19,1572433142745,open,0.01,98.8,0.0025,0.028,0.0124984,83.08,0.017,0.0,BTC-29NOV19-12500-C,9105.14,82.19,0.012,50.0,0.0135,31.0,84.81,5.19401,-7.22161,0.79369,9e-05,0.11823
9124.61,SYN.BTC-8NOV19,1572433142744,open,0.25,0.0,0.236,0.2935,0.26308705,87.09,None,0.0,BTC-8NOV19-11500-P,9105.14,0.0,0.0,0.0,0.0,0.0,0.0,1.48953,-7.30779,-2.68954,8e-05,-0.94906
9459.91,SYN.BTC-26JUN20,1572433142745,open,0.04,43.8,0.018,0.062,0.03825851,79.29,0.035,0.0,BTC-26JUN20-5000-P,9105.14,76.87,0.035,17.8,0.0385,1.0,79.46,12.914,-2.13423,-8.25509,3e-05,-0.09452
9124.61,SYN.BTC-8NOV19,1572433142744,open,0.0,215.1,0.0005,0.012,0.00202022,74.78,0.0015,0.0,BTC-8NOV19-7500-P,9105.14,65.82,0.001,48.1,0.0025,20.0,78.08,1.24987,-5.26525,-0.09535,8e-05,-0.04096
9459.91,SYN.BTC-26JUN20,1572433142743,open,0.51,0.0,0.4825,0.537,0.50969892,79.28,None,0.0,BTC-26JUN20-5000-C,9105.14,67.66,0.495,8.0,0.5305,8.0,93.54,12.91258,-2.13373,24.60631,3e-05,0.90549
9124.61,SYN.BTC-8NOV19,1572433142746,open,0.13,24.2,0.1055,0.1645,0.13455217,76.94,0.0995,0.0,BTC-8NOV19-10250-P,9105.14,0.0,0.108,5.0,0.1595,5.0,127.21,3.75425,-16.27266,-2.11446,0.00024,-0.81841
9459.91,SYN.BTC-26JUN20,1572433142744,open,0.07,39.7,0.0305,0.1105,0.06745479,84.8,0.073,0.0,BTC-26JUN20-20000-C,9105.14,83.38,0.064,17.4,0.0705,1.0,86.04,23.17632,-4.09684,9.98505,5e-05,0.22806
9124.61,SYN.BTC-8NOV19,1572433142744,open,0.0,88.8,0.0005,0.0105,0.00057386,87.84,0.0015,0.0,BTC-8NOV19-6750-P,9105.14,0.0,0.0,0.0,0.001,20.0,95.25,0.43264,-2.14094,-0.02709,2e-05,-0.01163
9124.61,SYN.BTC-8NOV19,1572433142746,open,0.03,239.2,0.009,0.051,0.02857938,72.92,0.0275,0.0,BTC-8NOV19-9500-C,9105.14,69.42,0.0265,16.0,0.0305,17.0,76.14,5.43047,-22.30896,0.78634,0.00037,0.38297
9171.44,SYN.BTC-29NOV19,1572433142746,open,0.16,373.8,0.1305,0.185,0.15854351,73.95,0.2,0.0,BTC-29NOV19-8000-C,9105.14,64.32,0.1505,15.0,0.169,15.0,85.77,7.89166,-9.76716,4.61927,0.00015,0.77388
9124.61,SYN.BTC-8NOV19,1572433142744,open,0.18,0.6,0.1565,0.2145,0.18430159,80.68,0.1265,0.0,BTC-8NOV19-10750-P,9105.14,0.0,0.1645,4.0,0.2005,4.0,122.41,2.63099,-11.95739,-2.38932,0.00016,-0.89254
9108.99,SYN.BTC-1NOV19,1572433142746,open,0.17,2.0,0.157,0.2075,0.18062356,107.49,0.1535,0.0,BTC-1NOV19-10750-P,9105.14,0.0,0.0,0.0,0.0,0.0,0.0,0.28051,-8.03733,-0.54452,6e-05,-0.98262
9124.61,SYN.BTC-8NOV19,1572433142742,open,0.01,557.6,0.0005,0.0255,0.01023155,70.65,0.008,0.0,BTC-8NOV19-8250-P,9105.14,66.06,0.0085,16.0,0.011,16.0,72.6,3.54717,-14.1169,-0.39123,0.00025,-0.16609
9124.61,SYN.BTC-8NOV19,1572433142745,open,0.27,0.5,0.2455,0.277,0.26080143,87.54,0.2365,0.0,BTC-8NOV19-6750-C,9105.14,0.0,0.251,6.0,0.2715,6.0,157.95,0.42536,-2.09759,1.61484,2e-05,0.98859
9124.61,SYN.BTC-8NOV19,1572433142742,open,0.35,0.0,0.3295,0.358,0.34304651,118.76,None,0.0,BTC-8NOV19-6000-C,9105.14,0.0,0.334,7.0,0.3515,7.0,193.24,0.35359,-2.36562,1.43719,1e-05,0.99077
9459.91,SYN.BTC-26JUN20,1572433142744,open,0.44,0.0,0.399,0.47,0.43576111,79.28,None,0.0,BTC-26JUN20-6000-C,9105.14,81.49,0.44,2.0,0.4625,11.0,92.95,18.00405,-2.97513,25.65646,4e-05,0.84844
9378.41,BTC-27MAR20,1572433142787,open,0.56,58.9,0.513,0.6345,0.57353624,82.26,0.5,0.0,BTC-27MAR20-14000-P,9105.14,0.0,0.3,0.1,0.6275,0.1,105.02,21.08803,-5.82615,-48.38828,7e-05,-0.69143
9108.99,SYN.BTC-1NOV19,1572433142965,open,0.07,101.6,0.05,0.0975,0.07283022,72.94,0.059,0.0,BTC-1NOV19-9750-P,9105.14,0.0,0.07,4.0,0.0735,0.1,77.94,1.15649,-22.48675,-0.45479,0.00037,-0.89874
9171.44,SYN.BTC-29NOV19,1572433143031,open,0.01,1046.1,0.0005,0.023,0.01023247,77.11,0.01,0.0,BTC-29NOV19-7000-P,9105.14,74.4,0.009,31.0,0.011,16.0,78.72,4.2936,-5.5408,-0.75941,8e-05,-0.09093
9124.61,SYN.BTC-8NOV19,1572433143033,open,0.02,162.8,0.0075,0.0475,0.02557475,70.65,0.022,0.0,BTC-8NOV19-8750-P,9105.14,65.18,0.0225,26.0,0.0265,16.1,72.28,5.1627,-20.54733,-0.79243,0.00036,-0.33157
183.75,SYN.ETH-1NOV19,1572433143052,open,0.14,611.0,0.103,0.158,0.130569,111.89,0.165,0.0,ETH-1NOV19-160-C,183.69,0.0,0.115,1.0,0.147,1.0,232.93,0.01106,-0.32988,0.00784,0.0057,0.96126
183.75,SYN.ETH-1NOV19,1572433143111,open,0.04,1275.0,0.006,0.061,0.033625,77.38,0.031,0.0,ETH-1NOV19-180-C,183.69,71.32,0.032,120.0,0.036,20.0,86.44,0.04853,-1.00095,0.00587,0.03614,0.65511
183.75,SYN.ETH-1NOV19,1572433143142,open,0.14,611.0,0.103,0.158,0.130569,111.89,0.165,0.0,ETH-1NOV19-160-C,183.69,0.0,0.116,1.0,0.147,1.0,232.93,0.01106,-0.32988,0.00784,0.0057,0.96126
183.75,SYN.ETH-1NOV19,1572433143186,open,0.14,611.0,0.103,0.158,0.130569,111.89,0.165,0.0,ETH-1NOV19-160-C,183.69,0.0,0.115,1.0,0.147,1.0,232.93,0.01106,-0.32988,0.00784,0.0057,0.96126
9124.61,SYN.BTC-8NOV19,1572433143219,open,0.04,287.9,0.0145,0.0615,0.03714205,70.65,0.04,0.0,BTC-8NOV19-9000-P,9105.14,65.52,0.034,12.0,0.038,12.0,72.05,5.58537,-22.23031,-1.03344,0.00039,-0.42862
9124.61,SYN.BTC-8NOV19,1572433143232,open,0.07,49.9,0.041,0.098,0.06974056,72.96,0.057,0.0,BTC-8NOV19-9500-P,9105.14,65.79,0.0655,12.0,0.0705,12.0,74.23,5.43078,-22.32066,-1.52365,0.00037,-0.61695
9124.61,SYN.BTC-8NOV19,1572433143239,open,0.02,162.8,0.0075,0.0475,0.02557475,70.65,0.022,0.0,BTC-8NOV19-8750-P,9105.14,66.08,0.023,16.0,0.0265,16.1,72.28,5.1627,-20.54733,-0.79243,0.00036,-0.33157
9171.79,SYN.BTC-29NOV19,1572433143743,open,0.1,91.4,0.072,0.1375,0.10510649,74.2,0.0905,0.0,BTC-29NOV19-9500-P,9105.14,71.47,0.102,9.6,0.1075,9.6,76.3,10.44981,-12.97652,-4.72072,0.0002,-0.52372
9378.44,BTC-27MAR20,1572433143748,open,0.12,641.7,0.072,0.1605,0.11693612,80.55,0.1305,0.0,BTC-27MAR20-12000-C,9105.64,79.37,0.114,9.0,0.1195,2.0,81.58,23.31383,-6.30732,11.29443,8e-05,0.4122
9234.28,BTC-27DEC19,1572433143749,open,4.6,0.8,4.521,4.7465,4.63144538,136.69,3.59,0.0,BTC-27DEC19-52000-P,9105.64,0.0,0.001,1.0,0.0,0.0,0.0,0.21687,-0.2561,-82.42972,0.0,-0.99815
9378.44,BTC-27MAR20,1572433143749,open,0.04,263.4,0.017,0.0775,0.04389097,86.68,0.05,0.0,BTC-27MAR20-18000-C,9105.64,86.15,0.043,0.1,0.0455,14.7,87.62,15.92408,-4.63569,5.35241,5e-05,0.18381
9234.78,BTC-27DEC19,1572433143750,open,1.8,0.0,1.7605,1.8775,1.81679082,103.8,None,0.0,BTC-27DEC19-26000-P,9105.64,0.0,0.0,0.0,0.0,0.0,0.0,1.04739,-0.93926,-41.08823,1e-05,-0.98921
9234.78,BTC-27DEC19,1572433143750,open,0.01,463.5,0.0005,0.0255,0.01038776,86.25,0.0105,0.0,BTC-27DEC19-16000-C,9105.64,84.66,0.0095,28.0,0.0115,16.0,88.14,5.28831,-3.94057,0.96914,5e-05,0.07657
9234.78,BTC-27DEC19,1572433143750,open,3.3,0.0,3.247,3.4225,3.33198634,126.53,2.58,0.0,BTC-27DEC19-40000-P,9105.64,0.0,0.001,1.0,0.0,0.0,0.0,0.4294,-0.46939,-63.37562,0.0,-0.99606
9234.78,BTC-27DEC19,1572433143750,open,1.37,4.9,1.336,1.438,1.38468023,96.35,1.0385,0.0,BTC-27DEC19-22000-P,9105.64,0.0,0.0,0.0,0.0,0.0,0.0,1.71907,-1.4309,-34.63786,1e-05,-0.98081
9109.32,SYN.BTC-1NOV19,1572433143749,open,0.0,164.4,0.0005,0.0105,0.00031902,113.9,0.0005,0.0,BTC-1NOV19-11000-C,9105.64,0.0,0.0,0.0,0.001,21.0,134.28,0.19857,-2.90604,0.0053,4e-05,0.01164
9460.28,SYN.BTC-26JUN20,1572433143749,open,2.18,0.0,2.1215,2.298,2.20467158,92.21,None,0.0,BTC-26JUN20-30000-P,9105.64,0.0,0.0,0.0,0.0,0.0,0.0,15.42799,-2.96522,-191.72147,3e-05,-0.87904
9460.28,SYN.BTC-26JUN20,1572433143749,open,0.23,98.4,0.1755,0.281,0.23087696,79.03,0.24,0.0,BTC-26JUN20-10000-C,9105.64,78.28,0.2285,11.6,0.24,11.6,81.94,29.77113,-4.90445,22.4775,6e-05,0.59241
9109.32,SYN.BTC-1NOV19,1572433143748,open,0.01,421.3,0.0005,0.021,0.00598791,71.06,0.006,0.0,BTC-1NOV19-9500-C,9105.64,66.19,0.005,16.5,0.0075,16.0,78.11,1.89338,-35.86461,0.09652,0.00062,0.21217
9460.28,SYN.BTC-26JUN20,1572433143750,open,0.01,49.2,0.0005,0.0175,0.00781195,86.04,0.004,0.0,BTC-26JUN20-3000-P,9105.64,81.65,0.006,18.0,0.0095,5.0,89.67,4.1796,-0.74958,-1.91591,1e-05,-0.023
9171.79,SYN.BTC-29NOV19,1572433143749,open,0.01,663.9,0.0005,0.0155,0.00556779,80.01,0.0055,0.0,BTC-29NOV19-6500-P,9105.64,76.36,0.0045,48.0,0.0065,16.0,82.92,2.82461,-3.78247,-0.4379,5e-05,-0.05276
9234.78,BTC-27DEC19,1572433143769,open,0.06,735.9,0.031,0.0865,0.05779764,76.11,0.0545,0.0,BTC-27DEC19-8000-P,9105.64,74.74,0.056,5.0,0.059,12.8,77.03,12.0665,-7.93445,-4.74056,0.00012,-0.26594
9234.28,BTC-27DEC19,1572433143772,open,0.09,677.4,0.0555,0.1225,0.08961618,76.97,0.089,0.0,BTC-27DEC19-10000-C,9105.64,75.0,0.0865,26.2,0.092,13.0,78.48,14.5863,-9.69975,5.38713,0.00014,0.45753
9234.28,BTC-27DEC19,1572433143789,open,0.09,677.4,0.0555,0.1225,0.08961618,76.97,0.089,0.0,BTC-27DEC19-10000-C,9105.64,75.0,0.0865,26.2,0.092,29.6,78.48,14.5863,-9.69975,5.38713,0.00014,0.45753
183.77,SYN.ETH-1NOV19,1572433143886,open,0.04,382.0,0.013,0.076,0.043871,79.27,0.029,0.0,ETH-1NOV19-190-P,183.69,58.09,0.039,40.0,0.045,20.0,83.84,0.04496,-0.95015,-0.00714,0.03268,-0.71177
184.91,SYN.ETH-29NOV19,1572433143886,open,0.02,1999.0,0.006,0.042,0.021572,87.16,0.031,0.0,ETH-29NOV19-240-C,183.69,85.03,0.02,128.0,0.024,412.0,90.35,0.1381,-0.20145,0.02376,0.00566,0.17853
184.05,SYN.ETH-8NOV19,1572433143886,open,0.03,66.0,0.012,0.066,0.037106,76.94,0.032,0.0,ETH-8NOV19-180-P,183.69,70.12,0.033,160.0,0.038,205.0,78.42,0.1111,-0.48151,-0.0197,0.01753,-0.40299
188.5,ETH-27MAR20,1572433143895,open,2.38,0.0,2.301,2.533,2.412061,106.04,None,0.0,ETH-27MAR20-640-P,183.68,0.0,0.0,0.0,0.0,0.0,0.0,0.16388,-0.05836,-2.56858,0.00107,-0.92873
186.06,ETH-27DEC19,1572433143895,open,0.17,3291.0,0.129,0.224,0.177849,83.63,0.17,0.0,ETH-27DEC19-200-P,183.68,79.95,0.172,96.0,0.181,296.0,85.62,0.2952,-0.21329,-0.20591,0.00643,-0.52011
186.06,ETH-27DEC19,1572433143895,open,0.04,3580.0,0.015,0.065,0.038452,89.04,0.045,0.0,ETH-27DEC19-260-C,183.68,86.95,0.036,128.0,0.04,291.0,90.34,0.22035,-0.16951,0.05407,0.00451,0.22172
186.06,ETH-27DEC19,1572433143895,open,0.11,10545.0,0.064,0.138,0.102984,83.67,0.122,0.0,ETH-27DEC19-200-C,183.68,81.16,0.099,96.0,0.106,264.0,85.57,0.2952,-0.21338,0.11122,0.00643,0.47996
188.5,ETH-27MAR20,1572433143895,open,1.75,0.0,1.687,1.886,1.782725,99.76,None,0.0,ETH-27MAR20-520-P,183.68,0.0,0.005,10.0,0.0,0.0,0.0,0.21329,-0.07146,-2.06161,0.00148,-0.89869
186.06,ETH-27DEC19,1572433143895,open,0.06,11323.0,0.034,0.096,0.064329,82.95,0.064,0.0,ETH-27DEC19-160-P,183.68,79.63,0.06,128.0,0.066,405.0,84.22,0.24359,-0.17456,-0.09774,0.00535,-0.26697
188.5,ETH-27MAR20,1572433143895,open,2.17,0.0,2.097,2.318,2.202829,105.16,None,0.0,ETH-27MAR20-600-P,183.68,0.0,0.02,10.0,0.0,0.0,0.0,0.18325,-0.06472,-2.39904,0.0012,-0.91746
188.5,ETH-27MAR20,1572433143895,open,1.96,0.0,1.891,2.101,1.991711,101.75,None,0.0,ETH-27MAR20-560-P,183.68,0.0,0.01,10.0,0.0,0.0,0.0,0.19288,-0.06591,-2.23222,0.00131,-0.91161
188.5,ETH-27MAR20,1572433143895,open,0.95,6.0,0.884,1.049,0.96561,92.95,1.165,0.0,ETH-27MAR20-360-P,183.68,0.0,0.0,0.0,0.0,0.0,0.0,0.35066,-0.10946,-1.34684,0.0026,-0.78615
190.15,SYN.ETH-26JUN20,1572433143895,open,1.37,0.0,1.289,1.495,1.390583,94.38,None,0.0,ETH-26JUN20-440-P,183.68,0.0,0.0,0.0,0.0,0.0,0.0,0.47666,-0.09378,-2.69048,0.00213,-0.76234
188.5,ETH-27MAR20,1572433143895,open,0.4,169.0,0.342,0.479,0.413084,89.11,0.4,0.0,ETH-27MAR20-240-P,183.68,78.3,0.386,300.0,0.453,3.0,104.84,0.4756,-0.14234,-0.74478,0.00368,-0.55561
184.91,SYN.ETH-29NOV19,1572433143895,open,0.01,419.0,0.001,0.019,0.007317,101.6,0.013,0.0,ETH-29NOV19-300-C,183.68,97.74,0.006,360.0,0.009,480.0,106.01,0.06654,-0.11315,0.00863,0.00234,0.06433
186.05,ETH-27DEC19,1572433143896,open,1.03,0.0,0.986,1.124,1.051719,102.43,None,0.0,ETH-27DEC19-380-P,183.68,0.0,0.001,5.0,0.0,0.0,0.0,0.08931,-0.07903,-0.5873,0.00159,-0.93908
186.05,ETH-27DEC19,1572433143897,open,1.34,0.0,1.297,1.452,1.370883,109.32,None,0.0,ETH-27DEC19-440-P,183.68,0.0,0.001,8.0,0.0,0.0,0.0,0.06284,-0.05935,-0.68785,0.00105,-0.96077
190.15,SYN.ETH-26JUN20,1572433143895,open,0.37,0.0,0.306,0.448,0.380075,86.46,None,0.0,ETH-26JUN20-220-P,183.68,6.51,0.157,50.0,0.408,1.0,95.22,0.60878,-0.10971,-1.02904,0.00296,-0.44336
186.05,ETH-27DEC19,1572433143898,open,0.01,4105.0,0.001,0.016,0.006338,96.87,0.009,0.0,ETH-27DEC19-100-P,183.68,92.32,0.005,3.0,0.007,460.0,98.93,0.05824,-0.04873,-0.01241,0.0011,-0.03574
190.15,SYN.ETH-26JUN20,1572433143895,open,0.45,0.0,0.381,0.531,0.459304,87.13,None,0.0,ETH-26JUN20-240-P,183.68,0.0,0.0,0.0,0.485,1.0,95.09,0.61481,-0.11166,-1.18708,0.00297,-0.4906
184.05,SYN.ETH-8NOV19,1572433143895,open,0.01,20.0,0.001,0.022,0.007388,89.92,0.012,0.0,ETH-8NOV19-220-C,183.68,85.11,0.006,200.0,0.009,500.0,95.03,0.05559,-0.28157,0.0048,0.0075,0.11464
183.77,SYN.ETH-1NOV19,1572433143895,open,0.0,683.0,0.001,0.017,0.00305,87.06,0.002,0.0,ETH-1NOV19-170-P,183.68,66.72,0.001,214.0,0.004,520.0,94.15,0.0232,-0.53836,-0.00098,0.01535,-0.10046
190.15,SYN.ETH-26JUN20,1572433143895,open,0.23,5.0,0.178,0.297,0.240683,86.43,0.237,0.0,ETH-26JUN20-180-P,183.68,83.16,0.231,150.0,0.25,143.0,89.6,0.561,-0.10107,-0.71828,0.00273,-0.33408
183.77,SYN.ETH-1NOV19,1572433143895,open,0.0,864.0,0.001,0.015,0.002707,87.74,0.004,0.0,ETH-1NOV19-200-C,183.68,81.46,0.002,200.0,0.005,520.0,104.18,0.02216,-0.49748,0.00087,0.01455,0.09436
190.15,SYN.ETH-26JUN20,1572433143895,open,0.05,5.0,0.025,0.076,0.049732,87.89,0.061,0.0,ETH-26JUN20-100-P,183.68,85.32,0.046,150.0,0.053,1.0,90.1,0.27866,-0.05105,-0.19231,0.00133,-0.10415
184.91,SYN.ETH-29NOV19,1572433143895,open,0.21,0.0,0.179,0.27,0.22525,83.61,None,0.0,ETH-29NOV19-220-P,183.68,0.0,0.189,50.0,0.0,0.0,0.0,0.17558,-0.2457,-0.14427,0.0075,-0.72797
184.91,SYN.ETH-29NOV19,1572433143896,open,0.06,1593.0,0.031,0.089,0.060143,80.56,0.077,0.0,ETH-29NOV19-200-C,183.68,77.73,0.057,96.0,0.063,296.0,83.12,0.20578,-0.27744,0.0531,0.00913,0.41097
184.91,SYN.ETH-29NOV19,1572433143896,open,0.03,198.0,0.013,0.056,0.032881,78.77,0.024,0.0,ETH-29NOV19-160-P,183.68,75.38,0.03,386.0,0.034,128.0,80.07,0.15873,-0.20925,-0.03906,0.0072,-0.22517
184.05,SYN.ETH-8NOV19,1572433143895,open,0.02,518.0,0.004,0.043,0.020633,81.88,0.025,0.0,ETH-8NOV19-200-C,183.68,76.79,0.018,160.0,0.023,393.0,86.36,0.09639,-0.44462,0.01155,0.01429,0.27864
190.15,SYN.ETH-26JUN20,1572433143895,open,0.18,123.0,0.126,0.23,0.180243,86.45,0.174,0.0,ETH-26JUN20-160-P,183.68,83.04,0.171,331.0,0.188,181.0,89.32,0.51467,-0.09274,-0.56932,0.00251,-0.27533
184.05,SYN.ETH-8NOV19,1572433143897,open,0.01,166.0,0.002,0.03,0.011962,85.17,0.02,0.0,ETH-8NOV19-210-C,183.68,82.76,0.011,160.0,0.014,436.0,90.07,0.07454,-0.35764,0.00739,0.01062,0.17708
184.05,SYN.ETH-8NOV19,1572433143897,open,0.02,526.0,0.003,0.039,0.017504,76.86,0.015,0.0,ETH-8NOV19-170-P,183.68,71.55,0.015,160.0,0.019,432.0,79.95,0.08819,-0.38183,-0.0113,0.01393,-0.23495
184.05,SYN.ETH-8NOV19,1572433143899,open,0.0,1255.0,0.001,0.011,0.000653,101.47,0.001,0.0,ETH-8NOV19-130-P,183.68,0.0,0.0,0.0,0.001,200.0,107.9,0.00858,-0.04904,-0.00054,0.00103,-0.01141
188.5,ETH-27MAR20,1572433143913,open,0.57,158.0,0.511,0.661,0.587514,91.01,0.62,0.0,ETH-27MAR20-280-P,183.68,78.55,0.559,42.0,0.598,1.0,95.41,0.44507,-0.13603,-0.95285,0.00337,-0.65181
190.15,SYN.ETH-26JUN20,1572433143918,open,0.37,0.0,0.306,0.448,0.380075,86.46,None,0.0,ETH-26JUN20-220-P,183.68,0.0,0.156,50.0,0.408,1.0,95.22,0.60878,-0.10971,-1.02904,0.00296,-0.44336
9124.94,SYN.BTC-8NOV19,1572433144315,open,0.01,334.2,0.0005,0.018,0.00603916,71.32,0.0055,0.0,BTC-8NOV19-8000-P,9105.64,65.65,0.0045,39.0,0.0065,20.0,72.88,2.63621,-10.59208,-0.2525,0.00018,-0.10775
9124.94,SYN.BTC-8NOV19,1572433144317,open,0.01,334.2,0.0005,0.018,0.00603916,71.32,0.0055,0.0,BTC-8NOV19-8000-P,9105.64,65.65,0.0045,54.0,0.0065,20.0,72.88,2.63621,-10.59208,-0.2525,0.00018,-0.10775
9234.78,BTC-27DEC19,1572433144317,open,0.04,370.1,0.0185,0.064,0.03964223,76.1,0.0345,0.0,BTC-27DEC19-7500-P,9105.64,74.16,0.0375,28.8,0.041,12.8,77.3,10.32518,-6.78848,-3.52358,0.0001,-0.20098
9234.78,BTC-27DEC19,1572433144332,open,0.04,370.1,0.0185,0.064,0.03964223,76.1,0.0345,0.0,BTC-27DEC19-7500-P,9105.64,74.16,0.0375,47.5,0.041,12.8,77.3,10.32518,-6.78848,-3.52358,0.0001,-0.20098
9124.94,SYN.BTC-8NOV19,1572433144339,open,0.02,162.8,0.0075,0.0475,0.02561293,70.66,0.022,0.0,BTC-8NOV19-8750-P,9105.64,65.21,0.0225,26.0,0.0265,16.1,72.31,5.16225,-20.54865,-0.79222,0.00036,-0.33146
9124.94,SYN.BTC-8NOV19,1572433144386,open,0.11,125.5,0.082,0.1295,0.1061463,70.57,0.112,0.0,BTC-8NOV19-8250-C,9105.64,66.39,0.1045,4.0,0.1095,4.0,78.99,3.54288,-14.08423,1.6157,0.00025,0.83423
9171.79,SYN.BTC-29NOV19,1572433144388,open,0.1,91.4,0.072,0.1375,0.10508233,74.2,0.0905,0.0,BTC-29NOV19-9500-P,9105.64,71.03,0.1015,9.6,0.1075,9.6,76.3,10.44981,-12.97652,-4.72072,0.0002,-0.52372
9234.76,BTC-27DEC19,1572433144407,open,1.16,3.6,1.124,1.2205,1.16954394,93.78,1.729,0.0,BTC-27DEC19-20000-P,9105.64,0.0,0.0005,0.1,0.0,0.0,0.0,2.49323,-2.01993,-31.33114,2e-05,-0.97013
9124.94,SYN.BTC-8NOV19,1572433144413,open,0.11,34.5,0.0815,0.141,0.11103614,75.05,0.083,0.0,BTC-8NOV19-10000-P,9105.64,66.2,0.107,4.0,0.112,4.0,76.98,4.36793,-18.46611,-1.94494,0.00029,-0.76546
9171.79,SYN.BTC-29NOV19,1572433144466,open,0.1,91.4,0.072,0.1375,0.10508233,74.2,0.0905,0.0,BTC-29NOV19-9500-P,9105.64,71.03,0.1015,9.6,0.107,9.6,75.86,10.44981,-12.97652,-4.72072,0.0002,-0.52372
9234.76,BTC-27DEC19,1572433144652,open,2.44,0.3,2.3975,2.5395,2.46587946,113.04,1.875,0.0,BTC-27DEC19-32000-P,9105.64,0.0,0.0005,0.1,0.0,0.0,0.0,0.58876,-0.57495,-50.66864,0.0,-0.99439
9378.44,BTC-27MAR20,1572433144740,open,0.24,178.6,0.1865,0.2915,0.24027344,78.9,0.24,0.0,BTC-27MAR20-10000-P,9105.64,76.22,0.2335,16.6,0.2435,2.0,80.18,23.7102,-6.28282,-26.42103,8e-05,-0.45042
9234.76,BTC-27DEC19,1572433144756,open,0.03,531.6,0.01,0.0525,0.0284503,81.28,0.0285,0.0,BTC-27DEC19-13000-C,9104.78,79.9,0.027,19.8,0.03,32.2,82.72,9.83077,-6.90311,2.29903,9e-05,0.18546
9460.79,SYN.BTC-26JUN20,1572433144756,open,0.14,79.1,0.083,0.186,0.1350083,82.1,0.1355,0.0,BTC-26JUN20-14000-C,9104.78,80.01,0.1285,13.0,0.141,13.0,84.01,29.61055,-5.06717,16.41088,6e-05,0.39895
9233.9,BTC-27DEC19,1572433144756,open,0.73,19.0,0.7015,0.789,0.74297205,85.98,1.2,0.0,BTC-27DEC19-16000-P,9104.78,0.0,0.42,0.2,0.0,0.0,0.0,5.24347,-3.89484,-24.41109,5e-05,-0.92427
9378.09,BTC-27MAR20,1572433144759,open,0.08,344.0,0.0425,0.1215,0.08066948,82.23,0.0875,0.0,BTC-27MAR20-14000-C,9104.78,80.59,0.077,21.5,0.0835,13.5,83.49,21.08262,-5.82249,8.71136,7e-05,0.30841
9233.9,BTC-27DEC19,1572433144759,open,0.0,502.5,0.0005,0.011,0.0010796,107.97,0.0015,0.0,BTC-27DEC19-3500-P,9104.78,98.12,0.0005,15.4,0.0015,9.0,112.97,0.69191,-0.64537,-0.11432,0.0,-0.00673
9233.9,BTC-27DEC19,1572433144759,open,0.94,9.4,0.9125,1.003,0.95496751,88.97,1.1125,0.0,BTC-27DEC19-18000-P,9104.78,0.0,0.0,0.0,0.0,0.0,0.0,3.41718,-2.62648,-27.98091,3e-05,-0.95609
9233.9,BTC-27DEC19,1572433144760,open,3.73,0.0,3.6715,3.8635,3.76500092,0.0,3.46,0.0,BTC-27DEC19-44000-P,9104.78,0.0,0.001,1.0,0.0,0.0,0.0,0.0,0.0,-69.76796,0.0,-1.0
9109.83,SYN.BTC-1NOV19,1572433144756,open,0.0,176.9,0.0005,0.0105,0.00047787,94.59,0.0005,0.0,BTC-1NOV19-10500-C,9104.78,0.0,0.0,0.0,0.001,20.0,106.44,0.31178,-4.35331,0.00899,8e-05,0.01967
9233.9,BTC-27DEC19,1572433144761,open,4.17,0.0,4.096,4.3045,4.19781748,0.0,None,0.0,BTC-27DEC19-48000-P,9104.78,0.0,0.0005,1.0,0.0,0.0,0.0,0.0,0.0,-76.1105,0.0,-1.0
9378.09,BTC-27MAR20,1572433144761,open,0.02,149.5,0.0055,0.0455,0.02090948,91.73,0.033,0.0,BTC-27MAR20-24000-C,9104.78,90.4,0.0195,2.0,0.023,17.0,93.62,10.11744,-3.11705,2.83129,3e-05,0.09493
9233.9,BTC-27DEC19,1572433144762,open,2.02,0.1,1.9725,2.099,2.03320889,105.27,1.49,0.0,BTC-27DEC19-28000-P,9104.78,0.0,0.0,0.0,0.0,0.0,0.0,0.75328,-0.68507,-44.30256,1e-05,-0.99259
9460.79,SYN.BTC-26JUN20,1572433144761,open,1.57,0.0,1.5085,1.6685,1.58476014,87.5,None,0.0,BTC-26JUN20-24000-P,9104.78,0.0,0.0,0.0,0.0,0.0,0.0,19.34449,-3.5283,-150.19353,4e-05,-0.83087
9378.09,BTC-27MAR20,1572433144762,open,1.35,6.0,1.309,1.441,1.37128018,89.5,1.5845,0.0,BTC-27MAR20-22000-P,9104.78,0.0,0.0,0.0,0.0,0.0,0.0,11.54793,-3.47117,-86.34664,4e-05,-0.88608
9460.79,SYN.BTC-26JUN20,1572433144760,open,0.06,5.2,0.024,0.098,0.05697587,86.42,0.063,0.0,BTC-26JUN20-22000-C,9104.78,85.76,0.0555,0.5,0.0595,1.0,87.53,21.2431,-3.8266,8.67376,4e-05,0.19648
9125.44,SYN.BTC-8NOV19,1572433144755,open,0.0,142.1,0.0005,0.011,0.0011642,77.35,0.001,0.0,BTC-8NOV19-7250-P,9104.78,67.95,0.0005,37.1,0.0015,20.0,80.81,0.81914,-3.56931,-0.05706,5e-05,-0.02455
9125.44,SYN.BTC-8NOV19,1572433144756,open,0.0,118.9,0.0005,0.011,0.0010014,99.33,0.002,0.0,BTC-8NOV19-12750-C,9104.78,90.6,0.0005,120.8,0.0015,20.0,105.43,0.65006,-3.63743,0.03922,3e-05,0.01868
9172.3,SYN.BTC-29NOV19,1572433144759,open,0.02,325.1,0.0045,0.0335,0.01612081,81.07,0.0165,0.0,BTC-29NOV19-12000-C,9104.78,79.35,0.015,24.0,0.0175,30.7,83.12,6.07935,-8.24842,0.99435,0.00011,0.14857
9109.83,SYN.BTC-1NOV19,1572433144760,open,0.0,293.7,0.0005,0.0135,0.00244477,72.76,0.003,0.0,BTC-1NOV19-9750-C,9104.78,69.08,0.002,0.5,0.003,0.5,76.94,1.15415,-22.2714,0.04612,0.00037,0.10097
9125.44,SYN.BTC-8NOV19,1572433144756,open,0.0,82.6,0.0005,0.0135,0.00355247,84.82,0.005,0.0,BTC-8NOV19-11250-C,9104.78,81.89,0.003,20.0,0.0045,20.0,89.33,1.79857,-8.59435,0.13576,0.0001,0.06473
9125.44,SYN.BTC-8NOV19,1572433144759,open,0.06,79.7,0.0255,0.0755,0.05087125,70.69,0.0575,0.0,BTC-8NOV19-9000-C,9104.78,67.64,0.049,12.0,0.0535,12.0,74.99,5.58508,-22.24219,1.15572,0.00039,0.57169
9125.44,SYN.BTC-8NOV19,1572433144758,open,0.02,59.3,0.005,0.0415,0.02095944,73.97,0.018,0.0,BTC-8NOV19-9750-C,9104.78,71.27,0.0195,16.0,0.0225,16.0,76.78,4.96878,-20.70527,0.62551,0.00033,0.30285
9460.79,SYN.BTC-26JUN20,1572433144759,open,1.77,0.0,1.7115,1.876,1.78971584,88.87,None,0.0,BTC-26JUN20-26000-P,9104.78,0.0,0.0,0.0,0.0,0.0,0.0,17.76014,-3.28984,-164.22156,3e-05,-0.85153
9125.44,SYN.BTC-8NOV19,1572433144755,open,0.04,91.7,0.015,0.061,0.03777106,70.7,0.046,0.0,BTC-8NOV19-9250-C,9104.78,68.65,0.0365,12.0,0.04,0.1,74.29,5.66395,-22.5589,0.96569,0.0004,0.47296
9109.83,SYN.BTC-1NOV19,1572433144760,open,0.0,179.9,0.0005,0.0105,0.00061227,84.15,0.0005,0.0,BTC-1NOV19-10250-C,9104.78,0.0,0.0,0.0,0.001,20.0,91.53,0.40867,-5.57763,0.01241,0.00011,0.02713
9125.44,SYN.BTC-8NOV19,1572433144761,open,0.01,66.3,0.0005,0.019,0.00615125,80.58,0.007,0.0,BTC-8NOV19-10750-C,9104.78,78.27,0.0055,20.0,0.007,20.0,83.45,2.62854,-11.93261,0.22447,0.00016,0.10731
9109.83,SYN.BTC-1NOV19,1572433144759,open,0.0,87.5,0.0005,0.0105,0.00044988,106.73,0.0005,0.0,BTC-1NOV19-10750-C,9104.78,0.0,0.0,0.0,0.001,3.0,120.64,0.27221,-4.09837,0.00764,6e-05,0.01678
9172.3,SYN.BTC-29NOV19,1572433144759,open,0.02,164.4,0.0065,0.041,0.02134974,79.49,0.027,0.0,BTC-29NOV19-11500-C,9104.78,77.72,0.02,20.8,0.0225,27.0,80.96,7.10285,-9.44875,1.26024,0.00013,0.18921
9233.9,BTC-27DEC19,1572433144786,open,0.06,735.9,0.031,0.0865,0.05776776,76.07,0.0545,0.0,BTC-27DEC19-8000-P,9104.78,75.1,0.0565,5.0,0.059,12.8,77.01,12.06624,-7.92944,-4.74024,0.00012,-0.26598
184.9,SYN.ETH-29NOV19,1572433144902,open,0.47,0.0,0.443,0.478,0.460822,105.03,None,0.0,ETH-29NOV19-100-C,183.66,0.0,0.451,1.0,0.472,1.0,157.22,0.01894,-0.0333,0.07947,0.00064,0.98594
184.04,SYN.ETH-8NOV19,1572433144902,open,0.1,20.0,0.061,0.123,0.093861,76.94,0.178,0.0,ETH-8NOV19-170-C,183.66,73.01,0.092,40.0,0.099,60.0,87.38,0.08825,-0.3825,0.03002,0.01393,0.76472
190.14,SYN.ETH-26JUN20,1572433144904,open,2.37,0.0,2.285,2.54,2.408206,100.56,None,0.0,ETH-26JUN20-640-P,183.66,0.0,0.0,0.0,0.0,0.0,0.0,0.34276,-0.07185,-4.08426,0.00143,-0.8602
184.04,SYN.ETH-8NOV19,1572433144902,open,0.06,180.0,0.033,0.101,0.067239,78.16,0.055,0.0,ETH-8NOV19-190-P,183.66,69.54,0.062,120.0,0.069,277.0,81.05,0.11222,-0.49412,-0.02894,0.01743,-0.57941
