underlying_price,underlying_index,timestamp,state,settlement_price,open_interest,min_price,max_price,mark_price,mark_iv,last_price,interest_rate,instrument_name,index_price,bid_iv,best_bid_price,best_bid_amount,best_ask_price,best_ask_amount,ask_iv,vega,theta,rho,gamma,delta
8793.15,SYN.BTC-15NOV19,1573642740751,open,0.02,316.0,0.001,0.0345,0.01194958,50.01,0.012,0.0,BTC-15NOV19-8750-P,8788.98,41.33,0.0095,27.0,0.012,0.4,50.2,2.48463,-33.12258,-0.20348,0.00125,-0.43835
192.85,ETH-27MAR20,1573642740852,open,0.4,40.0,0.378,0.439,0.410135,79.58,0.459,0.0,ETH-27MAR20-120-C,187.62,53.61,0.386,22.0,0.429,22.0,94.86,0.22151,-0.06535,0.34143,0.00203,0.88925
190.0,ETH-27DEC19,1573642740886,open,0.02,6548.0,0.009,0.048,0.026654,72.41,0.028,0.0,ETH-27DEC19-240-C,187.62,69.71,0.024,294.0,0.027,500.0,72.75,0.19006,-0.15683,0.04197,0.00605,0.2104
188.48,SYN.ETH-29NOV19,1573642740886,open,0.0,1942.0,0.001,0.014,0.00418,73.28,0.004,0.0,ETH-29NOV19-240-C,187.62,68.48,0.003,1041.0,0.005,521.0,76.19,0.05055,-0.11665,0.00508,0.00446,0.06619
190.0,ETH-27DEC19,1573642740888,open,0.0,4534.0,0.001,0.011,1.2e-05,105.0,0.002,0.0,ETH-27DEC19-760-C,187.62,0.0,0.0,0.0,0.001,500.0,147.23,0.00037,-0.00044,3e-05,1e-05,0.00014
190.0,ETH-27DEC19,1573642740888,open,0.0,16677.0,0.001,0.011,7.3e-05,105.0,0.001,0.0,ETH-27DEC19-640-C,187.62,0.0,0.0,0.0,0.002,501.0,142.37,0.00182,-0.00218,0.00017,4e-05,0.00081
192.85,ETH-27MAR20,1573642740891,open,0.11,1274.0,0.068,0.153,0.112443,79.23,0.114,0.0,ETH-27MAR20-240-C,187.62,77.35,0.108,286.0,0.115,500.0,80.3,0.45716,-0.13427,0.21598,0.0042,0.41553
190.0,ETH-27DEC19,1573642740891,open,0.01,2902.0,0.003,0.025,0.012043,73.14,0.012,0.0,ETH-27DEC19-140-P,187.62,69.42,0.01,700.0,0.013,500.0,74.8,0.10838,-0.09034,-0.02367,0.00341,-0.0916
192.85,ETH-27MAR20,1573642740893,open,0.01,5417.0,0.003,0.033,0.01413,102.26,0.015,0.0,ETH-27MAR20-600-C,187.62,99.36,0.012,95.0,0.014,488.0,102.09,0.14843,-0.05627,0.03617,0.00106,0.06488
188.48,SYN.ETH-29NOV19,1573642740896,open,0.0,448.0,0.001,0.011,0.001576,91.21,0.001,0.0,ETH-29NOV19-280-C,187.62,85.49,0.001,500.0,0.003,502.0,101.09,0.02184,-0.06275,0.0018,0.00155,0.02354
190.0,ETH-27DEC19,1573642740900,open,0.21,2728.0,0.156,0.244,0.200379,69.1,0.274,0.0,ETH-27DEC19-220-P,187.62,63.82,0.194,10.0,0.204,500.0,72.04,0.23283,-0.18335,-0.20306,0.00776,-0.68868
192.85,ETH-27MAR20,1573642740905,open,0.05,685.0,0.024,0.087,0.05438,83.92,0.057,0.0,ETH-27MAR20-320-C,187.62,81.51,0.05,554.0,0.057,500.0,85.32,0.35628,-0.11084,0.12541,0.00309,0.23036
190.0,ETH-27DEC19,1573642740907,open,0.11,1126.0,0.084,0.15,0.119229,67.36,0.11,0.0,ETH-27DEC19-180-C,187.62,64.11,0.115,252.0,0.119,500.0,67.18,0.24734,-0.18986,0.11807,0.00846,0.63619
190.0,ETH-27DEC19,1573642740910,open,0.11,1126.0,0.084,0.15,0.119229,67.36,0.11,0.0,ETH-27DEC19-180-C,187.62,64.88,0.116,242.0,0.119,500.0,67.18,0.24734,-0.18986,0.11807,0.00846,0.63619
190.0,ETH-27DEC19,1573642740939,open,0.0,4100.0,0.001,0.012,0.002421,95.8,0.004,0.0,ETH-27DEC19-100-P,187.62,92.88,0.002,339.0,0.003,501.0,99.34,0.02906,-0.03172,-0.00465,0.0007,-0.01793
188.48,SYN.ETH-29NOV19,1573642740939,open,0.02,2475.0,0.012,0.059,0.02581,59.07,0.021,0.0,ETH-29NOV19-200-C,187.62,54.02,0.022,629.0,0.028,500.0,61.93,0.14359,-0.26714,0.02553,0.01573,0.33728
194.53,SYN.ETH-26JUN20,1573642741026,open,0.37,60.0,0.334,0.418,0.379187,79.78,0.371,0.0,ETH-26JUN20-140-C,187.62,77.88,0.375,220.0,0.384,10.0,81.96,0.42975,-0.0759,0.50535,0.0023,0.79897
194.53,SYN.ETH-26JUN20,1573642741026,open,0.27,42.0,0.221,0.321,0.275651,79.58,0.27,0.0,ETH-26JUN20-180-C,187.62,79.35,0.275,349.0,0.281,10.0,81.45,0.5549,-0.09775,0.47348,0.00298,0.66896
190.0,ETH-27DEC19,1573642741042,open,0.04,6979.0,0.019,0.068,0.042484,69.1,0.037,0.0,ETH-27DEC19-220-C,187.62,67.06,0.04,282.0,0.043,500.0,69.52,0.23283,-0.18335,0.0614,0.00776,0.31132
192.85,ETH-27MAR20,1573642741046,open,0.01,830.0,0.001,0.016,0.006906,87.73,0.009,0.0,ETH-27MAR20-80-P,187.62,82.36,0.005,820.0,0.009,1120.0,92.77,0.07453,-0.02424,-0.02462,0.00062,-0.02765
188.48,SYN.ETH-29NOV19,1573642741048,open,0.0,2585.0,0.001,0.011,8.8e-05,105.0,0.002,0.0,ETH-29NOV19-100-P,187.62,0.0,0.0,0.0,0.001,601.0,137.82,0.00172,-0.00569,-0.00012,0.00011,-0.00133
192.85,ETH-27MAR20,1573642741051,open,0.29,20.0,0.218,0.333,0.277788,77.7,0.272,0.0,ETH-27MAR20-220-P,187.62,75.31,0.272,10.0,0.282,389.0,79.44,0.46726,-0.13459,-0.56641,0.00438,-0.51703
194.53,SYN.ETH-26JUN20,1573642741051,open,0.2,361.0,0.145,0.249,0.201216,79.58,0.2,0.0,ETH-26JUN20-220-C,187.62,79.83,0.202,738.0,0.208,10.0,81.76,0.60638,-0.10681,0.4155,0.00325,0.54636
188.48,SYN.ETH-29NOV19,1573642741056,open,0.5,0.0,0.443,0.535,0.487136,91.21,None,0.0,ETH-29NOV19-280-P,187.62,0.0,0.0,0.0,0.0,0.0,0.0,0.02184,-0.06275,-0.11999,0.00155,-0.97646
190.0,ETH-27DEC19,1573642741061,open,1.56,21.0,1.453,1.607,1.527307,105.0,0.629,0.0,ETH-27DEC19-480-P,187.62,0.0,0.001,7.0,0.0,0.0,0.0,0.01608,-0.01925,-0.57516,0.00035,-0.99095
190.0,ETH-27DEC19,1573642741064,open,0.27,19.0,0.247,0.301,0.275201,73.14,0.205,0.0,ETH-27DEC19-140-C,187.62,0.0,0.263,51.0,0.0,0.0,0.0,0.10838,-0.09034,0.14462,0.00341,0.9084
190.0,ETH-27DEC19,1573642741064,open,0.0,6668.0,0.001,0.011,0.000992,105.0,0.001,0.0,ETH-27DEC19-480-C,187.62,105.1,0.001,580.0,0.002,500.0,114.12,0.01608,-0.01925,0.00184,0.00035,0.00905
194.53,SYN.ETH-26JUN20,1573642741064,open,0.18,257.0,0.13,0.237,0.187239,84.33,0.174,0.0,ETH-26JUN20-240-C,187.62,80.43,0.175,283.0,0.184,180.0,83.3,0.61044,-0.11396,0.38377,0.00309,0.50602
194.53,SYN.ETH-26JUN20,1573642741069,open,0.03,74.0,0.011,0.066,0.034626,97.75,0.039,0.0,ETH-26JUN20-640-C,187.62,95.41,0.031,599.0,0.038,140.0,99.81,0.30999,-0.06707,0.10537,0.00135,0.12216
192.85,ETH-27MAR20,1573642741090,open,1.33,0.0,1.226,1.395,1.30754,92.41,None,0.0,ETH-27MAR20-440-P,187.62,0.0,0.002,10.0,0.0,0.0,0.0,0.23108,-0.07917,-1.56066,0.00182,-0.88247
192.85,ETH-27MAR20,1573642741092,open,0.93,6.0,0.833,0.985,0.907875,86.94,1.165,0.0,ETH-27MAR20-360-P,187.62,0.0,0.866,1.0,0.0,0.0,0.0,0.30721,-0.09902,-1.23159,0.00257,-0.82037
190.0,ETH-27DEC19,1573642741092,open,1.34,0.0,1.249,1.392,1.317752,105.0,None,0.0,ETH-27DEC19-440-P,187.62,0.0,0.001,8.0,0.0,0.0,0.0,0.0275,-0.03291,-0.52552,0.0006,-0.98319
192.85,ETH-27MAR20,1573642741104,open,0.02,2444.0,0.005,0.038,0.01771,96.8,0.021,0.0,ETH-27MAR20-520-C,187.62,94.89,0.016,50.0,0.019,720.0,98.17,0.17761,-0.06373,0.04584,0.00134,0.08203
194.53,SYN.ETH-26JUN20,1573642741111,open,0.23,388.0,0.179,0.282,0.235356,79.58,0.235,0.0,ETH-26JUN20-200-C,187.62,79.79,0.236,405.0,0.241,10.0,81.44,0.58886,-0.10373,0.44611,0.00316,0.60593
188.48,SYN.ETH-29NOV19,1573642741111,open,0.01,308.0,0.001,0.022,0.008108,68.23,0.009,0.0,ETH-29NOV19-160-P,187.62,59.57,0.005,1120.0,0.009,800.0,70.45,0.07429,-0.15964,-0.00975,0.00705,-0.11078
194.53,SYN.ETH-26JUN20,1573642741118,open,0.43,0.0,0.346,0.49,0.420964,84.33,None,0.0,ETH-26JUN20-240-P,187.62,50.4,0.316,10.0,0.704,10.0,179.94,0.61044,-0.11396,-1.10144,0.00309,-0.49398
190.0,ETH-27DEC19,1573642741132,open,0.01,1586.0,0.001,0.025,0.01067,87.01,0.009,0.0,ETH-27DEC19-300-C,187.62,83.82,0.009,20.0,0.01,500.0,85.76,0.10377,-0.1029,0.0173,0.00275,0.08641
190.0,ETH-27DEC19,1573642741155,open,0.0,907.0,0.001,0.014,0.004073,99.81,0.007,0.0,ETH-27DEC19-380-C,187.62,95.26,0.003,350.0,0.004,500.0,99.52,0.04925,-0.05601,0.00675,0.00114,0.03362
190.0,ETH-27DEC19,1573642741157,open,1.77,37.0,1.658,1.823,1.737349,105.0,0.707,0.0,ETH-27DEC19-520-P,187.62,0.0,0.002,25.0,0.0,0.0,0.0,0.00934,-0.01117,-0.62408,0.0002,-0.99511
192.85,ETH-27MAR20,1573642741170,open,0.21,22.0,0.167,0.255,0.214889,77.35,0.216,0.0,ETH-27MAR20-180-C,187.62,75.18,0.21,10.0,0.217,300.0,78.29,0.43481,-0.12468,0.30913,0.00409,0.64868
190.0,ETH-27DEC19,1573642741170,open,0.07,4708.0,0.037,0.097,0.066597,67.36,0.072,0.0,ETH-27DEC19-180-P,187.62,64.59,0.063,259.0,0.066,500.0,66.9,0.24734,-0.18986,-0.0983,0.00846,-0.36381
194.53,SYN.ETH-26JUN20,1573642741172,open,0.07,643.0,0.034,0.114,0.073312,87.92,0.066,0.0,ETH-26JUN20-400-C,187.62,86.56,0.07,573.0,0.078,140.0,89.8,0.47901,-0.09322,0.20434,0.00233,0.24306
188.48,SYN.ETH-29NOV19,1573642741213,open,0.25,1.0,0.235,0.284,0.259867,83.26,0.289,0.0,ETH-29NOV19-140-C,187.62,0.0,0.257,51.0,0.273,17.0,129.33,0.03107,-0.08147,0.05773,0.00242,0.96402
190.0,ETH-27DEC19,1573642741219,open,0.47,0.0,0.458,0.494,0.476105,95.8,None,0.0,ETH-27DEC19-100-C,187.62,0.0,0.473,31.0,0.0,0.0,0.0,0.02906,-0.03172,0.11556,0.0007,0.98207
194.53,SYN.ETH-26JUN20,1573642741219,open,0.06,421.0,0.033,0.09,0.060979,79.93,0.061,0.0,ETH-26JUN20-120-P,187.62,78.22,0.058,460.0,0.066,500.0,82.78,0.33974,-0.06011,-0.24131,0.00181,-0.13947
192.85,ETH-27MAR20,1573642741221,open,1.95,0.0,1.824,2.022,1.918826,98.78,None,0.0,ETH-27MAR20-560-P,187.62,0.0,0.01,10.0,0.0,0.0,0.0,0.15756,-0.05769,-2.03008,0.00116,-0.92991
190.0,ETH-27DEC19,1573642741221,open,0.0,11036.0,0.001,0.011,0.001962,105.0,0.002,0.0,ETH-27DEC19-440-C,187.62,96.74,0.001,928.0,0.003,500.0,111.17,0.0275,-0.03291,0.00339,0.0006,0.01681
190.0,ETH-27DEC19,1573642741221,open,0.0,17758.0,0.001,0.011,0.000138,105.0,0.001,0.0,ETH-27DEC19-600-C,187.62,125.94,0.001,5500.0,0.002,541.0,136.15,0.00313,-0.00375,0.0003,7e-05,0.00146
192.85,ETH-27MAR20,1573642741221,open,1.75,0.0,1.624,1.812,1.714106,96.8,None,0.0,ETH-27MAR20-520-P,187.62,0.0,0.005,10.0,0.0,0.0,0.0,0.17761,-0.06373,-1.87568,0.00134,-0.91797
194.53,SYN.ETH-26JUN20,1573642741229,open,0.96,0.0,0.852,1.028,0.940094,86.69,None,0.0,ETH-26JUN20-360-P,187.62,0.0,0.0,0.0,0.978,1.0,100.2,0.52147,-0.10007,-1.98979,0.00257,-0.71277
190.0,ETH-27DEC19,1573642741235,open,2.2,0.0,2.066,2.256,2.158032,105.0,0.953,0.0,ETH-27DEC19-600-P,187.62,0.0,0.0,0.0,0.0,0.0,0.0,0.00313,-0.00375,-0.72094,7e-05,-0.99854
188.48,SYN.ETH-29NOV19,1573642741235,open,0.61,0.0,0.546,0.644,0.592708,98.29,None,0.0,ETH-29NOV19-300-P,187.62,0.0,0.0,0.0,0.0,0.0,0.0,0.01505,-0.0466,-0.12932,0.00099,-0.9848
194.53,SYN.ETH-26JUN20,1573642741242,open,0.59,0.0,0.501,0.657,0.580955,84.33,None,0.0,ETH-26JUN20-280-P,187.62,35.27,0.454,10.0,0.868,10.0,178.39,0.59627,-0.11131,-1.40483,0.00302,-0.586
194.53,SYN.ETH-26JUN20,1573642741255,open,0.09,188.0,0.046,0.133,0.089507,86.69,0.093,0.0,ETH-26JUN20-360-C,187.62,85.0,0.085,180.0,0.095,471.0,88.73,0.52147,-0.10007,0.23802,0.00257,0.28723
190.0,ETH-27DEC19,1573642741259,open,0.11,1126.0,0.084,0.15,0.119229,67.36,0.11,0.0,ETH-27DEC19-180-C,187.62,64.11,0.115,252.0,0.119,500.0,67.18,0.24734,-0.18986,0.11807,0.00846,0.63619
194.53,SYN.ETH-26JUN20,1573642741260,open,0.04,93.0,0.013,0.07,0.03775,96.06,0.045,0.0,ETH-26JUN20-600-C,187.62,94.4,0.035,561.0,0.042,440.0,98.51,0.32874,-0.0699,0.11457,0.00146,0.13292
194.53,SYN.ETH-26JUN20,1573642741266,open,0.01,184.0,0.001,0.016,0.006381,87.07,0.007,0.0,ETH-26JUN20-60-P,187.62,86.04,0.006,500.0,0.009,300.0,93.39,0.07318,-0.01411,-0.03141,0.00036,-0.01971
9231.69,SYN.BTC-26JUN20,1573642741270,open,0.06,94.9,0.032,0.088,0.05863694,72.66,0.0585,0.0,BTC-26JUN20-6000-P,8788.98,71.76,0.057,7.3,0.06,11.0,73.4,16.87604,-2.71421,-11.87646,4e-05,-0.14925
190.0,ETH-27DEC19,1573642741272,open,0.11,1126.0,0.084,0.15,0.119229,67.36,0.11,0.0,ETH-27DEC19-180-C,187.62,64.88,0.116,242.0,0.119,500.0,67.18,0.24734,-0.18986,0.11807,0.00846,0.63619
194.53,SYN.ETH-26JUN20,1573642741299,open,1.35,0.0,1.229,1.423,1.324653,89.89,None,0.0,ETH-26JUN20-440-P,187.62,0.0,0.0,0.0,0.0,0.0,0.0,0.44308,-0.08816,-2.54371,0.0021,-0.78834
194.53,SYN.ETH-26JUN20,1573642741299,open,2.16,0.0,2.01,2.242,2.122063,96.06,None,0.0,ETH-26JUN20-600-P,187.62,0.0,0.0,0.0,0.0,0.0,0.0,0.32874,-0.0699,-3.59845,0.00146,-0.86708
192.85,ETH-27MAR20,1573642741301,open,2.37,0.0,2.225,2.445,2.330275,102.98,None,0.0,ETH-27MAR20-640-P,187.62,0.0,0.0,0.0,0.0,0.0,0.0,0.12936,-0.04939,-2.33444,0.00091,-0.94556
192.85,ETH-27MAR20,1573642741303,open,0.06,354.0,0.03,0.087,0.058206,77.36,0.067,0.0,ETH-27MAR20-140-P,187.62,74.71,0.054,285.0,0.061,1.0,79.11,0.30739,-0.08816,-0.1696,0.00289,-0.17979
194.53,SYN.ETH-26JUN20,1573642741303,open,0.02,1.0,0.007,0.032,0.017637,84.98,0.017,0.0,ETH-26JUN20-80-P,187.62,82.85,0.016,728.0,0.021,957.0,89.09,0.15304,-0.02879,-0.07915,0.00077,-0.04811
190.0,ETH-27DEC19,1573642741313,open,0.01,515.0,0.001,0.015,0.005573,91.71,0.004,0.0,ETH-27DEC19-340-C,187.62,86.66,0.004,620.0,0.006,500.0,92.93,0.06505,-0.06798,0.00954,0.00163,0.04735
8793.15,SYN.BTC-15NOV19,1573642741337,open,0.02,316.0,0.001,0.0345,0.01194957,50.01,0.012,0.0,BTC-15NOV19-8750-P,8788.98,41.33,0.0095,27.4,0.012,0.4,50.2,2.48463,-33.12258,-0.20348,0.00125,-0.43835
194.53,SYN.ETH-26JUN20,1573642741353,open,0.15,661.0,0.098,0.191,0.146113,79.78,0.149,0.0,ETH-26JUN20-160-P,187.62,79.35,0.145,50.0,0.149,210.0,80.9,0.50213,-0.08868,-0.49603,0.00269,-0.26592
190.0,ETH-27DEC19,1573642741357,open,2.62,1.0,2.475,2.69,2.578987,105.0,2.792,0.0,ETH-27DEC19-680-P,187.62,0.0,0.0,0.0,0.0,0.0,0.0,0.00106,-0.00127,-0.81732,2e-05,-0.99955
188.48,SYN.ETH-29NOV19,1573642741358,open,0.46,1.0,0.454,0.485,0.469531,105.0,0.46,0.0,ETH-29NOV19-100-C,187.62,0.0,0.461,21.0,0.478,21.0,200.94,0.00172,-0.00569,0.04338,0.00011,0.99867
190.0,ETH-27DEC19,1573642741360,open,0.3,2287.0,0.243,0.337,0.289812,72.41,0.302,0.0,ETH-27DEC19-240-P,187.62,32.28,0.264,11.0,0.33,11.0,107.38,0.19007,-0.15684,-0.24653,0.00605,-0.7896
190.0,ETH-27DEC19,1573642741386,open,0.61,1.0,0.537,0.646,0.589617,87.01,0.494,0.0,ETH-27DEC19-300-P,187.62,0.0,0.01,5.0,0.0,0.0,0.0,0.10377,-0.1029,-0.34332,0.00275,-0.91359
194.53,SYN.ETH-26JUN20,1573642741390,open,0.44,1.0,0.406,0.477,0.444116,79.93,0.478,0.0,ETH-26JUN20-120-C,187.62,73.42,0.433,210.0,0.46,210.0,88.81,0.33974,-0.06011,0.5013,0.00181,0.86053
8888.91,BTC-27DEC19,1573642741407,open,1.27,3.6,1.2065,1.3015,1.2516744,100.02,1.729,0.0,BTC-27DEC19-20000-P,8788.98,0.0,0.0,0.0,0.0,0.0,0.0,1.17982,-1.34476,-23.89712,1e-05,-0.98481
190.0,ETH-27DEC19,1573642741429,open,3.05,1.0,2.884,3.124,3.000012,105.0,3.236,0.0,ETH-27DEC19-760-P,187.62,0.0,0.0,0.0,0.0,0.0,0.0,0.00037,-0.00044,-0.91355,1e-05,-0.99986
194.53,SYN.ETH-26JUN20,1573642741431,open,1.15,0.0,1.038,1.222,1.12952,87.92,None,0.0,ETH-26JUN20-400-P,187.62,0.0,0.0,0.0,0.0,0.0,0.0,0.47901,-0.09322,-2.27101,0.00233,-0.75694
190.0,ETH-27DEC19,1573642741438,open,1.98,0.0,1.862,2.039,1.947631,105.0,0.845,0.0,ETH-27DEC19-560-P,187.62,0.0,0.0,0.0,0.0,0.0,0.0,0.0054,-0.00647,-0.67261,0.00012,-0.99734
194.53,SYN.ETH-26JUN20,1573642741438,open,0.05,0.0,0.022,0.091,0.054379,91.59,None,0.0,ETH-26JUN20-480-C,187.62,89.48,0.05,637.0,0.059,440.0,93.75,0.40968,-0.08306,0.15829,0.00191,0.18587
190.0,ETH-27DEC19,1573642741449,open,0.4,946.0,0.337,0.434,0.384713,74.4,0.3,0.0,ETH-27DEC19-260-P,187.63,0.0,0.368,50.0,0.921,1.0,500.0,0.14557,-0.12343,-0.28462,0.00451,-0.86147
190.0,ETH-27DEC19,1573642741449,open,0.92,257.0,0.841,0.963,0.899302,95.35,0.995,0.0,ETH-27DEC19-360-P,187.63,0.0,0.01,2.0,0.0,0.0,0.0,0.05508,-0.05985,-0.42499,0.00133,-0.96145
190.0,ETH-27DEC19,1573642741449,open,0.13,3453.0,0.085,0.162,0.124064,67.41,0.13,0.0,ETH-27DEC19-200-P,187.63,64.45,0.12,204.0,0.124,500.0,67.36,0.26142,-0.20081,-0.15187,0.00894,-0.54087
190.0,ETH-27DEC19,1573642741449,open,0.02,3582.0,0.005,0.033,0.016292,74.4,0.016,0.0,ETH-27DEC19-260-C,187.63,72.69,0.015,620.0,0.017,2.0,75.32,0.14557,-0.12343,0.02792,0.00451,0.13853
192.85,ETH-27MAR20,1573642741449,open,1.13,3.0,1.028,1.188,1.106006,89.51,1.39,0.0,ETH-27MAR20-400-P,187.63,0.0,0.001,10.0,0.0,0.0,0.0,0.26418,-0.08766,-1.39918,0.00215,-0.85742
190.0,ETH-27DEC19,1573642741449,open,0.01,2029.0,0.001,0.017,0.00666,87.09,0.006,0.0,ETH-27DEC19-320-C,187.63,85.39,0.006,19.0,0.007,501.0,87.93,0.07597,-0.0754,0.01163,0.00201,0.05758
192.86,ETH-27MAR20,1573642741449,open,0.04,578.0,0.016,0.071,0.041139,86.94,0.06,0.0,ETH-27MAR20-360-C,187.63,84.94,0.038,260.0,0.043,500.0,88.1,0.30724,-0.09902,0.0987,0.00257,0.17963
192.86,ETH-27MAR20,1573642741449,open,0.17,1332.0,0.123,0.212,0.171272,77.32,0.165,0.0,ETH-27MAR20-200-C,187.63,75.53,0.167,10.0,0.175,500.0,78.87,0.46193,-0.1324,0.27891,0.00435,0.56263
192.86,ETH-27MAR20,1573642741449,open,0.26,717.0,0.223,0.306,0.268159,77.34,0.264,0.0,ETH-27MAR20-160-C,187.63,75.24,0.264,10.0,0.271,387.0,78.77,0.38294,-0.10979,0.33372,0.0036,0.73643
190.0,ETH-27DEC19,1573642741449,open,0.0,1206.0,0.001,0.014,0.004565,95.35,0.008,0.0,ETH-27DEC19-360-C,187.63,89.24,0.003,1170.0,0.005,500.0,96.81,0.05508,-0.05985,0.00776,0.00133,0.03855
190.01,ETH-27DEC19,1573642741449,open,2.41,0.0,2.271,2.473,2.368494,115.68,None,0.0,ETH-27DEC19-640-P,187.63,0.0,0.0,0.0,0.0,0.0,0.0,0.00483,-0.00636,-0.76885,0.0001,-0.99765
192.86,ETH-27MAR20,1573642741449,open,0.22,755.0,0.154,0.259,0.208348,77.34,0.207,0.0,ETH-27MAR20-200-P,187.63,74.69,0.202,203.0,0.212,500.0,78.86,0.46192,-0.13244,-0.46015,0.00435,-0.43733
190.01,ETH-27DEC19,1573642741449,open,0.0,10059.0,0.001,0.013,0.00388,104.82,0.004,0.0,ETH-27DEC19-400-C,187.63,95.36,0.002,3140.0,0.004,500.0,105.31,0.04604,-0.055,0.00619,0.00101,0.03099
192.86,ETH-27MAR20,1573642741449,open,0.13,268.0,0.091,0.178,0.137005,77.69,0.148,0.0,ETH-27MAR20-220-C,187.63,76.04,0.133,374.0,0.14,10.0,78.93,0.46728,-0.13458,0.24657,0.00438,0.48299
188.1,SYN.ETH-22NOV19,1573642741449,open,0.09,130.0,0.045,0.112,0.076012,55.9,0.09,0.0,ETH-22NOV19-200-P,187.63,28.46,0.065,10.0,0.091,10.0,83.5,0.09411,-0.29636,-0.03757,0.01957,-0.7454
188.1,SYN.ETH-22NOV19,1573642741449,open,0.0,35.0,0.001,0.011,0.001768,82.12,0.002,0.0,ETH-22NOV19-150-P,187.63,74.39,0.001,1000.0,0.002,1.0,84.05,0.02187,-0.10118,-0.00161,0.0031,-0.03351
192.86,ETH-27MAR20,1573642741450,open,0.01,380.0,0.002,0.028,0.011634,102.98,0.01,0.0,ETH-27MAR20-640-C,187.63,100.43,0.01,1.0,0.013,721.0,104.95,0.12937,-0.04939,0.03051,0.00091,0.05444
192.86,ETH-27MAR20,1573642741450,open,0.02,36.0,0.006,0.03,0.016308,83.26,0.019,0.0,ETH-27MAR20-100-P,187.63,81.43,0.015,1.0,0.018,1120.0,85.53,0.14052,-0.04337,-0.05472,0.00123,-0.06048
192.86,ETH-27MAR20,1573642741450,open,2.16,0.0,2.025,2.235,2.125356,102.47,None,0.0,ETH-27MAR20-600-P,187.63,0.0,0.02,10.0,0.0,0.0,0.0,0.14942,-0.05676,-2.18069,0.00106,-0.93456
192.86,ETH-27MAR20,1573642741451,open,0.03,1200.0,0.011,0.059,0.031855,89.5,0.03,0.0,ETH-27MAR20-400-C,187.63,87.37,0.029,261.0,0.034,501.0,91.05,0.2642,-0.08766,0.07891,0.00215,0.14259
187.72,SYN.ETH-15NOV19,1573642741449,open,0.19,0.0,0.177,0.224,0.200973,105.0,None,0.0,ETH-15NOV19-150-C,187.63,0.0,0.0,0.0,0.21,1.0,258.4,0.00057,-0.01582,0.0077,0.0003,0.99873
190.01,ETH-27DEC19,1573642741452,open,0.03,12108.0,0.011,0.05,0.029081,67.78,0.03,0.0,ETH-27DEC19-160-P,187.63,64.54,0.026,659.0,0.031,500.0,69.75,0.18328,-0.14156,-0.05185,0.00623,-0.19793
188.1,SYN.ETH-22NOV19,1573642741449,open,0.0,51.0,0.001,0.012,0.002624,77.27,0.003,0.0,ETH-22NOV19-230-C,187.63,65.08,0.001,520.0,0.003,500.0,79.4,0.03209,-0.13967,0.00234,0.00483,0.05384
187.72,SYN.ETH-15NOV19,1573642741449,open,0.0,1006.0,0.001,0.012,0.001703,90.61,0.002,0.0,ETH-15NOV19-170-P,187.63,81.14,0.001,27.0,0.002,500.0,93.96,0.01592,-0.31975,-0.00059,0.0097,-0.05948
194.53,SYN.ETH-26JUN20,1573642741449,open,0.04,5.0,0.016,0.056,0.034503,81.54,0.061,0.0,ETH-26JUN20-100-P,187.63,80.32,0.033,250.0,0.039,550.0,85.07,0.24274,-0.04381,-0.14652,0.00127,-0.08721
187.72,SYN.ETH-15NOV19,1573642741449,open,0.13,1.0,0.087,0.156,0.119751,89.06,0.158,0.0,ETH-15NOV19-210-P,187.63,0.0,0.101,11.0,0.13,1.0,164.18,0.01213,-0.28808,-0.01039,0.00752,-0.9577
188.1,SYN.ETH-22NOV19,1573642741449,open,0.24,0.0,0.188,0.265,0.225368,77.27,None,0.0,ETH-22NOV19-230-P,187.63,0.0,0.001,5.0,0.398,1.0,401.56,0.03209,-0.13967,-0.05359,0.00483,-0.94616
187.72,SYN.ETH-15NOV19,1573642741449,open,0.0,319.0,0.001,0.011,0.000381,103.49,0.001,0.0,ETH-15NOV19-160-P,187.63,0.0,0.0,0.0,0.001,600.0,120.44,0.00487,-0.07156,-0.00014,0.0026,-0.01423
188.48,SYN.ETH-29NOV19,1573642741449,open,0.19,0.0,0.14,0.219,0.176253,64.51,None,0.0,ETH-29NOV19-220-P,187.63,0.0,0.167,50.0,0.52,1.0,500.0,0.08734,-0.17746,-0.08498,0.00876,-0.86037
187.72,SYN.ETH-15NOV19,1573642741449,open,0.08,407.0,0.036,0.102,0.068039,70.61,0.083,0.0,ETH-15NOV19-200-P,187.63,0.0,0.051,12.0,0.081,12.0,135.85,0.02531,-0.47631,-0.00924,0.01979,-0.88998
194.53,SYN.ETH-26JUN20,1573642741450,open,0.21,479.0,0.145,0.253,0.200945,79.58,0.207,0.0,ETH-26JUN20-180-P,187.63,77.84,0.196,10.0,0.204,210.0,80.65,0.5549,-0.09775,-0.64043,0.00298,-0.33104
187.72,SYN.ETH-15NOV19,1573642741449,open,0.0,267.0,0.001,0.011,2.8e-05,105.0,0.002,0.0,ETH-15NOV19-150-P,187.63,0.0,0.0,0.0,0.001,501.0,160.58,0.00057,-0.00517,-1e-05,0.0003,-0.00127
187.72,SYN.ETH-15NOV19,1573642741449,open,0.19,0.0,0.138,0.21,0.172451,104.64,None,0.0,ETH-15NOV19-220-P,187.63,0.0,0.001,1.0,0.192,1.0,250.42,0.0062,-0.17294,-0.01113,0.00327,-0.98113
188.1,SYN.ETH-22NOV19,1573642741449,open,0.05,41.0,0.016,0.072,0.040199,55.87,0.049,0.0,ETH-22NOV19-190-P,187.63,52.32,0.038,30.0,0.041,500.0,57.16,0.11672,-0.36735,-0.02602,0.02428,-0.52858
194.53,SYN.ETH-26JUN20,1573642741449,open,0.69,0.0,0.685,0.711,0.69795,87.07,None,0.0,ETH-26JUN20-60-C,187.63,0.0,0.691,1.0,0.0,0.0,0.0,0.07318,-0.01411,0.33989,0.00036,0.98029
187.72,SYN.ETH-15NOV19,1573642741449,open,0.0,132.0,0.001,0.011,8.9e-05,105.0,0.001,0.0,ETH-15NOV19-230-C,187.63,0.0,0.0,0.0,0.001,501.0,142.74,0.00156,-0.01665,4e-05,0.00082,0.0039
187.72,SYN.ETH-15NOV19,1573642741449,open,0.25,0.0,0.232,0.276,0.254216,105.04,None,0.0,ETH-15NOV19-140-C,187.63,0.0,0.0,0.0,0.262,1.0,304.53,2e-05,-0.00066,0.00719,1e-05,0.99996
188.1,SYN.ETH-22NOV19,1573642741449,open,0.0,119.0,0.001,0.013,0.003409,71.74,0.004,0.0,ETH-22NOV19-160-P,187.63,69.64,0.003,14.0,0.004,501.0,74.56,0.03786,-0.15299,-0.0032,0.00613,-0.0665
188.1,SYN.ETH-22NOV19,1573642741449,open,0.29,0.0,0.239,0.318,0.27708,78.19,None,0.0,ETH-22NOV19-240-P,187.63,0.0,0.0,0.0,0.499,1.0,500.0,0.01791,-0.07891,-0.05721,0.00266,-0.97365
188.1,SYN.ETH-22NOV19,1573642741449,open,0.0,86.0,0.001,0.011,0.001173,78.19,0.001,0.0,ETH-22NOV19-240-C,187.63,76.28,0.001,500.0,0.002,504.0,85.48,0.01792,-0.07891,0.00115,0.00266,0.02635
188.1,SYN.ETH-22NOV19,1573642741449,open,0.02,164.0,0.004,0.041,0.016725,55.9,0.023,0.0,ETH-22NOV19-180-P,187.63,46.85,0.012,286.0,0.018,1.0,58.27,0.10067,-0.317,-0.0141,0.02093,-0.29163
187.72,SYN.ETH-15NOV19,1573642741449,open,0.24,0.0,0.19,0.263,0.225306,105.0,None,0.0,ETH-15NOV19-230-P,187.63,0.0,0.0,0.0,0.248,1.0,304.15,0.00156,-0.04359,-0.01178,0.00082,-0.9961
188.48,SYN.ETH-29NOV19,1573642741449,open,0.4,0.0,0.34,0.427,0.382038,83.54,None,0.0,ETH-29NOV19-260-P,187.63,0.0,0.0,0.0,0.0,0.0,0.0,0.03337,-0.0878,-0.11008,0.00259,-0.96073
187.72,SYN.ETH-15NOV19,1573642741449,open,0.04,778.0,0.016,0.074,0.045773,65.37,0.044,0.0,ETH-15NOV19-180-C,187.63,0.0,0.034,15.0,0.047,500.0,71.69,0.03517,-0.61288,0.00748,0.02971,0.82115
188.48,SYN.ETH-29NOV19,1573642741451,open,0.07,4035.0,0.05,0.111,0.073002,57.99,0.075,0.0,ETH-29NOV19-180-C,187.63,52.65,0.069,142.0,0.075,500.0,60.63,0.14228,-0.25985,0.04898,0.01588,0.67045
187.72,SYN.ETH-15NOV19,1573642741449,open,0.01,194.0,0.001,0.021,0.004639,65.37,0.005,0.0,ETH-15NOV19-180-P,187.63,61.88,0.004,1.0,0.005,795.0,67.28,0.03517,-0.61288,-0.00177,0.02971,-0.17885
194.53,SYN.ETH-26JUN20,1573642741450,open,0.14,321.0,0.088,0.19,0.141609,84.33,0.144,0.0,ETH-26JUN20-280-C,187.63,81.84,0.134,10.0,0.144,460.0,85.11,0.59627,-0.11131,0.32792,0.00302,0.414
194.53,SYN.ETH-26JUN20,1573642741449,open,0.11,238.0,0.061,0.154,0.108893,84.62,0.119,0.0,ETH-26JUN20-320-C,187.63,83.26,0.105,625.0,0.113,10.0,86.04,0.56016,-0.10492,0.27714,0.00283,0.3391
187.72,SYN.ETH-15NOV19,1573642741449,open,0.14,1.0,0.122,0.174,0.148056,103.49,0.169,0.0,ETH-15NOV19-160-C,187.63,0.0,0.133,14.0,0.157,15.0,203.6,0.00487,-0.13437,0.00808,0.0026,0.98577
187.72,SYN.ETH-15NOV19,1573642741449,open,0.0,350.0,0.001,0.015,0.002633,70.61,0.003,0.0,ETH-15NOV19-200-C,187.63,55.84,0.001,5.0,0.003,500.0,73.25,0.02531,-0.47631,0.00104,0.01979,0.11002
194.53,SYN.ETH-26JUN20,1573642741450,open,0.77,0.0,0.67,0.835,0.753859,84.62,None,0.0,ETH-26JUN20-320-P,187.63,27.59,0.646,10.0,0.799,10.0,99.8,0.56016,-0.10492,-1.70314,0.00283,-0.6609
188.48,SYN.ETH-29NOV19,1573642741449,open,0.0,569.0,0.001,0.011,0.000536,101.22,0.003,0.0,ETH-29NOV19-320-C,187.63,0.0,0.0,0.0,0.001,1.0,109.11,0.00877,-0.02794,0.00062,0.00056,0.00816
194.53,SYN.ETH-26JUN20,1573642741449,open,0.6,0.0,0.585,0.627,0.606395,84.98,None,0.0,ETH-26JUN20-80-C,187.63,42.22,0.589,1.0,0.0,0.0,0.0,0.15304,-0.02879,0.41592,0.00077,0.95189
187.72,SYN.ETH-15NOV19,1573642741449,open,0.0,846.0,0.001,0.011,0.000503,104.64,0.002,0.0,ETH-15NOV19-220-C,187.63,0.0,0.0,0.0,0.001,501.0,116.52,0.0062,-0.09447,0.00018,0.00327,0.01887
192.86,ETH-27MAR20,1573642741466,open,0.73,6.0,0.642,0.786,0.713701,83.96,0.725,0.0,ETH-27MAR20-320-P,187.63,48.73,0.666,1.0,0.746,1.0,100.19,0.35649,-0.11095,-1.05696,0.00309,-0.76942
187.72,SYN.ETH-15NOV19,1573642741469,open,0.19,0.0,0.177,0.224,0.200973,105.0,None,0.0,ETH-15NOV19-150-C,187.63,0.0,0.0,0.0,0.209,1.0,250.02,0.00057,-0.01582,0.0077,0.0003,0.99873
8888.91,BTC-27DEC19,1573642741540,open,0.0,448.2,0.0005,0.0105,0.00075442,100.0,0.001,0.0,BTC-27DEC19-22000-C,8788.98,103.14,0.001,0.2,0.0015,15.0,108.12,0.62577,-0.71311,0.0703,1e-05,0.00733
9073.36,BTC-27MAR20,1573642741581,open,0.01,85.8,0.0005,0.0185,0.00591706,99.85,0.0065,0.0,BTC-27MAR20-34000-C,8788.98,98.83,0.0055,17.0,0.007,31.2,102.29,3.8091,-1.40999,0.82566,1e-05,0.03054
8809.09,SYN.BTC-22NOV19,1573642741624,open,0.09,17.4,0.0765,0.1205,0.09697865,54.31,0.0865,0.0,BTC-22NOV19-8000-C,8788.98,49.2,0.0955,4.0,0.0995,4.0,61.81,2.73198,-8.3585,1.67941,0.00027,0.88099
9073.36,BTC-27MAR20,1573642741650,open,0.03,1521.1,0.013,0.064,0.03530104,78.25,0.036,0.0,BTC-27MAR20-16000-C,8788.98,77.72,0.0345,8.7,0.0365,0.1,79.02,13.94936,-4.04625,4.51115,6e-05,0.16985
8888.91,BTC-27DEC19,1573642741652,open,2.62,0.3,2.5295,2.6735,2.60005321,108.76,1.875,0.0,BTC-27DEC19-32000-P,8788.98,0.0,0.0,0.0,0.0,0.0,0.0,0.07152,-0.08864,-38.45989,0.0,-0.99933
9073.36,BTC-27MAR20,1573642741667,open,1.68,0.0,1.597,1.7275,1.65824581,90.12,None,0.0,BTC-27MAR20-24000-P,8788.98,0.0,0.0005,5.0,0.0,0.0,0.0,7.12499,-2.38028,-86.89356,3e-05,-0.93342
8888.91,BTC-27DEC19,1573642741682,open,0.18,289.1,0.155,0.207,0.18183437,63.64,0.1715,0.0,BTC-27DEC19-7500-C,8788.98,60.57,0.179,2.0,0.1835,11.0,65.4,8.34485,-6.05156,6.71923,0.00014,0.81067
8888.91,BTC-27DEC19,1573642741690,open,0.72,0.0,0.709,0.7285,0.71875593,99.64,None,0.0,BTC-27DEC19-2500-C,8788.98,0.0,0.7105,1.0,0.727,1.0,223.36,0.00758,-0.00861,3.00448,0.0,0.99994
9073.36,BTC-27MAR20,1573642741711,open,0.11,330.8,0.0695,0.1445,0.10698873,70.4,0.1075,0.0,BTC-27MAR20-8000-P,8788.98,69.7,0.1055,2.0,0.1085,10.0,71.11,19.33847,-5.0467,-13.8355,9e-05,-0.30567
8825.14,SYN.BTC-29NOV19,1573642741713,open,0.0,657.9,0.0005,0.012,0.00216783,82.11,0.003,0.0,BTC-29NOV19-6500-P,8788.98,76.98,0.0015,52.0,0.0025,14.0,84.31,1.27447,-3.29568,-0.12594,5e-05,-0.03064
8825.14,SYN.BTC-29NOV19,1573642741713,open,0.15,68.8,0.1355,0.1785,0.15637783,62.87,0.159,0.0,BTC-29NOV19-7500-C,8788.98,0.0,0.1365,6.0,0.173,6.0,98.2,3.12772,-6.19308,2.87089,0.00015,0.9043
9231.7,SYN.BTC-26JUN20,1573642741720,open,1.44,0.0,1.355,1.503,1.42578261,83.64,None,0.0,BTC-26JUN20-22000-P,8788.98,0.0,0.11,1.0,0.0,0.0,0.0,17.73227,-3.28294,-129.39292,4e-05,-0.83913
9231.7,SYN.BTC-26JUN20,1573642741938,open,0.03,4.3,0.0085,0.058,0.02813229,89.04,0.039,0.0,BTC-26JUN20-28000-C,8788.98,88.26,0.027,6.6,0.03,18.0,90.29,13.53168,-2.66698,4.59781,3e-05,0.10861
8888.91,BTC-27DEC19,1573642741981,open,0.0,255.7,0.0005,0.0105,0.0,100.0,0.001,0.0,BTC-27DEC19-1500-P,8788.98,0.0,0.0,0.0,0.0005,110.0,202.81,1e-05,-1e-05,0.0,0.0,0.0
8888.91,BTC-27DEC19,1573642742024,open,0.04,948.8,0.02,0.065,0.04135523,62.45,0.043,0.0,BTC-27DEC19-8000-P,8788.98,60.84,0.0395,2.0,0.0415,14.0,62.57,10.30083,-7.33022,-3.39047,0.00017,-0.27595
8888.91,BTC-27DEC19,1573642742024,open,0.6,4.3,0.5965,0.616,0.60648712,99.98,0.5625,0.0,BTC-27DEC19-3500-C,8788.98,0.0,0.598,1.0,0.614,12.0,165.88,0.20462,-0.23314,4.18225,0.0,0.9979
9073.36,BTC-27MAR20,1573642742026,open,0.06,81.3,0.034,0.092,0.06198503,70.4,0.066,0.0,BTC-27MAR20-7000-P,8788.98,69.25,0.06,2.0,0.063,8.0,70.98,15.71846,-4.10196,-8.98654,7e-05,-0.20605
8825.14,SYN.BTC-29NOV19,1573642742171,open,0.0,504.5,0.0005,0.0135,0.0037496,66.72,0.004,0.0,BTC-29NOV19-11000-C,8788.98,63.72,0.003,54.0,0.0045,32.5,69.42,2.33545,-4.90744,0.23535,0.0001,0.06506
8888.92,BTC-27DEC19,1573642742243,open,0.77,0.0,0.765,0.7845,0.77499804,0.0,None,0.0,BTC-27DEC19-2000-C,8788.98,0.0,0.767,1.0,0.783,1.0,259.4,0.0,0.0,2.40415,0.0,1.0
8888.92,BTC-27DEC19,1573642742303,open,3.53,0.0,3.412,3.592,3.49999547,112.69,2.58,0.0,BTC-27DEC19-40000-P,8788.98,0.0,0.001,1.0,0.0,0.0,0.0,0.01549,-0.0199,-48.08169,0.0,-0.99987
9073.36,BTC-27MAR20,1573642742315,open,2.56,0.0,2.459,2.617,2.53374664,98.53,None,0.0,BTC-27MAR20-32000-P,8788.98,0.0,0.001,1.0,0.0,0.0,0.0,4.31724,-1.57699,-117.28772,1e-05,-0.96444
8825.14,SYN.BTC-29NOV19,1573642742317,open,0.15,34.5,0.118,0.177,0.1436429,58.88,0.1365,0.0,BTC-29NOV19-10000-P,8788.98,32.2,0.134,5.0,0.1625,5.0,88.88,4.64795,-8.61976,-3.73941,0.00023,-0.83054
9073.36,BTC-27MAR20,1573642742328,open,0.46,1.0,0.444,0.483,0.46300954,73.87,0.551,0.0,BTC-27MAR20-5000-C,8788.98,0.0,0.4455,8.0,0.4755,8.0,88.72,6.6026,-1.80802,15.97994,3e-05,0.93962
8888.92,BTC-27DEC19,1573642742328,open,0.82,19.0,0.7655,0.8455,0.80330644,84.74,1.2,0.0,BTC-27DEC19-16000-P,8788.98,0.0,0.4,0.2,0.0,0.0,0.0,2.20558,-2.12985,-18.92786,3e-05,-0.96811
8888.92,BTC-27DEC19,1573642742328,open,0.01,712.0,0.0005,0.021,0.00850353,72.29,0.008,0.0,BTC-27DEC19-13000-C,8788.98,71.32,0.008,16.0,0.009,6.0,73.23,4.67074,-3.848,0.78603,7e-05,0.08207
8888.92,BTC-27DEC19,1573642742328,open,0.0,1544.5,0.0005,0.0105,3e-08,100.0,0.001,0.0,BTC-27DEC19-52000-C,8788.98,0.0,0.0,0.0,0.0005,49.0,169.14,7e-05,-8e-05,0.0,0.0,0.0
9073.36,BTC-27MAR20,1573642742328,open,0.02,218.5,0.004,0.0375,0.01638098,87.86,0.0155,0.0,BTC-27MAR20-22000-C,8788.98,86.32,0.015,7.2,0.0175,37.0,89.05,8.35904,-2.72259,2.20228,3e-05,0.08207
9073.36,BTC-27MAR20,1573642742328,open,0.01,1259.8,0.0005,0.0155,0.00561746,78.97,0.004,0.0,BTC-27MAR20-4000-P,8788.98,75.71,0.0045,52.2,0.007,49.9,82.53,3.31092,-0.96923,-1.05373,1e-05,-0.02581
8825.14,SYN.BTC-29NOV19,1573642742330,open,0.0,239.7,0.0005,0.0125,0.00258552,71.53,0.003,0.0,BTC-29NOV19-11500-C,8788.98,68.32,0.002,15.0,0.003,20.0,73.56,1.731,-3.89977,0.16114,7e-05,0.04457
9073.36,BTC-27MAR20,1573642742353,open,0.13,574.1,0.091,0.173,0.13335649,71.16,0.13,0.0,BTC-27MAR20-10000-C,8788.98,70.39,0.1315,2.0,0.135,2.0,71.83,22.00304,-5.80396,12.17853,0.0001,0.49659
8888.92,BTC-27DEC19,1573642742363,open,1.49,4.9,1.4265,1.5285,1.47575133,100.08,1.0385,0.0,BTC-27DEC19-22000-P,8788.98,0.0,0.0,0.0,0.0,0.0,0.0,0.62913,-0.71751,-26.3749,1e-05,-0.99262
9073.36,BTC-27MAR20,1573642742415,open,0.17,125.6,0.13,0.212,0.17274426,70.37,0.1745,0.0,BTC-27MAR20-9000-C,8788.98,69.84,0.1715,1.1,0.1735,7.0,70.69,21.41532,-5.58641,14.05896,0.0001,0.59206
8888.92,BTC-27DEC19,1573642742415,open,0.27,247.2,0.227,0.2985,0.26232822,66.8,0.226,0.0,BTC-27DEC19-11000-P,8788.98,63.4,0.259,2.0,0.264,2.0,68.45,8.89724,-6.77279,-11.23771,0.00014,-0.78939
9231.71,SYN.BTC-26JUN20,1573642742448,open,0.28,113.5,0.2215,0.3335,0.27884173,72.88,0.2835,0.0,BTC-26JUN20-10000-P,8788.98,71.8,0.2755,2.0,0.2805,1.0,73.41,28.65987,-4.62356,-41.15145,7e-05,-0.44148
8825.14,SYN.BTC-29NOV19,1573642742458,open,0.48,0.0,0.4445,0.5075,0.47436839,87.15,None,0.0,BTC-29NOV19-13000-P,8788.98,0.0,0.013,1.0,0.0,0.0,0.0,0.91598,-2.51407,-5.58006,3e-05,-0.97934
8888.92,BTC-27DEC19,1573642742593,open,0.02,1002.9,0.009,0.045,0.02482977,66.8,0.023,0.0,BTC-27DEC19-11000-C,8788.98,65.96,0.024,1.0,0.025,14.0,66.97,8.89692,-6.77227,1.985,0.00014,0.2106
8888.92,BTC-27DEC19,1573642742593,open,0.0,662.0,0.0005,0.0105,7.457e-05,100.0,0.0005,0.0,BTC-27DEC19-28000-C,8788.98,0.0,0.0,0.0,0.001,24.8,125.71,0.08998,-0.10253,0.00835,0.0,0.00086
9231.71,SYN.BTC-26JUN20,1573642742593,open,0.34,9.5,0.299,0.3785,0.34057652,72.65,0.338,0.0,BTC-26JUN20-7000-C,8788.98,70.9,0.3365,9.0,0.344,2.0,74.12,21.54002,-3.46415,25.0662,6e-05,0.77934
8888.92,BTC-27DEC19,1573642742595,open,0.0,106.3,0.0005,0.0105,2.9e-07,100.0,0.0005,0.0,BTC-27DEC19-2000-P,8788.98,0.0,0.0,0.0,0.0005,27.1,170.35,0.00055,-0.00063,-4e-05,0.0,0.0
8825.14,SYN.BTC-29NOV19,1573642742595,open,0.0,1066.6,0.0005,0.0135,0.00389785,73.54,0.0045,0.0,BTC-29NOV19-7000-P,8788.98,71.81,0.0035,1.0,0.004,14.0,73.97,2.08291,-4.82413,-0.23072,8e-05,-0.05621
8888.92,BTC-27DEC19,1573642742624,open,0.0,349.0,0.0005,0.0105,9e-08,100.0,0.0005,0.0,BTC-27DEC19-48000-C,8788.98,0.0,0.0,0.0,0.0005,14.0,162.64,0.00021,-0.00023,1e-05,0.0,0.0
8793.25,SYN.BTC-15NOV19,1573642742698,open,0.01,257.3,0.0005,0.0245,0.00598922,51.44,0.005,0.0,BTC-15NOV19-9000-C,8788.98,47.2,0.005,0.4,0.0065,11.6,53.58,2.0856,-28.6003,0.11946,0.00102,0.27035
8793.25,SYN.BTC-15NOV19,1573642742698,open,0.0,153.1,0.0005,0.0105,0.00030633,100.01,0.0005,0.0,BTC-15NOV19-7500-P,8788.98,107.26,0.0005,27.9,0.001,34.5,120.0,0.1979,-2.69364,-0.00559,5e-05,-0.01207
8793.25,SYN.BTC-15NOV19,1573642742698,open,0.03,79.5,0.016,0.0595,0.03724118,53.48,0.035,0.0,BTC-15NOV19-8500-C,8788.98,54.82,0.0375,0.1,0.039,14.9,62.23,1.67129,-23.82428,0.35235,0.00079,0.81699
8793.25,SYN.BTC-15NOV19,1573642742700,open,0.04,383.6,0.0095,0.0545,0.02951303,51.49,0.029,0.0,BTC-15NOV19-9000-P,8788.98,37.87,0.0265,4.1,0.029,1.0,49.31,2.08639,-28.63867,-0.34295,0.00102,-0.72944
8793.25,SYN.BTC-15NOV19,1573642742700,open,0.0,252.4,0.0005,0.0125,0.00210544,67.94,0.002,0.0,BTC-15NOV19-8250-P,8788.98,67.04,0.002,0.6,0.0025,34.0,71.17,1.03342,-18.51366,-0.04214,0.00038,-0.09116
8793.25,SYN.BTC-15NOV19,1573642742700,open,0.0,90.3,0.0005,0.0105,0.00063912,91.55,0.0005,0.0,BTC-15NOV19-7750-P,8788.98,88.0,0.0005,10.5,0.001,29.1,98.99,0.37051,-5.61993,-0.01166,0.0001,-0.02517
8793.25,SYN.BTC-15NOV19,1573642742700,open,0.0,441.0,0.0005,0.0105,0.00078765,78.76,0.001,0.0,BTC-15NOV19-9750-C,8788.98,72.96,0.0005,20.9,0.001,14.1,82.26,0.49663,-6.92603,0.01584,0.00016,0.03584
8793.25,SYN.BTC-15NOV19,1573642742700,open,0.12,15.2,0.0875,0.1345,0.10960511,78.98,0.1095,0.0,BTC-15NOV19-9750-P,8788.98,0.0,0.107,4.0,0.11,0.1,85.11,0.50135,-10.55534,-0.48502,0.00016,-0.96374
8793.25,SYN.BTC-15NOV19,1573642742700,open,0.06,85.9,0.032,0.078,0.05460799,60.5,0.061,0.0,BTC-15NOV19-9250-P,8788.98,0.0,0.0515,4.0,0.0545,0.1,59.76,1.30412,-21.03068,-0.41966,0.00054,-0.8741
8793.25,SYN.BTC-15NOV19,1573642742700,open,0.17,1.8,0.143,0.192,0.16612613,100.31,0.103,0.0,BTC-15NOV19-10250-P,8788.98,0.0,0.0,0.0,0.2235,0.1,400.56,0.27971,-7.4794,-0.51879,7e-05,-0.98195
8888.92,BTC-27DEC19,1573642742702,open,0.04,868.8,0.0215,0.0685,0.04405461,63.87,0.045,0.0,BTC-27DEC19-10000-C,8788.98,62.64,0.0425,2.0,0.044,12.8,63.83,11.25168,-8.1901,3.12843,0.00019,0.33684
9231.71,SYN.BTC-26JUN20,1573642742718,open,0.1,158.6,0.062,0.1365,0.09884354,72.66,0.096,0.0,BTC-26JUN20-7000-P,8788.98,71.01,0.095,9.8,0.096,1.0,71.44,21.54023,-3.46441,-18.25326,6e-05,-0.22066
8888.92,BTC-27DEC19,1573642742759,open,0.0,738.1,0.0005,0.011,0.0012706,91.48,0.0015,0.0,BTC-27DEC19-4500-P,8788.98,88.47,0.001,14.0,0.002,19.0,97.92,0.86331,-0.89999,-0.12671,1e-05,-0.01059
9231.71,SYN.BTC-26JUN20,1573642742803,open,0.15,166.4,0.104,0.194,0.14960431,72.66,0.15,0.0,BTC-26JUN20-8000-P,8788.98,71.15,0.1455,9.2,0.1505,6.0,72.99,25.09104,-4.03553,-25.44941,7e-05,-0.29587
187.73,SYN.ETH-15NOV19,1573642742845,open,0.09,231.0,0.067,0.124,0.096152,90.07,0.099,0.0,ETH-15NOV19-170-C,187.63,0.0,0.078,14.0,0.111,14.0,184.81,0.01568,-0.37651,0.00816,0.00961,0.94166
188.11,SYN.ETH-22NOV19,1573642743015,open,0.0,3.0,0.001,0.011,0.000486,84.37,0.001,0.0,ETH-22NOV19-140-P,187.63,0.0,0.0,0.0,0.001,1.0,93.59,0.0081,-0.0385,-0.0005,0.00112,-0.01042
188.11,SYN.ETH-22NOV19,1573642743015,open,0.25,0.0,0.233,0.278,0.256207,83.42,None,0.0,ETH-22NOV19-140-C,187.63,0.0,0.0,0.0,0.0,0.0,0.0,0.00765,-0.03595,0.03358,0.00107,0.99025
8825.14,SYN.BTC-29NOV19,1573642743075,open,0.01,318.1,0.0005,0.019,0.00601964,62.5,0.0055,0.0,BTC-29NOV19-10500-C,8788.98,59.64,0.005,43.1,0.007,50.0,65.04,3.28611,-6.46799,0.36991,0.00016,0.10239
9073.37,BTC-27MAR20,1573642743078,open,1.9,0.0,1.812,1.949,1.87644843,92.43,None,0.0,BTC-27MAR20-26000-P,8788.98,0.0,0.0,0.0,0.0,0.0,0.0,6.19004,-2.12109,-94.57717,2e-05,-0.94438
8888.92,BTC-27DEC19,1573642743091,open,0.01,576.0,0.0005,0.0205,0.00921431,69.22,0.009,0.0,BTC-27DEC19-6500-P,8788.98,67.77,0.0085,36.0,0.0095,11.2,69.79,4.45936,-3.51768,-0.92328,7e-05,-0.07719
8825.14,SYN.BTC-29NOV19,1573642743091,open,0.32,22.5,0.3065,0.3365,0.32108384,87.87,0.2095,0.0,BTC-29NOV19-6000-C,8788.98,0.0,0.3095,7.0,0.332,7.0,145.08,0.65714,-1.81865,2.55225,2e-05,0.98599
9073.37,BTC-27MAR20,1573642743123,open,0.01,49.6,0.0005,0.026,0.00961747,95.21,0.0095,0.0,BTC-27MAR20-28000-C,8788.98,92.42,0.008,35.9,0.0105,8.2,96.61,5.56931,-1.96567,1.31007,2e-05,0.04869
9231.71,SYN.BTC-26JUN20,1573642743123,open,0.28,25.0,0.236,0.3255,0.28301343,72.65,0.2805,0.0,BTC-26JUN20-8000-C,8788.98,71.73,0.2805,9.3,0.2845,8.0,73.2,25.09107,-4.03528,24.05826,7e-05,0.70413
9073.37,BTC-27MAR20,1573642743125,open,2.34,0.0,2.2435,2.3945,2.31458042,97.08,None,0.0,BTC-27MAR20-30000-P,8788.98,0.0,0.0,0.0,0.0,0.0,0.0,4.91634,-1.76938,-109.73354,2e-05,-0.9583
8888.92,BTC-27DEC19,1573642743125,open,0.37,73.0,0.3295,0.4015,0.36424669,69.53,0.3535,0.0,BTC-27DEC19-12000-P,8788.98,0.0,0.19,0.1,0.0,0.0,0.0,6.53474,-5.17792,-13.18342,0.0001,-0.86956
8825.14,SYN.BTC-29NOV19,1573642743125,open,0.0,436.2,0.0005,0.0105,0.00015298,100.0,0.0005,0.0,BTC-29NOV19-5000-P,8788.98,0.0,0.0,0.0,0.001,33.0,124.83,0.13445,-0.42344,-0.00956,0.0,-0.00234
8825.14,SYN.BTC-29NOV19,1573642743127,open,0.06,807.1,0.047,0.0985,0.06564643,54.94,0.061,0.0,BTC-29NOV19-8500-C,8788.98,52.8,0.064,12.0,0.0665,14.0,56.04,6.81834,-11.79749,2.24247,0.00037,0.64985
9231.71,SYN.BTC-26JUN20,1573642743127,open,2.3,0.0,2.1945,2.365,2.27463153,90.52,None,0.0,BTC-26JUN20-30000-P,8788.98,0.0,0.0,0.0,0.0,0.0,0.0,12.46014,-2.49665,-181.53814,3e-05,-0.90304
9073.37,BTC-27MAR20,1573642743130,open,0.29,10.5,0.2555,0.323,0.2904908,70.39,0.281,0.0,BTC-27MAR20-7000-C,8788.98,68.66,0.2875,2.0,0.2915,7.0,70.97,15.71822,-4.10172,16.88041,7e-05,0.79396
8888.92,BTC-27DEC19,1573642743134,open,0.22,64.6,0.2045,0.251,0.22797512,65.99,0.255,0.0,BTC-27DEC19-7000-C,8788.98,59.26,0.2235,8.0,0.2325,8.0,72.1,6.28392,-4.72526,6.93164,0.0001,0.87669
8888.92,BTC-27DEC19,1573642743134,open,4.44,0.0,4.2945,4.51,4.39998726,120.91,None,0.0,BTC-27DEC19-48000-P,8788.98,0.0,0.0005,1.0,0.0,0.0,0.0,0.00855,-0.01178,-57.69888,0.0,-0.99993
8825.14,SYN.BTC-29NOV19,1573642743134,open,0.26,13.1,0.223,0.28,0.25020366,66.78,0.233,0.0,BTC-29NOV19-11000-P,8788.98,0.0,0.009,1.0,0.0,0.0,0.0,2.34045,-4.92217,-4.54847,0.0001,-0.93476
8825.14,SYN.BTC-29NOV19,1573642743134,open,0.43,0.3,0.422,0.445,0.43358295,99.54,0.4955,0.0,BTC-29NOV19-5000-C,8788.98,0.0,0.4245,8.0,0.4425,8.0,185.61,0.12991,-0.40729,2.16555,0.0,0.99775
9231.71,SYN.BTC-26JUN20,1573642743142,open,1.23,0.0,1.1495,1.294,1.21903716,82.46,None,0.0,BTC-26JUN20-20000-P,8788.98,0.0,0.1,1.0,1.88,0.1,325.79,19.8886,-3.63046,-115.75389,5e-05,-0.80714
9231.71,SYN.BTC-26JUN20,1573642743142,open,0.83,0.0,0.7475,0.885,0.81525295,79.03,None,0.0,BTC-26JUN20-16000-P,8788.98,72.34,0.798,2.0,0.823,2.0,81.9,24.57525,-4.29917,-87.53259,6e-05,-0.71693
8888.92,BTC-27DEC19,1573642743145,open,0.0,964.5,0.0005,0.0105,3.555e-05,100.0,0.0005,0.0,BTC-27DEC19-30000-C,8788.98,0.0,0.0,0.0,0.0005,1.1,123.23,0.04726,-0.05386,0.00418,0.0,0.00043
9073.37,BTC-27MAR20,1573642743151,open,2.12,0.0,2.0275,2.172,2.0955814,95.22,None,0.0,BTC-27MAR20-28000-P,8788.98,0.0,0.0,0.0,0.0,0.0,0.0,5.57292,-1.96728,-102.15523,2e-05,-0.95127
8793.25,SYN.BTC-15NOV19,1573642743151,open,0.32,0.0,0.2825,0.3345,0.30783774,116.47,None,0.0,BTC-15NOV19-11500-P,8788.98,0.0,0.0,0.0,0.0,0.0,0.0,0.0164,-0.50918,-0.59064,0.0,-0.99924
8793.25,SYN.BTC-15NOV19,1573642743151,open,0.0,110.6,0.0005,0.0105,1.77e-06,100.0,0.0005,0.0,BTC-15NOV19-11500-C,8788.98,0.0,0.0,0.0,0.0015,30.0,191.49,0.0026,-0.01556,5e-05,0.0,0.0001
192.86,ETH-27MAR20,1573642743188,open,0.4,40.0,0.378,0.439,0.41016,79.56,0.459,0.0,ETH-27MAR20-120-C,187.63,51.98,0.385,22.0,0.429,22.0,94.85,0.22144,-0.06531,0.34149,0.00202,0.88931
192.86,ETH-27MAR20,1573642743218,open,0.59,20.0,0.575,0.609,0.592095,87.68,0.613,0.0,ETH-27MAR20-80-C,187.63,0.0,0.585,27.0,0.602,1.0,107.67,0.07441,-0.02419,0.27105,0.00062,0.97241
8793.25,SYN.BTC-15NOV19,1573642743220,open,0.02,316.0,0.001,0.0345,0.01194957,50.04,0.012,0.0,BTC-15NOV19-8750-P,8788.98,41.35,0.0095,27.0,0.012,0.4,50.22,2.48456,-33.14073,-0.20344,0.00125,-0.43825
188.48,SYN.ETH-29NOV19,1573642743220,open,0.46,1.0,0.454,0.485,0.469531,105.0,0.46,0.0,ETH-29NOV19-100-C,187.63,0.0,0.461,21.0,0.479,21.0,206.08,0.00172,-0.00569,0.04338,0.00011,0.99867
8809.2,SYN.BTC-22NOV19,1573642743248,open,0.02,74.0,0.006,0.0415,0.01619628,50.08,0.018,0.0,BTC-22NOV19-8500-P,8788.98,46.05,0.014,41.0,0.017,4.1,51.54,4.84455,-13.66705,-0.6982,0.00051,-0.30974
8809.2,SYN.BTC-22NOV19,1573642743248,open,0.03,37.2,0.018,0.063,0.0344632,49.99,0.0335,0.0,BTC-22NOV19-8750-C,8788.98,46.0,0.032,12.0,0.0355,4.3,51.67,5.43729,-15.3124,1.10418,0.00058,0.54992
8809.2,SYN.BTC-22NOV19,1573642743248,open,0.17,0.0,0.1605,0.1965,0.1781763,67.32,None,0.0,BTC-22NOV19-7250-C,8788.98,0.0,0.01,1.0,0.0,0.0,0.0,0.88783,-3.36721,1.70005,7e-05,0.9718
8809.2,SYN.BTC-22NOV19,1573642743248,open,0.07,8.0,0.052,0.099,0.07240027,51.16,0.0655,0.0,BTC-22NOV19-8250-C,8788.98,47.82,0.071,4.0,0.0755,4.0,58.1,3.77987,-10.89401,1.57069,0.00039,0.80564
8809.2,SYN.BTC-22NOV19,1573642743248,open,0.05,119.9,0.025,0.0745,0.04348479,50.07,0.0515,0.0,BTC-22NOV19-9000-P,8788.98,44.28,0.04,12.0,0.044,0.1,50.92,5.33049,-15.035,-1.36355,0.00056,-0.59306
8809.2,SYN.BTC-22NOV19,1573642743248,open,0.0,66.1,0.0005,0.013,0.00327844,59.28,0.0035,0.0,BTC-22NOV19-7750-P,8788.98,58.01,0.003,0.2,0.0035,20.0,60.26,1.96587,-6.56534,-0.17,0.00018,-0.07608
8809.2,SYN.BTC-22NOV19,1573642743248,open,0.01,167.1,0.0035,0.037,0.01325126,50.66,0.0115,0.0,BTC-22NOV19-9250-C,8788.98,47.29,0.0115,27.0,0.0145,29.1,53.01,4.63562,-13.22921,0.57448,0.00048,0.28143
8809.2,SYN.BTC-22NOV19,1573642743248,open,0.0,57.4,0.0005,0.0115,0.0018722,62.65,0.0025,0.0,BTC-22NOV19-7500-P,8788.98,59.97,0.0015,30.0,0.0025,21.0,66.57,1.3012,-4.59213,-0.10033,0.00011,-0.04496
8809.2,SYN.BTC-22NOV19,1573642743248,open,0.12,10.3,0.088,0.1405,0.11198611,54.85,0.097,0.0,BTC-22NOV19-9750-P,8788.98,41.48,0.1085,4.0,0.1135,4.0,59.29,2.84988,-8.80589,-2.11125,0.00028,-0.8736
8809.2,SYN.BTC-22NOV19,1573642743248,open,0.05,23.5,0.0325,0.08,0.05128423,50.06,0.0505,0.0,BTC-22NOV19-8500-C,8788.98,46.79,0.0495,12.0,0.0525,0.5,52.26,4.84414,-13.66023,1.3689,0.00051,0.69032
8809.2,SYN.BTC-22NOV19,1573642743248,open,0.0,19.5,0.0005,0.011,0.00118952,67.42,0.002,0.0,BTC-22NOV19-7250-P,8788.98,65.45,0.001,14.0,0.002,20.0,74.23,0.89219,-3.38859,-0.06331,7e-05,-0.02837
8809.2,SYN.BTC-22NOV19,1573642743248,open,0.09,0.8,0.0635,0.117,0.0864926,52.22,0.0625,0.0,BTC-22NOV19-9500-P,8788.98,44.56,0.0835,4.0,0.088,4.0,55.71,3.6998,-10.88346,-1.92534,0.00038,-0.81231
8809.2,SYN.BTC-22NOV19,1573642743248,open,0.12,0.3,0.1035,0.144,0.12350568,59.24,0.122,0.0,BTC-22NOV19-7750-C,8788.98,0.0,0.01,1.0,0.0,0.0,0.0,1.96291,-6.55028,1.71491,0.00018,0.92407
8809.2,SYN.BTC-22NOV19,1573642743248,open,0.15,0.0,0.1315,0.1695,0.15047922,62.58,None,0.0,BTC-22NOV19-7500-C,8788.98,0.0,0.0155,0.1,0.0,0.0,0.0,1.29737,-4.57362,1.72382,0.00011,0.9552
8809.2,SYN.BTC-22NOV19,1573642743248,open,0.01,900.6,0.0005,0.0295,0.00893256,51.19,0.0095,0.0,BTC-22NOV19-8250-P,8788.98,48.98,0.008,31.0,0.01,25.0,53.64,3.78115,-10.90319,-0.43572,0.00039,-0.19447
8809.2,SYN.BTC-22NOV19,1573642743250,open,0.0,20.4,0.0005,0.011,0.00132397,67.6,0.002,0.0,BTC-22NOV19-10750-C,8788.98,64.55,0.001,14.0,0.002,34.1,72.76,1.01574,-3.86821,0.06823,8e-05,0.03318
8809.2,SYN.BTC-22NOV19,1573642743250,open,0.0,423.5,0.0005,0.014,0.00355887,58.17,0.004,0.0,BTC-22NOV19-10000-C,8788.98,55.84,0.003,0.1,0.004,21.0,59.89,2.19607,-7.19635,0.18115,0.0002,0.08813
8809.2,SYN.BTC-22NOV19,1573642743250,open,0.01,280.1,0.0005,0.027,0.00806149,52.19,0.008,0.0,BTC-22NOV19-9500-C,8788.98,50.83,0.0075,0.1,0.008,8.5,52.04,3.69795,-10.87171,0.38447,0.00038,0.18754
8809.2,SYN.BTC-22NOV19,1573642743250,open,0.29,0.0,0.2525,0.3065,0.27813072,77.16,None,0.0,BTC-22NOV19-11250-P,8788.98,0.0,0.0,0.0,0.0,0.0,0.0,0.78356,-3.40611,-2.6859,5e-05,-0.97571
8809.2,SYN.BTC-22NOV19,1573642743250,open,0.0,325.7,0.0005,0.012,0.00238108,60.76,0.0035,0.0,BTC-22NOV19-10250-C,8788.98,55.45,0.0015,64.0,0.003,20.0,63.88,1.64527,-5.63186,0.12432,0.00014,0.06042
8809.2,SYN.BTC-22NOV19,1573642743250,open,0.0,25.6,0.0005,0.0115,0.00158293,63.02,0.002,0.0,BTC-22NOV19-10500-C,8788.98,58.2,0.001,65.0,0.002,0.1,65.85,1.21152,-4.30132,0.08478,0.0001,0.04116
8809.2,SYN.BTC-22NOV19,1573642743250,open,0.15,5.1,0.114,0.166,0.13874952,58.22,0.124,0.0,BTC-22NOV19-10000-P,8788.98,0.0,0.1215,4.0,0.162,4.0,114.82,2.20003,-7.21597,-2.25012,0.0002,-0.91166
8809.2,SYN.BTC-22NOV19,1573642743250,open,0.07,58.5,0.042,0.0945,0.06330261,50.68,0.0645,0.0,BTC-22NOV19-9250-P,8788.98,44.23,0.06,4.0,0.0645,20.3,52.94,4.63644,-13.23769,-1.67464,0.00048,-0.71846
8809.2,SYN.BTC-22NOV19,1573642743250,open,0.17,0.0,0.1415,0.1925,0.1659515,60.84,None,0.0,BTC-22NOV19-10250-P,8788.98,0.0,0.011,1.0,0.3545,0.1,400.52,1.65035,-5.65606,-2.36769,0.00014,-0.93935
8809.2,SYN.BTC-22NOV19,1573642743252,open,0.26,0.0,0.2245,0.278,0.24999349,73.66,None,0.0,BTC-22NOV19-11000-P,8788.98,0.0,0.0,0.0,0.0,0.0,0.0,0.94308,-3.91353,-2.61269,7e-05,-0.96967
8809.2,SYN.BTC-22NOV19,1573642743252,open,0.23,0.0,0.1965,0.249,0.22165392,67.73,None,0.0,BTC-22NOV19-10750-P,8788.98,0.0,0.013,1.0,0.0,0.0,0.0,1.02241,-3.90079,-2.54531,8e-05,-0.96656
8809.2,SYN.BTC-22NOV19,1573642743252,open,0.0,42.2,0.0005,0.011,0.00104124,76.99,0.001,0.0,BTC-22NOV19-11250-C,8788.98,69.35,0.0005,52.5,0.0015,34.0,81.61,0.77643,-3.36769,0.04923,5e-05,0.02402
8809.2,SYN.BTC-22NOV19,1573642743252,open,0.2,0.0,0.169,0.2205,0.19353311,63.13,None,0.0,BTC-22NOV19-10500-P,8788.98,0.0,0.012,1.0,0.0,0.0,0.0,1.21777,-4.33053,-2.46797,0.0001,-0.95858
8809.2,SYN.BTC-22NOV19,1573642743252,open,0.0,121.4,0.0005,0.011,0.00128378,73.53,0.001,0.0,BTC-22NOV19-11000-C,8788.98,63.89,0.0005,45.5,0.002,34.0,79.38,0.93647,-3.87884,0.06166,7e-05,0.03007
190.01,ETH-27DEC19,1573642743243,open,0.3,2287.0,0.243,0.337,0.289755,72.47,0.302,0.0,ETH-27DEC19-240-P,187.63,32.65,0.264,11.0,0.331,11.0,108.22,0.19023,-0.1571,-0.24648,0.00605,-0.7893
9073.37,BTC-27MAR20,1573642743269,open,0.61,59.0,0.542,0.6515,0.59550556,75.87,0.6,0.0,BTC-27MAR20-14000-P,8788.98,0.0,0.4,0.5,0.615,0.1,85.73,17.10446,-4.81095,-45.48356,7e-05,-0.76107
8825.14,SYN.BTC-29NOV19,1573642743291,open,0.1,374.7,0.0855,0.135,0.10683462,57.62,0.099,0.0,BTC-29NOV19-8000-C,8788.98,55.23,0.1055,4.0,0.11,4.0,63.05,4.99875,-9.07161,2.6981,0.00026,0.80974
8825.14,SYN.BTC-29NOV19,1573642743291,open,0.6,0.0,0.5555,0.6225,0.5873509,96.9,None,0.0,BTC-29NOV19-14000-P,8788.98,0.0,0.014,1.0,0.0,0.0,0.0,0.67857,-2.07086,-6.03724,2e-05,-0.98546
187.73,SYN.ETH-15NOV19,1573642743351,open,0.01,1467.0,0.001,0.034,0.010555,55.09,0.011,0.0,ETH-15NOV19-190-C,187.63,45.77,0.008,1.0,0.011,500.0,56.78,0.05156,-0.75718,0.00364,0.05168,0.38806
8793.25,SYN.BTC-15NOV19,1573642743357,open,0.0,0.1,0.0005,0.0105,1e-08,100.0,0.002,0.0,BTC-15NOV19-6250-P,8788.98,0.0,0.0,0.0,0.0015,30.0,246.23,3e-05,-0.0001,0.0,0.0,0.0
8793.25,SYN.BTC-15NOV19,1573642743357,open,0.0,22.1,0.0005,0.0105,1.7e-06,100.0,0.0005,0.0,BTC-15NOV19-6750-P,8788.98,0.0,0.0,0.0,0.0005,0.4,167.05,0.00244,-0.01498,-4e-05,0.0,-0.0001
8793.25,SYN.BTC-15NOV19,1573642743357,open,0.0,4.8,0.0005,0.0105,1.7e-07,100.0,0.001,0.0,BTC-15NOV19-6500-P,8788.98,0.0,0.0,0.0,0.001,15.5,207.65,0.0003,-0.00146,0.0,0.0,-1e-05
8793.25,SYN.BTC-15NOV19,1573642743357,open,0.23,0.0,0.217,0.247,0.23236762,99.89,None,0.0,BTC-15NOV19-6750-C,8788.98,0.0,0.221,5.0,0.243,5.0,306.14,0.00241,-0.06406,0.34683,0.0,0.9999
8793.25,SYN.BTC-15NOV19,1573642743357,open,0.26,0.0,0.246,0.275,0.26079697,99.06,None,0.0,BTC-15NOV19-6500-C,8788.98,0.0,0.25,5.0,0.27,5.0,325.65,0.00025,-0.00667,0.33402,0.0,0.99999
8793.25,SYN.BTC-15NOV19,1573642743357,open,0.34,0.0,0.333,0.3585,0.34608948,0.0,None,0.0,BTC-15NOV19-5750-C,8788.98,0.0,0.3365,5.0,0.355,5.0,423.1,0.0,0.0,0.29549,0.0,1.0
8793.25,SYN.BTC-15NOV19,1573642743357,open,0.2,0.0,0.188,0.2195,0.2039477,99.98,None,0.0,BTC-15NOV19-7000-C,8788.98,0.0,0.192,4.0,0.215,4.0,277.51,0.01418,-0.378,0.35942,0.0,0.99935
8793.25,SYN.BTC-15NOV19,1573642743357,open,0.31,0.0,0.304,0.331,0.31765859,0.0,None,0.0,BTC-15NOV19-6000-C,8788.98,0.0,0.3075,5.0,0.327,5.0,393.28,0.0,0.0,0.30833,0.0,1.0
8793.25,SYN.BTC-15NOV19,1573642743357,open,0.0,60.1,0.0005,0.0105,1.268e-05,100.0,0.001,0.0,BTC-15NOV19-7000-P,8788.98,0.0,0.0,0.0,0.0005,15.0,146.68,0.01421,-0.11148,-0.0003,0.0,-0.00065
8793.25,SYN.BTC-15NOV19,1573642743357,open,0.28,0.0,0.275,0.303,0.28922771,0.0,None,0.0,BTC-15NOV19-6250-C,8788.98,0.0,0.279,5.0,0.298,5.0,353.83,0.0,0.0,0.32118,0.0,1.0
8793.25,SYN.BTC-15NOV19,1573642743357,open,0.0,0.2,0.0005,0.0105,0.0,100.0,0.0005,0.0,BTC-15NOV19-5750-P,8788.98,0.0,0.0,0.0,0.0015,30.0,297.81,0.0,0.0,0.0,0.0,0.0
8793.25,SYN.BTC-15NOV19,1573642743357,open,0.0,0.1,0.0005,0.0105,0.0,100.0,0.0015,0.0,BTC-15NOV19-6000-P,8788.98,0.0,0.0,0.0,0.0015,30.0,271.58,0.0,0.0,0.0,0.0,0.0
8809.2,SYN.BTC-22NOV19,1573642743373,open,0.2,0.0,0.1895,0.224,0.20630666,74.52,None,0.0,BTC-22NOV19-7000-C,8788.98,0.0,0.0185,0.1,0.0,0.0,0.0,0.68912,-2.89287,1.65552,5e-05,0.97915
8809.2,SYN.BTC-22NOV19,1573642743373,open,0.0,28.1,0.0005,0.0105,0.00093091,74.52,0.001,0.0,BTC-22NOV19-7000-P,8788.98,67.9,0.0005,32.0,0.0015,20.0,80.75,0.68921,-2.8933,-0.04667,5e-05,-0.02086
8888.92,BTC-27DEC19,1573642743421,open,0.0,791.7,0.0005,0.012,0.00227834,92.91,0.0015,0.0,BTC-27DEC19-18000-C,8789.02,87.87,0.0015,61.0,0.0025,7.5,94.13,1.56852,-1.6607,0.20232,2e-05,0.02121
8888.92,BTC-27DEC19,1573642743421,open,0.38,73.5,0.37,0.4015,0.38519198,81.08,0.266,0.0,BTC-27DEC19-5500-C,8789.02,0.0,0.3715,9.0,0.395,9.0,107.97,2.22829,-2.05895,6.22433,3e-05,0.96771
9073.37,BTC-27MAR20,1573642743421,open,0.01,148.3,0.003,0.032,0.01313113,90.11,0.012,0.0,BTC-27MAR20-24000-C,8789.02,88.63,0.012,23.0,0.0145,24.2,91.8,7.12235,-2.37911,1.79105,3e-05,0.06655
9073.37,BTC-27MAR20,1573642743421,open,3.0,0.0,2.891,3.0625,2.97236276,100.02,None,0.0,BTC-27MAR20-36000-P,8789.02,0.0,0.0,0.0,0.0,0.0,0.0,3.20698,-1.18916,-132.35287,1e-05,-0.97515
8888.96,BTC-27DEC19,1573642743422,open,0.0,880.9,0.0005,0.0115,0.00167723,100.0,0.0015,0.0,BTC-27DEC19-20000-C,8789.02,98.61,0.0015,2.9,0.002,14.0,102.29,1.17862,-1.34312,0.14419,1e-05,0.01517
9073.37,BTC-27MAR20,1573642743421,open,0.37,19.3,0.3425,0.396,0.36962764,70.77,0.406,0.0,BTC-27MAR20-6000-C,8789.02,45.75,0.3455,7.0,0.3825,14.0,80.81,11.01403,-2.88957,17.12182,5e-05,0.8803
8888.96,BTC-27DEC19,1573642743421,open,1.04,9.4,0.986,1.073,1.02727353,92.97,1.1125,0.0,BTC-27DEC19-18000-P,8789.02,0.0,0.0,0.0,0.0,0.0,0.0,1.57373,-1.66736,-21.43424,2e-05,-0.9787
8888.96,BTC-27DEC19,1573642743422,open,0.55,30.9,0.541,0.5615,0.55083467,99.96,0.5735,0.0,BTC-27DEC19-4000-C,8789.02,0.0,0.5425,11.0,0.5585,11.0,147.41,0.57159,-0.65112,4.72869,1e-05,0.99338
8888.96,BTC-27DEC19,1573642743422,open,0.0,562.6,0.0005,0.0105,1.1e-06,100.0,0.0005,0.0,BTC-27DEC19-40000-C,8789.02,0.0,0.0,0.0,0.0005,24.0,147.62,0.0021,-0.0024,0.00015,0.0,2e-05
8888.96,BTC-27DEC19,1573642743422,open,2.17,0.2,2.0885,2.2145,2.15006709,101.6,2.084,0.0,BTC-27DEC19-28000-P,8789.02,0.0,0.0,0.0,0.0,0.0,0.0,0.10676,-0.12361,-33.64803,0.0,-0.99897
8888.96,BTC-27DEC19,1573642743422,open,0.7,211.2,0.6555,0.7315,0.69157088,79.97,0.9295,0.0,BTC-27DEC19-15000-P,8789.02,0.0,0.0,0.0,0.0,0.0,0.0,2.66527,-2.42879,-17.64546,4e-05,-0.95982
8888.96,BTC-27DEC19,1573642743422,open,0.66,10.0,0.653,0.6725,0.66254795,99.67,0.618,0.0,BTC-27DEC19-3000-C,8789.02,0.0,0.6545,1.0,0.67,13.0,189.44,0.05035,-0.05719,3.60086,0.0,0.99954
9073.41,BTC-27MAR20,1573642743422,open,0.56,9.4,0.552,0.579,0.56476557,78.96,0.585,0.0,BTC-27MAR20-4000-C,8789.02,0.0,0.5535,9.0,0.5755,9.0,100.44,3.30984,-0.96881,13.72761,1e-05,0.9742
8888.96,BTC-27DEC19,1573642743422,open,0.03,763.9,0.01,0.0445,0.02558289,63.64,0.027,0.0,BTC-27DEC19-7500-P,8789.02,62.48,0.0245,1.0,0.026,13.1,64.08,8.34485,-6.05173,-2.29632,0.00014,-0.18932
8888.96,BTC-27DEC19,1573642743422,open,0.0,447.1,0.0005,0.0105,1.721e-05,100.0,0.0005,0.0,BTC-27DEC19-32000-C,8789.02,0.0,0.0,0.0,0.001,35.0,137.83,0.02497,-0.02845,0.00211,0.0,0.00021
8888.96,BTC-27DEC19,1573642743422,open,3.08,1.3,2.971,3.1325,3.0499946,111.3,2.2,0.0,BTC-27DEC19-36000-P,8789.02,0.0,0.0,0.0,0.0,0.0,0.0,0.03407,-0.04321,-43.27174,0.0,-0.9997
8888.96,BTC-27DEC19,1573642743422,open,0.0,604.5,0.0005,0.0105,5.58e-06,100.0,0.0005,0.0,BTC-27DEC19-2500-P,8789.02,0.0,0.0,0.0,0.0005,26.5,145.53,0.00796,-0.00907,-0.00074,0.0,-6e-05
9073.41,BTC-27MAR20,1573642743422,open,0.01,117.2,0.0005,0.023,0.00819054,97.06,0.0085,0.0,BTC-27MAR20-30000-C,8789.02,95.75,0.0075,16.0,0.009,7.5,98.51,4.91228,-1.76755,1.12213,2e-05,0.04166
8888.96,BTC-27DEC19,1573642743422,open,0.01,1249.6,0.0005,0.016,0.00608399,75.06,0.007,0.0,BTC-27DEC19-6000-P,8789.02,73.4,0.0055,10.0,0.006,10.3,74.83,3.20198,-2.73904,-0.60422,4e-05,-0.05046
8888.96,BTC-27DEC19,1573642743422,open,0.0,1547.6,0.0005,0.012,0.0024509,87.12,0.0025,0.0,BTC-27DEC19-5000-P,8789.02,84.25,0.002,22.0,0.003,16.0,90.21,1.4856,-1.47491,-0.23878,2e-05,-0.0199
8888.96,BTC-27DEC19,1573642743423,open,0.0,695.7,0.0005,0.0105,4.22e-06,100.0,0.0005,0.0,BTC-27DEC19-36000-C,8789.02,0.0,0.0,0.0,0.001,35.7,148.33,0.00713,-0.00812,0.00056,0.0,6e-05
8888.96,BTC-27DEC19,1573642743423,open,0.59,268.3,0.546,0.62,0.58106451,77.03,0.7205,0.0,BTC-27DEC19-14000-P,8789.02,0.0,0.0,0.0,0.0,0.0,0.0,3.60042,-3.16064,-16.26858,5e-05,-0.94147
8888.96,BTC-27DEC19,1573642743423,open,0.08,519.8,0.051,0.1065,0.079541,61.65,0.0796,0.0,BTC-27DEC19-9000-C,8789.02,60.54,0.078,2.0,0.0795,12.0,61.62,12.28032,-8.62769,4.7006,0.00021,0.51946
9073.41,BTC-27MAR20,1573642743423,open,0.01,113.7,0.001,0.028,0.01091059,92.42,0.01,0.0,BTC-27MAR20-26000-C,8789.02,91.05,0.01,16.0,0.0125,48.1,94.66,6.18693,-2.1197,1.49779,2e-05,0.05558
9073.41,BTC-27MAR20,1573642743423,open,0.01,57.8,0.0005,0.0205,0.00688853,98.43,0.0075,0.0,BTC-27MAR20-32000-C,8789.02,97.59,0.0065,16.0,0.008,18.7,100.66,4.29728,-1.56802,0.95442,1e-05,0.03535
8888.96,BTC-27DEC19,1573642743423,open,0.0,483.6,0.0005,0.0105,0.00023663,100.0,0.0005,0.0,BTC-27DEC19-3500-P,8789.02,108.51,0.0005,0.2,0.001,14.9,118.24,0.2049,-0.23351,-0.02505,0.0,-0.00211
8888.96,BTC-27DEC19,1573642743423,open,0.0,901.9,0.0005,0.014,0.00407488,79.93,0.0045,0.0,BTC-27DEC19-15000-C,8789.02,77.92,0.0035,77.5,0.0045,0.5,81.31,2.66153,-2.42441,0.38501,4e-05,0.04011
9073.41,BTC-27MAR20,1573642743423,open,0.0,109.8,0.0005,0.0155,0.00469921,100.0,0.0055,0.0,BTC-27MAR20-36000-C,8789.02,100.83,0.005,2.5,0.006,11.0,103.39,3.20299,-1.18738,0.67427,1e-05,0.02481
8888.96,BTC-27DEC19,1573642743423,open,0.14,506.6,0.1125,0.168,0.14135653,62.44,0.165,0.0,BTC-27DEC19-8000-C,8789.02,60.83,0.1395,2.0,0.1415,12.7,62.57,10.3006,-7.32964,6.22633,0.00017,0.72406
8888.96,BTC-27DEC19,1573642743424,open,0.44,66.8,0.4265,0.4545,0.43995224,87.1,0.4645,0.0,BTC-27DEC19-5000-C,8789.02,0.0,0.429,10.0,0.451,10.0,124.45,1.48444,-1.47343,5.77182,2e-05,0.98012
8888.96,BTC-27DEC19,1573642743424,open,0.0,812.1,0.0005,0.0105,0.0008336,100.0,0.001,0.0,BTC-27DEC19-4000-P,8789.02,102.43,0.001,10.5,0.0015,30.0,108.38,0.57278,-0.65273,-0.0798,1e-05,-0.00663
9073.41,BTC-27MAR20,1573642743424,open,0.02,455.5,0.0055,0.0425,0.01992373,84.46,0.019,0.0,BTC-27MAR20-20000-C,8789.02,83.58,0.019,7.5,0.0205,0.2,85.0,9.66547,-3.02636,2.67805,4e-05,0.0998
8888.96,BTC-27DEC19,1573642743425,open,0.0,475.3,0.0005,0.013,0.00330871,84.72,0.004,0.0,BTC-27DEC19-16000-C,8789.02,81.17,0.0025,72.0,0.004,30.0,87.35,2.20391,-2.12782,0.30506,3e-05,0.03186
8888.96,BTC-27DEC19,1573642743425,open,0.48,99.0,0.4365,0.5085,0.47100014,72.31,0.638,0.0,BTC-27DEC19-13000-P,8789.02,0.0,0.0,0.0,0.0,0.0,0.0,4.67313,-3.85077,-14.84043,7e-05,-0.91788
8888.96,BTC-27DEC19,1573642743425,open,0.49,21.6,0.484,0.507,0.49502185,91.45,0.5285,0.0,BTC-27DEC19-4500-C,8789.02,0.0,0.4855,10.0,0.504,10.0,133.89,0.86206,-0.89841,5.28284,1e-05,0.98943
8888.96,BTC-27DEC19,1573642743425,open,1.94,0.0,1.868,1.9855,1.92515194,100.82,None,0.0,BTC-27DEC19-26000-P,8789.02,0.0,0.0,0.0,0.0,0.0,0.0,0.18572,-0.21337,-31.23558,0.0,-0.99811
8888.96,BTC-27DEC19,1573642743426,open,2.4,0.2,2.309,2.444,2.37502753,102.97,2.03,0.0,BTC-27DEC19-30000-P,8789.02,0.0,0.0,0.0,0.0,0.0,0.0,0.06704,-0.07867,-36.05615,0.0,-0.99938
8888.96,BTC-27DEC19,1573642743426,open,0.33,112.4,0.3135,0.3495,0.33108559,75.05,0.385,0.0,BTC-27DEC19-6000-C,8789.02,0.0,0.3145,9.0,0.342,9.0,98.1,3.20096,-2.73779,6.60848,4e-05,0.94956
9073.41,BTC-27MAR20,1573642743426,open,1.46,6.0,1.3825,1.5075,1.44106768,87.88,1.5845,0.0,BTC-27MAR20-22000-P,8789.02,0.0,0.0,0.0,0.0,0.0,0.0,8.36448,-2.725,-79.09095,3e-05,-0.91786
9231.72,SYN.BTC-26JUN20,1573642743421,open,0.19,174.4,0.1445,0.242,0.1956073,72.88,0.196,0.0,BTC-26JUN20-10000-C,8789.02,72.68,0.195,11.7,0.1975,2.0,73.49,28.65999,-4.62334,20.73252,7e-05,0.55851
8825.14,SYN.BTC-29NOV19,1573642743423,open,0.31,0.0,0.278,0.336,0.30568176,71.54,None,0.0,BTC-29NOV19-11500-P,8789.02,0.0,0.01,1.0,0.0,0.0,0.0,1.73138,-3.90092,-4.84075,7e-05,-0.95542
9231.72,SYN.BTC-26JUN20,1573642743423,open,0.41,7.0,0.375,0.441,0.40870007,72.65,0.41,0.0,BTC-26JUN20-6000-C,8789.02,56.36,0.381,7.0,0.434,7.0,86.0,16.8758,-2.71411,25.25418,4e-05,0.85075
9231.72,SYN.BTC-26JUN20,1573642743422,open,0.14,167.7,0.093,0.19,0.14258657,75.23,0.143,0.0,BTC-26JUN20-12000-C,8789.02,74.56,0.1405,2.0,0.145,2.0,76.01,28.65984,-4.77283,17.07525,7e-05,0.44147
9231.72,SYN.BTC-26JUN20,1573642743423,open,0.01,85.9,0.0005,0.015,0.0050352,79.79,0.006,0.0,BTC-26JUN20-3000-P,8789.02,78.18,0.0045,9.9,0.0055,15.0,81.11,3.1633,-0.55871,-1.29668,1e-05,-0.01766
9231.72,SYN.BTC-26JUN20,1573642743421,open,0.02,7.4,0.006,0.05,0.02259823,92.1,0.022,0.0,BTC-26JUN20-32000-C,8789.02,91.22,0.0215,6.5,0.024,20.0,93.2,11.59363,-2.36371,3.73407,2e-05,0.08796
8825.14,SYN.BTC-29NOV19,1573642743423,open,0.01,598.6,0.001,0.03,0.01050456,58.86,0.011,0.0,BTC-29NOV19-10000-C,8789.02,56.92,0.0095,16.0,0.011,8.0,59.8,4.64617,-8.61322,0.60975,0.00023,0.16935
8825.14,SYN.BTC-29NOV19,1573642743422,open,0.0,155.6,0.0005,0.0115,0.0015461,81.84,0.004,0.0,BTC-29NOV19-12500-C,8789.02,76.78,0.001,39.0,0.002,20.0,85.23,1.08797,-2.80441,0.09134,4e-05,0.02534
8825.14,SYN.BTC-29NOV19,1573642743425,open,0.03,403.9,0.022,0.069,0.03688378,54.91,0.035,0.0,BTC-29NOV19-9000-C,8789.02,53.84,0.036,3.0,0.037,14.0,55.05,7.29503,-12.61666,1.6034,0.00039,0.4546
8825.14,SYN.BTC-29NOV19,1573642743422,open,0.01,313.6,0.0005,0.0185,0.00623182,62.89,0.0075,0.0,BTC-29NOV19-7500-P,8789.02,62.24,0.006,1.0,0.007,15.0,65.01,3.12965,-6.19939,-0.39158,0.00015,-0.09578
8825.14,SYN.BTC-29NOV19,1573642743423,open,0.71,0.0,0.6665,0.7365,0.70016389,100.02,None,0.0,BTC-29NOV19-15000-P,8789.02,0.0,0.02,1.0,0.0,0.0,0.0,0.37531,-1.18221,-6.49779,1e-05,-0.99263
8825.14,SYN.BTC-29NOV19,1573642743421,open,0.43,0.0,0.389,0.45,0.41795454,81.85,None,0.0,BTC-29NOV19-12500-P,8789.02,0.0,0.0125,1.0,0.0,0.0,0.0,1.08822,-2.80523,-5.34552,4e-05,-0.97465
9231.72,SYN.BTC-26JUN20,1573642743424,open,1.65,0.0,1.5635,1.717,1.63646886,85.63,None,0.0,BTC-26JUN20-24000-P,8789.02,0.0,0.0,0.0,0.0,0.0,0.0,16.14304,-3.05991,-142.63693,4e-05,-0.86027
8825.14,SYN.BTC-29NOV19,1573642743422,open,0.26,0.3,0.249,0.283,0.26563496,82.1,0.31,0.0,BTC-29NOV19-6500-C,8789.02,0.0,0.252,6.0,0.2785,6.0,130.05,1.2742,-3.29478,2.70127,5e-05,0.96937
9231.72,SYN.BTC-26JUN20,1573642743422,open,0.21,132.2,0.1575,0.26,0.20979308,72.66,0.211,0.0,BTC-26JUN20-9000-P,8789.02,72.73,0.21,2.7,0.2115,2.0,73.23,27.4345,-4.41235,-33.15768,7e-05,-0.3706
9231.72,SYN.BTC-26JUN20,1573642743422,open,0.63,9.5,0.556,0.689,0.62259552,77.0,0.6225,0.0,BTC-26JUN20-14000-P,8789.02,72.45,0.6095,2.0,0.63,5.0,79.52,26.90621,-4.58582,-72.68839,7e-05,-0.64975
8825.14,SYN.BTC-29NOV19,1573642743424,open,0.1,123.3,0.073,0.1315,0.09630196,56.59,0.097,0.0,BTC-29NOV19-9500-P,8789.02,51.85,0.093,4.0,0.097,14.5,57.57,6.25834,-11.15487,-3.11059,0.00033,-0.71407
9231.72,SYN.BTC-26JUN20,1573642743423,open,0.49,0.0,0.4635,0.513,0.48822262,72.8,None,0.0,BTC-26JUN20-5000-C,8789.02,52.54,0.4675,7.0,0.506,7.0,85.93,11.53663,-1.85921,24.24549,3e-05,0.91262
8825.14,SYN.BTC-29NOV19,1573642743422,open,0.0,365.3,0.0005,0.012,0.00201116,77.12,0.0025,0.0,BTC-29NOV19-12000-C,8789.02,73.54,0.0015,15.0,0.0025,30.1,80.05,1.37536,-3.34047,0.12127,5e-05,0.0336
9231.72,SYN.BTC-26JUN20,1573642743421,open,2.51,0.0,2.4055,2.583,2.48891972,92.11,None,0.0,BTC-26JUN20-32000-P,8789.02,0.0,0.0,0.0,0.0,0.0,0.0,11.59686,-2.3646,-194.29271,2e-05,-0.91201
9231.72,SYN.BTC-26JUN20,1573642743422,open,0.03,183.2,0.013,0.05,0.02983535,72.8,0.026,0.0,BTC-26JUN20-5000-P,8789.02,72.54,0.0295,6.9,0.032,12.0,74.52,11.53688,-1.85929,-6.69662,3e-05,-0.08738
9231.72,SYN.BTC-26JUN20,1573642743422,open,0.03,40.2,0.01,0.063,0.03171716,87.25,0.0375,0.0,BTC-26JUN20-26000-C,8789.02,86.79,0.031,6.3,0.034,18.0,88.66,14.69022,-2.83717,5.15297,3e-05,0.12192
8825.14,SYN.BTC-29NOV19,1573642743425,open,0.0,408.4,0.0005,0.0105,0.00047376,100.0,0.0015,0.0,BTC-29NOV19-15000-C,8789.02,100.61,0.0005,71.0,0.001,20.0,109.3,0.37492,-1.18078,0.02644,1e-05,0.00736
9231.72,SYN.BTC-26JUN20,1573642743445,open,0.28,25.0,0.236,0.3255,0.28301992,72.66,0.2805,0.0,BTC-26JUN20-8000-C,8789.02,71.73,0.2805,9.3,0.2845,6.0,73.2,25.09106,-4.0354,24.05798,7e-05,0.70413
8809.2,SYN.BTC-22NOV19,1573642743456,open,0.07,58.5,0.042,0.0945,0.06329331,50.67,0.0645,0.0,BTC-22NOV19-9250-P,8789.02,44.23,0.06,4.0,0.064,2.0,52.0,4.63583,-13.23133,-1.67479,0.00048,-0.71854
187.73,SYN.ETH-15NOV19,1573642743535,open,0.09,231.0,0.067,0.124,0.096152,90.07,0.099,0.0,ETH-15NOV19-170-C,187.63,0.0,0.077,14.0,0.111,14.0,184.81,0.01568,-0.37651,0.00816,0.00961,0.94166
8809.2,SYN.BTC-22NOV19,1573642743670,open,0.09,17.4,0.0765,0.1205,0.09698783,54.3,0.0865,0.0,BTC-22NOV19-8000-C,8789.02,49.16,0.0955,4.0,0.1,4.0,63.16,2.73057,-8.3518,1.67962,0.00027,0.88107
188.48,SYN.ETH-29NOV19,1573642743682,open,0.03,519.0,0.014,0.064,0.028005,57.99,0.035,0.0,ETH-29NOV19-180-P,187.63,53.99,0.025,329.0,0.031,820.0,61.94,0.14228,-0.25985,-0.02931,0.01588,-0.32955
8809.2,SYN.BTC-22NOV19,1573642743672,open,0.03,152.4,0.013,0.057,0.02774937,50.0,0.029,0.0,BTC-22NOV19-8750-P,8789.02,45.55,0.025,15.0,0.028,0.7,50.41,5.4373,-15.31543,-1.02357,0.00058,-0.45008
8793.25,SYN.BTC-15NOV19,1573642743685,open,0.09,0.7,0.072,0.1115,0.09127545,79.01,0.084,0.0,BTC-15NOV19-8000-C,8789.02,88.23,0.092,0.1,0.094,4.0,106.63,0.59525,-12.53623,0.39039,0.00019,0.95521
194.53,SYN.ETH-26JUN20,1573642743811,open,0.37,60.0,0.334,0.418,0.379187,79.78,0.371,0.0,ETH-26JUN20-140-C,187.63,77.88,0.375,10.0,0.384,10.0,81.96,0.42975,-0.0759,0.50535,0.0023,0.79897
194.54,SYN.ETH-26JUN20,1573642743886,open,0.04,108.0,0.015,0.075,0.041835,94.45,0.046,0.0,ETH-26JUN20-560-C,187.63,92.86,0.039,579.0,0.046,440.0,96.71,0.35127,-0.07344,0.12604,0.00159,0.14653
192.86,ETH-27MAR20,1573642743891,open,1.54,0.0,1.425,1.604,1.510888,95.43,None,0.0,ETH-27MAR20-480-P,187.63,0.0,0.003,10.0,0.0,0.0,0.0,0.2057,-0.07277,-1.71817,0.00157,-0.90004
190.01,ETH-27DEC19,1573642743891,open,2.83,0.0,2.679,2.907,2.789296,105.0,None,0.0,ETH-27DEC19-720-P,187.63,0.0,0.003,5.0,0.0,0.0,0.0,0.00062,-0.00074,-0.86544,1e-05,-0.99975
194.54,SYN.ETH-26JUN20,1573642743893,open,0.32,5.0,0.273,0.366,0.323631,79.77,0.275,0.0,ETH-26JUN20-160-C,187.63,78.37,0.32,259.0,0.328,220.0,81.47,0.50213,-0.08867,0.49417,0.00269,0.7341
192.86,ETH-27MAR20,1573642743898,open,0.1,4603.0,0.06,0.135,0.097799,77.35,0.1,0.0,ETH-27MAR20-160-P,187.63,74.42,0.092,279.0,0.099,24.0,77.96,0.38295,-0.10981,-0.25754,0.0036,-0.26358
188.49,SYN.ETH-29NOV19,1573642743900,open,0.72,0.0,0.649,0.752,0.698319,103.05,None,0.0,ETH-29NOV19-320-P,187.63,0.0,0.0,0.0,0.0,0.0,0.0,0.00979,-0.03177,-0.13848,0.00061,-0.99075
188.49,SYN.ETH-29NOV19,1573642743903,open,0.36,0.0,0.344,0.385,0.364581,104.58,None,0.0,ETH-29NOV19-120-C,187.63,0.0,0.363,50.0,0.374,18.0,159.72,0.01459,-0.04804,0.05089,0.0009,0.98535
190.01,ETH-27DEC19,1573642743905,open,0.82,0.0,0.739,0.856,0.794954,91.71,None,0.0,ETH-27DEC19-340-P,187.63,0.0,0.001,5.0,0.0,0.0,0.0,0.06507,-0.068,-0.39916,0.00163,-0.95264
194.54,SYN.ETH-26JUN20,1573642743905,open,0.06,24.0,0.027,0.102,0.062824,89.89,0.076,0.0,ETH-26JUN20-440-C,187.63,88.19,0.059,585.0,0.068,438.0,92.12,0.44311,-0.08817,0.1792,0.0021,0.21167
190.01,ETH-27DEC19,1573642743909,open,0.71,101.0,0.637,0.748,0.690784,87.09,0.513,0.0,ETH-27DEC19-320-P,187.63,0.0,0.007,1.0,0.0,0.0,0.0,0.076,-0.07542,-0.37303,0.00201,-0.9424
194.54,SYN.ETH-26JUN20,1573642743909,open,2.36,0.0,2.208,2.45,2.32456,97.85,None,0.0,ETH-26JUN20-640-P,187.63,0.0,0.0,0.0,0.0,0.0,0.0,0.31077,-0.06731,-3.85487,0.00136,-0.87741
194.54,SYN.ETH-26JUN20,1573642743912,open,1.95,0.0,1.813,2.035,1.920527,94.53,None,0.0,ETH-26JUN20-560-P,187.63,0.0,0.0,0.0,0.0,0.0,0.0,0.35185,-0.07363,-3.3392,0.00159,-0.85311
190.01,ETH-27DEC19,1573642743984,open,1.03,0.0,0.943,1.071,1.003969,99.81,None,0.0,ETH-27DEC19-380-P,187.63,0.0,0.001,5.0,0.0,0.0,0.0,0.04926,-0.05603,-0.45004,0.00114,-0.96637
192.86,ETH-27MAR20,1573642744006,open,0.49,0.0,0.474,0.521,0.497793,83.25,None,0.0,ETH-27MAR20-100-C,187.63,44.8,0.482,24.0,0.51,23.0,98.06,0.14051,-0.04336,0.31481,0.00123,0.93953
194.54,SYN.ETH-26JUN20,1573642744009,open,1.55,0.0,1.423,1.625,1.521829,91.65,None,0.0,ETH-26JUN20-480-P,187.63,0.0,0.0,0.0,0.0,0.0,0.0,0.4101,-0.0832,-2.81192,0.00191,-0.81384
194.54,SYN.ETH-26JUN20,1573642744031,open,1.75,0.0,1.617,1.829,1.720216,92.99,None,0.0,ETH-26JUN20-520-P,187.63,0.0,0.0,0.0,0.0,0.0,0.0,0.37834,-0.07788,-3.07749,0.00174,-0.83604
192.86,ETH-27MAR20,1573642744042,open,0.54,118.0,0.461,0.596,0.52919,81.86,0.54,0.0,ETH-27MAR20-280-P,187.63,79.89,0.525,10.0,0.543,10.0,88.2,0.41266,-0.12523,-0.87001,0.00367,-0.69161
188.49,SYN.ETH-29NOV19,1573642744044,open,0.15,125.0,0.13,0.187,0.159216,68.13,0.141,0.0,ETH-29NOV19-160-C,187.63,41.1,0.152,320.0,0.18,16.0,109.12,0.07411,-0.15903,0.05988,0.00704,0.8896
190.01,ETH-27DEC19,1573642744046,open,1.13,16.0,1.045,1.179,1.109033,104.83,1.195,0.0,ETH-27DEC19-400-P,187.63,0.0,0.001,8.0,0.0,0.0,0.0,0.04605,-0.05501,-0.47464,0.00101,-0.96901
192.86,ETH-27MAR20,1573642744051,open,0.33,0.0,0.293,0.366,0.332278,77.36,None,0.0,ETH-27MAR20-140-C,187.63,57.63,0.303,23.0,0.358,22.0,92.98,0.30737,-0.08815,0.34775,0.00289,0.82024
194.54,SYN.ETH-26JUN20,1573642744051,open,0.34,0.0,0.264,0.394,0.332131,79.59,None,0.0,ETH-26JUN20-220-P,187.63,34.85,0.193,11.0,0.392,10.0,98.97,0.6064,-0.10684,-0.94591,0.00325,-0.45357
188.49,SYN.ETH-29NOV19,1573642744087,open,0.29,0.0,0.238,0.32,0.277517,73.51,None,0.0,ETH-29NOV19-240-P,187.63,0.0,0.0,0.0,0.6,1.0,500.0,0.05098,-0.11804,-0.09925,0.00449,-0.93308
194.53,SYN.ETH-26JUN20,1573642744179,open,0.27,80.0,0.201,0.321,0.263462,79.58,0.274,0.0,ETH-26JUN20-200-P,187.63,77.12,0.256,10.0,0.268,10.0,81.08,0.58886,-0.10373,-0.79156,0.00316,-0.39407
190.01,ETH-27DEC19,1573642744191,open,0.37,2.0,0.351,0.395,0.373477,82.04,0.346,0.0,ETH-27DEC19-120-C,187.63,0.0,0.368,51.0,0.387,19.0,113.6,0.05604,-0.05239,0.13411,0.00157,0.96063
8793.25,SYN.BTC-15NOV19,1573642744273,open,0.02,316.0,0.001,0.0345,0.01194441,50.02,0.012,0.0,BTC-15NOV19-8750-P,8789.02,41.35,0.0095,27.4,0.012,0.4,50.22,2.48455,-33.12839,-0.20343,0.00125,-0.43824
192.86,ETH-27MAR20,1573642744282,open,0.03,1180.0,0.014,0.054,0.032373,79.58,0.065,0.0,ETH-27MAR20-120-P,187.63,76.59,0.029,320.0,0.035,798.0,81.84,0.22149,-0.06535,-0.10198,0.00202,-0.11073
190.01,ETH-27DEC19,1573642744282,open,0.0,12762.0,0.001,0.011,3.9e-05,105.0,0.001,0.0,ETH-27DEC19-680-C,187.63,0.0,0.0,0.0,0.001,500.0,137.3,0.00106,-0.00127,9e-05,2e-05,0.00045
188.49,SYN.ETH-29NOV19,1573642744282,open,0.01,2284.0,0.001,0.027,0.009028,64.5,0.011,0.0,ETH-29NOV19-220-C,187.63,59.9,0.007,800.0,0.011,500.0,68.59,0.08735,-0.17745,0.01071,0.00876,0.13966
190.01,ETH-27DEC19,1573642744321,open,0.01,1517.0,0.002,0.026,0.011786,79.14,0.012,0.0,ETH-27DEC19-280-C,187.63,77.83,0.011,15.0,0.012,521.0,79.48,0.11645,-0.10502,0.02038,0.00339,0.10099
194.54,SYN.ETH-26JUN20,1573642744331,open,0.1,330.0,0.06,0.136,0.098861,79.79,0.096,0.0,ETH-26JUN20-140-P,187.63,77.13,0.093,484.0,0.102,210.0,81.21,0.42975,-0.0759,-0.36102,0.0023,-0.20101
190.01,ETH-27DEC19,1573642744339,open,0.0,6174.0,0.001,0.011,2.1e-05,105.0,0.001,0.0,ETH-27DEC19-720-C,187.63,0.0,0.0,0.0,0.001,500.0,142.42,0.00062,-0.00074,5e-05,1e-05,0.00025
188.49,SYN.ETH-29NOV19,1573642744339,open,0.0,2217.0,0.001,0.012,0.002647,83.27,0.004,0.0,ETH-29NOV19-140-P,187.63,79.03,0.002,3.0,0.003,501.0,85.34,0.03107,-0.08147,-0.00317,0.00241,-0.03597
188.49,SYN.ETH-29NOV19,1573642744344,open,0.0,421.0,0.001,0.011,0.001037,98.28,0.004,0.0,ETH-29NOV19-300-C,187.63,0.0,0.0,0.0,0.002,501.0,107.82,0.01506,-0.0466,0.00116,0.00099,0.0152
190.01,ETH-27DEC19,1573642744351,open,0.01,6057.0,0.001,0.015,0.005025,82.04,0.007,0.0,ETH-27DEC19-120-P,187.63,74.2,0.003,1205.0,0.006,500.0,85.19,0.05606,-0.05241,-0.01014,0.00157,-0.03938
192.86,ETH-27MAR20,1573642744351,open,0.03,964.0,0.008,0.051,0.025978,92.41,0.022,0.0,ETH-27MAR20-440-C,187.63,89.85,0.023,265.0,0.027,500.0,93.26,0.23112,-0.07918,0.06525,0.00182,0.11754
192.86,ETH-27MAR20,1573642744351,open,0.01,886.0,0.004,0.034,0.015017,98.78,0.028,0.0,ETH-27MAR20-560-C,187.63,96.21,0.013,344.0,0.016,720.0,99.96,0.15758,-0.0577,0.03925,0.00116,0.0701
188.49,SYN.ETH-29NOV19,1573642744370,open,0.1,91.0,0.059,0.131,0.086923,59.12,0.101,0.0,ETH-29NOV19-200-P,187.63,52.57,0.082,10.0,0.095,10.0,69.54,0.14365,-0.26749,-0.06143,0.01572,-0.66239
190.01,ETH-27DEC19,1573642744396,open,0.0,9372.0,0.001,0.011,0.000262,105.0,0.003,0.0,ETH-27DEC19-560-C,187.63,119.57,0.001,2000.0,0.002,500.0,129.43,0.00541,-0.00647,0.00055,0.00012,0.00266
190.01,ETH-27DEC19,1573642744405,open,0.0,13024.0,0.001,0.011,0.000507,105.0,0.002,0.0,ETH-27DEC19-520-C,187.63,112.66,0.001,500.0,0.002,500.0,122.12,0.00934,-0.01118,0.001,0.0002,0.00489
192.86,ETH-27MAR20,1573642744410,open,0.02,1451.0,0.006,0.045,0.022036,95.43,0.024,0.0,ETH-27MAR20-480-C,187.63,93.47,0.02,1.0,0.022,500.0,95.4,0.2057,-0.07277,0.05554,0.00157,0.09996
192.86,ETH-27MAR20,1573642744421,open,0.37,125.0,0.293,0.417,0.356884,79.23,0.37,0.0,ETH-27MAR20-240-P,187.63,76.31,0.35,10.0,0.382,10.0,89.74,0.45719,-0.13428,-0.67084,0.0042,-0.58443
8888.97,BTC-27DEC19,1573642744428,open,0.1,914.5,0.0615,0.1225,0.09203751,61.65,0.0944,0.0,BTC-27DEC19-9000-P,8788.94,60.54,0.0905,2.0,0.092,11.9,61.63,12.28032,-8.62822,-6.11805,0.00021,-0.48054
8888.97,BTC-27DEC19,1573642744428,open,0.27,66.1,0.2575,0.2985,0.27796955,69.22,0.355,0.0,BTC-27DEC19-6500-C,8788.94,0.0,0.2585,8.0,0.2945,8.0,95.25,4.45903,-3.51732,6.89029,7e-05,0.92281
9073.42,BTC-27MAR20,1573642744428,open,1.02,0.0,0.9555,1.07,1.00996548,81.61,1.23,0.0,BTC-27MAR20-18000-P,8788.94,0.0,0.001,10.0,0.0,0.0,0.0,11.58382,-3.50452,-63.07737,5e-05,-0.87135
8888.97,BTC-27DEC19,1573642744428,open,3.98,0.0,3.853,4.051,3.9499607,114.95,3.46,0.0,BTC-27DEC19-44000-P,8788.94,0.0,0.001,1.0,0.0,0.0,0.0,0.00854,-0.01118,-52.89058,0.0,-0.99993
9073.42,BTC-27MAR20,1573642744428,open,0.0,618.2,0.0005,0.0125,0.00295619,100.0,0.0045,0.0,BTC-27MAR20-40000-C,8788.94,102.07,0.0035,40.7,0.005,16.0,106.82,2.24525,-0.83234,0.44798,1e-05,0.01632
8888.97,BTC-27DEC19,1573642744428,open,0.0,410.1,0.0005,0.0135,0.00394041,81.09,0.004,0.0,BTC-27DEC19-5500-P,8788.94,79.27,0.0035,5.0,0.004,11.0,81.32,2.22847,-2.0592,-0.38711,3e-05,-0.03229
8888.97,BTC-27DEC19,1573642744428,open,0.0,449.3,0.0005,0.0105,3e-07,100.0,0.0005,0.0,BTC-27DEC19-44000-C,8788.94,0.0,0.0,0.0,0.0005,15.0,155.51,0.00065,-0.00074,4e-05,0.0,0.0
8888.97,BTC-27DEC19,1573642744428,open,0.02,314.0,0.005,0.0305,0.01547297,65.99,0.017,0.0,BTC-27DEC19-7000-P,8788.94,64.6,0.0145,16.0,0.016,13.1,66.73,6.28397,-4.72544,-1.4829,0.0001,-0.12331
9073.42,BTC-27MAR20,1573642744428,open,0.24,157.1,0.186,0.283,0.23548833,71.16,0.2445,0.0,BTC-27MAR20-10000-P,8788.94,70.13,0.233,2.0,0.2375,2.0,71.99,22.0032,-5.80431,-24.7735,0.0001,-0.50339
8888.97,BTC-27DEC19,1573642744428,open,0.01,971.2,0.0005,0.0165,0.00606853,77.01,0.0055,0.0,BTC-27DEC19-14000-C,8788.94,74.23,0.005,53.0,0.007,58.0,79.22,3.59758,-3.15728,0.55991,5e-05,0.05847
9073.42,BTC-27MAR20,1573642744428,open,3.44,1.0,3.3225,3.508,3.41146146,100.1,2.7125,0.0,BTC-27MAR20-40000-P,8788.94,0.0,0.0005,2.0,0.0,0.0,0.0,2.25812,-0.83793,-147.35814,1e-05,-0.98357
9073.42,BTC-27MAR20,1573642744428,open,0.81,1.1,0.745,0.8565,0.79869824,78.25,1.08,0.0,BTC-27MAR20-16000-P,8788.94,0.0,0.0005,1.0,0.0,0.0,0.0,13.95024,-4.04664,-54.61207,6e-05,-0.83014
9073.42,BTC-27MAR20,1573642744428,open,0.17,42.5,0.12,0.208,0.16465945,70.37,0.1625,0.0,BTC-27MAR20-9000-P,8788.94,69.67,0.163,2.0,0.1655,8.0,70.73,21.41536,-5.58656,-19.19794,0.0001,-0.40793
8888.97,BTC-27DEC19,1573642744428,open,0.83,12.1,0.8215,0.841,0.83125059,0.0,0.8415,0.0,BTC-27DEC19-1500-C,8788.94,0.0,0.823,1.0,0.8395,1.0,311.36,0.0,0.0,1.80311,0.0,1.0
9073.42,BTC-27MAR20,1573642744428,open,0.02,198.2,0.0045,0.028,0.01408029,73.88,0.015,0.0,BTC-27MAR20-5000-P,8788.94,72.37,0.013,17.8,0.016,39.0,76.44,6.60407,-1.80868,-2.497,3e-05,-0.06039
9073.42,BTC-27MAR20,1573642744429,open,2.78,0.0,2.675,2.84,2.75313061,99.86,None,0.0,BTC-27MAR20-34000-P,8788.94,0.0,0.0,0.0,0.0,0.0,0.0,3.81111,-1.41088,-124.81148,1e-05,-0.96944
9073.42,BTC-27MAR20,1573642744429,open,0.08,1070.6,0.046,0.12,0.08237124,73.67,0.081,0.0,BTC-27MAR20-12000-C,8788.94,72.84,0.0805,2.0,0.084,2.0,74.4,20.30991,-5.54703,8.78781,9e-05,0.34447
8888.89,BTC-27DEC19,1573642744429,open,1.72,0.0,1.6475,1.757,1.70032216,99.41,None,0.0,BTC-27DEC19-24000-P,8788.94,0.0,0.0,0.0,0.0,0.0,0.0,0.31308,-0.35468,-28.81721,0.0,-0.99663
9073.42,BTC-27MAR20,1573642744429,open,1.24,5.2,1.168,1.287,1.22416724,84.46,1.108,0.0,BTC-27MAR20-20000-P,8788.94,0.0,0.0,0.0,0.0,0.0,0.0,9.66623,-3.0267,-71.22618,4e-05,-0.90019
8888.89,BTC-27DEC19,1573642744429,open,0.0,617.3,0.0005,0.0105,0.00015889,100.0,0.0005,0.0,BTC-27DEC19-26000-C,8788.94,110.75,0.0005,0.3,0.001,14.8,118.87,0.17192,-0.19592,0.01687,0.0,0.00174
8888.89,BTC-27DEC19,1573642744429,open,0.17,525.0,0.134,0.2035,0.16905088,63.87,0.192,0.0,BTC-27DEC19-10000-P,8788.94,62.64,0.1675,2.0,0.1705,2.0,65.01,11.25147,-8.18968,-8.89242,0.00019,-0.66318
8888.89,BTC-27DEC19,1573642744429,open,0.0,685.2,0.0005,0.0105,0.00034374,100.0,0.001,0.0,BTC-27DEC19-24000-C,8788.94,103.65,0.0005,40.5,0.0015,30.0,116.65,0.32866,-0.37454,0.03434,0.0,0.00356
8888.89,BTC-27DEC19,1573642744430,open,4.89,0.8,4.7355,4.969,4.84997955,0.0,3.59,0.0,BTC-27DEC19-52000-P,8788.94,0.0,0.001,1.0,0.0,0.0,0.0,0.0,0.0,-62.50784,0.0,-1.0
9073.42,BTC-27MAR20,1573642744430,open,0.03,261.8,0.0085,0.0515,0.02613865,81.6,0.0245,0.0,BTC-27MAR20-18000-C,8788.94,80.7,0.025,8.4,0.027,14.2,82.27,11.58168,-3.50352,3.43588,5e-05,0.12862
8888.89,BTC-27DEC19,1573642744430,open,0.0,868.9,0.0005,0.0105,4.714e-05,100.0,0.0005,0.0,BTC-27DEC19-3000-P,8788.94,0.0,0.0,0.0,0.001,43.3,136.53,0.05201,-0.05926,-0.00556,0.0,-0.00047
9073.34,BTC-27MAR20,1573642744431,open,0.22,255.7,0.1845,0.262,0.22528131,70.39,0.2195,0.0,BTC-27MAR20-8000-C,8788.94,69.56,0.2235,2.0,0.227,9.0,71.2,19.33845,-5.04655,15.7264,9e-05,0.69433
8809.24,SYN.BTC-22NOV19,1573642744428,open,0.02,112.2,0.009,0.0485,0.02181774,50.05,0.0205,0.0,BTC-22NOV19-9000-C,8788.94,46.21,0.0195,21.0,0.023,23.2,52.0,5.33047,-15.03029,0.82497,0.00056,0.40693
8793.29,SYN.BTC-15NOV19,1573642744428,open,0.06,43.6,0.043,0.0845,0.06388505,67.9,0.0585,0.0,BTC-15NOV19-8250-C,8788.94,68.87,0.064,0.1,0.066,4.0,83.24,1.03221,-18.68394,0.38188,0.00038,0.90898
9073.34,BTC-27MAR20,1573642744432,open,0.03,490.2,0.0135,0.052,0.03090463,70.77,0.0345,0.0,BTC-27MAR20-6000-P,8788.94,70.02,0.03,9.7,0.033,21.1,72.48,11.01416,-2.88962,-5.04964,5e-05,-0.1197
8793.29,SYN.BTC-15NOV19,1573642744428,open,0.15,3.1,0.115,0.1645,0.13822638,98.11,0.13,0.0,BTC-15NOV19-10000-P,8788.94,0.0,0.0,0.0,0.2025,0.1,400.41,0.50372,-13.17392,-0.49786,0.00013,-0.96353
8793.29,SYN.BTC-15NOV19,1573642744428,open,0.01,92.5,0.0025,0.0395,0.01686322,50.01,0.0155,0.0,BTC-15NOV19-8750-C,8788.94,45.18,0.0155,0.4,0.018,17.0,54.03,2.4845,-33.12193,0.24626,0.00125,0.56182
9231.77,SYN.BTC-26JUN20,1573642744429,open,1.03,0.0,0.945,1.085,1.01303173,80.08,None,0.0,BTC-26JUN20-18000-P,8788.94,0.0,0.09,1.0,1.35,1.0,192.91,21.95252,-3.89153,-101.96925,5e-05,-0.77184
9231.77,SYN.BTC-26JUN20,1573642744428,open,0.01,201.1,0.003,0.0255,0.01296366,74.56,0.013,0.0,BTC-26JUN20-4000-P,8788.94,74.61,0.013,7.1,0.0145,14.0,76.65,6.60924,-1.0908,-3.18498,2e-05,-0.04279
8793.29,SYN.BTC-15NOV19,1573642744428,open,0.2,0.0,0.171,0.22,0.19426715,100.37,None,0.0,BTC-15NOV19-10500-P,8788.94,0.0,0.0,0.0,0.0,0.0,0.0,0.13148,-3.5177,-0.53625,3e-05,-0.99244
8793.29,SYN.BTC-15NOV19,1573642744428,open,0.0,236.8,0.0005,0.0105,0.00016973,100.0,0.0005,0.0,BTC-15NOV19-10500-C,8788.94,0.0,0.0,0.0,0.0005,17.0,114.86,0.12854,-1.49244,0.00325,3e-05,0.00737
8793.29,SYN.BTC-15NOV19,1573642744428,open,0.11,4.1,0.101,0.1385,0.11928126,91.46,0.1,0.0,BTC-15NOV19-7750-C,8788.94,0.0,0.1045,4.0,0.13,4.0,185.11,0.36898,-8.99528,0.38666,0.0001,0.97495
9231.77,SYN.BTC-26JUN20,1573642744430,open,0.02,74.0,0.007,0.053,0.02491717,90.48,0.024,0.0,BTC-26JUN20-30000-C,8788.94,89.8,0.024,5.9,0.027,14.0,92.0,12.44822,-2.49333,4.10845,3e-05,0.09683
8825.19,SYN.BTC-29NOV19,1573642744428,open,0.06,282.0,0.038,0.0925,0.05669732,54.92,0.0585,0.0,BTC-29NOV19-9000-P,8788.94,52.86,0.055,2.0,0.057,14.0,55.28,7.29511,-12.6176,-2.31108,0.00039,-0.54538
8793.29,SYN.BTC-15NOV19,1573642744428,open,0.0,165.3,0.0005,0.0105,5.973e-05,100.0,0.001,0.0,BTC-15NOV19-10750-C,8788.94,0.0,0.0,0.0,0.001,45.0,141.46,0.0547,-0.52522,0.00125,1e-05,0.00283
9231.77,SYN.BTC-26JUN20,1573642744430,open,0.58,0.5,0.5635,0.5975,0.5796749,74.55,0.589,0.0,BTC-26JUN20-4000-C,8788.94,56.38,0.57,8.0,0.5935,8.0,90.76,6.60866,-1.09066,21.56892,2e-05,0.95722
8793.29,SYN.BTC-15NOV19,1573642744428,open,0.14,1.9,0.13,0.1655,0.14737946,99.83,0.181,0.0,BTC-15NOV19-7500-C,8788.94,0.0,0.134,4.0,0.1595,4.0,223.21,0.19613,-5.21926,0.37988,5e-05,0.98805
8793.29,SYN.BTC-15NOV19,1573642744428,open,0.0,329.8,0.0005,0.011,0.00106401,79.01,0.0015,0.0,BTC-15NOV19-8000-P,8788.94,78.05,0.001,2.9,0.0015,38.5,84.85,0.59525,-9.35618,-0.02072,0.00019,-0.04479
8825.19,SYN.BTC-29NOV19,1573642744428,open,0.02,334.6,0.0085,0.0465,0.01983142,56.59,0.0185,0.0,BTC-29NOV19-9500-C,8788.94,54.7,0.0185,28.0,0.0195,1.0,56.12,6.2584,-11.15446,1.02146,0.00033,0.28594
8793.29,SYN.BTC-15NOV19,1573642744428,open,0.0,230.0,0.0005,0.0105,0.00044644,99.89,0.0005,0.0,BTC-15NOV19-10250-C,8788.94,0.0,0.0,0.0,0.001,15.0,113.28,0.27444,-3.92565,0.00777,7e-05,0.01765
8793.29,SYN.BTC-15NOV19,1573642744428,open,0.0,200.3,0.0005,0.0105,1.966e-05,100.0,0.0005,0.0,BTC-15NOV19-11000-C,8788.94,0.0,0.0,0.0,0.001,15.0,154.71,0.0214,-0.17292,0.00045,1e-05,0.00101
8793.29,SYN.BTC-15NOV19,1573642744428,open,0.26,0.0,0.2265,0.277,0.25097887,102.13,None,0.0,BTC-15NOV19-11000-P,8788.94,0.0,0.0155,0.1,0.0,0.0,0.0,0.02617,-0.71238,-0.56472,1e-05,-0.99874
9231.77,SYN.BTC-26JUN20,1573642744431,open,0.06,76.6,0.029,0.1035,0.06323233,80.08,0.068,0.0,BTC-26JUN20-18000-C,8788.94,79.77,0.0625,11.6,0.0655,0.2,81.03,21.95125,-3.89108,9.42077,5e-05,0.22813
8809.24,SYN.BTC-22NOV19,1573642744428,open,0.0,575.1,0.0005,0.0195,0.00517656,54.81,0.0045,0.0,BTC-22NOV19-9750-C,8788.94,52.66,0.0045,0.1,0.0055,0.1,55.8,2.84729,-8.79179,0.25933,0.00028,0.12624
9231.77,SYN.BTC-26JUN20,1573642744430,open,0.45,8.7,0.3785,0.504,0.44245387,75.23,0.4435,0.0,BTC-26JUN20-12000-P,8788.94,72.18,0.433,2.0,0.448,2.0,77.02,28.66012,-4.77301,-57.18495,7e-05,-0.55851
9231.77,SYN.BTC-26JUN20,1573642744430,open,0.05,75.4,0.022,0.0905,0.05256195,82.45,0.0525,0.0,BTC-26JUN20-20000-C,8788.94,81.48,0.0505,7.8,0.054,12.2,83.11,19.8845,-3.6291,8.01149,5e-05,0.1928
8793.29,SYN.BTC-15NOV19,1573642744428,open,0.0,748.2,0.0005,0.0105,0.00099073,98.02,0.0005,0.0,BTC-15NOV19-10000-C,8788.94,87.61,0.0005,5.1,0.001,1.0,98.18,0.50216,-8.71181,0.01597,0.00013,0.03633
8793.29,SYN.BTC-15NOV19,1573642744428,open,0.0,294.3,0.0005,0.014,0.00265429,60.42,0.003,0.0,BTC-15NOV19-9250-C,8788.94,55.74,0.002,1.6,0.003,34.5,62.7,1.30204,-20.97071,0.05556,0.00054,0.12561
8793.29,SYN.BTC-15NOV19,1573642744428,open,0.0,286.6,0.0005,0.0115,0.00167987,73.01,0.0015,0.0,BTC-15NOV19-9500-C,8788.94,65.29,0.001,15.4,0.0015,14.0,71.16,0.87799,-14.7716,0.03242,0.0003,0.07343
8793.29,SYN.BTC-15NOV19,1573642744428,open,0.0,38.5,0.0005,0.0105,7.078e-05,100.0,0.0005,0.0,BTC-15NOV19-7250-P,8788.94,0.0,0.0,0.0,0.001,29.0,141.25,0.0609,-0.62238,-0.00147,2e-05,-0.00319
9231.77,SYN.BTC-26JUN20,1573642744430,open,0.08,77.2,0.042,0.1255,0.08207439,79.02,0.083,0.0,BTC-26JUN20-16000-C,8788.94,78.43,0.0805,2.0,0.084,2.0,79.74,24.57372,-4.29843,11.4804,6e-05,0.28303
8825.19,SYN.BTC-29NOV19,1573642744428,open,0.0,230.3,0.0005,0.0105,0.00095501,96.65,0.0015,0.0,BTC-29NOV19-14000-C,8788.94,89.26,0.0005,43.5,0.0015,34.0,102.77,0.6695,-2.03789,0.05128,2e-05,0.01431
8809.24,SYN.BTC-22NOV19,1573642744428,open,0.01,171.2,0.0005,0.0195,0.00512959,54.3,0.005,0.0,BTC-22NOV19-8000-P,8788.94,52.21,0.0045,2.3,0.0055,4.1,55.48,2.73051,-8.35191,-0.26573,0.00027,-0.11892
9231.77,SYN.BTC-26JUN20,1573642744428,open,0.04,10.5,0.013,0.07,0.03672829,85.62,0.04,0.0,BTC-26JUN20-24000-C,8788.94,85.21,0.036,6.3,0.039,18.0,86.91,16.1415,-3.05944,5.88339,4e-05,0.13971
9231.77,SYN.BTC-26JUN20,1573642744430,open,0.04,24.8,0.016,0.0775,0.04266021,83.62,0.0435,0.0,BTC-26JUN20-22000-C,8788.94,83.28,0.042,7.2,0.045,17.2,84.83,17.72722,-3.2814,6.74893,4e-05,0.16079
8793.29,SYN.BTC-15NOV19,1573642744428,open,0.01,406.8,0.0005,0.0195,0.0039006,53.53,0.004,0.0,BTC-15NOV19-8500-P,8788.94,54.05,0.004,0.4,0.0045,3.9,56.61,1.6724,-23.86351,-0.08455,0.00079,-0.1832
8825.19,SYN.BTC-29NOV19,1573642744429,open,0.03,338.4,0.0155,0.06,0.0288107,54.95,0.0315,0.0,BTC-29NOV19-8500-P,8788.94,53.25,0.0275,5.0,0.0295,14.0,55.84,6.81841,-11.80005,-1.45466,0.00037,-0.35015
9231.77,SYN.BTC-26JUN20,1573642744430,open,2.08,0.0,1.9835,2.148,2.06115511,89.05,None,0.0,BTC-26JUN20-28000-P,8788.94,0.0,0.0,0.0,0.0,0.0,0.0,13.53634,-2.66826,-168.6748,3e-05,-0.89134
8793.29,SYN.BTC-15NOV19,1573642744428,open,0.0,81.3,0.0005,0.0105,6.08e-06,100.0,0.0005,0.0,BTC-15NOV19-11250-C,8788.94,0.0,0.0,0.0,0.001,15.0,167.48,0.00774,-0.05345,0.00015,0.0,0.00034
9231.77,SYN.BTC-26JUN20,1573642744428,open,0.1,145.1,0.061,0.152,0.10608066,76.99,0.104,0.0,BTC-26JUN20-14000-C,8788.94,76.11,0.1035,2.0,0.1085,2.0,77.82,26.9062,-4.5857,13.94885,7e-05,0.35024
8825.19,SYN.BTC-29NOV19,1573642744431,open,0.37,0.0,0.3335,0.393,0.36176273,77.16,None,0.0,BTC-29NOV19-12000-P,8788.94,0.0,0.012,1.0,0.0,0.0,0.0,1.37818,-3.34914,-5.09784,5e-05,-0.96631
8793.29,SYN.BTC-15NOV19,1573642744428,open,0.09,17.7,0.0595,0.1065,0.08205373,73.06,0.086,0.0,BTC-15NOV19-9500-P,8788.94,0.0,0.079,4.0,0.082,0.1,72.52,0.87929,-17.12555,-0.45571,0.0003,-0.92643
9231.77,SYN.BTC-26JUN20,1573642744433,open,1.87,0.0,1.773,1.9315,1.84809458,87.26,None,0.0,BTC-26JUN20-26000-P,8788.94,0.0,0.0,0.0,0.0,0.0,0.0,14.69397,-2.83821,-155.74319,3e-05,-0.87804
8825.19,SYN.BTC-29NOV19,1573642744430,open,0.0,435.2,0.0005,0.0105,0.00096771,87.98,0.001,0.0,BTC-29NOV19-6000-P,8788.94,80.34,0.0005,78.5,0.0015,1.0,94.12,0.66073,-1.83085,-0.05782,2e-05,-0.0141
8793.29,SYN.BTC-15NOV19,1573642744428,open,0.17,0.0,0.159,0.1925,0.17557494,99.44,None,0.0,BTC-15NOV19-7250-C,8788.94,0.0,0.163,4.0,0.1865,4.0,245.36,0.05846,-1.54978,0.37116,1e-05,0.99695
9231.77,SYN.BTC-26JUN20,1573642744430,open,0.23,46.5,0.185,0.28,0.23489197,72.65,0.233,0.0,BTC-26JUN20-9000-C,8788.94,72.19,0.2335,7.4,0.238,8.0,73.7,27.4346,-4.41229,22.53803,7e-05,0.6294
8793.29,SYN.BTC-15NOV19,1573642744428,open,0.29,0.0,0.2545,0.3055,0.27939618,104.98,None,0.0,BTC-15NOV19-11250-P,8788.94,0.0,0.0,0.0,0.0,0.0,0.0,0.01338,-0.37437,-0.57786,0.0,-0.99939
8825.19,SYN.BTC-29NOV19,1573642744430,open,0.2,5.0,0.169,0.2265,0.19580341,62.51,0.15,0.0,BTC-29NOV19-10500-P,8788.94,0.0,0.05,0.2,0.497,0.1,450.6,3.28792,-6.47339,-4.1968,0.00016,-0.89754
9231.77,SYN.BTC-26JUN20,1573642744429,open,0.68,14.5,0.67,0.6915,0.68006855,79.78,0.682,0.0,BTC-26JUN20-3000-C,8788.94,0.0,0.672,1.0,0.69,9.0,100.61,3.16263,-0.55856,17.2688,1e-05,0.98234
8825.19,SYN.BTC-29NOV19,1573642744430,open,0.21,7.4,0.1915,0.2305,0.21070863,73.52,0.25,0.0,BTC-29NOV19-7000-C,8788.94,0.0,0.194,6.0,0.221,6.0,104.31,2.0816,-4.81986,2.81412,8e-05,0.94383
8825.19,SYN.BTC-29NOV19,1573642744428,open,0.01,728.3,0.0035,0.0355,0.01334414,57.64,0.016,0.0,BTC-29NOV19-8000-P,8788.94,56.14,0.0125,16.0,0.014,13.5,58.79,4.99956,-9.07572,-0.78173,0.00026,-0.19031
8793.29,SYN.BTC-15NOV19,1573642744428,open,0.23,0.0,0.199,0.248,0.22258804,100.87,None,0.0,BTC-15NOV19-10750-P,8788.94,0.0,0.0,0.0,0.0,0.0,0.0,0.05853,-1.57389,-0.55108,1e-05,-0.99695
8825.19,SYN.BTC-29NOV19,1573642744431,open,0.0,1094.2,0.0005,0.011,0.00128652,86.98,0.001,0.0,BTC-29NOV19-13000-C,8788.94,83.96,0.001,33.0,0.0015,20.0,88.95,0.90785,-2.48683,0.07353,3e-05,0.02044
190.01,ETH-27DEC19,1573642744440,open,0.11,1126.0,0.084,0.151,0.119316,67.4,0.11,0.0,ETH-27DEC19-180-C,187.63,64.08,0.115,252.0,0.119,500.0,67.16,0.24734,-0.18999,0.11807,0.00846,0.63624
194.54,SYN.ETH-26JUN20,1573642744447,open,0.06,24.0,0.027,0.102,0.062824,89.89,0.076,0.0,ETH-26JUN20-440-C,187.63,88.19,0.059,579.0,0.068,438.0,92.12,0.44311,-0.08817,0.1792,0.0021,0.21167
190.01,ETH-27DEC19,1573642744452,open,0.11,1126.0,0.084,0.151,0.119316,67.4,0.11,0.0,ETH-27DEC19-180-C,187.63,64.08,0.115,10.0,0.119,500.0,67.16,0.24734,-0.18999,0.11807,0.00846,0.63624
194.54,SYN.ETH-26JUN20,1573642744449,open,0.04,108.0,0.015,0.075,0.041835,94.45,0.046,0.0,ETH-26JUN20-560-C,187.63,92.86,0.039,575.0,0.046,440.0,96.71,0.35127,-0.07344,0.12604,0.00159,0.14653
190.01,ETH-27DEC19,1573642744453,open,0.11,1126.0,0.084,0.151,0.119316,67.4,0.11,0.0,ETH-27DEC19-180-C,187.63,64.08,0.115,252.0,0.119,500.0,67.16,0.24734,-0.18999,0.11807,0.00846,0.63624
192.86,ETH-27MAR20,1573642744464,open,0.01,5417.0,0.003,0.033,0.014132,102.26,0.015,0.0,ETH-27MAR20-600-C,187.63,99.36,0.012,95.0,0.014,489.0,102.09,0.14845,-0.05628,0.03617,0.00106,0.06489
190.01,ETH-27DEC19,1573642744471,open,0.5,310.0,0.436,0.538,0.485397,79.14,0.49,0.0,ETH-27DEC19-280-P,187.61,0.0,0.001,8.0,1.011,1.0,500.0,0.11647,-0.10505,-0.3162,0.00339,-0.89898
189.99,ETH-27DEC19,1573642744472,open,0.07,10572.0,0.04,0.101,0.07145,67.43,0.068,0.0,ETH-27DEC19-200-C,187.61,64.92,0.068,266.0,0.071,500.0,67.11,0.26141,-0.20088,0.08853,0.00893,0.45909
192.84,ETH-27MAR20,1573642744473,open,0.07,1664.0,0.04,0.114,0.077297,81.84,0.072,0.0,ETH-27MAR20-280-C,187.61,79.82,0.073,270.0,0.079,500.0,82.64,0.41253,-0.12516,0.16457,0.00367,0.30824
188.11,SYN.ETH-22NOV19,1573642744471,open,0.01,137.0,0.001,0.019,0.005864,60.15,0.011,0.0,ETH-22NOV19-210-C,187.61,54.05,0.004,802.0,0.007,1.0,63.47,0.06204,-0.2102,0.00568,0.01199,0.12995
188.11,SYN.ETH-22NOV19,1573642744471,open,0.0,17.0,0.001,0.012,0.002713,64.09,0.01,0.0,ETH-22NOV19-220-C,187.61,60.17,0.002,500.0,0.005,813.0,73.92,0.03704,-0.13374,0.00283,0.00672,0.06466
188.11,SYN.ETH-22NOV19,1573642744472,open,0.09,131.0,0.073,0.13,0.102931,61.0,0.09,0.0,ETH-22NOV19-170-C,187.61,0.0,0.096,50.0,0.0,0.0,0.0,0.06307,-0.21673,0.03495,0.01202,0.8669
188.11,SYN.ETH-22NOV19,1573642744471,open,0.13,0.0,0.087,0.158,0.122223,60.15,None,0.0,ETH-22NOV19-210-P,187.61,0.0,0.116,30.0,0.26,1.0,301.33,0.06204,-0.2102,-0.04539,0.01199,-0.87005
188.49,SYN.ETH-29NOV19,1573642744471,open,0.0,1027.0,0.001,0.011,0.001249,105.01,0.001,0.0,ETH-29NOV19-120-P,187.61,101.62,0.001,155.0,0.002,501.0,113.17,0.01484,-0.04909,-0.00133,0.00091,-0.01495
188.11,SYN.ETH-22NOV19,1573642744471,open,0.03,169.0,0.01,0.057,0.030128,55.87,0.026,0.0,ETH-22NOV19-190-C,187.61,49.21,0.026,301.0,0.03,10.0,55.66,0.11673,-0.36737,0.0202,0.02428,0.47166
187.73,SYN.ETH-15NOV19,1573642744471,open,0.03,404.0,0.002,0.052,0.022638,55.16,0.033,0.0,ETH-15NOV19-190-P,187.61,30.06,0.016,165.0,0.023,500.0,56.48,0.05157,-0.75828,-0.00612,0.05162,-0.61177
187.73,SYN.ETH-15NOV19,1573642744471,open,0.0,900.0,0.001,0.011,1e-06,105.0,0.001,0.0,ETH-15NOV19-140-P,187.61,0.0,0.0,0.0,0.001,501.0,202.38,2e-05,-0.00014,0.0,1e-05,-4e-05
188.11,SYN.ETH-22NOV19,1573642744471,open,0.05,170.0,0.032,0.09,0.059829,55.9,0.051,0.0,ETH-22NOV19-180-C,187.61,50.54,0.057,30.0,0.062,500.0,59.92,0.10064,-0.31691,0.02968,0.02092,0.70858
194.54,SYN.ETH-26JUN20,1573642744471,open,0.52,0.0,0.491,0.547,0.520452,81.52,None,0.0,ETH-26JUN20-100-C,187.61,49.7,0.491,1.0,0.0,0.0,0.0,0.24268,-0.04379,0.47238,0.00127,0.91283
188.11,SYN.ETH-22NOV19,1573642744472,open,0.2,0.0,0.179,0.229,0.204367,82.12,None,0.0,ETH-22NOV19-150-C,187.61,0.0,0.202,1.0,0.385,1.0,500.0,0.02185,-0.1011,0.03486,0.00309,0.96652
188.11,SYN.ETH-22NOV19,1573642744471,open,0.01,3.0,0.001,0.02,0.006651,61.0,0.007,0.0,ETH-22NOV19-170-P,187.61,55.81,0.005,1.0,0.008,799.0,64.89,0.06307,-0.21673,-0.00639,0.01202,-0.1331
188.11,SYN.ETH-22NOV19,1573642744471,open,0.01,460.0,0.002,0.034,0.012769,55.9,0.015,0.0,ETH-22NOV19-200-C,187.61,48.06,0.009,289.0,0.014,50.0,58.33,0.09415,-0.29649,0.01107,0.01958,0.2548
188.11,SYN.ETH-22NOV19,1573642744471,open,0.14,0.0,0.125,0.179,0.152846,71.74,None,0.0,ETH-22NOV19-160-C,187.61,0.0,0.149,31.0,0.362,1.0,500.0,0.03783,-0.15289,0.03571,0.00613,0.93356
187.73,SYN.ETH-15NOV19,1573642744471,open,0.0,820.0,0.001,0.011,0.001076,89.06,0.001,0.0,ETH-15NOV19-210-C,187.61,0.0,0.0,0.0,0.002,547.0,100.91,0.01215,-0.20207,0.0004,0.00753,0.04237
188.49,SYN.ETH-29NOV19,1573642744471,open,0.0,1522.0,0.001,0.012,0.002589,83.53,0.001,0.0,ETH-29NOV19-260-C,187.61,71.87,0.001,746.0,0.003,500.0,85.75,0.03337,-0.08779,0.00301,0.00259,0.03927
188.11,SYN.ETH-22NOV19,1573642744472,open,0.19,0.0,0.137,0.21,0.172233,64.09,None,0.0,ETH-22NOV19-220-P,187.61,0.0,0.001,5.0,0.328,1.0,351.07,0.03704,-0.13374,-0.05066,0.00672,-0.93534
194.54,SYN.ETH-26JUN20,1573642744471,open,0.05,41.0,0.018,0.082,0.047145,92.92,0.052,0.0,ETH-26JUN20-520-C,187.61,91.8,0.045,140.0,0.052,440.0,95.36,0.37785,-0.07772,0.14024,0.00174,0.16363
188.11,SYN.ETH-22NOV19,1573642744493,open,0.24,0.0,0.188,0.265,0.225305,77.27,None,0.0,ETH-22NOV19-230-P,187.61,0.0,0.001,5.0,0.397,1.0,400.03,0.03211,-0.13976,-0.05358,0.00483,-0.94611
192.84,ETH-27MAR20,1573642744508,open,0.29,20.0,0.218,0.333,0.277746,77.66,0.272,0.0,ETH-27MAR20-220-P,187.61,75.29,0.272,10.0,0.282,388.0,79.42,0.46722,-0.13452,-0.56645,0.00438,-0.51717
187.73,SYN.ETH-15NOV19,1573642744510,open,0.19,0.0,0.177,0.224,0.201015,105.0,None,0.0,ETH-15NOV19-150-C,187.61,0.0,0.0,0.0,0.21,1.0,258.1,0.00056,-0.01579,0.0077,0.0003,0.99873
194.54,SYN.ETH-26JUN20,1573642744514,open,0.03,74.0,0.011,0.066,0.034626,97.74,0.039,0.0,ETH-26JUN20-640-C,187.61,95.4,0.031,595.0,0.038,140.0,99.81,0.31001,-0.06707,0.10538,0.00135,0.12216
194.54,SYN.ETH-26JUN20,1573642744523,open,0.23,388.0,0.179,0.282,0.235357,79.57,0.235,0.0,ETH-26JUN20-200-C,187.61,79.78,0.236,406.0,0.241,10.0,81.44,0.58888,-0.10372,0.44616,0.00316,0.60595
194.54,SYN.ETH-26JUN20,1573642744533,open,0.07,643.0,0.034,0.114,0.073313,87.91,0.066,0.0,ETH-26JUN20-400-C,187.61,86.56,0.07,140.0,0.078,140.0,89.8,0.47905,-0.09322,0.20436,0.00233,0.24306
189.99,ETH-27DEC19,1573642744554,open,0.07,4708.0,0.037,0.098,0.066635,67.37,0.072,0.0,ETH-27DEC19-180-P,187.61,64.57,0.063,259.0,0.067,500.0,67.65,0.24734,-0.18989,-0.09833,0.00846,-0.36391
194.54,SYN.ETH-26JUN20,1573642744559,open,0.04,93.0,0.013,0.07,0.037751,96.06,0.045,0.0,ETH-26JUN20-600-C,187.61,94.4,0.035,557.0,0.042,440.0,98.51,0.32876,-0.06991,0.11458,0.00146,0.13293
194.54,SYN.ETH-26JUN20,1573642744569,open,0.06,421.0,0.033,0.09,0.060979,79.94,0.061,0.0,ETH-26JUN20-120-P,187.61,78.22,0.058,466.0,0.066,500.0,82.79,0.33974,-0.06012,-0.24131,0.00181,-0.13946
194.54,SYN.ETH-26JUN20,1573642744581,open,0.11,238.0,0.061,0.154,0.108893,84.61,0.119,0.0,ETH-26JUN20-320-C,187.61,83.25,0.105,445.0,0.113,10.0,86.03,0.56019,-0.10492,0.27716,0.00283,0.33911
192.84,ETH-27MAR20,1573642744585,open,0.22,755.0,0.154,0.259,0.208313,77.3,0.207,0.0,ETH-27MAR20-200-P,187.61,74.66,0.202,203.0,0.213,510.0,79.25,0.4619,-0.13236,-0.46019,0.00435,-0.43749
194.54,SYN.ETH-26JUN20,1573642744599,open,0.05,0.0,0.022,0.091,0.054379,91.59,None,0.0,ETH-26JUN20-480-C,187.61,89.48,0.05,632.0,0.059,440.0,93.75,0.4097,-0.08307,0.15831,0.00191,0.18587
194.54,SYN.ETH-26JUN20,1573642744616,open,0.11,238.0,0.061,0.154,0.108893,84.61,0.119,0.0,ETH-26JUN20-320-C,187.61,82.9,0.104,545.0,0.113,10.0,86.03,0.56019,-0.10492,0.27716,0.00283,0.33911
194.54,SYN.ETH-26JUN20,1573642744620,open,0.11,238.0,0.061,0.154,0.108893,84.61,0.119,0.0,ETH-26JUN20-320-C,187.61,82.9,0.104,831.0,0.113,10.0,86.03,0.56019,-0.10492,0.27716,0.00283,0.33911
194.54,SYN.ETH-26JUN20,1573642744623,open,0.11,238.0,0.061,0.154,0.108893,84.61,0.119,0.0,ETH-26JUN20-320-C,187.61,82.9,0.104,796.0,0.113,10.0,86.03,0.56019,-0.10492,0.27716,0.00283,0.33911
192.84,ETH-27MAR20,1573642744641,open,0.26,717.0,0.223,0.306,0.268182,77.38,0.264,0.0,ETH-27MAR20-160-C,187.61,75.27,0.264,10.0,0.271,388.0,78.79,0.38298,-0.10985,0.3336,0.0036,0.73633
194.54,SYN.ETH-26JUN20,1573642744646,open,0.02,1.0,0.007,0.032,0.017637,84.98,0.017,0.0,ETH-26JUN20-80-P,187.61,82.86,0.016,732.0,0.021,957.0,89.1,0.15305,-0.02879,-0.07915,0.00077,-0.04811
194.54,SYN.ETH-26JUN20,1573642744651,open,0.02,1.0,0.007,0.032,0.017637,84.98,0.017,0.0,ETH-26JUN20-80-P,187.61,82.86,0.016,732.0,0.021,550.0,89.1,0.15305,-0.02879,-0.07915,0.00077,-0.04811
194.54,SYN.ETH-26JUN20,1573642744680,open,0.1,330.0,0.06,0.136,0.098861,79.79,0.096,0.0,ETH-26JUN20-140-P,187.61,77.13,0.093,491.0,0.102,210.0,81.21,0.42975,-0.0759,-0.36102,0.0023,-0.20101
189.99,ETH-27DEC19,1573642744685,open,0.18,1371.0,0.153,0.217,0.187008,67.83,0.213,0.0,ETH-27DEC19-160-C,187.61,62.53,0.182,510.0,0.189,500.0,69.88,0.18341,-0.14177,0.14041,0.00623,0.80181
194.54,SYN.ETH-26JUN20,1573642744690,open,0.11,238.0,0.061,0.154,0.108893,84.61,0.119,0.0,ETH-26JUN20-320-C,187.61,82.9,0.104,976.0,0.113,10.0,86.03,0.56019,-0.10492,0.27716,0.00283,0.33911
189.99,ETH-27DEC19,1573642744691,open,0.18,1371.0,0.153,0.217,0.187008,67.83,0.213,0.0,ETH-27DEC19-160-C,187.61,63.61,0.183,70.0,0.189,500.0,69.88,0.18341,-0.14177,0.14041,0.00623,0.80181
189.99,ETH-27DEC19,1573642744701,open,0.18,1371.0,0.153,0.217,0.187008,67.83,0.213,0.0,ETH-27DEC19-160-C,187.61,62.53,0.182,510.0,0.189,500.0,69.88,0.18341,-0.14177,0.14041,0.00623,0.80181
8809.24,SYN.BTC-22NOV19,1573642744731,open,0.09,17.4,0.0765,0.1205,0.09698779,54.28,0.0865,0.0,BTC-22NOV19-8000-C,8788.94,49.15,0.0955,4.0,0.0995,4.0,61.77,2.72961,-8.34699,1.67975,0.00027,0.88113
8809.24,SYN.BTC-22NOV19,1573642744744,open,0.03,152.4,0.013,0.057,0.02774937,50.0,0.029,0.0,BTC-22NOV19-8750-P,8788.94,45.55,0.025,27.0,0.028,0.7,50.41,5.43728,-15.31652,-1.02353,0.00058,-0.45006
8793.29,SYN.BTC-15NOV19,1573642744754,open,0.09,0.7,0.072,0.1115,0.0912755,78.95,0.084,0.0,BTC-15NOV19-8000-C,8788.94,88.19,0.092,0.1,0.0935,4.0,102.53,0.59395,-12.49974,0.39045,0.00019,0.95533
188.49,SYN.ETH-29NOV19,1573642745095,open,0.02,2475.0,0.012,0.059,0.025825,59.05,0.021,0.0,ETH-29NOV19-200-C,187.61,54.0,0.022,629.0,0.028,720.0,61.91,0.14361,-0.26708,0.02554,0.01574,0.33736
8809.16,SYN.BTC-22NOV19,1573642745458,open,0.07,58.5,0.042,0.0945,0.06328944,50.65,0.0645,0.0,BTC-22NOV19-9250-P,8788.83,44.23,0.06,4.0,0.0645,20.3,52.93,4.63518,-13.2259,-1.67494,0.00048,-0.71862
188.49,SYN.ETH-29NOV19,1573642745459,open,0.01,2284.0,0.001,0.027,0.009035,64.5,0.011,0.0,ETH-29NOV19-220-C,187.61,59.9,0.007,800.0,0.011,720.0,68.59,0.08735,-0.17745,0.01071,0.00876,0.13966
8888.78,BTC-27DEC19,1573642745467,open,0.01,882.5,0.004,0.0305,0.01424943,69.53,0.014,0.0,BTC-27DEC19-12000-C,8788.83,68.5,0.0135,10.0,0.0145,6.0,69.87,6.53412,-5.17742,1.24131,0.0001,0.13042
9073.24,BTC-27MAR20,1573642745470,open,0.41,52.6,0.3515,0.458,0.4049158,73.67,0.355,0.0,BTC-27MAR20-12000-P,8788.83,30.29,0.3285,2.0,0.4505,2.0,93.35,20.30827,-5.54589,-35.55606,9e-05,-0.65558
194.54,SYN.ETH-26JUN20,1573642745471,open,0.07,643.0,0.034,0.114,0.073322,87.91,0.066,0.0,ETH-26JUN20-400-C,187.61,86.14,0.069,500.0,0.078,140.0,89.8,0.47905,-0.09322,0.20436,0.00233,0.24306
9231.7,SYN.BTC-26JUN20,1573642745473,open,0.28,25.0,0.236,0.3255,0.28302363,72.66,0.2805,0.0,BTC-26JUN20-8000-C,8788.83,71.73,0.2805,9.3,0.2845,8.0,73.2,25.09104,-4.03549,24.05765,7e-05,0.70413
194.54,SYN.ETH-26JUN20,1573642745504,open,0.07,643.0,0.034,0.114,0.073322,87.91,0.066,0.0,ETH-26JUN20-400-C,187.61,86.14,0.069,640.0,0.078,140.0,89.8,0.47905,-0.09322,0.20436,0.00233,0.24306
192.86,ETH-27MAR20,1573642745925,open,0.11,1274.0,0.068,0.153,0.112457,79.23,0.114,0.0,ETH-27MAR20-240-C,187.61,77.34,0.108,286.0,0.114,500.0,79.88,0.45719,-0.13428,0.21601,0.0042,0.41557
194.54,SYN.ETH-26JUN20,1573642745927,open,0.06,24.0,0.027,0.102,0.062832,89.89,0.076,0.0,ETH-26JUN20-440-C,187.61,88.19,0.059,580.0,0.068,438.0,92.12,0.44311,-0.08817,0.1792,0.0021,0.21167
194.54,SYN.ETH-26JUN20,1573642745944,open,0.03,74.0,0.011,0.066,0.034631,97.74,0.039,0.0,ETH-26JUN20-640-C,187.61,95.4,0.031,596.0,0.038,140.0,99.81,0.31001,-0.06707,0.10538,0.00135,0.12216
192.86,ETH-27MAR20,1573642745950,open,0.21,22.0,0.167,0.255,0.214909,77.35,0.216,0.0,ETH-27MAR20-180-C,187.61,75.17,0.21,10.0,0.217,790.0,78.28,0.43482,-0.12468,0.30916,0.00409,0.64872
194.54,SYN.ETH-26JUN20,1573642745954,open,0.06,421.0,0.033,0.09,0.06097,79.94,0.061,0.0,ETH-26JUN20-120-P,187.61,78.22,0.058,470.0,0.066,500.0,82.79,0.33974,-0.06012,-0.24131,0.00181,-0.13946
194.54,SYN.ETH-26JUN20,1573642745976,open,0.02,1.0,0.007,0.032,0.017634,84.98,0.017,0.0,ETH-26JUN20-80-P,187.61,82.86,0.016,734.0,0.021,550.0,89.1,0.15305,-0.02879,-0.07915,0.00077,-0.04811
194.54,SYN.ETH-26JUN20,1573642745993,open,0.1,330.0,0.06,0.136,0.098845,79.79,0.096,0.0,ETH-26JUN20-140-P,187.61,77.13,0.093,495.0,0.102,210.0,81.21,0.42975,-0.0759,-0.36102,0.0023,-0.20101
192.86,ETH-27MAR20,1573642746258,open,0.4,40.0,0.378,0.439,0.41016,79.58,0.459,0.0,ETH-27MAR20-120-C,187.61,53.56,0.386,22.0,0.429,22.0,94.85,0.22149,-0.06535,0.34144,0.00202,0.88927
188.49,SYN.ETH-29NOV19,1573642746481,open,0.46,1.0,0.454,0.485,0.469559,101.45,0.46,0.0,ETH-29NOV19-100-C,187.61,0.0,0.461,21.0,0.478,21.0,200.8,0.00128,-0.00408,0.04341,8e-05,0.99904
189.99,ETH-27DEC19,1573642746483,open,0.3,2287.0,0.243,0.337,0.289868,72.29,0.302,0.0,ETH-27DEC19-240-P,187.61,31.9,0.264,11.0,0.33,11.0,107.34,0.18977,-0.15634,-0.24663,0.00605,-0.79014
194.54,SYN.ETH-26JUN20,1573642746485,open,0.06,421.0,0.033,0.09,0.06097,79.94,0.061,0.0,ETH-26JUN20-120-P,187.61,78.22,0.058,680.0,0.066,500.0,82.79,0.33974,-0.06012,-0.24131,0.00181,-0.13946
8809.16,SYN.BTC-22NOV19,1573642657450,open,0.01,900.6,0.0005,0.0295,0.00893111,51.18,0.0095,0.0,BTC-22NOV19-8250-P,8788.83,48.98,0.008,31.0,0.01,25.0,53.63,3.78082,-10.90017,-0.43565,0.00039,-0.19444
8793.1,SYN.BTC-15NOV19,1573642404099,open,0.0,0.2,0.0005,0.0105,0.0,100.0,0.0005,0.0,BTC-15NOV19-5750-P,8788.83,0.0,0.0,0.0,0.0015,30.0,297.8,0.0,0.0,0.0,0.0,0.0
8793.1,SYN.BTC-15NOV19,1573642404311,open,0.0,0.1,0.0005,0.0105,1e-08,100.0,0.002,0.0,BTC-15NOV19-6250-P,8788.83,0.0,0.0,0.0,0.0015,30.0,246.22,3e-05,-0.0001,0.0,0.0,0.0
8793.1,SYN.BTC-15NOV19,1573642404159,open,0.0,0.1,0.0005,0.0105,0.0,100.0,0.0015,0.0,BTC-15NOV19-6000-P,8788.83,0.0,0.0,0.0,0.0015,30.0,271.57,0.0,0.0,0.0,0.0,0.0
8809.16,SYN.BTC-22NOV19,1573642622295,open,0.0,25.6,0.0005,0.0115,0.00158313,63.03,0.002,0.0,BTC-22NOV19-10500-C,8788.83,58.2,0.001,65.0,0.002,0.1,65.85,1.21175,-4.30254,0.0848,0.0001,0.04117
9231.7,SYN.BTC-26JUN20,1573642735220,open,0.19,174.4,0.1445,0.242,0.195607,72.88,0.196,0.0,BTC-26JUN20-10000-C,8788.83,72.68,0.195,11.7,0.1975,2.0,73.49,28.65991,-4.6234,20.73238,7e-05,0.55851
