underlying_price,underlying_index,timestamp,state,settlement_price,open_interest,min_price,max_price,mark_price,mark_iv,last_price,interest_rate,instrument_name,index_price,bid_iv,best_bid_price,best_bid_amount,best_ask_price,best_ask_amount,ask_iv,vega,theta,rho,gamma,delta
172.84,SYN.ETH-27MAR20,1567076340048,open,0.07,25.0,0.034,0.114,0.0729,91.73,0.085,0.0,ETH-27MAR20-360-C,168.74,87.89,0.064,273.0,0.079,110.0,94.27,0.40915,-0.08899,0.16766,0.00258,0.2408
9688.57,SYN.BTC-27MAR20,1567076340079,open,0.18,17.8,0.123,0.2305,0.17865093,84.86,0.1765,0.0,BTC-27MAR20-12000-C,9449.23,82.34,0.171,14.0,0.1815,5.0,85.8,29.37773,-5.91101,17.78184,6e-05,0.49633
9476.79,BTC-27SEP19,1567076340083,open,0.21,291.8,0.165,0.2415,0.20319438,85.83,0.2145,0.0,BTC-27SEP19-11000-P,9449.23,77.39,0.195,7.7,0.2095,14.2,92.1,9.39962,-13.96901,-6.69887,0.00015,-0.69031
9476.79,BTC-27SEP19,1567076340085,open,0.21,291.8,0.165,0.2415,0.20319438,85.83,0.2145,0.0,BTC-27SEP19-11000-P,9449.23,77.39,0.195,7.7,0.209,3.7,91.61,9.39962,-13.96901,-6.69887,0.00015,-0.69031
9688.57,SYN.BTC-27MAR20,1567076340093,open,0.02,3.1,0.0065,0.0515,0.02380614,93.67,0.0325,0.0,BTC-27MAR20-32000-C,9449.23,92.63,0.0225,0.1,0.0245,6.0,94.22,12.26057,-2.72317,3.87748,2e-05,0.09308
9456.75,SYN.BTC-6SEP19,1567076340096,open,0.11,9.0,0.089,0.1415,0.11592011,89.7,0.1115,0.0,BTC-6SEP19-8500-C,9449.23,80.83,0.1125,6.0,0.1165,6.0,91.15,3.77799,-21.51563,1.41487,0.00022,0.80931
168.89,SYN.ETH-6SEP19,1567076340135,open,0.1,204.0,0.055,0.131,0.093095,89.19,0.105,0.0,ETH-6SEP19-180-P,168.74,79.56,0.088,120.0,0.097,320.0,96.41,0.09058,-0.51291,-0.02756,0.0165,-0.66308
9688.57,SYN.BTC-27MAR20,1567076340179,open,0.44,0.1,0.4085,0.477,0.44348986,83.32,0.4775,0.0,BTC-27MAR20-6000-C,9449.23,77.04,0.433,10.0,0.446,10.0,84.79,16.51534,-3.26266,23.22637,4e-05,0.85843
172.84,SYN.ETH-27MAR20,1567076340208,open,0.06,109.0,0.025,0.098,0.059439,93.01,0.064,0.0,ETH-27MAR20-400-C,168.74,91.39,0.056,2.0,0.062,110.0,94.2,0.37034,-0.08167,0.14267,0.00231,0.20231
169.28,ETH-27SEP19,1567076340214,open,0.02,1453.0,0.007,0.043,0.022583,90.31,0.025,0.0,ETH-27SEP19-220-C,168.74,88.15,0.021,110.0,0.024,128.0,92.19,0.12615,-0.19726,0.02146,0.00616,0.18279
169.28,ETH-27SEP19,1567076340218,open,0.01,1785.0,0.001,0.019,0.007385,94.59,0.012,0.0,ETH-27SEP19-260-C,168.74,90.69,0.006,110.0,0.009,160.0,98.67,0.06355,-0.10408,0.00831,0.00296,0.06945
171.06,ETH-27DEC19,1567076340224,open,0.0,2360.0,0.001,0.015,0.004945,103.22,0.003,0.0,ETH-27DEC19-640-C,168.74,96.73,0.003,110.0,0.007,650.0,108.4,0.06017,-0.0259,0.01211,0.00061,0.0265
169.28,ETH-27SEP19,1567076340242,open,0.07,935.0,0.041,0.106,0.074877,89.65,0.078,0.0,ETH-27SEP19-180-C,168.74,85.27,0.07,400.0,0.077,394.0,91.55,0.18864,-0.29283,0.05067,0.00928,0.45325
168.76,SYN.ETH-30AUG19,1567076340261,open,0.05,40.0,0.024,0.086,0.056065,107.52,0.05,0.0,ETH-30AUG19-160-C,168.74,49.27,0.052,40.0,0.058,40.0,123.4,0.01924,-1.03444,0.00322,0.02619,0.85037
168.76,SYN.ETH-30AUG19,1567076340281,open,0.0,1212.0,0.001,0.011,5.5e-05,125.0,0.001,0.0,ETH-30AUG19-200-C,168.74,0.0,0.0,0.0,0.001,203.0,180.33,0.00076,-0.00932,1e-05,0.0009,0.00304
168.76,SYN.ETH-30AUG19,1567076340285,open,0.0,4065.0,0.001,0.011,0.0,125.0,0.001,0.0,ETH-30AUG19-340-C,168.74,0.0,0.0,0.0,0.001,200.0,500.0,0.0,0.0,0.0,0.0,0.0
171.06,ETH-27DEC19,1567076340287,open,0.32,2769.0,0.247,0.37,0.310489,87.97,0.225,0.0,ETH-27DEC19-200-P,168.74,85.13,0.304,24.0,0.316,202.0,90.38,0.39043,-0.14326,-0.46832,0.00462,-0.52311
169.28,ETH-27SEP19,1567076340287,open,0.0,3419.0,0.001,0.011,1.2e-05,124.99,0.001,0.0,ETH-27SEP19-640-C,168.74,0.0,0.0,0.0,0.001,437.0,175.31,0.00028,-0.00061,2e-05,1e-05,0.00015
169.28,ETH-27SEP19,1567076340289,open,3.28,0.0,3.13,3.385,3.253562,166.19,None,0.0,ETH-27SEP19-720-P,168.74,0.0,0.0,0.0,0.0,0.0,0.0,0.00315,-0.00907,-0.56936,8e-05,-0.9979
168.76,SYN.ETH-30AUG19,1567076340293,open,0.0,3.0,0.001,0.011,0.0,125.0,0.002,0.0,ETH-30AUG19-130-P,168.74,0.0,0.0,0.0,0.001,203.0,267.61,0.0,-2e-05,0.0,0.0,-1e-05
169.28,ETH-27SEP19,1567076340295,open,2.8,0.0,2.671,2.897,2.780954,153.48,None,0.0,ETH-27SEP19-640-P,168.74,0.0,0.0,0.0,0.0,0.0,0.0,0.00314,-0.00834,-0.50607,9e-05,-0.99791
168.76,SYN.ETH-30AUG19,1567076340295,open,0.0,384.0,0.001,0.011,0.000599,125.0,0.002,0.0,ETH-30AUG19-150-P,168.74,0.0,0.0,0.0,0.002,400.0,157.47,0.00488,-0.10103,-0.0001,0.00571,-0.0253
169.28,ETH-27SEP19,1567076340297,open,0.0,2951.0,0.001,0.011,0.00113,110.59,0.006,0.0,ETH-27SEP19-360-C,168.74,0.0,0.0,0.0,0.002,360.0,118.86,0.01444,-0.02765,0.0014,0.00058,0.0116
169.28,ETH-27SEP19,1567076340297,open,0.0,5739.0,0.001,0.011,0.000619,115.44,0.001,0.0,ETH-27SEP19-400-C,168.74,0.0,0.0,0.0,0.001,320.0,121.65,0.00864,-0.01727,0.00078,0.00033,0.00646
171.06,ETH-27DEC19,1567076340297,open,0.0,2472.0,0.001,0.013,0.00378,103.22,0.005,0.0,ETH-27DEC19-680-C,168.74,88.74,0.001,100.0,0.006,540.0,109.78,0.04908,-0.02113,0.00957,0.00049,0.02081
169.28,ETH-27SEP19,1567076340315,open,0.0,1938.0,0.001,0.011,0.001378,106.11,0.003,0.0,ETH-27SEP19-340-C,168.74,0.0,0.0,0.0,0.002,201.0,111.43,0.01736,-0.0319,0.00174,0.00072,0.01435
169.28,ETH-27SEP19,1567076340315,open,0.0,1897.0,0.001,0.011,0.000977,115.22,0.004,0.0,ETH-27SEP19-380-C,168.74,0.0,0.0,0.0,0.002,360.0,125.79,0.01249,-0.02492,0.00118,0.00048,0.00982
169.28,ETH-27SEP19,1567076340315,open,3.51,0.0,3.36,3.628,3.48987,172.2,None,0.0,ETH-27SEP19-760-P,168.74,0.0,0.0,0.0,0.0,0.0,0.0,0.00319,-0.00952,-0.601,8e-05,-0.99787
169.28,ETH-27SEP19,1567076340315,open,0.0,2698.0,0.001,0.011,3e-06,125.0,0.001,0.0,ETH-27SEP19-720-C,168.74,0.0,0.0,0.0,0.001,421.0,188.17,8e-05,-0.00017,1e-05,0.0,4e-05
171.06,ETH-27DEC19,1567076340315,open,0.14,861.0,0.092,0.185,0.141377,88.0,0.14,0.0,ETH-27DEC19-200-C,168.74,85.64,0.136,212.0,0.144,200.0,89.15,0.39044,-0.14331,0.18854,0.00462,0.47696
169.28,ETH-27SEP19,1567076340315,open,0.01,2949.0,0.003,0.029,0.012808,92.48,0.016,0.0,ETH-27SEP19-240-C,168.74,89.0,0.011,110.0,0.014,160.0,94.64,0.09112,-0.14591,0.01338,0.00435,0.11275
168.76,SYN.ETH-30AUG19,1567076340315,open,0.0,970.0,0.001,0.011,1.8e-05,125.0,0.001,0.0,ETH-30AUG19-140-P,168.74,0.0,0.0,0.0,0.001,200.0,201.11,0.00029,-0.003,0.0,0.00033,-0.00103
168.76,SYN.ETH-30AUG19,1567076340315,open,0.07,1290.0,0.036,0.104,0.068817,99.63,0.079,0.0,ETH-30AUG19-180-P,168.74,0.0,0.066,40.0,0.073,40.0,138.27,0.01422,-0.70815,-0.00393,0.02088,-0.90273
168.76,SYN.ETH-30AUG19,1567076340315,open,0.0,894.0,0.001,0.011,0.0,125.0,0.001,0.0,ETH-30AUG19-220-C,168.74,0.0,0.0,0.0,0.001,300.0,260.54,0.0,-2e-05,0.0,0.0,1e-05
169.28,ETH-27SEP19,1567076340320,open,0.0,3756.0,0.001,0.013,0.003244,101.9,0.004,0.0,ETH-27SEP19-300-C,168.74,94.76,0.002,4.0,0.004,360.0,105.41,0.03411,-0.06019,0.00384,0.00148,0.03193
168.76,SYN.ETH-30AUG19,1567076340320,open,0.0,1381.0,0.001,0.011,0.0,125.0,0.001,0.0,ETH-30AUG19-280-C,168.74,0.0,0.0,0.0,0.001,200.0,447.56,0.0,0.0,0.0,0.0,0.0
171.06,ETH-27DEC19,1567076340324,open,0.06,532.0,0.028,0.098,0.061971,91.88,0.066,0.0,ETH-27DEC19-280-C,168.74,90.79,0.06,42.0,0.065,200.0,93.53,0.31191,-0.11953,0.10597,0.00353,0.25059
171.06,ETH-27DEC19,1567076340324,open,0.0,2573.0,0.001,0.012,0.002993,103.57,0.003,0.0,ETH-27DEC19-720-C,168.74,91.79,0.001,50.0,0.005,540.0,110.53,0.04092,-0.01768,0.00776,0.00041,0.0168
168.76,SYN.ETH-30AUG19,1567076340324,open,0.0,1185.0,0.001,0.016,0.002188,99.61,0.003,0.0,ETH-30AUG19-180-C,168.74,82.88,0.001,50.0,0.004,700.0,118.3,0.01421,-0.36932,0.00038,0.02088,0.09721
168.76,SYN.ETH-30AUG19,1567076340326,open,0.0,3916.0,0.001,0.011,0.0,125.0,0.001,0.0,ETH-30AUG19-360-C,168.74,0.0,0.0,0.0,0.001,200.0,500.0,0.0,0.0,0.0,0.0,0.0
9456.75,SYN.BTC-6SEP19,1567076340413,open,0.0,95.5,0.0005,0.0105,0.00073545,106.54,0.0015,0.0,BTC-6SEP19-13500-C,9449.23,101.45,0.0005,1.0,0.001,11.5,111.06,0.49674,-3.35972,0.02713,2e-05,0.01403
9450.06,SYN.BTC-30AUG19,1567076340485,open,0.0,209.5,0.0005,0.0105,0.00079026,120.0,0.0015,0.0,BTC-30AUG19-8500-P,9449.23,135.99,0.0015,3.9,0.002,25.9,144.83,0.3448,-7.46807,-0.00777,0.00013,-0.03347
9688.57,SYN.BTC-27MAR20,1567076340565,open,2.35,0.0,2.246,2.4175,2.32668759,93.69,None,0.0,BTC-27MAR20-32000-P,9449.23,0.0,0.0,0.0,0.0,0.0,0.0,12.26626,-2.72491,-180.99771,2e-05,-0.90686
168.89,SYN.ETH-6SEP19,1567076340598,open,0.2,10.0,0.152,0.233,0.191747,92.4,0.14,0.0,ETH-6SEP19-200-P,168.74,0.0,0.0,0.0,0.197,200.0,108.37,0.04945,-0.29008,-0.03908,0.0087,-0.8806
9450.06,SYN.BTC-30AUG19,1567076340604,open,0.0,209.5,0.0005,0.0105,0.00079026,120.0,0.0015,0.0,BTC-30AUG19-8500-P,9449.23,135.99,0.0015,3.9,0.002,26.0,144.83,0.3448,-7.46807,-0.00777,0.00013,-0.03347
9456.75,SYN.BTC-6SEP19,1567076340610,open,0.02,139.6,0.0025,0.034,0.0147505,89.71,0.014,0.0,BTC-6SEP19-8500-P,9449.23,86.54,0.0135,24.0,0.0145,5.9,89.08,3.77811,-21.51733,-0.41922,0.00022,-0.1907
9476.79,BTC-27SEP19,1567076340927,open,0.21,291.8,0.165,0.2415,0.20319411,85.83,0.2145,0.0,BTC-27SEP19-11000-P,9449.23,77.39,0.195,7.7,0.2085,0.4,91.11,9.39962,-13.96901,-6.69887,0.00015,-0.69031
9688.6,SYN.BTC-27MAR20,1567076341063,open,0.02,1.7,0.0055,0.047,0.02072946,94.4,0.02,0.0,BTC-27MAR20-34000-C,9449.23,93.32,0.0195,0.1,0.0215,6.0,95.06,11.16871,-2.49995,3.43761,2e-05,0.08214
9456.76,SYN.BTC-6SEP19,1567076341108,open,0.07,22.9,0.048,0.104,0.07709619,86.15,0.081,0.0,BTC-6SEP19-9000-C,9449.23,79.3,0.0735,18.0,0.077,4.5,85.97,4.99804,-27.33577,1.22055,0.0003,0.67526
9582.73,BTC-27DEC19,1567076341113,open,0.33,49.4,0.295,0.3645,0.33088829,83.15,0.384,0.0,BTC-27DEC19-7000-C,9449.23,63.8,0.303,7.0,0.331,7.0,83.23,14.64829,-5.08057,15.24293,6e-05,0.81522
9582.73,BTC-27DEC19,1567076341113,open,0.05,208.0,0.022,0.072,0.04521977,83.16,0.042,0.0,BTC-27DEC19-6500-P,9449.23,81.07,0.0425,0.3,0.0455,18.0,83.37,12.58764,-4.36601,-6.02506,5e-05,-0.14622
9582.73,BTC-27DEC19,1567076341113,open,0.01,306.0,0.0005,0.023,0.0081371,99.25,0.0075,0.0,BTC-27DEC19-30000-C,9449.23,95.87,0.0065,10.0,0.0085,19.6,99.94,4.97424,-2.05924,1.08261,2e-05,0.04254
9476.82,BTC-27SEP19,1567076341113,open,0.42,221.9,0.4085,0.4365,0.42187578,100.69,0.446,0.0,BTC-27SEP19-5500-C,9449.23,0.0,0.411,6.0,0.4325,6.0,144.72,1.26675,-2.20858,4.18766,2e-05,0.98043
9582.73,BTC-27DEC19,1567076341113,open,0.37,68.8,0.3075,0.4205,0.36481717,84.93,0.2975,0.0,BTC-27DEC19-12000-P,9449.23,68.09,0.328,4.0,0.369,5.6,86.8,21.3907,-7.57774,-29.94286,8e-05,-0.58659
9476.82,BTC-27SEP19,1567076341113,open,0.0,428.2,0.0005,0.0105,0.00010236,120.0,0.0005,0.0,BTC-27SEP19-28000-C,9449.23,0.0,0.0,0.0,0.0005,11.5,137.61,0.10438,-0.21688,0.00807,0.0,0.00118
9476.82,BTC-27SEP19,1567076341113,open,0.02,750.0,0.008,0.0465,0.02468545,87.35,0.0235,0.0,BTC-27SEP19-12000-C,9449.23,84.54,0.0225,33.3,0.0255,31.8,88.37,7.48515,-11.32097,1.32198,0.00012,0.20101
9582.73,BTC-27DEC19,1567076341113,open,0.11,307.0,0.0685,0.1555,0.11255658,84.93,0.11,0.0,BTC-27DEC19-12000-C,9449.23,83.78,0.11,9.9,0.1135,3.7,85.35,21.39056,-7.57738,9.46822,8e-05,0.4134
9450.07,SYN.BTC-30AUG19,1567076341113,open,0.38,17.2,0.349,0.4035,0.37565329,171.07,0.3,0.0,BTC-30AUG19-13000-P,9449.23,0.0,0.3635,1.1,0.3855,1.1,466.21,0.00155,-0.13227,-0.31187,0.0,-0.99992
9450.07,SYN.BTC-30AUG19,1567076341113,open,0.49,13.0,0.4525,0.5115,0.48147278,208.74,0.2895,0.0,BTC-30AUG19-14000-P,9449.23,0.0,0.0,0.0,0.0,0.0,0.0,0.00139,-0.14484,-0.33587,0.0,-0.99993
9476.82,BTC-27SEP19,1567076341115,open,0.0,761.0,0.0005,0.0105,2.343e-05,120.0,0.0005,0.0,BTC-27SEP19-32000-C,9449.23,0.0,0.0,0.0,0.0005,12.0,151.96,0.02898,-0.06022,0.00203,0.0,0.00029
9476.82,BTC-27SEP19,1567076341115,open,0.0,1118.7,0.0005,0.0105,0.00061298,119.06,0.0005,0.0,BTC-27SEP19-4250-P,9449.23,0.0,0.0,0.0,0.001,46.0,126.75,0.39931,-0.82325,-0.0436,0.0,-0.0052
9450.07,SYN.BTC-30AUG19,1567076341115,open,0.03,262.6,0.001,0.046,0.02155844,95.96,0.023,0.0,BTC-30AUG19-9500-P,9449.23,87.95,0.02,24.0,0.023,3.9,103.36,1.83937,-88.25022,-0.12625,0.00089,-0.53531
9450.07,SYN.BTC-30AUG19,1567076341115,open,0.0,443.9,0.0005,0.0105,0.0,120.0,0.0005,0.0,BTC-30AUG19-16000-C,9449.23,0.0,0.0,0.0,0.001,26.0,462.54,0.0,0.0,0.0,0.0,0.0
9476.82,BTC-27SEP19,1567076341117,open,0.0,287.3,0.0005,0.0105,0.00046951,119.93,0.0005,0.0,BTC-27SEP19-24000-C,9449.23,0.0,0.0,0.0,0.001,43.0,129.84,0.3754,-0.77955,0.03287,0.0,0.00485
9582.73,BTC-27DEC19,1567076341121,open,1.74,0.0,1.663,1.795,1.72498494,95.49,None,0.0,BTC-27DEC19-26000-P,9449.23,0.0,0.005,10.0,2.473,0.2,500.0,6.58734,-2.62367,-83.85625,2e-05,-0.93947
9476.82,BTC-27SEP19,1567076341126,open,0.6,0.0,0.5945,0.614,0.60448705,119.92,None,0.0,BTC-27SEP19-3750-C,9449.23,0.0,0.005,10.0,0.6385,10.0,299.28,0.15092,-0.31339,2.95202,0.0,0.99823
9476.82,BTC-27SEP19,1567076341131,open,0.0,1660.1,0.0005,0.0105,0.0,120.0,0.0005,0.0,BTC-27SEP19-1500-P,9449.23,0.0,0.0,0.0,0.0005,109.1,259.0,0.0,0.0,0.0,0.0,0.0
9582.73,BTC-27DEC19,1567076341136,open,2.16,0.2,2.071,2.215,2.13878857,99.29,2.03,0.0,BTC-27DEC19-30000-P,9449.23,0.0,0.0,0.0,0.0,0.0,0.0,4.9817,-2.06311,-97.44349,2e-05,-0.95738
168.89,SYN.ETH-6SEP19,1567076341141,open,0.0,227.0,0.001,0.011,0.001612,106.04,0.002,0.0,ETH-6SEP19-230-C,168.74,98.64,0.001,121.0,0.002,400.0,109.83,0.01613,-0.10856,0.00098,0.00247,0.02839
9450.07,SYN.BTC-30AUG19,1567076341141,open,0.6,0.0,0.5565,0.6195,0.58729226,243.62,None,0.0,BTC-30AUG19-15000-P,9449.23,0.0,0.0,0.0,0.0,0.0,0.0,0.00129,-0.15711,-0.35986,0.0,-0.99993
9476.82,BTC-27SEP19,1567076341146,open,0.0,422.0,0.0005,0.0105,9.191e-05,120.0,0.0005,0.0,BTC-27SEP19-3500-P,9449.23,0.0,0.0,0.0,0.0005,20.0,142.42,0.08184,-0.17006,-0.00747,0.0,-0.0009
9450.07,SYN.BTC-30AUG19,1567076341146,open,0.36,0.0,0.3525,0.3775,0.3650831,0.0,None,0.0,BTC-30AUG19-6000-C,9449.23,0.0,0.0,0.0,0.0,0.0,0.0,0.0,0.0,0.14395,0.0,1.0
9476.82,BTC-27SEP19,1567076341151,open,0.5,13.5,0.489,0.5115,0.49976084,110.27,0.382,0.0,BTC-27SEP19-4750-C,9449.23,0.0,0.005,10.0,0.5645,5.0,299.61,0.62308,-1.18968,3.68589,1e-05,0.99139
9476.82,BTC-27SEP19,1567076341151,open,0.0,454.6,0.0005,0.0105,0.00036512,120.0,0.001,0.0,BTC-27SEP19-4000-P,9449.23,0.0,0.0,0.0,0.001,45.0,135.6,0.26005,-0.54035,-0.02689,0.0,-0.00322
9476.82,BTC-27SEP19,1567076341153,open,0.58,227.5,0.5685,0.588,0.57828127,119.95,0.606,0.0,BTC-27SEP19-4000-C,9449.23,0.0,0.111,2.0,0.619,5.0,299.3,0.25936,-0.53871,3.13765,0.0,0.99679
9476.82,BTC-27SEP19,1567076341176,open,0.13,483.0,0.091,0.1635,0.12761767,84.81,0.128,0.0,BTC-27SEP19-10000-P,9449.23,82.91,0.1255,14.4,0.1295,6.0,86.5,10.57433,-15.52904,-5.02183,0.00018,-0.54221
9582.73,BTC-27DEC19,1567076341176,open,0.01,148.7,0.0005,0.0195,0.00636227,99.72,0.006,0.0,BTC-27DEC19-32000-C,9449.23,97.64,0.0055,0.1,0.0065,16.0,100.04,4.1501,-1.72617,0.87186,1e-05,0.03406
9582.73,BTC-27DEC19,1567076341176,open,0.05,222.0,0.022,0.087,0.05194763,88.23,0.051,0.0,BTC-27DEC19-16000-C,9449.23,87.38,0.0505,0.1,0.0525,12.0,88.55,16.40053,-6.03548,5.39357,6e-05,0.22332
9582.73,BTC-27DEC19,1567076341176,open,0.46,110.3,0.3895,0.505,0.44761894,85.37,0.3545,0.0,BTC-27DEC19-13000-P,9449.23,67.35,0.411,3.0,0.454,4.6,88.35,20.392,-7.26081,-34.46844,8e-05,-0.64758
9582.73,BTC-27DEC19,1567076341176,open,0.06,439.8,0.029,0.099,0.0618722,87.14,0.061,0.0,BTC-27DEC19-15000-C,9449.23,85.31,0.0585,14.9,0.062,0.2,87.21,17.76462,-6.45675,6.19236,7e-05,0.25863
9450.07,SYN.BTC-30AUG19,1567076341178,open,0.0,568.9,0.0005,0.0175,0.00304183,99.45,0.003,0.0,BTC-30AUG19-10000-C,9449.23,93.95,0.0025,11.0,0.0035,40.1,103.8,0.96769,-28.74552,0.02829,0.00045,0.1278
9476.82,BTC-27SEP19,1567076341190,open,0.27,726.1,0.2515,0.296,0.27337981,89.58,0.272,0.0,BTC-27SEP19-7000-C,9449.23,77.9,0.2685,13.5,0.275,5.4,92.97,4.40074,-6.82579,4.75769,7e-05,0.90797
9582.73,BTC-27DEC19,1567076341190,open,0.08,235.8,0.047,0.115,0.08037804,83.16,0.0795,0.0,BTC-27DEC19-7500-P,9449.23,80.32,0.0755,10.0,0.08,10.0,82.94,16.50656,-5.7253,-9.63844,7e-05,-0.22587
9476.82,BTC-27SEP19,1567076341190,open,0.01,449.9,0.0005,0.0225,0.00893264,91.85,0.0085,0.0,BTC-27SEP19-14000-C,9449.23,89.63,0.008,2.2,0.009,24.1,92.01,4.09665,-6.5156,0.55985,6e-05,0.08361
9450.07,SYN.BTC-30AUG19,1567076341190,open,0.0,150.6,0.0005,0.0105,5e-07,120.0,0.0005,0.0,BTC-30AUG19-7500-P,9449.23,0.0,0.0,0.0,0.0005,8.9,217.19,0.00072,-0.00477,-1e-05,0.0,-4e-05
9476.82,BTC-27SEP19,1567076341192,open,0.79,28.2,0.779,0.7985,0.78895814,0.0,0.755,0.0,BTC-27SEP19-2000-C,9449.23,0.0,0.01,1.0,0.8495,5.0,500.0,0.0,0.0,1.58223,0.0,1.0
9476.82,BTC-27SEP19,1567076341192,open,0.01,696.6,0.0025,0.026,0.01202588,89.58,0.0135,0.0,BTC-27SEP19-7000-P,9449.23,87.33,0.011,13.0,0.013,60.0,91.64,4.40099,-6.82645,-0.78018,7e-05,-0.09204
9450.07,SYN.BTC-30AUG19,1567076341192,open,0.25,0.0,0.2445,0.2735,0.25926361,0.0,0.3065,0.0,BTC-30AUG19-7000-C,9449.23,0.0,0.0,0.0,0.0,0.0,0.0,0.0,0.0,0.16794,0.0,1.0
9582.73,BTC-27DEC19,1567076341203,open,2.79,1.3,2.684,2.8465,2.76123972,102.1,2.2,0.0,BTC-27DEC19-36000-P,9449.23,0.0,0.0,0.0,0.0,0.0,0.0,3.15099,-1.34193,-117.60491,1e-05,-0.97554
9582.73,BTC-27DEC19,1567076341207,open,0.49,65.4,0.474,0.5135,0.49299727,85.34,0.608,0.0,BTC-27DEC19-5000-C,9449.23,0.0,0.4775,8.0,0.507,8.0,103.52,6.34127,-2.25715,14.14166,2e-05,0.94233
9450.07,SYN.BTC-30AUG19,1567076341207,open,0.02,105.6,0.0005,0.0385,0.01627334,95.95,0.015,0.0,BTC-30AUG19-9500-C,9449.23,84.26,0.014,4.6,0.0175,36.1,102.25,1.83937,-88.2445,0.10167,0.00089,0.46469
9582.73,BTC-27DEC19,1567076341211,open,0.0,209.9,0.0005,0.011,0.00107703,102.21,0.001,0.0,BTC-27DEC19-2500-P,9449.23,93.08,0.0005,20.5,0.0015,10.0,106.89,0.772,-0.32912,-0.18635,0.0,-0.00484
9476.82,BTC-27SEP19,1567076341211,open,0.07,648.8,0.042,0.102,0.07240804,84.81,0.0715,0.0,BTC-27SEP19-10000-C,9449.23,81.75,0.069,36.2,0.073,30.2,85.34,10.57432,-15.52848,2.8893,0.00018,0.45779
9450.07,SYN.BTC-30AUG19,1567076341211,open,0.7,0.0,0.66,0.7275,0.69311175,276.12,0.403,0.0,BTC-30AUG19-16000-P,9449.23,0.0,0.0,0.0,0.0,0.0,0.0,0.00123,-0.16917,-0.38385,0.0,-0.99993
9476.82,BTC-27SEP19,1567076341216,open,0.65,0.5,0.6475,0.667,0.65709717,119.74,0.694,0.0,BTC-27SEP19-3250-C,9449.23,0.0,0.005,10.0,0.7875,5.0,500.0,0.03941,-0.08171,2.56776,0.0,0.99959
9476.82,BTC-27SEP19,1567076341222,open,1.97,0.0,1.897,2.0155,1.95468931,120.82,None,0.0,BTC-27SEP19-28000-P,9449.23,0.0,0.0,0.0,0.0,0.0,0.0,0.11189,-0.23407,-22.14252,0.0,-0.99873
9450.07,SYN.BTC-30AUG19,1567076341229,open,0.33,0.1,0.297,0.3495,0.32274356,151.08,0.2255,0.0,BTC-30AUG19-12500-P,9449.23,0.0,0.0,0.0,0.0,0.0,0.0,0.00168,-0.12668,-0.29988,0.0,-0.99991
9582.73,BTC-27DEC19,1567076341234,open,0.04,453.3,0.013,0.0675,0.03663674,89.72,0.036,0.0,BTC-27DEC19-18000-C,9449.23,87.85,0.034,4.9,0.0375,11.0,90.32,13.70031,-5.12692,4.08002,5e-05,0.16628
168.89,SYN.ETH-6SEP19,1567076341237,open,0.37,0.0,0.323,0.409,0.363489,106.27,None,0.0,ETH-6SEP19-230-P,168.74,0.0,0.0,0.0,0.0,0.0,0.0,0.01626,-0.10972,-0.04864,0.00249,-0.97131
9582.73,BTC-27DEC19,1567076341239,open,0.01,357.8,0.0005,0.016,0.0061851,90.44,0.0065,0.0,BTC-27DEC19-4000-P,9449.23,86.81,0.005,15.0,0.007,16.0,92.73,3.30645,-1.24732,-1.00988,1e-05,-0.0259
9582.73,BTC-27DEC19,1567076341246,open,0.21,164.3,0.1685,0.2565,0.21456147,83.16,0.213,0.0,BTC-27DEC19-9000-C,9449.23,80.32,0.2085,10.0,0.215,15.6,83.36,20.45987,-7.0963,13.52423,8e-05,0.64428
9476.82,BTC-27SEP19,1567076341246,open,0.0,726.1,0.0005,0.0105,0.00098605,107.89,0.0005,0.0,BTC-27SEP19-20000-C,9449.23,100.07,0.0005,0.5,0.001,21.3,108.07,0.73864,-1.37989,0.071,1e-05,0.01046
9476.82,BTC-27SEP19,1567076341246,open,0.0,398.7,0.0005,0.0135,0.00376399,97.29,0.003,0.0,BTC-27SEP19-16000-C,9449.23,88.14,0.002,57.0,0.003,2.8,93.76,2.19271,-3.69408,0.25504,3e-05,0.03778
9450.07,SYN.BTC-30AUG19,1567076341246,open,0.0,361.4,0.0005,0.0105,7.08e-06,120.0,0.0005,0.0,BTC-30AUG19-11500-C,9449.23,0.0,0.0,0.0,0.0005,10.0,183.18,0.00769,-0.06688,0.0001,0.0,0.00047
9582.73,BTC-27DEC19,1567076341248,open,0.0,425.2,0.0005,0.015,0.00445795,102.03,0.0035,0.0,BTC-27DEC19-36000-C,9449.23,98.87,0.0035,19.9,0.005,19.1,103.62,3.13987,-1.33626,0.62616,1e-05,0.02435
9582.73,BTC-27DEC19,1567076341248,open,0.0,163.4,0.0005,0.0135,0.0036283,93.32,0.0025,0.0,BTC-27DEC19-3500-P,9449.23,87.76,0.0025,26.0,0.0045,16.0,96.93,2.16838,-0.84398,-0.60979,1e-05,-0.01575
9450.07,SYN.BTC-30AUG19,1567076341248,open,0.0,356.2,0.0005,0.0105,0.0,120.0,0.0005,0.0,BTC-30AUG19-17000-C,9449.23,0.0,0.0,0.0,0.001,26.0,500.0,0.0,0.0,0.0,0.0,0.0
9450.07,SYN.BTC-30AUG19,1567076341251,open,0.1,6.0,0.0825,0.122,0.10132465,119.97,0.0995,0.0,BTC-30AUG19-8500-C,9449.23,0.0,0.099,6.0,0.103,6.0,152.09,0.34452,-20.66633,0.19617,0.00013,0.96656
9582.73,BTC-27DEC19,1567076341255,open,1.13,5.7,1.0565,1.178,1.11393412,91.44,0.661,0.0,BTC-27DEC19-20000-P,9449.23,0.0,0.005,5.0,1.466,1.0,262.05,11.41184,-4.3522,-62.54272,4e-05,-0.8733
9582.73,BTC-27DEC19,1567076341257,open,0.0,365.3,0.0005,0.013,0.00324666,104.11,0.0025,0.0,BTC-27DEC19-40000-C,9449.23,98.35,0.002,28.1,0.004,20.2,106.87,2.43299,-1.05653,0.46484,1e-05,0.01802
9582.73,BTC-27DEC19,1567076341257,open,0.59,27.2,0.576,0.603,0.5887649,90.44,0.63,0.0,BTC-27DEC19-4000-C,9449.23,0.0,0.45,1.0,0.6245,0.2,149.53,3.30568,-1.24692,12.12749,1e-05,0.9741
9582.73,BTC-27DEC19,1567076341257,open,1.95,0.1,1.867,2.004,1.93138663,97.02,1.49,0.0,BTC-27DEC19-28000-P,9449.23,0.0,0.001,1.0,0.0,0.0,0.0,5.61119,-2.27061,-90.702,2e-05,-0.95058
9582.73,BTC-27DEC19,1567076341257,open,0.45,73.3,0.425,0.4715,0.44795933,83.82,0.4875,0.0,BTC-27DEC19-5500-C,9449.23,52.73,0.429,7.0,0.4645,7.0,101.01,8.26806,-2.89047,14.81373,3e-05,0.91865
9450.07,SYN.BTC-30AUG19,1567076341259,open,0.0,702.2,0.0005,0.0105,0.0,120.0,0.0005,0.0,BTC-30AUG19-6000-P,9449.23,0.0,0.0,0.0,0.0005,35.0,396.18,0.0,0.0,0.0,0.0,0.0
9476.83,BTC-27SEP19,1567076341264,open,0.0,866.2,0.0005,0.0135,0.00390323,95.68,0.0045,0.0,BTC-27SEP19-6000-P,9449.23,91.03,0.003,54.0,0.0045,24.0,98.42,1.98165,-3.283,-0.27963,3e-05,-0.03339
9688.6,SYN.BTC-27MAR20,1567076341264,open,2.15,0.0,2.0455,2.2135,2.12449958,93.28,None,0.0,BTC-27MAR20-30000-P,9449.23,0.0,0.0,0.0,0.0,0.0,0.0,13.62662,-3.0139,-168.87293,3e-05,-0.89243
9450.07,SYN.BTC-30AUG19,1567076341267,open,0.44,3.2,0.401,0.4575,0.42856304,190.28,0.37,0.0,BTC-30AUG19-13500-P,9449.23,0.0,0.416,1.1,0.4385,1.1,500.0,0.00146,-0.1386,-0.32387,0.0,-0.99992
9476.83,BTC-27SEP19,1567076341270,open,0.84,42.8,0.832,0.8515,0.84171856,0.0,0.815,0.0,BTC-27SEP19-1500-C,9449.23,0.0,0.0,0.0,0.0,0.0,0.0,0.0,0.0,1.18667,0.0,1.0
9582.73,BTC-27DEC19,1567076341277,open,0.03,718.0,0.0085,0.054,0.02683314,91.42,0.0275,0.0,BTC-27DEC19-20000-C,9449.23,89.86,0.025,1.3,0.0275,14.0,91.98,11.40924,-4.35068,3.14169,4e-05,0.12666
9450.07,SYN.BTC-30AUG19,1567076341277,open,0.0,318.0,0.0005,0.0105,0.0,120.0,0.0005,0.0,BTC-30AUG19-14000-C,9449.23,0.0,0.0,0.0,0.001,26.0,361.87,0.0,0.0,0.0,0.0,0.0
9450.07,SYN.BTC-30AUG19,1567076341277,open,0.0,550.7,0.0005,0.0105,9.515e-05,119.66,0.0005,0.0,BTC-30AUG19-11000-C,9449.23,0.0,0.0,0.0,0.0005,22.8,147.46,0.06936,-0.8992,0.00116,3e-05,0.0052
9582.73,BTC-27DEC19,1567076341280,open,0.54,6.5,0.5245,0.5575,0.54007065,87.47,0.575,0.0,BTC-27DEC19-4500-C,9449.23,0.0,0.5275,8.0,0.552,8.0,107.36,4.66771,-1.70298,13.23725,2e-05,0.96067
9450.07,SYN.BTC-30AUG19,1567076341300,open,0.0,819.7,0.0005,0.0105,3.6e-07,120.0,0.001,0.0,BTC-30AUG19-12000-C,9449.23,0.0,0.0,0.0,0.001,32.8,238.91,0.00054,-0.00336,1e-05,0.0,3e-05
9582.73,BTC-27DEC19,1567076341303,open,0.93,12.4,0.8575,0.9775,0.91502763,89.73,0.559,0.0,BTC-27DEC19-18000-P,9449.23,0.0,0.005,5.0,1.674,0.2,500.0,13.70212,-5.12806,-55.03607,5e-05,-0.83369
9582.73,BTC-27DEC19,1567076341311,open,0.01,565.1,0.0005,0.021,0.00966837,87.48,0.006,0.0,BTC-27DEC19-4500-P,9449.23,83.89,0.008,21.0,0.0105,6.0,89.15,4.66842,-1.70336,-1.54227,2e-05,-0.03934
9582.73,BTC-27DEC19,1567076341313,open,0.69,0.0,0.679,0.6985,0.6888909,96.59,None,0.0,BTC-27DEC19-3000-C,9449.23,0.0,0.0065,0.1,0.954,0.5,500.0,1.30622,-0.52626,9.51497,0.0,0.99122
9476.83,BTC-27SEP19,1567076341313,open,0.0,331.4,0.0005,0.0105,0.00098541,110.29,0.0005,0.0,BTC-27SEP19-4750-P,9449.23,101.16,0.0005,16.0,0.0015,24.0,117.05,0.62375,-1.19123,-0.072,1e-05,-0.00862
9582.73,BTC-27DEC19,1567076341317,open,0.0,304.3,0.0005,0.0115,0.00199741,108.42,0.0015,0.0,BTC-27DEC19-48000-C,9449.23,105.16,0.0015,0.4,0.0025,29.9,111.16,1.61901,-0.73213,0.2905,0.0,0.01123
9582.73,BTC-27DEC19,1567076341317,open,2.37,0.3,2.275,2.4245,2.34572385,99.77,1.875,0.0,BTC-27DEC19-32000-P,9449.23,0.0,0.0,0.0,0.0,0.0,0.0,4.15887,-1.73066,-104.22254,1e-05,-0.96585
9582.73,BTC-27DEC19,1567076341317,open,0.09,275.6,0.0505,0.132,0.0910033,85.36,0.089,0.0,BTC-27DEC19-13000-C,9449.23,83.71,0.0875,20.0,0.092,0.2,85.83,20.39169,-7.26036,8.22681,8e-05,0.3524
9476.83,BTC-27SEP19,1567076341317,open,0.68,225.7,0.6735,0.693,0.68345287,119.26,0.693,0.0,BTC-27SEP19-3000-C,9449.23,0.0,0.005,20.0,0.799,5.0,500.0,0.0165,-0.03408,2.37203,0.0,0.99984
9582.73,BTC-27DEC19,1567076341317,open,0.0,176.8,0.0005,0.0105,0.00027739,120.0,0.0005,0.0,BTC-27DEC19-1500-P,9449.23,0.0,0.0,0.0,0.001,25.1,139.07,0.21536,-0.10779,-0.0459,0.0,-0.00118
9476.83,BTC-27SEP19,1567076341317,open,0.0,586.4,0.0005,0.012,0.00224107,100.7,0.0025,0.0,BTC-27SEP19-5500-P,9449.23,94.46,0.0015,31.0,0.003,24.0,105.88,1.26739,-2.21,-0.16357,2e-05,-0.01958
9450.07,SYN.BTC-30AUG19,1567076341317,open,0.0,455.3,0.0005,0.0105,0.0,120.0,0.0005,0.0,BTC-30AUG19-15000-C,9449.23,0.0,0.0,0.0,0.0005,16.0,380.48,0.0,0.0,0.0,0.0,0.0
9582.73,BTC-27DEC19,1567076341325,open,0.14,617.8,0.092,0.181,0.13786367,83.73,0.144,0.0,BTC-27DEC19-11000-C,9449.23,82.26,0.1345,19.0,0.138,0.4,83.79,21.88406,-7.64279,10.80074,9e-05,0.48105
9476.83,BTC-27SEP19,1567076341325,open,0.18,884.3,0.158,0.2155,0.18768482,86.31,0.185,0.0,BTC-27SEP19-8000-C,9449.23,80.36,0.183,13.9,0.189,6.7,87.94,7.60239,-11.3612,4.54329,0.00012,0.79368
9476.83,BTC-27SEP19,1567076341325,open,0.0,406.8,0.0005,0.0105,1.54e-06,120.0,0.0005,0.0,BTC-27SEP19-2500-P,9449.23,0.0,0.0,0.0,0.0005,42.0,188.14,0.00222,-0.00461,-0.00016,0.0,-2e-05
9476.83,BTC-27SEP19,1567076341325,open,0.0,684.0,0.0005,0.0105,4.863e-05,120.0,0.0005,0.0,BTC-27SEP19-30000-C,9449.23,0.0,0.0,0.0,0.0005,12.0,145.06,0.0549,-0.11407,0.00403,0.0,0.00059
9476.83,BTC-27SEP19,1567076341325,open,0.01,444.7,0.0035,0.0315,0.0144021,89.06,0.014,0.0,BTC-27SEP19-13000-C,9449.23,85.73,0.0125,51.8,0.015,24.5,90.07,5.57424,-8.59665,0.85062,9e-05,0.12786
9582.73,BTC-27DEC19,1567076341325,open,0.0,107.2,0.0005,0.0105,0.00075555,113.54,0.0005,0.0,BTC-27DEC19-2000-P,9449.23,108.16,0.0005,0.5,0.001,10.0,117.59,0.52267,-0.24751,-0.12242,0.0,-0.00313
9476.83,BTC-27SEP19,1567076341325,open,0.0,509.0,0.0005,0.0115,0.00190694,103.38,0.0015,0.0,BTC-27SEP19-18000-C,9449.23,100.1,0.0015,57.0,0.002,47.1,104.06,1.27158,-2.27615,0.13305,2e-05,0.01965
9582.73,BTC-27DEC19,1567076341325,open,0.08,487.5,0.038,0.1145,0.07488542,86.31,0.0735,0.0,BTC-27DEC19-14000-C,9449.23,84.61,0.0715,21.0,0.0755,0.2,86.62,19.14764,-6.89346,7.14344,7e-05,0.30186
9582.73,BTC-27DEC19,1567076341325,open,3.21,0.0,3.093,3.27,3.17744863,104.22,2.58,0.0,BTC-27DEC19-40000-P,9449.23,0.0,0.0,0.0,0.0,0.0,0.0,2.44656,-1.06347,-130.90289,1e-05,-0.98187
9450.07,SYN.BTC-30AUG19,1567076341325,open,0.22,7.4,0.1935,0.242,0.21693114,121.64,0.1975,0.0,BTC-30AUG19-11500-P,9449.23,0.0,0.206,4.1,0.226,1.1,323.99,0.00893,-0.54331,-0.27578,0.0,-0.99945
9450.07,SYN.BTC-30AUG19,1567076341325,open,0.0,782.9,0.0005,0.0105,0.0,120.0,0.001,0.0,BTC-30AUG19-18000-C,9449.23,0.0,0.0,0.0,0.001,26.0,500.0,0.0,0.0,0.0,0.0,0.0
9450.07,SYN.BTC-30AUG19,1567076341325,open,0.15,22.0,0.1365,0.171,0.15348081,119.69,0.17,0.0,BTC-30AUG19-8000-C,9449.23,0.0,0.147,1.1,0.162,6.1,298.87,0.02998,-1.79395,0.19146,1e-05,0.99795
9450.07,SYN.BTC-30AUG19,1567076341325,open,0.07,1677.2,0.0375,0.0875,0.06123667,99.46,0.064,0.0,BTC-30AUG19-10000-P,9449.23,101.99,0.0615,12.0,0.065,6.0,130.65,0.96785,-48.13169,-0.21162,0.00045,-0.87217
9476.83,BTC-27SEP19,1567076341346,open,0.0,125.2,0.0005,0.0105,0.00019066,120.0,0.0005,0.0,BTC-27SEP19-3750-P,9449.23,0.0,0.0,0.0,0.001,54.2,145.02,0.15166,-0.31514,-0.01474,0.0,-0.00178
9476.83,BTC-27SEP19,1567076341346,open,0.0,373.7,0.0005,0.0105,0.00098413,118.16,0.001,0.0,BTC-27SEP19-4500-P,9449.23,108.47,0.0005,16.0,0.0015,45.0,125.35,0.58671,-1.20038,-0.06764,1e-05,-0.00804
9476.83,BTC-27SEP19,1567076341346,open,0.0,143.6,0.0005,0.0105,0.00021847,120.0,0.0005,0.0,BTC-27SEP19-26000-C,9449.23,0.0,0.0,0.0,0.0005,9.3,129.52,0.19866,-0.41279,0.01628,0.0,0.00239
9476.83,BTC-27SEP19,1567076341346,open,0.07,1009.5,0.0395,0.0995,0.06923615,84.52,0.07,0.0,BTC-27SEP19-9000-P,9449.23,84.3,0.069,15.0,0.0715,6.1,86.66,10.05019,-14.70891,-3.28127,0.00017,-0.36843
9582.73,BTC-27DEC19,1567076341349,open,0.0,1353.1,0.0005,0.0115,0.00154019,109.72,0.0015,0.0,BTC-27DEC19-52000-C,9449.23,105.1,0.001,10.1,0.002,10.0,112.78,1.30455,-0.59702,0.22745,0.0,0.00877
9582.73,BTC-27DEC19,1567076341349,open,0.17,496.0,0.1245,0.2145,0.17141557,83.16,0.175,0.0,BTC-27DEC19-10000-C,9449.23,82.97,0.171,0.2,0.173,9.1,83.86,21.66747,-7.51515,12.20313,9e-05,0.55916
9582.73,BTC-27DEC19,1567076341361,open,0.29,246.6,0.2305,0.339,0.28576957,83.73,0.274,0.0,BTC-27DEC19-11000-P,9449.23,81.86,0.2815,8.6,0.2895,6.6,85.37,21.88409,-7.6431,-25.32615,9e-05,-0.51894
9582.73,BTC-27DEC19,1567076341361,open,0.64,4.0,0.6285,0.65,0.63838562,93.31,0.666,0.0,BTC-27DEC19-3500-C,9449.23,0.0,0.0205,0.1,0.974,1.0,500.0,2.16756,-0.84357,10.88543,1e-05,0.98426
9450.07,SYN.BTC-30AUG19,1567076341361,open,0.92,0.0,0.8675,0.9435,0.90475071,335.23,None,0.0,BTC-30AUG19-18000-P,9449.23,0.0,0.0,0.0,0.0,0.0,0.0,0.00115,-0.1929,-0.43184,0.0,-0.99994
9450.07,SYN.BTC-30AUG19,1567076341361,open,0.17,134.2,0.1415,0.189,0.16410948,119.85,0.166,0.0,BTC-30AUG19-11000-P,9449.23,0.0,0.1535,4.1,0.1725,1.1,266.38,0.07009,-4.2002,-0.26274,3e-05,-0.99473
9582.73,BTC-27DEC19,1567076341367,open,0.73,22.1,0.6635,0.7825,0.72162842,88.24,0.741,0.0,BTC-27DEC19-16000-P,9449.23,75.83,0.702,1.1,0.7335,1.1,94.94,16.40163,-6.0363,-47.15418,6e-05,-0.77665
9582.73,BTC-27DEC19,1567076341382,open,1.33,4.9,1.2575,1.381,1.31563777,92.72,1.0385,0.0,BTC-27DEC19-22000-P,9449.23,0.0,0.006,2.0,2.072,0.3,500.0,9.43172,-3.64767,-69.82266,3e-05,-0.90291
9450.07,SYN.BTC-30AUG19,1567076341382,open,0.0,724.3,0.0005,0.0105,0.00063131,112.77,0.001,0.0,BTC-30AUG19-10500-C,9449.23,108.55,0.0005,3.6,0.001,12.2,122.32,0.3156,-5.96595,0.00668,0.00013,0.03007
9450.07,SYN.BTC-30AUG19,1567076341382,open,0.05,57.6,0.0285,0.078,0.05327008,113.28,0.05,0.0,BTC-30AUG19-9000-C,9449.23,79.09,0.0495,6.0,0.054,6.0,118.81,1.22364,-69.30475,0.17335,0.0005,0.81785
9582.73,BTC-27DEC19,1567076341388,open,0.79,0.0,0.7825,0.802,0.79204524,113.51,None,0.0,BTC-27DEC19-2000-C,9449.23,0.0,0.0155,3.0,0.964,0.5,500.0,0.52194,-0.2471,6.44631,0.0,0.99687
9582.73,BTC-27DEC19,1567076341388,open,0.84,0.1,0.834,0.8535,0.84374481,119.96,0.84,0.0,BTC-27DEC19-1500-C,9449.23,0.0,0.021,0.1,0.97,0.5,500.0,0.2148,-0.10747,4.88064,0.0,0.99882
9582.73,BTC-27DEC19,1567076341390,open,0.11,584.6,0.064,0.1405,0.10218168,83.16,0.097,0.0,BTC-27DEC19-8000-P,9449.23,80.15,0.0965,14.9,0.102,13.2,83.06,18.11056,-6.28166,-11.66906,7e-05,-0.26859
9582.73,BTC-27DEC19,1567076341392,open,0.0,384.0,0.0005,0.0115,0.00195604,96.61,0.0015,0.0,BTC-27DEC19-3000-P,9449.23,88.02,0.001,26.0,0.0025,10.0,100.29,1.30706,-0.52667,-0.33809,0.0,-0.00879
9450.07,SYN.BTC-30AUG19,1567076341392,open,0.81,0.0,0.764,0.8355,0.79893123,306.58,None,0.0,BTC-30AUG19-17000-P,9449.23,0.0,0.0,0.0,0.0,0.0,0.0,0.00118,-0.18109,-0.40784,0.0,-0.99994
9450.07,SYN.BTC-30AUG19,1567076341392,open,0.2,0.0,0.1905,0.222,0.20635437,0.0,0.2625,0.0,BTC-30AUG19-7500-C,9449.23,0.0,0.0,0.0,0.0,0.0,0.0,0.0,0.0,0.17994,0.0,1.0
9476.83,BTC-27SEP19,1567076341396,open,0.73,55.9,0.7265,0.746,0.73619913,112.28,0.689,0.0,BTC-27SEP19-2500-C,9449.23,0.0,0.005,10.0,0.823,5.0,500.0,0.00073,-0.00143,1.97774,0.0,0.99999
9476.83,BTC-27SEP19,1567076341396,open,0.47,789.2,0.462,0.486,0.47352837,104.79,0.5015,0.0,BTC-27SEP19-5000-C,9449.23,0.0,0.051,1.0,0.5475,5.0,299.56,0.72635,-1.31794,3.87019,1e-05,0.98974
9688.6,SYN.BTC-27MAR20,1567076341396,open,0.02,3.9,0.0045,0.042,0.01783229,94.77,0.0185,0.0,BTC-27MAR20-36000-C,9449.23,93.46,0.0165,0.1,0.019,6.0,95.87,10.08922,-2.26702,3.02431,2e-05,0.07186
9582.73,BTC-27DEC19,1567076341399,open,3.63,0.0,3.502,3.695,3.59440482,107.76,3.46,0.0,BTC-27DEC19-44000-P,9449.23,0.0,0.0,0.0,0.0,0.0,0.0,2.12798,-0.95641,-144.11131,1e-05,-0.98459
9456.76,SYN.BTC-6SEP19,1567076341405,open,0.23,1.0,0.193,0.2515,0.22069522,90.76,0.142,0.0,BTC-6SEP19-11500-P,9449.23,0.0,0.0,0.0,0.0,0.0,0.0,2.07815,-11.97462,-2.32624,0.00012,-0.91933
9582.73,BTC-27DEC19,1567076341407,open,4.47,0.8,4.3205,4.5435,4.42800275,109.97,3.59,0.0,BTC-27DEC19-52000-P,9449.23,0.0,0.001,1.0,0.0,0.0,0.0,1.32565,-0.60805,-170.55033,0.0,-0.99107
9450.07,SYN.BTC-30AUG19,1567076341407,open,0.0,85.5,0.0005,0.0105,0.0,120.0,0.0015,0.0,BTC-30AUG19-13500-C,9449.23,0.0,0.0,0.0,0.001,26.0,333.62,0.0,0.0,0.0,0.0,0.0
9476.83,BTC-27SEP19,1567076341417,open,0.3,99.7,0.2535,0.3295,0.290937,87.35,0.311,0.0,BTC-27SEP19-12000-P,9449.23,70.55,0.279,4.1,0.2975,0.4,95.35,7.48569,-11.32264,-8.17126,0.00012,-0.79896
9582.73,BTC-27DEC19,1567076341417,open,0.74,0.0,0.7305,0.75,0.74018914,102.19,None,0.0,BTC-27DEC19-2500-C,9449.23,0.0,0.0205,0.1,0.959,0.5,500.0,0.77108,-0.32865,8.02458,0.0,0.99516
9476.83,BTC-27SEP19,1567076341419,open,0.52,289.7,0.516,0.5375,0.5261398,118.12,0.588,0.0,BTC-27SEP19-4500-C,9449.23,0.0,0.002,1.1,0.582,5.0,299.44,0.58591,-1.19841,3.49248,1e-05,0.99197
9450.07,SYN.BTC-30AUG19,1567076341419,open,0.0,373.3,0.0005,0.0105,0.0,120.0,0.001,0.0,BTC-30AUG19-13000-C,9449.23,0.0,0.0,0.0,0.001,26.2,303.85,0.0,0.0,0.0,0.0,0.0
9476.83,BTC-27SEP19,1567076341421,open,0.0,586.8,0.0005,0.0105,1.576e-05,120.0,0.0005,0.0,BTC-27SEP19-3000-P,9449.23,0.0,0.0,0.0,0.0005,10.0,163.3,0.01774,-0.03685,-0.00142,0.0,-0.00017
9476.83,BTC-27SEP19,1567076341423,open,0.63,261.1,0.621,0.6405,0.63076854,119.82,0.714,0.0,BTC-27SEP19-3500-C,9449.23,0.0,0.161,1.0,0.659,10.0,300.35,0.08077,-0.16758,2.76154,0.0,0.99911
9450.07,SYN.BTC-30AUG19,1567076341423,open,0.0,183.3,0.0005,0.0105,1e-08,120.0,0.0025,0.0,BTC-30AUG19-12500-C,9449.23,0.0,0.0,0.0,0.001,26.0,272.37,3e-05,-0.00012,0.0,0.0,0.0
9582.73,BTC-27DEC19,1567076341426,open,0.36,63.0,0.335,0.3975,0.36691195,83.15,0.4965,0.0,BTC-27DEC19-6500-C,9449.23,73.72,0.355,8.0,0.3885,7.0,98.83,12.58734,-4.36574,15.32296,5e-05,0.85378
168.89,SYN.ETH-6SEP19,1567076341433,open,0.43,0.0,0.38,0.468,0.42196,108.17,None,0.0,ETH-6SEP19-240-P,168.74,0.0,0.0,0.0,0.0,0.0,0.0,0.0102,-0.07002,-0.05122,0.00153,-0.9835
9582.73,BTC-27DEC19,1567076341435,open,0.02,127.2,0.0085,0.04,0.02191221,83.82,0.016,0.0,BTC-27DEC19-5500-P,9449.23,81.56,0.02,19.0,0.023,19.0,85.07,8.26861,-2.8908,-3.25007,3e-05,-0.08136
9456.76,SYN.BTC-6SEP19,1567076341435,open,0.01,149.7,0.002,0.034,0.01483289,85.16,0.014,0.0,BTC-6SEP19-10500-C,9449.23,79.66,0.0125,35.0,0.015,33.3,85.55,4.10742,-22.20719,0.41757,0.00025,0.21947
9450.07,SYN.BTC-30AUG19,1567076341437,open,0.0,1495.2,0.0005,0.0105,3.668e-05,120.0,0.001,0.0,BTC-30AUG19-8000-P,9449.23,0.0,0.0,0.0,0.0005,16.8,163.35,0.03061,-0.34663,-0.00048,1e-05,-0.0021
9450.07,SYN.BTC-30AUG19,1567076341437,open,0.0,1153.8,0.0005,0.0105,0.0,120.0,0.001,0.0,BTC-30AUG19-7000-P,9449.23,0.0,0.0,0.0,0.0005,16.0,273.41,0.0,-1e-05,0.0,0.0,0.0
9456.75,SYN.BTC-6SEP19,1567076341439,open,0.03,101.1,0.007,0.0505,0.0270923,84.22,0.0255,0.0,BTC-6SEP19-10000-C,9449.23,80.35,0.025,0.1,0.027,0.1,84.05,5.13663,-27.46347,0.65561,0.00032,0.34839
9456.76,SYN.BTC-6SEP19,1567076341454,open,0.0,175.8,0.0005,0.013,0.00329125,100.65,0.003,0.0,BTC-6SEP19-7500-P,9449.23,95.06,0.0025,30.0,0.0035,4.6,101.99,1.4394,-9.19723,-0.10934,7e-05,-0.05029
9476.83,BTC-27SEP19,1567076341554,open,0.21,291.8,0.165,0.2415,0.20319411,85.82,0.2145,0.0,BTC-27SEP19-11000-P,9449.23,77.4,0.195,7.7,0.2095,14.2,92.1,9.39967,-13.9688,-6.69885,0.00015,-0.69031
9476.83,BTC-27SEP19,1567076341558,open,0.21,291.8,0.165,0.2415,0.20319411,85.82,0.2145,0.0,BTC-27SEP19-11000-P,9449.23,77.4,0.195,7.7,0.209,3.7,91.61,9.39967,-13.9688,-6.69885,0.00015,-0.69031
9688.6,SYN.BTC-27MAR20,1567076341609,open,0.15,120.4,0.1025,0.196,0.14961552,83.32,0.144,0.0,BTC-27MAR20-8000-P,9449.23,80.08,0.1415,13.0,0.153,18.0,84.67,24.25619,-4.79207,-23.37283,5e-05,-0.26794
168.89,SYN.ETH-6SEP19,1567076341618,open,0.49,0.0,0.437,0.529,0.48097,114.77,None,0.0,ETH-6SEP19-250-P,168.74,0.0,0.0,0.0,0.0,0.0,0.0,0.00801,-0.05838,-0.05351,0.00113,-0.98753
9456.75,SYN.BTC-6SEP19,1567076341623,open,0.11,9.0,0.089,0.1415,0.11592123,89.7,0.1115,0.0,BTC-6SEP19-8500-C,9449.23,80.83,0.1125,6.0,0.116,0.4,89.9,3.77799,-21.51563,1.41487,0.00022,0.80931
9688.63,SYN.BTC-27MAR20,1567076341658,open,0.13,6.2,0.083,0.186,0.13498299,85.4,0.1395,0.0,BTC-27MAR20-14000-C,9449.23,83.7,0.13,14.0,0.1395,4.0,86.93,28.5274,-5.77617,15.06776,6e-05,0.40417
9688.63,SYN.BTC-27MAR20,1567076341695,open,0.07,23.5,0.0305,0.111,0.06754388,88.81,0.069,0.0,BTC-27MAR20-20000-C,9449.23,87.7,0.065,1.0,0.069,4.9,89.44,22.40536,-4.71792,9.13878,5e-05,0.23081
9450.07,SYN.BTC-30AUG19,1567076341748,open,0.05,57.6,0.0285,0.078,0.05327101,113.28,0.05,0.0,BTC-30AUG19-9000-C,9449.23,79.09,0.0495,6.0,0.0535,0.4,115.04,1.22364,-69.30475,0.17335,0.0005,0.81785
9688.63,SYN.BTC-27MAR20,1567076341750,open,0.04,1.5,0.0125,0.071,0.0369742,90.69,0.037,0.0,BTC-27MAR20-26000-C,9449.23,88.26,0.033,16.0,0.039,6.0,91.88,16.26632,-3.49778,5.67936,3e-05,0.13844
168.89,SYN.ETH-6SEP19,1567076341856,open,0.17,0.0,0.148,0.206,0.177988,102.35,None,0.0,ETH-6SEP19-140-C,168.74,0.0,0.0,0.0,0.0,0.0,0.0,0.04125,-0.26804,0.02657,0.00655,0.90707
172.84,SYN.ETH-27MAR20,1567076341886,open,0.56,0.0,0.539,0.591,0.566366,90.04,None,0.0,ETH-27MAR20-80-C,168.74,0.0,0.03,1.0,0.0,0.0,0.0,0.17849,-0.03811,0.36203,0.00115,0.92891
9456.76,SYN.BTC-6SEP19,1567076341932,open,0.0,236.1,0.0005,0.0125,0.00258592,93.42,0.0025,0.0,BTC-6SEP19-12000-C,9449.23,89.11,0.002,11.3,0.003,35.4,96.14,1.38104,-8.19088,0.09217,8e-05,0.04775
9456.76,SYN.BTC-6SEP19,1567076341944,open,0.16,1.0,0.1385,0.1845,0.1611055,94.44,0.17,0.0,BTC-6SEP19-8000-C,9449.23,60.62,0.155,1.1,0.1705,1.1,124.66,2.45768,-14.73585,1.50545,0.00013,0.89889
9688.63,SYN.BTC-27MAR20,1567076341950,open,0.01,75.6,0.003,0.035,0.01384808,95.94,0.0115,0.0,BTC-27MAR20-40000-C,9449.23,94.34,0.0125,0.6,0.015,6.0,97.23,8.43568,-1.91898,2.41999,2e-05,0.05708
9450.07,SYN.BTC-30AUG19,1567076341964,open,0.17,134.2,0.1415,0.189,0.16410811,119.85,0.166,0.0,BTC-30AUG19-11000-P,9449.23,0.0,0.1535,4.1,0.172,0.4,261.65,0.07009,-4.2002,-0.26274,3e-05,-0.99473
172.84,SYN.ETH-27MAR20,1567076342050,open,0.4,0.0,0.36,0.445,0.405973,88.29,None,0.0,ETH-27MAR20-120-C,168.74,0.0,0.0,0.0,0.0,0.0,0.0,0.35608,-0.07454,0.40382,0.00234,0.81037
9456.75,SYN.BTC-6SEP19,1567076342089,open,0.13,141.2,0.0945,0.1565,0.125151,85.17,0.12,0.0,BTC-6SEP19-10500-P,9449.23,73.87,0.1205,4.0,0.128,0.4,91.56,4.1076,-22.20968,-1.84802,0.00025,-0.78051
9688.63,SYN.BTC-27MAR20,1567076342112,open,0.23,28.3,0.1815,0.2865,0.2367195,83.32,0.2325,0.0,BTC-27MAR20-10000-C,9449.23,82.73,0.235,0.5,0.2405,5.0,84.61,28.35264,-5.60118,20.62303,6e-05,0.60515
172.84,SYN.ETH-27MAR20,1567076342123,open,0.1,3.0,0.061,0.138,0.100217,88.27,0.066,0.0,ETH-27MAR20-120-P,168.74,84.75,0.093,140.0,0.106,374.0,91.07,0.35606,-0.07452,-0.28942,0.00234,-0.18962
9456.76,SYN.BTC-6SEP19,1567076342139,open,0.23,1.0,0.193,0.2515,0.22069252,90.76,0.142,0.0,BTC-6SEP19-11500-P,9449.23,0.0,0.0,0.0,0.99,0.4,500.0,2.07815,-11.97462,-2.32624,0.00012,-0.91933
9688.63,SYN.BTC-27MAR20,1567076342143,open,0.6,0.0,0.585,0.62,0.60164286,83.32,None,0.0,BTC-27MAR20-4000-C,9449.23,0.0,0.2,1.0,0.0,0.0,0.0,6.76712,-1.33682,19.87434,1e-05,0.9567
9456.76,SYN.BTC-6SEP19,1567076342175,open,0.05,76.2,0.02,0.0725,0.04659667,83.22,0.0445,0.0,BTC-6SEP19-9500-C,9449.23,78.79,0.044,18.0,0.047,0.4,83.91,5.54022,-29.2708,0.94455,0.00035,0.50949
9688.63,SYN.BTC-27MAR20,1567076342184,open,0.59,11.7,0.5095,0.649,0.57998915,85.4,0.545,0.0,BTC-27MAR20-14000-P,9449.23,59.38,0.5075,1.0,0.6475,1.0,107.91,28.52773,-5.77655,-65.81579,6e-05,-0.59581
9688.63,SYN.BTC-27MAR20,1567076342190,open,1.15,0.0,1.0585,1.2095,1.1318384,88.82,None,0.0,BTC-27MAR20-20000-P,9449.23,0.0,0.0005,2.0,1.379,1.0,175.15,22.40753,-4.71882,-106.40838,5e-05,-0.76915
172.84,SYN.ETH-27MAR20,1567076342367,open,0.21,375.0,0.152,0.262,0.21125,88.28,0.207,0.0,ETH-27MAR20-200-C,168.74,85.21,0.202,120.0,0.218,2.0,90.52,0.52047,-0.10894,0.33524,0.00342,0.54697
9456.76,SYN.BTC-6SEP19,1567076342459,open,0.28,20.0,0.2445,0.302,0.27152086,93.43,0.247,0.0,BTC-6SEP19-12000-P,9449.23,0.0,0.2585,1.1,0.279,1.1,127.16,1.38137,-8.19352,-2.49707,8e-05,-0.95223
9688.63,SYN.BTC-27MAR20,1567076342528,open,0.77,0.0,0.684,0.8285,0.75613533,86.39,None,0.0,BTC-27MAR20-16000-P,9449.31,0.0,0.0005,5.0,0.0,0.0,0.0,26.71955,-5.47302,-79.74152,6e-05,-0.66845
9456.76,SYN.BTC-6SEP19,1567076342529,open,0.01,126.1,0.0005,0.023,0.0079075,86.71,0.008,0.0,BTC-6SEP19-11000-C,9449.31,85.39,0.0075,1.5,0.008,30.1,87.01,2.94952,-16.23738,0.25055,0.00018,0.1307
9688.63,SYN.BTC-27MAR20,1567076342528,open,1.94,0.0,1.8455,2.008,1.92214717,92.1,None,0.0,BTC-27MAR20-28000-P,9449.31,0.0,0.0,0.0,0.0,0.0,0.0,14.88687,-3.2508,-156.74999,3e-05,-0.8782
9456.76,SYN.BTC-6SEP19,1567076342528,open,0.18,44.2,0.1425,0.202,0.17109753,86.71,0.16,0.0,BTC-6SEP19-11000-P,9449.31,0.0,0.1595,4.0,0.179,1.1,108.65,2.94963,-16.23835,-2.12293,0.00018,-0.8693
9456.76,SYN.BTC-6SEP19,1567076342528,open,0.33,0.0,0.296,0.354,0.32326783,96.07,None,0.0,BTC-6SEP19-12500-P,9449.31,0.0,0.0,0.0,0.0,0.0,0.0,0.90028,-5.49093,-2.64241,5e-05,-0.97171
9688.63,SYN.BTC-27MAR20,1567076342528,open,1.34,0.0,1.2515,1.4035,1.32433059,88.99,None,0.0,BTC-27MAR20-22000-P,9449.31,0.0,0.0,0.0,0.0,0.0,0.0,20.04798,-4.23005,-119.41422,4e-05,-0.80901
168.89,SYN.ETH-6SEP19,1567076342598,open,0.08,0.0,0.047,0.114,0.082446,91.14,None,0.0,ETH-6SEP19-160-C,168.74,82.59,0.078,120.0,0.086,120.0,97.87,0.08859,-0.51257,0.02182,0.01579,0.68109
172.84,SYN.ETH-27MAR20,1567076342621,open,0.56,130.0,0.465,0.622,0.546133,89.27,0.417,0.0,ETH-27MAR20-240-P,168.74,84.88,0.533,24.0,0.565,120.0,95.54,0.51866,-0.10979,-1.102,0.00337,-0.55745
168.89,SYN.ETH-6SEP19,1567076342700,open,0.03,451.0,0.008,0.057,0.029833,91.15,0.028,0.0,ETH-6SEP19-160-P,168.74,85.73,0.027,160.0,0.032,410.0,95.27,0.08859,-0.51269,-0.01271,0.01579,-0.31894
172.84,SYN.ETH-27MAR20,1567076342707,open,0.12,108.0,0.068,0.167,0.119194,89.96,0.135,0.0,ETH-27MAR20-280-C,168.74,86.7,0.11,247.0,0.127,357.0,92.7,0.49058,-0.10464,0.23854,0.00316,0.35807
168.89,SYN.ETH-6SEP19,1567076342878,open,0.06,369.0,0.023,0.089,0.055666,89.03,0.066,0.0,ETH-6SEP19-170-P,168.74,82.77,0.052,120.0,0.058,200.0,93.01,0.09896,-0.55931,-0.02003,0.01806,-0.49395
172.84,SYN.ETH-27MAR20,1567076342881,open,0.1,14.0,0.049,0.14,0.094619,91.72,0.104,0.0,ETH-27MAR20-320-C,168.74,89.95,0.09,2.0,0.098,110.0,93.0,0.45423,-0.09878,0.20143,0.00287,0.29634
172.84,SYN.ETH-27MAR20,1567076342961,open,0.96,1.0,0.856,1.035,0.946042,91.72,0.827,0.0,ETH-27MAR20-320-P,168.74,0.0,0.0,0.0,0.0,0.0,0.0,0.45423,-0.09878,-1.64734,0.00287,-0.70366
172.84,SYN.ETH-27MAR20,1567076343125,open,1.17,0.0,1.063,1.25,1.155722,91.72,None,0.0,ETH-27MAR20-360-P,168.74,0.0,0.0,0.0,0.0,0.0,0.0,0.4091,-0.08897,-1.91224,0.00258,-0.75925
168.89,SYN.ETH-6SEP19,1567076343206,open,0.0,5.0,0.001,0.011,0.000579,121.74,0.002,0.0,ETH-6SEP19-260-C,168.74,0.0,0.0,0.0,0.001,200.0,130.48,0.00666,-0.05146,0.00035,0.00089,0.01008
171.06,ETH-27DEC19,1567076343212,open,0.0,3223.0,0.001,0.013,0.003173,107.43,0.002,0.0,ETH-27DEC19-760-C,168.74,101.83,0.002,50.0,0.004,200.0,110.54,0.04182,-0.01874,0.0079,0.00041,0.01724
171.06,ETH-27DEC19,1567076343214,open,0.09,2811.0,0.051,0.134,0.093368,90.56,0.09,0.0,ETH-27DEC19-240-C,168.74,89.91,0.092,30.0,0.095,200.0,91.33,0.36203,-0.13674,0.14258,0.00416,0.34716
168.76,SYN.ETH-30AUG19,1567076343214,open,0.0,2280.0,0.001,0.011,0.0,125.0,0.003,0.0,ETH-30AUG19-320-C,168.74,0.0,0.0,0.0,0.001,200.0,500.0,0.0,0.0,0.0,0.0,0.0
168.76,SYN.ETH-30AUG19,1567076343216,open,0.19,763.0,0.151,0.222,0.185196,125.0,0.187,0.0,ETH-30AUG19-200-P,168.74,0.0,0.0,0.0,0.19,200.0,247.99,0.00076,-0.04779,-0.00479,0.0009,-0.99696
168.76,SYN.ETH-30AUG19,1567076343216,open,0.0,1540.0,0.001,0.011,3e-06,125.0,0.002,0.0,ETH-30AUG19-210-C,168.74,0.0,0.0,0.0,0.001,200.0,222.02,6e-05,-0.00051,0.0,7e-05,0.0002
169.28,ETH-27SEP19,1567076343218,open,0.0,6011.0,0.001,0.011,2.6e-05,125.0,0.002,0.0,ETH-27SEP19-600-C,168.74,0.0,0.0,0.0,0.001,499.0,168.17,0.00054,-0.00117,4e-05,2e-05,0.00031
169.28,ETH-27SEP19,1567076343218,open,0.78,850.0,0.722,0.834,0.775458,101.91,0.8,0.0,ETH-27SEP19-300-P,168.74,0.0,0.049,15.0,1.82,5.0,500.0,0.03412,-0.06021,-0.23349,0.00148,-0.96806
169.28,ETH-27SEP19,1567076343220,open,0.0,839.0,0.001,0.011,9.4e-05,125.0,0.001,0.0,ETH-27SEP19-60-P,168.74,0.0,0.0,0.0,0.001,200.0,161.12,0.00143,-0.00311,-0.00013,5e-05,-0.00089
169.28,ETH-27SEP19,1567076343220,open,0.08,8187.0,0.04,0.106,0.072603,89.67,0.072,0.0,ETH-27SEP19-160-P,168.74,86.25,0.069,128.0,0.075,379.0,91.94,0.17868,-0.27743,-0.05838,0.00879,-0.3633
168.76,SYN.ETH-30AUG19,1567076343220,open,0.23,0.0,0.206,0.252,0.229659,125.15,None,0.0,ETH-30AUG19-130-C,168.74,0.0,0.0,0.0,0.0,0.0,0.0,0.0,-0.00021,0.00312,0.0,0.99999
168.76,SYN.ETH-30AUG19,1567076343220,open,0.0,1164.0,0.001,0.011,0.00055,121.59,0.001,0.0,ETH-30AUG19-190-C,168.74,0.0,0.0,0.0,0.001,200.0,134.55,0.00482,-0.09278,0.0001,0.0058,0.02494
171.06,ETH-27DEC19,1567076343222,open,0.92,101.0,0.837,0.99,0.912513,92.87,0.513,0.0,ETH-27DEC19-320-P,168.74,0.0,0.006,5.0,0.0,0.0,0.0,0.25835,-0.10008,-0.97264,0.00289,-0.81875
168.76,SYN.ETH-30AUG19,1567076343222,open,0.55,0.0,0.496,0.588,0.540683,0.0,0.218,0.0,ETH-30AUG19-260-P,168.74,0.0,0.0,0.0,0.0,0.0,0.0,0.0,0.0,-0.00624,0.0,-1.0
168.76,SYN.ETH-30AUG19,1567076343222,open,1.14,0.0,1.072,1.199,1.133253,0.0,None,0.0,ETH-30AUG19-360-P,168.74,0.0,0.0,0.0,0.0,0.0,0.0,0.0,0.0,-0.00864,0.0,-1.0
168.76,SYN.ETH-30AUG19,1567076343222,open,0.13,1118.0,0.094,0.163,0.126433,121.59,0.129,0.0,ETH-30AUG19-190-P,168.74,0.0,0.106,1.0,0.131,202.0,193.96,0.00482,-0.2931,-0.00446,0.0058,-0.97506
169.28,ETH-27SEP19,1567076343224,open,2.33,24.0,2.212,2.41,2.308183,125.0,1.356,0.0,ETH-27SEP19-560-P,168.74,0.0,0.0,0.0,0.0,0.0,0.0,0.00104,-0.00225,-0.44295,4e-05,-0.99937
169.28,ETH-27SEP19,1567076343224,open,1.38,79.0,1.295,1.438,1.363568,115.45,0.351,0.0,ETH-27SEP19-400-P,168.74,0.0,0.0,0.0,0.0,0.0,0.0,0.00864,-0.01728,-0.31566,0.00033,-0.99354
169.28,ETH-27SEP19,1567076343224,open,0.01,9308.0,0.001,0.024,0.010765,95.76,0.011,0.0,ETH-27SEP19-120-P,168.74,91.33,0.009,160.0,0.012,140.0,98.68,0.07009,-0.11623,-0.01202,0.00323,-0.07897
169.28,ETH-27SEP19,1567076343228,open,0.04,1668.0,0.017,0.068,0.041625,89.67,0.043,0.0,ETH-27SEP19-200-C,168.74,85.91,0.038,116.0,0.044,372.0,92.1,0.16461,-0.25559,0.03411,0.0081,0.2963
171.06,ETH-27DEC19,1567076343228,open,3.24,0.0,3.088,3.347,3.212042,103.56,None,0.0,ETH-27DEC19-720-P,168.74,0.0,0.003,5.0,0.0,0.0,0.0,0.04092,-0.01767,-2.35691,0.00041,-0.9832
169.28,ETH-27SEP19,1567076343243,open,0.44,2548.0,0.382,0.482,0.430583,92.49,0.435,0.0,ETH-27SEP19-240-P,168.74,0.0,0.053,5.0,0.63,8.0,295.46,0.09114,-0.14596,-0.17648,0.00435,-0.88722
169.28,ETH-27SEP19,1567076343243,open,0.23,2866.0,0.176,0.269,0.2231,89.67,0.247,0.0,ETH-27SEP19-200-P,168.74,71.09,0.206,110.0,0.23,310.0,96.66,0.16461,-0.25559,-0.12412,0.0081,-0.7037
169.28,ETH-27SEP19,1567076343243,open,0.0,5439.0,0.001,0.011,0.000253,125.0,0.001,0.0,ETH-27SEP19-480-C,168.74,0.0,0.0,0.0,0.001,200.0,142.96,0.00389,-0.00842,0.00032,0.00014,0.00265
171.06,ETH-27DEC19,1567076343247,open,0.01,1336.0,0.002,0.028,0.01199,98.19,0.011,0.0,ETH-27DEC19-480-C,168.74,95.13,0.01,110.0,0.014,150.0,100.99,0.11724,-0.04801,0.02714,0.00124,0.0603
168.76,SYN.ETH-30AUG19,1567076343247,open,0.0,10.0,0.001,0.011,0.0,125.0,0.002,0.0,ETH-30AUG19-250-C,168.74,0.0,0.0,0.0,0.001,200.0,361.85,0.0,0.0,0.0,0.0,0.0
168.76,SYN.ETH-30AUG19,1567076343247,open,0.0,873.0,0.001,0.011,0.0,125.0,0.003,0.0,ETH-30AUG19-300-C,168.74,0.0,0.0,0.0,0.001,200.0,498.28,0.0,0.0,0.0,0.0,0.0
169.28,ETH-27SEP19,1567076343249,open,0.33,1777.0,0.274,0.371,0.322215,90.32,0.31,0.0,ETH-27SEP19-220-P,168.74,61.02,0.305,110.0,0.344,110.0,116.29,0.12616,-0.19731,-0.15259,0.00616,-0.81716
169.28,ETH-27SEP19,1567076343249,open,0.0,2200.0,0.001,0.014,0.004496,97.2,0.006,0.0,ETH-27SEP19-280-C,168.74,90.81,0.003,410.0,0.006,161.0,102.45,0.04448,-0.07487,0.00532,0.00202,0.0442
168.89,SYN.ETH-6SEP19,1567076343249,open,0.01,93.0,0.002,0.034,0.014238,89.86,0.021,0.0,ETH-6SEP19-190-C,168.74,81.77,0.011,160.0,0.014,2.0,89.28,0.07034,-0.40127,0.00693,0.01272,0.20428
168.76,SYN.ETH-30AUG19,1567076343249,open,0.43,382.0,0.381,0.466,0.422168,0.0,0.303,0.0,ETH-30AUG19-240-P,168.74,0.0,0.0,0.0,0.0,0.0,0.0,0.0,0.0,-0.00576,0.0,-1.0
169.28,ETH-27SEP19,1567076343251,open,0.9,607.0,0.836,0.954,0.892532,104.64,0.761,0.0,ETH-27SEP19-320-P,168.74,0.0,0.0,0.0,1.39,1.0,500.0,0.02487,-0.04506,-0.25052,0.00105,-0.97812
169.28,ETH-27SEP19,1567076343251,open,0.0,2225.0,0.001,0.012,0.002173,104.64,0.002,0.0,ETH-27SEP19-320-C,168.74,94.5,0.001,8.0,0.003,360.0,109.68,0.02487,-0.04506,0.00264,0.00105,0.02188
169.28,ETH-27SEP19,1567076343251,open,0.0,3828.0,0.001,0.011,5.4e-05,125.0,0.001,0.0,ETH-27SEP19-560-C,168.74,0.0,0.0,0.0,0.001,299.0,160.47,0.00104,-0.00225,8e-05,4e-05,0.00063
168.76,SYN.ETH-30AUG19,1567076343253,open,0.0,4133.0,0.001,0.011,0.0,125.0,0.002,0.0,ETH-30AUG19-400-C,168.74,0.0,0.0,0.0,0.001,200.0,500.0,0.0,0.0,0.0,0.0,0.0
169.28,ETH-27SEP19,1567076343255,open,0.0,2907.0,0.001,0.011,0.000488,123.27,0.001,0.0,ETH-27SEP19-440-C,168.74,0.0,0.0,0.0,0.001,394.0,132.88,0.00678,-0.01448,0.00059,0.00024,0.00492
168.76,SYN.ETH-30AUG19,1567076343255,open,0.31,579.0,0.266,0.344,0.303655,124.74,0.29,0.0,ETH-30AUG19-220-P,168.74,0.0,0.0,0.0,0.0,0.0,0.0,0.0,-0.00019,-0.00528,0.0,-0.99999
171.06,ETH-27DEC19,1567076343257,open,2.53,0.0,2.407,2.63,2.513572,102.06,0.953,0.0,ETH-27DEC19-600-P,168.74,0.0,0.0,0.0,0.0,0.0,0.0,0.07023,-0.0299,-1.95601,0.00072,-0.96807
171.06,ETH-27DEC19,1567076343257,open,0.03,874.0,0.01,0.056,0.029411,94.25,0.029,0.0,ETH-27DEC19-360-C,168.74,91.41,0.026,110.0,0.032,40.0,96.3,0.21178,-0.08325,0.05877,0.00234,0.13402
169.28,ETH-27SEP19,1567076343257,open,2.09,12.0,1.983,2.167,2.07195,125.0,1.193,0.0,ETH-27SEP19-520-P,168.74,0.0,0.0,0.0,0.0,0.0,0.0,0.00201,-0.00435,-0.41122,7e-05,-0.99872
168.76,SYN.ETH-30AUG19,1567076343257,open,0.17,0.0,0.145,0.195,0.170419,125.0,None,0.0,ETH-30AUG19-140-C,168.74,0.0,0.0,0.0,0.0,0.0,0.0,0.00029,-0.01786,0.00335,0.00033,0.99897
171.06,ETH-27DEC19,1567076343259,open,1.83,21.0,1.728,1.916,1.818023,98.19,0.629,0.0,ETH-27DEC19-480-P,168.74,0.0,0.001,7.0,0.0,0.0,0.0,0.11724,-0.04801,-1.54931,0.00124,-0.9397
171.06,ETH-27DEC19,1567076343259,open,1.37,16.0,1.279,1.448,1.360524,96.47,1.195,0.0,ETH-27DEC19-400-P,168.74,0.0,0.001,8.0,0.0,0.0,0.0,0.17681,-0.07115,-1.26783,0.00191,-0.89617
169.28,ETH-27SEP19,1567076343261,open,0.3,47.0,0.274,0.328,0.30188,95.76,0.689,0.0,ETH-27SEP19-120-C,168.74,0.0,0.0,0.0,0.0,0.0,0.0,0.07009,-0.11623,0.08292,0.00323,0.92103
169.28,ETH-27SEP19,1567076343261,open,1.26,259.0,1.18,1.317,1.245779,115.23,0.94,0.0,ETH-27SEP19-380-P,168.74,0.0,0.009,8.0,0.0,0.0,0.0,0.0125,-0.02494,-0.29944,0.00048,-0.99017
169.28,ETH-27SEP19,1567076343261,open,0.53,0.0,0.513,0.542,0.527917,109.28,None,0.0,ETH-27SEP19-80-C,168.74,0.0,0.003,10.0,0.0,0.0,0.0,0.0066,-0.01249,0.06258,0.00027,0.99523
171.06,ETH-27DEC19,1567076343261,open,1.6,0.0,1.503,1.681,1.588389,97.4,None,0.0,ETH-27DEC19-440-P,168.74,0.0,0.001,8.0,0.0,0.0,0.0,0.14403,-0.05851,-1.40992,0.00154,-0.92124
169.28,ETH-27SEP19,1567076343261,open,0.0,7916.0,0.001,0.011,2e-06,125.0,0.001,0.0,ETH-27SEP19-760-C,168.74,0.0,0.0,0.0,0.001,200.0,194.0,4e-05,-9e-05,0.0,0.0,2e-05
169.28,ETH-27SEP19,1567076343261,open,1.14,233.0,1.065,1.196,1.127785,110.6,0.634,0.0,ETH-27SEP19-360-P,168.74,0.0,0.5,44.0,0.0,0.0,0.0,0.01444,-0.02766,-0.2834,0.00058,-0.9884
171.06,ETH-27DEC19,1567076343263,open,2.07,37.0,1.954,2.153,2.049341,99.72,0.707,0.0,ETH-27DEC19-520-P,168.74,0.0,0.002,25.0,0.0,0.0,0.0,0.09865,-0.04103,-1.6859,0.00103,-0.95152
168.76,SYN.ETH-30AUG19,1567076343263,open,0.91,0.0,0.841,0.954,0.896225,0.0,None,0.0,ETH-30AUG19-320-P,168.74,0.0,0.0,0.0,0.0,0.0,0.0,0.0,0.0,-0.00768,0.0,-1.0
168.76,SYN.ETH-30AUG19,1567076343263,open,0.11,40.0,0.084,0.139,0.111743,125.0,0.105,0.0,ETH-30AUG19-150-C,168.74,0.0,0.108,40.0,0.114,40.0,171.06,0.00488,-0.30491,0.00349,0.00571,0.97471
169.28,ETH-27SEP19,1567076343265,open,0.0,3439.0,0.001,0.011,6e-06,125.0,0.001,0.0,ETH-27SEP19-680-C,168.74,0.0,0.0,0.0,0.001,200.0,181.95,0.00015,-0.00033,1e-05,1e-05,8e-05
171.06,ETH-27DEC19,1567076343267,open,0.35,0.0,0.317,0.391,0.356564,87.37,None,0.0,ETH-27DEC19-120-C,168.74,0.0,0.1,10.0,2.47,1.0,500.0,0.24707,-0.09004,0.26658,0.00294,0.83107
168.76,SYN.ETH-30AUG19,1567076343267,open,0.0,355.0,0.001,0.011,0.0,125.0,0.001,0.0,ETH-30AUG19-230-C,168.74,0.0,0.0,0.0,0.001,251.0,296.44,0.0,0.0,0.0,0.0,0.0
168.76,SYN.ETH-30AUG19,1567076343273,open,0.0,1076.0,0.001,0.011,0.0,125.0,0.001,0.0,ETH-30AUG19-240-C,168.74,0.0,0.0,0.0,0.001,200.0,330.11,0.0,0.0,0.0,0.0,0.0
171.06,ETH-27DEC19,1567076343279,open,0.06,5970.0,0.03,0.088,0.058072,87.37,0.054,0.0,ETH-27DEC19-120-P,168.74,83.83,0.053,289.0,0.06,140.0,88.7,0.24707,-0.09004,-0.12753,0.00294,-0.16893
169.28,ETH-27SEP19,1567076343279,open,0.0,5474.0,0.001,0.012,0.002547,99.96,0.004,0.0,ETH-27SEP19-100-P,168.74,86.41,0.001,160.0,0.004,2.0,108.49,0.02505,-0.04336,-0.0033,0.00111,-0.02207
171.06,ETH-27DEC19,1567076343279,open,0.5,814.0,0.426,0.564,0.496384,90.56,0.366,0.0,ETH-27DEC19-240-P,168.74,74.12,0.463,120.0,1.398,1.0,500.0,0.36203,-0.13674,-0.64564,0.00416,-0.65284
168.76,SYN.ETH-30AUG19,1567076343281,open,0.01,3201.0,0.001,0.022,0.004179,107.54,0.003,0.0,ETH-30AUG19-160-P,168.74,96.59,0.003,19.0,0.006,485.0,122.53,0.01924,-0.70526,-0.00062,0.02619,-0.14966
168.76,SYN.ETH-30AUG19,1567076343281,open,0.01,539.0,0.001,0.04,0.014383,90.9,0.017,0.0,ETH-30AUG19-170-C,168.74,73.35,0.011,289.0,0.017,120.0,104.4,0.03264,-1.48354,0.00174,0.05256,0.44328
168.76,SYN.ETH-30AUG19,1567076343281,open,0.0,347.0,0.001,0.011,0.0,125.0,0.001,0.0,ETH-30AUG19-260-C,168.74,0.0,0.0,0.0,0.001,208.0,391.88,0.0,0.0,0.0,0.0,0.0
168.76,SYN.ETH-30AUG19,1567076343281,open,0.37,2.0,0.324,0.405,0.362911,0.0,0.144,0.0,ETH-30AUG19-230-P,168.74,0.0,0.0,0.0,0.0,0.0,0.0,0.0,0.0,-0.00552,0.0,-1.0
169.28,ETH-27SEP19,1567076343283,open,2.56,27.0,2.441,2.653,2.544449,125.0,1.044,0.0,ETH-27SEP19-600-P,168.74,0.0,0.0,0.0,0.0,0.0,0.0,0.00054,-0.00117,-0.47463,2e-05,-0.99969
169.28,ETH-27SEP19,1567076343283,open,0.41,0.0,0.392,0.431,0.41181,99.96,None,0.0,ETH-27SEP19-100-C,168.74,0.0,0.003,20.0,0.0,0.0,0.0,0.02505,-0.04336,0.07582,0.00111,0.97793
171.06,ETH-27DEC19,1567076343283,open,0.16,2431.0,0.11,0.208,0.160639,87.37,0.161,0.0,ETH-27DEC19-160-P,168.74,84.25,0.154,32.0,0.165,200.0,89.43,0.36331,-0.1324,-0.28719,0.00433,-0.35054
171.06,ETH-27DEC19,1567076343283,open,2.77,0.0,2.634,2.869,2.746321,103.21,None,0.0,ETH-27DEC19-640-P,168.74,0.0,0.0,0.0,0.0,0.0,0.0,0.06016,-0.0259,-2.08982,0.00061,-0.9735
171.06,ETH-27DEC19,1567076343285,open,0.02,680.0,0.004,0.035,0.016192,97.4,0.02,0.0,ETH-27DEC19-440-C,168.74,94.69,0.014,110.0,0.018,40.0,99.49,0.14403,-0.05851,0.03515,0.00154,0.07876
171.06,ETH-27DEC19,1567076343285,open,0.04,1039.0,0.016,0.072,0.041825,92.87,0.062,0.0,ETH-27DEC19-320-C,168.74,90.29,0.038,110.0,0.045,32.0,94.94,0.25835,-0.10008,0.07833,0.00289,0.18125
171.06,ETH-27DEC19,1567076343289,open,3.0,0.0,2.861,3.107,2.978992,103.21,None,0.0,ETH-27DEC19-680-P,168.74,0.0,0.0,0.0,0.0,0.0,0.0,0.04908,-0.02113,-2.22374,0.00049,-0.9792
171.06,ETH-27DEC19,1567076343289,open,2.3,0.0,2.18,2.39,2.280784,100.03,0.845,0.0,ETH-27DEC19-560-P,168.74,0.0,0.0,0.0,0.0,0.0,0.0,0.07993,-0.03335,-1.82217,0.00083,-0.96263
169.28,ETH-27SEP19,1567076343289,open,0.0,2060.0,0.001,0.011,0.000506,109.28,0.003,0.0,ETH-27SEP19-80-P,168.74,0.0,0.0,0.0,0.001,10.0,119.11,0.0066,-0.01249,-0.00071,0.00027,-0.00477
171.06,ETH-27DEC19,1567076343289,open,0.01,3027.0,0.001,0.017,0.006031,102.06,0.004,0.0,ETH-27DEC19-600-C,168.74,99.39,0.005,2.0,0.007,110.0,104.3,0.07023,-0.0299,0.01455,0.00072,0.03193
169.28,ETH-27SEP19,1567076343291,open,0.13,392.0,0.089,0.161,0.127423,89.67,0.125,0.0,ETH-27SEP19-160-C,168.74,85.47,0.123,96.0,0.131,110.0,93.05,0.17868,-0.27743,0.0682,0.00879,0.6367
171.06,ETH-27DEC19,1567076343291,open,0.02,2002.0,0.006,0.045,0.022163,96.47,0.02,0.0,ETH-27DEC19-400-C,168.74,94.32,0.02,9.0,0.024,40.0,98.21,0.17681,-0.07115,0.04588,0.00191,0.10383
168.76,SYN.ETH-30AUG19,1567076343291,open,0.67,0.0,0.611,0.71,0.659197,0.0,None,0.0,ETH-30AUG19-280-P,168.74,0.0,0.0,0.0,0.0,0.0,0.0,0.0,0.0,-0.00672,0.0,-1.0
168.76,SYN.ETH-30AUG19,1567076343291,open,1.38,0.0,1.302,1.443,1.370281,0.0,None,0.0,ETH-30AUG19-400-P,168.74,0.0,0.0,0.0,0.0,0.0,0.0,0.0,0.0,-0.0096,0.0,-1.0
171.06,ETH-27DEC19,1567076343298,open,1.15,257.0,1.056,1.217,1.133936,94.25,0.947,0.0,ETH-27DEC19-360-P,168.74,0.0,0.008,4.0,1.59,1.0,312.95,0.21178,-0.08325,-1.12357,0.00234,-0.86598
169.28,ETH-27SEP19,1567076343300,open,0.64,0.0,0.635,0.656,0.645652,125.0,0.01,0.0,ETH-27SEP19-60-C,168.74,0.0,0.003,10.0,0.0,0.0,0.0,0.00143,-0.00311,0.04734,5e-05,0.99911
169.28,ETH-27SEP19,1567076343308,open,1.61,0.0,1.524,1.681,1.599732,123.27,None,0.0,ETH-27SEP19-440-P,168.74,0.0,0.0,0.0,0.0,0.0,0.0,0.00678,-0.01448,-0.3475,0.00024,-0.99508
171.06,ETH-27DEC19,1567076343315,open,0.71,432.0,0.626,0.772,0.698813,91.87,0.66,0.0,ETH-27DEC19-280-P,168.74,62.16,0.654,120.0,1.631,1.0,500.0,0.3119,-0.11951,-0.81363,0.00353,-0.74943
169.28,ETH-27SEP19,1567076343315,open,0.67,727.0,0.607,0.714,0.658561,97.2,0.534,0.0,ETH-27SEP19-280-P,168.74,0.0,0.002,20.0,0.9,5.0,362.98,0.04448,-0.07487,-0.2162,0.00202,-0.9558
169.28,ETH-27SEP19,1567076343317,open,0.55,1238.0,0.494,0.596,0.543306,94.6,0.421,0.0,ETH-27SEP19-260-P,168.74,0.0,0.007,15.0,0.0,0.0,0.0,0.06356,-0.10412,-0.19737,0.00296,-0.93052
169.28,ETH-27SEP19,1567076343317,open,0.03,8493.0,0.012,0.055,0.031384,91.74,0.033,0.0,ETH-27SEP19-140-P,168.74,89.94,0.03,128.0,0.033,140.0,93.82,0.13067,-0.20758,-0.03012,0.00628,-0.19352
169.28,ETH-27SEP19,1567076343317,open,1.85,0.0,1.753,1.923,1.835792,125.0,None,0.0,ETH-27SEP19-480-P,168.74,0.0,0.0,0.0,0.0,0.0,0.0,0.00389,-0.00842,-0.37941,0.00014,-0.99735
171.06,ETH-27DEC19,1567076343317,open,0.01,2188.0,0.001,0.019,0.007079,100.03,0.007,0.0,ETH-27DEC19-560-C,168.74,95.08,0.005,110.0,0.009,150.0,103.84,0.07993,-0.03335,0.01702,0.00083,0.03737
171.06,ETH-27DEC19,1567076343317,open,0.01,2157.0,0.001,0.024,0.009472,99.72,0.01,0.0,ETH-27DEC19-520-C,168.74,95.03,0.007,110.0,0.011,40.0,102.25,0.09865,-0.04103,0.02192,0.00103,0.04848
171.06,ETH-27DEC19,1567076343320,open,0.22,63.0,0.175,0.268,0.225295,87.37,0.256,0.0,ETH-27DEC19-160-C,168.74,84.88,0.22,1.0,0.232,24.0,90.53,0.36331,-0.1324,0.2383,0.00433,0.64946
169.28,ETH-27SEP19,1567076343322,open,0.14,6535.0,0.095,0.18,0.138226,89.67,0.133,0.0,ETH-27SEP19-180-P,168.74,84.97,0.133,96.0,0.138,25.0,89.46,0.18864,-0.2929,-0.09173,0.00928,-0.54671
168.76,SYN.ETH-30AUG19,1567076343322,open,0.79,0.0,0.726,0.832,0.777711,0.0,None,0.0,ETH-30AUG19-300-P,168.74,0.0,0.0,0.0,0.0,0.0,0.0,0.0,0.0,-0.0072,0.0,-1.0
169.28,ETH-27SEP19,1567076343324,open,0.2,191.0,0.169,0.236,0.204352,91.74,0.5,0.0,ETH-27SEP19-140-C,168.74,0.0,0.0,0.0,0.0,0.0,0.0,0.13067,-0.20758,0.08064,0.00628,0.80648
168.76,SYN.ETH-30AUG19,1567076343324,open,0.03,965.0,0.001,0.051,0.021752,90.9,0.024,0.0,ETH-30AUG19-170-P,168.74,71.43,0.018,122.0,0.026,120.0,112.8,0.03264,-1.48354,-0.00234,0.05256,-0.55672
168.76,SYN.ETH-30AUG19,1567076343324,open,0.25,1.0,0.209,0.283,0.2444,124.99,0.102,0.0,ETH-30AUG19-210-P,168.74,0.0,0.0,0.0,0.0,0.0,0.0,6e-05,-0.0039,-0.00504,7e-05,-0.9998
169.28,ETH-27SEP19,1567076343326,open,3.04,0.0,2.9,3.141,3.017019,125.0,None,0.0,ETH-27SEP19-680-P,168.74,0.0,0.0,0.0,0.0,0.0,0.0,0.00015,-0.00033,-0.53795,1e-05,-0.99992
171.06,ETH-27DEC19,1567076343326,open,3.47,0.0,3.315,3.588,3.446059,107.43,None,0.0,ETH-27DEC19-760-P,168.74,0.0,0.0,0.0,0.0,0.0,0.0,0.04182,-0.01874,-2.48814,0.00041,-0.98276
168.76,SYN.ETH-30AUG19,1567076343326,open,0.49,0.0,0.439,0.527,0.481426,0.0,None,0.0,ETH-30AUG19-250-P,168.74,0.0,0.0,0.0,0.0,0.0,0.0,0.0,0.0,-0.006,0.0,-1.0
172.84,SYN.ETH-27MAR20,1567076343328,open,1.39,0.0,1.278,1.473,1.373693,93.0,None,0.0,ETH-27MAR20-400-P,168.74,0.0,0.0,0.0,0.0,0.0,0.0,0.37028,-0.08165,-2.16833,0.00231,-0.79774
168.76,SYN.ETH-30AUG19,1567076343328,open,1.03,0.0,0.957,1.077,1.014739,0.0,None,0.0,ETH-30AUG19-340-P,168.74,0.0,0.0,0.0,0.0,0.0,0.0,0.0,0.0,-0.00816,0.0,-1.0
168.89,SYN.ETH-6SEP19,1567076343357,open,0.14,186.0,0.1,0.179,0.139249,89.86,0.147,0.0,ETH-6SEP19-190-P,168.74,73.5,0.133,450.0,0.144,200.0,100.78,0.07034,-0.40127,-0.03407,0.01272,-0.79572
168.89,SYN.ETH-6SEP19,1567076343362,open,0.55,0.0,0.495,0.589,0.540067,121.74,None,0.0,ETH-6SEP19-260-P,168.74,0.0,0.0,0.0,0.0,0.0,0.0,0.00666,-0.05146,-0.05575,0.00089,-0.98992
172.84,SYN.ETH-27MAR20,1567076343410,open,0.05,7.0,0.018,0.082,0.04693,93.0,0.062,0.0,ETH-27MAR20-440-C,168.74,89.22,0.04,291.0,0.051,110.0,95.11,0.32792,-0.07231,0.11932,0.00204,0.16642
168.89,SYN.ETH-6SEP19,1567076343433,open,0.23,0.0,0.207,0.259,0.233223,108.75,None,0.0,ETH-6SEP19-130-C,168.74,0.0,0.0,0.0,0.0,0.0,0.0,0.02262,-0.15617,0.02638,0.00338,0.95711
172.84,SYN.ETH-27MAR20,1567076343483,open,1.61,0.0,1.494,1.697,1.592637,93.0,None,0.0,ETH-27MAR20-440-P,168.74,0.0,0.0,0.0,0.0,0.0,0.0,0.32792,-0.07231,-2.42275,0.00204,-0.83358
168.89,SYN.ETH-6SEP19,1567076343506,open,0.01,488.0,0.001,0.023,0.007507,92.33,0.005,0.0,ETH-6SEP19-200-C,168.74,78.66,0.004,500.0,0.008,200.0,94.0,0.0494,-0.28959,0.00407,0.00869,0.11923
9476.93,BTC-27SEP19,1567076343536,open,0.0,49.2,0.0005,0.0105,4.029e-05,120.0,0.0015,0.0,BTC-27SEP19-3250-P,9449.3,0.0,0.0,0.0,0.001,67.0,165.96,0.04027,-0.08368,-0.00345,0.0,-0.00042
9582.84,BTC-27DEC19,1567076343536,open,0.3,91.7,0.2585,0.334,0.29771878,83.15,0.3515,0.0,BTC-27DEC19-7500-C,9449.3,78.94,0.2905,10.0,0.298,11.2,83.32,16.50628,-5.72493,14.99411,7e-05,0.77414
9582.84,BTC-27DEC19,1567076343536,open,0.01,147.5,0.0005,0.0255,0.00944519,96.98,0.0085,0.0,BTC-27DEC19-28000-C,9449.3,94.39,0.008,16.0,0.0095,15.0,97.08,5.60468,-2.26722,1.25574,2e-05,0.04934
9476.93,BTC-27SEP19,1567076343536,open,1.12,0.0,1.0695,1.157,1.11139409,108.14,0.691,0.0,BTC-27SEP19-20000-P,9449.3,0.0,0.005,10.0,1.4495,0.2,499.9,0.7492,-1.4029,-15.75016,1e-05,-0.98937
9582.84,BTC-27DEC19,1567076343536,open,0.01,343.9,0.0035,0.036,0.01525323,94.29,0.014,0.0,BTC-27DEC19-24000-C,9449.3,92.09,0.0135,6.1,0.016,18.1,95.18,7.89417,-3.10464,1.92844,3e-05,0.07653
9476.93,BTC-27SEP19,1567076343536,open,0.01,579.7,0.0005,0.0155,0.00527659,93.2,0.005,0.0,BTC-27SEP19-15000-C,9449.3,88.63,0.004,54.0,0.006,29.9,95.51,2.85986,-4.61515,0.35438,4e-05,0.05254
9582.84,BTC-27DEC19,1567076343536,open,0.0,314.1,0.0005,0.0125,0.00277782,107.6,0.0025,0.0,BTC-27DEC19-44000-C,9449.3,103.65,0.002,21.6,0.003,27.1,108.58,2.11006,-0.94702,0.39268,1e-05,0.01525
9476.93,BTC-27SEP19,1567076343536,open,0.04,679.6,0.0185,0.069,0.0424644,85.82,0.0415,0.0,BTC-27SEP19-11000-C,9449.3,83.83,0.0405,8.0,0.0425,2.0,85.85,9.3997,-13.96772,2.00342,0.00015,0.30968
9582.84,BTC-27DEC19,1567076343536,open,0.01,234.1,0.002,0.0295,0.01175393,95.47,0.011,0.0,BTC-27DEC19-26000-C,9449.3,93.58,0.0105,6.0,0.0125,15.0,96.53,6.58199,-2.62085,1.5332,2e-05,0.06047
9582.84,BTC-27DEC19,1567076343536,open,1.54,0.0,1.46,1.5875,1.5197535,94.32,None,0.0,BTC-27DEC19-24000-P,9449.3,0.0,0.006,1.0,2.272,0.2,500.0,7.9009,-3.10823,-76.89198,3e-05,-0.92339
9476.93,BTC-27SEP19,1567076343536,open,0.55,9.2,0.5425,0.5625,0.5521512,118.96,0.574,0.0,BTC-27SEP19-4250-C,9449.3,0.0,0.005,10.1,0.6005,5.0,300.1,0.39735,-0.81852,3.31888,0.0,0.99483
9582.84,BTC-27DEC19,1567076343536,open,0.22,396.1,0.1635,0.2645,0.21496051,83.16,0.213,0.0,BTC-27DEC19-10000-P,9449.3,81.19,0.2105,9.6,0.2165,4.1,83.84,21.66759,-7.51553,-20.63931,9e-05,-0.44083
9476.93,BTC-27SEP19,1567076343536,open,0.0,657.5,0.0005,0.0105,0.00053186,111.63,0.0005,0.0,BTC-27SEP19-22000-C,9449.3,0.0,0.0,0.0,0.001,26.1,119.54,0.43852,-0.84765,0.03935,1e-05,0.00578
9476.93,BTC-27SEP19,1567076343536,open,0.39,45.1,0.3505,0.425,0.38616761,89.09,0.2775,0.0,BTC-27SEP19-13000-P,9449.3,0.0,0.3705,3.0,0.3925,5.4,99.02,5.57659,-8.60225,-9.4334,9e-05,-0.87206
9476.93,BTC-27SEP19,1567076343536,open,0.7,34.4,0.656,0.7325,0.69209027,97.36,0.396,0.0,BTC-27SEP19-16000-P,9449.3,0.0,0.005,10.0,1.08,0.2,500.0,2.19837,-3.70615,-12.40202,3e-05,-0.9621
9582.84,BTC-27DEC19,1567076343536,open,0.06,288.7,0.033,0.092,0.0613692,83.16,0.06,0.0,BTC-27DEC19-7000-P,9449.3,80.28,0.057,14.9,0.061,11.2,82.91,14.64827,-5.08068,-7.7469,6e-05,-0.18478
9582.84,BTC-27DEC19,1567076343536,open,0.16,575.2,0.1075,0.1985,0.1537522,83.16,0.157,0.0,BTC-27DEC19-9000-P,9449.3,80.47,0.148,21.9,0.154,3.8,83.27,20.45989,-7.0966,-16.03405,8e-05,-0.35571
9476.93,BTC-27SEP19,1567076343536,open,1.76,0.0,1.69,1.801,1.74374902,121.19,None,0.0,BTC-27SEP19-26000-P,9449.3,0.0,0.0,0.0,0.0,0.0,0.0,0.21674,-0.45481,-20.55109,0.0,-0.99737
9476.93,BTC-27SEP19,1567076343537,open,0.37,713.5,0.355,0.388,0.37078052,95.65,0.416,0.0,BTC-27SEP19-6000-C,9449.3,0.0,0.3655,14.2,0.375,14.2,111.94,1.97985,-3.27906,4.46738,3e-05,0.96664
9476.93,BTC-27SEP19,1567076343536,open,0.0,492.7,0.0005,0.0105,6e-08,120.0,0.0005,0.0,BTC-27SEP19-2000-P,9449.3,0.0,0.0,0.0,0.0005,62.0,218.83,0.00012,-0.00024,-1e-05,0.0,0.0
9582.83,BTC-27DEC19,1567076343537,open,0.64,206.6,0.569,0.687,0.62717418,87.14,0.454,0.0,BTC-27DEC19-15000-P,9449.3,0.0,0.005,10.0,1.377,0.2,500.0,17.76507,-6.45693,-43.0714,7e-05,-0.74136
9476.93,BTC-27SEP19,1567076343537,open,1.34,0.2,1.276,1.371,1.32198078,112.1,1.391,0.0,BTC-27SEP19-22000-P,9449.3,0.0,0.005,10.0,0.0,0.0,0.0,0.45185,-0.8771,-17.36385,1e-05,-0.99402
9582.83,BTC-27DEC19,1567076343537,open,0.26,220.4,0.225,0.306,0.26734862,83.16,0.303,0.0,BTC-27DEC19-8000-C,9449.3,79.53,0.2605,10.0,0.2665,7.0,82.71,18.11048,-6.28152,14.6054,7e-05,0.73142
9476.93,BTC-27SEP19,1567076343538,open,0.5,68.8,0.451,0.5255,0.48621847,91.88,0.3615,0.0,BTC-27SEP19-14000-P,9449.3,0.0,0.005,10.0,0.534,5.0,159.21,4.10006,-6.52321,-10.51518,6e-05,-0.9163
9476.93,BTC-27SEP19,1567076343538,open,0.0,661.7,0.0005,0.011,0.00113304,104.82,0.0015,0.0,BTC-27SEP19-5000-P,9449.3,94.22,0.0005,47.0,0.0015,1.0,109.17,0.72723,-1.31991,-0.0855,1e-05,-0.01027
9476.93,BTC-27SEP19,1567076343538,open,0.03,966.0,0.013,0.0545,0.0318512,86.31,0.032,0.0,BTC-27SEP19-8000-P,9449.3,84.62,0.0305,0.3,0.033,20.0,87.74,7.60244,-11.36206,-1.78566,0.00012,-0.20632
9476.93,BTC-27SEP19,1567076343539,open,0.12,432.6,0.0865,0.15,0.11955031,84.52,0.1215,0.0,BTC-27SEP19-9000-C,9449.3,81.17,0.116,9.5,0.1215,14.4,86.35,10.05013,-14.70773,3.83896,0.00017,0.63159
9582.83,BTC-27DEC19,1567076343539,open,0.02,264.0,0.0055,0.0435,0.0198278,92.71,0.0185,0.0,BTC-27DEC19-22000-C,9449.3,90.8,0.018,6.0,0.021,17.8,93.88,9.4286,-3.6459,2.43021,3e-05,0.09704
9582.83,BTC-27DEC19,1567076343539,open,0.55,291.5,0.4775,0.595,0.53583473,86.31,0.558,0.0,BTC-27DEC19-14000-P,9449.3,76.02,0.516,4.1,0.5465,3.0,91.57,19.14808,-6.89365,-38.83603,7e-05,-0.69813
9582.83,BTC-27DEC19,1567076343539,open,4.05,0.0,3.911,4.1185,4.0109563,108.42,None,0.0,BTC-27DEC19-48000-P,9449.3,0.0,0.0,0.0,0.0,0.0,0.0,1.61913,-0.73218,-157.35423,0.0,-0.98877
9582.83,BTC-27DEC19,1567076343539,open,0.4,122.9,0.3785,0.433,0.40578303,83.16,0.469,0.0,BTC-27DEC19-6000-C,9449.3,70.37,0.393,7.0,0.425,7.0,99.59,10.39951,-3.60701,15.20535,4e-05,0.88891
9582.83,BTC-27DEC19,1567076343539,open,0.03,257.4,0.0135,0.054,0.03190288,83.16,0.032,0.0,BTC-27DEC19-6000-P,9449.3,80.91,0.0295,28.0,0.033,19.0,84.16,10.39951,-3.60701,-4.50024,4e-05,-0.11109
9476.93,BTC-27SEP19,1567076343540,open,0.6,31.7,0.553,0.627,0.58808267,93.25,0.449,0.0,BTC-27SEP19-15000-P,9449.3,0.0,0.1675,0.1,0.99,0.3,500.0,2.86452,-4.62514,-11.51165,4e-05,-0.94735
9688.74,SYN.BTC-27MAR20,1567076343535,open,0.43,19.7,0.3495,0.482,0.41722043,84.86,0.41,0.0,BTC-27MAR20-12000-P,9449.3,82.48,0.41,2.0,0.431,7.0,89.41,29.37826,-5.91142,-51.54654,6e-05,-0.50365
9476.93,BTC-27SEP19,1567076343540,open,2.4,0.0,2.3105,2.446,2.37664791,121.1,None,0.0,BTC-27SEP19-32000-P,9449.3,0.0,0.0,0.0,0.0,0.0,0.0,0.03258,-0.06833,-25.31338,0.0,-0.99967
9582.83,BTC-27DEC19,1567076343540,open,0.02,250.4,0.005,0.029,0.01477101,85.34,0.0125,0.0,BTC-27DEC19-5000-P,9449.3,82.59,0.013,20.0,0.0155,14.0,86.43,6.34161,-2.25737,-2.27985,2e-05,-0.05767
9688.74,SYN.BTC-27MAR20,1567076343535,open,0.03,16.9,0.0085,0.0585,0.02804904,93.26,0.028,0.0,BTC-27MAR20-30000-C,9449.3,92.87,0.0275,0.8,0.028,1.0,93.23,13.61986,-3.01174,4.44692,3e-05,0.10749
9476.93,BTC-27SEP19,1567076343540,open,1.55,0.2,1.483,1.5865,1.53295927,120.52,1.6,0.0,BTC-27SEP19-24000-P,9449.3,0.0,0.0,0.0,0.0,0.0,0.0,0.38968,-0.81322,-18.95251,0.0,-0.99494
9476.93,BTC-27SEP19,1567076343540,open,2.19,0.0,2.104,2.2305,2.1656608,124.23,None,0.0,BTC-27SEP19-30000-P,9449.3,0.0,0.0,0.0,0.0,0.0,0.0,0.08102,-0.17429,-23.72733,0.0,-0.99911
9456.84,SYN.BTC-6SEP19,1567076343535,open,0.0,9.5,0.0005,0.0115,0.0015879,108.81,0.0015,0.0,BTC-6SEP19-7000-P,9449.3,100.94,0.001,40.0,0.002,7.2,113.3,0.80847,-5.58474,-0.054,4e-05,-0.02487
9456.84,SYN.BTC-6SEP19,1567076343536,open,0.26,0.0,0.245,0.2795,0.26137649,108.73,0.312,0.0,BTC-6SEP19-7000-C,9449.3,0.0,0.0,0.0,0.0,0.0,0.0,0.80648,-5.5671,1.45657,4e-05,0.9752
9450.15,SYN.BTC-30AUG19,1567076343537,open,0.01,1316.3,0.0005,0.0235,0.00564527,113.3,0.0065,0.0,BTC-30AUG19-9000-P,9449.3,108.22,0.005,21.0,0.0065,10.0,119.76,1.22364,-53.34861,-0.04258,0.0005,-0.18214
9456.84,SYN.BTC-6SEP19,1567076343535,open,0.01,93.9,0.0005,0.021,0.00706187,94.45,0.007,0.0,BTC-6SEP19-8000-P,9449.3,90.22,0.006,30.0,0.007,5.5,94.21,2.45771,-14.73689,-0.22074,0.00013,-0.10112
9456.84,SYN.BTC-6SEP19,1567076343535,open,0.44,0.0,0.4,0.46,0.42828607,106.77,None,0.0,BTC-6SEP19-13500-P,9449.3,0.0,0.0,0.0,0.0,0.0,0.0,0.50248,-3.40605,-2.88544,2e-05,-0.98578
9456.84,SYN.BTC-6SEP19,1567076343536,open,0.0,56.7,0.0005,0.011,0.00105649,101.93,0.0015,0.0,BTC-6SEP19-13000-C,9449.3,92.17,0.0005,1.4,0.0015,40.2,107.44,0.67729,-4.383,0.03899,3e-05,0.02016
9688.74,SYN.BTC-27MAR20,1567076343535,open,0.95,0.0,0.868,1.0155,0.94046954,87.34,0.8095,0.0,BTC-27MAR20-18000-P,9449.3,0.0,0.0005,6.0,0.0,0.0,0.0,24.52399,-5.07874,-93.28797,5e-05,-0.7261
9688.74,SYN.BTC-27MAR20,1567076343535,open,0.06,55.0,0.034,0.094,0.06277756,83.32,0.0595,0.0,BTC-27MAR20-6000-P,9449.3,79.3,0.056,15.0,0.0625,6.0,83.16,16.5154,-3.26278,-11.43824,4e-05,-0.14156
9688.74,SYN.BTC-27MAR20,1567076343535,open,0.05,16.4,0.017,0.0835,0.04576898,90.66,0.0445,0.0,BTC-27MAR20-24000-C,9449.3,89.72,0.044,0.1,0.0465,4.9,91.05,18.3227,-3.93874,6.70685,4e-05,0.16559
9450.15,SYN.BTC-30AUG19,1567076343538,open,0.28,50.2,0.245,0.296,0.26983262,148.57,0.257,0.0,BTC-30AUG19-12000-P,9449.3,0.0,0.2585,4.1,0.279,1.1,372.79,0.00951,-0.70646,-0.28777,0.0,-0.99942
9688.74,SYN.BTC-27MAR20,1567076343535,open,1.74,0.0,1.6455,1.8035,1.72053282,90.71,None,0.0,BTC-27MAR20-26000-P,9449.3,0.0,0.0,0.0,0.0,0.0,0.0,16.27297,-3.49989,-144.53062,3e-05,-0.86148
9688.74,SYN.BTC-27MAR20,1567076343536,open,2.55,0.0,2.447,2.624,2.52999818,94.44,None,0.0,BTC-27MAR20-34000-P,9449.3,0.0,0.0,0.0,0.0,0.0,0.0,11.18109,-2.50364,-192.99008,2e-05,-0.91774
9456.84,SYN.BTC-6SEP19,1567076343536,open,0.09,143.1,0.0535,0.115,0.08453675,84.23,0.0875,0.0,BTC-6SEP19-10000-P,9449.3,79.53,0.082,18.0,0.0865,12.0,87.83,5.13697,-27.46897,-1.50201,0.00032,-0.65155
9456.84,SYN.BTC-6SEP19,1567076343536,open,0.03,234.5,0.0085,0.053,0.02879735,86.16,0.029,0.0,BTC-6SEP19-9000-P,9449.3,82.74,0.027,24.0,0.028,4.8,84.65,4.99798,-27.33768,-0.72138,0.0003,-0.32473
9450.15,SYN.BTC-30AUG19,1567076343536,open,0.12,214.9,0.0895,0.1375,0.11173464,113.05,0.12,0.0,BTC-30AUG19-10500-P,9449.3,0.0,0.11,5.0,0.12,1.1,212.35,0.31851,-18.00344,-0.24516,0.00013,-0.96959
9688.74,SYN.BTC-27MAR20,1567076343535,open,0.32,17.0,0.2745,0.368,0.32390017,83.32,0.312,0.0,BTC-27MAR20-8000-C,9449.3,79.56,0.3145,10.0,0.3245,4.0,83.56,24.25621,-4.79188,22.84738,5e-05,0.73206
9456.84,SYN.BTC-6SEP19,1567076343535,open,0.21,0.0,0.1915,0.2305,0.21020729,100.6,0.2645,0.0,BTC-6SEP19-7500-C,9449.3,0.0,0.0,0.0,0.0,0.0,0.0,1.43771,-9.18238,1.50912,7e-05,0.94978
9688.74,SYN.BTC-27MAR20,1567076343536,open,2.76,0.0,2.648,2.83,2.73352853,94.81,None,0.0,BTC-27MAR20-36000-P,9449.3,0.0,0.0,0.0,0.0,0.0,0.0,10.10337,-2.27117,-204.95774,2e-05,-0.92801
9688.74,SYN.BTC-27MAR20,1567076343535,open,1.54,0.0,1.4485,1.6045,1.52289939,90.68,None,0.0,BTC-27MAR20-24000-P,9449.3,0.0,0.0,0.0,0.0,0.0,0.0,18.32756,-3.94043,-131.94892,4e-05,-0.83435
9456.84,SYN.BTC-6SEP19,1567076343536,open,0.0,253.0,0.0005,0.0165,0.0046304,90.75,0.0045,0.0,BTC-6SEP19-11500-C,9449.3,82.5,0.003,54.5,0.0045,30.0,90.15,2.07757,-11.96916,0.15509,0.00012,0.08064
9688.74,SYN.BTC-27MAR20,1567076343535,open,0.08,4.8,0.041,0.1285,0.08262173,87.33,0.0835,0.0,BTC-27MAR20-18000-C,9449.3,85.69,0.0785,5.0,0.0865,13.9,88.86,24.52221,-5.07789,10.70445,5e-05,0.27386
172.84,SYN.ETH-27MAR20,1567076343558,open,0.04,28.0,0.013,0.069,0.037389,93.0,0.04,0.0,ETH-27MAR20-480-C,168.74,89.66,0.032,298.0,0.042,110.0,95.68,0.28888,-0.0637,0.09999,0.0018,0.13752
172.84,SYN.ETH-27MAR20,1567076343641,open,1.83,0.0,1.713,1.923,1.814524,93.0,None,0.0,ETH-27MAR20-480-P,168.74,0.0,0.0,0.0,0.0,0.0,0.0,0.28888,-0.0637,-2.67317,0.0018,-0.86248
168.89,SYN.ETH-6SEP19,1567076343689,open,0.0,175.0,0.001,0.016,0.004238,96.45,0.005,0.0,ETH-6SEP19-210-C,168.74,89.69,0.003,10.0,0.004,200.0,95.24,0.03375,-0.20664,0.00244,0.00568,0.0712
172.84,SYN.ETH-27MAR20,1567076343725,open,0.03,36.0,0.01,0.059,0.030483,93.31,0.059,0.0,ETH-27MAR20-520-C,168.74,90.16,0.026,300.0,0.034,110.0,95.62,0.2556,-0.05655,0.08478,0.00159,0.11538
168.89,SYN.ETH-6SEP19,1567076343787,open,0.25,0.0,0.208,0.29,0.247671,96.45,None,0.0,ETH-6SEP19-210-P,168.74,0.0,0.0,0.0,0.0,0.0,0.0,0.03375,-0.20664,-0.04287,0.00568,-0.9288
172.84,SYN.ETH-27MAR20,1567076343809,open,2.06,0.0,1.933,2.153,2.039046,93.31,None,0.0,ETH-27MAR20-520-P,168.74,0.0,0.0,0.0,0.0,0.0,0.0,0.2556,-0.05655,-2.91948,0.00159,-0.88462
172.84,SYN.ETH-27MAR20,1567076343894,open,0.02,324.0,0.007,0.051,0.025144,93.66,0.03,0.0,ETH-27MAR20-560-C,168.74,90.34,0.021,300.0,0.029,110.0,96.49,0.22647,-0.05029,0.07234,0.0014,0.09759
168.89,SYN.ETH-6SEP19,1567076343924,open,0.0,433.0,0.001,0.012,0.002247,98.91,0.005,0.0,ETH-6SEP19-220-C,168.74,86.67,0.001,61.0,0.003,400.0,104.33,0.02151,-0.13505,0.00139,0.00353,0.0403
172.84,SYN.ETH-27MAR20,1567076343974,open,2.29,0.0,2.155,2.384,2.265135,93.66,None,0.0,ETH-27MAR20-560-P,168.74,0.0,0.0,0.0,0.0,0.0,0.0,0.22647,-0.05029,-3.16302,0.0014,-0.90241
168.89,SYN.ETH-6SEP19,1567076344042,open,0.31,0.0,0.265,0.348,0.304891,98.91,None,0.0,ETH-6SEP19-220-P,168.74,0.0,0.0,0.0,0.0,0.0,0.0,0.02151,-0.13505,-0.04608,0.00353,-0.9597
172.84,SYN.ETH-27MAR20,1567076344072,open,0.02,873.0,0.006,0.044,0.021058,94.11,0.025,0.0,ETH-27MAR20-600-C,168.74,90.42,0.017,410.0,0.025,110.0,97.33,0.20162,-0.04499,0.0623,0.00124,0.08345
172.84,SYN.ETH-27MAR20,1567076344177,open,2.51,0.0,2.378,2.617,2.492477,94.11,None,0.0,ETH-27MAR20-600-P,168.74,0.0,0.0,0.0,0.0,0.0,0.0,0.20162,-0.04499,-3.40415,0.00124,-0.91655
168.89,SYN.ETH-6SEP19,1567076344213,open,0.0,0.0,0.001,0.012,0.002968,108.75,None,0.0,ETH-6SEP19-130-P,168.74,100.73,0.002,200.0,0.004,203.0,115.84,0.02262,-0.15617,-0.00167,0.00338,-0.04289
168.89,SYN.ETH-6SEP19,1567076344339,open,0.0,250.0,0.001,0.011,0.000871,107.79,0.001,0.0,ETH-6SEP19-240-C,168.74,0.0,0.0,0.0,0.001,200.0,109.87,0.01002,-0.06858,0.00056,0.00151,0.01617
168.89,SYN.ETH-6SEP19,1567076344523,open,0.0,30.0,0.001,0.011,0.000669,114.26,0.001,0.0,ETH-6SEP19-250-C,168.74,0.0,0.0,0.0,0.001,200.0,120.46,0.00782,-0.05674,0.00042,0.00111,0.01213
168.89,SYN.ETH-6SEP19,1567076344950,open,0.01,8.0,0.001,0.021,0.006954,102.39,0.006,0.0,ETH-6SEP19-140-P,168.74,93.82,0.005,200.0,0.008,500.0,106.54,0.04128,-0.26835,-0.00364,0.00655,-0.09301
172.84,SYN.ETH-27MAR20,1567076344965,open,0.03,141.0,0.013,0.048,0.0292,90.02,0.018,0.0,ETH-27MAR20-80-P,168.74,86.86,0.026,40.0,0.032,140.0,92.69,0.17845,-0.03809,-0.10012,0.00115,-0.07106
172.84,SYN.ETH-27MAR20,1567076345203,open,0.29,170.0,0.234,0.339,0.291734,88.27,0.31,0.0,ETH-27MAR20-160-C,168.74,83.27,0.278,24.0,0.305,24.0,93.13,0.47353,-0.09911,0.38156,0.00311,0.67384
168.89,SYN.ETH-6SEP19,1567076345245,open,0.12,0.0,0.093,0.157,0.126815,96.39,None,0.0,ETH-6SEP19-150-C,168.74,86.14,0.123,40.0,0.129,40.0,101.92,0.06551,-0.40089,0.02519,0.01104,0.81817
172.84,SYN.ETH-27MAR20,1567076345459,open,0.38,153.0,0.296,0.435,0.36837,88.27,0.292,0.0,ETH-27MAR20-200-P,168.74,84.5,0.357,24.0,0.376,122.0,90.81,0.52047,-0.10894,-0.82024,0.00342,-0.45305
168.89,SYN.ETH-6SEP19,1567076345473,open,0.02,264.0,0.002,0.035,0.014981,96.39,0.015,0.0,ETH-6SEP19-150-P,168.74,91.18,0.013,160.0,0.016,470.0,98.99,0.06551,-0.40089,-0.00717,0.01104,-0.18183
9688.76,SYN.BTC-27MAR20,1567076345516,open,3.17,1.0,3.051,3.2445,3.1423527,95.95,2.7125,0.0,BTC-27MAR20-40000-P,9449.3,0.0,0.0,0.0,0.0,0.0,0.0,8.43927,-1.92,-228.67548,2e-05,-0.94289
172.84,SYN.ETH-27MAR20,1567076345535,open,0.16,260.0,0.101,0.208,0.157628,89.29,0.153,0.0,ETH-27MAR20-240-C,168.74,86.41,0.149,231.0,0.164,120.0,91.41,0.51868,-0.10982,0.28459,0.00337,0.44263
9688.76,SYN.BTC-27MAR20,1567076345579,open,0.27,85.1,0.209,0.326,0.26885299,83.32,0.2655,0.0,BTC-27MAR20-10000-P,9449.3,80.98,0.262,14.8,0.2735,15.0,84.91,28.35281,-5.60133,-37.15079,6e-05,-0.39484
169.28,ETH-27SEP19,1567076345652,open,0.0,6399.0,0.001,0.011,0.000116,125.0,0.001,0.0,ETH-27SEP19-520-C,168.74,0.0,0.0,0.0,0.001,440.0,152.11,0.00201,-0.00435,0.00016,7e-05,0.00128
9688.77,SYN.BTC-27MAR20,1567076345677,open,0.06,6.1,0.022,0.093,0.05361538,88.98,0.054,0.0,BTC-27MAR20-22000-C,9449.3,86.96,0.0495,16.0,0.0565,4.9,90.36,20.04651,-4.22941,7.68822,4e-05,0.19096
9688.77,SYN.BTC-27MAR20,1567076345677,open,0.01,12.4,0.005,0.028,0.01450055,83.32,0.0155,0.0,BTC-27MAR20-4000-P,9449.3,79.58,0.012,17.0,0.015,11.0,84.03,6.7677,-1.33701,-3.23573,1e-05,-0.04331
9688.77,SYN.BTC-27MAR20,1567076345705,open,0.1,6.4,0.0575,0.1535,0.1047083,86.38,0.141,0.0,BTC-27MAR20-16000-C,9449.3,84.49,0.0995,15.0,0.109,13.9,87.93,26.71965,-5.47282,12.69721,6e-05,0.33154
9688.77,SYN.BTC-27MAR20,1567076345778,open,0.03,1.0,0.01,0.0645,0.03214493,92.08,0.033,0.0,BTC-27MAR20-28000-C,9449.3,91.0,0.0305,0.1,0.033,6.0,92.64,14.88332,-3.24961,5.01622,3e-05,0.12176
9456.84,SYN.BTC-6SEP19,1567076345787,open,0.38,0.0,0.348,0.407,0.37572292,101.93,None,0.0,BTC-6SEP19-13000-P,9449.3,0.0,0.0,0.0,0.0,0.0,0.0,0.67707,-4.3812,-2.76607,3e-05,-0.97984
172.84,SYN.ETH-27MAR20,1567076345790,open,0.75,81.0,0.653,0.822,0.739189,89.96,0.582,0.0,ETH-27MAR20-280-P,168.74,0.0,0.0,0.0,0.783,1.0,105.01,0.49058,-0.10464,-1.37914,0.00316,-0.64193
9456.84,SYN.BTC-6SEP19,1567076345793,open,0.06,78.2,0.0235,0.0795,0.051163,83.22,0.052,0.0,BTC-6SEP19-9500-P,9449.3,80.38,0.0495,18.0,0.0515,5.3,83.79,5.54026,-29.26991,-1.10524,0.00035,-0.49048
168.89,SYN.ETH-6SEP19,1567076345795,open,0.05,16.0,0.019,0.078,0.049076,89.02,0.048,0.0,ETH-6SEP19-170-C,168.74,82.07,0.045,120.0,0.051,365.0,92.31,0.09896,-0.5593,0.01665,0.01806,0.50605
9456.84,SYN.BTC-6SEP19,1567076345973,open,0.0,160.2,0.0005,0.011,0.00146098,96.06,0.0015,0.0,BTC-6SEP19-12500-C,9449.3,82.37,0.0005,46.0,0.002,39.6,101.18,0.90002,-5.48872,0.05473,5e-05,0.02828
168.89,SYN.ETH-6SEP19,1567076345973,open,0.03,166.0,0.006,0.052,0.027281,89.16,0.023,0.0,ETH-6SEP19-180-C,168.74,81.09,0.023,160.0,0.029,582.0,92.36,0.09057,-0.51272,0.01128,0.01651,0.33686
172.84,SYN.ETH-27MAR20,1567076346048,open,0.07,25.0,0.034,0.114,0.07287,91.72,0.085,0.0,ETH-27MAR20-360-C,168.74,87.89,0.064,273.0,0.079,110.0,94.27,0.4091,-0.08897,0.16763,0.00258,0.24074
9688.77,SYN.BTC-27MAR20,1567076346080,open,0.18,17.8,0.123,0.2305,0.1786592,84.86,0.1765,0.0,BTC-27MAR20-12000-C,9449.3,82.33,0.171,14.0,0.1815,5.0,85.8,29.37834,-5.91118,17.78256,6e-05,0.49634
9688.77,SYN.BTC-27MAR20,1567076346093,open,0.02,3.1,0.0065,0.052,0.02380727,93.67,0.0325,0.0,BTC-27MAR20-32000-C,9449.3,92.63,0.0225,0.1,0.0245,6.0,94.22,12.26121,-2.72331,3.87772,2e-05,0.09308
168.89,SYN.ETH-6SEP19,1567076346135,open,0.1,204.0,0.055,0.131,0.093081,89.16,0.105,0.0,ETH-6SEP19-180-P,168.74,79.56,0.088,120.0,0.097,320.0,96.41,0.09057,-0.51272,-0.02756,0.01651,-0.66314
9688.77,SYN.BTC-27MAR20,1567076346179,open,0.44,0.1,0.4085,0.477,0.44349963,83.32,0.4775,0.0,BTC-27MAR20-6000-C,9449.3,77.04,0.433,10.0,0.446,10.0,84.78,16.51517,-3.26266,23.22666,4e-05,0.85844
172.84,SYN.ETH-27MAR20,1567076346208,open,0.06,109.0,0.025,0.098,0.059414,93.0,0.064,0.0,ETH-27MAR20-400-C,168.74,91.39,0.056,2.0,0.062,110.0,94.2,0.37028,-0.08165,0.14264,0.00231,0.20226
169.29,ETH-27SEP19,1567076346214,open,0.02,1453.0,0.007,0.043,0.022593,90.31,0.025,0.0,ETH-27SEP19-220-C,168.74,88.14,0.021,110.0,0.024,128.0,92.17,0.12618,-0.19731,0.02146,0.00616,0.18285
169.29,ETH-27SEP19,1567076346218,open,0.01,1785.0,0.001,0.019,0.007389,94.59,0.012,0.0,ETH-27SEP19-260-C,168.74,90.68,0.006,110.0,0.009,160.0,98.66,0.06357,-0.10413,0.00832,0.00296,0.06949
171.06,ETH-27DEC19,1567076346224,open,0.0,2360.0,0.001,0.015,0.004944,103.21,0.003,0.0,ETH-27DEC19-640-C,168.74,96.73,0.003,110.0,0.007,650.0,108.4,0.06016,-0.0259,0.01211,0.00061,0.0265
169.29,ETH-27SEP19,1567076346242,open,0.07,935.0,0.041,0.106,0.074898,89.65,0.078,0.0,ETH-27SEP19-180-C,168.74,85.25,0.07,400.0,0.077,394.0,91.53,0.18866,-0.29285,0.05068,0.00928,0.45335
168.76,SYN.ETH-30AUG19,1567076346261,open,0.05,40.0,0.024,0.086,0.056067,107.54,0.05,0.0,ETH-30AUG19-160-C,168.74,49.27,0.052,40.0,0.058,40.0,123.4,0.01924,-1.03478,0.00322,0.02619,0.85033
168.76,SYN.ETH-30AUG19,1567076346281,open,0.0,1212.0,0.001,0.011,5.5e-05,125.0,0.001,0.0,ETH-30AUG19-200-C,168.74,0.0,0.0,0.0,0.001,203.0,180.33,0.00076,-0.00932,1e-05,0.0009,0.00304
168.76,SYN.ETH-30AUG19,1567076346285,open,0.0,4065.0,0.001,0.011,0.0,125.0,0.001,0.0,ETH-30AUG19-340-C,168.74,0.0,0.0,0.0,0.001,200.0,500.0,0.0,0.0,0.0,0.0,0.0
169.29,ETH-27SEP19,1567076346287,open,0.0,3419.0,0.001,0.011,1.2e-05,124.99,0.001,0.0,ETH-27SEP19-640-C,168.74,0.0,0.0,0.0,0.001,437.0,175.3,0.00028,-0.00062,2e-05,1e-05,0.00015
171.06,ETH-27DEC19,1567076346287,open,0.32,2769.0,0.247,0.37,0.310535,87.99,0.225,0.0,ETH-27DEC19-200-P,168.74,85.13,0.304,24.0,0.316,202.0,90.38,0.39044,-0.14329,-0.46832,0.00462,-0.52306
169.29,ETH-27SEP19,1567076346289,open,3.28,0.0,3.13,3.384,3.253311,166.18,None,0.0,ETH-27SEP19-720-P,168.74,0.0,0.0,0.0,0.0,0.0,0.0,0.00315,-0.00906,-0.56936,8e-05,-0.9979
168.76,SYN.ETH-30AUG19,1567076346293,open,0.0,3.0,0.001,0.011,0.0,125.0,0.002,0.0,ETH-30AUG19-130-P,168.74,0.0,0.0,0.0,0.001,203.0,267.61,0.0,-2e-05,0.0,0.0,-1e-05
169.29,ETH-27SEP19,1567076346296,open,2.8,0.0,2.671,2.897,2.780731,153.47,None,0.0,ETH-27SEP19-640-P,168.74,0.0,0.0,0.0,0.0,0.0,0.0,0.00314,-0.00834,-0.50607,9e-05,-0.99791
168.76,SYN.ETH-30AUG19,1567076346296,open,0.0,384.0,0.001,0.011,0.000599,125.0,0.002,0.0,ETH-30AUG19-150-P,168.74,0.0,0.0,0.0,0.002,400.0,157.47,0.00488,-0.10102,-0.0001,0.00571,-0.02529
171.06,ETH-27DEC19,1567076346298,open,0.0,2472.0,0.001,0.013,0.003779,103.21,0.005,0.0,ETH-27DEC19-680-C,168.74,88.74,0.001,100.0,0.006,540.0,109.78,0.04908,-0.02113,0.00956,0.00049,0.0208
169.29,ETH-27SEP19,1567076346298,open,0.0,5739.0,0.001,0.011,0.000619,115.44,0.001,0.0,ETH-27SEP19-400-C,168.74,0.0,0.0,0.0,0.001,320.0,121.65,0.00865,-0.01728,0.00078,0.00033,0.00646
169.29,ETH-27SEP19,1567076346298,open,0.0,2951.0,0.001,0.011,0.001131,110.59,0.006,0.0,ETH-27SEP19-360-C,168.74,0.0,0.0,0.0,0.002,360.0,118.85,0.01444,-0.02766,0.0014,0.00058,0.0116
171.06,ETH-27DEC19,1567076346315,open,0.14,861.0,0.092,0.185,0.141355,87.99,0.14,0.0,ETH-27DEC19-200-C,168.74,85.64,0.136,212.0,0.144,200.0,89.15,0.39044,-0.14329,0.18853,0.00462,0.47694
169.29,ETH-27SEP19,1567076346315,open,3.51,0.0,3.359,3.628,3.489605,172.19,None,0.0,ETH-27SEP19-760-P,168.74,0.0,0.0,0.0,0.0,0.0,0.0,0.00319,-0.00952,-0.601,8e-05,-0.99787
169.29,ETH-27SEP19,1567076346315,open,0.0,2698.0,0.001,0.011,3e-06,125.0,0.001,0.0,ETH-27SEP19-720-C,168.74,0.0,0.0,0.0,0.001,421.0,188.16,8e-05,-0.00017,1e-05,0.0,4e-05
169.29,ETH-27SEP19,1567076346315,open,0.0,1897.0,0.001,0.011,0.000978,115.22,0.004,0.0,ETH-27SEP19-380-C,168.74,0.0,0.0,0.0,0.002,360.0,125.79,0.0125,-0.02494,0.00119,0.00048,0.00983
169.29,ETH-27SEP19,1567076346315,open,0.01,2949.0,0.003,0.029,0.012814,92.47,0.016,0.0,ETH-27SEP19-240-C,168.74,88.99,0.011,110.0,0.014,160.0,94.63,0.09115,-0.14596,0.01339,0.00435,0.11279
169.29,ETH-27SEP19,1567076346315,open,0.0,1938.0,0.001,0.011,0.001378,106.11,0.003,0.0,ETH-27SEP19-340-C,168.74,0.0,0.0,0.0,0.002,201.0,111.42,0.01737,-0.03191,0.00174,0.00072,0.01436
168.76,SYN.ETH-30AUG19,1567076346315,open,0.07,1290.0,0.036,0.103,0.068815,99.62,0.079,0.0,ETH-30AUG19-180-P,168.74,0.0,0.066,40.0,0.073,40.0,138.27,0.01421,-0.70784,-0.00393,0.02088,-0.90277
168.76,SYN.ETH-30AUG19,1567076346315,open,0.0,894.0,0.001,0.011,0.0,125.0,0.001,0.0,ETH-30AUG19-220-C,168.74,0.0,0.0,0.0,0.001,300.0,260.54,0.0,-2e-05,0.0,0.0,1e-05
168.76,SYN.ETH-30AUG19,1567076346315,open,0.0,970.0,0.001,0.011,1.8e-05,125.0,0.001,0.0,ETH-30AUG19-140-P,168.74,0.0,0.0,0.0,0.001,200.0,201.11,0.00029,-0.003,0.0,0.00033,-0.00103
169.29,ETH-27SEP19,1567076346320,open,1.02,294.0,0.951,1.074,1.009885,107.23,1.024,0.0,ETH-27SEP19-340-P,168.74,0.0,0.979,5.0,1.049,5.0,200.7,0.01838,-0.03413,-0.26713,0.00076,-0.98466
169.29,ETH-27SEP19,1567076346320,open,0.0,3756.0,0.001,0.013,0.003246,101.9,0.004,0.0,ETH-27SEP19-300-C,168.74,94.75,0.002,4.0,0.004,360.0,105.4,0.03413,-0.06021,0.00384,0.00148,0.03194
168.76,SYN.ETH-30AUG19,1567076346320,open,0.0,1381.0,0.001,0.011,0.0,125.0,0.001,0.0,ETH-30AUG19-280-C,168.74,0.0,0.0,0.0,0.001,200.0,447.56,0.0,0.0,0.0,0.0,0.0
171.06,ETH-27DEC19,1567076346324,open,0.06,532.0,0.028,0.098,0.061961,91.87,0.066,0.0,ETH-27DEC19-280-C,168.74,90.79,0.06,42.0,0.065,200.0,93.53,0.3119,-0.11952,0.10596,0.00353,0.25057
168.76,SYN.ETH-30AUG19,1567076346324,open,0.0,1185.0,0.001,0.016,0.002189,99.62,0.003,0.0,ETH-30AUG19-180-C,168.74,82.88,0.001,50.0,0.004,700.0,118.3,0.01421,-0.36942,0.00038,0.02088,0.09723
171.06,ETH-27DEC19,1567076346326,open,0.0,2573.0,0.001,0.012,0.002993,103.56,0.003,0.0,ETH-27DEC19-720-C,168.74,91.79,0.001,50.0,0.005,540.0,110.53,0.04092,-0.01767,0.00776,0.00041,0.0168
168.76,SYN.ETH-30AUG19,1567076346326,open,0.0,3916.0,0.001,0.011,0.0,125.0,0.001,0.0,ETH-30AUG19-360-C,168.74,0.0,0.0,0.0,0.001,200.0,500.0,0.0,0.0,0.0,0.0,0.0
9456.84,SYN.BTC-6SEP19,1567076346414,open,0.0,95.5,0.0005,0.0105,0.00073562,106.54,0.0015,0.0,BTC-6SEP19-13500-C,9449.3,101.45,0.0005,1.0,0.001,11.5,111.06,0.49683,-3.36037,0.02714,2e-05,0.01404
9688.77,SYN.BTC-27MAR20,1567076346565,open,2.35,0.0,2.2455,2.4175,2.32661032,93.68,None,0.0,BTC-27MAR20-32000-P,9449.3,0.0,0.0,0.0,0.0,0.0,0.0,12.26407,-2.72418,-180.99853,2e-05,-0.90689
9456.84,SYN.BTC-6SEP19,1567076346580,open,0.01,126.1,0.0005,0.023,0.00790847,86.71,0.008,0.0,BTC-6SEP19-11000-C,9449.3,85.39,0.0075,1.5,0.008,0.1,87.01,2.94975,-16.23862,0.25058,0.00018,0.13071
9476.92,BTC-27SEP19,1567076346588,open,0.03,966.0,0.013,0.0545,0.03184911,86.31,0.032,0.0,BTC-27SEP19-8000-P,9449.3,84.62,0.0305,0.3,0.033,39.3,87.74,7.60233,-11.36147,-1.7856,0.00012,-0.20632
168.89,SYN.ETH-6SEP19,1567076346598,open,0.2,10.0,0.152,0.233,0.191728,92.33,0.14,0.0,ETH-6SEP19-200-P,168.74,0.0,0.0,0.0,0.197,200.0,108.37,0.0494,-0.28957,-0.03908,0.00869,-0.88078
9456.84,SYN.BTC-6SEP19,1567076346610,open,0.02,139.6,0.0025,0.034,0.01474693,89.7,0.014,0.0,BTC-6SEP19-8500-P,9449.3,86.55,0.0135,24.0,0.0145,5.9,89.08,3.7778,-21.51453,-0.41916,0.00022,-0.19067
9688.79,SYN.BTC-27MAR20,1567076347063,open,0.02,1.7,0.0055,0.047,0.02073053,94.4,0.02,0.0,BTC-27MAR20-34000-C,9449.3,93.32,0.0195,0.1,0.0215,6.0,95.06,11.16931,-2.50009,3.43782,2e-05,0.08215
9456.84,SYN.BTC-6SEP19,1567076347108,open,0.07,22.9,0.048,0.104,0.07710029,86.15,0.081,0.0,BTC-6SEP19-9000-C,9449.3,79.29,0.0735,18.0,0.077,4.5,85.96,4.99791,-27.33447,1.22061,0.0003,0.67528
9582.87,BTC-27DEC19,1567076347113,open,0.01,306.0,0.0005,0.023,0.00813662,99.25,0.0075,0.0,BTC-27DEC19-30000-C,9449.3,95.87,0.0065,10.0,0.0085,19.6,99.94,4.97415,-2.05917,1.08259,2e-05,0.04253
9476.93,BTC-27SEP19,1567076347113,open,0.02,750.0,0.008,0.0465,0.02468672,87.35,0.0235,0.0,BTC-27SEP19-12000-C,9449.3,84.54,0.0225,33.3,0.0255,31.8,88.37,7.48545,-11.3213,1.32206,0.00012,0.20102
9476.93,BTC-27SEP19,1567076347113,open,0.0,428.2,0.0005,0.0105,0.00010238,120.0,0.0005,0.0,BTC-27SEP19-28000-C,9449.3,0.0,0.0,0.0,0.0005,11.5,137.61,0.10439,-0.21691,0.00807,0.0,0.00118
9582.87,BTC-27DEC19,1567076347113,open,0.33,49.4,0.295,0.3645,0.3308959,83.16,0.384,0.0,BTC-27DEC19-7000-C,9449.3,63.8,0.303,7.0,0.331,7.0,83.22,14.64812,-5.08053,15.24316,6e-05,0.81523
9582.87,BTC-27DEC19,1567076347113,open,0.37,68.8,0.3075,0.4205,0.36479894,84.93,0.2975,0.0,BTC-27DEC19-12000-P,9449.3,68.1,0.328,4.0,0.369,5.6,86.81,21.39108,-7.5777,-29.94255,8e-05,-0.58658
9476.93,BTC-27SEP19,1567076347113,open,0.42,221.9,0.4085,0.4365,0.42188346,100.7,0.446,0.0,BTC-27SEP19-5500-C,9449.3,0.0,0.411,6.0,0.4325,6.0,144.7,1.26707,-2.20934,4.18761,2e-05,0.98043
9582.87,BTC-27DEC19,1567076347113,open,0.05,208.0,0.022,0.072,0.04521552,83.16,0.042,0.0,BTC-27DEC19-6500-P,9449.3,81.07,0.0425,0.3,0.0455,18.0,83.37,12.58731,-4.36584,-6.02474,5e-05,-0.14621
9582.87,BTC-27DEC19,1567076347113,open,0.11,307.0,0.0685,0.1555,0.11256057,84.93,0.11,0.0,BTC-27DEC19-12000-C,9449.3,83.78,0.11,9.9,0.1135,3.7,85.35,21.39101,-7.57752,9.46858,8e-05,0.41341
9450.14,SYN.BTC-30AUG19,1567076347113,open,0.38,17.2,0.349,0.4035,0.37564135,142.41,0.3,0.0,BTC-30AUG19-13000-P,9449.3,0.0,0.3635,1.1,0.3855,1.1,466.32,6e-05,-0.00445,-0.31189,0.0,-1.0
9476.93,BTC-27SEP19,1567076347115,open,0.0,761.0,0.0005,0.0105,2.344e-05,120.0,0.0005,0.0,BTC-27SEP19-32000-C,9449.3,0.0,0.0,0.0,0.0005,12.0,151.96,0.02899,-0.06023,0.00203,0.0,0.00029
9476.93,BTC-27SEP19,1567076347115,open,0.0,1118.7,0.0005,0.0105,0.00061283,119.06,0.0005,0.0,BTC-27SEP19-4250-P,9449.3,0.0,0.0,0.0,0.001,46.0,126.76,0.39925,-0.82311,-0.04359,0.0,-0.0052
9450.14,SYN.BTC-30AUG19,1567076347115,open,0.49,13.0,0.4525,0.5115,0.48145991,174.18,0.2895,0.0,BTC-30AUG19-14000-P,9449.3,0.0,0.0,0.0,0.0,0.0,0.0,6e-05,-0.00482,-0.33588,0.0,-1.0
9450.14,SYN.BTC-30AUG19,1567076347115,open,0.03,262.6,0.001,0.046,0.02155264,95.95,0.023,0.0,BTC-30AUG19-9500-P,9449.3,87.97,0.02,24.0,0.023,3.9,103.38,1.83941,-88.24442,-0.12624,0.00089,-0.53525
9450.14,SYN.BTC-30AUG19,1567076347115,open,0.0,443.9,0.0005,0.0105,0.0,120.0,0.0005,0.0,BTC-30AUG19-16000-C,9449.3,0.0,0.0,0.0,0.001,26.0,462.53,0.0,0.0,0.0,0.0,0.0
9476.93,BTC-27SEP19,1567076347117,open,0.0,287.3,0.0005,0.0105,0.00046958,119.93,0.0005,0.0,BTC-27SEP19-24000-C,9449.3,0.0,0.0,0.0,0.001,43.0,129.84,0.37544,-0.77965,0.03288,0.0,0.00485
9582.87,BTC-27DEC19,1567076347121,open,1.74,0.0,1.663,1.795,1.72493725,95.48,None,0.0,BTC-27DEC19-26000-P,9449.3,0.0,0.005,10.0,2.473,0.2,500.0,6.58485,-2.62233,-83.85693,2e-05,-0.9395
9476.93,BTC-27SEP19,1567076347126,open,0.6,0.0,0.5945,0.614,0.60449245,119.97,None,0.0,BTC-27SEP19-3750-C,9449.3,0.0,0.005,10.0,0.6385,10.0,299.27,0.1514,-0.31452,2.95197,0.0,0.99823
9476.93,BTC-27SEP19,1567076347131,open,0.0,1660.1,0.0005,0.0105,0.0,120.0,0.0005,0.0,BTC-27SEP19-1500-P,9449.3,0.0,0.0,0.0,0.0005,109.1,259.01,0.0,0.0,0.0,0.0,0.0
9582.87,BTC-27DEC19,1567076347136,open,2.16,0.2,2.071,2.215,2.13873256,99.27,2.03,0.0,BTC-27DEC19-30000-P,9449.3,0.0,0.0,0.0,0.0,0.0,0.0,4.97789,-2.0611,-97.44444,2e-05,-0.95743
168.89,SYN.ETH-6SEP19,1567076347141,open,0.0,227.0,0.001,0.011,0.001612,106.04,0.002,0.0,ETH-6SEP19-230-C,168.74,98.64,0.001,121.0,0.002,400.0,109.83,0.01613,-0.10858,0.00098,0.00247,0.0284
9450.14,SYN.BTC-30AUG19,1567076347141,open,0.6,0.0,0.5565,0.6195,0.58727848,203.68,None,0.0,BTC-30AUG19-15000-P,9449.3,0.0,0.0,0.0,0.0,0.0,0.0,5e-05,-0.00521,-0.35987,0.0,-1.0
9476.93,BTC-27SEP19,1567076347145,open,0.0,422.0,0.0005,0.0105,9.19e-05,120.0,0.0005,0.0,BTC-27SEP19-3500-P,9449.3,0.0,0.0,0.0,0.0005,20.0,142.42,0.08183,-0.17004,-0.00747,0.0,-0.0009
9450.14,SYN.BTC-30AUG19,1567076347145,open,0.36,0.0,0.3525,0.3775,0.36508861,0.0,None,0.0,BTC-30AUG19-6000-C,9449.3,0.0,0.0,0.0,0.0,0.0,0.0,0.0,0.0,0.14395,0.0,1.0
9476.93,BTC-27SEP19,1567076347147,open,0.91,1.0,0.8625,0.944,0.90125818,103.39,0.575,0.0,BTC-27SEP19-18000-P,9449.3,0.0,0.005,0.3,1.263,0.3,500.0,1.27249,-2.27806,-14.10691,2e-05,-0.98033
9476.93,BTC-27SEP19,1567076347151,open,0.5,13.5,0.489,0.5115,0.49976761,110.28,0.382,0.0,BTC-27SEP19-4750-C,9449.3,0.0,0.005,10.0,0.5645,5.0,299.6,0.62348,-1.19063,3.68583,1e-05,0.99139
9476.93,BTC-27SEP19,1567076347151,open,0.0,454.6,0.0005,0.0105,0.00036507,120.0,0.001,0.0,BTC-27SEP19-4000-P,9449.3,0.0,0.0,0.0,0.001,45.0,135.6,0.26002,-0.5403,-0.02689,0.0,-0.00322
9476.93,BTC-27SEP19,1567076347153,open,0.58,227.5,0.5685,0.588,0.57828701,119.98,0.606,0.0,BTC-27SEP19-4000-C,9449.3,0.0,0.111,2.0,0.619,5.0,299.29,0.2598,-0.53975,3.1376,0.0,0.99678
9582.87,BTC-27DEC19,1567076347176,open,0.01,148.7,0.0005,0.0195,0.00636215,99.72,0.006,0.0,BTC-27DEC19-32000-C,9449.3,97.63,0.0055,0.1,0.0065,16.0,100.04,4.15012,-1.72616,0.87187,1e-05,0.03406
9476.93,BTC-27SEP19,1567076347176,open,0.13,483.0,0.091,0.1635,0.12760721,84.81,0.128,0.0,BTC-27SEP19-10000-P,9449.3,82.92,0.1255,14.4,0.1295,6.0,86.5,10.5745,-15.52885,-5.0217,0.00018,-0.54219
9582.87,BTC-27DEC19,1567076347176,open,0.46,110.3,0.3895,0.505,0.44759741,85.36,0.3545,0.0,BTC-27DEC19-13000-P,9449.3,67.36,0.411,3.0,0.454,4.6,88.36,20.39232,-7.2607,-34.46822,8e-05,-0.64758
9582.87,BTC-27DEC19,1567076347176,open,0.06,439.8,0.029,0.099,0.06187297,87.14,0.061,0.0,BTC-27DEC19-15000-C,9449.3,85.31,0.0585,14.9,0.062,0.2,87.21,17.76504,-6.45682,6.19257,7e-05,0.25863
9582.87,BTC-27DEC19,1567076347176,open,0.05,222.0,0.022,0.087,0.05194992,88.23,0.051,0.0,BTC-27DEC19-16000-C,9449.3,87.38,0.0505,0.1,0.0525,12.0,88.55,16.40111,-6.03568,5.39383,6e-05,0.22333
9450.14,SYN.BTC-30AUG19,1567076347178,open,0.0,568.9,0.0005,0.0175,0.00304284,99.45,0.003,0.0,BTC-30AUG19-10000-C,9449.3,93.94,0.0025,11.0,0.0035,40.1,103.79,0.96787,-28.7553,0.02829,0.00045,0.12784
9476.93,BTC-27SEP19,1567076347190,open,0.01,449.9,0.0005,0.0225,0.00893294,91.85,0.0085,0.0,BTC-27SEP19-14000-C,9449.3,89.63,0.008,2.2,0.009,24.1,92.01,4.09682,-6.51578,0.55988,6e-05,0.08361
9582.87,BTC-27DEC19,1567076347190,open,0.08,235.8,0.047,0.115,0.08037149,83.16,0.0795,0.0,BTC-27DEC19-7500-P,9449.3,80.32,0.0755,10.0,0.08,10.0,82.94,16.50637,-5.72515,-9.63805,7e-05,-0.22586
9476.93,BTC-27SEP19,1567076347190,open,0.27,726.1,0.2515,0.296,0.27338781,89.58,0.272,0.0,BTC-27SEP19-7000-C,9449.3,77.88,0.2685,13.5,0.275,5.4,92.96,4.40062,-6.8257,4.75772,7e-05,0.90798
9450.14,SYN.BTC-30AUG19,1567076347190,open,0.0,150.6,0.0005,0.0105,5e-07,120.0,0.0005,0.0,BTC-30AUG19-7500-P,9449.3,0.0,0.0,0.0,0.0005,8.9,217.19,0.00072,-0.00476,-1e-05,0.0,-4e-05
9476.93,BTC-27SEP19,1567076347192,open,0.79,28.2,0.779,0.7985,0.78896103,0.0,0.755,0.0,BTC-27SEP19-2000-C,9449.3,0.0,0.01,1.0,0.8495,5.0,500.0,0.0,0.0,1.58223,0.0,1.0
9476.93,BTC-27SEP19,1567076347192,open,0.01,696.6,0.0025,0.026,0.01202441,89.58,0.0135,0.0,BTC-27SEP19-7000-P,9449.3,87.33,0.011,13.0,0.013,60.0,91.65,4.40073,-6.82601,-0.78011,7e-05,-0.09203
9450.14,SYN.BTC-30AUG19,1567076347192,open,0.25,0.0,0.2445,0.2735,0.25927004,0.0,0.3065,0.0,BTC-30AUG19-7000-C,9449.3,0.0,0.0,0.0,0.0,0.0,0.0,0.0,0.0,0.16794,0.0,1.0
9582.87,BTC-27DEC19,1567076347203,open,2.79,1.3,2.684,2.8465,2.76117308,102.07,2.2,0.0,BTC-27DEC19-36000-P,9449.3,0.0,0.0,0.0,0.0,0.0,0.0,3.14549,-1.33911,-117.60614,1e-05,-0.97559
9582.87,BTC-27DEC19,1567076347207,open,0.49,65.4,0.474,0.5135,0.49300437,85.34,0.608,0.0,BTC-27DEC19-5000-C,9449.3,0.0,0.4775,8.0,0.507,8.0,103.52,6.34117,-2.25713,14.14171,2e-05,0.94234
9450.14,SYN.BTC-30AUG19,1567076347207,open,0.02,105.6,0.0005,0.0385,0.01627627,95.95,0.015,0.0,BTC-30AUG19-9500-C,9449.3,84.24,0.014,4.6,0.0175,36.1,102.23,1.83941,-88.24431,0.10168,0.00089,0.46475
9476.93,BTC-27SEP19,1567076347211,open,0.07,648.8,0.042,0.102,0.07241206,84.81,0.0715,0.0,BTC-27SEP19-10000-C,9449.3,81.75,0.069,36.2,0.073,30.2,85.33,10.5745,-15.52866,2.88945,0.00018,0.45781
9582.87,BTC-27DEC19,1567076347211,open,0.0,209.9,0.0005,0.011,0.00107679,102.21,0.001,0.0,BTC-27DEC19-2500-P,9449.3,93.08,0.0005,20.5,0.0015,10.0,106.89,0.77189,-0.32907,-0.18632,0.0,-0.00484
9450.14,SYN.BTC-30AUG19,1567076347211,open,0.7,0.0,0.66,0.7275,0.69309704,231.2,0.403,0.0,BTC-30AUG19-16000-P,9449.3,0.0,0.0,0.0,0.0,0.0,0.0,5e-05,-0.0056,-0.38387,0.0,-1.0
9476.93,BTC-27SEP19,1567076347216,open,0.65,0.5,0.6475,0.667,0.65710186,119.91,0.694,0.0,BTC-27SEP19-3250-C,9449.3,0.0,0.005,10.0,0.7875,5.0,500.0,0.03998,-0.08302,2.5677,0.0,0.99958
9476.93,BTC-27SEP19,1567076347222,open,1.97,0.0,1.897,2.0155,1.95464879,120.28,None,0.0,BTC-27SEP19-28000-P,9449.3,0.0,0.0,0.0,0.0,0.0,0.0,0.10691,-0.22266,-22.14293,0.0,-0.99879
9450.14,SYN.BTC-30AUG19,1567076347229,open,0.33,0.1,0.297,0.3495,0.32273208,127.02,0.2255,0.0,BTC-30AUG19-12500-P,9449.3,0.0,0.0,0.0,0.0,0.0,0.0,9e-05,-0.00551,-0.29989,0.0,-1.0
9582.87,BTC-27DEC19,1567076347234,open,0.04,453.3,0.013,0.0675,0.03663756,89.72,0.036,0.0,BTC-27DEC19-18000-C,9449.3,87.85,0.034,4.9,0.0375,11.0,90.32,13.70072,-5.12702,4.08017,5e-05,0.16628
168.89,SYN.ETH-6SEP19,1567076347237,open,0.37,0.0,0.323,0.408,0.363467,106.27,None,0.0,ETH-6SEP19-230-P,168.74,0.0,0.0,0.0,0.0,0.0,0.0,0.01627,-0.10974,-0.04864,0.00249,-0.97131
9582.87,BTC-27DEC19,1567076347239,open,0.01,357.8,0.0005,0.016,0.00618422,90.44,0.0065,0.0,BTC-27DEC19-4000-P,9449.3,86.81,0.005,15.0,0.007,16.0,92.73,3.3062,-1.24721,-1.00978,1e-05,-0.0259
9450.14,SYN.BTC-30AUG19,1567076347245,open,0.0,361.4,0.0005,0.0105,7.08e-06,120.0,0.0005,0.0,BTC-30AUG19-11500-C,9449.3,0.0,0.0,0.0,0.0005,10.0,183.18,0.0077,-0.06691,0.0001,0.0,0.00047
9476.93,BTC-27SEP19,1567076347247,open,0.0,726.1,0.0005,0.0105,0.00098579,107.88,0.0005,0.0,BTC-27SEP19-20000-C,9449.3,100.07,0.0005,0.5,0.001,21.3,108.06,0.73852,-1.3796,0.07099,1e-05,0.01045
9582.87,BTC-27DEC19,1567076347247,open,0.21,164.3,0.1685,0.2565,0.21456771,83.16,0.213,0.0,BTC-27DEC19-9000-C,9449.3,80.32,0.2085,10.0,0.215,15.6,83.36,20.45994,-7.09633,13.52459,8e-05,0.64429
9476.93,BTC-27SEP19,1567076347247,open,0.0,398.7,0.0005,0.0135,0.0037633,97.29,0.003,0.0,BTC-27SEP19-16000-C,9449.3,88.14,0.002,57.0,0.003,2.8,93.76,2.19251,-3.69357,0.25502,3e-05,0.03778
9582.87,BTC-27DEC19,1567076347247,open,0.0,163.4,0.0005,0.0135,0.00362774,93.32,0.0025,0.0,BTC-27DEC19-3500-P,9449.3,87.76,0.0025,26.0,0.0045,16.0,96.93,2.16818,-0.84389,-0.60972,1e-05,-0.01575
9582.87,BTC-27DEC19,1567076347247,open,0.0,425.2,0.0005,0.015,0.00445795,102.03,0.0035,0.0,BTC-27DEC19-36000-C,9449.3,98.87,0.0035,19.9,0.005,19.1,103.62,3.13994,-1.33628,0.62618,1e-05,0.02435
9450.14,SYN.BTC-30AUG19,1567076347247,open,0.0,356.2,0.0005,0.0105,0.0,120.0,0.0005,0.0,BTC-30AUG19-17000-C,9449.3,0.0,0.0,0.0,0.001,26.0,500.0,0.0,0.0,0.0,0.0,0.0
9450.14,SYN.BTC-30AUG19,1567076347251,open,0.1,6.0,0.0825,0.122,0.10133216,120.0,0.0995,0.0,BTC-30AUG19-8500-C,9449.3,0.0,0.099,6.0,0.103,6.0,151.99,0.3447,-20.68171,0.19616,0.00013,0.96654
9582.87,BTC-27DEC19,1567076347255,open,1.13,5.7,1.0565,1.178,1.11389789,91.43,0.661,0.0,BTC-27DEC19-20000-P,9449.3,0.0,0.005,5.0,1.466,1.0,262.06,11.41093,-4.35156,-62.54304,4e-05,-0.87332
9582.87,BTC-27DEC19,1567076347257,open,0.59,27.2,0.576,0.603,0.58877143,90.44,0.63,0.0,BTC-27DEC19-4000-C,9449.3,0.0,0.45,1.0,0.6245,0.2,149.53,3.30581,-1.24701,12.12744,1e-05,0.9741
9582.87,BTC-27DEC19,1567076347257,open,1.95,0.1,1.867,2.004,1.93133432,97.0,1.49,0.0,BTC-27DEC19-28000-P,9449.3,0.0,0.001,1.0,0.0,0.0,0.0,5.60785,-2.26885,-90.70287,2e-05,-0.95062
9582.87,BTC-27DEC19,1567076347257,open,0.45,73.3,0.425,0.4715,0.44796699,83.82,0.4875,0.0,BTC-27DEC19-5500-C,9449.3,52.71,0.429,7.0,0.4645,7.0,101.0,8.26795,-2.89046,14.8138,3e-05,0.91865
9582.87,BTC-27DEC19,1567076347257,open,0.0,365.3,0.0005,0.013,0.0032465,104.11,0.0025,0.0,BTC-27DEC19-40000-C,9449.3,98.34,0.002,28.1,0.004,20.2,106.87,2.43296,-1.05651,0.46484,1e-05,0.01802
