underlying_price,underlying_index,timestamp,state,settlement_price,open_interest,min_price,max_price,mark_price,mark_iv,last_price,interest_rate,instrument_name,index_price,bid_iv,best_bid_price,best_bid_amount,best_ask_price,best_ask_amount,ask_iv,vega,theta,rho,gamma,delta
12054.49,BTC-27DEC19,1561892340292,open,0.03,55.2,0.0005,0.072,0.03245417,108.51,0.035,0.0,BTC-27DEC19-40000-C,11513.97,104.74,0.0275,5.0,0.0375,6.0,112.05,16.55478,-4.99312,4.97949,2e-05,0.11628
11883.24,BTC-27SEP19,1561892340292,open,0.04,358.3,0.006,0.0895,0.04790375,100.23,0.0465,0.0,BTC-27SEP19-8000-P,11513.97,93.12,0.04,5.0,0.053,29.0,104.65,13.51742,-7.62194,-5.65316,4e-05,-0.14747
11883.24,BTC-27SEP19,1561892340292,open,0.52,714.8,0.47,0.5495,0.50970965,103.02,0.556,0.0,BTC-27SEP19-6000-C,11513.97,0.0,0.0,0.0,0.9035,3.0,500.0,6.52007,-3.77879,12.59608,2e-05,0.94503
11883.24,BTC-27SEP19,1561892340292,open,0.0,282.7,0.0005,0.0445,0.00467588,104.03,0.004,0.0,BTC-27SEP19-4750-P,11513.97,86.51,0.0015,24.0,0.0075,24.0,114.08,2.90226,-1.69853,-0.7292,1e-05,-0.02053
12054.49,BTC-27DEC19,1561892340292,open,0.02,2.4,0.0005,0.061,0.02149732,110.14,0.026,0.0,BTC-27DEC19-48000-C,11513.97,105.57,0.017,6.0,0.026,6.0,114.2,12.66273,-3.8769,3.5165,2e-05,0.08069
12054.48,BTC-27DEC19,1561892340293,open,0.0,87.9,0.0005,0.0425,0.0024972,125.16,0.0055,0.0,BTC-27DEC19-2000-P,11513.97,0.0,0.0,0.0,0.005,1.0,140.74,1.54444,-0.5373,-0.53446,0.0,-0.0065
11534.24,SYN.BTC-5JUL19,1561892340292,open,0.0,201.5,0.0005,0.041,0.00098715,129.67,0.0005,0.0,BTC-5JUL19-8500-P,11513.97,0.0,0.0,0.0,0.002,9.8,145.79,0.57207,-7.60722,-0.02826,2e-05,-0.01736
12054.48,BTC-27DEC19,1561892340294,open,0.88,0.0,0.837,0.9165,0.8767018,130.01,None,0.0,BTC-27DEC19-1500-C,11513.97,0.0,0.017,0.3,0.989,0.5,500.0,0.79147,-0.28602,7.14199,0.0,0.99693
12054.48,BTC-27DEC19,1561892340293,open,0.01,145.1,0.0005,0.053,0.01272211,106.56,0.018,0.0,BTC-27DEC19-4000-P,11513.97,100.88,0.01,100.0,0.0155,6.0,111.79,6.11331,-1.81085,-2.67174,1e-05,-0.03225
12054.48,BTC-27DEC19,1561892340294,open,0.19,107.0,0.1455,0.225,0.18504539,101.78,0.196,0.0,BTC-27DEC19-16000-C,11513.97,97.83,0.174,9.0,0.1875,0.6,102.66,33.73398,-9.54418,17.78546,5e-05,0.48444
12054.48,BTC-27DEC19,1561892340294,open,0.44,205.7,0.3915,0.471,0.43112899,99.44,0.48,0.0,BTC-27DEC19-8000-C,11513.97,84.66,0.405,5.0,0.0,0.0,0.0,21.77751,-6.01947,23.42535,3e-05,0.82546
11883.23,BTC-27SEP19,1561892340294,open,0.08,248.7,0.029,0.1085,0.06889494,101.39,0.079,0.0,BTC-27SEP19-18000-C,11513.97,96.26,0.0605,5.0,0.0765,24.3,105.9,19.77399,-11.27941,6.13809,6e-05,0.28103
11883.23,BTC-27SEP19,1561892340294,open,0.0,371.7,0.0005,0.0405,0.00070046,130.0,0.0005,0.0,BTC-27SEP19-2500-P,11513.97,0.0,0.0,0.0,0.002,0.1,149.51,0.53207,-0.38913,-0.10628,0.0,-0.00297
11621.49,SYN.BTC-26JUL19,1561892340292,open,0.62,0.0,0.576,0.7065,0.64119033,107.25,None,0.0,BTC-26JUL19-19000-P,11513.97,0.0,0.0,0.0,0.0,0.0,0.0,3.55061,-7.35844,-13.05003,3e-05,-0.94279
11621.49,SYN.BTC-26JUL19,1561892340292,open,0.37,17.0,0.32,0.3995,0.35958453,102.23,0.246,0.0,BTC-26JUL19-7500-C,11513.97,0.0,0.005,0.1,0.0,0.0,0.0,2.6925,-5.31857,4.9427,3e-05,0.95952
12054.48,BTC-27DEC19,1561892340295,open,1.06,0.0,1.001,1.1675,1.08423878,104.69,None,0.0,BTC-27DEC19-24000-P,11513.97,0.0,0.0055,1.0,1.881,0.2,500.0,28.70457,-8.35284,-106.91586,4e-05,-0.71552
11883.23,BTC-27SEP19,1561892340295,open,0.38,905.1,0.335,0.4145,0.37469292,100.23,0.3765,0.0,BTC-27SEP19-8000-C,11513.97,0.0,0.28,2.0,0.4775,2.0,181.0,13.51789,-7.62265,13.82603,4e-05,0.85252
11534.24,SYN.BTC-5JUL19,1561892340292,open,0.01,504.9,0.0005,0.047,0.00719463,107.51,0.004,0.0,BTC-5JUL19-10000-P,11513.97,91.35,0.004,35.0,0.0105,5.0,121.34,2.55507,-28.16973,-0.18516,0.00013,-0.11298
11563.32,SYN.BTC-12JUL19,1561892340294,open,0.02,64.4,0.0005,0.0605,0.02052339,112.21,0.022,0.0,BTC-12JUL19-14000-C,11513.97,96.16,0.013,24.0,0.0225,0.5,116.07,5.82968,-27.54048,0.67317,0.00012,0.19945
11621.49,SYN.BTC-26JUL19,1561892340295,open,0.53,0.0,0.4875,0.567,0.52726253,115.7,0.4,0.0,BTC-26JUL19-5500-C,11513.97,0.0,0.0005,0.1,0.0,0.0,0.0,0.43979,-0.98323,3.85436,0.0,0.9951
11883.23,BTC-27SEP19,1561892340297,open,0.75,225.7,0.7095,0.789,0.74930662,130.02,0.693,0.0,BTC-27SEP19-3000-C,11513.97,0.0,0.004,20.0,0.9355,5.0,500.0,1.11758,-0.81747,7.05632,0.0,0.99317
11563.32,SYN.BTC-12JUL19,1561892340292,open,0.01,84.2,0.0005,0.045,0.00545365,112.21,0.01,0.0,BTC-12JUL19-16000-C,11513.97,93.15,0.002,30.0,0.008,30.0,122.07,2.68788,-12.69798,0.2292,6e-05,0.06637
11621.49,SYN.BTC-26JUL19,1561892340292,open,0.0,147.2,0.0005,0.041,0.00124312,115.64,0.0005,0.0,BTC-26JUL19-6000-P,11513.97,102.63,0.0005,33.0,0.002,8.0,124.19,0.87425,-1.95348,-0.09833,1e-05,-0.01069
11534.24,SYN.BTC-5JUL19,1561892340295,open,0.0,124.9,0.0005,0.04,7.39e-05,130.0,0.0005,0.0,BTC-5JUL19-7500-P,11513.97,0.0,0.0,0.0,0.005,2.9,232.67,0.07064,-0.85235,-0.00264,0.0,-0.00164
11621.49,SYN.BTC-26JUL19,1561892340295,open,0.17,100.4,0.1185,0.198,0.15829788,102.22,0.179,0.0,BTC-26JUL19-10500-C,11513.97,85.63,0.143,14.4,0.1705,14.4,115.21,10.84484,-21.42021,4.41851,0.00011,0.69461
11621.49,SYN.BTC-26JUL19,1561892340292,open,0.02,268.2,0.0005,0.0545,0.01459511,107.28,0.013,0.0,BTC-26JUL19-17000-C,11513.97,96.58,0.0095,24.0,0.0175,24.0,112.59,6.0894,-12.62284,0.84578,6e-05,0.11725
11534.24,SYN.BTC-5JUL19,1561892340295,open,0.0,471.5,0.0005,0.0405,0.00091796,130.0,0.0015,0.0,BTC-5JUL19-16000-C,11513.97,0.0,0.0,0.0,0.002,5.0,146.29,0.5826,-7.76691,0.0259,3e-05,0.01773
11621.49,SYN.BTC-26JUL19,1561892340296,open,0.0,138.9,0.0005,0.0415,0.00174018,108.26,0.001,0.0,BTC-26JUL19-6500-P,11513.97,91.16,0.0005,27.0,0.003,25.9,118.48,1.19797,-2.5061,-0.14113,1e-05,-0.01539
11563.32,SYN.BTC-12JUL19,1561892340294,open,0.17,16.0,0.117,0.1965,0.15686391,103.57,0.19,0.0,BTC-12JUL19-10000-C,11513.97,68.61,0.142,6.0,0.171,6.0,130.55,5.69457,-24.83101,2.45014,0.00013,0.80811
11621.49,SYN.BTC-26JUL19,1561892340296,open,0.45,0.0,0.4025,0.482,0.442434,108.29,0.3665,0.0,BTC-26JUL19-6500-C,11513.97,0.0,0.005,0.1,0.0,0.0,0.0,1.19908,-2.509,4.46671,1e-05,0.98459
11563.32,SYN.BTC-12JUL19,1561892340292,open,0.0,39.1,0.0005,0.043,0.00331361,103.56,0.003,0.0,BTC-12JUL19-8500-P,11513.97,98.01,0.0025,100.0,0.003,0.3,101.52,1.82808,-7.97087,-0.16613,4e-05,-0.04084
11621.49,SYN.BTC-26JUL19,1561892340297,open,0.17,29.5,0.1355,0.23,0.1827872,101.53,0.163,0.0,BTC-26JUL19-13000-P,11513.97,80.25,0.1615,14.4,0.197,0.1,115.32,11.87161,-23.29083,-6.5321,0.00012,-0.61006
11563.32,SYN.BTC-12JUL19,1561892340298,open,0.03,73.0,0.0005,0.0755,0.03423974,103.56,0.0305,0.0,BTC-12JUL19-10500-P,11513.97,85.96,0.024,24.0,0.04,0.3,113.1,6.90923,-30.12559,-1.14839,0.00015,-0.271
11621.49,SYN.BTC-26JUL19,1561892340298,open,0.02,192.9,0.0005,0.0615,0.02198126,107.28,0.034,0.0,BTC-26JUL19-16000-C,11513.97,95.89,0.015,19.3,0.0245,19.3,111.02,7.66261,-15.88399,1.17326,7e-05,0.16439
11534.24,SYN.BTC-5JUL19,1561892340296,open,0.03,637.6,0.0005,0.0685,0.02776321,105.24,0.0205,0.0,BTC-5JUL19-11000-P,11513.97,94.92,0.0235,1.0,0.032,10.0,115.34,4.80461,-51.8525,-0.54521,0.00026,-0.3261
11563.32,SYN.BTC-12JUL19,1561892340444,open,0.02,31.0,0.0005,0.0545,0.0149511,112.21,0.017,0.0,BTC-12JUL19-14500-C,11513.97,95.48,0.0085,30.0,0.018,30.0,119.06,4.96131,-23.43808,0.52533,0.0001,0.15458
303.02,SYN.ETH-5JUL19,1561892340881,open,0.02,268.0,0.001,0.053,0.013961,111.82,0.023,0.0,ETH-5JUL19-340-C,302.45,99.11,0.01,1.0,0.021,200.0,132.03,0.09931,-1.13879,0.00771,0.00724,0.20431
313.03,ETH-27SEP19,1561892340891,open,0.13,769.0,0.092,0.182,0.137173,100.42,0.146,0.0,ETH-27SEP19-280-P,302.45,89.53,0.118,160.0,0.146,110.0,105.44,0.55106,-0.31132,-0.34708,0.0023,-0.31818
305.52,SYN.ETH-26JUL19,1561892340898,open,0.17,68.0,0.136,0.23,0.183306,105.99,0.104,0.0,ETH-26JUL19-340-P,302.45,76.9,0.154,120.0,0.189,120.0,111.49,0.31548,-0.64613,-0.16835,0.0045,-0.59397
303.86,SYN.ETH-12JUL19,1561892340906,open,0.09,120.0,0.042,0.121,0.081952,105.66,0.085,0.0,ETH-12JUL19-300-C,302.45,84.62,0.067,150.0,0.097,150.0,126.87,0.21579,-0.96002,0.0477,0.0068,0.56446
303.02,SYN.ETH-5JUL19,1561892340925,open,0.01,138.0,0.001,0.058,0.017808,104.25,0.03,0.0,ETH-5JUL19-280-P,302.45,70.83,0.007,200.0,0.027,200.0,128.98,0.10813,-1.15602,-0.01031,0.00846,-0.237
313.03,ETH-27SEP19,1561892340950,open,0.02,210.0,0.001,0.06,0.020166,108.24,0.031,0.0,ETH-27SEP19-720-C,302.46,100.32,0.014,200.0,0.025,200.0,113.59,0.2673,-0.16277,0.0594,0.00104,0.0981
313.03,ETH-27SEP19,1561892340950,open,1.16,0.0,1.11,1.284,1.197007,107.88,None,0.0,ETH-27SEP19-680-P,302.46,0.0,0.0,0.0,0.0,0.0,0.0,0.30314,-0.18398,-1.58556,0.00118,-0.8832
313.03,ETH-27SEP19,1561892340950,open,0.81,24.0,0.763,0.909,0.835763,106.7,1.356,0.0,ETH-27SEP19-560-P,302.46,0.0,0.0,0.0,0.0,0.0,0.0,0.43249,-0.25961,-1.24677,0.0017,-0.79996
305.53,SYN.ETH-26JUL19,1561892340950,open,0.93,0.0,0.888,1.044,0.965662,113.64,None,0.0,ETH-26JUL19-600-P,302.46,0.0,0.0,0.0,0.0,0.0,0.0,0.03737,-0.08207,-0.42169,0.0005,-0.9812
305.53,SYN.ETH-26JUL19,1561892340950,open,0.02,1083.0,0.001,0.055,0.015829,106.47,0.017,0.0,ETH-26JUL19-440-C,302.46,92.51,0.009,200.0,0.02,350.0,113.65,0.16854,-0.34675,0.0239,0.00239,0.12615
305.53,SYN.ETH-26JUL19,1561892340950,open,0.0,562.0,0.001,0.04,0.000727,105.41,0.004,0.0,ETH-26JUL19-160-P,302.46,0.0,0.0,0.0,0.0,0.0,0.0,0.01632,-0.03325,-0.00172,0.00023,-0.00724
303.03,SYN.ETH-5JUL19,1561892340950,open,0.0,528.0,0.001,0.045,0.005467,104.63,0.005,0.0,ETH-5JUL19-260-P,302.46,0.0,0.0,0.0,0.009,250.0,121.17,0.05793,-0.62156,-0.00396,0.00451,-0.09226
303.87,SYN.ETH-12JUL19,1561892340950,open,0.19,0.0,0.16,0.256,0.207884,109.36,None,0.0,ETH-12JUL19-360-P,302.46,0.0,0.0,0.0,0.0,0.0,0.0,0.16372,-0.75381,-0.09733,0.00498,-0.7766
313.04,ETH-27SEP19,1561892340953,open,0.29,1280.0,0.236,0.315,0.275952,100.42,0.32,0.0,ETH-27SEP19-260-C,302.46,74.74,0.235,3.0,0.309,110.0,120.69,0.50773,-0.28684,0.3485,0.00212,0.73316
305.53,SYN.ETH-26JUL19,1561892340950,open,0.68,0.0,0.639,0.775,0.706874,108.96,None,0.0,ETH-26JUL19-520-P,302.46,0.0,0.0,0.0,0.0,0.0,0.0,0.0781,-0.16443,-0.35981,0.00108,-0.95428
303.03,SYN.ETH-5JUL19,1561892340950,open,0.33,0.0,0.301,0.408,0.3544,129.56,None,0.0,ETH-5JUL19-410-P,302.46,0.0,0.0,0.0,0.0,0.0,0.0,0.02112,-0.28056,-0.05377,0.00133,-0.97405
303.03,SYN.ETH-5JUL19,1561892340950,open,0.01,1029.0,0.001,0.05,0.010256,104.27,0.023,0.0,ETH-5JUL19-270-P,302.46,65.66,0.002,250.0,0.016,250.0,123.73,0.08323,-0.88999,-0.00666,0.00651,-0.15436
313.04,ETH-27SEP19,1561892340953,open,0.0,8300.0,0.001,0.043,0.00319,101.33,0.003,0.0,ETH-27SEP19-120-P,302.46,85.31,0.001,110.0,0.0,0.0,0.0,0.05881,-0.03353,-0.01394,0.00024,-0.01509
303.03,SYN.ETH-5JUL19,1561892340950,open,0.16,0.0,0.108,0.187,0.14744,104.48,0.149,0.0,ETH-5JUL19-260-C,302.46,0.0,0.005,1.0,0.0,0.0,0.0,0.0578,-0.61927,0.03079,0.00451,0.90802
313.04,ETH-27SEP19,1561892340953,open,0.0,389.0,0.001,0.04,3e-05,102.28,0.002,0.0,ETH-27SEP19-60-P,302.46,0.0,0.0,0.0,0.0,0.0,0.0,0.00123,-0.00071,-0.00018,1e-05,-0.00021
303.87,SYN.ETH-12JUL19,1561892340950,open,0.25,0.0,0.215,0.315,0.26469,109.4,None,0.0,ETH-12JUL19-380-P,302.46,0.0,0.0,0.0,0.0,0.0,0.0,0.12807,-0.58993,-0.11016,0.0039,-0.84951
305.53,SYN.ETH-26JUL19,1561892340950,open,0.22,1048.0,0.183,0.28,0.231278,106.03,0.134,0.0,ETH-26JUL19-360-P,302.46,0.0,0.134,1.0,0.0,0.0,0.0,0.2946,-0.60356,-0.19522,0.0042,-0.67002
303.03,SYN.ETH-5JUL19,1561892340949,open,0.0,71.0,0.001,0.04,0.00015,129.91,0.005,0.0,ETH-5JUL19-460-C,302.46,0.0,0.0,0.0,0.0,0.0,0.0,0.0036,-0.04551,0.00013,0.00023,0.00342
303.87,SYN.ETH-12JUL19,1561892340950,open,0.29,0.0,0.24,0.319,0.279236,107.32,None,0.0,ETH-12JUL19-220-C,302.46,0.0,0.005,2.0,0.0,0.0,0.0,0.04605,-0.20807,0.06743,0.00143,0.96123
303.03,SYN.ETH-5JUL19,1561892340950,open,0.3,0.0,0.269,0.374,0.321851,126.45,None,0.0,ETH-5JUL19-400-P,302.46,0.0,0.0,0.0,0.0,0.0,0.0,0.02635,-0.3417,-0.05214,0.0017,-0.96612
313.04,ETH-27SEP19,1561892340954,open,0.37,1096.0,0.315,0.394,0.35439,100.42,0.383,0.0,ETH-27SEP19-220-C,302.46,0.0,0.22,5.0,0.57,17.0,260.46,0.38889,-0.2197,0.36356,0.00162,0.83136
305.53,SYN.ETH-26JUL19,1561892340953,open,0.27,504.0,0.233,0.334,0.283499,106.37,0.168,0.0,ETH-26JUL19-380-P,302.46,0.0,0.0,0.0,0.0,0.0,0.0,0.26637,-0.54747,-0.22064,0.00378,-0.73518
305.53,SYN.ETH-26JUL19,1561892340953,open,0.49,0.0,0.438,0.517,0.477035,105.08,None,0.0,ETH-26JUL19-160-C,302.46,0.0,0.0,0.0,0.0,0.0,0.0,0.01606,-0.03261,0.11174,0.00023,0.9929
303.03,SYN.ETH-5JUL19,1561892340950,open,0.43,0.0,0.395,0.51,0.452425,131.72,None,0.0,ETH-5JUL19-440-P,302.46,0.0,0.0,0.0,0.0,0.0,0.0,0.00835,-0.11283,-0.05844,0.00052,-0.99119
303.03,SYN.ETH-5JUL19,1561892340950,open,0.56,0.0,0.521,0.647,0.584106,137.45,None,0.0,ETH-5JUL19-480-P,302.46,0.0,0.0,0.0,0.0,0.0,0.0,0.00265,-0.03737,-0.06402,0.00016,-0.99757
313.04,ETH-27SEP19,1561892340964,open,0.38,30.0,0.339,0.45,0.394261,103.8,0.433,0.0,ETH-27SEP19-400-P,302.46,87.79,0.364,120.0,0.418,120.0,116.07,0.60119,-0.35109,-0.74873,0.00243,-0.58802
303.03,SYN.ETH-5JUL19,1561892340988,open,0.13,2.0,0.08,0.159,0.119228,104.17,0.13,0.0,ETH-5JUL19-270-C,302.46,0.0,0.098,50.0,0.139,50.0,164.9,0.08315,-0.88824,0.02941,0.00651,0.84586
305.53,SYN.ETH-26JUL19,1561892340997,open,0.13,449.0,0.09,0.18,0.135085,101.29,0.125,0.0,ETH-26JUL19-320-P,302.46,80.44,0.113,121.0,0.125,90.0,91.79,0.32432,-0.63479,-0.14073,0.00484,-0.51463
303.03,SYN.ETH-5JUL19,1561892341005,open,0.06,144.0,0.013,0.092,0.052951,104.22,0.085,0.0,ETH-5JUL19-300-C,302.46,67.02,0.036,150.0,0.072,150.0,145.95,0.13829,-1.47796,0.02041,0.01082,0.55712
303.03,SYN.ETH-5JUL19,1561892341012,open,0.01,255.0,0.001,0.044,0.004531,116.53,0.012,0.0,ETH-5JUL19-370-C,302.46,98.38,0.002,1.0,0.008,250.0,134.2,0.05133,-0.6134,0.00299,0.00359,0.07851
303.87,SYN.ETH-12JUL19,1561892341024,open,0.13,50.0,0.079,0.158,0.118781,105.63,0.158,0.0,ETH-12JUL19-280-C,302.46,76.3,0.101,50.0,0.135,50.0,131.07,0.19056,-0.8475,0.05747,0.006,0.70005
303.03,SYN.ETH-5JUL19,1561892341030,open,0.05,88.0,0.019,0.103,0.060974,104.3,0.058,0.0,ETH-5JUL19-310-P,302.46,62.34,0.042,150.0,0.069,99.0,121.81,0.13858,-1.48219,-0.02477,0.01083,-0.55106
303.87,SYN.ETH-12JUL19,1561892341036,open,0.15,2.0,0.11,0.201,0.155738,109.28,0.164,0.0,ETH-12JUL19-340-P,302.46,64.82,0.13,150.0,0.173,150.0,135.29,0.19566,-0.90024,-0.08276,0.00596,-0.68135
303.87,SYN.ETH-12JUL19,1561892341048,open,0.1,1.0,0.065,0.152,0.108362,107.12,0.117,0.0,ETH-12JUL19-320-P,302.46,76.6,0.087,150.0,0.124,150.0,129.06,0.21548,-0.97183,-0.06686,0.0067,-0.56795
303.03,SYN.ETH-5JUL19,1561892341057,open,0.06,144.0,0.013,0.092,0.052951,104.22,0.085,0.0,ETH-5JUL19-300-C,302.46,67.02,0.036,150.0,0.071,150.0,143.76,0.13829,-1.47796,0.02041,0.01082,0.55712
303.03,SYN.ETH-5JUL19,1561892341066,open,0.11,71.0,0.054,0.133,0.093779,104.19,0.103,0.0,ETH-5JUL19-280-C,302.46,0.0,0.073,50.0,0.113,50.0,154.46,0.10808,-1.15485,0.0271,0.00846,0.76319
303.03,SYN.ETH-5JUL19,1561892341072,open,0.02,310.0,0.001,0.059,0.019156,108.06,0.031,0.0,ETH-5JUL19-330-C,302.46,75.77,0.008,200.0,0.03,200.0,135.27,0.11528,-1.27752,0.01006,0.0087,0.26757
11621.45,SYN.BTC-26JUL19,1561892341336,open,0.03,203.9,0.0005,0.0735,0.03262625,102.21,0.0255,0.0,BTC-26JUL19-9500-P,11513.97,89.09,0.0235,19.3,0.0355,19.3,106.15,8.4056,-16.60171,-1.83682,9e-05,-0.19032
11534.22,SYN.BTC-5JUL19,1561892341356,open,0.28,5.0,0.2505,0.3545,0.3024914,122.68,0.148,0.0,BTC-5JUL19-15000-P,11513.97,0.0,0.0005,0.1,0.0,0.0,0.0,1.08672,-13.67134,-1.94924,5e-05,-0.96264
11883.07,BTC-27SEP19,1561892341368,open,0.02,62.8,0.0005,0.0585,0.01876519,108.75,0.0215,0.0,BTC-27SEP19-28000-C,11513.97,103.14,0.0145,24.0,0.023,24.0,113.67,9.67353,-5.9181,2.11712,3e-05,0.09193
11563.3,SYN.BTC-12JUL19,1561892341388,open,0.11,10.5,0.082,0.1715,0.1266092,106.58,0.107,0.0,BTC-12JUL19-12500-P,11513.97,89.4,0.115,1.0,0.138,1.0,123.01,7.93294,-35.59707,-2.81405,0.00017,-0.62136
11883.07,BTC-27SEP19,1561892341397,open,0.02,48.5,0.0005,0.063,0.02348799,107.3,0.038,0.0,BTC-27SEP19-26000-C,11513.97,102.29,0.019,24.0,0.028,24.0,111.89,11.19548,-6.75831,2.57178,3e-05,0.11237
12054.49,BTC-27DEC19,1561892341437,open,2.95,0.0,2.8435,3.1635,3.00341596,110.14,None,0.0,BTC-27DEC19-48000-P,11513.97,0.0,0.0,0.0,0.0,0.0,0.0,12.66269,-3.87688,-233.03237,2e-05,-0.91931
12054.49,BTC-27DEC19,1561892341778,open,1.98,1.3,1.906,2.1475,2.02663171,107.18,2.889,0.0,BTC-27DEC19-36000-P,11513.97,0.0,0.0005,1.0,0.0,0.0,0.0,18.88509,-5.62652,-171.45,2e-05,-0.85945
313.03,ETH-27SEP19,1561892341920,open,0.1,1298.0,0.063,0.15,0.106528,100.42,0.116,0.0,ETH-27SEP19-260-P,302.46,88.93,0.088,160.0,0.113,270.0,104.4,0.50773,-0.28684,-0.2846,0.00212,-0.26686
303.87,SYN.ETH-12JUL19,1561892341931,open,0.09,120.0,0.042,0.121,0.081967,105.64,0.085,0.0,ETH-12JUL19-300-C,302.46,84.57,0.067,150.0,0.098,150.0,128.23,0.2158,-0.95984,0.04772,0.0068,0.56459
303.03,SYN.ETH-5JUL19,1561892341939,open,0.01,138.0,0.001,0.058,0.017799,104.28,0.03,0.0,ETH-5JUL19-280-P,302.46,70.85,0.007,200.0,0.026,200.0,126.4,0.10812,-1.15621,-0.01031,0.00845,-0.23696
313.04,ETH-27SEP19,1561892341950,open,0.04,607.0,0.001,0.07,0.030371,107.48,0.046,0.0,ETH-27SEP19-640-C,302.45,100.32,0.023,200.0,0.036,200.0,112.43,0.34276,-0.20726,0.08308,0.00134,0.13937
313.04,ETH-27SEP19,1561892341950,open,0.32,2636.0,0.274,0.353,0.313104,100.41,0.34,0.0,ETH-27SEP19-240-C,302.45,79.67,0.284,1.0,0.348,110.0,124.04,0.4532,-0.25601,0.35853,0.00189,0.78347
313.04,ETH-27SEP19,1561892341951,open,0.81,0.0,0.769,0.848,0.808355,100.59,0.01,0.0,ETH-27SEP19-60-C,302.45,0.0,0.006,10.0,0.0,0.0,0.0,0.00103,-0.00058,0.14595,0.0,0.99983
313.04,ETH-27SEP19,1561892341951,open,1.28,0.0,1.228,1.413,1.320265,108.32,None,0.0,ETH-27SEP19-720-P,302.45,0.0,0.0,0.0,0.0,0.0,0.0,0.26781,-0.1632,-1.69363,0.00104,-0.90165
313.04,ETH-27SEP19,1561892341951,open,0.75,0.0,0.705,0.784,0.74469,101.79,None,0.0,ETH-27SEP19-80-C,302.45,0.0,0.01,5.0,0.0,0.0,0.0,0.00755,-0.00432,0.19346,3e-05,0.9985
313.04,ETH-27SEP19,1561892341951,open,0.0,1814.0,0.001,0.04,0.000257,102.13,0.002,0.0,ETH-27SEP19-80-P,302.45,0.0,0.0,0.0,0.0,0.0,0.0,0.00773,-0.00444,-0.00137,3e-05,-0.00154
313.04,ETH-27SEP19,1561892341951,open,0.59,0.0,0.542,0.669,0.605685,105.01,None,0.0,ETH-27SEP19-480-P,302.45,0.0,0.0,0.0,0.0,0.0,0.0,0.52508,-0.31019,-1.00611,0.0021,-0.71426
313.04,ETH-27SEP19,1561892341951,open,0.7,12.0,0.652,0.788,0.719894,106.39,1.193,0.0,ETH-27SEP19-520-P,302.45,0.0,0.0,0.0,0.0,0.0,0.0,0.48093,-0.28787,-1.12752,0.00189,-0.75933
313.04,ETH-27SEP19,1561892341951,open,0.63,47.0,0.58,0.659,0.619841,101.27,0.689,0.0,ETH-27SEP19-120-C,302.45,0.0,0.02,2.0,0.0,0.0,0.0,0.05868,-0.03343,0.2783,0.00024,0.98495
305.54,SYN.ETH-26JUL19,1561892341951,open,0.42,0.0,0.374,0.453,0.413139,103.94,None,0.0,ETH-26JUL19-180-C,302.45,0.0,0.0,0.0,0.0,0.0,0.0,0.03966,-0.07965,0.12275,0.00058,0.97984
303.87,SYN.ETH-12JUL19,1561892341951,open,0.01,521.0,0.001,0.049,0.008759,105.67,0.015,0.0,ETH-12JUL19-240-P,302.45,75.22,0.002,250.0,0.007,3.0,99.44,0.0899,-0.39999,-0.00988,0.00283,-0.09122
313.03,ETH-27SEP19,1561892341952,open,0.93,27.0,0.877,1.032,0.954381,107.13,1.04,0.0,ETH-27SEP19-600-P,302.45,0.0,0.0,0.0,0.0,0.0,0.0,0.38629,-0.23282,-1.36243,0.00151,-0.83309
313.03,ETH-27SEP19,1561892341952,open,0.57,191.0,0.52,0.599,0.559875,100.42,0.5,0.0,ETH-27SEP19-140-C,302.45,0.0,0.014,5.0,0.0,0.0,0.0,0.10693,-0.06041,0.31212,0.00045,0.96937
313.03,ETH-27SEP19,1561892341952,open,0.48,0.0,0.437,0.555,0.496148,103.87,None,0.0,ETH-27SEP19-440-P,302.45,0.0,0.0,0.0,0.48,120.0,94.79,0.56701,-0.33133,-0.87999,0.00229,-0.65837
313.03,ETH-27SEP19,1561892341953,open,0.0,4126.0,0.001,0.041,0.001104,101.84,0.001,0.0,ETH-27SEP19-100-P,302.45,0.0,0.0,0.0,0.0,0.0,0.0,0.02561,-0.01467,-0.00529,0.00011,-0.00583
305.54,SYN.ETH-26JUL19,1561892341950,open,0.44,0.0,0.398,0.514,0.455937,106.54,None,0.0,ETH-26JUL19-440-P,302.45,0.0,0.0,0.0,0.0,0.0,0.0,0.16872,-0.34733,-0.288,0.00239,-0.87366
303.04,SYN.ETH-5JUL19,1561892341951,open,0.49,0.0,0.458,0.578,0.518147,133.49,None,0.0,ETH-5JUL19-460-P,302.45,0.0,0.0,0.0,0.0,0.0,0.0,0.00442,-0.06053,-0.06128,0.00027,-0.99571
305.54,SYN.ETH-26JUL19,1561892341951,open,0.01,966.0,0.001,0.049,0.009147,108.63,0.009,0.0,ETH-26JUL19-480-C,302.45,87.99,0.003,200.0,0.012,350.0,115.45,0.11891,-0.24961,0.01496,0.00165,0.07823
305.54,SYN.ETH-26JUL19,1561892341951,open,0.31,20.0,0.253,0.332,0.292159,101.05,0.237,0.0,ETH-26JUL19-220-C,302.45,0.0,0.005,1.0,0.0,0.0,0.0,0.12953,-0.25291,0.13434,0.00194,0.91235
303.04,SYN.ETH-5JUL19,1561892341950,open,0.29,0.0,0.235,0.314,0.274438,119.75,None,0.0,ETH-5JUL19-220-C,302.45,0.0,0.005,2.0,0.0,0.0,0.0,0.00817,-0.10033,0.02902,0.00056,0.99141
305.54,SYN.ETH-26JUL19,1561892341951,open,0.36,0.0,0.311,0.39,0.350744,101.02,None,0.0,ETH-26JUL19-200-C,302.45,0.0,0.005,2.0,0.0,0.0,0.0,0.07522,-0.14684,0.13118,0.00113,0.95636
313.03,ETH-27SEP19,1561892341954,open,0.02,5305.0,0.001,0.065,0.024447,100.42,0.02,0.0,ETH-27SEP19-180-P,302.45,82.16,0.012,200.0,0.022,200.0,97.2,0.24293,-0.13724,-0.08435,0.00101,-0.08622
305.54,SYN.ETH-26JUL19,1561892341950,open,0.81,0.0,0.763,0.909,0.835717,110.74,None,0.0,ETH-26JUL19-560-P,302.45,0.0,0.0,0.0,0.0,0.0,0.0,0.05264,-0.11264,-0.39151,0.00072,-0.97176
313.03,ETH-27SEP19,1561892341955,open,0.01,7664.0,0.001,0.047,0.007116,100.42,0.005,0.0,ETH-27SEP19-140-P,302.45,72.48,0.001,10.0,0.006,200.0,97.0,0.10693,-0.06041,-0.02877,0.00045,-0.03063
305.54,SYN.ETH-26JUL19,1561892341951,open,0.01,1169.0,0.001,0.052,0.012212,101.08,0.013,0.0,ETH-26JUL19-220-P,302.45,76.97,0.004,200.0,0.012,200.0,100.58,0.12961,-0.25316,-0.02165,0.00194,-0.08772
313.03,ETH-27SEP19,1561892341955,open,0.51,392.0,0.463,0.542,0.502914,100.42,0.51,0.0,ETH-27SEP19-160-C,302.45,0.0,0.11,1.0,0.0,0.0,0.0,0.17075,-0.09647,0.3373,0.00071,0.94544
305.54,SYN.ETH-26JUL19,1561892341950,open,0.0,1068.0,0.001,0.042,0.002855,110.49,0.009,0.0,ETH-26JUL19-560-C,302.45,0.0,0.0,0.0,0.005,200.0,120.92,0.05214,-0.11133,0.00543,0.00071,0.02792
303.04,SYN.ETH-5JUL19,1561892341951,open,0.0,1.0,0.001,0.04,0.000437,120.58,0.004,0.0,ETH-5JUL19-220-P,302.45,0.0,0.0,0.0,0.0,0.0,0.0,0.00847,-0.10477,-0.00038,0.00057,-0.00895
303.87,SYN.ETH-12JUL19,1561892341952,open,0.31,0.0,0.272,0.377,0.32476,109.46,None,0.0,ETH-12JUL19-400-P,302.45,0.0,0.0,0.0,0.0,0.0,0.0,0.09475,-0.43665,-0.12129,0.00288,-0.90205
303.04,SYN.ETH-5JUL19,1561892341950,open,0.0,123.0,0.001,0.041,0.000994,118.86,0.009,0.0,ETH-5JUL19-230-P,302.45,0.0,0.0,0.0,0.0,0.0,0.0,0.01619,-0.19729,-0.00081,0.00111,-0.01893
305.54,SYN.ETH-26JUL19,1561892341951,open,0.33,985.0,0.286,0.392,0.33868,106.5,0.205,0.0,ETH-26JUL19-400-P,302.45,0.0,0.0,0.0,0.0,0.0,0.0,0.23413,-0.48184,-0.24459,0.00332,-0.7905
303.87,SYN.ETH-12JUL19,1561892341951,open,0.0,450.0,0.001,0.043,0.003264,107.47,0.002,0.0,ETH-12JUL19-220-P,302.45,0.0,0.0,0.0,0.004,251.0,112.05,0.04622,-0.20916,-0.00417,0.00143,-0.03895
305.54,SYN.ETH-26JUL19,1561892341951,open,0.25,558.0,0.199,0.278,0.238441,101.06,0.33,0.0,ETH-26JUL19-240-C,302.45,0.0,0.161,5.0,0.0,0.0,0.0,0.19058,-0.37215,0.13224,0.00285,0.84893
305.54,SYN.ETH-26JUL19,1561892341951,open,0.01,1209.0,0.001,0.045,0.005338,101.08,0.008,0.0,ETH-26JUL19-200-P,302.45,75.23,0.001,110.0,0.005,200.0,99.69,0.07534,-0.14715,-0.01063,0.00113,-0.04372
305.54,SYN.ETH-26JUL19,1561892341951,open,0.0,930.0,0.001,0.042,0.002272,104.04,0.004,0.0,ETH-26JUL19-180-P,302.45,91.71,0.001,101.0,0.003,200.0,109.16,0.03981,-0.08003,-0.00488,0.00058,-0.02025
303.87,SYN.ETH-12JUL19,1561892341951,open,0.23,0.0,0.179,0.258,0.218935,105.6,None,0.0,ETH-12JUL19-240-C,302.45,0.0,0.005,2.0,0.0,0.0,0.0,0.0898,-0.39926,0.06822,0.00283,0.90892
305.54,SYN.ETH-26JUL19,1561892341953,open,0.21,496.0,0.151,0.23,0.190726,101.06,0.3,0.0,ETH-26JUL19-260-C,302.45,87.48,0.18,1.0,0.275,25.0,197.27,0.24784,-0.484,0.12518,0.00371,0.76863
305.53,SYN.ETH-26JUL19,1561892341946,open,0.05,1142.0,0.001,0.079,0.039738,106.32,0.04,0.0,ETH-26JUL19-380-C,302.46,93.52,0.029,160.0,0.045,150.0,112.27,0.2663,-0.5471,0.04873,0.00378,0.26469
313.03,ETH-27SEP19,1561892341969,open,0.38,30.0,0.339,0.45,0.39426,103.79,0.433,0.0,ETH-27SEP19-400-P,302.45,87.24,0.363,120.0,0.418,120.0,116.05,0.60114,-0.351,-0.74876,0.00243,-0.58809
303.87,SYN.ETH-12JUL19,1561892341978,open,0.1,1.0,0.065,0.152,0.10834,107.11,0.117,0.0,ETH-12JUL19-320-P,302.45,76.63,0.087,150.0,0.123,150.0,127.69,0.21549,-0.97184,-0.06686,0.0067,-0.5679
313.04,ETH-27SEP19,1561892342004,open,0.16,1567.0,0.106,0.185,0.145956,101.68,0.145,0.0,ETH-27SEP19-360-C,302.45,94.07,0.131,120.0,0.156,110.0,106.78,0.61601,-0.35237,0.26144,0.00254,0.48894
303.04,SYN.ETH-5JUL19,1561892342007,open,0.01,255.0,0.001,0.044,0.004533,116.53,0.012,0.0,ETH-5JUL19-370-C,302.45,98.37,0.002,1.0,0.009,250.0,138.58,0.05135,-0.61365,0.003,0.00359,0.07854
303.04,SYN.ETH-5JUL19,1561892342029,open,0.06,144.0,0.013,0.092,0.052968,104.22,0.085,0.0,ETH-5JUL19-300-C,302.45,66.99,0.036,150.0,0.072,150.0,145.92,0.13829,-1.47798,0.02041,0.01082,0.55723
313.04,ETH-27SEP19,1561892342037,open,0.04,4119.0,0.001,0.08,0.038744,100.42,0.032,0.0,ETH-27SEP19-200-P,302.45,84.83,0.024,200.0,0.037,200.0,98.69,0.31742,-0.17933,-0.12457,0.00132,-0.12469
303.04,SYN.ETH-5JUL19,1561892342045,open,0.11,71.0,0.054,0.133,0.093801,104.2,0.103,0.0,ETH-5JUL19-280-C,302.45,0.0,0.074,50.0,0.113,50.0,154.41,0.10807,-1.15473,0.0271,0.00845,0.76327
11534.22,SYN.BTC-5JUL19,1561892342058,open,0.19,15.2,0.141,0.2205,0.18052138,116.99,0.201,0.0,BTC-5JUL19-9500-C,11513.97,0.0,0.071,2.0,0.2175,5.0,256.19,1.71997,-20.63515,1.16019,8e-05,0.93352
12054.49,BTC-27DEC19,1561892342075,open,0.03,87.0,0.0005,0.073,0.03179567,101.7,0.0285,0.0,BTC-27DEC19-5500-P,11513.97,96.06,0.0265,6.0,0.037,11.0,106.92,11.69504,-3.30602,-6.20666,2e-05,-0.07268
11621.43,SYN.BTC-26JUL19,1561892342078,open,0.04,283.0,0.0005,0.0725,0.03277764,107.28,0.0305,0.0,BTC-26JUL19-15000-C,11513.97,103.76,0.03,1.0,0.0355,19.3,110.63,9.31351,-19.30614,1.59547,9e-05,0.22643
11534.22,SYN.BTC-5JUL19,1561892342091,open,0.0,328.7,0.0005,0.044,0.00415624,116.98,0.0075,0.0,BTC-5JUL19-9500-P,11513.97,88.01,0.001,34.9,0.0075,30.0,136.31,1.7197,-20.63027,-0.10881,8e-05,-0.06646
11883.07,BTC-27SEP19,1561892342097,open,0.1,196.9,0.063,0.151,0.10689469,97.62,0.1025,0.0,BTC-27SEP19-10000-P,11513.97,91.9,0.0975,5.0,0.1135,1.0,101.63,19.55092,-10.73738,-11.03789,6e-05,-0.27458
11563.29,SYN.BTC-12JUL19,1561892342228,open,0.24,0.0,0.189,0.2685,0.22851977,103.57,None,0.0,BTC-12JUL19-9000-C,11513.97,0.0,0.0005,0.1,0.0,0.0,0.0,2.9723,-12.96098,2.61785,7e-05,0.92434
11534.22,SYN.BTC-5JUL19,1561892342246,open,0.37,0.0,0.333,0.4435,0.3880924,129.95,None,0.0,BTC-5JUL19-16000-P,11513.97,0.0,0.0005,0.1,0.0,0.0,0.0,0.58163,-7.75118,-2.11144,3e-05,-0.9823
11883.07,BTC-27SEP19,1561892342292,open,0.02,64.0,0.0005,0.055,0.01530818,110.27,0.015,0.0,BTC-27SEP19-30000-C,11513.58,104.46,0.0115,24.0,0.019,34.0,115.18,8.41709,-5.22186,1.76729,2e-05,0.07639
12054.49,BTC-27DEC19,1561892342292,open,0.28,153.9,0.2335,0.313,0.27306054,98.86,0.29,0.0,BTC-27DEC19-12000-C,11513.58,94.86,0.2625,10.0,0.28,5.0,101.5,31.7146,-8.71517,21.68862,4e-05,0.63815
12054.49,BTC-27DEC19,1561892342292,open,0.46,93.8,0.417,0.4965,0.45650136,99.44,0.5135,0.0,BTC-27DEC19-7500-C,11513.58,82.11,0.429,5.0,0.5105,2.5,131.06,19.8862,-5.49659,23.2703,3e-05,0.84822
12054.49,BTC-27DEC19,1561892342292,open,0.0,184.7,0.0005,0.043,0.00324015,114.32,0.003,0.0,BTC-27DEC19-2500-P,11513.58,88.64,0.0005,10.0,0.006,6.0,127.51,2.07724,-0.66011,-0.73318,0.0,-0.0091
11883.07,BTC-27SEP19,1561892342292,open,0.03,222.9,0.0005,0.0695,0.02970043,105.65,0.0325,0.0,BTC-27SEP19-24000-C,11513.58,101.17,0.025,24.0,0.0345,24.0,109.91,12.94844,-7.69648,3.14466,4e-05,0.13838
12054.49,BTC-27DEC19,1561892342292,open,0.11,53.8,0.071,0.1505,0.11094544,104.68,0.1095,0.0,BTC-27DEC19-22000-C,11513.58,102.32,0.105,0.2,0.1165,4.9,106.87,30.49262,-8.87312,12.77124,4e-05,0.32593
11883.07,BTC-27SEP19,1561892342292,open,0.3,41.6,0.262,0.3665,0.31420412,100.79,0.2735,0.0,BTC-27SEP19-14000-P,11513.58,89.95,0.293,5.0,0.3345,19.4,111.12,23.31636,-13.22109,-24.4922,7e-05,-0.53226
11883.07,BTC-27SEP19,1561892342292,open,0.01,321.5,0.0005,0.0495,0.00955536,103.01,0.01,0.0,BTC-27SEP19-5500-P,11513.58,91.73,0.0055,24.0,0.0125,29.0,109.7,4.88685,-2.83209,-1.38729,1e-05,-0.03839
12054.49,BTC-27DEC19,1561892342292,open,0.76,0.0,0.7165,0.796,0.75622143,109.65,None,0.0,BTC-27DEC19-3000-C,11513.58,0.0,0.005,0.6,0.984,0.5,500.0,3.05681,-0.93168,13.63837,0.0,0.9858
12054.49,BTC-27DEC19,1561892342292,open,2.3,0.0,2.217,2.4845,2.35072011,108.51,None,0.0,BTC-27DEC19-40000-P,11513.58,0.0,0.0005,3.0,0.0,0.0,0.0,16.55485,-4.99314,-192.14454,2e-05,-0.88372
11883.07,BTC-27SEP19,1561892342292,open,0.88,42.8,0.834,0.9135,0.87380743,130.23,0.815,0.0,BTC-27SEP19-1500-C,11513.58,0.0,0.0005,0.1,0.0,0.0,0.0,0.04415,-0.03235,3.6456,0.0,0.9998
12054.49,BTC-27DEC19,1561892342292,open,0.35,424.9,0.3025,0.382,0.34210682,98.88,0.3545,0.0,BTC-27DEC19-10000-C,11513.58,93.23,0.329,8.6,0.3555,5.0,104.67,27.92109,-7.67438,23.11064,4e-05,0.73114
12054.1,BTC-27DEC19,1561892342292,open,0.37,8.3,0.3335,0.444,0.38863198,101.78,0.38,0.0,BTC-27DEC19-14000-P,11513.58,94.35,0.368,5.0,0.4115,8.6,110.06,33.39198,-9.44693,-49.29855,5e-05,-0.44126
11883.07,BTC-27SEP19,1561892342292,open,0.0,612.3,0.0005,0.0415,0.00176144,130.0,0.0005,0.0,BTC-27SEP19-3000-P,11513.58,0.0,0.0,0.0,0.1,6.1,381.47,1.11684,-0.8168,-0.24833,0.0,-0.00682
11883.07,BTC-27SEP19,1561892342292,open,1.66,0.0,1.5975,1.8135,1.70563795,111.86,None,0.0,BTC-27SEP19-32000-P,11513.58,0.0,0.0,0.0,0.0,0.0,0.0,7.38369,-4.64669,-76.42269,2e-05,-0.93558
11883.07,BTC-27SEP19,1561892342292,open,0.01,441.1,0.0005,0.046,0.00614187,104.03,0.007,0.0,BTC-27SEP19-5000-P,11513.58,95.98,0.004,10.0,0.0085,29.0,111.25,3.54229,-2.07317,-0.93022,1e-05,-0.02601
12054.1,BTC-27DEC19,1561892342293,open,0.49,54.5,0.4435,0.523,0.48347191,99.51,0.481,0.0,BTC-27DEC19-7000-C,11513.58,78.62,0.4545,5.0,0.55,0.1,141.7,17.88286,-4.94662,22.97256,3e-05,0.87019
12054.1,BTC-27DEC19,1561892342293,open,1.67,0.3,1.598,1.814,1.70592584,105.97,2.435,0.0,BTC-27DEC19-32000-P,11513.58,0.0,0.0,0.0,0.0,0.0,0.0,21.69278,-6.38986,-150.43671,3e-05,-0.82652
12054.1,BTC-27DEC19,1561892342293,open,3.27,0.0,3.16,3.5065,3.33326829,112.51,None,0.0,BTC-27DEC19-52000-P,11513.58,0.0,0.0,0.0,0.0,0.0,0.0,11.69623,-3.6578,-253.09428,1e-05,-0.9273
11621.43,SYN.BTC-26JUL19,1561892342292,open,0.23,44.7,0.1755,0.255,0.21517481,102.22,0.23,0.0,BTC-26JUL19-9500-C,11513.58,73.64,0.1965,0.1,0.33,1.0,240.15,8.40584,-16.60294,4.89784,9e-05,0.80967
11882.68,BTC-27SEP19,1561892342294,open,0.55,227.1,0.507,0.5865,0.54671512,103.05,0.563,0.0,BTC-27SEP19-5500-C,11513.58,0.0,0.0045,8.0,0.908,5.0,500.0,4.89155,-2.83593,12.0031,1e-05,0.96156
12054.1,BTC-27DEC19,1561892342294,open,0.58,60.5,0.536,0.6155,0.57553406,101.71,0.567,0.0,BTC-27DEC19-5500-C,11513.58,0.0,0.005,1.0,0.977,5.0,500.0,11.69687,-3.30692,20.89616,2e-05,0.9273
11882.68,BTC-27SEP19,1561892342294,open,0.01,480.4,0.0005,0.055,0.0146204,103.01,0.0145,0.0,BTC-27SEP19-6000-P,11513.58,99.01,0.0125,1.0,0.017,24.0,107.2,6.51966,-3.77819,-2.01344,2e-05,-0.05497
11534.22,SYN.BTC-5JUL19,1561892342292,open,0.02,303.9,0.0005,0.0525,0.01267008,110.38,0.014,0.0,BTC-5JUL19-13000-C,11513.58,99.83,0.0095,4.0,0.014,2.0,114.54,3.63001,-41.08883,0.27486,0.00019,0.19107
12054.1,BTC-27DEC19,1561892342294,open,0.69,27.1,0.641,0.7205,0.68089586,106.58,0.542,0.0,BTC-27DEC19-4000-C,11513.58,0.0,0.0125,0.4,0.7105,0.2,150.17,6.11581,-1.81191,17.03907,1e-05,0.96773
11882.68,BTC-27SEP19,1561892342294,open,0.45,762.7,0.3985,0.478,0.43802068,100.26,0.503,0.0,BTC-27SEP19-7000-C,11513.58,0.0,0.001,50.0,0.0,0.0,0.0,9.82702,-5.54262,13.5428,3e-05,0.90608
11882.68,BTC-27SEP19,1561892342294,open,1.17,0.0,1.123,1.2995,1.21144537,107.2,None,0.0,BTC-27SEP19-26000-P,11513.58,0.0,0.0,0.0,0.0,0.0,0.0,11.17119,-6.73709,-60.74381,3e-05,-0.88797
11534.22,SYN.BTC-5JUL19,1561892342292,open,0.01,288.5,0.0005,0.047,0.00721442,110.38,0.01,0.0,BTC-5JUL19-13500-C,11513.58,88.72,0.003,38.0,0.009,5.0,117.7,2.68296,-30.36903,0.17538,0.00014,0.12104
12054.1,BTC-27DEC19,1561892342294,open,0.91,0.0,0.859,1.013,0.93599306,104.66,None,0.0,BTC-27DEC19-22000-P,11513.58,0.0,0.0055,2.0,0.99,0.1,125.16,30.48792,-8.87006,-95.64977,4e-05,-0.67417
11882.68,BTC-27SEP19,1561892342294,open,0.73,0.0,0.688,0.7675,0.72752116,113.99,None,0.0,BTC-27SEP19-3250-C,11513.58,0.0,0.004,10.0,0.932,5.0,500.0,0.82585,-0.52962,7.74337,0.0,0.99515
12054.1,BTC-27DEC19,1561892342295,open,0.77,3.6,0.7165,0.859,0.7879135,103.2,0.7375,0.0,BTC-27DEC19-20000-P,11513.58,0.0,0.004,5.0,0.848,0.1,125.27,31.89817,-9.15003,-84.33835,4e-05,-0.63183
11882.68,BTC-27SEP19,1561892342295,open,0.71,0.0,0.6685,0.8075,0.73799514,105.37,None,0.0,BTC-27SEP19-20000-P,11513.58,0.0,0.004,10.0,1.405,0.2,500.0,17.77175,-10.53529,-43.65378,5e-05,-0.77075
12054.1,BTC-27DEC19,1561892342295,open,0.04,268.8,0.0005,0.082,0.04056339,100.35,0.039,0.0,BTC-27DEC19-6000-P,11513.58,96.27,0.036,11.0,0.045,3.0,104.2,13.70897,-3.8242,-7.73892,2e-05,-0.08971
11882.68,BTC-27SEP19,1561892342295,open,0.59,793.2,0.5455,0.625,0.58537826,104.08,0.5945,0.0,BTC-27SEP19-5000-C,11513.58,0.0,0.051,1.0,0.7225,5.0,299.39,3.54763,-2.07736,11.24269,1e-05,0.97395
12054.1,BTC-27DEC19,1561892342296,open,0.2,175.8,0.165,0.2445,0.20490749,101.79,0.2,0.0,BTC-27DEC19-15000-C,11513.58,97.0,0.1915,10.0,0.2065,0.7,102.36,33.71421,-9.53933,18.745,5e-05,0.52046
12054.1,BTC-27DEC19,1561892342295,open,0.52,63.0,0.4725,0.552,0.51225591,99.8,0.4965,0.0,BTC-27DEC19-6500-C,11513.58,74.34,0.4825,5.0,0.975,2.0,500.0,15.80861,-4.3857,22.49828,2e-05,0.89099
12054.1,BTC-27DEC19,1561892342296,open,0.13,182.2,0.0855,0.1755,0.13070626,99.17,0.1335,0.0,BTC-27DEC19-9000-P,11513.58,95.71,0.1235,5.0,0.1375,3.0,102.43,25.14085,-6.93065,-20.91108,4e-05,-0.22131
12054.1,BTC-27DEC19,1561892342296,open,0.43,3.4,0.3915,0.507,0.44925814,101.78,0.408,0.0,BTC-27DEC19-15000-P,11513.58,94.18,0.428,5.0,0.4755,8.6,111.18,33.71437,-9.53806,-55.17635,5e-05,-0.47958
12054.1,BTC-27DEC19,1561892342296,open,0.1,135.5,0.0535,0.133,0.09327733,104.69,0.1035,0.0,BTC-27DEC19-24000-C,11513.58,99.87,0.082,4.9,0.1,6.9,107.48,28.70344,-8.3527,11.35796,4e-05,0.28448
11534.22,SYN.BTC-5JUL19,1561892342294,open,0.45,0.0,0.4155,0.533,0.47415711,129.97,None,0.0,BTC-5JUL19-17000-P,11513.58,0.0,0.0005,0.1,0.0,0.0,0.0,0.22954,-3.05947,-2.26193,1e-05,-0.99391
11621.43,SYN.BTC-26JUL19,1561892342294,open,0.7,0.0,0.6565,0.794,0.72522737,108.0,None,0.0,BTC-26JUL19-20000-P,11513.58,0.0,0.0,0.0,0.0,0.0,0.0,2.69733,-5.62914,-13.87938,3e-05,-0.95943
11563.29,SYN.BTC-12JUL19,1561892342295,open,0.37,0.0,0.334,0.4445,0.38913848,112.19,None,0.0,BTC-12JUL19-16000-P,11513.58,0.0,0.0,0.0,0.0,0.0,0.0,2.68668,-12.69021,-4.97671,6e-05,-0.93366
11563.29,SYN.BTC-12JUL19,1561892342295,open,0.14,12.0,0.0865,0.166,0.1261973,103.57,0.188,0.0,BTC-12JUL19-10500-C,11513.58,78.82,0.112,6.0,0.1405,6.0,126.94,6.90935,-30.1275,2.26786,0.00015,0.72899
12054.1,BTC-27DEC19,1561892342297,open,0.02,61.7,0.0005,0.0595,0.01951942,112.65,0.0155,0.0,BTC-27DEC19-52000-C,11513.58,111.05,0.018,1.0,0.021,0.5,114.13,11.74379,-3.67724,3.18186,1e-05,0.07308
12054.1,BTC-27DEC19,1561892342297,open,0.72,4.0,0.679,0.7585,0.71863767,109.67,0.59,0.0,BTC-27DEC19-3500-C,11513.58,0.0,0.005,0.6,0.78,1.0,203.13,4.64954,-1.4174,15.33413,1e-05,0.97677
11621.43,SYN.BTC-26JUL19,1561892342296,open,0.06,185.8,0.0195,0.104,0.06179472,102.21,0.0515,0.0,BTC-26JUL19-10500-P,11513.58,95.98,0.056,0.6,0.0675,19.3,108.31,10.84484,-21.41936,-3.02517,0.00011,-0.3054
11621.43,SYN.BTC-26JUL19,1561892342296,open,0.04,30.6,0.0005,0.0775,0.03768198,104.77,0.0535,0.0,BTC-26JUL19-14500-C,11513.58,94.3,0.029,19.3,0.043,19.3,110.86,9.96864,-20.18097,1.80365,0.0001,0.25661
11621.43,SYN.BTC-26JUL19,1561892342297,open,0.29,31.7,0.243,0.3225,0.2829816,102.22,0.2775,0.0,BTC-26JUL19-8500-C,11513.58,0.0,0.0105,0.1,0.0,0.0,0.0,5.4042,-10.67445,5.08887,6e-05,0.90066
11563.29,SYN.BTC-12JUL19,1561892342296,open,0.04,1.3,0.0005,0.076,0.03614852,110.3,0.033,0.0,BTC-12JUL19-13000-C,11513.58,105.33,0.033,9.7,0.039,0.5,114.74,7.38272,-34.28504,1.03919,0.00015,0.31236
11534.22,SYN.BTC-5JUL19,1561892342297,open,0.28,5.0,0.2245,0.304,0.26405,129.68,0.25,0.0,BTC-5JUL19-8500-C,11513.58,0.0,0.001,0.1,0.2965,5.0,310.21,0.57225,-7.61026,1.10716,2e-05,0.98264
11534.22,SYN.BTC-5JUL19,1561892342298,open,0.03,169.7,0.0005,0.061,0.02129297,110.38,0.022,0.0,BTC-5JUL19-12500-C,11513.58,91.02,0.014,5.0,0.024,5.0,117.19,4.52976,-51.27331,0.4071,0.00023,0.28552
12054.1,BTC-27DEC19,1561892342697,open,0.14,366.6,0.089,0.1685,0.12877276,103.22,0.13,0.0,BTC-27DEC19-20000-C,11513.58,99.88,0.12,0.1,0.137,4.9,106.31,31.90041,-9.15247,14.22516,4e-05,0.36825
11534.22,SYN.BTC-5JUL19,1561892342699,open,0.12,30.8,0.065,0.1445,0.10459584,106.17,0.124,0.0,BTC-5JUL19-10500-C,11513.58,60.88,0.0925,6.0,0.1215,6.0,153.33,3.77811,-41.13402,1.06508,0.0002,0.79587
11563.29,SYN.BTC-12JUL19,1561892342716,open,0.15,10.2,0.114,0.2065,0.16039455,110.3,0.1335,0.0,BTC-12JUL19-13000-P,11513.58,69.97,0.137,18.0,0.174,18.0,131.05,7.38266,-34.28402,-3.19052,0.00015,-0.68764
11563.29,SYN.BTC-12JUL19,1561892342724,open,0.15,10.2,0.114,0.2065,0.16039455,110.3,0.1335,0.0,BTC-12JUL19-13000-P,11513.58,70.98,0.1375,18.0,0.174,18.0,131.05,7.38266,-34.28402,-3.19052,0.00015,-0.68764
12054.49,BTC-27DEC19,1561892342751,open,0.03,55.2,0.0005,0.072,0.03245472,108.51,0.035,0.0,BTC-27DEC19-40000-C,11513.58,104.74,0.0275,5.0,0.037,6.0,111.71,16.55485,-4.99314,4.97951,2e-05,0.11628
11534.22,SYN.BTC-5JUL19,1561892342780,open,0.09,89.5,0.0345,0.114,0.07408051,105.24,0.137,0.0,BTC-5JUL19-11000-C,11513.58,75.37,0.062,18.0,0.09,18.0,142.73,4.80465,-51.85424,0.92416,0.00026,0.6739
12054.1,BTC-27DEC19,1561892342790,open,0.49,0.0,0.452,0.5725,0.51240378,101.78,0.4925,0.0,BTC-27DEC19-16000-P,11513.58,93.77,0.49,3.6,0.5415,3.6,112.18,33.73279,-9.54314,-61.06528,5e-05,-0.5156
12054.12,BTC-27DEC19,1561892342810,open,0.23,164.8,0.1875,0.267,0.22723448,101.79,0.244,0.0,BTC-27DEC19-14000-C,11513.58,96.48,0.2125,10.0,0.23,5.0,102.79,33.3917,-9.44794,19.69452,5e-05,0.55877
11883.07,BTC-27SEP19,1561892342822,open,0.28,826.4,0.2255,0.305,0.26536438,97.63,0.2815,0.0,BTC-27SEP19-10000-C,11513.58,88.55,0.2505,9.9,0.2775,9.9,104.98,19.55103,-10.73822,13.31119,6e-05,0.72542
11563.29,SYN.BTC-12JUL19,1561892342834,open,0.18,12.5,0.148,0.243,0.19534547,112.2,0.1625,0.0,BTC-12JUL19-13500-P,11513.58,56.21,0.1705,6.0,0.21,6.0,136.33,6.67487,-31.53108,-3.544,0.00014,-0.74665
313.03,ETH-27SEP19,1561892342948,open,0.03,15.0,0.001,0.064,0.024694,107.88,0.071,0.0,ETH-27SEP19-680-C,302.5,100.43,0.018,200.0,0.03,200.0,113.11,0.30315,-0.18399,0.07021,0.00118,0.1168
303.03,SYN.ETH-5JUL19,1561892342948,open,0.24,0.0,0.207,0.307,0.256855,116.28,None,0.0,ETH-5JUL19-380-P,302.5,0.0,0.0,0.0,0.0,0.0,0.0,0.03781,-0.45082,-0.04873,0.00265,-0.94705
303.03,SYN.ETH-5JUL19,1561892342948,open,0.36,0.0,0.332,0.442,0.386882,129.01,None,0.0,ETH-5JUL19-420-P,302.5,0.0,0.0,0.0,0.0,0.0,0.0,0.01494,-0.19765,-0.05544,0.00094,-0.98277
305.53,SYN.ETH-26JUL19,1561892342948,open,0.01,1186.0,0.001,0.044,0.004877,108.75,0.013,0.0,ETH-26JUL19-520-C,302.5,85.8,0.001,10.0,0.007,200.0,116.24,0.07759,-0.16305,0.00877,0.00108,0.04535
303.86,SYN.ETH-12JUL19,1561892342948,open,0.37,0.0,0.332,0.442,0.387031,109.17,None,0.0,ETH-12JUL19-420-P,302.5,0.0,0.0,0.0,0.0,0.0,0.0,0.06626,-0.30453,-0.13109,0.00202,-0.93886
303.03,SYN.ETH-5JUL19,1561892342948,open,0.0,435.0,0.001,0.043,0.003184,109.28,0.005,0.0,ETH-5JUL19-250-P,302.5,0.0,0.0,0.0,0.006,250.0,127.43,0.03971,-0.44499,-0.00241,0.00296,-0.05634
303.03,SYN.ETH-5JUL19,1561892342948,open,0.0,1.0,0.001,0.04,0.000175,122.3,0.001,0.0,ETH-5JUL19-210-P,302.5,0.0,0.0,0.0,0.0,0.0,0.0,0.00401,-0.05027,-0.00016,0.00027,-0.00385
303.03,SYN.ETH-5JUL19,1561892342949,open,0.22,0.0,0.171,0.25,0.210073,117.04,None,0.0,ETH-5JUL19-240-C,302.5,0.0,0.005,1.0,0.0,0.0,0.0,0.02807,-0.33695,0.03049,0.00196,0.9634
305.53,SYN.ETH-26JUL19,1561892342948,open,0.56,0.0,0.517,0.643,0.580135,108.51,None,0.0,ETH-26JUL19-480-P,302.5,0.0,0.0,0.0,0.0,0.0,0.0,0.11856,-0.24859,-0.32537,0.00165,-0.92207
303.03,SYN.ETH-5JUL19,1561892342948,open,0.0,248.0,0.001,0.042,0.002047,116.76,0.002,0.0,ETH-5JUL19-240-P,302.5,0.0,0.0,0.0,0.003,3.0,126.03,0.02787,-0.33372,-0.00155,0.00195,-0.03628
303.03,SYN.ETH-5JUL19,1561892342948,open,0.0,1.0,0.001,0.04,0.000381,129.93,0.006,0.0,ETH-5JUL19-440-C,302.5,0.0,0.0,0.0,0.0,0.0,0.0,0.00769,-0.1024,0.00031,0.00048,0.00801
303.03,SYN.ETH-5JUL19,1561892342948,open,0.0,1408.0,0.001,0.042,0.002532,123.78,0.006,0.0,ETH-5JUL19-390-C,302.5,105.95,0.001,35.0,0.005,250.0,142.03,0.03338,-0.42368,0.00173,0.0022,0.04531
303.86,SYN.ETH-12JUL19,1561892342949,open,0.0,104.0,0.001,0.043,0.003022,110.97,0.01,0.0,ETH-12JUL19-440-C,302.5,93.46,0.001,10.0,0.005,250.0,121.84,0.04735,-0.22123,0.00367,0.00142,0.04012
303.03,SYN.ETH-5JUL19,1561892342948,open,0.21,105.0,0.177,0.274,0.225495,116.32,0.13,0.0,ETH-5JUL19-370-P,302.5,0.0,0.0,0.0,0.0,0.0,0.0,0.05113,-0.6099,-0.04645,0.00358,-0.9219
303.03,SYN.ETH-5JUL19,1561892342948,open,0.0,212.0,0.001,0.04,0.000597,129.93,0.004,0.0,ETH-5JUL19-430-C,302.5,0.0,0.0,0.0,0.0,0.0,0.0,0.01098,-0.14633,0.00046,0.00069,0.01206
303.03,SYN.ETH-5JUL19,1561892342949,open,0.0,1.0,0.001,0.04,5.8e-05,129.92,0.004,0.0,ETH-5JUL19-480-C,302.5,0.0,0.0,0.0,0.0,0.0,0.0,0.00161,-0.01744,5e-05,0.0001,0.0014
303.86,SYN.ETH-12JUL19,1561892342949,open,0.43,0.0,0.393,0.509,0.450992,110.67,None,0.0,ETH-12JUL19-440-P,302.5,0.0,0.0,0.0,0.0,0.0,0.0,0.0469,-0.21853,-0.13953,0.00141,-0.96034
305.53,SYN.ETH-26JUL19,1561892342949,open,0.62,0.0,0.578,0.708,0.643114,108.47,None,0.0,ETH-26JUL19-500-P,302.5,0.0,0.0,0.0,0.0,0.0,0.0,0.09596,-0.20113,-0.34306,0.00134,-0.94075
303.03,SYN.ETH-5JUL19,1561892342948,open,0.19,0.0,0.139,0.218,0.178212,109.49,None,0.0,ETH-5JUL19-250-C,302.5,0.0,0.005,1.0,0.0,0.0,0.0,0.03988,-0.44779,0.03097,0.00297,0.94335
303.03,SYN.ETH-5JUL19,1561892342949,open,0.0,215.0,0.001,0.041,0.001359,128.94,0.005,0.0,ETH-5JUL19-410-C,302.5,0.0,0.0,0.0,0.004,250.0,155.65,0.0207,-0.27375,0.00097,0.00131,0.02534
303.86,SYN.ETH-12JUL19,1561892342950,open,0.18,0.0,0.125,0.204,0.164849,105.71,None,0.0,ETH-12JUL19-260-C,302.5,0.0,0.005,1.0,0.0,0.0,0.0,0.14414,-0.64151,0.06471,0.00454,0.81937
303.03,SYN.ETH-5JUL19,1561892342948,open,0.32,0.0,0.268,0.347,0.307198,123.95,None,0.0,ETH-5JUL19-210-C,302.5,0.0,0.005,2.0,0.0,0.0,0.0,0.00438,-0.0557,0.02787,0.00029,0.99575
303.03,SYN.ETH-5JUL19,1561892342949,open,0.0,323.0,0.001,0.042,0.002897,116.61,0.003,0.0,ETH-5JUL19-380-C,302.5,0.0,0.0,0.0,0.007,250.0,141.81,0.03811,-0.45574,0.00205,0.00266,0.05349
11534.22,SYN.BTC-5JUL19,1561892342975,open,0.12,30.8,0.065,0.1445,0.10459584,106.17,0.124,0.0,BTC-5JUL19-10500-C,11513.58,57.99,0.092,6.0,0.1215,6.0,153.33,3.77811,-41.13402,1.06508,0.0002,0.79587
11563.29,SYN.BTC-12JUL19,1561892343007,open,0.15,10.2,0.114,0.2065,0.16039455,110.3,0.1335,0.0,BTC-12JUL19-13000-P,11513.58,70.98,0.1375,18.0,0.1745,18.0,131.8,7.38266,-34.28402,-3.19052,0.00015,-0.68764
11883.07,BTC-27SEP19,1561892343018,open,0.04,358.3,0.006,0.0895,0.04790875,100.23,0.0465,0.0,BTC-27SEP19-8000-P,11513.58,93.12,0.04,29.0,0.053,29.0,104.65,13.51759,-7.62198,-5.65331,4e-05,-0.14748
11882.54,BTC-27SEP19,1561892343292,open,0.33,372.0,0.279,0.3585,0.31859301,100.24,0.3325,0.0,BTC-27SEP19-9000-C,11512.73,0.0,0.002,20.0,0.479,4.0,209.17,16.86311,-9.51003,13.66108,5e-05,0.79075
11882.54,BTC-27SEP19,1561892343292,open,1.5,0.0,1.4385,1.6415,1.54001745,110.27,None,0.0,BTC-27SEP19-30000-P,11512.73,0.0,0.0,0.0,0.0,0.0,0.0,8.4155,-5.22082,-71.28162,2e-05,-0.92363
12054.12,BTC-27DEC19,1561892343292,open,0.03,51.6,0.0005,0.066,0.02629068,109.41,0.033,0.0,BTC-27DEC19-44000-C,11512.73,105.2,0.0215,0.3,0.031,6.0,113.16,14.46874,-4.40037,4.171,2e-05,0.0965
11882.54,BTC-27SEP19,1561892343292,open,0.24,30.1,0.2005,0.3,0.25047041,98.02,0.234,0.0,BTC-27SEP19-13000-P,11512.73,92.18,0.239,7.0,0.261,7.0,103.38,23.35519,-12.87857,-21.0676,7e-05,-0.47767
12054.12,BTC-27DEC19,1561892343292,open,2.62,0.0,2.5295,2.823,2.67638516,109.32,None,0.0,BTC-27DEC19-44000-P,11512.73,0.0,0.0,0.0,0.0,0.0,0.0,14.43612,-4.38677,-212.67652,2e-05,-0.90379
11882.54,BTC-27SEP19,1561892343292,open,0.04,320.0,0.0005,0.08,0.04010863,105.42,0.056,0.0,BTC-27SEP19-22000-C,11512.73,99.67,0.033,19.3,0.044,19.3,108.4,15.26473,-9.05353,3.9826,4e-05,0.17776
11882.54,BTC-27SEP19,1561892343292,open,0.79,55.9,0.7505,0.83,0.79031042,130.05,0.689,0.0,BTC-27SEP19-2500-C,11512.73,0.0,0.004,10.0,0.942,5.0,500.0,0.53348,-0.39033,5.98077,0.0,0.99702
12054.12,BTC-27DEC19,1561892343292,open,0.8,0.0,0.756,0.8355,0.79584262,114.32,None,0.0,BTC-27DEC19-2500-C,11512.73,0.0,0.0125,0.3,0.985,0.5,500.0,2.07738,-0.66016,11.58701,0.0,0.9909
12053.27,BTC-27DEC19,1561892343293,open,0.26,90.3,0.218,0.319,0.2685383,98.83,0.267,0.0,BTC-27DEC19-12000-P,11512.73,94.65,0.2575,5.0,0.2825,8.0,104.16,31.71399,-8.7128,-37.44985,4e-05,-0.36193
12053.27,BTC-27DEC19,1561892343293,open,0.55,122.6,0.503,0.5825,0.5428113,100.38,0.56,0.0,BTC-27DEC19-6000-C,11512.73,0.0,0.0095,1.0,0.58,0.1,130.17,13.71282,-3.82625,21.82545,2e-05,0.91024
12053.27,BTC-27DEC19,1561892343293,open,0.02,95.2,0.0005,0.0575,0.01687369,103.13,0.036,0.0,BTC-27DEC19-4500-P,11512.73,95.77,0.0125,6.0,0.021,6.0,109.32,7.65161,-2.19338,-3.52382,1e-05,-0.04245
12053.27,BTC-27DEC19,1561892343293,open,0.25,146.1,0.2085,0.288,0.24809996,100.22,0.2825,0.0,BTC-27DEC19-13000-C,11512.73,95.78,0.236,5.0,0.253,5.9,102.02,32.76385,-9.12738,20.69489,5e-05,0.5965
12053.27,BTC-27DEC19,1561892343293,open,0.65,6.5,0.604,0.6835,0.6435688,103.18,0.54,0.0,BTC-27DEC19-4500-C,11512.73,0.0,0.011,0.1,0.979,1.0,500.0,7.65921,-2.19683,18.64729,1e-05,0.9575
11881.69,BTC-27SEP19,1561892343293,open,0.16,205.2,0.1165,0.196,0.15646502,98.05,0.1725,0.0,BTC-27SEP19-13000-C,11512.73,94.25,0.149,5.0,0.1635,5.0,101.63,23.35353,-12.88185,10.58484,7e-05,0.52233
12053.27,BTC-27DEC19,1561892343293,open,0.01,101.8,0.0005,0.049,0.00898725,109.64,0.0105,0.0,BTC-27DEC19-3500-P,11512.73,104.15,0.007,100.0,0.011,6.0,114.59,4.6473,-1.41637,-1.91294,1e-05,-0.02322
11881.69,BTC-27SEP19,1561892343293,open,0.65,0.2,0.6055,0.685,0.64533045,107.12,0.26,0.0,BTC-27SEP19-4250-C,11512.73,0.0,0.005,0.1,0.751,5.0,298.61,2.03801,-1.2282,9.86819,1e-05,0.98642
11881.69,BTC-27SEP19,1561892343294,open,0.12,172.9,0.0745,0.154,0.11429929,100.81,0.121,0.0,BTC-27SEP19-15000-C,11512.73,95.95,0.105,10.0,0.12,10.0,103.77,22.83196,-12.9485,8.64228,7e-05,0.41302
11881.69,BTC-27SEP19,1561892343294,open,0.06,368.4,0.015,0.0945,0.05494899,105.43,0.0645,0.0,BTC-27SEP19-20000-C,11512.73,104.12,0.053,25.0,0.057,24.3,106.8,17.77768,-10.54485,5.04755,5e-05,0.22942
11881.69,BTC-27SEP19,1561892343294,open,0.0,46.9,0.0005,0.041,0.00101796,113.83,0.001,0.0,BTC-27SEP19-3250-P,11512.73,0.0,0.0,0.0,0.0,0.0,0.0,0.82008,-0.52518,-0.16881,0.0,-0.00482
12053.27,BTC-27DEC19,1561892343294,open,0.04,148.5,0.0005,0.08,0.04018733,107.19,0.0395,0.0,BTC-27DEC19-36000-C,11512.73,103.42,0.0345,6.0,0.046,6.0,110.78,18.88152,-5.62561,5.96027,2e-05,0.14053
11533.82,SYN.BTC-5JUL19,1561892343293,open,0.41,0.0,0.374,0.488,0.43103939,128.42,None,0.0,BTC-5JUL19-16500-P,11512.73,0.0,0.0005,0.1,0.0,0.0,0.0,0.34554,-4.55061,-2.18987,2e-05,-0.99031
11881.69,BTC-27SEP19,1561892343294,open,0.0,432.4,0.0005,0.0415,0.00154439,113.82,0.004,0.0,BTC-27SEP19-3500-P,11512.73,0.0,0.0,0.0,0.0,0.0,0.0,1.14342,-0.73219,-0.24738,0.0,-0.00701
11881.69,BTC-27SEP19,1561892343294,open,0.63,289.7,0.5855,0.665,0.62503531,105.46,0.6055,0.0,BTC-27SEP19-4500-C,11512.73,0.0,0.001,50.0,0.7415,5.0,299.32,2.44164,-1.44869,10.36341,1e-05,0.98324
11881.69,BTC-27SEP19,1561892343294,open,0.0,1657.1,0.0005,0.04,3.659e-05,129.99,0.001,0.0,BTC-27SEP19-1500-P,11512.73,0.0,0.0,0.0,0.0005,10.0,165.97,0.04335,-0.0317,-0.00669,0.0,-0.00019
12053.27,BTC-27DEC19,1561892343294,open,1.51,0.2,1.446,1.649,1.54745495,105.41,2.2245,0.0,BTC-27DEC19-30000-P,11512.73,0.0,0.0,0.0,0.0,0.0,0.0,23.27649,-6.82041,-139.77799,3e-05,-0.80572
12053.27,BTC-27DEC19,1561892343294,open,0.01,160.5,0.0005,0.045,0.00509203,109.64,0.0075,0.0,BTC-27DEC19-3000-P,11512.73,85.44,0.001,6.6,0.008,6.0,119.69,3.05694,-0.93168,-1.146,0.0,-0.0142
11881.69,BTC-27SEP19,1561892343295,open,0.83,28.2,0.792,0.8715,0.83189978,131.16,0.755,0.0,BTC-27SEP19-2000-C,11512.73,0.0,0.004,5.0,0.95,5.0,500.0,0.20579,-0.15185,4.83309,0.0,0.99895
11881.69,BTC-27SEP19,1561892343295,open,0.0,392.0,0.0005,0.0425,0.00274589,111.25,0.005,0.0,BTC-27SEP19-4000-P,11512.73,96.14,0.001,4.0,0.0045,24.0,120.97,1.82879,-1.14456,-0.42608,0.0,-0.01198
11533.82,SYN.BTC-5JUL19,1561892343293,open,0.04,189.9,0.0005,0.074,0.03416863,110.4,0.0405,0.0,BTC-5JUL19-12000-C,11512.73,101.04,0.03,1.0,0.038,5.0,118.94,5.15866,-58.40588,0.56758,0.00026,0.40256
12053.27,BTC-27DEC19,1561892343295,open,1.36,0.1,1.2955,1.4865,1.39091509,105.15,2.02,0.0,BTC-27DEC19-28000-P,11512.73,0.0,0.0,0.0,0.0,0.0,0.0,25.04231,-7.31944,-128.96222,3e-05,-0.78018
11533.82,SYN.BTC-5JUL19,1561892343293,open,0.01,392.3,0.0005,0.0435,0.00394069,110.39,0.0015,0.0,BTC-5JUL19-14000-C,11512.73,85.16,0.001,35.0,0.006,5.0,121.91,1.8453,-20.88975,0.10615,9e-05,0.07284
11621.0,SYN.BTC-26JUL19,1561892343293,open,0.2,9.3,0.1675,0.2645,0.21609184,103.34,0.191,0.0,BTC-26JUL19-13500-P,11512.73,77.52,0.192,14.4,0.2305,14.4,117.83,11.36213,-22.68856,-7.20148,0.00011,-0.65804
11562.88,SYN.BTC-12JUL19,1561892343294,open,0.29,0.0,0.256,0.36,0.30798765,112.08,None,0.0,BTC-12JUL19-15000-P,11512.73,0.0,0.0,0.0,0.0,0.0,0.0,4.11748,-19.43053,-4.47771,8e-05,-0.88222
11533.82,SYN.BTC-5JUL19,1561892343292,open,0.0,149.7,0.0005,0.04,0.00028237,130.01,0.001,0.0,BTC-5JUL19-17000-C,11512.73,0.0,0.0,0.0,0.0015,5.0,160.7,0.22985,-3.06453,0.00896,1e-05,0.0061
11621.0,SYN.BTC-26JUL19,1561892343292,open,0.08,55.7,0.0375,0.117,0.07718881,100.97,0.0825,0.0,BTC-26JUL19-12500-C,11512.73,93.65,0.0695,5.0,0.0845,5.0,107.91,12.22899,-23.86059,3.03513,0.00013,0.4456
11621.0,SYN.BTC-26JUL19,1561892343294,open,0.26,30.8,0.208,0.2875,0.24780995,102.25,0.296,0.0,BTC-26JUL19-9000-C,11512.73,0.0,0.032,0.1,0.366,1.0,257.03,6.92701,-13.68651,5.03355,7e-05,0.8588
11562.88,SYN.BTC-12JUL19,1561892343292,open,0.21,0.1,0.182,0.28,0.23124886,112.13,0.2155,0.0,BTC-12JUL19-14000-P,11512.73,0.0,0.0,0.0,0.0,0.0,0.0,5.82502,-27.49962,-3.8827,0.00012,-0.8008
11562.88,SYN.BTC-12JUL19,1561892343292,open,0.05,28.5,0.006,0.0855,0.04560432,106.6,0.065,0.0,BTC-12JUL19-12500-C,11512.73,95.41,0.038,4.0,0.0505,5.0,113.7,7.93242,-35.60129,1.25278,0.00017,0.3786
12053.27,BTC-27DEC19,1561892343297,open,1.21,0.0,1.1465,1.325,1.23576644,104.62,None,0.0,BTC-27DEC19-26000-P,11512.73,0.0,0.004,10.0,2.0425,0.2,499.83,26.79791,-7.79338,-118.04793,4e-05,-0.75158
11533.82,SYN.BTC-5JUL19,1561892343293,open,0.23,20.0,0.1815,0.261,0.22127125,117.33,0.2695,0.0,BTC-5JUL19-9000-C,11512.73,0.0,0.071,2.0,0.256,5.0,280.51,0.87951,-10.58212,1.15525,4e-05,0.97109
11621.0,SYN.BTC-26JUL19,1561892343292,open,0.05,100.4,0.006,0.0855,0.04595045,104.78,0.0655,0.0,BTC-26JUL19-14000-C,11512.73,98.24,0.04,5.0,0.0515,19.3,110.71,10.73713,-21.73835,2.08231,0.00011,0.29871
11621.0,SYN.BTC-26JUL19,1561892343292,open,0.0,105.1,0.0005,0.0425,0.00278878,108.02,0.0005,0.0,BTC-26JUL19-21000-C,11512.73,86.56,0.0005,34.0,0.005,5.0,118.71,1.97867,-4.13011,0.2064,2e-05,0.02784
11533.82,SYN.BTC-5JUL19,1561892343295,open,0.32,0.0,0.267,0.3465,0.30671698,131.17,None,0.0,BTC-5JUL19-8000-C,11512.73,0.0,0.001,0.1,0.0,0.0,0.0,0.24016,-3.23045,1.05827,1e-05,0.99359
11533.82,SYN.BTC-5JUL19,1561892343293,open,0.0,482.7,0.0005,0.043,0.00302289,118.62,0.005,0.0,BTC-5JUL19-14500-C,11512.73,104.33,0.0015,1.0,0.0045,5.0,128.93,1.47676,-17.96423,0.07964,7e-05,0.05471
11562.88,SYN.BTC-12JUL19,1561892343292,open,0.33,0.0,0.2945,0.402,0.3481484,112.05,None,0.0,BTC-12JUL19-15500-P,11512.73,0.0,0.0,0.0,0.0,0.0,0.0,3.35029,-15.80515,-4.73822,7e-05,-0.91131
11621.0,SYN.BTC-26JUL19,1561892343292,open,0.07,160.3,0.035,0.1205,0.07770868,99.18,0.074,0.0,BTC-26JUL19-11000-P,11512.73,90.98,0.0695,0.2,0.076,10.0,97.48,11.65066,-22.32818,-3.66308,0.00012,-0.36693
11533.82,SYN.BTC-5JUL19,1561892343292,open,0.32,0.0,0.292,0.399,0.34533838,128.04,None,0.0,BTC-5JUL19-15500-P,11512.73,0.0,0.0005,0.1,0.0,0.0,0.0,0.83678,-10.98751,-2.03081,4e-05,-0.97277
11621.0,SYN.BTC-26JUL19,1561892343295,open,0.23,5.3,0.201,0.3005,0.25062132,104.73,0.192,0.0,BTC-26JUL19-14000-P,11512.73,0.0,0.0,0.0,0.0,0.0,0.0,10.73502,-21.72404,-7.84331,0.00011,-0.70142
11533.82,SYN.BTC-5JUL19,1561892343293,open,0.2,12.2,0.1695,0.266,0.21772035,110.13,0.162,0.0,BTC-5JUL19-14000-P,11512.73,0.0,0.02,0.1,0.0,0.0,0.0,1.83519,-20.72595,-1.76472,9e-05,-0.92768
11621.0,SYN.BTC-26JUL19,1561892343295,open,0.46,0.0,0.4185,0.5365,0.4774085,107.18,None,0.0,BTC-26JUL19-17000-P,11512.73,0.0,0.0,0.0,0.0,0.0,0.0,6.07835,-12.58845,-11.20791,6e-05,-0.88304
11621.0,SYN.BTC-26JUL19,1561892343294,open,0.07,295.8,0.0245,0.104,0.06416897,101.54,0.072,0.0,BTC-26JUL19-13000-C,11512.73,97.45,0.06,2.0,0.068,0.4,105.28,11.87082,-23.29219,2.68352,0.00012,0.3899
11533.82,SYN.BTC-5JUL19,1561892343294,open,0.24,3.0,0.21,0.3105,0.26015182,118.28,0.12,0.0,BTC-5JUL19-14500-P,11512.73,0.0,0.079,2.0,0.0,0.0,0.0,1.46499,-17.7699,-1.85806,7e-05,-0.94584
11621.0,SYN.BTC-26JUL19,1561892343292,open,0.01,124.8,0.0005,0.049,0.00874505,102.21,0.0055,0.0,BTC-26JUL19-8000-P,11512.73,87.74,0.0045,24.1,0.0105,24.0,107.14,3.95888,-7.81849,-0.61382,4e-05,-0.06576
11562.88,SYN.BTC-12JUL19,1561892343293,open,0.01,84.0,0.0005,0.0475,0.0076994,112.21,0.0075,0.0,BTC-12JUL19-15500-C,11512.73,94.84,0.0035,30.0,0.0105,30.0,121.13,3.3605,-15.87642,0.30607,7e-05,0.08906
11562.88,SYN.BTC-12JUL19,1561892343295,open,0.25,0.0,0.2185,0.3195,0.26891734,112.11,None,0.0,BTC-12JUL19-14500-P,11512.73,0.0,0.0,0.0,0.0,0.0,0.0,4.9549,-23.38775,-4.19335,0.0001,-0.84571
11621.0,SYN.BTC-26JUL19,1561892343292,open,0.14,43.0,0.107,0.1985,0.1527878,100.94,0.131,0.0,BTC-26JUL19-12500-P,11512.73,89.69,0.141,2.0,0.1645,2.0,112.04,12.22873,-23.85115,-5.82658,0.00013,-0.55446
11562.88,SYN.BTC-12JUL19,1561892343296,open,0.01,38.2,0.0005,0.053,0.01272524,103.55,0.0065,0.0,BTC-12JUL19-9500-P,11512.73,82.99,0.006,30.0,0.015,30.0,109.46,4.31757,-18.82344,-0.52193,0.0001,-0.12601
11533.82,SYN.BTC-5JUL19,1561892343292,open,0.0,432.0,0.0005,0.042,0.0020151,122.7,0.0035,0.0,BTC-5JUL19-15000-C,11512.73,99.47,0.0005,8.5,0.0035,35.0,135.98,1.08705,-13.6787,0.05449,5e-05,0.03738
11621.0,SYN.BTC-26JUL19,1561892343296,open,0.01,40.5,0.0005,0.046,0.0062947,107.28,0.011,0.0,BTC-26JUL19-19000-C,11512.73,94.15,0.003,24.0,0.009,24.0,115.26,3.55251,-7.36439,0.41978,3e-05,0.05725
11621.0,SYN.BTC-26JUL19,1561892343296,open,0.0,106.8,0.0005,0.0405,0.00052166,115.64,0.0005,0.0,BTC-26JUL19-5500-P,11512.73,0.0,0.0,0.0,0.0,0.0,0.0,0.43854,-0.9799,-0.04457,0.0,-0.00489
11533.82,SYN.BTC-5JUL19,1561892343293,open,0.06,135.7,0.0075,0.087,0.04734663,99.67,0.06,0.0,BTC-5JUL19-11500-C,11512.73,83.69,0.04,5.1,0.057,5.0,120.69,5.29976,-54.1716,0.74841,0.0003,0.53311
11533.82,SYN.BTC-5JUL19,1561892343292,open,0.0,451.0,0.0005,0.0415,0.00155818,116.97,0.0005,0.0,BTC-5JUL19-9000-P,11512.73,0.0,0.0,0.0,0.003,0.3,132.56,0.87063,-10.44362,-0.0464,4e-05,-0.02856
11621.0,SYN.BTC-26JUL19,1561892343298,open,0.31,10.0,0.271,0.376,0.32349538,107.22,0.17,0.0,BTC-26JUL19-15000-P,11512.73,0.0,0.0,0.0,0.0,0.0,0.0,9.30873,-19.28687,-9.03961,9e-05,-0.77376
11621.0,SYN.BTC-26JUL19,1561892343295,open,0.33,24.1,0.2805,0.36,0.32036169,102.28,0.38,0.0,BTC-26JUL19-8000-C,11512.73,0.0,0.161,0.3,0.0,0.0,0.0,3.96428,-7.8349,5.0564,4e-05,0.93412
11621.0,SYN.BTC-26JUL19,1561892343292,open,0.27,5.0,0.234,0.3365,0.28537476,104.72,0.1535,0.0,BTC-26JUL19-14500-P,11512.73,0.0,0.0,0.0,0.0,0.0,0.0,9.96468,-20.16394,-8.47687,0.0001,-0.74357
11621.0,SYN.BTC-26JUL19,1561892343292,open,0.0,164.2,0.0005,0.045,0.00493804,102.21,0.003,0.0,BTC-26JUL19-7500-P,11512.73,82.35,0.0015,24.0,0.007,24.0,110.3,2.69175,-5.31604,-0.37408,3e-05,-0.04047
11621.0,SYN.BTC-26JUL19,1561892343295,open,0.01,81.1,0.0005,0.044,0.00427225,108.02,0.006,0.0,BTC-26JUL19-20000-C,11512.73,92.09,0.0015,24.0,0.007,24.0,118.09,2.69838,-5.63237,0.29922,3e-05,0.04059
11533.82,SYN.BTC-5JUL19,1561892343293,open,0.16,28.4,0.131,0.2245,0.17764431,110.22,0.1395,0.0,BTC-5JUL19-13500-P,11512.73,0.0,0.154,6.0,0.1975,6.0,174.41,2.67615,-30.24829,-1.62857,0.00014,-0.87939
11621.0,SYN.BTC-26JUL19,1561892343293,open,0.1,67.5,0.0555,0.143,0.09937724,99.18,0.086,0.0,BTC-26JUL19-11500-P,11512.73,91.19,0.091,2.1,0.109,2.0,108.38,12.16335,-23.31163,-4.37643,0.00013,-0.43185
11562.88,SYN.BTC-12JUL19,1561892343294,open,0.09,1.7,0.037,0.1165,0.07698088,103.59,0.086,0.0,BTC-12JUL19-11500-C,11512.73,88.92,0.0665,4.0,0.0845,4.0,114.12,8.25838,-36.01702,1.775,0.00018,0.54879
11562.88,SYN.BTC-12JUL19,1561892343296,open,0.07,30.9,0.021,0.1005,0.06058201,106.6,0.0645,0.0,BTC-12JUL19-12000-C,11512.73,98.8,0.055,10.0,0.067,4.0,115.55,8.28177,-37.1701,1.50803,0.00018,0.46143
11533.82,SYN.BTC-5JUL19,1561892343292,open,0.0,183.0,0.0005,0.0415,0.00151089,128.67,0.0005,0.0,BTC-5JUL19-15500-C,11512.73,0.0,0.0,0.0,0.003,30.0,144.73,0.85329,-11.25957,0.04062,4e-05,0.02787
11621.0,SYN.BTC-26JUL19,1561892343292,open,0.78,0.0,0.7375,0.882,0.80979509,107.62,None,0.0,BTC-26JUL19-21000-P,11512.73,0.0,0.0,0.0,0.0,0.0,0.0,1.94815,-4.05148,-14.68467,2e-05,-0.97267
11533.82,SYN.BTC-5JUL19,1561892343292,open,0.36,0.0,0.31,0.3895,0.3498348,133.29,None,0.0,BTC-5JUL19-7500-C,11512.73,0.0,0.049,0.1,0.0,0.0,0.0,0.08635,-1.18027,0.99855,0.0,0.99795
11621.0,SYN.BTC-26JUL19,1561892343296,open,0.53,0.0,0.4965,0.6205,0.55847653,107.14,None,0.0,BTC-26JUL19-18000-P,11512.73,0.0,0.0,0.0,0.0,0.0,0.0,4.68989,-9.70936,-12.16315,5e-05,-0.91792
12053.27,BTC-27DEC19,1561892343311,open,1.21,0.0,1.1465,1.325,1.23576644,104.62,None,0.0,BTC-27DEC19-26000-P,11512.73,0.0,0.004,10.0,2.043,0.2,500.0,26.79791,-7.79338,-118.04793,4e-05,-0.75158
12053.27,BTC-27DEC19,1561892343324,open,0.17,113.1,0.125,0.2185,0.17168375,98.87,0.151,0.0,BTC-27DEC19-10000-P,11512.73,94.91,0.1625,9.9,0.1795,3.0,102.24,27.92097,-7.6732,-26.17143,4e-05,-0.26891
313.08,ETH-27SEP19,1561892343327,open,0.06,3109.0,0.015,0.099,0.057182,100.45,0.05,0.0,ETH-27SEP19-220-P,302.5,86.96,0.041,160.0,0.058,160.0,101.11,0.38889,-0.21977,-0.17213,0.00162,-0.16861
313.05,ETH-27SEP19,1561892343950,open,0.41,1740.0,0.36,0.439,0.399832,100.39,0.42,0.0,ETH-27SEP19-200-C,302.48,0.0,0.003,10.0,0.425,5.0,123.55,0.31734,-0.17923,0.36248,0.00132,0.87537
313.05,ETH-27SEP19,1561892343950,open,0.17,931.0,0.125,0.218,0.171487,100.44,0.156,0.0,ETH-27SEP19-300-P,302.48,89.47,0.151,160.0,0.184,110.0,107.17,0.58289,-0.32936,-0.41222,0.00243,-0.36929
313.05,ETH-27SEP19,1561892343950,open,0.01,5818.0,0.001,0.054,0.014047,100.43,0.015,0.0,ETH-27SEP19-160-P,302.48,79.74,0.005,2.0,0.012,200.0,96.54,0.17075,-0.09647,-0.0523,0.00071,-0.05456
313.05,ETH-27SEP19,1561892343950,open,0.04,2980.0,0.001,0.077,0.037631,107.12,0.043,0.0,ETH-27SEP19-600-C,302.48,99.75,0.029,165.0,0.043,160.0,111.35,0.38632,-0.23282,0.09855,0.00151,0.16691
313.05,ETH-27SEP19,1561892343951,open,0.08,2796.0,0.033,0.112,0.072285,104.97,0.08,0.0,ETH-27SEP19-480-C,302.48,97.47,0.06,160.0,0.079,140.0,108.93,0.52501,-0.31005,0.16263,0.0021,0.28564
303.91,SYN.ETH-12JUL19,1561892343950,open,0.04,201.0,0.001,0.081,0.040262,105.75,0.038,0.0,ETH-12JUL19-280-P,302.48,82.43,0.026,200.0,0.048,200.0,117.98,0.19054,-0.84837,-0.03362,0.006,-0.29979
305.58,SYN.ETH-26JUL19,1561892343951,open,0.13,1143.0,0.075,0.154,0.114621,100.29,0.145,0.0,ETH-26JUL19-300-C,302.48,86.25,0.1,120.0,0.126,120.0,111.23,0.318,-0.61624,0.10087,0.00479,0.58025
303.91,SYN.ETH-12JUL19,1561892343950,open,0.02,1020.0,0.001,0.054,0.014097,109.26,0.015,0.0,ETH-12JUL19-380-C,302.48,90.02,0.007,250.0,0.019,250.0,120.24,0.12799,-0.58877,0.01347,0.0039,0.1503
305.58,SYN.ETH-26JUL19,1561892344046,open,0.04,952.0,0.001,0.069,0.02949,106.43,0.028,0.0,ETH-26JUL19-400-C,302.48,94.73,0.021,160.0,0.035,310.0,113.43,0.2341,-0.48145,0.03898,0.00332,0.20941
305.58,SYN.ETH-26JUL19,1561892344050,open,0.13,1143.0,0.075,0.154,0.114621,100.29,0.145,0.0,ETH-26JUL19-300-C,302.48,87.21,0.101,120.0,0.126,120.0,111.23,0.318,-0.61624,0.10087,0.00479,0.58025
305.58,SYN.ETH-26JUL19,1561892344081,open,0.17,68.0,0.136,0.23,0.183286,106.11,0.104,0.0,ETH-26JUL19-340-P,302.48,76.03,0.153,120.0,0.189,120.0,111.63,0.31564,-0.64717,-0.16827,0.00449,-0.59349
313.05,ETH-27SEP19,1561892344126,open,0.13,2664.0,0.077,0.156,0.116457,103.79,0.125,0.0,ETH-27SEP19-400-C,302.48,95.69,0.101,160.0,0.127,160.0,109.26,0.6012,-0.35106,0.22526,0.00243,0.41198
303.91,SYN.ETH-12JUL19,1561892344132,open,0.04,201.0,0.001,0.081,0.040262,105.75,0.038,0.0,ETH-12JUL19-280-P,302.48,82.43,0.026,200.0,0.047,200.0,116.41,0.19054,-0.84837,-0.03362,0.006,-0.29979
303.08,SYN.ETH-5JUL19,1561892344137,open,0.08,174.0,0.032,0.111,0.071597,104.02,0.158,0.0,ETH-5JUL19-290-C,302.48,57.43,0.053,150.0,0.091,150.0,149.23,0.12757,-1.36081,0.02404,0.00999,0.66533
305.58,SYN.ETH-26JUL19,1561892344143,open,0.13,449.0,0.09,0.18,0.135068,101.37,0.125,0.0,ETH-26JUL19-320-P,302.48,80.54,0.113,1.0,0.125,90.0,91.88,0.32438,-0.6354,-0.14068,0.00483,-0.51431
303.08,SYN.ETH-5JUL19,1561892344151,open,0.05,88.0,0.019,0.103,0.060955,104.48,0.058,0.0,ETH-5JUL19-310-P,302.48,60.32,0.041,150.0,0.069,99.0,122.02,0.13863,-1.48529,-0.02475,0.01081,-0.55036
303.91,SYN.ETH-12JUL19,1561892344153,open,0.15,2.0,0.11,0.201,0.155713,109.45,0.164,0.0,ETH-12JUL19-340-P,302.48,63.03,0.129,150.0,0.173,150.0,135.48,0.19586,-0.90256,-0.0827,0.00595,-0.68069
303.91,SYN.ETH-12JUL19,1561892344159,open,0.1,1.0,0.065,0.152,0.108342,107.24,0.117,0.0,ETH-12JUL19-320-P,302.48,75.31,0.086,150.0,0.123,150.0,127.81,0.21556,-0.97332,-0.06682,0.00669,-0.56746
313.05,ETH-27SEP19,1561892344167,open,0.14,1644.0,0.09,0.169,0.129976,102.64,0.152,0.0,ETH-27SEP19-380-C,302.48,94.94,0.115,120.0,0.139,110.0,107.26,0.61113,-0.3529,0.24282,0.0025,0.44852
313.05,ETH-27SEP19,1561892344172,open,0.25,1881.0,0.203,0.282,0.242759,100.44,0.259,0.0,ETH-27SEP19-280-C,302.48,98.88,0.24,1.0,0.252,110.0,105.7,0.55106,-0.3114,0.33472,0.0023,0.68187
303.91,SYN.ETH-12JUL19,1561892344177,open,0.13,50.0,0.079,0.158,0.118796,105.51,0.158,0.0,ETH-12JUL19-280-C,302.48,77.85,0.102,50.0,0.135,50.0,130.93,0.19046,-0.84609,0.05752,0.00601,0.70048
303.91,SYN.ETH-12JUL19,1561892344182,open,0.15,2.0,0.11,0.201,0.155713,109.45,0.164,0.0,ETH-12JUL19-340-P,302.48,63.03,0.129,150.0,0.172,150.0,134.01,0.19586,-0.90256,-0.0827,0.00595,-0.68069
11881.58,BTC-27SEP19,1561892344325,open,0.04,320.0,0.0005,0.08,0.04009165,105.43,0.056,0.0,BTC-27SEP19-22000-C,11512.73,99.68,0.033,19.3,0.044,20.3,108.41,15.26297,-9.05324,3.982,4e-05,0.17775
11881.48,BTC-27SEP19,1561892344333,open,0.0,1058.3,0.0005,0.043,0.0029941,106.95,0.002,0.0,BTC-27SEP19-4250-P,11512.73,83.64,0.0005,11.0,0.0055,24.0,119.05,2.02579,-1.21885,-0.47677,1e-05,-0.01349
11881.48,BTC-27SEP19,1561892344338,open,0.61,13.5,0.565,0.6445,0.60490657,104.06,0.382,0.0,BTC-27SEP19-4750-C,11512.73,0.0,0.004,10.0,0.7315,5.0,298.92,2.90668,-1.70171,10.83539,1e-05,0.97943
11620.12,SYN.BTC-26JUL19,1561892344379,open,0.01,232.1,0.0005,0.0495,0.00961127,107.29,0.01,0.0,BTC-26JUL19-18000-C,11512.73,95.62,0.0055,24.0,0.0125,24.0,113.95,4.70299,-9.75003,0.59955,5e-05,0.08239
11620.12,SYN.BTC-26JUL19,1561892344379,open,0.41,4.8,0.361,0.4405,0.40062766,105.35,0.455,0.0,BTC-26JUL19-7000-C,11512.73,0.0,0.005,0.1,0.0,0.0,0.0,1.85399,-3.77402,4.72531,2e-05,0.97424
11881.48,BTC-27SEP19,1561892344437,open,0.01,44.7,0.0005,0.0525,0.01274665,111.9,0.0115,0.0,BTC-27SEP19-32000-C,11512.73,105.25,0.009,24.0,0.0165,24.0,117.5,7.38747,-4.65057,1.49663,2e-05,0.06448
11532.96,SYN.BTC-5JUL19,1561892344463,open,0.15,19.5,0.1005,0.18,0.14018507,107.77,0.1735,0.0,BTC-5JUL19-10000-C,11512.73,0.0,0.127,6.0,0.158,6.0,170.41,2.56553,-28.3524,1.14954,0.00013,0.88636
12053.43,BTC-27DEC19,1561892344494,open,0.05,214.5,0.0095,0.0935,0.0514792,99.79,0.0485,0.0,BTC-27DEC19-6500-P,11512.73,95.94,0.0465,6.0,0.0565,3.0,103.57,15.8076,-4.38471,-9.53304,2e-05,-0.10901
11881.48,BTC-27SEP19,1561892344645,open,0.67,229.9,0.6265,0.706,0.66611774,111.44,0.673,0.0,BTC-27SEP19-4000-C,11512.73,0.0,0.111,2.0,0.762,5.0,299.57,1.84122,-1.15435,9.31013,0.0,0.98792
11562.0,SYN.BTC-12JUL19,1561892344649,open,0.2,0.0,0.1515,0.231,0.19113563,103.7,None,0.0,BTC-12JUL19-9500-C,11512.73,0.0,0.0005,0.1,0.0,0.0,0.0,4.3262,-18.88873,2.56738,0.0001,0.87362
11881.48,BTC-27SEP19,1561892344788,open,0.56,1.0,0.5205,0.647,0.58369952,101.32,1.5815,0.0,BTC-27SEP19-18000-P,11512.73,0.0,0.004,0.3,1.25,0.3,500.0,19.75836,-11.26201,-37.69815,6e-05,-0.71935
11562.0,SYN.BTC-12JUL19,1561892344818,open,0.03,19.5,0.0005,0.0675,0.02784875,112.23,0.026,0.0,BTC-12JUL19-13500-C,11512.73,109.0,0.026,0.9,0.0295,0.5,115.07,6.67277,-31.53004,0.84794,0.00014,0.25326
11620.12,SYN.BTC-26JUL19,1561892344904,open,0.17,100.4,0.1185,0.198,0.15823043,102.26,0.179,0.0,BTC-26JUL19-10500-C,11512.73,85.7,0.143,14.4,0.17,14.4,114.74,10.84646,-21.43168,4.4167,0.00011,0.69442
11881.48,BTC-27SEP19,1561892344917,open,0.14,151.7,0.0965,0.176,0.13604993,100.81,0.1515,0.0,BTC-27SEP19-14000-C,11512.73,98.23,0.131,1.0,0.1425,5.0,104.09,23.31293,-13.22161,9.59419,7e-05,0.46768
11620.12,SYN.BTC-26JUL19,1561892344912,open,0.06,37.1,0.0145,0.094,0.05441341,103.4,0.0585,0.0,BTC-26JUL19-13500-C,11512.73,95.71,0.047,0.1,0.0615,19.3,110.56,11.3617,-22.69999,2.36881,0.00011,0.34199
11620.12,SYN.BTC-26JUL19,1561892344921,open,0.17,29.5,0.136,0.23,0.18288005,101.47,0.163,0.0,BTC-26JUL19-13000-P,11512.73,80.67,0.162,14.4,0.197,0.1,115.23,11.8677,-23.26967,-6.53399,0.00012,-0.61035
11881.48,BTC-27SEP19,1561892344934,open,0.0,122.0,0.0005,0.042,0.0022472,113.81,0.002,0.0,BTC-27SEP19-3750-P,11512.73,93.31,0.0005,10.0,0.004,24.0,125.03,1.53396,-0.98215,-0.34826,0.0,-0.00979
11881.69,BTC-27SEP19,1561892344940,open,0.1,196.9,0.063,0.151,0.10693752,97.6,0.1025,0.0,BTC-27SEP19-10000-P,11512.73,91.87,0.0975,24.3,0.1135,1.0,101.6,19.55123,-10.73563,-11.03919,6e-05,-0.27465
11881.58,BTC-27SEP19,1561892344952,open,0.1,101.2,0.0565,0.136,0.09600744,100.81,0.1,0.0,BTC-27SEP19-16000-C,11512.73,96.71,0.0885,10.0,0.103,10.0,104.55,22.00376,-12.47886,7.73346,6e-05,0.36334
313.05,ETH-27SEP19,1561892344965,open,0.08,1911.0,0.037,0.122,0.079784,100.42,0.07,0.0,ETH-27SEP19-240-P,302.48,88.64,0.063,160.0,0.083,160.0,102.64,0.4532,-0.25604,-0.22586,0.00189,-0.21652
313.05,ETH-27SEP19,1561892344965,open,0.2,678.0,0.161,0.257,0.209144,100.42,0.191,0.0,ETH-27SEP19-320-P,302.48,89.49,0.188,120.0,0.224,110.0,108.14,0.60364,-0.34103,-0.47911,0.00252,-0.41939
305.56,SYN.ETH-26JUL19,1561892344967,open,0.02,705.0,0.001,0.064,0.023924,101.06,0.025,0.0,ETH-26JUL19-240-P,302.48,81.87,0.013,200.0,0.024,200.0,101.18,0.19055,-0.37208,-0.0379,0.00285,-0.15102
313.05,ETH-27SEP19,1561892344970,open,0.33,101.0,0.291,0.397,0.343809,102.63,0.234,0.0,ETH-27SEP19-380-P,302.48,88.27,0.316,120.0,0.367,120.0,114.46,0.61112,-0.35284,-0.68247,0.0025,-0.55152
11532.96,SYN.BTC-5JUL19,1561892344972,open,0.16,28.4,0.131,0.2245,0.17775845,110.04,0.1395,0.0,BTC-5JUL19-13500-P,11512.73,0.0,0.1545,6.0,0.1975,6.0,174.21,2.66735,-30.09868,-1.62935,0.00014,-0.87994
313.05,ETH-27SEP19,1561892344978,open,0.29,98.0,0.245,0.347,0.295951,101.68,0.27,0.0,ETH-27SEP19-360-P,302.48,88.98,0.271,120.0,0.312,110.0,109.84,0.61603,-0.3524,-0.61512,0.00254,-0.51102
313.05,ETH-27SEP19,1561892344978,open,0.46,743.0,0.41,0.489,0.449452,100.42,0.46,0.0,ETH-27SEP19-180-C,302.48,0.0,0.223,1.0,0.609,10.0,251.28,0.2429,-0.13723,0.35396,0.00101,0.91381
12053.43,BTC-27DEC19,1561892344990,open,0.05,38.2,0.0115,0.091,0.05130416,106.02,0.0625,0.0,BTC-27DEC19-32000-C,11512.73,102.71,0.0455,4.9,0.0575,4.9,109.37,21.70508,-6.39628,7.26765,3e-05,0.17365
305.56,SYN.ETH-26JUL19,1561892345002,open,0.08,1805.0,0.031,0.11,0.07052,106.01,0.075,0.0,ETH-26JUL19-340-C,302.48,90.82,0.055,160.0,0.077,120.0,112.26,0.31556,-0.6464,0.07272,0.0045,0.40622
313.05,ETH-27SEP19,1561892345010,open,0.05,625.0,0.007,0.086,0.046805,106.69,0.065,0.0,ETH-27SEP19-560-C,302.48,99.29,0.037,160.0,0.053,160.0,111.08,0.43256,-0.25964,0.11683,0.0017,0.20007
11562.0,SYN.BTC-12JUL19,1561892345021,open,0.02,212.6,0.0005,0.0625,0.02167339,103.53,0.0225,0.0,BTC-12JUL19-10000-P,11512.73,85.9,0.0135,24.0,0.0255,24.0,111.14,5.69573,-24.82714,-0.80378,0.00013,-0.19199
11532.96,SYN.BTC-5JUL19,1561892345023,open,0.0,55.5,0.0005,0.0405,0.00051302,130.02,0.0005,0.0,BTC-5JUL19-16500-C,11512.73,0.0,0.0,0.0,0.002,5.4,157.38,0.37057,-4.94115,0.01538,2e-05,0.0105
313.05,ETH-27SEP19,1561892345039,open,0.17,1049.0,0.126,0.205,0.16549,101.27,0.192,0.0,ETH-27SEP19-340-C,302.48,92.87,0.149,120.0,0.175,110.0,106.12,0.61407,-0.34984,0.28068,0.00254,0.53371
305.56,SYN.ETH-26JUL19,1561892345039,open,0.04,1094.0,0.001,0.083,0.041653,101.05,0.042,0.0,ETH-26JUL19-260-P,302.48,83.6,0.028,160.0,0.044,160.0,103.93,0.24781,-0.48388,-0.05912,0.00371,-0.23129
313.05,ETH-27SEP19,1561892345041,open,0.1,2512.0,0.051,0.13,0.090546,103.87,0.104,0.0,ETH-27SEP19-440-C,302.48,96.85,0.078,160.0,0.098,110.0,107.95,0.56707,-0.33137,0.19143,0.00229,0.34167
313.05,ETH-27SEP19,1561892345041,open,0.69,0.0,0.642,0.721,0.681665,101.84,None,0.0,ETH-27SEP19-100-C,302.48,0.0,0.005,10.0,0.0,0.0,0.0,0.02561,-0.01467,0.23821,0.00011,0.99417
305.56,SYN.ETH-26JUL19,1561892345041,open,0.09,590.0,0.053,0.14,0.096434,100.32,0.085,0.0,ETH-26JUL19-300-P,302.48,81.67,0.077,120.0,0.085,9.0,89.34,0.31799,-0.61644,-0.11184,0.00479,-0.41985
305.56,SYN.ETH-26JUL19,1561892345041,open,0.1,1559.0,0.048,0.127,0.087773,101.3,0.08,0.0,ETH-26JUL19-320-C,302.48,90.2,0.076,1.0,0.097,120.0,109.99,0.32435,-0.63489,0.08615,0.00484,0.48549
303.08,SYN.ETH-5JUL19,1561892345063,open,0.08,174.0,0.032,0.111,0.071695,104.02,0.158,0.0,ETH-5JUL19-290-C,302.48,57.43,0.053,150.0,0.092,150.0,151.53,0.12757,-1.36081,0.02404,0.00999,0.66533
12053.43,BTC-27DEC19,1561892345075,open,0.31,14.0,0.274,0.3795,0.32661464,100.21,0.395,0.0,BTC-27DEC19-13000-P,11512.73,94.67,0.3115,8.0,0.3405,8.0,105.34,32.76442,-9.12682,-43.36955,5e-05,-0.40351
303.06,SYN.ETH-5JUL19,1561892345068,open,0.07,156.0,0.04,0.125,0.082297,104.31,0.06,0.0,ETH-5JUL19-320-P,302.48,48.59,0.061,30.0,0.104,180.0,153.53,0.12946,-1.38484,-0.02973,0.01012,-0.65205
303.08,SYN.ETH-5JUL19,1561892345076,open,0.02,268.0,0.001,0.053,0.014,111.73,0.023,0.0,ETH-5JUL19-340-C,302.48,99.01,0.01,1.0,0.022,200.0,134.62,0.09939,-1.13875,0.00771,0.00725,0.20452
313.05,ETH-27SEP19,1561892345083,open,0.13,769.0,0.092,0.182,0.137143,100.44,0.146,0.0,ETH-27SEP19-280-P,302.48,88.98,0.117,160.0,0.146,110.0,105.45,0.55106,-0.31137,-0.34706,0.0023,-0.31813
313.05,ETH-27SEP19,1561892345108,open,0.07,982.0,0.019,0.098,0.058722,106.36,0.081,0.0,ETH-27SEP19-520-C,302.48,99.85,0.049,1.0,0.066,160.0,111.02,0.48085,-0.28773,0.13862,0.00189,0.24057
303.08,SYN.ETH-5JUL19,1561892345105,open,0.01,981.0,0.001,0.046,0.006983,116.41,0.013,0.0,ETH-5JUL19-360-C,302.48,106.86,0.005,10.0,0.012,250.0,136.55,0.06705,-0.80041,0.00428,0.00469,0.11277
11562.0,SYN.BTC-12JUL19,1561892345119,open,0.09,15.3,0.0545,0.142,0.09837173,106.51,0.0855,0.0,BTC-12JUL19-12000-P,11512.73,92.0,0.088,1.0,0.108,1.0,119.94,8.28063,-37.13466,-2.39702,0.00018,-0.53882
303.08,SYN.ETH-5JUL19,1561892345117,open,0.11,71.0,0.054,0.133,0.093911,103.94,0.103,0.0,ETH-5JUL19-280-C,302.48,0.0,0.074,50.0,0.114,50.0,156.71,0.10789,-1.15,0.02714,0.00846,0.76405
313.05,ETH-27SEP19,1561892345129,open,0.24,293.0,0.202,0.301,0.251555,101.25,0.228,0.0,ETH-27SEP19-340-P,302.48,89.27,0.228,120.0,0.268,110.0,109.65,0.61407,-0.3498,-0.5472,0.00254,-0.46631
303.06,SYN.ETH-5JUL19,1561892345129,open,0.13,2.0,0.08,0.159,0.119371,104.43,0.13,0.0,ETH-5JUL19-270-C,302.48,0.0,0.098,50.0,0.14,50.0,167.51,0.08329,-0.89198,0.0294,0.0065,0.8455
303.91,SYN.ETH-12JUL19,1561892345145,open,0.06,22.0,0.016,0.095,0.0553,107.0,0.064,0.0,ETH-12JUL19-320-C,302.48,88.2,0.042,150.0,0.066,1.0,122.12,0.21553,-0.97097,0.03728,0.0067,0.43222
303.91,SYN.ETH-12JUL19,1561892345156,open,0.13,50.0,0.079,0.158,0.118891,105.51,0.158,0.0,ETH-12JUL19-280-C,302.48,77.85,0.102,50.0,0.136,50.0,132.48,0.19046,-0.84609,0.05752,0.00601,0.70048
303.91,SYN.ETH-12JUL19,1561892345163,open,0.02,601.0,0.001,0.061,0.020441,105.73,0.018,0.0,ETH-12JUL19-260-P,302.48,81.38,0.01,200.0,0.024,200.0,113.01,0.14407,-0.64135,-0.01987,0.00453,-0.18045
313.05,ETH-27SEP19,1561892345176,open,0.29,98.0,0.245,0.347,0.295951,101.68,0.27,0.0,ETH-27SEP19-360-P,302.48,88.47,0.27,120.0,0.312,110.0,109.84,0.61603,-0.3524,-0.61512,0.00254,-0.51102
303.89,SYN.ETH-12JUL19,1561892345185,open,0.06,7.0,0.027,0.111,0.069165,105.61,0.06,0.0,ETH-12JUL19-300-P,302.48,80.04,0.051,150.0,0.081,150.0,122.28,0.2158,-0.95956,-0.04988,0.0068,-0.43529
303.06,SYN.ETH-5JUL19,1561892345190,open,0.13,2.0,0.08,0.159,0.119371,104.43,0.13,0.0,ETH-5JUL19-270-C,302.48,0.0,0.099,50.0,0.14,50.0,167.51,0.08329,-0.89198,0.0294,0.0065,0.8455
313.05,ETH-27SEP19,1561892345204,open,0.33,101.0,0.291,0.397,0.343809,102.63,0.234,0.0,ETH-27SEP19-380-P,302.48,87.75,0.315,120.0,0.367,120.0,114.46,0.61112,-0.35284,-0.68247,0.0025,-0.55152
303.06,SYN.ETH-5JUL19,1561892345209,open,0.02,310.0,0.001,0.059,0.019204,108.13,0.031,0.0,ETH-5JUL19-330-C,302.48,75.72,0.008,200.0,0.031,200.0,137.62,0.11538,-1.27938,0.01007,0.0087,0.26797
11532.96,SYN.BTC-5JUL19,1561892345223,open,0.01,604.2,0.0005,0.0555,0.01493865,106.12,0.012,0.0,BTC-5JUL19-10500-P,11512.73,93.63,0.011,5.0,0.019,5.0,118.15,3.77948,-41.13024,-0.33775,0.0002,-0.20429
303.89,SYN.ETH-12JUL19,1561892345281,open,0.01,465.0,0.001,0.048,0.0084,109.37,0.012,0.0,ETH-12JUL19-400-C,302.48,87.57,0.003,250.0,0.012,250.0,119.97,0.09463,-0.43574,0.00884,0.00288,0.09778
12053.43,BTC-27DEC19,1561892345291,open,0.16,229.5,0.1155,0.195,0.15549131,103.2,0.155,0.0,BTC-27DEC19-18000-C,11513.0,101.2,0.15,0.1,0.161,5.0,105.2,33.14446,-9.50768,15.95738,4e-05,0.42413
11881.48,BTC-27SEP19,1561892345291,open,0.03,212.1,0.0005,0.068,0.02709323,100.22,0.0265,0.0,BTC-27SEP19-7000-P,11513.0,93.17,0.0215,29.0,0.0315,29.0,105.41,9.82451,-5.53904,-3.50036,3e-05,-0.0939
11881.48,BTC-27SEP19,1561892345291,open,0.86,0.2,0.816,0.967,0.89155912,105.3,1.391,0.0,BTC-27SEP19-22000-P,11513.0,0.0,0.004,10.0,0.0,0.0,0.0,15.23707,-9.02655,-49.59575,4e-05,-0.82273
11881.48,BTC-27SEP19,1561892345291,open,1.02,0.2,0.9675,1.131,1.04946597,105.5,1.6,0.0,BTC-27SEP19-24000-P,11513.0,0.0,0.0,0.0,0.0,0.0,0.0,12.90949,-7.66196,-55.30609,4e-05,-0.8622
11532.96,SYN.BTC-5JUL19,1561892345291,open,0.0,201.7,0.0005,0.04,0.00030558,129.98,0.0005,0.0,BTC-5JUL19-8000-P,11513.0,0.0,0.0,0.0,0.001,0.5,152.2,0.22789,-3.03757,-0.00977,1e-05,-0.00604
11881.48,BTC-27SEP19,1561892345292,open,0.69,0.0,0.647,0.7265,0.68663272,113.83,None,0.0,BTC-27SEP19-3750-C,11513.0,0.0,0.004,10.0,0.7725,10.0,299.28,1.53515,-0.9831,8.78248,0.0,0.9902
12053.43,BTC-27DEC19,1561892345292,open,0.39,144.3,0.3445,0.424,0.38405278,99.17,0.3855,0.0,BTC-27DEC19-9000-C,11513.0,87.34,0.3595,5.0,0.4285,2.2,120.45,25.14101,-6.93077,23.44027,4e-05,0.77867
11620.09,SYN.BTC-26JUL19,1561892345291,open,0.01,131.8,0.0005,0.0545,0.01438948,102.19,0.0105,0.0,BTC-26JUL19-8500-P,11513.0,93.3,0.0105,0.9,0.0165,24.0,106.61,5.40466,-10.67253,-0.9371,6e-05,-0.09937
11562.0,SYN.BTC-12JUL19,1561892345291,open,0.11,10.7,0.06,0.1395,0.09951211,103.62,0.1305,0.0,BTC-12JUL19-11000-C,11513.0,84.19,0.0865,18.0,0.1135,18.0,124.26,7.79789,-34.02106,2.03545,0.00017,0.64059
12053.7,BTC-27DEC19,1561892345294,open,0.62,62.9,0.5695,0.649,0.60917216,102.8,0.598,0.0,BTC-27DEC19-5000-C,11513.0,0.0,0.006,1.0,0.71,0.5,197.35,9.68711,-2.76818,19.82771,1e-05,0.94296
12053.7,BTC-27DEC19,1561892345294,open,0.08,141.1,0.036,0.1215,0.07869503,99.44,0.081,0.0,BTC-27DEC19-7500-P,11513.0,95.66,0.0725,6.0,0.083,3.0,102.04,19.88697,-5.49693,-13.69209,3e-05,-0.1518
11881.75,BTC-27SEP19,1561892345294,open,0.0,425.8,0.0005,0.04,0.0002066,130.0,0.0005,0.0,BTC-27SEP19-2000-P,11513.0,0.0,0.0,0.0,0.0045,2.0,194.84,0.19248,-0.14077,-0.03412,0.0,-0.00097
11881.75,BTC-27SEP19,1561892345295,open,0.71,261.1,0.667,0.7465,0.70697419,113.81,0.714,0.0,BTC-27SEP19-3500-C,11513.0,0.0,0.161,1.0,0.7835,10.0,299.15,1.14304,-0.73189,8.27505,0.0,0.993
11881.75,BTC-27SEP19,1561892345295,open,0.0,225.5,0.0005,0.0435,0.00374395,105.34,0.0045,0.0,BTC-27SEP19-4500-P,11513.0,86.31,0.001,50.0,0.0065,24.0,116.7,2.43187,-1.44121,-0.59086,1e-05,-0.01668
12053.7,BTC-27DEC19,1561892345295,open,1.06,0.0,1.0015,1.1675,1.08441606,104.71,None,0.0,BTC-27DEC19-24000-P,11513.0,0.0,0.0055,1.0,1.881,0.2,500.0,28.70647,-8.35543,-106.91484,4e-05,-0.71544
11881.75,BTC-27SEP19,1561892345295,open,0.36,11.0,0.322,0.4315,0.37672205,100.8,0.3645,0.0,BTC-27SEP19-15000-P,11513.0,88.84,0.354,14.4,0.4005,14.4,113.07,22.83177,-12.94712,-27.88211,7e-05,-0.58701
12053.7,BTC-27DEC19,1561892345295,open,0.0,113.1,0.0005,0.041,0.00113689,130.0,0.005,0.0,BTC-27DEC19-1500-P,11513.0,117.49,0.0005,0.1,0.05,10.0,314.96,0.79145,-0.28601,-0.25016,0.0,-0.00307
12053.7,BTC-27DEC19,1561892345295,open,0.02,127.4,0.0005,0.0645,0.02399734,102.82,0.024,0.0,BTC-27DEC19-5000-P,11513.0,96.31,0.019,11.0,0.0285,6.0,108.24,9.68947,-2.76935,-4.81472,1e-05,-0.05706
11881.75,BTC-27SEP19,1561892345295,open,1.33,0.0,1.2805,1.47,1.37532253,108.76,None,0.0,BTC-27SEP19-28000-P,11513.0,0.0,0.0,0.0,0.0,0.0,0.0,9.67256,-5.9182,-66.06175,3e-05,-0.90806
12053.7,BTC-27DEC19,1561892345295,open,0.84,0.0,0.797,0.8765,0.83656813,125.11,None,0.0,BTC-27DEC19-2000-C,11513.0,0.0,0.0125,0.3,0.987,0.5,500.0,1.54251,-0.53645,9.32258,0.0,0.99351
12053.7,BTC-27DEC19,1561892345295,open,0.09,181.1,0.0515,0.1385,0.09480137,99.44,0.0875,0.0,BTC-27DEC19-8000-P,11513.0,95.66,0.088,9.9,0.101,3.0,102.86,21.77802,-6.01966,-16.00098,3e-05,-0.17457
12053.7,BTC-27DEC19,1561892345295,open,0.07,49.9,0.0285,0.108,0.06804403,105.22,0.0845,0.0,BTC-27DEC19-28000-C,11513.0,102.01,0.0615,6.0,0.0745,4.9,108.27,25.06347,-7.33047,9.03444,3e-05,0.22013
11562.0,SYN.BTC-12JUL19,1561892345294,open,0.28,0.0,0.2285,0.308,0.26820459,103.89,None,0.0,BTC-12JUL19-8500-C,11513.0,0.0,0.0005,0.1,0.0,0.0,0.0,1.84565,-8.07321,2.5974,4e-05,0.95867
12053.7,BTC-27DEC19,1561892345296,open,0.31,403.3,0.2655,0.345,0.30539633,98.85,0.317,0.0,BTC-27DEC19-11000-C,11513.0,94.7,0.295,5.0,0.314,5.0,102.3,30.10167,-8.27132,22.48723,4e-05,0.68396
11881.75,BTC-27SEP19,1561892345297,open,0.2,721.9,0.1455,0.225,0.18529091,97.07,0.2125,0.0,BTC-27SEP19-12000-C,11513.0,91.21,0.174,10.0,0.1925,5.0,100.83,22.8369,-12.47159,11.61072,7e-05,0.58661
11620.09,SYN.BTC-26JUL19,1561892345294,open,0.02,307.5,0.0005,0.063,0.02225907,102.21,0.016,0.0,BTC-26JUL19-9000-P,11513.0,89.25,0.015,25.0,0.0245,24.0,105.91,6.9263,-13.67978,-1.34652,7e-05,-0.1412
11620.09,SYN.BTC-26JUL19,1561892345294,open,0.0,247.0,0.0005,0.043,0.00298549,105.06,0.0025,0.0,BTC-26JUL19-7000-P,11513.0,93.69,0.0015,10.0,0.0045,27.0,113.52,1.83758,-3.73039,-0.23453,2e-05,-0.02548
11620.09,SYN.BTC-26JUL19,1561892345295,open,0.14,189.5,0.0915,0.171,0.13114911,99.22,0.1315,0.0,BTC-26JUL19-11000-C,11513.0,87.58,0.1195,14.4,0.1455,14.4,113.51,11.65104,-22.33836,4.1337,0.00012,0.63295
11562.0,SYN.BTC-12JUL19,1561892345294,open,0.01,107.5,0.0005,0.0505,0.01076655,112.2,0.012,0.0,BTC-12JUL19-15000-C,11513.0,95.16,0.0055,30.0,0.0135,30.0,119.49,4.1224,-19.47398,0.40335,8e-05,0.11799
11620.09,SYN.BTC-26JUL19,1561892345294,open,0.49,0.0,0.445,0.5245,0.48493719,116.16,None,0.0,BTC-26JUL19-6000-C,11513.0,0.0,0.0005,0.1,0.0,0.0,0.0,0.89313,-2.00469,4.15268,1e-05,0.98904
11562.0,SYN.BTC-12JUL19,1561892345295,open,0.17,16.0,0.117,0.1965,0.15678831,103.56,0.19,0.0,BTC-12JUL19-10000-C,11513.0,68.86,0.142,6.0,0.171,6.0,130.68,5.69686,-24.84032,2.44954,0.00013,0.80795
11562.0,SYN.BTC-12JUL19,1561892345295,open,0.02,64.4,0.0005,0.0605,0.02050023,112.2,0.022,0.0,BTC-12JUL19-14000-C,11513.0,96.19,0.013,24.0,0.0225,0.5,116.11,5.826,-27.52172,0.67253,0.00012,0.19928
11562.0,SYN.BTC-12JUL19,1561892345295,open,0.05,1.9,0.009,0.0925,0.0508628,103.56,0.038,0.0,BTC-12JUL19-11000-P,11513.0,85.86,0.039,24.0,0.0595,0.5,116.33,7.7976,-33.99957,-1.54322,0.00017,-0.35937
11620.09,SYN.BTC-26JUL19,1561892345295,open,0.38,5.0,0.343,0.4545,0.39879201,107.13,0.2255,0.0,BTC-26JUL19-16000-P,11513.0,0.0,0.0,0.0,0.0,0.0,0.0,7.64544,-15.82644,-10.17313,7e-05,-0.83615
11562.0,SYN.BTC-12JUL19,1561892345295,open,0.01,84.0,0.0005,0.047,0.00684607,103.54,0.0005,0.0,BTC-12JUL19-9000-P,11513.0,79.07,0.002,1.0,0.008,30.0,107.87,2.97289,-12.95958,-0.31049,7e-05,-0.07569
11620.09,SYN.BTC-26JUL19,1561892345327,open,0.2,112.4,0.1455,0.225,0.18526801,102.27,0.204,0.0,BTC-26JUL19-10000-C,11513.0,97.74,0.1815,0.1,0.198,4.9,117.18,9.74447,-19.25596,4.68625,0.0001,0.75414
11881.48,BTC-27SEP19,1561892345343,open,0.43,14.5,0.385,0.5,0.44262969,100.79,0.4105,0.0,BTC-27SEP19-16000-P,11513.0,0.0,0.004,10.0,0.489,0.1,125.17,22.0023,-12.47583,-31.2266,6e-05,-0.63672
11620.09,SYN.BTC-26JUL19,1561892345348,open,0.06,37.1,0.0145,0.094,0.05441341,103.38,0.0585,0.0,BTC-26JUL19-13500-C,11513.0,95.18,0.0465,0.1,0.0615,19.3,110.56,11.36098,-22.69393,2.36853,0.00011,0.34194
11881.64,BTC-27SEP19,1561892345396,open,0.08,248.7,0.029,0.1085,0.06887188,101.4,0.079,0.0,BTC-27SEP19-18000-C,11513.0,96.28,0.0605,5.0,0.0765,24.3,105.92,19.76866,-11.27673,6.13566,6e-05,0.28095
303.06,SYN.ETH-5JUL19,1561892345627,open,0.01,527.0,0.001,0.049,0.009377,112.29,0.009,0.0,ETH-5JUL19-350-C,302.48,93.86,0.005,10.0,0.016,250.0,134.65,0.08097,-0.93232,0.00561,0.00588,0.14808
303.06,SYN.ETH-5JUL19,1561892345654,open,0.25,0.0,0.203,0.282,0.242116,119.77,None,0.0,ETH-5JUL19-230-C,302.48,0.0,0.005,2.0,0.0,0.0,0.0,0.01667,-0.20478,0.02989,0.00113,0.9804
11533.22,SYN.BTC-5JUL19,1561892345674,open,0.0,201.5,0.0005,0.041,0.00098963,129.69,0.0005,0.0,BTC-5JUL19-8500-P,11513.0,0.0,0.0,0.0,0.002,9.8,145.75,0.57304,-7.6212,-0.02832,2e-05,-0.01739
12053.75,BTC-27DEC19,1561892345824,open,0.01,145.1,0.0005,0.053,0.01272692,106.57,0.018,0.0,BTC-27DEC19-4000-P,11513.0,100.88,0.01,100.0,0.0155,6.0,111.78,6.11434,-1.81122,-2.6724,1e-05,-0.03226
11533.22,SYN.BTC-5JUL19,1561892345900,open,0.03,637.6,0.0005,0.0685,0.02780235,105.26,0.0205,0.0,BTC-5JUL19-11000-P,11513.0,94.85,0.0235,1.0,0.032,10.0,115.27,4.80588,-51.87571,-0.54566,0.00026,-0.32638
303.06,SYN.ETH-5JUL19,1561892345948,open,0.15,0.0,0.118,0.21,0.164186,111.99,None,0.0,ETH-5JUL19-350-P,302.48,0.0,0.0,0.0,0.0,0.0,0.0,0.08071,-0.92689,-0.04116,0.00587,-0.85264
313.05,ETH-27SEP19,1561892345948,open,1.4,0.0,1.347,1.541,1.444123,108.36,None,0.0,ETH-27SEP19-760-P,302.51,0.0,0.0,0.0,0.0,0.0,0.0,0.2341,-0.14271,-1.80051,0.00091,-0.91794
313.05,ETH-27SEP19,1561892345949,open,1.04,0.0,0.992,1.157,1.074655,107.37,None,0.0,ETH-27SEP19-640-P,302.51,0.0,0.0,0.0,0.0,0.0,0.0,0.34218,-0.2067,-1.47546,0.00134,-0.86099
313.08,ETH-27SEP19,1561892345950,open,0.81,24.0,0.763,0.909,0.835656,106.81,1.356,0.0,ETH-27SEP19-560-P,302.51,0.0,0.0,0.0,0.0,0.0,0.0,0.43319,-0.2603,-1.24652,0.0017,-0.79948
303.06,SYN.ETH-5JUL19,1561892345948,open,0.05,298.0,0.001,0.078,0.038024,104.32,0.042,0.0,ETH-5JUL19-310-C,302.51,71.21,0.023,150.0,0.04,1.0,108.63,0.13861,-1.48275,0.01665,0.01083,0.44927
303.89,SYN.ETH-12JUL19,1561892345949,open,0.01,266.0,0.001,0.044,0.004885,109.38,0.009,0.0,ETH-12JUL19-420-C,302.51,83.51,0.001,10.0,0.008,250.0,121.74,0.06667,-0.30701,0.00561,0.00203,0.06161
303.06,SYN.ETH-5JUL19,1561892345948,open,0.02,146.0,0.001,0.069,0.028537,104.2,0.025,0.0,ETH-5JUL19-290-P,302.51,68.48,0.014,200.0,0.041,200.0,133.38,0.12762,-1.36363,-0.01472,0.00998,-0.33506
303.89,SYN.ETH-12JUL19,1561892345949,open,0.05,3.0,0.001,0.076,0.036836,109.27,0.05,0.0,ETH-12JUL19-340-C,302.51,90.27,0.025,200.0,0.046,200.0,123.24,0.19571,-0.90036,0.02788,0.00596,0.31878
303.06,SYN.ETH-5JUL19,1561892345948,open,0.18,0.0,0.147,0.242,0.194787,116.16,None,0.0,ETH-5JUL19-360-P,302.51,0.0,0.0,0.0,0.0,0.0,0.0,0.06677,-0.79532,-0.04383,0.00469,-0.88789
303.06,SYN.ETH-5JUL19,1561892345948,open,0.04,312.0,0.002,0.084,0.042887,104.18,0.051,0.0,ETH-5JUL19-300-P,302.51,67.12,0.026,150.0,0.059,150.0,139.49,0.13829,-1.47744,-0.01965,0.01082,-0.44256
305.56,SYN.ETH-26JUL19,1561892345948,open,0.0,1076.0,0.001,0.041,0.00182,113.12,0.002,0.0,ETH-26JUL19-600-C,302.51,0.0,0.0,0.0,0.003,200.0,121.4,0.03655,-0.0799,0.00357,0.00049,0.01832
303.89,SYN.ETH-12JUL19,1561892345949,open,0.03,20.0,0.001,0.063,0.023147,109.32,0.028,0.0,ETH-12JUL19-360-C,302.51,93.23,0.015,200.0,0.03,200.0,121.58,0.16375,-0.75371,0.0198,0.00499,0.22344
305.56,SYN.ETH-26JUL19,1561892345951,open,0.22,1048.0,0.182,0.28,0.231173,105.99,0.134,0.0,ETH-26JUL19-360-P,302.51,0.0,0.134,1.0,0.0,0.0,0.0,0.29463,-0.60342,-0.19521,0.0042,-0.67
303.89,SYN.ETH-12JUL19,1561892345950,open,0.29,0.0,0.24,0.319,0.279319,107.47,None,0.0,ETH-12JUL19-220-C,302.51,0.0,0.005,2.0,0.0,0.0,0.0,0.04619,-0.20898,0.06741,0.00143,0.96109
303.06,SYN.ETH-5JUL19,1561892345949,open,0.0,992.0,0.001,0.04,0.000931,129.94,0.002,0.0,ETH-5JUL19-420-C,302.51,0.0,0.0,0.0,0.005,1.0,172.63,0.01548,-0.20623,0.00069,0.00097,0.01796
305.56,SYN.ETH-26JUL19,1561892345950,open,0.01,1667.0,0.001,0.046,0.006675,108.65,0.007,0.0,ETH-26JUL19-500-C,302.51,88.54,0.002,200.0,0.009,200.0,115.41,0.09646,-0.20251,0.01147,0.00134,0.05964
303.06,SYN.ETH-5JUL19,1561892345950,open,0.0,926.0,0.001,0.041,0.001817,125.99,0.001,0.0,ETH-5JUL19-400-C,302.51,0.0,0.0,0.0,0.004,250.0,145.7,0.02604,-0.33638,0.00128,0.00168,0.03339
303.06,SYN.ETH-5JUL19,1561892345948,open,0.4,0.0,0.363,0.476,0.419364,127.13,None,0.0,ETH-5JUL19-430-P,302.51,0.0,0.0,0.0,0.0,0.0,0.0,0.00975,-0.12709,-0.05703,0.00063,-0.98949
303.06,SYN.ETH-5JUL19,1561892345948,open,0.27,0.0,0.238,0.34,0.289325,122.99,None,0.0,ETH-5JUL19-390-P,302.51,0.0,0.0,0.0,0.0,0.0,0.0,0.03276,-0.41326,-0.0504,0.00217,-0.95573
305.56,SYN.ETH-26JUL19,1561892345954,open,0.27,504.0,0.233,0.334,0.283381,106.32,0.168,0.0,ETH-26JUL19-380-P,302.51,0.0,0.0,0.0,0.0,0.0,0.0,0.26637,-0.54727,-0.22064,0.00379,-0.7352
12053.75,BTC-27DEC19,1561892346125,open,0.0,87.9,0.0005,0.0425,0.00249809,125.16,0.0055,0.0,BTC-27DEC19-2000-P,11513.0,0.0,0.0,0.0,0.005,1.0,140.74,1.54474,-0.53742,-0.5346,0.0,-0.0065
305.56,SYN.ETH-26JUL19,1561892346126,open,0.04,952.0,0.001,0.069,0.029505,106.47,0.028,0.0,ETH-26JUL19-400-C,302.51,93.27,0.02,160.0,0.035,310.0,113.45,0.23411,-0.48163,0.03898,0.00332,0.20945
303.06,SYN.ETH-5JUL19,1561892346128,open,0.08,174.0,0.032,0.111,0.071696,104.35,0.158,0.0,ETH-5JUL19-290-C,302.51,57.56,0.053,150.0,0.091,150.0,149.31,0.12764,-1.3659,0.02401,0.00997,0.66478
303.06,SYN.ETH-5JUL19,1561892346137,open,0.07,156.0,0.04,0.125,0.082346,104.43,0.06,0.0,ETH-5JUL19-320-P,302.51,48.59,0.061,180.0,0.104,180.0,153.53,0.12949,-1.38669,-0.02972,0.01011,-0.65184
305.56,SYN.ETH-26JUL19,1561892346144,open,0.13,1143.0,0.075,0.154,0.11466,100.36,0.145,0.0,ETH-26JUL19-300-C,302.51,86.28,0.1,120.0,0.126,120.0,111.26,0.31799,-0.61666,0.10083,0.00479,0.58016
303.06,SYN.ETH-5JUL19,1561892346150,open,0.02,268.0,0.001,0.053,0.013987,111.83,0.023,0.0,ETH-5JUL19-340-C,302.51,99.04,0.01,1.0,0.021,200.0,131.95,0.09941,-1.13996,0.00772,0.00725,0.20461
313.08,ETH-27SEP19,1561892346155,open,0.1,1298.0,0.063,0.15,0.106503,100.44,0.116,0.0,ETH-27SEP19-260-P,302.51,88.97,0.088,160.0,0.113,110.0,104.44,0.50772,-0.2869,-0.28455,0.00212,-0.26676
313.05,ETH-27SEP19,1561892346160,open,0.13,769.0,0.092,0.182,0.137142,100.42,0.146,0.0,ETH-27SEP19-280-P,302.51,89.55,0.118,160.0,0.146,110.0,105.45,0.55106,-0.31132,-0.34704,0.0023,-0.31813
305.56,SYN.ETH-26JUL19,1561892346166,open,0.17,68.0,0.136,0.23,0.183215,105.99,0.104,0.0,ETH-26JUL19-340-P,302.51,77.0,0.154,120.0,0.189,120.0,111.57,0.31555,-0.64623,-0.16832,0.0045,-0.59383
303.06,SYN.ETH-5JUL19,1561892346201,open,0.01,981.0,0.001,0.046,0.006983,116.52,0.013,0.0,ETH-5JUL19-360-C,302.51,106.89,0.005,10.0,0.011,250.0,132.9,0.06711,-0.80191,0.00429,0.00469,0.11292
303.06,SYN.ETH-5JUL19,1561892346211,open,0.11,71.0,0.054,0.133,0.093911,104.38,0.103,0.0,ETH-5JUL19-280-C,302.51,0.0,0.074,50.0,0.113,50.0,154.32,0.10812,-1.15732,0.02709,0.00844,0.7631
313.08,ETH-27SEP19,1561892346216,open,0.13,2664.0,0.077,0.156,0.116475,103.79,0.125,0.0,ETH-27SEP19-400-C,302.51,95.14,0.1,160.0,0.127,160.0,109.25,0.60128,-0.35108,0.22531,0.00243,0.41203
303.89,SYN.ETH-12JUL19,1561892346225,open,0.04,201.0,0.001,0.081,0.040205,105.62,0.038,0.0,ETH-12JUL19-280-P,302.51,82.39,0.026,200.0,0.048,200.0,117.94,0.19052,-0.84726,-0.03362,0.006,-0.29977
313.05,ETH-27SEP19,1561892346233,open,0.16,1567.0,0.106,0.185,0.145974,101.68,0.145,0.0,ETH-27SEP19-360-C,302.51,93.56,0.13,120.0,0.156,110.0,106.78,0.61603,-0.3524,0.26146,0.00254,0.48898
303.06,SYN.ETH-5JUL19,1561892346240,open,0.13,2.0,0.08,0.159,0.119322,104.26,0.13,0.0,ETH-5JUL19-270-C,302.51,0.0,0.099,50.0,0.139,50.0,164.74,0.08316,-0.88906,0.02941,0.0065,0.84586
11620.33,SYN.BTC-26JUL19,1561892346245,open,0.45,0.0,0.4025,0.482,0.44236654,108.16,0.3665,0.0,BTC-26JUL19-6500-C,11513.0,0.0,0.005,0.1,0.0,0.0,0.0,1.19408,-2.49556,4.46742,1e-05,0.98467
12053.75,BTC-27DEC19,1561892346257,open,0.44,205.7,0.3915,0.471,0.43109348,99.43,0.48,0.0,BTC-27DEC19-8000-C,11513.0,84.68,0.405,5.0,0.0,0.0,0.0,21.77764,-6.01912,23.42495,3e-05,0.82544
303.06,SYN.ETH-5JUL19,1561892346252,open,0.08,174.0,0.032,0.111,0.071696,104.35,0.158,0.0,ETH-5JUL19-290-C,302.51,54.77,0.052,150.0,0.091,150.0,149.31,0.12764,-1.3659,0.02401,0.00997,0.66478
305.56,SYN.ETH-26JUL19,1561892346260,open,0.13,449.0,0.09,0.18,0.135009,101.27,0.125,0.0,ETH-26JUL19-320-P,302.51,80.49,0.113,121.0,0.125,90.0,91.83,0.32435,-0.63471,-0.1407,0.00484,-0.51454
12053.75,BTC-27DEC19,1561892346292,open,0.06,191.6,0.019,0.0985,0.05866488,105.49,0.06,0.0,BTC-27DEC19-30000-C,11512.85,101.96,0.052,4.9,0.065,4.9,108.7,23.30306,-6.83341,8.07669,3e-05,0.19463
11881.64,BTC-27SEP19,1561892346292,open,0.52,714.8,0.47,0.5495,0.50964531,103.01,0.556,0.0,BTC-27SEP19-6000-C,11512.85,0.0,0.0,0.0,0.9035,3.0,500.0,6.5208,-3.77883,12.59575,2e-05,0.94501
12053.75,BTC-27DEC19,1561892346292,open,0.02,2.4,0.0005,0.061,0.02149215,110.14,0.026,0.0,BTC-27DEC19-48000-C,11512.85,105.58,0.017,6.0,0.026,6.0,114.21,12.66002,-3.87602,3.51563,2e-05,0.08068
12053.75,BTC-27DEC19,1561892346292,open,0.88,0.0,0.837,0.9165,0.87669093,129.95,None,0.0,BTC-27DEC19-1500-C,11512.85,0.0,0.017,0.3,0.989,0.5,500.0,0.7899,-0.28533,7.14259,0.0,0.99693
11881.64,BTC-27SEP19,1561892346292,open,0.0,282.7,0.0005,0.0445,0.00468272,104.04,0.004,0.0,BTC-27SEP19-4750-P,11512.85,86.5,0.0015,24.0,0.0075,24.0,114.06,2.90465,-1.70016,-0.72997,1e-05,-0.02055
11881.49,BTC-27SEP19,1561892346293,open,0.38,905.1,0.335,0.4145,0.37462894,100.24,0.3765,0.0,BTC-27SEP19-8000-C,11512.85,0.0,0.28,2.0,0.4775,2.0,181.03,13.52051,-7.62453,13.82369,4e-05,0.85245
11562.26,SYN.BTC-12JUL19,1561892346292,open,0.01,84.2,0.0005,0.045,0.00544522,112.19,0.01,0.0,BTC-12JUL19-16000-C,11512.85,93.17,0.002,30.0,0.008,30.0,122.09,2.68504,-12.68322,0.2289,6e-05,0.06629
11620.33,SYN.BTC-26JUL19,1561892346292,open,0.37,17.0,0.32,0.3995,0.35950901,102.16,0.246,0.0,BTC-26JUL19-7500-C,11512.85,0.0,0.005,0.1,0.0,0.0,0.0,2.68939,-5.30893,4.94326,3e-05,0.95957
12053.6,BTC-27DEC19,1561892346294,open,0.63,3.6,0.583,0.7145,0.64881833,103.19,0.6285,0.0,BTC-27DEC19-18000-P,11512.85,92.97,0.621,3.6,0.6805,3.6,114.63,33.14492,-9.50759,-72.74809,4e-05,-0.57587
12053.6,BTC-27DEC19,1561892346294,open,0.08,189.8,0.039,0.1185,0.07881201,104.68,0.098,0.0,BTC-27DEC19-26000-C,11512.85,100.88,0.0705,10.0,0.086,4.9,107.87,26.81391,-7.80245,10.09064,4e-05,0.24868
11881.49,BTC-27SEP19,1561892346295,open,0.0,371.7,0.0005,0.0405,0.00070104,130.0,0.0005,0.0,BTC-27SEP19-2500-P,11512.85,0.0,0.0,0.0,0.002,0.1,149.49,0.53235,-0.38934,-0.10634,0.0,-0.00297
11881.49,BTC-27SEP19,1561892346295,open,0.75,225.7,0.7095,0.789,0.7492744,130.06,0.693,0.0,BTC-27SEP19-3000-C,11512.85,0.0,0.004,20.0,0.9355,5.0,500.0,1.11948,-0.8191,7.0558,0.0,0.99316
11620.33,SYN.BTC-26JUL19,1561892346292,open,0.02,268.2,0.0005,0.0545,0.01458196,107.27,0.013,0.0,BTC-26JUL19-17000-C,11512.85,96.6,0.0095,24.0,0.0175,24.0,112.61,6.08571,-12.61454,0.84511,6e-05,0.11717
11562.26,SYN.BTC-12JUL19,1561892346292,open,0.0,39.1,0.0005,0.043,0.00331888,103.57,0.003,0.0,BTC-12JUL19-8500-P,11512.85,97.99,0.0025,100.0,0.003,0.3,101.5,1.82985,-7.97914,-0.16633,4e-05,-0.0409
11620.33,SYN.BTC-26JUL19,1561892346292,open,0.62,0.0,0.576,0.707,0.64138807,107.38,None,0.0,BTC-26JUL19-19000-P,11512.85,0.0,0.0,0.0,0.0,0.0,0.0,3.56088,-7.3886,-13.04856,3e-05,-0.94258
11533.22,SYN.BTC-5JUL19,1561892346292,open,0.0,124.9,0.0005,0.04,7.409e-05,130.01,0.0005,0.0,BTC-5JUL19-7500-P,11512.85,0.0,0.0,0.0,0.005,2.9,232.63,0.07079,-0.85453,-0.00265,0.0,-0.00165
11562.26,SYN.BTC-12JUL19,1561892346294,open,0.02,31.0,0.0005,0.0545,0.01493235,112.19,0.017,0.0,BTC-12JUL19-14500-C,11512.85,95.51,0.0085,30.0,0.018,30.0,119.09,4.9578,-23.41866,0.52482,0.0001,0.15444
11562.26,SYN.BTC-12JUL19,1561892346294,open,0.03,73.0,0.0005,0.0755,0.03427589,103.57,0.0305,0.0,BTC-12JUL19-10500-P,11512.85,85.92,0.024,24.0,0.04,0.3,113.05,6.9109,-30.13679,-1.1491,0.00015,-0.27118
11533.22,SYN.BTC-5JUL19,1561892346294,open,0.0,471.5,0.0005,0.0405,0.00091605,129.99,0.0015,0.0,BTC-5JUL19-16000-C,11512.85,0.0,0.0,0.0,0.002,5.0,146.32,0.58166,-7.75376,0.02586,3e-05,0.0177
11620.33,SYN.BTC-26JUL19,1561892346293,open,0.0,147.2,0.0005,0.041,0.00124481,115.64,0.0005,0.0,BTC-26JUL19-6000-P,11512.85,102.62,0.0005,33.0,0.002,8.0,124.18,0.87504,-1.95537,-0.09844,1e-05,-0.0107
11620.33,SYN.BTC-26JUL19,1561892346293,open,0.53,0.0,0.4875,0.567,0.52720407,115.39,0.4,0.0,BTC-26JUL19-5500-C,11512.85,0.0,0.0005,0.1,0.0,0.0,0.0,0.43317,-0.9658,3.85513,0.0,0.99518
11533.22,SYN.BTC-5JUL19,1561892346292,open,0.01,504.9,0.0005,0.047,0.00720989,107.53,0.004,0.0,BTC-5JUL19-10000-P,11512.85,91.31,0.004,35.0,0.0105,5.0,121.29,2.5577,-28.20424,-0.18544,0.00013,-0.11315
11620.33,SYN.BTC-26JUL19,1561892346295,open,0.02,192.9,0.0005,0.0615,0.02196306,107.27,0.034,0.0,BTC-26JUL19-16000-C,11512.85,95.91,0.015,19.3,0.0245,19.3,111.04,7.6587,-15.87499,1.17243,7e-05,0.16428
11533.22,SYN.BTC-5JUL19,1561892346292,open,0.13,36.5,0.0945,0.185,0.13985259,110.44,0.105,0.0,BTC-5JUL19-13000-P,11512.85,0.0,0.1175,6.0,0.1575,6.0,159.38,3.62933,-41.10426,-1.46176,0.00018,-0.80896
11620.33,SYN.BTC-26JUL19,1561892346296,open,0.0,138.9,0.0005,0.0415,0.00174261,108.27,0.001,0.0,BTC-26JUL19-6500-P,11512.85,91.15,0.0005,27.0,0.003,25.9,118.46,1.19905,-2.50854,-0.14129,1e-05,-0.01541
303.89,SYN.ETH-12JUL19,1561892346317,open,0.13,50.0,0.079,0.158,0.118891,105.73,0.158,0.0,ETH-12JUL19-280-C,302.51,77.92,0.102,50.0,0.135,50.0,130.99,0.19056,-0.84824,0.05747,0.006,0.70011
303.89,SYN.ETH-12JUL19,1561892346326,open,0.02,601.0,0.001,0.061,0.02044,105.63,0.018,0.0,ETH-12JUL19-260-P,302.51,83.96,0.011,200.0,0.024,200.0,112.98,0.14402,-0.6405,-0.01985,0.00454,-0.18037
313.05,ETH-27SEP19,1561892346335,open,0.29,98.0,0.245,0.347,0.29595,101.68,0.27,0.0,ETH-27SEP19-360-P,302.51,88.98,0.271,120.0,0.312,110.0,109.84,0.61603,-0.3524,-0.61512,0.00254,-0.51102
303.89,SYN.ETH-12JUL19,1561892346345,open,0.06,7.0,0.027,0.111,0.0692,105.66,0.06,0.0,ETH-12JUL19-300-P,302.51,81.45,0.052,150.0,0.081,150.0,122.28,0.2158,-0.96,-0.04988,0.0068,-0.43529
303.06,SYN.ETH-5JUL19,1561892346350,open,0.05,88.0,0.019,0.103,0.060896,104.17,0.058,0.0,ETH-5JUL19-310-P,302.51,62.48,0.042,150.0,0.069,99.0,121.94,0.1386,-1.48053,-0.02476,0.01085,-0.55088
303.89,SYN.ETH-12JUL19,1561892346356,open,0.15,2.0,0.11,0.201,0.155633,109.14,0.164,0.0,ETH-12JUL19-340-P,302.51,65.0,0.13,150.0,0.172,150.0,133.93,0.19564,-0.89903,-0.08276,0.00597,-0.68148
303.06,SYN.ETH-5JUL19,1561892346362,open,0.13,2.0,0.08,0.159,0.119322,104.26,0.13,0.0,ETH-5JUL19-270-C,302.51,0.0,0.098,50.0,0.139,50.0,164.74,0.08316,-0.88906,0.02941,0.0065,0.84586
303.89,SYN.ETH-12JUL19,1561892346389,open,0.1,1.0,0.064,0.152,0.108277,107.02,0.117,0.0,ETH-12JUL19-320-P,302.51,76.69,0.087,150.0,0.123,150.0,127.75,0.21551,-0.97103,-0.06685,0.0067,-0.5679
313.08,ETH-27SEP19,1561892346395,open,0.33,101.0,0.29,0.397,0.343721,102.67,0.234,0.0,ETH-27SEP19-380-P,302.51,88.32,0.316,120.0,0.367,120.0,114.51,0.61122,-0.35304,-0.6824,0.00249,-0.55134
313.08,ETH-27SEP19,1561892346401,open,0.14,1644.0,0.09,0.169,0.129974,102.61,0.152,0.0,ETH-27SEP19-380-C,302.51,94.41,0.114,120.0,0.139,110.0,107.24,0.61119,-0.35282,0.24286,0.0025,0.44852
303.89,SYN.ETH-12JUL19,1561892346412,open,0.13,50.0,0.079,0.158,0.11885,105.73,0.158,0.0,ETH-12JUL19-280-C,302.51,76.2,0.101,50.0,0.135,50.0,130.99,0.19056,-0.84824,0.05747,0.006,0.70011
303.06,SYN.ETH-5JUL19,1561892346427,open,0.02,310.0,0.001,0.059,0.019188,108.09,0.031,0.0,ETH-5JUL19-330-C,302.51,75.72,0.008,200.0,0.03,200.0,135.2,0.11536,-1.27862,0.01007,0.0087,0.26787
303.92,SYN.ETH-12JUL19,1561892346435,open,0.15,2.0,0.11,0.201,0.155633,109.36,0.164,0.0,ETH-12JUL19-340-P,302.51,65.19,0.13,150.0,0.173,150.0,135.52,0.19583,-0.90171,-0.08271,0.00596,-0.68083
313.07,ETH-27SEP19,1561892346949,open,0.02,210.0,0.001,0.06,0.02017,108.23,0.031,0.0,ETH-27SEP19-720-C,302.36,100.31,0.014,200.0,0.025,200.0,113.58,0.26737,-0.1628,0.05942,0.00104,0.09812
313.07,ETH-27SEP19,1561892346950,open,0.37,1096.0,0.315,0.394,0.354403,100.39,0.383,0.0,ETH-27SEP19-220-C,302.36,0.0,0.22,5.0,0.57,17.0,260.45,0.38881,-0.2196,0.36365,0.00162,0.83143
313.07,ETH-27SEP19,1561892346950,open,0.0,8300.0,0.001,0.043,0.003187,101.32,0.003,0.0,ETH-27SEP19-120-P,302.36,85.31,0.001,110.0,0.0,0.0,0.0,0.05878,-0.03351,-0.01393,0.00024,-0.01508
313.07,ETH-27SEP19,1561892346950,open,0.0,389.0,0.001,0.04,3e-05,102.28,0.002,0.0,ETH-27SEP19-60-P,302.36,0.0,0.0,0.0,0.0,0.0,0.0,0.00123,-0.00071,-0.00018,1e-05,-0.00021
312.92,ETH-27SEP19,1561892346950,open,1.16,0.0,1.109,1.284,1.196873,106.98,None,0.0,ETH-27SEP19-680-P,302.36,0.0,0.0,0.0,0.0,0.0,0.0,0.29757,-0.17909,-1.58715,0.00117,-0.88616
312.92,ETH-27SEP19,1561892346951,open,0.29,1280.0,0.237,0.316,0.276008,100.56,0.32,0.0,ETH-27SEP19-260-C,302.36,74.87,0.235,3.0,0.309,110.0,120.79,0.50784,-0.28731,0.34809,0.00212,0.73285
312.92,ETH-27SEP19,1561892346951,open,0.32,2636.0,0.274,0.353,0.313132,100.55,0.34,0.0,ETH-27SEP19-240-C,302.36,79.82,0.284,1.0,0.348,110.0,124.15,0.45345,-0.25652,0.35811,0.00189,0.78312
303.09,SYN.ETH-5JUL19,1561892346950,open,0.0,123.0,0.001,0.041,0.000992,118.88,0.009,0.0,ETH-5JUL19-230-P,302.36,0.0,0.0,0.0,0.0,0.0,0.0,0.01616,-0.19702,-0.00081,0.00111,-0.0189
303.09,SYN.ETH-5JUL19,1561892346949,open,0.43,0.0,0.395,0.51,0.45224,134.92,None,0.0,ETH-5JUL19-440-P,302.36,0.0,0.0,0.0,0.0,0.0,0.0,0.00964,-0.13343,-0.05838,0.00058,-0.98962
312.92,ETH-27SEP19,1561892346952,open,0.0,1814.0,0.001,0.04,0.000256,102.09,0.002,0.0,ETH-27SEP19-80-P,302.36,0.0,0.0,0.0,0.0,0.0,0.0,0.00772,-0.00444,-0.00137,3e-05,-0.00154
303.09,SYN.ETH-5JUL19,1561892346950,open,0.56,0.0,0.521,0.647,0.583903,146.52,None,0.0,ETH-5JUL19-480-P,302.36,0.0,0.0,0.0,0.0,0.0,0.0,0.0044,-0.06604,-0.06395,0.00024,-0.99574
303.09,SYN.ETH-5JUL19,1561892346950,open,0.16,0.0,0.108,0.187,0.147538,104.21,0.149,0.0,ETH-5JUL19-260-C,302.36,0.0,0.005,1.0,0.0,0.0,0.0,0.05745,-0.61398,0.03082,0.00449,0.90879
303.92,SYN.ETH-12JUL19,1561892346950,open,0.19,0.0,0.16,0.256,0.207762,109.48,None,0.0,ETH-12JUL19-360-P,302.36,0.0,0.0,0.0,0.0,0.0,0.0,0.164,-0.75591,-0.09728,0.00498,-0.776
305.59,SYN.ETH-26JUL19,1561892346950,open,0.49,0.0,0.438,0.517,0.477093,104.42,None,0.0,ETH-26JUL19-160-C,302.36,0.0,0.0,0.0,0.0,0.0,0.0,0.01551,-0.03129,0.1118,0.00022,0.99317
305.59,SYN.ETH-26JUL19,1561892346951,open,0.0,562.0,0.001,0.04,0.000726,105.41,0.004,0.0,ETH-26JUL19-160-P,302.36,0.0,0.0,0.0,0.0,0.0,0.0,0.01631,-0.03322,-0.00172,0.00023,-0.00723
303.09,SYN.ETH-5JUL19,1561892346950,open,0.01,1029.0,0.001,0.05,0.010235,104.32,0.023,0.0,ETH-5JUL19-270-P,302.36,65.74,0.002,250.0,0.016,250.0,123.85,0.08314,-0.88937,-0.00665,0.00649,-0.15406
305.59,SYN.ETH-26JUL19,1561892346949,open,0.02,1083.0,0.001,0.055,0.015839,106.46,0.017,0.0,ETH-26JUL19-440-C,302.36,92.47,0.009,200.0,0.02,350.0,113.62,0.16865,-0.34692,0.02392,0.00239,0.12624
303.09,SYN.ETH-5JUL19,1561892346950,open,0.0,528.0,0.001,0.045,0.005454,104.66,0.005,0.0,ETH-5JUL19-260-P,302.36,0.0,0.0,0.0,0.009,250.0,121.28,0.05785,-0.62087,-0.00395,0.0045,-0.09206
303.09,SYN.ETH-5JUL19,1561892346951,open,0.33,0.0,0.301,0.408,0.354229,130.79,None,0.0,ETH-5JUL19-410-P,302.36,0.0,0.0,0.0,0.0,0.0,0.0,0.022,-0.29502,-0.05373,0.00137,-0.97276
