underlying_price,underlying_index,timestamp,state,settlement_price,open_interest,min_price,max_price,mark_price,mark_iv,last_price,interest_rate,instrument_name,index_price,bid_iv,best_bid_price,best_bid_amount,best_ask_price,best_ask_amount,ask_iv,vega,theta,rho,gamma,delta
9309.08,SYN.BTC-15NOV19,1572951540020,open,0.22,0.0,0.1855,0.24,0.21156872,72.21,None,0.0,BTC-15NOV19-11250-P,9279.66,0.0,0.0,0.0,0.0,0.0,0.0,1.88049,-6.87478,-2.89448,0.00011,-0.93761
9309.08,SYN.BTC-15NOV19,1572951540020,open,0.0,14.1,0.0005,0.013,0.00307149,72.21,0.004,0.0,BTC-15NOV19-11250-C,9279.66,66.28,0.002,40.6,0.004,21.0,76.49,1.88074,-6.87603,0.14942,0.00011,0.0624
9350.78,SYN.BTC-29NOV19,1572951540074,open,0.03,250.9,0.0095,0.046,0.02600752,65.91,0.031,0.0,BTC-29NOV19-10500-C,9279.66,64.12,0.0245,35.4,0.0275,33.2,67.65,7.95307,-10.97709,1.51155,0.00021,0.27313
9288.23,SYN.BTC-8NOV19,1572951540074,open,0.04,138.0,0.0175,0.0615,0.03967328,58.92,0.048,0.0,BTC-8NOV19-9000-C,9279.66,58.32,0.0395,0.8,0.042,1.1,66.76,2.69881,-27.64638,0.50905,0.00067,0.7353
9599.66,BTC-27MAR20,1572951540078,open,1.74,0.0,1.6595,1.7945,1.72303526,90.89,None,0.0,BTC-27MAR20-26000-P,9279.66,0.0,0.0,0.0,0.0,0.0,0.0,8.16054,-2.59578,-99.65197,2e-05,-0.92891
9434.16,BTC-27DEC19,1572951540091,open,0.01,519.0,0.001,0.023,0.01058104,75.69,0.011,0.0,BTC-27DEC19-6500-P,9279.66,73.59,0.0095,44.1,0.0115,43.0,77.4,4.97161,-3.62686,-1.13105,5e-05,-0.07377
9288.23,SYN.BTC-8NOV19,1572951540091,open,0.16,42.1,0.149,0.1845,0.16610246,96.65,0.18,0.0,BTC-8NOV19-7750-C,9279.66,0.0,0.154,5.0,0.1805,5.0,209.77,0.32377,-5.44101,0.59878,5e-05,0.98435
9350.78,SYN.BTC-29NOV19,1572951540091,open,0.36,22.5,0.346,0.376,0.36042243,91.48,0.2095,0.0,BTC-29NOV19-6000-C,9279.66,0.0,0.3495,8.0,0.3735,8.0,141.27,1.25704,-2.40822,3.77725,2e-05,0.97796
9288.23,SYN.BTC-8NOV19,1572951540093,open,0.01,788.4,0.0005,0.0255,0.00864179,58.92,0.0075,0.0,BTC-8NOV19-9000-P,9279.66,58.43,0.0085,1.0,0.0095,1.4,61.84,2.6988,-27.646,-0.20002,0.00067,-0.26469
9599.66,BTC-27MAR20,1572951540123,open,0.01,47.7,0.003,0.032,0.01283664,93.55,0.0115,0.0,BTC-27MAR20-28000-C,9279.66,91.05,0.011,21.0,0.0145,31.0,95.65,7.36251,-2.41043,1.85643,2e-05,0.06224
9288.23,SYN.BTC-8NOV19,1572951540123,open,0.0,369.8,0.0005,0.0105,0.00049201,96.65,0.0005,0.0,BTC-8NOV19-7750-P,9279.66,0.0,0.0,0.0,0.001,21.5,108.08,0.3237,-4.56994,-0.01181,5e-05,-0.01564
9683.45,SYN.BTC-26JUN20,1572951540123,open,0.31,12.2,0.2645,0.353,0.31121899,74.39,0.315,0.0,BTC-26JUN20-8000-C,9279.66,73.55,0.309,10.8,0.319,9.0,77.34,25.54064,-4.06207,26.09962,6e-05,0.73186
9288.23,SYN.BTC-8NOV19,1572951540123,open,0.11,116.1,0.094,0.133,0.11312205,80.31,0.1265,0.0,BTC-8NOV19-8250-C,9279.66,0.0,0.101,5.0,0.1275,1.0,162.6,0.77727,-10.85294,0.61629,0.00014,0.9553
9434.16,BTC-27DEC19,1572951540125,open,0.31,73.4,0.2655,0.3455,0.30511507,73.57,0.31,0.0,BTC-27DEC19-12000-P,9279.66,54.83,0.286,6.1,0.337,6.0,98.75,10.88007,-7.71472,-14.37416,0.00012,-0.76692
9599.66,BTC-27MAR20,1572951540125,open,2.15,0.0,2.0665,2.214,2.13596758,95.18,None,0.0,BTC-27MAR20-30000-P,9279.66,0.0,0.0,0.0,0.0,0.0,0.0,6.49595,-2.16375,-115.84546,2e-05,-0.94692
9683.45,SYN.BTC-26JUN20,1572951540125,open,0.26,34.5,0.2125,0.308,0.26278442,74.39,0.271,0.0,BTC-26JUN20-9000-C,9279.66,73.95,0.2615,11.1,0.272,21.1,77.55,28.30487,-4.5017,24.83212,6e-05,0.663
9350.78,SYN.BTC-29NOV19,1572951540125,open,0.0,446.2,0.0005,0.0105,0.00043727,100.0,0.001,0.0,BTC-29NOV19-5000-P,9279.66,101.62,0.0005,66.3,0.0015,18.0,117.79,0.34603,-0.72465,-0.03328,1e-05,-0.005
9350.78,SYN.BTC-29NOV19,1572951540127,open,0.12,805.8,0.092,0.144,0.11806653,64.08,0.118,0.0,BTC-29NOV19-8500-C,9279.66,62.15,0.1165,3.2,0.121,3.2,67.63,7.65316,-10.2695,3.84489,0.00021,0.74667
9683.45,SYN.BTC-26JUN20,1572951540127,open,2.15,0.0,2.0485,2.2185,2.12866661,90.27,None,0.0,BTC-26JUN20-30000-P,9279.66,0.0,0.0,0.0,0.0,0.0,0.0,14.98622,-2.8921,-187.02907,3e-05,-0.88564
9599.66,BTC-27MAR20,1572951540130,open,0.32,10.5,0.2925,0.358,0.32629952,72.87,0.281,0.0,BTC-27MAR20-7000-C,9279.66,66.75,0.3165,19.0,0.3315,18.6,76.02,15.68296,-3.99915,18.60416,6e-05,0.82139
9434.16,BTC-27DEC19,1572951540134,open,0.27,64.6,0.251,0.298,0.27456966,72.83,0.29,0.0,BTC-27DEC19-7000-C,9279.66,0.0,0.2555,1.0,0.296,9.0,98.68,6.70732,-4.70855,8.24586,7e-05,0.88955
9434.16,BTC-27DEC19,1572951540134,open,4.12,0.0,3.9885,4.1915,4.0878732,0.0,None,0.0,BTC-27DEC19-48000-P,9279.66,0.0,0.0005,1.0,0.0,0.0,0.0,0.0,0.0,-68.22009,0.0,-1.0
9350.78,SYN.BTC-29NOV19,1572951540134,open,0.46,0.3,0.4545,0.4775,0.46572317,100.02,0.4955,0.0,BTC-29NOV19-5000-C,9279.66,0.0,0.457,9.0,0.476,9.0,170.85,0.34647,-0.72573,3.23731,1e-05,0.99499
9350.78,SYN.BTC-29NOV19,1572951540134,open,0.2,13.1,0.1625,0.2265,0.19405425,67.9,0.233,0.0,BTC-29NOV19-11000-P,9279.66,0.0,0.166,5.0,0.2215,5.0,101.28,6.6566,-9.4656,-6.092,0.00017,-0.80192
9683.45,SYN.BTC-26JUN20,1572951540136,open,0.05,15.3,0.022,0.092,0.05322478,84.35,0.052,0.0,BTC-26JUN20-22000-C,9279.66,82.61,0.0495,13.0,0.0565,14.8,85.84,21.03568,-3.79328,8.48768,4e-05,0.19002
9288.23,SYN.BTC-8NOV19,1572951540136,open,0.0,606.2,0.0005,0.013,0.00248648,77.66,0.003,0.0,BTC-8NOV19-10250-C,9279.66,73.83,0.002,20.5,0.0025,1.0,77.76,1.24309,-16.78428,0.05783,0.00024,0.08151
9683.45,SYN.BTC-26JUN20,1572951540142,open,0.76,0.0,0.6815,0.8215,0.7509487,79.97,None,0.0,BTC-26JUN20-16000-P,9279.66,0.0,0.08,1.0,0.88,0.5,121.74,27.76196,-4.7463,-88.71361,6e-05,-0.67883
9683.45,SYN.BTC-26JUN20,1572951540142,open,1.14,0.0,1.058,1.205,1.12927569,82.85,None,0.0,BTC-26JUN20-20000-P,9279.66,0.0,0.1,1.0,1.88,0.1,376.86,23.13062,-4.09709,-118.27798,5e-05,-0.77698
9434.16,BTC-27DEC19,1572951540145,open,0.0,946.3,0.0005,0.0105,0.00019811,100.0,0.001,0.0,BTC-27DEC19-30000-C,9279.66,108.59,0.0005,12.4,0.001,10.0,116.41,0.22422,-0.21612,0.02399,0.0,0.00199
9599.66,BTC-27MAR20,1572951540151,open,1.95,0.0,1.863,2.0045,1.92959446,93.54,None,0.0,BTC-27MAR20-28000-P,9279.66,0.0,0.0005,5.0,0.0,0.0,0.0,7.35845,-2.40869,-107.74804,2e-05,-0.9378
9309.08,SYN.BTC-15NOV19,1572951540151,open,0.25,0.0,0.2115,0.267,0.23781757,75.24,None,0.0,BTC-15NOV19-11500-P,9279.66,0.0,0.0,0.0,0.0,0.0,0.0,1.5763,-6.00435,-2.99209,9e-05,-0.95012
9309.08,SYN.BTC-15NOV19,1572951540151,open,0.0,67.6,0.0005,0.012,0.00246484,75.24,0.004,0.0,BTC-15NOV19-11500-C,9279.66,68.72,0.0015,70.4,0.003,1.0,78.23,1.57658,-6.00576,0.11946,9e-05,0.04989
9288.23,SYN.BTC-8NOV19,1572951540196,open,0.27,0.5,0.2585,0.2875,0.27327662,100.29,0.2365,0.0,BTC-8NOV19-6750-C,9279.66,0.0,0.264,6.0,0.286,6.0,300.23,0.00452,-0.07882,0.5317,0.0,0.99986
9288.23,SYN.BTC-8NOV19,1572951540217,open,0.0,218.7,0.0005,0.011,0.00104748,99.94,0.001,0.0,BTC-8NOV19-11000-C,9279.66,99.17,0.001,10.9,0.002,24.1,112.33,0.58051,-9.72921,0.02211,9e-05,0.03127
9599.66,BTC-27MAR20,1572951540269,open,0.54,58.9,0.473,0.587,0.52963964,77.21,0.6005,0.0,BTC-27MAR20-14000-P,9279.66,0.0,0.4,0.5,0.7,1.0,147.81,20.71398,-5.59661,-46.40436,7e-05,-0.70528
9350.78,SYN.BTC-29NOV19,1572951540291,open,0.51,0.0,0.4685,0.5365,0.50067123,85.86,None,0.0,BTC-29NOV19-14000-P,9279.66,0.0,0.474,3.0,0.5215,3.0,133.86,2.14375,-3.85479,-8.92217,4e-05,-0.95801
9350.78,SYN.BTC-29NOV19,1572951540291,open,0.16,361.8,0.1355,0.183,0.15974047,66.52,0.17,0.0,BTC-29NOV19-8000-C,9279.66,63.65,0.158,0.9,0.1835,7.0,99.95,5.77485,-8.04501,4.17217,0.00015,0.84185
9309.08,SYN.BTC-15NOV19,1572951540357,open,0.27,0.0,0.2605,0.292,0.27565284,91.55,None,0.0,BTC-15NOV19-6750-C,9279.66,0.0,0.265,6.0,0.2895,6.0,169.63,0.53142,-2.46311,1.79029,2e-05,0.98645
9309.08,SYN.BTC-15NOV19,1572951540357,open,0.0,8.1,0.0005,0.0105,0.00075118,91.54,0.001,0.0,BTC-15NOV19-6750-P,9279.66,86.53,0.0005,19.0,0.001,0.4,95.5,0.53121,-2.46193,-0.03602,2e-05,-0.01355
9309.08,SYN.BTC-15NOV19,1572951540357,open,0.35,0.0,0.3425,0.369,0.35562193,100.03,None,0.0,BTC-15NOV19-6000-C,9279.66,0.0,0.3465,7.0,0.3675,7.0,204.52,0.13855,-0.70165,1.61555,1e-05,0.99704
9309.08,SYN.BTC-15NOV19,1572951540357,open,0.0,23.1,0.0005,0.011,0.00129372,89.65,0.001,0.0,BTC-15NOV19-7000-P,9279.66,86.03,0.001,1.7,0.0015,23.0,91.9,0.81543,-3.70134,-0.05963,4e-05,-0.02238
9309.08,SYN.BTC-15NOV19,1572951540357,open,0.0,0.1,0.0005,0.0105,0.00015379,100.0,0.0015,0.0,BTC-15NOV19-6000-P,9279.66,0.0,0.0,0.0,0.001,1.0,125.71,0.13828,-0.70012,-0.00784,1e-05,-0.00296
9309.08,SYN.BTC-15NOV19,1572951540357,open,0.0,0.1,0.0005,0.0105,6.316e-05,100.0,0.001,0.0,BTC-15NOV19-5750-P,9279.66,0.0,0.0,0.0,0.001,1.0,136.5,0.06561,-0.33215,-0.00344,0.0,-0.0013
9309.08,SYN.BTC-15NOV19,1572951540357,open,0.0,4.8,0.0005,0.0105,0.0004963,95.44,0.001,0.0,BTC-15NOV19-6500-P,9279.66,0.0,0.0,0.0,0.001,21.3,105.25,0.37145,-1.79491,-0.02387,2e-05,-0.00898
9309.08,SYN.BTC-15NOV19,1572951540357,open,0.33,0.0,0.315,0.3435,0.32895466,100.01,None,0.0,BTC-15NOV19-6250-C,9279.66,0.0,0.3195,7.0,0.341,7.0,190.81,0.26573,-1.34556,1.67472,1e-05,0.99386
9309.08,SYN.BTC-15NOV19,1572951540357,open,0.3,0.0,0.288,0.3175,0.30225346,95.45,None,0.0,BTC-15NOV19-6500-C,9279.66,0.0,0.292,7.0,0.3155,7.0,181.27,0.37168,-1.79619,1.7348,2e-05,0.99101
9309.08,SYN.BTC-15NOV19,1572951540357,open,0.25,0.0,0.233,0.267,0.24933988,89.66,None,0.0,BTC-15NOV19-7000-C,9279.66,0.0,0.2375,6.0,0.2635,6.0,157.94,0.81562,-3.70239,1.83432,4e-05,0.97761
9309.08,SYN.BTC-15NOV19,1572951540357,open,0.38,0.0,0.37,0.395,0.3823868,100.05,None,0.0,BTC-15NOV19-5750-C,9279.66,0.0,0.374,7.0,0.3935,7.0,216.14,0.06591,-0.33389,1.55231,0.0,0.99869
9309.08,SYN.BTC-15NOV19,1572951540357,open,0.0,0.1,0.0005,0.0105,0.00034201,100.0,0.002,0.0,BTC-15NOV19-6250-P,9279.66,0.0,0.0,0.0,0.001,1.4,115.31,0.2655,-1.34421,-0.01631,1e-05,-0.00613
9288.23,SYN.BTC-8NOV19,1572951540400,open,0.0,466.3,0.0005,0.0115,0.00190521,86.46,0.002,0.0,BTC-8NOV19-10500-C,9279.66,76.3,0.001,45.6,0.002,1.0,87.35,0.97496,-14.65698,0.04211,0.00017,0.05944
9434.16,BTC-27DEC19,1572951540448,open,2.2,0.2,2.118,2.246,2.18011797,99.42,2.03,0.0,BTC-27DEC19-30000-P,9279.66,0.0,0.0,0.0,0.0,0.0,0.0,0.21219,-0.20332,-42.61495,0.0,-0.99813
9599.66,BTC-27MAR20,1572951540482,open,0.4,19.3,0.3775,0.429,0.40321592,73.22,0.406,0.0,BTC-27MAR20-6000-C,9279.66,70.33,0.4,19.0,0.4165,19.0,84.18,10.90223,-2.79357,18.48917,4e-05,0.89525
9599.66,BTC-27MAR20,1572951540484,open,0.01,113.7,0.0035,0.035,0.01461726,90.91,0.0135,0.0,BTC-27MAR20-26000-C,9279.66,88.94,0.013,36.0,0.016,21.0,92.49,8.16409,-2.59729,2.12358,2e-05,0.07113
9683.43,SYN.BTC-26JUN20,1572951540484,open,0.04,31.9,0.0145,0.0765,0.04075021,88.23,0.039,0.0,BTC-26JUN20-26000-C,9279.66,87.28,0.039,0.3,0.042,15.0,88.9,17.90737,-3.37793,6.65135,3e-05,0.14795
9599.66,BTC-27MAR20,1572951540486,open,1.33,6.0,1.2545,1.3795,1.31344254,86.49,1.5845,0.0,BTC-27MAR20-22000-P,9279.66,0.0,0.0,0.0,0.0,0.0,0.0,10.80564,-3.27059,-83.04395,3e-05,-0.89653
9288.22,SYN.BTC-8NOV19,1572951540486,open,0.19,25.0,0.1765,0.21,0.19273602,99.95,0.21,0.0,BTC-8NOV19-7500-C,9279.66,0.0,0.1815,5.0,0.2075,5.0,235.77,0.16167,-2.80954,0.58558,2e-05,0.99295
9350.77,SYN.BTC-29NOV19,1572951540489,open,0.08,368.2,0.058,0.111,0.08348828,62.96,0.0955,0.0,BTC-29NOV19-9000-C,9279.66,61.43,0.082,16.6,0.0865,16.6,66.06,9.07063,-11.96006,3.31061,0.00025,0.62474
9434.16,BTC-27DEC19,1572951540512,open,1.77,0.0,1.702,1.815,1.75660793,99.82,None,0.0,BTC-27DEC19-26000-P,9279.66,0.0,0.0,0.0,0.0,0.0,0.0,0.61461,-0.59134,-36.87954,0.0,-0.99389
9434.16,BTC-27DEC19,1572951540512,open,2.84,1.3,2.7415,2.894,2.81593823,96.06,2.2,0.0,BTC-27DEC19-36000-P,9279.66,0.0,0.0005,0.1,0.0,0.0,0.0,0.02924,-0.02707,-51.16239,0.0,-0.99978
9350.77,SYN.BTC-29NOV19,1572951540519,open,0.25,0.0,0.211,0.275,0.24208583,70.14,None,0.0,BTC-29NOV19-11500-P,9279.66,0.0,0.2155,4.0,0.2675,4.0,105.18,5.4193,-7.96016,-6.71805,0.00014,-0.85624
9683.43,SYN.BTC-26JUN20,1572951540521,open,0.58,0.0,0.505,0.6405,0.57359087,78.82,None,0.0,BTC-26JUN20-14000-P,9279.66,0.0,0.07,1.0,0.645,0.1,101.49,29.82567,-5.0257,-73.18868,6e-05,-0.60598
9599.66,BTC-27MAR20,1572951540534,open,0.03,443.0,0.009,0.0545,0.02772596,84.29,0.0255,0.0,BTC-27MAR20-20000-C,9279.66,82.96,0.026,19.0,0.0295,32.6,85.61,12.67971,-3.74014,3.82883,4e-05,0.12962
9434.16,BTC-27DEC19,1572951540534,open,0.01,494.1,0.0005,0.0205,0.00772676,83.27,0.008,0.0,BTC-27DEC19-16000-C,9279.66,81.68,0.007,67.0,0.0085,0.4,84.88,4.4308,-3.55627,0.74839,4e-05,0.06354
9350.77,SYN.BTC-29NOV19,1572951540534,open,0.01,363.2,0.0005,0.022,0.00903443,73.31,0.01,0.0,BTC-29NOV19-12000-C,9279.66,72.17,0.0085,2.5,0.0095,16.0,74.28,4.44129,-6.81855,0.60601,0.00011,0.10811
9683.43,SYN.BTC-26JUN20,1572951540534,open,0.2,120.9,0.141,0.2415,0.19220316,74.39,0.19,0.0,BTC-26JUN20-9000-P,9279.66,70.74,0.1815,12.9,0.1925,3.0,74.49,28.30488,-4.50163,-32.83579,6e-05,-0.337
9350.77,SYN.BTC-29NOV19,1572951540534,open,0.01,328.3,0.0005,0.0205,0.00859141,70.45,0.009,0.0,BTC-29NOV19-7500-P,9279.66,67.84,0.0075,33.0,0.0095,21.0,72.52,4.02317,-5.93555,-0.62993,0.0001,-0.0944
9288.22,SYN.BTC-8NOV19,1572951540534,open,0.24,1.3,0.231,0.2615,0.24637277,100.1,0.24,0.0,BTC-8NOV19-7000-C,9279.66,0.0,0.2365,5.0,0.2595,5.0,276.76,0.01798,-0.31284,0.55104,0.0,0.99938
9434.16,BTC-27DEC19,1572951540570,open,0.41,99.0,0.361,0.441,0.39971203,75.64,0.638,0.0,BTC-27DEC19-13000-P,9279.66,0.0,0.0,0.0,0.0,0.0,0.0,8.76319,-6.38889,-16.58068,9e-05,-0.83688
9434.15,BTC-27DEC19,1572951540598,open,0.0,1457.0,0.0005,0.013,0.00302653,90.62,0.003,0.0,BTC-27DEC19-5000-P,9279.66,87.72,0.0025,44.0,0.0035,21.0,92.98,1.8104,-1.58126,-0.32506,2e-05,-0.02122
9288.22,SYN.BTC-8NOV19,1572951540600,open,0.0,153.7,0.0005,0.0105,0.00026331,100.0,0.001,0.0,BTC-8NOV19-11500-C,9279.66,108.58,0.0005,32.0,0.001,0.5,120.17,0.20208,-2.44564,0.00646,3e-05,0.00909
9288.22,SYN.BTC-8NOV19,1572951540626,open,0.0,244.5,0.0005,0.0105,1.499e-05,100.0,0.0005,0.0,BTC-8NOV19-7000-P,9279.66,0.0,0.0,0.0,0.0015,32.0,169.16,0.0178,-0.13927,-0.00046,0.0,-0.00062
9683.43,SYN.BTC-26JUN20,1572951540628,open,0.03,4.8,0.008,0.058,0.02779407,91.85,0.031,0.0,BTC-26JUN20-32000-C,9279.66,90.22,0.0255,12.0,0.0305,15.0,93.67,14.01213,-2.75137,4.7378,3e-05,0.10415
9683.43,SYN.BTC-26JUN20,1572951540628,open,2.35,0.0,2.2495,2.4255,2.33239553,91.84,None,0.0,BTC-26JUN20-32000-P,9279.66,0.0,0.0,0.0,0.0,0.0,0.0,14.00848,-2.75037,-200.30537,3e-05,-0.89589
9434.15,BTC-27DEC19,1572951540669,open,0.0,815.5,0.0005,0.0105,0.00095012,100.0,0.001,0.0,BTC-27DEC19-4000-P,9279.66,92.34,0.0005,66.0,0.0015,4.5,106.49,0.68079,-0.65617,-0.10472,1e-05,-0.00686
9434.15,BTC-27DEC19,1572951540711,open,0.03,370.6,0.01,0.045,0.02539491,70.59,0.024,0.0,BTC-27DEC19-7500-P,9279.66,69.06,0.024,18.1,0.0265,30.8,71.79,8.64748,-5.88369,-2.48348,0.0001,-0.15982
9434.15,BTC-27DEC19,1572951540711,open,0.0,604.5,0.0005,0.0105,1.02e-05,100.0,0.0005,0.0,BTC-27DEC19-2500-P,9279.66,0.0,0.0,0.0,0.0005,1.0,139.91,0.01449,-0.01397,-0.00152,0.0,-0.0001
9434.15,BTC-27DEC19,1572951540711,open,0.0,695.6,0.0005,0.0105,3.439e-05,100.0,0.0005,0.0,BTC-27DEC19-36000-C,9279.66,0.0,0.0,0.0,0.001,1.0,131.56,0.04954,-0.04775,0.00469,0.0,0.00038
9434.15,BTC-27DEC19,1572951540711,open,0.0,447.1,0.0005,0.0105,0.00010916,100.0,0.0005,0.0,BTC-27DEC19-32000-C,9279.66,113.73,0.0005,1.0,0.0015,42.0,127.27,0.13495,-0.13007,0.01381,0.0,0.00114
9288.22,SYN.BTC-8NOV19,1572951540713,open,0.21,16.9,0.204,0.2355,0.21950341,100.03,0.2615,0.0,BTC-8NOV19-7250-C,9279.66,0.0,0.209,5.0,0.2335,5.0,256.44,0.05918,-1.02933,0.56948,1e-05,0.99771
9350.77,SYN.BTC-29NOV19,1572951540713,open,0.04,498.0,0.018,0.062,0.03876183,64.42,0.04,0.0,BTC-29NOV19-10000-C,9279.66,62.59,0.037,12.0,0.0405,19.8,66.21,9.04988,-12.20816,2.04173,0.00025,0.37256
9350.77,SYN.BTC-29NOV19,1572951540759,open,0.62,0.0,0.573,0.643,0.60637688,90.61,None,0.0,BTC-29NOV19-15000-P,9279.66,0.0,0.579,3.0,0.6275,3.0,146.83,1.50087,-2.8481,-9.65907,3e-05,-0.97278
9434.15,BTC-27DEC19,1572951540764,open,0.0,503.5,0.0005,0.0105,0.00030066,100.0,0.0005,0.0,BTC-27DEC19-3500-P,9279.66,105.8,0.0005,24.0,0.001,1.0,115.23,0.26711,-0.25745,-0.03636,0.0,-0.00241
9288.22,SYN.BTC-8NOV19,1572951540764,open,0.32,0.0,0.3135,0.3405,0.32710522,106.38,None,0.0,BTC-8NOV19-6250-C,9279.66,0.0,0.318,6.0,0.3385,6.0,344.18,0.00041,-0.0075,0.49241,0.0,0.99999
9434.15,BTC-27DEC19,1572951540805,open,0.12,487.8,0.0915,0.1545,0.1245085,68.13,0.121,0.0,BTC-27DEC19-9000-C,9279.66,66.73,0.1225,20.6,0.1275,26.6,70.22,13.51547,-8.87507,6.67617,0.00016,0.62242
9434.15,BTC-27DEC19,1572951540805,open,0.0,777.8,0.0005,0.0155,0.00514184,90.22,0.0045,0.0,BTC-27DEC19-18000-C,9279.66,88.23,0.0045,20.0,0.006,19.0,92.64,3.18021,-2.76529,0.49238,3e-05,0.04186
9434.15,BTC-27DEC19,1572951540805,open,0.01,879.3,0.001,0.0255,0.01082222,81.16,0.011,0.0,BTC-27DEC19-15000-C,9279.66,79.75,0.01,8.0,0.0115,16.0,82.29,5.60848,-4.3875,1.01502,5e-05,0.08652
9599.66,BTC-27MAR20,1572951540805,open,0.02,147.2,0.0045,0.0395,0.01744095,88.59,0.017,0.0,BTC-27MAR20-24000-C,9279.66,87.07,0.016,35.0,0.019,0.1,90.16,9.2961,-2.88202,2.51597,3e-05,0.0844
9599.65,BTC-27MAR20,1572951540838,open,0.01,110.3,0.0005,0.0195,0.00651312,98.4,0.0085,0.0,BTC-27MAR20-36000-C,9279.66,97.25,0.006,16.0,0.008,20.0,101.42,4.4148,-1.52022,0.99297,1e-05,0.03294
9288.22,SYN.BTC-8NOV19,1572951540853,open,0.13,69.6,0.1215,0.1585,0.13944388,87.47,0.136,0.0,BTC-8NOV19-8000-C,9279.66,0.0,0.127,5.0,0.156,5.0,195.34,0.47999,-7.29978,0.61153,8e-05,0.97511
9434.15,BTC-27DEC19,1572951540858,open,0.92,9.4,0.872,0.9595,0.91309578,90.19,1.1125,0.0,BTC-27DEC19-18000-P,9279.66,0.0,0.0,0.0,0.0,0.0,0.0,3.17719,-2.76193,-25.09071,3e-05,-0.95819
9683.43,SYN.BTC-26JUN20,1572951540871,open,0.03,180.2,0.012,0.0475,0.02796274,74.39,0.026,0.0,BTC-26JUN20-5000-P,9279.66,71.4,0.0245,18.0,0.0285,11.0,74.84,11.48069,-1.82591,-6.67436,3e-05,-0.07961
9434.15,BTC-27DEC19,1572951540889,open,0.19,506.1,0.1605,0.2185,0.19055306,69.44,0.202,0.0,BTC-27DEC19-8000-C,9279.66,67.15,0.188,1.0,0.1955,16.0,73.78,10.62327,-7.10967,7.85808,0.00012,0.77661
188.81,ETH-27DEC19,1572951540891,open,2.85,0.0,2.703,2.931,2.813428,105.0,None,0.0,ETH-27DEC19-720-P,185.55,0.0,0.003,5.0,0.0,0.0,0.0,0.00179,-0.00181,-1.02313,3e-05,-0.99927
193.28,SYN.ETH-26JUN20,1572951540893,open,0.33,5.0,0.282,0.38,0.335638,83.95,0.275,0.0,ETH-26JUN20-160-C,185.55,82.2,0.331,470.0,0.345,470.0,87.5,0.51018,-0.09157,0.4902,0.00254,0.73145
9350.77,SYN.BTC-29NOV19,1572951540930,open,0.01,159.3,0.0005,0.018,0.00662725,75.9,0.009,0.0,BTC-29NOV19-12500-C,9279.66,72.83,0.0055,20.0,0.0075,38.5,78.11,3.59001,-5.70653,0.4551,8e-05,0.08103
9434.15,BTC-27DEC19,1572951540939,open,0.42,73.5,0.4065,0.438,0.42156403,84.79,0.266,0.0,BTC-27DEC19-5500-C,9279.66,0.0,0.41,10.0,0.4355,10.0,118.45,2.57352,-2.10327,7.32255,2e-05,0.96768
9599.65,BTC-27MAR20,1572951540939,open,0.01,57.8,0.0005,0.025,0.00916791,96.49,0.01,0.0,BTC-27MAR20-32000-C,9279.66,94.45,0.008,16.0,0.0105,20.0,98.64,5.72112,-1.93193,1.35687,2e-05,0.04528
9288.22,SYN.BTC-8NOV19,1572951540941,open,0.3,10.8,0.286,0.314,0.30018984,101.67,0.305,0.0,BTC-8NOV19-6500-C,9279.66,0.0,0.291,6.0,0.312,6.0,320.29,0.0011,-0.01947,0.51209,0.0,0.99997
9350.77,SYN.BTC-29NOV19,1572951540944,open,0.3,0.3,0.2915,0.3255,0.30812291,83.67,0.31,0.0,BTC-29NOV19-6500-C,9279.66,0.0,0.2955,8.0,0.3235,8.0,129.01,1.86629,-3.26995,4.01527,4e-05,0.96458
9434.15,BTC-27DEC19,1572951540960,open,0.51,268.3,0.4605,0.5405,0.49884796,78.13,0.7205,0.0,BTC-27DEC19-14000-P,9279.66,0.0,0.0,0.0,0.0,0.0,0.0,6.96574,-5.24544,-18.53545,7e-05,-0.88354
9683.43,SYN.BTC-26JUN20,1572951540967,open,1.54,0.0,1.45,1.605,1.52388334,85.95,None,0.0,BTC-26JUN20-24000-P,9279.66,0.0,0.0,0.0,0.0,0.0,0.0,19.2193,-3.53144,-146.37989,4e-05,-0.83529
9350.77,SYN.BTC-29NOV19,1572951541009,open,0.0,338.8,0.0005,0.012,0.0022338,90.63,0.002,0.0,BTC-29NOV19-15000-C,9279.66,89.13,0.002,1.7,0.0025,0.1,92.23,1.50222,-2.85129,0.15302,3e-05,0.02725
9683.43,SYN.BTC-26JUN20,1572951541009,open,0.22,135.7,0.17,0.269,0.22192092,74.39,0.235,0.0,BTC-26JUN20-10000-C,9279.66,74.1,0.221,11.5,0.2315,10.0,77.49,30.01831,-4.77422,23.22778,7e-05,0.59628
9434.15,BTC-27DEC19,1572951541038,open,0.01,1132.5,0.0005,0.0165,0.00673928,79.36,0.005,0.0,BTC-27DEC19-6000-P,9279.66,77.35,0.006,20.0,0.0075,21.0,81.32,3.56432,-2.72653,-0.7371,4e-05,-0.04823
191.61,ETH-27MAR20,1572951541042,open,0.56,158.0,0.476,0.616,0.546857,83.91,0.62,0.0,ETH-27MAR20-280-P,185.55,78.54,0.535,42.0,0.573,1.0,95.25,0.43022,-0.12633,-0.91815,0.00357,-0.67728
9288.22,SYN.BTC-8NOV19,1572951541051,open,0.11,37.6,0.0825,0.132,0.10603395,77.65,0.073,0.0,BTC-8NOV19-10250-P,9279.66,0.0,0.1035,0.1,0.1065,4.0,80.99,1.243,-16.78255,-0.74974,0.00024,-0.9185
9288.22,SYN.BTC-8NOV19,1572951541051,open,0.27,0.0,0.2405,0.292,0.26516722,99.97,None,0.0,BTC-8NOV19-11750-P,9279.66,0.0,0.015,25.0,0.0,0.0,0.0,0.11052,-1.92106,-0.92247,2e-05,-0.99541
9434.15,BTC-27DEC19,1572951541056,open,1.99,0.1,1.91,2.03,1.96829239,99.68,1.49,0.0,BTC-27DEC19-28000-P,9279.66,0.0,0.0,0.0,0.0,0.0,0.0,0.36363,-0.34935,-39.75426,0.0,-0.99661
9434.15,BTC-27DEC19,1572951541092,open,0.0,877.3,0.0005,0.013,0.0034606,95.47,0.004,0.0,BTC-27DEC19-20000-C,9279.66,93.49,0.003,20.0,0.004,24.0,97.58,2.2991,-2.11548,0.33179,2e-05,0.02821
9434.15,BTC-27DEC19,1572951541092,open,0.61,211.2,0.5625,0.6435,0.60078384,81.15,0.9295,0.0,BTC-27DEC19-15000-P,9279.66,0.0,0.0,0.0,0.0,0.0,0.0,5.6067,-4.38549,-20.30417,5e-05,-0.91351
9434.15,BTC-27DEC19,1572951541092,open,0.52,21.6,0.514,0.5375,0.5250099,97.14,0.5285,0.0,BTC-27DEC19-4500-C,9279.66,0.0,0.5165,12.0,0.535,12.0,137.35,1.24908,-1.16944,6.18455,1e-05,0.98626
9434.15,BTC-27DEC19,1572951541094,open,0.57,30.9,0.567,0.587,0.57696036,100.02,0.5735,0.0,BTC-27DEC19-4000-C,9279.66,0.0,0.57,12.0,0.5855,12.0,148.01,0.68166,-0.65717,5.58013,1e-05,0.99313
9683.43,SYN.BTC-26JUN20,1572951541094,open,0.0,69.9,0.0005,0.014,0.00432077,79.31,0.004,0.0,BTC-26JUN20-3000-P,9279.66,74.55,0.003,51.0,0.0055,18.0,82.88,2.97941,-0.50517,-1.21504,1e-05,-0.01526
9288.22,SYN.BTC-8NOV19,1572951541111,open,0.25,0.0,0.214,0.265,0.23838982,99.99,None,0.0,BTC-8NOV19-11500-P,9279.66,0.0,0.0,0.0,0.0,0.0,0.0,0.20192,-3.51028,-0.89959,3e-05,-0.99092
187.05,SYN.ETH-29NOV19,1572951541111,open,0.02,227.0,0.005,0.035,0.017032,69.36,0.018,0.0,ETH-29NOV19-160-P,185.55,67.73,0.016,670.0,0.018,128.0,70.86,0.11932,-0.17331,-0.02242,0.00752,-0.16621
9350.77,SYN.BTC-29NOV19,1572951541111,open,0.35,0.0,0.3125,0.377,0.34341316,75.9,None,0.0,BTC-29NOV19-12500-P,9279.66,0.0,0.3175,4.0,0.3655,4.0,114.81,3.58928,-5.70485,-7.72162,8e-05,-0.91899
9599.65,BTC-27MAR20,1572951541115,open,0.59,9.4,0.5765,0.6015,0.58815452,79.16,0.585,0.0,BTC-27MAR20-4000-C,9279.66,50.86,0.5835,9.0,0.5995,9.0,103.12,3.1453,-0.87135,14.65136,1e-05,0.97806
9599.65,BTC-27MAR20,1572951541115,open,0.04,258.4,0.0135,0.066,0.03613099,81.71,0.0385,0.0,BTC-27MAR20-18000-C,9279.66,80.32,0.034,19.0,0.0385,32.9,83.22,14.90939,-4.26331,4.84277,5e-05,0.16501
9683.43,SYN.BTC-26JUN20,1572951541140,open,0.51,0.0,0.488,0.5355,0.51161876,74.39,None,0.0,BTC-26JUN20-5000-C,9279.66,58.56,0.4955,7.0,0.532,7.0,89.98,11.481,-1.826,25.3631,3e-05,0.92039
188.81,ETH-27DEC19,1572951541155,open,0.01,897.0,0.001,0.016,0.00561,97.39,0.006,0.0,ETH-27DEC19-380-C,185.55,92.19,0.004,870.0,0.007,480.0,101.19,0.06454,-0.06058,0.00992,0.00131,0.04259
191.61,ETH-27MAR20,1572951541170,open,0.23,21.0,0.176,0.269,0.226668,81.41,0.232,0.0,ETH-27MAR20-180-C,185.55,76.4,0.215,258.0,0.23,558.0,82.85,0.44538,-0.12689,0.31531,0.00381,0.64706
185.73,SYN.ETH-8NOV19,1572951541172,open,0.0,46.0,0.001,0.011,0.000313,104.98,0.002,0.0,ETH-8NOV19-150-P,185.55,0.0,0.0,0.0,0.001,95.0,124.4,0.00426,-0.05808,-0.00015,0.00149,-0.00965
188.81,ETH-27DEC19,1572951541192,open,0.37,2.0,0.349,0.396,0.372835,83.61,0.346,0.0,ETH-27DEC19-120-C,185.55,0.0,0.364,51.0,0.0,0.0,0.0,0.07951,-0.06407,0.15346,0.00188,0.94471
9599.65,BTC-27MAR20,1572951541196,open,0.36,52.6,0.302,0.4105,0.35688991,75.23,0.355,0.0,BTC-27MAR20-12000-P,9279.66,66.09,0.335,5.0,0.399,5.0,92.34,23.28677,-6.13047,-35.74623,9e-05,-0.59439
187.05,SYN.ETH-29NOV19,1572951541213,open,0.25,1.0,0.231,0.282,0.257006,77.52,0.289,0.0,ETH-29NOV19-140-C,185.55,0.0,0.251,50.0,0.274,17.0,116.48,0.05648,-0.0917,0.08365,0.00318,0.94068
188.81,ETH-27DEC19,1572951541219,open,0.47,0.0,0.456,0.493,0.474296,95.05,None,0.0,ETH-27DEC19-100-C,185.55,0.0,0.47,31.0,0.0,0.0,0.0,0.04219,-0.03865,0.13425,0.00088,0.97458
193.28,SYN.ETH-26JUN20,1572951541219,open,0.07,351.0,0.041,0.104,0.072131,83.95,0.068,0.0,ETH-26JUN20-120-P,185.55,81.16,0.067,210.0,0.076,499.0,86.03,0.35742,-0.06415,-0.27255,0.00178,-0.14794
191.61,ETH-27MAR20,1572951541221,open,0.75,6.0,0.659,0.808,0.733322,86.7,0.725,0.0,ETH-27MAR20-320-P,185.55,0.0,0.0,0.0,0.762,1.0,100.35,0.38102,-0.11561,-1.11249,0.00306,-0.74992
188.81,ETH-27DEC19,1572951541221,open,0.0,17258.0,0.001,0.011,0.00035,105.0,0.002,0.0,ETH-27DEC19-600-C,185.55,116.35,0.001,6020.0,0.003,529.0,132.25,0.00697,-0.00706,0.00077,0.00013,0.00324
191.61,ETH-27MAR20,1572951541221,open,1.97,0.0,1.843,2.044,1.939126,98.14,None,0.0,ETH-27MAR20-560-P,185.55,0.0,0.01,10.0,0.0,0.0,0.0,0.16969,-0.05828,-2.14821,0.0012,-0.92501
191.61,ETH-27MAR20,1572951541221,open,1.76,0.0,1.642,1.834,1.734336,97.31,None,0.0,ETH-27MAR20-520-P,185.55,0.0,0.005,10.0,0.0,0.0,0.0,0.19607,-0.06677,-1.9827,0.0014,-0.90913
188.81,ETH-27DEC19,1572951541221,open,0.0,11035.0,0.001,0.013,0.003469,105.0,0.004,0.0,ETH-27DEC19-440-C,185.55,102.86,0.003,120.0,0.005,180.0,110.9,0.04331,-0.04383,0.00611,0.00081,0.02623
9599.65,BTC-27MAR20,1572951541227,open,0.01,117.2,0.001,0.0285,0.01086984,95.2,0.015,0.0,BTC-27MAR20-30000-C,9279.66,92.28,0.009,36.0,0.0125,31.0,97.51,6.5006,-2.16574,1.58794,2e-05,0.05313
9683.43,SYN.BTC-26JUN20,1572951541229,open,0.16,147.3,0.1095,0.209,0.16054587,74.96,0.187,0.0,BTC-26JUN20-12000-C,9279.66,75.88,0.1635,15.3,0.1725,20.3,78.71,30.87225,-4.94737,19.64059,7e-05,0.47709
193.28,SYN.ETH-26JUN20,1572951541229,open,0.98,0.0,0.872,1.054,0.963861,89.92,None,0.0,ETH-26JUN20-360-P,185.55,0.0,0.0,0.0,0.994,1.0,100.31,0.54357,-0.1045,-2.05186,0.00253,-0.69292
9288.22,SYN.BTC-8NOV19,1572951541229,open,0.0,319.1,0.0005,0.0105,0.00020983,99.94,0.0005,0.0,BTC-8NOV19-7500-P,9279.66,0.0,0.0,0.0,0.0005,1.5,111.98,0.16156,-1.94899,-0.00531,2e-05,-0.00704
9683.43,SYN.BTC-26JUN20,1572951541232,open,0.43,2.3,0.4025,0.466,0.43491223,74.39,0.4335,0.0,BTC-26JUN20-6000-C,9279.66,66.11,0.421,9.0,0.4525,9.0,84.18,16.85777,-2.68114,26.66518,4e-05,0.86467
188.81,ETH-27DEC19,1572951541235,open,2.21,0.0,2.086,2.277,2.178148,105.0,0.953,0.0,ETH-27DEC19-600-P,185.55,0.0,0.0,0.0,0.0,0.0,0.0,0.00697,-0.00706,-0.85198,0.00013,-0.99676
187.05,SYN.ETH-29NOV19,1572951541235,open,0.62,0.0,0.558,0.66,0.606772,94.55,None,0.0,ETH-29NOV19-300-P,185.55,0.0,0.0,0.0,0.0,0.0,0.0,0.0356,-0.07049,-0.19251,0.00165,-0.96657
9434.15,BTC-27DEC19,1572951541240,open,0.0,562.6,0.0005,0.0105,1.136e-05,100.0,0.0005,0.0,BTC-27DEC19-40000-C,9279.66,0.0,0.0,0.0,0.001,26.0,140.13,0.01861,-0.01794,0.00165,0.0,0.00013
193.28,SYN.ETH-26JUN20,1572951541242,open,0.62,0.0,0.52,0.682,0.603583,87.69,None,0.0,ETH-26JUN20-280-P,185.55,0.0,0.0,0.0,0.0,0.0,0.0,0.60763,-0.11392,-1.45376,0.00289,-0.57026
9599.65,BTC-27MAR20,1572951541246,open,2.78,0.0,2.678,2.844,2.75663422,98.36,None,0.0,BTC-27MAR20-36000-P,9279.66,0.0,0.0,0.0,0.0,0.0,0.0,4.40792,-1.51732,-139.92728,1e-05,-0.96712
193.28,SYN.ETH-26JUN20,1572951541255,open,0.1,186.0,0.054,0.148,0.101297,89.92,0.117,0.0,ETH-26JUN20-360-C,185.55,88.03,0.096,468.0,0.107,468.0,91.94,0.54357,-0.1045,0.25486,0.00253,0.30708
193.28,SYN.ETH-26JUN20,1572951541266,open,0.01,184.0,0.001,0.017,0.007164,87.1,0.015,0.0,ETH-26JUN20-60-P,185.55,86.7,0.007,20.0,0.012,300.0,97.32,0.0792,-0.01475,-0.03533,0.00038,-0.02136
9683.43,SYN.BTC-26JUN20,1572951541270,open,0.06,88.6,0.029,0.083,0.05452501,74.39,0.052,0.0,BTC-26JUN20-6000-P,9279.66,70.88,0.0485,17.1,0.054,4.0,74.09,16.85759,-2.68106,-11.77985,4e-05,-0.13533
9288.22,SYN.BTC-8NOV19,1572951541278,open,0.0,231.9,0.0005,0.0105,5.731e-05,100.0,0.0005,0.0,BTC-8NOV19-12000-C,9279.66,0.0,0.0,0.0,0.001,0.5,139.7,0.05804,-0.53232,0.0016,1e-05,0.00224
188.81,ETH-27DEC19,1572951541282,open,0.0,12670.0,0.001,0.011,0.000119,105.0,0.004,0.0,ETH-27DEC19-680-C,185.55,126.79,0.001,20.0,0.002,180.0,136.79,0.0028,-0.00284,0.00029,5e-05,0.00119
191.61,ETH-27MAR20,1572951541282,open,0.04,1180.0,0.018,0.063,0.038989,81.93,0.065,0.0,ETH-27MAR20-120-P,185.55,78.72,0.035,616.0,0.043,296.0,85.07,0.24143,-0.06922,-0.12011,0.00205,-0.12116
9434.15,BTC-27DEC19,1572951541286,open,0.47,66.8,0.46,0.4875,0.47303932,90.63,0.4085,0.0,BTC-27DEC19-5000-C,9279.66,0.0,0.4635,11.0,0.478,11.0,109.63,1.8112,-1.58217,6.78102,2e-05,0.97877
193.28,SYN.ETH-26JUN20,1572951541299,open,1.37,0.0,1.249,1.449,1.348094,92.47,None,0.0,ETH-26JUN20-440-P,185.55,0.0,0.0,0.0,0.0,0.0,0.0,0.46893,-0.0927,-2.62412,0.00212,-0.77076
193.28,SYN.ETH-26JUN20,1572951541299,open,2.18,0.0,2.032,2.269,2.146597,97.35,None,0.0,ETH-26JUN20-600-P,185.55,0.0,0.0,0.0,0.0,0.0,0.0,0.35043,-0.07293,-3.71903,0.0015,-0.85634
191.61,ETH-27MAR20,1572951541301,open,2.38,0.0,2.247,2.47,2.353738,103.2,None,0.0,ETH-27MAR20-640-P,185.55,0.0,0.0,0.0,0.0,0.0,0.0,0.145,-0.05237,-2.46954,0.00098,-0.93882
191.61,ETH-27MAR20,1572951541303,open,0.08,351.0,0.039,0.102,0.070287,81.41,0.07,0.0,ETH-27MAR20-140-P,185.55,78.3,0.065,320.0,0.073,603.0,83.0,0.32734,-0.09326,-0.19668,0.0028,-0.19193
193.28,SYN.ETH-26JUN20,1572951541303,open,0.02,2.0,0.008,0.036,0.020784,86.75,0.029,0.0,ETH-26JUN20-80-P,185.55,84.65,0.019,250.0,0.024,250.0,90.37,0.16685,-0.03095,-0.09124,0.0008,-0.05289
9683.43,SYN.BTC-26JUN20,1572951541309,open,0.6,0.0,0.5835,0.615,0.59851339,74.91,None,0.0,BTC-26JUN20-4000-C,9279.66,55.98,0.5895,7.0,0.615,7.0,94.87,6.4082,-1.0263,22.55245,1e-05,0.96199
188.81,ETH-27DEC19,1572951541313,open,0.01,515.0,0.001,0.02,0.008163,91.28,0.013,0.0,ETH-27DEC19-340-C,185.55,88.65,0.007,384.0,0.009,160.0,93.04,0.08711,-0.07664,0.01448,0.00188,0.06211
9434.15,BTC-27DEC19,1572951541319,open,0.68,10.0,0.6725,0.692,0.68207731,100.16,0.618,0.0,BTC-27DEC19-3000-C,9279.66,0.0,0.6745,1.0,0.691,1.0,190.13,0.07876,-0.07604,4.2543,0.0,0.99937
188.81,ETH-27DEC19,1572951541321,open,0.02,1529.0,0.005,0.037,0.018222,82.36,0.019,0.0,ETH-27DEC19-280-C,185.55,80.82,0.017,370.0,0.019,160.0,83.31,0.15269,-0.1212,0.03071,0.00366,0.13265
9683.43,SYN.BTC-26JUN20,1572951541321,open,1.94,0.0,1.848,2.0125,1.92584522,88.79,None,0.0,BTC-26JUN20-28000-P,9279.66,0.0,0.0,0.0,0.0,0.0,0.0,16.17145,-3.06955,-173.6338,3e-05,-0.87258
9683.43,SYN.BTC-26JUN20,1572951541331,open,0.03,71.5,0.0095,0.062,0.03060579,90.27,0.0295,0.0,BTC-26JUN20-30000-C,9279.66,88.21,0.0275,29.0,0.033,15.0,91.79,14.98854,-2.89275,5.19849,3e-05,0.11439
193.28,SYN.ETH-26JUN20,1572951541331,open,0.12,120.0,0.071,0.154,0.113451,83.95,0.114,0.0,ETH-26JUN20-140-P,185.55,80.69,0.106,210.0,0.117,486.0,85.5,0.44247,-0.07942,-0.39721,0.0022,-0.20727
9288.22,SYN.BTC-8NOV19,1572951541336,open,0.38,0.0,0.346,0.4005,0.37271009,99.5,None,0.0,BTC-8NOV19-12750-P,9279.66,0.0,0.0,0.0,0.0,0.0,0.0,0.00619,-0.10714,-1.00438,0.0,-0.9998
188.81,ETH-27DEC19,1572951541339,open,0.0,6174.0,0.001,0.011,7.1e-05,105.0,0.002,0.0,ETH-27DEC19-720-C,185.55,0.0,0.0,0.0,0.002,480.0,141.75,0.00179,-0.00181,0.00018,3e-05,0.00073
185.73,SYN.ETH-8NOV19,1572951541339,open,0.0,404.0,0.001,0.011,2.8e-05,105.0,0.001,0.0,ETH-8NOV19-140-P,185.55,0.0,0.0,0.0,0.001,125.0,158.25,0.00057,-0.00511,-2e-05,0.0002,-0.00104
187.05,SYN.ETH-29NOV19,1572951541339,open,0.01,2218.0,0.001,0.015,0.005467,77.52,0.007,0.0,ETH-29NOV19-140-P,185.55,72.28,0.004,480.0,0.007,211.0,82.29,0.05648,-0.0917,-0.00793,0.00318,-0.05932
187.05,SYN.ETH-29NOV19,1572951541344,open,0.0,420.0,0.001,0.012,0.002926,94.55,0.004,0.0,ETH-29NOV19-300-C,185.55,89.1,0.002,380.0,0.004,210.0,99.66,0.0356,-0.07049,0.00373,0.00165,0.03343
191.61,ETH-27MAR20,1572951541351,open,0.02,886.0,0.004,0.036,0.016523,98.14,0.028,0.0,ETH-27MAR20-560-C,185.55,95.16,0.014,584.0,0.019,220.0,100.83,0.16969,-0.05828,0.04386,0.0012,0.07499
191.61,ETH-27MAR20,1572951541351,open,0.03,966.0,0.01,0.056,0.029666,93.17,0.039,0.0,ETH-27MAR20-440-C,185.55,91.09,0.027,260.0,0.033,560.0,95.65,0.25126,-0.08193,0.07396,0.00188,0.12827
188.81,ETH-27DEC19,1572951541351,open,0.01,5913.0,0.001,0.019,0.008394,83.61,0.01,0.0,ETH-27DEC19-120-P,185.55,82.66,0.008,360.0,0.009,1.0,85.02,0.07951,-0.06407,-0.01709,0.00188,-0.05529
185.73,SYN.ETH-8NOV19,1572951541353,open,0.09,40.0,0.047,0.115,0.080312,68.9,0.105,0.0,ETH-8NOV19-200-P,185.55,37.95,0.077,40.0,0.083,40.0,82.38,0.03279,-0.3928,-0.01407,0.01751,-0.88097
193.28,SYN.ETH-26JUN20,1572951541353,open,0.17,344.0,0.112,0.211,0.163444,83.95,0.156,0.0,ETH-26JUN20-160-P,185.55,80.0,0.153,472.0,0.167,472.0,85.3,0.51018,-0.09157,-0.53501,0.00254,-0.26855
188.81,ETH-27DEC19,1572951541357,open,2.64,1.0,2.497,2.713,2.601623,105.0,2.792,0.0,ETH-27DEC19-680-P,185.55,0.0,0.002,10.0,0.0,0.0,0.0,0.0028,-0.00284,-0.96616,5e-05,-0.99881
185.73,SYN.ETH-8NOV19,1572951541368,open,0.2,0.0,0.151,0.224,0.185495,99.0,None,0.0,ETH-8NOV19-220-P,185.55,0.0,0.01,15.0,0.0,0.0,0.0,0.01117,-0.19229,-0.01691,0.00415,-0.97015
185.73,SYN.ETH-8NOV19,1572951541368,open,0.35,0.0,0.334,0.373,0.353903,106.3,None,0.0,ETH-8NOV19-120-C,185.55,0.0,0.0,0.0,0.0,0.0,0.0,0.0,-2e-05,0.00945,0.0,1.0
187.05,SYN.ETH-29NOV19,1572951541370,open,0.05,313.0,0.025,0.082,0.049936,67.12,0.048,0.0,ETH-29NOV19-180-P,185.55,64.1,0.047,564.0,0.052,168.0,69.24,0.18192,-0.25571,-0.05241,0.01184,-0.37842
187.05,SYN.ETH-29NOV19,1572951541370,open,0.12,120.0,0.076,0.151,0.112413,68.89,0.131,0.0,ETH-29NOV19-200-P,185.55,63.32,0.107,230.0,0.114,121.0,70.51,0.1829,-0.26388,-0.08898,0.0116,-0.61478
185.73,SYN.ETH-8NOV19,1572951541374,open,0.24,0.0,0.223,0.268,0.246248,105.0,None,0.0,ETH-8NOV19-140-C,185.55,0.0,0.0,0.0,0.0,0.0,0.0,0.00057,-0.01048,0.01101,0.0002,0.99896
9434.15,BTC-27DEC19,1572951541380,open,0.37,112.4,0.3535,0.389,0.37075463,79.37,0.385,0.0,BTC-27DEC19-6000-C,9279.66,0.0,0.3565,10.0,0.3865,10.0,109.57,3.56505,-2.72733,7.79021,4e-05,0.95175
188.81,ETH-27DEC19,1572951541386,open,0.62,1.0,0.548,0.66,0.602343,85.25,0.494,0.0,ETH-27DEC19-300-P,185.55,0.0,0.01,5.0,0.0,0.0,0.0,0.12515,-0.10283,-0.40308,0.0029,-0.89975
193.28,SYN.ETH-26JUN20,1572951541390,open,0.45,1.0,0.411,0.486,0.451276,83.95,0.478,0.0,ETH-26JUN20-120-C,185.55,73.21,0.432,210.0,0.466,210.0,91.79,0.35742,-0.06415,0.49636,0.00178,0.85206
188.81,ETH-27DEC19,1572951541396,open,0.0,9372.0,0.001,0.011,0.00061,105.0,0.002,0.0,ETH-27DEC19-560-C,185.55,110.51,0.001,2180.0,0.003,580.0,125.86,0.01104,-0.01117,0.00129,0.00021,0.00541
185.73,SYN.ETH-8NOV19,1572951541400,open,0.25,0.0,0.203,0.278,0.238738,104.98,None,0.0,ETH-8NOV19-230-P,185.55,0.0,0.0,0.0,0.0,0.0,0.0,0.00526,-0.09603,-0.01795,0.00184,-0.9877
188.81,ETH-27DEC19,1572951541405,open,0.0,11024.0,0.001,0.011,0.001076,105.0,0.005,0.0,ETH-27DEC19-520-C,185.55,112.89,0.002,2000.0,0.004,480.0,123.69,0.01748,-0.01769,0.00215,0.00033,0.0091
9434.15,BTC-27DEC19,1572951541407,open,1.14,3.6,1.079,1.173,1.12340943,95.43,1.729,0.0,BTC-27DEC19-20000-P,9279.66,0.0,0.0005,0.1,0.0,0.0,0.0,2.29525,-2.11112,-28.09389,2e-05,-0.97185
191.61,ETH-27MAR20,1572951541410,open,0.02,1161.0,0.007,0.049,0.024495,95.37,0.037,0.0,ETH-27MAR20-480-C,185.55,93.15,0.022,409.0,0.027,520.0,97.48,0.2215,-0.07392,0.06214,0.00162,0.10735
191.61,ETH-27MAR20,1572951541421,open,0.39,169.0,0.312,0.442,0.379095,83.54,0.4,0.0,ETH-27MAR20-240-P,185.55,70.75,0.348,300.0,0.433,1.0,105.24,0.47143,-0.13782,-0.70984,0.00393,-0.56731
185.73,SYN.ETH-8NOV19,1572951541421,open,0.0,361.0,0.001,0.011,0.000985,99.0,0.001,0.0,ETH-8NOV19-220-C,185.55,0.0,0.0,0.0,0.002,572.0,112.43,0.01117,-0.1829,0.00042,0.00415,0.02985
185.73,SYN.ETH-8NOV19,1572951541426,open,0.19,0.0,0.168,0.217,0.192692,104.98,None,0.0,ETH-8NOV19-150-C,185.55,0.0,0.0,0.0,0.0,0.0,0.0,0.00426,-0.07776,0.01167,0.00149,0.99035
188.81,ETH-27DEC19,1572951541429,open,3.07,1.0,2.908,3.15,3.025253,105.0,3.236,0.0,ETH-27DEC19-760-P,185.55,0.0,0.0,0.0,0.0,0.0,0.0,0.00115,-0.00116,-1.08004,2e-05,-0.99955
193.28,SYN.ETH-26JUN20,1572951541431,open,1.17,0.0,1.059,1.251,1.15508,91.61,None,0.0,ETH-26JUN20-400-P,185.55,0.0,0.0,0.0,0.0,0.0,0.0,0.50768,-0.09943,-2.33963,0.00232,-0.73406
188.81,ETH-27DEC19,1572951541437,open,2.0,0.0,1.88,2.06,1.966554,105.0,0.845,0.0,ETH-27DEC19-560-P,185.55,0.0,0.0,0.0,0.0,0.0,0.0,0.01104,-0.01117,-0.79461,0.00021,-0.99459
193.28,SYN.ETH-26JUN20,1572951541437,open,0.06,0.0,0.026,0.102,0.06207,93.91,None,0.0,ETH-26JUN20-480-C,185.55,92.53,0.059,140.0,0.067,437.0,96.06,0.43584,-0.0875,0.17339,0.00194,0.20208
187.05,SYN.ETH-29NOV19,1572951541451,open,0.0,539.0,0.001,0.012,0.002012,99.01,0.005,0.0,ETH-29NOV19-320-C,185.55,90.05,0.001,427.0,0.003,160.0,105.19,0.02615,-0.05423,0.00258,0.00115,0.02309
185.73,SYN.ETH-8NOV19,1572951541463,open,0.13,246.0,0.112,0.165,0.13899,80.72,0.148,0.0,ETH-8NOV19-160-C,185.55,0.0,0.125,14.0,0.154,14.0,186.9,0.00699,-0.09816,0.01235,0.00319,0.98287
187.05,SYN.ETH-29NOV19,1572951541475,open,0.41,0.0,0.352,0.443,0.396122,81.95,None,0.0,ETH-29NOV19-260-P,185.55,0.0,0.0,0.0,0.0,0.0,0.0,0.06514,-0.1118,-0.1621,0.00347,-0.92871
187.05,SYN.ETH-29NOV19,1572951541475,open,0.46,0.0,0.449,0.482,0.466,104.27,None,0.0,ETH-29NOV19-100-C,185.55,0.0,0.456,21.0,0.475,21.0,166.57,0.00878,-0.01918,0.06454,0.00037,0.99346
188.81,ETH-27DEC19,1572951541480,open,0.19,1368.0,0.159,0.227,0.194943,72.96,0.2,0.0,ETH-27DEC19-160-C,185.55,50.35,0.171,20.0,0.204,380.0,80.74,0.21604,-0.15192,0.15437,0.00584,0.77019
185.73,SYN.ETH-8NOV19,1572951541480,open,0.0,781.0,0.001,0.016,0.003484,68.9,0.006,0.0,ETH-8NOV19-200-C,185.55,59.48,0.002,272.0,0.005,571.0,76.85,0.03279,-0.3928,0.00169,0.01751,0.11904
187.05,SYN.ETH-29NOV19,1572951541480,open,0.01,1266.0,0.001,0.017,0.006122,81.95,0.008,0.0,ETH-29NOV19-260-C,185.55,78.56,0.005,680.0,0.007,160.0,84.39,0.06514,-0.1118,0.00797,0.00347,0.07129
188.81,ETH-27DEC19,1572951541484,open,0.42,946.0,0.351,0.454,0.40207,78.98,0.3,0.0,ETH-27DEC19-260-P,185.55,0.0,0.377,50.0,0.427,10.0,101.4,0.18501,-0.14083,-0.32866,0.00462,-0.8227
188.81,ETH-27DEC19,1572951541487,open,0.08,10696.0,0.052,0.119,0.086552,73.7,0.088,0.0,ETH-27DEC19-200-C,185.55,72.67,0.085,150.0,0.088,456.0,74.67,0.28331,-0.20126,0.10364,0.00759,0.47278
185.73,SYN.ETH-8NOV19,1572951541487,open,0.08,572.0,0.057,0.115,0.087101,72.67,0.09,0.0,ETH-8NOV19-170-C,185.55,63.09,0.086,20.0,0.089,20.0,85.16,0.02453,-0.30998,0.01219,0.01242,0.91989
185.73,SYN.ETH-8NOV19,1572951541487,open,0.03,571.0,0.012,0.067,0.040177,61.07,0.035,0.0,ETH-8NOV19-180-C,185.55,57.03,0.039,20.0,0.043,20.0,70.43,0.05476,-0.58143,0.01006,0.03299,0.72751
193.28,SYN.ETH-26JUN20,1572951541487,open,0.05,41.0,0.022,0.092,0.054243,95.18,0.052,0.0,ETH-26JUN20-520-C,185.55,93.62,0.051,140.0,0.059,439.0,97.41,0.40501,-0.08242,0.1549,0.00178,0.17932
188.81,ETH-27DEC19,1572951541489,open,0.52,310.0,0.448,0.556,0.501194,82.36,0.49,0.0,ETH-27DEC19-280-P,185.55,0.0,0.001,8.0,0.523,10.0,105.02,0.15269,-0.1212,-0.36724,0.00366,-0.86735
191.61,ETH-27MAR20,1572951541489,open,0.08,1613.0,0.045,0.125,0.085556,83.91,0.092,0.0,ETH-27MAR20-280-C,185.55,82.31,0.082,544.0,0.09,100.0,85.87,0.43022,-0.12633,0.17788,0.00357,0.32272
191.61,ETH-27MAR20,1572951541489,open,0.17,1700.0,0.115,0.213,0.166076,81.41,0.172,0.0,ETH-27MAR20-180-P,185.55,76.65,0.155,250.0,0.167,300.0,81.81,0.44538,-0.12689,-0.38928,0.00381,-0.35294
193.28,SYN.ETH-26JUN20,1572951541489,open,0.04,5.0,0.02,0.065,0.041352,84.71,0.061,0.0,ETH-26JUN20-100-P,185.55,82.21,0.038,250.0,0.046,548.0,88.1,0.26141,-0.04734,-0.16881,0.00129,-0.09496
187.05,SYN.ETH-29NOV19,1572951541489,open,0.21,0.0,0.155,0.239,0.197061,72.27,None,0.0,ETH-29NOV19-220-P,185.55,0.0,0.176,50.0,0.0,0.0,0.0,0.1402,-0.21217,-0.12003,0.00848,-0.7839
193.28,SYN.ETH-26JUN20,1572951541489,open,0.52,0.0,0.492,0.552,0.523973,84.71,None,0.0,ETH-26JUN20-100-C,185.55,49.07,0.488,1.0,0.0,0.0,0.0,0.26141,-0.04734,0.47194,0.00129,0.90504
193.28,SYN.ETH-26JUN20,1572951541489,open,0.7,0.0,0.683,0.711,0.696737,87.1,None,0.0,ETH-26JUN20-60-C,185.55,0.0,0.689,1.0,0.0,0.0,0.0,0.0792,-0.01475,0.34913,0.00038,0.97864
193.28,SYN.ETH-26JUN20,1572951541489,open,0.79,0.0,0.691,0.863,0.778577,88.41,None,0.0,ETH-26JUN20-320-P,185.55,0.0,0.0,0.0,0.815,1.0,100.32,0.57881,-0.10941,-1.75689,0.00273,-0.64002
191.61,ETH-27MAR20,1572951541491,open,1.14,3.0,1.045,1.212,1.126522,92.29,1.39,0.0,ETH-27MAR20-400-P,185.55,0.0,0.001,10.0,0.0,0.0,0.0,0.29416,-0.09501,-1.4734,0.00222,-0.83792
191.61,ETH-27MAR20,1572951541503,open,0.02,30.0,0.007,0.035,0.01965,84.48,0.052,0.0,ETH-27MAR20-100-P,185.55,81.14,0.017,320.0,0.023,620.0,88.45,0.15652,-0.04627,-0.06537,0.00129,-0.06751
188.81,ETH-27DEC19,1572951541509,open,0.93,257.0,0.853,0.978,0.91325,94.07,0.995,0.0,ETH-27DEC19-360-P,185.55,0.0,0.01,7.0,0.0,0.0,0.0,0.07371,-0.06683,-0.49993,0.00155,-0.94975
191.61,ETH-27MAR20,1572951541517,open,0.19,1321.0,0.134,0.227,0.184247,81.41,0.185,0.0,ETH-27MAR20-200-C,185.54,78.47,0.177,564.0,0.192,264.0,84.57,0.47135,-0.13429,0.28761,0.00403,0.56771
191.61,ETH-27MAR20,1572951541517,open,0.24,754.0,0.171,0.281,0.228034,81.41,0.27,0.0,ETH-27MAR20-200-P,185.54,76.93,0.217,493.0,0.238,193.0,85.47,0.47135,-0.13429,-0.49527,0.00403,-0.43229
188.81,ETH-27DEC19,1572951541517,open,0.01,1196.0,0.001,0.017,0.006571,94.07,0.007,0.0,ETH-27DEC19-360-C,185.54,89.72,0.005,895.0,0.008,160.0,97.52,0.07371,-0.06683,0.01172,0.00155,0.05025
188.8,ETH-27DEC19,1572951541517,open,2.43,0.0,2.291,2.495,2.389854,89.79,None,0.0,ETH-27DEC19-640-P,185.54,0.0,0.0,0.0,0.0,0.0,0.0,0.00077,-0.00067,-0.90953,2e-05,-0.99971
191.61,ETH-27MAR20,1572951541517,open,0.28,724.0,0.231,0.318,0.278084,81.41,0.277,0.0,ETH-27MAR20-160-C,185.54,77.02,0.269,553.0,0.284,253.0,84.26,0.3974,-0.11322,0.33792,0.0034,0.72862
188.8,ETH-27DEC19,1572951541517,open,0.02,3454.0,0.008,0.046,0.025024,78.98,0.026,0.0,ETH-27DEC19-260-C,185.54,76.89,0.023,794.0,0.027,178.0,80.97,0.18499,-0.14083,0.04086,0.00462,0.17729
188.8,ETH-27DEC19,1572951541517,open,0.05,11490.0,0.019,0.068,0.042355,72.95,0.044,0.0,ETH-27DEC19-160-P,185.54,70.88,0.04,510.0,0.045,128.0,75.24,0.21604,-0.1519,-0.07304,0.00585,-0.22984
191.6,ETH-27MAR20,1572951541517,open,2.18,0.0,2.045,2.258,2.147152,101.61,None,0.0,ETH-27MAR20-600-P,185.54,0.0,0.02,10.0,0.0,0.0,0.0,0.16051,-0.05708,-2.30805,0.0011,-0.93025
191.6,ETH-27MAR20,1572951541517,open,0.05,578.0,0.019,0.079,0.047048,88.54,0.06,0.0,ETH-27MAR20-360-C,185.54,86.15,0.043,556.0,0.052,556.0,91.36,0.32996,-0.10224,0.11056,0.00259,0.19447
186.17,SYN.ETH-15NOV19,1572951541516,open,0.01,229.0,0.001,0.015,0.004392,68.8,0.005,0.0,ETH-15NOV19-160-P,185.54,62.68,0.003,270.0,0.006,250.0,74.83,0.04616,-0.16078,-0.00433,0.00715,-0.08147
185.73,SYN.ETH-8NOV19,1572951541517,open,0.04,334.0,0.009,0.065,0.035253,61.05,0.032,0.0,ETH-8NOV19-190-P,185.54,50.96,0.032,140.0,0.037,20.0,66.34,0.0609,-0.64646,-0.01006,0.0367,-0.65257
191.6,ETH-27MAR20,1572951541518,open,0.15,8.0,0.1,0.192,0.149549,81.42,0.16,0.0,ETH-27MAR20-220-C,185.54,78.79,0.143,269.0,0.156,569.0,84.0,0.47817,-0.13624,0.25786,0.00409,0.49336
187.05,SYN.ETH-29NOV19,1572951541516,open,0.0,1027.0,0.001,0.011,0.001965,90.65,0.003,0.0,ETH-29NOV19-120-P,185.54,81.61,0.001,1180.0,0.003,211.0,97.62,0.02429,-0.0461,-0.00283,0.00117,-0.02115
188.8,ETH-27DEC19,1572951541519,open,0.15,3393.0,0.103,0.187,0.145818,73.68,0.15,0.0,ETH-27DEC19-200-P,185.54,69.8,0.14,295.0,0.148,96.0,75.13,0.28329,-0.20118,-0.18063,0.00759,-0.52734
188.8,ETH-27DEC19,1572951541519,open,0.01,1518.0,0.001,0.025,0.01097,89.45,0.011,0.0,ETH-27DEC19-320-C,185.54,87.7,0.01,5.0,0.012,160.0,91.22,0.10716,-0.09239,0.01889,0.00236,0.08135
188.8,ETH-27DEC19,1572951541519,open,0.01,10138.0,0.001,0.016,0.005527,102.65,0.005,0.0,ETH-27DEC19-400-C,185.54,100.99,0.005,10.0,0.006,160.0,104.06,0.06178,-0.06113,0.00935,0.00119,0.04036
193.28,SYN.ETH-26JUN20,1572951541517,open,0.23,124.0,0.162,0.275,0.221105,83.95,0.23,0.0,ETH-26JUN20-180-P,185.54,80.81,0.212,210.0,0.225,451.0,85.3,0.5598,-0.10047,-0.68161,0.00279,-0.32926
191.6,ETH-27MAR20,1572951541520,open,0.04,1051.0,0.014,0.069,0.038948,92.3,0.051,0.0,ETH-27MAR20-400-C,185.54,88.98,0.034,260.0,0.042,300.0,94.25,0.29414,-0.095,0.09235,0.00222,0.16208
191.6,ETH-27MAR20,1572951541520,open,0.01,363.0,0.003,0.032,0.01362,103.21,0.021,0.0,ETH-27MAR20-640-C,185.54,100.99,0.012,45.0,0.016,220.0,106.2,0.14499,-0.05237,0.03567,0.00098,0.06118
193.28,SYN.ETH-26JUN20,1572951541517,open,0.6,0.0,0.584,0.628,0.606881,86.75,None,0.0,ETH-26JUN20-80-C,185.54,48.0,0.587,1.0,0.0,0.0,0.0,0.16685,-0.03095,0.42137,0.0008,0.94711
193.28,SYN.ETH-26JUN20,1572951541519,open,0.15,311.0,0.098,0.205,0.154923,87.69,0.163,0.0,ETH-26JUN20-280-C,185.54,86.12,0.15,10.0,0.16,459.0,89.3,0.60763,-0.11392,0.34035,0.00289,0.42974
185.73,SYN.ETH-8NOV19,1572951541517,open,0.3,0.0,0.255,0.332,0.292288,105.0,None,0.0,ETH-8NOV19-240-P,185.54,0.0,0.0,0.0,0.0,0.0,0.0,0.0017,-0.03104,-0.01886,0.0006,-0.99657
193.28,SYN.ETH-26JUN20,1572951541517,open,0.12,236.0,0.071,0.172,0.122965,88.41,0.123,0.0,ETH-26JUN20-320-C,185.54,86.75,0.118,464.0,0.129,464.0,90.42,0.57881,-0.10941,0.29353,0.00273,0.35998
186.17,SYN.ETH-15NOV19,1572951541517,open,0.25,0.0,0.2,0.279,0.238365,77.92,None,0.0,ETH-15NOV19-230-P,185.54,0.0,0.0,0.0,0.0,0.0,0.0,0.03477,-0.13717,-0.05954,0.00476,-0.94356
186.17,SYN.ETH-15NOV19,1572951541516,open,0.01,211.0,0.001,0.023,0.008545,68.06,0.008,0.0,ETH-15NOV19-210-C,185.54,63.94,0.007,160.0,0.01,529.0,71.68,0.07262,-0.25022,0.00732,0.01138,0.15387
193.28,SYN.ETH-26JUN20,1572951541519,open,0.29,1.0,0.219,0.346,0.285419,83.95,0.294,0.0,ETH-26JUN20-200-P,185.54,80.89,0.276,210.0,0.291,402.0,85.77,0.59264,-0.10637,-0.83371,0.00295,-0.38776
185.73,SYN.ETH-8NOV19,1572951541516,open,0.29,0.0,0.279,0.32,0.300063,105.04,None,0.0,ETH-8NOV19-130-C,185.54,0.0,0.0,0.0,0.0,0.0,0.0,4e-05,-0.00066,0.01024,1e-05,0.99995
186.17,SYN.ETH-15NOV19,1572951541516,open,0.1,160.0,0.056,0.126,0.090933,65.03,0.08,0.0,ETH-15NOV19-200-P,185.54,55.59,0.086,40.0,0.093,40.0,68.79,0.10103,-0.33261,-0.04141,0.01657,-0.73119
185.73,SYN.ETH-8NOV19,1572951541517,open,0.0,1704.0,0.001,0.011,0.0,105.0,0.001,0.0,ETH-8NOV19-120-P,185.54,0.0,0.0,0.0,0.001,69.0,231.82,0.0,0.0,0.0,0.0,0.0
186.17,SYN.ETH-15NOV19,1572951541516,open,0.09,40.0,0.066,0.125,0.097311,63.2,0.1,0.0,ETH-15NOV19-170-C,185.54,57.59,0.095,60.0,0.101,20.0,71.46,0.07957,-0.25462,0.03654,0.01343,0.82278
186.17,SYN.ETH-15NOV19,1572951541516,open,0.19,0.0,0.17,0.221,0.196267,76.5,None,0.0,ETH-15NOV19-150-C,185.54,0.0,0.0,0.0,0.0,0.0,0.0,0.02507,-0.0971,0.03859,0.00349,0.96244
186.17,SYN.ETH-15NOV19,1572951541516,open,0.0,600.0,0.001,0.011,0.001455,91.42,0.001,0.0,ETH-15NOV19-140-P,185.54,86.01,0.001,300.0,0.002,224.0,96.66,0.01752,-0.08111,-0.0013,0.00204,-0.02438
186.17,SYN.ETH-15NOV19,1572951541516,open,0.0,92.0,0.001,0.012,0.002939,77.92,0.002,0.0,ETH-15NOV19-230-C,185.54,72.35,0.002,220.0,0.004,254.0,83.13,0.03477,-0.13717,0.00269,0.00476,0.05644
186.17,SYN.ETH-15NOV19,1572951541516,open,0.24,0.0,0.225,0.273,0.249457,91.42,None,0.0,ETH-15NOV19-140-C,185.54,0.0,0.0,0.0,0.0,0.0,0.0,0.01753,-0.08111,0.03658,0.00204,0.97562
186.17,SYN.ETH-15NOV19,1572951541516,open,0.05,370.0,0.029,0.086,0.058603,61.79,0.069,0.0,ETH-15NOV19-180-C,185.54,57.51,0.056,145.0,0.062,248.0,67.34,0.11355,-0.35526,0.02974,0.0196,0.64893
186.17,SYN.ETH-15NOV19,1572951541516,open,0.2,0.0,0.149,0.226,0.186538,72.8,None,0.0,ETH-15NOV19-220-P,185.54,0.0,0.0,0.0,0.0,0.0,0.0,0.05015,-0.18483,-0.05518,0.00735,-0.90898
186.17,SYN.ETH-15NOV19,1572951541516,open,0.03,350.0,0.01,0.056,0.031482,61.79,0.027,0.0,ETH-15NOV19-190-C,185.54,57.96,0.029,120.0,0.034,281.0,65.67,0.12081,-0.37796,0.02061,0.02085,0.44058
185.73,SYN.ETH-8NOV19,1572951541517,open,0.0,564.0,0.001,0.013,0.002405,72.67,0.003,0.0,ETH-8NOV19-170-P,185.54,69.47,0.002,201.0,0.003,200.0,76.94,0.02453,-0.30997,-0.00121,0.01242,-0.08011
186.17,SYN.ETH-15NOV19,1572951541516,open,0.01,261.0,0.003,0.036,0.01665,65.03,0.021,0.0,ETH-15NOV19-200-C,185.54,60.05,0.014,160.0,0.018,305.0,67.49,0.10103,-0.33261,0.0127,0.01657,0.26881
186.17,SYN.ETH-15NOV19,1572951541517,open,0.06,274.0,0.023,0.083,0.052051,61.79,0.058,0.0,ETH-15NOV19-190-P,185.54,55.54,0.048,140.0,0.055,165.0,66.33,0.12081,-0.37796,-0.0308,0.02085,-0.55942
185.73,SYN.ETH-8NOV19,1572951541519,open,0.0,355.0,0.001,0.011,0.000386,104.98,0.001,0.0,ETH-8NOV19-230-C,185.54,0.0,0.0,0.0,0.001,122.0,120.26,0.00526,-0.07167,0.00017,0.00184,0.0123
186.17,SYN.ETH-15NOV19,1572951541516,open,0.0,257.0,0.001,0.011,0.001979,76.5,0.002,0.0,ETH-15NOV19-150-P,185.54,67.76,0.001,220.0,0.003,251.0,83.21,0.02507,-0.0971,-0.00199,0.00349,-0.03756
186.17,SYN.ETH-15NOV19,1572951541516,open,0.01,154.0,0.001,0.027,0.010452,63.2,0.01,0.0,ETH-15NOV19-170-P,185.54,59.73,0.009,230.0,0.012,210.0,66.75,0.07957,-0.25462,-0.00945,0.01343,-0.17722
186.17,SYN.ETH-15NOV19,1572951541516,open,0.15,0.0,0.1,0.174,0.136543,68.06,None,0.0,ETH-15NOV19-210-P,185.54,21.1,0.128,50.0,0.0,0.0,0.0,0.07262,-0.25022,-0.0495,0.01138,-0.84613
186.17,SYN.ETH-15NOV19,1572951541517,open,0.14,0.0,0.116,0.172,0.144966,68.8,None,0.0,ETH-15NOV19-160-C,185.54,43.77,0.141,50.0,0.0,0.0,0.0,0.04616,-0.16078,0.03897,0.00715,0.91853
186.17,SYN.ETH-15NOV19,1572951541516,open,0.03,265.0,0.007,0.05,0.025458,61.79,0.028,0.0,ETH-15NOV19-180-P,185.54,56.09,0.022,180.0,0.028,430.0,65.95,0.11355,-0.35526,-0.01897,0.0196,-0.35107
188.8,ETH-27DEC19,1572951541530,open,0.52,310.0,0.449,0.556,0.501194,82.27,0.49,0.0,ETH-27DEC19-280-P,185.54,0.0,0.001,8.0,0.524,10.0,105.86,0.15239,-0.12083,-0.36732,0.00366,-0.86772
186.17,SYN.ETH-15NOV19,1572951541539,open,0.15,0.0,0.1,0.174,0.136543,68.06,None,0.0,ETH-15NOV19-210-P,185.54,0.0,0.127,50.0,0.0,0.0,0.0,0.07262,-0.25022,-0.0495,0.01138,-0.84613
191.6,ETH-27MAR20,1572951541540,open,0.56,158.0,0.476,0.616,0.546857,83.88,0.62,0.0,ETH-27MAR20-280-P,185.54,78.97,0.536,42.0,0.573,1.0,95.22,0.43011,-0.12625,-0.91822,0.00357,-0.67744
9288.22,SYN.BTC-8NOV19,1572951541630,open,0.02,161.3,0.003,0.04,0.01816468,57.04,0.017,0.0,BTC-8NOV19-9250-P,9279.66,52.31,0.0165,20.2,0.018,0.2,56.57,3.27034,-32.43546,-0.34808,0.00084,-0.45749
9434.14,BTC-27DEC19,1572951541682,open,0.02,320.9,0.0055,0.0325,0.0165512,72.83,0.016,0.0,BTC-27DEC19-7000-P,9279.66,71.33,0.0155,8.0,0.0175,36.0,74.15,6.70689,-4.70796,-1.70273,7e-05,-0.11044
9599.65,BTC-27MAR20,1572951541711,open,0.1,325.5,0.059,0.131,0.09473629,72.86,0.091,0.0,BTC-27MAR20-8000-P,9279.66,70.79,0.0905,30.5,0.097,31.0,73.97,19.675,-5.01696,-13.52038,7e-05,-0.26507
9434.14,BTC-27DEC19,1572951541836,open,4.54,0.8,4.404,4.624,4.51187331,0.0,3.59,0.0,BTC-27DEC19-52000-P,9279.66,0.0,0.001,1.0,0.0,0.0,0.0,0.0,0.0,-73.9051,0.0,-1.0
9350.76,SYN.BTC-29NOV19,1572951541836,open,0.03,372.2,0.011,0.048,0.02708072,64.07,0.024,0.0,BTC-29NOV19-8500-P,9279.66,62.75,0.026,0.2,0.028,12.8,65.19,7.65312,-10.26915,-1.71518,0.00021,-0.25333
9683.42,SYN.BTC-26JUN20,1572951541940,open,0.03,4.3,0.0115,0.0675,0.03431876,88.79,0.039,0.0,BTC-26JUN20-28000-C,9279.66,86.76,0.031,29.0,0.037,15.0,90.37,16.17415,-3.07031,5.77886,3e-05,0.12746
9434.14,BTC-27DEC19,1572951541981,open,0.0,255.7,0.0005,0.0105,2e-08,100.0,0.001,0.0,BTC-27DEC19-1500-P,9279.66,0.0,0.0,0.0,0.0005,18.9,192.76,4e-05,-4e-05,0.0,0.0,0.0
9434.14,BTC-27DEC19,1572951542045,open,3.69,0.0,3.5725,3.759,3.66389628,0.0,3.46,0.0,BTC-27DEC19-44000-P,9279.66,0.0,0.001,1.0,0.0,0.0,0.0,0.0,0.0,-62.53508,0.0,-1.0
9288.22,SYN.BTC-8NOV19,1572951542073,open,0.14,2.0,0.1085,0.159,0.13236843,86.46,0.104,0.0,BTC-8NOV19-10500-P,9279.66,0.0,0.112,4.0,0.146,4.0,157.49,0.97483,-14.65434,-0.78516,0.00017,-0.94057
9288.22,SYN.BTC-8NOV19,1572951542073,open,0.17,0.6,0.135,0.186,0.1588801,94.68,0.1265,0.0,BTC-8NOV19-10750-P,9279.66,0.0,0.0,0.0,0.0,0.0,0.0,0.77903,-12.82385,-0.81525,0.00012,-0.95517
9350.76,SYN.BTC-29NOV19,1572951542075,open,0.15,5.0,0.1175,0.1805,0.14890799,65.91,0.15,0.0,BTC-29NOV19-10500-P,9279.66,0.0,0.119,6.0,0.178,6.0,97.62,7.95287,-10.97642,-5.35686,0.00021,-0.72688
9350.76,SYN.BTC-29NOV19,1572951542075,open,0.3,0.0,0.2615,0.3255,0.29234948,73.31,None,0.0,BTC-29NOV19-12000-P,9279.66,0.0,0.2665,4.0,0.3155,4.0,109.46,4.4407,-6.81715,-7.24364,0.00011,-0.89191
9434.14,BTC-27DEC19,1572951542077,open,0.84,12.1,0.8315,0.851,0.84100368,118.08,0.8415,0.0,BTC-27DEC19-1500-C,9279.66,0.0,0.833,1.0,0.8495,1.0,298.05,0.00109,-0.00124,2.13178,0.0,0.99999
9599.64,BTC-27MAR20,1572951542083,open,1.12,5.2,1.0535,1.175,1.11112853,84.28,1.108,0.0,BTC-27MAR20-20000-P,9279.66,0.0,0.0,0.0,0.0,0.0,0.0,12.67778,-3.73929,-74.45995,4e-05,-0.87041
9683.42,SYN.BTC-26JUN20,1572951542083,open,0.04,9.6,0.017,0.0825,0.04543221,85.95,0.045,0.0,BTC-26JUN20-24000-C,9279.66,84.45,0.0425,14.0,0.049,15.0,87.72,19.22115,-3.532,7.40228,4e-05,0.16473
9288.22,SYN.BTC-8NOV19,1572951542083,open,0.0,381.7,0.0005,0.0105,0.00053591,100.0,0.001,0.0,BTC-8NOV19-11250-C,9279.66,99.03,0.0005,45.9,0.0015,1.0,117.65,0.35174,-4.97765,0.01222,5e-05,0.01724
9288.22,SYN.BTC-8NOV19,1572951542132,open,0.3,0.0,0.267,0.319,0.29201549,99.95,None,0.0,BTC-8NOV19-12000-P,9279.66,0.0,0.0,0.0,0.0,0.0,0.0,0.05779,-1.00433,-0.94384,1e-05,-0.99777
9599.64,BTC-27MAR20,1572951542141,open,0.0,609.0,0.0005,0.0155,0.00474949,100.0,0.0055,0.0,BTC-27MAR20-40000-C,9279.66,100.68,0.005,17.0,0.006,15.0,103.21,3.45367,-1.20863,0.74293,1e-05,0.02452
9350.76,SYN.BTC-29NOV19,1572951542236,open,0.25,7.4,0.2375,0.2755,0.25634041,75.7,0.25,0.0,BTC-29NOV19-7000-C,9279.66,0.0,0.2415,7.0,0.273,7.0,114.84,2.68527,-4.25684,4.20827,6e-05,0.94435
9434.14,BTC-27DEC19,1572951542243,open,0.79,0.0,0.7785,0.798,0.78800562,104.33,None,0.0,BTC-27DEC19-2000-C,9279.66,0.0,0.78,1.0,0.7965,1.0,251.03,0.00269,-0.0027,2.84225,0.0,0.99998
9288.22,SYN.BTC-8NOV19,1572951542271,open,0.22,0.0,0.1875,0.239,0.21174671,99.99,None,0.0,BTC-8NOV19-11250-P,9279.66,0.0,0.0,0.0,0.0,0.0,0.0,0.35161,-6.11298,-0.87413,5e-05,-0.98277
9288.22,SYN.BTC-8NOV19,1572951542294,open,0.0,88.9,0.0005,0.0105,3e-06,100.0,0.0025,0.0,BTC-8NOV19-6750-P,9279.66,0.0,0.0,0.0,0.001,17.0,175.9,0.00436,-0.02789,-0.0001,0.0,-0.00014
9434.09,BTC-27DEC19,1572951542398,open,0.03,922.0,0.013,0.057,0.03314619,73.57,0.0345,0.0,BTC-27DEC19-12000-C,9279.61,72.13,0.0315,0.1,0.0345,54.2,74.74,10.88033,-7.71544,2.68096,0.00012,0.2331
9309.07,SYN.BTC-15NOV19,1572951542391,open,0.09,16.0,0.0735,0.1195,0.09689241,62.12,0.0935,0.0,BTC-15NOV19-8500-C,9279.61,59.97,0.096,4.0,0.0985,1.0,65.85,3.92358,-12.33913,1.83804,0.00027,0.82664
9350.76,SYN.BTC-29NOV19,1572951542392,open,0.01,981.3,0.0005,0.0145,0.00494091,75.69,0.004,0.0,BTC-29NOV19-7000-P,9279.61,72.24,0.004,51.0,0.006,16.0,79.2,2.68487,-4.25592,-0.37056,6e-05,-0.05564
9288.22,SYN.BTC-8NOV19,1572951542394,open,0.01,494.8,0.001,0.0295,0.01181505,59.49,0.012,0.0,BTC-8NOV19-9500-C,9279.61,56.99,0.011,16.0,0.013,3.8,63.1,3.03549,-31.39729,0.24336,0.00075,0.34438
9683.42,SYN.BTC-26JUN20,1572951542391,open,0.14,152.9,0.0935,0.1805,0.13736976,74.39,0.1225,0.0,BTC-26JUN20-8000-P,9279.61,71.22,0.129,13.5,0.1375,10.0,74.44,25.54064,-4.06202,-25.16074,6e-05,-0.26814
9309.07,SYN.BTC-15NOV19,1572951542391,open,0.12,0.0,0.084,0.139,0.11130905,62.76,None,0.0,BTC-15NOV19-10250-P,9279.61,52.2,0.107,4.0,0.112,4.0,64.29,4.14339,-13.16509,-2.32275,0.00028,-0.81088
9288.17,SYN.BTC-8NOV19,1572951543401,open,0.0,127.1,0.0005,0.0115,0.00150081,94.68,0.002,0.0,BTC-8NOV19-10750-C,9279.66,88.0,0.001,47.5,0.0015,1.0,94.67,0.77907,-12.82526,0.03171,0.00012,0.04483
9350.71,SYN.BTC-29NOV19,1572951543447,open,0.11,60.1,0.078,0.139,0.10819237,64.41,0.1055,0.0,BTC-29NOV19-10000-P,9279.66,62.14,0.106,1.0,0.109,16.6,65.24,9.04959,-12.2068,-4.4997,0.00025,-0.62747
191.6,ETH-27MAR20,1572951543870,open,0.41,40.0,0.379,0.443,0.412692,81.95,0.459,0.0,ETH-27MAR20-120-C,185.54,58.1,0.387,23.0,0.432,23.0,96.41,0.24149,-0.06926,0.34956,0.00205,0.87879
188.8,ETH-27DEC19,1572951543886,open,0.04,6089.0,0.015,0.062,0.03686,76.63,0.038,0.0,ETH-27DEC19-240-C,185.54,75.06,0.035,658.0,0.039,178.0,78.42,0.2244,-0.16575,0.05621,0.00578,0.24632
187.04,SYN.ETH-29NOV19,1572951543886,open,0.01,2061.0,0.001,0.025,0.010922,77.09,0.014,0.0,ETH-29NOV19-240-C,185.54,75.27,0.01,270.0,0.012,160.0,79.13,0.09671,-0.15612,0.01357,0.00548,0.12181
193.27,SYN.ETH-26JUN20,1572951543886,open,0.05,45.0,0.018,0.083,0.046973,95.92,0.045,0.0,ETH-26JUN20-560-C,185.54,93.83,0.043,460.0,0.052,143.0,98.46,0.37375,-0.07665,0.13783,0.00163,0.15827
185.72,SYN.ETH-8NOV19,1572951543886,open,0.01,630.0,0.001,0.029,0.009322,61.01,0.017,0.0,ETH-8NOV19-180-P,185.54,52.94,0.007,517.0,0.011,180.0,66.63,0.05477,-0.58108,-0.00413,0.03303,-0.27266
188.8,ETH-27DEC19,1572951543888,open,0.0,15674.0,0.001,0.011,0.000203,105.0,0.001,0.0,ETH-27DEC19-640-C,185.54,121.76,0.001,1520.0,0.002,520.0,131.49,0.00441,-0.00446,0.00047,8e-05,0.00195
188.8,ETH-27DEC19,1572951543888,open,0.0,4534.0,0.001,0.011,4.2e-05,105.0,0.002,0.0,ETH-27DEC19-760-C,185.54,0.0,0.0,0.0,0.002,369.0,146.4,0.00115,-0.00116,0.00011,2e-05,0.00045
188.8,ETH-27DEC19,1572951543891,open,0.02,2787.0,0.007,0.037,0.019478,76.94,0.02,0.0,ETH-27DEC19-140-P,185.54,74.95,0.018,360.0,0.021,210.0,78.93,0.14221,-0.10546,-0.03737,0.00365,-0.11979
191.6,ETH-27MAR20,1572951543891,open,1.55,0.0,1.442,1.624,1.52971,95.37,None,0.0,ETH-27MAR20-480-P,185.54,0.0,0.003,10.0,0.0,0.0,0.0,0.22146,-0.07391,-1.81678,0.00162,-0.89267
191.6,ETH-27MAR20,1572951543891,open,0.12,1227.0,0.079,0.169,0.126534,83.54,0.135,0.0,ETH-27MAR20-240-C,185.54,80.87,0.12,300.0,0.133,275.0,86.16,0.4714,-0.13781,0.22959,0.00393,0.43265
185.72,SYN.ETH-8NOV19,1572951543891,open,0.0,255.0,0.001,0.011,0.000453,80.7,0.001,0.0,ETH-8NOV19-160-P,185.54,0.0,0.0,0.0,0.001,234.0,91.78,0.007,-0.08408,-0.00026,0.00319,-0.01713
191.6,ETH-27MAR20,1572951543893,open,0.02,5415.0,0.004,0.035,0.015789,101.81,0.012,0.0,ETH-27MAR20-600-C,185.54,98.31,0.013,220.0,0.019,520.0,105.42,0.16145,-0.05752,0.04087,0.0011,0.07028
187.04,SYN.ETH-29NOV19,1572951543896,open,0.0,448.0,0.001,0.014,0.004014,88.12,0.008,0.0,ETH-29NOV19-280-C,185.54,83.71,0.003,680.0,0.005,210.0,91.81,0.04672,-0.08622,0.00522,0.00232,0.04671
188.8,ETH-27DEC19,1572951543898,open,0.13,1176.0,0.093,0.163,0.130407,72.03,0.133,0.0,ETH-27DEC19-180-C,185.54,70.35,0.128,288.0,0.134,436.0,74.54,0.2705,-0.1878,0.13199,0.00741,0.62231
191.6,ETH-27MAR20,1572951543898,open,0.12,4523.0,0.071,0.153,0.113133,81.41,0.105,0.0,ETH-27MAR20-160-P,185.54,77.0,0.104,568.0,0.117,268.0,83.28,0.3974,-0.11322,-0.28841,0.0034,-0.27142
188.8,ETH-27DEC19,1572951543900,open,0.23,2728.0,0.174,0.269,0.222297,75.52,0.274,0.0,ETH-27DEC19-220-P,185.54,45.41,0.184,14.0,0.25,14.0,94.91,0.26267,-0.1912,-0.235,0.00687,-0.6535
187.04,SYN.ETH-29NOV19,1572951543900,open,0.73,0.0,0.662,0.768,0.712781,98.36,None,0.0,ETH-29NOV19-320-P,185.54,0.0,0.0,0.0,0.0,0.0,0.0,0.02537,-0.05225,-0.20683,0.00113,-0.97773
187.04,SYN.ETH-29NOV19,1572951543903,open,0.35,0.0,0.34,0.381,0.360427,90.9,None,0.0,ETH-29NOV19-120-C,185.54,0.0,0.358,50.0,0.373,19.0,139.75,0.02454,-0.04672,0.07563,0.00118,0.97858
191.6,ETH-27MAR20,1572951543905,open,0.59,19.0,0.573,0.608,0.590868,88.22,0.542,0.0,ETH-27MAR20-80-C,185.54,0.0,0.582,1.0,0.0,0.0,0.0,0.08507,-0.02627,0.28317,0.00067,0.96843
188.8,ETH-27DEC19,1572951543905,open,0.83,0.0,0.751,0.871,0.809007,91.28,None,0.0,ETH-27DEC19-340-P,185.54,0.0,0.001,5.0,0.0,0.0,0.0,0.08709,-0.07662,-0.46875,0.00188,-0.93791
191.6,ETH-27MAR20,1572951543905,open,0.06,684.0,0.029,0.099,0.063254,86.7,0.073,0.0,ETH-27MAR20-320-C,185.54,85.05,0.06,260.0,0.068,551.0,89.06,0.38098,-0.11559,0.1401,0.00306,0.25005
185.72,SYN.ETH-8NOV19,1572951543905,open,0.0,229.0,0.001,0.011,9.5e-05,105.02,0.001,0.0,ETH-8NOV19-240-C,185.54,0.0,0.0,0.0,0.001,321.0,139.81,0.0017,-0.01765,5e-05,0.0006,0.00343
193.27,SYN.ETH-26JUN20,1572951543905,open,0.07,10.0,0.032,0.114,0.071629,92.47,0.041,0.0,ETH-26JUN20-440-C,185.54,91.38,0.069,140.0,0.076,4.0,94.25,0.4689,-0.0927,0.19519,0.00212,0.22924
188.8,ETH-27DEC19,1572951543909,open,0.72,101.0,0.65,0.766,0.705882,89.44,0.513,0.0,ETH-27DEC19-320-P,185.54,0.0,0.006,5.0,0.0,0.0,0.0,0.10714,-0.09237,-0.43592,0.00236,-0.91867
193.27,SYN.ETH-26JUN20,1572951543909,open,2.38,0.0,2.23,2.474,2.347394,97.25,None,0.0,ETH-26JUN20-640-P,185.54,0.0,0.0,0.0,0.0,0.0,0.0,0.319,-0.06632,-3.99025,0.00137,-0.8747
185.72,SYN.ETH-8NOV19,1572951543909,open,0.0,1255.0,0.001,0.011,1e-06,104.98,0.001,0.0,ETH-8NOV19-130-P,185.54,0.0,0.0,0.0,0.001,123.0,193.86,4e-05,-0.00022,0.0,1e-05,-5e-05
193.27,SYN.ETH-26JUN20,1572951543912,open,1.97,0.0,1.834,2.061,1.944294,95.84,None,0.0,ETH-26JUN20-560-P,185.54,0.0,0.0,0.0,0.0,0.0,0.0,0.37321,-0.07647,-3.45065,0.00163,-0.84208
185.72,SYN.ETH-8NOV19,1572951543917,open,0.36,0.0,0.307,0.388,0.346056,0.0,None,0.0,ETH-8NOV19-250-P,185.54,0.0,0.01,15.0,0.0,0.0,0.0,0.0,0.0,-0.0197,0.0,-1.0
188.8,ETH-27DEC19,1572951543939,open,0.0,4077.0,0.001,0.013,0.00393,95.05,0.006,0.0,ETH-27DEC19-100-P,185.54,90.56,0.003,520.0,0.005,230.0,99.51,0.0422,-0.03866,-0.00788,0.00088,-0.02543
187.04,SYN.ETH-29NOV19,1572951543939,open,0.04,2102.0,0.019,0.07,0.043182,68.91,0.042,0.0,ETH-29NOV19-200-C,185.54,65.65,0.04,599.0,0.046,388.0,71.79,0.18288,-0.26392,0.04184,0.0116,0.38515
188.8,ETH-27DEC19,1572951543984,open,1.04,0.0,0.956,1.086,1.01832,97.39,None,0.0,ETH-27DEC19-380-P,185.54,0.0,0.001,5.0,0.0,0.0,0.0,0.06452,-0.06056,-0.53016,0.00131,-0.95742
191.6,ETH-27MAR20,1572951544007,open,0.49,0.0,0.472,0.522,0.497734,84.48,None,0.0,ETH-27MAR20-100-C,185.54,51.74,0.48,24.0,0.513,24.0,101.07,0.15654,-0.04628,0.32606,0.00129,0.93248
193.27,SYN.ETH-26JUN20,1572951544009,open,1.57,0.0,1.443,1.652,1.545489,93.85,None,0.0,ETH-26JUN20-480-P,185.54,0.0,0.0,0.0,0.0,0.0,0.0,0.43546,-0.08738,-2.90242,0.00194,-0.7982
193.27,SYN.ETH-26JUN20,1572951544026,open,0.29,25.0,0.233,0.337,0.289824,83.96,0.295,0.0,ETH-26JUN20-180-C,185.54,84.02,0.29,1.0,0.298,473.0,86.79,0.55979,-0.10048,0.4717,0.00279,0.67072
193.27,SYN.ETH-26JUN20,1572951544026,open,0.38,50.0,0.341,0.429,0.389121,83.96,0.325,0.0,ETH-26JUN20-140-C,185.54,74.66,0.368,210.0,0.402,210.0,89.57,0.44248,-0.07943,0.49979,0.0022,0.7927
193.27,SYN.ETH-26JUN20,1572951544031,open,1.77,0.0,1.638,1.856,1.744613,95.12,None,0.0,ETH-26JUN20-520-P,185.54,0.0,0.0,0.0,0.0,0.0,0.0,0.40454,-0.08227,-3.17725,0.00178,-0.821
188.8,ETH-27DEC19,1572951544042,open,0.05,6758.0,0.028,0.086,0.057042,75.52,0.053,0.0,ETH-27DEC19-220-C,185.54,74.77,0.056,7.0,0.058,178.0,76.21,0.26267,-0.1912,0.07767,0.00687,0.3465
187.04,SYN.ETH-29NOV19,1572951544044,open,0.16,100.0,0.13,0.191,0.161647,69.42,0.173,0.0,ETH-29NOV19-160-C,185.54,63.5,0.158,320.0,0.184,18.0,100.49,0.11942,-0.1736,0.08221,0.00752,0.83356
185.72,SYN.ETH-8NOV19,1572951544044,open,0.01,1136.0,0.001,0.033,0.012266,61.11,0.015,0.0,ETH-8NOV19-190-C,185.54,54.12,0.01,220.0,0.014,20.0,66.36,0.06088,-0.64684,0.0049,0.03666,0.34721
191.6,ETH-27MAR20,1572951544046,open,0.01,830.0,0.001,0.018,0.008404,88.22,0.012,0.0,ETH-27MAR20-80-P,185.54,84.91,0.007,320.0,0.01,320.0,91.66,0.08507,-0.02627,-0.02998,0.00067,-0.03157
188.8,ETH-27DEC19,1572951544046,open,1.15,16.0,1.059,1.196,1.124169,102.65,1.195,0.0,ETH-27DEC19-400-P,185.54,0.0,0.001,8.0,0.0,0.0,0.0,0.06177,-0.06111,-0.55916,0.00119,-0.95965
187.04,SYN.ETH-29NOV19,1572951544048,open,0.0,2535.0,0.001,0.011,0.000615,104.27,0.001,0.0,ETH-29NOV19-100-P,185.54,0.0,0.0,0.0,0.002,482.0,123.15,0.00878,-0.01918,-0.00088,0.00037,-0.00654
191.6,ETH-27MAR20,1572951544051,open,0.31,0.0,0.235,0.356,0.297756,81.41,None,0.0,ETH-27MAR20-220-P,185.54,65.84,0.259,15.0,0.311,300.0,86.72,0.47817,-0.13623,-0.60331,0.00409,-0.50665
193.27,SYN.ETH-26JUN20,1572951544051,open,0.36,0.0,0.284,0.421,0.355442,83.94,None,0.0,ETH-26JUN20-220-P,185.54,0.0,0.138,50.0,0.406,1.0,100.07,0.6109,-0.10963,-0.98888,0.00304,-0.44308
193.27,SYN.ETH-26JUN20,1572951544051,open,0.21,151.0,0.158,0.267,0.217209,83.96,0.22,0.0,ETH-26JUN20-220-C,185.54,83.26,0.215,449.0,0.228,449.0,87.38,0.61089,-0.10965,0.42076,0.00304,0.55697
187.04,SYN.ETH-29NOV19,1572951544056,open,0.52,0.0,0.455,0.551,0.500937,87.79,None,0.0,ETH-29NOV19-280-P,185.54,0.0,0.0,0.0,0.0,0.0,0.0,0.04618,-0.0849,-0.17801,0.0023,-0.95397
185.72,SYN.ETH-8NOV19,1572951544056,open,0.14,120.0,0.098,0.169,0.13256,85.86,0.104,0.0,ETH-8NOV19-210-P,185.54,0.0,0.0,0.0,0.0,0.0,0.0,0.01906,-0.2845,-0.01573,0.00817,-0.94225
188.8,ETH-27DEC19,1572951544061,open,1.57,21.0,1.469,1.626,1.544293,105.0,0.629,0.0,ETH-27DEC19-480-P,185.54,0.0,0.001,7.0,0.0,0.0,0.0,0.02759,-0.02792,-0.67858,0.00052,-0.98459
185.72,SYN.ETH-8NOV19,1572951544061,open,0.0,219.0,0.001,0.011,2.1e-05,105.02,0.001,0.0,ETH-8NOV19-250-C,185.54,0.0,0.0,0.0,0.001,320.0,158.1,0.00047,-0.00388,1e-05,0.00017,0.00084
188.8,ETH-27DEC19,1572951544064,open,0.27,19.0,0.247,0.306,0.277953,76.94,0.205,0.0,ETH-27DEC19-140-C,185.54,49.0,0.262,1.0,0.0,0.0,0.0,0.14221,-0.10546,0.1616,0.00365,0.88021
188.8,ETH-27DEC19,1572951544064,open,0.0,5658.0,0.001,0.011,0.001921,105.0,0.003,0.0,ETH-27DEC19-480-C,185.54,111.3,0.003,990.0,0.004,180.0,115.88,0.02759,-0.02792,0.00362,0.00052,0.01541
193.27,SYN.ETH-26JUN20,1572951544064,open,0.19,236.0,0.132,0.241,0.190873,84.66,0.2,0.0,ETH-26JUN20-240-C,185.54,84.08,0.189,453.0,0.201,453.0,87.84,0.61708,-0.11169,0.39237,0.00305,0.50771
193.27,SYN.ETH-26JUN20,1572951544069,open,0.04,55.0,0.012,0.068,0.03617,97.35,0.037,0.0,ETH-26JUN20-640-C,185.54,96.02,0.034,460.0,0.038,10.0,98.45,0.31976,-0.06655,0.1109,0.00137,0.12572
187.04,SYN.ETH-29NOV19,1572951544087,open,0.31,0.0,0.251,0.339,0.293999,76.95,None,0.0,ETH-29NOV19-240-P,185.54,0.0,0.0,0.0,0.0,0.0,0.0,0.09644,-0.15543,-0.14347,0.00548,-0.87866
191.6,ETH-27MAR20,1572951544090,open,1.35,0.0,1.242,1.416,1.326112,93.17,None,0.0,ETH-27MAR20-440-P,185.54,0.0,0.002,10.0,0.0,0.0,0.0,0.25122,-0.08191,-1.64839,0.00188,-0.87175
188.8,ETH-27DEC19,1572951544092,open,1.36,0.0,1.264,1.411,1.333977,105.0,None,0.0,ETH-27DEC19-440-P,185.54,0.0,0.001,8.0,0.0,0.0,0.0,0.04329,-0.04381,-0.61925,0.00081,-0.97378
191.6,ETH-27MAR20,1572951544092,open,0.94,6.0,0.849,1.005,0.925955,88.54,1.165,0.0,ETH-27MAR20-360-P,185.54,0.0,0.0,0.0,0.0,0.0,0.0,0.32994,-0.10223,-1.29863,0.00259,-0.80555
191.6,ETH-27MAR20,1572951544104,open,0.02,2444.0,0.006,0.043,0.02049,97.31,0.021,0.0,ETH-27MAR20-520-C,185.54,94.79,0.018,50.0,0.023,220.0,99.69,0.19605,-0.06677,0.05278,0.0014,0.09087
193.27,SYN.ETH-26JUN20,1572951544111,open,0.25,263.0,0.192,0.299,0.250662,83.96,0.263,0.0,ETH-26JUN20-200-C,185.54,82.77,0.247,476.0,0.26,476.0,87.01,0.59262,-0.10637,0.44776,0.00295,0.61222
193.27,SYN.ETH-26JUN20,1572951544118,open,0.44,0.0,0.357,0.502,0.432582,84.64,None,0.0,ETH-26JUN20-240-P,185.54,0.0,0.0,0.0,0.0,0.0,0.0,0.61709,-0.11167,-1.14544,0.00305,-0.49235
188.8,ETH-27DEC19,1572951544132,open,0.01,1213.0,0.003,0.029,0.013439,85.25,0.018,0.0,ETH-27DEC19-300-C,185.54,83.01,0.012,320.0,0.015,160.0,87.54,0.12512,-0.1028,0.02329,0.0029,0.10022
188.8,ETH-27DEC19,1572951544157,open,1.78,37.0,1.675,1.842,1.755313,105.0,0.707,0.0,ETH-27DEC19-520-P,185.54,0.0,0.002,25.0,0.0,0.0,0.0,0.01747,-0.01768,-0.7369,0.00033,-0.9909
188.8,ETH-27DEC19,1572951544170,open,0.09,4731.0,0.05,0.118,0.083797,72.03,0.083,0.0,ETH-27DEC19-180-P,185.54,69.38,0.08,445.0,0.087,468.0,74.27,0.2705,-0.1878,-0.12383,0.00741,-0.37769
193.27,SYN.ETH-26JUN20,1572951544172,open,0.08,600.0,0.042,0.13,0.085565,91.62,0.083,0.0,ETH-26JUN20-400-C,185.54,90.25,0.082,1.0,0.089,144.0,92.92,0.50764,-0.09943,0.22337,0.00232,0.26593
193.27,SYN.ETH-26JUN20,1572951544260,open,0.04,93.0,0.015,0.077,0.042325,97.35,0.045,0.0,ETH-26JUN20-600-C,185.54,96.05,0.04,140.0,0.046,3.0,99.34,0.35041,-0.07293,0.12549,0.0015,0.14366
187.04,SYN.ETH-29NOV19,1572951544282,open,0.02,1749.0,0.006,0.04,0.020907,72.28,0.021,0.0,ETH-29NOV19-220-C,185.54,69.7,0.019,450.0,0.023,406.0,75.03,0.14018,-0.21218,0.02388,0.00847,0.21607
9599.63,BTC-27MAR20,1572951544405,open,0.05,1457.4,0.0215,0.083,0.04942157,79.29,0.0535,0.0,BTC-27MAR20-16000-C,9279.41,77.96,0.047,21.5,0.0525,37.4,80.95,17.65235,-4.89834,6.30422,6e-05,0.21719
9599.63,BTC-27MAR20,1572951544405,open,0.11,947.2,0.0655,0.1475,0.10684656,75.23,0.1085,0.0,BTC-27MAR20-12000-C,9279.41,73.85,0.1035,16.0,0.1105,27.0,76.73,23.28676,-6.13056,11.2266,9e-05,0.40561
9434.13,BTC-27DEC19,1572951544405,open,0.04,743.3,0.018,0.062,0.03853534,69.43,0.033,0.0,BTC-27DEC19-8000-P,9279.41,68.07,0.037,18.8,0.04,12.8,70.73,10.62324,-7.10953,-3.51192,0.00012,-0.22339
9599.63,BTC-27MAR20,1572951544405,open,0.92,0.0,0.8545,0.9725,0.91120983,81.71,1.23,0.0,BTC-27MAR20-18000-P,9279.41,0.0,0.0,0.0,0.0,0.0,0.0,14.91047,-4.26385,-65.61602,5e-05,-0.83497
9434.13,BTC-27DEC19,1572951544405,open,0.63,4.3,0.6195,0.639,0.62930571,99.94,0.5625,0.0,BTC-27DEC19-3500-C,9279.41,0.0,0.622,13.0,0.638,13.0,166.52,0.2661,-0.25634,4.93818,0.0,0.9976
9434.13,BTC-27DEC19,1572951544405,open,0.73,0.0,0.7255,0.745,0.73501379,99.23,None,0.0,BTC-27DEC19-2500-C,9279.41,0.0,0.727,1.0,0.7435,1.0,215.89,0.01317,-0.01259,3.55176,0.0,0.99991
9434.13,BTC-27DEC19,1572951544405,open,1.35,4.9,1.287,1.387,1.33437847,99.94,1.0385,0.0,BTC-27DEC19-22000-P,9279.41,0.0,0.0,0.0,0.0,0.0,0.0,1.70364,-1.64101,-31.0352,1e-05,-0.98025
9434.13,BTC-27DEC19,1572951544405,open,0.71,19.0,0.665,0.747,0.70370317,83.29,1.2,0.0,BTC-27DEC19-16000-P,9279.41,0.0,0.42,0.2,0.0,0.0,0.0,4.43286,-3.55854,-21.99122,4e-05,-0.93642
9434.13,BTC-27DEC19,1572951544405,open,0.0,365.7,0.0005,0.0145,0.0045503,84.79,0.005,0.0,BTC-27DEC19-5500-P,9279.41,82.69,0.004,21.0,0.005,21.0,86.39,2.57285,-2.10253,-0.49417,2e-05,-0.03231
9434.13,BTC-27DEC19,1572951544405,open,0.0,868.9,0.0005,0.0105,6.963e-05,100.0,0.0005,0.0,BTC-27DEC19-3000-P,9279.41,0.0,0.0,0.0,0.001,10.3,132.08,0.0776,-0.07479,-0.0093,0.0,-0.00062
9599.63,BTC-27MAR20,1572951544405,open,0.26,261.2,0.221,0.298,0.26137057,72.86,0.264,0.0,BTC-27MAR20-8000-C,9279.41,70.97,0.2575,19.0,0.264,24.1,74.15,19.67501,-5.01693,17.79484,7e-05,0.73493
9599.63,BTC-27MAR20,1572951544405,open,0.49,1.0,0.474,0.511,0.49176542,75.26,0.551,0.0,BTC-27MAR20-5000-C,9279.41,55.36,0.482,8.0,0.5075,8.0,94.59,6.44276,-1.6968,17.12381,2e-05,0.94747
9599.63,BTC-27MAR20,1572951544405,open,0.01,155.2,0.003,0.0255,0.012621,75.26,0.0105,0.0,BTC-27MAR20-5000-P,9279.41,72.77,0.011,23.7,0.014,16.0,77.27,6.44328,-1.69701,-2.44849,2e-05,-0.05254
9599.63,BTC-27MAR20,1572951544405,open,1.53,0.0,1.4565,1.586,1.51753434,88.59,None,0.0,BTC-27MAR20-24000-P,9279.41,0.0,0.0005,10.0,0.0,0.0,0.0,9.2952,-2.88165,-91.42998,3e-05,-0.91561
9599.63,BTC-27MAR20,1572951544405,open,0.16,473.2,0.119,0.205,0.16382239,72.82,0.17,0.0,BTC-27MAR20-10000-C,9279.41,71.88,0.1615,14.0,0.168,17.3,74.51,23.73317,-6.04787,14.69622,9e-05,0.55492
9288.22,SYN.BTC-8NOV19,1572951544405,open,0.33,0.0,0.2935,0.346,0.31890696,102.04,None,0.0,BTC-8NOV19-12250-P,9279.41,0.0,0.0165,0.1,0.0,0.0,0.0,0.0354,-0.62811,-0.9642,1e-05,-0.9987
9433.88,BTC-27DEC19,1572951544406,open,1.56,0.0,1.4945,1.6005,1.54522796,99.35,None,0.0,BTC-27DEC19-24000-P,9279.41,0.0,0.0,0.0,0.0,0.0,0.0,0.99425,-0.95207,-33.98459,1e-05,-0.98944
9433.88,BTC-27DEC19,1572951544407,open,0.0,685.2,0.0005,0.011,0.00127583,100.0,0.0025,0.0,BTC-27DEC19-24000-C,9279.41,101.93,0.0015,1.0,0.0025,49.0,108.67,1.03495,-0.99755,0.1312,1e-05,0.01106
9599.63,BTC-27MAR20,1572951544406,open,0.01,85.8,0.0005,0.022,0.00753786,97.18,0.009,0.0,BTC-27MAR20-34000-C,9279.41,96.11,0.007,16.0,0.009,20.0,99.86,4.94938,-1.68316,1.13955,1e-05,0.03786
9599.63,BTC-27MAR20,1572951544407,open,0.02,228.1,0.006,0.046,0.02170335,86.5,0.021,0.0,BTC-27MAR20-22000-C,9279.41,84.95,0.02,35.0,0.0235,0.1,88.06,10.80777,-3.27153,3.07365,3e-05,0.1035
9433.88,BTC-27DEC19,1572951544408,open,2.41,0.3,2.3255,2.462,2.39204525,87.6,1.875,0.0,BTC-27DEC19-32000-P,9279.41,0.0,0.0005,0.1,0.0,0.0,0.0,0.02761,-0.02331,-45.47752,0.0,-0.99979
9433.88,BTC-27DEC19,1572951544408,open,0.02,541.0,0.007,0.042,0.02174586,75.65,0.0205,0.0,BTC-27DEC19-13000-C,9279.41,74.29,0.0205,19.8,0.023,51.5,76.99,8.76345,-6.38991,1.89568,9e-05,0.16313
9433.88,BTC-27DEC19,1572951544408,open,0.0,449.3,0.0005,0.0105,3.92e-06,100.0,0.0005,0.0,BTC-27DEC19-44000-C,9279.41,0.0,0.0,0.0,0.001,46.0,147.79,0.00717,-0.00692,0.0006,0.0,5e-05
9350.76,SYN.BTC-29NOV19,1572951544405,open,0.2,67.8,0.185,0.228,0.20651398,70.44,0.195,0.0,BTC-29NOV19-7500-C,9279.41,0.0,0.1885,7.0,0.2275,7.0,107.88,4.02248,-5.93382,4.27619,0.0001,0.90563
9433.88,BTC-27DEC19,1572951544408,open,0.23,293.7,0.2035,0.256,0.23041075,70.61,0.2455,0.0,BTC-27DEC19-7500-C,9279.41,41.73,0.2095,16.0,0.237,22.0,77.57,8.64985,-5.8869,8.17469,0.0001,0.8401
9350.76,SYN.BTC-29NOV19,1572951544405,open,0.01,179.7,0.0025,0.0275,0.0122415,70.14,0.014,0.0,BTC-29NOV19-11500-C,9279.41,67.95,0.011,42.8,0.013,16.0,71.44,5.41948,-7.96069,0.80446,0.00014,0.14376
9288.22,SYN.BTC-8NOV19,1572951544405,open,0.0,591.5,0.0005,0.0155,0.00372361,70.11,0.004,0.0,BTC-8NOV19-10000-C,9279.41,65.95,0.003,20.5,0.004,1.0,71.61,1.68744,-20.57154,0.088,0.00035,0.12398
9599.63,BTC-27MAR20,1572951544408,open,0.03,483.0,0.012,0.0485,0.02823608,73.22,0.0275,0.0,BTC-27MAR20-6000-P,9279.41,71.22,0.026,23.2,0.03,6.0,74.76,10.90198,-2.79343,-4.99705,4e-05,-0.10475
9599.63,BTC-27MAR20,1572951544409,open,0.0,1259.6,0.0005,0.0145,0.00483471,79.16,0.007,0.0,BTC-27MAR20-4000-P,9279.41,74.7,0.0035,31.0,0.006,22.0,82.5,3.14468,-0.87112,-1.006,1e-05,-0.02194
9433.88,BTC-27DEC19,1572951544409,open,0.0,438.0,0.0005,0.012,0.00242241,99.95,0.003,0.0,BTC-27DEC19-22000-C,9279.41,97.46,0.002,21.0,0.0035,49.8,105.2,1.70474,-1.64233,0.23251,1e-05,0.01976
9433.88,BTC-27DEC19,1572951544409,open,3.26,0.0,3.157,3.3265,3.23993148,0.0,2.58,0.0,BTC-27DEC19-40000-P,9279.41,0.0,0.001,1.0,0.0,0.0,0.0,0.0,0.0,-56.85008,0.0,-1.0
9599.38,BTC-27MAR20,1572951544410,open,2.36,0.0,2.27,2.424,2.34262613,96.34,None,0.0,BTC-27MAR20-32000-P,9279.41,0.0,0.001,1.0,0.0,0.0,0.0,5.68587,-1.91703,-123.91361,2e-05,-0.95507
9433.88,BTC-27DEC19,1572951544410,open,0.0,1544.5,0.0005,0.0105,5.3e-07,100.0,0.001,0.0,BTC-27DEC19-52000-C,9279.41,0.0,0.0,0.0,0.001,50.9,160.99,0.00116,-0.00112,9e-05,0.0,1e-05
9288.22,SYN.BTC-8NOV19,1572951544405,open,0.02,249.6,0.0045,0.0435,0.02227729,57.04,0.0245,0.0,BTC-8NOV19-9250-C,9279.41,56.25,0.022,18.0,0.024,2.7,61.93,3.27034,-32.43113,0.3807,0.00084,0.54251
9350.76,SYN.BTC-29NOV19,1572951544409,open,0.0,234.2,0.0005,0.013,0.00347145,85.87,0.004,0.0,BTC-29NOV19-14000-C,9279.41,83.73,0.003,1.5,0.004,19.4,88.08,2.14444,-3.85643,0.23572,4e-05,0.04201
9350.76,SYN.BTC-29NOV19,1572951544405,open,0.06,363.2,0.0335,0.084,0.05701357,62.96,0.0575,0.0,BTC-29NOV19-9500-C,9279.41,61.48,0.0555,24.3,0.0595,16.6,65.4,9.53937,-12.57743,2.66608,0.00026,0.49289
9288.22,SYN.BTC-8NOV19,1572951544407,open,0.0,284.4,0.0005,0.0105,4.61e-06,100.0,0.0005,0.0,BTC-8NOV19-12750-C,9279.41,0.0,0.0,0.0,0.001,20.1,166.73,0.0066,-0.0428,0.00015,0.0,0.00021
9288.22,SYN.BTC-8NOV19,1572951544407,open,0.35,0.0,0.341,0.3665,0.35401723,0.0,None,0.0,BTC-8NOV19-6000-C,9279.41,0.0,0.346,6.0,0.365,6.0,368.51,0.0,0.0,0.47272,0.0,1.0
9350.76,SYN.BTC-29NOV19,1572951544407,open,0.05,227.0,0.0245,0.073,0.04597764,62.96,0.0395,0.0,BTC-29NOV19-9000-P,9279.41,60.92,0.044,5.0,0.0475,12.8,64.53,9.07065,-11.96031,-2.57658,0.00025,-0.37527
9683.41,SYN.BTC-26JUN20,1572951544405,open,0.01,199.4,0.002,0.023,0.01158906,74.91,0.0085,0.0,BTC-26JUN20-4000-P,9279.41,72.42,0.01,18.0,0.013,12.2,76.98,6.40787,-1.02622,-3.07753,1e-05,-0.03801
9350.76,SYN.BTC-29NOV19,1572951544405,open,0.0,452.6,0.0005,0.012,0.00207974,91.48,0.002,0.0,BTC-29NOV19-6000-P,9279.41,90.88,0.002,10.0,0.0025,20.0,94.43,1.25684,-2.40771,-0.14749,2e-05,-0.02203
9683.41,SYN.BTC-26JUN20,1572951544405,open,1.34,0.0,1.2525,1.4035,1.32516236,84.35,None,0.0,BTC-26JUN20-22000-P,9279.41,0.0,0.11,1.0,0.0,0.0,0.0,21.03712,-3.79375,-132.47775,4e-05,-0.80996
9288.22,SYN.BTC-8NOV19,1572951544405,open,0.0,1037.6,0.0005,0.011,0.00134335,80.31,0.0015,0.0,BTC-8NOV19-8250-P,9279.41,75.86,0.001,31.5,0.0015,0.1,82.12,0.77727,-10.85288,-0.03369,0.00014,-0.0447
9350.76,SYN.BTC-29NOV19,1572951544405,open,0.0,673.9,0.0005,0.013,0.0032519,83.66,0.0025,0.0,BTC-29NOV19-6500-P,9279.41,79.61,0.0025,37.0,0.004,25.0,87.2,1.86595,-3.26915,-0.23652,4e-05,-0.03542
9350.76,SYN.BTC-29NOV19,1572951544405,open,0.02,538.3,0.005,0.035,0.01768145,67.9,0.0215,0.0,BTC-29NOV19-11000-C,9279.41,66.22,0.0165,37.0,0.0185,12.8,69.04,6.65655,-9.4656,1.10341,0.00017,0.19808
9350.76,SYN.BTC-29NOV19,1572951544405,open,0.02,716.1,0.0045,0.031,0.01528424,66.52,0.018,0.0,BTC-29NOV19-8000-P,9279.41,64.41,0.014,28.8,0.016,19.8,67.67,5.77486,-8.04494,-1.06086,0.00015,-0.15815
9350.76,SYN.BTC-29NOV19,1572951544405,open,0.01,1077.1,0.0005,0.0155,0.00517478,79.15,0.0055,0.0,BTC-29NOV19-13000-C,9279.41,76.94,0.0045,23.0,0.006,16.0,81.64,2.97557,-4.93187,0.35638,7e-05,0.06344
9288.22,SYN.BTC-8NOV19,1572951544408,open,0.19,0.0,0.1615,0.213,0.18534905,100.04,None,0.0,BTC-8NOV19-11000-P,9279.41,0.0,0.0,0.0,0.0,0.0,0.0,0.5826,-10.13328,-0.84444,9e-05,-0.9686
9683.41,SYN.BTC-26JUN20,1572951544408,open,0.06,73.1,0.0285,0.1055,0.06390005,82.85,0.0685,0.0,BTC-26JUN20-20000-C,9279.41,81.2,0.06,27.5,0.068,14.5,84.55,23.13108,-4.09728,9.87335,5e-05,0.22303
9288.22,SYN.BTC-8NOV19,1572951544408,open,0.01,294.5,0.0005,0.017,0.00438224,65.09,0.0045,0.0,BTC-8NOV19-8750-P,9279.41,63.16,0.004,0.2,0.005,20.5,68.08,1.8711,-21.17483,-0.10865,0.00042,-0.14409
9288.22,SYN.BTC-8NOV19,1572951544405,open,0.0,116.6,0.0005,0.0105,1.099e-05,100.0,0.0005,0.0,BTC-8NOV19-12500-C,9279.41,0.0,0.0,0.0,0.001,30.5,157.99,0.01413,-0.10206,0.00034,0.0,0.00048
9288.22,SYN.BTC-8NOV19,1572951544405,open,0.01,268.8,0.0005,0.0215,0.00657181,64.87,0.007,0.0,BTC-8NOV19-9750-C,9279.41,62.59,0.006,16.0,0.007,1.0,66.54,2.36172,-26.63753,0.1473,0.00054,0.20786
185.72,SYN.ETH-8NOV19,1572951544422,open,0.0,350.0,0.001,0.012,0.001891,86.45,0.003,0.0,ETH-8NOV19-210-C,185.54,76.42,0.001,21.0,0.002,20.0,87.48,0.01939,-0.29154,0.00084,0.00826,0.05906
188.8,ETH-27DEC19,1572951544556,open,0.32,2287.0,0.258,0.358,0.308046,76.63,0.302,0.0,ETH-27DEC19-240-P,185.54,34.33,0.273,11.0,0.332,11.0,95.5,0.2244,-0.16575,-0.28489,0.00578,-0.75368
187.04,SYN.ETH-29NOV19,1572951544593,open,0.08,3850.0,0.057,0.12,0.0876,67.12,0.093,0.0,ETH-29NOV19-180-C,185.54,64.45,0.085,501.0,0.091,456.0,70.61,0.18193,-0.25572,0.06532,0.01184,0.62147
188.8,ETH-27DEC19,1572951544813,open,0.32,2287.0,0.258,0.358,0.308046,76.63,0.302,0.0,ETH-27DEC19-240-P,185.54,37.21,0.274,11.0,0.332,11.0,95.5,0.2244,-0.16575,-0.28489,0.00578,-0.75368
186.16,SYN.ETH-15NOV19,1572951545107,open,0.0,29.0,0.001,0.016,0.004822,72.8,0.004,0.0,ETH-15NOV19-220-C,185.54,69.61,0.004,200.0,0.006,571.0,76.95,0.05012,-0.18472,0.00434,0.00734,0.09095
9433.89,BTC-27DEC19,1572951545412,open,0.08,816.7,0.048,0.109,0.07848755,68.12,0.078,0.0,BTC-27DEC19-9000-P,9279.46,66.73,0.0765,28.6,0.078,0.9,67.78,13.51552,-8.87377,-6.11541,0.00016,-0.37762
9599.39,BTC-27MAR20,1572951545412,open,0.21,25.1,0.1635,0.247,0.20751317,72.82,0.2195,0.0,BTC-27MAR20-9000-C,9279.46,71.1,0.2035,13.0,0.2105,16.7,74.1,22.38042,-5.70356,16.40345,9e-05,0.64406
9433.89,BTC-27DEC19,1572951545412,open,0.01,706.6,0.004,0.032,0.01488058,78.14,0.0145,0.0,BTC-27DEC19-14000-C,9279.46,76.93,0.014,21.0,0.016,57.0,79.63,6.96603,-5.2462,1.36216,7e-05,0.11647
9433.89,BTC-27DEC19,1572951545412,open,0.32,66.1,0.3015,0.3425,0.32159381,75.72,0.355,0.0,BTC-27DEC19-6500-C,9279.46,0.0,0.305,10.0,0.339,10.0,102.15,4.97547,-3.6311,8.10584,5e-05,0.92615
9433.89,BTC-27DEC19,1572951545412,open,0.0,106.3,0.0005,0.0105,7.3e-07,100.0,0.0005,0.0,BTC-27DEC19-2000-P,9279.46,0.0,0.0,0.0,0.0005,1.0,162.8,0.00135,-0.0013,-0.00012,0.0,-1e-05
9599.39,BTC-27MAR20,1572951545412,open,2.57,0.0,2.474,2.6335,2.54934128,97.01,None,0.0,BTC-27MAR20-34000-P,9279.46,0.0,0.0,0.0,0.0,0.0,0.0,4.91218,-1.66758,-131.9599,1e-05,-0.96248
9433.94,BTC-27DEC19,1572951545412,open,0.05,951.3,0.025,0.078,0.05084685,71.16,0.051,0.0,BTC-27DEC19-11000-C,9279.46,69.44,0.0485,36.7,0.0525,45.7,72.37,12.88907,-8.8408,3.75068,0.00014,0.33058
9599.39,BTC-27MAR20,1572951545412,open,0.21,152.6,0.1565,0.2525,0.20553074,72.81,0.194,0.0,BTC-27MAR20-10000-P,9279.46,69.77,0.198,25.0,0.2105,16.0,74.82,23.73284,-6.04729,-24.44845,9e-05,-0.44511
9599.39,BTC-27MAR20,1572951545412,open,0.15,47.4,0.1015,0.1875,0.1450493,72.81,0.139,0.0,BTC-27MAR20-9000-P,9279.46,70.01,0.1385,28.2,0.148,18.0,74.08,22.38052,-5.7028,-18.82546,9e-05,-0.35595
9433.89,BTC-27DEC19,1572951545412,open,0.0,599.8,0.0005,0.0105,0.00067734,100.0,0.002,0.0,BTC-27DEC19-26000-C,9279.46,104.22,0.001,29.0,0.0025,62.0,116.17,0.62251,-0.60001,0.07404,0.0,0.0062
9433.94,BTC-27DEC19,1572951545412,open,0.14,525.0,0.103,0.176,0.14007909,69.56,0.12,0.0,BTC-27DEC19-10000-P,9279.46,67.51,0.137,9.6,0.1425,15.0,71.18,14.12985,-9.47367,-9.06868,0.00016,-0.53628
9433.94,BTC-27DEC19,1572951545412,open,0.0,349.0,0.0005,0.0105,1.41e-06,100.0,0.0005,0.0,BTC-27DEC19-48000-C,9279.46,0.0,0.0,0.0,0.001,46.0,154.7,0.00284,-0.00274,0.00023,0.0,2e-05
9599.39,BTC-27MAR20,1572951545413,open,0.72,1.1,0.66,0.7755,0.71615327,79.27,1.08,0.0,BTC-27MAR20-16000-P,9279.46,0.0,0.0,0.0,0.0,0.0,0.0,17.64678,-4.89555,-56.32895,6e-05,-0.78292
9433.94,BTC-27DEC19,1572951545413,open,0.22,247.2,0.1775,0.256,0.21685702,71.17,0.226,0.0,BTC-27DEC19-11000-P,9279.46,41.95,0.181,10.0,0.251,10.0,95.22,12.88937,-8.84169,-11.88293,0.00014,-0.6694
9599.39,BTC-27MAR20,1572951545414,open,3.2,1.0,3.086,3.266,3.17157665,99.71,2.7125,0.0,BTC-27MAR20-40000-P,9279.46,0.0,0.0005,2.0,0.0,0.0,0.0,3.40221,-1.18716,-155.84557,1e-05,-0.97591
9308.82,SYN.BTC-15NOV19,1572951545412,open,0.01,89.3,0.0005,0.014,0.00412947,67.73,0.004,0.0,BTC-15NOV19-8000-P,9279.46,62.69,0.003,54.0,0.005,23.3,71.19,2.24262,-7.69071,-0.20796,0.00014,-0.07844
9433.94,BTC-27DEC19,1572951545415,open,0.0,704.9,0.0005,0.0115,0.00199891,97.12,0.0025,0.0,BTC-27DEC19-4500-P,9279.46,93.0,0.0015,25.0,0.0025,21.0,100.65,1.24849,-1.16872,-0.21096,1e-05,-0.01374
9599.39,BTC-27MAR20,1572951545416,open,1.95,0.0,1.863,2.005,1.92961524,93.46,None,0.0,BTC-27MAR20-28000-P,9279.46,0.0,0.0005,5.0,0.0,0.0,0.0,7.33764,-2.39987,-107.75417,2e-05,-0.93803
9599.39,BTC-27MAR20,1572951545415,open,0.32,10.5,0.2925,0.358,0.32628192,72.86,0.281,0.0,BTC-27MAR20-7000-C,9279.46,66.76,0.3165,19.0,0.3315,18.6,76.03,15.6832,-3.99908,18.60384,6e-05,0.82138
9287.97,SYN.BTC-8NOV19,1572951545412,open,0.06,83.3,0.04,0.084,0.06232833,65.19,0.0585,0.0,BTC-8NOV19-8750-C,9279.46,60.93,0.0615,8.2,0.064,1.8,73.01,1.87511,-21.25358,0.58038,0.00042,0.85545
9433.94,BTC-27DEC19,1572951545415,open,0.08,749.6,0.049,0.11,0.08008777,69.57,0.077,0.0,BTC-27DEC19-10000-C,9279.46,67.84,0.0775,28.6,0.0815,16.1,70.51,14.1299,-9.47472,5.14389,0.00016,0.46373
9433.94,BTC-27DEC19,1572951545416,open,0.01,519.0,0.001,0.023,0.01058379,75.69,0.011,0.0,BTC-27DEC19-6500-P,9279.46,73.58,0.0095,44.1,0.0115,43.0,77.4,4.97224,-3.62739,-1.13126,5e-05,-0.07379
9287.97,SYN.BTC-8NOV19,1572951545412,open,0.0,137.9,0.0005,0.0105,4.8e-07,99.99,0.0005,0.0,BTC-8NOV19-6500-P,9279.46,0.0,0.0,0.0,0.001,1.0,193.96,0.00085,-0.00448,-2e-05,0.0,-2e-05
9599.44,BTC-27MAR20,1572951545417,open,2.15,0.0,2.0665,2.214,2.13607018,95.23,None,0.0,BTC-27MAR20-30000-P,9279.46,0.0,0.0,0.0,0.0,0.0,0.0,6.5069,-2.16848,-115.84236,2e-05,-0.94681
9599.44,BTC-27MAR20,1572951545417,open,1.74,0.0,1.6595,1.7945,1.7231235,90.93,None,0.0,BTC-27MAR20-26000-P,9279.46,0.0,0.0,0.0,0.0,0.0,0.0,8.16854,-2.59925,-99.64952,2e-05,-0.92882
9308.82,SYN.BTC-15NOV19,1572951545412,open,0.07,6.0,0.042,0.0945,0.06808385,59.58,0.076,0.0,BTC-15NOV19-9750-P,9279.46,53.53,0.0645,19.0,0.069,1.0,61.1,5.58464,-16.84549,-1.84396,0.0004,-0.66404
9599.44,BTC-27MAR20,1572951545417,open,0.01,47.7,0.003,0.032,0.01283616,93.55,0.0115,0.0,BTC-27MAR20-28000-C,9279.46,91.05,0.011,21.0,0.0145,31.0,95.65,7.36212,-2.41032,1.85631,2e-05,0.06224
9433.94,BTC-27DEC19,1572951545418,open,0.27,64.6,0.251,0.298,0.27454873,72.82,0.29,0.0,BTC-27DEC19-7000-C,9279.46,0.0,0.2555,1.0,0.296,9.0,98.7,6.70687,-4.70763,8.24604,7e-05,0.88956
9308.82,SYN.BTC-15NOV19,1572951545412,open,0.25,0.0,0.233,0.2665,0.24933876,89.88,None,0.0,BTC-15NOV19-7000-C,9279.46,0.0,0.2375,6.0,0.2635,6.0,157.99,0.82331,-3.74639,1.83364,4e-05,0.97736
9433.94,BTC-27DEC19,1572951545419,open,0.31,73.4,0.2655,0.3455,0.30515123,73.58,0.31,0.0,BTC-27DEC19-12000-P,9279.46,54.8,0.286,6.1,0.337,6.0,98.73,10.8802,-7.71582,-14.37412,0.00012,-0.7669
9433.94,BTC-27DEC19,1572951545419,open,0.0,647.3,0.0005,0.0105,0.00036394,100.0,0.0015,0.0,BTC-27DEC19-28000-C,9279.46,110.57,0.001,27.0,0.0015,1.0,115.67,0.37343,-0.35992,0.042,0.0,0.0035
9308.82,SYN.BTC-15NOV19,1572951545412,open,0.0,14.1,0.0005,0.013,0.0030713,72.22,0.004,0.0,BTC-15NOV19-11250-C,9279.46,66.29,0.002,40.6,0.004,21.0,76.5,1.88049,-6.87581,0.1494,0.00011,0.06239
9683.14,SYN.BTC-26JUN20,1572951545412,open,0.09,142.3,0.056,0.1275,0.09117138,74.39,0.0875,0.0,BTC-26JUN20-7000-P,9279.46,70.94,0.0835,15.9,0.092,20.9,74.76,21.68135,-3.44809,-18.04799,5e-05,-0.19971
9287.97,SYN.BTC-8NOV19,1572951545413,open,0.0,218.7,0.0005,0.011,0.00104747,99.95,0.001,0.0,BTC-8NOV19-11000-C,9279.46,99.18,0.001,10.9,0.002,24.1,112.35,0.58043,-9.72887,0.02211,9e-05,0.03126
9308.82,SYN.BTC-15NOV19,1572951545412,open,0.02,201.3,0.0055,0.04,0.02071806,59.63,0.018,0.0,BTC-15NOV19-9750-C,9279.46,57.59,0.0195,16.0,0.0215,1.0,60.93,5.58561,-16.86179,0.79437,0.0004,0.33611
9308.82,SYN.BTC-15NOV19,1572951545412,open,0.33,0.0,0.315,0.3435,0.32895369,100.62,None,0.0,BTC-15NOV19-6250-C,9279.46,0.0,0.3195,7.0,0.341,7.0,190.88,0.27533,-1.40262,1.67404,1e-05,0.99361
9683.14,SYN.BTC-26JUN20,1572951545412,open,0.95,0.0,0.867,1.0105,0.93739829,81.41,None,0.0,BTC-26JUN20-18000-P,9279.46,0.0,0.09,1.0,1.35,1.0,217.15,25.42738,-4.42556,-103.71432,5e-05,-0.73419
9308.82,SYN.BTC-15NOV19,1572951545412,open,0.19,0.0,0.1785,0.2155,0.19652612,78.19,None,0.0,BTC-15NOV19-7500-C,9279.46,0.0,0.1825,6.0,0.2135,6.0,139.79,1.33468,-5.28385,1.9215,7e-05,0.95943
9308.82,SYN.BTC-15NOV19,1572951545412,open,0.01,46.3,0.0005,0.017,0.00538864,67.24,0.006,0.0,BTC-15NOV19-10750-C,9279.46,64.18,0.0045,20.0,0.006,1.0,69.22,2.81013,-9.56645,0.25429,0.00018,0.10635
9308.82,SYN.BTC-15NOV19,1572951545412,open,0.02,62.1,0.0035,0.033,0.0155165,60.17,0.0195,0.0,BTC-15NOV19-8750-P,9279.46,56.26,0.0135,35.0,0.017,37.7,62.99,4.86429,-14.8196,-0.66838,0.00034,-0.24985
9308.82,SYN.BTC-15NOV19,1572951545412,open,0.0,0.1,0.0005,0.0105,6.316e-05,99.99,0.001,0.0,BTC-15NOV19-5750-P,9279.46,0.0,0.0,0.0,0.001,1.0,136.5,0.06561,-0.33215,-0.00344,0.0,-0.0013
9287.97,SYN.BTC-8NOV19,1572951545412,open,0.0,668.6,0.0005,0.0105,0.00074929,87.45,0.0005,0.0,BTC-8NOV19-8000-P,9279.46,82.01,0.0005,58.5,0.001,0.5,91.88,0.47995,-6.95937,-0.01876,8e-05,-0.02488
9308.82,SYN.BTC-15NOV19,1572951545412,open,0.17,0.0,0.1335,0.1885,0.16017657,67.14,None,0.0,BTC-15NOV19-10750-P,9279.46,0.0,0.008,0.1,0.0,0.0,0.0,2.8028,-9.52678,-2.65519,0.00018,-0.89403
9433.94,BTC-27DEC19,1572951545420,open,0.0,946.3,0.0005,0.0105,0.00019805,100.0,0.001,0.0,BTC-27DEC19-30000-C,9279.46,108.59,0.0005,12.4,0.001,10.0,116.41,0.22416,-0.21606,0.02399,0.0,0.00199
9308.82,SYN.BTC-15NOV19,1572951545412,open,0.01,41.3,0.0005,0.0185,0.00656012,65.16,0.0065,0.0,BTC-15NOV19-8250-P,9279.46,61.8,0.0055,16.0,0.0075,28.0,67.96,3.04413,-10.04204,-0.31612,0.0002,-0.11895
9308.82,SYN.BTC-15NOV19,1572951545412,open,0.0,0.1,0.0005,0.0105,0.00015379,99.99,0.0015,0.0,BTC-15NOV19-6000-P,9279.46,0.0,0.0,0.0,0.001,1.0,125.7,0.13829,-0.70011,-0.00784,1e-05,-0.00296
9287.97,SYN.BTC-8NOV19,1572951545412,open,0.35,0.0,0.3195,0.3735,0.34580119,0.0,None,0.0,BTC-8NOV19-12500-P,9279.46,0.0,0.0,0.0,0.0,0.0,0.0,0.0,0.0,-0.98483,0.0,-1.0
9308.82,SYN.BTC-15NOV19,1572951545412,open,0.14,0.0,0.1245,0.1655,0.14475241,67.83,None,0.0,BTC-15NOV19-8000-C,9279.46,0.0,0.128,6.0,0.163,6.0,118.19,2.24851,-7.72189,1.95584,0.00014,0.92129
9308.82,SYN.BTC-15NOV19,1572951545412,open,0.22,0.0,0.2055,0.24,0.22247607,80.26,None,0.0,BTC-15NOV19-7250-C,9279.46,0.0,0.2105,6.0,0.238,6.0,147.72,0.89574,-3.63963,1.89528,5e-05,0.97497
9308.82,SYN.BTC-15NOV19,1572951545412,open,0.0,0.1,0.0005,0.0105,0.00034202,99.99,0.002,0.0,BTC-15NOV19-6250-P,9279.46,0.0,0.0,0.0,0.001,1.4,115.3,0.26551,-1.34419,-0.01631,1e-05,-0.00613
9308.82,SYN.BTC-15NOV19,1572951545412,open,0.05,10.4,0.026,0.076,0.0505725,59.54,0.0565,0.0,BTC-15NOV19-9500-P,9279.46,53.24,0.0465,26.0,0.051,1.0,60.2,6.03225,-18.18433,-1.54541,0.00043,-0.56301
9308.82,SYN.BTC-15NOV19,1572951545412,open,0.01,192.6,0.0005,0.0245,0.00997973,62.1,0.0085,0.0,BTC-15NOV19-8500-P,9279.46,58.51,0.0085,35.6,0.011,16.0,64.49,3.9238,-12.33717,-0.46182,0.00027,-0.17338
9308.82,SYN.BTC-15NOV19,1572951545412,open,0.35,0.0,0.3425,0.369,0.355621,101.12,None,0.0,BTC-15NOV19-6000-C,9279.46,0.0,0.3465,7.0,0.3675,7.0,204.59,0.14966,-0.76623,1.61484,1e-05,0.99677
9308.82,SYN.BTC-15NOV19,1572951545412,open,0.0,4.8,0.0005,0.0105,0.00049632,95.44,0.001,0.0,BTC-15NOV19-6500-P,9279.46,0.0,0.0,0.0,0.001,21.3,105.24,0.37148,-1.7949,-0.02387,2e-05,-0.00898
9433.94,BTC-27DEC19,1572951545421,open,4.12,0.0,3.9885,4.192,4.08804578,118.79,None,0.0,BTC-27DEC19-48000-P,9279.46,0.0,0.0005,1.0,0.0,0.0,0.0,0.0425,-0.04866,-68.21617,0.0,-0.99967
9308.82,SYN.BTC-15NOV19,1572951545412,open,0.0,23.1,0.0005,0.011,0.00129369,89.65,0.001,0.0,BTC-15NOV19-7000-P,9279.46,86.02,0.001,1.7,0.0015,23.0,91.89,0.81545,-3.7011,-0.05963,4e-05,-0.02238
9287.97,SYN.BTC-8NOV19,1572951545412,open,0.04,71.5,0.012,0.058,0.03461572,59.43,0.033,0.0,BTC-8NOV19-9500-P,9279.46,52.88,0.0325,0.4,0.035,1.8,60.61,3.03426,-31.35472,-0.50535,0.00075,-0.65597
9287.97,SYN.BTC-8NOV19,1572951545416,open,0.01,788.4,0.0005,0.0255,0.00864241,58.89,0.0075,0.0,BTC-8NOV19-9000-P,9279.46,58.4,0.0085,1.0,0.0095,1.4,61.82,2.69922,-27.63924,-0.20009,0.00067,-0.26479
9308.82,SYN.BTC-15NOV19,1572951545412,open,0.01,265.2,0.003,0.0315,0.0146406,61.26,0.018,0.0,BTC-15NOV19-10000-C,9279.46,58.11,0.013,34.1,0.015,1.0,61.94,4.91172,-15.23372,0.60411,0.00034,0.25449
9308.82,SYN.BTC-15NOV19,1572951545412,open,0.0,19.8,0.0005,0.012,0.00219211,78.04,0.002,0.0,BTC-15NOV19-7500-P,9279.46,72.66,0.0015,18.0,0.003,25.0,83.22,1.32735,-5.24457,-0.10701,7e-05,-0.04029
9308.82,SYN.BTC-15NOV19,1572951545412,open,0.22,0.0,0.1855,0.2405,0.21157029,72.06,None,0.0,BTC-15NOV19-11250-P,9279.46,0.0,0.0,0.0,0.0,0.0,0.0,1.86975,-6.82117,-2.89555,0.00011,-0.93807
9599.44,BTC-27MAR20,1572951545422,open,0.54,58.9,0.4735,0.587,0.52968149,77.21,0.6005,0.0,BTC-27MAR20-14000-P,9279.46,0.0,0.4,0.5,0.7,1.0,147.8,20.7139,-5.59704,-46.40441,7e-05,-0.70526
9287.97,SYN.BTC-8NOV19,1572951545416,open,0.09,50.5,0.0565,0.106,0.08035635,69.98,0.089,0.0,BTC-8NOV19-10000-P,9279.46,54.11,0.078,0.1,0.081,4.1,73.41,1.68183,-20.46249,-0.70027,0.00035,-0.8766
9308.82,SYN.BTC-15NOV19,1572951545412,open,0.0,20.8,0.0005,0.011,0.00128653,80.03,0.002,0.0,BTC-15NOV19-7250-P,9279.46,69.28,0.0005,39.0,0.002,24.5,86.56,0.88695,-3.59403,-0.06554,5e-05,-0.02474
9308.82,SYN.BTC-15NOV19,1572951545412,open,0.09,2.0,0.0615,0.116,0.08886192,61.2,0.099,0.0,BTC-15NOV19-10000-P,9279.46,53.62,0.085,1.0,0.0895,1.0,62.41,4.9095,-15.21314,-2.10204,0.00034,-0.74573
9308.82,SYN.BTC-15NOV19,1572951545412,open,0.01,123.9,0.0005,0.025,0.01023256,62.77,0.0095,0.0,BTC-15NOV19-10250-C,9279.46,59.94,0.009,35.0,0.0105,1.0,63.37,4.14296,-13.16608,0.45049,0.00028,0.1891
9287.97,SYN.BTC-8NOV19,1572951545412,open,0.0,60.8,0.0005,0.0105,6e-08,99.99,0.0005,0.0,BTC-8NOV19-6250-P,9279.46,0.0,0.0,0.0,0.0005,0.4,193.27,0.00013,-0.00056,0.0,0.0,0.0
9683.14,SYN.BTC-26JUN20,1572951545416,open,0.26,34.5,0.2125,0.308,0.26278147,74.4,0.271,0.0,BTC-26JUN20-9000-C,9279.46,73.96,0.2615,11.1,0.272,21.1,77.55,28.30452,-4.50184,24.83052,6e-05,0.66298
9308.82,SYN.BTC-15NOV19,1572951545412,open,0.27,0.0,0.2605,0.292,0.27565181,91.87,None,0.0,BTC-15NOV19-6750-C,9279.46,0.0,0.265,6.0,0.2895,6.0,169.69,0.54027,-2.51306,1.78959,3e-05,0.98618
9350.5,SYN.BTC-29NOV19,1572951545416,open,0.51,0.0,0.4685,0.5365,0.50067632,85.7,None,0.0,BTC-29NOV19-14000-P,9279.46,0.0,0.474,3.0,0.5215,3.0,133.79,2.1294,-3.82167,-8.92406,4e-05,-0.95835
9350.5,SYN.BTC-29NOV19,1572951545418,open,0.46,0.3,0.4545,0.4775,0.46572134,100.38,0.4955,0.0,BTC-29NOV19-5000-C,9279.46,0.0,0.457,9.0,0.476,9.0,170.9,0.35413,-0.74447,3.23647,1e-05,0.99486
9683.14,SYN.BTC-26JUN20,1572951545416,open,0.1,26.9,0.054,0.145,0.09864856,79.97,0.1125,0.0,BTC-26JUN20-16000-C,9279.46,78.34,0.094,16.6,0.104,23.6,81.83,27.76114,-4.74639,13.80665,6e-05,0.32117
9683.14,SYN.BTC-26JUN20,1572951545412,open,0.26,110.8,0.198,0.3085,0.25461296,74.39,0.25,0.0,BTC-26JUN20-10000-P,9279.46,70.97,0.244,11.0,0.2565,3.0,75.0,30.01801,-4.77377,-40.84844,7e-05,-0.40375
9287.97,SYN.BTC-8NOV19,1572951545416,open,0.04,138.0,0.0175,0.0615,0.03967346,58.98,0.048,0.0,BTC-8NOV19-9000-C,9279.46,58.38,0.0395,0.8,0.042,1.1,66.82,2.70072,-27.69674,0.50876,0.00067,0.73492
9350.5,SYN.BTC-29NOV19,1572951545417,open,0.36,22.5,0.346,0.376,0.36042052,91.6,0.2095,0.0,BTC-29NOV19-6000-C,9279.46,0.0,0.3495,8.0,0.3735,8.0,141.31,1.26322,-2.42321,3.77636,2e-05,0.97783
9683.14,SYN.BTC-26JUN20,1572951545421,open,0.31,12.2,0.2645,0.353,0.3112159,74.4,0.315,0.0,BTC-26JUN20-8000-C,9279.46,73.56,0.309,10.8,0.319,9.0,77.35,25.54069,-4.06229,26.0979,6e-05,0.73184
9308.82,SYN.BTC-15NOV19,1572951545412,open,0.3,0.0,0.288,0.3175,0.30225246,95.9,None,0.0,BTC-15NOV19-6500-C,9279.46,0.0,0.292,7.0,0.3155,7.0,181.34,0.38104,-1.85014,1.7341,2e-05,0.99075
9308.82,SYN.BTC-15NOV19,1572951545412,open,0.12,2.8,0.098,0.142,0.12032753,65.23,0.1305,0.0,BTC-15NOV19-8250-C,9279.46,43.42,0.115,6.0,0.1305,6.0,91.1,3.04846,-10.06763,1.91539,0.0002,0.88081
9350.5,SYN.BTC-29NOV19,1572951545417,open,0.2,13.1,0.1625,0.2265,0.19405744,67.87,0.233,0.0,BTC-29NOV19-11000-P,9279.46,0.0,0.166,5.0,0.2215,5.0,101.25,6.65235,-9.45449,-6.09306,0.00017,-0.80212
9308.82,SYN.BTC-15NOV19,1572951545412,open,0.07,26.0,0.051,0.0985,0.07557284,60.22,0.0955,0.0,BTC-15NOV19-8750-C,9279.46,58.16,0.0745,4.0,0.077,1.0,62.93,4.86582,-14.83626,1.69864,0.00034,0.75
9308.82,SYN.BTC-15NOV19,1572951545412,open,0.04,7.9,0.0195,0.065,0.04147595,58.47,0.0515,0.0,BTC-15NOV19-9250-C,9279.46,56.21,0.04,19.0,0.0425,1.0,60.04,6.06904,-17.96655,1.26916,0.00044,0.54538
9683.14,SYN.BTC-26JUN20,1572951545416,open,0.05,15.3,0.022,0.092,0.05322348,84.35,0.052,0.0,BTC-26JUN20-22000-C,9279.46,82.61,0.0495,13.0,0.0565,14.8,85.84,21.03464,-3.79315,8.48714,4e-05,0.19001
9683.14,SYN.BTC-26JUN20,1572951545416,open,1.74,0.0,1.649,1.8105,1.72575473,88.2,None,0.0,BTC-26JUN20-26000-P,9279.46,0.0,0.0,0.0,0.0,0.0,0.0,17.89187,-3.37355,-159.95211,3e-05,-0.85224
9308.82,SYN.BTC-15NOV19,1572951545412,open,0.19,0.0,0.1595,0.214,0.1855233,68.95,None,0.0,BTC-15NOV19-11000-P,9279.46,0.0,0.0,0.0,0.0,0.0,0.0,2.24451,-7.83587,-2.78815,0.00014,-0.92148
9308.82,SYN.BTC-15NOV19,1572951545412,open,0.0,54.1,0.0005,0.0135,0.00387985,69.09,0.006,0.0,BTC-15NOV19-11000-C,9279.46,65.22,0.003,57.0,0.0045,1.1,71.55,2.25383,-7.88349,0.18909,0.00014,0.07895
9287.97,SYN.BTC-8NOV19,1572951545413,open,0.11,116.1,0.094,0.133,0.11312154,80.57,0.1265,0.0,BTC-8NOV19-8250-C,9279.46,0.0,0.101,5.0,0.1275,1.0,162.68,0.78489,-10.99564,0.61588,0.00014,0.95475
9287.97,SYN.BTC-8NOV19,1572951545412,open,0.0,229.1,0.0005,0.0105,0.00012491,100.01,0.0005,0.0,BTC-8NOV19-11750-C,9279.46,117.82,0.0005,89.8,0.001,1.1,130.12,0.11071,-1.16013,0.00328,2e-05,0.0046
9287.97,SYN.BTC-8NOV19,1572951545412,open,0.0,60.6,0.0005,0.0105,1e-08,99.99,0.0005,0.0,BTC-8NOV19-6000-P,9279.46,0.0,0.0,0.0,0.0015,32.0,246.56,1e-05,-5e-05,0.0,0.0,0.0
9287.97,SYN.BTC-8NOV19,1572951545412,open,0.0,195.7,0.0005,0.0105,2.548e-05,100.01,0.0005,0.0,BTC-8NOV19-12250-C,9279.46,0.0,0.0,0.0,0.001,20.5,149.0,0.02919,-0.23663,0.00075,0.0,0.00106
9308.82,SYN.BTC-15NOV19,1572951545412,open,0.0,48.9,0.0005,0.0125,0.00284405,72.04,0.0025,0.0,BTC-15NOV19-7750-P,9279.46,66.94,0.002,32.0,0.0035,23.2,75.48,1.6828,-6.13807,-0.14358,0.0001,-0.05416
9308.82,SYN.BTC-15NOV19,1572951545412,open,0.14,0.0,0.1085,0.163,0.13517854,64.53,None,0.0,BTC-15NOV19-10500-P,9279.46,0.0,0.1105,5.0,0.157,5.0,110.01,3.40408,-11.12097,-2.50713,0.00023,-0.86024
9308.82,SYN.BTC-15NOV19,1572951545412,open,0.25,0.0,0.2115,0.267,0.23781899,75.05,None,0.0,BTC-15NOV19-11500-P,9279.46,0.0,0.0,0.0,0.0,0.0,0.0,1.56419,-5.94335,-2.99321,9e-05,-0.9506
9350.5,SYN.BTC-29NOV19,1572951545416,open,0.16,361.8,0.1355,0.183,0.15973772,66.55,0.17,0.0,BTC-29NOV19-8000-C,9279.46,63.69,0.158,0.9,0.1835,7.0,99.97,5.77768,-8.05232,4.1713,0.00015,0.84172
9308.82,SYN.BTC-15NOV19,1572951545412,open,0.04,28.0,0.0145,0.0595,0.03513067,58.43,0.041,0.0,BTC-15NOV19-9250-P,9279.46,54.39,0.0325,28.6,0.035,0.2,58.23,6.06904,-17.95385,-1.23351,0.00044,-0.45462
9308.82,SYN.BTC-15NOV19,1572951545412,open,0.0,8.1,0.0005,0.0105,0.0007512,91.53,0.001,0.0,BTC-15NOV19-6750-P,9279.46,86.53,0.0005,19.0,0.001,0.4,95.49,0.53124,-2.46187,-0.03602,2e-05,-0.01355
9308.82,SYN.BTC-15NOV19,1572951545412,open,0.03,24.0,0.011,0.0515,0.03006224,59.58,0.0365,0.0,BTC-15NOV19-9500-C,9279.46,56.4,0.028,18.2,0.0305,1.0,60.26,6.03242,-18.19789,1.02509,0.00043,0.43706
9683.14,SYN.BTC-26JUN20,1572951545418,open,0.76,0.0,0.6815,0.8215,0.75095962,79.96,None,0.0,BTC-26JUN20-16000-P,9279.46,0.0,0.08,1.0,0.88,0.5,121.73,27.75836,-4.74499,-88.71621,6e-05,-0.6789
9308.82,SYN.BTC-15NOV19,1572951545413,open,0.0,67.6,0.0005,0.012,0.00246447,75.25,0.004,0.0,BTC-15NOV19-11500-C,9279.46,68.73,0.0015,70.4,0.003,1.0,78.24,1.57629,-6.00512,0.11943,9e-05,0.04988
9308.82,SYN.BTC-15NOV19,1572951545412,open,0.01,151.5,0.0005,0.02,0.00724615,64.61,0.007,0.0,BTC-15NOV19-10500-C,9279.46,61.08,0.006,40.2,0.0075,1.0,65.3,3.40973,-11.15383,0.33461,0.00023,0.1401
9683.14,SYN.BTC-26JUN20,1572951545416,open,0.37,1.5,0.328,0.4055,0.36828529,74.4,0.419,0.0,BTC-26JUN20-7000-C,9279.46,67.27,0.3525,9.0,0.4,6.0,88.36,21.68188,-3.44858,26.80316,5e-05,0.80028
9287.97,SYN.BTC-8NOV19,1572951545416,open,0.08,107.7,0.0665,0.108,0.08721926,72.59,0.079,0.0,BTC-8NOV19-8500-C,9279.46,66.64,0.0865,5.1,0.0885,1.0,81.37,1.22021,-15.3998,0.60974,0.00025,0.92047
9287.97,SYN.BTC-8NOV19,1572951545412,open,0.0,170.5,0.0005,0.0105,6.143e-05,99.99,0.0005,0.0,BTC-8NOV19-7250-P,9279.46,0.0,0.0,0.0,0.0005,2.2,127.37,0.05905,-0.57059,-0.00172,1e-05,-0.00229
9350.5,SYN.BTC-29NOV19,1572951545419,open,0.03,250.9,0.0095,0.046,0.02600666,65.92,0.031,0.0,BTC-29NOV19-10500-C,9279.46,64.13,0.0245,35.4,0.0275,33.2,67.66,7.95242,-10.97745,1.51134,0.00021,0.2731
9350.5,SYN.BTC-29NOV19,1572951545417,open,0.12,805.8,0.092,0.144,0.11806424,64.1,0.118,0.0,BTC-29NOV19-8500-C,9279.46,62.17,0.1165,3.2,0.121,3.2,67.65,7.65462,-10.27461,3.84415,0.00021,0.74656
9287.97,SYN.BTC-8NOV19,1572951545417,open,0.06,16.1,0.032,0.081,0.05628923,64.78,0.055,0.0,BTC-8NOV19-9750-P,9279.46,55.2,0.054,0.8,0.057,7.1,67.54,2.35853,-26.56631,-0.62119,0.00054,-0.79261
9287.97,SYN.BTC-8NOV19,1572951545422,open,0.0,466.3,0.0005,0.0115,0.00190474,86.47,0.002,0.0,BTC-8NOV19-10500-C,9279.46,76.31,0.001,45.6,0.002,1.0,87.37,0.97469,-14.65482,0.04209,0.00017,0.05943
9683.14,SYN.BTC-26JUN20,1572951545412,open,0.13,112.5,0.0785,0.1765,0.12782571,78.82,0.1325,0.0,BTC-26JUN20-14000-C,9279.46,77.58,0.124,4.0,0.131,13.0,79.85,29.82478,-5.02579,16.51628,6e-05,0.39402
9683.14,SYN.BTC-26JUN20,1572951545416,open,1.14,0.0,1.058,1.205,1.12928973,82.83,None,0.0,BTC-26JUN20-20000-P,9279.46,0.0,0.1,1.0,1.88,0.1,376.81,23.12328,-4.09485,-118.2821,5e-05,-0.77709
9683.14,SYN.BTC-26JUN20,1572951545415,open,0.08,61.3,0.039,0.1225,0.07854835,81.43,0.083,0.0,BTC-26JUN20-18000-C,9279.46,79.68,0.074,26.1,0.082,14.1,82.74,25.43217,-4.42744,11.62464,5e-05,0.26591
9287.97,SYN.BTC-8NOV19,1572951545417,open,0.0,369.8,0.0005,0.0105,0.00049203,96.64,0.0005,0.0,BTC-8NOV19-7750-P,9279.46,0.0,0.0,0.0,0.001,21.5,108.06,0.32373,-4.56998,-0.01181,5e-05,-0.01565
9350.5,SYN.BTC-29NOV19,1572951545413,open,0.4,0.0,0.3645,0.4295,0.39543657,79.03,None,0.0,BTC-29NOV19-13000-P,9279.46,0.0,0.37,4.0,0.4175,4.0,121.85,2.96364,-4.90507,-8.14906,7e-05,-0.93689
9350.5,SYN.BTC-29NOV19,1572951545418,open,0.0,446.2,0.0005,0.0105,0.00043728,100.0,0.001,0.0,BTC-29NOV19-5000-P,9279.46,101.61,0.0005,66.3,0.0015,18.0,117.78,0.34605,-0.72465,-0.03328,1e-05,-0.005
9683.14,SYN.BTC-26JUN20,1572951545412,open,0.69,0.0,0.685,0.705,0.69451249,79.33,None,0.0,BTC-26JUN20-3000-C,9279.46,0.0,0.689,1.0,0.7055,1.0,103.33,2.98279,-0.50591,18.00585,1e-05,0.98472
9308.82,SYN.BTC-15NOV19,1572951545412,open,0.17,0.0,0.151,0.19,0.17032252,72.17,None,0.0,BTC-15NOV19-7750-C,9279.46,0.0,0.1555,6.0,0.1885,6.0,129.83,1.68973,-6.17401,1.95255,0.0001,0.94556
