underlying_price,underlying_index,timestamp,state,settlement_price,open_interest,min_price,max_price,mark_price,mark_iv,last_price,interest_rate,instrument_name,index_price,bid_iv,best_bid_price,best_bid_amount,best_ask_price,best_ask_amount,ask_iv,vega,theta,rho,gamma,delta
210.55,SYN.ETH-4OCT19,1569236340029,open,0.07,0.0,0.044,0.106,0.07659,70.62,None,0.0,ETH-4OCT19-200-C,209.23,63.06,0.072,120.0,0.083,120.0,80.97,0.12905,-0.41901,0.03819,0.01383,0.68534
211.79,SYN.ETH-25OCT19,1569236340058,open,0.0,3144.0,0.001,0.011,0.001013,88.25,0.003,0.0,ETH-25OCT19-120-P,209.23,0.0,0.0,0.0,0.002,660.0,97.74,0.01738,-0.02406,-0.00213,0.0005,-0.01048
9949.88,BTC-27SEP19,1569236340066,open,0.05,92.7,0.02,0.0695,0.04412755,63.15,0.039,0.0,BTC-27SEP19-10250-P,9921.4,60.13,0.043,0.4,0.0455,0.5,66.78,3.73847,-30.45715,-0.74843,0.00056,-0.66427
10440.88,BTC-27MAR20,1569236340080,open,0.16,155.6,0.114,0.2095,0.16339154,76.36,0.1605,0.0,BTC-27MAR20-12000-C,9921.4,75.17,0.16,9.5,0.1665,0.4,77.45,29.72,-6.10479,18.2593,7e-05,0.5068
9949.89,BTC-27SEP19,1569236340086,open,0.0,167.1,0.0005,0.0115,0.00199062,75.26,0.002,0.0,BTC-27SEP19-11250-C,9921.4,71.02,0.0015,87.7,0.0025,4.1,79.1,1.24028,-12.0415,0.06255,0.00016,0.06119
10440.88,BTC-27MAR20,1569236340093,open,0.01,33.2,0.003,0.0325,0.01329298,85.33,0.016,0.0,BTC-27MAR20-32000-C,9921.4,83.19,0.0115,24.7,0.015,30.7,87.21,9.15241,-2.10075,2.61129,2e-05,0.06241
9970.19,SYN.BTC-4OCT19,1569236340121,open,0.01,66.1,0.0005,0.0165,0.0055788,72.63,0.007,0.0,BTC-4OCT19-8500-P,9921.4,70.53,0.005,23.5,0.006,0.1,74.1,2.81575,-9.40217,-0.28665,0.00013,-0.09091
9970.18,SYN.BTC-4OCT19,1569236340134,open,0.05,46.0,0.022,0.0715,0.04449979,62.36,0.045,0.0,BTC-4OCT19-10000-P,9921.4,60.18,0.043,3.7,0.047,15.7,65.99,6.86353,-19.67771,-1.58667,0.00037,-0.4896
10213.96,BTC-27DEC19,1569236340163,open,0.0,621.5,0.0005,0.0105,0.00074356,89.7,0.001,0.0,BTC-27DEC19-36000-C,9921.4,86.34,0.0005,651.9,0.001,0.9,92.43,0.85511,-0.40423,0.13342,0.0,0.00577
10440.88,BTC-27MAR20,1569236340180,open,0.46,8.3,0.432,0.485,0.45850522,76.85,0.464,0.0,BTC-27MAR20-6000-C,9921.4,66.02,0.446,9.5,0.476,9.5,89.94,13.0291,-2.69337,23.50038,3e-05,0.90049
210.14,ETH-27SEP19,1569236340183,open,0.0,243.0,0.001,0.011,0.000831,114.97,0.001,0.0,ETH-27SEP19-270-C,209.23,0.0,0.0,0.0,0.002,702.0,132.33,0.01043,-0.15467,0.00042,0.00193,0.01987
218.74,ETH-27MAR20,1569236340208,open,0.07,896.0,0.034,0.111,0.07167,87.06,0.068,0.0,ETH-27MAR20-400-C,209.23,85.0,0.067,300.0,0.077,32.0,89.36,0.50056,-0.11722,0.20348,0.00236,0.25434
210.14,ETH-27SEP19,1569236340214,open,0.01,3374.0,0.001,0.033,0.012308,71.65,0.017,0.0,ETH-27SEP19-220-C,209.23,64.86,0.01,426.0,0.015,583.0,79.28,0.07284,-0.6733,0.00596,0.02168,0.27957
10440.88,BTC-27MAR20,1569236340216,open,0.62,0.1,0.557,0.684,0.62028361,78.8,0.62,0.0,BTC-27MAR20-16000-P,9921.4,0.0,0.0005,5.0,0.0,0.0,0.0,26.51607,-5.62051,-69.33042,6e-05,-0.68365
210.14,ETH-27SEP19,1569236340223,open,1.68,24.0,1.588,1.747,1.665017,305.01,1.356,0.0,ETH-27SEP19-560-P,209.23,0.0,0.0,0.0,0.0,0.0,0.0,0.00108,-0.04237,-0.05943,8e-05,-0.99847
210.14,ETH-27SEP19,1569236340225,open,0.91,79.0,0.849,0.962,0.903583,204.41,0.351,0.0,ETH-27SEP19-400-P,209.23,0.0,0.0,0.0,0.0,0.0,0.0,0.00111,-0.02931,-0.04244,0.00012,-0.99841
10213.96,BTC-27DEC19,1569236340225,open,0.51,211.9,0.46,0.5565,0.50730831,75.63,0.5,0.0,BTC-27DEC19-15000-P,9921.4,73.7,0.5045,1.9,0.511,2.0,78.1,15.03991,-5.99487,-34.4226,7e-05,-0.78924
10213.96,BTC-27DEC19,1569236340226,open,0.43,122.9,0.406,0.446,0.42557715,78.61,0.4475,0.0,BTC-27DEC19-6000-C,9921.4,74.34,0.423,13.0,0.4295,13.0,84.45,6.46716,-2.67931,13.57035,3e-05,0.93671
210.14,ETH-27SEP19,1569236340228,open,0.06,2435.0,0.027,0.087,0.05836,69.4,0.059,0.0,ETH-27SEP19-200-C,209.23,58.26,0.055,3.0,0.061,40.0,77.55,0.06631,-0.59364,0.0158,0.02038,0.7665
215.49,ETH-27DEC19,1569236340228,open,2.35,0.0,2.245,2.452,2.344246,101.28,None,0.0,ETH-27DEC19-720-P,209.23,0.0,0.003,5.0,0.0,0.0,0.0,0.05059,-0.02701,-1.86265,0.00041,-0.98115
10213.96,BTC-27DEC19,1569236340228,open,0.6,23.1,0.5495,0.645,0.59566473,75.95,0.5235,0.0,BTC-27DEC19-16000-P,9921.4,74.63,0.594,2.0,0.6,2.0,79.25,13.03442,-5.21699,-37.92672,6e-05,-0.83287
10213.96,BTC-27DEC19,1569236340229,open,0.27,88.4,0.2165,0.31,0.26382579,73.63,0.26,0.0,BTC-27DEC19-12000-P,9921.4,71.69,0.26,2.0,0.2665,2.0,74.99,20.17741,-7.83003,-22.81296,0.0001,-0.59544
10213.96,BTC-27DEC19,1569236340230,open,0.2,246.4,0.149,0.238,0.19423345,72.73,0.1765,0.0,BTC-27DEC19-11000-P,9921.4,71.39,0.1915,14.0,0.196,0.4,73.6,20.77253,-7.96204,-18.5855,0.00011,-0.5058
10213.96,BTC-27DEC19,1569236340232,open,0.3,91.7,0.2735,0.332,0.30340696,74.4,0.327,0.0,BTC-27DEC19-7500-C,9921.4,73.25,0.302,2.0,0.308,14.0,78.08,12.55141,-4.92125,14.30695,6e-05,0.84229
10213.96,BTC-27DEC19,1569236340233,open,0.42,291.4,0.374,0.471,0.42197704,75.2,0.375,0.0,BTC-27DEC19-14000-P,9921.4,72.79,0.418,2.0,0.4245,2.0,76.71,17.02847,-6.74889,-30.73999,8e-05,-0.73586
10213.96,BTC-27DEC19,1569236340234,open,0.04,574.4,0.0155,0.0665,0.03873001,75.64,0.0405,0.0,BTC-27DEC19-15000-C,9921.4,75.14,0.038,4.5,0.0395,24.3,76.16,15.04007,-5.995,4.56748,7e-05,0.21077
9970.18,SYN.BTC-4OCT19,1569236340238,open,0.05,46.0,0.022,0.0715,0.04449979,62.36,0.045,0.0,BTC-4OCT19-10000-P,9921.4,59.46,0.0425,10.7,0.047,15.7,65.99,6.86353,-19.67771,-1.58667,0.00037,-0.4896
210.14,ETH-27SEP19,1569236340242,open,0.15,2231.0,0.11,0.182,0.144514,83.39,0.1,0.0,ETH-27SEP19-240-P,209.23,0.0,0.142,300.0,0.88,5.0,500.0,0.02791,-0.30019,-0.02406,0.00714,-0.93362
210.14,ETH-27SEP19,1569236340244,open,0.01,2497.0,0.001,0.03,0.010152,69.54,0.014,0.0,ETH-27SEP19-200-P,209.23,65.84,0.009,2.0,0.013,163.0,78.32,0.06637,-0.59545,-0.00545,0.02036,-0.23392
10440.88,BTC-27MAR20,1569236340251,open,1.15,0.0,1.083,1.214,1.1457423,81.39,None,0.0,BTC-27MAR20-22000-P,9921.4,0.0,0.0,0.0,1.715,0.8,303.37,18.15873,-3.97569,-105.56034,4e-05,-0.83959
215.49,ETH-27DEC19,1569236340257,open,1.8,0.0,1.705,1.884,1.790461,98.17,0.953,0.0,ETH-27DEC19-600-P,209.23,0.0,0.0,0.0,0.0,0.0,0.0,0.0874,-0.04521,-1.54271,0.00074,-0.96374
210.14,ETH-27SEP19,1569236340257,open,1.48,12.0,1.403,1.551,1.474659,282.87,1.193,0.0,ETH-27SEP19-520-P,209.23,0.0,0.0,0.0,0.0,0.0,0.0,0.00107,-0.03914,-0.05518,8e-05,-0.99848
215.49,ETH-27DEC19,1569236340257,open,0.03,998.0,0.012,0.059,0.033129,85.92,0.029,0.0,ETH-27DEC19-360-C,209.23,83.45,0.03,32.0,0.036,300.0,88.11,0.27846,-0.12609,0.0769,0.00269,0.17042
210.55,SYN.ETH-4OCT19,1569236340257,open,0.05,40.0,0.022,0.077,0.049871,70.64,0.048,0.0,ETH-4OCT19-210-C,209.23,65.0,0.046,120.0,0.056,306.0,79.57,0.1445,-0.46927,0.0303,0.01549,0.53287
10440.88,BTC-27MAR20,1569236340259,open,1.7,0.0,1.6355,1.775,1.70118822,83.67,None,0.0,BTC-27MAR20-28000-P,9921.4,0.0,0.0,0.0,0.0,0.0,0.0,11.8922,-2.67663,-138.94668,3e-05,-0.91206
215.49,ETH-27DEC19,1569236340259,open,0.88,16.0,0.813,0.951,0.879998,88.65,1.195,0.0,ETH-27DEC19-400-P,209.23,0.0,0.001,8.0,0.0,0.0,0.0,0.2282,-0.10662,-0.98212,0.00213,-0.87338
215.49,ETH-27DEC19,1569236340259,open,1.25,21.0,1.167,1.321,1.240919,93.59,0.629,0.0,ETH-27DEC19-480-P,209.23,0.0,0.001,7.0,0.0,0.0,0.0,0.15546,-0.07668,-1.21322,0.00138,-0.92504
10031.14,SYN.BTC-25OCT19,1569236340259,open,0.0,383.8,0.0005,0.014,0.0042185,76.79,0.005,0.0,BTC-25OCT19-15000-C,9921.4,74.25,0.0035,44.5,0.005,34.9,79.29,2.9842,-3.59469,0.38798,4e-05,0.04851
215.49,ETH-27DEC19,1569236340261,open,1.06,0.0,0.989,1.135,1.05953,91.27,None,0.0,ETH-27DEC19-440-P,209.23,0.0,0.001,8.0,0.0,0.0,0.0,0.18793,-0.0904,-1.09952,0.00171,-0.90344
210.14,ETH-27SEP19,1569236340261,open,0.82,259.0,0.756,0.864,0.808404,189.02,0.94,0.0,ETH-27SEP19-380-P,209.23,0.0,0.009,8.0,0.0,0.0,0.0,0.00113,-0.02764,-0.04032,0.00013,-0.99838
215.49,ETH-27DEC19,1569236340263,open,0.37,2.0,0.342,0.397,0.370462,75.44,0.275,0.0,ETH-27DEC19-140-C,209.23,0.0,0.35,300.0,0.0,0.0,0.0,0.18495,-0.07353,0.2997,0.00203,0.90551
215.49,ETH-27DEC19,1569236340263,open,1.43,37.0,1.346,1.507,1.423068,94.91,0.707,0.0,ETH-27DEC19-520-P,209.23,0.0,0.002,25.0,0.0,0.0,0.0,0.12608,-0.06306,-1.32519,0.0011,-0.94278
215.49,ETH-27DEC19,1569236340283,open,1.98,0.0,1.885,2.073,1.974838,99.53,None,0.0,ETH-27DEC19-640-P,209.23,0.0,0.0,0.0,0.0,0.0,0.0,0.07327,-0.03844,-1.64989,0.00061,-0.97071
210.14,ETH-27SEP19,1569236340283,open,1.87,27.0,1.773,1.943,1.855375,325.64,1.044,0.0,ETH-27SEP19-600-P,209.23,0.0,0.0,0.0,0.0,0.0,0.0,0.00108,-0.04557,-0.06368,7e-05,-0.99846
215.49,ETH-27DEC19,1569236340285,open,0.02,5651.0,0.005,0.037,0.017577,91.16,0.016,0.0,ETH-27DEC19-440-C,209.23,88.08,0.015,260.0,0.02,300.0,93.86,0.18742,-0.09004,0.04404,0.0017,0.0962
215.49,ETH-27DEC19,1569236340285,open,0.05,1291.0,0.02,0.077,0.047574,82.77,0.051,0.0,ETH-27DEC19-320-C,209.23,80.46,0.044,102.0,0.051,300.0,84.94,0.33675,-0.14689,0.10438,0.00337,0.23392
215.49,ETH-27DEC19,1569236340287,open,0.11,4512.0,0.073,0.153,0.113872,75.48,0.111,0.0,ETH-27DEC19-200-P,209.23,71.31,0.106,300.0,0.117,332.0,77.14,0.40679,-0.16181,-0.25963,0.00447,-0.34965
215.49,ETH-27DEC19,1569236340289,open,2.17,0.0,2.065,2.262,2.159501,100.75,None,0.0,ETH-27DEC19-680-P,209.23,0.0,0.002,10.0,0.0,0.0,0.0,0.06167,-0.03274,-1.75639,0.00051,-0.97617
210.14,ETH-27SEP19,1569236340296,open,2.06,0.0,1.958,2.139,2.045734,344.95,None,0.0,ETH-27SEP19-640-P,209.23,0.0,0.0,0.0,0.0,0.0,0.0,0.0011,-0.04877,-0.06793,7e-05,-0.99844
215.49,ETH-27DEC19,1569236340298,open,0.71,257.0,0.639,0.771,0.703818,85.98,0.7,0.0,ETH-27DEC19-360-P,209.23,0.0,0.008,5.0,0.0,0.0,0.0,0.27871,-0.12629,-0.85877,0.00269,-0.82933
210.14,ETH-27SEP19,1569236340315,open,0.0,4171.0,0.001,0.012,0.002364,82.97,0.002,0.0,ETH-27SEP19-240-C,209.23,80.08,0.002,79.0,0.003,2.0,87.53,0.02758,-0.29518,0.00141,0.00709,0.06537
210.14,ETH-27SEP19,1569236340315,open,2.63,0.0,2.512,2.728,2.616809,396.48,None,0.0,ETH-27SEP19-760-P,209.23,0.0,0.0,0.0,0.0,0.0,0.0,0.00114,-0.05827,-0.08067,6e-05,-0.99837
210.14,ETH-27SEP19,1569236340317,open,1.29,0.0,1.218,1.354,1.2843,258.96,None,0.0,ETH-27SEP19-480-P,209.23,0.0,0.0,0.0,0.0,0.0,0.0,0.00107,-0.0359,-0.05094,9e-05,-0.99847
215.49,ETH-27DEC19,1569236340320,open,0.3,156.0,0.263,0.33,0.298757,75.45,0.3,0.0,ETH-27DEC19-160-C,209.23,0.0,0.257,300.0,0.394,1.0,141.69,0.27478,-0.10925,0.29929,0.00302,0.83307
210.14,ETH-27SEP19,1569236340320,open,0.62,294.0,0.571,0.668,0.618047,155.66,1.024,0.0,ETH-27SEP19-340-P,209.23,0.0,0.0,0.0,0.0,0.0,0.0,0.00122,-0.02445,-0.03606,0.00017,-0.99825
10213.96,BTC-27DEC19,1569236340321,open,0.3,91.7,0.2735,0.332,0.30340696,74.4,0.327,0.0,BTC-27DEC19-7500-C,9921.4,72.84,0.3015,2.0,0.308,14.0,78.08,12.55141,-4.92125,14.30695,6e-05,0.84229
215.49,ETH-27DEC19,1569236340323,open,0.07,1688.0,0.037,0.105,0.071342,79.45,0.084,0.0,ETH-27DEC19-280-C,209.23,77.63,0.068,240.0,0.076,350.0,81.96,0.39716,-0.16628,0.14405,0.00414,0.32852
215.49,ETH-27DEC19,1569236340325,open,2.54,0.0,2.425,2.645,2.530388,107.05,None,0.0,ETH-27DEC19-760-P,209.23,0.0,0.0,0.0,0.0,0.0,0.0,0.05511,-0.03109,-1.9658,0.00043,-0.97915
10213.96,BTC-27DEC19,1569236340329,open,0.34,112.0,0.2915,0.388,0.3399195,74.27,0.335,0.0,BTC-27DEC19-13000-P,9921.4,72.13,0.336,2.0,0.343,2.0,75.93,18.7938,-7.3557,-26.88741,9e-05,-0.67281
10213.96,BTC-27DEC19,1569236340330,open,0.16,481.5,0.1165,0.1925,0.15612962,72.67,0.157,0.0,BTC-27DEC19-10000-C,9921.4,71.34,0.1535,32.8,0.1585,14.4,73.87,20.17334,-7.72559,11.67192,0.0001,0.59576
10213.96,BTC-27DEC19,1569236340332,open,0.27,88.4,0.2165,0.31,0.26382579,73.63,0.26,0.0,BTC-27DEC19-12000-P,9921.4,71.69,0.26,2.0,0.267,10.0,75.24,20.17741,-7.83003,-22.81296,0.0001,-0.59544
10213.96,BTC-27DEC19,1569236340333,open,0.42,291.4,0.374,0.471,0.42197704,75.2,0.375,0.0,BTC-27DEC19-14000-P,9921.4,72.79,0.418,2.0,0.425,2.0,77.0,17.02847,-6.74889,-30.73999,8e-05,-0.73586
10031.14,SYN.BTC-25OCT19,1569236340334,open,0.08,114.4,0.0525,0.1085,0.08128912,67.84,0.083,0.0,BTC-25OCT19-10000-C,9921.4,67.17,0.0805,0.4,0.084,14.5,70.16,11.74719,-12.50148,4.07165,0.0002,0.54608
10213.96,BTC-27DEC19,1569236340335,open,0.6,23.1,0.5495,0.645,0.59566473,75.95,0.5235,0.0,BTC-27DEC19-16000-P,9921.4,74.63,0.594,2.0,0.6005,2.0,79.62,13.03442,-5.21699,-37.92672,6e-05,-0.83287
10031.14,SYN.BTC-25OCT19,1569236340368,open,0.4,8.3,0.39,0.4185,0.40389091,89.66,0.431,0.0,BTC-25OCT19-6000-C,9921.4,0.0,0.4005,14.0,0.41,14.0,117.47,1.382,-1.94369,5.0545,2e-05,0.98087
210.55,SYN.ETH-4OCT19,1569236340393,open,0.05,11.0,0.019,0.077,0.047299,70.71,0.038,0.0,ETH-4OCT19-210-P,209.23,62.99,0.042,296.0,0.051,120.0,76.1,0.1445,-0.46972,-0.03227,0.01547,-0.46712
10031.14,SYN.BTC-25OCT19,1569236340399,open,0.0,893.1,0.0005,0.0115,0.00174124,82.72,0.0015,0.0,BTC-25OCT19-17000-C,9921.4,76.78,0.001,34.0,0.0025,78.4,87.24,1.48927,-1.93242,0.16775,2e-05,0.02089
218.74,ETH-27MAR20,1569236340410,open,0.06,603.0,0.026,0.095,0.05869,88.49,0.057,0.0,ETH-27MAR20-440-C,209.23,86.2,0.054,300.0,0.063,32.0,90.53,0.45544,-0.10841,0.17352,0.00211,0.21446
10213.96,BTC-27DEC19,1569236340414,open,0.14,536.6,0.0945,0.175,0.13518182,72.67,0.135,0.0,BTC-27DEC19-10000-P,9921.4,71.31,0.1325,16.0,0.1375,2.9,73.84,20.17334,-7.72554,-14.32141,0.0001,-0.40424
9970.19,SYN.BTC-4OCT19,1569236340425,open,0.0,23.3,0.0005,0.0115,0.00152908,79.04,0.0015,0.0,BTC-4OCT19-13000-C,9921.4,73.97,0.001,46.0,0.002,12.0,82.7,1.18036,-4.28935,0.08544,5e-05,0.03029
215.49,ETH-27DEC19,1569236340464,open,0.07,5733.0,0.04,0.105,0.072449,75.47,0.067,0.0,ETH-27DEC19-180-P,209.23,70.89,0.065,540.0,0.073,32.0,75.8,0.35249,-0.14019,-0.18319,0.00387,-0.2546
10213.96,BTC-27DEC19,1569236340478,open,0.09,468.0,0.053,0.1245,0.08896315,73.63,0.0895,0.0,BTC-27DEC19-12000-C,9921.4,72.64,0.087,21.3,0.0905,1.0,74.41,20.17742,-7.83005,8.37905,0.0001,0.40456
211.79,SYN.ETH-25OCT19,1569236340478,open,0.03,869.0,0.01,0.048,0.027074,74.52,0.025,0.0,ETH-25OCT19-180-P,209.23,70.73,0.024,128.0,0.026,15.0,73.21,0.1742,-0.20363,-0.04164,0.00597,-0.19807
10440.87,BTC-27MAR20,1569236340482,open,0.07,117.4,0.031,0.105,0.06585828,79.76,0.0685,0.0,BTC-27MAR20-18000-C,9921.4,78.27,0.0625,13.0,0.0685,10.7,80.92,23.712,-5.08752,9.82788,5e-05,0.2507
10213.96,BTC-27DEC19,1569236340488,open,0.27,88.4,0.2165,0.31,0.26382579,73.63,0.26,0.0,BTC-27DEC19-12000-P,9921.4,71.69,0.26,10.0,0.267,10.0,75.24,20.17741,-7.83003,-22.81296,0.0001,-0.59544
9970.19,SYN.BTC-4OCT19,1569236340499,open,0.0,15.8,0.0005,0.012,0.0024463,75.51,0.0025,0.0,BTC-4OCT19-12500-C,9921.4,72.74,0.002,12.0,0.003,0.1,78.56,1.70331,-5.913,0.13381,8e-05,0.04749
10213.96,BTC-27DEC19,1569236340503,open,0.27,88.4,0.2165,0.31,0.26382579,73.63,0.26,0.0,BTC-27DEC19-12000-P,9921.4,71.69,0.26,10.0,0.267,2.0,75.24,20.17741,-7.83003,-22.81296,0.0001,-0.59544
9949.87,BTC-27SEP19,1569236340515,open,0.1,451.9,0.0775,0.1205,0.09906386,76.41,0.11,0.0,BTC-27SEP19-9000-C,9921.4,62.19,0.097,6.0,0.1005,6.0,84.09,1.72581,-17.01181,0.85204,0.00021,0.90553
9949.87,BTC-27SEP19,1569236340517,open,0.1,451.9,0.0775,0.1205,0.09906386,76.41,0.11,0.0,BTC-27SEP19-9000-C,9921.4,57.37,0.0965,6.0,0.1005,6.0,84.09,1.72581,-17.01181,0.85204,0.00021,0.90553
215.49,ETH-27DEC19,1569236340531,open,0.14,1842.0,0.1,0.182,0.143907,75.47,0.151,0.0,ETH-27DEC19-220-C,209.23,72.54,0.138,300.0,0.149,24.0,78.0,0.43411,-0.17265,0.23032,0.00477,0.55509
10440.89,BTC-27MAR20,1569236340565,open,2.08,0.0,2.0085,2.1565,2.07817168,85.33,None,0.0,BTC-27MAR20-32000-P,9921.4,0.0,0.001,1.0,0.0,0.0,0.0,9.15478,-2.10146,-160.34744,2e-05,-0.93757
9949.87,BTC-27SEP19,1569236340585,open,0.1,451.9,0.0775,0.1205,0.09906386,76.41,0.11,0.0,BTC-27SEP19-9000-C,9921.4,57.37,0.0965,10.0,0.1005,6.0,84.09,1.72581,-17.01181,0.85204,0.00021,0.90553
215.49,ETH-27DEC19,1569236340606,open,0.16,4912.0,0.117,0.21,0.164836,75.47,0.165,0.0,ETH-27DEC19-220-P,209.23,72.57,0.159,24.0,0.172,24.0,79.03,0.43411,-0.17265,-0.34153,0.00477,-0.44491
218.74,ETH-27MAR20,1569236340641,open,1.25,0.0,1.155,1.336,1.24393,90.24,None,0.0,ETH-27MAR20-480-P,209.23,0.0,0.003,10.0,0.0,0.0,0.0,0.41592,-0.10096,-2.2941,0.00189,-0.81553
210.55,SYN.ETH-4OCT19,1569236340645,open,0.03,0.0,0.01,0.058,0.032629,73.94,None,0.0,ETH-4OCT19-220-C,209.23,66.91,0.028,160.0,0.036,375.0,79.01,0.13942,-0.47391,0.0224,0.01427,0.38969
10031.14,SYN.BTC-25OCT19,1569236340645,open,0.5,0.0,0.467,0.535,0.49956326,76.8,None,0.0,BTC-25OCT19-15000-P,9921.4,0.0,0.0,0.0,0.0,0.0,0.0,2.98443,-3.59506,-12.71159,4e-05,-0.95149
10440.89,BTC-27MAR20,1569236340656,open,0.03,114.9,0.015,0.055,0.03316942,76.85,0.034,0.0,BTC-27MAR20-6000-P,9921.4,75.91,0.032,14.4,0.035,9.0,78.3,13.0291,-2.69337,-7.05453,3e-05,-0.09951
10031.14,SYN.BTC-25OCT19,1569236340680,open,0.0,551.6,0.0005,0.012,0.00202881,89.66,0.002,0.0,BTC-25OCT19-6000-P,9921.4,85.46,0.0015,27.0,0.0025,20.4,92.87,1.38209,-1.94387,-0.18536,2e-05,-0.01913
218.74,ETH-27MAR20,1569236340725,open,0.04,415.0,0.016,0.075,0.042466,91.9,0.049,0.0,ETH-27MAR20-520-C,209.23,89.87,0.039,200.0,0.046,300.0,93.9,0.38056,-0.09408,0.13147,0.0017,0.16049
9949.89,BTC-27SEP19,1569236340742,open,0.01,211.3,0.0005,0.0195,0.00591274,71.01,0.006,0.0,BTC-27SEP19-9250-P,9921.4,69.28,0.0055,32.0,0.0065,30.3,73.41,2.39828,-21.97208,-0.16549,0.00032,-0.15073
9949.87,BTC-27SEP19,1569236340762,open,0.1,451.9,0.0775,0.1205,0.09906386,76.41,0.11,0.0,BTC-27SEP19-9000-C,9921.4,57.37,0.0965,10.6,0.1005,6.0,84.09,1.72581,-17.01181,0.85204,0.00021,0.90553
10440.89,BTC-27MAR20,1569236340779,open,0.03,63.2,0.01,0.059,0.03034315,82.21,0.034,0.0,BTC-27MAR20-24000-C,9921.35,80.62,0.028,15.8,0.0325,27.8,83.61,15.77741,-3.48884,5.30866,3e-05,0.13019
10440.89,BTC-27MAR20,1569236340779,open,1.33,0.0,1.2655,1.399,1.32900217,82.21,None,0.0,BTC-27MAR20-24000-P,9921.35,0.0,0.0,0.0,0.0,0.0,0.0,15.77849,-3.48921,-116.91052,3e-05,-0.8698
10440.89,BTC-27MAR20,1569236340779,open,0.02,73.6,0.004,0.0365,0.01583447,84.37,0.015,0.0,BTC-27MAR20-30000-C,9921.35,82.46,0.014,19.8,0.0175,18.8,86.01,10.36011,-2.35137,3.05358,2e-05,0.07326
9949.89,BTC-27SEP19,1569236340779,open,0.0,573.7,0.0005,0.0115,0.00169605,91.34,0.0015,0.0,BTC-27SEP19-8500-P,9921.35,89.17,0.0015,30.0,0.002,2.5,94.44,0.93128,-10.97412,-0.04689,0.0001,-0.04268
10213.81,BTC-27DEC19,1569236340780,open,0.01,615.5,0.0005,0.0185,0.00826593,79.93,0.009,0.0,BTC-27DEC19-5500-P,9921.35,77.07,0.007,41.0,0.0095,36.0,82.51,4.71058,-1.98422,-1.34694,2e-05,-0.04247
9949.89,BTC-27SEP19,1569236340780,open,0.0,146.6,0.0005,0.0105,0.0,115.0,0.0005,0.0,BTC-27SEP19-26000-C,9921.35,0.0,0.0,0.0,0.001,44.0,364.4,0.0,0.0,0.0,0.0,0.0
9949.89,BTC-27SEP19,1569236340780,open,0.0,49.2,0.0005,0.0105,0.0,115.0,0.0015,0.0,BTC-27SEP19-3250-P,9921.35,0.0,0.0,0.0,0.0005,40.0,434.13,0.0,0.0,0.0,0.0,0.0
10213.81,BTC-27DEC19,1569236340780,open,1.36,0.0,1.3045,1.409,1.35401045,80.61,None,0.0,BTC-27DEC19-24000-P,9921.35,0.0,0.006,1.0,2.0495,0.2,499.8,3.59477,-1.52722,-61.68639,2e-05,-0.96947
10213.81,BTC-27DEC19,1569236340780,open,3.32,0.0,3.2235,3.399,3.30855479,100.47,3.46,0.0,BTC-27DEC19-44000-P,9921.35,0.0,0.001,1.0,0.0,0.0,0.0,0.7165,-0.37937,-114.26272,0.0,-0.99527
9949.89,BTC-27SEP19,1569236340780,open,0.0,494.4,0.0005,0.0115,0.00153772,81.32,0.0015,0.0,BTC-27SEP19-11500-C,9921.35,75.22,0.001,90.7,0.0015,0.1,80.93,0.98742,-10.35871,0.04687,0.00012,0.0459
9949.89,BTC-27SEP19,1569236340780,open,0.65,261.1,0.6385,0.658,0.64823661,0.0,0.714,0.0,BTC-27SEP19-3500-C,9921.35,0.0,0.64,16.0,0.6565,1.0,500.0,0.0,0.0,0.37164,0.0,1.0
10213.81,BTC-27DEC19,1569236340780,open,0.0,473.8,0.0005,0.0125,0.00299711,82.38,0.003,0.0,BTC-27DEC19-26000-C,9921.35,78.12,0.002,35.0,0.004,69.0,85.78,2.7293,-1.18485,0.50355,1e-05,0.02196
9949.89,BTC-27SEP19,1569236340780,open,0.0,438.2,0.0005,0.0105,0.0,115.0,0.0005,0.0,BTC-27SEP19-28000-C,9921.35,0.0,0.0,0.0,0.001,44.0,387.84,0.0,0.0,0.0,0.0,0.0
9949.89,BTC-27SEP19,1569236340780,open,0.16,25.7,0.1335,0.184,0.15733171,81.34,0.1685,0.0,BTC-27SEP19-11500-P,9921.35,0.0,0.153,7.0,0.162,1.0,111.99,0.98827,-10.37057,-1.17419,0.00012,-0.95405
9949.89,BTC-27SEP19,1569236340780,open,0.0,670.6,0.0005,0.0105,0.0,115.0,0.0005,0.0,BTC-27SEP19-22000-C,9921.35,0.0,0.0,0.0,0.001,26.0,310.37,0.0,0.0,0.0,0.0,0.0
10213.81,BTC-27DEC19,1569236340780,open,0.66,4.0,0.6485,0.668,0.6583519,91.92,0.666,0.0,BTC-27DEC19-3500-C,9921.35,0.0,0.6495,1.0,0.666,1.0,131.08,0.86878,-0.42084,8.91452,0.0,0.99413
9949.89,BTC-27SEP19,1569236340780,open,0.75,55.9,0.739,0.7585,0.74874044,0.0,0.689,0.0,BTC-27SEP19-2500-C,9921.35,0.0,0.7405,1.0,0.757,1.0,500.0,0.0,0.0,0.26546,0.0,1.0
10213.81,BTC-27DEC19,1569236340780,open,0.0,384.2,0.0005,0.0105,0.00075084,100.42,0.0005,0.0,BTC-27DEC19-3000-P,9921.35,95.71,0.0005,0.3,0.001,10.0,104.12,0.62225,-0.32932,-0.12716,0.0,-0.00404
9949.89,BTC-27SEP19,1569236340780,open,0.0,1282.6,0.0005,0.0105,0.00084,90.36,0.001,0.0,BTC-27SEP19-12000-C,9921.35,83.69,0.0005,110.6,0.001,0.1,92.9,0.59282,-6.91084,0.02519,6e-05,0.02468
9949.89,BTC-27SEP19,1569236340780,open,0.0,586.8,0.0005,0.0105,0.0,115.0,0.0005,0.0,BTC-27SEP19-3000-P,9921.35,0.0,0.0,0.0,0.0005,32.0,463.8,0.0,0.0,0.0,0.0,0.0
9949.89,BTC-27SEP19,1569236340780,open,0.0,1751.3,0.0005,0.015,0.00359829,76.41,0.0035,0.0,BTC-27SEP19-9000-P,9921.35,72.82,0.003,66.3,0.004,0.3,78.68,1.72596,-17.01447,-0.10362,0.00021,-0.09448
10213.81,BTC-27DEC19,1569236340780,open,0.01,772.8,0.0005,0.015,0.00511296,81.88,0.0055,0.0,BTC-27DEC19-5000-P,9921.35,78.18,0.004,51.5,0.006,33.5,84.51,3.28946,-1.41937,-0.86413,1e-05,-0.02744
10213.81,BTC-27DEC19,1569236340781,open,0.12,706.7,0.0785,0.154,0.11727603,72.73,0.1225,0.0,BTC-27DEC19-11000-C,9921.35,72.11,0.116,15.3,0.119,8.0,73.58,20.77222,-7.96222,10.00676,0.00011,0.49419
10213.81,BTC-27DEC19,1569236340781,open,0.52,65.4,0.502,0.5305,0.51558686,81.9,0.5195,0.0,BTC-27DEC19-5000-C,9921.35,0.0,0.503,12.0,0.527,12.0,106.88,3.29204,-1.42087,12.13166,1e-05,0.97254
9949.89,BTC-27SEP19,1569236340781,open,0.0,1463.2,0.0005,0.0105,0.00074102,104.0,0.001,0.0,BTC-27SEP19-8000-P,9921.35,98.14,0.0005,47.5,0.001,41.5,109.06,0.46156,-6.1928,-0.02018,4e-05,-0.01836
10213.81,BTC-27DEC19,1569236340781,open,0.76,0.0,0.746,0.7655,0.75573907,109.6,None,0.0,BTC-27DEC19-2500-C,9921.35,0.0,0.747,1.0,0.7635,1.0,167.84,0.41418,-0.23922,6.41671,0.0,0.99743
10213.81,BTC-27DEC19,1569236340781,open,0.01,387.6,0.0005,0.0185,0.00670992,79.75,0.0065,0.0,BTC-27DEC19-22000-C,9921.35,78.26,0.006,0.9,0.0075,20.4,81.3,5.03229,-2.1149,1.04565,2e-05,0.0461
10440.84,BTC-27MAR20,1569236340781,open,2.27,0.0,2.1955,2.3475,2.26714934,85.49,None,0.0,BTC-27MAR20-34000-P,9921.35,0.0,0.0,0.0,0.0,0.0,0.0,7.87168,-1.81026,-170.97363,2e-05,-0.94846
10213.81,BTC-27DEC19,1569236340781,open,0.38,63.0,0.3595,0.4055,0.38232657,76.47,0.4965,0.0,BTC-27DEC19-6500-C,9921.35,74.81,0.381,11.0,0.387,11.0,81.97,8.30487,-3.34676,14.06655,4e-05,0.91216
10213.81,BTC-27DEC19,1569236340781,open,0.03,307.2,0.011,0.0475,0.02719871,75.52,0.027,0.0,BTC-27DEC19-7000-P,9921.35,74.84,0.0265,8.0,0.0285,33.9,76.79,10.43147,-4.15181,-3.91434,5e-05,-0.12024
10213.81,BTC-27DEC19,1569236340781,open,0.34,51.4,0.3155,0.368,0.34186217,75.53,0.3395,0.0,BTC-27DEC19-7000-C,9921.35,73.69,0.34,2.0,0.3465,15.0,79.96,10.43273,-4.15285,14.28019,5e-05,0.87974
10213.81,BTC-27DEC19,1569236340781,open,0.05,597.9,0.026,0.0785,0.05103309,73.62,0.0505,0.0,BTC-27DEC19-8000-P,9921.35,72.89,0.05,13.0,0.0515,10.0,73.94,14.61609,-5.67044,-6.68742,7e-05,-0.20086
10213.81,BTC-27DEC19,1569236340781,open,0.03,304.8,0.0105,0.054,0.02918121,75.95,0.03,0.0,BTC-27DEC19-16000-C,9921.35,74.62,0.0275,38.6,0.0305,24.3,76.97,13.03433,-5.21712,3.66259,6e-05,0.16714
9949.89,BTC-27SEP19,1569236340781,open,0.0,492.7,0.0005,0.0105,0.0,115.0,0.0005,0.0,BTC-27SEP19-2000-P,9921.35,0.0,0.0,0.0,0.0005,51.4,500.0,0.0,0.0,0.0,0.0,0.0
9949.89,BTC-27SEP19,1569236340781,open,0.0,1268.3,0.0005,0.0145,0.00340158,73.3,0.003,0.0,BTC-27SEP19-11000-C,9921.35,70.99,0.003,0.3,0.004,45.3,76.53,1.7786,-16.81922,0.10039,0.00023,0.09842
9949.89,BTC-27SEP19,1569236340781,open,0.21,110.7,0.1825,0.234,0.20688591,90.4,0.1795,0.0,BTC-27SEP19-12000-P,9921.35,0.0,0.2025,7.0,0.2105,1.0,124.15,0.5939,-6.92653,-1.24896,6e-05,-0.97526
9970.19,SYN.BTC-4OCT19,1569236340779,open,0.31,0.0,0.2785,0.335,0.30541658,79.05,None,0.0,BTC-4OCT19-13000-P,9921.35,0.0,0.0,0.0,0.0,0.0,0.0,1.18089,-4.29178,-3.78805,5e-05,-0.96969
10213.81,BTC-27DEC19,1569236340781,open,0.0,1541.5,0.0005,0.0105,0.00049596,107.25,0.0005,0.0,BTC-27DEC19-52000-C,9921.35,0.0,0.0,0.0,0.001,40.0,114.43,0.53818,-0.30418,0.07803,0.0,0.00344
10031.14,SYN.BTC-25OCT19,1569236340780,open,0.22,1.0,0.1935,0.24,0.21695031,72.85,0.2275,0.0,BTC-25OCT19-8000-C,9921.35,24.64,0.2025,12.0,0.24,12.0,105.13,6.04421,-6.90653,5.77955,9e-05,0.8767
9949.84,BTC-27SEP19,1569236340782,open,0.0,392.7,0.0005,0.0105,0.0,115.0,0.0005,0.0,BTC-27SEP19-4500-P,9921.35,0.0,0.0,0.0,0.0005,30.0,314.03,0.0,0.0,0.0,0.0,0.0
9970.19,SYN.BTC-4OCT19,1569236340780,open,0.12,4.4,0.0875,0.144,0.11566131,65.04,0.1015,0.0,BTC-4OCT19-11000-P,9921.35,0.0,0.089,1.0,0.135,4.0,99.42,4.90805,-14.67613,-2.70153,0.00025,-0.79371
10213.81,BTC-27DEC19,1569236340782,open,0.0,642.1,0.0005,0.014,0.00428517,80.71,0.0045,0.0,BTC-27DEC19-24000-C,9921.35,78.35,0.0035,36.0,0.005,15.0,82.63,3.61345,-1.53702,0.7018,2e-05,0.03072
10213.81,BTC-27DEC19,1569236340782,open,0.0,433.2,0.0005,0.0105,0.00072512,101.34,0.001,0.0,BTC-27DEC19-44000-C,9921.35,0.0,0.0,0.0,0.0015,10.0,109.04,0.76768,-0.40999,0.11641,0.0,0.00511
9949.84,BTC-27SEP19,1569236340782,open,0.55,289.7,0.538,0.5575,0.54773278,196.34,0.588,0.0,BTC-27SEP19-4500-C,9921.35,0.0,0.5395,1.0,0.556,1.0,490.32,0.00125,-0.03167,0.47779,0.0,0.99997
9949.84,BTC-27SEP19,1569236340782,open,0.5,789.2,0.4875,0.507,0.49748087,172.12,0.5015,0.0,BTC-27SEP19-5000-C,9921.35,0.0,0.489,13.0,0.505,13.0,424.23,0.00156,-0.03455,0.53088,0.0,0.99996
10213.81,BTC-27DEC19,1569236340782,open,0.8,0.0,0.7945,0.814,0.80439234,115.16,None,0.0,BTC-27DEC19-2000-C,9921.35,0.0,0.796,1.0,0.8125,1.0,194.18,0.18612,-0.11296,5.16487,0.0,0.99893
10213.76,BTC-27DEC19,1569236340783,open,0.04,248.9,0.0175,0.0615,0.03769611,74.4,0.037,0.0,BTC-27DEC19-7500-P,9921.35,73.01,0.036,47.8,0.0395,50.4,75.85,12.55144,-4.92103,-5.18809,6e-05,-0.15772
10213.76,BTC-27DEC19,1569236340782,open,4.1,0.8,3.9915,4.1975,4.09156739,105.19,3.59,0.0,BTC-27DEC19-52000-P,9921.35,0.0,0.001,2.0,0.0,0.0,0.0,0.45236,-0.25076,-135.1007,0.0,-0.99717
9949.84,BTC-27SEP19,1569236340782,open,1.42,0.2,1.365,1.461,1.41209182,0.0,1.6,0.0,BTC-27SEP19-24000-P,9921.35,0.0,0.015,1.0,0.0,0.0,0.0,0.0,0.0,-2.5484,0.0,-1.0
9970.19,SYN.BTC-4OCT19,1569236340780,open,0.01,32.9,0.0015,0.0265,0.01120893,66.73,0.011,0.0,BTC-4OCT19-9000-P,9921.35,63.94,0.01,22.1,0.0125,24.0,69.62,4.38763,-13.46117,-0.54424,0.00022,-0.17199
10213.76,BTC-27DEC19,1569236340783,open,0.21,166.5,0.168,0.2405,0.20595795,72.91,0.212,0.0,BTC-27DEC19-9000-C,9921.35,71.52,0.2035,16.2,0.2095,25.2,74.91,18.08851,-6.95052,13.13287,9e-05,0.70062
9949.84,BTC-27SEP19,1569236340783,open,0.0,125.2,0.0005,0.0105,0.0,115.0,0.0005,0.0,BTC-27SEP19-3750-P,9921.35,0.0,0.0,0.0,0.0005,30.0,381.25,0.0,0.0,0.0,0.0,0.0
9949.84,BTC-27SEP19,1569236340783,open,0.0,976.7,0.0005,0.0105,9.8e-06,115.0,0.0005,0.0,BTC-27SEP19-15000-C,9921.35,0.0,0.0,0.0,0.001,15.0,178.39,0.01243,-0.09749,0.00034,0.0,0.00033
10213.76,BTC-27DEC19,1569236340783,open,0.0,326.0,0.0005,0.011,0.00122591,87.04,0.002,0.0,BTC-27DEC19-32000-C,9921.35,79.41,0.0005,61.6,0.002,60.0,92.07,1.30878,-0.60037,0.2157,1e-05,0.00935
10213.76,BTC-27DEC19,1569236340784,open,0.02,446.8,0.0065,0.0355,0.0187105,76.46,0.0195,0.0,BTC-27DEC19-6500-P,9921.35,74.95,0.0175,62.5,0.0195,10.0,77.42,8.30324,-3.34557,-2.82826,4e-05,-0.08782
9949.84,BTC-27SEP19,1569236340784,open,0.0,761.0,0.0005,0.0105,0.0,115.0,0.0005,0.0,BTC-27SEP19-32000-C,9921.35,0.0,0.0,0.0,0.001,44.0,429.36,0.0,0.0,0.0,0.0,0.0
10440.84,BTC-27MAR20,1569236340784,open,0.01,57.7,0.0005,0.025,0.00939981,86.73,0.009,0.0,BTC-27MAR20-36000-C,9921.35,83.75,0.0075,36.3,0.011,32.3,88.96,7.12164,-1.66149,1.91786,1e-05,0.04547
9970.19,SYN.BTC-4OCT19,1569236340779,open,0.01,49.1,0.002,0.0285,0.01237079,65.04,0.0135,0.0,BTC-4OCT19-11000-C,9921.35,63.25,0.0115,18.0,0.0125,5.1,65.3,4.90781,-14.67447,0.57603,0.00025,0.20627
9949.84,BTC-27SEP19,1569236340784,open,0.6,227.5,0.588,0.6075,0.5979847,223.08,0.606,0.0,BTC-27SEP19-4000-C,9921.35,0.0,0.5895,15.0,0.606,1.0,500.0,0.001,-0.02868,0.42471,0.0,0.99998
9949.84,BTC-27SEP19,1569236340784,open,1.62,0.0,1.562,1.666,1.61309947,0.0,None,0.0,BTC-27SEP19-26000-P,9921.35,0.0,0.0,0.0,0.0,0.0,0.0,0.0,0.0,-2.76077,0.0,-1.0
9949.84,BTC-27SEP19,1569236340784,open,0.57,9.1,0.563,0.5825,0.57285874,209.35,0.6095,0.0,BTC-27SEP19-4250-C,9921.35,0.0,0.5645,1.0,0.581,1.0,500.0,0.00112,-0.03019,0.45125,0.0,0.99997
9949.84,BTC-27SEP19,1569236340785,open,0.0,300.4,0.0005,0.0105,0.0,115.0,0.0005,0.0,BTC-27SEP19-24000-C,9921.35,0.0,0.0,0.0,0.001,44.0,338.73,0.0,0.0,0.0,0.0,0.0
10213.76,BTC-27DEC19,1569236340784,open,0.85,0.1,0.8435,0.863,0.85317281,115.78,0.868,0.0,BTC-27DEC19-1500-C,9921.35,0.0,0.845,1.0,0.8615,1.0,229.5,0.03881,-0.02368,3.8929,0.0,0.9998
10213.76,BTC-27DEC19,1569236340785,open,1.17,4.9,1.1135,1.2135,1.16062476,79.66,1.0385,0.0,BTC-27DEC19-22000-P,9921.35,0.0,0.006,2.0,1.8645,0.3,499.73,5.01321,-2.10462,-56.14435,2e-05,-0.95412
9949.84,BTC-27SEP19,1569236340784,open,0.0,1262.1,0.0005,0.0105,4.253e-05,115.0,0.0005,0.0,BTC-27SEP19-7000-P,9921.35,0.0,0.0,0.0,0.0005,5.0,149.64,0.04193,-0.42315,-0.00135,0.0,-0.00124
9949.84,BTC-27SEP19,1569236340785,open,0.29,725.8,0.2825,0.3105,0.29651575,115.49,0.305,0.0,BTC-27SEP19-7000-C,9921.35,0.0,0.2925,14.0,0.301,14.0,216.0,0.04353,-0.6486,0.74188,0.0,0.99871
9949.84,BTC-27SEP19,1569236340785,open,0.0,1107.7,0.0005,0.0105,0.0,115.0,0.001,0.0,BTC-27SEP19-4250-P,9921.35,0.0,0.0,0.0,0.001,44.0,365.38,0.0,0.0,0.0,0.0,0.0
9949.84,BTC-27SEP19,1569236340785,open,0.52,13.5,0.513,0.5325,0.52260683,183.95,0.382,0.0,BTC-27SEP19-4750-C,9921.35,0.0,0.5145,1.0,0.5305,1.0,456.34,0.0014,-0.03313,0.50434,0.0,0.99997
9949.84,BTC-27SEP19,1569236340785,open,0.0,1660.1,0.0005,0.0105,0.0,115.0,0.0005,0.0,BTC-27SEP19-1500-P,9921.35,0.0,0.0,0.0,0.0005,97.1,500.0,0.0,0.0,0.0,0.0,0.0
9949.84,BTC-27SEP19,1569236340785,open,1.22,0.2,1.168,1.256,1.21108416,0.0,1.391,0.0,BTC-27SEP19-22000-P,9921.35,0.0,0.005,10.0,0.0,0.0,0.0,0.0,0.0,-2.33604,0.0,-1.0
9949.84,BTC-27SEP19,1569236340785,open,0.62,0.0,0.6135,0.633,0.62311065,237.59,None,0.0,BTC-27SEP19-3750-C,9921.35,0.0,0.615,1.0,0.631,15.0,500.0,0.00089,-0.02713,0.39817,0.0,0.99998
9949.84,BTC-27SEP19,1569236340785,open,0.0,548.1,0.0005,0.0105,8.094e-05,115.0,0.0005,0.0,BTC-27SEP19-14000-C,9921.35,0.0,0.0,0.0,0.001,44.0,152.92,0.07617,-0.80531,0.00243,1e-05,0.00238
9949.84,BTC-27SEP19,1569236340785,open,0.45,221.9,0.436,0.458,0.44722896,149.96,0.446,0.0,BTC-27SEP19-5500-C,9921.35,0.0,0.438,12.0,0.4555,12.0,381.27,0.00193,-0.03738,0.58396,0.0,0.99995
9949.84,BTC-27SEP19,1569236340785,open,0.0,422.0,0.0005,0.0105,0.0,115.0,0.0005,0.0,BTC-27SEP19-3500-P,9921.35,0.0,0.0,0.0,0.0005,31.0,406.72,0.0,0.0,0.0,0.0,0.0
9949.84,BTC-27SEP19,1569236340785,open,0.0,484.6,0.0005,0.0105,0.0,115.0,0.0005,0.0,BTC-27SEP19-4000-P,9921.35,0.0,0.0,0.0,0.0005,32.0,357.44,0.0,0.0,0.0,0.0,0.0
10031.14,SYN.BTC-25OCT19,1569236340780,open,0.01,691.3,0.0005,0.0155,0.00573374,80.82,0.006,0.0,BTC-25OCT19-7000-P,9921.35,78.41,0.005,50.0,0.0065,56.8,83.18,3.15429,-3.99897,-0.50576,4e-05,-0.052
9949.84,BTC-27SEP19,1569236340786,open,0.51,26.6,0.478,0.5385,0.50756718,110.37,0.459,0.0,BTC-27SEP19-15000-P,9921.35,0.0,0.33,5.0,0.0,0.0,0.0,0.00744,-0.10593,-1.59256,0.0,-0.99981
9949.84,BTC-27SEP19,1569236340786,open,2.22,0.0,2.1535,2.2815,2.21612242,0.0,None,0.0,BTC-27SEP19-32000-P,9921.35,0.0,0.0,0.0,0.0,0.0,0.0,0.0,0.0,-3.39787,0.0,-1.0
10031.14,SYN.BTC-25OCT19,1569236340780,open,0.31,4.0,0.29,0.3265,0.30790549,80.82,0.3035,0.0,BTC-25OCT19-7000-C,9921.35,50.5,0.3025,12.0,0.324,12.0,116.61,3.15402,-3.99848,5.60744,4e-05,0.94801
10031.14,SYN.BTC-25OCT19,1569236340779,open,0.22,20.9,0.187,0.2555,0.22087986,70.59,0.1975,0.0,BTC-25OCT19-12000-P,9921.35,0.0,0.196,32.0,1.22,2.0,500.0,8.89489,-9.84933,-8.72246,0.00014,-0.77481
10213.76,BTC-27DEC19,1569236340787,open,0.71,0.0,0.6975,0.717,0.70703518,100.52,None,0.0,BTC-27DEC19-3000-C,9921.35,0.0,0.6985,1.0,0.715,1.0,148.7,0.62556,-0.33138,7.67006,0.0,0.99594
10213.76,BTC-27DEC19,1569236340787,open,0.0,708.6,0.0005,0.0115,0.00153298,85.06,0.002,0.0,BTC-27DEC19-30000-C,9921.35,81.1,0.001,6.0,0.002,20.0,87.79,1.58852,-0.71213,0.26934,1e-05,0.01168
9970.19,SYN.BTC-4OCT19,1569236340780,open,0.26,0.0,0.2295,0.2855,0.25618548,75.52,None,0.0,BTC-4OCT19-12500-P,9921.35,0.0,0.0,0.0,0.0,0.0,0.0,1.70421,-5.91717,-3.59066,8e-05,-0.95248
215.49,ETH-27DEC19,1569236340800,open,0.07,1688.0,0.037,0.105,0.071342,79.45,0.084,0.0,ETH-27DEC19-280-C,209.23,77.08,0.067,32.0,0.076,350.0,81.96,0.39716,-0.16628,0.14405,0.00414,0.32852
215.49,ETH-27DEC19,1569236340802,open,0.07,1688.0,0.037,0.105,0.071342,79.45,0.084,0.0,ETH-27DEC19-280-C,209.23,77.08,0.067,332.0,0.076,350.0,81.96,0.39716,-0.16628,0.14405,0.00414,0.32852
215.49,ETH-27DEC19,1569236340807,open,0.07,1688.0,0.037,0.105,0.071342,79.45,0.084,0.0,ETH-27DEC19-280-C,209.23,77.08,0.067,572.0,0.076,350.0,81.96,0.39716,-0.16628,0.14405,0.00414,0.32852
218.74,ETH-27MAR20,1569236340809,open,1.43,0.0,1.328,1.516,1.419718,91.9,None,0.0,ETH-27MAR20-520-P,209.23,0.0,0.005,10.0,0.0,0.0,0.0,0.38056,-0.09408,-2.51662,0.0017,-0.83951
10213.76,BTC-27DEC19,1569236340868,open,0.6,23.1,0.5495,0.645,0.59566473,75.93,0.5235,0.0,BTC-27DEC19-16000-P,9921.35,74.2,0.5935,2.0,0.6005,2.0,79.6,13.02884,-5.21331,-37.92882,6e-05,-0.83297
10213.76,BTC-27DEC19,1569236340876,open,0.43,122.9,0.406,0.446,0.42556714,78.63,0.4475,0.0,BTC-27DEC19-6000-C,9921.35,74.35,0.423,13.0,0.4295,11.0,84.46,6.46965,-2.68085,13.56923,3e-05,0.93668
9949.89,BTC-27SEP19,1569236340893,open,0.04,43.0,0.0145,0.06,0.03718878,63.69,0.0365,0.0,BTC-27SEP19-9750-C,9921.35,59.32,0.0355,0.5,0.038,0.5,65.78,3.8579,-31.69774,0.63037,0.00058,0.63384
211.79,SYN.ETH-25OCT19,1569236340922,open,0.18,96.0,0.135,0.221,0.178875,78.39,0.149,0.0,ETH-25OCT19-240-P,209.23,39.17,0.142,1.0,0.205,14.0,101.88,0.22822,-0.28063,-0.15593,0.00743,-0.66422
215.49,ETH-27DEC19,1569236340934,open,0.45,0.0,0.389,0.511,0.450465,81.33,None,0.0,ETH-27DEC19-300-P,209.23,63.19,0.422,240.0,0.0,0.0,0.0,0.36816,-0.15781,-0.65707,0.00375,-0.7226
211.79,SYN.ETH-25OCT19,1569236340948,open,0.34,3.0,0.294,0.39,0.341136,84.69,0.645,0.0,ETH-25OCT19-280-P,209.23,0.0,0.0,0.0,0.0,0.0,0.0,0.15289,-0.20311,-0.21828,0.00461,-0.83902
9949.89,BTC-27SEP19,1569236341036,open,0.04,43.0,0.0145,0.06,0.03718878,63.69,0.0365,0.0,BTC-27SEP19-9750-C,9921.35,59.32,0.0355,1.1,0.038,0.5,65.78,3.8579,-31.69774,0.63037,0.00058,0.63384
10031.14,SYN.BTC-25OCT19,1569236341234,open,0.08,114.4,0.0525,0.1085,0.08128938,67.84,0.083,0.0,BTC-25OCT19-10000-C,9921.35,67.17,0.0805,3.9,0.084,14.5,70.16,11.74719,-12.50148,4.07165,0.0002,0.54608
10031.14,SYN.BTC-25OCT19,1569236341247,open,0.08,311.0,0.049,0.1075,0.0781855,67.85,0.078,0.0,BTC-25OCT19-10000-P,9921.35,65.55,0.0755,23.0,0.0795,11.6,68.97,11.74719,-12.50153,-4.66142,0.0002,-0.45392
10213.76,BTC-27DEC19,1569236341284,open,0.27,88.4,0.2165,0.31,0.26384255,73.63,0.26,0.0,BTC-27DEC19-12000-P,9921.35,71.94,0.2605,7.0,0.267,2.0,75.23,20.17676,-7.82977,-22.8135,0.0001,-0.59546
9949.85,BTC-27SEP19,1569236341320,open,0.04,43.0,0.0145,0.06,0.03718878,63.7,0.0365,0.0,BTC-27SEP19-9750-C,9921.35,59.33,0.0355,0.5,0.038,0.5,65.79,3.85802,-31.70351,0.63033,0.00058,0.6338
9949.89,BTC-27SEP19,1569236341321,open,0.16,25.7,0.1335,0.184,0.1573294,81.34,0.1685,0.0,BTC-27SEP19-11500-P,9921.35,0.0,0.153,7.0,0.1625,7.0,114.44,0.98827,-10.37057,-1.17419,0.00012,-0.95405
9949.85,BTC-27SEP19,1569236341330,open,0.04,43.0,0.0145,0.06,0.03718878,63.7,0.0365,0.0,BTC-27SEP19-9750-C,9921.35,59.33,0.0355,1.1,0.038,0.5,65.79,3.85802,-31.70351,0.63033,0.00058,0.6338
9949.85,BTC-27SEP19,1569236341333,open,0.19,860.2,0.18,0.215,0.19670805,103.98,0.205,0.0,BTC-27SEP19-8000-C,9921.35,0.0,0.192,13.0,0.2005,13.0,146.87,0.46127,-6.18783,0.8293,4e-05,0.98166
9949.85,BTC-27SEP19,1569236341337,open,0.1,451.9,0.0775,0.1205,0.0990614,76.41,0.11,0.0,BTC-27SEP19-9000-C,9921.35,57.38,0.0965,10.0,0.1005,6.0,84.1,1.72585,-17.01206,0.85204,0.00021,0.90553
9949.85,BTC-27SEP19,1569236341341,open,0.04,43.0,0.0145,0.06,0.03718878,63.7,0.0365,0.0,BTC-27SEP19-9750-C,9921.35,59.33,0.0355,0.5,0.038,0.5,65.79,3.85802,-31.70351,0.63033,0.00058,0.6338
9949.85,BTC-27SEP19,1569236341351,open,0.04,43.0,0.0145,0.06,0.03718878,63.7,0.0365,0.0,BTC-27SEP19-9750-C,9921.35,59.33,0.0355,1.1,0.038,0.5,65.79,3.85802,-31.70351,0.63033,0.00058,0.6338
10213.81,BTC-27DEC19,1569236341367,open,0.14,536.6,0.0945,0.175,0.13518965,72.66,0.135,0.0,BTC-27DEC19-10000-P,9921.35,71.31,0.1325,18.5,0.1375,2.9,73.84,20.17328,-7.72511,-14.32168,0.0001,-0.40426
10213.76,BTC-27DEC19,1569236341387,open,0.0,621.5,0.0005,0.0105,0.00074349,89.7,0.001,0.0,BTC-27DEC19-36000-C,9921.35,86.35,0.0005,645.9,0.001,0.9,92.44,0.85502,-0.40419,0.13341,0.0,0.00577
9949.85,BTC-27SEP19,1569236341409,open,0.8,28.2,0.789,0.8085,0.79899275,380.27,0.755,0.0,BTC-27SEP19-2000-C,9921.35,0.0,0.7905,1.0,0.807,1.0,500.0,0.00041,-0.0202,0.21236,0.0,0.99999
10213.76,BTC-27DEC19,1569236341410,open,0.0,707.2,0.0005,0.013,0.00316541,84.87,0.003,0.0,BTC-27DEC19-4500-P,9921.35,81.62,0.0025,8.0,0.004,48.0,88.42,2.24005,-1.00196,-0.54613,1e-05,-0.01741
10031.14,SYN.BTC-25OCT19,1569236341412,open,0.05,354.1,0.022,0.07,0.04537598,69.02,0.0445,0.0,BTC-25OCT19-11000-C,9921.35,67.78,0.044,22.5,0.047,26.0,70.48,11.12325,-12.04221,2.78371,0.00018,0.36314
9970.19,SYN.BTC-4OCT19,1569236341413,open,0.07,5.0,0.0455,0.0955,0.0703309,63.5,0.074,0.0,BTC-4OCT19-9500-C,9921.35,59.65,0.068,10.0,0.0735,29.0,68.67,6.07261,-17.72806,1.84056,0.00032,0.68989
10440.89,BTC-27MAR20,1569236341429,open,0.19,169.1,0.1375,0.2355,0.18763528,75.58,0.19,0.0,BTC-27MAR20-10000-P,9921.35,73.66,0.1825,11.9,0.191,13.0,76.84,27.96162,-5.68478,-29.29298,7e-05,-0.36329
9970.19,SYN.BTC-4OCT19,1569236341441,open,0.02,52.4,0.007,0.0445,0.0234122,63.83,0.0235,0.0,BTC-4OCT19-10500-C,9921.35,59.98,0.021,47.4,0.025,18.4,66.33,6.29975,-18.4854,0.9379,0.00033,0.33912
9949.85,BTC-27SEP19,1569236341454,open,0.52,13.5,0.513,0.5325,0.52260539,0.0,0.382,0.0,BTC-27SEP19-4750-C,9921.35,0.0,0.514,1.0,0.5305,1.0,456.33,0.0,0.0,0.50437,0.0,1.0
9949.85,BTC-27SEP19,1569236341456,open,0.11,302.1,0.0845,0.1355,0.10894674,73.31,0.103,0.0,BTC-27SEP19-11000-P,9921.35,0.0,0.105,12.0,0.113,1.0,92.16,1.77876,-16.82238,-1.06761,0.00023,-0.90156
9949.85,BTC-27SEP19,1569236341452,open,0.03,1165.5,0.0085,0.0525,0.02851633,62.9,0.0295,0.0,BTC-27SEP19-10000-P,9921.35,59.21,0.027,13.5,0.0295,0.4,65.3,4.08613,-33.15761,-0.57741,0.00062,-0.51801
9949.85,BTC-27SEP19,1569236341467,open,0.02,337.2,0.0025,0.038,0.01709911,63.69,0.018,0.0,BTC-27SEP19-9750-P,9921.35,62.14,0.0165,0.5,0.0185,49.0,67.29,3.85796,-31.69795,-0.40494,0.00058,-0.36618
9949.89,BTC-27SEP19,1569236341481,open,0.01,303.4,0.0005,0.024,0.00833986,65.4,0.009,0.0,BTC-27SEP19-10500-C,9921.35,60.93,0.007,60.4,0.009,0.3,67.53,3.05293,-25.75655,0.22592,0.00044,0.22217
10213.76,BTC-27DEC19,1569236341501,open,0.14,536.6,0.0945,0.175,0.13518965,72.67,0.135,0.0,BTC-27DEC19-10000-P,9921.35,71.3,0.1325,16.0,0.1375,2.9,73.84,20.17322,-7.72536,-14.32191,0.0001,-0.40426
10213.76,BTC-27DEC19,1569236341541,open,0.2,246.4,0.149,0.238,0.19424369,72.73,0.1765,0.0,BTC-27DEC19-11000-P,9921.35,71.38,0.1915,13.0,0.196,0.4,73.59,20.7721,-7.96169,-18.58606,0.00011,-0.50582
10213.76,BTC-27DEC19,1569236341585,open,0.71,0.0,0.6975,0.717,0.70702952,100.43,None,0.0,BTC-27DEC19-3000-C,9921.35,0.0,0.6985,1.0,0.7145,1.0,146.88,0.6223,-0.32935,7.67083,0.0,0.99596
10440.84,BTC-27MAR20,1569236341588,open,0.31,51.3,0.2545,0.3685,0.31272309,76.36,0.305,0.0,BTC-27MAR20-12000-P,9921.35,74.7,0.308,9.0,0.319,11.0,78.57,29.71989,-6.10476,-42.85067,7e-05,-0.4932
9949.89,BTC-27SEP19,1569236341590,open,0.16,25.7,0.1335,0.184,0.1573294,81.34,0.1685,0.0,BTC-27SEP19-11500-P,9921.35,0.0,0.153,7.0,0.1625,1.0,114.44,0.98827,-10.37057,-1.17419,0.00012,-0.95405
9949.85,BTC-27SEP19,1569236341590,open,0.04,43.0,0.0145,0.06,0.03718878,63.7,0.0365,0.0,BTC-27SEP19-9750-C,9921.35,59.33,0.0355,0.5,0.038,0.5,65.79,3.85802,-31.70351,0.63033,0.00058,0.6338
9949.85,BTC-27SEP19,1569236341591,open,0.03,1165.5,0.0085,0.0525,0.02851633,62.9,0.0295,0.0,BTC-27SEP19-10000-P,9921.35,59.21,0.027,14.1,0.0295,0.4,65.3,4.08613,-33.15761,-0.57741,0.00062,-0.51801
9949.85,BTC-27SEP19,1569236341592,open,0.04,43.0,0.0145,0.06,0.03718878,63.7,0.0365,0.0,BTC-27SEP19-9750-C,9921.35,59.33,0.0355,1.1,0.038,0.5,65.79,3.85802,-31.70351,0.63033,0.00058,0.6338
9949.85,BTC-27SEP19,1569236341594,open,0.11,302.1,0.0845,0.1355,0.10894674,73.31,0.103,0.0,BTC-27SEP19-11000-P,9921.35,0.0,0.105,12.0,0.1135,8.0,94.16,1.77876,-16.82238,-1.06761,0.00023,-0.90156
10213.76,BTC-27DEC19,1569236341592,open,0.38,63.0,0.3595,0.4055,0.38231873,76.46,0.4965,0.0,BTC-27DEC19-6500-C,9921.35,74.18,0.3805,13.0,0.387,11.0,81.97,8.30405,-3.34615,14.06698,4e-05,0.91217
9949.89,BTC-27SEP19,1569236341615,open,0.14,2.8,0.109,0.159,0.13265651,75.27,0.129,0.0,BTC-27SEP19-11250-P,9921.35,0.0,0.1285,12.0,0.1375,4.0,102.69,1.24103,-12.05171,-1.13197,0.00016,-0.93876
9970.19,SYN.BTC-4OCT19,1569236341663,open,0.0,201.7,0.0005,0.014,0.00400024,71.71,0.0045,0.0,BTC-4OCT19-12000-C,9921.35,67.33,0.003,51.9,0.005,1.0,75.54,2.45129,-8.08088,0.21274,0.00012,0.07561
9949.89,BTC-27SEP19,1569236341673,open,0.14,2.8,0.109,0.159,0.13265651,75.27,0.129,0.0,BTC-27SEP19-11250-P,9921.35,0.0,0.1285,12.0,0.138,8.0,104.9,1.24103,-12.05171,-1.13197,0.00016,-0.93876
10440.85,BTC-27MAR20,1569236341682,open,0.12,225.2,0.073,0.164,0.11883477,77.66,0.1245,0.0,BTC-27MAR20-14000-C,9921.35,76.44,0.1155,14.2,0.122,0.4,78.8,28.79352,-6.01472,14.97225,7e-05,0.40043
10031.14,SYN.BTC-25OCT19,1569236341685,open,0.04,310.0,0.016,0.058,0.03553438,68.27,0.035,0.0,BTC-25OCT19-9000-P,9921.35,66.67,0.034,41.5,0.037,17.6,69.79,9.6453,-10.32927,-2.60274,0.00016,-0.26157
210.55,SYN.ETH-4OCT19,1569236341685,open,0.16,0.0,0.114,0.193,0.153129,79.43,None,0.0,ETH-4OCT19-240-P,209.23,0.0,0.0,0.0,0.0,0.0,0.0,0.09791,-0.35756,-0.06056,0.00933,-0.81224
10213.76,BTC-27DEC19,1569236341688,open,0.21,166.5,0.168,0.2405,0.20594824,72.91,0.212,0.0,BTC-27DEC19-9000-C,9921.35,71.52,0.2035,14.0,0.2095,25.2,74.91,18.0884,-6.94996,13.13323,9e-05,0.70063
10213.76,BTC-27DEC19,1569236341690,open,0.12,706.7,0.0785,0.154,0.11727046,72.73,0.1225,0.0,BTC-27DEC19-11000-C,9921.35,72.11,0.116,13.0,0.119,8.0,73.58,20.77211,-7.96197,10.00662,0.00011,0.49418
9970.19,SYN.BTC-4OCT19,1569236341697,open,0.02,77.1,0.007,0.045,0.02317095,63.5,0.024,0.0,BTC-4OCT19-9500-P,9921.35,60.75,0.0215,12.7,0.0245,0.2,65.68,6.07265,-17.72885,-0.99012,0.00032,-0.31012
9970.19,SYN.BTC-4OCT19,1569236341699,open,0.04,35.2,0.02,0.0665,0.0415099,62.36,0.044,0.0,BTC-4OCT19-10000-C,9921.35,60.17,0.04,25.6,0.0435,4.2,65.25,6.86354,-19.67763,1.39299,0.00037,0.51041
10031.14,SYN.BTC-25OCT19,1569236341710,open,0.08,114.4,0.0525,0.1085,0.08128938,67.84,0.083,0.0,BTC-25OCT19-10000-C,9921.35,67.17,0.0805,3.9,0.084,13.5,70.16,11.74719,-12.50148,4.07165,0.0002,0.54608
9970.19,SYN.BTC-4OCT19,1569236341717,open,0.05,46.0,0.022,0.0715,0.04449943,62.36,0.045,0.0,BTC-4OCT19-10000-P,9921.35,59.46,0.0425,10.7,0.047,14.5,65.99,6.86354,-19.67806,-1.58666,0.00037,-0.48959
10213.76,BTC-27DEC19,1569236341723,open,0.01,1103.5,0.0035,0.0265,0.01300959,78.61,0.0125,0.0,BTC-27DEC19-6000-P,9921.35,76.99,0.012,30.0,0.014,34.0,80.15,6.46732,-2.67932,-2.02572,3e-05,-0.06329
10031.14,SYN.BTC-25OCT19,1569236341725,open,0.08,311.0,0.049,0.1075,0.0781855,67.85,0.078,0.0,BTC-25OCT19-10000-P,9921.35,65.55,0.0755,21.8,0.0795,11.6,68.97,11.74719,-12.50153,-4.66142,0.0002,-0.45392
9970.19,SYN.BTC-4OCT19,1569236341732,open,0.02,52.4,0.007,0.0445,0.0234122,63.83,0.0235,0.0,BTC-4OCT19-10500-C,9921.35,59.98,0.021,46.7,0.025,18.4,66.33,6.29975,-18.4854,0.9379,0.00033,0.33912
9949.89,BTC-27SEP19,1569236341737,open,0.01,209.4,0.0015,0.033,0.01396457,63.15,0.014,0.0,BTC-27SEP19-10250-C,9921.35,59.22,0.0125,37.3,0.0145,0.5,64.57,3.73845,-30.45505,0.33995,0.00056,0.33573
9949.85,BTC-27SEP19,1569236341762,open,0.03,1165.5,0.0085,0.0525,0.02851633,62.9,0.0295,0.0,BTC-27SEP19-10000-P,9921.35,59.21,0.027,11.5,0.0295,0.4,65.3,4.08613,-33.15761,-0.57741,0.00062,-0.51801
9970.19,SYN.BTC-4OCT19,1569236341777,open,0.04,35.2,0.02,0.0665,0.0415099,62.36,0.044,0.0,BTC-4OCT19-10000-C,9921.35,60.17,0.04,25.6,0.0435,3.1,65.25,6.86354,-19.67763,1.39299,0.00037,0.51041
10213.76,BTC-27DEC19,1569236341790,open,0.0,621.5,0.0005,0.0105,0.00074349,89.7,0.001,0.0,BTC-27DEC19-36000-C,9921.35,86.35,0.0005,651.9,0.001,0.9,92.44,0.85502,-0.40419,0.13341,0.0,0.00577
10031.14,SYN.BTC-25OCT19,1569236341792,open,0.08,311.0,0.049,0.1075,0.0781855,67.85,0.078,0.0,BTC-25OCT19-10000-P,9921.35,65.55,0.0755,21.8,0.0795,10.4,68.97,11.74719,-12.50153,-4.66142,0.0002,-0.45392
9970.19,SYN.BTC-4OCT19,1569236341803,open,0.02,52.4,0.007,0.0445,0.0234122,63.83,0.0235,0.0,BTC-4OCT19-10500-C,9921.35,59.98,0.021,46.7,0.025,17.7,66.33,6.29975,-18.4854,0.9379,0.00033,0.33912
9949.84,BTC-27SEP19,1569236341821,open,0.01,445.9,0.0005,0.0265,0.00997205,66.49,0.012,0.0,BTC-27SEP19-9500-P,9921.35,63.42,0.009,1.5,0.011,43.0,69.68,3.18021,-27.28111,-0.26306,0.00045,-0.23902
9949.85,BTC-27SEP19,1569236341826,open,0.02,337.2,0.0025,0.038,0.01709911,63.69,0.018,0.0,BTC-27SEP19-9750-P,9921.35,62.14,0.0165,0.5,0.0185,47.1,67.29,3.85796,-31.69795,-0.40494,0.00058,-0.36618
9949.89,BTC-27SEP19,1569236341838,open,0.07,21.6,0.053,0.0985,0.07625393,71.01,0.0735,0.0,BTC-27SEP19-9250-C,9921.35,60.87,0.074,0.6,0.0775,6.0,76.02,2.39802,-21.96731,0.81673,0.00032,0.8493
218.74,ETH-27MAR20,1569236341885,open,0.64,2.0,0.626,0.655,0.640514,82.69,0.597,0.0,ETH-27MAR20-80-C,209.23,0.0,0.07,20.0,0.0,0.0,0.0,0.08433,-0.01876,0.37508,0.00042,0.97723
9949.85,BTC-27SEP19,1569236341894,open,0.04,43.0,0.0145,0.06,0.0371865,63.7,0.0365,0.0,BTC-27SEP19-9750-C,9921.35,59.33,0.0355,0.5,0.038,0.5,65.79,3.85802,-31.70351,0.63033,0.00058,0.6338
9949.89,BTC-27SEP19,1569236341895,open,0.14,2.8,0.109,0.159,0.13265651,75.27,0.129,0.0,BTC-27SEP19-11250-P,9921.35,0.0,0.1285,12.0,0.138,7.0,104.9,1.24103,-12.05171,-1.13197,0.00016,-0.93876
210.55,SYN.ETH-4OCT19,1569236341895,open,0.2,0.0,0.157,0.237,0.196087,82.89,None,0.0,ETH-4OCT19-250-P,209.23,0.0,0.0,0.0,0.0,0.0,0.0,0.07669,-0.29226,-0.06691,0.007,-0.87048
9949.85,BTC-27SEP19,1569236341897,open,0.16,25.7,0.1335,0.184,0.15733378,81.27,0.1685,0.0,BTC-27SEP19-11500-P,9921.35,0.0,0.153,7.0,0.163,7.0,116.79,0.98571,-10.33501,-1.17434,0.00012,-0.9542
9949.85,BTC-27SEP19,1569236341919,open,0.03,1165.5,0.0085,0.0525,0.02851579,62.9,0.0295,0.0,BTC-27SEP19-10000-P,9921.35,59.21,0.027,14.5,0.0295,0.4,65.3,4.08613,-33.15761,-0.57741,0.00062,-0.51801
9949.85,BTC-27SEP19,1569236341928,open,0.03,1165.5,0.0085,0.0525,0.02851579,62.9,0.0295,0.0,BTC-27SEP19-10000-P,9921.35,59.21,0.027,8.0,0.0295,0.4,65.3,4.08613,-33.15761,-0.57741,0.00062,-0.51801
10031.14,SYN.BTC-25OCT19,1569236341931,open,0.01,297.3,0.0005,0.02,0.00787145,75.67,0.009,0.0,BTC-25OCT19-14000-C,9921.35,74.85,0.0075,1.0,0.0085,58.6,77.02,4.57025,-5.42474,0.66652,7e-05,0.08396
10031.14,SYN.BTC-25OCT19,1569236341949,open,0.08,114.4,0.0525,0.1085,0.08128945,67.84,0.083,0.0,BTC-25OCT19-10000-C,9921.35,67.17,0.0805,3.5,0.084,13.5,70.16,11.74719,-12.50148,4.07165,0.0002,0.54608
210.14,ETH-27SEP19,1569236341955,open,0.38,0.0,0.363,0.399,0.381365,115.0,None,0.0,ETH-27SEP19-130-C,209.23,0.0,0.0,0.0,0.0,0.0,0.0,2e-05,-0.00027,0.0138,0.0,0.99998
218.74,ETH-27MAR20,1569236341965,open,0.01,673.0,0.001,0.016,0.006245,82.69,0.011,0.0,ETH-27MAR20-80-P,209.23,79.26,0.005,240.0,0.008,300.0,86.93,0.08433,-0.01876,-0.03232,0.00042,-0.02277
210.14,ETH-27SEP19,1569236341986,open,0.14,1586.0,0.118,0.172,0.145391,92.4,0.146,0.0,ETH-27SEP19-180-C,209.23,0.0,0.143,309.0,0.161,30.0,173.25,0.0213,-0.25387,0.01802,0.00491,0.95289
210.55,SYN.ETH-4OCT19,1569236342000,open,0.01,27.0,0.001,0.018,0.005782,86.07,0.004,0.0,ETH-4OCT19-260-C,209.23,79.09,0.004,200.0,0.008,501.0,93.42,0.05864,-0.23203,0.00523,0.00516,0.08922
210.14,ETH-27SEP19,1569236342002,open,0.24,740.0,0.216,0.262,0.23898,113.52,0.258,0.0,ETH-27SEP19-160-C,209.23,0.0,0.225,32.0,0.25,32.0,222.31,0.00498,-0.07295,0.01679,0.00094,0.99155
210.14,ETH-27SEP19,1569236342013,open,0.0,100.0,0.001,0.011,1e-06,115.0,0.001,0.0,ETH-27SEP19-130-P,209.23,0.0,0.0,0.0,0.002,500.0,241.71,2e-05,-0.00011,0.0,0.0,-2e-05
218.74,ETH-27MAR20,1569236342049,open,0.48,40.0,0.452,0.508,0.48132,79.0,0.459,0.0,ETH-27MAR20-120-C,209.23,0.0,0.096,1.0,0.0,0.0,0.0,0.25142,-0.05343,0.47861,0.00131,0.91098
10031.14,SYN.BTC-25OCT19,1569236342052,open,0.08,114.4,0.0525,0.1085,0.08128945,67.84,0.083,0.0,BTC-25OCT19-10000-C,9921.35,66.74,0.08,17.9,0.084,13.5,70.16,11.74719,-12.50148,4.07165,0.0002,0.54608
9949.85,BTC-27SEP19,1569236342063,open,0.62,0.0,0.6135,0.633,0.6231099,0.0,None,0.0,BTC-27SEP19-3750-C,9921.35,0.0,0.6145,1.0,0.631,15.0,500.0,0.0,0.0,0.39819,0.0,1.0
9970.19,SYN.BTC-4OCT19,1569236342066,open,0.04,35.2,0.02,0.0665,0.04151004,62.36,0.044,0.0,BTC-4OCT19-10000-C,9921.35,60.17,0.04,17.6,0.0435,3.1,65.25,6.86354,-19.67763,1.39299,0.00037,0.51041
210.14,ETH-27SEP19,1569236342069,open,0.28,0.0,0.265,0.307,0.286256,115.0,None,0.0,ETH-27SEP19-150-C,209.23,0.0,0.0,0.0,0.0,0.0,0.0,0.00127,-0.01889,0.01588,0.00024,0.99816
210.55,SYN.ETH-4OCT19,1569236342093,open,0.25,0.0,0.201,0.283,0.240634,86.07,None,0.0,ETH-4OCT19-260-P,209.23,0.0,0.0,0.0,0.0,0.0,0.0,0.05864,-0.23203,-0.07224,0.00516,-0.91078
9949.85,BTC-27SEP19,1569236342103,open,0.55,289.7,0.538,0.5575,0.54773188,0.0,0.588,0.0,BTC-27SEP19-4500-C,9921.35,0.0,0.5395,1.0,0.5555,1.0,483.8,0.0,0.0,0.47783,0.0,1.0
9949.85,BTC-27SEP19,1569236342105,open,0.65,261.1,0.6385,0.658,0.6482359,256.97,0.714,0.0,BTC-27SEP19-3500-C,9921.35,0.0,0.64,16.0,0.656,1.0,500.0,0.001,-0.03318,0.37162,0.0,0.99998
9970.19,SYN.BTC-4OCT19,1569236342107,open,0.05,46.0,0.022,0.0715,0.04449957,62.36,0.045,0.0,BTC-4OCT19-10000-P,9921.35,59.46,0.0425,10.7,0.047,7.5,65.99,6.86354,-19.67806,-1.58666,0.00037,-0.48959
10031.14,SYN.BTC-25OCT19,1569236342108,open,0.04,310.0,0.016,0.058,0.03553437,68.27,0.035,0.0,BTC-25OCT19-9000-P,9921.35,66.67,0.034,41.5,0.037,3.6,69.79,9.6453,-10.32927,-2.60274,0.00016,-0.26157
10440.89,BTC-27MAR20,1569236342118,open,0.19,169.1,0.1375,0.2355,0.18763514,75.58,0.19,0.0,BTC-27MAR20-10000-P,9921.35,73.66,0.1825,11.9,0.191,7.0,76.84,27.96162,-5.68478,-29.29298,7e-05,-0.36329
10440.89,BTC-27MAR20,1569236342125,open,0.62,1.0,0.612,0.6385,0.62439576,82.18,0.628,0.0,BTC-27MAR20-4000-C,9921.35,59.84,0.618,10.6,0.6355,1.0,101.65,4.62325,-1.02206,18.5431,1e-05,0.97315
210.14,ETH-27SEP19,1569236342136,open,0.0,1.0,0.001,0.011,6.5e-05,115.0,0.005,0.0,ETH-27SEP19-150-P,209.23,0.0,0.0,0.0,0.003,500.0,191.8,0.00127,-0.01373,-4e-05,0.00024,-0.00184
9949.85,BTC-27SEP19,1569236342138,open,0.11,302.1,0.0845,0.1355,0.10894575,73.31,0.103,0.0,BTC-27SEP19-11000-P,9921.35,0.0,0.1055,1.0,0.1135,8.0,94.16,1.77876,-16.82238,-1.06761,0.00023,-0.90156
10031.14,SYN.BTC-25OCT19,1569236342167,open,0.01,297.3,0.0005,0.02,0.00787145,75.67,0.009,0.0,BTC-25OCT19-14000-C,9921.35,74.85,0.0075,1.0,0.0085,51.0,77.02,4.57025,-5.42474,0.66652,7e-05,0.08396
10213.76,BTC-27DEC19,1569236342176,open,0.0,621.5,0.0005,0.0105,0.00074347,89.7,0.001,0.0,BTC-27DEC19-36000-C,9921.35,86.35,0.0005,645.9,0.001,0.9,92.44,0.85502,-0.40419,0.13341,0.0,0.00577
210.55,SYN.ETH-4OCT19,1569236342178,open,0.0,8.0,0.001,0.014,0.004121,90.22,0.006,0.0,ETH-4OCT19-270-C,209.23,78.5,0.002,201.0,0.006,501.0,98.03,0.04575,-0.18975,0.00378,0.00384,0.06439
210.55,SYN.ETH-4OCT19,1569236342182,open,0.24,0.0,0.217,0.266,0.242075,89.11,None,0.0,ETH-4OCT19-160-C,209.23,0.0,0.0,0.0,0.0,0.0,0.0,0.02562,-0.10497,0.04559,0.00218,0.96869
218.74,ETH-27MAR20,1569236342203,open,0.35,225.0,0.311,0.391,0.354224,79.0,0.338,0.0,ETH-27MAR20-160-C,209.23,0.0,0.0,0.0,0.0,0.0,0.0,0.43887,-0.09327,0.49498,0.00228,0.79858
10213.76,BTC-27DEC19,1569236342208,open,0.85,0.1,0.8435,0.863,0.85316994,115.0,0.868,0.0,BTC-27DEC19-1500-C,9921.35,0.0,0.845,1.0,0.861,1.0,226.53,0.03613,-0.0219,3.89336,0.0,0.99982
10031.14,SYN.BTC-25OCT19,1569236342205,open,0.05,354.1,0.022,0.07,0.04537602,69.02,0.0445,0.0,BTC-25OCT19-11000-C,9921.35,67.78,0.044,3.2,0.047,26.0,70.48,11.12325,-12.04221,2.78371,0.00018,0.36314
210.55,SYN.ETH-4OCT19,1569236342202,open,0.01,21.0,0.002,0.031,0.012934,70.73,0.012,0.0,ETH-4OCT19-190-P,209.23,64.07,0.01,625.0,0.016,160.0,77.21,0.09651,-0.31385,-0.01232,0.01033,-0.18347
9970.19,SYN.BTC-4OCT19,1569236342215,open,0.05,46.0,0.022,0.0715,0.04449957,62.36,0.045,0.0,BTC-4OCT19-10000-P,9921.35,59.46,0.0425,15.7,0.047,7.5,65.99,6.86354,-19.67806,-1.58666,0.00037,-0.48959
210.55,SYN.ETH-4OCT19,1569236342213,open,0.01,27.0,0.001,0.018,0.005782,86.07,0.004,0.0,ETH-4OCT19-260-C,209.23,79.09,0.004,200.0,0.008,701.0,93.42,0.05864,-0.23203,0.00523,0.00516,0.08922
9949.85,BTC-27SEP19,1569236342221,open,0.02,337.2,0.0025,0.038,0.01710077,63.69,0.018,0.0,BTC-27SEP19-9750-P,9921.35,62.14,0.0165,0.5,0.0185,35.4,67.29,3.85796,-31.69795,-0.40494,0.00058,-0.36618
10213.76,BTC-27DEC19,1569236342223,open,0.09,634.9,0.0535,0.1215,0.08711244,72.91,0.089,0.0,BTC-27DEC19-9000-P,9921.35,71.71,0.085,27.0,0.089,15.9,73.97,18.0884,-6.94996,-10.26077,9e-05,-0.29937
10031.14,SYN.BTC-25OCT19,1569236342227,open,0.04,310.0,0.016,0.058,0.03553437,68.27,0.035,0.0,BTC-25OCT19-9000-P,9921.35,66.67,0.034,41.5,0.0375,36.9,70.31,9.6453,-10.32927,-2.60274,0.00016,-0.26157
9970.19,SYN.BTC-4OCT19,1569236342217,open,0.05,46.0,0.022,0.0715,0.04449957,62.36,0.045,0.0,BTC-4OCT19-10000-P,9921.35,59.46,0.0425,15.7,0.047,2.5,65.99,6.86354,-19.67806,-1.58666,0.00037,-0.48959
10213.76,BTC-27DEC19,1569236342227,open,0.12,706.7,0.0785,0.154,0.11726858,72.73,0.1225,0.0,BTC-27DEC19-11000-C,9921.35,71.86,0.1155,15.4,0.119,8.0,73.58,20.77211,-7.96197,10.00662,0.00011,0.49418
9949.85,BTC-27SEP19,1569236342234,open,0.11,302.1,0.0845,0.1355,0.10894575,73.31,0.103,0.0,BTC-27SEP19-11000-P,9921.35,0.0,0.1055,1.0,0.1135,12.0,94.16,1.77876,-16.82238,-1.06761,0.00023,-0.90156
211.79,SYN.ETH-25OCT19,1569236342246,open,0.06,1060.0,0.031,0.09,0.060254,74.53,0.057,0.0,ETH-25OCT19-200-P,209.23,69.73,0.055,480.0,0.062,128.0,76.09,0.23316,-0.27257,-0.07693,0.00799,-0.35565
9949.85,BTC-27SEP19,1569236342251,open,0.1,451.9,0.0775,0.1205,0.09906218,76.41,0.11,0.0,BTC-27SEP19-9000-C,9921.35,57.38,0.0965,6.0,0.1005,6.0,84.1,1.72585,-17.01206,0.85204,0.00021,0.90553
9970.14,SYN.BTC-4OCT19,1569236342252,open,0.07,5.0,0.0455,0.0955,0.0703276,63.51,0.074,0.0,BTC-4OCT19-9500-C,9921.35,59.66,0.068,6.0,0.0735,29.0,68.67,6.07285,-17.73077,1.84045,0.00032,0.68985
218.74,ETH-27MAR20,1569236342248,open,0.43,100.0,0.353,0.491,0.424262,81.88,0.438,0.0,ETH-27MAR20-280-P,209.23,78.58,0.415,24.0,0.436,24.0,86.01,0.61746,-0.136,-1.0874,0.00309,-0.55188
10213.76,BTC-27DEC19,1569236342251,open,0.09,468.0,0.053,0.1245,0.08895685,73.63,0.0895,0.0,BTC-27DEC19-12000-C,9921.35,72.64,0.087,6.3,0.0905,1.0,74.42,20.17676,-7.82977,8.37851,0.0001,0.40454
215.49,ETH-27DEC19,1569236342257,open,0.23,4465.0,0.173,0.277,0.226424,76.54,0.226,0.0,ETH-27DEC19-240-P,209.23,74.33,0.222,24.0,0.228,3.0,77.29,0.43686,-0.17621,-0.42499,0.00473,-0.53227
9949.85,BTC-27SEP19,1569236342259,open,0.11,302.1,0.0845,0.1355,0.10894575,73.31,0.103,0.0,BTC-27SEP19-11000-P,9921.35,0.0,0.1055,1.0,0.1135,8.0,94.16,1.77876,-16.82238,-1.06761,0.00023,-0.90156
9949.85,BTC-27SEP19,1569236342267,open,0.11,302.1,0.0845,0.1355,0.10894575,73.31,0.103,0.0,BTC-27SEP19-11000-P,9921.35,55.44,0.1065,1.0,0.1135,8.0,94.16,1.77876,-16.82238,-1.06761,0.00023,-0.90156
210.55,SYN.ETH-4OCT19,1569236342266,open,0.29,0.0,0.246,0.33,0.286467,90.22,None,0.0,ETH-4OCT19-270-P,209.23,0.0,0.0,0.0,0.0,0.0,0.0,0.04575,-0.18975,-0.07667,0.00384,-0.93561
210.55,SYN.ETH-4OCT19,1569236342265,open,0.05,40.0,0.022,0.077,0.049894,70.64,0.048,0.0,ETH-4OCT19-210-C,209.23,65.0,0.046,120.0,0.056,426.0,79.57,0.1445,-0.46927,0.0303,0.01549,0.53287
218.74,ETH-27MAR20,1569236342278,open,0.09,1630.0,0.05,0.121,0.085686,79.0,0.068,0.0,ETH-27MAR20-160-P,209.23,75.65,0.079,32.0,0.088,300.0,80.15,0.43887,-0.09327,-0.31982,0.00228,-0.20142
210.55,SYN.ETH-4OCT19,1569236342272,open,0.08,13.0,0.043,0.112,0.077521,74.01,0.071,0.0,ETH-4OCT19-220-P,209.23,60.94,0.069,120.0,0.08,120.0,77.7,0.13943,-0.47445,-0.04314,0.01426,-0.61015
9949.85,BTC-27SEP19,1569236342274,open,0.1,451.9,0.0775,0.1205,0.09906218,76.41,0.11,0.0,BTC-27SEP19-9000-C,9921.35,57.38,0.0965,6.0,0.1005,10.0,84.1,1.72585,-17.01206,0.85204,0.00021,0.90553
10213.76,BTC-27DEC19,1569236342265,open,0.16,481.5,0.116,0.1925,0.15612084,72.67,0.157,0.0,BTC-27DEC19-10000-C,9921.35,71.34,0.1535,32.8,0.158,12.0,73.62,20.17321,-7.7255,11.67139,0.0001,0.59574
9949.85,BTC-27SEP19,1569236342283,open,0.03,1165.5,0.0085,0.0525,0.02851579,62.9,0.0295,0.0,BTC-27SEP19-10000-P,9921.35,59.21,0.027,14.5,0.0295,0.4,65.3,4.08613,-33.15761,-0.57741,0.00062,-0.51801
210.14,ETH-27SEP19,1569236342295,open,0.0,36.0,0.001,0.011,0.000995,106.35,0.003,0.0,ETH-27SEP19-170-P,209.23,0.0,0.0,0.0,0.002,700.0,120.45,0.01195,-0.16397,-0.00054,0.0024,-0.02335
210.55,SYN.ETH-4OCT19,1569236342290,open,0.05,40.0,0.022,0.077,0.049894,70.64,0.048,0.0,ETH-4OCT19-210-C,209.23,63.54,0.045,120.0,0.056,426.0,79.57,0.1445,-0.46927,0.0303,0.01549,0.53287
210.55,SYN.ETH-4OCT19,1569236342297,open,0.0,19.0,0.001,0.011,0.001984,89.11,0.004,0.0,ETH-4OCT19-160-P,209.23,0.0,0.0,0.0,0.004,700.0,102.49,0.02562,-0.10497,-0.00209,0.00218,-0.03131
210.55,SYN.ETH-4OCT19,1569236342298,open,0.05,40.0,0.022,0.077,0.049894,70.64,0.048,0.0,ETH-4OCT19-210-C,209.23,63.54,0.045,426.0,0.056,426.0,79.57,0.1445,-0.46927,0.0303,0.01549,0.53287
218.74,ETH-27MAR20,1569236342298,open,0.17,2458.0,0.121,0.22,0.172229,79.01,0.178,0.0,ETH-27MAR20-200-P,209.23,75.82,0.164,32.0,0.178,300.0,81.24,0.56509,-0.1201,-0.55913,0.00294,-0.32969
10031.14,SYN.BTC-25OCT19,1569236342317,open,0.05,354.1,0.022,0.07,0.04537602,69.02,0.0445,0.0,BTC-25OCT19-11000-C,9921.35,67.32,0.0435,22.5,0.047,26.0,70.48,11.12325,-12.04221,2.78371,0.00018,0.36314
10031.14,SYN.BTC-25OCT19,1569236342319,open,0.05,354.1,0.022,0.07,0.04537602,69.02,0.0445,0.0,BTC-25OCT19-11000-C,9921.35,67.32,0.0435,32.5,0.047,26.0,70.48,11.12325,-12.04221,2.78371,0.00018,0.36314
215.49,ETH-27DEC19,1569236342314,open,0.09,1259.0,0.051,0.125,0.089509,78.1,0.11,0.0,ETH-27DEC19-260-C,209.23,75.79,0.085,300.0,0.094,300.0,80.38,0.42232,-0.17381,0.16978,0.00448,0.39261
218.74,ETH-27MAR20,1569236342322,open,0.19,526.0,0.137,0.236,0.190908,80.3,0.202,0.0,ETH-27MAR20-240-C,209.23,77.86,0.184,300.0,0.197,24.0,82.47,0.61791,-0.13348,0.39958,0.00316,0.5496
210.14,ETH-27SEP19,1569236342331,open,0.03,609.0,0.006,0.054,0.02869,68.96,0.036,0.0,ETH-27SEP19-210-C,209.23,62.46,0.026,3.0,0.032,120.0,77.07,0.0863,-0.76772,0.01092,0.02669,0.51791
218.74,ETH-27MAR20,1569236342339,open,0.26,1000.0,0.206,0.301,0.257902,79.0,0.259,0.0,ETH-27MAR20-200-C,209.2,76.72,0.252,1.0,0.265,49.0,81.75,0.56509,-0.12009,0.45939,0.00294,0.67031
218.74,ETH-27MAR20,1569236342339,open,0.74,0.0,0.654,0.811,0.73328,84.94,None,0.0,ETH-27MAR20-360-P,209.2,0.0,0.0,0.0,0.0,0.0,0.0,0.5443,-0.12436,-1.59444,0.00263,-0.69808
218.74,ETH-27MAR20,1569236342339,open,0.91,0.0,0.818,0.983,0.900333,87.06,None,0.0,ETH-27MAR20-400-P,209.2,0.0,0.001,10.0,0.0,0.0,0.0,0.50058,-0.11723,-1.8335,0.00236,-0.74564
210.14,ETH-27SEP19,1569236342339,open,0.34,730.0,0.294,0.375,0.332793,115.0,0.533,0.0,ETH-27SEP19-280-P,209.2,0.0,0.003,1.0,0.9,5.0,500.0,0.0053,-0.07861,-0.02954,0.00098,-0.99093
218.74,ETH-27MAR20,1569236342339,open,0.58,1.0,0.498,0.647,0.574106,83.42,0.827,0.0,ETH-27MAR20-320-P,209.2,0.0,0.0,0.0,0.0,0.0,0.0,0.58747,-0.13183,-1.34531,0.00289,-0.63361
210.11,ETH-27SEP19,1569236342340,open,0.0,2907.0,0.001,0.011,0.0,115.02,0.001,0.0,ETH-27SEP19-440-C,209.2,0.0,0.0,0.0,0.001,194.0,292.4,0.0,0.0,0.0,0.0,0.0
210.11,ETH-27SEP19,1569236342340,open,0.0,3828.0,0.001,0.011,0.0,115.02,0.001,0.0,ETH-27SEP19-560-C,209.2,0.0,0.0,0.0,0.001,99.0,370.68,0.0,0.0,0.0,0.0,0.0
210.11,ETH-27SEP19,1569236342339,open,0.52,20.0,0.51,0.538,0.524127,241.16,0.441,0.0,ETH-27SEP19-100-C,209.2,0.0,0.011,15.0,0.0,0.0,0.0,0.00068,-0.0212,0.0106,6e-05,0.99907
215.49,ETH-27DEC19,1569236342340,open,0.0,4471.0,0.001,0.012,0.002869,100.61,0.002,0.0,ETH-27DEC19-720-C,209.2,96.29,0.002,40.0,0.004,300.0,105.05,0.04881,-0.02588,0.00852,0.0004,0.01807
218.74,ETH-27MAR20,1569236342340,open,0.09,202.0,0.046,0.129,0.08749,84.94,0.116,0.0,ETH-27MAR20-360-C,209.2,82.31,0.081,300.0,0.094,32.0,87.53,0.5443,-0.12436,0.23886,0.00263,0.30192
210.11,ETH-27SEP19,1569236342340,open,0.53,606.0,0.479,0.57,0.522801,0.0,0.513,0.0,ETH-27SEP19-320-P,209.2,0.0,0.475,1.0,0.0,0.0,0.0,0.0,0.0,-0.03398,0.0,-1.0
210.11,ETH-27SEP19,1569236342340,open,0.24,1241.0,0.202,0.277,0.237936,93.06,0.19,0.0,ETH-27SEP19-260-P,209.2,0.0,0.007,15.0,0.0,0.0,0.0,0.00813,-0.09762,-0.02729,0.00186,-0.98514
210.11,ETH-27SEP19,1569236342340,open,0.0,300.0,0.001,0.011,0.001034,87.84,0.001,0.0,ETH-27SEP19-250-C,209.2,0.0,0.0,0.0,0.002,200.0,98.87,0.01488,-0.16867,0.00065,0.00362,0.03038
210.11,ETH-27SEP19,1569236342340,open,0.0,2663.0,0.001,0.011,1e-06,115.03,0.001,0.0,ETH-27SEP19-340-C,209.2,0.0,0.0,0.0,0.003,500.0,239.18,3e-05,-0.00017,0.0,1e-05,3e-05
215.49,ETH-27DEC19,1569236342340,open,0.54,0.0,0.523,0.556,0.539786,82.78,None,0.0,ETH-27DEC19-100-C,209.2,0.0,0.0,0.0,0.0,0.0,0.0,0.05582,-0.02435,0.24592,0.00056,0.97883
210.11,ETH-27SEP19,1569236342340,open,1.1,0.0,1.033,1.158,1.093842,0.0,None,0.0,ETH-27SEP19-440-P,209.2,0.0,0.0,0.0,0.0,0.0,0.0,0.0,0.0,-0.04672,0.0,-1.0
210.11,ETH-27SEP19,1569236342340,open,0.0,6399.0,0.001,0.011,0.0,115.02,0.001,0.0,ETH-27SEP19-520-C,209.2,0.0,0.0,0.0,0.001,240.0,347.01,0.0,0.0,0.0,0.0,0.0
215.46,ETH-27DEC19,1569236342340,open,0.18,2051.0,0.142,0.223,0.185733,75.5,0.179,0.0,ETH-27DEC19-200-C,209.2,71.4,0.178,2.0,0.188,74.0,76.7,0.40679,-0.16186,0.26013,0.00447,0.65021
215.46,ETH-27DEC19,1569236342340,open,0.11,4418.0,0.071,0.15,0.112684,76.54,0.115,0.0,ETH-27DEC19-240-C,209.2,74.23,0.108,300.0,0.118,300.0,79.16,0.43679,-0.17619,0.19878,0.00473,0.46761
215.46,ETH-27DEC19,1569236342340,open,0.02,3481.0,0.007,0.037,0.020169,75.45,0.017,0.0,ETH-27DEC19-140-P,209.2,71.64,0.017,40.0,0.022,340.0,77.55,0.18504,-0.07358,-0.06426,0.00203,-0.09457
210.11,ETH-27SEP19,1569236342340,open,0.0,5603.0,0.001,0.011,5.3e-05,115.04,0.001,0.0,ETH-27SEP19-300-C,209.2,0.0,0.0,0.0,0.001,100.0,158.39,0.00113,-0.01118,3e-05,0.00021,0.00161
210.11,ETH-27SEP19,1569236342341,open,2.25,0.0,2.142,2.335,2.235938,0.0,None,0.0,ETH-27SEP19-680-P,209.2,0.0,0.0,0.0,0.0,0.0,0.0,0.0,0.0,-0.0722,0.0,-1.0
215.46,ETH-27DEC19,1569236342341,open,0.45,2.0,0.43,0.473,0.451718,77.04,0.346,0.0,ETH-27DEC19-120-C,209.2,0.0,0.101,1.0,0.0,0.0,0.0,0.10571,-0.04292,0.28139,0.00114,0.95415
210.11,ETH-27SEP19,1569236342341,open,0.1,157.0,0.069,0.127,0.099429,77.25,0.096,0.0,ETH-27SEP19-190-C,209.2,0.0,0.095,340.0,0.102,40.0,90.26,0.03692,-0.36795,0.01795,0.0102,0.90384
215.46,ETH-27DEC19,1569236342341,open,0.0,11714.0,0.001,0.013,0.003757,100.24,0.003,0.0,ETH-27DEC19-680-C,209.2,92.55,0.002,540.0,0.006,300.0,107.07,0.06011,-0.03175,0.01084,0.0005,0.02311
210.11,ETH-27SEP19,1569236342341,open,0.0,2698.0,0.001,0.011,0.0,115.01,0.001,0.0,ETH-27SEP19-720-C,209.2,0.0,0.0,0.0,0.001,259.0,448.78,0.0,0.0,0.0,0.0,0.0
210.11,ETH-27SEP19,1569236342341,open,0.0,5439.0,0.001,0.011,0.0,115.02,0.001,0.0,ETH-27SEP19-480-C,209.2,0.0,0.0,0.0,0.002,510.0,349.45,0.0,0.0,0.0,0.0,0.0
210.11,ETH-27SEP19,1569236342341,open,2.44,0.0,2.327,2.532,2.426287,0.0,None,0.0,ETH-27SEP19-720-P,209.2,0.0,0.0,0.0,0.0,0.0,0.0,0.0,0.0,-0.07645,0.0,-1.0
215.46,ETH-27DEC19,1569236342341,open,0.37,432.0,0.311,0.428,0.370718,79.37,0.66,0.0,ETH-27DEC19-280-P,209.2,65.99,0.347,240.0,1.0,1.0,438.38,0.3969,-0.16603,-0.58391,0.00414,-0.67188
210.11,ETH-27SEP19,1569236342341,open,0.0,3373.0,0.001,0.011,0.000348,115.05,0.001,0.0,ETH-27SEP19-280-C,209.2,0.0,0.0,0.0,0.001,203.0,132.33,0.0053,-0.07304,0.00019,0.00098,0.00907
215.46,ETH-27DEC19,1569236342341,open,0.02,2501.0,0.007,0.046,0.023682,88.59,0.026,0.0,ETH-27DEC19-400-C,209.2,85.98,0.021,40.0,0.027,340.0,91.63,0.22779,-0.10635,0.05748,0.00213,0.12632
215.46,ETH-27DEC19,1569236342341,open,0.0,3142.0,0.001,0.013,0.003844,82.76,0.006,0.0,ETH-27DEC19-100-P,209.2,74.23,0.002,40.0,0.006,300.0,90.04,0.05582,-0.02435,-0.01401,0.00056,-0.02117
210.11,ETH-27SEP19,1569236342341,open,0.2,0.0,0.156,0.229,0.190717,85.3,None,0.0,ETH-27SEP19-250-P,209.2,0.0,0.0,0.0,0.0,0.0,0.0,0.01332,-0.1466,-0.02597,0.00333,-0.97342
215.46,ETH-27DEC19,1569236342341,open,0.01,10005.0,0.001,0.024,0.009853,94.73,0.007,0.0,ETH-27DEC19-520-C,209.2,91.35,0.008,40.0,0.012,50.0,98.22,0.12524,-0.06253,0.02626,0.0011,0.05674
210.11,ETH-27SEP19,1569236342341,open,0.0,983.0,0.001,0.016,0.003588,76.51,0.003,0.0,ETH-27SEP19-190-P,209.2,72.97,0.003,3.0,0.005,200.0,84.08,0.03635,-0.35881,-0.00218,0.01014,-0.09416
210.11,ETH-27SEP19,1569236342341,open,0.62,0.0,0.608,0.63,0.619301,303.96,None,0.0,ETH-27SEP19-80-C,209.2,0.0,0.004,5.0,0.0,0.0,0.0,0.00045,-0.01782,0.00848,3e-05,0.9994
215.46,ETH-27DEC19,1569236342341,open,0.01,15038.0,0.001,0.017,0.005981,97.86,0.004,0.0,ETH-27DEC19-600-C,209.2,92.26,0.004,40.0,0.008,300.0,102.45,0.08622,-0.04446,0.01663,0.00073,0.03567
210.11,ETH-27SEP19,1569236342341,open,0.0,1897.0,0.001,0.011,0.0,115.03,0.001,0.0,ETH-27SEP19-380-C,209.2,0.0,0.0,0.0,0.003,500.0,282.56,0.0,0.0,0.0,0.0,0.0
210.11,ETH-27SEP19,1569236342341,open,0.0,3439.0,0.001,0.011,0.0,115.01,0.001,0.0,ETH-27SEP19-680-C,209.2,0.0,0.0,0.0,0.002,500.0,466.08,0.0,0.0,0.0,0.0,0.0
210.11,ETH-27SEP19,1569236342341,open,0.0,5945.0,0.001,0.011,0.001963,92.71,0.002,0.0,ETH-27SEP19-180-P,209.2,81.53,0.001,5.0,0.003,700.0,101.71,0.02153,-0.25756,-0.00111,0.00495,-0.04778
210.11,ETH-27SEP19,1569236342341,open,0.0,2951.0,0.001,0.011,0.0,115.03,0.006,0.0,ETH-27SEP19-360-C,209.2,0.0,0.0,0.0,0.002,500.0,246.11,0.0,-2e-05,0.0,0.0,0.0
210.11,ETH-27SEP19,1569236342341,open,0.33,214.0,0.314,0.353,0.333785,142.54,0.227,0.0,ETH-27SEP19-140-C,209.2,0.0,0.007,20.0,0.0,0.0,0.0,0.00154,-0.02835,0.01481,0.00023,0.99773
210.11,ETH-27SEP19,1569236342342,open,0.71,0.0,0.705,0.724,0.714476,382.08,0.01,0.0,ETH-27SEP19-60-C,209.2,0.0,0.003,10.0,0.0,0.0,0.0,0.00029,-0.01407,0.00636,2e-05,0.99964
210.11,ETH-27SEP19,1569236342341,open,0.0,3683.0,0.001,0.011,7e-06,115.04,0.001,0.0,ETH-27SEP19-320-C,209.2,0.0,0.0,0.0,0.001,18.0,182.1,0.0002,-0.00148,1e-05,4e-05,0.00024
210.11,ETH-27SEP19,1569236342341,open,0.06,1297.0,0.027,0.093,0.059242,71.37,0.05,0.0,ETH-27SEP19-220-P,209.2,61.7,0.056,40.0,0.064,40.0,84.71,0.07263,-0.66873,-0.01743,0.02171,-0.72196
210.11,ETH-27SEP19,1569236342342,open,0.0,7891.0,0.001,0.011,0.000377,114.93,0.001,0.0,ETH-27SEP19-160-P,209.2,0.0,0.0,0.0,0.001,11.0,132.05,0.00534,-0.0791,-0.00021,0.00099,-0.00914
215.46,ETH-27DEC19,1569236342342,open,0.01,6508.0,0.001,0.02,0.007876,96.89,0.006,0.0,ETH-27DEC19-560-C,209.2,92.75,0.006,40.0,0.01,300.0,100.91,0.10569,-0.05397,0.02126,0.0009,0.04584
210.11,ETH-27SEP19,1569236342341,open,0.0,5974.0,0.001,0.011,0.0,114.98,0.001,0.0,ETH-27SEP19-100-P,209.2,0.0,0.0,0.0,0.002,515.0,356.32,0.0,0.0,0.0,0.0,0.0
210.11,ETH-27SEP19,1569236342342,open,0.0,11604.0,0.001,0.011,8e-06,114.96,0.002,0.0,ETH-27SEP19-140-P,209.2,0.0,0.0,0.0,0.001,25.0,187.15,0.0002,-0.00158,-1e-05,4e-05,-0.00024
210.11,ETH-27SEP19,1569236342342,open,0.0,7916.0,0.001,0.011,0.0,115.01,0.001,0.0,ETH-27SEP19-760-C,209.2,0.0,0.0,0.0,0.002,600.0,500.0,0.0,0.0,0.0,0.0,0.0
215.46,ETH-27DEC19,1569236342342,open,0.01,5164.0,0.003,0.03,0.013337,93.47,0.011,0.0,ETH-27DEC19-480-C,209.2,90.04,0.011,40.0,0.016,340.0,96.99,0.15479,-0.07624,0.03428,0.00137,0.07455
215.46,ETH-27DEC19,1569236342342,open,0.0,14477.0,0.001,0.014,0.004726,99.14,0.002,0.0,ETH-27DEC19-640-C,209.2,93.17,0.003,40.0,0.007,300.0,105.11,0.07191,-0.03757,0.01339,0.0006,0.02864
211.79,SYN.ETH-25OCT19,1569236342339,open,0.25,162.0,0.226,0.28,0.253957,75.08,0.167,0.0,ETH-25OCT19-160-C,209.2,0.0,0.0,0.0,0.0,0.0,0.0,0.09705,-0.11428,0.12234,0.0033,0.9154
210.11,ETH-27SEP19,1569236342342,open,0.0,5725.0,0.001,0.011,0.0,115.02,0.001,0.0,ETH-27SEP19-400-C,209.2,0.0,0.0,0.0,0.001,285.0,260.35,0.0,0.0,0.0,0.0,0.0
215.46,ETH-27DEC19,1569236342342,open,0.01,9597.0,0.001,0.018,0.008588,76.88,0.007,0.0,ETH-27DEC19-120-P,209.2,73.46,0.007,40.0,0.011,390.0,81.52,0.10523,-0.04264,-0.03035,0.00113,-0.0456
215.46,ETH-27DEC19,1569236342342,open,0.54,101.0,0.47,0.595,0.53257,82.66,0.513,0.0,ETH-27DEC19-320-P,209.2,0.0,0.006,6.0,0.0,0.0,0.0,0.33625,-0.14648,-0.72763,0.00337,-0.76665
215.46,ETH-27DEC19,1569236342342,open,0.04,6937.0,0.019,0.066,0.041276,75.44,0.037,0.0,ETH-27DEC19-160-P,209.2,70.42,0.035,332.0,0.041,32.0,75.23,0.27483,-0.10927,-0.11665,0.00302,-0.16701
210.55,SYN.ETH-4OCT19,1569236342340,open,0.0,20.0,0.001,0.012,0.002827,93.15,0.007,0.0,ETH-4OCT19-280-C,209.2,78.52,0.001,201.0,0.004,20.0,99.59,0.03462,-0.14828,0.00266,0.00281,0.04528
210.11,ETH-27SEP19,1569236342342,open,0.72,233.0,0.664,0.766,0.713144,0.0,0.634,0.0,ETH-27SEP19-360-P,209.2,0.0,0.5,44.0,0.0,0.0,0.0,0.0,0.0,-0.03823,0.0,-1.0
210.11,ETH-27SEP19,1569236342342,open,0.0,2060.0,0.001,0.011,0.0,114.98,0.003,0.0,ETH-27SEP19-80-P,209.2,0.0,0.0,0.0,0.001,10.0,411.21,0.0,0.0,0.0,0.0,0.0
210.11,ETH-27SEP19,1569236342342,open,0.43,864.0,0.386,0.472,0.427673,0.0,0.356,0.0,ETH-27SEP19-300-P,209.2,0.0,0.049,15.0,1.82,5.0,500.0,0.0,0.0,-0.03186,0.0,-1.0
210.11,ETH-27SEP19,1569236342343,open,0.0,3419.0,0.001,0.011,0.0,115.01,0.001,0.0,ETH-27SEP19-640-C,209.2,0.0,0.0,0.0,0.001,237.0,412.57,0.0,0.0,0.0,0.0,0.0
210.11,ETH-27SEP19,1569236342343,open,0.0,3398.0,0.001,0.011,0.000666,97.16,0.001,0.0,ETH-27SEP19-260-C,209.2,0.0,0.0,0.0,0.001,111.0,103.3,0.00997,-0.12501,0.00041,0.00219,0.01886
210.11,ETH-27SEP19,1569236342343,open,0.0,839.0,0.001,0.011,0.0,114.99,0.001,0.0,ETH-27SEP19-60-P,209.2,0.0,0.0,0.0,0.002,800.0,500.0,0.0,0.0,0.0,0.0,0.0
215.46,ETH-27DEC19,1569236342343,open,1.61,0.0,1.525,1.695,1.606604,96.14,0.845,0.0,ETH-27DEC19-560-P,209.2,0.0,0.0,0.0,0.0,0.0,0.0,0.1027,-0.05203,-1.43506,0.00089,-0.95576
210.11,ETH-27SEP19,1569236342343,open,0.0,11094.0,0.001,0.011,0.0,114.97,0.001,0.0,ETH-27SEP19-120-P,209.2,0.0,0.0,0.0,0.001,115.0,249.43,0.0,0.0,0.0,0.0,0.0
211.79,SYN.ETH-25OCT19,1569236342341,open,0.01,2158.0,0.001,0.021,0.009436,75.08,0.007,0.0,ETH-25OCT19-160-P,209.2,71.83,0.008,160.0,0.011,160.0,78.38,0.09705,-0.11428,-0.01739,0.0033,-0.0846
210.11,ETH-27SEP19,1569236342343,open,0.43,116.0,0.412,0.445,0.428952,188.04,0.327,0.0,ETH-27SEP19-120-C,209.2,0.0,0.017,12.0,0.0,0.0,0.0,0.001,-0.02416,0.01271,0.00011,0.99859
210.11,ETH-27SEP19,1569236342343,open,0.0,6011.0,0.001,0.011,0.0,115.02,0.001,0.0,ETH-27SEP19-600-C,209.2,0.0,0.0,0.0,0.001,134.0,392.44,0.0,0.0,0.0,0.0,0.0
210.55,SYN.ETH-4OCT19,1569236342339,open,0.34,0.0,0.292,0.377,0.332667,93.15,None,0.0,ETH-4OCT19-280-P,209.2,0.0,0.0,0.0,0.0,0.0,0.0,0.03462,-0.14828,-0.08077,0.00281,-0.95472
211.79,SYN.ETH-25OCT19,1569236342341,open,0.53,6.0,0.514,0.544,0.528835,113.62,0.46,0.0,ETH-25OCT19-100-C,209.2,0.0,0.0,0.0,0.0,0.0,0.0,0.01392,-0.02482,0.08564,0.00031,0.99186
210.55,SYN.ETH-4OCT19,1569236342340,open,0.0,100.0,0.001,0.012,0.002535,75.95,0.002,0.0,ETH-4OCT19-170-P,209.2,64.04,0.001,200.0,0.004,4.0,83.86,0.03433,-0.11988,-0.00297,0.00342,-0.04481
210.55,SYN.ETH-4OCT19,1569236342340,open,0.15,0.0,0.122,0.179,0.151603,74.82,None,0.0,ETH-4OCT19-180-C,209.2,0.0,0.145,300.0,0.0,0.0,0.0,0.06403,-0.22025,0.04692,0.00648,0.89947
211.79,SYN.ETH-25OCT19,1569236342340,open,0.0,2475.0,0.001,0.013,0.003116,80.15,0.005,0.0,ETH-25OCT19-140-P,209.2,74.04,0.002,1440.0,0.004,160.0,84.12,0.04377,-0.05503,-0.00631,0.00139,-0.03101
215.46,ETH-27DEC19,1569236342344,open,0.0,4096.0,0.001,0.013,0.003379,106.41,0.002,0.0,ETH-27DEC19-760-C,209.2,99.8,0.002,9.0,0.005,300.0,112.11,0.05336,-0.02992,0.00935,0.00042,0.02007
210.55,SYN.ETH-4OCT19,1569236342339,open,0.03,177.0,0.007,0.051,0.026505,70.67,0.03,0.0,ETH-4OCT19-200-P,209.2,63.25,0.022,386.0,0.029,160.0,74.72,0.12906,-0.41934,-0.02141,0.01383,-0.31474
211.79,SYN.ETH-25OCT19,1569236342340,open,0.34,3.0,0.32,0.363,0.342072,80.15,0.271,0.0,ETH-25OCT19-140-C,209.2,0.0,0.0,0.0,0.0,0.0,0.0,0.04377,-0.05503,0.11595,0.00139,0.96899
210.55,SYN.ETH-4OCT19,1569236342341,open,0.19,0.0,0.169,0.22,0.195131,75.95,None,0.0,ETH-4OCT19-170-C,209.2,0.0,0.0,0.0,0.0,0.0,0.0,0.03433,-0.11988,0.04768,0.00342,0.95519
211.79,SYN.ETH-25OCT19,1569236342342,open,0.0,2460.0,0.001,0.011,0.001009,113.62,0.002,0.0,ETH-25OCT19-100-P,209.2,0.0,0.0,0.0,0.002,593.0,125.45,0.01392,-0.02482,-0.00169,0.00031,-0.00814
211.79,SYN.ETH-25OCT19,1569236342341,open,0.43,6.0,0.417,0.452,0.434404,88.24,0.36,0.0,ETH-25OCT19-120-C,209.2,0.0,0.0,0.0,0.0,0.0,0.0,0.01737,-0.02405,0.10267,0.0005,0.98952
9970.19,SYN.BTC-4OCT19,1569236342337,open,0.05,46.0,0.022,0.0715,0.04449957,62.36,0.045,0.0,BTC-4OCT19-10000-P,9921.35,59.46,0.0425,15.7,0.0475,28.7,66.72,6.86354,-19.67806,-1.58666,0.00037,-0.48959
10213.76,BTC-27DEC19,1569236342388,open,0.16,481.5,0.116,0.1925,0.15612084,72.67,0.157,0.0,BTC-27DEC19-10000-C,9921.35,71.34,0.1535,32.8,0.158,14.4,73.62,20.17321,-7.7255,11.67139,0.0001,0.59574
210.11,ETH-27SEP19,1569236342429,open,0.03,609.0,0.006,0.054,0.02869,69.18,0.036,0.0,ETH-27SEP19-210-C,209.2,60.2,0.025,3.0,0.032,120.0,77.24,0.08629,-0.7702,0.0109,0.02661,0.51715
210.11,ETH-27SEP19,1569236342441,open,0.03,609.0,0.006,0.054,0.02869,69.18,0.036,0.0,ETH-27SEP19-210-C,209.2,60.2,0.025,305.0,0.032,120.0,77.24,0.08629,-0.7702,0.0109,0.02661,0.51715
210.11,ETH-27SEP19,1569236342442,open,0.03,609.0,0.006,0.054,0.02869,69.18,0.036,0.0,ETH-27SEP19-210-C,209.2,60.2,0.025,305.0,0.032,422.0,77.24,0.08629,-0.7702,0.0109,0.02661,0.51715
210.11,ETH-27SEP19,1569236342477,open,0.01,3374.0,0.001,0.033,0.012321,71.8,0.017,0.0,ETH-27SEP19-220-C,209.2,64.97,0.01,3.0,0.015,583.0,79.39,0.0728,-0.67435,0.00596,0.02163,0.27937
218.74,ETH-27MAR20,1569236342479,open,0.05,432.0,0.02,0.084,0.049544,90.24,0.052,0.0,ETH-27MAR20-480-C,209.2,87.8,0.045,200.0,0.054,332.0,92.54,0.41592,-0.10096,0.1503,0.00189,0.18447
10213.76,BTC-27DEC19,1569236342503,open,0.09,468.0,0.053,0.1245,0.08895685,73.63,0.0895,0.0,BTC-27DEC19-12000-C,9921.35,72.64,0.087,2.3,0.0905,1.0,74.42,20.17676,-7.82977,8.37851,0.0001,0.40454
10213.76,BTC-27DEC19,1569236342565,open,0.0,621.5,0.0005,0.0105,0.00074347,89.7,0.001,0.0,BTC-27DEC19-36000-C,9921.35,86.35,0.0005,651.9,0.001,0.9,92.44,0.85502,-0.40419,0.13341,0.0,0.00577
10213.76,BTC-27DEC19,1569236342606,open,0.09,468.0,0.053,0.1245,0.08895685,73.63,0.0895,0.0,BTC-27DEC19-12000-C,9921.35,72.39,0.0865,17.3,0.0905,1.0,74.42,20.17676,-7.82977,8.37851,0.0001,0.40454
10030.98,SYN.BTC-25OCT19,1569236342627,open,0.14,7.1,0.11,0.1645,0.13832786,68.28,0.1405,0.0,BTC-25OCT19-9000-C,9921.35,66.9,0.137,4.9,0.1415,0.4,71.56,9.64601,-10.33151,5.25654,0.00016,0.73838
9949.85,BTC-27SEP19,1569236342690,open,0.15,4.1,0.1285,0.1675,0.14741193,91.38,0.169,0.0,BTC-27SEP19-8500-C,9921.35,0.0,0.143,13.0,0.1505,14.0,115.65,0.93232,-10.99039,0.85561,0.0001,0.95726
9949.6,BTC-27SEP19,1569236342691,open,0.05,92.7,0.02,0.0695,0.04412658,63.09,0.039,0.0,BTC-27SEP19-10250-P,9921.35,60.08,0.043,1.0,0.0455,0.5,66.73,3.73696,-30.41696,-0.74874,0.00056,-0.66459
10440.86,BTC-27MAR20,1569236342794,open,1.52,0.0,1.45,1.586,1.51425817,82.89,None,0.0,BTC-27MAR20-26000-P,9920.67,0.0,0.0,0.0,0.0,0.0,0.0,13.66644,-3.04732,-128.03255,3e-05,-0.89373
10440.86,BTC-27MAR20,1569236342794,open,1.89,0.0,1.822,1.965,1.88916629,84.38,None,0.0,BTC-27MAR20-30000-P,9920.67,0.0,0.0,0.0,0.0,0.0,0.0,10.36204,-2.35197,-149.72029,2e-05,-0.92672
10440.86,BTC-27MAR20,1569236342794,open,0.04,114.1,0.0145,0.0705,0.03864026,81.39,0.0415,0.0,BTC-27MAR20-22000-C,9920.67,79.85,0.036,15.4,0.041,13.3,82.73,18.1587,-3.97569,6.47431,4e-05,0.16041
10440.86,BTC-27MAR20,1569236342794,open,0.01,216.3,0.0005,0.0175,0.00750487,82.18,0.008,0.0,BTC-27MAR20-4000-P,9920.67,78.58,0.006,29.4,0.009,24.4,85.4,4.62346,-1.02212,-1.82695,1e-05,-0.02686
10440.18,BTC-27MAR20,1569236342795,open,0.33,17.0,0.2855,0.364,0.32635675,75.59,0.371,0.0,BTC-27MAR20-8000-C,9920.67,63.95,0.302,9.5,0.337,9.5,80.57,22.2121,-4.51665,23.97705,5e-05,0.77734
10213.29,BTC-27DEC19,1569236342795,open,1.75,0.1,1.688,1.8045,1.74366142,83.85,1.49,0.0,BTC-27DEC19-28000-P,9920.67,0.0,0.001,1.0,0.0,0.0,0.0,2.07954,-0.9189,-72.41441,1e-05,-0.98404
9949.6,BTC-27SEP19,1569236342795,open,0.0,406.8,0.0005,0.0105,0.0,115.0,0.0005,0.0,BTC-27SEP19-2500-P,9920.67,0.0,0.0,0.0,0.0005,10.0,500.0,0.0,0.0,0.0,0.0,0.0
9949.6,BTC-27SEP19,1569236342795,open,1.02,0.0,0.971,1.051,1.01008055,0.0,0.691,0.0,BTC-27SEP19-20000-P,9920.67,0.0,0.005,10.0,1.039,0.2,500.0,0.0,0.0,-2.12367,0.0,-1.0
10440.18,BTC-27MAR20,1569236342795,open,0.97,0.0,0.903,1.0325,0.96562861,80.55,None,0.0,BTC-27MAR20-20000-P,9920.67,0.0,0.0,0.0,0.0,0.0,0.0,20.82407,-4.51196,-93.90092,5e-05,-0.80054
10440.18,BTC-27MAR20,1569236342795,open,0.02,60.7,0.007,0.05,0.02404869,82.9,0.0265,0.0,BTC-27MAR20-26000-C,9920.67,81.3,0.022,13.4,0.026,19.0,84.36,13.66721,-3.04783,4.37236,3e-05,0.10629
9949.6,BTC-27SEP19,1569236342795,open,0.01,185.4,0.0005,0.0185,0.00523027,69.18,0.005,0.0,BTC-27SEP19-10750-C,9920.67,66.01,0.0045,0.6,0.0055,0.1,70.3,2.35739,-21.03825,0.14968,0.00032,0.14691
9949.6,BTC-27SEP19,1569236342795,open,0.0,489.6,0.0005,0.0105,0.00061972,101.9,0.001,0.0,BTC-27SEP19-12500-C,9920.67,0.0,0.0,0.0,0.001,40.0,109.33,0.4316,-5.67372,0.01727,4e-05,0.01697
10213.29,BTC-27DEC19,1569236342795,open,0.56,4.1,0.5515,0.575,0.56258332,84.96,0.578,0.0,BTC-27DEC19-4500-C,9920.67,0.0,0.5515,12.0,0.5715,12.0,111.17,2.24868,-1.00686,11.14825,1e-05,0.98252
10440.18,BTC-27MAR20,1569236342796,open,0.79,0.0,0.727,0.8555,0.78985677,79.72,0.8095,0.0,BTC-27MAR20-18000-P,9920.67,0.0,0.0825,2.0,0.8655,3.2,109.59,23.6975,-5.08156,-81.84518,5e-05,-0.74956
10213.29,BTC-27DEC19,1569236342795,open,0.0,467.0,0.0005,0.012,0.00226158,84.45,0.0015,0.0,BTC-27DEC19-28000-C,9920.67,80.33,0.0015,43.4,0.003,73.0,87.61,2.16344,-0.9629,0.38362,1e-05,0.01671
10440.18,BTC-27MAR20,1569236342796,open,2.84,1.0,2.7575,2.928,2.83832356,88.21,2.7125,0.0,BTC-27MAR20-40000-P,9920.67,0.0,0.0005,2.0,0.0,0.0,0.0,5.68134,-1.34804,-202.23892,1e-05,-0.96556
10440.18,BTC-27MAR20,1569236342796,open,2.46,0.0,2.3825,2.541,2.45739806,86.41,None,0.0,BTC-27MAR20-36000-P,9920.67,0.0,0.0,0.0,0.0,0.0,0.0,7.01793,-1.63128,-181.4436,1e-05,-0.95535
9949.6,BTC-27SEP19,1569236342796,open,0.41,54.1,0.3795,0.4365,0.40713732,109.32,0.405,0.0,BTC-27SEP19-14000-P,9920.67,0.0,0.005,10.0,0.0,0.0,0.0,0.04891,-0.68981,-1.48507,0.0,-0.99854
9949.6,BTC-27SEP19,1569236342796,open,1.82,0.0,1.759,1.8715,1.81411278,0.0,None,0.0,BTC-27SEP19-28000-P,9920.67,0.0,0.0,0.0,0.0,0.0,0.0,0.0,0.0,-2.97314,0.0,-1.0
10212.61,BTC-27DEC19,1569236342796,open,4.1,0.8,3.9915,4.1975,4.09166703,0.0,3.59,0.0,BTC-27DEC19-52000-P,9920.67,0.0,0.001,2.0,0.0,0.0,0.0,0.0,0.0,-135.16537,0.0,-1.0
9949.6,BTC-27SEP19,1569236342796,open,0.0,1202.5,0.0005,0.0105,1.9e-07,114.99,0.0005,0.0,BTC-27SEP19-6000-P,9920.67,0.0,0.0,0.0,0.0005,5.0,207.57,0.00035,-0.00192,-1e-05,0.0,-1e-05
9949.6,BTC-27SEP19,1569236342796,open,0.0,615.0,0.0005,0.0105,0.0,115.0,0.0005,0.0,BTC-27SEP19-5500-P,9920.67,0.0,0.0,0.0,0.0005,10.0,239.9,1e-05,-5e-05,0.0,0.0,0.0
10212.61,BTC-27DEC19,1569236342796,open,0.61,31.1,0.6005,0.6205,0.6101592,87.98,0.6265,0.0,BTC-27DEC19-4000-C,9920.67,0.0,0.6015,1.0,0.618,1.0,118.91,1.42851,-0.66237,10.07428,1e-05,0.98966
10212.61,BTC-27DEC19,1569236342796,open,0.05,535.0,0.024,0.082,0.05129935,75.22,0.0515,0.0,BTC-27DEC19-14000-C,9920.67,73.83,0.049,24.8,0.052,24.3,75.64,17.02461,-6.74866,5.64875,8e-05,0.26409
10440.18,BTC-27MAR20,1569236342797,open,0.09,262.3,0.0475,0.1305,0.08784589,78.8,0.083,0.0,BTC-27MAR20-16000-C,9920.67,77.28,0.084,14.4,0.0915,29.3,80.24,26.51381,-5.62047,12.14778,6e-05,0.31633
10212.61,BTC-27DEC19,1569236342796,open,0.47,73.3,0.4535,0.4875,0.46977766,80.05,0.491,0.0,BTC-27DEC19-5500-C,9920.67,0.0,0.4565,11.0,0.4835,11.0,102.96,4.72844,-1.99475,12.94247,2e-05,0.95733
9949.6,BTC-27SEP19,1569236342797,open,0.7,225.7,0.6885,0.708,0.69848792,324.65,0.693,0.0,BTC-27SEP19-3000-C,9920.67,0.0,0.69,1.0,0.7065,1.0,500.0,0.0036,-0.15077,0.31845,0.0,0.99991
9949.6,BTC-27SEP19,1569236342797,open,0.0,695.0,0.0005,0.0105,1e-08,115.0,0.0005,0.0,BTC-27SEP19-18000-C,9920.67,0.0,0.0,0.0,0.001,44.0,242.9,2e-05,-8e-05,0.0,0.0,0.0
9949.6,BTC-27SEP19,1569236342797,open,0.0,684.0,0.0005,0.0105,0.0,115.0,0.0005,0.0,BTC-27SEP19-30000-C,9920.67,0.0,0.0,0.0,0.0005,29.0,381.62,0.0,0.0,0.0,0.0,0.0
10212.61,BTC-27DEC19,1569236342797,open,0.0,134.2,0.0005,0.0105,0.00020281,114.99,0.0005,0.0,BTC-27DEC19-2000-P,9920.67,0.0,0.0,0.0,0.001,35.0,137.48,0.18418,-0.11162,-0.0334,0.0,-0.00106
10440.18,BTC-27MAR20,1569236342797,open,0.01,21.6,0.001,0.0275,0.01071563,85.51,0.0155,0.0,BTC-27MAR20-34000-C,9920.67,83.84,0.0095,11.5,0.012,7.0,87.15,7.87512,-1.81139,2.17195,2e-05,0.05157
9949.6,BTC-27SEP19,1569236342797,open,0.85,43.3,0.8395,0.859,0.84924396,488.03,0.85,0.0,BTC-27SEP19-1500-C,9920.67,0.0,0.841,1.0,0.8575,1.0,500.0,0.0013,-0.08172,0.15924,0.0,0.99997
9949.6,BTC-27SEP19,1569236342797,open,2.02,0.0,1.9565,2.0765,2.01512083,0.0,None,0.0,BTC-27SEP19-30000-P,9920.67,0.0,0.0,0.0,0.0,0.0,0.0,0.0,0.0,-3.1855,0.0,-1.0
9949.6,BTC-27SEP19,1569236342797,open,0.4,713.5,0.385,0.4085,0.39697603,148.91,0.454,0.0,BTC-27SEP19-6000-C,9920.67,0.0,0.387,11.0,0.401,11.0,286.67,0.01385,-0.266,0.63669,0.0,0.99963
9949.6,BTC-27SEP19,1569236342797,open,0.0,722.6,0.0005,0.0105,0.00047237,112.42,0.0005,0.0,BTC-27SEP19-13000-C,9920.67,0.0,0.0,0.0,0.001,45.8,124.72,0.32504,-4.69988,0.0124,3e-05,0.01221
9949.6,BTC-27SEP19,1569236342797,open,0.26,21.0,0.232,0.285,0.25692125,101.19,0.29,0.0,BTC-27SEP19-12500-P,9920.67,0.0,0.0015,1.0,0.0,0.0,0.0,0.41745,-5.44933,-1.31067,4e-05,-0.98368
10212.61,BTC-27DEC19,1569236342797,open,0.01,859.0,0.0015,0.0265,0.01101766,79.09,0.0115,0.0,BTC-27DEC19-20000-C,9920.67,78.34,0.0105,1.0,0.0115,47.0,79.78,7.1015,-2.96008,1.60405,3e-05,0.07144
9949.6,BTC-27SEP19,1569236342797,open,0.0,565.2,0.0005,0.0105,1.03e-06,115.01,0.0005,0.0,BTC-27SEP19-16000-C,9920.67,0.0,0.0,0.0,0.0005,0.4,185.22,0.00168,-0.01027,4e-05,0.0,4e-05
10212.61,BTC-27DEC19,1569236342797,open,2.93,0.0,2.84,2.9995,2.9170296,88.46,2.58,0.0,BTC-27DEC19-40000-P,9920.67,0.0,0.001,1.0,0.0,0.0,0.0,0.41031,-0.19129,-103.91391,0.0,-0.99746
10212.61,BTC-27DEC19,1569236342798,open,0.97,5.7,0.923,1.0205,0.9691604,78.77,0.661,0.0,BTC-27DEC19-20000-P,9920.67,0.0,0.01,1.0,1.466,1.0,356.18,7.02309,-2.91559,-50.40399,3e-05,-0.92958
10212.61,BTC-27DEC19,1569236342798,open,0.0,239.8,0.0005,0.0105,3.064e-05,114.99,0.0005,0.0,BTC-27DEC19-1500-P,9920.67,0.0,0.0,0.0,0.001,35.0,161.75,0.03613,-0.0219,-0.00564,0.0,-0.00018
10440.18,BTC-27MAR20,1569236342798,open,0.01,450.0,0.0005,0.021,0.0072324,88.68,0.0075,0.0,BTC-27MAR20-40000-C,9920.67,86.33,0.006,24.1,0.0085,31.1,90.84,5.8175,-1.38775,1.50023,1e-05,0.03545
10212.61,BTC-27DEC19,1569236342798,open,0.0,228.1,0.0005,0.011,0.00102029,91.85,0.001,0.0,BTC-27DEC19-3500-P,9920.67,84.15,0.0005,10.5,0.0015,10.0,96.79,0.86594,-0.41916,-0.18244,0.0,-0.00585
10212.61,BTC-27DEC19,1569236342798,open,2.14,0.3,2.072,2.2015,2.13425415,83.95,1.875,0.0,BTC-27DEC19-32000-P,9920.67,0.0,0.0,0.0,0.0,0.0,0.0,1.02162,-0.45198,-83.01459,0.0,-0.99295
10212.61,BTC-27DEC19,1569236342798,open,1.55,0.0,1.4965,1.606,1.5485823,81.27,None,0.0,BTC-27DEC19-26000-P,9920.67,0.0,0.0045,10.0,2.2355,0.2,499.87,2.55065,-1.09248,-67.11634,1e-05,-0.97972
10212.61,BTC-27DEC19,1569236342798,open,0.27,222.4,0.2345,0.299,0.26778077,73.66,0.265,0.0,BTC-27DEC19-8000-C,9920.67,72.41,0.266,0.7,0.2725,15.0,76.93,14.62162,-5.67599,14.10117,7e-05,0.79898
10212.61,BTC-27DEC19,1569236342798,open,0.78,12.4,0.7345,0.83,0.77972861,77.1,0.559,0.0,BTC-27DEC19-18000-P,9920.67,0.0,0.0045,5.0,1.4975,0.2,499.8,9.56643,-3.88702,-44.41706,5e-05,-0.89348
10212.61,BTC-27DEC19,1569236342799,open,0.0,334.4,0.0005,0.0105,0.0004958,102.77,0.001,0.0,BTC-27DEC19-48000-C,9920.67,0.0,0.0,0.0,0.001,35.0,109.74,0.5548,-0.30047,0.08118,0.0,0.00355
9949.6,BTC-27SEP19,1569236342798,open,0.81,1.0,0.774,0.846,0.80907251,0.0,0.7615,0.0,BTC-27SEP19-18000-P,9920.67,0.0,0.0055,1.0,0.0,0.0,0.0,0.0,0.0,-1.9113,0.0,-1.0
10212.61,BTC-27DEC19,1569236342799,open,3.71,0.0,3.6075,3.798,3.70003838,0.0,None,0.0,BTC-27DEC19-48000-P,9920.67,0.0,0.0005,1.0,0.0,0.0,0.0,0.0,0.0,-124.76804,0.0,-1.0
9949.6,BTC-27SEP19,1569236342799,open,0.0,811.8,0.0005,0.0105,0.0,115.0,0.0005,0.0,BTC-27SEP19-20000-C,9920.67,0.0,0.0,0.0,0.001,35.0,278.72,0.0,0.0,0.0,0.0,0.0
9949.6,BTC-27SEP19,1569236342799,open,0.0,657.8,0.0005,0.0105,0.0,115.0,0.0005,0.0,BTC-27SEP19-5000-P,9920.67,0.0,0.0,0.0,0.0005,57.9,275.16,0.0,0.0,0.0,0.0,0.0
9949.6,BTC-27SEP19,1569236342799,open,0.61,34.4,0.577,0.641,0.60806547,0.0,0.396,0.0,BTC-27SEP19-16000-P,9920.67,0.0,0.01,2.0,0.0,0.0,0.0,0.0,0.0,-1.69893,0.0,-1.0
9949.6,BTC-27SEP19,1569236342799,open,0.0,350.4,0.0005,0.0105,0.0,115.0,0.0005,0.0,BTC-27SEP19-4750-P,9920.67,0.0,0.0,0.0,0.0005,26.9,294.09,0.0,0.0,0.0,0.0,0.0
9970.13,SYN.BTC-4OCT19,1569236342794,open,0.15,0.0,0.132,0.1745,0.15303757,72.65,None,0.0,BTC-4OCT19-8500-C,9920.67,0.0,0.09,2.0,0.254,4.0,269.82,2.81694,-9.40824,2.24588,0.00013,0.90904
10212.61,BTC-27DEC19,1569236342800,open,0.0,492.5,0.0005,0.0115,0.00178775,87.67,0.0015,0.0,BTC-27DEC19-4000-P,9920.67,80.83,0.001,46.0,0.0025,24.0,92.3,1.4063,-0.64972,-0.317,1e-05,-0.01015
9949.6,BTC-27SEP19,1569236342799,open,0.67,0.5,0.6635,0.683,0.67336191,305.09,0.694,0.0,BTC-27SEP19-3250-C,9920.67,0.0,0.665,1.0,0.6815,1.0,500.0,0.0041,-0.16146,0.34498,0.0,0.9999
10212.61,BTC-27DEC19,1569236342800,open,0.0,213.2,0.0005,0.0105,0.00050218,109.5,0.0005,0.0,BTC-27DEC19-2500-P,9920.67,0.0,0.0,0.0,0.001,35.0,119.01,0.4121,-0.23781,-0.08115,0.0,-0.00255
10212.61,BTC-27DEC19,1569236342800,open,0.02,501.6,0.005,0.037,0.01740015,77.31,0.0185,0.0,BTC-27DEC19-18000-C,9920.67,75.79,0.016,60.5,0.0185,29.0,78.46,9.61984,-3.91943,2.3876,5e-05,0.10734
9948.92,BTC-27SEP19,1569236342800,open,0.31,36.9,0.281,0.336,0.30702473,108.31,0.278,0.0,BTC-27SEP19-13000-P,9920.67,0.0,0.0015,1.0,0.0,0.0,0.0,0.26419,-3.69169,-1.37059,2e-05,-0.99038
9948.92,BTC-27SEP19,1569236342800,open,0.02,916.2,0.0055,0.0455,0.02347551,63.0,0.0265,0.0,BTC-27SEP19-10000-C,9920.67,60.63,0.0225,0.4,0.025,40.1,66.71,4.08551,-33.20688,0.48385,0.00062,0.48149
10212.61,BTC-27DEC19,1569236342800,open,1.95,0.2,1.88,2.0025,1.93874687,82.76,2.03,0.0,BTC-27DEC19-30000-P,9920.67,0.0,0.001,1.0,0.0,0.0,0.0,1.33477,-0.58213,-77.75803,1e-05,-0.99044
9970.13,SYN.BTC-4OCT19,1569236342794,open,0.2,0.0,0.182,0.2195,0.20036324,79.12,None,0.0,BTC-4OCT19-8000-C,9920.67,0.0,0.0,0.0,0.3005,4.0,302.99,1.67369,-6.08822,2.23749,7e-05,0.95354
10212.61,BTC-27DEC19,1569236342801,open,2.53,1.3,2.456,2.5995,2.5254004,83.53,2.2,0.0,BTC-27DEC19-36000-P,9920.67,0.0,0.0,0.0,0.0,0.0,0.0,0.47917,-0.21092,-93.50507,0.0,-0.99698
10212.61,BTC-27DEC19,1569236342801,open,0.0,485.1,0.0005,0.0105,0.00074411,95.99,0.001,0.0,BTC-27DEC19-40000-C,9920.67,92.46,0.0005,2.5,0.001,35.0,98.86,0.81496,-0.41228,0.12534,0.0,0.00547
10030.98,SYN.BTC-25OCT19,1569236342795,open,0.0,584.5,0.0005,0.0125,0.00272549,80.14,0.0025,0.0,BTC-25OCT19-16000-C,9920.67,76.38,0.002,34.0,0.0035,63.4,83.52,2.1242,-2.67033,0.2559,3e-05,0.03194
9970.13,SYN.BTC-4OCT19,1569236342794,open,0.0,28.0,0.0005,0.0125,0.00275881,79.12,0.0025,0.0,BTC-4OCT19-8000-P,9920.67,74.2,0.002,54.9,0.0035,0.1,83.25,1.67334,-6.08646,-0.14618,7e-05,-0.04645
10030.98,SYN.BTC-25OCT19,1569236342795,open,0.6,0.0,0.5645,0.6345,0.5977593,80.02,None,0.0,BTC-25OCT19-16000-P,9920.67,0.0,0.0,0.0,0.0,0.0,0.0,2.1119,-2.6509,-13.71875,3e-05,-0.96829
10030.98,SYN.BTC-25OCT19,1569236342797,open,0.7,0.0,0.662,0.7345,0.69647957,82.64,None,0.0,BTC-25OCT19-17000-P,9920.67,0.0,0.0,0.0,0.0,0.0,0.0,1.48246,-1.92176,-14.67934,2e-05,-0.97922
10030.98,SYN.BTC-25OCT19,1569236342795,open,0.01,317.2,0.0035,0.029,0.01340956,72.59,0.014,0.0,BTC-25OCT19-13000-C,9920.67,71.95,0.013,1.0,0.014,9.0,73.5,6.44847,-7.3428,1.06846,0.0001,0.13538
9970.13,SYN.BTC-4OCT19,1569236342798,open,0.16,0.0,0.1335,0.19,0.16087293,69.66,None,0.0,BTC-4OCT19-11500-P,9920.67,0.0,0.0,0.0,0.0,0.0,0.0,3.63778,-11.64984,-3.06291,0.00018,-0.87015
10030.98,SYN.BTC-25OCT19,1569236342796,open,0.31,3.2,0.2765,0.3445,0.30937453,72.56,0.3145,0.0,BTC-25OCT19-13000-P,9920.67,38.61,0.2965,7.0,0.319,15.0,85.92,6.44435,-7.33487,-10.28545,0.0001,-0.86475
9970.13,SYN.BTC-4OCT19,1569236342817,open,0.05,46.0,0.022,0.0715,0.04449957,62.36,0.045,0.0,BTC-4OCT19-10000-P,9920.67,60.18,0.043,0.5,0.0475,28.7,66.72,6.8635,-19.67633,-1.58672,0.00037,-0.48962
10212.61,BTC-27DEC19,1569236342817,open,1.55,0.0,1.4965,1.6055,1.5485823,81.27,None,0.0,BTC-27DEC19-26000-P,9920.67,0.0,0.0045,10.0,2.236,0.2,500.0,2.55065,-1.09248,-67.11634,1e-05,-0.97972
10212.61,BTC-27DEC19,1569236342821,open,1.17,4.9,1.1135,1.213,1.16066619,79.26,1.0385,0.0,BTC-27DEC19-22000-P,9920.67,0.0,0.006,2.0,1.8655,0.3,500.0,4.92061,-2.05525,-56.16687,2e-05,-0.95517
10212.61,BTC-27DEC19,1569236342824,open,1.36,0.0,1.305,1.4085,1.35405592,79.96,None,0.0,BTC-27DEC19-24000-P,9920.67,0.0,0.006,1.0,2.0505,0.2,500.0,3.46754,-1.46114,-61.71469,2e-05,-0.97077
210.11,ETH-27SEP19,1569236342922,open,0.14,1586.0,0.117,0.172,0.145276,93.89,0.146,0.0,ETH-27SEP19-180-C,209.2,0.0,0.143,309.0,0.162,30.0,177.42,0.02225,-0.26945,0.01796,0.00505,0.95024
10212.61,BTC-27DEC19,1569236342931,open,0.43,122.9,0.406,0.446,0.42550957,78.7,0.4475,0.0,BTC-27DEC19-6000-C,9920.67,74.46,0.423,13.0,0.4295,13.0,84.54,6.48229,-2.68865,13.5635,3e-05,0.93651
10212.61,BTC-27DEC19,1569236342934,open,0.6,23.1,0.5495,0.6455,0.59585343,75.82,0.5235,0.0,BTC-27DEC19-16000-P,9920.67,74.48,0.594,2.0,0.6005,2.0,79.49,13.00027,-5.19473,-37.93958,6e-05,-0.83351
10212.61,BTC-27DEC19,1569236342941,open,0.0,621.5,0.0005,0.0105,0.00074291,89.71,0.001,0.0,BTC-27DEC19-36000-C,9920.67,86.35,0.0005,645.9,0.001,0.9,92.44,0.85486,-0.40415,0.13338,0.0,0.00577
10212.61,BTC-27DEC19,1569236342989,open,0.51,211.9,0.4605,0.557,0.50747973,75.54,0.5,0.0,BTC-27DEC19-15000-P,9920.67,73.58,0.5045,1.9,0.5115,2.0,78.32,15.01504,-5.97717,-34.43326,7e-05,-0.78978
210.11,ETH-27SEP19,1569236343054,open,0.24,740.0,0.215,0.262,0.238873,118.85,0.258,0.0,ETH-27SEP19-160-C,209.2,0.0,0.224,32.0,0.25,32.0,222.84,0.00633,-0.09711,0.01673,0.00114,0.98887
9970.13,SYN.BTC-4OCT19,1569236343052,open,0.05,46.0,0.022,0.0715,0.04450318,62.36,0.045,0.0,BTC-4OCT19-10000-P,9920.67,60.18,0.043,0.5,0.0475,33.7,66.72,6.8635,-19.67633,-1.58672,0.00037,-0.48962
10212.61,BTC-27DEC19,1569236343100,open,0.09,634.9,0.0535,0.1215,0.08715592,72.88,0.089,0.0,BTC-27DEC19-9000-P,9920.67,71.69,0.085,27.0,0.089,2.9,73.95,18.08875,-6.94775,-10.26193,9e-05,-0.29946
10212.61,BTC-27DEC19,1569236343102,open,0.16,481.5,0.116,0.1925,0.15607118,72.69,0.157,0.0,BTC-27DEC19-10000-C,9920.67,71.37,0.1535,32.8,0.158,2.4,73.64,20.1722,-7.72778,11.6674,0.0001,0.59564
9949.6,BTC-27SEP19,1569236343122,open,0.03,1165.5,0.0085,0.0525,0.02852952,62.87,0.0295,0.0,BTC-27SEP19-10000-P,9920.67,60.39,0.0275,0.4,0.0295,0.4,65.26,4.08594,-33.13778,-0.57758,0.00062,-0.51819
9970.13,SYN.BTC-4OCT19,1569236343225,open,0.04,35.2,0.02,0.0665,0.04150738,62.37,0.044,0.0,BTC-4OCT19-10000-C,9920.67,60.17,0.04,7.6,0.0435,3.1,65.26,6.8635,-19.6792,1.39291,0.00037,0.51039
9949.6,BTC-27SEP19,1569236343264,open,0.05,92.7,0.0205,0.0695,0.04414711,63.09,0.039,0.0,BTC-27SEP19-10250-P,9920.67,60.08,0.043,0.4,0.0455,0.5,66.73,3.73696,-30.41696,-0.74874,0.00056,-0.66459
9949.6,BTC-27SEP19,1569236343266,open,0.05,92.7,0.0205,0.0695,0.04414711,63.09,0.039,0.0,BTC-27SEP19-10250-P,9920.67,60.08,0.043,1.0,0.0455,0.5,66.73,3.73696,-30.41696,-0.74874,0.00056,-0.66459
10212.61,BTC-27DEC19,1569236343280,open,0.01,772.8,0.0005,0.015,0.00511717,81.87,0.0055,0.0,BTC-27DEC19-5000-P,9920.67,79.89,0.0045,1.0,0.006,33.5,84.5,3.28967,-1.41929,-0.86421,1e-05,-0.02744
10212.61,BTC-27DEC19,1569236343282,open,0.34,112.0,0.292,0.388,0.34005305,74.21,0.335,0.0,BTC-27DEC19-13000-P,9920.67,72.33,0.3365,6.0,0.343,2.0,75.86,18.78259,-7.34521,-26.89432,9e-05,-0.67318
10440.18,BTC-27MAR20,1569236343290,open,0.09,262.3,0.0475,0.1305,0.08783033,78.8,0.083,0.0,BTC-27MAR20-16000-C,9920.67,77.48,0.0845,10.0,0.0915,29.3,80.24,26.51381,-5.62047,12.14778,6e-05,0.31633
10212.61,BTC-27DEC19,1569236343300,open,0.01,772.8,0.0005,0.015,0.00511717,81.87,0.0055,0.0,BTC-27DEC19-5000-P,9920.67,79.89,0.0045,24.0,0.006,33.5,84.5,3.28967,-1.41929,-0.86421,1e-05,-0.02744
10212.61,BTC-27DEC19,1569236343309,open,0.09,634.9,0.0535,0.1215,0.08715592,72.88,0.089,0.0,BTC-27DEC19-9000-P,9920.67,71.69,0.085,27.0,0.0895,26.9,74.23,18.08875,-6.94775,-10.26193,9e-05,-0.29946
9970.13,SYN.BTC-4OCT19,1569236343336,open,0.04,35.2,0.02,0.0665,0.04150738,62.37,0.044,0.0,BTC-4OCT19-10000-C,9920.67,60.17,0.04,2.6,0.0435,3.1,65.26,6.8635,-19.6792,1.39291,0.00037,0.51039
218.71,ETH-27MAR20,1569236343355,open,1.61,0.0,1.502,1.699,1.597437,93.55,None,0.0,ETH-27MAR20-560-P,209.17,0.0,0.01,10.0,0.0,0.0,0.0,0.34955,-0.08796,-2.7356,0.00153,-0.85871
218.71,ETH-27MAR20,1569236343355,open,1.79,0.0,1.676,1.881,1.775006,94.48,None,0.0,ETH-27MAR20-600-P,209.17,0.0,0.02,10.0,0.0,0.0,0.0,0.31786,-0.08079,-2.95363,0.00138,-0.8769
218.71,ETH-27MAR20,1569236343355,open,0.04,364.0,0.013,0.068,0.037305,93.76,0.032,0.0,ETH-27MAR20-560-C,209.17,91.66,0.034,200.0,0.041,340.0,96.01,0.35102,-0.08853,0.11679,0.00154,0.14216
218.71,ETH-27MAR20,1569236343355,open,1.08,0.0,0.985,1.158,1.070217,88.37,None,0.0,ETH-27MAR20-440-P,209.17,0.0,0.002,10.0,0.0,0.0,0.0,0.4546,-0.10806,-2.06759,0.00211,-0.78616
218.71,ETH-27MAR20,1569236343355,open,0.03,4336.0,0.01,0.061,0.032024,94.74,0.027,0.0,ETH-27MAR20-600-C,209.17,92.62,0.029,200.0,0.035,300.0,96.73,0.31971,-0.08148,0.10258,0.00139,0.12412
215.46,ETH-27DEC19,1569236343356,open,0.04,1216.0,0.015,0.067,0.039516,84.4,0.039,0.0,ETH-27DEC19-340-C,209.17,82.61,0.037,32.0,0.042,300.0,86.13,0.30667,-0.1364,0.08936,0.00301,0.19906
215.46,ETH-27DEC19,1569236343356,open,0.23,526.0,0.196,0.272,0.237073,75.47,0.235,0.0,ETH-27DEC19-180-C,209.17,62.97,0.217,240.0,0.0,0.0,0.0,0.35253,-0.14021,0.28463,0.00387,0.74529
215.46,ETH-27DEC19,1569236343356,open,0.03,506.0,0.009,0.052,0.027809,87.22,0.028,0.0,ETH-27DEC19-380-C,209.17,84.75,0.025,40.0,0.031,300.0,89.89,0.25154,-0.11562,0.0662,0.00239,0.14601
215.46,ETH-27DEC19,1569236343356,open,0.8,0.0,0.726,0.861,0.791461,87.2,None,0.0,ETH-27DEC19-380-P,209.17,0.0,0.0,0.0,0.0,0.0,0.0,0.25148,-0.11557,-0.92157,0.00239,-0.85404
211.76,SYN.ETH-25OCT19,1569236343356,open,0.07,929.0,0.04,0.101,0.071299,74.56,0.065,0.0,ETH-25OCT19-220-C,209.17,73.45,0.07,96.0,0.076,347.0,78.55,0.24915,-0.29139,0.07462,0.00853,0.47481
210.1,ETH-27SEP19,1569236343357,open,0.29,0.0,0.248,0.327,0.28587,113.74,None,0.0,ETH-27SEP19-270-P,209.17,0.0,0.0,0.0,0.0,0.0,0.0,0.0099,-0.14524,-0.02827,0.00186,-0.98131
215.43,ETH-27DEC19,1569236343357,open,0.06,719.0,0.027,0.09,0.058289,81.37,0.056,0.0,ETH-27DEC19-300-C,209.17,78.83,0.054,37.0,0.062,300.0,83.53,0.368,-0.15781,0.12266,0.00375,0.27733
211.76,SYN.ETH-25OCT19,1569236343356,open,0.02,2551.0,0.005,0.038,0.019009,84.67,0.019,0.0,ETH-25OCT19-280-C,209.17,81.82,0.017,128.0,0.021,492.0,87.38,0.15272,-0.20283,0.02621,0.00461,0.16075
211.76,SYN.ETH-25OCT19,1569236343356,open,0.11,289.0,0.072,0.147,0.110083,74.43,0.103,0.0,ETH-25OCT19-220-P,209.17,68.41,0.103,96.0,0.112,96.0,76.06,0.24914,-0.29089,-0.11751,0.00855,-0.52538
210.52,SYN.ETH-4OCT19,1569236343355,open,0.01,33.0,0.002,0.031,0.013223,79.4,0.011,0.0,ETH-4OCT19-240-C,209.17,72.13,0.01,161.0,0.016,637.0,85.19,0.09776,-0.35685,0.01092,0.00932,0.18735
210.52,SYN.ETH-4OCT19,1569236343356,open,0.02,32.0,0.004,0.042,0.020355,75.87,0.018,0.0,ETH-4OCT19-230-C,209.17,69.89,0.017,161.0,0.023,34.0,80.44,0.12035,-0.41981,0.01571,0.01201,0.27088
215.43,ETH-27DEC19,1569236343360,open,0.62,0.0,0.554,0.682,0.617315,84.11,None,0.0,ETH-27DEC19-340-P,209.17,0.0,0.0,0.0,0.0,0.0,0.0,0.30539,-0.13536,-0.79493,0.00301,-0.80227
211.76,SYN.ETH-25OCT19,1569236343355,open,0.03,663.0,0.01,0.05,0.028055,80.33,0.031,0.0,ETH-25OCT19-260-C,209.17,79.14,0.027,128.0,0.03,461.0,82.49,0.18902,-0.23817,0.03695,0.00601,0.22786
211.76,SYN.ETH-25OCT19,1569236343357,open,0.11,547.0,0.081,0.147,0.115905,74.58,0.122,0.0,ETH-25OCT19-200-C,209.17,72.85,0.114,96.0,0.123,96.0,81.01,0.23319,-0.27279,0.09767,0.00798,0.64407
211.76,SYN.ETH-25OCT19,1569236343357,open,0.26,3.0,0.21,0.301,0.255708,80.13,0.534,0.0,ETH-25OCT19-260-P,209.17,0.0,0.0,0.0,0.0,0.0,0.0,0.18868,-0.23717,-0.19021,0.00601,-0.77287
211.76,SYN.ETH-25OCT19,1569236343356,open,0.17,482.0,0.144,0.207,0.177149,74.62,0.2,0.0,ETH-25OCT19-180-C,209.17,58.78,0.165,240.0,0.5,10.0,410.52,0.17439,-0.20411,0.11547,0.00597,0.80153
210.52,SYN.ETH-4OCT19,1569236343356,open,0.12,0.0,0.075,0.15,0.112724,75.6,0.093,0.0,ETH-4OCT19-230-P,209.17,36.81,0.095,2.0,0.136,2.0,113.4,0.12015,-0.41762,-0.05286,0.01203,-0.73001
210.52,SYN.ETH-4OCT19,1569236343365,open,0.15,0.0,0.122,0.179,0.151603,75.16,None,0.0,ETH-4OCT19-180-C,209.17,0.0,0.144,300.0,0.0,0.0,0.0,0.06455,-0.22306,0.04684,0.0065,0.89833
10212.61,BTC-27DEC19,1569236343364,open,0.16,481.5,0.116,0.1925,0.15607118,72.69,0.157,0.0,BTC-27DEC19-10000-C,9920.67,71.37,0.1535,32.8,0.1585,22.4,73.9,20.1722,-7.72778,11.6674,0.0001,0.59564
9948.92,BTC-27SEP19,1569236343367,open,0.02,916.2,0.0055,0.045,0.02343268,63.0,0.0265,0.0,BTC-27SEP19-10000-C,9920.67,60.63,0.0225,0.4,0.0245,18.0,65.5,4.08551,-33.20688,0.48385,0.00062,0.48149
9970.13,SYN.BTC-4OCT19,1569236343376,open,0.05,46.0,0.022,0.0715,0.04450318,62.36,0.045,0.0,BTC-4OCT19-10000-P,9920.67,60.18,0.043,4.2,0.0475,33.7,66.72,6.8635,-19.67633,-1.58672,0.00037,-0.48962
10212.61,BTC-27DEC19,1569236343464,open,0.0,621.5,0.0005,0.0105,0.00074291,89.71,0.001,0.0,BTC-27DEC19-36000-C,9920.67,86.35,0.0005,651.9,0.001,0.9,92.44,0.85486,-0.40415,0.13338,0.0,0.00577
10212.61,BTC-27DEC19,1569236343311,open,0.09,634.9,0.0535,0.1215,0.08715592,72.88,0.089,0.0,BTC-27DEC19-9000-P,9920.67,71.69,0.085,27.0,0.0895,35.2,74.23,18.08875,-6.94775,-10.26193,9e-05,-0.29946
10212.61,BTC-27DEC19,1569236343497,open,0.16,481.5,0.116,0.1925,0.15607118,72.69,0.157,0.0,BTC-27DEC19-10000-C,9920.67,71.37,0.1535,18.4,0.1585,22.4,73.9,20.1722,-7.72778,11.6674,0.0001,0.59564
9970.13,SYN.BTC-4OCT19,1569236343568,open,0.04,35.2,0.02,0.0665,0.04150738,62.37,0.044,0.0,BTC-4OCT19-10000-C,9920.67,59.45,0.0395,12.7,0.0435,3.1,65.26,6.8635,-19.6792,1.39291,0.00037,0.51039
9970.13,SYN.BTC-4OCT19,1569236343571,open,0.04,35.2,0.02,0.0665,0.04150738,62.37,0.044,0.0,BTC-4OCT19-10000-C,9920.67,60.17,0.04,10.0,0.0435,3.1,65.26,6.8635,-19.6792,1.39291,0.00037,0.51039
9970.13,SYN.BTC-4OCT19,1569236343612,open,0.05,46.0,0.022,0.0715,0.04450318,62.36,0.045,0.0,BTC-4OCT19-10000-P,9920.67,60.18,0.043,3.7,0.0475,33.7,66.72,6.8635,-19.67633,-1.58672,0.00037,-0.48962
9970.13,SYN.BTC-4OCT19,1569236343724,open,0.05,46.0,0.022,0.0715,0.04450318,62.36,0.045,0.0,BTC-4OCT19-10000-P,9920.67,59.45,0.0425,10.7,0.0475,33.7,66.72,6.8635,-19.67633,-1.58672,0.00037,-0.48962
10212.61,BTC-27DEC19,1569236343725,open,0.01,772.8,0.0005,0.015,0.00511717,81.87,0.0055,0.0,BTC-27DEC19-5000-P,9920.67,79.89,0.0045,32.0,0.006,33.5,84.5,3.28967,-1.41929,-0.86421,1e-05,-0.02744
10030.06,SYN.BTC-25OCT19,1569236343835,open,0.08,114.4,0.0525,0.1085,0.08128208,67.88,0.083,0.0,BTC-25OCT19-10000-C,9920.67,67.21,0.0805,0.4,0.084,13.5,70.2,11.74659,-12.50761,4.06957,0.0002,0.54588
10212.61,BTC-27DEC19,1569236343859,open,0.0,621.5,0.0005,0.0105,0.00074291,89.71,0.001,0.0,BTC-27DEC19-36000-C,9920.67,86.35,0.0005,645.9,0.001,0.9,92.44,0.85486,-0.40415,0.13338,0.0,0.00577
210.1,ETH-27SEP19,1569236343882,open,0.14,1586.0,0.117,0.172,0.145276,93.15,0.146,0.0,ETH-27SEP19-180-C,209.17,0.0,0.143,309.0,0.16,30.0,169.87,0.02182,-0.26221,0.01798,0.005,0.95143
10213.29,BTC-27DEC19,1569236343954,open,0.01,615.5,0.0005,0.0185,0.00826923,79.92,0.009,0.0,BTC-27DEC19-5500-P,9920.67,78.22,0.0075,23.0,0.0095,36.0,82.5,4.7109,-1.98427,-1.34706,2e-05,-0.04247
