underlying_price,underlying_index,timestamp,state,settlement_price,open_interest,min_price,max_price,mark_price,mark_iv,last_price,interest_rate,instrument_name,index_price,bid_iv,best_bid_price,best_bid_amount,best_ask_price,best_ask_amount,ask_iv,vega,theta,rho,gamma,delta
279.43,SYN.ETH-5JUL19,1562065140002,open,0.03,1031.0,0.001,0.065,0.024487,112.18,0.013,0.0,ETH-5JUL19-270-P,279.06,92.21,0.018,316.0,0.029,116.0,125.96,0.09154,-1.78551,-0.00817,0.01326,-0.34659
289.63,ETH-27SEP19,1562065140009,open,0.02,713.0,0.001,0.06,0.020384,106.01,0.024,0.0,ETH-27SEP19-640-C,279.06,100.62,0.016,150.0,0.023,200.0,108.94,0.25023,-0.15267,0.05574,0.00118,0.10125
281.99,SYN.ETH-26JUL19,1562065140016,open,0.2,419.0,0.147,0.241,0.194207,105.42,0.173,0.0,ETH-26JUL19-320-P,279.06,90.52,0.18,120.0,0.194,120.0,105.28,0.2721,-0.60072,-0.15218,0.00496,-0.63088
10064.14,SYN.BTC-5JUL19,1562065140054,open,0.57,0.0,0.479,0.6015,0.54011968,0.0,None,0.0,BTC-5JUL19-15500-P,10052.95,0.0,0.0005,0.1,0.0,0.0,0.0,0.0,0.0,-1.22119,0.0,-1.0
296.17,ETH-27DEC19,1562065140116,open,0.24,1.0,0.182,0.279,0.230658,96.71,0.229,0.0,ETH-27DEC19-280-P,279.06,91.76,0.218,90.0,0.244,91.0,101.96,0.75496,-0.20524,-0.81928,0.00183,-0.33697
10091.39,SYN.BTC-12JUL19,1562065140173,open,0.62,0.0,0.524,0.65,0.5869874,129.9,None,0.0,BTC-12JUL19-16000-P,10052.95,0.0,0.0,0.0,0.0,0.0,0.0,0.80937,-5.32285,-4.27804,2e-05,-0.97983
279.41,SYN.ETH-5JUL19,1562065140178,open,0.14,0.0,0.104,0.183,0.143761,113.86,None,0.0,ETH-5JUL19-240-C,279.06,0.0,0.005,1.0,0.0,0.0,0.0,0.02953,-0.58464,0.01753,0.00422,0.94003
296.16,ETH-27DEC19,1562065140231,open,1.0,0.0,0.909,1.067,0.987733,102.55,None,0.0,ETH-27DEC19-560-P,279.06,0.0,0.0,0.0,0.0,0.0,0.0,0.716,-0.2064,-2.43963,0.00163,-0.7026
296.16,ETH-27DEC19,1562065140255,open,1.38,0.0,1.265,1.453,1.359243,102.58,None,0.0,ETH-27DEC19-680-P,279.06,0.0,0.0,0.0,0.0,0.0,0.0,0.59762,-0.17232,-3.10041,0.00136,-0.78893
279.41,SYN.ETH-5JUL19,1562065140262,open,0.07,165.0,0.021,0.105,0.062544,113.2,0.051,0.0,ETH-5JUL19-290-P,279.06,84.17,0.053,150.0,0.069,150.0,132.21,0.094,-1.85025,-0.01515,0.0135,-0.62551
10145.88,SYN.BTC-26JUL19,1562065140272,open,0.0,120.1,0.0005,0.0415,0.00196224,126.53,0.003,0.0,BTC-26JUL19-21000-C,10052.95,116.24,0.001,24.0,0.003,10.0,134.26,1.17491,-3.11318,0.10964,1e-05,0.01848
10391.1,BTC-27SEP19,1562065140358,open,0.0,425.8,0.0005,0.04,0.00039277,130.0,0.0005,0.0,BTC-27SEP19-2000-P,10052.95,0.0,0.0,0.0,0.003,15.0,170.07,0.28865,-0.21596,-0.05366,0.0,-0.00178
280.26,SYN.ETH-12JUL19,1562065140381,open,0.24,5.0,0.178,0.275,0.226787,107.78,0.152,0.0,ETH-12JUL19-340-P,279.06,0.0,0.0,0.0,0.0,0.0,0.0,0.11141,-0.60794,-0.08102,0.00486,-0.84165
10391.1,BTC-27SEP19,1562065140386,open,0.02,321.5,0.0005,0.0585,0.01808545,103.94,0.01,0.0,BTC-27SEP19-5500-P,10052.95,100.52,0.016,24.0,0.02,22.5,106.95,6.48629,-3.88035,-2.07378,2e-05,-0.06576
10091.39,SYN.BTC-12JUL19,1562065140404,open,0.03,165.1,0.0005,0.0675,0.02648457,108.45,0.027,0.0,BTC-12JUL19-9000-P,10052.95,100.39,0.0225,34.0,0.0295,30.0,114.39,5.07023,-27.84022,-0.707,0.00017,-0.23245
10604.44,BTC-27DEC19,1562065140434,open,2.14,0.3,1.935,2.179,2.05682091,107.82,2.435,0.0,BTC-27DEC19-32000-P,10052.99,0.0,0.0,0.0,0.0,0.0,0.0,16.28635,-4.93599,-150.86009,3e-05,-0.86237
10604.44,BTC-27DEC19,1562065140434,open,0.02,69.2,0.0005,0.0655,0.02571161,111.46,0.025,0.0,BTC-27DEC19-40000-C,10052.99,109.52,0.0235,11.0,0.028,10.0,113.37,12.40285,-3.88578,3.52263,2e-05,0.09388
10604.44,BTC-27DEC19,1562065140434,open,0.08,214.5,0.0285,0.1135,0.07106523,97.34,0.0635,0.0,BTC-27DEC19-6500-P,10052.99,93.81,0.0655,6.0,0.0735,12.3,98.87,16.83808,-4.60733,-11.14308,3e-05,-0.14456
10391.1,BTC-27SEP19,1562065140434,open,0.01,93.0,0.0005,0.0505,0.01072328,115.42,0.0115,0.0,BTC-27SEP19-30000-C,10052.99,112.06,0.009,29.0,0.0125,19.5,118.56,5.6113,-3.72753,1.08651,2e-05,0.05465
10391.1,BTC-27SEP19,1562065140434,open,0.01,282.7,0.0005,0.0505,0.01052835,108.02,0.004,0.0,BTC-27SEP19-4750-P,10052.99,101.61,0.008,15.0,0.013,15.0,113.58,4.38229,-2.72447,-1.25351,2e-05,-0.04015
10391.1,BTC-27SEP19,1562065140434,open,0.0,1657.1,0.0005,0.04,7.334e-05,130.0,0.001,0.0,BTC-27SEP19-1500-P,10052.99,0.0,0.0,0.0,0.0005,10.0,156.84,0.06941,-0.05193,-0.01115,0.0,-0.00038
10391.1,BTC-27SEP19,1562065140434,open,0.85,42.8,0.816,0.8955,0.85572348,130.65,0.815,0.0,BTC-27SEP19-1500-C,10052.99,0.0,0.0005,0.1,0.0,0.0,0.0,0.07266,-0.05463,3.55851,0.0,0.9996
10604.44,BTC-27DEC19,1562065140434,open,4.05,0.0,3.722,4.115,3.9187075,115.22,None,0.0,BTC-27DEC19-52000-P,10052.99,0.0,0.0,0.0,0.0,0.0,0.0,8.54821,-2.76846,-251.21223,1e-05,-0.94233
10391.1,BTC-27SEP19,1562065140434,open,0.48,227.1,0.449,0.5285,0.48880264,103.97,0.563,0.0,BTC-27SEP19-5500-C,10052.99,0.0,0.0045,8.0,0.8975,5.0,500.0,6.48874,-3.8828,11.01588,2e-05,0.9342
10391.1,BTC-27SEP19,1562065140434,open,0.82,1.0,0.713,0.855,0.78412084,107.87,1.5815,0.0,BTC-27SEP19-18000-P,10052.99,0.0,0.004,0.3,1.444,0.3,500.0,14.91005,-9.25688,-38.74759,5e-05,-0.78255
10604.44,BTC-27DEC19,1562065140434,open,0.02,61.1,0.0005,0.061,0.0210607,112.66,0.017,0.0,BTC-27DEC19-44000-C,10052.99,110.58,0.019,11.0,0.023,10.0,114.51,10.83665,-3.43173,2.96231,2e-05,0.07838
10391.1,BTC-27SEP19,1562065140434,open,0.09,362.3,0.039,0.125,0.08179612,102.09,0.0955,0.0,BTC-27SEP19-8000-P,10052.99,99.8,0.0785,19.3,0.085,19.9,104.31,14.98864,-8.80705,-7.4504,6e-05,-0.21944
10391.1,BTC-27SEP19,1562065140434,open,0.3,904.1,0.272,0.3515,0.31192499,102.11,0.284,0.0,BTC-27SEP19-8000-C,10052.99,88.76,0.293,5.0,0.352,5.0,129.34,14.98904,-8.8084,11.59013,6e-05,0.78055
10604.44,BTC-27DEC19,1562065140434,open,0.02,18.9,0.0005,0.0575,0.01772241,113.99,0.0175,0.0,BTC-27DEC19-48000-C,10052.99,112.03,0.016,11.0,0.0195,10.0,115.9,9.59496,-3.07454,2.53988,2e-05,0.06687
10091.39,SYN.BTC-12JUL19,1562065140434,open,0.01,0.0,0.0005,0.0435,0.00350996,111.5,None,0.0,BTC-12JUL19-7500-P,10052.99,95.12,0.0015,10.0,0.0055,40.0,123.05,1.53523,-8.66694,-0.12877,5e-05,-0.04365
10604.44,BTC-27DEC19,1562065140435,open,0.53,8.3,0.4385,0.5575,0.49805131,99.19,0.38,0.0,BTC-27DEC19-14000-P,10052.99,96.11,0.4895,3.6,0.509,3.6,103.12,29.48856,-8.22179,-52.71065,5e-05,-0.52192
10391.14,BTC-27SEP19,1562065140435,open,0.01,67.8,0.0005,0.0525,0.01296921,113.58,0.0115,0.0,BTC-27SEP19-28000-C,10052.99,111.13,0.0115,29.0,0.0145,15.0,115.97,6.45032,-4.21656,1.2941,2e-05,0.06529
10391.14,BTC-27SEP19,1562065140435,open,0.25,91.8,0.1845,0.2825,0.23353353,102.36,0.255,0.0,BTC-27SEP19-11000-P,10052.99,98.71,0.2265,14.4,0.241,14.4,106.23,20.03917,-11.80517,-16.80771,8e-05,-0.44605
10604.44,BTC-27DEC19,1562065140435,open,0.39,93.8,0.361,0.4405,0.4008662,97.35,0.5135,0.0,BTC-27DEC19-7500-C,10052.99,45.29,0.311,3.0,0.467,2.5,131.04,20.58818,-5.63399,20.73983,4e-05,0.80219
10604.48,BTC-27DEC19,1562065140436,open,1.39,0.0,1.2385,1.4245,1.33166405,104.09,None,0.0,BTC-27DEC19-24000-P,10052.99,0.0,0.006,1.0,2.144,0.2,500.0,22.11245,-6.46977,-108.95268,4e-05,-0.7766
10145.88,SYN.BTC-26JUL19,1562065140435,open,0.43,5.3,0.3475,0.459,0.40316617,114.24,0.192,0.0,BTC-26JUL19-14000-P,10052.99,0.0,0.0,0.0,0.0,0.0,0.0,6.55564,-15.68412,-8.18708,9e-05,-0.83044
10604.48,BTC-27DEC19,1562065140436,open,3.66,0.0,3.3625,3.7255,3.54401299,113.89,None,0.0,BTC-27DEC19-48000-P,10052.99,0.0,0.0,0.0,0.0,0.0,0.0,9.56351,-3.06153,-231.38841,2e-05,-0.93341
10391.14,BTC-27SEP19,1562065140436,open,0.0,46.9,0.0005,0.042,0.0022566,116.04,0.003,0.0,BTC-27SEP19-3250-P,10052.99,0.0,0.0,0.0,0.0045,15.0,130.07,1.32069,-0.88203,-0.29677,0.0,-0.00974
10391.14,BTC-27SEP19,1562065140436,open,0.48,41.6,0.3895,0.505,0.44716849,104.12,0.2735,0.0,BTC-27SEP19-14000-P,10052.99,91.85,0.425,8.0,0.46,3.0,111.03,19.1346,-11.46673,-26.65035,7e-05,-0.63037
10391.14,BTC-27SEP19,1562065140436,open,0.0,371.7,0.0005,0.041,0.00100299,125.91,0.0005,0.0,BTC-27SEP19-2500-P,10052.99,0.0,0.0,0.0,0.002,15.1,138.49,0.64261,-0.46566,-0.1315,0.0,-0.00431
10145.88,SYN.BTC-26JUL19,1562065140435,open,0.45,0.0,0.4195,0.499,0.4592458,113.52,0.4,0.0,BTC-26JUL19-5500-C,10052.99,0.0,0.0055,10.0,0.0,0.0,0.0,0.816,-1.93992,3.50856,1e-05,0.98791
10064.14,SYN.BTC-5JUL19,1562065140434,open,0.0,647.9,0.0005,0.04,2.92e-05,130.0,0.0005,0.0,BTC-5JUL19-14500-C,10052.99,0.0,0.0,0.0,0.0005,5.2,171.6,0.02856,-0.29383,0.00073,0.0,0.00095
10604.48,BTC-27DEC19,1562065140437,open,0.85,6.8,0.7415,0.886,0.8136289,101.02,0.741,0.0,BTC-27DEC19-18000-P,10052.99,0.0,0.004,5.0,1.593,0.2,500.0,27.28863,-7.74929,-75.87339,5e-05,-0.65454
10604.48,BTC-27DEC19,1562065140437,open,2.51,1.3,2.289,2.5625,2.42591811,109.52,2.889,0.0,BTC-27DEC19-36000-P,10052.99,0.0,0.0005,1.0,0.0,0.0,0.0,14.09411,-4.33898,-171.26347,2e-05,-0.88808
10091.39,SYN.BTC-12JUL19,1562065140434,open,0.25,0.0,0.2205,0.3,0.26030592,111.53,None,0.0,BTC-12JUL19-7500-C,10052.99,0.0,0.0,0.0,0.0,0.0,0.0,1.53613,-8.67396,1.90039,5e-05,0.95632
10604.48,BTC-27DEC19,1562065140438,open,1.03,3.6,0.903,1.061,0.98199109,101.98,0.7375,0.0,BTC-27DEC19-20000-P,10052.99,0.0,0.004,5.0,1.7765,0.2,500.0,25.59127,-7.33576,-87.11846,5e-05,-0.70377
10604.48,BTC-27DEC19,1562065140438,open,0.04,48.2,0.0005,0.079,0.0392993,107.87,0.0345,0.0,BTC-27DEC19-32000-C,10052.99,106.02,0.0365,11.0,0.042,10.0,109.6,16.30271,-4.94339,5.09191,3e-05,0.13783
10145.88,SYN.BTC-26JUL19,1562065140434,open,0.92,0.0,0.8015,0.951,0.87615067,121.89,None,0.0,BTC-26JUL19-19000-P,10052.99,0.0,0.0,0.0,0.0,0.0,0.0,1.84735,-4.71553,-12.24118,2e-05,-0.96831
10391.14,BTC-27SEP19,1562065140438,open,0.56,13.0,0.4665,0.5885,0.527463,105.01,0.43,0.0,BTC-27SEP19-15000-P,10052.99,0.0,0.124,0.1,0.5875,2.0,137.63,18.19057,-10.99369,-29.79902,7e-05,-0.67739
10064.14,SYN.BTC-5JUL19,1562065140436,open,0.37,28.3,0.288,0.395,0.34162406,129.75,0.35,0.0,BTC-5JUL19-13500-P,10052.99,0.0,0.07,2.0,0.39,1.0,406.74,0.15947,-3.59752,-1.05877,2e-05,-0.99366
10604.48,BTC-27DEC19,1562065140439,open,0.45,63.0,0.4185,0.498,0.45813004,97.35,0.4965,0.0,BTC-27DEC19-6500-C,10052.99,0.0,0.2425,0.1,0.972,2.0,500.0,16.83866,-4.60791,20.53234,3e-05,0.85544
10391.14,BTC-27SEP19,1562065140439,open,0.65,14.5,0.546,0.6745,0.61019065,105.58,0.4105,0.0,BTC-27SEP19-16000-P,10052.99,0.0,0.004,10.0,1.2665,0.2,500.0,17.08946,-10.38477,-32.8786,6e-05,-0.71918
10064.14,SYN.BTC-5JUL19,1562065140434,open,0.32,36.5,0.241,0.344,0.29232141,129.98,0.188,0.0,BTC-5JUL19-13000-P,10052.99,0.0,0.025,0.5,0.0,0.0,0.0,0.34509,-7.79908,-1.01253,3e-05,-0.98465
10091.39,SYN.BTC-12JUL19,1562065140434,open,0.01,117.1,0.0005,0.053,0.01315263,114.02,0.013,0.0,BTC-12JUL19-12500-C,10052.99,109.54,0.0115,24.0,0.015,0.1,118.76,3.8257,-22.08395,0.36661,0.00012,0.14742
10091.39,SYN.BTC-12JUL19,1562065140434,open,0.37,12.5,0.291,0.398,0.34465812,119.27,0.32,0.0,BTC-12JUL19-13500-P,10052.99,0.0,0.0,0.0,0.0,0.0,0.0,2.53717,-15.32129,-3.44483,8e-05,-0.917
10091.39,SYN.BTC-12JUL19,1562065140437,open,0.57,0.0,0.477,0.5995,0.538159,129.98,None,0.0,BTC-12JUL19-15500-P,10052.99,0.0,0.0,0.0,0.0,0.0,0.0,1.0883,-7.16164,-4.12145,3e-05,-0.97131
10145.88,SYN.BTC-26JUL19,1562065140435,open,0.0,180.2,0.0005,0.042,0.00231707,107.98,0.002,0.0,BTC-26JUL19-6000-P,10052.99,94.86,0.001,10.0,0.0035,10.0,116.14,1.29155,-2.92046,-0.1525,2e-05,-0.02066
10064.14,SYN.BTC-5JUL19,1562065140436,open,0.42,12.2,0.336,0.4465,0.39116081,129.91,0.162,0.0,BTC-5JUL19-14000-P,10052.99,0.0,0.02,0.1,0.0,0.0,0.0,0.06974,-1.57518,-1.10108,1e-05,-0.99748
10091.39,SYN.BTC-12JUL19,1562065140434,open,0.42,0.1,0.3365,0.4475,0.39186777,119.29,0.2155,0.0,BTC-12JUL19-14000-P,10052.99,0.0,0.0,0.0,0.0,0.0,0.0,1.92991,-11.65573,-3.64152,6e-05,-0.94183
10391.14,BTC-27SEP19,1562065140440,open,0.07,101.0,0.0305,0.11,0.07045884,105.61,0.065,0.0,BTC-27SEP19-16000-C,10052.99,103.18,0.0665,23.3,0.075,37.6,108.35,17.09205,-10.38882,5.20506,6e-05,0.28091
10064.14,SYN.BTC-5JUL19,1562065140439,open,0.52,5.0,0.431,0.55,0.49044509,124.84,0.148,0.0,BTC-5JUL19-15000-P,10052.99,0.0,0.0005,0.1,0.0,0.0,0.0,0.00663,-0.14387,-1.18164,0.0,-0.9998
10064.14,SYN.BTC-5JUL19,1562065140437,open,0.0,144.0,0.0005,0.04,0.00017133,130.0,0.0005,0.0,BTC-5JUL19-7500-P,10052.99,0.0,0.0,0.0,0.001,4.0,163.78,0.11938,-1.72434,-0.00376,1e-05,-0.00458
10064.14,SYN.BTC-5JUL19,1562065140437,open,0.73,0.0,0.622,0.7565,0.6891602,0.0,None,0.0,BTC-5JUL19-17000-P,10052.99,0.0,0.0005,0.1,0.0,0.0,0.0,0.0,0.0,-1.33936,0.0,-1.0
10091.39,SYN.BTC-12JUL19,1562065140438,open,0.47,0.0,0.3835,0.498,0.4408438,125.78,None,0.0,BTC-12JUL19-14500-P,10052.99,0.0,0.0,0.0,0.0,0.0,0.0,1.70163,-10.83597,-3.79859,5e-05,-0.95038
10145.88,SYN.BTC-26JUL19,1562065140438,open,0.06,113.5,0.0245,0.104,0.06446911,110.33,0.0715,0.0,BTC-26JUL19-11500-C,10052.99,106.76,0.061,5.0,0.0685,40.3,114.46,9.88811,-22.84719,2.1007,0.00013,0.381
10145.88,SYN.BTC-26JUL19,1562065140434,open,0.31,4.8,0.2795,0.359,0.31929288,107.35,0.455,0.0,BTC-26JUL19-7000-C,10052.99,0.0,0.0055,10.0,0.0,0.0,0.0,3.41583,-7.67897,4.06487,5e-05,0.93178
10145.88,SYN.BTC-26JUL19,1562065140437,open,0.0,320.0,0.0005,0.0445,0.00498635,120.52,0.005,0.0,BTC-26JUL19-18000-C,10052.99,116.1,0.004,24.0,0.006,5.0,124.54,2.41619,-6.09801,0.25903,3e-05,0.04402
10091.39,SYN.BTC-12JUL19,1562065140436,open,0.0,144.5,0.0005,0.0435,0.003983,125.82,0.004,0.0,BTC-12JUL19-14500-C,10052.99,119.52,0.003,1.0,0.005,16.0,131.46,1.70352,-10.85196,0.1248,5e-05,0.04969
10064.14,SYN.BTC-5JUL19,1562065140434,open,0.0,164.7,0.0005,0.04,8e-08,130.0,0.0005,0.0,BTC-5JUL19-17000-C,10052.99,0.0,0.0,0.0,0.0005,5.0,234.01,0.00015,-0.00085,0.0,0.0,0.0
10145.88,SYN.BTC-26JUL19,1562065140434,open,0.26,17.0,0.237,0.3165,0.27686127,107.34,0.246,0.0,BTC-26JUL19-7500-C,10052.99,0.0,0.0055,10.0,0.0,0.0,0.0,4.81145,-10.81587,4.08332,7e-05,0.89212
10091.39,SYN.BTC-12JUL19,1562065140438,open,0.0,90.6,0.0005,0.042,0.00219863,130.0,0.003,0.0,BTC-12JUL19-15500-C,10052.99,106.35,0.0005,36.0,0.004,16.0,143.71,1.08909,-7.16814,0.0724,3e-05,0.02871
10145.88,SYN.BTC-26JUL19,1562065140439,open,0.62,5.0,0.5245,0.651,0.58768823,117.78,0.2255,0.0,BTC-26JUL19-16000-P,10052.99,0.0,0.0,0.0,0.0,0.0,0.0,4.09705,-10.10549,-9.96184,5e-05,-0.91333
10091.39,SYN.BTC-12JUL19,1562065140440,open,0.0,233.9,0.0005,0.043,0.00321788,129.89,0.0035,0.0,BTC-12JUL19-15000-C,10052.99,120.08,0.002,1.0,0.0045,16.0,138.02,1.43617,-9.44442,0.10097,4e-05,0.0402
289.63,ETH-27SEP19,1562065140475,open,1.66,0.0,1.53,1.74,1.635242,108.41,None,0.0,ETH-27SEP19-760-P,279.06,0.0,0.0,0.0,0.0,0.0,0.0,0.16705,-0.10423,-1.77568,0.00077,-0.94058
10604.48,BTC-27DEC19,1562065140535,open,0.07,137.2,0.0285,0.108,0.06849088,104.1,0.077,0.0,BTC-27DEC19-24000-C,10052.99,102.41,0.065,5.0,0.0725,14.7,106.0,22.1149,-6.47112,8.00783,4e-05,0.22344
10391.1,BTC-27SEP19,1562065140574,open,0.03,472.6,0.0005,0.067,0.02639389,103.46,0.029,0.0,BTC-27SEP19-6000-P,10052.99,101.04,0.0245,24.0,0.0285,22.4,106.08,8.23613,-4.90423,-2.88007,3e-05,-0.09006
10391.1,BTC-27SEP19,1562065140578,open,0.05,208.9,0.007,0.0905,0.04888062,102.13,0.048,0.0,BTC-27SEP19-7000-P,10052.99,100.46,0.047,24.0,0.051,21.3,103.99,11.752,-6.90757,-4.8869,4e-05,-0.14871
280.26,SYN.ETH-12JUL19,1562065140631,open,0.0,0.0,0.001,0.042,0.002029,111.85,None,0.0,ETH-12JUL19-200-P,279.06,0.0,0.0,0.0,0.004,250.0,127.39,0.02878,-0.16299,-0.00221,0.00121,-0.02705
10604.48,BTC-27DEC19,1562065140642,open,2.9,0.0,2.646,2.9495,2.79762037,111.39,None,0.0,BTC-27DEC19-40000-P,10052.99,0.0,0.0005,3.0,0.0,0.0,0.0,12.38137,-3.87661,-191.41679,2e-05,-0.90634
279.41,SYN.ETH-5JUL19,1562065140696,open,0.11,0.0,0.072,0.151,0.111759,113.61,None,0.0,ETH-5JUL19-250-C,279.06,96.81,0.109,50.0,0.122,50.0,160.54,0.05088,-1.00501,0.01682,0.00728,0.87561
10091.39,SYN.BTC-12JUL19,1562065140727,open,0.09,16.9,0.0625,0.142,0.10218602,108.43,0.133,0.0,BTC-12JUL19-9500-C,10052.99,102.26,0.0985,18.0,0.1075,18.0,117.27,6.04316,-33.1765,1.53831,0.0002,0.66559
10604.48,BTC-27DEC19,1562065140743,open,0.69,3.9,0.5855,0.7175,0.65151242,100.09,0.641,0.0,BTC-27DEC19-16000-P,10052.99,97.11,0.6435,3.6,0.664,3.6,104.68,28.69929,-8.07411,-64.39683,5e-05,-0.59458
10145.88,SYN.BTC-26JUL19,1562065140744,open,0.26,232.7,0.1865,0.2845,0.23544666,111.17,0.25,0.0,BTC-26JUL19-12000-P,10052.99,100.2,0.2255,14.4,0.237,14.4,112.85,9.36324,-21.79914,-6.02887,0.00013,-0.67297
10391.1,BTC-27SEP19,1562065140774,open,0.08,162.6,0.044,0.1235,0.08393942,105.02,0.0815,0.0,BTC-27SEP19-15000-C,10052.99,102.76,0.08,23.0,0.0885,37.3,107.61,18.19109,-10.99489,5.90358,7e-05,0.32264
10064.14,SYN.BTC-5JUL19,1562065140787,open,0.17,260.3,0.102,0.1935,0.14786029,116.79,0.1455,0.0,BTC-5JUL19-11500-P,10052.99,86.01,0.144,6.0,0.1525,6.0,141.1,1.6629,-33.76732,-0.82415,0.00018,-0.89153
10091.39,SYN.BTC-12JUL19,1562065140789,open,0.23,29.6,0.1605,0.2565,0.20860466,113.72,0.194,0.0,BTC-12JUL19-12000-P,10052.99,98.53,0.202,6.0,0.211,6.0,118.79,4.68256,-26.95925,-2.74693,0.00015,-0.79745
10091.39,SYN.BTC-12JUL19,1562065140802,open,0.15,33.3,0.0845,0.174,0.12931505,110.98,0.114,0.0,BTC-12JUL19-11000-P,10052.99,98.84,0.122,18.0,0.1325,23.0,116.18,6.15857,-34.6048,-2.12344,0.0002,-0.64839
10064.14,SYN.BTC-5JUL19,1562065140816,open,0.14,5.0,0.118,0.1975,0.15775796,119.93,0.25,0.0,BTC-5JUL19-8500-C,10052.99,0.0,0.154,6.0,0.1615,6.0,150.95,0.92875,-19.36673,0.62778,0.0001,0.94949
10391.1,BTC-27SEP19,1562065140818,open,0.14,138.5,0.079,0.168,0.12349712,101.8,0.114,0.0,BTC-27SEP19-9000-P,10052.99,99.13,0.119,19.3,0.128,15.3,104.48,17.50205,-10.25406,-10.35974,7e-05,-0.29539
10064.14,SYN.BTC-5JUL19,1562065140830,open,0.13,520.0,0.0605,0.148,0.1042494,114.88,0.1,0.0,BTC-5JUL19-11000-P,10052.99,96.87,0.1,6.0,0.106,3.0,121.67,2.54408,-50.81409,-0.71238,0.00028,-0.79419
10145.88,SYN.BTC-26JUL19,1562065140962,open,0.01,248.1,0.0005,0.0505,0.01069978,117.8,0.01,0.0,BTC-26JUL19-16000-C,10052.99,113.4,0.009,24.0,0.012,21.0,120.92,4.09831,-10.10998,0.50441,5e-05,0.0867
10145.88,SYN.BTC-26JUL19,1562065140996,open,0.0,65.5,0.0005,0.043,0.00348849,121.99,0.004,0.0,BTC-26JUL19-19000-C,10052.99,116.0,0.0025,24.0,0.0045,5.0,127.09,1.85361,-4.73549,0.188,2e-05,0.03182
289.63,ETH-27SEP19,1562065141033,open,1.53,0.0,1.4,1.599,1.49937,107.44,None,0.0,ETH-27SEP19-720-P,279.02,0.0,0.0,0.0,0.0,0.0,0.0,0.18988,-0.11742,-1.67467,0.00089,-0.92992
10604.48,BTC-27DEC19,1562065141033,open,0.63,27.1,0.5975,0.677,0.63708023,98.51,0.542,0.0,BTC-27DEC19-4000-C,10052.99,0.0,0.014,10.1,0.679,0.2,150.15,6.25812,-1.73292,16.73632,1e-05,0.96093
296.16,ETH-27DEC19,1562065141033,open,0.88,0.0,0.794,0.943,0.868502,102.62,None,0.0,ETH-27DEC19-520-P,279.02,0.0,0.0,0.0,0.0,0.0,0.0,0.75275,-0.21715,-2.21402,0.00172,-0.66552
289.63,ETH-27SEP19,1562065141033,open,1.25,0.0,1.141,1.319,1.22987,105.74,None,0.0,ETH-27SEP19-640-P,279.02,0.0,0.0,0.0,0.0,0.0,0.0,0.24879,-0.15141,-1.46795,0.00118,-0.89955
289.63,ETH-27SEP19,1562065141033,open,0.01,210.0,0.001,0.053,0.013446,107.45,0.031,0.0,ETH-27SEP19-720-C,279.02,101.75,0.01,150.0,0.017,350.0,112.52,0.18993,-0.11745,0.03905,0.00089,0.0701
296.12,ETH-27DEC19,1562065141033,open,1.13,0.0,1.026,1.194,1.10972,102.48,None,0.0,ETH-27DEC19-600-P,279.02,0.0,0.0,0.0,0.0,0.0,0.0,0.67651,-0.19488,-2.66273,0.00154,-0.73545
296.12,ETH-27DEC19,1562065141033,open,1.51,0.0,1.388,1.586,1.487028,102.82,None,0.0,ETH-27DEC19-720-P,279.02,0.0,0.0,0.0,0.0,0.0,0.0,0.56042,-0.16197,-3.31523,0.00128,-0.8103
296.12,ETH-27DEC19,1562065141033,open,0.15,0.0,0.111,0.19,0.150944,101.62,None,0.0,ETH-27DEC19-440-C,279.02,99.8,0.146,1.0,0.154,129.0,102.74,0.80778,-0.23074,0.38733,0.00186,0.41935
289.63,ETH-27SEP19,1562065141033,open,0.02,215.0,0.001,0.056,0.01635,106.56,0.02,0.0,ETH-27SEP19-680-C,279.02,101.8,0.013,150.0,0.02,350.0,111.17,0.21698,-0.13306,0.0463,0.00102,0.08351
296.12,ETH-27DEC19,1562065141033,open,0.02,0.0,0.001,0.058,0.01776,97.32,None,0.0,ETH-27DEC19-120-P,279.02,82.7,0.009,150.0,0.024,140.0,105.77,0.20477,-0.05602,-0.09423,0.00049,-0.04754
296.12,ETH-27DEC19,1562065141033,open,0.65,0.0,0.571,0.701,0.636445,101.48,None,0.0,ETH-27DEC19-440-P,279.02,87.9,0.6,30.0,0.658,110.0,109.33,0.80757,-0.23036,-1.75708,0.00186,-0.58114
289.63,ETH-27SEP19,1562065141033,open,0.46,392.0,0.427,0.506,0.466026,98.76,0.51,0.0,ETH-27SEP19-160-C,279.02,0.0,0.1,10.0,0.0,0.0,0.0,0.19063,-0.10836,0.31955,0.00097,0.92956
279.41,SYN.ETH-5JUL19,1562065141033,open,0.17,0.0,0.138,0.217,0.17796,117.19,None,0.0,ETH-5JUL19-230-C,279.02,0.0,0.005,2.0,0.0,0.0,0.0,0.01558,-0.3174,0.0175,0.00216,0.97275
279.41,SYN.ETH-5JUL19,1562065141033,open,0.0,668.0,0.001,0.04,0.00016,130.0,0.005,0.0,ETH-5JUL19-380-C,279.02,0.0,0.0,0.0,0.003,150.0,194.44,0.00331,-0.04464,0.0001,0.00041,0.00457
296.12,ETH-27DEC19,1562065141033,open,0.1,0.0,0.051,0.138,0.094495,97.21,None,0.0,ETH-27DEC19-200-P,279.02,91.42,0.084,129.0,0.107,269.0,104.0,0.54131,-0.14791,-0.39526,0.0013,-0.17941
296.12,ETH-27DEC19,1562065141034,open,0.07,0.0,0.024,0.103,0.063337,102.66,None,0.0,ETH-27DEC19-680-C,279.02,95.76,0.05,144.0,0.075,144.0,108.26,0.59805,-0.17258,0.21363,0.00136,0.21137
296.12,ETH-27DEC19,1562065141033,open,0.05,200.0,0.006,0.089,0.047869,97.32,0.049,0.0,ETH-27DEC19-160-P,279.02,90.2,0.039,143.0,0.057,283.0,104.28,0.37955,-0.10383,-0.22265,0.00091,-0.10642
289.63,ETH-27SEP19,1562065141033,open,0.17,2826.0,0.136,0.215,0.175193,98.14,0.164,0.0,ETH-27SEP19-300-C,279.02,94.91,0.169,114.0,0.181,110.0,101.17,0.556,-0.31404,0.26933,0.00284,0.56589
289.63,ETH-27SEP19,1562065141034,open,0.72,0.0,0.686,0.765,0.725184,119.26,None,0.0,ETH-27SEP19-80-C,279.02,0.0,0.004,5.0,0.0,0.0,0.0,0.02464,-0.01691,0.18519,0.0001,0.99383
296.12,ETH-27DEC19,1562065141033,open,0.21,0.0,0.164,0.243,0.203323,99.12,None,0.0,ETH-27DEC19-360-C,279.02,99.36,0.204,2.0,0.211,122.0,101.88,0.82302,-0.22931,0.46476,0.00194,0.52538
289.63,ETH-27SEP19,1562065141034,open,1.39,0.0,1.27,1.458,1.36393,106.23,None,0.0,ETH-27SEP19-680-P,279.02,0.0,0.0,0.0,0.0,0.0,0.0,0.21523,-0.13159,-1.57266,0.00101,-0.91738
296.12,ETH-27DEC19,1562065141034,open,1.25,0.0,1.145,1.322,1.233634,102.46,None,0.0,ETH-27DEC19-640-P,279.02,0.0,0.0,0.0,0.0,0.0,0.0,0.63642,-0.18329,-2.88307,0.00145,-0.76422
281.96,SYN.ETH-26JUL19,1562065141033,open,0.18,558.0,0.149,0.228,0.188811,102.94,0.33,0.0,ETH-26JUL19-240-C,279.02,62.67,0.161,5.0,0.0,0.0,0.0,0.21819,-0.47033,0.10747,0.00408,0.77148
289.59,ETH-27SEP19,1562065141035,open,1.12,27.0,1.014,1.181,1.097328,105.28,1.044,0.0,ETH-27SEP19-600-P,279.02,0.0,1.071,1.0,1.142,2.0,140.48,0.28712,-0.17397,-1.36103,0.00137,-0.87728
296.12,ETH-27DEC19,1562065141035,open,0.42,0.0,0.38,0.459,0.41922,97.28,None,0.0,ETH-27DEC19-200-C,279.02,0.0,0.0,0.0,0.0,0.0,0.0,0.54139,-0.14804,0.57915,0.0013,0.82055
289.59,ETH-27SEP19,1562065141035,open,0.6,0.0,0.522,0.648,0.585369,101.16,None,0.0,ETH-27SEP19-440-P,279.02,0.0,0.0,0.0,0.0,0.0,0.0,0.47056,-0.27398,-0.90389,0.00233,-0.72601
289.59,ETH-27SEP19,1562065141035,open,0.35,1751.0,0.319,0.398,0.358944,98.37,0.37,0.0,ETH-27SEP19-200-C,279.02,76.16,0.335,20.0,0.367,5.0,105.15,0.33801,-0.19136,0.33437,0.00172,0.84405
289.59,ETH-27SEP19,1562065141035,open,0.99,24.0,0.887,1.043,0.964705,103.56,1.356,0.0,ETH-27SEP19-560-P,279.02,0.0,0.0,0.0,0.0,0.0,0.0,0.32386,-0.19302,-1.25341,0.00157,-0.85376
296.12,ETH-27DEC19,1562065141035,open,0.35,0.0,0.306,0.385,0.345954,97.12,None,0.0,ETH-27DEC19-240-C,279.02,0.0,0.0,0.0,0.0,0.0,0.0,0.66811,-0.18239,0.57125,0.00161,0.7418
279.41,SYN.ETH-5JUL19,1562065141033,open,0.0,981.0,0.001,0.042,0.002652,113.26,0.001,0.0,ETH-5JUL19-240-P,279.02,93.3,0.001,100.0,0.003,19.0,116.49,0.02918,-0.57469,-0.00136,0.00419,-0.05907
279.41,SYN.ETH-5JUL19,1562065141033,open,0.0,212.0,0.001,0.04,3e-06,130.02,0.004,0.0,ETH-5JUL19-430-C,279.02,0.0,0.0,0.0,0.002,150.0,238.27,0.00011,-0.00089,0.0,1e-05,0.00012
281.96,SYN.ETH-26JUL19,1562065141033,open,0.11,741.0,0.057,0.144,0.100808,102.83,0.108,0.0,ETH-26JUL19-280-P,279.02,94.1,0.092,120.0,0.102,96.0,104.01,0.28413,-0.61186,-0.09923,0.00531,-0.43719
281.96,SYN.ETH-26JUL19,1562065141033,open,1.15,0.0,1.045,1.214,1.129661,128.39,None,0.0,ETH-26JUL19-600-P,279.02,0.0,0.0,0.0,0.0,0.0,0.0,0.02942,-0.0791,-0.38978,0.00044,-0.98364
289.59,ETH-27SEP19,1562065141036,open,0.01,7664.0,0.001,0.05,0.009668,99.32,0.005,0.0,ETH-27SEP19-140-P,279.02,92.56,0.007,350.0,0.012,140.0,104.5,0.12356,-0.07063,-0.03474,0.00062,-0.04073
289.59,ETH-27SEP19,1562065141036,open,0.27,678.0,0.206,0.306,0.256116,98.27,0.238,0.0,ETH-27SEP19-320-P,279.02,93.58,0.247,120.0,0.264,110.0,102.32,0.56335,-0.31861,-0.51253,0.00287,-0.48747
281.96,SYN.ETH-26JUL19,1562065141033,open,0.43,0.0,0.395,0.474,0.434609,113.17,None,0.0,ETH-26JUL19-160-C,279.02,0.0,0.0,0.0,0.0,0.0,0.0,0.03156,-0.0748,0.10101,0.00054,0.98224
281.96,SYN.ETH-26JUL19,1562065141033,open,0.04,818.0,0.001,0.081,0.039912,102.85,0.028,0.0,ETH-26JUL19-240-P,279.02,97.74,0.036,160.0,0.042,131.0,105.53,0.21812,-0.46978,-0.04949,0.00408,-0.2284
279.41,SYN.ETH-5JUL19,1562065141033,open,0.0,1052.0,0.001,0.04,0.000646,130.0,0.001,0.0,ETH-5JUL19-360-C,279.02,0.0,0.0,0.0,0.003,150.0,167.01,0.01005,-0.18053,0.00034,0.00126,0.01624
280.26,SYN.ETH-12JUL19,1562065141034,open,0.21,0.0,0.181,0.26,0.220993,106.81,None,0.0,ETH-12JUL19-220-C,279.02,0.0,0.005,2.0,0.0,0.0,0.0,0.06281,-0.33968,0.05366,0.00277,0.92865
279.41,SYN.ETH-5JUL19,1562065141033,open,0.21,0.0,0.174,0.253,0.213397,131.49,None,0.0,ETH-5JUL19-220-C,279.02,0.0,0.005,2.0,0.0,0.0,0.0,0.01076,-0.24597,0.01693,0.00133,0.98242
289.59,ETH-27SEP19,1562065141037,open,0.15,1638.0,0.112,0.191,0.151372,98.4,0.165,0.0,ETH-27SEP19-320-C,279.02,95.13,0.145,121.0,0.157,110.0,101.3,0.56334,-0.31905,0.24911,0.00287,0.51278
279.41,SYN.ETH-5JUL19,1562065141033,open,0.0,1.0,0.001,0.04,0.000216,129.97,0.001,0.0,ETH-5JUL19-210-P,279.02,0.0,0.0,0.0,0.002,250.0,179.42,0.004,-0.06034,-0.00013,0.0005,-0.00565
279.41,SYN.ETH-5JUL19,1562065141033,open,0.0,71.0,0.001,0.04,0.0,130.02,0.005,0.0,ETH-5JUL19-460-C,279.02,0.0,0.0,0.0,0.002,150.0,268.27,1e-05,-7e-05,0.0,0.0,1e-05
279.41,SYN.ETH-5JUL19,1562065141033,open,0.08,1.0,0.043,0.122,0.082948,113.3,0.091,0.0,ETH-5JUL19-260-C,279.02,101.81,0.08,50.0,0.093,50.0,149.1,0.07377,-1.45326,0.01531,0.01059,0.77823
281.96,SYN.ETH-26JUL19,1562065141035,open,0.08,903.0,0.04,0.119,0.07965,103.52,0.075,0.0,ETH-26JUL19-300-C,279.02,100.91,0.077,115.0,0.087,240.0,110.75,0.28621,-0.62046,0.07005,0.00532,0.45946
280.26,SYN.ETH-12JUL19,1562065141034,open,0.01,454.0,0.001,0.046,0.005915,106.55,0.004,0.0,ETH-12JUL19-220-P,279.02,91.3,0.003,250.0,0.009,400.0,119.04,0.06252,-0.33724,-0.00583,0.00276,-0.07091
281.96,SYN.ETH-26JUL19,1562065141034,open,0.1,727.0,0.068,0.147,0.107857,102.91,0.106,0.0,ETH-26JUL19-280-C,279.02,100.08,0.105,120.0,0.116,120.0,111.0,0.28412,-0.61232,0.08392,0.00531,0.56284
289.59,ETH-27SEP19,1562065141038,open,0.01,8300.0,0.001,0.045,0.005285,103.82,0.003,0.0,ETH-27SEP19-120-P,279.02,93.86,0.003,150.0,0.008,350.0,112.83,0.07742,-0.04626,-0.0196,0.00037,-0.02315
279.41,SYN.ETH-5JUL19,1562065141033,open,0.23,6.0,0.171,0.267,0.218863,126.52,0.133,0.0,ETH-5JUL19-340-P,279.02,0.0,0.186,30.0,0.248,30.0,271.98,0.02366,-0.52056,-0.02583,0.00304,-0.95463
281.96,SYN.ETH-26JUL19,1562065141035,open,0.3,0.0,0.261,0.34,0.300967,103.86,None,0.0,ETH-26JUL19-200-C,279.02,0.0,0.005,2.0,0.0,0.0,0.0,0.10411,-0.22644,0.11474,0.00193,0.92304
279.41,SYN.ETH-5JUL19,1562065141033,open,0.0,992.0,0.001,0.04,7e-06,130.02,0.002,0.0,ETH-5JUL19-420-C,279.02,0.0,0.0,0.0,0.002,150.0,227.63,0.00024,-0.00204,1e-05,3e-05,0.00026
289.59,ETH-27SEP19,1562065141038,open,0.0,389.0,0.001,0.04,0.000296,120.59,0.002,0.0,ETH-27SEP19-60-P,279.02,0.0,0.0,0.0,0.002,150.0,152.68,0.00685,-0.00476,-0.00123,3e-05,-0.00149
280.26,SYN.ETH-12JUL19,1562065141034,open,0.01,222.0,0.001,0.047,0.007212,108.01,0.01,0.0,ETH-12JUL19-360-C,279.02,94.58,0.004,150.0,0.009,250.0,114.18,0.07691,-0.42054,0.00653,0.00335,0.09333
281.96,SYN.ETH-26JUL19,1562065141033,open,0.79,0.0,0.705,0.847,0.776006,109.23,None,0.0,ETH-26JUL19-500-P,279.02,0.0,0.0,0.0,0.0,0.0,0.0,0.04637,-0.10607,-0.3224,0.00082,-0.97198
289.59,ETH-27SEP19,1562065141039,open,0.03,2992.0,0.001,0.065,0.025797,105.64,0.029,0.0,ETH-27SEP19-600-C,279.02,101.7,0.022,156.0,0.028,200.0,107.81,0.28906,-0.17575,0.06762,0.00137,0.12391
281.96,SYN.ETH-26JUL19,1562065141036,open,0.02,1169.0,0.001,0.062,0.021535,103.05,0.013,0.0,ETH-26JUL19-220-P,279.02,98.54,0.019,200.0,0.025,493.0,108.95,0.16172,-0.34899,-0.03008,0.00302,-0.14156
281.96,SYN.ETH-26JUL19,1562065141035,open,0.06,1426.0,0.02,0.099,0.059405,105.52,0.053,0.0,ETH-26JUL19-320-C,279.02,100.93,0.055,124.0,0.064,280.0,110.26,0.2721,-0.60126,0.05714,0.00496,0.36921
279.41,SYN.ETH-5JUL19,1562065141033,open,0.0,326.0,0.001,0.041,0.001124,117.19,0.001,0.0,ETH-5JUL19-230-P,279.02,0.0,0.0,0.0,0.002,60.0,130.31,0.01558,-0.31398,-0.00062,0.00216,-0.02725
281.96,SYN.ETH-26JUL19,1562065141036,open,0.26,68.0,0.199,0.298,0.248314,105.4,0.104,0.0,ETH-26JUL19-340-P,279.02,0.0,0.0,0.0,0.0,0.0,0.0,0.24602,-0.54305,-0.17714,0.00449,-0.71208
280.26,SYN.ETH-12JUL19,1562065141033,open,0.15,10.0,0.12,0.199,0.159639,104.77,0.181,0.0,ETH-12JUL19-240-C,279.02,0.0,0.005,2.0,0.0,0.0,0.0,0.1131,-0.59993,0.05144,0.00508,0.83795
279.41,SYN.ETH-5JUL19,1562065141034,open,0.73,0.0,0.65,0.786,0.717781,0.0,None,0.0,ETH-5JUL19-480-P,279.02,0.0,0.0,0.0,0.0,0.0,0.0,0.0,0.0,-0.03782,0.0,-1.0
280.26,SYN.ETH-12JUL19,1562065141033,open,0.28,0.0,0.249,0.328,0.288412,111.87,None,0.0,ETH-12JUL19-200-C,279.02,0.0,0.0,0.0,0.0,0.0,0.0,0.0288,-0.16313,0.05191,0.00121,0.97292
279.41,SYN.ETH-5JUL19,1562065141033,open,0.01,299.0,0.001,0.045,0.005123,117.82,0.006,0.0,ETH-5JUL19-320-C,279.02,94.48,0.002,10.0,0.008,150.0,133.75,0.0456,-0.93413,0.00223,0.00629,0.10662
280.26,SYN.ETH-12JUL19,1562065141034,open,0.07,101.0,0.029,0.108,0.068941,104.52,0.086,0.0,ETH-12JUL19-280-C,279.02,100.02,0.066,254.0,0.077,254.0,116.86,0.18315,-0.96919,0.03545,0.00824,0.53641
280.26,SYN.ETH-12JUL19,1562065141033,open,0.18,1.0,0.121,0.213,0.166778,107.98,0.117,0.0,ETH-12JUL19-320-P,279.02,81.6,0.154,50.0,0.166,50.0,106.5,0.14814,-0.80989,-0.06911,0.00646,-0.74464
279.41,SYN.ETH-5JUL19,1562065141033,open,0.01,245.0,0.001,0.054,0.014883,113.93,0.016,0.0,ETH-5JUL19-300-C,279.02,96.08,0.01,337.0,0.019,137.0,127.93,0.07997,-1.58411,0.00533,0.01141,0.25703
281.96,SYN.ETH-26JUL19,1562065141038,open,0.32,1048.0,0.255,0.359,0.306807,105.38,0.134,0.0,ETH-26JUL19-360-P,279.02,0.0,0.2,1.0,0.0,0.0,0.0,0.2136,-0.47136,-0.20043,0.0039,-0.77988
281.96,SYN.ETH-26JUL19,1562065141033,open,1.01,0.0,0.908,1.066,0.98718,112.16,None,0.0,ETH-26JUL19-560-P,279.02,0.0,0.0,0.0,0.0,0.0,0.0,0.02297,-0.05395,-0.36425,0.00039,-0.98773
279.41,SYN.ETH-5JUL19,1562065141033,open,0.0,268.0,0.001,0.042,0.002016,126.56,0.001,0.0,ETH-5JUL19-340-C,279.02,0.0,0.0,0.0,0.004,150.0,145.62,0.02368,-0.52119,0.00096,0.00304,0.04542
281.96,SYN.ETH-26JUL19,1562065141037,open,0.01,1027.0,0.001,0.054,0.014671,105.51,0.015,0.0,ETH-26JUL19-400-C,279.02,97.99,0.011,149.0,0.016,200.0,108.02,0.14665,-0.32404,0.01995,0.00267,0.12284
281.96,SYN.ETH-26JUL19,1562065141035,open,0.04,1790.0,0.003,0.082,0.042587,105.52,0.04,0.0,ETH-26JUL19-340-C,279.02,99.02,0.037,292.0,0.046,160.0,109.39,0.24614,-0.54389,0.0453,0.00449,0.28822
281.96,SYN.ETH-26JUL19,1562065141037,open,0.45,985.0,0.376,0.49,0.433172,105.29,0.205,0.0,ETH-26JUL19-400-P,279.02,0.0,0.0,0.0,0.0,0.0,0.0,0.14614,-0.32223,-0.24179,0.00267,-0.87777
280.26,SYN.ETH-12JUL19,1562065141033,open,0.0,1271.0,0.001,0.043,0.003648,108.0,0.005,0.0,ETH-12JUL19-380-C,279.02,87.04,0.001,10.0,0.005,250.0,115.05,0.04912,-0.26861,0.00367,0.00214,0.05209
281.96,SYN.ETH-26JUL19,1562065141033,open,0.86,0.0,0.773,0.92,0.846182,109.97,None,0.0,ETH-26JUL19-520-P,279.02,0.0,0.0,0.0,0.0,0.0,0.0,0.03624,-0.08346,-0.33666,0.00063,-0.9791
281.96,SYN.ETH-26JUL19,1562065141035,open,0.0,980.0,0.001,0.044,0.003925,103.71,0.003,0.0,ETH-26JUL19-180-P,279.02,91.79,0.002,200.0,0.005,20.0,108.91,0.05444,-0.11823,-0.007,0.00101,-0.03402
281.96,SYN.ETH-26JUL19,1562065141038,open,0.07,1099.0,0.024,0.108,0.066316,102.84,0.063,0.0,ETH-26JUL19-260-P,279.02,96.0,0.06,160.0,0.069,115.0,105.73,0.26117,-0.56247,-0.0731,0.00488,-0.33002
280.26,SYN.ETH-12JUL19,1562065141033,open,0.12,9.0,0.069,0.157,0.112891,106.58,0.08,0.0,ETH-12JUL19-300-P,279.02,88.97,0.102,150.0,0.114,150.0,108.35,0.17579,-0.9486,-0.05543,0.00776,-0.61812
281.96,SYN.ETH-26JUL19,1562065141033,open,0.0,1809.0,0.001,0.042,0.002736,109.23,0.004,0.0,ETH-26JUL19-500-C,279.02,95.08,0.001,150.0,0.004,200.0,116.02,0.04637,-0.10607,0.00466,0.00082,0.02802
10391.0,BTC-27SEP19,1562065141041,open,0.63,0.0,0.6035,0.683,0.6431261,112.79,None,0.0,BTC-27SEP19-3750-C,10052.99,0.0,0.004,10.0,0.7475,10.0,299.24,2.10473,-1.36628,8.4133,1e-05,0.9833
289.63,ETH-27SEP19,1562065141042,open,0.27,2636.0,0.232,0.311,0.271736,98.27,0.34,0.0,ETH-27SEP19-240-C,279.02,79.37,0.242,1.0,0.276,110.0,100.94,0.46172,-0.26113,0.32021,0.00235,0.73624
10145.88,SYN.BTC-26JUL19,1562065141057,open,0.16,30.9,0.1295,0.209,0.16905765,107.32,0.172,0.0,BTC-26JUL19-9000-C,10052.99,104.94,0.167,5.0,0.174,4.9,113.01,8.7806,-19.73477,3.63631,0.00012,0.71697
10145.88,SYN.BTC-26JUL19,1562065141190,open,0.48,5.0,0.3905,0.5055,0.4479689,114.64,0.1535,0.0,BTC-26JUL19-14500-P,10052.99,0.0,0.0,0.0,0.0,0.0,0.0,5.83223,-14.00188,-8.66716,8e-05,-0.85797
10091.41,SYN.BTC-12JUL19,1562065141222,open,0.2,0.0,0.175,0.2545,0.21473286,109.66,None,0.0,BTC-12JUL19-8000-C,10052.99,0.0,0.0,0.0,0.0,0.0,0.0,2.56334,-14.23121,1.91436,8e-05,0.91586
10604.45,BTC-27DEC19,1562065141433,open,0.11,237.5,0.0765,0.156,0.11626536,101.04,0.1015,0.0,BTC-27DEC19-18000-C,10051.27,99.18,0.1115,5.0,0.1215,9.3,103.06,27.29002,-7.75067,11.84702,5e-05,0.34551
10145.88,SYN.BTC-26JUL19,1562065141433,open,0.53,10.0,0.4345,0.5535,0.4939456,115.66,0.17,0.0,BTC-26JUL19-15000-P,10051.27,0.0,0.0,0.0,0.0,0.0,0.0,5.19774,-12.58929,-9.11698,7e-05,-0.87977
10602.73,BTC-27DEC19,1562065141434,open,3.28,0.0,3.0035,3.337,3.17026434,112.01,None,0.0,BTC-27DEC19-44000-P,10051.27,0.0,0.0,0.0,0.0,0.0,0.0,10.63567,-3.34855,-211.52676,2e-05,-0.92351
10602.73,BTC-27DEC19,1562065141434,open,2.9,0.0,2.646,2.9495,2.79770093,110.93,None,0.0,BTC-27DEC19-40000-P,10051.27,0.0,0.0005,3.0,0.0,0.0,0.0,12.23524,-3.81513,-191.46539,2e-05,-0.90782
10064.18,SYN.BTC-5JUL19,1562065141433,open,0.24,0.0,0.215,0.2945,0.25495143,129.78,None,0.0,BTC-5JUL19-7500-C,10051.27,0.0,0.02,1.0,0.0,0.0,0.0,0.11807,-2.66416,0.58718,1e-05,0.99548
10391.0,BTC-27SEP19,1562065141435,open,0.01,433.3,0.0005,0.0525,0.01203581,105.15,0.01,0.0,BTC-27SEP19-5000-P,10051.27,100.65,0.01,39.0,0.014,22.5,109.16,4.91149,-2.97233,-1.44134,2e-05,-0.04624
10602.73,BTC-27DEC19,1562065141435,open,0.06,175.6,0.019,0.0985,0.05871412,105.06,0.0535,0.0,BTC-27DEC19-26000-C,10051.27,103.38,0.0555,9.9,0.062,9.8,106.74,20.46457,-6.0435,7.08874,4e-05,0.19591
10391.0,BTC-27SEP19,1562065141435,open,2.17,0.0,1.965,2.2115,2.08808836,116.11,None,0.0,BTC-27SEP19-32000-P,10051.27,0.0,0.0,0.0,0.0,0.0,0.0,4.74866,-3.17338,-75.2785,2e-05,-0.95566
10391.0,BTC-27SEP19,1562065141435,open,1.58,0.0,1.4185,1.6195,1.51884136,112.66,None,0.0,BTC-27SEP19-26000-P,10051.27,0.0,0.0,0.0,0.0,0.0,0.0,7.65532,-4.96358,-60.27651,3e-05,-0.91833
10391.0,BTC-27SEP19,1562065141436,open,0.1,138.4,0.06,0.1395,0.09989544,104.14,0.1045,0.0,BTC-27SEP19-14000-C,10051.27,101.75,0.0955,22.6,0.1045,17.6,106.63,19.13508,-11.46894,6.67211,7e-05,0.36967
10064.18,SYN.BTC-5JUL19,1562065141433,open,0.06,21.2,0.0325,0.112,0.07230139,110.05,0.113,0.0,BTC-5JUL19-9500-C,10051.27,92.88,0.0675,6.0,0.0765,6.0,124.31,2.90486,-55.58248,0.52842,0.00033,0.73873
10602.73,BTC-27DEC19,1562065141436,open,0.67,4.0,0.6395,0.719,0.67922125,100.35,0.59,0.0,BTC-27DEC19-3500-C,10051.27,0.0,0.0055,0.1,0.78,1.0,227.78,4.56388,-1.28734,15.19763,1e-05,0.97335
10391.0,BTC-27SEP19,1562065141436,open,0.02,48.2,0.0005,0.0565,0.01670974,112.7,0.0135,0.0,BTC-27SEP19-26000-C,10051.27,110.32,0.015,5.0,0.0185,19.5,115.06,7.66374,-4.97106,1.60966,3e-05,0.08179
10145.88,SYN.BTC-26JUL19,1562065141434,open,0.39,9.3,0.305,0.413,0.35886564,113.09,0.191,0.0,BTC-26JUL19-13500-P,10051.27,0.0,0.11,0.1,0.0,0.0,0.0,7.25696,-17.18643,-7.69342,0.0001,-0.80036
10602.73,BTC-27DEC19,1562065141437,open,1.76,0.1,1.584,1.7985,1.69131851,105.79,2.02,0.0,BTC-27DEC19-28000-P,10051.27,0.0,0.0,0.0,0.0,0.0,0.0,18.88221,-5.6151,-130.1657,3e-05,-0.82784
10391.0,BTC-27SEP19,1562065141437,open,0.14,712.9,0.1045,0.184,0.14413176,102.64,0.139,0.0,BTC-27SEP19-12000-C,10051.27,100.0,0.139,21.5,0.1495,21.6,105.4,20.21021,-11.93889,8.43521,8e-05,0.48519
10602.73,BTC-27DEC19,1562065141436,open,1.95,0.2,1.7585,1.988,1.87343028,106.62,2.2245,0.0,BTC-27DEC19-30000-P,10051.27,0.0,0.0,0.0,0.0,0.0,0.0,17.45808,-5.23228,-140.58487,3e-05,-0.84737
10602.73,BTC-27DEC19,1562065141437,open,3.66,0.0,3.3625,3.7255,3.54411026,113.17,None,0.0,BTC-27DEC19-48000-P,10051.27,0.0,0.0,0.0,0.0,0.0,0.0,9.35075,-2.97451,-231.45294,2e-05,-0.9353
10145.88,SYN.BTC-26JUL19,1562065141436,open,0.0,111.2,0.0005,0.042,0.00249135,123.57,0.003,0.0,BTC-26JUL19-20000-C,10051.27,115.34,0.0015,24.0,0.0035,5.0,129.95,1.4313,-3.70402,0.13833,2e-05,0.02334
10391.0,BTC-27SEP19,1562065141437,open,1.2,0.2,1.0595,1.2305,1.14487622,109.62,1.391,0.0,BTC-27SEP19-22000-P,10051.27,0.0,0.004,10.0,0.0,0.0,0.0,10.61733,-6.69824,-49.87841,4e-05,-0.87186
10602.73,BTC-27DEC19,1562065141437,open,1.57,0.0,1.4105,1.6105,1.51050859,104.85,None,0.0,BTC-27DEC19-26000-P,10051.27,0.0,0.004,10.0,2.328,0.2,499.61,20.40885,-6.01502,-119.64169,4e-05,-0.80497
10602.73,BTC-27DEC19,1562065141437,open,0.36,205.7,0.335,0.4145,0.37499086,97.38,0.3505,0.0,BTC-27DEC19-8000-C,10051.27,0.0,0.2005,0.1,0.4165,0.5,117.15,22.21813,-6.08151,20.65049,4e-05,0.77465
10602.73,BTC-27DEC19,1562065141438,open,1.21,0.0,1.069,1.241,1.1548781,102.77,None,0.0,BTC-27DEC19-22000-P,10051.27,0.0,0.006,2.0,1.96,0.3,499.86,23.76968,-6.8667,-98.16505,4e-05,-0.74495
10602.73,BTC-27DEC19,1562065141438,open,0.81,0.0,0.773,0.8525,0.81290343,108.76,None,0.0,BTC-27DEC19-2000-C,10051.27,0.0,0.014,3.0,0.9855,0.5,500.0,1.06836,-0.32661,9.40951,0.0,0.99501
10602.73,BTC-27DEC19,1562065141438,open,2.51,1.3,2.289,2.563,2.42599027,109.16,2.889,0.0,BTC-27DEC19-36000-P,10051.27,0.0,0.0005,1.0,0.0,0.0,0.0,13.9767,-4.28874,-171.3048,2e-05,-0.88935
10145.88,SYN.BTC-26JUL19,1562065141436,open,0.01,165.6,0.0005,0.045,0.00482901,107.4,0.003,0.0,BTC-26JUL19-6500-P,10051.27,97.88,0.003,3.0,0.006,10.0,112.48,2.20642,-4.96268,-0.29319,3e-05,-0.03935
10091.41,SYN.BTC-12JUL19,1562065141438,open,0.11,102.2,0.0515,0.139,0.0952227,109.5,0.083,0.0,BTC-12JUL19-10500-P,10051.27,99.15,0.0885,18.0,0.0985,18.0,114.54,6.56618,-36.40322,-1.76672,0.00022,-0.55183
10602.73,BTC-27DEC19,1562065141440,open,0.15,173.5,0.119,0.1985,0.15866316,99.52,0.15,0.0,BTC-27DEC19-15000-C,10051.27,97.64,0.1535,5.0,0.1645,13.9,101.63,29.18909,-8.16531,14.51512,5e-05,0.43958
10145.88,SYN.BTC-26JUL19,1562065141436,open,0.02,49.4,0.0005,0.068,0.02827659,113.09,0.023,0.0,BTC-26JUL19-13500-C,10051.27,109.86,0.026,25.3,0.0305,21.0,116.16,7.25694,-17.18634,1.13731,0.0001,0.19964
10091.41,SYN.BTC-12JUL19,1562065141437,open,0.05,80.1,0.002,0.085,0.04357754,108.43,0.034,0.0,BTC-12JUL19-9500-P,10051.27,99.91,0.0385,34.0,0.047,30.0,114.13,6.0431,-33.17403,-1.03203,0.0002,-0.3344
10389.28,BTC-27SEP19,1562065141440,open,0.01,225.5,0.0005,0.049,0.00877378,109.93,0.0045,0.0,BTC-27SEP19-4500-P,10051.27,103.23,0.0065,15.0,0.011,39.0,115.67,3.8018,-2.40535,-1.05169,1e-05,-0.03376
10145.88,SYN.BTC-26JUL19,1562065141438,open,0.72,0.0,0.616,0.75,0.68284895,119.25,None,0.0,BTC-26JUL19-17000-P,10051.27,0.0,0.0,0.0,0.0,0.0,0.0,3.16355,-7.90043,-10.75841,4e-05,-0.9382
10145.88,SYN.BTC-26JUL19,1562065141437,open,0.11,119.2,0.076,0.1555,0.11571411,107.32,0.1245,0.0,BTC-26JUL19-10000-C,10051.27,105.11,0.1135,5.0,0.121,5.0,112.6,10.16698,-22.85011,3.05046,0.00014,0.57535
10145.88,SYN.BTC-26JUL19,1562065141438,open,0.09,109.2,0.0555,0.135,0.09512498,107.96,0.0895,0.0,BTC-26JUL19-10500-C,10051.27,106.86,0.094,5.0,0.1005,30.4,113.23,10.35119,-23.40235,2.72359,0.00014,0.50551
10064.18,SYN.BTC-5JUL19,1562065141434,open,0.47,3.0,0.3835,0.498,0.44078771,131.67,0.12,0.0,BTC-5JUL19-14500-P,10051.27,0.0,0.079,2.0,0.0,0.0,0.0,0.0324,-0.74182,-1.14157,0.0,-0.99892
10064.18,SYN.BTC-5JUL19,1562065141436,open,0.0,491.6,0.0005,0.04,8.427e-05,130.0,0.001,0.0,BTC-5JUL19-14000-C,10051.27,0.0,0.0,0.0,0.001,3.5,172.55,0.07015,-0.84814,0.00194,1e-05,0.00253
10091.41,SYN.BTC-12JUL19,1562065141439,open,0.52,0.0,0.4305,0.549,0.48963348,129.91,None,0.0,BTC-12JUL19-15000-P,10051.27,0.0,0.0,0.0,0.0,0.0,0.0,1.4371,-9.4522,-3.95746,4e-05,-0.95977
10064.18,SYN.BTC-5JUL19,1562065141438,open,0.27,98.1,0.194,0.293,0.24327191,125.95,0.234,0.0,BTC-5JUL19-12500-P,10051.27,0.0,0.205,3.0,0.258,3.0,226.37,0.60546,-13.25907,-0.96214,6e-05,-0.97014
10145.88,SYN.BTC-26JUL19,1562065141439,open,0.01,325.1,0.0005,0.0495,0.00921978,107.32,0.0065,0.0,BTC-26JUL19-7000-P,10051.27,100.3,0.007,3.0,0.01,16.0,109.6,3.41443,-7.67409,-0.51374,5e-05,-0.06819
10091.41,SYN.BTC-12JUL19,1562065141439,open,0.28,16.5,0.202,0.3015,0.2518322,114.02,0.179,0.0,BTC-12JUL19-12500-P,10051.27,0.0,0.0,0.0,0.0,0.0,0.0,3.82604,-22.08715,-3.01543,0.00012,-0.85256
10091.41,SYN.BTC-12JUL19,1562065141438,open,0.16,0.0,0.1325,0.212,0.17234427,108.52,None,0.0,BTC-12JUL19-8500-C,10051.27,100.72,0.1695,6.0,0.1775,6.0,121.51,3.81311,-20.95014,1.85928,0.00013,0.8533
10145.88,SYN.BTC-26JUL19,1562065141440,open,0.05,367.4,0.013,0.0925,0.05271162,111.18,0.059,0.0,BTC-26JUL19-12000-C,10051.27,107.69,0.0495,5.0,0.0565,40.3,115.27,9.36357,-21.80217,1.82079,0.00013,0.32706
10091.41,SYN.BTC-12JUL19,1562065141440,open,0.08,224.4,0.024,0.1085,0.06629707,108.43,0.0655,0.0,BTC-12JUL19-10000-P,10051.27,100.28,0.061,3.0,0.069,3.0,112.59,6.5574,-35.99686,-1.39401,0.00022,-0.44425
10602.73,BTC-27DEC19,1562065141453,open,1.57,0.0,1.4105,1.6105,1.51050859,104.85,None,0.0,BTC-27DEC19-26000-P,10051.27,0.0,0.004,10.0,2.3285,0.2,500.0,20.40885,-6.01502,-119.64169,4e-05,-0.80497
10602.73,BTC-27DEC19,1562065141454,open,0.12,141.2,0.064,0.152,0.10810372,97.32,0.082,0.0,BTC-27DEC19-7500-P,10051.27,94.17,0.102,4.9,0.1095,3.0,98.04,20.58802,-5.63207,-15.80933,4e-05,-0.19786
10389.28,BTC-27SEP19,1562065141698,open,0.59,0.2,0.558,0.6375,0.59776526,110.66,0.26,0.0,BTC-27SEP19-4250-C,10051.27,0.0,0.005,0.1,0.725,5.0,299.42,3.16663,-2.01674,9.277,1e-05,0.97293
10091.41,SYN.BTC-12JUL19,1562065141716,open,0.05,34.4,0.015,0.0945,0.05473171,109.5,0.05,0.0,BTC-12JUL19-10500-C,10051.27,102.99,0.0505,10.0,0.0595,18.0,116.82,6.56617,-36.4019,1.07422,0.00022,0.44816
10091.41,SYN.BTC-12JUL19,1562065141746,open,0.05,34.4,0.015,0.0945,0.05473171,109.5,0.05,0.0,BTC-12JUL19-10500-C,10051.27,102.99,0.0505,16.0,0.0595,18.0,116.82,6.56617,-36.4019,1.07422,0.00022,0.44816
10091.41,SYN.BTC-12JUL19,1562065141748,open,0.05,34.4,0.015,0.0945,0.05473171,109.5,0.05,0.0,BTC-12JUL19-10500-C,10051.27,102.99,0.0505,16.0,0.0595,24.0,116.82,6.56617,-36.4019,1.07422,0.00022,0.44816
10091.41,SYN.BTC-12JUL19,1562065141758,open,0.23,29.6,0.1605,0.2565,0.20860466,113.72,0.194,0.0,BTC-12JUL19-12000-P,10051.27,98.54,0.202,6.0,0.2115,6.0,119.83,4.68283,-26.96222,-2.74689,0.00015,-0.79743
10391.0,BTC-27SEP19,1562065141760,open,0.4,27.1,0.3165,0.4255,0.37111573,103.54,0.39,0.0,BTC-27SEP19-13000-P,10051.27,99.28,0.363,14.4,0.3785,14.4,107.39,19.85896,-11.83396,-23.4168,7e-05,-0.5757
10604.45,BTC-27DEC19,1562065141769,open,0.31,44.5,0.2385,0.341,0.28986593,97.31,0.264,0.0,BTC-27DEC19-11000-P,10051.27,94.93,0.2835,7.9,0.2975,3.0,100.17,28.35182,-7.755,-35.00747,5e-05,-0.38754
10091.41,SYN.BTC-12JUL19,1562065141796,open,0.12,17.7,0.095,0.1745,0.13463242,108.45,0.169,0.0,BTC-12JUL19-9000-C,10051.27,101.11,0.131,6.0,0.14,6.0,118.94,5.07008,-27.838,1.72815,0.00017,0.76756
10145.88,SYN.BTC-26JUL19,1562065141801,open,0.19,36.6,0.1615,0.241,0.20138514,107.32,0.2155,0.0,BTC-26JUL19-8500-C,10051.27,104.8,0.1995,5.0,0.2055,4.9,112.74,7.62451,-17.1364,3.85944,0.00011,0.78292
10091.41,SYN.BTC-12JUL19,1562065141814,open,0.07,23.4,0.0355,0.115,0.07535217,108.42,0.081,0.0,BTC-12JUL19-10000-C,10051.27,101.72,0.071,18.0,0.081,18.0,117.11,6.5574,-35.99566,1.31167,0.00022,0.55575
10064.18,SYN.BTC-5JUL19,1562065141846,open,0.17,260.3,0.102,0.1935,0.14785707,116.83,0.1455,0.0,BTC-5JUL19-11500-P,10051.27,86.06,0.144,6.0,0.153,6.0,143.42,1.66399,-33.80172,-0.82407,0.00018,-0.89143
10091.41,SYN.BTC-12JUL19,1562065141849,open,0.19,17.1,0.121,0.2135,0.16719356,112.03,0.1595,0.0,BTC-12JUL19-11500-P,10051.27,98.3,0.16,6.0,0.1705,6.0,118.05,5.47472,-31.05335,-2.45339,0.00018,-0.73135
10602.73,BTC-27DEC19,1562065141851,open,0.6,0.4,0.5105,0.636,0.57334865,99.43,0.5045,0.0,BTC-27DEC19-15000-P,10051.27,96.46,0.565,3.6,0.5855,3.6,103.9,29.18594,-8.1576,-58.58708,5e-05,-0.5607
10391.0,BTC-27SEP19,1562065141880,open,0.32,33.5,0.2475,0.3505,0.29897381,102.63,0.2925,0.0,BTC-27SEP19-12000-P,10051.27,99.05,0.292,14.4,0.307,14.4,106.76,20.21019,-11.93814,-20.12669,8e-05,-0.51482
289.59,ETH-27SEP19,1562065141892,open,0.31,1096.0,0.273,0.352,0.312852,98.31,0.383,0.0,ETH-27SEP19-220-C,279.02,0.0,0.22,5.0,0.57,17.0,278.16,0.40507,-0.2292,0.33015,0.00206,0.79184
10145.88,SYN.BTC-26JUL19,1562065141883,open,0.05,169.1,0.0005,0.0805,0.03916331,107.32,0.0325,0.0,BTC-26JUL19-8500-P,10051.27,100.35,0.034,22.3,0.0395,25.3,107.77,7.62451,-17.13644,-1.70066,0.00011,-0.21708
10091.41,SYN.BTC-12JUL19,1562065141902,open,0.09,16.9,0.0625,0.142,0.10218021,108.42,0.133,0.0,BTC-12JUL19-9500-C,10051.27,101.42,0.098,18.0,0.1075,18.0,117.27,6.04307,-33.17276,1.53837,0.0002,0.6656
10091.41,SYN.BTC-12JUL19,1562065141948,open,0.19,17.1,0.121,0.2135,0.16719356,112.03,0.1595,0.0,BTC-12JUL19-11500-P,10051.27,98.3,0.16,11.0,0.1705,6.0,118.05,5.47472,-31.05335,-2.45339,0.00018,-0.73135
10091.41,SYN.BTC-12JUL19,1562065141950,open,0.19,17.1,0.121,0.2135,0.16719356,112.03,0.1595,0.0,BTC-12JUL19-11500-P,10051.27,98.3,0.16,11.0,0.1705,11.0,118.05,5.47472,-31.05335,-2.45339,0.00018,-0.73135
10391.0,BTC-27SEP19,1562065141957,open,0.32,33.5,0.2475,0.3505,0.29897381,102.63,0.2925,0.0,BTC-27SEP19-12000-P,10051.27,99.05,0.292,16.4,0.307,14.4,106.76,20.21019,-11.93814,-20.12669,8e-05,-0.51482
10391.0,BTC-27SEP19,1562065141963,open,0.32,33.5,0.2475,0.3505,0.29897381,102.63,0.2925,0.0,BTC-27SEP19-12000-P,10051.27,99.05,0.292,16.4,0.307,16.4,106.76,20.21019,-11.93814,-20.12669,8e-05,-0.51482
289.59,ETH-27SEP19,1562065141977,open,0.4,743.0,0.37,0.449,0.409989,98.43,0.46,0.0,ETH-27SEP19-180-C,279.02,0.0,0.0,0.0,0.609,10.0,270.87,0.26443,-0.14981,0.33134,0.00135,0.89071
296.12,ETH-27DEC19,1562065142032,open,0.09,0.0,0.044,0.123,0.083913,102.65,None,0.0,ETH-27DEC19-600-C,278.95,95.0,0.067,140.0,0.088,2.0,104.43,0.67748,-0.19549,0.26175,0.00154,0.2653
296.12,ETH-27DEC19,1562065142032,open,0.08,1.0,0.033,0.112,0.072774,102.65,0.093,0.0,ETH-27DEC19-640-C,278.95,95.52,0.058,142.0,0.084,142.0,107.74,0.63769,-0.18401,0.23647,0.00145,0.23664
289.59,ETH-27SEP19,1562065142032,open,0.07,2516.0,0.027,0.106,0.066206,101.3,0.069,0.0,ETH-27SEP19-440-C,278.95,98.07,0.061,137.0,0.069,110.0,103.01,0.47099,-0.2746,0.14357,0.00233,0.27449
289.59,ETH-27SEP19,1562065142032,open,0.14,1299.0,0.088,0.178,0.133043,98.23,0.102,0.0,ETH-27SEP19-260-P,278.95,95.92,0.129,105.0,0.138,110.0,101.07,0.50599,-0.28606,-0.31305,0.00258,-0.32114
296.05,ETH-27DEC19,1562065142033,open,0.51,0.0,0.468,0.547,0.507579,97.41,None,0.0,ETH-27DEC19-160-C,278.95,0.0,0.0,0.0,0.0,0.0,0.0,0.37989,-0.10402,0.55666,0.00091,0.89342
289.59,ETH-27SEP19,1562065142033,open,0.09,2720.0,0.049,0.128,0.088254,101.32,0.093,0.0,ETH-27SEP19-400-C,278.95,98.37,0.083,141.0,0.094,131.0,104.51,0.51899,-0.30265,0.17509,0.00257,0.34228
281.92,SYN.ETH-26JUL19,1562065142032,open,0.0,1186.0,0.001,0.042,0.002128,111.11,0.013,0.0,ETH-26JUL19-520-C,278.95,100.54,0.001,20.0,0.003,200.0,116.87,0.03798,-0.08838,0.00368,0.00066,0.0221
289.52,ETH-27SEP19,1562065142035,open,0.0,1814.0,0.001,0.041,0.001372,118.91,0.002,0.0,ETH-27SEP19-80-P,278.95,0.0,0.0,0.0,0.003,150.0,133.62,0.02432,-0.01664,-0.00514,0.0001,-0.00609
289.52,ETH-27SEP19,1562065142036,open,0.05,2796.0,0.011,0.09,0.05074,101.98,0.08,0.0,ETH-27SEP19-480-C,278.95,98.66,0.046,302.0,0.054,140.0,104.2,0.41977,-0.24637,0.11762,0.00206,0.22142
279.37,SYN.ETH-5JUL19,1562065142033,open,0.0,1.0,0.001,0.04,0.0,130.03,0.004,0.0,ETH-5JUL19-480-C,278.95,0.0,0.0,0.0,0.002,150.0,286.91,0.0,-1e-05,0.0,0.0,0.0
279.37,SYN.ETH-5JUL19,1562065142032,open,0.0,1.0,0.001,0.04,0.000715,129.93,0.004,0.0,ETH-5JUL19-220-P,278.95,0.0,0.0,0.0,0.004,400.0,178.12,0.01025,-0.19974,-0.00038,0.00128,-0.01662
289.52,ETH-27SEP19,1562065142039,open,0.0,4126.0,0.001,0.042,0.002068,105.29,0.001,0.0,ETH-27SEP19-100-P,278.95,0.0,0.0,0.0,0.004,150.0,117.2,0.03764,-0.02281,-0.00831,0.00018,-0.01
279.37,SYN.ETH-5JUL19,1562065142033,open,0.0,408.0,0.001,0.043,0.003533,125.1,0.002,0.0,ETH-5JUL19-330-C,278.95,97.92,0.001,50.0,0.003,100.0,120.65,0.03485,-0.75807,0.00156,0.00453,0.0743
279.37,SYN.ETH-5JUL19,1562065142032,open,0.0,1.0,0.001,0.04,1e-06,130.04,0.006,0.0,ETH-5JUL19-440-C,278.95,0.0,0.0,0.0,0.002,150.0,248.65,5e-05,-0.00038,0.0,1e-05,5e-05
279.37,SYN.ETH-5JUL19,1562065142033,open,0.02,174.0,0.001,0.064,0.024691,113.5,0.025,0.0,ETH-5JUL19-290-C,278.95,96.38,0.019,322.0,0.028,122.0,123.28,0.09398,-1.85463,0.0077,0.01347,0.37437
289.52,ETH-27SEP19,1562065142045,open,1.12,27.0,1.014,1.181,1.097668,105.14,1.044,0.0,ETH-27SEP19-600-P,278.95,0.0,1.072,1.0,1.142,2.0,140.18,0.28615,-0.17316,-1.36131,0.00136,-0.87782
10602.73,BTC-27DEC19,1562065142075,open,0.05,87.0,0.0005,0.0835,0.04193009,97.32,0.0365,0.0,BTC-27DEC19-5500-P,10051.27,93.53,0.0375,15.8,0.0445,12.8,99.47,12.58901,-3.44404,-7.11729,2e-05,-0.09581
10064.18,SYN.BTC-5JUL19,1562065142078,open,0.0,300.8,0.0005,0.042,0.00236647,119.77,0.002,0.0,BTC-5JUL19-12000-C,10051.27,109.82,0.0015,4.5,0.0035,10.5,130.11,0.98821,-20.57887,0.04143,0.0001,0.05461
10091.41,SYN.BTC-12JUL19,1562065142081,open,0.0,118.6,0.0005,0.0445,0.00454965,119.3,0.005,0.0,BTC-12JUL19-14000-C,10051.27,113.41,0.0035,6.0,0.0045,3.0,119.04,1.93052,-11.66068,0.14647,6e-05,0.05819
281.92,SYN.ETH-26JUL19,1562065142093,open,0.01,1208.0,0.001,0.05,0.010225,103.69,0.004,0.0,ETH-26JUL19-200-P,278.95,97.32,0.008,200.0,0.013,300.0,110.83,0.10389,-0.2256,-0.01604,0.00193,-0.07676
10064.18,SYN.BTC-5JUL19,1562065142170,open,0.0,300.8,0.0005,0.042,0.00236647,119.77,0.002,0.0,BTC-5JUL19-12000-C,10051.27,102.42,0.001,35.0,0.0035,10.5,130.11,0.98821,-20.57887,0.04143,0.0001,0.05461
10091.41,SYN.BTC-12JUL19,1562065142173,open,0.0,118.6,0.0005,0.0445,0.00454965,119.3,0.005,0.0,BTC-12JUL19-14000-C,10051.27,110.25,0.003,30.0,0.0045,3.0,119.04,1.93052,-11.66068,0.14647,6e-05,0.05819
281.92,SYN.ETH-26JUL19,1562065142241,open,0.0,1190.0,0.001,0.041,0.001118,112.18,0.001,0.0,ETH-26JUL19-560-C,278.95,0.0,0.0,0.0,0.002,92.0,120.94,0.02296,-0.05395,0.00206,0.00039,0.01227
10391.0,BTC-27SEP19,1562065142308,open,0.03,321.1,0.0005,0.0675,0.02768692,109.64,0.0285,0.0,BTC-27SEP19-22000-C,10051.27,107.46,0.0255,9.5,0.03,19.5,111.86,10.62246,-6.70318,2.48652,4e-05,0.12823
281.92,SYN.ETH-26JUL19,1562065142340,open,0.58,0.0,0.505,0.63,0.567398,104.83,None,0.0,ETH-26JUL19-440-P,278.95,0.0,0.0,0.0,0.0,0.0,0.0,0.08976,-0.19705,-0.27735,0.00165,-0.93652
10604.45,BTC-27DEC19,1562065142355,open,0.1,165.9,0.0455,0.132,0.08863145,97.35,0.097,0.0,BTC-27DEC19-7000-P,10051.27,94.15,0.083,4.9,0.091,12.0,98.68,18.78969,-5.14147,-13.40726,4e-05,-0.1708
10091.41,SYN.BTC-12JUL19,1562065142412,open,0.01,117.1,0.0005,0.053,0.01315343,114.01,0.013,0.0,BTC-12JUL19-12500-C,10051.27,109.54,0.0115,30.0,0.015,0.1,118.76,3.8257,-22.08371,0.36661,0.00012,0.14742
10091.41,SYN.BTC-12JUL19,1562065142413,open,0.03,165.1,0.0005,0.0675,0.02647972,108.45,0.027,0.0,BTC-12JUL19-9000-P,10051.27,100.39,0.0225,40.0,0.0295,30.0,114.39,5.07016,-27.83953,-0.70698,0.00017,-0.23244
10389.28,BTC-27SEP19,1562065142418,open,0.25,91.8,0.1845,0.283,0.23367431,102.3,0.255,0.0,BTC-27SEP19-11000-P,10051.27,98.65,0.2265,16.4,0.241,14.4,106.17,20.03707,-11.79775,-16.81052,8e-05,-0.44626
10145.88,SYN.BTC-26JUL19,1562065142426,open,0.09,242.1,0.034,0.1195,0.07685244,107.32,0.071,0.0,BTC-26JUL19-9500-P,10051.27,101.15,0.071,3.0,0.0785,25.3,109.05,9.64248,-21.67193,-2.85373,0.00013,-0.35313
10091.41,SYN.BTC-12JUL19,1562065142427,open,0.03,54.7,0.0005,0.079,0.03927637,110.99,0.044,0.0,BTC-12JUL19-11000-C,10051.27,103.93,0.035,40.0,0.043,30.0,117.05,6.15866,-34.60623,0.85282,0.0002,0.35162
10091.41,SYN.BTC-12JUL19,1562065142428,open,0.05,80.1,0.002,0.085,0.04357458,108.43,0.034,0.0,BTC-12JUL19-9500-P,10051.27,99.91,0.0385,40.0,0.047,30.0,114.13,6.0431,-33.17403,-1.03203,0.0002,-0.3344
10602.55,BTC-27DEC19,1562065142434,open,0.72,0.0,0.683,0.7625,0.72286248,103.02,None,0.0,BTC-27DEC19-3000-C,10049.86,0.0,0.0055,0.1,0.982,0.5,500.0,3.15406,-0.91339,13.43009,1e-05,0.98279
10389.26,BTC-27SEP19,1562065142434,open,0.44,714.8,0.409,0.4885,0.44897694,103.56,0.556,0.0,BTC-27SEP19-6000-C,10049.86,0.0,0.0,0.0,0.8925,3.0,500.0,8.24774,-4.91604,11.39408,3e-05,0.90975
10602.55,BTC-27DEC19,1562065142434,open,2.9,0.0,2.6465,2.95,2.79831247,111.4,None,0.0,BTC-27DEC19-40000-P,10049.86,0.0,0.0005,3.0,0.0,0.0,0.0,12.37998,-3.8767,-191.41725,2e-05,-0.90634
10389.26,BTC-27SEP19,1562065142434,open,0.25,375.9,0.2175,0.297,0.25736699,101.85,0.25,0.0,BTC-27SEP19-9000-C,10049.86,98.66,0.252,19.4,0.2635,5.0,105.49,17.50249,-10.25948,11.05631,7e-05,0.70448
10602.55,BTC-27DEC19,1562065142434,open,4.05,0.0,3.7225,4.1155,3.91882695,114.27,None,0.0,BTC-27DEC19-52000-P,10049.86,0.0,0.0,0.0,0.0,0.0,0.0,8.28274,-2.66056,-251.28991,1e-05,-0.94458
10389.26,BTC-27SEP19,1562065142434,open,0.0,612.3,0.0005,0.0415,0.00146292,116.03,0.0025,0.0,BTC-27SEP19-3000-P,10049.86,0.0,0.0,0.0,0.002,0.1,121.37,0.93998,-0.62772,-0.19983,0.0,-0.00662
10602.55,BTC-27DEC19,1562065142434,open,3.28,0.0,3.0045,3.3375,3.17092395,112.59,None,0.0,BTC-27DEC19-44000-P,10049.86,0.0,0.0,0.0,0.0,0.0,0.0,10.8102,-3.42122,-211.47156,2e-05,-0.92185
10389.26,BTC-27SEP19,1562065142434,open,0.02,240.7,0.0005,0.0615,0.02169844,111.66,0.023,0.0,BTC-27SEP19-24000-C,10049.86,109.08,0.0195,5.0,0.024,19.5,114.23,9.08946,-5.84135,2.01066,3e-05,0.10301
10601.14,BTC-27DEC19,1562065142435,open,2.14,0.3,1.935,2.179,2.05689747,107.27,2.435,0.0,BTC-27DEC19-32000-P,10049.86,0.0,0.0,0.0,0.0,0.0,0.0,16.10788,-4.85723,-150.92756,3e-05,-0.86451
10601.14,BTC-27DEC19,1562065142435,open,0.03,154.6,0.0005,0.071,0.03118557,109.58,0.0305,0.0,BTC-27DEC19-36000-C,10049.86,107.91,0.029,11.0,0.0335,10.0,111.29,14.10232,-4.34403,4.17846,2e-05,0.11207
10389.26,BTC-27SEP19,1562065142436,open,1.97,0.0,1.782,2.0135,1.89783567,114.52,None,0.0,BTC-27SEP19-30000-P,10049.86,0.0,0.0,0.0,0.0,0.0,0.0,5.45676,-3.59672,-70.35291,2e-05,-0.94723
10389.26,BTC-27SEP19,1562065142435,open,2.17,0.0,1.965,2.2115,2.08812914,115.07,None,0.0,BTC-27SEP19-32000-P,10049.86,0.0,0.0,0.0,0.0,0.0,0.0,4.58108,-3.03385,-75.31441,2e-05,-0.95758
10062.46,SYN.BTC-5JUL19,1562065142434,open,0.01,248.1,0.0005,0.051,0.01126141,115.02,0.015,0.0,BTC-5JUL19-11000-C,10049.86,105.77,0.009,33.5,0.013,14.5,121.76,2.54266,-50.85022,0.15413,0.00028,0.20568
10387.85,BTC-27SEP19,1562065142436,open,1.39,0.2,1.2385,1.4245,1.33138952,110.87,1.6,0.0,BTC-27SEP19-24000-P,10049.86,0.0,0.0,0.0,0.0,0.0,0.0,8.93694,-5.70245,-55.15411,3e-05,-0.89934
10144.16,SYN.BTC-26JUL19,1562065142434,open,0.13,43.0,0.101,0.1805,0.14051214,107.41,0.1825,0.0,BTC-26JUL19-9500-C,10049.86,105.29,0.1385,5.0,0.146,14.4,113.18,9.64338,-21.69106,3.35824,0.00013,0.64661
10601.14,BTC-27DEC19,1562065142436,open,2.51,1.3,2.2895,2.5635,2.42653752,109.2,2.889,0.0,BTC-27DEC19-36000-P,10049.86,0.0,0.0005,1.0,0.0,0.0,0.0,13.98303,-4.29217,-171.30258,2e-05,-0.88926
10601.14,BTC-27DEC19,1562065142437,open,0.48,122.6,0.45,0.5295,0.4896171,97.39,0.56,0.0,BTC-27DEC19-6000-C,10049.86,0.0,0.01,0.1,0.58,0.1,156.64,14.76601,-4.04215,20.19082,3e-05,0.88044
10601.14,BTC-27DEC19,1562065142436,open,1.03,3.6,0.9035,1.0615,0.9823083,101.89,0.7375,0.0,BTC-27DEC19-20000-P,10049.86,0.0,0.004,5.0,1.7765,0.2,499.76,25.56226,-7.32107,-87.13469,5e-05,-0.7043
10387.85,BTC-27SEP19,1562065142436,open,1.01,0.0,0.884,1.0405,0.96221038,108.21,None,0.0,BTC-27SEP19-20000-P,10049.86,0.0,0.004,10.0,1.623,0.2,500.0,12.546,-7.81362,-44.4526,5e-05,-0.83569
10601.14,BTC-27DEC19,1562065142436,open,0.85,6.8,0.7415,0.886,0.81390567,100.95,0.741,0.0,BTC-27DEC19-18000-P,10049.86,0.0,0.004,5.0,1.593,0.2,499.61,27.26661,-7.7375,-75.88732,5e-05,-0.655
10387.85,BTC-27SEP19,1562065142437,open,1.78,0.0,1.5995,1.8155,1.70760705,112.26,None,0.0,BTC-27SEP19-28000-P,10049.86,0.0,0.0,0.0,0.0,0.0,0.0,6.20922,-4.01187,-65.40695,2e-05,-0.9378
10387.85,BTC-27SEP19,1562065142437,open,1.2,0.2,1.0595,1.2305,1.14490374,109.04,1.391,0.0,BTC-27SEP19-22000-P,10049.86,0.0,0.004,10.0,0.0,0.0,0.0,10.50139,-6.59035,-49.91221,4e-05,-0.87381
10089.69,SYN.BTC-12JUL19,1562065142436,open,0.32,10.2,0.2465,0.3495,0.29792471,116.73,0.1335,0.0,BTC-12JUL19-13000-P,10049.86,0.0,0.0,0.0,0.0,0.0,0.0,3.13096,-18.50461,-3.24159,0.0001,-0.8895
10601.14,BTC-27DEC19,1562065142438,open,3.66,0.0,3.3635,3.7265,3.5448494,113.24,None,0.0,BTC-27DEC19-48000-P,10049.86,0.0,0.0,0.0,0.0,0.0,0.0,9.36869,-2.98222,-231.44751,2e-05,-0.93513
10601.14,BTC-27DEC19,1562065142438,open,1.39,0.0,1.239,1.425,1.33203282,103.95,None,0.0,BTC-27DEC19-24000-P,10049.86,0.0,0.006,1.0,2.144,0.2,499.5,22.06403,-6.4468,-108.9754,4e-05,-0.77733
10062.46,SYN.BTC-5JUL19,1562065142434,open,0.0,473.1,0.0005,0.0405,0.00060753,130.07,0.0005,0.0,BTC-5JUL19-13000-C,10049.86,0.0,0.0,0.0,0.002,21.5,156.32,0.34513,-6.11323,0.01169,3e-05,0.01536
10144.16,SYN.BTC-26JUL19,1562065142436,open,1.02,0.0,0.895,1.0525,0.97373416,121.11,None,0.0,BTC-26JUL19-20000-P,10049.86,0.0,0.0,0.0,0.0,0.0,0.0,1.30079,-3.29911,-12.95859,2e-05,-0.97916
10601.14,BTC-27DEC19,1562065142439,open,0.06,273.6,0.0135,0.0975,0.05550909,97.32,0.0515,0.0,BTC-27DEC19-6000-P,10049.86,93.69,0.0505,15.5,0.0585,12.5,99.46,14.7606,-4.03814,-9.04143,3e-05,-0.1195
10144.16,SYN.BTC-26JUL19,1562065142435,open,0.03,227.1,0.0005,0.0665,0.02590454,107.27,0.025,0.0,BTC-26JUL19-8000-P,10049.86,100.79,0.022,3.0,0.0265,40.0,108.23,6.26082,-14.06406,-1.22031,9e-05,-0.158
10144.16,SYN.BTC-26JUL19,1562065142435,open,1.12,0.0,0.989,1.1545,1.07176739,123.31,None,0.0,BTC-26JUL19-21000-P,10049.86,0.0,0.0,0.0,0.0,0.0,0.0,1.02722,-2.6526,-13.64256,1e-05,-0.9842
10062.46,SYN.BTC-5JUL19,1562065142436,open,0.0,296.8,0.0005,0.045,0.00519053,116.92,0.008,0.0,BTC-5JUL19-11500-C,10049.86,109.29,0.004,34.5,0.0065,9.5,124.46,1.66237,-33.79418,0.08186,0.00018,0.10845
10144.16,SYN.BTC-26JUL19,1562065142437,open,0.06,335.5,0.014,0.098,0.0561119,107.25,0.0455,0.0,BTC-26JUL19-9000-P,10049.86,100.73,0.0505,3.0,0.0575,38.3,108.85,8.78121,-19.72282,-2.25137,0.00012,-0.28318
10144.16,SYN.BTC-26JUL19,1562065142438,open,0.14,202.6,0.085,0.175,0.13002765,107.85,0.138,0.0,BTC-26JUL19-10500-P,10049.86,101.95,0.124,3.0,0.132,3.0,109.79,10.34955,-23.37612,-4.14636,0.00014,-0.49484
10144.16,SYN.BTC-26JUL19,1562065142436,open,0.34,29.3,0.2635,0.368,0.31579082,111.78,0.22,0.0,BTC-26JUL19-13000-P,10049.86,0.0,0.101,0.1,0.0,0.0,0.0,7.9601,-18.63402,-7.17617,0.00011,-0.76568
10062.46,SYN.BTC-5JUL19,1562065142436,open,0.1,23.1,0.0725,0.152,0.11226815,114.86,0.127,0.0,BTC-5JUL19-9000-C,10049.86,86.93,0.108,6.0,0.116,6.0,133.52,1.84881,-36.92069,0.60389,0.0002,0.874
10144.16,SYN.BTC-26JUL19,1562065142435,open,0.01,295.1,0.0005,0.047,0.0072922,119.28,0.0045,0.0,BTC-26JUL19-17000-C,10049.86,114.91,0.006,24.0,0.0085,21.0,122.99,3.16244,-7.89952,0.36162,4e-05,0.06179
10144.16,SYN.BTC-26JUL19,1562065142438,open,0.01,309.2,0.0005,0.0555,0.01551337,115.69,0.01,0.0,BTC-26JUL19-15000-C,10049.86,112.67,0.014,30.0,0.017,21.0,118.53,5.19602,-12.58885,0.69464,7e-05,0.1202
10144.16,SYN.BTC-26JUL19,1562065142446,open,0.02,249.2,0.0005,0.0565,0.01606561,107.27,0.0125,0.0,BTC-26JUL19-7500-P,10049.86,99.39,0.0125,19.0,0.0155,2.0,106.07,4.81062,-10.80702,-0.82243,7e-05,-0.10788
10089.69,SYN.BTC-12JUL19,1562065142443,open,0.11,102.2,0.0515,0.139,0.09522301,109.33,0.083,0.0,BTC-12JUL19-10500-P,10049.86,98.98,0.0885,23.0,0.0985,18.0,114.37,6.56383,-36.33392,-1.76797,0.00022,-0.5524
10089.69,SYN.BTC-12JUL19,1562065142451,open,0.15,33.3,0.0845,0.174,0.12931196,110.77,0.114,0.0,BTC-12JUL19-11000-P,10049.86,98.61,0.122,23.0,0.1325,23.0,115.97,6.15279,-34.5052,-2.12513,0.0002,-0.64914
10601.14,BTC-27DEC19,1562065142457,open,1.57,0.0,1.4105,1.611,1.51089082,104.87,None,0.0,BTC-27DEC19-26000-P,10049.86,0.0,0.004,10.0,2.329,0.2,500.0,20.40704,-6.01553,-119.64249,4e-05,-0.80495
10387.85,BTC-27SEP19,1562065142458,open,0.19,192.1,0.126,0.2195,0.17260658,100.86,0.17,0.0,BTC-27SEP19-10000-P,10049.86,98.64,0.1685,26.8,0.179,3.0,104.33,19.18812,-11.13853,-13.49514,7e-05,-0.37321
10601.14,BTC-27DEC19,1562065142466,open,0.24,404.8,0.213,0.2925,0.25250554,97.33,0.235,0.0,BTC-27DEC19-11000-C,10049.86,94.52,0.245,5.0,0.2585,5.0,99.57,28.34605,-7.75498,18.58867,5e-05,0.61231
10062.46,SYN.BTC-5JUL19,1562065142467,open,0.13,520.0,0.0605,0.148,0.10424679,114.28,0.1,0.0,BTC-5JUL19-11000-P,10049.86,96.14,0.1,11.0,0.106,3.0,121.1,2.53013,-50.27349,-0.71372,0.00028,-0.79603
10389.26,BTC-27SEP19,1562065142476,open,0.25,91.8,0.1845,0.283,0.23367431,102.37,0.255,0.0,BTC-27SEP19-11000-P,10049.86,98.65,0.2265,16.4,0.241,16.4,106.17,20.03644,-11.80463,-16.81137,8e-05,-0.44618
10089.69,SYN.BTC-12JUL19,1562065142477,open,0.11,102.2,0.0515,0.139,0.09522301,109.33,0.083,0.0,BTC-12JUL19-10500-P,10049.86,98.98,0.0885,23.0,0.0985,23.0,114.37,6.56383,-36.33392,-1.76797,0.00022,-0.5524
10062.46,SYN.BTC-5JUL19,1562065142509,open,0.19,0.0,0.166,0.2455,0.20599929,132.9,None,0.0,BTC-5JUL19-8000-C,10049.86,0.0,0.03,1.0,0.0,0.0,0.0,0.47893,-11.06661,0.61158,5e-05,0.97743
10089.69,SYN.BTC-12JUL19,1562065142518,open,0.01,88.0,0.0005,0.0495,0.00970084,117.44,0.007,0.0,BTC-12JUL19-13000-C,10049.86,110.01,0.0075,36.0,0.012,16.0,124.43,3.16359,-18.8104,0.27959,0.0001,0.11212
10144.16,SYN.BTC-26JUL19,1562065142548,open,0.02,73.6,0.0005,0.0585,0.01881746,114.68,0.0135,0.0,BTC-26JUL19-14500-C,10049.86,111.45,0.017,30.0,0.0205,5.0,117.55,5.83027,-14.00153,0.81733,8e-05,0.14199
279.3,SYN.ETH-5JUL19,1562065142627,open,0.0,568.0,0.001,0.041,0.001196,129.36,0.003,0.0,ETH-5JUL19-350-C,278.95,0.0,0.0,0.0,0.003,150.0,152.53,0.01603,-0.33401,0.00059,0.00202,0.02821
279.3,SYN.ETH-5JUL19,1562065142668,open,0.04,76.0,0.001,0.078,0.038645,112.54,0.041,0.0,ETH-5JUL19-280-C,278.95,96.6,0.033,255.0,0.044,105.0,127.67,0.09887,-1.93472,0.01037,0.01429,0.50993
10601.14,BTC-27DEC19,1562065142830,open,3.28,0.0,3.0045,3.3375,3.17099316,112.12,None,0.0,BTC-27DEC19-44000-P,10049.86,0.0,0.0,0.0,0.0,0.0,0.0,10.66546,-3.36135,-211.51735,2e-05,-0.92321
10062.46,SYN.BTC-5JUL19,1562065142905,open,0.22,88.8,0.1475,0.2425,0.19490857,117.74,0.1925,0.0,BTC-5JUL19-12000-P,10049.86,0.0,0.191,6.0,0.1995,6.0,153.95,0.93966,-19.23663,-0.90651,0.0001,-0.94874
10601.14,BTC-27DEC19,1562065142916,open,0.69,3.9,0.586,0.718,0.65193658,100.1,0.641,0.0,BTC-27DEC19-16000-P,10049.86,96.97,0.6435,3.6,0.6645,3.6,104.72,28.68791,-8.07185,-64.4053,5e-05,-0.59472
10089.69,SYN.BTC-12JUL19,1562065142919,open,0.11,102.2,0.052,0.139,0.09533565,109.33,0.083,0.0,BTC-12JUL19-10500-P,10049.86,98.98,0.0885,23.0,0.0985,5.0,114.37,6.56383,-36.33392,-1.76797,0.00022,-0.5524
10142.71,SYN.BTC-26JUL19,1562065142930,open,0.72,0.0,0.616,0.75,0.68312414,118.5,None,0.0,BTC-26JUL19-17000-P,10049.86,0.0,0.0,0.0,0.0,0.0,0.0,3.10076,-7.69468,-10.76709,4e-05,-0.93974
10389.26,BTC-27SEP19,1562065142928,open,0.4,27.1,0.3165,0.426,0.37128961,103.46,0.39,0.0,BTC-27SEP19-13000-P,10049.86,99.2,0.363,14.4,0.379,14.4,107.57,19.85244,-11.82143,-23.42137,7e-05,-0.57603
10601.14,BTC-27DEC19,1562065142939,open,0.03,127.4,0.0005,0.0715,0.03049896,97.37,0.024,0.0,BTC-27DEC19-5000-P,10049.86,93.72,0.027,10.0,0.0335,13.0,100.38,10.38582,-2.8425,-5.40676,2e-05,-0.07416
10387.7,BTC-27SEP19,1562065142954,open,1.2,0.2,1.06,1.231,1.14551573,109.61,1.391,0.0,BTC-27SEP19-22000-P,10049.86,0.0,0.004,10.0,0.0,0.0,0.0,10.6066,-6.69139,-49.88155,4e-05,-0.87199
10601.14,BTC-27DEC19,1562065142954,open,4.05,0.0,3.723,4.116,3.91969819,114.56,None,0.0,BTC-27DEC19-52000-P,10049.86,0.0,0.0,0.0,0.0,0.0,0.0,8.35855,-2.69163,-251.26777,1e-05,-0.94393
10142.71,SYN.BTC-26JUL19,1562065142980,open,0.82,0.0,0.7085,0.8505,0.77939991,119.45,None,0.0,BTC-26JUL19-18000-P,10049.86,0.0,0.0,0.0,0.0,0.0,0.0,2.33839,-5.8497,-11.52513,3e-05,-0.95772
10387.7,BTC-27SEP19,1562065142989,open,0.25,375.9,0.2175,0.297,0.2572917,101.84,0.25,0.0,BTC-27SEP19-9000-C,10049.86,98.7,0.252,5.0,0.2635,5.0,105.53,17.50269,-10.25911,11.05395,7e-05,0.70438
10389.26,BTC-27SEP19,1562065143002,open,0.25,91.8,0.1845,0.283,0.23367603,102.37,0.255,0.0,BTC-27SEP19-11000-P,10049.86,98.91,0.227,14.4,0.241,16.4,106.17,20.03644,-11.80463,-16.81137,8e-05,-0.44618
10601.14,BTC-27DEC19,1562065143014,open,0.19,220.8,0.1305,0.224,0.17718198,97.31,0.176,0.0,BTC-27DEC19-9000-P,10049.86,94.29,0.17,3.0,0.1805,3.0,98.75,24.94315,-6.82311,-23.65321,5e-05,-0.28072
10144.16,SYN.BTC-26JUL19,1562065143016,open,0.09,242.1,0.034,0.1195,0.07692005,107.24,0.071,0.0,BTC-26JUL19-9500-P,10049.86,101.08,0.071,3.0,0.0785,6.0,108.97,9.64281,-21.65593,-2.85454,0.00013,-0.35333
296.05,ETH-27DEC19,1562065143032,open,0.06,11.0,0.017,0.096,0.056047,103.08,0.055,0.0,ETH-27DEC19-720-C,278.92,95.84,0.043,146.0,0.068,146.0,109.14,0.56213,-0.16288,0.19429,0.00128,0.19072
289.52,ETH-27SEP19,1562065143032,open,0.01,1128.0,0.001,0.051,0.011464,108.88,0.015,0.0,ETH-27SEP19-760-C,278.92,102.32,0.008,250.0,0.014,200.0,112.98,0.16921,-0.10604,0.03374,0.00078,0.06043
296.05,ETH-27DEC19,1562065143033,open,0.62,0.0,0.573,0.652,0.612532,97.46,None,0.0,ETH-27DEC19-120-C,278.92,0.0,0.0,0.0,0.0,0.0,0.0,0.20531,-0.05624,0.49019,0.00049,0.95229
296.02,ETH-27DEC19,1562065143033,open,1.38,0.0,1.266,1.454,1.360186,102.54,None,0.0,ETH-27DEC19-680-P,278.92,0.0,0.0,0.0,0.0,0.0,0.0,0.59677,-0.17201,-3.10081,0.00136,-0.78928
296.02,ETH-27DEC19,1562065143034,open,0.11,0.0,0.073,0.152,0.112715,102.67,None,0.0,ETH-27DEC19-520-C,278.92,97.61,0.1,135.0,0.123,135.0,106.68,0.75236,-0.21714,0.31987,0.00172,0.33444
289.52,ETH-27SEP19,1562065143033,open,0.79,0.0,0.754,0.833,0.793058,120.61,0.01,0.0,ETH-27SEP19-60-C,278.92,0.0,0.004,5.0,0.0,0.0,0.0,0.00687,-0.00477,0.14157,3e-05,0.99851
279.3,SYN.ETH-5JUL19,1562065143033,open,0.59,0.0,0.512,0.637,0.574974,0.0,None,0.0,ETH-5JUL19-440-P,278.92,0.0,0.0,0.0,0.0,0.0,0.0,0.0,0.0,-0.03467,0.0,-1.0
281.85,SYN.ETH-26JUL19,1562065143032,open,0.72,0.0,0.638,0.774,0.706016,104.54,None,0.0,ETH-26JUL19-480-P,278.92,0.0,0.0,0.0,0.0,0.0,0.0,0.05124,-0.11218,-0.30871,0.00094,-0.96838
280.15,SYN.ETH-12JUL19,1562065143033,open,0.01,4.0,0.001,0.053,0.013694,108.07,0.025,0.0,ETH-12JUL19-340-C,278.92,98.23,0.01,146.0,0.015,200.0,111.3,0.11148,-0.60997,0.01098,0.00486,0.15859
289.49,ETH-27SEP19,1562065143034,open,0.85,12.0,0.763,0.909,0.835861,102.93,1.193,0.0,ETH-27SEP19-520-P,278.92,0.0,0.0,0.0,0.0,0.0,0.0,0.37063,-0.21956,-1.14092,0.00181,-0.81997
289.49,ETH-27SEP19,1562065143034,open,0.65,0.0,0.617,0.696,0.656672,105.57,None,0.0,ETH-27SEP19-100-C,278.92,0.0,0.004,5.0,0.0,0.0,0.0,0.03808,-0.02314,0.22958,0.00018,0.98986
289.49,ETH-27SEP19,1562065143034,open,0.05,4121.0,0.008,0.091,0.049508,98.25,0.055,0.0,ETH-27SEP19-200-P,278.92,95.22,0.046,137.0,0.052,141.0,100.37,0.33792,-0.19108,-0.14158,0.00172,-0.15597
296.02,ETH-27DEC19,1562065143034,open,1.51,0.0,1.389,1.587,1.488037,102.94,None,0.0,ETH-27DEC19-720-P,278.92,0.0,0.0,0.0,0.0,0.0,0.0,0.56094,-0.16231,-3.31501,0.00128,-0.80991
279.3,SYN.ETH-5JUL19,1562065143033,open,0.34,105.0,0.272,0.377,0.324734,0.0,0.13,0.0,ETH-5JUL19-370-P,278.92,0.0,0.0,0.0,0.0,0.0,0.0,0.0,0.0,-0.02915,0.0,-1.0
289.49,ETH-27SEP19,1562065143035,open,0.08,2761.0,0.03,0.115,0.072481,98.2,0.079,0.0,ETH-27SEP19-220-P,278.92,95.7,0.069,127.0,0.076,140.0,100.7,0.40504,-0.22891,-0.19343,0.00207,-0.20825
289.49,ETH-27SEP19,1562065143035,open,0.59,47.0,0.551,0.63,0.590913,104.34,0.689,0.0,ETH-27SEP19-120-C,278.92,0.0,0.0,0.0,0.0,0.0,0.0,0.07864,-0.04723,0.26561,0.00038,0.9764
279.3,SYN.ETH-5JUL19,1562065143033,open,0.24,0.0,0.209,0.288,0.248526,140.26,None,0.0,ETH-5JUL19-210-C,278.92,0.0,0.005,2.0,0.0,0.0,0.0,0.00621,-0.15144,0.01633,0.00072,0.99069
289.49,ETH-27SEP19,1562065143035,open,0.1,1648.0,0.06,0.139,0.099254,99.93,0.106,0.0,ETH-27SEP19-380-C,278.92,97.09,0.094,128.0,0.104,110.0,102.49,0.5363,-0.30845,0.19115,0.00269,0.37667
279.3,SYN.ETH-5JUL19,1562065143032,open,0.27,0.0,0.204,0.304,0.254015,123.36,None,0.0,ETH-5JUL19-350-P,278.92,0.0,0.0,0.0,0.0,0.0,0.0,0.01322,-0.28363,-0.0271,0.00174,-0.97757
279.3,SYN.ETH-5JUL19,1562065143032,open,0.0,1448.0,0.001,0.04,7.6e-05,130.09,0.003,0.0,ETH-5JUL19-390-C,278.92,0.0,0.0,0.0,0.002,150.0,193.58,0.00178,-0.02123,5e-05,0.00022,0.0023
289.49,ETH-27SEP19,1562065143036,open,0.52,191.0,0.487,0.566,0.526128,99.44,0.5,0.0,ETH-27SEP19-140-C,278.92,0.0,0.01,50.0,0.0,0.0,0.0,0.124,-0.07097,0.29831,0.00063,0.95907
279.3,SYN.ETH-5JUL19,1562065143033,open,0.01,641.0,0.001,0.046,0.006465,113.12,0.003,0.0,ETH-5JUL19-250-P,278.92,91.17,0.003,250.0,0.006,5.0,110.53,0.05082,-0.99959,-0.00288,0.00731,-0.12426
279.3,SYN.ETH-5JUL19,1562065143033,open,0.52,0.0,0.444,0.563,0.50339,0.0,None,0.0,ETH-5JUL19-420-P,278.92,0.0,0.0,0.0,0.0,0.0,0.0,0.0,0.0,-0.03309,0.0,-1.0
279.3,SYN.ETH-5JUL19,1562065143033,open,0.16,156.0,0.105,0.196,0.150536,116.15,0.06,0.0,ETH-5JUL19-320-P,278.92,0.0,0.14,50.0,0.154,50.0,135.42,0.04427,-0.89392,-0.02306,0.0062,-0.8976
281.85,SYN.ETH-26JUL19,1562065143034,open,0.0,562.0,0.001,0.042,0.002014,112.73,0.004,0.0,ETH-26JUL19-160-P,278.92,0.0,0.0,0.0,0.004,350.0,127.09,0.03117,-0.07358,-0.0036,0.00053,-0.01751
279.3,SYN.ETH-5JUL19,1562065143033,open,0.0,261.0,0.001,0.04,0.000325,130.1,0.004,0.0,ETH-5JUL19-370-C,278.92,0.0,0.0,0.0,0.002,150.0,168.52,0.00586,-0.09065,0.00018,0.00073,0.00872
280.15,SYN.ETH-12JUL19,1562065143034,open,0.44,0.0,0.373,0.487,0.429852,110.54,None,0.0,ETH-12JUL19-400-P,278.92,0.0,0.0,0.0,0.0,0.0,0.0,0.03213,-0.17985,-0.10604,0.00137,-0.9691
279.3,SYN.ETH-5JUL19,1562065143033,open,0.0,215.0,0.001,0.04,1.6e-05,130.08,0.005,0.0,ETH-5JUL19-410-C,278.92,0.0,0.0,0.0,0.002,150.0,216.8,0.00048,-0.00452,1e-05,6e-05,0.00054
279.3,SYN.ETH-5JUL19,1562065143033,open,0.3,0.0,0.238,0.34,0.289258,118.91,None,0.0,ETH-5JUL19-360-P,278.92,0.0,0.0,0.0,0.0,0.0,0.0,0.00622,-0.12863,-0.02816,0.00085,-0.99067
279.3,SYN.ETH-5JUL19,1562065143033,open,0.55,0.0,0.478,0.6,0.539181,0.0,None,0.0,ETH-5JUL19-430-P,278.92,0.0,0.0,0.0,0.0,0.0,0.0,0.0,0.0,-0.03388,0.0,-1.0
281.85,SYN.ETH-26JUL19,1562065143034,open,0.0,1081.0,0.001,0.041,0.001904,130.01,0.002,0.0,ETH-26JUL19-600-C,278.92,120.0,0.001,2.0,0.006,150.0,154.14,0.03131,-0.08524,0.00289,0.00046,0.0176
280.15,SYN.ETH-12JUL19,1562065143033,open,0.51,0.0,0.441,0.56,0.500313,112.27,None,0.0,ETH-12JUL19-420-P,278.92,0.0,0.0,0.0,0.0,0.0,0.0,0.02025,-0.11511,-0.11237,0.00085,-0.98215
10089.69,SYN.BTC-12JUL19,1562065143029,open,0.07,23.4,0.0355,0.115,0.07526658,108.55,0.081,0.0,BTC-12JUL19-10000-C,10049.86,101.85,0.071,18.0,0.0805,18.0,116.47,6.55711,-36.03542,1.31046,0.00022,0.55539
279.3,SYN.ETH-5JUL19,1562065143033,open,0.01,308.0,0.001,0.048,0.008851,116.18,0.019,0.0,ETH-5JUL19-310-C,278.92,97.17,0.005,348.0,0.012,148.0,129.54,0.0624,-1.26053,0.00352,0.00874,0.1686
279.3,SYN.ETH-5JUL19,1562065143034,open,0.44,0.0,0.375,0.489,0.431829,0.0,None,0.0,ETH-5JUL19-400-P,278.92,0.0,0.0,0.0,0.0,0.0,0.0,0.0,0.0,-0.03151,0.0,-1.0
10387.7,BTC-27SEP19,1562065143038,open,1.58,0.0,1.419,1.62,1.51928288,112.2,None,0.0,BTC-27SEP19-26000-P,10049.86,0.0,0.0,0.0,0.0,0.0,0.0,7.56303,-4.88396,-60.29964,3e-05,-0.91959
279.3,SYN.ETH-5JUL19,1562065143034,open,0.37,0.0,0.306,0.414,0.360363,0.0,None,0.0,ETH-5JUL19-380-P,278.92,0.0,0.0,0.0,0.0,0.0,0.0,0.0,0.0,-0.02994,0.0,-1.0
281.85,SYN.ETH-26JUL19,1562065143034,open,0.02,1151.0,0.001,0.061,0.021095,105.55,0.023,0.0,ETH-26JUL19-380-C,278.92,98.85,0.017,145.0,0.023,160.0,108.49,0.17935,-0.39643,0.02664,0.00327,0.16557
279.3,SYN.ETH-5JUL19,1562065143033,open,0.66,0.0,0.581,0.712,0.646563,0.0,None,0.0,ETH-5JUL19-460-P,278.92,0.0,0.0,0.0,0.0,0.0,0.0,0.0,0.0,-0.03624,0.0,-1.0
279.3,SYN.ETH-5JUL19,1562065143033,open,0.0,926.0,0.001,0.04,3.5e-05,130.08,0.001,0.0,ETH-5JUL19-400-C,278.92,0.0,0.0,0.0,0.002,150.0,205.4,0.00094,-0.0099,2e-05,0.00012,0.00113
280.15,SYN.ETH-12JUL19,1562065143035,open,0.59,0.0,0.509,0.634,0.571697,122.86,None,0.0,ETH-12JUL19-440-P,278.92,0.0,0.0,0.0,0.0,0.0,0.0,0.01891,-0.11761,-0.11789,0.00072,-0.98353
279.3,SYN.ETH-5JUL19,1562065143034,open,0.48,0.0,0.409,0.526,0.467605,0.0,None,0.0,ETH-5JUL19-410-P,278.92,0.0,0.0,0.0,0.0,0.0,0.0,0.0,0.0,-0.0323,0.0,-1.0
279.3,SYN.ETH-5JUL19,1562065143033,open,0.41,0.0,0.341,0.451,0.396075,0.0,None,0.0,ETH-5JUL19-390-P,278.92,0.0,0.0,0.0,0.0,0.0,0.0,0.0,0.0,-0.03073,0.0,-1.0
281.85,SYN.ETH-26JUL19,1562065143036,open,0.36,0.0,0.326,0.405,0.365465,104.49,None,0.0,ETH-26JUL19-180-C,278.92,0.0,0.0,0.0,0.0,0.0,0.0,0.05573,-0.12194,0.11053,0.00103,0.96498
10601.14,BTC-27DEC19,1562065143051,open,0.53,8.3,0.4385,0.558,0.49840105,99.08,0.38,0.0,BTC-27DEC19-14000-P,10049.86,96.18,0.49,3.6,0.509,3.6,103.01,29.47737,-8.21008,-52.72111,5e-05,-0.52241
10601.14,BTC-27DEC19,1562065143055,open,0.6,0.4,0.511,0.636,0.57352085,99.5,0.5045,0.0,BTC-27DEC19-15000-P,10049.86,96.58,0.5655,3.6,0.5855,3.6,103.84,29.18317,-8.16239,-58.58936,5e-05,-0.56056
10144.16,SYN.BTC-26JUL19,1562065143058,open,0.26,232.7,0.1865,0.285,0.23561577,111.02,0.25,0.0,BTC-26JUL19-12000-P,10049.86,100.58,0.226,14.4,0.237,14.4,112.69,9.35488,-21.74951,-6.03179,0.00013,-0.67355
10144.16,SYN.BTC-26JUL19,1562065143066,open,0.13,43.0,0.1005,0.18,0.14042048,107.41,0.1825,0.0,BTC-26JUL19-9500-C,10049.86,105.29,0.1385,5.0,0.1455,14.4,112.65,9.64338,-21.69106,3.35824,0.00013,0.64661
10062.46,SYN.BTC-5JUL19,1562065143073,open,0.22,88.8,0.1475,0.2425,0.19490857,117.74,0.1925,0.0,BTC-5JUL19-12000-P,10049.86,0.0,0.191,6.0,0.2,6.0,156.88,0.93966,-19.23663,-0.90651,0.0001,-0.94874
10144.16,SYN.BTC-26JUL19,1562065143085,open,0.18,151.7,0.1165,0.209,0.16278585,109.14,0.17,0.0,BTC-26JUL19-11000-P,10049.86,101.02,0.1545,3.0,0.164,3.0,110.46,10.23367,-23.38904,-4.79437,0.00014,-0.55986
10062.46,SYN.BTC-5JUL19,1562065143093,open,0.02,204.7,0.0005,0.063,0.02337309,115.06,0.0235,0.0,BTC-5JUL19-10500-C,10049.86,107.68,0.021,53.0,0.026,0.1,122.78,3.33273,-66.67421,0.26468,0.00036,0.3573
10062.46,SYN.BTC-5JUL19,1562065143100,open,0.1,23.1,0.0725,0.152,0.11213725,114.86,0.127,0.0,BTC-5JUL19-9000-C,10049.86,86.93,0.108,6.0,0.1155,6.0,131.17,1.84881,-36.92069,0.60389,0.0002,0.874
10089.69,SYN.BTC-12JUL19,1562065143104,open,0.01,117.1,0.0005,0.053,0.01313129,114.08,0.013,0.0,BTC-12JUL19-12500-C,10049.86,109.6,0.0115,6.0,0.015,0.1,118.82,3.82414,-22.0869,0.36641,0.00012,0.14737
10089.69,SYN.BTC-12JUL19,1562065143261,open,0.11,102.2,0.052,0.139,0.09533565,109.33,0.083,0.0,BTC-12JUL19-10500-P,10049.86,98.98,0.0885,23.0,0.099,18.0,115.13,6.56383,-36.33392,-1.76797,0.00022,-0.5524
10144.16,SYN.BTC-26JUL19,1562065143387,open,0.09,242.1,0.034,0.1195,0.07692005,107.24,0.071,0.0,BTC-26JUL19-9500-P,10049.86,101.08,0.071,3.0,0.079,22.3,109.5,9.64281,-21.65593,-2.85454,0.00013,-0.35333
289.49,ETH-27SEP19,1562065143397,open,1.25,0.0,1.142,1.319,1.230384,105.14,None,0.0,ETH-27SEP19-640-P,278.92,0.0,0.0,0.0,0.0,0.0,0.0,0.2451,-0.14831,-1.46895,0.00117,-0.90152
10144.16,SYN.BTC-26JUL19,1562065143397,open,0.09,242.1,0.034,0.1195,0.07692005,107.24,0.071,0.0,BTC-26JUL19-9500-P,10049.86,101.08,0.071,3.0,0.0785,10.0,108.97,9.64281,-21.65593,-2.85454,0.00013,-0.35333
10088.26,SYN.BTC-12JUL19,1562065143407,open,0.01,117.1,0.0005,0.053,0.01313129,114.07,0.013,0.0,BTC-12JUL19-12500-C,10049.86,108.24,0.011,24.0,0.015,0.1,118.88,3.82022,-22.0626,0.36588,0.00012,0.14718
10601.1,BTC-27DEC19,1562065143438,open,0.02,145.1,0.0005,0.0545,0.01428984,98.5,0.018,0.0,BTC-27DEC19-4000-P,10049.24,94.46,0.012,13.0,0.0165,3.0,102.12,6.25992,-1.73322,-2.75807,1e-05,-0.0391
10601.1,BTC-27DEC19,1562065143439,open,0.51,60.5,0.4835,0.563,0.52315924,97.34,0.567,0.0,BTC-27DEC19-5500-C,10049.24,0.0,0.0055,0.1,0.9745,5.0,500.0,12.59276,-3.44573,19.68172,2e-05,0.90413
10601.1,BTC-27DEC19,1562065143439,open,0.02,95.2,0.0005,0.062,0.02131311,97.69,0.036,0.0,BTC-27DEC19-4500-P,10049.24,93.97,0.0185,10.0,0.024,13.0,101.07,8.24232,-2.26342,-3.94682,2e-05,-0.05508
10601.1,BTC-27DEC19,1562065143439,open,0.59,6.5,0.557,0.6365,0.59688691,97.77,0.54,0.0,BTC-27DEC19-4500-C,10049.24,0.0,0.0115,0.1,0.977,1.0,500.0,8.25152,-2.26767,17.97604,2e-05,0.94484
10601.1,BTC-27DEC19,1562065143439,open,0.22,153.9,0.1855,0.265,0.22509673,98.45,0.2365,0.0,BTC-27DEC19-12000-C,10049.24,95.32,0.2165,5.0,0.2295,5.0,100.05,29.13292,-8.06203,17.55243,5e-05,0.56485
10601.1,BTC-27DEC19,1562065143439,open,0.0,88.9,0.0005,0.0415,0.00150477,108.46,0.003,0.0,BTC-27DEC19-2000-P,10049.24,0.0,0.0,0.0,0.003,13.0,120.29,1.05485,-0.32159,-0.33193,0.0,-0.00492
10601.1,BTC-27DEC19,1562065143439,open,0.86,0.0,0.82,0.8995,0.85977818,124.37,None,0.0,BTC-27DEC19-1500-C,10049.24,0.0,0.0185,10.0,0.988,0.5,500.0,0.79999,-0.27968,7.05762,0.0,0.99639
10387.7,BTC-27SEP19,1562065143439,open,0.05,245.2,0.012,0.0915,0.05186298,107.91,0.0495,0.0,BTC-27SEP19-18000-C,10049.24,106.6,0.05,1.0,0.054,18.9,109.39,14.90265,-9.25516,4.09246,5e-05,0.21739
10601.1,BTC-27DEC19,1562065143439,open,2.14,0.3,1.9355,2.18,2.05780875,107.86,2.435,0.0,BTC-27DEC19-32000-P,10049.24,0.0,0.0,0.0,0.0,0.0,0.0,16.28726,-4.93829,-150.85975,3e-05,-0.8623
10387.7,BTC-27SEP19,1562065143439,open,0.82,1.0,0.7135,0.8555,0.78442141,107.73,1.5815,0.0,BTC-27SEP19-18000-P,10049.24,0.0,0.004,0.3,1.444,0.3,499.86,14.877,-9.22368,-38.75992,5e-05,-0.78326
10387.7,BTC-27SEP19,1562065143439,open,1.97,0.0,1.783,2.0145,1.89869804,115.34,None,0.0,BTC-27SEP19-30000-P,10049.24,0.0,0.0,0.0,0.0,0.0,0.0,5.59115,-3.71164,-70.32272,2e-05,-0.94557
10387.7,BTC-27SEP19,1562065143440,open,0.01,412.0,0.0005,0.0455,0.00552061,112.56,0.005,0.0,BTC-27SEP19-4000-P,10049.24,103.66,0.0035,15.0,0.0075,15.0,119.62,2.66896,-1.72904,-0.68263,1e-05,-0.02209
10601.1,BTC-27DEC19,1562065143440,open,0.0,184.7,0.0005,0.043,0.00301139,104.51,0.003,0.0,BTC-27DEC19-2500-P,10049.24,98.1,0.002,10.0,0.004,3.0,109.59,1.88877,-0.55488,-0.6472,0.0,-0.00952
10601.1,BTC-27DEC19,1562065143441,open,0.42,54.5,0.3885,0.468,0.42840354,97.34,0.481,0.0,BTC-27DEC19-7000-C,10049.24,0.0,0.2155,0.1,0.45,0.1,109.37,18.79196,-5.14199,20.70004,4e-05,0.82908
10601.1,BTC-27DEC19,1562065143441,open,0.01,101.8,0.0005,0.0495,0.00928147,100.23,0.0105,0.0,BTC-27DEC19-3500-P,10049.24,95.85,0.0075,10.0,0.011,13.0,104.06,4.55278,-1.28275,-1.85266,1e-05,-0.02658
10601.1,BTC-27DEC19,1562065143441,open,3.66,0.0,3.364,3.727,3.54552123,113.97,None,0.0,BTC-27DEC19-48000-P,10049.24,0.0,0.0,0.0,0.0,0.0,0.0,9.58059,-3.06941,-231.38322,2e-05,-0.93323
10601.1,BTC-27DEC19,1562065143441,open,2.9,0.0,2.6465,2.95,2.79837565,111.02,None,0.0,BTC-27DEC19-40000-P,10049.24,0.0,0.0005,3.0,0.0,0.0,0.0,12.25808,-3.82538,-191.4578,2e-05,-0.90756
10387.7,BTC-27SEP19,1562065143440,open,0.61,229.9,0.581,0.6605,0.62050763,112.79,0.673,0.0,BTC-27SEP19-4000-C,10049.24,80.09,0.6155,1.3,0.736,5.0,299.33,2.68463,-1.74265,8.83276,1e-05,0.97776
10387.7,BTC-27SEP19,1562065143441,open,0.75,55.9,0.7205,0.8,0.76037092,126.47,0.689,0.0,BTC-27SEP19-2500-C,10049.24,0.0,0.004,10.0,0.9355,5.0,500.0,0.65864,-0.47942,5.81499,0.0,0.99556
10387.7,BTC-27SEP19,1562065143441,open,0.66,261.1,0.6265,0.706,0.6660821,114.18,0.714,0.0,BTC-27SEP19-3500-C,10049.24,0.0,0.161,1.0,0.7595,10.0,299.4,1.67687,-1.10195,7.93878,1e-05,0.98717
10601.1,BTC-27DEC19,1562065143442,open,0.01,153.1,0.0005,0.055,0.01521198,115.37,0.0165,0.0,BTC-27DEC19-52000-C,10049.24,113.18,0.0135,11.0,0.017,10.0,117.5,8.58301,-2.78344,2.20994,1e-05,0.05799
10387.7,BTC-27SEP19,1562065143441,open,0.0,122.0,0.0005,0.044,0.00401537,112.76,0.002,0.0,BTC-27SEP19-3750-P,10049.24,100.68,0.002,15.0,0.006,15.0,121.43,2.10463,-1.36582,-0.51225,1e-05,-0.0167
10601.1,BTC-27DEC19,1562065143441,open,0.08,53.4,0.0405,0.12,0.0802511,102.92,0.0835,0.0,BTC-27DEC19-22000-C,10049.24,101.01,0.076,14.6,0.0845,9.6,104.8,23.79413,-6.88382,9.0601,4e-05,0.25562
10601.1,BTC-27DEC19,1562065143442,open,0.0,118.2,0.0005,0.041,0.00125422,124.12,0.0015,0.0,BTC-27DEC19-1500-P,10049.24,110.75,0.0005,10.0,0.002,13.0,132.62,0.79218,-0.27639,-0.24934,0.0,-0.00357
10387.7,BTC-27SEP19,1562065143441,open,0.8,28.2,0.768,0.8475,0.8078609,130.1,0.755,0.0,BTC-27SEP19-2000-C,10049.24,0.0,0.004,5.0,0.944,5.0,500.0,0.29049,-0.21751,4.70626,0.0,0.99821
10387.7,BTC-27SEP19,1562065143441,open,0.57,289.7,0.536,0.6155,0.57558854,109.97,0.588,0.0,BTC-27SEP19-4500-C,10049.24,0.0,0.001,70.0,0.714,5.0,299.1,3.80608,-2.40883,9.65739,1e-05,0.96619
10601.1,BTC-27DEC19,1562065143442,open,0.55,62.9,0.519,0.5985,0.55890037,97.42,0.598,0.0,BTC-27DEC19-5000-C,10049.24,0.0,0.0045,0.1,0.583,0.5,119.65,10.39191,-2.84566,18.95422,2e-05,0.92579
10601.1,BTC-27DEC19,1562065143442,open,0.32,139.7,0.2885,0.368,0.32821668,97.34,0.319,0.0,BTC-27DEC19-9000-C,10049.24,93.85,0.32,5.0,0.3315,5.0,98.74,24.94272,-6.82498,20.20351,5e-05,0.71928
10601.1,BTC-27DEC19,1562065143442,open,1.21,0.0,1.0695,1.2415,1.15547628,102.91,None,0.0,BTC-27DEC19-22000-P,10049.24,0.0,0.006,2.0,1.96,0.3,499.49,23.79123,-6.88205,-98.15412,4e-05,-0.74444
10601.1,BTC-27DEC19,1562065143442,open,0.14,147.7,0.0845,0.1745,0.1294966,97.34,0.126,0.0,BTC-27DEC19-8000-P,10049.24,94.0,0.1225,7.9,0.1315,3.0,98.3,22.21807,-6.07937,-18.33538,4e-05,-0.22541
10387.7,BTC-27SEP19,1562065143442,open,0.52,793.2,0.491,0.5705,0.53072204,105.16,0.5945,0.0,BTC-27SEP19-5000-C,10049.24,0.0,0.051,1.0,0.694,5.0,299.52,4.91625,-2.97558,10.45746,2e-05,0.95368
10387.7,BTC-27SEP19,1562065143442,open,2.17,0.0,1.9655,2.212,2.08863869,115.19,None,0.0,BTC-27SEP19-32000-P,10049.24,0.0,0.0,0.0,0.0,0.0,0.0,4.59679,-3.04737,-75.31105,2e-05,-0.95739
10601.1,BTC-27DEC19,1562065143442,open,0.76,0.0,0.7275,0.807,0.76718769,104.52,None,0.0,BTC-27DEC19-2500-C,10049.24,0.0,0.014,3.0,0.9835,0.5,500.0,1.88911,-0.55501,11.53592,0.0,0.99048
10088.26,SYN.BTC-12JUL19,1562065143438,open,0.02,244.7,0.0005,0.055,0.01467164,108.46,0.01,0.0,BTC-12JUL19-8500-P,10049.24,101.16,0.012,46.0,0.017,36.0,114.46,3.81695,-20.9593,-0.44126,0.00013,-0.14699
10387.7,BTC-27SEP19,1562065143442,open,0.36,762.7,0.3355,0.415,0.37508267,102.14,0.3795,0.0,BTC-27SEP19-7000-C,10049.24,64.55,0.339,5.0,0.4175,5.0,137.13,11.75684,-6.91109,11.76985,4e-05,0.85113
10387.7,BTC-27SEP19,1562065143442,open,0.01,51.0,0.0005,0.0485,0.00852994,116.2,0.0085,0.0,BTC-27SEP19-32000-C,10049.24,112.65,0.007,29.0,0.01,19.5,119.26,4.7568,-3.18128,0.88824,2e-05,0.04446
10142.71,SYN.BTC-26JUL19,1562065143439,open,0.92,0.0,0.8015,0.9515,0.87648303,120.51,None,0.0,BTC-26JUL19-19000-P,10049.24,0.0,0.0,0.0,0.0,0.0,0.0,1.75973,-4.44103,-12.25147,2e-05,-0.97011
10142.71,SYN.BTC-26JUL19,1562065143439,open,0.3,39.4,0.224,0.3255,0.27491397,111.47,0.2435,0.0,BTC-26JUL19-12500-P,10049.24,0.0,0.095,0.1,0.0,0.0,0.0,8.69355,-20.29458,-6.61779,0.00012,-0.72255
10387.7,BTC-27SEP19,1562065143443,open,1.39,0.2,1.239,1.425,1.33206562,111.61,1.6,0.0,BTC-27SEP19-24000-P,10049.24,0.0,0.0,0.0,0.0,0.0,0.0,9.07525,-5.8295,-55.11692,3e-05,-0.89719
10387.7,BTC-27SEP19,1562065143443,open,1.78,0.0,1.6005,1.8165,1.70840854,113.52,None,0.0,BTC-27SEP19-28000-P,10049.24,0.0,0.0,0.0,0.0,0.0,0.0,6.43121,-4.20174,-65.35478,2e-05,-0.93493
10387.7,BTC-27SEP19,1562065143443,open,0.54,13.5,0.5135,0.593,0.55328025,108.04,0.382,0.0,BTC-27SEP19-4750-C,10049.24,0.0,0.004,10.0,0.704,5.0,299.52,4.38702,-2.72783,10.05033,2e-05,0.95978
10387.7,BTC-27SEP19,1562065143443,open,0.68,0.0,0.6495,0.729,0.68939488,116.08,None,0.0,BTC-27SEP19-3250-C,10049.24,0.0,0.004,10.0,0.9245,5.0,500.0,1.32366,-0.88428,7.43792,0.0,0.99023
10601.1,BTC-27DEC19,1562065143443,open,1.95,0.2,1.7595,1.989,1.87427783,106.88,2.2245,0.0,BTC-27DEC19-30000-P,10049.24,0.0,0.0,0.0,0.0,0.0,0.0,17.52882,-5.2663,-140.55694,3e-05,-0.8464
10387.7,BTC-27SEP19,1562065143443,open,0.71,225.7,0.673,0.7525,0.71266643,116.09,0.693,0.0,BTC-27SEP19-3000-C,10049.24,0.0,0.004,20.0,0.9275,5.0,500.0,0.94274,-0.62989,6.93993,0.0,0.99336
10142.71,SYN.BTC-26JUL19,1562065143442,open,0.22,24.1,0.1975,0.277,0.237301,107.45,0.38,0.0,BTC-26JUL19-8000-C,10049.24,0.0,0.161,0.3,0.0,0.0,0.0,6.27105,-14.11131,4.00912,9e-05,0.84157
10387.7,BTC-27SEP19,1562065143444,open,0.17,515.3,0.135,0.2145,0.1748389,102.37,0.168,0.0,BTC-27SEP19-11000-C,10049.24,99.86,0.17,9.5,0.181,9.5,105.57,20.03421,-11.80375,9.36736,8e-05,0.55371
10061.04,SYN.BTC-5JUL19,1562065143440,open,0.73,0.0,0.622,0.757,0.68944816,0.0,None,0.0,BTC-5JUL19-17000-P,10049.24,0.0,0.0005,0.1,0.0,0.0,0.0,0.0,0.0,-1.33936,0.0,-1.0
10061.04,SYN.BTC-5JUL19,1562065143438,open,0.0,193.0,0.0005,0.04,3.08e-06,130.04,0.0005,0.0,BTC-5JUL19-15500-C,10049.24,0.0,0.0,0.0,0.0005,5.0,198.26,0.00399,-0.03102,9e-05,0.0,0.00011
10601.1,BTC-27DEC19,1562065143445,open,0.05,60.3,0.011,0.0905,0.05088748,106.03,0.0555,0.0,BTC-27DEC19-28000-C,10049.24,104.39,0.048,9.9,0.054,9.9,107.75,18.94191,-5.6453,6.31165,3e-05,0.17306
10601.1,BTC-27DEC19,1562065143445,open,1.76,0.1,1.5845,1.7995,1.69211285,106.02,2.02,0.0,BTC-27DEC19-28000-P,10049.24,0.0,0.0,0.0,0.0,0.0,0.0,18.94034,-5.64453,-130.14159,3e-05,-0.82696
10142.71,SYN.BTC-26JUL19,1562065143443,open,0.4,0.0,0.371,0.4505,0.41084661,108.6,None,0.0,BTC-26JUL19-6000-C,10049.24,0.0,0.0055,10.0,0.0,0.0,0.0,1.32104,-3.00441,3.76798,2e-05,0.97877
10601.1,BTC-27DEC19,1562065143446,open,0.17,154.5,0.138,0.2175,0.17778836,99.2,0.1765,0.0,BTC-27DEC19-14000-C,10049.24,97.12,0.172,5.0,0.183,13.8,101.07,29.47868,-8.22002,15.50641,5e-05,0.47794
10061.04,SYN.BTC-5JUL19,1562065143441,open,0.0,477.2,0.0005,0.04,9.5e-07,130.04,0.0005,0.0,BTC-5JUL19-16000-C,10049.24,0.0,0.0,0.0,0.0005,4.2,210.7,0.00139,-0.00959,3e-05,0.0,4e-05
10061.04,SYN.BTC-5JUL19,1562065143439,open,0.0,384.1,0.0005,0.042,0.00234824,119.81,0.002,0.0,BTC-5JUL19-8500-P,10049.24,101.77,0.001,9.5,0.0035,14.5,130.98,0.93045,-19.38228,-0.042,0.0001,-0.05064
10142.71,SYN.BTC-26JUL19,1562065143441,open,0.35,0.0,0.3245,0.404,0.36406983,107.78,0.3665,0.0,BTC-26JUL19-6500-C,10049.24,0.0,0.0055,10.0,0.0,0.0,0.0,2.2301,-5.03335,3.95456,3e-05,0.96012
10088.26,SYN.BTC-12JUL19,1562065143443,open,0.01,113.0,0.0005,0.0475,0.00750323,109.61,0.005,0.0,BTC-12JUL19-8000-P,10049.24,101.19,0.0055,16.0,0.0095,36.0,117.06,2.56692,-14.24527,-0.25066,9e-05,-0.08433
10061.04,SYN.BTC-5JUL19,1562065143438,open,0.01,694.9,0.0005,0.0465,0.00655094,114.04,0.003,0.0,BTC-5JUL19-9000-P,10049.24,105.09,0.005,1.0,0.008,37.5,121.68,1.83568,-36.39794,-0.10407,0.0002,-0.12474
10088.26,SYN.BTC-12JUL19,1562065143444,open,0.02,53.0,0.0005,0.0675,0.02756958,112.09,0.0235,0.0,BTC-12JUL19-11500-C,10049.24,105.4,0.024,40.0,0.031,30.0,118.34,5.46869,-31.03512,0.65689,0.00018,0.26823
10061.04,SYN.BTC-5JUL19,1562065143441,open,0.0,441.1,0.0005,0.04,9.64e-06,130.04,0.0005,0.0,BTC-5JUL19-15000-C,10049.24,0.0,0.0,0.0,0.0005,4.0,185.29,0.01092,-0.09701,0.00026,0.0,0.00033
10088.26,SYN.BTC-12JUL19,1562065143445,open,0.02,72.3,0.0005,0.059,0.01943933,113.77,0.0155,0.0,BTC-12JUL19-12000-C,10049.24,107.26,0.0165,30.0,0.022,40.0,119.19,4.67648,-26.93665,0.49889,0.00015,0.20221
10088.26,SYN.BTC-12JUL19,1562065143438,open,0.0,89.3,0.0005,0.041,0.00148257,130.03,0.0025,0.0,BTC-12JUL19-16000-C,10049.24,0.0,0.0,0.0,0.0035,10.0,148.6,0.8107,-5.3372,0.05112,2e-05,0.02021
10142.71,SYN.BTC-26JUL19,1562065143442,open,0.04,66.0,0.003,0.0825,0.04267768,111.68,0.0435,0.0,BTC-26JUL19-12500-C,10049.24,108.53,0.04,5.0,0.046,21.0,115.52,8.70182,-20.35136,1.56123,0.00012,0.27799
10142.71,SYN.BTC-26JUL19,1562065143443,open,0.0,106.8,0.0005,0.041,0.00133314,113.41,0.0005,0.0,BTC-26JUL19-5500-P,10049.24,99.53,0.0005,10.0,0.002,10.0,120.67,0.81429,-1.934,-0.08892,1e-05,-0.01207
10061.04,SYN.BTC-5JUL19,1562065143443,open,0.02,409.0,0.0005,0.0565,0.01629246,109.92,0.0155,0.0,BTC-5JUL19-9500-P,10049.24,100.1,0.0135,3.0,0.019,31.5,119.16,2.90869,-55.59023,-0.22067,0.00033,-0.2621
10061.04,SYN.BTC-5JUL19,1562065143446,open,0.0,55.5,0.0005,0.04,2.9e-07,130.03,0.0005,0.0,BTC-5JUL19-16500-C,10049.24,0.0,0.0,0.0,0.0005,5.0,222.64,0.00047,-0.00288,1e-05,0.0,1e-05
10061.04,SYN.BTC-5JUL19,1562065143442,open,0.68,0.0,0.5745,0.705,0.63975871,0.0,None,0.0,BTC-5JUL19-16500-P,10049.24,0.0,0.0005,0.1,0.0,0.0,0.0,0.0,0.0,-1.29997,0.0,-1.0
10061.04,SYN.BTC-5JUL19,1562065143442,open,0.0,408.3,0.0005,0.0405,0.00090139,129.93,0.0005,0.0,BTC-5JUL19-8000-P,10049.24,0.0,0.0,0.0,0.002,20.0,149.22,0.43995,-9.06888,-0.0169,4e-05,-0.02041
10142.71,SYN.BTC-26JUL19,1562065143443,open,0.03,396.1,0.0005,0.074,0.03444936,112.05,0.0315,0.0,BTC-26JUL19-13000-C,10049.24,108.25,0.0315,30.3,0.0375,21.0,115.89,7.97019,-18.7029,1.33005,0.00011,0.23492
10061.04,SYN.BTC-5JUL19,1562065143441,open,0.0,404.0,0.0005,0.04,0.00023115,130.05,0.0005,0.0,BTC-5JUL19-13500-C,10049.24,0.0,0.0,0.0,0.0015,16.0,166.64,0.16078,-2.32559,0.00489,2e-05,0.0064
10387.7,BTC-27SEP19,1562065143469,open,0.61,229.9,0.581,0.6605,0.62050763,112.79,0.673,0.0,BTC-27SEP19-4000-C,10049.24,64.91,0.615,1.3,0.736,5.0,299.33,2.68463,-1.74265,8.83276,1e-05,0.97776
289.49,ETH-27SEP19,1562065143476,open,1.66,0.0,1.532,1.741,1.636487,108.4,None,0.0,ETH-27SEP19-760-P,278.92,0.0,0.0,0.0,0.0,0.0,0.0,0.16672,-0.10402,-1.77575,0.00077,-0.94069
10142.71,SYN.BTC-26JUL19,1562065143496,open,0.09,242.1,0.034,0.1195,0.07692005,107.25,0.071,0.0,BTC-26JUL19-9500-P,10049.24,101.01,0.071,3.0,0.079,32.3,109.43,9.64334,-21.6584,-2.85588,0.00013,-0.35353
10600.48,BTC-27DEC19,1562065143691,open,0.19,220.8,0.1305,0.224,0.17718198,97.33,0.176,0.0,BTC-27DEC19-9000-P,10049.24,94.28,0.17,7.9,0.1805,3.0,98.74,24.94269,-6.82408,-23.65642,5e-05,-0.28075
10088.26,SYN.BTC-12JUL19,1562065143695,open,0.11,102.2,0.052,0.139,0.09533565,109.37,0.083,0.0,BTC-12JUL19-10500-P,10049.24,99.61,0.089,18.0,0.099,18.0,114.99,6.5623,-36.33618,-1.76877,0.00022,-0.55267
10601.1,BTC-27DEC19,1562065143707,open,0.69,3.9,0.586,0.718,0.65193658,100.1,0.641,0.0,BTC-27DEC19-16000-P,10049.24,97.15,0.644,3.6,0.6645,3.6,104.72,28.68765,-8.07164,-64.40549,5e-05,-0.59472
289.52,ETH-27SEP19,1562065143709,open,0.37,98.0,0.304,0.411,0.357682,99.53,0.27,0.0,ETH-27SEP19-360-P,278.92,93.9,0.347,120.0,0.366,120.0,103.88,0.55167,-0.31601,-0.64725,0.00278,-0.58158
10142.71,SYN.BTC-26JUL19,1562065143711,open,0.26,232.7,0.1865,0.285,0.23561577,111.05,0.25,0.0,BTC-26JUL19-12000-P,10049.24,100.43,0.226,14.4,0.2375,14.4,113.09,9.35222,-21.74897,-6.03272,0.00013,-0.67366
10088.26,SYN.BTC-12JUL19,1562065143737,open,0.05,80.1,0.002,0.085,0.04363642,108.33,0.034,0.0,BTC-12JUL19-9500-P,10049.24,100.56,0.039,24.0,0.047,30.0,113.93,6.04514,-33.15502,-1.03338,0.0002,-0.33495
289.52,ETH-27SEP19,1562065143753,open,0.37,98.0,0.304,0.411,0.357682,99.53,0.27,0.0,ETH-27SEP19-360-P,278.92,93.9,0.347,120.0,0.365,110.0,103.36,0.55167,-0.31601,-0.64725,0.00278,-0.58158
10088.26,SYN.BTC-12JUL19,1562065143762,open,0.12,17.7,0.095,0.1745,0.1345213,108.62,0.169,0.0,BTC-12JUL19-9000-C,10049.24,101.52,0.131,6.0,0.1395,6.0,118.35,5.07814,-27.92568,1.72574,0.00017,0.76677
10088.26,SYN.BTC-12JUL19,1562065143776,open,0.05,80.1,0.002,0.085,0.04363642,108.33,0.034,0.0,BTC-12JUL19-9500-P,10049.24,100.56,0.039,34.0,0.047,30.0,113.93,6.04514,-33.15502,-1.03338,0.0002,-0.33495
10088.26,SYN.BTC-12JUL19,1562065143765,open,0.08,224.4,0.024,0.109,0.06637718,108.3,0.0655,0.0,BTC-12JUL19-10000-P,10049.24,100.03,0.061,21.0,0.069,3.0,112.34,6.55699,-35.95408,-1.39572,0.00022,-0.44496
10601.1,BTC-27DEC19,1562065143825,open,0.38,44.2,0.303,0.411,0.35704875,98.45,0.348,0.0,BTC-27DEC19-12000-P,10049.24,95.34,0.3485,6.6,0.364,3.0,100.98,29.13296,-8.06191,-40.9272,5e-05,-0.43515
10142.71,SYN.BTC-26JUL19,1562065143847,open,0.05,169.1,0.0005,0.0805,0.03923485,107.26,0.0325,0.0,BTC-26JUL19-8500-P,10049.24,100.25,0.034,22.3,0.0395,6.0,107.66,7.62722,-17.13286,-1.70202,0.00011,-0.21733
10088.26,SYN.BTC-12JUL19,1562065143858,open,0.19,17.1,0.121,0.214,0.16747385,111.79,0.1595,0.0,BTC-12JUL19-11500-P,10049.24,98.72,0.1605,6.0,0.1705,11.0,117.55,5.46146,-30.91181,-2.45611,0.00018,-0.73247
10142.71,SYN.BTC-26JUL19,1562065143860,open,0.16,30.9,0.129,0.2085,0.16887103,107.4,0.172,0.0,BTC-26JUL19-9000-C,10049.24,105.14,0.167,5.0,0.1735,4.9,112.63,8.78469,-19.75849,3.6328,0.00012,0.71651
10061.04,SYN.BTC-5JUL19,1562065143862,open,0.1,23.1,0.0725,0.152,0.1120295,114.73,0.127,0.0,BTC-5JUL19-9000-C,10049.24,83.53,0.1075,6.0,0.1155,6.0,131.66,1.84898,-36.88256,0.60388,0.0002,0.87396
10088.26,SYN.BTC-12JUL19,1562065143865,open,0.15,33.3,0.0845,0.1745,0.12955297,110.8,0.114,0.0,BTC-12JUL19-11000-P,10049.24,99.27,0.1225,18.0,0.1325,23.0,115.79,6.15052,-34.50351,-2.12579,0.0002,-0.64936
10142.71,SYN.BTC-26JUL19,1562065143883,open,0.01,248.1,0.0005,0.0505,0.01067306,117.82,0.01,0.0,BTC-26JUL19-16000-C,10049.24,113.46,0.009,30.0,0.012,21.0,120.98,4.09286,-10.09832,0.50357,5e-05,0.08659
10061.04,SYN.BTC-5JUL19,1562065143885,open,0.14,5.0,0.118,0.1975,0.15751225,121.07,0.25,0.0,BTC-5JUL19-8500-C,10049.24,0.0,0.1535,6.0,0.1615,6.0,152.5,0.95511,-20.10643,0.62624,0.0001,0.94766
10601.1,BTC-27DEC19,1562065143888,open,0.53,8.3,0.4385,0.558,0.49840702,99.2,0.38,0.0,BTC-27DEC19-14000-P,10049.24,96.17,0.49,3.6,0.5095,3.6,103.19,29.47866,-8.21987,-52.7199,5e-05,-0.52207
10061.04,SYN.BTC-5JUL19,1562065143891,open,0.17,260.3,0.1025,0.194,0.14818213,115.92,0.1455,0.0,BTC-5JUL19-11500-P,10049.24,87.92,0.1445,6.0,0.153,6.0,142.0,1.63577,-32.96966,-0.82594,0.00018,-0.89393
10142.71,SYN.BTC-26JUL19,1562065143887,open,0.05,169.1,0.0005,0.0805,0.03923485,107.26,0.0325,0.0,BTC-26JUL19-8500-P,10049.24,100.25,0.034,28.3,0.0395,6.0,107.66,7.62722,-17.13286,-1.70202,0.00011,-0.21733
10142.71,SYN.BTC-26JUL19,1562065143894,open,0.11,119.2,0.076,0.1555,0.11555278,107.37,0.1245,0.0,BTC-26JUL19-10000-C,10049.24,105.26,0.1135,5.0,0.121,19.4,112.74,10.16591,-22.8592,3.04724,0.00014,0.57492
10088.26,SYN.BTC-12JUL19,1562065143905,open,0.23,29.6,0.161,0.257,0.20891359,113.41,0.194,0.0,BTC-12JUL19-12000-P,10049.24,98.97,0.2025,6.0,0.2115,6.0,119.18,4.66372,-26.77735,-2.74997,0.00015,-0.79871
10061.04,SYN.BTC-5JUL19,1562065143909,open,0.06,21.2,0.0325,0.112,0.07209495,110.38,0.113,0.0,BTC-5JUL19-9500-C,10049.24,91.83,0.067,6.0,0.0765,6.0,124.97,2.91284,-55.90196,0.52711,0.00033,0.73717
289.52,ETH-27SEP19,1562065143914,open,0.31,293.0,0.253,0.357,0.304924,98.56,0.304,0.0,ETH-27SEP19-340-P,278.92,93.43,0.295,120.0,0.313,110.0,102.72,0.56102,-0.31824,-0.58043,0.00285,-0.53738
10088.26,SYN.BTC-12JUL19,1562065143911,open,0.03,54.7,0.0005,0.079,0.03917709,111.06,0.044,0.0,BTC-12JUL19-11000-C,10049.24,104.08,0.035,16.0,0.043,30.0,117.21,6.15355,-34.59934,0.85133,0.0002,0.35112
10088.26,SYN.BTC-12JUL19,1562065143940,open,0.16,0.0,0.1325,0.212,0.17213019,108.77,None,0.0,BTC-12JUL19-8500-C,10049.24,101.34,0.1695,6.0,0.177,6.0,120.79,3.82703,-21.07564,1.85665,0.00013,0.85243
281.85,SYN.ETH-26JUL19,1562065143961,open,0.2,419.0,0.147,0.242,0.194596,105.28,0.173,0.0,ETH-26JUL19-320-P,278.92,90.09,0.18,120.0,0.193,120.0,103.84,0.27173,-0.59911,-0.15233,0.00497,-0.63185
10088.26,SYN.BTC-12JUL19,1562065143971,open,0.05,34.4,0.015,0.0945,0.05461621,109.59,0.05,0.0,BTC-12JUL19-10500-C,10049.24,103.17,0.0505,16.0,0.059,18.0,116.24,6.56286,-36.41446,1.07247,0.00022,0.44758
10142.71,SYN.BTC-26JUL19,1562065143971,open,0.05,169.1,0.0005,0.0805,0.03923485,107.26,0.0325,0.0,BTC-26JUL19-8500-P,10049.24,100.25,0.034,28.3,0.04,22.3,108.32,7.62722,-17.13286,-1.70202,0.00011,-0.21733
10142.71,SYN.BTC-26JUL19,1562065143996,open,0.05,169.1,0.0005,0.0805,0.03923485,107.26,0.0325,0.0,BTC-26JUL19-8500-P,10049.24,100.25,0.034,28.3,0.04,32.3,108.32,7.62722,-17.13286,-1.70202,0.00011,-0.21733
10601.1,BTC-27DEC19,1562065144043,open,0.6,0.4,0.511,0.636,0.57352756,99.5,0.5045,0.0,BTC-27DEC19-15000-P,10049.24,96.58,0.5655,3.6,0.586,3.6,104.02,29.18298,-8.16221,-58.58952,5e-05,-0.56056
10387.7,BTC-27SEP19,1562065144046,open,0.32,33.5,0.2475,0.351,0.29923523,102.58,0.2925,0.0,BTC-27SEP19-12000-P,10049.24,98.92,0.292,16.4,0.307,2.0,106.63,20.20306,-11.92725,-20.13315,8e-05,-0.51519
296.02,ETH-27DEC19,1562065144083,open,1.25,0.0,1.146,1.324,1.234712,102.64,None,0.0,ETH-27DEC19-640-P,278.92,0.0,0.0,0.0,0.0,0.0,0.0,0.63719,-0.18385,-2.88269,0.00145,-0.76355
280.12,SYN.ETH-12JUL19,1562065144089,open,0.07,211.0,0.026,0.11,0.068181,104.38,0.054,0.0,ETH-12JUL19-280-P,278.92,91.87,0.06,150.0,0.071,96.0,108.69,0.1831,-0.96766,-0.04039,0.00826,-0.46479
289.52,ETH-27SEP19,1562065144080,open,0.31,293.0,0.253,0.357,0.304924,98.56,0.304,0.0,ETH-27SEP19-340-P,278.92,93.95,0.296,120.0,0.313,110.0,102.72,0.56102,-0.31824,-0.58043,0.00285,-0.53738
10387.7,BTC-27SEP19,1562065144106,open,0.32,33.5,0.2475,0.351,0.29923523,102.58,0.2925,0.0,BTC-27SEP19-12000-P,10049.24,98.92,0.292,16.4,0.3075,14.4,106.89,20.20306,-11.92725,-20.13315,8e-05,-0.51519
10061.04,SYN.BTC-5JUL19,1562065144107,open,0.06,21.2,0.0325,0.112,0.07209495,110.38,0.113,0.0,BTC-5JUL19-9500-C,10049.24,91.83,0.067,6.0,0.076,6.0,123.31,2.91284,-55.90196,0.52711,0.00033,0.73717
280.12,SYN.ETH-12JUL19,1562065144107,open,0.07,101.0,0.029,0.108,0.068722,104.54,0.086,0.0,ETH-12JUL19-280-C,278.92,100.38,0.066,104.0,0.077,254.0,117.22,0.1831,-0.96917,0.03536,0.00825,0.53526
279.3,SYN.ETH-5JUL19,1562065144114,open,0.05,123.0,0.001,0.082,0.041033,111.83,0.039,0.0,ETH-5JUL19-280-P,278.92,86.7,0.032,244.0,0.046,94.0,126.24,0.09887,-1.92254,-0.01169,0.01439,-0.49026
280.12,SYN.ETH-12JUL19,1562065144125,open,0.3,0.0,0.241,0.343,0.292191,107.51,None,0.0,ETH-12JUL19-360-P,278.92,0.0,0.0,0.0,0.0,0.0,0.0,0.07588,-0.41305,-0.09099,0.00332,-0.90828
10142.06,SYN.BTC-26JUL19,1562065144125,open,1.12,0.0,0.99,1.155,1.07241098,125.37,None,0.0,BTC-26JUL19-21000-P,10049.24,0.0,0.0,0.0,0.0,0.0,0.0,1.11829,-2.9361,-13.63304,1e-05,-0.98255
289.49,ETH-27SEP19,1562065144125,open,0.23,1302.0,0.196,0.275,0.235131,98.29,0.235,0.0,ETH-27SEP19-260-C,278.92,93.61,0.227,120.0,0.24,110.0,101.05,0.50598,-0.28624,0.30554,0.00258,0.67861
279.3,SYN.ETH-5JUL19,1562065144132,open,0.07,165.0,0.021,0.105,0.062864,112.84,0.051,0.0,ETH-5JUL19-290-P,278.92,83.26,0.053,150.0,0.07,150.0,134.36,0.09381,-1.84036,-0.01519,0.01353,-0.62752
10387.7,BTC-27SEP19,1562065144117,open,0.19,192.1,0.126,0.2195,0.17272315,100.91,0.17,0.0,BTC-27SEP19-10000-P,10049.24,98.91,0.169,19.3,0.179,3.0,104.32,19.18755,-11.14324,-13.49678,7e-05,-0.37319
280.15,SYN.ETH-12JUL19,1562065144139,open,0.12,9.0,0.069,0.157,0.113233,106.38,0.08,0.0,ETH-12JUL19-300-P,278.92,88.48,0.102,150.0,0.115,150.0,109.48,0.17555,-0.94551,-0.05551,0.00777,-0.61932
289.49,ETH-27SEP19,1562065144145,open,0.2,1885.0,0.163,0.242,0.202931,98.16,0.207,0.0,ETH-27SEP19-280-C,278.92,93.87,0.195,120.0,0.208,110.0,100.87,0.53716,-0.30347,0.28828,0.00274,0.62136
281.85,SYN.ETH-26JUL19,1562065144152,open,0.2,419.0,0.147,0.242,0.194596,105.28,0.173,0.0,ETH-26JUL19-320-P,278.92,90.09,0.18,120.0,0.194,120.0,104.88,0.27173,-0.59911,-0.15233,0.00497,-0.63185
10061.04,SYN.BTC-5JUL19,1562065144168,open,0.13,520.0,0.0605,0.1485,0.10452849,114.39,0.1,0.0,BTC-5JUL19-11000-P,10049.24,97.84,0.1005,6.0,0.106,3.0,120.63,2.52876,-50.29472,-0.71385,0.00028,-0.79616
280.15,SYN.ETH-12JUL19,1562065144167,open,0.18,1.0,0.121,0.213,0.167136,107.55,0.117,0.0,ETH-12JUL19-320-P,278.92,80.7,0.154,50.0,0.167,50.0,107.72,0.14754,-0.80338,-0.06923,0.00646,-0.74643
10142.06,SYN.BTC-26JUL19,1562065144189,open,0.48,5.0,0.3905,0.506,0.44837725,114.49,0.1535,0.0,BTC-26JUL19-14500-P,10049.24,0.0,0.0,0.0,0.0,0.0,0.0,5.81108,-13.93325,-8.67112,8e-05,-0.85865
10386.98,BTC-27SEP19,1562065144205,open,0.65,14.5,0.5465,0.675,0.61067395,105.55,0.4105,0.0,BTC-27SEP19-16000-P,10049.24,0.0,0.004,10.0,1.2665,0.2,499.85,17.07182,-10.37111,-32.88645,6e-05,-0.71954
10387.7,BTC-27SEP19,1562065144199,open,0.02,321.5,0.0005,0.0585,0.01811328,103.93,0.01,0.0,BTC-27SEP19-5500-P,10049.24,101.31,0.0165,24.0,0.02,22.5,106.9,6.48873,-3.88112,-2.07498,2e-05,-0.06582
10142.06,SYN.BTC-26JUL19,1562065144227,open,1.02,0.0,0.8955,1.053,0.97434523,122.68,None,0.0,BTC-26JUL19-20000-P,10049.24,0.0,0.0,0.0,0.0,0.0,0.0,1.38001,-3.54533,-12.94991,2e-05,-0.97764
296.02,ETH-27DEC19,1562065144238,open,0.13,12.0,0.089,0.168,0.128535,101.61,0.125,0.0,ETH-27DEC19-480-C,278.92,94.87,0.111,132.0,0.134,132.0,103.66,0.78154,-0.22322,0.35106,0.0018,0.37191
