underlying_price,underlying_index,timestamp,state,settlement_price,open_interest,min_price,max_price,mark_price,mark_iv,last_price,interest_rate,instrument_name,index_price,bid_iv,best_bid_price,best_bid_amount,best_ask_price,best_ask_amount,ask_iv,vega,theta,rho,gamma,delta
10084.18,BTC-27SEP19,1561114740000,open,2.6,1.3,2.451,2.7385,2.59477886,104.3,2.889,0.0,BTC-27DEC19-36000-P,9775.8,0.0,0.0,0.0,2.604,1.0,111.35,12.0951,-3.3396,-182.71731,2e-05,-0.90674
9857.84,BTC-28JUN19,1561114740013,open,0.19,603.1,0.151,0.2305,0.19088007,92.74,0.19,0.0,BTC-28JUN19-8000-C,9775.8,0.0,0.154,5.0,0.1995,10.0,135.81,1.2634,-8.5207,1.42049,7e-05,0.95583
10084.18,BTC-27SEP19,1561114740024,open,0.46,0.0,0.4015,0.518,0.45973484,87.1,None,0.0,BTC-27SEP19-14000-P,9775.8,0.0,0.0045,10.0,1.16,0.3,500.0,18.36708,-8.17241,-31.14766,8e-05,-0.69213
9857.84,BTC-28JUN19,1561114740042,open,0.1,116.0,0.06,0.1395,0.09955567,86.09,0.108,0.0,BTC-26JUL19-10000-C,9775.8,92.96,0.108,0.9,0.11,5.0,94.59,12.11834,-14.95665,4.06933,0.00015,0.53158
10084.18,BTC-27SEP19,1561114740049,open,0.02,306.6,0.0005,0.0595,0.01922582,84.59,0.0195,0.0,BTC-27SEP19-6000-P,9775.8,82.31,0.0175,6.0,0.021,6.0,86.86,7.77188,-3.35862,-2.68634,3e-05,-0.08012
9857.84,BTC-28JUN19,1561114740051,open,0.0,1869.1,0.0005,0.04,1.561e-05,110.0,0.0005,0.0,BTC-28JUN19-6000-P,9775.8,0.0,0.0,0.0,0.0015,34.0,178.47,0.01882,-0.15052,-0.00074,0.0,-0.00038
10084.18,BTC-27SEP19,1561114740105,open,0.61,27.1,0.5735,0.653,0.61320593,83.63,0.542,0.0,BTC-27DEC19-4000-C,9775.8,0.0,0.015,10.0,0.671,0.2,150.02,5.34557,-1.18339,18.45981,1e-05,0.96696
10084.18,BTC-27SEP19,1561114740105,open,0.71,0.0,0.6665,0.746,0.7062382,88.85,None,0.0,BTC-27DEC19-3000-C,9775.8,0.0,0.0055,10.0,0.984,0.5,500.0,2.4814,-0.58362,14.63363,1e-05,0.98667
292.27,ETH-28JUN19,1561114740123,open,0.0,270.0,0.001,0.042,0.002477,101.96,0.003,0.0,ETH-26JUL19-160-P,288.96,88.81,0.001,101.0,0.004,390.0,111.0,0.04236,-0.06192,-0.00607,0.00051,-0.01926
10084.18,BTC-27SEP19,1561114740136,open,0.0,105.4,0.0005,0.0405,0.00075943,110.0,0.0005,0.0,BTC-27DEC19-1500-P,9775.8,104.7,0.0005,1.0,0.003,10.0,133.52,0.56811,-0.16543,-0.1714,0.0,-0.00253
10084.18,BTC-27SEP19,1561114740183,open,0.58,0.2,0.543,0.6225,0.58280518,92.33,0.26,0.0,BTC-27SEP19-4250-C,9775.8,0.0,0.011,0.5,0.734,5.0,299.08,2.5675,-1.21101,10.73065,1e-05,0.97963
9857.84,BTC-28JUN19,1561114740194,open,0.0,1684.1,0.0005,0.0405,0.00049468,109.54,0.0015,0.0,BTC-28JUN19-7000-P,9775.8,0.0,0.0,0.0,0.0015,10.0,128.92,0.33931,-2.70282,-0.01824,2e-05,-0.00933
10084.18,BTC-27SEP19,1561114740207,open,0.0,340.7,0.0005,0.0405,0.0006441,110.0,0.0015,0.0,BTC-27SEP19-2500-P,9775.8,0.0,0.0,0.0,0.003,15.0,136.08,0.49716,-0.27937,-0.10221,0.0,-0.00314
10084.18,BTC-27SEP19,1561114740236,open,0.56,289.7,0.52,0.5995,0.55952046,91.93,0.51,0.0,BTC-27SEP19-4500-C,9775.8,0.0,0.022,0.1,0.724,5.0,299.18,3.21657,-1.51062,11.19118,1e-05,0.97338
9857.78,BTC-28JUN19,1561114741168,open,5.0,0.0005,0.057,0.01680655,87.5,0.017,0.0,BTC-5JUL19-8500-P,9775.8,82.72,0.0145,24.0,0.0165,0.1,86.87,4.86462,-15.33752,-0.70023,0.00015,-0.17005
292.27,ETH-28JUN19,1561114741285,open,0.0,270.0,0.001,0.042,0.002477,101.96,0.003,0.0,ETH-26JUL19-160-P,288.96,88.81,0.001,251.0,0.004,390.0,111.0,0.04236,-0.06192,-0.00607,0.00051,-0.01926
9857.78,BTC-28JUN19,1561114741320,open,5.0,0.022,0.1015,0.06152776,87.54,0.0635,0.0,BTC-5JUL19-10000-C,9775.8,88.15,0.062,29.0,0.068,1.0,95.86,7.66778,-24.18775,1.64529,0.00024,0.50057
292.26,ETH-28JUN19,1561114741352,open,0.0,0.001,0.066,0.025251,90.49,None,0.0,ETH-5JUL19-260-P,288.96,81.32,0.02,240.0,0.029,368.0,96.79,0.17145,-0.55905,-0.02795,0.00584,-0.22628
292.26,ETH-28JUN19,1561114741490,open,0.0,0.087,0.176,0.131319,91.54,None,0.0,ETH-5JUL19-320-P,288.96,0.0,0.0,0.0,0.0,0.0,0.0,0.20824,-0.68689,-0.08818,0.00701,-0.66233
302.42,ETH-27SEP19,1561114741892,open,0.34,863.0,0.301,0.38,0.340527,97.54,0.323,0.0,ETH-27SEP19-220-C,288.96,0.0,0.25,1.0,0.51,17.0,212.13,0.42324,-0.21089,0.38173,0.00177,0.81125
292.26,ETH-28JUN19,1561114741892,open,0.0,8276.0,0.001,0.04,9e-06,110.01,0.001,0.0,ETH-28JUN19-500-C,288.96,0.0,0.0,0.0,0.001,474.0,167.8,0.00037,-0.00269,1e-05,2e-05,0.00025
302.42,ETH-27SEP19,1561114741892,open,0.91,24.0,0.822,0.973,0.897183,104.34,1.356,0.0,ETH-27SEP19-560-P,288.96,0.0,0.0,0.0,0.0,0.0,0.0,0.42787,-0.22807,-1.38271,0.00167,-0.80788
292.26,ETH-28JUN19,1561114741894,open,0.38,3454.0,0.345,0.424,0.384152,116.34,0.289,0.0,ETH-28JUN19-180-C,288.96,0.0,0.001,1.0,0.0,0.0,0.0,0.00125,-0.01057,0.03385,7e-05,0.99908
292.26,ETH-28JUN19,1561114741894,open,0.01,618.0,0.001,0.045,0.00573,96.31,0.007,0.0,ETH-28JUN19-350-C,288.96,82.91,0.003,450.0,0.008,300.0,105.2,0.06893,-0.48273,0.00503,0.00445,0.09716
292.26,ETH-28JUN19,1561114741896,open,0.45,0.0,0.416,0.495,0.455038,102.09,None,0.0,ETH-26JUL19-160-C,288.96,0.0,0.0,0.0,0.0,0.0,0.0,0.04256,-0.0623,0.14677,0.00051,0.98063
292.26,ETH-28JUN19,1561114741896,open,0.29,0.0,0.233,0.335,0.283847,101.14,None,0.0,ETH-26JUL19-360-P,288.96,0.0,0.0,0.0,0.0,0.0,0.0,0.31638,-0.45874,-0.27339,0.00383,-0.69515
302.42,ETH-27SEP19,1561114741898,open,0.38,1743.0,0.346,0.425,0.385543,97.54,0.367,0.0,ETH-27SEP19-200-C,288.96,84.44,0.371,30.0,0.426,30.0,129.87,0.35199,-0.17539,0.38311,0.00147,0.85796
292.26,ETH-28JUN19,1561114741901,open,0.45,924.0,0.413,0.492,0.452562,134.34,0.35,0.0,ETH-28JUN19-160-C,288.96,0.0,0.01,100.0,0.0,0.0,0.0,0.00057,-0.00553,0.03012,3e-05,0.99961
292.26,ETH-28JUN19,1561114741905,open,0.66,0.0,0.618,0.697,0.657851,225.09,None,0.0,ETH-28JUN19-100-C,288.96,0.0,0.0,0.0,0.0,0.0,0.0,0.00022,-0.00366,0.01883,1e-05,0.99986
292.26,ETH-28JUN19,1561114741905,open,0.07,171.0,0.023,0.108,0.065596,92.48,0.162,0.0,ETH-28JUN19-300-P,288.96,82.13,0.06,180.0,0.069,1.0,98.75,0.15841,-1.06532,-0.03426,0.01065,-0.55665
292.26,ETH-28JUN19,1561114741905,open,0.0,10453.0,0.001,0.04,0.0,109.99,0.001,0.0,ETH-28JUN19-140-P,288.96,0.0,0.0,0.0,0.001,599.0,240.04,0.0,0.0,0.0,0.0,0.0
292.26,ETH-28JUN19,1561114741907,open,0.41,1118.0,0.379,0.458,0.418351,123.67,0.354,0.0,ETH-28JUN19-170-C,288.96,0.0,0.006,2.0,0.0,0.0,0.0,0.00074,-0.0067,0.03199,4e-05,0.99948
292.26,ETH-28JUN19,1561114741911,open,0.55,386.0,0.516,0.595,0.555206,174.91,0.534,0.0,ETH-28JUN19-130-C,288.96,0.0,0.0,0.0,0.0,0.0,0.0,0.00036,-0.00454,0.02447,1e-05,0.99976
292.26,ETH-28JUN19,1561114741915,open,0.35,0.0,0.287,0.393,0.340203,101.5,None,0.0,ETH-26JUL19-380-P,288.96,0.0,0.0,0.0,0.0,0.0,0.0,0.28603,-0.41621,-0.30492,0.00345,-0.75172
292.26,ETH-28JUN19,1561114741932,open,0.59,50.0,0.55,0.629,0.589421,190.4,0.547,0.0,ETH-28JUN19-120-C,288.96,0.0,0.0,0.0,0.0,0.0,0.0,0.00031,-0.00425,0.02259,1e-05,0.9998
9857.73,BTC-28JUN19,1561114741942,open,0.05,9.0,0.0035,0.0865,0.04496063,92.31,0.048,0.0,BTC-28JUN19-9750-P,9776.11,88.69,0.043,1.0,0.047,18.5,96.08,5.33713,-35.82838,-0.9012,0.00032,-0.44035
9857.73,BTC-28JUN19,1561114741942,open,0.01,20.2,0.0005,0.044,0.00426797,92.7,0.004,0.0,BTC-28JUN19-8250-P,9776.11,82.04,0.0025,30.0,0.005,40.0,96.45,1.85116,-12.47905,-0.14114,0.00011,-0.07174
10084.09,BTC-27SEP19,1561114741943,open,0.3,6.1,0.2475,0.351,0.2991191,84.49,1.781,0.0,BTC-27SEP19-12000-P,9776.11,82.71,0.2955,3.6,0.306,3.6,87.87,20.50189,-8.84894,-23.52764,9e-05,-0.57096
9857.73,BTC-28JUN19,1561114741942,open,0.09,3.9,0.046,0.1255,0.08597755,92.66,0.0825,0.0,BTC-28JUN19-9250-C,9776.11,85.13,0.0825,11.6,0.087,11.0,94.84,4.60402,-31.02197,1.16548,0.00027,0.71361
9857.73,BTC-28JUN19,1561114741943,open,0.52,97.1,0.4785,0.558,0.51815003,147.61,0.485,0.0,BTC-28JUN19-4750-C,9776.11,0.0,0.0,0.0,0.0,0.0,0.0,0.00564,-0.06053,0.89458,0.0,0.99989
10084.09,BTC-27SEP19,1561114741943,open,0.42,716.2,0.3845,0.464,0.42423496,84.6,0.4,0.0,BTC-27SEP19-6000-C,9776.11,0.0,0.15,0.5,0.45,8.6,112.8,7.77284,-3.35929,13.4023,3e-05,0.91987
9857.73,BTC-28JUN19,1561114741943,open,0.23,13.4,0.175,0.2725,0.22371707,105.46,0.3175,0.0,BTC-28JUN19-12000-P,9776.11,0.0,0.0005,1.0,0.418,1.1,500.0,2.36011,-18.09944,-2.08822,0.00012,-0.90083
10084.09,BTC-27SEP19,1561114741943,open,0.65,261.1,0.615,0.6945,0.6549118,98.22,0.612,0.0,BTC-27SEP19-3500-C,9776.11,0.0,0.161,1.0,0.67,0.1,149.54,1.36452,-0.68467,9.06709,1e-05,0.99022
9858.04,BTC-28JUN19,1561114741942,open,3.5,0.0005,0.0715,0.03052267,87.51,0.0285,0.0,BTC-5JUL19-9000-P,9776.11,81.97,0.027,24.0,0.0325,34.0,90.57,6.33093,-19.9626,-1.11853,0.0002,-0.26794
9858.04,BTC-28JUN19,1561114741942,open,19.3,0.033,0.1185,0.07590793,87.5,0.071,0.0,BTC-5JUL19-10000-P,9776.11,81.83,0.0715,18.0,0.078,1.0,90.19,7.66798,-24.17707,-2.15603,0.00024,-0.4994
9858.04,BTC-28JUN19,1561114741944,open,0.14,26.0,0.0875,0.1775,0.13246386,98.03,0.216,0.0,BTC-28JUN19-11000-P,9776.11,0.0,0.002,1.0,0.3455,1.2,500.0,4.08231,-29.10019,-1.6807,0.00023,-0.7726
10084.09,BTC-27SEP19,1561114741944,open,0.0,419.5,0.0005,0.04,0.00016283,110.0,0.001,0.0,BTC-27SEP19-2000-P,9776.11,0.0,0.0,0.0,0.0025,15.0,152.86,0.15782,-0.08869,-0.02844,0.0,-0.00089
10084.09,BTC-27SEP19,1561114741945,open,0.14,607.8,0.098,0.1775,0.1375673,83.74,0.135,0.0,BTC-27SEP19-11000-C,9776.11,83.22,0.1365,25.0,0.139,5.0,84.43,20.82955,-8.91067,9.97668,9e-05,0.50652
10084.09,BTC-27SEP19,1561114741945,open,0.17,63.9,0.1185,0.2115,0.16497072,82.83,0.17,0.0,BTC-27SEP19-10000-P,9776.11,81.11,0.1615,4.9,0.17,4.9,85.34,20.26977,-8.57712,-15.47995,9e-05,-0.4075
10084.09,BTC-27SEP19,1561114741945,open,0.23,6.8,0.1795,0.2775,0.22837017,83.73,0.2405,0.0,BTC-27SEP19-11000-P,9776.11,81.86,0.2245,3.6,0.234,3.6,86.45,20.82957,-8.90942,-19.52008,9e-05,-0.49351
10084.09,BTC-27SEP19,1561114741944,open,0.53,58.5,0.4865,0.566,0.52641632,81.06,0.4475,0.0,BTC-27DEC19-5000-C,9776.11,0.0,0.0045,10.0,0.541,14.0,95.11,9.47147,-2.0325,21.18974,2e-05,0.93249
10084.09,BTC-27SEP19,1561114741946,open,0.0,427.9,0.0005,0.042,0.00198963,98.19,0.003,0.0,BTC-27SEP19-3500-P,9776.11,89.19,0.001,15.0,0.003,21.0,104.72,1.36295,-0.6837,-0.31781,1e-05,-0.00976
10084.09,BTC-27SEP19,1561114741946,open,0.63,0.0,0.591,0.6705,0.63068917,95.89,None,0.0,BTC-27SEP19-3750-C,9776.11,0.0,0.006,6.1,0.7555,10.0,299.33,1.69312,-0.82935,9.64764,1e-05,0.98747
9858.04,BTC-28JUN19,1561114741946,open,0.52,4.6,0.461,0.5825,0.52172085,107.63,0.6335,0.0,BTC-28JUN19-15000-P,9776.11,0.0,0.0,0.0,0.6575,1.0,500.0,0.11714,-0.91682,-2.82061,1e-05,-0.99718
10084.09,BTC-27SEP19,1561114741946,open,0.0,1647.2,0.0005,0.04,2.269e-05,110.0,0.001,0.0,BTC-27SEP19-1500-P,9776.11,0.0,0.0,0.0,0.0025,15.0,180.16,0.02866,-0.0161,-0.00444,0.0,-0.00014
10084.09,BTC-27SEP19,1561114741943,open,0.61,0.0,0.5385,0.666,0.60227615,85.65,None,0.0,BTC-27DEC19-15000-P,9776.11,0.0,0.0045,10.0,1.4,0.2,500.0,27.34668,-6.20026,-64.39342,6e-05,-0.63174
9858.04,BTC-28JUN19,1561114741946,open,0.0,643.7,0.0005,0.0405,0.00061387,110.01,0.0015,0.0,BTC-28JUN19-14000-C,9776.11,117.41,0.001,1.0,0.002,18.0,130.31,0.43161,-3.4527,0.02169,2e-05,0.0123
10084.09,BTC-27SEP19,1561114741946,open,0.01,225.5,0.0005,0.0455,0.00576164,91.92,0.0085,0.0,BTC-27SEP19-4500-P,9776.11,89.44,0.005,0.5,0.0055,0.4,91.09,3.21585,-1.51015,-0.87543,1e-05,-0.02661
9858.04,BTC-28JUN19,1561114741947,open,0.0,894.6,0.0005,0.04,0.00015095,110.0,0.001,0.0,BTC-28JUN19-15000-C,9776.11,125.05,0.0005,11.0,0.001,2.0,136.46,0.13911,-1.11272,0.00606,1e-05,0.00342
10084.09,BTC-27SEP19,1561114741946,open,0.0,386.5,0.0005,0.0435,0.0034877,94.82,0.003,0.0,BTC-27SEP19-4000-P,9776.11,89.74,0.0025,18.1,0.0045,21.0,99.19,2.16129,-1.04686,-0.54419,1e-05,-0.01664
10084.09,BTC-27SEP19,1561114741946,open,0.55,0.0,0.484,0.607,0.54562275,88.15,None,0.0,BTC-27SEP19-15000-P,9776.11,0.0,0.0045,10.0,1.251,0.3,500.0,16.95552,-7.63495,-34.75008,7e-05,-0.73948
9858.04,BTC-28JUN19,1561114741942,open,5.0,0.0005,0.0485,0.00819039,87.52,0.0075,0.0,BTC-5JUL19-8000-P,9776.11,82.15,0.0065,30.0,0.01,40.0,92.77,3.25461,-10.26423,-0.3876,0.0001,-0.09524
10084.09,BTC-27SEP19,1561114741947,open,0.07,218.8,0.0315,0.111,0.07143637,87.11,0.073,0.0,BTC-27SEP19-14000-C,9776.11,84.93,0.0675,26.4,0.074,4.9,88.51,18.36766,-8.17354,6.39402,8e-05,0.3079
9858.04,BTC-28JUN19,1561114741942,open,0.0,0.064,0.152,0.10807238,88.29,None,0.0,BTC-5JUL19-10500-P,9776.11,82.14,0.1035,18.0,0.111,18.0,92.19,7.37234,-23.45404,-2.69263,0.00023,-0.61042
9858.04,BTC-28JUN19,1561114741943,open,0.06,93.1,0.0215,0.106,0.0635432,86.08,0.062,0.0,BTC-26JUL19-9000-P,9776.11,81.49,0.0585,22.3,0.063,3.0,85.58,10.85835,-13.39998,-3.58723,0.00014,-0.31729
9858.04,BTC-28JUN19,1561114741943,open,0.06,16.4,0.0195,0.099,0.05901811,94.12,0.0585,0.0,BTC-26JUL19-11500-C,9776.11,92.8,0.0575,1.0,0.062,29.3,96.72,11.29248,-15.23819,2.74533,0.00013,0.35047
9858.04,BTC-28JUN19,1561114741942,open,0.15,22.4,0.103,0.1945,0.14885554,89.32,0.1525,0.0,BTC-26JUL19-10500-P,9776.11,79.23,0.1365,17.4,0.143,3.0,84.54,12.10705,-15.50294,-6.45128,0.00015,-0.53604
9858.04,BTC-28JUN19,1561114741948,open,0.0,497.9,0.0005,0.042,0.00226972,109.96,0.004,0.0,BTC-28JUN19-13000-C,9776.11,111.87,0.0025,1.0,0.0035,0.5,119.18,1.15159,-9.2083,0.06894,6e-05,0.0394
10084.4,BTC-27SEP19,1561114741943,open,0.12,155.8,0.073,0.1615,0.11726715,80.83,0.118,0.0,BTC-27DEC19-8000-P,9776.11,77.83,0.1105,4.9,0.1175,14.9,80.93,22.82611,-4.8842,-18.92665,5e-05,-0.24543
9858.04,BTC-28JUN19,1561114741942,open,0.0,0.003,0.0825,0.04294438,88.28,None,0.0,BTC-5JUL19-10500-C,9776.11,90.35,0.0445,10.0,0.0505,18.0,98.32,7.37223,-23.45103,1.29896,0.00023,0.38956
10084.4,BTC-27SEP19,1561114741946,open,0.03,18.6,0.0005,0.0685,0.02892177,100.66,0.0275,0.0,BTC-27DEC19-32000-C,9776.11,99.58,0.0275,16.0,0.031,10.0,102.18,13.53697,-3.60714,4.17035,3e-05,0.10884
10084.4,BTC-27SEP19,1561114741946,open,1.62,0.0,1.5135,1.7225,1.6182024,95.08,None,0.0,BTC-27DEC19-26000-P,9776.11,0.0,0.0045,10.0,2.4655,0.2,500.0,16.80301,-4.22932,-128.87618,3e-05,-0.85147
9858.04,BTC-28JUN19,1561114741942,open,0.3,0.0085,0.092,0.05016319,87.53,0.0465,0.0,BTC-5JUL19-9500-P,9776.11,81.92,0.046,24.0,0.051,1.0,88.65,7.32592,-23.10556,-1.61688,0.00023,-0.38128
9858.04,BTC-28JUN19,1561114741947,open,0.03,85.4,0.0005,0.0705,0.0294329,86.08,0.0275,0.0,BTC-26JUL19-8000-P,9776.11,83.67,0.0275,19.3,0.031,19.3,88.0,7.97695,-9.84392,-1.96632,0.0001,-0.17932
10084.4,BTC-27SEP19,1561114741943,open,0.69,0.0,0.6205,0.755,0.68794958,86.48,None,0.0,BTC-27DEC19-16000-P,9776.11,0.0,0.0045,5.0,1.4965,0.2,500.0,26.37307,-6.03733,-70.69417,6e-05,-0.66677
9858.04,BTC-28JUN19,1561114741945,open,0.22,24.2,0.178,0.2575,0.21792056,86.09,0.216,0.0,BTC-26JUL19-8000-C,9776.11,0.0,0.161,0.1,0.0,0.0,0.0,7.9775,-9.84573,5.67741,0.0001,0.82066
10084.4,BTC-27SEP19,1561114741949,open,0.61,231.3,0.567,0.6465,0.60684252,94.85,0.6,0.0,BTC-27SEP19-4000-C,9776.11,0.0,0.1655,1.1,0.61,0.2,106.89,2.16392,-1.04854,10.18108,1e-05,0.98334
10084.4,BTC-27SEP19,1561114741944,open,0.05,136.2,0.007,0.0865,0.04690184,93.72,0.046,0.0,BTC-27DEC19-24000-C,9776.11,92.67,0.045,4.9,0.05,4.9,95.39,18.44778,-4.57698,6.49224,4e-05,0.17131
10084.4,BTC-27SEP19,1561114741944,open,0.08,211.8,0.041,0.1205,0.08070637,88.26,0.082,0.0,BTC-27DEC19-18000-C,9776.11,87.13,0.078,5.0,0.0835,5.0,89.42,24.24353,-5.66434,10.18497,5e-05,0.27588
10084.4,BTC-27SEP19,1561114741945,open,0.36,5.3,0.305,0.4135,0.35934584,81.92,0.417,0.0,BTC-27DEC19-12000-P,9776.11,78.84,0.3505,3.6,0.3625,3.6,83.02,28.94021,-6.27597,-44.85384,7e-05,-0.50019
10084.4,BTC-27SEP19,1561114741949,open,0.07,256.6,0.0275,0.1125,0.07016078,82.85,0.069,0.0,BTC-27SEP19-8000-P,9776.11,81.13,0.0675,2.5,0.0725,4.9,84.35,15.67572,-6.6346,-7.99131,7e-05,-0.22536
10084.4,BTC-27SEP19,1561114741950,open,0.54,13.5,0.496,0.5755,0.53555568,88.79,0.382,0.0,BTC-27SEP19-4750-C,9776.11,0.0,0.011,0.6,0.7145,5.0,299.44,3.64402,-1.65282,11.72296,2e-05,0.96907
9858.04,BTC-28JUN19,1561114741945,open,0.31,0.0,0.2565,0.3605,0.30838798,96.49,0.3325,0.0,BTC-26JUL19-12500-P,9776.11,0.0,0.0,0.0,0.0,0.0,0.0,9.86122,-13.64152,-9.88612,0.00011,-0.74117
10084.4,BTC-27SEP19,1561114741945,open,0.1,248.6,0.0615,0.141,0.10130594,86.46,0.0995,0.0,BTC-27DEC19-16000-C,9776.11,85.0,0.0975,17.0,0.1045,4.9,87.68,26.37124,-6.03599,12.09941,6e-05,0.33317
9858.04,BTC-28JUN19,1561114741942,open,5.5,0.0005,0.0515,0.01194551,88.27,0.0195,0.0,BTC-5JUL19-12000-C,9776.11,95.85,0.0155,0.3,0.0195,24.3,103.66,4.38915,-13.96131,0.50016,0.00013,0.14541
10084.4,BTC-27SEP19,1561114741945,open,0.44,3.5,0.3795,0.494,0.43667678,83.14,0.444,0.0,BTC-27DEC19-13000-P,9776.11,79.38,0.426,3.6,0.4385,3.6,83.78,28.7129,-6.31959,-51.48666,7e-05,-0.54997
10084.4,BTC-27SEP19,1561114741945,open,0.52,3.6,0.4595,0.5805,0.51989626,85.1,0.514,0.0,BTC-27DEC19-14000-P,9776.11,79.74,0.505,3.6,0.5185,3.6,84.6,28.18617,-6.35009,-57.96373,6e-05,-0.59087
9858.04,BTC-28JUN19,1561114741945,open,0.35,0.0,0.308,0.3875,0.34783459,91.75,None,0.0,BTC-26JUL19-6500-C,9776.11,0.0,0.0,0.0,0.0,0.0,0.0,3.32412,-4.37228,5.63756,4e-05,0.94634
10084.4,BTC-27SEP19,1561114741946,open,1.05,0.0,0.9675,1.131,1.04921966,90.11,None,0.0,BTC-27DEC19-20000-P,9776.11,0.0,0.0045,5.0,1.883,0.2,499.99,22.13374,-5.27971,-94.82921,5e-05,-0.76801
9858.04,BTC-28JUN19,1561114741942,open,0.0,0.1805,0.278,0.22920133,88.22,None,0.0,BTC-5JUL19-12000-P,9776.11,0.0,0.0,0.0,0.0,0.0,0.0,4.38556,-13.94115,-4.06228,0.00013,-0.85477
9858.04,BTC-28JUN19,1561114741946,open,0.0,25.0,0.0005,0.0425,0.002704,100.61,0.0025,0.0,BTC-26JUL19-5500-P,9776.11,95.69,0.002,10.0,0.0035,24.0,105.31,1.54271,-2.22514,-0.22404,2e-05,-0.02108
10084.4,BTC-27SEP19,1561114741944,open,0.02,96.2,0.0005,0.0555,0.01513134,82.14,0.024,0.0,BTC-27DEC19-4500-P,9776.11,79.08,0.013,26.0,0.017,6.0,84.66,7.28333,-1.58364,-3.31245,2e-05,-0.04835
292.26,ETH-28JUN19,1561114741957,open,0.0,0.111,0.203,0.157235,91.78,None,0.0,ETH-5JUL19-330-P,288.96,0.0,0.0,0.0,0.0,0.0,0.0,0.19111,-0.63208,-0.0977,0.00641,-0.72212
292.26,ETH-28JUN19,1561114741959,open,0.38,0.0,0.349,0.428,0.388863,95.16,None,0.0,ETH-26JUL19-180-C,288.96,0.0,0.0,0.0,0.0,0.0,0.0,0.072,-0.09823,0.16051,0.00093,0.96365
292.26,ETH-28JUN19,1561114741962,open,0.31,2185.0,0.276,0.355,0.315941,111.17,0.27,0.0,ETH-28JUN19-200-C,288.96,0.0,0.002,15.0,0.399,1.0,453.51,0.006,-0.04853,0.03737,0.00034,0.9948
292.26,ETH-28JUN19,1561114741964,open,0.24,8.0,0.187,0.285,0.235688,98.07,0.317,0.0,ETH-28JUN19-360-P,288.96,0.0,0.001,2.0,0.315,1.0,289.79,0.05342,-0.38097,-0.06422,0.00339,-0.93074
292.26,ETH-28JUN19,1561114741968,open,0.0,4695.0,0.001,0.04,0.0,110.0,0.001,0.0,ETH-28JUN19-110-P,288.96,0.0,0.0,0.0,0.001,100.0,312.19,0.0,0.0,0.0,0.0,0.0
292.26,ETH-28JUN19,1561114741968,open,0.05,2812.0,0.013,0.092,0.052109,101.18,0.049,0.0,ETH-26JUL19-360-C,288.96,99.22,0.05,281.0,0.056,342.0,104.74,0.31643,-0.45899,0.07061,0.00383,0.30496
302.42,ETH-27SEP19,1561114741970,open,0.78,12.0,0.705,0.846,0.77509,103.25,1.193,0.0,ETH-27SEP19-520-P,288.96,0.0,0.0,0.0,0.0,0.0,0.0,0.47288,-0.24943,-1.25483,0.00187,-0.77227
292.26,ETH-28JUN19,1561114741970,open,0.52,335.0,0.481,0.56,0.520991,160.43,0.481,0.0,ETH-28JUN19-140-C,288.96,0.0,0.01,100.0,0.6,1.0,500.0,0.00041,-0.00481,0.02636,2e-05,0.99972
292.26,ETH-28JUN19,1561114741974,open,0.72,0.0,0.687,0.766,0.72628,266.59,None,0.0,ETH-28JUN19-80-C,288.96,0.0,0.002,5.0,0.0,0.0,0.0,0.00016,-0.00302,0.01506,0.0,0.9999
292.26,ETH-28JUN19,1561114741974,open,0.0,649.0,0.001,0.04,2.6e-05,110.01,0.001,0.0,ETH-28JUN19-480-C,288.96,0.0,0.0,0.0,0.001,201.0,157.02,0.00092,-0.0074,4e-05,5e-05,0.00066
302.42,ETH-27SEP19,1561114741973,open,0.43,0.0,0.375,0.489,0.431866,100.26,None,0.0,ETH-27SEP19-400-P,288.96,95.26,0.422,36.0,0.447,36.0,107.81,0.6009,-0.30775,-0.84482,0.00244,-0.60991
292.26,ETH-28JUN19,1561114741974,open,0.32,0.0,0.287,0.366,0.326509,94.22,None,0.0,ETH-26JUL19-200-C,288.96,0.0,0.0,0.0,0.0,0.0,0.0,0.12631,-0.17061,0.16747,0.00164,0.92621
292.26,ETH-28JUN19,1561114741976,open,0.62,214.0,0.584,0.663,0.623636,207.05,0.552,0.0,ETH-28JUN19-110-C,288.96,0.0,0.0,0.0,0.0,0.0,0.0,0.00026,-0.00396,0.02071,1e-05,0.99983
292.26,ETH-28JUN19,1561114741976,open,0.01,24.0,0.001,0.046,0.006316,93.07,0.005,0.0,ETH-28JUN19-250-P,288.96,82.43,0.004,300.0,0.008,246.0,99.76,0.06994,-0.47338,-0.0058,0.00467,-0.09912
292.26,ETH-28JUN19,1561114741976,open,0.0,1387.0,0.001,0.042,0.002211,102.05,0.001,0.0,ETH-28JUN19-230-P,288.96,88.73,0.001,2.0,0.004,550.0,115.45,0.03279,-0.24336,-0.00219,0.002,-0.0375
302.42,ETH-27SEP19,1561114741978,open,0.73,0.0,0.697,0.776,0.73639,109.78,None,0.0,ETH-27SEP19-80-C,288.96,0.0,0.003,10.0,0.0,0.0,0.0,0.02,-0.01122,0.21025,7e-05,0.99565
302.42,ETH-27SEP19,1561114741978,open,0.43,743.0,0.395,0.474,0.434993,97.54,0.337,0.0,ETH-27SEP19-180-C,288.96,0.0,0.222,100.0,0.5,1.0,157.17,0.27545,-0.13725,0.37685,0.00115,0.8997
292.26,ETH-28JUN19,1561114741978,open,0.24,0.0,0.182,0.28,0.230883,100.77,None,0.0,ETH-26JUL19-340-P,288.96,0.0,0.0,0.0,0.0,0.0,0.0,0.34131,-0.49312,-0.24021,0.00415,-0.62928
292.26,ETH-28JUN19,1561114741976,open,0.0,0.073,0.152,0.112443,90.58,None,0.0,ETH-5JUL19-270-C,288.96,83.93,0.108,60.0,0.124,60.0,107.48,0.19682,-0.64241,0.06576,0.00669,0.70433
302.42,ETH-27SEP19,1561114742000,open,0.0,1814.0,0.001,0.04,0.000923,109.78,0.002,0.0,ETH-27SEP19-80-P,288.96,0.0,0.0,0.0,0.003,150.0,129.98,0.02,-0.01122,-0.00428,7e-05,-0.00435
292.26,ETH-28JUN19,1561114742002,open,0.06,1457.0,0.028,0.107,0.067575,100.81,0.071,0.0,ETH-26JUL19-340-C,288.96,98.6,0.065,275.0,0.072,342.0,104.58,0.34134,-0.49332,0.08468,0.00415,0.3708
292.26,ETH-28JUN19,1561114742011,open,0.0,7876.0,0.001,0.04,5e-06,109.99,0.001,0.0,ETH-28JUN19-170-P,288.96,0.0,0.0,0.0,0.001,300.0,181.75,0.00019,-0.00137,-1e-05,1e-05,-0.00012
10084.4,BTC-27SEP19,1561114742032,open,2.6,1.3,2.4515,2.7385,2.59494259,104.5,2.889,0.0,BTC-27DEC19-36000-P,9776.11,0.0,0.0,0.0,2.6035,1.0,111.05,12.15915,-3.36372,-182.69505,2e-05,-0.90607
292.26,ETH-28JUN19,1561114742036,open,0.69,0.0,0.653,0.732,0.692066,244.81,None,0.0,ETH-28JUN19-90-C,288.96,0.0,0.0,0.0,0.0,0.0,0.0,0.00019,-0.00335,0.01695,0.0,0.99988
292.26,ETH-28JUN19,1561114742039,open,0.18,1071.0,0.143,0.222,0.182387,96.26,0.158,0.0,ETH-28JUN19-240-C,288.96,0.0,0.165,65.0,0.252,1.0,294.64,0.0476,-0.33317,0.04173,0.00307,0.9403
292.26,ETH-28JUN19,1561114742039,open,0.0,5456.0,0.001,0.04,0.000514,106.7,0.001,0.0,ETH-28JUN19-210-P,288.96,0.0,0.0,0.0,0.002,400.0,131.37,0.01059,-0.08219,-0.00057,0.00062,-0.00989
302.42,ETH-27SEP19,1561114742039,open,0.54,0.0,0.479,0.602,0.540559,100.86,None,0.0,ETH-27SEP19-440-P,288.96,0.0,0.0,0.0,0.0,0.0,0.0,0.56286,-0.29,-0.98664,0.00228,-0.6761
292.26,ETH-28JUN19,1561114742039,open,0.28,770.0,0.243,0.322,0.282,107.37,0.237,0.0,ETH-28JUN19-210-C,288.96,0.0,0.006,20.0,0.374,1.0,442.02,0.01093,-0.08535,0.03896,0.00063,0.98974
302.42,ETH-27SEP19,1561114742039,open,0.0,4116.0,0.001,0.043,0.002965,108.99,0.004,0.0,ETH-27SEP19-100-P,288.96,102.49,0.002,10.0,0.004,210.0,114.63,0.05049,-0.02811,-0.0125,0.00019,-0.01245
302.42,ETH-27SEP19,1561114742041,open,0.67,0.0,0.633,0.712,0.672299,108.99,None,0.0,ETH-27SEP19-100-C,288.96,0.0,0.003,10.0,0.0,0.0,0.0,0.05049,-0.02811,0.25565,0.00019,0.98755
292.26,ETH-28JUN19,1561114742041,open,0.0,8702.0,0.001,0.04,2.1e-05,109.99,0.001,0.0,ETH-28JUN19-180-P,288.96,0.0,0.0,0.0,0.001,400.0,164.47,0.00072,-0.00579,-3e-05,4e-05,-0.00051
292.26,ETH-28JUN19,1561114742041,open,0.21,53.0,0.156,0.251,0.203253,96.13,0.282,0.0,ETH-28JUN19-350-P,288.96,0.0,0.0,0.0,0.277,1.0,266.61,0.0687,-0.48024,-0.06092,0.00444,-0.90328
302.42,ETH-27SEP19,1561114742043,open,1.03,27.0,0.943,1.103,1.022998,106.57,1.519,0.0,ETH-27SEP19-600-P,288.96,0.0,0.0,0.0,0.0,0.0,0.0,0.39198,-0.2134,-1.50501,0.0015,-0.83287
292.26,ETH-28JUN19,1561114742043,open,0.0,5711.0,0.001,0.04,1e-06,109.99,0.001,0.0,ETH-28JUN19-160-P,288.96,0.0,0.0,0.0,0.001,110.0,200.01,4e-05,-0.00024,0.0,0.0,-2e-05
292.26,ETH-28JUN19,1561114742043,open,0.41,0.0,0.344,0.455,0.399155,101.71,None,0.0,ETH-26JUL19-400-P,288.96,0.0,0.0,0.0,0.0,0.0,0.0,0.25306,-0.369,-0.33482,0.00305,-0.79982
292.26,ETH-28JUN19,1561114742045,open,0.65,60.0,0.577,0.708,0.642343,0.0,0.757,0.0,ETH-28JUN19-480-P,288.96,0.0,0.0,0.0,0.0,0.0,0.0,0.0,0.0,-0.09042,0.0,-1.0
292.26,ETH-28JUN19,1561114742045,open,0.38,0.0,0.315,0.423,0.369184,98.42,0.463,0.0,ETH-28JUN19-400-P,288.96,0.0,0.0,0.0,0.477,1.0,394.6,0.01257,-0.08995,-0.07472,0.00079,-0.98796
292.26,ETH-28JUN19,1561114742045,open,0.15,0.0,0.097,0.187,0.142025,94.41,None,0.0,ETH-28JUN19-330-P,288.96,0.0,0.0,0.0,0.202,1.0,219.2,0.10937,-0.75091,-0.05233,0.0072,-0.80852
302.42,ETH-27SEP19,1561114742045,open,0.49,399.0,0.449,0.528,0.488724,97.54,0.44,0.0,ETH-27SEP19-160-C,288.96,0.0,0.443,30.0,0.5,31.0,112.98,0.19889,-0.0991,0.36179,0.00083,0.93486
292.26,ETH-28JUN19,1561114742070,open,0.01,580.0,0.001,0.044,0.004731,95.08,0.006,0.0,ETH-26JUL19-180-P,288.96,87.13,0.003,300.0,0.007,540.0,103.35,0.07183,-0.09791,-0.01144,0.00093,-0.03624
292.26,ETH-28JUN19,1561114742072,open,0.21,658.0,0.178,0.257,0.217794,94.19,0.209,0.0,ETH-26JUL19-240-C,288.96,87.49,0.212,41.0,0.235,120.0,113.06,0.25704,-0.3471,0.16105,0.00334,0.79452
292.26,ETH-28JUN19,1561114742085,open,0.35,553.0,0.31,0.389,0.349994,112.67,0.28,0.0,ETH-28JUN19-190-C,288.96,0.0,0.001,10.0,0.0,0.0,0.0,0.00266,-0.02183,0.03567,0.00015,0.9979
302.42,ETH-27SEP19,1561114742091,open,0.8,0.0,0.762,0.841,0.801764,110.0,0.01,0.0,ETH-27SEP19-60-C,288.96,0.0,0.003,10.0,0.0,0.0,0.0,0.00474,-0.00266,0.16004,2e-05,0.99911
292.26,ETH-28JUN19,1561114742091,open,0.0,2027.0,0.001,0.04,0.0,110.0,0.001,0.0,ETH-28JUN19-90-P,288.96,0.0,0.0,0.0,0.001,100.0,372.49,0.0,0.0,0.0,0.0,0.0
292.26,ETH-28JUN19,1561114742104,open,0.0,6504.0,0.001,0.043,0.003546,96.08,0.002,0.0,ETH-28JUN19-240-P,288.96,85.13,0.002,32.0,0.005,580.0,104.29,0.04741,-0.33124,-0.00347,0.00307,-0.0594
292.26,ETH-28JUN19,1561114742104,open,0.12,81.0,0.07,0.158,0.114282,94.43,0.347,0.0,ETH-28JUN19-320-P,288.96,0.0,0.001,28.0,0.157,1.0,179.53,0.13082,-0.89836,-0.04688,0.00861,-0.73723
302.42,ETH-27SEP19,1561114742104,open,0.54,191.0,0.507,0.586,0.546364,97.54,0.5,0.0,ETH-27SEP19-140-C,288.96,0.0,0.01,50.0,0.0,0.0,0.0,0.12874,-0.06415,0.33726,0.00054,0.96225
292.26,ETH-28JUN19,1561114742104,open,0.0,7787.0,0.001,0.04,0.0,109.99,0.001,0.0,ETH-28JUN19-150-P,288.96,0.0,0.0,0.0,0.001,619.0,219.38,1e-05,-3e-05,0.0,0.0,0.0
292.26,ETH-28JUN19,1561114742104,open,0.0,7937.0,0.001,0.04,7.7e-05,109.99,0.001,0.0,ETH-28JUN19-190-P,288.96,0.0,0.0,0.0,0.001,200.0,148.03,0.0022,-0.0176,-0.0001,0.00012,-0.00171
292.26,ETH-28JUN19,1561114742106,open,0.21,35.0,0.176,0.255,0.215267,102.29,0.159,0.0,ETH-28JUN19-230-C,288.96,0.0,0.0,0.0,0.294,1.0,344.57,0.03302,-0.2456,0.04112,0.00201,0.96219
292.26,ETH-28JUN19,1561114742106,open,0.15,556.0,0.111,0.19,0.150943,93.19,0.149,0.0,ETH-28JUN19-250-C,288.96,0.0,0.128,30.0,0.157,46.0,115.06,0.07008,-0.47492,0.04127,0.00467,0.90061
292.26,ETH-28JUN19,1561114742110,open,0.26,20.0,0.23,0.309,0.269152,94.2,0.237,0.0,ETH-26JUL19-220-C,288.96,0.0,0.0,0.0,0.0,0.0,0.0,0.19228,-0.25967,0.16747,0.0025,0.86885
302.42,ETH-27SEP19,1561114742123,open,0.3,2210.0,0.26,0.339,0.299924,97.54,0.23,0.0,ETH-27SEP19-240-C,288.96,0.0,0.2,1.0,0.35,1.0,128.3,0.48548,-0.2419,0.37409,0.00203,0.76122
292.26,ETH-28JUN19,1561114742123,open,0.72,60.0,0.643,0.779,0.710756,0.0,0.83,0.0,ETH-28JUN19-500-P,288.96,0.0,0.0,0.0,0.0,0.0,0.0,0.0,0.0,-0.09419,0.0,-1.0
292.26,ETH-28JUN19,1561114742123,open,0.02,187.0,0.001,0.06,0.019819,92.62,0.019,0.0,ETH-28JUN19-270-P,288.96,83.6,0.016,240.0,0.023,364.0,99.87,0.12641,-0.85135,-0.01464,0.00848,-0.24611
292.26,ETH-28JUN19,1561114742123,open,0.0,0.211,0.29,0.250742,90.65,None,0.0,ETH-5JUL19-220-C,288.96,0.0,0.0,0.0,0.0,0.0,0.0,0.05402,-0.17646,0.07825,0.00184,0.95499
292.26,ETH-28JUN19,1561114742129,open,0.0,1541.0,0.001,0.04,0.0,110.0,0.001,0.0,ETH-28JUN19-80-P,288.96,0.0,0.0,0.0,0.001,114.0,408.1,0.0,0.0,0.0,0.0,0.0
302.42,ETH-27SEP19,1561114742129,open,0.66,0.0,0.591,0.722,0.656466,102.43,None,0.0,ETH-27SEP19-480-P,288.96,0.0,0.0,0.0,0.0,0.0,0.0,0.52004,-0.27212,-1.12245,0.00207,-0.72766
292.26,ETH-28JUN19,1561114742129,open,0.02,488.0,0.001,0.062,0.021881,94.16,0.035,0.0,ETH-26JUL19-220-P,288.96,88.07,0.018,293.0,0.023,240.0,95.85,0.1922,-0.25946,-0.04271,0.0025,-0.13107
292.26,ETH-28JUN19,1561114742131,open,0.0,4769.0,0.001,0.04,0.0,110.0,0.001,0.0,ETH-28JUN19-120-P,288.96,0.0,0.0,0.0,0.001,199.0,286.14,0.0,0.0,0.0,0.0,0.0
292.26,ETH-28JUN19,1561114742131,open,0.0,5046.0,0.001,0.041,0.000978,102.41,0.002,0.0,ETH-28JUN19-220-P,288.96,0.0,0.0,0.0,0.002,101.0,115.5,0.01798,-0.1339,-0.00106,0.00109,-0.01827
292.26,ETH-28JUN19,1561114742131,open,0.52,0.0,0.446,0.565,0.505647,106.62,0.61,0.0,ETH-28JUN19-440-P,288.96,0.0,0.0,0.0,0.0,0.0,0.0,0.00393,-0.03048,-0.08271,0.00023,-0.99676
292.26,ETH-28JUN19,1561114742133,open,0.24,1722.0,0.209,0.288,0.248249,102.82,0.194,0.0,ETH-28JUN19-220-C,288.96,0.0,0.0,0.0,0.334,1.0,392.04,0.01828,-0.13667,0.04036,0.0011,0.98138
292.26,ETH-28JUN19,1561114742409,open,0.0,0.138,0.232,0.185096,92.47,None,0.0,ETH-5JUL19-340-P,288.96,0.0,0.0,0.0,0.0,0.0,0.0,0.17172,-0.57214,-0.10646,0.00572,-0.7731
292.26,ETH-28JUN19,1561114742440,open,0.0,270.0,0.001,0.042,0.002478,101.96,0.003,0.0,ETH-26JUL19-160-P,288.96,88.81,0.001,101.0,0.004,390.0,110.99,0.04237,-0.06193,-0.00607,0.00051,-0.01926
292.26,ETH-28JUN19,1561114742447,open,0.0,0.001,0.043,0.00347,90.51,None,0.0,ETH-5JUL19-220-P,288.96,72.34,0.001,300.0,0.006,150.0,102.31,0.05381,-0.17549,-0.00536,0.00183,-0.04479
292.26,ETH-28JUN19,1561114742654,open,0.0,0.18,0.259,0.219338,90.61,None,0.0,ETH-5JUL19-230-C,288.96,0.0,0.0,0.0,0.0,0.0,0.0,0.0801,-0.26152,0.07848,0.00272,0.92569
292.26,ETH-28JUN19,1561114742853,open,0.0,0.008,0.091,0.049868,90.5,None,0.0,ETH-5JUL19-280-P,288.96,81.14,0.043,106.0,0.054,106.0,96.1,0.21521,-0.70181,-0.04668,0.00732,-0.37029
9857.97,BTC-28JUN19,1561114742941,open,0.03,44.1,0.0005,0.065,0.02429468,92.6,0.0215,0.0,BTC-28JUN19-9250-P,9776.08,86.57,0.0215,29.6,0.025,24.0,94.11,4.60297,-30.99687,-0.57667,0.00027,-0.28624
10084.34,BTC-27SEP19,1561114742941,open,0.03,265.6,0.0005,0.0665,0.02670158,96.28,0.028,0.0,BTC-27SEP19-20000-C,9776.08,94.71,0.025,6.0,0.0285,5.0,97.89,11.07512,-5.44731,2.80631,4e-05,0.13048
10084.34,BTC-27SEP19,1561114742943,open,0.05,93.9,0.009,0.0885,0.04881123,89.91,0.0465,0.0,BTC-27SEP19-16000-C,9776.08,88.4,0.0465,14.3,0.051,4.9,91.31,15.62239,-7.17513,4.73765,6e-05,0.22401
10084.34,BTC-27SEP19,1561114742941,open,0.13,314.3,0.092,0.1715,0.13158911,85.1,0.1295,0.0,BTC-27DEC19-14000-C,9776.08,84.17,0.129,0.1,0.134,4.9,85.96,28.18542,-6.34932,14.4811,6e-05,0.40909
9857.97,BTC-28JUN19,1561114742941,open,0.03,0.3,0.0005,0.068,0.0280549,98.95,0.021,0.0,BTC-26JUL19-13500-C,9776.08,97.08,0.0265,19.3,0.0295,19.3,100.65,8.28979,-11.75956,1.53271,9e-05,0.19078
9857.94,BTC-28JUN19,1561114742941,open,0.19,0.0,0.1415,0.236,0.18872449,94.06,0.297,0.0,BTC-26JUL19-11000-P,9776.08,78.69,0.1705,14.4,0.1775,14.4,84.65,11.83476,-15.95918,-7.35,0.00014,-0.59159
9857.94,BTC-28JUN19,1561114742948,open,0.64,143.0,0.605,0.6845,0.64495985,201.78,0.55,0.0,BTC-28JUN19-3500-C,9776.08,0.0,0.0,0.0,0.0,0.0,0.0,0.00293,-0.04303,0.65921,0.0,0.99995
10084.31,BTC-27SEP19,1561114742946,open,0.1,128.9,0.052,0.139,0.09566592,80.82,0.1095,0.0,BTC-27DEC19-7500-P,9776.08,78.1,0.09,4.9,0.096,14.9,80.98,21.01564,-4.49654,-16.04822,5e-05,-0.21187
10084.31,BTC-27SEP19,1561114742946,open,0.01,165.7,0.0005,0.05,0.00984933,83.59,0.0145,0.0,BTC-27DEC19-4000-P,9776.08,79.92,0.008,26.0,0.0115,16.0,86.59,5.34078,-1.18187,-2.23611,1e-05,-0.033
292.26,ETH-28JUN19,1561114742948,open,0.0,0.166,0.262,0.213956,92.46,None,0.0,ETH-5JUL19-350-P,288.96,0.0,0.0,0.0,0.0,0.0,0.0,0.15027,-0.50065,-0.11472,0.00501,-0.81857
302.42,ETH-27SEP19,1561114742952,open,0.04,2927.0,0.001,0.079,0.039002,106.57,0.04,0.0,ETH-27SEP19-600-C,288.95,103.41,0.035,161.0,0.041,48.0,108.09,0.39198,-0.21339,0.10391,0.0015,0.16713
292.26,ETH-28JUN19,1561114742953,open,0.0,1239.0,0.001,0.04,0.00019,110.0,0.001,0.0,ETH-28JUN19-440-C,288.95,0.0,0.0,0.0,0.001,200.0,133.56,0.00498,-0.03983,0.00022,0.00028,0.00421
10084.31,BTC-27SEP19,1561114742942,open,0.23,462.1,0.192,0.2715,0.23197804,80.83,0.2365,0.0,BTC-27DEC19-10000-C,9776.08,80.83,0.232,1.0,0.2385,3.6,83.21,27.62341,-5.91054,20.24169,6e-05,0.61988
10084.31,BTC-27SEP19,1561114742942,open,0.29,13.2,0.236,0.3385,0.28709752,80.82,0.321,0.0,BTC-27DEC19-11000-P,9776.08,78.33,0.28,3.6,0.2915,3.6,82.37,28.65285,-6.13054,-38.14313,7e-05,-0.44385
302.41,ETH-27SEP19,1561114742954,open,0.05,3165.0,0.005,0.088,0.046875,97.53,0.053,0.0,ETH-27SEP19-200-P,288.95,93.29,0.042,280.0,0.048,200.0,98.5,0.35199,-0.17538,-0.1532,0.00147,-0.14204
292.26,ETH-28JUN19,1561114742953,open,0.02,5212.0,0.001,0.059,0.019395,94.5,0.021,0.0,ETH-28JUN19-320-C,288.95,89.07,0.017,24.0,0.022,240.0,100.23,0.13087,-0.89928,0.01341,0.00861,0.26294
9857.94,BTC-28JUN19,1561114742942,open,0.09,71.2,0.0435,0.13,0.08674392,86.07,0.09,0.0,BTC-26JUL19-9500-P,9776.08,80.81,0.0805,26.3,0.0865,19.3,85.86,11.71496,-14.45523,-4.51689,0.00015,-0.39279
292.25,ETH-28JUN19,1561114742952,open,0.0,0.15,0.229,0.189437,90.65,None,0.0,ETH-5JUL19-240-C,288.95,0.0,0.0,0.0,0.0,0.0,0.0,0.11027,-0.36018,0.07733,0.00375,0.88548
292.25,ETH-28JUN19,1561114742952,open,0.0,0.122,0.201,0.161408,90.57,None,0.0,ETH-5JUL19-250-C,288.95,0.0,0.0,0.0,0.0,0.0,0.0,0.14166,-0.4623,0.07479,0.00482,0.83462
292.25,ETH-28JUN19,1561114742955,open,0.0,9803.0,0.001,0.04,0.0,110.0,0.001,0.0,ETH-28JUN19-130-P,288.95,0.0,0.0,0.0,0.001,100.0,262.2,0.0,0.0,0.0,0.0,0.0
292.25,ETH-28JUN19,1561114742955,open,0.03,857.0,0.001,0.068,0.028308,94.49,0.027,0.0,ETH-28JUN19-310-C,288.95,89.92,0.026,31.0,0.031,240.0,99.77,0.14831,-1.01914,0.01762,0.00976,0.34834
292.25,ETH-28JUN19,1561114742952,open,0.0,0.001,0.046,0.006657,92.55,None,0.0,ETH-5JUL19-380-C,288.95,86.76,0.005,300.0,0.011,300.0,105.03,0.08957,-0.29874,0.00883,0.00298,0.08616
292.25,ETH-28JUN19,1561114742955,open,0.18,0.0,0.126,0.218,0.172039,95.38,None,0.0,ETH-28JUN19-340-P,288.95,0.0,0.0,0.0,0.239,1.0,242.46,0.08829,-0.61242,-0.05694,0.00575,-0.86226
10084.31,BTC-27SEP19,1561114742948,open,0.17,132.4,0.1295,0.209,0.1693602,81.91,0.171,0.0,BTC-27DEC19-12000-C,9776.08,81.96,0.1695,17.0,0.1755,5.0,84.05,28.93995,-6.27522,17.24197,7e-05,0.49977
292.25,ETH-28JUN19,1561114742952,open,0.0,0.255,0.359,0.306825,92.26,None,0.0,ETH-5JUL19-380-P,288.95,0.0,0.0,0.0,0.0,0.0,0.0,0.08898,-0.29582,-0.1357,0.00297,-0.9146
292.25,ETH-28JUN19,1561114742952,open,10.0,0.001,0.051,0.010595,90.5,0.008,0.0,ETH-5JUL19-240-P,288.95,80.17,0.007,301.0,0.013,144.0,96.63,0.11005,-0.35886,-0.01386,0.00375,-0.11419
292.25,ETH-28JUN19,1561114742953,open,20.0,0.001,0.049,0.009078,92.55,0.008,0.0,ETH-5JUL19-370-C,288.95,89.56,0.008,150.0,0.014,300.0,104.57,0.1084,-0.36154,0.01141,0.00361,0.11181
292.25,ETH-28JUN19,1561114742952,open,1.0,0.042,0.128,0.085248,90.47,0.077,0.0,ETH-5JUL19-300-P,288.95,78.54,0.076,180.0,0.091,180.0,97.87,0.22691,-0.7397,-0.06769,0.00773,-0.524
9857.94,BTC-28JUN19,1561114742949,open,0.05,72.2,0.009,0.0885,0.04856885,95.13,0.0445,0.0,BTC-26JUL19-12000-C,9776.08,92.73,0.046,26.3,0.051,19.3,97.38,10.61006,-14.47013,2.37725,0.00012,0.30095
292.25,ETH-28JUN19,1561114742953,open,0.0,0.195,0.293,0.244008,92.36,None,0.0,ETH-5JUL19-360-P,288.95,0.0,0.0,0.0,0.0,0.0,0.0,0.12855,-0.42783,-0.12234,0.00429,-0.85719
292.25,ETH-28JUN19,1561114742953,open,0.0,0.001,0.057,0.016811,90.51,None,0.0,ETH-5JUL19-250-P,288.95,82.33,0.013,240.0,0.02,377.0,96.92,0.14159,-0.46176,-0.02023,0.00482,-0.16525
292.25,ETH-28JUN19,1561114742952,open,0.0,0.225,0.326,0.275071,92.43,None,0.0,ETH-5JUL19-370-P,288.95,0.0,0.0,0.0,0.0,0.0,0.0,0.10815,-0.3602,-0.12928,0.0036,-0.88856
9857.94,BTC-28JUN19,1561114742968,open,0.0,0.0465,0.126,0.08647433,87.52,None,0.0,BTC-5JUL19-9500-C,9776.08,87.56,0.0865,18.0,0.094,18.0,97.63,7.32596,-23.10462,1.99453,0.00023,0.6187
302.41,ETH-27SEP19,1561114742985,open,0.43,0.0,0.375,0.489,0.431866,100.24,None,0.0,ETH-27SEP19-400-P,288.95,95.75,0.423,36.0,0.447,36.0,107.8,0.60084,-0.30767,-0.84486,0.00244,-0.60999
292.25,ETH-28JUN19,1561114742994,open,0.0,0.073,0.152,0.112403,90.55,None,0.0,ETH-5JUL19-270-C,288.95,83.96,0.108,60.0,0.123,60.0,106.06,0.19682,-0.6422,0.06576,0.00669,0.7043
9857.94,BTC-28JUN19,1561114743049,open,0.1,0.1,0.0485,0.1355,0.0919545,94.13,0.201,0.0,BTC-28JUN19-10500-P,9776.08,90.2,0.09,18.0,0.095,18.0,100.17,4.93404,-33.77282,-1.40409,0.00029,-0.66415
10084.31,BTC-27SEP19,1561114743181,open,0.7,225.7,0.6645,0.744,0.70419953,109.03,0.693,0.0,BTC-27SEP19-3000-C,9776.08,0.0,0.6475,5.0,0.759,5.0,246.97,1.08871,-0.60639,7.79448,0.0,0.99244
10084.31,BTC-27SEP19,1561114743181,open,0.35,93.6,0.312,0.3915,0.35192954,80.82,0.273,0.0,BTC-27DEC19-7500-C,9776.08,60.51,0.311,3.0,0.382,0.1,95.08,21.01549,-4.49633,22.76233,5e-05,0.78813
9857.94,BTC-28JUN19,1561114743194,open,0.02,900.3,0.0005,0.0565,0.01660492,97.99,0.0155,0.0,BTC-28JUN19-11000-C,9776.08,94.05,0.015,29.0,0.0175,4.0,100.13,4.08095,-29.07882,0.39121,0.00023,0.22727
9857.94,BTC-28JUN19,1561114743234,open,0.0,850.0,0.0005,0.04,0.0,110.0,0.0005,0.0,BTC-28JUN19-3000-P,9776.08,0.0,0.0,0.0,0.001,10.0,376.05,0.0,0.0,0.0,0.0,0.0
10084.31,BTC-27SEP19,1561114743253,open,0.03,65.5,0.0005,0.073,0.03208059,80.83,0.036,0.0,BTC-27DEC19-5500-P,9776.08,78.61,0.0295,6.0,0.034,6.0,82.44,11.8971,-2.54564,-6.43349,3e-05,-0.09121
9857.94,BTC-28JUN19,1561114743270,open,0.45,0.0,0.3865,0.5015,0.44392567,100.46,None,0.0,BTC-26JUL19-14000-P,9776.08,0.0,0.0,0.0,0.0,0.0,0.0,7.56228,-10.89137,-12.04711,8e-05,-0.83506
10084.31,BTC-27SEP19,1561114743291,open,0.11,55.3,0.068,0.1565,0.11248438,82.85,0.115,0.0,BTC-27SEP19-9000-P,9776.08,80.69,0.1085,4.9,0.116,4.9,84.76,18.56893,-7.85921,-11.57959,8e-05,-0.31573
10084.31,BTC-27SEP19,1561114743309,open,0.02,304.0,0.0005,0.061,0.02100105,99.41,0.016,0.0,BTC-27SEP19-22000-C,9776.08,97.77,0.0195,6.0,0.023,6.0,101.49,9.44242,-4.79499,2.24957,3e-05,0.10419
9857.94,BTC-28JUN19,1561114743309,open,0.32,0.8,0.2685,0.3735,0.32102983,110.18,0.4175,0.0,BTC-28JUN19-13000-P,9776.08,0.0,0.07,1.0,0.4945,1.1,500.0,1.15941,-9.28987,-2.37937,6e-05,-0.96028
9857.94,BTC-28JUN19,1561114743309,open,0.75,24.4,0.7065,0.786,0.74639192,0.0,0.5115,0.0,BTC-28JUN19-2500-C,9776.08,0.0,0.0,0.0,0.0,0.0,0.0,0.0,0.0,0.47094,0.0,1.0
9857.94,BTC-28JUN19,1561114743309,open,1.03,0.6,0.948,1.11,1.02886472,157.51,1.1775,0.0,BTC-28JUN19-20000-P,9776.08,0.0,0.0,0.0,1.1035,2.0,500.0,0.03613,-0.41389,-3.76614,0.0,-0.99922
10084.31,BTC-27SEP19,1561114743336,open,0.09,210.6,0.048,0.1275,0.0876678,85.67,0.083,0.0,BTC-27SEP19-13000-C,9776.08,84.03,0.0845,13.0,0.0905,4.9,87.12,19.59028,-8.57328,7.44285,8e-05,0.36291
9857.94,BTC-28JUN19,1561114743338,open,0.03,0.3,0.0005,0.068,0.0280549,98.95,0.021,0.0,BTC-26JUL19-13500-C,9776.08,97.08,0.0265,19.3,0.03,19.3,101.23,8.28974,-11.75955,1.5327,9e-05,0.19077
10084.31,BTC-27SEP19,1561114743389,open,0.05,93.9,0.009,0.0885,0.04881123,89.91,0.0465,0.0,BTC-27SEP19-16000-C,9776.08,88.4,0.0465,19.2,0.051,4.9,91.31,15.62231,-7.17512,4.73762,6e-05,0.22401
9857.97,BTC-28JUN19,1561114743394,open,0.0,0.0005,0.0435,0.00343857,87.55,None,0.0,BTC-5JUL19-7500-P,9776.08,78.72,0.002,30.0,0.005,14.0,95.06,1.84824,-5.83063,-0.18457,6e-05,-0.04581
9857.97,BTC-28JUN19,1561114743403,open,0.0,0.0005,0.0435,0.00343857,87.55,None,0.0,BTC-5JUL19-7500-P,9776.08,78.72,0.002,40.0,0.005,14.0,95.06,1.84824,-5.83063,-0.18457,6e-05,-0.04581
9857.94,BTC-28JUN19,1561114743410,open,0.09,71.2,0.0435,0.13,0.08674392,86.07,0.09,0.0,BTC-26JUL19-9500-P,9776.08,80.81,0.0805,26.3,0.086,19.3,85.44,11.71496,-14.45523,-4.51689,0.00015,-0.39279
10084.34,BTC-27SEP19,1561114743414,open,0.11,614.4,0.0695,0.149,0.10913334,84.49,0.107,0.0,BTC-27SEP19-12000-C,9776.08,82.7,0.1055,25.3,0.1115,5.0,85.65,20.5026,-8.84923,8.65127,9e-05,0.42906
292.25,ETH-28JUN19,1561114743598,open,0.0,270.0,0.001,0.042,0.002478,101.96,0.003,0.0,ETH-26JUL19-160-P,288.95,88.8,0.001,251.0,0.004,390.0,110.99,0.04238,-0.06194,-0.00607,0.00051,-0.01927
10084.31,BTC-27SEP19,1561114743666,open,0.44,3.5,0.3795,0.494,0.43665484,83.13,0.444,0.0,BTC-27DEC19-13000-P,9776.08,79.2,0.4255,3.6,0.4385,3.6,83.78,28.71225,-6.31863,-51.48731,7e-05,-0.55001
9857.94,BTC-28JUN19,1561114743667,open,0.12,60.1,0.0835,0.163,0.12306351,86.08,0.13,0.0,BTC-26JUL19-9500-C,9776.08,90.65,0.1285,14.4,0.1355,14.4,96.54,11.71496,-14.45661,4.56025,0.00015,0.6072
10084.31,BTC-27SEP19,1561114743677,open,0.23,462.1,0.192,0.2715,0.23197804,80.83,0.2365,0.0,BTC-27DEC19-10000-C,9776.08,80.83,0.232,1.0,0.239,3.6,83.39,27.62341,-5.91054,20.24169,6e-05,0.61988
10084.31,BTC-27SEP19,1561114743679,open,0.29,13.2,0.236,0.3385,0.28709752,80.82,0.321,0.0,BTC-27DEC19-11000-P,9776.08,78.33,0.28,3.6,0.291,3.6,82.2,28.65285,-6.13054,-38.14313,7e-05,-0.44385
9857.94,BTC-28JUN19,1561114743735,open,0.08,0.1,0.032,0.1175,0.07467511,93.92,0.0795,0.0,BTC-28JUN19-10250-P,9776.08,88.88,0.072,18.6,0.0765,0.6,97.34,5.24684,-35.83559,-1.2419,0.00031,-0.5941
9857.88,BTC-28JUN19,1561114743942,open,0.06,35.9,0.016,0.0955,0.05592597,92.37,0.057,0.0,BTC-28JUN19-9750-C,9776.11,86.96,0.053,18.6,0.057,3.3,94.35,5.33713,-35.84926,0.93548,0.00032,0.55969
9857.88,BTC-28JUN19,1561114743941,open,0.12,0.0,0.084,0.1635,0.12358333,92.61,None,0.0,BTC-28JUN19-8750-C,9776.11,0.0,0.0,0.0,0.1815,0.2,227.21,3.26887,-22.0136,1.33355,0.00019,0.84171
9857.88,BTC-28JUN19,1561114743942,open,0.0,539.6,0.0005,0.04,0.0,110.0,0.0005,0.0,BTC-28JUN19-4000-P,9776.11,0.0,0.0,0.0,0.0005,13.4,265.79,0.0,0.0,0.0,0.0,0.0
9857.88,BTC-28JUN19,1561114743942,open,0.85,33.8,0.808,0.8875,0.84783839,337.16,0.7145,0.0,BTC-28JUN19-1500-C,9776.11,0.0,0.0,0.0,0.0,0.0,0.0,0.00052,-0.01278,0.28255,0.0,0.99999
10084.26,BTC-27SEP19,1561114743942,open,0.64,0.0,0.5705,0.7005,0.63543821,89.9,None,0.0,BTC-27SEP19-16000-P,9776.11,0.0,0.0045,10.0,1.3435,0.2,500.0,15.62178,-7.17472,-38.16702,6e-05,-0.776
9857.88,BTC-28JUN19,1561114743943,open,0.01,431.1,0.0005,0.047,0.00711125,92.7,0.008,0.0,BTC-28JUN19-8500-P,9776.11,88.24,0.006,0.5,0.0075,30.0,94.2,2.53813,-17.11031,-0.21681,0.00015,-0.10964
10084.26,BTC-27SEP19,1561114743943,open,1.21,0.2,1.115,1.2905,1.20260981,99.4,1.391,0.0,BTC-27SEP19-22000-P,9776.11,0.0,0.0045,10.0,0.0,0.0,0.0,9.44034,-4.7935,-56.74461,3e-05,-0.89584
10084.26,BTC-27SEP19,1561114743944,open,0.01,315.4,0.0005,0.0525,0.01208358,84.59,0.0115,0.0,BTC-27SEP19-5500-P,9776.11,82.66,0.011,6.0,0.012,85.5,84.45,5.76517,-2.49142,-1.79983,2e-05,-0.05448
9857.88,BTC-28JUN19,1561114743941,open,0.0,0.138,0.2325,0.18535973,88.25,None,0.0,BTC-5JUL19-11500-P,9776.11,0.0,0.005,0.1,0.0,0.0,0.0,5.52617,-17.57398,-3.65838,0.00017,-0.79085
9857.88,BTC-28JUN19,1561114743944,open,0.42,2.4,0.364,0.4775,0.42078852,109.8,0.5245,0.0,BTC-28JUN19-14000-P,9776.11,0.0,0.0,0.0,0.5745,0.1,500.0,0.42723,-3.41137,-2.61581,2e-05,-0.98785
9857.88,BTC-28JUN19,1561114743944,open,0.01,836.2,0.0005,0.046,0.00641299,105.51,0.0075,0.0,BTC-28JUN19-12000-C,9776.11,101.57,0.0055,30.0,0.007,0.1,107.91,2.36275,-18.12925,0.17254,0.00012,0.09932
10084.26,BTC-27SEP19,1561114743944,open,0.85,42.8,0.8115,0.891,0.85127677,110.26,0.815,0.0,BTC-27SEP19-1500-C,9776.11,0.0,0.0,0.0,0.0,0.0,0.0,0.02941,-0.01657,4.01772,0.0,0.99985
9857.88,BTC-28JUN19,1561114743945,open,0.57,10.6,0.529,0.6085,0.56887544,161.92,0.535,0.0,BTC-28JUN19-4250-C,9776.11,0.0,0.021,1.0,0.0,0.0,0.0,0.00272,-0.03204,0.8005,0.0,0.99995
10084.26,BTC-27SEP19,1561114743945,open,0.0,1044.2,0.0005,0.044,0.00425503,92.32,0.0045,0.0,BTC-27SEP19-4250-P,9776.11,86.88,0.003,15.0,0.0055,21.0,96.85,2.56668,-1.21051,-0.66556,1e-05,-0.02036
10084.26,BTC-27SEP19,1561114743942,open,0.57,6.5,0.529,0.6085,0.56889268,82.14,0.54,0.0,BTC-27DEC19-4500-C,9776.11,0.0,0.251,2.0,0.98,1.0,500.0,7.28361,-1.58372,19.97341,2e-05,0.95165
9857.91,BTC-28JUN19,1561114743946,open,0.34,504.3,0.301,0.3805,0.34073992,110.2,0.292,0.0,BTC-28JUN19-6500-C,9776.11,0.0,0.0505,2.0,0.4665,5.0,500.0,0.09866,-0.79066,1.2199,0.0,0.99767
9857.91,BTC-28JUN19,1561114743946,open,0.44,148.3,0.4025,0.482,0.44207555,115.14,0.402,0.0,BTC-28JUN19-5500-C,9776.11,0.0,0.0015,2.0,0.4965,5.0,500.0,0.0044,-0.03684,1.03591,0.0,0.99992
9857.91,BTC-28JUN19,1561114743946,open,0.24,175.5,0.2005,0.28,0.2402347,100.12,0.2025,0.0,BTC-28JUN19-7500-C,9776.11,0.0,0.0605,0.1,0.318,0.3,364.22,0.64927,-4.72714,1.37412,4e-05,0.98021
9857.91,BTC-28JUN19,1561114743946,open,0.0,1151.2,0.0005,0.04,0.00010689,110.0,0.0005,0.0,BTC-28JUN19-6500-P,9776.11,0.0,0.0,0.0,0.0015,30.7,152.88,0.0973,-0.7783,-0.00447,0.0,-0.0023
10084.26,BTC-27SEP19,1561114743946,open,0.02,202.5,0.0005,0.057,0.01706236,102.43,0.0115,0.0,BTC-27SEP19-24000-C,9776.11,100.45,0.0155,21.0,0.019,6.0,104.75,8.15541,-4.26732,1.84828,3e-05,0.08541
10084.26,BTC-27SEP19,1561114743947,open,0.04,160.9,0.0005,0.08,0.0389099,83.02,0.0405,0.0,BTC-27SEP19-7000-P,9776.11,81.39,0.037,6.0,0.0405,2.5,84.37,11.82691,-5.0162,-4.93647,5e-05,-0.14364
9857.91,BTC-28JUN19,1561114743945,open,0.02,17.5,0.0005,0.0635,0.02376363,100.48,0.0245,0.0,BTC-26JUL19-14000-C,9776.11,98.14,0.022,24.3,0.0255,19.3,102.71,7.56383,-10.8955,1.33024,8e-05,0.16499
10084.26,BTC-27SEP19,1561114743947,open,0.01,408.0,0.0005,0.0485,0.00864875,88.51,0.008,0.0,BTC-27SEP19-5000-P,9776.11,85.79,0.0075,6.0,0.0095,6.0,90.4,4.42815,-2.00211,-1.29433,2e-05,-0.03922
9857.91,BTC-28JUN19,1561114743944,open,0.4,0.0,0.342,0.453,0.39750777,98.94,None,0.0,BTC-26JUL19-13500-P,9776.11,0.0,0.0,0.0,0.0,0.0,0.0,8.2891,-11.7579,-11.3667,9e-05,-0.80925
9857.91,BTC-28JUN19,1561114743941,open,0.0,0.157,0.2365,0.19666104,87.52,None,0.0,BTC-5JUL19-8000-C,9776.11,0.0,0.0,0.0,0.0,0.0,0.0,3.25495,-10.26543,2.65359,0.0001,0.90475
9857.91,BTC-28JUN19,1561114743944,open,0.18,27.8,0.1425,0.222,0.18219983,86.07,0.179,0.0,BTC-26JUL19-8500-C,9776.11,80.14,0.1765,7.0,0.0,0.0,0.0,9.58084,-11.82272,5.39464,0.00012,0.75493
9857.91,BTC-28JUN19,1561114743941,open,2.0,0.0005,0.0685,0.02880582,88.27,0.025,0.0,BTC-5JUL19-11000-C,9776.11,92.27,0.0315,20.0,0.0365,24.0,99.53,6.58835,-20.95595,0.98204,0.0002,0.29086
10084.29,BTC-27SEP19,1561114743945,open,2.21,0.3,2.0745,2.33,2.20216934,100.65,2.435,0.0,BTC-27DEC19-32000-P,9776.11,0.0,0.0,0.0,0.0,0.0,0.0,13.53554,-3.60664,-161.41982,3e-05,-0.89118
10084.29,BTC-27SEP19,1561114743945,open,0.06,170.1,0.017,0.1015,0.05920027,80.83,0.056,0.0,BTC-27DEC19-6500-P,9776.11,78.28,0.055,6.0,0.06,6.0,81.31,16.74498,-3.58283,-10.80012,4e-05,-0.14777
9857.91,BTC-28JUN19,1561114743948,open,0.0,720.4,0.0005,0.041,0.00104274,100.08,0.001,0.0,BTC-28JUN19-7500-P,9776.11,89.84,0.0005,22.4,0.0015,40.0,106.27,0.64837,-4.71892,-0.03863,4e-05,-0.01976
10084.29,BTC-27SEP19,1561114743945,open,0.15,229.7,0.108,0.1875,0.14753272,83.13,0.1445,0.0,BTC-27DEC19-13000-C,9776.11,82.24,0.145,17.0,0.153,3.6,85.05,28.71229,-6.3189,15.78353,7e-05,0.45
9857.91,BTC-28JUN19,1561114743945,open,0.02,115.9,0.0005,0.0595,0.01894028,87.18,0.021,0.0,BTC-26JUL19-7500-P,9776.11,84.89,0.0175,31.0,0.0205,27.0,89.59,6.28111,-7.85036,-1.35805,8e-05,-0.12524
10084.29,BTC-27SEP19,1561114743948,open,0.47,230.7,0.427,0.5065,0.46668186,84.6,0.42,0.0,BTC-27SEP19-5500-C,9776.11,0.0,0.0045,8.0,0.89,5.0,500.0,5.7654,-2.49159,12.94845,2e-05,0.94552
9857.91,BTC-28JUN19,1561114743945,open,0.36,0.0,0.2985,0.4065,0.35248444,97.89,None,0.0,BTC-26JUL19-13000-P,9776.11,0.0,0.0,0.0,0.0,0.0,0.0,9.08567,-12.75041,-10.6417,0.0001,-0.7773
10084.29,BTC-27SEP19,1561114743947,open,2.01,0.2,1.887,2.127,2.00712619,99.12,2.2245,0.0,BTC-27DEC19-30000-P,9776.11,0.0,0.0,0.0,0.0,0.0,0.0,14.55332,-3.81867,-150.63295,3e-05,-0.87951
10084.29,BTC-27SEP19,1561114743942,open,1.43,0.0,1.33,1.5235,1.42683855,93.72,None,0.0,BTC-27DEC19-24000-P,9776.11,0.0,0.0065,1.0,2.271,0.2,500.0,18.44706,-4.57676,-117.70031,4e-05,-0.82869
10084.29,BTC-27SEP19,1561114743944,open,1.82,0.1,1.7005,1.925,1.8125963,97.37,2.02,0.0,BTC-27DEC19-28000-P,9776.11,0.0,0.0,0.0,0.0,0.0,0.0,15.668,-4.03858,-139.77828,3e-05,-0.86602
10084.29,BTC-27SEP19,1561114743945,open,0.02,123.2,0.0005,0.0645,0.02499585,104.44,0.0265,0.0,BTC-27DEC19-36000-C,9776.11,104.44,0.025,7.0,0.027,6.0,106.07,12.13887,-3.35609,3.58626,2e-05,0.09372
9857.91,BTC-28JUN19,1561114743943,open,0.01,108.8,0.0005,0.052,0.01194852,89.34,0.011,0.0,BTC-26JUL19-7000-P,9776.11,87.32,0.011,5.0,0.013,3.0,91.5,4.70519,-6.0265,-0.90497,6e-05,-0.08413
10084.29,BTC-27SEP19,1561114743946,open,0.03,137.9,0.0005,0.072,0.03220773,99.12,0.0305,0.0,BTC-27DEC19-30000-C,9776.11,97.92,0.0305,6.0,0.035,6.0,101.02,14.55465,-3.81918,4.60786,3e-05,0.12051
10084.29,BTC-27SEP19,1561114743945,open,1.24,0.0,1.1475,1.326,1.23674311,91.96,None,0.0,BTC-27DEC19-22000-P,9776.11,0.0,0.0065,2.0,2.077,0.3,500.0,20.19073,-4.91499,-106.38381,4e-05,-0.80193
10084.29,BTC-27SEP19,1561114743946,open,0.12,301.9,0.075,0.1545,0.11480112,85.65,0.116,0.0,BTC-27DEC19-15000-C,9776.11,84.62,0.112,5.0,0.118,9.9,86.83,27.34795,-6.20085,13.22769,6e-05,0.36829
10084.29,BTC-27SEP19,1561114743946,open,0.27,157.9,0.2345,0.314,0.27420166,80.83,0.2835,0.0,BTC-27DEC19-9000-C,9776.11,78.4,0.268,5.0,0.2825,12.7,84.08,25.71176,-5.50145,21.52245,6e-05,0.68664
9857.91,BTC-28JUN19,1561114743941,open,0.0,0.078,0.1575,0.11756451,87.52,None,0.0,BTC-5JUL19-9000-C,9776.11,0.0,0.005,0.1,0.0,0.0,0.0,6.33148,-19.96798,2.30264,0.0002,0.732
10084.29,BTC-27SEP19,1561114743946,open,0.01,96.6,0.0005,0.0465,0.00626775,86.0,0.011,0.0,BTC-27DEC19-3500-P,9776.11,82.39,0.005,11.0,0.0075,16.0,89.14,3.76373,-0.8569,-1.45953,1e-05,-0.0217
10084.29,BTC-27SEP19,1561114743945,open,0.45,122.6,0.4095,0.489,0.4494751,80.83,0.45,0.0,BTC-27DEC19-6000-C,9776.11,0.0,0.001,11.0,0.46,0.1,88.01,14.36251,-3.0731,22.55678,3e-05,0.88174
9857.91,BTC-28JUN19,1561114743946,open,0.44,0.0,0.405,0.4845,0.44477886,100.62,0.4,0.0,BTC-26JUL19-5500-C,9776.11,0.0,0.0015,1.0,0.0,0.0,0.0,1.54356,-2.22666,5.03105,2e-05,0.9789
292.24,ETH-28JUN19,1561114743954,open,0.0,10422.0,0.001,0.04,0.00024,109.99,0.001,0.0,ETH-28JUN19-200-P,288.94,0.0,0.0,0.0,0.002,103.0,147.81,0.00562,-0.04497,-0.00028,0.00032,-0.00483
302.41,ETH-27SEP19,1561114743954,open,0.02,5682.0,0.001,0.058,0.017793,97.54,0.02,0.0,ETH-27SEP19-160-P,288.94,89.76,0.013,210.0,0.019,60.0,99.35,0.19891,-0.09911,-0.06726,0.00083,-0.06515
302.41,ETH-27SEP19,1561114743954,open,0.0,8190.0,0.001,0.045,0.005015,101.15,0.005,0.0,ETH-27SEP19-120-P,288.94,97.07,0.004,10.0,0.006,60.0,104.68,0.08016,-0.04142,-0.02139,0.00032,-0.02136
302.41,ETH-27SEP19,1561114743954,open,0.0,389.0,0.001,0.04,0.000163,110.0,0.002,0.0,ETH-27SEP19-60-P,288.94,0.0,0.0,0.0,0.005,150.0,171.73,0.00474,-0.00267,-0.00085,2e-05,-0.00089
302.42,ETH-27SEP19,1561114743959,open,0.03,5035.0,0.001,0.071,0.030196,97.54,0.04,0.0,ETH-27SEP19-180-P,288.94,92.82,0.026,287.0,0.031,200.0,98.42,0.27546,-0.13726,-0.10583,0.00115,-0.10031
292.23,ETH-28JUN19,1561114744124,open,0.05,676.0,0.014,0.093,0.053768,91.56,0.052,0.0,ETH-28JUN19-290-C,288.94,84.53,0.05,105.0,0.054,10.0,91.9,0.15879,-1.05728,0.02727,0.01078,0.54926
302.41,ETH-27SEP19,1561114744136,open,0.33,81.0,0.276,0.382,0.329104,98.97,0.409,0.0,ETH-27SEP19-360-P,288.94,94.55,0.32,36.0,0.343,36.0,105.72,0.62254,-0.31477,-0.69943,0.00256,-0.53342
292.23,ETH-28JUN19,1561114744155,open,0.0,0.073,0.152,0.112343,90.58,None,0.0,ETH-5JUL19-270-C,288.94,82.51,0.107,60.0,0.123,60.0,106.12,0.19686,-0.64255,0.06574,0.00669,0.70412
292.24,ETH-28JUN19,1561114744164,open,1.0,0.042,0.128,0.085311,90.49,0.077,0.0,ETH-5JUL19-300-P,288.94,78.51,0.076,180.0,0.092,180.0,99.13,0.2269,-0.73989,-0.0677,0.00772,-0.52405
292.24,ETH-28JUN19,1561114744173,open,0.07,2387.0,0.034,0.113,0.073252,92.52,0.068,0.0,ETH-28JUN19-280-C,288.94,81.98,0.068,274.0,0.077,185.0,99.83,0.14769,-0.9937,0.03206,0.00992,0.65558
302.41,ETH-27SEP19,1561114744183,open,0.38,27.0,0.324,0.434,0.379151,99.46,0.48,0.0,ETH-27SEP19-380-P,288.94,95.43,0.371,36.0,0.394,36.0,106.74,0.61403,-0.31198,-0.77273,0.00252,-0.57375
292.23,ETH-28JUN19,1561114744191,open,0.0,0.001,0.077,0.036273,90.49,0.031,0.0,ETH-5JUL19-270-P,288.94,81.1,0.03,357.0,0.04,117.0,96.02,0.19682,-0.64175,-0.03688,0.0067,-0.29575
292.24,ETH-28JUN19,1561114744200,open,0.12,1897.0,0.083,0.162,0.12205,93.14,0.12,0.0,ETH-28JUN19-260-C,288.94,76.74,0.117,60.0,0.125,42.0,101.4,0.09916,-0.67162,0.0393,0.00662,0.83604
292.23,ETH-28JUN19,1561114744748,open,0.0,270.0,0.001,0.042,0.00248,101.95,0.003,0.0,ETH-26JUL19-160-P,288.94,88.79,0.001,101.0,0.004,390.0,110.97,0.04239,-0.06195,-0.00607,0.00051,-0.01927
9857.91,BTC-28JUN19,1561114744872,open,2.0,0.0005,0.0685,0.02880558,88.27,0.025,0.0,BTC-5JUL19-11000-C,9776.11,92.27,0.0315,20.0,0.037,24.0,100.24,6.58835,-20.95595,0.98204,0.0002,0.29086
10084.29,BTC-27SEP19,1561114744929,open,0.1,128.9,0.052,0.139,0.09566953,80.83,0.1095,0.0,BTC-27DEC19-7500-P,9776.11,77.86,0.0895,4.9,0.096,14.9,80.98,21.01571,-4.49662,-16.04844,5e-05,-0.21187
10084.29,BTC-27SEP19,1561114744931,open,0.1,128.9,0.052,0.139,0.09566953,80.83,0.1095,0.0,BTC-27DEC19-7500-P,9776.11,77.86,0.0895,4.9,0.0955,4.9,80.74,21.01571,-4.49662,-16.04844,5e-05,-0.21187
9857.85,BTC-28JUN19,1561114744942,open,0.7,43.6,0.656,0.7355,0.69567493,214.12,0.6755,0.0,BTC-28JUN19-3000-C,9776.63,0.0,0.0035,1.0,0.0,0.0,0.0,0.00081,-0.01268,0.5651,0.0,0.99999
9857.85,BTC-28JUN19,1561114744942,open,0.05,1405.2,0.0045,0.084,0.04421969,92.73,0.0445,0.0,BTC-28JUN19-10000-C,9776.63,87.76,0.0415,18.6,0.044,11.0,92.33,5.39121,-36.35564,0.8102,0.00032,0.48052
9857.85,BTC-28JUN19,1561114744942,open,0.04,17.8,0.0005,0.0745,0.03488727,93.9,0.0375,0.0,BTC-28JUN19-10250-C,9776.63,89.4,0.0325,18.0,0.036,5.0,95.98,5.24658,-35.82417,0.68885,0.00031,0.40584
9857.85,BTC-28JUN19,1561114744942,open,0.07,462.5,0.03,0.1095,0.06998148,92.59,0.0705,0.0,BTC-28JUN19-9500-C,9776.63,85.8,0.0665,23.6,0.07,11.0,92.62,5.06889,-34.12907,1.05577,0.0003,0.63852
9857.85,BTC-28JUN19,1561114744942,open,0.17,0.0,0.1275,0.207,0.1673735,92.72,None,0.0,BTC-28JUN19-8250-C,9776.63,0.0,0.0,0.0,0.2345,0.2,276.53,1.85153,-12.48369,1.41292,0.00011,0.92824
9857.85,BTC-28JUN19,1561114744942,open,0.0,94.5,0.0005,0.04,0.0,110.0,0.0005,0.0,BTC-28JUN19-3250-P,9776.63,0.0,0.0,0.0,0.001,10.0,351.94,0.0,0.0,0.0,0.0,0.0
9857.85,BTC-28JUN19,1561114744942,open,0.18,0.3,0.13,0.2235,0.17678987,101.56,0.3025,0.0,BTC-28JUN19-11500-P,9776.63,0.0,0.0,0.0,0.243,0.2,245.61,3.15726,-23.3188,-1.90637,0.00017,-0.84981
9857.85,BTC-28JUN19,1561114744942,open,0.67,0.1,0.6305,0.71,0.67031451,200.86,0.395,0.0,BTC-28JUN19-3250-C,9776.63,0.0,0.0015,1.0,0.0,0.0,0.0,0.00093,-0.01361,0.61219,0.0,0.99998
10084.24,BTC-27SEP19,1561114744942,open,0.75,55.9,0.713,0.7925,0.75273299,110.01,0.689,0.0,BTC-27SEP19-2500-C,9776.63,0.0,0.0045,10.0,0.944,5.0,500.0,0.49742,-0.27955,6.60155,0.0,0.99686
9857.85,BTC-28JUN19,1561114744942,open,0.39,1684.4,0.3515,0.431,0.39136547,110.93,0.3625,0.0,BTC-28JUN19-6000-C,9776.63,0.0,0.3465,5.0,0.3995,5.0,245.88,0.02059,-0.16609,1.12943,0.0,0.99958
10084.24,BTC-27SEP19,1561114744942,open,0.06,164.0,0.0185,0.098,0.05814583,88.15,0.0545,0.0,BTC-27SEP19-15000-C,9776.63,86.87,0.056,18.9,0.06,5.0,89.25,16.95708,-7.63626,5.47355,7e-05,0.26056
9857.85,BTC-28JUN19,1561114744942,open,0.0,990.2,0.0005,0.04,8e-08,110.0,0.0005,0.0,BTC-28JUN19-5000-P,9776.63,0.0,0.0,0.0,0.0015,30.0,236.14,0.00016,-0.00075,0.0,0.0,0.0
10084.24,BTC-27SEP19,1561114744942,open,1.01,0.0,0.93,1.09,1.00999217,96.28,None,0.0,BTC-27SEP19-20000-P,9776.63,0.0,0.0045,10.0,1.7145,0.2,500.0,11.07455,-5.44698,-50.82439,4e-05,-0.86953
9857.85,BTC-28JUN19,1561114744942,open,0.0,133.4,0.0005,0.04,0.0,110.0,0.0005,0.0,BTC-28JUN19-3750-P,9776.63,0.0,0.0,0.0,0.0005,10.0,283.66,0.0,0.0,0.0,0.0,0.0
10084.24,BTC-27SEP19,1561114744942,open,0.01,282.9,0.0005,0.0465,0.00657296,88.77,0.0075,0.0,BTC-27SEP19-4750-P,9776.63,84.08,0.005,21.2,0.008,21.0,92.51,3.64184,-1.65143,-1.01349,2e-05,-0.03091
10084.24,BTC-27SEP19,1561114744942,open,0.0,75.6,0.0005,0.0425,0.00254446,95.78,0.004,0.0,BTC-27SEP19-3750-P,9776.63,88.47,0.0015,15.0,0.0035,6.0,100.94,1.68587,-0.8249,-0.40592,1e-05,-0.01247
10084.24,BTC-27SEP19,1561114744942,open,0.51,793.4,0.473,0.5525,0.51282674,88.51,0.361,0.0,BTC-27SEP19-5000-C,9776.63,0.0,0.2,2.0,0.556,0.1,149.64,4.42846,-2.00231,12.11317,2e-05,0.96078
9857.85,BTC-28JUN19,1561114744942,open,0.29,815.2,0.2505,0.33,0.2904029,109.6,0.2435,0.0,BTC-28JUN19-7000-C,9776.63,0.0,0.006,6.0,0.2995,4.0,189.57,0.34033,-2.71258,1.30032,2e-05,0.99064
9857.85,BTC-28JUN19,1561114744942,open,0.14,126.5,0.105,0.1845,0.1448575,92.71,0.14,0.0,BTC-28JUN19-8500-C,9776.63,72.41,0.1405,0.1,0.15,1.0,110.59,2.53861,-17.1156,1.38432,0.00015,0.89033
10084.24,BTC-27SEP19,1561114744942,open,0.28,907.2,0.237,0.3165,0.27684302,82.85,0.27,0.0,BTC-27SEP19-8000-C,9776.63,69.1,0.256,5.0,0.298,0.2,96.24,15.67574,-6.63433,13.46085,7e-05,0.77463
9857.85,BTC-28JUN19,1561114744943,open,0.1,1186.3,0.064,0.1435,0.10387445,92.59,0.105,0.0,BTC-28JUN19-9000-C,9776.63,80.04,0.099,5.0,0.104,11.0,92.9,3.98203,-26.8118,1.25981,0.00023,0.78229
9857.85,BTC-28JUN19,1561114744943,open,0.0,685.1,0.0005,0.04,0.0,110.0,0.001,0.0,BTC-28JUN19-2500-P,9776.63,0.0,0.0,0.0,0.0005,18.0,396.61,0.0,0.0,0.0,0.0,0.0
9857.85,BTC-28JUN19,1561114744942,open,0.03,157.0,0.0005,0.0735,0.03374993,97.89,0.032,0.0,BTC-26JUL19-13000-C,9776.63,95.98,0.032,89.3,0.0355,19.3,99.78,9.08585,-12.7513,1.77984,0.0001,0.22271
10084.24,BTC-27SEP19,1561114744944,open,0.17,988.9,0.1335,0.213,0.17334462,82.85,0.1725,0.0,BTC-27SEP19-10000-C,9776.63,81.18,0.17,5.0,0.1755,5.0,83.92,20.26975,-8.5786,11.33525,9e-05,0.59253
9857.85,BTC-28JUN19,1561114744943,open,0.01,192.6,0.0005,0.05,0.01021045,101.58,0.009,0.0,BTC-28JUN19-11500-C,9776.63,97.71,0.009,24.0,0.011,0.1,104.01,3.15768,-23.32444,0.25999,0.00017,0.15022
10084.24,BTC-27SEP19,1561114744943,open,0.0,47.1,0.0005,0.0415,0.00150976,100.54,0.0025,0.0,BTC-27SEP19-3250-P,9776.63,87.38,0.0005,10.0,0.0025,21.0,108.37,1.07423,-0.55176,-0.2421,0.0,-0.00744
9857.85,BTC-28JUN19,1561114744944,open,0.0,1081.6,0.0005,0.0425,0.00241164,92.7,0.003,0.0,BTC-28JUN19-8000-P,9776.63,84.63,0.0015,20.0,0.002,16.5,89.32,1.2619,-8.50686,-0.08638,7e-05,-0.04411
9857.85,BTC-28JUN19,1561114744942,open,4.0,0.0005,0.0585,0.01879026,88.27,0.0275,0.0,BTC-5JUL19-11500-C,9776.63,93.86,0.022,20.0,0.0265,24.0,101.33,5.52701,-17.58041,0.71358,0.00017,0.2092
10084.24,BTC-27SEP19,1561114744942,open,0.8,0.0,0.7635,0.843,0.80317335,102.1,None,0.0,BTC-27DEC19-2000-C,9776.63,0.0,0.015,3.0,0.987,0.5,500.0,1.06507,-0.28788,10.00552,0.0,0.99491
9857.85,BTC-28JUN19,1561114744944,open,0.8,20.1,0.7575,0.837,0.79711662,280.01,0.578,0.0,BTC-28JUN19-2000-C,9776.63,0.0,0.0,0.0,0.0,0.0,0.0,0.00043,-0.00883,0.37674,0.0,0.99999
9858.37,BTC-28JUN19,1561114744944,open,0.04,117.0,0.0005,0.075,0.03367753,92.62,0.03,0.0,BTC-28JUN19-9500-P,9776.63,86.43,0.0305,29.6,0.0345,5.0,94.22,5.06857,-34.13971,-0.7336,0.0003,-0.36135
10084.24,BTC-27SEP19,1561114744944,open,0.34,760.9,0.305,0.3845,0.34475968,83.03,0.3285,0.0,BTC-27SEP19-7000-C,9776.63,61.15,0.322,5.0,0.5,17.0,195.45,11.8271,-5.01638,13.83406,5e-05,0.85635
10084.24,BTC-27SEP19,1561114744942,open,0.0,168.7,0.0005,0.0435,0.00372072,88.79,0.0095,0.0,BTC-27DEC19-3000-P,9776.63,83.22,0.0025,10.0,0.005,16.0,93.55,2.47617,-0.58204,-0.88802,1e-05,-0.0133
10084.24,BTC-27SEP19,1561114744944,open,0.22,380.7,0.18,0.2595,0.21999729,82.85,0.2205,0.0,BTC-27SEP19-9000-C,9776.63,80.13,0.215,5.0,0.2225,5.0,84.21,18.56892,-7.85878,12.55424,8e-05,0.68426
10084.24,BTC-27SEP19,1561114744944,open,0.04,231.8,0.0005,0.075,0.03525703,93.06,0.0235,0.0,BTC-27SEP19-18000-C,9776.63,91.31,0.033,19.8,0.0375,4.9,94.77,13.12413,-6.23945,3.59481,5e-05,0.1682
9858.37,BTC-28JUN19,1561114744945,open,0.0,520.6,0.0005,0.04,0.0,110.0,0.0005,0.0,BTC-28JUN19-2000-P,9776.63,0.0,0.0,0.0,0.001,24.8,499.76,0.0,0.0,0.0,0.0,0.0
9858.37,BTC-28JUN19,1561114744944,open,0.0,884.7,0.0005,0.04,1.45e-06,110.01,0.0005,0.0,BTC-28JUN19-5500-P,9776.63,0.0,0.0,0.0,0.0015,30.0,206.08,0.00229,-0.01429,-8e-05,0.0,-4e-05
9858.37,BTC-28JUN19,1561114744945,open,0.49,688.2,0.453,0.5325,0.49279163,0.0,0.4765,0.0,BTC-28JUN19-5000-C,9776.63,0.0,0.25,1.9,0.5,10.0,311.72,0.0,0.0,0.94188,0.0,1.0
9858.37,BTC-28JUN19,1561114744945,open,0.0,318.6,0.0005,0.04,1e-08,110.01,0.0015,0.0,BTC-28JUN19-4750-P,9776.63,0.0,0.0,0.0,0.0015,30.0,252.3,3e-05,-0.00013,0.0,0.0,0.0
10084.24,BTC-27SEP19,1561114744945,open,0.38,0.0,0.322,0.4315,0.37681007,85.67,None,0.0,BTC-27SEP19-13000-P,9776.63,0.0,0.0045,50.0,1.0685,0.3,500.0,19.59016,-8.57342,-27.41706,8e-05,-0.63709
9858.37,BTC-28JUN19,1561114744945,open,0.0,266.4,0.0005,0.04,0.0,110.01,0.0005,0.0,BTC-28JUN19-4250-P,9776.63,0.0,0.0,0.0,0.0015,30.0,287.27,0.0,0.0,0.0,0.0,0.0
10084.24,BTC-27SEP19,1561114744943,open,0.75,0.0,0.715,0.7945,0.75457969,95.12,None,0.0,BTC-27DEC19-2500-C,9776.63,0.0,0.015,3.0,0.9855,0.5,500.0,1.70242,-0.42868,12.35548,0.0,0.99135
10084.24,BTC-27SEP19,1561114744945,open,0.68,0.0,0.6395,0.719,0.67922533,100.55,None,0.0,BTC-27SEP19-3250-C,9776.63,0.0,0.0045,10.0,0.935,5.0,500.0,1.07452,-0.55194,8.47278,0.0,0.99255
9858.37,BTC-28JUN19,1561114744942,open,0.0,82.0,0.0005,0.0445,0.00439031,95.62,0.0035,0.0,BTC-26JUL19-6000-P,9776.63,91.54,0.0035,17.0,0.0055,27.0,100.11,2.28747,-3.13574,-0.35963,3e-05,-0.03379
9858.37,BTC-28JUN19,1561114744946,open,0.0,278.7,0.0005,0.04,0.0,110.01,0.0005,0.0,BTC-28JUN19-4500-P,9776.63,0.0,0.0,0.0,0.0005,10.5,233.21,1e-05,-2e-05,0.0,0.0,0.0
9858.37,BTC-28JUN19,1561114744942,open,0.39,0.0,0.356,0.4355,0.39574191,95.49,None,0.0,BTC-26JUL19-6000-C,9776.63,0.0,0.0035,1.0,0.0,0.0,0.0,2.27922,-3.12042,5.37503,3e-05,0.96636
10084.24,BTC-27SEP19,1561114744942,open,0.0,87.9,0.0005,0.0415,0.00150223,102.1,0.001,0.0,BTC-27DEC19-2000-P,9776.63,88.93,0.0005,5.0,0.0025,10.0,110.04,1.06489,-0.28782,-0.34377,0.0,-0.00509
10084.24,BTC-27SEP19,1561114744946,open,0.8,28.2,0.762,0.8415,0.80183394,110.02,0.755,0.0,BTC-27SEP19-2000-C,9776.63,0.0,0.007,1.1,0.9515,5.0,500.0,0.15811,-0.08887,5.33455,0.0,0.99911
9858.37,BTC-28JUN19,1561114744946,open,0.0,1430.2,0.0005,0.04,6e-08,109.99,0.0005,0.0,BTC-28JUN19-20000-C,9776.63,0.0,0.0,0.0,0.0005,4.8,195.74,0.00013,-0.00058,0.0,0.0,0.0
9858.37,BTC-28JUN19,1561114744946,open,0.02,256.8,0.0005,0.0575,0.01684965,92.61,0.018,0.0,BTC-28JUN19-9000-P,9776.63,86.69,0.0145,24.5,0.0165,5.1,91.75,3.98147,-26.8149,-0.43545,0.00023,-0.21763
10084.24,BTC-27SEP19,1561114744942,open,0.66,4.0,0.6195,0.699,0.65919234,86.01,0.59,0.0,BTC-27DEC19-3500-C,9776.63,0.0,0.0045,10.0,0.77,1.0,218.74,3.764,-0.85698,16.6517,1e-05,0.9783
10084.24,BTC-27SEP19,1561114744947,open,0.82,1.0,0.7475,0.893,0.82021696,93.06,1.5815,0.0,BTC-27SEP19-18000-P,9776.63,0.0,0.0045,0.3,1.528,0.3,500.0,13.12359,-6.23902,-44.67285,5e-05,-0.83182
10084.24,BTC-27SEP19,1561114744942,open,0.07,320.0,0.026,0.1055,0.06591678,90.09,0.0645,0.0,BTC-27DEC19-20000-C,9776.63,88.75,0.063,7.4,0.0685,0.2,91.26,22.1286,-5.27744,8.66164,5e-05,0.2319
10084.24,BTC-27SEP19,1561114744942,open,0.17,59.1,0.1205,0.213,0.16667832,80.82,0.1615,0.0,BTC-27DEC19-9000-P,9776.63,78.21,0.16,0.1,0.1675,10.0,81.15,25.71175,-5.50137,-25.04967,6e-05,-0.31336
10084.24,BTC-27SEP19,1561114744947,open,1.4,0.2,1.3015,1.4925,1.39700864,102.42,1.6,0.0,BTC-27SEP19-24000-P,9776.63,0.0,0.0,0.0,0.0,0.0,0.0,8.15411,-4.26639,-62.5087,3e-05,-0.91461
9858.37,BTC-28JUN19,1561114744946,open,0.59,322.4,0.5545,0.634,0.59423448,0.0,0.495,0.0,BTC-28JUN19-4000-C,9776.63,0.0,0.0,0.0,0.649,0.1,500.0,0.0,0.0,0.7535,0.0,1.0
9858.37,BTC-28JUN19,1561114744947,open,0.0,402.3,0.0005,0.04,0.0,110.0,0.0005,0.0,BTC-28JUN19-3500-P,9776.63,0.0,0.0,0.0,0.0005,10.0,302.8,0.0,0.0,0.0,0.0,0.0
10084.24,BTC-27SEP19,1561114744942,open,0.22,20.9,0.175,0.2725,0.22361743,80.83,0.2175,0.0,BTC-27DEC19-10000-P,9776.63,78.05,0.216,4.9,0.2255,8.5,81.51,27.62336,-5.91042,-31.5052,6e-05,-0.38013
9858.37,BTC-28JUN19,1561114744942,open,0.0,0.115,0.1945,0.15456188,87.45,None,0.0,BTC-5JUL19-8500-C,9776.63,0.0,0.0,0.0,0.0,0.0,0.0,4.86143,-15.31964,2.53189,0.00015,0.83014
10084.24,BTC-27SEP19,1561114744942,open,0.2,289.6,0.1565,0.236,0.19629921,80.83,0.1955,0.0,BTC-27DEC19-11000-C,9776.63,81.25,0.1975,10.0,0.2045,3.6,83.72,28.65264,-6.1307,18.77797,7e-05,0.55615
9858.37,BTC-28JUN19,1561114744947,open,0.62,30.0,0.58,0.6595,0.61959482,0.0,0.298,0.0,BTC-28JUN19-3750-C,9776.63,0.0,0.0015,1.0,0.0,0.0,0.0,0.0,0.0,0.70641,0.0,1.0
9858.37,BTC-28JUN19,1561114744948,open,0.06,47.4,0.0165,0.1005,0.05863483,92.78,0.0595,0.0,BTC-28JUN19-10000-P,9776.63,87.96,0.056,23.6,0.061,23.7,97.1,5.39162,-36.37684,-1.07323,0.00032,-0.51928
9858.37,BTC-28JUN19,1561114744942,open,0.0,0.099,0.19,0.14466076,88.33,None,0.0,BTC-5JUL19-11000-P,9776.63,0.0,0.0,0.0,0.0,0.0,0.0,6.5914,-20.97973,-3.19885,0.0002,-0.70888
10084.76,BTC-27SEP19,1561114744942,open,0.04,207.3,0.003,0.086,0.04445969,80.83,0.044,0.0,BTC-27DEC19-6000-P,9776.63,79.8,0.043,5.0,0.045,2.5,81.21,14.36246,-3.07329,-8.49123,3e-05,-0.11825
9858.37,BTC-28JUN19,1561114744944,open,0.15,21.3,0.111,0.1905,0.15056807,86.05,0.15,0.0,BTC-26JUL19-9000-C,9776.63,89.16,0.154,7.0,0.0,0.0,0.0,10.8577,-13.39456,5.01323,0.00014,0.68278
9858.37,BTC-28JUN19,1561114744942,open,0.23,0.0,0.177,0.2745,0.22559667,94.16,None,0.0,BTC-26JUL19-11500-P,9776.63,0.0,0.0,0.0,0.0,0.0,0.0,11.29464,-15.2478,-8.24192,0.00013,-0.64937
10084.76,BTC-27SEP19,1561114744945,open,0.04,20.1,0.0005,0.076,0.03600568,97.37,0.034,0.0,BTC-27DEC19-28000-C,9776.63,96.06,0.034,6.0,0.039,6.0,99.26,15.67006,-4.03913,5.11348,3e-05,0.13399
10084.76,BTC-27SEP19,1561114744942,open,0.04,177.9,0.0005,0.0795,0.03990743,95.04,0.039,0.0,BTC-27DEC19-26000-C,9776.63,94.5,0.039,6.0,0.041,1.0,95.7,16.79322,-4.22527,5.66133,3e-05,0.14839
9858.37,BTC-28JUN19,1561114744948,open,0.0,1255.2,0.0005,0.04,0.0,110.0,0.0005,0.0,BTC-28JUN19-1500-P,9776.63,0.0,0.0,0.0,0.0005,13.0,500.0,0.0,0.0,0.0,0.0,0.0
9858.37,BTC-28JUN19,1561114744943,open,0.0,0.203,0.2825,0.2426289,87.37,None,0.0,BTC-5JUL19-7500-C,9776.63,0.0,0.0,0.0,0.0,0.0,0.0,1.8381,-5.78699,2.66791,6e-05,0.9545
10084.76,BTC-27SEP19,1561114744944,open,0.49,56.8,0.447,0.5265,0.48667548,80.81,0.475,0.0,BTC-27DEC19-5500-C,9776.63,0.0,0.0045,10.0,0.505,1.5,95.22,11.89363,-2.5443,22.03055,3e-05,0.90883
10084.76,BTC-27SEP19,1561114744946,open,0.02,124.5,0.0005,0.063,0.02224195,81.06,0.0415,0.0,BTC-27DEC19-5000-P,9776.63,79.18,0.0205,6.0,0.0245,6.0,83.42,9.47066,-2.03235,-4.683,2e-05,-0.0675
10084.76,BTC-27SEP19,1561114744942,open,0.08,83.0,0.0335,0.119,0.07628919,80.83,0.074,0.0,BTC-27DEC19-7000-P,9776.63,78.01,0.071,4.9,0.0765,4.9,80.94,18.9785,-4.06108,-13.3296,4e-05,-0.17914
10084.76,BTC-27SEP19,1561114744942,open,0.85,0.0,0.8125,0.892,0.8520129,109.87,None,0.0,BTC-27DEC19-1500-C,9776.63,0.0,0.1,5.0,0.989,0.5,500.0,0.56437,-0.16415,7.59195,0.0,0.99749
10084.76,BTC-27SEP19,1561114744942,open,0.41,63.6,0.375,0.4545,0.41463385,80.81,0.408,0.0,BTC-27DEC19-6500-C,9776.63,0.0,0.0005,2.0,0.9755,2.0,500.0,16.74315,-3.58191,22.8381,4e-05,0.85227
9858.37,BTC-28JUN19,1561114744947,open,0.27,2.0,0.2155,0.316,0.26586205,95.17,0.32,0.0,BTC-26JUL19-12000-P,9776.63,0.0,0.0,0.0,0.0,0.0,0.0,10.61321,-14.48042,-9.08753,0.00012,-0.69888
10084.76,BTC-27SEP19,1561114744944,open,0.0,179.7,0.0005,0.0425,0.00249079,95.12,0.0075,0.0,BTC-27DEC19-2500-P,9776.63,88.28,0.0015,11.0,0.0035,16.0,100.48,1.70224,-0.42863,-0.58114,0.0,-0.00865
9858.37,BTC-28JUN19,1561114744947,open,0.07,235.5,0.033,0.1125,0.07287966,94.05,0.075,0.0,BTC-26JUL19-11000-C,9776.63,92.49,0.071,5.0,0.075,24.4,95.82,11.83559,-15.95922,3.16097,0.00014,0.40845
9858.37,BTC-28JUN19,1561114744943,open,0.08,35.1,0.044,0.1235,0.08371618,89.29,0.09,0.0,BTC-26JUL19-10500-C,9776.63,91.96,0.087,2.0,0.091,10.0,95.22,12.10748,-15.499,3.58181,0.00015,0.46396
9858.37,BTC-28JUN19,1561114744944,open,0.3,6.8,0.262,0.3415,0.30185917,89.28,0.223,0.0,BTC-26JUL19-7000-C,9776.63,0.0,0.0,0.0,0.0,0.0,0.0,4.69956,-6.01528,5.7851,6e-05,0.91601
9857.88,BTC-28JUN19,1561114744933,open,0.03,44.1,0.0005,0.065,0.02428938,92.58,0.0215,0.0,BTC-28JUN19-9250-P,9776.11,86.56,0.0215,5.6,0.025,24.0,94.1,4.60286,-30.98913,-0.57663,0.00027,-0.28623
10084.76,BTC-27SEP19,1561114744945,open,0.32,207.8,0.284,0.3635,0.3239504,80.82,0.332,0.0,BTC-27DEC19-8000-C,9776.63,71.96,0.304,5.0,0.3315,6.5,84.15,22.82571,-4.88338,22.47347,5e-05,0.7546
9858.37,BTC-28JUN19,1561114744946,open,0.11,31.5,0.0695,0.1585,0.11395151,86.09,0.109,0.0,BTC-26JUL19-10000-P,9776.63,80.44,0.107,7.0,0.113,14.4,85.32,12.11878,-14.95806,-5.48492,0.00015,-0.46833
9858.37,BTC-28JUN19,1561114744943,open,0.01,42.1,0.0005,0.047,0.00720785,91.79,0.0065,0.0,BTC-26JUL19-6500-P,9776.63,88.05,0.006,41.0,0.0085,24.0,95.46,3.32705,-4.37825,-0.57386,4e-05,-0.05371
10084.76,BTC-27SEP19,1561114744944,open,0.87,0.0,0.7915,0.94,0.86566788,88.29,None,0.0,BTC-27DEC19-18000-P,9776.63,0.0,0.0045,5.0,1.6895,0.2,500.0,24.25215,-5.66858,-82.95416,5e-05,-0.72394
9858.37,BTC-28JUN19,1561114744944,open,0.26,17.0,0.2185,0.298,0.25813038,87.13,0.246,0.0,BTC-26JUL19-7500-C,9776.63,71.09,0.249,5.0,0.2825,5.0,120.38,6.27692,-7.84111,5.80966,8e-05,0.87489
9858.37,BTC-28JUN19,1561114744944,open,0.05,93.8,0.003,0.086,0.04444982,86.09,0.0445,0.0,BTC-26JUL19-8500-P,9776.63,82.51,0.041,19.3,0.0455,19.3,87.16,9.58052,-11.82399,-2.72687,0.00012,-0.24504
10084.76,BTC-27SEP19,1561114744947,open,0.38,56.1,0.3425,0.422,0.38213811,80.81,0.36,0.0,BTC-27DEC19-7000-C,9776.63,57.73,0.3415,2.0,0.4295,0.1,105.2,18.97717,-4.05988,22.89597,4e-05,0.82088
10084.76,BTC-27SEP19,1561114744945,open,0.06,44.7,0.0155,0.095,0.05513598,91.95,0.058,0.0,BTC-27DEC19-22000-C,9776.63,90.63,0.0525,4.9,0.058,4.9,93.37,20.19251,-4.91535,7.45992,4e-05,0.19809
302.41,ETH-27SEP19,1561114744964,open,0.09,1666.0,0.05,0.137,0.093533,97.54,0.122,0.0,ETH-27SEP19-240-P,288.94,94.08,0.088,261.0,0.096,140.0,99.07,0.48549,-0.24191,-0.26949,0.00203,-0.2388
292.23,ETH-28JUN19,1561114744964,open,0.0,6671.0,0.001,0.043,0.003942,98.29,0.005,0.0,ETH-28JUN19-360-C,288.94,85.77,0.002,300.0,0.006,300.0,108.32,0.05364,-0.38337,0.00362,0.00339,0.06963
302.41,ETH-27SEP19,1561114744976,open,0.61,47.0,0.569,0.648,0.608203,101.15,0.564,0.0,ETH-27SEP19-120-C,288.94,0.0,0.0,0.0,0.63,2.0,150.29,0.08016,-0.04142,0.3004,0.00032,0.97864
292.23,ETH-28JUN19,1561114744980,open,0.48,481.0,0.447,0.526,0.486723,146.84,0.46,0.0,ETH-28JUN19-150-C,288.94,0.0,0.01,100.0,0.0,0.0,0.0,0.00048,-0.0051,0.02824,2e-05,0.99967
302.41,ETH-27SEP19,1561114745009,open,0.04,764.0,0.006,0.085,0.045449,104.34,0.041,0.0,ETH-27SEP19-560-C,288.94,101.87,0.042,146.0,0.049,48.0,106.82,0.42783,-0.22805,0.11893,0.00167,0.1921
292.23,ETH-28JUN19,1561114745039,open,0.07,944.0,0.021,0.105,0.062812,94.17,0.059,0.0,ETH-26JUL19-260-P,288.94,86.77,0.055,238.0,0.062,120.0,93.4,0.3103,-0.41892,-0.09913,0.00404,-0.29219
292.23,ETH-28JUN19,1561114745041,open,0.13,473.0,0.096,0.175,0.135432,94.17,0.146,0.0,ETH-26JUL19-280-C,288.94,100.57,0.143,66.0,0.15,264.0,106.5,0.34529,-0.46616,0.13391,0.00449,0.61501
292.23,ETH-28JUN19,1561114745041,open,0.19,0.0,0.135,0.229,0.181904,100.22,None,0.0,ETH-26JUL19-320-P,288.94,82.98,0.161,120.0,0.171,120.0,91.26,0.35695,-0.51285,-0.20575,0.00437,-0.55494
292.23,ETH-28JUN19,1561114745041,open,0.08,460.0,0.047,0.126,0.086876,100.22,0.078,0.0,ETH-26JUL19-320-C,288.94,97.86,0.084,238.0,0.092,120.0,104.41,0.35695,-0.51285,0.10001,0.00437,0.44506
292.23,ETH-28JUN19,1561114745070,open,0.01,694.0,0.001,0.048,0.008682,95.51,0.006,0.0,ETH-28JUN19-340-C,288.94,85.98,0.006,448.0,0.011,330.0,102.82,0.0884,-0.61399,0.00712,0.00575,0.13799
292.23,ETH-28JUN19,1561114745075,open,0.09,0.0,0.046,0.132,0.089059,94.42,None,0.0,ETH-28JUN19-310-P,288.94,82.3,0.083,180.0,0.093,180.0,102.13,0.14825,-1.01793,-0.04079,0.00976,-0.652
292.23,ETH-28JUN19,1561114745093,open,0.01,403.0,0.001,0.051,0.010819,94.17,0.012,0.0,ETH-26JUL19-200-P,288.94,87.2,0.008,540.0,0.012,150.0,96.84,0.12625,-0.17045,-0.02362,0.00164,-0.07376
302.41,ETH-27SEP19,1561114745104,open,0.12,1410.0,0.083,0.162,0.122589,99.46,0.109,0.0,ETH-27SEP19-380-C,288.94,97.69,0.119,266.0,0.127,140.0,101.63,0.61403,-0.31199,0.24625,0.00252,0.42626
302.41,ETH-27SEP19,1561114745104,open,0.13,1444.0,0.099,0.178,0.138667,98.97,0.139,0.0,ETH-27SEP19-360-C,288.94,96.71,0.134,262.0,0.143,140.0,101.08,0.62254,-0.31477,0.26591,0.00256,0.46658
292.23,ETH-28JUN19,1561114745104,open,0.0,3084.0,0.001,0.04,0.0,110.0,0.001,0.0,ETH-28JUN19-100-P,288.94,0.0,0.0,0.0,0.001,100.0,340.75,0.0,0.0,0.0,0.0,0.0
292.23,ETH-28JUN19,1561114745106,open,0.01,1200.0,0.001,0.052,0.012913,94.51,0.008,0.0,ETH-28JUN19-330-C,288.94,86.41,0.01,382.0,0.015,240.0,99.96,0.10939,-0.75183,0.00983,0.00719,0.19156
302.41,ETH-27SEP19,1561114745108,open,0.05,964.0,0.016,0.095,0.055626,103.26,0.056,0.0,ETH-27SEP19-520-C,288.94,100.26,0.051,143.0,0.059,48.0,105.39,0.47286,-0.24943,0.13955,0.00187,0.22772
292.23,ETH-28JUN19,1561114745110,open,0.04,5535.0,0.001,0.079,0.039105,92.54,0.042,0.0,ETH-28JUN19-300-C,288.94,84.95,0.035,116.0,0.041,163.0,96.03,0.15838,-1.06584,0.02224,0.01064,0.44311
302.41,ETH-27SEP19,1561114745110,open,0.01,7525.0,0.001,0.049,0.009297,97.53,0.01,0.0,ETH-27SEP19-140-P,288.94,88.91,0.006,150.0,0.011,60.0,101.37,0.12874,-0.06415,-0.03815,0.00054,-0.03775
292.23,ETH-28JUN19,1561114745123,open,0.01,2684.0,0.001,0.052,0.01173,92.98,0.017,0.0,ETH-28JUN19-260-P,288.94,93.77,0.012,10.0,0.014,476.0,99.5,0.09904,-0.66966,-0.00966,0.00662,-0.16366
292.23,ETH-28JUN19,1561114745123,open,0.0,6059.0,0.001,0.04,0.000585,99.47,0.001,0.0,ETH-28JUN19-400-C,288.94,0.0,0.0,0.0,0.001,741.0,107.02,0.01328,-0.09607,0.00067,0.00083,0.01284
292.23,ETH-28JUN19,1561114745131,open,0.04,604.0,0.001,0.072,0.031368,92.42,0.034,0.0,ETH-28JUN19-280-P,288.94,83.73,0.027,350.0,0.035,350.0,99.58,0.14768,-0.99252,-0.02069,0.00993,-0.34441
302.41,ETH-27SEP19,1561114745131,open,0.08,1255.0,0.046,0.125,0.08562,100.86,0.079,0.0,ETH-27SEP19-440-C,288.94,98.36,0.081,274.0,0.089,140.0,102.66,0.56282,-0.28998,0.19321,0.00228,0.32388
292.23,ETH-28JUN19,1561114745134,open,0.0,0.008,0.091,0.049927,90.46,None,0.0,ETH-5JUL19-280-P,288.94,81.09,0.043,346.0,0.054,106.0,96.04,0.21522,-0.70155,-0.0467,0.00733,-0.37048
292.23,ETH-28JUN19,1561114745149,open,0.0,0.007,0.086,0.046885,91.65,None,0.0,ETH-5JUL19-310-C,288.94,89.12,0.045,119.0,0.055,180.0,102.3,0.2208,-0.72919,0.03976,0.00742,0.40478
302.41,ETH-27SEP19,1561114745158,open,0.12,1410.0,0.083,0.162,0.122589,99.46,0.109,0.0,ETH-27SEP19-380-C,288.94,97.69,0.119,266.0,0.127,176.0,101.63,0.61403,-0.31199,0.24625,0.00252,0.42626
292.23,ETH-28JUN19,1561114745165,open,0.13,473.0,0.096,0.175,0.135432,94.17,0.146,0.0,ETH-26JUL19-280-C,288.94,100.57,0.143,66.0,0.149,144.0,105.65,0.34529,-0.46616,0.13391,0.00449,0.61501
292.23,ETH-28JUN19,1561114745180,open,10.0,0.001,0.061,0.021761,92.52,0.018,0.0,ETH-5JUL19-340-C,288.94,89.49,0.02,137.0,0.028,240.0,102.78,0.1717,-0.57245,0.02279,0.00572,0.22691
292.23,ETH-28JUN19,1561114745188,open,0.1,244.0,0.065,0.144,0.104434,94.17,0.117,0.0,ETH-26JUL19-300-C,288.94,100.32,0.112,22.0,0.117,144.0,104.38,0.35982,-0.48578,0.11662,0.00468,0.52209
302.41,ETH-27SEP19,1561114745198,open,0.23,2049.0,0.192,0.271,0.231221,97.54,0.182,0.0,ETH-27SEP19-280-C,288.94,92.17,0.221,110.0,0.234,36.0,99.0,0.57555,-0.28678,0.34548,0.00241,0.65725
302.41,ETH-27SEP19,1561114745205,open,0.2,2802.0,0.163,0.242,0.202606,97.54,0.175,0.0,ETH-27SEP19-300-C,288.94,95.23,0.198,222.0,0.206,1.0,99.25,0.60263,-0.3003,0.32696,0.00252,0.6058
302.41,ETH-27SEP19,1561114745215,open,0.33,81.0,0.276,0.382,0.329104,98.97,0.409,0.0,ETH-27SEP19-360-P,288.94,95.52,0.322,36.0,0.343,36.0,105.72,0.62254,-0.31477,-0.69943,0.00256,-0.53342
302.41,ETH-27SEP19,1561114745230,open,0.43,0.0,0.375,0.489,0.4319,100.26,None,0.0,ETH-27SEP19-400-P,288.94,96.77,0.425,36.0,0.447,36.0,107.8,0.60086,-0.30774,-0.84484,0.00244,-0.60993
292.23,ETH-28JUN19,1561114745245,open,0.0,0.052,0.131,0.091777,90.57,None,0.0,ETH-5JUL19-280-C,288.94,84.02,0.087,180.0,0.102,180.0,104.35,0.21523,-0.70244,0.05973,0.00732,0.62945
292.23,ETH-28JUN19,1561114745254,open,0.0,0.034,0.113,0.073932,90.56,None,0.0,ETH-5JUL19-290-C,288.94,88.01,0.072,105.0,0.084,285.0,103.58,0.22535,-0.73538,0.05315,0.00766,0.55238
292.23,ETH-28JUN19,1561114745260,open,0.0,0.064,0.152,0.107693,91.55,None,0.0,ETH-5JUL19-310-P,288.94,78.68,0.098,180.0,0.113,180.0,98.62,0.22078,-0.72835,-0.0781,0.00743,-0.59539
292.23,ETH-28JUN19,1561114745275,open,0.1,208.0,0.05,0.137,0.093582,94.17,0.096,0.0,ETH-26JUL19-280-P,288.94,86.06,0.084,223.0,0.092,120.0,92.83,0.34529,-0.46616,-0.13363,0.00449,-0.38499
292.23,ETH-28JUN19,1561114745294,open,0.14,102.0,0.086,0.176,0.131023,94.15,0.13,0.0,ETH-26JUL19-300-P,288.94,85.22,0.12,120.0,0.129,120.0,92.53,0.35982,-0.48569,-0.17003,0.00468,-0.47793
292.23,ETH-28JUN19,1561114745307,open,0.08,460.0,0.047,0.126,0.086876,100.22,0.078,0.0,ETH-26JUL19-320-C,288.94,97.86,0.084,238.0,0.092,264.0,104.41,0.35695,-0.51285,0.10001,0.00437,0.44506
302.41,ETH-27SEP19,1561114745312,open,0.24,647.0,0.188,0.285,0.236463,98.0,0.26,0.0,ETH-27SEP19-320-P,288.94,96.31,0.233,110.0,0.243,110.0,101.2,0.61844,-0.30961,-0.55132,0.00257,-0.44341
302.41,ETH-27SEP19,1561114745330,open,0.07,2645.0,0.026,0.11,0.068001,97.54,0.089,0.0,ETH-27SEP19-220-P,288.94,93.94,0.063,140.0,0.07,188.0,98.96,0.42325,-0.2109,-0.20822,0.00177,-0.18877
302.41,ETH-27SEP19,1561114745365,open,0.07,2342.0,0.03,0.109,0.069262,102.43,0.068,0.0,ETH-27SEP19-480-C,288.94,99.93,0.065,279.0,0.072,140.0,104.01,0.52,-0.2721,0.16466,0.00207,0.27232
302.41,ETH-27SEP19,1561114745373,open,0.13,1444.0,0.099,0.178,0.138667,98.97,0.139,0.0,ETH-27SEP19-360-C,288.94,96.71,0.134,262.0,0.143,176.0,101.08,0.62254,-0.31477,0.26591,0.00256,0.46658
302.41,ETH-27SEP19,1561114745401,open,0.33,81.0,0.276,0.382,0.329104,98.97,0.409,0.0,ETH-27SEP19-360-P,288.94,95.52,0.322,36.0,0.341,36.0,104.75,0.62254,-0.31477,-0.69943,0.00256,-0.53342
302.41,ETH-27SEP19,1561114745406,open,0.2,82.0,0.147,0.242,0.194623,97.54,0.25,0.0,ETH-27SEP19-300-P,288.94,96.22,0.192,110.0,0.199,2.0,99.74,0.60264,-0.30028,-0.47749,0.00252,-0.3942
302.41,ETH-27SEP19,1561114745425,open,0.15,1001.0,0.118,0.197,0.157284,98.56,0.13,0.0,ETH-27SEP19-340-C,288.94,96.49,0.153,229.0,0.162,146.0,100.85,0.62453,-0.31446,0.28621,0.00258,0.51023
292.23,ETH-28JUN19,1561114745440,open,0.0,0.073,0.152,0.112343,90.52,None,0.0,ETH-5JUL19-270-C,288.94,84.02,0.108,60.0,0.123,60.0,106.12,0.19684,-0.64204,0.06575,0.0067,0.70421
302.41,ETH-27SEP19,1561114745446,open,0.43,0.0,0.375,0.489,0.4319,100.26,None,0.0,ETH-27SEP19-400-P,288.94,96.77,0.425,36.0,0.446,36.0,107.3,0.60086,-0.30774,-0.84484,0.00244,-0.60993
302.41,ETH-27SEP19,1561114745451,open,0.15,1001.0,0.118,0.197,0.157284,98.56,0.13,0.0,ETH-27SEP19-340-C,288.94,96.49,0.153,229.0,0.161,36.0,100.36,0.62453,-0.31446,0.28621,0.00258,0.51023
292.23,ETH-28JUN19,1561114745461,open,15.0,0.001,0.076,0.036429,91.62,0.032,0.0,ETH-5JUL19-320-C,288.94,89.61,0.035,126.0,0.045,240.0,103.48,0.20822,-0.6874,0.03346,0.007,0.33765
302.41,ETH-27SEP19,1561114745472,open,0.38,27.0,0.324,0.434,0.379151,99.46,0.48,0.0,ETH-27SEP19-380-P,288.94,95.43,0.371,36.0,0.392,36.0,105.76,0.61403,-0.31198,-0.77273,0.00252,-0.57375
292.23,ETH-28JUN19,1561114745478,open,0.0,0.001,0.068,0.02811,91.83,None,0.0,ETH-5JUL19-330-C,288.94,90.13,0.027,132.0,0.036,240.0,103.59,0.19107,-0.63229,0.02774,0.00641,0.27782
302.41,ETH-27SEP19,1561114745484,open,0.1,2286.0,0.07,0.149,0.109192,100.26,0.113,0.0,ETH-27SEP19-400-C,288.94,98.14,0.105,269.0,0.113,140.0,102.17,0.60086,-0.30774,0.22777,0.00244,0.39007
302.41,ETH-27SEP19,1561114745489,open,0.1,2286.0,0.07,0.149,0.109192,100.26,0.113,0.0,ETH-27SEP19-400-C,288.94,98.14,0.105,269.0,0.113,188.0,102.17,0.60086,-0.30774,0.22777,0.00244,0.39007
292.23,ETH-28JUN19,1561114745502,open,0.0,0.052,0.131,0.091777,90.57,None,0.0,ETH-5JUL19-280-C,288.94,85.38,0.088,180.0,0.102,180.0,104.35,0.21523,-0.70244,0.05973,0.00732,0.62945
292.24,ETH-28JUN19,1561114745508,open,1.0,0.042,0.128,0.085311,90.49,0.077,0.0,ETH-5JUL19-300-P,288.94,78.51,0.076,180.0,0.091,180.0,97.84,0.2269,-0.73989,-0.0677,0.00772,-0.52405
292.23,ETH-28JUN19,1561114745516,open,0.07,171.0,0.024,0.108,0.06568,92.48,0.162,0.0,ETH-28JUN19-300-P,288.94,83.86,0.061,180.0,0.069,1.0,98.63,0.15838,-1.06507,-0.03427,0.01065,-0.55697
292.23,ETH-28JUN19,1561114745522,open,0.0,0.019,0.098,0.058744,90.56,None,0.0,ETH-5JUL19-300-C,288.94,88.27,0.057,112.0,0.069,292.0,103.72,0.2269,-0.74039,0.04634,0.00772,0.47594
302.41,ETH-27SEP19,1561114745529,open,0.38,27.0,0.324,0.434,0.379151,99.46,0.48,0.0,ETH-27SEP19-380-P,288.94,95.93,0.372,36.0,0.392,36.0,105.76,0.61403,-0.31198,-0.77273,0.00252,-0.57375
292.24,ETH-28JUN19,1561114745547,open,1.0,0.042,0.128,0.085311,90.49,0.077,0.0,ETH-5JUL19-300-P,288.94,79.8,0.077,180.0,0.091,180.0,97.84,0.2269,-0.73989,-0.0677,0.00772,-0.52405
292.23,ETH-28JUN19,1561114745567,open,0.0,0.001,0.052,0.012253,92.55,None,0.0,ETH-5JUL19-360-C,288.94,89.63,0.011,146.0,0.017,240.0,102.62,0.12885,-0.4297,0.01456,0.00429,0.14331
292.23,ETH-28JUN19,1561114745570,open,0.04,28.0,0.001,0.08,0.038986,94.17,0.047,0.0,ETH-26JUL19-240-P,288.94,87.24,0.033,324.0,0.039,312.0,94.18,0.25706,-0.34704,-0.06828,0.00335,-0.20554
292.23,ETH-28JUN19,1561114745599,open,0.05,2812.0,0.013,0.092,0.052075,101.18,0.049,0.0,ETH-26JUL19-360-C,288.94,99.24,0.05,281.0,0.055,192.0,103.86,0.31634,-0.45887,0.07058,0.00383,0.30485
302.41,ETH-27SEP19,1561114745611,open,0.07,2645.0,0.026,0.11,0.068001,97.54,0.089,0.0,ETH-27SEP19-220-P,288.94,93.94,0.063,140.0,0.069,48.0,98.25,0.42325,-0.2109,-0.20822,0.00177,-0.18877
302.41,ETH-27SEP19,1561114745617,open,0.16,625.0,0.111,0.203,0.1571,97.53,0.176,0.0,ETH-27SEP19-280-P,288.94,94.33,0.151,209.0,0.162,110.0,100.11,0.57555,-0.28676,-0.40534,0.00241,-0.34275
302.41,ETH-27SEP19,1561114745623,open,0.17,1769.0,0.139,0.218,0.178297,98.0,0.181,0.0,ETH-27SEP19-320-C,288.94,95.9,0.174,225.0,0.182,36.0,99.81,0.61844,-0.30961,0.30677,0.00257,0.55659
292.23,ETH-28JUN19,1561114745627,open,10.0,0.001,0.056,0.016412,92.53,0.014,0.0,ETH-5JUL19-350-C,288.94,89.74,0.015,142.0,0.022,240.0,102.87,0.15029,-0.50111,0.01834,0.005,0.1815
292.23,ETH-28JUN19,1561114745634,open,0.0,0.001,0.066,0.025294,90.5,None,0.0,ETH-5JUL19-260-P,288.94,83.06,0.021,240.0,0.029,368.0,96.75,0.17152,-0.55938,-0.02797,0.00584,-0.22649
292.23,ETH-28JUN19,1561114745641,open,0.0,0.001,0.068,0.02811,91.83,None,0.0,ETH-5JUL19-330-C,288.94,90.13,0.027,132.0,0.035,240.0,102.13,0.19107,-0.63229,0.02774,0.00641,0.27782
292.23,ETH-28JUN19,1561114745646,open,0.0,0.096,0.175,0.135584,90.52,None,0.0,ETH-5JUL19-260-C,288.94,84.32,0.132,60.0,0.145,60.0,106.06,0.17153,-0.55951,0.07087,0.00584,0.77348
292.23,ETH-28JUN19,1561114745653,open,0.17,370.0,0.134,0.213,0.173102,94.17,0.162,0.0,ETH-26JUL19-260-C,288.94,103.43,0.183,66.0,0.187,48.0,107.15,0.3103,-0.41892,0.1493,0.00404,0.70781
292.23,ETH-28JUN19,1561114745657,open,0.1,244.0,0.065,0.144,0.104434,94.17,0.117,0.0,ETH-26JUL19-300-C,288.94,100.32,0.112,22.0,0.117,264.0,104.38,0.35982,-0.48578,0.11662,0.00468,0.52209
302.41,ETH-27SEP19,1561114745659,open,0.26,1415.0,0.224,0.303,0.26356,97.54,0.228,0.0,ETH-27SEP19-260-C,288.94,88.75,0.248,36.0,0.268,36.0,100.04,0.53654,-0.26734,0.36156,0.00224,0.70942
292.23,ETH-28JUN19,1561114745672,open,0.12,1897.0,0.083,0.162,0.122026,93.07,0.12,0.0,ETH-28JUN19-260-C,288.94,80.32,0.118,60.0,0.125,42.0,101.47,0.09912,-0.67083,0.03931,0.00662,0.83614
302.41,ETH-27SEP19,1561114745675,open,0.26,1415.0,0.224,0.303,0.26356,97.54,0.228,0.0,ETH-27SEP19-260-C,288.94,88.75,0.248,36.0,0.266,36.0,98.91,0.53654,-0.26734,0.36156,0.00224,0.70942
292.23,ETH-28JUN19,1561114745684,open,0.0,0.073,0.152,0.112343,90.52,None,0.0,ETH-5JUL19-270-C,288.94,84.02,0.108,60.0,0.122,60.0,104.67,0.19684,-0.64204,0.06575,0.0067,0.70421
292.23,ETH-28JUN19,1561114745694,open,0.13,473.0,0.096,0.175,0.135432,94.17,0.146,0.0,ETH-26JUL19-280-C,288.94,100.57,0.143,66.0,0.149,264.0,105.65,0.34529,-0.46616,0.13391,0.00449,0.61501
292.23,ETH-28JUN19,1561114745722,open,0.05,2812.0,0.013,0.092,0.052075,101.18,0.049,0.0,ETH-26JUL19-360-C,288.94,99.24,0.05,281.0,0.055,342.0,103.86,0.31634,-0.45887,0.07058,0.00383,0.30485
292.23,ETH-28JUN19,1561114745736,open,0.0,6504.0,0.001,0.043,0.003552,96.08,0.002,0.0,ETH-28JUN19-240-P,288.94,85.09,0.002,332.0,0.005,580.0,104.24,0.04746,-0.33161,-0.00347,0.00307,-0.05949
292.23,ETH-28JUN19,1561114745744,open,0.03,469.0,0.001,0.07,0.030535,101.76,0.032,0.0,ETH-26JUL19-400-C,288.94,99.97,0.029,292.0,0.033,192.0,104.57,0.25308,-0.3692,0.04739,0.00305,0.20024
302.41,ETH-27SEP19,1561114745751,open,0.07,2645.0,0.026,0.11,0.068001,97.54,0.089,0.0,ETH-27SEP19-220-P,288.94,93.94,0.063,140.0,0.07,188.0,98.96,0.42325,-0.2109,-0.20822,0.00177,-0.18877
292.23,ETH-28JUN19,1561114745755,open,0.03,469.0,0.001,0.07,0.030535,101.76,0.032,0.0,ETH-26JUL19-400-C,288.94,99.97,0.029,292.0,0.033,342.0,104.57,0.25308,-0.3692,0.04739,0.00305,0.20024
9858.37,BTC-28JUN19,1561114745798,open,0.19,0.0,0.1415,0.236,0.18873484,94.1,0.297,0.0,BTC-26JUL19-11000-P,9776.63,78.29,0.17,14.4,0.1775,14.4,84.67,11.83625,-15.96746,-7.34912,0.00014,-0.59145
292.23,ETH-28JUN19,1561114745906,open,0.0,270.0,0.001,0.042,0.00248,101.96,0.003,0.0,ETH-26JUL19-160-P,288.94,88.79,0.001,251.0,0.004,390.0,110.97,0.0424,-0.06198,-0.00608,0.00051,-0.01928
292.23,ETH-28JUN19,1561114745940,open,0.0,0.001,0.046,0.006293,90.52,None,0.0,ETH-5JUL19-230-P,288.94,76.34,0.003,300.0,0.009,150.0,99.6,0.08002,-0.261,-0.00894,0.00272,-0.07422
10084.68,BTC-27SEP19,1561114745941,open,0.56,289.7,0.52,0.5995,0.55952,91.87,0.51,0.0,BTC-27SEP19-4500-C,9776.56,0.0,0.022,0.1,0.724,5.0,299.17,3.2096,-1.50627,11.19366,1e-05,0.97345
9858.29,BTC-28JUN19,1561114745941,open,0.54,216.2,0.504,0.5835,0.54351101,0.0,0.508,0.0,BTC-28JUN19-4500-C,9776.56,0.0,0.4,1.0,0.0,0.0,0.0,0.0,0.0,0.84769,0.0,1.0
10084.68,BTC-27SEP19,1561114745941,open,0.0,340.7,0.0005,0.0405,0.0006441,110.0,0.0015,0.0,BTC-27SEP19-2500-P,9776.56,0.0,0.0,0.0,0.003,15.0,136.09,0.49717,-0.27939,-0.10221,0.0,-0.00314
9858.29,BTC-28JUN19,1561114745941,open,0.0,1869.1,0.0005,0.04,1.561e-05,110.01,0.0005,0.0,BTC-28JUN19-6000-P,9776.56,0.0,0.0,0.0,0.0015,34.0,178.48,0.01882,-0.15055,-0.00074,0.0,-0.00038
10084.68,BTC-27SEP19,1561114745941,open,0.46,0.0,0.4015,0.518,0.45973257,87.13,None,0.0,BTC-27SEP19-14000-P,9776.56,0.0,0.0045,10.0,1.16,0.3,500.0,18.37204,-8.17744,-31.14496,8e-05,-0.69198
9858.29,BTC-28JUN19,1561114745942,open,0.0,1684.1,0.0005,0.0405,0.00049424,109.54,0.0015,0.0,BTC-28JUN19-7000-P,9776.56,0.0,0.0,0.0,0.0015,10.0,128.93,0.33909,-2.70104,-0.01823,2e-05,-0.00932
10084.68,BTC-27SEP19,1561114745942,open,0.0,604.3,0.0005,0.0415,0.00169781,109.09,0.0005,0.0,BTC-27SEP19-3000-P,9776.56,93.29,0.0005,29.9,0.0035,15.0,122.08,1.09142,-0.60825,-0.25085,0.0,-0.00758
10084.68,BTC-27SEP19,1561114745943,open,0.58,0.2,0.543,0.6225,0.58280556,92.25,0.26,0.0,BTC-27SEP19-4250-C,9776.56,0.0,0.011,0.5,0.734,5.0,299.07,2.56032,-1.20663,10.73303,1e-05,0.9797
10084.61,BTC-27SEP19,1561114745944,open,0.02,306.6,0.0005,0.0595,0.01922576,84.6,0.0195,0.0,BTC-27SEP19-6000-P,9776.56,82.32,0.0175,6.0,0.021,6.0,86.86,7.77183,-3.35881,-2.68631,3e-05,-0.08011
9858.29,BTC-28JUN19,1561114745944,open,0.19,603.1,0.151,0.2305,0.19091624,92.75,0.19,0.0,BTC-28JUN19-8000-C,9776.56,0.0,0.154,5.0,0.1995,10.0,135.69,1.26305,-8.51919,1.42052,7e-05,0.95585
10084.61,BTC-27SEP19,1561114745942,open,0.0,105.4,0.0005,0.0405,0.00075956,110.0,0.0005,0.0,BTC-27DEC19-1500-P,9776.56,104.71,0.0005,1.0,0.003,10.0,133.52,0.5682,-0.16546,-0.17143,0.0,-0.00253
9858.22,BTC-28JUN19,1561114745941,open,0.04,9.6,0.0005,0.08,0.04041587,96.52,0.04,0.0,BTC-26JUL19-12500-C,9776.56,94.08,0.038,24.3,0.0425,19.3,98.58,9.86332,-13.64788,2.0583,0.00011,0.25893
10084.61,BTC-27SEP19,1561114745941,open,0.71,0.0,0.6665,0.746,0.70622685,88.75,None,0.0,BTC-27DEC19-3000-C,9776.56,0.0,0.0055,10.0,0.984,0.5,500.0,2.47187,-0.58076,14.63797,1e-05,0.98673
9858.22,BTC-28JUN19,1561114745942,open,0.1,116.0,0.06,0.1395,0.09955786,86.08,0.108,0.0,BTC-26JUL19-10000-C,9776.56,92.95,0.108,0.9,0.11,5.0,94.58,12.11869,-14.95503,4.06991,0.00015,0.53163
10084.61,BTC-27SEP19,1561114745941,open,0.61,27.1,0.5735,0.653,0.61320962,83.6,0.542,0.0,BTC-27DEC19-4000-C,9776.56,0.0,0.015,10.0,0.671,0.2,150.01,5.34198,-1.18229,18.46189,1e-05,0.96699
9858.22,BTC-28JUN19,1561114746160,open,2.0,0.0005,0.0685,0.02881836,88.28,0.025,0.0,BTC-5JUL19-11000-C,9776.56,92.25,0.0315,20.0,0.0365,24.0,99.51,6.58942,-20.96086,0.98233,0.0002,0.29094
10084.61,BTC-27SEP19,1561114746162,open,0.05,93.9,0.009,0.0885,0.04881378,89.9,0.0465,0.0,BTC-27SEP19-16000-C,9776.56,88.4,0.0465,14.3,0.051,4.9,91.31,15.62326,-7.17543,4.73802,6e-05,0.22402
10084.61,BTC-27SEP19,1561114746164,open,0.1,128.9,0.052,0.139,0.09565534,80.82,0.1095,0.0,BTC-27DEC19-7500-P,9776.56,78.1,0.09,4.9,0.0955,4.9,80.75,21.01538,-4.49645,-16.04735,5e-05,-0.21186
10084.61,BTC-27SEP19,1561114746166,open,0.1,128.9,0.052,0.139,0.09565534,80.82,0.1095,0.0,BTC-27DEC19-7500-P,9776.56,78.1,0.09,4.9,0.096,4.9,80.99,21.01538,-4.49645,-16.04735,5e-05,-0.21186
10084.61,BTC-27SEP19,1561114746168,open,0.1,128.9,0.052,0.139,0.09565534,80.82,0.1095,0.0,BTC-27DEC19-7500-P,9776.56,78.1,0.09,4.9,0.096,14.9,80.99,21.01538,-4.49645,-16.04735,5e-05,-0.21186
9858.29,BTC-28JUN19,1561114746188,open,0.03,44.1,0.0005,0.065,0.02427366,92.58,0.0215,0.0,BTC-28JUN19-9250-P,9776.56,86.59,0.0215,29.6,0.025,24.0,94.13,4.60217,-30.9836,-0.57641,0.00027,-0.28612
292.23,ETH-28JUN19,1561114746318,open,0.0,0.052,0.131,0.091777,90.52,None,0.0,ETH-5JUL19-280-C,288.94,84.02,0.087,180.0,0.102,180.0,104.35,0.21523,-0.70204,0.05973,0.00732,0.62948
292.23,ETH-28JUN19,1561114746326,open,0.09,0.0,0.046,0.132,0.089084,94.42,None,0.0,ETH-28JUN19-310-P,288.94,84.33,0.084,180.0,0.093,180.0,102.13,0.14825,-1.01793,-0.04079,0.00976,-0.652
292.23,ETH-28JUN19,1561114746333,open,0.0,0.019,0.098,0.058744,90.56,None,0.0,ETH-5JUL19-300-C,288.94,88.27,0.057,112.0,0.068,180.0,102.43,0.2269,-0.74039,0.04634,0.00772,0.47594
292.23,ETH-28JUN19,1561114746338,open,0.06,1457.0,0.028,0.107,0.067534,100.8,0.071,0.0,ETH-26JUL19-340-C,288.94,98.63,0.065,275.0,0.071,192.0,103.76,0.34126,-0.49317,0.08464,0.00415,0.37065
292.23,ETH-28JUN19,1561114746352,open,15.0,0.001,0.076,0.036429,91.62,0.032,0.0,ETH-5JUL19-320-C,288.94,89.61,0.035,126.0,0.044,240.0,102.11,0.20822,-0.6874,0.03346,0.007,0.33765
292.23,ETH-28JUN19,1561114735691,open,0.02,488.0,0.001,0.062,0.021902,94.17,0.035,0.0,ETH-26JUL19-220-P,288.94,88.04,0.018,293.0,0.0,0.0,0.0,0.19227,-0.25958,-0.04274,0.0025,-0.13116
292.23,ETH-28JUN19,1561114745906,open,0.0,270.0,0.001,0.042,0.00248,101.96,0.003,0.0,ETH-26JUL19-160-P,288.94,88.79,0.001,251.0,0.004,150.0,110.97,0.0424,-0.06198,-0.00608,0.00051,-0.01928
292.23,ETH-28JUN19,1561114735678,open,0.01,580.0,0.001,0.044,0.004737,95.09,0.006,0.0,ETH-26JUL19-180-P,288.94,87.12,0.003,300.0,0.007,300.0,103.33,0.07188,-0.09798,-0.01145,0.00093,-0.03627
292.23,ETH-28JUN19,1561114745694,open,0.13,473.0,0.096,0.175,0.135432,94.17,0.146,0.0,ETH-26JUL19-280-C,288.94,100.57,0.143,66.0,0.149,120.0,105.65,0.34529,-0.46616,0.13391,0.00449,0.61501
292.23,ETH-28JUN19,1561114659770,open,0.01,403.0,0.001,0.051,0.010819,94.17,0.012,0.0,ETH-26JUL19-200-P,288.94,87.2,0.008,300.0,0.012,150.0,96.84,0.12625,-0.17045,-0.02362,0.00164,-0.07376
292.23,ETH-28JUN19,1561114745307,open,0.08,460.0,0.047,0.126,0.086876,100.22,0.078,0.0,ETH-26JUL19-320-C,288.94,97.86,0.084,238.0,0.092,120.0,104.41,0.35695,-0.51285,0.10001,0.00437,0.44506
292.23,ETH-28JUN19,1561114746338,open,0.06,1457.0,0.028,0.107,0.067534,100.8,0.071,0.0,ETH-26JUL19-340-C,288.94,98.63,0.065,275.0,0.072,150.0,104.61,0.34126,-0.49317,0.08464,0.00415,0.37065
292.23,ETH-28JUN19,1561114745300,open,0.04,886.0,0.001,0.08,0.040008,101.54,0.038,0.0,ETH-26JUL19-380-C,288.94,99.47,0.038,287.0,0.043,150.0,104.56,0.28603,-0.41639,0.05816,0.00345,0.24832
292.23,ETH-28JUN19,1561114745722,open,0.05,2812.0,0.013,0.092,0.052076,101.18,0.049,0.0,ETH-26JUL19-360-C,288.94,99.24,0.05,281.0,0.055,150.0,103.86,0.31634,-0.45887,0.07058,0.00383,0.30485
292.23,ETH-28JUN19,1561114745657,open,0.1,244.0,0.065,0.144,0.104434,94.17,0.117,0.0,ETH-26JUL19-300-C,288.94,100.32,0.112,22.0,0.117,120.0,104.38,0.35982,-0.48578,0.11662,0.00468,0.52209
302.41,ETH-27SEP19,1561114735640,open,0.01,7525.0,0.001,0.049,0.009298,97.53,0.01,0.0,ETH-27SEP19-140-P,288.94,88.91,0.006,150.0,0.098,500.0,212.19,0.12874,-0.06415,-0.03815,0.00054,-0.03775
292.23,ETH-28JUN19,1561114745570,open,0.04,28.0,0.001,0.08,0.038986,94.17,0.047,0.0,ETH-26JUL19-240-P,288.94,87.24,0.033,132.0,0.039,120.0,94.18,0.25706,-0.34704,-0.06828,0.00335,-0.20554
302.41,ETH-27SEP19,1561114659709,open,0.0,8190.0,0.001,0.045,0.005015,101.15,0.005,0.0,ETH-27SEP19-120-P,288.94,97.07,0.004,10.0,0.0,0.0,0.0,0.08016,-0.04142,-0.02139,0.00032,-0.02136
302.41,ETH-27SEP19,1561114647519,open,0.0,4116.0,0.001,0.043,0.002965,108.99,0.004,0.0,ETH-27SEP19-100-P,288.94,102.49,0.002,10.0,0.004,150.0,114.63,0.05049,-0.02811,-0.0125,0.00019,-0.01245
302.41,ETH-27SEP19,1561114743959,open,0.03,5035.0,0.001,0.071,0.030196,97.53,0.04,0.0,ETH-27SEP19-180-P,288.94,92.81,0.026,287.0,0.031,140.0,98.42,0.27545,-0.13724,-0.10583,0.00115,-0.10031
292.23,ETH-28JUN19,1561114745755,open,0.03,469.0,0.001,0.07,0.030535,101.76,0.032,0.0,ETH-26JUL19-400-C,288.94,99.97,0.029,292.0,0.033,150.0,104.57,0.25308,-0.3692,0.04739,0.00305,0.20024
292.23,ETH-28JUN19,1561114745664,open,0.17,370.0,0.134,0.213,0.173102,94.17,0.162,0.0,ETH-26JUL19-260-C,288.94,103.43,0.183,66.0,0.188,120.0,108.08,0.3103,-0.41892,0.1493,0.00404,0.70781
302.41,ETH-27SEP19,1561114745751,open,0.07,2645.0,0.026,0.11,0.068001,97.54,0.089,0.0,ETH-27SEP19-220-P,288.94,93.94,0.063,140.0,0.07,140.0,98.96,0.42325,-0.2109,-0.20822,0.00177,-0.18877
302.41,ETH-27SEP19,1561114660726,open,0.02,5682.0,0.001,0.058,0.017793,97.54,0.02,0.0,ETH-27SEP19-160-P,288.94,89.76,0.013,150.0,0.111,500.0,195.93,0.19891,-0.09911,-0.06726,0.00083,-0.06515
302.41,ETH-27SEP19,1561114665998,open,0.05,3165.0,0.006,0.088,0.046881,97.54,0.053,0.0,ETH-27SEP19-200-P,288.94,93.29,0.042,280.0,0.048,140.0,98.5,0.35201,-0.1754,-0.15321,0.00147,-0.14205
292.23,ETH-28JUN19,1561114746571,open,0.02,488.0,0.001,0.062,0.021902,94.17,0.035,0.0,ETH-26JUL19-220-P,288.94,88.04,0.018,293.0,0.025,143.0,98.78,0.19227,-0.25958,-0.04274,0.0025,-0.13116
302.41,ETH-27SEP19,1561114745356,open,0.23,2049.0,0.192,0.271,0.231221,97.54,0.182,0.0,ETH-27SEP19-280-C,288.94,92.17,0.221,110.0,0.236,110.0,100.05,0.57555,-0.28678,0.34548,0.00241,0.65725
302.41,ETH-27SEP19,1561114745675,open,0.26,1415.0,0.224,0.303,0.26356,97.54,0.228,0.0,ETH-27SEP19-260-C,288.94,0.0,0.0,0.0,0.3,1.0,118.06,0.53654,-0.26734,0.36156,0.00224,0.70942
302.41,ETH-27SEP19,1561114745529,open,0.38,27.0,0.324,0.434,0.379151,99.46,0.48,0.0,ETH-27SEP19-380-P,288.94,0.0,0.0,0.0,0.0,0.0,0.0,0.61403,-0.31198,-0.77273,0.00252,-0.57375
302.41,ETH-27SEP19,1561114745451,open,0.15,1001.0,0.118,0.197,0.157284,98.56,0.13,0.0,ETH-27SEP19-340-C,288.94,96.49,0.153,229.0,0.162,110.0,100.85,0.62453,-0.31446,0.28621,0.00258,0.51023
302.41,ETH-27SEP19,1561114745418,open,0.13,1444.0,0.099,0.178,0.138667,98.97,0.139,0.0,ETH-27SEP19-360-C,288.94,96.71,0.134,262.0,0.143,140.0,101.08,0.62254,-0.31477,0.26591,0.00256,0.46658
302.41,ETH-27SEP19,1561114745401,open,0.33,81.0,0.276,0.382,0.329104,98.97,0.409,0.0,ETH-27SEP19-360-P,288.94,0.0,0.0,0.0,0.0,0.0,0.0,0.62254,-0.31477,-0.69943,0.00256,-0.53342
302.41,ETH-27SEP19,1561114745623,open,0.17,1769.0,0.139,0.218,0.178297,98.0,0.181,0.0,ETH-27SEP19-320-C,288.94,95.9,0.174,225.0,0.183,110.0,100.3,0.61844,-0.30961,0.30677,0.00257,0.55659
302.41,ETH-27SEP19,1561114745318,open,0.12,1410.0,0.083,0.162,0.122579,99.46,0.109,0.0,ETH-27SEP19-380-C,288.94,97.69,0.119,266.0,0.127,140.0,101.63,0.61403,-0.31199,0.24625,0.00252,0.42626
302.41,ETH-27SEP19,1561114745489,open,0.1,2286.0,0.07,0.149,0.109192,100.26,0.113,0.0,ETH-27SEP19-400-C,288.94,98.14,0.105,269.0,0.113,140.0,102.17,0.60086,-0.30774,0.22777,0.00244,0.39007
302.41,ETH-27SEP19,1561114745446,open,0.43,0.0,0.375,0.489,0.4319,100.26,None,0.0,ETH-27SEP19-400-P,288.94,0.0,0.0,0.0,0.0,0.0,0.0,0.60086,-0.30774,-0.84484,0.00244,-0.60993
292.23,ETH-28JUN19,1561114647644,open,0.0,5456.0,0.001,0.04,0.000515,106.7,0.001,0.0,ETH-28JUN19-210-P,288.94,0.0,0.0,0.0,0.002,100.0,131.34,0.01061,-0.08232,-0.00057,0.00062,-0.00991
302.41,ETH-27SEP19,1561114745628,open,0.05,964.0,0.016,0.095,0.05562,103.26,0.056,0.0,ETH-27SEP19-520-C,288.94,100.26,0.051,143.0,0.07,5.0,112.11,0.47286,-0.24943,0.13955,0.00187,0.22772
302.41,ETH-27SEP19,1561114739068,open,0.04,764.0,0.006,0.085,0.045449,104.34,0.041,0.0,ETH-27SEP19-560-C,288.94,101.87,0.042,146.0,0.0,0.0,0.0,0.42783,-0.22805,0.11893,0.00167,0.1921
292.23,ETH-28JUN19,1561114652963,open,0.0,5046.0,0.001,0.041,0.00098,102.41,0.002,0.0,ETH-28JUN19-220-P,288.94,0.0,0.0,0.0,0.002,101.0,115.46,0.01801,-0.1341,-0.00106,0.00109,-0.0183
292.23,ETH-28JUN19,1561114745672,open,0.12,1897.0,0.083,0.162,0.122026,93.07,0.12,0.0,ETH-28JUN19-260-C,288.94,59.9,0.113,30.0,0.125,42.0,101.47,0.09912,-0.67083,0.03931,0.00662,0.83614
292.23,ETH-28JUN19,1561114745736,open,0.0,6504.0,0.001,0.043,0.003554,96.08,0.002,0.0,ETH-28JUN19-240-P,288.94,85.09,0.002,32.0,0.005,280.0,104.24,0.04746,-0.33161,-0.00347,0.00307,-0.05949
302.41,ETH-27SEP19,1561114746574,open,0.01,7525.0,0.001,0.049,0.009298,97.53,0.01,0.0,ETH-27SEP19-140-P,288.94,88.91,0.006,150.0,0.018,150.0,114.74,0.12874,-0.06415,-0.03815,0.00054,-0.03775
292.23,ETH-28JUN19,1561114660428,open,0.01,2684.0,0.001,0.052,0.011737,92.98,0.017,0.0,ETH-28JUN19-260-P,288.94,93.77,0.012,10.0,0.014,236.0,99.5,0.09904,-0.66966,-0.00966,0.00662,-0.16366
292.23,ETH-28JUN19,1561114735751,open,0.02,187.0,0.001,0.06,0.019855,92.62,0.019,0.0,ETH-28JUN19-270-P,288.94,41.22,0.002,1.0,0.023,124.0,99.8,0.12646,-0.85173,-0.01465,0.00849,-0.24636
292.23,ETH-28JUN19,1561114647695,open,0.0,1387.0,0.001,0.042,0.002217,102.05,0.001,0.0,ETH-28JUN19-230-P,288.94,88.7,0.001,2.0,0.004,250.0,115.41,0.03284,-0.24367,-0.00219,0.002,-0.03756
292.23,ETH-28JUN19,1561114739027,open,0.09,153.0,0.056,0.135,0.095925,92.69,0.096,0.0,ETH-28JUN19-270-C,288.94,70.77,0.087,30.0,0.102,30.0,106.33,0.1265,-0.85266,0.0362,0.00848,0.7535
292.23,ETH-28JUN19,1561114744173,open,0.07,2387.0,0.034,0.113,0.073232,92.48,0.068,0.0,ETH-28JUN19-280-C,288.94,82.02,0.068,94.0,0.077,5.0,99.87,0.14769,-0.9933,0.03205,0.00993,0.65552
292.23,ETH-28JUN19,1561114694236,open,0.04,604.0,0.001,0.072,0.031381,92.42,0.034,0.0,ETH-28JUN19-280-P,288.94,83.73,0.027,110.0,0.035,110.0,99.58,0.14768,-0.99252,-0.02069,0.00993,-0.34441
292.23,ETH-28JUN19,1561114651625,open,0.01,24.0,0.001,0.046,0.00633,93.07,0.005,0.0,ETH-28JUN19-250-P,288.94,61.68,0.001,5.0,0.008,246.0,99.71,0.07001,-0.47381,-0.00581,0.00468,-0.09926
302.41,ETH-27SEP19,1561114666064,open,0.04,2927.0,0.001,0.078,0.038996,106.57,0.04,0.0,ETH-27SEP19-600-C,288.94,103.41,0.035,161.0,0.06,25.0,121.38,0.39194,-0.21337,0.10389,0.0015,0.16711
292.23,ETH-28JUN19,1561114713127,open,0.03,857.0,0.001,0.068,0.028276,94.49,0.027,0.0,ETH-28JUN19-310-C,288.94,89.96,0.026,31.0,0.032,30.0,101.76,0.14827,-1.01886,0.01761,0.00975,0.34815
292.23,ETH-28JUN19,1561114739835,open,0.05,204.0,0.005,0.087,0.046136,91.44,0.052,0.0,ETH-28JUN19-290-P,288.94,83.86,0.042,94.0,0.051,94.0,100.42,0.15879,-1.05583,-0.02735,0.0108,-0.45074
292.23,ETH-28JUN19,1561114739018,open,0.04,5535.0,0.001,0.079,0.039091,92.54,0.042,0.0,ETH-28JUN19-300-C,288.94,84.95,0.035,116.0,0.041,163.0,96.03,0.15838,-1.06584,0.02224,0.01064,0.44311
292.23,ETH-28JUN19,1561114746326,open,0.09,0.0,0.046,0.132,0.089084,94.42,None,0.0,ETH-28JUN19-310-P,288.94,0.0,0.0,0.0,0.0,0.0,0.0,0.14825,-1.01793,-0.04079,0.00976,-0.652
292.23,ETH-28JUN19,1561114660889,open,0.01,694.0,0.001,0.048,0.008678,95.51,0.006,0.0,ETH-28JUN19-340-C,288.94,85.98,0.006,148.0,0.011,30.0,102.82,0.0884,-0.61399,0.00712,0.00575,0.13799
292.23,ETH-28JUN19,1561114745516,open,0.07,171.0,0.024,0.108,0.06568,92.48,0.162,0.0,ETH-28JUN19-300-P,288.94,0.0,0.0,0.0,0.069,1.0,98.63,0.15838,-1.06507,-0.03427,0.01065,-0.55697
292.23,ETH-28JUN19,1561114647796,open,0.0,6059.0,0.001,0.04,0.000584,99.47,0.001,0.0,ETH-28JUN19-400-C,288.94,0.0,0.0,0.0,0.001,741.0,107.02,0.01328,-0.09607,0.00067,0.00083,0.01284
292.23,ETH-28JUN19,1561114713123,open,0.02,5212.0,0.001,0.059,0.01937,94.52,0.021,0.0,ETH-28JUN19-320-C,288.94,89.12,0.017,24.0,0.023,30.0,102.45,0.1308,-0.899,0.0134,0.0086,0.26273
292.23,ETH-28JUN19,1561114651541,open,0.0,0.001,0.043,0.003477,90.52,None,0.0,ETH-5JUL19-220-P,288.94,0.0,0.0,0.0,0.006,150.0,102.28,0.05387,-0.17572,-0.00537,0.00183,-0.04486
