underlying_price,underlying_index,timestamp,state,settlement_price,open_interest,min_price,max_price,mark_price,mark_iv,last_price,interest_rate,instrument_name,index_price,bid_iv,best_bid_price,best_bid_amount,best_ask_price,best_ask_amount,ask_iv,vega,theta,rho,gamma,delta
207.37,ETH-27SEP19,1563965940283,open,0.01,4552.0,0.001,0.045,0.005366,119.8,0.005,0.0,ETH-27SEP19-600-C,206.91,114.86,0.004,200.0,0.006,20.0,121.82,0.06288,-0.05806,0.00985,0.00069,0.03208
207.37,ETH-27SEP19,1563965940285,open,0.01,2936.0,0.001,0.054,0.014458,118.83,0.013,0.0,ETH-27SEP19-480-C,206.91,116.37,0.013,50.0,0.016,200.0,121.29,0.12638,-0.11574,0.02309,0.00139,0.0771
207.37,ETH-27SEP19,1563965940289,open,0.05,1892.0,0.016,0.095,0.055855,111.93,0.055,0.0,ETH-27SEP19-320-C,206.91,109.01,0.052,160.0,0.059,160.0,114.28,0.27614,-0.23821,0.07052,0.00323,0.24718
207.37,ETH-27SEP19,1563965940291,open,0.01,1934.0,0.001,0.047,0.007508,119.8,0.012,0.0,ETH-27SEP19-560-C,206.91,112.48,0.005,340.0,0.01,486.0,125.69,0.08022,-0.07407,0.01317,0.00088,0.04323
207.37,ETH-27SEP19,1563965940294,open,0.01,2437.0,0.001,0.05,0.010531,119.68,0.012,0.0,ETH-27SEP19-520-C,206.91,116.42,0.009,250.0,0.012,200.0,122.56,0.10174,-0.09384,0.01758,0.00111,0.05824
9700.22,SYN.BTC-2AUG19,1563965940530,open,0.01,113.9,0.0005,0.0445,0.0048487,117.05,0.0045,0.0,BTC-2AUG19-13000-C,9686.29,112.54,0.004,30.0,0.006,33.9,122.54,1.92155,-12.67061,0.14226,7e-05,0.06516
9788.19,BTC-27SEP19,1563965940551,open,0.0,683.6,0.0005,0.042,0.00224365,116.31,0.002,0.0,BTC-27SEP19-32000-C,9686.29,110.97,0.0015,7.0,0.0025,7.9,117.86,1.56117,-1.39942,0.22162,1e-05,0.01498
9788.19,BTC-27SEP19,1563965940571,open,0.0,430.0,0.0005,0.0435,0.00351702,113.19,0.0015,0.0,BTC-27SEP19-4000-P,9686.29,106.95,0.0025,24.0,0.0045,22.0,118.25,1.7628,-1.5378,-0.36153,1e-05,-0.01726
9744.18,SYN.BTC-30AUG19,1563965940577,open,0.47,0.0,0.4105,0.5275,0.46912162,110.14,None,0.0,BTC-30AUG19-14000-P,9686.29,0.0,0.4175,2.5,0.516,2.5,156.07,8.53588,-12.74783,-12.5443,8e-05,-0.80513
9700.66,SYN.BTC-2AUG19,1563965940598,open,0.0,80.1,0.0005,0.043,0.00327001,119.02,0.0025,0.0,BTC-2AUG19-13500-C,9686.29,109.29,0.002,30.0,0.004,33.7,123.62,1.4522,-9.73687,0.10013,5e-05,0.04572
9788.24,BTC-27SEP19,1563965940610,open,0.0,432.4,0.0005,0.0415,0.00182445,115.93,0.002,0.0,BTC-27SEP19-3500-P,9686.29,106.64,0.001,30.3,0.0025,11.0,121.63,1.04409,-0.93283,-0.19566,1e-05,-0.00942
9744.21,SYN.BTC-30AUG19,1563965940616,open,0.3,1.4,0.2445,0.3475,0.29598413,109.23,0.28,0.0,BTC-30AUG19-12000-P,9686.29,63.49,0.249,2.5,0.338,2.5,144.14,11.28333,-16.71085,-9.46058,0.00011,-0.66502
9700.23,SYN.BTC-2AUG19,1563965940616,open,0.2,1.0,0.156,0.2515,0.20380186,115.93,0.1445,0.0,BTC-2AUG19-11500-P,9686.29,96.25,0.196,2.5,0.2105,2.5,130.64,4.20099,-27.43488,-2.374,0.00016,-0.80264
9788.24,BTC-27SEP19,1563965940658,open,2.07,0.0,1.9455,2.1905,2.06802767,115.89,None,0.0,BTC-27SEP19-30000-P,9686.29,0.0,0.0,0.0,0.0,0.0,0.0,2.02122,-1.80525,-53.02414,1e-05,-0.97973
9689.68,SYN.BTC-26JUL19,1563965940667,open,0.0,650.7,0.0005,0.0435,0.0035772,134.08,0.003,0.0,BTC-26JUL19-8500-P,9686.29,128.39,0.003,93.0,0.004,33.6,137.97,1.02415,-34.66286,-0.04118,0.00016,-0.07913
9700.23,SYN.BTC-2AUG19,1563965940683,open,0.06,40.0,0.0165,0.096,0.05644053,112.26,0.058,0.0,BTC-2AUG19-10000-C,9686.29,109.13,0.0545,18.0,0.0585,3.4,115.58,6.01213,-38.0213,0.96513,0.00023,0.4656
9700.23,SYN.BTC-2AUG19,1563965940683,open,0.16,2.7,0.1155,0.208,0.16161652,115.88,0.1535,0.0,BTC-2AUG19-11000-P,9686.29,99.59,0.1535,2.5,0.1675,13.1,127.01,5.02375,-32.79466,-2.09745,0.00019,-0.72758
9933.8,BTC-27DEC19,1563965940687,open,0.13,342.6,0.096,0.1755,0.13581732,104.27,0.134,0.0,BTC-27DEC19-15000-C,9686.29,103.15,0.133,3.2,0.1375,4.9,104.93,25.0103,-8.36476,11.03091,6e-05,0.39584
9933.8,BTC-27DEC19,1563965940687,open,0.06,159.5,0.023,0.1025,0.06282508,106.54,0.064,0.0,BTC-27DEC19-22000-C,9686.29,105.58,0.061,8.0,0.065,4.9,107.68,18.89828,-6.45856,6.39807,4e-05,0.21364
9689.24,SYN.BTC-26JUL19,1563965940690,open,0.33,0.0,0.2895,0.369,0.32918456,181.59,0.3665,0.0,BTC-26JUL19-6500-C,9686.29,0.0,0.2825,4.0,0.377,4.0,500.0,0.02055,-0.99487,0.33358,0.0,0.99913
209.29,ETH-27DEC19,1563965940692,open,0.02,802.0,0.001,0.064,0.024051,115.16,0.022,0.0,ETH-27DEC19-760-C,206.91,112.19,0.021,277.0,0.027,50.0,117.84,0.22311,-0.08241,0.05943,0.00104,0.09055
9933.8,BTC-27DEC19,1563965940694,open,0.46,122.9,0.419,0.4985,0.45870889,100.35,0.502,0.0,BTC-27DEC19-6000-C,9686.29,86.35,0.4395,8.0,0.5125,8.0,135.93,14.19307,-4.56842,17.17761,3e-05,0.86362
9788.24,BTC-27SEP19,1563965940701,open,1.86,0.0,1.7505,1.979,1.86479831,114.75,None,0.0,BTC-27SEP19-28000-P,9686.29,0.0,0.0,0.0,0.0,0.0,0.0,2.55373,-2.25853,-49.37542,1e-05,-0.97323
207.38,ETH-27SEP19,1563965940730,open,0.02,8191.0,0.001,0.059,0.01912,108.14,0.012,0.0,ETH-27SEP19-120-P,206.91,101.01,0.015,263.0,0.018,200.0,106.27,0.12584,-0.10488,-0.0353,0.00152,-0.07666
9700.66,SYN.BTC-2AUG19,1563965940740,open,0.01,111.0,0.0005,0.052,0.01206036,116.68,0.012,0.0,BTC-2AUG19-12000-C,9686.29,115.06,0.0115,3.0,0.013,31.0,119.34,3.37512,-22.18514,0.30298,0.00013,0.1405
9788.24,BTC-27SEP19,1563965940757,open,0.85,42.8,0.807,0.8865,0.84682809,145.75,0.815,0.0,BTC-27SEP19-1500-C,9686.29,0.0,0.7775,8.0,0.9165,8.0,500.0,0.05826,-0.06544,2.65806,0.0,0.99961
9700.66,SYN.BTC-2AUG19,1563965940759,open,0.01,111.0,0.0005,0.052,0.01206036,116.68,0.012,0.0,BTC-2AUG19-12000-C,9686.29,115.06,0.0115,3.0,0.013,31.1,119.34,3.37512,-22.18514,0.30298,0.00013,0.1405
206.92,SYN.ETH-26JUL19,1563965940771,open,0.0,1438.0,0.001,0.042,0.002118,126.89,0.003,0.0,ETH-26JUL19-240-C,206.91,110.25,0.001,529.0,0.003,231.0,136.72,0.01686,-0.43818,0.00058,0.00604,0.05651
9933.8,BTC-27DEC19,1563965940773,open,0.34,205.5,0.3015,0.381,0.34131869,100.33,0.359,0.0,BTC-27DEC19-8000-C,9686.29,90.65,0.321,8.0,0.3895,8.0,123.35,20.85651,-6.71243,17.1144,5e-05,0.74474
9933.8,BTC-27DEC19,1563965940773,open,0.02,85.4,0.0005,0.0645,0.02399425,100.94,0.0225,0.0,BTC-27DEC19-4500-P,9686.29,97.79,0.0215,11.0,0.0245,6.0,101.57,8.03141,-2.60055,-3.68967,2e-05,-0.06298
9689.24,SYN.BTC-26JUL19,1563965940773,open,0.0,564.7,0.0005,0.04,0.0,145.01,0.0005,0.0,BTC-26JUL19-18000-C,9686.29,0.0,0.0,0.0,0.0005,12.1,334.35,0.0,0.0,0.0,0.0,0.0
9933.8,BTC-27DEC19,1563965940784,open,1.85,2.0,1.741,1.969,1.85509257,108.53,1.563,0.0,BTC-27DEC19-28000-P,9686.29,0.0,1.7565,2.5,1.9465,2.5,156.26,14.04174,-4.88835,-115.42568,3e-05,-0.86574
207.18,SYN.ETH-30AUG19,1563965940784,open,0.25,221.0,0.196,0.295,0.245737,113.13,0.248,0.0,ETH-30AUG19-240-P,206.91,110.91,0.243,120.0,0.254,120.0,119.79,0.2559,-0.39253,-0.17506,0.00522,-0.59064
9689.24,SYN.BTC-26JUL19,1563965940786,open,0.19,276.8,0.141,0.2355,0.18827343,131.3,0.15,0.0,BTC-26JUL19-11500-P,9686.29,0.0,0.181,2.5,0.189,6.0,142.07,0.57519,-20.13133,-0.5727,9e-05,-0.96191
209.29,ETH-27DEC19,1563965940794,open,2.11,0.0,1.97,2.216,2.092727,112.89,None,0.0,ETH-27DEC19-640-P,206.91,0.0,0.0,0.0,0.0,0.0,0.0,0.28288,-0.10244,-2.65176,0.00134,-0.87415
9788.24,BTC-27SEP19,1563965940799,open,0.04,184.3,0.001,0.0805,0.04093763,108.02,0.041,0.0,BTC-27SEP19-16000-C,9686.29,107.21,0.04,4.0,0.0415,1.0,108.5,11.45808,-9.53883,2.72001,6e-05,0.19728
206.92,SYN.ETH-26JUL19,1563965940799,open,0.0,1448.0,0.001,0.042,0.001969,122.62,0.004,0.0,ETH-26JUL19-180-P,206.91,107.44,0.001,1.0,0.003,458.0,134.75,0.01568,-0.40738,-0.00057,0.00581,-0.05158
206.92,SYN.ETH-26JUL19,1563965940802,open,0.0,0.0,0.001,0.04,2e-06,145.0,None,0.0,ETH-26JUL19-140-P,206.91,0.0,0.0,0.0,0.001,300.0,260.06,4e-05,-0.00036,0.0,1e-05,-7e-05
207.18,SYN.ETH-30AUG19,1563965940806,open,0.01,1409.0,0.001,0.055,0.015021,117.67,0.014,0.0,ETH-30AUG19-360-C,206.91,113.87,0.013,200.0,0.017,200.0,121.14,0.11427,-0.18231,0.01747,0.00224,0.09847
207.38,ETH-27SEP19,1563965940808,open,0.04,7686.0,0.001,0.081,0.039697,108.14,0.035,0.0,ETH-27SEP19-140-P,206.91,100.74,0.033,472.0,0.044,50.0,112.71,0.19261,-0.16053,-0.06546,0.00233,-0.1379
207.38,ETH-27SEP19,1563965940814,open,0.01,4311.0,0.001,0.047,0.00722,108.13,0.005,0.0,ETH-27SEP19-100-P,206.91,100.42,0.005,260.0,0.006,200.0,104.09,0.06562,-0.05469,-0.01511,0.00079,-0.03379
9788.24,BTC-27SEP19,1563965940814,open,0.01,303.7,0.0005,0.048,0.00784739,109.24,0.004,0.0,BTC-27SEP19-4750-P,9686.29,106.62,0.007,24.0,0.009,8.9,112.58,3.25671,-2.74188,-0.76133,2e-05,-0.03591
209.29,ETH-27DEC19,1563965940822,open,1.92,0.0,1.792,2.023,1.907329,112.51,0.953,0.0,ETH-27DEC19-600-P,206.91,0.0,0.0,0.0,0.0,0.0,0.0,0.30954,-0.11172,-2.47028,0.00147,-0.85651
9689.24,SYN.BTC-26JUL19,1563965940826,open,0.0,313.8,0.0005,0.04,0.0,145.01,0.001,0.0,BTC-26JUL19-20000-C,9686.29,0.0,0.0,0.0,0.0005,13.1,382.62,0.0,0.0,0.0,0.0,0.0
206.92,SYN.ETH-26JUL19,1563965940826,open,0.09,0.0,0.048,0.127,0.087921,114.89,None,0.0,ETH-26JUL19-190-C,206.91,74.73,0.083,50.0,0.089,50.0,121.44,0.03313,-1.01463,0.0082,0.0131,0.8593
207.18,SYN.ETH-30AUG19,1563965940835,open,0.08,962.0,0.035,0.12,0.077777,113.22,0.065,0.0,ETH-30AUG19-180-P,206.91,109.71,0.074,160.0,0.083,260.0,118.06,0.22323,-0.34271,-0.07575,0.00455,-0.28411
209.29,ETH-27DEC19,1563965940842,open,0.25,1842.0,0.192,0.291,0.241524,105.27,0.22,0.0,ETH-27DEC19-200-P,206.91,100.48,0.23,140.0,0.251,15.0,109.24,0.50165,-0.1694,-0.52057,0.00255,-0.34091
206.92,SYN.ETH-26JUL19,1563965940842,open,0.94,985.0,0.856,1.01,0.933083,236.27,0.205,0.0,ETH-26JUL19-400-P,206.91,0.0,0.0,0.0,0.0,0.0,0.0,4e-05,-0.00266,-0.02055,1e-05,-0.99993
206.97,SYN.ETH-2AUG19,1563965940848,open,0.04,255.0,0.001,0.079,0.038441,121.19,0.034,0.0,ETH-2AUG19-190-P,206.91,114.74,0.035,200.0,0.042,383.0,127.81,0.11085,-0.75683,-0.01664,0.00878,-0.2921
207.38,ETH-27SEP19,1563965940860,open,2.69,0.0,2.521,2.813,2.667231,126.73,None,0.0,ETH-27SEP19-760-P,206.91,0.0,0.0,0.0,0.0,0.0,0.0,0.03357,-0.03279,-1.34613,0.00035,-0.98476
207.38,ETH-27SEP19,1563965940862,open,2.3,0.0,2.152,2.413,2.282626,123.81,None,0.0,ETH-27SEP19-680-P,206.91,0.0,0.0,0.0,0.0,0.0,0.0,0.04589,-0.04379,-1.20187,0.00048,-0.978
209.29,ETH-27DEC19,1563965940865,open,2.68,0.0,2.51,2.801,2.655723,115.48,None,0.0,ETH-27DEC19-760-P,206.91,0.0,0.0,0.0,0.0,0.0,0.0,0.22486,-0.08329,-3.18565,0.00104,-0.90849
9788.24,BTC-27SEP19,1563965940885,open,0.25,146.8,0.202,0.302,0.25201886,103.69,0.266,0.0,BTC-27SEP19-11000-P,9686.29,102.19,0.2495,14.4,0.254,0.1,104.87,16.44372,-13.14041,-13.41946,9e-05,-0.51931
9700.23,SYN.BTC-2AUG19,1563965940885,open,0.09,123.1,0.044,0.1305,0.08729817,112.19,0.088,0.0,BTC-2AUG19-10000-P,9686.29,106.86,0.084,20.5,0.0885,3.1,114.13,6.01204,-37.99578,-1.46662,0.00023,-0.53447
9744.21,SYN.BTC-30AUG19,1563965940885,open,0.07,72.4,0.025,0.1045,0.06452974,109.27,0.0635,0.0,BTC-30AUG19-12000-C,9686.29,107.08,0.062,3.0,0.066,27.3,110.53,11.28469,-16.71895,2.66349,0.00011,0.33509
9700.23,SYN.BTC-2AUG19,1563965940885,open,0.11,0.4,0.07,0.1495,0.10950828,112.51,0.1085,0.0,BTC-2AUG19-9000-C,9686.29,107.89,0.107,18.0,0.113,22.0,118.89,5.28573,-33.50189,1.38494,0.00021,0.69664
9933.85,BTC-27DEC19,1563965940887,open,0.02,308.2,0.0005,0.0605,0.02053109,111.59,0.019,0.0,BTC-27DEC19-36000-C,9686.29,108.9,0.018,14.0,0.0215,6.0,112.56,9.7047,-3.4736,2.54787,2e-05,0.08059
9689.24,SYN.BTC-26JUL19,1563965940887,open,0.03,651.4,0.0005,0.0655,0.02464299,118.36,0.024,0.0,BTC-26JUL19-9500-P,9686.29,112.38,0.023,29.0,0.025,2.7,119.65,2.66824,-84.18265,-0.2073,0.00047,-0.3917
9788.24,BTC-27SEP19,1563965940902,open,0.02,659.3,0.0005,0.0645,0.02399434,106.21,0.0235,0.0,BTC-27SEP19-6000-P,9686.29,104.07,0.0225,24.0,0.025,4.1,107.62,6.91712,-5.66207,-2.05172,4e-05,-0.09394
9788.24,BTC-27SEP19,1563965940925,open,0.03,337.0,0.0005,0.066,0.02648566,109.13,0.0265,0.0,BTC-27SEP19-18000-C,9686.29,106.94,0.0245,32.0,0.028,24.0,110.74,9.04834,-7.60994,1.9219,5e-05,0.13695
9788.24,BTC-27SEP19,1563965940925,open,0.08,219.6,0.042,0.1215,0.08170301,106.51,0.079,0.0,BTC-27SEP19-13000-C,9686.29,104.76,0.079,8.0,0.084,19.3,107.99,15.15165,-12.43729,4.5258,8e-05,0.34184
9689.68,SYN.BTC-26JUL19,1563965940931,open,0.01,811.7,0.0005,0.0495,0.00924837,121.42,0.0075,0.0,BTC-26JUL19-9000-P,9686.29,117.48,0.0085,24.0,0.01,2.8,125.29,1.86188,-60.26389,-0.09735,0.00032,-0.18625
9933.85,BTC-27DEC19,1563965940939,open,0.01,134.5,0.0005,0.049,0.0091948,113.23,0.0105,0.0,BTC-27DEC19-48000-C,9686.29,109.97,0.0075,14.0,0.0105,14.0,115.48,5.51421,-2.00278,1.27708,1e-05,0.0393
9744.21,SYN.BTC-30AUG19,1563965940971,open,0.15,80.5,0.1035,0.195,0.14929636,106.19,0.148,0.0,BTC-30AUG19-10000-P,9686.29,103.98,0.1465,14.4,0.1515,4.3,107.93,12.3039,-17.7155,-6.03122,0.00012,-0.46335
9788.24,BTC-27SEP19,1563965941022,open,0.57,9.2,0.531,0.6105,0.5705292,111.99,0.574,0.0,BTC-27SEP19-4250-C,9686.29,0.0,0.513,8.0,0.628,8.0,226.95,2.21463,-1.91151,7.07886,1e-05,0.97741
9700.23,SYN.BTC-2AUG19,1563965941024,open,0.04,59.9,0.0005,0.0785,0.03728015,112.44,0.0355,0.0,BTC-2AUG19-9000-P,9686.29,108.24,0.035,29.0,0.039,27.2,115.59,5.28511,-33.47552,-0.80331,0.00021,-0.30328
209.29,ETH-27DEC19,1563965941049,open,0.02,802.0,0.001,0.064,0.024051,115.16,0.022,0.0,ETH-27DEC19-760-C,206.91,112.19,0.021,278.0,0.027,50.0,117.84,0.22311,-0.08241,0.05943,0.00104,0.09055
9788.24,BTC-27SEP19,1563965941052,open,0.13,207.3,0.083,0.1725,0.12763943,102.95,0.1265,0.0,BTC-27SEP19-9000-P,9686.29,101.56,0.1255,19.3,0.129,4.9,103.83,15.13305,-12.00664,-8.14872,9e-05,-0.34074
9788.24,BTC-27SEP19,1563965941066,open,1.66,0.0,1.5555,1.768,1.66196324,113.28,None,0.0,BTC-27SEP19-26000-P,9686.29,0.0,0.0,0.0,0.0,0.0,0.0,3.21863,-2.81005,-45.69634,2e-05,-0.9646
9933.85,BTC-27DEC19,1563965941073,open,0.15,237.6,0.101,0.1925,0.14663988,100.33,0.1425,0.0,BTC-27DEC19-8000-P,9686.29,98.36,0.1425,4.9,0.1485,9.9,101.22,20.85651,-6.71217,-17.04968,5e-05,-0.25526
9933.85,BTC-27DEC19,1563965941073,open,0.04,153.0,0.004,0.0835,0.04369872,108.17,0.045,0.0,BTC-27DEC19-26000-C,9686.29,106.42,0.041,12.9,0.045,4.9,108.99,15.5869,-5.40811,4.79793,3e-05,0.1568
9933.85,BTC-27DEC19,1563965941078,open,3.44,0.0,3.2635,3.618,3.44065842,112.03,None,0.0,BTC-27DEC19-44000-P,9686.29,0.0,0.0,0.0,0.0,0.0,0.0,6.45651,-2.32016,-186.3599,1e-05,-0.95222
209.29,ETH-27DEC19,1563965941085,open,0.08,665.0,0.039,0.118,0.078715,110.29,0.08,0.0,ETH-27DEC19-440-C,206.91,107.02,0.072,405.0,0.082,40.0,111.86,0.43576,-0.15416,0.1542,0.00211,0.25124
207.38,ETH-27SEP19,1563965941103,open,0.01,4311.0,0.001,0.047,0.00722,108.13,0.005,0.0,ETH-27SEP19-100-P,206.91,100.42,0.005,259.0,0.006,200.0,104.09,0.06562,-0.05469,-0.01511,0.00079,-0.03379
206.92,SYN.ETH-26JUL19,1563965941120,open,0.01,2013.0,0.001,0.044,0.004784,119.97,0.004,0.0,ETH-26JUL19-230-C,206.91,106.07,0.003,198.0,0.004,1671.0,114.21,0.02927,-0.93618,0.0012,0.01109,0.11773
209.29,ETH-27DEC19,1563965941122,open,0.06,1912.0,0.018,0.102,0.059861,105.49,0.044,0.0,ETH-27DEC19-120-P,206.91,101.08,0.054,319.0,0.062,50.0,107.08,0.28116,-0.09514,-0.16501,0.00142,-0.12476
9933.85,BTC-27DEC19,1563965941129,open,0.1,240.8,0.0565,0.144,0.10038881,100.33,0.0925,0.0,BTC-27DEC19-7000-P,9686.29,97.88,0.096,9.9,0.101,4.9,100.67,17.86619,-5.74986,-12.50697,4e-05,-0.19443
9744.21,SYN.BTC-30AUG19,1563965941131,open,0.05,57.4,0.006,0.0855,0.04556414,109.51,0.05,0.0,BTC-30AUG19-13000-C,9686.29,106.99,0.043,19.4,0.047,19.3,110.91,9.9763,-14.81386,2.07674,9e-05,0.25652
207.38,ETH-27SEP19,1563965941128,open,0.03,1698.0,0.001,0.071,0.031289,113.69,0.026,0.0,ETH-27SEP19-380-C,206.91,109.25,0.027,402.0,0.034,160.0,116.37,0.20652,-0.18096,0.04485,0.00238,0.15296
9689.24,SYN.BTC-26JUL19,1563965941137,open,0.01,259.8,0.0005,0.0485,0.0087172,121.44,0.0115,0.0,BTC-26JUL19-10500-C,9686.29,117.69,0.008,24.0,0.0085,1.0,120.31,1.88207,-60.92505,0.09004,0.00032,0.18954
209.29,ETH-27DEC19,1563965941144,open,0.03,801.0,0.001,0.066,0.026692,114.14,0.031,0.0,ETH-27DEC19-720-C,206.91,111.72,0.024,275.0,0.03,50.0,116.94,0.23942,-0.08765,0.06521,0.00112,0.09965
9933.8,BTC-27DEC19,1563965941157,open,0.4,151.7,0.347,0.459,0.40309745,101.94,0.403,0.0,BTC-27DEC19-12000-P,9686.29,100.36,0.399,3.6,0.409,3.6,104.2,25.86653,-8.45777,-37.47663,6e-05,-0.4803
9700.23,SYN.BTC-2AUG19,1563965941159,open,0.04,60.5,0.0005,0.0795,0.03975641,114.09,0.038,0.0,BTC-2AUG19-10500-C,9686.29,109.35,0.037,32.0,0.041,0.2,116.22,5.66333,-36.39899,0.75725,0.00022,0.36079
9700.23,SYN.BTC-2AUG19,1563965941189,open,0.12,11.5,0.0775,0.167,0.12215693,114.01,0.086,0.0,BTC-2AUG19-10500-P,9686.29,105.97,0.1175,23.9,0.1235,3.6,116.3,5.66255,-36.36782,-1.79626,0.00022,-0.63936
9934.55,BTC-27DEC19,1563965941469,open,0.0,208.7,0.0005,0.0425,0.00272864,105.11,0.002,0.0,BTC-27DEC19-2500-P,9686.99,100.23,0.002,5.5,0.004,11.0,111.97,1.62903,-0.54923,-0.51173,0.0,-0.00933
9744.21,SYN.BTC-30AUG19,1563965942063,open,0.13,46.6,0.0835,0.163,0.12306892,106.22,0.1195,0.0,BTC-30AUG19-10000-C,9686.99,104.97,0.1215,14.4,0.1265,8.0,108.93,12.30382,-17.72045,4.0716,0.00012,0.53668
9934.55,BTC-27DEC19,1563965942241,open,0.0,208.7,0.0005,0.0425,0.00272768,105.11,0.002,0.0,BTC-27DEC19-2500-P,9686.99,100.23,0.002,5.6,0.004,11.0,111.97,1.62903,-0.54923,-0.51173,0.0,-0.00933
9934.0,BTC-27DEC19,1563965943375,open,0.05,90.0,0.0055,0.089,0.04725885,100.33,0.043,0.0,BTC-27DEC19-5500-P,9686.7,98.06,0.0445,5.0,0.048,6.0,100.93,12.16159,-3.91384,-6.64739,3e-05,-0.10943
9934.0,BTC-27DEC19,1563965943375,open,0.43,63.0,0.3865,0.466,0.42612753,100.35,0.4965,0.0,BTC-27DEC19-6500-C,9686.7,65.02,0.374,8.0,0.478,8.0,131.36,16.10578,-5.18431,17.35202,4e-05,0.83514
9788.35,BTC-27SEP19,1563965943375,open,0.64,261.1,0.6045,0.684,0.64427755,116.12,0.714,0.0,BTC-27SEP19-3500-C,9686.7,0.0,0.584,8.0,0.705,8.0,271.8,1.05182,-0.94135,6.02354,1e-05,0.9905
9934.0,BTC-27DEC19,1563965943375,open,4.24,1.0,4.032,4.451,4.24138955,112.79,4.454,0.0,BTC-27DEC19-52000-P,9686.7,0.0,0.001,1.0,0.0,0.0,0.0,4.44666,-1.60874,-221.07675,1e-05,-0.96976
9788.35,BTC-27SEP19,1563965943375,open,0.0,617.1,0.0005,0.041,0.00130487,126.12,0.0005,0.0,BTC-27SEP19-3000-P,9686.7,111.88,0.0005,2.0,0.0015,7.0,128.57,0.74162,-0.72084,-0.13383,0.0,-0.00639
9788.35,BTC-27SEP19,1563965943375,open,0.01,385.2,0.0005,0.052,0.01209085,111.77,0.011,0.0,BTC-27SEP19-22000-C,9686.7,108.82,0.0105,24.0,0.013,24.0,113.36,5.48239,-4.72279,0.99084,3e-05,0.06904
9934.0,BTC-27DEC19,1563965943375,open,1.28,3.9,1.1865,1.368,1.27732571,106.48,0.752,0.0,BTC-27DEC19-22000-P,9686.7,0.0,1.1985,2.5,1.352,2.5,140.65,18.88598,-6.45058,-87.5598,4e-05,-0.7866
9788.35,BTC-27SEP19,1563965943375,open,0.5,790.2,0.4595,0.539,0.49932224,108.59,0.498,0.0,BTC-27SEP19-5000-C,9686.7,0.0,0.4445,8.0,0.5535,8.0,193.9,3.90596,-3.26889,7.92927,2e-05,0.95508
9788.35,BTC-27SEP19,1563965943375,open,0.75,55.9,0.706,0.7855,0.74564748,140.65,0.689,0.0,BTC-27SEP19-2500-C,9686.7,0.0,0.6805,8.0,0.8105,8.0,362.6,0.56305,-0.61034,4.34371,0.0,0.99532
9934.0,BTC-27DEC19,1563965943375,open,0.75,0.0,0.7115,0.791,0.75106602,105.09,None,0.0,BTC-27DEC19-2500-C,9686.7,0.0,0.686,8.0,0.8165,8.0,239.96,1.62838,-0.54894,10.16494,0.0,0.99067
9934.0,BTC-27DEC19,1563965943375,open,0.05,254.2,0.0135,0.093,0.05321928,108.01,0.0545,0.0,BTC-27DEC19-24000-C,9686.7,105.84,0.0495,12.9,0.054,4.9,108.45,17.3228,-6.00145,5.58642,4e-05,0.1849
9788.35,BTC-27SEP19,1563965943375,open,0.0,49.2,0.0005,0.0415,0.00175035,123.0,0.006,0.0,BTC-27SEP19-3250-P,9686.7,113.88,0.001,2.0,0.0025,29.0,129.81,0.95708,-0.90731,-0.17887,0.0,-0.00853
9788.35,BTC-27SEP19,1563965943375,open,0.27,901.9,0.2245,0.304,0.2644446,103.51,0.2995,0.0,BTC-27SEP19-8000-C,9686.7,88.72,0.245,8.0,0.3105,8.0,137.42,13.06027,-10.41866,8.48094,7e-05,0.75191
9934.0,BTC-27DEC19,1563965943375,open,0.8,0.0,0.7605,0.84,0.80042154,113.8,None,0.0,BTC-27DEC19-2000-C,9686.7,0.0,0.733,8.0,0.8675,8.0,283.24,1.06278,-0.38794,8.22297,0.0,0.99425
9934.0,BTC-27DEC19,1563965943375,open,0.01,366.0,0.0005,0.045,0.00523067,102.63,0.0055,0.0,BTC-27DEC19-3000-P,9686.7,97.81,0.004,9.6,0.0065,6.0,106.96,2.73367,-0.89992,-0.9421,1e-05,-0.01698
9934.0,BTC-27DEC19,1563965943375,open,0.37,93.7,0.328,0.4075,0.3675446,100.35,0.346,0.0,BTC-27DEC19-7500-C,9686.7,73.76,0.3165,8.0,0.382,8.0,107.71,19.45411,-6.26195,17.29937,5e-05,0.77532
9788.35,BTC-27SEP19,1563965943375,open,0.0,403.8,0.0005,0.041,0.00103774,140.38,0.0005,0.0,BTC-27SEP19-2500-P,9686.7,128.47,0.0005,2.0,0.001,10.0,139.71,0.55745,-0.60312,-0.09865,0.0,-0.00463
9934.35,BTC-27DEC19,1563965943375,open,0.02,251.7,0.0005,0.056,0.01553637,101.06,0.0145,0.0,BTC-27DEC19-4000-P,9686.7,97.59,0.0135,11.0,0.0165,11.0,102.62,6.02614,-1.95343,-2.51932,1e-05,-0.04385
9788.35,BTC-27SEP19,1563965943375,open,0.08,506.0,0.0385,0.1245,0.08169345,103.47,0.078,0.0,BTC-27SEP19-8000-P,9686.7,101.82,0.0795,19.3,0.082,4.6,103.7,13.05949,-10.41433,-5.73705,7e-05,-0.24806
9788.35,BTC-27SEP19,1563965943375,open,0.0,490.7,0.0005,0.04,0.0003916,144.99,0.001,0.0,BTC-27SEP19-2000-P,9686.7,148.98,0.0005,2.0,0.001,23.0,161.98,0.24315,-0.27172,-0.03891,0.0,-0.00185
9934.35,BTC-27DEC19,1563965943375,open,0.0,170.8,0.0005,0.0405,0.00075971,120.13,0.001,0.0,BTC-27DEC19-1500-P,9686.7,114.34,0.0005,1.0,0.001,2.0,124.35,0.5128,-0.1976,-0.14038,0.0,-0.00255
9788.35,BTC-27SEP19,1563965943375,open,0.07,185.5,0.025,0.1045,0.06454024,106.93,0.067,0.0,BTC-27SEP19-14000-C,9686.7,105.14,0.062,19.3,0.067,19.3,108.64,14.00696,-11.54289,3.83315,8e-05,0.28486
9788.35,BTC-27SEP19,1563965943375,open,0.33,72.0,0.2745,0.3805,0.32752803,104.83,0.338,0.0,BTC-27SEP19-12000-P,9686.7,88.97,0.302,7.5,0.3395,2.5,112.12,15.99599,-12.92369,-16.04693,9e-05,-0.59482
9788.35,BTC-27SEP19,1563965943375,open,0.21,377.9,0.1685,0.248,0.20821417,102.97,0.2115,0.0,BTC-27SEP19-9000-C,9686.7,101.86,0.2065,14.4,0.2095,4.8,103.8,15.13303,-12.00966,7.84752,9e-05,0.65927
9934.35,BTC-27DEC19,1563965943376,open,0.85,0.1,0.81,0.8895,0.84976222,120.01,0.84,0.0,BTC-27DEC19-1500-C,9686.7,0.0,0.7805,8.0,0.9195,8.0,351.66,0.50989,-0.19628,6.26641,0.0,0.99747
9934.35,BTC-27DEC19,1563965943376,open,0.01,770.0,0.0005,0.047,0.00714558,113.46,0.0085,0.0,BTC-27DEC19-52000-C,9686.7,110.82,0.006,6.0,0.0085,8.0,116.23,4.57707,-1.66573,1.0254,1e-05,0.03132
9934.35,BTC-27DEC19,1563965943375,open,0.02,263.1,0.0005,0.055,0.01535398,112.08,0.016,0.0,BTC-27DEC19-40000-C,9686.7,109.68,0.0135,14.0,0.0165,6.0,113.48,7.9668,-2.86413,1.99278,2e-05,0.06233
9788.35,BTC-27SEP19,1563965943376,open,0.01,309.3,0.0005,0.046,0.00596095,109.94,0.0035,0.0,BTC-27SEP19-4500-P,9686.7,106.23,0.005,24.0,0.007,5.0,113.59,2.66469,-2.25774,-0.59378,1e-05,-0.02817
9788.35,BTC-27SEP19,1563965943376,open,0.05,333.1,0.005,0.0885,0.04684619,104.09,0.0475,0.0,BTC-27SEP19-7000-P,9686.7,102.78,0.0455,19.3,0.048,5.0,105.2,10.1506,-8.14287,-3.64552,6e-05,-0.16269
9788.35,BTC-27SEP19,1563965943376,open,0.02,349.3,0.0005,0.056,0.01551268,106.37,0.0145,0.0,BTC-27SEP19-5500-P,9686.7,104.46,0.0145,24.0,0.017,9.2,109.08,5.26757,-4.31822,-1.41056,3e-05,-0.06556
9934.35,BTC-27DEC19,1563965943376,open,0.57,6.5,0.5315,0.611,0.57100306,100.93,0.575,0.0,BTC-27DEC19-4500-C,9686.7,0.0,0.514,8.0,0.6295,8.0,158.46,8.02917,-2.59942,15.52956,2e-05,0.93705
9934.35,BTC-27DEC19,1563965943376,open,0.08,547.9,0.038,0.1175,0.07770434,106.19,0.0765,0.0,BTC-27DEC19-20000-C,9686.7,104.89,0.075,0.8,0.0795,4.9,107.04,20.8112,-7.08854,7.48675,5e-05,0.25417
9788.35,BTC-27SEP19,1563965943376,open,0.6,227.5,0.555,0.6345,0.59489169,113.32,0.7065,0.0,BTC-27SEP19-4000-C,9686.7,0.0,0.536,8.0,0.6535,8.0,240.47,1.76989,-1.54581,6.7463,1e-05,0.98266
9788.35,BTC-27SEP19,1563965943376,open,0.41,714.8,0.3715,0.451,0.4110525,106.26,0.434,0.0,BTC-27SEP19-6000-C,9686.7,0.0,0.36,8.0,0.462,8.0,165.23,6.92046,-5.6673,8.61116,4e-05,0.906
9788.35,BTC-27SEP19,1563965943376,open,1.26,0.2,1.1695,1.3495,1.2595252,111.53,1.391,0.0,BTC-27SEP19-22000-P,9686.7,0.0,0.005,10.0,0.0,0.0,0.0,5.4479,-4.68289,-38.11975,3e-05,-0.93152
9788.35,BTC-27SEP19,1563965943376,open,0.01,103.7,0.0005,0.0455,0.00579177,113.51,0.006,0.0,BTC-27SEP19-26000-C,9686.7,109.3,0.0045,29.0,0.007,32.0,116.94,3.24614,-2.8399,0.52156,2e-05,0.03577
9934.35,BTC-27DEC19,1563965943376,open,0.73,7.1,0.6615,0.7995,0.73046902,104.35,0.491,0.0,BTC-27DEC19-16000-P,9686.7,77.87,0.67,2.5,0.788,2.5,127.18,24.29259,-8.13132,-58.13405,6e-05,-0.6398
9788.35,BTC-27SEP19,1563965943377,open,0.55,289.7,0.5065,0.586,0.54625847,110.04,0.588,0.0,BTC-27SEP19-4500-C,9686.7,0.0,0.4895,8.0,0.603,8.0,215.03,2.67148,-2.26559,7.40261,1e-05,0.97175
9788.35,BTC-27SEP19,1563965943377,open,0.7,225.7,0.655,0.7345,0.69481701,126.1,0.693,0.0,BTC-27SEP19-3000-C,9686.7,0.0,0.632,8.0,0.7575,8.0,311.48,0.74121,-0.72037,5.19851,0.0,0.99362
9788.35,BTC-27SEP19,1563965943376,open,0.0,624.3,0.0005,0.043,0.0032136,116.31,0.0025,0.0,BTC-27SEP19-30000-C,9686.7,109.58,0.002,13.0,0.004,24.0,119.78,2.05979,-1.84641,0.30476,1e-05,0.02073
9934.35,BTC-27DEC19,1563965943376,open,3.04,0.0,2.8805,3.2035,3.0419537,112.28,2.58,0.0,BTC-27DEC19-40000-P,9686.7,0.0,0.0005,3.0,0.0,0.0,0.0,8.01794,-2.88783,-168.81515,2e-05,-0.93716
9934.35,BTC-27DEC19,1563965943376,open,0.61,27.2,0.573,0.6525,0.61287639,101.03,0.65,0.0,BTC-27DEC19-4000-C,9686.7,0.0,0.5545,8.0,0.6735,8.0,171.3,6.02321,-1.95195,14.56478,1e-05,0.95618
9788.35,BTC-27SEP19,1563965943376,open,0.02,482.9,0.0005,0.0575,0.01751198,110.23,0.022,0.0,BTC-27SEP19-20000-C,9686.7,108.07,0.016,32.0,0.019,24.0,112.26,7.02394,-5.96708,1.36394,4e-05,0.09591
9934.35,BTC-27DEC19,1563965943376,open,1.09,5.7,1.0075,1.1745,1.0910042,106.23,1.085,0.0,BTC-27DEC19-20000-P,9686.7,54.74,1.018,2.5,1.159,2.5,135.78,20.81816,-7.09355,-77.92123,5e-05,-0.74566
9934.35,BTC-27DEC19,1563965943376,open,2.25,0.3,2.118,2.3775,2.24774488,109.83,1.875,0.0,BTC-27DEC19-32000-P,9686.7,0.0,2.136,2.5,2.352,2.5,167.8,11.54868,-4.06849,-133.46456,2e-05,-0.89813
9934.35,BTC-27DEC19,1563965943376,open,0.4,54.4,0.356,0.4355,0.39573954,100.33,0.4345,0.0,BTC-27DEC19-7000-C,9686.7,70.2,0.344,8.0,0.446,8.0,127.87,17.86576,-5.74945,17.38838,4e-05,0.8056
9788.35,BTC-27SEP19,1563965943377,open,0.58,29.6,0.521,0.6475,0.58424669,107.87,0.58,0.0,BTC-27SEP19-15000-P,9686.7,0.0,0.528,2.5,0.635,2.5,143.03,12.7843,-10.62852,-23.41366,7e-05,-0.76152
9788.35,BTC-27SEP19,1563965943377,open,0.67,0.0,0.63,0.7095,0.669743,123.21,None,0.0,BTC-27SEP19-3250-C,9686.7,0.0,0.608,8.0,0.7315,8.0,291.09,0.96416,-0.91553,5.59613,0.0,0.9914
9934.35,BTC-27DEC19,1563965943377,open,0.03,111.2,0.0005,0.066,0.0264651,109.71,0.0295,0.0,BTC-27DEC19-32000-C,9686.7,107.98,0.0245,14.0,0.028,6.0,111.02,11.51824,-4.05354,3.18359,2e-05,0.1015
9788.35,BTC-27SEP19,1563965943377,open,0.13,504.9,0.0885,0.168,0.1282688,103.71,0.15,0.0,BTC-27SEP19-11000-C,9686.7,103.25,0.1275,14.4,0.131,5.0,105.34,16.44402,-13.14393,6.13238,9e-05,0.48075
9788.35,BTC-27SEP19,1563965943377,open,2.27,0.0,2.1405,2.402,2.27123948,115.03,None,0.0,BTC-27SEP19-32000-P,9686.7,0.0,0.0,0.0,0.0,0.0,0.0,1.46403,-1.29797,-56.67103,1e-05,-0.9861
9788.35,BTC-27SEP19,1563965943377,open,0.52,13.5,0.483,0.5625,0.52260409,109.32,0.382,0.0,BTC-27SEP19-4750-C,9686.7,0.0,0.467,8.0,0.578,8.0,203.83,3.26264,-2.74898,7.67953,2e-05,0.96401
9689.3,SYN.BTC-26JUL19,1563965943376,open,0.23,17.0,0.1865,0.266,0.22620419,148.79,0.246,0.0,BTC-26JUL19-7500-C,9686.7,0.0,0.184,4.0,0.27,4.0,500.0,0.13628,-5.40531,0.38178,2e-05,0.99295
9934.35,BTC-27DEC19,1563965943377,open,0.7,0.0,0.6635,0.743,0.70323712,102.59,None,0.0,BTC-27DEC19-3000-C,9686.7,0.0,0.6405,8.0,0.767,8.0,209.8,2.73041,-0.89853,11.87107,1e-05,0.98305
9788.35,BTC-27SEP19,1563965943377,open,0.0,267.2,0.0005,0.044,0.0043054,115.07,0.0045,0.0,BTC-27SEP19-28000-C,9686.7,109.52,0.003,24.0,0.005,24.0,117.57,2.58649,-2.29376,0.39796,1e-05,0.02718
9934.35,BTC-27DEC19,1563965943377,open,0.56,116.5,0.5,0.6245,0.56210432,103.63,0.56,0.0,BTC-27DEC19-14000-P,9686.7,92.39,0.5335,7.5,0.579,2.5,110.17,25.53671,-8.48854,-47.88989,6e-05,-0.5667
9934.35,BTC-27DEC19,1563965943377,open,0.53,62.4,0.4915,0.571,0.53142613,100.86,0.533,0.0,BTC-27DEC19-5000-C,9686.7,0.0,0.4755,8.5,0.588,8.0,148.82,10.11583,-3.27263,16.26675,2e-05,0.91485
9788.35,BTC-27SEP19,1563965943378,open,1.46,0.2,1.362,1.5585,1.4602087,112.71,1.6,0.0,BTC-27SEP19-24000-P,9686.7,0.0,0.0,0.0,0.0,0.0,0.0,4.22138,-3.66695,-41.94163,2e-05,-0.95051
9934.35,BTC-27DEC19,1563965943378,open,0.91,12.4,0.8325,0.9845,0.90844522,105.59,0.559,0.0,BTC-27DEC19-18000-P,9686.7,71.03,0.841,2.5,0.9705,2.5,131.27,22.66724,-7.67752,-68.11967,5e-05,-0.69719
9788.35,BTC-27SEP19,1563965943377,open,0.0,1660.1,0.0005,0.04,6.883e-05,145.0,0.0005,0.0,BTC-27SEP19-1500-P,9686.7,0.0,0.0,0.0,0.001,12.0,191.23,0.05553,-0.06205,-0.00764,0.0,-0.00037
9788.35,BTC-27SEP19,1563965943377,open,0.01,480.7,0.0005,0.0505,0.01010277,108.51,0.007,0.0,BTC-27SEP19-5000-P,9686.7,105.66,0.009,24.0,0.011,9.0,110.72,3.90012,-3.26168,-0.95583,2e-05,-0.04484
9700.3,SYN.BTC-2AUG19,1563965943375,open,0.01,245.8,0.0005,0.045,0.0052234,114.39,0.005,0.0,BTC-2AUG19-7500-P,9686.7,110.5,0.0045,39.0,0.005,5.3,113.22,1.86831,-12.03977,-0.16056,7e-05,-0.06284
9934.35,BTC-27DEC19,1563965943378,open,0.49,59.5,0.454,0.5335,0.49361149,100.32,0.49,0.0,BTC-27DEC19-5500-C,9686.7,83.54,0.4745,8.0,0.549,8.0,141.5,12.16071,-3.91333,16.84174,3e-05,0.89059
9700.3,SYN.BTC-2AUG19,1563965943375,open,0.0,128.1,0.0005,0.042,0.00204604,119.39,0.002,0.0,BTC-2AUG19-14000-C,9686.7,107.3,0.001,30.0,0.003,34.7,127.29,1.03527,-6.9627,0.06644,4e-05,0.03021
9744.3,SYN.BTC-30AUG19,1563965943375,open,0.76,0.0,0.686,0.826,0.75618726,111.6,None,0.0,BTC-30AUG19-17000-P,9686.7,0.0,0.0,0.0,0.0,0.0,0.0,4.69207,-7.09982,-16.48149,4e-05,-0.91798
9934.35,BTC-27DEC19,1563965943378,open,0.66,4.0,0.617,0.6965,0.65686971,101.06,0.64,0.0,BTC-27DEC19-3500-C,9686.7,0.0,0.5965,8.0,0.719,8.0,187.49,4.18062,-1.35523,13.36627,1e-05,0.97192
9788.35,BTC-27SEP19,1563965943377,open,0.0,124.1,0.0005,0.0425,0.00273271,115.68,0.0035,0.0,BTC-27SEP19-3750-P,9686.7,105.61,0.0015,29.5,0.004,29.0,123.38,1.42855,-1.27365,-0.28267,1e-05,-0.01351
9788.35,BTC-27SEP19,1563965943378,open,0.49,78.3,0.4355,0.5545,0.49480484,106.92,0.4045,0.0,BTC-27SEP19-14000-P,9686.7,85.24,0.466,7.5,0.515,2.5,120.58,14.00659,-11.54205,-21.05084,8e-05,-0.71515
9788.35,BTC-27SEP19,1563965943377,open,0.41,31.2,0.3535,0.466,0.40974345,106.46,0.428,0.0,BTC-27SEP19-13000-P,9686.7,87.84,0.382,7.5,0.425,2.5,116.18,15.14966,-12.43023,-18.58159,8e-05,-0.65829
9934.35,BTC-27DEC19,1563965943378,open,2.64,1.3,2.499,2.79,2.64447185,111.74,2.2,0.0,BTC-27DEC19-36000-P,9686.7,0.0,2.518,2.5,2.76,2.5,178.86,9.74524,-3.49282,-151.1801,2e-05,-0.91897
9788.35,BTC-27SEP19,1563965943378,open,0.01,297.4,0.0005,0.048,0.00830452,112.69,0.008,0.0,BTC-27SEP19-24000-C,9686.7,109.5,0.007,17.0,0.0095,32.0,115.35,4.21838,-3.6636,0.71576,2e-05,0.04945
9689.3,SYN.BTC-26JUL19,1563965943375,open,0.6,0.0,0.536,0.6635,0.59959759,0.0,None,0.0,BTC-26JUL19-15500-P,9686.7,0.0,0.0,0.0,0.0,0.0,0.0,0.0,0.0,-0.79653,0.0,-1.0
9788.35,BTC-27SEP19,1563965943378,open,0.67,34.4,0.6085,0.742,0.67544194,107.94,0.6695,0.0,BTC-27SEP19-16000-P,9686.7,0.0,0.6165,2.5,0.7295,2.5,147.76,11.449,-9.5242,-25.72158,6e-05,-0.80298
9744.3,SYN.BTC-30AUG19,1563965943375,open,0.03,156.4,0.0005,0.066,0.0251908,107.19,0.0245,0.0,BTC-30AUG19-7000-P,9686.7,104.6,0.0235,29.0,0.0265,24.0,109.15,6.4427,-9.3634,-1.49714,6e-05,-0.12689
9689.3,SYN.BTC-26JUL19,1563965943376,open,0.02,271.1,0.0005,0.061,0.02109951,119.84,0.0185,0.0,BTC-26JUL19-10000-C,9686.7,113.92,0.0195,32.3,0.0215,2.6,121.31,2.62892,-83.98138,0.17512,0.00045,0.3728
9934.35,BTC-27DEC19,1563965943379,open,3.84,0.0,3.6475,4.0345,3.84111508,113.58,None,0.0,BTC-27DEC19-48000-P,9686.7,0.0,0.0005,100.0,0.0,0.0,0.0,5.59131,-2.03716,-203.68995,1e-05,-0.96003
9934.35,BTC-27DEC19,1563965943379,open,0.64,5.6,0.58,0.7115,0.6457864,104.28,0.5485,0.0,BTC-27DEC19-15000-P,9686.7,79.91,0.587,2.5,0.6995,2.5,125.23,25.01322,-8.36708,-53.02557,6e-05,-0.60407
9934.35,BTC-27DEC19,1563965943379,open,0.01,117.0,0.0005,0.0495,0.00919718,101.1,0.0095,0.0,BTC-27DEC19-3500-P,9686.7,96.85,0.0075,11.0,0.0105,18.0,104.08,4.18402,-1.3568,-1.5825,1e-05,-0.0281
9788.35,BTC-27SEP19,1563965943379,open,0.8,28.2,0.7565,0.836,0.79607939,145.48,0.755,0.0,BTC-27SEP19-2000-C,9686.7,0.0,0.729,8.0,0.8635,8.0,431.52,0.24866,-0.27881,3.51491,0.0,0.99811
9788.35,BTC-27SEP19,1563965943379,open,0.0,1061.9,0.0005,0.0445,0.00471192,111.94,0.005,0.0,BTC-27SEP19-4250-P,9686.7,106.11,0.0035,24.0,0.006,32.7,117.26,2.21147,-1.90792,-0.47429,1e-05,-0.02255
9689.3,SYN.BTC-26JUL19,1563965943376,open,0.39,32.3,0.3375,0.4485,0.39322137,0.0,0.29,0.0,BTC-26JUL19-13500-P,9686.7,0.0,0.3455,2.5,0.4375,2.5,500.0,0.0,0.0,-0.69375,0.0,-1.0
9744.3,SYN.BTC-30AUG19,1563965943375,open,0.22,26.7,0.17,0.267,0.21860886,108.21,0.1965,0.0,BTC-30AUG19-11000-P,9686.7,103.31,0.2125,7.5,0.2225,2.5,111.33,12.1567,-17.8373,-7.77919,0.00012,-0.57159
9788.7,BTC-27SEP19,1563965943379,open,0.33,748.2,0.292,0.3715,0.33172039,104.08,0.395,0.0,BTC-27SEP19-7000-C,9686.7,84.33,0.3125,4.0,0.38,4.0,147.28,10.14974,-8.14158,8.79705,6e-05,0.83734
9788.7,BTC-27SEP19,1563965943379,open,0.62,0.0,0.58,0.6595,0.61962333,115.59,None,0.0,BTC-27SEP19-3750-C,9686.7,0.0,0.56,8.0,0.679,8.0,255.06,1.42385,-1.2684,6.38379,1e-05,0.98654
9689.3,SYN.BTC-26JUL19,1563965943375,open,0.0,498.3,0.0005,0.04,6.22e-06,145.02,0.0005,0.0,BTC-26JUL19-14000-C,9686.7,0.0,0.0,0.0,0.0005,12.0,213.9,0.00632,-0.06025,0.00012,0.0,0.00024
9744.3,SYN.BTC-30AUG19,1563965943378,open,0.02,65.6,0.0005,0.056,0.01612301,110.88,0.0155,0.0,BTC-30AUG19-16000-C,9686.7,108.08,0.0145,32.0,0.0175,24.0,113.15,5.79266,-8.70869,0.9161,5e-05,0.10918
9700.3,SYN.BTC-2AUG19,1563965943375,open,0.02,37.7,0.0005,0.0625,0.02184655,113.56,0.021,0.0,BTC-2AUG19-8500-P,9686.7,109.31,0.02,29.0,0.023,24.2,116.17,4.26031,-27.25376,-0.52803,0.00016,-0.20201
9700.3,SYN.BTC-2AUG19,1563965943378,open,0.01,89.9,0.0005,0.0475,0.00773363,116.96,0.012,0.0,BTC-2AUG19-12500-C,9686.7,112.16,0.0065,31.0,0.0085,0.1,119.76,2.59537,-17.10089,0.21047,0.0001,0.09696
9700.3,SYN.BTC-2AUG19,1563965943375,open,0.01,87.5,0.0005,0.0515,0.01148625,114.27,0.011,0.0,BTC-2AUG19-8000-P,9686.7,111.07,0.0105,4.0,0.011,3.0,112.71,3.0415,-19.57867,-0.31222,0.00012,-0.12088
9689.3,SYN.BTC-26JUL19,1563965943375,open,0.38,1.0,0.341,0.4205,0.380801,219.88,0.354,0.0,BTC-26JUL19-6000-C,9686.7,0.0,0.332,4.0,0.431,4.0,500.0,0.02136,-1.25222,0.30786,0.0,0.99909
9788.7,BTC-27SEP19,1563965943381,open,0.19,254.7,0.1375,0.2315,0.18442105,102.81,0.1905,0.0,BTC-27SEP19-10000-P,9686.7,101.95,0.183,14.4,0.1865,0.1,104.06,16.2346,-12.86331,-10.75116,9e-05,-0.43351
9689.3,SYN.BTC-26JUL19,1563965943375,open,0.0,540.4,0.0005,0.041,0.00144485,132.22,0.0025,0.0,BTC-26JUL19-11500-C,9686.7,111.54,0.0005,42.1,0.002,5.2,140.5,0.58863,-13.99958,0.01879,9e-05,0.03919
9689.3,SYN.BTC-26JUL19,1563965943375,open,1.17,0.0,1.081,1.2535,1.16719663,0.0,None,0.0,BTC-26JUL19-21000-P,9686.7,0.0,0.0,0.0,0.0,0.0,0.0,0.0,0.0,-1.07917,0.0,-1.0
9689.3,SYN.BTC-26JUL19,1563965943375,open,0.43,0.0,0.3925,0.472,0.43240088,255.29,0.4,0.0,BTC-26JUL19-5500-C,9686.7,0.0,0.3815,4.0,0.4845,4.0,500.0,0.01733,-1.17953,0.28226,0.0,0.99928
9744.3,SYN.BTC-30AUG19,1563965943375,open,0.01,167.4,0.0005,0.05,0.01000009,109.35,0.0085,0.0,BTC-30AUG19-6000-P,9686.7,105.14,0.0085,29.0,0.011,24.0,111.99,3.60864,-5.35047,-0.67266,3e-05,-0.05833
9689.3,SYN.BTC-26JUL19,1563965943376,open,0.0,512.6,0.0005,0.04,2e-08,145.02,0.0005,0.0,BTC-26JUL19-16000-C,9686.7,0.0,0.0,0.0,0.0005,12.1,278.95,3e-05,-0.00017,0.0,0.0,0.0
9689.3,SYN.BTC-26JUL19,1563965943375,open,0.86,0.0,0.7835,0.9315,0.85759711,0.0,None,0.0,BTC-26JUL19-18000-P,9686.7,0.0,0.0,0.0,0.0,0.0,0.0,0.0,0.0,-0.925,0.0,-1.0
9744.3,SYN.BTC-30AUG19,1563965943379,open,0.66,0.0,0.592,0.724,0.65800093,110.7,None,0.0,BTC-30AUG19-16000-P,9686.7,0.0,0.0,0.0,0.0,0.0,0.0,5.77414,-8.66662,-15.2523,5e-05,-0.89131
9700.3,SYN.BTC-2AUG19,1563965943375,open,0.06,82.2,0.017,0.1015,0.05914439,112.18,0.0595,0.0,BTC-2AUG19-9500-P,9686.7,107.84,0.0565,5.0,0.0605,3.0,114.41,5.90702,-37.32972,-1.12575,0.00023,-0.41811
9689.3,SYN.BTC-26JUL19,1563965943376,open,0.0,214.7,0.0005,0.04,3e-08,144.98,0.0005,0.0,BTC-26JUL19-6000-P,9686.7,0.0,0.0,0.0,0.0005,17.7,284.15,5e-05,-0.00032,0.0,0.0,0.0
9689.3,SYN.BTC-26JUL19,1563965943378,open,0.29,55.9,0.239,0.3415,0.29025745,137.68,0.23,0.0,BTC-26JUL19-12500-P,9686.7,0.0,0.246,2.5,0.2905,0.3,152.54,0.11249,-4.12849,-0.63962,2e-05,-0.99432
9689.3,SYN.BTC-26JUL19,1563965943375,open,0.0,279.1,0.0005,0.04,1.21e-06,144.98,0.0005,0.0,BTC-26JUL19-6500-P,9686.7,0.0,0.0,0.0,0.0005,12.0,240.97,0.00142,-0.01176,-3e-05,0.0,-5e-05
9689.3,SYN.BTC-26JUL19,1563965943379,open,0.0,64.9,0.0005,0.04,8e-08,145.02,0.0005,0.0,BTC-26JUL19-15500-C,9686.7,0.0,0.0,0.0,0.0005,16.0,263.73,0.00013,-0.0008,0.0,0.0,0.0
9700.3,SYN.BTC-2AUG19,1563965943375,open,0.3,0.0,0.2445,0.348,0.29626884,116.65,None,0.0,BTC-2AUG19-12500-P,9686.7,0.0,0.01,10.0,0.0,0.0,0.0,2.58175,-16.96478,-2.83058,0.0001,-0.90373
9689.3,SYN.BTC-26JUL19,1563965943375,open,0.28,4.8,0.238,0.3175,0.2776224,160.68,0.455,0.0,BTC-26JUL19-7000-C,9686.7,0.0,0.2335,4.0,0.3235,4.0,500.0,0.0438,-1.87606,0.3587,1e-05,0.99801
9700.3,SYN.BTC-2AUG19,1563965943375,open,0.15,0.2,0.106,0.1855,0.1456426,113.69,0.204,0.0,BTC-2AUG19-8500-C,9686.7,0.0,0.107,4.0,0.187,4.0,197.54,4.26301,-27.30265,1.53827,0.00016,0.79778
9700.3,SYN.BTC-2AUG19,1563965943376,open,0.25,0.0,0.1995,0.299,0.24905794,116.47,None,0.0,BTC-2AUG19-12000-P,9686.7,0.0,0.205,2.5,0.289,2.5,202.2,3.36601,-22.08564,-2.61618,0.00013,-0.86005
9689.3,SYN.BTC-26JUL19,1563965943375,open,0.13,42.9,0.0865,0.166,0.12637634,134.57,0.19,0.0,BTC-26JUL19-8500-C,9686.7,0.0,0.088,4.0,0.1655,4.0,341.47,1.03168,-37.00915,0.39521,0.00016,0.9201
9700.3,SYN.BTC-2AUG19,1563965943380,open,0.08,28.5,0.04,0.1195,0.07985762,112.29,0.08,0.0,BTC-2AUG19-9500-C,9686.7,111.7,0.0795,5.0,0.082,3.2,115.8,5.90706,-37.36526,1.18418,0.00023,0.58188
9744.3,SYN.BTC-30AUG19,1563965943375,open,0.1,143.0,0.0515,0.1385,0.09492065,106.78,0.095,0.0,BTC-30AUG19-9000-P,9686.7,103.86,0.0915,19.3,0.096,4.3,107.71,11.38874,-16.48966,-4.31289,0.00011,-0.34318
9700.3,SYN.BTC-2AUG19,1563965943375,open,0.44,0.0,0.3875,0.503,0.44520548,118.48,None,0.0,BTC-2AUG19-14000-P,9686.7,0.0,0.01,10.0,0.0,0.0,0.0,1.00494,-6.70749,-3.34022,4e-05,-0.97085
9689.3,SYN.BTC-26JUL19,1563965943377,open,0.0,542.3,0.0005,0.04,2.127e-05,144.97,0.0005,0.0,BTC-26JUL19-7000-P,9686.7,0.0,0.0,0.0,0.0005,18.3,200.57,0.01763,-0.20612,-0.00038,0.0,-0.00074
9700.3,SYN.BTC-2AUG19,1563965943375,open,0.28,0.0,0.2415,0.321,0.28105002,120.63,None,0.0,BTC-2AUG19-7000-C,9686.7,0.0,0.2365,4.0,0.327,4.0,281.04,1.13424,-7.7077,1.61628,4e-05,0.96626
9689.3,SYN.BTC-26JUL19,1563965943376,open,0.65,5.0,0.5855,0.717,0.65119745,0.0,0.2255,0.0,BTC-26JUL19-16000-P,9686.7,0.0,0.0,0.0,0.0,0.0,0.0,0.0,0.0,-0.82222,0.0,-1.0
9700.3,SYN.BTC-2AUG19,1563965943377,open,0.0,243.9,0.0005,0.0415,0.00158848,123.7,0.002,0.0,BTC-2AUG19-14500-C,9686.7,106.06,0.0005,38.0,0.002,33.5,128.12,0.83727,-5.8345,0.05153,3e-05,0.02343
9744.3,SYN.BTC-30AUG19,1563965943375,open,0.01,301.2,0.0005,0.048,0.00829955,112.14,0.0115,0.0,BTC-30AUG19-18000-C,9686.7,108.6,0.007,24.0,0.0095,24.0,115.13,3.75409,-5.70795,0.52222,3e-05,0.06135
9700.3,SYN.BTC-2AUG19,1563965943377,open,0.03,119.0,0.0005,0.0675,0.02767989,115.99,0.0285,0.0,BTC-2AUG19-11000-C,9686.7,112.72,0.026,5.6,0.0285,0.4,117.56,5.0261,-32.84023,0.57788,0.00019,0.27267
9700.3,SYN.BTC-2AUG19,1563965943375,open,0.19,0.0,0.147,0.2265,0.18682371,114.44,None,0.0,BTC-2AUG19-8000-C,9686.7,0.0,0.1465,4.0,0.23,4.0,218.43,3.04685,-19.64288,1.63229,0.00012,0.87882
9689.3,SYN.BTC-26JUL19,1563965943376,open,0.0,723.7,0.0005,0.04,0.00020298,144.87,0.0005,0.0,BTC-26JUL19-7500-P,9686.7,0.0,0.0,0.0,0.0005,5.0,162.41,0.11633,-1.96676,-0.00304,2e-05,-0.0059
9689.3,SYN.BTC-26JUL19,1563965943377,open,0.0,698.3,0.0005,0.041,0.00119407,144.71,0.001,0.0,BTC-26JUL19-8000-P,9686.7,140.38,0.001,18.2,0.0015,45.9,150.77,0.45697,-11.56965,-0.01494,7e-05,-0.02881
9744.3,SYN.BTC-30AUG19,1563965943379,open,0.56,0.0,0.5,0.6245,0.56227816,110.62,None,0.0,BTC-30AUG19-15000-P,9686.7,0.0,0.0,0.0,0.0,0.0,0.0,7.11234,-10.66799,-13.93654,7e-05,-0.85338
9700.3,SYN.BTC-2AUG19,1563965943378,open,0.0,60.6,0.0005,0.041,0.00124293,126.21,0.0025,0.0,BTC-2AUG19-6500-P,9686.7,111.06,0.0005,9.8,0.002,30.3,136.32,0.62101,-4.41538,-0.04181,2e-05,-0.01648
9689.3,SYN.BTC-26JUL19,1563965943377,open,0.75,0.0,0.6845,0.8245,0.75439727,0.0,None,0.0,BTC-26JUL19-17000-P,9686.7,0.0,0.0,0.0,0.0,0.0,0.0,0.0,0.0,-0.87361,0.0,-1.0
9689.3,SYN.BTC-26JUL19,1563965943378,open,0.0,437.4,0.0005,0.04,1.55e-06,145.02,0.0005,0.0,BTC-26JUL19-14500-C,9686.7,0.0,0.0,0.0,0.0005,12.1,231.27,0.00184,-0.01502,3e-05,0.0,7e-05
9689.3,SYN.BTC-26JUL19,1563965943375,open,0.0,932.8,0.0005,0.04,8.354e-05,145.03,0.0005,0.0,BTC-26JUL19-13000-C,9686.7,0.0,0.0,0.0,0.0005,12.0,176.47,0.05892,-0.80946,0.00133,1e-05,0.00276
9744.3,SYN.BTC-30AUG19,1563965943381,open,0.39,0.0,0.3545,0.434,0.39429587,109.46,None,0.0,BTC-30AUG19-6000-C,9686.7,0.0,0.345,4.0,0.4455,4.0,198.72,3.61553,-5.36604,5.3873,3e-05,0.94153
9744.3,SYN.BTC-30AUG19,1563965943377,open,0.03,94.9,0.0005,0.072,0.03243055,110.21,0.033,0.0,BTC-30AUG19-14000-C,9686.7,107.99,0.0305,27.3,0.0335,19.3,111.43,8.542,-12.76522,1.60141,8e-05,0.1951
9689.3,SYN.BTC-26JUL19,1563965943379,open,0.0,375.4,0.0005,0.04,0.0,145.01,0.001,0.0,BTC-26JUL19-21000-C,9686.7,0.0,0.0,0.0,0.0005,12.0,404.62,0.0,0.0,0.0,0.0,0.0
9689.3,SYN.BTC-26JUL19,1563965943377,open,0.0,724.8,0.0005,0.0405,0.00063652,139.22,0.0005,0.0,BTC-26JUL19-12000-C,9686.7,0.0,0.0,0.0,0.001,7.4,148.96,0.30985,-6.1674,0.00873,5e-05,0.01816
9689.3,SYN.BTC-26JUL19,1563965943378,open,0.0,126.8,0.0005,0.04,0.0,144.98,0.001,0.0,BTC-26JUL19-5500-P,9686.7,0.0,0.0,0.0,0.0005,12.0,330.71,0.0,0.0,0.0,0.0,0.0
9689.3,SYN.BTC-26JUL19,1563965943378,open,0.34,28.7,0.2885,0.395,0.34168145,0.0,0.368,0.0,BTC-26JUL19-13000-P,9686.7,0.0,0.2955,2.5,0.384,2.5,476.46,0.0,0.0,-0.66806,0.0,-1.0
9689.3,SYN.BTC-26JUL19,1563965943376,open,0.05,89.8,0.0045,0.084,0.04423306,118.56,0.049,0.0,BTC-26JUL19-9500-C,9686.7,114.08,0.043,18.0,0.045,3.1,121.34,2.66844,-84.33348,0.28081,0.00047,0.6082
9689.3,SYN.BTC-26JUL19,1563965943376,open,0.0,626.2,0.0005,0.04,0.0,145.02,0.0005,0.0,BTC-26JUL19-17000-C,9686.7,0.0,0.0,0.0,0.0005,12.1,307.67,0.0,-1e-05,0.0,0.0,0.0
9689.3,SYN.BTC-26JUL19,1563965943376,open,0.18,41.7,0.136,0.2155,0.17559535,145.86,0.1965,0.0,BTC-26JUL19-8000-C,9686.7,0.0,0.136,4.0,0.217,4.0,417.34,0.46927,-18.24535,0.39568,7e-05,0.97026
9744.3,SYN.BTC-30AUG19,1563965943375,open,0.09,103.8,0.05,0.1295,0.0898178,108.27,0.0875,0.0,BTC-30AUG19-11000-C,9686.7,105.61,0.0865,14.4,0.092,8.0,110.02,12.15733,-17.84802,3.33441,0.00012,0.42852
9700.3,SYN.BTC-2AUG19,1563965943377,open,0.23,0.0,0.1925,0.272,0.23210228,114.66,None,0.0,BTC-2AUG19-7500-C,9686.7,0.0,0.1905,4.0,0.277,4.0,246.12,1.87724,-12.12525,1.66218,7e-05,0.93677
9700.3,SYN.BTC-2AUG19,1563965943375,open,0.34,0.0,0.2915,0.3985,0.34492717,116.61,None,0.0,BTC-2AUG19-13000-P,9686.7,0.0,0.01,10.0,0.0,0.0,0.0,1.90308,-12.50153,-3.02065,7e-05,-0.93565
9744.3,SYN.BTC-30AUG19,1563965943375,open,0.23,20.0,0.1925,0.272,0.23231833,107.03,0.2245,0.0,BTC-30AUG19-8000-C,9686.7,54.57,0.189,4.0,0.256,4.0,131.1,9.32777,-13.53679,5.32611,9e-05,0.77334
9700.3,SYN.BTC-2AUG19,1563965943378,open,0.5,0.0,0.4365,0.556,0.49628933,122.53,None,0.0,BTC-2AUG19-14500-P,9686.7,0.0,0.0,0.0,0.0,0.0,0.0,0.80328,-5.54485,-3.47686,3e-05,-0.97769
9689.3,SYN.BTC-26JUL19,1563965943378,open,0.0,163.5,0.0005,0.04,0.0,145.01,0.0005,0.0,BTC-26JUL19-19000-C,9686.7,0.0,0.0,0.0,0.0005,12.0,359.25,0.0,0.0,0.0,0.0,0.0
9689.3,SYN.BTC-26JUL19,1563965943375,open,0.44,10.8,0.3875,0.5025,0.44480397,0.0,0.484,0.0,BTC-26JUL19-14000-P,9686.7,0.0,0.395,2.5,0.4905,2.5,500.0,0.0,0.0,-0.71944,0.0,-1.0
9689.3,SYN.BTC-26JUL19,1563965943375,open,0.55,10.0,0.4865,0.6095,0.54799796,0.0,0.17,0.0,BTC-26JUL19-15000-P,9686.7,0.0,0.4945,2.5,0.597,2.5,500.0,0.0,0.0,-0.77083,0.0,-1.0
9744.3,SYN.BTC-30AUG19,1563965943375,open,0.05,106.4,0.0115,0.095,0.05325729,106.97,0.0545,0.0,BTC-30AUG19-8000-P,9686.7,104.61,0.051,3.0,0.0545,19.5,108.27,9.32626,-13.52747,-2.75506,9e-05,-0.2266
9744.3,SYN.BTC-30AUG19,1563965943376,open,0.85,0.0,0.7815,0.9295,0.85541221,111.82,None,0.0,BTC-30AUG19-18000-P,9686.7,0.0,0.0,0.0,0.0,0.0,0.0,3.72304,-5.64478,-17.66824,3e-05,-0.9393
9689.3,SYN.BTC-26JUL19,1563965943377,open,0.0,677.6,0.0005,0.04,3.7e-07,145.02,0.0005,0.0,BTC-26JUL19-15000-C,9686.7,0.0,0.0,0.0,0.0005,14.0,247.85,0.0005,-0.00356,1e-05,0.0,2e-05
9689.3,SYN.BTC-26JUL19,1563965943378,open,0.5,10.8,0.437,0.556,0.49639922,0.0,0.166,0.0,BTC-26JUL19-14500-P,9686.7,0.0,0.445,2.5,0.5435,2.5,500.0,0.0,0.0,-0.74514,0.0,-1.0
9689.3,SYN.BTC-26JUL19,1563965943379,open,0.0,320.1,0.0005,0.04,2.354e-05,145.03,0.0005,0.0,BTC-26JUL19-13500-C,9686.7,0.0,0.0,0.0,0.0005,12.0,195.67,0.02014,-0.22811,0.00041,0.0,0.00085
9744.3,SYN.BTC-30AUG19,1563965943379,open,0.31,0.0,0.267,0.3465,0.30686921,107.26,None,0.0,BTC-30AUG19-7000-C,9686.7,0.0,0.2615,4.0,0.355,4.0,168.97,6.44662,-9.37532,5.57336,6e-05,0.873
9689.3,SYN.BTC-26JUL19,1563965943375,open,0.0,311.2,0.0005,0.04,0.00025946,144.0,0.0005,0.0,BTC-26JUL19-12500-C,9686.7,0.0,0.0,0.0,0.0005,6.9,156.17,0.14971,-2.51399,0.00378,2e-05,0.00785
9700.3,SYN.BTC-2AUG19,1563965943375,open,0.33,0.0,0.2915,0.371,0.33120461,126.9,None,0.0,BTC-2AUG19-6500-C,9686.7,0.0,0.2845,4.0,0.3795,4.0,324.37,0.63492,-4.53873,1.53767,2e-05,0.98309
9744.3,SYN.BTC-30AUG19,1563965943379,open,0.01,45.4,0.0005,0.0515,0.01169198,111.83,0.012,0.0,BTC-30AUG19-17000-C,9686.7,108.19,0.01,32.0,0.0125,24.0,113.47,4.7163,-7.15167,0.6979,4e-05,0.08258
9689.3,SYN.BTC-26JUL19,1563965943380,open,0.96,0.0,0.8825,1.039,0.96079695,0.0,None,0.0,BTC-26JUL19-19000-P,9686.7,0.0,0.0,0.0,0.0,0.0,0.0,0.0,0.0,-0.97639,0.0,-1.0
9700.3,SYN.BTC-2AUG19,1563965943379,open,0.0,166.6,0.0005,0.0425,0.00262974,120.22,0.0025,0.0,BTC-2AUG19-7000-P,9686.7,114.35,0.002,6.0,0.003,45.0,123.3,1.1227,-7.60339,-0.08482,4e-05,-0.03333
9744.3,SYN.BTC-30AUG19,1563965943377,open,0.38,17.1,0.3245,0.4345,0.37959751,109.43,0.289,0.0,BTC-30AUG19-13000-P,9686.7,0.0,0.3305,2.5,0.424,2.5,149.24,9.97178,-14.79632,-11.05851,9e-05,-0.74371
9788.7,BTC-27SEP19,1563965943528,open,0.1,710.1,0.062,0.1415,0.10163489,104.86,0.1035,0.0,BTC-27SEP19-12000-C,9686.7,103.86,0.1,22.4,0.104,4.6,106.3,15.99754,-12.9282,5.28301,9e-05,0.40528
9788.7,BTC-27SEP19,1563965943528,open,0.45,221.9,0.414,0.4935,0.45362265,106.34,0.51,0.0,BTC-27SEP19-5500-C,9686.7,0.0,0.4015,8.0,0.507,8.0,178.28,5.26495,-4.31496,8.36627,3e-05,0.93448
9689.3,SYN.BTC-26JUL19,1563965943530,open,0.24,304.6,0.1895,0.2885,0.23903459,136.54,0.244,0.0,BTC-26JUL19-12000-P,9686.7,0.0,0.196,2.5,0.278,2.5,389.93,0.28295,-10.29858,-0.60881,4e-05,-0.98367
9689.3,SYN.BTC-26JUL19,1563965943537,open,0.05,576.5,0.011,0.095,0.0530979,119.59,0.0485,0.0,BTC-26JUL19-10000-P,9686.7,113.68,0.0515,0.3,0.0535,2.9,121.07,2.62819,-83.78181,-0.3389,0.00046,-0.62753
9689.3,SYN.BTC-26JUL19,1563965943537,open,1.06,0.0,0.9815,1.1465,1.06399679,0.0,None,0.0,BTC-26JUL19-20000-P,9686.7,0.0,0.0,0.0,0.0,0.0,0.0,0.0,0.0,-1.02778,0.0,-1.0
9934.35,BTC-27DEC19,1563965943551,open,2.05,2.1,1.929,2.1725,2.05075002,109.13,1.95,0.0,BTC-27DEC19-30000-P,9686.7,0.0,1.9455,2.5,2.1485,2.5,161.95,12.70968,-4.44894,-124.49088,3e-05,-0.8836
9934.35,BTC-27DEC19,1563965943807,open,1.66,0.0,1.555,1.767,1.66099087,108.23,None,0.0,BTC-27DEC19-26000-P,9686.7,0.0,1.5685,2.5,1.7465,2.5,151.04,15.6054,-5.41786,-106.22976,3e-05,-0.84293
206.92,SYN.ETH-26JUL19,1563965943808,open,0.0,2266.0,0.001,0.04,0.000198,145.0,0.001,0.0,ETH-26JUL19-160-P,206.91,0.0,0.0,0.0,0.001,300.0,180.58,0.00243,-0.04101,-6e-05,0.00076,-0.00577
207.38,ETH-27SEP19,1563965943811,open,0.52,769.0,0.454,0.574,0.514062,110.7,0.391,0.0,ETH-27SEP19-300-P,206.91,96.14,0.494,110.0,0.567,25.0,145.14,0.29854,-0.25469,-0.45175,0.00353,-0.71152
207.38,ETH-27SEP19,1563965943813,open,0.16,3314.0,0.114,0.206,0.159847,108.13,0.163,0.0,ETH-27SEP19-200-P,206.91,104.49,0.154,160.0,0.165,289.0,111.34,0.3327,-0.27725,-0.19872,0.00403,-0.37926
207.38,ETH-27SEP19,1563965943813,open,0.97,79.0,0.878,1.033,0.955254,114.71,0.351,0.0,ETH-27SEP19-400-P,206.91,0.0,0.0,0.0,0.0,0.0,0.0,0.187,-0.16532,-0.67202,0.00213,-0.86791
209.3,ETH-27DEC19,1563965943813,open,0.03,424.0,0.001,0.074,0.034486,112.68,0.039,0.0,ETH-27DEC19-640-C,206.91,110.8,0.032,288.0,0.038,50.0,115.23,0.28176,-0.10184,0.08102,0.00134,0.12513
207.18,SYN.ETH-30AUG19,1563965943813,open,0.32,0.0,0.267,0.372,0.319472,113.61,None,0.0,ETH-30AUG19-260-P,206.91,96.99,0.301,120.0,0.365,3.0,151.61,0.23759,-0.366,-0.20774,0.00482,-0.67305
207.38,ETH-27SEP19,1563965943815,open,0.07,7363.0,0.028,0.112,0.07004,108.13,0.066,0.0,ETH-27SEP19-160-P,206.91,103.16,0.064,160.0,0.07,160.0,108.1,0.2539,-0.21159,-0.10424,0.00307,-0.21275
207.38,ETH-27SEP19,1563965943815,open,0.61,496.0,0.535,0.662,0.598925,111.93,0.556,0.0,ETH-27SEP19-320-P,206.91,0.0,0.537,25.0,0.654,25.0,149.47,0.27619,-0.23826,-0.49824,0.00323,-0.75277
207.38,ETH-27SEP19,1563965943822,open,1.53,12.0,1.418,1.618,1.518008,119.68,1.193,0.0,ETH-27SEP19-520-P,206.91,0.0,0.0,0.0,0.0,0.0,0.0,0.10177,-0.09387,-0.90667,0.00111,-0.94174
209.3,ETH-27DEC19,1563965943822,open,2.3,0.0,2.149,2.41,2.279468,113.66,None,0.0,ETH-27DEC19-680-P,206.91,0.0,0.0,0.0,0.0,0.0,0.0,0.26083,-0.0951,-2.83101,0.00123,-0.88782
207.38,ETH-27SEP19,1563965943825,open,0.78,233.0,0.703,0.844,0.773585,112.98,0.763,0.0,ETH-27SEP19-360-P,206.91,0.0,0.706,25.0,0.83,25.0,155.93,0.2285,-0.19897,-0.58782,0.00265,-0.82115
206.92,SYN.ETH-26JUL19,1563965943808,open,0.0,1780.0,0.001,0.04,0.0,145.0,0.001,0.0,ETH-26JUL19-400-C,206.91,0.0,0.0,0.0,0.001,300.0,381.7,0.0,0.0,0.0,0.0,0.0
207.38,ETH-27SEP19,1563965943825,open,0.87,259.0,0.79,0.938,0.863679,113.7,0.94,0.0,ETH-27SEP19-380-P,206.91,0.0,0.009,8.0,0.0,0.0,0.0,0.20653,-0.18098,-0.63057,0.00238,-0.84702
207.18,SYN.ETH-30AUG19,1563965943812,open,0.03,255.0,0.001,0.067,0.027829,117.67,0.052,0.0,ETH-30AUG19-320-C,206.91,112.67,0.024,160.0,0.033,260.0,124.01,0.16327,-0.26049,0.02865,0.0032,0.16469
207.38,ETH-27SEP19,1563965943825,open,0.15,1000.0,0.118,0.197,0.157664,108.59,0.153,0.0,ETH-27SEP19-220-C,206.91,105.21,0.152,120.0,0.162,120.0,111.18,0.34706,-0.29046,0.14085,0.00418,0.53978
207.38,ETH-27SEP19,1563965943826,open,1.15,0.0,1.055,1.225,1.140374,115.93,None,0.0,ETH-27SEP19-440-P,206.91,0.0,0.0,0.0,0.0,0.0,0.0,0.15086,-0.13479,-0.75293,0.0017,-0.90229
9788.7,BTC-27SEP19,1563965943825,open,0.86,1.0,0.791,0.94,0.86541319,109.2,1.5815,0.0,BTC-27SEP19-18000-P,9686.7,0.0,0.005,0.8,1.4515,0.3,499.7,9.06003,-7.62486,-30.06842,5e-05,-0.8628
207.38,ETH-27SEP19,1563965943825,open,0.29,2475.0,0.234,0.336,0.28477,109.28,0.28,0.0,ETH-27SEP19-240-P,206.91,105.84,0.279,120.0,0.293,300.0,114.19,0.34749,-0.29267,-0.302,0.00416,-0.53455
209.3,ETH-27DEC19,1563965943826,open,0.68,82.0,0.603,0.735,0.669062,107.27,0.64,0.0,ETH-27DEC19-320-P,206.91,104.86,0.663,30.0,0.735,15.0,132.89,0.52819,-0.18174,-1.13494,0.00263,-0.60069
209.3,ETH-27DEC19,1563965943825,open,1.55,37.0,1.438,1.641,1.539565,111.18,0.707,0.0,ETH-27DEC19-520-P,206.91,0.0,0.001,500.0,0.0,0.0,0.0,0.36746,-0.13105,-2.10285,0.00177,-0.81307
207.38,ETH-27SEP19,1563965943826,open,0.0,4910.0,0.001,0.042,0.002285,125.61,0.002,0.0,ETH-27SEP19-760-C,206.91,123.67,0.002,200.0,0.003,200.0,129.83,0.03187,-0.03085,0.00445,0.00033,0.01435
207.18,SYN.ETH-30AUG19,1563965943812,open,0.03,268.0,0.001,0.075,0.035888,115.56,0.037,0.0,ETH-30AUG19-300-C,206.91,112.32,0.033,160.0,0.039,160.0,118.96,0.18705,-0.29308,0.03538,0.00373,0.2049
207.38,ETH-27SEP19,1563965943826,open,0.0,2988.0,0.001,0.043,0.003464,123.09,0.004,0.0,ETH-27SEP19-680-C,206.91,114.95,0.002,200.0,0.005,310.0,129.39,0.04454,-0.04225,0.00655,0.00047,0.02123
206.97,SYN.ETH-2AUG19,1563965943808,open,0.15,0.0,0.114,0.193,0.15383,121.19,None,0.0,ETH-2AUG19-180-C,206.91,0.0,0.0,0.0,0.0,0.0,0.0,0.09098,-0.62116,0.03241,0.00721,0.79768
207.38,ETH-27SEP19,1563965943828,open,0.61,0.0,0.577,0.656,0.616544,111.87,None,0.0,ETH-27SEP19-80-C,206.91,0.0,0.003,10.0,0.0,0.0,0.0,0.02742,-0.02364,0.1369,0.00032,0.98795
209.3,ETH-27DEC19,1563965943828,open,1.01,16.0,0.928,1.087,1.007644,110.33,1.195,0.0,ETH-27DEC19-400-P,206.91,68.32,0.931,110.0,1.49,1.0,308.78,0.4722,-0.16712,-1.53049,0.00229,-0.70464
207.38,ETH-27SEP19,1563965943828,open,0.0,739.0,0.001,0.041,0.001825,138.36,0.001,0.0,ETH-27SEP19-60-P,206.91,0.0,0.0,0.0,0.003,300.0,149.36,0.01876,-0.02,-0.00355,0.00018,-0.00781
209.3,ETH-27DEC19,1563965943830,open,1.19,0.0,1.094,1.268,1.181079,110.34,None,0.0,ETH-27DEC19-440-P,206.91,0.0,1.095,110.0,0.0,0.0,0.0,0.436,-0.15432,-1.72474,0.00211,-0.74853
207.38,ETH-27SEP19,1563965943831,open,1.72,24.0,1.6,1.816,1.707867,119.8,1.356,0.0,ETH-27SEP19-560-P,206.91,0.0,0.0,0.0,0.0,0.0,0.0,0.08025,-0.0741,-0.98218,0.00088,-0.95676
206.97,SYN.ETH-2AUG19,1563965943822,open,0.0,254.0,0.001,0.043,0.002907,121.19,0.003,0.0,ETH-2AUG19-150-P,206.91,113.06,0.002,157.0,0.003,250.0,121.94,0.02557,-0.17455,-0.00196,0.00203,-0.03608
209.3,ETH-27DEC19,1563965943832,open,0.38,692.0,0.316,0.424,0.370184,106.24,0.452,0.0,ETH-27DEC19-240-P,206.91,100.75,0.356,120.0,0.386,15.0,112.39,0.53955,-0.18388,-0.7245,0.00271,-0.44038
207.38,ETH-27SEP19,1563965943828,open,0.22,2068.0,0.17,0.267,0.218518,108.59,0.22,0.0,ETH-27SEP19-220-P,206.91,105.3,0.213,120.0,0.224,403.0,111.87,0.34706,-0.29046,-0.25018,0.00418,-0.46022
209.3,ETH-27DEC19,1563965943832,open,0.06,631.0,0.025,0.104,0.064783,110.33,0.067,0.0,ETH-27DEC19-480-C,206.91,108.32,0.061,292.0,0.069,40.0,112.51,0.39915,-0.14126,0.13386,0.00193,0.21454
207.18,SYN.ETH-30AUG19,1563965943810,open,0.01,150.0,0.001,0.049,0.009092,120.24,0.011,0.0,ETH-30AUG19-400-C,206.91,120.01,0.009,10.0,0.011,200.0,124.84,0.08147,-0.13283,0.01128,0.00156,0.06298
207.38,ETH-27SEP19,1563965943832,open,0.03,4322.0,0.001,0.066,0.026428,114.71,0.028,0.0,ETH-27SEP19-400-C,206.91,111.96,0.024,200.0,0.029,200.0,117.5,0.187,-0.16532,0.03895,0.00213,0.13209
206.97,SYN.ETH-2AUG19,1563965943811,open,0.19,0.0,0.152,0.231,0.191786,121.19,None,0.0,ETH-2AUG19-170-C,206.91,0.0,0.0,0.0,0.0,0.0,0.0,0.06755,-0.46119,0.03423,0.00535,0.87199
206.97,SYN.ETH-2AUG19,1563965943822,open,0.01,3.0,0.001,0.046,0.006127,126.05,0.009,0.0,ETH-2AUG19-280-C,206.91,115.33,0.004,250.0,0.008,447.0,133.95,0.04571,-0.32459,0.00347,0.00348,0.07505
206.92,SYN.ETH-26JUL19,1563965943823,open,0.85,504.0,0.763,0.909,0.836427,0.0,0.168,0.0,ETH-26JUL19-380-P,206.91,0.0,0.0,0.0,0.0,0.0,0.0,0.0,0.0,-0.01953,0.0,-1.0
209.3,ETH-27DEC19,1563965943833,open,1.37,21.0,1.264,1.452,1.358252,110.38,0.629,0.0,ETH-27DEC19-480-P,206.91,0.0,1.262,110.0,0.0,0.0,0.0,0.3994,-0.14142,-1.91591,0.00193,-0.78523
207.18,SYN.ETH-30AUG19,1563965943826,open,0.27,0.0,0.232,0.311,0.271131,113.22,None,0.0,ETH-30AUG19-160-C,206.91,0.0,0.0,0.0,0.0,0.0,0.0,0.17554,-0.26947,0.11392,0.00358,0.8154
207.18,SYN.ETH-30AUG19,1563965943823,open,0.95,0.0,0.863,1.017,0.939807,120.24,None,0.0,ETH-30AUG19-400-P,206.91,0.0,0.0,0.0,0.0,0.0,0.0,0.08147,-0.13283,-0.39284,0.00156,-0.93702
209.3,ETH-27DEC19,1563965943834,open,0.09,538.0,0.057,0.136,0.09642,110.29,0.094,0.0,ETH-27DEC19-400-C,206.91,106.06,0.087,150.0,0.111,297.0,116.64,0.47208,-0.16702,0.17768,0.00229,0.29521
207.38,ETH-27SEP19,1563965943834,open,0.19,1288.0,0.156,0.235,0.195434,108.13,0.194,0.0,ETH-27SEP19-200-C,206.91,104.12,0.189,120.0,0.2,120.0,110.98,0.3327,-0.27725,0.15677,0.00403,0.62074
207.38,ETH-27SEP19,1563965943834,open,0.08,1914.0,0.044,0.123,0.083487,110.41,0.09,0.0,ETH-27SEP19-280-C,206.91,107.49,0.079,160.0,0.088,160.0,113.32,0.32038,-0.27263,0.09458,0.0038,0.34008
207.38,ETH-27SEP19,1563965943834,open,0.24,779.0,0.203,0.282,0.242315,108.13,0.227,0.0,ETH-27SEP19-180-C,206.91,97.57,0.227,99.0,0.609,10.0,382.21,0.30171,-0.25143,0.17051,0.00365,0.7049
209.3,ETH-27DEC19,1563965943835,open,0.84,241.0,0.761,0.907,0.834003,108.24,0.986,0.0,ETH-27DEC19-360-P,206.91,79.46,0.771,110.0,1.59,1.0,500.0,0.50103,-0.17395,-1.33559,0.00247,-0.66023
206.97,SYN.ETH-2AUG19,1563965943813,open,0.01,937.0,0.001,0.053,0.013144,121.19,0.015,0.0,ETH-2AUG19-170-P,206.91,111.08,0.01,449.0,0.014,250.0,123.79,0.06755,-0.46119,-0.0071,0.00535,-0.12801
206.92,SYN.ETH-26JUL19,1563965943811,open,1.92,0.0,1.784,2.015,1.899621,0.0,None,0.0,ETH-26JUL19-600-P,206.91,0.0,0.0,0.0,0.0,0.0,0.0,0.0,0.0,-0.03083,0.0,-1.0
9700.3,SYN.BTC-2AUG19,1563965943825,open,0.39,0.0,0.3395,0.4505,0.3948891,118.42,None,0.0,BTC-2AUG19-13500-P,9686.7,0.0,0.01,10.0,0.0,0.0,0.0,1.42845,-9.52921,-3.18463,5e-05,-0.95521
206.92,SYN.ETH-26JUL19,1563965943828,open,0.46,659.0,0.392,0.507,0.449816,145.0,0.465,0.0,ETH-26JUL19-300-P,206.91,0.0,0.395,25.0,0.505,25.0,500.0,0.00012,-0.00464,-0.01541,4e-05,-0.99979
206.92,SYN.ETH-26JUL19,1563965943834,open,0.65,1130.0,0.578,0.708,0.643119,144.5,0.6,0.0,ETH-26JUL19-340-P,206.91,0.0,0.586,25.0,0.7,25.0,500.0,0.0,-3e-05,-0.01747,0.0,-1.0
207.18,SYN.ETH-30AUG19,1563965943809,open,0.12,210.0,0.077,0.166,0.121232,111.22,0.128,0.0,ETH-30AUG19-200-P,206.91,106.94,0.116,241.0,0.129,160.0,117.59,0.25286,-0.38133,-0.10723,0.00524,-0.39108
209.3,ETH-27DEC19,1563965943837,open,2.49,0.0,2.329,2.605,2.466902,114.28,None,0.0,ETH-27DEC19-720-P,206.91,0.0,0.003,5.0,0.0,0.0,0.0,0.24025,-0.08807,-3.00933,0.00112,-0.89988
206.97,SYN.ETH-2AUG19,1563965943815,open,0.01,489.0,0.001,0.046,0.006598,121.19,0.005,0.0,ETH-2AUG19-160-P,206.91,113.28,0.005,146.0,0.006,160.0,118.35,0.04457,-0.30429,-0.00399,0.00353,-0.07261
206.92,SYN.ETH-26JUL19,1563965943825,open,0.0,3965.0,0.001,0.04,0.0,145.0,0.001,0.0,ETH-26JUL19-360-C,206.91,0.0,0.0,0.0,0.001,300.0,329.7,0.0,0.0,0.0,0.0,0.0
206.97,SYN.ETH-2AUG19,1563965943818,open,0.03,1537.0,0.001,0.076,0.036209,121.81,0.034,0.0,ETH-2AUG19-230-C,206.91,116.03,0.033,200.0,0.04,374.0,128.53,0.11581,-0.79471,0.01442,0.00913,0.32263
207.18,SYN.ETH-30AUG19,1563965943815,open,0.34,0.0,0.305,0.384,0.344771,113.22,None,0.0,ETH-30AUG19-140-C,206.91,0.0,0.0,0.0,0.0,0.0,0.0,0.11742,-0.18026,0.11575,0.00239,0.89779
206.97,SYN.ETH-2AUG19,1563965943832,open,0.23,0.0,0.194,0.273,0.233556,121.19,None,0.0,ETH-2AUG19-160-C,206.91,0.0,0.0,0.0,0.0,0.0,0.0,0.04457,-0.30429,0.03492,0.00353,0.92739
206.97,SYN.ETH-2AUG19,1563965943826,open,0.01,255.0,0.001,0.048,0.008919,125.4,0.01,0.0,ETH-2AUG19-270-C,206.91,118.17,0.007,250.0,0.011,400.0,132.45,0.05809,-0.41038,0.00476,0.00445,0.10354
206.97,SYN.ETH-2AUG19,1563965943828,open,0.32,0.0,0.261,0.365,0.313429,125.4,None,0.0,ETH-2AUG19-270-P,206.91,0.0,0.0,0.0,0.0,0.0,0.0,0.05809,-0.41038,-0.06089,0.00445,-0.89646
206.97,SYN.ETH-2AUG19,1563965943828,open,0.12,194.0,0.069,0.157,0.112839,120.73,0.122,0.0,ETH-2AUG19-220-P,206.91,114.38,0.109,172.0,0.117,170.0,127.58,0.1254,-0.85285,-0.03542,0.00997,-0.59097
206.92,SYN.ETH-26JUL19,1563965943832,open,0.01,887.0,0.001,0.046,0.006135,114.9,0.008,0.0,ETH-26JUL19-190-P,206.91,100.52,0.004,250.0,0.008,250.0,126.01,0.03313,-1.01474,-0.00156,0.0131,-0.14072
206.92,SYN.ETH-26JUL19,1563965943833,open,0.0,1872.0,0.001,0.04,0.0,145.0,0.001,0.0,ETH-26JUL19-340-C,206.91,0.0,0.0,0.0,0.001,300.0,300.86,0.0,0.0,0.0,0.0,0.0
206.97,SYN.ETH-2AUG19,1563965943826,open,0.02,30.0,0.001,0.058,0.018026,122.99,0.025,0.0,ETH-2AUG19-250-C,206.91,118.06,0.016,153.0,0.021,200.0,129.91,0.08674,-0.601,0.00851,0.00677,0.18705
206.92,SYN.ETH-26JUL19,1563965943825,open,1.72,0.0,1.599,1.814,1.706313,0.0,None,0.0,ETH-26JUL19-560-P,206.91,0.0,0.0,0.0,0.0,0.0,0.0,0.0,0.0,-0.02878,0.0,-1.0
206.92,SYN.ETH-26JUL19,1563965943828,open,0.32,0.0,0.284,0.363,0.323423,145.0,None,0.0,ETH-26JUL19-140-C,206.91,0.0,0.0,0.0,0.0,0.0,0.0,4e-05,-0.00161,0.00719,1e-05,0.99993
207.18,SYN.ETH-30AUG19,1563965943827,open,0.09,515.0,0.048,0.127,0.087285,113.11,0.105,0.0,ETH-30AUG19-240-C,206.91,109.63,0.083,120.0,0.092,120.0,116.92,0.25589,-0.39245,0.0674,0.00522,0.40932
206.97,SYN.ETH-2AUG19,1563965943827,open,0.0,260.0,0.001,0.044,0.004239,127.0,0.004,0.0,ETH-2AUG19-290-C,206.91,119.07,0.003,250.0,0.006,471.0,136.27,0.03557,-0.25446,0.00252,0.00269,0.05435
209.3,ETH-27DEC19,1563965943839,open,0.22,553.0,0.184,0.263,0.22345,106.22,0.262,0.0,ETH-27DEC19-240-C,206.91,102.95,0.215,150.0,0.231,30.0,109.15,0.53956,-0.18384,0.30044,0.00272,0.55958
206.92,SYN.ETH-26JUL19,1563965943837,open,0.22,0.0,0.187,0.266,0.226966,145.0,None,0.0,ETH-26JUL19-160-C,206.91,0.0,0.0,0.0,0.0,0.0,0.0,0.00243,-0.09411,0.00816,0.00076,0.99423
206.97,SYN.ETH-2AUG19,1563965943826,open,0.41,0.0,0.35,0.461,0.405379,127.0,None,0.0,ETH-2AUG19-290-P,206.91,0.0,0.0,0.0,0.0,0.0,0.0,0.03557,-0.25446,-0.068,0.00269,-0.94565
206.92,SYN.ETH-26JUL19,1563965943831,open,0.0,1146.0,0.001,0.04,5e-06,145.0,0.001,0.0,ETH-26JUL19-300-C,206.91,0.0,0.0,0.0,0.001,302.0,235.82,0.00012,-0.00113,0.0,4e-05,0.00021
206.97,SYN.ETH-2AUG19,1563965943831,open,0.07,152.0,0.029,0.108,0.068435,120.69,0.061,0.0,ETH-2AUG19-210-C,206.91,113.56,0.064,150.0,0.071,159.0,124.82,0.12874,-0.87531,0.02206,0.01024,0.50678
207.18,SYN.ETH-30AUG19,1563965943830,open,0.58,0.0,0.51,0.635,0.572401,117.67,None,0.0,ETH-30AUG19-320-P,206.91,0.0,0.0,0.0,0.0,0.0,0.0,0.16327,-0.26049,-0.29465,0.0032,-0.83531
206.92,SYN.ETH-26JUL19,1563965943832,open,1.53,0.0,1.413,1.613,1.513005,0.0,None,0.0,ETH-26JUL19-520-P,206.91,0.0,0.0,0.0,0.0,0.0,0.0,0.0,0.0,-0.02672,0.0,-1.0
209.3,ETH-27DEC19,1563965943841,open,0.04,549.0,0.001,0.08,0.04023,112.33,0.043,0.0,ETH-27DEC19-600-C,206.91,110.1,0.037,291.0,0.044,50.0,114.84,0.30861,-0.1112,0.09172,0.00147,0.14285
206.92,SYN.ETH-26JUL19,1563965943828,open,0.05,220.0,0.012,0.091,0.051451,113.75,0.045,0.0,ETH-26JUL19-200-C,206.91,92.15,0.046,150.0,0.09,25.0,256.56,0.05328,-1.61563,0.00665,0.02129,0.67657
206.92,SYN.ETH-26JUL19,1563965943839,open,0.0,0.0,0.001,0.04,2.4e-05,145.0,None,0.0,ETH-26JUL19-150-P,206.91,0.0,0.0,0.0,0.001,300.0,219.29,0.00042,-0.00498,-1e-05,0.00013,-0.00082
206.92,SYN.ETH-26JUL19,1563965943839,open,0.0,2112.0,0.001,0.04,0.0,145.0,0.001,0.0,ETH-26JUL19-500-C,206.91,0.0,0.0,0.0,0.001,300.0,487.73,0.0,0.0,0.0,0.0,0.0
206.97,SYN.ETH-2AUG19,1563965943832,open,0.15,138.0,0.102,0.193,0.147458,121.81,0.196,0.0,ETH-2AUG19-230-P,206.91,108.23,0.14,300.0,0.157,300.0,138.56,0.11581,-0.79471,-0.04151,0.00913,-0.67737
207.38,ETH-27SEP19,1563965943841,open,1.34,0.0,1.236,1.422,1.329053,118.83,None,0.0,ETH-27SEP19-480-P,206.91,0.0,0.0,0.0,0.0,0.0,0.0,0.12642,-0.11578,-0.83006,0.00139,-0.92288
207.38,ETH-27SEP19,1563965943841,open,0.71,0.0,0.673,0.752,0.712501,138.36,0.01,0.0,ETH-27SEP19-60-C,206.91,0.0,0.003,10.0,0.0,0.0,0.0,0.01876,-0.02,0.10309,0.00018,0.99219
207.38,ETH-27SEP19,1563965943841,open,0.0,2060.0,0.001,0.042,0.002309,111.87,0.001,0.0,ETH-27SEP19-80-P,206.91,99.23,0.001,399.0,0.004,1.0,122.56,0.02742,-0.02364,-0.00529,0.00032,-0.01205
207.38,ETH-27SEP19,1563965943841,open,0.0,2365.0,0.001,0.042,0.00257,123.09,0.002,0.0,ETH-27SEP19-720-C,206.91,110.66,0.001,962.0,0.003,10.0,125.48,0.0354,-0.03358,0.00503,0.00038,0.01622
209.3,ETH-27DEC19,1563965943842,open,0.05,166.0,0.007,0.086,0.046974,111.81,0.05,0.0,ETH-27DEC19-560-C,206.91,109.94,0.044,285.0,0.05,40.0,113.67,0.33707,-0.1209,0.10386,0.00161,0.16317
207.38,ETH-27SEP19,1563965943841,open,2.11,0.0,1.967,2.214,2.090577,122.17,None,0.0,ETH-27SEP19-640-P,206.91,0.0,0.0,0.0,0.0,0.0,0.0,0.05412,-0.05095,-1.12932,0.00058,-0.97322
207.18,SYN.ETH-30AUG19,1563965943832,open,0.15,146.0,0.116,0.195,0.155875,111.22,0.196,0.0,ETH-30AUG19-200-C,206.91,104.78,0.148,389.0,0.161,120.0,115.43,0.25286,-0.38133,0.09483,0.00524,0.60892
207.18,SYN.ETH-30AUG19,1563965943833,open,0.18,238.0,0.133,0.227,0.179931,113.02,0.166,0.0,ETH-30AUG19-220-P,206.91,110.71,0.177,120.0,0.187,386.0,118.6,0.26269,-0.40256,-0.14128,0.00536,-0.49503
209.3,ETH-27DEC19,1563965943841,open,1.74,0.0,1.614,1.831,1.722687,111.89,0.845,0.0,ETH-27DEC19-560-P,206.91,0.0,0.0,0.0,0.0,0.0,0.0,0.33747,-0.12113,-2.28751,0.00161,-0.83653
207.38,ETH-27SEP19,1563965943842,open,0.0,2495.0,0.001,0.044,0.004455,122.17,0.003,0.0,ETH-27SEP19-640-C,206.91,115.84,0.003,298.0,0.006,278.0,127.52,0.05412,-0.05095,0.00823,0.00058,0.02678
209.3,ETH-27DEC19,1563965943842,open,0.11,239.0,0.074,0.153,0.113902,108.2,0.118,0.0,ETH-27DEC19-360-C,206.91,105.3,0.107,150.0,0.12,40.0,110.74,0.50096,-0.17387,0.20177,0.00247,0.33964
207.38,ETH-27SEP19,1563965943842,open,0.44,47.0,0.401,0.48,0.440467,108.13,0.689,0.0,ETH-27SEP19-120-C,206.91,0.0,0.0,0.0,0.0,0.0,0.0,0.12583,-0.10486,0.17799,0.00152,0.92335
206.92,SYN.ETH-26JUL19,1563965943840,open,0.03,362.0,0.001,0.064,0.024966,110.57,0.022,0.0,ETH-26JUL19-210-C,206.91,96.52,0.021,150.0,0.028,150.0,121.28,0.05855,-1.72564,0.00443,0.02406,0.44174
207.38,ETH-27SEP19,1563965943842,open,0.29,392.0,0.259,0.338,0.298509,108.13,0.51,0.0,ETH-27SEP19-160-C,206.91,0.0,0.1,10.0,0.0,0.0,0.0,0.2539,-0.21159,0.18015,0.00307,0.78725
206.92,SYN.ETH-26JUL19,1563965943840,open,0.17,0.0,0.14,0.219,0.179165,136.2,None,0.0,ETH-26JUL19-170-C,206.91,0.0,0.0,0.0,0.0,0.0,0.0,0.00706,-0.25638,0.00852,0.00236,0.98039
206.97,SYN.ETH-2AUG19,1563965943841,open,0.19,2.0,0.138,0.232,0.185167,122.17,0.21,0.0,ETH-2AUG19-240-P,206.91,107.01,0.178,300.0,0.196,300.0,143.2,0.10205,-0.70235,-0.04718,0.00802,-0.75233
207.38,ETH-27SEP19,1563965943842,open,2.49,0.0,2.336,2.613,2.474458,123.09,None,0.0,ETH-27SEP19-720-P,206.91,0.0,0.0,0.0,0.0,0.0,0.0,0.0354,-0.03358,-1.27471,0.00038,-0.98378
206.92,SYN.ETH-26JUL19,1563965943841,open,1.43,0.0,1.32,1.513,1.416351,0.0,None,0.0,ETH-26JUL19-500-P,206.91,0.0,0.0,0.0,0.0,0.0,0.0,0.0,0.0,-0.02569,0.0,-1.0
207.38,ETH-27SEP19,1563965943842,open,0.36,1264.0,0.303,0.41,0.356519,109.68,0.357,0.0,ETH-27SEP19-260-P,206.91,95.64,0.334,110.0,0.397,25.0,134.18,0.3374,-0.28521,-0.35321,0.00402,-0.60172
206.92,SYN.ETH-26JUL19,1563965943841,open,0.0,1117.0,0.001,0.04,0.0,145.0,0.001,0.0,ETH-26JUL19-440-C,206.91,0.0,0.0,0.0,0.001,300.0,427.61,0.0,0.0,0.0,0.0,0.0
206.97,SYN.ETH-2AUG19,1563965943841,open,0.06,114.0,0.017,0.1,0.058375,121.19,0.062,0.0,ETH-2AUG19-200-P,206.91,115.55,0.055,200.0,0.062,180.0,127.24,0.12395,-0.84624,-0.02263,0.00982,-0.39132
209.3,ETH-27DEC19,1563965943843,open,0.52,441.0,0.455,0.575,0.514897,107.19,0.454,0.0,ETH-27DEC19-280-P,206.91,104.15,0.507,30.0,0.526,30.0,111.45,0.5445,-0.18721,-0.93039,0.00272,-0.526
207.38,ETH-27SEP19,1563965943843,open,0.52,0.0,0.486,0.565,0.525011,108.13,None,0.0,ETH-27SEP19-100-C,206.91,0.0,0.003,10.0,0.0,0.0,0.0,0.06561,-0.05468,0.16263,0.00079,0.96622
209.3,ETH-27DEC19,1563965943843,open,0.28,90.0,0.246,0.325,0.285858,105.24,0.293,0.0,ETH-27DEC19-200-C,206.91,101.97,0.278,30.0,0.298,286.0,110.32,0.50168,-0.16936,0.3336,0.00255,0.65909
209.3,ETH-27DEC19,1563965943843,open,0.17,287.0,0.138,0.217,0.177041,107.16,0.194,0.0,ETH-27DEC19-280-C,206.91,103.69,0.168,150.0,0.183,30.0,109.45,0.54449,-0.18717,0.26537,0.00272,0.47393
206.97,SYN.ETH-2AUG19,1563965943828,open,0.01,203.0,0.001,0.052,0.012923,124.82,0.015,0.0,ETH-2AUG19-260-C,206.91,119.13,0.011,250.0,0.015,250.0,130.59,0.07229,-0.50831,0.00646,0.00556,0.1413
209.3,ETH-27DEC19,1563965943843,open,0.14,658.0,0.092,0.182,0.137143,105.49,0.123,0.0,ETH-27DEC19-160-P,206.91,102.4,0.131,40.0,0.143,40.0,108.43,0.41671,-0.141,-0.3294,0.00211,-0.23138
206.92,SYN.ETH-26JUL19,1563965943842,open,0.0,398.0,0.001,0.04,0.000197,145.0,0.001,0.0,ETH-26JUL19-270-C,206.91,0.0,0.0,0.0,0.001,300.0,178.52,0.00255,-0.0408,6e-05,0.0008,0.00607
206.97,SYN.ETH-2AUG19,1563965943841,open,0.02,103.0,0.001,0.065,0.025603,122.17,0.022,0.0,ETH-2AUG19-240-C,206.91,116.82,0.023,152.0,0.029,200.0,128.95,0.10205,-0.70235,0.01118,0.00802,0.24767
206.92,SYN.ETH-26JUL19,1563965943841,open,0.0,841.0,0.001,0.04,0.000725,136.2,0.002,0.0,ETH-26JUL19-170-P,206.91,0.0,0.0,0.0,0.001,209.0,143.47,0.00706,-0.14995,-0.00022,0.00236,-0.01961
207.18,SYN.ETH-30AUG19,1563965943841,open,0.06,161.0,0.025,0.104,0.064507,113.61,0.06,0.0,ETH-30AUG19-260-C,206.91,110.54,0.061,160.0,0.069,160.0,117.51,0.23759,-0.366,0.05493,0.00482,0.32695
209.3,ETH-27DEC19,1563965943844,open,0.48,0.0,0.447,0.526,0.486476,105.47,None,0.0,ETH-27DEC19-120-C,206.91,0.0,0.001,1100.0,0.99,5.0,500.0,0.28111,-0.0951,0.34753,0.00142,0.87528
206.97,SYN.ETH-2AUG19,1563965943841,open,0.37,0.0,0.305,0.413,0.358952,126.05,None,0.0,ETH-2AUG19-280-P,206.91,0.0,0.0,0.0,0.0,0.0,0.0,0.04571,-0.32459,-0.06462,0.00348,-0.92495
206.92,SYN.ETH-26JUL19,1563965943841,open,1.14,0.0,1.042,1.211,1.126389,0.0,None,0.0,ETH-26JUL19-440-P,206.91,0.0,0.0,0.0,0.0,0.0,0.0,0.0,0.0,-0.02261,0.0,-1.0
206.92,SYN.ETH-26JUL19,1563965943842,open,0.0,1183.0,0.001,0.04,0.0,145.0,0.001,0.0,ETH-26JUL19-560-C,206.91,0.0,0.0,0.0,0.001,324.0,500.0,0.0,0.0,0.0,0.0,0.0
206.97,SYN.ETH-2AUG19,1563965943841,open,0.09,151.0,0.053,0.132,0.092072,121.19,0.079,0.0,ETH-2AUG19-200-C,206.91,112.71,0.087,153.0,0.094,150.0,124.41,0.12395,-0.84624,0.026,0.00982,0.60868
206.92,SYN.ETH-26JUL19,1563965943842,open,0.01,1088.0,0.001,0.051,0.011724,117.01,0.008,0.0,ETH-26JUL19-220-C,206.91,104.55,0.009,196.0,0.05,50.0,263.28,0.04669,-1.45614,0.00249,0.01813,0.24553
206.92,SYN.ETH-26JUL19,1563965943842,open,0.0,1920.0,0.001,0.04,0.0,145.0,0.001,0.0,ETH-26JUL19-380-C,206.91,0.0,0.0,0.0,0.001,300.0,356.56,0.0,0.0,0.0,0.0,0.0
206.92,SYN.ETH-26JUL19,1563965943842,open,0.56,517.0,0.485,0.608,0.546465,144.97,0.538,0.0,ETH-26JUL19-320-P,206.91,0.0,0.488,25.0,0.6,25.0,500.0,1e-05,-0.00043,-0.01644,0.0,-0.99998
206.92,SYN.ETH-26JUL19,1563965943842,open,0.12,618.0,0.072,0.16,0.116305,119.96,0.133,0.0,ETH-26JUL19-230-P,206.91,0.0,0.074,25.0,0.125,300.0,169.06,0.02927,-0.93616,-0.01062,0.01109,-0.88228
206.92,SYN.ETH-26JUL19,1563965943842,open,0.26,867.0,0.207,0.307,0.257026,143.19,0.163,0.0,ETH-26JUL19-260-P,206.91,0.0,0.209,25.0,0.301,25.0,424.83,0.00558,-0.21306,-0.01321,0.00177,-0.98511
206.97,SYN.ETH-2AUG19,1563965943841,open,0.0,187.0,0.001,0.042,0.002806,127.0,0.003,0.0,ETH-2AUG19-300-C,206.91,0.0,0.0,0.0,0.004,202.0,135.31,0.02663,-0.19054,0.00177,0.00201,0.03793
206.92,SYN.ETH-26JUL19,1563965943841,open,0.05,1460.0,0.001,0.081,0.039833,110.57,0.043,0.0,ETH-26JUL19-210-P,206.91,100.54,0.037,150.0,0.043,123.0,121.75,0.05855,-1.72564,-0.00636,0.02406,-0.55826
206.92,SYN.ETH-26JUL19,1563965943842,open,0.0,626.0,0.001,0.041,0.001127,137.25,0.001,0.0,ETH-26JUL19-250-C,206.91,0.0,0.0,0.0,0.001,229.0,134.58,0.01024,-0.23329,0.00031,0.00339,0.03054
206.92,SYN.ETH-26JUL19,1563965943843,open,0.0,1076.0,0.001,0.04,0.0,145.0,0.005,0.0,ETH-26JUL19-600-C,206.91,0.0,0.0,0.0,0.001,300.0,500.0,0.0,0.0,0.0,0.0,0.0
206.92,SYN.ETH-26JUL19,1563965943843,open,0.36,857.0,0.3,0.407,0.35322,145.0,0.348,0.0,ETH-26JUL19-280-P,206.91,0.0,0.302,25.0,0.4,25.0,500.0,0.001,-0.03855,-0.01437,0.00031,-0.99787
206.92,SYN.ETH-26JUL19,1563965943843,open,0.27,0.0,0.236,0.315,0.275119,145.0,None,0.0,ETH-26JUL19-150-C,206.91,0.0,0.0,0.0,0.0,0.0,0.0,0.00042,-0.01617,0.0077,0.00013,0.99918
206.97,SYN.ETH-2AUG19,1563965943843,open,0.27,0.0,0.239,0.318,0.278179,121.19,None,0.0,ETH-2AUG19-150-C,206.91,0.0,0.0,0.0,0.0,0.0,0.0,0.02557,-0.17455,0.03451,0.00203,0.96392
206.97,SYN.ETH-2AUG19,1563965943833,open,0.02,693.0,0.001,0.064,0.023504,121.19,0.024,0.0,ETH-2AUG19-180-P,206.91,113.07,0.02,359.0,0.025,200.0,124.57,0.09098,-0.62116,-0.01137,0.00721,-0.20232
206.92,SYN.ETH-26JUL19,1563965943826,open,0.75,1046.0,0.671,0.809,0.739773,0.0,0.745,0.0,ETH-26JUL19-360-P,206.91,0.0,0.68,25.0,0.8,25.0,500.0,0.0,0.0,-0.0185,0.0,-1.0
206.92,SYN.ETH-26JUL19,1563965943843,open,0.02,5431.0,0.001,0.058,0.017992,113.75,0.016,0.0,ETH-26JUL19-200-P,206.91,102.02,0.015,200.0,0.021,192.0,125.34,0.05328,-1.61563,-0.00363,0.02129,-0.32343
9700.3,SYN.BTC-2AUG19,1563965943832,open,0.02,72.8,0.0005,0.058,0.01832067,116.06,0.019,0.0,BTC-2AUG19-11500-C,9686.7,112.97,0.017,0.2,0.0195,25.0,118.75,4.20529,-27.49376,0.4231,0.00016,0.19769
206.92,SYN.ETH-26JUL19,1563965943828,open,0.17,1348.0,0.116,0.208,0.161966,126.89,0.211,0.0,ETH-26JUL19-240-P,206.91,0.0,0.159,46.0,0.17,300.0,189.26,0.01686,-0.57016,-0.01175,0.00604,-0.94349
207.18,SYN.ETH-30AUG19,1563965943840,open,0.76,0.0,0.683,0.822,0.752667,117.67,None,0.0,ETH-30AUG19-360-P,206.91,0.0,0.0,0.0,0.0,0.0,0.0,0.11428,-0.18233,-0.34624,0.00224,-0.90152
207.18,SYN.ETH-30AUG19,1563965943842,open,0.67,0.0,0.596,0.728,0.661561,117.67,None,0.0,ETH-30AUG19-340-P,206.91,0.0,0.0,0.0,0.0,0.0,0.0,0.13757,-0.2195,-0.32106,0.0027,-0.87233
206.92,SYN.ETH-26JUL19,1563965943825,open,0.22,5.0,0.161,0.257,0.209303,137.25,0.256,0.0,ETH-26JUL19-250-P,206.91,0.0,0.163,25.0,0.255,25.0,395.58,0.01024,-0.37475,-0.01253,0.00339,-0.96946
207.18,SYN.ETH-30AUG19,1563965943842,open,0.02,320.0,0.001,0.061,0.020521,113.22,0.019,0.0,ETH-30AUG19-140-P,206.91,108.66,0.018,244.0,0.021,200.0,114.06,0.11742,-0.18026,-0.02569,0.00239,-0.10221
206.92,SYN.ETH-26JUL19,1563965943840,open,0.13,100.0,0.093,0.172,0.132082,122.62,0.143,0.0,ETH-26JUL19-180-C,206.91,0.0,0.0,0.0,0.0,0.0,0.0,0.01568,-0.51257,0.00868,0.00581,0.94842
206.92,SYN.ETH-26JUL19,1563965943844,open,0.0,1934.0,0.001,0.04,6.3e-05,145.0,0.002,0.0,ETH-26JUL19-280-C,206.91,0.0,0.0,0.0,0.001,303.0,198.62,0.001,-0.01309,2e-05,0.00031,0.00213
209.3,ETH-27DEC19,1563965943847,open,0.03,188.0,0.001,0.07,0.030388,113.54,0.029,0.0,ETH-27DEC19-680-C,206.91,111.58,0.028,265.0,0.034,50.0,116.36,0.26015,-0.09474,0.07275,0.00122,0.11177
207.18,SYN.ETH-30AUG19,1563965943847,open,0.05,139.0,0.008,0.087,0.047461,114.02,0.055,0.0,ETH-30AUG19-280-C,206.91,110.62,0.044,247.0,0.052,160.0,118.39,0.2127,-0.32884,0.04404,0.0043,0.25788
207.18,SYN.ETH-30AUG19,1563965943847,open,0.04,935.0,0.002,0.085,0.043417,113.22,0.04,0.0,ETH-30AUG19-160-P,206.91,107.94,0.039,160.0,0.045,160.0,115.08,0.17554,-0.26947,-0.04773,0.00358,-0.1846
206.92,SYN.ETH-26JUL19,1563965943847,open,0.31,0.0,0.253,0.357,0.305027,145.0,None,0.0,ETH-26JUL19-270-P,206.91,0.0,0.256,25.0,0.35,25.0,463.41,0.00255,-0.09854,-0.01381,0.0008,-0.99393
209.3,ETH-27DEC19,1563965943849,open,0.05,515.0,0.015,0.094,0.054974,111.12,0.063,0.0,ETH-27DEC19-520-C,206.91,109.4,0.052,287.0,0.059,40.0,113.38,0.36714,-0.13086,0.11771,0.00177,0.18667
207.38,ETH-27SEP19,1563965943849,open,0.11,5356.0,0.066,0.154,0.110287,108.13,0.117,0.0,ETH-27SEP19-180-P,206.91,103.8,0.104,160.0,0.113,160.0,109.99,0.30171,-0.25143,-0.14943,0.00365,-0.2951
207.38,ETH-27SEP19,1563965943849,open,0.36,191.0,0.325,0.404,0.364599,108.13,0.5,0.0,ETH-27SEP19-140-C,206.91,0.0,0.01,50.0,0.0,0.0,0.0,0.1926,-0.1605,0.18338,0.00233,0.86211
207.18,SYN.ETH-30AUG19,1563965943849,open,0.41,0.0,0.344,0.454,0.398961,114.02,None,0.0,ETH-30AUG19-280-P,206.91,0.0,0.0,0.0,0.0,0.0,0.0,0.2127,-0.32884,-0.23884,0.0043,-0.74212
206.97,SYN.ETH-2AUG19,1563965943849,open,0.12,0.0,0.081,0.16,0.12045,121.19,None,0.0,ETH-2AUG19-190-C,206.91,0.0,0.0,0.0,0.122,50.0,124.08,0.11085,-0.7568,0.02957,0.00878,0.70791
207.38,ETH-27SEP19,1563965943854,open,0.07,3020.0,0.028,0.107,0.067442,110.7,0.067,0.0,ETH-27SEP19-300-C,206.91,106.16,0.061,410.0,0.072,160.0,113.84,0.29854,-0.25469,0.08147,0.00353,0.28848
207.38,ETH-27SEP19,1563965943854,open,0.44,968.0,0.377,0.491,0.433665,110.41,0.38,0.0,ETH-27SEP19-280-P,206.91,95.99,0.412,110.0,0.48,25.0,139.35,0.32038,-0.27263,-0.4031,0.0038,-0.65992
209.3,ETH-27DEC19,1563965943856,open,0.37,0.0,0.333,0.412,0.372653,105.47,None,0.0,ETH-27DEC19-160-C,206.91,0.0,0.001,1000.0,0.98,5.0,500.0,0.41671,-0.14098,0.35393,0.00211,0.76862
206.97,SYN.ETH-2AUG19,1563965943856,open,0.46,0.0,0.395,0.51,0.452262,127.0,None,0.0,ETH-2AUG19-300-P,206.91,0.0,0.0,0.0,0.0,0.0,0.0,0.02663,-0.19054,-0.07118,0.00201,-0.96207
207.38,ETH-27SEP19,1563965943856,open,0.69,345.0,0.619,0.752,0.685563,112.71,0.76,0.0,ETH-27SEP19-340-P,206.91,94.04,0.665,110.0,0.744,25.0,154.53,0.25269,-0.2195,-0.54352,0.00293,-0.78898
206.97,SYN.ETH-2AUG19,1563965943856,open,0.23,0.0,0.177,0.274,0.225905,122.99,None,0.0,ETH-2AUG19-250-P,206.91,0.0,0.0,0.0,0.0,0.0,0.0,0.08674,-0.601,-0.05229,0.00677,-0.81295
206.97,SYN.ETH-2AUG19,1563965943856,open,0.27,0.0,0.219,0.319,0.269117,124.82,None,0.0,ETH-2AUG19-260-P,206.91,0.0,0.0,0.0,0.0,0.0,0.0,0.07229,-0.50831,-0.05676,0.00556,-0.8587
207.38,ETH-27SEP19,1563965943859,open,0.12,1944.0,0.088,0.167,0.127474,109.28,0.127,0.0,ETH-27SEP19-240-C,206.91,106.01,0.122,120.0,0.132,120.0,111.98,0.34749,-0.29267,0.12458,0.00416,0.46545
207.38,ETH-27SEP19,1563965943859,open,0.04,1696.0,0.001,0.077,0.037641,112.98,0.039,0.0,ETH-27SEP19-360-C,206.91,108.66,0.033,410.0,0.041,160.0,115.98,0.2285,-0.19897,0.05205,0.00265,0.17885
207.18,SYN.ETH-30AUG19,1563965943859,open,0.02,1223.0,0.001,0.06,0.020454,117.67,0.017,0.0,ETH-30AUG19-340-C,206.91,113.87,0.018,200.0,0.023,200.0,121.4,0.13757,-0.2195,0.02244,0.0027,0.12767
206.97,SYN.ETH-2AUG19,1563965943859,open,0.05,212.0,0.01,0.089,0.049905,120.73,0.048,0.0,ETH-2AUG19-220-C,206.91,114.27,0.046,150.0,0.053,170.0,125.83,0.1254,-0.85285,0.01807,0.00997,0.40903
207.38,ETH-27SEP19,1563965943861,open,1.91,27.0,1.783,2.014,1.898607,119.8,1.044,0.0,ETH-27SEP19-600-P,206.91,0.0,0.0,0.0,0.0,0.0,0.0,0.06291,-0.05808,-1.0566,0.00069,-0.9679
206.92,SYN.ETH-26JUL19,1563965943861,open,0.08,2566.0,0.032,0.117,0.074919,117.01,0.084,0.0,ETH-26JUL19-220-P,206.91,98.77,0.071,50.0,0.079,50.0,134.48,0.04669,-1.45614,-0.00882,0.01813,-0.75447
206.92,SYN.ETH-26JUL19,1563965943861,open,1.33,0.0,1.227,1.412,1.319697,0.0,None,0.0,ETH-26JUL19-480-P,206.91,0.0,0.0,0.0,0.0,0.0,0.0,0.0,0.0,-0.02467,0.0,-1.0
206.92,SYN.ETH-26JUL19,1563965943861,open,0.0,1186.0,0.001,0.04,0.0,145.0,0.001,0.0,ETH-26JUL19-520-C,206.91,0.0,0.0,0.0,0.001,300.0,500.0,0.0,0.0,0.0,0.0,0.0
206.92,SYN.ETH-26JUL19,1563965943861,open,0.0,1986.0,0.001,0.04,0.0,145.0,0.001,0.0,ETH-26JUL19-320-C,206.91,0.0,0.0,0.0,0.001,300.0,269.71,1e-05,-8e-05,0.0,0.0,2e-05
207.18,SYN.ETH-30AUG19,1563965943865,open,0.49,0.0,0.425,0.543,0.483924,115.56,None,0.0,ETH-30AUG19-300-P,206.91,0.0,0.0,0.0,0.0,0.0,0.0,0.18705,-0.29308,-0.26771,0.00373,-0.7951
207.18,SYN.ETH-30AUG19,1563965943865,open,0.2,757.0,0.169,0.248,0.208946,113.22,0.204,0.0,ETH-30AUG19-180-C,206.91,90.63,0.185,120.0,0.0,0.0,0.0,0.22323,-0.34268,0.10611,0.00455,0.71589
206.92,SYN.ETH-26JUL19,1563965943865,open,0.0,1074.0,0.001,0.04,0.0,145.0,0.001,0.0,ETH-26JUL19-480-C,206.91,0.0,0.0,0.0,0.001,300.0,468.7,0.0,0.0,0.0,0.0,0.0
206.92,SYN.ETH-26JUL19,1563965943865,open,0.0,929.0,0.001,0.04,0.000524,143.19,0.001,0.0,ETH-26JUL19-260-C,206.91,0.0,0.0,0.0,0.001,300.0,157.24,0.00558,-0.10842,0.00015,0.00177,0.01489
207.18,SYN.ETH-30AUG19,1563965943869,open,0.12,115.0,0.079,0.158,0.118038,113.02,0.117,0.0,ETH-30AUG19-220-C,206.91,109.05,0.113,120.0,0.122,120.0,116.15,0.26269,-0.40256,0.08099,0.00536,0.50497
9744.68,SYN.BTC-30AUG19,1563965943885,open,0.02,142.1,0.0005,0.063,0.02300932,110.74,0.023,0.0,BTC-30AUG19-15000-C,9686.7,107.94,0.021,24.0,0.024,24.0,112.09,7.12485,-10.69839,1.22069,7e-05,0.147
9689.65,SYN.BTC-26JUL19,1563965943927,open,0.14,376.7,0.0935,0.184,0.13873614,126.09,0.136,0.0,BTC-26JUL19-11000-P,9686.7,0.0,0.133,4.0,0.1445,14.5,165.85,1.10203,-37.04174,-0.52359,0.00018,-0.91277
9934.4,BTC-27DEC19,1563965943939,open,0.04,91.7,0.0005,0.076,0.03641115,108.51,0.0375,0.0,BTC-27DEC19-28000-C,9686.7,107.14,0.0345,14.0,0.0385,6.0,109.97,14.0388,-4.88644,4.14913,3e-05,0.13421
9934.4,BTC-27DEC19,1563965944060,open,0.2,295.1,0.1525,0.248,0.20036738,100.27,0.203,0.0,BTC-27DEC19-9000-P,9686.7,98.82,0.197,4.9,0.204,7.2,101.83,23.09952,-7.42927,-21.91536,5e-05,-0.31619
9788.72,BTC-27SEP19,1563965944060,open,0.05,382.5,0.012,0.0915,0.05189371,107.93,0.0515,0.0,BTC-27SEP19-15000-C,9686.7,106.08,0.0495,3.0,0.0535,19.3,109.15,12.7911,-10.63975,3.25004,7e-05,0.23869
9788.72,BTC-27SEP19,1563965944066,open,1.06,0.0,0.9785,1.143,1.06075254,110.33,None,0.0,BTC-27SEP19-20000-P,9686.7,0.0,0.005,10.0,1.639,0.2,500.0,7.03919,-5.9853,-34.18075,4e-05,-0.90381
9744.3,SYN.BTC-30AUG19,1563965944072,open,0.13,46.6,0.0835,0.163,0.12307302,106.23,0.1195,0.0,BTC-30AUG19-10000-C,9686.7,104.96,0.1215,14.4,0.126,1.0,108.53,12.30388,-17.72211,4.07168,0.00012,0.53669
9934.4,BTC-27DEC19,1563965944132,open,1.47,0.0,1.3705,1.5675,1.46915642,108.05,None,0.0,BTC-27DEC19-24000-P,9686.7,0.0,1.3825,2.5,1.548,2.5,145.75,17.33547,-6.00851,-96.90203,4e-05,-0.81489
9689.65,SYN.BTC-26JUL19,1563965944132,open,0.09,294.3,0.049,0.136,0.09237952,121.56,0.0865,0.0,BTC-26JUL19-10500-P,9686.7,105.8,0.0895,6.0,0.095,6.0,134.49,1.88459,-61.06862,-0.44936,0.00032,-0.81006
206.92,SYN.ETH-26JUL19,1563965944407,open,0.17,1348.0,0.116,0.208,0.161966,126.89,0.211,0.0,ETH-26JUL19-240-P,206.92,84.38,0.16,46.0,0.17,300.0,189.26,0.01686,-0.57016,-0.01175,0.00604,-0.94349
9934.7,BTC-27DEC19,1563965944639,open,0.12,162.4,0.078,0.167,0.12247863,100.34,0.12,0.0,BTC-27DEC19-7500-P,9687.0,98.3,0.1185,4.9,0.1235,4.9,100.86,19.45381,-6.26147,-14.72793,5e-05,-0.22465
207.4,ETH-27SEP19,1563965945395,open,0.01,2936.0,0.001,0.054,0.014464,118.83,0.013,0.0,ETH-27SEP19-480-C,206.93,116.35,0.013,50.0,0.016,200.0,121.28,0.12645,-0.11581,0.0231,0.00139,0.07714
207.4,ETH-27SEP19,1563965945399,open,0.01,4552.0,0.001,0.045,0.005367,119.79,0.005,0.0,ETH-27SEP19-600-C,206.93,114.85,0.004,200.0,0.006,20.0,121.81,0.06292,-0.05809,0.00985,0.00069,0.0321
9934.72,BTC-27DEC19,1563965945415,open,0.06,275.4,0.0205,0.105,0.0626742,100.34,0.0575,0.0,BTC-27DEC19-6000-P,9687.02,98.1,0.0595,5.0,0.063,6.0,100.56,14.19148,-4.56744,-8.44344,3e-05,-0.13634
9689.95,SYN.BTC-26JUL19,1563965945448,open,0.05,576.5,0.011,0.095,0.05311783,119.83,0.0485,0.0,BTC-26JUL19-10000-P,9687.02,113.85,0.0515,0.3,0.0535,3.0,121.24,2.62974,-84.00111,-0.33863,0.00045,-0.62692
9789.02,BTC-27SEP19,1563965945459,open,0.1,710.1,0.062,0.1415,0.10164811,104.86,0.1035,0.0,BTC-27SEP19-12000-C,9687.02,103.85,0.1,22.4,0.1045,5.0,106.6,15.99839,-12.92914,5.28354,9e-05,0.40531
9789.02,BTC-27SEP19,1563965945501,open,0.13,504.9,0.0885,0.168,0.12826108,103.69,0.15,0.0,BTC-27SEP19-11000-C,9687.02,103.24,0.1275,14.4,0.131,4.9,105.32,16.4452,-13.14247,6.13341,9e-05,0.48077
9700.96,SYN.BTC-2AUG19,1563965945536,open,0.0,243.9,0.0005,0.0415,0.0015877,123.67,0.002,0.0,BTC-2AUG19-14500-C,9687.02,106.04,0.0005,38.0,0.002,33.4,128.1,0.83714,-5.83238,0.05152,3e-05,0.02343
9689.95,SYN.BTC-26JUL19,1563965945550,open,0.02,271.1,0.0005,0.061,0.0210887,119.71,0.0185,0.0,BTC-26JUL19-10000-C,9687.02,113.84,0.0195,32.3,0.0215,2.5,121.23,2.6294,-83.90745,0.1752,0.00046,0.37293
9689.95,SYN.BTC-26JUL19,1563965945553,open,0.0,650.7,0.0005,0.0435,0.00357739,134.1,0.003,0.0,BTC-26JUL19-8500-P,9687.02,128.41,0.003,93.0,0.004,33.7,138.0,1.02408,-34.66477,-0.04118,0.00016,-0.07912
9934.72,BTC-27DEC19,1563965945555,open,0.0,208.7,0.0005,0.0425,0.00272772,105.1,0.002,0.0,BTC-27DEC19-2500-P,9687.02,100.23,0.002,5.5,0.004,11.0,111.97,1.62869,-0.5491,-0.5116,0.0,-0.00933
9789.02,BTC-27SEP19,1563965945558,open,0.17,771.4,0.123,0.2025,0.16281151,102.79,0.161,0.0,BTC-27SEP19-10000-C,9687.02,102.6,0.1625,14.4,0.166,4.8,104.71,16.23508,-12.86093,7.02377,9e-05,0.5665
9789.02,BTC-27SEP19,1563965945564,open,0.21,377.9,0.1685,0.248,0.20820382,102.94,0.2115,0.0,BTC-27SEP19-9000-C,9687.02,101.84,0.2065,14.4,0.2095,4.7,103.78,15.13312,-12.00663,7.84921,9e-05,0.65933
9789.02,BTC-27SEP19,1563965945579,open,0.02,659.3,0.0005,0.0645,0.02398804,106.21,0.0235,0.0,BTC-27SEP19-6000-P,9687.02,104.08,0.0225,24.0,0.025,4.2,107.64,6.91638,-5.6617,-2.05136,4e-05,-0.09391
9700.96,SYN.BTC-2AUG19,1563965945590,open,0.09,123.1,0.044,0.1305,0.08729883,112.26,0.088,0.0,BTC-2AUG19-10000-P,9687.02,106.94,0.084,20.5,0.0885,3.2,114.2,6.01281,-38.02641,-1.46616,0.00023,-0.53422
9789.02,BTC-27SEP19,1563965945612,open,0.01,480.7,0.0005,0.0505,0.01010224,108.52,0.007,0.0,BTC-27SEP19-5000-P,9687.02,105.67,0.009,24.0,0.0105,2.0,109.51,3.90033,-3.26223,-0.9559,2e-05,-0.04484
9789.02,BTC-27SEP19,1563965945614,open,0.01,303.7,0.0005,0.048,0.00784536,109.25,0.004,0.0,BTC-27SEP19-4750-P,9687.02,106.63,0.007,24.0,0.009,9.0,112.59,3.25655,-2.74196,-0.76128,2e-05,-0.03591
9689.95,SYN.BTC-26JUL19,1563965945616,open,0.0,311.2,0.0005,0.04,0.00025946,143.95,0.0005,0.0,BTC-26JUL19-12500-C,9687.02,0.0,0.0,0.0,0.0005,6.8,156.14,0.14965,-2.51192,0.00378,2e-05,0.00784
9700.96,SYN.BTC-2AUG19,1563965945756,open,0.06,82.2,0.017,0.1015,0.05914363,112.26,0.0595,0.0,BTC-2AUG19-9500-P,9687.02,107.07,0.056,23.0,0.0605,3.0,114.46,5.90698,-37.35484,-1.12552,0.00023,-0.41796
207.39,ETH-27SEP19,1563965945774,open,0.69,345.0,0.619,0.752,0.685492,112.77,0.76,0.0,ETH-27SEP19-340-P,206.93,94.11,0.665,110.0,0.743,25.0,153.92,0.25286,-0.21976,-0.54346,0.00293,-0.78876
209.32,ETH-27DEC19,1563965945936,open,0.25,1842.0,0.192,0.291,0.241387,105.26,0.22,0.0,ETH-27DEC19-200-P,206.93,100.51,0.23,140.0,0.251,15.0,109.27,0.50169,-0.1694,-0.52049,0.00255,-0.34084
209.32,ETH-27DEC19,1563965945973,open,0.06,1912.0,0.018,0.102,0.059817,105.49,0.044,0.0,ETH-27DEC19-120-P,206.93,101.1,0.054,50.0,0.062,50.0,107.1,0.28112,-0.09512,-0.16496,0.00142,-0.12471
9700.96,SYN.BTC-2AUG19,1563965946117,open,0.01,87.5,0.0005,0.0515,0.01148536,114.31,0.011,0.0,BTC-2AUG19-8000-P,9687.02,109.43,0.01,35.0,0.011,3.0,112.73,3.04157,-19.58596,-0.31223,0.00012,-0.12087
9700.96,SYN.BTC-2AUG19,1563965946120,open,0.09,123.1,0.044,0.1305,0.0872795,112.26,0.088,0.0,BTC-2AUG19-10000-P,9687.02,106.94,0.084,18.0,0.0885,3.2,114.2,6.01281,-38.02641,-1.46616,0.00023,-0.53422
209.32,ETH-27DEC19,1563965946115,open,0.28,90.0,0.246,0.325,0.285912,105.24,0.293,0.0,ETH-27DEC19-200-C,206.93,101.96,0.278,30.0,0.299,292.0,110.73,0.5017,-0.16937,0.33365,0.00255,0.65914
9744.99,SYN.BTC-30AUG19,1563965946125,open,0.22,26.7,0.17,0.267,0.21860436,108.28,0.1965,0.0,BTC-30AUG19-11000-P,9687.02,103.35,0.2125,5.0,0.2225,2.5,111.37,12.15866,-17.85033,-7.778,0.00012,-0.57139
9700.96,SYN.BTC-2AUG19,1563965946125,open,0.2,1.0,0.156,0.2515,0.20377098,116.1,0.1445,0.0,BTC-2AUG19-11500-P,9687.02,96.47,0.196,2.5,0.2105,2.5,130.8,4.20835,-27.52441,-2.37289,0.00016,-0.8021
9934.72,BTC-27DEC19,1563965946127,open,0.15,237.6,0.101,0.192,0.14661525,100.34,0.1425,0.0,BTC-27DEC19-8000-P,9687.02,98.37,0.1425,4.9,0.1485,9.9,101.23,20.8565,-6.71293,-17.04888,5e-05,-0.25521
9700.96,SYN.BTC-2AUG19,1563965946129,open,0.11,0.4,0.07,0.1495,0.10952587,112.43,0.1085,0.0,BTC-2AUG19-9000-C,9687.02,107.81,0.107,18.0,0.113,18.0,118.81,5.28429,-33.46837,1.3856,0.00021,0.69688
9689.95,SYN.BTC-26JUL19,1563965946130,open,0.14,376.7,0.0935,0.184,0.13866516,126.04,0.136,0.0,BTC-26JUL19-11000-P,9687.02,0.0,0.133,1.5,0.1445,14.5,166.03,1.10172,-37.01693,-0.5236,0.00018,-0.91281
9700.96,SYN.BTC-2AUG19,1563965946256,open,0.08,28.5,0.04,0.1195,0.07985884,112.21,0.08,0.0,BTC-2AUG19-9500-C,9687.02,111.64,0.0795,5.0,0.0825,3.6,116.57,5.90696,-37.33802,1.18468,0.00023,0.58204
9700.96,SYN.BTC-2AUG19,1563965946298,open,0.12,11.5,0.0775,0.167,0.12213258,114.11,0.086,0.0,BTC-2AUG19-10500-P,9687.02,106.07,0.1175,20.5,0.1235,3.6,116.4,5.66474,-36.41283,-1.79562,0.00022,-0.63903
9789.02,BTC-27SEP19,1563965946316,open,0.01,303.7,0.0005,0.048,0.00784536,109.25,0.004,0.0,BTC-27SEP19-4750-P,9687.02,106.63,0.007,24.0,0.009,33.0,112.59,3.25655,-2.74196,-0.76128,2e-05,-0.03591
9689.95,SYN.BTC-26JUL19,1563965946327,open,0.02,271.1,0.0005,0.061,0.02109945,119.71,0.0185,0.0,BTC-26JUL19-10000-C,9687.02,113.84,0.0195,32.3,0.022,3.4,123.06,2.6294,-83.90745,0.1752,0.00046,0.37293
9934.72,BTC-27DEC19,1563965946342,open,0.1,390.0,0.0565,0.136,0.09649029,105.56,0.105,0.0,BTC-27DEC19-18000-C,9687.02,103.58,0.092,10.0,0.098,4.9,106.22,22.66477,-7.67453,8.74919,5e-05,0.30271
9789.02,BTC-27SEP19,1563965946353,open,0.17,771.4,0.123,0.2025,0.16282438,102.79,0.161,0.0,BTC-27SEP19-10000-C,9687.02,102.6,0.1625,14.4,0.1665,5.0,105.01,16.23508,-12.86093,7.02377,9e-05,0.5665
9789.02,BTC-27SEP19,1563965946365,open,0.21,377.9,0.1685,0.248,0.20821754,102.94,0.2115,0.0,BTC-27SEP19-9000-C,9687.02,101.84,0.2065,14.4,0.21,4.8,104.11,15.13312,-12.00663,7.84921,9e-05,0.65933
9789.29,BTC-27SEP19,1563965946375,open,0.57,9.2,0.531,0.6105,0.57055004,111.89,0.574,0.0,BTC-27SEP19-4250-C,9687.26,0.0,0.513,8.0,0.628,8.0,226.9,2.20774,-1.90385,7.08075,1e-05,0.9775
9934.95,BTC-27DEC19,1563965946375,open,4.24,1.0,4.032,4.4505,4.24131622,113.72,4.454,0.0,BTC-27DEC19-52000-P,9687.26,0.0,0.001,1.0,0.0,0.0,0.0,4.6295,-1.68871,-221.03091,1e-05,-0.96825
9789.29,BTC-27SEP19,1563965946375,open,1.86,0.0,1.7505,1.979,1.86465294,115.35,None,0.0,BTC-27SEP19-28000-P,9687.26,0.0,0.0,0.0,0.0,0.0,0.0,2.61782,-2.32736,-49.36421,1e-05,-0.97243
9934.95,BTC-27DEC19,1563965946375,open,0.34,205.5,0.3015,0.381,0.34135853,100.33,0.359,0.0,BTC-27DEC19-8000-C,9687.26,90.62,0.321,8.0,0.3895,8.0,123.33,20.8565,-6.71221,17.1171,5e-05,0.7448
9789.29,BTC-27SEP19,1563965946375,open,0.03,337.0,0.0005,0.066,0.02649097,109.12,0.0265,0.0,BTC-27SEP19-18000-C,9687.26,106.93,0.0245,32.0,0.028,24.0,110.73,9.05062,-7.61136,1.92252,5e-05,0.13698
9935.19,BTC-27DEC19,1563965946375,open,0.01,134.5,0.0005,0.049,0.00919762,113.23,0.0105,0.0,BTC-27DEC19-48000-C,9687.26,109.97,0.0075,14.0,0.0105,14.0,115.47,5.51623,-2.00348,1.27761,1e-05,0.03931
9789.29,BTC-27SEP19,1563965946375,open,1.66,0.0,1.5555,1.768,1.66182905,113.73,None,0.0,BTC-27SEP19-26000-P,9687.26,0.0,0.0,0.0,0.0,0.0,0.0,3.27257,-2.86836,-45.68637,2e-05,-0.96388
9935.19,BTC-27DEC19,1563965946376,open,0.33,53.0,0.2765,0.3825,0.32955931,101.15,0.3255,0.0,BTC-27DEC19-11000-P,9687.26,99.96,0.3265,3.6,0.3345,4.7,103.08,25.50151,-8.27416,-32.22548,6e-05,-0.42996
9935.19,BTC-27DEC19,1563965946376,open,0.04,153.0,0.004,0.0835,0.04370935,108.16,0.045,0.0,BTC-27DEC19-26000-C,9687.26,106.41,0.041,12.9,0.045,4.9,108.98,15.59127,-5.40948,4.7996,3e-05,0.15683
9935.19,BTC-27DEC19,1563965946376,open,0.02,308.2,0.0005,0.0605,0.02053616,111.58,0.019,0.0,BTC-27DEC19-36000-C,9687.26,108.89,0.018,14.0,0.0215,6.0,112.56,9.70772,-3.47459,2.54879,2e-05,0.08061
9935.19,BTC-27DEC19,1563965946375,open,3.44,0.0,3.263,3.618,3.44040642,112.55,None,0.0,BTC-27DEC19-44000-P,9687.26,0.0,0.0,0.0,0.0,0.0,0.0,6.5792,-2.3752,-186.32642,1e-05,-0.95109
9789.29,BTC-27SEP19,1563965946376,open,2.07,0.0,1.9455,2.1905,2.06787172,116.7,None,0.0,BTC-27SEP19-30000-P,9687.26,0.0,0.0,0.0,0.0,0.0,0.0,2.09656,-1.88567,-53.01159,1e-05,-0.97883
9935.19,BTC-27DEC19,1563965946377,open,0.46,122.9,0.419,0.4985,0.45873106,100.32,0.502,0.0,BTC-27DEC19-6000-C,9687.26,86.3,0.4395,8.0,0.5125,8.0,135.9,14.19007,-4.56636,17.18204,3e-05,0.86369
9935.19,BTC-27DEC19,1563965946377,open,0.06,159.5,0.023,0.1025,0.06284079,106.54,0.064,0.0,BTC-27DEC19-22000-C,9687.26,105.57,0.061,8.0,0.065,4.9,107.67,18.90335,-6.46013,6.40029,4e-05,0.21369
9789.53,BTC-27SEP19,1563965946377,open,0.0,432.4,0.0005,0.0415,0.00182377,115.93,0.002,0.0,BTC-27SEP19-3500-P,9687.26,106.65,0.001,30.3,0.0025,11.0,121.65,1.04386,-0.93269,-0.19561,1e-05,-0.00942
9789.53,BTC-27SEP19,1563965946378,open,0.0,430.0,0.0005,0.0435,0.00351593,113.2,0.0015,0.0,BTC-27SEP19-4000-P,9687.26,106.97,0.0025,24.0,0.0045,22.0,118.27,1.7625,-1.53767,-0.36146,1e-05,-0.01726
9935.19,BTC-27DEC19,1563965946377,open,0.02,85.4,0.0005,0.0645,0.02398787,100.95,0.0225,0.0,BTC-27DEC19-4500-P,9687.26,97.81,0.0215,11.0,0.0245,6.0,101.58,8.03068,-2.6005,-3.68913,2e-05,-0.06296
9700.98,SYN.BTC-2AUG19,1563965946377,open,0.01,113.9,0.0005,0.0445,0.00485079,117.04,0.0045,0.0,BTC-2AUG19-13000-C,9687.26,112.52,0.004,30.0,0.006,33.9,122.51,1.92238,-12.6747,0.14233,7e-05,0.06519
9700.98,SYN.BTC-2AUG19,1563965946375,open,0.04,60.5,0.0005,0.0795,0.03976518,114.06,0.038,0.0,BTC-2AUG19-10500-C,9687.26,109.31,0.037,32.0,0.041,0.2,116.17,5.66438,-36.39703,0.75756,0.00022,0.3609
9935.19,BTC-27DEC19,1563965946380,open,1.85,2.0,1.741,1.969,1.85481334,108.6,1.563,0.0,BTC-27DEC19-28000-P,9687.26,0.0,1.7565,2.5,1.9465,2.5,156.42,14.0654,-4.89983,-115.41716,3e-05,-0.86544
9789.53,BTC-27SEP19,1563965946380,open,0.85,42.8,0.807,0.8865,0.84683589,143.53,0.815,0.0,BTC-27SEP19-1500-C,9687.26,0.0,0.7775,8.0,0.9165,8.0,500.0,0.05041,-0.05576,2.65926,0.0,0.99967
9745.01,SYN.BTC-30AUG19,1563965946377,open,0.3,1.4,0.2445,0.3475,0.29594262,109.26,0.28,0.0,BTC-30AUG19-12000-P,9687.26,63.6,0.249,2.5,0.338,2.5,144.21,11.28648,-16.72044,-9.45929,0.00011,-0.66485
9789.53,BTC-27SEP19,1563965946380,open,0.0,683.6,0.0005,0.042,0.00224403,116.3,0.002,0.0,BTC-27SEP19-32000-C,9687.26,110.96,0.0015,7.0,0.0025,7.9,117.84,1.56166,-1.39976,0.2217,1e-05,0.01499
9700.98,SYN.BTC-2AUG19,1563965946377,open,0.04,59.9,0.0005,0.0785,0.03726935,112.46,0.0355,0.0,BTC-2AUG19-9000-P,9687.26,108.28,0.035,29.0,0.039,27.2,115.63,5.28456,-33.48041,-0.80305,0.00021,-0.30315
9689.97,SYN.BTC-26JUL19,1563965946377,open,0.08,60.5,0.0405,0.12,0.08044557,121.41,0.0755,0.0,BTC-26JUL19-9000-C,9687.26,113.7,0.079,6.0,0.0845,6.0,141.47,1.86128,-60.24033,0.36521,0.00032,0.81386
9745.01,SYN.BTC-30AUG19,1563965946377,open,0.15,80.5,0.1035,0.195,0.14927096,106.21,0.148,0.0,BTC-30AUG19-10000-P,9687.26,104.01,0.1465,14.4,0.1515,4.3,107.97,12.30458,-17.71975,-6.03034,0.00012,-0.46324
9689.97,SYN.BTC-26JUL19,1563965946375,open,0.0,564.7,0.0005,0.04,0.0,145.0,0.0005,0.0,BTC-26JUL19-18000-C,9687.26,0.0,0.0,0.0,0.0005,12.1,334.31,0.0,0.0,0.0,0.0,0.0
9689.97,SYN.BTC-26JUL19,1563965946375,open,0.33,0.0,0.2895,0.369,0.32920309,0.0,0.3665,0.0,BTC-26JUL19-6500-C,9687.26,0.0,0.2825,4.0,0.377,4.0,500.0,0.0,0.0,0.33403,0.0,1.0
9689.95,SYN.BTC-26JUL19,1563965946372,open,0.19,276.8,0.141,0.2355,0.18824143,132.76,0.15,0.0,BTC-26JUL19-11500-P,9687.02,0.0,0.181,2.5,0.189,6.0,143.16,0.59726,-21.1359,-0.57185,9e-05,-0.96011
9745.01,SYN.BTC-30AUG19,1563965946375,open,0.07,72.4,0.025,0.1045,0.06454047,109.26,0.0635,0.0,BTC-30AUG19-12000-C,9687.26,107.06,0.062,3.0,0.066,27.3,110.52,11.28641,-16.72,2.6642,0.00011,0.33515
9745.01,SYN.BTC-30AUG19,1563965946376,open,0.47,0.0,0.4105,0.5275,0.46906686,110.2,None,0.0,BTC-30AUG19-14000-P,9687.26,0.0,0.4175,2.5,0.516,2.5,156.16,8.54337,-12.76616,-12.54233,8e-05,-0.80487
9689.97,SYN.BTC-26JUL19,1563965946377,open,0.0,313.8,0.0005,0.04,0.0,145.0,0.001,0.0,BTC-26JUL19-20000-C,9687.26,0.0,0.0,0.0,0.0005,13.1,382.59,0.0,0.0,0.0,0.0,0.0
209.33,ETH-27DEC19,1563965946387,open,2.68,0.0,2.509,2.801,2.655042,115.48,None,0.0,ETH-27DEC19-760-P,206.95,0.0,0.0,0.0,0.0,0.0,0.0,0.22498,-0.08334,-3.18561,0.00104,-0.90845
207.4,ETH-27SEP19,1563965946387,open,2.3,0.0,2.151,2.413,2.282154,123.09,None,0.0,ETH-27SEP19-680-P,206.95,0.0,0.0,0.0,0.0,0.0,0.0,0.04456,-0.04227,-1.20209,0.00047,-0.97876
207.4,ETH-27SEP19,1563965946387,open,2.69,0.0,2.521,2.813,2.666879,126.73,None,0.0,ETH-27SEP19-760-P,206.95,0.0,0.0,0.0,0.0,0.0,0.0,0.03359,-0.03281,-1.34612,0.00035,-0.98475
207.4,ETH-27SEP19,1563965946387,open,0.04,7686.0,0.001,0.081,0.039679,108.14,0.035,0.0,ETH-27SEP19-140-P,206.95,100.76,0.033,472.0,0.044,50.0,112.72,0.19258,-0.1605,-0.06545,0.00233,-0.13786
209.33,ETH-27DEC19,1563965946387,open,2.11,0.0,1.969,2.215,2.092019,112.79,None,0.0,ETH-27DEC19-640-P,206.95,0.0,0.0,0.0,0.0,0.0,0.0,0.28245,-0.10219,-2.65191,0.00134,-0.87446
207.4,ETH-27SEP19,1563965946388,open,0.02,8191.0,0.001,0.059,0.019105,108.13,0.012,0.0,ETH-27SEP19-120-P,206.95,101.02,0.015,263.0,0.018,200.0,106.28,0.1258,-0.10483,-0.03529,0.00152,-0.07662
209.35,ETH-27DEC19,1563965946388,open,1.92,0.0,1.791,2.022,1.906669,112.6,0.953,0.0,ETH-27DEC19-600-P,206.95,0.0,0.0,0.0,0.0,0.0,0.0,0.31023,-0.11205,-2.47003,0.00147,-0.8561
209.35,ETH-27DEC19,1563965946389,open,0.14,175.0,0.101,0.18,0.14012,107.23,0.14,0.0,ETH-27DEC19-320-C,206.95,104.4,0.133,150.0,0.148,40.0,110.34,0.52831,-0.18172,0.23172,0.00263,0.39931
207.42,ETH-27SEP19,1563965946389,open,0.1,1656.0,0.063,0.142,0.102797,109.66,0.107,0.0,ETH-27SEP19-260-C,206.95,106.7,0.098,160.0,0.108,160.0,112.85,0.33748,-0.28522,0.10897,0.00402,0.39838
207.19,SYN.ETH-30AUG19,1563965946387,open,0.08,962.0,0.035,0.12,0.077768,113.23,0.065,0.0,ETH-30AUG19-180-P,206.95,109.73,0.074,160.0,0.083,260.0,118.08,0.22323,-0.34273,-0.07574,0.00455,-0.28407
206.93,SYN.ETH-26JUL19,1563965946389,open,0.0,0.0,0.001,0.04,2e-06,145.02,None,0.0,ETH-26JUL19-140-P,206.95,0.0,0.0,0.0,0.001,300.0,260.09,4e-05,-0.00036,0.0,1e-05,-7e-05
206.93,SYN.ETH-26JUL19,1563965946389,open,0.94,985.0,0.856,1.01,0.933081,300.84,0.205,0.0,ETH-26JUL19-400-P,206.95,0.0,0.0,0.0,0.0,0.0,0.0,0.00077,-0.06151,-0.02054,0.00012,-0.9984
206.98,SYN.ETH-2AUG19,1563965946388,open,0.04,255.0,0.001,0.079,0.038439,121.22,0.034,0.0,ETH-2AUG19-190-P,206.95,114.76,0.035,200.0,0.042,383.0,127.84,0.11085,-0.75695,-0.01663,0.00878,-0.29203
207.19,SYN.ETH-30AUG19,1563965946387,open,0.01,1409.0,0.001,0.055,0.015024,117.66,0.014,0.0,ETH-30AUG19-360-C,206.95,113.86,0.013,200.0,0.017,200.0,121.14,0.11429,-0.18234,0.01747,0.00224,0.09848
207.19,SYN.ETH-30AUG19,1563965946388,open,0.25,221.0,0.196,0.295,0.245714,113.14,0.248,0.0,ETH-30AUG19-240-P,206.95,110.94,0.243,120.0,0.254,120.0,119.83,0.25592,-0.39261,-0.17505,0.00522,-0.59056
206.93,SYN.ETH-26JUL19,1563965946388,open,0.09,0.0,0.048,0.127,0.087921,114.67,None,0.0,ETH-26JUL19-190-C,206.95,74.18,0.083,50.0,0.089,50.0,121.23,0.03304,-1.00987,0.00821,0.01309,0.85987
206.93,SYN.ETH-26JUL19,1563965946388,open,0.0,1448.0,0.001,0.042,0.001969,122.65,0.004,0.0,ETH-26JUL19-180-P,206.95,107.48,0.001,1.0,0.003,458.0,134.78,0.01568,-0.4074,-0.00057,0.00581,-0.05156
206.93,SYN.ETH-26JUL19,1563965946388,open,0.0,1438.0,0.001,0.042,0.002117,126.85,0.003,0.0,ETH-26JUL19-240-C,206.95,110.22,0.001,529.0,0.003,231.0,136.68,0.01686,-0.43818,0.00058,0.00604,0.05652
9789.53,BTC-27SEP19,1563965946447,open,0.02,659.3,0.0005,0.0645,0.02398798,106.22,0.0235,0.0,BTC-27SEP19-6000-P,9687.26,104.09,0.0225,24.0,0.0245,5.0,106.94,6.91632,-5.66211,-2.05133,4e-05,-0.0939
209.35,ETH-27DEC19,1563965946489,open,0.02,802.0,0.001,0.064,0.024076,115.15,0.022,0.0,ETH-27DEC19-760-C,206.95,112.17,0.021,277.0,0.027,50.0,117.82,0.22327,-0.08247,0.05949,0.00104,0.0906
209.35,ETH-27DEC19,1563965946504,open,0.06,631.0,0.025,0.104,0.064826,110.32,0.067,0.0,ETH-27DEC19-480-C,206.95,108.3,0.061,291.0,0.069,40.0,112.49,0.39932,-0.14131,0.13393,0.00193,0.21461
9789.53,BTC-27SEP19,1563965946525,open,0.0,430.0,0.0005,0.0435,0.00351593,113.2,0.0015,0.0,BTC-27SEP19-4000-P,9687.26,106.97,0.0025,24.0,0.0045,46.0,118.27,1.7625,-1.53767,-0.36146,1e-05,-0.01726
9789.53,BTC-27SEP19,1563965946527,open,0.02,659.3,0.0005,0.0645,0.02398798,106.22,0.0235,0.0,BTC-27SEP19-6000-P,9687.26,103.36,0.022,24.0,0.0245,5.0,106.94,6.91632,-5.66211,-2.05133,4e-05,-0.0939
209.35,ETH-27DEC19,1563965946529,open,0.08,665.0,0.039,0.118,0.078785,110.29,0.08,0.0,ETH-27DEC19-440-C,206.95,106.99,0.072,405.0,0.082,40.0,111.83,0.43599,-0.15424,0.15431,0.00211,0.25135
209.35,ETH-27DEC19,1563965946566,open,0.68,82.0,0.602,0.735,0.668698,107.32,0.64,0.0,ETH-27DEC19-320-P,206.95,104.58,0.662,30.0,0.735,15.0,133.01,0.52842,-0.1819,-1.13479,0.00263,-0.6004
206.98,SYN.ETH-2AUG19,1563965946568,open,0.09,151.0,0.053,0.132,0.092097,121.15,0.079,0.0,ETH-2AUG19-200-C,206.95,112.67,0.087,153.0,0.095,339.0,126.04,0.12395,-0.84592,0.02601,0.00982,0.60879
209.35,ETH-27DEC19,1563965946583,open,0.68,82.0,0.602,0.735,0.668698,107.32,0.64,0.0,ETH-27DEC19-320-P,206.95,104.58,0.662,30.0,0.734,15.0,132.62,0.52842,-0.1819,-1.13479,0.00263,-0.6004
9745.01,SYN.BTC-30AUG19,1563965946589,open,0.05,57.4,0.006,0.0855,0.0455723,109.5,0.05,0.0,BTC-30AUG19-13000-C,9687.26,106.97,0.043,19.4,0.0475,27.3,111.38,9.97812,-14.81536,2.07731,9e-05,0.25657
9935.19,BTC-27DEC19,1563965946591,open,0.02,85.4,0.0005,0.0645,0.02398348,100.95,0.0225,0.0,BTC-27DEC19-4500-P,9687.26,97.81,0.0215,5.0,0.0245,6.0,101.58,8.03068,-2.6005,-3.68913,2e-05,-0.06296
206.93,SYN.ETH-26JUL19,1563965946590,open,0.22,5.0,0.161,0.257,0.209303,138.38,0.256,0.0,ETH-26JUL19-250-P,206.95,0.0,0.163,25.0,0.254,25.0,391.75,0.01057,-0.38974,-0.01252,0.00347,-0.9683
206.93,SYN.ETH-26JUL19,1563965946596,open,0.46,659.0,0.392,0.507,0.449816,177.05,0.465,0.0,ETH-26JUL19-300-P,206.95,0.0,0.395,25.0,0.504,25.0,500.0,0.00098,-0.04641,-0.0154,0.00025,-0.9979
9700.98,SYN.BTC-2AUG19,1563965946593,open,0.04,59.9,0.0005,0.0785,0.03726858,112.46,0.0355,0.0,BTC-2AUG19-9000-P,9687.26,108.28,0.035,5.0,0.039,27.2,115.63,5.28456,-33.48041,-0.80305,0.00021,-0.30315
207.42,ETH-27SEP19,1563965946595,open,0.19,1288.0,0.156,0.235,0.195515,108.08,0.194,0.0,ETH-27SEP19-200-C,206.95,104.69,0.19,120.0,0.2,120.0,110.92,0.33273,-0.27714,0.15685,0.00403,0.62087
207.4,ETH-27SEP19,1563965946603,open,0.61,496.0,0.535,0.662,0.598794,112.03,0.556,0.0,ETH-27SEP19-320-P,206.95,0.0,0.537,25.0,0.653,25.0,148.91,0.27644,-0.23869,-0.49814,0.00323,-0.75239
207.19,SYN.ETH-30AUG19,1563965946612,open,0.18,238.0,0.133,0.227,0.179932,113.05,0.166,0.0,ETH-30AUG19-220-P,206.95,110.73,0.177,120.0,0.186,120.0,117.83,0.2627,-0.40267,-0.14127,0.00536,-0.49495
