underlying_price,underlying_index,timestamp,state,settlement_price,open_interest,min_price,max_price,mark_price,mark_iv,last_price,interest_rate,instrument_name,index_price,bid_iv,best_bid_price,best_bid_amount,best_ask_price,best_ask_amount,ask_iv,vega,theta,rho,gamma,delta
10190.93,SYN.BTC-20SEP19,1568804340127,open,0.06,21.4,0.035,0.0845,0.05932462,73.92,0.0535,0.0,BTC-20SEP19-10750-P,10180.01,50.38,0.056,6.1,0.0595,6.1,74.9,1.80054,-35.47748,-0.46931,0.00046,-0.83681
214.31,ETH-27SEP19,1568804340135,open,0.01,291.0,0.001,0.024,0.00871,85.14,0.011,0.0,ETH-27SEP19-250-C,213.75,79.91,0.007,500.0,0.011,501.0,91.52,0.0733,-0.35154,0.00669,0.00771,0.13701
213.87,SYN.ETH-20SEP19,1568804340137,open,0.0,32.0,0.001,0.017,0.003257,79.6,0.006,0.0,ETH-20SEP19-200-P,213.75,77.72,0.003,200.0,0.005,200.0,91.12,0.02964,-0.62906,-0.00129,0.01584,-0.11438
10190.93,SYN.BTC-20SEP19,1568804340167,open,0.12,0.0,0.099,0.137,0.11759429,92.42,None,0.0,BTC-20SEP19-9000-C,10180.01,0.0,0.1165,10.0,0.134,5.0,214.74,0.47127,-11.61005,0.44738,0.0001,0.97186
214.31,ETH-27SEP19,1568804340214,open,0.04,2969.0,0.011,0.062,0.035975,76.34,0.035,0.0,ETH-27SEP19-220-C,213.75,71.48,0.033,200.0,0.039,309.0,81.25,0.13162,-0.56599,0.02086,0.01544,0.4362
214.31,ETH-27SEP19,1568804340218,open,0.39,853.0,0.36,0.448,0.401669,109.25,0.673,0.0,ETH-27SEP19-300-P,213.75,0.0,0.049,16.0,1.82,5.0,500.0,0.02238,-0.13777,-0.07151,0.00183,-0.97056
218.91,ETH-27DEC19,1568804340223,open,0.5,101.0,0.451,0.576,0.513991,81.66,0.513,0.0,ETH-27DEC19-320-P,213.75,0.0,0.006,10.0,0.0,0.0,0.0,0.3637,-0.14867,-0.75729,0.0034,-0.75025
218.91,ETH-27DEC19,1568804340223,open,0.0,14121.0,0.001,0.014,0.004015,93.34,0.003,0.0,ETH-27DEC19-640-C,213.75,85.26,0.002,6090.0,0.006,50.0,98.92,0.06783,-0.0317,0.01281,0.00055,0.0254
214.31,ETH-27SEP19,1568804340225,open,0.85,79.0,0.813,0.924,0.866376,0.0,0.351,0.0,ETH-27SEP19-400-P,213.75,0.0,0.0,0.0,0.0,0.0,0.0,0.0,0.0,-0.09727,0.0,-1.0
214.31,ETH-27SEP19,1568804340228,open,0.09,2662.0,0.054,0.116,0.08681,76.41,0.093,0.0,ETH-27SEP19-200-C,213.75,66.69,0.082,173.0,0.09,173.0,82.63,0.10867,-0.46777,0.03398,0.01273,0.73876
218.91,ETH-27DEC19,1568804340228,open,2.26,0.0,2.194,2.398,2.291823,96.73,None,0.0,ETH-27DEC19-720-P,213.75,0.0,0.003,5.0,0.0,0.0,0.0,0.05038,-0.0244,-1.96112,0.0004,-0.98213
215.74,SYN.ETH-25OCT19,1568804340240,open,0.0,921.0,0.001,0.012,0.002984,76.73,0.002,0.0,ETH-25OCT19-140-P,213.75,64.16,0.001,147.0,0.005,460.0,84.93,0.04543,-0.04726,-0.00698,0.00126,-0.02905
214.31,ETH-27SEP19,1568804340244,open,0.02,2756.0,0.004,0.042,0.019995,76.33,0.023,0.0,ETH-27SEP19-200-P,213.75,72.36,0.018,360.0,0.022,239.0,80.25,0.10863,-0.46707,-0.01465,0.01274,-0.26105
218.91,ETH-27DEC19,1568804340246,open,0.01,2664.0,0.003,0.029,0.012621,88.8,0.012,0.0,ETH-27DEC19-480-C,213.75,86.46,0.011,20.0,0.015,200.0,91.94,0.1578,-0.07015,0.03581,0.00136,0.07241
215.74,SYN.ETH-25OCT19,1568804340247,open,0.0,921.0,0.001,0.012,0.002984,76.73,0.002,0.0,ETH-25OCT19-140-P,213.75,64.16,0.001,387.0,0.005,460.0,84.93,0.04543,-0.04726,-0.00698,0.00126,-0.02905
214.31,ETH-27SEP19,1568804340251,open,0.48,606.0,0.45,0.541,0.493781,108.55,0.513,0.0,ETH-27SEP19-320-P,213.75,0.0,0.0,0.0,0.0,0.0,0.0,0.00982,-0.06008,-0.07726,0.00081,-0.98881
218.91,ETH-27DEC19,1568804340257,open,1.72,0.0,1.663,1.837,1.746193,92.62,0.953,0.0,ETH-27DEC19-600-P,213.75,0.0,0.0,0.0,0.0,0.0,0.0,0.08425,-0.03906,-1.62524,0.00069,-0.96703
218.91,ETH-27DEC19,1568804340259,open,1.19,21.0,1.133,1.283,1.205202,88.66,0.629,0.0,ETH-27DEC19-480-P,213.75,0.0,0.001,7.0,0.0,0.0,0.0,0.15711,-0.06973,-1.27781,0.00135,-0.928
218.91,ETH-27DEC19,1568804340259,open,0.84,16.0,0.786,0.923,0.852631,86.38,1.195,0.0,ETH-27DEC19-400-P,213.75,0.0,0.001,8.0,0.0,0.0,0.0,0.24722,-0.10691,-1.02954,0.00218,-0.86611
214.31,ETH-27SEP19,1568804340261,open,0.75,259.0,0.722,0.828,0.773075,0.0,0.94,0.0,ETH-27SEP19-380-P,213.75,0.0,0.009,8.0,0.0,0.0,0.0,0.0,0.0,-0.0924,0.0,-1.0
218.91,ETH-27DEC19,1568804340261,open,1.01,0.0,0.958,1.102,1.027423,87.34,None,0.0,ETH-27DEC19-440-P,213.75,0.0,0.001,8.0,0.0,0.0,0.0,0.19632,-0.08583,-1.15642,0.00171,-0.90314
218.91,ETH-27DEC19,1568804340279,open,0.01,9338.0,0.001,0.019,0.008882,77.24,0.007,0.0,ETH-27DEC19-120-P,213.75,68.34,0.005,600.0,0.008,260.0,75.43,0.10957,-0.04237,-0.03259,0.00108,-0.04553
218.91,ETH-27DEC19,1568804340283,open,1.9,0.0,1.84,2.023,1.927457,92.9,None,0.0,ETH-27DEC19-640-P,213.75,0.0,0.0,0.0,0.0,0.0,0.0,0.06633,-0.03085,-1.73875,0.00054,-0.97527
218.91,ETH-27DEC19,1568804340285,open,0.06,1033.0,0.023,0.083,0.05227,81.7,0.052,0.0,ETH-27DEC19-320-C,213.75,80.32,0.05,264.0,0.056,220.0,83.92,0.36383,-0.1488,0.1184,0.0034,0.24992
218.91,ETH-27DEC19,1568804340287,open,0.11,3144.0,0.073,0.153,0.113749,77.24,0.114,0.0,ETH-27DEC19-200-P,213.75,75.8,0.111,200.0,0.113,240.0,76.85,0.41727,-0.16135,-0.26892,0.00412,-0.33519
218.91,ETH-27DEC19,1568804340289,open,2.08,0.0,2.017,2.212,2.110134,96.89,None,0.0,ETH-27DEC19-680-P,213.75,0.0,0.002,10.0,0.0,0.0,0.0,0.06398,-0.03104,-1.8488,0.0005,-0.9763
218.91,ETH-27DEC19,1568804340289,open,1.54,0.0,1.485,1.651,1.564479,90.03,0.845,0.0,ETH-27DEC19-560-P,213.75,0.0,0.0,0.0,0.0,0.0,0.0,0.09724,-0.04382,-1.51261,0.00082,-0.96072
214.31,ETH-27SEP19,1568804340291,open,0.26,647.0,0.231,0.277,0.254498,93.84,0.125,0.0,ETH-27SEP19-160-C,213.75,0.0,0.253,300.0,0.0,0.0,0.0,0.01564,-0.08268,0.03785,0.00149,0.98079
218.91,ETH-27DEC19,1568804340291,open,0.03,1641.0,0.008,0.049,0.025479,86.45,0.025,0.0,ETH-27DEC19-400-C,213.75,84.21,0.023,200.0,0.029,339.0,89.48,0.24759,-0.10716,0.06511,0.00218,0.13418
218.91,ETH-27DEC19,1568804340296,open,0.0,10652.0,0.001,0.013,0.003977,97.37,0.003,0.0,ETH-27DEC19-680-C,213.75,89.18,0.002,40.0,0.006,540.0,103.24,0.06555,-0.03196,0.01223,0.00051,0.02439
214.31,ETH-27SEP19,1568804340308,open,1.03,0.0,0.994,1.116,1.053006,0.0,None,0.0,ETH-27SEP19-440-P,213.75,0.0,0.0,0.0,0.0,0.0,0.0,0.0,0.0,-0.10699,0.0,-1.0
218.91,ETH-27DEC19,1568804340315,open,0.21,2038.0,0.156,0.238,0.200173,77.26,0.198,0.0,ETH-27DEC19-200-C,213.75,74.02,0.194,161.0,0.202,241.0,78.22,0.41728,-0.1614,0.27832,0.00412,0.66481
214.31,ETH-27SEP19,1568804340315,open,0.02,4024.0,0.002,0.032,0.013514,81.04,0.012,0.0,ETH-27SEP19-240-C,213.75,77.53,0.012,160.0,0.016,440.0,86.55,0.09426,-0.43029,0.00985,0.01041,0.20249
218.91,ETH-27DEC19,1568804340317,open,0.01,6188.0,0.001,0.017,0.006467,90.29,0.006,0.0,ETH-27DEC19-560-C,213.75,86.76,0.005,540.0,0.008,200.0,93.48,0.09835,-0.04445,0.01999,0.00083,0.03983
214.31,ETH-27SEP19,1568804340320,open,0.0,5603.0,0.001,0.011,0.001893,109.87,0.003,0.0,ETH-27SEP19-300-C,213.75,99.78,0.001,400.0,0.003,200.0,118.81,0.02288,-0.1416,0.00148,0.00186,0.03022
214.31,ETH-27SEP19,1568804340320,open,0.57,294.0,0.541,0.636,0.586649,105.96,1.024,0.0,ETH-27SEP19-340-P,213.75,0.0,0.0,0.0,0.0,0.0,0.0,0.00339,-0.02021,-0.08251,0.00029,-0.99664
218.91,ETH-27DEC19,1568804340323,open,0.09,1603.0,0.045,0.118,0.082427,81.02,0.056,0.0,ETH-27DEC19-280-C,213.75,79.26,0.079,1.0,0.087,268.0,83.36,0.4268,-0.17312,0.16396,0.00402,0.35614
214.31,ETH-27SEP19,1568804340325,open,0.0,6399.0,0.001,0.011,0.0,110.01,0.001,0.0,ETH-27SEP19-520-C,213.75,0.0,0.0,0.0,0.001,585.0,225.1,0.0,0.0,0.0,0.0,0.0
214.31,ETH-27SEP19,1568804340325,open,0.35,214.0,0.327,0.367,0.347064,111.27,0.227,0.0,ETH-27SEP19-140-C,213.75,0.0,0.007,20.0,0.0,0.0,0.0,0.00529,-0.03314,0.03374,0.00043,0.99447
218.91,ETH-27DEC19,1568804340325,open,0.0,4371.0,0.001,0.012,0.00295,97.37,0.004,0.0,ETH-27DEC19-720-C,213.75,85.94,0.001,750.0,0.003,3.0,97.58,0.05222,-0.02545,0.0094,0.00041,0.01864
218.91,ETH-27DEC19,1568804340325,open,2.44,0.0,2.371,2.585,2.474007,97.68,None,0.0,ETH-27DEC19-760-P,213.75,0.0,0.0,0.0,0.0,0.0,0.0,0.0424,-0.02073,-2.07221,0.00033,-0.98539
10307.68,SYN.BTC-25OCT19,1568804340372,open,0.07,149.6,0.0435,0.102,0.07257434,69.54,0.0695,0.0,BTC-25OCT19-10000-P,10180.01,67.04,0.0695,19.3,0.074,9.0,70.7,12.67594,-11.9524,-4.94435,0.00017,-0.40221
213.87,SYN.ETH-20SEP19,1568804340390,open,0.17,557.0,0.133,0.184,0.158736,110.0,0.174,0.0,ETH-20SEP19-180-C,213.75,0.0,0.144,15.0,0.174,15.0,255.72,0.00514,-0.15059,0.0091,0.00199,0.98699
218.91,ETH-27DEC19,1568804340397,open,0.26,526.0,0.21,0.287,0.251273,77.26,0.235,0.0,ETH-27DEC19-180-C,213.75,69.12,0.238,149.0,0.256,389.0,80.12,0.36098,-0.13962,0.30098,0.00356,0.75374
218.91,ETH-27DEC19,1568804340464,open,0.07,4700.0,0.041,0.106,0.073491,77.24,0.06,0.0,ETH-27DEC19-180-P,213.75,72.67,0.066,221.0,0.071,240.0,75.73,0.36096,-0.13958,-0.19152,0.00356,-0.24624
221.21,SYN.ETH-27MAR20,1568804340483,open,1.04,0.0,0.967,1.142,1.054192,89.48,None,0.0,ETH-27MAR20-440-P,213.75,0.0,0.002,10.0,1.339,3.0,193.43,0.4856,-0.11382,-2.11038,0.00212,-0.77012
215.74,SYN.ETH-25OCT19,1568804340547,open,0.14,494.0,0.096,0.164,0.131975,74.6,0.137,0.0,ETH-25OCT19-200-C,213.75,69.39,0.126,142.0,0.134,240.0,76.35,0.24854,-0.2514,0.11711,0.00709,0.66929
213.87,SYN.ETH-20SEP19,1568804340591,open,0.03,120.0,0.01,0.072,0.039963,78.71,0.065,0.0,ETH-20SEP19-220-P,213.75,49.43,0.033,148.0,0.044,108.0,94.17,0.0547,-1.14772,-0.00793,0.02957,-0.68175
215.74,SYN.ETH-25OCT19,1568804340611,open,0.06,820.0,0.03,0.089,0.059036,74.6,0.05,0.0,ETH-25OCT19-200-P,213.75,72.83,0.057,200.0,0.061,453.0,76.3,0.24854,-0.2514,-0.08495,0.00709,-0.33071
221.21,SYN.ETH-27MAR20,1568804340641,open,1.21,0.0,1.135,1.318,1.224997,91.08,None,0.0,ETH-27MAR20-480-P,213.75,0.0,0.003,10.0,0.0,0.0,0.0,0.44587,-0.10638,-2.34423,0.00191,-0.80147
10190.93,SYN.BTC-20SEP19,1568804340649,open,0.05,8.9,0.025,0.0695,0.0477998,66.97,0.052,0.0,BTC-20SEP19-9750-C,10180.01,65.31,0.0475,10.8,0.0505,0.7,80.69,1.86416,-33.27668,0.40847,0.00052,0.82777
213.87,SYN.ETH-20SEP19,1568804340667,open,0.01,398.0,0.001,0.018,0.003431,83.87,0.008,0.0,ETH-20SEP19-230-C,213.75,72.68,0.002,300.0,0.005,560.0,94.03,0.03052,-0.6823,0.00127,0.01548,0.11916
218.91,ETH-27DEC19,1568804340689,open,0.11,459.0,0.06,0.137,0.100154,78.96,0.097,0.0,ETH-27DEC19-260-C,213.75,77.41,0.097,219.0,0.107,483.0,82.3,0.44687,-0.17664,0.1897,0.00432,0.41685
218.91,ETH-27DEC19,1568804340772,open,0.28,343.0,0.23,0.342,0.287803,78.93,0.277,0.0,ETH-27DEC19-260-P,213.75,75.59,0.281,24.0,0.291,240.0,80.5,0.44686,-0.17658,-0.52176,0.00432,-0.58324
218.91,ETH-27DEC19,1568804340846,open,0.07,713.0,0.032,0.099,0.065156,81.13,0.06,0.0,ETH-27DEC19-300-C,213.75,79.38,0.062,251.0,0.07,491.0,83.78,0.3969,-0.1612,0.13943,0.00373,0.29793
10190.93,SYN.BTC-20SEP19,1568804340959,open,0.07,8.6,0.049,0.091,0.06987884,72.79,0.0735,0.0,BTC-20SEP19-9500-C,10180.01,63.89,0.069,14.0,0.0725,0.1,92.12,1.13784,-22.07839,0.44254,0.00029,0.9149
10478.67,BTC-27DEC19,1568804341138,open,3.57,0.0,3.491,3.6765,3.58121651,98.51,None,0.0,BTC-27DEC19-48000-P,10180.01,0.0,0.0005,1.0,0.0,0.0,0.0,0.5779,-0.285,-131.25651,0.0,-0.99649
215.74,SYN.ETH-25OCT19,1568804341379,open,0.0,921.0,0.001,0.012,0.002984,76.73,0.002,0.0,ETH-25OCT19-140-P,213.75,64.16,0.001,147.0,0.005,460.0,84.93,0.04543,-0.04726,-0.00698,0.00126,-0.02905
215.74,SYN.ETH-25OCT19,1568804341387,open,0.0,921.0,0.001,0.012,0.002984,76.73,0.002,0.0,ETH-25OCT19-140-P,213.75,64.16,0.001,387.0,0.005,460.0,84.93,0.04543,-0.04726,-0.00698,0.00126,-0.02905
10231.67,BTC-27SEP19,1568804341397,open,0.06,731.5,0.029,0.0785,0.05446583,68.62,0.055,0.0,BTC-27SEP19-10000-C,10180.01,66.17,0.053,5.9,0.056,6.4,71.17,6.14142,-23.73981,1.37092,0.00035,0.60547
10478.65,BTC-27DEC19,1568804341407,open,3.95,0.8,3.8655,4.067,3.96319637,106.74,3.59,0.0,BTC-27DEC19-52000-P,10180.01,0.0,0.001,2.0,0.0,0.0,0.0,0.76472,-0.40865,-142.17173,0.0,-0.9952
10190.93,SYN.BTC-20SEP19,1568804341532,open,0.02,229.8,0.001,0.0355,0.01553803,63.78,0.0155,0.0,BTC-20SEP19-10250-C,10180.01,63.64,0.0155,0.8,0.017,1.2,68.91,2.89887,-49.28291,0.23211,0.00085,0.45876
10307.67,SYN.BTC-25OCT19,1568804341640,open,0.2,15.4,0.1655,0.238,0.20172634,72.2,0.2255,0.0,BTC-25OCT19-12000-P,10180.01,32.15,0.1675,5.0,0.21,10.0,79.63,11.25003,-11.01298,-9.47423,0.00015,-0.70805
10697.86,SYN.BTC-27MAR20,1568804341695,open,0.06,190.8,0.026,0.0965,0.05832343,81.66,0.058,0.0,BTC-27MAR20-20000-C,10180.01,80.58,0.056,4.9,0.061,10.0,82.9,23.04668,-4.93005,9.17701,5e-05,0.22236
10190.93,SYN.BTC-20SEP19,1568804341703,open,0.01,365.0,0.0005,0.0245,0.00812167,67.8,0.008,0.0,BTC-20SEP19-10500-C,10180.01,63.06,0.007,30.6,0.009,0.7,71.42,2.44828,-44.24741,0.14105,0.00068,0.27745
218.91,ETH-27DEC19,1568804342044,open,0.67,257.0,0.615,0.747,0.680022,83.81,0.7,0.0,ETH-27DEC19-360-P,213.75,0.0,0.636,16.0,0.714,15.0,105.63,0.30046,-0.12607,-0.8985,0.00273,-0.82002
214.31,ETH-27SEP19,1568804342052,open,0.09,0.0,0.058,0.131,0.094458,76.79,None,0.0,ETH-27SEP19-230-P,213.76,72.2,0.092,120.0,0.101,120.0,88.62,0.11584,-0.50115,-0.04151,0.01351,-0.702
213.87,SYN.ETH-20SEP19,1568804342051,open,0.0,405.0,0.001,0.011,0.000367,109.99,0.007,0.0,ETH-20SEP19-180-P,213.76,0.0,0.0,0.0,0.002,300.0,146.11,0.00514,-0.07852,-0.00015,0.00199,-0.01301
221.2,SYN.ETH-27MAR20,1568804342051,open,0.13,304.0,0.073,0.169,0.12306,85.59,0.115,0.0,ETH-27MAR20-320-C,213.76,83.75,0.118,460.0,0.13,460.0,88.09,0.61238,-0.13729,0.30532,0.0028,0.387
215.73,SYN.ETH-25OCT19,1568804342052,open,0.0,2460.0,0.001,0.011,0.001012,108.07,0.002,0.0,ETH-25OCT19-100-P,213.76,0.0,0.0,0.0,0.002,593.0,119.24,0.01499,-0.02196,-0.00196,0.0003,-0.00798
221.2,SYN.ETH-27MAR20,1568804342051,open,0.16,268.0,0.104,0.204,0.157404,84.19,0.149,0.0,ETH-27MAR20-280-C,213.76,82.31,0.152,442.0,0.164,442.0,86.48,0.63597,-0.14026,0.35815,0.00295,0.46702
221.2,SYN.ETH-27MAR20,1568804342051,open,0.1,207.0,0.053,0.141,0.097859,86.91,0.08,0.0,ETH-27MAR20-360-C,213.76,85.03,0.093,221.0,0.102,220.0,88.5,0.5739,-0.13066,0.25987,0.00258,0.32252
221.2,SYN.ETH-27MAR20,1568804342051,open,0.41,124.0,0.351,0.491,0.423172,84.17,0.52,0.0,ETH-27MAR20-280-P,213.76,76.43,0.401,24.0,0.423,24.0,84.11,0.63596,-0.14022,-1.10611,0.00295,-0.53304
215.73,SYN.ETH-25OCT19,1568804342051,open,0.54,6.0,0.523,0.552,0.537481,108.37,0.46,0.0,ETH-25OCT19-100-C,213.76,0.0,0.0,0.0,0.0,0.0,0.0,0.0152,-0.02234,0.09904,0.0003,0.9919
213.87,SYN.ETH-20SEP19,1568804342051,open,0.12,617.0,0.085,0.142,0.11355,107.33,0.117,0.0,ETH-20SEP19-190-C,213.76,0.0,0.095,14.0,0.13,14.0,214.77,0.01765,-0.50506,0.00911,0.007,0.94254
215.73,SYN.ETH-25OCT19,1568804342051,open,0.45,6.0,0.427,0.463,0.445154,88.63,0.36,0.0,ETH-25OCT19-120-C,213.76,0.0,0.0,0.0,0.0,0.0,0.0,0.02313,-0.02779,0.11807,0.00056,0.98689
215.73,SYN.ETH-25OCT19,1568804342531,open,0.0,921.0,0.001,0.012,0.002984,76.72,0.002,0.0,ETH-25OCT19-140-P,213.76,64.15,0.001,147.0,0.005,460.0,84.93,0.04543,-0.04726,-0.00698,0.00126,-0.02905
215.73,SYN.ETH-25OCT19,1568804342539,open,0.0,921.0,0.001,0.012,0.002984,76.72,0.002,0.0,ETH-25OCT19-140-P,213.76,64.15,0.001,387.0,0.005,460.0,84.93,0.04543,-0.04726,-0.00698,0.00126,-0.02905
10231.76,BTC-27SEP19,1568804342765,open,0.07,14.0,0.046,0.1025,0.07439757,69.92,0.0735,0.0,BTC-27SEP19-10750-P,10180.13,66.6,0.0725,24.0,0.0755,6.8,71.83,5.87906,-23.15709,-1.81458,0.00033,-0.65492
10697.96,SYN.BTC-27MAR20,1568804342778,open,0.02,15.0,0.0065,0.049,0.02317709,84.19,0.027,0.0,BTC-27MAR20-28000-C,10180.13,83.26,0.022,6.0,0.0245,10.2,85.21,13.67609,-3.0162,4.35389,3e-05,0.101
10307.77,SYN.BTC-25OCT19,1568804342910,open,0.37,0.0,0.337,0.409,0.3717196,75.78,None,0.0,BTC-25OCT19-14000-P,10180.13,0.0,0.0,0.0,0.0,0.0,0.0,6.74258,-6.92827,-12.98369,8e-05,-0.87505
10307.77,SYN.BTC-25OCT19,1568804343018,open,0.11,76.2,0.0715,0.131,0.10242579,69.54,0.107,0.0,BTC-25OCT19-10000-C,10180.13,67.57,0.1,20.2,0.105,5.9,71.63,12.67593,-11.95203,5.15877,0.00017,0.5978
10191.04,SYN.BTC-20SEP19,1568804343018,open,0.32,0.0,0.299,0.352,0.3247118,122.77,None,0.0,BTC-20SEP19-13500-P,10180.13,0.0,0.001,1.0,0.0,0.0,0.0,0.02036,-0.66643,-0.69333,0.0,-0.99919
215.74,SYN.ETH-25OCT19,1568804343058,open,0.0,2904.0,0.001,0.011,0.001392,88.4,0.001,0.0,ETH-25OCT19-120-P,213.76,0.0,0.0,0.0,0.002,300.0,93.49,0.02286,-0.0274,-0.00312,0.00055,-0.01294
213.88,SYN.ETH-20SEP19,1568804343061,open,0.08,1245.0,0.037,0.096,0.068104,79.33,0.109,0.0,ETH-20SEP19-200-C,213.76,0.0,0.063,89.0,0.071,40.0,97.72,0.02948,-0.62344,0.009,0.01581,0.88651
10697.96,SYN.BTC-27MAR20,1568804343080,open,0.18,149.2,0.1295,0.228,0.18070131,78.43,0.1805,0.0,BTC-27MAR20-12000-C,10180.13,76.79,0.176,0.2,0.1805,10.0,78.36,30.76189,-6.31977,19.67036,7e-05,0.53231
10231.76,BTC-27SEP19,1568804343086,open,0.01,115.0,0.002,0.0305,0.01320422,72.33,0.014,0.0,BTC-27SEP19-11250-C,10180.13,70.78,0.0125,24.0,0.0145,44.8,75.13,4.67855,-19.06429,0.50536,0.00025,0.21632
10697.96,SYN.BTC-27MAR20,1568804343093,open,0.02,33.2,0.004,0.038,0.01641802,86.13,0.0175,0.0,BTC-27MAR20-32000-C,10180.13,84.69,0.015,2.0,0.018,24.0,87.65,10.82253,-2.44177,3.21296,2e-05,0.07385
10231.76,BTC-27SEP19,1568804343103,open,0.03,107.5,0.011,0.054,0.03166343,69.09,0.0325,0.0,BTC-27SEP19-10500-C,10180.13,66.37,0.03,21.0,0.033,6.3,71.27,6.2557,-24.34756,0.98136,0.00036,0.42609
213.88,SYN.ETH-20SEP19,1568804343112,open,0.0,1137.0,0.001,0.011,0.001543,97.64,0.002,0.0,ETH-20SEP19-240-C,213.76,0.0,0.0,0.0,0.003,516.0,113.07,0.0167,-0.33005,0.00057,0.00728,0.05356
218.92,ETH-27DEC19,1568804343121,open,0.55,0.0,0.53,0.561,0.545882,77.18,None,0.0,ETH-27DEC19-100-C,213.76,0.0,0.0,0.0,0.0,0.0,0.0,0.04602,-0.01778,0.2624,0.00045,0.98392
215.74,SYN.ETH-25OCT19,1568804343125,open,0.36,3.0,0.332,0.375,0.354012,76.59,0.271,0.0,ETH-25OCT19-140-C,213.76,0.0,0.0,0.0,0.0,0.0,0.0,0.04518,-0.04692,0.13451,0.00125,0.97114
221.21,SYN.ETH-27MAR20,1568804343125,open,0.71,0.0,0.644,0.804,0.725338,86.93,None,0.0,ETH-27MAR20-360-P,213.76,0.0,0.0,0.0,0.946,3.0,165.06,0.57402,-0.13071,-1.62266,0.00258,-0.67737
213.88,SYN.ETH-20SEP19,1568804343148,open,0.45,0.0,0.422,0.455,0.438907,0.0,None,0.0,ETH-20SEP19-120-C,213.76,0.0,0.0,0.0,0.0,0.0,0.0,0.0,0.0,0.00617,0.0,1.0
10697.96,SYN.BTC-27MAR20,1568804343179,open,0.47,4.7,0.4455,0.4975,0.47131543,77.57,0.4855,0.0,BTC-27MAR20-6000-C,10180.13,73.09,0.466,8.5,0.485,7.0,88.14,13.06201,-2.65421,24.26989,3e-05,0.90513
214.32,ETH-27SEP19,1568804343183,open,0.0,0.0,0.001,0.015,0.004228,94.91,None,0.0,ETH-27SEP19-270-C,213.76,88.41,0.003,200.0,0.006,200.0,102.74,0.04417,-0.23619,0.00335,0.00417,0.06859
218.92,ETH-27DEC19,1568804343193,open,0.0,3142.0,0.001,0.012,0.00269,77.28,0.006,0.0,ETH-27DEC19-100-P,213.76,66.71,0.001,600.0,0.004,300.0,82.75,0.04624,-0.01789,-0.0113,0.00046,-0.01617
213.88,SYN.ETH-20SEP19,1568804343208,open,0.11,0.0,0.09,0.16,0.123729,98.31,None,0.0,ETH-20SEP19-240-P,213.76,0.0,0.0,0.0,0.0,0.0,0.0,0.01701,-0.44574,-0.01175,0.00736,-0.94519
221.21,SYN.ETH-27MAR20,1568804343208,open,0.08,798.0,0.04,0.122,0.080918,88.93,0.086,0.0,ETH-27MAR20-400-C,213.76,86.87,0.076,220.0,0.087,268.0,91.43,0.53319,-0.1242,0.22381,0.00234,0.27439
218.92,ETH-27DEC19,1568804343212,open,0.13,4255.0,0.082,0.163,0.124891,77.7,0.13,0.0,ETH-27DEC19-240-C,213.76,76.32,0.122,201.0,0.132,465.0,81.11,0.45674,-0.17767,0.21922,0.00448,0.49085
218.92,ETH-27DEC19,1568804343212,open,0.0,4096.0,0.001,0.012,0.002419,98.47,0.002,0.0,ETH-27DEC19-760-C,213.76,89.18,0.001,200.0,0.004,300.0,104.96,0.04446,-0.02192,0.0078,0.00034,0.01544
213.88,SYN.ETH-20SEP19,1568804343212,open,0.04,419.0,0.006,0.06,0.032414,78.27,0.032,0.0,ETH-20SEP19-210-C,213.76,72.99,0.031,200.0,0.036,247.0,91.52,0.05745,-1.1986,0.00666,0.03122,0.63841
10697.96,SYN.BTC-27MAR20,1568804343217,open,0.59,0.1,0.53,0.6595,0.59478226,79.9,0.62,0.0,BTC-27MAR20-16000-P,10180.13,0.0,0.0005,5.0,0.0,0.0,0.0,28.40078,-5.94414,-70.1025,6e-05,-0.65829
214.32,ETH-27SEP19,1568804343219,open,0.0,839.0,0.001,0.011,0.0,110.0,0.001,0.0,ETH-27SEP19-60-P,213.76,0.0,0.0,0.0,0.001,200.0,353.19,0.0,0.0,0.0,0.0,0.0
214.32,ETH-27SEP19,1568804343217,open,0.01,3299.0,0.001,0.019,0.00591,89.83,0.008,0.0,ETH-27SEP19-260-C,213.76,81.91,0.004,700.0,0.008,500.0,97.19,0.05658,-0.28633,0.00465,0.00564,0.09522
214.32,ETH-27SEP19,1568804343221,open,0.0,8100.0,0.001,0.011,0.001045,93.37,0.001,0.0,ETH-27SEP19-160-P,213.76,0.0,0.0,0.0,0.002,200.0,104.15,0.01532,-0.08058,-0.00103,0.00147,-0.01875
214.32,ETH-27SEP19,1568804343223,open,1.59,24.0,1.537,1.693,1.612915,110.0,1.356,0.0,ETH-27SEP19-560-P,213.76,0.0,0.0,0.0,0.0,0.0,0.0,0.0,0.0,-0.13618,0.0,-1.0
214.32,ETH-27SEP19,1568804343225,open,0.0,11094.0,0.001,0.011,1.2e-05,110.0,0.001,0.0,ETH-27SEP19-120-P,213.76,0.0,0.0,0.0,0.001,300.0,170.08,0.00033,-0.00203,-1e-05,3e-05,-0.00026
214.32,ETH-27SEP19,1568804343242,open,0.17,1545.0,0.136,0.191,0.164194,79.36,0.169,0.0,ETH-27SEP19-180-C,213.76,0.0,0.16,40.0,0.179,32.0,127.15,0.04512,-0.20169,0.03989,0.00509,0.92951
214.32,ETH-27SEP19,1568804343242,open,0.13,2550.0,0.095,0.172,0.133335,81.02,0.322,0.0,ETH-27SEP19-240-P,213.76,0.0,0.053,5.0,0.88,5.0,500.0,0.09427,-0.43026,-0.04851,0.01042,-0.79747
214.32,ETH-27SEP19,1568804343246,open,0.17,0.0,0.136,0.216,0.175239,85.26,None,0.0,ETH-27SEP19-250-P,213.76,0.0,0.0,0.0,0.0,0.0,0.0,0.07347,-0.3529,-0.05408,0.00771,-0.86252
214.32,ETH-27SEP19,1568804343263,open,0.06,1573.0,0.03,0.096,0.062478,76.31,0.076,0.0,ETH-27SEP19-220-P,213.76,72.27,0.06,120.0,0.066,137.0,82.03,0.13163,-0.56582,-0.03263,0.01544,-0.56369
214.32,ETH-27SEP19,1568804343264,open,0.63,0.0,0.616,0.637,0.626726,110.0,None,0.0,ETH-27SEP19-80-C,213.76,0.0,0.004,5.0,0.0,0.0,0.0,0.0,0.0,0.01945,0.0,1.0
214.32,ETH-27SEP19,1568804343264,open,0.0,3123.0,0.001,0.013,0.003365,101.35,0.005,0.0,ETH-27SEP19-280-C,213.76,92.09,0.002,500.0,0.005,200.0,109.96,0.03634,-0.20748,0.00261,0.00321,0.05344
214.32,ETH-27SEP19,1568804343264,open,0.0,3828.0,0.001,0.011,0.0,109.99,0.001,0.0,ETH-27SEP19-560-C,213.76,0.0,0.0,0.0,0.001,329.0,240.78,0.0,0.0,0.0,0.0,0.0
218.92,ETH-27DEC19,1568804343264,open,1.36,37.0,1.309,1.467,1.384397,89.79,0.707,0.0,ETH-27DEC19-520-P,213.76,0.0,0.002,30.0,0.0,0.0,0.0,0.12561,-0.05647,-1.39597,0.00107,-0.94597
218.92,ETH-27DEC19,1568804343264,open,0.04,998.0,0.013,0.062,0.035511,83.86,0.038,0.0,ETH-27DEC19-360-C,213.76,82.0,0.033,516.0,0.039,220.0,86.35,0.3007,-0.12624,0.08667,0.00273,0.1802
214.32,ETH-27SEP19,1568804343264,open,0.0,3685.0,0.001,0.011,0.000686,110.0,0.001,0.0,ETH-27SEP19-320-C,213.76,0.0,0.0,0.0,0.003,500.0,136.58,0.01058,-0.06557,0.0006,0.00086,0.01219
218.92,ETH-27DEC19,1568804343264,open,0.39,2.0,0.353,0.409,0.38208,77.22,0.275,0.0,ETH-27DEC19-140-C,213.76,0.0,0.36,300.0,0.0,0.0,0.0,0.19403,-0.07501,0.31306,0.00192,0.90468
214.32,ETH-27SEP19,1568804343264,open,0.0,3439.0,0.001,0.011,0.0,110.0,0.001,0.0,ETH-27SEP19-680-C,213.76,0.0,0.0,0.0,0.002,300.0,303.73,0.0,0.0,0.0,0.0,0.0
214.32,ETH-27SEP19,1568804343264,open,0.0,2907.0,0.001,0.011,1e-06,110.0,0.001,0.0,ETH-27SEP19-440-C,213.76,0.0,0.0,0.0,0.001,194.0,188.85,3e-05,-0.00016,0.0,0.0,2e-05
214.32,ETH-27SEP19,1568804343264,open,0.66,233.0,0.631,0.732,0.679809,110.0,0.634,0.0,ETH-27SEP19-360-P,213.76,0.0,0.5,44.0,0.0,0.0,0.0,0.00178,-0.01104,-0.08746,0.00015,-0.99835
214.32,ETH-27SEP19,1568804343264,open,0.0,7916.0,0.001,0.011,0.0,110.0,0.001,0.0,ETH-27SEP19-760-C,213.76,0.0,0.0,0.0,0.002,400.0,327.43,0.0,0.0,0.0,0.0,0.0
214.32,ETH-27SEP19,1568804343264,open,1.4,12.0,1.356,1.501,1.426278,110.0,1.193,0.0,ETH-27SEP19-520-P,213.76,0.0,0.0,0.0,0.0,0.0,0.0,0.0,0.0,-0.12645,0.0,-1.0
214.32,ETH-27SEP19,1568804343264,open,0.45,116.0,0.423,0.456,0.440102,110.0,0.327,0.0,ETH-27SEP19-120-C,213.76,0.0,0.017,12.0,0.0,0.0,0.0,0.00033,-0.00203,0.02917,3e-05,0.99974
215.74,SYN.ETH-25OCT19,1568804343264,open,0.28,162.0,0.241,0.294,0.268538,74.86,0.167,0.0,ETH-25OCT19-160-C,213.76,50.33,0.26,123.0,0.279,123.0,93.04,0.10629,-0.1079,0.141,0.00302,0.91544
10307.77,SYN.BTC-25OCT19,1568804343264,open,0.01,283.1,0.0005,0.021,0.00845706,78.0,0.0095,0.0,BTC-25OCT19-15000-C,10180.13,77.04,0.008,1.5,0.009,42.0,79.1,4.9797,-5.26647,0.76981,6e-05,0.08238
10697.96,SYN.BTC-27MAR20,1568804343264,open,1.1,0.0,1.0375,1.1715,1.10170041,82.22,None,0.0,BTC-27MAR20-22000-P,10180.13,0.0,0.0,0.0,0.0,0.0,0.0,20.29941,-4.37181,-107.50932,4e-05,-0.82001
10697.96,SYN.BTC-27MAR20,1568804343264,open,1.63,0.0,1.574,1.715,1.6405226,84.21,None,0.0,BTC-27MAR20-28000-P,10180.13,0.0,0.0,0.0,0.0,0.0,0.0,13.68371,-3.01858,-142.06838,3e-05,-0.89892
218.92,ETH-27DEC19,1568804343267,open,0.47,2.0,0.439,0.482,0.460737,77.25,0.346,0.0,ETH-27DEC19-120-C,213.76,0.0,0.101,1.0,0.0,0.0,0.0,0.10957,-0.04237,0.29577,0.00108,0.95447
213.88,SYN.ETH-20SEP19,1568804343269,open,0.0,0.0,0.001,0.011,0.0,110.01,None,0.0,ETH-20SEP19-120-P,213.76,0.0,0.0,0.0,0.001,200.0,368.79,0.0,0.0,0.0,0.0,0.0
214.32,ETH-27SEP19,1568804343279,open,0.0,5974.0,0.001,0.011,0.0,110.01,0.001,0.0,ETH-27SEP19-100-P,213.76,0.0,0.0,0.0,0.001,200.0,218.19,0.0,-2e-05,0.0,0.0,0.0
218.92,ETH-27DEC19,1568804343279,open,0.22,2248.0,0.168,0.271,0.221182,77.7,0.212,0.0,ETH-27DEC19-240-P,213.76,75.22,0.216,327.0,0.224,240.0,79.05,0.45674,-0.17767,-0.4375,0.00448,-0.50915
213.88,SYN.ETH-20SEP19,1568804343279,open,0.01,138.0,0.001,0.039,0.014326,78.44,0.013,0.0,ETH-20SEP19-210-P,213.76,69.72,0.012,200.0,0.017,205.0,88.33,0.05746,-1.20149,-0.00413,0.03116,-0.36184
214.32,ETH-27SEP19,1568804343283,open,0.54,20.0,0.519,0.547,0.533408,110.0,0.441,0.0,ETH-27SEP19-100-C,213.76,0.0,0.011,15.0,0.0,0.0,0.0,0.0,-3e-05,0.02432,0.0,1.0
214.32,ETH-27SEP19,1568804343283,open,1.77,27.0,1.718,1.886,1.799552,110.0,1.044,0.0,ETH-27SEP19-600-P,213.76,0.0,0.0,0.0,0.0,0.0,0.0,0.0,0.0,-0.1459,0.0,-1.0
218.92,ETH-27DEC19,1568804343283,open,0.04,6038.0,0.02,0.068,0.042807,77.25,0.033,0.0,ETH-27DEC19-160-P,213.76,71.88,0.036,264.0,0.04,260.0,75.06,0.28321,-0.10952,-0.12392,0.0028,-0.16405
10191.04,SYN.BTC-20SEP19,1568804343283,open,0.0,120.8,0.0005,0.011,0.00126871,83.51,0.0015,0.0,BTC-20SEP19-9250-P,10180.13,79.62,0.001,0.1,0.0015,8.5,86.52,0.74916,-12.92947,-0.02666,0.00017,-0.04964
218.92,ETH-27DEC19,1568804343285,open,0.02,1251.0,0.005,0.037,0.017552,87.43,0.012,0.0,ETH-27DEC19-440-C,213.76,84.48,0.015,760.0,0.02,220.0,90.06,0.19684,-0.08615,0.04771,0.00172,0.0972
214.32,ETH-27SEP19,1568804343287,open,0.0,3419.0,0.001,0.011,0.0,110.0,0.001,0.0,ETH-27SEP19-640-C,213.76,0.0,0.0,0.0,0.001,237.0,268.56,0.0,0.0,0.0,0.0,0.0
214.32,ETH-27SEP19,1568804343289,open,0.0,2060.0,0.001,0.011,0.0,110.01,0.003,0.0,ETH-27SEP19-80-P,213.76,0.0,0.0,0.0,0.001,210.0,276.96,0.0,0.0,0.0,0.0,0.0
218.92,ETH-27DEC19,1568804343289,open,0.01,12365.0,0.001,0.015,0.005466,92.94,0.005,0.0,ETH-27DEC19-600-C,213.76,88.81,0.004,200.0,0.007,200.0,96.57,0.08551,-0.03979,0.01684,0.0007,0.03357
214.32,ETH-27SEP19,1568804343289,open,2.33,0.0,2.262,2.463,2.359462,110.02,None,0.0,ETH-27SEP19-720-P,213.76,0.0,0.0,0.0,0.0,0.0,0.0,0.0,0.0,-0.17508,0.0,-1.0
214.32,ETH-27SEP19,1568804343322,open,0.3,730.0,0.269,0.354,0.309823,101.35,0.533,0.0,ETH-27SEP19-280-P,213.76,0.0,0.003,2.0,0.9,5.0,500.0,0.03634,-0.20748,-0.06548,0.00321,-0.94656
214.32,ETH-27SEP19,1568804343322,open,1.96,0.0,1.9,2.078,1.986189,110.0,None,0.0,ETH-27SEP19-640-P,213.76,0.0,0.0,0.0,0.0,0.0,0.0,0.0,0.0,-0.15563,0.0,-1.0
214.32,ETH-27SEP19,1568804343322,open,0.72,0.0,0.711,0.73,0.720032,0.0,0.01,0.0,ETH-27SEP19-60-C,213.76,0.0,0.003,10.0,0.0,0.0,0.0,0.0,0.0,0.01459,0.0,1.0
214.32,ETH-27SEP19,1568804343322,open,0.0,11604.0,0.001,0.011,0.000293,110.01,0.002,0.0,ETH-27SEP19-140-P,213.76,0.0,0.0,0.0,0.002,300.0,143.81,0.00493,-0.03056,-0.00028,0.0004,-0.00511
214.32,ETH-27SEP19,1568804343323,open,0.0,2663.0,0.001,0.011,0.000236,110.0,0.001,0.0,ETH-27SEP19-340-C,213.76,0.0,0.0,0.0,0.002,200.0,143.37,0.00449,-0.0278,0.00023,0.00037,0.0046
214.32,ETH-27SEP19,1568804343323,open,0.0,2698.0,0.001,0.011,0.0,110.0,0.001,0.0,ETH-27SEP19-720-C,213.76,0.0,0.0,0.0,0.001,259.0,292.56,0.0,0.0,0.0,0.0,0.0
218.92,ETH-27DEC19,1568804343323,open,0.01,7005.0,0.001,0.022,0.009098,89.79,0.006,0.0,ETH-27DEC19-520-C,213.76,85.84,0.007,740.0,0.011,200.0,92.92,0.12559,-0.05646,0.02691,0.00107,0.05402
214.32,ETH-27SEP19,1568804343323,open,0.0,5797.0,0.001,0.014,0.00406,79.36,0.002,0.0,ETH-27SEP19-180-P,213.76,79.07,0.004,200.0,0.006,500.0,87.73,0.04512,-0.20169,-0.00389,0.00509,-0.07049
214.32,ETH-27SEP19,1568804343325,open,2.51,0.0,2.443,2.655,2.546265,257.68,None,0.0,ETH-27SEP19-760-P,213.76,0.0,0.0,0.0,0.0,0.0,0.0,0.00172,-0.025,-0.18473,6e-05,-0.99841
218.92,ETH-27DEC19,1568804343325,open,0.35,432.0,0.301,0.419,0.361479,81.04,0.66,0.0,ETH-27DEC19-280-P,213.76,62.55,0.327,240.0,1.0,1.0,442.15,0.42686,-0.17319,-0.60217,0.00402,-0.64375
218.92,ETH-27DEC19,1568804343327,open,0.32,157.0,0.276,0.344,0.311947,77.25,0.239,0.0,ETH-27DEC19-160-C,213.76,65.93,0.298,146.0,0.319,146.0,82.6,0.28321,-0.10952,0.3139,0.0028,0.83595
214.32,ETH-27SEP19,1568804343327,open,0.21,1241.0,0.18,0.261,0.219049,89.83,0.426,0.0,ETH-27SEP19-260-P,213.76,0.0,0.18,2.0,0.0,0.0,0.0,0.05658,-0.28633,-0.05857,0.00564,-0.90478
214.32,ETH-27SEP19,1568804343327,open,1.22,0.0,1.175,1.308,1.239642,110.0,None,0.0,ETH-27SEP19-480-P,213.76,0.0,0.0,0.0,0.0,0.0,0.0,0.0,-2e-05,-0.11672,0.0,-1.0
214.32,ETH-27SEP19,1568804343328,open,2.14,0.0,2.081,2.27,2.172826,110.0,None,0.0,ETH-27SEP19-680-P,213.76,0.0,0.0,0.0,0.0,0.0,0.0,0.0,0.0,-0.16536,0.0,-1.0
214.32,ETH-27SEP19,1568804343329,open,0.0,5725.0,0.001,0.011,8e-06,110.0,0.001,0.0,ETH-27SEP19-400-C,213.76,0.0,0.0,0.0,0.001,105.0,167.57,0.00024,-0.0015,1e-05,2e-05,0.00019
214.32,ETH-27SEP19,1568804343329,open,0.0,1897.0,0.001,0.011,2.5e-05,109.99,0.001,0.0,ETH-27SEP19-380-C,213.76,0.0,0.0,0.0,0.002,500.0,171.04,0.00067,-0.00416,3e-05,5e-05,0.00057
214.32,ETH-27SEP19,1568804343329,open,0.0,2951.0,0.001,0.011,7.8e-05,109.99,0.006,0.0,ETH-27SEP19-360-C,213.76,0.0,0.0,0.0,0.002,500.0,157.71,0.00178,-0.01103,8e-05,0.00014,0.00165
221.21,SYN.ETH-27MAR20,1568804343327,open,0.87,0.0,0.805,0.974,0.88924,88.96,None,0.0,ETH-27MAR20-400-P,213.76,0.0,0.001,11.0,1.14,3.0,179.0,0.53334,-0.12429,-1.86788,0.00234,-0.72545
218.92,ETH-27DEC19,1568804343338,open,0.02,3031.0,0.008,0.039,0.021606,77.25,0.016,0.0,ETH-27DEC19-140-P,213.76,70.56,0.016,298.0,0.02,260.0,75.41,0.19411,-0.07507,-0.07007,0.00192,-0.09537
215.74,SYN.ETH-25OCT19,1568804343338,open,0.01,1182.0,0.001,0.022,0.010221,74.93,0.007,0.0,ETH-25OCT19-160-P,213.76,70.19,0.008,540.0,0.012,540.0,78.41,0.10645,-0.10815,-0.02069,0.00302,-0.08473
10191.04,SYN.BTC-20SEP19,1568804343356,open,0.17,10.0,0.1545,0.2045,0.17797567,106.25,0.161,0.0,BTC-20SEP19-12000-P,10180.13,0.0,0.0,0.0,0.0,0.0,0.0,0.31649,-8.96372,-0.60772,6e-05,-0.98245
214.32,ETH-27SEP19,1568804343360,open,0.25,0.0,0.224,0.307,0.264082,95.18,None,0.0,ETH-27SEP19-270-P,213.76,0.0,0.0,0.0,0.0,0.0,0.0,0.04448,-0.23849,-0.06227,0.00418,-0.9308
10307.76,SYN.BTC-25OCT19,1568804343367,open,0.42,8.3,0.4065,0.4325,0.41916802,80.98,0.431,0.0,BTC-25OCT19-6000-C,10180.13,0.0,0.41,8.0,0.4315,8.0,129.32,1.08501,-1.19137,5.915,1e-05,0.98716
10307.76,SYN.BTC-25OCT19,1568804343399,open,0.0,844.1,0.0005,0.013,0.00321482,80.89,0.003,0.0,BTC-25OCT19-17000-C,10180.13,77.71,0.0025,10.0,0.0035,4.4,82.03,2.50613,-2.74855,0.32654,3e-05,0.03457
221.21,SYN.ETH-27MAR20,1568804343410,open,0.07,402.0,0.029,0.104,0.065122,89.47,0.056,0.0,ETH-27MAR20-440-C,213.76,87.57,0.061,252.0,0.07,498.0,91.67,0.48558,-0.11381,0.19058,0.00212,0.22987
215.74,SYN.ETH-25OCT19,1568804343410,open,0.2,472.0,0.159,0.223,0.193242,74.56,0.147,0.0,ETH-25OCT19-180-C,213.76,69.52,0.189,240.0,0.201,368.0,83.33,0.18531,-0.18735,0.1347,0.00529,0.81128
213.88,SYN.ETH-20SEP19,1568804343416,open,0.02,171.0,0.001,0.033,0.0113,78.65,0.015,0.0,ETH-20SEP19-220-C,213.76,69.51,0.009,200.0,0.014,370.0,89.06,0.05471,-1.1471,0.00337,0.02959,0.31835
10191.04,SYN.BTC-20SEP19,1568804343416,open,0.27,0.0,0.2495,0.2785,0.26405205,0.0,None,0.0,BTC-20SEP19-7500-C,10180.13,0.0,0.254,6.0,0.2765,6.0,358.2,0.0,0.0,0.38542,0.0,1.0
10231.74,BTC-27SEP19,1568804343420,open,0.11,2.8,0.084,0.142,0.1127337,72.36,0.129,0.0,BTC-27SEP19-11250-P,10180.13,50.17,0.104,8.2,0.1215,8.0,90.22,4.67948,-19.07395,-2.23014,0.00025,-0.78361
10191.04,SYN.BTC-20SEP19,1568804343431,open,0.04,93.0,0.0145,0.0625,0.03844971,67.83,0.036,0.0,BTC-20SEP19-10500-P,10180.13,57.28,0.036,0.6,0.039,8.6,70.11,2.44905,-44.28225,-0.39845,0.00068,-0.72237
10231.74,BTC-27SEP19,1568804343442,open,0.11,1.0,0.082,0.129,0.1060764,70.42,0.115,0.0,BTC-27SEP19-9250-C,10180.13,64.87,0.104,6.0,0.108,6.0,75.26,3.96324,-15.7231,1.81318,0.00022,0.83483
215.74,SYN.ETH-25OCT19,1568804343478,open,0.03,369.0,0.01,0.049,0.027636,74.61,0.027,0.0,ETH-25OCT19-180-P,213.76,71.5,0.025,240.0,0.03,627.0,77.33,0.18537,-0.18753,-0.04718,0.00528,-0.18883
10191.04,SYN.BTC-20SEP19,1568804343511,open,0.0,123.9,0.0005,0.0105,5.8e-07,110.0,0.001,0.0,BTC-20SEP19-14000-C,10180.13,0.0,0.0,0.0,0.001,10.0,206.86,0.00103,-0.00596,2e-05,0.0,3e-05
218.92,ETH-27DEC19,1568804343531,open,0.16,1792.0,0.113,0.197,0.15804,77.24,0.158,0.0,ETH-27DEC19-220-C,213.76,75.76,0.155,200.0,0.164,444.0,80.15,0.4487,-0.1735,0.24994,0.00443,0.57528
10191.04,SYN.BTC-20SEP19,1568804343555,open,0.0,134.3,0.0005,0.0105,0.00073022,92.38,0.0005,0.0,BTC-20SEP19-9000-P,10180.13,86.81,0.0005,1.5,0.001,8.5,97.68,0.4704,-7.44166,-0.01508,0.0001,-0.02807
221.21,SYN.ETH-27MAR20,1568804343558,open,0.06,431.0,0.023,0.091,0.055104,91.08,0.051,0.0,ETH-27MAR20-480-C,213.76,89.52,0.052,2.0,0.059,487.0,92.98,0.44585,-0.10637,0.16591,0.00191,0.19852
10697.95,SYN.BTC-27MAR20,1568804343565,open,2.0,0.0,1.9375,2.0865,2.00767005,86.16,None,0.0,BTC-27MAR20-32000-P,10180.13,0.0,0.001,1.1,0.0,0.0,0.0,10.83208,-2.44465,-164.12678,2e-05,-0.92607
10191.04,SYN.BTC-20SEP19,1568804343570,open,0.0,305.8,0.0005,0.011,0.00130906,83.71,0.0015,0.0,BTC-20SEP19-11250-C,10180.13,86.09,0.0015,1.4,0.002,30.6,91.64,0.78804,-13.34068,0.02702,0.00018,0.0529
10231.74,BTC-27SEP19,1568804343599,open,0.06,161.2,0.031,0.085,0.05789083,69.11,0.057,0.0,BTC-27SEP19-10500-P,10180.13,66.01,0.056,24.6,0.059,6.7,70.92,6.25574,-24.35334,-1.5719,0.00036,-0.57389
218.92,ETH-27DEC19,1568804343606,open,0.16,2507.0,0.115,0.208,0.163019,77.26,0.154,0.0,ETH-27DEC19-220-P,213.76,75.79,0.16,200.0,0.165,240.0,78.23,0.44869,-0.17355,-0.35206,0.00443,-0.42469
10307.76,SYN.BTC-25OCT19,1568804343645,open,0.46,0.0,0.4295,0.5015,0.4636841,78.02,None,0.0,BTC-25OCT19-15000-P,10180.13,0.0,0.0,0.0,0.0,0.0,0.0,4.98351,-5.27228,-14.38384,6e-05,-0.91754
10697.95,SYN.BTC-27MAR20,1568804343656,open,0.03,107.7,0.0145,0.054,0.03217513,77.58,0.034,0.0,BTC-27MAR20-6000-P,10180.13,75.35,0.0295,28.0,0.0345,13.0,79.46,13.06274,-2.6545,-7.10764,3e-05,-0.09487
215.74,SYN.ETH-25OCT19,1568804343666,open,0.0,921.0,0.001,0.012,0.002986,76.74,0.002,0.0,ETH-25OCT19-140-P,213.76,64.16,0.001,147.0,0.005,460.0,84.93,0.04544,-0.04728,-0.00698,0.00126,-0.02906
10307.76,SYN.BTC-25OCT19,1568804343676,open,0.07,131.9,0.0355,0.0905,0.06298163,70.92,0.062,0.0,BTC-25OCT19-11000-C,10180.13,68.53,0.06,24.4,0.064,5.6,71.73,12.87059,-12.3759,3.82503,0.00017,0.43028
215.74,SYN.ETH-25OCT19,1568804343673,open,0.0,921.0,0.001,0.012,0.002986,76.74,0.002,0.0,ETH-25OCT19-140-P,213.76,64.16,0.001,387.0,0.005,460.0,84.93,0.04544,-0.04728,-0.00698,0.00126,-0.02906
10307.76,SYN.BTC-25OCT19,1568804343680,open,0.0,269.1,0.0005,0.011,0.00125883,81.03,0.0015,0.0,BTC-25OCT19-6000-P,10180.13,71.56,0.0005,93.0,0.002,42.0,87.04,1.08786,-1.1952,-0.14722,1e-05,-0.01288
215.74,SYN.ETH-25OCT19,1568804343689,open,0.09,241.0,0.052,0.117,0.085679,74.55,0.092,0.0,ETH-25OCT19-220-C,213.76,71.64,0.082,616.0,0.089,416.0,77.17,0.27339,-0.27633,0.09342,0.0078,0.5143
10697.95,SYN.BTC-27MAR20,1568804343705,open,0.07,105.2,0.037,0.1155,0.07420283,80.28,0.0735,0.0,BTC-27MAR20-18000-C,10180.13,79.35,0.072,4.9,0.0765,10.2,81.23,25.6851,-5.40112,11.0791,5e-05,0.27224
221.21,SYN.ETH-27MAR20,1568804343725,open,0.05,388.0,0.018,0.08,0.046349,92.09,0.047,0.0,ETH-27MAR20-520-C,213.76,90.24,0.043,232.0,0.05,494.0,94.05,0.40624,-0.098,0.14413,0.00172,0.17094
213.88,SYN.ETH-20SEP19,1568804343730,open,0.07,0.0,0.045,0.114,0.078858,84.19,None,0.0,ETH-20SEP19-230-P,213.76,0.0,0.074,40.0,0.084,40.0,113.73,0.03071,-0.68911,-0.01054,0.01552,-0.8798
10231.74,BTC-27SEP19,1568804343742,open,0.01,24.7,0.0005,0.0255,0.01013391,70.44,0.01,0.0,BTC-27SEP19-9250-P,10180.13,67.46,0.009,51.6,0.01,1.4,70.1,3.96421,-15.73155,-0.43632,0.00022,-0.16523
10191.04,SYN.BTC-20SEP19,1568804343758,open,0.0,11.5,0.0005,0.0105,7e-08,110.0,0.0005,0.0,BTC-20SEP19-14500-C,10180.13,0.0,0.0,0.0,0.0005,19.0,206.22,0.00016,-0.00076,0.0,0.0,0.0
10191.04,SYN.BTC-20SEP19,1568804343772,open,0.0,152.5,0.0005,0.0105,0.0001319,109.99,0.0005,0.0,BTC-20SEP19-12500-C,10180.13,0.0,0.0,0.0,0.001,42.5,143.38,0.11272,-1.34423,0.00275,2e-05,0.00538
215.74,SYN.ETH-25OCT19,1568804343774,open,0.1,0.0,0.068,0.142,0.105493,74.58,None,0.0,ETH-25OCT19-220-P,213.76,71.04,0.101,574.0,0.109,374.0,77.35,0.27338,-0.27647,-0.12884,0.0078,-0.48566
10697.95,SYN.BTC-27MAR20,1568804343785,open,0.04,55.6,0.0125,0.0675,0.03588461,82.98,0.04,0.0,BTC-27MAR20-24000-C,10180.13,82.14,0.0345,6.0,0.0375,10.2,83.94,17.84867,-3.87953,6.25288,4e-05,0.14765
10697.95,SYN.BTC-27MAR20,1568804343788,open,0.02,45.2,0.005,0.043,0.01950277,85.28,0.02,0.0,BTC-27MAR20-30000-C,10180.13,83.93,0.018,6.0,0.021,10.2,86.56,12.17787,-2.7203,3.73802,2e-05,0.08632
221.21,SYN.ETH-27MAR20,1568804343809,open,1.38,0.0,1.305,1.494,1.397167,92.15,None,0.0,ETH-27MAR20-520-P,213.76,0.0,0.005,10.0,0.0,0.0,0.0,0.40664,-0.09816,-2.57502,0.00172,-0.8288
10191.04,SYN.BTC-20SEP19,1568804343833,open,0.0,367.6,0.0005,0.012,0.00186488,74.15,0.002,0.0,BTC-20SEP19-11000-C,10180.13,75.41,0.002,1.0,0.0025,10.7,79.73,1.07787,-19.0051,0.0405,0.00027,0.0792
215.74,SYN.ETH-25OCT19,1568804343843,open,0.02,2368.0,0.007,0.042,0.022201,79.2,0.025,0.0,ETH-25OCT19-280-C,213.76,76.53,0.02,225.0,0.025,500.0,82.47,0.18084,-0.19421,0.03471,0.00486,0.18146
215.74,SYN.ETH-25OCT19,1568804343852,open,0.06,109.0,0.027,0.083,0.054905,75.94,0.06,0.0,ETH-25OCT19-240-C,213.76,73.52,0.052,220.0,0.058,438.0,78.5,0.25983,-0.26755,0.06958,0.00728,0.37415
10697.95,SYN.BTC-27MAR20,1568804343877,open,0.3,47.1,0.2435,0.359,0.30242087,78.43,0.299,0.0,BTC-27MAR20-12000-P,10180.13,77.76,0.3005,1.0,0.31,8.6,81.07,30.76181,-6.32003,-43.08341,7e-05,-0.46769
10307.76,SYN.BTC-25OCT19,1568804343880,open,0.65,0.0,0.6175,0.691,0.65247212,80.94,None,0.0,BTC-25OCT19-17000-P,10180.13,0.0,0.0,0.0,0.0,0.0,0.0,2.51304,-2.75814,-16.84738,3e-05,-0.96531
10191.04,SYN.BTC-20SEP19,1568804343888,open,0.37,0.0,0.347,0.4015,0.37377156,135.26,None,0.0,BTC-20SEP19-14000-P,10180.13,0.0,0.001,1.0,0.0,0.0,0.0,0.016,-0.57695,-0.71912,0.0,-0.99937
221.21,SYN.ETH-27MAR20,1568804343894,open,0.04,364.0,0.014,0.072,0.039829,93.31,0.04,0.0,ETH-27MAR20-560-C,213.76,91.6,0.037,240.0,0.043,500.0,95.17,0.37196,-0.09092,0.12674,0.00156,0.14939
10191.04,SYN.BTC-20SEP19,1568804343910,open,0.0,8.0,0.0005,0.0105,7.9e-07,110.0,0.0005,0.0,BTC-20SEP19-7500-P,10180.13,0.0,0.0,0.0,0.0005,19.0,190.39,0.0013,-0.00804,-2e-05,0.0,-4e-05
215.74,SYN.ETH-25OCT19,1568804343922,open,0.16,0.0,0.124,0.21,0.167431,75.98,None,0.0,ETH-25OCT19-240-P,213.76,71.45,0.162,200.0,0.173,97.0,80.58,0.25986,-0.26773,-0.17287,0.00727,-0.62573
218.92,ETH-27DEC19,1568804343934,open,0.43,0.0,0.374,0.496,0.43552,81.12,None,0.0,ETH-27DEC19-300-P,213.76,58.25,0.398,240.0,1.357,1.0,500.0,0.39692,-0.1612,-0.68145,0.00373,-0.70206
215.74,SYN.ETH-25OCT19,1568804343948,open,0.31,3.0,0.273,0.368,0.320148,79.28,0.645,0.0,ETH-25OCT19-280-P,213.76,0.0,0.0,0.0,0.0,0.0,0.0,0.18102,-0.19457,-0.24812,0.00486,-0.81827
221.21,SYN.ETH-27MAR20,1568804343975,open,1.55,0.0,1.476,1.673,1.57148,93.38,None,0.0,ETH-27MAR20-560-P,213.76,0.0,0.01,10.0,0.0,0.0,0.0,0.37245,-0.09111,-2.80156,0.00156,-0.85032
10307.76,SYN.BTC-25OCT19,1568804343980,open,0.33,2.0,0.3085,0.3435,0.32559066,76.38,0.3455,0.0,BTC-25OCT19-7000-C,10180.13,44.1,0.321,7.0,0.342,7.0,113.15,3.00147,-3.10849,6.57398,4e-05,0.95686
10307.76,SYN.BTC-25OCT19,1568804343982,open,0.13,21.2,0.0955,0.164,0.13014812,70.92,0.126,0.0,BTC-25OCT19-11000-P,10180.13,67.19,0.1255,14.4,0.1305,6.5,71.21,12.87068,-12.3773,-7.28811,0.00017,-0.5697
215.74,SYN.ETH-25OCT19,1568804344000,open,0.04,537.0,0.013,0.059,0.034658,77.31,0.035,0.0,ETH-25OCT19-260-C,213.76,74.72,0.032,220.0,0.038,493.0,80.5,0.22339,-0.23417,0.04959,0.00614,0.26219
10191.04,SYN.BTC-20SEP19,1568804344000,open,0.1,2.0,0.0825,0.1305,0.10523216,83.87,0.1015,0.0,BTC-20SEP19-11250-P,10180.13,0.0,0.0935,4.0,0.122,4.2,183.64,0.79209,-17.7094,-0.55093,0.00018,-0.94675
218.92,ETH-27DEC19,1568804344014,open,0.05,996.0,0.018,0.072,0.043221,82.99,0.04,0.0,ETH-27DEC19-340-C,213.76,80.84,0.04,507.0,0.047,220.0,85.44,0.33252,-0.13815,0.10153,0.00306,0.21271
10231.74,BTC-27SEP19,1568804344063,open,0.07,17.3,0.043,0.0935,0.06935464,68.61,0.0775,0.0,BTC-27SEP19-9750-C,10180.13,65.2,0.0675,5.7,0.0705,5.0,70.69,5.60523,-21.6634,1.55158,0.00032,0.69297
10697.95,SYN.BTC-27MAR20,1568804344063,open,0.01,21.6,0.003,0.033,0.01348218,86.42,0.0155,0.0,BTC-27MAR20-34000-C,10180.13,84.68,0.012,6.0,0.015,10.0,88.08,9.45981,-2.14141,2.71662,2e-05,0.06204
215.74,SYN.ETH-25OCT19,1568804344069,open,0.23,3.0,0.194,0.285,0.239894,77.37,0.534,0.0,ETH-25OCT19-260-P,213.76,0.0,0.0,0.0,0.0,0.0,0.0,0.22347,-0.23443,-0.21305,0.00614,-0.73761
221.21,SYN.ETH-27MAR20,1568804344072,open,0.03,3934.0,0.011,0.062,0.033177,93.55,0.033,0.0,ETH-27MAR20-600-C,213.76,92.77,0.032,40.0,0.035,1.0,94.74,0.33451,-0.08198,0.10952,0.0014,0.12785
218.92,ETH-27DEC19,1568804344082,open,0.59,0.0,0.532,0.661,0.596371,83.03,None,0.0,ETH-27DEC19-340-P,213.76,0.0,0.0,0.0,0.0,0.0,0.0,0.33271,-0.1383,-0.82874,0.00306,-0.78709
10231.74,BTC-27SEP19,1568804344087,open,0.01,296.5,0.0005,0.0255,0.00988026,73.85,0.011,0.0,BTC-27SEP19-11500-C,10180.13,71.58,0.009,24.1,0.0105,5.6,75.41,4.02621,-16.75003,0.39654,0.00021,0.16926
10191.04,SYN.BTC-20SEP19,1568804344098,open,0.0,139.8,0.0005,0.0185,0.00453078,66.96,0.0045,0.0,BTC-20SEP19-9750-P,10180.13,61.09,0.0035,27.0,0.0055,46.4,72.11,1.86374,-33.26868,-0.09254,0.00052,-0.17217
10478.74,BTC-27DEC19,1568804344113,open,0.25,87.4,0.1995,0.2945,0.24774534,74.34,0.233,0.0,BTC-27DEC19-12000-P,10180.13,72.52,0.244,14.4,0.2505,5.3,75.67,21.60936,-8.04213,-23.19674,0.0001,-0.56126
10231.74,BTC-27SEP19,1568804344113,open,0.0,438.2,0.0005,0.0105,0.0,110.0,0.0005,0.0,BTC-27SEP19-28000-C,10180.13,0.0,0.0,0.0,0.0005,8.0,233.12,0.0,0.0,0.0,0.0,0.0
10478.74,BTC-27DEC19,1568804344113,open,0.0,572.0,0.0005,0.012,0.0023421,85.56,0.003,0.0,BTC-27DEC19-30000-C,10180.13,81.07,0.0015,62.0,0.003,4.2,88.33,2.27966,-0.97641,0.41258,1e-05,0.01673
10231.74,BTC-27SEP19,1568804344113,open,0.46,221.9,0.4515,0.473,0.46246314,112.13,0.446,0.0,BTC-27SEP19-5500-C,10180.13,0.0,0.454,13.0,0.4715,13.0,267.35,0.00853,-0.05385,1.33708,0.0,0.99986
10231.74,BTC-27SEP19,1568804344113,open,0.01,1252.2,0.0005,0.0175,0.00544214,76.52,0.0055,0.0,BTC-27SEP19-12000-C,10180.13,74.89,0.005,32.3,0.006,5.0,78.5,2.81931,-12.15376,0.2376,0.00014,0.10094
10478.74,BTC-27DEC19,1568804344113,open,0.02,283.3,0.0055,0.031,0.0158339,74.11,0.016,0.0,BTC-27DEC19-6500-P,10180.13,72.31,0.0145,35.0,0.0165,24.0,74.98,7.91412,-2.93606,-2.66105,4e-05,-0.07697
10478.74,BTC-27DEC19,1568804344113,open,0.1,420.3,0.0645,0.1395,0.10257277,74.34,0.102,0.0,BTC-27DEC19-12000-C,10180.13,73.09,0.1,16.0,0.105,12.9,75.52,21.6094,-8.04232,9.63914,0.0001,0.43875
10478.74,BTC-27DEC19,1568804344113,open,0.36,50.4,0.331,0.3805,0.35568361,73.68,0.3615,0.0,BTC-27DEC19-7000-C,10180.13,68.09,0.3505,12.0,0.3635,12.0,81.36,10.14352,-3.74138,15.38991,5e-05,0.89242
10231.74,BTC-27SEP19,1568804344116,open,0.0,1107.7,0.0005,0.0105,0.0,110.0,0.001,0.0,BTC-27SEP19-4250-P,10180.13,0.0,0.0,0.0,0.0005,8.0,228.24,1e-05,-3e-05,0.0,0.0,0.0
10231.74,BTC-27SEP19,1568804344116,open,0.0,300.4,0.0005,0.0105,2e-08,110.0,0.0005,0.0,BTC-27SEP19-24000-C,10180.13,0.0,0.0,0.0,0.0005,8.0,202.19,4e-05,-0.00017,0.0,0.0,0.0
10231.74,BTC-27SEP19,1568804344116,open,0.0,761.0,0.0005,0.0105,0.0,110.0,0.0005,0.0,BTC-27SEP19-32000-C,10180.13,0.0,0.0,0.0,0.0005,8.0,259.29,0.0,0.0,0.0,0.0,0.0
10478.74,BTC-27DEC19,1568804344121,open,1.48,0.0,1.4335,1.544,1.48601951,84.03,None,0.0,BTC-27DEC19-26000-P,10180.13,0.0,0.0045,10.0,2.1915,0.2,500.0,3.96744,-1.66898,-70.35519,2e-05,-0.96767
10231.74,BTC-27SEP19,1568804344125,open,0.63,0.0,0.6235,0.643,0.6334902,0.0,None,0.0,BTC-27SEP19-3750-C,10180.13,0.0,0.6255,1.0,0.642,1.0,402.23,0.0,0.0,0.91189,0.0,1.0
10231.74,BTC-27SEP19,1568804344125,open,2.12,0.0,2.0665,2.191,2.1275503,206.29,None,0.0,BTC-27SEP19-32000-P,10180.13,0.0,0.0,0.0,0.0,0.0,0.0,0.02077,-0.24137,-7.78061,0.0,-0.99964
10231.74,BTC-27SEP19,1568804344131,open,0.0,1660.1,0.0005,0.0105,0.0,110.0,0.0005,0.0,BTC-27SEP19-1500-P,10180.13,0.0,0.0,0.0,0.0005,105.1,486.72,0.0,0.0,0.0,0.0,0.0
10697.95,SYN.BTC-27MAR20,1568804344133,open,0.34,17.0,0.302,0.38,0.34256492,77.08,0.371,0.0,BTC-27MAR20-8000-C,10180.13,61.09,0.31,7.0,0.3455,7.0,78.48,22.40985,-4.52463,24.92903,5e-05,0.78817
10478.74,BTC-27DEC19,1568804344136,open,1.86,0.2,1.8075,1.9285,1.86530615,85.67,2.03,0.0,BTC-27DEC19-30000-P,10180.13,0.0,0.001,1.0,0.0,0.0,0.0,2.29601,-0.9847,-81.67371,1e-05,-0.98313
10231.74,BTC-27SEP19,1568804344146,open,0.0,422.0,0.0005,0.0105,0.0,110.0,0.0005,0.0,BTC-27SEP19-3500-P,10180.13,0.0,0.0,0.0,0.0005,39.0,275.59,0.0,0.0,0.0,0.0,0.0
10231.74,BTC-27SEP19,1568804344148,open,0.75,1.0,0.725,0.7955,0.75927666,113.58,0.575,0.0,BTC-27SEP19-18000-P,10180.13,0.0,0.0045,0.3,0.0,0.0,0.0,0.05198,-0.33256,-4.37477,0.0,-0.99904
10231.74,BTC-27SEP19,1568804344148,open,0.17,4.1,0.153,0.192,0.17218168,77.21,0.169,0.0,BTC-27SEP19-8500-C,10180.13,0.0,0.1645,10.0,0.18,11.1,108.84,1.76907,-7.69487,1.92338,9e-05,0.94523
10231.74,BTC-27SEP19,1568804344151,open,0.0,484.6,0.0005,0.0105,0.0,110.0,0.0005,0.0,BTC-27SEP19-4000-P,10180.13,0.0,0.0,0.0,0.0005,40.0,243.01,0.0,0.0,0.0,0.0,0.0
10231.74,BTC-27SEP19,1568804344151,open,0.54,13.5,0.526,0.5455,0.53575979,126.05,0.382,0.0,BTC-27SEP19-4750-C,10180.13,0.0,0.5275,1.0,0.544,14.0,314.4,0.00212,-0.01504,1.15497,0.0,0.99997
10231.74,BTC-27SEP19,1568804344153,open,0.61,227.5,0.5995,0.619,0.60905621,0.0,0.606,0.0,BTC-27SEP19-4000-C,10180.13,0.0,0.601,1.0,0.6175,1.0,378.12,0.0,0.0,0.97268,0.0,1.0
218.92,ETH-27DEC19,1568804344158,open,0.03,491.0,0.01,0.054,0.029581,84.87,0.028,0.0,ETH-27DEC19-380-C,213.76,82.75,0.027,524.0,0.033,220.0,87.57,0.27152,-0.11537,0.07443,0.00244,0.15384
10478.74,BTC-27DEC19,1568804344176,open,0.32,111.9,0.271,0.3695,0.32060708,75.44,0.358,0.0,BTC-27DEC19-13000-P,10180.13,0.0,0.006,3.0,0.3415,8.0,85.92,20.57537,-7.77058,-27.44247,9e-05,-0.63647
10231.74,BTC-27SEP19,1568804344176,open,0.02,1145.0,0.0035,0.0365,0.01745681,70.52,0.0175,0.0,BTC-27SEP19-11000-C,10180.13,68.67,0.0165,34.3,0.018,0.3,71.57,5.30588,-21.07874,0.63612,0.0003,0.27313
10231.74,BTC-27SEP19,1568804344176,open,0.0,1551.1,0.0005,0.011,0.0014805,85.33,0.0015,0.0,BTC-27SEP19-8000-P,10180.13,79.91,0.001,50.0,0.0015,8.0,85.53,1.01616,-4.88479,-0.07262,5e-05,-0.02771
10478.74,BTC-27DEC19,1568804344176,open,0.0,326.0,0.0005,0.0115,0.0017699,86.81,0.0015,0.0,BTC-27DEC19-32000-C,10180.13,81.43,0.001,69.0,0.0025,45.3,90.53,1.81421,-0.78847,0.31714,1e-05,0.01283
10231.74,BTC-27SEP19,1568804344176,open,0.03,1081.5,0.011,0.055,0.03181918,68.61,0.0305,0.0,BTC-27SEP19-10000-P,10180.13,66.41,0.0305,5.4,0.033,18.7,70.58,6.14133,-23.7378,-1.0607,0.00035,-0.3945
10478.74,BTC-27DEC19,1568804344176,open,0.05,466.7,0.022,0.08,0.04899333,77.22,0.048,0.0,BTC-27DEC19-15000-C,10180.13,76.61,0.048,0.9,0.05,19.3,77.83,17.28166,-6.68045,5.65817,7e-05,0.24633
10478.74,BTC-27DEC19,1568804344176,open,0.04,279.6,0.015,0.066,0.03781288,77.47,0.038,0.0,BTC-27DEC19-16000-C,10180.13,76.23,0.036,41.3,0.0395,41.3,78.62,15.34453,-5.95139,4.64959,7e-05,0.19997
221.21,SYN.ETH-27MAR20,1568804344176,open,1.72,0.0,1.648,1.851,1.745659,93.64,None,0.0,ETH-27MAR20-600-P,213.76,0.0,0.02,12.0,0.0,0.0,0.0,0.33511,-0.0822,-3.02793,0.0014,-0.87182
10231.74,BTC-27SEP19,1568804344188,open,1.34,0.2,1.3,1.3935,1.34566274,155.7,1.6,0.0,BTC-27SEP19-24000-P,10180.13,0.0,0.0,0.0,0.0,0.0,0.0,0.02034,-0.17843,-5.83525,0.0,-0.99965
10478.74,BTC-27DEC19,1568804344190,open,0.44,122.9,0.42,0.4565,0.43774346,75.15,0.4475,0.0,BTC-27DEC19-6000-C,10180.13,69.94,0.435,17.0,0.453,13.0,96.68,5.93591,-2.23327,14.59732,3e-05,0.94684
10231.74,BTC-27SEP19,1568804344190,open,1.92,0.0,1.875,1.9915,1.9320784,194.93,None,0.0,BTC-27SEP19-30000-P,10180.13,0.0,0.0,0.0,0.0,0.0,0.0,0.02055,-0.2257,-7.29428,0.0,-0.99965
10231.74,BTC-27SEP19,1568804344190,open,0.0,538.7,0.0005,0.011,0.00121321,96.8,0.001,0.0,BTC-27SEP19-14000-C,10180.13,94.1,0.001,1.9,0.0015,23.0,99.99,0.8584,-4.68098,0.05335,3e-05,0.02265
10478.74,BTC-27DEC19,1568804344190,open,0.01,296.6,0.0005,0.0255,0.01015528,81.63,0.0115,0.0,BTC-27DEC19-22000-C,10180.13,79.8,0.009,50.1,0.0115,62.4,83.61,6.85088,-2.79951,1.5384,3e-05,0.06381
10231.74,BTC-27SEP19,1568804344190,open,0.32,725.9,0.302,0.3305,0.31609899,97.08,0.335,0.0,BTC-27SEP19-7000-C,10180.13,0.0,0.3095,11.0,0.323,12.1,168.34,0.22638,-1.23801,1.6894,1e-05,0.99511
10231.74,BTC-27SEP19,1568804344190,open,0.27,37.0,0.246,0.3025,0.27264769,84.98,0.2795,0.0,BTC-27SEP19-13000-P,10180.13,0.0,0.2505,6.0,0.294,6.0,156.04,1.39901,-6.69728,-3.06474,6e-05,-0.95914
10478.74,BTC-27DEC19,1568804344190,open,0.03,239.3,0.015,0.0565,0.03405643,73.44,0.0335,0.0,BTC-27DEC19-7500-P,10180.13,72.55,0.033,4.0,0.035,24.0,74.23,12.43345,-4.57129,-5.10456,6e-05,-0.14397
10231.74,BTC-27SEP19,1568804344192,open,0.81,28.2,0.795,0.8145,0.8045304,251.22,0.755,0.0,BTC-27SEP19-2000-C,10180.13,0.0,0.7965,1.0,0.813,1.0,500.0,0.00047,-0.00663,0.48632,0.0,0.99999
10231.74,BTC-27SEP19,1568804344192,open,0.0,1261.1,0.0005,0.0105,0.00025062,97.35,0.0005,0.0,BTC-27SEP19-7000-P,10180.13,0.0,0.0,0.0,0.0005,5.0,105.88,0.23035,-1.2632,-0.01304,1e-05,-0.00499
10478.74,BTC-27DEC19,1568804344195,open,0.0,652.5,0.0005,0.0135,0.00352079,76.85,0.003,0.0,BTC-27DEC19-5000-P,10180.13,74.74,0.003,10.0,0.004,19.7,78.62,2.7205,-1.04659,-0.6914,1e-05,-0.02059
10478.74,BTC-27DEC19,1568804344203,open,2.43,1.3,2.3685,2.5105,2.43679278,90.8,2.2,0.0,BTC-27DEC19-36000-P,10180.13,0.0,0.0,0.0,0.0,0.0,0.0,1.34738,-0.61248,-98.28242,0.0,-0.99088
10697.95,SYN.BTC-27MAR20,1568804344203,open,0.75,0.0,0.6925,0.823,0.75678209,80.28,0.8095,0.0,BTC-27MAR20-18000-P,10180.13,0.0,0.0825,2.0,0.865,0.1,120.63,25.68649,-5.40181,-83.05054,5e-05,-0.72773
10478.74,BTC-27DEC19,1568804344207,open,0.53,65.4,0.514,0.54,0.52636009,76.83,0.533,0.0,BTC-27DEC19-5000-C,10180.13,0.0,0.5165,14.0,0.5385,14.0,105.8,2.71863,-1.04566,12.99079,1e-05,0.97942
10478.74,BTC-27DEC19,1568804344211,open,0.0,213.2,0.0005,0.0105,0.0005022,108.62,0.0005,0.0,BTC-27DEC19-2500-P,10180.13,0.0,0.0,0.0,0.001,18.0,118.06,0.42645,-0.2319,-0.08628,0.0,-0.00251
10231.74,BTC-27SEP19,1568804344216,open,0.68,0.5,0.6725,0.692,0.68235817,0.0,0.694,0.0,BTC-27SEP19-3250-C,10180.13,0.0,0.674,1.0,0.6905,1.0,450.5,0.0,0.0,0.7903,0.0,1.0
10231.74,BTC-27SEP19,1568804344222,open,1.73,0.0,1.683,1.792,1.73657441,0.0,None,0.0,BTC-27SEP19-28000-P,10180.13,0.0,0.0,0.0,0.0,0.0,0.0,0.0,0.0,-6.80875,0.0,-1.0
10478.74,BTC-27DEC19,1568804344234,open,0.02,503.1,0.0075,0.0465,0.02364246,78.84,0.025,0.0,BTC-27DEC19-18000-C,10180.13,77.36,0.022,77.4,0.025,48.0,80.02,11.86685,-4.68365,3.17672,5e-05,0.13443
10231.74,BTC-27SEP19,1568804344234,open,0.0,657.8,0.0005,0.0105,3.9e-07,110.0,0.0005,0.0,BTC-27SEP19-5000-P,10180.13,0.0,0.0,0.0,0.0005,62.9,188.65,0.00073,-0.00398,-3e-05,0.0,-1e-05
10231.74,BTC-27SEP19,1568804344239,open,0.13,442.4,0.105,0.15,0.12748837,73.53,0.1275,0.0,BTC-27SEP19-9000-C,10180.13,66.74,0.1255,0.7,0.1295,0.7,79.68,3.18804,-13.20616,1.87277,0.00017,0.8802
10478.74,BTC-27DEC19,1568804344239,open,0.0,479.0,0.0005,0.011,0.00111114,81.94,0.001,0.0,BTC-27DEC19-4000-P,10180.13,74.18,0.0005,49.0,0.0015,6.2,85.42,1.0582,-0.4341,-0.23045,0.0,-0.00693
10478.74,BTC-27DEC19,1568804344247,open,0.23,188.6,0.184,0.256,0.22172464,72.75,0.2295,0.0,BTC-27DEC19-9000-C,10180.13,71.2,0.219,13.0,0.2245,13.4,74.33,18.37429,-6.69223,14.35621,8e-05,0.72241
10478.74,BTC-27DEC19,1568804344247,open,0.0,616.5,0.0005,0.011,0.00123572,90.57,0.002,0.0,BTC-27DEC19-36000-C,10180.13,82.7,0.0005,55.9,0.002,48.5,95.61,1.32449,-0.60054,0.22089,0.0,0.00894
10478.74,BTC-27DEC19,1568804344247,open,0.0,248.0,0.0005,0.0105,0.00052353,84.34,0.0005,0.0,BTC-27DEC19-3500-P,10180.13,0.0,0.0,0.0,0.001,46.4,91.31,0.5617,-0.23716,-0.11258,0.0,-0.0034
10231.74,BTC-27SEP19,1568804344247,open,0.0,811.8,0.0005,0.0105,2.56e-06,110.0,0.0005,0.0,BTC-27SEP19-20000-C,10180.13,0.0,0.0,0.0,0.0005,8.0,164.48,0.00429,-0.02624,0.00016,0.0,7e-05
10231.74,BTC-27SEP19,1568804344247,open,0.37,54.0,0.342,0.4005,0.36951646,96.94,0.466,0.0,BTC-27SEP19-14000-P,10180.13,0.0,0.0045,10.0,0.5705,0.3,500.0,0.86387,-4.71778,-3.35063,4e-05,-0.97717
10231.74,BTC-27SEP19,1568804344247,open,0.0,575.7,0.0005,0.0105,0.00030659,110.0,0.0005,0.0,BTC-27SEP19-16000-C,10180.13,0.0,0.0,0.0,0.001,58.0,126.63,0.26547,-1.64499,0.01381,1e-05,0.00586
218.92,ETH-27DEC19,1568804344247,open,0.75,0.0,0.7,0.834,0.765454,84.94,None,0.0,ETH-27DEC19-380-P,213.76,0.0,0.0,0.0,0.0,0.0,0.0,0.27183,-0.11559,-0.96526,0.00244,-0.8459
10478.74,BTC-27DEC19,1568804344255,open,0.92,5.7,0.8765,0.977,0.92404809,80.43,0.661,0.0,BTC-27DEC19-20000-P,10180.13,0.0,0.14,0.3,1.466,1.0,372.76,9.07842,-3.65544,-52.51852,4e-05,-0.90758
10478.74,BTC-27DEC19,1568804344257,open,0.01,382.9,0.0005,0.022,0.01033631,75.16,0.0105,0.0,BTC-27DEC19-6000-P,10180.13,73.66,0.0095,18.0,0.011,54.8,76.32,5.93727,-2.23404,-1.82119,3e-05,-0.05318
10478.74,BTC-27DEC19,1568804344257,open,0.4,291.4,0.348,0.448,0.3978717,76.01,0.375,0.0,BTC-27DEC19-14000-P,10180.13,0.0,0.006,3.0,1.111,3.2,495.0,19.00379,-7.23119,-31.53375,8e-05,-0.70189
10478.74,BTC-27DEC19,1568804344257,open,1.67,0.1,1.6205,1.736,1.67535126,84.63,1.49,0.0,BTC-27DEC19-28000-P,10180.13,0.0,0.001,1.0,0.0,0.0,0.0,2.96705,-1.25711,-76.05655,1e-05,-0.97718
10478.74,BTC-27DEC19,1568804344257,open,0.0,470.1,0.0005,0.0105,0.00098773,94.71,0.001,0.0,BTC-27DEC19-40000-C,10180.13,88.67,0.0005,2.0,0.0015,35.0,98.98,1.07146,-0.50804,0.17309,0.0,0.00702
10478.74,BTC-27DEC19,1568804344257,open,0.62,26.7,0.6095,0.629,0.61938258,81.91,0.626,0.0,BTC-27DEC19-4000-C,10180.13,0.0,0.6115,1.0,0.628,1.0,118.9,1.0561,-0.43307,10.71537,0.0,0.99309
10478.74,BTC-27DEC19,1568804344257,open,0.48,73.3,0.4665,0.498,0.48165571,76.64,0.475,0.0,BTC-27DEC19-5500-C,10180.13,0.0,0.4685,13.0,0.495,13.0,100.64,4.26284,-1.63552,13.85112,2e-05,0.96472
10231.74,BTC-27SEP19,1568804344264,open,0.0,1202.5,0.0005,0.0105,3.356e-05,110.0,0.0005,0.0,BTC-27SEP19-6000-P,10180.13,0.0,0.0,0.0,0.0005,88.0,144.04,0.03837,-0.23778,-0.00181,0.0,-0.00069
10231.74,BTC-27SEP19,1568804344264,open,0.56,34.4,0.5335,0.5975,0.56408174,110.52,0.396,0.0,BTC-27SEP19-16000-P,10180.13,0.0,0.0045,10.0,0.0,0.0,0.0,0.27409,-1.70647,-3.87641,1e-05,-0.99393
10697.95,SYN.BTC-27MAR20,1568804344264,open,1.82,0.0,1.7555,1.9005,1.82380153,85.3,None,0.0,BTC-27MAR20-30000-P,10180.13,0.0,0.0,0.0,0.0,0.0,0.0,12.18603,-2.72279,-153.14313,2e-05,-0.9136
10478.74,BTC-27DEC19,1568804344268,open,0.48,211.6,0.431,0.5315,0.48047543,77.22,0.47,0.0,BTC-27DEC19-15000-P,10180.13,66.62,0.464,6.0,0.4895,6.0,82.57,17.2829,-6.68158,-35.38604,7e-05,-0.75364
10478.74,BTC-27DEC19,1568804344271,open,0.29,222.0,0.251,0.3135,0.28318288,73.0,0.2865,0.0,BTC-27DEC19-8000-C,10180.13,70.7,0.28,12.0,0.285,5.4,74.29,14.61431,-5.3405,15.25892,7e-05,0.81535
10231.74,BTC-27SEP19,1568804344271,open,0.85,42.8,0.8435,0.863,0.85339608,0.0,0.815,0.0,BTC-27SEP19-1500-C,10180.13,0.0,0.845,1.0,0.8615,1.0,500.0,0.0,0.0,0.36475,0.0,1.0
10478.74,BTC-27DEC19,1568804344277,open,0.02,799.6,0.004,0.0345,0.01542625,80.44,0.015,0.0,BTC-27DEC19-20000-C,10180.13,79.35,0.0145,1.0,0.0165,31.0,81.65,9.07979,-3.65623,2.2083,4e-05,0.09244
10478.74,BTC-27DEC19,1568804344280,open,0.57,4.1,0.5625,0.5835,0.57232276,77.51,0.578,0.0,BTC-27DEC19-4500-C,10180.13,0.0,0.5635,15.0,0.582,1.0,109.85,1.59817,-0.62016,11.94501,1e-05,0.98891
10231.74,BTC-27SEP19,1568804344280,open,0.42,713.5,0.402,0.4255,0.41361788,108.53,0.454,0.0,BTC-27SEP19-6000-C,10180.13,0.0,0.4045,12.0,0.4235,12.0,240.68,0.03364,-0.20566,1.45745,0.0,0.9994
10697.95,SYN.BTC-27MAR20,1568804344282,open,1.27,0.0,1.2145,1.3505,1.27932362,82.99,None,0.0,BTC-27MAR20-24000-P,10180.13,0.0,0.0,0.0,0.0,0.0,0.0,17.85295,-3.881,-119.25254,4e-05,-0.85229
10478.74,BTC-27DEC19,1568804344303,open,0.74,12.4,0.694,0.7935,0.74141972,78.85,0.559,0.0,BTC-27DEC19-18000-P,10180.13,0.0,0.18,0.1,1.471,0.2,500.0,11.86986,-4.68555,-46.07601,5e-05,-0.86552
10478.74,BTC-27DEC19,1568804344312,open,0.0,637.2,0.0005,0.0115,0.00176739,77.54,0.002,0.0,BTC-27DEC19-4500-P,10180.13,71.56,0.001,44.0,0.0025,35.5,81.82,1.60032,-0.62119,-0.36903,1e-05,-0.0111
10231.74,BTC-27SEP19,1568804344312,open,1.14,0.2,1.1085,1.194,1.15019104,140.5,1.391,0.0,BTC-27SEP19-22000-P,10180.13,0.0,0.0045,10.0,0.0,0.0,0.0,0.02071,-0.16391,-5.34889,0.0,-0.99964
10231.74,BTC-27SEP19,1568804344312,open,0.0,350.4,0.0005,0.0105,9e-08,110.0,0.0005,0.0,BTC-27SEP19-4750-P,10180.13,0.0,0.0,0.0,0.0005,34.9,201.15,0.0002,-0.00094,-1e-05,0.0,0.0
10478.74,BTC-27DEC19,1568804344314,open,0.72,0.0,0.7045,0.724,0.71420617,95.16,None,0.0,BTC-27DEC19-3000-C,10180.13,0.0,0.706,1.0,0.7225,1.0,148.05,0.48284,-0.23002,8.11215,0.0,0.99712
10231.74,BTC-27SEP19,1568804344314,open,0.46,26.6,0.4375,0.4995,0.46676411,106.71,0.459,0.0,BTC-27SEP19-15000-P,10180.13,0.0,0.33,5.0,0.0,0.0,0.0,0.5466,-3.28578,-3.61616,2e-05,-0.98665
10231.74,BTC-27SEP19,1568804344317,open,0.09,310.6,0.064,0.1215,0.09255223,70.54,0.091,0.0,BTC-27SEP19-11000-P,10180.13,68.5,0.0915,6.0,0.0935,0.7,72.36,5.30647,-21.08654,-2.03862,0.0003,-0.72681
10478.74,BTC-27DEC19,1568804344317,open,0.0,287.0,0.0005,0.013,0.00325132,84.55,0.003,0.0,BTC-27DEC19-28000-C,10180.13,81.65,0.0025,34.0,0.004,4.3,87.03,2.95316,-1.25003,0.55744,1e-05,0.02269
10478.74,BTC-27DEC19,1568804344317,open,0.0,334.4,0.0005,0.0105,0.00049561,98.74,0.001,0.0,BTC-27DEC19-48000-C,10180.13,0.0,0.0,0.0,0.001,10.0,105.47,0.58992,-0.29162,0.08883,0.0,0.00359
10478.74,BTC-27DEC19,1568804344317,open,0.0,239.8,0.0005,0.0105,1.979e-05,110.0,0.0005,0.0,BTC-27DEC19-1500-P,10180.13,0.0,0.0,0.0,0.0005,8.0,146.91,0.02639,-0.01453,-0.0041,0.0,-0.00012
10231.74,BTC-27SEP19,1568804344317,open,0.0,605.0,0.0005,0.0105,4.54e-06,110.0,0.0005,0.0,BTC-27SEP19-5500-P,10180.13,0.0,0.0,0.0,0.0005,28.0,165.37,0.00666,-0.0413,-0.00027,0.0,-0.00011
10478.74,BTC-27DEC19,1568804344317,open,2.05,0.3,1.9945,2.122,2.0555984,86.96,1.875,0.0,BTC-27DEC19-32000-P,10180.13,0.0,0.0,0.0,0.0,0.0,0.0,1.83314,-0.79808,-87.24142,1e-05,-0.98701
10478.74,BTC-27DEC19,1568804344317,open,0.08,313.2,0.045,0.1155,0.07998925,75.43,0.079,0.0,BTC-27DEC19-13000-C,10180.13,74.16,0.0775,0.1,0.0825,41.2,76.71,20.57498,-7.76987,8.12942,9e-05,0.36351
10231.74,BTC-27SEP19,1568804344317,open,0.71,225.7,0.697,0.7165,0.70679216,0.0,0.693,0.0,BTC-27SEP19-3000-C,10180.13,0.0,0.6985,1.0,0.715,1.0,480.67,0.0,0.0,0.72951,0.0,1.0
10478.74,BTC-27DEC19,1568804344325,open,0.06,500.7,0.031,0.095,0.06182173,76.0,0.061,0.0,BTC-27DEC19-14000-C,10180.13,74.72,0.0595,19.0,0.064,28.4,77.2,19.00301,-7.23029,6.7743,8e-05,0.29808
10231.74,BTC-27SEP19,1568804344325,open,0.0,406.8,0.0005,0.0105,0.0,110.0,0.0005,0.0,BTC-27SEP19-2500-P,10180.13,0.0,0.0,0.0,0.0005,18.0,358.29,0.0,0.0,0.0,0.0,0.0
10231.74,BTC-27SEP19,1568804344325,open,0.0,718.3,0.0005,0.012,0.00208038,84.9,0.003,0.0,BTC-27SEP19-13000-C,10180.13,80.22,0.0015,52.5,0.0025,3.6,87.81,1.39461,-6.6698,0.0961,6e-05,0.04071
10231.74,BTC-27SEP19,1568804344325,open,0.22,860.2,0.2025,0.2375,0.21959292,85.26,0.211,0.0,BTC-27SEP19-8000-C,10180.13,0.0,0.2055,10.0,0.234,10.0,151.12,1.01334,-4.86729,1.87299,5e-05,0.97239
10478.74,BTC-27DEC19,1568804344325,open,0.0,134.2,0.0005,0.0105,0.00014159,110.0,0.0005,0.0,BTC-27DEC19-2000-P,10180.13,0.0,0.0,0.0,0.001,18.0,136.09,0.14562,-0.08019,-0.02622,0.0,-0.00077
10231.74,BTC-27SEP19,1568804344325,open,0.0,684.0,0.0005,0.0105,0.0,110.0,0.0005,0.0,BTC-27SEP19-30000-C,10180.13,0.0,0.0,0.0,0.0005,38.0,246.71,0.0,0.0,0.0,0.0,0.0
10231.74,BTC-27SEP19,1568804344325,open,0.0,695.0,0.0005,0.0105,2.962e-05,110.0,0.0005,0.0,BTC-27SEP19-18000-C,10180.13,0.0,0.0,0.0,0.0005,8.0,142.02,0.03715,-0.23019,0.00159,0.0,0.00067
10478.74,BTC-27DEC19,1568804344325,open,0.13,659.3,0.092,0.1695,0.13219356,73.31,0.1325,0.0,BTC-27DEC19-11000-C,10180.13,72.26,0.13,15.0,0.134,8.0,74.18,21.82133,-8.0084,11.2908,0.0001,0.52597
10478.74,BTC-27DEC19,1568804344325,open,2.81,0.0,2.743,2.899,2.81827336,95.03,2.58,0.0,BTC-27DEC19-40000-P,10180.13,0.0,0.001,1.0,0.0,0.0,0.0,1.09763,-0.52218,-109.27508,0.0,-0.99278
10191.04,SYN.BTC-20SEP19,1568804344325,open,0.08,17.3,0.0585,0.106,0.08125636,74.26,0.0775,0.0,BTC-20SEP19-11000-P,10180.13,0.0,0.0785,6.0,0.0825,6.0,84.58,1.08128,-21.40526,-0.52461,0.00027,-0.92047
10307.76,SYN.BTC-25OCT19,1568804344327,open,0.04,117.3,0.016,0.0615,0.03754678,72.2,0.036,0.0,BTC-25OCT19-12000-C,10180.13,69.85,0.035,31.3,0.038,1.0,72.61,11.25036,-11.01328,2.64942,0.00015,0.29196
10191.04,SYN.BTC-20SEP19,1568804344335,open,0.22,0.0,0.203,0.253,0.22671313,111.19,None,0.0,BTC-20SEP19-12500-P,10180.13,0.0,0.0005,0.1,0.0,0.0,0.0,0.12107,-3.58835,-0.63938,2e-05,-0.99417
10231.74,BTC-27SEP19,1568804344346,open,0.0,125.2,0.0005,0.0105,0.0,110.0,0.0005,0.0,BTC-27SEP19-3750-P,10180.13,0.0,0.0,0.0,0.0005,38.0,258.74,0.0,0.0,0.0,0.0,0.0
10231.74,BTC-27SEP19,1568804344346,open,0.0,392.7,0.0005,0.0105,2e-08,110.0,0.0005,0.0,BTC-27SEP19-4500-P,10180.13,0.0,0.0,0.0,0.0005,38.3,214.32,4e-05,-0.00019,0.0,0.0,0.0
10231.74,BTC-27SEP19,1568804344346,open,0.0,146.6,0.0005,0.0105,0.0,110.0,0.0005,0.0,BTC-27SEP19-26000-C,10180.13,0.0,0.0,0.0,0.0005,8.0,218.35,0.0,-1e-05,0.0,0.0,0.0
10231.74,BTC-27SEP19,1568804344346,open,0.01,1557.4,0.0005,0.02,0.0071119,73.56,0.007,0.0,BTC-27SEP19-9000-P,10180.13,71.56,0.0065,0.1,0.0075,34.4,74.79,3.18938,-13.21617,-0.31595,0.00017,-0.11988
10478.74,BTC-27DEC19,1568804344349,open,0.17,474.5,0.131,0.208,0.17123744,72.67,0.1725,0.0,BTC-27DEC19-10000-C,10180.13,71.29,0.1685,14.0,0.1745,12.7,74.31,20.82177,-7.57469,12.95035,0.0001,0.62289
10478.74,BTC-27DEC19,1568804344349,open,0.0,1541.5,0.0005,0.0105,0.00074399,107.0,0.0005,0.0,BTC-27DEC19-52000-C,10180.13,103.21,0.0005,0.4,0.001,40.0,110.07,0.77983,-0.41773,0.11944,0.0,0.00491
10478.74,BTC-27DEC19,1568804344361,open,0.67,4.0,0.657,0.6765,0.66651103,84.28,0.666,0.0,BTC-27DEC19-3500-C,10180.13,0.0,0.6585,1.0,0.675,1.0,131.63,0.55951,-0.23608,9.46505,0.0,0.99661
10478.74,BTC-27DEC19,1568804344361,open,0.18,242.6,0.137,0.2255,0.18194709,73.31,0.185,0.0,BTC-27DEC19-11000-P,10180.13,71.9,0.179,14.4,0.185,8.0,74.78,21.8213,-8.00885,-18.80877,0.0001,-0.47402
10191.04,SYN.BTC-20SEP19,1568804344361,open,0.22,0.0,0.199,0.2305,0.21500883,105.52,None,0.0,BTC-20SEP19-8000-C,10180.13,0.0,0.204,6.0,0.2285,6.0,308.27,0.01541,-0.43354,0.41079,0.0,0.9994
10478.74,BTC-27DEC19,1568804344367,open,0.56,23.1,0.516,0.616,0.56472711,77.48,0.5235,0.0,BTC-27DEC19-16000-P,10180.13,0.0,0.005,10.0,1.293,0.2,500.0,15.34639,-5.9528,-39.13076,7e-05,-0.79999
10231.74,BTC-27SEP19,1568804344367,open,0.59,9.1,0.575,0.5945,0.58462223,0.0,0.6095,0.0,BTC-27SEP19-4250-C,10180.13,0.0,0.577,15.0,0.593,1.0,355.57,0.0,0.0,1.03347,0.0,1.0
10307.74,SYN.BTC-25OCT19,1568804344376,open,0.0,378.1,0.0005,0.0145,0.00469655,76.4,0.0045,0.0,BTC-25OCT19-7000-P,10180.13,73.91,0.004,20.0,0.005,24.0,77.43,3.00347,-3.11137,-0.49851,4e-05,-0.04317
10231.72,BTC-27SEP19,1568804344382,open,0.0,492.7,0.0005,0.0105,0.0,110.0,0.0005,0.0,BTC-27SEP19-2000-P,10180.13,0.0,0.0,0.0,0.0005,59.4,413.88,0.0,0.0,0.0,0.0,0.0
10231.72,BTC-27SEP19,1568804344382,open,0.0,935.6,0.0005,0.0105,0.00072491,106.47,0.001,0.0,BTC-27SEP19-15000-C,10180.13,101.65,0.0005,1.0,0.001,23.0,111.12,0.54005,-3.23905,0.03096,2e-05,0.01317
10478.72,BTC-27DEC19,1568804344382,open,1.1,4.9,1.0615,1.164,1.1096624,81.65,1.0385,0.0,BTC-27DEC19-22000-P,10180.13,0.0,0.09,0.1,1.83,0.3,500.0,6.85622,-2.80244,-58.65922,3e-05,-0.93613
10231.72,BTC-27SEP19,1568804344382,open,0.0,670.6,0.0005,0.0105,2.1e-07,110.0,0.0005,0.0,BTC-27SEP19-22000-C,10180.13,0.0,0.0,0.0,0.0005,8.0,184.36,0.00044,-0.00213,1e-05,0.0,1e-05
10478.72,BTC-27DEC19,1568804344382,open,0.08,620.8,0.048,0.114,0.08061387,72.76,0.0785,0.0,BTC-27DEC19-9000-P,10180.13,71.26,0.078,35.3,0.083,53.8,74.12,18.37443,-6.69263,-10.27102,8e-05,-0.2776
10231.72,BTC-27SEP19,1568804344382,open,1.53,0.0,1.4915,1.593,1.54113462,167.0,None,0.0,BTC-27SEP19-26000-P,10180.13,0.0,0.0,0.0,0.0,0.0,0.0,0.01651,-0.15528,-6.32176,0.0,-0.99972
10478.72,BTC-27DEC19,1568804344388,open,0.86,0.1,0.847,0.8665,0.85687158,109.61,0.868,0.0,BTC-27DEC19-1500-C,10180.13,0.0,0.849,1.0,0.865,1.0,225.56,0.02536,-0.01391,4.10056,0.0,0.99988
10478.72,BTC-27DEC19,1568804344388,open,0.81,0.0,0.7995,0.819,0.80927731,109.91,None,0.0,BTC-27DEC19-2000-C,10180.13,0.0,0.801,1.0,0.8175,1.0,192.47,0.14462,-0.07957,5.44662,0.0,0.99923
10478.72,BTC-27DEC19,1568804344390,open,0.32,91.7,0.2895,0.346,0.31831739,73.44,0.327,0.0,BTC-27DEC19-7500-C,10180.13,48.35,0.2935,1.0,0.3435,12.0,93.12,12.43318,-4.57103,15.41806,6e-05,0.85604
10478.72,BTC-27DEC19,1568804344390,open,0.01,463.3,0.0005,0.0145,0.00478385,83.97,0.0045,0.0,BTC-27DEC19-26000-C,10180.13,81.78,0.004,24.0,0.0055,4.6,85.79,3.95619,-1.66314,0.78657,2e-05,0.03222
10478.72,BTC-27DEC19,1568804344390,open,0.05,583.5,0.023,0.073,0.04663997,73.0,0.0455,0.0,BTC-27DEC19-8000-P,10180.13,71.82,0.045,22.0,0.048,19.3,73.97,14.61476,-5.34098,-6.63209,7e-05,-0.18466
10478.72,BTC-27DEC19,1568804344392,open,0.02,262.3,0.009,0.0425,0.02370239,73.68,0.0235,0.0,BTC-27DEC19-7000-P,10180.13,72.42,0.0225,23.0,0.0245,24.0,74.5,10.14345,-3.74131,-3.76429,5e-05,-0.10758
10478.72,BTC-27DEC19,1568804344392,open,0.13,525.6,0.086,0.1645,0.12555876,72.67,0.1245,0.0,BTC-27DEC19-10000-P,10180.13,71.38,0.123,19.3,0.127,5.0,73.4,20.82174,-7.57506,-14.41308,0.0001,-0.37711
10478.72,BTC-27DEC19,1568804344392,open,0.0,384.2,0.0005,0.0105,0.00050259,95.21,0.0005,0.0,BTC-27DEC19-3000-P,10180.13,0.0,0.0,0.0,0.001,18.0,103.51,0.48453,-0.23095,-0.09721,0.0,-0.00289
10231.72,BTC-27SEP19,1568804344396,open,0.51,789.2,0.5015,0.521,0.51132065,0.0,0.5015,0.0,BTC-27SEP19-5000-C,10180.13,0.0,0.5035,14.0,0.5195,1.0,295.48,0.0,0.0,1.21585,0.0,1.0
10231.72,BTC-27SEP19,1568804344396,open,0.95,0.0,0.9165,0.9945,0.9547215,122.98,0.691,0.0,BTC-27SEP19-20000-P,10180.13,0.0,0.0045,10.0,1.0675,0.2,500.0,0.01973,-0.13668,-4.86259,0.0,-0.99966
10231.72,BTC-27SEP19,1568804344396,open,0.76,55.9,0.746,0.7655,0.75566013,0.0,0.689,0.0,BTC-27SEP19-2500-C,10180.13,0.0,0.7475,1.0,0.764,1.0,500.0,0.0,0.0,0.60792,0.0,1.0
10697.93,SYN.BTC-27MAR20,1568804344396,open,0.01,49.2,0.002,0.0305,0.01196819,87.73,0.0115,0.0,BTC-27MAR20-36000-C,10180.13,86.5,0.011,19.6,0.013,24.0,88.97,8.64229,-1.98604,2.42387,2e-05,0.05529
10478.72,BTC-27DEC19,1568804344399,open,3.19,0.0,3.117,3.287,3.19955704,95.15,3.46,0.0,BTC-27DEC19-44000-P,10180.13,0.0,0.001,1.0,0.0,0.0,0.0,0.68142,-0.3246,-120.29343,0.0,-0.99578
10478.72,BTC-27DEC19,1568804344399,open,1.29,0.0,1.247,1.3535,1.29732898,83.0,None,0.0,BTC-27DEC19-24000-P,10180.13,0.0,0.01,10.0,2.0105,0.2,500.0,5.22931,-2.1729,-64.57094,2e-05,-0.95464
10231.72,BTC-27SEP19,1568804344402,open,0.02,149.9,0.006,0.043,0.02228011,68.62,0.021,0.0,BTC-27SEP19-9750-P,10180.13,66.28,0.021,28.0,0.0235,7.2,70.84,5.60551,-21.66891,-0.81943,0.00032,-0.30707
10478.72,BTC-27DEC19,1568804344407,open,0.01,508.3,0.0005,0.019,0.0069576,82.97,0.0075,0.0,BTC-27DEC19-24000-C,10180.13,80.96,0.006,24.0,0.008,55.8,84.97,5.22235,-2.16921,1.09904,2e-05,0.04529
10231.72,BTC-27SEP19,1568804344417,open,0.18,110.6,0.151,0.2075,0.17827351,76.55,0.177,0.0,BTC-27SEP19-12000-P,10180.13,0.0,0.17,0.2,0.1875,0.2,103.02,2.82121,-12.16667,-2.68022,0.00014,-0.89897
10478.72,BTC-27DEC19,1568804344417,open,0.76,0.0,0.752,0.7715,0.76192185,108.58,None,0.0,BTC-27DEC19-2500-C,10180.13,0.0,0.7535,1.0,0.77,1.0,167.76,0.42548,-0.23129,6.75475,0.0,0.9975
10231.72,BTC-27SEP19,1568804344420,open,0.56,289.7,0.5505,0.57,0.56018826,0.0,0.588,0.0,BTC-27SEP19-4500-C,10180.13,0.0,0.552,1.0,0.5685,1.0,334.39,0.0,0.0,1.09426,0.0,1.0
10231.72,BTC-27SEP19,1568804344420,open,0.0,586.8,0.0005,0.0105,0.0,110.0,0.0005,0.0,BTC-27SEP19-3000-P,10180.13,0.0,0.0,0.0,0.0005,40.0,313.34,0.0,0.0,0.0,0.0,0.0
10231.72,BTC-27SEP19,1568804344423,open,0.0,49.2,0.0005,0.0105,0.0,110.0,0.0015,0.0,BTC-27SEP19-3250-P,10180.13,0.0,0.0,0.0,0.0005,48.0,293.71,0.0,0.0,0.0,0.0,0.0
10478.72,BTC-27DEC19,1568804344423,open,0.0,429.1,0.0005,0.0105,0.00054286,94.71,0.001,0.0,BTC-27DEC19-44000-C,10180.13,0.0,0.0,0.0,0.001,10.0,100.43,0.65577,-0.31093,0.10039,0.0,0.00404
10231.72,BTC-27SEP19,1568804344423,open,0.66,261.1,0.648,0.6675,0.65792419,0.0,0.714,0.0,BTC-27SEP19-3500-C,10180.13,0.0,0.65,1.0,0.666,1.0,422.79,0.0,0.0,0.85109,0.0,1.0
10478.72,BTC-27DEC19,1568804344426,open,0.4,63.0,0.3745,0.4175,0.3955249,74.1,0.4965,0.0,BTC-27DEC19-6500-C,10180.13,0.0,0.3775,12.0,0.415,12.0,95.86,7.91324,-2.9355,15.12548,4e-05,0.92304
10478.72,BTC-27DEC19,1568804344436,open,0.01,370.4,0.0005,0.0165,0.00653247,76.65,0.0065,0.0,BTC-27DEC19-5500-P,10180.13,75.31,0.006,10.0,0.007,63.3,77.78,4.2644,-1.63635,-1.19922,2e-05,-0.03529
10191.04,SYN.BTC-20SEP19,1568804344472,open,0.0,300.6,0.0005,0.0125,0.00207793,72.78,0.0015,0.0,BTC-20SEP19-9500-P,10180.13,67.2,0.0015,30.6,0.0025,8.4,76.4,1.13716,-21.1763,-0.04562,0.00029,-0.08503
10191.04,SYN.BTC-20SEP19,1568804344475,open,0.42,0.0,0.395,0.4515,0.4228343,148.46,None,0.0,BTC-20SEP19-14500-P,10180.13,0.0,0.001,1.0,0.0,0.0,0.0,0.01434,-0.56739,-0.74486,0.0,-0.99944
10697.93,SYN.BTC-27MAR20,1568804344535,open,2.18,0.0,2.1195,2.2725,2.19168745,86.44,None,0.0,BTC-27MAR20-34000-P,10180.13,0.0,0.01,1.0,0.0,0.0,0.0,9.46854,-2.14398,-175.08248,2e-05,-0.93789
213.88,SYN.ETH-20SEP19,1568804344594,open,0.12,617.0,0.085,0.142,0.11358,106.76,0.117,0.0,ETH-20SEP19-190-C,213.76,0.0,0.097,14.0,0.13,14.0,214.61,0.01741,-0.49556,0.00912,0.00694,0.94353
10697.93,SYN.BTC-27MAR20,1568804344609,open,0.09,192.6,0.055,0.127,0.09037781,77.08,0.0875,0.0,BTC-27MAR20-8000-P,10180.13,75.7,0.0875,10.0,0.0925,10.0,78.09,22.41003,-4.52483,-16.90726,5e-05,-0.21184
10231.72,BTC-27SEP19,1568804344622,open,0.0,413.9,0.0005,0.0125,0.00293725,77.25,0.0025,0.0,BTC-27SEP19-8500-P,10180.13,74.62,0.0025,15.6,0.0035,38.0,80.36,1.77137,-7.70905,-0.14381,9e-05,-0.05486
10231.72,BTC-27SEP19,1568804344630,open,0.13,25.1,0.1055,0.1635,0.13384361,73.87,0.1305,0.0,BTC-27SEP19-11500-P,10180.13,45.39,0.1255,8.0,0.1345,0.7,75.52,4.02727,-16.75904,-2.39976,0.00021,-0.83067
10697.93,SYN.BTC-27MAR20,1568804344658,open,0.13,219.9,0.083,0.177,0.13088711,78.43,0.1345,0.0,BTC-27MAR20-14000-C,10180.13,77.05,0.127,12.6,0.133,10.2,79.17,30.30673,-6.2263,16.4186,6e-05,0.42437
215.74,SYN.ETH-25OCT19,1568804344723,open,0.01,1182.0,0.001,0.022,0.010217,74.93,0.007,0.0,ETH-25OCT19-160-P,213.76,70.19,0.008,540.0,0.012,700.0,78.41,0.10645,-0.10815,-0.02069,0.00302,-0.08473
10307.74,SYN.BTC-25OCT19,1568804344739,open,0.24,0.0,0.2145,0.2595,0.23720084,71.57,0.2665,0.0,BTC-25OCT19-8000-C,10180.13,40.94,0.225,7.0,0.261,7.0,104.37,6.15066,-5.96898,6.80073,8e-05,0.89025
10231.72,BTC-27SEP19,1568804344748,open,0.04,33.7,0.018,0.065,0.04155173,68.19,0.0435,0.0,BTC-27SEP19-10250-C,10180.13,65.69,0.04,26.6,0.043,4.6,70.52,6.36101,-24.43494,1.17674,0.00037,0.51451
10697.93,SYN.BTC-27MAR20,1568804344750,open,0.03,60.6,0.009,0.057,0.02865469,83.58,0.0275,0.0,BTC-27MAR20-26000-C,10180.13,82.78,0.0275,6.0,0.03,10.2,84.49,15.62028,-3.41995,5.19964,3e-05,0.1216
10191.04,SYN.BTC-20SEP19,1568804344761,open,0.0,74.1,0.0005,0.0105,2.082e-05,110.0,0.0005,0.0,BTC-20SEP19-8000-P,10180.13,0.0,0.0,0.0,0.0005,0.3,154.55,0.0232,-0.21215,-0.0005,0.0,-0.00094
10191.04,SYN.BTC-20SEP19,1568804344767,open,0.0,109.6,0.0005,0.0105,2.49e-05,110.0,0.0005,0.0,BTC-20SEP19-13000-C,10180.13,0.0,0.0,0.0,0.001,10.3,165.82,0.02801,-0.25375,0.00059,0.0,0.00115
215.74,SYN.ETH-25OCT19,1568804344802,open,0.0,921.0,0.001,0.012,0.002984,76.74,0.002,0.0,ETH-25OCT19-140-P,213.76,64.16,0.001,147.0,0.005,460.0,84.93,0.04544,-0.04728,-0.00698,0.00126,-0.02906
215.74,SYN.ETH-25OCT19,1568804344809,open,0.0,921.0,0.001,0.012,0.002984,76.74,0.002,0.0,ETH-25OCT19-140-P,213.76,64.16,0.001,387.0,0.005,460.0,84.93,0.04544,-0.04728,-0.00698,0.00126,-0.02906
221.21,SYN.ETH-27MAR20,1568804344886,open,0.65,2.0,0.63,0.659,0.644152,81.26,0.597,0.0,ETH-27MAR20-80-C,213.76,0.0,0.07,20.0,0.0,0.0,0.0,0.08218,-0.01749,0.38684,0.0004,0.97855
213.88,SYN.ETH-20SEP19,1568804344907,open,0.4,0.0,0.374,0.409,0.392149,0.0,None,0.0,ETH-20SEP19-130-C,213.76,0.0,0.0,0.0,0.0,0.0,0.0,0.0,0.0,0.00668,0.0,1.0
10307.74,SYN.BTC-25OCT19,1568804344944,open,0.02,245.0,0.0075,0.042,0.02232093,73.82,0.0215,0.0,BTC-25OCT19-13000-C,10180.13,72.28,0.021,1.0,0.0235,57.1,75.17,8.93937,-8.9477,1.76383,0.00011,0.19169
10697.93,SYN.BTC-27MAR20,1568804344950,open,0.01,414.5,0.0005,0.025,0.00921381,89.5,0.01,0.0,BTC-27MAR20-40000-C,10180.13,87.59,0.008,52.0,0.0105,30.0,91.36,7.10441,-1.66567,1.9051,1e-05,0.04327
214.32,ETH-27SEP19,1568804344955,open,0.4,0.0,0.375,0.411,0.393471,105.04,None,0.0,ETH-27SEP19-130-C,213.76,0.0,0.0,0.0,0.0,0.0,0.0,0.00098,-0.00581,0.03157,8e-05,0.99914
221.21,SYN.ETH-27MAR20,1568804344965,open,0.01,673.0,0.001,0.015,0.005816,81.3,0.011,0.0,ETH-27MAR20-80-P,213.76,72.28,0.003,540.0,0.007,540.0,84.32,0.08231,-0.01753,-0.03159,0.0004,-0.02149
214.32,ETH-27SEP19,1568804344969,open,0.06,1573.0,0.03,0.096,0.062478,76.31,0.076,0.0,ETH-27SEP19-220-P,213.76,70.63,0.059,120.0,0.066,137.0,82.03,0.13163,-0.56582,-0.03263,0.01544,-0.56369
221.2,SYN.ETH-27MAR20,1568804344971,open,0.27,675.0,0.218,0.315,0.271175,81.3,0.266,0.0,ETH-27MAR20-200-C,213.76,78.91,0.265,205.0,0.278,421.0,83.94,0.57267,-0.12197,0.47191,0.00275,0.67915
213.88,SYN.ETH-20SEP19,1568804344982,open,0.0,5.0,0.001,0.011,0.0,110.01,0.003,0.0,ETH-20SEP19-130-P,213.76,0.0,0.0,0.0,0.002,300.0,358.61,0.0,0.0,0.0,0.0,0.0
214.32,ETH-27SEP19,1568804344985,open,0.03,0.0,0.012,0.066,0.037572,76.31,None,0.0,ETH-27SEP19-210-P,213.76,72.06,0.035,200.0,0.04,174.0,80.31,0.12983,-0.55809,-0.02326,0.01523,-0.4088
214.32,ETH-27SEP19,1568804344992,open,0.04,2969.0,0.011,0.062,0.035976,76.31,0.035,0.0,ETH-27SEP19-220-C,213.76,71.45,0.033,320.0,0.039,309.0,81.22,0.13163,-0.56582,0.02086,0.01544,0.43631
214.32,ETH-27SEP19,1568804345013,open,0.0,100.0,0.001,0.011,6.9e-05,110.0,0.001,0.0,ETH-27SEP19-130-P,213.76,0.0,0.0,0.0,0.002,300.0,165.45,0.00148,-0.00917,-7e-05,0.00012,-0.00135
214.32,ETH-27SEP19,1568804345027,open,0.02,2756.0,0.004,0.042,0.019995,76.35,0.023,0.0,ETH-27SEP19-200-P,213.76,72.38,0.018,200.0,0.022,239.0,80.28,0.10862,-0.46719,-0.01464,0.01274,-0.26098
214.32,ETH-27SEP19,1568804345034,open,0.04,2969.0,0.011,0.062,0.035976,76.31,0.035,0.0,ETH-27SEP19-220-C,213.76,71.45,0.033,320.0,0.039,189.0,81.22,0.13163,-0.56582,0.02086,0.01544,0.43631
221.21,SYN.ETH-27MAR20,1568804345040,open,0.56,1.0,0.492,0.643,0.569652,85.6,0.827,0.0,ETH-27MAR20-320-P,213.76,76.16,0.544,24.0,0.568,24.0,84.99,0.61245,-0.13733,-1.36806,0.0028,-0.61291
10191.04,SYN.BTC-20SEP19,1568804345046,open,0.0,253.4,0.0005,0.0105,0.00072545,88.29,0.001,0.0,BTC-20SEP19-11500-C,10180.13,93.35,0.001,0.9,0.0015,30.5,100.79,0.50015,-7.39313,0.01545,0.00011,0.03022
221.21,SYN.ETH-27MAR20,1568804345049,open,0.49,40.0,0.46,0.517,0.489985,81.28,0.459,0.0,ETH-27MAR20-120-C,213.76,0.0,0.457,300.0,0.0,0.0,0.0,0.26198,-0.05578,0.48469,0.00126,0.90897
10697.93,SYN.BTC-27MAR20,1568804345052,open,2.37,0.0,2.3025,2.461,2.3771267,87.76,None,0.0,BTC-27MAR20-36000-P,10180.13,0.0,0.01,1.0,0.0,0.0,0.0,8.65202,-1.98891,-185.83393,2e-05,-0.94463
214.32,ETH-27SEP19,1568804345052,open,0.01,584.0,0.001,0.025,0.009456,77.29,0.01,0.0,ETH-27SEP19-190-P,213.76,76.0,0.009,200.0,0.011,200.0,81.53,0.07605,-0.33114,-0.00803,0.00881,-0.14466
213.88,SYN.ETH-20SEP19,1568804345065,open,0.35,0.0,0.326,0.364,0.345392,0.0,None,0.0,ETH-20SEP19-140-C,213.76,0.0,0.0,0.0,0.0,0.0,0.0,0.0,0.0,0.00719,0.0,1.0
214.32,ETH-27SEP19,1568804345069,open,0.31,0.0,0.279,0.323,0.301085,109.93,None,0.0,ETH-27SEP19-150-C,213.76,0.0,0.0,0.0,0.0,0.0,0.0,0.01273,-0.07884,0.03564,0.00104,0.9849
213.88,SYN.ETH-20SEP19,1568804345065,open,0.07,0.0,0.045,0.114,0.078813,84.19,None,0.0,ETH-20SEP19-230-P,213.76,0.0,0.073,40.0,0.084,40.0,113.73,0.03071,-0.68911,-0.01054,0.01552,-0.8798
10307.74,SYN.BTC-25OCT19,1568804345079,open,0.01,102.7,0.0035,0.0275,0.01332192,71.58,0.013,0.0,BTC-25OCT19-8000-P,10180.13,69.32,0.012,44.9,0.014,5.0,72.71,6.1516,-5.97064,-1.28191,8e-05,-0.10977
10231.72,BTC-27SEP19,1568804345093,open,0.04,51.1,0.019,0.0685,0.04333898,68.19,0.044,0.0,BTC-27SEP19-10250-P,10180.13,66.04,0.042,22.7,0.045,6.7,70.86,6.36101,-24.43532,-1.31575,0.00037,-0.48549
10231.72,BTC-27SEP19,1568804345112,open,0.09,13.1,0.061,0.111,0.08681278,69.5,0.0875,0.0,BTC-27SEP19-9500-C,10180.13,65.61,0.085,7.3,0.088,5.4,71.98,4.84466,-18.96652,1.69983,0.00027,0.77001
10697.93,SYN.BTC-27MAR20,1568804345112,open,0.25,104.3,0.195,0.2875,0.24384752,76.08,0.2495,0.0,BTC-27MAR20-10000-C,10180.13,74.08,0.2385,11.6,0.2475,22.0,77.46,28.51608,-5.6834,22.97838,6e-05,0.65458
221.21,SYN.ETH-27MAR20,1568804345123,open,0.03,1700.0,0.015,0.053,0.032481,81.3,0.025,0.0,ETH-27MAR20-120-P,213.76,74.7,0.025,280.0,0.03,240.0,79.18,0.26204,-0.05581,-0.14292,0.00126,-0.09106
214.32,ETH-27SEP19,1568804345136,open,0.0,1.0,0.001,0.011,0.000973,109.93,0.005,0.0,ETH-27SEP19-150-P,213.76,0.0,0.0,0.0,0.002,500.0,123.46,0.01273,-0.07884,-0.00084,0.00104,-0.0151
213.88,SYN.ETH-20SEP19,1568804345136,open,0.0,5.0,0.001,0.011,0.0,110.01,0.007,0.0,ETH-20SEP19-140-P,213.76,0.0,0.0,0.0,0.002,300.0,311.52,0.0,0.0,0.0,0.0,0.0
10697.93,SYN.BTC-27MAR20,1568804345143,open,0.63,1.0,0.621,0.647,0.6332318,82.11,0.628,0.0,BTC-27MAR20-4000-C,10180.13,62.44,0.6275,8.0,0.6425,1.0,99.25,4.57811,-0.98474,19.09912,1e-05,0.97463
10231.72,BTC-27SEP19,1568804345162,open,0.0,432.7,0.0005,0.0135,0.00351919,81.83,0.0035,0.0,BTC-27SEP19-12500-C,10180.13,76.28,0.0025,80.8,0.004,4.5,84.15,2.05003,-9.45059,0.15576,0.0001,0.06612
10191.04,SYN.BTC-20SEP19,1568804345162,open,0.03,136.9,0.0075,0.0505,0.02895788,63.75,0.0305,0.0,BTC-20SEP19-10000-C,10180.13,61.98,0.0285,25.1,0.032,19.0,75.3,2.64915,-45.01832,0.33515,0.00078,0.66892
10697.93,SYN.BTC-27MAR20,1568804345184,open,0.44,60.8,0.377,0.5005,0.43955987,78.43,0.43,0.0,BTC-27MAR20-14000-P,10180.13,77.0,0.4355,6.6,0.452,3.6,82.81,30.30691,-6.22658,-56.79383,6e-05,-0.57562
10191.04,SYN.BTC-20SEP19,1568804345188,open,0.17,14.3,0.149,0.184,0.16616957,108.49,0.164,0.0,BTC-20SEP19-8500-C,10180.13,0.0,0.154,6.0,0.1805,6.0,258.11,0.17496,-5.05976,0.43205,3e-05,0.99115
10697.93,SYN.BTC-27MAR20,1568804345190,open,0.92,0.0,0.863,0.996,0.92785561,81.67,None,0.0,BTC-27MAR20-20000-P,10180.13,0.0,0.0,0.0,0.0,0.0,0.0,23.04853,-4.93075,-95.41142,5e-05,-0.77761
213.88,SYN.ETH-20SEP19,1568804345203,open,0.31,0.0,0.277,0.319,0.298634,0.0,None,0.0,ETH-20SEP19-150-C,213.76,0.0,0.0,0.0,0.0,0.0,0.0,0.0,0.0,0.00771,0.0,1.0
221.21,SYN.ETH-27MAR20,1568804345203,open,0.37,225.0,0.322,0.403,0.3659,81.29,0.338,0.0,ETH-27MAR20-160-C,213.76,0.0,0.276,300.0,0.0,0.0,0.0,0.44658,-0.09509,0.50326,0.00215,0.80094
10191.04,SYN.BTC-20SEP19,1568804345220,open,0.27,0.0,0.251,0.302,0.27566938,114.16,None,0.0,BTC-20SEP19-13000-P,10180.13,0.0,0.0,0.0,0.0,0.0,0.0,0.0394,-1.19894,-0.6672,1e-05,-0.99833
10191.04,SYN.BTC-20SEP19,1568804345224,open,0.02,214.2,0.003,0.0435,0.02133446,63.8,0.0195,0.0,BTC-20SEP19-10250-P,10180.13,57.34,0.0195,0.4,0.022,0.2,66.14,2.89899,-49.30081,-0.29457,0.00085,-0.54113
214.32,ETH-27SEP19,1568804345238,open,0.22,105.0,0.183,0.233,0.208674,84.7,0.202,0.0,ETH-27SEP19-170-C,213.76,0.0,0.206,295.0,0.0,0.0,0.0,0.02544,-0.12139,0.03945,0.00269,0.96563
10307.74,SYN.BTC-25OCT19,1568804345252,open,0.01,524.2,0.0005,0.015,0.00515997,79.42,0.0055,0.0,BTC-25OCT19-16000-C,10180.13,75.8,0.004,39.0,0.0055,5.0,80.39,3.54428,-3.8167,0.49917,4e-05,0.05309
213.88,SYN.ETH-20SEP19,1568804345263,open,0.0,101.0,0.001,0.011,0.0,110.01,0.009,0.0,ETH-20SEP19-150-P,213.76,0.0,0.0,0.0,0.004,300.0,304.75,0.0,-1e-05,0.0,0.0,0.0
10697.93,SYN.BTC-27MAR20,1568804345272,open,1.45,0.0,1.394,1.5315,1.45904695,83.59,None,0.0,BTC-27MAR20-26000-P,10180.13,0.0,0.0,0.0,0.0,0.0,0.0,15.62457,-3.42134,-130.76486,3e-05,-0.87836
221.21,SYN.ETH-27MAR20,1568804345279,open,0.09,1530.0,0.053,0.125,0.089229,81.3,0.082,0.0,ETH-27MAR20-160-P,213.76,75.7,0.078,269.0,0.085,240.0,79.2,0.4466,-0.09512,-0.33351,0.00215,-0.19907
10307.74,SYN.BTC-25OCT19,1568804345288,open,0.28,3.0,0.248,0.3205,0.28351769,73.83,0.2465,0.0,BTC-25OCT19-13000-P,10180.13,30.62,0.2615,4.0,0.296,12.0,87.19,8.94053,-8.95006,-11.36965,0.00011,-0.80827
214.32,ETH-27SEP19,1568804345295,open,0.0,46.0,0.001,0.011,0.00188,84.7,0.001,0.0,ETH-27SEP19-170-P,213.76,75.89,0.001,200.0,0.003,200.0,92.91,0.02544,-0.12139,-0.00189,0.00269,-0.03437
213.88,SYN.ETH-20SEP19,1568804345336,open,0.26,107.0,0.229,0.274,0.251878,0.0,0.232,0.0,ETH-20SEP19-160-C,213.76,0.0,0.242,16.0,0.265,16.0,348.91,0.0,0.0,0.00822,0.0,1.0
214.32,ETH-27SEP19,1568804345351,open,0.13,182.0,0.091,0.152,0.122931,77.29,0.12,0.0,ETH-27SEP19-190-C,213.76,0.0,0.107,33.0,0.146,33.0,130.23,0.07606,-0.33116,0.03817,0.00881,0.85533
10307.72,SYN.BTC-25OCT19,1568804345379,open,0.16,0.5,0.132,0.1875,0.16085424,69.58,0.163,0.0,BTC-25OCT19-9000-C,10180.13,50.53,0.1435,7.0,0.1675,7.0,76.28,10.05682,-9.48762,6.29645,0.00013,0.76548
10231.71,BTC-27SEP19,1568804345434,open,0.02,24.4,0.0065,0.0445,0.02373982,69.91,0.0245,0.0,BTC-27SEP19-10750-C,10180.13,68.62,0.023,0.5,0.025,6.0,72.1,5.87875,-23.15236,0.7994,0.00033,0.34504
213.88,SYN.ETH-20SEP19,1568804345439,open,0.0,523.0,0.001,0.011,2e-06,110.02,0.002,0.0,ETH-20SEP19-160-P,213.76,0.0,0.0,0.0,0.002,300.0,225.21,6e-05,-0.00041,0.0,2e-05,-0.0001
221.21,SYN.ETH-27MAR20,1568804345459,open,0.17,2312.0,0.123,0.224,0.175336,81.31,0.155,0.0,ETH-27MAR20-200-P,213.76,76.55,0.163,156.0,0.171,240.0,79.63,0.57267,-0.12197,-0.57396,0.00275,-0.32082
214.32,ETH-27SEP19,1568804345478,open,0.06,306.0,0.027,0.087,0.057728,76.31,0.062,0.0,ETH-27SEP19-210-C,213.76,71.8,0.055,200.0,0.061,266.0,81.7,0.12983,-0.5581,0.0278,0.01523,0.5912
10191.03,SYN.BTC-20SEP19,1568804345480,open,0.13,20.0,0.1065,0.1545,0.12916775,88.28,0.1265,0.0,BTC-20SEP19-11500-P,10180.13,0.0,0.1095,4.0,0.147,4.0,207.52,0.49981,-11.76141,-0.57554,0.00011,-0.9698
10697.91,SYN.BTC-27MAR20,1568804345516,open,2.74,1.0,2.668,2.838,2.74824348,89.48,2.7125,0.0,BTC-27MAR20-40000-P,10180.13,0.0,0.01,1.1,0.0,0.0,0.0,7.09591,-1.66319,-207.27634,1e-05,-0.9568
213.88,SYN.ETH-20SEP19,1568804345526,open,0.21,275.0,0.181,0.228,0.205155,0.0,0.193,0.0,ETH-20SEP19-170-C,213.76,0.0,0.08,1.0,0.0,0.0,0.0,0.0,0.0,0.00874,0.0,1.0
221.21,SYN.ETH-27MAR20,1568804345535,open,0.2,466.0,0.146,0.247,0.200783,81.29,0.203,0.0,ETH-27MAR20-240-C,213.76,81.72,0.202,240.0,0.213,441.0,85.59,0.63054,-0.13427,0.4175,0.00303,0.56169
10191.03,SYN.BTC-20SEP19,1568804345577,open,0.01,282.6,0.0005,0.029,0.01021902,63.77,0.0095,0.0,BTC-20SEP19-10000-P,10180.13,59.05,0.009,24.4,0.0095,0.8,61.0,2.64934,-45.03928,-0.17877,0.00078,-0.33114
10697.91,SYN.BTC-27MAR20,1568804345579,open,0.18,142.0,0.1295,0.226,0.17860871,76.09,0.1775,0.0,BTC-27MAR20-10000-P,10180.13,75.29,0.1765,10.9,0.182,0.1,77.36,28.51606,-5.6834,-29.31641,6e-05,-0.34542
213.88,SYN.ETH-20SEP19,1568804345596,open,0.0,243.0,0.001,0.011,3.7e-05,110.02,0.002,0.0,ETH-20SEP19-170-P,213.76,0.0,0.0,0.0,0.002,300.0,185.01,0.00079,-0.00783,-2e-05,0.0003,-0.00159
10191.03,SYN.BTC-20SEP19,1568804345600,open,0.0,51.5,0.0005,0.0105,4.07e-06,110.0,0.0005,0.0,BTC-20SEP19-13500-C,10180.13,0.0,0.0,0.0,0.001,29.0,186.92,0.00581,-0.04152,0.00011,0.0,0.00021
10307.72,SYN.BTC-25OCT19,1568804345603,open,0.01,251.5,0.0035,0.0295,0.01350878,75.76,0.015,0.0,BTC-25OCT19-14000-C,10180.13,74.98,0.013,1.0,0.014,16.0,76.51,6.73987,-6.92387,1.15979,8e-05,0.12488
10231.71,BTC-27SEP19,1568804345611,open,0.02,228.5,0.003,0.0335,0.01529355,69.49,0.0155,0.0,BTC-27SEP19-9500-P,10180.13,67.8,0.0145,22.6,0.0155,0.3,69.92,4.84437,-18.96272,-0.61021,0.00027,-0.22997
221.21,SYN.ETH-27MAR20,1568804345621,open,0.28,154.0,0.222,0.344,0.285777,81.31,0.336,0.0,ETH-27MAR20-240-P,213.76,77.18,0.274,351.0,0.286,240.0,81.39,0.63053,-0.1343,-0.83759,0.00303,-0.43828
10307.72,SYN.BTC-25OCT19,1568804345637,open,0.55,0.0,0.523,0.5955,0.55738743,79.4,None,0.0,BTC-25OCT19-16000-P,10180.13,0.0,0.0,0.0,0.0,0.0,0.0,3.54145,-3.81266,-15.666,4e-05,-0.94696
214.32,ETH-27SEP19,1568804345656,open,0.03,301.0,0.004,0.044,0.021296,76.86,0.023,0.0,ETH-27SEP19-230-C,213.76,72.57,0.019,399.0,0.024,11.0,81.81,0.11591,-0.50188,0.01444,0.0135,0.29834
10231.71,BTC-27SEP19,1568804345666,open,0.22,1.0,0.1985,0.255,0.22520526,81.8,0.2115,0.0,BTC-27SEP19-12500-P,10180.13,0.0,0.2215,20.0,0.2335,6.0,111.33,2.04815,-9.4384,-2.88405,0.0001,-0.93396
10697.91,SYN.BTC-27MAR20,1568804345677,open,0.05,112.8,0.018,0.08,0.04521597,82.21,0.047,0.0,BTC-27MAR20-22000-C,10180.13,81.3,0.0435,4.9,0.047,10.1,83.14,20.29599,-4.37058,7.53741,4e-05,0.17995
10697.91,SYN.BTC-27MAR20,1568804345677,open,0.01,215.9,0.0005,0.017,0.00713795,82.12,0.0085,0.0,BTC-27MAR20-4000-P,10180.13,78.02,0.0055,25.0,0.0085,31.0,85.15,4.57886,-0.98496,-1.81916,1e-05,-0.02538
10307.72,SYN.BTC-25OCT19,1568804345685,open,0.03,137.1,0.015,0.056,0.03398199,69.57,0.0325,0.0,BTC-25OCT19-9000-P,10180.13,67.53,0.032,34.6,0.0345,30.0,70.1,10.05659,-9.48682,-2.79604,0.00013,-0.23451
10191.03,SYN.BTC-20SEP19,1568804345689,open,0.0,156.6,0.0005,0.0185,0.00446974,73.93,0.0045,0.0,BTC-20SEP19-10750-C,10180.13,74.1,0.0045,15.2,0.005,34.4,76.88,1.8013,-35.50052,0.08318,0.00046,0.1633
10191.03,SYN.BTC-20SEP19,1568804345705,open,0.0,42.2,0.0005,0.0105,0.0002447,109.0,0.0005,0.0,BTC-20SEP19-8500-P,10180.13,0.0,0.0,0.0,0.0005,30.0,120.18,0.17944,-2.49375,-0.0049,3e-05,-0.00911
10697.91,SYN.BTC-27MAR20,1568804345705,open,0.1,257.7,0.056,0.1435,0.0991576,79.89,0.098,0.0,BTC-27MAR20-16000-C,10180.13,78.32,0.095,4.9,0.101,10.0,80.59,28.39992,-5.94364,13.56841,6e-05,0.34169
10191.03,SYN.BTC-20SEP19,1568804345852,open,0.1,1.5,0.074,0.114,0.09360831,83.51,0.111,0.0,BTC-20SEP19-9250-C,10180.13,59.45,0.0925,6.0,0.096,0.1,107.53,0.74928,-16.68052,0.44868,0.00017,0.95035
10191.03,SYN.BTC-20SEP19,1568804345898,open,0.0,311.9,0.0005,0.0105,0.00045792,105.82,0.0005,0.0,BTC-20SEP19-12000-C,10180.13,0.0,0.0,0.0,0.001,46.5,119.36,0.31065,-4.66668,0.00875,6e-05,0.01717
215.74,SYN.ETH-25OCT19,1568804345953,open,0.0,921.0,0.001,0.012,0.002984,76.74,0.002,0.0,ETH-25OCT19-140-P,213.76,64.16,0.001,147.0,0.005,460.0,84.93,0.04544,-0.04728,-0.00698,0.00126,-0.02906
215.74,SYN.ETH-25OCT19,1568804345961,open,0.0,921.0,0.001,0.012,0.002984,76.74,0.002,0.0,ETH-25OCT19-140-P,213.76,64.16,0.001,387.0,0.005,460.0,84.93,0.04544,-0.04728,-0.00698,0.00126,-0.02906
213.88,SYN.ETH-20SEP19,1568804345989,open,0.0,189.0,0.001,0.013,0.001936,107.23,0.001,0.0,ETH-20SEP19-190-P,213.76,93.83,0.001,305.0,0.003,505.0,118.74,0.0176,-0.41404,-0.00065,0.00698,-0.05723
10191.03,SYN.BTC-20SEP19,1568803842853,open,0.0,311.9,0.0005,0.0105,0.00045792,105.82,0.0005,0.0,BTC-20SEP19-12000-C,10180.13,0.0,0.0,0.0,0.001,46.5,119.36,0.31065,-4.66668,0.00875,6e-05,0.01717
10191.03,SYN.BTC-20SEP19,1568804333283,open,0.01,282.6,0.0005,0.029,0.01021902,63.77,0.0095,0.0,BTC-20SEP19-10000-P,10180.13,59.05,0.009,24.4,0.0095,0.8,61.0,2.64934,-45.03928,-0.17877,0.00078,-0.33114
10191.04,SYN.BTC-20SEP19,1568803842840,open,0.0,152.5,0.0005,0.0105,0.00013196,109.99,0.0005,0.0,BTC-20SEP19-12500-C,10180.13,0.0,0.0,0.0,0.001,42.5,143.38,0.11272,-1.34423,0.00275,2e-05,0.00538
10191.04,SYN.BTC-20SEP19,1568804306542,open,0.04,93.0,0.0145,0.0625,0.03844117,67.83,0.036,0.0,BTC-20SEP19-10500-P,10180.13,57.28,0.036,0.6,0.039,8.6,70.11,2.44905,-44.28225,-0.39845,0.00068,-0.72237
10191.04,SYN.BTC-20SEP19,1568804000506,open,0.0,253.4,0.0005,0.0105,0.00072581,88.29,0.001,0.0,BTC-20SEP19-11500-C,10180.13,93.35,0.001,0.9,0.0015,30.5,100.79,0.50015,-7.39313,0.01545,0.00011,0.03022
10191.04,SYN.BTC-20SEP19,1568804121434,open,0.0,134.3,0.0005,0.0105,0.00072991,92.38,0.0005,0.0,BTC-20SEP19-9000-P,10180.13,86.81,0.0005,1.5,0.001,8.5,97.68,0.4704,-7.44166,-0.01508,0.0001,-0.02807
10307.76,SYN.BTC-25OCT19,1568804330168,open,0.13,21.2,0.0955,0.164,0.13014146,70.92,0.126,0.0,BTC-25OCT19-11000-P,10180.13,67.19,0.1255,14.4,0.1305,6.5,71.21,12.87068,-12.3773,-7.28811,0.00017,-0.5697
10191.04,SYN.BTC-20SEP19,1568798912431,open,0.0,109.6,0.0005,0.0105,2.491e-05,110.0,0.0005,0.0,BTC-20SEP19-13000-C,10180.13,0.0,0.0,0.0,0.001,10.3,165.82,0.02801,-0.25375,0.00059,0.0,0.00115
10307.76,SYN.BTC-25OCT19,1568804307425,open,0.04,117.3,0.016,0.0615,0.03754841,72.2,0.036,0.0,BTC-25OCT19-12000-C,10180.13,69.85,0.035,31.3,0.038,1.0,72.61,11.25036,-11.01328,2.64942,0.00015,0.29196
10191.04,SYN.BTC-20SEP19,1568804303336,open,0.0,367.6,0.0005,0.012,0.00186592,74.15,0.002,0.0,BTC-20SEP19-11000-C,10180.13,75.41,0.002,1.0,0.0025,10.7,79.73,1.07787,-19.0051,0.0405,0.00027,0.0792
10191.04,SYN.BTC-20SEP19,1568804332135,open,0.0,300.6,0.0005,0.0125,0.00207698,72.78,0.0015,0.0,BTC-20SEP19-9500-P,10180.13,67.2,0.0015,30.6,0.0025,8.4,76.4,1.13716,-21.1763,-0.04562,0.00029,-0.08503
10307.74,SYN.BTC-25OCT19,1568804135197,open,0.01,524.2,0.0005,0.015,0.00516018,79.42,0.0055,0.0,BTC-25OCT19-16000-C,10180.13,75.8,0.004,39.0,0.0055,5.0,80.39,3.54428,-3.8167,0.49917,4e-05,0.05309
10307.72,SYN.BTC-25OCT19,1568804306511,open,0.01,251.5,0.0035,0.0295,0.01350878,75.76,0.015,0.0,BTC-25OCT19-14000-C,10180.13,74.98,0.013,1.0,0.014,16.0,76.51,6.73987,-6.92387,1.15979,8e-05,0.12488
10478.74,BTC-27DEC19,1568804335757,open,0.17,474.5,0.131,0.208,0.17124115,72.67,0.1725,0.0,BTC-27DEC19-10000-C,10180.13,71.29,0.1685,14.0,0.1745,12.7,74.31,20.82177,-7.57469,12.95035,0.0001,0.62289
10191.03,SYN.BTC-20SEP19,1568801140904,open,0.0,51.5,0.0005,0.0105,4.07e-06,110.0,0.0005,0.0,BTC-20SEP19-13500-C,10180.13,0.0,0.0,0.0,0.001,29.0,186.92,0.00581,-0.04152,0.00011,0.0,0.00021
10307.76,SYN.BTC-25OCT19,1568804307453,open,0.07,131.9,0.0355,0.0905,0.06298429,70.92,0.062,0.0,BTC-25OCT19-11000-C,10180.13,68.53,0.06,24.4,0.064,5.6,71.73,12.87059,-12.3759,3.82503,0.00017,0.43028
10307.76,SYN.BTC-25OCT19,1568804311695,open,0.07,149.6,0.0435,0.102,0.07257238,69.55,0.0695,0.0,BTC-25OCT19-10000-P,10180.13,67.04,0.0695,19.3,0.074,9.0,70.7,12.67594,-11.95326,-4.94428,0.00017,-0.4022
10307.74,SYN.BTC-25OCT19,1568804307416,open,0.02,245.0,0.0075,0.042,0.02232206,73.82,0.0215,0.0,BTC-25OCT19-13000-C,10180.13,72.28,0.021,1.0,0.0235,57.1,75.17,8.93937,-8.9477,1.76383,0.00011,0.19169
10478.74,BTC-27DEC19,1568804157159,open,0.1,420.3,0.0645,0.1395,0.10257177,74.34,0.102,0.0,BTC-27DEC19-12000-C,10180.13,73.09,0.1,16.0,0.105,12.9,75.52,21.6094,-8.04232,9.63914,0.0001,0.43875
10478.74,BTC-27DEC19,1568804303445,open,0.18,242.6,0.137,0.2255,0.18194143,73.31,0.185,0.0,BTC-27DEC19-11000-P,10180.13,71.9,0.179,14.4,0.185,8.0,74.78,21.8213,-8.00885,-18.80877,0.0001,-0.47402
10307.77,SYN.BTC-25OCT19,1568804303367,open,0.01,283.1,0.0005,0.021,0.00845781,78.0,0.0095,0.0,BTC-25OCT19-15000-C,10180.13,77.04,0.008,1.5,0.009,42.0,79.1,4.9797,-5.26647,0.76981,6e-05,0.08238
10478.74,BTC-27DEC19,1568804228215,open,0.13,659.3,0.092,0.1695,0.1321969,73.31,0.1325,0.0,BTC-27DEC19-11000-C,10180.13,72.26,0.13,15.0,0.134,8.0,74.18,21.82133,-8.0084,11.2908,0.0001,0.52597
10478.74,BTC-27DEC19,1568804335749,open,0.25,87.4,0.1995,0.2945,0.24774762,74.34,0.233,0.0,BTC-27DEC19-12000-P,10180.13,72.52,0.244,14.4,0.2505,5.3,75.67,21.60936,-8.04213,-23.19674,0.0001,-0.56126
10478.74,BTC-27DEC19,1568804207909,open,0.06,500.7,0.031,0.095,0.06182372,76.0,0.061,0.0,BTC-27DEC19-14000-C,10180.13,74.72,0.0595,19.0,0.064,28.4,77.2,19.00301,-7.23029,6.7743,8e-05,0.29808
10307.76,SYN.BTC-25OCT19,1568804306612,open,0.0,844.1,0.0005,0.013,0.00321498,80.89,0.003,0.0,BTC-25OCT19-17000-C,10180.13,77.71,0.0025,10.0,0.0035,4.4,82.03,2.50613,-2.74855,0.32654,3e-05,0.03457
10478.74,BTC-27DEC19,1568804330525,open,0.05,466.7,0.022,0.08,0.04899502,77.22,0.048,0.0,BTC-27DEC19-15000-C,10180.13,76.61,0.048,0.9,0.05,19.3,77.83,17.28166,-6.68045,5.65817,7e-05,0.24633
10478.74,BTC-27DEC19,1568804250722,open,0.48,211.6,0.431,0.5315,0.48046484,77.22,0.47,0.0,BTC-27DEC19-15000-P,10180.13,66.62,0.464,6.0,0.4895,6.0,82.57,17.2829,-6.68158,-35.38604,7e-05,-0.75364
10478.74,BTC-27DEC19,1568804121368,open,0.02,799.6,0.004,0.0345,0.01542695,80.44,0.015,0.0,BTC-27DEC19-20000-C,10180.13,79.35,0.0145,1.0,0.0165,31.0,81.65,9.07979,-3.65623,2.2083,4e-05,0.09244
10478.74,BTC-27DEC19,1568804331397,open,0.04,279.6,0.015,0.066,0.03781424,77.47,0.038,0.0,BTC-27DEC19-16000-C,10180.13,76.23,0.036,41.3,0.0395,41.3,78.62,15.34453,-5.95139,4.64959,7e-05,0.19997
10478.74,BTC-27DEC19,1568804207897,open,0.01,382.9,0.0005,0.022,0.01033571,75.16,0.0105,0.0,BTC-27DEC19-6000-P,10180.13,73.66,0.0095,18.0,0.011,54.8,76.32,5.93727,-2.23404,-1.82119,3e-05,-0.05318
10478.74,BTC-27DEC19,1568804155807,open,0.29,222.0,0.251,0.3135,0.28318737,73.0,0.2865,0.0,BTC-27DEC19-8000-C,10180.13,70.7,0.28,12.0,0.285,5.4,74.29,14.61431,-5.3405,15.25892,7e-05,0.81535
10478.74,BTC-27DEC19,1568804156381,open,0.36,50.4,0.331,0.3805,0.35568196,73.68,0.3615,0.0,BTC-27DEC19-7000-C,10180.13,68.09,0.3505,12.0,0.3635,12.0,81.36,10.14352,-3.74138,15.38991,5e-05,0.89242
10478.74,BTC-27DEC19,1568804123550,open,0.02,503.1,0.0075,0.0465,0.02364206,78.84,0.025,0.0,BTC-27DEC19-18000-C,10180.13,77.36,0.022,77.4,0.025,48.0,80.02,11.86685,-4.68365,3.17672,5e-05,0.13443
10231.76,BTC-27SEP19,1568804325995,open,0.03,107.5,0.011,0.054,0.03166753,69.09,0.0325,0.0,BTC-27SEP19-10500-C,10180.13,66.37,0.03,21.0,0.033,6.3,71.27,6.2557,-24.34756,0.98136,0.00036,0.42609
10231.74,BTC-27SEP19,1568804331962,open,0.03,1081.5,0.011,0.055,0.03182039,68.61,0.0305,0.0,BTC-27SEP19-10000-P,10180.13,66.41,0.0305,5.4,0.033,18.7,70.58,6.14133,-23.7378,-1.0607,0.00035,-0.3945
10231.74,BTC-27SEP19,1568804330312,open,0.09,310.6,0.064,0.1215,0.0925449,70.54,0.091,0.0,BTC-27SEP19-11000-P,10180.13,68.5,0.0915,6.0,0.0935,0.7,72.36,5.30647,-21.08654,-2.03862,0.0003,-0.72681
10478.72,BTC-27DEC19,1568804294273,open,0.05,583.5,0.023,0.073,0.04663838,73.0,0.0455,0.0,BTC-27DEC19-8000-P,10180.13,71.82,0.045,22.0,0.048,19.3,73.97,14.61476,-5.34098,-6.63209,7e-05,-0.18466
10478.72,BTC-27DEC19,1568804303797,open,0.08,620.8,0.048,0.114,0.08061145,72.76,0.0785,0.0,BTC-27DEC19-9000-P,10180.13,71.26,0.078,35.3,0.083,53.8,74.12,18.37443,-6.69263,-10.27102,8e-05,-0.2776
10231.74,BTC-27SEP19,1568804182144,open,0.02,1145.0,0.0035,0.0365,0.01745895,70.52,0.0175,0.0,BTC-27SEP19-11000-C,10180.13,68.67,0.0165,34.3,0.018,0.3,71.57,5.30588,-21.07874,0.63612,0.0003,0.27313
10478.74,BTC-27DEC19,1568804214631,open,0.02,283.3,0.0055,0.031,0.01583292,74.11,0.016,0.0,BTC-27DEC19-6500-P,10180.13,72.31,0.0145,35.0,0.0165,24.0,74.98,7.91412,-2.93606,-2.66105,4e-05,-0.07697
10231.72,BTC-27SEP19,1568804238919,open,0.0,432.7,0.0005,0.0135,0.00351881,81.83,0.0035,0.0,BTC-27SEP19-12500-C,10180.13,76.28,0.0025,80.8,0.004,4.5,84.15,2.05003,-9.45059,0.15576,0.0001,0.06612
10231.74,BTC-27SEP19,1568804184713,open,0.01,1252.2,0.0005,0.0175,0.00544301,76.52,0.0055,0.0,BTC-27SEP19-12000-C,10180.13,74.89,0.005,32.3,0.006,5.0,78.5,2.81931,-12.15376,0.2376,0.00014,0.10094
10478.74,BTC-27DEC19,1568804211544,open,0.03,239.3,0.015,0.0565,0.0340569,73.44,0.0335,0.0,BTC-27DEC19-7500-P,10180.13,72.55,0.033,4.0,0.035,24.0,74.23,12.43345,-4.57129,-5.10456,6e-05,-0.14397
10231.74,BTC-27SEP19,1568804135086,open,0.01,296.5,0.0005,0.0255,0.00988159,73.85,0.011,0.0,BTC-27SEP19-11500-C,10180.13,71.58,0.009,24.1,0.0105,5.6,75.41,4.02621,-16.75003,0.39654,0.00021,0.16926
10231.74,BTC-27SEP19,1568804123384,open,0.0,538.7,0.0005,0.011,0.00121342,96.8,0.001,0.0,BTC-27SEP19-14000-C,10180.13,94.1,0.001,1.9,0.0015,23.0,99.99,0.8584,-4.68098,0.05335,3e-05,0.02265
10231.74,BTC-27SEP19,1568804121813,open,0.0,718.3,0.0005,0.012,0.00208067,84.9,0.003,0.0,BTC-27SEP19-13000-C,10180.13,80.22,0.0015,52.5,0.0025,3.6,87.81,1.39461,-6.6698,0.0961,6e-05,0.04071
10231.72,BTC-27SEP19,1568804124572,open,0.0,935.6,0.0005,0.0105,0.00072501,106.47,0.001,0.0,BTC-27SEP19-15000-C,10180.13,101.65,0.0005,1.0,0.001,23.0,111.12,0.54005,-3.23905,0.03096,2e-05,0.01317
10231.74,BTC-27SEP19,1568804332740,open,0.06,161.2,0.031,0.085,0.05788518,69.11,0.057,0.0,BTC-27SEP19-10500-P,10180.13,66.01,0.056,24.6,0.059,6.7,70.92,6.25574,-24.35334,-1.5719,0.00036,-0.57389
10231.74,BTC-27SEP19,1568804121808,open,0.0,695.0,0.0005,0.0105,2.963e-05,110.0,0.0005,0.0,BTC-27SEP19-18000-C,10180.13,0.0,0.0,0.0,0.0005,8.0,142.02,0.03715,-0.23019,0.00159,0.0,0.00067
10231.74,BTC-27SEP19,1568804217730,open,0.32,725.9,0.302,0.3305,0.31610496,97.08,0.335,0.0,BTC-27SEP19-7000-C,10180.13,0.0,0.3095,11.0,0.323,12.1,168.34,0.22638,-1.23801,1.6894,1e-05,0.99511
10231.74,BTC-27SEP19,1568804138106,open,0.01,1557.4,0.0005,0.02,0.00711072,73.56,0.007,0.0,BTC-27SEP19-9000-P,10180.13,71.56,0.0065,0.1,0.0075,34.4,74.79,3.18938,-13.21617,-0.31595,0.00017,-0.11988
10231.74,BTC-27SEP19,1568804121278,open,0.0,575.7,0.0005,0.0105,0.00030664,110.0,0.0005,0.0,BTC-27SEP19-16000-C,10180.13,0.0,0.0,0.0,0.001,58.0,126.63,0.26547,-1.64499,0.01381,1e-05,0.00586
10231.74,BTC-27SEP19,1568804123520,open,0.0,1261.1,0.0005,0.0105,0.00025057,97.35,0.0005,0.0,BTC-27SEP19-7000-P,10180.13,0.0,0.0,0.0,0.0005,5.0,105.88,0.23035,-1.2632,-0.01304,1e-05,-0.00499
10231.74,BTC-27SEP19,1568804123817,open,0.0,1551.1,0.0005,0.011,0.0014801,85.33,0.0015,0.0,BTC-27SEP19-8000-P,10180.13,79.91,0.001,50.0,0.0015,8.0,85.53,1.01616,-4.88479,-0.07262,5e-05,-0.02771
10231.74,BTC-27SEP19,1568804319473,open,0.17,4.1,0.153,0.192,0.17218852,77.21,0.169,0.0,BTC-27SEP19-8500-C,10180.13,0.0,0.1645,10.0,0.18,11.1,108.84,1.76907,-7.69487,1.92338,9e-05,0.94523
10231.71,BTC-27SEP19,1568804331949,open,0.02,228.5,0.003,0.0335,0.01529355,69.49,0.0155,0.0,BTC-27SEP19-9500-P,10180.13,67.8,0.0145,22.6,0.0155,0.3,69.92,4.84437,-18.96272,-0.61021,0.00027,-0.22997
10231.74,BTC-27SEP19,1568804121811,open,0.0,811.8,0.0005,0.0105,2.57e-06,110.0,0.0005,0.0,BTC-27SEP19-20000-C,10180.13,0.0,0.0,0.0,0.0005,8.0,164.48,0.00429,-0.02624,0.00016,0.0,7e-05
10231.72,BTC-27SEP19,1568804156053,open,0.0,413.9,0.0005,0.0125,0.00293687,77.25,0.0025,0.0,BTC-27SEP19-8500-P,10180.13,74.62,0.0025,15.6,0.0035,38.0,80.36,1.77137,-7.70905,-0.14381,9e-05,-0.05486
10191.03,SYN.BTC-20SEP19,1568804346127,open,0.06,21.4,0.035,0.0845,0.05931762,73.93,0.0535,0.0,BTC-20SEP19-10750-P,10180.13,50.48,0.056,6.1,0.0595,6.1,74.95,1.80115,-35.49441,-0.46926,0.00046,-0.83673
214.32,ETH-27SEP19,1568804346135,open,0.01,291.0,0.001,0.024,0.008711,85.12,0.011,0.0,ETH-27SEP19-250-C,213.76,79.9,0.007,500.0,0.011,501.0,91.51,0.07331,-0.35154,0.00669,0.00771,0.13703
213.88,SYN.ETH-20SEP19,1568804346137,open,0.0,32.0,0.001,0.017,0.003253,79.61,0.006,0.0,ETH-20SEP19-200-P,213.76,77.75,0.003,200.0,0.005,200.0,91.15,0.02963,-0.62868,-0.00129,0.01583,-0.11427
10191.03,SYN.BTC-20SEP19,1568804346167,open,0.12,0.0,0.099,0.137,0.11760144,92.39,None,0.0,BTC-20SEP19-9000-C,10180.13,0.0,0.1165,10.0,0.134,5.0,214.71,0.47064,-11.59111,0.44741,0.0001,0.97191
214.32,ETH-27SEP19,1568804346219,open,0.39,853.0,0.36,0.448,0.401669,109.86,0.673,0.0,ETH-27SEP19-300-P,213.76,0.0,0.049,16.0,1.82,5.0,500.0,0.02288,-0.14161,-0.07147,0.00186,-0.96978
218.92,ETH-27DEC19,1568804346223,open,0.5,101.0,0.451,0.576,0.513992,81.69,0.513,0.0,ETH-27DEC19-320-P,213.76,0.0,0.006,10.0,0.0,0.0,0.0,0.36386,-0.1488,-0.75721,0.0034,-0.75006
218.92,ETH-27DEC19,1568804346223,open,0.0,14121.0,0.001,0.014,0.004015,93.34,0.003,0.0,ETH-27DEC19-640-C,213.76,85.26,0.002,6090.0,0.006,50.0,98.92,0.06784,-0.0317,0.01281,0.00055,0.0254
214.32,ETH-27SEP19,1568804346225,open,0.85,79.0,0.813,0.924,0.866376,110.0,0.351,0.0,ETH-27SEP19-400-P,213.76,0.0,0.0,0.0,0.0,0.0,0.0,0.00024,-0.0015,-0.09726,2e-05,-0.99981
214.32,ETH-27SEP19,1568804346228,open,0.09,2662.0,0.054,0.116,0.08681,76.35,0.093,0.0,ETH-27SEP19-200-C,213.76,66.63,0.082,173.0,0.09,173.0,82.57,0.10862,-0.46719,0.03399,0.01274,0.73902
218.92,ETH-27DEC19,1568804346228,open,2.26,0.0,2.194,2.398,2.291823,97.37,None,0.0,ETH-27DEC19-720-P,213.76,0.0,0.003,5.0,0.0,0.0,0.0,0.05222,-0.02546,-1.96075,0.00041,-0.98136
218.92,ETH-27DEC19,1568804346246,open,0.01,2664.0,0.003,0.029,0.012621,88.79,0.012,0.0,ETH-27DEC19-480-C,213.76,86.46,0.011,20.0,0.015,200.0,91.94,0.15782,-0.07015,0.03582,0.00136,0.07242
