underlying_price,underlying_index,timestamp,state,settlement_price,open_interest,min_price,max_price,mark_price,mark_iv,last_price,interest_rate,instrument_name,index_price,bid_iv,best_bid_price,best_bid_amount,best_ask_price,best_ask_amount,ask_iv,vega,theta,rho,gamma,delta
7634.18,BTC-26JUN20,1577185140156,open,0.05,290.4,0.027,0.0805,0.0484703,73.12,0.0525,0.0,BTC-26JUN20-5000-P,7384.95,70.92,0.045,25.1,0.051,42.3,74.69,12.18351,-2.40947,-7.34788,6e-05,-0.14155
7484.71,BTC-27MAR20,1577185140332,open,0.04,618.6,0.024,0.081,0.04690211,69.64,0.0485,0.0,BTC-27MAR20-10000-C,7384.95,68.17,0.0445,26.0,0.049,12.0,70.91,12.3086,-4.56518,4.09942,0.00012,0.25985
7391.87,BTC-27DEC19,1577185140364,open,0.17,3.0,0.1275,0.178,0.15080817,83.23,0.12,0.0,BTC-27DEC19-8500-P,7384.97,0.0,0.001,10.0,0.2695,0.1,490.54,0.46938,-6.79228,-0.65164,0.00013,-0.96813
7391.89,BTC-27DEC19,1577185140364,open,1.2,18.0,1.1225,1.2085,1.16454023,230.9,1.261,0.0,BTC-27DEC19-16000-P,7384.97,0.0,0.0,0.0,0.0,0.0,0.0,0.00317,-0.12715,-1.26051,0.0,-0.99988
7391.89,BTC-27DEC19,1577185140364,open,4.51,0.0,4.3055,4.5215,4.41135058,495.93,2.58,0.0,BTC-27DEC19-40000-P,7384.97,0.0,0.001,1.0,0.0,0.0,0.0,0.00379,-0.32715,-3.15137,0.0,-0.99985
7391.89,BTC-27DEC19,1577185140366,open,3.96,1.3,3.775,3.969,3.87021552,465.23,3.212,0.0,BTC-27DEC19-36000-P,7384.97,0.0,0.0005,1.0,0.0,0.0,0.0,0.00364,-0.29425,-2.83623,0.0,-0.99986
7391.89,BTC-27DEC19,1577185140366,open,1.48,9.4,1.3875,1.4845,1.43510776,264.84,1.559,0.0,BTC-27DEC19-18000-P,7384.97,0.0,0.0,0.0,0.0,0.0,0.0,0.00313,-0.1442,-1.41808,0.0,-0.99988
7391.89,BTC-27DEC19,1577185140366,open,2.86,0.2,2.714,2.865,2.7879454,392.32,2.2765,0.0,BTC-27DEC19-28000-P,7384.97,0.0,0.0005,1.0,0.0,0.0,0.0,0.00334,-0.22806,-2.20594,0.0,-0.99987
7634.41,BTC-26JUN20,1577185140366,open,1.96,0.0,1.833,1.9875,1.90237838,89.32,None,0.0,BTC-26JUN20-22000-P,7384.97,0.0,0.11,1.0,2.22,0.1,221.46,8.74805,-2.11321,-108.79157,3e-05,-0.91103
7484.88,BTC-27MAR20,1577185140367,open,0.0,251.8,0.0005,0.019,0.00485545,99.29,0.004,0.0,BTC-27MAR20-22000-C,7384.97,96.61,0.004,47.4,0.0055,8.3,101.11,2.5412,-1.34386,0.47285,2e-05,0.02942
7391.89,BTC-27DEC19,1577185140367,open,3.41,0.3,3.2445,3.417,3.32908046,431.01,2.744,0.0,BTC-27DEC19-32000-P,7384.97,0.0,0.0005,1.0,0.0,0.0,0.0,0.00349,-0.26123,-2.52108,0.0,-0.99986
7427.58,SYN.BTC-31JAN20,1577185140364,open,0.14,34.4,0.13,0.185,0.15050793,59.39,0.158,0.0,BTC-31JAN20-6500-C,7384.97,57.23,0.1485,10.0,0.1535,17.0,62.54,6.97059,-5.46519,4.89872,0.00021,0.78608
7427.58,SYN.BTC-31JAN20,1577185140364,open,0.26,2.0,0.2485,0.29,0.26780392,70.18,0.257,0.0,BTC-31JAN20-5500-C,7384.97,0.0,0.2595,7.1,0.273,7.0,80.39,3.3747,-3.1265,5.06809,8e-05,0.92535
7634.41,BTC-26JUN20,1577185140368,open,1.7,0.1,1.579,1.7275,1.64518912,87.39,1.85,0.0,BTC-26JUN20-20000-P,7384.97,0.0,0.0,0.0,1.88,0.1,186.78,10.07837,-2.38187,-98.113,4e-05,-0.89207
7391.89,BTC-27DEC19,1577185140368,open,2.58,0.0,2.4485,2.589,2.51737788,370.89,None,0.0,BTC-27DEC19-26000-P,7384.97,0.0,0.0005,1.0,0.0,0.0,0.0,0.00328,-0.21141,-2.04837,0.0,-0.99987
7391.89,BTC-27DEC19,1577185140368,open,2.03,4.9,1.918,2.0365,1.97624282,322.67,2.217,0.0,BTC-27DEC19-22000-P,7384.97,0.0,0.0005,1.0,0.0,0.0,0.0,0.00317,-0.17795,-1.73323,0.0,-0.99988
7399.01,SYN.BTC-3JAN20,1577185140364,open,0.0,123.7,0.0005,0.022,0.00505819,54.21,0.005,0.0,BTC-3JAN20-8250-C,7384.97,50.83,0.004,67.2,0.006,25.0,56.98,2.43114,-6.67312,0.22962,0.0003,0.11976
7634.41,BTC-26JUN20,1577185140368,open,2.22,0.0,2.0885,2.251,2.16149316,91.78,None,0.0,BTC-26JUN20-24000-P,7384.97,0.0,0.002,1.0,0.0,0.0,0.0,7.83091,-1.94375,-119.2821,3e-05,-0.92321
7399.01,SYN.BTC-3JAN20,1577185140364,open,0.02,178.2,0.0035,0.038,0.01327209,52.6,0.015,0.0,BTC-3JAN20-7000-P,7384.97,51.11,0.0125,13.1,0.0145,20.0,54.95,3.84272,-10.2339,-0.52104,0.00049,-0.247
7391.89,BTC-27DEC19,1577185140369,open,3.13,0.2,2.979,3.141,3.05851293,412.29,2.51,0.0,BTC-27DEC19-30000-P,7384.97,0.0,0.0005,1.0,0.0,0.0,0.0,0.00341,-0.24467,-2.36351,0.0,-0.99987
128.61,ETH-27DEC19,1577185141251,open,0.21,2.0,0.199,0.247,0.222741,116.62,0.229,0.0,ETH-27DEC19-100-C,128.53,0.0,0.207,32.0,0.233,32.0,237.61,0.00209,-0.04237,0.00781,0.00138,0.99348
7392.01,BTC-27DEC19,1577185141372,open,0.24,802.0,0.194,0.2465,0.21803789,101.5,0.2615,0.0,BTC-27DEC19-9000-P,7385.05,0.0,0.18,0.2,0.258,0.1,304.74,0.26536,-4.68315,-0.69994,6e-05,-0.98381
7485.01,BTC-27MAR20,1577185141372,open,4.45,1.0,4.2395,4.4585,4.34487768,116.23,4.54,0.0,BTC-27MAR20-40000-P,7385.05,0.0,0.0015,10.0,0.0,0.0,0.0,0.58864,-0.36441,-102.78997,0.0,-0.99459
7399.08,SYN.BTC-3JAN20,1577185141375,open,0.01,210.6,0.005,0.043,0.01498779,49.88,0.0135,0.0,BTC-3JAN20-7750-C,7385.05,49.03,0.0145,3.0,0.0165,20.0,52.51,4.23322,-10.69127,0.57107,0.00057,0.30024
7392.01,BTC-27DEC19,1577185141387,open,0.07,20.2,0.031,0.08,0.05251449,53.51,0.062,0.0,BTC-27DEC19-7750-P,7385.05,46.1,0.051,5.0,0.0545,5.0,61.92,1.63224,-15.18731,-0.51656,0.00071,-0.83445
7485.09,BTC-27MAR20,1577185141387,open,0.46,7.4,0.458,0.4925,0.4732103,79.71,0.4255,0.0,BTC-27MAR20-4000-C,7385.05,49.89,0.466,8.1,0.4765,8.0,86.58,3.26282,-1.38531,9.37369,3e-05,0.96013
7399.08,SYN.BTC-3JAN20,1577185141389,open,0.03,34.9,0.012,0.0545,0.02383966,50.72,0.03,0.0,BTC-3JAN20-7250-P,7385.05,51.77,0.0245,0.1,0.025,1.1,52.56,4.66126,-11.96996,-0.8236,0.00062,-0.38756
128.6,ETH-27DEC19,1577185141508,open,0.18,1230.0,0.133,0.207,0.167921,98.83,0.123,0.0,ETH-27DEC19-150-P,128.53,0.0,0.147,21.0,0.191,21.0,215.62,0.01054,-0.18112,-0.01139,0.00818,-0.95644
128.6,ETH-27DEC19,1577185141723,open,0.18,1230.0,0.133,0.207,0.167921,98.83,0.123,0.0,ETH-27DEC19-150-P,128.53,0.0,0.146,21.0,0.191,21.0,215.62,0.01054,-0.18112,-0.01139,0.00818,-0.95644
131.56,ETH-26JUN20,1577185141973,open,0.04,312.0,0.016,0.084,0.044068,94.62,0.04,0.0,ETH-26JUN20-320-C,128.53,92.85,0.041,180.0,0.047,580.0,96.28,0.23036,-0.05895,0.07909,0.00278,0.16275
131.56,ETH-26JUN20,1577185142091,open,0.16,188.0,0.11,0.218,0.163785,83.33,0.169,0.0,ETH-26JUN20-160-C,128.53,81.29,0.158,483.0,0.169,483.0,85.17,0.37332,-0.08414,0.21515,0.00511,0.48666
128.61,ETH-27DEC19,1577185142099,open,0.0,1104.0,0.001,0.011,4e-06,120.0,0.001,0.0,ETH-27DEC19-190-C,128.53,0.0,0.0,0.0,0.001,376.0,198.5,7e-05,-0.0005,0.0,4e-05,0.00015
128.61,ETH-27DEC19,1577185142099,open,0.04,677.0,0.006,0.062,0.027474,60.8,0.031,0.0,ETH-27DEC19-130-P,128.53,53.69,0.025,470.0,0.029,350.0,65.16,0.04487,-0.47433,-0.00604,0.05664,-0.56837
128.61,ETH-27DEC19,1577185142103,open,0.14,126.0,0.119,0.174,0.146152,102.22,0.177,0.0,ETH-27DEC19-110-C,128.53,0.0,0.144,1.0,0.15,40.0,137.17,0.00954,-0.16958,0.00826,0.00716,0.96147
131.56,ETH-26JUN20,1577185142103,open,0.2,496.0,0.152,0.259,0.206247,82.04,0.213,0.0,ETH-26JUN20-140-C,128.53,80.16,0.201,476.0,0.212,675.0,84.1,0.36717,-0.08146,0.24476,0.00511,0.57355
128.61,ETH-27DEC19,1577185142145,open,0.0,4519.0,0.001,0.011,0.000286,120.0,0.001,0.0,ETH-27DEC19-100-P,128.53,0.0,0.0,0.0,0.001,378.0,143.12,0.00246,-0.03675,-8e-05,0.00157,-0.00786
129.56,ETH-27MAR20,1577185142145,open,2.75,0.0,2.598,2.835,2.709862,116.18,None,0.0,ETH-27MAR20-480-P,128.53,0.0,0.004,50.0,0.0,0.0,0.0,0.04085,-0.02528,-1.22723,0.00081,-0.97308
128.61,ETH-27DEC19,1577185142151,open,1.52,100.0,1.416,1.564,1.488142,132.81,0.883,0.0,ETH-27DEC19-320-P,128.53,0.0,0.011,5.0,0.0,0.0,0.0,0.0,0.0,-0.02521,0.0,-1.0
128.61,ETH-27DEC19,1577185142155,open,0.0,5519.0,0.001,0.011,2.7e-05,120.0,0.001,0.0,ETH-27DEC19-180-C,128.53,0.0,0.0,0.0,0.001,374.0,175.21,0.00037,-0.00353,1e-05,0.00024,0.00096
129.56,ETH-27MAR20,1577185142155,open,1.2,161.0,1.105,1.262,1.178709,96.73,1.397,0.0,ETH-27MAR20-280-P,128.53,0.0,0.002,50.0,0.0,0.0,0.0,0.10885,-0.05608,-0.69518,0.00261,-0.90754
129.56,ETH-27MAR20,1577185142157,open,0.02,1037.0,0.008,0.042,0.021429,84.22,0.022,0.0,ETH-27MAR20-80-P,128.53,81.2,0.019,670.0,0.024,650.0,87.29,0.10648,-0.04777,-0.03705,0.00293,-0.08975
129.56,ETH-27MAR20,1577185142162,open,0.12,167.0,0.083,0.169,0.125388,77.75,0.128,0.0,ETH-27MAR20-140-C,128.53,75.58,0.121,656.0,0.131,617.0,80.52,0.26213,-0.10855,0.12491,0.00781,0.50024
128.61,ETH-27DEC19,1577185142162,open,2.15,15.0,2.02,2.206,2.110178,125.0,1.248,0.0,ETH-27DEC19-400-P,128.53,0.0,0.002,50.0,0.0,0.0,0.0,0.0,0.0,-0.03151,0.0,-1.0
128.61,ETH-27DEC19,1577185142162,open,1.68,0.0,1.567,1.725,1.643651,125.0,None,0.0,ETH-27DEC19-340-P,128.53,0.0,0.003,9.0,0.0,0.0,0.0,0.0,0.0,-0.02679,0.0,-1.0
128.61,ETH-27DEC19,1577185142162,open,0.0,2179.0,0.001,0.011,0.0,119.99,0.001,0.0,ETH-27DEC19-300-C,128.53,0.0,0.0,0.0,0.001,350.0,380.63,0.0,0.0,0.0,0.0,0.0
128.61,ETH-27DEC19,1577185142162,open,4.67,0.0,4.435,4.771,4.598321,250.0,None,0.0,ETH-27DEC19-720-P,128.53,0.0,0.004,50.0,0.0,0.0,0.0,0.0,0.0,-0.05673,0.0,-1.0
129.56,ETH-27MAR20,1577185142162,open,2.44,0.0,2.299,2.518,2.402126,112.98,None,0.0,ETH-27MAR20-440-P,128.53,0.0,0.003,50.0,0.0,0.0,0.0,0.04758,-0.02863,-1.12288,0.00098,-0.96766
131.56,ETH-26JUN20,1577185142162,open,3.33,0.0,3.138,3.427,3.273658,107.79,None,0.0,ETH-26JUN20-560-P,128.53,0.0,0.01,50.0,0.0,0.0,0.0,0.12044,-0.03511,-2.80368,0.00127,-0.93378
128.61,ETH-27DEC19,1577185142162,open,0.0,2308.0,0.001,0.011,0.001454,102.26,0.001,0.0,ETH-27DEC19-110-P,128.53,95.49,0.001,794.0,0.002,350.0,108.97,0.00955,-0.16985,-0.00041,0.00717,-0.03858
131.56,ETH-26JUN20,1577185142162,open,0.13,2383.0,0.082,0.185,0.132169,84.75,0.138,0.0,ETH-26JUN20-180-C,128.53,82.88,0.127,489.0,0.137,629.0,86.49,0.36475,-0.0836,0.18757,0.00491,0.41365
128.61,ETH-27DEC19,1577185142162,open,1.99,0.0,1.869,2.045,1.954669,125.0,None,0.0,ETH-27DEC19-380-P,128.53,0.0,0.02,50.0,0.0,0.0,0.0,0.0,0.0,-0.02994,0.0,-1.0
128.61,ETH-27DEC19,1577185142164,open,3.09,36.0,2.926,3.168,3.043546,500.0,2.65,0.0,ETH-27DEC19-520-P,128.53,0.0,0.003,50.0,0.0,0.0,0.0,0.00063,-0.05477,-0.04095,0.0001,-0.99828
131.56,ETH-26JUN20,1577185142164,open,0.01,626.0,0.003,0.038,0.013534,110.63,0.012,0.0,ETH-26JUN20-640-C,128.53,108.57,0.012,350.0,0.015,140.0,112.48,0.10129,-0.03031,0.02636,0.00104,0.0531
131.56,ETH-26JUN20,1577185142164,open,0.09,803.0,0.047,0.14,0.090027,87.56,0.092,0.0,ETH-26JUN20-220-C,128.53,85.53,0.085,468.0,0.095,818.0,89.55,0.3274,-0.07753,0.14245,0.00427,0.30381
131.56,ETH-26JUN20,1577185142164,open,3.02,0.0,2.843,3.117,2.971645,105.89,None,0.0,ETH-26JUN20-520-P,128.53,0.0,0.01,50.0,0.0,0.0,0.0,0.13112,-0.03755,-2.59728,0.00141,-0.92605
128.61,ETH-27DEC19,1577185142164,open,0.0,1657.0,0.001,0.011,0.000168,120.0,0.001,0.0,ETH-27DEC19-170-C,128.53,0.0,0.0,0.0,0.001,575.0,149.99,0.00169,-0.02164,5e-05,0.00108,0.00514
128.61,ETH-27DEC19,1577185142168,open,2.78,21.0,2.624,2.847,2.732504,490.79,2.37,0.0,ETH-27DEC19-480-P,128.53,0.0,0.002,50.0,0.0,0.0,0.0,0.00089,-0.07595,-0.03779,0.00014,-0.99749
131.56,ETH-26JUN20,1577185142168,open,2.72,0.0,2.549,2.805,2.66908,102.86,None,0.0,ETH-26JUN20-480-P,128.53,0.0,0.01,50.0,0.0,0.0,0.0,0.1398,-0.03889,-2.39132,0.00155,-0.91954
128.61,ETH-27DEC19,1577185142170,open,2.46,0.0,2.322,2.527,2.421462,459.24,None,0.0,ETH-27DEC19-440-P,128.53,0.0,0.002,50.0,0.0,0.0,0.0,0.00087,-0.06944,-0.03464,0.00015,-0.99755
131.56,ETH-26JUN20,1577185142170,open,0.11,1420.0,0.061,0.16,0.108118,86.1,0.111,0.0,ETH-26JUN20-200-C,128.53,84.16,0.103,464.0,0.113,814.0,87.94,0.34789,-0.08101,0.1632,0.00461,0.35303
128.98,SYN.ETH-31JAN20,1577185142170,open,0.02,1370.0,0.005,0.036,0.017344,77.17,0.017,0.0,ETH-31JAN20-100-P,128.53,75.12,0.016,160.0,0.019,510.0,79.62,0.08577,-0.08737,-0.01912,0.00644,-0.1255
129.56,ETH-27MAR20,1577185142172,open,1.51,10.0,1.402,1.574,1.482433,101.47,1.59,0.0,ETH-27MAR20-320-P,128.53,0.0,0.011,5.0,0.0,0.0,0.0,0.08513,-0.04601,-0.80492,0.00194,-0.93316
131.56,ETH-26JUN20,1577185142175,open,0.01,308.0,0.003,0.04,0.01504,109.16,0.017,0.0,ETH-26JUN20-600-C,128.53,106.61,0.013,490.0,0.017,140.0,111.42,0.1098,-0.03242,0.02917,0.00115,0.05881
131.56,ETH-26JUN20,1577185142175,open,0.02,330.0,0.005,0.049,0.020555,102.86,0.025,0.0,ETH-26JUN20-480-C,128.53,101.37,0.019,490.0,0.022,1.0,104.2,0.1398,-0.03889,0.03992,0.00155,0.08046
131.56,ETH-26JUN20,1577185142177,open,2.11,0.0,1.963,2.189,2.068978,98.87,None,0.0,ETH-26JUN20-400-P,128.53,0.0,0.01,50.0,0.0,0.0,0.0,0.17563,-0.04696,-1.972,0.00203,-0.89037
129.56,ETH-27MAR20,1577185142177,open,3.07,0.0,2.898,3.152,3.017916,119.36,None,0.0,ETH-27MAR20-520-P,128.53,0.0,0.006,50.0,0.0,0.0,0.0,0.03597,-0.02287,-1.33114,0.0007,-0.97687
128.61,ETH-27DEC19,1577185142179,open,0.01,1585.0,0.002,0.046,0.016634,60.7,0.014,0.0,ETH-27DEC19-130-C,128.53,56.01,0.015,308.0,0.018,350.0,64.62,0.04487,-0.47358,0.0042,0.05672,0.4315
131.56,ETH-26JUN20,1577185142232,open,1.21,0.0,1.096,1.285,1.18573,92.29,None,0.0,ETH-26JUN20-280-P,128.53,0.0,0.011,3.0,0.0,0.0,0.0,0.26654,-0.06653,-1.31944,0.00329,-0.79433
128.98,SYN.ETH-31JAN20,1577185142232,open,0.73,1.0,0.658,0.769,0.710411,89.46,0.739,0.0,ETH-31JAN20-220-P,128.53,0.0,0.01,50.0,0.0,0.0,0.0,0.03849,-0.04545,-0.22306,0.00249,-0.95627
128.61,ETH-27DEC19,1577185142234,open,3.41,0.0,3.228,3.488,3.354249,125.0,0.845,0.0,ETH-27DEC19-560-P,128.53,0.0,0.02,50.0,0.0,0.0,0.0,0.0,0.0,-0.04412,0.0,-1.0
128.61,ETH-27DEC19,1577185142234,open,0.57,3511.0,0.51,0.603,0.55509,120.0,0.726,0.0,ETH-27DEC19-200-P,128.53,0.0,0.025,5.0,0.0,0.0,0.0,1e-05,-0.00022,-0.01576,1e-05,-0.99998
128.98,SYN.ETH-31JAN20,1577185142234,open,0.42,25.0,0.361,0.46,0.408297,77.98,0.35,0.0,ETH-31JAN20-180-P,128.53,0.0,0.012,5.0,0.0,0.0,0.0,0.08054,-0.0829,-0.17312,0.00598,-0.88521
128.61,ETH-27DEC19,1577185142236,open,4.35,1.0,4.134,4.451,4.287714,500.0,2.792,0.0,ETH-27DEC19-680-P,128.53,0.0,0.02,50.0,0.0,0.0,0.0,9e-05,-0.00778,-0.05357,1e-05,-0.99979
131.56,ETH-26JUN20,1577185142236,open,0.65,245.0,0.55,0.711,0.628337,86.1,0.71,0.0,ETH-26JUN20-200-P,128.53,0.0,0.001,10.0,0.0,0.0,0.0,0.34789,-0.08101,-0.84981,0.00461,-0.64697
128.61,ETH-27DEC19,1577185142236,open,4.04,0.0,3.832,4.13,3.976672,500.0,None,0.0,ETH-27DEC19-640-P,128.53,0.0,0.02,50.0,0.0,0.0,0.0,0.00014,-0.01249,-0.05042,2e-05,-0.99966
128.61,ETH-27DEC19,1577185142236,open,0.0,1759.0,0.001,0.011,0.0,120.0,0.001,0.0,ETH-27DEC19-360-C,128.53,0.0,0.0,0.0,0.001,350.0,448.31,0.0,0.0,0.0,0.0,0.0
128.61,ETH-27DEC19,1577185142236,open,0.01,8052.0,0.001,0.025,0.006257,81.29,0.006,0.0,ETH-27DEC19-120-P,128.53,80.09,0.006,199.0,0.007,847.0,84.68,0.02772,-0.39183,-0.00168,0.02617,-0.15953
128.61,ETH-27DEC19,1577185142236,open,1.83,257.0,1.718,1.885,1.799378,386.71,0.995,0.0,ETH-27DEC19-360-P,128.53,0.0,0.02,50.0,0.0,0.0,0.0,0.00084,-0.0563,-0.02834,0.00017,-0.99765
128.61,ETH-27DEC19,1577185142236,open,0.29,0.0,0.279,0.32,0.300219,120.0,None,0.0,ETH-27DEC19-90-C,128.53,0.0,0.0,0.0,0.0,0.0,0.0,0.00014,-0.00289,0.00709,9e-05,0.99967
129.56,ETH-27MAR20,1577185142238,open,0.46,1550.0,0.387,0.515,0.448903,82.26,0.47,0.0,ETH-27MAR20-180-P,128.53,64.6,0.421,30.0,0.497,300.0,108.53,0.2216,-0.09709,-0.38914,0.00624,-0.71891
128.61,ETH-27DEC19,1577185142238,open,0.0,12837.0,0.001,0.011,0.0,120.0,0.001,0.0,ETH-27DEC19-200-C,128.53,0.0,0.0,0.0,0.001,646.0,220.15,1e-05,-6e-05,0.0,1e-05,2e-05
129.56,ETH-27MAR20,1577185142238,open,0.12,1373.0,0.074,0.16,0.114916,76.94,0.117,0.0,ETH-27MAR20-120-P,128.53,74.85,0.111,926.0,0.119,238.0,79.12,0.24278,-0.0995,-0.15415,0.00731,-0.3477
128.98,SYN.ETH-31JAN20,1577185142238,open,1.04,0.0,0.958,1.085,1.018558,101.73,None,0.0,ETH-31JAN20-260-P,128.53,0.0,0.01,50.0,0.0,0.0,0.0,0.02356,-0.03163,-0.26693,0.00134,-0.97589
131.56,ETH-26JUN20,1577185142240,open,0.39,833.0,0.31,0.452,0.380028,83.36,0.354,0.0,ETH-26JUN20-160-P,128.53,78.06,0.365,210.0,0.397,210.0,89.34,0.37333,-0.08416,-0.59526,0.00511,-0.51327
128.61,ETH-27DEC19,1577185142240,open,0.26,13324.0,0.208,0.285,0.244669,113.43,0.302,0.0,ETH-27DEC19-160-P,128.53,0.0,0.003,11.0,0.5,3.0,500.0,0.00483,-0.09516,-0.01244,0.00326,-0.98295
128.61,ETH-27DEC19,1577185142240,open,1.2,310.0,1.114,1.244,1.177294,296.12,0.49,0.0,ETH-27DEC19-280-P,128.53,0.0,0.003,9.0,0.0,0.0,0.0,0.00083,-0.04292,-0.02204,0.00022,-0.99766
128.61,ETH-27DEC19,1577185142240,open,0.0,2113.0,0.001,0.011,0.0,120.0,0.001,0.0,ETH-27DEC19-280-C,128.53,0.0,0.0,0.0,0.001,351.0,354.4,0.0,0.0,0.0,0.0,0.0
128.98,SYN.ETH-31JAN20,1577185142240,open,0.23,0.0,0.211,0.272,0.241943,77.08,None,0.0,ETH-31JAN20-100-C,128.53,41.79,0.226,37.0,0.254,37.0,93.63,0.08566,-0.08716,0.08469,0.00644,0.87472
131.56,ETH-26JUN20,1577185142246,open,2.41,0.0,2.256,2.499,2.369887,102.11,None,0.0,ETH-26JUN20-440-P,128.53,0.0,0.01,50.0,0.0,0.0,0.0,0.16086,-0.04442,-2.18084,0.0018,-0.90286
128.61,ETH-27DEC19,1577185142248,open,1.36,1.0,1.265,1.404,1.332815,320.99,0.494,0.0,ETH-27DEC19-300-P,128.53,0.0,0.02,50.0,0.0,0.0,0.0,0.00083,-0.0463,-0.02361,0.0002,-0.99768
128.68,SYN.ETH-3JAN20,1577185142248,open,0.26,0.0,0.208,0.289,0.246499,80.79,None,0.0,ETH-3JAN20-160-P,128.53,0.0,0.0,0.0,0.0,0.0,0.0,0.02452,-0.1003,-0.04138,0.00677,-0.9421
7485.22,BTC-27MAR20,1577185142581,open,3.09,0.0,2.93,3.101,3.01049946,111.92,None,0.0,BTC-27MAR20-30000-P,7385.05,0.0,0.0015,10.0,0.0,0.0,0.0,1.46261,-0.87186,-76.91355,1e-05,-0.9847
7634.87,BTC-26JUN20,1577185142591,open,3.02,0.0,2.856,3.044,2.94177708,98.07,None,0.0,BTC-26JUN20-30000-P,7385.05,0.0,0.002,1.0,0.0,0.0,0.0,5.91463,-1.56873,-150.36427,2e-05,-0.94649
7634.87,BTC-26JUN20,1577185142606,open,2.75,0.0,2.6,2.78,2.68182618,96.81,None,0.0,BTC-26JUN20-28000-P,7385.05,0.0,0.002,1.0,0.0,0.0,0.0,6.60589,-1.72954,-139.99948,2e-05,-0.93842
7634.87,BTC-26JUN20,1577185142606,open,3.29,0.0,3.1125,3.31,3.20297798,100.46,None,0.0,BTC-26JUN20-32000-P,7385.05,0.0,0.002,1.0,0.0,0.0,0.0,5.58544,-1.5175,-160.60905,2e-05,-0.95021
7485.22,BTC-27MAR20,1577185142606,open,3.91,0.0,3.7155,3.9155,3.8108996,115.72,None,0.0,BTC-27MAR20-36000-P,7385.05,0.0,0.0015,10.0,0.0,0.0,0.0,0.88584,-0.54599,-92.4517,1e-05,-0.99141
7485.22,BTC-27MAR20,1577185142616,open,3.63,0.0,3.4535,3.644,3.54419583,115.87,None,0.0,BTC-27MAR20-34000-P,7385.05,0.0,0.0015,10.0,0.0,0.0,0.0,1.12136,-0.69204,-87.266,1e-05,-0.98875
7485.22,BTC-27MAR20,1577185142616,open,3.36,0.0,3.192,3.373,3.27744507,114.75,None,0.0,BTC-27MAR20-32000-P,7385.05,0.0,0.0015,10.0,0.0,0.0,0.0,1.33041,-0.81312,-82.08336,1e-05,-0.98629
7392.07,BTC-27DEC19,1577185142618,open,6.16,0.8,5.897,6.178,6.03469865,500.0,6.1425,0.0,BTC-27DEC19-52000-P,7385.05,0.0,0.001,1.0,0.0,0.0,0.0,0.00043,-0.03752,-4.09687,0.0,-0.99999
131.56,ETH-26JUN20,1577185144256,open,0.26,176.0,0.213,0.317,0.266137,82.02,0.279,0.0,ETH-26JUN20-120-C,128.53,66.47,0.226,50.0,0.273,210.0,84.71,0.33765,-0.0749,0.27143,0.0047,0.67344
7485.44,BTC-27MAR20,1577185144391,open,0.07,337.8,0.0415,0.1075,0.06974571,67.7,0.0675,0.0,BTC-27MAR20-9000-C,7385.19,66.24,0.067,13.0,0.0725,20.0,69.15,14.16826,-5.10847,5.54042,0.00015,0.35753
7392.1,BTC-27DEC19,1577185144392,open,0.0,449.3,0.0005,0.0105,0.0,115.0,0.0005,0.0,BTC-27DEC19-44000-C,7385.19,0.0,0.0,0.0,0.0005,11.0,500.0,0.0,0.0,0.0,0.0,0.0
7635.2,BTC-26JUN20,1577185144391,open,0.45,124.6,0.3705,0.492,0.42542358,74.3,0.543,0.0,BTC-26JUN20-10000-P,7385.19,66.61,0.4045,6.0,0.501,10.0,101.18,21.03271,-4.22628,-39.54458,0.0001,-0.59711
7392.1,BTC-27DEC19,1577185144391,open,0.11,293.3,0.103,0.1435,0.12204386,86.04,0.1245,0.0,BTC-27DEC19-6500-C,7385.19,78.28,0.1215,10.5,0.1235,10.0,100.7,0.59412,-8.88827,0.48655,0.00016,0.95748
7485.44,BTC-27MAR20,1577185144391,open,1.46,0.0,1.36,1.476,1.41258862,91.39,1.23,0.0,BTC-27MAR20-18000-P,7385.19,0.0,0.0015,10.0,0.0,0.0,0.0,3.80933,-1.85417,-45.51723,3e-05,-0.95169
7635.2,BTC-26JUN20,1577185144391,open,0.61,17.8,0.603,0.6335,0.61596998,83.37,0.623,0.0,BTC-26JUN20-3000-C,7385.19,60.53,0.6085,8.0,0.6185,8.0,88.17,3.76512,-0.84892,13.66568,2e-05,0.96934
7485.44,BTC-27MAR20,1577185144391,open,0.02,1472.7,0.009,0.0515,0.02393522,74.49,0.023,0.0,BTC-27MAR20-12000-C,7385.19,73.67,0.023,7.0,0.025,0.1,75.4,8.63087,-3.42414,2.32046,8e-05,0.14447
7392.1,BTC-27DEC19,1577185144392,open,0.02,215.3,0.0015,0.0335,0.01102487,54.52,0.0115,0.0,BTC-27DEC19-7250-P,7385.19,54.45,0.011,20.5,0.0115,10.0,55.99,2.39127,-22.66881,-0.20171,0.00102,-0.33532
7485.44,BTC-27MAR20,1577185144392,open,0.11,298.7,0.0665,0.1375,0.09782392,65.52,0.098,0.0,BTC-27MAR20-7000-P,7385.19,64.3,0.0955,12.4,0.101,10.0,67.2,14.15346,-4.93954,-8.74601,0.00015,-0.35646
7485.44,BTC-27MAR20,1577185144392,open,0.41,143.3,0.34,0.4345,0.38288234,69.66,0.4185,0.0,BTC-27MAR20-10000-P,7385.19,64.11,0.374,11.0,0.4145,11.0,87.67,12.31484,-4.56914,-21.61677,0.00012,-0.73995
7392.1,BTC-27DEC19,1577185144392,open,0.66,0.0,0.652,0.6715,0.66179974,0.0,None,0.0,BTC-27DEC19-2500-C,7385.19,0.0,0.654,14.0,0.6635,14.0,500.0,0.0,0.0,0.19697,0.0,1.0
7635.2,BTC-26JUN20,1577185144392,open,1.44,2.9,1.326,1.4685,1.38927378,85.04,1.35,0.0,BTC-26JUN20-18000-P,7385.19,0.0,1.3,0.1,1.55,0.1,154.48,11.65119,-2.67972,-87.27371,5e-05,-0.86744
7635.34,BTC-26JUN20,1577185144392,open,0.01,19.9,0.004,0.0415,0.01435672,96.71,0.0165,0.0,BTC-26JUN20-28000-C,7385.19,94.46,0.0125,43.0,0.016,14.0,98.55,6.58321,-1.72178,1.81574,2e-05,0.06131
7392.24,BTC-27DEC19,1577185144392,open,0.0,680.5,0.0005,0.0105,0.0,115.0,0.0005,0.0,BTC-27DEC19-26000-C,7385.19,0.0,0.0,0.0,0.0005,10.0,495.25,0.0,0.0,0.0,0.0,0.0
7392.24,BTC-27DEC19,1577185144392,open,0.21,0.4,0.2065,0.2395,0.22233977,113.58,0.2195,0.0,BTC-27DEC19-5750-C,7385.19,0.0,0.21,8.0,0.2275,8.0,198.29,0.10335,-2.04108,0.44971,2e-05,0.9945
7392.24,BTC-27DEC19,1577185144392,open,0.38,493.1,0.3265,0.382,0.35285314,120.0,0.397,0.0,BTC-27DEC19-10000-P,7385.19,0.0,0.21,0.1,1.22,1.5,500.0,0.0544,-1.13498,-0.78634,1e-05,-0.99731
7392.24,BTC-27DEC19,1577185144392,open,0.14,28.9,0.1375,0.176,0.15539291,99.09,0.1585,0.0,BTC-27DEC19-6250-C,7385.19,0.0,0.1405,7.0,0.161,7.0,152.91,0.38925,-6.70631,0.47708,9e-05,0.97455
7392.24,BTC-27DEC19,1577185144392,open,0.0,767.5,0.0005,0.0105,0.0,115.0,0.0005,0.0,BTC-27DEC19-13000-C,7385.19,0.0,0.0,0.0,0.0005,30.9,249.36,0.0,0.0,0.0,0.0,0.0
7485.44,BTC-27MAR20,1577185144392,open,0.0,76.6,0.0005,0.012,0.002234,114.06,0.003,0.0,BTC-27MAR20-32000-C,7385.19,109.15,0.0015,25.0,0.003,52.0,118.08,1.28206,-0.77887,0.20984,1e-05,0.01313
7635.34,BTC-26JUN20,1577185144392,open,0.25,168.9,0.187,0.2935,0.23493098,73.13,0.243,0.0,BTC-26JUN20-8000-P,7385.19,69.05,0.2235,11.0,0.254,11.0,79.97,21.36542,-4.22587,-25.80297,0.0001,-0.43227
7635.34,BTC-26JUN20,1577185144392,open,0.02,899.5,0.009,0.059,0.02539948,87.32,0.0245,0.0,BTC-26JUN20-20000-C,7385.19,85.85,0.0235,33.0,0.027,1.8,88.52,10.06557,-2.37716,3.18385,4e-05,0.10773
7392.24,BTC-27DEC19,1577185144392,open,0.0,1330.8,0.0005,0.0105,0.0004877,100.94,0.0005,0.0,BTC-27DEC19-9000-C,7385.19,0.0,0.0,0.0,0.001,83.2,112.31,0.25861,-3.6052,0.00887,6e-05,0.01571
7485.44,BTC-27MAR20,1577185144392,open,0.66,54.9,0.5835,0.6805,0.62709451,74.53,0.77,0.0,BTC-27MAR20-12000-P,7385.19,0.0,0.602,2.0,0.6685,2.0,103.46,8.63809,-3.42888,-28.54024,8e-05,-0.85536
7485.44,BTC-27MAR20,1577185144392,open,0.29,92.2,0.2305,0.322,0.27211518,67.71,0.2505,0.0,BTC-27MAR20-9000-P,7385.19,63.66,0.2645,12.0,0.2965,12.0,80.34,14.16927,-5.11025,-17.60629,0.00015,-0.6424
7392.24,BTC-27DEC19,1577185144392,open,5.06,0.0,4.836,5.0735,4.95232459,500.0,3.46,0.0,BTC-27DEC19-44000-P,7385.19,0.0,0.001,1.0,0.0,0.0,0.0,0.00194,-0.16824,-3.46655,0.0,-0.99993
7392.24,BTC-27DEC19,1577185144392,open,0.72,0.0,0.7195,0.739,0.72943979,0.0,None,0.0,BTC-27DEC19-2000-C,7385.19,0.0,0.7215,16.0,0.7315,16.0,500.0,0.0,0.0,0.15757,0.0,1.0
7485.44,BTC-27MAR20,1577185144392,open,1.19,1.2,1.099,1.2065,1.14767569,85.77,1.4,0.0,BTC-27MAR20-16000-P,7385.19,0.0,0.0015,10.0,0.0,0.0,0.0,4.70589,-2.14971,-40.13165,4e-05,-0.93686
7392.24,BTC-27DEC19,1577185144392,open,0.0,1300.0,0.0005,0.0105,1.26e-06,115.01,0.0005,0.0,BTC-27DEC19-5000-P,7385.19,0.0,0.0,0.0,0.0005,10.4,191.01,0.0014,-0.00928,-3e-05,0.0,-5e-05
7392.24,BTC-27DEC19,1577185144392,open,0.01,1775.8,0.0015,0.032,0.01257655,53.22,0.0125,0.0,BTC-27DEC19-7500-C,7385.19,53.0,0.0125,6.7,0.0135,10.1,55.93,2.51508,-23.27363,0.21905,0.0011,0.38869
7392.24,BTC-27DEC19,1577185144392,open,0.0,690.8,0.0005,0.0105,0.0,115.0,0.0005,0.0,BTC-27DEC19-36000-C,7385.19,0.0,0.0,0.0,0.0005,10.0,500.0,0.0,0.0,0.0,0.0,0.0
7392.24,BTC-27DEC19,1577185144392,open,2.31,0.0,2.183,2.3125,2.2467225,399.74,None,0.0,BTC-27DEC19-24000-P,7385.19,0.0,0.0005,1.0,0.0,0.0,0.0,0.01883,-1.30876,-1.89042,0.0,-0.99916
7392.24,BTC-27DEC19,1577185144392,open,0.01,1415.5,0.0005,0.0195,0.00451986,61.9,0.005,0.0,BTC-27DEC19-7000-P,7385.19,61.81,0.0045,2.2,0.0055,30.0,66.41,1.55638,-16.75165,-0.09228,0.00058,-0.15393
7392.24,BTC-27DEC19,1577185144392,open,0.0,368.6,0.0005,0.0105,0.00025899,114.74,0.0005,0.0,BTC-27DEC19-9500-C,7385.19,0.0,0.0,0.0,0.0005,25.0,124.5,0.1427,-1.91454,0.00447,3e-05,0.00793
7392.24,BTC-27DEC19,1577185144392,open,0.0,110.2,0.0005,0.0105,9.07e-06,114.99,0.0005,0.0,BTC-27DEC19-10500-C,7385.19,0.0,0.0,0.0,0.0005,10.0,165.86,0.00844,-0.06703,0.0002,0.0,0.00035
7392.24,BTC-27DEC19,1577185144392,open,0.0,501.9,0.0005,0.0105,4.822e-05,115.01,0.0005,0.0,BTC-27DEC19-5500-P,7385.19,0.0,0.0,0.0,0.0005,9.9,148.9,0.03399,-0.35647,-0.00096,1e-05,-0.0016
7392.24,BTC-27DEC19,1577185144392,open,0.0,832.1,0.0005,0.0105,0.0,115.0,0.0005,0.0,BTC-27DEC19-3000-P,7385.19,0.0,0.0,0.0,0.0005,61.0,410.92,0.0,0.0,0.0,0.0,0.0
7485.44,BTC-27MAR20,1577185144392,open,0.02,259.5,0.008,0.0395,0.01950463,71.38,0.018,0.0,BTC-27MAR20-5000-P,7385.19,69.63,0.018,29.0,0.0215,34.0,73.62,6.54152,-2.48688,-2.2532,6e-05,-0.09753
7427.96,SYN.BTC-31JAN20,1577185144392,open,0.09,159.3,0.0855,0.144,0.10319183,56.73,0.095,0.0,BTC-31JAN20-7000-C,7385.19,54.44,0.1005,10.0,0.106,16.0,59.1,8.75417,-6.55544,4.30212,0.00027,0.66134
7427.96,SYN.BTC-31JAN20,1577185144392,open,0.05,228.0,0.0325,0.0855,0.04559378,56.74,0.048,0.0,BTC-31JAN20-7000-P,7385.19,55.39,0.044,51.0,0.0475,31.4,58.35,8.75438,-6.55721,-2.962,0.00027,-0.33869
7485.44,BTC-27MAR20,1577185144392,open,0.19,272.8,0.1365,0.221,0.17488693,66.18,0.182,0.0,BTC-27MAR20-8000-P,7385.19,62.77,0.168,14.0,0.1845,14.0,70.93,15.13765,-5.33569,-13.22549,0.00016,-0.51208
7485.44,BTC-27MAR20,1577185144392,open,0.0,156.2,0.0005,0.011,0.00133831,115.0,0.002,0.0,BTC-27MAR20-36000-C,7385.19,111.68,0.001,25.3,0.002,6.6,120.01,0.84733,-0.51899,0.13146,1e-05,0.00817
7392.24,BTC-27DEC19,1577185144393,open,0.52,4.3,0.517,0.5365,0.52651964,0.0,0.5625,0.0,BTC-27DEC19-3500-C,7385.19,0.0,0.519,11.0,0.529,11.0,430.48,0.0,0.0,0.27575,0.0,1.0
7392.24,BTC-27DEC19,1577185144392,open,0.0,562.6,0.0005,0.0105,0.0,115.0,0.0005,0.0,BTC-27DEC19-40000-C,7385.19,0.0,0.0,0.0,0.0005,16.9,500.0,0.0,0.0,0.0,0.0,0.0
7392.24,BTC-27DEC19,1577185144393,open,0.0,1169.0,0.0005,0.0105,1.41e-06,114.99,0.0005,0.0,BTC-27DEC19-11000-C,7385.19,0.0,0.0,0.0,0.0005,31.0,184.53,0.00163,-0.01045,3e-05,0.0,6e-05
7485.44,BTC-27MAR20,1577185144393,open,0.0,139.3,0.0005,0.0115,0.00178398,115.0,0.0015,0.0,BTC-27MAR20-34000-C,7385.19,112.88,0.0015,9.5,0.0025,25.0,119.43,1.06699,-0.65353,0.17028,1e-05,0.01063
7392.24,BTC-27DEC19,1577185144392,open,0.31,0.0,0.26,0.3145,0.28541998,116.22,None,0.0,BTC-27DEC19-9500-P,7385.19,0.0,0.0,0.0,0.0,0.0,0.0,0.15402,-3.1123,-0.7436,3e-05,-0.99135
7392.24,BTC-27DEC19,1577185144393,open,0.0,1733.9,0.0005,0.0105,0.00066747,114.37,0.0005,0.0,BTC-27DEC19-6000-P,7385.19,109.61,0.0005,1.4,0.001,55.0,121.92,0.28475,-4.9341,-0.01063,6e-05,-0.01759
7392.24,BTC-27DEC19,1577185144394,open,0.1,877.5,0.0615,0.1095,0.08405472,61.23,0.05,0.0,BTC-27DEC19-8000-P,7385.19,0.0,0.07,6.0,0.0995,6.0,128.97,0.9461,-10.07192,-0.58661,0.00036,-0.92316
7392.24,BTC-27DEC19,1577185144393,open,0.31,78.7,0.31,0.3365,0.32360073,0.0,0.317,0.0,BTC-27DEC19-5000-C,7385.19,0.0,0.313,9.0,0.3275,9.0,265.39,0.0,0.0,0.39393,0.0,1.0
7392.24,BTC-27DEC19,1577185144393,open,0.59,11.0,0.5845,0.604,0.59415969,0.0,0.5835,0.0,BTC-27DEC19-3000-C,7385.19,0.0,0.5865,13.0,0.5965,13.0,500.0,0.0,0.0,0.23636,0.0,1.0
7392.24,BTC-27DEC19,1577185144393,open,0.0,283.2,0.0005,0.0105,0.00020037,114.82,0.0005,0.0,BTC-27DEC19-5750-P,7385.19,0.0,0.0,0.0,0.0005,1.1,128.96,0.11046,-1.4812,-0.00357,2e-05,-0.00593
7392.24,BTC-27DEC19,1577185144393,open,0.0,706.9,0.0005,0.0145,0.0025097,74.95,0.003,0.0,BTC-27DEC19-6750-P,7385.19,74.88,0.0025,10.9,0.003,10.0,78.49,0.98328,-12.81448,-0.04855,0.0003,-0.08085
7485.44,BTC-27MAR20,1577185144393,open,0.1,770.7,0.0735,0.146,0.10611407,66.16,0.1055,0.0,BTC-27MAR20-8000-C,7385.19,64.87,0.1035,13.7,0.1085,9.0,67.34,15.13761,-5.33442,7.34995,0.00016,0.48789
7392.24,BTC-27DEC19,1577185144394,open,0.0,1776.0,0.0005,0.0105,5.21e-05,114.99,0.0005,0.0,BTC-27DEC19-10000-C,7385.19,0.0,0.0,0.0,0.0005,35.0,145.92,0.03802,-0.38515,0.00102,1e-05,0.00181
7635.34,BTC-26JUN20,1577185144393,open,2.49,0.0,2.344,2.5145,2.42103659,94.25,None,0.0,BTC-26JUN20-26000-P,7385.19,0.0,0.002,1.0,0.0,0.0,0.0,7.12943,-1.81726,-129.67685,3e-05,-0.93207
7392.24,BTC-27DEC19,1577185144393,open,0.0,93.5,0.0005,0.0105,0.00079173,95.24,0.0005,0.0,BTC-27DEC19-8750-C,7385.19,88.88,0.0005,3.0,0.001,35.0,98.91,0.38924,-5.85264,0.01436,9e-05,0.02545
7392.24,BTC-27DEC19,1577185144393,open,0.24,77.5,0.241,0.2715,0.25600765,110.64,0.2495,0.0,BTC-27DEC19-5500-C,7385.19,0.0,0.244,8.0,0.2645,8.0,253.39,0.02424,-0.46636,0.43266,1e-05,0.99889
7635.34,BTC-26JUN20,1577185144393,open,0.02,11.5,0.0055,0.047,0.01774238,91.68,0.018,0.0,BTC-26JUN20-24000-C,7385.19,90.44,0.0165,42.3,0.019,0.1,92.89,7.81006,-1.93658,2.27286,3e-05,0.07651
7392.24,BTC-27DEC19,1577185144393,open,1.75,3.6,1.653,1.7605,1.70560208,339.68,1.729,0.0,BTC-27DEC19-20000-P,7385.19,0.0,0.0005,1.0,0.0,0.0,0.0,0.01831,-1.08157,-1.57528,0.0,-0.99918
7392.24,BTC-27DEC19,1577185144394,open,0.0,530.9,0.0005,0.0105,0.0,115.0,0.0005,0.0,BTC-27DEC19-32000-C,7385.19,0.0,0.0,0.0,0.0005,10.4,500.0,0.0,0.0,0.0,0.0,0.0
7392.24,BTC-27DEC19,1577185144394,open,0.07,212.9,0.069,0.112,0.089369,74.8,0.0855,0.0,BTC-27DEC19-6750-C,7385.19,67.56,0.0885,10.5,0.0905,10.0,82.6,0.97941,-12.73704,0.48352,0.0003,0.91957
7392.24,BTC-27DEC19,1577185144393,open,0.79,98.8,0.7245,0.7945,0.75864136,197.74,0.792,0.0,BTC-27DEC19-13000-P,7385.19,0.0,0.0,0.0,0.0,0.0,0.0,0.01961,-0.67426,-1.02373,0.0,-0.99912
7485.44,BTC-27MAR20,1577185144394,open,0.0,705.8,0.0005,0.0105,0.00077082,115.0,0.002,0.0,BTC-27MAR20-40000-C,7385.19,117.87,0.001,35.2,0.002,45.8,126.51,0.54021,-0.33088,0.07971,0.0,0.00491
7485.44,BTC-27MAR20,1577185144394,open,0.01,1375.5,0.0005,0.02,0.00761906,79.75,0.0075,0.0,BTC-27MAR20-4000-P,7385.19,78.3,0.007,7.0,0.0085,19.1,81.71,3.2657,-1.38715,-0.91514,3e-05,-0.03992
7635.34,BTC-26JUN20,1577185144394,open,0.38,0.0,0.3645,0.4285,0.39356402,73.1,None,0.0,BTC-26JUN20-5000-C,7385.19,53.86,0.366,7.0,0.409,7.0,82.46,12.17925,-2.40786,17.98304,6e-05,0.85856
7635.34,BTC-26JUN20,1577185144394,open,0.07,402.2,0.0435,0.1255,0.07699615,76.89,0.0765,0.0,BTC-26JUN20-12000-C,7385.19,75.45,0.0735,18.8,0.0795,10.0,77.92,18.6094,-3.86997,8.24858,8e-05,0.29028
7392.24,BTC-27DEC19,1577185144394,open,0.0,657.0,0.0005,0.0105,0.0,115.0,0.0005,0.0,BTC-27DEC19-28000-C,7385.19,0.0,0.0,0.0,0.0005,10.0,500.0,0.0,0.0,0.0,0.0,0.0
7485.44,BTC-27MAR20,1577185144394,open,0.0,157.7,0.0005,0.0125,0.0025318,111.56,0.003,0.0,BTC-27MAR20-30000-C,7385.19,108.55,0.002,14.0,0.003,8.9,113.86,1.43513,-0.85272,0.23945,1e-05,0.01497
7392.24,BTC-27DEC19,1577185144394,open,0.52,246.2,0.459,0.519,0.48808256,142.61,0.537,0.0,BTC-27DEC19-11000-P,7385.19,0.0,0.4095,0.3,0.77,0.1,500.0,0.02304,-0.57142,-0.86606,0.0,-0.99895
7635.34,BTC-26JUN20,1577185144394,open,0.11,365.2,0.076,0.1675,0.11564359,74.27,0.112,0.0,BTC-26JUN20-10000-C,7385.19,74.04,0.115,1.0,0.118,13.9,75.13,21.03206,-4.22488,11.1057,0.0001,0.40281
7485.44,BTC-27MAR20,1577185144394,open,0.01,506.6,0.0005,0.0215,0.00607779,95.51,0.006,0.0,BTC-27MAR20-20000-C,7385.19,94.06,0.0055,5.0,0.0065,1.0,96.52,3.06954,-1.56156,0.59521,2e-05,0.03699
7392.24,BTC-27DEC19,1577185144394,open,0.0,349.0,0.0005,0.0105,0.0,115.0,0.0005,0.0,BTC-27DEC19-48000-C,7385.19,0.0,0.0,0.0,0.0005,10.0,500.0,0.0,0.0,0.0,0.0,0.0
7392.24,BTC-27DEC19,1577185144394,open,0.0,1541.5,0.0005,0.0105,0.0,115.0,0.0005,0.0,BTC-27DEC19-52000-C,7385.19,0.0,0.0,0.0,0.0005,46.9,500.0,0.0,0.0,0.0,0.0,0.0
7392.24,BTC-27DEC19,1577185144394,open,0.0,1025.2,0.0005,0.0105,0.0,115.0,0.0005,0.0,BTC-27DEC19-14000-C,7385.19,0.0,0.0,0.0,0.0005,10.0,277.23,0.0,0.0,0.0,0.0,0.0
7399.27,SYN.BTC-3JAN20,1577185144391,open,0.0,103.9,0.0005,0.0115,0.0017579,66.47,0.002,0.0,BTC-3JAN20-9000-C,7385.19,60.36,0.001,35.0,0.0025,45.0,71.07,1.07502,-3.61782,0.07903,0.00011,0.04123
7392.24,BTC-27DEC19,1577185144394,open,0.0,1034.3,0.0005,0.0105,0.0,115.0,0.0005,0.0,BTC-27DEC19-15000-C,7385.19,0.0,0.0,0.0,0.0005,72.0,302.75,0.0,0.0,0.0,0.0,0.0
7485.44,BTC-27MAR20,1577185144394,open,0.24,24.9,0.216,0.2795,0.24556946,67.22,0.2425,0.0,BTC-27MAR20-6000-C,7385.19,54.88,0.2285,15.0,0.2515,15.0,71.27,10.82631,-3.87589,10.55276,0.00011,0.79371
7635.34,BTC-26JUN20,1577185144394,open,0.03,268.2,0.0125,0.0685,0.03166979,84.97,0.033,0.0,BTC-26JUN20-18000-C,7385.19,83.18,0.029,33.0,0.034,28.0,86.48,11.63393,-2.67361,3.89072,5e-05,0.13227
7392.24,BTC-27DEC19,1577185144394,open,0.0,756.8,0.0005,0.0105,0.0,115.0,0.0005,0.0,BTC-27DEC19-24000-C,7385.19,0.0,0.0,0.0,0.0005,31.0,468.25,0.0,0.0,0.0,0.0,0.0
7399.27,SYN.BTC-3JAN20,1577185144393,open,0.05,43.6,0.0245,0.074,0.03991766,49.45,0.052,0.0,BTC-3JAN20-7500-P,7385.19,46.5,0.038,25.0,0.042,26.0,52.64,4.8174,-12.06065,-1.18094,0.00066,-0.54996
7392.24,BTC-27DEC19,1577185144394,open,0.45,36.8,0.448,0.469,0.45887958,0.0,0.456,0.0,BTC-27DEC19-4000-C,7385.19,0.0,0.4505,10.0,0.462,10.0,375.49,0.0,0.0,0.31514,0.0,1.0
7392.24,BTC-27DEC19,1577185144394,open,0.79,12.1,0.7875,0.807,0.79707984,0.0,0.8415,0.0,BTC-27DEC19-1500-C,7385.19,0.0,0.789,17.0,0.801,17.0,500.0,0.0,0.0,0.11818,0.0,1.0
7485.58,BTC-27MAR20,1577185144395,open,2.27,0.0,2.1445,2.287,2.21061817,104.26,None,0.0,BTC-27MAR20-24000-P,7385.19,0.0,0.0015,10.0,0.0,0.0,0.0,2.31075,-1.28317,-61.30698,2e-05,-0.97376
7399.27,SYN.BTC-3JAN20,1577185144391,open,0.24,0.0,0.193,0.247,0.2180998,66.51,None,0.0,BTC-3JAN20-9000-P,7385.19,0.0,0.0,0.0,0.0,0.0,0.0,1.07714,-3.62718,-2.35588,0.00011,-0.95866
7392.24,BTC-27DEC19,1577185144395,open,0.0,833.8,0.0005,0.0105,0.0,115.0,0.0005,0.0,BTC-27DEC19-4000-P,7385.19,0.0,0.0,0.0,0.0005,23.2,287.69,0.0,0.0,0.0,0.0,0.0
7392.24,BTC-27DEC19,1577185144395,open,0.0,1038.8,0.0005,0.0105,0.0,115.0,0.0015,0.0,BTC-27DEC19-20000-C,7385.19,0.0,0.0,0.0,0.0005,24.9,405.57,0.0,0.0,0.0,0.0,0.0
7635.34,BTC-26JUN20,1577185144395,open,0.68,8.2,0.591,0.7195,0.64873215,76.93,0.8905,0.0,BTC-26JUN20-12000-P,7385.19,0.0,0.1,10.0,0.91,0.1,171.62,18.61523,-3.87318,-52.5287,8e-05,-0.70952
7485.58,BTC-27MAR20,1577185144395,open,0.01,465.3,0.0045,0.0375,0.01489363,80.47,0.0155,0.0,BTC-27MAR20-14000-C,7385.19,78.75,0.0135,22.0,0.0165,40.1,82.34,6.25239,-2.67962,1.47926,5e-05,0.09173
7485.58,BTC-27MAR20,1577185144395,open,0.0,159.1,0.0005,0.0175,0.00429959,103.75,0.004,0.0,BTC-27MAR20-24000-C,7385.19,100.92,0.0035,10.0,0.005,49.0,105.96,2.25738,-1.24745,0.40856,2e-05,0.02552
7635.34,BTC-26JUN20,1577185144395,open,0.01,144.4,0.0005,0.0215,0.00890398,83.4,0.008,0.0,BTC-26JUN20-3000-P,7385.19,82.58,0.0085,1.0,0.0095,25.0,84.59,3.76885,-0.85013,-1.53166,2e-05,-0.0307
7392.24,BTC-27DEC19,1577185144395,open,0.38,11.6,0.379,0.403,0.39123954,0.0,0.3855,0.0,BTC-27DEC19-4500-C,7385.19,0.0,0.3815,10.0,0.395,10.0,322.78,0.0,0.0,0.35454,0.0,1.0
7399.27,SYN.BTC-3JAN20,1577185144393,open,0.0,119.5,0.0005,0.0115,0.00189837,74.02,0.0025,0.0,BTC-3JAN20-6000-P,7385.19,70.84,0.0015,55.1,0.0025,25.0,78.16,0.99125,-3.7146,-0.07852,9e-05,-0.03732
7392.24,BTC-27DEC19,1577185144395,open,0.0,410.2,0.0005,0.011,0.00108617,70.86,0.001,0.0,BTC-27DEC19-8250-C,7385.19,61.99,0.0005,61.5,0.0015,10.0,75.48,0.60244,-7.422,0.02456,0.0002,0.04326
7392.24,BTC-27DEC19,1577185144395,open,0.0,838.8,0.0005,0.0105,0.0,115.0,0.0005,0.0,BTC-27DEC19-18000-C,7385.19,0.0,0.0,0.0,0.0005,20.2,368.52,0.0,0.0,0.0,0.0,0.0
7392.24,BTC-27DEC19,1577185144395,open,1.07,211.0,0.9895,1.0705,1.02920156,245.0,0.959,0.0,BTC-27DEC19-15000-P,7385.19,0.0,0.0,0.0,0.0,0.0,0.0,0.01861,-0.79275,-1.18134,0.0,-0.99917
7427.96,SYN.BTC-31JAN20,1577185144394,open,0.0,297.2,0.0005,0.016,0.00487891,71.05,0.0045,0.0,BTC-31JAN20-11000-C,7385.19,68.44,0.004,25.0,0.0055,18.0,72.73,2.64918,-2.48469,0.38379,7e-05,0.05467
7635.34,BTC-26JUN20,1577185144395,open,0.01,69.9,0.0045,0.0435,0.0156086,94.02,0.014,0.0,BTC-26JUN20-26000-C,7385.19,93.36,0.015,19.0,0.0165,0.5,94.97,7.07446,-1.79894,1.99735,3e-05,0.06725
7635.34,BTC-26JUN20,1577185144395,open,0.3,23.9,0.272,0.353,0.30913345,73.11,0.3125,0.0,BTC-26JUN20-6000-C,7385.19,64.72,0.291,7.0,0.3105,7.0,73.73,16.68769,-3.29942,17.641,8e-05,0.76528
7392.24,BTC-27DEC19,1577185144395,open,0.0,618.2,0.0005,0.0105,0.00089723,83.22,0.001,0.0,BTC-27DEC19-8500-C,7385.19,75.82,0.0005,288.1,0.0015,59.0,91.29,0.46984,-6.63254,0.01806,0.00013,0.03191
7635.34,BTC-26JUN20,1577185144395,open,0.05,556.8,0.026,0.097,0.05326463,79.06,0.057,0.0,BTC-26JUN20-14000-C,7385.19,78.45,0.052,14.5,0.0545,3.1,79.66,15.79037,-3.37632,6.17649,7e-05,0.21297
7392.24,BTC-27DEC19,1577185144395,open,0.14,0.1,0.0945,0.143,0.11714703,71.17,0.141,0.0,BTC-27DEC19-8250-P,7385.19,0.0,0.0,0.0,0.246,0.1,490.47,0.61054,-7.55502,-0.62502,0.0002,-0.95602
7392.24,BTC-27DEC19,1577185144395,open,0.93,268.3,0.857,0.9325,0.89392146,222.24,0.9355,0.0,BTC-27DEC19-14000-P,7385.19,0.0,0.0,0.0,0.0,0.0,0.0,0.01899,-0.73384,-1.10254,0.0,-0.99915
7392.24,BTC-27DEC19,1577185144396,open,0.17,139.7,0.172,0.2085,0.18898685,113.88,0.178,0.0,BTC-27DEC19-6000-C,7385.19,0.0,0.175,8.0,0.194,8.0,173.97,0.27962,-5.5365,0.46231,6e-05,0.98278
7485.58,BTC-27MAR20,1577185144396,open,0.34,2.1,0.3295,0.378,0.35152159,71.34,0.3115,0.0,BTC-27MAR20-5000-C,7385.19,46.6,0.3355,7.0,0.3655,7.0,85.79,6.53741,-2.48412,10.60872,6e-05,0.90255
7392.24,BTC-27DEC19,1577185144396,open,0.0,491.2,0.0005,0.0105,0.0,115.0,0.0005,0.0,BTC-27DEC19-3500-P,7385.19,0.0,0.0,0.0,0.0005,10.1,344.96,0.0,0.0,0.0,0.0,0.0
7399.27,SYN.BTC-3JAN20,1577185144391,open,0.0,40.0,0.0005,0.011,0.00145178,71.44,0.001,0.0,BTC-3JAN20-9250-C,7385.19,67.26,0.001,10.0,0.002,35.0,75.56,0.89194,-3.22626,0.06279,8e-05,0.03282
7427.96,SYN.BTC-31JAN20,1577185144393,open,0.13,34.6,0.0995,0.167,0.11914212,55.83,0.1055,0.0,BTC-31JAN20-8000-P,7385.19,37.36,0.0975,6.0,0.1405,6.0,73.01,9.06186,-6.679,-5.7473,0.00028,-0.62649
7392.24,BTC-27DEC19,1577185144396,open,0.45,1.0,0.393,0.45,0.42045016,129.11,0.422,0.0,BTC-27DEC19-10500-P,7385.19,0.0,0.0,0.0,0.0,0.0,0.0,0.02864,-0.6428,-0.82651,1e-05,-0.99867
7427.96,SYN.BTC-31JAN20,1577185144394,open,0.31,4.8,0.2615,0.33,0.29050919,61.6,0.3445,0.0,BTC-31JAN20-9500-P,7385.19,0.0,0.0015,10.0,0.0,0.0,0.0,4.98089,-4.05067,-8.96811,0.00014,-0.87298
7399.27,SYN.BTC-3JAN20,1577185144392,open,0.08,2.8,0.0745,0.1205,0.09606816,58.45,0.07,0.0,BTC-3JAN20-6750-C,7385.19,54.36,0.0945,10.0,0.0975,10.0,61.97,2.93537,-8.68674,1.49363,0.00034,0.84214
7635.34,BTC-26JUN20,1577185144396,open,0.01,42.0,0.002,0.036,0.01158397,100.32,0.0125,0.0,BTC-26JUN20-32000-C,7385.19,98.04,0.01,45.4,0.013,15.6,102.2,5.55685,-1.50767,1.46514,2e-05,0.04947
7399.27,SYN.BTC-3JAN20,1577185144395,open,0.01,133.1,0.0005,0.0175,0.0050687,63.58,0.0055,0.0,BTC-3JAN20-6500-P,7385.19,63.34,0.005,10.0,0.0055,25.0,65.07,2.10935,-6.79003,-0.20694,0.00022,-0.0983
7485.58,BTC-27MAR20,1577185144396,open,1.73,5.2,1.621,1.7455,1.67800994,95.82,2.035,0.0,BTC-27MAR20-20000-P,7385.19,0.0,0.0015,10.0,0.0,0.0,0.0,3.11029,-1.58742,-50.83442,2e-05,-0.9624
7399.27,SYN.BTC-3JAN20,1577185144391,open,0.0,146.7,0.0005,0.0105,0.00094749,88.31,0.001,0.0,BTC-3JAN20-5500-P,7385.19,80.58,0.0005,43.8,0.0015,37.0,95.08,0.51905,-2.32077,-0.03639,4e-05,-0.01723
7485.58,BTC-27MAR20,1577185144396,open,0.01,434.1,0.0005,0.0255,0.00784968,91.25,0.008,0.0,BTC-27MAR20-18000-C,7385.19,89.51,0.007,15.1,0.0085,10.0,92.5,3.78895,-1.84141,0.77277,3e-05,0.04799
7392.24,BTC-27DEC19,1577185144396,open,0.0,106.3,0.0005,0.0105,0.0,115.0,0.0005,0.0,BTC-27DEC19-2000-P,7385.19,0.0,0.0,0.0,0.0005,20.1,500.0,0.0,0.0,0.0,0.0,0.0
7392.24,BTC-27DEC19,1577185144396,open,0.0,1488.8,0.0005,0.0125,0.00181388,61.03,0.001,0.0,BTC-27DEC19-8000-C,7385.19,58.45,0.0015,25.0,0.0025,35.0,66.01,0.93972,-9.97211,0.0433,0.00036,0.07616
7427.96,SYN.BTC-31JAN20,1577185144392,open,0.02,708.7,0.0165,0.0615,0.0263588,56.95,0.027,0.0,BTC-31JAN20-8500-C,7385.19,55.64,0.025,31.0,0.0275,0.5,58.04,7.76248,-5.83602,1.80145,0.00024,0.26007
7392.24,BTC-27DEC19,1577185144396,open,0.04,890.4,0.0085,0.0505,0.02717733,53.29,0.027,0.0,BTC-27DEC19-7500-P,7385.19,49.82,0.026,0.6,0.0275,10.0,54.24,2.51539,-23.30643,-0.37176,0.0011,-0.61115
7392.24,BTC-27DEC19,1577185144396,open,0.0,394.4,0.0005,0.0105,0.0,115.0,0.0005,0.0,BTC-27DEC19-16000-C,7385.19,0.0,0.0,0.0,0.0005,10.0,326.29,0.0,0.0,0.0,0.0,0.0
7399.27,SYN.BTC-3JAN20,1577185144391,open,0.0,122.4,0.0005,0.011,0.00141573,81.97,0.0015,0.0,BTC-3JAN20-5750-P,7385.19,77.38,0.001,30.0,0.002,37.0,87.2,0.74266,-3.08196,-0.05553,6e-05,-0.02632
7427.96,SYN.BTC-31JAN20,1577185144391,open,0.0,209.8,0.0005,0.013,0.00308812,76.66,0.003,0.0,BTC-31JAN20-12000-C,7385.19,74.11,0.0025,30.0,0.0035,0.1,78.27,1.82588,-1.84783,0.24189,4e-05,0.03447
7392.24,BTC-27DEC19,1577185144396,open,0.02,389.5,0.0115,0.055,0.03024411,54.47,0.028,0.0,BTC-27DEC19-7250-C,7385.19,53.72,0.03,0.6,0.0315,10.0,58.34,2.39057,-22.64163,0.36966,0.00102,0.66495
7427.96,SYN.BTC-31JAN20,1577185144394,open,0.01,194.1,0.0005,0.019,0.00619275,67.72,0.006,0.0,BTC-31JAN20-10500-C,7385.19,66.06,0.0055,20.0,0.007,17.0,69.53,3.20413,-2.86437,0.48994,8e-05,0.06976
7427.96,SYN.BTC-31JAN20,1577185144395,open,0.0,34.7,0.0005,0.0135,0.00367135,73.33,0.0055,0.0,BTC-31JAN20-11500-C,7385.19,72.72,0.0035,20.0,0.004,30.0,74.44,2.1287,-2.06053,0.29237,5e-05,0.0416
7427.96,SYN.BTC-31JAN20,1577185144394,open,0.19,15.2,0.147,0.217,0.17070402,56.97,0.2965,0.0,BTC-31JAN20-8500-P,7385.19,17.58,0.1445,0.1,0.0,0.0,0.0,7.76386,-5.83901,-7.01838,0.00024,-0.73984
7392.24,BTC-27DEC19,1577185144396,open,0.21,0.0,0.1605,0.2125,0.18449264,95.75,0.211,0.0,BTC-27DEC19-8750-P,7385.19,0.0,0.0,0.0,0.0,0.0,0.0,0.39758,-6.61926,-0.67465,0.0001,-0.9739
7399.27,SYN.BTC-3JAN20,1577185144394,open,0.03,130.3,0.0275,0.0755,0.04399488,50.71,0.033,0.0,BTC-3JAN20-7250-C,7385.19,47.54,0.042,10.0,0.0455,15.0,53.09,4.6609,-11.96605,1.1383,0.00062,0.61258
7392.24,BTC-27DEC19,1577185144396,open,0.0,590.4,0.0005,0.0105,0.0,115.0,0.001,0.0,BTC-27DEC19-2500-P,7385.19,0.0,0.0,0.0,0.0005,160.0,489.06,0.0,0.0,0.0,0.0,0.0
7635.34,BTC-26JUN20,1577185144397,open,0.01,90.7,0.0025,0.0375,0.01234531,97.95,0.0125,0.0,BTC-26JUN20-30000-C,7385.19,96.14,0.011,44.5,0.0135,29.0,99.4,5.88845,-1.55984,1.58029,2e-05,0.05321
7399.27,SYN.BTC-3JAN20,1577185144394,open,0.01,85.6,0.0005,0.025,0.00832923,58.47,0.0085,0.0,BTC-3JAN20-6750-P,7385.19,58.9,0.0085,3.0,0.009,20.0,60.14,2.93641,-8.69326,-0.33289,0.00034,-0.15795
7399.27,SYN.BTC-3JAN20,1577185144394,open,0.21,0.1,0.2075,0.243,0.22430445,81.89,0.2405,0.0,BTC-3JAN20-5750-C,7385.19,0.0,0.2095,7.0,0.229,7.0,110.87,0.74021,-3.0689,1.50045,6e-05,0.97378
7485.58,BTC-27MAR20,1577185144397,open,0.0,115.2,0.0005,0.015,0.00329175,105.57,0.004,0.0,BTC-27MAR20-26000-C,7385.19,102.01,0.0025,49.0,0.004,8.6,108.29,1.82277,-1.02496,0.3179,1e-05,0.0198
7399.27,SYN.BTC-3JAN20,1577185144391,open,0.24,0.1,0.242,0.2755,0.25762365,88.21,0.2735,0.0,BTC-3JAN20-5500-C,7385.19,0.0,0.244,7.0,0.262,7.0,122.04,0.51645,-2.3064,1.45194,4e-05,0.98287
7392.24,BTC-27DEC19,1577185144397,open,0.0,986.6,0.0005,0.0105,3e-08,114.99,0.0005,0.0,BTC-27DEC19-12000-C,7385.19,0.0,0.0,0.0,0.0005,10.0,218.68,4e-05,-0.00019,0.0,0.0,0.0
7392.24,BTC-27DEC19,1577185144397,open,0.0,526.9,0.0005,0.0105,0.0,115.0,0.0005,0.0,BTC-27DEC19-22000-C,7385.19,0.0,0.0,0.0,0.0005,11.0,438.55,0.0,0.0,0.0,0.0,0.0
7392.24,BTC-27DEC19,1577185144397,open,0.0,255.7,0.0005,0.0105,0.0,115.0,0.001,0.0,BTC-27DEC19-1500-P,7385.19,0.0,0.0,0.0,0.0005,47.9,500.0,0.0,0.0,0.0,0.0,0.0
7485.58,BTC-27MAR20,1577185144397,open,2.82,0.0,2.668,2.829,2.74349025,109.14,None,0.0,BTC-27MAR20-28000-P,7385.19,0.0,0.0015,10.0,0.0,0.0,0.0,1.64607,-0.95683,-71.73309,1e-05,-0.98243
7392.24,BTC-27DEC19,1577185144397,open,0.0,472.0,0.0005,0.0215,0.00407196,53.43,0.004,0.0,BTC-27DEC19-7750-C,7385.19,50.77,0.0035,58.1,0.0045,0.5,55.34,1.63083,-15.15078,0.09391,0.00071,0.16532
7392.24,BTC-27DEC19,1577185144398,open,0.0,431.9,0.0005,0.0105,0.00089356,99.46,0.001,0.0,BTC-27DEC19-6250-P,7385.19,90.73,0.0005,54.1,0.0015,35.2,109.11,0.3945,-6.60539,-0.01558,9e-05,-0.02586
7392.24,BTC-27DEC19,1577185144398,open,0.04,377.9,0.036,0.08,0.05755913,61.8,0.055,0.0,BTC-27DEC19-7000-C,7385.19,56.53,0.0565,10.5,0.059,10.0,68.34,1.55381,-16.69607,0.45946,0.00058,0.84645
7392.24,BTC-27DEC19,1577185144398,open,0.0,775.8,0.0005,0.0105,1e-08,115.01,0.0005,0.0,BTC-27DEC19-4500-P,7385.19,0.0,0.0,0.0,0.0005,49.2,236.89,1e-05,-7e-05,0.0,0.0,0.0
7485.58,BTC-27MAR20,1577185144398,open,0.92,59.0,0.8395,0.941,0.88524614,80.57,0.877,0.0,BTC-27MAR20-14000-P,7385.19,0.0,0.4,0.5,1.255,0.5,286.29,6.2717,-2.69148,-34.52222,5e-05,-0.90789
7392.24,BTC-27DEC19,1577185144397,open,0.0,1075.6,0.0005,0.011,0.00136453,86.1,0.0015,0.0,BTC-27DEC19-6500-P,7385.19,81.17,0.001,61.7,0.002,35.2,93.18,0.59495,-8.90632,-0.0256,0.00016,-0.04259
7635.34,BTC-26JUN20,1577185144397,open,0.02,24.9,0.0065,0.0515,0.02060787,89.24,0.021,0.0,BTC-26JUN20-22000-C,7385.19,88.26,0.0195,33.0,0.0215,0.1,90.01,8.73099,-2.10725,2.63423,3e-05,0.08872
7485.58,BTC-27MAR20,1577185144397,open,2.55,0.0,2.406,2.5575,2.47680355,106.25,None,0.0,BTC-27MAR20-26000-P,7385.19,0.0,0.0015,10.0,0.0,0.0,0.0,1.88535,-1.06693,-66.54019,1e-05,-0.97939
7392.24,BTC-27DEC19,1577185144398,open,0.0,961.6,0.0005,0.0105,0.0,115.0,0.001,0.0,BTC-27DEC19-30000-C,7385.19,0.0,0.0,0.0,0.0005,10.9,500.0,0.0,0.0,0.0,0.0,0.0
7485.58,BTC-27MAR20,1577185144398,open,2.0,5.6,1.8825,2.0155,1.94398226,99.7,1.545,0.0,BTC-27MAR20-22000-P,7385.19,0.0,0.0015,10.0,0.0,0.0,0.0,2.58991,-1.37527,-56.09942,2e-05,-0.9699
7635.34,BTC-26JUN20,1577185144398,open,0.92,13.4,0.828,0.96,0.88695662,79.12,1.1,0.0,BTC-26JUN20-14000-P,7385.19,0.0,0.5,3.0,1.25,0.1,214.11,15.80214,-3.38117,-64.72857,7e-05,-0.78676
7392.24,BTC-27DEC19,1577185144397,open,5.61,0.0,5.366,5.6255,5.493445,500.0,None,0.0,BTC-27DEC19-48000-P,7385.19,0.0,0.0005,1.0,0.0,0.0,0.0,0.0009,-0.07839,-3.78172,0.0,-0.99997
7399.27,SYN.BTC-3JAN20,1577185144394,open,0.0,83.9,0.0005,0.0155,0.00323274,57.62,0.003,0.0,BTC-3JAN20-8500-C,7385.19,54.38,0.0025,35.0,0.004,25.0,60.64,1.78203,-5.19858,0.15049,0.00021,0.0784
7399.27,SYN.BTC-3JAN20,1577185144394,open,0.11,0.3,0.106,0.149,0.12659508,63.55,0.106,0.0,BTC-3JAN20-6500-C,7385.19,59.5,0.1255,10.0,0.128,10.0,68.23,2.10778,-6.78171,1.55196,0.00022,0.9018
7485.58,BTC-27MAR20,1577185144398,open,0.15,532.6,0.1295,0.2015,0.16264767,65.51,0.1605,0.0,BTC-27MAR20-7000-C,7385.19,63.05,0.158,16.0,0.166,18.0,67.28,14.15338,-4.93806,9.25873,0.00015,0.64356
7399.27,SYN.BTC-3JAN20,1577185144392,open,0.14,0.0,0.0965,0.151,0.12004963,54.25,None,0.0,BTC-3JAN20-8250-P,7385.19,0.0,0.0,0.0,0.0,0.0,0.0,2.43494,-6.68835,-2.00206,0.0003,-0.87998
7427.96,SYN.BTC-31JAN20,1577185144396,open,0.19,10.5,0.185,0.2325,0.20688064,64.4,0.1275,0.0,BTC-31JAN20-6000-C,7385.19,44.23,0.196,7.1,0.216,7.0,76.78,5.0249,-4.27174,5.1218,0.00014,0.87137
7399.27,SYN.BTC-3JAN20,1577185144395,open,0.14,0.3,0.139,0.1795,0.15832201,68.27,0.1415,0.0,BTC-3JAN20-6250-C,7385.19,0.0,0.155,0.1,0.1635,6.0,88.64,1.4397,-4.97634,1.56599,0.00014,0.94054
7427.96,SYN.BTC-31JAN20,1577185144395,open,0.03,510.8,0.0145,0.0555,0.0256374,59.42,0.0285,0.0,BTC-31JAN20-6500-P,7385.19,58.2,0.0245,28.0,0.0275,39.0,61.39,6.97094,-5.46789,-1.84645,0.0002,-0.21392
7427.96,SYN.BTC-31JAN20,1577185144392,open,0.09,163.8,0.0605,0.123,0.07695084,55.83,0.091,0.0,BTC-31JAN20-7500-P,7385.19,54.31,0.075,20.0,0.08,8.0,58.2,9.53955,-7.03069,-4.33564,0.0003,-0.48554
7399.27,SYN.BTC-3JAN20,1577185144392,open,0.21,0.0,0.16,0.213,0.18484953,61.9,None,0.0,BTC-3JAN20-8750-P,7385.19,0.0,0.0,0.0,0.0,0.0,0.0,1.35903,-4.25919,-2.26143,0.00015,-0.94474
7392.24,BTC-27DEC19,1577185144398,open,0.65,73.0,0.592,0.6565,0.62336128,171.19,0.7025,0.0,BTC-27DEC19-12000-P,7385.19,0.0,0.0025,0.1,0.0,0.0,0.0,0.02063,-0.61407,-0.94492,0.0,-0.99907
7485.58,BTC-27MAR20,1577185144398,open,0.0,73.2,0.0005,0.0135,0.00278523,108.3,0.0025,0.0,BTC-27MAR20-28000-C,7385.19,104.13,0.002,57.0,0.0035,10.0,111.43,1.5761,-0.90914,0.26785,1e-05,0.0167
7635.34,BTC-26JUN20,1577185144398,open,1.18,5.0,1.075,1.212,1.13613086,82.35,1.22,0.0,BTC-26JUN20-16000-P,7385.19,0.0,0.56,1.0,1.35,0.1,167.04,13.55214,-3.01817,-76.18465,6e-05,-0.83381
7399.27,SYN.BTC-3JAN20,1577185144393,open,0.08,3.5,0.0435,0.097,0.06240666,49.9,0.066,0.0,BTC-3JAN20-7750-P,7385.19,46.53,0.0605,5.0,0.0645,5.0,53.52,4.23455,-10.69878,-1.52546,0.00057,-0.69956
7427.96,SYN.BTC-31JAN20,1577185144394,open,0.02,516.0,0.007,0.045,0.01685793,58.77,0.016,0.0,BTC-31JAN20-9000-C,7385.19,57.75,0.016,16.0,0.0175,1.0,59.53,6.25601,-4.85388,1.24953,0.00019,0.17897
7427.96,SYN.BTC-31JAN20,1577185144393,open,0.25,10.4,0.202,0.2715,0.22851757,58.8,0.272,0.0,BTC-31JAN20-9000-P,7385.19,0.0,0.0,0.0,0.0,0.0,0.0,6.25872,-4.85806,-8.08889,0.00019,-0.82091
7427.96,SYN.BTC-31JAN20,1577185144393,open,0.45,0.0,0.3885,0.4565,0.41979567,67.78,None,0.0,BTC-31JAN20-10500-P,7385.19,0.0,0.0015,10.0,0.0,0.0,0.0,3.21088,-2.87281,-10.40452,8e-05,-0.93005
7427.96,SYN.BTC-31JAN20,1577185144396,open,0.02,514.1,0.005,0.0325,0.01465373,64.42,0.0145,0.0,BTC-31JAN20-6000-P,7385.19,64.19,0.0145,0.7,0.0155,20.0,65.66,5.02659,-4.27456,-1.10493,0.00014,-0.1287
7399.27,SYN.BTC-3JAN20,1577185144391,open,0.27,0.0,0.226,0.281,0.25158095,71.49,None,0.0,BTC-3JAN20-9250-P,7385.19,0.0,0.0,0.0,0.0,0.0,0.0,0.89422,-3.23679,-2.43976,8e-05,-0.96708
7427.96,SYN.BTC-31JAN20,1577185144395,open,0.58,0.0,0.519,0.59,0.55190312,73.42,None,0.0,BTC-31JAN20-11500-P,7385.19,0.0,0.0015,10.0,0.0,0.0,0.0,2.13799,-2.07217,-11.63955,5e-05,-0.95817
7399.27,SYN.BTC-3JAN20,1577185144395,open,0.18,0.3,0.173,0.211,0.19099964,73.96,0.2165,0.0,BTC-3JAN20-6000-C,7385.19,0.0,0.175,7.0,0.196,7.0,99.18,0.98885,-3.70258,1.54512,9e-05,0.96279
7399.27,SYN.BTC-3JAN20,1577185144393,open,0.0,93.4,0.0005,0.012,0.00228888,61.84,0.0025,0.0,BTC-3JAN20-8750-C,7385.19,57.02,0.0015,54.0,0.003,44.0,65.44,1.3552,-4.24279,0.10566,0.00015,0.05507
7427.96,SYN.BTC-31JAN20,1577185144395,open,0.38,0.0,0.3235,0.391,0.35468284,64.87,None,0.0,BTC-31JAN20-10000-P,7385.19,0.0,0.0015,10.0,0.0,0.0,0.0,4.00256,-3.42745,-9.71975,0.00011,-0.90633
7399.27,SYN.BTC-3JAN20,1577185144394,open,0.0,52.8,0.0005,0.013,0.00300819,68.31,0.005,0.0,BTC-3JAN20-6250-P,7385.19,65.58,0.0025,69.0,0.0035,25.0,70.74,1.44175,-4.98661,-0.12529,0.00014,-0.05957
7427.96,SYN.BTC-31JAN20,1577185144395,open,0.01,719.7,0.0005,0.0215,0.00830558,70.23,0.008,0.0,BTC-31JAN20-5500-P,7385.19,69.55,0.008,1.0,0.009,20.0,71.73,3.3779,-3.13164,-0.64005,8e-05,-0.07473
7399.27,SYN.BTC-3JAN20,1577185144396,open,0.11,1.3,0.068,0.123,0.08955486,51.2,0.1,0.0,BTC-3JAN20-8000-P,7385.19,23.37,0.0815,6.0,0.1175,6.0,101.94,3.2831,-8.51126,-1.80458,0.00043,-0.81184
7399.27,SYN.BTC-3JAN20,1577185144394,open,0.01,169.0,0.0005,0.031,0.00835655,51.18,0.0075,0.0,BTC-3JAN20-8000-C,7385.19,49.22,0.0075,35.0,0.0095,20.0,53.71,3.28176,-8.50373,0.35973,0.00043,0.18804
7427.96,SYN.BTC-31JAN20,1577185144398,open,0.01,356.0,0.0005,0.0145,0.00474911,77.0,0.005,0.0,BTC-31JAN20-5000-P,7385.19,74.32,0.004,48.0,0.0055,30.0,79.46,2.17525,-2.21098,-0.36596,5e-05,-0.04273
7427.96,SYN.BTC-31JAN20,1577185144397,open,0.04,292.7,0.0305,0.083,0.04211133,55.82,0.0405,0.0,BTC-31JAN20-8000-C,7385.19,54.49,0.0405,26.0,0.0435,0.1,56.95,9.06146,-6.67686,2.55397,0.00028,0.37345
7427.96,SYN.BTC-31JAN20,1577185144398,open,0.51,0.0,0.4535,0.5235,0.48579626,71.12,None,0.0,BTC-31JAN20-11000-P,7385.19,0.0,0.0015,10.0,0.0,0.0,0.0,2.65706,-2.49461,-11.02941,7e-05,-0.94512
7399.27,SYN.BTC-3JAN20,1577185144397,open,0.17,0.0,0.1275,0.181,0.15200594,57.67,None,0.0,BTC-3JAN20-8500-P,7385.19,0.0,0.0,0.0,0.0,0.0,0.0,1.78518,-5.21205,-2.14898,0.00021,-0.92141
7399.27,SYN.BTC-3JAN20,1577185144398,open,0.05,49.9,0.048,0.0965,0.06721088,52.58,0.0945,0.0,BTC-3JAN20-7000-C,7385.19,50.22,0.066,10.0,0.0695,10.0,56.92,3.84103,-10.22456,1.37339,0.00049,0.75322
7427.96,SYN.BTC-31JAN20,1577185144397,open,0.01,470.0,0.0005,0.023,0.00839434,64.82,0.008,0.0,BTC-31JAN20-10000-C,7385.19,63.12,0.0075,25.0,0.009,16.0,65.93,3.99715,-3.42052,0.65601,0.00011,0.0935
7427.96,SYN.BTC-31JAN20,1577185144397,open,0.32,7.4,0.315,0.351,0.33160486,76.96,0.329,0.0,BTC-31JAN20-5000-C,7385.19,0.0,0.3265,7.1,0.335,7.0,86.96,2.17239,-2.20692,4.82312,5e-05,0.95734
7427.96,SYN.BTC-31JAN20,1577185144397,open,0.65,0.0,0.585,0.658,0.61863431,76.78,None,0.0,BTC-31JAN20-12000-P,7385.19,0.0,0.0015,10.0,0.0,0.0,0.0,1.83609,-1.86093,-12.2088,4e-05,-0.9653
7635.2,BTC-26JUN20,1577185144407,open,0.45,124.6,0.3705,0.492,0.42542358,74.3,0.543,0.0,BTC-26JUN20-10000-P,7385.19,66.61,0.4045,6.0,0.5005,10.0,101.0,21.03271,-4.22628,-39.54458,0.0001,-0.59711
7635.34,BTC-26JUN20,1577185079669,open,0.07,402.2,0.0435,0.1255,0.07699615,76.89,0.0765,0.0,BTC-26JUN20-12000-C,7385.19,75.45,0.0735,18.8,0.0795,10.0,77.92,18.6094,-3.86997,8.24858,8e-05,0.29028
7635.34,BTC-26JUN20,1577185071494,open,0.03,268.2,0.0125,0.0685,0.03166979,84.97,0.033,0.0,BTC-26JUN20-18000-C,7385.19,83.18,0.029,33.0,0.034,28.0,86.48,11.63393,-2.67361,3.89072,5e-05,0.13227
7635.34,BTC-26JUN20,1577185139253,open,0.05,556.8,0.026,0.097,0.05326463,79.06,0.057,0.0,BTC-26JUN20-14000-C,7385.19,78.45,0.052,14.5,0.0545,3.1,79.66,15.79037,-3.37632,6.17649,7e-05,0.21297
7635.34,BTC-26JUN20,1577185071498,open,0.02,11.5,0.0055,0.047,0.01774238,91.68,0.018,0.0,BTC-26JUN20-24000-C,7385.19,90.44,0.0165,42.3,0.019,0.1,92.89,7.81006,-1.93658,2.27286,3e-05,0.07651
7635.34,BTC-26JUN20,1577185139033,open,0.02,24.9,0.0065,0.0515,0.02060787,89.24,0.021,0.0,BTC-26JUN20-22000-C,7385.19,88.26,0.0195,33.0,0.0215,0.1,90.01,8.73099,-2.10725,2.63423,3e-05,0.08872
7635.34,BTC-26JUN20,1577185138779,open,0.02,899.5,0.009,0.059,0.02539948,87.32,0.0245,0.0,BTC-26JUN20-20000-C,7385.19,85.85,0.0235,33.0,0.027,1.8,88.52,10.06557,-2.37716,3.18385,4e-05,0.10773
7635.34,BTC-26JUN20,1577185138780,open,0.01,19.9,0.004,0.0415,0.01435672,96.71,0.0165,0.0,BTC-26JUN20-28000-C,7385.19,94.46,0.0125,43.0,0.016,14.0,98.55,6.58321,-1.72178,1.81574,2e-05,0.06131
7635.34,BTC-26JUN20,1577185139257,open,0.01,144.4,0.0005,0.0215,0.00890398,83.4,0.008,0.0,BTC-26JUN20-3000-P,7385.19,82.58,0.0085,1.0,0.0095,25.0,84.59,3.76885,-0.85013,-1.53166,2e-05,-0.0307
7635.34,BTC-26JUN20,1577184890854,open,0.01,42.0,0.002,0.036,0.01158397,100.32,0.0125,0.0,BTC-26JUN20-32000-C,7385.19,98.04,0.01,45.4,0.013,15.6,102.2,5.55685,-1.50767,1.46514,2e-05,0.04947
7635.34,BTC-26JUN20,1577184890852,open,0.01,90.7,0.0025,0.0375,0.01234531,97.95,0.0125,0.0,BTC-26JUN20-30000-C,7385.19,96.14,0.011,44.5,0.0135,29.0,99.4,5.88845,-1.55984,1.58029,2e-05,0.05321
7392.24,BTC-27DEC19,1577185043634,open,0.0,472.0,0.0005,0.0215,0.00407196,53.43,0.004,0.0,BTC-27DEC19-7750-C,7385.19,50.77,0.0035,58.1,0.0045,0.5,55.34,1.63083,-15.15078,0.09391,0.00071,0.16532
7392.24,BTC-27DEC19,1577184930829,open,0.0,1330.8,0.0005,0.0105,0.0004877,100.94,0.0005,0.0,BTC-27DEC19-9000-C,7385.19,0.0,0.0,0.0,0.001,83.2,112.31,0.25861,-3.6052,0.00887,6e-05,0.01571
7485.58,BTC-27MAR20,1577184840245,open,0.0,159.1,0.0005,0.0175,0.00429959,103.75,0.004,0.0,BTC-27MAR20-24000-C,7385.19,100.92,0.0035,10.0,0.005,49.0,105.96,2.25738,-1.24745,0.40856,2e-05,0.02552
7485.58,BTC-27MAR20,1577184841675,open,0.0,73.2,0.0005,0.0135,0.00278523,108.3,0.0025,0.0,BTC-27MAR20-28000-C,7385.19,104.13,0.002,57.0,0.0035,10.0,111.43,1.5761,-0.90914,0.26785,1e-05,0.0167
7485.58,BTC-27MAR20,1577185049393,open,0.01,434.1,0.0005,0.0255,0.00784968,91.25,0.008,0.0,BTC-27MAR20-18000-C,7385.19,89.51,0.007,15.1,0.0085,10.0,92.5,3.78895,-1.84141,0.77277,3e-05,0.04799
7485.58,BTC-27MAR20,1577185137152,open,0.01,465.3,0.0045,0.0375,0.01489363,80.47,0.0155,0.0,BTC-27MAR20-14000-C,7385.19,78.75,0.0135,22.0,0.0165,40.1,82.34,6.25239,-2.67962,1.47926,5e-05,0.09173
7485.44,BTC-27MAR20,1577184841308,open,0.0,76.6,0.0005,0.012,0.002234,114.06,0.003,0.0,BTC-27MAR20-32000-C,7385.19,109.15,0.0015,25.0,0.003,52.0,118.08,1.28206,-0.77887,0.20984,1e-05,0.01313
7485.44,BTC-27MAR20,1577184950630,open,0.0,139.3,0.0005,0.0115,0.00178398,115.0,0.0015,0.0,BTC-27MAR20-34000-C,7385.19,112.88,0.0015,9.5,0.0025,25.0,119.43,1.06699,-0.65353,0.17028,1e-05,0.01063
7485.44,BTC-27MAR20,1577184919821,open,0.02,259.5,0.008,0.0395,0.01950463,71.38,0.018,0.0,BTC-27MAR20-5000-P,7385.19,69.63,0.018,29.0,0.0215,34.0,73.62,6.54152,-2.48688,-2.2532,6e-05,-0.09753
7485.44,BTC-27MAR20,1577184841323,open,0.0,705.8,0.0005,0.0105,0.00077082,115.0,0.002,0.0,BTC-27MAR20-40000-C,7385.19,117.87,0.001,35.2,0.002,45.8,126.51,0.54021,-0.33088,0.07971,0.0,0.00491
7485.44,BTC-27MAR20,1577185137160,open,0.1,770.7,0.0735,0.146,0.10611407,66.16,0.1055,0.0,BTC-27MAR20-8000-C,7385.19,64.87,0.1035,13.7,0.1085,9.0,67.34,15.13761,-5.33442,7.34995,0.00016,0.48789
7485.44,BTC-27MAR20,1577185136781,open,0.07,337.8,0.0415,0.1075,0.06974571,67.7,0.0675,0.0,BTC-27MAR20-9000-C,7385.19,66.24,0.067,13.0,0.0725,20.0,69.15,14.16826,-5.10847,5.54042,0.00015,0.35753
7485.44,BTC-27MAR20,1577185138247,open,0.11,298.7,0.0665,0.1375,0.09782392,65.52,0.098,0.0,BTC-27MAR20-7000-P,7385.19,64.3,0.0955,12.4,0.101,10.0,67.2,14.15346,-4.93954,-8.74601,0.00015,-0.35646
7485.44,BTC-27MAR20,1577185122988,open,0.0,251.8,0.0005,0.019,0.00485689,99.29,0.004,0.0,BTC-27MAR20-22000-C,7385.19,96.6,0.004,47.4,0.0055,8.3,101.11,2.54196,-1.34425,0.47302,2e-05,0.02943
7427.96,SYN.BTC-31JAN20,1577185071615,open,0.02,708.7,0.0165,0.0615,0.0263588,56.95,0.027,0.0,BTC-31JAN20-8500-C,7385.19,55.64,0.025,31.0,0.0275,0.5,58.04,7.76248,-5.83602,1.80145,0.00024,0.26007
7427.96,SYN.BTC-31JAN20,1577185137171,open,0.05,228.0,0.0325,0.0855,0.04559378,56.74,0.048,0.0,BTC-31JAN20-7000-P,7385.19,55.39,0.044,51.0,0.0475,31.4,58.35,8.75438,-6.55721,-2.962,0.00027,-0.33869
7399.27,SYN.BTC-3JAN20,1577185137912,open,0.0,52.8,0.0005,0.013,0.00300819,68.31,0.005,0.0,BTC-3JAN20-6250-P,7385.19,65.58,0.0025,69.0,0.0035,25.0,70.74,1.44175,-4.98661,-0.12529,0.00014,-0.05957
7427.96,SYN.BTC-31JAN20,1577185074812,open,0.03,510.8,0.0145,0.0555,0.0256374,59.42,0.0285,0.0,BTC-31JAN20-6500-P,7385.19,58.2,0.0245,28.0,0.0275,39.0,61.39,6.97094,-5.46789,-1.84645,0.0002,-0.21392
7427.96,SYN.BTC-31JAN20,1577185136981,open,0.04,292.7,0.0305,0.083,0.04211133,55.82,0.0405,0.0,BTC-31JAN20-8000-C,7385.19,54.49,0.0405,26.0,0.0435,0.1,56.95,9.06146,-6.67686,2.55397,0.00028,0.37345
7399.27,SYN.BTC-3JAN20,1577185111529,open,0.0,123.7,0.0005,0.022,0.00506388,54.22,0.005,0.0,BTC-3JAN20-8250-C,7385.19,50.82,0.004,67.2,0.006,25.0,56.97,2.43269,-6.678,0.22982,0.0003,0.11986
131.56,ETH-26JUN20,1577185071305,open,0.18,1652.0,0.125,0.234,0.178268,82.04,0.181,0.0,ETH-26JUN20-120-P,128.53,79.21,0.171,350.0,0.183,461.0,83.88,0.33765,-0.07491,-0.3364,0.00469,-0.32655
131.56,ETH-26JUN20,1577184989585,open,0.13,2383.0,0.082,0.185,0.132168,84.75,0.138,0.0,ETH-26JUN20-180-C,128.53,82.88,0.127,489.0,0.137,629.0,86.49,0.36475,-0.0836,0.18757,0.00491,0.41365
131.56,ETH-26JUN20,1577184837961,open,0.16,188.0,0.11,0.218,0.163786,83.33,0.169,0.0,ETH-26JUN20-160-C,128.53,81.29,0.158,483.0,0.169,483.0,85.17,0.37332,-0.08414,0.21515,0.00511,0.48666
131.56,ETH-26JUN20,1577185111539,open,0.09,803.0,0.047,0.14,0.090027,87.56,0.092,0.0,ETH-26JUN20-220-C,128.53,85.53,0.085,468.0,0.095,818.0,89.55,0.3274,-0.07753,0.14245,0.00427,0.30381
131.56,ETH-26JUN20,1577185071313,open,0.07,539.0,0.037,0.124,0.076505,89.2,0.078,0.0,ETH-26JUN20-240-C,128.53,87.25,0.072,180.0,0.081,471.0,91.11,0.30637,-0.07391,0.12526,0.00392,0.26448
131.56,ETH-26JUN20,1577184837990,open,0.02,667.0,0.007,0.058,0.025406,102.11,0.029,0.0,ETH-26JUN20-440-C,128.53,100.09,0.023,140.0,0.028,790.0,104.17,0.16086,-0.04442,0.0478,0.0018,0.09714
131.56,ETH-26JUN20,1577184837978,open,0.06,548.0,0.024,0.102,0.057424,92.29,0.058,0.0,ETH-26JUN20-280-C,128.53,90.58,0.054,180.0,0.061,577.0,94.04,0.26654,-0.06653,0.09879,0.00329,0.20567
131.56,ETH-26JUN20,1577185070940,open,0.11,1420.0,0.061,0.16,0.108118,86.1,0.111,0.0,ETH-26JUN20-200-C,128.53,84.16,0.103,464.0,0.113,814.0,87.94,0.34789,-0.08101,0.1632,0.00461,0.35303
131.56,ETH-26JUN20,1577185111537,open,0.2,496.0,0.152,0.259,0.206247,82.04,0.213,0.0,ETH-26JUN20-140-C,128.53,80.16,0.201,476.0,0.212,675.0,84.1,0.36717,-0.08146,0.24476,0.00511,0.57355
128.61,ETH-27DEC19,1577185121778,open,0.01,8052.0,0.001,0.025,0.006244,81.29,0.006,0.0,ETH-27DEC19-120-P,128.53,80.09,0.006,199.0,0.007,847.0,84.68,0.02772,-0.39183,-0.00168,0.02617,-0.15953
129.56,ETH-27MAR20,1577184928431,open,0.08,1328.0,0.048,0.127,0.085429,79.96,0.095,0.0,ETH-27MAR20-160-C,128.53,77.65,0.081,615.0,0.09,350.0,82.33,0.24923,-0.10615,0.09662,0.00722,0.37539
129.56,ETH-27MAR20,1577184837037,open,0.0,1222.0,0.001,0.011,0.00176,120.0,0.003,0.0,ETH-27MAR20-640-C,128.53,121.67,0.002,370.0,0.004,650.0,131.88,0.01775,-0.01135,0.0028,0.00034,0.01016
129.56,ETH-27MAR20,1577184839038,open,0.06,1959.0,0.028,0.097,0.059585,82.26,0.063,0.0,ETH-27MAR20-180-C,128.53,80.15,0.056,638.0,0.063,300.0,84.24,0.2216,-0.09709,0.07381,0.00624,0.28109
129.56,ETH-27MAR20,1577185111535,open,0.12,1373.0,0.074,0.16,0.114916,76.94,0.117,0.0,ETH-27MAR20-120-P,128.53,74.85,0.111,926.0,0.119,238.0,79.12,0.24278,-0.0995,-0.15415,0.00731,-0.3477
129.56,ETH-27MAR20,1577184869688,open,0.0,885.0,0.001,0.013,0.003261,120.0,0.004,0.0,ETH-27MAR20-560-C,128.53,118.79,0.003,350.0,0.005,650.0,126.7,0.02884,-0.01843,0.00485,0.00056,0.01782
131.56,ETH-26JUN20,1577184837984,open,0.04,777.0,0.012,0.073,0.035933,97.44,0.033,0.0,ETH-26JUN20-360-C,128.53,95.5,0.033,180.0,0.039,830.0,99.39,0.20289,-0.05347,0.06576,0.00238,0.13462
129.56,ETH-27MAR20,1577184838012,open,0.0,2330.0,0.001,0.016,0.004331,119.36,0.007,0.0,ETH-27MAR20-520-C,128.53,113.95,0.003,570.0,0.006,650.0,124.73,0.03597,-0.02287,0.00626,0.0007,0.02313
129.56,ETH-27MAR20,1577184989565,open,0.02,1037.0,0.008,0.042,0.021429,84.22,0.022,0.0,ETH-27MAR20-80-P,128.53,81.2,0.019,670.0,0.024,650.0,87.29,0.10648,-0.04777,-0.03705,0.00293,-0.08975
129.56,ETH-27MAR20,1577185111536,open,0.12,167.0,0.083,0.169,0.125388,77.75,0.128,0.0,ETH-27MAR20-140-C,128.53,75.58,0.121,656.0,0.131,617.0,80.52,0.26213,-0.10855,0.12491,0.00781,0.50024
128.61,ETH-27DEC19,1577185111516,open,0.01,1585.0,0.002,0.046,0.016666,60.7,0.014,0.0,ETH-27DEC19-130-C,128.53,56.01,0.015,308.0,0.018,350.0,64.62,0.04487,-0.47358,0.0042,0.05672,0.4315
128.98,SYN.ETH-31JAN20,1577184953273,open,0.05,355.0,0.029,0.088,0.0555,68.8,0.053,0.0,ETH-31JAN20-140-C,128.53,66.0,0.052,401.0,0.057,340.0,70.03,0.16027,-0.14557,0.04581,0.01349,0.39772
128.98,SYN.ETH-31JAN20,1577184865590,open,0.01,1330.0,0.003,0.03,0.012581,77.8,0.016,0.0,ETH-31JAN20-180-C,128.53,75.2,0.011,870.0,0.014,510.0,80.04,0.08022,-0.0824,0.0136,0.00597,0.11416
128.68,SYN.ETH-3JAN20,1577184865678,open,0.01,55.0,0.001,0.02,0.006041,76.97,0.005,0.0,ETH-3JAN20-110-P,128.53,73.08,0.005,850.0,0.007,350.0,80.25,0.03616,-0.14091,-0.00357,0.01049,-0.09639
128.98,SYN.ETH-31JAN20,1577184929437,open,0.06,1232.0,0.029,0.089,0.054851,68.85,0.058,0.0,ETH-31JAN20-120-P,128.53,66.38,0.052,392.0,0.057,350.0,70.66,0.15071,-0.13699,-0.0517,0.01268,-0.33138
7485.58,BTC-27MAR20,1577184841673,open,0.0,115.2,0.0005,0.015,0.00329175,105.57,0.004,0.0,BTC-27MAR20-26000-C,7385.19,102.01,0.0025,49.0,0.004,8.6,108.29,1.82277,-1.02496,0.3179,1e-05,0.0198
131.56,ETH-26JUN20,1577185144431,open,0.26,176.0,0.213,0.317,0.266137,82.02,0.279,0.0,ETH-26JUN20-120-C,128.53,66.08,0.225,50.0,0.273,210.0,84.71,0.33765,-0.0749,0.27143,0.0047,0.67344
129.56,ETH-27MAR20,1577185145091,open,0.03,7570.0,0.008,0.054,0.025694,90.72,0.031,0.0,ETH-27MAR20-240-C,128.53,90.08,0.025,300.0,0.026,2.0,91.0,0.14158,-0.06841,0.03593,0.00361,0.13352
128.61,ETH-27DEC19,1577185145091,open,0.0,16676.0,0.001,0.011,0.0,120.0,0.002,0.0,ETH-27DEC19-640-C,128.53,0.0,0.0,0.0,0.001,350.0,500.0,0.0,0.0,0.0,0.0,0.0
128.61,ETH-27DEC19,1577185145090,open,0.34,1.0,0.284,0.364,0.321994,120.0,0.283,0.0,ETH-27DEC19-170-P,128.53,0.0,0.001,10.0,1.442,10.0,500.0,0.00169,-0.0353,-0.01334,0.00108,-0.99486
131.56,ETH-26JUN20,1577185145090,open,0.02,667.0,0.007,0.058,0.025406,102.11,0.029,0.0,ETH-26JUN20-440-C,128.53,100.09,0.023,140.0,0.028,790.0,104.17,0.16086,-0.04442,0.0478,0.0018,0.09714
128.61,ETH-27DEC19,1577185145094,open,0.0,7053.0,0.001,0.011,0.0,120.0,0.001,0.0,ETH-27DEC19-240-C,128.53,0.0,0.0,0.0,0.001,350.0,294.34,0.0,0.0,0.0,0.0,0.0
128.61,ETH-27DEC19,1577185145094,open,0.1,4828.0,0.058,0.128,0.091628,73.33,0.062,0.0,ETH-27DEC19-140-P,128.53,48.98,0.089,40.0,0.095,40.0,91.33,0.0203,-0.25882,-0.01003,0.02124,-0.89817
128.98,SYN.ETH-31JAN20,1577185145094,open,0.01,1330.0,0.003,0.03,0.012581,77.82,0.016,0.0,ETH-31JAN20-180-C,128.53,75.2,0.011,870.0,0.014,510.0,80.04,0.08025,-0.08243,0.0136,0.00597,0.11421
131.56,ETH-26JUN20,1577185145095,open,0.02,287.0,0.004,0.044,0.017045,107.79,0.02,0.0,ETH-26JUN20-560-C,128.53,105.47,0.015,490.0,0.019,490.0,109.86,0.12044,-0.03511,0.03277,0.00127,0.06622
129.56,ETH-27MAR20,1577185145099,open,0.33,3922.0,0.262,0.381,0.320378,79.96,0.32,0.0,ETH-27MAR20-160-P,128.53,68.09,0.298,326.0,0.361,26.0,100.62,0.24923,-0.10615,-0.31489,0.00722,-0.62461
128.68,SYN.ETH-3JAN20,1577185145101,open,0.14,1.0,0.122,0.18,0.151228,76.94,0.15,0.0,ETH-3JAN20-110-C,128.53,63.49,0.148,40.0,0.155,40.0,89.02,0.03614,-0.14078,0.0262,0.01048,0.90368
129.56,ETH-27MAR20,1577185145145,open,0.0,5597.0,0.001,0.012,0.002383,120.0,0.003,0.0,ETH-27MAR20-600-C,128.53,117.66,0.002,578.0,0.004,353.0,127.65,0.02258,-0.01443,0.00367,0.00044,0.0134
128.61,ETH-27DEC19,1577185145151,open,0.5,0.0,0.435,0.523,0.477338,120.0,0.438,0.0,ETH-27DEC19-190-P,128.53,0.0,0.17,30.0,0.0,0.0,0.0,7e-05,-0.0014,-0.01497,4e-05,-0.99985
128.98,SYN.ETH-31JAN20,1577185145155,open,0.89,0.0,0.808,0.929,0.864842,98.28,None,0.0,ETH-31JAN20-240-P,128.53,0.0,0.01,50.0,0.0,0.0,0.0,0.03261,-0.0423,-0.24481,0.00192,-0.96433
128.98,SYN.ETH-31JAN20,1577185145155,open,0.15,446.0,0.101,0.185,0.140979,68.83,0.12,0.0,ETH-31JAN20-140-P,128.53,66.42,0.138,96.0,0.142,350.0,69.65,0.16028,-0.14563,-0.09947,0.01349,-0.60222
128.98,SYN.ETH-31JAN20,1577185145155,open,0.28,1.0,0.22,0.313,0.264685,71.63,0.148,0.0,ETH-31JAN20-160-P,128.53,58.9,0.254,340.0,0.274,340.0,81.26,0.11855,-0.1121,-0.14163,0.00959,-0.79353
129.56,ETH-27MAR20,1577185145157,open,0.4,20.0,0.375,0.433,0.403955,84.22,0.613,0.0,ETH-27MAR20-80-C,128.53,40.12,0.383,44.0,0.417,44.0,98.72,0.10648,-0.04777,0.16871,0.00293,0.91025
129.56,ETH-27MAR20,1577185145157,open,1.82,7.0,1.701,1.887,1.788162,105.85,1.702,0.0,ETH-27MAR20-360-P,128.53,0.0,0.01,30.0,0.0,0.0,0.0,0.06883,-0.03881,-0.91208,0.00151,-0.94901
128.61,ETH-27DEC19,1577185145157,open,0.0,7679.0,0.001,0.011,0.0,120.0,0.001,0.0,ETH-27DEC19-220-C,128.53,0.0,0.0,0.0,0.001,600.0,259.42,0.0,0.0,0.0,0.0,0.0
128.61,ETH-27DEC19,1577185145157,open,0.73,2830.0,0.661,0.763,0.710598,120.0,0.65,0.0,ETH-27DEC19-220-P,128.53,0.0,0.001,9.0,0.0,0.0,0.0,0.0,0.0,-0.01733,0.0,-1.0
128.61,ETH-27DEC19,1577185145157,open,0.0,6665.0,0.001,0.011,0.0,120.0,0.001,0.0,ETH-27DEC19-480-C,128.53,0.0,0.0,0.0,0.001,362.0,500.0,0.0,0.0,0.0,0.0,0.0
128.68,SYN.ETH-3JAN20,1577185145157,open,0.02,33.0,0.003,0.039,0.016414,65.93,0.023,0.0,ETH-3JAN20-120-P,128.53,63.15,0.015,160.0,0.018,350.0,68.98,0.06617,-0.22086,-0.00901,0.0224,-0.24245
128.68,SYN.ETH-3JAN20,1577185145157,open,0.0,114.0,0.001,0.014,0.003041,80.3,0.002,0.0,ETH-3JAN20-160-C,128.53,74.09,0.002,550.0,0.004,550.0,85.04,0.02412,-0.09807,0.00187,0.0067,0.05671
128.98,SYN.ETH-31JAN20,1577185145157,open,0.0,638.0,0.001,0.012,0.002515,100.87,0.005,0.0,ETH-31JAN20-260-C,128.53,97.71,0.002,352.0,0.003,1.0,103.47,0.02265,-0.03016,0.00274,0.0013,0.02301
131.56,ETH-26JUN20,1577185145162,open,3.94,0.0,3.727,4.048,3.878235,110.63,None,0.0,ETH-26JUN20-640-P,128.53,0.0,0.011,1.0,0.0,0.0,0.0,0.10129,-0.03031,-3.21529,0.00104,-0.9469
131.56,ETH-26JUN20,1577185145162,open,0.78,0.0,0.681,0.85,0.762267,87.56,None,0.0,ETH-26JUN20-220-P,128.53,0.0,0.672,50.0,0.0,0.0,0.0,0.3274,-0.07753,-0.97186,0.00427,-0.69619
131.56,ETH-26JUN20,1577185145162,open,0.07,539.0,0.037,0.124,0.076505,89.2,0.078,0.0,ETH-26JUN20-240-C,128.53,87.25,0.072,180.0,0.081,471.0,91.11,0.30637,-0.07391,0.12526,0.00392,0.26448
129.56,ETH-27MAR20,1577185145162,open,0.01,1464.0,0.003,0.033,0.012535,101.47,0.013,0.0,ETH-27MAR20-320-C,128.53,99.05,0.011,260.0,0.014,350.0,103.63,0.08513,-0.04601,0.01809,0.00194,0.06684
129.56,ETH-27MAR20,1577185145162,open,0.75,30.0,0.665,0.805,0.731642,88.47,0.306,0.0,ETH-27MAR20-220-P,128.53,0.0,0.001,9.0,0.0,0.0,0.0,0.16601,-0.07822,-0.52051,0.00435,-0.83042
129.56,ETH-27MAR20,1577185145162,open,0.0,2330.0,0.001,0.016,0.004332,119.36,0.007,0.0,ETH-27MAR20-520-C,128.53,113.95,0.003,570.0,0.006,650.0,124.73,0.03597,-0.02287,0.00626,0.0007,0.02313
129.56,ETH-27MAR20,1577185145162,open,0.06,1959.0,0.028,0.097,0.059585,82.26,0.063,0.0,ETH-27MAR20-180-C,128.53,80.15,0.056,638.0,0.063,300.0,84.24,0.2216,-0.09709,0.07381,0.00624,0.28109
128.61,ETH-27DEC19,1577185145162,open,0.42,4507.0,0.359,0.443,0.399608,120.0,0.432,0.0,ETH-27DEC19-180-P,128.53,0.0,0.002,25.0,1.2,5.0,500.0,0.00037,-0.00771,-0.01417,0.00024,-0.99904
128.61,ETH-27DEC19,1577185145162,open,0.06,758.0,0.041,0.103,0.073191,81.23,0.081,0.0,ETH-27DEC19-120-C,128.53,49.63,0.068,40.0,0.075,40.0,89.29,0.0277,-0.3913,0.00778,0.02617,0.84063
128.68,SYN.ETH-3JAN20,1577185145162,open,0.01,338.0,0.002,0.034,0.013759,65.17,0.02,0.0,ETH-3JAN20-140-C,128.53,63.65,0.013,160.0,0.014,350.0,65.65,0.06457,-0.21306,0.00759,0.02211,0.23189
128.98,SYN.ETH-31JAN20,1577185145162,open,0.01,884.0,0.001,0.02,0.007048,83.17,0.007,0.0,ETH-31JAN20-200-C,128.53,80.53,0.006,830.0,0.008,150.0,85.39,0.05353,-0.05877,0.00794,0.00373,0.06636
128.68,SYN.ETH-3JAN20,1577185145162,open,0.01,351.0,0.001,0.02,0.005739,71.52,0.01,0.0,ETH-3JAN20-150-C,128.53,69.0,0.005,200.0,0.007,550.0,75.5,0.03894,-0.14101,0.00352,0.01215,0.10672
128.68,SYN.ETH-3JAN20,1577185145162,open,0.03,1846.0,0.012,0.064,0.036244,62.43,0.037,0.0,ETH-3JAN20-130-C,128.53,60.53,0.035,35.0,0.037,350.0,63.58,0.08435,-0.2666,0.01548,0.03016,0.48094
128.61,ETH-27DEC19,1577185145164,open,0.0,4535.0,0.001,0.011,0.0,120.0,0.002,0.0,ETH-27DEC19-760-C,128.53,0.0,0.0,0.0,0.001,350.0,500.0,0.0,0.0,0.0,0.0,0.0
131.56,ETH-26JUN20,1577185145164,open,0.92,4.0,0.817,0.992,0.900767,89.2,0.934,0.0,ETH-26JUN20-240-P,128.53,0.0,0.01,50.0,0.0,0.0,0.0,0.30637,-0.07391,-1.09036,0.00392,-0.73552
128.61,ETH-27DEC19,1577185145164,open,0.0,1346.0,0.001,0.011,0.0,120.0,0.001,0.0,ETH-27DEC19-380-C,128.53,0.0,0.0,0.0,0.001,352.0,467.97,0.0,0.0,0.0,0.0,0.0
129.56,ETH-27MAR20,1577185145164,open,0.28,1.0,0.244,0.32,0.282395,78.88,0.337,0.0,ETH-27MAR20-100-C,128.53,73.57,0.275,1.0,0.293,43.0,86.26,0.18305,-0.0769,0.17302,0.00538,0.80162
128.68,SYN.ETH-3JAN20,1577185145164,open,0.05,148.0,0.019,0.078,0.046478,62.43,0.034,0.0,ETH-3JAN20-130-P,128.53,60.17,0.045,120.0,0.047,350.0,63.23,0.08435,-0.2666,-0.01969,0.03016,-0.51906
129.56,ETH-27MAR20,1577185145168,open,0.18,118.0,0.145,0.231,0.188704,76.94,0.19,0.0,ETH-27MAR20-120-C,128.53,70.7,0.177,84.0,0.2,46.0,82.97,0.24278,-0.0995,0.15448,0.00731,0.6523
131.56,ETH-26JUN20,1577185145168,open,0.03,1120.0,0.009,0.062,0.02854,98.87,0.031,0.0,ETH-26JUN20-400-C,128.53,97.7,0.027,140.0,0.03,1.0,99.95,0.17563,-0.04696,0.05403,0.00203,0.10963
128.98,SYN.ETH-31JAN20,1577185145168,open,0.58,0.0,0.508,0.613,0.557732,83.17,None,0.0,ETH-31JAN20-200-P,128.53,0.0,0.01,50.0,0.0,0.0,0.0,0.05353,-0.05877,-0.1996,0.00373,-0.93364
128.68,SYN.ETH-3JAN20,1577185145168,open,0.0,81.0,0.001,0.013,0.002934,93.98,0.003,0.0,ETH-3JAN20-100-P,128.53,87.2,0.002,550.0,0.004,576.0,100.4,0.01962,-0.09334,-0.00163,0.00466,-0.04376
131.56,ETH-26JUN20,1577185145170,open,1.81,1.0,1.672,1.886,1.772327,97.44,1.827,0.0,ETH-26JUN20-360-P,128.53,0.0,0.015,2.0,0.0,0.0,0.0,0.20289,-0.05347,-1.75767,0.00238,-0.86538
128.61,ETH-27DEC19,1577185145170,open,0.0,21055.0,0.001,0.011,0.0,120.0,0.001,0.0,ETH-27DEC19-600-C,128.53,0.0,0.0,0.0,0.001,947.0,500.0,0.0,0.0,0.0,0.0,0.0
131.56,ETH-26JUN20,1577185145170,open,0.04,777.0,0.012,0.073,0.035933,97.44,0.033,0.0,ETH-26JUN20-360-C,128.53,95.5,0.033,180.0,0.039,830.0,99.39,0.20289,-0.05347,0.06576,0.00238,0.13462
128.61,ETH-27DEC19,1577185145170,open,0.0,2401.0,0.001,0.017,0.003066,73.33,0.002,0.0,ETH-27DEC19-140-C,128.53,65.91,0.002,550.0,0.004,550.0,78.9,0.0203,-0.25882,0.001,0.02124,0.10183
128.98,SYN.ETH-31JAN20,1577185145172,open,0.02,1354.0,0.008,0.047,0.024138,71.63,0.023,0.0,ETH-31JAN20-160-C,128.53,70.39,0.023,128.0,0.025,1.0,72.57,0.11855,-0.1121,0.0244,0.00959,0.20647
131.56,ETH-26JUN20,1577185145175,open,0.18,1652.0,0.125,0.234,0.178268,82.04,0.181,0.0,ETH-26JUN20-120-P,128.53,79.21,0.171,350.0,0.183,461.0,83.88,0.33765,-0.07491,-0.33639,0.00469,-0.32655
129.56,ETH-27MAR20,1577185145175,open,0.06,368.0,0.027,0.087,0.054238,78.88,0.049,0.0,ETH-27MAR20-100-P,128.53,76.57,0.051,670.0,0.057,200.0,80.82,0.18305,-0.0769,-0.08418,0.00538,-0.19838
129.56,ETH-27MAR20,1577185145177,open,0.6,747.0,0.524,0.657,0.587786,85.49,0.57,0.0,ETH-27MAR20-200-P,128.53,0.0,0.001,9.0,0.0,0.0,0.0,0.19268,-0.08774,-0.45699,0.00522,-0.78366
129.56,ETH-27MAR20,1577185145177,open,3.38,0.0,3.197,3.467,3.325582,120.0,None,0.0,ETH-27MAR20-560-P,128.53,0.0,0.02,50.0,0.0,0.0,0.0,0.02884,-0.01843,-1.43543,0.00056,-0.98218
128.68,SYN.ETH-3JAN20,1577185145177,open,0.19,0.0,0.134,0.212,0.171393,71.52,None,0.0,ETH-3JAN20-150-P,128.53,0.0,0.0,0.0,0.0,0.0,0.0,0.03894,-0.14101,-0.03707,0.01215,-0.89328
129.56,ETH-27MAR20,1577185145179,open,0.03,1226.0,0.012,0.065,0.033587,88.47,0.031,0.0,ETH-27MAR20-220-C,128.53,86.42,0.031,300.0,0.036,350.0,90.32,0.16601,-0.07822,0.04532,0.00435,0.16958
128.61,ETH-27DEC19,1577185145179,open,0.0,11488.0,0.001,0.011,0.0,120.0,0.001,0.0,ETH-27DEC19-440-C,128.53,0.0,0.0,0.0,0.001,548.0,500.0,0.0,0.0,0.0,0.0,0.0
131.56,ETH-26JUN20,1577185145179,open,0.52,426.0,0.425,0.578,0.500365,84.75,0.47,0.0,ETH-26JUN20-180-P,128.53,75.86,0.476,210.0,0.549,200.0,102.06,0.36475,-0.0836,-0.72415,0.00491,-0.58636
129.56,ETH-27MAR20,1577185145232,open,0.9,118.0,0.81,0.954,0.878117,90.72,0.978,0.0,ETH-27MAR20-240-P,128.53,0.0,0.004,9.0,0.0,0.0,0.0,0.14158,-0.06841,-0.58133,0.00361,-0.86648
131.56,ETH-26JUN20,1577185145232,open,0.06,548.0,0.024,0.102,0.057424,92.29,0.058,0.0,ETH-26JUN20-280-C,128.53,90.58,0.054,180.0,0.061,577.0,94.04,0.26654,-0.06653,0.09879,0.00329,0.20567
129.56,ETH-27MAR20,1577185145232,open,0.0,1222.0,0.001,0.011,0.00176,120.0,0.003,0.0,ETH-27MAR20-640-C,128.53,121.67,0.002,370.0,0.004,650.0,131.88,0.01775,-0.01135,0.0028,0.00034,0.01016
131.56,ETH-26JUN20,1577185145232,open,0.02,247.0,0.009,0.041,0.021416,89.05,0.017,0.0,ETH-26JUN20-60-P,128.53,86.12,0.019,350.0,0.024,436.0,92.03,0.11137,-0.02682,-0.05418,0.00143,-0.05989
128.61,ETH-27DEC19,1577185145232,open,0.0,980.0,0.001,0.011,0.0,120.0,0.001,0.0,ETH-27DEC19-340-C,128.53,0.0,0.0,0.0,0.001,358.0,427.33,0.0,0.0,0.0,0.0,0.0
128.61,ETH-27DEC19,1577185145232,open,3.72,0.0,3.53,3.809,3.665267,125.0,0.953,0.0,ETH-27DEC19-600-P,128.53,0.0,0.02,50.0,0.0,0.0,0.0,0.0,0.0,-0.04727,0.0,-1.0
128.98,SYN.ETH-31JAN20,1577185145232,open,0.0,824.0,0.001,0.014,0.004022,98.28,0.006,0.0,ETH-31JAN20-240-C,128.53,93.86,0.003,350.0,0.005,510.0,101.89,0.03261,-0.0423,0.00424,0.00192,0.03567
128.98,SYN.ETH-31JAN20,1577185145232,open,0.05,355.0,0.029,0.088,0.0555,68.83,0.053,0.0,ETH-31JAN20-140-C,128.53,66.0,0.052,401.0,0.057,340.0,70.03,0.16028,-0.14563,0.04581,0.01349,0.39778
128.68,SYN.ETH-3JAN20,1577185145232,open,0.22,0.0,0.2,0.252,0.225831,93.98,None,0.0,ETH-3JAN20-100-C,128.53,0.0,0.222,1.0,0.0,0.0,0.0,0.01962,-0.09334,0.02543,0.00466,0.95624
129.56,ETH-27MAR20,1577185145234,open,0.01,657.0,0.001,0.027,0.009527,105.85,0.009,0.0,ETH-27MAR20-360-C,128.53,102.83,0.008,660.0,0.011,610.0,108.51,0.06883,-0.03881,0.01382,0.00151,0.05099
128.61,ETH-27DEC19,1577185145234,open,0.0,4550.0,0.001,0.011,0.0,120.0,0.001,0.0,ETH-27DEC19-260-C,128.53,0.0,0.0,0.0,0.001,351.0,325.79,0.0,0.0,0.0,0.0,0.0
129.56,ETH-27MAR20,1577185145234,open,0.01,1403.0,0.001,0.024,0.007522,109.75,0.007,0.0,ETH-27MAR20-400-C,128.53,106.04,0.006,610.0,0.009,610.0,112.92,0.05697,-0.0333,0.01092,0.0012,0.04031
128.61,ETH-27DEC19,1577185145234,open,0.0,2232.0,0.001,0.011,0.0,120.0,0.001,0.0,ETH-27DEC19-320-C,128.53,0.0,0.0,0.0,0.001,359.0,404.85,0.0,0.0,0.0,0.0,0.0
131.56,ETH-26JUN20,1577185145234,open,1.51,0.0,1.382,1.582,1.476418,94.63,1.06,0.0,ETH-26JUN20-320-P,128.53,0.0,0.015,2.0,0.0,0.0,0.0,0.23038,-0.05896,-1.54173,0.00278,-0.83723
129.56,ETH-27MAR20,1577185145234,open,0.21,642.0,0.154,0.26,0.205968,77.75,0.239,0.0,ETH-27MAR20-140-P,128.53,75.3,0.201,350.0,0.21,25.0,79.74,0.26213,-0.10855,-0.23516,0.00781,-0.49976
128.61,ETH-27DEC19,1577185145236,open,0.0,10814.0,0.001,0.011,0.0,120.0,0.001,0.0,ETH-27DEC19-400-C,128.53,0.0,0.0,0.0,0.001,351.0,486.46,0.0,0.0,0.0,0.0,0.0
129.56,ETH-27MAR20,1577185145236,open,0.04,2424.0,0.018,0.079,0.0441,85.49,0.048,0.0,ETH-27MAR20-200-C,128.53,83.38,0.041,300.0,0.047,650.0,87.42,0.19268,-0.08774,0.05739,0.00522,0.21634
128.61,ETH-27DEC19,1577185145236,open,0.89,2287.0,0.812,0.923,0.866107,120.0,1.068,0.0,ETH-27DEC19-240-P,128.53,0.0,0.001,15.0,0.0,0.0,0.0,0.0,0.0,-0.01891,0.0,-1.0
129.56,ETH-27MAR20,1577185145236,open,0.08,1328.0,0.048,0.127,0.085429,79.96,0.095,0.0,ETH-27MAR20-160-C,128.53,77.65,0.081,615.0,0.09,350.0,82.33,0.24923,-0.10615,0.09662,0.00722,0.37539
131.56,ETH-26JUN20,1577185145236,open,0.56,1.0,0.541,0.591,0.565351,89.05,0.69,0.0,ETH-26JUN20-60-C,128.53,49.55,0.545,52.0,0.574,52.0,98.58,0.11137,-0.02682,0.24973,0.00143,0.94011
128.61,ETH-27DEC19,1577185145236,open,0.0,300.0,0.001,0.011,9e-06,120.0,0.002,0.0,ETH-27DEC19-90-P,128.53,0.0,0.0,0.0,0.001,575.0,193.99,0.00014,-0.0012,0.0,9e-05,-0.00033
128.61,ETH-27DEC19,1577185145236,open,0.0,12762.0,0.001,0.011,0.0,120.0,0.001,0.0,ETH-27DEC19-680-C,128.53,0.0,0.0,0.0,0.001,350.0,500.0,0.0,0.0,0.0,0.0,0.0
131.56,ETH-26JUN20,1577185145236,open,0.44,0.0,0.407,0.479,0.443205,83.83,None,0.0,ETH-26JUN20-80-C,128.53,38.91,0.395,1.0,1.48,5.0,500.0,0.1968,-0.04462,0.2852,0.00268,0.8712
131.56,ETH-26JUN20,1577185145236,open,0.11,543.0,0.064,0.148,0.103284,82.04,0.095,0.0,ETH-26JUN20-100-P,128.53,80.01,0.099,350.0,0.107,250.0,83.78,0.27947,-0.062,-0.2175,0.00389,-0.22311
129.56,ETH-27MAR20,1577185145236,open,2.13,5.0,2.0,2.202,2.094894,109.75,2.004,0.0,ETH-27MAR20-400-P,128.53,0.0,0.046,50.0,0.0,0.0,0.0,0.05697,-0.0333,-1.01785,0.0012,-0.95969
128.68,SYN.ETH-3JAN20,1577185145236,open,0.01,55.0,0.001,0.02,0.006041,76.94,0.005,0.0,ETH-3JAN20-110-P,128.53,73.08,0.005,850.0,0.007,350.0,80.25,0.03614,-0.14078,-0.00356,0.01048,-0.09632
129.56,ETH-27MAR20,1577185145238,open,0.0,885.0,0.001,0.013,0.003261,120.0,0.004,0.0,ETH-27MAR20-560-C,128.53,118.79,0.003,350.0,0.005,650.0,126.7,0.02884,-0.01843,0.00485,0.00056,0.01782
128.61,ETH-27DEC19,1577185145238,open,4.98,1.0,4.737,5.091,4.909338,125.0,3.236,0.0,ETH-27DEC19-760-P,128.53,0.0,0.02,50.0,0.0,0.0,0.0,0.0,0.0,-0.05988,0.0,-1.0
129.56,ETH-27MAR20,1577185145238,open,0.0,1637.0,0.001,0.018,0.005014,116.18,0.013,0.0,ETH-27MAR20-480-C,128.53,112.72,0.004,570.0,0.006,350.0,119.12,0.04085,-0.02528,0.0073,0.00081,0.02692
131.56,ETH-26JUN20,1577185145238,open,0.05,1006.0,0.026,0.083,0.051293,83.83,0.055,0.0,ETH-26JUN20-80-P,128.53,82.29,0.049,350.0,0.054,250.0,85.63,0.1968,-0.04462,-0.12001,0.00268,-0.1288
128.98,SYN.ETH-31JAN20,1577185145238,open,0.0,1178.0,0.001,0.015,0.00453,89.02,0.006,0.0,ETH-31JAN20-220-C,128.53,87.15,0.004,830.0,0.005,100.0,90.58,0.03784,-0.04448,0.00513,0.00246,0.04283
128.98,SYN.ETH-31JAN20,1577185145238,open,0.06,1232.0,0.029,0.089,0.054852,68.83,0.058,0.0,ETH-31JAN20-120-P,128.53,66.38,0.052,392.0,0.057,350.0,70.66,0.15071,-0.13693,-0.05169,0.01269,-0.33135
131.56,ETH-26JUN20,1577185145240,open,0.02,110.0,0.005,0.047,0.019076,105.89,0.024,0.0,ETH-26JUN20-520-C,128.53,103.73,0.017,490.0,0.021,140.0,107.76,0.13112,-0.03755,0.03657,0.00141,0.07395
129.56,ETH-27MAR20,1577185145240,open,0.02,2403.0,0.005,0.041,0.017548,96.73,0.023,0.0,ETH-27MAR20-280-C,128.53,94.84,0.016,260.0,0.019,350.0,98.42,0.10885,-0.05608,0.02496,0.00261,0.09246
128.61,ETH-27DEC19,1577185145240,open,0.0,11105.0,0.001,0.011,0.0,120.0,0.002,0.0,ETH-27DEC19-560-C,128.53,0.0,0.0,0.0,0.001,350.0,500.0,0.0,0.0,0.0,0.0,0.0
129.56,ETH-27MAR20,1577185145240,open,3.69,0.0,3.497,3.783,3.633442,120.0,None,0.0,ETH-27MAR20-600-P,128.53,0.0,0.03,50.0,0.0,0.0,0.0,0.02258,-0.01443,-1.53949,0.00044,-0.9866
131.56,ETH-26JUN20,1577185145242,open,0.28,1331.0,0.208,0.335,0.2704,82.04,0.254,0.0,ETH-26JUN20-140-P,128.53,79.74,0.264,350.0,0.276,210.0,84.04,0.36717,-0.08146,-0.46436,0.00511,-0.42645
128.61,ETH-27DEC19,1577185145242,open,0.0,6339.0,0.001,0.011,0.000503,110.73,0.001,0.0,ETH-27DEC19-160-C,128.53,0.0,0.0,0.0,0.001,575.0,122.4,0.0043,-0.06464,0.00015,0.00298,0.01489
128.68,SYN.ETH-3JAN20,1577185145242,open,0.11,76.0,0.066,0.139,0.101703,65.17,0.107,0.0,ETH-3JAN20-140-P,128.53,61.72,0.1,40.0,0.105,350.0,71.57,0.06457,-0.21306,-0.03028,0.02211,-0.76811
131.56,ETH-26JUN20,1577185145244,open,0.34,1.0,0.297,0.388,0.343175,82.04,0.38,0.0,ETH-26JUN20-100-C,128.53,39.41,0.261,1.0,1.375,5.0,500.0,0.27947,-0.062,0.28901,0.00389,0.77689
129.56,ETH-27MAR20,1577185145244,open,4.0,0.0,3.797,4.1,3.941556,120.0,None,0.0,ETH-27MAR20-640-P,128.53,0.0,0.01,50.0,0.0,0.0,0.0,0.01775,-0.01135,-1.64324,0.00034,-0.98984
128.98,SYN.ETH-31JAN20,1577185145244,open,0.12,282.0,0.09,0.16,0.124441,68.83,0.119,0.0,ETH-31JAN20-120-C,128.53,65.87,0.121,96.0,0.129,96.0,72.72,0.15071,-0.13693,0.07283,0.01269,0.66865
128.68,SYN.ETH-3JAN20,1577185145244,open,0.08,853.0,0.052,0.114,0.083891,65.93,0.076,0.0,ETH-3JAN20-120-C,128.53,60.19,0.081,40.0,0.088,40.0,73.75,0.06617,-0.22086,0.02345,0.0224,0.75755
128.61,ETH-27DEC19,1577185145246,open,0.0,5325.0,0.001,0.012,0.001517,98.83,0.001,0.0,ETH-27DEC19-150-C,128.53,91.76,0.001,839.0,0.002,575.0,104.26,0.01056,-0.18141,0.00043,0.0082,0.04364
131.56,ETH-26JUN20,1577185145246,open,3.64,0.0,3.432,3.737,3.575696,109.16,None,0.0,ETH-26JUN20-600-P,128.53,0.0,0.01,50.0,0.0,0.0,0.0,0.1098,-0.03242,-3.00988,0.00115,-0.94119
129.56,ETH-27MAR20,1577185145246,open,0.01,1168.0,0.001,0.02,0.006016,112.98,0.009,0.0,ETH-27MAR20-440-C,128.53,110.04,0.005,350.0,0.007,610.0,115.53,0.04758,-0.02863,0.00877,0.00098,0.03234
128.61,ETH-27DEC19,1577185145246,open,0.0,13244.0,0.001,0.011,0.0,120.0,0.002,0.0,ETH-27DEC19-520-C,128.53,0.0,0.0,0.0,0.001,350.0,500.0,0.0,0.0,0.0,0.0,0.0
128.61,ETH-27DEC19,1577185145246,open,1.05,944.0,0.963,1.083,1.021616,120.0,1.042,0.0,ETH-27DEC19-260-P,128.53,0.0,0.001,9.0,0.0,0.0,0.0,0.0,0.0,-0.02048,0.0,-1.0
128.61,ETH-27DEC19,1577185145248,open,0.0,6174.0,0.001,0.011,0.0,120.0,0.001,0.0,ETH-27DEC19-720-C,128.53,0.0,0.0,0.0,0.001,350.0,500.0,0.0,0.0,0.0,0.0,0.0
7392.26,BTC-27DEC19,1577185145398,open,0.17,3.0,0.1275,0.178,0.15077363,83.61,0.12,0.0,BTC-27DEC19-8500-P,7385.82,0.0,0.001,10.0,0.2695,0.1,490.66,0.47775,-6.94502,-0.65126,0.00013,-0.96744
7485.67,BTC-27MAR20,1577185145399,open,0.05,598.1,0.026,0.0775,0.04714172,67.23,0.0465,0.0,BTC-27MAR20-6000-P,7385.82,65.75,0.045,11.0,0.0495,23.3,68.86,10.82689,-3.87706,-4.87948,0.00011,-0.2063
7392.89,BTC-27DEC19,1577185145399,open,2.03,4.9,1.918,2.0365,1.97609385,413.19,2.217,0.0,BTC-27DEC19-22000-P,7385.82,0.0,0.0005,1.0,0.0,0.0,0.0,0.05341,-3.83688,-1.73191,0.0,-0.99736
7636.11,BTC-26JUN20,1577185145399,open,1.96,0.0,1.8325,1.987,1.90195062,89.49,None,0.0,BTC-26JUN20-22000-P,7385.82,0.0,0.11,1.0,2.22,0.1,221.67,8.79931,-2.12971,-108.77316,3e-05,-0.91036
7636.11,BTC-26JUN20,1577185145399,open,0.05,290.4,0.027,0.0805,0.04844256,73.13,0.0525,0.0,BTC-26JUN20-5000-P,7385.82,70.95,0.045,25.1,0.051,42.3,74.72,12.18093,-2.40918,-7.34455,6e-05,-0.14145
7636.11,BTC-26JUN20,1577185145400,open,0.23,131.8,0.199,0.29,0.24101972,73.1,0.238,0.0,BTC-26JUN20-7000-C,7385.82,69.05,0.2305,13.0,0.2405,7.0,72.9,19.78907,-3.91242,16.41493,9e-05,0.66542
7392.89,BTC-27DEC19,1577185145399,open,5.06,0.0,4.8355,5.0735,4.9521877,500.0,3.46,0.0,BTC-27DEC19-44000-P,7385.82,0.0,0.001,1.0,0.0,0.0,0.0,0.00194,-0.16838,-3.46655,0.0,-0.99993
7636.11,BTC-26JUN20,1577185145400,open,2.22,0.0,2.088,2.2505,2.16102449,91.99,None,0.0,BTC-26JUN20-24000-P,7385.82,0.0,0.002,1.0,0.0,0.0,0.0,7.89009,-1.96296,-119.26184,3e-05,-0.92246
7636.11,BTC-26JUN20,1577185145400,open,2.75,0.0,2.6,2.78,2.68151779,97.13,None,0.0,BTC-26JUN20-28000-P,7385.82,0.0,0.002,1.0,0.0,0.0,0.0,6.68476,-1.75599,-139.97428,2e-05,-0.93749
7486.3,BTC-27MAR20,1577185145400,open,0.04,618.6,0.024,0.081,0.04692243,69.63,0.0485,0.0,BTC-27MAR20-10000-C,7385.82,68.14,0.0445,26.0,0.049,12.0,70.88,12.31486,-4.56686,4.10261,0.00012,0.26
7486.3,BTC-27MAR20,1577185145400,open,0.0,251.8,0.0005,0.019,0.00485755,99.28,0.004,0.0,BTC-27MAR20-22000-C,7385.82,96.59,0.004,47.4,0.0055,8.3,101.1,2.54262,-1.34451,0.47316,2e-05,0.02943
7486.3,BTC-27MAR20,1577185145400,open,4.45,1.0,4.239,4.4585,4.34447819,121.73,4.54,0.0,BTC-27MAR20-40000-P,7385.82,0.0,0.0015,10.0,0.0,0.0,0.0,0.8381,-0.54337,-102.74886,0.0,-0.99194
7392.89,BTC-27DEC19,1577185145401,open,1.2,18.0,1.122,1.2085,1.16443189,297.21,1.261,0.0,BTC-27DEC19-16000-P,7385.82,0.0,0.0,0.0,0.0,0.0,0.0,0.05271,-2.72398,-1.25918,0.0,-0.9974
7486.3,BTC-27MAR20,1577185145401,open,3.91,0.0,3.715,3.9155,3.81058522,118.65,None,0.0,BTC-27MAR20-36000-P,7385.82,0.0,0.0015,10.0,0.0,0.0,0.0,1.05304,-0.66545,-92.42286,1e-05,-0.98953
7636.11,BTC-26JUN20,1577185145400,open,0.14,187.9,0.1055,0.201,0.14798328,74.14,0.142,0.0,BTC-26JUN20-9000-C,7385.82,71.67,0.141,12.2,0.148,9.0,74.14,21.65623,-4.34226,12.88038,0.0001,0.481
7486.3,BTC-27MAR20,1577185145400,open,3.36,0.0,3.1915,3.373,3.27720013,116.72,None,0.0,BTC-27MAR20-32000-P,7385.82,0.0,0.0015,10.0,0.0,0.0,0.0,1.47589,-0.91756,-82.05671,1e-05,-0.98454
7392.89,BTC-27DEC19,1577185145401,open,1.48,9.4,1.3875,1.4845,1.43498588,340.09,1.559,0.0,BTC-27DEC19-18000-P,7385.82,0.0,0.0,0.0,0.0,0.0,0.0,0.0524,-3.09857,-1.41677,0.0,-0.99742
7392.89,BTC-27DEC19,1577185145400,open,2.86,0.2,2.7135,2.8645,2.78775581,500.0,2.2765,0.0,BTC-27DEC19-28000-P,7385.82,0.0,0.0005,1.0,0.0,0.0,0.0,0.05512,-4.79215,-2.20461,0.0,-0.99727
7392.89,BTC-27DEC19,1577185145401,open,4.51,0.0,4.305,4.521,4.41107973,500.0,2.58,0.0,BTC-27DEC19-40000-P,7385.82,0.0,0.001,1.0,0.0,0.0,0.0,0.00428,-0.37191,-3.15136,0.0,-0.99983
7636.11,BTC-26JUN20,1577185145401,open,0.04,133.1,0.0175,0.0805,0.04049059,82.27,0.041,0.0,BTC-26JUN20-16000-C,7385.82,80.85,0.038,27.0,0.043,32.0,83.67,13.53702,-3.01204,4.84984,6e-05,0.16588
7392.89,BTC-27DEC19,1577185145401,open,5.61,0.0,5.366,5.6255,5.49329567,500.0,None,0.0,BTC-27DEC19-48000-P,7385.82,0.0,0.0005,1.0,0.0,0.0,0.0,0.0009,-0.07846,-3.78172,0.0,-0.99997
7486.3,BTC-27MAR20,1577185145401,open,3.63,0.0,3.4535,3.644,3.5439354,118.32,None,0.0,BTC-27MAR20-34000-P,7385.82,0.0,0.0015,10.0,0.0,0.0,0.0,1.28322,-0.80869,-87.23714,1e-05,-0.98685
7392.89,BTC-27DEC19,1577185145402,open,3.41,0.3,3.244,3.417,3.32886378,500.0,2.744,0.0,BTC-27DEC19-32000-P,7385.82,0.0,0.0005,1.0,0.0,0.0,0.0,0.02283,-1.98511,-2.52062,0.0,-0.99896
7399.44,SYN.BTC-3JAN20,1577185145400,open,0.0,123.7,0.0005,0.022,0.00506499,54.22,0.005,0.0,BTC-3JAN20-8250-C,7385.82,50.81,0.004,67.2,0.006,25.0,56.96,2.43316,-6.67874,0.22988,0.0003,0.11989
7392.89,BTC-27DEC19,1577185145402,open,3.96,1.3,3.7745,3.969,3.86997175,500.0,3.212,0.0,BTC-27DEC19-36000-P,7385.82,0.0,0.0005,1.0,0.0,0.0,0.0,0.00974,-0.84634,-2.83609,0.0,-0.99959
7486.3,BTC-27MAR20,1577185145403,open,3.09,0.0,2.9295,3.101,3.01023786,113.46,None,0.0,BTC-27MAR20-30000-P,7385.82,0.0,0.0015,10.0,0.0,0.0,0.0,1.58525,-0.95802,-76.89064,1e-05,-0.98319
7392.89,BTC-27DEC19,1577185145403,open,3.13,0.2,2.979,3.141,3.0583098,500.0,2.51,0.0,BTC-27DEC19-30000-P,7385.82,0.0,0.0005,1.0,0.0,0.0,0.0,0.03536,-3.07385,-2.36272,0.0,-0.99833
7636.11,BTC-26JUN20,1577185145403,open,3.29,0.0,3.112,3.31,3.20262425,100.89,None,0.0,BTC-26JUN20-32000-P,7385.82,0.0,0.002,1.0,0.0,0.0,0.0,5.6826,-1.55058,-160.57973,2e-05,-0.94913
7636.11,BTC-26JUN20,1577185145403,open,1.7,0.1,1.5785,1.727,1.6448032,87.52,1.85,0.0,BTC-26JUN20-20000-P,7385.82,0.0,0.0,0.0,1.88,0.1,186.97,10.12096,-2.39564,-98.09669,4e-05,-0.89147
7428.15,SYN.BTC-31JAN20,1577185145400,open,0.06,234.4,0.053,0.11,0.06724229,55.81,0.0645,0.0,BTC-31JAN20-7500-C,7385.82,53.68,0.0645,46.0,0.069,1.0,57.18,9.53977,-7.02875,3.44752,0.0003,0.5145
7392.89,BTC-27DEC19,1577185145403,open,2.58,0.0,2.4485,2.5885,2.51720182,474.24,None,0.0,BTC-27DEC19-26000-P,7385.82,0.0,0.0005,1.0,0.0,0.0,0.0,0.05537,-4.56562,-2.04702,0.0,-0.99726
7428.15,SYN.BTC-31JAN20,1577185145401,open,0.01,214.1,0.002,0.0325,0.0115371,61.57,0.014,0.0,BTC-31JAN20-9500-C,7385.82,59.99,0.0105,35.0,0.0125,16.0,62.98,4.97748,-4.04561,0.88913,0.00014,0.12689
7636.11,BTC-26JUN20,1577185145403,open,0.1,335.8,0.0625,0.138,0.09498147,73.13,0.0915,0.0,BTC-26JUN20-6000-P,7385.82,70.16,0.0885,12.3,0.0955,21.3,73.37,16.68798,-3.30075,-12.75053,8e-05,-0.23468
7636.11,BTC-26JUN20,1577185145404,open,3.02,0.0,2.8555,3.0435,2.94144588,98.45,None,0.0,BTC-26JUN20-30000-P,7385.82,0.0,0.002,1.0,0.0,0.0,0.0,6.00427,-1.59875,-150.33661,2e-05,-0.94547
7428.15,SYN.BTC-31JAN20,1577185145400,open,0.26,2.0,0.2485,0.29,0.26785845,70.19,0.257,0.0,BTC-31JAN20-5500-C,7385.82,0.0,0.2595,7.1,0.273,7.0,80.31,3.37398,-3.12619,5.06828,8e-05,0.92538
7399.44,SYN.BTC-3JAN20,1577185145402,open,0.02,683.1,0.014,0.0575,0.02629836,49.42,0.024,0.0,BTC-3JAN20-7500-C,7385.82,46.66,0.0245,50.1,0.0275,1.0,51.27,4.81761,-12.05536,0.84848,0.00066,0.45011
7428.15,SYN.BTC-31JAN20,1577185145400,open,0.14,34.4,0.13,0.185,0.15056114,59.4,0.158,0.0,BTC-31JAN20-6500-C,7385.82,57.18,0.1485,10.0,0.1535,17.0,62.49,6.96914,-5.46445,4.8995,0.0002,0.78619
7399.44,SYN.BTC-3JAN20,1577185145399,open,0.02,178.2,0.0035,0.038,0.01325694,52.6,0.015,0.0,BTC-3JAN20-7000-P,7385.82,51.13,0.0125,13.1,0.0145,20.0,54.97,3.84118,-10.22974,-0.52062,0.00049,-0.24679
7636.11,BTC-26JUN20,1577185145479,open,0.07,402.2,0.0435,0.1255,0.077009,76.89,0.0765,0.0,BTC-26JUN20-12000-C,7385.82,75.44,0.0735,18.8,0.0795,10.0,77.91,18.61264,-3.87047,8.25068,8e-05,0.29033
7636.11,BTC-26JUN20,1577185145481,open,0.1,335.8,0.0625,0.138,0.09498147,73.13,0.0915,0.0,BTC-26JUN20-6000-P,7385.82,70.16,0.0885,12.3,0.0955,30.8,73.37,16.68798,-3.30075,-12.75053,8e-05,-0.23468
7636.11,BTC-26JUN20,1577185145494,open,0.23,131.8,0.199,0.29,0.24101972,73.1,0.238,0.0,BTC-26JUN20-7000-C,7385.82,69.05,0.2305,22.7,0.2405,7.0,72.9,19.78907,-3.91242,16.41493,9e-05,0.66542
7399.44,SYN.BTC-3JAN20,1577185145598,open,0.01,210.6,0.005,0.043,0.01499893,49.88,0.0135,0.0,BTC-3JAN20-7750-C,7385.82,49.0,0.0145,3.0,0.016,20.0,51.62,4.23461,-10.69376,0.57145,0.00057,0.30043
7399.44,SYN.BTC-3JAN20,1577185145609,open,0.03,34.9,0.012,0.0545,0.02382726,50.73,0.03,0.0,BTC-3JAN20-7250-P,7385.82,51.8,0.0245,0.1,0.025,21.1,52.59,4.66077,-11.97152,-0.82321,0.00062,-0.38736
7392.89,BTC-27DEC19,1577185145618,open,6.16,0.8,5.8965,6.1775,6.03453687,500.0,6.1425,0.0,BTC-27DEC19-52000-P,7385.82,0.0,0.001,1.0,0.0,0.0,0.0,0.00043,-0.03757,-4.09687,0.0,-0.99999
7636.11,BTC-26JUN20,1577185145882,open,0.17,322.5,0.116,0.21,0.15776001,73.14,0.1615,0.0,BTC-26JUN20-7000-P,7385.82,70.51,0.151,11.0,0.158,22.6,73.21,19.78869,-3.91425,-19.04361,9e-05,-0.33456
128.61,ETH-27DEC19,1577185145896,open,0.18,1230.0,0.133,0.207,0.167834,98.83,0.123,0.0,ETH-27DEC19-150-P,128.53,0.0,0.146,21.0,0.189,21.0,208.55,0.01056,-0.18141,-0.01139,0.0082,-0.95636
131.56,ETH-26JUN20,1577185145910,open,0.56,1.0,0.541,0.591,0.565351,89.05,0.69,0.0,ETH-26JUN20-60-C,128.53,58.16,0.547,52.0,0.574,52.0,98.58,0.11137,-0.02682,0.24973,0.00143,0.94011
128.61,ETH-27DEC19,1577185145929,open,0.18,1230.0,0.133,0.207,0.167834,98.83,0.123,0.0,ETH-27DEC19-150-P,128.53,0.0,0.146,21.0,0.19,21.0,212.24,0.01056,-0.18141,-0.01139,0.0082,-0.95636
128.68,SYN.ETH-3JAN20,1577185146013,open,0.0,1.0,0.001,0.012,0.00202,90.37,0.001,0.0,ETH-3JAN20-170-C,128.53,80.8,0.001,351.0,0.003,550.0,97.03,0.01675,-0.07662,0.00118,0.00414,0.03602
128.68,SYN.ETH-3JAN20,1577185146013,open,0.34,0.0,0.283,0.368,0.323095,90.37,None,0.0,ETH-3JAN20-170-P,128.53,0.0,0.0,0.0,0.0,0.0,0.0,0.01675,-0.07662,-0.04481,0.00414,-0.96398
7636.11,BTC-26JUN20,1577185146733,open,0.02,490.1,0.0095,0.042,0.02111159,75.47,0.025,0.0,BTC-26JUN20-4000-P,7385.82,74.29,0.02,8.0,0.023,13.3,77.39,7.33379,-1.49693,-3.54214,3e-05,-0.07046
7392.89,BTC-27DEC19,1577185146745,open,0.04,377.9,0.036,0.0805,0.05764715,61.56,0.055,0.0,BTC-27DEC19-7000-C,7385.82,58.73,0.057,10.0,0.059,10.0,68.04,1.54533,-16.53952,0.46023,0.00058,0.84774
7636.11,BTC-26JUN20,1577185146752,open,0.04,133.1,0.0175,0.0805,0.04050324,82.27,0.041,0.0,BTC-26JUN20-16000-C,7385.82,80.85,0.038,27.0,0.043,17.0,83.67,13.53702,-3.01204,4.84984,6e-05,0.16588
7392.89,BTC-27DEC19,1577185146753,open,0.0,472.0,0.0005,0.0215,0.00408978,53.38,0.004,0.0,BTC-27DEC19-7750-C,7385.82,50.71,0.0035,68.1,0.0045,0.5,55.27,1.63248,-15.15249,0.09406,0.00071,0.16556
7392.89,BTC-27DEC19,1577185146945,open,0.04,377.9,0.036,0.0805,0.05764742,61.56,0.055,0.0,BTC-27DEC19-7000-C,7385.82,58.73,0.057,10.5,0.059,10.0,68.04,1.54533,-16.53952,0.46023,0.00058,0.84774
7392.89,BTC-27DEC19,1577185146958,open,0.0,472.0,0.0005,0.0215,0.00408973,53.38,0.004,0.0,BTC-27DEC19-7750-C,7385.82,50.71,0.0035,68.6,0.0045,0.5,55.27,1.63248,-15.15249,0.09406,0.00071,0.16556
7392.89,BTC-27DEC19,1577185146980,open,0.11,293.3,0.103,0.1435,0.12213674,84.95,0.1245,0.0,BTC-27DEC19-6500-C,7385.82,84.33,0.122,10.0,0.1235,10.0,99.96,0.57142,-8.44033,0.48777,0.00016,0.95948
7392.89,BTC-27DEC19,1577185146987,open,0.07,212.9,0.069,0.112,0.08946145,74.39,0.0855,0.0,BTC-27DEC19-6750-C,7385.82,71.3,0.089,10.0,0.0905,10.0,82.14,0.96762,-12.51491,0.4843,0.0003,0.92086
7392.89,BTC-27DEC19,1577185147203,open,0.07,212.9,0.069,0.112,0.08946145,74.39,0.0855,0.0,BTC-27DEC19-6750-C,7385.82,71.3,0.089,10.5,0.0905,10.0,82.14,0.96762,-12.51491,0.4843,0.0003,0.92086
7392.89,BTC-27DEC19,1577185148044,open,0.11,293.3,0.103,0.1435,0.12213682,84.95,0.1245,0.0,BTC-27DEC19-6500-C,7385.82,76.71,0.1215,10.5,0.1235,10.0,99.96,0.57142,-8.44033,0.48777,0.00016,0.95948
7392.89,BTC-27DEC19,1577185148051,open,0.07,212.9,0.069,0.112,0.08946159,74.39,0.0855,0.0,BTC-27DEC19-6750-C,7385.82,71.3,0.089,0.5,0.0905,10.0,82.14,0.96762,-12.51491,0.4843,0.0003,0.92086
131.56,ETH-26JUN20,1577185148091,open,0.16,188.0,0.11,0.218,0.163786,83.33,0.169,0.0,ETH-26JUN20-160-C,128.53,81.29,0.158,483.0,0.169,483.0,85.17,0.37332,-0.08414,0.21515,0.00511,0.48666
128.61,ETH-27DEC19,1577185148099,open,0.0,1104.0,0.001,0.011,4e-06,120.0,0.001,0.0,ETH-27DEC19-190-C,128.53,0.0,0.0,0.0,0.001,376.0,198.5,7e-05,-0.0005,0.0,4e-05,0.00015
128.61,ETH-27DEC19,1577185148099,open,0.04,677.0,0.006,0.062,0.027472,60.79,0.031,0.0,ETH-27DEC19-130-P,128.53,53.69,0.025,470.0,0.029,350.0,65.16,0.04487,-0.47428,-0.00604,0.05664,-0.56838
128.61,ETH-27DEC19,1577185148103,open,0.14,126.0,0.119,0.174,0.146152,102.22,0.177,0.0,ETH-27DEC19-110-C,128.53,0.0,0.144,1.0,0.15,40.0,137.17,0.00954,-0.16959,0.00826,0.00716,0.96147
131.56,ETH-26JUN20,1577185148103,open,0.2,496.0,0.152,0.259,0.206247,82.04,0.213,0.0,ETH-26JUN20-140-C,128.53,80.16,0.201,476.0,0.212,675.0,84.1,0.36717,-0.08146,0.24476,0.00511,0.57355
128.61,ETH-27DEC19,1577185148145,open,0.0,4519.0,0.001,0.011,0.000286,120.0,0.001,0.0,ETH-27DEC19-100-P,128.53,0.0,0.0,0.0,0.001,378.0,143.12,0.00246,-0.03675,-8e-05,0.00157,-0.00786
129.56,ETH-27MAR20,1577185148145,open,2.75,0.0,2.598,2.834,2.709862,116.18,None,0.0,ETH-27MAR20-480-P,128.53,0.0,0.004,50.0,0.0,0.0,0.0,0.04085,-0.02528,-1.22723,0.00081,-0.97308
128.61,ETH-27DEC19,1577185148151,open,1.52,100.0,1.416,1.565,1.488142,132.81,0.883,0.0,ETH-27DEC19-320-P,128.53,0.0,0.011,5.0,0.0,0.0,0.0,0.0,0.0,-0.02521,0.0,-1.0
128.61,ETH-27DEC19,1577185148154,open,0.0,5519.0,0.001,0.011,2.7e-05,120.0,0.001,0.0,ETH-27DEC19-180-C,128.53,0.0,0.0,0.0,0.001,374.0,175.21,0.00037,-0.00353,1e-05,0.00024,0.00096
129.56,ETH-27MAR20,1577185148155,open,1.2,161.0,1.105,1.262,1.178709,96.73,1.397,0.0,ETH-27MAR20-280-P,128.53,0.0,0.002,50.0,0.0,0.0,0.0,0.10885,-0.05608,-0.69518,0.00261,-0.90754
129.56,ETH-27MAR20,1577185148157,open,0.02,1037.0,0.008,0.042,0.02143,84.23,0.022,0.0,ETH-27MAR20-80-P,128.53,81.2,0.019,670.0,0.024,650.0,87.29,0.10648,-0.04777,-0.03705,0.00293,-0.08975
129.56,ETH-27MAR20,1577185148162,open,0.12,167.0,0.083,0.169,0.125388,77.75,0.128,0.0,ETH-27MAR20-140-C,128.53,75.58,0.121,656.0,0.131,617.0,80.52,0.26213,-0.10855,0.12491,0.00781,0.50024
131.56,ETH-26JUN20,1577185148162,open,3.33,0.0,3.138,3.427,3.273658,107.79,None,0.0,ETH-26JUN20-560-P,128.53,0.0,0.01,50.0,0.0,0.0,0.0,0.12044,-0.03511,-2.80368,0.00127,-0.93378
128.61,ETH-27DEC19,1577185148162,open,1.68,0.0,1.567,1.725,1.643651,125.0,None,0.0,ETH-27DEC19-340-P,128.53,0.0,0.003,9.0,0.0,0.0,0.0,0.0,0.0,-0.02679,0.0,-1.0
131.56,ETH-26JUN20,1577185148162,open,0.13,2383.0,0.082,0.185,0.132168,84.75,0.138,0.0,ETH-26JUN20-180-C,128.53,82.88,0.127,489.0,0.137,629.0,86.49,0.36475,-0.0836,0.18757,0.00491,0.41364
129.56,ETH-27MAR20,1577185148162,open,2.44,0.0,2.299,2.518,2.402126,112.98,None,0.0,ETH-27MAR20-440-P,128.53,0.0,0.003,50.0,0.0,0.0,0.0,0.04758,-0.02863,-1.12288,0.00098,-0.96766
128.61,ETH-27DEC19,1577185148162,open,0.0,2179.0,0.001,0.011,0.0,120.0,0.001,0.0,ETH-27DEC19-300-C,128.53,0.0,0.0,0.0,0.001,350.0,380.63,0.0,0.0,0.0,0.0,0.0
128.61,ETH-27DEC19,1577185148162,open,4.67,0.0,4.436,4.771,4.598321,250.0,None,0.0,ETH-27DEC19-720-P,128.53,0.0,0.004,50.0,0.0,0.0,0.0,0.0,0.0,-0.05673,0.0,-1.0
128.61,ETH-27DEC19,1577185148162,open,0.0,2308.0,0.001,0.011,0.001451,102.22,0.001,0.0,ETH-27DEC19-110-P,128.53,95.49,0.001,794.0,0.002,350.0,108.97,0.00954,-0.16959,-0.00041,0.00716,-0.03853
128.61,ETH-27DEC19,1577185148162,open,2.15,15.0,2.02,2.206,2.110178,125.0,1.248,0.0,ETH-27DEC19-400-P,128.53,0.0,0.002,50.0,0.0,0.0,0.0,0.0,0.0,-0.03151,0.0,-1.0
128.61,ETH-27DEC19,1577185148162,open,1.99,0.0,1.869,2.046,1.954669,125.0,None,0.0,ETH-27DEC19-380-P,128.53,0.0,0.02,50.0,0.0,0.0,0.0,0.0,0.0,-0.02994,0.0,-1.0
131.56,ETH-26JUN20,1577185148164,open,0.09,803.0,0.047,0.14,0.090026,87.56,0.092,0.0,ETH-26JUN20-220-C,128.53,85.53,0.085,468.0,0.095,818.0,89.55,0.3274,-0.07753,0.14245,0.00427,0.30381
128.61,ETH-27DEC19,1577185148164,open,3.09,36.0,2.926,3.168,3.043231,125.0,2.65,0.0,ETH-27DEC19-520-P,128.53,0.0,0.003,50.0,0.0,0.0,0.0,0.0,0.0,-0.04097,0.0,-1.0
131.56,ETH-26JUN20,1577185148164,open,3.02,0.0,2.844,3.117,2.971645,105.89,None,0.0,ETH-26JUN20-520-P,128.53,0.0,0.01,50.0,0.0,0.0,0.0,0.13112,-0.03755,-2.59728,0.00141,-0.92605
128.61,ETH-27DEC19,1577185148164,open,0.0,1657.0,0.001,0.011,0.000168,120.0,0.001,0.0,ETH-27DEC19-170-C,128.53,0.0,0.0,0.0,0.001,575.0,149.99,0.00169,-0.02164,5e-05,0.00108,0.00514
131.56,ETH-26JUN20,1577185148164,open,0.01,626.0,0.003,0.038,0.013534,110.63,0.012,0.0,ETH-26JUN20-640-C,128.53,108.57,0.012,350.0,0.015,140.0,112.48,0.10129,-0.03031,0.02636,0.00104,0.0531
128.61,ETH-27DEC19,1577185148164,open,0.21,2.0,0.199,0.247,0.222741,120.0,0.229,0.0,ETH-27DEC19-100-C,128.53,0.0,0.207,32.0,0.233,32.0,237.61,0.00246,-0.05138,0.0078,0.00157,0.99214
131.56,ETH-26JUN20,1577185148168,open,2.72,0.0,2.549,2.805,2.66908,102.86,None,0.0,ETH-26JUN20-480-P,128.53,0.0,0.01,50.0,0.0,0.0,0.0,0.1398,-0.03889,-2.39132,0.00155,-0.91954
128.61,ETH-27DEC19,1577185148168,open,2.78,21.0,2.624,2.847,2.732214,125.0,2.37,0.0,ETH-27DEC19-480-P,128.53,0.0,0.002,50.0,0.0,0.0,0.0,0.0,0.0,-0.03782,0.0,-1.0
128.61,ETH-27DEC19,1577185148170,open,2.46,0.0,2.322,2.527,2.421196,125.0,None,0.0,ETH-27DEC19-440-P,128.53,0.0,0.002,50.0,0.0,0.0,0.0,0.0,0.0,-0.03467,0.0,-1.0
131.56,ETH-26JUN20,1577185148170,open,0.11,1420.0,0.061,0.16,0.108117,86.1,0.111,0.0,ETH-26JUN20-200-C,128.53,84.16,0.103,464.0,0.113,814.0,87.94,0.34789,-0.08101,0.1632,0.00461,0.35303
128.98,SYN.ETH-31JAN20,1577185148170,open,0.02,1370.0,0.005,0.036,0.017334,77.15,0.017,0.0,ETH-31JAN20-100-P,128.53,75.12,0.016,160.0,0.019,510.0,79.62,0.08575,-0.08733,-0.01911,0.00644,-0.12546
