underlying_price,underlying_index,timestamp,state,settlement_price,open_interest,min_price,max_price,mark_price,mark_iv,last_price,interest_rate,instrument_name,index_price,bid_iv,best_bid_price,best_bid_amount,best_ask_price,best_ask_amount,ask_iv,vega,theta,rho,gamma,delta
182.8,SYN.ETH-16AUG19,1565866740094,open,0.17,432.0,0.116,0.186,0.149155,129.69,0.197,0.0,ETH-16AUG19-210-P,182.79,0.0,0.085,20.0,0.0,0.0,0.0,0.00353,-0.22858,-0.00497,0.00339,-0.98431
182.87,SYN.ETH-23AUG19,1565866740189,open,0.23,0.0,0.212,0.262,0.23696,107.31,None,0.0,ETH-23AUG19-140-C,182.79,0.0,0.0,0.0,0.0,0.0,0.0,0.02224,-0.15154,0.0286,0.00287,0.96191
182.8,SYN.ETH-16AUG19,1565866740305,open,0.72,0.0,0.647,0.748,0.695858,0.0,None,0.0,ETH-16AUG19-310-P,182.79,0.0,0.0,0.0,0.0,0.0,0.0,0.0,0.0,-0.00744,0.0,-1.0
182.8,SYN.ETH-16AUG19,1565866740363,open,0.22,147.0,0.169,0.241,0.203548,129.88,0.252,0.0,ETH-16AUG19-220-P,182.79,0.0,0.172,15.0,0.238,15.0,498.66,0.00056,-0.03666,-0.00527,0.00054,-0.99801
182.87,SYN.ETH-23AUG19,1565866740379,open,0.0,4.0,0.001,0.012,0.00255,107.31,0.002,0.0,ETH-23AUG19-140-P,182.79,102.47,0.002,250.0,0.005,550.0,123.86,0.02224,-0.15154,-0.0016,0.00287,-0.03809
182.8,SYN.ETH-16AUG19,1565866740462,open,0.0,1195.0,0.001,0.011,3e-06,129.88,0.001,0.0,ETH-16AUG19-230-C,182.79,0.0,0.0,0.0,0.001,210.0,231.27,6e-05,-0.00049,0.0,6e-05,0.00017
182.8,SYN.ETH-16AUG19,1565866740556,open,0.28,51.0,0.222,0.297,0.25822,129.87,0.194,0.0,ETH-16AUG19-230-P,182.79,0.0,0.0,0.0,0.0,0.0,0.0,6e-05,-0.00384,-0.00552,6e-05,-0.99983
10297.17,BTC-27DEC19,1565866740643,open,0.02,159.2,0.0035,0.0365,0.01497765,103.65,0.016,0.0,BTC-27DEC19-32000-C,10052.94,101.73,0.0135,10.0,0.0165,16.0,105.52,8.16992,-3.16279,1.99511,2e-05,0.0678
10110.45,BTC-27SEP19,1565866740643,open,0.03,247.2,0.013,0.064,0.03587661,99.27,0.035,0.0,BTC-27SEP19-14000-C,10052.94,97.38,0.034,5.0,0.037,24.2,100.38,10.14623,-11.74586,2.13659,9e-05,0.21578
10297.17,BTC-27DEC19,1565866740643,open,2.58,1.3,2.43,2.593,2.50670811,105.07,2.2,0.0,BTC-27DEC19-36000-P,10052.94,0.0,0.0005,1.0,0.0,0.0,0.0,6.38929,-2.50719,-130.56941,2e-05,-0.95041
10110.45,BTC-27SEP19,1565866740655,open,0.09,521.4,0.059,0.1325,0.09660553,95.83,0.0785,0.0,BTC-27SEP19-11000-C,10052.94,93.91,0.094,5.0,0.0965,8.0,95.75,13.76513,-15.38236,4.35309,0.00012,0.46314
10110.45,BTC-27SEP19,1565866740655,open,0.36,45.9,0.2895,0.383,0.33589409,98.35,0.3355,0.0,BTC-27SEP19-13000-P,10052.94,79.6,0.3155,9.0,0.3435,4.0,104.82,11.70302,-13.42283,-12.5177,0.0001,-0.71809
10110.45,BTC-27SEP19,1565866740658,open,2.02,0.0,1.9095,2.0295,1.96806942,119.4,None,0.0,BTC-27SEP19-30000-P,10052.94,0.0,0.0,0.0,0.0,0.0,0.0,0.6822,-0.94991,-35.1662,0.0,-0.99292
10072.9,SYN.BTC-30AUG19,1565866740668,open,0.3,0.0,0.2915,0.3275,0.30876052,108.77,None,0.0,BTC-30AUG19-7000-C,10052.94,0.0,0.263,5.0,0.3335,5.0,188.63,1.70214,-6.22286,2.67926,4e-05,0.9614
10054.12,SYN.BTC-16AUG19,1565866740668,open,0.0,109.0,0.0005,0.0105,0.0,119.89,0.0005,0.0,BTC-16AUG19-15500-C,10052.94,0.0,0.0,0.0,0.0005,5.0,359.77,0.0,0.0,0.0,0.0,0.0
10297.17,BTC-27DEC19,1565866740683,open,0.09,211.7,0.0485,0.121,0.084077,92.86,0.0655,0.0,BTC-27DEC19-7500-P,10052.94,88.95,0.0775,13.8,0.0835,8.0,92.52,17.41215,-6.03858,-10.69538,5e-05,-0.19911
10297.17,BTC-27DEC19,1565866740687,open,0.52,65.4,0.5125,0.554,0.53244186,92.96,0.608,0.0,BTC-27DEC19-5000-C,10052.94,0.0,0.477,10.0,0.5745,10.0,138.81,7.31488,-2.53968,15.43698,2e-05,0.94117
10297.17,BTC-27DEC19,1565866740687,open,0.02,256.3,0.0065,0.034,0.01800981,92.96,0.02,0.0,BTC-27DEC19-5000-P,10052.94,89.31,0.0155,13.0,0.0195,24.0,95.02,7.31447,-2.53945,-2.90191,2e-05,-0.05882
185.0,ETH-27DEC19,1565866740691,open,0.14,1696.0,0.094,0.196,0.14822,99.83,0.147,0.0,ETH-27DEC19-240-C,182.79,98.48,0.145,20.0,0.154,226.0,102.24,0.44332,-0.16528,0.20408,0.00354,0.44898
183.2,ETH-27SEP19,1565866740691,open,0.0,839.0,0.001,0.011,0.000488,129.88,0.001,0.0,ETH-27SEP19-60-P,182.79,0.0,0.0,0.0,0.002,800.0,156.12,0.00603,-0.00913,-0.00079,0.00012,-0.00317
10297.17,BTC-27DEC19,1565866740693,open,0.45,122.9,0.426,0.4835,0.45493216,92.87,0.469,0.0,BTC-27DEC19-6000-C,10052.94,74.59,0.4365,10.0,0.4915,10.0,122.51,11.51151,-3.99279,16.53718,3e-05,0.89279
10110.45,BTC-27SEP19,1565866740693,open,0.32,748.2,0.3015,0.349,0.32498915,94.92,0.3625,0.0,BTC-27SEP19-7000-C,10052.94,84.96,0.3195,13.5,0.33,13.5,102.97,5.99394,-6.63474,6.85241,5e-05,0.90196
183.2,ETH-27SEP19,1565866740695,open,0.0,6013.0,0.001,0.011,0.000937,129.88,0.001,0.0,ETH-27SEP19-600-C,182.79,0.0,0.0,0.0,0.002,400.0,141.29,0.01269,-0.01921,0.00137,0.00025,0.00729
182.87,SYN.ETH-23AUG19,1565866740695,open,0.18,178.0,0.122,0.206,0.163837,102.08,0.15,0.0,ETH-23AUG19-210-P,182.79,0.0,0.0,0.0,0.0,0.0,0.0,0.07482,-0.48486,-0.0381,0.01016,-0.8017
10110.45,BTC-27SEP19,1565866740701,open,1.82,0.0,1.7155,1.829,1.77067792,118.16,None,0.0,BTC-27SEP19-28000-P,10052.94,0.0,0.0,0.0,0.0,0.0,0.0,0.95294,-1.31308,-32.78287,1e-05,-0.98963
183.2,ETH-27SEP19,1565866740703,open,0.68,852.0,0.597,0.717,0.654988,104.44,0.694,0.0,ETH-27SEP19-300-P,182.79,0.0,0.6,26.0,0.715,25.0,167.43,0.12209,-0.14869,-0.33135,0.00297,-0.88472
10063.51,SYN.BTC-23AUG19,1565866740703,open,0.01,178.5,0.001,0.03,0.01112621,106.48,0.01,0.0,BTC-23AUG19-12000-C,10052.94,101.53,0.0095,30.0,0.012,0.8,109.02,3.40907,-23.04573,0.29625,0.00015,0.14756
183.2,ETH-27SEP19,1565866740709,open,0.78,607.0,0.7,0.823,0.759362,105.66,0.761,0.0,ETH-27SEP19-320-P,182.79,0.0,0.718,25.0,0.823,25.0,177.66,0.09946,-0.12255,-0.35988,0.00239,-0.91295
183.2,ETH-27SEP19,1565866740712,open,0.37,2594.0,0.301,0.413,0.357485,99.73,0.31,0.0,ETH-27SEP19-240-P,182.79,0.0,0.304,25.0,0.407,25.0,140.06,0.20679,-0.24049,-0.23448,0.00526,-0.73212
183.2,ETH-27SEP19,1565866740714,open,2.1,24.0,1.968,2.154,2.058249,129.88,1.356,0.0,ETH-27SEP19-560-P,182.79,0.0,0.0,0.0,0.0,0.0,0.0,0.0183,-0.02772,-0.65575,0.00036,-0.98892
185.0,ETH-27DEC19,1565866740730,open,0.01,1577.0,0.003,0.034,0.014694,110.34,0.012,0.0,ETH-27DEC19-640-C,182.79,106.57,0.012,50.0,0.018,350.0,114.45,0.14011,-0.05774,0.03336,0.00101,0.06385
183.2,ETH-27SEP19,1565866740730,open,0.0,5130.0,0.001,0.012,0.002344,121.57,0.004,0.0,ETH-27SEP19-480-C,182.79,109.81,0.001,340.0,0.004,700.0,130.71,0.02742,-0.03888,0.00331,0.00057,0.01772
185.0,ETH-27DEC19,1565866740730,open,2.96,0.0,2.781,3.035,2.902661,112.01,None,0.0,ETH-27DEC19-720-P,182.79,0.0,0.003,5.0,0.0,0.0,0.0,0.11196,-0.04684,-2.61553,0.0008,-0.95194
183.2,ETH-27SEP19,1565866740730,open,0.01,9094.0,0.003,0.027,0.012814,96.91,0.013,0.0,ETH-27SEP19-120-P,182.79,90.79,0.01,500.0,0.014,200.0,99.31,0.08884,-0.1004,-0.01889,0.00233,-0.07495
183.2,ETH-27SEP19,1565866740730,open,0.2,3183.0,0.138,0.237,0.188871,97.16,0.189,0.0,ETH-27SEP19-200-P,182.79,92.84,0.183,120.0,0.194,120.0,100.92,0.24932,-0.28247,-0.15656,0.00651,-0.53864
10054.11,SYN.BTC-16AUG19,1565866740734,open,0.17,400.0,0.1215,0.1695,0.14404486,119.66,0.14,0.0,BTC-16AUG19-11500-P,10052.94,0.0,0.1235,3.0,0.1745,3.0,400.65,0.15172,-9.07771,-0.27311,5e-05,-0.98819
183.2,ETH-27SEP19,1565866740740,open,0.0,7916.0,0.001,0.011,0.000167,129.88,0.001,0.0,ETH-27SEP19-760-C,182.79,0.0,0.0,0.0,0.001,200.0,152.2,0.00301,-0.00456,0.00028,6e-05,0.00147
182.93,SYN.ETH-30AUG19,1565866740742,open,1.0,0.0,0.911,1.031,0.968508,129.88,None,0.0,ETH-30AUG19-360-P,182.79,0.0,0.0,0.0,0.0,0.0,0.0,0.00731,-0.03191,-0.14623,0.00041,-0.99287
182.93,SYN.ETH-30AUG19,1565866740742,open,0.45,0.0,0.382,0.477,0.42753,109.51,0.218,0.0,ETH-30AUG19-260-P,182.79,0.0,0.391,15.0,0.465,15.0,189.45,0.0493,-0.18144,-0.10125,0.0033,-0.93053
185.0,ETH-27DEC19,1565866740746,open,0.03,1101.0,0.009,0.059,0.030498,106.24,0.026,0.0,ETH-27DEC19-480-C,182.79,103.32,0.027,50.0,0.035,350.0,109.77,0.22805,-0.09049,0.06277,0.00171,0.123
182.93,SYN.ETH-30AUG19,1565866740746,open,0.78,0.0,0.699,0.808,0.750783,124.47,None,0.0,ETH-30AUG19-320-P,182.79,0.0,0.0,0.0,0.0,0.0,0.0,0.01625,-0.068,-0.1292,0.00096,-0.98212
185.0,ETH-27DEC19,1565866740752,open,0.02,2060.0,0.004,0.038,0.01714,109.14,0.02,0.0,ETH-27DEC19-600-C,182.79,105.21,0.014,50.0,0.021,350.0,113.45,0.15633,-0.06372,0.03831,0.00114,0.0736
10297.17,BTC-27DEC19,1565866740752,open,2.18,0.3,2.0505,2.204,2.12261253,103.63,1.875,0.0,BTC-27DEC19-32000-P,10052.94,0.0,0.0,0.0,0.0,0.0,0.0,8.16518,-3.16037,-115.37671,2e-05,-0.93225
182.8,SYN.ETH-16AUG19,1565866740755,open,0.33,49.0,0.275,0.353,0.312922,129.78,0.084,0.0,ETH-16AUG19-240-P,182.79,0.0,0.0,0.0,0.0,0.0,0.0,0.0,-0.00028,-0.00576,0.0,-0.99999
10110.45,BTC-27SEP19,1565866740757,open,0.85,42.8,0.842,0.8615,0.85163914,132.54,0.815,0.0,BTC-27SEP19-1500-C,10052.94,0.0,0.7825,10.0,0.9165,10.0,500.0,0.00077,-0.00118,1.76195,0.0,1.0
10063.5,SYN.BTC-23AUG19,1565866740768,open,0.47,0.0,0.413,0.476,0.44229836,119.69,None,0.0,BTC-23AUG19-14500-P,10052.94,0.0,0.0,0.0,0.0,0.0,0.0,0.81506,-6.19334,-3.0812,3e-05,-0.97668
10110.45,BTC-27SEP19,1565866740772,open,0.18,365.5,0.1465,0.2185,0.18423198,94.54,0.181,0.0,BTC-27SEP19-9000-C,10052.94,91.41,0.1805,9.1,0.1845,8.0,94.77,12.06926,-13.30641,6.11177,0.00011,0.69884
10297.17,BTC-27DEC19,1565866740772,open,1.03,5.7,0.9305,1.068,0.99673216,98.75,0.661,0.0,BTC-27DEC19-20000-P,10052.94,0.0,0.0045,5.0,1.466,1.0,306.84,17.90676,-6.60436,-67.53126,5e-05,-0.79131
10297.17,BTC-27DEC19,1565866740772,open,0.01,532.9,0.002,0.0245,0.0118368,93.91,0.0115,0.0,BTC-27DEC19-4500-P,10052.94,90.31,0.01,8.0,0.0135,24.0,96.94,5.47616,-1.92061,-1.99324,1e-05,-0.04094
10297.17,BTC-27DEC19,1565866740772,open,0.0,175.8,0.0005,0.0105,0.00032371,119.89,0.0005,0.0,BTC-27DEC19-1500-P,10052.94,0.0,0.0,0.0,0.001,18.1,136.76,0.2633,-0.1179,-0.06058,0.0,-0.00128
10110.45,BTC-27SEP19,1565866740772,open,0.01,662.5,0.0005,0.018,0.00607727,106.52,0.007,0.0,BTC-27SEP19-20000-C,10052.94,103.06,0.005,0.5,0.007,47.5,109.19,3.33681,-4.14479,0.47286,3e-05,0.04589
10110.45,BTC-27SEP19,1565866740774,open,0.4,713.5,0.3965,0.431,0.41313441,97.82,0.362,0.0,BTC-27SEP19-6000-C,10052.94,0.0,0.39,5.0,0.423,5.0,122.68,3.12762,-3.56783,6.46693,3e-05,0.95765
10072.89,SYN.BTC-30AUG19,1565866740774,open,0.04,262.6,0.0185,0.0745,0.04559641,99.57,0.045,0.0,BTC-30AUG19-11000-C,10052.94,92.83,0.0405,10.0,0.0455,0.4,99.44,7.66338,-25.64745,1.32299,0.00019,0.36787
10297.17,BTC-27DEC19,1565866740784,open,1.79,0.1,1.673,1.8185,1.7410656,102.04,1.49,0.0,BTC-27DEC19-28000-P,10052.94,0.0,0.005,1.0,0.0,0.0,0.0,10.55179,-4.02123,-99.93197,3e-05,-0.90486
10110.45,BTC-27SEP19,1565866740784,open,0.63,34.4,0.5585,0.649,0.60142867,101.49,0.396,0.0,BTC-27SEP19-16000-P,10052.94,0.0,0.0045,10.0,1.098,0.2,499.75,7.17176,-8.48826,-17.52332,6e-05,-0.87403
183.2,ETH-27SEP19,1565866740786,open,0.0,3029.0,0.001,0.011,0.001481,129.88,0.003,0.0,ETH-27SEP19-560-C,182.79,124.37,0.001,500.0,0.003,800.0,141.52,0.0183,-0.02772,0.00207,0.00036,0.01108
183.2,ETH-27SEP19,1565866740786,open,0.56,0.0,0.55,0.578,0.564308,107.06,None,0.0,ETH-27SEP19-80-C,182.79,0.0,0.003,10.0,0.0,0.0,0.0,0.01271,-0.01587,0.09219,0.0003,0.99269
183.2,ETH-27SEP19,1565866740792,open,0.0,3439.0,0.001,0.011,0.000387,129.88,0.001,0.0,ETH-27SEP19-680-C,182.79,0.0,0.0,0.0,0.002,500.0,153.34,0.00614,-0.00929,0.00061,0.00012,0.00323
185.0,ETH-27DEC19,1565866740794,open,2.52,0.0,2.363,2.596,2.474153,110.34,None,0.0,ETH-27DEC19-640-P,182.79,0.0,0.0,0.0,0.0,0.0,0.0,0.14011,-0.05774,-2.31405,0.00101,-0.93615
183.2,ETH-27SEP19,1565866740798,open,0.28,1944.0,0.214,0.321,0.268943,98.58,0.26,0.0,ETH-27SEP19-220-P,182.79,81.7,0.248,110.0,0.315,25.0,133.52,0.23367,-0.26864,-0.19676,0.00601,-0.64536
10110.45,BTC-27SEP19,1565866740798,open,0.53,29.7,0.4655,0.557,0.50968299,100.52,0.335,0.0,BTC-27SEP19-15000-P,10052.94,0.0,0.1675,0.1,1.0125,0.3,499.85,8.61364,-10.09762,-15.96597,7e-05,-0.83465
10110.45,BTC-27SEP19,1565866740798,open,0.02,430.6,0.005,0.0405,0.01891701,101.51,0.014,0.0,BTC-27SEP19-16000-C,10052.94,98.74,0.017,5.0,0.0205,49.0,103.7,7.17336,-8.49126,1.27187,6e-05,0.12601
183.2,ETH-27SEP19,1565866740804,open,0.0,5419.0,0.001,0.014,0.004516,112.74,0.005,0.0,ETH-27SEP19-400-C,182.79,106.07,0.003,310.0,0.006,200.0,118.0,0.04714,-0.06198,0.0063,0.00106,0.0338
10072.89,SYN.BTC-30AUG19,1565866740804,open,0.0,768.5,0.0005,0.0105,0.00087905,119.89,0.0005,0.0,BTC-30AUG19-18000-C,10052.94,0.0,0.0,0.0,0.002,46.2,133.59,0.60659,-2.44449,0.04311,1e-05,0.01138
183.2,ETH-27SEP19,1565866740814,open,0.19,392.0,0.155,0.233,0.196881,96.91,0.329,0.0,ETH-27SEP19-160-C,182.79,0.0,0.001,1.0,0.0,0.0,0.0,0.21248,-0.24013,0.11191,0.00556,0.71693
10297.17,BTC-27DEC19,1565866740814,open,0.27,167.8,0.227,0.3205,0.27622561,92.86,0.257,0.0,BTC-27DEC19-9000-C,10052.94,90.86,0.272,5.0,0.2765,6.9,92.99,21.72592,-7.53472,15.95537,6e-05,0.69868
10297.17,BTC-27DEC19,1565866740814,open,0.48,73.3,0.468,0.5175,0.49258753,92.91,0.4875,0.0,BTC-27DEC19-5500-C,10052.94,0.0,0.438,10.0,0.532,10.0,129.69,9.39161,-3.2589,16.09053,3e-05,0.91862
10110.45,BTC-27SEP19,1565866740814,open,0.0,330.4,0.0005,0.0115,0.00158025,105.01,0.0015,0.0,BTC-27SEP19-4750-P,10052.94,90.2,0.0005,21.0,0.0025,15.0,112.76,1.03036,-1.26181,-0.15343,1e-05,-0.01134
10063.5,SYN.BTC-23AUG19,1565866740820,open,0.11,0.5,0.0965,0.154,0.1257905,105.34,0.119,0.0,BTC-23AUG19-9000-C,10052.94,85.96,0.118,5.1,0.1345,5.0,124.98,4.28513,-28.65714,1.43774,0.00019,0.78791
10063.5,SYN.BTC-23AUG19,1565866740820,open,0.24,0.0,0.24,0.276,0.25689356,112.7,None,0.0,BTC-23AUG19-7500-C,10052.94,0.0,0.0,0.0,0.0,0.0,0.0,1.04803,-7.49841,1.54514,4e-05,0.96847
10297.17,BTC-27DEC19,1565866740824,open,0.71,0.0,0.701,0.7205,0.71094352,99.08,None,0.0,BTC-27DEC19-3000-C,10052.94,0.0,0.648,10.0,0.7655,10.0,215.13,1.55325,-0.57477,10.56763,0.0,0.99075
182.93,SYN.ETH-30AUG19,1565866740835,open,0.01,970.0,0.001,0.019,0.007006,97.93,0.001,0.0,ETH-30AUG19-140-P,182.79,90.22,0.005,550.0,0.009,250.0,104.63,0.05136,-0.16907,-0.00599,0.00385,-0.07329
183.2,ETH-27SEP19,1565866740837,open,2.54,0.0,2.392,2.602,2.494049,129.88,None,0.0,ETH-27SEP19-640-P,182.79,0.0,0.0,0.0,0.0,0.0,0.0,0.00881,-0.01334,-0.75088,0.00017,-0.99517
185.0,ETH-27DEC19,1565866740840,open,0.08,945.0,0.04,0.125,0.082442,102.63,0.089,0.0,ETH-27DEC19-320-C,182.79,102.41,0.082,35.0,0.088,305.0,105.31,0.37977,-0.14556,0.1368,0.00295,0.28405
185.0,ETH-27DEC19,1565866740840,open,0.06,357.0,0.027,0.101,0.062421,103.39,0.061,0.0,ETH-27DEC19-360-C,182.79,102.61,0.061,35.0,0.068,319.0,106.41,0.33737,-0.13028,0.1114,0.0026,0.22659
183.2,ETH-27SEP19,1565866740840,open,0.0,2698.0,0.001,0.011,0.000253,129.88,0.001,0.0,ETH-27SEP19-720-C,182.79,0.0,0.0,0.0,0.001,422.0,147.36,0.00429,-0.0065,0.00041,8e-05,0.00217
185.0,ETH-27DEC19,1565866740846,open,0.01,1283.0,0.003,0.03,0.012398,111.0,0.01,0.0,ETH-27DEC19-680-C,182.79,105.44,0.009,50.0,0.016,350.0,115.96,0.12423,-0.0515,0.02875,0.00089,0.05477
185.0,ETH-27DEC19,1565866740849,open,0.02,993.0,0.007,0.051,0.024895,107.28,0.021,0.0,ETH-27DEC19-520-C,182.79,104.52,0.022,50.0,0.029,350.0,110.92,0.20061,-0.08038,0.05286,0.00149,0.10279
10297.17,BTC-27DEC19,1565866740849,open,0.0,208.8,0.0005,0.0115,0.00152096,106.59,0.0015,0.0,BTC-27DEC19-2500-P,10052.94,92.66,0.0005,8.1,0.0025,10.0,114.68,1.051,-0.41839,-0.2818,0.0,-0.00594
182.93,SYN.ETH-30AUG19,1565866740849,open,0.03,3212.0,0.008,0.052,0.027267,97.77,0.029,0.0,ETH-30AUG19-160-P,182.79,93.92,0.025,444.0,0.03,200.0,102.31,0.10892,-0.35791,-0.01832,0.00817,-0.21849
183.2,ETH-27SEP19,1565866740854,open,0.57,1157.0,0.495,0.612,0.552096,102.46,0.359,0.0,ETH-27SEP19-280-P,182.79,0.0,0.491,25.0,0.592,25.0,142.99,0.14701,-0.17565,-0.30153,0.00364,-0.84906
182.93,SYN.ETH-30AUG19,1565866740859,open,0.0,4065.0,0.001,0.011,0.001022,129.06,0.001,0.0,ETH-30AUG19-340-C,182.79,0.0,0.0,0.0,0.002,450.0,140.95,0.01176,-0.051,0.00084,0.00067,0.01227
183.2,ETH-27SEP19,1565866740861,open,2.32,27.0,2.18,2.378,2.276046,129.88,1.044,0.0,ETH-27SEP19-600-P,182.79,0.0,0.0,0.0,0.0,0.0,0.0,0.01269,-0.01921,-0.70344,0.00025,-0.99271
10110.45,BTC-27SEP19,1565866740877,open,1.22,0.2,1.134,1.231,1.1796527,108.93,1.391,0.0,BTC-27SEP19-22000-P,10052.94,0.0,0.0045,10.0,0.0,0.0,0.0,2.2916,-2.91092,-25.54238,2e-05,-0.97101
10054.11,SYN.BTC-16AUG19,1565866740880,open,0.47,0.0,0.414,0.4715,0.44219111,0.0,0.256,0.0,BTC-16AUG19-14500-P,10052.94,0.0,0.0,0.0,0.0,0.0,0.0,0.0,0.0,-0.34788,0.0,-1.0
10297.17,BTC-27DEC19,1565866740885,open,0.05,586.7,0.022,0.0935,0.05446036,98.76,0.055,0.0,BTC-27DEC19-20000-C,10052.94,97.62,0.0525,4.0,0.0555,9.7,99.35,17.90788,-6.60514,5.82577,5e-05,0.20871
10297.17,BTC-27DEC19,1565866740885,open,0.0,160.5,0.0005,0.014,0.00412871,96.27,0.004,0.0,BTC-27DEC19-3500-P,10052.94,88.56,0.0025,18.0,0.0055,21.9,101.44,2.50744,-0.90157,-0.7634,1e-05,-0.01608
10110.45,BTC-27SEP19,1565866740885,open,0.67,0.0,0.669,0.6885,0.67875011,120.01,None,0.0,BTC-27SEP19-3250-C,10052.94,0.0,0.6175,10.0,0.7305,10.0,339.84,0.17049,-0.2386,3.79735,0.0,0.99849
10054.11,SYN.BTC-16AUG19,1565866740885,open,0.0,147.1,0.0005,0.0105,3.36e-05,119.89,0.0005,0.0,BTC-16AUG19-8500-P,10052.94,0.0,0.0,0.0,0.0005,10.0,164.48,0.03028,-0.33785,-0.00047,1e-05,-0.00193
10072.89,SYN.BTC-30AUG19,1565866740885,open,0.0,296.6,0.0005,0.015,0.00410277,110.94,0.003,0.0,BTC-30AUG19-15000-C,10052.94,101.78,0.0025,20.0,0.005,40.0,115.15,2.02493,-7.55046,0.1796,4e-05,0.04785
10297.17,BTC-27DEC19,1565866740887,open,0.85,12.4,0.752,0.8885,0.81875278,97.8,0.559,0.0,BTC-27DEC19-18000-P,10052.94,0.0,0.0045,5.0,1.578,0.2,499.92,20.18365,-7.37251,-58.91315,5e-05,-0.74111
10072.89,SYN.BTC-30AUG19,1565866740887,open,0.02,511.3,0.006,0.048,0.02422739,101.34,0.0225,0.0,BTC-30AUG19-12000-C,10052.94,98.46,0.0225,0.1,0.0245,10.5,101.78,6.10788,-20.80383,0.82666,0.00015,0.2256
10072.89,SYN.BTC-30AUG19,1565866740887,open,0.0,633.8,0.0005,0.011,0.00106182,119.71,0.002,0.0,BTC-30AUG19-6000-P,10052.94,108.29,0.0005,8.0,0.002,30.1,131.88,0.62442,-2.51241,-0.05266,1e-05,-0.01177
10297.17,BTC-27DEC19,1565866740902,open,0.59,206.6,0.4975,0.6305,0.56419341,96.19,0.454,0.0,BTC-27DEC19-15000-P,10052.94,0.0,0.0045,10.0,1.3005,0.2,499.9,23.36408,-8.39362,-45.42381,6e-05,-0.63851
10110.45,BTC-27SEP19,1565866740925,open,0.01,451.1,0.0005,0.0265,0.01047881,104.03,0.0125,0.0,BTC-27SEP19-18000-C,10052.94,100.86,0.009,15.0,0.0115,46.6,106.08,4.90561,-5.95127,0.76639,4e-05,0.07501
10297.17,BTC-27DEC19,1565866740939,open,0.14,261.2,0.0935,0.195,0.14543095,95.21,0.133,0.0,BTC-27DEC19-13000-C,10052.94,94.2,0.143,1.0,0.145,8.0,95.03,24.71238,-8.78742,11.64876,7e-05,0.45386
10297.17,BTC-27DEC19,1565866740939,open,0.02,142.8,0.0055,0.048,0.02188509,102.05,0.0195,0.0,BTC-27DEC19-28000-C,10052.94,100.17,0.02,14.0,0.0235,16.0,103.6,10.55516,-4.02302,2.76825,3e-05,0.09518
10110.45,BTC-27SEP19,1565866740939,open,0.0,684.0,0.0005,0.0105,0.00086001,119.66,0.0005,0.0,BTC-27SEP19-30000-C,10052.94,0.0,0.0,0.0,0.0015,6.9,127.2,0.6926,-0.96648,0.07535,0.0,0.0072
10110.45,BTC-27SEP19,1565866740939,open,0.0,396.0,0.0005,0.0135,0.00377761,99.96,0.0055,0.0,BTC-27SEP19-5500-P,10052.94,92.96,0.0025,8.0,0.005,47.0,105.45,2.07142,-2.41456,-0.34988,2e-05,-0.02568
10297.17,BTC-27DEC19,1565866740939,open,2.97,0.0,2.81,2.9845,2.89238571,106.54,2.58,0.0,BTC-27DEC19-40000-P,10052.94,0.0,0.0005,3.0,0.0,0.0,0.0,5.09802,-2.02851,-145.5925,1e-05,-0.96251
10297.17,BTC-27DEC19,1565866740939,open,0.01,282.7,0.0005,0.016,0.00473734,109.58,0.0045,0.0,BTC-27DEC19-48000-C,10052.94,105.5,0.0035,5.0,0.006,32.6,113.05,3.4511,-1.41243,0.70586,1e-05,0.02343
10110.45,BTC-27SEP19,1565866740943,open,0.7,225.7,0.6935,0.713,0.70337686,120.08,0.693,0.0,BTC-27SEP19-3000-C,10052.94,0.0,0.641,10.0,0.757,10.0,366.7,0.09447,-0.13229,3.51341,0.0,0.99921
10063.5,SYN.BTC-23AUG19,1565866740959,open,0.04,98.0,0.0155,0.071,0.04265579,103.57,0.0405,0.0,BTC-23AUG19-10500-C,10052.94,99.81,0.0405,1.3,0.043,0.1,104.17,5.77706,-37.98638,0.81842,0.00026,0.41956
10072.89,SYN.BTC-30AUG19,1565866740971,open,0.09,698.0,0.0405,0.106,0.07337764,96.03,0.078,0.0,BTC-30AUG19-10000-P,10052.94,91.8,0.07,0.1,0.0755,0.4,98.69,8.0396,-25.95032,-2.1344,0.0002,-0.44654
10054.11,SYN.BTC-16AUG19,1565866740979,open,0.0,312.9,0.0005,0.0105,0.0,119.89,0.0005,0.0,BTC-16AUG19-13500-C,10052.94,0.0,0.0,0.0,0.0005,8.0,258.86,1e-05,-3e-05,0.0,0.0,0.0
10063.5,SYN.BTC-23AUG19,1565866740995,open,0.0,88.2,0.0005,0.0145,0.00338111,115.92,0.003,0.0,BTC-23AUG19-13500-C,10052.94,105.48,0.002,20.0,0.0035,2.1,116.69,1.53645,-11.30724,0.10229,6e-05,0.05049
10110.45,BTC-27SEP19,1565866741010,open,0.24,871.9,0.2165,0.2785,0.24814707,94.62,0.22,0.0,BTC-27SEP19-8000-C,10052.94,88.97,0.243,13.8,0.253,13.8,99.8,9.35201,-10.31906,6.69283,8e-05,0.81168
10297.17,BTC-27DEC19,1565866741010,open,0.12,431.7,0.0755,0.174,0.12498527,95.79,0.126,0.0,BTC-27DEC19-14000-C,10052.94,94.73,0.1225,4.0,0.1255,7.8,96.01,24.17572,-8.64881,10.58959,6e-05,0.40537
10110.45,BTC-27SEP19,1565866741010,open,0.0,143.4,0.0005,0.0115,0.00179656,115.69,0.0015,0.0,BTC-27SEP19-26000-C,10052.94,108.02,0.001,16.0,0.0025,31.5,120.66,1.27378,-1.71854,0.15075,1e-05,0.01449
10297.17,BTC-27DEC19,1565866741022,open,0.0,1012.8,0.0005,0.0135,0.00370815,110.6,0.0035,0.0,BTC-27DEC19-52000-C,10052.94,107.85,0.003,5.0,0.0045,10.5,113.28,2.84448,-1.17501,0.56407,1e-05,0.01864
10110.45,BTC-27SEP19,1565866741031,open,0.0,125.2,0.0005,0.0105,0.00064201,119.89,0.0005,0.0,BTC-27SEP19-3750-P,10052.94,0.0,0.0,0.0,0.0015,15.0,133.99,0.44776,-0.62604,-0.05997,0.0,-0.00441
10297.17,BTC-27DEC19,1565866741031,open,0.28,221.0,0.207,0.323,0.26651626,93.64,0.265,0.0,BTC-27DEC19-11000-P,10052.94,91.33,0.261,5.0,0.267,7.3,93.84,24.53392,-8.58024,-26.44343,7e-05,-0.43363
10072.89,SYN.BTC-30AUG19,1565866741031,open,0.16,96.3,0.0995,0.175,0.13763031,99.56,0.153,0.0,BTC-30AUG19-11000-P,10052.94,90.77,0.131,18.0,0.1375,0.4,99.39,7.66327,-25.64509,-3.16014,0.00019,-0.63215
10072.89,SYN.BTC-30AUG19,1565866741031,open,0.13,23.1,0.108,0.169,0.13960954,98.05,0.13,0.0,BTC-30AUG19-9000-C,10052.94,0.0,0.0995,5.0,0.147,5.0,109.34,6.49051,-21.39065,2.49723,0.00016,0.74791
10297.17,BTC-27DEC19,1565866741033,open,0.66,4.0,0.6545,0.6755,0.66423207,96.28,0.64,0.0,BTC-27DEC19-3500-C,10052.94,0.0,0.6035,10.0,0.7155,10.0,188.26,2.50836,-0.902,12.07364,1e-05,0.98391
10297.17,BTC-27DEC19,1565866741033,open,0.67,24.3,0.5795,0.7145,0.64668834,96.64,0.7285,0.0,BTC-27DEC19-16000-P,10052.94,0.0,0.0155,4.0,1.3925,0.2,499.58,22.37688,-8.07613,-50.00825,6e-05,-0.67739
10110.45,BTC-27SEP19,1565866741033,open,0.0,492.7,0.0005,0.0105,1.64e-06,119.89,0.0005,0.0,BTC-27SEP19-2000-P,10052.94,0.0,0.0,0.0,0.0005,12.0,186.95,0.00253,-0.00353,-0.00022,0.0,-2e-05
10297.17,BTC-27DEC19,1565866741035,open,0.8,0.0,0.797,0.8165,0.80682611,117.11,None,0.0,BTC-27DEC19-2000-C,10052.94,0.0,0.7395,10.0,0.8675,10.0,298.36,0.71357,-0.3121,7.15052,0.0,0.99615
10297.17,BTC-27DEC19,1565866741035,open,0.35,91.7,0.3145,0.3935,0.35572441,92.86,0.449,0.0,BTC-27DEC19-7500-C,10052.94,59.94,0.304,10.0,0.3625,10.0,96.85,17.41223,-6.03871,16.81316,5e-05,0.80089
10063.5,SYN.BTC-23AUG19,1565866741049,open,0.62,0.0,0.559,0.6245,0.5901885,119.6,None,0.0,BTC-23AUG19-16000-P,10052.94,0.0,0.0,0.0,0.0,0.0,0.0,0.22752,-1.72752,-3.44133,1e-05,-0.99464
10297.17,BTC-27DEC19,1565866741052,open,0.85,0.1,0.845,0.8645,0.85465333,119.92,0.84,0.0,BTC-27DEC19-1500-C,10052.94,0.0,0.7855,10.0,0.8995,10.0,316.05,0.26372,-0.11812,5.44105,0.0,0.99872
10110.45,BTC-27SEP19,1565866741052,open,0.08,344.5,0.042,0.1075,0.0743959,94.54,0.074,0.0,BTC-27SEP19-9000-P,10052.94,91.27,0.0705,5.0,0.0745,7.8,94.62,12.06921,-13.30586,-4.46024,0.00011,-0.30116
10297.17,BTC-27DEC19,1565866741055,open,1.22,4.9,1.1125,1.251,1.17856105,99.33,1.0385,0.0,BTC-27DEC19-22000-P,10052.94,0.0,0.006,2.0,1.95,0.3,499.65,15.67407,-5.81453,-75.92744,4e-05,-0.83179
10110.45,BTC-27SEP19,1565866741059,open,0.02,488.4,0.008,0.0505,0.0260783,100.54,0.027,0.0,BTC-27SEP19-15000-C,10052.94,98.66,0.0245,5.0,0.027,15.7,101.61,8.61477,-10.09998,1.65447,7e-05,0.16538
10110.45,BTC-27SEP19,1565866741059,open,0.0,471.8,0.0005,0.0135,0.00369916,108.98,0.0035,0.0,BTC-27SEP19-22000-C,10052.94,103.02,0.0025,30.0,0.0045,31.4,112.29,2.29675,-2.91898,0.30128,2e-05,0.02907
10110.45,BTC-27SEP19,1565866741066,open,1.62,0.0,1.5215,1.6285,1.57337801,115.57,None,0.0,BTC-27SEP19-26000-P,10052.94,0.0,0.0,0.0,0.0,0.0,0.0,1.26625,-1.7066,-30.39184,1e-05,-0.98561
10110.45,BTC-27SEP19,1565866741066,open,1.02,0.0,0.9405,1.0335,0.9842226,106.5,0.691,0.0,BTC-27SEP19-20000-P,10052.94,0.0,0.0045,10.0,1.448,0.2,500.0,3.33484,-4.14164,-23.021,3e-05,-0.95414
10110.45,BTC-27SEP19,1565866741074,open,0.75,55.9,0.743,0.7625,0.75274991,120.58,0.689,0.0,BTC-27SEP19-2500-C,10052.94,0.0,0.688,10.0,0.81,10.0,430.94,0.02217,-0.03118,2.93449,0.0,0.99983
10297.17,BTC-27DEC19,1565866741078,open,3.36,0.0,3.1905,3.3765,3.2787596,107.42,3.46,0.0,BTC-27DEC19-44000-P,10052.94,0.0,0.0,0.0,0.0,0.0,0.0,4.03741,-1.61983,-160.534,1e-05,-0.97174
10110.45,BTC-27SEP19,1565866741112,open,0.5,789.2,0.496,0.5205,0.50754257,102.75,0.5015,0.0,BTC-27SEP19-5000-C,10052.94,0.0,0.4545,10.0,0.5475,10.0,209.73,1.29689,-1.55399,5.67296,1e-05,0.9852
10054.11,SYN.BTC-16AUG19,1565866741128,open,0.52,0.5,0.463,0.522,0.49192183,0.0,0.305,0.0,BTC-16AUG19-15000-P,10052.94,0.0,0.0,0.0,0.0,0.0,0.0,0.0,0.0,-0.35987,0.0,-1.0
10297.17,BTC-27DEC19,1565866741130,open,0.03,314.0,0.0105,0.0645,0.03288015,99.89,0.033,0.0,BTC-27DEC19-24000-C,10052.94,98.84,0.0315,4.0,0.034,0.3,100.73,13.64177,-5.08937,3.91293,4e-05,0.13648
10110.45,BTC-27SEP19,1565866741130,open,0.27,90.6,0.21,0.3025,0.25658836,97.2,0.297,0.0,BTC-27SEP19-12000-P,10052.94,85.68,0.242,9.0,0.262,4.0,101.38,13.01307,-14.75019,-10.60068,0.00011,-0.63599
10297.17,BTC-27DEC19,1565866741130,open,0.0,384.0,0.0005,0.012,0.00228429,99.07,0.002,0.0,BTC-27DEC19-3000-P,10052.94,88.21,0.001,18.0,0.0035,10.0,106.08,1.55265,-0.57449,-0.43564,0.0,-0.00925
10110.45,BTC-27SEP19,1565866741130,open,0.0,49.2,0.0005,0.0105,0.00019779,119.89,0.0015,0.0,BTC-27SEP19-3250-P,10052.94,0.0,0.0,0.0,0.001,15.0,143.98,0.16928,-0.23667,-0.02019,0.0,-0.0015
10297.17,BTC-27DEC19,1565866741130,open,0.07,255.0,0.036,0.099,0.06631199,92.86,0.0535,0.0,BTC-27DEC19-7000-P,10052.94,89.65,0.0615,5.0,0.066,8.0,92.65,15.58014,-5.40321,-8.79847,4e-05,-0.16665
10297.17,BTC-27DEC19,1565866741130,open,0.01,217.0,0.0005,0.0185,0.00576171,107.48,0.004,0.0,BTC-27DEC19-44000-C,10052.94,102.43,0.004,20.0,0.007,22.2,110.43,4.04713,-1.62453,0.8527,1e-05,0.02834
10072.89,SYN.BTC-30AUG19,1565866741130,open,0.01,420.4,0.002,0.0315,0.01302593,104.23,0.013,0.0,BTC-30AUG19-13000-C,10052.94,96.91,0.01,30.0,0.0125,0.4,103.01,4.39526,-15.39819,0.4971,0.0001,0.13412
10297.17,BTC-27DEC19,1565866741132,open,0.41,63.0,0.3865,0.4515,0.41957318,92.86,0.4965,0.0,BTC-27DEC19-6500-C,10052.94,0.0,0.3665,10.0,0.452,10.0,116.07,13.59677,-4.7155,16.79177,4e-05,0.86417
10297.17,BTC-27DEC19,1565866741132,open,1.41,0.0,1.2975,1.437,1.36360631,99.88,None,0.0,BTC-27DEC19-24000-P,10052.94,0.0,0.006,1.0,2.1375,0.2,500.0,13.6396,-5.08813,-84.1157,4e-05,-0.86355
10110.45,BTC-27SEP19,1565866741134,open,0.55,289.7,0.5465,0.5675,0.55641949,111.06,0.588,0.0,BTC-27SEP19-4500-C,10052.94,0.0,0.5005,10.0,0.599,10.0,238.84,0.94383,-1.22237,5.14643,1e-05,0.98975
10110.45,BTC-27SEP19,1565866741134,open,0.65,261.1,0.6445,0.664,0.65419426,119.97,0.714,0.0,BTC-27SEP19-3500-C,10052.94,0.0,0.594,10.0,0.6885,10.0,277.73,0.28556,-0.3995,4.07524,0.0,0.99733
10072.89,SYN.BTC-30AUG19,1565866741136,open,0.72,0.0,0.655,0.7275,0.68911825,116.94,None,0.0,BTC-30AUG19-17000-P,10052.94,0.0,0.0,0.0,0.0,0.0,0.0,0.89661,-3.52424,-6.86069,2e-05,-0.98208
10063.5,SYN.BTC-23AUG19,1565866741148,open,0.23,5.6,0.172,0.2385,0.20354865,106.47,0.118,0.0,BTC-23AUG19-12000-P,10052.94,0.0,0.1895,4.0,0.214,4.0,133.57,3.40844,-23.03826,-2.29309,0.00015,-0.85248
182.8,SYN.ETH-16AUG19,1565866741148,open,0.44,0.0,0.381,0.466,0.422332,0.0,None,0.0,ETH-16AUG19-260-P,182.79,0.0,0.0,0.0,0.0,0.0,0.0,0.0,0.0,-0.00624,0.0,-1.0
10297.17,BTC-27DEC19,1565866741159,open,0.03,100.1,0.0105,0.047,0.02671228,92.91,0.03,0.0,BTC-27DEC19-5500-P,10052.94,89.87,0.024,5.0,0.0275,8.0,93.77,9.39127,-3.25868,-4.08227,3e-05,-0.08138
10072.89,SYN.BTC-30AUG19,1565866741159,open,0.02,1208.9,0.002,0.0275,0.01166718,100.9,0.0115,0.0,BTC-30AUG19-8000-P,10052.94,94.91,0.0095,10.0,0.012,38.0,101.77,3.79331,-12.8642,-0.49448,9e-05,-0.10878
10054.11,SYN.BTC-16AUG19,1565866741165,open,0.0,380.9,0.0005,0.0105,2.343e-05,119.9,0.0015,0.0,BTC-16AUG19-12000-C,10052.94,0.0,0.0,0.0,0.001,6.0,186.46,0.02294,-0.23559,0.00034,1e-05,0.00143
10072.89,SYN.BTC-30AUG19,1565866741193,open,0.01,1027.9,0.0005,0.0135,0.00369106,108.75,0.003,0.0,BTC-30AUG19-7000-P,10052.94,100.92,0.0025,5.0,0.004,30.0,110.54,1.70134,-6.21885,-0.17351,4e-05,-0.03857
10054.11,SYN.BTC-16AUG19,1565866741287,open,0.58,0.0,0.5115,0.573,0.54165256,0.0,0.345,0.0,BTC-16AUG19-15500-P,10052.94,0.0,0.0,0.0,0.0,0.0,0.0,0.0,0.0,-0.37187,0.0,-1.0
182.8,SYN.ETH-16AUG19,1565866741320,open,0.5,0.0,0.435,0.522,0.477037,0.0,None,0.0,ETH-16AUG19-270-P,182.79,0.0,0.0,0.0,0.0,0.0,0.0,0.0,0.0,-0.00648,0.0,-1.0
10054.11,SYN.BTC-16AUG19,1565866741346,open,0.0,20.0,0.0005,0.0105,0.0,119.89,0.0005,0.0,BTC-16AUG19-7000-P,10052.94,0.0,0.0,0.0,0.0005,1.0,323.12,0.0,0.0,0.0,0.0,0.0
10054.11,SYN.BTC-16AUG19,1565866741371,open,0.37,0.0,0.3165,0.37,0.34272965,0.0,0.195,0.0,BTC-16AUG19-13500-P,10052.94,0.0,0.0,0.0,0.0,0.0,0.0,0.0,0.0,-0.32389,0.0,-1.0
10063.55,SYN.BTC-23AUG19,1565866741375,open,0.02,135.9,0.0065,0.0535,0.02785297,104.35,0.0315,0.0,BTC-23AUG19-11000-C,10052.94,97.78,0.0245,34.0,0.0285,0.4,105.6,5.19438,-34.41097,0.60655,0.00023,0.30718
10063.5,SYN.BTC-23AUG19,1565866741375,open,0.0,58.6,0.0005,0.0105,0.0008657,119.89,0.001,0.0,BTC-23AUG19-15000-C,10052.94,111.9,0.0005,10.0,0.002,44.3,135.22,0.54993,-4.18585,0.03002,2e-05,0.01469
10063.5,SYN.BTC-23AUG19,1565866741403,open,0.03,72.0,0.004,0.0425,0.02010741,105.33,0.02,0.0,BTC-23AUG19-9000-P,10052.94,102.71,0.019,0.1,0.0205,24.0,106.25,4.28494,-28.65345,-0.50416,0.00019,-0.21207
182.87,SYN.ETH-23AUG19,1565866741419,open,0.33,0.0,0.275,0.359,0.315259,105.39,None,0.0,ETH-23AUG19-240-P,182.79,0.0,0.0,0.0,0.0,0.0,0.0,0.02618,-0.17515,-0.05006,0.00344,-0.95342
10063.5,SYN.BTC-23AUG19,1565866741436,open,0.1,138.9,0.051,0.12,0.08602552,103.56,0.133,0.0,BTC-23AUG19-10500-P,10052.94,96.53,0.082,18.0,0.087,1.0,105.26,5.77703,-37.98334,-1.4472,0.00026,-0.58045
10054.11,SYN.BTC-16AUG19,1565866741571,open,0.22,84.4,0.1705,0.2185,0.1935609,118.15,0.26,0.0,BTC-16AUG19-12000-P,10052.94,0.0,0.161,3.0,0.2325,3.0,500.0,0.02004,-1.18364,-0.28761,1e-05,-0.99877
182.87,SYN.ETH-23AUG19,1565866741627,open,0.39,0.0,0.328,0.415,0.369143,111.1,None,0.0,ETH-23AUG19-250-P,182.79,0.0,0.0,0.0,0.0,0.0,0.0,0.01991,-0.14045,-0.05271,0.00248,-0.96672
182.8,SYN.ETH-16AUG19,1565866741657,open,0.0,532.0,0.001,0.011,0.0,129.88,0.001,0.0,ETH-16AUG19-290-C,182.79,0.0,0.0,0.0,0.001,250.0,414.03,0.0,0.0,0.0,0.0,0.0
10063.5,SYN.BTC-23AUG19,1565866741706,open,0.37,0.0,0.3155,0.379,0.34485648,115.88,None,0.0,BTC-23AUG19-13500-P,10052.94,0.0,0.0,0.0,0.0,0.0,0.0,1.53498,-11.29275,-2.81076,6e-05,-0.94957
10054.11,SYN.BTC-16AUG19,1565866741723,open,0.24,0.0,0.239,0.2685,0.25403909,164.71,None,0.0,BTC-16AUG19-7500-C,10052.94,0.0,0.0,0.0,0.0,0.0,0.0,0.00231,-0.19033,0.17991,0.0,0.99988
10054.11,SYN.BTC-16AUG19,1565866741722,open,0.0,294.9,0.0005,0.0105,0.00063648,119.89,0.002,0.0,BTC-16AUG19-9000-P,10052.94,115.19,0.0005,46.6,0.001,1.0,130.0,0.31374,-6.39929,-0.00684,0.00011,-0.02772
182.87,SYN.ETH-23AUG19,1565866741728,open,0.0,122.0,0.001,0.011,0.001487,116.55,0.013,0.0,ETH-23AUG19-260-C,182.79,0.0,0.0,0.0,0.003,253.0,130.74,0.01539,-0.11389,0.0009,0.00183,0.02442
182.8,SYN.ETH-16AUG19,1565866741812,open,0.17,0.0,0.155,0.203,0.179439,129.88,None,0.0,ETH-16AUG19-150-C,182.79,0.0,0.0,0.0,0.0,0.0,0.0,0.00026,-0.01675,0.00359,0.00025,0.99916
182.8,SYN.ETH-16AUG19,1565866741899,open,0.0,8.0,0.001,0.011,1.5e-05,129.88,0.002,0.0,ETH-16AUG19-150-P,182.79,0.0,0.0,0.0,0.001,250.0,211.05,0.00026,-0.00273,0.0,0.00025,-0.00084
182.87,SYN.ETH-23AUG19,1565866741935,open,0.0,0.0,0.001,0.011,0.001273,123.92,None,0.0,ETH-23AUG19-270-C,182.79,0.0,0.0,0.0,0.002,250.0,132.61,0.01311,-0.10316,0.00075,0.00147,0.02019
182.8,SYN.ETH-16AUG19,1565866741943,open,0.67,0.0,0.594,0.691,0.641152,0.0,None,0.0,ETH-16AUG19-300-P,182.79,0.0,0.0,0.0,0.0,0.0,0.0,0.0,0.0,-0.0072,0.0,-1.0
10063.5,SYN.BTC-23AUG19,1565866742011,open,0.27,35.2,0.219,0.284,0.24953017,109.77,0.162,0.0,BTC-23AUG19-12500-P,10052.94,0.0,0.2025,4.0,0.258,0.4,136.58,2.65269,-18.48571,-2.48938,0.00011,-0.8969
182.8,SYN.ETH-16AUG19,1565866742081,open,0.0,0.0,0.001,0.011,0.000378,129.24,None,0.0,ETH-16AUG19-160-P,182.79,0.0,0.0,0.0,0.001,50.0,151.42,0.00365,-0.06917,-7e-05,0.00352,-0.01634
10054.11,SYN.BTC-16AUG19,1565866742105,open,0.07,394.5,0.0245,0.0805,0.05201412,117.54,0.0525,0.0,BTC-16AUG19-10500-P,10052.94,107.18,0.0505,0.1,0.053,3.0,124.0,1.51064,-88.77797,-0.19726,0.00053,-0.76576
10054.11,SYN.BTC-16AUG19,1565866742114,open,0.04,61.8,0.036,0.085,0.06005462,118.75,0.0595,0.0,BTC-16AUG19-9500-C,10052.94,94.37,0.0575,0.1,0.0615,0.4,130.48,1.1872,-70.49102,0.18867,0.00041,0.84224
182.8,SYN.ETH-16AUG19,1565866742198,open,0.06,50.0,0.042,0.101,0.072197,110.6,0.057,0.0,ETH-16AUG19-170-C,182.79,0.0,0.068,50.0,0.074,50.0,130.97,0.01403,-0.776,0.00369,0.01583,0.91418
182.87,SYN.ETH-23AUG19,1565866742213,open,0.17,0.0,0.156,0.214,0.186028,103.89,None,0.0,ETH-23AUG19-150-C,182.79,0.0,0.0,0.0,0.0,0.0,0.0,0.04167,-0.27483,0.02878,0.00556,0.91536
10063.5,SYN.BTC-23AUG19,1565866742223,open,0.0,175.4,0.0005,0.012,0.00218072,117.59,0.0025,0.0,BTC-23AUG19-14000-C,10052.94,104.29,0.001,24.0,0.003,30.0,124.28,1.11556,-8.32829,0.06911,4e-05,0.03401
183.2,ETH-27SEP19,1565866742294,open,0.0,5619.0,0.001,0.011,0.001997,127.17,0.003,0.0,ETH-27SEP19-520-C,182.79,117.42,0.001,500.0,0.003,700.0,133.92,0.02349,-0.03484,0.00275,0.00047,0.01479
182.8,SYN.ETH-16AUG19,1565866742317,open,0.0,313.0,0.001,0.016,0.002183,110.6,0.01,0.0,ETH-16AUG19-170-P,182.79,108.16,0.002,50.0,0.004,250.0,131.11,0.01403,-0.39908,-0.00039,0.01583,-0.08582
182.8,SYN.ETH-16AUG19,1565866742419,open,0.02,7.0,0.002,0.058,0.02878,104.24,0.033,0.0,ETH-16AUG19-180-C,182.79,72.4,0.023,150.0,0.031,150.0,116.17,0.03385,-1.76438,0.00263,0.04051,0.62842
182.87,SYN.ETH-23AUG19,1565866742434,open,0.13,0.0,0.105,0.17,0.139406,102.26,None,0.0,ETH-23AUG19-160-C,182.79,0.0,0.0,0.0,0.0,0.0,0.0,0.06731,-0.437,0.02735,0.00912,0.83257
182.87,SYN.ETH-23AUG19,1565866742489,open,0.61,0.0,0.54,0.637,0.586485,129.88,None,0.0,ETH-23AUG19-290-P,182.79,0.0,0.0,0.0,0.0,0.0,0.0,0.00724,-0.05967,-0.0622,0.00077,-0.98988
182.8,SYN.ETH-16AUG19,1565866742510,open,0.02,664.0,0.001,0.04,0.013472,104.24,0.013,0.0,ETH-16AUG19-180-P,182.79,85.3,0.01,369.0,0.017,200.0,123.16,0.03385,-1.76438,-0.00169,0.04051,-0.37158
182.87,SYN.ETH-23AUG19,1565866742539,open,0.02,259.0,0.002,0.034,0.014367,102.26,0.015,0.0,ETH-23AUG19-160-P,182.79,98.49,0.013,200.0,0.017,200.0,109.24,0.06731,-0.437,-0.00717,0.00912,-0.16743
182.8,SYN.ETH-16AUG19,1565866742607,open,0.0,773.0,0.001,0.028,0.006856,104.97,0.008,0.0,ETH-16AUG19-190-C,182.79,92.12,0.005,269.0,0.009,200.0,118.78,0.02745,-1.25324,0.001,0.03262,0.23397
182.87,SYN.ETH-23AUG19,1565866742668,open,0.09,37.0,0.063,0.132,0.099588,102.22,0.084,0.0,ETH-23AUG19-170-C,182.79,90.9,0.094,50.0,0.102,50.0,107.02,0.09156,-0.59424,0.02419,0.01241,0.71257
182.8,SYN.ETH-16AUG19,1565866742704,open,0.06,219.0,0.012,0.08,0.046252,104.97,0.041,0.0,ETH-16AUG19-190-P,182.79,89.21,0.044,50.0,0.051,50.0,134.67,0.02745,-1.44059,-0.00356,0.03262,-0.76603
10063.5,SYN.BTC-23AUG19,1565866742704,open,0.42,0.0,0.364,0.427,0.39334036,117.53,None,0.0,BTC-23AUG19-14000-P,10052.94,0.0,0.0,0.0,0.0,0.0,0.0,1.11347,-8.30841,-2.95186,4e-05,-0.96607
10063.49,SYN.BTC-23AUG19,1565866742800,open,0.57,0.0,0.5105,0.5745,0.54072351,119.83,None,0.0,BTC-23AUG19-15500-P,10052.94,0.0,0.0,0.0,0.0,0.0,0.0,0.35914,-2.73224,-3.32603,1e-05,-0.991
182.8,SYN.ETH-16AUG19,1565866742815,open,0.0,467.0,0.001,0.013,0.001438,116.01,0.003,0.0,ETH-16AUG19-200-C,182.79,0.0,0.0,0.0,0.003,450.0,137.83,0.01067,-0.2629,0.00026,0.01148,0.06005
182.87,SYN.ETH-23AUG19,1565866742818,open,0.03,62.0,0.007,0.057,0.029234,102.22,0.028,0.0,ETH-23AUG19-170-P,182.79,97.74,0.027,215.0,0.032,200.0,107.72,0.09156,-0.59424,-0.01249,0.01241,-0.28743
10063.49,SYN.BTC-23AUG19,1565866742842,open,0.15,0.0,0.141,0.1905,0.16546751,106.0,None,0.0,BTC-23AUG19-8500-C,10052.94,0.0,0.0,0.0,0.0,0.0,0.0,3.00124,-20.19612,1.546,0.00013,0.87744
10063.5,SYN.BTC-23AUG19,1565866742897,open,0.02,135.9,0.0065,0.0535,0.02785087,104.35,0.0315,0.0,BTC-23AUG19-11000-C,10052.94,97.78,0.0245,34.0,0.03,10.0,108.48,5.19427,-34.41003,0.60652,0.00023,0.30717
10063.5,SYN.BTC-23AUG19,1565866742900,open,0.02,135.9,0.0065,0.0535,0.02785087,104.35,0.0315,0.0,BTC-23AUG19-11000-C,10052.94,97.78,0.0245,34.0,0.0295,10.0,107.52,5.19427,-34.41003,0.60652,0.00023,0.30717
182.8,SYN.ETH-16AUG19,1565866742913,open,0.11,504.0,0.063,0.131,0.09554,116.01,0.085,0.0,ETH-16AUG19-200-P,182.79,0.0,0.094,50.0,0.101,50.0,175.9,0.01067,-0.61909,-0.00454,0.01148,-0.93995
10063.49,SYN.BTC-23AUG19,1565866742915,open,0.32,0.0,0.267,0.331,0.29664253,112.21,None,0.0,BTC-23AUG19-13000-P,10052.94,0.0,0.0,0.0,0.0,0.0,0.0,1.99918,-14.2422,-2.66213,8e-05,-0.92934
182.87,SYN.ETH-23AUG19,1565866742937,open,0.06,301.0,0.031,0.098,0.066208,99.91,0.05,0.0,ETH-23AUG19-180-C,182.79,92.61,0.062,150.0,0.07,150.0,106.49,0.10542,-0.66868,0.01995,0.01462,0.57181
182.8,SYN.ETH-16AUG19,1565866743010,open,0.0,509.0,0.001,0.011,0.000348,129.69,0.001,0.0,ETH-16AUG19-210-C,182.79,0.0,0.0,0.0,0.001,300.0,152.82,0.00353,-0.06365,7e-05,0.00339,0.01569
182.87,SYN.ETH-23AUG19,1565866743047,open,0.06,277.0,0.019,0.084,0.050539,99.91,0.052,0.0,ETH-23AUG19-180-P,182.79,95.51,0.048,150.0,0.055,150.0,107.65,0.10542,-0.66868,-0.01889,0.01462,-0.42819
10063.49,SYN.BTC-23AUG19,1565866743056,open,0.06,104.2,0.0315,0.0925,0.06270225,101.94,0.0625,0.0,BTC-23AUG19-10000-C,10052.94,99.02,0.061,1.0,0.065,10.2,105.89,5.85703,-37.90576,1.0508,0.00026,0.54663
10054.11,SYN.BTC-16AUG19,1565866743068,open,0.0,32.9,0.0005,0.0105,6e-07,119.89,0.0005,0.0,BTC-16AUG19-8000-P,10052.94,0.0,0.0,0.0,0.0005,3.4,215.06,0.0009,-0.00605,-1e-05,0.0,-4e-05
10054.11,SYN.BTC-16AUG19,1565866743078,open,0.0,477.3,0.0005,0.0105,8e-08,119.89,0.0005,0.0,BTC-16AUG19-13000-C,10052.94,0.0,0.0,0.0,0.0005,6.5,230.29,0.00016,-0.00085,0.0,0.0,1e-05
182.87,SYN.ETH-23AUG19,1565866743156,open,0.04,11.0,0.014,0.071,0.042143,99.91,0.035,0.0,ETH-23AUG19-190-C,182.79,94.44,0.039,353.0,0.046,353.0,106.6,0.1053,-0.66789,0.01513,0.01461,0.42567
10063.49,SYN.BTC-23AUG19,1565866743156,open,0.0,42.4,0.0005,0.011,0.00145438,119.76,0.0025,0.0,BTC-23AUG19-14500-C,10052.94,103.71,0.0005,10.5,0.0025,30.0,130.5,0.81725,-6.21392,0.04765,3e-05,0.0234
182.8,SYN.ETH-16AUG19,1565866743156,open,0.0,39.0,0.001,0.011,0.0,129.88,0.001,0.0,ETH-16AUG19-310-C,182.79,0.0,0.0,0.0,0.001,250.0,463.73,0.0,0.0,0.0,0.0,0.0
182.8,SYN.ETH-16AUG19,1565866743191,open,0.0,1058.0,0.001,0.011,3.6e-05,129.88,0.004,0.0,ETH-16AUG19-220-C,182.79,0.0,0.0,0.0,0.001,210.0,193.64,0.00056,-0.00663,1e-05,0.00054,0.00199
182.87,SYN.ETH-23AUG19,1565866743256,open,0.09,330.0,0.043,0.119,0.081159,99.91,0.077,0.0,ETH-23AUG19-190-P,182.79,96.16,0.079,150.0,0.087,150.0,110.03,0.1053,-0.66789,-0.02586,0.01461,-0.57433
10054.11,SYN.BTC-16AUG19,1565866743309,open,0.0,332.9,0.0005,0.0105,0.00023808,119.89,0.001,0.0,BTC-16AUG19-11500-C,10052.94,133.03,0.0005,38.5,0.0015,10.5,160.44,0.15328,-2.39373,0.00283,5e-05,0.01195
10063.49,SYN.BTC-23AUG19,1565866743314,open,0.01,38.6,0.0005,0.027,0.01010329,105.99,0.014,0.0,BTC-23AUG19-8500-P,10052.94,100.44,0.0085,18.0,0.011,30.0,108.95,3.0011,-20.19439,-0.28804,0.00013,-0.12255
182.87,SYN.ETH-23AUG19,1565866743359,open,0.02,91.0,0.005,0.051,0.025631,100.32,0.077,0.0,ETH-23AUG19-200-C,182.79,95.1,0.023,446.0,0.03,446.0,108.8,0.09292,-0.59182,0.01069,0.01284,0.29664
10054.11,SYN.BTC-16AUG19,1565866743415,open,0.0,269.9,0.0005,0.0105,0.0,119.89,0.0005,0.0,BTC-16AUG19-14500-C,10052.94,0.0,0.0,0.0,0.0005,4.9,311.69,0.0,0.0,0.0,0.0,0.0
10063.49,SYN.BTC-23AUG19,1565866743441,open,0.0,74.5,0.0005,0.0105,0.00029175,119.89,0.0005,0.0,BTC-23AUG19-16000-C,10052.94,0.0,0.0,0.0,0.0015,47.2,146.49,0.23146,-1.7618,0.01124,1e-05,0.00547
182.87,SYN.ETH-23AUG19,1565866743471,open,0.13,300.0,0.078,0.16,0.119332,100.32,0.123,0.0,ETH-23AUG19-200-P,182.79,95.69,0.117,50.0,0.126,50.0,113.18,0.09292,-0.59182,-0.03246,0.01284,-0.70336
10054.11,SYN.BTC-16AUG19,1565866743479,open,0.14,2.0,0.1375,0.172,0.15460864,119.94,0.1485,0.0,BTC-16AUG19-8500-C,10052.94,0.0,0.14,4.0,0.172,4.0,382.93,0.03039,-1.82222,0.20345,1e-05,0.99806
10063.5,SYN.BTC-23AUG19,1565866743493,open,0.02,135.9,0.0065,0.0535,0.02785087,104.35,0.0315,0.0,BTC-23AUG19-11000-C,10052.94,97.78,0.0245,34.0,0.029,10.0,106.56,5.19427,-34.41003,0.60652,0.00023,0.30717
10063.49,SYN.BTC-23AUG19,1565866743496,open,0.07,176.9,0.0255,0.0875,0.0563914,101.94,0.053,0.0,BTC-23AUG19-10000-P,10052.94,95.25,0.0525,18.0,0.059,0.4,106.42,5.85703,-37.90483,-1.10692,0.00026,-0.45337
10054.11,SYN.BTC-16AUG19,1565866743498,open,0.32,0.3,0.268,0.319,0.29300297,0.0,0.115,0.0,BTC-16AUG19-13000-P,10052.94,0.0,0.0,0.0,0.0,0.0,0.0,0.0,0.0,-0.31189,0.0,-1.0
10110.37,BTC-27SEP19,1565866743528,open,0.07,621.1,0.0365,0.104,0.06970247,97.2,0.0655,0.0,BTC-27SEP19-12000-C,10052.94,95.1,0.067,5.0,0.071,20.4,98.21,13.01303,-14.75101,3.49542,0.00011,0.36402
10110.37,BTC-27SEP19,1565866743528,open,0.45,221.9,0.446,0.475,0.45978616,99.98,0.4675,0.0,BTC-27SEP19-5500-C,10052.94,80.81,0.457,5.0,0.4965,5.0,184.65,2.07284,-2.41671,6.11054,2e-05,0.9743
10297.05,BTC-27DEC19,1565866743528,open,0.38,51.5,0.349,0.4215,0.3865135,92.86,0.3765,0.0,BTC-27DEC19-7000-C,10052.94,52.11,0.334,10.0,0.3925,10.0,96.79,15.58049,-5.40353,16.87579,4e-05,0.83334
10297.05,BTC-27DEC19,1565866743528,open,0.35,107.3,0.2725,0.395,0.33513009,94.56,0.2485,0.0,BTC-27DEC19-12000-P,10052.94,92.03,0.329,5.0,0.339,5.8,96.17,24.87413,-8.78507,-31.25301,7e-05,-0.49237
10110.37,BTC-27SEP19,1565866743528,open,0.0,287.2,0.0005,0.012,0.00238743,111.6,0.002,0.0,BTC-27SEP19-24000-C,10052.94,105.19,0.0015,26.0,0.003,31.2,115.12,1.62609,-2.11623,0.20058,1e-05,0.01928
10072.88,SYN.BTC-30AUG19,1565866743530,open,0.0,451.2,0.0005,0.0125,0.00250667,114.93,0.0015,0.0,BTC-30AUG19-16000-C,10052.94,100.68,0.001,20.1,0.003,40.0,118.3,1.38976,-5.36854,0.11352,3e-05,0.03016
10054.11,SYN.BTC-16AUG19,1565866743533,open,0.0,75.6,0.0005,0.0105,0.0,119.89,0.0005,0.0,BTC-16AUG19-15000-C,10052.94,0.0,0.0,0.0,0.0005,4.0,336.27,0.0,0.0,0.0,0.0,0.0
10110.37,BTC-27SEP19,1565866743537,open,0.52,13.5,0.521,0.5435,0.53176934,105.05,0.382,0.0,BTC-27SEP19-4750-C,10052.94,0.0,0.4775,10.0,0.573,10.0,223.38,1.03193,-1.26417,5.426,1e-05,0.98864
10110.37,BTC-27SEP19,1565866743544,open,2.22,0.0,2.103,2.231,2.16558124,119.34,None,0.0,BTC-27SEP19-32000-P,10052.94,0.0,0.0,0.0,0.0,0.0,0.0,0.45581,-0.63438,-37.54235,0.0,-0.9955
10110.37,BTC-27SEP19,1565866743550,open,0.0,1067.6,0.0005,0.011,0.00120419,114.62,0.0005,0.0,BTC-27SEP19-4250-P,10052.94,102.52,0.0005,11.1,0.002,47.0,123.37,0.77124,-1.03085,-0.11098,1e-05,-0.00814
10110.37,BTC-27SEP19,1565866743550,open,0.0,428.2,0.0005,0.011,0.00127424,118.25,0.001,0.0,BTC-27SEP19-28000-C,10052.94,107.14,0.0005,10.0,0.002,31.7,124.73,0.95732,-1.32008,0.10862,1e-05,0.01042
10110.37,BTC-27SEP19,1565866743550,open,0.0,761.0,0.0005,0.0105,0.00053913,119.89,0.0005,0.0,BTC-27SEP19-32000-C,10052.94,0.0,0.0,0.0,0.0015,18.9,133.41,0.47244,-0.66052,0.04919,0.0,0.00468
10054.11,SYN.BTC-16AUG19,1565866743550,open,0.29,0.0,0.29,0.317,0.30376768,171.18,None,0.0,BTC-16AUG19-7000-C,10052.94,0.0,0.0,0.0,0.0,0.0,0.0,0.00015,-0.01252,0.16794,0.0,0.99999
10297.05,BTC-27DEC19,1565866743552,open,1.99,0.2,1.8615,2.0105,1.93135017,102.74,2.03,0.0,BTC-27DEC19-30000-P,10052.94,0.0,0.0,0.0,0.0,0.0,0.0,9.23923,-3.54516,-107.70293,2e-05,-0.92036
10072.88,SYN.BTC-30AUG19,1565866743552,open,0.33,17.1,0.269,0.3415,0.30361582,104.22,0.2385,0.0,BTC-30AUG19-13000-P,10052.94,0.0,0.2865,4.0,0.314,4.0,125.24,4.39457,-15.39419,-4.80119,0.0001,-0.86591
10297.05,BTC-27DEC19,1565866743561,open,3.76,0.0,3.571,3.771,3.66621215,109.42,None,0.0,BTC-27DEC19-48000-P,10052.94,0.0,0.0,0.0,0.0,0.0,0.0,3.42402,-1.39927,-175.35603,1e-05,-0.97679
10110.37,BTC-27SEP19,1565866743571,open,0.0,416.5,0.0005,0.0105,0.00074482,114.62,0.0005,0.0,BTC-27SEP19-4000-P,10052.94,0.0,0.0,0.0,0.001,2.0,119.03,0.52601,-0.70307,-0.07156,0.0,-0.00528
10072.88,SYN.BTC-30AUG19,1565866743577,open,0.43,13.0,0.364,0.4345,0.39693852,107.11,0.2895,0.0,BTC-30AUG19-14000-P,10052.94,0.0,0.3775,4.0,0.4405,4.0,193.35,2.98401,-10.74328,-5.41194,7e-05,-0.92136
182.87,SYN.ETH-23AUG19,1565866743582,open,0.01,237.0,0.002,0.036,0.015451,102.08,0.015,0.0,ETH-23AUG19-210-C,182.79,98.48,0.014,200.0,0.018,200.0,108.16,0.07482,-0.48487,0.00721,0.01016,0.1983
10110.37,BTC-27SEP19,1565866743610,open,0.0,422.0,0.0005,0.0105,0.0003687,119.89,0.0005,0.0,BTC-27SEP19-3500-P,10052.94,0.0,0.0,0.0,0.001,15.0,135.06,0.28442,-0.39766,-0.03597,0.0,-0.00266
10297.05,BTC-27DEC19,1565866743625,open,0.11,408.8,0.064,0.1445,0.10404548,92.85,0.1125,0.0,BTC-27DEC19-8000-P,10052.89,89.85,0.0985,5.0,0.1035,15.8,92.56,19.05894,-6.60951,-12.71756,5e-05,-0.23268
10110.37,BTC-27SEP19,1565866743625,open,0.0,405.8,0.0005,0.0105,1.735e-05,119.89,0.0005,0.0,BTC-27SEP19-2500-P,10052.89,0.0,0.0,0.0,0.001,27.0,175.81,0.02076,-0.02903,-0.00205,0.0,-0.00016
10297.05,BTC-27DEC19,1565866743625,open,0.16,465.3,0.1025,0.197,0.15024844,92.85,0.1735,0.0,BTC-27DEC19-9000-P,10052.89,90.13,0.1445,5.0,0.15,7.8,92.74,21.72593,-7.53437,-17.05503,6e-05,-0.30133
10110.37,BTC-27SEP19,1565866743625,open,0.57,9.2,0.571,0.5905,0.58084703,114.66,0.574,0.0,BTC-27SEP19-4250-C,10052.89,0.0,0.524,10.0,0.6255,10.0,256.4,0.77266,-1.03314,4.88116,1e-05,0.99184
10110.37,BTC-27SEP19,1565866743625,open,0.0,373.6,0.0005,0.0115,0.00150096,111.03,0.002,0.0,BTC-27SEP19-4500-P,10052.89,104.93,0.001,0.1,0.002,15.0,115.89,0.94278,-1.2207,-0.13943,1e-05,-0.01024
10297.05,BTC-27DEC19,1565866743625,open,0.04,269.1,0.017,0.062,0.03761305,92.87,0.0355,0.0,BTC-27DEC19-6000-P,10052.89,89.58,0.034,5.0,0.038,8.0,93.21,11.51119,-3.99248,-5.4695,3e-05,-0.10721
10297.05,BTC-27DEC19,1565866743625,open,0.75,0.0,0.749,0.7685,0.75873583,106.62,None,0.0,BTC-27DEC19-2500-C,10052.89,0.0,0.6935,10.0,0.816,10.0,249.76,1.05229,-0.41901,8.88735,0.0,0.99405
10297.05,BTC-27DEC19,1565866743626,open,0.1,425.5,0.0605,0.155,0.10748806,96.19,0.107,0.0,BTC-27DEC19-15000-C,10052.89,94.87,0.1045,4.0,0.1095,9.1,97.08,23.36394,-8.3939,9.59351,6e-05,0.3615
10297.05,BTC-27DEC19,1565866743625,open,0.19,589.5,0.145,0.247,0.19826563,93.64,0.186,0.0,BTC-27DEC19-11000-C,10052.89,92.27,0.195,5.0,0.1985,7.9,93.74,24.53365,-8.58046,13.90227,7e-05,0.56636
10297.05,BTC-27DEC19,1565866743626,open,0.61,27.7,0.606,0.633,0.61872401,94.72,0.6705,0.0,BTC-27DEC19-4000-C,10052.89,0.0,0.56,10.0,0.642,10.0,136.28,3.82511,-1.35317,13.39967,1e-05,0.97351
10297.05,BTC-27DEC19,1565866743626,open,4.15,0.8,3.9515,4.165,4.05363925,110.39,3.59,0.0,BTC-27DEC19-52000-P,10052.89,0.0,0.001,1.0,0.0,0.0,0.0,2.81289,-1.15971,-190.16989,1e-05,-0.9816
10297.05,BTC-27DEC19,1565866743626,open,0.04,242.3,0.015,0.0775,0.04206129,99.33,0.042,0.0,BTC-27DEC19-22000-C,10052.89,97.97,0.04,4.0,0.0435,9.9,100.27,15.67532,-5.81542,4.76525,4e-05,0.16823
10054.11,SYN.BTC-16AUG19,1565866743625,open,0.02,113.0,0.0015,0.0505,0.02510949,114.52,0.028,0.0,BTC-16AUG19-10000-C,10052.89,101.06,0.0225,0.4,0.025,5.0,113.96,1.94954,-111.63212,0.12648,0.0007,0.54944
10110.37,BTC-27SEP19,1565866743627,open,0.05,286.4,0.022,0.0815,0.05009878,98.36,0.04,0.0,BTC-27SEP19-13000-C,10052.89,96.1,0.0475,5.0,0.0525,23.5,100.42,11.70303,-13.42341,2.7531,0.0001,0.28191
10297.05,BTC-27DEC19,1565866743627,open,0.01,323.0,0.0005,0.017,0.00718025,94.71,0.0075,0.0,BTC-27DEC19-4000-P,10052.89,89.85,0.0055,8.0,0.0085,10.0,98.1,3.82381,-1.35254,-1.27107,1e-05,-0.02647
10110.37,BTC-27SEP19,1565866743627,open,0.13,617.9,0.094,0.1695,0.13336289,94.41,0.1285,0.0,BTC-27SEP19-10000-C,10052.89,92.28,0.1305,5.0,0.134,7.8,94.89,13.56183,-14.93191,5.27575,0.00012,0.57758
10110.37,BTC-27SEP19,1565866743627,open,0.01,560.5,0.0005,0.0165,0.00657653,97.81,0.0085,0.0,BTC-27SEP19-6000-P,10052.89,92.34,0.005,8.0,0.008,47.0,102.18,3.12682,-3.56649,-0.58093,3e-05,-0.04234
10297.05,BTC-27DEC19,1565866743628,open,0.03,158.3,0.008,0.056,0.02702748,101.32,0.026,0.0,BTC-27DEC19-26000-C,10052.89,100.0,0.0255,0.5,0.0285,16.0,102.56,12.07099,-4.56776,3.30562,3e-05,0.11455
10110.37,BTC-27SEP19,1565866743627,open,0.44,71.4,0.3755,0.468,0.42058115,99.26,0.2925,0.0,BTC-27SEP19-14000-P,10052.89,0.0,0.3805,5.0,0.928,0.3,500.0,10.14498,-11.74313,-14.30926,9e-05,-0.78427
10110.37,BTC-27SEP19,1565866743628,open,0.02,483.6,0.0055,0.0345,0.0173384,94.91,0.0195,0.0,BTC-27SEP19-7000-P,10052.89,91.74,0.0155,3.0,0.0185,8.0,96.85,5.99346,-6.63367,-1.37016,5e-05,-0.09803
10110.37,BTC-27SEP19,1565866743628,open,0.13,351.3,0.0825,0.1615,0.12243855,94.41,0.1315,0.0,BTC-27SEP19-10000-P,10052.89,91.47,0.1185,5.0,0.123,7.7,94.83,13.56186,-14.93101,-6.47095,0.00012,-0.42242
10297.0,BTC-27DEC19,1565866743628,open,0.01,394.9,0.001,0.0285,0.01061879,105.1,0.009,0.0,BTC-27DEC19-36000-C,10052.89,103.23,0.0095,1.0,0.012,16.0,107.24,6.39538,-2.51026,1.47399,2e-05,0.04965
10297.0,BTC-27DEC19,1565866743628,open,0.0,99.9,0.0005,0.011,0.00105328,117.09,0.0005,0.0,BTC-27DEC19-2000-P,10052.89,106.98,0.0005,0.8,0.0015,10.0,122.8,0.71313,-0.31187,-0.185,0.0,-0.00385
10297.0,BTC-27DEC19,1565866743628,open,0.09,208.7,0.049,0.139,0.09287372,96.64,0.093,0.0,BTC-27DEC19-16000-C,10052.89,95.31,0.09,4.0,0.096,24.1,98.08,22.37695,-8.07671,8.67703,6e-05,0.32262
10297.0,BTC-27DEC19,1565866743629,open,0.23,506.2,0.1805,0.28,0.23289775,92.84,0.219,0.0,BTC-27DEC19-10000-C,10052.89,91.57,0.23,5.0,0.2335,8.1,93.1,23.53535,-8.16028,15.01644,7e-05,0.6305
10110.37,BTC-27SEP19,1565866743629,open,0.2,270.2,0.14,0.228,0.18458505,95.82,0.194,0.0,BTC-27SEP19-11000-P,10052.89,92.45,0.18,5.0,0.1845,8.1,95.76,13.76495,-15.38104,-8.5685,0.00012,-0.53689
10297.0,BTC-27DEC19,1565866743629,open,0.43,111.5,0.343,0.4705,0.40791146,95.2,0.4155,0.0,BTC-27DEC19-13000-P,10052.89,92.11,0.4005,5.0,0.4125,4.8,97.11,24.71173,-8.7865,-36.03356,7e-05,-0.54617
10297.0,BTC-27DEC19,1565866743629,open,0.07,373.2,0.033,0.1135,0.07070699,97.81,0.072,0.0,BTC-27DEC19-18000-C,10052.89,96.16,0.0675,4.0,0.073,19.5,98.97,20.18383,-7.37297,7.10783,5e-05,0.25891
10297.0,BTC-27DEC19,1565866743630,open,0.01,346.2,0.0005,0.023,0.00784192,106.58,0.006,0.0,BTC-27DEC19-40000-C,10052.89,103.71,0.0065,14.0,0.009,16.0,108.81,5.1057,-2.0323,1.12251,1e-05,0.03756
10072.88,SYN.BTC-30AUG19,1565866743627,open,0.01,193.3,0.0005,0.021,0.00707106,107.13,0.007,0.0,BTC-30AUG19-14000-C,10052.89,101.48,0.0055,1.0,0.0075,0.1,108.55,2.98482,-10.74747,0.2939,7e-05,0.07866
10297.0,BTC-27DEC19,1565866743630,open,0.57,6.5,0.5585,0.5925,0.57482374,93.92,0.575,0.0,BTC-27DEC19-4500-C,10052.89,0.0,0.5175,10.0,0.62,10.0,151.63,5.47782,-1.92144,14.51113,1e-05,0.95905
10110.37,BTC-27SEP19,1565866743631,open,1.42,0.2,1.3275,1.429,1.37616901,111.48,1.6,0.0,BTC-27SEP19-24000-P,10052.89,0.0,0.0,0.0,0.0,0.0,0.0,1.61744,-2.10277,-27.99287,1e-05,-0.98084
10110.37,BTC-27SEP19,1565866743631,open,0.8,28.2,0.7925,0.812,0.80218651,124.52,0.755,0.0,BTC-27SEP19-2000-C,10052.89,0.0,0.7355,10.0,0.8635,10.0,500.0,0.00445,-0.00646,2.34895,0.0,0.99997
10072.88,SYN.BTC-30AUG19,1565866743627,open,0.62,0.0,0.5575,0.629,0.59092654,114.9,0.403,0.0,BTC-30AUG19-16000-P,10052.89,0.0,0.0,0.0,0.0,0.0,0.0,1.38824,-5.36118,-6.40747,3e-05,-0.96988
10072.88,SYN.BTC-30AUG19,1565866743626,open,0.21,23.0,0.1935,0.242,0.21745656,100.9,0.2,0.0,BTC-30AUG19-8000-C,10052.89,0.0,0.175,5.0,0.2375,5.0,144.68,3.79351,-12.86532,2.76591,9e-05,0.89121
10063.49,SYN.BTC-23AUG19,1565866743625,open,0.01,150.2,0.0005,0.0235,0.00742275,109.79,0.006,0.0,BTC-23AUG19-12500-C,10052.89,101.98,0.0055,48.4,0.008,1.0,111.94,2.65357,-18.49532,0.20787,0.00011,0.10315
10054.11,SYN.BTC-16AUG19,1565866743625,open,0.03,412.9,0.0005,0.045,0.01972716,114.52,0.019,0.0,BTC-16AUG19-10000-P,10052.89,110.77,0.019,0.1,0.0205,3.7,118.51,1.94954,-111.6316,-0.11344,0.0007,-0.45056
10072.88,SYN.BTC-30AUG19,1565866743625,open,0.82,0.0,0.752,0.8275,0.7878532,119.84,None,0.0,BTC-30AUG19-18000-P,10052.89,0.0,0.0,0.0,0.0,0.0,0.0,0.60508,-2.43733,-7.29297,1e-05,-0.98865
10072.88,SYN.BTC-30AUG19,1565866743626,open,0.04,790.6,0.0115,0.0585,0.03309261,98.04,0.03,0.0,BTC-30AUG19-9000-P,10052.89,93.21,0.03,1.9,0.0335,32.1,98.68,6.49039,-21.38872,-1.1707,0.00016,-0.25208
10072.88,SYN.BTC-30AUG19,1565866743626,open,0.0,357.6,0.0005,0.011,0.0014293,117.04,0.001,0.0,BTC-30AUG19-17000-C,10052.89,102.74,0.0005,10.0,0.002,10.0,122.73,0.90036,-3.54202,0.06804,2e-05,0.018
10054.11,SYN.BTC-16AUG19,1565866743625,open,0.09,3.6,0.087,0.126,0.10548067,119.89,0.0915,0.0,BTC-16AUG19-9000-C,10052.89,0.0,0.0685,4.0,0.1075,0.1,160.25,0.31379,-18.81105,0.20908,0.00011,0.97228
182.8,SYN.ETH-16AUG19,1565866743650,open,0.0,1069.0,0.001,0.011,0.0,129.88,0.001,0.0,ETH-16AUG19-240-C,182.79,0.0,0.0,0.0,0.001,250.0,266.31,0.0,-3e-05,0.0,0.0,1e-05
183.2,ETH-27SEP19,1565866743690,open,0.06,1350.0,0.034,0.101,0.06807,98.58,0.066,0.0,ETH-27SEP19-220-C,182.79,96.17,0.065,233.0,0.073,393.0,102.43,0.23367,-0.26864,0.06167,0.00601,0.35464
182.93,SYN.ETH-30AUG19,1565866743690,open,0.0,2290.0,0.001,0.011,0.001501,124.47,0.003,0.0,ETH-30AUG19-320-C,182.79,0.0,0.0,0.0,0.003,750.0,137.68,0.01625,-0.068,0.00122,0.00096,0.01788
183.2,ETH-27SEP19,1565866743692,open,0.03,1718.0,0.012,0.059,0.03323,100.93,0.032,0.0,ETH-27SEP19-260-C,182.79,98.58,0.031,549.0,0.036,160.0,103.77,0.17615,-0.20732,0.03604,0.00443,0.20069
185.0,ETH-27DEC19,1565866743692,open,0.01,1828.0,0.001,0.025,0.009349,112.84,0.008,0.0,ETH-27DEC19-760-C,182.79,105.8,0.006,350.0,0.013,550.0,118.86,0.10079,-0.04247,0.02227,0.00071,0.04217
183.2,ETH-27SEP19,1565866743701,open,0.07,7852.0,0.037,0.104,0.070244,96.91,0.077,0.0,ETH-27SEP19-160-P,182.79,93.24,0.066,366.0,0.073,160.0,99.28,0.21248,-0.24013,-0.07603,0.00556,-0.28307
182.93,SYN.ETH-30AUG19,1565866743701,open,0.15,442.0,0.094,0.18,0.137738,98.53,0.16,0.0,ETH-30AUG19-200-P,182.79,94.9,0.135,150.0,0.144,150.0,106.73,0.13863,-0.45911,-0.05772,0.01032,-0.63645
182.93,SYN.ETH-30AUG19,1565866743703,open,0.0,4133.0,0.001,0.011,0.000156,129.88,0.002,0.0,ETH-30AUG19-400-C,182.79,0.0,0.0,0.0,0.002,500.0,170.58,0.00252,-0.011,0.00015,0.00014,0.00217
183.2,ETH-27SEP19,1565866743730,open,0.09,1510.0,0.058,0.133,0.097169,97.16,0.094,0.0,ETH-27SEP19-200-C,182.79,94.83,0.094,120.0,0.103,120.0,101.44,0.24932,-0.28248,0.07838,0.00651,0.46137
183.2,ETH-27SEP19,1565866743730,open,0.01,2040.0,0.003,0.029,0.012638,105.66,0.014,0.0,ETH-27SEP19-320-C,182.79,102.53,0.011,110.0,0.015,500.0,109.82,0.09946,-0.12255,0.01601,0.00239,0.08705
182.93,SYN.ETH-30AUG19,1565866743730,open,0.0,873.0,0.001,0.012,0.002089,117.96,0.003,0.0,ETH-30AUG19-300-C,182.79,106.48,0.001,250.0,0.004,750.0,130.92,0.02166,-0.08589,0.00172,0.00135,0.02511
185.0,ETH-27DEC19,1565866743739,open,0.1,457.0,0.06,0.154,0.10861,100.92,0.106,0.0,ETH-27DEC19-280-C,182.77,99.76,0.106,22.0,0.115,247.0,103.74,0.41702,-0.15718,0.16703,0.00329,0.35476
185.0,ETH-27DEC19,1565866743739,open,0.28,5.0,0.239,0.337,0.29246,98.5,0.297,0.0,ETH-27DEC19-160-C,182.77,87.74,0.27,10.0,0.317,30.0,110.29,0.38599,-0.14199,0.28058,0.00312,0.70597
183.2,ETH-27SEP19,1565866743739,open,0.04,2205.0,0.02,0.077,0.047442,99.73,0.053,0.0,ETH-27SEP19-240-C,182.77,96.65,0.044,529.0,0.051,419.0,102.85,0.20679,-0.24049,0.04744,0.00526,0.26788
183.2,ETH-27SEP19,1565866743739,open,0.01,2752.0,0.001,0.019,0.00725,109.07,0.008,0.0,ETH-27SEP19-360-C,182.77,105.48,0.006,110.0,0.009,200.0,113.53,0.06741,-0.08574,0.00976,0.00157,0.05259
185.0,ETH-27DEC19,1565866743739,open,3.18,0.0,2.991,3.256,3.117457,112.84,None,0.0,ETH-27DEC19-760-P,182.77,0.0,0.001,100.0,0.0,0.0,0.0,0.10079,-0.04247,-2.76527,0.00071,-0.95783
185.0,ETH-27DEC19,1565866743739,open,0.64,432.0,0.542,0.699,0.622124,100.92,0.382,0.0,ETH-27DEC19-280-P,182.77,89.97,0.598,120.0,0.648,15.0,112.2,0.41702,-0.15718,-0.85996,0.00329,-0.64524
185.0,ETH-27DEC19,1565866743739,open,0.16,1886.0,0.106,0.206,0.157325,98.5,0.155,0.0,ETH-27DEC19-160-P,182.77,94.99,0.15,40.0,0.161,169.0,100.26,0.38599,-0.14199,-0.30627,0.00312,-0.29403
183.2,ETH-27SEP19,1565866743739,open,0.35,47.0,0.331,0.383,0.357793,96.91,0.689,0.0,ETH-27SEP19-120-C,182.77,0.0,0.0,0.0,0.0,0.0,0.0,0.08884,-0.1004,0.12207,0.00233,0.92505
185.0,ETH-27DEC19,1565866743739,open,0.02,1619.0,0.005,0.044,0.020729,108.43,0.022,0.0,ETH-27DEC19-560-C,182.77,104.33,0.017,50.0,0.025,350.0,112.65,0.17768,-0.07195,0.04509,0.00131,0.08718
185.0,ETH-27DEC19,1565866743739,open,0.05,1358.0,0.019,0.084,0.048554,104.47,0.048,0.0,ETH-27DEC19-400-C,182.77,102.23,0.045,40.0,0.053,330.0,107.19,0.2975,-0.11608,0.09152,0.00227,0.18344
185.0,ETH-27DEC19,1565866743739,open,0.46,781.0,0.37,0.516,0.445519,99.83,0.499,0.0,ETH-27DEC19-240-P,182.77,95.85,0.436,30.0,0.454,30.0,103.36,0.44332,-0.16528,-0.6762,0.00354,-0.55102
183.18,ETH-27SEP19,1565866743739,open,1.0,233.0,0.91,1.04,0.972315,108.49,0.634,0.0,ETH-27SEP19-360-P,182.77,0.0,0.894,25.0,1.022,25.0,178.64,0.06623,-0.08379,-0.41333,0.00155,-0.94856
185.0,ETH-27DEC19,1565866743739,open,0.41,0.0,0.375,0.45,0.415416,98.5,None,0.0,ETH-27DEC19-120-C,182.77,0.0,0.1,10.0,0.99,5.0,500.0,0.26463,-0.09735,0.29289,0.00214,0.84706
183.18,ETH-27SEP19,1565866743739,open,0.02,2085.0,0.007,0.046,0.023712,102.48,0.021,0.0,ETH-27SEP19-280-C,182.77,100.31,0.022,110.0,0.026,160.0,105.28,0.14698,-0.17565,0.02737,0.00364,0.15092
182.8,SYN.ETH-16AUG19,1565866743738,open,0.0,123.0,0.001,0.011,0.0,129.88,0.001,0.0,ETH-16AUG19-250-C,182.77,0.0,0.0,0.0,0.001,245.0,299.19,0.0,0.0,0.0,0.0,0.0
185.0,ETH-27DEC19,1565866743739,open,2.09,0.0,1.946,2.159,2.047756,108.43,0.845,0.0,ETH-27DEC19-560-P,182.77,0.0,0.0,0.0,0.0,0.0,0.0,0.17768,-0.07195,-2.00889,0.00131,-0.91282
185.0,ETH-27DEC19,1565866743739,open,0.06,3949.0,0.034,0.095,0.064065,98.5,0.065,0.0,ETH-27DEC19-120-P,182.77,94.21,0.058,50.0,0.065,260.0,99.15,0.26463,-0.09735,-0.14725,0.00214,-0.15294
183.18,ETH-27SEP19,1565866743739,open,0.13,782.0,0.097,0.177,0.139664,96.95,0.137,0.0,ETH-27SEP19-180-C,182.77,94.2,0.136,120.0,0.146,120.0,101.7,0.24454,-0.27647,0.09617,0.0064,0.58661
183.18,ETH-27SEP19,1565866743739,open,0.02,3742.0,0.004,0.037,0.017434,104.45,0.018,0.0,ETH-27SEP19-300-C,182.77,102.26,0.016,110.0,0.02,500.0,108.18,0.12207,-0.14869,0.02105,0.00296,0.11527
183.18,ETH-27SEP19,1565866743739,open,0.45,0.0,0.439,0.476,0.457421,97.21,None,0.0,ETH-27SEP19-100-C,182.77,0.0,0.003,10.0,0.0,0.0,0.0,0.03504,-0.03972,0.11166,0.00091,0.97634
185.0,ETH-27DEC19,1565866743739,open,0.2,675.0,0.148,0.254,0.20548,98.5,0.217,0.0,ETH-27DEC19-200-C,182.77,95.78,0.199,30.0,0.214,200.0,102.08,0.44075,-0.16214,0.24499,0.00356,0.56654
183.18,ETH-27SEP19,1565866743739,open,1.22,79.0,1.121,1.261,1.187922,111.81,0.351,0.0,ETH-27SEP19-400-P,182.77,0.0,0.0,0.0,0.0,0.0,0.0,0.04555,-0.05939,-0.46382,0.00103,-0.96758
183.18,ETH-27SEP19,1565866743739,open,0.04,7913.0,0.014,0.058,0.034032,96.88,0.031,0.0,ETH-27SEP19-140-P,182.77,93.27,0.031,160.0,0.036,160.0,99.18,0.15562,-0.17582,-0.04275,0.00408,-0.16463
183.18,ETH-27SEP19,1565866743739,open,3.2,0.0,3.028,3.277,3.148638,0.0,None,0.0,ETH-27SEP19-760-P,182.77,0.0,0.0,0.0,0.0,0.0,0.0,0.0,0.0,-0.89275,0.0,-1.0
183.18,ETH-27SEP19,1565866743739,open,0.26,191.0,0.234,0.301,0.269839,96.98,0.5,0.0,ETH-27SEP19-140-C,182.77,0.0,0.0,0.0,0.0,0.0,0.0,0.15572,-0.17611,0.12165,0.00407,0.83521
183.18,ETH-27SEP19,1565866743740,open,0.01,1928.0,0.001,0.024,0.009589,107.59,0.008,0.0,ETH-27SEP19-340-C,182.77,103.87,0.008,110.0,0.011,200.0,110.62,0.0822,-0.10314,0.01251,0.00194,0.06775
182.93,SYN.ETH-30AUG19,1565866743739,open,0.08,813.0,0.035,0.106,0.070228,97.77,0.071,0.0,ETH-30AUG19-180-P,182.77,93.69,0.067,150.0,0.075,150.0,103.79,0.14495,-0.47632,-0.03717,0.01087,-0.42836
183.18,ETH-27SEP19,1565866743740,open,0.67,0.0,0.663,0.682,0.672978,130.93,0.01,0.0,ETH-27SEP19-60-C,182.77,0.0,0.003,10.0,0.0,0.0,0.0,0.00634,-0.00968,0.06965,0.00012,0.99665
183.18,ETH-27SEP19,1565866743740,open,0.89,446.0,0.805,0.931,0.865484,107.14,0.669,0.0,ETH-27SEP19-340-P,182.77,0.0,0.822,25.0,0.933,25.0,188.46,0.08123,-0.1015,-0.38705,0.00192,-0.93328
183.18,ETH-27SEP19,1565866743740,open,0.13,5961.0,0.079,0.164,0.122197,96.87,0.123,0.0,ETH-27SEP19-180-P,182.77,92.98,0.117,120.0,0.127,120.0,100.47,0.24454,-0.27624,-0.11525,0.0064,-0.41342
185.0,ETH-27DEC19,1565866743740,open,0.83,101.0,0.729,0.895,0.812174,102.63,0.513,0.0,ETH-27DEC19-320-P,182.77,0.0,0.725,110.0,1.58,1.0,500.0,0.37977,-0.14557,-1.03691,0.00295,-0.71595
185.0,ETH-27DEC19,1565866743740,open,0.04,654.0,0.013,0.07,0.038058,105.27,0.032,0.0,ETH-27DEC19-440-C,182.77,103.06,0.035,50.0,0.043,349.0,108.69,0.26021,-0.10231,0.07536,0.00197,0.14912
183.18,ETH-27SEP19,1565866743740,open,0.0,3419.0,0.001,0.011,0.000599,129.89,0.001,0.0,ETH-27SEP19-640-C,182.77,0.0,0.0,0.0,0.002,637.0,147.55,0.00881,-0.01334,0.00091,0.00017,0.00483
185.0,ETH-27DEC19,1565866743740,open,2.74,0.0,2.572,2.815,2.688074,111.0,None,0.0,ETH-27DEC19-680-P,182.77,0.0,0.0,0.0,0.0,0.0,0.0,0.12423,-0.0515,-2.46537,0.00089,-0.94523
183.18,ETH-27SEP19,1565866743740,open,0.0,4762.0,0.001,0.013,0.003273,96.89,0.002,0.0,ETH-27SEP19-100-P,182.77,80.43,0.001,200.0,0.004,100.0,100.51,0.03467,-0.03917,-0.00573,0.00091,-0.02337
183.18,ETH-27SEP19,1565866743740,open,1.88,12.0,1.756,1.93,1.840425,124.62,1.193,0.0,ETH-27SEP19-520-P,182.77,0.0,0.0,0.0,0.0,0.0,0.0,0.02088,-0.03034,-0.60842,0.00043,-0.9871
183.18,ETH-27SEP19,1565866743740,open,1.66,0.0,1.545,1.707,1.622432,119.59,None,0.0,ETH-27SEP19-480-P,182.77,0.0,0.0,0.0,0.0,0.0,0.0,0.02508,-0.03497,-0.56085,0.00053,-0.98404
183.18,ETH-27SEP19,1565866743740,open,2.98,0.0,2.816,3.052,2.930384,0.0,None,0.0,ETH-27SEP19-720-P,182.77,0.0,0.0,0.0,0.0,0.0,0.0,0.0,0.0,-0.84577,0.0,-1.0
183.18,ETH-27SEP19,1565866743740,open,0.01,1897.0,0.001,0.017,0.006169,112.49,0.006,0.0,ETH-27SEP19-380-C,182.77,108.64,0.005,224.0,0.007,200.0,114.98,0.05907,-0.07749,0.00827,0.00133,0.04458
184.98,ETH-27DEC19,1565866743740,open,1.24,16.0,1.123,1.303,1.210717,104.34,1.195,0.0,ETH-27DEC19-400-P,182.77,0.0,1.093,110.0,1.49,1.0,229.68,0.29688,-0.11569,-1.37585,0.00227,-0.81714
183.18,ETH-27SEP19,1565866743741,open,0.47,1239.0,0.396,0.51,0.452444,100.78,0.4,0.0,ETH-27SEP19-260-P,182.77,0.0,0.395,25.0,0.491,25.0,136.07,0.17584,-0.20666,-0.26947,0.00443,-0.79987
184.98,ETH-27DEC19,1565866743741,open,0.01,1679.0,0.001,0.027,0.01077,112.02,0.009,0.0,ETH-27DEC19-720-C,182.77,107.01,0.008,50.0,0.014,350.0,116.93,0.11194,-0.04683,0.0253,0.0008,0.04806
184.98,ETH-27DEC19,1565866743741,open,1.03,242.0,0.923,1.096,1.008369,103.29,0.889,0.0,ETH-27DEC19-360-P,182.77,0.0,0.907,110.0,1.59,1.0,370.66,0.33694,-0.12998,-1.20921,0.0026,-0.77388
183.18,ETH-27SEP19,1565866743741,open,0.0,2912.0,0.001,0.013,0.003342,118.16,0.002,0.0,ETH-27SEP19-440-C,182.77,110.26,0.002,340.0,0.005,700.0,125.4,0.03659,-0.05042,0.00464,0.00079,0.02492
184.98,ETH-27DEC19,1565866743741,open,1.45,0.0,1.326,1.513,1.416437,105.1,None,0.0,ETH-27DEC19-440-P,182.77,0.0,1.282,110.0,0.0,0.0,0.0,0.25938,-0.10181,-1.53878,0.00197,-0.85156
184.98,ETH-27DEC19,1565866743741,open,2.31,0.0,2.154,2.376,2.260384,108.73,0.953,0.0,ETH-27DEC19-600-P,182.77,0.0,0.0,0.0,0.0,0.0,0.0,0.15448,-0.06273,-2.16292,0.00113,-0.92753
182.93,SYN.ETH-30AUG19,1565866743739,open,0.02,427.0,0.005,0.045,0.022394,101.36,0.02,0.0,ETH-30AUG19-220-C,182.77,98.95,0.021,200.0,0.025,200.0,105.74,0.10704,-0.36465,0.01414,0.00774,0.21203
184.98,ETH-27DEC19,1565866743741,open,0.29,2226.0,0.22,0.347,0.286561,98.46,0.272,0.0,ETH-27DEC19-200-P,182.77,95.29,0.279,30.0,0.295,230.0,102.01,0.44072,-0.16207,-0.4886,0.00357,-0.43359
184.98,ETH-27DEC19,1565866743742,open,1.87,37.0,1.738,1.942,1.835706,107.01,0.707,0.0,ETH-27DEC19-520-P,182.77,0.0,0.002,25.0,0.0,0.0,0.0,0.19931,-0.07965,-1.85482,0.00148,-0.89811
183.18,ETH-27SEP19,1565866743742,open,1.11,259.0,1.016,1.151,1.080404,111.78,0.94,0.0,ETH-27SEP19-380-P,182.77,0.0,0.009,8.0,0.0,0.0,0.0,0.05775,-0.07528,-0.43833,0.00131,-0.95665
183.18,ETH-27SEP19,1565866743742,open,2.76,0.0,2.604,2.827,2.712178,0.0,None,0.0,ETH-27SEP19-680-P,182.77,0.0,0.0,0.0,0.0,0.0,0.0,0.0,0.0,-0.79878,0.0,-1.0
184.98,ETH-27DEC19,1565866743742,open,1.66,21.0,1.531,1.726,1.625093,106.02,0.629,0.0,ETH-27DEC19-480-P,182.77,0.0,0.001,7.0,0.0,0.0,0.0,0.227,-0.08988,-1.69814,0.00171,-0.87779
183.18,ETH-27SEP19,1565866743742,open,0.0,2060.0,0.001,0.011,0.000989,107.04,0.003,0.0,ETH-27SEP19-80-P,182.77,0.0,0.0,0.0,0.002,10.0,118.37,0.01271,-0.01587,-0.00179,0.0003,-0.00731
182.93,SYN.ETH-30AUG19,1565866743740,open,0.04,482.0,0.017,0.073,0.044437,98.53,0.034,0.0,ETH-30AUG19-200-C,182.77,95.3,0.042,200.0,0.049,424.0,104.52,0.13863,-0.45911,0.02379,0.01032,0.36355
182.8,SYN.ETH-16AUG19,1565866743738,open,0.39,0.0,0.328,0.41,0.367627,127.46,None,0.0,ETH-16AUG19-250-P,182.77,0.0,0.0,0.0,0.0,0.0,0.0,0.0,-1e-05,-0.006,0.0,-1.0
182.93,SYN.ETH-30AUG19,1565866743739,open,0.56,0.0,0.487,0.586,0.534111,113.57,None,0.0,ETH-30AUG19-280-P,182.77,0.0,0.0,0.0,0.0,0.0,0.0,0.03232,-0.12336,-0.11134,0.00209,-0.95924
182.8,SYN.ETH-16AUG19,1565866743738,open,0.0,119.0,0.001,0.011,0.0,129.88,0.001,0.0,ETH-16AUG19-280-C,182.77,0.0,0.0,0.0,0.001,250.0,387.45,0.0,0.0,0.0,0.0,0.0
183.18,ETH-27SEP19,1565866743744,open,1.44,0.0,1.333,1.484,1.405089,116.81,None,0.0,ETH-27SEP19-440-P,182.77,0.0,0.0,0.0,0.0,0.0,0.0,0.03467,-0.04723,-0.51249,0.00075,-0.97663
182.87,SYN.ETH-23AUG19,1565866743738,open,0.28,0.0,0.222,0.306,0.262772,104.08,None,0.0,ETH-23AUG19-230-P,182.77,0.0,0.0,0.0,0.0,0.0,0.0,0.03891,-0.2571,-0.04678,0.00518,-0.9227
182.93,SYN.ETH-30AUG19,1565866743741,open,0.24,614.0,0.179,0.271,0.225025,101.36,0.22,0.0,ETH-30AUG19-220-P,182.77,92.43,0.22,15.0,0.259,15.0,152.12,0.10704,-0.36465,-0.07552,0.00774,-0.78797
182.93,SYN.ETH-30AUG19,1565866743739,open,0.67,0.0,0.593,0.696,0.64204,117.96,None,0.0,ETH-30AUG19-300-P,182.77,0.0,0.0,0.0,0.0,0.0,0.0,0.02166,-0.08589,-0.12055,0.00135,-0.97489
182.93,SYN.ETH-30AUG19,1565866743739,open,1.22,0.0,1.123,1.255,1.186758,129.88,None,0.0,ETH-30AUG19-400-P,182.77,0.0,0.0,0.0,0.0,0.0,0.0,0.00252,-0.011,-0.16287,0.00014,-0.99783
182.93,SYN.ETH-30AUG19,1565866743740,open,0.0,1181.0,0.001,0.013,0.00349,113.57,0.005,0.0,ETH-30AUG19-280-C,182.77,103.69,0.002,253.0,0.005,550.0,121.23,0.03232,-0.12336,0.00278,0.00209,0.04076
182.87,SYN.ETH-23AUG19,1565866743739,open,0.0,787.0,0.001,0.018,0.005015,104.08,0.007,0.0,ETH-23AUG19-230-C,182.77,99.03,0.004,550.0,0.006,800.0,108.5,0.03891,-0.2571,0.00285,0.00518,0.0773
182.93,SYN.ETH-30AUG19,1565866743739,open,0.08,759.0,0.049,0.119,0.086257,97.77,0.082,0.0,ETH-30AUG19-180-C,182.77,92.39,0.082,150.0,0.09,150.0,102.49,0.14495,-0.47632,0.03619,0.01087,0.57164
182.93,SYN.ETH-30AUG19,1565866743739,open,0.89,0.0,0.805,0.919,0.859634,129.06,None,0.0,ETH-30AUG19-340-P,182.77,0.0,0.0,0.0,0.0,0.0,0.0,0.01176,-0.051,-0.13773,0.00067,-0.98773
182.93,SYN.ETH-30AUG19,1565866743740,open,0.14,0.0,0.116,0.185,0.152626,97.77,None,0.0,ETH-30AUG19-160-C,182.77,0.0,0.0,0.0,0.0,0.0,0.0,0.10892,-0.35791,0.04689,0.00817,0.78151
182.87,SYN.ETH-23AUG19,1565866743739,open,0.01,130.0,0.001,0.026,0.009214,104.08,0.036,0.0,ETH-23AUG19-220-C,182.77,100.03,0.008,250.0,0.011,1.0,109.66,0.05642,-0.3728,0.00471,0.00751,0.12866
182.93,SYN.ETH-30AUG19,1565866743741,open,0.01,326.0,0.001,0.019,0.006239,109.51,0.007,0.0,ETH-30AUG19-260-C,182.77,104.63,0.005,250.0,0.008,550.0,115.62,0.0493,-0.18145,0.00471,0.0033,0.06947
182.87,SYN.ETH-23AUG19,1565866743739,open,0.23,6.0,0.171,0.255,0.212285,104.08,0.094,0.0,ETH-23AUG19-220-P,182.77,0.0,0.0,0.0,0.0,0.0,0.0,0.05642,-0.3728,-0.04276,0.00751,-0.87134
182.8,SYN.ETH-16AUG19,1565866743739,open,0.0,186.0,0.001,0.011,0.0,129.88,0.001,0.0,ETH-16AUG19-270-C,182.77,0.0,0.0,0.0,0.001,200.0,359.56,0.0,0.0,0.0,0.0,0.0
182.93,SYN.ETH-30AUG19,1565866743741,open,0.01,1059.0,0.002,0.029,0.011458,104.98,0.012,0.0,ETH-30AUG19-240-C,182.77,101.26,0.01,250.0,0.014,550.0,111.0,0.07386,-0.26062,0.00809,0.00516,0.11996
182.93,SYN.ETH-30AUG19,1565866743741,open,0.34,382.0,0.278,0.371,0.323419,104.98,0.303,0.0,ETH-30AUG19-240-P,182.77,0.0,0.311,50.0,0.359,15.0,169.18,0.07386,-0.26062,-0.08972,0.00516,-0.88004
182.93,SYN.ETH-30AUG19,1565866743740,open,0.0,3920.0,0.001,0.011,0.000566,129.88,0.001,0.0,ETH-30AUG19-360-C,182.77,0.0,0.0,0.0,0.002,750.0,151.51,0.00731,-0.03191,0.00049,0.00041,0.00713
182.8,SYN.ETH-16AUG19,1565866743738,open,0.0,1369.0,0.001,0.011,0.0,129.88,0.001,0.0,ETH-16AUG19-260-C,182.77,0.0,0.0,0.0,0.001,249.0,330.2,0.0,0.0,0.0,0.0,0.0
182.87,SYN.ETH-23AUG19,1565866743739,open,0.0,105.0,0.001,0.012,0.002817,105.39,0.001,0.0,ETH-23AUG19-240-C,182.77,99.1,0.002,250.0,0.004,800.0,112.84,0.02618,-0.17516,0.00173,0.00344,0.04658
182.87,SYN.ETH-23AUG19,1565866743739,open,0.0,127.0,0.001,0.012,0.002017,111.1,0.001,0.0,ETH-23AUG19-250-C,182.77,99.67,0.001,250.0,0.004,950.0,125.72,0.01991,-0.14046,0.00123,0.00248,0.03328
182.93,SYN.ETH-30AUG19,1565866743744,open,0.23,0.0,0.214,0.268,0.241695,97.93,None,0.0,ETH-30AUG19-140-C,182.77,0.0,0.0,0.0,0.0,0.0,0.0,0.05136,-0.16907,0.05107,0.00385,0.92671
10297.0,BTC-27DEC19,1565866744127,open,0.16,186.1,0.1165,0.2195,0.1697553,94.57,0.17,0.0,BTC-27DEC19-12000-C,10052.89,93.01,0.166,5.0,0.1695,8.1,94.46,24.874,-8.78561,12.76077,7e-05,0.50764
10297.0,BTC-27DEC19,1565866744157,open,0.14,261.2,0.0935,0.195,0.14542467,95.21,0.133,0.0,BTC-27DEC19-13000-C,10052.89,94.2,0.143,1.0,0.145,7.9,95.03,24.71188,-8.7872,11.64832,7e-05,0.45385
10297.0,BTC-27DEC19,1565866744169,open,0.19,589.5,0.145,0.247,0.19826064,93.64,0.186,0.0,BTC-27DEC19-11000-C,10052.89,92.27,0.195,5.0,0.199,8.2,93.95,24.53359,-8.58032,13.90218,7e-05,0.56636
10297.0,BTC-27DEC19,1565866744178,open,0.12,431.7,0.0755,0.1735,0.12497982,95.79,0.126,0.0,BTC-27DEC19-14000-C,10052.89,94.73,0.1225,4.0,0.1255,7.7,96.01,24.17514,-8.64857,10.58916,6e-05,0.40536
10063.49,SYN.BTC-23AUG19,1565866744189,open,0.02,135.9,0.0065,0.0535,0.02785046,104.34,0.0315,0.0,BTC-23AUG19-11000-C,10052.89,97.78,0.0245,34.0,0.0285,0.4,105.6,5.19421,-34.40861,0.60651,0.00023,0.30716
10297.0,BTC-27DEC19,1565866744185,open,0.23,506.2,0.1805,0.28,0.2328903,92.83,0.219,0.0,BTC-27DEC19-10000-C,10052.89,91.57,0.23,5.0,0.2335,8.0,93.1,23.53542,-8.16001,15.01661,7e-05,0.6305
10063.44,SYN.BTC-23AUG19,1565866744670,open,0.2,0.0,0.1895,0.2315,0.20978935,108.43,None,0.0,BTC-23AUG19-8000-C,10052.89,0.0,0.0,0.0,0.0,0.0,0.0,1.85652,-12.77947,1.57646,8e-05,0.93579
10063.49,SYN.BTC-23AUG19,1565866744675,open,0.0,12.1,0.0005,0.0105,0.00050532,119.89,0.0005,0.0,BTC-23AUG19-15500-C,10052.89,0.0,0.0,0.0,0.0015,30.0,138.16,0.36028,-2.74229,0.01851,1e-05,0.00903
10063.44,SYN.BTC-23AUG19,1565866744675,open,0.0,159.0,0.0005,0.012,0.00215769,112.67,0.003,0.0,BTC-23AUG19-7500-P,10052.89,98.95,0.001,38.0,0.003,0.1,120.01,1.04716,-7.49002,-0.07307,4e-05,-0.0315
10054.06,SYN.BTC-16AUG19,1565866744680,open,0.0,208.2,0.0005,0.0275,0.00766786,117.56,0.008,0.0,BTC-16AUG19-10500-C,10052.89,109.63,0.0065,0.5,0.0075,4.3,116.44,1.51071,-77.09311,0.05466,0.00053,0.23426
10063.49,SYN.BTC-23AUG19,1565866744680,open,0.04,192.1,0.011,0.062,0.03473436,102.86,0.0405,0.0,BTC-23AUG19-9500-P,10052.89,96.71,0.0315,10.0,0.0365,0.4,106.2,5.31279,-34.69421,-0.77867,0.00024,-0.32387
182.78,SYN.ETH-16AUG19,1565866744751,open,0.61,0.0,0.541,0.635,0.586447,0.0,None,0.0,ETH-16AUG19-290-P,182.77,0.0,0.0,0.0,0.0,0.0,0.0,0.0,0.0,-0.00696,0.0,-1.0
10054.06,SYN.BTC-16AUG19,1565866744776,open,0.0,168.0,0.0005,0.0105,0.0,119.9,0.0005,0.0,BTC-16AUG19-14000-C,10052.89,0.0,0.0,0.0,0.0005,3.2,285.94,0.0,0.0,0.0,0.0,0.0
182.85,SYN.ETH-23AUG19,1565866744830,open,0.44,0.0,0.381,0.47,0.423299,114.67,None,0.0,ETH-23AUG19-260-P,182.77,0.0,0.0,0.0,0.0,0.0,0.0,0.01433,-0.10434,-0.05527,0.00173,-0.97756
182.78,SYN.ETH-16AUG19,1565866744845,open,0.0,51.0,0.001,0.011,0.0,129.91,0.004,0.0,ETH-16AUG19-300-C,182.77,0.0,0.0,0.0,0.001,250.0,439.51,0.0,0.0,0.0,0.0,0.0
10063.44,SYN.BTC-23AUG19,1565866744877,open,0.52,0.0,0.4615,0.525,0.49140154,119.73,None,0.0,BTC-23AUG19-15000-P,10052.89,0.0,0.0,0.0,0.0,0.0,0.0,0.54611,-4.1512,-3.2068,2e-05,-0.98543
10054.06,SYN.BTC-16AUG19,1565866744895,open,0.0,230.3,0.0005,0.0105,0.0,119.9,0.0005,0.0,BTC-16AUG19-16000-C,10052.89,0.0,0.0,0.0,0.0005,0.9,382.3,0.0,0.0,0.0,0.0,0.0
182.78,SYN.ETH-16AUG19,1565866744994,open,0.11,0.0,0.098,0.152,0.125097,133.6,None,0.0,ETH-16AUG19-160-C,182.77,0.0,0.0,0.0,0.0,0.0,0.0,0.00422,-0.28193,0.00375,0.00394,0.98062
10054.06,SYN.BTC-16AUG19,1565866744996,open,0.0,396.4,0.0005,0.0105,1.64e-06,119.9,0.0005,0.0,BTC-16AUG19-12500-C,10052.89,0.0,0.0,0.0,0.001,8.5,221.27,0.00226,-0.01651,3e-05,0.0,0.00012
10063.44,SYN.BTC-23AUG19,1565866745022,open,0.08,5.7,0.0585,0.1205,0.09072808,102.87,0.0955,0.0,BTC-23AUG19-9500-C,10052.89,97.68,0.088,0.1,0.093,0.4,107.16,5.3129,-34.69694,1.27111,0.00024,0.67611
182.85,SYN.ETH-23AUG19,1565866745039,open,0.5,0.0,0.434,0.526,0.47777,121.59,None,0.0,ETH-23AUG19-270-P,182.77,0.0,0.0,0.0,0.0,0.0,0.0,0.01199,-0.09253,-0.05759,0.00137,-0.98183
182.85,SYN.ETH-23AUG19,1565866745142,open,0.0,23.0,0.001,0.011,0.000973,128.66,0.002,0.0,ETH-23AUG19-280-C,182.77,0.0,0.0,0.0,0.002,450.0,142.63,0.01039,-0.08484,0.00057,0.00112,0.01537
10054.06,SYN.BTC-16AUG19,1565866745179,open,0.42,0.0,0.3655,0.4205,0.39246488,0.0,None,0.0,BTC-16AUG19-14000-P,10052.89,0.0,0.0,0.0,0.0,0.0,0.0,0.0,0.0,-0.33588,0.0,-1.0
10054.06,SYN.BTC-16AUG19,1565866745202,open,0.0,2.0,0.0005,0.0105,0.0,119.89,0.0005,0.0,BTC-16AUG19-7500-P,10052.89,0.0,0.0,0.0,0.0005,1.0,267.72,1e-05,-3e-05,0.0,0.0,0.0
10063.44,SYN.BTC-23AUG19,1565866745276,open,0.01,34.8,0.0005,0.0165,0.00474176,108.4,0.0065,0.0,BTC-23AUG19-8000-P,10052.89,101.16,0.0035,18.0,0.0055,1.0,112.37,1.85566,-12.77073,-0.14963,8e-05,-0.06417
182.85,SYN.ETH-23AUG19,1565866745291,open,0.55,0.0,0.487,0.582,0.532154,125.52,None,0.0,ETH-23AUG19-280-P,182.77,0.0,0.0,0.0,0.0,0.0,0.0,0.00913,-0.07279,-0.05993,0.00101,-0.98676
182.85,SYN.ETH-23AUG19,1565866745317,open,0.01,215.0,0.001,0.02,0.006305,103.85,0.006,0.0,ETH-23AUG19-150-P,182.77,97.82,0.005,250.0,0.009,550.0,114.76,0.04168,-0.27478,-0.00359,0.00556,-0.08468
10063.44,SYN.BTC-23AUG19,1565866745357,open,0.14,136.4,0.0855,0.156,0.12090975,104.33,0.1405,0.0,BTC-23AUG19-11000-P,10052.89,96.66,0.117,18.0,0.126,18.4,114.06,5.1939,-34.40301,-1.76706,0.00023,-0.69287
183.18,ETH-27SEP19,1565866745384,open,0.0,5619.0,0.001,0.011,0.001996,127.18,0.003,0.0,ETH-27SEP19-520-C,182.77,117.43,0.001,640.0,0.003,700.0,133.94,0.02349,-0.03484,0.00275,0.00047,0.01479
182.85,SYN.ETH-23AUG19,1565866745390,open,0.0,3.0,0.001,0.011,0.000618,129.9,0.002,0.0,ETH-23AUG19-290-C,182.77,0.0,0.0,0.0,0.002,750.0,152.14,0.00723,-0.05966,0.00037,0.00077,0.01012
10063.44,SYN.BTC-23AUG19,1565866745438,open,0.0,108.3,0.0005,0.018,0.00484621,112.22,0.0035,0.0,BTC-23AUG19-13000-C,10052.89,101.73,0.003,50.0,0.0055,1.0,115.4,1.99947,-14.24539,0.14294,8e-05,0.07067
10054.06,SYN.BTC-16AUG19,1565866745493,open,0.0,302.4,0.0005,0.014,0.00167564,119.89,0.002,0.0,BTC-16AUG19-11000-C,10052.89,117.04,0.0015,30.5,0.0035,10.5,143.55,0.63611,-16.84703,0.01565,0.00022,0.06658
10054.06,SYN.BTC-16AUG19,1565866745516,open,0.63,0.0,0.5605,0.6235,0.59138844,0.0,None,0.0,BTC-16AUG19-16000-P,10052.89,0.0,0.0,0.0,0.0,0.0,0.0,0.0,0.0,-0.38387,0.0,-1.0
10054.06,SYN.BTC-16AUG19,1565866745618,open,0.27,26.2,0.219,0.2685,0.24327386,0.0,0.2895,0.0,BTC-16AUG19-12500-P,10052.89,0.0,0.2275,3.0,0.2835,3.0,500.0,0.0,0.0,-0.2999,0.0,-1.0
10054.06,SYN.BTC-16AUG19,1565866745622,open,0.19,0.0,0.1885,0.22,0.20430638,136.16,None,0.0,BTC-16AUG19-8000-C,10052.89,0.0,0.0,0.0,0.0,0.0,0.0,0.00494,-0.33613,0.19187,0.0,0.99973
10297.0,BTC-27DEC19,1565866745639,open,0.19,589.5,0.145,0.247,0.19825815,93.64,0.186,0.0,BTC-27DEC19-11000-C,10052.89,92.27,0.195,5.0,0.1985,7.8,93.74,24.53359,-8.58032,13.90218,7e-05,0.56636
10297.0,BTC-27DEC19,1565866745647,open,0.12,431.7,0.0755,0.1735,0.12497819,95.79,0.126,0.0,BTC-27DEC19-14000-C,10052.89,94.73,0.1225,4.0,0.1255,7.8,96.01,24.17514,-8.64857,10.58916,6e-05,0.40536
10063.44,SYN.BTC-23AUG19,1565866745780,open,0.04,98.0,0.0155,0.071,0.0426505,103.57,0.0405,0.0,BTC-23AUG19-10500-C,10052.89,99.82,0.0405,1.3,0.0445,10.0,106.78,5.77698,-37.98563,0.81838,0.00026,0.41954
10063.44,SYN.BTC-23AUG19,1565866745783,open,0.04,98.0,0.0155,0.071,0.0426505,103.57,0.0405,0.0,BTC-23AUG19-10500-C,10052.89,99.82,0.0405,1.3,0.044,10.0,105.92,5.77698,-37.98563,0.81838,0.00026,0.41954
10063.43,SYN.BTC-23AUG19,1565866745824,open,0.02,116.2,0.003,0.04,0.01774408,105.31,0.0165,0.0,BTC-23AUG19-11500-C,10052.89,99.99,0.0155,24.0,0.017,0.1,103.57,4.33259,-28.96617,0.43081,0.00019,0.21614
10054.06,SYN.BTC-16AUG19,1565866745937,open,0.12,417.6,0.073,0.123,0.0957552,119.81,0.094,0.0,BTC-16AUG19-11000-P,10052.89,105.92,0.095,0.1,0.1,0.1,167.34,0.63501,-38.03905,-0.24829,0.00022,-0.93357
182.78,SYN.ETH-16AUG19,1565866746094,open,0.17,432.0,0.116,0.186,0.149155,122.25,0.197,0.0,ETH-16AUG19-210-P,182.77,0.0,0.085,20.0,0.0,0.0,0.0,0.0026,-0.15912,-0.00499,0.00266,-0.98895
182.85,SYN.ETH-23AUG19,1565866746189,open,0.23,0.0,0.212,0.262,0.23696,107.96,None,0.0,ETH-23AUG19-140-C,182.77,0.0,0.0,0.0,0.0,0.0,0.0,0.02265,-0.15528,0.02857,0.00291,0.96104
10063.43,SYN.BTC-23AUG19,1565866746259,open,0.18,27.7,0.1265,0.1955,0.16048827,105.29,0.229,0.0,BTC-23AUG19-11500-P,10052.89,51.39,0.144,4.0,0.167,0.4,119.76,4.33208,-28.95824,-2.05065,0.00019,-0.7839
182.78,SYN.ETH-16AUG19,1565866746305,open,0.72,0.0,0.647,0.748,0.695858,0.0,None,0.0,ETH-16AUG19-310-P,182.77,0.0,0.0,0.0,0.0,0.0,0.0,0.0,0.0,-0.00744,0.0,-1.0
182.78,SYN.ETH-16AUG19,1565866746363,open,0.22,147.0,0.169,0.241,0.203548,0.0,0.252,0.0,ETH-16AUG19-220-P,182.77,0.0,0.172,15.0,0.238,15.0,497.99,0.0,0.0,-0.00528,0.0,-1.0
10054.06,SYN.BTC-16AUG19,1565866746368,open,0.01,223.3,0.0005,0.0225,0.00493904,118.72,0.0035,0.0,BTC-16AUG19-9500-P,10052.89,110.49,0.004,0.4,0.006,0.4,127.42,1.18704,-49.65744,-0.03924,0.00041,-0.15773
182.85,SYN.ETH-23AUG19,1565866746379,open,0.0,4.0,0.001,0.012,0.002551,107.28,0.002,0.0,ETH-23AUG19-140-P,182.77,102.44,0.002,250.0,0.005,550.0,123.82,0.02225,-0.15154,-0.0016,0.00287,-0.03811
182.78,SYN.ETH-16AUG19,1565866746462,open,0.0,1195.0,0.001,0.011,3e-06,129.94,0.001,0.0,ETH-16AUG19-230-C,182.77,0.0,0.0,0.0,0.001,210.0,231.36,6e-05,-0.00049,0.0,6e-05,0.00017
10297.21,BTC-27DEC19,1565866746528,open,0.06,205.9,0.025,0.0795,0.0508129,92.86,0.0515,0.0,BTC-27DEC19-6500-P,10052.89,88.78,0.0455,23.5,0.051,14.0,93.0,13.59666,-4.71542,-7.04898,4e-05,-0.13582
10110.26,BTC-27SEP19,1565866746537,open,0.62,0.0,0.62,0.6395,0.62973578,119.98,None,0.0,BTC-27SEP19-3750-C,10052.89,0.0,0.571,10.0,0.671,10.0,278.8,0.44977,-0.62931,4.34475,0.0,0.99557
10110.26,BTC-27SEP19,1565866746550,open,0.0,1660.1,0.0005,0.0105,5e-08,119.89,0.0005,0.0,BTC-27SEP19-1500-P,10052.89,0.0,0.0,0.0,0.0005,12.0,220.06,0.00011,-0.00015,-1e-05,0.0,0.0
182.78,SYN.ETH-16AUG19,1565866746556,open,0.28,51.0,0.222,0.297,0.25822,0.0,0.194,0.0,ETH-16AUG19-230-P,182.77,0.0,0.0,0.0,0.0,0.0,0.0,0.0,0.0,-0.00552,0.0,-1.0
10072.8,SYN.BTC-30AUG19,1565866746565,open,0.39,0.0,0.3925,0.4195,0.40540284,119.78,None,0.0,BTC-30AUG19-6000-C,10052.89,0.0,0.3555,5.0,0.4365,5.0,255.39,0.62616,-2.5209,2.39248,1e-05,0.9882
10072.8,SYN.BTC-30AUG19,1565866746565,open,0.52,0.0,0.4605,0.5305,0.49324969,110.88,None,0.0,BTC-30AUG19-15000-P,10052.89,0.0,0.0,0.0,0.0,0.0,0.0,2.02151,-7.53386,-5.93407,4e-05,-0.95225
10297.21,BTC-27DEC19,1565866746571,open,0.02,294.6,0.0045,0.042,0.01792737,102.77,0.016,0.0,BTC-27DEC19-30000-C,10052.89,101.15,0.0165,10.0,0.0195,16.0,104.48,9.24886,-3.55008,2.33476,2e-05,0.07975
10297.21,BTC-27DEC19,1565866746585,open,1.6,0.0,1.485,1.6275,1.55202146,101.35,None,0.0,BTC-27DEC19-26000-P,10052.89,0.0,0.0045,10.0,2.325,0.2,500.0,12.07972,-4.57248,-92.05498,3e-05,-0.88533
10110.26,BTC-27SEP19,1565866746587,open,0.6,227.5,0.5955,0.615,0.6051115,114.7,0.7065,0.0,BTC-27SEP19-4000-C,10052.89,0.0,0.5475,10.0,0.6515,10.0,274.23,0.52814,-0.70643,4.62681,0.0,0.9947
10110.26,BTC-27SEP19,1565866746587,open,0.82,1.0,0.7485,0.839,0.79082787,103.99,0.575,0.0,BTC-27SEP19-18000-P,10052.89,0.0,0.0045,0.3,1.2715,0.3,499.77,4.90028,-5.94252,-20.37881,4e-05,-0.9251
10072.8,SYN.BTC-30AUG19,1565866746616,open,0.24,58.2,0.1785,0.2535,0.21554314,101.32,0.23,0.0,BTC-30AUG19-12000-P,10052.89,0.0,0.1785,4.0,0.239,4.0,136.55,6.10695,-20.79746,-4.06417,0.00015,-0.77446
10110.32,BTC-27SEP19,1565866746637,open,0.36,45.9,0.2895,0.383,0.33591061,98.34,0.3355,0.0,BTC-27SEP19-13000-P,10052.89,79.59,0.3155,9.0,0.344,4.0,105.23,11.70204,-13.42046,-12.51807,0.0001,-0.71814
10297.21,BTC-27DEC19,1565866746643,open,0.02,159.2,0.0035,0.0365,0.01497656,103.65,0.016,0.0,BTC-27DEC19-32000-C,10052.89,101.73,0.0135,10.0,0.0165,16.0,105.52,8.16961,-3.16262,1.99503,2e-05,0.0678
10110.26,BTC-27SEP19,1565866746643,open,0.04,566.7,0.0175,0.065,0.03940592,94.61,0.046,0.0,BTC-27SEP19-8000-P,10052.89,91.99,0.037,3.0,0.04,8.0,95.25,9.352,-10.31834,-2.70457,8e-05,-0.18832
10297.21,BTC-27DEC19,1565866746643,open,2.58,1.3,2.43,2.593,2.50678219,105.21,2.2,0.0,BTC-27DEC19-36000-P,10052.89,0.0,0.0005,1.0,0.0,0.0,0.0,6.42164,-2.52326,-130.56083,2e-05,-0.9501
10110.26,BTC-27SEP19,1565866746643,open,0.03,247.2,0.013,0.064,0.0358726,99.27,0.035,0.0,BTC-27SEP19-14000-C,10052.89,97.39,0.034,5.0,0.037,24.2,100.39,10.14554,-11.74499,2.13638,9e-05,0.21576
10110.26,BTC-27SEP19,1565866746655,open,0.09,521.4,0.059,0.1325,0.09659557,95.82,0.0785,0.0,BTC-27SEP19-11000-C,10052.89,93.92,0.094,5.0,0.0965,8.0,95.75,13.76478,-15.38161,4.35281,0.00012,0.46311
10072.8,SYN.BTC-30AUG19,1565866746655,open,0.08,315.3,0.048,0.1115,0.08061198,96.03,0.079,0.0,BTC-30AUG19-10000-C,10052.89,90.88,0.0765,0.7,0.0795,3.0,94.64,8.03957,-25.95095,1.94105,0.0002,0.55344
10110.26,BTC-27SEP19,1565866746657,open,2.02,0.0,1.9095,2.0295,1.9681249,119.4,None,0.0,BTC-27SEP19-30000-P,10052.89,0.0,0.0,0.0,0.0,0.0,0.0,0.68201,-0.94962,-35.16622,0.0,-0.99292
10054.06,SYN.BTC-16AUG19,1565866746667,open,0.0,109.0,0.0005,0.0105,0.0,119.9,0.0005,0.0,BTC-16AUG19-15500-C,10052.89,0.0,0.0,0.0,0.0005,5.0,359.77,0.0,0.0,0.0,0.0,0.0
10072.8,SYN.BTC-30AUG19,1565866746667,open,0.3,0.0,0.2915,0.3275,0.30875511,108.78,None,0.0,BTC-30AUG19-7000-C,10052.89,0.0,0.263,5.0,0.3335,5.0,188.65,1.70257,-6.22483,2.67921,4e-05,0.96139
10297.21,BTC-27DEC19,1565866746683,open,0.09,211.7,0.0485,0.121,0.08407905,92.86,0.0655,0.0,BTC-27DEC19-7500-P,10052.89,88.95,0.0775,13.8,0.0835,8.0,92.52,17.4122,-6.03872,-10.69549,5e-05,-0.19911
10297.21,BTC-27DEC19,1565866746687,open,0.02,256.3,0.0065,0.034,0.01801059,92.96,0.02,0.0,BTC-27DEC19-5000-P,10052.89,89.31,0.0155,13.0,0.0195,24.0,95.02,7.31461,-2.53954,-2.90199,2e-05,-0.05883
10297.21,BTC-27DEC19,1565866746687,open,0.52,65.4,0.5125,0.5535,0.53243227,92.95,0.608,0.0,BTC-27DEC19-5000-C,10052.89,0.0,0.477,10.0,0.5745,10.0,138.81,7.31289,-2.53856,15.43819,2e-05,0.94119
184.98,ETH-27DEC19,1565866746690,open,0.14,1696.0,0.094,0.196,0.148222,99.84,0.147,0.0,ETH-27DEC19-240-C,182.77,98.5,0.145,20.0,0.154,226.0,102.25,0.44327,-0.16529,0.20404,0.00354,0.44895
183.18,ETH-27SEP19,1565866746690,open,0.0,839.0,0.001,0.011,0.000489,129.88,0.001,0.0,ETH-27SEP19-60-P,182.77,0.0,0.0,0.0,0.002,800.0,156.1,0.00603,-0.00914,-0.00079,0.00012,-0.00317
10110.26,BTC-27SEP19,1565866746692,open,0.32,748.2,0.3015,0.349,0.32497774,94.92,0.3625,0.0,BTC-27SEP19-7000-C,10052.89,84.99,0.3195,13.5,0.33,13.5,102.98,5.9942,-6.63497,6.85231,5e-05,0.90195
10297.21,BTC-27DEC19,1565866746692,open,0.45,122.9,0.426,0.4835,0.4549201,92.86,0.469,0.0,BTC-27DEC19-6000-C,10052.89,74.58,0.4365,10.0,0.4915,10.0,122.5,11.51017,-3.99179,16.53838,3e-05,0.89281
183.18,ETH-27SEP19,1565866746694,open,0.0,6013.0,0.001,0.011,0.000936,129.88,0.001,0.0,ETH-27SEP19-600-C,182.77,0.0,0.0,0.0,0.002,400.0,141.3,0.01268,-0.0192,0.00137,0.00025,0.00729
182.85,SYN.ETH-23AUG19,1565866746696,open,0.18,178.0,0.122,0.206,0.163838,101.82,0.15,0.0,ETH-23AUG19-210-P,182.77,0.0,0.0,0.0,0.0,0.0,0.0,0.0746,-0.48226,-0.03813,0.01016,-0.80261
10110.26,BTC-27SEP19,1565866746701,open,1.82,0.0,1.7155,1.829,1.77072156,118.07,None,0.0,BTC-27SEP19-28000-P,10052.89,0.0,0.0,0.0,0.0,0.0,0.0,0.94839,-1.30584,-32.78345,1e-05,-0.98969
183.18,ETH-27SEP19,1565866746703,open,0.68,852.0,0.597,0.717,0.655157,104.44,0.694,0.0,ETH-27SEP19-300-P,182.77,0.0,0.6,26.0,0.715,25.0,167.3,0.12203,-0.14863,-0.33136,0.00296,-0.88477
10063.43,SYN.BTC-23AUG19,1565866746703,open,0.01,178.5,0.001,0.03,0.01112487,106.48,0.01,0.0,BTC-23AUG19-12000-C,10052.89,101.54,0.0095,30.0,0.012,0.8,109.03,3.40883,-23.04396,0.29622,0.00015,0.14754
183.18,ETH-27SEP19,1565866746709,open,0.78,607.0,0.701,0.823,0.759545,105.66,0.761,0.0,ETH-27SEP19-320-P,182.77,0.0,0.718,25.0,0.823,25.0,177.51,0.09941,-0.12249,-0.35989,0.00239,-0.913
183.18,ETH-27SEP19,1565866746712,open,0.37,2594.0,0.302,0.413,0.357604,99.73,0.31,0.0,ETH-27SEP19-240-P,182.77,0.0,0.304,25.0,0.407,25.0,139.97,0.20673,-0.24042,-0.23451,0.00526,-0.73222
183.18,ETH-27SEP19,1565866746714,open,2.1,24.0,1.969,2.154,2.058582,129.88,1.356,0.0,ETH-27SEP19-560-P,182.77,0.0,0.0,0.0,0.0,0.0,0.0,0.01829,-0.0277,-0.65575,0.00036,-0.98893
183.18,ETH-27SEP19,1565866746730,open,0.0,5130.0,0.001,0.012,0.002343,121.57,0.004,0.0,ETH-27SEP19-480-C,182.77,109.83,0.001,340.0,0.004,700.0,130.73,0.02741,-0.03886,0.00331,0.00057,0.01771
183.18,ETH-27SEP19,1565866746730,open,0.01,9094.0,0.003,0.027,0.012824,96.91,0.013,0.0,ETH-27SEP19-120-P,182.77,90.77,0.01,500.0,0.014,200.0,99.29,0.08887,-0.10044,-0.0189,0.00233,-0.075
184.98,ETH-27DEC19,1565866746730,open,2.96,0.0,2.781,3.035,2.902662,111.32,None,0.0,ETH-27DEC19-720-P,182.77,0.0,0.003,5.0,0.0,0.0,0.0,0.10921,-0.0454,-2.61624,0.00078,-0.9534
183.18,ETH-27SEP19,1565866746730,open,0.2,3183.0,0.138,0.237,0.188952,97.16,0.189,0.0,ETH-27SEP19-200-P,182.77,92.78,0.183,120.0,0.194,120.0,100.86,0.24928,-0.28244,-0.15659,0.00651,-0.53876
184.98,ETH-27DEC19,1565866746730,open,0.01,1577.0,0.003,0.034,0.014689,110.34,0.012,0.0,ETH-27DEC19-640-C,182.77,106.57,0.012,50.0,0.018,350.0,114.45,0.14006,-0.05772,0.03334,0.00101,0.06383
10054.06,SYN.BTC-16AUG19,1565866746733,open,0.17,400.0,0.1215,0.1695,0.14405422,119.88,0.14,0.0,BTC-16AUG19-11500-P,10052.89,0.0,0.1235,3.0,0.1745,3.0,400.62,0.15319,-9.18261,-0.27308,5e-05,-0.98806
183.18,ETH-27SEP19,1565866746740,open,0.0,7916.0,0.001,0.011,0.000167,129.88,0.001,0.0,ETH-27SEP19-760-C,182.77,0.0,0.0,0.0,0.001,200.0,152.21,0.00301,-0.00456,0.00028,6e-05,0.00147
184.98,ETH-27DEC19,1565866746746,open,0.03,1101.0,0.009,0.059,0.030489,106.24,0.026,0.0,ETH-27DEC19-480-C,182.77,103.33,0.027,50.0,0.035,350.0,109.78,0.22799,-0.09046,0.06275,0.00171,0.12297
182.91,SYN.ETH-30AUG19,1565866746743,open,0.45,0.0,0.382,0.477,0.427531,108.95,0.218,0.0,ETH-30AUG19-260-P,182.77,0.0,0.391,15.0,0.465,15.0,189.24,0.04863,-0.17807,-0.10133,0.00327,-0.93174
182.91,SYN.ETH-30AUG19,1565866746743,open,1.0,0.0,0.911,1.031,0.968508,123.54,None,0.0,ETH-30AUG19-360-P,182.77,0.0,0.0,0.0,0.0,0.0,0.0,0.00514,-0.02136,-0.14639,0.00031,-0.9952
182.91,SYN.ETH-30AUG19,1565866746746,open,0.78,0.0,0.699,0.808,0.750783,122.24,None,0.0,ETH-30AUG19-320-P,182.77,0.0,0.0,0.0,0.0,0.0,0.0,0.01482,-0.0609,-0.12932,0.00089,-0.98395
10297.21,BTC-27DEC19,1565866746750,open,2.18,0.3,2.051,2.204,2.12267784,103.73,1.875,0.0,BTC-27DEC19-32000-P,10052.89,0.0,0.0,0.0,0.0,0.0,0.0,8.18951,-3.17276,-115.36976,2e-05,-0.93199
184.98,ETH-27DEC19,1565866746753,open,0.02,2060.0,0.004,0.038,0.017135,109.14,0.02,0.0,ETH-27DEC19-600-C,182.77,105.22,0.014,50.0,0.021,350.0,113.46,0.15628,-0.0637,0.03829,0.00114,0.07357
182.78,SYN.ETH-16AUG19,1565866746755,open,0.33,49.0,0.275,0.353,0.312922,0.0,0.084,0.0,ETH-16AUG19-240-P,182.77,0.0,0.0,0.0,0.0,0.0,0.0,0.0,0.0,-0.00576,0.0,-1.0
10110.26,BTC-27SEP19,1565866746757,open,0.85,42.8,0.842,0.8615,0.8516368,136.88,0.815,0.0,BTC-27SEP19-1500-C,10052.89,0.0,0.7825,10.0,0.9165,10.0,500.0,0.00133,-0.00212,1.7619,0.0,0.99999
10063.43,SYN.BTC-23AUG19,1565866746767,open,0.47,0.0,0.413,0.476,0.44231357,119.75,None,0.0,BTC-23AUG19-14500-P,10052.89,0.0,0.0,0.0,0.0,0.0,0.0,0.81662,-6.2081,-3.08109,3e-05,-0.97662
10297.21,BTC-27DEC19,1565866746772,open,1.03,5.7,0.9305,1.068,0.9967696,98.78,0.661,0.0,BTC-27DEC19-20000-P,10052.89,0.0,0.0045,5.0,1.466,1.0,306.84,17.91221,-6.60808,-67.52892,5e-05,-0.79121
10110.26,BTC-27SEP19,1565866746772,open,0.18,365.5,0.1465,0.2185,0.18421914,94.54,0.181,0.0,BTC-27SEP19-9000-C,10052.89,91.42,0.1805,9.1,0.1845,8.0,94.77,12.06936,-13.30615,6.11159,0.00011,0.69882
10297.21,BTC-27DEC19,1565866746772,open,0.01,532.9,0.002,0.0245,0.01183779,93.91,0.0115,0.0,BTC-27DEC19-4500-P,10052.89,90.31,0.01,8.0,0.0135,24.0,96.94,5.47638,-1.92073,-1.99335,1e-05,-0.04094
10297.21,BTC-27DEC19,1565866746772,open,0.0,175.8,0.0005,0.0105,0.00032375,119.9,0.0005,0.0,BTC-27DEC19-1500-P,10052.89,0.0,0.0,0.0,0.001,18.1,136.76,0.26332,-0.11791,-0.06058,0.0,-0.00128
10110.26,BTC-27SEP19,1565866746772,open,0.01,662.5,0.0005,0.018,0.00607639,106.52,0.007,0.0,BTC-27SEP19-20000-C,10052.89,103.06,0.005,0.5,0.007,47.5,109.2,3.33641,-4.14428,0.47279,3e-05,0.04589
10110.26,BTC-27SEP19,1565866746774,open,0.4,713.5,0.3965,0.431,0.41312405,97.82,0.362,0.0,BTC-27SEP19-6000-C,10052.89,0.0,0.39,5.0,0.423,5.0,122.7,3.12783,-3.56806,6.46688,3e-05,0.95764
10072.79,SYN.BTC-30AUG19,1565866746774,open,0.04,262.6,0.0185,0.0745,0.04558838,99.56,0.045,0.0,BTC-30AUG19-11000-C,10052.89,92.83,0.0405,10.0,0.0455,0.4,99.45,7.66309,-25.64482,1.32288,0.00019,0.36783
10110.26,BTC-27SEP19,1565866746784,open,0.63,34.4,0.5585,0.649,0.60145612,101.49,0.396,0.0,BTC-27SEP19-16000-P,10052.89,0.0,0.0045,10.0,1.098,0.2,499.73,7.17114,-8.48749,-17.52347,6e-05,-0.87404
10297.21,BTC-27DEC19,1565866746784,open,1.79,0.1,1.673,1.8185,1.74112191,102.1,1.49,0.0,BTC-27DEC19-28000-P,10052.89,0.0,0.005,1.0,0.0,0.0,0.0,10.56887,-4.0303,-99.9266,3e-05,-0.90465
183.18,ETH-27SEP19,1565866746786,open,0.56,0.0,0.55,0.578,0.564261,107.06,None,0.0,ETH-27SEP19-80-C,182.77,0.0,0.003,10.0,0.0,0.0,0.0,0.01272,-0.01588,0.09219,0.0003,0.99268
183.18,ETH-27SEP19,1565866746792,open,0.0,3439.0,0.001,0.011,0.000387,129.88,0.001,0.0,ETH-27SEP19-680-C,182.77,0.0,0.0,0.0,0.002,500.0,153.36,0.00613,-0.00929,0.00061,0.00012,0.00323
184.98,ETH-27DEC19,1565866746794,open,2.52,0.0,2.364,2.596,2.474522,110.34,None,0.0,ETH-27DEC19-640-P,182.77,0.0,0.0,0.0,0.0,0.0,0.0,0.14006,-0.05772,-2.31407,0.00101,-0.93617
183.18,ETH-27SEP19,1565866746798,open,0.28,1944.0,0.215,0.321,0.269044,98.58,0.26,0.0,ETH-27SEP19-220-P,182.77,81.61,0.248,110.0,0.315,25.0,133.45,0.23362,-0.26858,-0.19678,0.00601,-0.64548
10110.26,BTC-27SEP19,1565866746798,open,0.53,29.7,0.4655,0.557,0.50970771,100.52,0.335,0.0,BTC-27SEP19-15000-P,10052.89,0.0,0.1675,0.1,1.0125,0.3,499.83,8.61295,-10.09674,-15.96615,7e-05,-0.83466
10110.26,BTC-27SEP19,1565866746798,open,0.02,430.6,0.005,0.0405,0.01891472,101.51,0.014,0.0,BTC-27SEP19-16000-C,10052.89,98.74,0.017,5.0,0.0205,49.0,103.7,7.17274,-8.49049,1.27173,6e-05,0.126
10297.21,BTC-27DEC19,1565866746802,open,0.51,275.4,0.4185,0.5495,0.48459695,95.8,0.4125,0.0,BTC-27DEC19-14000-P,10052.89,86.93,0.464,4.0,0.531,4.0,115.27,24.17625,-8.64973,-40.75959,6e-05,-0.5946
183.18,ETH-27SEP19,1565866746804,open,0.0,5419.0,0.001,0.014,0.004513,112.74,0.005,0.0,ETH-27SEP19-400-C,182.77,106.08,0.003,310.0,0.006,200.0,118.02,0.04711,-0.06194,0.0063,0.00106,0.03378
10072.79,SYN.BTC-30AUG19,1565866746804,open,0.0,768.5,0.0005,0.0105,0.00087893,119.89,0.0005,0.0,BTC-30AUG19-18000-C,10052.89,0.0,0.0,0.0,0.002,46.2,133.59,0.60652,-2.44418,0.04311,1e-05,0.01138
183.18,ETH-27SEP19,1565866746814,open,0.19,392.0,0.155,0.233,0.196826,96.91,0.329,0.0,ETH-27SEP19-160-C,182.77,0.0,0.001,1.0,0.0,0.0,0.0,0.2125,-0.24015,0.11189,0.00556,0.71682
10297.21,BTC-27DEC19,1565866746814,open,0.27,167.8,0.227,0.3205,0.27621158,92.85,0.257,0.0,BTC-27DEC19-9000-C,10052.89,90.86,0.272,5.0,0.2765,6.9,92.99,21.72597,-7.53413,15.95601,6e-05,0.69868
10297.21,BTC-27DEC19,1565866746814,open,0.48,73.3,0.468,0.5175,0.49257682,92.9,0.4875,0.0,BTC-27DEC19-5500-C,10052.89,0.0,0.438,10.0,0.532,10.0,129.69,9.38996,-3.25785,16.09173,3e-05,0.91864
10110.26,BTC-27SEP19,1565866746814,open,0.0,330.4,0.0005,0.0115,0.00158036,105.01,0.0015,0.0,BTC-27SEP19-4750-P,10052.89,90.19,0.0005,21.0,0.0025,15.0,112.75,1.0304,-1.26185,-0.15344,1e-05,-0.01134
10063.43,SYN.BTC-23AUG19,1565866746820,open,0.11,0.5,0.096,0.154,0.12578282,105.33,0.119,0.0,BTC-23AUG19-9000-C,10052.89,85.97,0.118,5.1,0.1345,5.0,124.99,4.28513,-28.65543,1.43774,0.00019,0.78791
10063.43,SYN.BTC-23AUG19,1565866746820,open,0.24,0.0,0.24,0.276,0.25688568,112.67,None,0.0,BTC-23AUG19-7500-C,10052.89,0.0,0.0,0.0,0.0,0.0,0.0,1.0474,-7.49231,1.5452,4e-05,0.9685
10297.21,BTC-27DEC19,1565866746824,open,0.71,0.0,0.701,0.7205,0.71093748,99.03,None,0.0,BTC-27DEC19-3000-C,10052.89,0.0,0.648,10.0,0.7655,10.0,215.13,1.55017,-0.57336,10.5687,0.0,0.99077
182.91,SYN.ETH-30AUG19,1565866746834,open,0.01,970.0,0.001,0.019,0.007006,97.9,0.001,0.0,ETH-30AUG19-140-P,182.77,90.19,0.005,550.0,0.009,250.0,104.6,0.05137,-0.16904,-0.00599,0.00385,-0.07331
183.18,ETH-27SEP19,1565866746836,open,2.54,0.0,2.393,2.603,2.49443,129.88,None,0.0,ETH-27SEP19-640-P,182.77,0.0,0.0,0.0,0.0,0.0,0.0,0.0088,-0.01333,-0.75088,0.00017,-0.99517
183.18,ETH-27SEP19,1565866746840,open,0.0,2698.0,0.001,0.011,0.000253,129.88,0.001,0.0,ETH-27SEP19-720-C,182.77,0.0,0.0,0.0,0.001,422.0,147.37,0.00429,-0.00649,0.00041,8e-05,0.00217
184.98,ETH-27DEC19,1565866746840,open,0.08,945.0,0.04,0.125,0.082424,102.63,0.089,0.0,ETH-27DEC19-320-C,182.77,102.42,0.082,35.0,0.088,305.0,105.32,0.3797,-0.14554,0.13676,0.00295,0.284
184.98,ETH-27DEC19,1565866746840,open,0.06,357.0,0.027,0.101,0.062407,103.39,0.061,0.0,ETH-27DEC19-360-C,182.77,102.62,0.061,35.0,0.068,319.0,106.42,0.33729,-0.13025,0.11137,0.0026,0.22655
184.98,ETH-27DEC19,1565866746846,open,0.01,1283.0,0.003,0.03,0.012394,111.0,0.01,0.0,ETH-27DEC19-680-C,182.77,105.45,0.009,50.0,0.016,350.0,115.97,0.12418,-0.05148,0.02874,0.00089,0.05475
184.98,ETH-27DEC19,1565866746849,open,0.02,993.0,0.007,0.051,0.024887,107.28,0.021,0.0,ETH-27DEC19-520-C,182.77,104.53,0.022,50.0,0.029,350.0,110.93,0.20055,-0.08036,0.05284,0.00149,0.10276
182.91,SYN.ETH-30AUG19,1565866746849,open,0.03,3212.0,0.008,0.052,0.027267,97.72,0.029,0.0,ETH-30AUG19-160-P,182.77,93.88,0.025,444.0,0.03,200.0,102.27,0.10893,-0.35779,-0.01833,0.00817,-0.21857
183.18,ETH-27SEP19,1565866746854,open,0.57,1157.0,0.495,0.612,0.552249,102.46,0.359,0.0,ETH-27SEP19-280-P,182.77,0.0,0.491,25.0,0.592,25.0,142.86,0.14695,-0.17558,-0.30155,0.00364,-0.84913
182.91,SYN.ETH-30AUG19,1565866746859,open,0.0,4065.0,0.001,0.011,0.001022,129.08,0.001,0.0,ETH-30AUG19-340-C,182.77,0.0,0.0,0.0,0.002,450.0,140.97,0.01175,-0.051,0.00084,0.00067,0.01227
183.18,ETH-27SEP19,1565866746861,open,2.32,27.0,2.181,2.378,2.276403,129.88,1.044,0.0,ETH-27SEP19-600-P,182.77,0.0,0.0,0.0,0.0,0.0,0.0,0.01268,-0.0192,-0.70344,0.00025,-0.99271
10110.26,BTC-27SEP19,1565866746877,open,1.22,0.2,1.134,1.231,1.17969278,108.92,1.391,0.0,BTC-27SEP19-22000-P,10052.89,0.0,0.0045,10.0,0.0,0.0,0.0,2.2912,-2.91037,-25.54244,2e-05,-0.97102
10054.06,SYN.BTC-16AUG19,1565866746879,open,0.47,0.0,0.414,0.4715,0.44220303,0.0,0.256,0.0,BTC-16AUG19-14500-P,10052.89,0.0,0.0,0.0,0.0,0.0,0.0,0.0,0.0,-0.34788,0.0,-1.0
10297.21,BTC-27DEC19,1565866746885,open,0.0,160.5,0.0005,0.014,0.00412892,96.27,0.004,0.0,BTC-27DEC19-3500-P,10052.89,88.56,0.0025,18.0,0.0055,21.9,101.44,2.50752,-0.90161,-0.76343,1e-05,-0.01608
10110.26,BTC-27SEP19,1565866746885,open,0.67,0.0,0.669,0.6885,0.6787441,120.01,None,0.0,BTC-27SEP19-3250-C,10052.89,0.0,0.6175,10.0,0.7305,10.0,339.85,0.17052,-0.23863,3.79735,0.0,0.99849
10054.06,SYN.BTC-16AUG19,1565866746885,open,0.0,147.1,0.0005,0.0105,3.362e-05,119.89,0.0005,0.0,BTC-16AUG19-8500-P,10052.89,0.0,0.0,0.0,0.0005,10.0,164.47,0.0303,-0.33801,-0.00047,1e-05,-0.00193
10072.79,SYN.BTC-30AUG19,1565866746885,open,0.0,296.6,0.0005,0.015,0.0041016,110.93,0.003,0.0,BTC-30AUG19-15000-C,10052.89,101.78,0.0025,20.0,0.005,40.0,115.15,2.02455,-7.54879,0.17956,4e-05,0.04784
10297.21,BTC-27DEC19,1565866746887,open,0.85,12.4,0.752,0.8885,0.81878535,97.82,0.559,0.0,BTC-27DEC19-18000-P,10052.89,0.0,0.0045,5.0,1.578,0.2,499.92,20.18707,-7.37524,-58.91148,5e-05,-0.74102
10072.79,SYN.BTC-30AUG19,1565866746887,open,0.0,633.8,0.0005,0.011,0.00106201,119.71,0.002,0.0,BTC-30AUG19-6000-P,10052.89,108.29,0.0005,8.0,0.002,30.1,131.88,0.6245,-2.51275,-0.05267,1e-05,-0.01177
10072.79,SYN.BTC-30AUG19,1565866746887,open,0.02,511.3,0.006,0.048,0.02422354,101.33,0.0225,0.0,BTC-30AUG19-12000-C,10052.89,98.46,0.0225,0.1,0.0245,10.5,101.79,6.10747,-20.80178,0.82658,0.00015,0.22557
10297.21,BTC-27DEC19,1565866746902,open,0.59,206.6,0.4975,0.6305,0.5642183,96.2,0.454,0.0,BTC-27DEC19-15000-P,10052.89,0.0,0.0045,10.0,1.3005,0.2,499.9,23.36528,-8.39519,-45.42304,6e-05,-0.63846
10110.26,BTC-27SEP19,1565866746925,open,0.01,451.1,0.0005,0.0265,0.01047721,104.03,0.0125,0.0,BTC-27SEP19-18000-C,10052.89,100.86,0.009,15.0,0.0115,46.6,106.08,4.90506,-5.95055,0.76628,4e-05,0.075
10297.21,BTC-27DEC19,1565866746939,open,0.02,142.8,0.0055,0.048,0.0218833,102.05,0.0195,0.0,BTC-27DEC19-28000-C,10052.89,100.17,0.02,14.0,0.0235,16.0,103.6,10.55475,-4.02279,2.76812,3e-05,0.09518
10110.26,BTC-27SEP19,1565866746939,open,0.0,684.0,0.0005,0.0105,0.00085975,119.66,0.0005,0.0,BTC-27SEP19-30000-C,10052.89,0.0,0.0,0.0,0.0015,6.9,127.21,0.69243,-0.96622,0.07532,0.0,0.0072
10297.21,BTC-27DEC19,1565866746939,open,0.01,282.7,0.0005,0.016,0.00473691,109.58,0.0045,0.0,BTC-27DEC19-48000-C,10052.89,105.5,0.0035,5.0,0.006,32.6,113.05,3.45091,-1.41233,0.70581,1e-05,0.02342
10297.21,BTC-27DEC19,1565866746939,open,2.97,0.0,2.81,2.9845,2.89246791,106.73,2.58,0.0,BTC-27DEC19-40000-P,10052.89,0.0,0.0005,3.0,0.0,0.0,0.0,5.13855,-2.04839,-145.58237,1e-05,-0.96214
10110.26,BTC-27SEP19,1565866746939,open,0.0,396.0,0.0005,0.0135,0.00377812,99.96,0.0055,0.0,BTC-27SEP19-5500-P,10052.89,92.96,0.0025,8.0,0.005,47.0,105.45,2.07159,-2.41475,-0.34991,2e-05,-0.02568
10110.26,BTC-27SEP19,1565866746943,open,0.7,225.7,0.6935,0.713,0.7033713,120.08,0.693,0.0,BTC-27SEP19-3000-C,10052.89,0.0,0.641,10.0,0.757,10.0,366.71,0.09448,-0.13231,3.51341,0.0,0.99921
10072.79,SYN.BTC-30AUG19,1565866746971,open,0.09,698.0,0.0405,0.106,0.07337942,96.03,0.078,0.0,BTC-30AUG19-10000-P,10052.89,91.79,0.07,0.1,0.0755,0.4,98.68,8.03957,-25.94913,-2.13448,0.0002,-0.44657
10054.06,SYN.BTC-16AUG19,1565866746979,open,0.0,312.9,0.0005,0.0105,0.0,119.89,0.0005,0.0,BTC-16AUG19-13500-C,10052.89,0.0,0.0,0.0,0.0005,8.0,258.86,1e-05,-3e-05,0.0,0.0,0.0
10063.43,SYN.BTC-23AUG19,1565866746995,open,0.0,88.2,0.0005,0.0145,0.00337984,115.91,0.003,0.0,BTC-23AUG19-13500-C,10052.89,105.49,0.002,20.0,0.0035,2.1,116.69,1.53609,-11.30403,0.10226,6e-05,0.05047
10110.26,BTC-27SEP19,1565866747010,open,0.24,871.9,0.2165,0.278,0.24813496,94.62,0.22,0.0,BTC-27SEP19-8000-C,10052.89,88.98,0.243,13.8,0.253,13.8,99.81,9.35223,-10.31912,6.6927,8e-05,0.81167
10110.26,BTC-27SEP19,1565866747010,open,0.0,143.4,0.0005,0.0115,0.00179624,115.69,0.0015,0.0,BTC-27SEP19-26000-C,10052.89,108.03,0.001,16.0,0.0025,31.5,120.66,1.27358,-1.71827,0.15072,1e-05,0.01449
10297.21,BTC-27DEC19,1565866747022,open,0.0,1012.8,0.0005,0.0135,0.00370786,110.6,0.0035,0.0,BTC-27DEC19-52000-C,10052.89,107.85,0.003,5.0,0.0045,10.5,113.28,2.84434,-1.17494,0.56404,1e-05,0.01864
10297.21,BTC-27DEC19,1565866747031,open,0.28,221.0,0.207,0.323,0.26652905,93.65,0.265,0.0,BTC-27DEC19-11000-P,10052.89,91.33,0.261,5.0,0.267,7.3,93.84,24.53387,-8.58082,-26.4435,7e-05,-0.43362
10110.26,BTC-27SEP19,1565866747031,open,0.0,125.2,0.0005,0.0105,0.00064211,119.89,0.0005,0.0,BTC-27SEP19-3750-P,10052.89,0.0,0.0,0.0,0.0015,15.0,133.99,0.44781,-0.62611,-0.05998,0.0,-0.00441
10072.79,SYN.BTC-30AUG19,1565866747031,open,0.13,23.1,0.108,0.169,0.13959931,98.04,0.13,0.0,BTC-30AUG19-9000-C,10052.89,0.0,0.0995,5.0,0.147,5.0,109.35,6.49052,-21.38925,2.49722,0.00016,0.74791
10072.79,SYN.BTC-30AUG19,1565866747031,open,0.16,96.3,0.0995,0.175,0.1376366,99.56,0.153,0.0,BTC-30AUG19-11000-P,10052.89,90.76,0.131,18.0,0.1375,0.4,99.38,7.66305,-25.64393,-3.16022,0.00019,-0.63217
