underlying_price,underlying_index,timestamp,state,settlement_price,open_interest,min_price,max_price,mark_price,mark_iv,last_price,interest_rate,instrument_name,index_price,bid_iv,best_bid_price,best_bid_amount,best_ask_price,best_ask_amount,ask_iv,vega,theta,rho,gamma,delta
8097.02,BTC-28JUN19,1558263540098,open,0.01,347.7,0.0005,0.0515,0.01188716,116.3,0.0135,0.0,BTC-28JUN19-15000-C,8092.87,114.44,0.011,25.0,0.0135,6.9,119.51,3.94196,-5.74868,0.59389,5e-05,0.07902
8095.04,BTC-27SEP19,1558263540130,open,0.03,12.1,0.0005,0.068,0.02840189,109.17,0.03,0.0,BTC-27SEP19-22000-C,8091.44,105.21,0.024,4.0,0.0345,4.0,114.18,9.38407,-3.91387,2.50127,4e-05,0.11458
8095.04,BTC-27SEP19,1558263540130,open,0.17,359.5,0.142,0.2215,0.18190316,93.9,0.175,0.0,BTC-27SEP19-9000-C,8091.44,90.58,0.174,2.4,0.194,5.0,98.99,19.25517,-6.90761,10.30458,9e-05,0.53692
8091.44,index_price,1558263540129,open,0.0,41.1,0.0005,0.0445,0.00495922,135.02,0.005,0,BTC-24MAY19-10250-C,8091.44,132.15,0.0045,120.0,0.0075,2.0,148.91,1.32806,-18.38861,0.07605,0.00011,0.07532
8096.66,BTC-28JUN19,1558263540130,open,0.28,1886.3,0.2515,0.331,0.29136098,105.82,0.29,0.0,BTC-28JUN19-6000-C,8091.44,104.71,0.2905,0.7,0.3,2.1,116.62,6.27025,-8.31994,4.93167,8e-05,0.8489
8095.04,BTC-27SEP19,1558263540131,open,0.81,42.8,0.776,0.8555,0.81591927,124.16,0.815,0.0,BTC-27SEP19-1500-C,8091.44,0.0,0.0,0.0,0.0,0.0,0.0,0.59409,-0.28179,5.22251,0.0,0.99585
8095.04,BTC-27SEP19,1558263540132,open,0.34,731.8,0.3095,0.389,0.34908559,94.58,0.2905,0.0,BTC-27SEP19-6000-C,8091.44,0.0,0.2585,10.0,0.455,0.3,154.8,13.90715,-5.02492,12.84447,6e-05,0.7916
8096.66,BTC-28JUN19,1558263540132,open,0.04,356.7,0.0005,0.0735,0.03237434,105.78,0.03,0.0,BTC-28JUN19-6000-P,8091.44,103.34,0.0305,1.0,0.0325,16.0,105.94,6.26848,-8.31424,-1.62238,8e-05,-0.15104
8095.04,BTC-27SEP19,1558263540133,open,0.75,28.2,0.7155,0.795,0.75522962,113.1,0.755,0.0,BTC-27SEP19-2000-C,8091.44,0.0,0.0065,5.1,0.757,1.0,124.11,1.07769,-0.46566,6.86869,0.0,0.99187
8096.66,BTC-28JUN19,1558263540134,open,0.42,5.7,0.344,0.4555,0.39991193,104.81,1.142,0.0,BTC-28JUN19-11000-P,8091.44,0.0,0.0,0.0,0.8865,1.0,500.0,8.28937,-10.89348,-10.27402,0.00011,-0.76159
8095.04,BTC-27SEP19,1558263540134,open,0.45,13.5,0.4155,0.495,0.45502935,96.72,0.382,0.0,BTC-27SEP19-4750-C,8091.44,0.0,0.01,3.0,0.501,3.0,132.97,9.29909,-3.43597,12.53476,4e-05,0.88688
8091.44,index_price,1558263540130,open,0.01,35.6,0.0005,0.0505,0.01093823,126.53,0.006,0,BTC-31MAY19-11000-C,8091.44,122.12,0.0095,20.0,0.0135,20.0,133.76,2.7279,-14.53181,0.25837,0.0001,0.10908
8095.04,BTC-27SEP19,1558263540135,open,0.52,238.5,0.4895,0.569,0.52905355,98.97,0.544,0.0,BTC-27SEP19-4000-C,8091.44,0.0,0.165,2.0,0.55,2.0,122.29,6.41201,-2.42438,11.67679,3e-05,0.93134
8091.44,index_price,1558263540131,open,0.03,149.0,0.0005,0.0645,0.02384698,107.78,0.0255,0,BTC-31MAY19-7000-P,8091.44,103.07,0.0215,16.0,0.0265,16.0,112.97,4.08306,-18.52859,-0.58866,0.00018,-0.19975
8093.61,BTC-27SEP19,1558263540136,open,0.1,691.0,0.0615,0.141,0.10126138,96.47,0.076,0.0,BTC-27SEP19-12000-C,8091.44,93.4,0.0945,3.2,0.11,15.0,100.4,17.89851,-6.59694,7.13739,8e-05,0.3472
8093.61,BTC-27SEP19,1558263540136,open,0.38,245.5,0.3485,0.428,0.38826944,94.98,0.337,0.0,BTC-27SEP19-5500-C,8091.44,91.78,0.3835,31.5,0.4305,3.0,122.03,12.15313,-4.40979,12.88868,5e-05,0.83239
8091.44,index_price,1558263540132,open,0.03,206.6,0.002,0.0815,0.04185678,109.74,0.033,0,BTC-24MAY19-8250-C,8091.44,103.51,0.039,12.0,0.0465,12.0,119.84,3.7159,-41.81627,0.45661,0.00039,0.4643
8091.44,index_price,1558263540131,open,0.02,122.6,0.0005,0.058,0.01744669,109.41,0.015,0,BTC-31MAY19-6750-P,8091.44,103.57,0.015,16.0,0.0195,16.0,114.12,3.47109,-15.98995,-0.45279,0.00015,-0.15454
8091.44,index_price,1558263540133,open,0.2,0.0,0.1375,0.232,0.18479024,125.79,None,0,BTC-24MAY19-9500-P,8091.44,0.0,0.0685,0.1,0.401,0.1,500.0,2.19245,-28.28291,-1.11712,0.0002,-0.84876
8091.44,index_price,1558263540134,open,0.23,307.6,0.1965,0.276,0.23630666,113.04,0.1635,0,BTC-31MAY19-6250-C,8091.44,0.0,0.0125,6.0,0.48,1.0,500.0,2.28311,-10.8662,1.78518,9e-05,0.9144
8093.61,BTC-27SEP19,1558263540138,open,0.32,57.4,0.284,0.3635,0.32353891,88.12,0.322,0.0,BTC-27DEC19-7000-C,8091.44,82.31,0.308,0.8,0.331,5.0,90.92,21.5834,-4.28601,19.03761,6e-05,0.71049
8091.44,index_price,1558263540131,open,0.02,173.1,0.0005,0.0595,0.01970594,117.74,0.0185,0,BTC-31MAY19-10000-C,8091.44,115.22,0.0185,16.0,0.023,16.0,124.37,3.91501,-19.40742,0.43902,0.00016,0.18647
8093.5,BTC-27SEP19,1558263540135,open,0.03,81.7,0.0005,0.069,0.02831875,93.32,0.034,0.0,BTC-27DEC19-3500-P,8091.44,86.61,0.022,4.0,0.0335,9.0,98.42,7.97898,-1.67805,-4.57983,2e-05,-0.06477
8091.44,index_price,1558263540131,open,0.28,301.7,0.254,0.3335,0.29366707,119.13,0.198,0,BTC-31MAY19-5750-C,8091.44,0.0,0.113,2.0,0.317,3.0,199.75,1.37922,-6.91767,1.7415,5e-05,0.95517
8091.44,index_price,1558263540137,open,0.05,157.6,0.002,0.085,0.04363216,107.75,0.05,0,BTC-31MAY19-7500-P,8091.44,102.04,0.04,16.0,0.043,1.0,106.76,5.16969,-23.45191,-0.93855,0.00023,-0.31287
8093.5,BTC-27SEP19,1558263540135,open,0.06,115.4,0.0145,0.0985,0.05647735,89.78,0.07,0.0,BTC-27DEC19-4500-P,8091.44,85.16,0.0495,4.0,0.062,4.0,93.34,12.42182,-2.51308,-8.54972,3e-05,-0.1173
8093.5,BTC-27SEP19,1558263540132,open,0.45,58.4,0.418,0.4975,0.45768319,88.65,0.393,0.0,BTC-27DEC19-5000-C,8091.44,89.93,0.46,28.0,0.511,0.5,117.07,14.62183,-2.92109,19.36973,4e-05,0.85139
260.88,ETH-28JUN19,1558263540142,open,0.47,335.0,0.428,0.507,0.467348,106.77,0.3,0.0,ETH-28JUN19-140-C,258.66,0.0,0.02,2.0,0.6,1.0,338.4,0.05238,-0.07012,0.14435,0.00066,0.97382
260.83,ETH-28JUN19,1558263540142,open,0.5,386.0,0.465,0.544,0.504734,112.94,0.321,0.0,ETH-28JUN19-130-C,258.66,0.0,0.14,49.0,0.84,5.0,500.0,0.04189,-0.05932,0.13541,0.0005,0.97992
264.91,ETH-27SEP19,1558263540142,open,0.7,0.0,0.662,0.741,0.701513,104.34,None,0.0,ETH-27SEP19-80-C,258.66,0.0,0.003,10.0,0.0,0.0,0.0,0.0528,-0.02105,0.27126,0.0002,0.98709
264.91,ETH-27SEP19,1558263540142,open,0.77,0.0,0.735,0.814,0.774362,104.67,0.01,0.0,ETH-27SEP19-60-C,258.66,0.0,0.003,10.0,0.0,0.0,0.0,0.01731,-0.00692,0.21086,7e-05,0.99635
260.83,ETH-28JUN19,1558263540143,open,0.43,0.0,0.371,0.484,0.427515,113.61,None,0.0,ETH-28JUN19-360-P,258.66,0.0,0.0,0.0,0.0,0.0,0.0,0.27472,-0.39136,-0.33516,0.00325,-0.74869
260.83,ETH-28JUN19,1558263540143,open,0.02,5200.0,0.001,0.062,0.021834,106.63,0.024,0.0,ETH-28JUN19-180-P,258.66,98.48,0.017,400.0,0.023,400.0,108.49,0.16169,-0.21618,-0.03745,0.00204,-0.1096
260.83,ETH-28JUN19,1558263540143,open,0.01,4448.0,0.001,0.05,0.010308,106.62,0.012,0.0,ETH-28JUN19-160-P,258.66,97.32,0.007,400.0,0.012,460.0,110.82,0.1014,-0.13557,-0.01976,0.00128,-0.05904
260.83,ETH-28JUN19,1558263540143,open,0.62,0.0,0.578,0.657,0.617251,120.43,None,0.0,ETH-28JUN19-100-C,258.66,0.0,0.003,7.0,0.0,0.0,0.0,0.01148,-0.01734,0.10777,0.00013,0.99544
258.66,index_price,1558263540142,open,0.02,1673.0,0.001,0.055,0.01507,122.05,0.011,0,ETH-24MAY19-230-P,258.66,104.54,0.01,400.0,0.016,400.0,125.05,0.07933,-0.99283,-0.00685,0.00727,-0.18325
258.66,index_price,1558263540142,open,0.02,62.0,0.001,0.064,0.023224,113.97,0.028,0,ETH-31MAY19-220-P,258.66,102.82,0.018,400.0,0.024,400.0,115.56,0.12523,-0.60089,-0.01766,0.00505,-0.18666
260.83,ETH-28JUN19,1558263540144,open,0.36,1131.0,0.324,0.403,0.363712,106.92,0.303,0.0,ETH-28JUN19-170-C,258.66,0.0,0.05,100.0,0.64,5.0,453.21,0.13127,-0.17599,0.15778,0.00165,0.91742
260.83,ETH-28JUN19,1558263540144,open,0.58,10.0,0.54,0.619,0.57947,118.38,0.265,0.0,ETH-28JUN19-110-C,258.66,0.0,0.028,1.0,0.0,0.0,0.0,0.01921,-0.02851,0.11751,0.00022,0.99185
258.66,index_price,1558263540142,open,0.29,0.0,0.228,0.33,0.278869,124.85,None,0,ETH-24MAY19-330-P,258.66,0.0,0.0,0.0,0.52,1.0,500.0,0.03233,-0.41388,-0.04235,0.0029,-0.94694
258.66,index_price,1558263540142,open,0.26,0.0,0.206,0.306,0.256202,116.74,None,0,ETH-31MAY19-320-P,258.66,0.0,0.0,0.0,0.0,0.0,0.0,0.12355,-0.60729,-0.09035,0.00486,-0.81735
260.83,ETH-28JUN19,1558263540144,open,0.01,5968.0,0.001,0.052,0.012491,122.24,0.01,0.0,ETH-28JUN19-500-C,258.66,119.09,0.011,400.0,0.014,77.0,125.23,0.12754,-0.19549,0.01909,0.0014,0.07948
260.83,ETH-28JUN19,1558263540144,open,0.33,3366.0,0.292,0.371,0.331883,106.88,0.259,0.0,ETH-28JUN19-180-C,258.66,0.0,0.079,100.0,0.635,4.0,462.06,0.16209,-0.21723,0.15904,0.00204,0.89001
258.66,index_price,1558263540142,open,0.26,213.0,0.227,0.306,0.266506,132.34,0.211,0,ETH-24MAY19-190-C,258.66,0.0,0.001,30.0,0.357,1.0,500.0,0.01333,-0.18097,0.02472,0.00113,0.98184
258.66,index_price,1558263540143,open,0.04,506.0,0.001,0.078,0.038347,122.44,0.03,0,ETH-24MAY19-270-C,258.66,117.2,0.036,300.0,0.041,12.0,128.34,0.11609,-1.45753,0.01278,0.01061,0.40809
258.66,index_price,1558263540143,open,0.09,79.0,0.039,0.125,0.081987,121.99,0.085,0,ETH-24MAY19-270-P,258.66,110.82,0.077,300.0,0.087,300.0,133.12,0.11605,-1.45171,-0.0233,0.01064,-0.59245
260.83,ETH-28JUN19,1558263540145,open,0.39,923.0,0.358,0.437,0.397025,106.99,0.357,0.0,ETH-28JUN19-160-C,258.66,0.0,0.05,1.0,0.69,5.0,500.0,0.10207,-0.13693,0.15486,0.00128,0.94047
258.66,index_price,1558263540142,open,0.0,991.0,0.001,0.04,0.000647,161.71,0.001,0,ETH-24MAY19-170-P,258.66,0.0,0.0,0.0,0.001,100.0,171.84,0.00773,-0.12823,-0.00036,0.00054,-0.00966
264.91,ETH-27SEP19,1558263540145,open,0.34,1736.0,0.308,0.387,0.347033,98.02,0.326,0.0,ETH-27SEP19-200-C,258.66,92.9,0.338,20.0,0.35,25.0,99.69,0.46963,-0.17586,0.41131,0.0019,0.78005
264.91,ETH-27SEP19,1558263540145,open,0.0,1723.0,0.001,0.043,0.003434,104.0,0.003,0.0,ETH-27SEP19-80-P,258.66,0.0,0.0,0.0,0.006,100.0,114.94,0.05218,-0.02073,-0.01536,0.0002,-0.01274
260.83,ETH-28JUN19,1558263540145,open,0.65,0.0,0.616,0.695,0.655273,123.01,None,0.0,ETH-28JUN19-90-C,258.66,0.0,0.003,3.0,0.0,0.0,0.0,0.00644,-0.00994,0.09755,7e-05,0.9976
258.66,index_price,1558263540144,open,0.15,483.0,0.118,0.197,0.157735,122.81,0.103,0,ETH-24MAY19-220-C,258.66,103.87,0.154,100.0,0.161,100.0,136.62,0.05725,-0.72106,0.0252,0.00522,0.88715
258.66,index_price,1558263540143,open,0.0,1373.0,0.001,0.044,0.003918,122.08,0.001,0,ETH-24MAY19-210-P,258.66,0.0,0.0,0.0,0.005,500.0,129.38,0.03601,-0.45083,-0.00224,0.0033,-0.06086
258.66,index_price,1558263540142,open,0.08,13.0,0.04,0.119,0.079662,114.17,0.07,0,ETH-31MAY19-260-C,258.66,110.46,0.077,300.0,0.087,300.0,124.41,0.18557,-0.89202,0.03799,0.00747,0.53104
258.66,index_price,1558263540144,open,0.3,171.0,0.266,0.345,0.305787,163.95,0.249,0,ETH-24MAY19-180-C,258.66,0.0,0.001,21.0,0.404,1.0,500.0,0.01588,-0.26697,0.02322,0.00108,0.97769
258.66,index_price,1558263540143,open,0.0,4.0,0.001,0.041,0.001408,115.95,0.007,0,ETH-31MAY19-170-P,258.66,0.0,0.0,0.0,0.003,600.0,131.93,0.02004,-0.09782,-0.00158,0.00079,-0.01737
258.66,index_price,1558263540145,open,0.19,598.0,0.153,0.232,0.192199,123.2,0.178,0,ETH-24MAY19-210-C,258.66,91.55,0.189,100.0,0.196,100.0,145.8,0.03672,-0.46397,0.02575,0.00334,0.93759
8093.5,BTC-27SEP19,1558263540149,open,0.1,64.6,0.0635,0.143,0.10301275,92.57,0.0985,0.0,BTC-27DEC19-15000-C,8091.44,89.82,0.0955,1.0,0.1105,1.0,95.27,22.28313,-4.64867,10.21669,6e-05,0.31067
8095.04,BTC-27SEP19,1558263540158,open,1.29,1.0,1.176,1.357,1.26646821,104.34,1.5815,0.0,BTC-27SEP19-18000-P,8091.44,0.0,0.0065,0.4,2.028,0.3,500.0,12.12057,-4.83158,-60.94268,5e-05,-0.83313
8093.61,BTC-27SEP19,1558263540173,open,1.56,0.0,1.43,1.632,1.53087995,95.05,None,0.0,BTC-27DEC19-20000-P,8091.44,0.0,0.0065,5.0,2.3925,0.2,500.0,17.53986,-3.75717,-114.79441,5e-05,-0.80237
8091.44,index_price,1558263540178,open,0.01,93.0,0.0005,0.0465,0.00665827,133.46,0.004,0,BTC-24MAY19-10000-C,8091.44,130.08,0.006,50.0,0.008,1.0,139.91,1.61135,-22.05376,0.09821,0.00014,0.09752
8091.44,index_price,1558263540180,open,0.05,637.9,0.018,0.0975,0.05798842,109.63,0.0585,0,BTC-31MAY19-8500-C,8091.44,105.43,0.055,12.0,0.0615,1.0,114.56,5.7573,-26.57444,1.00647,0.00025,0.44029
8091.44,index_price,1558263540182,open,0.01,94.0,0.0005,0.0465,0.00665827,133.46,0.008,0,BTC-24MAY19-10000-C,8091.44,130.08,0.006,50.0,0.0095,20.0,146.57,1.61135,-22.05376,0.09821,0.00014,0.09752
8095.04,BTC-27SEP19,1558263540185,open,0.61,0.0,0.5705,0.65,0.61005039,102.87,None,0.0,BTC-27SEP19-3250-C,8091.44,0.0,0.0075,0.1,0.629,1.0,133.68,3.89999,-1.53278,10.25135,2e-05,0.96323
8091.44,index_price,1558263540198,open,0.02,85.1,0.0005,0.0615,0.02079189,110.19,0.024,0,BTC-24MAY19-7500-P,8091.44,103.94,0.0185,5.0,0.0235,16.0,117.41,3.00127,-33.91296,-0.29779,0.00031,-0.25472
8091.44,index_price,1558263540795,open,0.08,134.6,0.054,0.1335,0.09393516,110.63,0.085,0,BTC-24MAY19-7500-C,8091.44,105.06,0.092,2.0,0.0985,4.0,122.41,3.00547,-34.09639,0.70315,0.00031,0.74459
8091.44,index_price,1558263540809,open,0.09,9.0,0.059,0.1385,0.09879661,107.98,0.089,0,BTC-31MAY19-7750-C,8091.44,103.75,0.096,15.0,0.104,12.3,115.44,5.53424,-25.16031,1.38516,0.00024,0.62504
8093.61,BTC-27SEP19,1558263540820,open,0.45,1.0,0.3765,0.4905,0.43335305,88.58,0.438,0.0,BTC-27DEC19-10000-P,8091.44,83.54,0.4175,2.4,0.4445,2.4,92.23,25.1553,-5.02143,-45.1448,7e-05,-0.48442
8091.44,index_price,1558263540821,open,0.13,160.5,0.097,0.1765,0.13680139,108.03,0.125,0,BTC-31MAY19-7250-C,8091.44,103.84,0.1345,4.0,0.142,4.0,116.73,4.68019,-21.28742,1.60265,0.0002,0.74567
8095.04,BTC-27SEP19,1558263540823,open,0.3,15.2,0.242,0.345,0.29372802,93.91,0.265,0.0,BTC-27SEP19-9000-P,8091.44,89.83,0.284,2.4,0.306,2.4,99.08,19.25505,-6.90857,-21.96629,9e-05,-0.46306
8091.44,index_price,1558263540828,open,0.12,37.7,0.0645,0.1525,0.10841381,109.37,0.128,0,BTC-31MAY19-8500-P,8091.44,101.91,0.103,12.0,0.1115,12.0,113.87,5.75658,-26.50789,-1.75947,0.00025,-0.56003
8095.04,BTC-27SEP19,1558263540834,open,0.54,12.9,0.467,0.5885,0.52763037,88.67,0.605,0.0,BTC-27DEC19-11000-P,8091.44,84.06,0.5135,2.4,0.542,2.4,93.27,25.05862,-5.00727,-52.49087,7e-05,-0.53899
8091.44,index_price,1558263540835,open,0.12,17.9,0.061,0.149,0.10506334,114.54,0.1365,0,BTC-24MAY19-8750-P,8091.44,102.03,0.1,12.0,0.108,12.0,122.12,3.25075,-38.18325,-0.87019,0.00032,-0.70017
8091.44,index_price,1558263540843,open,0.14,27.1,0.0845,0.1745,0.12959903,115.98,0.159,0,BTC-24MAY19-9000-P,8091.44,102.93,0.125,4.0,0.133,4.0,125.79,2.86469,-34.07117,-0.96822,0.00028,-0.76635
8091.44,index_price,1558263540844,open,0.17,22.0,0.1065,0.198,0.1522274,111.23,0.199,0,BTC-31MAY19-9000-P,8091.44,103.4,0.147,12.0,0.1555,12.0,116.4,5.3082,-24.858,-2.15489,0.00022,-0.66644
8091.44,index_price,1558263540857,open,0.06,153.7,0.0335,0.113,0.07333855,109.78,0.0715,0,BTC-24MAY19-7750-C,8091.44,102.83,0.0705,12.0,0.072,0.6,106.38,3.43952,-38.72078,0.63033,0.00036,0.65662
8093.5,BTC-27SEP19,1558263540879,open,0.65,1.2,0.5655,0.6955,0.63034142,89.68,0.6345,0.0,BTC-27DEC19-12000-P,8091.44,84.64,0.615,2.4,0.644,2.4,94.19,24.60596,-4.97273,-59.76762,7e-05,-0.5846
8093.61,BTC-27SEP19,1558263540880,open,0.27,14.5,0.2065,0.3065,0.25668326,86.45,0.34,0.0,BTC-27DEC19-8000-P,8091.44,82.82,0.246,3.2,0.2695,8.2,90.87,23.64314,-4.60626,-30.4147,7e-05,-0.36156
8091.44,index_price,1558263540882,open,0.05,451.0,0.0165,0.096,0.0560383,109.73,0.056,0,BTC-24MAY19-8000-C,8091.44,102.87,0.053,12.0,0.061,12.0,120.42,3.68742,-41.49383,0.54549,0.00038,0.56081
8091.44,index_price,1558263540892,open,0.05,157.6,0.002,0.085,0.04369525,107.75,0.05,0,BTC-31MAY19-7500-P,8091.44,101.25,0.0395,16.0,0.043,1.0,106.76,5.16969,-23.45191,-0.93855,0.00023,-0.31287
8091.44,index_price,1558263540914,open,0.15,200.0,0.119,0.1985,0.15877475,108.08,0.128,0,BTC-31MAY19-7000-C,8091.44,104.31,0.157,4.0,0.164,4.0,117.97,4.08929,-18.60903,1.68713,0.00018,0.79974
8091.44,index_price,1558263540923,open,0.13,58.9,0.104,0.1835,0.14389772,117.1,0.1415,0,BTC-24MAY19-7000-C,8091.44,105.99,0.1415,4.0,0.148,4.0,132.5,1.9519,-23.43953,0.78737,0.00019,0.8725
8091.44,index_price,1558263540952,open,0.14,0.0,0.0845,0.1745,0.12957105,110.31,None,0,BTC-31MAY19-8750-P,8091.44,102.37,0.124,12.0,0.133,12.0,115.46,5.57673,-25.90008,-1.96124,0.00024,-0.61553
8093.5,BTC-27SEP19,1558263540959,open,0.07,38.6,0.034,0.1135,0.07388535,94.32,0.0675,0.0,BTC-27DEC19-18000-C,8091.44,91.18,0.0665,3.2,0.082,1.0,97.64,19.43724,-4.13153,7.97542,5e-05,0.23601
8096.66,BTC-28JUN19,1558263540960,open,0.07,71.0,0.0245,0.109,0.06671744,100.46,0.0685,0.0,BTC-28JUN19-7000-P,8091.44,95.25,0.061,12.8,0.0695,12.8,103.0,8.89442,-11.20421,-3.00316,0.00012,-0.27281
8095.04,BTC-27SEP19,1558263540968,open,0.22,64.8,0.164,0.2605,0.2123192,93.07,0.231,0.0,BTC-27SEP19-8000-P,8091.44,89.63,0.2045,3.2,0.225,8.2,98.61,18.488,-6.57357,-17.25655,8e-05,-0.38215
8095.04,BTC-27SEP19,1558263540977,open,0.39,2.1,0.33,0.4405,0.3853468,95.36,0.3915,0.0,BTC-27SEP19-10000-P,8091.44,90.17,0.373,2.4,0.3965,2.4,100.05,19.26894,-7.01986,-26.67578,9e-05,-0.53371
8091.44,index_price,1558263540980,open,0.17,13.0,0.1105,0.2025,0.15648786,119.83,0.174,0,BTC-24MAY19-9250-P,8091.44,104.89,0.152,4.0,0.1595,4.0,129.79,2.49524,-30.66365,-1.04999,0.00024,-0.81512
8091.44,index_price,1558263540981,open,0.04,36.2,0.0005,0.072,0.03114087,109.38,0.032,0,BTC-24MAY19-7750-P,8091.44,99.74,0.027,17.0,0.0315,0.6,110.38,3.43812,-38.56464,-0.40434,0.00036,-0.34301
8096.66,BTC-28JUN19,1558263540989,open,0.22,13.6,0.1545,0.25,0.20238787,100.78,0.2915,0.0,BTC-28JUN19-9000-P,8091.44,94.74,0.1945,9.6,0.2065,9.6,103.96,10.55539,-13.33885,-6.7434,0.00015,-0.56
8093.5,BTC-27SEP19,1558263540993,open,0.65,1.2,0.5655,0.6955,0.63034142,89.68,0.6345,0.0,BTC-27DEC19-12000-P,8091.44,84.48,0.6145,2.4,0.644,2.4,94.19,24.60596,-4.97273,-59.76762,7e-05,-0.5846
8091.44,index_price,1558263540999,open,0.06,22.5,0.0145,0.0985,0.05659893,107.73,0.051,0,BTC-31MAY19-7750-P,8091.44,101.11,0.052,16.0,0.055,2.8,105.51,5.53373,-25.10036,-1.13566,0.00024,-0.37485
8093.5,BTC-27SEP19,1558263541129,open,0.6,6.1,0.5205,0.647,0.58367335,96.36,1.781,0.0,BTC-27SEP19-12000-P,8092.24,0.0,0.0105,0.1,1.3205,0.3,500.0,17.88989,-6.58585,-35.89555,8e-05,-0.65324
8096.88,BTC-28JUN19,1558263541130,open,0.02,731.2,0.0005,0.053,0.0126965,111.23,0.0135,0.0,BTC-28JUN19-5000-P,8092.24,103.34,0.0095,16.0,0.0145,16.0,115.29,3.49257,-4.87128,-0.70909,4e-05,-0.06746
8096.88,BTC-28JUN19,1558263541130,open,0.69,24.4,0.652,0.7315,0.69160398,136.95,0.5115,0.0,BTC-28JUN19-2500-C,8092.24,0.0,0.0025,0.5,0.837,1.0,500.0,0.19889,-0.34154,2.70691,0.0,0.99762
8096.88,BTC-28JUN19,1558263541130,open,0.45,219.6,0.412,0.4915,0.4517635,115.5,0.42,0.0,BTC-28JUN19-4500-C,8092.24,0.0,0.2,1.0,0.55,0.1,282.84,2.39282,-3.46552,4.47927,3e-05,0.95814
8096.88,BTC-28JUN19,1558263541130,open,0.0,94.5,0.0005,0.042,0.00206746,134.87,0.002,0.0,BTC-28JUN19-3250-P,8092.24,0.0,0.0,0.0,0.004,16.0,150.36,0.81084,-1.37125,-0.12078,1e-05,-0.01159
8093.5,BTC-27SEP19,1558263541130,open,0.49,3.2,0.4215,0.5395,0.4804993,95.28,0.481,0.0,BTC-27SEP19-11000-P,8092.24,90.72,0.47,2.4,0.494,2.4,101.08,18.72769,-6.81724,-31.34704,8e-05,-0.59968
8093.5,BTC-27SEP19,1558263541130,open,0.09,31.6,0.0505,0.13,0.09024044,92.59,0.0915,0.0,BTC-27DEC19-16000-C,8092.24,89.21,0.0815,3.2,0.0995,1.0,96.07,21.23841,-4.43157,9.33154,6e-05,0.27991
8096.88,BTC-28JUN19,1558263541130,open,0.6,0.1,0.561,0.6405,0.60066737,134.76,0.395,0.0,BTC-28JUN19-3250-C,8092.24,0.0,0.002,0.1,0.8075,2.0,500.0,0.80813,-1.36555,3.43029,1e-05,0.98846
8093.5,BTC-27SEP19,1558263541131,open,0.01,615.6,0.0005,0.049,0.00911038,105.21,0.0135,0.0,BTC-27SEP19-3000-P,8092.24,93.3,0.005,0.4,0.0135,4.0,115.1,3.23913,-1.30199,-1.11643,1e-05,-0.02936
8096.88,BTC-28JUN19,1558263541131,open,0.05,209.6,0.0045,0.0875,0.04615349,101.69,0.01,0.0,BTC-28JUN19-6500-P,8092.24,97.24,0.042,12.8,0.048,12.8,103.65,7.61809,-9.71391,-2.22734,0.0001,-0.20564
8093.5,BTC-27SEP19,1558263541131,open,0.01,319.4,0.0005,0.046,0.00609612,113.24,0.0055,0.0,BTC-27SEP19-2500-P,8092.24,99.89,0.003,3.1,0.0095,4.0,123.97,2.26232,-0.97878,-0.73287,1e-05,-0.01916
8093.5,BTC-27SEP19,1558263541132,open,0.07,255.3,0.0255,0.11,0.06773865,94.92,0.0745,0.0,BTC-27SEP19-5500-P,8092.24,91.41,0.0625,3.2,0.0745,9.2,99.39,12.15057,-4.40631,-6.82844,5e-05,-0.16756
8092.24,index_price,1558263541130,open,0.44,20.2,0.4045,0.484,0.44433377,133.05,0.2355,0,BTC-31MAY19-4500-C,8092.24,0.0,0.0055,0.5,0.0,0.0,0.0,0.21694,-1.2153,1.44944,1e-05,0.99484
8092.24,index_price,1558263541130,open,0.02,129.3,0.0005,0.0675,0.02788599,114.4,0.021,0,BTC-31MAY19-9500-C,8092.24,111.08,0.026,16.0,0.0305,1.0,118.91,4.63986,-22.34884,0.58518,0.00019,0.25014
8092.24,index_price,1558263541130,open,0.53,0.0,0.497,0.5765,0.53658287,0.0,None,0,BTC-31MAY19-3750-C,8092.24,0.0,0.0065,0.5,0.0,0.0,0.0,0.0,0.0,1.22011,0.0,1.0
8092.24,index_price,1558263541131,open,0.09,9.2,0.0385,0.125,0.08174239,111.72,0.174,0,BTC-24MAY19-8500-P,8092.24,100.83,0.077,12.0,0.0855,12.0,120.25,3.54932,-40.6649,-0.76295,0.00036,-0.62406
8094.3,BTC-27SEP19,1558263541131,open,0.17,284.6,0.129,0.2085,0.16872199,88.63,0.1625,0.0,BTC-27DEC19-11000-C,8092.24,84.84,0.157,2.4,0.1765,10.0,91.14,25.05514,-5.00434,14.37234,7e-05,0.46082
8092.24,index_price,1558263541132,open,0.0,232.1,0.0005,0.0435,0.00358693,124.54,0.0025,0,BTC-24MAY19-6500-P,8092.24,104.64,0.0015,20.0,0.005,25.0,134.55,1.04716,-13.37399,-0.06382,0.0001,-0.05545
8092.24,index_price,1558263541130,open,0.41,42.8,0.374,0.4535,0.41389893,133.83,0.251,0,BTC-31MAY19-4750-C,8092.24,0.0,0.0035,1.1,0.0,0.0,0.0,0.38788,-2.18558,1.51691,1e-05,0.99003
8094.3,BTC-27SEP19,1558263541130,open,0.1,47.5,0.0545,0.142,0.09835654,88.1,0.137,0.0,BTC-27DEC19-5500-P,8092.24,84.28,0.0905,3.2,0.1045,3.2,91.07,16.70159,-3.31592,-13.81763,5e-05,-0.18247
8092.24,index_price,1558263541130,open,0.25,19.2,0.22,0.2995,0.25981008,132.44,0.24,0,BTC-24MAY19-6000-C,8092.24,0.0,0.0505,1.0,0.347,0.1,484.16,0.47459,-6.44593,0.77727,4e-05,0.97886
8094.3,BTC-27SEP19,1558263541130,open,0.01,89.9,0.0005,0.0455,0.00564445,101.13,0.01,0.0,BTC-27DEC19-2000-P,8092.24,97.03,0.0045,0.1,0.0065,20.0,103.9,2.40481,-0.54808,-1.02112,1e-05,-0.01511
8092.24,index_price,1558263541132,open,0.01,169.7,0.0005,0.049,0.0090095,116.62,0.008,0,BTC-24MAY19-7000-P,8092.24,110.11,0.0075,5.0,0.0105,20.0,122.66,1.94129,-23.21657,-0.14647,0.00019,-0.12649
8092.24,index_price,1558263541129,open,0.26,14.8,0.193,0.292,0.24251627,133.95,0.3345,0,BTC-24MAY19-10000-P,8092.24,0.0,0.003,1.0,0.4835,0.1,500.0,1.62386,-22.30588,-1.2366,0.00014,-0.90146
8094.3,BTC-27SEP19,1558263541131,open,0.04,13.6,0.0035,0.083,0.04343673,97.92,0.044,0.0,BTC-27DEC19-24000-C,8092.24,96.27,0.0405,3.2,0.0465,0.3,99.59,14.62987,-3.22823,5.17994,4e-05,0.14871
8094.3,BTC-27SEP19,1558263541131,open,0.81,0.0,0.777,0.8565,0.81652599,101.01,None,0.0,BTC-27DEC19-1500-C,8092.24,0.0,0.014,0.2,0.9925,0.5,500.0,1.01475,-0.23098,8.75035,0.0,0.99437
8092.24,index_price,1558263541133,open,0.08,16.3,0.029,0.114,0.07152635,107.92,0.0665,0,BTC-31MAY19-8000-P,8092.24,101.55,0.067,12.0,0.0745,1.0,112.1,5.75258,-26.13722,-1.34135,0.00025,-0.43793
8094.3,BTC-27SEP19,1558263541130,open,0.08,65.6,0.0325,0.118,0.07533546,88.59,0.085,0.0,BTC-27DEC19-5000-P,8092.24,84.49,0.068,4.0,0.0815,9.0,91.98,14.61757,-2.91832,-11.01476,4e-05,-0.14853
8092.24,index_price,1558263541130,open,0.0,390.1,0.0005,0.04,0.00022285,135.02,0.0005,0,BTC-31MAY19-4250-P,8092.24,0.0,0.0,0.0,0.002,10.0,179.06,0.12701,-0.722,-0.00806,0.0,-0.00284
8092.24,index_price,1558263541132,open,0.37,0.0,0.3425,0.422,0.38209752,0.0,None,0,BTC-24MAY19-5000-C,8092.24,0.0,0.0045,0.2,1.0,0.1,500.0,0.0,0.0,0.6679,0.0,1.0
264.91,ETH-27SEP19,1558263541140,open,0.06,0.0,0.019,0.098,0.058469,109.71,None,0.0,ETH-27SEP19-560-C,258.67,107.67,0.055,80.0,0.064,80.0,112.87,0.4555,-0.19092,0.1427,0.00165,0.20869
264.92,ETH-27SEP19,1558263541142,open,0.09,378.0,0.052,0.131,0.091001,103.84,0.099,0.0,ETH-27SEP19-440-C,258.67,101.92,0.087,80.0,0.099,95.0,107.6,0.55708,-0.22099,0.20495,0.00213,0.30675
264.92,ETH-27SEP19,1558263541142,open,0.05,5417.0,0.007,0.089,0.04803,97.98,0.056,0.0,ETH-27SEP19-160-P,258.67,92.98,0.042,100.0,0.051,100.0,100.38,0.32562,-0.12189,-0.16388,0.00132,-0.12449
258.67,index_price,1558263541141,open,0.01,1531.0,0.001,0.048,0.008131,122.19,0.007,0,ETH-24MAY19-220-P,258.67,94.02,0.003,500.0,0.009,500.0,126.07,0.05686,-0.71252,-0.00414,0.00521,-0.11177
260.84,ETH-28JUN19,1558263541142,open,0.05,1558.0,0.008,0.087,0.047622,113.9,0.051,0.0,ETH-28JUN19-360-C,258.67,111.4,0.045,320.0,0.053,60.0,118.92,0.27524,-0.39311,0.0583,0.00325,0.2522
258.67,index_price,1558263541143,open,0.46,1.0,0.419,0.498,0.458784,158.69,0.373,0,ETH-24MAY19-140-C,258.67,0.0,0.006,6.0,0.0,0.0,0.0,0.00032,-0.00525,0.01869,2e-05,0.99971
258.67,index_price,1558263541147,open,0.25,0.0,0.193,0.292,0.242442,126.96,None,0,ETH-24MAY19-320-P,258.67,0.0,0.0,0.0,0.312,2.0,327.79,0.04624,-0.60195,-0.04002,0.00407,-0.9157
8093.5,BTC-27SEP19,1558263541148,open,0.61,0.0,0.5705,0.65,0.61008266,103.08,None,0.0,BTC-27SEP19-3250-C,8092.24,0.0,0.0075,0.1,0.6285,1.0,133.08,3.91777,-1.54285,10.24226,2e-05,0.96302
8092.24,index_price,1558263541161,open,0.02,85.1,0.0005,0.0615,0.02084063,110.39,0.024,0,BTC-24MAY19-7500-P,8092.24,102.63,0.018,5.0,0.0235,16.0,117.48,3.00198,-33.98411,-0.29795,0.00031,-0.25479
8094.3,BTC-27SEP19,1558263541171,open,0.1,64.6,0.063,0.1425,0.10299222,92.56,0.0985,0.0,BTC-27DEC19-15000-C,8092.24,90.0,0.096,1.0,0.1105,1.0,95.26,22.28469,-4.64824,10.21769,6e-05,0.31065
8093.5,BTC-27SEP19,1558263541173,open,0.43,794.0,0.392,0.4715,0.43171093,95.96,0.4035,0.0,BTC-27SEP19-5000-C,8092.24,92.6,0.4275,5.0,0.467,2.0,122.08,10.26261,-3.7622,12.71383,5e-05,0.86981
8093.5,BTC-27SEP19,1558263541180,open,1.29,1.0,1.176,1.3565,1.26627652,103.94,1.5815,0.0,BTC-27SEP19-18000-P,8092.24,0.0,0.0065,0.4,2.0285,0.3,500.0,12.04368,-4.7827,-60.97157,5e-05,-0.83472
8093.5,BTC-27SEP19,1558263541181,open,1.05,0.0,0.9505,1.1125,1.03135069,101.46,None,0.0,BTC-27SEP19-16000-P,8092.24,0.0,0.0065,10.1,1.7915,0.2,500.0,13.83644,-5.36321,-52.95276,6e-05,-0.79333
8096.88,BTC-28JUN19,1558263541197,open,0.65,0.8,0.5605,0.69,0.62528591,108.7,2.171,0.0,BTC-28JUN19-13000-P,8092.24,0.0,0.07,1.0,1.098,1.0,500.0,5.58612,-7.61358,-13.24887,7e-05,-0.87249
8094.3,BTC-27SEP19,1558263541199,open,1.56,0.0,1.4305,1.6325,1.53134971,95.36,None,0.0,BTC-27DEC19-20000-P,8092.24,0.0,0.0065,5.0,2.392,0.2,500.0,17.61965,-3.78648,-114.75529,5e-05,-0.80091
8094.3,BTC-27SEP19,1558263541202,open,2.05,0.0,1.888,2.1285,2.00821516,97.77,None,0.0,BTC-27DEC19-24000-P,8092.24,0.0,0.0065,10.1,2.8795,0.2,500.0,14.5876,-3.21397,-140.72917,4e-05,-0.85193
8093.5,BTC-27SEP19,1558263541206,open,1.32,0.0,1.206,1.389,1.29750002,94.15,None,0.0,BTC-27DEC19-18000-P,8092.24,0.0,0.0065,5.0,2.149,0.2,500.0,19.40049,-4.11628,-101.46242,5e-05,-0.7648
8094.17,BTC-27SEP19,1558263541371,open,0.16,11.1,0.1095,0.2015,0.15547972,88.09,0.214,0.0,BTC-27DEC19-6500-P,8092.24,83.09,0.143,3.2,0.162,8.2,90.7,20.21187,-4.01221,-20.13471,6e-05,-0.25374
8092.24,index_price,1558263541683,open,0.02,183.9,0.0005,0.0635,0.02370116,114.89,0.026,0,BTC-24MAY19-8750-C,8092.24,108.11,0.021,16.0,0.0275,16.0,124.22,3.25579,-38.36079,0.29953,0.00032,0.3008
8093.5,BTC-27SEP19,1558263541699,open,0.05,228.1,0.0075,0.091,0.04940742,95.89,0.0565,0.0,BTC-27SEP19-5000-P,8092.24,91.56,0.044,4.0,0.0555,10.0,100.63,10.25811,-3.7579,-5.20946,5e-05,-0.13011
8094.3,BTC-27SEP19,1558263541701,open,0.1,47.5,0.0545,0.142,0.09833282,88.1,0.137,0.0,BTC-27DEC19-5500-P,8092.24,84.03,0.09,3.2,0.1045,3.2,91.07,16.70159,-3.31592,-13.81763,5e-05,-0.18247
8094.3,BTC-27SEP19,1558263541858,open,0.29,80.7,0.2575,0.337,0.2970848,88.08,0.303,0.0,BTC-27DEC19-7500-C,8092.24,82.55,0.2815,2.4,0.3045,5.0,90.74,22.70702,-4.50706,18.60776,6e-05,0.67523
258.67,index_price,1558263541877,open,0.0,577.0,0.001,0.041,0.001551,161.78,0.001,0,ETH-24MAY19-180-P,258.67,0.0,0.0,0.0,0.021,108.0,296.06,0.01511,-0.25067,-0.00078,0.00104,-0.02104
8092.24,index_price,1558263541898,open,0.09,9.2,0.0385,0.1245,0.08167278,111.72,0.174,0,BTC-24MAY19-8500-P,8092.24,100.83,0.077,12.0,0.085,12.0,119.12,3.54932,-40.6649,-0.76295,0.00036,-0.62406
260.84,ETH-28JUN19,1558263541910,open,0.0,9841.0,0.001,0.044,0.00398,106.68,0.006,0.0,ETH-28JUN19-140-P,258.67,85.52,0.001,1076.0,0.006,400.0,115.61,0.05227,-0.06992,-0.00858,0.00066,-0.02612
8092.24,index_price,1558263541913,open,0.19,0.0,0.1295,0.223,0.17631315,112.85,None,0,BTC-31MAY19-9250-P,8092.24,103.93,0.171,4.0,0.1795,4.0,117.83,4.99159,-23.71597,-2.3354,0.00021,-0.7106
8094.17,BTC-27SEP19,1558263541914,open,0.15,49.5,0.0995,0.1905,0.14497876,93.65,0.1655,0.0,BTC-27SEP19-7000-P,8092.24,89.79,0.137,3.2,0.155,8.2,98.5,16.71829,-5.98148,-12.76399,8e-05,-0.29481
260.84,ETH-28JUN19,1558263541918,open,0.0,9820.0,0.001,0.043,0.003033,112.25,0.003,0.0,ETH-28JUN19-130-P,258.67,94.75,0.001,200.0,0.005,400.0,122.96,0.041,-0.05771,-0.00644,0.00049,-0.01958
8094.3,BTC-27SEP19,1558263541929,open,0.35,1.0,0.288,0.3945,0.34127949,87.57,0.3375,0.0,BTC-27DEC19-9000-P,8092.24,83.05,0.3275,2.4,0.3535,2.4,91.56,24.74469,-4.88325,-37.76623,7e-05,-0.42621
258.67,index_price,1558263541931,open,0.42,0.0,0.381,0.46,0.420235,170.0,None,0,ETH-24MAY19-150-C,258.67,0.0,0.002,9.0,0.0,0.0,0.0,0.00193,-0.03367,0.01996,0.00013,0.99796
8092.24,index_price,1558263541931,open,0.05,45.0,0.003,0.086,0.04468977,109.64,0.049,0,BTC-24MAY19-8000-P,8092.24,99.24,0.04,12.0,0.048,12.0,116.8,3.68733,-41.45852,-0.52277,0.00038,-0.43887
8093.5,BTC-27SEP19,1558263541956,open,0.49,3.2,0.4215,0.5395,0.48070481,95.28,0.481,0.0,BTC-27SEP19-11000-P,8092.24,90.5,0.4695,2.4,0.494,2.4,101.08,18.72769,-6.81724,-31.34704,8e-05,-0.59968
8094.17,BTC-27SEP19,1558263541971,open,0.13,185.0,0.0805,0.17,0.12541806,88.09,0.137,0.0,BTC-27DEC19-6000-P,8092.24,83.76,0.1155,3.2,0.131,8.2,90.52,18.58279,-3.68883,-16.89207,5e-05,-0.2179
8097.68,BTC-28JUN19,1558263541973,open,0.16,116.4,0.1265,0.206,0.16628764,99.68,0.1705,0.0,BTC-28JUN19-7500-C,8092.24,95.34,0.161,11.6,0.172,9.6,104.37,9.86678,-12.33234,4.31888,0.00014,0.65448
8096.88,BTC-28JUN19,1558263541974,open,0.2,1162.0,0.1625,0.242,0.20217728,100.55,0.2065,0.0,BTC-28JUN19-7000-C,8092.24,95.74,0.197,3.2,0.2075,3.2,105.3,8.89545,-11.21498,4.64297,0.00012,0.72714
264.92,ETH-27SEP19,1558263542049,open,0.39,743.0,0.353,0.432,0.39284,97.96,0.338,0.0,ETH-27SEP19-180-C,258.67,0.0,0.251,5.0,0.63,10.0,249.31,0.40221,-0.15053,0.41477,0.00163,0.82949
260.84,ETH-28JUN19,1558263542080,open,0.02,5511.0,0.001,0.055,0.015346,106.67,0.013,0.0,ETH-28JUN19-170-P,258.67,97.39,0.011,400.0,0.017,460.0,109.9,0.13081,-0.17496,-0.02779,0.00165,-0.08218
264.92,ETH-27SEP19,1558263542090,open,0.15,513.0,0.11,0.189,0.149718,100.22,0.125,0.0,ETH-27SEP19-340-C,258.67,97.39,0.143,60.0,0.156,100.0,102.87,0.62864,-0.2407,0.28899,0.00249,0.45394
260.84,ETH-28JUN19,1558263542091,open,0.43,481.0,0.392,0.471,0.431518,106.6,0.385,0.0,ETH-28JUN19-150-C,258.67,0.0,0.02,2.0,0.49,1.0,215.34,0.07485,-0.10005,0.15049,0.00094,0.95963
258.67,index_price,1558263542092,open,0.0,1095.0,0.001,0.04,0.000362,169.82,0.003,0,ETH-24MAY19-160-P,258.67,0.0,0.0,0.0,0.001,101.0,193.76,0.00467,-0.08135,-0.0002,0.00031,-0.00545
258.67,index_price,1558263542092,open,0.0,269.0,0.001,0.04,0.000124,170.0,0.001,0,ETH-24MAY19-150-P,258.67,0.0,0.0,0.0,0.019,108.0,392.5,0.00193,-0.03207,-7e-05,0.00013,-0.00204
8098.17,BTC-28JUN19,1558263542130,open,0.75,20.1,0.7135,0.793,0.75304257,121.26,0.578,0.0,BTC-28JUN19-2000-C,8092.58,0.0,0.002,0.5,0.86,1.0,500.0,0.01182,-0.01796,2.18387,0.0,0.99989
8094.17,BTC-27SEP19,1558263542131,open,0.04,96.3,0.0005,0.076,0.03463467,97.21,0.038,0.0,BTC-27SEP19-4500-P,8092.58,92.08,0.0295,4.0,0.04,10.0,102.32,8.31056,-3.08649,-3.81676,4e-05,-0.09687
8098.17,BTC-28JUN19,1558263542131,open,0.77,1.3,0.6735,0.8125,0.74321436,111.37,2.415,0.0,BTC-28JUN19-14000-P,8092.58,0.0,0.0,0.0,1.2055,1.0,500.0,4.56867,-6.37994,-14.57068,6e-05,-0.90372
8092.58,index_price,1558263542130,open,0.22,3.7,0.19,0.2695,0.22969566,126.74,0.14,0,BTC-24MAY19-6250-C,8092.58,0.0,0.0025,1.8,0.31,0.1,429.68,0.69037,-8.97308,0.79692,6e-05,0.9669
8092.58,index_price,1558263542130,open,0.27,0.0,0.2055,0.3055,0.25544533,117.77,None,0,BTC-31MAY19-10000-P,8092.58,0.0,0.0,0.0,0.0,0.0,0.0,3.91895,-19.43244,-2.81395,0.00016,-0.81327
8094.51,BTC-27SEP19,1558263542132,open,0.11,121.1,0.0755,0.155,0.11544599,91.67,0.097,0.0,BTC-27DEC19-14000-C,8092.58,89.93,0.1105,1.0,0.1195,10.0,93.08,23.15523,-4.78338,11.10802,6e-05,0.3412
8094.51,BTC-27SEP19,1558263542130,open,0.35,63.9,0.3125,0.392,0.35244549,88.09,0.3025,0.0,BTC-27DEC19-6500-C,8092.58,0.0,0.001,4.0,0.376,5.0,97.53,20.21191,-4.01215,19.37853,6e-05,0.74628
8092.58,index_price,1558263542130,open,0.01,355.8,0.0005,0.0505,0.01090671,126.44,0.0125,0,BTC-24MAY19-9500-C,8092.58,121.15,0.0095,2.0,0.0135,17.0,135.57,2.20862,-28.63888,0.15349,0.0002,0.15289
8092.58,index_price,1558263542132,open,0.08,689.0,0.043,0.1225,0.08287466,107.82,0.082,0,BTC-31MAY19-8000-C,8092.58,103.77,0.08,12.0,0.088,13.0,115.03,5.75265,-26.11358,1.26192,0.00025,0.56214
8094.51,BTC-27SEP19,1558263542132,open,0.2,416.2,0.158,0.2375,0.19783753,88.64,0.189,0.0,BTC-27DEC19-10000-C,8092.58,87.08,0.193,1.0,0.207,10.0,91.59,25.15752,-5.0251,15.64573,7e-05,0.51581
8092.58,index_price,1558263542136,open,0.37,80.9,0.344,0.4235,0.38370368,132.89,0.4,0,BTC-31MAY19-5000-C,8092.58,0.0,0.072,2.0,0.408,10.0,251.15,0.6043,-3.38102,1.5789,2e-05,0.98336
8092.58,index_price,1558263542133,open,0.07,43.6,0.019,0.1035,0.06131925,109.63,0.056,0,BTC-24MAY19-8250-P,8092.58,100.21,0.057,12.0,0.065,12.0,117.64,3.71673,-41.78449,-0.645,0.00039,-0.53534
8092.58,index_price,1558263542132,open,0.01,95.5,0.0005,0.045,0.0052609,117.73,0.004,0,BTC-24MAY19-6750-P,8092.58,106.56,0.0035,21.3,0.006,1.0,121.88,1.39795,-16.877,-0.09278,0.00014,-0.08057
264.92,ETH-27SEP19,1558263542141,open,0.05,403.0,0.012,0.091,0.051449,111.39,0.052,0.0,ETH-27SEP19-600-C,258.65,109.21,0.048,80.0,0.057,80.0,114.78,0.42511,-0.18091,0.12798,0.00152,0.18617
264.92,ETH-27SEP19,1558263542142,open,0.12,1191.0,0.081,0.16,0.120836,101.41,0.103,0.0,ETH-27SEP19-380-C,258.65,99.29,0.116,80.0,0.127,100.0,104.09,0.60672,-0.23506,0.25163,0.00238,0.38573
8092.58,index_price,1558263542133,open,0.22,15.0,0.154,0.2495,0.20187225,114.51,0.1805,0,BTC-31MAY19-9500-P,8092.58,0.0,0.002,1.1,0.0,0.0,0.0,4.64329,-22.38652,-2.50505,0.00019,-0.74953
260.84,ETH-28JUN19,1558263542142,open,0.14,1659.0,0.093,0.183,0.138124,106.69,0.151,0.0,ETH-28JUN19-260-P,258.65,101.97,0.132,240.0,0.144,300.0,111.22,0.33808,-0.45227,-0.16088,0.00426,-0.42643
264.92,ETH-27SEP19,1558263542141,open,0.13,1098.0,0.094,0.173,0.133439,100.45,0.121,0.0,ETH-27SEP19-360-C,258.65,98.11,0.128,60.0,0.14,100.0,103.25,0.61917,-0.2376,0.26952,0.00245,0.41717
264.92,ETH-27SEP19,1558263542142,open,0.03,7481.0,0.001,0.07,0.029186,97.97,0.04,0.0,ETH-27SEP19-140-P,258.65,92.14,0.024,100.0,0.032,100.0,100.98,0.24405,-0.09135,-0.10725,0.00099,-0.08372
260.84,ETH-28JUN19,1558263542142,open,0.94,0.0,0.853,1.006,0.929433,122.35,None,0.0,ETH-28JUN19-500-P,258.65,0.0,0.0,0.0,0.0,0.0,0.0,0.12787,-0.19617,-0.52709,0.00141,-0.92025
258.65,index_price,1558263542142,open,0.34,0.0,0.305,0.384,0.344203,116.63,None,0,ETH-31MAY19-170-C,258.65,0.0,0.001,1.0,0.0,0.0,0.0,0.02051,-0.10073,0.05369,0.00081,0.98214
260.84,ETH-28JUN19,1558263542143,open,0.57,0.0,0.503,0.627,0.565125,116.44,None,0.0,ETH-28JUN19-400-P,258.65,0.0,0.0,0.0,0.0,0.0,0.0,0.22558,-0.32936,-0.39494,0.00261,-0.82082
264.9,ETH-27SEP19,1558263542143,open,0.5,191.0,0.461,0.54,0.500725,98.01,0.5,0.0,ETH-27SEP19-140-C,258.65,0.0,0.044,1.0,0.0,0.0,0.0,0.24417,-0.09142,0.39465,0.00099,0.91622
260.84,ETH-28JUN19,1558263542143,open,0.07,3160.0,0.023,0.107,0.065252,106.67,0.091,0.0,ETH-28JUN19-220-P,258.65,99.79,0.058,380.0,0.067,380.0,108.32,0.27677,-0.37019,-0.09122,0.00349,-0.25487
258.65,index_price,1558263542141,open,0.2,2.0,0.164,0.243,0.203162,114.18,0.174,0,ETH-31MAY19-210-C,258.65,108.44,0.201,100.0,0.208,100.0,126.11,0.1,-0.48075,0.05591,0.00402,0.8675
8092.58,index_price,1558263542133,open,0.34,116.2,0.3135,0.393,0.35349576,128.52,0.293,0,BTC-31MAY19-5250-C,8092.58,0.0,0.0705,2.0,0.44,4.0,386.82,0.81598,-4.4152,1.63983,3e-05,0.97629
258.65,index_price,1558263542141,open,0.03,496.0,0.001,0.068,0.028208,126.75,0.034,0,ETH-24MAY19-280-C,258.65,118.92,0.025,400.0,0.033,400.0,138.21,0.10688,-1.38928,0.01008,0.00944,0.31984
264.9,ETH-27SEP19,1558263542144,open,0.5,81.0,0.433,0.552,0.49234,100.41,0.541,0.0,ETH-27SEP19-360-P,258.65,98.55,0.488,60.0,0.506,60.0,106.23,0.61907,-0.23748,-1.02138,0.00245,-0.58299
258.65,index_price,1558263542142,open,0.02,515.0,0.001,0.065,0.025067,117.2,0.024,0,ETH-31MAY19-310-C,258.65,111.45,0.022,400.0,0.029,400.0,124.3,0.1404,-0.69282,0.01694,0.0055,0.22636
258.65,index_price,1558263542142,open,0.01,314.0,0.001,0.048,0.008331,126.73,0.008,0,ETH-24MAY19-310-C,258.65,116.08,0.006,500.0,0.011,501.0,137.46,0.06064,-0.78806,0.00394,0.00535,0.12239
258.65,index_price,1558263542142,open,0.27,95.0,0.231,0.31,0.270624,114.31,0.199,0,ETH-31MAY19-190-C,258.65,0.0,0.0,0.0,0.0,0.0,0.0,0.05183,-0.24945,0.05676,0.00208,0.94509
264.9,ETH-27SEP19,1558263542145,open,0.08,1219.0,0.038,0.117,0.07713,105.68,0.08,0.0,ETH-27SEP19-480-C,258.65,103.57,0.073,80.0,0.085,180.0,109.63,0.52122,-0.21045,0.18004,0.00196,0.26668
260.82,ETH-28JUN19,1558263542145,open,0.54,50.0,0.502,0.581,0.541698,113.7,0.547,0.0,ETH-28JUN19-120-C,258.65,0.0,0.003,10.0,0.0,0.0,0.0,0.02713,-0.03868,0.12714,0.00032,0.98789
258.65,index_price,1558263542143,open,0.03,2675.0,0.001,0.066,0.02561,122.11,0.026,0,ETH-24MAY19-240-P,258.65,107.26,0.02,400.0,0.027,400.0,125.71,0.09956,-1.2468,-0.01035,0.00912,-0.27398
264.9,ETH-27SEP19,1558263542145,open,0.63,0.0,0.556,0.685,0.620315,102.57,None,0.0,ETH-27SEP19-400-P,258.65,0.0,0.0,0.0,0.0,0.0,0.0,0.59228,-0.2321,-1.19901,0.00229,-0.64202
258.65,index_price,1558263542142,open,0.32,0.0,0.264,0.369,0.316437,125.65,None,0,ETH-24MAY19-340-P,258.65,0.0,0.0,0.0,0.571,1.0,500.0,0.02316,-0.2984,-0.04427,0.00206,-0.96489
258.65,index_price,1558263542142,open,0.0,273.0,0.001,0.043,0.003302,126.74,0.004,0,ETH-24MAY19-330-C,258.65,102.91,0.001,600.0,0.006,600.0,144.19,0.0337,-0.43794,0.00182,0.00298,0.05593
8092.58,index_price,1558263542130,open,0.03,16.0,0.0005,0.073,0.03324275,112.69,0.0255,0,BTC-31MAY19-9250-C,8092.58,109.02,0.031,16.0,0.036,1.0,117.12,4.9894,-23.67202,0.67367,0.00021,0.2891
258.65,index_price,1558263542142,open,0.02,598.0,0.001,0.059,0.019248,126.74,0.014,0,ETH-24MAY19-290-C,258.65,117.48,0.016,400.0,0.019,1.0,126.05,0.09284,-1.20667,0.00761,0.0082,0.23955
258.65,index_price,1558263542142,open,0.04,5.0,0.002,0.081,0.041374,117.19,0.024,0,ETH-31MAY19-290-C,258.65,110.45,0.037,400.0,0.046,400.0,124.21,0.16929,-0.83528,0.02442,0.00664,0.3316
258.65,index_price,1558263542142,open,0.02,0.0,0.001,0.055,0.015007,114.02,0.03,0,ETH-31MAY19-210-P,258.65,100.11,0.01,500.0,0.014,60.0,111.38,0.09986,-0.47937,-0.01239,0.00402,-0.13222
258.65,index_price,1558263542142,open,0.3,0.0,0.239,0.342,0.290461,116.96,None,0,ETH-31MAY19-330-P,258.65,0.0,0.0,0.0,0.0,0.0,0.0,0.10734,-0.52858,-0.09622,0.00422,-0.85296
258.65,index_price,1558263542141,open,0.0,350.0,0.001,0.045,0.005299,126.74,0.005,0,ETH-24MAY19-320-C,258.65,111.94,0.003,500.0,0.008,600.0,140.41,0.04603,-0.59829,0.00271,0.00406,0.08382
258.65,index_price,1558263542143,open,0.34,275.0,0.304,0.383,0.343441,163.4,0.256,0,ETH-24MAY19-170-C,258.65,0.0,0.001,17.0,0.0,0.0,0.0,0.00815,-0.13656,0.02233,0.00056,0.98974
258.65,index_price,1558263542142,open,0.01,8.0,0.001,0.045,0.005151,114.03,0.011,0,ETH-31MAY19-190-P,258.65,84.01,0.001,500.0,0.006,560.0,118.13,0.05154,-0.24745,-0.00502,0.00208,-0.05452
258.65,index_price,1558263542142,open,0.09,0.0,0.042,0.128,0.084734,113.99,None,0,ETH-31MAY19-260-P,258.65,104.61,0.078,300.0,0.088,300.0,118.54,0.18557,-0.8906,-0.04661,0.00748,-0.46912
258.65,index_price,1558263542142,open,0.21,100.0,0.159,0.255,0.206769,126.34,0.223,0,ETH-24MAY19-310-P,258.65,86.01,0.2,100.0,0.208,100.0,131.46,0.06035,-0.78185,-0.03749,0.00534,-0.87844
8092.58,index_price,1558263542148,open,0.05,637.9,0.018,0.0975,0.05795882,109.51,0.0585,0,BTC-31MAY19-8500-C,8092.58,105.35,0.055,12.0,0.062,1.0,115.19,5.7584,-26.5511,1.00705,0.00025,0.44043
8094.17,BTC-27SEP19,1558263542176,open,0.43,794.0,0.392,0.4715,0.43162772,95.86,0.4035,0.0,BTC-27SEP19-5000-C,8092.58,92.97,0.428,5.0,0.467,2.0,122.05,10.25553,-3.75591,12.72152,5e-05,0.86996
8098.17,BTC-28JUN19,1558263542185,open,0.31,42.9,0.244,0.347,0.29547768,102.43,0.3035,0.0,BTC-28JUN19-10000-P,8092.58,0.0,0.001,1.0,0.7825,1.0,500.0,9.63344,-12.37236,-8.58614,0.00013,-0.67502
8094.17,BTC-27SEP19,1558263542189,open,1.05,0.0,0.9505,1.1125,1.03169805,101.75,None,0.0,BTC-27SEP19-16000-P,8092.58,0.0,0.0065,10.1,1.791,0.2,500.0,13.88526,-5.39757,-52.93224,6e-05,-0.79212
8098.17,BTC-28JUN19,1558263542199,open,0.53,10.0,0.4505,0.5705,0.51042456,107.06,1.243,0.0,BTC-28JUN19-12000-P,8092.58,0.0,0.0,0.0,0.991,1.0,500.0,6.90113,-9.26457,-11.8142,9e-05,-0.82495
8097.83,BTC-28JUN19,1558263542204,open,0.65,0.8,0.5605,0.6905,0.62550981,109.27,2.171,0.0,BTC-28JUN19-13000-P,8092.58,0.0,0.07,1.0,1.0975,1.0,500.0,5.63916,-7.72663,-13.23714,7e-05,-0.87076
8094.51,BTC-27SEP19,1558263542222,open,1.32,0.0,1.206,1.3895,1.29789236,94.42,None,0.0,BTC-27DEC19-18000-P,8092.58,0.0,0.0065,5.0,2.1485,0.2,500.0,19.46366,-4.14155,-101.42857,5e-05,-0.76346
258.65,index_price,1558263542290,open,0.22,550.0,0.189,0.268,0.228549,123.67,0.208,0,ETH-24MAY19-200-C,258.65,0.0,0.226,100.0,0.233,100.0,161.15,0.02073,-0.26293,0.02559,0.00188,0.9693
8094.36,BTC-27SEP19,1558263542887,open,0.29,80.7,0.2575,0.337,0.29707903,88.09,0.303,0.0,BTC-27DEC19-7500-C,8092.58,82.37,0.281,2.4,0.3045,5.0,90.74,22.70685,-4.50746,18.60717,6e-05,0.67524
8094.36,BTC-27SEP19,1558263543129,open,0.03,0.0,0.0005,0.074,0.03437557,106.76,None,0.0,BTC-27SEP19-20000-C,8093.51,102.9,0.0295,4.0,0.0405,4.0,111.25,10.61264,-4.3284,2.96899,4e-05,0.13667
8098.29,BTC-28JUN19,1558263543130,open,0.39,691.4,0.3555,0.435,0.39524931,111.19,0.37,0.0,BTC-28JUN19-5000-C,8093.51,0.0,0.235,0.1,0.5,10.0,262.33,3.48838,-4.86351,4.75457,4e-05,0.93265
8094.36,BTC-27SEP19,1558263543130,open,0.14,894.4,0.11,0.1895,0.1499884,95.36,0.15,0.0,BTC-27SEP19-10000-C,8093.51,91.58,0.141,5.0,0.16,15.0,99.57,19.26716,-7.01968,9.17894,9e-05,0.46625
8094.36,BTC-27SEP19,1558263543130,open,1.8,0.0,1.6605,1.882,1.77127286,97.9,None,0.0,BTC-27DEC19-22000-P,8093.51,0.0,0.0065,11.0,2.6355,0.3,500.0,16.36292,-3.60989,-127.6672,4e-05,-0.82338
8099.22,BTC-28JUN19,1558263543131,open,0.34,139.0,0.301,0.3805,0.34076332,106.7,0.276,0.0,BTC-28JUN19-5500-C,8093.51,0.0,0.0435,2.0,0.363,2.0,139.71,4.74517,-6.34842,4.93611,6e-05,0.89862
8094.36,BTC-27SEP19,1558263543131,open,0.82,0.0,0.7285,0.872,0.8003089,97.89,None,0.0,BTC-27SEP19-14000-P,8093.51,0.0,0.0065,10.1,1.555,0.3,500.0,15.73896,-5.88595,-44.68897,7e-05,-0.73945
8099.22,BTC-28JUN19,1558263543131,open,0.42,97.0,0.384,0.4635,0.42359188,113.96,0.1965,0.0,BTC-28JUN19-4750-C,8093.51,0.0,0.121,1.0,0.695,2.0,500.0,2.94573,-4.20939,4.62021,4e-05,0.94575
8094.36,BTC-27SEP19,1558263543132,open,0.27,1023.6,0.2405,0.32,0.28012266,93.63,0.2865,0.0,BTC-27SEP19-7000-C,8093.51,89.7,0.272,0.8,0.291,5.0,98.9,16.71835,-5.98008,12.33716,8e-05,0.7052
8099.22,BTC-28JUN19,1558263543132,open,0.0,399.3,0.0005,0.043,0.00315143,133.62,0.004,0.0,BTC-28JUN19-3500-P,8093.51,118.97,0.0015,7.0,0.005,16.0,145.12,1.12746,-1.88897,-0.17812,1e-05,-0.01698
8099.22,BTC-28JUN19,1558263543132,open,0.01,240.1,0.0005,0.046,0.0061619,119.88,0.006,0.0,BTC-28JUN19-4250-P,8093.51,107.52,0.0035,16.0,0.008,26.0,126.75,2.01797,-3.03342,-0.35502,2e-05,-0.03396
8099.22,BTC-28JUN19,1558263543132,open,0.89,2.0,0.79,0.9385,0.86416733,116.78,2.658,0.0,BTC-28JUN19-15000-P,8093.51,0.0,0.0,0.0,1.3145,1.0,500.0,3.98763,-5.83894,-15.78496,5e-05,-0.91979
8099.22,BTC-28JUN19,1558263543132,open,0.48,10.5,0.4415,0.521,0.48135198,119.61,0.2685,0.0,BTC-28JUN19-4250-C,8093.51,0.0,0.0325,3.0,0.7145,3.0,500.0,2.00593,-3.00844,4.29082,2e-05,0.96628
8095.29,BTC-27SEP19,1558263543129,open,2.29,0.0,2.123,2.383,2.25294579,101.25,None,0.0,BTC-27DEC19-26000-P,8093.51,0.0,0.0,0.0,0.0,0.0,0.0,14.00119,-3.19456,-153.2205,3e-05,-0.86069
8093.51,index_price,1558263543131,open,0.0,235.0,0.0005,0.0425,0.00287425,121.95,0.005,0,BTC-31MAY19-5500-P,8093.51,102.33,0.001,20.0,0.0045,20.0,133.23,1.02076,-5.24084,-0.08921,4e-05,-0.031
8093.51,index_price,1558263543130,open,0.31,529.3,0.2835,0.363,0.32323933,121.32,0.232,0,BTC-31MAY19-5500-C,8093.51,0.0,0.145,2.0,0.3415,3.0,199.0,1.00471,-5.13204,1.70203,4e-05,0.96958
8099.22,BTC-28JUN19,1558263543133,open,0.57,143.2,0.531,0.6105,0.57095502,133.21,0.56,0.0,BTC-28JUN19-3500-C,8093.51,0.0,0.1105,2.0,0.7985,3.0,500.0,1.11531,-1.86296,3.64796,1e-05,0.98323
8093.51,index_price,1558263543129,open,0.02,10.0,0.0005,0.0635,0.02373485,116.6,0.0205,0,BTC-31MAY19-9750-C,8093.51,113.3,0.022,16.0,0.0265,16.0,121.73,4.29602,-21.09051,0.51064,0.00017,0.21765
8095.29,BTC-27SEP19,1558263543131,open,0.98,0.0,0.878,1.034,0.95612612,92.62,None,0.0,BTC-27DEC19-15000-P,8093.51,0.0,0.0065,10.0,1.784,0.2,500.0,22.29868,-4.65443,-80.95513,6e-05,-0.68898
8093.51,index_price,1558263543129,open,0.01,31.4,0.0005,0.048,0.0084335,130.88,0.005,0,BTC-31MAY19-11500-C,8093.51,125.55,0.007,20.0,0.0105,20.0,137.82,2.27879,-12.55727,0.20255,8e-05,0.08535
8095.29,BTC-27SEP19,1558263543130,open,0.5,6.6,0.461,0.5405,0.50052382,89.75,0.498,0.0,BTC-27DEC19-4500-C,8093.51,0.0,0.26,1.4,0.6865,0.1,200.76,12.418,-2.51164,18.81091,3e-05,0.88279
8095.29,BTC-27SEP19,1558263543129,open,0.04,24.9,0.001,0.0805,0.04075727,100.99,0.0395,0.0,BTC-27DEC19-26000-C,8093.51,97.83,0.0355,4.0,0.047,5.0,104.5,13.92879,-3.16995,4.79782,3e-05,0.13826
8093.51,index_price,1558263543133,open,0.23,0.0,0.165,0.2615,0.21312308,129.74,None,0,BTC-24MAY19-9750-P,8093.51,0.0,0.003,1.0,0.44,0.1,500.0,1.88931,-25.13753,-1.18003,0.00017,-0.87835
8093.51,index_price,1558263543133,open,0.0,154.4,0.0005,0.0405,0.00065869,135.03,0.0005,0,BTC-24MAY19-5750-P,8093.51,0.0,0.0,0.0,0.0015,0.3,152.9,0.28468,-3.94204,-0.0133,2e-05,-0.01165
8095.29,BTC-27SEP19,1558263543136,open,0.0,1639.1,0.0005,0.041,0.00123496,124.39,0.0015,0.0,BTC-27SEP19-1500-P,8093.51,111.28,0.0005,5.0,0.002,10.0,133.13,0.59964,-0.28496,-0.1577,0.0,-0.0042
8093.51,index_price,1558263543133,open,0.5,9.0,0.466,0.5455,0.50581421,124.73,0.249,0,BTC-31MAY19-4000-C,8093.51,0.0,0.0165,0.2,0.0,0.0,0.0,0.03011,-0.15813,1.2998,0.0,0.99941
8095.29,BTC-27SEP19,1558263543132,open,0.41,56.9,0.379,0.4585,0.41885288,88.07,0.436,0.0,BTC-27DEC19-5500-C,8093.51,0.0,0.003,5.0,0.486,0.5,120.03,16.69981,-3.31444,19.62203,5e-05,0.8176
8095.29,BTC-27SEP19,1558263543131,open,0.54,27.1,0.5065,0.586,0.54630274,91.0,0.542,0.0,BTC-27DEC19-4000-C,8093.51,0.0,0.014,0.1,0.98,0.5,500.0,10.1447,-2.08036,17.95813,3e-05,0.91123
8095.29,BTC-27SEP19,1558263543130,open,0.64,0.0,0.6065,0.686,0.64636507,93.59,None,0.0,BTC-27DEC19-3000-C,8093.51,0.0,0.001,3.0,0.9885,0.5,500.0,5.68451,-1.19886,15.32367,2e-05,0.95776
8093.51,index_price,1558263543131,open,0.0,31.6,0.0005,0.04,0.00010429,135.03,0.0005,0,BTC-24MAY19-5250-P,8093.51,0.0,0.0,0.0,0.0015,10.4,187.78,0.06402,-0.84408,-0.00247,1e-05,-0.00218
8093.51,index_price,1558263543133,open,0.0,125.3,0.0005,0.04,3.438e-05,135.03,0.0005,0,BTC-24MAY19-5000-P,8093.51,0.0,0.0,0.0,0.001,10.0,194.21,0.025,-0.27828,-0.00088,0.0,-0.00078
8093.51,index_price,1558263543131,open,0.01,287.6,0.0005,0.053,0.01332891,120.32,0.0135,0,BTC-24MAY19-9250-C,8093.51,115.96,0.012,16.0,0.015,1.0,125.61,2.50945,-30.96462,0.18722,0.00024,0.1865
8093.51,index_price,1558263543133,open,0.56,0.0,0.528,0.6075,0.56751674,0.0,None,0,BTC-31MAY19-3500-C,8093.51,0.0,0.007,0.2,0.0,0.0,0.0,0.0,0.0,1.13877,0.0,1.0
8093.51,index_price,1558263543134,open,0.04,244.1,0.0005,0.0795,0.03998243,111.4,0.0425,0,BTC-31MAY19-9000-C,8093.51,107.6,0.0375,16.0,0.043,2.0,115.97,5.31465,-24.92602,0.77521,0.00022,0.33437
8093.51,index_price,1558263543129,open,0.29,0.0,0.221,0.322,0.27154907,135.78,None,0,BTC-24MAY19-10250-P,8093.51,0.0,0.003,1.0,0.4645,0.1,500.0,1.34851,-18.77619,-1.29167,0.00011,-0.92318
8093.51,index_price,1558263543135,open,0.0,575.8,0.0005,0.0415,0.00157878,133.25,0.0015,0,BTC-31MAY19-5000-P,8093.51,0.0,0.0,0.0,0.003,20.0,148.5,0.6104,-3.42451,-0.04849,2e-05,-0.01684
8093.51,index_price,1558263543131,open,0.0,582.9,0.0005,0.041,0.00133112,133.68,0.002,0,BTC-24MAY19-6000-P,8093.51,115.59,0.0005,15.1,0.002,0.6,143.38,0.49058,-6.72516,-0.0252,4e-05,-0.02198
8095.29,BTC-27SEP19,1558263543132,open,0.06,71.5,0.0205,0.1,0.06028,95.27,0.051,0.0,BTC-27DEC19-20000-C,8093.51,93.27,0.056,3.2,0.065,0.3,97.4,17.60006,-3.77841,6.81083,5e-05,0.19868
8095.29,BTC-27SEP19,1558263543131,open,0.19,29.1,0.141,0.2355,0.18830858,88.12,0.1995,0.0,BTC-27DEC19-7000-P,8093.51,82.95,0.1745,3.2,0.195,8.2,90.63,21.58433,-4.28599,-23.50837,6e-05,-0.28941
8093.51,index_price,1558263543133,open,0.0,13.7,0.0005,0.04,9.75e-06,135.03,0.0025,0,BTC-24MAY19-4750-P,8093.51,0.0,0.0,0.0,0.001,10.0,212.64,0.00837,-0.07894,-0.00027,0.0,-0.00024
8093.51,index_price,1558263543130,open,0.04,2.4,0.0085,0.088,0.04822907,110.44,0.03,0,BTC-31MAY19-8750-C,8093.51,106.48,0.0455,16.0,0.052,1.0,115.89,5.58124,-25.95284,0.88732,0.00024,0.38519
8093.51,index_price,1558263543129,open,0.0,371.7,0.0005,0.043,0.00349466,134.95,0.0065,0,BTC-24MAY19-10500-C,8093.51,134.99,0.0035,20.0,0.007,1.0,157.0,1.05259,-14.56684,0.05655,9e-05,0.05581
8093.51,index_price,1558263543134,open,0.16,20.3,0.1315,0.211,0.17115974,117.2,0.0875,0,BTC-24MAY19-6750-C,8093.51,0.0,0.0045,4.1,0.241,0.1,341.16,1.38543,-16.65169,0.81003,0.00014,0.9204
8093.51,index_price,1558263543135,open,0.0,940.5,0.0005,0.042,0.00226427,128.8,0.0035,0,BTC-31MAY19-5250-P,8093.51,102.99,0.0005,20.5,0.0035,20.0,139.45,0.8216,-4.45558,-0.0689,3e-05,-0.0239
8093.51,index_price,1558263543132,open,0.01,195.7,0.0005,0.044,0.00417082,118.47,0.0075,0,BTC-31MAY19-5750-P,8093.51,107.1,0.0025,20.0,0.006,20.0,128.34,1.35759,-6.77154,-0.12671,5e-05,-0.04395
8095.29,BTC-27SEP19,1558263543132,open,0.04,134.6,0.0005,0.082,0.04047026,91.04,0.0425,0.0,BTC-27DEC19-4000-P,8093.51,85.74,0.034,4.0,0.046,9.1,95.37,10.14876,-2.08216,-6.36197,3e-05,-0.08881
8093.51,index_price,1558263543133,open,0.0,199.8,0.0005,0.04,0.00027757,135.03,0.0005,0,BTC-24MAY19-5500-P,8093.51,0.0,0.0,0.0,0.001,11.0,159.7,0.14329,-1.98422,-0.00607,1e-05,-0.00533
258.71,index_price,1558263543143,open,0.02,100.0,0.001,0.059,0.019258,117.1,0.017,0,ETH-31MAY19-320-C,258.71,110.08,0.016,400.0,0.022,400.0,122.69,0.12406,-0.61162,0.01385,0.00487,0.18379
8095.29,BTC-27SEP19,1558263543152,open,0.61,0.0,0.5705,0.65,0.61004467,102.84,None,0.0,BTC-27SEP19-3250-C,8093.51,0.0,0.0075,0.1,0.629,1.0,133.67,3.89701,-1.53109,10.25287,2e-05,0.96327
8093.51,index_price,1558263543167,open,0.04,244.1,0.0005,0.0795,0.03998243,111.4,0.0425,0,BTC-31MAY19-9000-C,8093.51,107.6,0.0375,16.0,0.0435,2.0,116.72,5.31465,-24.92602,0.77521,0.00022,0.33437
8095.29,BTC-27SEP19,1558263543168,open,0.38,245.5,0.3485,0.428,0.38826292,94.91,0.337,0.0,BTC-27SEP19-5500-C,8093.51,91.72,0.3835,31.5,0.431,3.0,122.3,12.14817,-4.40493,12.89619,5e-05,0.83255
260.88,ETH-28JUN19,1558263543185,open,0.27,2133.0,0.234,0.313,0.273152,106.57,0.243,0.0,ETH-28JUN19-200-C,258.71,100.45,0.268,80.0,0.275,60.0,108.72,0.22311,-0.29815,0.15698,0.00282,0.82396
8095.29,BTC-27SEP19,1558263543185,open,1.29,1.0,1.176,1.357,1.26650282,104.41,1.5815,0.0,BTC-27SEP19-18000-P,8093.51,0.0,0.0065,0.4,2.028,0.3,500.0,12.13338,-4.83976,-60.93786,5e-05,-0.83287
8093.51,index_price,1558263543194,open,0.01,287.6,0.0005,0.053,0.01332891,120.32,0.0135,0,BTC-24MAY19-9250-C,8093.51,115.96,0.012,17.0,0.015,1.0,125.61,2.50945,-30.96462,0.18722,0.00024,0.1865
8093.51,index_price,1558263543211,open,0.01,94.0,0.0005,0.0465,0.00665528,133.33,0.008,0,BTC-24MAY19-10000-C,8093.51,129.96,0.006,51.0,0.0095,20.0,146.45,1.61224,-22.04413,0.09828,0.00014,0.09756
260.82,ETH-28JUN19,1558263543244,open,0.03,1605.0,0.001,0.071,0.031606,116.44,0.028,0.0,ETH-28JUN19-400-C,258.71,114.56,0.03,320.0,0.036,60.0,121.4,0.22552,-0.32927,0.04204,0.00261,0.17913
264.96,ETH-27SEP19,1558263543260,open,0.38,22.0,0.321,0.43,0.375565,99.8,0.412,0.0,ETH-27SEP19-320-P,258.71,97.05,0.369,60.0,0.387,60.0,104.58,0.63286,-0.24129,-0.83829,0.00252,-0.5068
260.82,ETH-28JUN19,1558263543267,open,0.02,5200.0,0.001,0.062,0.021865,106.67,0.024,0.0,ETH-28JUN19-180-P,258.71,98.47,0.017,400.0,0.023,460.0,108.48,0.16177,-0.21638,-0.03748,0.00204,-0.10969
264.96,ETH-27SEP19,1558263543267,open,0.21,699.0,0.173,0.252,0.212081,98.9,0.172,0.0,ETH-27SEP19-280-C,258.71,95.02,0.203,60.0,0.219,60.0,101.86,0.62006,-0.23428,0.3499,0.00249,0.58038
264.9,ETH-27SEP19,1558263543295,open,0.44,31.0,0.376,0.49,0.433199,100.22,0.476,0.0,ETH-27SEP19-340-P,258.71,97.61,0.427,60.0,0.445,60.0,105.19,0.62858,-0.24068,-0.93018,0.00249,-0.5461
258.71,index_price,1558263543311,open,0.14,0.0,0.09,0.18,0.134966,117.4,None,0,ETH-31MAY19-280-P,258.71,102.92,0.125,300.0,0.136,300.0,118.89,0.17962,-0.88787,-0.06233,0.00703,-0.60548
258.71,index_price,1558263543336,open,0.18,50.0,0.126,0.219,0.172669,127.48,0.23,0,ETH-24MAY19-300-P,258.71,106.58,0.167,100.0,0.174,100.0,131.86,0.07731,-1.01062,-0.03445,0.00678,-0.82417
258.71,index_price,1558263543361,open,0.18,50.0,0.126,0.219,0.172437,127.48,0.23,0,ETH-24MAY19-300-P,258.71,102.3,0.166,100.0,0.174,100.0,131.86,0.07731,-1.01062,-0.03445,0.00678,-0.82417
260.82,ETH-28JUN19,1558263543376,open,0.19,60.0,0.14,0.233,0.186498,108.0,0.204,0.0,ETH-28JUN19-280-P,258.71,103.07,0.18,240.0,0.192,300.0,112.18,0.34385,-0.46565,-0.19792,0.00428,-0.50809
258.71,index_price,1558263543386,open,0.12,59.0,0.081,0.16,0.120303,113.85,0.091,0,ETH-31MAY19-240-C,258.71,110.47,0.118,300.0,0.127,300.0,124.38,0.16684,-0.79973,0.04714,0.00673,0.68019
260.82,ETH-28JUN19,1558263543397,open,0.07,866.0,0.033,0.112,0.072849,111.08,0.074,0.0,ETH-28JUN19-320-C,258.71,108.74,0.07,320.0,0.077,60.0,114.42,0.32076,-0.44676,0.08023,0.00389,0.35442
260.82,ETH-28JUN19,1558263543402,open,0.14,2604.0,0.102,0.181,0.141289,106.7,0.142,0.0,ETH-28JUN19-260-C,258.71,104.13,0.138,240.0,0.146,60.0,110.31,0.33807,-0.45229,0.12314,0.00426,0.57349
258.71,index_price,1558263543410,open,0.11,0.0,0.064,0.152,0.107963,115.15,None,0,ETH-31MAY19-270-P,258.71,103.8,0.1,300.0,0.11,300.0,117.79,0.18521,-0.89792,-0.0546,0.00739,-0.54054
264.96,ETH-27SEP19,1558263543414,open,0.1,2702.0,0.058,0.145,0.101865,98.01,0.138,0.0,ETH-27SEP19-200-P,258.71,94.65,0.096,80.0,0.105,80.0,99.74,0.4696,-0.17584,-0.30572,0.0019,-0.21986
258.71,index_price,1558263543420,open,0.1,3.0,0.059,0.138,0.098491,113.88,0.078,0,ETH-31MAY19-250-C,258.71,110.46,0.096,300.0,0.106,300.0,124.86,0.17953,-0.86081,0.04275,0.00724,0.6062
258.71,index_price,1558263543424,open,0.03,817.0,0.001,0.072,0.032376,117.07,0.018,0,ETH-31MAY19-300-C,258.71,111.49,0.029,400.0,0.037,400.0,124.72,0.15591,-0.76843,0.02049,0.00612,0.2757
264.96,ETH-27SEP19,1558263543439,open,0.14,1685.0,0.092,0.181,0.136496,98.0,0.173,0.0,ETH-27SEP19-220-P,258.71,94.19,0.129,80.0,0.142,80.0,100.75,0.52541,-0.19672,-0.38704,0.00213,-0.27084
258.71,index_price,1558263543444,open,0.2,0.0,0.145,0.239,0.191975,117.51,None,0,ETH-31MAY19-300-P,258.71,99.92,0.182,100.0,0.192,100.0,117.2,0.15619,-0.77276,-0.07706,0.0061,-0.72327
258.71,index_price,1558263543455,open,0.01,81.0,0.001,0.049,0.009095,114.13,0.006,0,ETH-31MAY19-200-P,258.71,93.08,0.004,500.0,0.009,501.0,113.72,0.07452,-0.35807,-0.00817,0.003,-0.08799
258.71,index_price,1558263543464,open,0.06,1007.0,0.017,0.101,0.058954,122.45,0.056,0,ETH-24MAY19-260-P,258.71,109.25,0.053,300.0,0.063,300.0,130.95,0.11921,-1.49693,-0.01883,0.01089,-0.48579
264.9,ETH-27SEP19,1558263543466,open,0.22,1132.0,0.171,0.268,0.219461,97.97,0.23,0.0,ETH-27SEP19-260-P,258.71,95.12,0.213,80.0,0.228,80.0,101.75,0.60023,-0.22466,-0.56229,0.00243,-0.37253
264.96,ETH-27SEP19,1558263543471,open,0.3,842.0,0.267,0.346,0.306182,97.94,0.3,0.0,ETH-27SEP19-220-C,258.71,93.34,0.297,20.0,0.311,20.0,100.4,0.5254,-0.19659,0.40192,0.00213,0.72917
258.71,index_price,1558263543477,open,0.09,401.0,0.058,0.137,0.097885,121.79,0.099,0,ETH-24MAY19-240-C,258.71,111.94,0.094,100.0,0.102,100.0,132.76,0.09942,-1.24171,0.02175,0.00913,0.72697
258.71,index_price,1558263543485,open,0.01,1776.0,0.001,0.052,0.012838,126.7,0.005,0,ETH-24MAY19-300-C,258.71,116.72,0.01,400.0,0.015,1.0,133.78,0.07683,-0.99827,0.00557,0.00678,0.17413
258.71,index_price,1558263543492,open,0.23,111.0,0.197,0.276,0.236029,113.5,0.16,0,ETH-31MAY19-200-C,258.71,106.61,0.234,100.0,0.241,100.0,129.76,0.07388,-0.35307,0.057,0.00299,0.91301
258.71,index_price,1558263543535,open,0.01,157.0,0.001,0.054,0.014725,117.18,0.014,0,ETH-31MAY19-330-C,258.71,110.36,0.012,500.0,0.017,500.0,122.49,0.10774,-0.53155,0.0112,0.00422,0.14782
8095.11,BTC-27SEP19,1558263544129,open,1.78,0.0,1.6365,1.856,1.74634534,109.39,None,0.0,BTC-27SEP19-22000-P,8093.74,0.0,0.0,0.0,0.0,0.0,0.0,9.42598,-3.93918,-76.36918,4e-05,-0.88471
8099.27,BTC-28JUN19,1558263544130,open,0.63,43.8,0.591,0.6705,0.63076078,134.32,0.6,0.0,BTC-28JUN19-3000-C,8093.74,0.0,0.002,1.0,0.817,2.0,500.0,0.5195,-0.87499,3.2055,1e-05,0.99303
8095.11,BTC-27SEP19,1558263544130,open,1.53,0.0,1.4055,1.605,1.50523439,106.93,None,0.0,BTC-27SEP19-20000-P,8093.74,0.0,0.0,0.0,0.0,0.0,0.0,10.64721,-4.34938,-68.73177,4e-05,-0.86269
8095.11,BTC-27SEP19,1558263544130,open,0.69,56.4,0.6575,0.737,0.69724133,113.17,0.6975,0.0,BTC-27SEP19-2500-C,8093.74,0.0,0.0065,10.1,0.703,2.0,130.2,2.25699,-0.97581,8.23351,1e-05,0.9809
8095.11,BTC-27SEP19,1558263544130,open,0.06,26.1,0.0235,0.103,0.06306704,100.42,0.0505,0.0,BTC-27SEP19-15000-C,8093.74,97.06,0.057,3.2,0.0715,3.2,104.92,14.86769,-5.70378,4.96711,6e-05,0.23419
8099.27,BTC-28JUN19,1558263544130,open,0.01,298.3,0.0005,0.0505,0.01016484,114.23,0.0125,0.0,BTC-28JUN19-4750-P,8093.74,104.78,0.007,16.3,0.0115,16.0,117.78,2.95923,-4.23857,-0.57273,4e-05,-0.05456
8095.11,BTC-27SEP19,1558263544130,open,0.04,85.0,0.003,0.0825,0.0426832,104.21,0.0365,0.0,BTC-27SEP19-18000-C,8093.74,100.99,0.038,3.2,0.0495,3.2,108.63,12.09664,-4.81579,3.58976,5e-05,0.16636
8095.11,BTC-27SEP19,1558263544130,open,0.63,226.1,0.5985,0.678,0.63848529,105.15,0.585,0.0,BTC-27SEP19-3000-C,8093.74,0.0,0.0065,20.1,0.653,2.0,133.29,3.23355,-1.29903,9.64312,1e-05,0.97071
8095.11,BTC-27SEP19,1558263544130,open,0.94,0.0,0.84,0.9925,0.91620923,100.51,None,0.0,BTC-27SEP19-15000-P,8093.74,0.0,0.0065,10.1,1.673,0.3,500.0,14.88098,-5.7142,-48.81142,6e-05,-0.76543
8095.11,BTC-27SEP19,1558263544131,open,0.05,40.1,0.015,0.0945,0.05481989,101.65,0.045,0.0,BTC-27SEP19-16000-C,8093.74,98.79,0.05,3.2,0.062,3.2,105.75,13.87385,-5.38805,4.43313,6e-05,0.20755
8095.11,BTC-27SEP19,1558263544130,open,0.08,67.8,0.045,0.1245,0.08477646,97.39,0.0875,0.0,BTC-27SEP19-13000-C,8093.74,94.6,0.079,3.2,0.092,15.0,100.82,16.88695,-6.28325,6.28494,7e-05,0.3013
8095.11,BTC-27SEP19,1558263544130,open,0.04,75.2,0.0005,0.083,0.04181097,96.72,0.0635,0.0,BTC-27SEP19-4750-P,8093.74,92.0,0.0365,4.0,0.0475,10.0,101.58,9.29925,-3.43615,-4.49716,4e-05,-0.11312
8095.11,BTC-27SEP19,1558263544130,open,0.02,42.8,0.0005,0.059,0.01868826,100.17,0.027,0.0,BTC-27SEP19-3750-P,8093.74,92.87,0.014,4.0,0.0235,4.0,106.88,5.52616,-2.11487,-2.18928,2e-05,-0.05674
8099.27,BTC-28JUN19,1558263544131,open,0.04,360.6,0.0015,0.081,0.04141822,104.83,0.036,0.0,BTC-28JUN19-11000-C,8093.74,100.95,0.0375,12.8,0.045,15.8,108.29,8.29913,-10.90911,1.74636,0.00011,0.23878
8099.27,BTC-28JUN19,1558263544131,open,0.01,226.5,0.0005,0.0475,0.0074485,115.27,0.012,0.0,BTC-28JUN19-4500-P,8093.74,106.05,0.005,16.0,0.009,0.1,120.29,2.37883,-3.43816,-0.43349,3e-05,-0.04154
8095.11,BTC-27SEP19,1558263544131,open,0.71,0.0,0.6235,0.758,0.6906734,97.39,None,0.0,BTC-27SEP19-13000-P,8093.74,0.0,0.0065,50.1,1.4375,0.3,500.0,16.88643,-6.28273,-40.3286,7e-05,-0.69872
8099.27,BTC-28JUN19,1558263544131,open,0.02,333.4,0.0005,0.0605,0.01991309,106.82,0.016,0.0,BTC-28JUN19-5500-P,8093.74,100.8,0.0165,16.0,0.0215,16.0,109.49,4.75156,-6.36436,-1.07485,6e-05,-0.10156
8095.11,BTC-27SEP19,1558263544131,open,0.09,171.0,0.047,0.1335,0.09034619,94.62,0.09,0.0,BTC-27SEP19-6000-P,8093.74,91.2,0.0845,3.2,0.097,9.2,98.47,13.90826,-5.02745,-8.67207,6e-05,-0.20842
8099.27,BTC-28JUN19,1558263544131,open,0.0,780.3,0.0005,0.043,0.00349711,126.42,0.0035,0.0,BTC-28JUN19-20000-C,8093.74,117.28,0.002,31.0,0.0045,1.0,131.14,1.58146,-2.50681,0.19311,2e-05,0.02532
8095.11,BTC-27SEP19,1558263544132,open,0.0,421.7,0.0005,0.042,0.00231708,113.27,0.0025,0.0,BTC-27SEP19-2000-P,8093.74,92.59,0.0005,10.0,0.002,10.0,110.79,1.08438,-0.46925,-0.30491,0.0,-0.00819
8093.74,index_price,1558263544130,open,0.01,255.5,0.0005,0.057,0.01736805,116.41,0.014,0,BTC-24MAY19-9000-C,8093.74,111.07,0.0155,22.0,0.019,1.0,120.95,2.87648,-34.3378,0.23559,0.00028,0.23527
8093.74,index_price,1558263544131,open,0.0,101.4,0.0005,0.04,1.167e-05,135.0,0.0005,0,BTC-31MAY19-3500-P,8093.74,0.0,0.0,0.0,0.002,10.1,227.38,0.01015,-0.0577,-0.00051,0.0,-0.00018
8099.27,BTC-28JUN19,1558263544132,open,0.01,382.3,0.0005,0.054,0.01417671,110.9,0.01,0.0,BTC-28JUN19-14000-C,8093.74,108.75,0.013,16.0,0.0155,1.5,113.21,4.52957,-6.29874,0.71638,6e-05,0.09514
8095.34,BTC-27SEP19,1558263544132,open,0.5,0.2,0.4635,0.543,0.50344854,97.96,0.26,0.0,BTC-27SEP19-4250-C,8093.74,0.0,0.0105,0.1,0.528,2.0,122.22,7.34178,-2.74771,12.03333,3e-05,0.91801
8095.34,BTC-27SEP19,1558263544131,open,0.76,0.0,0.668,0.8065,0.73703127,91.06,None,0.0,BTC-27DEC19-13000-P,8093.74,0.0,0.007,1.0,1.542,0.3,500.0,23.98194,-4.92097,-66.90564,7e-05,-0.62257
8099.5,BTC-28JUN19,1558263544133,open,0.02,302.6,0.0005,0.0595,0.0199849,109.02,0.02,0.0,BTC-28JUN19-13000-C,8093.74,106.09,0.018,16.0,0.0235,16.0,113.9,5.62154,-7.68433,0.96126,7e-05,0.12862
8095.34,BTC-27SEP19,1558263544133,open,0.55,0.0,0.5155,0.595,0.55544727,100.16,None,0.0,BTC-27SEP19-3750-C,8093.74,0.0,0.0035,0.2,0.583,2.0,133.45,5.52472,-2.11403,11.25773,2e-05,0.94328
8099.5,BTC-28JUN19,1558263544133,open,0.54,30.0,0.501,0.5805,0.54097817,128.77,0.298,0.0,BTC-28JUN19-3750-C,8093.74,0.0,0.009,0.3,0.7905,3.0,500.0,1.38268,-2.23252,3.87069,1e-05,0.97841
8093.74,index_price,1558263544130,open,0.01,556.6,0.0005,0.048,0.00832865,129.19,0.004,0,BTC-24MAY19-9750-C,8093.74,125.54,0.0075,51.0,0.0095,1.0,134.1,1.87737,-24.87216,0.12134,0.00017,0.12055
8095.34,BTC-27SEP19,1558263544133,open,0.02,374.8,0.0005,0.055,0.01482454,101.48,0.0155,0.0,BTC-27SEP19-3500-P,8093.74,92.38,0.01,4.0,0.0195,4.0,109.07,4.6865,-1.81702,-1.76903,2e-05,-0.04612
8095.34,BTC-27SEP19,1558263544131,open,0.59,4.0,0.556,0.6355,0.59595657,93.33,0.59,0.0,BTC-27DEC19-3500-C,8093.74,0.0,0.001,3.0,0.68,3.0,161.51,7.97769,-1.67789,16.6972,2e-05,0.93526
8095.34,BTC-27SEP19,1558263544133,open,0.02,157.1,0.0005,0.064,0.02322781,99.03,0.028,0.0,BTC-27SEP19-4000-P,8093.74,92.79,0.0185,6.0,0.028,6.0,104.83,6.41685,-2.42769,-2.66899,3e-05,-0.06872
8095.34,BTC-27SEP19,1558263544133,open,0.07,28.6,0.031,0.1105,0.07069528,97.87,0.06,0.0,BTC-27SEP19-14000-C,8093.74,95.69,0.0665,3.2,0.0755,15.1,100.32,15.74052,-5.88539,5.51069,7e-05,0.26054
8099.5,BTC-28JUN19,1558263544133,open,0.5,322.4,0.471,0.5505,0.51072118,122.31,0.451,0.0,BTC-28JUN19-4000-C,8093.74,0.0,0.0605,3.0,0.0,0.0,0.0,1.60382,-2.45964,4.10158,2e-05,0.97425
8095.34,BTC-27SEP19,1558263544134,open,0.03,1018.1,0.0005,0.0695,0.02850549,98.03,0.036,0.0,BTC-27SEP19-4250-P,8093.74,92.32,0.0235,4.0,0.034,10.0,103.9,7.34766,-2.75188,-3.20999,3e-05,-0.08208
8093.74,index_price,1558263544129,open,0.24,0.0,0.1795,0.2775,0.22842619,116.7,None,0,BTC-31MAY19-9750-P,8093.74,0.0,0.0,0.0,0.0,0.0,0.0,4.29933,-21.12422,-2.66103,0.00017,-0.78207
8099.5,BTC-28JUN19,1558263544134,open,0.03,358.1,0.0005,0.068,0.02841442,106.81,0.0195,0.0,BTC-28JUN19-12000-C,8093.74,103.92,0.026,12.8,0.031,0.3,109.8,6.88536,-9.22129,1.29158,9e-05,0.17438
8093.74,index_price,1558263544130,open,0.33,0.0,0.2595,0.364,0.31192406,122.29,None,0,BTC-31MAY19-10500-P,8093.74,0.0,0.0,0.0,0.0,0.0,0.0,3.2869,-16.9237,-3.07985,0.00013,-0.85761
8099.5,BTC-28JUN19,1558263544134,open,0.24,510.2,0.204,0.2835,0.24357098,101.71,0.2385,0.0,BTC-28JUN19-6500-C,8093.74,0.0,0.051,2.0,0.0,0.0,0.0,7.61508,-9.71187,4.87586,0.0001,0.7946
8095.34,BTC-27SEP19,1558263544131,open,0.27,117.0,0.2285,0.308,0.26832652,86.47,0.272,0.0,BTC-27DEC19-8000-C,8093.74,82.6,0.257,2.4,0.2785,5.0,89.96,23.64499,-4.60756,18.22011,7e-05,0.63858
8093.74,index_price,1558263544130,open,0.0,633.8,0.0005,0.04,0.00047548,135.0,0.001,0,BTC-31MAY19-4500-P,8093.74,0.0,0.0,0.0,0.001,12.0,148.65,0.23589,-1.34076,-0.01617,1e-05,-0.00566
8095.34,BTC-27SEP19,1558263544130,open,0.0,122.6,0.0005,0.0415,0.00185577,101.13,0.0025,0.0,BTC-27DEC19-1500-P,8093.74,85.47,0.0005,107.0,0.0025,6.0,105.76,1.01983,-0.23241,-0.37009,0.0,-0.00566
8093.74,index_price,1558263544130,open,0.39,0.0,0.3155,0.4245,0.37006028,126.58,None,0,BTC-31MAY19-11000-P,8093.74,0.0,0.0,0.0,0.0,0.0,0.0,2.73505,-14.57641,-3.31972,0.0001,-0.89057
8093.74,index_price,1558263544131,open,0.0,190.8,0.0005,0.042,0.00203494,127.12,0.001,0,BTC-24MAY19-6250-P,8093.74,112.51,0.001,95.0,0.003,11.3,137.13,0.69554,-9.06676,-0.03831,6e-05,-0.0334
8093.74,index_price,1558263544132,open,0.2,291.0,0.1695,0.249,0.20944247,111.41,0.1355,0,BTC-31MAY19-6500-C,8093.74,0.0,0.0015,2.1,0.0,0.0,0.0,2.86327,-13.43058,1.77456,0.00012,0.88331
8095.34,BTC-27SEP19,1558263544132,open,0.01,178.6,0.0005,0.052,0.01192153,100.18,0.0125,0.0,BTC-27DEC19-2500-P,8093.74,86.73,0.006,4.0,0.0165,4.0,108.36,4.18212,-0.94417,-2.01651,1e-05,-0.02906
8093.74,index_price,1558263544130,open,0.04,113.9,0.0005,0.074,0.03273696,107.86,0.035,0,BTC-31MAY19-7250-P,8093.74,102.21,0.0295,16.0,0.0355,16.0,112.61,4.6747,-21.22871,-0.7541,0.0002,-0.25362
8093.74,index_price,1558263544134,open,0.47,9.8,0.4355,0.515,0.47510997,134.03,0.212,0,BTC-31MAY19-4250-C,8093.74,0.0,0.006,0.5,0.0,0.0,0.0,0.12036,-0.67918,1.3752,0.0,0.99733
8095.34,BTC-27SEP19,1558263544132,open,0.23,15.1,0.175,0.2725,0.22359632,88.09,0.2,0.0,BTC-27DEC19-7500-P,8093.74,86.28,0.2185,2.0,0.231,8.2,90.74,22.70765,-4.50785,-26.98101,6e-05,-0.32469
8093.74,index_price,1558263544130,open,0.25,503.2,0.225,0.3045,0.26487905,116.2,0.26,0,BTC-31MAY19-6000-C,8093.74,0.0,0.085,3.0,0.2935,3.0,199.39,1.79865,-8.79923,1.7709,7e-05,0.93736
8093.74,index_price,1558263544131,open,0.4,0.0,0.3735,0.453,0.41311974,0.0,0.2,0,BTC-24MAY19-4750-C,8093.74,0.0,0.0055,0.2,0.9995,1.0,500.0,0.0,0.0,0.63451,0.0,1.0
8093.74,index_price,1558263544129,open,0.32,0.0,0.249,0.3525,0.30083644,135.27,None,0,BTC-24MAY19-10500-P,8093.74,0.0,0.004,1.0,0.502,0.1,500.0,1.0598,-14.70108,-1.34556,9e-05,-0.94371
8095.34,BTC-27SEP19,1558263544133,open,0.15,90.1,0.108,0.1875,0.14772879,89.72,0.12,0.0,BTC-27DEC19-12000-C,8093.74,87.67,0.1415,1.0,0.1525,10.0,91.28,24.61533,-4.97677,13.18581,7e-05,0.41568
8093.74,index_price,1558263544131,open,0.34,0.0,0.3115,0.391,0.35143615,132.5,None,0,BTC-24MAY19-5250-C,8093.74,0.0,0.0035,0.2,1.0,0.1,500.0,0.05517,-0.74958,0.69921,0.0,0.99815
8093.74,index_price,1558263544132,open,0.02,139.8,0.0005,0.0535,0.01305117,110.7,0.011,0,BTC-24MAY19-7250-P,8093.74,103.71,0.011,19.0,0.014,0.3,113.82,2.4342,-27.63278,-0.20615,0.00025,-0.17763
8095.34,BTC-27SEP19,1558263544131,open,0.87,0.0,0.7715,0.9185,0.84487403,91.67,None,0.0,BTC-27DEC19-14000-P,8093.74,0.0,0.007,1.0,1.663,0.2,500.0,23.15956,-4.78454,-73.99198,6e-05,-0.65873
8093.74,index_price,1558263544131,open,0.0,241.1,0.0005,0.04,9.4e-05,135.01,0.0005,0,BTC-31MAY19-4000-P,8093.74,0.0,0.0,0.0,0.023,15.0,327.71,0.06167,-0.35052,-0.00362,0.0,-0.00128
8093.74,index_price,1558263544131,open,0.0,100.7,0.0005,0.04,3.546e-05,135.0,0.0005,0,BTC-31MAY19-3750-P,8093.74,0.0,0.0,0.0,0.005,25.0,246.08,0.02677,-0.15216,-0.00146,0.0,-0.00052
8093.74,index_price,1558263544135,open,0.0,303.5,0.0005,0.0405,0.00093614,135.0,0.001,0,BTC-31MAY19-4750-P,8093.74,124.36,0.0005,5.0,0.0025,20.0,157.07,0.40383,-2.29533,-0.02994,1e-05,-0.01043
8093.74,index_price,1558263544131,open,0.01,481.2,0.0005,0.046,0.00621377,116.29,0.005,0,BTC-31MAY19-6000-P,8093.74,105.25,0.004,20.0,0.008,21.0,123.83,1.80162,-8.82096,-0.18167,7e-05,-0.06277
8095.34,BTC-27SEP19,1558263544131,open,0.05,22.3,0.0135,0.093,0.05328436,97.87,0.0505,0.0,BTC-27DEC19-22000-C,8093.74,94.67,0.047,3.2,0.0605,3.2,101.34,16.35931,-3.60798,6.06444,4e-05,0.17652
8093.74,index_price,1558263544148,open,0.06,153.7,0.0335,0.113,0.07348812,109.5,0.0715,0,BTC-24MAY19-7750-C,8093.74,102.43,0.0705,12.0,0.0725,0.6,107.17,3.43639,-38.5864,0.63163,0.00036,0.6577
8093.74,index_price,1558263544153,open,0.31,529.3,0.2835,0.363,0.32331349,121.77,0.232,0,BTC-31MAY19-5500-C,8093.74,0.0,0.145,2.0,0.342,3.0,200.48,1.01599,-5.20878,1.7008,4e-05,0.96917
8099.5,BTC-28JUN19,1558263544171,open,0.89,2.0,0.7895,0.938,0.86393601,116.43,2.658,0.0,BTC-28JUN19-15000-P,8093.74,0.0,0.0,0.0,1.3135,1.0,500.0,3.95857,-5.77924,-15.79032,5e-05,-0.92057
8095.34,BTC-27SEP19,1558263544192,open,2.05,0.0,1.8885,2.1285,2.00845544,98.1,None,0.0,BTC-27DEC19-24000-P,8093.74,0.0,0.0065,10.1,2.879,0.2,500.0,14.68648,-3.24687,-140.68646,4e-05,-0.85045
8093.74,index_price,1558263544226,open,0.01,31.4,0.0005,0.048,0.00844242,130.91,0.005,0,BTC-31MAY19-11500-C,8093.74,125.54,0.007,20.0,0.011,20.0,139.39,2.28015,-12.56704,0.20271,8e-05,0.08542
8095.16,BTC-27SEP19,1558263544762,open,0.38,123.6,0.3445,0.424,0.38420759,88.09,0.369,0.0,BTC-27DEC19-6000-C,8093.74,87.79,0.3835,5.0,0.4,0.1,94.96,18.58259,-3.68907,19.58238,5e-05,0.78215
258.71,index_price,1558263544815,open,0.05,405.0,0.013,0.092,0.052502,117.15,0.055,0,ETH-31MAY19-280-C,258.71,110.64,0.048,400.0,0.057,400.0,123.61,0.17957,-0.88575,0.02876,0.00704,0.39413
264.96,ETH-27SEP19,1558263544877,open,0.32,36.0,0.267,0.372,0.319784,98.96,0.327,0.0,ETH-27SEP19-300-P,258.71,96.53,0.314,60.0,0.331,60.0,103.68,0.63058,-0.2384,-0.74603,0.00253,-0.46546
260.88,ETH-28JUN19,1558263544877,open,0.04,2455.0,0.001,0.081,0.039922,106.73,0.055,0.0,ETH-28JUN19-200-P,258.71,99.68,0.034,320.0,0.041,380.0,107.98,0.22329,-0.29882,-0.06161,0.00281,-0.17626
264.96,ETH-27SEP19,1558263544877,open,0.0,174.0,0.001,0.04,0.000812,104.02,0.002,0.0,ETH-27SEP19-60-P,258.71,0.0,0.0,0.0,0.0,0.0,0.0,0.01671,-0.00664,-0.0041,6e-05,-0.00351
264.96,ETH-27SEP19,1558263544877,open,0.23,657.0,0.199,0.278,0.238047,97.97,0.224,0.0,ETH-27SEP19-260-C,258.71,94.43,0.23,60.0,0.245,60.0,101.05,0.60029,-0.22469,0.37011,0.00243,0.62761
264.96,ETH-27SEP19,1558263544880,open,0.02,7287.0,0.001,0.056,0.015663,97.97,0.023,0.0,ETH-27SEP19-120-P,258.71,91.69,0.012,100.0,0.019,100.0,103.13,0.164,-0.06139,-0.06252,0.00066,-0.05014
258.71,index_price,1558263544883,open,0.14,1.0,0.106,0.185,0.145123,114.05,0.1,0,ETH-31MAY19-230-C,258.71,108.56,0.142,100.0,0.151,100.0,124.17,0.14828,-0.71201,0.05092,0.00597,0.75005
260.88,ETH-28JUN19,1558263544918,open,0.69,0.0,0.655,0.734,0.694327,154.82,None,0.0,ETH-28JUN19-80-C,258.71,0.0,0.003,2.0,0.0,0.0,0.0,0.01279,-0.02484,0.08565,0.00011,0.99485
264.96,ETH-27SEP19,1558263545016,open,0.56,147.0,0.523,0.602,0.562765,97.97,0.45,0.0,ETH-27SEP19-120-C,258.71,0.0,0.037,5.0,0.0,0.0,0.0,0.164,-0.06139,0.36776,0.00066,0.94986
264.96,ETH-27SEP19,1558263545053,open,1.18,0.0,1.086,1.259,1.172441,109.95,None,0.0,ETH-27SEP19-560-P,258.71,0.0,0.0,0.0,0.0,0.0,0.0,0.45688,-0.19192,-1.86469,0.00165,-0.79029
258.71,index_price,1558263545082,open,0.04,2227.0,0.001,0.081,0.040122,122.17,0.04,0,ETH-24MAY19-250-P,258.71,108.18,0.034,400.0,0.043,400.0,128.72,0.11358,-1.42303,-0.01442,0.0104,-0.37709
264.96,ETH-27SEP19,1558263545090,open,0.11,1619.0,0.071,0.15,0.110463,102.62,0.12,0.0,ETH-27SEP19-400-C,258.71,100.16,0.105,80.0,0.118,80.0,105.97,0.59258,-0.23231,0.23543,0.00229,0.35827
8099.53,BTC-28JUN19,1558263545129,open,0.06,1327.6,0.021,0.1005,0.06051098,102.29,0.064,0.0,BTC-28JUN19-10000-C,8093.73,98.47,0.056,12.8,0.0625,0.5,103.96,9.63256,-12.35454,2.33834,0.00013,0.32477
8099.53,BTC-28JUN19,1558263545129,open,0.81,33.8,0.775,0.8545,0.81480162,0.0,0.7145,0.0,BTC-28JUN19-1500-C,8093.73,0.0,0.002,0.4,0.8855,2.0,500.0,0.0,0.0,1.63873,0.0,1.0
8099.53,BTC-28JUN19,1558263545129,open,0.01,137.0,0.0005,0.044,0.00398534,128.86,0.0065,0.0,BTC-28JUN19-3750-P,8093.73,103.9,0.001,16.0,0.0055,16.0,136.9,1.38585,-2.23924,-0.22678,2e-05,-0.02164
8099.53,BTC-28JUN19,1558263545129,open,0.01,528.2,0.0005,0.0445,0.00459561,122.39,0.0105,0.0,BTC-28JUN19-4000-P,8093.73,109.94,0.0025,1.0,0.006,10.0,128.95,1.60716,-2.46648,-0.26907,2e-05,-0.02581
8095.16,BTC-27SEP19,1558263545129,open,0.01,28.3,0.0005,0.052,0.01156257,102.94,0.0095,0.0,BTC-27SEP19-3250-P,8093.73,92.29,0.007,4.0,0.016,4.0,111.43,3.90524,-1.53585,-1.40464,2e-05,-0.03683
8099.52,BTC-28JUN19,1558263545131,open,0.28,1886.3,0.252,0.3315,0.29151472,105.77,0.29,0.0,BTC-28JUN19-6000-C,8093.73,104.45,0.2905,0.7,0.3,2.1,116.39,6.2636,-8.30673,4.93489,8e-05,0.84922
8095.16,BTC-27SEP19,1558263545133,open,0.81,42.8,0.776,0.8555,0.81593729,124.36,0.815,0.0,BTC-27SEP19-1500-C,8093.73,0.0,0.0,0.0,0.0,0.0,0.0,0.59906,-0.28463,5.22094,0.0,0.99581
8095.15,BTC-27SEP19,1558263545133,open,0.34,731.8,0.3095,0.389,0.34913043,94.6,0.2905,0.0,BTC-27SEP19-6000-C,8093.73,0.0,0.2585,10.0,0.455,0.3,154.79,13.90773,-5.02633,12.84305,6e-05,0.79159
8099.52,BTC-28JUN19,1558263545133,open,0.04,356.7,0.0005,0.0735,0.03232222,105.8,0.03,0.0,BTC-28JUN19-6000-P,8093.73,103.42,0.0305,1.0,0.0325,16.0,106.02,6.26484,-8.31069,-1.62062,8e-05,-0.15083
8093.73,index_price,1558263545129,open,0.45,0.0,0.3725,0.486,0.42929594,130.91,None,0,BTC-31MAY19-11500-P,8093.73,0.0,0.0,0.0,0.0,0.0,0.0,2.28022,-12.56768,-3.53894,8e-05,-0.91458
8095.15,BTC-27SEP19,1558263545135,open,0.45,13.5,0.4155,0.495,0.45503495,96.72,0.382,0.0,BTC-27SEP19-4750-C,8093.73,0.0,0.01,3.0,0.501,3.0,132.96,9.29894,-3.43591,12.53491,4e-05,0.88688
8095.15,BTC-27SEP19,1558263545136,open,0.1,691.0,0.0615,0.141,0.10129435,96.47,0.076,0.0,BTC-27SEP19-12000-C,8093.73,93.38,0.0945,3.2,0.11,15.0,100.38,17.90379,-6.59846,7.14065,8e-05,0.3473
8095.15,BTC-27SEP19,1558263545130,open,0.76,0.0,0.719,0.7985,0.75858386,101.15,None,0.0,BTC-27DEC19-2000-C,8093.73,0.0,0.014,0.1,0.991,0.5,500.0,2.40511,-0.5482,11.13628,1e-05,0.98489
8095.15,BTC-27SEP19,1558263545132,open,0.02,99.8,0.0005,0.0575,0.0169803,93.63,0.02,0.0,BTC-27DEC19-3000-P,8093.73,87.62,0.013,4.0,0.02,1.0,97.77,5.68885,-1.20029,-2.91609,2e-05,-0.04228
8093.73,index_price,1558263545130,open,0.31,0.0,0.281,0.3605,0.32073924,135.04,None,0,BTC-24MAY19-5500-C,8093.73,0.0,0.0505,2.0,0.9995,0.1,500.0,0.1433,-1.98451,0.72863,1e-05,0.99467
8093.73,index_price,1558263545129,open,0.17,249.3,0.1435,0.223,0.18345007,109.49,0.119,0,BTC-31MAY19-6750-C,8093.73,0.0,0.0215,5.0,0.22,0.1,181.68,3.46892,-15.99049,1.74388,0.00015,0.84567
8095.15,BTC-27SEP19,1558263545130,open,1.09,0.0,0.9845,1.149,1.06672695,92.58,None,0.0,BTC-27DEC19-16000-P,8093.73,0.0,0.0065,5.0,1.906,0.2,500.0,21.2433,-4.43178,-87.92613,6e-05,-0.72007
8093.73,index_price,1558263545129,open,0.0,41.1,0.0005,0.0445,0.00496681,134.95,0.005,0,BTC-24MAY19-10250-C,8093.73,132.03,0.0045,120.0,0.0075,2.0,148.78,1.3302,-18.40807,0.0762,0.00011,0.07545
8095.15,BTC-27SEP19,1558263545132,open,0.45,58.4,0.418,0.4975,0.45768722,88.61,0.393,0.0,BTC-27DEC19-5000-C,8093.73,89.89,0.46,28.0,0.511,0.5,117.03,14.61776,-2.91889,19.37875,4e-05,0.85149
8093.73,index_price,1558263545130,open,0.19,21.3,0.1605,0.24,0.20048001,124.5,0.121,0,BTC-24MAY19-6500-C,8093.73,0.0,0.0025,3.1,0.276,0.1,385.91,1.04443,-13.33469,0.80467,0.0001,0.94474
8093.73,index_price,1558263545131,open,0.28,301.7,0.254,0.3335,0.29373839,118.44,0.198,0,BTC-31MAY19-5750-C,8093.73,0.0,0.113,2.0,0.317,3.0,199.34,1.35652,-6.76462,1.74425,5e-05,0.9561
8093.73,index_price,1558263545133,open,0.02,122.6,0.0005,0.058,0.01742794,109.48,0.015,0,BTC-31MAY19-6750-P,8093.73,103.68,0.015,16.0,0.0195,16.0,114.23,3.46886,-15.98985,-0.4523,0.00015,-0.15433
8093.73,index_price,1558263545135,open,0.02,294.7,0.0005,0.053,0.0125514,111.46,0.011,0,BTC-31MAY19-6500-P,8093.73,105.47,0.0105,20.0,0.0145,20.0,116.82,2.86491,-13.44474,-0.34059,0.00012,-0.11678
8095.15,BTC-27SEP19,1558263545129,open,0.7,0.0,0.6635,0.743,0.70310144,100.19,None,0.0,BTC-27DEC19-2500-C,8093.73,0.0,0.014,0.1,0.9895,0.5,500.0,4.18326,-0.94453,13.17966,1e-05,0.97093
264.96,ETH-27SEP19,1558263545160,open,0.44,400.0,0.405,0.484,0.444035,97.89,0.383,0.0,ETH-27SEP19-160-C,258.71,0.0,0.38,1.0,0.599,10.0,208.65,0.32539,-0.12169,0.41007,0.00132,0.87566
260.88,ETH-28JUN19,1558263545186,open,0.3,736.0,0.262,0.341,0.301544,106.5,0.24,0.0,ETH-28JUN19-190-C,258.71,0.0,0.01,15.0,0.53,23.0,354.41,0.19268,-0.2573,0.15893,0.00243,0.85919
258.71,index_price,1558263545186,open,0.0,95.0,0.001,0.04,8e-06,170.0,0.001,0,ETH-24MAY19-130-P,258.71,0.0,0.0,0.0,0.001,100.0,268.04,0.00018,-0.00208,-1e-05,1e-05,-0.00016
8093.73,index_price,1558263545196,open,0.08,134.6,0.0545,0.134,0.09412025,110.32,0.085,0,BTC-24MAY19-7500-C,8093.73,104.54,0.092,2.0,0.099,4.0,123.25,2.99899,-33.92829,0.70455,0.00031,0.74578
260.88,ETH-28JUN19,1558263545200,open,0.0,3083.0,0.001,0.04,0.000555,118.34,0.001,0.0,ETH-28JUN19-100-P,258.71,0.0,0.0,0.0,0.0,0.0,0.0,0.01035,-0.01536,-0.00132,0.00012,-0.00406
260.88,ETH-28JUN19,1558263545200,open,0.3,0.0,0.248,0.351,0.299531,111.06,None,0.0,ETH-28JUN19-320-P,258.71,43.15,0.232,10.0,0.0,0.0,0.0,0.3209,-0.44688,-0.26931,0.00389,-0.64539
258.71,index_price,1558263545209,open,0.0,1892.0,0.001,0.041,0.00173,122.95,0.002,0,ETH-24MAY19-200-P,258.71,0.0,0.0,0.0,0.003,500.0,136.64,0.02028,-0.25573,-0.00109,0.00185,-0.02989
258.71,index_price,1558263545209,open,0.49,0.0,0.458,0.537,0.497515,170.0,None,0,ETH-24MAY19-130-C,258.71,0.0,0.009,4.0,0.0,0.0,0.0,0.00018,-0.00318,0.01736,1e-05,0.99984
8093.73,index_price,1558263545198,open,0.03,206.6,0.002,0.0815,0.04190268,109.58,0.033,0,BTC-24MAY19-8250-C,8093.73,103.25,0.039,12.0,0.047,12.0,120.66,3.71759,-41.77402,0.45751,0.00039,0.46507
258.71,index_price,1558263545234,open,0.0,86.0,0.001,0.04,3.5e-05,170.0,0.001,0,ETH-24MAY19-140-P,258.71,0.0,0.0,0.0,0.001,100.0,241.65,0.00066,-0.00908,-2e-05,4e-05,-0.00063
264.96,ETH-27SEP19,1558263545239,open,0.07,4900.0,0.03,0.115,0.072271,97.97,0.099,0.0,ETH-27SEP19-180-P,258.71,93.81,0.066,80.0,0.075,80.0,99.77,0.40219,-0.15054,-0.23061,0.00163,-0.17046
260.88,ETH-28JUN19,1558263545240,open,0.01,7228.0,0.001,0.046,0.006607,106.71,0.008,0.0,ETH-28JUN19-150-P,258.71,96.41,0.004,50.0,0.008,60.0,111.31,0.07499,-0.10033,-0.01341,0.00095,-0.04045
264.96,ETH-27SEP19,1558263545240,open,0.01,3243.0,0.001,0.049,0.00933,104.02,0.005,0.0,ETH-27SEP19-100-P,258.71,100.65,0.008,10.0,0.011,100.0,107.91,0.10896,-0.0433,-0.03769,0.00042,-0.03034
258.71,index_price,1558263545240,open,0.0,981.0,0.001,0.04,0.00092,129.54,0.001,0,ETH-24MAY19-190-P,258.71,0.0,0.0,0.0,0.002,100.0,147.18,0.01217,-0.16164,-0.0006,0.00105,-0.01631
264.96,ETH-27SEP19,1558263545248,open,0.63,0.0,0.592,0.671,0.631915,104.02,None,0.0,ETH-27SEP19-100-C,258.71,0.0,0.003,10.0,0.0,0.0,0.0,0.10896,-0.0433,0.32088,0.00042,0.96966
260.88,ETH-28JUN19,1558263545248,open,0.11,1308.0,0.073,0.152,0.112961,107.94,0.121,0.0,ETH-28JUN19-280-C,258.71,104.93,0.109,240.0,0.119,60.0,112.52,0.34393,-0.46548,0.10805,0.00429,0.49207
264.96,ETH-27SEP19,1558263545248,open,0.77,0.0,0.735,0.814,0.774362,104.02,0.01,0.0,ETH-27SEP19-60-C,258.71,0.0,0.003,10.0,0.0,0.0,0.0,0.01671,-0.00664,0.21103,6e-05,0.99649
258.71,index_price,1558263545248,open,0.38,0.0,0.342,0.421,0.381908,169.82,0.196,0,ETH-24MAY19-160-C,258.71,0.0,0.001,11.0,0.0,0.0,0.0,0.00466,-0.0812,0.02117,0.00031,0.99456
264.96,ETH-27SEP19,1558263545250,open,0.76,0.0,0.682,0.821,0.751672,103.84,None,0.0,ETH-27SEP19-440-P,258.71,0.0,0.0,0.0,0.0,0.0,0.0,0.55724,-0.22107,-1.37265,0.00213,-0.69314
260.88,ETH-28JUN19,1558263545250,open,0.03,3106.0,0.001,0.071,0.030016,106.72,0.027,0.0,ETH-28JUN19-190-P,258.71,99.76,0.025,400.0,0.031,400.0,108.05,0.193,-0.25827,-0.04879,0.00243,-0.14116
258.71,index_price,1558263545250,open,0.12,156.0,0.087,0.166,0.126045,122.17,0.115,0,ETH-24MAY19-230-C,258.71,108.39,0.122,100.0,0.129,100.0,131.58,0.0793,-0.99356,0.02388,0.00726,0.81691
258.71,index_price,1558263545250,open,0.07,408.0,0.034,0.113,0.073789,122.17,0.062,0,ETH-24MAY19-250-C,258.71,113.53,0.07,300.0,0.079,300.0,134.02,0.11358,-1.42303,0.01898,0.0104,0.62291
260.88,ETH-28JUN19,1558263545273,open,0.0,2026.0,0.001,0.04,0.000246,119.51,0.001,0.0,ETH-28JUN19-90-P,258.71,0.0,0.0,0.0,0.0,0.0,0.0,0.00526,-0.00788,-0.00062,6e-05,-0.00192
260.88,ETH-28JUN19,1558263545273,open,0.0,1501.0,0.001,0.041,0.000983,154.85,0.002,0.0,ETH-28JUN19-80-P,258.71,0.0,0.0,0.0,0.002,14.0,170.89,0.01281,-0.02486,-0.00175,0.00011,-0.00515
260.88,ETH-28JUN19,1558263545289,open,0.1,4688.0,0.055,0.142,0.098116,106.75,0.095,0.0,ETH-28JUN19-240-P,258.71,100.87,0.091,320.0,0.102,320.0,109.96,0.3159,-0.42285,-0.12483,0.00398,-0.33986
260.88,ETH-28JUN19,1558263545322,open,0.0,4769.0,0.001,0.041,0.001752,113.39,0.004,0.0,ETH-28JUN19-120-P,258.71,0.0,0.0,0.0,0.003,9.0,123.55,0.0268,-0.0381,-0.0039,0.00032,-0.01193
264.96,ETH-27SEP19,1558263545322,open,0.19,1460.0,0.148,0.227,0.187459,98.92,0.149,0.0,ETH-27SEP19-300-C,258.71,95.79,0.18,60.0,0.195,160.0,102.1,0.63059,-0.23832,0.32968,0.00253,0.53447
264.96,ETH-27SEP19,1558263545322,open,0.27,2.0,0.219,0.319,0.268928,98.93,0.737,0.0,ETH-27SEP19-280-P,258.71,95.98,0.262,60.0,0.278,120.0,102.82,0.62005,-0.23436,-0.6541,0.00249,-0.41956
264.96,ETH-27SEP19,1558263545322,open,0.9,0.0,0.814,0.964,0.888754,105.68,None,0.0,ETH-27SEP19-480-P,258.71,0.0,0.0,0.0,0.0,0.0,0.0,0.52143,-0.21052,-1.54097,0.00196,-0.73323
264.96,ETH-27SEP19,1558263545322,open,0.27,2065.0,0.23,0.309,0.269993,97.97,0.267,0.0,ETH-27SEP19-240-C,258.71,93.79,0.261,60.0,0.276,60.0,100.77,0.56889,-0.21293,0.38758,0.00231,0.67795
260.88,ETH-28JUN19,1558263545322,open,0.18,1320.0,0.138,0.217,0.177941,106.58,0.181,0.0,ETH-28JUN19-240-C,258.71,104.15,0.175,40.0,0.184,240.0,111.58,0.31589,-0.42215,0.13744,0.00399,0.66018
8093.73,index_price,1558263545345,open,0.02,173.1,0.0005,0.0595,0.0197254,117.68,0.0185,0,BTC-31MAY19-10000-C,8093.73,115.12,0.0185,16.0,0.023,16.0,124.27,3.91889,-19.41721,0.43966,0.00016,0.18668
260.88,ETH-28JUN19,1558263545348,open,0.22,1728.0,0.182,0.261,0.221783,106.56,0.214,0.0,ETH-28JUN19-220-C,258.71,101.07,0.216,80.0,0.225,60.0,109.58,0.27667,-0.36967,0.14923,0.00349,0.74538
258.71,index_price,1558263545371,open,0.08,13.0,0.04,0.119,0.079663,114.05,0.07,0,ETH-31MAY19-260-C,258.71,110.34,0.077,300.0,0.087,300.0,124.28,0.18559,-0.8912,0.03802,0.00747,0.53136
8093.73,index_price,1558263545416,open,0.03,149.0,0.0005,0.0645,0.02382349,107.86,0.0255,0,BTC-31MAY19-7000-P,8093.73,103.2,0.0215,16.0,0.0265,16.0,113.1,4.08083,-18.53205,-0.58804,0.00018,-0.19948
258.71,index_price,1558263545475,open,0.3,100.0,0.267,0.346,0.306915,114.05,0.256,0,ETH-31MAY19-180-C,258.71,0.0,0.001,1.0,0.0,0.0,0.0,0.03264,-0.15671,0.05573,0.00131,0.96899
258.71,index_price,1558263545670,open,0.04,301.0,0.001,0.075,0.034149,114.05,0.071,0,ETH-31MAY19-230-P,258.71,103.14,0.028,400.0,0.034,60.0,113.79,0.14828,-0.71201,-0.02391,0.00597,-0.24995
264.96,ETH-27SEP19,1558263545714,open,0.07,0.0,0.028,0.107,0.067119,107.92,None,0.0,ETH-27SEP19-520-C,258.71,105.11,0.062,80.0,0.073,80.0,111.07,0.48836,-0.20136,0.16016,0.0018,0.2357
258.71,index_price,1558263545804,open,0.23,0.0,0.175,0.272,0.223352,117.18,None,0,ETH-31MAY19-310-P,258.71,98.78,0.214,100.0,0.223,100.0,116.53,0.14052,-0.69327,-0.0839,0.00551,-0.77338
260.88,ETH-28JUN19,1558263545829,open,0.03,1605.0,0.001,0.071,0.031642,116.4,0.028,0.0,ETH-28JUN19-400-C,258.71,114.53,0.03,320.0,0.036,380.0,121.36,0.22561,-0.32929,0.04206,0.00261,0.17918
264.96,ETH-27SEP19,1558263545831,open,0.38,22.0,0.321,0.43,0.375433,99.74,0.412,0.0,ETH-27SEP19-320-P,258.71,97.47,0.37,60.0,0.387,60.0,104.58,0.63286,-0.24115,-0.8383,0.00252,-0.50694
264.96,ETH-27SEP19,1558263545839,open,0.21,699.0,0.173,0.252,0.212165,98.93,0.172,0.0,ETH-27SEP19-280-C,258.71,95.02,0.203,60.0,0.218,60.0,101.43,0.62005,-0.23436,0.34988,0.00249,0.58044
264.96,ETH-27SEP19,1558263545847,open,0.44,31.0,0.376,0.49,0.432978,100.32,0.476,0.0,ETH-27SEP19-340-P,258.71,98.12,0.428,60.0,0.445,60.0,105.28,0.6288,-0.24099,-0.92999,0.00249,-0.54569
258.71,index_price,1558263545851,open,0.14,0.0,0.09,0.18,0.134795,117.15,None,0,ETH-31MAY19-280-P,258.71,104.38,0.126,300.0,0.136,300.0,118.89,0.17957,-0.88575,-0.06234,0.00704,-0.60587
258.71,index_price,1558263545859,open,0.18,50.0,0.126,0.219,0.172438,126.7,0.23,0,ETH-24MAY19-300-P,258.71,102.3,0.166,100.0,0.175,100.0,135.06,0.07683,-0.99827,-0.0345,0.00678,-0.82587
258.71,index_price,1558263545867,open,0.18,50.0,0.126,0.219,0.172438,126.7,0.23,0,ETH-24MAY19-300-P,258.71,106.58,0.167,100.0,0.175,100.0,135.06,0.07683,-0.99827,-0.0345,0.00678,-0.82587
260.88,ETH-28JUN19,1558263545872,open,0.19,60.0,0.139,0.233,0.186338,108.12,0.204,0.0,ETH-28JUN19-280-P,258.71,103.19,0.18,240.0,0.192,60.0,112.3,0.34394,-0.46629,-0.19784,0.00428,-0.50767
258.71,index_price,1558263545895,open,0.12,59.0,0.081,0.16,0.120303,113.85,0.091,0,ETH-31MAY19-240-C,258.71,108.92,0.117,300.0,0.127,300.0,124.38,0.16684,-0.79973,0.04714,0.00673,0.68019
260.88,ETH-28JUN19,1558263545900,open,0.07,866.0,0.033,0.112,0.072914,111.01,0.074,0.0,ETH-28JUN19-320-C,258.71,107.87,0.069,320.0,0.077,60.0,114.37,0.32085,-0.4466,0.08027,0.00389,0.35448
260.88,ETH-28JUN19,1558263545908,open,0.14,2604.0,0.102,0.181,0.141389,106.59,0.142,0.0,ETH-28JUN19-260-C,258.71,103.29,0.137,240.0,0.146,60.0,110.23,0.33812,-0.45192,0.12323,0.00427,0.57368
258.71,index_price,1558263545922,open,0.11,0.0,0.064,0.152,0.107963,114.94,None,0,ETH-31MAY19-270-P,258.71,103.8,0.1,300.0,0.111,300.0,119.18,0.1852,-0.89623,-0.05461,0.0074,-0.54076
264.96,ETH-27SEP19,1558263545929,open,0.1,2702.0,0.058,0.145,0.101865,97.97,0.138,0.0,ETH-27SEP19-200-P,258.71,94.65,0.096,80.0,0.106,80.0,100.3,0.46957,-0.17576,-0.30563,0.0019,-0.21983
258.71,index_price,1558263545934,open,0.1,3.0,0.059,0.138,0.098491,114.05,0.078,0,ETH-31MAY19-250-C,258.71,110.46,0.096,300.0,0.105,300.0,123.42,0.17954,-0.86212,0.04273,0.00723,0.60616
258.71,index_price,1558263545948,open,0.03,817.0,0.001,0.072,0.032376,117.16,0.018,0,ETH-31MAY19-300-C,258.71,111.49,0.029,400.0,0.036,400.0,123.1,0.15597,-0.76934,0.0205,0.00611,0.27592
264.96,ETH-27SEP19,1558263545961,open,0.14,1685.0,0.092,0.181,0.136497,97.97,0.173,0.0,ETH-27SEP19-220-P,258.71,94.7,0.13,80.0,0.142,80.0,100.75,0.52541,-0.19666,-0.38698,0.00213,-0.27083
258.71,index_price,1558263545967,open,0.2,0.0,0.145,0.239,0.191976,117.16,None,0,ETH-31MAY19-300-P,258.71,101.72,0.183,100.0,0.192,100.0,117.2,0.15597,-0.76934,-0.07711,0.00611,-0.72408
258.71,index_price,1558263545973,open,0.01,81.0,0.001,0.049,0.009095,114.05,0.006,0,ETH-31MAY19-200-P,258.71,97.92,0.005,500.0,0.009,501.0,113.72,0.07444,-0.35745,-0.00816,0.003,-0.08787
258.71,index_price,1558263545993,open,0.06,1007.0,0.017,0.101,0.058954,122.17,0.056,0,ETH-24MAY19-260-P,258.71,111.42,0.054,300.0,0.063,300.0,130.95,0.11921,-1.4936,-0.01883,0.01091,-0.48589
264.96,ETH-27SEP19,1558263545995,open,0.22,1132.0,0.171,0.268,0.219327,98.03,0.23,0.0,ETH-27SEP19-260-P,258.71,95.18,0.213,80.0,0.229,140.0,102.25,0.60026,-0.22481,-0.56223,0.00243,-0.37233
264.96,ETH-27SEP19,1558263546001,open,0.3,842.0,0.267,0.346,0.306183,97.97,0.3,0.0,ETH-27SEP19-220-C,258.71,92.83,0.296,20.0,0.311,20.0,100.4,0.52541,-0.19666,0.40186,0.00213,0.72917
258.71,index_price,1558263546006,open,0.09,401.0,0.058,0.137,0.097885,122.17,0.099,0,ETH-24MAY19-240-C,258.71,109.26,0.093,100.0,0.102,100.0,132.76,0.0995,-1.24667,0.02172,0.00911,0.72649
258.71,index_price,1558263546015,open,0.23,111.0,0.197,0.276,0.236029,114.05,0.16,0,ETH-31MAY19-200-C,258.71,102.58,0.233,100.0,0.241,100.0,129.76,0.07444,-0.35745,0.05691,0.003,0.91213
258.71,index_price,1558263546019,open,0.0,555.0,0.001,0.042,0.002675,114.05,0.005,0,ETH-31MAY19-180-P,258.71,0.0,0.0,0.0,0.004,500.0,123.38,0.03264,-0.15671,-0.00284,0.00131,-0.03101
8099.55,BTC-28JUN19,1558263546130,open,0.07,71.0,0.024,0.109,0.06659567,100.47,0.0685,0.0,BTC-28JUN19-7000-P,8093.71,95.35,0.061,12.8,0.0695,12.8,103.11,8.892,-11.20259,-3.00023,0.00012,-0.27247
8099.55,BTC-28JUN19,1558263546130,open,0.0,94.5,0.0005,0.042,0.00206253,134.87,0.002,0.0,BTC-28JUN19-3250-P,8093.71,0.0,0.0,0.0,0.004,16.0,150.41,0.80964,-1.36918,-0.12056,1e-05,-0.01156
8099.55,BTC-28JUN19,1558263546130,open,0.69,24.4,0.652,0.7315,0.69165843,134.97,0.5115,0.0,BTC-28JUN19-2500-C,8093.71,0.0,0.0025,0.5,0.837,1.0,500.0,0.17976,-0.30422,2.70955,0.0,0.99787
8094.99,BTC-27SEP19,1558263546130,open,0.03,12.1,0.0005,0.068,0.02841245,109.18,0.03,0.0,BTC-27SEP19-22000-C,8093.71,105.21,0.024,4.0,0.0345,4.0,114.18,9.38575,-3.91491,2.50181,4e-05,0.11461
8099.55,BTC-28JUN19,1558263546130,open,0.45,219.6,0.412,0.4915,0.45185296,115.24,0.42,0.0,BTC-28JUN19-4500-C,8093.71,0.0,0.2,1.0,0.55,0.1,282.69,2.37731,-3.43522,4.48306,3e-05,0.95849
8094.99,BTC-27SEP19,1558263546130,open,0.47,289.7,0.439,0.5185,0.47872014,97.21,0.4705,0.0,BTC-27SEP19-4500-C,8093.71,0.0,0.0205,4.0,0.5,0.1,116.43,8.30938,-3.08599,12.31959,4e-05,0.90316
8094.99,BTC-27SEP19,1558263546130,open,0.39,2.1,0.33,0.4405,0.3853342,95.36,0.3915,0.0,BTC-27SEP19-10000-P,8093.71,90.17,0.373,2.4,0.3965,2.4,100.05,19.26883,-7.01996,-26.67589,9e-05,-0.53371
8094.99,BTC-27SEP19,1558263546130,open,0.75,28.2,0.7155,0.795,0.75525488,113.3,0.755,0.0,BTC-27SEP19-2000-C,8093.71,0.0,0.0065,5.1,0.757,1.0,124.12,1.08561,-0.46991,6.86594,0.0,0.9918
8099.55,BTC-28JUN19,1558263546130,open,0.02,731.2,0.0005,0.053,0.01268128,111.26,0.0135,0.0,BTC-28JUN19-5000-P,8093.71,103.39,0.0095,16.0,0.0145,16.0,115.36,3.49041,-4.86941,-0.70845,4e-05,-0.06738
8094.99,BTC-27SEP19,1558263546130,open,0.6,6.1,0.5205,0.647,0.58365639,96.45,1.781,0.0,BTC-27SEP19-12000-P,8093.71,0.0,0.0105,0.1,1.3205,0.3,500.0,17.90219,-6.59689,-35.88797,8e-05,-0.65276
8099.55,BTC-28JUN19,1558263546131,open,0.6,0.1,0.561,0.6405,0.60080468,134.86,0.395,0.0,BTC-28JUN19-3250-C,8093.71,0.0,0.002,0.1,0.8075,2.0,500.0,0.8094,-1.36866,3.43006,1e-05,0.98844
8099.55,BTC-28JUN19,1558263546130,open,0.77,1.3,0.673,0.812,0.74267724,110.91,2.415,0.0,BTC-28JUN19-14000-P,8093.71,0.0,0.0,0.0,1.2055,1.0,500.0,4.53135,-6.30189,-14.57805,6e-05,-0.90481
8093.71,index_price,1558263546129,open,0.01,10.0,0.0005,0.0545,0.01459199,122.21,0.005,0,BTC-31MAY19-10500-C,8093.71,118.19,0.013,20.0,0.017,20.0,127.96,3.28384,-16.89681,0.33601,0.00013,0.14219
8094.99,BTC-27SEP19,1558263546131,open,0.01,319.4,0.0005,0.046,0.00609648,113.26,0.0055,0.0,BTC-27SEP19-2500-P,8093.71,99.91,0.003,3.1,0.0095,4.0,123.99,2.2625,-0.97901,-0.73295,1e-05,-0.01916
8094.97,BTC-27SEP19,1558263546132,open,0.22,64.8,0.164,0.2605,0.21231261,93.04,0.231,0.0,BTC-27SEP19-8000-P,8093.71,89.62,0.2045,3.2,0.225,8.2,98.61,18.48837,-6.57168,-17.2557,8e-05,-0.38219
8099.55,BTC-28JUN19,1558263546132,open,0.05,209.6,0.0045,0.0875,0.04610747,101.73,0.01,0.0,BTC-28JUN19-6500-P,8093.71,97.32,0.042,12.8,0.048,12.8,103.74,7.61563,-9.71453,-2.22567,0.0001,-0.20542
8099.55,BTC-28JUN19,1558263546132,open,0.42,5.7,0.344,0.4555,0.39955326,104.86,1.142,0.0,BTC-28JUN19-11000-P,8093.71,0.0,0.0,0.0,0.8865,1.0,500.0,8.30163,-10.91525,-10.27019,0.00011,-0.7611
8093.71,index_price,1558263546130,open,0.01,35.6,0.0005,0.0505,0.01094959,126.48,0.006,0,BTC-31MAY19-11000-C,8093.71,122.04,0.0095,20.0,0.0135,20.0,133.68,2.73094,-14.54247,0.25875,0.0001,0.10921
8099.53,BTC-28JUN19,1558263546133,open,0.14,90.3,0.0795,0.1685,0.12398386,99.68,0.115,0.0,BTC-28JUN19-8000-P,8093.71,94.66,0.1175,9.6,0.128,9.6,102.79,10.46392,-13.07807,-4.81224,0.00015,-0.41986
8099.53,BTC-28JUN19,1558263546133,open,0.1,18.8,0.049,0.136,0.09242623,99.72,0.091,0.0,BTC-28JUN19-7500-P,8093.71,94.85,0.0865,12.8,0.096,12.8,102.65,9.86642,-12.33671,-3.873,0.00014,-0.34527
8093.71,index_price,1558263546130,open,0.26,14.8,0.193,0.2915,0.24219276,133.37,0.3345,0,BTC-24MAY19-10000-P,8093.71,0.0,0.003,1.0,0.4835,0.1,500.0,1.61351,-22.06809,-1.23743,0.00014,-0.90234
8094.97,BTC-27SEP19,1558263546130,open,0.06,115.4,0.0145,0.0985,0.0564579,89.78,0.07,0.0,BTC-27DEC19-4500-P,8093.71,85.18,0.0495,4.0,0.062,4.0,93.36,12.42088,-2.51311,-8.54822,3e-05,-0.11726
8094.97,BTC-27SEP19,1558263546135,open,0.52,238.5,0.4895,0.569,0.52909633,99.03,0.544,0.0,BTC-27SEP19-4000-C,8093.71,0.0,0.165,2.0,0.55,2.0,122.29,6.41711,-2.42774,11.67337,3e-05,0.93127
8093.71,index_price,1558263546129,open,0.06,22.5,0.0145,0.0985,0.05647745,107.84,0.051,0,BTC-31MAY19-7750-P,8093.71,101.29,0.052,16.0,0.055,2.8,105.68,5.53296,-25.12267,-1.13455,0.00024,-0.37436
8094.97,BTC-27SEP19,1558263546130,open,0.07,38.6,0.034,0.1135,0.07391886,94.32,0.0675,0.0,BTC-27DEC19-18000-C,8093.71,91.17,0.0665,3.2,0.082,1.0,97.62,19.44316,-4.13257,7.97859,5e-05,0.23606
8093.71,index_price,1558263546132,open,0.23,307.6,0.1965,0.276,0.23637865,112.62,0.1635,0,BTC-31MAY19-6250-C,8093.71,0.0,0.0125,6.0,0.48,1.0,500.0,2.26586,-10.74395,1.78785,9e-05,0.91529
8093.71,index_price,1558263546130,open,0.02,129.3,0.0005,0.0675,0.02794936,114.44,0.021,0,BTC-31MAY19-9500-C,8093.71,111.02,0.026,16.0,0.0305,1.0,118.84,4.64442,-22.37862,0.58611,0.00019,0.25052
8093.71,index_price,1558263546130,open,0.17,22.0,0.106,0.198,0.15199652,111.44,0.199,0,BTC-31MAY19-9000-P,8093.71,103.76,0.147,12.0,0.1555,12.0,116.75,5.31569,-24.94188,-2.15274,0.00022,-0.66549
8093.71,index_price,1558263546130,open,0.05,451.0,0.0165,0.096,0.05618162,109.54,0.056,0,BTC-24MAY19-8000-C,8093.71,102.55,0.053,12.0,0.061,12.0,120.11,3.68717,-41.41834,0.54655,0.00038,0.5617
8093.71,index_price,1558263546131,open,0.41,42.8,0.3745,0.454,0.4140618,135.02,0.251,0,BTC-31MAY19-4750-C,8093.71,0.0,0.0035,1.1,0.0,0.0,0.0,0.40415,-2.29756,1.51549,1e-05,0.98956
8093.71,index_price,1558263546130,open,0.44,20.2,0.4045,0.484,0.44448938,135.04,0.2355,0,BTC-31MAY19-4500-C,8093.71,0.0,0.0055,0.5,0.0,0.0,0.0,0.23631,-1.34355,1.44792,1e-05,0.99432
8093.71,index_price,1558263546131,open,0.2,0.0,0.1375,0.232,0.18468158,126.46,None,0,BTC-24MAY19-9500-P,8093.71,0.0,0.0685,0.1,0.401,0.1,500.0,2.2114,-28.67829,-1.11526,0.0002,-0.84685
8094.97,BTC-27SEP19,1558263546130,open,0.27,14.5,0.2065,0.3065,0.2565665,86.47,0.34,0.0,BTC-27DEC19-8000-P,8093.71,82.86,0.246,3.2,0.2695,8.2,90.91,23.6446,-4.60728,-30.41114,7e-05,-0.36145
8093.71,index_price,1558263546132,open,0.37,0.0,0.3425,0.422,0.38227212,135.49,None,0,BTC-24MAY19-5000-C,8093.71,0.0,0.0045,0.2,1.0,0.1,500.0,0.0258,-0.35847,0.66699,0.0,0.9992
8094.97,BTC-27SEP19,1558263546130,open,0.03,81.7,0.0005,0.069,0.02830803,93.33,0.034,0.0,BTC-27DEC19-3500-P,8093.71,86.63,0.022,4.0,0.0335,9.0,98.44,7.97805,-1.67796,-4.57891,2e-05,-0.06474
8093.71,index_price,1558263546132,open,0.17,13.0,0.11,0.202,0.15621362,120.38,0.174,0,BTC-24MAY19-9250-P,8093.71,105.93,0.152,4.0,0.1595,4.0,130.6,2.511,-30.99832,-1.04823,0.00024,-0.81332
8093.71,index_price,1558263546132,open,0.0,390.1,0.0005,0.04,0.00022199,135.0,0.0005,0,BTC-31MAY19-4250-P,8093.71,0.0,0.0,0.0,0.002,10.0,179.11,0.12664,-0.7198,-0.00803,0.0,-0.00283
8093.71,index_price,1558263546131,open,0.25,19.2,0.2205,0.3,0.26001317,133.66,0.24,0,BTC-24MAY19-6000-C,8093.71,0.0,0.0505,1.0,0.347,0.1,483.92,0.49021,-6.71935,0.7763,4e-05,0.97804
8093.71,index_price,1558263546132,open,0.04,36.2,0.0005,0.072,0.03103543,109.53,0.032,0,BTC-24MAY19-7750-P,8093.71,99.98,0.027,17.0,0.0315,0.6,110.63,3.43655,-38.60131,-0.40368,0.00036,-0.34234
8094.97,BTC-27SEP19,1558263546134,open,0.32,57.4,0.284,0.3635,0.32353636,88.09,0.322,0.0,BTC-27DEC19-7000-C,8093.71,82.28,0.308,0.8,0.331,5.0,90.9,21.58455,-4.285,19.04442,6e-05,0.71056
8094.97,BTC-27SEP19,1558263546130,open,0.01,89.9,0.0005,0.0455,0.00564043,101.13,0.01,0.0,BTC-27DEC19-2000-P,8093.71,97.04,0.0045,0.1,0.0065,20.0,103.91,2.40391,-0.54783,-1.02062,1e-05,-0.0151
8094.97,BTC-27SEP19,1558263546133,open,0.09,31.6,0.0505,0.13,0.09027685,92.59,0.0915,0.0,BTC-27DEC19-16000-C,8093.71,89.2,0.0815,3.2,0.0995,1.0,96.06,21.24551,-4.43308,9.33578,6e-05,0.28
8094.97,BTC-27SEP19,1558263546132,open,0.08,65.6,0.0325,0.118,0.07533159,88.6,0.085,0.0,BTC-27DEC19-5000-P,8093.71,84.5,0.068,4.0,0.0815,9.0,91.99,14.61745,-2.91856,-11.01448,4e-05,-0.14851
8093.71,index_price,1558263546130,open,0.15,200.0,0.119,0.1985,0.15895649,107.86,0.128,0,BTC-31MAY19-7000-C,8093.71,103.94,0.157,4.0,0.164,4.0,117.64,4.08093,-18.53305,1.68946,0.00018,0.80051
8093.71,index_price,1558263546130,open,0.09,9.0,0.059,0.1385,0.09894613,107.85,0.089,0,BTC-31MAY19-7750-C,8093.71,103.53,0.096,15.0,0.104,12.3,115.23,5.53297,-25.12352,1.38699,0.00024,0.62564
8094.97,BTC-27SEP19,1558263546131,open,0.54,12.9,0.467,0.5885,0.52761583,88.63,0.605,0.0,BTC-27DEC19-11000-P,8093.71,84.06,0.5135,2.4,0.542,2.4,93.27,25.05752,-5.00484,-52.49196,7e-05,-0.53913
8094.97,BTC-27SEP19,1558263546133,open,0.17,284.6,0.129,0.2085,0.16877174,88.64,0.1625,0.0,BTC-27DEC19-11000-C,8093.71,84.83,0.157,2.4,0.1765,10.0,91.13,25.05769,-5.00532,14.37486,7e-05,0.4609
8094.97,BTC-27SEP19,1558263546130,open,0.45,1.0,0.376,0.4905,0.43317732,88.63,0.438,0.0,BTC-27DEC19-10000-P,8093.71,83.59,0.4175,2.4,0.4445,2.4,92.28,25.1589,-5.02513,-45.14048,7e-05,-0.48417
8093.71,index_price,1558263546130,open,0.01,69.9,0.0005,0.0485,0.00858133,112.61,0.0115,0,BTC-31MAY19-6250-P,8093.71,104.72,0.0065,20.0,0.0105,20.0,119.17,2.26564,-10.74224,-0.24563,9e-05,-0.08469
8093.71,index_price,1558263546135,open,0.14,27.1,0.0845,0.1745,0.12934577,116.42,0.159,0,BTC-24MAY19-9000-P,8093.71,103.72,0.125,4.0,0.133,4.0,126.45,2.87658,-34.34222,-0.96662,0.00028,-0.76471
8093.71,index_price,1558263546130,open,0.53,0.0,0.497,0.5765,0.53671384,135.34,None,0,BTC-31MAY19-3750-C,8093.71,0.0,0.0065,0.5,0.0,0.0,0.0,0.02744,-0.15638,1.21861,0.0,0.99947
8093.71,index_price,1558263546130,open,0.14,0.0,0.0845,0.1745,0.12936109,110.5,None,0,BTC-31MAY19-8750-P,8093.71,102.68,0.124,12.0,0.133,12.0,115.76,5.58197,-25.96895,-1.95932,0.00024,-0.61467
264.96,ETH-27SEP19,1558263546143,open,1.04,0.0,0.949,1.11,1.029679,107.92,None,0.0,ETH-27SEP19-520-P,258.72,0.0,0.0,0.0,0.0,0.0,0.0,0.48836,-0.20136,-1.70437,0.0018,-0.7643
260.88,ETH-28JUN19,1558263546143,open,0.33,3366.0,0.292,0.371,0.331862,106.67,0.259,0.0,ETH-28JUN19-180-C,258.72,0.0,0.079,100.0,0.635,4.0,462.01,0.16168,-0.21625,0.1592,0.00204,0.89043
260.88,ETH-28JUN19,1558263546143,open,0.65,0.0,0.616,0.695,0.65526,119.48,None,0.0,ETH-28JUN19-90-C,258.72,0.0,0.003,3.0,0.0,0.0,0.0,0.00525,-0.00786,0.09771,6e-05,0.99809
260.88,ETH-28JUN19,1558263546143,open,0.36,1131.0,0.324,0.403,0.363691,106.67,0.303,0.0,ETH-28JUN19-170-C,258.72,0.0,0.05,100.0,0.64,5.0,453.16,0.13075,-0.17488,0.15795,0.00165,0.91788
260.88,ETH-28JUN19,1558263546143,open,0.47,335.0,0.428,0.507,0.467329,106.67,0.3,0.0,ETH-28JUN19-140-C,258.72,0.0,0.02,2.0,0.6,1.0,338.4,0.05223,-0.06986,0.14438,0.00066,0.97391
264.97,ETH-27SEP19,1558263546143,open,1.33,0.0,1.224,1.408,1.315969,111.45,None,0.0,ETH-27SEP19-600-P,258.72,0.0,0.0,0.0,0.0,0.0,0.0,0.42558,-0.1812,-2.02322,0.00152,-0.81355
258.72,index_price,1558263546143,open,0.07,8.0,0.023,0.107,0.064824,114.08,0.111,0,ETH-31MAY19-250-P,258.72,104.23,0.058,400.0,0.066,1.0,115.77,0.17954,-0.86231,-0.0386,0.00723,-0.39377
264.97,ETH-27SEP19,1558263546144,open,0.06,0.0,0.019,0.098,0.05847,109.69,None,0.0,ETH-27SEP19-560-C,258.72,107.65,0.055,80.0,0.064,80.0,112.85,0.45563,-0.19094,0.14275,0.00165,0.20872
260.88,ETH-28JUN19,1558263546144,open,0.5,386.0,0.465,0.544,0.504716,112.25,0.321,0.0,ETH-28JUN19-130-C,258.72,0.0,0.14,49.0,0.84,5.0,500.0,0.04097,-0.05767,0.13558,0.00049,0.98044
258.72,index_price,1558263546143,open,0.06,501.0,0.025,0.104,0.064323,114.92,0.051,0,ETH-31MAY19-270-C,258.72,110.27,0.061,300.0,0.071,300.0,124.24,0.18521,-0.89611,0.03325,0.0074,0.45929
260.88,ETH-28JUN19,1558263546144,open,0.01,4448.0,0.001,0.05,0.010313,106.67,0.012,0.0,ETH-28JUN19-160-P,258.72,97.35,0.007,400.0,0.012,460.0,110.86,0.10142,-0.13566,-0.01977,0.00128,-0.05904
258.72,index_price,1558263546143,open,0.01,1531.0,0.001,0.048,0.008109,122.2,0.007,0,ETH-24MAY19-220-P,258.72,94.11,0.003,500.0,0.009,500.0,126.17,0.05678,-0.7115,-0.00413,0.0052,-0.11151
258.72,index_price,1558263546144,open,0.15,483.0,0.118,0.197,0.157736,122.05,0.103,0,ETH-24MAY19-220-C,258.72,102.82,0.154,100.0,0.161,100.0,135.96,0.05669,-0.70949,0.02526,0.00519,0.88874
264.97,ETH-27SEP19,1558263546145,open,0.17,388.0,0.128,0.207,0.167703,99.73,0.137,0.0,ETH-27SEP19-320-C,258.72,96.51,0.16,60.0,0.173,100.0,101.95,0.63288,-0.24115,0.30913,0.00252,0.49307
