underlying_price,underlying_index,timestamp,state,settlement_price,open_interest,min_price,max_price,mark_price,mark_iv,last_price,interest_rate,instrument_name,index_price,bid_iv,best_bid_price,best_bid_amount,best_ask_price,best_ask_amount,ask_iv,vega,theta,rho,gamma,delta
5241.19,index_price,1555585140198,open,0.03,19.2,0.0286327,0.06971464,0.03345858,54.34,0.031,0,BTC-31MAY19-4750-P,5241.19,52.59,0.0315,17.8,0.035,10.0,55.7,5.90776,-3.74358,-1.85071,0.00034,-0.26714
5241.19,index_price,1555585140223,open,0.03,19.2,0.0286327,0.06971464,0.03345858,54.34,0.031,0,BTC-31MAY19-4750-P,5241.19,52.59,0.0315,17.8,0.0355,5.0,56.14,5.90776,-3.74358,-1.85071,0.00034,-0.26714
5246.9,BTC-27SEP19,1555585140921,open,0.37,261.1,0.35188171,0.38789794,0.36311728,63.07,0.38,0.0,BTC-27SEP19-3500-C,5241.28,49.93,0.3475,3.0,0.3775,3.0,73.21,6.99827,-1.36333,12.02293,9e-05,0.87979
5243.4,BTC-28JUN19,1555585140921,open,0.07,213.4,0.06445278,0.10630527,0.07464591,56.1,0.071,0.0,BTC-28JUN19-5000-P,5241.28,54.82,0.0725,19.6,0.077,9.6,57.51,8.76918,-3.47075,-4.58881,0.00029,-0.37605
5246.9,BTC-27SEP19,1555585140921,open,0.53,57.5,0.52529014,0.53692723,0.53081187,69.57,0.389,0.0,BTC-27SEP19-2500-C,5241.28,0.0,0.515,3.0,0.5425,3.0,87.64,2.6037,-0.55948,10.13864,3e-05,0.96651
5243.4,BTC-28JUN19,1555585140921,open,0.0,65.9,0.00040779,0.00627991,0.0050169,66.75,0.006,0.0,BTC-28JUN19-3250-P,5241.28,63.79,0.004,12.0,0.006,22.0,69.31,1.91322,-0.90086,-0.43887,5e-05,-0.03809
5243.4,BTC-28JUN19,1555585140921,open,2.8,0.4,2.81431895,2.81432259,2.81459299,99.78,5.076,0.0,BTC-28JUN19-20000-P,5241.28,0.0,0.0,0.0,0.0,0.0,0.0,0.17048,-0.12,-38.81472,0.0,-0.99764
5243.4,BTC-28JUN19,1555585140921,open,0.12,787.9,0.11087304,0.15272553,0.12106799,56.1,0.118,0.0,BTC-28JUN19-5000-C,5241.28,54.87,0.119,10.0,0.1225,0.1,56.96,8.76918,-3.47082,5.12017,0.00029,0.62395
5246.9,BTC-27SEP19,1555585140921,open,1.29,6.1,1.28902755,1.30744254,1.30153972,74.46,1.9095,0.0,BTC-27SEP19-12000-P,5241.28,0.0,0.002,0.3,0.0,0.0,0.0,5.08388,-1.16928,-51.74689,6e-05,-0.92224
5246.9,BTC-27SEP19,1555585140921,open,0.23,290.4,0.21546208,0.27412036,0.22990201,60.48,0.2265,0.0,BTC-27SEP19-4500-C,5241.28,53.56,0.2145,3.0,0.2445,6.0,66.96,11.76369,-2.1977,11.40284,0.00016,0.71993
5243.4,BTC-28JUN19,1555585140921,open,0.19,35.5,0.1831673,0.22428518,0.19291104,56.16,0.204,0.0,BTC-28JUN19-6000-P,5241.28,50.21,0.1835,3.0,0.198,1.0,59.3,8.43639,-3.34252,-8.71543,0.00028,-0.66308
5243.4,BTC-28JUN19,1555585140921,open,0.02,245.6,0.0101383,0.03328086,0.01777665,59.44,0.024,0.0,BTC-28JUN19-4000-P,5241.28,57.99,0.0165,22.0,0.019,10.1,60.79,4.67947,-1.96208,-1.42443,0.00015,-0.12213
5243.4,BTC-28JUN19,1555585140921,open,1.47,0.8,1.47930875,1.47977396,1.48127466,88.11,2.171,0.0,BTC-28JUN19-13000-P,5241.28,0.0,0.07,1.0,0.0,0.0,0.0,0.92473,-0.57478,-25.10055,2e-05,-0.984
5246.9,BTC-27SEP19,1555585140921,open,0.72,42.8,0.71412881,0.71499025,0.71537376,83.89,0.6235,0.0,BTC-27SEP19-1500-C,5241.28,0.0,0.699,3.0,0.7235,3.0,118.04,0.58158,-0.1507,6.48688,1e-05,0.99414
5246.9,BTC-27SEP19,1555585140921,open,0.18,779.6,0.16410319,0.22945971,0.18004283,60.31,0.1715,0.0,BTC-27SEP19-5000-C,5241.28,59.1,0.177,7.2,0.1835,8.0,61.68,13.24057,-2.46647,10.37331,0.00018,0.62583
5243.4,BTC-28JUN19,1555585140921,open,1.09,5.7,1.09790719,1.09992772,1.10134224,80.78,1.142,0.0,BTC-28JUN19-11000-P,5241.28,0.0,0.0005,0.4,0.0,0.0,0.0,1.50639,-0.85849,-21.10496,3e-05,-0.9715
5246.9,BTC-27SEP19,1555585140921,open,0.0,409.3,0.00024621,0.00445225,0.00401383,78.53,0.0065,0.0,BTC-27SEP19-2000-P,5241.28,74.72,0.003,8.1,0.005,37.0,81.72,1.51853,-0.36834,-0.50329,2e-05,-0.01761
5243.49,BTC-28JUN19,1555585140921,open,0.01,64.4,0.0031265,0.01823066,0.01180431,61.45,0.015,0.0,BTC-28JUN19-3750-P,5241.28,59.5,0.0105,12.0,0.013,22.0,63.16,3.58969,-1.55617,-0.98379,0.00011,-0.08482
5243.49,BTC-28JUN19,1555585140921,open,0.0,690.3,1.52e-05,0.00098034,0.00199789,83.13,0.002,0.0,BTC-28JUN19-2500-P,5241.28,79.61,0.0015,40.0,0.0025,18.9,86.15,0.81046,-0.4753,-0.16006,2e-05,-0.01372
5243.49,BTC-28JUN19,1555585140921,open,1.85,2.0,1.86069018,1.86080018,1.86172869,92.28,2.658,0.0,BTC-28JUN19-15000-P,5241.28,0.0,0.0,0.0,0.0,0.0,0.0,0.54091,-0.35213,-29.04978,1e-05,-0.99138
5246.9,BTC-27SEP19,1555585140921,open,0.05,946.7,0.02604438,0.07858417,0.04569264,64.82,0.0455,0.0,BTC-27SEP19-8000-C,5241.28,64.47,0.045,10.0,0.0465,0.4,65.22,10.43218,-2.08854,4.13086,0.00013,0.22321
5243.4,BTC-28JUN19,1555585140921,open,0.05,56.0,0.03733262,0.07564642,0.05484148,56.62,0.0685,0.0,BTC-28JUN19-4750-P,5241.28,55.09,0.0525,14.6,0.0565,9.6,57.7,8.04859,-3.21496,-3.6255,0.00027,-0.30124
5246.9,BTC-27SEP19,1555585140921,open,0.62,28.2,0.61906876,0.6232748,0.62282838,78.5,0.608,0.0,BTC-27SEP19-2000-C,5241.28,0.0,0.6055,3.0,0.632,3.0,100.29,1.51675,-0.36778,8.36736,2e-05,0.98241
5246.9,BTC-27SEP19,1555585140921,open,0.41,0.0,0.39248716,0.42186451,0.40245984,64.22,None,0.0,BTC-27SEP19-3250-C,5241.28,46.59,0.387,3.0,0.4165,3.0,75.94,5.72775,-1.13625,11.78368,7e-05,0.90885
5246.9,BTC-27SEP19,1555585140921,open,0.21,11.5,0.18840022,0.25085431,0.20372779,60.39,0.175,0.0,BTC-27SEP19-4750-C,5241.28,59.05,0.2005,7.2,0.207,4.0,61.75,12.60615,-2.35143,10.92205,0.00017,0.67309
5246.9,BTC-27SEP19,1555585140922,open,0.02,616.4,0.00694734,0.02983993,0.01548409,65.64,0.0175,0.0,BTC-27SEP19-3000-P,5241.28,63.89,0.014,12.0,0.017,10.0,67.36,4.54343,-0.9212,-1.92282,6e-05,-0.06715
5246.9,BTC-27SEP19,1555585140921,open,0.04,10.3,0.02839058,0.07089204,0.04082152,62.23,0.061,0.0,BTC-27SEP19-3750-P,5241.28,61.07,0.039,9.6,0.0425,10.0,63.29,8.3054,-1.59643,-4.54306,0.00011,-0.15441
5246.9,BTC-27SEP19,1555585140921,open,0.29,238.2,0.27812809,0.32669418,0.29152409,61.55,0.2925,0.0,BTC-27SEP19-4000-C,5241.28,52.75,0.276,3.0,0.3065,3.0,69.58,9.57323,-1.82003,11.99518,0.00013,0.80701
5241.28,index_price,1555585140922,open,0.0,4.0,0.0,5e-08,0.0,99.99,0.0005,0,BTC-19APR19-6750-C,5241.28,0.0,0.0,0.0,0.0005,16.9,227.24,0.0,-1e-05,0.0,0.0,0.0
5243.49,BTC-28JUN19,1555585140922,open,0.72,33.3,0.71393099,0.71393413,0.71407357,99.31,0.7165,0.0,BTC-28JUN19-1500-C,5241.28,0.0,0.7035,3.0,0.7235,3.0,179.05,0.08065,-0.0565,2.90066,0.0,0.99896
5246.9,BTC-27SEP19,1555585140922,open,0.14,263.7,0.12325759,0.19182267,0.13998109,60.31,0.1395,0.0,BTC-27SEP19-5500-C,5241.28,59.18,0.137,7.2,0.1425,8.0,61.26,13.89129,-2.58769,9.15195,0.00019,0.53328
5241.28,index_price,1555585140921,open,0.03,94.7,0.02242593,0.06483611,0.02770492,54.81,0.0265,0,BTC-31MAY19-6000-C,5241.28,53.73,0.0265,28.3,0.0295,10.0,56.4,5.89233,-3.76635,1.46559,0.00033,0.26575
5243.49,BTC-28JUN19,1555585140922,open,0.04,97.7,0.02935999,0.06372573,0.03902401,57.37,0.0375,0.0,BTC-28JUN19-4500-P,5241.28,56.61,0.038,10.0,0.0405,14.7,58.46,7.05534,-2.85547,-2.7627,0.00023,-0.23231
5246.9,BTC-27SEP19,1555585140923,open,0.07,601.0,0.05536885,0.10936936,0.06962828,61.07,0.069,0.0,BTC-27SEP19-4250-P,5241.28,60.03,0.0675,9.6,0.0715,0.4,61.98,10.74552,-2.02694,-7.09583,0.00014,-0.23531
5241.28,index_price,1555585140921,open,0.33,0.0,0.33555241,0.33605287,0.33629502,89.57,None,0,BTC-26APR19-7000-P,5241.28,0.0,0.0005,0.3,0.4255,0.9,323.56,0.31549,-1.79397,-1.49265,6e-05,-0.98356
5246.9,BTC-27SEP19,1555585140923,open,0.03,304.5,0.01894226,0.05495849,0.03018837,63.08,0.0285,0.0,BTC-27SEP19-3500-P,5241.28,61.8,0.0285,12.0,0.0315,10.0,64.05,6.99905,-1.36366,-3.50009,9e-05,-0.12023
5241.28,index_price,1555585140921,open,0.15,1.3,0.1414311,0.14148514,0.14142793,0.0,0.136,0,BTC-19APR19-4500-C,5241.28,0.0,0.133,3.0,0.15,3.0,280.66,0.0,0.0,0.10796,0.0,1.0
5241.28,index_price,1555585140921,open,0.01,10.5,0.00371481,0.02822495,0.0088366,60.49,0.008,0,BTC-31MAY19-7000-C,5241.28,59.05,0.008,17.5,0.01,15.3,62.39,3.1106,-2.19426,0.55009,0.00016,0.09818
5243.49,BTC-28JUN19,1555585140923,open,1.66,1.3,1.66997774,1.6702029,1.67144343,90.68,2.415,0.0,BTC-28JUN19-14000-P,5241.28,0.0,0.0,0.0,0.0,0.0,0.0,0.72034,-0.4608,-27.07821,1e-05,-0.98803
5246.9,BTC-27SEP19,1555585140924,open,0.11,29.0,0.09369668,0.15615077,0.10903249,60.39,0.1165,0.0,BTC-27SEP19-4750-P,5241.28,59.34,0.1065,9.6,0.112,3.0,61.63,12.60616,-2.35157,-10.14418,0.00017,-0.32691
5241.28,index_price,1555585140921,open,0.22,0.2,0.21297851,0.21297862,0.212965,0.0,0.206,0,BTC-19APR19-4125-C,5241.28,0.0,0.2045,3.0,0.2215,3.0,390.53,0.0,0.0,0.09897,0.0,1.0
5246.9,BTC-27SEP19,1555585140925,open,0.05,98.1,0.040483,0.08904909,0.05387755,61.55,0.061,0.0,BTC-27SEP19-4000-P,5241.28,60.52,0.052,9.6,0.0555,10.0,62.44,9.57318,-1.82,-5.74455,0.00013,-0.19299
5243.49,BTC-28JUN19,1555585140925,open,0.03,78.1,0.01322493,0.04069749,0.02655211,58.07,0.0255,0.0,BTC-28JUN19-4250-P,5241.28,57.12,0.0255,10.0,0.028,19.6,59.35,5.87628,-2.40713,-2.0148,0.00019,-0.17133
5246.9,BTC-27SEP19,1555585140921,open,0.11,33.4,0.06869696,0.29618637,0.10349856,61.33,0.1085,0.0,BTC-27DEC19-7000-C,5241.28,61.33,0.1035,24.6,0.1075,10.0,62.59,16.60842,-2.01411,9.99645,0.00014,0.3785
5243.49,BTC-28JUN19,1555585140925,open,1.28,10.0,1.28855884,1.28952724,1.29113729,84.71,1.243,0.0,BTC-28JUN19-12000-P,5241.28,0.0,0.0005,0.4,0.0,0.0,0.0,1.17118,-0.69988,-23.11297,3e-05,-0.97889
5246.9,BTC-27SEP19,1555585140921,open,1.68,0.0,1.67030149,1.79816438,1.69014766,73.28,None,0.0,BTC-27DEC19-14000-P,5241.28,0.0,0.0,0.0,0.0,0.0,0.0,7.44507,-1.07876,-94.29588,5e-05,-0.90389
5246.9,BTC-27SEP19,1555585140921,open,0.0,42.0,8.091e-05,0.02462886,0.0032215,77.24,0.002,0.0,BTC-27DEC19-1500-P,5241.28,65.12,0.001,10.0,0.0055,10.0,84.85,1.32747,-0.20273,-0.53986,1e-05,-0.01163
5241.28,index_price,1555585140921,open,0.0,44.3,0.0,0.00024367,7.802e-05,100.01,0.001,0,BTC-19APR19-4625-P,5241.28,0.0,0.0,0.0,0.0005,17.2,127.75,0.03691,-0.40891,-0.00063,6e-05,-0.00497
5241.28,index_price,1555585140921,open,0.21,0.0,0.21630594,0.21630993,0.21632722,130.39,None,0,BTC-19APR19-6375-P,5241.28,0.0,0.208,2.0,0.2245,2.0,314.39,0.01027,-0.7645,-0.1528,1e-05,-0.99879
5246.9,BTC-27SEP19,1555585140926,open,0.03,324.4,0.01362853,0.05546304,0.03109111,66.67,0.034,0.0,BTC-27SEP19-9000-C,5241.28,65.68,0.0295,19.6,0.0325,10.0,67.53,8.51162,-1.75282,3.00626,0.0001,0.16028
5241.28,index_price,1555585140921,open,0.0,243.9,0.00101132,0.00947131,0.00290238,61.74,0.0035,0,BTC-26APR19-6000-C,5241.28,56.94,0.002,30.0,0.004,50.0,66.64,1.08071,-4.23602,0.08061,0.0003,0.07418
5246.9,BTC-27SEP19,1555585140921,open,0.94,0.3,0.9206719,1.10743685,0.95139867,66.79,1.4475,0.0,BTC-27DEC19-10000-P,5241.28,0.0,0.1,0.3,0.0,0.0,0.0,11.80659,-1.55917,-64.07094,9e-05,-0.81116
5241.28,index_price,1555585140921,open,0.0,44.5,0.0,3.99e-06,3.9e-07,99.99,0.0005,0,BTC-19APR19-6375-C,5241.28,0.0,0.0,0.0,0.0005,21.9,182.78,0.00038,-0.00204,0.0,0.0,4e-05
5241.28,index_price,1555585140925,open,0.1,30.2,0.09373298,0.09460574,0.09394909,91.82,0.088,0,BTC-19APR19-4750-C,5241.28,0.0,0.0925,4.0,0.0955,4.0,132.91,0.08893,-4.66244,0.11223,0.00015,0.98647
5243.49,BTC-28JUN19,1555585140927,open,0.0,310.4,3.1e-07,0.00022546,0.00142526,90.38,0.0015,0.0,BTC-28JUN19-14000-C,5241.28,86.81,0.001,22.0,0.0015,6.9,90.92,0.70613,-0.45022,0.10464,1e-05,0.0117
5246.99,BTC-27SEP19,1555585140921,open,0.44,0.0,0.40279939,0.63028951,0.4376234,61.34,None,0.0,BTC-27DEC19-7000-P,5241.28,52.58,0.4105,2.0,0.459,2.0,68.01,16.60936,-2.01445,-38.4993,0.00014,-0.62146
5241.28,index_price,1555585140924,open,0.23,0.0,0.24015508,0.24015605,0.24017644,142.14,None,0,BTC-19APR19-6500-P,5241.28,0.0,0.2315,2.0,0.2485,2.0,337.7,0.00958,-0.77781,-0.15581,1e-05,-0.99888
5246.99,BTC-27SEP19,1555585140927,open,0.13,35.4,0.11703836,0.18239404,0.13299625,60.32,0.1505,0.0,BTC-27SEP19-5000-P,5241.28,59.13,0.13,9.6,0.136,3.0,61.51,13.24057,-2.46677,-11.80141,0.00018,-0.37415
5241.28,index_price,1555585140921,open,0.0,136.9,0.00023235,0.00628292,0.00117774,68.7,0.0025,0,BTC-19APR19-5500-C,5241.28,66.12,0.001,2.0,0.0015,10.0,72.93,0.37634,-6.17288,0.00973,0.00083,0.07853
5241.28,index_price,1555585140921,open,0.09,8.3,0.09706073,0.09829349,0.09749023,95.21,0.1,0,BTC-19APR19-5750-P,5241.28,0.0,0.0885,2.0,0.1055,2.0,192.01,0.14912,-8.10646,-0.13489,0.00024,-0.97518
5241.28,index_price,1555585140922,open,0.12,4.0,0.1209094,0.12138097,0.12109523,100.87,0.125,0,BTC-19APR19-5875-P,5241.28,0.0,0.1125,2.0,0.1295,2.0,221.0,0.07518,-4.3298,-0.13957,0.00011,-0.98886
5241.28,index_price,1555585140924,open,0.0,92.9,1.447e-05,0.00292447,0.00067549,82.41,0.001,0,BTC-19APR19-5625-C,5241.28,78.04,0.0005,31.5,0.001,6.8,89.02,0.22924,-3.54046,0.00517,0.00042,0.04179
5241.28,index_price,1555585140922,open,0.0,1123.2,0.0,8e-08,1.9e-06,100.0,0.001,0,BTC-26APR19-3000-P,5241.28,0.0,0.0,0.0,0.0005,16.9,159.23,0.00171,-0.00996,-6e-05,0.0,-5e-05
5241.28,index_price,1555585140926,open,0.57,0.0,0.57071555,0.57071555,0.57070818,0.0,0.429,0,BTC-26APR19-2250-C,5241.28,0.0,0.562,3.0,0.5795,3.0,368.66,0.0,0.0,0.48549,0.0,1.0
5241.28,index_price,1555585140922,open,0.12,14.6,0.11758197,0.11782563,0.11764483,97.69,0.11,0,BTC-19APR19-4625-C,5241.28,0.0,0.109,3.0,0.126,3.0,242.83,0.03156,-1.76009,0.11043,5e-05,0.99583
5246.99,BTC-27SEP19,1555585140925,open,0.6,0.0,0.56583888,0.78350471,0.59863385,62.39,None,0.0,BTC-27DEC19-8000-P,5241.28,51.1,0.5685,2.0,0.6225,2.0,70.49,14.95668,-1.84513,-47.56037,0.00013,-0.70971
5246.99,BTC-27SEP19,1555585140921,open,0.27,9.9,0.2344239,0.43030993,0.26651439,61.33,0.246,0.0,BTC-27DEC19-4500-C,5241.28,55.34,0.2495,5.0,0.281,8.0,66.42,14.9272,-1.81021,16.15505,0.00013,0.71092
5246.99,BTC-27SEP19,1555585140923,open,0.37,0.0,0.32737319,0.55655844,0.36399495,61.34,None,0.0,BTC-27DEC19-6500-P,5241.28,53.02,0.337,2.0,0.3825,2.0,66.96,17.18998,-2.08484,-33.77777,0.00015,-0.5652
5246.99,BTC-27SEP19,1555585140928,open,0.33,0.0,0.31369235,0.35619217,0.32609881,62.22,None,0.0,BTC-27SEP19-3750-C,5241.28,51.72,0.3105,3.0,0.3405,3.0,70.98,8.30395,-1.59577,12.0896,0.00011,0.84563
5241.28,index_price,1555585140921,open,0.29,225.9,0.28452595,0.28464464,0.28476736,91.84,0.282,0,BTC-26APR19-3750-C,5241.28,0.0,0.276,3.0,0.2935,3.0,171.04,0.11916,-0.69477,0.80277,2e-05,0.9946
5241.28,index_price,1555585140921,open,0.43,5.9,0.42762073,0.42762081,0.42761281,0.0,0.4005,0,BTC-26APR19-3000-C,5241.28,0.0,0.419,3.0,0.436,3.0,254.87,0.0,0.0,0.64732,0.0,1.0
5241.28,index_price,1555585140926,open,0.26,0.0,0.26400421,0.26400443,0.26402593,153.74,None,0,BTC-19APR19-6625-P,5241.28,0.0,0.2555,2.0,0.2725,2.0,360.32,0.0091,-0.7989,-0.15881,1e-05,-0.99894
5241.28,index_price,1555585140922,open,0.17,0.0,0.16528024,0.16528951,0.16526712,0.0,None,0,BTC-19APR19-4375-C,5241.28,0.0,0.157,3.0,0.1735,3.0,313.26,0.0,0.0,0.10496,0.0,1.0
5241.28,index_price,1555585140922,open,0.19,0.0,0.18912937,0.18913057,0.18911554,0.0,None,0,BTC-19APR19-4250-C,5241.28,0.0,0.181,3.0,0.1975,3.0,351.55,0.0,0.0,0.10196,0.0,1.0
5241.28,index_price,1555585140921,open,0.05,5.8,0.04959434,0.05564491,0.05055775,68.95,0.0555,0,BTC-19APR19-5500-P,5241.28,0.0,0.0485,4.0,0.0515,4.0,80.21,0.37914,-14.92627,-0.12213,0.00083,-0.9207
5241.28,index_price,1555585140927,open,0.25,0.1,0.24048915,0.26095531,0.2441398,58.8,0.239,0,BTC-31MAY19-4000-C,5241.28,0.0,0.234,3.0,0.2545,3.0,76.19,2.53402,-1.73748,4.19403,0.00013,0.92534
5246.99,BTC-27SEP19,1555585140922,open,0.54,0.0,0.52776337,0.60887794,0.53840267,65.71,None,0.0,BTC-27DEC19-2500-C,5241.28,0.0,0.52,3.0,0.553,3.0,79.87,4.62345,-0.60073,14.90166,4e-05,0.94833
5241.28,index_price,1555585140921,open,0.01,16.5,0.0059997,0.03494734,0.01155556,59.02,0.0115,0,BTC-31MAY19-6750-C,5241.28,57.49,0.0105,16.5,0.0125,10.0,60.33,3.70139,-2.54744,0.6995,0.00019,0.12517
5241.28,index_price,1555585140921,open,0.19,1364.1,0.18917122,0.19128953,0.18987243,70.54,0.19,0,BTC-26APR19-4250-C,5241.28,0.0,0.181,3.0,0.1985,3.0,121.12,0.35661,-1.59691,0.89472,9e-05,0.98102
5241.28,index_price,1555585140921,open,0.38,25.7,0.37992246,0.37992395,0.37992933,93.52,0.351,0,BTC-26APR19-3250-C,5241.28,0.0,0.3715,3.0,0.3885,3.0,225.28,0.00568,-0.03375,0.70103,0.0,0.99981
5241.28,index_price,1555585140923,open,0.0,21.8,0.0,5.188e-05,1.05e-05,99.99,0.0005,0,BTC-19APR19-6125-C,5241.28,0.0,0.0,0.0,0.0005,16.9,150.67,0.00702,-0.05506,0.0001,1e-05,0.0008
5241.28,index_price,1555585140923,open,0.34,33.6,0.33222419,0.33224081,0.33232082,98.91,0.3345,0,BTC-26APR19-3500-C,5241.28,0.0,0.3235,3.0,0.341,3.0,197.45,0.05262,-0.33044,0.75264,1e-05,0.99783
5241.28,index_price,1555585140923,open,0.29,0.0,0.29385305,0.32280069,0.29943102,59.05,None,0,BTC-31MAY19-6750-P,5241.28,28.1,0.288,2.0,0.31,2.0,72.02,3.70444,-2.55089,-7.2288,0.00019,-0.87468
5241.28,index_price,1555585140923,open,0.04,67.1,0.03324467,0.07894189,0.03822868,54.0,0.0385,0,BTC-31MAY19-5750-C,5241.28,52.62,0.0365,17.8,0.0395,0.1,55.01,6.59422,-4.15256,1.86808,0.00038,0.34165
5246.99,BTC-27SEP19,1555585140921,open,0.04,45.8,0.00892678,0.17936735,0.03623692,68.28,0.0335,0.0,BTC-27DEC19-11000-C,5241.28,67.13,0.034,19.6,0.0385,10.0,69.41,10.37352,-1.40045,4.28996,8e-05,0.15425
5241.28,index_price,1555585140926,open,0.0,63.6,0.00236126,0.01286582,0.00241477,50.42,0.003,0,BTC-19APR19-5125-P,5241.28,42.72,0.0015,4.5,0.003,0.1,54.85,0.6703,-12.6565,-0.02276,0.00202,-0.17858
5241.28,index_price,1555585140922,open,0.34,0.0,0.33926643,0.36377657,0.34441116,60.53,None,0,BTC-31MAY19-7000-P,5241.28,0.0,0.333,2.0,0.355,2.0,75.22,3.11445,-2.19837,-7.67177,0.00016,-0.90165
5246.99,BTC-27SEP19,1555585140921,open,0.23,16.7,0.19398799,0.41624292,0.23131288,61.34,0.236,0.0,BTC-27DEC19-5500-P,5241.28,59.56,0.2255,7.2,0.234,5.0,62.16,17.19317,-2.08519,-24.23058,0.00015,-0.43525
5246.99,BTC-27SEP19,1555585140924,open,1.49,0.0,1.48094004,1.62168328,1.50306683,71.71,None,0.0,BTC-27DEC19-13000-P,5241.28,0.0,0.0,0.0,0.0,0.0,0.0,8.26042,-1.17116,-86.95918,6e-05,-0.8891
5246.99,BTC-27SEP19,1555585140926,open,1.31,0.0,1.29245441,1.44742632,1.31691943,69.94,None,0.0,BTC-27DEC19-12000-P,5241.28,0.0,0.0,0.0,0.0,0.0,0.0,9.20062,-1.27227,-79.52643,7e-05,-0.87078
5241.28,index_price,1555585140925,open,0.19,0.0,0.19267716,0.19734343,0.19440306,69.68,None,0,BTC-26APR19-6250-P,5241.28,0.0,0.1845,2.0,0.202,2.0,101.68,0.76357,-3.37787,-1.29693,0.00018,-0.95239
5241.28,index_price,1555585140924,open,0.28,0.0,0.28785335,0.2878534,0.28787546,165.1,None,0,BTC-19APR19-6750-P,5241.28,0.0,0.2795,2.0,0.296,2.0,376.59,0.00871,-0.82091,-0.16182,1e-05,-0.99899
5241.28,index_price,1555585140921,open,0.28,0.0,0.28785942,0.28897309,0.28859471,79.96,None,0,BTC-26APR19-6750-P,5241.28,0.0,0.279,2.0,0.297,2.0,129.34,0.34219,-1.73715,-1.43685,7e-05,-0.98192
5246.99,BTC-27SEP19,1555585140925,open,0.3,10.0,0.25737066,0.48510079,0.29493717,61.34,0.288,0.0,BTC-27DEC19-6000-P,5241.28,55.03,0.274,5.0,0.3105,5.0,66.03,17.4227,-2.11304,-29.00453,0.00015,-0.50295
5241.28,index_price,1555585140923,open,0.24,0.0,0.24019492,0.24255027,0.24113586,72.85,None,0,BTC-26APR19-6500-P,5241.28,0.0,0.2315,2.0,0.2495,2.0,116.1,0.45196,-2.09046,-1.37521,0.0001,-0.97487
5241.28,index_price,1555585140926,open,0.01,930.5,0.01156898,0.03007216,0.01191468,50.71,0.0125,0,BTC-26APR19-5500-C,5241.28,48.82,0.011,16.0,0.013,14.0,52.92,2.55071,-8.21215,0.29309,0.00085,0.27108
5241.28,index_price,1555585140922,open,0.48,10.2,0.47531901,0.47531901,0.47531012,0.0,0.006,0,BTC-26APR19-2750-C,5241.28,0.0,0.4665,3.0,0.484,3.0,290.5,0.0,0.0,0.59337,0.0,1.0
5241.28,index_price,1555585140926,open,0.24,0.0,0.23682765,0.23682765,0.23681454,0.0,None,0,BTC-19APR19-4000-C,5241.28,0.0,0.2285,3.0,0.2455,3.0,430.34,0.0,0.0,0.09597,0.0,1.0
5246.99,BTC-27SEP19,1555585140922,open,0.02,7.6,0.00205953,0.12992535,0.02190885,73.28,0.0235,0.0,BTC-27DEC19-14000-C,5241.28,71.91,0.02,12.0,0.024,12.0,74.72,7.44585,-1.07889,2.69788,5e-05,0.09613
5241.28,index_price,1555585140924,open,0.14,0.0,0.14576986,0.15422984,0.14768057,61.84,None,0,BTC-26APR19-6000-P,5241.28,0.0,0.138,2.0,0.1555,2.0,88.56,1.08441,-4.25706,-1.21367,0.0003,-0.92549
5246.99,BTC-27SEP19,1555585140924,open,0.46,0.0,0.44110599,0.55560387,0.45761351,63.67,None,0.0,BTC-27DEC19-3000-C,5241.28,47.8,0.439,3.0,0.4735,3.0,74.29,7.29222,-0.91805,16.31982,6e-05,0.90656
5246.99,BTC-27SEP19,1555585140921,open,0.39,5.8,0.36235997,0.50867369,0.38481197,62.42,0.385,0.0,BTC-27DEC19-3500-C,5241.28,51.87,0.3655,3.0,0.401,3.0,70.53,10.1548,-1.25329,16.93286,9e-05,0.85062
5241.28,index_price,1555585140923,open,0.34,0.0,0.33265705,0.34115736,0.3342288,62.51,None,0,BTC-31MAY19-3500-C,5241.28,0.0,0.3245,3.0,0.3445,3.0,92.32,0.98578,-0.71862,3.95623,5e-05,0.97681
5246.99,BTC-27SEP19,1555585140924,open,0.03,91.0,0.01286237,0.12736025,0.02937861,63.68,0.035,0.0,BTC-27DEC19-3000-P,5241.28,62.31,0.0275,12.0,0.031,15.0,64.83,7.29297,-0.91823,-4.46527,6e-05,-0.09346
5241.28,index_price,1555585140921,open,0.19,0.0,0.1924568,0.19247182,0.19247942,118.98,None,0,BTC-19APR19-6250-P,5241.28,0.0,0.184,2.0,0.201,2.0,295.3,0.01168,-0.79354,-0.14978,1e-05,-0.99861
5241.28,index_price,1555585140923,open,0.02,43.1,0.02746869,0.03774984,0.02800752,54.43,0.033,0,BTC-19APR19-5375-P,5241.28,34.11,0.026,4.0,0.0295,4.0,65.36,0.66357,-20.62106,-0.10717,0.00185,-0.82425
5241.28,index_price,1555585140923,open,0.14,0.0,0.14475853,0.14492239,0.14482369,103.68,None,0,BTC-19APR19-6000-P,5241.28,0.0,0.1365,2.0,0.153,2.0,244.04,0.03168,-1.87557,-0.14343,5e-05,-0.99581
5241.28,index_price,1555585140928,open,0.53,0.0,0.52301728,0.52301728,0.52300909,0.0,None,0,BTC-26APR19-2500-C,5241.28,0.0,0.5145,3.0,0.5315,3.0,325.5,0.0,0.0,0.53943,0.0,1.0
5241.28,index_price,1555585140928,open,0.16,0.0,0.16860767,0.16865955,0.16863824,109.41,None,0,BTC-19APR19-6125-P,5241.28,0.0,0.16,2.0,0.177,2.0,270.17,0.01616,-1.00943,-0.1467,2e-05,-0.99802
5241.28,index_price,1555585140931,open,0.06,466.4,0.05733103,0.07506894,0.05700034,49.29,0.0585,0,BTC-26APR19-5000-C,5241.28,46.0,0.0555,4.1,0.059,4.0,53.54,2.42558,-7.58988,0.78826,0.00083,0.754
5241.28,index_price,1555585140921,open,0.0,259.9,0.0,0.0,0.0,100.0,0.0005,0,BTC-26APR19-2250-P,5241.28,0.0,0.0,0.0,0.0005,36.9,233.78,0.0,0.0,0.0,0.0,0.0
5241.28,index_price,1555585140927,open,0.0,164.8,1e-08,0.00047158,0.00016658,99.48,0.0005,0,BTC-19APR19-5875-C,5241.28,0.0,0.0,0.0,0.0005,8.9,116.05,0.06973,-0.87311,0.00126,0.00011,0.01022
5241.28,index_price,1555585140926,open,0.0,117.5,1.5e-07,0.00087291,0.00023183,92.72,0.0005,0,BTC-19APR19-4750-P,5241.28,0.0,0.0,0.0,0.0005,17.4,104.25,0.09312,-1.21507,-0.00182,0.00015,-0.01427
5241.28,index_price,1555585140921,open,0.29,0.0,0.28591383,0.2997445,0.28849667,60.66,None,0,BTC-31MAY19-3750-C,5241.28,0.0,0.2785,3.0,0.299,3.0,83.73,1.64825,-1.16588,4.11448,8e-05,0.95678
5241.28,index_price,1555585140926,open,0.1,73.0,0.10085945,0.11443532,0.10244685,55.31,0.097,0,BTC-26APR19-5750-P,5241.28,46.72,0.1,0.1,0.104,0.1,59.92,1.67799,-5.89188,-1.09326,0.00051,-0.86425
5241.28,index_price,1555585140923,open,0.05,58.1,0.04628272,0.05222978,0.04723939,68.72,0.0485,0,BTC-19APR19-5000-C,5241.28,0.0,0.0455,4.0,0.0485,4.0,83.46,0.37528,-14.72448,0.10997,0.00083,0.92176
5246.99,BTC-27SEP19,1555585140922,open,0.32,34.5,0.29325769,0.46716865,0.32090349,61.64,0.3375,0.0,BTC-27DEC19-4000-C,5241.28,53.34,0.301,5.0,0.3365,8.0,67.97,12.79871,-1.55986,16.83076,0.00011,0.7839
5241.28,index_price,1555585140941,open,0.1,30.2,0.09373298,0.09460574,0.09394909,91.82,0.088,0,BTC-19APR19-4750-C,5241.28,0.0,0.0925,4.0,0.096,4.0,140.81,0.08893,-4.66244,0.11223,0.00015,0.98647
5241.28,index_price,1555585140947,open,0.05,5.8,0.04959434,0.05564491,0.05055775,68.95,0.0555,0,BTC-19APR19-5500-P,5241.28,0.0,0.048,4.0,0.0515,4.0,80.21,0.37914,-14.92627,-0.12213,0.00083,-0.9207
5241.28,index_price,1555585140959,open,0.05,58.1,0.04628272,0.05222978,0.04723939,68.72,0.0485,0,BTC-19APR19-5000-C,5241.28,0.0,0.0455,4.0,0.049,4.0,88.37,0.37528,-14.72448,0.10997,0.00083,0.92176
5243.49,BTC-28JUN19,1555585140961,open,0.13,45.2,0.10769847,0.15151994,0.12722384,56.17,0.1645,0.0,BTC-28JUN19-5500-P,5241.28,54.9,0.125,7.2,0.13,12.2,57.75,9.19587,-3.64387,-6.66716,0.00031,-0.52759
175.41,ETH-28JUN19,1555585141032,open,0.13,4309.0,0.120137,0.215983,0.134893,68.4,0.183,0.0,ETH-28JUN19-180-P,171.52,66.19,0.131,90.0,0.14,150.0,71.32,0.30771,-0.14849,-0.20742,0.00753,-0.47408
175.41,ETH-28JUN19,1555585141928,open,0.02,512.0,0.005122,0.060442,0.018493,79.49,0.02,0.0,ETH-28JUN19-280-C,171.53,76.62,0.016,150.0,0.021,360.0,82.21,0.15736,-0.08824,0.03561,0.00331,0.12303
175.41,ETH-28JUN19,1555585141928,open,0.05,604.0,0.032004,0.119913,0.046047,69.87,0.046,0.0,ETH-28JUN19-220-C,171.53,68.49,0.044,255.0,0.051,120.0,73.17,0.26037,-0.12834,0.07982,0.00624,0.28039
175.41,ETH-28JUN19,1555585141928,open,0.02,876.0,0.002691,0.048274,0.01499,83.09,0.015,0.0,ETH-28JUN19-300-C,171.53,80.43,0.013,5.0,0.017,360.0,85.62,0.13548,-0.07942,0.0289,0.00273,0.09983
177.76,ETH-27SEP19,1555585141928,open,0.19,748.0,0.165728,0.256159,0.188568,68.75,0.182,0.0,ETH-27SEP19-180-P,171.53,66.23,0.182,90.0,0.195,150.0,71.22,0.46277,-0.09827,-0.47987,0.0048,-0.42013
175.41,ETH-28JUN19,1555585141928,open,0.1,3997.0,0.088851,0.181887,0.103215,68.44,0.1,0.0,ETH-28JUN19-170-P,171.53,66.55,0.1,120.0,0.108,180.0,71.25,0.29853,-0.14412,-0.17123,0.0073,-0.39949
175.41,ETH-28JUN19,1555585141928,open,0.06,491.0,0.042491,0.134528,0.057897,69.87,0.055,0.0,ETH-28JUN19-210-C,171.53,67.43,0.054,250.0,0.062,120.0,72.42,0.28106,-0.13854,0.09383,0.00673,0.33338
177.76,ETH-27SEP19,1555585141928,open,0.94,0.0,0.924676,0.979991,0.949613,78.79,None,0.0,ETH-27SEP19-340-P,171.53,0.0,0.003,6.0,0.971,1.0,90.55,0.29399,-0.07155,-1.40682,0.00266,-0.83488
175.41,ETH-28JUN19,1555585141928,open,0.4,1687.0,0.385982,0.463531,0.40171,73.68,0.449,0.0,ETH-28JUN19-240-P,171.53,0.0,0.006,12.0,0.406,1.0,76.98,0.22332,-0.11608,-0.4056,0.00507,-0.7891
175.41,ETH-28JUN19,1555585141929,open,0.07,2253.0,0.062607,0.150383,0.075904,68.44,0.086,0.0,ETH-28JUN19-160-P,171.53,65.97,0.072,120.0,0.079,60.0,70.39,0.27795,-0.13419,-0.13632,0.0068,-0.3243
177.77,ETH-27SEP19,1555585141929,open,0.63,0.0,0.606619,0.681997,0.633897,74.13,None,0.0,ETH-27SEP19-280-P,171.53,0.0,0.004,5.0,0.671,2.0,90.47,0.37647,-0.0862,-1.0908,0.00362,-0.74967
175.41,ETH-28JUN19,1555585141929,open,0.03,846.0,0.017759,0.095308,0.033487,73.68,0.032,0.0,ETH-28JUN19-240-C,171.53,71.7,0.031,120.0,0.036,120.0,75.63,0.22332,-0.11608,0.06043,0.00507,0.2109
175.41,ETH-28JUN19,1555585141929,open,1.84,0.0,1.850468,1.856371,1.853574,105.0,None,0.0,ETH-28JUN19-500-P,171.53,0.0,0.002,2.0,0.0,0.0,0.0,0.03908,-0.02895,-0.96479,0.00062,-0.97895
177.77,ETH-27SEP19,1555585141929,open,1.05,0.0,1.033796,1.083082,1.057199,80.1,None,0.0,ETH-27SEP19-360-P,171.53,0.0,0.01,4.0,1.074,1.0,90.15,0.27039,-0.0669,-1.50722,0.00241,-0.85455
177.77,ETH-27SEP19,1555585141929,open,0.01,820.0,0.002251,0.020229,0.007507,74.73,0.012,0.0,ETH-27SEP19-80-P,171.53,68.9,0.005,150.0,0.01,150.0,79.57,0.08481,-0.01958,-0.03109,0.00081,-0.03193
175.41,ETH-28JUN19,1555585141929,open,0.0,1784.0,0.00035,0.015592,0.002575,78.84,0.006,0.0,ETH-28JUN19-90-P,171.53,68.36,0.001,155.0,0.004,150.0,85.17,0.03439,-0.01913,-0.00704,0.00073,-0.01811
175.41,ETH-28JUN19,1555585141929,open,0.04,2650.0,0.025709,0.095952,0.036091,69.15,0.034,0.0,ETH-28JUN19-140-P,171.53,67.37,0.034,120.0,0.038,60.0,70.76,0.20709,-0.10103,-0.07569,0.00501,-0.18611
175.41,ETH-28JUN19,1555585141929,open,0.0,1501.0,7.5e-05,0.008748,0.00199,87.59,0.004,0.0,ETH-28JUN19-80-P,171.53,79.34,0.001,1999.0,0.003,150.0,93.59,0.02583,-0.01596,-0.0051,0.00049,-0.01297
175.41,ETH-28JUN19,1555585141929,open,1.05,0.0,1.052709,1.077297,1.061321,92.51,None,0.0,ETH-28JUN19-360-P,171.53,0.0,0.002,2.0,0.0,0.0,0.0,0.09134,-0.05961,-0.68188,0.00165,-0.94061
177.77,ETH-27SEP19,1555585141929,open,0.06,314.0,0.03155,0.106929,0.058651,74.04,0.064,0.0,ETH-27SEP19-280-C,171.53,72.3,0.055,120.0,0.064,180.0,76.54,0.37614,-0.08603,0.15079,0.00362,0.24991
177.77,ETH-27SEP19,1555585141929,open,0.18,275.0,0.15315,0.243578,0.17591,68.72,0.188,0.0,ETH-27SEP19-180-C,171.53,66.45,0.17,90.0,0.182,60.0,71.06,0.4628,-0.09823,0.31848,0.00481,0.57987
177.77,ETH-27SEP19,1555585141929,open,0.04,229.0,0.016535,0.078328,0.042365,77.14,0.042,0.0,ETH-27SEP19-320-C,171.53,75.23,0.039,120.0,0.046,180.0,79.14,0.31858,-0.07591,0.11437,0.00295,0.18743
175.42,ETH-28JUN19,1555585141929,open,0.24,339.0,0.227613,0.297849,0.237961,69.13,0.19,0.0,ETH-28JUN19-140-C,171.53,65.72,0.234,30.0,0.242,30.0,72.51,0.20703,-0.10096,0.19622,0.00501,0.814
171.53,index_price,1555585141929,open,0.05,96.0,0.039633,0.071565,0.043708,67.02,0.034,0,ETH-26APR19-170-C,171.53,64.08,0.042,150.0,0.049,200.0,76.14,0.09954,-0.42354,0.01895,0.02339,0.55576
175.42,ETH-28JUN19,1555585141929,open,0.17,1073.0,0.150489,0.238259,0.163755,68.42,0.147,0.0,ETH-28JUN19-160-C,171.53,64.78,0.158,90.0,0.168,150.0,71.09,0.27794,-0.13415,0.17441,0.0068,0.67578
175.42,ETH-28JUN19,1555585141929,open,0.01,1225.0,0.00324,0.038017,0.007974,72.38,0.013,0.0,ETH-28JUN19-110-P,171.53,67.9,0.006,300.0,0.01,210.0,76.45,0.08267,-0.04222,-0.02054,0.00191,-0.05233
177.77,ETH-27SEP19,1555585141930,open,1.27,0.0,1.254724,1.293481,1.275401,82.87,None,0.0,ETH-27SEP19-400-P,171.53,0.0,0.001,9.0,0.0,0.0,0.0,0.23169,-0.05931,-1.70221,0.00199,-0.88366
177.77,ETH-27SEP19,1555585141930,open,0.11,208.0,0.082566,0.173984,0.107277,69.67,0.092,0.0,ETH-27SEP19-220-C,171.53,68.41,0.104,120.0,0.115,180.0,72.65,0.46024,-0.09905,0.23872,0.00471,0.41007
175.42,ETH-28JUN19,1555585141929,open,0.01,1994.0,0.001194,0.025252,0.005783,78.84,0.01,0.0,ETH-28JUN19-100-P,171.53,76.54,0.005,4.0,0.007,360.0,82.11,0.06199,-0.03448,-0.01444,0.00132,-0.03662
175.42,ETH-28JUN19,1555585141929,open,0.44,0.0,0.431134,0.455191,0.43569,78.75,None,0.0,ETH-28JUN19-100-C,171.53,0.0,0.417,1.0,0.0,0.0,0.0,0.0618,-0.03433,0.17979,0.00131,0.96351
175.42,ETH-28JUN19,1555585141930,open,0.01,265.0,0.001402,0.038654,0.011988,85.79,0.01,0.0,ETH-28JUN19-320-C,171.53,82.63,0.01,150.0,0.014,360.0,88.72,0.11556,-0.06994,0.02337,0.00225,0.08059
175.42,ETH-28JUN19,1555585141930,open,0.01,73.0,0.000374,0.024968,0.008986,92.5,0.008,0.0,ETH-28JUN19-360-C,171.53,88.41,0.007,300.0,0.011,360.0,96.15,0.09135,-0.05961,0.01717,0.00165,0.05939
177.77,ETH-27SEP19,1555585141930,open,0.73,10.0,0.710409,0.778969,0.737718,75.93,0.781,0.0,ETH-27SEP19-300-P,171.53,0.0,0.004,4.0,0.747,1.0,80.54,0.34785,-0.08158,-1.19888,0.00327,-0.78292
171.53,index_price,1555585141929,open,0.0,1780.0,0.0,0.000152,6.9e-05,105.04,0.001,0,ETH-19APR19-150-P,171.53,0.0,0.0,0.0,0.001,110.0,152.29,0.00105,-0.01182,-2e-05,0.00141,-0.00424
175.42,ETH-28JUN19,1555585141931,open,0.33,25.0,0.323284,0.369965,0.32999,71.09,0.315,0.0,ETH-28JUN19-120-C,171.53,0.0,0.301,1.0,0.0,0.0,0.0,0.12086,-0.06061,0.19909,0.00285,0.91445
177.77,ETH-27SEP19,1555585141931,open,0.04,1627.0,0.027866,0.082424,0.040473,69.0,0.05,0.0,ETH-27SEP19-120-P,171.53,67.31,0.038,150.0,0.043,60.0,70.7,0.26216,-0.05587,-0.14146,0.00271,-0.13895
171.53,index_price,1555585141929,open,0.0,774.0,2e-06,0.000814,0.000472,104.95,0.002,0,ETH-19APR19-190-C,171.53,0.0,0.0,0.0,0.002,250.0,137.64,0.00487,-0.08104,0.0001,0.00658,0.02478
171.53,index_price,1555585141929,open,0.0,72.0,0.0,0.0,0.0,105.02,0.001,0,ETH-19APR19-130-P,171.53,0.0,0.0,0.0,0.001,101.0,282.0,0.0,0.0,0.0,0.0,0.0
171.53,index_price,1555585141930,open,0.0,508.0,0.000415,0.011045,0.003981,88.5,0.006,0.2,ETH-26APR19-210-C,171.53,76.91,0.002,400.0,0.006,400.0,97.45,0.03471,-0.20143,0.00253,0.00618,0.07237
171.53,index_price,1555585141931,open,0.19,195.0,0.183816,0.183818,0.183769,0.0,0.11,0,ETH-19APR19-140-C,171.53,0.0,0.182,50.0,0.188,50.0,286.61,0.0,0.0,0.00336,0.0,1.0
171.53,index_price,1555585141931,open,0.01,215.0,0.010417,0.036866,0.013458,67.11,0.01,0,ETH-26APR19-160-P,171.53,58.99,0.01,200.0,0.014,211.0,68.33,0.07558,-0.322,-0.00883,0.01774,-0.22507
171.53,index_price,1555585141930,open,0.01,271.0,0.001568,0.017979,0.006038,81.28,0.004,0,ETH-26APR19-200-C,171.53,73.22,0.004,250.0,0.008,400.0,87.95,0.04738,-0.24452,0.00385,0.00918,0.11002
171.53,index_price,1555585141935,open,0.02,484.0,0.016579,0.047065,0.020622,67.7,0.019,0,ETH-26APR19-180-C,171.53,68.41,0.021,1.0,0.025,201.0,75.81,0.09145,-0.39302,0.01152,0.02128,0.33179
177.77,ETH-27SEP19,1555585141938,open,0.63,0.0,0.606619,0.681997,0.633897,74.13,None,0.0,ETH-27SEP19-280-P,171.53,0.0,0.004,5.0,0.67,1.0,90.05,0.37647,-0.0862,-1.0908,0.00362,-0.74967
177.77,ETH-27SEP19,1555585141939,open,0.63,0.0,0.606619,0.681997,0.633897,74.13,None,0.0,ETH-27SEP19-280-P,171.53,0.0,0.004,5.0,0.67,2.0,90.05,0.37647,-0.0862,-1.0908,0.00362,-0.74967
177.76,ETH-27SEP19,1555585141940,open,0.94,0.0,0.924676,0.979991,0.949613,78.79,None,0.0,ETH-27SEP19-340-P,171.53,0.0,0.003,6.0,0.97,1.0,90.04,0.29399,-0.07155,-1.40682,0.00266,-0.83488
177.77,ETH-27SEP19,1555585141942,open,0.73,10.0,0.710409,0.778969,0.737718,75.93,0.781,0.0,ETH-27SEP19-300-P,171.53,0.0,0.004,4.0,0.746,1.0,80.05,0.34785,-0.08158,-1.19888,0.00327,-0.78292
5243.47,BTC-28JUN19,1555585142255,open,0.19,35.5,0.18315562,0.22427423,0.1929013,56.17,0.204,0.0,BTC-28JUN19-6000-P,5241.28,50.22,0.1835,3.0,0.1975,1.0,59.0,8.43704,-3.34327,-8.71501,0.00028,-0.66303
171.53,index_price,1555585143052,open,0.3,0.0,0.300414,0.301288,0.300863,103.75,None,0,ETH-26APR19-120-C,171.53,137.39,0.303,1.0,0.392,1.0,429.58,0.00537,-0.03539,0.02559,0.00082,0.99225
5241.28,index_price,1555585144081,open,0.03,19.2,0.02862784,0.06970805,0.03345347,54.33,0.031,0,BTC-31MAY19-4750-P,5241.28,52.59,0.0315,5.0,0.0355,5.0,56.14,5.90735,-3.7429,-1.85038,0.00034,-0.26709
5241.28,index_price,1555585144082,open,0.03,19.2,0.02862784,0.06970805,0.03345347,54.33,0.031,0,BTC-31MAY19-4750-P,5241.28,52.59,0.0315,5.0,0.0355,17.8,56.14,5.90735,-3.7429,-1.85038,0.00034,-0.26709
5241.28,index_price,1555585144097,open,0.01,296.8,0.00896889,0.02166545,0.00831519,46.65,0.011,0,BTC-19APR19-5250-C,5241.28,39.9,0.007,21.0,0.01,0.2,55.28,1.02226,-27.22838,0.05875,0.00332,0.47555
5246.97,BTC-27SEP19,1555585144106,open,0.12,110.0,0.09205989,0.28794657,0.12415687,61.34,0.12,0.0,BTC-27DEC19-4500-P,5241.28,59.87,0.12,9.6,0.127,14.6,62.33,14.92723,-1.81034,-15.02198,0.00013,-0.28908
5246.97,BTC-27SEP19,1555585144141,open,0.13,47.3,0.08856659,0.31775184,0.12517361,61.33,0.115,0.0,BTC-27DEC19-6500-C,5241.28,60.82,0.1235,7.2,0.129,5.0,62.5,17.18972,-2.08462,11.25457,0.00015,0.43477
5243.47,BTC-28JUN19,1555585144150,open,0.08,219.3,0.05877729,0.10259872,0.07829277,56.16,0.078,0.0,BTC-28JUN19-5500-C,5241.28,54.86,0.076,7.2,0.0805,5.1,57.42,9.19581,-3.64353,4.01265,0.00031,0.4724
5241.28,index_price,1555585144170,open,0.03,19.2,0.02862784,0.06970805,0.03345348,54.33,0.031,0,BTC-31MAY19-4750-P,5241.28,52.59,0.0315,15.0,0.0355,17.8,56.14,5.90735,-3.7429,-1.85038,0.00034,-0.26709
5241.28,index_price,1555585144177,open,0.03,19.2,0.02862784,0.06970805,0.03345348,54.33,0.031,0,BTC-31MAY19-4750-P,5241.28,52.59,0.0315,15.0,0.035,10.0,55.7,5.90735,-3.7429,-1.85038,0.00034,-0.26709
5246.93,BTC-27SEP19,1555585144355,open,0.0,1666.5,1.191e-05,0.00087331,0.00125621,83.89,0.0025,0.0,BTC-27SEP19-1500-P,5241.28,74.83,0.0005,1.0,0.002,15.0,89.6,0.58139,-0.15064,-0.16548,1e-05,-0.00586
5243.43,BTC-28JUN19,1555585144355,open,0.0,780.5,0.0,3.63e-06,0.00028134,100.0,0.0005,0.0,BTC-28JUN19-20000-C,5241.28,105.21,0.0005,1.0,0.001,19.4,112.52,0.174,-0.12275,0.02176,0.0,0.00242
5241.28,index_price,1555585144355,open,0.1,87.0,0.09222808,0.13763038,0.09693519,53.67,0.0925,0,BTC-31MAY19-5000-C,5241.28,51.38,0.094,9.6,0.1005,14.6,56.43,6.74497,-4.22119,3.31985,0.00039,0.63615
5241.28,index_price,1555585144357,open,0.0,426.7,0.00046975,0.00620401,0.00153963,61.23,0.002,0,BTC-26APR19-4500-P,5241.28,56.52,0.001,15.5,0.002,22.0,64.54,0.67539,-2.62529,-0.04798,0.00019,-0.04089
5241.28,index_price,1555585144357,open,0.0,489.5,0.00292029,0.01456938,0.0038186,53.71,0.0045,0,BTC-26APR19-4750-P,5241.28,50.35,0.003,3.5,0.0045,22.0,56.28,1.34204,-4.57656,-0.11637,0.00042,-0.09908
5246.93,BTC-27SEP19,1555585144357,open,0.03,56.2,0.00542853,0.1603984,0.02986033,69.92,0.0325,0.0,BTC-27DEC19-12000-C,5241.28,68.84,0.028,12.0,0.032,10.0,71.12,9.19561,-1.27124,3.60835,7e-05,0.12912
5241.28,index_price,1555585144357,open,0.02,62.9,0.00950988,0.04311856,0.01522813,57.48,0.015,0,BTC-31MAY19-6500-C,5241.28,55.98,0.014,13.3,0.0165,10.0,58.98,4.37248,-2.93085,0.89191,0.00024,0.16009
5246.93,BTC-27SEP19,1555585144370,open,0.01,706.6,0.00196289,0.02037825,0.01442928,74.41,0.0155,0.0,BTC-27SEP19-12000-C,5241.28,73.44,0.0135,10.0,0.0155,10.0,75.5,5.07514,-1.16652,1.46948,6e-05,0.07758
5243.43,BTC-28JUN19,1555585144372,open,0.0,1413.4,0.0,3.14e-06,0.00015345,100.0,0.0005,0.0,BTC-28JUN19-1500-P,5241.28,0.0,0.0,0.0,0.0005,114.9,113.02,0.08526,-0.06015,-0.01281,0.0,-0.00111
5243.43,BTC-28JUN19,1555585144372,open,0.0,375.3,6.75e-06,0.00097505,0.00249852,84.32,0.0025,0.0,BTC-28JUN19-12000-C,5241.28,81.86,0.002,10.0,0.003,6.9,86.48,1.14477,-0.68094,0.1838,3e-05,0.02055
5241.28,index_price,1555585144372,open,0.0,1796.1,0.0,0.0,1.3e-07,100.0,0.0005,0,BTC-26APR19-2750-P,5241.28,0.0,0.0,0.0,0.0005,17.3,181.84,0.00014,-0.00066,0.0,0.0,0.0
5241.28,index_price,1555585144372,open,0.0,53.6,0.0,1.502e-05,2.15e-06,100.0,0.001,0,BTC-19APR19-6250-C,5241.28,0.0,0.0,0.0,0.0005,16.9,167.01,0.00176,-0.01125,2e-05,0.0,0.00018
5243.43,BTC-28JUN19,1555585144386,open,0.26,367.4,0.2472783,0.27042031,0.25492142,59.44,0.231,0.0,BTC-28JUN19-4000-C,5241.28,45.05,0.244,3.0,0.267,3.0,71.8,4.67984,-1.96242,6.34259,0.00015,0.87786
5243.43,BTC-28JUN19,1555585144386,open,0.3,30.0,0.28794625,0.30305138,0.29662789,61.46,0.298,0.0,BTC-28JUN19-3750-C,5241.28,34.97,0.2855,3.0,0.308,3.0,75.81,3.59027,-1.55654,6.29773,0.00011,0.91516
5243.43,BTC-28JUN19,1555585144389,open,0.01,428.1,0.00234345,0.01431295,0.0077766,63.97,0.0085,0.0,BTC-28JUN19-3500-P,5241.28,62.4,0.007,0.5,0.0085,0.1,65.36,2.66692,-1.20349,-0.666,8e-05,-0.05764
5243.43,BTC-28JUN19,1555585144403,open,0.22,1.5,0.20268836,0.23016213,0.21601811,58.07,0.205,0.0,BTC-28JUN19-4250-C,5241.28,47.5,0.205,3.0,0.228,3.0,68.25,5.87657,-2.40732,6.23766,0.00019,0.82865
5246.93,BTC-27SEP19,1555585144403,open,0.57,2.5,0.55074626,0.60328654,0.57038828,64.81,1.278,0.0,BTC-27SEP19-8000-P,5241.28,0.0,0.004,0.3,0.0,0.0,0.0,10.43187,-2.08837,-31.34892,0.00013,-0.7768
5243.43,BTC-28JUN19,1555585144403,open,0.0,141.9,1.43e-06,0.00046666,0.00197226,88.14,0.003,0.0,BTC-28JUN19-13000-C,5241.28,85.21,0.0015,10.0,0.0025,6.9,90.88,0.92633,-0.57596,0.14313,2e-05,0.01603
5243.43,BTC-28JUN19,1555585144403,open,0.72,6.6,0.71710095,0.72560949,0.72261916,69.45,0.704,0.0,BTC-28JUN19-9000-P,5241.28,0.0,0.0005,9.5,0.0,0.0,0.0,2.51227,-1.23078,-16.99512,7e-05,-0.94656
5246.93,BTC-27SEP19,1555585144403,open,0.02,656.4,0.00372676,0.02823337,0.0179105,71.91,0.0185,0.0,BTC-27SEP19-11000-C,5241.28,71.09,0.017,10.0,0.019,10.0,72.85,5.93818,-1.3189,1.81031,7e-05,0.09571
5241.28,index_price,1555585144403,open,0.0,37.0,0.0,9.28e-06,1.22e-06,100.0,0.0005,0,BTC-19APR19-4375-P,5241.28,0.0,0.0,0.0,0.0005,16.9,175.22,0.00104,-0.00638,-1e-05,0.0,-0.0001
5241.28,index_price,1555585144403,open,0.0,63.9,0.0,5.404e-05,1.156e-05,100.0,0.0005,0,BTC-19APR19-4500-P,5241.28,0.0,0.0,0.0,0.0005,18.1,151.36,0.00746,-0.06059,-0.00011,1e-05,-0.00085
5243.43,BTC-28JUN19,1555585144405,open,0.34,146.9,0.33484145,0.34681095,0.34027969,63.98,0.374,0.0,BTC-28JUN19-3500-C,5241.28,0.0,0.329,3.0,0.3515,3.0,81.59,2.66777,-1.20406,6.13001,8e-05,0.94234
5241.28,index_price,1555585144405,open,0.05,61.3,0.04619353,0.09159583,0.05090063,53.67,0.0495,0,BTC-31MAY19-5000-P,5241.28,51.8,0.0485,12.8,0.052,6.0,54.52,6.74497,-4.22119,-2.55353,0.00039,-0.36385
5241.28,index_price,1555585144405,open,0.0,254.5,0.00024816,0.00619522,0.00121987,68.93,0.001,0,BTC-19APR19-5000-P,5241.28,65.73,0.001,11.1,0.0015,30.0,72.63,0.37752,-6.39368,-0.01007,0.00083,-0.07886
5246.93,BTC-27SEP19,1555585144416,open,0.92,2.0,0.91299359,0.94529852,0.92921041,69.51,1.8325,0.0,BTC-27SEP19-10000-P,5241.28,0.0,0.002,0.3,0.0,0.0,0.0,7.09784,-1.52386,-42.03855,8e-05,-0.87735
5243.43,BTC-28JUN19,1555585144416,open,0.91,43.0,0.90729626,0.91148797,0.91184642,75.98,0.89,0.0,BTC-28JUN19-10000-P,5241.28,0.0,0.0005,0.5,0.0,0.0,0.0,1.95623,-1.04862,-19.06731,5e-05,-0.96086
5241.28,index_price,1555585144416,open,0.03,223.4,0.03015785,0.05065654,0.02968642,49.2,0.0315,0,BTC-26APR19-5250-P,5241.28,46.32,0.028,12.0,0.031,12.0,51.44,3.0712,-9.59211,-0.59311,0.00105,-0.49476
5241.28,index_price,1555585144416,open,0.15,962.4,0.14190085,0.14763511,0.14297073,61.23,0.151,0,BTC-26APR19-4500-C,5241.28,39.32,0.1415,2.5,0.15,5.0,93.59,0.67539,-2.62529,0.92299,0.00019,0.95911
5241.28,index_price,1555585144418,open,0.07,31.9,0.06989415,0.07243013,0.07058915,85.95,0.063,0,BTC-19APR19-4875-C,5241.28,0.0,0.069,4.0,0.072,4.0,109.56,0.22465,-11.02436,0.11174,0.0004,0.95924
5241.28,index_price,1555585144425,open,0.01,42.0,0.0106326,0.02332916,0.00997891,46.65,0.011,0,BTC-19APR19-5250-P,5241.28,36.5,0.008,18.1,0.0115,0.3,54.45,1.02226,-27.22828,-0.0672,0.00332,-0.52445
5241.28,index_price,1555585144425,open,0.0,93.6,7.9e-07,0.00050125,0.00072076,89.19,0.0005,0,BTC-26APR19-7000-C,5241.28,84.97,0.0005,7.0,0.001,16.9,93.42,0.30905,-1.74988,0.01734,6e-05,0.01605
5241.28,index_price,1555585144427,open,0.02,60.5,0.01476757,0.05299053,0.02017144,55.83,0.0205,0,BTC-31MAY19-6250-C,5241.28,54.61,0.019,18.3,0.021,0.8,56.67,5.10242,-3.3218,1.13731,0.00028,0.2049
5241.28,index_price,1555585144427,open,0.1,21.7,0.09738867,0.14495917,0.10275768,53.99,0.099,0,BTC-31MAY19-5500-P,5241.28,51.57,0.0995,9.6,0.106,9.6,56.39,7.06625,-4.44914,-4.12141,0.00041,-0.56665
5246.93,BTC-27SEP19,1555585144427,open,0.22,33.8,0.18555466,0.39744027,0.22112688,61.34,0.223,0.0,BTC-27DEC19-5000-C,5241.28,60.01,0.217,12.2,0.226,7.2,62.9,16.38965,-1.98766,15.10707,0.00014,0.63671
5241.28,index_price,1555585144427,open,0.0,108.6,6.07e-06,0.00111974,0.00071957,79.63,0.001,0,BTC-26APR19-6750-C,5241.28,75.77,0.0005,117.0,0.001,15.9,83.54,0.33553,-1.69615,0.01917,7e-05,0.01767
5246.93,BTC-27SEP19,1555585144438,open,0.16,50.2,0.113854,0.34158459,0.15141041,61.34,0.153,0.0,BTC-27DEC19-6000-C,5241.28,60.31,0.148,12.2,0.1535,5.0,61.96,17.4225,-2.11291,12.56375,0.00015,0.49703
5246.93,BTC-27SEP19,1555585144445,open,0.4,10.2,0.38343086,0.44612354,0.40549085,63.62,0.8,0.0,BTC-27SEP19-7000-P,5241.28,58.93,0.3945,1.0,0.421,2.0,70.02,12.49096,-2.45469,-25.26598,0.00016,-0.68029
5246.93,BTC-27SEP19,1555585144445,open,0.02,697.8,0.0071172,0.03942213,0.02334855,69.52,0.0245,0.0,BTC-27SEP19-10000-C,5241.28,68.89,0.0225,11.0,0.0245,10.0,70.36,7.09991,-1.52454,2.31181,8e-05,0.1227
5241.28,index_price,1555585144445,open,0.62,0.0,0.61841382,0.61841382,0.61841382,100.0,None,0,BTC-26APR19-2000-C,5241.28,0.0,0.61,3.0,0.627,3.0,412.24,0.0,0.0,0.43154,0.0,1.0
5241.28,index_price,1555585144445,open,0.24,485.7,0.23682945,0.23741591,0.2375829,88.13,0.2335,0,BTC-26APR19-4000-C,5241.28,0.0,0.2285,3.0,0.2385,1.4,100.21,0.30284,-1.69439,0.84451,6e-05,0.98432
5246.93,BTC-27SEP19,1555585144445,open,0.01,153.8,0.00422734,0.08534379,0.01487269,65.72,0.016,0.0,BTC-27DEC19-2500-P,5241.28,63.53,0.013,22.0,0.0165,10.0,67.52,4.62434,-0.6009,-2.41928,4e-05,-0.05168
5241.28,index_price,1555585144445,open,0.06,76.9,0.04802668,0.09559718,0.0533957,53.99,0.055,0,BTC-31MAY19-5500-C,5241.28,51.84,0.0505,22.5,0.056,9.6,55.92,7.06625,-4.44914,2.33931,0.00041,0.43335
5243.43,BTC-28JUN19,1555585144455,open,0.53,24.6,0.52858025,0.5449975,0.53684921,65.32,0.609,0.0,BTC-28JUN19-8000-P,5241.28,0.0,0.0005,0.4,0.0,0.0,0.0,3.83831,-1.76881,-14.70287,0.00011,-0.9072
5243.43,BTC-28JUN19,1555585144455,open,0.0,515.7,1.7e-07,0.00010328,0.00075338,92.57,0.001,0.0,BTC-28JUN19-2000-P,5241.28,88.12,0.0005,119.2,0.001,116.5,95.99,0.34203,-0.22336,-0.05994,1e-05,-0.00513
5241.28,index_price,1555585144455,open,0.01,31.1,0.0036615,0.02412767,0.00732377,58.82,0.007,0,BTC-31MAY19-4000-P,5241.28,58.14,0.007,19.7,0.0075,1.0,59.18,2.53587,-1.73946,-0.50519,0.00013,-0.07473
5241.28,index_price,1555585144455,open,0.0,25.0,0.00138791,0.01521858,0.00398224,60.69,0.0035,0,BTC-31MAY19-3750-P,5241.28,57.33,0.003,25.0,0.005,31.0,63.73,1.65081,-1.1684,-0.29114,8e-05,-0.0433
5241.28,index_price,1555585144457,open,0.0,30.4,0.0,1.2e-06,9e-08,100.0,0.0005,0,BTC-19APR19-4250-P,5241.28,0.0,0.0,0.0,0.0005,16.9,199.44,0.0001,-0.00046,0.0,0.0,-1e-05
5246.93,BTC-27SEP19,1555585144457,open,0.08,87.3,0.0556024,0.22951564,0.08325353,61.64,0.0885,0.0,BTC-27DEC19-4000-P,5241.28,60.72,0.081,10.0,0.0855,15.0,62.56,12.79888,-1.55993,-10.88215,0.00011,-0.21611
5246.93,BTC-27SEP19,1555585144457,open,0.08,40.9,0.04115327,0.25881792,0.0739295,62.39,0.08,0.0,BTC-27DEC19-8000-C,5241.28,62.76,0.075,10.0,0.0795,10.0,64.32,14.95542,-1.84479,7.86346,0.00013,0.29025
5241.28,index_price,1555585144457,open,0.0,464.5,0.00022035,0.00488662,0.00192664,69.55,0.0015,0,BTC-26APR19-6250-C,5241.28,66.39,0.0015,8.0,0.0025,36.9,73.22,0.7592,-3.35203,0.05128,0.00018,0.04727
5241.28,index_price,1555585144457,open,0.0,1.0,0.0,2.2e-07,1e-08,100.0,0.0005,0,BTC-19APR19-6625-C,5241.28,0.0,0.0,0.0,0.0005,16.9,212.86,1e-05,-5e-05,0.0,0.0,0.0
5246.93,BTC-27SEP19,1555585144457,open,0.05,72.5,0.02941077,0.1757269,0.05186881,62.42,0.063,0.0,BTC-27DEC19-3500-P,5241.28,61.19,0.0495,22.0,0.054,11.0,63.52,10.15516,-1.25339,-7.31607,9e-05,-0.14939
5241.28,index_price,1555585144457,open,0.01,12.4,0.00226114,0.02272444,0.00693672,62.15,0.006,0,BTC-31MAY19-7250-C,5241.28,60.21,0.006,16.5,0.008,10.0,64.2,2.6278,-1.90463,0.43944,0.00013,0.07831
5243.43,BTC-28JUN19,1555585144463,open,0.01,537.2,0.00066725,0.00917578,0.00619855,69.47,0.0065,0.0,BTC-28JUN19-9000-C,5241.28,69.05,0.006,10.0,0.0065,9.0,70.09,2.51532,-1.23276,0.48178,7e-05,0.05352
5243.43,BTC-28JUN19,1555585144474,open,0.0,388.0,7e-08,0.00011005,0.00099502,91.85,0.001,0.0,BTC-28JUN19-15000-C,5241.28,85.59,0.0005,31.6,0.0015,6.9,96.18,0.52435,-0.33976,0.0746,1e-05,0.00832
5241.28,index_price,1555585144474,open,0.0,914.9,1.81e-06,0.00058826,0.00075525,88.13,0.0005,0,BTC-26APR19-4000-P,5241.28,83.1,0.0005,2.8,0.001,16.9,91.99,0.30284,-1.69439,-0.01858,6e-05,-0.01568
5246.93,BTC-27SEP19,1555585144474,open,0.06,70.2,0.02462878,0.22770772,0.05807445,65.04,0.063,0.0,BTC-27DEC19-9000-C,5241.28,64.22,0.056,10.0,0.0605,10.0,65.98,13.38586,-1.72137,6.39137,0.00011,0.2339
5246.93,BTC-27SEP19,1555585144483,open,0.26,2.4,0.23508158,0.30380854,0.25508131,61.62,0.284,0.0,BTC-27SEP19-6000-P,5241.28,57.98,0.2455,1.0,0.269,3.0,66.89,13.83717,-2.63373,-18.69698,0.00018,-0.5484
5246.93,BTC-27SEP19,1555585144483,open,0.12,701.4,0.09155575,0.16028271,0.1115642,61.63,0.1145,0.0,BTC-27SEP19-6000-C,5241.28,59.7,0.1065,7.2,0.1115,5.0,61.6,13.83722,-2.63388,7.91278,0.00018,0.45161
5241.28,index_price,1555585144483,open,0.0,150.4,1.046e-05,0.00254643,0.00070546,85.95,0.0005,0,BTC-19APR19-4875-P,5241.28,80.68,0.0005,56.7,0.001,26.9,92.16,0.22465,-3.69752,-0.00521,0.0004,-0.04076
5241.28,index_price,1555585144483,open,0.07,4.0,0.07322559,0.0761356,0.0738874,82.43,0.0835,0,BTC-19APR19-5625-P,5241.28,0.0,0.0715,4.0,0.075,4.0,101.32,0.22939,-10.79594,-0.12978,0.00042,-0.95817
5241.28,index_price,1555585144483,open,0.0,702.6,4.185e-05,0.00216016,0.00075663,70.73,0.001,0,BTC-26APR19-4250-P,5241.28,66.5,0.0005,21.0,0.001,6.0,73.96,0.36072,-1.61985,-0.02262,9e-05,-0.01924
5241.28,index_price,1555585144483,open,0.01,219.2,0.01129648,0.02903438,0.0109775,49.31,0.012,0,BTC-26APR19-5000-P,5241.28,46.07,0.0095,16.4,0.012,16.0,51.5,2.42611,-7.59543,-0.29073,0.00083,-0.2461
5243.43,BTC-28JUN19,1555585144491,open,0.02,1420.4,0.01126524,0.03986278,0.02123935,60.09,0.022,0.0,BTC-28JUN19-7000-C,5241.28,59.42,0.0205,9.6,0.022,7.0,60.77,5.82106,-2.46755,1.5027,0.00018,0.16883
5246.93,BTC-27SEP19,1555585144493,open,1.1,3.1,1.10019079,1.1246974,1.11435855,71.89,1.9215,0.0,BTC-27SEP19-11000-P,5241.28,0.0,0.002,0.3,0.0,0.0,0.0,5.93546,-1.31804,-46.97516,7e-05,-0.90435
5241.28,index_price,1555585144495,open,0.0,1361.5,3e-08,0.00011872,0.00025362,92.37,0.0015,0,BTC-26APR19-3750-P,5241.28,0.0,0.0,0.0,0.0005,16.9,100.48,0.1234,-0.72363,-0.00664,2e-05,-0.00561
5241.28,index_price,1555585144495,open,0.0,126.5,0.00195584,0.01223699,0.00248031,54.31,0.0035,0,BTC-19APR19-5375-C,5241.28,50.38,0.002,0.5,0.0035,28.2,61.95,0.66233,-13.00002,0.02172,0.00185,0.17523
5241.28,index_price,1555585144495,open,0.0,233.8,0.0,0.0,0.0,100.0,0.0005,0,BTC-26APR19-2500-P,5241.28,0.0,0.0,0.0,0.0005,16.9,206.53,1e-05,-2e-05,0.0,0.0,0.0
5241.28,index_price,1555585144505,open,0.0,4.0,0.0,1e-08,0.0,100.0,0.0005,0,BTC-19APR19-4000-P,5241.28,0.0,0.0,0.0,0.0005,16.9,249.22,0.0,0.0,0.0,0.0,0.0
5241.28,index_price,1555585144505,open,0.0,409.6,3.984e-05,0.0023952,0.00095994,72.61,0.0015,0,BTC-26APR19-6500-C,5241.28,66.04,0.0005,72.5,0.0015,17.2,78.1,0.44587,-2.05539,0.02688,0.0001,0.02473
5246.93,BTC-27SEP19,1555585144521,open,0.74,0.0,0.72891774,0.77075277,0.74637111,66.66,None,0.0,BTC-27SEP19-9000-P,5241.28,0.0,0.002,0.3,0.0,0.0,0.0,8.51071,-1.75248,-36.90871,0.0001,-0.83974
5243.43,BTC-28JUN19,1555585144521,open,0.0,333.9,3.177e-05,0.00205239,0.00347113,80.8,0.003,0.0,BTC-28JUN19-11000-C,5241.28,77.06,0.0025,10.0,0.0045,38.9,84.08,1.50761,-0.85934,0.25507,3e-05,0.02852
5246.93,BTC-27SEP19,1555585144521,open,0.01,49.9,0.00087799,0.05072309,0.00700422,69.81,0.008,0.0,BTC-27DEC19-2000-P,5241.28,66.57,0.0055,10.0,0.0085,13.0,72.67,2.60021,-0.35889,-1.18372,2e-05,-0.02556
5246.93,BTC-27SEP19,1555585144521,open,0.05,93.1,0.01478504,0.20155093,0.04551691,66.79,0.0475,0.0,BTC-27DEC19-10000-C,5241.28,66.11,0.044,1.0,0.0475,10.0,67.67,11.80723,-1.5593,5.21045,9e-05,0.18885
5241.28,index_price,1555585144521,open,0.13,24.8,0.12236067,0.16344088,0.12718631,54.33,0.123,0,BTC-31MAY19-4750-C,5241.28,51.48,0.124,8.2,0.1305,8.2,57.25,5.90735,-3.7429,3.72933,0.00034,0.73291
5246.93,BTC-27SEP19,1555585144521,open,0.63,0.0,0.61970271,0.66954781,0.62583184,69.81,None,0.0,BTC-27DEC19-2000-C,5241.28,0.0,0.6065,3.0,0.6375,3.0,87.64,2.6008,-0.359,12.67213,2e-05,0.97443
5246.93,BTC-27SEP19,1555585144521,open,0.72,0.0,0.71419945,0.73874703,0.71734208,77.25,None,0.0,BTC-27DEC19-1500-C,5241.28,0.0,0.697,3.0,0.726,3.0,99.52,1.32798,-0.20283,9.85203,1e-05,0.98837
5246.93,BTC-27SEP19,1555585144521,open,0.77,0.0,0.73991753,0.94299647,0.77335013,65.03,None,0.0,BTC-27DEC19-9000-P,5241.28,0.0,0.001,0.5,0.815,1.0,80.03,13.38489,-1.72111,-55.96218,0.00011,-0.76613
5241.28,index_price,1555585144521,open,0.0,2173.6,0.0,1.662e-05,0.00010806,100.0,0.0005,0,BTC-26APR19-3500-P,5241.28,0.0,0.0,0.0,0.0005,16.9,118.81,0.05722,-0.36326,-0.00282,1e-05,-0.00238
5241.28,index_price,1555585144521,open,0.0,44.5,0.00043286,0.00893317,0.00201563,62.57,0.002,0,BTC-31MAY19-3500-P,5241.28,59.59,0.0015,20.6,0.0025,10.0,64.97,0.98905,-0.72168,-0.15577,5e-05,-0.02328
5246.93,BTC-27SEP19,1555585144530,open,0.45,227.1,0.43518414,0.4580763,0.44372272,65.64,0.456,0.0,BTC-27SEP19-3000-C,5241.28,0.0,0.428,3.0,0.457,3.0,79.03,4.54362,-0.92127,11.38191,6e-05,0.93285
5243.43,BTC-28JUN19,1555585144530,open,0.35,19.5,0.34626923,0.37486677,0.35623317,60.08,0.7515,0.0,BTC-28JUN19-7000-P,5241.28,48.47,0.345,2.0,0.371,2.0,72.13,5.82001,-2.46674,-12.09027,0.00018,-0.83122
5246.93,BTC-27SEP19,1555585144530,open,0.26,0.0,0.2453698,0.29936981,0.25963337,61.07,None,0.0,BTC-27SEP19-4250-C,5241.28,53.05,0.2435,3.0,0.274,3.0,68.01,10.74556,-2.02701,11.75263,0.00014,0.76469
5243.43,BTC-28JUN19,1555585144532,open,0.39,0.1,0.38058447,0.38645634,0.38519783,66.76,0.395,0.0,BTC-28JUN19-3250-C,5241.28,0.0,0.374,3.0,0.3955,3.0,87.27,1.91408,-0.90143,5.87172,5e-05,0.96189
5241.28,index_price,1555585144532,open,0.1,875.6,0.09665312,0.10830221,0.09755143,53.71,0.1,0,BTC-26APR19-4750-C,5241.28,49.32,0.0965,0.1,0.099,4.0,58.99,1.34204,-4.57656,0.90855,0.00042,0.90092
5241.28,index_price,1555585144532,open,0.0,6.7,0.0,9.8e-07,6e-08,100.0,0.003,0,BTC-19APR19-6500-C,5241.28,0.0,0.0,0.0,0.0005,16.9,198.05,7e-05,-0.00033,0.0,0.0,1e-05
5241.28,index_price,1555585144532,open,0.0,87.9,4.7e-07,0.00123323,0.00041163,94.55,0.0005,0,BTC-19APR19-5750-C,5241.28,0.0,0.0,0.0,0.001,17.3,110.34,0.1451,-2.15748,0.00297,0.00023,0.02402
5241.28,index_price,1555585144532,open,0.01,131.2,0.00822995,0.03603318,0.01140462,55.1,0.013,0,BTC-31MAY19-4250-P,5241.28,53.71,0.0105,50.9,0.0125,1.0,56.73,3.46935,-2.22931,-0.77327,0.0002,-0.11419
5241.28,index_price,1555585144532,open,0.0,5.2,0.0,1.1e-07,0.0,100.0,0.0005,0,BTC-19APR19-4125-P,5241.28,0.0,0.0,0.0,0.0005,16.9,224.08,1e-05,-2e-05,0.0,0.0,0.0
5241.28,index_price,1555585144534,open,0.03,130.5,0.02454668,0.03505124,0.02459691,50.39,0.032,0,BTC-19APR19-5125-C,5241.28,40.98,0.0235,4.0,0.026,0.1,60.62,0.67001,-19.27888,0.10021,0.00202,0.82154
5241.28,index_price,1555585144534,open,0.0,3043.3,0.0,1.49e-06,1.751e-05,100.0,0.0005,0,BTC-26APR19-3250-P,5241.28,0.0,0.0,0.0,0.0005,17.9,138.31,0.01213,-0.07701,-0.00052,0.0,-0.00044
5243.43,BTC-28JUN19,1555585144546,open,0.62,20.1,0.61857046,0.61867357,0.61932657,92.62,0.578,0.0,BTC-28JUN19-2000-C,5241.28,0.0,0.608,3.0,0.6285,3.0,141.89,0.34294,-0.22407,3.82348,1e-05,0.99485
5246.93,BTC-27SEP19,1555585144546,open,1.12,0.0,1.10539025,1.2758288,1.13268633,68.27,None,0.0,BTC-27DEC19-11000-P,5241.28,0.0,0.0,0.0,0.0,0.0,0.0,10.37154,-1.40004,-71.9202,8e-05,-0.84579
5241.28,index_price,1555585144546,open,0.02,69.9,0.01621024,0.05118636,0.02068083,55.07,0.0195,0,BTC-31MAY19-4500-P,5241.28,53.21,0.019,27.8,0.0225,27.8,57.05,4.77031,-3.06376,-1.25691,0.00027,-0.18347
5243.43,BTC-28JUN19,1555585144559,open,0.53,24.4,0.52322807,0.5241933,0.52521421,83.15,0.5115,0.0,BTC-28JUN19-2500-C,5241.28,0.0,0.5135,3.0,0.5345,3.0,115.87,0.81134,-0.47594,4.69423,2e-05,0.98626
5246.93,BTC-27SEP19,1555585144559,open,0.01,336.1,0.00176188,0.0133987,0.00728228,69.56,0.0085,0.0,BTC-27SEP19-2500-P,5241.28,66.85,0.006,12.0,0.0085,6.0,71.92,2.60344,-0.5594,-0.94861,3e-05,-0.03348
5246.93,BTC-27SEP19,1555585144559,open,0.03,23.7,0.00332883,0.14407005,0.02541915,71.68,0.028,0.0,BTC-27DEC19-13000-C,5241.28,70.44,0.0235,12.0,0.0275,12.0,72.98,8.25432,-1.16993,3.10334,6e-05,0.11079
5246.93,BTC-27SEP19,1555585144570,open,0.19,15.5,0.17149187,0.24005685,0.18820987,60.31,0.1945,0.0,BTC-27SEP19-5500-P,5241.28,59.09,0.185,7.2,0.192,10.2,61.74,13.89137,-2.58761,-15.24012,0.00019,-0.46672
5241.28,index_price,1555585144570,open,0.03,912.6,0.02849414,0.04899282,0.0280227,49.2,0.03,0,BTC-26APR19-5250-C,5241.28,47.45,0.027,6.0,0.0295,12.0,51.72,3.0712,-9.59211,0.53969,0.00105,0.50524
5241.28,index_price,1555585144570,open,0.0,160.7,0.0,0.00016385,4.556e-05,100.0,0.0005,0,BTC-19APR19-6000-C,5241.28,0.0,0.0,0.0,0.0005,16.9,133.72,0.02428,-0.23877,0.00039,4e-05,0.00311
5243.43,BTC-28JUN19,1555585144572,open,0.05,2314.1,0.03887315,0.07999135,0.04862095,56.16,0.05,0.0,BTC-28JUN19-6000-C,5241.28,56.4,0.049,10.0,0.051,10.1,57.64,8.43663,-3.34277,2.93552,0.00028,0.33693
5243.43,BTC-28JUN19,1555585144578,open,0.0,869.7,0.00029873,0.00464245,0.00351272,71.13,0.0015,0.0,BTC-28JUN19-3000-P,5241.28,66.98,0.0025,15.9,0.0045,12.0,74.54,1.40901,-0.70701,-0.30356,4e-05,-0.0263
5243.43,BTC-28JUN19,1555585144578,open,0.0,848.1,0.0001477,0.00433941,0.0047124,76.02,0.0055,0.0,BTC-28JUN19-10000-C,5241.28,74.02,0.004,10.0,0.0055,12.0,78.03,1.95993,-1.05114,0.35146,5e-05,0.03923
5246.93,BTC-27SEP19,1555585144578,open,0.02,17.5,0.01190008,0.04127694,0.0218706,64.22,0.0225,0.0,BTC-27SEP19-3250-P,5241.28,62.95,0.0205,12.0,0.023,10.0,65.25,5.72749,-1.13617,-2.62971,7e-05,-0.09114
5243.43,BTC-28JUN19,1555585144578,open,0.18,208.2,0.17114588,0.20551264,0.18081086,57.37,0.1745,0.0,BTC-28JUN19-4500-C,5241.28,49.1,0.17,5.0,0.1915,5.0,65.15,7.05551,-2.85556,5.97524,0.00023,0.76767
5243.43,BTC-28JUN19,1555585144578,open,0.43,43.8,0.42815416,0.43249788,0.43137252,71.14,0.433,0.0,BTC-28JUN19-3000-C,5241.28,0.0,0.42,3.0,0.4415,3.0,95.81,1.41002,-0.70768,5.52157,4e-05,0.97368
5241.28,index_price,1555585144578,open,0.38,0.0,0.38551103,0.40597434,0.39018661,62.15,None,0,BTC-31MAY19-7250-P,5241.28,0.0,0.0005,0.3,0.0,0.0,0.0,2.6278,-1.90463,-8.07697,0.00013,-0.92169
5241.28,index_price,1555585144578,open,0.06,139.1,0.06093097,0.07943415,0.06128114,50.72,0.057,0,BTC-26APR19-5500-P,5241.28,47.0,0.0595,4.0,0.063,4.0,54.21,2.5509,-8.21426,-0.89362,0.00085,-0.72888
5241.28,index_price,1555585144592,open,0.0,295.4,0.0,0.0,0.0,100.0,0.0005,0,BTC-26APR19-2000-P,5241.28,0.0,0.0,0.0,0.0005,21.9,264.24,0.0,0.0,0.0,0.0,0.0
5243.43,BTC-28JUN19,1555585144975,open,0.19,35.5,0.18316229,0.22428048,0.19290136,56.16,0.204,0.0,BTC-28JUN19-6000-P,5241.29,50.22,0.1835,3.0,0.198,1.0,59.3,8.4364,-3.34235,-8.71543,0.00028,-0.66309
177.79,ETH-27SEP19,1555585145211,open,0.14,351.0,0.112924,0.205687,0.138612,69.69,0.144,0.0,ETH-27SEP19-200-C,171.54,68.33,0.135,1.0,0.144,90.0,71.72,0.47224,-0.10165,0.27815,0.00483,0.49138
175.43,ETH-28JUN19,1555585145211,open,0.0,1791.0,4e-06,0.00591,0.003111,105.0,0.004,0.0,ETH-28JUN19-500-C,171.54,108.66,0.004,150.0,0.007,150.0,118.04,0.03911,-0.02897,0.00611,0.00062,0.02106
177.79,ETH-27SEP19,1555585145211,open,0.13,1286.0,0.10553,0.188951,0.126396,68.73,0.13,0.0,ETH-27SEP19-160-P,171.54,66.48,0.121,120.0,0.131,60.0,70.66,0.42508,-0.09025,-0.35438,0.00441,-0.32305
177.79,ETH-27SEP19,1555585145211,open,0.07,566.0,0.043594,0.125469,0.064186,69.68,0.065,0.0,ETH-27SEP19-260-C,171.54,70.93,0.067,120.0,0.076,180.0,74.85,0.39759,-0.08557,0.16906,0.00407,0.27859
175.43,ETH-28JUN19,1555585145211,open,0.02,1425.0,0.014525,0.073342,0.023103,69.93,0.029,0.0,ETH-28JUN19-130-P,171.54,67.63,0.021,150.0,0.025,60.0,71.94,0.16348,-0.08064,-0.05213,0.00391,-0.12994
175.43,ETH-28JUN19,1555585145211,open,0.21,1851.0,0.196015,0.291016,0.212567,69.9,0.21,0.0,ETH-28JUN19-200-P,171.54,67.2,0.208,90.0,0.218,90.0,73.1,0.29724,-0.14657,-0.27919,0.00712,-0.60701
175.43,ETH-28JUN19,1555585145211,open,0.14,685.0,0.119748,0.212776,0.134084,68.42,0.11,0.0,ETH-28JUN19-170-C,171.54,65.43,0.129,90.0,0.138,150.0,70.72,0.29853,-0.14409,0.15894,0.0073,0.60065
175.43,ETH-28JUN19,1555585145211,open,0.11,2505.0,0.094017,0.18986,0.108749,68.39,0.112,0.0,ETH-28JUN19-180-C,171.54,65.68,0.104,90.0,0.112,90.0,70.24,0.30774,-0.14848,0.14215,0.00753,0.52605
177.79,ETH-27SEP19,1555585145211,open,0.26,681.0,0.237847,0.33061,0.263534,69.69,0.262,0.0,ETH-27SEP19-200-P,171.54,66.85,0.256,90.0,0.27,90.0,72.12,0.47224,-0.10165,-0.60884,0.00483,-0.50862
177.79,ETH-27SEP19,1555585145211,open,0.0,120.0,0.000228,0.00621,0.002503,81.06,0.01,0.0,ETH-27SEP19-60-P,171.54,71.09,0.001,2000.0,0.004,150.0,87.6,0.03493,-0.00875,-0.01084,0.00031,-0.01124
175.43,ETH-28JUN19,1555585145211,open,0.72,0.0,0.712778,0.758376,0.725176,83.21,None,0.0,ETH-28JUN19-300-P,171.54,0.0,0.002,15.0,0.0,0.0,0.0,0.13596,-0.07982,-0.55351,0.00273,-0.8997
177.79,ETH-27SEP19,1555585145211,open,0.02,57.0,0.001353,0.024998,0.018425,89.14,0.018,0.0,ETH-27SEP19-480-C,171.54,86.69,0.016,160.0,0.021,210.0,91.55,0.18321,-0.05044,0.052,0.00147,0.08437
171.54,index_price,1555585145211,open,0.0,335.0,0.0,3e-06,1e-06,105.0,0.001,0,ETH-19APR19-210-C,171.54,0.0,0.0,0.0,0.001,155.0,208.21,2e-05,-9e-05,0.0,2e-05,5e-05
171.54,index_price,1555585145211,open,0.0,891.0,0.000639,0.006291,0.003037,89.0,0.003,0,ETH-19APR19-180-C,171.54,78.68,0.002,26.0,0.004,250.0,97.39,0.01866,-0.52101,0.00056,0.02969,0.1395
171.54,index_price,1555585145211,open,0.22,0.0,0.224204,0.224207,0.224205,105.0,None,0,ETH-19APR19-210-P,171.54,0.0,0.001,100.0,0.296,1.0,500.0,2e-05,-0.00097,-0.00504,2e-05,-0.99995
171.54,index_price,1555585145211,open,0.05,694.0,0.049957,0.055609,0.052355,89.0,0.05,0,ETH-19APR19-180-P,171.54,0.0,0.047,50.0,0.054,50.0,102.91,0.01866,-0.94799,-0.00376,0.02969,-0.8605
171.54,index_price,1555585145211,open,0.13,685.0,0.125568,0.12572,0.125637,105.0,0.074,0,ETH-19APR19-150-C,171.54,0.0,0.124,50.0,0.13,50.0,211.25,0.00104,-0.06247,0.00358,0.00141,0.99579
177.79,ETH-27SEP19,1555585145235,open,0.84,1.0,0.816421,0.878226,0.842367,77.2,0.93,0.0,ETH-27SEP19-320-P,171.54,0.0,0.003,6.0,0.868,1.0,90.26,0.31899,-0.07607,-1.30462,0.00295,-0.81221
175.43,ETH-28JUN19,1555585145235,open,0.07,1734.0,0.05596,0.15096,0.072446,69.86,0.062,0.0,ETH-28JUN19-200-C,171.54,67.82,0.069,1.0,0.076,180.0,71.95,0.29721,-0.14648,0.10915,0.00712,0.39286
175.43,ETH-28JUN19,1555585145235,open,0.55,0.0,0.544053,0.552721,0.545941,87.42,None,0.0,ETH-28JUN19-80-C,171.54,0.0,0.534,1.0,0.0,0.0,0.0,0.02561,-0.01579,0.1503,0.00049,0.98716
171.54,index_price,1555585145235,open,0.0,131.0,0.002293,0.019139,0.003669,67.08,0.028,0,ETH-26APR19-150-P,171.54,58.24,0.002,250.0,0.005,250.0,72.79,0.03714,-0.15817,-0.00306,0.00872,-0.07911
177.79,ETH-27SEP19,1555585145237,open,0.43,121.0,0.41001,0.497483,0.43293,69.69,0.507,0.0,ETH-27SEP19-240-P,171.54,0.0,0.006,8.0,0.485,1.0,90.23,0.43347,-0.0933,-0.86235,0.00444,-0.66074
171.54,index_price,1555585145237,open,0.1,841.0,0.107615,0.108429,0.108089,105.0,0.144,0,ETH-19APR19-190-P,171.54,0.0,0.104,50.0,0.11,50.0,143.26,0.0049,-0.29347,-0.00446,0.0066,-0.9751
175.43,ETH-28JUN19,1555585145249,open,0.28,325.0,0.273489,0.332306,0.282025,69.88,0.268,0.0,ETH-28JUN19-130-C,171.54,0.0,0.243,1.0,0.7,1.0,423.51,0.16338,-0.08054,0.20035,0.00391,0.87018
171.54,index_price,1555585145249,open,0.0,1.0,0.000287,0.008493,0.000973,71.7,0.008,0,ETH-26APR19-140-P,171.54,0.0,0.0,0.0,0.002,251.0,81.59,0.0141,-0.0642,-0.00092,0.0031,-0.02375
175.43,ETH-28JUN19,1555585145266,open,0.38,10.0,0.376207,0.410977,0.380904,72.31,0.265,0.0,ETH-28JUN19-110-C,171.54,0.0,0.359,1.0,0.0,0.0,0.0,0.08247,-0.04207,0.19312,0.00191,0.94783
177.79,ETH-27SEP19,1555585145266,open,1.16,1.0,1.143696,1.187464,1.165329,81.21,1.285,0.0,ETH-27SEP19-380-P,171.54,0.0,0.161,1.0,0.0,0.0,0.0,0.24831,-0.06229,-1.60611,0.00218,-0.87161
175.43,ETH-28JUN19,1555585145266,open,0.25,1413.0,0.239578,0.331624,0.25504,69.9,0.253,0.0,ETH-28JUN19-210-P,171.54,0.0,0.011,17.0,0.264,1.0,75.43,0.28118,-0.13866,-0.31388,0.00673,-0.66636
171.54,index_price,1555585145266,open,0.01,132.0,0.005646,0.029685,0.010959,74.76,0.009,0,ETH-26APR19-190-C,171.54,72.33,0.01,200.0,0.012,2.0,77.33,0.06851,-0.32516,0.00665,0.01443,0.19058
171.54,index_price,1555585145266,open,0.08,5.0,0.077677,0.104119,0.080703,67.08,0.08,0,ETH-26APR19-160-C,171.54,65.47,0.08,50.0,0.086,50.0,78.67,0.07553,-0.32165,0.02571,0.01774,0.7752
171.54,index_price,1555585145266,open,0.16,200.0,0.165909,0.165968,0.165931,105.0,0.208,0,ETH-19APR19-200-P,171.54,0.0,0.162,50.0,0.168,50.0,190.3,0.00042,-0.02523,-0.00479,0.00057,-0.99846
171.54,index_price,1555585145266,open,0.02,735.0,0.016705,0.027143,0.01743,63.89,0.016,0,ETH-19APR19-170-C,171.54,50.73,0.015,1.0,0.021,150.0,82.85,0.03201,-1.16768,0.00248,0.07096,0.61936
171.54,index_price,1555585145266,open,0.0,948.0,0.0,5.9e-05,2.2e-05,105.0,0.001,0,ETH-19APR19-200-C,171.54,0.0,0.0,0.0,0.001,250.0,165.98,0.00042,-0.00384,1e-05,0.00057,0.00154
171.54,index_price,1555585145266,open,0.24,94.0,0.242159,0.242159,0.242159,105.0,0.2,0,ETH-19APR19-130-C,171.54,0.0,0.001,100.0,0.33,1.0,500.0,0.0,0.0,0.00312,0.0,1.0
177.79,ETH-27SEP19,1555585145268,open,0.34,356.0,0.320014,0.411435,0.344813,69.71,0.385,0.0,ETH-27SEP19-220-P,171.54,0.0,0.005,9.0,0.392,60.0,87.68,0.46036,-0.09912,-0.73686,0.00471,-0.5897
177.79,ETH-27SEP19,1555585145268,open,0.56,0.0,0.55228,0.570252,0.557529,74.72,None,0.0,ETH-27SEP19-80-C,171.54,0.0,0.001,4.0,0.0,0.0,0.0,0.08476,-0.01956,0.32373,0.00081,0.9681
175.43,ETH-28JUN19,1555585145268,open,0.02,1940.0,0.009632,0.075861,0.023491,75.65,0.02,0.0,ETH-28JUN19-260-C,171.54,74.22,0.022,120.0,0.025,1.0,77.07,0.18453,-0.09848,0.04494,0.00408,0.15541
177.79,ETH-27SEP19,1555585145268,open,0.37,77.0,0.352896,0.407442,0.36548,68.98,0.368,0.0,ETH-27SEP19-120-C,171.54,0.0,0.002,6.0,0.0,0.0,0.0,0.26208,-0.05584,0.39082,0.00271,0.86113
175.43,ETH-28JUN19,1555585145268,open,0.49,0.0,0.487324,0.502559,0.489548,78.84,None,0.0,ETH-28JUN19-90-C,171.54,0.0,0.475,1.0,0.0,0.0,0.0,0.03437,-0.01911,0.16772,0.00073,0.98191
175.43,ETH-28JUN19,1555585145268,open,0.2,387.0,0.186518,0.266587,0.198128,68.41,0.173,0.0,ETH-28JUN19-150-C,171.54,65.46,0.194,30.0,0.202,90.0,71.16,0.24636,-0.1189,0.18753,0.00603,0.74864
171.54,index_price,1555585145268,open,0.34,120.0,0.340795,0.340795,0.340795,105.0,0.38,0,ETH-19APR19-230-P,171.54,0.0,0.001,100.0,0.436,1.0,500.0,0.0,0.0,-0.00552,0.0,-1.0
171.54,index_price,1555585145268,open,0.0,10.0,0.0,0.000874,0.000449,105.0,0.001,0,ETH-26APR19-120-P,171.54,0.0,0.0,0.0,0.001,35.0,117.32,0.00573,-0.03817,-0.00033,0.00086,-0.00834
171.54,index_price,1555585145268,open,0.28,50.0,0.2825,0.2825,0.2825,105.0,0.341,0,ETH-19APR19-220-P,171.54,0.0,0.001,100.0,0.366,1.0,500.0,0.0,-2e-05,-0.00528,0.0,-1.0
177.79,ETH-27SEP19,1555585145296,open,0.03,112.0,0.004629,0.043397,0.025069,82.69,0.026,0.0,ETH-27SEP19-400-C,171.54,80.24,0.022,170.0,0.028,60.0,84.88,0.23068,-0.05892,0.07139,0.00199,0.11561
175.43,ETH-28JUN19,1555585145296,open,1.28,0.0,1.280211,1.296424,1.287725,99.6,None,0.0,ETH-28JUN19-400-P,171.54,0.0,0.002,2.0,0.0,0.0,0.0,0.07795,-0.05477,-0.76276,0.00131,-0.95139
177.79,ETH-27SEP19,1555585145296,open,0.46,0.0,0.447449,0.482946,0.456077,70.66,None,0.0,ETH-27SEP19-100-C,171.54,0.0,0.001,6.0,0.0,0.0,0.0,0.16314,-0.03561,0.37179,0.00165,0.9276
177.79,ETH-27SEP19,1555585145296,open,0.02,982.0,0.009911,0.045408,0.018543,70.67,0.022,0.0,ETH-27SEP19-100-P,171.54,67.81,0.016,300.0,0.021,60.0,73.28,0.16316,-0.03561,-0.07172,0.00165,-0.07241
177.79,ETH-27SEP19,1555585145296,open,0.02,7.0,0.002487,0.032784,0.020759,85.63,0.018,0.0,ETH-27SEP19-440-C,171.54,83.1,0.018,150.0,0.024,210.0,88.37,0.20184,-0.05338,0.05941,0.00168,0.09611
171.54,index_price,1555585145296,open,0.0,1333.0,8.5e-05,0.00283,0.001333,95.1,0.002,0,ETH-19APR19-160-P,171.54,89.3,0.001,55.0,0.002,400.0,104.83,0.01058,-0.22863,-0.00027,0.01576,-0.06445
171.54,index_price,1555585145298,open,0.0,236.0,0.0,0.0,0.0,105.0,0.001,0,ETH-19APR19-230-C,171.54,0.0,0.0,0.0,0.001,10.0,283.32,0.0,0.0,0.0,0.0,0.0
171.54,index_price,1555585145298,open,0.19,150.0,0.184151,0.192357,0.184837,71.7,0.187,0,ETH-26APR19-140-C,171.54,82.65,0.186,50.0,0.255,1.0,275.07,0.0141,-0.0642,0.02929,0.0031,0.97625
171.54,index_price,1555585145298,open,0.12,95.0,0.113259,0.137298,0.118573,74.76,0.189,0,ETH-26APR19-190-P,171.54,55.79,0.112,50.0,0.117,50.0,70.73,0.06851,-0.32516,-0.03435,0.01443,-0.80942
171.54,index_price,1555585145298,open,0.03,255.0,0.030686,0.062616,0.03479,67.08,0.031,0,ETH-26APR19-170-P,171.54,58.82,0.03,150.0,0.036,150.0,69.16,0.09953,-0.42385,-0.01772,0.02337,-0.44402
171.54,index_price,1555585145301,open,0.0,20.0,1.7e-05,0.003089,0.000975,93.67,0.003,0,ETH-26APR19-130-P,171.54,0.0,0.0,0.0,0.002,200.0,105.75,0.01146,-0.06816,-0.00072,0.00193,-0.01858
177.79,ETH-27SEP19,1555585145312,open,0.05,491.0,0.022847,0.091419,0.049983,75.83,0.048,0.0,ETH-27SEP19-300-C,171.54,73.77,0.046,120.0,0.054,120.0,77.86,0.34752,-0.0814,0.13144,0.00327,0.21668
175.43,ETH-28JUN19,1555585145312,open,0.01,211.0,9.9e-05,0.016312,0.007484,99.31,0.006,0.0,ETH-28JUN19-400-C,171.54,95.71,0.006,150.0,0.009,210.0,102.57,0.07715,-0.05405,0.0138,0.0013,0.04798
175.43,ETH-28JUN19,1555585145312,open,0.5,0.0,0.491704,0.557934,0.505648,75.73,None,0.0,ETH-28JUN19-260-P,171.54,0.0,0.002,15.0,0.0,0.0,0.0,0.1848,-0.09873,-0.45984,0.00408,-0.84425
177.79,ETH-27SEP19,1555585145312,open,0.08,354.0,0.060103,0.147576,0.083008,69.68,0.094,0.0,ETH-27SEP19-240-C,171.54,69.27,0.082,120.0,0.093,180.0,73.74,0.43346,-0.09329,0.20203,0.00444,0.33924
171.54,index_price,1555585145312,open,0.01,610.0,0.007728,0.018165,0.008452,63.89,0.01,0,ETH-19APR19-170-P,171.54,39.41,0.004,200.0,0.012,225.0,82.73,0.03201,-1.16768,-0.0016,0.07096,-0.38064
175.43,ETH-28JUN19,1555585145314,open,0.3,1136.0,0.286089,0.374009,0.300193,69.91,0.358,0.0,ETH-28JUN19-220-P,171.54,0.0,0.011,14.0,0.308,1.0,75.08,0.26053,-0.12849,-0.3473,0.00624,-0.71932
175.43,ETH-28JUN19,1555585145314,open,0.61,0.0,0.601205,0.656542,0.614668,79.59,None,0.0,ETH-28JUN19-280-P,171.54,0.0,0.002,15.0,0.0,0.0,0.0,0.15777,-0.08858,-0.50798,0.00332,-0.87653
175.43,ETH-28JUN19,1555585145314,open,0.09,545.0,0.072931,0.169325,0.088487,68.94,0.078,0.0,ETH-28JUN19-190-C,171.54,66.37,0.084,90.0,0.092,90.0,70.95,0.30652,-0.14906,0.12516,0.00744,0.45591
171.54,index_price,1555585145314,open,0.13,59.0,0.127861,0.144707,0.129238,67.08,0.103,0,ETH-26APR19-150-C,171.54,70.44,0.13,50.0,0.135,50.0,88.26,0.03714,-0.15817,0.0293,0.00872,0.92089
171.54,index_price,1555585145314,open,0.0,325.0,0.0,0.0,0.0,105.0,0.001,0,ETH-19APR19-220-C,171.54,0.0,0.0,0.0,0.001,220.0,247.11,0.0,0.0,0.0,0.0,0.0
177.79,ETH-27SEP19,1555585145325,open,0.03,120.0,0.008713,0.058011,0.031902,79.95,0.026,0.0,ETH-27SEP19-360-C,171.54,78.0,0.029,150.0,0.035,210.0,81.95,0.26966,-0.06659,0.08905,0.00241,0.14484
177.79,ETH-27SEP19,1555585145325,open,0.29,155.0,0.271912,0.343177,0.289097,68.72,0.26,0.0,ETH-27SEP19-140-C,171.54,66.67,0.285,30.0,0.296,30.0,72.15,0.35628,-0.07562,0.38208,0.0037,0.77367
177.79,ETH-27SEP19,1555585145325,open,0.67,0.0,0.662751,0.668733,0.665008,80.97,None,0.0,ETH-27SEP19-60-C,171.54,0.0,0.001,4.0,0.0,0.0,0.0,0.03478,-0.0087,0.25532,0.00031,0.98882
175.43,ETH-28JUN19,1555585145325,open,0.83,0.0,0.825492,0.862751,0.836185,85.95,None,0.0,ETH-28JUN19-320-P,171.54,0.0,0.002,15.0,0.0,0.0,0.0,0.11612,-0.07041,-0.59787,0.00226,-0.9189
175.43,ETH-28JUN19,1555585145325,open,0.17,1747.0,0.155984,0.252378,0.171561,68.95,0.237,0.0,ETH-28JUN19-190-P,171.54,66.91,0.168,90.0,0.177,90.0,72.06,0.30652,-0.14909,-0.24378,0.00744,-0.54407
171.54,index_price,1555585145327,open,0.17,0.0,0.167479,0.183898,0.171959,81.3,None,0,ETH-26APR19-200-P,171.54,0.0,0.164,50.0,0.171,50.0,77.7,0.04744,-0.24486,-0.0393,0.00919,-0.88982
171.54,index_price,1555585145327,open,0.07,407.0,0.067357,0.070103,0.068606,95.1,0.052,0,ETH-19APR19-160-C,171.54,0.0,0.067,1.0,0.071,50.0,124.62,0.01058,-0.57468,0.00357,0.01576,0.93555
175.43,ETH-28JUN19,1555585145337,open,0.05,2999.0,0.04156,0.121629,0.053218,68.45,0.082,0.0,ETH-28JUN19-150-P,171.54,66.15,0.05,120.0,0.056,60.0,70.42,0.2464,-0.11898,-0.10378,0.00602,-0.25142
177.79,ETH-27SEP19,1555585145337,open,1.49,0.0,1.477317,1.507614,1.495724,85.74,None,0.0,ETH-27SEP19-440-P,171.54,0.0,0.0,0.0,0.0,0.0,0.0,0.20252,-0.05364,-1.89172,0.00168,-0.90345
177.79,ETH-27SEP19,1555585145337,open,0.03,124.0,0.006343,0.050111,0.027971,81.21,0.028,0.0,ETH-27SEP19-380-C,171.54,79.02,0.025,150.0,0.031,60.0,83.32,0.24829,-0.06228,0.07917,0.00218,0.12837
177.79,ETH-27SEP19,1555585145337,open,0.04,366.0,0.011996,0.067329,0.036836,78.72,0.034,0.0,ETH-27SEP19-340-C,171.54,76.98,0.034,120.0,0.04,180.0,80.61,0.29378,-0.07144,0.10097,0.00266,0.16489
175.43,ETH-28JUN19,1555585145337,open,0.01,598.0,0.007353,0.054025,0.014095,71.14,0.02,0.0,ETH-28JUN19-120-P,171.54,68.0,0.012,300.0,0.016,210.0,73.83,0.12098,-0.06072,-0.03398,0.00285,-0.08565
171.54,index_price,1555585145337,open,0.3,1.0,0.300455,0.300455,0.300455,105.0,0.268,0,ETH-19APR19-120-C,171.54,0.0,0.001,100.0,0.361,1.0,500.0,0.0,0.0,0.00288,0.0,1.0
171.54,index_price,1555585145337,open,0.07,1.0,0.065913,0.096405,0.069976,67.73,0.143,0,ETH-26APR19-180-P,171.54,56.26,0.064,150.0,0.071,150.0,69.65,0.09149,-0.39339,-0.02731,0.02127,-0.6679
177.79,ETH-27SEP19,1555585145339,open,0.52,1.0,0.505993,0.587868,0.526668,69.72,0.573,0.0,ETH-27SEP19-260-P,171.54,0.0,0.014,1.0,0.576,1.0,90.32,0.39772,-0.08565,-0.98395,0.00407,-0.72122
177.79,ETH-27SEP19,1555585145339,open,1.71,0.0,1.701167,1.724812,1.718388,89.28,None,0.0,ETH-27SEP19-480-P,171.54,0.0,0.0,0.0,0.0,0.0,0.0,0.18401,-0.05075,-2.07651,0.00147,-0.91514
177.79,ETH-27SEP19,1555585145339,open,0.23,117.0,0.205592,0.289013,0.226432,68.72,0.198,0.0,ETH-27SEP19-160-C,171.54,66.03,0.22,90.0,0.232,60.0,71.05,0.42508,-0.09023,0.35523,0.00441,0.67695
177.79,ETH-27SEP19,1555585145339,open,0.08,1111.0,0.059358,0.130623,0.076588,68.74,0.09,0.0,ETH-27SEP19-140-P,171.54,66.44,0.072,120.0,0.08,60.0,70.44,0.35631,-0.07565,-0.23887,0.0037,-0.22636
171.54,index_price,1555585145339,open,0.25,0.0,0.242177,0.245249,0.243134,93.67,None,0,ETH-26APR19-130-C,171.54,113.07,0.245,1.0,0.325,1.0,352.44,0.01146,-0.06816,0.02733,0.00193,0.98142
171.54,index_price,1555585145339,open,0.0,120.0,0.0,0.0,0.0,105.0,0.001,0,ETH-19APR19-120-P,171.54,0.0,0.0,0.0,0.002,201.0,393.51,0.0,0.0,0.0,0.0,0.0
171.54,index_price,1555585145347,open,0.0,216.0,0.0,2e-06,0.0,105.0,0.002,0,ETH-19APR19-140-P,171.54,0.0,0.0,0.0,0.001,128.0,215.97,1e-05,-7e-05,0.0,2e-05,-4e-05
171.54,index_price,1555585145356,open,0.22,0.0,0.219349,0.229986,0.222922,88.52,None,0.2,ETH-26APR19-210-P,171.54,0.0,0.0,0.0,0.293,1.0,248.75,0.03475,-0.08715,-0.04258,0.00618,-0.92752
171.54,index_price,1555585145746,open,0.01,271.0,0.00157,0.017989,0.00605,81.3,0.004,0,ETH-26APR19-200-C,171.54,73.2,0.004,400.0,0.008,400.0,87.93,0.04744,-0.24486,0.00385,0.00919,0.11018
5246.91,BTC-27SEP19,1555585147357,open,0.37,0.0,0.32738764,0.55657284,0.36399052,61.33,None,0.0,BTC-27DEC19-6500-P,5241.29,53.02,0.337,2.0,0.3825,2.0,66.96,17.18945,-2.08458,-33.77841,0.00015,-0.56524
5246.91,BTC-27SEP19,1555585147357,open,1.31,0.0,1.29248879,1.44745798,1.31691136,69.91,None,0.0,BTC-27DEC19-12000-P,5241.29,0.0,0.0,0.0,0.0,0.0,0.0,9.1942,-1.27095,-79.52955,7e-05,-0.8709
5241.29,index_price,1555585147357,open,0.53,0.0,0.52301819,0.52301819,0.52301819,100.0,None,0,BTC-26APR19-2500-C,5241.29,0.0,0.5145,3.0,0.5315,3.0,325.49,1e-05,-4e-05,0.53943,0.0,1.0
5241.29,index_price,1555585147357,open,0.06,466.4,0.05733236,0.07507007,0.05701319,49.31,0.0585,0,BTC-26APR19-5000-C,5241.29,45.99,0.0555,4.1,0.059,4.0,53.53,2.42606,-7.59521,0.78814,0.00083,0.75391
5241.29,index_price,1555585147357,open,0.01,930.5,0.01156947,0.03007282,0.01191967,50.72,0.0125,0,BTC-26APR19-5500-C,5241.29,48.82,0.011,16.0,0.013,14.0,52.92,2.55095,-8.21441,0.29314,0.00085,0.27113
5246.91,BTC-27SEP19,1555585147370,open,0.14,263.7,0.12325835,0.19182339,0.13998304,60.31,0.1395,0.0,BTC-27SEP19-5500-C,5241.29,59.18,0.137,7.2,0.1425,8.0,61.26,13.89131,-2.58771,9.15199,0.00019,0.53328
5246.91,BTC-27SEP19,1555585147370,open,0.21,11.5,0.18840115,0.25085512,0.20372982,60.39,0.175,0.0,BTC-27SEP19-4750-C,5241.29,59.05,0.2005,7.2,0.207,4.0,61.75,12.60615,-2.35145,10.92206,0.00017,0.6731
5241.29,index_price,1555585147370,open,0.25,0.1,0.2404905,0.26095645,0.24415265,58.82,0.239,0,BTC-31MAY19-4000-C,5241.29,0.0,0.234,3.0,0.2545,3.0,76.18,2.53583,-1.73943,4.19353,0.00013,0.92527
5246.91,BTC-27SEP19,1555585147370,open,0.33,0.0,0.31368391,0.35618518,0.32611254,62.23,None,0.0,BTC-27SEP19-3750-C,5241.29,51.73,0.3105,3.0,0.3405,3.0,70.98,8.30526,-1.59637,12.08815,0.00011,0.84559
5246.91,BTC-27SEP19,1555585147372,open,0.11,33.4,0.06869743,0.29618691,0.10350556,61.33,0.1085,0.0,BTC-27DEC19-7000-C,5241.29,61.33,0.1035,24.6,0.1075,10.0,62.59,16.60862,-2.0142,9.99665,0.00014,0.37851
5241.29,index_price,1555585147386,open,0.16,0.0,0.16860544,0.16865732,0.16861596,100.0,None,0,BTC-19APR19-6125-P,5241.29,0.0,0.16,2.0,0.177,2.0,270.19,0.00703,-0.40123,-0.14685,1e-05,-0.9992
5241.29,index_price,1555585147386,open,0.0,63.6,0.00236091,0.01286515,0.002411,50.39,0.003,0,BTC-19APR19-5125-P,5241.29,42.73,0.0015,4.5,0.003,0.1,54.85,0.66996,-12.63677,-0.02274,0.00202,-0.17844
5246.91,BTC-27SEP19,1555585147389,open,0.07,601.0,0.05536832,0.10936866,0.06962687,61.07,0.069,0.0,BTC-27SEP19-4250-P,5241.29,60.03,0.0675,9.6,0.0715,0.4,61.98,10.74549,-2.02692,-7.09576,0.00014,-0.23531
5243.41,BTC-28JUN19,1555585147389,open,0.0,310.4,3.1e-07,0.00022542,0.00142494,90.38,0.0015,0.0,BTC-28JUN19-14000-C,5241.29,86.81,0.001,22.0,0.0015,6.9,90.92,0.706,-0.45013,0.10462,1e-05,0.0117
5241.29,index_price,1555585147389,open,0.24,0.0,0.24019255,0.24254799,0.24111273,72.61,None,0,BTC-26APR19-6500-P,5241.29,0.0,0.2315,2.0,0.2495,2.0,116.11,0.4459,-2.05553,-1.37564,0.0001,-0.97527
5241.29,index_price,1555585147391,open,0.2,0.0,0.19736068,0.22516366,0.20053538,55.1,None,0,BTC-31MAY19-4250-C,5241.29,37.11,0.1915,3.0,0.2115,3.0,69.65,3.46932,-2.2293,4.21911,0.0002,0.88581
5241.29,index_price,1555585147391,open,0.1,73.0,0.10085756,0.11443367,0.10242865,55.26,0.097,0,BTC-26APR19-5750-P,5241.29,46.73,0.1,0.1,0.104,0.1,59.93,1.67602,-5.87952,-1.0935,0.00051,-0.86448
5241.29,index_price,1555585147391,open,0.12,14.6,0.11758365,0.11782729,0.11766157,100.0,0.11,0,BTC-19APR19-4625-C,5241.29,0.0,0.109,3.0,0.126,3.0,242.81,0.03688,-2.10577,0.11033,6e-05,0.99504
5243.41,BTC-28JUN19,1555585147403,open,0.03,78.1,0.01322702,0.04070119,0.02655174,58.06,0.0255,0.0,BTC-28JUN19-4250-P,5241.29,57.12,0.0255,10.0,0.028,19.6,59.35,5.87632,-2.40702,-2.01483,0.00019,-0.17134
5241.29,index_price,1555585147403,open,0.34,0.0,0.33265831,0.3411585,0.33424103,62.57,None,0,BTC-31MAY19-3500-C,5241.29,0.0,0.3245,3.0,0.3445,3.0,92.32,0.98902,-0.72166,3.9556,5e-05,0.97672
5241.29,index_price,1555585147403,open,0.24,0.0,0.2368291,0.23682911,0.2368291,100.0,None,0,BTC-19APR19-4000-C,5241.29,0.0,0.2285,3.0,0.2455,3.0,430.32,0.0,-1e-05,0.09597,0.0,1.0
5241.29,index_price,1555585147403,open,0.19,0.0,0.1926749,0.19734131,0.19438131,69.55,None,0,BTC-26APR19-6250-P,5241.29,0.0,0.1845,2.0,0.202,2.0,101.68,0.75924,-3.35222,-1.29729,0.00018,-0.95273
5241.29,index_price,1555585147403,open,0.28,0.0,0.28785089,0.28785094,0.28785089,100.0,None,0,BTC-19APR19-6750-P,5241.29,0.0,0.2795,2.0,0.296,2.0,376.61,0.0,-0.00011,-0.16194,0.0,-1.0
5241.29,index_price,1555585147405,open,0.25,0.0,0.2496628,0.28327172,0.25538113,57.48,None,0,BTC-31MAY19-6500-P,5241.29,40.1,0.244,2.0,0.266,2.0,69.0,4.37253,-2.93088,-6.74347,0.00024,-0.8399
5241.29,index_price,1555585147405,open,0.17,0.0,0.1671827,0.20959305,0.17246564,54.82,None,0,BTC-31MAY19-6000-P,5241.29,44.47,0.1615,2.0,0.1825,2.0,63.44,5.89257,-3.76674,-5.58237,0.00033,-0.73423
5246.91,BTC-27SEP19,1555585147415,open,0.05,98.1,0.04048259,0.08904851,0.05387637,61.55,0.061,0.0,BTC-27SEP19-4000-P,5241.29,60.52,0.052,9.6,0.0555,10.0,62.44,9.57314,-1.81998,-5.74448,0.00013,-0.19299
5246.91,BTC-27SEP19,1555585147417,open,0.29,238.2,0.27812913,0.32669504,0.29152581,61.55,0.2925,0.0,BTC-27SEP19-4000-C,5241.29,52.75,0.276,3.0,0.3065,3.0,69.58,9.57323,-1.82005,11.99518,0.00013,0.80701
5246.91,BTC-27SEP19,1555585147417,open,0.03,304.5,0.01894205,0.05495809,0.03018743,63.08,0.0285,0.0,BTC-27SEP19-3500-P,5241.29,61.8,0.0285,12.0,0.0315,10.0,64.05,6.99898,-1.36363,-3.50003,9e-05,-0.12022
5241.29,index_price,1555585147417,open,0.48,10.2,0.47532001,0.47532001,0.47532013,100.0,0.006,0,BTC-26APR19-2750-C,5241.29,0.0,0.4665,3.0,0.484,3.0,290.5,0.00014,-0.00092,0.59337,0.0,1.0
5246.91,BTC-27SEP19,1555585147417,open,1.49,0.0,1.4809775,1.62171805,1.50305787,71.68,None,0.0,BTC-27DEC19-13000-P,5241.29,0.0,0.0,0.0,0.0,0.0,0.0,8.25264,-1.16959,-86.96274,6e-05,-0.88924
5243.41,BTC-28JUN19,1555585147419,open,1.85,2.0,1.86073383,1.86084381,1.86171782,91.74,2.658,0.0,BTC-28JUN19-15000-P,5241.29,0.0,0.0,0.0,0.0,0.0,0.0,0.52014,-0.33664,-29.05306,1e-05,-0.99175
5246.91,BTC-27SEP19,1555585147425,open,0.62,28.2,0.61906948,0.62327548,0.62283863,78.54,0.608,0.0,BTC-27SEP19-2000-C,5241.29,0.0,0.6055,3.0,0.632,3.0,100.29,1.51888,-0.36845,8.36646,2e-05,0.98238
5243.41,BTC-28JUN19,1555585147425,open,0.04,97.7,0.02936365,0.06373075,0.03902342,57.37,0.0375,0.0,BTC-28JUN19-4500-P,5241.29,56.6,0.038,10.0,0.0405,14.7,58.46,7.05539,-2.85532,-2.76275,0.00023,-0.23232
5241.29,index_price,1555585147425,open,0.0,164.8,1e-08,0.00047162,0.00016679,99.49,0.0005,0,BTC-19APR19-5875-C,5241.29,0.0,0.0,0.0,0.0005,8.9,116.05,0.06979,-0.87419,0.00127,0.00011,0.01023
5241.29,index_price,1555585147427,open,0.07,60.5,0.06917313,0.11674126,0.07416928,53.67,0.0715,0,BTC-31MAY19-5250-P,5241.29,51.71,0.0715,14.6,0.077,5.0,55.74,7.1419,-4.4696,-3.33158,0.00041,-0.46695
5246.91,BTC-27SEP19,1555585147445,open,0.41,0.0,0.39248819,0.42186538,0.40246153,64.23,None,0.0,BTC-27SEP19-3250-C,5241.29,46.58,0.387,3.0,0.4165,3.0,75.94,5.7278,-1.13627,11.78365,7e-05,0.90885
5246.91,BTC-27SEP19,1555585147445,open,0.08,903.0,0.04931656,0.112009,0.0713856,63.63,0.068,0.0,BTC-27SEP19-7000-C,5241.29,62.2,0.068,9.0,0.07,10.0,63.04,12.49117,-2.45488,5.77884,0.00016,0.31973
5246.91,BTC-27SEP19,1555585147445,open,0.13,35.4,0.11704589,0.18240232,0.13298315,60.31,0.1505,0.0,BTC-27SEP19-5000-P,5241.29,59.13,0.13,9.6,0.136,3.0,61.5,13.24058,-2.46644,-11.80135,0.00018,-0.37417
5241.29,index_price,1555585147445,open,0.04,67.1,0.03324523,0.07894256,0.03823371,54.0,0.0385,0,BTC-31MAY19-5750-C,5241.29,52.62,0.0365,17.8,0.0395,0.1,55.01,6.59436,-4.15292,1.86816,0.00038,0.34166
5241.29,index_price,1555585147445,open,0.14,0.0,0.14576774,0.15422793,0.14766027,61.75,None,0,BTC-26APR19-6000-P,5241.29,0.0,0.138,2.0,0.1555,2.0,88.57,1.08101,-4.23767,-1.214,0.0003,-0.92579
5241.29,index_price,1555585147445,open,0.0,117.5,1.5e-07,0.00087284,0.00023158,92.71,0.0005,0,BTC-19APR19-4750-P,5241.29,0.0,0.0,0.0,0.0005,17.4,104.25,0.09306,-1.2138,-0.00182,0.00015,-0.01426
5241.29,index_price,1555585147445,open,0.19,0.0,0.18913092,0.18913212,0.18913101,100.0,None,0,BTC-19APR19-4250-C,5241.29,0.0,0.181,3.0,0.1975,3.0,351.54,0.0001,-0.00554,0.10196,0.0,0.99999
5241.29,index_price,1555585147445,open,0.29,0.0,0.29385074,0.32279861,0.2994085,59.02,None,0,BTC-31MAY19-6750-P,5241.29,28.15,0.288,2.0,0.31,2.0,72.02,3.70169,-2.54776,-7.22949,0.00019,-0.87482
5241.29,index_price,1555585147445,open,0.1,30.2,0.09373471,0.09460739,0.09396614,92.71,0.088,0,BTC-19APR19-4750-C,5241.29,0.0,0.0925,4.0,0.096,4.0,140.79,0.09306,-4.92573,0.11214,0.00015,0.98574
5246.91,BTC-27SEP19,1555585147455,open,0.03,324.4,0.01362868,0.05546337,0.03109437,66.67,0.034,0.0,BTC-27SEP19-9000-C,5241.29,65.68,0.0295,19.6,0.0325,10.0,67.53,8.51201,-1.75294,3.00644,0.0001,0.16029
5243.41,BTC-28JUN19,1555585147455,open,0.05,56.0,0.03733203,0.07564567,0.05483961,56.62,0.0685,0.0,BTC-28JUN19-4750-P,5241.29,55.09,0.0525,14.6,0.0565,9.6,57.7,8.04856,-3.2149,-3.62545,0.00027,-0.30124
5241.29,index_price,1555585147455,open,0.43,5.9,0.42762183,0.4276219,0.42762373,100.0,0.4005,0,BTC-26APR19-3000-C,5241.29,0.0,0.419,3.0,0.436,3.0,254.86,0.00171,-0.01083,0.64725,0.0,0.99995
5241.29,index_price,1555585147457,open,0.29,225.9,0.28452731,0.284646,0.28478089,92.37,0.282,0,BTC-26APR19-3750-C,5241.29,0.0,0.276,3.0,0.2935,3.0,171.03,0.1234,-0.7236,0.80251,2e-05,0.99439
5246.91,BTC-27SEP19,1555585147457,open,0.3,10.0,0.2573829,0.48511364,0.29493323,61.33,0.288,0.0,BTC-27DEC19-6000-P,5241.29,55.02,0.274,5.0,0.3105,5.0,66.02,17.42243,-2.11284,-29.00497,0.00015,-0.50298
5246.91,BTC-27SEP19,1555585147463,open,1.68,0.0,1.67029643,1.79815965,1.690133,73.27,None,0.0,BTC-27DEC19-14000-P,5241.29,0.0,0.0,0.0,0.0,0.0,0.0,7.44337,-1.07841,-94.29661,5e-05,-0.90392
5246.91,BTC-27SEP19,1555585147474,open,0.72,42.8,0.71412936,0.71499078,0.71537481,83.9,0.6235,0.0,BTC-27SEP19-1500-C,5241.29,0.0,0.699,3.0,0.7235,3.0,118.03,0.58174,-0.15075,6.48682,1e-05,0.99414
5243.41,BTC-28JUN19,1555585147481,open,0.13,45.2,0.1077086,0.15152989,0.12722158,56.16,0.1645,0.0,BTC-28JUN19-5500-P,5241.29,54.89,0.125,7.2,0.13,12.2,57.75,9.19566,-3.64333,-6.66744,0.00031,-0.52763
5243.41,BTC-28JUN19,1555585147481,open,1.28,10.0,1.28859376,1.28956203,1.29107666,84.28,1.243,0.0,BTC-28JUN19-12000-P,5241.29,0.0,0.0005,0.4,0.0,0.0,0.0,1.14204,-0.67899,-23.1183,3e-05,-0.97951
5243.41,BTC-28JUN19,1555585147481,open,1.09,5.7,1.09790319,1.09992375,1.10133439,80.77,1.142,0.0,BTC-28JUN19-11000-P,5241.29,0.0,0.0005,0.4,0.0,0.0,0.0,1.50532,-0.85773,-21.10517,3e-05,-0.97153
5246.91,BTC-27SEP19,1555585147483,open,0.32,34.5,0.29324989,0.46716389,0.32090525,61.64,0.3375,0.0,BTC-27DEC19-4000-C,5241.29,53.34,0.301,5.0,0.3365,8.0,67.97,12.79898,-1.55998,16.82996,0.00011,0.78389
5241.29,index_price,1555585147483,open,0.13,47.6,0.13030339,0.17600073,0.13529188,54.0,0.1435,0,BTC-31MAY19-5750-P,5241.29,45.22,0.1245,3.0,0.145,3.0,61.61,6.59436,-4.15292,-4.88623,0.00038,-0.65834
5246.91,BTC-27SEP19,1555585147483,open,0.27,9.9,0.23441653,0.43030516,0.26651532,61.33,0.246,0.0,BTC-27DEC19-4500-C,5241.29,55.34,0.2495,5.0,0.281,8.0,66.42,14.92724,-1.81029,16.15437,0.00013,0.71091
5243.41,BTC-28JUN19,1555585147493,open,0.12,787.9,0.11087403,0.15272643,0.12106949,56.11,0.118,0.0,BTC-28JUN19-5000-C,5241.29,54.87,0.119,10.0,0.1225,0.1,56.96,8.76918,-3.47084,5.12019,0.00029,0.62395
5241.29,index_price,1555585147493,open,0.33,0.0,0.33554986,0.33605035,0.33626989,89.19,None,0,BTC-26APR19-7000-P,5241.29,0.0,0.0005,0.3,0.4255,0.9,323.56,0.30907,-1.74999,-1.49307,6e-05,-0.98395
5241.29,index_price,1555585147493,open,0.0,92.9,1.447e-05,0.00292468,0.00067642,82.43,0.001,0,BTC-19APR19-5625-C,5241.29,78.04,0.0005,31.5,0.001,6.8,89.01,0.22942,-3.54531,0.00518,0.00042,0.04183
5241.29,index_price,1555585147493,open,0.0,136.9,0.0002324,0.0062833,0.00117935,68.72,0.0025,0,BTC-19APR19-5500-C,5241.29,66.12,0.001,2.0,0.0015,10.0,72.92,0.3766,-6.18134,0.00974,0.00083,0.0786
5241.29,index_price,1555585147493,open,0.17,0.0,0.16528183,0.16529111,0.16528305,100.0,None,0,BTC-19APR19-4375-C,5241.29,0.0,0.157,3.0,0.1735,3.0,313.24,0.00104,-0.05937,0.10495,0.0,0.9999
5246.91,BTC-27SEP19,1555585147493,open,0.0,42.0,8.091e-05,0.02462873,0.00322147,77.24,0.002,0.0,BTC-27DEC19-1500-P,5241.29,65.12,0.001,10.0,0.0055,10.0,84.85,1.32746,-0.20273,-0.53985,1e-05,-0.01163
5241.29,index_price,1555585147493,open,0.34,33.6,0.33222546,0.33224208,0.33233352,100.0,0.3345,0,BTC-26APR19-3500-C,5241.29,0.0,0.3235,3.0,0.341,3.0,197.45,0.05722,-0.36325,0.75239,1e-05,0.99762
5241.29,index_price,1555585147495,open,0.0,4.0,0.0,5e-08,0.0,100.0,0.0005,0,BTC-19APR19-6750-C,5241.29,0.0,0.0,0.0,0.0005,16.9,227.24,0.0,-1e-05,0.0,0.0,0.0
5241.29,index_price,1555585147495,open,0.28,0.0,0.28785696,0.28897068,0.28857052,79.63,None,0,BTC-26APR19-6750-P,5241.29,0.0,0.279,2.0,0.297,2.0,129.35,0.33555,-1.69626,-1.43729,7e-05,-0.98233
5241.29,index_price,1555585147495,open,0.0,1123.2,0.0,8e-08,1.9e-06,100.0,0.001,0,BTC-26APR19-3000-P,5241.29,0.0,0.0,0.0,0.0005,16.9,159.23,0.00171,-0.00996,-6e-05,0.0,-5e-05
5246.91,BTC-27SEP19,1555585147495,open,0.46,0.0,0.44109839,0.5555993,0.45761497,63.68,None,0.0,BTC-27DEC19-3000-C,5241.29,47.81,0.439,3.0,0.4735,3.0,74.29,7.2931,-0.91825,16.3189,6e-05,0.90654
5246.91,BTC-27SEP19,1555585147505,open,0.11,29.0,0.09369588,0.15614986,0.1090211,60.39,0.1165,0.0,BTC-27SEP19-4750-P,5241.29,59.34,0.1065,9.6,0.112,3.0,61.63,12.60614,-2.35139,-10.14386,0.00017,-0.3269
5243.41,BTC-28JUN19,1555585147505,open,1.66,1.3,1.67001848,1.6702436,1.67143293,90.3,2.415,0.0,BTC-28JUN19-14000-P,5241.29,0.0,0.0,0.0,0.0,0.0,0.0,0.70243,-0.44748,-27.08117,1e-05,-0.98837
5241.29,index_price,1555585147505,open,0.02,43.1,0.02746703,0.03774851,0.02799176,54.31,0.033,0,BTC-19APR19-5375-P,5241.29,34.14,0.026,4.0,0.0295,4.0,65.37,0.66239,-20.54237,-0.10723,0.00185,-0.82474
5241.29,index_price,1555585147505,open,0.23,0.0,0.24015271,0.24015369,0.24015277,100.0,None,0,BTC-19APR19-6500-P,5241.29,0.0,0.2315,2.0,0.2485,2.0,337.73,7e-05,-0.00418,-0.15594,0.0,-0.99999
5243.41,BTC-28JUN19,1555585147521,open,0.01,64.4,0.00312711,0.01823258,0.01180383,61.45,0.015,0.0,BTC-28JUN19-3750-P,5241.29,59.5,0.0105,12.0,0.013,22.0,63.16,3.58966,-1.55609,-0.98377,0.00011,-0.08482
5246.91,BTC-27SEP19,1555585147521,open,0.05,946.7,0.02604464,0.07858459,0.04569748,64.82,0.0455,0.0,BTC-27SEP19-8000-C,5241.29,64.47,0.045,10.0,0.0465,0.4,65.22,10.43257,-2.08869,4.13108,0.00013,0.22323
5241.29,index_price,1555585147521,open,0.12,4.0,0.12090727,0.12137888,0.12107405,99.49,0.125,0,BTC-19APR19-5875-P,5241.29,0.0,0.1125,2.0,0.1295,2.0,221.01,0.06979,-3.96453,-0.13969,0.00011,-0.98977
5241.29,index_price,1555585147521,open,0.0,44.3,0.0,0.00024364,7.792e-05,100.0,0.001,0,BTC-19APR19-4625-P,5241.29,0.0,0.0,0.0,0.0005,17.2,127.75,0.03688,-0.40841,-0.00063,6e-05,-0.00496
5241.29,index_price,1555585147521,open,0.05,5.8,0.04959239,0.05564329,0.05053934,68.72,0.0555,0,BTC-19APR19-5500-P,5241.29,0.0,0.048,4.0,0.0515,4.0,80.23,0.3766,-14.77681,-0.12222,0.00083,-0.9214
5241.29,index_price,1555585147521,open,0.0,259.9,0.0,0.0,0.0,100.0,0.0005,0,BTC-26APR19-2250-P,5241.29,0.0,0.0,0.0,0.0005,36.9,233.78,0.0,0.0,0.0,0.0,0.0
5246.91,BTC-27SEP19,1555585147521,open,0.02,7.6,0.00205932,0.12992253,0.021911,73.28,0.0235,0.0,BTC-27DEC19-14000-C,5241.29,71.91,0.02,12.0,0.024,12.0,74.72,7.44606,-1.07896,2.69798,5e-05,0.09613
5241.29,index_price,1555585147526,open,0.34,0.0,0.33926398,0.36377435,0.34438769,60.49,None,0,BTC-31MAY19-7000-P,5241.29,0.0,0.333,2.0,0.355,2.0,75.22,3.11096,-2.19463,-7.67257,0.00016,-0.9018
5243.41,BTC-28JUN19,1555585147531,open,0.0,690.3,1.521e-05,0.00098047,0.00199783,83.13,0.002,0.0,BTC-28JUN19-2500-P,5241.29,79.61,0.0015,40.0,0.0025,18.9,86.15,0.81044,-0.47528,-0.16006,2e-05,-0.01372
5246.91,BTC-27SEP19,1555585147531,open,0.0,409.3,0.00024621,0.00445221,0.00401322,78.53,0.0065,0.0,BTC-27SEP19-2000-P,5241.29,74.72,0.003,8.1,0.005,37.0,81.72,1.5184,-0.3683,-0.50324,2e-05,-0.01761
5246.91,BTC-27SEP19,1555585147531,open,0.39,5.8,0.36235206,0.50866899,0.38481351,62.42,0.385,0.0,BTC-27DEC19-3500-C,5241.29,51.87,0.3655,3.0,0.401,3.0,70.54,10.15534,-1.25345,16.93199,9e-05,0.8506
5241.29,index_price,1555585147533,open,0.0,44.5,0.0,3.99e-06,3.9e-07,100.0,0.0005,0,BTC-19APR19-6375-C,5241.29,0.0,0.0,0.0,0.0005,21.9,182.78,0.00038,-0.00204,0.0,0.0,4e-05
5241.29,index_price,1555585147533,open,0.05,58.1,0.04628449,0.05223122,0.04725612,68.93,0.0485,0,BTC-19APR19-5000-C,5241.29,0.0,0.0455,4.0,0.049,4.0,88.36,0.3775,-14.8565,0.10989,0.00083,0.92115
5241.29,index_price,1555585147535,open,0.21,0.0,0.21630362,0.21630761,0.21630401,100.0,None,0,BTC-19APR19-6375-P,5241.29,0.0,0.208,2.0,0.2245,2.0,314.41,0.00038,-0.02182,-0.15294,0.0,-0.99996
5241.29,index_price,1555585147535,open,0.22,0.2,0.21298001,0.21298012,0.21298001,100.0,0.206,0,BTC-19APR19-4125-C,5241.29,0.0,0.2045,3.0,0.2215,3.0,390.52,1e-05,-0.00033,0.09897,0.0,1.0
5246.91,BTC-27SEP19,1555585147546,open,0.04,10.3,0.02839028,0.07089155,0.04081619,62.23,0.061,0.0,BTC-27SEP19-3750-P,5241.29,61.07,0.039,9.6,0.0425,10.0,63.29,8.30512,-1.5963,-4.54275,0.00011,-0.1544
5241.29,index_price,1555585147546,open,0.0,243.9,0.00101139,0.00947158,0.00290393,61.75,0.0035,0,BTC-26APR19-6000-C,5241.29,56.94,0.002,30.0,0.004,50.0,66.64,1.08101,-4.23767,0.08064,0.0003,0.07421
5241.29,index_price,1555585147546,open,0.57,0.0,0.57071637,0.57071637,0.57071637,100.0,0.429,0,BTC-26APR19-2250-C,5241.29,0.0,0.562,3.0,0.5795,3.0,368.65,0.0,0.0,0.48549,0.0,1.0
5243.41,BTC-28JUN19,1555585147559,open,1.47,0.8,1.47930402,1.47976924,1.48126531,88.08,2.171,0.0,BTC-28JUN19-13000-P,5241.29,0.0,0.07,1.0,0.0,0.0,0.0,0.92324,-0.57369,-25.10081,2e-05,-0.98403
5246.91,BTC-27SEP19,1555585147559,open,0.53,57.5,0.52529102,0.53692802,0.53081347,69.57,0.389,0.0,BTC-27SEP19-2500-C,5241.29,0.0,0.515,3.0,0.5425,3.0,87.64,2.60383,-0.55952,10.13857,3e-05,0.96651
5241.29,index_price,1555585147559,open,0.0,21.8,0.0,5.188e-05,1.052e-05,100.0,0.0005,0,BTC-19APR19-6125-C,5241.29,0.0,0.0,0.0,0.0005,16.9,150.67,0.00703,-0.05513,0.0001,1e-05,0.0008
5246.91,BTC-27SEP19,1555585147559,open,0.04,45.8,0.00892603,0.17936392,0.03623739,68.28,0.0335,0.0,BTC-27DEC19-11000-C,5241.29,67.13,0.034,19.6,0.0385,10.0,69.41,10.37336,-1.40045,4.28987,8e-05,0.15425
5246.91,BTC-27SEP19,1555585147559,open,0.94,0.3,0.92066841,1.10743367,0.9513924,66.79,1.4475,0.0,BTC-27DEC19-10000-P,5241.29,0.0,0.1,0.3,0.0,0.0,0.0,11.80636,-1.5591,-64.07108,9e-05,-0.81117
5241.29,index_price,1555585147561,open,0.26,0.0,0.2640018,0.26400202,0.26400181,100.0,None,0,BTC-19APR19-6625-P,5241.29,0.0,0.2555,2.0,0.2725,2.0,360.34,1e-05,-0.00071,-0.15894,0.0,-1.0
5243.41,BTC-28JUN19,1555585147570,open,0.72,33.3,0.71392662,0.71392977,0.71408117,100.07,0.7165,0.0,BTC-28JUN19-1500-C,5241.29,0.0,0.7035,3.0,0.7235,3.0,179.07,0.08573,-0.06052,2.89981,0.0,0.99889
5246.91,BTC-27SEP19,1555585147570,open,0.18,779.6,0.16410407,0.22946049,0.18004496,60.31,0.1715,0.0,BTC-27SEP19-5000-C,5241.29,59.1,0.177,7.2,0.1835,8.0,61.68,13.24057,-2.46649,10.37333,0.00018,0.62583
5246.91,BTC-27SEP19,1555585147570,open,0.23,290.4,0.21546305,0.27412119,0.22991535,60.49,0.2265,0.0,BTC-27SEP19-4500-C,5241.29,53.56,0.2145,3.0,0.2445,6.0,66.96,11.76379,-2.19792,11.40246,0.00016,0.71993
5243.41,BTC-28JUN19,1555585147570,open,0.07,213.4,0.06445195,0.10630435,0.07464378,56.1,0.071,0.0,BTC-28JUN19-5000-P,5241.29,54.82,0.0725,19.6,0.077,9.6,57.51,8.76917,-3.4707,-4.58876,0.00029,-0.37605
5243.41,BTC-28JUN19,1555585147570,open,2.8,0.4,2.81431168,2.81431531,2.81457845,99.55,5.076,0.0,BTC-28JUN19-20000-P,5241.29,0.0,0.0,0.0,0.0,0.0,0.0,0.16694,-0.11724,-38.81519,0.0,-0.99769
5243.41,BTC-28JUN19,1555585147570,open,0.0,65.9,0.00040778,0.00627981,0.0050167,66.74,0.006,0.0,BTC-28JUN19-3250-P,5241.29,63.79,0.004,12.0,0.006,22.0,69.31,1.91318,-0.90084,-0.43886,5e-05,-0.03809
5243.41,BTC-28JUN19,1555585147570,open,0.02,245.6,0.01013811,0.03328048,0.01777607,59.44,0.024,0.0,BTC-28JUN19-4000-P,5241.29,57.99,0.0165,22.0,0.019,10.1,60.79,4.67941,-1.96204,-1.4244,0.00015,-0.12212
5246.91,BTC-27SEP19,1555585147570,open,0.54,0.0,0.52775653,0.60887361,0.53840399,65.72,None,0.0,BTC-27DEC19-2500-C,5241.29,0.0,0.52,3.0,0.553,3.0,79.87,4.62465,-0.60096,14.90073,4e-05,0.94832
5241.29,index_price,1555585147570,open,0.01,10.5,0.0037149,0.02822528,0.00883862,60.49,0.008,0,BTC-31MAY19-7000-C,5241.29,59.05,0.008,17.5,0.01,15.3,62.39,3.11096,-2.19463,0.55017,0.00016,0.0982
5241.29,index_price,1555585147570,open,0.14,0.0,0.14475635,0.14492022,0.14480191,100.0,None,0,BTC-19APR19-6000-P,5241.29,0.0,0.1365,2.0,0.153,2.0,244.06,0.02429,-1.38669,-0.14356,4e-05,-0.99689
5241.29,index_price,1555585147570,open,0.15,1.3,0.14143274,0.14148677,0.1414443,100.0,0.136,0,BTC-19APR19-4500-C,5241.29,0.0,0.133,3.0,0.15,3.0,280.65,0.00746,-0.4257,0.10785,1e-05,0.99915
5241.29,index_price,1555585147570,open,0.19,1364.1,0.18917277,0.191291,0.1898875,70.73,0.19,0,BTC-26APR19-4250-C,5241.29,0.0,0.181,3.0,0.1985,3.0,121.12,0.36071,-1.61979,0.89442,9e-05,0.98076
5241.29,index_price,1555585147570,open,0.16,9.7,0.15764263,0.19261853,0.16211324,55.07,0.14,0,BTC-31MAY19-4500-C,5241.29,42.92,0.152,5.0,0.168,10.0,61.33,4.77028,-3.06374,4.02915,0.00027,0.81653
5246.91,BTC-27SEP19,1555585147570,open,0.44,0.0,0.40281599,0.63030547,0.43761649,61.33,None,0.0,BTC-27DEC19-7000-P,5241.29,52.57,0.4105,2.0,0.459,2.0,68.01,16.60845,-2.0141,-38.50023,0.00014,-0.6215
5246.91,BTC-27SEP19,1555585147572,open,0.6,0.0,0.56585955,0.78352381,0.59862902,62.38,None,0.0,BTC-27DEC19-8000-P,5241.29,51.09,0.5685,2.0,0.6225,2.0,70.48,14.95498,-1.84466,-47.56169,0.00013,-0.70977
5246.91,BTC-27SEP19,1555585147578,open,0.02,616.4,0.00694725,0.02983969,0.01548192,65.64,0.0175,0.0,BTC-27SEP19-3000-P,5241.29,63.89,0.014,12.0,0.017,10.0,67.36,4.54315,-0.92111,-1.92265,6e-05,-0.06714
5246.91,BTC-27SEP19,1555585147578,open,0.03,91.0,0.01286348,0.1273644,0.02937766,63.68,0.035,0.0,BTC-27DEC19-3000-P,5241.29,62.31,0.0275,12.0,0.031,15.0,64.83,7.29289,-0.91819,-4.46519,6e-05,-0.09346
5241.29,index_price,1555585147578,open,0.21,0.0,0.2072224,0.24544558,0.21262618,55.83,None,0,BTC-31MAY19-6250-P,5241.29,43.58,0.202,2.0,0.2235,2.0,66.28,5.10245,-3.32181,-6.2044,0.00028,-0.7951
5241.29,index_price,1555585147578,open,0.09,8.3,0.09705864,0.0982915,0.09746991,94.56,0.1,0,BTC-19APR19-5750-P,5241.29,0.0,0.0885,2.0,0.1055,2.0,192.03,0.14513,-7.83524,-0.13498,0.00023,-0.97597
5241.29,index_price,1555585147578,open,0.29,0.0,0.28591515,0.29974565,0.28850945,60.69,None,0,BTC-31MAY19-3750-C,5241.29,0.0,0.2785,3.0,0.299,3.0,83.73,1.6508,-1.16838,4.11391,8e-05,0.9567
5246.91,BTC-27SEP19,1555585147578,open,0.23,16.7,0.19399799,0.41625423,0.23130945,61.33,0.236,0.0,BTC-27DEC19-5500-P,5241.29,59.56,0.2255,7.2,0.234,5.0,62.15,17.19306,-2.08503,-24.23085,0.00015,-0.43527
5246.91,BTC-27SEP19,1555585147592,open,0.37,261.1,0.35188277,0.38789881,0.3631307,63.08,0.38,0.0,BTC-27SEP19-3500-C,5241.29,49.93,0.3475,3.0,0.3775,3.0,73.21,6.99916,-1.36371,12.02214,9e-05,0.87977
5246.91,BTC-27SEP19,1555585147592,open,1.29,6.1,1.28902322,1.30743833,1.30148052,74.41,1.9095,0.0,BTC-27SEP19-12000-P,5241.29,0.0,0.002,0.3,0.0,0.0,0.0,5.07336,-1.16597,-51.75055,6e-05,-0.92246
5241.29,index_price,1555585147592,open,0.38,25.7,0.37992364,0.37992513,0.37994115,100.0,0.351,0,BTC-26APR19-3250-C,5241.29,0.0,0.3715,3.0,0.3885,3.0,225.27,0.01213,-0.07701,0.70074,0.0,0.99956
5241.29,index_price,1555585147592,open,0.03,94.7,0.02242635,0.0648367,0.02770929,54.82,0.0265,0,BTC-31MAY19-6000-C,5241.29,53.73,0.0265,28.3,0.0295,10.0,56.4,5.89257,-3.76674,1.46569,0.00033,0.26577
5241.29,index_price,1555585147592,open,0.19,0.0,0.19245453,0.19246955,0.19245668,100.0,None,0,BTC-19APR19-6250-P,5241.29,0.0,0.184,2.0,0.201,2.0,295.32,0.00176,-0.10024,-0.14993,0.0,-0.99982
5241.29,index_price,1555585147592,open,0.01,16.5,0.00599984,0.03494772,0.01155761,59.02,0.0115,0,BTC-31MAY19-6750-C,5241.29,57.49,0.0105,16.5,0.0125,10.0,60.33,3.70169,-2.54776,0.69957,0.00019,0.12518
177.8,ETH-27SEP19,1555585148211,open,0.73,10.0,0.710142,0.77872,0.737376,75.88,0.781,0.0,ETH-27SEP19-300-P,171.54,0.0,0.004,4.0,0.746,1.0,80.17,0.34779,-0.08152,-1.1989,0.00327,-0.78304
177.8,ETH-27SEP19,1555585148211,open,1.27,0.0,1.25435,1.293122,1.274915,82.78,None,0.0,ETH-27SEP19-400-P,171.54,0.0,0.001,9.0,0.0,0.0,0.0,0.23127,-0.05913,-1.70237,0.00199,-0.88399
175.43,ETH-28JUN19,1555585148211,open,0.01,265.0,0.001403,0.038662,0.011996,85.8,0.01,0.0,ETH-28JUN19-320-C,171.54,82.62,0.01,150.0,0.014,360.0,88.72,0.11561,-0.06998,0.02338,0.00225,0.08063
171.54,index_price,1555585148213,open,0.0,508.0,0.000416,0.011053,0.003989,88.52,0.006,0.2,ETH-26APR19-210-C,171.54,76.89,0.002,400.0,0.006,400.0,97.43,0.03475,-0.20172,0.00254,0.00618,0.07248
175.43,ETH-28JUN19,1555585148231,open,0.44,0.0,0.431166,0.455217,0.435751,78.84,None,0.0,ETH-28JUN19-100-C,171.54,0.0,0.417,1.0,0.0,0.0,0.0,0.06196,-0.03446,0.17974,0.00132,0.9634
177.8,ETH-27SEP19,1555585148235,open,0.04,1627.0,0.027842,0.082381,0.040433,68.99,0.05,0.0,ETH-27SEP19-120-P,171.54,67.33,0.038,150.0,0.043,60.0,70.72,0.26208,-0.05585,-0.14138,0.00271,-0.13886
175.43,ETH-28JUN19,1555585148235,open,0.17,1073.0,0.150519,0.238283,0.163814,68.44,0.147,0.0,ETH-28JUN19-160-C,171.54,64.76,0.158,90.0,0.168,150.0,71.07,0.27794,-0.13418,0.17442,0.0068,0.67583
175.43,ETH-28JUN19,1555585148235,open,0.04,2650.0,0.025687,0.095914,0.036066,69.15,0.034,0.0,ETH-28JUN19-140-P,171.54,67.39,0.034,120.0,0.038,60.0,70.78,0.20705,-0.10101,-0.07565,0.00501,-0.18601
175.43,ETH-28JUN19,1555585148235,open,0.01,73.0,0.000375,0.024974,0.008992,92.51,0.008,0.0,ETH-28JUN19-360-C,171.54,88.41,0.007,300.0,0.011,360.0,96.14,0.09139,-0.05965,0.01718,0.00165,0.05942
171.54,index_price,1555585148235,open,0.19,195.0,0.183864,0.183866,0.183864,105.0,0.11,0,ETH-19APR19-140-C,171.54,0.0,0.182,50.0,0.188,50.0,285.9,1e-05,-0.00074,0.00336,2e-05,0.99996
177.8,ETH-27SEP19,1555585148237,open,1.05,0.0,1.033463,1.082766,1.056769,80.03,None,0.0,ETH-27SEP19-360-P,171.54,0.0,0.01,4.0,1.074,1.0,90.32,0.27013,-0.06677,-1.50734,0.00241,-0.8548
175.43,ETH-28JUN19,1555585148237,open,1.05,0.0,1.052475,1.077074,1.061092,92.51,None,0.0,ETH-28JUN19-360-P,171.54,0.0,0.002,2.0,0.0,0.0,0.0,0.09139,-0.05965,-0.68187,0.00165,-0.94058
175.43,ETH-28JUN19,1555585148237,open,0.33,25.0,0.323319,0.369992,0.330056,71.14,0.315,0.0,ETH-28JUN19-120-C,171.54,0.0,0.301,1.0,0.0,0.0,0.0,0.12096,-0.0607,0.19905,0.00285,0.91437
175.43,ETH-28JUN19,1555585148249,open,0.24,339.0,0.227648,0.297875,0.238027,69.15,0.19,0.0,ETH-28JUN19-140-C,171.54,65.69,0.234,30.0,0.242,30.0,72.48,0.20705,-0.10101,0.1962,0.00501,0.81399
177.8,ETH-27SEP19,1555585148251,open,0.04,229.0,0.016549,0.078361,0.042398,77.14,0.042,0.0,ETH-27SEP19-320-C,171.54,75.22,0.039,120.0,0.046,180.0,79.12,0.31875,-0.07595,0.11445,0.00295,0.18754
177.8,ETH-27SEP19,1555585148266,open,0.18,275.0,0.15322,0.243641,0.176001,68.72,0.188,0.0,ETH-27SEP19-180-C,171.54,66.42,0.17,90.0,0.182,60.0,71.03,0.46284,-0.09825,0.31859,0.0048,0.58003
177.8,ETH-27SEP19,1555585148266,open,0.01,820.0,0.002248,0.020216,0.007498,74.73,0.012,0.0,ETH-27SEP19-80-P,171.54,68.91,0.005,150.0,0.01,150.0,79.59,0.08476,-0.01956,-0.03106,0.00081,-0.0319
177.8,ETH-27SEP19,1555585148266,open,0.06,314.0,0.031574,0.106969,0.058689,74.05,0.064,0.0,ETH-27SEP19-280-C,171.54,72.29,0.055,120.0,0.064,180.0,76.52,0.3763,-0.08607,0.15088,0.00362,0.25004
171.54,index_price,1555585148266,open,0.01,215.0,0.010404,0.036846,0.01343,67.08,0.01,0,ETH-26APR19-160-P,171.54,59.02,0.01,200.0,0.014,211.0,68.36,0.07553,-0.32165,-0.00882,0.01774,-0.2248
175.43,ETH-28JUN19,1555585148268,open,0.01,1225.0,0.003238,0.038008,0.007967,72.38,0.013,0.0,ETH-28JUN19-110-P,171.54,67.9,0.006,300.0,0.01,210.0,76.46,0.08263,-0.04219,-0.02053,0.00191,-0.0523
