underlying_price,underlying_index,timestamp,state,settlement_price,open_interest,min_price,max_price,mark_price,mark_iv,last_price,interest_rate,instrument_name,index_price,bid_iv,best_bid_price,best_bid_amount,best_ask_price,best_ask_amount,ask_iv,vega,theta,rho,gamma,delta
269.23,index_price,1559041140126,open,0.15,50.0,0.111,0.202,0.156568,121.22,0.235,0,ETH-31MAY19-310-P,269.23,0.0,0.143,50.0,0.159,50.0,135.07,0.04329,-0.91236,-0.02232,0.00625,-0.89556
9080.7,BTC-27SEP19,1559041140130,open,1.66,0.0,1.5615,1.774,1.6677463,107.65,None,0.0,BTC-27SEP19-24000-P,8706.11,0.0,0.0,0.0,0.0,0.0,0.0,9.5679,-4.22565,-77.6928,3e-05,-0.8946
9080.7,BTC-27SEP19,1559041140130,open,1.23,0.0,1.1465,1.325,1.23578021,100.34,None,0.0,BTC-27SEP19-20000-P,8706.11,0.0,0.0055,10.0,1.987,0.2,499.8,11.78549,-4.85145,-63.48906,4e-05,-0.85812
9080.7,BTC-27SEP19,1559041140130,open,1.02,1.0,0.9445,1.106,1.02504852,98.01,1.5815,0.0,BTC-27SEP19-18000-P,8706.11,0.0,0.0065,0.1,1.7765,0.3,499.72,13.64811,-5.48786,-56.0195,5e-05,-0.8225
8922.44,BTC-28JUN19,1559041140130,open,0.37,10.0,0.3165,0.426,0.37121657,99.2,1.243,0.0,BTC-28JUN19-12000-P,8706.11,0.0,0.0005,1.0,0.808,1.0,500.0,7.01154,-11.26374,-8.9254,0.0001,-0.81134
8922.44,BTC-28JUN19,1559041140131,open,0.0,94.5,0.0005,0.04,0.00037297,135.0,0.002,0.0,BTC-28JUN19-3250-P,8706.11,0.0,0.0,0.0,0.001,5.9,151.95,0.2243,-0.49037,-0.02407,0.0,-0.00282
9080.7,BTC-27SEP19,1559041140131,open,0.73,55.9,0.6875,0.767,0.72745039,111.62,0.689,0.0,BTC-27SEP19-2500-C,8706.11,0.0,0.0065,0.1,0.959,5.0,500.0,1.41161,-0.6464,7.95751,0.0,0.98989
9080.7,BTC-27SEP19,1559041140131,open,0.84,42.8,0.7955,0.875,0.83543385,126.23,0.815,0.0,BTC-27SEP19-1500-C,8706.11,0.0,0.0055,10.0,0.97,3.0,500.0,0.37809,-0.1958,4.91998,0.0,0.9977
8922.44,BTC-28JUN19,1559041140132,open,0.47,97.0,0.43,0.5095,0.46989769,111.15,0.1965,0.0,BTC-28JUN19-4750-C,8706.11,0.0,0.122,1.1,0.6725,2.0,500.0,1.1134,-2.00403,3.87002,1e-05,0.98265
8922.44,BTC-28JUN19,1559041140132,open,0.5,219.5,0.4575,0.537,0.49716064,112.35,0.5,0.0,BTC-28JUN19-4500-C,8706.11,0.0,0.2005,0.1,0.54,1.0,246.41,0.80874,-1.47144,3.70488,1e-05,0.98803
9080.7,BTC-27SEP19,1559041140132,open,0.67,226.1,0.6335,0.713,0.67322498,100.94,0.585,0.0,BTC-27SEP19-3000-C,8706.11,0.0,0.0065,0.1,0.954,5.0,500.0,1.90053,-0.78699,9.47629,1e-05,0.98576
9080.7,BTC-27SEP19,1559041140133,open,0.06,65.1,0.0165,0.096,0.05649085,95.42,0.0655,0.0,BTC-27SEP19-16000-C,8706.11,93.39,0.053,20.8,0.061,20.8,97.99,15.78291,-6.17872,5.14447,6e-05,0.22616
8706.11,index_price,1559041140132,open,0.0,154.1,0.0005,0.0405,0.00048114,129.74,0.0015,0,BTC-31MAY19-6750-P,8706.11,0.0,0.0,0.0,0.001,11.0,144.53,0.23579,-4.1889,-0.00834,3e-05,-0.01168
8922.42,BTC-28JUN19,1559041140133,open,0.02,324.7,0.0005,0.057,0.01734938,102.1,0.0185,0.0,BTC-28JUN19-13000-C,8706.11,99.05,0.0155,52.0,0.0195,52.0,105.48,5.53549,-9.15248,0.8621,8e-05,0.13157
9080.68,BTC-27SEP19,1559041140134,open,0.5,13.5,0.4575,0.537,0.49741323,92.32,0.382,0.0,BTC-27SEP19-4750-C,8706.11,0.0,0.0115,0.1,0.729,5.0,299.13,6.98669,-2.64616,13.13936,3e-05,0.93076
9080.68,BTC-27SEP19,1559041140134,open,0.0,1639.1,0.0005,0.0405,0.00062209,126.3,0.0015,0.0,BTC-27SEP19-1500-P,8706.11,0.0,0.0,0.0,0.001,8.0,133.9,0.37925,-0.19651,-0.08893,0.0,-0.00231
9080.68,BTC-27SEP19,1559041140134,open,0.43,231.1,0.39,0.4695,0.42968241,90.03,0.3795,0.0,BTC-27SEP19-5500-C,8706.11,0.0,0.005,1.0,0.459,3.0,114.6,9.89816,-3.65584,13.94241,4e-05,0.88951
8922.42,BTC-28JUN19,1559041140134,open,0.0,1396.0,0.0005,0.04,9e-08,135.0,0.001,0.0,BTC-28JUN19-1500-P,8706.11,0.0,0.0,0.0,0.0005,90.1,242.27,0.00014,-0.0003,-1e-05,0.0,0.0
8922.42,BTC-28JUN19,1559041140136,open,0.0,1062.2,0.0005,0.042,0.00200391,121.5,0.002,0.0,BTC-28JUN19-20000-C,8706.11,117.1,0.0015,77.9,0.0025,10.0,125.15,1.12379,-2.2112,0.11727,1e-05,0.01754
8706.11,index_price,1559041140133,open,0.0,308.5,0.0005,0.04,0.0,135.0,0.0005,0,BTC-31MAY19-4750-P,8706.11,0.0,0.0,0.0,0.0025,20.0,357.4,1e-05,-3e-05,0.0,0.0,0.0
8706.11,index_price,1559041140130,open,0.0,633.8,0.0005,0.04,0.0,135.0,0.0005,0,BTC-31MAY19-4500-P,8706.11,0.0,0.0,0.0,0.001,12.0,335.94,0.0,0.0,0.0,0.0,0.0
9080.68,BTC-27SEP19,1559041140130,open,0.03,86.2,0.0005,0.076,0.03495413,88.06,0.039,0.0,BTC-27DEC19-4500-P,8706.11,85.51,0.032,10.0,0.038,18.0,90.61,10.67255,-2.20739,-6.28699,3e-05,-0.08376
8706.11,index_price,1559041140131,open,0.4,115.7,0.357,0.4365,0.39697686,149.3,0.4085,0,BTC-31MAY19-5250-C,8706.11,179.31,0.397,1.0,0.4325,3.0,500.0,0.00164,-0.04259,0.41359,0.0,0.99995
8706.11,index_price,1559041140132,open,0.01,117.3,0.0005,0.0475,0.00758084,99.25,0.0075,0,BTC-31MAY19-8000-P,8706.11,83.56,0.0045,65.2,0.0075,40.0,98.87,1.86198,-32.1301,-0.11333,0.00031,-0.15764
8706.11,index_price,1559041140135,open,0.54,9.0,0.501,0.5805,0.54055361,220.45,0.249,0,BTC-31MAY19-4000-C,8706.11,0.0,0.015,0.2,0.5755,10.0,500.0,0.00077,-0.02958,0.31513,0.0,0.99998
9080.68,BTC-27SEP19,1559041140136,open,0.17,88.0,0.1225,0.202,0.16227643,85.64,0.17,0.0,BTC-27DEC19-12000-C,8706.11,85.71,0.1625,10.0,0.174,20.0,89.5,27.53003,-5.53747,15.79277,7e-05,0.46048
9080.68,BTC-27SEP19,1559041140130,open,0.0,85.9,0.0005,0.043,0.00330239,101.46,0.0025,0.0,BTC-27DEC19-2000-P,8706.11,85.27,0.001,19.0,0.0055,10.0,110.96,1.78988,-0.42654,-0.68539,0.0,-0.00964
285.51,ETH-27SEP19,1559041140142,open,1.15,0.0,1.077,1.249,1.163154,115.05,None,0.0,ETH-27SEP19-600-P,269.22,0.0,0.0,0.0,0.0,0.0,0.0,0.48378,-0.22834,-1.85598,0.00154,-0.78368
269.22,index_price,1559041140142,open,0.14,38.0,0.097,0.176,0.136485,111.58,0.148,0,ETH-7JUN19-240-C,269.22,114.55,0.138,50.0,0.147,50.0,131.71,0.13655,-0.77139,0.04568,0.00624,0.76354
269.22,index_price,1559041140143,open,0.0,270.0,0.001,0.043,0.003512,111.65,0.009,0,ETH-7JUN19-200-P,269.22,100.14,0.002,101.0,0.005,200.0,120.53,0.04093,-0.23137,-0.00343,0.00187,-0.04362
269.22,index_price,1559041140142,open,0.09,0.0,0.05,0.136,0.093184,120.57,None,0,ETH-31MAY19-290-P,269.22,49.09,0.078,50.0,0.095,30.0,126.79,0.07762,-1.62705,-0.01766,0.01127,-0.73932
269.22,index_price,1559041140142,open,0.24,10.0,0.194,0.292,0.24294,120.19,0.212,0,ETH-7JUN19-330-P,269.22,0.0,0.0,0.0,0.0,0.0,0.0,0.11456,-0.69712,-0.07772,0.00486,-0.82402
269.22,index_price,1559041140143,open,0.19,1.0,0.145,0.224,0.184528,130.25,0.113,0,ETH-31MAY19-220-C,269.22,0.0,0.182,50.0,0.195,50.0,211.44,0.01872,-0.42405,0.01654,0.00252,0.9644
269.22,index_price,1559041140142,open,0.26,0.0,0.214,0.314,0.264224,135.08,None,0,ETH-31MAY19-340-P,269.22,0.0,0.0,0.0,0.336,3.0,438.58,0.01608,-0.37758,-0.02619,0.00208,-0.97041
269.22,index_price,1559041140142,open,0.22,0.0,0.179,0.277,0.228018,133.07,None,0,ETH-31MAY19-330-P,269.22,0.0,0.0,0.0,0.294,2.0,398.75,0.02386,-0.55206,-0.02503,0.00314,-0.95198
269.22,index_price,1559041140142,open,0.15,0.0,0.105,0.196,0.150639,116.99,None,0,ETH-7JUN19-300-P,269.22,83.3,0.132,1.0,0.142,150.0,101.98,0.15846,-0.93859,-0.06047,0.00691,-0.67951
269.22,index_price,1559041140143,open,0.12,140.0,0.075,0.154,0.114356,112.36,0.114,0,ETH-31MAY19-240-C,269.22,97.2,0.112,51.0,0.126,70.0,166.66,0.0463,-0.9046,0.01635,0.00722,0.88528
269.22,index_price,1559041140142,open,0.07,77.0,0.032,0.111,0.071771,111.56,0.08,0,ETH-7JUN19-270-C,269.22,108.85,0.07,251.0,0.081,251.0,125.67,0.17616,-0.99497,0.0334,0.00805,0.53028
269.22,index_price,1559041140142,open,0.31,0.0,0.259,0.363,0.310704,123.37,None,0,ETH-7JUN19-350-P,269.22,0.0,0.0,0.0,0.0,0.0,0.0,0.08686,-0.54252,-0.08697,0.00359,-0.8833
269.22,index_price,1559041140143,open,0.0,1139.0,0.001,0.04,0.000921,139.73,0.002,0,ETH-31MAY19-210-P,269.22,0.0,0.0,0.0,0.002,173.0,159.57,0.0113,-0.24798,-0.00043,0.00142,-0.01946
269.22,index_price,1559041140142,open,0.07,6.0,0.032,0.117,0.074631,111.5,0.067,0,ETH-7JUN19-270-P,269.22,89.16,0.06,150.0,0.07,101.0,104.43,0.17616,-0.99447,-0.03965,0.00806,-0.46974
277.77,ETH-28JUN19,1559041140154,open,0.1,2863.0,0.056,0.135,0.095931,110.0,0.092,0.0,ETH-28JUN19-300-C,269.22,104.86,0.09,80.0,0.099,116.0,112.65,0.32125,-0.57223,0.08739,0.00447,0.46784
285.51,ETH-27SEP19,1559041140147,open,0.08,30.0,0.039,0.118,0.078913,110.96,0.079,0.0,ETH-27SEP19-520-C,269.22,107.83,0.073,5.0,0.086,141.0,114.63,0.54496,-0.24808,0.18166,0.0018,0.26946
269.22,index_price,1559041140159,open,0.12,0.0,0.079,0.168,0.123517,120.52,None,0,ETH-31MAY19-300-P,269.22,0.0,0.11,50.0,0.126,50.0,131.16,0.06022,-1.26187,-0.02025,0.00875,-0.8311
9080.68,BTC-27SEP19,1559041140176,open,1.06,0.0,0.981,1.1455,1.06321686,91.07,None,0.0,BTC-27DEC19-18000-P,8706.11,0.0,0.0055,5.0,1.904,0.2,500.0,22.59928,-4.83407,-95.37363,5e-05,-0.73763
277.77,ETH-28JUN19,1559041140181,open,0.25,1595.0,0.205,0.284,0.244326,107.29,0.243,0.0,ETH-28JUN19-220-C,269.22,93.37,0.234,40.0,0.246,40.0,109.45,0.21434,-0.37242,0.13451,0.00306,0.8168
277.77,ETH-28JUN19,1559041140191,open,0.17,51.0,0.129,0.222,0.175961,110.0,0.226,0.0,ETH-28JUN19-300-P,269.22,105.7,0.171,120.0,0.184,120.0,116.94,0.32125,-0.57223,-0.16639,0.00447,-0.53216
269.22,index_price,1559041140200,open,0.1,2.0,0.053,0.14,0.096402,111.74,0.087,0,ETH-7JUN19-280-P,269.22,87.97,0.081,150.0,0.091,86.0,103.43,0.17536,-0.99208,-0.04697,0.008,-0.54843
269.22,index_price,1559041140222,open,0.01,821.0,0.001,0.046,0.006546,111.52,0.007,0,ETH-7JUN19-210-P,269.22,99.19,0.004,102.0,0.008,238.0,117.53,0.06211,-0.35067,-0.00587,0.00284,-0.07409
285.5,ETH-27SEP19,1559041140238,open,0.1,1817.0,0.06,0.147,0.103362,98.49,0.13,0.0,ETH-27SEP19-220-P,269.22,93.12,0.094,124.0,0.104,80.0,98.85,0.49959,-0.20186,-0.31674,0.00186,-0.2289
285.5,ETH-27SEP19,1559041140239,open,0.34,818.0,0.293,0.372,0.332811,98.5,0.343,0.0,ETH-27SEP19-220-C,269.22,92.88,0.323,10.0,0.339,80.0,102.03,0.4996,-0.2019,0.41782,0.00186,0.7711
269.22,index_price,1559041140247,open,0.09,243.0,0.043,0.122,0.082927,107.58,0.071,0,ETH-31MAY19-250-C,269.22,95.53,0.08,50.0,0.096,50.0,154.83,0.06792,-1.27046,0.0151,0.01106,0.79487
269.22,index_price,1559041140252,open,0.15,0.0,0.105,0.196,0.150639,116.99,None,0,ETH-7JUN19-300-P,269.22,83.3,0.132,1.0,0.143,150.0,103.75,0.15846,-0.93859,-0.06047,0.00691,-0.67951
277.77,ETH-28JUN19,1559041140274,open,0.25,1595.0,0.205,0.284,0.244326,107.29,0.243,0.0,ETH-28JUN19-220-C,269.22,93.37,0.234,40.0,0.245,40.0,108.16,0.21434,-0.37242,0.13451,0.00306,0.8168
285.51,ETH-27SEP19,1559041140282,open,0.3,24.0,0.252,0.356,0.304034,99.13,0.408,0.0,ETH-27SEP19-320-P,269.22,94.33,0.293,30.0,0.314,30.0,103.47,0.65567,-0.26665,-0.73335,0.00243,-0.46522
269.22,index_price,1559041140295,open,0.09,243.0,0.043,0.122,0.082927,107.58,0.071,0,ETH-31MAY19-250-C,269.22,95.53,0.08,50.0,0.095,50.0,151.42,0.06792,-1.27046,0.0151,0.01106,0.79487
285.51,ETH-27SEP19,1559041140301,open,0.06,689.0,0.023,0.102,0.062093,115.31,0.063,0.0,ETH-27SEP19-600-C,269.22,112.87,0.058,15.0,0.067,146.0,118.16,0.48502,-0.22945,0.14795,0.00155,0.21728
285.51,ETH-27SEP19,1559041140308,open,0.35,31.0,0.302,0.409,0.355246,99.92,0.368,0.0,ETH-27SEP19-340-P,269.22,94.61,0.343,30.0,0.366,30.0,104.59,0.65812,-0.26978,-0.82059,0.00242,-0.50551
277.77,ETH-28JUN19,1559041140313,open,0.17,51.0,0.129,0.222,0.175961,110.0,0.226,0.0,ETH-28JUN19-300-P,269.22,105.7,0.171,120.0,0.185,120.0,117.8,0.32125,-0.57223,-0.16639,0.00447,-0.53216
269.22,index_price,1559041140350,open,0.19,1.0,0.145,0.224,0.184528,130.25,0.113,0,ETH-31MAY19-220-C,269.22,0.0,0.181,50.0,0.195,50.0,211.44,0.01872,-0.42405,0.01654,0.00252,0.9644
269.22,index_price,1559041140367,open,0.21,41.0,0.163,0.258,0.210497,118.63,0.215,0,ETH-7JUN19-320-P,269.22,63.81,0.191,50.0,0.202,50.0,99.64,0.12952,-0.77798,-0.07249,0.00557,-0.78462
269.22,index_price,1559041140380,open,0.12,101.0,0.078,0.167,0.12244,114.42,0.11,0,ETH-7JUN19-290-P,269.22,85.92,0.105,151.0,0.111,5.0,95.92,0.16885,-0.97816,-0.05395,0.00752,-0.61827
269.22,index_price,1559041140386,open,0.17,50.0,0.125,0.204,0.164032,111.59,0.136,0,ETH-7JUN19-230-C,269.22,118.54,0.167,50.0,0.175,50.0,136.15,0.11256,-0.63592,0.04843,0.00514,0.82883
269.22,index_price,1559041140397,open,0.12,115.0,0.072,0.151,0.111844,111.57,0.076,0,ETH-7JUN19-250-C,269.22,110.12,0.111,50.0,0.122,50.0,128.89,0.15627,-0.88272,0.0421,0.00714,0.68982
285.5,ETH-27SEP19,1559041140409,open,0.52,0.0,0.464,0.585,0.52497,103.63,None,0.0,ETH-27SEP19-400-P,269.22,96.39,0.509,30.0,0.533,30.0,107.22,0.63566,-0.27024,-1.07626,0.00225,-0.60401
269.22,index_price,1559041140414,open,0.15,50.0,0.111,0.202,0.156568,120.98,0.235,0,ETH-31MAY19-310-P,269.22,0.0,0.144,50.0,0.159,50.0,134.86,0.04312,-0.90695,-0.02233,0.00624,-0.89612
285.5,ETH-27SEP19,1559041140421,open,0.14,1166.0,0.096,0.175,0.135496,102.37,0.148,0.0,ETH-27SEP19-380-C,269.22,99.93,0.13,227.0,0.141,227.0,104.79,0.64667,-0.27157,0.27654,0.00232,0.42558
269.22,index_price,1559041140435,open,0.22,2.0,0.181,0.26,0.220919,140.41,0.221,0,ETH-31MAY19-210-C,269.22,0.0,0.218,50.0,0.231,50.0,238.5,0.01153,-0.28139,0.0161,0.00144,0.98009
269.22,index_price,1559041140437,open,0.23,0.0,0.187,0.266,0.226544,111.65,None,0,ETH-7JUN19-210-C,269.22,128.7,0.231,50.0,0.24,50.0,156.22,0.06223,-0.35178,0.05093,0.00284,0.92571
269.22,index_price,1559041140443,open,0.05,131.0,0.006,0.085,0.045294,114.49,0.042,0,ETH-7JUN19-290-C,269.22,109.22,0.042,118.0,0.048,121.0,118.79,0.16886,-0.97879,0.02451,0.00752,0.38184
269.22,index_price,1559041140588,open,0.12,101.0,0.078,0.167,0.122467,114.42,0.11,0,ETH-7JUN19-290-P,269.22,85.92,0.105,150.0,0.111,5.0,95.92,0.16885,-0.97816,-0.05395,0.00752,-0.61827
8922.44,BTC-28JUN19,1559041140621,open,0.13,8.2,0.092,0.1715,0.13154606,94.05,0.148,0.0,BTC-28JUN19-8500-C,8706.11,91.3,0.1285,5.0,0.1355,24.2,97.64,9.85448,-15.00873,3.7114,0.00016,0.62327
8922.42,BTC-28JUN19,1559041140667,open,0.08,41.3,0.041,0.1275,0.08420027,94.05,0.0845,0.0,BTC-28JUN19-8500-P,8706.11,90.25,0.08,36.8,0.087,11.2,96.59,9.85449,-15.0096,-3.47891,0.00016,-0.37673
269.22,index_price,1559041140796,open,0.12,101.0,0.078,0.167,0.122467,114.42,0.11,0,ETH-7JUN19-290-P,269.22,87.61,0.106,1.0,0.111,5.0,95.92,0.16885,-0.97816,-0.05395,0.00752,-0.61827
9080.68,BTC-27SEP19,1559041141102,open,0.39,719.4,0.349,0.4285,0.38887219,89.63,0.397,0.0,BTC-27SEP19-6000-C,8706.11,83.92,0.3815,5.2,0.397,5.2,95.7,11.94774,-4.3933,14.14014,5e-05,0.85521
8922.54,BTC-28JUN19,1559041141129,open,0.0,259.1,0.0005,0.041,0.00126155,117.79,0.0015,0.0,BTC-28JUN19-4250-P,8706.02,104.49,0.0005,30.0,0.002,52.0,126.12,0.67607,-1.28963,-0.08305,1e-05,-0.00974
8922.45,BTC-28JUN19,1559041141131,open,0.0,245.3,0.0005,0.0415,0.00151413,112.43,0.0025,0.0,BTC-28JUN19-4500-P,8706.02,97.02,0.0005,16.5,0.0025,52.0,121.6,0.81122,-1.47698,-0.10209,1e-05,-0.01201
9080.74,BTC-27SEP19,1559041141131,open,0.02,83.4,0.0005,0.057,0.01647333,91.49,0.0205,0.0,BTC-27DEC19-3500-P,8706.02,87.84,0.014,20.0,0.0185,10.0,94.31,6.37006,-1.36893,-3.1646,1e-05,-0.04328
9080.74,BTC-27SEP19,1559041141129,open,0.04,14.0,0.0005,0.077,0.03724481,102.59,0.039,0.0,BTC-27DEC19-30000-C,8706.02,102.12,0.0365,5.0,0.039,8.0,103.67,14.55038,-3.50596,4.8313,3e-05,0.12847
8706.02,index_price,1559041141136,open,0.0,924.5,0.0005,0.04,2.4e-07,135.0,0.0005,0,BTC-31MAY19-5250-P,8706.02,0.0,0.0,0.0,0.0015,10.0,280.53,0.00032,-0.00212,-1e-05,0.0,-1e-05
9080.74,BTC-27SEP19,1559041141131,open,0.08,49.9,0.041,0.1205,0.08096075,91.06,0.0895,0.0,BTC-27DEC19-18000-C,8706.02,90.67,0.08,1.1,0.0825,1.1,91.68,22.5973,-4.83307,9.60503,5e-05,0.26232
285.51,ETH-27SEP19,1559041141142,open,1.02,0.0,0.951,1.112,1.031316,113.34,None,0.0,ETH-27SEP19-560-P,269.23,0.0,0.0,0.0,0.0,0.0,0.0,0.51476,-0.23936,-1.70618,0.00167,-0.75838
285.51,ETH-27SEP19,1559041141142,open,0.17,1726.0,0.126,0.219,0.172156,98.5,0.162,0.0,ETH-27SEP19-260-P,269.23,93.63,0.162,103.0,0.175,80.0,99.86,0.59506,-0.24045,-0.47558,0.00222,-0.32671
277.77,ETH-28JUN19,1559041141142,open,0.0,1541.0,0.001,0.04,0.000146,150.0,0.001,0.0,ETH-28JUN19-80-P,269.23,0.0,0.0,0.0,0.001,134.0,185.32,0.00288,-0.007,-0.00028,3e-05,-0.00107
277.77,ETH-28JUN19,1559041141142,open,0.3,2170.0,0.26,0.339,0.299741,107.25,0.298,0.0,ETH-28JUN19-200-C,269.23,0.0,0.267,80.0,0.407,3.0,249.71,0.15519,-0.26955,0.13791,0.00222,0.88666
277.77,ETH-28JUN19,1559041141142,open,0.47,481.0,0.424,0.503,0.46342,116.99,0.385,0.0,ETH-28JUN19-150-C,269.23,0.0,0.021,4.0,0.5,200.0,218.66,0.0453,-0.08583,0.12049,0.00059,0.9762
277.77,ETH-28JUN19,1559041141142,open,0.57,50.0,0.53,0.609,0.56906,129.06,0.547,0.0,ETH-28JUN19-120-C,269.23,0.0,0.0,0.0,0.0,0.0,0.0,0.01709,-0.03571,0.09945,0.0002,0.99232
277.77,ETH-28JUN19,1559041141142,open,0.61,10.0,0.565,0.644,0.604995,140.24,0.265,0.0,ETH-28JUN19-110-C,269.23,0.0,0.027,1.0,0.0,0.0,0.0,0.01507,-0.03423,0.09125,0.00016,0.99334
277.77,ETH-28JUN19,1559041141142,open,0.01,6603.0,0.001,0.052,0.012837,129.77,0.017,0.0,ETH-28JUN19-500-C,269.23,123.13,0.01,450.0,0.015,150.0,134.34,0.12633,-0.26549,0.01709,0.00149,0.08556
277.77,ETH-28JUN19,1559041141142,open,0.8,0.0,0.741,0.885,0.812887,129.77,None,0.0,ETH-28JUN19-500-P,269.23,0.0,0.0,0.0,0.0,0.0,0.0,0.12633,-0.26549,-0.40587,0.00149,-0.91444
277.77,ETH-28JUN19,1559041141142,open,0.22,16.0,0.178,0.275,0.226559,110.68,0.219,0.0,ETH-28JUN19-320-P,269.23,107.49,0.223,120.0,0.237,120.0,119.98,0.31002,-0.55569,-0.19651,0.00429,-0.60975
277.77,ETH-28JUN19,1559041141142,open,0.0,5044.0,0.001,0.044,0.004581,112.16,0.003,0.0,ETH-28JUN19-160-P,269.23,103.63,0.003,231.0,0.006,102.0,118.47,0.05777,-0.10493,-0.00856,0.00079,-0.03186
277.77,ETH-28JUN19,1559041141143,open,0.34,0.0,0.291,0.397,0.344144,115.72,None,0.0,ETH-28JUN19-360-P,269.23,0.0,0.0,0.0,0.0,0.0,0.0,0.26885,-0.50383,-0.25156,0.00356,-0.72647
269.23,index_price,1559041141142,open,0.09,37.0,0.051,0.13,0.090248,111.5,0.09,0,ETH-7JUN19-260-C,269.23,109.52,0.089,150.0,0.1,150.0,126.94,0.16979,-0.95852,0.03793,0.00776,0.61099
285.51,ETH-27SEP19,1559041141143,open,0.07,24.0,0.03,0.109,0.069908,113.34,0.068,0.0,ETH-27SEP19-560-C,269.23,110.01,0.064,40.0,0.076,144.0,116.67,0.51475,-0.23935,0.16369,0.00167,0.24161
285.51,ETH-27SEP19,1559041141143,open,0.21,1432.0,0.166,0.245,0.205412,98.6,0.203,0.0,ETH-27SEP19-300-C,269.23,99.74,0.208,25.0,0.211,100.0,101.07,0.64541,-0.26106,0.35565,0.0024,0.57847
285.51,ETH-27SEP19,1559041141143,open,0.59,147.0,0.55,0.629,0.58965,98.47,0.45,0.0,ETH-27SEP19-120-C,269.23,0.0,0.036,1.0,0.0,0.0,0.0,0.12841,-0.05187,0.35754,0.00048,0.96469
285.51,ETH-27SEP19,1559041141143,open,0.0,1723.0,0.001,0.043,0.003038,111.88,0.003,0.0,ETH-27SEP19-80-P,269.23,95.25,0.001,100.0,0.005,320.0,121.91,0.04769,-0.02189,-0.01336,0.00016,-0.01098
277.78,ETH-28JUN19,1559041141143,open,0.33,588.0,0.29,0.369,0.329848,107.25,0.336,0.0,ETH-28JUN19-190-C,269.23,0.0,0.011,10.0,0.53,23.0,380.58,0.12548,-0.21792,0.13755,0.00179,0.91522
277.78,ETH-28JUN19,1559041141143,open,0.01,5785.0,0.001,0.049,0.00933,107.3,0.006,0.0,ETH-28JUN19-180-P,269.23,100.2,0.007,150.0,0.01,300.0,109.18,0.09751,-0.16944,-0.01653,0.00139,-0.06101
285.51,ETH-27SEP19,1559041141143,open,0.48,400.0,0.434,0.513,0.473042,98.48,0.383,0.0,ETH-27SEP19-160-C,269.23,0.0,0.38,1.0,0.57,1.0,179.37,0.28193,-0.1139,0.41044,0.00105,0.90357
277.78,ETH-28JUN19,1559041141143,open,0.0,4769.0,0.001,0.041,0.001072,129.06,0.001,0.0,ETH-28JUN19-120-P,269.23,0.0,0.0,0.0,0.002,100.0,141.17,0.01709,-0.03571,-0.00206,0.0002,-0.00768
285.51,ETH-27SEP19,1559041141143,open,0.89,0.0,0.825,0.976,0.900175,110.94,None,0.0,ETH-27SEP19-520-P,269.23,0.0,0.0,0.0,0.0,0.0,0.0,0.54488,-0.248,-1.55469,0.0018,-0.73062
285.52,ETH-27SEP19,1559041141143,open,0.4,81.0,0.353,0.465,0.408882,100.74,0.428,0.0,ETH-27SEP19-360-P,269.23,95.11,0.396,30.0,0.419,30.0,105.15,0.65444,-0.27049,-0.90715,0.00239,-0.54264
277.78,ETH-28JUN19,1559041141143,open,0.08,2053.0,0.035,0.114,0.074526,110.67,0.077,0.0,ETH-28JUN19-320-C,269.23,107.51,0.071,80.0,0.078,124.0,113.78,0.31004,-0.55566,0.07419,0.00429,0.39027
277.78,ETH-28JUN19,1559041141143,open,0.68,0.0,0.637,0.716,0.676361,149.22,None,0.0,ETH-28JUN19-90-C,269.23,0.0,0.002,5.0,0.0,0.0,0.0,0.00615,-0.01487,0.07547,6e-05,0.99755
277.78,ETH-28JUN19,1559041141143,open,0.4,1130.0,0.355,0.434,0.394612,109.63,0.32,0.0,ETH-28JUN19-170-C,269.23,0.0,0.1,5.0,0.6,1.0,435.86,0.07606,-0.13503,0.13177,0.00106,0.95538
277.78,ETH-28JUN19,1559041141143,open,0.0,9820.0,0.001,0.042,0.002011,128.95,0.001,0.0,ETH-28JUN19-130-P,269.23,116.56,0.001,182.0,0.003,245.0,137.59,0.02791,-0.05828,-0.00364,0.00033,-0.01348
277.78,ETH-28JUN19,1559041141143,open,0.01,3529.0,0.001,0.054,0.013867,107.3,0.01,0.0,ETH-28JUN19-190-P,269.23,100.65,0.011,250.0,0.014,101.0,107.59,0.12557,-0.21819,-0.0232,0.00179,-0.08487
277.78,ETH-28JUN19,1559041141143,open,0.0,4694.0,0.001,0.041,0.001006,140.25,0.001,0.0,ETH-28JUN19-110-P,269.23,0.0,0.0,0.0,0.002,150.0,154.59,0.01507,-0.03424,-0.0018,0.00016,-0.00666
277.78,ETH-28JUN19,1559041141144,open,0.64,0.0,0.601,0.68,0.640806,149.35,None,0.0,ETH-28JUN19-100-C,269.23,0.0,0.0,0.0,0.0,0.0,0.0,0.01188,-0.02874,0.0832,0.00012,0.9949
285.52,ETH-27SEP19,1559041141144,open,0.76,0.0,0.699,0.839,0.769003,107.33,None,0.0,ETH-27SEP19-480-P,269.23,0.0,0.0,0.0,0.0,0.0,0.0,0.57271,-0.25218,-1.40153,0.00196,-0.70108
277.78,ETH-28JUN19,1559041141144,open,0.0,10153.0,0.001,0.042,0.002512,121.8,0.002,0.0,ETH-28JUN19-140-P,269.23,106.09,0.001,676.0,0.004,568.0,132.08,0.0347,-0.06845,-0.00467,0.00044,-0.01737
269.23,index_price,1559041141142,open,0.03,169.0,0.001,0.069,0.027926,111.55,0.024,0,ETH-7JUN19-240-P,269.23,93.28,0.019,200.0,0.024,182.0,103.7,0.13652,-0.77105,-0.01925,0.00624,-0.23635
269.23,index_price,1559041141142,open,0.37,0.0,0.329,0.408,0.368554,0.0,None,0,ETH-31MAY19-170-C,269.23,0.0,0.001,1.0,0.0,0.0,0.0,0.0,0.0,0.01339,0.0,1.0
269.23,index_price,1559041141142,open,0.06,349.0,0.017,0.096,0.056384,111.75,0.055,0,ETH-7JUN19-280-C,269.23,108.09,0.054,259.0,0.061,104.0,118.83,0.17537,-0.99227,0.02879,0.008,0.45166
285.52,ETH-27SEP19,1559041141144,open,0.73,0.0,0.683,0.762,0.722837,111.82,None,0.0,ETH-27SEP19-80-C,269.23,0.0,0.003,10.0,0.0,0.0,0.0,0.04759,-0.02183,0.2538,0.00016,0.98905
285.52,ETH-27SEP19,1559041141144,open,0.66,0.0,0.615,0.694,0.654472,100.64,None,0.0,ETH-27SEP19-100-C,269.23,0.0,0.003,10.0,0.0,0.0,0.0,0.07337,-0.03029,0.31216,0.00027,0.9819
285.52,ETH-27SEP19,1559041141144,open,0.25,36.0,0.206,0.306,0.2562,98.62,0.345,0.0,ETH-27SEP19-300-P,269.23,93.68,0.245,40.0,0.266,40.0,102.97,0.64541,-0.26113,-0.64607,0.0024,-0.42147
277.78,ETH-28JUN19,1559041141144,open,0.54,386.0,0.494,0.573,0.533998,128.78,0.321,0.0,ETH-28JUN19-130-C,269.23,0.0,0.14,49.0,0.0,0.0,0.0,0.02776,-0.05788,0.10635,0.00033,0.9866
277.78,ETH-28JUN19,1559041141144,open,0.71,0.0,0.673,0.752,0.712138,148.98,None,0.0,ETH-28JUN19-80-C,269.23,0.0,0.002,5.0,0.0,0.0,0.0,0.00273,-0.00658,0.06741,3e-05,0.999
277.78,ETH-28JUN19,1559041141144,open,0.0,2026.0,0.001,0.04,0.00037,149.74,0.001,0.0,ETH-28JUN19-90-P,269.23,0.0,0.0,0.0,0.001,115.0,168.55,0.0063,-0.01527,-0.00068,6e-05,-0.00251
269.23,index_price,1559041141142,open,0.3,1.0,0.257,0.336,0.296651,118.21,0.237,0,ETH-7JUN19-190-C,269.23,0.0,0.0,0.0,0.0,0.0,0.0,0.02963,-0.17732,0.04909,0.00128,0.9706
269.23,index_price,1559041141142,open,0.01,399.0,0.001,0.051,0.011509,107.5,0.012,0,ETH-31MAY19-250-P,269.23,92.92,0.008,237.0,0.012,89.0,109.44,0.06787,-1.26871,-0.00459,0.01106,-0.20488
285.52,ETH-27SEP19,1559041141145,open,0.03,5371.0,0.001,0.074,0.033462,98.5,0.031,0.0,ETH-27SEP19-160-P,269.23,91.73,0.027,149.0,0.035,120.0,100.05,0.28198,-0.11395,-0.12385,0.00105,-0.09645
269.23,index_price,1559041141142,open,0.0,628.0,0.001,0.041,0.001674,129.85,0.004,0,ETH-31MAY19-220-P,269.23,118.56,0.001,24.0,0.002,87.0,134.34,0.01854,-0.41857,-0.00078,0.0025,-0.03517
269.23,index_price,1559041141142,open,0.04,46.0,0.001,0.082,0.040431,111.56,0.029,0,ETH-7JUN19-250-P,269.23,91.52,0.029,200.0,0.036,541.0,103.88,0.15626,-0.88253,-0.02553,0.00714,-0.31009
285.52,ETH-27SEP19,1559041141145,open,0.64,0.0,0.58,0.71,0.645133,105.7,None,0.0,ETH-27SEP19-440-P,269.23,0.0,0.06,20.0,0.0,0.0,0.0,0.60695,-0.2632,-1.24084,0.00211,-0.6564
269.23,index_price,1559041141142,open,0.02,56.0,0.001,0.061,0.021915,118.7,0.019,0,ETH-7JUN19-320-C,269.23,112.51,0.019,200.0,0.025,258.0,124.98,0.1296,-0.77885,0.01411,0.00557,0.21558
277.78,ETH-28JUN19,1559041141145,open,0.43,923.0,0.389,0.468,0.428565,112.06,0.357,0.0,ETH-28JUN19-160-C,269.23,0.0,0.1,3.0,0.0,0.0,0.0,0.05763,-0.10458,0.12681,0.00079,0.96824
285.52,ETH-27SEP19,1559041141145,open,0.38,1738.0,0.335,0.414,0.374883,98.48,0.307,0.0,ETH-27SEP19-200-C,269.23,0.0,0.175,10.0,0.583,4.0,230.54,0.435,-0.17574,0.42305,0.00162,0.81862
277.78,ETH-28JUN19,1559041141145,open,0.37,3366.0,0.322,0.401,0.361291,107.17,0.364,0.0,ETH-28JUN19-180-C,269.23,0.0,0.006,20.0,0.0,0.0,0.0,0.09729,-0.16886,0.13579,0.00139,0.93916
269.23,index_price,1559041141143,open,0.0,555.0,0.001,0.04,3.8e-05,150.01,0.005,0,ETH-31MAY19-180-P,269.23,0.0,0.0,0.0,0.001,170.0,215.67,0.0008,-0.01028,-2e-05,9e-05,-0.001
269.23,index_price,1559041141142,open,0.01,1137.0,0.001,0.046,0.005792,112.22,0.007,0,ETH-31MAY19-240-P,269.23,100.99,0.004,2.0,0.007,120.0,119.0,0.04621,-0.90159,-0.00255,0.00721,-0.11438
269.23,index_price,1559041141142,open,0.27,0.0,0.226,0.327,0.276485,122.07,None,0,ETH-7JUN19-340-P,269.23,0.0,0.0,0.0,0.0,0.0,0.0,0.10053,-0.62133,-0.08249,0.0042,-0.85586
269.23,index_price,1559041141142,open,0.0,899.0,0.001,0.042,0.002299,133.54,0.004,0,ETH-31MAY19-330-C,269.23,0.0,0.0,0.0,0.002,85.0,130.07,0.02413,-0.56015,0.00098,0.00316,0.04868
269.23,index_price,1559041141142,open,0.01,1209.0,0.001,0.049,0.009222,120.65,0.009,0,ETH-31MAY19-300-C,269.23,105.16,0.006,143.0,0.01,120.0,124.07,0.06031,-1.26512,0.0034,0.00875,0.16929
269.23,index_price,1559041141142,open,0.26,2.0,0.221,0.3,0.260626,111.49,0.218,0,ETH-7JUN19-200-C,269.23,0.0,0.001,30.0,0.0,0.0,0.0,0.04077,-0.23011,0.0507,0.00186,0.9566
269.23,index_price,1559041141142,open,0.2,55.0,0.155,0.234,0.194162,111.45,0.195,0,ETH-7JUN19-220-C,269.23,122.73,0.198,50.0,0.207,50.0,145.96,0.0867,-0.48925,0.05022,0.00397,0.8836
269.23,index_price,1559041141142,open,0.03,7.0,0.001,0.068,0.028029,117.36,0.036,0,ETH-7JUN19-310-C,269.23,109.72,0.024,200.0,0.031,251.0,122.84,0.14452,-0.85874,0.01712,0.00628,0.26308
269.23,index_price,1559041141143,open,0.01,621.0,0.001,0.051,0.011337,111.55,0.024,0,ETH-7JUN19-220-P,269.23,96.83,0.007,110.0,0.011,450.0,110.5,0.08679,-0.49016,-0.00932,0.00397,-0.11657
269.23,index_price,1559041141143,open,0.0,272.0,0.001,0.041,0.001362,135.82,0.003,0,ETH-31MAY19-340-C,269.23,0.0,0.0,0.0,0.002,120.0,145.09,0.01642,-0.36666,0.00062,0.00212,0.03036
269.23,index_price,1559041141142,open,0.0,1.0,0.001,0.042,0.002394,118.45,0.006,0,ETH-7JUN19-190-P,269.23,102.51,0.001,114.0,0.004,319.0,130.87,0.02982,-0.17882,-0.00233,0.00128,-0.02962
269.23,index_price,1559041141142,open,0.0,5.0,0.001,0.04,7e-06,150.01,0.002,0,ETH-31MAY19-170-P,269.23,0.0,0.0,0.0,0.001,170.0,242.62,0.00019,-0.002,0.0,2e-05,-0.00022
269.23,index_price,1559041141142,open,0.19,0.0,0.145,0.239,0.192276,129.96,None,0,ETH-31MAY19-320-P,269.23,0.0,0.178,50.0,0.193,50.0,135.47,0.03381,-0.76395,-0.0237,0.00456,-0.92506
269.23,index_price,1559041141142,open,0.01,30.0,0.001,0.05,0.010696,123.49,0.015,0,ETH-7JUN19-350-C,269.23,114.6,0.008,250.0,0.013,270.0,130.32,0.08703,-0.54412,0.00774,0.00359,0.11702
269.23,index_price,1559041141144,open,0.04,159.0,0.001,0.08,0.03936,106.95,0.034,0,ETH-31MAY19-270-P,269.23,77.7,0.029,101.0,0.046,101.0,125.71,0.09532,-1.7726,-0.01129,0.01561,-0.49307
285.52,ETH-27SEP19,1559041141231,open,0.23,861.0,0.192,0.271,0.231632,98.48,0.208,0.0,ETH-27SEP19-280-C,269.23,95.0,0.224,30.0,0.242,80.0,103.22,0.62558,-0.25275,0.3751,0.00233,0.62508
8922.54,BTC-28JUN19,1559041141337,open,0.08,41.3,0.041,0.1275,0.08419491,94.06,0.0845,0.0,BTC-28JUN19-8500-P,8706.02,90.26,0.08,41.8,0.087,11.2,96.6,9.85448,-15.01049,-3.47882,0.00016,-0.37671
8922.45,BTC-28JUN19,1559041141358,open,0.29,501.2,0.2465,0.326,0.28638975,95.45,0.2405,0.0,BTC-28JUN19-6500-C,8706.02,88.49,0.283,6.4,0.289,4.2,100.4,4.56418,-7.05491,4.62904,7e-05,0.8997
8922.45,BTC-28JUN19,1559041141365,open,0.2,179.8,0.16,0.2395,0.19961153,94.56,0.205,0.0,BTC-28JUN19-7500-C,8706.02,90.34,0.196,5.0,0.201,4.3,96.16,7.70283,-11.79528,4.37335,0.00012,0.77905
8922.54,BTC-28JUN19,1559041141375,open,0.17,696.6,0.1235,0.203,0.16312998,94.27,0.17,0.0,BTC-28JUN19-8000-C,8706.02,90.65,0.1595,5.0,0.1645,4.3,95.64,8.97165,-13.69597,4.08029,0.00014,0.70373
8922.54,BTC-28JUN19,1559041141460,open,0.34,1826.5,0.2965,0.376,0.33611112,97.73,0.337,0.0,BTC-28JUN19-6000-C,8706.02,77.77,0.3305,4.5,0.337,4.5,100.19,3.17145,-5.01906,4.54293,5e-05,0.938
8922.54,BTC-28JUN19,1559041141575,open,0.34,1826.5,0.2965,0.376,0.33611112,97.73,0.337,0.0,BTC-28JUN19-6000-C,8706.02,77.77,0.3305,4.5,0.337,4.4,100.19,3.17145,-5.01906,4.54293,5e-05,0.938
8922.45,BTC-28JUN19,1559041141732,open,0.06,378.7,0.0175,0.102,0.05973925,94.27,0.058,0.0,BTC-28JUN19-8000-P,8706.02,91.54,0.057,2.0,0.0615,4.6,96.02,8.97183,-13.69716,-2.68718,0.00014,-0.29629
8922.54,BTC-28JUN19,1559041141769,open,0.34,1826.5,0.2965,0.376,0.33611112,97.73,0.337,0.0,BTC-28JUN19-6000-C,8706.02,77.77,0.3305,4.4,0.337,4.4,100.19,3.17145,-5.01906,4.54293,5e-05,0.938
8922.45,BTC-28JUN19,1559041141967,open,0.24,956.5,0.201,0.2805,0.2407648,94.82,0.2385,0.0,BTC-28JUN19-7000-C,8706.02,90.75,0.238,5.0,0.2435,4.5,98.72,6.16753,-9.47032,4.56515,0.0001,0.84561
8922.54,BTC-28JUN19,1559041141988,open,0.34,1826.5,0.2965,0.376,0.33611112,97.73,0.337,0.0,BTC-28JUN19-6000-C,8706.02,77.77,0.3305,4.4,0.337,4.5,100.19,3.17145,-5.01906,4.54293,5e-05,0.938
9080.74,BTC-27SEP19,1559041142073,open,0.01,1018.2,0.0005,0.0535,0.01337295,94.06,0.025,0.0,BTC-27SEP19-4250-P,8706.02,90.67,0.0115,25.0,0.0155,37.8,97.64,5.20231,-2.00742,-1.84847,2e-05,-0.04759
9080.83,BTC-27SEP19,1559041142084,open,0.02,97.2,0.0005,0.057,0.01646598,92.85,0.0255,0.0,BTC-27SEP19-4500-P,8706.02,89.81,0.0145,25.0,0.0185,4.9,95.83,6.03815,-2.29998,-2.24013,2e-05,-0.05741
9080.83,BTC-27SEP19,1559041142096,open,0.04,274.0,0.0005,0.0765,0.03536803,90.04,0.036,0.0,BTC-27SEP19-5500-P,8706.02,87.84,0.033,22.7,0.0375,0.1,91.97,9.89869,-3.65636,-4.42286,4e-05,-0.1105
9080.74,BTC-27SEP19,1559041142105,open,0.08,56.3,0.038,0.1175,0.07777061,93.01,0.0815,0.0,BTC-27SEP19-14000-C,8706.02,91.11,0.074,23.7,0.0815,23.7,94.87,18.12516,-6.91604,6.60842,7e-05,0.29572
8922.49,BTC-28JUN19,1559041142130,open,0.47,0.8,0.4155,0.533,0.47433663,102.09,2.171,0.0,BTC-28JUN19-13000-P,8705.86,0.0,0.07,1.0,0.901,1.0,499.95,5.53486,-9.15057,-10.13485,8e-05,-0.86845
9080.76,BTC-27SEP19,1559041142130,open,0.62,261.1,0.581,0.6605,0.62079007,97.17,0.52,0.0,BTC-27SEP19-3500-C,8705.86,0.0,0.161,1.0,0.6285,0.5,115.95,2.9557,-1.17828,10.77267,1e-05,0.97607
8922.49,BTC-28JUN19,1559041142130,open,0.0,849.9,0.0005,0.04,0.00018472,135.0,0.001,0.0,BTC-28JUN19-3000-P,8705.86,0.0,0.0,0.0,0.001,8.0,163.29,0.12492,-0.2731,-0.01255,0.0,-0.00148
8922.49,BTC-28JUN19,1559041142130,open,0.0,517.5,0.0005,0.041,0.00122161,126.03,0.005,0.0,BTC-28JUN19-4000-P,8705.86,112.41,0.0005,5.0,0.002,20.0,135.46,0.62124,-1.26787,-0.07598,1e-05,-0.00884
9080.76,BTC-27SEP19,1559041142131,open,0.65,0.0,0.607,0.6865,0.64688895,99.02,None,0.0,BTC-27SEP19-3250-C,8705.86,0.0,0.0075,0.1,0.952,5.0,500.0,2.39756,-0.97401,10.14031,1e-05,0.98132
9080.76,BTC-27SEP19,1559041142132,open,0.57,233.5,0.5305,0.61,0.57003404,94.96,0.58,0.0,BTC-27SEP19-4000-C,8705.86,0.0,0.1655,1.1,0.59,0.1,126.46,4.38208,-1.70712,11.87012,2e-05,0.96151
9080.76,BTC-27SEP19,1559041142131,open,0.52,289.7,0.481,0.5605,0.52091657,92.85,0.5,0.0,BTC-27SEP19-4500-C,8705.86,0.0,0.0215,4.0,0.738,5.0,299.37,6.0386,-2.30023,12.7854,2e-05,0.94258
8922.33,BTC-28JUN19,1559041142132,open,0.0,396.3,0.0005,0.0405,0.00069219,135.0,0.0005,0.0,BTC-28JUN19-3500-P,8705.86,0.0,0.0,0.0,0.0015,25.7,149.57,0.3715,-0.81216,-0.04254,0.0,-0.00494
9080.76,BTC-27SEP19,1559041142133,open,0.0,420.5,0.0005,0.0415,0.00170352,121.13,0.0035,0.0,BTC-27SEP19-2000-P,8705.86,103.64,0.0005,5.0,0.0015,5.7,118.97,0.89338,-0.44395,-0.23385,0.0,-0.00601
8922.33,BTC-28JUN19,1559041142133,open,0.0,137.0,0.0005,0.0405,0.00085052,128.97,0.0025,0.0,BTC-28JUN19-3750-P,8705.86,0.0,0.0,0.0,0.0015,20.0,139.33,0.45679,-0.95406,-0.05351,1e-05,-0.00624
8922.33,BTC-28JUN19,1559041142133,open,0.0,520.6,0.0005,0.04,3e-06,135.0,0.001,0.0,BTC-28JUN19-2000-P,8705.86,0.0,0.0,0.0,0.001,14.8,221.34,0.0034,-0.00744,-0.00026,0.0,-3e-05
8922.33,BTC-28JUN19,1559041142133,open,0.58,30.0,0.541,0.6205,0.58056244,129.09,0.298,0.0,BTC-28JUN19-3750-C,8705.86,0.0,0.0015,4.0,0.7665,3.0,500.0,0.45889,-0.95927,3.11836,1e-05,0.99373
9080.76,BTC-27SEP19,1559041142134,open,0.55,0.2,0.5055,0.585,0.54534942,94.06,0.26,0.0,BTC-27SEP19-4250-C,8705.86,0.0,0.0115,0.1,0.747,5.0,299.32,5.20212,-2.00732,12.34263,2e-05,0.95241
9080.76,BTC-27SEP19,1559041142134,open,0.01,376.8,0.0005,0.046,0.00621769,97.16,0.0065,0.0,BTC-27SEP19-3500-P,8705.86,91.4,0.0045,15.0,0.008,28.0,102.27,2.955,-1.1779,-0.91376,1e-05,-0.02392
9080.6,BTC-27SEP19,1559041142135,open,0.01,174.3,0.0005,0.0505,0.01052629,94.96,0.01,0.0,BTC-27SEP19-4000-P,8705.86,91.67,0.009,25.0,0.012,4.6,97.91,4.38217,-1.70714,-1.48617,2e-05,-0.03849
9080.6,BTC-27SEP19,1559041142135,open,0.52,0.0,0.4645,0.586,0.52500512,92.2,None,0.0,BTC-27SEP19-13000-P,8705.86,0.0,0.0065,0.1,1.2545,0.3,499.74,19.26877,-7.28861,-35.87018,8e-05,-0.65802
9080.6,BTC-27SEP19,1559041142135,open,0.78,28.2,0.7415,0.821,0.78145715,121.16,0.755,0.0,BTC-27SEP19-2000-C,8705.86,0.0,0.0075,0.1,0.964,5.0,500.0,0.89453,-0.44464,6.4439,0.0,0.99398
8705.86,index_price,1559041142132,open,0.0,280.8,0.0005,0.04,6.62e-06,134.99,0.0005,0,BTC-31MAY19-5750-P,8705.86,0.0,0.0,0.0,0.0015,10.5,235.56,0.00625,-0.0576,-0.00015,0.0,-0.00021
9080.6,BTC-27SEP19,1559041142130,open,0.05,24.6,0.0105,0.09,0.05009295,96.55,0.055,0.0,BTC-27DEC19-24000-C,8705.86,94.67,0.0465,16.4,0.055,16.4,99.03,17.62795,-3.99767,6.41391,4e-05,0.1712
8705.86,index_price,1559041142133,open,0.01,442.0,0.0005,0.044,0.00436945,114.82,0.0045,0,BTC-31MAY19-10000-C,8705.86,104.9,0.003,61.0,0.006,40.0,124.88,1.30907,-26.13475,0.06237,0.00019,0.09529
8705.86,index_price,1559041142131,open,0.0,56.5,0.0005,0.0425,0.00254319,127.66,0.0025,0,BTC-31MAY19-10500-C,8705.86,115.54,0.0015,16.5,0.0035,40.0,136.51,0.86136,-19.11973,0.03608,0.00011,0.05514
9080.6,BTC-27SEP19,1559041142133,open,0.05,69.0,0.0055,0.089,0.04735718,86.52,0.046,0.0,BTC-27DEC19-5000-P,8705.86,84.5,0.0445,20.0,0.0505,20.0,88.71,12.92944,-2.62753,-8.2651,3e-05,-0.10871
9080.74,BTC-27SEP19,1559041142118,open,0.1,22.1,0.06,0.1475,0.10373967,85.22,0.108,0.0,BTC-27DEC19-6500-P,8706.02,82.77,0.0985,20.0,0.1065,26.4,86.51,19.45523,-3.89417,-16.12288,5e-05,-0.20069
8705.86,index_price,1559041142134,open,0.0,100.7,0.0005,0.04,0.0,135.0,0.0005,0,BTC-31MAY19-3750-P,8705.86,0.0,0.0,0.0,0.005,25.0,500.0,0.0,0.0,0.0,0.0,0.0
8705.86,index_price,1559041142133,open,0.0,299.0,0.0005,0.04,1.41e-06,134.99,0.0005,0,BTC-31MAY19-5500-P,8705.86,0.0,0.0,0.0,0.002,30.0,269.84,0.00158,-0.01226,-3e-05,0.0,-5e-05
9080.6,BTC-27SEP19,1559041142138,open,0.48,4.4,0.4245,0.543,0.48376059,85.63,0.5765,0.0,BTC-27DEC19-12000-P,8705.86,79.59,0.4655,4.8,0.488,4.8,87.03,27.52966,-5.53715,-54.19414,7e-05,-0.53954
8705.86,index_price,1559041142130,open,0.0,248.5,0.0005,0.0405,0.00074417,103.89,0.0005,0,BTC-31MAY19-7250-P,8705.86,0.0,0.0,0.0,0.0015,12.0,117.2,0.39228,-6.47868,-0.01502,6e-05,-0.02115
9080.6,BTC-27SEP19,1559041142149,open,0.25,0.3,0.1995,0.299,0.24934964,85.14,0.3155,0.0,BTC-27DEC19-9000-P,8705.86,80.51,0.236,8.4,0.252,14.8,86.06,26.12245,-5.22385,-32.66172,6e-05,-0.36737
9080.6,BTC-27SEP19,1559041142178,open,1.06,0.0,0.981,1.1455,1.06317934,91.05,None,0.0,BTC-27DEC19-18000-P,8705.86,0.0,0.0055,5.0,1.9045,0.2,500.0,22.59439,-4.83188,-95.37643,5e-05,-0.73774
285.52,ETH-27SEP19,1559041142196,open,0.53,191.0,0.49,0.569,0.529176,98.48,0.5,0.0,ETH-27SEP19-140-C,269.23,0.0,0.044,1.0,0.0,0.0,0.0,0.20203,-0.08162,0.38961,0.00075,0.93785
9080.6,BTC-27SEP19,1559041142218,open,0.78,0.0,0.7435,0.823,0.78305251,101.46,None,0.0,BTC-27DEC19-2000-C,8705.86,0.0,0.0165,3.0,0.9905,0.5,500.0,1.78984,-0.42652,10.97905,0.0,0.99036
285.52,ETH-27SEP19,1559041142248,open,0.79,0.0,0.751,0.83,0.790964,117.67,0.01,0.0,ETH-27SEP19-60-C,269.23,0.0,0.003,10.0,0.0,0.0,0.0,0.02049,-0.00989,0.19527,6e-05,0.99578
269.23,index_price,1559041142476,open,0.33,100.0,0.292,0.371,0.331465,150.0,0.256,0,ETH-31MAY19-180-C,269.23,0.0,0.001,1.0,0.429,1.0,500.0,0.0008,-0.02097,0.01416,9e-05,0.999
8922.49,BTC-28JUN19,1559041142555,open,0.07,1208.8,0.026,0.1055,0.06574687,94.92,0.063,0.0,BTC-28JUN19-10000-C,8705.86,92.01,0.0625,25.6,0.0695,24.6,98.27,9.96882,-15.32343,2.46002,0.00016,0.39168
9080.63,BTC-27SEP19,1559041142592,open,0.0,28.3,0.0005,0.0445,0.00478924,99.03,0.007,0.0,BTC-27SEP19-3250-P,8705.86,91.31,0.003,15.0,0.0065,27.3,104.95,2.39775,-0.97411,-0.71171,1e-05,-0.01868
9080.6,BTC-27SEP19,1559041142608,open,0.08,175.0,0.0385,0.1245,0.08162341,85.22,0.084,0.0,BTC-27DEC19-6000-P,8705.86,82.53,0.0765,20.0,0.0845,10.0,86.71,17.41523,-3.48576,-13.21944,4e-05,-0.16799
9080.76,BTC-27SEP19,1559041142609,open,0.03,60.3,0.0005,0.0645,0.02473426,107.61,0.025,0.0,BTC-27SEP19-24000-C,8705.86,107.86,0.025,1.0,0.0255,8.0,108.33,9.55936,-4.22023,2.44201,3e-05,0.10527
8922.33,BTC-28JUN19,1559041142611,open,0.07,1208.8,0.026,0.1055,0.06574687,94.92,0.063,0.0,BTC-28JUN19-10000-C,8705.86,92.01,0.0625,35.6,0.0695,24.6,98.27,9.96852,-15.32357,2.45986,0.00016,0.39167
8705.86,index_price,1559041142644,open,0.01,180.7,0.0005,0.0465,0.0066557,111.94,0.008,0,BTC-31MAY19-9750-C,8705.86,102.97,0.005,40.0,0.0085,40.0,120.92,1.70145,-33.11683,0.08995,0.00025,0.13779
9080.6,BTC-27SEP19,1559041142682,open,0.02,134.7,0.0005,0.0655,0.02461152,89.62,0.023,0.0,BTC-27DEC19-4000-P,8705.86,86.19,0.0215,10.0,0.0275,18.0,92.66,8.45112,-1.77899,-4.57484,2e-05,-0.06177
9080.6,BTC-27SEP19,1559041142840,open,0.48,4.4,0.4245,0.543,0.48377622,85.63,0.5765,0.0,BTC-27DEC19-12000-P,8705.86,79.59,0.4655,4.8,0.4885,4.8,87.2,27.52966,-5.53715,-54.19414,7e-05,-0.53954
9080.6,BTC-27SEP19,1559041142854,open,0.48,4.4,0.4245,0.543,0.48377622,85.63,0.5765,0.0,BTC-27DEC19-12000-P,8705.86,79.76,0.466,4.8,0.4885,4.8,87.2,27.52966,-5.53715,-54.19414,7e-05,-0.53954
9080.6,BTC-27SEP19,1559041142856,open,0.57,0.0,0.5165,0.6425,0.57932742,88.41,None,0.0,BTC-27DEC19-13000-P,8705.86,79.35,0.5525,4.8,0.577,4.8,87.64,27.15089,-5.6382,-61.2297,6e-05,-0.57684
9080.6,BTC-27SEP19,1559041142857,open,0.57,0.0,0.5165,0.6425,0.57932742,88.41,None,0.0,BTC-27DEC19-13000-P,8705.86,79.52,0.553,4.8,0.577,4.8,87.64,27.15089,-5.6382,-61.2297,6e-05,-0.57684
9080.6,BTC-27SEP19,1559041142859,open,0.4,13.1,0.344,0.4555,0.39979068,85.33,0.413,0.0,BTC-27DEC19-11000-P,8705.86,79.98,0.3835,4.8,0.404,4.8,86.71,27.65191,-5.54182,-46.98656,7e-05,-0.48742
9080.6,BTC-27SEP19,1559041142862,open,0.66,0.0,0.605,0.7385,0.67165001,89.02,None,0.0,BTC-27DEC19-14000-P,8705.86,79.19,0.6435,4.8,0.6685,4.8,87.94,26.47287,-5.53512,-68.23126,6e-05,-0.61672
9080.76,BTC-27SEP19,1559041142863,open,0.1,43.8,0.062,0.1415,0.10162302,90.06,0.1015,0.0,BTC-27DEC19-16000-C,8705.86,88.53,0.0975,10.0,0.106,10.0,91.66,24.65936,-5.21616,11.33892,6e-05,0.31572
9080.6,BTC-27SEP19,1559041142865,open,0.33,80.7,0.29,0.3695,0.32955131,85.22,0.3235,0.0,BTC-27DEC19-7500-C,8705.86,83.41,0.325,5.0,0.3395,5.0,89.18,22.83872,-4.5714,21.32024,6e-05,0.73212
9080.6,BTC-27SEP19,1559041142867,open,0.31,126.1,0.264,0.3435,0.30361065,85.15,0.325,0.0,BTC-27DEC19-8000-C,8705.86,83.04,0.298,9.8,0.314,5.0,89.05,24.16747,-4.83322,20.91076,6e-05,0.69846
9080.6,BTC-27SEP19,1559041142870,open,0.25,0.3,0.1995,0.299,0.24935885,85.14,0.3155,0.0,BTC-27DEC19-9000-P,8705.86,80.51,0.236,8.4,0.252,8.4,86.06,26.12234,-5.22402,-32.66198,6e-05,-0.36737
9080.76,BTC-27SEP19,1559041142950,open,0.35,3.2,0.294,0.401,0.34745421,90.04,0.481,0.0,BTC-27SEP19-11000-P,8705.86,86.56,0.3395,4.8,0.355,4.8,93.33,20.811,-7.68713,-27.00428,8e-05,-0.54316
9080.63,BTC-27SEP19,1559041142952,open,0.43,6.1,0.3765,0.491,0.43381435,91.13,1.781,0.0,BTC-27SEP19-12000-P,8705.86,86.93,0.4245,4.8,0.4415,4.8,94.58,20.2055,-7.55453,-31.49443,8e-05,-0.60489
9080.76,BTC-27SEP19,1559041142953,open,0.27,5.7,0.218,0.319,0.26842111,89.42,0.334,0.0,BTC-27SEP19-10000-P,8705.86,86.19,0.261,4.8,0.275,4.8,92.28,20.87986,-7.65935,-22.43277,8e-05,-0.47141
9080.76,BTC-27SEP19,1559041142964,open,0.27,5.7,0.218,0.319,0.26842111,89.42,0.334,0.0,BTC-27SEP19-10000-P,8705.86,86.19,0.261,4.8,0.2755,4.8,92.49,20.87986,-7.65935,-22.43277,8e-05,-0.47141
8705.86,index_price,1559041142967,open,0.26,0.0,0.2145,0.315,0.2647035,132.66,None,0,BTC-31MAY19-11000-P,8705.86,0.0,0.254,8.0,0.2605,8.0,0.0,0.48106,-11.09613,-0.84895,6e-05,-0.97304
8705.86,index_price,1559041142985,open,0.26,12.7,0.2155,0.295,0.25541066,99.13,0.2655,0,BTC-7JUN19-6500-C,8705.86,135.9,0.262,8.0,0.2675,8.0,156.39,0.98786,-4.958,1.68202,5e-05,0.9695
8705.86,index_price,1559041142998,open,0.08,1.5,0.0355,0.121,0.07826522,107.84,0.075,0,BTC-31MAY19-9250-P,8705.86,73.92,0.069,8.0,0.075,8.0,96.69,2.59719,-48.69849,-0.54814,0.0004,-0.7209
8922.33,BTC-28JUN19,1559041143007,open,0.07,1208.8,0.026,0.1055,0.06574687,94.92,0.063,0.0,BTC-28JUN19-10000-C,8705.86,92.01,0.0625,35.6,0.0695,50.2,98.27,9.96852,-15.32357,2.45986,0.00016,0.39167
8705.86,index_price,1559041143014,open,0.22,0.0,0.1715,0.2685,0.22013103,106.62,None,0,BTC-7JUN19-10500-P,8705.86,0.0,0.202,8.0,0.209,8.0,70.85,3.5318,-19.06499,-2.4892,0.00016,-0.83664
8705.86,index_price,1559041143016,open,0.29,307.5,0.2425,0.322,0.28217926,136.91,0.3,0,BTC-31MAY19-6250-C,8705.86,191.8,0.2835,8.0,0.289,8.0,262.97,0.06325,-1.50565,0.49053,1e-05,0.99735
8705.86,index_price,1559041143017,open,0.2,0.0,0.1605,0.2565,0.20862639,127.44,None,0,BTC-31MAY19-10500-P,8705.86,0.0,0.198,8.0,0.2045,8.0,0.0,0.85722,-18.99437,-0.79139,0.00011,-0.94519
8705.86,index_price,1559041143019,open,0.03,243.3,0.0005,0.063,0.02348489,105.63,0.025,0,BTC-31MAY19-9000-C,8705.86,96.73,0.0205,32.0,0.0265,32.0,114.5,2.94044,-54.00591,0.244,0.00047,0.37923
8922.33,BTC-28JUN19,1559041143031,open,0.27,15.8,0.2235,0.3245,0.27401584,96.71,0.255,0.0,BTC-28JUN19-11000-P,8705.86,91.46,0.269,6.4,0.279,6.4,101.81,8.62856,-13.51356,-7.55461,0.00013,-0.72694
8705.86,index_price,1559041143032,open,0.14,256.6,0.1005,0.18,0.14037123,103.32,0.1505,0,BTC-31MAY19-7500-C,8705.86,118.9,0.142,8.0,0.148,8.0,157.47,0.76241,-13.69611,0.55718,0.00012,0.9527
8705.86,index_price,1559041143033,open,0.17,0.9,0.124,0.2175,0.1707392,104.96,0.148,0,BTC-7JUN19-10000-P,8705.86,61.89,0.153,8.0,0.1605,8.0,83.05,4.41991,-23.48779,-2.19974,0.00021,-0.76313
8705.86,index_price,1559041143035,open,0.12,5.0,0.082,0.1715,0.12659101,111.84,0.111,0,BTC-31MAY19-9750-P,8705.86,0.0,0.117,8.0,0.1235,8.0,94.1,1.69937,-33.04522,-0.67837,0.00025,-0.86245
8705.86,index_price,1559041143036,open,0.15,8.0,0.107,0.199,0.15301942,114.68,0.132,0,BTC-31MAY19-10000-P,8705.86,0.0,0.1435,8.0,0.1495,8.0,81.93,1.30611,-26.04373,-0.72568,0.00019,-0.905
8705.86,index_price,1559041143038,open,0.27,0.0,0.222,0.323,0.27247578,108.6,None,0,BTC-7JUN19-11000-P,8705.86,0.0,0.2535,8.0,0.261,8.0,0.0,2.71428,-14.92453,-2.73528,0.00012,-0.88877
8705.86,index_price,1559041143042,open,0.04,70.2,0.0005,0.0725,0.03274477,99.27,0.0345,0,BTC-31MAY19-8750-C,8705.86,98.56,0.0325,3.0,0.038,25.0,114.09,3.08254,-53.2057,0.31684,0.00052,0.49468
8922.33,BTC-28JUN19,1559041143040,open,0.03,510.0,0.0005,0.066,0.02627547,99.18,0.029,0.0,BTC-28JUN19-12000-C,8705.86,96.89,0.0245,25.6,0.0285,25.6,101.97,7.00994,-11.25921,1.22511,0.0001,0.1886
9080.76,BTC-27SEP19,1559041143047,open,0.32,823.2,0.2765,0.356,0.31607502,88.97,0.284,0.0,BTC-27SEP19-7000-C,8705.86,85.13,0.3095,1.6,0.323,1.6,92.97,15.6437,-5.70995,13.98624,6e-05,0.77735
8922.49,BTC-28JUN19,1559041143058,open,0.23,0.0,0.18,0.2775,0.2286716,95.65,None,0.0,BTC-28JUN19-10500-P,8705.86,90.68,0.2235,19.2,0.234,19.2,100.68,9.37209,-14.51622,-6.7998,0.00015,-0.67225
8705.86,index_price,1559041143066,open,0.12,111.6,0.0735,0.153,0.11341682,99.35,0.135,0,BTC-31MAY19-7750-C,8705.86,109.67,0.115,8.0,0.121,8.0,140.92,1.21782,-21.03716,0.5488,0.00021,0.91355
8705.86,index_price,1559041143068,open,0.2,242.4,0.157,0.2365,0.19697531,127.24,0.2,0,BTC-31MAY19-7000-C,8705.86,143.93,0.198,8.0,0.204,8.0,197.68,0.42783,-9.4653,0.53472,6e-05,0.97656
8705.86,index_price,1559041143069,open,0.09,676.5,0.049,0.1285,0.08866469,99.25,0.096,0,BTC-31MAY19-8000-C,8705.86,103.09,0.0895,8.0,0.0955,8.0,128.02,1.86257,-32.14081,0.51691,0.00031,0.84228
8705.86,index_price,1559041143071,open,0.26,299.0,0.214,0.2935,0.2536268,135.85,0.1875,0,BTC-31MAY19-6500-C,8705.86,176.31,0.255,8.0,0.2605,8.0,239.74,0.14117,-3.33458,0.50747,2e-05,0.99349
8705.86,index_price,1559041143083,open,0.23,284.8,0.1855,0.265,0.22514171,129.74,0.22,0,BTC-31MAY19-6750-C,8705.86,160.33,0.2265,8.0,0.232,8.0,216.86,0.23593,-5.32217,0.52346,3e-05,0.98831
8705.86,index_price,1559041143085,open,0.08,178.0,0.0365,0.116,0.07620072,98.33,0.079,0,BTC-7JUN19-8500-C,8705.86,99.56,0.077,24.0,0.0835,24.0,109.72,5.56531,-27.70594,1.21141,0.00028,0.5905
8705.86,index_price,1559041143107,open,0.08,1.5,0.0355,0.121,0.07826522,107.84,0.075,0,BTC-31MAY19-9250-P,8705.86,73.92,0.069,8.0,0.0755,8.0,98.44,2.59719,-48.69849,-0.54814,0.0004,-0.7209
9080.63,BTC-27SEP19,1559041143130,open,0.05,171.0,0.008,0.0915,0.04961374,89.63,0.051,0.0,BTC-27SEP19-6000-P,8704.2,87.25,0.0465,8.0,0.052,10.0,91.44,11.94805,-4.39357,-5.89455,5e-05,-0.14479
8922.37,BTC-28JUN19,1559041143130,open,0.45,691.2,0.403,0.4825,0.44259024,108.02,0.3585,0.0,BTC-28JUN19-5000-C,8704.2,0.0,0.235,0.1,0.5,10.0,245.0,1.3998,-2.44858,4.03554,2e-05,0.97727
8922.37,BTC-28JUN19,1559041143130,open,0.01,477.2,0.0005,0.0485,0.0085606,108.81,0.008,0.0,BTC-28JUN19-15000-C,8704.2,105.96,0.0075,20.0,0.01,33.0,112.38,3.44563,-6.07125,0.45611,5e-05,0.06899
8922.37,BTC-28JUN19,1559041143130,open,0.67,43.8,0.624,0.7035,0.66395572,135.32,0.6,0.0,BTC-28JUN19-3000-C,8704.2,0.0,0.0035,1.0,0.798,2.0,500.0,0.12721,-0.27876,2.52492,0.0,0.99849
8704.2,index_price,1559041143129,open,0.01,0.6,0.0005,0.0485,0.00895903,108.73,0.0095,0,BTC-7JUN19-11000-C,8704.2,103.87,0.0075,50.0,0.0105,60.0,113.5,2.71581,-14.95097,0.24114,0.00012,0.11135
8922.37,BTC-28JUN19,1559041143131,open,0.0,799.5,0.0005,0.043,0.00297238,107.97,0.0025,0.0,BTC-28JUN19-5000-P,8704.2,101.02,0.002,15.2,0.0035,20.0,111.18,1.39783,-2.44411,-0.19367,2e-05,-0.02269
8922.37,BTC-28JUN19,1559041143131,open,0.61,143.2,0.5685,0.648,0.60841811,134.96,0.56,0.0,BTC-28JUN19-3500-C,8704.2,0.0,0.1505,1.0,0.7765,3.0,500.0,0.3709,-0.8106,2.91822,0.0,0.99506
8920.71,BTC-28JUN19,1559041143132,open,0.0,453.9,0.0005,0.0445,0.0046385,100.46,0.0045,0.0,BTC-28JUN19-5500-P,8704.2,95.1,0.0035,10.0,0.006,52.0,105.99,2.04353,-3.32448,-0.30535,3e-05,-0.03583
9078.97,BTC-27SEP19,1559041143132,open,0.81,0.0,0.746,0.891,0.81846244,95.25,None,0.0,BTC-27SEP19-16000-P,8704.2,0.0,0.0065,0.1,1.567,0.2,499.51,15.74677,-6.15301,-48.29652,6e-05,-0.77468
8920.71,BTC-28JUN19,1559041143133,open,0.0,312.4,0.0005,0.042,0.00227097,111.18,0.0045,0.0,BTC-28JUN19-4750-P,8704.2,104.2,0.0015,10.0,0.003,52.0,116.52,1.11577,-2.00886,-0.14843,1e-05,-0.0174
8704.2,index_price,1559041143130,open,0.0,246.1,0.0005,0.04,0.0,134.97,0.0005,0,BTC-31MAY19-4000-P,8704.2,0.0,0.0,0.0,0.0025,20.0,446.88,0.0,0.0,0.0,0.0,0.0
9078.97,BTC-27SEP19,1559041143133,open,0.03,259.1,0.0005,0.0655,0.02476541,91.37,0.026,0.0,BTC-27SEP19-5000-P,8704.2,88.13,0.022,33.0,0.027,10.0,93.89,7.9236,-2.97027,-3.22727,3e-05,-0.08169
9078.97,BTC-27SEP19,1559041143130,open,0.54,6.6,0.4995,0.579,0.53939819,88.12,0.498,0.0,BTC-27DEC19-4500-C,8704.2,0.0,0.26,1.4,0.97,0.1,500.0,10.68196,-2.21089,19.94779,3e-05,0.91612
9078.97,BTC-27SEP19,1559041143133,open,0.17,919.3,0.1275,0.207,0.1671917,89.45,0.1725,0.0,BTC-27SEP19-10000-C,8704.2,87.62,0.163,10.0,0.173,21.7,91.97,20.87609,-7.66056,10.95294,8e-05,0.52849
8704.2,index_price,1559041143131,open,0.0,487.7,0.0005,0.04,2.593e-05,134.94,0.0005,0,BTC-31MAY19-6000-P,8704.2,0.0,0.0,0.0,0.001,11.0,201.17,0.02051,-0.22573,-0.00055,0.0,-0.00077
9078.97,BTC-27SEP19,1559041143130,open,0.07,79.0,0.0305,0.11,0.07012479,94.02,0.075,0.0,BTC-27DEC19-20000-C,8704.2,92.44,0.0665,10.0,0.0735,20.0,95.47,21.0215,-4.6423,8.43246,5e-05,0.22938
9078.97,BTC-27SEP19,1559041143129,open,0.05,192.7,0.005,0.0845,0.04488234,98.69,0.0455,0.0,BTC-27DEC19-26000-C,8704.2,95.93,0.04,18.0,0.048,10.0,100.39,16.45689,-3.81487,5.78212,3e-05,0.15408
9078.97,BTC-27SEP19,1559041143131,open,0.68,0.0,0.64,0.7195,0.6797216,93.38,None,0.0,BTC-27DEC19-3000-C,8704.2,0.0,0.0065,0.4,0.988,0.5,500.0,4.46861,-0.98005,15.47076,1e-05,0.9719
9078.97,BTC-27SEP19,1559041143129,open,2.33,0.0,2.2075,2.4745,2.34099073,102.23,None,0.0,BTC-27DEC19-30000-P,8704.2,0.0,0.0,0.0,0.0,0.0,0.0,14.43199,-3.4652,-170.18213,3e-05,-0.873
9078.97,BTC-27SEP19,1559041143130,open,0.46,56.9,0.418,0.4975,0.45757358,85.91,0.4275,0.0,BTC-27DEC19-5500-C,8704.2,0.0,0.0065,1.0,0.983,5.0,500.0,15.2378,-3.07465,21.44548,4e-05,0.86258
8704.2,index_price,1559041143132,open,0.0,390.1,0.0005,0.04,0.0,134.96,0.0005,0,BTC-31MAY19-4250-P,8704.2,0.0,0.0,0.0,0.002,30.0,400.75,0.0,0.0,0.0,0.0,0.0
8704.2,index_price,1559041143130,open,0.0,75.0,0.0005,0.041,0.00118675,133.16,0.0025,0,BTC-31MAY19-11000-C,8704.2,129.64,0.001,3.0,0.0015,10.4,138.36,0.4866,-10.32967,0.01793,6e-05,0.02734
9078.97,BTC-27SEP19,1559041143134,open,0.01,178.6,0.0005,0.0465,0.00645853,98.06,0.006,0.0,BTC-27DEC19-2500-P,8704.2,89.81,0.004,10.0,0.0085,10.0,103.65,3.07175,-0.70751,-1.29597,1e-05,-0.01802
277.8,ETH-28JUN19,1559041143139,open,0.46,0.0,0.413,0.529,0.470875,119.08,None,0.0,ETH-28JUN19-400-P,269.2,0.0,0.0,0.0,0.0,0.0,0.0,0.21895,-0.42222,-0.3011,0.00282,-0.81043
285.49,ETH-27SEP19,1559041143139,open,0.13,1644.0,0.085,0.164,0.124215,103.77,0.129,0.0,ETH-27SEP19-400-C,269.2,102.32,0.121,4.0,0.129,230.0,105.91,0.63582,-0.27067,0.25947,0.00225,0.39641
285.49,ETH-27SEP19,1559041143139,open,0.43,743.0,0.382,0.461,0.421624,98.53,0.331,0.0,ETH-27SEP19-180-C,269.2,0.0,0.23,1.0,0.5,1.0,154.96,0.36145,-0.14611,0.42094,0.00135,0.8632
277.8,ETH-28JUN19,1559041143140,open,0.5,335.0,0.459,0.538,0.498533,121.66,0.481,0.0,ETH-28JUN19-140-C,269.2,0.0,0.021,3.0,0.6,1.0,355.91,0.03454,-0.06804,0.11378,0.00043,0.98272
277.8,ETH-28JUN19,1559041143140,open,0.05,2299.0,0.009,0.088,0.048124,115.71,0.051,0.0,ETH-28JUN19-360-C,269.2,111.41,0.044,100.0,0.053,297.0,120.69,0.26892,-0.50392,0.05299,0.00356,0.27361
285.49,ETH-27SEP19,1559041143140,open,0.19,395.0,0.144,0.223,0.183407,99.21,0.195,0.0,ETH-27SEP19-320-C,269.2,96.86,0.178,249.0,0.19,219.0,102.09,0.65561,-0.26685,0.33507,0.00243,0.5349
277.77,ETH-28JUN19,1559041143140,open,0.02,4638.0,0.001,0.06,0.019772,107.28,0.016,0.0,ETH-28JUN19-200-P,269.2,100.27,0.016,229.0,0.019,96.0,105.88,0.15523,-0.26966,-0.03128,0.00222,-0.11337
269.2,index_price,1559041143139,open,0.18,0.0,0.133,0.226,0.179469,117.19,None,0,ETH-7JUN19-310-P,269.2,75.35,0.16,50.0,0.171,50.0,100.7,0.14434,-0.85638,-0.06679,0.00628,-0.73751
269.2,index_price,1559041143139,open,0.06,150.0,0.023,0.107,0.064991,116.1,0.086,0,ETH-31MAY19-280-P,269.2,69.18,0.05,150.0,0.069,50.0,127.98,0.09027,-1.82216,-0.01473,0.01362,-0.62937
269.2,index_price,1559041143139,open,0.0,328.0,0.001,0.04,0.000154,149.96,0.001,0,ETH-31MAY19-190-P,269.2,0.0,0.0,0.0,0.001,171.0,189.91,0.0026,-0.04156,-8e-05,0.0003,-0.00363
269.2,index_price,1559041143139,open,0.02,449.0,0.001,0.057,0.017222,120.33,0.021,0,ETH-7JUN19-330-C,269.2,114.98,0.015,200.0,0.019,245.0,124.43,0.11464,-0.69842,0.01158,0.00486,0.17621
269.2,index_price,1559041143139,open,0.3,95.0,0.255,0.334,0.294438,156.93,0.199,0,ETH-31MAY19-190-C,269.2,0.0,0.0,0.0,0.389,1.0,500.0,0.0035,-0.09544,0.01486,0.00039,0.99493
269.2,index_price,1559041143139,open,0.26,117.0,0.218,0.297,0.257626,152.15,0.17,0,ETH-31MAY19-200-C,269.2,0.0,0.025,12.0,0.34,2.0,500.0,0.00729,-0.19279,0.0155,0.00084,0.98832
269.2,index_price,1559041143139,open,0.0,787.0,0.001,0.04,0.000485,148.93,0.001,0,ETH-31MAY19-200-P,269.2,0.0,0.0,0.0,0.001,289.0,165.26,0.00656,-0.13052,-0.00023,0.00077,-0.01034
269.2,index_price,1559041143150,open,0.06,866.0,0.018,0.097,0.057002,107.68,0.087,0,ETH-31MAY19-260-C,269.2,92.13,0.052,150.0,0.071,40.0,149.93,0.08758,-1.63973,0.01278,0.01425,0.65969
9078.97,BTC-27SEP19,1559041143186,open,0.1,22.1,0.06,0.1475,0.10379866,85.19,0.108,0.0,BTC-27DEC19-6500-P,8704.2,82.74,0.0985,20.0,0.1065,16.4,86.48,19.45541,-3.89303,-16.12358,5e-05,-0.20076
8704.2,index_price,1559041143189,open,0.14,256.6,0.1005,0.18,0.1402163,105.04,0.1505,0,BTC-31MAY19-7500-C,8704.2,120.12,0.142,8.0,0.1475,8.0,155.51,0.79844,-14.58288,0.55513,0.00013,0.94987
8704.2,index_price,1559041143191,open,0.11,32.4,0.0705,0.15,0.11049489,98.53,0.123,0,BTC-7JUN19-8000-C,8704.2,103.77,0.1135,8.0,0.1195,8.0,114.46,4.76641,-23.777,1.44992,0.00024,0.72627
8922.37,BTC-28JUN19,1559041143193,open,0.11,77.8,0.0695,0.158,0.11354508,93.95,0.103,0.0,BTC-28JUN19-9000-P,8704.2,90.01,0.109,19.2,0.118,19.2,97.81,10.29584,-15.66399,-4.31543,0.00016,-0.45822
8704.2,index_price,1559041143202,open,0.1,15.3,0.058,0.146,0.10204229,110.53,0.0875,0,BTC-31MAY19-9500-P,8704.2,58.98,0.0925,8.0,0.098,8.0,93.82,2.16109,-41.53236,-0.61868,0.00033,-0.80029
8704.2,index_price,1559041143202,open,0.0,345.6,0.0005,0.04,0.00025158,134.92,0.0005,0,BTC-31MAY19-6500-P,8704.2,0.0,0.0,0.0,0.001,10.0,162.78,0.13605,-2.17896,-0.00445,2e-05,-0.00624
9078.97,BTC-27SEP19,1559041143205,open,1.9,0.0,1.7925,2.0245,1.90862156,98.41,None,0.0,BTC-27DEC19-26000-P,8704.2,0.0,0.0055,10.0,2.7715,0.2,500.0,16.37071,-3.78392,-145.89246,3e-05,-0.84714
9078.97,BTC-27SEP19,1559041143209,open,1.02,1.0,0.9445,1.106,1.0253703,97.77,1.5815,0.0,BTC-27SEP19-18000-P,8704.2,0.0,0.0065,0.1,1.7775,0.3,500.0,13.59479,-5.45296,-56.04014,5e-05,-0.82354
9078.97,BTC-27SEP19,1559041143210,open,0.81,0.0,0.7465,0.8915,0.81877653,95.25,None,0.0,BTC-27SEP19-16000-P,8704.2,0.0,0.0065,0.1,1.568,0.2,500.0,15.74677,-6.15301,-48.29652,6e-05,-0.77468
8922.37,BTC-28JUN19,1559041143205,open,0.18,42.9,0.1395,0.2335,0.18652101,94.92,0.3035,0.0,BTC-28JUN19-10000-P,8704.2,90.41,0.1815,19.2,0.1915,19.2,99.36,9.96858,-15.32333,-5.9992,0.00016,-0.60833
8920.71,BTC-28JUN19,1559041143212,open,0.29,501.2,0.2465,0.326,0.28627006,95.67,0.2405,0.0,BTC-28JUN19-6500-C,8704.2,87.66,0.2825,6.4,0.289,4.2,100.61,4.58092,-7.09718,4.62417,7e-05,0.89917
8704.2,index_price,1559041143214,open,0.15,8.0,0.1075,0.199,0.15322122,113.45,0.132,0,BTC-31MAY19-10000-P,8704.2,0.0,0.1435,8.0,0.15,8.0,86.19,1.27655,-25.18122,-0.72753,0.00019,-0.90787
8922.37,BTC-28JUN19,1559041143216,open,0.23,0.0,0.18,0.2775,0.22868375,95.64,None,0.0,BTC-28JUN19-10500-P,8704.2,91.16,0.224,19.2,0.234,19.2,100.67,9.37154,-14.51435,-6.80002,0.00015,-0.67229
8704.2,index_price,1559041143223,open,0.12,111.6,0.0735,0.153,0.11326422,100.33,0.135,0,BTC-31MAY19-7750-C,8704.2,110.57,0.115,8.0,0.1205,8.0,139.24,1.24178,-21.66153,0.54712,0.00021,0.91124
8704.2,index_price,1559041143226,open,0.2,242.4,0.157,0.2365,0.19682663,130.14,0.2,0,BTC-31MAY19-7000-C,8704.2,145.86,0.198,8.0,0.2035,8.0,195.15,0.46573,-10.53811,0.5329,6e-05,0.97406
9080.63,BTC-27SEP19,1559041143227,open,0.07,71.7,0.0265,0.106,0.06606303,94.27,0.075,0.0,BTC-27SEP19-15000-C,8704.2,92.07,0.062,6.4,0.071,20.5,96.88,16.95743,-6.55798,5.82419,7e-05,0.25815
8704.2,index_price,1559041143248,open,0.31,498.2,0.271,0.3505,0.31070369,159.53,0.313,0,BTC-31MAY19-6000-C,8704.2,0.0,0.3105,0.2,0.3335,0.1,403.86,0.08091,-2.24445,0.47022,1e-05,0.99651
8704.2,index_price,1559041143250,open,0.21,49.0,0.162,0.2415,0.20174154,98.89,0.2205,0,BTC-7JUN19-7000-C,8704.2,120.61,0.208,8.0,0.214,8.0,137.97,2.0816,-10.42232,1.69669,0.0001,0.92232
9078.97,BTC-27SEP19,1559041143262,open,1.26,0.0,1.1825,1.3635,1.27298643,93.85,None,0.0,BTC-27DEC19-20000-P,8704.2,0.0,0.0055,5.0,2.121,0.2,500.0,20.97979,-4.6246,-108.23358,5e-05,-0.77143
9078.97,BTC-27SEP19,1559041143264,open,1.68,0.0,1.586,1.801,1.69354139,96.32,None,0.0,BTC-27DEC19-24000-P,8704.2,0.0,0.0075,1.0,2.5545,0.2,500.0,17.55198,-3.97076,-133.59352,4e-05,-0.8299
8704.2,index_price,1559041143266,open,0.34,299.7,0.2995,0.379,0.33940603,173.08,0.3505,0,BTC-31MAY19-5750-C,8704.2,168.39,0.3395,1.0,0.376,3.0,500.0,0.06547,-1.9701,0.45104,1e-05,0.99724
8704.2,index_price,1559041143281,open,0.54,9.0,0.5005,0.58,0.54045174,299.1,0.249,0,BTC-31MAY19-4000-C,8704.2,0.0,0.015,0.2,0.575,10.0,500.0,0.02843,-1.47833,0.31433,0.0,0.9989
8704.2,index_price,1559041143290,open,0.46,42.8,0.4145,0.494,0.45428644,240.22,0.251,0,BTC-31MAY19-4750-C,8704.2,0.0,0.005,0.2,0.4775,3.0,500.0,0.04007,-1.67368,0.37306,0.0,0.9984
9080.63,BTC-27SEP19,1559041143501,open,0.07,71.7,0.0265,0.106,0.06606303,94.27,0.075,0.0,BTC-27SEP19-15000-C,8704.2,92.07,0.062,20.5,0.071,20.5,96.88,16.95743,-6.55798,5.82419,7e-05,0.25815
9078.97,BTC-27SEP19,1559041143570,open,0.26,116.9,0.2185,0.298,0.25816739,85.17,0.261,0.0,BTC-27DEC19-9000-C,8704.2,83.87,0.2545,2.1,0.269,5.0,88.92,26.11934,-5.22485,19.82057,6e-05,0.63256
9078.97,BTC-27SEP19,1559041143591,open,0.26,116.9,0.2185,0.298,0.25816739,85.17,0.261,0.0,BTC-27DEC19-9000-C,8704.2,84.22,0.2555,5.0,0.269,5.0,88.92,26.11934,-5.22485,19.82057,6e-05,0.63256
8704.2,index_price,1559041143658,open,0.02,34.3,0.0005,0.062,0.02204673,105.04,0.0235,0,BTC-7JUN19-10000-C,8704.2,100.87,0.02,42.0,0.0245,32.0,109.73,4.41774,-23.49426,0.50553,0.00021,0.23674
9078.97,BTC-27SEP19,1559041143851,open,0.14,141.9,0.0915,0.182,0.13672077,88.79,0.132,0.0,BTC-27SEP19-8000-P,8704.2,86.26,0.1315,5.0,0.14,0.1,90.45,18.44127,-6.7174,-13.46211,8e-05,-0.30744
8920.71,BTC-28JUN19,1559041143910,open,0.2,179.8,0.1595,0.239,0.19949829,94.68,0.205,0.0,BTC-28JUN19-7500-C,8704.2,89.88,0.1955,6.4,0.201,4.3,96.29,7.7093,-11.82044,4.36953,0.00012,0.77865
269.2,index_price,1559041143907,open,0.02,210.0,0.001,0.063,0.022759,107.35,0.024,0,ETH-31MAY19-260-P,269.2,89.53,0.017,241.0,0.027,121.0,120.42,0.08755,-1.63404,-0.00769,0.01428,-0.33995
8920.71,BTC-28JUN19,1559041143927,open,0.2,179.8,0.1595,0.239,0.19949829,94.68,0.205,0.0,BTC-28JUN19-7500-C,8704.2,89.88,0.1955,11.4,0.201,4.3,96.29,7.7093,-11.82044,4.36953,0.00012,0.77865
8922.37,BTC-28JUN19,1559041143955,open,0.24,956.5,0.201,0.2805,0.2407592,94.82,0.2385,0.0,BTC-28JUN19-7000-C,8704.2,89.25,0.237,6.4,0.2435,4.5,98.73,6.16752,-9.46998,4.56515,0.0001,0.84561
9078.97,BTC-27SEP19,1559041143959,open,0.31,126.1,0.264,0.3435,0.30353949,85.17,0.325,0.0,BTC-27DEC19-8000-C,8704.2,83.25,0.2985,4.8,0.314,5.0,89.08,24.16614,-4.83433,20.90294,6e-05,0.69837
8922.37,BTC-28JUN19,1559041143964,open,0.24,956.5,0.201,0.2805,0.2407592,94.82,0.2385,0.0,BTC-28JUN19-7000-C,8704.2,90.01,0.2375,5.0,0.2435,4.5,98.73,6.16752,-9.46998,4.56515,0.0001,0.84561
8920.86,BTC-28JUN19,1559041143973,open,0.15,19.1,0.1025,0.194,0.14825949,94.52,0.139,0.0,BTC-28JUN19-9500-P,8704.2,90.4,0.1435,19.2,0.1525,19.2,98.19,10.30782,-15.77787,-5.16654,0.00016,-0.53639
9080.63,BTC-27SEP19,1559041143992,open,0.32,823.2,0.2765,0.356,0.3160683,88.97,0.284,0.0,BTC-27SEP19-7000-C,8704.2,85.14,0.3095,1.6,0.3225,1.6,92.69,15.64386,-5.71012,13.98586,6e-05,0.77734
8922.37,BTC-28JUN19,1559041143996,open,0.13,8.2,0.092,0.1715,0.13154162,94.06,0.148,0.0,BTC-28JUN19-8500-C,8704.2,89.94,0.127,19.2,0.1355,24.2,97.64,9.85451,-15.01068,3.7112,0.00016,0.62326
8922.37,BTC-28JUN19,1559041144003,open,0.13,8.2,0.092,0.1715,0.13154162,94.06,0.148,0.0,BTC-28JUN19-8500-C,8704.2,90.85,0.128,5.0,0.1355,24.2,97.64,9.85451,-15.01068,3.7112,0.00016,0.62326
8920.71,BTC-28JUN19,1559041144093,open,0.01,1075.3,0.0005,0.0485,0.00857969,97.71,0.007,0.0,BTC-28JUN19-6000-P,8704.2,94.61,0.0075,5.0,0.009,3.8,98.91,3.17322,-5.02096,-0.53294,5e-05,-0.06206
8920.86,BTC-28JUN19,1559041144129,open,1.23,0.4,1.154,1.333,1.24356088,118.29,5.076,0.0,BTC-28JUN19-20000-P,8702.58,0.0,0.0,0.0,1.586,2.0,499.75,0.97317,-1.86426,-16.81851,1e-05,-0.98517
8919.24,BTC-28JUN19,1559041144129,open,0.72,24.4,0.68,0.7595,0.71978589,144.96,0.5115,0.0,BTC-28JUN19-2500-C,8702.58,0.0,0.0025,0.5,0.8215,1.0,500.0,0.05659,-0.13283,2.10947,0.0,0.99938
8919.24,BTC-28JUN19,1559041144129,open,0.57,1.3,0.518,0.644,0.58102026,104.26,2.415,0.0,BTC-28JUN19-14000-P,8702.58,0.0,0.0,0.0,0.9955,1.0,499.39,4.24437,-7.16625,-11.24265,6e-05,-0.90908
8919.24,BTC-28JUN19,1559041144129,open,0.47,0.8,0.4155,0.533,0.4743623,101.34,2.171,0.0,BTC-28JUN19-13000-P,8702.58,0.0,0.07,1.0,0.901,1.0,499.52,5.4602,-8.96056,-10.15013,8e-05,-0.87094
9079.1,BTC-27SEP19,1559041144129,open,0.03,247.8,0.0005,0.067,0.02745518,103.32,0.0275,0.0,BTC-27SEP19-22000-C,8702.58,102.48,0.0265,3.4,0.0285,20.0,104.23,10.38544,-4.4023,2.752,4e-05,0.11823
8919.24,BTC-28JUN19,1559041144130,open,0.39,143.9,0.3485,0.428,0.38810303,100.9,0.397,0.0,BTC-28JUN19-5500-C,8702.58,0.0,0.0015,3.0,0.97,1.0,500.0,2.06978,-3.38206,4.34208,3e-05,0.9636
9079.1,BTC-27SEP19,1559041144130,open,0.0,332.8,0.0005,0.0425,0.00276398,111.63,0.002,0.0,BTC-27SEP19-2500-P,8702.58,106.22,0.002,0.1,0.0035,23.0,116.02,1.41294,-0.64709,-0.3906,0.0,-0.01012
9079.1,BTC-27SEP19,1559041144131,open,0.02,135.2,0.0005,0.061,0.02050925,92.31,0.02,0.0,BTC-27SEP19-4750-P,8702.58,89.64,0.0185,10.0,0.023,38.1,95.47,6.98772,-2.64624,-2.7218,3e-05,-0.06927
9079.1,BTC-27SEP19,1559041144131,open,0.6,0.0,0.555,0.6345,0.59491607,95.45,None,0.0,BTC-27SEP19-3750-C,8702.58,0.0,0.0055,10.2,0.766,10.0,299.16,3.58251,-1.4029,11.36698,1e-05,0.96987
8919.24,BTC-28JUN19,1559041144131,open,0.68,2.8,0.6225,0.7575,0.69003019,108.11,0.6485,0.0,BTC-28JUN19-15000-P,8702.58,0.0,0.0,0.0,1.092,1.0,499.93,3.37971,-5.91689,-12.24315,5e-05,-0.93268
8702.58,index_price,1559041144128,open,0.32,0.0,0.269,0.3745,0.32166985,123.61,None,0,BTC-31MAY19-11500-P,8702.58,0.0,0.0,0.0,0.4105,1.0,500.0,0.14039,-3.01735,-0.90176,2e-05,-0.99353
8919.24,BTC-28JUN19,1559041144132,open,0.56,322.4,0.513,0.5925,0.55282889,127.04,0.451,0.0,BTC-28JUN19-4000-C,8702.58,0.0,0.0605,0.1,0.6735,0.1,436.23,0.64651,-1.33008,3.30398,1e-05,0.99074
9077.48,BTC-27SEP19,1559041144129,open,0.15,36.1,0.1095,0.2015,0.15556371,85.19,0.152,0.0,BTC-27DEC19-7500-P,8702.58,83.77,0.152,3.0,0.1575,15.0,85.96,22.83848,-4.56987,-22.42704,6e-05,-0.26805
8702.58,index_price,1559041144128,open,0.04,50.5,0.0005,0.079,0.03791858,98.96,0.0395,0,BTC-31MAY19-8750-P,8702.58,79.41,0.031,24.0,0.037,24.0,96.37,3.08115,-53.01562,-0.37373,0.00052,-0.50716
9077.48,BTC-27SEP19,1559041144129,open,0.39,63.1,0.348,0.4275,0.38785841,85.25,0.311,0.0,BTC-27DEC19-6500-C,8702.58,83.21,0.3835,1.6,0.402,1.6,91.81,19.45838,-3.89623,21.77371,5e-05,0.79914
8702.58,index_price,1559041144130,open,0.0,340.9,0.0005,0.0415,0.00186929,103.21,0.0015,0,BTC-31MAY19-7500-P,8702.58,91.59,0.001,101.0,0.0025,40.0,109.83,0.76532,-13.73442,-0.03388,0.00012,-0.04755
9077.48,BTC-27SEP19,1559041144128,open,2.11,0.0,1.998,2.2475,2.12275402,99.23,None,0.0,BTC-27DEC19-28000-P,8702.58,0.0,0.0,0.0,0.0,0.0,0.0,14.97653,-3.49043,-158.22878,3e-05,-0.86598
8702.58,index_price,1559041144129,open,0.08,1.3,0.042,0.128,0.08508376,99.92,0.069,0,BTC-7JUN19-9000-P,8702.58,79.73,0.072,2.5,0.078,24.0,89.02,5.66823,-28.6735,-1.49225,0.00028,-0.54867
9077.48,BTC-27SEP19,1559041144131,open,0.76,0.0,0.697,0.8375,0.76722489,89.63,None,0.0,BTC-27DEC19-15000-P,8702.58,0.0,0.0055,10.0,1.58,0.2,499.03,25.61604,-5.39287,-75.15114,6e-05,-0.65228
9077.48,BTC-27SEP19,1559041144130,open,1.47,0.0,1.3825,1.5805,1.48148967,94.89,None,0.0,BTC-27DEC19-22000-P,8702.58,0.0,0.0075,2.0,2.337,0.3,499.01,19.11887,-4.26112,-121.04577,4e-05,-0.8049
8702.58,index_price,1559041144130,open,0.51,9.8,0.472,0.5515,0.51172997,277.87,0.212,0,BTC-31MAY19-4250-C,8702.58,0.0,0.007,0.2,0.5245,3.0,500.0,0.03135,-1.51458,0.33394,0.0,0.99877
8702.58,index_price,1559041144129,open,0.0,566.7,0.0005,0.04,3e-08,134.96,0.0015,0,BTC-31MAY19-5000-P,8702.58,0.0,0.0,0.0,0.003,20.0,340.96,5e-05,-0.00029,0.0,0.0,0.0
9077.48,BTC-27SEP19,1559041144130,open,0.73,0.0,0.6915,0.771,0.73110123,98.2,None,0.0,BTC-27DEC19-2500-C,8702.58,0.0,0.0165,3.0,0.989,0.5,500.0,3.08453,-0.71142,13.27731,1e-05,0.98189
8702.58,index_price,1559041144129,open,0.0,52.9,0.0005,0.041,0.00143742,114.77,0.0015,0,BTC-7JUN19-6000-P,8702.58,98.54,0.0005,0.2,0.002,40.0,121.26,0.67832,-3.94141,-0.0493,3e-05,-0.0195
8702.58,index_price,1559041144130,open,0.37,529.3,0.3285,0.408,0.36812256,188.01,0.3785,0,BTC-31MAY19-5500-C,8702.58,0.0,0.368,1.0,0.404,3.0,500.0,0.05569,-1.82039,0.43166,0.0,0.9977
9077.48,BTC-27SEP19,1559041144128,open,2.33,0.0,2.208,2.475,2.34156764,102.26,None,0.0,BTC-27DEC19-30000-P,8702.58,0.0,0.0,0.0,0.0,0.0,0.0,14.43577,-3.46716,-170.18063,3e-05,-0.87292
9077.48,BTC-27SEP19,1559041144129,open,0.06,62.2,0.021,0.1055,0.06329636,85.84,0.067,0.0,BTC-27DEC19-5500-P,8702.58,83.57,0.0595,20.0,0.0665,28.0,87.74,15.23414,-3.07165,-10.62526,4e-05,-0.1374
9077.48,BTC-27SEP19,1559041144130,open,0.86,0.0,0.7895,0.938,0.86389531,89.97,None,0.0,BTC-27DEC19-16000-P,8702.58,0.0,0.0055,5.0,1.6885,0.2,499.93,24.62988,-5.20452,-81.99573,6e-05,-0.6849
8702.58,index_price,1559041144128,open,0.0,97.5,0.0005,0.04,0.00046859,135.08,0.001,0,BTC-31MAY19-11500-C,8702.58,136.2,0.0005,50.1,0.0015,10.0,159.52,0.23713,-4.07793,0.00774,3e-05,0.01176
9077.48,BTC-27SEP19,1559041144131,open,0.12,71.6,0.0755,0.155,0.11505509,89.73,0.11,0.0,BTC-27DEC19-15000-C,8702.58,87.75,0.1095,10.0,0.12,20.0,91.47,25.62757,-5.40108,12.34021,6e-05,0.34815
9077.48,BTC-27SEP19,1559041144130,open,0.42,122.6,0.381,0.4605,0.42080014,85.25,0.385,0.0,BTC-27DEC19-6000-C,8702.58,0.0,0.001,1.0,0.45,0.1,100.16,17.42035,-3.4883,21.76125,4e-05,0.83184
8702.58,index_price,1559041144131,open,0.6,0.0,0.558,0.6375,0.59789527,342.86,None,0,BTC-31MAY19-3500-C,8702.58,0.0,0.007,0.2,0.6295,9.0,500.0,0.02192,-1.30655,0.27513,0.0,0.99917
8702.58,index_price,1559041144131,open,0.43,80.9,0.386,0.4655,0.4255647,221.68,0.436,0,BTC-31MAY19-5000-C,8702.58,264.52,0.426,1.0,0.445,3.0,500.0,0.04404,-1.69756,0.39264,0.0,0.99822
9077.48,BTC-27SEP19,1559041144130,open,0.59,27.1,0.5445,0.624,0.58404838,89.69,0.542,0.0,BTC-27DEC19-4000-C,8702.58,0.0,0.0195,0.1,0.98,0.5,500.0,8.46265,-1.78269,18.74369,2e-05,0.93809
277.78,ETH-28JUN19,1559041144139,open,0.03,5186.0,0.001,0.077,0.036324,107.27,0.036,0.0,ETH-28JUN19-220-P,269.16,98.89,0.03,299.0,0.036,243.0,106.85,0.2143,-0.37228,-0.05157,0.00306,-0.18314
277.78,ETH-28JUN19,1559041144139,open,0.12,194.0,0.084,0.173,0.128479,107.26,0.127,0.0,ETH-28JUN19-280-P,269.16,103.37,0.124,200.0,0.133,171.0,111.19,0.31958,-0.55508,-0.13548,0.00456,-0.4481
277.78,ETH-28JUN19,1559041144139,open,0.03,3823.0,0.001,0.068,0.027214,107.27,0.022,0.0,ETH-28JUN19-210-P,269.16,100.79,0.023,80.0,0.027,105.0,106.95,0.18523,-0.32178,-0.04077,0.00265,-0.14628
277.78,ETH-28JUN19,1559041144140,open,0.06,5933.0,0.018,0.102,0.059856,107.27,0.059,0.0,ETH-28JUN19-240-P,269.16,101.1,0.054,80.0,0.059,222.0,106.37,0.26519,-0.46067,-0.0766,0.00379,-0.26612
277.78,ETH-28JUN19,1559041144140,open,0.01,6084.0,0.001,0.046,0.006624,109.69,0.005,0.0,ETH-28JUN19-170-P,269.16,103.33,0.005,15.0,0.008,100.0,114.47,0.07615,-0.13527,-0.01206,0.00106,-0.04469
277.78,ETH-28JUN19,1559041144140,open,0.0,7396.0,0.001,0.043,0.003432,116.98,0.002,0.0,ETH-28JUN19-150-P,269.16,106.76,0.002,339.0,0.005,570.0,125.57,0.04528,-0.08578,-0.0064,0.00059,-0.02378
269.16,index_price,1559041144139,open,0.02,426.0,0.001,0.059,0.018342,111.47,0.011,0,ETH-7JUN19-230-P,269.16,95.35,0.012,250.0,0.016,299.0,105.76,0.11257,-0.63527,-0.01381,0.00515,-0.17126
277.78,ETH-28JUN19,1559041144141,open,0.0,3083.0,0.001,0.04,0.000815,149.64,0.001,0.0,ETH-28JUN19-100-P,269.16,0.0,0.0,0.0,0.002,248.0,169.31,0.01201,-0.0291,-0.0014,0.00012,-0.00516
269.16,index_price,1559041144139,open,0.01,1215.0,0.001,0.045,0.005125,121.32,0.008,0,ETH-31MAY19-310-C,269.16,113.91,0.004,20.0,0.006,120.0,126.58,0.0432,-0.9112,0.0021,0.00624,0.10419
277.74,ETH-28JUN19,1559041144141,open,0.28,578.0,0.232,0.311,0.271275,107.48,0.264,0.0,ETH-28JUN19-210-C,269.16,96.08,0.264,80.0,0.273,120.0,110.04,0.18557,-0.32299,0.13674,0.00265,0.85329
269.16,index_price,1559041144139,open,0.05,169.0,0.014,0.098,0.056034,111.43,0.046,0,ETH-7JUN19-260-P,269.16,92.3,0.044,1.0,0.05,114.0,101.85,0.16981,-0.958,-0.03245,0.00777,-0.38953
285.45,ETH-27SEP19,1559041144142,open,0.46,31.0,0.408,0.525,0.46652,102.3,0.52,0.0,ETH-27SEP19-380-P,269.16,95.4,0.451,30.0,0.475,30.0,106.03,0.64646,-0.2713,-0.99246,0.00232,-0.57474
269.16,index_price,1559041144139,open,0.15,79.0,0.109,0.188,0.148354,118.34,0.135,0,ETH-31MAY19-230-C,269.16,86.02,0.146,50.0,0.16,50.0,189.01,0.0287,-0.5906,0.01677,0.00425,0.93935
285.45,ETH-27SEP19,1559041144142,open,0.01,7287.0,0.001,0.05,0.009967,98.48,0.015,0.0,ETH-27SEP19-120-P,269.16,88.51,0.006,150.0,0.01,10.0,98.56,0.12852,-0.05192,-0.0432,0.00048,-0.03536
269.16,index_price,1559041144139,open,0.02,421.0,0.001,0.056,0.01601,120.8,0.022,0,ETH-31MAY19-290-C,269.16,102.66,0.011,252.0,0.021,132.0,137.61,0.07757,-1.62917,0.00518,0.01125,0.26047
269.16,index_price,1559041144139,open,0.04,403.0,0.001,0.076,0.036318,117.11,0.043,0,ETH-7JUN19-300-C,269.16,113.15,0.034,2.0,0.038,100.0,119.96,0.1584,-0.93917,0.02068,0.0069,0.32032
9077.48,BTC-27SEP19,1559041144146,open,0.86,0.0,0.7895,0.938,0.86389531,89.97,None,0.0,BTC-27DEC19-16000-P,8702.58,0.0,0.0055,5.0,1.689,0.2,500.0,24.62988,-5.20452,-81.99573,6e-05,-0.6849
8919.24,BTC-28JUN19,1559041144155,open,0.57,1.3,0.518,0.644,0.58102026,104.26,2.415,0.0,BTC-28JUN19-14000-P,8702.58,0.0,0.0,0.0,0.9965,1.0,500.0,4.24437,-7.16625,-11.24265,6e-05,-0.90908
9079.1,BTC-27SEP19,1559041144157,open,0.81,0.0,0.7465,0.8915,0.81877653,95.44,None,0.0,BTC-27SEP19-16000-P,8702.58,0.0,0.0065,0.1,1.5675,0.2,500.0,15.77881,-6.17809,-48.28232,6e-05,-0.77388
9079.1,BTC-27SEP19,1559041144165,open,1.23,0.0,1.1465,1.325,1.23575943,100.04,None,0.0,BTC-27SEP19-20000-P,8702.58,0.0,0.0055,10.0,1.988,0.2,500.0,11.71681,-4.8087,-63.51306,4e-05,-0.8593
9077.48,BTC-27SEP19,1559041144173,open,1.47,0.0,1.3825,1.5805,1.48148967,94.89,None,0.0,BTC-27DEC19-22000-P,8702.58,0.0,0.0075,2.0,2.338,0.3,500.0,19.11887,-4.26112,-121.04577,4e-05,-0.8049
8702.58,index_price,1559041144174,open,0.43,80.9,0.386,0.4655,0.4255647,221.68,0.436,0,BTC-31MAY19-5000-C,8702.58,204.05,0.4255,1.0,0.445,3.0,500.0,0.04404,-1.69756,0.39264,0.0,0.99822
9077.48,BTC-27SEP19,1559041144186,open,0.76,0.0,0.697,0.838,0.76745775,89.63,None,0.0,BTC-27DEC19-15000-P,8702.58,0.0,0.0055,10.0,1.581,0.2,500.0,25.61604,-5.39287,-75.15114,6e-05,-0.65228
9077.48,BTC-27SEP19,1559041144187,open,1.26,0.0,1.1825,1.364,1.27332187,93.86,None,0.0,BTC-27DEC19-20000-P,8702.58,0.0,0.0055,5.0,2.1215,0.2,500.0,20.97607,-4.62445,-108.23552,5e-05,-0.77144
9077.48,BTC-27SEP19,1559041144189,open,1.68,0.0,1.5865,1.8015,1.69395562,96.34,None,0.0,BTC-27DEC19-24000-P,8702.58,0.0,0.0075,1.0,2.555,0.2,500.0,17.55126,-3.97143,-133.59385,4e-05,-0.82987
8702.58,index_price,1559041144203,open,0.04,70.2,0.0005,0.0725,0.03257099,99.49,0.0345,0,BTC-31MAY19-8750-C,8702.58,99.05,0.0325,3.0,0.0375,1.0,113.17,3.08118,-53.29929,0.31568,0.00052,0.49307
9077.48,BTC-27SEP19,1559041144204,open,0.15,36.1,0.1095,0.2015,0.15563299,85.19,0.152,0.0,BTC-27DEC19-7500-P,8702.58,83.97,0.1525,3.0,0.1575,15.0,85.96,22.83848,-4.56987,-22.42704,6e-05,-0.26805
8702.58,index_price,1559041144205,open,0.01,0.6,0.0005,0.0485,0.00892053,108.73,0.0095,0,BTC-7JUN19-11000-C,8702.58,103.93,0.0075,50.0,0.01,20.0,112.05,2.7118,-14.92867,0.24066,0.00012,0.11115
8702.58,index_price,1559041144215,open,0.49,20.2,0.443,0.5225,0.48291196,258.31,0.2355,0,BTC-31MAY19-4500-C,8702.58,0.0,0.0065,0.2,0.499,3.0,500.0,0.03515,-1.57847,0.35352,0.0,0.99861
8702.58,index_price,1559041144216,open,0.0,242.8,0.0005,0.0435,0.0036558,99.13,0.0035,0,BTC-31MAY19-7750-P,8702.58,90.29,0.0025,10.0,0.0045,40.0,104.98,1.21966,-21.02124,-0.06192,0.00021,-0.08667
8702.58,index_price,1559041144227,open,0.31,498.2,0.271,0.3505,0.31057552,159.14,0.313,0,BTC-31MAY19-6000-C,8702.58,0.0,0.3105,0.2,0.333,0.1,401.5,0.07981,-2.20839,0.47026,1e-05,0.99657
8702.58,index_price,1559041144285,open,0.01,112.8,0.0005,0.055,0.01451379,98.23,0.011,0,BTC-7JUN19-7500-P,8702.58,87.7,0.0105,40.0,0.0125,1.2,93.13,3.45973,-17.20693,-0.40701,0.00017,-0.15837
285.49,ETH-27SEP19,1559041144377,open,0.3,24.0,0.253,0.356,0.304249,99.2,0.408,0.0,ETH-27SEP19-320-P,269.16,94.3,0.293,30.0,0.315,30.0,103.88,0.65562,-0.26681,-0.73342,0.00243,-0.46513
8919.24,BTC-28JUN19,1559041144399,open,0.01,436.5,0.0005,0.0515,0.01190173,105.35,0.0125,0.0,BTC-28JUN19-14000-C,8702.58,102.38,0.0105,20.0,0.0135,32.0,108.53,4.34051,-7.40481,0.61722,6e-05,0.09371
269.16,index_price,1559041144450,open,0.19,0.0,0.145,0.24,0.192359,128.27,None,0,ETH-31MAY19-320-P,269.16,0.0,0.179,50.0,0.193,50.0,133.32,0.0327,-0.72938,-0.02376,0.00447,-0.92822
285.49,ETH-27SEP19,1559041144459,open,0.25,36.0,0.206,0.306,0.256223,98.6,0.345,0.0,ETH-27SEP19-300-P,269.16,94.09,0.246,40.0,0.266,40.0,102.93,0.64537,-0.26106,-0.64612,0.00241,-0.42157
269.16,index_price,1559041144474,open,0.15,0.0,0.105,0.196,0.150854,116.83,None,0,ETH-7JUN19-300-P,269.16,82.9,0.132,151.0,0.143,150.0,103.42,0.15828,-0.93622,-0.06052,0.00691,-0.68025
269.16,index_price,1559041144479,open,0.18,0.0,0.133,0.226,0.179707,117.13,None,0,ETH-7JUN19-310-P,269.16,74.93,0.16,50.0,0.172,50.0,102.45,0.1442,-0.85512,-0.06682,0.00628,-0.73791
8919.24,BTC-28JUN19,1559041144493,open,0.53,10.5,0.485,0.5645,0.52476749,117.79,0.428,0.0,BTC-28JUN19-4250-C,8702.58,0.0,0.0345,0.1,0.695,3.0,500.0,0.67747,-1.2923,3.51185,1e-05,0.99023
8919.24,BTC-28JUN19,1559041144493,open,0.03,510.0,0.0005,0.066,0.02621942,99.18,0.029,0.0,BTC-28JUN19-12000-C,8702.58,96.96,0.0245,25.6,0.028,19.0,101.42,6.9999,-11.24281,1.22262,0.0001,0.18827
285.45,ETH-27SEP19,1559041144493,open,0.46,31.0,0.408,0.525,0.466666,102.3,0.52,0.0,ETH-27SEP19-380-P,269.16,95.4,0.451,30.0,0.476,30.0,106.47,0.64646,-0.2713,-0.99246,0.00232,-0.57474
285.49,ETH-27SEP19,1559041144500,open,0.4,81.0,0.353,0.465,0.408916,100.67,0.428,0.0,ETH-27SEP19-360-P,269.16,95.07,0.396,30.0,0.42,30.0,105.54,0.65432,-0.27024,-0.90725,0.00239,-0.54291
269.16,index_price,1559041144516,open,0.18,0.0,0.133,0.226,0.179707,117.13,None,0,ETH-7JUN19-310-P,269.16,77.61,0.161,50.0,0.172,50.0,102.45,0.1442,-0.85512,-0.06682,0.00628,-0.73791
269.16,index_price,1559041144528,open,0.15,79.0,0.109,0.188,0.148236,118.34,0.135,0,ETH-31MAY19-230-C,269.16,86.02,0.146,50.0,0.159,50.0,184.2,0.0287,-0.5906,0.01677,0.00425,0.93935
269.16,index_price,1559041144534,open,0.07,77.0,0.032,0.111,0.071652,111.64,0.08,0,ETH-7JUN19-270-C,269.16,109.01,0.07,101.0,0.081,251.0,125.83,0.17613,-0.99553,0.03336,0.00805,0.52983
269.16,index_price,1559041144541,open,0.2,55.0,0.155,0.234,0.194008,111.85,0.195,0,ETH-7JUN19-220-C,269.16,123.21,0.198,50.0,0.206,50.0,143.92,0.0872,-0.49378,0.05014,0.00398,0.88262
269.16,index_price,1559041144553,open,0.12,140.0,0.075,0.154,0.114155,112.86,0.114,0,ETH-31MAY19-240-C,269.16,98.48,0.112,1.0,0.126,70.0,167.27,0.04669,-0.91609,0.01632,0.00725,0.88391
269.16,index_price,1559041144559,open,0.15,79.0,0.109,0.188,0.148236,118.34,0.135,0,ETH-31MAY19-230-C,269.16,0.0,0.145,50.0,0.159,50.0,184.2,0.0287,-0.5906,0.01677,0.00425,0.93935
285.45,ETH-27SEP19,1559041144566,open,0.46,31.0,0.408,0.525,0.466666,102.3,0.52,0.0,ETH-27SEP19-380-P,269.16,95.85,0.452,30.0,0.476,30.0,106.47,0.64646,-0.2713,-0.99246,0.00232,-0.57474
9077.7,BTC-27SEP19,1559041144573,open,0.5,57.4,0.457,0.5365,0.49659968,86.52,0.4555,0.0,BTC-27DEC19-5000-C,8702.58,0.0,0.0065,0.2,0.94,0.5,455.94,12.9325,-2.628,20.89187,3e-05,0.89121
9077.7,BTC-27SEP19,1559041144581,open,1.66,0.0,1.5615,1.7745,1.66815365,107.23,None,0.0,BTC-27SEP19-24000-P,8702.58,0.0,0.0,0.0,0.0,0.0,0.0,9.47092,-4.16653,-77.72267,3e-05,-0.89602
269.16,index_price,1559041144575,open,0.19,0.0,0.145,0.24,0.192525,128.27,None,0,ETH-31MAY19-320-P,269.16,0.0,0.179,50.0,0.194,50.0,140.48,0.0327,-0.72938,-0.02376,0.00447,-0.92822
269.16,index_price,1559041144593,open,0.12,0.0,0.079,0.168,0.123765,120.04,None,0,ETH-31MAY19-300-P,269.16,0.0,0.111,50.0,0.126,50.0,130.3,0.05984,-1.24895,-0.02028,0.00873,-0.83269
9079.1,BTC-27SEP19,1559041144606,open,0.4,13.1,0.344,0.4555,0.39993696,85.33,0.413,0.0,BTC-27DEC19-11000-P,8702.58,79.93,0.3835,4.8,0.4045,4.8,86.82,27.64754,-5.54121,-46.99194,7e-05,-0.48751
9077.48,BTC-27SEP19,1559041144608,open,0.66,0.0,0.6055,0.7385,0.67209281,88.95,None,0.0,BTC-27DEC19-14000-P,8702.58,79.02,0.6435,4.8,0.669,4.8,87.96,26.4541,-5.52711,-68.24593,6e-05,-0.61719
9079.1,BTC-27SEP19,1559041144614,open,0.15,98.6,0.108,0.1875,0.14765825,88.43,0.1465,0.0,BTC-27DEC19-13000-C,8702.58,86.52,0.142,10.0,0.1525,20.0,90.04,27.14622,-5.6386,14.58495,6e-05,0.42315
269.16,index_price,1559041144631,open,0.23,0.0,0.187,0.266,0.226362,111.98,None,0,ETH-7JUN19-210-C,269.16,129.21,0.231,50.0,0.239,50.0,153.81,0.06267,-0.35531,0.05087,0.00286,0.925
277.74,ETH-28JUN19,1559041144643,open,0.28,578.0,0.232,0.311,0.271149,107.48,0.264,0.0,ETH-28JUN19-210-C,269.16,96.08,0.264,80.0,0.272,40.0,108.56,0.18557,-0.32299,0.13674,0.00265,0.85329
9077.48,BTC-27SEP19,1559041144697,open,0.36,57.2,0.3175,0.397,0.35739935,85.25,0.301,0.0,BTC-27DEC19-7000-C,8702.58,82.91,0.352,1.6,0.3715,1.6,91.23,21.26893,-4.25862,21.61179,5e-05,0.76568
9077.48,BTC-27SEP19,1559041144699,open,0.06,62.2,0.021,0.1055,0.06332921,85.84,0.067,0.0,BTC-27DEC19-5500-P,8702.58,83.57,0.0595,20.0,0.0665,20.0,87.74,15.23414,-3.07165,-10.62526,4e-05,-0.1374
9077.48,BTC-27SEP19,1559041144701,open,0.39,63.1,0.348,0.4275,0.38779069,85.25,0.311,0.0,BTC-27DEC19-6500-C,8702.58,83.21,0.3835,1.6,0.4015,1.6,91.58,19.45838,-3.89623,21.77371,5e-05,0.79914
9077.7,BTC-27SEP19,1559041144703,open,0.31,126.1,0.2635,0.343,0.30347436,85.14,0.325,0.0,BTC-27DEC19-8000-C,8702.58,83.08,0.298,9.8,0.314,5.0,89.1,24.16605,-4.83258,20.9024,6e-05,0.69828
8702.58,index_price,1559041144707,open,0.05,751.8,0.008,0.0875,0.04759587,99.25,0.053,0,BTC-31MAY19-8500-C,8702.58,97.48,0.047,24.0,0.053,24.0,115.19,2.93578,-50.66051,0.39401,0.0005,0.62226
8702.58,index_price,1559041144728,open,0.11,32.4,0.0705,0.15,0.11038024,98.31,0.123,0,BTC-7JUN19-8000-C,8702.58,103.07,0.113,8.1,0.1195,8.0,114.66,4.76607,-23.72351,1.45005,0.00024,0.72621
8702.58,index_price,1559041144730,open,0.1,15.3,0.0585,0.146,0.10221013,110.55,0.0875,0,BTC-31MAY19-9500-P,8702.58,56.73,0.0925,8.0,0.0985,8.0,95.33,2.15747,-41.46858,-0.61902,0.00033,-0.80078
8702.58,index_price,1559041144732,open,0.05,63.2,0.011,0.0945,0.0527289,98.18,0.047,0,BTC-7JUN19-8500-P,8702.58,81.51,0.042,32.0,0.048,32.0,90.92,5.56604,-27.66745,-1.09022,0.00028,-0.41037
8919.24,BTC-28JUN19,1559041144736,open,0.29,501.2,0.2465,0.326,0.28616894,95.45,0.2405,0.0,BTC-28JUN19-6500-C,8702.58,87.89,0.2825,6.4,0.289,4.3,100.79,4.57034,-7.06471,4.62725,7e-05,0.89947
8919.24,BTC-28JUN19,1559041144737,open,0.18,42.9,0.1395,0.234,0.18680012,94.92,0.3035,0.0,BTC-28JUN19-10000-P,8702.58,90.61,0.182,19.2,0.1915,19.2,99.11,9.96154,-15.31202,-6.00291,0.00016,-0.60883
269.16,index_price,1559041144750,open,0.15,0.0,0.105,0.196,0.150854,116.83,None,0,ETH-7JUN19-300-P,269.16,82.9,0.132,150.0,0.143,150.0,103.42,0.15828,-0.93622,-0.06052,0.00691,-0.68025
9079.1,BTC-27SEP19,1559041144757,open,0.2,66.8,0.1495,0.245,0.19730436,88.77,0.196,0.0,BTC-27SEP19-9000-P,8702.58,85.98,0.191,6.4,0.204,6.4,91.83,20.16128,-7.34226,-17.86887,8e-05,-0.39222
8702.58,index_price,1559041144761,open,0.26,0.0,0.215,0.3155,0.26516994,128.64,None,0,BTC-31MAY19-11000-P,8702.58,0.0,0.254,8.0,0.261,8.0,0.0,0.42151,-9.42784,-0.8515,5e-05,-0.97696
8702.58,index_price,1559041144765,open,0.16,16.8,0.113,0.1925,0.15270039,98.64,0.161,0,BTC-7JUN19-7500-C,8702.58,111.01,0.158,8.0,0.1635,8.0,123.23,3.4716,-17.33677,1.61991,0.00017,0.8408
8702.58,index_price,1559041144766,open,0.29,307.5,0.242,0.3215,0.28190961,148.89,0.3,0,BTC-31MAY19-6250-C,8702.58,197.31,0.2835,8.0,0.2885,8.0,260.61,0.11309,-2.92754,0.48879,1e-05,0.99493
8919.24,BTC-28JUN19,1559041144768,open,0.27,15.8,0.2235,0.325,0.27436273,96.36,0.255,0.0,BTC-28JUN19-11000-P,8702.58,91.08,0.269,6.4,0.2795,6.4,101.97,8.60237,-13.42378,-7.56321,0.00013,-0.72842
8702.58,index_price,1559041144770,open,0.06,25.1,0.0155,0.0995,0.05752724,105.24,0.0545,0,BTC-31MAY19-9000-P,8702.58,76.69,0.048,24.0,0.0545,1.0,96.59,2.93429,-53.69188,-0.46643,0.00047,-0.62288
8702.58,index_price,1559041144778,open,0.02,111.0,0.0005,0.0555,0.01566349,108.05,0.016,0,BTC-31MAY19-9250-C,8702.58,98.78,0.013,34.0,0.018,32.0,115.63,2.59228,-48.70254,0.18,0.0004,0.27823
8702.58,index_price,1559041144790,open,0.17,0.9,0.1245,0.2175,0.17109142,104.62,0.148,0,BTC-7JUN19-10000-P,8702.58,62.25,0.1535,8.0,0.1605,8.0,82.16,4.40206,-23.31634,-2.20303,0.00021,-0.7647
8702.58,index_price,1559041144801,open,0.12,5.0,0.082,0.172,0.12696393,111.93,0.111,0,BTC-31MAY19-9750-P,8702.58,0.0,0.1175,8.0,0.1235,8.0,91.41,1.69355,-32.95974,-0.67881,0.00025,-0.86307
8702.58,index_price,1559041144803,open,0.27,0.0,0.222,0.3235,0.27291351,108.67,None,0,BTC-7JUN19-11000-P,8702.58,0.0,0.254,8.0,0.261,8.0,0.0,2.7092,-14.90601,-2.73588,0.00012,-0.889
8702.58,index_price,1559041144804,open,0.26,299.0,0.2135,0.293,0.25334785,135.0,0.1875,0,BTC-31MAY19-6500-C,8702.58,181.13,0.255,8.0,0.26,8.0,237.64,0.13703,-3.21636,0.50762,2e-05,0.99371
8702.58,index_price,1559041144817,open,0.09,676.5,0.0485,0.128,0.08838084,99.9,0.096,0,BTC-31MAY19-8000-C,8702.58,104.34,0.0895,8.0,0.095,8.0,127.09,1.88095,-32.67073,0.51511,0.00032,0.83981
269.16,index_price,1559041144819,open,0.09,37.0,0.051,0.13,0.090132,111.66,0.09,0,ETH-7JUN19-260-C,269.16,108.15,0.088,150.0,0.1,150.0,127.15,0.16982,-0.96001,0.03788,0.00776,0.6104
8702.58,index_price,1559041144819,open,0.01,42.3,0.0005,0.0545,0.01431351,99.07,0.011,0,BTC-31MAY19-8250-P,8702.58,81.79,0.0095,48.8,0.014,32.0,98.15,2.49271,-42.93827,-0.18628,0.00042,-0.25743
9077.7,BTC-27SEP19,1559041144830,open,0.06,42.8,0.0185,0.098,0.05828491,95.07,0.0585,0.0,BTC-27DEC19-22000-C,8702.58,93.25,0.0545,16.4,0.0635,16.4,97.49,19.16815,-4.28005,7.28665,4e-05,0.19592
285.49,ETH-27SEP19,1559041144870,open,0.35,31.0,0.302,0.409,0.355306,99.88,0.368,0.0,ETH-27SEP19-340-P,269.16,95.01,0.344,30.0,0.366,30.0,104.56,0.65807,-0.26965,-0.82064,0.00242,-0.50565
285.49,ETH-27SEP19,1559041144873,open,0.4,81.0,0.353,0.465,0.408916,100.67,0.428,0.0,ETH-27SEP19-360-P,269.16,95.51,0.397,30.0,0.42,30.0,105.54,0.65432,-0.27024,-0.90725,0.00239,-0.54291
8702.58,index_price,1559041144883,open,0.04,50.5,0.0005,0.0795,0.03801995,98.96,0.0395,0,BTC-31MAY19-8750-P,8702.58,79.41,0.031,24.0,0.0375,24.0,97.78,3.08115,-53.01562,-0.37373,0.00052,-0.50716
277.78,ETH-28JUN19,1559041144902,open,0.22,16.0,0.178,0.275,0.226528,110.63,0.219,0.0,ETH-28JUN19-320-P,269.16,107.51,0.223,120.0,0.238,120.0,120.89,0.31002,-0.55541,-0.19651,0.00429,-0.60982
269.16,index_price,1559041145002,open,0.15,0.0,0.105,0.196,0.150854,116.83,None,0,ETH-7JUN19-300-P,269.16,84.88,0.133,1.0,0.143,150.0,103.42,0.15828,-0.93622,-0.06052,0.00691,-0.68025
9077.7,BTC-27SEP19,1559041145035,open,1.06,0.0,0.9815,1.146,1.06382638,91.08,None,0.0,BTC-27DEC19-18000-P,8702.58,0.0,0.0055,5.0,1.9045,0.2,499.82,22.58663,-4.83175,-95.38088,5e-05,-0.73775
9077.7,BTC-27SEP19,1559041145066,open,0.71,0.0,0.6495,0.7865,0.71817694,94.14,None,0.0,BTC-27SEP19-15000-P,8702.58,0.0,0.0065,0.1,1.463,0.3,499.73,16.9284,-6.53827,-44.27576,7e-05,-0.74254
9077.7,BTC-27SEP19,1559041145129,open,1.44,0.0,1.353,1.5485,1.45058757,102.99,None,0.0,BTC-27SEP19-22000-P,8702.69,0.0,0.0055,10.0,0.0,0.0,0.0,10.31083,-4.35675,-70.73151,4e-05,-0.88294
8919.45,BTC-28JUN19,1559041145129,open,0.83,33.8,0.792,0.8715,0.83185487,185.42,0.7145,0.0,BTC-28JUN19-1500-C,8702.69,0.0,0.002,0.4,0.8775,2.0,500.0,0.01734,-0.05207,1.26734,0.0,0.99983
9077.7,BTC-27SEP19,1559041145130,open,0.1,122.0,0.0535,0.133,0.09335913,92.23,0.0935,0.0,BTC-27SEP19-13000-C,8702.69,90.4,0.0895,10.0,0.098,23.3,94.41,19.26005,-7.28743,7.53224,8e-05,0.34186
9077.7,BTC-27SEP19,1559041145130,open,0.48,793.5,0.4345,0.514,0.47406747,91.47,0.4755,0.0,BTC-27SEP19-5000-C,8702.69,0.0,0.1105,2.0,0.721,5.0,299.59,7.93588,-2.97813,13.45982,3e-05,0.91813
8919.45,BTC-28JUN19,1559041145130,open,0.64,0.1,0.596,0.6755,0.63599325,134.66,0.395,0.0,BTC-28JUN19-3250-C,8702.69,0.0,0.0015,1.4,0.787,2.0,500.0,0.22103,-0.482,2.72553,0.0,0.99723
9077.7,BTC-27SEP19,1559041145130,open,0.0,615.2,0.0005,0.0435,0.0036045,100.95,0.005,0.0,BTC-27SEP19-3000-P,8702.69,91.89,0.002,15.0,0.005,4.2,106.97,1.90309,-0.78815,-0.54181,1e-05,-0.01427
9077.7,BTC-27SEP19,1559041145130,open,0.04,123.3,0.003,0.0825,0.04276853,98.01,0.0505,0.0,BTC-27SEP19-18000-C,8702.69,96.14,0.04,6.4,0.046,14.9,100.13,13.63503,-5.48225,4.07852,5e-05,0.17732
8919.45,BTC-28JUN19,1559041145131,open,0.37,10.0,0.317,0.426,0.37162553,99.22,1.243,0.0,BTC-28JUN19-12000-P,8702.69,0.0,0.0005,1.0,0.808,1.0,499.72,7.00317,-11.25209,-8.92748,0.0001,-0.8116
8919.45,BTC-28JUN19,1559041145131,open,0.78,20.1,0.736,0.8155,0.77576866,0.0,0.578,0.0,BTC-28JUN19-2000-C,8702.69,0.0,0.0035,1.0,0.848,1.0,500.0,0.0,0.0,1.69182,0.0,1.0
9077.7,BTC-27SEP19,1559041145131,open,0.73,55.9,0.6875,0.767,0.72740846,111.9,0.689,0.0,BTC-27SEP19-2500-C,8702.69,0.0,0.0065,0.1,0.959,5.0,500.0,1.42695,-0.6551,7.95221,0.0,0.98976
8919.45,BTC-28JUN19,1559041145132,open,0.0,94.5,0.0005,0.04,0.00037407,135.0,0.002,0.0,BTC-28JUN19-3250-P,8702.69,0.0,0.0,0.0,0.001,5.9,151.91,0.22477,-0.49141,-0.02413,0.0,-0.00282
8702.69,index_price,1559041145129,open,0.0,440.1,0.0005,0.041,0.00104067,127.25,0.001,0,BTC-31MAY19-7000-P,8702.69,113.75,0.0005,71.2,0.0015,51.0,135.52,0.43049,-9.0566,-0.01691,6e-05,-0.02362
9077.7,BTC-27SEP19,1559041145131,open,0.0,122.6,0.0005,0.0415,0.0015074,107.04,0.0025,0.0,BTC-27DEC19-1500-P,8702.69,101.3,0.001,1.0,0.002,31.5,111.48,0.91455,-0.22992,-0.31864,0.0,-0.00451
8919.45,BTC-28JUN19,1559041145132,open,0.57,1.3,0.5185,0.6445,0.58154219,105.42,2.415,0.0,BTC-28JUN19-14000-P,8702.69,0.0,0.0,0.0,0.9965,1.0,500.0,4.34739,-7.42161,-11.22428,6e-05,-0.90609
8919.45,BTC-28JUN19,1559041145133,open,0.0,685.1,0.0005,0.04,3.269e-05,135.0,0.001,0.0,BTC-28JUN19-2500-P,8702.69,0.0,0.0,0.0,0.001,10.0,189.2,0.02829,-0.06185,-0.00248,0.0,-0.0003
8702.69,index_price,1559041145131,open,0.4,115.7,0.357,0.4365,0.39673087,0.0,0.4085,0,BTC-31MAY19-5250-C,8702.69,223.19,0.397,1.0,0.4325,3.0,500.0,0.0,0.0,0.41363,0.0,1.0
9077.7,BTC-27SEP19,1559041145129,open,2.33,0.0,2.2085,2.4755,2.34209521,102.64,None,0.0,BTC-27DEC19-30000-P,8702.69,0.0,0.0,0.0,0.0,0.0,0.0,14.55365,-3.50844,-170.13372,3e-05,-0.87143
8919.56,BTC-28JUN19,1559041145134,open,0.0,1396.0,0.0005,0.04,9e-08,135.0,0.001,0.0,BTC-28JUN19-1500-P,8702.69,0.0,0.0,0.0,0.0005,90.1,242.23,0.00014,-0.0003,-1e-05,0.0,0.0
9077.7,BTC-27SEP19,1559041145130,open,0.19,294.6,0.1485,0.228,0.18836313,85.34,0.19,0.0,BTC-27DEC19-11000-C,8702.69,85.06,0.1875,10.0,0.1995,20.0,89.0,27.6434,-5.54117,17.15729,7e-05,0.51243
9077.81,BTC-27SEP19,1559041145132,open,0.03,86.2,0.0005,0.076,0.03499435,88.06,0.039,0.0,BTC-27DEC19-4500-P,8702.69,85.48,0.032,10.0,0.038,18.0,90.58,10.67637,-2.20824,-6.29111,3e-05,-0.08383
9077.81,BTC-27SEP19,1559041145129,open,0.84,0.0,0.7965,0.876,0.83626331,106.98,None,0.0,BTC-27DEC19-1500-C,8702.69,0.0,0.022,10.0,0.992,0.5,500.0,0.91216,-0.22919,8.43069,0.0,0.9955
8702.69,index_price,1559041145130,open,0.17,169.2,0.128,0.2075,0.16766659,103.67,0.18,0,BTC-31MAY19-7250-C,8702.69,135.46,0.17,8.0,0.1755,8.0,176.44,0.39205,-7.06695,0.55619,6e-05,0.97886
269.16,index_price,1559041145126,open,0.04,403.0,0.001,0.076,0.036276,117.11,0.043,0,ETH-7JUN19-300-C,269.16,113.15,0.034,2.0,0.038,101.0,119.96,0.1584,-0.93917,0.02068,0.0069,0.32032
9077.81,BTC-27SEP19,1559041145130,open,0.63,4.0,0.591,0.6705,0.63092458,91.48,0.59,0.0,BTC-27DEC19-3500-C,8702.69,0.0,0.0065,1.1,0.996,1.0,500.0,6.37089,-1.36884,17.24751,1e-05,0.9567
8702.69,index_price,1559041145129,open,0.32,8.4,0.272,0.3515,0.31199055,114.71,0.25,0,BTC-7JUN19-6000-C,8702.69,0.0,0.0005,2.0,0.0,0.0,0.0,0.67688,-3.93103,1.57423,3e-05,0.98055
9077.81,BTC-27SEP19,1559041145130,open,0.0,85.9,0.0005,0.043,0.00330438,101.45,0.0025,0.0,BTC-27DEC19-2000-P,8702.69,85.25,0.001,19.0,0.0055,10.0,110.94,1.79034,-0.4266,-0.68561,0.0,-0.00965
9077.81,BTC-27SEP19,1559041145129,open,0.01,100.6,0.0005,0.0505,0.01010929,93.27,0.018,0.0,BTC-27DEC19-3000-P,8702.69,88.72,0.008,20.0,0.012,10.0,96.96,4.45818,-0.97668,-2.01922,1e-05,-0.02803
8702.69,index_price,1559041145130,open,0.0,101.4,0.0005,0.04,0.0,135.0,0.0005,0,BTC-31MAY19-3500-P,8702.69,0.0,0.0,0.0,0.002,10.1,498.71,0.0,0.0,0.0,0.0,0.0
8702.69,index_price,1559041145135,open,0.0,308.5,0.0005,0.04,0.0,135.0,0.0005,0,BTC-31MAY19-4750-P,8702.69,0.0,0.0,0.0,0.0025,20.0,357.2,1e-05,-3e-05,0.0,0.0,0.0
9077.81,BTC-27SEP19,1559041145131,open,0.04,0.0,0.0005,0.0785,0.03868811,99.52,None,0.0,BTC-27DEC19-28000-C,8702.69,97.87,0.036,1.0,0.043,8.0,102.05,15.06949,-3.52251,5.11121,3e-05,0.13523
8702.69,index_price,1559041145133,open,0.0,154.1,0.0005,0.0405,0.00048615,129.75,0.0015,0,BTC-31MAY19-6750-P,8702.69,0.0,0.0,0.0,0.001,11.0,144.33,0.2376,-4.23083,-0.00842,3e-05,-0.01179
8702.69,index_price,1559041145130,open,0.57,0.0,0.5295,0.609,0.5690933,0.0,None,0,BTC-31MAY19-3750-C,8702.69,0.0,0.0055,0.1,0.605,10.0,500.0,0.0,0.0,0.29545,0.0,1.0
8702.69,index_price,1559041145130,open,0.0,633.8,0.0005,0.04,0.0,135.0,0.0005,0,BTC-31MAY19-4500-P,8702.69,0.0,0.0,0.0,0.001,12.0,335.76,0.0,0.0,0.0,0.0,0.0
277.75,ETH-28JUN19,1559041145140,open,0.09,2549.0,0.048,0.134,0.09068,107.25,0.09,0.0,ETH-28JUN19-260-P,269.15,102.01,0.085,80.0,0.092,109.0,108.46,0.30121,-0.52313,-0.10508,0.0043,-0.35656
269.15,index_price,1559041145140,open,0.0,756.0,0.001,0.042,0.002746,117.2,0.008,0,ETH-31MAY19-230-P,269.15,95.94,0.001,139.0,0.004,107.0,128.09,0.0281,-0.57257,-0.00131,0.0042,-0.05903
9077.81,BTC-27SEP19,1559041145170,open,0.86,0.0,0.79,0.9385,0.86414952,90.08,None,0.0,BTC-27DEC19-16000-P,8702.69,0.0,0.0055,5.0,1.6885,0.2,500.0,24.64898,-5.21518,-81.98324,6e-05,-0.68435
8919.45,BTC-28JUN19,1559041145171,open,1.23,0.4,1.1545,1.3335,1.24393767,118.52,5.076,0.0,BTC-28JUN19-20000-P,8702.69,0.0,0.0,0.0,1.587,2.0,500.0,0.98212,-1.88497,-16.81748,1e-05,-0.98501
269.15,index_price,1559041145161,open,0.04,46.0,0.001,0.082,0.040509,111.51,0.029,0,ETH-7JUN19-250-P,269.15,91.35,0.029,200.0,0.036,540.0,103.7,0.15632,-0.88257,-0.02557,0.00715,-0.31062
9077.7,BTC-27SEP19,1559041145179,open,0.81,0.0,0.7465,0.8915,0.81875387,95.28,None,0.0,BTC-27SEP19-16000-P,8702.69,0.0,0.0065,0.1,1.568,0.2,500.0,15.74797,-6.15603,-48.29598,6e-05,-0.7746
269.15,index_price,1559041145181,open,0.05,131.0,0.006,0.085,0.045206,114.49,0.042,0,ETH-7JUN19-290-C,269.15,109.36,0.042,118.0,0.048,122.0,118.93,0.16875,-0.97812,0.02448,0.00752,0.38131
9077.81,BTC-27SEP19,1559041145191,open,0.67,226.1,0.6335,0.713,0.67312704,100.94,0.585,0.0,BTC-27SEP19-3000-C,8702.69,0.0,0.0065,0.1,0.954,5.0,500.0,1.90269,-0.78794,9.47551,1e-05,0.98573
269.15,index_price,1559041145195,open,0.0,756.0,0.001,0.042,0.002746,117.2,0.008,0,ETH-31MAY19-230-P,269.15,95.94,0.001,139.0,0.004,106.0,128.09,0.0281,-0.57257,-0.00131,0.0042,-0.05903
9077.81,BTC-27SEP19,1559041145199,open,0.52,0.0,0.4645,0.586,0.5253874,92.13,None,0.0,BTC-27SEP19-13000-P,8702.69,0.0,0.0065,0.1,1.2555,0.3,500.0,19.25266,-7.27694,-35.88008,8e-05,-0.6585
269.15,index_price,1559041145204,open,0.06,349.0,0.017,0.096,0.056295,111.8,0.055,0,ETH-7JUN19-280-C,269.15,108.27,0.054,259.0,0.061,105.0,119.01,0.17529,-0.99218,0.02875,0.008,0.45107
269.15,index_price,1559041145215,open,0.03,715.0,0.001,0.064,0.024898,116.37,0.032,0,ETH-31MAY19-280-C,269.15,104.65,0.021,117.0,0.029,117.0,128.52,0.09023,-1.82556,0.00732,0.01359,0.37033
269.15,index_price,1559041145220,open,0.0,1.0,0.001,0.042,0.002401,118.43,0.006,0,ETH-7JUN19-190-P,269.15,102.43,0.001,114.0,0.004,318.0,130.78,0.02988,-0.17915,-0.00234,0.00129,-0.02971
285.45,ETH-27SEP19,1559041145239,open,0.0,3443.0,0.001,0.044,0.004735,100.72,0.005,0.0,ETH-27SEP19-100-P,269.15,93.08,0.003,150.0,0.006,97.0,105.3,0.07359,-0.03041,-0.02183,0.00027,-0.01816
269.15,index_price,1559041145242,open,0.01,399.0,0.001,0.052,0.011556,107.44,0.012,0,ETH-31MAY19-250-P,269.15,92.68,0.008,238.0,0.012,89.0,109.19,0.068,-1.27033,-0.00461,0.01109,-0.20564
269.15,index_price,1559041145262,open,0.01,399.0,0.001,0.052,0.011556,107.44,0.012,0,ETH-31MAY19-250-P,269.15,92.68,0.008,238.0,0.012,88.0,109.19,0.068,-1.27033,-0.00461,0.01109,-0.20564
269.15,index_price,1559041145305,open,0.03,7.0,0.001,0.067,0.027976,117.4,0.036,0,ETH-7JUN19-310-C,269.15,109.85,0.024,200.0,0.031,252.0,122.97,0.14435,-0.85799,0.01709,0.00627,0.26265
269.15,index_price,1559041145415,open,0.02,0.0,0.001,0.053,0.013548,121.97,None,0,ETH-7JUN19-340-C,269.15,114.84,0.011,250.0,0.016,267.0,128.34,0.10023,-0.61898,0.00947,0.00419,0.14357
8919.56,BTC-28JUN19,1559041145592,open,0.5,219.5,0.4575,0.537,0.49700323,112.36,0.5,0.0,BTC-28JUN19-4500-C,8702.69,0.0,0.2005,0.1,0.54,1.0,246.65,0.81066,-1.4751,3.70459,1e-05,0.98799
9077.7,BTC-27SEP19,1559041146031,open,0.06,65.1,0.0165,0.096,0.05643866,95.42,0.0655,0.0,BTC-27SEP19-16000-C,8702.69,93.43,0.053,20.8,0.061,20.8,98.02,15.77055,-6.17386,5.13899,6e-05,0.22598
9077.7,BTC-27SEP19,1559041146062,open,0.39,719.4,0.349,0.4285,0.38871859,89.69,0.397,0.0,BTC-27SEP19-6000-C,8702.69,83.65,0.381,5.2,0.397,5.2,95.81,11.95638,-4.39941,14.1309,5e-05,0.85499
9077.7,BTC-27SEP19,1559041146073,open,0.39,719.4,0.349,0.4285,0.38871859,89.69,0.397,0.0,BTC-27SEP19-6000-C,8702.69,83.65,0.381,5.2,0.397,5.1,95.81,11.95638,-4.39941,14.1309,5e-05,0.85499
9077.81,BTC-27SEP19,1559041146093,open,0.02,135.2,0.0005,0.061,0.02053727,92.31,0.02,0.0,BTC-27SEP19-4750-P,8702.69,89.63,0.0185,10.0,0.023,38.0,95.45,6.98982,-2.64713,-2.72308,3e-05,-0.06931
9077.81,BTC-27SEP19,1559041146127,open,0.02,97.2,0.0005,0.057,0.0164906,92.83,0.0255,0.0,BTC-27SEP19-4500-P,8702.69,89.77,0.0145,25.0,0.0185,4.8,95.79,6.0402,-2.30033,-2.24126,2e-05,-0.05746
9078.02,BTC-27SEP19,1559041146130,open,0.84,42.8,0.7955,0.875,0.83538269,126.15,0.815,0.0,BTC-27SEP19-1500-C,8702.37,0.0,0.0055,10.0,0.97,3.0,500.0,0.37701,-0.19512,4.92028,0.0,0.9977
8919.75,BTC-28JUN19,1559041146132,open,0.47,97.0,0.43,0.5095,0.46973326,111.07,0.1965,0.0,BTC-28JUN19-4750-C,8702.37,0.0,0.122,1.1,0.6725,2.0,500.0,1.11228,-2.00061,3.8702,1e-05,0.98266
9078.02,BTC-27SEP19,1559041146132,open,0.14,530.9,0.096,0.1755,0.13599371,90.03,0.1365,0.0,BTC-27SEP19-11000-C,8702.37,88.29,0.132,10.0,0.1405,22.3,92.0,20.80338,-7.68415,9.71838,8e-05,0.4566
8919.43,BTC-28JUN19,1559041146134,open,0.0,259.1,0.0005,0.041,0.00126522,117.79,0.0015,0.0,BTC-28JUN19-4250-P,8702.37,104.45,0.0005,30.0,0.002,52.0,126.07,0.67738,-1.29211,-0.08325,1e-05,-0.00977
9077.7,BTC-27SEP19,1559041146135,open,0.5,13.5,0.4575,0.537,0.49727807,92.33,0.382,0.0,BTC-27SEP19-4750-C,8702.37,0.0,0.0115,0.1,0.729,5.0,299.18,6.99174,-2.64833,13.13628,3e-05,0.93066
9077.7,BTC-27SEP19,1559041146135,open,0.43,231.1,0.39,0.4695,0.42953785,90.03,0.3795,0.0,BTC-27SEP19-5500-C,8702.37,0.0,0.005,1.0,0.459,3.0,114.7,9.90311,-3.65791,13.93834,4e-05,0.88938
8919.43,BTC-28JUN19,1559041146137,open,0.0,1062.2,0.0005,0.0415,0.00199891,121.51,0.002,0.0,BTC-28JUN19-20000-C,8702.37,117.14,0.0015,77.9,0.0025,10.0,125.19,1.12125,-2.20622,0.11697,1e-05,0.0175
9077.7,BTC-27SEP19,1559041146130,open,0.04,14.0,0.0005,0.077,0.0372167,102.59,0.039,0.0,BTC-27DEC19-30000-C,8702.37,102.14,0.0365,5.0,0.039,8.0,103.69,14.53892,-3.50325,4.82674,3e-05,0.12839
8702.37,index_price,1559041146130,open,0.12,14.6,0.0815,0.171,0.12635308,104.17,0.099,0,BTC-7JUN19-9500-P,8702.37,73.64,0.109,24.0,0.116,24.0,86.43,5.21496,-27.50316,-1.8633,0.00024,-0.665
285.45,ETH-27SEP19,1559041146140,open,1.15,0.0,1.078,1.25,1.163904,115.25,None,0.0,ETH-27SEP19-600-P,269.17,0.0,0.0,0.0,0.0,0.0,0.0,0.48452,-0.22909,-1.85569,0.00155,-0.78303
285.45,ETH-27SEP19,1559041146140,open,0.07,2717.0,0.033,0.118,0.075452,98.5,0.07,0.0,ETH-27SEP19-200-P,269.17,92.9,0.067,174.0,0.078,286.0,100.16,0.43509,-0.17581,-0.24492,0.00162,-0.18151
269.17,index_price,1559041146141,open,0.04,837.0,0.001,0.076,0.03634,106.8,0.037,0,ETH-31MAY19-270-C,269.17,94.54,0.032,100.0,0.044,150.0,128.43,0.0953,-1.76971,0.00996,0.01563,0.50595
269.17,index_price,1559041146140,open,0.26,0.0,0.215,0.315,0.26459,137.31,None,0,ETH-31MAY19-340-P,269.17,0.0,0.0,0.0,0.336,3.0,438.02,0.01704,-0.40677,-0.02614,0.00217,-0.96825
277.77,ETH-28JUN19,1559041146142,open,0.01,6603.0,0.001,0.052,0.012829,129.76,0.017,0.0,ETH-28JUN19-500-C,269.17,123.13,0.01,450.0,0.015,150.0,134.34,0.12629,-0.26536,0.01708,0.00149,0.08552
269.17,index_price,1559041146140,open,0.14,38.0,0.097,0.176,0.136299,111.44,0.148,0,ETH-7JUN19-240-C,269.17,114.78,0.138,50.0,0.147,50.0,131.92,0.13656,-0.77049,0.04567,0.00625,0.76343
269.17,index_price,1559041146140,open,0.24,10.0,0.194,0.292,0.243257,120.47,0.212,0,ETH-7JUN19-330-P,269.17,0.0,0.0,0.0,0.0,0.0,0.0,0.11471,-0.69969,-0.0777,0.00486,-0.82359
285.47,ETH-27SEP19,1559041146142,open,0.0,174.0,0.001,0.041,0.001115,117.77,0.002,0.0,ETH-27SEP19-60-P,269.17,0.0,0.0,0.0,0.002,112.0,127.75,0.02059,-0.00995,-0.00511,6e-05,-0.00424
269.17,index_price,1559041146140,open,0.31,0.0,0.259,0.363,0.311058,123.78,None,0,ETH-7JUN19-350-P,269.17,0.0,0.0,0.0,0.0,0.0,0.0,0.08723,-0.54663,-0.08693,0.00359,-0.88257
277.77,ETH-28JUN19,1559041146142,open,0.61,10.0,0.565,0.644,0.604953,139.46,0.265,0.0,ETH-28JUN19-110-C,269.17,0.0,0.027,1.0,0.0,0.0,0.0,0.01464,-0.03307,0.09131,0.00016,0.99355
277.77,ETH-28JUN19,1559041146142,open,0.47,481.0,0.424,0.503,0.463383,116.77,0.385,0.0,ETH-28JUN19-150-C,269.17,0.0,0.021,4.0,0.5,200.0,218.66,0.04502,-0.08513,0.12054,0.00059,0.97638
269.17,index_price,1559041146140,open,0.07,6.0,0.032,0.117,0.074793,111.6,0.067,0,ETH-7JUN19-270-P,269.17,89.01,0.06,150.0,0.07,101.0,104.27,0.17614,-0.99518,-0.03968,0.00805,-0.4701
269.17,index_price,1559041146140,open,0.0,270.0,0.001,0.043,0.003526,111.68,0.009,0,ETH-7JUN19-200-P,269.17,100.09,0.002,101.0,0.005,200.0,120.47,0.04103,-0.23198,-0.00344,0.00187,-0.04375
269.17,index_price,1559041146140,open,0.22,0.0,0.18,0.277,0.228368,134.52,None,0,ETH-31MAY19-330-P,269.17,0.0,0.0,0.0,0.294,2.0,398.21,0.02457,-0.57463,-0.02499,0.0032,-0.95019
269.17,index_price,1559041146140,open,0.19,1.0,0.145,0.224,0.184296,128.98,0.113,0,ETH-31MAY19-220-C,269.17,0.0,0.181,50.0,0.195,50.0,212.15,0.01822,-0.40856,0.01657,0.00247,0.96556
269.17,index_price,1559041146141,open,0.0,1139.0,0.001,0.04,0.000927,139.78,0.002,0,ETH-31MAY19-210-P,269.17,0.0,0.0,0.0,0.002,173.0,159.47,0.01136,-0.24961,-0.00043,0.00142,-0.01957
269.17,index_price,1559041146140,open,0.09,0.0,0.05,0.137,0.093431,120.89,None,0,ETH-31MAY19-290-P,269.17,46.66,0.078,50.0,0.095,30.0,126.27,0.07761,-1.63137,-0.01766,0.01125,-0.73924
9077.7,BTC-27SEP19,1559041146148,open,0.86,0.0,0.79,0.9385,0.86409328,90.05,None,0.0,BTC-27DEC19-16000-P,8702.37,0.0,0.0055,5.0,1.689,0.2,500.0,24.64424,-5.21258,-81.98634,6e-05,-0.68448
285.47,ETH-27SEP19,1559041146193,open,0.06,689.0,0.023,0.102,0.062034,115.29,0.063,0.0,ETH-27SEP19-600-C,269.17,112.88,0.058,15.0,0.067,146.0,118.17,0.48477,-0.22928,0.14785,0.00155,0.21714
285.47,ETH-27SEP19,1559041146196,open,0.09,1228.0,0.048,0.127,0.087706,107.27,0.093,0.0,ETH-27SEP19-480-C,269.17,106.42,0.086,17.0,0.091,100.0,108.91,0.57234,-0.25187,0.20103,0.00196,0.29861
285.45,ETH-27SEP19,1559041146208,open,0.07,2717.0,0.033,0.118,0.075452,98.5,0.07,0.0,ETH-27SEP19-200-P,269.17,92.9,0.067,174.0,0.078,285.0,100.16,0.43509,-0.17581,-0.24492,0.00162,-0.18151
285.45,ETH-27SEP19,1559041146212,open,0.07,24.0,0.03,0.109,0.069884,113.35,0.068,0.0,ETH-27SEP19-560-C,269.17,110.03,0.064,40.0,0.076,144.0,116.69,0.51455,-0.23927,0.1636,0.00167,0.24153
285.47,ETH-27SEP19,1559041146236,open,0.15,1101.0,0.108,0.187,0.147882,100.71,0.146,0.0,ETH-27SEP19-360-C,269.17,99.01,0.144,225.0,0.154,100.0,103.37,0.65428,-0.27032,0.29478,0.00239,0.45713
9077.7,BTC-27SEP19,1559041146259,open,0.66,0.0,0.6055,0.7385,0.67206153,89.02,None,0.0,BTC-27DEC19-14000-P,8702.37,79.21,0.644,4.8,0.669,4.8,87.97,26.46084,-5.53269,-68.24066,6e-05,-0.6169
269.17,index_price,1559041146268,open,0.03,169.0,0.001,0.069,0.027995,111.57,0.024,0,ETH-7JUN19-240-P,269.17,93.17,0.019,337.0,0.024,182.0,103.58,0.13662,-0.77174,-0.01928,0.00625,-0.23676
9078.02,BTC-27SEP19,1559041146267,open,0.11,517.7,0.0725,0.152,0.11225425,91.14,0.113,0.0,BTC-27SEP19-12000-C,8702.37,89.45,0.1085,10.0,0.117,22.8,93.27,20.19687,-7.5515,8.568,8e-05,0.3949
