underlying_price,underlying_index,timestamp,state,settlement_price,open_interest,min_price,max_price,mark_price,mark_iv,last_price,interest_rate,instrument_name,index_price,bid_iv,best_bid_price,best_bid_amount,best_ask_price,best_ask_amount,ask_iv,vega,theta,rho,gamma,delta
5051.84,BTC-27SEP19,1555412339705,open,0.38,0.0,0.37215263,0.40525353,0.38283883,63.54,None,0.0,BTC-27SEP19-3250-C,5058.55,0.0,0.0005,0.3,0.0,0.0,0.0,6.1911,-1.20025,11.59732,9e-05,0.89415
5048.2,BTC-28JUN19,1555412339713,open,0.41,43.8,0.40630427,0.41236397,0.4109612,71.33,0.433,0.0,BTC-28JUN19-3000-C,5058.55,0.0,0.0005,0.3,0.0,0.0,0.0,1.80585,-0.88373,5.56868,5e-05,0.96345
5048.2,BTC-28JUN19,1555412339715,open,0.1,196.3,0.08382786,0.12771683,0.09779967,57.94,0.0985,0.0,BTC-28JUN19-5000-P,5058.55,56.35,0.095,5.0,0.1,7.2,59.19,8.87506,-3.52803,-5.35891,0.0003,-0.43388
5048.2,BTC-28JUN19,1555412339715,open,0.01,919.7,0.0005755,0.0066352,0.00522654,71.31,0.006,0.0,BTC-28JUN19-3000-P,5058.55,67.63,0.004,19.9,0.0065,32.0,74.67,1.80474,-0.88299,-0.42077,5e-05,-0.03652
5051.84,BTC-27SEP19,1555412339727,open,1.78,0.0,1.77291579,1.89569509,1.79418866,75.67,None,0.0,BTC-27DEC19-14000-P,5058.55,0.0,0.0,0.0,0.0,0.0,0.0,7.27372,-1.07975,-95.12898,5e-05,-0.90248
5058.55,index_price,1555412339738,open,0.02,92.5,0.01668566,0.05688774,0.02392056,57.21,0.026,0,BTC-31MAY19-6000-C,5058.55,55.86,0.0225,5.0,0.0255,1.7,58.7,5.3394,-3.4037,1.2598,0.0003,0.22648
5058.55,index_price,1555412339738,open,0.01,14.5,0.00421408,0.03027166,0.01117784,62.64,0.0105,0,BTC-31MAY19-6750-C,5058.55,61.62,0.0105,0.7,0.0125,27.0,64.54,3.42939,-2.39332,0.64178,0.00017,0.11437
5058.55,index_price,1555412339763,open,0.13,8.3,0.13671618,0.14213093,0.13757725,77.43,0.13,0,BTC-19APR19-5750-P,5058.55,0.0,0.001,0.3,0.22,4.2,375.64,0.33576,-4.52005,-0.43997,0.00022,-0.96637
5051.84,BTC-27SEP19,1555412339765,open,0.11,47.3,0.07858902,0.30818409,0.11305027,60.87,0.115,0.0,BTC-27DEC19-6500-C,5058.55,59.31,0.108,20.0,0.122,20.0,63.62,16.35854,-1.95339,10.28839,0.00015,0.4047
5058.55,index_price,1555412339773,open,0.21,0.0,0.20279631,0.24299838,0.21003123,57.21,None,0,BTC-31MAY19-6000-P,5058.55,0.0,0.0005,0.3,0.0,0.0,0.0,5.3394,-3.4037,-6.11703,0.0003,-0.77352
5058.55,index_price,1555412339787,open,0.36,25.7,0.3575234,0.35754703,0.35757051,90.0,0.351,0,BTC-26APR19-3250-C,5058.55,0.0,0.155,1.0,0.0,0.0,0.0,0.03051,-0.13901,0.87778,0.0,0.9989
5051.84,BTC-27SEP19,1555412339787,open,0.61,0.0,0.60530473,0.6602158,0.61530002,74.22,None,0.0,BTC-27DEC19-2000-C,5058.55,0.0,0.0,0.0,0.0,0.0,0.0,3.30779,-0.48159,12.315,3e-05,0.9644
5058.55,index_price,1555412339787,open,0.0,116.0,0.00180198,0.01789603,0.00248027,54.39,0.004,0,BTC-19APR19-5375-C,5058.55,47.8,0.0015,24.0,0.004,23.7,62.64,0.83776,-7.92191,0.04238,0.00076,0.10882
5048.2,BTC-28JUN19,1555412339792,open,0.36,0.1,0.35701378,0.36517105,0.36349781,66.65,0.395,0.0,BTC-28JUN19-3250-C,5058.55,0.0,0.0005,0.4,0.0,0.0,0.0,2.393,-1.09428,5.8933,7e-05,0.9482
5058.55,index_price,1555412339792,open,0.0,1123.2,0.0,2.39e-06,5.92e-06,90.0,0.001,0,BTC-26APR19-3000-P,5058.55,0.0,0.0,0.0,0.0005,12.0,133.93,0.00503,-0.02293,-0.00022,0.0,-0.00016
5058.55,index_price,1555412339792,open,0.01,244.8,0.00508832,0.02526542,0.00496859,49.53,0.0075,0,BTC-19APR19-5250-C,5058.55,45.57,0.004,16.0,0.007,17.9,57.2,1.27663,-10.9935,0.07982,0.00128,0.20524
5051.84,BTC-27SEP19,1555412339792,open,0.0,42.0,0.00011845,0.02754241,0.00441633,78.87,0.002,0.0,BTC-27DEC19-1500-P,5058.55,69.35,0.002,10.0,0.007,10.0,86.01,1.59224,-0.24636,-0.68245,1e-05,-0.01493
5058.55,index_price,1555412339805,open,0.0,1361.5,2.36e-06,0.00069376,0.00092508,88.69,0.0005,0,BTC-26APR19-3750-P,5058.55,0.0,0.0,0.0,0.0015,25.7,95.82,0.34729,-1.55936,-0.02426,6e-05,-0.0168
5051.84,BTC-27SEP19,1555412339820,open,1.19,3.1,1.18038553,1.20262846,1.19643174,75.01,1.9215,0.0,BTC-27SEP19-11000-P,5058.55,0.0,0.002,0.3,0.0,0.0,0.0,5.82336,-1.33266,-47.61112,7e-05,-0.90269
5058.55,index_price,1555412339834,open,0.12,968.5,0.11312105,0.1252438,0.11552618,59.12,0.1155,0,BTC-26APR19-4500-C,5058.55,44.34,0.112,2.5,0.1585,6.2,150.65,1.51649,-4.53937,1.06639,0.00037,0.89467
5051.84,BTC-27SEP19,1555412339838,open,0.62,2.5,0.60540197,0.65519504,0.62504599,65.55,1.278,0.0,BTC-27SEP19-8000-P,5058.55,0.0,0.004,0.3,0.0,0.0,0.0,9.59368,-1.91883,-32.22822,0.00013,-0.79586
5051.84,BTC-27SEP19,1555412339838,open,0.24,0.0,0.22612547,0.28366604,0.24014699,60.45,None,0.0,BTC-27SEP19-4250-C,5058.55,0.0,0.0005,0.3,0.0,0.0,0.0,11.07891,-2.04337,11.23303,0.00016,0.7354
5051.84,BTC-27SEP19,1555412339842,open,0.04,937.3,0.02182054,0.07161361,0.04148964,65.57,0.041,0.0,BTC-27SEP19-8000-C,5058.55,64.78,0.04,10.0,0.0445,14.6,67.13,9.59571,-1.91962,3.69081,0.00013,0.20421
5051.84,BTC-27SEP19,1555412339859,open,0.01,36.9,0.00120009,0.05611115,0.01118911,74.21,0.0105,0.0,BTC-27DEC19-2000-P,5058.55,68.92,0.008,23.0,0.015,10.0,79.62,3.30689,-0.48139,-1.65015,3e-05,-0.03559
5058.55,index_price,1555412339859,open,0.0,464.5,0.00014633,0.00441638,0.00175165,70.65,0.002,0,BTC-26APR19-6250-C,5058.55,64.32,0.001,20.0,0.003,30.2,78.27,0.70322,-2.51555,0.05106,0.00014,0.03906
5051.84,BTC-27SEP19,1555412339861,open,0.35,261.1,0.33134804,0.37130648,0.34347314,62.65,0.38,0.0,BTC-27SEP19-3500-C,5058.55,0.0,0.161,1.0,0.389,2.5,90.2,7.50319,-1.4342,11.73482,0.0001,0.86085
5058.55,index_price,1555412339879,open,0.0,653.6,0.00046411,0.00653129,0.00263395,68.01,0.0035,0,BTC-26APR19-4250-P,5058.55,64.2,0.002,1.5,0.003,20.0,69.99,0.90427,-3.11377,-0.0767,0.00019,-0.0534
5058.55,index_price,1555412339879,open,0.17,38.9,0.16197559,0.20631627,0.17015318,56.96,0.1695,0,BTC-31MAY19-5750-P,5058.55,33.58,0.1455,2.0,0.1815,2.0,66.1,6.11078,-3.87823,-5.44883,0.00034,-0.70596
5051.84,BTC-27SEP19,1555412339884,open,0.52,57.5,0.50760568,0.52144321,0.51380712,68.61,0.389,0.0,BTC-27SEP19-2500-C,5058.55,0.0,0.001,0.4,0.0,0.0,0.0,2.86947,-0.60068,10.13845,4e-05,0.9608
5058.55,index_price,1555412339880,open,0.3,0.0,0.29175212,0.32244585,0.29880482,60.38,None,0,BTC-31MAY19-6500-P,5058.55,0.0,0.2655,2.0,0.3155,2.0,78.51,3.95598,-2.66129,-7.20437,0.00021,-0.85958
5058.55,index_price,1555412339886,open,0.14,0.0,0.13513351,0.13843865,0.13586661,85.21,None,0,BTC-19APR19-4375-C,5058.55,0.0,0.0005,10.4,0.0,0.0,0.0,0.26387,-3.90953,0.33437,0.00015,0.97484
5058.55,index_price,1555412339887,open,0.3,0.0,0.29175212,0.32244585,0.29880482,60.38,None,0,BTC-31MAY19-6500-P,5058.55,0.0,0.2655,2.0,0.0,0.0,0.0,3.95598,-2.66129,-7.20437,0.00021,-0.85958
5051.84,BTC-27SEP19,1555412339886,open,0.25,9.9,0.21692372,0.4197616,0.25040265,61.28,0.234,0.0,BTC-27DEC19-4500-C,5058.55,56.09,0.235,5.0,0.269,5.5,67.55,14.99488,-1.80262,15.33364,0.00014,0.68507
5051.84,BTC-27SEP19,1555412339886,open,1.59,0.0,1.5760114,1.71146466,1.59908508,73.66,None,0.0,BTC-27DEC19-13000-P,5058.55,0.0,0.0,0.0,0.0,0.0,0.0,7.92515,-1.14518,-87.81484,6e-05,-0.89025
5058.55,index_price,1555412339887,open,0.05,19.3,0.04152888,0.08688357,0.04879954,55.71,0.0485,0,BTC-31MAY19-4750-P,5058.55,53.91,0.0465,5.0,0.0515,5.0,57.81,6.47911,-4.02151,-2.40124,0.00037,-0.33729
5048.2,BTC-28JUN19,1555412339906,open,1.77,1.3,1.7732659,1.77344611,1.77440358,89.65,2.415,0.0,BTC-28JUN19-14000-P,5058.55,0.0,0.0,0.0,0.0,0.0,0.0,0.57415,-0.35316,-27.86817,1e-05,-0.99051
162.24,index_price,1555412339906,open,0.05,12.0,0.046376,0.081937,0.052626,69.69,0.072,0,ETH-26APR19-160-C,162.24,67.17,0.051,150.0,0.058,150.0,78.0,0.10478,-0.36969,0.02275,0.02111,0.57087
5051.84,BTC-27SEP19,1555412339908,open,0.13,24.0,0.11139389,0.17645045,0.12614034,59.87,0.1205,0.0,BTC-27SEP19-4750-P,5058.55,58.02,0.1215,13.3,0.1295,3.0,61.21,12.68337,-2.31685,-11.06293,0.00018,-0.36161
5048.2,BTC-28JUN19,1555412339908,open,0.11,804.1,0.09337582,0.13726478,0.10735761,57.95,0.1065,0.0,BTC-28JUN19-5000-C,5058.55,57.17,0.106,5.0,0.1105,7.2,59.73,8.87505,-3.52838,4.62399,0.0003,0.56612
5058.55,index_price,1555412339908,open,0.0,44.5,0.0,0.0004628,4.931e-05,90.0,0.0005,0,BTC-19APR19-6375-C,5058.55,0.0,0.0,0.0,0.0005,15.0,116.19,0.03038,-0.24944,0.00084,2e-05,0.00215
5058.55,index_price,1555412339929,open,0.01,106.9,0.01201694,0.03473806,0.01096576,46.91,0.011,0,BTC-19APR19-5125-C,5058.55,47.01,0.011,5.0,0.012,0.1,49.95,1.71621,-13.99816,0.14903,0.00181,0.38491
5058.55,index_price,1555412339934,open,0.0,233.8,0.0,0.0,2e-08,90.0,0.0005,0,BTC-26APR19-2500-P,5058.55,0.0,0.0,0.0,0.0005,10.0,176.23,3e-05,-0.0001,0.0,0.0,0.0
5051.84,BTC-27SEP19,1555412339939,open,0.37,5.8,0.34303973,0.49803015,0.36725126,62.22,0.385,0.0,BTC-27DEC19-3500-C,5058.55,0.0,0.255,1.0,0.0,0.0,0.0,10.56404,-1.28947,16.42741,0.0001,0.83293
5051.84,BTC-27SEP19,1555412339947,open,0.81,0.0,0.79272493,0.83168645,0.81084138,68.11,None,0.0,BTC-27SEP19-9000-P,5058.55,0.0,0.002,0.3,0.0,0.0,0.0,7.88648,-1.63888,-37.67419,0.0001,-0.85017
5048.2,BTC-28JUN19,1555412339947,open,0.0,676.9,3.542e-05,0.00152123,0.00276002,82.38,0.002,0.0,BTC-28JUN19-2500-P,5058.55,78.19,0.002,45.1,0.0035,12.0,85.83,1.00649,-0.56888,-0.21094,2e-05,-0.01817
5051.84,BTC-27SEP19,1555412339947,open,0.71,42.8,0.70309845,0.70422789,0.70460421,83.16,0.6235,0.0,BTC-27SEP19-1500-C,5058.55,0.0,0.0015,0.3,0.0,0.0,0.0,0.65877,-0.16715,6.54148,1e-05,0.99301
5051.84,BTC-27SEP19,1555412339947,open,0.02,23.6,0.00269158,0.13814484,0.02580601,73.68,0.036,0.0,BTC-27DEC19-13000-C,5058.55,72.18,0.0235,1.0,0.0295,10.5,75.96,7.93147,-1.1465,2.96566,6e-05,0.10988
5058.55,index_price,1555412339953,open,0.39,0.0,0.38636306,0.40816196,0.39202247,63.21,None,0,BTC-31MAY19-7000-P,5058.55,0.0,0.0005,0.3,0.0,0.0,0.0,2.82686,-1.99103,-8.11164,0.00014,-0.91224
5048.2,BTC-28JUN19,1555412339955,open,2.95,0.4,2.96180817,2.96181107,2.96183114,84.28,5.076,0.0,BTC-28JUN19-20000-P,5058.55,0.0,0.0,0.0,0.0,0.0,0.0,0.02205,-0.01275,-39.92947,0.0,-0.99974
5048.2,BTC-28JUN19,1555412339960,open,0.0,848.1,9.669e-05,0.00355865,0.0041713,76.88,0.0055,0.0,BTC-28JUN19-10000-C,5058.55,73.09,0.003,30.0,0.0055,12.0,80.45,1.72399,-0.90941,0.30605,4e-05,0.03454
5058.55,index_price,1555412339964,open,0.11,1.4,0.11047156,0.11643638,0.11145367,75.56,0.102,0,BTC-19APR19-4500-C,5058.55,0.0,0.001,1.5,0.164,0.1,297.61,0.36869,-4.84372,0.3391,0.00024,0.9623
5048.2,BTC-28JUN19,1555412339971,open,0.0,388.0,4e-08,8.784e-05,0.00070379,90.0,0.001,0.0,BTC-28JUN19-15000-C,5058.55,87.01,0.0005,19.6,0.002,20.1,101.05,0.38862,-0.23997,0.05429,1e-05,0.00609
5058.55,index_price,1555412339973,open,0.02,90.7,0.02399073,0.04651903,0.02283076,46.58,0.0235,0,BTC-19APR19-5000-C,5058.55,39.64,0.0205,12.0,0.025,0.2,52.96,1.71129,-13.8597,0.23751,0.00182,0.61877
5051.84,BTC-27SEP19,1555412339982,open,0.0,409.3,0.0003721,0.00559735,0.004258,76.04,0.0065,0.0,BTC-27SEP19-2000-P,5058.55,71.58,0.003,8.1,0.006,15.0,81.08,1.57363,-0.36507,-0.52899,2e-05,-0.01906
5058.55,index_price,1555412339982,open,0.16,1380.1,0.16030241,0.16636958,0.16247225,68.01,0.205,0,BTC-26APR19-4250-C,5058.55,0.0,0.11,1.2,0.1765,0.8,114.86,0.90427,-3.11377,1.07321,0.00019,0.9466
5048.2,BTC-28JUN19,1555412339987,open,1.37,10.0,1.37708912,1.37787205,1.37912465,83.96,1.243,0.0,BTC-28JUN19-12000-P,5058.55,0.0,0.0005,0.4,0.0,0.0,0.0,0.95043,-0.54751,-23.80846,2e-05,-0.98301
5058.55,index_price,1555412339991,open,0.03,53.1,0.02528623,0.0696269,0.03346381,56.96,0.035,0,BTC-31MAY19-5750-C,5058.55,55.33,0.0315,5.0,0.0355,23.5,58.64,6.11078,-3.87823,1.62063,0.00034,0.29404
5048.2,BTC-28JUN19,1555412339994,open,0.23,35.5,0.21912243,0.25857868,0.230956,57.94,0.204,0.0,BTC-28JUN19-6000-P,5058.55,0.0,0.0005,0.4,0.2345,1.0,60.22,7.7874,-3.09551,-9.43,0.00026,-0.70463
5048.2,BTC-28JUN19,1555412339994,open,1.18,5.7,1.17901476,1.18066273,1.18191704,80.89,1.142,0.0,BTC-28JUN19-11000-P,5058.55,0.0,0.0005,0.4,0.0,0.0,0.0,1.28177,-0.71133,-21.74832,3e-05,-0.97582
5058.55,index_price,1555412340004,open,0.44,0.0,0.43475692,0.45277688,0.43978699,64.88,None,0,BTC-31MAY19-7250-P,5058.55,0.0,0.0005,0.3,0.0,0.0,0.0,2.40761,-1.7404,-8.51296,0.00012,-0.929
5058.55,index_price,1555412340007,open,0.09,149.2,0.09417692,0.11188966,0.09613952,54.61,0.0805,0,BTC-26APR19-5500-P,5058.55,50.79,0.0945,4.0,0.099,3.0,60.79,2.24084,-6.19557,-1.24341,0.00059,-0.81233
5058.55,index_price,1555412340014,open,0.0,134.4,0.00494057,0.02441262,0.004672,48.9,0.005,0,BTC-19APR19-4875-P,5058.55,43.85,0.0035,1.0,0.005,0.4,50.24,1.22341,-10.40145,-0.07809,0.00124,-0.19126
5058.55,index_price,1555412340014,open,0.01,8.4,0.00256731,0.02436621,0.00822672,63.21,0.011,0,BTC-31MAY19-7000-C,5058.55,60.93,0.007,5.0,0.01,27.0,66.24,2.82686,-1.99103,0.49466,0.00014,0.08776
5051.84,BTC-27SEP19,1555412340014,open,0.83,0.0,0.80247279,1.00120804,0.83462118,65.36,None,0.0,BTC-27DEC19-9000-P,5058.55,0.0,0.001,0.5,0.0,0.0,0.0,12.38259,-1.58762,-57.08379,0.00011,-0.78356
5058.55,index_price,1555412340014,open,0.0,928.8,4.623e-05,0.00238687,0.00131476,76.16,0.0015,0,BTC-26APR19-4000-P,5058.55,65.57,0.0005,57.8,0.002,32.2,82.14,0.5088,-1.96195,-0.03792,0.0001,-0.02639
5051.84,BTC-27SEP19,1555412340031,open,1.2,0.0,1.18480975,1.34988955,1.21242699,69.61,None,0.0,BTC-27DEC19-11000-P,5058.55,0.0,0.0,0.0,0.0,0.0,0.0,9.73654,-1.32962,-72.8404,8e-05,-0.85242
5058.55,index_price,1555412340031,open,0.01,20.3,0.00650908,0.03234025,0.01215578,59.64,0.0125,0,BTC-31MAY19-4000-P,5058.55,57.85,0.011,1.0,0.0125,2.0,60.16,3.33237,-2.2145,-0.75891,0.00018,-0.10987
5048.2,BTC-28JUN19,1555412340036,open,1.57,0.8,1.57517619,1.57555012,1.57679163,87.71,2.171,0.0,BTC-28JUN19-13000-P,5058.55,0.0,0.07,1.0,0.0,0.0,0.0,0.76962,-0.46314,-25.83807,2e-05,-0.98671
5048.2,BTC-28JUN19,1555412340036,open,0.51,24.4,0.5048094,0.50629521,0.50753891,82.4,0.5115,0.0,BTC-28JUN19-2500-C,5058.55,0.0,0.0005,1.0,0.0,0.0,0.0,1.00758,-0.56966,4.78027,2e-05,0.98181
5048.2,BTC-28JUN19,1555412340036,open,0.7,33.3,0.70286439,0.70287086,0.70294464,90.29,0.7165,0.0,BTC-28JUN19-1500-C,5058.55,0.0,0.0005,1.0,0.0,0.0,0.0,0.05212,-0.03229,2.98739,0.0,0.99934
5051.84,BTC-27SEP19,1555412340036,open,0.17,779.6,0.14801731,0.21540237,0.16298122,59.73,0.157,0.0,BTC-27SEP19-5000-C,5058.55,58.21,0.159,10.8,0.168,3.0,61.66,13.16407,-2.39913,9.67082,0.00019,0.58936
5048.2,BTC-28JUN19,1555412340043,open,0.04,2322.2,0.03057998,0.07003623,0.04242532,57.94,0.0455,0.0,BTC-28JUN19-6000-C,5058.55,57.34,0.0415,19.6,0.047,20.6,60.88,7.78784,-3.09609,2.54981,0.00026,0.2954
5051.84,BTC-27SEP19,1555412340043,open,0.04,86.1,0.01239376,0.1941049,0.04148916,67.07,0.045,0.0,BTC-27DEC19-10000-C,5058.55,66.14,0.0395,1.0,0.045,10.4,68.68,10.84673,-1.4272,4.67832,9e-05,0.17411
5051.84,BTC-27SEP19,1555412340045,open,0.71,0.0,0.70319693,0.73062089,0.70749951,78.89,None,0.0,BTC-27DEC19-1500-C,5058.55,0.0,0.0,0.0,0.0,0.0,0.0,1.59324,-0.24656,9.79134,1e-05,0.98506
5058.55,index_price,1555412340051,open,0.31,0.0,0.30966384,0.30981275,0.30967249,90.0,None,0,BTC-19APR19-6625-P,5058.55,0.0,0.001,0.3,0.392,0.1,496.57,0.00684,-0.10704,-0.52179,0.0,-0.99958
5058.55,index_price,1555412340061,open,0.0,295.4,0.0,0.0,0.0,90.0,0.0005,0,BTC-26APR19-2000-P,5058.55,0.0,0.0,0.0,0.0005,15.0,227.77,0.0,0.0,0.0,0.0,0.0
5051.84,BTC-27SEP19,1555412340061,open,1.01,0.3,0.99187054,1.17358168,1.0209346,67.06,1.4475,0.0,BTC-27DEC19-10000-P,5058.55,0.0,0.1,0.3,0.0,0.0,0.0,10.84341,-1.42645,-65.15249,9e-05,-0.82598
5048.2,BTC-28JUN19,1555412340063,open,0.61,20.1,0.60381971,0.60399881,0.60472849,90.05,0.578,0.0,BTC-28JUN19-2000-C,5058.55,0.0,0.0005,1.0,0.0,0.0,0.0,0.39316,-0.24291,3.92183,1e-05,0.99383
5051.84,BTC-27SEP19,1555412340065,open,0.1,25.2,0.08789996,0.14967571,0.10230633,60.09,0.0985,0.0,BTC-27SEP19-4500-P,5058.55,58.06,0.0975,14.8,0.1055,3.0,61.43,11.98472,-2.19724,-9.40972,0.00017,-0.31256
5051.84,BTC-27SEP19,1555412340067,open,0.43,227.1,0.4153986,0.44162524,0.42495337,65.14,0.456,0.0,BTC-27SEP19-3000-C,5058.55,0.0,0.135,0.1,0.0,0.0,0.0,4.98148,-0.98999,11.25259,7e-05,0.92107
5058.55,index_price,1555412340066,open,0.01,145.1,0.00224827,0.01450567,0.00463579,59.43,0.007,0,BTC-26APR19-5750-C,5058.55,55.35,0.0035,20.0,0.006,40.1,63.78,1.49764,-4.5064,0.13536,0.00036,0.10353
5058.55,index_price,1555412340065,open,0.56,0.0,0.55520851,0.55520851,0.55520851,90.0,0.429,0,BTC-26APR19-2250-C,5058.55,0.0,0.0005,0.2,0.0,0.0,0.0,0.0,0.0,0.60878,0.0,1.0
5048.2,BTC-28JUN19,1555412340099,open,0.13,112.0,0.11077511,0.15239878,0.13223399,57.95,0.142,0.0,BTC-28JUN19-4750-C,5058.55,56.91,0.1305,5.0,0.1355,7.2,59.9,8.4202,-3.34757,5.14108,0.00029,0.6423
5058.55,index_price,1555412340099,open,0.11,8.0,0.11210928,0.12028005,0.11297875,67.91,0.0845,0,BTC-19APR19-5625-P,5058.55,0.0,0.0005,10.3,0.1955,0.1,354.86,0.40053,-4.72892,-0.42694,0.00029,-0.95826
5058.55,index_price,1555412340099,open,0.0,62.0,0.00013055,0.00830132,0.00100003,67.91,0.0015,0,BTC-19APR19-5625-C,5058.55,60.28,0.0005,30.0,0.0025,40.0,82.23,0.40053,-4.72892,0.01624,0.00029,0.04174
5058.55,index_price,1555412340107,open,0.0,259.9,0.0,0.0,0.0,90.0,0.0005,0,BTC-26APR19-2250-P,5058.55,0.0,0.0,0.0,0.0005,30.0,200.58,0.0,0.0,0.0,0.0,0.0
5058.55,index_price,1555412340107,open,0.28,0.0,0.2849532,0.28521827,0.28497422,90.0,None,0,BTC-19APR19-6500-P,5058.55,0.0,0.001,0.3,0.3625,0.1,466.45,0.01473,-0.23055,-0.51173,1e-05,-0.99903
5058.55,index_price,1555412340107,open,0.31,33.6,0.30810218,0.30825437,0.3083577,90.0,0.3345,0,BTC-26APR19-3500-C,5058.55,0.0,0.0005,0.2,0.0,0.0,0.0,0.12468,-0.56811,0.93951,2e-05,0.9948
164.3,ETH-28JUN19,1555412340116,open,0.0,1741.0,2e-06,0.0047,0.001575,100.0,0.005,0.0,ETH-28JUN19-500-C,162.24,112.44,0.004,150.0,0.006,150.0,119.16,0.02241,-0.01538,0.00332,0.00042,0.01169
166.6,ETH-27SEP19,1555412340116,open,0.1,208.0,0.066201,0.182213,0.09749,72.72,0.092,0.0,ETH-27SEP19-220-C,162.24,71.73,0.095,60.0,0.103,120.0,74.88,0.42216,-0.09366,0.20521,0.00466,0.37183
162.24,index_price,1555412340122,open,0.29,0.0,0.294379,0.294592,0.294432,100.0,None,0,ETH-19APR19-210-P,162.24,0.0,0.001,100.0,0.374,1.0,478.76,0.00095,-0.0166,-0.01652,0.00046,-0.9979
166.6,ETH-27SEP19,1555412340137,open,0.32,535.0,0.293024,0.412503,0.325164,72.25,0.294,0.0,ETH-27SEP19-200-P,162.24,69.54,0.318,60.0,0.338,60.0,77.09,0.44128,-0.09728,-0.65748,0.0049,-0.55383
162.24,index_price,1555412340147,open,0.08,685.0,0.077039,0.087903,0.080285,81.08,0.074,0,ETH-19APR19-150-C,162.24,67.4,0.078,50.0,0.084,50.0,98.83,0.03048,-0.42965,0.01009,0.01813,0.86991
162.24,index_price,1555412340162,open,0.11,692.0,0.110011,0.118121,0.113365,90.45,0.11,0,ETH-19APR19-180-P,162.24,59.81,0.11,50.0,0.116,50.0,104.97,0.02618,-0.4117,-0.01289,0.01396,-0.89504
166.6,ETH-27SEP19,1555412340171,open,0.95,1.0,0.932834,1.010326,0.959927,79.96,0.93,0.0,ETH-27SEP19-320-P,162.24,0.0,0.003,6.0,0.979,1.0,90.3,0.2835,-0.06916,-1.33813,0.00285,-0.82904
164.3,ETH-28JUN19,1555412340170,open,0.02,1940.0,0.005949,0.064419,0.021769,80.84,0.023,0.0,ETH-28JUN19-260-C,162.24,79.01,0.02,60.0,0.024,300.0,83.06,0.16169,-0.08968,0.03808,0.00371,0.13785
166.6,ETH-27SEP19,1555412340195,open,1.18,0.0,1.167025,1.229679,1.190735,82.83,None,0.0,ETH-27SEP19-360-P,162.24,0.0,0.01,4.0,1.202,1.0,90.07,0.2403,-0.06073,-1.53893,0.00233,-0.86668
166.6,ETH-27SEP19,1555412340202,open,0.53,0.0,0.523487,0.555776,0.531535,76.27,None,0.0,ETH-27SEP19-80-C,162.24,0.0,0.001,4.0,0.0,0.0,0.0,0.1066,-0.02481,0.31644,0.00112,0.95458
162.24,index_price,1555412340202,open,0.2,94.0,0.198718,0.199203,0.198879,100.0,0.2,0,ETH-19APR19-130-C,162.24,0.0,0.001,100.0,0.0,0.0,0.0,0.00228,-0.03965,0.01017,0.0011,0.99446
164.3,ETH-28JUN19,1555412340216,open,0.05,490.0,0.029429,0.117021,0.044822,70.99,0.048,0.0,ETH-28JUN19-210-C,162.24,71.12,0.045,60.0,0.051,120.0,75.12,0.24242,-0.11808,0.07363,0.00634,0.26928
164.3,ETH-28JUN19,1555412340216,open,0.32,1364.0,0.307578,0.395171,0.322972,70.99,0.309,0.0,ETH-28JUN19-210-P,162.24,0.0,0.011,17.0,0.329,1.0,75.02,0.24242,-0.11808,-0.34565,0.00634,-0.73072
164.3,ETH-28JUN19,1555412340216,open,0.14,3977.0,0.126704,0.224074,0.144134,69.78,0.151,0.0,ETH-28JUN19-170-P,162.24,66.34,0.138,150.0,0.147,90.0,71.39,0.29257,-0.14007,-0.20522,0.00778,-0.48144
166.6,ETH-27SEP19,1555412340216,open,0.43,0.0,0.414674,0.471751,0.4282,72.96,None,0.0,ETH-27SEP19-100-C,162.24,0.0,0.001,6.0,0.0,0.0,0.0,0.19416,-0.04322,0.35382,0.00214,0.90122
164.3,ETH-28JUN19,1555412340245,open,1.43,0.0,1.43462,1.447809,1.440513,100.0,None,0.0,ETH-28JUN19-400-P,162.24,0.0,0.002,2.0,0.0,0.0,0.0,0.06138,-0.04211,-0.78794,0.00114,-0.96146
162.24,index_price,1555412340253,open,0.02,2088.0,0.014909,0.033894,0.020111,75.21,0.024,0,ETH-19APR19-160-P,162.24,63.21,0.016,150.0,0.022,7.0,80.69,0.0558,-0.72964,-0.00543,0.03578,-0.40453
166.6,ETH-27SEP19,1555412340279,open,0.24,410.0,0.208953,0.327928,0.239011,71.26,0.244,0.0,ETH-27SEP19-180-P,162.24,68.25,0.231,60.0,0.243,90.0,72.75,0.44404,-0.09654,-0.52991,0.005,-0.46943
164.3,ETH-28JUN19,1555412340279,open,0.07,544.0,0.053123,0.148892,0.07013,70.17,0.064,0.0,ETH-28JUN19-190-C,162.24,68.91,0.068,60.0,0.075,120.0,73.02,0.27942,-0.13452,0.10149,0.00739,0.37951
164.3,ETH-28JUN19,1555412340279,open,0.22,1747.0,0.209544,0.305313,0.226551,70.17,0.237,0.0,ETH-28JUN19-190-P,162.24,66.89,0.221,90.0,0.231,90.0,72.77,0.27942,-0.13452,-0.27786,0.00739,-0.62049
164.3,ETH-28JUN19,1555412340283,open,0.08,2999.0,0.064266,0.153393,0.079781,69.67,0.07,0.0,ETH-28JUN19-150-P,162.24,66.7,0.075,60.0,0.082,120.0,71.05,0.2649,-0.12663,-0.13345,0.00705,-0.32702
164.3,ETH-28JUN19,1555412340312,open,0.48,1684.0,0.472203,0.542424,0.488746,76.85,0.5,0.0,ETH-28JUN19-240-P,162.24,0.0,0.006,12.0,0.487,1.0,75.32,0.18972,-0.10003,-0.43074,0.00458,-0.82431
164.3,ETH-28JUN19,1555412340325,open,0.02,512.0,0.003044,0.050927,0.016614,83.58,0.02,0.0,ETH-28JUN19-280-C,162.24,81.57,0.015,60.0,0.018,150.0,85.22,0.13564,-0.07778,0.02976,0.00301,0.10735
162.24,index_price,1555412340643,open,0.02,104.0,0.007822,0.036387,0.014892,75.85,0.009,0,ETH-26APR19-180-C,162.24,74.01,0.014,200.0,0.018,340.0,82.06,0.07914,-0.30391,0.00903,0.01465,0.22059
5058.55,index_price,1555412340722,open,0.17,38.9,0.16197559,0.20631627,0.17015318,56.96,0.1695,0,BTC-31MAY19-5750-P,5058.55,33.58,0.1455,2.0,0.0,0.0,0.0,6.11078,-3.87823,-5.44883,0.00034,-0.70596
5058.55,index_price,1555412340723,open,0.3,0.0,0.29175212,0.32244585,0.29880482,60.38,None,0,BTC-31MAY19-6500-P,5058.55,0.0,0.0005,5.3,0.0,0.0,0.0,3.95598,-2.66129,-7.20437,0.00021,-0.85958
5058.55,index_price,1555412340723,open,0.3,0.0,0.29175212,0.32244585,0.29880482,60.38,None,0,BTC-31MAY19-6500-P,5058.55,0.0,0.0005,5.3,0.3155,2.0,78.51,3.95598,-2.66129,-7.20437,0.00021,-0.85958
5058.55,index_price,1555412340732,open,0.05,19.3,0.04152888,0.08688357,0.04879954,55.71,0.0485,0,BTC-31MAY19-4750-P,5058.55,53.91,0.0465,5.0,0.0505,2.0,57.03,6.47911,-4.02151,-2.40124,0.00037,-0.33729
162.24,index_price,1555412341117,open,0.18,95.0,0.173582,0.194169,0.17992,82.39,0.189,0,ETH-26APR19-190-P,162.24,66.35,0.175,50.0,0.181,50.0,85.33,0.05829,-0.24315,-0.04582,0.00993,-0.86382
5058.55,index_price,1555412341577,open,0.3,0.0,0.29175212,0.32244585,0.29880493,60.38,None,0,BTC-31MAY19-6500-P,5058.55,0.0,0.2655,2.0,0.3155,2.0,78.51,3.95598,-2.66129,-7.20437,0.00021,-0.85958
5058.55,index_price,1555412341596,open,0.17,38.9,0.16197559,0.20631627,0.17015301,56.96,0.1695,0,BTC-31MAY19-5750-P,5058.55,33.58,0.1455,2.0,0.1815,2.0,66.1,6.11078,-3.87823,-5.44883,0.00034,-0.70596
5058.55,index_price,1555412341601,open,0.3,0.0,0.29175212,0.32244585,0.29880493,60.38,None,0,BTC-31MAY19-6500-P,5058.55,0.0,0.2655,2.0,0.0,0.0,0.0,3.95598,-2.66129,-7.20437,0.00021,-0.85958
5058.55,index_price,1555412341602,open,0.05,19.3,0.04152888,0.08688357,0.04879945,55.71,0.0485,0,BTC-31MAY19-4750-P,5058.55,53.91,0.0465,5.0,0.0515,5.0,57.81,6.47911,-4.02151,-2.40124,0.00037,-0.33729
5048.18,BTC-28JUN19,1555412341879,open,0.03,249.6,0.01523345,0.04268426,0.02501871,59.77,0.025,0.0,BTC-28JUN19-4000-P,5058.78,57.87,0.023,20.1,0.027,19.6,61.59,5.43116,-2.22729,-1.83927,0.00018,-0.15746
5051.8,BTC-27SEP19,1555412341879,open,0.03,17.5,0.01548335,0.04858496,0.02616034,63.53,0.0225,0.0,BTC-27SEP19-3250-P,5058.78,60.9,0.023,20.9,0.0285,6.0,65.41,6.19042,-1.19998,-2.99379,9e-05,-0.10583
5051.8,BTC-27SEP19,1555412341879,open,0.21,290.4,0.19713149,0.25890778,0.21154811,60.09,0.2265,0.0,BTC-27SEP19-4500-C,5058.78,58.17,0.207,3.0,0.216,3.0,61.97,11.98478,-2.1974,10.79369,0.00017,0.68743
5048.18,BTC-28JUN19,1555412341879,open,0.01,78.2,0.00080766,0.00896515,0.00728569,66.64,0.0085,0.0,BTC-28JUN19-3250-P,5058.78,63.79,0.006,12.0,0.008,10.0,68.11,2.39203,-1.09362,-0.59531,7e-05,-0.05178
5051.8,BTC-27SEP19,1555412341879,open,1.38,6.1,1.3769285,1.39348242,1.39099126,77.6,1.9095,0.0,BTC-27SEP19-12000-P,5058.78,0.0,0.002,0.3,0.0,0.0,0.0,5.0411,-1.1936,-52.41209,6e-05,-0.91982
5051.8,BTC-27SEP19,1555412341880,open,0.05,10.3,0.03559434,0.08207424,0.04832419,61.58,0.061,0.0,BTC-27SEP19-3750-P,5058.78,59.07,0.044,19.7,0.0515,6.0,63.4,8.77538,-1.64879,-5.10104,0.00012,-0.17658
5048.18,BTC-28JUN19,1555412341880,open,0.07,56.0,0.05170612,0.09333003,0.07315869,57.94,0.0685,0.0,BTC-28JUN19-4750-P,5058.78,55.75,0.0695,5.0,0.075,9.6,59.05,8.4202,-3.34734,-4.34271,0.00029,-0.3577
5051.8,BTC-27SEP19,1555412341880,open,0.06,902.5,0.04223778,0.10295891,0.05509486,60.0,0.0615,0.0,BTC-27SEP19-7000-C,5058.78,61.96,0.0595,10.5,0.064,10.0,63.93,11.20936,-2.05195,4.89301,0.00016,0.27082
5051.8,BTC-27SEP19,1555412341880,open,0.31,0.0,0.29328467,0.33976457,0.30602244,61.59,None,0.0,BTC-27SEP19-3750-C,5058.78,0.0,0.0005,0.3,0.0,0.0,0.0,8.77569,-1.64898,11.73509,0.00012,0.82341
5058.78,index_price,1555412341880,open,0.07,34.2,0.06379105,0.11205504,0.0716888,55.71,0.068,0,BTC-31MAY19-5000-P,5058.78,54.13,0.0695,5.0,0.074,7.0,57.39,6.98921,-4.33868,-3.16649,0.0004,-0.43742
5048.18,BTC-28JUN19,1555412341881,open,0.23,367.4,0.22286867,0.25031949,0.23265707,59.77,0.231,0.0,BTC-28JUN19-4000-C,5058.78,39.51,0.2145,1.5,0.285,0.5,101.62,5.43136,-2.22748,6.14699,0.00018,0.84253
5051.8,BTC-27SEP19,1555412341880,open,0.48,0.0,0.44603485,0.67256957,0.48006097,61.41,None,0.0,BTC-27DEC19-7000-P,5058.78,0.0,0.001,0.5,0.0,0.0,0.0,15.67439,-1.88843,-39.78093,0.00014,-0.64764
5051.8,BTC-27SEP19,1555412341881,open,0.61,28.2,0.60447363,0.60969908,0.60836314,76.05,0.608,0.0,BTC-27SEP19-2000-C,5058.78,0.0,0.001,0.3,0.0,0.0,0.0,1.57441,-0.3653,8.45016,2e-05,0.98092
5048.41,BTC-28JUN19,1555412341882,open,0.98,43.0,0.98091844,0.98438146,0.98507512,77.12,0.89,0.0,BTC-28JUN19-10000-P,5058.78,0.0,0.0005,0.5,0.0,0.0,0.0,1.74521,-0.92342,-19.6555,4e-05,-0.96495
5051.8,BTC-27SEP19,1555412341882,open,0.06,98.9,0.04997302,0.1023765,0.06348987,60.96,0.065,0.0,BTC-27SEP19-4000-P,5058.78,58.42,0.0585,19.5,0.067,6.0,62.73,9.99511,-1.85906,-6.40601,0.00014,-0.21895
5051.8,BTC-27SEP19,1555412341882,open,0.02,719.3,0.0057444,0.03540686,0.02364017,72.06,0.022,0.0,BTC-27SEP19-10000-C,5058.78,70.03,0.021,10.0,0.0275,15.0,74.83,6.78798,-1.49232,2.19506,8e-05,0.12042
5058.78,index_price,1555412341881,open,0.09,4.2,0.08608934,0.09593883,0.08727023,65.92,0.091,0,BTC-19APR19-4625-C,5058.78,0.0,0.0835,4.0,0.089,4.0,79.39,0.52932,-6.06655,0.34018,0.0004,0.9408
5058.78,index_price,1555412341880,open,0.06,82.2,0.06431511,0.0804177,0.06503787,54.65,0.0775,0,BTC-19APR19-5375-P,5058.78,0.0,0.0625,4.0,0.068,4.0,69.59,0.84512,-8.03005,-0.38058,0.00077,-0.88986
5058.78,index_price,1555412341880,open,0.0,143.1,4.65e-06,0.00348361,0.00069209,84.42,0.0015,0,BTC-19APR19-5875-C,5058.78,80.34,0.0005,31.1,0.001,10.0,89.67,0.26302,-3.50112,0.00971,0.00015,0.02507
5051.8,BTC-27SEP19,1555412341882,open,0.44,0.0,0.4222913,0.545129,0.44144642,64.03,None,0.0,BTC-27DEC19-3000-C,5058.78,0.0,0.0,0.0,0.0,0.0,0.0,7.79302,-0.97895,15.92136,7e-05,0.89278
5058.78,index_price,1555412341882,open,0.0,399.6,3.002e-05,0.00229889,0.00117282,75.88,0.002,0,BTC-26APR19-6500-C,5058.78,67.14,0.0005,20.0,0.002,10.2,82.91,0.49981,-1.92018,0.03375,0.0001,0.02583
5058.78,index_price,1555412341881,open,0.21,0.0,0.21076632,0.21209413,0.21104957,91.71,None,0,BTC-19APR19-6125-P,5058.78,0.0,0.001,0.3,0.2745,0.1,374.49,0.12468,-1.98816,-0.4785,7e-05,-0.98952
5051.8,BTC-27SEP19,1555412341882,open,0.32,10.0,0.28972134,0.51942017,0.32509827,60.72,0.288,0.0,BTC-27DEC19-6000-P,5058.78,55.71,0.3085,9.5,0.3335,5.0,63.25,16.78013,-1.99896,-30.30483,0.00016,-0.53397
5058.78,index_price,1555412341879,open,0.27,0.0,0.26141669,0.2797643,0.26550629,61.14,None,0,BTC-31MAY19-3750-C,5058.78,0.0,0.0005,0.2,0.0,0.0,0.0,2.28458,-1.55618,4.15575,0.00012,0.93367
5058.78,index_price,1555412341882,open,0.33,0.0,0.33431381,0.33439606,0.33437792,112.36,None,0,BTC-19APR19-6750-P,5058.78,0.0,0.001,0.3,0.422,0.1,500.0,0.03158,-0.61688,-0.53094,1e-05,-0.99776
5048.41,BTC-28JUN19,1555412341885,open,0.07,201.9,0.04638886,0.08990521,0.06866885,57.93,0.0735,0.0,BTC-28JUN19-5500-C,5058.78,56.4,0.066,5.1,0.0715,5.0,59.55,8.81842,-3.50521,3.54275,0.0003,0.42015
5058.78,index_price,1555412341880,open,0.0,5.2,2e-08,0.00078372,0.00012213,90.02,0.0005,0,BTC-19APR19-4125-P,5058.78,0.0,0.0,0.0,0.001,10.0,119.62,0.06197,-0.61784,-0.00194,3e-05,-0.00475
5051.8,BTC-27SEP19,1555412341880,open,0.03,91.0,0.01613904,0.13897674,0.03528889,64.03,0.035,0.0,BTC-27DEC19-3000-P,5058.78,61.53,0.0315,15.0,0.039,5.5,66.4,7.79265,-0.97885,-5.0269,7e-05,-0.10721
5051.8,BTC-27SEP19,1555412341880,open,0.1,87.3,0.06625892,0.24831075,0.09492327,61.28,0.0885,0.0,BTC-27DEC19-4000-P,5058.78,58.01,0.0865,15.5,0.099,5.0,62.85,13.07108,-1.57125,-11.75313,0.00012,-0.23825
5058.78,index_price,1555412341880,open,0.02,954.8,0.01786374,0.03987086,0.01905818,51.97,0.019,0,BTC-26APR19-5250-C,5058.78,51.88,0.019,9.6,0.02,0.5,53.52,3.07504,-8.09141,0.44996,0.00085,0.3478
5048.41,BTC-28JUN19,1555412341886,open,0.28,30.0,0.26250379,0.28166008,0.27381608,61.37,0.298,0.0,BTC-28JUN19-3750-C,5058.78,0.0,0.0005,0.3,0.0,0.0,0.0,4.2684,-1.79713,6.20115,0.00014,0.88903
5058.78,index_price,1555412341882,open,0.22,0.1,0.21580082,0.24162637,0.22141513,59.6,0.239,0,BTC-31MAY19-4000-C,5058.78,0.0,0.0005,0.4,0.0,0.0,0.0,3.32838,-2.21012,4.16035,0.00018,0.89032
5058.78,index_price,1555412341881,open,0.26,225.9,0.2587169,0.25940766,0.25960582,88.2,0.282,0,BTC-26APR19-3750-C,5058.78,0.0,0.0005,25.2,0.0,0.0,0.0,0.33909,-1.5142,0.99104,6e-05,0.98366
5058.78,index_price,1555412341880,open,0.26,0.0,0.26018526,0.26064865,0.26029187,96.95,None,0,BTC-19APR19-6375-P,5058.78,0.0,0.001,0.3,0.333,0.1,435.95,0.05429,-0.91505,-0.50067,3e-05,-0.99591
5052.03,BTC-27SEP19,1555412341880,open,0.06,72.5,0.03585004,0.19083259,0.06006031,62.22,0.063,0.0,BTC-27DEC19-3500-P,5058.78,59.54,0.0545,15.5,0.064,5.0,64.09,10.56372,-1.28943,-8.01214,0.0001,-0.16706
5058.78,index_price,1555412341881,open,0.23,0.0,0.23547576,0.23626852,0.23564346,94.05,None,0,BTC-19APR19-6250-P,5058.78,0.0,0.001,0.3,0.304,0.1,406.28,0.08045,-1.31557,-0.48994,4e-05,-0.99363
5058.78,index_price,1555412341881,open,0.01,11.4,0.00154094,0.01956555,0.00657006,64.87,0.0085,0,BTC-31MAY19-7250-C,5058.78,61.33,0.005,20.0,0.0085,38.0,68.66,2.40788,-1.74043,0.40076,0.00012,0.071
5058.78,index_price,1555412341880,open,0.15,9.7,0.13535216,0.1755959,0.14192682,56.1,0.14,0,BTC-31MAY19-4500-C,5058.78,52.96,0.1385,5.0,0.1435,5.0,57.53,5.56448,-3.47839,3.81903,0.00032,0.75596
5058.78,index_price,1555412341882,open,0.0,107.6,0.00151148,0.01621579,0.00240037,56.32,0.002,0,BTC-19APR19-4750-P,5058.78,49.91,0.0015,2.6,0.003,20.0,60.0,0.78476,-7.6851,-0.04059,0.00069,-0.09943
5058.78,index_price,1555412341883,open,0.21,0.0,0.20929552,0.20962698,0.20929316,0.0,None,0,BTC-19APR19-4000-C,5058.78,0.0,0.002,1.0,0.2815,0.1,494.67,0.0,0.0,0.31514,0.0,1.0
5058.78,index_price,1555412341883,open,0.0,37.0,5.84e-06,0.00330765,0.00073897,85.24,0.0005,0,BTC-19APR19-4375-P,5058.78,0.0,0.0,0.0,0.0015,29.3,96.85,0.26383,-3.73826,-0.01032,0.00015,-0.02516
5058.78,index_price,1555412341881,open,0.19,0.2,0.18458602,0.18536973,0.18467106,86.58,0.206,0,BTC-19APR19-4125-C,5058.78,0.0,0.0005,11.3,0.252,0.1,442.67,0.04761,-0.71669,0.32355,3e-05,0.99647
5051.8,BTC-27SEP19,1555412341930,open,0.15,35.4,0.1377601,0.20514545,0.15271038,59.73,0.163,0.0,BTC-27SEP19-5000-P,5058.78,57.92,0.148,3.5,0.156,8.0,60.99,13.16407,-2.39892,-12.7779,0.00019,-0.41066
5058.78,index_price,1555412341933,open,0.12,968.5,0.11315811,0.12527529,0.11552583,59.0,0.1155,0,BTC-26APR19-4500-C,5058.78,46.87,0.1125,2.5,0.1585,6.2,150.6,1.51123,-4.51448,1.06714,0.00037,0.89518
5058.78,index_price,1555412342520,open,0.11,10.8,0.10255053,0.14790172,0.10979518,55.69,0.105,0,BTC-31MAY19-4750-C,5058.78,53.5,0.107,5.0,0.112,5.0,57.41,6.47856,-4.01974,3.43961,0.00037,0.66282
5058.78,index_price,1555412342533,open,0.3,0.0,0.29169747,0.32239684,0.29880504,60.45,None,0,BTC-31MAY19-6500-P,5058.78,0.0,0.0005,5.3,0.0,0.0,0.0,3.96324,-2.66917,-7.2024,0.00021,-0.85921
5058.78,index_price,1555412342543,open,0.17,38.9,0.16193459,0.20627913,0.17015217,56.99,0.1695,0,BTC-31MAY19-5750-P,5058.78,33.64,0.1455,2.0,0.0,0.0,0.0,6.11319,-3.88195,-5.44768,0.00034,-0.70573
5058.78,index_price,1555412342642,open,0.05,19.3,0.0415121,0.08686328,0.04879944,55.72,0.0485,0,BTC-31MAY19-4750-P,5058.78,53.92,0.0465,5.0,0.0505,2.0,57.05,6.47892,-4.02237,-2.40095,0.00037,-0.33723
5058.78,index_price,1555412342653,open,0.3,0.0,0.29169747,0.32239684,0.29880504,60.45,None,0,BTC-31MAY19-6500-P,5058.78,0.0,0.0005,5.3,0.3155,2.0,78.56,3.96324,-2.66917,-7.2024,0.00021,-0.85921
5052.03,BTC-27SEP19,1555412342713,open,0.15,35.4,0.13773484,0.20511849,0.15271038,59.74,0.163,0.0,BTC-27SEP19-5000-P,5058.78,57.93,0.148,3.5,0.1555,5.0,60.81,13.16425,-2.39934,-12.77723,0.00019,-0.4106
5051.99,BTC-27SEP19,1555412342900,open,0.1,701.7,0.08037985,0.14879913,0.09586134,59.99,0.1005,0.0,BTC-27SEP19-6000-C,5058.78,59.85,0.0955,14.6,0.1015,10.0,62.15,13.16163,-2.40909,7.13153,0.00019,0.41027
5058.78,index_price,1555412342908,open,0.0,3043.3,0.0,2.36e-05,4.705e-05,90.0,0.0005,0,BTC-26APR19-3250-P,5058.78,0.0,0.0,0.0,0.001,12.0,126.53,0.03048,-0.13888,-0.00156,0.0,-0.0011
5058.78,index_price,1555412342932,open,0.0,4.0,0.0,0.00033146,3.353e-05,90.0,0.0005,0,BTC-19APR19-4000-P,5058.78,0.0,0.0,0.0,0.001,10.1,134.88,0.02116,-0.1696,-0.00059,1e-05,-0.00144
5058.78,index_price,1555412342937,open,0.38,0.0,0.3837337,0.38429466,0.38448593,88.33,None,0,BTC-26APR19-7000-P,5058.78,0.0,0.0005,0.3,0.0,0.0,0.0,0.32014,-1.43166,-1.87409,5e-05,-0.98472
5048.38,BTC-28JUN19,1555412342947,open,0.4,19.5,0.39493135,0.42073499,0.40593922,62.39,0.7515,0.0,BTC-28JUN19-7000-P,5058.78,0.0,0.0005,0.4,0.0,0.0,0.0,5.27798,-2.25922,-12.65137,0.00017,-0.84921
5058.78,index_price,1555412342947,open,0.0,40.5,0.00093753,0.01281648,0.00410603,64.63,0.0025,0,BTC-31MAY19-3500-P,5058.78,60.74,0.003,25.0,0.005,5.0,67.38,1.56083,-1.12402,-0.28081,8e-05,-0.04104
5058.78,index_price,1555412342953,open,0.0,4.0,0.0,8.226e-05,3.46e-06,90.0,0.0005,0,BTC-19APR19-6750-C,5058.78,0.0,0.0,0.0,0.0005,10.0,140.24,0.00305,-0.01749,7e-05,0.0,0.00018
5048.38,BTC-28JUN19,1555412342964,open,0.02,66.7,0.00531229,0.02446916,0.01665558,61.4,0.016,0.0,BTC-28JUN19-3750-P,5058.78,59.41,0.015,12.0,0.018,10.0,62.97,4.27141,-1.79946,-1.28749,0.00014,-0.11108
5048.38,BTC-28JUN19,1555412342976,open,0.02,1378.0,0.00834793,0.03415157,0.01930086,62.34,0.021,0.0,BTC-28JUN19-7000-C,5058.78,60.58,0.0175,19.6,0.0215,20.6,64.4,5.27195,-2.25474,1.32274,0.00017,0.15053
5058.78,index_price,1555412342985,open,0.33,0.0,0.33431921,0.33546849,0.33526742,82.63,None,0,BTC-26APR19-6750-P,5058.78,0.0,0.0005,0.2,0.0,0.0,0.0,0.40262,-1.68435,-1.80028,7e-05,-0.98002
5058.78,index_price,1555412342984,open,0.0,75.4,2.691e-05,0.00544651,0.00088946,77.43,0.001,0,BTC-19APR19-5750-C,5058.78,70.52,0.0005,10.0,0.0015,10.0,85.23,0.33621,-4.49958,0.01307,0.00022,0.03368
5058.78,index_price,1555412342987,open,0.08,879.4,0.07120487,0.08993131,0.07265985,53.02,0.0735,0,BTC-26APR19-4750-C,5058.78,47.42,0.07,4.0,0.075,4.1,57.7,2.47604,-6.64655,0.96555,0.00067,0.77809
162.24,index_price,1555412342991,open,0.26,0.0,0.260382,0.264175,0.261403,91.0,None,0,ETH-26APR19-120-C,162.24,0.0,0.0,0.0,0.0,0.0,0.0,0.012,-0.05527,0.03162,0.00185,0.98167
5058.78,index_price,1555412342994,open,0.06,36.5,0.05385671,0.10272927,0.06204217,55.89,0.06,0,BTC-31MAY19-5250-C,5058.78,53.7,0.059,5.0,0.064,17.5,57.29,7.04697,-4.38795,2.49755,0.0004,0.4636
5051.99,BTC-27SEP19,1555412342994,open,0.17,31.3,0.13198535,0.3579008,0.167133,60.56,0.165,0.0,BTC-27DEC19-5500-C,5058.78,57.36,0.1565,5.0,0.183,5.5,65.34,16.78097,-1.99354,12.93917,0.00016,0.53392
5051.99,BTC-27SEP19,1555412343007,open,0.02,616.4,0.0092398,0.03546404,0.01878929,65.13,0.016,0.0,BTC-27SEP19-3000-P,5058.78,62.21,0.016,21.0,0.0215,6.0,67.81,4.98071,-0.98977,-2.21611,7e-05,-0.07891
5051.99,BTC-27SEP19,1555412343014,open,0.02,3.3,0.00164863,0.1244329,0.02296414,75.7,0.027,0.0,BTC-27DEC19-14000-C,5058.78,73.94,0.0205,1.0,0.027,10.3,78.38,7.28118,-1.08126,2.63479,5e-05,0.09765
5051.99,BTC-27SEP19,1555412343014,open,0.26,17.2,0.22066526,0.4465807,0.25583715,60.56,0.2505,0.0,BTC-27DEC19-5500-P,5058.78,56.25,0.2415,11.9,0.2625,5.0,62.57,16.7809,-1.99377,-25.4669,0.00016,-0.46606
5058.78,index_price,1555412343019,open,0.0,43.3,0.00034139,0.01019088,0.00156102,66.28,0.001,0,BTC-19APR19-4625-P,5058.78,60.37,0.001,3.9,0.002,20.6,70.17,0.53624,-6.18015,-0.02461,0.0004,-0.06019
5051.99,BTC-27SEP19,1555412343036,open,0.28,2.4,0.26803065,0.33644994,0.28355682,60.01,0.284,0.0,BTC-27SEP19-6000-P,5058.78,0.0,0.004,20.5,0.342,1.5,82.08,13.16216,-2.40988,-19.80637,0.00019,-0.58966
5058.78,index_price,1555412343037,open,0.0,147.1,6.8e-07,0.00217565,0.00046408,88.83,0.0005,0,BTC-19APR19-6000-C,5058.78,89.77,0.0005,6.1,0.001,10.0,99.88,0.18743,-2.34769,0.00651,0.0001,0.0168
5051.99,BTC-27SEP19,1555412343043,open,0.65,0.0,0.61909149,0.83372059,0.65082624,62.59,None,0.0,BTC-27DEC19-8000-P,5058.78,0.0,0.001,0.5,0.0,0.0,0.0,13.91996,-1.70918,-48.76466,0.00012,-0.73149
5051.99,BTC-27SEP19,1555412343063,open,0.01,336.1,0.00247431,0.01631023,0.00866947,68.6,0.0085,0.0,BTC-27SEP19-2500-P,5058.78,65.5,0.007,15.0,0.01,6.0,70.86,2.86832,-0.60036,-1.08532,4e-05,-0.03918
5051.99,BTC-27SEP19,1555412343065,open,0.21,15.5,0.19833845,0.26772641,0.21438392,60.01,0.1945,0.0,BTC-27SEP19-5500-P,5058.78,57.99,0.209,3.5,0.219,3.0,61.73,13.50394,-2.47235,-16.29681,0.0002,-0.5041
5051.99,BTC-27SEP19,1555412343065,open,0.14,107.0,0.10767576,0.31050896,0.14114283,61.28,0.139,0.0,BTC-27DEC19-4500-P,5058.78,58.87,0.134,17.0,0.1435,5.0,62.07,14.99492,-1.80252,-16.08831,0.00014,-0.31491
5058.78,index_price,1555412343065,open,0.0,195.4,0.00062069,0.00817738,0.00266429,64.67,0.0045,0,BTC-26APR19-6000-C,5058.78,57.82,0.0015,20.0,0.004,43.2,70.73,0.99729,-3.26541,0.07912,0.00022,0.06047
5058.78,index_price,1555412343065,open,0.0,21.8,8e-08,0.0013279,0.00022869,89.33,0.0005,0,BTC-19APR19-6125-C,5058.78,0.0,0.0,0.0,0.001,11.0,109.7,0.10739,-1.15687,0.00343,6e-05,0.00884
5051.99,BTC-27SEP19,1555412343065,open,0.31,34.5,0.2744809,0.4565255,0.30313015,61.27,0.3375,0.0,BTC-27DEC19-4000-C,5058.78,54.39,0.2855,5.5,0.3245,5.0,69.47,13.07073,-1.57108,16.17991,0.00012,0.76178
5051.99,BTC-27SEP19,1555412343065,open,0.03,45.8,0.00738653,0.1724716,0.03503493,69.63,0.0335,0.0,BTC-27DEC19-11000-C,5058.78,68.02,0.032,1.0,0.0395,10.5,71.88,9.74095,-1.33051,3.97372,8e-05,0.14768
5048.38,BTC-28JUN19,1555412343098,open,0.01,537.2,0.00045158,0.00761263,0.00638226,72.56,0.005,0.0,BTC-28JUN19-9000-C,5058.78,70.64,0.0055,10.0,0.0075,12.0,74.79,2.41864,-1.2041,0.46486,7e-05,0.0525
5058.78,index_price,1555412343099,open,0.03,60.9,0.0248947,0.06513844,0.03149706,56.13,0.032,0,BTC-31MAY19-4500-P,5058.78,54.3,0.0295,21.2,0.032,2.0,56.59,5.56534,-3.48048,-1.7142,0.00032,-0.24411
5058.78,index_price,1555412343098,open,0.09,30.9,0.08775147,0.09957548,0.08871205,61.0,0.075,0,BTC-19APR19-5500-P,5058.78,0.0,0.086,4.0,0.092,4.0,82.31,0.56649,-6.00802,-0.40818,0.00046,-0.93542
5058.78,index_price,1555412343108,open,0.0,102.0,0.00053281,0.01235682,0.00149339,61.0,0.002,0,BTC-19APR19-5500-C,5058.78,61.06,0.0015,2.0,0.0025,28.0,68.83,0.56649,-6.00802,0.02514,0.00046,0.06458
164.3,ETH-28JUN19,1555412343116,open,0.14,1069.0,0.118839,0.213459,0.135197,69.44,0.134,0.0,ETH-28JUN19-160-C,162.24,66.44,0.13,150.0,0.14,90.0,72.21,0.28453,-0.13555,0.15086,0.0076,0.59507
166.6,ETH-27SEP19,1555412343116,open,0.07,531.0,0.033536,0.135878,0.069211,77.59,0.063,0.0,ETH-27SEP19-260-C,162.24,74.32,0.062,60.0,0.065,35.0,75.69,0.37282,-0.08825,0.15431,0.00386,0.27551
164.3,ETH-28JUN19,1555412343116,open,0.11,685.0,0.092011,0.189381,0.109441,69.78,0.11,0.0,ETH-28JUN19-170-C,162.24,67.29,0.105,60.0,0.114,90.0,72.34,0.29257,-0.14007,0.13421,0.00778,0.51856
164.3,ETH-28JUN19,1555412343116,open,0.4,0.0,0.393956,0.42623,0.400121,76.82,None,0.0,ETH-28JUN19-100-C,162.24,0.0,0.005,5.0,0.0,0.0,0.0,0.07909,-0.04169,0.17946,0.00191,0.94718
164.3,ETH-28JUN19,1555412343120,open,0.27,1711.0,0.257004,0.349279,0.272931,70.29,0.286,0.0,ETH-28JUN19-200-P,162.24,0.0,0.031,18.0,0.281,1.0,75.29,0.26239,-0.12655,-0.31275,0.00693,-0.68045
164.3,ETH-28JUN19,1555412343120,open,0.04,1412.0,0.025004,0.095247,0.036763,70.37,0.03,0.0,ETH-28JUN19-130-P,162.24,68.02,0.034,180.0,0.039,120.0,72.24,0.19501,-0.09415,-0.07227,0.00514,-0.18355
166.6,ETH-27SEP19,1555412343120,open,0.16,1051.0,0.137129,0.250168,0.165159,71.01,0.169,0.0,ETH-27SEP19-160-P,162.24,68.19,0.158,60.0,0.169,120.0,72.52,0.42273,-0.09159,-0.40284,0.00478,-0.3734
164.3,ETH-28JUN19,1555412343120,open,0.09,1968.0,0.070321,0.167942,0.087798,69.95,0.097,0.0,ETH-28JUN19-180-C,162.24,67.8,0.084,150.0,0.092,90.0,72.33,0.2902,-0.13927,0.11751,0.0077,0.44602
166.6,ETH-27SEP19,1555412343120,open,1.42,0.0,1.404143,1.454399,1.424828,85.69,None,0.0,ETH-27SEP19-400-P,162.24,0.0,0.001,9.0,0.0,0.0,0.0,0.20685,-0.05408,-1.73314,0.00194,-0.89222
166.6,ETH-27SEP19,1555412343123,open,0.06,1527.0,0.039389,0.120652,0.058274,71.28,0.054,0.0,ETH-27SEP19-120-P,162.24,68.81,0.054,120.0,0.062,180.0,73.41,0.29014,-0.0631,-0.1762,0.00327,-0.17729
166.6,ETH-27SEP19,1555412343123,open,0.84,10.0,0.817665,0.903322,0.845718,78.14,0.781,0.0,ETH-27SEP19-300-P,162.24,0.0,0.004,4.0,0.85,1.0,80.42,0.30726,-0.07325,-1.23513,0.00316,-0.80554
166.6,ETH-27SEP19,1555412343123,open,0.0,120.0,0.000419,0.013209,0.004141,82.72,0.01,0.0,ETH-27SEP19-60-P,162.24,73.46,0.002,150.0,0.006,150.0,88.6,0.04711,-0.01189,-0.01583,0.00046,-0.01702
164.3,ETH-28JUN19,1555412343123,open,0.83,0.0,0.82747,0.866299,0.839249,86.64,None,0.0,ETH-28JUN19-300-P,162.24,0.0,0.002,15.0,0.0,0.0,0.0,0.11591,-0.0689,-0.57492,0.00248,-0.91333
166.6,ETH-27SEP19,1555412343123,open,0.13,342.0,0.092543,0.212023,0.124685,72.25,0.126,0.0,ETH-27SEP19-200-C,162.24,71.62,0.123,60.0,0.129,90.0,73.88,0.44128,-0.09728,0.24047,0.0049,0.44617
162.24,index_price,1555412343123,open,0.0,1019.0,0.000543,0.008653,0.003898,90.45,0.005,0,ETH-19APR19-180-C,162.24,76.87,0.002,255.0,0.005,150.0,96.91,0.02618,-0.41168,0.00129,0.01396,0.10496
162.24,index_price,1555412343123,open,0.14,195.0,0.137123,0.140229,0.138147,91.98,0.11,0,ETH-19APR19-140-C,162.24,0.0,0.136,50.0,0.142,50.0,128.67,0.01044,-0.16703,0.0106,0.00547,0.9676
5058.78,index_price,1555412343124,open,0.0,2173.6,5e-08,0.00015208,0.00025533,90.0,0.001,0,BTC-26APR19-3500-P,5058.78,0.0,0.0,0.0,0.001,12.0,107.61,0.12458,-0.56769,-0.00747,2e-05,-0.0052
164.3,ETH-28JUN19,1555412343137,open,0.01,255.0,0.000776,0.032098,0.011319,90.19,0.015,0.0,ETH-28JUN19-320-C,162.24,87.99,0.01,220.0,0.013,150.0,92.8,0.10197,-0.0631,0.02029,0.0021,0.07316
166.6,ETH-27SEP19,1555412343137,open,0.51,101.0,0.487743,0.597674,0.516547,72.91,0.353,0.0,ETH-27SEP19-240-P,162.24,0.0,0.005,30.0,0.527,1.0,77.29,0.39244,-0.0873,-0.90435,0.00432,-0.69249
164.3,ETH-28JUN19,1555412343137,open,0.25,325.0,0.233768,0.304012,0.245527,70.37,0.268,0.0,ETH-28JUN19-130-C,162.24,0.0,0.14,50.0,0.7,1.0,428.36,0.19501,-0.09415,0.18728,0.00514,0.81645
164.3,ETH-28JUN19,1555412343137,open,0.3,25.0,0.283159,0.341046,0.292867,71.45,0.315,0.0,ETH-28JUN19-120-C,162.24,0.0,0.002,10.0,0.0,0.0,0.0,0.15227,-0.07464,0.19052,0.00395,0.87365
164.3,ETH-28JUN19,1555412343138,open,0.05,2650.0,0.041746,0.122636,0.055351,69.74,0.058,0.0,ETH-28JUN19-140-P,162.24,66.67,0.051,180.0,0.058,120.0,71.59,0.23409,-0.11201,-0.1007,0.00623,-0.25161
164.3,ETH-28JUN19,1555412343137,open,0.01,69.0,0.000195,0.020482,0.008726,96.9,0.009,0.0,ETH-28JUN19-360-C,162.24,95.41,0.008,64.0,0.01,150.0,99.35,0.08206,-0.05456,0.01529,0.00157,0.05534
166.6,ETH-27SEP19,1555412343137,open,0.02,57.0,0.000886,0.03316,0.016776,91.02,0.018,0.0,ETH-27SEP19-480-C,162.24,89.12,0.015,60.0,0.02,210.0,94.21,0.16018,-0.04448,0.04456,0.00141,0.07635
162.24,index_price,1555412343138,open,0.0,335.0,0.0,0.000213,5.3e-05,100.0,0.001,0,ETH-19APR19-210-C,162.24,0.0,0.0,0.0,0.001,165.0,140.55,0.00095,-0.00866,3e-05,0.00046,0.0021
162.24,index_price,1555412343141,open,0.04,74.0,0.032569,0.06813,0.03882,69.69,0.029,0,ETH-26APR19-160-P,162.24,63.77,0.035,150.0,0.04,1.0,71.52,0.10478,-0.3697,-0.02054,0.02111,-0.42913
162.24,index_price,1555412343147,open,0.17,831.0,0.171129,0.174005,0.172169,94.75,0.165,0,ETH-19APR19-190-P,162.24,0.0,0.169,50.0,0.176,50.0,129.99,0.01065,-0.17543,-0.01456,0.00542,-0.96682
166.6,ETH-27SEP19,1555412343152,open,0.04,229.0,0.012066,0.089558,0.039159,79.96,0.042,0.0,ETH-27SEP19-320-C,162.24,78.68,0.037,11.0,0.042,120.0,81.61,0.2835,-0.06917,0.09858,0.00285,0.17096
166.6,ETH-27SEP19,1555412343152,open,1.3,1.0,1.285333,1.341476,1.307556,84.32,1.285,0.0,ETH-27SEP19-380-P,162.24,0.0,0.161,1.0,0.0,0.0,0.0,0.22281,-0.05732,-1.63656,0.00212,-0.88038
164.3,ETH-28JUN19,1555412343152,open,0.52,0.0,0.513293,0.525916,0.515836,84.11,None,0.0,ETH-28JUN19-80-C,162.24,0.0,0.001,10.0,0.0,0.0,0.0,0.0321,-0.01852,0.15301,0.00071,0.98226
164.3,ETH-28JUN19,1555412343170,open,0.06,1734.0,0.039719,0.131993,0.055646,70.29,0.062,0.0,ETH-28JUN19-200-C,162.24,69.26,0.054,180.0,0.062,120.0,74.23,0.26239,-0.12655,0.08657,0.00693,0.31955
164.3,ETH-28JUN19,1555412343202,open,0.21,339.0,0.189646,0.270537,0.203251,69.74,0.19,0.0,ETH-28JUN19-140-C,162.24,66.74,0.199,30.0,0.208,30.0,73.05,0.23409,-0.11201,0.17883,0.00623,0.74839
164.3,ETH-28JUN19,1555412343202,open,0.35,10.0,0.336931,0.38177,0.344719,73.41,0.265,0.0,ETH-28JUN19-110-C,162.24,0.0,0.002,8.0,0.0,0.0,0.0,0.11191,-0.05636,0.18783,0.00283,0.9173
166.6,ETH-27SEP19,1555412343202,open,0.06,313.0,0.023831,0.117893,0.055097,77.59,0.064,0.0,ETH-27SEP19-280-C,162.24,75.55,0.051,60.0,0.058,120.0,79.0,0.33898,-0.08024,0.13084,0.00351,0.23002
166.6,ETH-27SEP19,1555412343202,open,0.41,356.0,0.386729,0.502741,0.41802,72.72,0.385,0.0,ETH-27SEP19-220-P,162.24,68.33,0.407,60.0,0.431,60.0,77.8,0.42216,-0.09366,-0.78254,0.00466,-0.62816
164.3,ETH-28JUN19,1555412343202,open,0.17,387.0,0.151302,0.240429,0.166817,69.67,0.189,0.0,ETH-28JUN19-150-C,162.24,67.3,0.163,4.0,0.171,90.0,72.27,0.2649,-0.12663,0.16604,0.00705,0.67298
164.3,ETH-28JUN19,1555412343203,open,1.19,0.0,1.191309,1.211595,1.19984,96.9,None,0.0,ETH-28JUN19-360-P,162.24,0.0,0.002,2.0,0.0,0.0,0.0,0.08206,-0.05456,-0.70348,0.00157,-0.94466
164.3,ETH-28JUN19,1555412343203,open,0.46,0.0,0.453068,0.474352,0.457132,79.8,None,0.0,ETH-28JUN19-90-C,162.24,0.0,0.001,10.0,0.0,0.0,0.0,0.05133,-0.0281,0.16791,0.00119,0.969
166.6,ETH-27SEP19,1555412343202,open,0.34,77.0,0.3191,0.400364,0.337986,71.28,0.368,0.0,ETH-27SEP19-120-C,162.24,0.0,0.002,6.0,0.0,0.0,0.0,0.29014,-0.0631,0.36257,0.00327,0.82271
162.24,index_price,1555412343203,open,0.35,50.0,0.356016,0.356064,0.356024,100.0,0.341,0,ETH-19APR19-220-P,162.24,0.0,0.001,100.0,0.449,1.0,500.0,0.00019,-0.00323,-0.01733,9e-05,-0.99965
162.24,index_price,1555412343203,open,0.23,199.0,0.232742,0.233582,0.233046,100.0,0.225,0,ETH-19APR19-200-P,162.24,0.0,0.001,100.0,0.0,0.0,0.0,0.00396,-0.06884,-0.01563,0.00191,-0.98964
164.3,ETH-28JUN19,1555412343212,open,0.01,1225.0,0.006438,0.051277,0.014226,73.41,0.012,0.0,ETH-28JUN19-110-P,162.24,70.02,0.012,360.0,0.016,150.0,75.95,0.11191,-0.05636,-0.03179,0.00283,-0.0827
166.6,ETH-27SEP19,1555412343216,open,0.16,274.0,0.128521,0.247496,0.158579,71.26,0.16,0.0,ETH-27SEP19-180-C,162.24,69.54,0.154,60.0,0.164,90.0,73.29,0.44404,-0.09654,0.27825,0.005,0.53057
166.6,ETH-27SEP19,1555412343216,open,0.03,921.0,0.014914,0.071991,0.02844,72.96,0.026,0.0,ETH-27SEP19-100-P,162.24,70.83,0.026,60.0,0.031,150.0,75.12,0.19416,-0.04322,-0.09516,0.00214,-0.09878
166.6,ETH-27SEP19,1555412343216,open,0.02,112.0,0.003183,0.053439,0.023868,85.69,0.026,0.0,ETH-27SEP19-400-C,162.24,83.3,0.021,210.0,0.027,210.0,88.13,0.20685,-0.05408,0.06276,0.00194,0.10778
166.6,ETH-27SEP19,1555412343216,open,1.65,0.0,1.642724,1.682962,1.660818,88.44,None,0.0,ETH-27SEP19-440-P,162.24,0.0,0.0,0.0,0.0,0.0,0.0,0.18086,-0.04881,-1.92316,0.00164,-0.91028
166.6,ETH-27SEP19,1555412343216,open,0.02,5.0,0.001667,0.041906,0.019762,88.44,0.025,0.0,ETH-27SEP19-440-C,162.24,85.8,0.017,210.0,0.023,210.0,91.31,0.18086,-0.04881,0.05233,0.00164,0.08972
162.24,index_price,1555412343216,open,0.0,750.0,2.5e-05,0.002901,0.001064,94.75,0.002,0,ETH-19APR19-190-C,162.24,0.0,0.0,0.0,0.002,9.0,106.43,0.01065,-0.17265,0.00041,0.00542,0.03318
162.24,index_price,1555412343216,open,0.01,726.0,0.005705,0.022049,0.011296,80.53,0.011,0,ETH-19APR19-170-C,162.24,72.5,0.009,200.0,0.013,132.0,86.27,0.04747,-0.66464,0.00329,0.02842,0.26833
166.6,ETH-27SEP19,1555412343218,open,0.01,820.0,0.00368,0.035968,0.011727,76.27,0.012,0.0,ETH-27SEP19-80-P,162.24,71.73,0.009,150.0,0.014,150.0,79.67,0.1066,-0.02481,-0.04274,0.00112,-0.04542
162.24,index_price,1555412343218,open,0.0,236.0,0.0,1e-05,1e-06,100.0,0.001,0,ETH-19APR19-230-C,162.24,0.0,0.0,0.0,0.002,400.0,200.67,3e-05,-0.00017,0.0,1e-05,5e-05
162.24,index_price,1555412343218,open,0.41,120.0,0.417653,0.417663,0.417654,100.0,0.38,0,ETH-19APR19-230-P,162.24,0.0,0.001,100.0,0.523,1.0,500.0,3e-05,-0.00052,-0.01812,1e-05,-0.99995
162.24,index_price,1555412343218,open,0.0,72.0,0.0,0.000485,0.000161,100.0,0.001,0,ETH-19APR19-130-P,162.24,0.0,0.0,0.0,0.001,101.0,128.31,0.00228,-0.02614,-7e-05,0.0011,-0.00554
162.24,index_price,1555412343218,open,0.0,948.0,1e-06,0.00084,0.000304,100.0,0.001,0,ETH-19APR19-200-C,162.24,0.0,0.0,0.0,0.002,250.0,132.97,0.00396,-0.04939,0.00013,0.00191,0.01036
5048.38,BTC-28JUN19,1555412343243,open,0.1,196.3,0.08380923,0.12769722,0.09778664,57.95,0.0985,0.0,BTC-28JUN19-5000-P,5058.78,56.36,0.095,5.0,0.1,12.2,59.2,8.87514,-3.52892,-5.35853,0.0003,-0.43382
166.6,ETH-27SEP19,1555412343245,open,0.03,361.0,0.00861,0.078396,0.033886,81.33,0.029,0.0,ETH-27SEP19-340-C,162.24,79.44,0.031,60.0,0.037,150.0,83.28,0.26024,-0.06458,0.08683,0.00257,0.14997
162.24,index_price,1555412343247,open,0.2,0.0,0.199097,0.208763,0.20031,75.01,None,0,ETH-26APR19-130-C,162.24,0.0,0.0,0.0,0.0,0.0,0.0,0.01898,-0.07208,0.03371,0.00355,0.96836
162.24,index_price,1555412343253,open,0.0,10.0,2.7e-05,0.003819,0.001048,91.0,0.001,0,ETH-26APR19-120-P,162.24,0.0,0.0,0.0,0.002,200.0,101.39,0.012,-0.05527,-0.00085,0.00185,-0.01833
164.3,ETH-28JUN19,1555412343261,open,0.03,840.0,0.011461,0.081681,0.028004,76.85,0.034,0.0,ETH-28JUN19-240-C,162.24,75.09,0.026,60.0,0.031,267.0,79.39,0.18972,-0.10003,0.04845,0.00458,0.17569
164.3,ETH-28JUN19,1555412343261,open,0.18,4309.0,0.165878,0.263499,0.183355,69.95,0.183,0.0,ETH-28JUN19-180-P,162.24,66.91,0.178,90.0,0.187,91.0,72.01,0.2902,-0.13927,-0.24187,0.0077,-0.55398
166.6,ETH-27SEP19,1555412343261,open,0.21,117.0,0.176745,0.289784,0.204775,71.01,0.198,0.0,ETH-27SEP19-160-C,162.24,69.13,0.2,60.0,0.21,90.0,73.07,0.42273,-0.09159,0.31552,0.00478,0.6266
164.3,ETH-28JUN19,1555412343261,open,0.11,2253.0,0.092667,0.187288,0.109026,69.44,0.103,0.0,ETH-28JUN19-160-P,162.24,65.96,0.103,180.0,0.112,120.0,71.16,0.28453,-0.13555,-0.1686,0.0076,-0.40493
164.3,ETH-28JUN19,1555412343279,open,0.01,776.0,0.001542,0.040371,0.013321,86.64,0.013,0.0,ETH-28JUN19-300-C,162.24,84.72,0.012,220.0,0.015,150.0,88.95,0.11591,-0.0689,0.02406,0.00248,0.08667
166.6,ETH-27SEP19,1555412343279,open,0.27,155.0,0.239718,0.340234,0.264181,71.07,0.26,0.0,ETH-27SEP19-140-C,162.24,68.29,0.258,30.0,0.27,30.0,73.68,0.37122,-0.08049,0.34609,0.00419,0.72688
166.6,ETH-27SEP19,1555412343279,open,0.65,0.0,0.640275,0.653065,0.643997,82.72,None,0.0,ETH-27SEP19-60-C,162.24,0.0,0.001,4.0,0.0,0.0,0.0,0.04711,-0.01189,0.25356,0.00046,0.98298
164.3,ETH-28JUN19,1555412343279,open,0.95,0.0,0.948433,0.979755,0.958976,90.19,None,0.0,ETH-28JUN19-320-P,162.24,0.0,0.002,15.0,0.0,0.0,0.0,0.10197,-0.0631,-0.61862,0.0021,-0.92684
162.24,index_price,1555412343281,open,0.04,336.0,0.028715,0.047701,0.033918,75.21,0.03,0,ETH-19APR19-160-C,162.24,66.7,0.031,150.0,0.039,30.0,89.94,0.0558,-0.72964,0.00718,0.03578,0.59547
162.24,index_price,1555412343281,open,0.06,1423.0,0.053536,0.06988,0.059127,80.53,0.07,0,ETH-19APR19-170-P,162.24,65.74,0.055,50.0,0.063,50.0,93.39,0.04747,-0.66464,-0.01011,0.02842,-0.73167
164.3,ETH-28JUN19,1555412343283,open,0.0,1774.0,0.000846,0.02213,0.004911,79.8,0.007,0.0,ETH-28JUN19-90-P,162.24,72.82,0.003,150.0,0.006,150.0,83.1,0.05133,-0.0281,-0.01178,0.00119,-0.031
166.6,ETH-27SEP19,1555412343300,open,0.03,124.0,0.004421,0.060564,0.026643,84.32,0.03,0.0,ETH-27SEP19-380-C,162.24,82.3,0.024,210.0,0.03,210.0,86.76,0.22281,-0.05732,0.06955,0.00212,0.11962
162.24,index_price,1555412343300,open,0.0,120.0,0.0,3.9e-05,7e-06,100.0,0.001,0,ETH-19APR19-120-P,162.24,0.0,0.0,0.0,0.002,201.0,187.9,0.00015,-0.00108,0.0,7e-05,-0.00029
166.6,ETH-27SEP19,1555412343303,open,0.03,120.0,0.00616,0.068815,0.029871,82.83,0.026,0.0,ETH-27SEP19-360-C,162.24,80.79,0.027,60.0,0.033,210.0,84.95,0.2403,-0.06073,0.07738,0.00233,0.13332
166.6,ETH-27SEP19,1555412343303,open,0.63,0.0,0.59416,0.696502,0.629835,77.59,None,0.0,ETH-27SEP19-260-P,162.24,69.78,0.613,1.0,0.659,1.0,90.04,0.37282,-0.08825,-1.01302,0.00386,-0.72449
164.3,ETH-28JUN19,1555412343303,open,0.01,1984.0,0.002599,0.034873,0.008764,76.82,0.007,0.0,ETH-28JUN19-100-P,162.24,72.95,0.007,60.0,0.01,150.0,79.31,0.07909,-0.04169,-0.0202,0.00191,-0.05282
166.6,ETH-27SEP19,1555412343314,open,0.73,0.0,0.704503,0.798565,0.735769,77.59,None,0.0,ETH-27SEP19-280-P,162.24,0.0,0.003,6.0,0.763,2.0,90.14,0.33898,-0.08024,-1.12629,0.00351,-0.76998
164.3,ETH-28JUN19,1555412343314,open,2.03,0.0,2.043215,2.047914,2.044789,100.0,None,0.0,ETH-28JUN19-500-P,162.24,0.0,0.002,2.0,0.0,0.0,0.0,0.02241,-0.01538,-0.99498,0.00042,-0.98831
166.6,ETH-27SEP19,1555412343325,open,0.1,1091.0,0.080054,0.180571,0.104517,71.07,0.1,0.0,ETH-27SEP19-140-P,162.24,68.14,0.098,180.0,0.108,120.0,72.63,0.37122,-0.08049,-0.28247,0.00419,-0.27312
164.3,ETH-28JUN19,1555412343327,open,0.01,211.0,4.9e-05,0.013238,0.005942,100.0,0.006,0.0,ETH-28JUN19-400-C,162.24,100.16,0.006,210.0,0.009,150.0,107.16,0.06138,-0.04211,0.01069,0.00114,0.03854
164.3,ETH-28JUN19,1555412343327,open,0.71,0.0,0.707243,0.755127,0.720813,83.58,None,0.0,ETH-28JUN19-280-P,162.24,0.0,0.002,15.0,0.0,0.0,0.0,0.13564,-0.07778,-0.52928,0.00301,-0.89265
164.3,ETH-28JUN19,1555412343327,open,0.04,603.0,0.021632,0.103769,0.039164,73.89,0.05,0.0,ETH-28JUN19-220-C,162.24,72.3,0.037,60.0,0.042,120.0,75.93,0.22615,-0.11464,0.06458,0.00568,0.23602
164.3,ETH-28JUN19,1555412343327,open,0.37,1136.0,0.360646,0.442783,0.378178,73.89,0.358,0.0,ETH-28JUN19-220-P,162.24,0.0,0.011,14.0,0.38,1.0,75.2,0.22615,-0.11464,-0.37467,0.00568,-0.76398
164.3,ETH-28JUN19,1555412343329,open,0.6,0.0,0.58842,0.64689,0.604241,80.84,None,0.0,ETH-28JUN19-260-P,162.24,0.0,0.002,15.0,0.0,0.0,0.0,0.16169,-0.08968,-0.48103,0.00371,-0.86215
166.6,ETH-27SEP19,1555412343329,open,1.07,0.0,1.049426,1.119213,1.074703,81.33,None,0.0,ETH-27SEP19-340-P,162.24,0.0,0.003,6.0,1.091,1.0,90.89,0.26024,-0.06458,-1.43968,0.00257,-0.85003
166.6,ETH-27SEP19,1555412343329,open,0.05,131.0,0.016945,0.102602,0.044998,78.14,0.046,0.0,ETH-27SEP19-300-C,162.24,76.49,0.042,180.0,0.048,120.0,79.75,0.30726,-0.07325,0.11179,0.00316,0.19446
162.24,index_price,1555412343329,open,0.26,1.0,0.260355,0.260394,0.260362,100.0,0.268,0,ETH-19APR19-120-C,162.24,0.0,0.001,100.0,0.347,1.0,500.0,0.00015,-0.00267,0.00945,7e-05,0.99971
162.24,index_price,1555412343329,open,0.0,216.0,4.2e-05,0.003148,0.001066,91.98,0.002,0,ETH-19APR19-140-P,162.24,0.0,0.0,0.0,0.002,200.0,103.95,0.01044,-0.16703,-0.00043,0.00547,-0.0324
162.24,index_price,1555412343329,open,0.0,325.0,0.0,4.8e-05,8e-06,100.0,0.001,0,ETH-19APR19-220-C,162.24,0.0,0.0,0.0,0.001,160.0,161.34,0.00019,-0.00129,0.0,9e-05,0.00035
164.3,ETH-28JUN19,1555412343347,open,0.02,543.0,0.01353,0.071417,0.023238,71.45,0.024,0.0,ETH-28JUN19-120-P,162.24,67.87,0.02,357.0,0.025,150.0,73.33,0.15227,-0.07464,-0.04907,0.00395,-0.12635
166.6,ETH-27SEP19,1555412343347,open,1.89,0.0,1.882039,1.914313,1.897928,91.02,None,0.0,ETH-27SEP19-480-P,162.24,0.0,0.0,0.0,0.0,0.0,0.0,0.16018,-0.04448,-2.11052,0.00141,-0.92365
164.3,ETH-28JUN19,1555412343347,open,0.0,1500.0,0.000207,0.01283,0.00275,84.11,0.005,0.0,ETH-28JUN19-80-P,162.24,72.23,0.001,1999.0,0.004,300.0,89.8,0.0321,-0.01852,-0.00672,0.00071,-0.01774
162.24,index_price,1555412343347,open,0.0,1785.0,0.001596,0.012459,0.004841,81.08,0.007,0,ETH-19APR19-150-P,162.24,70.37,0.003,5.0,0.006,150.0,87.0,0.03048,-0.42963,-0.00172,0.01813,-0.13008
162.24,index_price,1555412343385,open,0.01,508.0,0.000186,0.009029,0.004495,97.6,0.006,0.2,ETH-26APR19-210-C,162.24,89.9,0.003,250.0,0.005,150.0,99.88,0.03492,-0.17817,0.00277,0.00502,0.06769
5058.78,index_price,1555412343383,open,0.17,38.9,0.16193459,0.20627913,0.17011217,56.96,0.1695,0,BTC-31MAY19-5750-P,5058.78,33.64,0.1455,2.0,0.1815,2.0,66.13,6.11177,-3.87879,-5.44836,0.00034,-0.70588
5058.78,index_price,1555412343399,open,0.3,0.0,0.29169747,0.32239684,0.29875248,60.45,None,0,BTC-31MAY19-6500-P,5058.78,0.0,0.2655,2.0,0.3155,2.0,78.56,3.96324,-2.66917,-7.2024,0.00021,-0.85921
162.24,index_price,1555412343403,open,0.03,95.0,0.020812,0.055573,0.027172,70.43,0.025,0,ETH-26APR19-170-C,162.24,68.53,0.026,200.0,0.032,201.0,78.18,0.1003,-0.35766,0.01483,0.02,0.36491
162.24,index_price,1555412343486,open,0.0,20.0,0.000379,0.010045,0.001592,75.01,0.003,0,ETH-26APR19-130-P,162.24,0.0,0.0,0.0,0.002,250.0,78.27,0.01898,-0.07208,-0.00146,0.00355,-0.03164
5058.78,index_price,1555412343501,open,0.05,19.3,0.0415121,0.08686328,0.0487818,55.72,0.0485,0,BTC-31MAY19-4750-P,5058.78,53.92,0.0465,5.0,0.0515,5.0,57.83,6.47892,-4.02237,-2.40095,0.00037,-0.33723
5058.78,index_price,1555412343502,open,0.3,0.0,0.29169747,0.32239684,0.29875248,60.45,None,0,BTC-31MAY19-6500-P,5058.78,0.0,0.2655,2.0,0.0,0.0,0.0,3.96324,-2.66917,-7.2024,0.00021,-0.85921
162.24,index_price,1555412343511,open,0.01,250.0,0.00067,0.014196,0.005912,90.27,0.009,0,ETH-26APR19-200-C,162.24,86.74,0.005,250.0,0.007,150.0,94.15,0.04367,-0.19959,0.00373,0.00679,0.09094
162.24,index_price,1555412343553,open,0.07,255.0,0.068642,0.103404,0.075002,70.43,0.081,0,ETH-26APR19-170-P,162.24,63.9,0.071,150.0,0.078,150.0,75.26,0.1003,-0.35766,-0.03117,0.02,-0.63509
162.24,index_price,1555412343753,open,0.29,0.0,0.287579,0.296423,0.291888,97.6,None,0.2,ETH-26APR19-210-P,162.24,0.0,0.0,0.0,0.0,0.0,0.0,0.03492,-0.06372,-0.05374,0.00502,-0.93231
162.24,index_price,1555412343774,open,0.24,0.0,0.233411,0.246938,0.238653,90.27,None,0,ETH-26APR19-200-P,162.24,0.0,0.0,0.0,0.0,0.0,0.0,0.04367,-0.19959,-0.05038,0.00679,-0.90906
162.24,index_price,1555412343868,open,0.12,1.0,0.11729,0.145855,0.124361,75.85,0.143,0,ETH-26APR19-180-P,162.24,64.16,0.119,50.0,0.126,50.0,79.16,0.07914,-0.30392,-0.03967,0.01465,-0.77941
162.24,index_price,1555412343868,open,0.01,101.0,0.002478,0.023064,0.008816,82.4,0.011,0,ETH-26APR19-190-C,162.24,80.08,0.008,250.0,0.011,150.0,88.21,0.05829,-0.24316,0.00559,0.00993,0.13618
5058.78,index_price,1555412344301,open,0.05,19.3,0.0415121,0.08686328,0.04878179,55.72,0.0485,0,BTC-31MAY19-4750-P,5058.78,53.92,0.0465,5.0,0.0505,2.0,57.05,6.47892,-4.02237,-2.40095,0.00037,-0.33723
5058.78,index_price,1555412344301,open,0.17,38.9,0.16193459,0.20627913,0.17011134,56.96,0.1695,0,BTC-31MAY19-5750-P,5058.78,33.64,0.1455,2.0,0.0,0.0,0.0,6.11177,-3.87879,-5.44836,0.00034,-0.70588
5058.78,index_price,1555412344304,open,0.3,0.0,0.29169747,0.32239684,0.29875259,60.45,None,0,BTC-31MAY19-6500-P,5058.78,0.0,0.0005,5.3,0.0,0.0,0.0,3.96324,-2.66917,-7.2024,0.00021,-0.85921
5058.78,index_price,1555412344304,open,0.3,0.0,0.29169747,0.32239684,0.29875259,60.45,None,0,BTC-31MAY19-6500-P,5058.78,0.0,0.0005,5.3,0.3155,2.0,78.56,3.96324,-2.66917,-7.2024,0.00021,-0.85921
162.24,index_price,1555412345006,open,0.14,150.0,0.139803,0.158924,0.142117,69.87,0.136,0,ETH-26APR19-140-C,162.24,65.46,0.141,50.0,0.147,50.0,85.54,0.04337,-0.15342,0.0337,0.00871,0.90991
5058.78,index_price,1555412345195,open,0.3,0.0,0.29169747,0.32239684,0.2987527,60.45,None,0,BTC-31MAY19-6500-P,5058.78,0.0,0.0005,5.3,0.0,0.0,0.0,3.96324,-2.66917,-7.2024,0.00021,-0.85921
5058.78,index_price,1555412345195,open,0.17,38.9,0.16193459,0.20627913,0.17011117,56.96,0.1695,0,BTC-31MAY19-5750-P,5058.78,33.64,0.1455,2.0,0.1815,2.0,66.13,6.11177,-3.87879,-5.44836,0.00034,-0.70588
5058.78,index_price,1555412345200,open,0.3,0.0,0.29169747,0.32239684,0.2987527,60.45,None,0,BTC-31MAY19-6500-P,5058.78,0.0,0.2655,2.0,0.0,0.0,0.0,3.96324,-2.66917,-7.2024,0.00021,-0.85921
5058.78,index_price,1555412345216,open,0.05,19.3,0.0415121,0.08686328,0.04878171,55.72,0.0485,0,BTC-31MAY19-4750-P,5058.78,53.92,0.0465,5.0,0.0515,5.0,57.83,6.47892,-4.02237,-2.40095,0.00037,-0.33723
5048.33,BTC-28JUN19,1555412345225,open,1.97,2.0,1.97127965,1.97136748,1.97193649,89.37,2.658,0.0,BTC-28JUN19-15000-P,5058.78,0.0,0.0,0.0,0.0,0.0,0.0,0.36924,-0.22642,-29.8976,1e-05,-0.99425
5058.78,index_price,1555412345225,open,0.01,445.8,0.00270065,0.01481783,0.00510328,59.12,0.0045,0,BTC-26APR19-4500-P,5058.78,55.25,0.004,2.5,0.005,2.0,58.77,1.51556,-4.53637,-0.15103,0.00037,-0.10524
5051.93,BTC-27SEP19,1555412345227,open,0.13,260.8,0.10965417,0.17904218,0.12567984,60.0,0.119,0.0,BTC-27SEP19-5500-C,5058.78,58.43,0.1215,14.6,0.13,3.0,61.61,13.50377,-2.47202,8.39651,0.0002,0.49587
5051.93,BTC-27SEP19,1555412345227,open,0.0,1666.5,1.996e-05,0.00114929,0.00152082,83.12,0.0025,0.0,BTC-27SEP19-1500-P,5058.78,72.2,0.0005,1.0,0.0025,15.1,89.47,0.65738,-0.16672,-0.19265,1e-05,-0.00697
5058.78,index_price,1555412345227,open,0.02,54.9,0.02512438,0.04784794,0.02407388,46.91,0.0285,0,BTC-19APR19-5125-P,5058.78,40.76,0.022,12.0,0.028,12.0,58.37,1.71684,-14.00423,-0.25458,0.00182,-0.61466
5058.78,index_price,1555412345227,open,0.28,0.0,0.2849248,0.28719367,0.28606878,75.89,None,0,BTC-26APR19-6500-P,5058.78,0.0,0.0005,10.3,0.0,0.0,0.0,0.50013,-1.92171,-1.72491,0.0001,-0.97415
5058.78,index_price,1555412345227,open,0.01,487.7,0.01016644,0.02889288,0.01162121,53.02,0.011,0,BTC-26APR19-4750-P,5058.78,50.7,0.0105,16.0,0.012,0.1,53.79,2.47603,-6.64647,-0.31964,0.00067,-0.22191
5058.78,index_price,1555412345227,open,0.04,467.0,0.03874927,0.06141211,0.03869293,49.91,0.0385,0,BTC-26APR19-5000-C,5058.78,47.29,0.037,12.0,0.0405,0.1,52.71,3.26429,-8.24902,0.731,0.00094,0.57276
5051.93,BTC-27SEP19,1555412345227,open,0.4,0.0,0.36523079,0.59482625,0.39966745,60.86,None,0.0,BTC-27DEC19-6500-P,5058.78,54.57,0.3795,1.6,0.414,1.6,65.26,16.35859,-1.95315,-35.10038,0.00015,-0.59532
5048.33,BTC-28JUN19,1555412345229,open,0.0,1413.4,0.0,6.47e-06,7.729e-05,90.0,0.001,0.0,BTC-28JUN19-1500-P,5058.78,108.21,0.0005,31.0,0.001,34.3,117.73,0.05062,-0.03126,-0.00726,0.0,-0.00064
5058.78,index_price,1555412345229,open,0.01,60.0,0.0068027,0.03750206,0.01385792,60.38,0.0175,0,BTC-31MAY19-6500-C,5058.78,58.61,0.0125,26.1,0.016,43.4,63.04,3.95715,-2.66212,0.78751,0.00021,0.14047
5058.78,index_price,1555412345229,open,0.0,1796.1,0.0,1.4e-07,4.6e-07,90.0,0.0005,0,BTC-26APR19-2750-P,5058.78,0.0,0.0,0.0,0.001,11.4,168.65,0.00051,-0.00232,-2e-05,0.0,-1e-05
162.24,index_price,1555412345231,open,0.01,1.0,0.002722,0.021843,0.005036,69.87,0.008,0,ETH-26APR19-140-P,162.24,65.8,0.004,250.0,0.006,250.0,73.34,0.04337,-0.15342,-0.00418,0.00871,-0.09009
5048.31,BTC-28JUN19,1555412345239,open,0.0,780.5,0.0,2.9e-06,6.222e-05,90.0,0.0005,0.0,BTC-28JUN19-20000-C,5058.78,106.25,0.0005,10.0,0.001,1.1,113.58,0.05008,-0.03092,0.00578,0.0,0.00064
5048.31,BTC-28JUN19,1555412345241,open,0.0,375.3,4.22e-06,0.0007873,0.00206359,84.09,0.0025,0.0,BTC-28JUN19-12000-C,5058.78,80.79,0.0015,20.0,0.0025,1.0,86.24,0.95803,-0.55271,0.15203,2e-05,0.01715
5051.93,BTC-27SEP19,1555412345246,open,0.1,32.8,0.06039588,0.28693213,0.09443708,61.42,0.0965,0.0,BTC-27DEC19-7000-C,5058.78,59.98,0.09,20.0,0.103,20.0,64.16,15.67549,-1.88871,9.10037,0.00014,0.35241
5058.78,index_price,1555412345250,open,0.51,0.0,0.5058097,0.50580971,0.50580972,90.0,None,0,BTC-26APR19-2500-C,5058.78,0.0,0.0005,0.2,0.0,0.0,0.0,3e-05,-0.00013,0.67642,0.0,1.0
5048.31,BTC-28JUN19,1555412345252,open,0.0,310.4,1.9e-07,0.00018043,0.00116557,89.89,0.0015,0.0,BTC-28JUN19-14000-C,5058.78,82.27,0.0005,22.0,0.0025,20.0,98.5,0.58419,-0.36029,0.08579,1e-05,0.00968
5051.93,BTC-27SEP19,1555412345252,open,1.4,0.0,1.37976823,1.52933915,1.40494287,71.62,None,0.0,BTC-27DEC19-12000-P,5058.78,0.0,0.0,0.0,0.0,0.0,0.0,8.73145,-1.22682,-80.39981,7e-05,-0.87415
5051.93,BTC-27SEP19,1555412345252,open,0.03,55.5,0.00443841,0.15400933,0.02966006,71.65,0.027,0.0,BTC-27DEC19-12000-C,5058.78,70.08,0.027,1.0,0.034,10.5,74.08,8.73808,-1.22822,3.39812,7e-05,0.12599
5058.78,index_price,1555412345264,open,0.09,44.2,0.07541046,0.12367444,0.08328489,55.7,0.0895,0,BTC-31MAY19-5000-C,5058.78,53.32,0.08,5.0,0.086,15.3,57.66,6.98922,-4.33738,2.98098,0.0004,0.56257
5051.93,BTC-27SEP19,1555412345273,open,0.01,695.5,0.00153786,0.01809329,0.01562186,77.62,0.015,0.0,BTC-27SEP19-12000-C,5058.78,74.86,0.013,20.0,0.019,15.0,80.83,5.04507,-1.19485,1.46623,6e-05,0.08027
5058.78,index_price,1555412345299,open,0.18,0.0,0.17339448,0.20684742,0.17924181,57.06,None,0,BTC-31MAY19-4250-C,5058.78,0.0,0.1595,1.0,0.0,0.0,0.0,4.4174,-2.80821,4.07344,0.00025,0.83417
5048.31,BTC-28JUN19,1555412345306,open,0.01,441.1,0.00391854,0.01923695,0.01124376,64.05,0.01,0.0,BTC-28JUN19-3500-P,5058.78,62.08,0.01,8.5,0.0125,10.5,65.95,3.2699,-1.43698,-0.89326,0.0001,-0.07738
5058.78,index_price,1555412345308,open,0.0,53.6,1e-08,0.00079277,0.00011174,90.0,0.001,0,BTC-19APR19-6250-C,5058.78,0.0,0.0,0.0,0.001,10.0,119.18,0.05988,-0.56526,0.00178,3e-05,0.00457
5051.93,BTC-27SEP19,1555412345324,open,0.08,327.6,0.06739736,0.12493651,0.08140346,60.44,0.084,0.0,BTC-27SEP19-4250-P,5058.78,58.89,0.078,28.2,0.0855,25.4,62.31,11.07863,-2.04309,-7.84753,0.00016,-0.26458
5058.78,index_price,1555412345327,open,0.0,58.1,5.436e-05,0.00601384,0.00103484,75.56,0.001,0,BTC-19APR19-4500-P,5058.78,66.62,0.0005,7.0,0.0015,32.8,81.29,0.36825,-4.83792,-0.01541,0.00024,-0.03764
5048.31,BTC-28JUN19,1555412345333,open,0.0,128.1,8.8e-07,0.00037488,0.00164227,87.88,0.002,0.0,BTC-28JUN19-13000-C,5058.78,77.13,0.0005,66.2,0.003,41.4,94.94,0.77827,-0.46923,0.11914,2e-05,0.01346
5058.78,index_price,1555412345333,open,0.14,72.0,0.1388888,0.15115173,0.14127813,59.43,0.09,0,BTC-26APR19-5750-P,5058.78,0.0,0.08,0.1,0.259,1.0,262.86,1.49861,-4.50936,-1.42029,0.00036,-0.89638
5048.31,BTC-28JUN19,1555412345342,open,0.79,6.6,0.78322632,0.79038674,0.78913217,72.51,0.704,0.0,BTC-28JUN19-9000-P,5058.78,0.0,0.0005,9.5,0.0,0.0,0.0,2.41311,-1.20051,-17.50576,7e-05,-0.94765
5048.31,BTC-28JUN19,1555412345343,open,0.2,2.5,0.1781415,0.21023451,0.19478185,58.56,0.166,0.0,BTC-28JUN19-4250-C,5058.78,0.0,0.0005,0.3,0.4,1.0,198.44,6.59384,-2.64935,5.9475,0.00022,0.78484
5048.31,BTC-28JUN19,1555412345343,open,0.32,147.1,0.31061722,0.32593562,0.31795205,64.07,0.3395,0.0,BTC-28JUN19-3500-C,5058.78,0.0,0.037,0.1,0.374,0.2,122.61,3.27113,-1.43785,6.09434,0.0001,0.92258
5051.93,BTC-27SEP19,1555412345343,open,0.19,11.5,0.17115072,0.23620633,0.18591271,59.88,0.175,0.0,BTC-27SEP19-4750-C,5058.78,57.72,0.1805,3.0,0.19,3.0,61.5,12.68338,-2.3171,10.26342,0.00018,0.63841
5058.78,index_price,1555412345343,open,0.23,0.0,0.23562233,0.23989532,0.23722943,70.66,None,0,BTC-26APR19-6250-P,5058.78,0.0,0.001,0.3,0.0,0.0,0.0,0.70382,-2.51776,-1.63994,0.00014,-0.96091
5058.78,index_price,1555412345344,open,0.31,0.0,0.30907111,0.32095007,0.31223955,64.63,None,0,BTC-31MAY19-3500-C,5058.78,0.0,0.0005,0.2,0.0,0.0,0.0,1.56082,-1.124,4.02234,8e-05,0.95896
5051.93,BTC-27SEP19,1555412345344,open,0.19,68.5,0.15954044,0.37680385,0.19304511,60.38,0.193,0.0,BTC-27DEC19-5000-P,5058.78,56.95,0.182,14.3,0.198,5.0,61.92,16.22674,-1.92199,-20.65715,0.00015,-0.39252
5051.93,BTC-27SEP19,1555412345348,open,0.27,239.2,0.25818986,0.31059106,0.27171882,60.97,0.3,0.0,BTC-27SEP19-4000-C,5058.78,0.0,0.162,0.1,0.2825,1.0,66.35,9.99519,-1.85927,11.55284,0.00014,0.78106
5058.78,index_price,1555412345348,open,0.16,0.0,0.1598769,0.16155838,0.16024704,89.76,None,0,BTC-19APR19-4250-C,5058.78,0.0,0.001,0.3,0.2225,0.1,392.33,0.15026,-2.34501,0.32951,8e-05,0.98701
5051.93,BTC-27SEP19,1555412345371,open,1.0,2.0,0.98518691,1.01485152,1.00304665,72.03,1.8325,0.0,BTC-27SEP19-10000-P,5058.78,0.0,0.002,0.3,0.0,0.0,0.0,6.78346,-1.49075,-42.70422,8e-05,-0.8797
5058.78,index_price,1555412345382,open,0.01,224.4,0.01239807,0.03492324,0.01123833,46.58,0.008,0,BTC-19APR19-5000-P,5058.78,39.92,0.009,29.6,0.0135,15.0,53.23,1.7108,-13.85558,-0.15626,0.00182,-0.38081
5051.93,BTC-27SEP19,1555412345390,open,0.02,636.4,0.00296145,0.02520566,0.01904443,75.04,0.0215,0.0,BTC-27SEP19-11000-C,5058.78,72.75,0.0165,20.0,0.023,15.0,78.3,5.82935,-1.33459,1.77831,7e-05,0.09745
5048.31,BTC-28JUN19,1555412345397,open,0.04,70.0,0.02000739,0.0521004,0.03663607,58.55,0.033,0.0,BTC-28JUN19-4250-P,5058.78,56.91,0.0345,9.6,0.0385,10.0,59.97,6.59343,-2.64878,-2.53768,0.00022,-0.21513
5058.78,index_price,1555412345397,open,0.04,31.3,0.04126034,0.06072498,0.04099143,48.9,0.0355,0,BTC-19APR19-4875-C,5058.78,37.4,0.0385,4.0,0.0435,4.0,58.66,1.2223,-10.3915,0.30611,0.00124,0.80903
5058.78,index_price,1555412345404,open,0.04,88.8,0.04289716,0.06308105,0.04277805,49.53,0.0415,0,BTC-19APR19-5250-P,5058.78,39.7,0.0405,4.0,0.046,4.0,61.43,1.27783,-11.00444,-0.33369,0.00128,-0.79445
5058.78,index_price,1555412345425,open,0.0,92.6,8.6e-07,0.00056182,0.0007531,88.33,0.001,0,BTC-26APR19-7000-C,5058.78,83.76,0.0005,1.0,0.001,10.0,91.87,0.32014,-1.43166,0.01988,5e-05,0.01528
5058.78,index_price,1555412345425,open,0.02,60.3,0.0107682,0.04628512,0.01816204,58.85,0.02,0,BTC-31MAY19-6250-C,5058.78,57.0,0.0165,5.0,0.0205,39.0,61.35,4.62784,-3.03436,0.99641,0.00025,0.17837
5051.93,BTC-27SEP19,1555412345447,open,0.04,303.5,0.02416241,0.06411918,0.03627518,62.64,0.0395,0.0,BTC-27SEP19-3500-P,5058.78,60.06,0.0325,20.4,0.04,6.0,65.11,7.5023,-1.43385,-3.97839,0.0001,-0.13912
5051.93,BTC-27SEP19,1555412345446,open,0.02,153.8,0.00550182,0.093674,0.02069998,68.5,0.0185,0.0,BTC-27DEC19-2500-P,5058.78,63.82,0.016,10.1,0.026,10.0,73.28,5.3442,-0.71817,-3.01855,4e-05,-0.06487
162.24,index_price,1555412345458,open,0.09,59.0,0.086948,0.116356,0.091601,69.69,0.103,0,ETH-26APR19-150-C,162.24,66.44,0.09,50.0,0.096,50.0,78.29,0.08087,-0.28533,0.02982,0.01629,0.77084
5058.78,index_price,1555412345466,open,0.61,0.0,0.60464776,0.60464776,0.60464776,90.0,None,0,BTC-26APR19-2000-C,5058.78,0.0,0.0005,0.2,0.0,0.0,0.0,0.0,0.0,0.54113,0.0,1.0
5058.78,index_price,1555412345472,open,0.0,30.4,4e-07,0.00168189,0.00037055,89.76,0.0005,0,BTC-19APR19-4250-P,5058.78,0.0,0.0,0.0,0.001,11.0,104.61,0.15026,-1.87451,-0.00533,8e-05,-0.01299
5058.78,index_price,1555412345472,open,0.07,26.4,0.06254991,0.07725423,0.06343405,56.29,0.068,0,BTC-19APR19-4750-C,5058.78,0.0,0.06,4.0,0.0655,4.0,67.9,0.78409,-7.67429,0.3337,0.00069,0.90068
5048.31,BTC-28JUN19,1555412345493,open,0.05,91.3,0.04064755,0.07879567,0.05264421,58.05,0.059,0.0,BTC-28JUN19-4500-P,5058.78,56.63,0.0505,5.5,0.055,9.6,59.6,7.63683,-3.04147,-3.38646,0.00026,-0.28333
5058.78,index_price,1555412345496,open,0.19,0.0,0.1866774,0.1942341,0.18872105,64.67,None,0,BTC-26APR19-6000-P,5058.78,0.0,0.0015,0.1,0.0,0.0,0.0,0.9973,-3.26545,-1.54428,0.00022,-0.93953
5058.78,index_price,1555412345498,open,0.06,183.1,0.05566337,0.07767049,0.05687319,52.0,0.0665,0,BTC-26APR19-5250-P,5058.78,48.9,0.055,12.0,0.06,4.1,57.1,3.07532,-8.09609,-0.97042,0.00085,-0.65211
5048.31,BTC-28JUN19,1555412345518,open,0.59,24.6,0.58670535,0.60091213,0.595347,67.89,0.609,0.0,BTC-28JUN19-8000-P,5058.78,0.0,0.0005,0.4,0.0,0.0,0.0,3.53999,-1.64886,-15.21369,0.0001,-0.91403
5048.31,BTC-28JUN19,1555412345518,open,0.01,1059.8,0.00201662,0.01622339,0.01068024,67.92,0.0115,0.0,BTC-28JUN19-8000-C,5058.78,66.93,0.01,49.7,0.0115,12.0,69.07,3.54371,-1.65136,0.76006,0.0001,0.08609
5058.78,index_price,1555412345518,open,0.41,5.9,0.40697164,0.40697403,0.40697755,90.0,0.4005,0,BTC-26APR19-3000-C,5058.78,0.0,0.0005,0.2,0.0,0.0,0.0,0.00503,-0.02291,0.81148,0.0,0.99984
5058.78,index_price,1555412345536,open,0.0,107.6,5.4e-06,0.00115468,0.00095364,82.63,0.001,0,BTC-26APR19-6750-C,5058.78,75.67,0.0005,48.0,0.0015,11.0,88.52,0.40263,-1.68439,0.02605,7e-05,0.01998
5051.93,BTC-27SEP19,1555412345546,open,0.07,31.6,0.03555529,0.25018301,0.06730462,62.6,0.0675,0.0,BTC-27DEC19-8000-C,5058.78,62.85,0.068,1.0,0.075,20.0,65.35,13.92046,-1.70939,7.09887,0.00012,0.26854
5051.93,BTC-27SEP19,1555412345553,open,0.03,324.4,0.01119702,0.05016018,0.02934333,68.13,0.0305,0.0,BTC-27SEP19-9000-C,5058.78,66.93,0.0275,15.0,0.0315,30.0,69.49,7.89026,-1.64012,2.73521,0.0001,0.14993
5058.78,index_price,1555412345557,open,0.34,0.0,0.33853041,0.36459348,0.34549687,62.64,None,0,BTC-31MAY19-6750-P,5058.78,0.0,0.0005,0.3,0.0,0.0,0.0,3.43048,-2.39411,-7.65688,0.00017,-0.88559
5058.78,index_price,1555412345563,open,0.13,21.7,0.12462028,0.17203382,0.13238615,55.92,0.135,0,BTC-31MAY19-5500-P,5058.78,52.97,0.1285,9.6,0.136,2.0,58.64,6.70487,-4.17748,-4.73374,0.00038,-0.62871
5058.78,index_price,1555412345567,open,0.0,1.0,0.0,0.00014913,8.68e-06,90.0,0.0005,0,BTC-19APR19-6625-C,5058.78,0.0,0.0,0.0,0.0005,10.0,132.44,0.00685,-0.04389,0.00017,0.0,0.00042
5058.78,index_price,1555412345573,open,0.46,10.2,0.45639067,0.45639081,0.45639113,90.0,0.006,0,BTC-26APR19-2750-C,5058.78,0.0,0.0005,25.2,0.0,0.0,0.0,0.00051,-0.00232,0.74404,0.0,0.99999
5058.78,index_price,1555412345586,open,0.01,927.5,0.006916,0.02463403,0.00887973,54.61,0.008,0,BTC-26APR19-5500-C,5058.78,52.59,0.008,16.0,0.01,0.1,57.09,2.24196,-6.19872,0.2449,0.00059,0.18781
5058.78,index_price,1555412345600,open,0.18,0.0,0.1860574,0.18823236,0.18652082,88.83,None,0,BTC-19APR19-6000-P,5058.78,0.0,0.001,0.3,0.2445,0.1,340.53,0.18743,-2.89482,-0.4662,0.0001,-0.9832
5058.78,index_price,1555412345606,open,0.05,71.5,0.03740162,0.08481516,0.04516749,55.92,0.0415,0,BTC-31MAY19-5500-C,5058.78,52.76,0.041,27.4,0.0475,16.6,57.67,6.70487,-4.17748,2.02835,0.00038,0.37129
5048.31,BTC-28JUN19,1555412345617,open,0.16,208.2,0.14926014,0.18740826,0.16126916,58.06,0.1745,0.0,BTC-28JUN19-4500-C,5058.78,56.22,0.1585,5.0,0.1645,5.0,60.18,7.63702,-3.04198,5.59794,0.00026,0.71665
5051.93,BTC-27SEP19,1555412345617,open,0.44,10.2,0.42785182,0.48857476,0.44068366,59.99,0.8,0.0,BTC-27SEP19-7000-P,5058.78,0.0,0.0025,0.3,0.494,1.0,82.14,11.20875,-2.05144,-26.53561,0.00016,-0.72922
5058.78,index_price,1555412345637,open,0.25,0.0,0.24624395,0.28176087,0.25363779,58.85,None,0,BTC-31MAY19-6250-P,5058.78,0.0,0.0005,0.3,0.0,0.0,0.0,4.62784,-3.03436,-6.68778,0.00025,-0.82163
5051.93,BTC-27SEP19,1555412345649,open,0.52,0.0,0.51064144,0.59881362,0.5258494,68.51,None,0.0,BTC-27DEC19-2500-C,5058.78,0.0,0.0,0.0,0.0,0.0,0.0,5.34524,-0.71841,14.43777,4e-05,0.93512
5051.93,BTC-27SEP19,1555412345658,open,0.14,49.2,0.10203404,0.33173235,0.13742405,60.73,0.134,0.0,BTC-27DEC19-6000-C,5058.78,59.7,0.134,5.0,0.1465,15.0,63.46,16.78069,-1.99915,11.59333,0.00016,0.46606
5058.78,index_price,1555412345662,open,0.03,266.2,0.02712987,0.04979271,0.02707352,49.91,0.026,0,BTC-26APR19-5000-P,5058.78,48.25,0.026,12.0,0.0275,0.1,50.57,3.26429,-8.24902,-0.62184,0.00094,-0.42724
5051.93,BTC-27SEP19,1555412345662,open,0.05,63.5,0.02094545,0.2196834,0.05312506,65.37,0.0565,0.0,BTC-27DEC19-9000-C,5058.78,64.5,0.051,1.0,0.057,20.5,66.93,12.38556,-1.5883,5.76414,0.00011,0.21652
5048.31,BTC-28JUN19,1555412345671,open,0.0,590.5,5.2e-07,0.00017958,0.0009052,90.0,0.003,0.0,BTC-28JUN19-2000-P,5058.78,91.18,0.001,10.0,0.0025,2.0,104.13,0.39195,-0.24202,-0.0711,1e-05,-0.00615
5048.31,BTC-28JUN19,1555412345671,open,0.16,45.2,0.13585591,0.17937152,0.15814027,57.94,0.1645,0.0,BTC-28JUN19-5500-P,5058.78,55.56,0.154,5.0,0.161,5.0,59.57,8.81815,-3.50527,-7.43878,0.0003,-0.57988
5058.78,index_price,1555412345671,open,0.21,485.7,0.20934166,0.21168046,0.21060893,76.16,0.21,0,BTC-26APR19-4000-C,5058.78,0.0,0.1105,4.8,0.2135,1.7,95.88,0.50845,-1.96055,1.04438,0.0001,0.97364
5058.78,index_price,1555412345671,open,0.0,6.7,0.0,0.00026543,2.106e-05,90.0,0.003,0,BTC-19APR19-6500-C,5058.78,0.0,0.0,0.0,0.0005,10.0,124.42,0.01476,-0.10656,0.00038,1e-05,0.00097
5058.78,index_price,1555412345674,open,0.02,130.2,0.01351799,0.04697093,0.01936531,57.06,0.019,0,BTC-31MAY19-4250-P,5058.78,54.89,0.0175,36.3,0.02,2.0,57.78,4.4174,-2.80821,-1.15182,0.00025,-0.16583
5048.31,BTC-28JUN19,1555412345678,open,0.0,333.9,2.027e-05,0.00166853,0.00294476,80.97,0.003,0.0,BTC-28JUN19-11000-C,5058.78,74.0,0.0015,42.0,0.0045,32.0,86.25,1.2882,-0.71565,0.21545,3e-05,0.02432
162.24,index_price,1555412345680,open,0.02,131.0,0.011504,0.040913,0.016157,69.69,0.028,0,ETH-26APR19-150-P,162.24,65.29,0.014,200.0,0.017,2.0,71.37,0.08087,-0.28533,-0.01077,0.01629,-0.22916
5058.78,index_price,1555412345693,open,0.16,4.0,0.16135185,0.16483081,0.16204045,84.44,0.103,0,BTC-19APR19-5875-P,5058.78,0.0,0.001,0.3,0.2495,0.1,409.9,0.2633,-3.86561,-0.45314,0.00015,-0.9749
5058.78,index_price,1555412345693,open,0.01,11.6,0.00270214,0.02104975,0.00682184,61.2,0.0075,0,BTC-31MAY19-3750-P,5058.78,58.13,0.0055,25.0,0.0075,2.0,62.67,2.2894,-1.56116,-0.45608,0.00012,-0.06651
5051.93,BTC-27SEP19,1555412345705,open,0.38,0.0,0.37216238,0.40526167,0.38284928,63.54,None,0.0,BTC-27SEP19-3250-C,5058.78,0.0,0.0005,0.3,0.0,0.0,0.0,6.191,-1.20025,11.59741,9e-05,0.89416
5048.31,BTC-28JUN19,1555412345713,open,0.41,43.8,0.40631705,0.41237585,0.41097547,71.33,0.433,0.0,BTC-28JUN19-3000-C,5058.78,0.0,0.0005,0.3,0.0,0.0,0.0,1.80608,-0.88392,5.56861,5e-05,0.96345
5048.31,BTC-28JUN19,1555412345715,open,0.01,919.7,0.00057533,0.00663412,0.00522551,71.31,0.006,0.0,BTC-28JUN19-3000-P,5058.78,67.63,0.004,19.9,0.0065,32.0,74.67,1.80454,-0.88288,-0.4207,5e-05,-0.03651
5051.9,BTC-27SEP19,1555412345726,open,1.78,0.0,1.77288301,1.8956643,1.7941526,75.67,None,0.0,BTC-27DEC19-14000-P,5058.78,0.0,0.0,0.0,0.0,0.0,0.0,7.27331,-1.07965,-95.12916,5e-05,-0.90249
5058.78,index_price,1555412345738,open,0.01,14.5,0.0042166,0.03027968,0.01118306,62.64,0.0105,0,BTC-31MAY19-6750-C,5058.78,61.62,0.0105,0.7,0.0125,27.0,64.53,3.43048,-2.39411,0.64205,0.00017,0.11441
5058.78,index_price,1555412345763,open,0.13,8.3,0.13666459,0.1420842,0.13752721,77.43,0.13,0,BTC-19APR19-5750-P,5058.78,0.0,0.001,0.3,0.22,4.2,375.74,0.33622,-4.52633,-0.43995,0.00022,-0.96631
5051.9,BTC-27SEP19,1555412345765,open,0.11,47.3,0.07859221,0.30818754,0.11305362,60.87,0.115,0.0,BTC-27DEC19-6500-C,5058.78,59.31,0.108,20.0,0.122,20.0,63.62,16.35882,-1.95342,10.2887,0.00015,0.40471
5058.78,index_price,1555412345773,open,0.21,0.0,0.20275016,0.24295714,0.20998663,57.21,None,0,BTC-31MAY19-6000-P,5058.78,0.0,0.0005,0.3,0.0,0.0,0.0,5.34056,-3.40445,-6.1166,0.0003,-0.77345
5051.9,BTC-27SEP19,1555412345787,open,0.61,0.0,0.60530933,0.66021892,0.61530538,74.22,None,0.0,BTC-27DEC19-2000-C,5058.78,0.0,0.0,0.0,0.0,0.0,0.0,3.3079,-0.48161,12.31493,3e-05,0.9644
5058.78,index_price,1555412345787,open,0.36,25.7,0.35755261,0.35757622,0.35759966,90.0,0.351,0,BTC-26APR19-3250-C,5058.78,0.0,0.155,1.0,0.0,0.0,0.0,0.03048,-0.13888,0.87778,0.0,0.9989
5058.78,index_price,1555412345787,open,0.0,116.0,0.00180597,0.01790856,0.00248554,54.39,0.004,0,BTC-19APR19-5375-C,5058.78,47.77,0.0015,24.0,0.004,23.7,62.61,0.83883,-7.93246,0.04245,0.00076,0.109
5048.31,BTC-28JUN19,1555412345792,open,0.36,0.1,0.35702755,0.3651836,0.36351239,66.65,0.395,0.0,BTC-28JUN19-3250-C,5058.78,0.0,0.0005,0.4,0.0,0.0,0.0,2.39307,-1.09437,5.89327,7e-05,0.9482
5058.78,index_price,1555412345792,open,0.0,1123.2,0.0,2.38e-06,5.91e-06,90.0,0.001,0,BTC-26APR19-3000-P,5058.78,0.0,0.0,0.0,0.0005,12.0,133.94,0.00503,-0.02291,-0.00022,0.0,-0.00016
5051.9,BTC-27SEP19,1555412345792,open,0.0,42.0,0.00011844,0.02754156,0.0044162,78.87,0.002,0.0,BTC-27DEC19-1500-P,5058.78,69.35,0.002,10.0,0.007,10.0,86.01,1.59222,-0.24636,-0.68244,1e-05,-0.01493
5058.78,index_price,1555412345792,open,0.01,244.8,0.00509754,0.02528142,0.00497857,49.53,0.0075,0,BTC-19APR19-5250-C,5058.78,45.53,0.004,16.0,0.007,17.9,57.16,1.27784,-11.00465,0.07994,0.00128,0.20555
5058.78,index_price,1555412345805,open,0.0,1361.5,2.35e-06,0.00069311,0.00092397,88.68,0.0005,0,BTC-26APR19-3750-P,5058.78,0.0,0.0,0.0,0.0015,25.7,95.83,0.347,-1.55799,-0.02424,6e-05,-0.01678
5051.9,BTC-27SEP19,1555412345820,open,1.19,3.1,1.18035992,1.20260371,1.19640382,75.0,1.9215,0.0,BTC-27SEP19-11000-P,5058.78,0.0,0.002,0.3,0.0,0.0,0.0,5.82314,-1.33257,-47.6112,7e-05,-0.90269
5051.9,BTC-27SEP19,1555412345838,open,0.62,2.5,0.60538454,0.65517868,0.62502757,65.55,1.278,0.0,BTC-27SEP19-8000-P,5058.78,0.0,0.004,0.3,0.0,0.0,0.0,9.59388,-1.91885,-32.22812,0.00013,-0.79586
5051.9,BTC-27SEP19,1555412345838,open,0.24,0.0,0.22613163,0.28367125,0.24015349,60.45,None,0.0,BTC-27SEP19-4250-C,5058.78,0.0,0.0005,0.3,0.0,0.0,0.0,11.07885,-2.04337,11.23323,0.00016,0.73541
5051.9,BTC-27SEP19,1555412345842,open,0.04,937.3,0.02182192,0.07161606,0.04149316,65.57,0.041,0.0,BTC-27SEP19-8000-C,5058.78,64.78,0.04,10.0,0.0445,14.6,67.13,9.59617,-1.91974,3.69105,0.00013,0.20423
5051.9,BTC-27SEP19,1555412345859,open,0.01,36.9,0.00119998,0.05610957,0.01118898,74.21,0.0105,0.0,BTC-27DEC19-2000-P,5058.78,68.92,0.008,23.0,0.015,10.0,79.62,3.30687,-0.4814,-1.65014,3e-05,-0.03559
5058.78,index_price,1555412345859,open,0.0,464.5,0.00014658,0.00441957,0.00175375,70.66,0.002,0,BTC-26APR19-6250-C,5058.78,64.31,0.001,20.0,0.003,30.2,78.26,0.70384,-2.51784,0.05111,0.00014,0.03909
5051.9,BTC-27SEP19,1555412345861,open,0.35,261.1,0.3313546,0.37131192,0.34348026,62.65,0.38,0.0,BTC-27SEP19-3500-C,5058.78,0.0,0.161,1.0,0.389,2.5,90.19,7.5031,-1.4342,11.73491,0.0001,0.86085
5048.31,BTC-28JUN19,1555412345879,open,0.0,848.1,9.673e-05,0.00355924,0.00417221,76.88,0.0055,0.0,BTC-28JUN19-10000-C,5058.72,73.09,0.003,30.0,0.0055,12.0,80.44,1.72429,-0.90957,0.30611,4e-05,0.03454
5051.9,BTC-27SEP19,1555412345880,open,0.52,57.5,0.50761133,0.52144822,0.51381303,68.61,0.389,0.0,BTC-27SEP19-2500-C,5058.72,0.0,0.001,0.4,0.0,0.0,0.0,2.86948,-0.60069,10.13845,4e-05,0.9608
5051.9,BTC-27SEP19,1555412345880,open,0.43,227.1,0.41540492,0.4416306,0.42496018,65.14,0.456,0.0,BTC-27SEP19-3000-C,5058.72,0.0,0.135,0.1,0.0,0.0,0.0,4.98145,-0.99,11.25261,7e-05,0.92107
5048.31,BTC-28JUN19,1555412345880,open,0.51,24.4,0.50482018,0.50630571,0.50755111,82.41,0.5115,0.0,BTC-28JUN19-2500-C,5058.72,0.0,0.0005,1.0,0.0,0.0,0.0,1.00789,-0.5699,4.78019,2e-05,0.9818
5048.31,BTC-28JUN19,1555412345880,open,0.7,33.3,0.70287086,0.70287733,0.70295227,90.4,0.7165,0.0,BTC-28JUN19-1500-C,5058.72,0.0,0.0005,1.0,0.0,0.0,0.0,0.0527,-0.03269,2.9873,0.0,0.99933
5051.9,BTC-27SEP19,1555412345880,open,0.0,409.3,0.00037206,0.00559701,0.00425807,76.04,0.0065,0.0,BTC-27SEP19-2000-P,5058.72,71.58,0.003,8.1,0.006,15.0,81.09,1.57365,-0.36508,-0.529,2e-05,-0.01906
5048.31,BTC-28JUN19,1555412345880,open,0.04,2322.2,0.03058485,0.07004264,0.0424327,57.95,0.0455,0.0,BTC-28JUN19-6000-C,5058.72,57.34,0.0415,19.6,0.047,20.6,60.88,7.78843,-3.09639,2.55015,0.00026,0.29544
5048.31,BTC-28JUN19,1555412345880,open,2.95,0.4,2.96172184,2.96172474,2.96172914,78.77,5.076,0.0,BTC-28JUN19-20000-P,5058.72,0.0,0.0,0.0,0.0,0.0,0.0,0.00841,-0.00454,-39.93102,0.0,-0.99991
5048.31,BTC-28JUN19,1555412345880,open,1.57,0.8,1.57512008,1.57549408,1.57672579,87.64,2.171,0.0,BTC-28JUN19-13000-P,5058.72,0.0,0.07,1.0,0.0,0.0,0.0,0.76641,-0.46086,-25.83862,2e-05,-0.98677
5051.9,BTC-27SEP19,1555412345880,open,0.81,0.0,0.79270457,0.83166718,0.81081863,68.11,None,0.0,BTC-27SEP19-9000-P,5058.72,0.0,0.002,0.3,0.0,0.0,0.0,7.88645,-1.63883,-37.67421,0.0001,-0.85017
5048.31,BTC-28JUN19,1555412345880,open,1.77,1.3,1.77320548,1.77338572,1.77433241,89.55,2.415,0.0,BTC-28JUN19-14000-P,5058.72,0.0,0.0,0.0,0.0,0.0,0.0,0.57027,-0.35039,-27.8688,1e-05,-0.99059
5048.31,BTC-28JUN19,1555412345880,open,0.23,35.5,0.2191014,0.25855919,0.23093278,57.93,0.204,0.0,BTC-28JUN19-6000-P,5058.72,0.0,0.0005,0.4,0.2345,1.0,60.23,7.78782,-3.09558,-9.42977,0.00026,-0.70461
5051.9,BTC-27SEP19,1555412345880,open,0.71,42.8,0.70310197,0.70423134,0.70460817,83.16,0.6235,0.0,BTC-27SEP19-1500-C,5058.72,0.0,0.0015,0.3,0.0,0.0,0.0,0.6589,-0.16719,6.54143,1e-05,0.99301
5051.9,BTC-27SEP19,1555412345880,open,0.17,779.6,0.14802248,0.21540709,0.1629864,59.73,0.157,0.0,BTC-27SEP19-5000-C,5058.72,58.2,0.159,10.8,0.168,3.0,61.66,13.16414,-2.39914,9.67108,0.00019,0.58937
5051.9,BTC-27SEP19,1555412345880,open,0.1,25.2,0.08789525,0.14967021,0.10229987,60.09,0.0985,0.0,BTC-27SEP19-4500-P,5058.72,58.06,0.0975,14.8,0.1055,3.0,61.44,11.98469,-2.19721,-9.40944,0.00017,-0.31255
5048.31,BTC-28JUN19,1555412345880,open,0.61,20.1,0.60382834,0.6040074,0.60473851,90.07,0.578,0.0,BTC-28JUN19-2000-C,5058.72,0.0,0.0005,1.0,0.0,0.0,0.0,0.39357,-0.24321,3.92175,1e-05,0.99382
5051.9,BTC-27SEP19,1555412345880,open,0.25,9.9,0.21692929,0.4197653,0.250408,61.28,0.234,0.0,BTC-27DEC19-4500-C,5058.72,56.09,0.235,5.0,0.269,5.5,67.55,14.99489,-1.80263,15.33392,0.00014,0.68508
5058.72,index_price,1555412345880,open,0.01,106.9,0.01202974,0.03475267,0.01098397,46.93,0.011,0,BTC-19APR19-5125-C,5058.72,46.97,0.011,5.0,0.012,0.1,49.91,1.71673,-14.00737,0.14917,0.00181,0.38527
5051.9,BTC-27SEP19,1555412345880,open,0.02,23.6,0.00269178,0.13814712,0.02580832,73.69,0.036,0.0,BTC-27DEC19-13000-C,5058.72,72.18,0.0235,1.0,0.0295,10.5,75.96,7.93195,-1.14658,2.96588,6e-05,0.10988
5048.31,BTC-28JUN19,1555412345882,open,0.0,676.9,3.541e-05,0.00152094,0.00275947,82.38,0.002,0.0,BTC-28JUN19-2500-P,5058.72,78.19,0.002,45.1,0.0035,12.0,85.83,1.00637,-0.5688,-0.2109,2e-05,-0.01816
5048.31,BTC-28JUN19,1555412345882,open,1.37,10.0,1.37703733,1.37782041,1.37906372,83.91,1.243,0.0,BTC-28JUN19-12000-P,5058.72,0.0,0.0005,0.4,0.0,0.0,0.0,0.94755,-0.54553,-23.80898,2e-05,-0.98307
5048.31,BTC-28JUN19,1555412345882,open,1.18,5.7,1.17896729,1.18061555,1.18186157,80.85,1.142,0.0,BTC-28JUN19-11000-P,5058.72,0.0,0.0005,0.4,0.0,0.0,0.0,1.27952,-0.70979,-21.74875,3e-05,-0.97588
5058.72,index_price,1555412345880,open,0.11,8.0,0.11207221,0.12024783,0.11293071,67.75,0.0845,0,BTC-19APR19-5625-P,5058.72,0.0,0.0005,10.3,0.1955,0.1,354.93,0.39814,-4.69015,-0.42705,0.00029,-0.95857
5058.72,index_price,1555412345879,open,0.09,149.2,0.09414568,0.11186233,0.09609842,54.59,0.0805,0,BTC-26APR19-5500-P,5058.72,50.86,0.0945,4.0,0.099,3.0,60.85,2.24081,-6.19279,-1.24341,0.00059,-0.81235
5058.72,index_price,1555412345880,open,0.28,0.0,0.28491002,0.28517535,0.28491584,81.82,None,0,BTC-19APR19-6500-P,5058.72,0.0,0.001,0.3,0.3625,0.1,466.55,0.00525,-0.0747,-0.51199,0.0,-0.99968
5051.84,BTC-27SEP19,1555412345880,open,1.01,0.3,0.99187054,1.17358168,1.02091028,67.05,1.4475,0.0,BTC-27DEC19-10000-P,5058.72,0.0,0.1,0.3,0.0,0.0,0.0,10.84084,-1.42587,-65.15392,9e-05,-0.82604
5051.84,BTC-27SEP19,1555412345880,open,0.83,0.0,0.80247279,1.00120804,0.83460022,65.35,None,0.0,BTC-27DEC19-9000-P,5058.72,0.0,0.001,0.5,0.0,0.0,0.0,12.3809,-1.58719,-57.08485,0.00011,-0.78361
5051.84,BTC-27SEP19,1555412345884,open,0.13,24.0,0.11139389,0.17645045,0.12613251,59.87,0.1205,0.0,BTC-27SEP19-4750-P,5058.72,58.02,0.1215,13.3,0.1295,3.0,61.21,12.68338,-2.31674,-11.06277,0.00018,-0.36161
5058.72,index_price,1555412345883,open,0.01,20.3,0.00650628,0.0323333,0.01214956,59.64,0.0125,0,BTC-31MAY19-4000-P,5058.72,57.86,0.011,1.0,0.0125,2.0,60.17,3.3316,-2.21387,-0.75865,0.00018,-0.10983
5058.72,index_price,1555412345879,open,0.0,295.4,0.0,0.0,0.0,90.0,0.0005,0,BTC-26APR19-2000-P,5058.72,0.0,0.0,0.0,0.0005,15.0,227.78,0.0,0.0,0.0,0.0,0.0
5058.78,index_price,1555412345879,open,0.0,653.6,0.00046339,0.00652671,0.00263118,68.01,0.0035,0,BTC-26APR19-4250-P,5058.78,64.22,0.002,1.5,0.003,20.0,70.0,0.90368,-3.11168,-0.07663,0.00019,-0.05336
5058.72,index_price,1555412345881,open,0.14,0.0,0.13516256,0.13846524,0.13590478,85.4,None,0,BTC-19APR19-4375-C,5058.72,0.0,0.0005,10.4,0.0,0.0,0.0,0.26582,-3.94727,0.33427,0.00015,0.97461
5058.72,index_price,1555412345880,open,0.31,0.0,0.30961982,0.3097689,0.30961297,0.0,None,0,BTC-19APR19-6625-P,5058.72,0.0,0.001,0.3,0.392,0.1,496.68,0.0,0.0,-0.52196,0.0,-1.0
5048.25,BTC-28JUN19,1555412345886,open,0.11,804.1,0.09338045,0.13726915,0.10737041,57.95,0.1065,0.0,BTC-28JUN19-5000-C,5058.72,57.17,0.106,5.0,0.1105,7.2,59.73,8.87507,-3.52867,4.62409,0.0003,0.56614
5058.72,index_price,1555412345882,open,0.03,53.1,0.02529412,0.06963765,0.03347264,56.96,0.035,0,BTC-31MAY19-5750-C,5058.72,55.32,0.0315,5.0,0.0355,23.5,58.63,6.11155,-3.87872,1.62099,0.00034,0.2941
5058.72,index_price,1555412345880,open,0.01,145.1,0.00225037,0.01451186,0.00464047,59.44,0.007,0,BTC-26APR19-5750-C,5058.72,55.34,0.0035,20.0,0.006,40.1,63.76,1.49854,-4.50945,0.13546,0.00036,0.10361
5058.72,index_price,1555412345880,open,0.11,1.4,0.11050132,0.11646219,0.11149229,75.7,0.102,0,BTC-19APR19-4500-C,5058.72,0.0,0.001,1.5,0.164,0.1,297.55,0.37041,-4.8752,0.33901,0.00024,0.96209
5048.25,BTC-28JUN19,1555412345886,open,0.13,112.0,0.11078052,0.15240359,0.13224806,57.95,0.142,0.0,BTC-28JUN19-4750-C,5058.72,56.9,0.1305,5.0,0.1355,7.2,59.9,8.4202,-3.34788,5.1411,0.00029,0.64231
5058.72,index_price,1555412345879,open,0.01,8.4,0.00256853,0.02437122,0.00823079,63.22,0.011,0,BTC-31MAY19-7000-C,5058.72,60.93,0.007,5.0,0.01,27.0,66.23,2.82778,-1.99175,0.49486,0.00014,0.0878
5058.72,index_price,1555412345880,open,0.16,1380.1,0.16033011,0.16639443,0.16250768,68.06,0.205,0,BTC-26APR19-4250-C,5058.72,0.0,0.11,1.2,0.1765,0.8,114.8,0.9055,-3.12031,1.07308,0.00019,0.94651
5058.72,index_price,1555412345880,open,0.0,44.5,0.0,0.00046323,4.941e-05,90.0,0.0005,0,BTC-19APR19-6375-C,5058.72,0.0,0.0,0.0,0.0005,15.0,116.18,0.03043,-0.24993,0.00084,2e-05,0.00215
5048.25,BTC-28JUN19,1555412345887,open,0.0,388.0,4e-08,8.785e-05,0.00070393,90.0,0.001,0.0,BTC-28JUN19-15000-C,5058.72,87.01,0.0005,19.6,0.002,20.1,101.05,0.38868,-0.24001,0.0543,1e-05,0.00609
5051.84,BTC-27SEP19,1555412345882,open,0.37,5.8,0.34303973,0.49803015,0.36725637,62.22,0.385,0.0,BTC-27DEC19-3500-C,5058.72,0.0,0.255,1.0,0.0,0.0,0.0,10.56422,-1.28954,16.42707,0.0001,0.83292
5051.84,BTC-27SEP19,1555412345885,open,1.59,0.0,1.5760114,1.71146466,1.59905173,73.64,None,0.0,BTC-27DEC19-13000-P,5058.72,0.0,0.0,0.0,0.0,0.0,0.0,7.91997,-1.1441,-87.81719,6e-05,-0.89035
5051.84,BTC-27SEP19,1555412345882,open,1.2,0.0,1.18480975,1.34988955,1.21239957,69.6,None,0.0,BTC-27DEC19-11000-P,5058.72,0.0,0.0,0.0,0.0,0.0,0.0,9.73316,-1.32889,-72.84213,8e-05,-0.85249
5058.72,index_price,1555412345880,open,0.44,0.0,0.43470953,0.45273293,0.43972505,64.85,None,0,BTC-31MAY19-7250-P,5058.72,0.0,0.0005,0.3,0.0,0.0,0.0,2.40512,-1.7377,-8.51348,0.00012,-0.9291
5051.84,BTC-27SEP19,1555412345880,open,0.71,0.0,0.70319693,0.73062089,0.7075035,78.9,None,0.0,BTC-27DEC19-1500-C,5058.72,0.0,0.0,0.0,0.0,0.0,0.0,1.59407,-0.24673,9.79088,1e-05,0.98505
5058.72,index_price,1555412345883,open,0.02,90.7,0.02401049,0.04653648,0.0228577,46.6,0.0235,0,BTC-19APR19-5000-C,5058.72,39.58,0.0205,12.0,0.025,0.2,52.9,1.71099,-13.86332,0.23761,0.00182,0.61904
5051.84,BTC-27SEP19,1555412345880,open,0.04,86.1,0.01239376,0.1941049,0.04149226,67.07,0.045,0.0,BTC-27DEC19-10000-C,5058.72,66.14,0.0395,1.0,0.045,10.4,68.68,10.84707,-1.42727,4.67851,9e-05,0.17412
5058.72,index_price,1555412345882,open,0.56,0.0,0.55522346,0.55522346,0.55522873,135.94,0.429,0,BTC-26APR19-2250-C,5058.72,0.0,0.0005,0.2,0.0,0.0,0.0,0.0031,-0.02136,0.60864,0.0,0.99991
5058.72,index_price,1555412345883,open,0.0,928.8,4.616e-05,0.00238544,0.00131339,76.16,0.0015,0,BTC-26APR19-4000-P,5058.72,65.58,0.0005,57.8,0.002,32.2,82.15,0.50845,-1.96049,-0.03788,0.0001,-0.02636
5058.72,index_price,1555412345887,open,0.0,233.8,0.0,0.0,2e-08,90.0,0.0005,0,BTC-26APR19-2500-P,5058.72,0.0,0.0,0.0,0.0005,10.0,176.24,3e-05,-0.0001,0.0,0.0,0.0
5058.72,index_price,1555412345882,open,0.0,134.4,0.00493381,0.02440038,0.0046624,48.89,0.005,0,BTC-19APR19-4875-P,5058.72,43.87,0.0035,1.0,0.005,0.4,50.27,1.2224,-10.39017,-0.07798,0.00124,-0.19099
5058.72,index_price,1555412345882,open,0.0,259.9,0.0,0.0,0.0,90.0,0.0005,0,BTC-26APR19-2250-P,5058.72,0.0,0.0,0.0,0.0005,30.0,200.58,0.0,0.0,0.0,0.0,0.0
5058.72,index_price,1555412345880,open,0.31,33.6,0.30812543,0.3082775,0.30838891,90.33,0.3345,0,BTC-26APR19-3500-C,5058.72,0.0,0.0005,0.2,0.0,0.0,0.0,0.12742,-0.58273,0.93932,2e-05,0.99467
5058.72,index_price,1555412345882,open,0.39,0.0,0.38631777,0.40812046,0.39196362,63.19,None,0,BTC-31MAY19-7000-P,5058.72,0.0,0.0005,0.3,0.0,0.0,0.0,2.82497,-1.98885,-8.11206,0.00014,-0.91232
5058.72,index_price,1555412345882,open,0.0,62.0,0.00013084,0.00830646,0.00100254,67.92,0.0015,0,BTC-19APR19-5625-C,5058.72,60.26,0.0005,30.0,0.0025,40.0,82.21,0.40119,-4.73777,0.01627,0.00029,0.04182
162.24,index_price,1555412345906,open,0.05,12.0,0.046376,0.081937,0.052627,69.69,0.072,0,ETH-26APR19-160-C,162.24,67.17,0.051,150.0,0.058,150.0,78.0,0.10478,-0.3697,0.02275,0.02111,0.57087
5048.31,BTC-28JUN19,1555412345915,open,0.1,196.3,0.08381648,0.12770484,0.09779451,57.94,0.0985,0.0,BTC-28JUN19-5000-P,5058.72,56.35,0.095,5.0,0.1,7.2,59.2,8.87512,-3.52828,-5.35862,0.0003,-0.43384
5058.72,index_price,1555412346039,open,0.05,19.3,0.04151647,0.08686858,0.04878169,55.7,0.0485,0,BTC-31MAY19-4750-P,5058.72,53.92,0.0465,5.0,0.0505,2.0,57.04,6.47882,-4.02105,-2.40079,0.00037,-0.33722
5058.72,index_price,1555412346041,open,0.3,0.0,0.29171173,0.32240963,0.29875281,60.36,None,0,BTC-31MAY19-6500-P,5058.72,0.0,0.2655,2.0,0.3155,2.0,78.54,3.95527,-2.66009,-7.20457,0.00021,-0.85962
5058.72,index_price,1555412346046,open,0.17,38.9,0.16194528,0.20628882,0.17011033,56.95,0.1695,0,BTC-31MAY19-5750-P,5058.72,33.62,0.1455,2.0,0.0,0.0,0.0,6.11107,-3.87766,-5.44869,0.00034,-0.70595
5058.72,index_price,1555412346046,open,0.3,0.0,0.29171173,0.32240963,0.29875281,60.36,None,0,BTC-31MAY19-6500-P,5058.72,0.0,0.0005,5.3,0.3155,2.0,78.54,3.95527,-2.66009,-7.20457,0.00021,-0.85962
164.3,ETH-28JUN19,1555412346116,open,0.0,1741.0,2e-06,0.0047,0.001575,100.0,0.005,0.0,ETH-28JUN19-500-C,162.24,112.44,0.004,150.0,0.006,150.0,119.16,0.02241,-0.01538,0.00332,0.00042,0.01169
166.6,ETH-27SEP19,1555412346116,open,0.1,208.0,0.066201,0.182213,0.097492,72.72,0.092,0.0,ETH-27SEP19-220-C,162.24,71.73,0.095,60.0,0.103,120.0,74.88,0.42216,-0.09366,0.20521,0.00466,0.37184
162.24,index_price,1555412346122,open,0.29,0.0,0.294379,0.294592,0.294432,100.0,None,0,ETH-19APR19-210-P,162.24,0.0,0.001,100.0,0.374,1.0,478.76,0.00095,-0.0166,-0.01652,0.00046,-0.9979
166.6,ETH-27SEP19,1555412346137,open,0.32,535.0,0.293024,0.412503,0.325167,72.26,0.294,0.0,ETH-27SEP19-200-P,162.24,69.54,0.318,60.0,0.338,60.0,77.09,0.44128,-0.09728,-0.65748,0.0049,-0.55383
162.24,index_price,1555412346147,open,0.08,685.0,0.077039,0.087903,0.080284,81.07,0.074,0,ETH-19APR19-150-C,162.24,67.4,0.078,50.0,0.084,50.0,98.83,0.03048,-0.42962,0.01009,0.01813,0.86992
162.24,index_price,1555412346163,open,0.11,692.0,0.110011,0.118121,0.113365,90.44,0.11,0,ETH-19APR19-180-P,162.24,59.81,0.11,50.0,0.116,50.0,104.97,0.02618,-0.41165,-0.01289,0.01396,-0.89505
166.6,ETH-27SEP19,1555412346170,open,0.95,1.0,0.932834,1.010326,0.959927,79.96,0.93,0.0,ETH-27SEP19-320-P,162.24,0.0,0.003,6.0,0.979,1.0,90.3,0.28351,-0.06917,-1.33813,0.00285,-0.82904
164.3,ETH-28JUN19,1555412346170,open,0.02,1940.0,0.005949,0.064419,0.02177,80.84,0.023,0.0,ETH-28JUN19-260-C,162.24,79.01,0.02,60.0,0.024,300.0,83.06,0.16169,-0.08969,0.03808,0.00371,0.13785
166.6,ETH-27SEP19,1555412346195,open,1.18,0.0,1.167025,1.229679,1.190735,82.83,None,0.0,ETH-27SEP19-360-P,162.24,0.0,0.01,4.0,1.202,1.0,90.07,0.2403,-0.06073,-1.53893,0.00233,-0.86668
166.6,ETH-27SEP19,1555412346203,open,0.53,0.0,0.523487,0.555776,0.531535,76.27,None,0.0,ETH-27SEP19-80-C,162.24,0.0,0.001,4.0,0.0,0.0,0.0,0.1066,-0.02481,0.31644,0.00112,0.95458
162.24,index_price,1555412346203,open,0.2,94.0,0.198718,0.199203,0.198879,100.0,0.2,0,ETH-19APR19-130-C,162.24,0.0,0.001,100.0,0.0,0.0,0.0,0.00228,-0.03965,0.01017,0.0011,0.99446
164.3,ETH-28JUN19,1555412346216,open,0.14,3977.0,0.126704,0.224074,0.144133,69.78,0.151,0.0,ETH-28JUN19-170-P,162.24,66.34,0.138,150.0,0.147,90.0,71.39,0.29257,-0.14007,-0.20522,0.00778,-0.48145
164.3,ETH-28JUN19,1555412346216,open,0.05,490.0,0.029429,0.117021,0.044819,70.99,0.048,0.0,ETH-28JUN19-210-C,162.24,71.12,0.045,60.0,0.051,120.0,75.12,0.24241,-0.11807,0.07363,0.00634,0.26927
164.3,ETH-28JUN19,1555412346216,open,0.32,1364.0,0.307578,0.395171,0.322969,70.99,0.309,0.0,ETH-28JUN19-210-P,162.24,0.0,0.011,17.0,0.329,1.0,75.02,0.24241,-0.11807,-0.34566,0.00634,-0.73073
166.6,ETH-27SEP19,1555412346216,open,0.43,0.0,0.414674,0.471751,0.4282,72.96,None,0.0,ETH-27SEP19-100-C,162.24,0.0,0.001,6.0,0.0,0.0,0.0,0.19416,-0.04322,0.35382,0.00214,0.90122
164.3,ETH-28JUN19,1555412346245,open,1.43,0.0,1.43462,1.447809,1.440513,100.0,None,0.0,ETH-28JUN19-400-P,162.24,0.0,0.002,2.0,0.0,0.0,0.0,0.06138,-0.04211,-0.78794,0.00114,-0.96146
162.24,index_price,1555412346253,open,0.02,2088.0,0.014909,0.033894,0.020111,75.21,0.024,0,ETH-19APR19-160-P,162.24,63.21,0.016,150.0,0.022,7.0,80.69,0.0558,-0.72964,-0.00543,0.03578,-0.40453
164.3,ETH-28JUN19,1555412346279,open,0.22,1747.0,0.209544,0.305313,0.226552,70.17,0.237,0.0,ETH-28JUN19-190-P,162.24,66.89,0.221,90.0,0.231,90.0,72.77,0.27942,-0.13452,-0.27786,0.00739,-0.62049
166.6,ETH-27SEP19,1555412346279,open,0.24,410.0,0.208953,0.327928,0.23901,71.26,0.244,0.0,ETH-27SEP19-180-P,162.24,68.25,0.231,60.0,0.243,90.0,72.75,0.44404,-0.09654,-0.52991,0.005,-0.46943
164.3,ETH-28JUN19,1555412346279,open,0.07,544.0,0.053123,0.148892,0.070131,70.17,0.064,0.0,ETH-28JUN19-190-C,162.24,68.91,0.068,60.0,0.075,120.0,73.02,0.27942,-0.13452,0.10149,0.00739,0.37951
164.3,ETH-28JUN19,1555412346283,open,0.08,2999.0,0.064266,0.153393,0.07978,69.67,0.07,0.0,ETH-28JUN19-150-P,162.24,66.7,0.075,60.0,0.082,120.0,71.05,0.2649,-0.12663,-0.13345,0.00705,-0.32702
164.3,ETH-28JUN19,1555412346312,open,0.48,1684.0,0.472203,0.542424,0.488747,76.85,0.5,0.0,ETH-28JUN19-240-P,162.24,0.0,0.006,12.0,0.487,1.0,75.32,0.18972,-0.10003,-0.43073,0.00458,-0.82431
166.6,ETH-27SEP19,1555412346312,open,0.08,353.0,0.047167,0.157098,0.075968,72.91,0.077,0.0,ETH-27SEP19-240-C,162.24,72.92,0.076,60.0,0.084,120.0,76.28,0.39244,-0.0873,0.17319,0.00432,0.30751
164.3,ETH-28JUN19,1555412346325,open,0.02,512.0,0.003044,0.050927,0.016614,83.58,0.02,0.0,ETH-28JUN19-280-C,162.24,81.57,0.015,60.0,0.018,150.0,85.22,0.13564,-0.07778,0.02976,0.00301,0.10734
5058.72,index_price,1555412346544,open,0.21,0.0,0.21078068,0.2121081,0.21099493,88.64,None,0,BTC-19APR19-6125-P,5058.72,0.0,0.001,0.3,0.274,0.1,372.92,0.1026,-1.58131,-0.47931,6e-05,-0.99161
5058.72,index_price,1555412346551,open,0.19,0.2,0.18457635,0.18536031,0.18470792,90.76,0.206,0,BTC-19APR19-4125-C,5058.72,0.0,0.0005,11.3,0.2525,0.1,444.52,0.0654,-1.03204,0.32293,4e-05,0.99496
5058.72,index_price,1555412346558,open,0.23,0.0,0.23549041,0.23628293,0.23558749,88.7,None,0,BTC-19APR19-6250-P,5058.72,0.0,0.001,0.3,0.3035,0.1,404.71,0.05398,-0.83257,-0.49083,3e-05,-0.99593
162.24,index_price,1555412346643,open,0.02,104.0,0.007822,0.036387,0.014894,75.85,0.009,0,ETH-26APR19-180-C,162.24,74.01,0.014,200.0,0.018,340.0,82.06,0.07914,-0.30394,0.00903,0.01465,0.2206
5058.72,index_price,1555412346860,open,0.17,38.9,0.16194528,0.20628882,0.17012055,56.95,0.1695,0,BTC-31MAY19-5750-P,5058.72,33.62,0.1455,2.0,0.1815,2.0,66.12,6.11107,-3.87766,-5.44869,0.00034,-0.70595
5058.72,index_price,1555412346861,open,0.05,19.3,0.04151647,0.08686858,0.04878619,55.7,0.0485,0,BTC-31MAY19-4750-P,5058.72,53.92,0.0465,5.0,0.0515,5.0,57.82,6.47882,-4.02105,-2.40079,0.00037,-0.33722
5058.72,index_price,1555412346861,open,0.3,0.0,0.29171173,0.32240963,0.29876665,60.36,None,0,BTC-31MAY19-6500-P,5058.72,0.0,0.0005,5.3,0.0,0.0,0.0,3.95527,-2.66009,-7.20457,0.00021,-0.85962
5058.72,index_price,1555412346862,open,0.3,0.0,0.29171173,0.32240963,0.29876665,60.36,None,0,BTC-31MAY19-6500-P,5058.72,0.0,0.2655,2.0,0.0,0.0,0.0,3.95527,-2.66009,-7.20457,0.00021,-0.85962
