underlying_price,underlying_index,timestamp,state,settlement_price,open_interest,min_price,max_price,mark_price,mark_iv,last_price,interest_rate,instrument_name,index_price,bid_iv,best_bid_price,best_bid_amount,best_ask_price,best_ask_amount,ask_iv,vega,theta,rho,gamma,delta
168.98,index_price,1555844340134,open,0.25,0.0,0.235868,0.243971,0.237786,84.78,None,0.2,ETH-3MAY19-130-C,168.98,0.0,0.232,1.0,0.315,1.0,275.55,0.02262,-0.14824,0.04007,0.00287,0.96667
168.98,index_price,1555844340269,open,0.0,0.0,0.000199,0.008303,0.002118,84.78,None,0.2,ETH-3MAY19-130-P,168.98,0.0,0.0,0.0,0.004,250.0,96.39,0.02262,-0.07747,-0.00195,0.00287,-0.03333
168.98,index_price,1555844340385,open,0.19,0.0,0.178279,0.194424,0.18009,70.84,None,0.2,ETH-3MAY19-140-C,168.98,0.0,0.174,50.0,0.184,50.0,86.31,0.03451,-0.17363,0.04199,0.00524,0.94377
168.98,index_price,1555844340521,open,0.0,0.0,0.001405,0.01755,0.003216,70.84,None,0.2,ETH-3MAY19-140-P,168.98,0.0,0.0,0.0,0.006,250.0,82.39,0.03451,-0.09741,-0.00327,0.00524,-0.05623
5263.54,index_price,1555844340570,open,0.0,705.1,1.34e-06,0.00045983,0.00077567,91.82,0.0005,0,BTC-26APR19-4250-P,5263.54,86.01,0.0005,9.7,0.001,37.0,95.62,0.28567,-2.68974,-0.01411,8e-05,-0.01929
5256.81,BTC-27SEP19,1555844340579,open,0.17,69.8,0.13659712,0.3471319,0.17232104,61.47,0.168,0.0,BTC-27DEC19-5000-P,5263.54,60.07,0.168,14.6,0.175,5.0,62.33,16.30516,-2.0054,-19.23368,0.00014,-0.36213
5256.81,BTC-27SEP19,1555844340663,open,0.37,0.0,0.32466119,0.55251847,0.36302794,61.94,None,0.0,BTC-27DEC19-6500-P,5263.54,54.98,0.3405,0.1,0.38,2.0,67.13,17.13684,-2.12401,-33.31661,0.00015,-0.56275
5257.17,BTC-27SEP19,1555844340667,open,0.12,111.0,0.09050202,0.28497607,0.12271948,61.48,0.12,0.0,BTC-27DEC19-4500-P,5263.54,60.16,0.119,14.6,0.1255,5.0,62.46,14.8342,-1.82479,-14.77165,0.00013,-0.28772
174.48,ETH-27SEP19,1555844340818,open,0.73,10.0,0.739481,0.804839,0.766747,76.77,0.781,0.0,ETH-27SEP19-300-P,168.98,0.0,0.004,4.0,0.774,1.0,80.53,0.329,-0.07949,-1.18455,0.00323,-0.79296
171.94,ETH-28JUN19,1555844340824,open,0.21,1851.0,0.211266,0.302956,0.226906,69.86,0.21,0.0,ETH-28JUN19-200-P,168.98,0.0,0.03,50.0,0.236,1.0,75.43,0.27811,-0.14311,-0.27632,0.00724,-0.63729
174.48,ETH-27SEP19,1555844340857,open,1.06,0.0,1.070691,1.116782,1.095934,82.62,None,0.0,ETH-27SEP19-360-P,168.98,0.0,0.01,4.0,1.109,1.0,90.66,0.26287,-0.06835,-1.48136,0.0024,-0.85459
171.94,ETH-28JUN19,1555844340863,open,1.06,0.0,1.093988,1.114792,1.103861,98.65,None,0.0,ETH-28JUN19-360-P,168.98,0.0,0.002,2.0,0.0,0.0,0.0,0.09257,-0.06727,-0.65232,0.00171,-0.93628
171.94,ETH-28JUN19,1555844340949,open,0.25,1463.0,0.25723,0.345206,0.271581,69.85,0.249,0.0,ETH-28JUN19-210-P,168.98,0.0,0.012,1.0,0.28,1.0,75.35,0.2593,-0.13342,-0.30941,0.00675,-0.69611
168.98,index_price,1555844340949,open,0.19,150.0,0.171564,0.17578,0.172581,86.9,0.175,0,ETH-26APR19-140-C,168.98,76.93,0.172,10.0,0.176,50.0,116.41,0.01225,-0.10918,0.01806,0.0037,0.97279
171.94,ETH-28JUN19,1555844341004,open,0.04,605.0,0.026526,0.109745,0.03945,69.9,0.053,0.0,ETH-28JUN19-220-C,168.98,71.73,0.042,120.0,0.048,120.0,75.95,0.2368,-0.12192,0.06808,0.00616,0.25237
168.98,index_price,1555844341006,open,0.3,0.0,0.289857,0.290034,0.289929,105.0,0.309,0,ETH-26APR19-120-C,168.98,146.56,0.291,1.0,0.378,1.0,500.0,0.00123,-0.01322,0.01598,0.00031,0.99802
168.98,index_price,1555844341006,open,0.22,0.0,0.239456,0.242749,0.240843,97.97,None,0.2,ETH-26APR19-210-P,168.98,0.0,0.004,100.0,0.313,1.0,325.9,0.01436,-0.03246,-0.02726,0.00384,-0.96704
171.94,ETH-28JUN19,1555844341030,open,0.4,1687.0,0.410002,0.482032,0.427146,76.32,0.449,0.0,ETH-28JUN19-240-P,168.98,0.0,0.006,12.0,0.428,1.0,77.03,0.20633,-0.116,-0.39301,0.00492,-0.802
171.94,ETH-28JUN19,1555844341037,open,1.85,0.0,1.907993,1.912602,1.910159,104.03,None,0.0,ETH-28JUN19-500-P,168.98,0.0,0.002,2.0,0.0,0.0,0.0,0.029,-0.02222,-0.92552,0.00051,-0.98443
174.48,ETH-27SEP19,1555844341049,open,1.72,0.0,1.752117,1.773542,1.770546,92.24,None,0.0,ETH-27SEP19-480-P,168.98,0.0,0.0,0.0,0.0,0.0,0.0,0.1825,-0.05298,-2.03796,0.00149,-0.91285
171.94,ETH-28JUN19,1555844341049,open,0.17,1836.0,0.16878,0.262714,0.185344,69.86,0.162,0.0,ETH-28JUN19-190-P,168.98,66.7,0.18,90.0,0.19,90.0,72.61,0.291,-0.14975,-0.24208,0.00758,-0.57178
171.94,ETH-28JUN19,1555844341064,open,0.09,545.0,0.063743,0.157677,0.080371,69.9,0.092,0.0,ETH-28JUN19-190-C,168.98,67.9,0.077,150.0,0.085,90.0,72.63,0.29101,-0.14984,0.11125,0.00757,0.42832
171.94,ETH-28JUN19,1555844341090,open,1.29,0.0,1.32645,1.339827,1.334366,104.49,None,0.0,ETH-28JUN19-400-P,168.98,0.0,0.002,2.0,0.0,0.0,0.0,0.07602,-0.05851,-0.73052,0.00132,-0.95037
168.98,index_price,1555844341480,open,0.28,0.0,0.293653,0.300556,0.297359,87.51,None,0.2,ETH-3MAY19-220-P,168.98,0.0,0.0,0.0,0.386,2.0,254.45,0.0365,-0.01994,-0.06801,0.00449,-0.9396
5249.0,BTC-28JUN19,1555844341557,open,1.64,1.3,1.66717489,1.66735209,1.66815204,88.41,2.415,0.0,BTC-28JUN19-14000-P,5262.89,0.0,0.0005,0.2,0.0,0.0,0.0,0.52847,-0.34416,-25.96015,1e-05,-0.9914
5248.35,BTC-28JUN19,1555844341558,open,1.08,5.7,1.09592056,1.09765387,1.09833836,78.4,1.142,0.0,BTC-28JUN19-11000-P,5262.89,0.0,0.0005,0.4,0.0,0.0,0.0,1.17455,-0.67834,-20.26765,3e-05,-0.97829
5256.14,BTC-27SEP19,1555844341558,open,1.47,0.0,1.47652317,1.61553575,1.50081035,73.33,None,0.0,BTC-27DEC19-13000-P,5262.89,0.0,0.0005,0.2,0.0,0.0,0.0,8.55459,-1.25519,-85.77035,6e-05,-0.88282
5262.89,index_price,1555844341557,open,0.14,0.0,0.1411118,0.17230954,0.14581362,58.41,None,0,BTC-3MAY19-6000-P,5262.89,0.0,0.1375,2.0,0.1525,2.0,74.36,1.86239,-4.58005,-1.76212,0.00035,-0.88326
5262.89,index_price,1555844341557,open,0.01,54.1,0.00105377,0.03225151,0.00589638,58.81,0.006,0,BTC-3MAY19-6000-C,5262.89,53.05,0.004,20.0,0.007,20.0,61.78,1.88179,-4.65911,0.19275,0.00036,0.11846
5248.35,BTC-28JUN19,1555844341560,open,1.83,2.0,1.85804114,1.85812515,1.85823129,80.07,2.658,0.0,BTC-28JUN19-15000-P,5262.89,0.0,0.0005,0.2,0.0,0.0,0.0,0.14748,-0.08699,-27.87586,0.0,-0.99794
5256.14,BTC-27SEP19,1555844341557,open,1.66,0.0,1.66553794,1.79169197,1.68782955,75.26,None,0.0,BTC-27DEC19-14000-P,5262.89,0.0,0.0005,0.2,0.0,0.0,0.0,7.82627,-1.17864,-92.99181,5e-05,-0.89649
5262.89,index_price,1555844341557,open,0.0,10.6,0.00240069,0.02240441,0.00361335,55.98,0.004,0,BTC-26APR19-4875-P,5262.89,50.53,0.0025,20.5,0.0045,20.0,59.83,1.15902,-6.65352,-0.08132,0.00056,-0.11205
5248.35,BTC-28JUN19,1555844341583,open,0.03,97.7,0.02778906,0.0611147,0.03503282,55.75,0.034,0.0,BTC-28JUN19-4500-P,5262.89,54.56,0.0335,9.7,0.0365,9.6,56.88,6.76377,-2.77773,-2.52422,0.00024,-0.2236
5262.89,index_price,1555844341588,open,0.01,110.6,0.01402441,0.04669002,0.01612876,52.65,0.018,0,BTC-31MAY19-4500-P,5262.89,51.24,0.015,12.8,0.017,5.0,53.72,4.26443,-2.81542,-1.02333,0.00027,-0.16185
5262.89,index_price,1555844341596,open,0.01,240.7,0.00579447,0.01829835,0.00666225,52.8,0.0075,0,BTC-26APR19-5000-P,5262.89,52.29,0.0065,1.0,0.0075,16.4,55.41,1.66182,-8.99859,-0.13974,0.00085,-0.1921
5248.35,BTC-28JUN19,1555844341597,open,0.05,62.4,0.03563084,0.08832929,0.05064908,55.28,0.0445,0.0,BTC-28JUN19-4750-P,5262.89,53.49,0.048,14.6,0.052,9.6,56.18,7.81368,-3.18173,-3.37723,0.00028,-0.29538
5256.14,BTC-27SEP19,1555844341600,open,0.03,91.0,0.01244222,0.12553663,0.0288784,63.85,0.035,0.0,BTC-27DEC19-3000-P,5262.89,62.46,0.027,12.0,0.031,17.0,65.38,7.20592,-0.92065,-4.36677,6e-05,-0.09248
5248.35,BTC-28JUN19,1555844341608,open,0.12,58.9,0.10540874,0.16548449,0.12231178,54.89,0.115,0.0,BTC-28JUN19-5500-P,5262.89,53.25,0.1195,7.2,0.1245,12.2,56.16,9.00057,-3.63912,-6.383,0.00032,-0.53169
5262.89,index_price,1555844341612,open,0.21,0.2,0.19929882,0.22477237,0.20122608,53.56,0.197,0,BTC-31MAY19-4250-C,5262.89,22.58,0.1925,3.0,0.2,5.0,51.34,2.99673,-2.01266,4.03208,0.00018,0.9025
5262.89,index_price,1555844341800,open,0.0,102.6,1e-08,6.06e-05,0.0002253,96.99,0.0005,0,BTC-26APR19-7000-C,5262.89,0.0,0.0,0.0,0.0005,8.0,106.68,0.10976,-1.09172,0.00435,3e-05,0.00642
5262.89,index_price,1555844341823,open,0.15,952.4,0.14501129,0.14709558,0.14611717,75.43,0.16,0,BTC-26APR19-4500-C,5262.89,0.0,0.1385,3.0,0.1525,3.0,116.61,0.44659,-3.45452,0.57717,0.00016,0.96711
5262.89,index_price,1555844341825,open,0.01,30.7,0.00326305,0.02605658,0.00750934,59.69,0.006,0,BTC-31MAY19-7000-C,5262.89,58.71,0.007,2.5,0.0085,21.0,61.49,2.80049,-2.09587,0.4683,0.00016,0.08896
5248.35,BTC-28JUN19,1555844342557,open,0.26,0.0,0.25319333,0.30065772,0.26829988,57.72,None,0.0,BTC-28JUN19-6500-P,5262.91,48.06,0.2565,2.0,0.279,2.0,65.52,6.89251,-2.93059,-10.12187,0.00023,-0.76879
5248.35,BTC-28JUN19,1555844342557,open,0.19,208.2,0.17037673,0.20370237,0.17772912,55.83,0.1835,0.0,BTC-28JUN19-4500-C,5262.91,51.31,0.172,6.0,0.187,5.0,62.87,6.7678,-2.78358,5.84067,0.00024,0.77617
5248.35,BTC-28JUN19,1555844342557,open,0.03,0.2,0.01470885,0.06217324,0.02996877,57.84,0.0295,0.0,BTC-28JUN19-6500-C,5262.91,56.71,0.0285,9.6,0.0315,15.0,58.99,6.90256,-2.9408,1.97,0.00023,0.23182
5248.35,BTC-28JUN19,1555844342557,open,0.0,333.9,2.376e-05,0.00175706,0.00272087,79.6,0.003,0.0,BTC-28JUN19-11000-C,5262.91,76.29,0.002,22.0,0.0035,6.9,82.58,1.26155,-0.73977,0.20405,3e-05,0.02363
5248.35,BTC-28JUN19,1555844342557,open,1.45,0.8,1.4769699,1.47734634,1.47814221,84.51,2.171,0.0,BTC-28JUN19-13000-P,5262.91,0.0,0.07,1.0,0.0,0.0,0.0,0.63128,-0.39299,-24.08353,1e-05,-0.98946
5248.35,BTC-28JUN19,1555844342557,open,0.01,82.8,0.00276181,0.02526538,0.01054867,61.01,0.011,0.0,BTC-28JUN19-3750-P,5262.91,59.32,0.0095,12.0,0.0115,10.0,62.47,3.34455,-1.50301,-0.87757,0.00011,-0.07937
5256.17,BTC-27SEP19,1555844342557,open,0.37,261.1,0.35229392,0.38754766,0.36293499,62.83,0.38,0.0,BTC-27SEP19-3500-C,5262.91,50.89,0.349,3.0,0.377,3.0,72.98,6.82871,-1.35017,11.89029,9e-05,0.88264
5248.35,BTC-28JUN19,1555844342557,open,0.0,861.8,0.00011727,0.00382002,0.00422372,76.22,0.005,0.0,BTC-28JUN19-10000-C,5262.91,75.55,0.004,10.5,0.0045,10.0,77.01,1.79612,-1.00842,0.31168,5e-05,0.03616
5248.35,BTC-28JUN19,1555844342557,open,0.07,252.6,0.06226175,0.10316162,0.0703122,54.94,0.0625,0.0,BTC-28JUN19-5000-P,5262.91,53.21,0.0675,14.6,0.0715,9.6,55.66,8.56996,-3.46818,-4.32979,0.0003,-0.37332
5256.17,BTC-27SEP19,1555844342557,open,1.27,6.1,1.28488164,1.30268913,1.29770934,75.26,1.9095,0.0,BTC-27SEP19-12000-P,5262.91,0.0,0.002,0.3,0.0,0.0,0.0,5.08822,-1.20509,-50.77007,6e-05,-0.92137
5256.17,BTC-27SEP19,1555844342557,open,0.02,17.6,0.01134552,0.03999467,0.0208912,64.09,0.0195,0.0,BTC-27SEP19-3250-P,5262.91,62.28,0.019,12.0,0.0225,18.0,65.59,5.57448,-1.12445,-2.50915,7e-05,-0.08878
5248.35,BTC-28JUN19,1555844342557,open,0.0,873.5,0.00024207,0.00412121,0.00347884,72.66,0.002,0.0,BTC-28JUN19-3000-P,5262.91,68.55,0.0025,12.0,0.0045,12.0,76.28,1.3708,-0.73371,-0.28857,4e-05,-0.02609
5248.35,BTC-28JUN19,1555844342557,open,0.0,388.1,4e-08,8.405e-05,0.00076684,91.23,0.0005,0.0,BTC-28JUN19-15000-C,5262.91,87.4,0.0005,16.9,0.001,6.9,93.84,0.42479,-0.28548,0.05799,1e-05,0.00671
5248.35,BTC-28JUN19,1555844342557,open,0.01,245.8,0.00929314,0.03137595,0.0158959,58.69,0.0135,0.0,BTC-28JUN19-4000-P,5262.91,56.99,0.0145,12.0,0.017,17.0,59.99,4.39589,-1.90038,-1.27856,0.00015,-0.11511
5248.35,BTC-28JUN19,1555844342557,open,2.77,0.4,2.81072146,2.81072388,2.8104684,0.0,5.076,0.0,BTC-28JUN19-20000-P,5262.91,0.0,0.0005,0.2,0.0,0.0,0.0,0.0,0.0,-37.19216,0.0,-1.0
5256.17,BTC-27SEP19,1555844342557,open,0.05,940.8,0.02546773,0.07725292,0.04647818,65.66,0.0485,0.0,BTC-27SEP19-8000-C,5262.91,64.91,0.045,10.0,0.0475,9.6,66.18,10.41941,-2.15316,4.10109,0.00013,0.22573
5256.17,BTC-27SEP19,1555844342557,open,1.09,3.1,1.09632573,1.12014478,1.11124244,72.95,1.9215,0.0,BTC-27SEP19-11000-P,5262.91,0.0,0.002,0.3,0.0,0.0,0.0,5.99096,-1.37541,-46.06354,7e-05,-0.90213
5248.37,BTC-28JUN19,1555844342558,open,0.52,24.6,0.52681917,0.54217194,0.53397154,64.56,0.609,0.0,BTC-28JUN19-8000-P,5262.91,0.0,0.5215,2.0,0.545,2.0,78.05,3.50941,-1.66909,-14.14574,0.00011,-0.9154
5262.91,index_price,1555844342557,open,0.39,25.7,0.38247091,0.38247092,0.38246887,0.0,0.351,0,BTC-26APR19-3250-C,5262.91,0.0,0.3755,3.0,0.3895,3.0,275.4,0.0,0.0,0.43414,0.0,1.0
5248.37,BTC-28JUN19,1555844342558,open,0.0,65.9,0.00033469,0.01008661,0.00462885,67.21,0.006,0.0,BTC-28JUN19-3250-P,5262.91,63.64,0.0035,12.0,0.0055,10.0,69.64,1.7914,-0.88687,-0.39695,5e-05,-0.03604
5248.37,BTC-28JUN19,1555844342558,open,1.26,10.0,1.28642891,1.28723559,1.28814148,81.96,1.243,0.0,BTC-28JUN19-12000-P,5262.91,0.0,0.0005,0.4,0.0,0.0,0.0,0.86988,-0.52516,-22.18312,2e-05,-0.98474
5256.19,BTC-27SEP19,1555844342558,open,0.04,10.3,0.02739532,0.0691232,0.03913443,61.95,0.061,0.0,BTC-27SEP19-3750-P,5262.91,60.56,0.037,15.6,0.041,9.6,63.15,8.13548,-1.58616,-4.35912,0.00011,-0.1514
5248.37,BTC-28JUN19,1555844342558,open,0.7,6.6,0.71537911,0.72311709,0.72019812,69.08,0.704,0.0,BTC-28JUN19-9000-P,5262.91,0.0,0.7065,1.9,0.7315,1.9,87.39,2.27131,-1.15584,-16.3174,6e-05,-0.95168
5256.19,BTC-27SEP19,1555844342558,open,0.24,290.4,0.21526253,0.27319912,0.22950663,60.48,0.2265,0.0,BTC-27SEP19-4500-C,5262.91,54.34,0.216,3.0,0.2425,3.0,66.32,11.63285,-2.21422,11.26764,0.00016,0.722
5262.91,index_price,1555844342557,open,0.03,7.1,0.03547732,0.06486989,0.03636873,52.04,0.031,0,BTC-26APR19-5375-P,5262.91,48.9,0.035,12.0,0.0385,12.0,56.88,2.30531,-12.30269,-0.4654,0.0012,-0.62563
5248.37,BTC-28JUN19,1555844342559,open,1.83,2.0,1.85803025,1.85811426,1.8588072,91.36,2.658,0.0,BTC-28JUN19-15000-P,5262.91,0.0,0.0005,0.2,0.0,0.0,0.0,0.42892,-0.28865,-27.83551,1e-05,-0.99322
5248.37,BTC-28JUN19,1555844342559,open,0.0,780.7,0.0,2.41e-06,0.00021862,100.0,0.0005,0.0,BTC-28JUN19-20000-C,5262.91,0.0,0.0,0.0,0.001,19.2,114.91,0.14001,-0.10313,0.01686,0.0,0.00195
5256.19,BTC-27SEP19,1555844342559,open,0.14,263.4,0.12262579,0.19054629,0.13957383,60.45,0.1485,0.0,BTC-27SEP19-5500-C,5262.91,59.28,0.1365,10.2,0.143,10.2,61.76,13.78373,-2.62246,9.02784,0.00019,0.53417
5262.91,index_price,1555844342558,open,0.22,0.0,0.23506019,0.23567379,0.23574272,86.31,None,0,BTC-26APR19-6500-P,5262.91,0.0,0.228,2.0,0.242,2.0,134.57,0.28686,-2.53897,-0.85512,9e-05,-0.98061
5256.19,BTC-27SEP19,1555844342559,open,0.41,0.0,0.39302665,0.42167547,0.40258029,64.1,None,0.0,BTC-27SEP19-3250-C,5262.91,47.81,0.3885,3.0,0.4155,3.0,75.21,5.57526,-1.12474,11.63676,7e-05,0.9112
5262.91,index_price,1555844342557,open,0.02,74.9,0.01417921,0.04357179,0.01506674,52.03,0.013,0,BTC-26APR19-5375-C,5262.91,47.28,0.013,16.0,0.015,4.0,51.88,2.30526,-12.30035,0.25258,0.0012,0.37434
5256.19,BTC-27SEP19,1555844342559,open,0.02,710.0,0.00683824,0.03839461,0.02411107,70.6,0.023,0.0,BTC-27SEP19-10000-C,5262.91,69.78,0.023,9.5,0.0255,12.0,71.61,7.15912,-1.59076,2.32002,8e-05,0.12552
5256.19,BTC-27SEP19,1555844342560,open,0.91,2.0,0.90935699,0.94091336,0.92664792,70.62,1.8325,0.0,BTC-27SEP19-10000-P,5262.91,0.0,0.897,1.8,0.9455,1.8,82.69,7.16161,-1.59161,-41.20654,8e-05,-0.87442
5248.37,BTC-28JUN19,1555844342560,open,0.01,426.7,0.00204567,0.01316737,0.00691767,63.71,0.007,0.0,BTC-28JUN19-3500-P,5262.91,61.69,0.006,13.1,0.0075,0.1,64.93,2.46241,-1.15568,-0.58946,8e-05,-0.05348
5248.37,BTC-28JUN19,1555844342560,open,0.18,35.5,0.18068405,0.22077251,0.18957321,55.78,0.204,0.0,BTC-28JUN19-6000-P,5262.91,48.88,0.179,3.0,0.2,3.0,62.34,8.20993,-3.37349,-8.37601,0.00029,-0.66863
5256.19,BTC-27SEP19,1555844342560,open,0.0,1666.6,1.015e-05,0.00080167,0.00126616,84.88,0.0035,0.0,BTC-27SEP19-1500-P,5262.91,75.63,0.0005,0.2,0.002,2.5,90.56,0.57929,-0.15475,-0.16353,1e-05,-0.00588
5262.91,index_price,1555844342557,open,0.13,26.6,0.12302225,0.1619467,0.12499742,51.9,0.128,0,BTC-31MAY19-4750-C,5262.91,48.02,0.121,8.2,0.1255,8.2,52.39,5.49423,-3.57582,3.60991,0.00035,0.75285
5248.37,BTC-28JUN19,1555844342560,open,0.02,79.1,0.01224852,0.05096933,0.02372685,56.88,0.0215,0.0,BTC-28JUN19-4250-P,5262.91,55.72,0.0225,9.6,0.025,19.6,58.07,5.57055,-2.33422,-1.82097,0.00019,-0.16285
5256.19,BTC-27SEP19,1555844342560,open,0.03,318.0,0.01817759,0.05343098,0.0287586,62.78,0.027,0.0,BTC-27SEP19-3500-P,5262.91,61.41,0.027,18.0,0.0305,12.0,64.11,6.82405,-1.34825,-3.34039,9e-05,-0.11724
5262.91,index_price,1555844342558,open,0.0,1796.1,0.0,0.0,0.0,100.0,0.0005,0,BTC-26APR19-2750-P,5262.91,0.0,0.0,0.0,0.0005,21.4,232.47,0.0,0.0,0.0,0.0,0.0
5262.91,index_price,1555844342557,open,0.02,94.8,0.01222132,0.06025975,0.02023433,52.56,0.0225,0,BTC-3MAY19-5500-C,5262.91,48.38,0.0175,16.0,0.022,16.0,55.22,3.47132,-7.68198,0.54448,0.00073,0.33821
5248.37,BTC-28JUN19,1555844342560,open,0.0,355.3,4.75e-06,0.00081142,0.00199174,83.53,0.003,0.0,BTC-28JUN19-12000-C,5262.91,80.58,0.0015,22.1,0.0025,6.9,86.09,0.96281,-0.59242,0.14823,2e-05,0.01718
5262.91,index_price,1555844342557,open,0.11,876.0,0.09829292,0.10460118,0.09986465,62.49,0.098,0,BTC-26APR19-4750-C,5262.91,46.36,0.098,0.1,0.1,4.0,63.32,0.84089,-5.3885,0.5817,0.00036,0.92729
5248.37,BTC-28JUN19,1555844342560,open,0.01,515.2,0.00056098,0.00829897,0.00537346,69.07,0.0055,0.0,BTC-28JUN19-9000-C,5262.91,68.19,0.005,60.0,0.006,0.1,70.47,2.2697,-1.15477,0.41872,6e-05,0.04828
5248.37,BTC-28JUN19,1555844342560,open,0.02,1429.1,0.01046129,0.03787015,0.0193416,59.5,0.0205,0.0,BTC-28JUN19-7000-C,5262.91,58.69,0.0185,9.6,0.02,20.0,60.12,5.50843,-2.41429,1.37353,0.00018,0.16007
5262.91,index_price,1555844342557,open,0.0,8.7,0.00035424,0.02240926,0.00263222,56.96,0.003,0,BTC-3MAY19-4500-P,5262.91,53.71,0.002,50.0,0.003,2.0,58.67,1.09471,-2.62549,-0.10308,0.00021,-0.05757
5262.91,index_price,1555844342559,open,0.02,63.0,0.01386207,0.050384,0.01723494,53.89,0.019,0,BTC-31MAY19-6250-C,5262.91,52.5,0.016,12.8,0.0185,17.8,55.28,4.72842,-3.19515,0.99632,0.00029,0.19052
5262.91,index_price,1555844342557,open,0.09,20.9,0.09655326,0.13702031,0.10290555,54.6,0.094,0,BTC-3MAY19-5750-P,5262.91,52.77,0.102,4.0,0.107,4.0,62.36,2.63999,-6.06877,-1.54987,0.00054,-0.80221
5262.91,index_price,1555844342557,open,0.01,31.5,0.00539932,0.03259934,0.00915304,56.82,0.009,0,BTC-31MAY19-6750-C,5262.91,54.9,0.008,16.0,0.0105,21.0,58.94,3.25277,-2.31767,0.57494,0.00019,0.10915
5262.91,index_price,1555844342558,open,0.18,0.0,0.18758224,0.18928691,0.18869684,78.9,None,0,BTC-26APR19-6250-P,5262.91,0.0,0.1805,2.0,0.195,2.0,118.44,0.44694,-3.61619,-0.81254,0.00015,-0.96708
5262.91,index_price,1555844342557,open,0.07,0.0,0.07249926,0.09592346,0.07422538,56.51,None,0,BTC-26APR19-5625-P,5262.91,53.88,0.0735,4.0,0.077,4.0,65.61,1.49224,-8.64719,-0.64129,0.00071,-0.83797
5262.91,index_price,1555844342557,open,0.11,0.0,0.09985486,0.13368286,0.10445513,54.09,None,0,BTC-3MAY19-4750-C,5262.91,42.44,0.1005,4.0,0.105,4.0,55.46,2.06881,-4.71169,1.30106,0.00042,0.86427
5262.91,index_price,1555844342558,open,0.05,77.2,0.04718814,0.09309902,0.04919974,51.55,0.051,0,BTC-31MAY19-5500-C,5262.91,48.7,0.0455,9.6,0.0505,9.6,52.55,6.83618,-4.4188,2.19615,0.00044,0.43116
5262.91,index_price,1555844342559,open,0.25,484.7,0.23996421,0.24003086,0.24025373,99.73,0.2475,0,BTC-26APR19-4000-C,5262.91,0.0,0.233,3.0,0.247,3.0,174.7,0.12423,-1.27059,0.52893,3e-05,0.99262
5262.91,index_price,1555844342558,open,0.0,108.6,1.2e-07,0.00020091,0.00045262,93.74,0.001,0,BTC-26APR19-6750-C,5262.91,0.0,0.0,0.0,0.001,36.9,104.74,0.19618,-1.8858,0.00844,6e-05,0.01245
5262.91,index_price,1555844342557,open,0.01,5.4,0.00239737,0.03622537,0.00700107,54.1,0.006,0,BTC-3MAY19-4750-P,5262.91,50.11,0.0055,8.5,0.008,20.0,56.58,2.06918,-4.71329,-0.24447,0.00042,-0.13577
5262.91,index_price,1555844342557,open,0.01,1.1,0.0040018,0.04446885,0.01034994,54.59,0.0155,0,BTC-3MAY19-5750-C,5262.91,50.79,0.0085,16.0,0.012,16.0,57.81,2.63967,-6.06711,0.3209,0.00054,0.19775
5262.91,index_price,1555844342557,open,0.12,47.6,0.12480273,0.16887132,0.12764971,52.38,0.1435,0,BTC-31MAY19-5750-P,5262.91,51.42,0.1265,9.6,0.132,9.6,55.96,6.34119,-4.16461,-4.55449,0.0004,-0.66448
5262.91,index_price,1555844342557,open,0.05,32.2,0.03821051,0.0664322,0.03828096,50.17,0.046,0,BTC-26APR19-5125-C,5262.91,43.27,0.0355,12.0,0.039,12.0,51.92,2.15539,-11.08974,0.45595,0.00116,0.68684
5262.91,index_price,1555844342557,open,0.0,3043.4,0.0,1e-08,3e-07,100.0,0.0005,0,BTC-26APR19-3250-P,5262.91,0.0,0.0,0.0,0.0005,9.9,177.16,0.00032,-0.00158,-1e-05,0.0,-1e-05
5262.91,index_price,1555844342557,open,0.09,7.4,0.07610672,0.09610971,0.07733046,56.03,0.0935,0,BTC-26APR19-4875-C,5262.91,38.98,0.0745,4.1,0.078,4.0,58.96,1.16041,-6.66753,0.56975,0.00056,0.88776
5262.91,index_price,1555844342558,open,0.44,5.9,0.42997315,0.42997315,0.429971,0.0,0.4005,0,BTC-26APR19-3000-C,5262.91,0.0,0.423,3.0,0.437,3.0,313.36,0.0,0.0,0.40074,0.0,1.0
5262.91,index_price,1555844342557,open,0.16,0.0,0.14531397,0.16736899,0.14758869,56.95,None,0,BTC-3MAY19-4500-C,5262.91,0.0,0.14,3.0,0.155,3.0,81.69,1.09401,-2.6231,1.36113,0.00021,0.94248
5262.91,index_price,1555844342559,open,0.34,0.0,0.33526568,0.34240122,0.33676891,64.22,None,0,BTC-31MAY19-3500-C,5262.91,0.0,0.3275,3.0,0.3445,3.0,90.32,0.88793,-0.71502,3.69095,5e-05,0.97871
5262.91,index_price,1555844342559,open,0.16,0.0,0.16148021,0.20223675,0.16509384,53.46,None,0,BTC-31MAY19-6000-P,5262.91,44.97,0.1565,2.0,0.175,2.0,62.4,5.60544,-3.7573,-5.22284,0.00035,-0.74328
5262.91,index_price,1555844342559,open,0.04,71.8,0.03225127,0.07631986,0.0350941,52.37,0.0365,0,BTC-31MAY19-5750-C,5262.91,49.79,0.032,12.8,0.036,17.8,53.12,6.34108,-4.16427,1.72724,0.0004,0.3355
5262.91,index_price,1555844342557,open,0.13,0.0,0.1403015,0.14448843,0.14214415,71.31,None,0,BTC-26APR19-6000-P,5262.91,0.0,0.134,2.0,0.1485,2.0,102.07,0.73085,-5.34432,-0.76031,0.00028,-0.93934
5256.19,BTC-27SEP19,1555844342563,open,0.02,705.9,0.00185052,0.01965825,0.01493943,75.52,0.014,0.0,BTC-27SEP19-12000-C,5262.91,74.01,0.0135,21.3,0.0165,12.0,77.08,5.1373,-1.22105,1.48,6e-05,0.07963
5262.91,index_price,1555844342557,open,0.0,1.5,0.00066797,0.01604896,0.00242182,64.41,0.0035,0,BTC-26APR19-5875-C,5262.91,58.06,0.0015,20.0,0.0035,20.0,70.41,0.85949,-5.67684,0.0509,0.00036,0.07482
5262.91,index_price,1555844342557,open,0.03,136.0,0.02142651,0.06218305,0.02503581,53.45,0.025,0,BTC-31MAY19-6000-C,5262.91,51.04,0.0225,12.8,0.026,17.8,54.35,5.60521,-3.75686,1.33198,0.00035,0.2567
5262.91,index_price,1555844342557,open,0.01,1.8,0.009871,0.0546219,0.01599729,50.66,0.0135,0,BTC-3MAY19-5000-P,5262.91,47.29,0.014,16.0,0.0165,0.3,51.5,3.15105,-6.72151,-0.49333,0.00069,-0.27211
5262.91,index_price,1555844342558,open,0.0,331.0,0.00164562,0.01028619,0.00365554,60.87,0.0065,0,BTC-26APR19-5750-C,5262.91,57.74,0.003,1.0,0.0045,20.0,64.57,1.14875,-7.17089,0.07523,0.00051,0.11067
5262.91,index_price,1555844342558,open,0.02,23.3,0.02556476,0.06448921,0.02754336,51.91,0.026,0,BTC-31MAY19-4750-P,5262.91,50.42,0.026,12.8,0.029,5.0,53.3,5.49436,-3.57612,-1.57948,0.00035,-0.24716
5256.19,BTC-27SEP19,1555844342557,open,0.3,10.0,0.25498528,0.48140864,0.29330561,61.63,0.288,0.0,BTC-27DEC19-6000-P,5262.91,56.09,0.275,5.0,0.3055,5.0,65.33,17.34971,-2.13971,-28.61129,0.00015,-0.50182
5262.91,index_price,1555844342559,open,0.0,1123.2,0.0,0.0,1e-08,100.0,0.001,0,BTC-26APR19-3000-P,5262.91,0.0,0.0,0.0,0.0005,15.0,203.73,1e-05,-5e-05,0.0,0.0,0.0
5262.91,index_price,1555844342557,open,0.19,0.0,0.20141801,0.23793994,0.20479538,53.9,None,0,BTC-31MAY19-6250-P,5262.91,44.33,0.197,2.0,0.2155,2.0,64.9,4.72883,-3.19572,-5.83158,0.00029,-0.80945
5262.91,index_price,1555844342557,open,0.03,2.1,0.02753273,0.0777093,0.0351879,50.66,0.0285,0,BTC-3MAY19-5250-P,5262.91,48.31,0.0335,12.0,0.0385,12.0,55.28,3.77725,-8.05739,-0.8669,0.00083,-0.47107
5262.91,index_price,1555844342559,open,0.0,51.1,0.00289321,0.02119789,0.00489664,55.97,0.0055,0,BTC-31MAY19-4000-P,5262.91,54.91,0.0045,5.0,0.005,10.0,56.24,2.00565,-1.40766,-0.35908,0.00012,-0.05756
5262.91,index_price,1555844342558,open,0.09,76.3,0.09419707,0.10283764,0.09621115,60.89,0.0875,0,BTC-26APR19-5750-P,5262.91,57.48,0.0955,4.0,0.0985,4.0,70.3,1.14932,-7.17668,-0.69281,0.00051,-0.88925
5262.91,index_price,1555844342559,open,0.27,0.0,0.28256052,0.28276132,0.2830179,93.87,None,0,BTC-26APR19-6750-P,5262.91,0.0,0.275,2.0,0.2895,2.0,151.61,0.19762,-1.90228,-0.89316,6e-05,-0.98744
5262.91,index_price,1555844342557,open,0.3,0.0,0.28849621,0.30051125,0.28962796,56.51,None,0,BTC-31MAY19-3750-C,5262.91,0.0,0.281,3.0,0.2985,3.0,81.09,1.124,-0.79639,3.9223,7e-05,0.97181
5256.19,BTC-27SEP19,1555844342557,open,0.05,208.7,0.01451682,0.19962999,0.04806841,68.21,0.052,0.0,BTC-27DEC19-10000-C,5262.91,67.29,0.046,10.0,0.0505,9.6,69.26,12.01187,-1.63937,5.30768,9e-05,0.19557
5262.91,index_price,1555844342558,open,0.34,33.6,0.33496868,0.33496897,0.33497104,95.49,0.3345,0,BTC-26APR19-3500-C,5262.91,0.0,0.328,3.0,0.342,3.0,239.95,0.00213,-0.0209,0.46747,0.0,0.99991
5262.91,index_price,1555844342557,open,0.24,0.0,0.24380819,0.27567743,0.24801728,55.97,None,0,BTC-31MAY19-6500-P,5262.91,42.3,0.2395,2.0,0.2585,2.0,68.22,4.00433,-2.81026,-6.32956,0.00024,-0.85284
5262.91,index_price,1555844342560,open,0.48,10.2,0.47747539,0.47747539,0.4774734,0.0,0.006,0,BTC-26APR19-2750-C,5262.91,0.0,0.4705,3.0,0.4845,3.0,354.39,0.0,0.0,0.36735,0.0,1.0
5262.91,index_price,1555844342558,open,0.37,0.0,0.37950012,0.39831778,0.3830842,60.75,None,0,BTC-31MAY19-7250-P,5262.91,0.0,0.3745,2.0,0.394,2.0,79.35,2.2706,-1.72965,-7.56425,0.00012,-0.93252
5262.91,index_price,1555844342560,open,0.29,225.9,0.28746644,0.28747234,0.2875109,99.48,0.282,0,BTC-26APR19-3750-C,5262.91,0.0,0.2805,3.0,0.295,3.0,210.01,0.02652,-0.27056,0.49996,1e-05,0.99867
5262.91,index_price,1555844342558,open,0.0,913.7,1e-08,6.666e-05,0.00029242,99.85,0.001,0,BTC-26APR19-4000-P,5262.91,0.0,0.0,0.0,0.001,6.9,118.45,0.12509,-1.28097,-0.00544,3e-05,-0.00744
5262.91,index_price,1555844342559,open,0.03,947.0,0.02427011,0.04036722,0.02435011,50.17,0.0255,0,BTC-26APR19-5250-C,5262.91,48.33,0.0235,0.2,0.025,12.0,51.59,2.42049,-12.45415,0.35439,0.0013,0.52844
5256.19,BTC-27SEP19,1555844342559,open,0.06,70.5,0.02428355,0.22579079,0.0606903,66.33,0.063,0.0,BTC-27DEC19-9000-C,5262.91,65.28,0.058,9.6,0.0635,19.6,67.41,13.5266,-1.79529,6.46016,0.00011,0.24022
5262.91,index_price,1555844342557,open,0.0,1.6,0.00022536,0.02301899,0.00292193,60.48,0.0035,0,BTC-3MAY19-6250-C,5262.91,55.99,0.002,20.0,0.004,1.0,64.86,1.19081,-3.03221,0.10477,0.00022,0.06411
5256.19,BTC-27SEP19,1555844342557,open,0.0,42.0,7.426e-05,0.02400876,0.00271432,75.68,0.002,0.0,BTC-27DEC19-1500-P,5262.91,65.6,0.001,12.0,0.0045,12.0,82.39,1.18829,-0.17995,-0.46791,1e-05,-0.01029
5262.91,index_price,1555844342560,open,0.02,238.3,0.02181709,0.03791421,0.02190089,50.18,0.022,0,BTC-26APR19-5250-P,5262.91,47.14,0.0205,12.0,0.0235,1.0,53.66,2.42049,-12.45621,-0.34692,0.0013,-0.47156
5262.91,index_price,1555844342557,open,0.0,295.4,0.0,0.0,0.0,100.0,0.0005,0,BTC-26APR19-2000-P,5262.91,0.0,0.0,0.0,0.0005,15.0,337.19,0.0,0.0,0.0,0.0,0.0
5262.91,index_price,1555844342560,open,0.01,85.9,0.00875002,0.04061926,0.01295442,55.96,0.0145,0,BTC-31MAY19-6500-C,5262.91,55.36,0.0125,15.1,0.014,21.0,57.32,4.00376,-2.80956,0.77144,0.00024,0.14713
5256.19,BTC-27SEP19,1555844342559,open,1.29,0.0,1.28830605,1.44154845,1.31567217,71.8,None,0.0,BTC-27DEC19-12000-P,5262.91,0.0,0.0005,0.2,0.0,0.0,0.0,9.5527,-1.37248,-78.38488,7e-05,-0.86269
5256.19,BTC-27SEP19,1555844342560,open,0.72,0.0,0.71469645,0.73863095,0.71733379,75.67,None,0.0,BTC-27DEC19-1500-C,5262.91,0.0,0.699,3.0,0.725,3.0,97.24,1.18755,-0.17981,9.80131,1e-05,0.98972
5262.91,index_price,1555844342559,open,0.32,0.0,0.33006265,0.33012325,0.33029225,97.2,None,0,BTC-26APR19-7000-P,5262.91,0.0,0.3225,2.0,0.337,2.0,167.55,0.11126,-1.10901,-0.93065,3e-05,-0.99348
5262.91,index_price,1555844342559,open,0.06,57.6,0.06455573,0.11035539,0.06534863,50.6,0.0595,0,BTC-31MAY19-5250-P,5262.91,49.96,0.0645,9.6,0.068,5.5,52.62,6.90629,-4.38221,-3.02541,0.00045,-0.46084
5262.91,index_price,1555844342560,open,0.58,0.0,0.57247986,0.57247986,0.57247824,0.0,0.429,0,BTC-26APR19-2250-C,5262.91,0.0,0.5655,3.0,0.5795,3.0,448.77,0.0,0.0,0.30056,0.0,1.0
5262.91,index_price,1555844342559,open,0.0,233.8,0.0,0.0,0.0,100.0,0.0005,0,BTC-26APR19-2500-P,5262.91,0.0,0.0,0.0,0.0005,10.0,263.84,0.0,0.0,0.0,0.0,0.0
5262.91,index_price,1555844342559,open,0.28,0.0,0.28795972,0.31515975,0.29171833,56.83,None,0,BTC-31MAY19-6750-P,5262.91,36.28,0.2835,2.0,0.303,2.0,71.96,3.25355,-2.31855,-6.79914,0.00019,-0.89081
5256.19,BTC-27SEP19,1555844342558,open,0.08,87.3,0.05448305,0.22696404,0.0819363,61.68,0.08,0.0,BTC-27DEC19-4000-P,5262.91,60.67,0.0795,9.6,0.0845,14.6,62.74,12.69601,-1.56703,-10.67298,0.00011,-0.21467
5262.91,index_price,1555844342810,open,0.01,14.1,0.00369892,0.02712312,0.00542098,56.49,0.0085,0,BTC-26APR19-5625-C,5262.91,53.14,0.0045,16.0,0.0065,17.0,60.18,1.49185,-8.64273,0.11006,0.00071,0.16197
5262.91,index_price,1555844342856,open,0.25,0.1,0.24285741,0.2611621,0.24485795,55.97,0.239,0,BTC-31MAY19-4000-C,5262.91,0.0,0.236,3.0,0.2535,3.0,73.33,2.00505,-1.40706,4.011,0.00012,0.94247
5262.91,index_price,1555844342858,open,0.01,1069.7,0.00758095,0.02149371,0.00943987,55.14,0.008,0,BTC-26APR19-5500-C,5262.91,48.33,0.007,0.5,0.011,0.4,59.27,1.95221,-11.03796,0.17246,0.00096,0.25475
5256.21,BTC-27SEP19,1555844342996,open,0.13,43.4,0.1149042,0.1795877,0.13098642,60.43,0.121,0.0,BTC-27SEP19-5000-P,5262.91,59.04,0.1275,9.6,0.13,1.0,60.04,13.12419,-2.49612,-11.52402,0.00018,-0.37271
5262.91,index_price,1555844342996,open,0.0,28.7,0.00102977,0.01304481,0.00216422,56.52,0.003,0,BTC-31MAY19-3750-P,5262.91,55.73,0.002,16.0,0.0025,10.0,58.02,1.12483,-0.79715,-0.17467,7e-05,-0.02822
5256.21,BTC-27SEP19,1555844343015,open,0.01,153.8,0.00404478,0.08391082,0.01479615,66.16,0.016,0.0,BTC-27DEC19-2500-P,5262.91,64.04,0.013,12.0,0.0165,12.0,68.06,4.58648,-0.60718,-2.38268,4e-05,-0.05142
5262.91,index_price,1555844343130,open,0.0,259.9,0.0,0.0,0.0,100.0,0.0005,0,BTC-26APR19-2250-P,5262.91,0.0,0.0,0.0,0.0005,10.0,298.47,0.0,0.0,0.0,0.0,0.0
5262.91,index_price,1555844343171,open,0.2,1359.1,0.19246332,0.19292341,0.19324139,91.84,0.2,0,BTC-26APR19-4250-C,5262.91,0.0,0.186,3.0,0.2,3.0,146.81,0.28661,-2.69939,0.55355,8e-05,0.98063
5262.91,index_price,1555844343181,open,0.0,420.1,2.02e-06,0.00061562,0.00067994,86.22,0.001,0,BTC-26APR19-6500-C,5262.91,82.57,0.0005,9.1,0.001,16.9,91.4,0.2856,-2.52535,0.01308,9e-05,0.01929
5262.91,index_price,1555844343183,open,0.32,0.0,0.33332588,0.35611985,0.33756237,59.67,None,0,BTC-31MAY19-7000-P,5262.91,0.0,0.3285,2.0,0.348,2.0,75.38,2.79875,-2.09391,-7.17946,0.00016,-0.91112
5262.91,index_price,1555844343216,open,0.05,139.7,0.05263017,0.06654294,0.05449,55.14,0.0435,0,BTC-26APR19-5500-P,5262.91,51.04,0.053,4.0,0.0565,4.0,60.44,1.95225,-11.03868,-0.56223,0.00096,-0.74524
5248.36,BTC-28JUN19,1555844343558,open,0.44,43.8,0.42863494,0.43251402,0.43187428,72.67,0.433,0.0,BTC-28JUN19-3000-C,5262.86,0.0,0.4215,3.0,0.44,3.0,94.06,1.37139,-0.73412,5.2901,4e-05,0.9739
5256.21,BTC-27SEP19,1555844343558,open,0.0,410.3,0.00022087,0.00418697,0.00353367,77.66,0.004,0.0,BTC-27SEP19-2000-P,5262.86,75.55,0.003,8.1,0.004,1.5,79.35,1.39519,-0.341,-0.4491,1e-05,-0.0161
5262.86,index_price,1555844343557,open,0.04,2.0,0.02998101,0.08015791,0.03763897,50.67,0.041,0,BTC-3MAY19-5250-C,5262.86,45.6,0.034,12.0,0.0395,12.0,53.26,3.77724,-8.05797,0.84118,0.00083,0.52888
5262.86,index_price,1555844343557,open,0.01,198.1,0.01200946,0.0402322,0.01207929,50.17,0.0105,0,BTC-26APR19-5125-P,5262.86,47.52,0.011,16.0,0.0135,16.4,53.62,2.15553,-11.09012,-0.22869,0.00116,-0.31321
5256.16,BTC-27SEP19,1555844343559,open,0.54,57.5,0.52599951,0.53716406,0.5313979,69.85,0.389,0.0,BTC-27SEP19-2500-C,5262.86,0.0,0.5165,3.0,0.542,3.0,86.89,2.53148,-0.55645,9.97376,3e-05,0.96734
5256.16,BTC-27SEP19,1555844343560,open,0.73,0.0,0.72549002,0.76654938,0.74426898,67.71,None,0.0,BTC-27SEP19-9000-P,5262.86,44.82,0.7175,2.0,0.763,2.0,78.19,8.55437,-1.82293,-36.16809,0.00011,-0.83659
5256.16,BTC-27SEP19,1555844343560,open,0.33,0.0,0.31394762,0.35567604,0.3257136,61.97,None,0.0,BTC-27SEP19-3750-C,5262.86,52.22,0.3115,3.0,0.3395,3.0,70.54,8.137,-1.58689,11.96211,0.00011,0.84856
5262.86,index_price,1555844343557,open,0.18,0.0,0.18779249,0.21058432,0.19047812,60.43,None,0,BTC-3MAY19-6250-P,5262.86,0.0,0.1825,2.0,0.198,2.0,83.7,1.18838,-3.02372,-1.92901,0.00022,-0.93606
5256.16,BTC-27SEP19,1555844343561,open,0.01,336.1,0.00163191,0.01279646,0.00702925,69.84,0.0085,0.0,BTC-27SEP19-2500-P,5262.86,66.46,0.0055,15.1,0.0085,20.5,72.75,2.53127,-0.55639,-0.90804,3e-05,-0.03266
5256.16,BTC-27SEP19,1555844343561,open,0.63,28.2,0.61971497,0.62368127,0.62303122,77.67,0.608,0.0,BTC-27SEP19-2000-C,5262.86,0.0,0.6075,3.0,0.631,3.0,98.21,1.39601,-0.34125,8.25609,1e-05,0.98389
5256.16,BTC-27SEP19,1555844343561,open,0.56,2.5,0.54749116,0.59927619,0.56846754,65.65,1.278,0.0,BTC-27SEP19-8000-P,5262.86,51.41,0.5435,2.0,0.5855,2.0,73.83,10.41694,-2.15208,-30.72236,0.00013,-0.77436
5262.86,index_price,1555844343557,open,0.11,0.0,0.11698087,0.13236018,0.1187247,64.35,None,0,BTC-26APR19-5875-P,5262.86,0.0,0.111,2.0,0.1255,2.0,93.53,0.8576,-5.6592,-0.73403,0.00036,-0.92539
5256.16,BTC-27SEP19,1555844343562,open,0.02,648.3,0.0035471,0.02736601,0.01870187,73.16,0.017,0.0,BTC-27SEP19-11000-C,5262.86,72.09,0.0175,10.0,0.02,12.0,74.27,6.03015,-1.38836,1.83139,7e-05,0.09875
5256.16,BTC-27SEP19,1555844343559,open,0.44,0.0,0.40002212,0.62614494,0.43783176,62.36,None,0.0,BTC-27DEC19-7000-P,5262.86,52.86,0.4085,2.0,0.4565,2.0,68.21,16.5996,-2.07127,-37.95233,0.00014,-0.61689
5262.86,index_price,1555844343560,open,0.04,74.6,0.04229168,0.08574572,0.04306182,50.63,0.041,0,BTC-31MAY19-5000-P,5262.86,49.76,0.042,12.8,0.0455,5.0,52.62,6.43188,-4.08331,-2.25032,0.00042,-0.34833
5262.86,index_price,1555844343558,open,0.17,9.7,0.15897696,0.19164328,0.16110972,52.69,0.14,0,BTC-31MAY19-4500-C,5262.86,43.12,0.154,5.0,0.169,5.0,61.86,4.26681,-2.81886,3.89188,0.00027,0.83801
5262.86,index_price,1555844343557,open,0.06,12.1,0.0572779,0.10531519,0.06528483,52.55,0.062,0,BTC-3MAY19-5500-P,5262.86,49.83,0.0635,12.0,0.069,12.0,58.13,3.47102,-7.68008,-1.24511,0.00073,-0.66186
5262.86,index_price,1555844343559,open,0.53,0.0,0.52497311,0.52497311,0.52497763,176.59,None,0,BTC-26APR19-2500-C,5262.86,0.0,0.518,3.0,0.532,3.0,399.26,0.00215,-0.03893,0.33389,0.0,0.99991
5256.16,BTC-27SEP19,1555844343558,open,0.59,0.0,0.56276052,0.77895588,0.5980192,63.35,None,0.0,BTC-27DEC19-8000-P,5262.86,51.34,0.566,2.0,0.6195,2.0,70.66,15.0019,-1.90172,-46.89213,0.00013,-0.70515
5262.86,index_price,1555844343562,open,0.06,467.4,0.05574175,0.0682463,0.05664147,52.9,0.0525,0,BTC-26APR19-5000-C,5262.86,43.94,0.054,4.0,0.057,4.0,54.03,1.66417,-9.02855,0.52783,0.00085,0.80745
5256.16,BTC-27SEP19,1555844343560,open,0.01,49.9,0.00082674,0.04970191,0.00647911,69.25,0.008,0.0,BTC-27DEC19-2000-P,5262.86,65.89,0.005,12.0,0.008,1.0,72.29,2.47805,-0.34338,-1.10592,2e-05,-0.02426
5262.86,index_price,1555844343560,open,0.09,21.7,0.09224369,0.13815437,0.09425042,51.55,0.0955,0,BTC-31MAY19-5500-P,5262.86,50.58,0.093,9.6,0.098,9.6,54.43,6.83602,-4.41838,-3.81267,0.00044,-0.56887
174.47,ETH-27SEP19,1555844343566,open,0.05,491.0,0.020081,0.085432,0.047352,76.78,0.048,0.0,ETH-27SEP19-300-C,168.97,75.52,0.045,60.0,0.05,120.0,78.17,0.32897,-0.07949,0.12127,0.00323,0.20704
171.92,ETH-28JUN19,1555844343566,open,0.03,1016.0,0.014154,0.086167,0.031362,76.38,0.034,0.0,ETH-28JUN19-240-C,168.97,74.38,0.029,180.0,0.034,120.0,78.54,0.2064,-0.11613,0.05333,0.00492,0.19816
174.47,ETH-27SEP19,1555844343566,open,0.43,121.0,0.430223,0.515462,0.453629,70.24,0.507,0.0,ETH-27SEP19-240-P,168.97,0.0,0.006,8.0,0.503,1.0,90.15,0.41377,-0.09146,-0.85785,0.00445,-0.67598
171.92,ETH-28JUN19,1555844343566,open,0.84,0.0,0.862281,0.89465,0.873917,90.73,None,0.0,ETH-28JUN19-320-P,168.97,0.0,0.002,15.0,0.0,0.0,0.0,0.11221,-0.075,-0.57291,0.00225,-0.91808
5256.16,BTC-27SEP19,1555844343558,open,0.76,0.0,0.73655955,0.93806597,0.77295889,66.33,None,0.0,BTC-27DEC19-9000-P,5262.86,48.26,0.7335,2.0,0.7925,2.0,73.6,13.52594,-1.79513,-55.15346,0.00011,-0.7598
174.47,ETH-27SEP19,1555844343566,open,0.17,280.0,0.144024,0.234361,0.164438,67.83,0.169,0.0,ETH-27SEP19-180-C,168.97,65.36,0.158,150.0,0.17,60.0,69.97,0.4538,-0.09687,0.30131,0.00505,0.5612
171.92,ETH-28JUN19,1555844343566,open,0.51,0.0,0.519703,0.58008,0.534967,79.03,None,0.0,ETH-28JUN19-260-P,168.97,0.0,0.002,15.0,0.0,0.0,0.0,0.17162,-0.09991,-0.44329,0.00395,-0.8516
174.47,ETH-27SEP19,1555844343566,open,0.66,0.0,0.656346,0.662532,0.658043,77.42,None,0.0,ETH-27SEP19-60-C,168.97,0.0,0.001,4.0,0.0,0.0,0.0,0.02936,-0.00715,0.25247,0.00029,0.99049
171.92,ETH-28JUN19,1555844343566,open,0.02,1215.0,0.003769,0.053357,0.018494,83.61,0.02,0.0,ETH-28JUN19-280-C,168.97,81.85,0.017,60.0,0.02,150.0,85.32,0.14874,-0.09161,0.03261,0.00324,0.12049
171.92,ETH-28JUN19,1555844343566,open,0.55,0.0,0.534745,0.543458,0.540402,105.18,None,0.0,ETH-28JUN19-80-C,168.97,0.0,0.001,10.0,0.0,0.0,0.0,0.04742,-0.03674,0.13803,0.00082,0.97215
171.92,ETH-28JUN19,1555844343566,open,0.06,501.0,0.035848,0.123814,0.050281,69.91,0.057,0.0,ETH-28JUN19-210-C,168.97,70.38,0.051,10.0,0.058,180.0,74.95,0.2593,-0.13353,0.08111,0.00675,0.30399
171.92,ETH-28JUN19,1555844343566,open,0.01,1501.0,7.8e-05,0.008791,0.005684,105.0,0.004,0.0,ETH-28JUN19-80-P,168.97,79.16,0.001,1999.0,0.04,17.0,175.1,0.04719,-0.0365,-0.01067,0.00082,-0.02769
174.47,ETH-27SEP19,1555844343566,open,0.09,508.0,0.054628,0.139868,0.077983,70.21,0.089,0.0,ETH-27SEP19-240-C,168.97,69.8,0.077,60.0,0.086,120.0,73.56,0.41372,-0.09142,0.18677,0.00445,0.32392
5256.16,BTC-27SEP19,1555844343559,open,0.39,5.8,0.36277781,0.50764008,0.38503056,62.48,0.385,0.0,BTC-27DEC19-3500-C,5262.86,54.28,0.37,1.0,0.4,3.0,70.08,10.04934,-1.25643,16.80312,9e-05,0.852
174.47,ETH-27SEP19,1555844343566,open,0.02,7.0,0.002033,0.029745,0.021103,88.0,0.018,0.0,ETH-27SEP19-440-C,168.97,86.08,0.019,60.0,0.024,210.0,90.48,0.19648,-0.05441,0.05709,0.00169,0.09628
174.47,ETH-27SEP19,1555844343566,open,0.18,1553.0,0.17572,0.266057,0.196075,67.81,0.175,0.0,ETH-27SEP19-180-P,168.97,65.47,0.19,90.0,0.202,60.0,70.09,0.4538,-0.09684,-0.48217,0.00505,-0.43883
174.47,ETH-27SEP19,1555844343566,open,0.02,57.0,0.001085,0.022506,0.019514,92.25,0.018,0.0,ETH-27SEP19-480-C,168.97,90.77,0.018,5.0,0.022,210.0,94.55,0.18249,-0.05298,0.05136,0.00149,0.08715
174.47,ETH-27SEP19,1555844343566,open,0.95,0.0,0.959076,1.011121,0.984133,80.02,None,0.0,ETH-27SEP19-340-P,168.97,0.0,0.003,6.0,1.002,1.0,90.28,0.2786,-0.07016,-1.38627,0.00263,-0.84128
171.92,ETH-28JUN19,1555844343566,open,0.49,0.0,0.476872,0.49232,0.479146,78.75,None,0.0,ETH-28JUN19-90-C,168.97,0.0,0.001,10.0,0.0,0.0,0.0,0.03431,-0.0199,0.16046,0.00079,0.98104
174.47,ETH-27SEP19,1555844343566,open,0.36,77.0,0.342149,0.398,0.353846,68.12,0.368,0.0,ETH-27SEP19-120-C,168.97,0.0,0.002,6.0,0.0,0.0,0.0,0.26254,-0.05628,0.38048,0.00291,0.85485
174.47,ETH-27SEP19,1555844343566,open,0.04,229.0,0.014384,0.072891,0.040467,78.3,0.042,0.0,ETH-27SEP19-320-C,168.97,76.86,0.038,15.0,0.044,180.0,80.31,0.30191,-0.0744,0.10587,0.00291,0.17987
171.92,ETH-28JUN19,1555844343566,open,0.62,0.0,0.632433,0.682021,0.646969,83.39,None,0.0,ETH-28JUN19-280-P,168.97,0.0,0.004,12.0,0.0,0.0,0.0,0.14803,-0.09094,-0.48828,0.00323,-0.88031
174.47,ETH-27SEP19,1555844343566,open,0.07,581.0,0.039178,0.118347,0.059946,70.2,0.078,0.0,ETH-27SEP19-260-C,168.97,71.15,0.062,200.0,0.071,180.0,75.21,0.37662,-0.08321,0.15529,0.00405,0.26443
171.92,ETH-28JUN19,1555844343566,open,0.0,1990.0,0.001288,0.02581,0.004466,74.12,0.005,0.0,ETH-28JUN19-100-P,168.97,68.81,0.003,60.0,0.006,150.0,78.7,0.05292,-0.0289,-0.01159,0.0013,-0.03179
174.47,ETH-27SEP19,1555844343566,open,0.07,1231.0,0.063544,0.135953,0.079254,67.81,0.07,0.0,ETH-27SEP19-140-P,168.97,65.22,0.074,120.0,0.082,60.0,69.16,0.35546,-0.07586,-0.24024,0.00396,-0.23709
174.47,ETH-27SEP19,1555844343566,open,0.04,1638.0,0.029946,0.085797,0.041683,68.15,0.037,0.0,ETH-27SEP19-120-P,168.97,65.67,0.038,210.0,0.045,210.0,70.33,0.2626,-0.05632,-0.14193,0.00291,-0.1452
171.92,ETH-28JUN19,1555844343566,open,0.0,1784.0,0.000371,0.01582,0.002585,78.44,0.006,0.0,ETH-28JUN19-90-P,168.97,67.93,0.001,5.0,0.004,150.0,84.72,0.03383,-0.01955,-0.00679,0.00078,-0.01865
171.92,ETH-28JUN19,1555844343566,open,0.13,1147.0,0.10804,0.200373,0.123431,69.09,0.133,0.0,ETH-28JUN19-170-C,168.97,67.06,0.12,60.0,0.128,90.0,71.8,0.29066,-0.14793,0.14406,0.00765,0.57404
171.92,ETH-28JUN19,1555844343566,open,0.0,2166.0,2e-06,0.004609,0.002334,105.0,0.004,0.0,ETH-28JUN19-500-C,168.97,112.73,0.004,300.0,0.008,150.0,125.02,0.03051,-0.0236,0.00454,0.00053,0.01653
174.47,ETH-27SEP19,1555844343566,open,0.63,0.0,0.632913,0.705272,0.659885,74.68,None,0.0,ETH-27SEP19-280-P,168.97,0.0,0.004,5.0,0.694,2.0,90.22,0.35596,-0.08366,-1.08004,0.0036,-0.7623
171.92,ETH-28JUN19,1555844343566,open,0.38,10.0,0.363698,0.399231,0.368624,72.33,0.265,0.0,ETH-28JUN19-110-C,168.97,0.0,0.002,8.0,0.0,0.0,0.0,0.08388,-0.04469,0.18389,0.00211,0.94381
174.47,ETH-27SEP19,1555844343566,open,0.01,820.0,0.00243,0.021024,0.007035,72.87,0.012,0.0,ETH-27SEP19-80-P,168.97,65.33,0.004,150.0,0.01,150.0,78.67,0.0811,-0.0186,-0.02911,0.00084,-0.03129
174.47,ETH-27SEP19,1555844343566,open,0.03,112.0,0.003859,0.03969,0.025138,84.84,0.026,0.0,ETH-27SEP19-400-C,168.97,83.13,0.023,60.0,0.028,210.0,87.02,0.22286,-0.05951,0.06794,0.00198,0.11459
171.92,ETH-28JUN19,1555844343566,open,0.3,1136.0,0.30617,0.389376,0.318954,69.8,0.358,0.0,ETH-28JUN19-220-P,168.97,0.0,0.011,14.0,0.327,1.0,75.5,0.23649,-0.12159,-0.34117,0.00616,-0.74819
171.92,ETH-28JUN19,1555844343566,open,0.01,354.0,5.7e-05,0.013427,0.008106,104.8,0.007,0.0,ETH-28JUN19-400-C,168.97,102.21,0.007,35.0,0.01,210.0,108.78,0.07675,-0.05926,0.01347,0.00133,0.05024
174.47,ETH-27SEP19,1555844343566,open,0.03,854.0,0.005342,0.046021,0.029343,84.32,0.03,0.0,ETH-27SEP19-380-C,168.97,82.62,0.027,60.0,0.032,150.0,86.18,0.24496,-0.06501,0.0773,0.00219,0.13113
174.47,ETH-27SEP19,1555844343566,open,1.49,0.0,1.523956,1.551668,1.542882,87.87,None,0.0,ETH-27SEP19-440-P,168.97,0.0,0.0,0.0,0.0,0.0,0.0,0.19577,-0.05414,-1.85837,0.00168,-0.90419
171.92,ETH-28JUN19,1555844343566,open,0.07,2337.0,0.068483,0.156317,0.082884,69.06,0.067,0.0,ETH-28JUN19-160-P,168.97,65.99,0.078,180.0,0.086,120.0,71.01,0.27409,-0.13943,-0.13782,0.00722,-0.3482
174.47,ETH-27SEP19,1555844343566,open,0.14,362.0,0.104986,0.196874,0.12888,69.13,0.135,0.0,ETH-27SEP19-200-C,168.97,68.04,0.126,100.0,0.133,60.0,70.7,0.45804,-0.09966,0.26024,0.005,0.47156
171.92,ETH-28JUN19,1555844343566,open,0.33,25.0,0.310063,0.357747,0.316661,70.51,0.315,0.0,ETH-28JUN19-120-C,168.97,0.0,0.002,10.0,0.0,0.0,0.0,0.12141,-0.06306,0.18936,0.00313,0.90897
168.97,index_price,1555844343566,open,0.24,0.0,0.230634,0.231696,0.231169,103.83,0.252,0,ETH-26APR19-130-C,168.97,119.87,0.232,1.0,0.307,1.0,415.58,0.00627,-0.06676,0.01707,0.00158,0.98761
171.92,ETH-28JUN19,1555844343567,open,0.02,1476.0,0.015965,0.075899,0.024091,69.1,0.019,0.0,ETH-28JUN19-130-P,168.97,66.87,0.022,210.0,0.027,210.0,72.09,0.16382,-0.08338,-0.05199,0.00431,-0.13852
174.47,ETH-27SEP19,1555844343567,open,0.53,1.0,0.529405,0.608574,0.550259,70.24,0.573,0.0,ETH-27SEP19-260-P,168.97,0.0,0.014,1.0,0.597,1.0,90.33,0.37676,-0.08329,-0.97634,0.00405,-0.73536
174.47,ETH-27SEP19,1555844343566,open,1.27,0.0,1.296517,1.332348,1.317917,84.94,None,0.0,ETH-27SEP19-400-P,168.97,0.0,0.001,9.0,0.0,0.0,0.0,0.22339,-0.05971,-1.67297,0.00199,-0.88502
171.92,ETH-28JUN19,1555844343567,open,0.05,3118.0,0.045613,0.126336,0.058399,69.06,0.048,0.0,ETH-28JUN19-150-P,168.97,65.98,0.054,120.0,0.061,180.0,70.88,0.24602,-0.12517,-0.10562,0.00648,-0.27197
171.92,ETH-28JUN19,1555844343567,open,0.73,0.0,0.746899,0.78711,0.759791,86.89,None,0.0,ETH-28JUN19-300-P,168.97,0.0,0.002,15.0,0.0,0.0,0.0,0.1273,-0.08148,-0.53158,0.00267,-0.90294
174.47,ETH-27SEP19,1555844343567,open,0.04,396.0,0.010317,0.062362,0.035486,80.09,0.041,0.0,ETH-27SEP19-340-C,168.97,78.51,0.033,15.0,0.039,180.0,82.25,0.27897,-0.07032,0.09383,0.00263,0.15904
174.47,ETH-27SEP19,1555844343567,open,0.06,314.0,0.028053,0.100412,0.055117,74.73,0.064,0.0,ETH-27SEP19-280-C,168.97,72.68,0.051,180.0,0.059,180.0,76.61,0.35614,-0.08375,0.13883,0.0036,0.23792
171.92,ETH-28JUN19,1555844343567,open,0.01,1225.0,0.00353,0.039064,0.008382,72.18,0.007,0.0,ETH-28JUN19-110-P,168.97,69.21,0.007,60.0,0.01,150.0,75.37,0.08352,-0.04441,-0.02055,0.00211,-0.05588
171.92,ETH-28JUN19,1555844343567,open,0.1,4152.0,0.096872,0.189205,0.1122,69.05,0.098,0.0,ETH-28JUN19-170-P,168.97,67.16,0.109,60.0,0.116,90.0,71.3,0.29066,-0.14785,-0.17206,0.00766,-0.42598
171.92,ETH-28JUN19,1555844343567,open,0.2,394.0,0.173114,0.253837,0.185939,69.09,0.203,0.0,ETH-28JUN19-150-C,168.97,65.62,0.181,30.0,0.189,1.0,71.22,0.24604,-0.12522,0.1733,0.00648,0.72799
171.92,ETH-28JUN19,1555844343567,open,0.01,598.0,0.008062,0.055746,0.014648,70.49,0.02,0.0,ETH-28JUN19-120-P,168.97,66.59,0.012,210.0,0.017,210.0,73.73,0.12137,-0.06303,-0.03377,0.00313,-0.09099
171.92,ETH-28JUN19,1555844343567,open,0.24,337.0,0.213903,0.285139,0.224538,69.09,0.242,0.0,ETH-28JUN19-140-C,168.97,65.29,0.22,30.0,0.229,30.0,72.74,0.20813,-0.10593,0.18368,0.00548,0.79907
174.47,ETH-27SEP19,1555844343567,open,0.03,120.0,0.007415,0.0535,0.032647,82.61,0.026,0.0,ETH-27SEP19-360-C,168.97,82.18,0.032,45.0,0.034,210.0,83.5,0.26281,-0.06833,0.0856,0.0024,0.14537
168.97,index_price,1555844343566,open,0.0,30.0,0.000168,0.007066,0.003867,87.49,0.003,0.2,ETH-3MAY19-220-C,168.97,77.23,0.002,250.0,0.006,105.0,96.24,0.03646,-0.13953,0.0031,0.00449,0.06032
174.47,ETH-27SEP19,1555844343567,open,1.17,1.0,1.183367,1.224045,1.207243,84.23,1.285,0.0,ETH-27SEP19-380-P,168.97,0.0,0.161,1.0,0.0,0.0,0.0,0.24448,-0.06481,-1.57694,0.00219,-0.86925
174.47,ETH-27SEP19,1555844343567,open,0.29,156.0,0.261114,0.333523,0.276814,67.81,0.297,0.0,ETH-27SEP19-140-C,168.97,64.45,0.27,30.0,0.282,30.0,70.34,0.35545,-0.07585,0.36916,0.00396,0.76291
174.47,ETH-27SEP19,1555844343567,open,0.12,1467.0,0.112456,0.196512,0.131357,67.83,0.114,0.0,ETH-27SEP19-160-P,168.97,65.2,0.125,120.0,0.134,60.0,68.93,0.42093,-0.08986,-0.35664,0.00468,-0.33826
171.93,ETH-28JUN19,1555844343567,open,0.28,325.0,0.259836,0.319761,0.267926,69.06,0.268,0.0,ETH-28JUN19-130-C,168.97,0.0,0.14,50.0,0.7,1.0,436.22,0.16372,-0.08329,0.18982,0.00431,0.86162
171.93,ETH-28JUN19,1555844343567,open,0.01,265.0,0.000951,0.033326,0.012795,91.04,0.01,0.0,ETH-28JUN19-320-C,168.97,89.82,0.012,35.0,0.014,210.0,92.83,0.11319,-0.07591,0.0224,0.00226,0.08287
168.97,index_price,1555844343566,open,0.06,21.0,0.072308,0.093421,0.075894,70.72,0.071,0,ETH-26APR19-180-P,168.97,55.7,0.071,50.0,0.078,50.0,76.56,0.05957,-0.43201,-0.01905,0.02208,-0.76815
168.97,index_price,1555844343567,open,0.01,266.0,0.001372,0.014594,0.004715,79.76,0.006,0,ETH-26APR19-190-C,168.97,76.36,0.004,250.0,0.006,80.0,85.37,0.03673,-0.30045,0.00238,0.01207,0.11004
174.47,ETH-27SEP19,1555844343567,open,0.46,0.0,0.43753,0.474111,0.44541,69.48,None,0.0,ETH-27SEP19-100-C,168.97,0.0,0.001,6.0,0.0,0.0,0.0,0.16203,-0.03543,0.36463,0.00176,0.92555
168.97,index_price,1555844343567,open,0.0,205.0,0.001145,0.012653,0.002301,69.46,0.002,0,ETH-26APR19-150-P,168.97,58.48,0.001,100.0,0.004,250.0,79.65,0.02441,-0.1739,-0.00149,0.00921,-0.06382
174.47,ETH-27SEP19,1555844343567,open,0.26,994.0,0.251315,0.343203,0.275182,69.12,0.243,0.0,ETH-27SEP19-200-P,168.97,55.25,0.239,60.0,0.31,60.0,82.36,0.45804,-0.09964,-0.61032,0.005,-0.52847
174.47,ETH-27SEP19,1555844343567,open,0.35,393.0,0.336892,0.4267,0.362409,70.23,0.332,0.0,ETH-27SEP19-220-P,168.97,52.94,0.32,60.0,0.41,60.0,88.63,0.44292,-0.09789,-0.73539,0.00476,-0.60595
171.93,ETH-28JUN19,1555844343567,open,0.11,2834.0,0.083523,0.1778,0.099511,69.3,0.103,0.0,ETH-28JUN19-180-C,168.97,67.84,0.097,60.0,0.104,90.0,71.91,0.29578,-0.15099,0.12752,0.00776,0.49837
168.97,index_price,1555844343566,open,0.08,103.0,0.061388,0.082399,0.062825,64.28,0.059,0,ETH-26APR19-160-C,168.97,64.79,0.063,10.0,0.067,50.0,75.97,0.05786,-0.38137,0.01618,0.0236,0.77977
174.47,ETH-27SEP19,1555844343567,open,0.11,210.0,0.07593,0.165738,0.101409,70.21,0.108,0.0,ETH-27SEP19-220-C,168.97,68.08,0.096,180.0,0.107,180.0,72.41,0.4429,-0.09787,0.2222,0.00476,0.39399
171.93,ETH-28JUN19,1555844343568,open,0.16,1073.0,0.137848,0.225676,0.152327,69.11,0.164,0.0,ETH-28JUN19-160-C,168.97,66.39,0.148,150.0,0.156,90.0,71.41,0.27409,-0.13954,0.15971,0.00721,0.65185
174.47,ETH-27SEP19,1555844343567,open,0.0,120.0,0.000245,0.006431,0.001924,77.31,0.01,0.0,ETH-27SEP19-60-P,168.97,70.58,0.001,2000.0,0.004,150.0,87.0,0.02918,-0.0071,-0.00863,0.00028,-0.00944
174.47,ETH-27SEP19,1555844343567,open,0.56,0.0,0.543898,0.562492,0.548477,72.82,None,0.0,ETH-27SEP19-80-C,168.97,0.0,0.001,4.0,0.0,0.0,0.0,0.08094,-0.01855,0.31919,0.00084,0.96879
171.93,ETH-28JUN19,1555844343568,open,0.01,198.0,0.000234,0.021033,0.01022,98.87,0.009,0.0,ETH-28JUN19-360-C,168.97,96.53,0.009,20.0,0.012,210.0,102.01,0.09314,-0.06784,0.01727,0.00171,0.06423
174.47,ETH-27SEP19,1555844343568,open,0.22,125.0,0.195393,0.279449,0.214242,67.81,0.22,0.0,ETH-27SEP19-160-C,168.97,66.05,0.21,2.0,0.218,60.0,69.37,0.42093,-0.08983,0.33984,0.00469,0.66174
171.93,ETH-28JUN19,1555844343568,open,0.43,0.0,0.419655,0.444171,0.422805,74.03,None,0.0,ETH-28JUN19-100-C,168.97,0.0,0.006,5.0,0.0,0.0,0.0,0.05273,-0.02875,0.17442,0.0013,0.96836
168.97,index_price,1555844343566,open,0.03,420.0,0.030898,0.056251,0.032957,64.47,0.028,0,ETH-26APR19-170-P,168.97,55.88,0.029,150.0,0.033,5.0,64.56,0.07783,-0.51458,-0.01243,0.03166,-0.51767
168.97,index_price,1555844343567,open,0.13,153.0,0.113413,0.124922,0.114517,69.1,0.12,0,ETH-26APR19-150-C,168.97,55.3,0.113,50.0,0.118,50.0,88.14,0.02413,-0.17098,0.01857,0.00916,0.93713
174.47,ETH-27SEP19,1555844343568,open,0.84,1.0,0.84851,0.907017,0.874698,78.36,0.93,0.0,ETH-27SEP19-320-P,168.97,0.0,0.003,6.0,0.897,1.0,90.18,0.30222,-0.07453,-1.28687,0.00291,-0.81983
168.97,index_price,1555844343566,open,0.0,533.0,2.1e-05,0.003311,0.001404,97.95,0.005,0.2,ETH-26APR19-210-C,168.97,92.69,0.001,320.0,0.002,100.0,104.24,0.01434,-0.14693,0.00071,0.00384,0.03289
174.47,ETH-27SEP19,1555844343568,open,0.02,983.0,0.010694,0.047275,0.018607,69.51,0.016,0.0,ETH-27SEP19-100-P,168.97,66.62,0.016,210.0,0.021,210.0,72.02,0.16214,-0.03547,-0.07072,0.00176,-0.07452
171.93,ETH-28JUN19,1555844343568,open,0.03,1944.0,0.007376,0.067761,0.022811,79.2,0.028,0.0,ETH-28JUN19-260-C,168.97,78.38,0.022,60.0,0.024,1.0,80.37,0.17219,-0.10046,0.04038,0.00396,0.14912
168.97,index_price,1555844343567,open,0.0,20.0,1e-06,0.001063,0.000582,105.02,0.003,0,ETH-26APR19-130-P,168.97,0.0,0.0,0.0,0.002,150.0,128.22,0.00662,-0.07127,-0.00031,0.00165,-0.01318
168.97,index_price,1555844343566,open,0.14,0.0,0.124201,0.1505,0.127698,69.28,None,0.2,ETH-3MAY19-150-C,168.97,53.02,0.122,50.0,0.131,50.0,76.99,0.06878,-0.26814,0.0401,0.01069,0.85714
168.97,index_price,1555844343566,open,0.04,33.0,0.042931,0.082374,0.049701,69.43,0.04,0.2,ETH-3MAY19-170-P,168.97,62.88,0.045,150.0,0.056,150.0,78.2,0.12133,-0.30619,-0.02877,0.01881,-0.47367
168.97,index_price,1555844343566,open,0.06,194.0,0.043361,0.082804,0.050072,69.34,0.053,0.2,ETH-3MAY19-170-C,168.97,59.5,0.043,150.0,0.055,150.0,76.21,0.12133,-0.39832,0.02618,0.01883,0.5263
168.97,index_price,1555844343566,open,0.01,2.0,0.006174,0.032474,0.009724,69.41,0.004,0.2,ETH-3MAY19-150-P,168.97,59.49,0.006,250.0,0.01,5.0,70.08,0.0689,-0.18718,-0.00841,0.01069,-0.14326
168.97,index_price,1555844343566,open,0.01,225.0,0.008302,0.029312,0.009794,64.44,0.008,0,ETH-26APR19-160-P,168.97,55.95,0.007,200.0,0.011,200.0,67.91,0.05794,-0.38286,-0.0052,0.02358,-0.22075
168.97,index_price,1555844343566,open,0.17,100.0,0.183829,0.190669,0.186485,92.45,0.153,0,ETH-26APR19-200-P,168.97,0.0,0.001,100.0,0.254,1.0,287.89,0.02438,-0.2311,-0.02534,0.00691,-0.9363
168.97,index_price,1555844343567,open,0.11,95.0,0.125832,0.139054,0.129241,80.07,0.112,0,ETH-26APR19-190-P,168.97,0.0,0.124,50.0,0.13,50.0,83.43,0.03696,-0.30346,-0.02298,0.0121,-0.88901
168.97,index_price,1555844343566,open,0.01,639.0,0.00703,0.028143,0.010553,70.54,0.013,0,ETH-26APR19-180-C,168.97,66.04,0.009,200.0,0.013,89.0,77.31,0.05948,-0.43026,0.00498,0.02211,0.23122
168.97,index_price,1555844343567,open,0.0,2.0,6.4e-05,0.004285,0.001085,86.92,0.002,0,ETH-26APR19-140-P,168.97,0.0,0.0,0.0,0.002,350.0,97.31,0.01228,-0.10942,-0.00064,0.0037,-0.02727
168.97,index_price,1555844343566,open,0.04,298.0,0.024802,0.050155,0.026801,64.34,0.026,0,ETH-26APR19-170-C,168.97,60.43,0.025,150.0,0.032,150.0,75.62,0.07783,-0.51354,0.01028,0.03172,0.48224
168.97,index_price,1555844343566,open,0.02,2.0,0.018747,0.05398,0.024463,69.41,0.012,0.2,ETH-3MAY19-160-P,168.97,62.1,0.02,200.0,0.029,200.0,76.67,0.10451,-0.27622,-0.01735,0.01621,-0.29108
168.97,index_price,1555844343566,open,0.0,10.0,0.0,0.000177,7.3e-05,105.02,0.001,0,ETH-26APR19-120-P,168.97,0.0,0.0,0.0,0.001,30.0,143.57,0.00123,-0.0123,-5e-05,0.00031,-0.00199
168.97,index_price,1555844343567,open,0.0,352.0,0.000187,0.007027,0.002773,91.96,0.004,0,ETH-26APR19-200-C,168.97,86.05,0.002,250.0,0.004,99.0,99.76,0.02406,-0.22685,0.00135,0.00686,0.06263
168.97,index_price,1555844343566,open,0.03,15.0,0.021188,0.05898,0.028786,71.54,0.042,0.2,ETH-3MAY19-180-C,168.97,64.32,0.024,200.0,0.034,200.0,79.24,0.11333,-0.37143,0.01787,0.01705,0.35379
168.97,index_price,1555844343566,open,0.09,0.0,0.077975,0.113208,0.083636,69.32,None,0.2,ETH-3MAY19-160-C,168.97,56.65,0.076,50.0,0.087,50.0,74.72,0.10448,-0.36285,0.03439,0.01622,0.70911
171.92,ETH-28JUN19,1555844343577,open,0.4,1687.0,0.410152,0.482165,0.427217,76.26,0.449,0.0,ETH-28JUN19-240-P,168.97,0.0,0.006,12.0,0.429,1.0,77.73,0.20608,-0.11577,-0.3931,0.00492,-0.80235
5262.86,index_price,1555844343686,open,0.07,4.4,0.05981949,0.10457207,0.06595143,50.67,0.074,0,BTC-3MAY19-5000-C,5262.86,43.91,0.062,4.0,0.0675,4.0,53.24,3.15139,-6.72337,1.13336,0.00069,0.72783
5262.86,index_price,1555844344279,open,0.11,0.0,0.099847,0.13367719,0.10445066,54.12,None,0,BTC-3MAY19-4750-C,5262.86,42.47,0.1005,4.0,0.1055,4.0,56.7,2.07009,-4.71683,1.30083,0.00042,0.86414
5262.86,index_price,1555844344282,open,0.13,26.6,0.12301621,0.16194165,0.12499382,51.91,0.128,0,BTC-31MAY19-4750-C,5262.86,48.03,0.121,8.2,0.1255,5.0,52.39,5.49469,-3.57666,3.60961,0.00035,0.7528
5262.86,index_price,1555844344285,open,0.09,7.4,0.07609878,0.09610359,0.07732577,56.08,0.0935,0,BTC-26APR19-4875-C,5262.86,43.18,0.075,4.0,0.078,4.0,58.99,1.16201,-6.68255,0.56959,0.00056,0.88754
5262.86,index_price,1555844344287,open,0.05,32.2,0.03820434,0.06642708,0.03827727,50.19,0.046,0,BTC-26APR19-5125-C,5262.86,44.54,0.036,12.0,0.039,12.0,51.94,2.15573,-11.09614,0.45586,0.00116,0.68672
5262.86,index_price,1555844344298,open,0.11,876.0,0.09828469,0.10459397,0.09985984,62.56,0.098,0,BTC-26APR19-4750-C,5262.86,46.47,0.098,0.1,0.1005,4.0,66.29,0.84289,-5.40729,0.58153,0.00036,0.92706
5262.86,index_price,1555844344300,open,0.12,47.6,0.12481032,0.16887834,0.12765436,52.37,0.1435,0,BTC-31MAY19-5750-P,5262.86,51.41,0.1265,9.6,0.1315,9.6,55.54,6.34071,-4.16361,-4.55476,0.0004,-0.66454
5248.3,BTC-28JUN19,1555844344557,open,0.05,2296.9,0.03746841,0.07755612,0.04646372,55.85,0.052,0.0,BTC-28JUN19-6000-C,5263.02,55.55,0.046,5.3,0.0485,16.0,57.15,8.21258,-3.37869,2.78332,0.00029,0.33165
5248.3,BTC-28JUN19,1555844344557,open,0.39,0.1,0.38108662,0.3908394,0.38539268,67.24,0.395,0.0,BTC-28JUN19-3250-C,5263.02,0.0,0.375,3.0,0.394,3.0,85.83,1.79395,-0.88857,5.64605,5e-05,0.96389
5256.18,BTC-27SEP19,1555844344557,open,0.08,32.8,0.07139661,0.12933335,0.08558244,60.46,0.083,0.0,BTC-27SEP19-4500-P,5263.02,59.29,0.083,9.6,0.088,3.0,61.55,11.6323,-2.21315,-8.31785,0.00016,-0.27798
5248.3,BTC-28JUN19,1555844344558,open,0.08,219.7,0.05745666,0.11753231,0.07445128,54.94,0.083,0.0,BTC-28JUN19-5500-C,5263.02,53.8,0.0725,7.2,0.077,12.2,56.43,9.00068,-3.64271,3.84498,0.00032,0.46841
5256.18,BTC-27SEP19,1555844344557,open,0.27,0.0,0.24531761,0.29857143,0.25905193,60.92,None,0.0,BTC-27SEP19-4250-C,5263.02,53.32,0.244,3.0,0.2725,3.0,67.51,10.60122,-2.03239,11.62581,0.00014,0.7672
5248.3,BTC-28JUN19,1555844344558,open,0.72,33.3,0.71419317,0.7141953,0.71431702,100.24,0.7165,0.0,BTC-28JUN19-1500-C,5263.02,0.0,0.7055,3.0,0.722,3.0,175.42,0.07092,-0.05237,2.77918,0.0,0.99908
5256.18,BTC-27SEP19,1555844344558,open,0.72,42.8,0.71463179,0.71542332,0.71588933,84.89,0.6235,0.0,BTC-27SEP19-1500-C,5263.02,0.0,0.7005,3.0,0.7225,3.0,115.0,0.57976,-0.1549,6.36545,1e-05,0.99411
5248.3,BTC-28JUN19,1555844344557,open,0.53,24.4,0.52366627,0.52448067,0.5254457,83.62,0.5115,0.0,BTC-28JUN19-2500-C,5263.02,0.0,0.5155,3.0,0.5335,3.0,114.82,0.73982,-0.45573,4.50811,2e-05,0.98735
5248.3,BTC-28JUN19,1555844344558,open,0.35,146.8,0.3351634,0.34628599,0.34004248,63.73,0.374,0.0,BTC-28JUN19-3500-C,5263.02,0.0,0.33,3.0,0.3495,3.0,79.85,2.46374,-1.15656,5.91874,8e-05,0.94648
5256.18,BTC-27SEP19,1555844344558,open,0.05,98.4,0.03924652,0.08704663,0.05186288,61.25,0.0485,0.0,BTC-27SEP19-4000-P,5263.02,60.2,0.05,9.6,0.054,9.6,62.44,9.41025,-1.81388,-5.53346,0.00013,-0.19
5248.3,BTC-28JUN19,1555844344558,open,0.0,137.0,9.5e-07,0.00037735,0.00147863,86.84,0.0015,0.0,BTC-28JUN19-13000-C,5263.02,82.99,0.001,22.0,0.002,6.9,90.15,0.7433,-0.47551,0.10968,2e-05,0.01272
5248.3,BTC-28JUN19,1555844344558,open,0.26,367.4,0.24714249,0.2692262,0.25376895,58.71,0.231,0.0,BTC-28JUN19-4000-C,5263.02,44.92,0.244,3.0,0.2635,3.0,69.35,4.39842,-1.90237,6.15873,0.00015,0.8848
5248.3,BTC-28JUN19,1555844344558,open,0.01,1173.9,0.00253599,0.01788771,0.00986254,64.82,0.0095,0.0,BTC-28JUN19-8000-C,5263.02,64.28,0.0095,3.0,0.0105,10.0,65.75,3.54122,-1.691,0.73944,0.00011,0.08563
5256.18,BTC-27SEP19,1555844344558,open,0.3,238.2,0.27823757,0.32603768,0.29085334,61.25,0.2925,0.0,BTC-27SEP19-4000-C,5263.02,52.96,0.2765,3.0,0.305,3.0,68.97,9.41023,-1.81387,11.8776,0.00013,0.81
5256.18,BTC-27SEP19,1555844344558,open,0.45,227.1,0.43581456,0.45803976,0.44410601,65.7,0.456,0.0,BTC-27SEP19-3000-C,5263.02,32.97,0.4295,3.0,0.4565,3.0,78.58,4.42071,-0.91401,11.22074,6e-05,0.93455
5256.18,BTC-27SEP19,1555844344559,open,0.4,10.2,0.38036654,0.44236398,0.40217151,63.62,0.8,0.0,BTC-27SEP19-7000-P,5263.02,56.79,0.3865,1.0,0.417,2.0,69.81,12.37219,-2.47727,-24.79956,0.00016,-0.68178
5256.18,BTC-27SEP19,1555844344559,open,0.1,29.0,0.09176023,0.1535187,0.1070635,60.45,0.1165,0.0,BTC-27SEP19-4750-P,5263.02,58.95,0.1035,9.6,0.109,3.0,61.27,12.48367,-2.37513,-9.8889,0.00017,-0.32516
5248.3,BTC-28JUN19,1555844344559,open,0.22,4.5,0.20246424,0.24118687,0.21394974,56.89,0.2105,0.0,BTC-28JUN19-4250-C,5263.02,46.76,0.204,3.0,0.22,2.0,62.41,5.5712,-2.33474,6.08198,0.00019,0.83712
5248.3,BTC-28JUN19,1555844344559,open,0.0,300.5,1.9e-07,0.00017714,0.00100172,88.66,0.001,0.0,BTC-28JUN19-14000-C,5263.02,82.46,0.0005,22.0,0.0015,6.9,92.84,0.53785,-0.35126,0.07583,1e-05,0.00877
5256.34,BTC-27SEP19,1555844344559,open,0.25,2.4,0.23231874,0.30040275,0.252809,61.88,0.284,0.0,BTC-27SEP19-6000-P,5263.02,57.35,0.241,1.0,0.2655,3.0,66.73,13.73567,-2.67499,-18.31648,0.00018,-0.54775
5248.3,BTC-28JUN19,1555844344559,open,0.3,30.0,0.28824507,0.31074974,0.29605069,61.03,0.298,0.0,BTC-28JUN19-3750-C,5263.02,34.5,0.286,3.0,0.3055,3.0,73.88,3.34723,-1.50492,6.09495,0.00011,0.92055
5256.34,BTC-27SEP19,1555844344558,open,0.33,34.5,0.29349021,0.4659655,0.32092336,61.68,0.3375,0.0,BTC-27DEC19-4000-C,5263.02,53.92,0.3025,5.0,0.335,5.0,67.45,12.69546,-1.56676,16.71229,0.00011,0.78535
5248.3,BTC-28JUN19,1555844344560,open,0.62,20.1,0.61892433,0.61900434,0.61968908,94.86,0.578,0.0,BTC-28JUN19-2000-C,5263.02,0.0,0.61,3.0,0.6275,3.0,140.56,0.33826,-0.23637,3.66111,1e-05,0.99481
5256.34,BTC-27SEP19,1555844344557,open,0.03,23.7,0.00322605,0.14224533,0.02781647,73.51,0.028,0.0,BTC-27DEC19-13000-C,5263.02,72.07,0.0255,12.0,0.03,12.0,74.82,8.60139,-1.26523,3.24805,6e-05,0.11808
5256.34,BTC-27SEP19,1555844344557,open,0.14,47.5,0.08814379,0.31600074,0.12656117,61.96,0.1365,0.0,BTC-27DEC19-6500-C,5263.02,61.48,0.125,10.0,0.1325,17.2,63.78,17.1353,-2.12437,11.17991,0.00015,0.43725
5263.02,index_price,1555844344558,open,0.62,0.0,0.61999004,0.61999004,0.61997849,0.0,None,0,BTC-26APR19-2000-C,5263.02,0.0,0.613,3.0,0.627,3.0,500.0,0.0,0.0,0.26716,0.0,1.0
5263.02,index_price,1555844344557,open,0.0,2172.7,0.0,2.9e-07,4.9e-06,100.01,0.0005,0,BTC-26APR19-3500-P,5263.02,0.0,0.0,0.0,0.001,17.9,167.57,0.0039,-0.02577,-0.00012,0.0,-0.00017
5256.34,BTC-27SEP19,1555844344557,open,0.46,0.0,0.44170016,0.55478703,0.45814719,63.86,None,0.0,BTC-27DEC19-3000-C,5263.02,48.74,0.4405,3.0,0.473,3.0,73.94,7.20662,-0.92087,16.17024,6e-05,0.90751
5263.02,index_price,1555844344557,open,0.0,1347.7,0.0,5.9e-06,4.718e-05,100.01,0.001,0,BTC-26APR19-3750-P,5263.02,0.0,0.0,0.0,0.001,16.7,142.36,0.02776,-0.24828,-0.00101,1e-05,-0.00139
5263.02,index_price,1555844344557,open,0.07,39.9,0.0670186,0.11281774,0.06779522,50.59,0.074,0,BTC-31MAY19-5250-C,5263.02,48.08,0.0645,9.6,0.0695,14.6,51.89,6.90636,-4.38118,2.71048,0.00045,0.5392
5256.34,BTC-27SEP19,1555844344559,open,0.04,46.1,0.00872775,0.17746706,0.03881049,69.87,0.0425,0.0,BTC-27DEC19-11000-C,5263.02,68.71,0.0365,9.6,0.041,10.0,70.94,10.64599,-1.48838,4.41445,8e-05,0.16149
5256.34,BTC-27SEP19,1555844344557,open,0.22,16.7,0.19183926,0.41278393,0.22927635,61.44,0.236,0.0,BTC-27DEC19-5500-P,5263.02,59.98,0.2245,12.2,0.232,5.0,62.28,17.11564,-2.10431,-23.8838,0.00015,-0.43445
5256.34,BTC-27SEP19,1555844344558,open,0.05,72.5,0.02865818,0.17351325,0.05091321,62.48,0.063,0.0,BTC-27DEC19-3500-P,5263.02,61.21,0.0485,12.0,0.053,5.0,63.57,10.04918,-1.25645,-7.15731,9e-05,-0.14799
5256.34,BTC-27SEP19,1555844344558,open,0.23,34.8,0.18541033,0.39595684,0.22115904,61.47,0.233,0.0,BTC-27DEC19-5000-C,5263.02,60.62,0.2185,5.0,0.226,12.2,63.03,16.30461,-2.00556,14.99294,0.00014,0.63781
5263.02,index_price,1555844344558,open,0.01,32.4,0.00193586,0.02075579,0.00551373,60.74,0.0075,0,BTC-31MAY19-7250-C,5263.02,58.26,0.0045,26.0,0.0065,16.0,62.92,2.26949,-1.72835,0.35605,0.00012,0.06744
5256.34,BTC-27SEP19,1555844344557,open,0.63,0.0,0.62033363,0.66920489,0.62597337,69.22,None,0.0,BTC-27DEC19-2000-C,5263.02,0.0,0.608,3.0,0.6365,3.0,86.15,2.47537,-0.34288,12.58748,2e-05,0.97578
5263.02,index_price,1555844344558,open,0.0,442.4,5.474e-05,0.00213781,0.00105916,74.21,0.0015,0,BTC-26APR19-4500-P,5263.02,65.64,0.0005,70.5,0.0015,0.4,79.15,0.42315,-3.2203,-0.02241,0.00015,-0.03081
5256.34,BTC-27SEP19,1555844344557,open,0.54,0.0,0.52842801,0.60829,0.53916347,66.14,None,0.0,BTC-27DEC19-2500-C,5263.02,0.0,0.5215,3.0,0.552,3.0,78.89,4.58416,-0.60671,14.73387,4e-05,0.94861
5256.34,BTC-27SEP19,1555844344558,open,0.93,0.3,0.91698339,1.1021013,0.95059868,68.23,1.4475,0.0,BTC-27DEC19-10000-P,5263.02,40.11,0.907,1.9,0.9705,1.9,76.39,12.01851,-1.64093,-63.14754,9e-05,-0.80426
5263.02,index_price,1555844344558,open,0.0,44.5,0.00029689,0.00743122,0.00180287,64.24,0.002,0,BTC-31MAY19-3500-P,5263.02,62.34,0.0015,0.1,0.002,10.0,65.37,0.88871,-0.71585,-0.13288,5e-05,-0.02131
5263.02,index_price,1555844344560,open,0.1,88.0,0.09225495,0.13570687,0.09301172,50.62,0.098,0,BTC-31MAY19-5000-C,5263.02,47.74,0.0895,9.6,0.0945,5.0,51.84,6.4315,-4.08219,3.21267,0.00042,0.65176
5263.02,index_price,1555844344560,open,0.0,524.6,0.00083467,0.00714067,0.00241093,62.52,0.003,0,BTC-26APR19-4750-P,5263.02,56.15,0.0015,21.9,0.003,20.0,66.01,0.84145,-5.39502,-0.05286,0.00036,-0.07277
5256.34,BTC-27SEP19,1555844344558,open,1.11,0.0,1.10143865,1.27017796,1.13159305,69.9,None,0.0,BTC-27DEC19-11000-P,5263.02,0.0,1.084,1.7,1.1525,1.7,79.31,10.65433,-1.4903,-70.88615,8e-05,-0.83832
168.97,index_price,1555844344587,open,0.07,5.0,0.079556,0.117348,0.087174,71.57,0.063,0.2,ETH-3MAY19-180-P,168.97,65.29,0.083,150.0,0.093,1.0,80.16,0.11334,-0.27361,-0.04031,0.01705,-0.64614
168.97,index_price,1555844344725,open,0.02,22.0,0.009099,0.040988,0.016233,74.32,0.026,0.2,ETH-3MAY19-190-C,168.97,68.14,0.013,200.0,0.02,200.0,81.11,0.09113,-0.3044,0.01141,0.0132,0.22381
168.97,index_price,1555844344852,open,0.12,0.0,0.126266,0.158155,0.133399,74.32,None,0.2,ETH-3MAY19-190-P,168.97,67.81,0.13,50.0,0.14,50.0,86.01,0.09113,-0.20097,-0.05001,0.0132,-0.77619
5263.02,index_price,1555844344920,open,0.03,2.1,0.02752229,0.07769816,0.03519074,50.68,0.0285,0,BTC-3MAY19-5250-P,5263.02,47.63,0.033,12.0,0.0385,12.0,55.29,3.77726,-8.06038,-0.86676,0.00083,-0.47098
5263.02,index_price,1555844344927,open,0.04,2.0,0.02999615,0.08017202,0.03763428,50.64,0.041,0,BTC-3MAY19-5250-C,5263.02,46.27,0.0345,12.0,0.0395,12.0,53.24,3.77727,-8.05367,0.84143,0.00083,0.52901
5256.34,BTC-27SEP19,1555844344938,open,0.14,263.4,0.12263714,0.19055714,0.13957531,60.45,0.1485,0.0,BTC-27SEP19-5500-C,5263.02,59.28,0.1365,10.2,0.143,3.0,61.76,13.78407,-2.62236,9.02854,0.00019,0.53419
5256.18,BTC-27SEP19,1555844344943,open,0.08,32.8,0.07139661,0.12933335,0.08558244,60.46,0.083,0.0,BTC-27SEP19-4500-P,5263.02,59.29,0.083,9.6,0.088,12.6,61.55,11.6323,-2.21315,-8.31785,0.00016,-0.27798
5256.18,BTC-27SEP19,1555844344945,open,0.01,616.4,0.00657127,0.02879646,0.01485946,65.69,0.0175,0.0,BTC-27SEP19-3000-P,5263.02,63.42,0.013,18.0,0.0165,12.0,67.6,4.42028,-0.91387,-1.83727,6e-05,-0.06544
5263.02,index_price,1555844344960,open,0.09,21.7,0.09222346,0.13813477,0.09425673,51.57,0.0955,0,BTC-31MAY19-5500-P,5263.02,50.21,0.0925,9.6,0.098,9.6,54.44,6.8366,-4.4205,-3.81212,0.00044,-0.56875
5263.02,index_price,1555844344975,open,0.05,77.2,0.04719608,0.09310739,0.04919758,51.54,0.051,0,BTC-31MAY19-5500-C,5263.02,49.08,0.046,9.6,0.0505,9.6,52.54,6.8364,-4.41828,2.19637,0.00044,0.43119
5263.02,index_price,1555844344978,open,0.12,47.6,0.12478602,0.16885589,0.12765436,52.39,0.1435,0,BTC-31MAY19-5750-P,5263.02,51.02,0.126,9.6,0.1315,9.6,55.56,6.34219,-4.16667,-4.55394,0.0004,-0.66437
5256.34,BTC-27SEP19,1555844344980,open,0.17,69.8,0.13664256,0.34718907,0.17242384,61.48,0.168,0.0,BTC-27DEC19-5000-P,5263.02,60.06,0.168,5.0,0.175,5.0,62.31,16.30445,-2.00589,-19.23743,0.00014,-0.36218
168.97,index_price,1555844344980,open,0.01,103.0,0.003454,0.02785,0.009711,78.72,0.015,0.2,ETH-3MAY19-200-C,168.97,71.6,0.007,250.0,0.013,1.0,86.37,0.06856,-0.23948,0.00728,0.00938,0.14219
5256.34,BTC-27SEP19,1555844344996,open,0.19,31.3,0.14548382,0.36642848,0.18288507,61.43,0.165,0.0,BTC-27DEC19-5500-C,5263.02,60.39,0.1795,12.2,0.188,5.0,63.0,17.11582,-2.10396,13.76912,0.00015,0.56553
5263.02,index_price,1555844344998,open,0.02,238.3,0.02180678,0.03790358,0.0219037,50.21,0.022,0,BTC-26APR19-5250-P,5263.02,47.16,0.0205,12.0,0.0235,13.0,53.68,2.42048,-12.46323,-0.34683,0.0013,-0.47142
5263.02,index_price,1555844345004,open,0.03,947.0,0.02428065,0.04037745,0.02434724,50.14,0.0255,0,BTC-26APR19-5250-C,5263.02,48.3,0.0235,0.2,0.0255,12.0,52.65,2.42047,-12.44685,0.3545,0.0013,0.52859
168.97,index_price,1555844345108,open,0.17,0.0,0.179419,0.203815,0.185676,78.72,None,0.2,ETH-3MAY19-200-P,168.97,0.0,0.0,0.0,0.249,2.0,185.53,0.06856,-0.1306,-0.05737,0.00938,-0.85781
168.97,index_price,1555844345241,open,0.01,300.0,0.00117,0.018541,0.006603,85.08,0.005,0.2,ETH-3MAY19-210-C,168.97,75.66,0.004,250.0,0.01,250.0,94.99,0.0524,-0.19609,0.00498,0.00663,0.09724
168.97,index_price,1555844345375,open,0.22,0.0,0.235933,0.253304,0.241366,85.08,None,0.2,ETH-3MAY19-210-P,168.97,0.0,0.0,0.0,0.317,2.0,220.08,0.0524,-0.08177,-0.0629,0.00663,-0.90276
5256.36,BTC-27SEP19,1555844345856,open,0.03,59.9,0.00528458,0.15853276,0.03263204,71.79,0.036,0.0,BTC-27DEC19-12000-C,5263.02,70.6,0.0305,12.0,0.035,12.0,73.07,9.55074,-1.37198,3.76507,7e-05,0.13726
5256.36,BTC-27SEP19,1555844345883,open,0.07,701.2,0.05388026,0.10713112,0.06762093,60.92,0.064,0.0,BTC-27SEP19-4250-P,5263.02,59.62,0.065,15.6,0.0695,9.6,61.85,10.60107,-2.03248,-6.87311,0.00014,-0.23278
5248.45,BTC-28JUN19,1555844345940,open,0.89,43.0,0.90544174,0.90914502,0.90959838,76.36,0.89,0.0,BTC-28JUN19-10000-P,5263.02,0.0,0.8945,1.7,0.92,1.7,96.32,1.80936,-1.01778,-18.28172,5e-05,-0.96352
5248.45,BTC-28JUN19,1555844346130,open,0.34,19.5,0.34418991,0.37160022,0.35310538,59.53,0.7515,0.0,BTC-28JUN19-7000-P,5263.02,46.45,0.3415,2.0,0.364,2.0,69.05,5.51263,-2.41746,-11.64228,0.00018,-0.83974
168.97,index_price,1555844346134,open,0.25,0.0,0.235823,0.243931,0.237742,84.77,None,0.2,ETH-3MAY19-130-C,168.97,0.0,0.232,1.0,0.315,1.0,275.61,0.02264,-0.14829,0.04007,0.00287,0.96664
5248.45,BTC-28JUN19,1555844346147,open,2.77,0.4,2.81064886,2.81065127,2.81097637,103.46,5.076,0.0,BTC-28JUN19-20000-P,5263.02,0.0,0.0005,0.2,0.0,0.0,0.0,0.19187,-0.14624,-37.16845,0.0,-0.99724
168.97,index_price,1555844346269,open,0.0,0.0,0.0002,0.008308,0.00212,84.77,None,0.2,ETH-3MAY19-130-P,168.97,0.0,0.0,0.0,0.004,250.0,96.38,0.02264,-0.07751,-0.00195,0.00287,-0.03336
168.97,index_price,1555844346386,open,0.19,0.0,0.178232,0.194385,0.180044,70.84,None,0.2,ETH-3MAY19-140-C,168.97,0.0,0.174,50.0,0.184,50.0,86.45,0.03453,-0.17368,0.04198,0.00525,0.94372
168.97,index_price,1555844346521,open,0.0,0.0,0.001407,0.01756,0.003219,70.84,None,0.2,ETH-3MAY19-140-P,168.97,0.0,0.0,0.0,0.006,250.0,82.37,0.03453,-0.09747,-0.00327,0.00525,-0.05628
5248.44,BTC-28JUN19,1555844346558,open,1.64,1.3,1.66745947,1.66763647,1.66853207,89.33,2.415,0.0,BTC-28JUN19-14000-P,5263.16,0.0,0.0005,0.2,0.0,0.0,0.0,0.5651,-0.37187,-25.95441,1e-05,-0.99072
5263.16,index_price,1555844346557,open,0.01,54.1,0.00105564,0.03226459,0.00588472,58.76,0.006,0,BTC-3MAY19-6000-C,5263.16,53.04,0.004,20.0,0.007,20.0,61.76,1.88058,-4.65227,0.19258,0.00036,0.11835
5263.16,index_price,1555844346557,open,0.14,0.0,0.14105519,0.17226414,0.14591459,58.84,None,0,BTC-3MAY19-6000-P,5263.16,0.0,0.1375,2.0,0.1525,2.0,74.47,1.88472,-4.66922,-1.75901,0.00036,-0.88129
5256.5,BTC-27SEP19,1555844346559,open,1.66,0.0,1.66535643,1.79152214,1.68806074,75.54,None,0.0,BTC-27DEC19-14000-P,5263.16,0.0,0.0005,0.2,0.0,0.0,0.0,7.89529,-1.19335,-92.96148,6e-05,-0.89524
5263.16,index_price,1555844346557,open,0.0,10.6,0.00239606,0.02238991,0.00362461,56.06,0.004,0,BTC-26APR19-4875-P,5263.16,50.56,0.0025,20.5,0.0045,20.0,59.85,1.16022,-6.66969,-0.08144,0.00056,-0.11221
5256.5,BTC-27SEP19,1555844346558,open,1.47,0.0,1.47635519,1.61537982,1.50101424,73.55,None,0.0,BTC-27DEC19-13000-P,5263.16,0.0,0.0005,0.2,0.0,0.0,0.0,8.61226,-1.26753,-85.74376,6e-05,-0.88171
171.93,ETH-28JUN19,1555844346564,open,0.04,605.0,0.026515,0.109728,0.039425,69.89,0.053,0.0,ETH-28JUN19-220-C,168.96,71.74,0.042,120.0,0.048,120.0,75.96,0.23673,-0.12187,0.06805,0.00616,0.25227
171.93,ETH-28JUN19,1555844346565,open,0.25,1463.0,0.257288,0.345259,0.271694,69.89,0.249,0.0,ETH-28JUN19-210-P,168.96,0.0,0.012,1.0,0.28,1.0,75.31,0.25931,-0.1335,-0.3094,0.00675,-0.69603
171.93,ETH-28JUN19,1555844346565,open,0.17,1836.0,0.168824,0.262757,0.185432,69.89,0.162,0.0,ETH-28JUN19-190-P,168.96,66.67,0.18,90.0,0.19,90.0,72.58,0.29098,-0.1498,-0.2421,0.00757,-0.57178
5256.5,BTC-27SEP19,1555844346561,open,0.37,0.0,0.32471692,0.55257398,0.36316997,61.97,None,0.0,BTC-27DEC19-6500-P,5263.16,54.96,0.3405,0.1,0.38,2.0,67.11,17.1363,-2.12486,-33.31727,0.00015,-0.56268
174.47,ETH-27SEP19,1555844346565,open,1.72,0.0,1.752274,1.773696,1.7707,92.25,None,0.0,ETH-27SEP19-480-P,168.96,0.0,0.0,0.0,0.0,0.0,0.0,0.18247,-0.05297,-2.03797,0.00149,-0.91287
171.93,ETH-28JUN19,1555844346565,open,1.85,0.0,1.908162,1.91277,1.910496,105.0,None,0.0,ETH-28JUN19-500-P,168.96,0.0,0.002,2.0,0.0,0.0,0.0,0.03052,-0.02361,-0.92526,0.00053,-0.98347
171.93,ETH-28JUN19,1555844346565,open,1.29,0.0,1.326585,1.339958,1.334632,104.79,None,0.0,ETH-28JUN19-400-P,168.96,0.0,0.002,2.0,0.0,0.0,0.0,0.07675,-0.05924,-0.73037,0.00133,-0.94977
171.93,ETH-28JUN19,1555844346565,open,0.02,876.0,0.001902,0.042121,0.014799,86.89,0.015,0.0,ETH-28JUN19-300-C,168.96,84.39,0.013,5.0,0.017,210.0,89.76,0.12734,-0.08151,0.02631,0.00267,0.09709
171.93,ETH-28JUN19,1555844346565,open,0.07,1735.0,0.048053,0.13974,0.063742,69.89,0.078,0.0,ETH-28JUN19-200-C,168.96,68.81,0.062,120.0,0.07,180.0,73.73,0.2781,-0.14317,0.0956,0.00724,0.36275
174.47,ETH-27SEP19,1555844346565,open,1.06,0.0,1.070807,1.116892,1.096046,82.62,None,0.0,ETH-27SEP19-360-P,168.96,0.0,0.01,4.0,1.109,1.0,90.59,0.26283,-0.06834,-1.48138,0.0024,-0.85461
171.92,ETH-28JUN19,1555844346566,open,1.06,0.0,1.094231,1.115025,1.104099,98.65,None,0.0,ETH-28JUN19-360-P,168.96,0.0,0.002,2.0,0.0,0.0,0.0,0.09252,-0.06724,-0.65233,0.00171,-0.93631
171.92,ETH-28JUN19,1555844346566,open,0.09,545.0,0.063704,0.157635,0.080331,69.9,0.092,0.0,ETH-28JUN19-190-C,168.96,67.93,0.077,150.0,0.085,90.0,72.65,0.29096,-0.14982,0.11121,0.00757,0.42817
168.96,index_price,1555844346564,open,0.22,0.0,0.239602,0.242889,0.240914,97.12,None,0.2,ETH-26APR19-210-P,168.96,0.0,0.004,100.0,0.313,1.0,325.64,0.01388,-0.02633,-0.02729,0.00375,-0.96836
168.96,index_price,1555844346565,open,0.3,0.0,0.289773,0.28995,0.289887,109.81,0.309,0,ETH-26APR19-120-C,168.96,148.15,0.291,1.0,0.378,1.0,500.0,0.00173,-0.01948,0.01596,0.00041,0.99711
174.47,ETH-27SEP19,1555844346568,open,0.73,10.0,0.739574,0.804926,0.766836,76.77,0.781,0.0,ETH-27SEP19-300-P,168.96,0.0,0.004,4.0,0.774,1.0,80.48,0.32895,-0.07948,-1.18457,0.00323,-0.79299
171.92,ETH-28JUN19,1555844346569,open,0.21,1851.0,0.211369,0.303052,0.227007,69.86,0.21,0.0,ETH-28JUN19-200-P,168.96,0.0,0.03,50.0,0.236,1.0,75.37,0.27804,-0.14307,-0.27636,0.00724,-0.63743
168.96,index_price,1555844346565,open,0.19,150.0,0.171466,0.17569,0.172534,87.54,0.175,0,ETH-26APR19-140-C,168.96,78.95,0.172,10.0,0.176,50.0,116.98,0.0126,-0.11307,0.01804,0.00377,0.97187
168.96,index_price,1555844346565,open,0.28,0.0,0.293805,0.300699,0.297432,87.17,None,0.2,ETH-3MAY19-220-P,168.96,0.0,0.0,0.0,0.386,2.0,254.27,0.03608,-0.01779,-0.06805,0.00446,-0.94048
5263.16,index_price,1555844346640,open,0.01,137.9,0.00683524,0.03230239,0.00867763,53.41,0.01,0,BTC-31MAY19-4250-P,5263.16,52.2,0.008,16.0,0.009,1.0,53.98,2.98373,-1.99839,-0.60714,0.00018,-0.09691
5263.16,index_price,1555844346649,open,0.01,110.6,0.01401592,0.04667518,0.01614614,52.69,0.018,0,BTC-31MAY19-4500-P,5263.16,51.26,0.015,12.8,0.017,5.0,53.73,4.26553,-2.8179,-1.02378,0.00027,-0.16191
5263.16,index_price,1555844346656,open,0.01,240.7,0.00578495,0.01828284,0.00668232,52.9,0.0075,0,BTC-26APR19-5000-P,5263.16,52.32,0.0065,1.0,0.0075,16.4,55.45,1.66281,-9.0203,-0.13988,0.00085,-0.19228
5263.16,index_price,1555844346670,open,0.21,0.2,0.19933557,0.22480271,0.20115648,53.38,0.197,0,BTC-31MAY19-4250-C,5263.16,0.0,0.1925,3.8,0.2,5.0,51.27,2.98064,-1.9949,4.03683,0.00018,0.90322
5248.56,BTC-28JUN19,1555844347557,open,0.03,0.2,0.01471456,0.06218385,0.02994731,57.81,0.0295,0.0,BTC-28JUN19-6500-C,5263.38,56.71,0.0285,9.6,0.0315,15.0,58.99,6.90172,-2.9393,1.96963,0.00023,0.23175
5248.56,BTC-28JUN19,1555844347557,open,0.26,0.0,0.25314949,0.30061878,0.26841055,57.84,None,0.0,BTC-28JUN19-6500-P,5263.38,48.1,0.2565,2.0,0.279,2.0,65.55,6.90357,-2.94118,-10.11701,0.00023,-0.76814
5256.5,BTC-27SEP19,1555844347557,open,1.27,6.1,1.28473922,1.30255065,1.29789087,75.59,1.9095,0.0,BTC-27SEP19-12000-P,5263.38,0.0,0.002,0.3,0.0,0.0,0.0,5.1496,-1.22497,-50.74884,6e-05,-0.92013
5248.56,BTC-28JUN19,1555844347557,open,0.19,208.2,0.17040169,0.20372375,0.17766515,55.77,0.1835,0.0,BTC-28JUN19-4500-C,5263.38,51.29,0.172,6.0,0.187,5.0,62.85,6.76395,-2.7786,5.84386,0.00024,0.77641
5248.56,BTC-28JUN19,1555844347557,open,0.0,861.8,0.00011734,0.00382121,0.00422036,76.2,0.005,0.0,BTC-28JUN19-10000-C,5263.38,75.55,0.004,10.5,0.0045,10.0,77.0,1.79537,-1.00781,0.31152,5e-05,0.03614
5256.5,BTC-27SEP19,1555844347557,open,0.37,261.1,0.35232871,0.38757666,0.36289246,62.77,0.38,0.0,BTC-27SEP19-3500-C,5263.38,50.86,0.349,3.0,0.377,3.0,72.96,6.82212,-1.34762,11.89591,9e-05,0.88281
5263.38,index_price,1555844347557,open,0.07,0.0,0.07241519,0.09585526,0.07417869,56.63,None,0,BTC-26APR19-5625-P,5263.38,54.19,0.0735,4.0,0.077,4.0,65.85,1.49772,-8.69775,-0.64069,0.00071,-0.83707
5263.38,index_price,1555844347557,open,0.01,1.8,0.0098498,0.05458485,0.01598242,50.68,0.0135,0,BTC-3MAY19-5000-P,5263.38,47.33,0.014,16.0,0.0165,0.3,51.54,3.14981,-6.72128,-0.4929,0.00069,-0.27184
5263.38,index_price,1555844347557,open,0.3,0.0,0.28855827,0.30056576,0.28966307,56.39,None,0,BTC-31MAY19-3750-C,5263.38,0.0,0.281,3.0,0.2985,3.0,80.98,1.11515,-0.78842,3.924,7e-05,0.97208
5263.38,index_price,1555844347557,open,0.16,0.0,0.14538907,0.16742663,0.14762929,56.8,None,0,BTC-3MAY19-4500-C,5263.38,0.0,0.14,3.0,0.155,3.0,81.52,1.08606,-2.59731,1.3621,0.00021,0.94302
5263.38,index_price,1555844347557,open,0.0,1.6,0.00022618,0.02303672,0.00292518,60.47,0.0035,0,BTC-3MAY19-6250-C,5263.38,55.96,0.002,20.0,0.004,1.0,64.83,1.19192,-3.03455,0.10489,0.00022,0.06418
5263.38,index_price,1555844347557,open,0.09,20.9,0.09646579,0.13695132,0.10285897,54.67,0.094,0,BTC-3MAY19-5750-P,5263.38,52.94,0.102,4.0,0.107,4.0,62.5,2.64491,-6.08766,-1.54893,0.00054,-0.80163
5263.38,index_price,1555844347557,open,0.01,5.4,0.00239069,0.03619813,0.0069934,54.12,0.006,0,BTC-3MAY19-4750-P,5263.38,50.15,0.0055,8.5,0.008,20.0,56.62,2.06782,-4.71133,-0.24423,0.00042,-0.13562
5263.38,index_price,1555844347557,open,0.02,94.8,0.0122455,0.06029466,0.02025099,52.54,0.0225,0,BTC-3MAY19-5500-C,5263.38,48.34,0.0175,16.0,0.022,16.0,55.18,3.47274,-7.68253,0.54498,0.00073,0.33849
5263.38,index_price,1555844347557,open,0.39,25.7,0.38252606,0.38252606,0.38250055,0.0,0.351,0,BTC-26APR19-3250-C,5263.38,0.0,0.3755,3.0,0.3895,3.0,274.96,0.0,0.0,0.43414,0.0,1.0
5263.38,index_price,1555844347557,open,0.0,295.4,0.0,0.0,0.0,100.0,0.0005,0,BTC-26APR19-2000-P,5263.38,0.0,0.0,0.0,0.0005,15.0,337.22,0.0,0.0,0.0,0.0,0.0
5248.56,BTC-28JUN19,1555844347558,open,1.45,0.8,1.47687079,1.47724738,1.4784053,87.24,2.171,0.0,BTC-28JUN19-13000-P,5263.38,0.0,0.07,1.0,0.0,0.0,0.0,0.76325,-0.49047,-24.06193,2e-05,-0.98689
5263.38,index_price,1555844347557,open,0.0,1.5,0.00067063,0.01606747,0.00242564,64.39,0.0035,0,BTC-26APR19-5875-C,5263.38,58.03,0.0015,20.0,0.0035,20.0,70.37,0.86058,-5.68262,0.05098,0.00036,0.07494
5248.56,BTC-28JUN19,1555844347558,open,1.26,10.0,1.28634615,1.28715309,1.28832322,83.47,1.243,0.0,BTC-28JUN19-12000-P,5263.38,0.0,0.0005,0.4,0.0,0.0,0.0,0.9596,-0.59004,-22.16762,2e-05,-0.98289
5256.5,BTC-27SEP19,1555844347558,open,0.02,17.6,0.01134084,0.03998462,0.02089996,64.11,0.0195,0.0,BTC-27SEP19-3250-P,5263.38,62.29,0.019,12.0,0.0225,18.0,65.6,5.57531,-1.12488,-2.50975,7e-05,-0.08879
5248.56,BTC-28JUN19,1555844347558,open,0.01,245.8,0.00928934,0.03136836,0.01590965,58.71,0.0135,0.0,BTC-28JUN19-4000-P,5263.38,57.0,0.0145,12.0,0.017,17.0,59.99,4.39716,-1.90166,-1.27913,0.00015,-0.11515
5263.38,index_price,1555844347557,open,0.03,7.1,0.03541778,0.06481619,0.0363343,52.1,0.031,0,BTC-26APR19-5375-P,5263.38,49.04,0.035,12.0,0.0385,12.0,57.01,2.30691,-12.32455,-0.46492,0.0012,-0.62492
5263.38,index_price,1555844347557,open,0.19,0.0,0.20132584,0.23785786,0.20474337,53.94,None,0,BTC-31MAY19-6250-P,5263.38,44.46,0.197,2.0,0.2155,2.0,64.99,4.7348,-3.2023,-5.82971,0.00029,-0.80909
5248.56,BTC-28JUN19,1555844347559,open,0.07,252.6,0.06224447,0.10314238,0.07030363,54.94,0.0625,0.0,BTC-28JUN19-5000-P,5263.38,53.23,0.0675,14.6,0.0715,9.6,55.68,8.56986,-3.4685,-4.32929,0.0003,-0.37326
5248.56,BTC-28JUN19,1555844347559,open,0.01,82.8,0.00276035,0.02525934,0.01055818,61.03,0.011,0.0,BTC-28JUN19-3750-P,5263.38,59.33,0.0095,12.0,0.0115,10.0,62.48,3.34579,-1.50408,-0.87804,0.00011,-0.0794
5248.56,BTC-28JUN19,1555844347558,open,1.08,5.7,1.09583672,1.09757061,1.09857954,79.79,1.142,0.0,BTC-28JUN19-11000-P,5263.38,0.0,0.0005,0.4,0.0,0.0,0.0,1.27551,-0.7497,-20.24904,3e-05,-0.97606
5263.38,index_price,1555844347557,open,0.0,8.7,0.00035299,0.02239055,0.00262894,56.97,0.003,0,BTC-3MAY19-4500-P,5263.38,53.73,0.002,50.0,0.003,2.0,58.7,1.09376,-2.62367,-0.10297,0.00021,-0.0575
5248.56,BTC-28JUN19,1555844347559,open,0.0,333.9,2.377e-05,0.00175766,0.00271868,79.59,0.003,0.0,BTC-28JUN19-11000-C,5263.38,76.29,0.002,22.0,0.0035,6.9,82.58,1.26097,-0.73931,0.20395,3e-05,0.02361
5256.5,BTC-27SEP19,1555844347559,open,0.04,10.3,0.02738603,0.06910833,0.03914981,61.97,0.061,0.0,BTC-27SEP19-3750-P,5263.38,60.57,0.037,15.6,0.041,9.6,63.16,8.13619,-1.58674,-4.35988,0.00011,-0.1514
5256.5,BTC-27SEP19,1555844347559,open,0.02,710.0,0.0068409,0.03840237,0.02411551,70.6,0.023,0.0,BTC-27SEP19-10000-C,5263.38,69.78,0.023,9.5,0.0255,12.0,71.61,7.16037,-1.59101,2.32053,8e-05,0.12554
5248.56,BTC-28JUN19,1555844347559,open,0.0,780.7,0.0,2.42e-06,0.00021869,100.0,0.0005,0.0,BTC-28JUN19-20000-C,5263.38,0.0,0.0,0.0,0.001,19.2,114.91,0.14005,-0.10317,0.01687,0.0,0.00195
5263.38,index_price,1555844347557,open,0.03,136.0,0.02144592,0.06221074,0.02504761,53.44,0.025,0,BTC-31MAY19-6000-C,5263.38,51.02,0.0225,12.8,0.026,17.8,54.33,5.60709,-3.75753,1.33273,0.00035,0.25682
5248.78,BTC-28JUN19,1555844347559,open,0.52,24.6,0.52670243,0.54206138,0.53412626,64.96,0.609,0.0,BTC-28JUN19-8000-P,5263.38,0.0,0.5215,2.0,0.545,2.0,78.17,3.56006,-1.70361,-14.13249,0.00011,-0.91377
5263.38,index_price,1555844347559,open,0.34,0.0,0.33532456,0.34245497,0.33680177,64.07,None,0,BTC-31MAY19-3500-C,5263.38,0.0,0.3275,3.0,0.3445,3.0,90.19,0.87984,-0.70689,3.69242,5e-05,0.97894
5263.38,index_price,1555844347557,open,0.01,31.5,0.00540574,0.0326168,0.00915831,56.82,0.009,0,BTC-31MAY19-6750-C,5263.38,54.89,0.008,16.0,0.0105,21.0,58.92,3.25437,-2.31857,0.57532,0.00019,0.10921
5256.5,BTC-27SEP19,1555844347559,open,1.09,3.1,1.09619595,1.12001973,1.11140714,73.2,1.9215,0.0,BTC-27SEP19-11000-P,5263.38,0.0,0.002,0.3,0.0,0.0,0.0,6.04025,-1.39156,-46.04519,7e-05,-0.90103
5256.5,BTC-27SEP19,1555844347560,open,0.41,0.0,0.39305871,0.4217025,0.40261491,64.11,None,0.0,BTC-27SEP19-3250-C,5263.38,47.76,0.3885,3.0,0.4155,3.0,75.18,5.57501,-1.12477,11.63693,7e-05,0.91122
5263.38,index_price,1555844347559,open,0.06,57.6,0.06450879,0.11030619,0.06532178,50.62,0.0595,0,BTC-31MAY19-5250-P,5263.38,49.99,0.0645,9.6,0.068,5.5,52.66,6.90653,-4.38369,-3.02426,0.00045,-0.46062
5256.72,BTC-27SEP19,1555844347560,open,0.0,1666.6,1.013e-05,0.00080117,0.00126564,84.88,0.0035,0.0,BTC-27SEP19-1500-P,5263.38,75.64,0.0005,0.2,0.002,2.5,90.57,0.57915,-0.15471,-0.16349,1e-05,-0.00588
5248.78,BTC-28JUN19,1555844347560,open,0.02,79.1,0.01223834,0.05094844,0.02371871,56.89,0.0215,0.0,BTC-28JUN19-4250-P,5263.38,55.73,0.0225,9.6,0.025,19.6,58.09,5.56967,-2.3341,-1.82046,0.00019,-0.16279
5263.38,index_price,1555844347559,open,0.0,1796.1,0.0,0.0,0.0,100.01,0.0005,0,BTC-26APR19-2750-P,5263.38,0.0,0.0,0.0,0.0005,21.4,232.5,0.0,0.0,0.0,0.0,0.0
5248.78,BTC-28JUN19,1555844347560,open,0.01,426.7,0.00204368,0.0131602,0.00691479,63.72,0.007,0.0,BTC-28JUN19-3500-P,5263.38,61.7,0.006,13.1,0.0075,0.1,64.94,2.4618,-1.15546,-0.58926,8e-05,-0.05346
5248.78,BTC-28JUN19,1555844347560,open,0.0,388.1,4e-08,8.412e-05,0.00076634,91.22,0.0005,0.0,BTC-28JUN19-15000-C,5263.38,87.39,0.0005,16.9,0.001,6.9,93.83,0.42464,-0.28534,0.05797,1e-05,0.00671
5248.78,BTC-28JUN19,1555844347561,open,0.7,6.6,0.71524576,0.72298765,0.72016962,69.32,0.704,0.0,BTC-28JUN19-9000-P,5263.38,0.0,0.7065,1.9,0.7315,1.9,87.55,2.2976,-1.17319,-16.3116,6e-05,-0.95099
5263.38,index_price,1555844347557,open,0.02,74.9,0.01421088,0.04360928,0.01508471,52.0,0.013,0,BTC-26APR19-5375-C,5263.38,47.21,0.013,16.0,0.015,4.0,51.81,2.30638,-12.29872,0.25292,0.0012,0.37481
5263.38,index_price,1555844347559,open,0.0,51.1,0.00288932,0.02118422,0.00489323,55.98,0.0055,0,BTC-31MAY19-4000-P,5263.38,54.92,0.0045,5.0,0.005,10.0,56.26,2.00474,-1.40717,-0.35887,0.00012,-0.05752
5263.38,index_price,1555844347559,open,0.44,5.9,0.43002405,0.43002405,0.43000024,0.0,0.4005,0,BTC-26APR19-3000-C,5263.38,0.0,0.423,3.0,0.437,3.0,312.91,0.0,0.0,0.40074,0.0,1.0
5248.78,BTC-28JUN19,1555844347561,open,1.83,2.0,1.857807,1.85789108,1.85875827,93.33,2.658,0.0,BTC-28JUN19-15000-P,5263.38,0.0,0.0005,0.2,0.0,0.0,0.0,0.49744,-0.34199,-27.82509,1e-05,-0.99198
5256.72,BTC-27SEP19,1555844347561,open,0.91,2.0,0.90916971,0.9407348,0.92652475,70.66,1.8325,0.0,BTC-27SEP19-10000-P,5263.38,0.0,0.897,1.8,0.9455,1.8,82.79,7.17216,-1.59492,-41.20223,8e-05,-0.87417
5256.72,BTC-27SEP19,1555844347558,open,0.03,91.0,0.01243433,0.12550686,0.02889403,63.87,0.035,0.0,BTC-27DEC19-3000-P,5263.38,62.47,0.027,12.0,0.031,17.0,65.39,7.20724,-0.92112,-4.36814,6e-05,-0.09249
5263.38,index_price,1555844347557,open,0.01,1.1,0.00401189,0.04449742,0.01035941,54.58,0.0155,0,BTC-3MAY19-5750-C,5263.38,50.76,0.0085,16.0,0.012,16.0,57.77,2.64138,-6.06942,0.32122,0.00054,0.19794
5263.38,index_price,1555844347560,open,0.18,0.0,0.18747634,0.18918469,0.1886377,79.41,None,0,BTC-26APR19-6250-P,5263.38,0.0,0.1805,2.0,0.195,2.0,118.86,0.45811,-3.73064,-0.81187,0.00016,-0.96608
5248.78,BTC-28JUN19,1555844347561,open,0.0,1413.4,0.0,2.13e-06,0.00012054,100.0,0.0005,0.0,BTC-28JUN19-1500-P,5263.38,0.0,0.0,0.0,0.0005,93.0,115.59,0.06947,-0.05117,-0.01,0.0,-0.0009
5263.38,index_price,1555844347560,open,0.09,76.3,0.09410531,0.10275678,0.09616073,61.06,0.0875,0,BTC-26APR19-5750-P,5263.38,57.92,0.0955,4.0,0.0985,4.0,70.62,1.1563,-7.24061,-0.69218,0.00051,-0.88833
5263.38,index_price,1555844347558,open,0.37,0.0,0.37937978,0.3982071,0.38301669,60.87,None,0,BTC-31MAY19-7250-P,5263.38,0.0,0.3745,2.0,0.394,2.0,79.51,2.28325,-1.74259,-7.56178,0.00012,-0.93204
5263.38,index_price,1555844347559,open,0.0,233.8,0.0,0.0,0.0,100.01,0.0005,0,BTC-26APR19-2500-P,5263.38,0.0,0.0,0.0,0.0005,10.0,263.87,0.0,0.0,0.0,0.0,0.0
5263.38,index_price,1555844347560,open,0.24,0.0,0.24370749,0.27558768,0.24796121,56.03,None,0,BTC-31MAY19-6500-P,5263.38,42.52,0.2395,2.0,0.2585,2.0,68.32,4.01184,-2.81832,-6.32754,0.00024,-0.85245
5263.38,index_price,1555844347560,open,0.0,913.7,1e-08,6.645e-05,0.00029203,99.87,0.001,0,BTC-26APR19-4000-P,5263.38,0.0,0.0,0.0,0.001,6.9,118.48,0.12496,-1.27975,-0.00543,3e-05,-0.00743
5256.72,BTC-27SEP19,1555844347559,open,0.08,87.3,0.05445811,0.22691896,0.08191608,61.69,0.08,0.0,BTC-27DEC19-4000-P,5263.38,60.68,0.0795,9.6,0.0845,14.6,62.75,12.69549,-1.56707,-10.67144,0.00011,-0.21462
5263.38,index_price,1555844347559,open,0.02,63.0,0.01387595,0.05040797,0.01724384,53.88,0.019,0,BTC-31MAY19-6250-C,5263.38,52.48,0.016,12.8,0.0185,17.8,55.27,4.73032,-3.196,0.99692,0.00029,0.19062
5263.38,index_price,1555844347560,open,0.16,0.0,0.16139781,0.20216263,0.16504716,53.49,None,0,BTC-31MAY19-6000-P,5263.38,45.06,0.1565,2.0,0.175,2.0,62.47,5.60963,-3.76238,-5.22117,0.00035,-0.74296
5256.72,BTC-27SEP19,1555844347560,open,0.3,10.0,0.25490462,0.48132398,0.29327141,61.65,0.288,0.0,BTC-27DEC19-6000-P,5263.38,56.11,0.275,5.0,0.3055,5.0,65.35,17.35148,-2.14042,-28.60844,0.00015,-0.50169
5263.38,index_price,1555844347559,open,0.32,0.0,0.32994388,0.33000467,0.33022437,99.41,None,0,BTC-26APR19-7000-P,5263.38,0.0,0.3225,2.0,0.337,2.0,168.18,0.12845,-1.30941,-0.92987,3e-05,-0.99233
5256.72,BTC-27SEP19,1555844347558,open,0.0,42.0,7.42e-05,0.02400238,0.00271348,75.68,0.002,0.0,BTC-27DEC19-1500-P,5263.38,65.61,0.001,12.0,0.0045,12.0,82.4,1.1881,-0.17992,-0.46782,1e-05,-0.01029
5256.72,BTC-27SEP19,1555844347559,open,1.29,0.0,1.28807905,1.44133947,1.31552314,71.84,None,0.0,BTC-27DEC19-12000-P,5263.38,0.0,0.0005,0.2,0.0,0.0,0.0,9.56496,-1.37499,-78.37887,7e-05,-0.86245
5263.38,index_price,1555844347560,open,0.02,23.3,0.02554096,0.06445607,0.02752922,51.92,0.026,0,BTC-31MAY19-4750-P,5263.38,50.45,0.026,12.8,0.029,5.0,53.32,5.49326,-3.5761,-1.57877,0.00035,-0.24703
5263.38,index_price,1555844347561,open,0.01,85.9,0.00875961,0.0406398,0.01296171,55.96,0.0145,0,BTC-31MAY19-6500-C,5263.38,55.35,0.0125,15.1,0.014,21.0,57.3,4.00557,-2.81052,0.77193,0.00024,0.14721
5263.38,index_price,1555844347560,open,0.04,71.8,0.03227744,0.07635151,0.03510966,52.36,0.0365,0,BTC-31MAY19-5750-C,5263.38,49.77,0.032,12.8,0.036,17.8,53.1,6.34275,-4.16462,1.72816,0.0004,0.33565
5256.72,BTC-27SEP19,1555844347560,open,0.02,9.6,0.00198783,0.12816067,0.02461297,75.48,0.027,0.0,BTC-27DEC19-14000-C,5263.38,74.39,0.023,4.0,0.0265,12.0,76.72,7.88281,-1.1906,2.87577,6e-05,0.10452
5263.38,index_price,1555844347559,open,0.34,33.6,0.33502806,0.33502835,0.33500515,0.0,0.3345,0,BTC-26APR19-3500-C,5263.38,0.0,0.328,3.0,0.342,3.0,239.52,0.0,0.0,0.46753,0.0,1.0
5256.72,BTC-27SEP19,1555844347560,open,0.06,70.5,0.02429494,0.22581662,0.06070267,66.33,0.063,0.0,BTC-27DEC19-9000-C,5263.38,65.27,0.058,9.6,0.0635,19.6,67.41,13.52932,-1.79559,6.46196,0.00011,0.24027
5263.38,index_price,1555844347560,open,0.0,108.6,1.2e-07,0.00020147,0.0004533,93.73,0.001,0,BTC-26APR19-6750-C,5263.38,0.0,0.0,0.0,0.001,36.9,104.71,0.19644,-1.88813,0.00845,6e-05,0.01247
5263.38,index_price,1555844347560,open,0.13,0.0,0.1402008,0.14439511,0.14208889,71.6,None,0,BTC-26APR19-6000-P,5263.38,0.0,0.134,2.0,0.1485,2.0,102.41,0.73979,-5.43212,-0.75967,0.00028,-0.93839
5263.38,index_price,1555844347559,open,0.28,0.0,0.28785162,0.31506268,0.29165779,56.91,None,0,BTC-31MAY19-6750-P,5263.38,36.91,0.2835,2.0,0.303,2.0,72.08,3.26302,-2.32827,-6.79694,0.00019,-0.89039
5263.38,index_price,1555844347559,open,0.0,3043.4,0.0,1e-08,3e-07,100.01,0.0005,0,BTC-26APR19-3250-P,5263.38,0.0,0.0,0.0,0.0005,9.9,177.19,0.00032,-0.00158,-1e-05,0.0,-1e-05
5263.38,index_price,1555844347559,open,0.0,1123.2,0.0,0.0,1e-08,100.01,0.001,0,BTC-26APR19-3000-P,5263.38,0.0,0.0,0.0,0.0005,15.0,203.76,1e-05,-5e-05,0.0,0.0,0.0
5263.38,index_price,1555844347560,open,0.22,0.0,0.23494992,0.23556504,0.23568041,87.14,None,0,BTC-26APR19-6500-P,5263.38,0.0,0.228,2.0,0.242,2.0,135.07,0.29987,-2.67961,-0.85443,9e-05,-0.97957
5263.38,index_price,1555844347560,open,0.27,0.0,0.282446,0.28264735,0.28295278,95.11,None,0,BTC-26APR19-6750-P,5263.38,0.0,0.275,2.0,0.2895,2.0,152.17,0.21196,-2.06733,-0.89245,6e-05,-0.98638
5263.38,index_price,1555844347560,open,0.25,484.7,0.24003208,0.24009852,0.24029233,98.48,0.2475,0,BTC-26APR19-4000-C,5263.38,0.0,0.233,3.0,0.247,3.0,174.32,0.1153,-1.16434,0.52937,3e-05,0.99322
5263.38,index_price,1555844347559,open,0.0,331.0,0.00165141,0.01030288,0.00366116,60.85,0.0065,0,BTC-26APR19-5750-C,5263.38,57.7,0.003,1.0,0.0045,20.0,64.52,1.1501,-7.17718,0.07535,0.00051,0.11084
174.48,ETH-27SEP19,1555844347574,open,0.73,10.0,0.739481,0.804839,0.766836,76.82,0.781,0.0,ETH-27SEP19-300-P,168.97,0.0,0.004,4.0,0.773,1.0,80.02,0.32922,-0.07959,-1.18444,0.00323,-0.79272
5256.72,BTC-27SEP19,1555844347597,open,0.12,34.8,0.06827754,0.2944049,0.10608462,62.36,0.11,0.0,BTC-27DEC19-7000-C,5263.38,63.28,0.109,1.0,0.1125,19.6,64.38,16.60226,-2.07154,9.97175,0.00014,0.38318
5256.72,BTC-27SEP19,1555844347632,open,0.17,50.4,0.11350847,0.33992783,0.1518063,61.63,0.162,0.0,BTC-27DEC19-6000-C,5263.38,60.93,0.1495,5.0,0.1575,12.2,63.35,17.35147,-2.13969,12.467,0.00015,0.49824
171.93,ETH-28JUN19,1555844347941,open,0.03,2652.0,0.028224,0.099451,0.038871,69.1,0.033,0.0,ETH-28JUN19-140-P,168.97,66.71,0.036,120.0,0.041,180.0,70.85,0.20813,-0.10595,-0.07666,0.00548,-0.2009
171.93,ETH-28JUN19,1555844348208,open,0.07,1735.0,0.048053,0.13974,0.063742,69.88,0.078,0.0,ETH-28JUN19-200-C,168.97,68.81,0.062,180.0,0.07,180.0,73.73,0.27809,-0.14314,0.09559,0.00724,0.36271
171.93,ETH-28JUN19,1555844348281,open,0.13,4310.0,0.130461,0.224737,0.146472,69.31,0.139,0.0,ETH-28JUN19-180-P,168.97,66.71,0.142,60.0,0.15,90.0,71.36,0.29578,-0.15102,-0.2072,0.00776,-0.5016
171.92,ETH-28JUN19,1555844348332,open,0.04,605.0,0.026505,0.109711,0.039413,69.9,0.053,0.0,ETH-28JUN19-220-C,168.97,71.75,0.042,120.0,0.048,180.0,75.96,0.23671,-0.12188,0.06804,0.00616,0.25225
171.93,ETH-28JUN19,1555844348421,open,0.02,876.0,0.001902,0.042121,0.014799,86.89,0.015,0.0,ETH-28JUN19-300-C,168.97,84.39,0.013,65.0,0.017,210.0,89.76,0.12732,-0.08149,0.02631,0.00267,0.09707
5256.7,BTC-27SEP19,1555844348557,open,0.24,290.4,0.21531251,0.27324166,0.22947941,60.45,0.2265,0.0,BTC-27SEP19-4500-C,5263.4,54.32,0.216,3.0,0.2425,3.0,66.3,11.63159,-2.21274,11.27203,0.00016,0.72211
5248.74,BTC-28JUN19,1555844348557,open,0.0,65.9,0.0003343,0.01008173,0.00463203,67.22,0.006,0.0,BTC-28JUN19-3250-P,5263.4,63.65,0.0035,12.0,0.0055,10.0,69.65,1.79203,-0.88742,-0.39712,5e-05,-0.03605
5263.4,index_price,1555844348557,open,0.01,14.1,0.00371077,0.02715152,0.00543569,56.49,0.0085,0,BTC-26APR19-5625-C,5263.4,53.09,0.0045,16.0,0.0065,17.0,60.13,1.49409,-8.65582,0.1103,0.00071,0.16232
5263.4,index_price,1555844348557,open,0.18,0.0,0.1876716,0.21048285,0.19037765,60.5,None,0,BTC-3MAY19-6250-P,5263.4,0.0,0.1825,2.0,0.198,2.0,83.96,1.19347,-3.04001,-1.92844,0.00022,-0.93572
5248.74,BTC-28JUN19,1555844348558,open,0.01,515.2,0.00056153,0.00830304,0.00537538,69.06,0.0055,0.0,BTC-28JUN19-9000-C,5263.4,68.18,0.005,60.0,0.006,0.1,70.46,2.27048,-1.15512,0.41889,6e-05,0.04829
5263.4,index_price,1555844348557,open,0.06,12.1,0.05719846,0.10524808,0.06522026,52.57,0.062,0,BTC-3MAY19-5500-P,5263.4,49.95,0.0635,12.0,0.069,12.0,58.24,3.47316,-7.68702,-1.24436,0.00073,-0.66141
5256.7,BTC-27SEP19,1555844348559,open,0.0,410.3,0.00022067,0.0041849,0.0035324,77.66,0.004,0.0,BTC-27SEP19-2000-P,5263.4,75.56,0.003,8.1,0.004,1.5,79.36,1.39491,-0.34094,-0.44899,1e-05,-0.01609
5248.74,BTC-28JUN19,1555844348559,open,0.02,1429.1,0.01046829,0.03788391,0.01935298,59.5,0.0205,0.0,BTC-28JUN19-7000-C,5263.4,58.68,0.0185,9.6,0.02,20.0,60.11,5.51048,-2.41524,1.37423,0.00018,0.16015
5256.7,BTC-27SEP19,1555844348559,open,0.03,318.0,0.01816675,0.0534112,0.0287486,62.78,0.027,0.0,BTC-27SEP19-3500-P,5263.4,61.42,0.027,18.0,0.0305,12.0,64.12,6.82312,-1.34814,-3.3396,9e-05,-0.11721
5248.74,BTC-28JUN19,1555844348559,open,0.05,62.4,0.03560809,0.0882988,0.05068128,55.32,0.0445,0.0,BTC-28JUN19-4750-P,5263.4,53.51,0.048,14.6,0.052,9.6,56.2,7.81384,-3.18403,-3.37746,0.00028,-0.29535
5248.74,BTC-28JUN19,1555844348559,open,0.12,58.9,0.10535949,0.16543614,0.12234531,54.93,0.115,0.0,BTC-28JUN19-5500-P,5263.4,53.28,0.1195,7.2,0.1245,12.2,56.19,9.00166,-3.64273,-6.38152,0.00032,-0.53146
5263.4,index_price,1555844348557,open,0.01,198.1,0.01197618,0.04018755,0.01205049,50.18,0.0105,0,BTC-26APR19-5125-P,5263.4,47.6,0.011,16.0,0.0135,16.4,53.7,2.15399,-11.08464,-0.22827,0.00116,-0.31262
5248.74,BTC-28JUN19,1555844348559,open,0.03,97.7,0.02777171,0.0610907,0.03505684,55.78,0.034,0.0,BTC-28JUN19-4500-P,5263.4,54.57,0.0335,9.7,0.0365,9.6,56.9,6.76429,-2.77961,-2.52465,0.00024,-0.2236
5256.7,BTC-27SEP19,1555844348560,open,0.02,705.9,0.00185191,0.01966573,0.01494666,75.53,0.014,0.0,BTC-27SEP19-12000-C,5263.4,74.0,0.0135,21.3,0.0165,12.0,77.07,5.13939,-1.22157,1.48073,6e-05,0.07966
5256.7,BTC-27SEP19,1555844348560,open,0.13,43.4,0.11485853,0.17953741,0.13099307,60.46,0.121,0.0,BTC-27SEP19-5000-P,5263.4,59.06,0.1275,9.6,0.13,1.0,60.06,13.1243,-2.49703,-11.523,0.00018,-0.37261
5256.7,BTC-27SEP19,1555844348558,open,0.59,0.0,0.5626215,0.7788275,0.59788777,63.35,None,0.0,BTC-27DEC19-8000-P,5263.4,51.4,0.566,2.0,0.6195,2.0,70.7,15.00514,-1.90215,-46.88961,0.00013,-0.70508
5248.76,BTC-28JUN19,1555844348561,open,0.0,355.3,4.75e-06,0.00081198,0.00199048,83.51,0.003,0.0,BTC-28JUN19-12000-C,5263.4,80.58,0.0015,22.1,0.0025,6.9,86.08,0.96251,-0.59214,0.14818,2e-05,0.01717
5263.4,index_price,1555844348557,open,0.11,0.0,0.1168694,0.13226691,0.11863159,64.43,None,0,BTC-26APR19-5875-P,5263.4,0.0,0.111,2.0,0.1255,2.0,93.87,0.8619,-5.69511,-0.7337,0.00036,-0.92491
5263.4,index_price,1555844348558,open,0.32,0.0,0.33320642,0.35601137,0.33745122,59.68,None,0,BTC-31MAY19-7000-P,5263.4,0.0,0.3285,2.0,0.348,2.0,75.52,2.80173,-2.09648,-7.17883,0.00016,-0.911
5263.4,index_price,1555844348558,open,0.0,420.1,2.03e-06,0.00061723,0.0006817,86.22,0.001,0,BTC-26APR19-6500-C,5263.4,82.54,0.0005,9.1,0.001,16.9,91.37,0.28619,-2.53054,0.01311,9e-05,0.01933
5263.4,index_price,1555844348560,open,0.29,225.9,0.28753277,0.28753866,0.2875771,99.47,0.282,0,BTC-26APR19-3750-C,5263.4,0.0,0.2805,3.0,0.295,3.0,209.6,0.02646,-0.26989,0.49997,1e-05,0.99868
5263.4,index_price,1555844348559,open,0.53,0.0,0.52502185,0.52502185,0.52502004,0.0,None,0,BTC-26APR19-2500-C,5263.4,0.0,0.518,3.0,0.532,3.0,398.73,0.0,0.0,0.33395,0.0,1.0
5263.4,index_price,1555844348559,open,0.25,0.1,0.24292411,0.2612186,0.24492266,55.97,0.239,0,BTC-31MAY19-4000-C,5263.4,0.0,0.236,3.0,0.2535,3.0,73.23,2.0036,-1.40602,4.01135,0.00012,0.94253
5263.4,index_price,1555844348560,open,0.0,705.1,1.34e-06,0.00046019,0.00077759,91.84,0.0005,0,BTC-26APR19-4250-P,5263.4,86.0,0.0005,9.7,0.001,37.0,95.61,0.28613,-2.69485,-0.01414,8e-05,-0.01933
5263.4,index_price,1555844348559,open,0.58,0.0,0.57251966,0.57251966,0.57251804,0.0,0.429,0,BTC-26APR19-2250-C,5263.4,0.0,0.5655,3.0,0.5795,3.0,448.3,0.0,0.0,0.30056,0.0,1.0
5256.72,BTC-27SEP19,1555844348564,open,0.33,0.0,0.31400685,0.35572518,0.32574224,61.95,None,0.0,BTC-27SEP19-3750-C,5263.4,52.18,0.3115,3.0,0.3395,3.0,70.51,8.13421,-1.5859,11.96507,0.00011,0.84866
5256.72,BTC-27SEP19,1555844348559,open,0.44,0.0,0.39990639,0.62603375,0.43772498,62.36,None,0.0,BTC-27DEC19-7000-P,5263.4,52.89,0.4085,2.0,0.4565,2.0,68.24,16.6025,-2.07169,-37.94938,0.00014,-0.6168
5263.4,index_price,1555844348559,open,0.01,1069.7,0.00760182,0.02152383,0.00946259,55.13,0.008,0,BTC-26APR19-5500-C,5263.4,48.28,0.007,0.5,0.011,0.4,59.21,1.95427,-11.04951,0.17279,0.00096,0.25522
5256.72,BTC-27SEP19,1555844348558,open,0.72,0.0,0.71472516,0.73865334,0.71736391,75.68,None,0.0,BTC-27DEC19-1500-C,5263.4,0.0,0.699,3.0,0.725,3.0,97.19,1.18795,-0.1799,9.80112,1e-05,0.98972
5263.4,index_price,1555844348560,open,0.0,28.7,0.00102814,0.01303531,0.00216154,56.52,0.003,0,BTC-31MAY19-3750-P,5263.4,55.75,0.002,16.0,0.0025,10.0,58.04,1.1239,-0.79651,-0.1745,7e-05,-0.02818
5256.72,BTC-27SEP19,1555844348560,open,0.01,153.8,0.0040422,0.08389234,0.01478877,66.16,0.016,0.0,BTC-27DEC19-2500-P,5263.4,64.05,0.013,12.0,0.0165,12.0,68.07,4.58547,-0.60703,-2.3819,4e-05,-0.0514
5263.4,index_price,1555844348557,open,0.05,139.7,0.05255376,0.06647576,0.05441849,55.15,0.0435,0,BTC-26APR19-5500-P,5263.4,51.26,0.053,4.0,0.0565,4.0,60.63,1.95444,-11.05266,-0.56188,0.00096,-0.74474
5263.4,index_price,1555844348560,open,0.0,259.9,0.0,0.0,0.0,100.0,0.0005,0,BTC-26APR19-2250-P,5263.4,0.0,0.0,0.0,0.0005,10.0,298.5,0.0,0.0,0.0,0.0,0.0
5256.72,BTC-27SEP19,1555844348560,open,0.01,49.9,0.00082607,0.04968907,0.00647604,69.25,0.008,0.0,BTC-27DEC19-2000-P,5263.4,65.89,0.005,12.0,0.008,1.0,72.3,2.47745,-0.3433,-1.10556,2e-05,-0.02425
5256.72,BTC-27SEP19,1555844348558,open,0.76,0.0,0.73638917,0.93791085,0.77280443,66.33,None,0.0,BTC-27DEC19-9000-P,5263.4,48.36,0.7335,2.0,0.7925,2.0,73.65,13.52985,-1.79574,-55.15088,0.00011,-0.75972
5263.4,index_price,1555844348562,open,0.06,467.4,0.05582019,0.06831276,0.05670899,52.87,0.0525,0,BTC-26APR19-5000-C,5263.4,43.64,0.054,4.0,0.057,4.0,53.79,1.66125,-9.00754,0.52825,0.00085,0.80803
5256.72,BTC-27SEP19,1555844348562,open,0.39,5.8,0.36283322,0.5076731,0.38507743,62.48,0.385,0.0,BTC-27DEC19-3500-C,5263.4,54.25,0.37,1.0,0.4,3.0,70.06,10.04811,-1.25625,16.80504,9e-05,0.85205
5263.4,index_price,1555844348563,open,0.48,10.2,0.47752403,0.47752403,0.47752205,0.0,0.006,0,BTC-26APR19-2750-C,5263.4,0.0,0.4705,3.0,0.4845,3.0,353.91,0.0,0.0,0.36735,0.0,1.0
5263.4,index_price,1555844348561,open,0.2,1359.1,0.19253848,0.19299733,0.19331166,91.78,0.2,0,BTC-26APR19-4250-C,5263.4,0.0,0.186,3.0,0.2,3.0,146.46,0.28542,-2.68647,0.55362,8e-05,0.98073
5248.74,BTC-28JUN19,1555844348613,open,0.0,873.5,0.0002418,0.00411873,0.00348134,72.68,0.002,0.0,BTC-28JUN19-3000-P,5263.4,68.55,0.0025,12.0,0.0045,12.0,76.29,1.37135,-0.73418,-0.28871,4e-05,-0.0261
5248.74,BTC-28JUN19,1555844348625,open,0.05,62.4,0.03560809,0.0882988,0.05068128,55.32,0.0445,0.0,BTC-28JUN19-4750-P,5263.4,53.51,0.048,14.6,0.052,14.6,56.2,7.81384,-3.18403,-3.37746,0.00028,-0.29535
5248.74,BTC-28JUN19,1555844348636,open,0.0,690.3,1.098e-05,0.00082473,0.00178438,83.59,0.002,0.0,BTC-28JUN19-2500-P,5263.4,81.45,0.0015,2.2,0.002,7.9,85.07,0.73822,-0.45456,-0.14054,2e-05,-0.01261
5263.4,index_price,1555844348899,open,0.04,74.6,0.04225173,0.08569862,0.04302665,50.63,0.041,0,BTC-31MAY19-5000-P,5263.4,49.79,0.042,12.8,0.0455,5.0,52.66,6.43105,-4.08311,-2.24909,0.00042,-0.34811
5256.71,BTC-27SEP19,1555844348914,open,0.02,648.3,0.00354977,0.02737656,0.0187097,73.16,0.017,0.0,BTC-27SEP19-11000-C,5263.4,72.09,0.0175,10.0,0.02,12.0,74.26,6.03238,-1.38886,1.83222,7e-05,0.09879
5256.71,BTC-27SEP19,1555844348934,open,0.56,2.5,0.54734583,0.59913998,0.56833698,65.65,1.278,0.0,BTC-27SEP19-8000-P,5263.4,51.51,0.5435,2.0,0.5855,2.0,73.89,10.42063,-2.15301,-30.72031,0.00013,-0.77426
5256.71,BTC-27SEP19,1555844348965,open,0.63,28.2,0.61975455,0.62371875,0.62306619,77.66,0.608,0.0,BTC-27SEP19-2000-C,5263.4,0.0,0.6075,3.0,0.631,3.0,98.14,1.39488,-0.34093,8.25654,1e-05,0.98391
