underlying_price,underlying_index,timestamp,state,settlement_price,open_interest,min_price,max_price,mark_price,mark_iv,last_price,interest_rate,instrument_name,index_price,bid_iv,best_bid_price,best_bid_amount,best_ask_price,best_ask_amount,ask_iv,vega,theta,rho,gamma,delta
8324.33,SYN.BTC-4OCT19,1569927540197,open,0.08,95.9,0.061,0.115,0.08729001,85.03,0.081,0.0,BTC-4OCT19-9000-P,8322.71,78.79,0.086,0.7,0.0895,0.1,94.73,1.79442,-26.52772,-0.60846,0.00039,-0.84046
8324.33,SYN.BTC-4OCT19,1569927540210,open,0.08,95.9,0.061,0.115,0.08729001,85.03,0.081,0.0,BTC-4OCT19-9000-P,8322.71,81.27,0.0865,0.6,0.0895,0.1,94.73,1.79442,-26.52772,-0.60846,0.00039,-0.84046
8324.33,SYN.BTC-4OCT19,1569927540211,open,0.13,100.2,0.119,0.17,0.14299112,89.96,0.12,0.0,BTC-4OCT19-9500-P,8322.71,77.46,0.142,0.6,0.148,0.6,124.98,0.80058,-12.52193,-0.71472,0.00016,-0.9468
8324.33,SYN.BTC-4OCT19,1569927540224,open,0.13,100.2,0.119,0.17,0.14299112,89.96,0.12,0.0,BTC-4OCT19-9500-P,8322.71,84.6,0.1425,0.6,0.148,0.6,124.98,0.80058,-12.52193,-0.71472,0.00016,-0.9468
8332.36,SYN.BTC-25OCT19,1569927540259,open,0.0,434.7,0.0005,0.0115,0.00167401,103.93,0.002,0.0,BTC-25OCT19-15000-C,8322.71,97.18,0.001,31.0,0.0025,41.0,110.05,0.97987,-2.13275,0.09345,2e-05,0.01882
8358.29,BTC-27DEC19,1569927540364,open,0.82,8.1,0.8115,0.831,0.82124819,145.01,0.82,0.0,BTC-27DEC19-1500-C,8322.71,0.0,0.8135,18.0,0.8295,1.0,217.27,0.33955,-0.28339,3.50232,0.0,0.9973
8332.36,SYN.BTC-25OCT19,1569927540399,open,0.0,908.1,0.0005,0.0105,0.00095337,113.66,0.0015,0.0,BTC-25OCT19-17000-C,8322.71,105.76,0.0005,34.5,0.0015,24.7,120.16,0.59314,-1.41182,0.05209,1e-05,0.01051
8458.28,BTC-27MAR20,1569927540419,open,0.53,44.2,0.4795,0.6165,0.54885157,89.36,0.565,0.0,BTC-27MAR20-12000-P,8322.71,73.83,0.508,3.0,0.583,3.0,101.84,22.83826,-5.73654,-47.2842,7e-05,-0.59824
181.25,ETH-27MAR20,1569927540469,open,0.6,19.0,0.565,0.62,0.593942,109.56,0.542,0.0,ETH-27MAR20-80-C,179.13,91.41,0.578,33.0,0.611,33.0,126.04,0.17597,-0.05419,0.29393,0.001,0.92671
179.27,SYN.ETH-25OCT19,1569927540471,open,0.25,483.0,0.212,0.31,0.261131,100.03,0.337,0.0,ETH-25OCT19-220-P,179.13,48.45,0.23,18.0,0.3,18.0,143.56,0.14591,-0.30565,-0.11849,0.00694,-0.74931
8326.7,SYN.BTC-11OCT19,1569927540556,open,0.0,75.3,0.0005,0.0115,0.00155512,127.83,0.0015,0.0,BTC-11OCT19-5500-P,8322.71,119.47,0.001,38.0,0.002,1.0,133.24,0.63138,-4.0862,-0.04603,3e-05,-0.01888
8458.28,BTC-27MAR20,1569927540584,open,0.73,57.8,0.681,0.8235,0.75168404,91.01,0.775,0.0,BTC-27MAR20-14000-P,8322.71,67.72,0.699,2.0,0.786,2.0,104.35,21.03829,-5.3821,-59.13007,7e-05,-0.68278
8326.7,SYN.BTC-11OCT19,1569927540600,open,0.0,10.3,0.0005,0.011,0.00114367,93.21,0.002,0.0,BTC-11OCT19-11500-C,8322.71,91.42,0.001,30.0,0.0015,1.0,97.1,0.69708,-3.28952,0.04521,4e-05,0.02121
8326.7,SYN.BTC-11OCT19,1569927540655,open,0.09,38.4,0.0485,0.107,0.07895736,89.02,0.08,0.0,BTC-11OCT19-8000-C,8322.71,82.6,0.075,18.0,0.0815,5.0,93.13,5.14565,-23.19154,1.25394,0.00031,0.63554
8332.36,SYN.BTC-25OCT19,1569927540680,open,0.01,920.4,0.003,0.028,0.01263463,106.25,0.0115,0.0,BTC-25OCT19-6000-P,8322.71,103.45,0.0115,24.0,0.0135,24.0,108.31,3.44406,-7.6631,-0.55624,7e-05,-0.08942
8332.83,SYN.BTC-25OCT19,1569927540801,open,0.06,359.6,0.029,0.086,0.057363,86.83,0.063,0.0,BTC-25OCT19-9000-C,8322.71,84.44,0.055,6.0,0.0585,15.0,87.97,8.2692,-15.03725,1.90467,0.00021,0.40681
179.61,ETH-27DEC19,1569927540861,open,0.61,311.0,0.554,0.699,0.627114,105.7,0.71,0.0,ETH-27DEC19-280-P,179.13,70.82,0.579,18.0,0.657,17.0,123.35,0.29143,-0.17728,-0.57874,0.00359,-0.72682
8332.36,SYN.BTC-25OCT19,1569927540871,open,0.03,537.4,0.0095,0.051,0.02804333,86.84,0.027,0.0,BTC-25OCT19-10000-C,8322.71,83.57,0.0255,40.4,0.029,34.3,88.02,6.60578,-12.01284,1.14827,0.00017,0.23873
8327.16,SYN.BTC-11OCT19,1569927540920,open,0.01,104.6,0.0015,0.0285,0.01161767,101.0,0.01,0.0,BTC-11OCT19-7000-P,8322.71,96.23,0.01,30.0,0.0125,1.0,103.52,2.89215,-14.78958,-0.31827,0.00015,-0.12965
179.18,SYN.ETH-11OCT19,1569927540940,open,0.01,34.0,0.003,0.036,0.015785,114.17,0.011,0.0,ETH-11OCT19-150-P,179.13,106.64,0.013,150.0,0.018,298.0,119.85,0.06842,-0.3955,-0.00799,0.0069,-0.14903
8323.87,SYN.BTC-4OCT19,1569927540949,open,0.04,150.9,0.01,0.059,0.03461426,85.11,0.043,0.0,BTC-4OCT19-8250-C,8322.71,78.98,0.0325,18.0,0.0355,0.6,87.56,2.912,-43.0928,0.34577,0.00063,0.56189
8327.16,SYN.BTC-11OCT19,1569927540955,open,0.01,104.6,0.0015,0.0285,0.01161767,101.0,0.01,0.0,BTC-11OCT19-7000-P,8322.71,96.23,0.01,30.0,0.0125,9.0,103.52,2.89215,-14.78958,-0.31827,0.00015,-0.12965
8326.7,SYN.BTC-11OCT19,1569927540970,open,0.0,22.2,0.0005,0.014,0.00369234,87.71,0.004,0.0,BTC-11OCT19-10500-C,8322.71,84.08,0.003,30.0,0.0045,3.0,91.5,1.6813,-7.46585,0.13215,0.0001,0.06235
8323.87,SYN.BTC-4OCT19,1569927540977,open,0.12,20.5,0.0815,0.129,0.10472099,104.65,0.1035,0.0,BTC-4OCT19-7500-C,8322.71,83.34,0.1015,6.1,0.105,0.1,105.96,1.48926,-27.09742,0.50755,0.00026,0.8787
8324.33,SYN.BTC-4OCT19,1569927540978,open,0.08,95.9,0.061,0.115,0.08729,85.03,0.081,0.0,BTC-4OCT19-9000-P,8322.71,78.79,0.086,0.1,0.0895,0.1,94.73,1.79442,-26.52772,-0.60846,0.00039,-0.84046
8323.87,SYN.BTC-4OCT19,1569927540983,open,0.12,20.5,0.0815,0.129,0.10472099,104.65,0.1035,0.0,BTC-4OCT19-7500-C,8322.71,83.34,0.1015,6.7,0.105,0.1,105.96,1.48926,-27.09742,0.50755,0.00026,0.8787
8324.33,SYN.BTC-4OCT19,1569927540983,open,0.13,100.2,0.119,0.17,0.14299118,89.96,0.12,0.0,BTC-4OCT19-9500-P,8322.71,77.46,0.142,0.6,0.148,0.6,124.98,0.80058,-12.52193,-0.71472,0.00016,-0.9468
8323.87,SYN.BTC-4OCT19,1569927540985,open,0.04,150.9,0.01,0.059,0.03461426,85.11,0.043,0.0,BTC-4OCT19-8250-C,8322.71,78.98,0.0325,18.0,0.036,1.0,88.99,2.912,-43.0928,0.34577,0.00063,0.56189
181.24,ETH-27MAR20,1569927540987,open,1.26,3.0,1.187,1.39,1.287799,107.86,1.39,0.0,ETH-27MAR20-400-P,179.13,75.27,1.229,6.0,1.325,6.0,123.7,0.40195,-0.12187,-1.79987,0.00233,-0.75013
8323.87,SYN.BTC-4OCT19,1569927540987,open,0.04,150.9,0.01,0.059,0.03461426,85.11,0.043,0.0,BTC-4OCT19-8250-C,8322.71,78.98,0.0325,18.6,0.036,1.0,88.99,2.912,-43.0928,0.34577,0.00063,0.56189
8324.33,SYN.BTC-4OCT19,1569927540990,open,0.13,100.2,0.119,0.17,0.14299118,89.96,0.12,0.0,BTC-4OCT19-9500-P,8322.71,84.6,0.1425,0.6,0.148,0.6,124.98,0.80058,-12.52193,-0.71472,0.00016,-0.9468
8323.87,SYN.BTC-4OCT19,1569927540993,open,0.02,109.2,0.005,0.05,0.02573948,84.95,0.0225,0.0,BTC-4OCT19-8250-P,8322.71,81.48,0.0245,19.0,0.028,1.0,91.49,2.91193,-43.0124,-0.30414,0.00063,-0.43805
179.26,SYN.ETH-25OCT19,1569927540990,open,0.25,483.0,0.212,0.31,0.261131,100.03,0.337,0.0,ETH-25OCT19-220-P,179.13,48.22,0.23,18.0,0.301,18.0,144.56,0.14588,-0.30559,-0.11849,0.00694,-0.74938
8324.33,SYN.BTC-4OCT19,1569927540995,open,0.19,76.6,0.178,0.2295,0.20209754,101.9,0.245,0.0,BTC-4OCT19-10000-P,8322.71,0.0,0.1955,4.0,0.2085,0.6,159.99,0.41302,-7.31737,-0.77282,7e-05,-0.97629
8323.87,SYN.BTC-4OCT19,1569927540998,open,0.25,1.9,0.237,0.2895,0.26179038,108.73,0.332,0.0,BTC-4OCT19-10500-P,8322.71,0.0,0.2545,0.6,0.268,0.6,185.22,0.18281,-3.4561,-0.82142,3e-05,-0.99082
8357.83,BTC-27DEC19,1569927541031,open,0.07,374.8,0.0385,0.1035,0.06995068,91.77,0.068,0.0,BTC-27DEC19-6500-P,8322.71,90.06,0.0675,30.3,0.072,34.3,93.21,11.95005,-6.31163,-5.69044,8e-05,-0.21612
8357.83,BTC-27DEC19,1569927541033,open,0.48,74.2,0.441,0.5485,0.49399344,88.99,0.496,0.0,BTC-27DEC19-12000-P,8322.71,85.9,0.489,2.5,0.498,2.0,91.5,13.45548,-6.89161,-24.3686,9e-05,-0.73106
8326.7,SYN.BTC-11OCT19,1569927541054,open,0.0,15.7,0.0005,0.013,0.00329748,119.54,0.0035,0.0,BTC-11OCT19-6000-P,8322.71,113.32,0.0025,38.0,0.003,0.2,117.33,1.15103,-6.9662,-0.09481,5e-05,-0.03879
8357.83,BTC-27DEC19,1569927541068,open,0.14,564.4,0.102,0.191,0.14725726,88.79,0.15,0.0,BTC-27DEC19-8000-P,8322.71,86.77,0.1435,32.8,0.15,11.0,90.28,15.46689,-7.90343,-10.39649,0.0001,-0.3754
8357.83,BTC-27DEC19,1569927541069,open,0.38,261.6,0.3405,0.448,0.39444414,88.79,0.478,0.0,BTC-27DEC19-11000-P,8322.71,85.18,0.388,4.5,0.397,2.0,90.25,14.90885,-7.61855,-21.01194,0.0001,-0.66187
8357.86,BTC-27DEC19,1569927541113,open,0.0,714.8,0.0005,0.012,0.00202096,105.6,0.0035,0.0,BTC-27DEC19-30000-C,8322.71,102.09,0.0015,30.0,0.0025,2.0,108.3,1.37491,-0.83565,0.22059,1e-05,0.01311
8332.83,SYN.BTC-25OCT19,1569927541147,open,0.09,13.7,0.065,0.1335,0.09967963,86.8,0.098,0.0,BTC-25OCT19-8500-P,8322.71,84.69,0.0975,14.4,0.1035,14.4,90.57,8.50028,-15.452,-3.22177,0.00022,-0.49141
8332.83,SYN.BTC-25OCT19,1569927541152,open,0.09,220.0,0.048,0.11,0.0796177,86.82,0.0775,0.0,BTC-25OCT19-8500-C,8322.71,83.77,0.0765,14.4,0.0815,25.0,88.67,8.50027,-15.4557,2.33831,0.00022,0.50861
8357.86,BTC-27DEC19,1569927541160,open,0.48,74.2,0.441,0.5485,0.49399344,89.04,0.496,0.0,BTC-27DEC19-12000-P,8322.71,85.58,0.4885,4.5,0.498,2.0,91.5,13.46013,-6.89758,-24.36644,9e-05,-0.73088
8357.86,BTC-27DEC19,1569927541176,open,0.02,355.6,0.0055,0.044,0.02080143,92.69,0.0225,0.0,BTC-27DEC19-16000-C,8322.71,91.28,0.0195,50.0,0.022,21.0,93.96,7.82426,-4.1741,1.83732,5e-05,0.11316
8332.83,SYN.BTC-25OCT19,1569927541190,open,0.01,370.7,0.0005,0.0195,0.00714067,91.45,0.008,0.0,BTC-25OCT19-12000-C,8322.71,88.14,0.006,39.0,0.008,43.0,93.76,3.00481,-5.75471,0.36775,7e-05,0.07461
8357.86,BTC-27DEC19,1569927541190,open,0.01,390.4,0.0005,0.02,0.0068154,99.91,0.0075,0.0,BTC-27DEC19-22000-C,8322.71,97.92,0.006,20.8,0.008,46.0,102.54,3.56752,-2.05129,0.67516,2e-05,0.04075
8357.86,BTC-27DEC19,1569927541195,open,0.03,706.5,0.0105,0.0475,0.02662379,98.53,0.025,0.0,BTC-27DEC19-5000-P,8322.71,96.54,0.025,29.8,0.0275,24.2,99.58,6.9048,-3.91554,-2.42431,4e-05,-0.09524
8332.83,SYN.BTC-25OCT19,1569927541195,open,0.17,0.0,0.143,0.2175,0.18055944,86.79,None,0.0,BTC-25OCT19-9500-P,8322.71,69.56,0.1655,14.0,0.189,14.0,95.96,7.57869,-13.77478,-4.71359,0.00019,-0.68423
8357.86,BTC-27DEC19,1569927541203,open,3.25,1.3,3.2235,3.3995,3.30855585,111.62,2.2,0.0,BTC-27DEC19-36000-P,8322.71,0.0,0.01,1.0,0.0,0.0,0.0,0.89299,-0.57369,-85.55116,0.0,-0.99201
8332.83,SYN.BTC-25OCT19,1569927541200,open,0.01,370.7,0.0005,0.0195,0.00714067,91.45,0.008,0.0,BTC-25OCT19-12000-C,8322.71,88.14,0.006,47.0,0.008,43.0,93.76,3.00481,-5.75471,0.36775,7e-05,0.07461
8324.33,SYN.BTC-4OCT19,1569927541206,open,0.13,100.2,0.119,0.17,0.14299118,89.96,0.12,0.0,BTC-4OCT19-9500-P,8322.71,77.46,0.142,0.6,0.148,0.6,124.98,0.80058,-12.52193,-0.71472,0.00016,-0.9468
8357.83,BTC-27DEC19,1569927541214,open,0.21,639.0,0.168,0.268,0.21905058,88.78,0.225,0.0,BTC-27DEC19-9000-P,8322.71,85.95,0.2135,11.5,0.222,10.0,90.32,16.25001,-8.30318,-13.94099,0.00011,-0.48179
8324.33,SYN.BTC-4OCT19,1569927541216,open,0.13,100.2,0.119,0.17,0.14299118,89.96,0.12,0.0,BTC-4OCT19-9500-P,8322.71,84.6,0.1425,0.6,0.148,0.6,124.98,0.80058,-12.52193,-0.71472,0.00016,-0.9468
8327.16,SYN.BTC-11OCT19,1569927541216,open,0.01,56.5,0.0005,0.019,0.00629006,110.15,0.007,0.0,BTC-11OCT19-6500-P,8322.71,104.16,0.005,52.0,0.007,30.0,113.21,1.88824,-10.53037,-0.17739,9e-05,-0.07245
8323.87,SYN.BTC-4OCT19,1569927541230,open,0.08,95.9,0.061,0.115,0.08729,84.79,0.081,0.0,BTC-4OCT19-9000-P,8322.71,78.52,0.086,0.7,0.0895,0.1,94.52,1.78767,-26.35444,-0.60901,0.00039,-0.84136
8332.83,SYN.BTC-25OCT19,1569927541231,open,0.02,39.1,0.005,0.039,0.01912664,86.84,0.018,0.0,BTC-25OCT19-10500-C,8322.71,85.12,0.018,19.3,0.0205,34.3,88.88,5.51851,-10.03619,0.8564,0.00014,0.17625
179.26,SYN.ETH-25OCT19,1569927541217,open,0.25,483.0,0.212,0.31,0.261131,100.03,0.337,0.0,ETH-25OCT19-220-P,179.13,44.25,0.229,18.0,0.301,18.0,144.56,0.14588,-0.30559,-0.11849,0.00694,-0.74938
8357.86,BTC-27DEC19,1569927541239,open,0.01,416.2,0.002,0.0255,0.0119705,105.68,0.0135,0.0,BTC-27DEC19-4000-P,8322.71,102.44,0.0105,77.0,0.013,24.0,107.83,3.91963,-2.38397,-1.14908,2e-05,-0.04579
8332.36,SYN.BTC-25OCT19,1569927541235,open,0.02,717.2,0.003,0.0305,0.01356231,88.19,0.0135,0.0,BTC-25OCT19-11000-C,8322.71,86.2,0.0125,24.0,0.015,41.0,90.76,4.5477,-8.39901,0.6436,0.00011,0.13165
8357.86,BTC-27DEC19,1569927541247,open,0.01,248.1,0.0005,0.018,0.00775142,110.88,0.0085,0.0,BTC-27DEC19-3500-P,8322.71,106.94,0.0065,44.0,0.0085,24.0,113.08,2.78089,-1.77465,-0.75266,2e-05,-0.03008
8357.86,BTC-27DEC19,1569927541247,open,0.0,594.7,0.0005,0.011,0.00121807,111.48,0.0015,0.0,BTC-27DEC19-36000-C,8322.71,102.31,0.0005,1164.0,0.002,37.0,117.59,0.88493,-0.56779,0.13312,0.0,0.00791
8332.83,SYN.BTC-25OCT19,1569927541245,open,0.06,1168.6,0.0395,0.1015,0.07019423,88.93,0.067,0.0,BTC-25OCT19-8000-P,8322.71,86.19,0.0675,19.3,0.0725,2.8,91.3,8.14517,-15.1693,-2.4799,0.0002,-0.38479
8324.33,SYN.BTC-4OCT19,1569927541253,open,0.19,76.6,0.178,0.2295,0.20209754,101.9,0.245,0.0,BTC-4OCT19-10000-P,8322.71,0.0,0.1955,4.6,0.2085,0.6,159.99,0.41302,-7.31737,-0.77282,7e-05,-0.97629
8332.36,SYN.BTC-25OCT19,1569927541252,open,0.02,717.2,0.003,0.0305,0.01356231,88.19,0.0135,0.0,BTC-25OCT19-11000-C,8322.71,86.2,0.0125,24.0,0.015,56.0,90.76,4.5477,-8.39901,0.6436,0.00011,0.13165
8357.86,BTC-27DEC19,1569927541257,open,0.0,524.6,0.0005,0.0105,0.00097452,115.5,0.001,0.0,BTC-27DEC19-40000-C,8322.71,108.54,0.0005,24.1,0.0015,31.0,120.66,0.72043,-0.4789,0.10526,0.0,0.00627
8357.86,BTC-27DEC19,1569927541257,open,0.39,73.3,0.3495,0.409,0.37942459,95.53,0.491,0.0,BTC-27DEC19-5500-C,8322.71,0.0,0.007,2.1,0.4875,1.0,184.92,8.58193,-4.71822,9.778,5e-05,0.87095
8323.87,SYN.BTC-4OCT19,1569927541260,open,0.08,95.9,0.061,0.115,0.08729,84.79,0.081,0.0,BTC-4OCT19-9000-P,8322.71,78.52,0.086,0.1,0.0895,0.1,94.52,1.78767,-26.35444,-0.60901,0.00039,-0.84136
8323.87,SYN.BTC-4OCT19,1569927541263,open,0.08,95.9,0.061,0.115,0.08729,84.79,0.081,0.0,BTC-4OCT19-9000-P,8322.71,78.52,0.086,0.1,0.0895,0.7,94.52,1.78767,-26.35444,-0.60901,0.00039,-0.84136
8458.1,BTC-27MAR20,1569927541265,open,2.51,0.0,2.4825,2.6585,2.56499327,100.82,None,0.0,BTC-27MAR20-30000-P,8322.71,0.0,0.0035,1.0,0.0,0.0,0.0,8.268,-2.34306,-143.89735,2e-05,-0.92606
8323.87,SYN.BTC-4OCT19,1569927541265,open,0.08,95.9,0.061,0.115,0.08729,84.79,0.081,0.0,BTC-4OCT19-9000-P,8322.71,78.52,0.086,0.7,0.0895,0.7,94.52,1.78767,-26.35444,-0.60901,0.00039,-0.84136
8357.86,BTC-27DEC19,1569927541267,open,0.8,210.2,0.77,0.877,0.82109502,91.67,0.905,0.0,BTC-27DEC19-15000-P,8322.71,0.0,0.7755,3.0,0.8475,2.0,112.57,9.03925,-4.76925,-33.45845,6e-05,-0.86082
8332.83,SYN.BTC-25OCT19,1569927541259,open,0.06,1168.6,0.0395,0.1015,0.07019423,88.93,0.067,0.0,BTC-25OCT19-8000-P,8322.71,86.19,0.0675,34.3,0.0725,2.8,91.3,8.14517,-15.1693,-2.4799,0.0002,-0.38479
8324.33,SYN.BTC-4OCT19,1569927541267,open,0.13,100.2,0.119,0.17,0.14299118,89.96,0.12,0.0,BTC-4OCT19-9500-P,8322.71,77.46,0.142,0.6,0.148,0.6,124.98,0.80058,-12.52193,-0.71472,0.00016,-0.9468
8357.86,BTC-27DEC19,1569927541277,open,0.01,793.4,0.0005,0.025,0.00940471,97.46,0.009,0.0,BTC-27DEC19-20000-C,8322.71,96.71,0.009,0.8,0.01,8.5,98.54,4.54292,-2.54832,0.90916,3e-05,0.05511
8357.86,BTC-27DEC19,1569927541280,open,0.49,4.1,0.4585,0.5025,0.47990019,102.01,0.578,0.0,BTC-27DEC19-4500-C,8322.71,0.0,0.0125,1.1,0.8965,1.0,500.0,5.3379,-3.13396,8.99884,3e-05,0.93226
8332.36,SYN.BTC-25OCT19,1569927541273,open,0.16,26.5,0.1145,0.1775,0.14736348,91.73,0.126,0.0,BTC-25OCT19-7500-C,8322.71,86.07,0.1425,4.9,0.1495,17.6,94.15,7.24389,-13.91569,3.0897,0.00017,0.71427
8358.29,BTC-27DEC19,1569927541281,open,0.3,63.0,0.254,0.328,0.2922639,91.78,0.345,0.0,BTC-27DEC19-6500-C,8322.71,90.19,0.29,2.0,0.2995,2.0,96.81,11.94998,-6.31244,9.78067,8e-05,0.7839
8458.1,BTC-27MAR20,1569927541282,open,1.83,0.0,1.792,1.95,1.86649103,96.8,None,0.0,BTC-27MAR20-24000-P,8322.71,0.0,0.0015,1.0,0.0,0.0,0.0,11.39159,-3.0998,-113.45365,3e-05,-0.88597
8357.83,BTC-27DEC19,1569927541282,open,0.29,499.5,0.2485,0.354,0.3022419,88.8,0.3,0.0,BTC-27DEC19-10000-P,8322.71,85.28,0.2955,11.5,0.3045,2.0,90.0,15.95282,-8.15272,-17.51507,0.00011,-0.57828
8357.86,BTC-27DEC19,1569927541285,open,0.34,123.1,0.299,0.3655,0.3331564,92.72,0.2965,0.0,BTC-27DEC19-6000-C,8322.71,91.78,0.332,2.0,0.341,11.0,99.01,10.27209,-5.48181,9.90731,7e-05,0.83119
8357.83,BTC-27DEC19,1569927541288,open,0.23,126.6,0.1765,0.2595,0.21993219,89.36,0.207,0.0,BTC-27DEC19-7500-C,8322.71,87.67,0.217,4.5,0.2245,41.0,91.96,14.59059,-7.50393,9.14224,0.0001,0.67953
8346.52,SYN.BTC-29NOV19,1569927541287,open,0.03,15.7,0.015,0.0605,0.03590946,96.81,0.0325,0.0,BTC-29NOV19-6000-P,8322.71,94.74,0.034,32.0,0.0375,24.0,98.51,7.75969,-6.37956,-2.48123,7e-05,-0.14839
8357.86,BTC-27DEC19,1569927541289,open,0.15,196.9,0.0975,0.184,0.14223674,88.81,0.142,0.0,BTC-27DEC19-9000-C,8322.71,86.89,0.1385,11.5,0.1445,42.0,89.98,16.24996,-8.30603,7.48035,0.00011,0.51827
8458.1,BTC-27MAR20,1569927541290,open,0.04,144.0,0.0115,0.0685,0.03501312,95.4,0.038,0.0,BTC-27MAR20-22000-C,8323.83,94.06,0.033,6.0,0.036,0.2,96.05,12.83079,-3.44093,4.12831,4e-05,0.13517
8458.1,BTC-27MAR20,1569927541290,open,0.06,155.5,0.0225,0.095,0.05491715,92.81,0.0575,0.0,BTC-27MAR20-18000-C,8323.83,91.56,0.0525,10.0,0.058,22.9,94.37,16.52919,-4.31229,5.97914,5e-05,0.19998
8458.1,BTC-27MAR20,1569927541290,open,0.02,26.7,0.0055,0.0475,0.02091639,99.56,0.021,0.0,BTC-27MAR20-28000-C,8323.83,98.22,0.0195,6.0,0.0225,10.0,100.99,9.15322,-2.56148,2.6238,3e-05,0.08457
8458.1,BTC-27MAR20,1569927541290,open,0.03,65.1,0.0065,0.0525,0.02430427,98.09,0.0215,0.0,BTC-27MAR20-26000-C,8323.83,96.99,0.023,6.0,0.026,18.0,99.48,10.15159,-2.79919,3.00601,3e-05,0.09723
8458.1,BTC-27MAR20,1569927541290,open,0.03,137.9,0.0085,0.0595,0.02903472,96.85,0.029,0.0,BTC-27MAR20-24000-C,8323.83,95.7,0.0275,6.0,0.031,10.0,98.28,11.40355,-3.10449,3.51015,3e-05,0.11419
8458.1,BTC-27MAR20,1569927541290,open,0.05,293.2,0.016,0.08,0.04351117,94.19,0.046,0.0,BTC-27MAR20-20000-C,8323.83,92.71,0.041,15.9,0.0465,14.9,95.9,14.57097,-3.85773,4.9462,4e-05,0.16351
8458.1,BTC-27MAR20,1569927541290,open,0.03,335.0,0.012,0.05,0.02900321,95.54,0.026,0.0,BTC-27MAR20-4000-P,8323.83,93.44,0.027,31.0,0.0305,16.0,97.08,8.15859,-2.19109,-4.19067,2e-05,-0.07267
8357.86,BTC-27DEC19,1569927541290,open,0.11,514.3,0.064,0.1465,0.10575908,88.82,0.1115,0.0,BTC-27DEC19-10000-C,8323.83,88.42,0.105,1.0,0.108,46.0,90.0,15.95349,-8.15546,6.28701,0.00011,0.4218
8357.86,BTC-27DEC19,1569927541290,open,0.0,1542.5,0.0005,0.0105,0.00065033,126.59,0.0005,0.0,BTC-27DEC19-52000-C,8323.83,0.0,0.0,0.0,0.001,20.0,131.67,0.48422,-0.35279,0.06685,0.0,0.00401
8458.1,BTC-27MAR20,1569927541290,open,0.2,209.9,0.1545,0.263,0.21006494,88.57,0.2025,0.0,BTC-27MAR20-8000-P,8323.83,86.41,0.2045,4.9,0.2135,9.6,89.91,21.75146,-5.41541,-22.8738,7e-05,-0.34487
8458.1,BTC-27MAR20,1569927541290,open,0.09,164.0,0.057,0.1335,0.09490346,90.05,0.09,0.0,BTC-27MAR20-6000-P,8323.83,88.54,0.092,14.9,0.0975,10.0,91.4,16.26669,-4.11769,-11.93928,5e-05,-0.19475
8458.1,BTC-27MAR20,1569927541290,open,0.02,22.4,0.003,0.0365,0.01447423,103.78,0.0165,0.0,BTC-27MAR20-34000-C,8323.83,102.58,0.0135,6.0,0.016,15.0,105.57,6.99813,-2.04155,1.86059,2e-05,0.05961
8357.86,BTC-27DEC19,1569927541290,open,1.6,4.9,1.5825,1.703,1.63907761,99.93,1.0385,0.0,BTC-27DEC19-22000-P,8323.83,0.0,0.0075,2.0,2.2875,0.3,500.0,3.57059,-2.05351,-51.6876,2e-05,-0.9592
8458.1,BTC-27MAR20,1569927541290,open,3.21,0.0,3.176,3.3745,3.26947685,105.28,None,0.0,BTC-27MAR20-36000-P,8323.83,0.0,0.005,1.0,0.0,0.0,0.0,6.51482,-1.92795,-173.73949,2e-05,-0.94557
8357.86,BTC-27DEC19,1569927541290,open,2.78,0.3,2.7545,2.913,2.83046502,108.04,1.875,0.0,BTC-27DEC19-32000-P,8323.83,0.0,0.002,1.0,0.0,0.0,0.0,1.19948,-0.74584,-75.97669,1e-05,-0.9888
8458.1,BTC-27MAR20,1569927541290,open,0.01,66.0,0.0025,0.034,0.01306312,105.1,0.0095,0.0,BTC-27MAR20-36000-C,8323.83,103.67,0.012,6.0,0.0145,15.0,106.92,6.47293,-1.91226,1.68705,2e-05,0.05399
8357.86,BTC-27DEC19,1569927541290,open,0.58,99.0,0.548,0.6565,0.60076317,90.65,0.638,0.0,BTC-27DEC19-13000-P,8323.83,0.0,0.5545,4.0,0.627,3.0,107.58,12.02123,-6.27153,-27.50033,8e-05,-0.78165
8357.86,BTC-27DEC19,1569927541290,open,0.0,98.3,0.0005,0.011,0.00102127,126.67,0.0025,0.0,BTC-27DEC19-2000-P,8323.83,116.17,0.0005,18.0,0.0015,20.1,133.37,0.52138,-0.38009,-0.10698,0.0,-0.00436
8357.86,BTC-27DEC19,1569927541290,open,0.0,432.2,0.0005,0.0105,0.00057382,115.5,0.0005,0.0,BTC-27DEC19-44000-C,8323.83,0.0,0.0,0.0,0.001,10.0,121.62,0.46566,-0.30955,0.06496,0.0,0.00384
8357.86,BTC-27DEC19,1569927541291,open,0.91,22.0,0.884,0.992,0.93507366,92.59,1.0275,0.0,BTC-27DEC19-16000-P,8323.83,0.0,0.41,10.0,1.613,0.2,500.0,7.8073,-4.16057,-36.25015,5e-05,-0.88718
8458.1,BTC-27MAR20,1569927541290,open,0.35,172.8,0.3005,0.4275,0.36544095,88.59,0.432,0.0,BTC-27MAR20-10000-P,8323.83,85.55,0.357,7.6,0.3705,9.0,90.4,23.53826,-5.86124,-35.0411,8e-05,-0.48468
8458.1,BTC-27MAR20,1569927541290,open,1.15,0.0,1.1125,1.259,1.18301487,92.79,0.8095,0.0,BTC-27MAR20-18000-P,8323.83,0.0,1.1275,1.0,1.211,1.0,106.04,16.52463,-4.31016,-81.74251,5e-05,-0.80012
8357.86,BTC-27DEC19,1569927541291,open,2.07,0.0,2.0505,2.186,2.11472347,104.16,None,0.0,BTC-27DEC19-26000-P,8323.83,0.0,0.0055,10.0,2.7425,0.2,500.0,2.29428,-1.37536,-61.48591,1e-05,-0.97611
8458.1,BTC-27MAR20,1569927541291,open,0.94,1.1,0.893,1.037,0.96315143,91.65,0.911,0.0,BTC-27MAR20-16000-P,8323.83,60.85,0.9085,1.0,0.994,1.0,104.83,18.7383,-4.82741,-70.63997,6e-05,-0.75062
8458.1,BTC-27MAR20,1569927541291,open,0.02,34.0,0.0035,0.0395,0.01608686,102.31,0.0135,0.0,BTC-27MAR20-32000-C,8323.83,101.07,0.015,6.0,0.0175,15.0,103.85,7.57992,-2.17993,2.05929,2e-05,0.06605
8357.86,BTC-27DEC19,1569927541291,open,0.54,31.1,0.516,0.5525,0.53337737,105.67,0.6265,0.0,BTC-27DEC19-4000-C,8323.83,0.0,0.019,1.2,0.5615,0.2,150.26,3.91936,-2.38373,8.37165,2e-05,0.95421
8346.52,SYN.BTC-29NOV19,1569927541290,open,0.43,0.0,0.396,0.4415,0.41826802,104.71,None,0.0,BTC-29NOV19-5000-C,8323.83,0.0,0.012,1.0,0.0,0.0,0.0,4.81937,-4.2856,6.80147,4e-05,0.92346
8357.86,BTC-27DEC19,1569927541291,open,0.71,0.0,0.6935,0.713,0.70339721,122.3,None,0.0,BTC-27DEC19-2500-C,8323.83,0.0,0.021,1.1,0.9265,0.5,500.0,1.10021,-0.77444,5.69857,1e-05,0.98986
8458.1,BTC-27MAR20,1569927541291,open,0.1,319.2,0.0515,0.144,0.09650126,90.99,0.0965,0.0,BTC-27MAR20-14000-C,8323.83,90.39,0.095,0.1,0.0985,10.0,91.8,21.03558,-5.38047,9.09451,7e-05,0.31714
8357.86,BTC-27DEC19,1569927541291,open,0.0,490.6,0.0005,0.0125,0.00292776,105.6,0.0035,0.0,BTC-27DEC19-28000-C,8323.83,100.8,0.002,29.0,0.004,66.3,109.98,1.83476,-1.1151,0.30676,1e-05,0.01835
8357.86,BTC-27DEC19,1569927541291,open,1.14,9.4,1.1155,1.2255,1.16709845,94.79,1.1125,0.0,BTC-27DEC19-18000-P,8323.83,0.0,0.0055,5.0,1.8365,0.2,500.0,5.87042,-3.20254,-41.58463,4e-05,-0.92332
8323.87,SYN.BTC-4OCT19,1569927541290,open,0.0,208.8,0.0005,0.0105,0.00010203,145.02,0.0005,0.0,BTC-4OCT19-12000-C,8323.83,0.0,0.0,0.0,0.001,0.5,188.03,0.06231,-0.84927,0.00173,1e-05,0.00274
8332.37,SYN.BTC-25OCT19,1569927541290,open,0.04,57.9,0.017,0.0665,0.04049023,86.84,0.0425,0.0,BTC-25OCT19-9500-C,8323.83,83.53,0.0375,13.0,0.0415,34.3,87.95,7.57878,-13.78258,1.50066,0.00019,0.31582
8357.86,BTC-27DEC19,1569927541291,open,0.77,0.0,0.752,0.7715,0.761725,126.66,None,0.0,BTC-27DEC19-2000-C,8323.83,0.0,0.02,2.3,0.9355,0.5,500.0,0.52119,-0.37992,4.65338,0.0,0.99565
8326.7,SYN.BTC-11OCT19,1569927541290,open,0.35,0.0,0.3265,0.358,0.34103064,127.84,None,0.0,BTC-11OCT19-5500-C,8323.83,0.0,0.0,0.0,0.0,0.0,0.0,0.63162,-4.08814,1.44207,3e-05,0.98111
8357.86,BTC-27DEC19,1569927541291,open,0.0,395.0,0.0005,0.0145,0.00464304,116.32,0.006,0.0,BTC-27DEC19-3000-P,8323.83,110.68,0.0035,44.0,0.0055,61.0,120.04,1.83459,-1.22823,-0.45732,1e-05,-0.01835
8357.86,BTC-27DEC19,1569927541291,open,0.65,0.0,0.635,0.6585,0.64571795,116.41,None,0.0,BTC-27DEC19-3000-C,8323.83,0.0,0.007,2.2,0.9175,0.5,500.0,1.8388,-1.23194,6.68179,1e-05,0.9816
8357.86,BTC-27DEC19,1569927541291,open,0.02,545.3,0.006,0.0355,0.01831746,102.02,0.0225,0.0,BTC-27DEC19-4500-P,8323.83,99.92,0.017,34.0,0.019,24.0,103.08,5.33814,-3.13419,-1.71197,3e-05,-0.06774
8458.1,BTC-27MAR20,1569927541291,open,2.98,0.0,2.9445,3.135,3.03420401,103.68,None,0.0,BTC-27MAR20-34000-P,8323.83,0.0,0.0045,1.0,0.0,0.0,0.0,6.97329,-2.03228,-163.83943,2e-05,-0.94066
8357.86,BTC-27DEC19,1569927541291,open,0.01,642.0,0.0005,0.0155,0.004889,101.56,0.004,0.0,BTC-27DEC19-24000-C,8323.83,98.7,0.004,50.9,0.006,47.0,104.69,2.77172,-1.62004,0.49883,2e-05,0.02996
8357.86,BTC-27DEC19,1569927541291,open,0.01,483.7,0.003,0.032,0.01342938,94.78,0.012,0.0,BTC-27DEC19-18000-C,8323.83,93.43,0.0125,50.0,0.015,46.0,96.95,5.86859,-3.20117,1.2577,4e-05,0.07665
8357.86,BTC-27DEC19,1569927541292,open,0.03,607.8,0.008,0.052,0.02637079,91.67,0.027,0.0,BTC-27DEC19-15000-C,8323.83,90.39,0.025,31.0,0.0285,44.0,93.6,9.03827,-4.76843,2.24358,6e-05,0.13915
8357.86,BTC-27DEC19,1569927541292,open,0.0,241.9,0.0005,0.0105,0.00071092,145.0,0.001,0.0,BTC-27DEC19-1500-P,8323.83,139.15,0.0005,1.2,0.001,27.9,151.3,0.33947,-0.2833,-0.06789,0.0,-0.0027
8358.98,BTC-27DEC19,1569927541292,open,0.59,4.0,0.575,0.605,0.58900548,110.79,0.666,0.0,BTC-27DEC19-3500-C,8323.83,0.0,0.021,1.1,0.945,1.0,500.0,2.77436,-1.76907,7.58026,2e-05,0.97001
8358.98,BTC-27DEC19,1569927541292,open,4.66,0.0,4.631,4.8645,4.74409352,134.29,None,0.0,BTC-27DEC19-48000-P,8323.83,0.0,0.0005,2.0,0.0,0.0,0.0,1.05211,-0.81316,-114.09094,0.0,-0.99037
8358.98,BTC-27DEC19,1569927541292,open,0.0,334.4,0.0005,0.0105,0.00097599,126.58,0.0005,0.0,BTC-27DEC19-48000-C,8323.83,0.0,0.0,0.0,0.002,20.0,136.06,0.67704,-0.49322,0.09679,0.0,0.00584
8346.52,SYN.BTC-29NOV19,1569927541290,open,0.08,9.2,0.041,0.1105,0.07563007,88.7,0.0775,0.0,BTC-29NOV19-10000-C,8323.83,85.64,0.071,8.0,0.076,15.0,88.94,12.66775,-9.54234,3.97649,0.00013,0.37099
8358.98,BTC-27DEC19,1569927541292,open,0.04,586.1,0.012,0.063,0.03405584,90.82,0.0355,0.0,BTC-27DEC19-14000-C,8323.83,89.56,0.0325,19.3,0.036,39.3,92.36,10.43487,-5.45406,2.76394,7e-05,0.17298
8458.1,BTC-27MAR20,1569927541292,open,0.02,102.7,0.0045,0.043,0.01817287,100.89,0.0185,0.0,BTC-27MAR20-30000-C,8323.83,99.67,0.017,6.0,0.018,0.5,100.72,8.28769,-2.35044,2.30824,2e-05,0.07417
8358.98,BTC-27DEC19,1569927541292,open,2.31,0.1,2.285,2.428,2.35307966,107.59,1.49,0.0,BTC-27DEC19-28000-P,8323.83,0.0,0.0,0.0,0.0,0.0,0.0,2.02795,-1.25569,-66.30114,1e-05,-0.97936
8358.98,BTC-27DEC19,1569927541292,open,2.54,0.2,2.5195,2.6695,2.59127188,107.31,2.03,0.0,BTC-27DEC19-30000-P,8323.83,0.0,0.0,0.0,0.0,0.0,0.0,1.51442,-0.93531,-71.15907,1e-05,-0.98534
8358.98,BTC-27DEC19,1569927541292,open,1.37,4.6,1.3485,1.4635,1.40237035,98.05,1.466,0.0,BTC-27DEC19-20000-P,8323.83,0.0,0.0055,5.0,2.0615,0.2,500.0,4.63644,-2.61648,-46.67189,3e-05,-0.94346
8346.52,SYN.BTC-29NOV19,1569927541290,open,0.24,0.0,0.1925,0.2645,0.23004543,91.89,None,0.0,BTC-29NOV19-7000-C,8323.83,0.0,0.0,0.0,0.0,0.0,0.0,10.74704,-8.38653,6.94337,0.0001,0.74577
8326.7,SYN.BTC-11OCT19,1569927541290,open,0.18,0.0,0.146,0.1965,0.1709954,101.12,None,0.0,BTC-11OCT19-7000-C,8323.83,0.0,0.156,4.0,0.1915,4.0,150.37,2.8968,-14.8309,1.5749,0.00015,0.87004
8358.98,BTC-27DEC19,1569927541293,open,0.0,227.3,0.0005,0.0125,0.00251792,122.32,0.006,0.0,BTC-27DEC19-2500-P,8323.83,113.29,0.0015,49.0,0.003,20.0,125.79,1.10054,-0.77481,-0.25192,1e-05,-0.01014
8346.52,SYN.BTC-29NOV19,1569927541290,open,0.04,25.1,0.0125,0.061,0.03398009,88.71,0.0355,0.0,BTC-29NOV19-12000-C,8323.83,86.94,0.032,27.3,0.0365,24.0,90.93,9.39106,-7.07524,2.23814,9e-05,0.20022
8323.87,SYN.BTC-4OCT19,1569927541290,open,0.0,65.5,0.0005,0.0105,0.00021226,139.96,0.0005,0.0,BTC-4OCT19-11500-C,8323.83,0.0,0.0,0.0,0.0005,0.1,154.58,0.11721,-1.76684,0.0035,2e-05,0.00555
8332.37,SYN.BTC-25OCT19,1569927541290,open,0.3,16.3,0.27,0.316,0.29255635,106.26,0.27,0.0,BTC-25OCT19-6000-C,8323.83,0.0,0.277,8.0,0.31,8.0,141.43,3.44465,-7.66533,3.36839,7e-05,0.91056
8326.7,SYN.BTC-11OCT19,1569927541290,open,0.02,128.2,0.002,0.032,0.01373132,84.77,0.0135,0.0,BTC-11OCT19-9500-C,8323.83,81.97,0.0125,24.0,0.015,24.0,87.56,3.72385,-15.98155,0.39845,0.00023,0.19059
8346.52,SYN.BTC-29NOV19,1569927541290,open,0.32,0.0,0.2865,0.3465,0.31708698,96.85,None,0.0,BTC-29NOV19-6000-C,8323.83,0.0,0.055,0.1,0.0,0.0,0.0,7.76202,-6.38428,7.19554,7e-05,0.85155
8323.87,SYN.BTC-4OCT19,1569927541291,open,0.0,307.0,0.0005,0.0115,0.00181373,135.96,0.0015,0.0,BTC-4OCT19-6750-P,8323.83,131.26,0.0015,2.5,0.002,31.5,138.53,0.5864,-13.86186,-0.0249,8e-05,-0.03616
8358.98,BTC-27DEC19,1569927541295,open,0.0,315.6,0.0005,0.0115,0.00172051,107.94,0.003,0.0,BTC-27DEC19-32000-C,8323.83,101.86,0.001,24.0,0.0025,37.0,112.69,1.19313,-0.74119,0.1872,1e-05,0.01113
8332.37,SYN.BTC-25OCT19,1569927541291,open,0.0,418.6,0.0005,0.0125,0.0026648,100.46,0.0035,0.0,BTC-25OCT19-14000-C,8323.83,96.2,0.002,48.0,0.0035,44.0,104.94,1.42186,-2.99124,0.14517,3e-05,0.0293
8332.37,SYN.BTC-25OCT19,1569927541291,open,0.22,329.2,0.1915,0.2655,0.22818323,86.82,0.26,0.0,BTC-25OCT19-10000-P,8323.83,0.0,0.1955,5.0,0.234,5.1,93.98,6.6051,-12.00965,-5.3932,0.00017,-0.76132
8323.87,SYN.BTC-4OCT19,1569927541292,open,0.16,3.2,0.1485,0.1985,0.17219001,91.53,0.15,0.0,BTC-4OCT19-9750-P,8323.83,0.0,0.1655,4.6,0.1795,0.6,149.43,0.47948,-7.63088,-0.75014,0.0001,-0.97166
8323.87,SYN.BTC-4OCT19,1569927541290,open,0.0,420.5,0.0005,0.0105,0.00080012,102.32,0.001,0.0,BTC-4OCT19-10000-C,8323.83,95.45,0.0005,10.1,0.0015,49.5,113.59,0.4195,-6.66011,0.01531,8e-05,0.02415
8323.87,SYN.BTC-4OCT19,1569927541290,open,0.0,153.5,0.0005,0.0105,0.00024714,125.09,0.0005,0.0,BTC-4OCT19-11000-C,8323.83,0.0,0.0,0.0,0.001,40.5,149.88,0.14472,-2.05718,0.00446,2e-05,0.00704
8323.87,SYN.BTC-4OCT19,1569927541291,open,0.05,17.5,0.0355,0.0905,0.06293912,84.88,0.0485,0.0,BTC-4OCT19-8750-P,8323.83,78.09,0.061,0.7,0.0625,0.1,83.36,2.42454,-35.78033,-0.52265,0.00052,-0.73402
8346.52,SYN.BTC-29NOV19,1569927541290,open,0.06,93.3,0.0375,0.1015,0.06867166,91.85,0.063,0.0,BTC-29NOV19-7000-P,8323.83,89.77,0.066,27.3,0.0705,22.0,93.27,10.74623,-8.38262,-4.34674,0.0001,-0.25419
8323.87,SYN.BTC-4OCT19,1569927541290,open,0.03,188.7,0.003,0.0435,0.02102449,85.09,0.0225,0.0,BTC-4OCT19-8500-C,8323.83,77.73,0.0185,18.0,0.0215,1.4,86.47,2.86423,-42.37502,0.25206,0.00062,0.40537
8323.87,SYN.BTC-4OCT19,1569927541291,open,0.06,217.9,0.0275,0.08,0.05464784,90.58,0.057,0.0,BTC-4OCT19-8000-C,8323.83,81.84,0.052,6.6,0.055,0.1,91.72,2.55611,-40.25521,0.42537,0.00052,0.70327
8323.87,SYN.BTC-4OCT19,1569927541291,open,0.0,526.8,0.0005,0.011,0.00102195,141.51,0.0015,0.0,BTC-4OCT19-6500-P,8323.83,127.19,0.0005,22.0,0.0015,30.6,150.92,0.3741,-8.50661,-0.0145,5e-05,-0.02108
8332.37,SYN.BTC-25OCT19,1569927541291,open,0.25,0.0,0.2135,0.266,0.23973356,100.08,None,0.0,BTC-25OCT19-6500-C,8323.83,58.2,0.2225,8.0,0.2605,8.0,133.21,4.65161,-9.74887,3.40225,0.0001,0.86395
8323.87,SYN.BTC-4OCT19,1569927541291,open,0.0,253.1,0.0005,0.0145,0.00306115,85.95,0.005,0.0,BTC-4OCT19-9250-C,8323.83,81.85,0.0025,30.0,0.0035,0.5,88.92,1.19358,-17.83772,0.0566,0.00025,0.08937
8323.87,SYN.BTC-4OCT19,1569927541290,open,0.1,3.5,0.09,0.1415,0.11426127,85.52,0.1005,0.0,BTC-4OCT19-9250-P,8323.83,79.78,0.1135,0.1,0.117,0.1,101.97,1.18214,-17.5782,-0.67288,0.00025,-0.91178
8323.87,SYN.BTC-4OCT19,1569927541290,open,0.23,0.0,0.2035,0.2395,0.22017863,142.46,None,0.0,BTC-4OCT19-6500-C,8323.83,0.0,0.0,0.0,0.0,0.0,0.0,0.38383,-9.50731,0.49716,5e-05,0.97827
8323.87,SYN.BTC-4OCT19,1569927541290,open,0.2,0.0,0.173,0.212,0.19093797,136.59,0.1465,0.0,BTC-4OCT19-6750-C,8323.83,0.0,0.0,0.0,0.0,0.0,0.0,0.5946,-14.1212,0.50647,8e-05,0.96322
8323.87,SYN.BTC-4OCT19,1569927541292,open,0.14,10.8,0.1115,0.1555,0.1325944,112.82,0.13,0.0,BTC-4OCT19-7250-C,8323.83,0.0,0.121,6.0,0.1495,6.0,199.34,1.06123,-20.81773,0.51871,0.00017,0.92355
8326.7,SYN.BTC-11OCT19,1569927541290,open,0.14,0.0,0.124,0.1865,0.15463917,84.77,None,0.0,BTC-11OCT19-9500-P,8323.83,0.0,0.0005,2.0,0.0,0.0,0.0,3.72388,-15.98178,-2.17193,0.00023,-0.80941
8346.52,SYN.BTC-29NOV19,1569927541290,open,0.35,0.0,0.3215,0.4165,0.36873886,88.64,None,0.0,BTC-29NOV19-11000-P,8323.83,0.0,0.0005,2.0,0.0,0.0,0.0,11.18784,-8.42226,-14.72352,0.00011,-0.72487
8323.87,SYN.BTC-4OCT19,1569927541291,open,0.01,244.6,0.0015,0.037,0.01568578,90.4,0.016,0.0,BTC-4OCT19-8000-P,8323.83,84.87,0.014,25.0,0.0165,2.0,93.05,2.55493,-40.15971,-0.20469,0.00052,-0.29643
8323.87,SYN.BTC-4OCT19,1569927541291,open,0.0,120.2,0.0005,0.0105,0.0008602,91.53,0.0015,0.0,BTC-4OCT19-9750-C,8323.83,84.19,0.0005,42.5,0.0015,1.5,100.82,0.47945,-7.16017,0.01802,0.0001,0.02834
8326.7,SYN.BTC-11OCT19,1569927541290,open,0.19,0.0,0.179,0.24,0.20822337,86.45,None,0.0,BTC-11OCT19-10000-P,8323.83,0.0,0.0005,2.0,0.0,0.0,0.0,2.60657,-11.40822,-2.47003,0.00016,-0.88814
8332.37,SYN.BTC-25OCT19,1569927541290,open,0.0,374.3,0.0005,0.014,0.00407621,95.38,0.0045,0.0,BTC-25OCT19-13000-C,8323.83,92.87,0.0035,39.0,0.005,44.0,99.0,1.99923,-3.99319,0.21993,5e-05,0.04443
8332.37,SYN.BTC-25OCT19,1569927541290,open,0.0,626.4,0.0005,0.011,0.00123973,108.93,0.0015,0.0,BTC-25OCT19-16000-C,8323.83,98.0,0.0005,64.0,0.002,61.0,116.03,0.75176,-1.71493,0.06853,2e-05,0.01381
8346.52,SYN.BTC-29NOV19,1569927541290,open,0.26,0.0,0.226,0.3205,0.27366753,88.66,None,0.0,BTC-29NOV19-10000-P,8323.83,0.0,0.0005,13.0,0.0,0.0,0.0,12.66635,-9.5366,-12.15466,0.00013,-0.62914
8332.37,SYN.BTC-25OCT19,1569927541290,open,0.03,1129.2,0.0115,0.0545,0.03099075,95.3,0.03,0.0,BTC-25OCT19-7000-P,8323.83,93.21,0.0295,19.3,0.0325,33.3,97.38,5.99068,-11.95548,-1.26646,0.00014,-0.20137
8323.87,SYN.BTC-4OCT19,1569927541290,open,0.01,158.8,0.0005,0.027,0.00911633,95.53,0.009,0.0,BTC-4OCT19-7750-P,8323.83,90.78,0.008,24.4,0.01,0.4,99.18,1.99275,-33.10061,-0.12935,0.00038,-0.18813
8326.7,SYN.BTC-11OCT19,1569927541290,open,0.24,0.2,0.205,0.2485,0.22571224,110.33,0.17,0.0,BTC-11OCT19-6500-C,8323.83,0.0,0.2125,4.0,0.243,4.0,165.58,1.89465,-10.58323,1.58047,9e-05,0.92723
8323.87,SYN.BTC-4OCT19,1569927541291,open,0.0,496.7,0.0005,0.013,0.00241761,123.2,0.002,0.0,BTC-4OCT19-7000-P,8323.83,118.46,0.002,10.0,0.0025,0.1,124.08,0.7698,-16.4901,-0.0348,0.00011,-0.05064
8346.52,SYN.BTC-29NOV19,1569927541290,open,0.17,18.4,0.1195,0.197,0.16017302,88.71,0.1645,0.0,BTC-29NOV19-8000-C,8323.83,86.31,0.1565,8.0,0.1645,29.0,91.53,12.79567,-9.63931,6.14802,0.00013,0.61683
8323.87,SYN.BTC-4OCT19,1569927541291,open,0.29,0.0,0.2645,0.295,0.27937251,145.0,None,0.0,BTC-4OCT19-6000-C,8323.83,0.0,0.01,20.0,0.0,0.0,0.0,0.09829,-2.47785,0.46961,1e-05,0.99545
8323.87,SYN.BTC-4OCT19,1569927541291,open,0.02,208.6,0.0005,0.031,0.01180387,85.08,0.0125,0.0,BTC-4OCT19-8750-C,8323.83,78.78,0.01,24.0,0.012,0.4,85.75,2.42703,-35.90115,0.16704,0.00052,0.26652
8323.87,SYN.BTC-4OCT19,1569927541291,open,0.0,456.4,0.0005,0.021,0.00573692,104.37,0.005,0.0,BTC-4OCT19-7500-P,8323.83,97.1,0.0045,32.5,0.006,9.6,105.83,1.48424,-26.93389,-0.08293,0.00026,-0.12072
8323.87,SYN.BTC-4OCT19,1569927541291,open,0.17,27.0,0.142,0.1835,0.16150942,123.7,0.1785,0.0,BTC-4OCT19-7000-C,8323.83,0.0,0.1505,6.0,0.1785,6.0,224.97,0.77762,-16.72522,0.51625,0.00012,0.94871
8326.7,SYN.BTC-11OCT19,1569927541291,open,0.0,11.9,0.0005,0.0115,0.00192908,89.66,0.003,0.0,BTC-11OCT19-11000-C,8323.83,86.0,0.0015,30.0,0.0025,0.7,93.82,1.0539,-4.7839,0.0741,6e-05,0.03482
181.25,ETH-27MAR20,1569927541310,open,0.6,19.0,0.565,0.62,0.593942,109.56,0.542,0.0,ETH-27MAR20-80-C,179.13,90.11,0.577,33.0,0.611,33.0,126.04,0.17597,-0.05419,0.29393,0.001,0.92671
8358.98,BTC-27DEC19,1569927541317,open,2.78,0.3,2.754,2.9135,2.83046502,111.28,1.875,0.0,BTC-27DEC19-32000-P,8323.83,0.0,0.002,1.0,0.0,0.0,0.0,1.4429,-0.92412,-75.93391,1e-05,-0.98614
8358.98,BTC-27DEC19,1569927541325,open,3.72,0.0,3.6925,3.888,3.7869058,121.73,2.58,0.0,BTC-27DEC19-40000-P,8323.83,0.0,0.001,2.0,0.0,0.0,0.0,1.05507,-0.7392,-95.04643,1e-05,-0.99033
8332.37,SYN.BTC-25OCT19,1569927541327,open,0.12,188.1,0.0765,0.141,0.11013594,88.97,0.12,0.0,BTC-25OCT19-8000-C,8323.83,84.74,0.106,14.4,0.112,23.4,90.88,8.14538,-15.17717,2.75233,0.0002,0.61511
8358.98,BTC-27DEC19,1569927541334,open,0.08,764.8,0.0415,0.1165,0.07832735,88.81,0.079,0.0,BTC-27DEC19-11000-C,8323.83,87.22,0.0755,21.8,0.0805,8.0,90.03,14.9142,-7.62319,5.17284,0.0001,0.33833
8357.86,BTC-27DEC19,1569927541336,open,0.48,74.2,0.441,0.5485,0.49399344,89.04,0.496,0.0,BTC-27DEC19-12000-P,8323.83,85.58,0.4885,4.5,0.4975,2.0,91.2,13.46013,-6.89758,-24.36644,9e-05,-0.73088
8358.98,BTC-27DEC19,1569927541339,open,1.84,0.0,1.816,1.944,1.87644639,102.7,None,0.0,BTC-27DEC19-24000-P,8323.83,0.0,0.0075,1.0,2.5145,0.2,500.0,2.91466,-1.72283,-56.59544,2e-05,-0.96816
8357.86,BTC-27DEC19,1569927541344,open,0.3,63.0,0.254,0.328,0.2922639,91.8,0.345,0.0,BTC-27DEC19-6500-C,8323.83,90.21,0.29,2.0,0.299,2.0,96.48,11.95102,-6.31415,9.77916,8e-05,0.78385
8332.37,SYN.BTC-25OCT19,1569927541346,open,0.16,26.5,0.1145,0.1775,0.14736348,91.69,0.126,0.0,BTC-25OCT19-7500-C,8323.83,86.07,0.1425,4.9,0.149,8.0,93.57,7.24333,-13.90902,3.09012,0.00017,0.71431
8358.98,BTC-27DEC19,1569927541400,open,4.19,0.0,4.1615,4.375,4.26509804,124.78,3.46,0.0,BTC-27DEC19-44000-P,8323.83,0.0,0.001,2.0,0.0,0.0,0.0,0.86238,-0.61934,-104.59989,0.0,-0.99232
8358.98,BTC-27DEC19,1569927541407,open,5.14,0.8,5.1,5.3515,5.2223608,137.03,3.59,0.0,BTC-27DEC19-52000-P,8323.83,0.0,0.001,2.0,0.0,0.0,0.0,0.91317,-0.72016,-123.635,0.0,-0.9918
179.27,SYN.ETH-25OCT19,1569927541408,open,0.05,1972.0,0.025,0.086,0.054508,103.05,0.052,0.0,ETH-25OCT19-160-P,179.13,97.87,0.05,320.0,0.058,96.0,107.07,0.15608,-0.33684,-0.04,0.0072,-0.28662
179.47,SYN.ETH-29NOV19,1569927541412,open,0.13,1.0,0.075,0.161,0.1207,102.3,0.127,0.0,ETH-29NOV19-200-C,179.13,98.09,0.114,220.0,0.127,422.0,106.22,0.28706,-0.24939,0.10307,0.0054,0.47677
179.26,SYN.ETH-25OCT19,1569927541413,open,0.07,1432.0,0.028,0.091,0.059539,100.11,0.057,0.0,ETH-25OCT19-200-C,179.13,94.39,0.054,312.0,0.062,240.0,102.61,0.17488,-0.36666,0.03784,0.00831,0.38228
8358.98,BTC-27DEC19,1569927541502,open,0.3,63.0,0.254,0.328,0.2922639,91.75,0.345,0.0,BTC-27DEC19-6500-C,8323.83,90.17,0.29,2.0,0.2995,2.0,96.78,11.94822,-6.3095,9.7832,8e-05,0.78399
8357.86,BTC-27DEC19,1569927541504,open,0.48,74.2,0.441,0.5485,0.49399344,89.04,0.496,0.0,BTC-27DEC19-12000-P,8323.83,85.58,0.4885,2.5,0.4975,2.0,91.2,13.46013,-6.89758,-24.36644,9e-05,-0.73088
8358.98,BTC-27DEC19,1569927541506,open,0.38,261.6,0.3405,0.448,0.39444414,88.9,0.478,0.0,BTC-27DEC19-11000-P,8323.83,85.27,0.388,2.5,0.397,2.0,90.33,14.91975,-7.63406,-21.00568,0.0001,-0.66135
8323.87,SYN.BTC-4OCT19,1569927541518,open,0.08,95.9,0.061,0.115,0.08729,84.79,0.081,0.0,BTC-4OCT19-9000-P,8323.83,78.52,0.086,0.1,0.0895,0.7,94.52,1.78767,-26.35444,-0.60901,0.00039,-0.84136
8323.87,SYN.BTC-4OCT19,1569927541520,open,0.08,95.9,0.061,0.115,0.08729,84.79,0.081,0.0,BTC-4OCT19-9000-P,8323.83,78.52,0.086,0.7,0.0895,0.7,94.52,1.78767,-26.35444,-0.60901,0.00039,-0.84136
8357.86,BTC-27DEC19,1569927541521,open,0.11,229.1,0.076,0.158,0.1172943,89.35,0.1135,0.0,BTC-27DEC19-7500-P,8323.83,87.75,0.1145,21.8,0.1195,12.0,90.61,14.59056,-7.50271,-8.70834,0.0001,-0.32046
8323.87,SYN.BTC-4OCT19,1569927541523,open,0.13,100.2,0.119,0.17,0.14299118,89.52,0.12,0.0,BTC-4OCT19-9500-P,8323.83,63.96,0.1415,0.6,0.148,0.6,124.68,0.78893,-12.27941,-0.71533,0.00016,-0.94777
8323.87,SYN.BTC-4OCT19,1569927541532,open,0.13,100.2,0.119,0.17,0.14299118,89.52,0.12,0.0,BTC-4OCT19-9500-P,8323.83,76.4,0.142,0.6,0.148,0.6,124.68,0.78893,-12.27941,-0.71533,0.00016,-0.94777
8459.22,BTC-27MAR20,1569927541534,open,2.98,0.0,2.9445,3.135,3.03420401,104.31,None,0.0,BTC-27MAR20-34000-P,8323.83,0.0,0.0045,1.0,0.0,0.0,0.0,7.12775,-2.08994,-163.79212,2e-05,-0.93898
8323.87,SYN.BTC-4OCT19,1569927541534,open,0.19,76.6,0.178,0.2295,0.20209754,100.96,0.245,0.0,BTC-4OCT19-10000-P,8323.83,0.0,0.1955,4.0,0.2085,0.6,159.62,0.39703,-6.9696,-0.77351,7e-05,-0.97738
8332.37,SYN.BTC-25OCT19,1569927541544,open,0.16,26.5,0.1145,0.1775,0.14736348,91.69,0.126,0.0,BTC-25OCT19-7500-C,8323.83,86.65,0.143,4.9,0.149,8.0,93.57,7.24333,-13.90902,3.09012,0.00017,0.71431
8358.98,BTC-27DEC19,1569927541563,open,0.34,123.1,0.299,0.3655,0.3331564,92.67,0.2965,0.0,BTC-27DEC19-6000-C,8323.83,92.13,0.3325,2.0,0.341,11.0,98.96,10.26762,-5.47622,9.91161,7e-05,0.83134
8358.98,BTC-27DEC19,1569927541565,open,0.29,499.5,0.2485,0.354,0.3022419,88.89,0.3,0.0,BTC-27DEC19-10000-P,8323.83,85.35,0.2955,11.5,0.304,2.0,89.81,15.95803,-8.16367,-17.51104,0.00011,-0.5779
8326.7,SYN.BTC-11OCT19,1569927541572,open,0.13,1.8,0.092,0.1485,0.12118743,94.24,0.1125,0.0,BTC-11OCT19-7500-C,8323.83,84.51,0.1165,6.0,0.124,4.0,99.85,4.11816,-19.64879,1.47073,0.00023,0.77399
8358.98,BTC-27DEC19,1569927541588,open,0.26,56.9,0.2125,0.292,0.25413295,90.37,0.2705,0.0,BTC-27DEC19-7000-C,8323.83,89.03,0.252,2.0,0.2595,30.8,93.71,13.40037,-6.96934,9.53373,9e-05,0.73332
8332.37,SYN.BTC-25OCT19,1569927541596,open,0.16,26.5,0.1145,0.1775,0.14736348,91.69,0.126,0.0,BTC-25OCT19-7500-C,8323.83,86.65,0.143,4.9,0.1495,8.0,94.15,7.24333,-13.90902,3.09012,0.00017,0.71431
8332.37,SYN.BTC-25OCT19,1569927541598,open,0.16,26.5,0.1145,0.1775,0.14736348,91.69,0.126,0.0,BTC-25OCT19-7500-C,8323.83,86.65,0.143,4.9,0.1495,20.7,94.15,7.24333,-13.90902,3.09012,0.00017,0.71431
181.24,ETH-27MAR20,1569927541612,open,1.26,3.0,1.187,1.39,1.287799,107.86,1.39,0.0,ETH-27MAR20-400-P,179.13,74.48,1.228,6.0,1.325,6.0,123.7,0.40195,-0.12187,-1.79987,0.00233,-0.75013
8358.98,BTC-27DEC19,1569927541630,open,0.21,639.0,0.168,0.268,0.21905058,88.85,0.225,0.0,BTC-27DEC19-9000-P,8323.83,86.0,0.2135,11.5,0.2215,2.0,90.11,16.25178,-8.31066,-13.93877,0.00011,-0.48154
8358.98,BTC-27DEC19,1569927541632,open,0.23,126.6,0.1765,0.2595,0.21993219,89.31,0.207,0.0,BTC-27DEC19-7500-C,8323.83,87.92,0.2175,2.0,0.2245,41.0,91.93,14.59033,-7.49948,9.1464,0.0001,0.67965
8358.98,BTC-27DEC19,1569927541645,open,0.3,63.0,0.254,0.328,0.2922639,91.75,0.345,0.0,BTC-27DEC19-6500-C,8323.83,90.52,0.2905,2.0,0.2995,2.0,96.78,11.94822,-6.3095,9.7832,8e-05,0.78399
8323.87,SYN.BTC-4OCT19,1569927541649,open,0.09,78.6,0.0525,0.103,0.07809992,95.7,0.085,0.0,BTC-4OCT19-7750-C,8323.83,84.33,0.0755,6.1,0.079,0.1,99.41,1.99525,-33.20073,0.48096,0.00038,0.81149
8323.87,SYN.BTC-4OCT19,1569927541651,open,0.06,217.9,0.0275,0.08,0.05464784,90.58,0.057,0.0,BTC-4OCT19-8000-C,8323.83,81.84,0.052,6.6,0.0555,0.7,93.34,2.55611,-40.25521,0.42537,0.00052,0.70327
179.27,SYN.ETH-25OCT19,1569927541691,open,0.05,1972.0,0.025,0.086,0.054508,103.05,0.052,0.0,ETH-25OCT19-160-P,179.13,97.87,0.05,320.0,0.058,376.0,107.07,0.15608,-0.33684,-0.04,0.0072,-0.28662
8323.87,SYN.BTC-4OCT19,1569927541697,open,0.19,76.6,0.178,0.2295,0.20209754,100.96,0.245,0.0,BTC-4OCT19-10000-P,8323.83,0.0,0.195,4.0,0.2085,0.6,159.62,0.39703,-6.9696,-0.77351,7e-05,-0.97738
179.26,SYN.ETH-25OCT19,1569927541718,open,0.1,530.0,0.063,0.144,0.104134,100.06,0.114,0.0,ETH-25OCT19-180-P,179.13,96.02,0.1,352.0,0.109,424.0,104.9,0.18177,-0.38089,-0.06561,0.00864,-0.45545
8357.86,BTC-27DEC19,1569927541726,open,0.48,74.2,0.441,0.5485,0.49399344,89.04,0.496,0.0,BTC-27DEC19-12000-P,8323.83,85.26,0.488,4.5,0.4975,2.0,91.2,13.46013,-6.89758,-24.36644,9e-05,-0.73088
179.27,SYN.ETH-25OCT19,1569927541743,open,0.05,1972.0,0.025,0.086,0.054508,103.05,0.052,0.0,ETH-25OCT19-160-P,179.13,97.87,0.05,320.0,0.058,600.0,107.07,0.15608,-0.33684,-0.04,0.0072,-0.28662
8323.87,SYN.BTC-4OCT19,1569927541780,open,0.19,76.6,0.178,0.2295,0.20216269,100.96,0.245,0.0,BTC-4OCT19-10000-P,8323.83,0.0,0.195,4.6,0.2085,0.6,159.62,0.39703,-6.9696,-0.77351,7e-05,-0.97738
8323.87,SYN.BTC-4OCT19,1569927541784,open,0.09,78.6,0.0525,0.103,0.07805934,95.7,0.085,0.0,BTC-4OCT19-7750-C,8323.83,84.33,0.0755,6.7,0.079,0.1,99.41,1.99525,-33.20073,0.48096,0.00038,0.81149
8323.87,SYN.BTC-4OCT19,1569927541785,open,0.03,188.7,0.003,0.0435,0.02100328,85.09,0.0225,0.0,BTC-4OCT19-8500-C,8323.83,77.73,0.0185,18.4,0.0215,1.4,86.47,2.86423,-42.37502,0.25206,0.00062,0.40537
8323.87,SYN.BTC-4OCT19,1569927541787,open,0.05,17.5,0.0355,0.0905,0.06298316,84.88,0.0485,0.0,BTC-4OCT19-8750-P,8323.83,78.09,0.061,0.6,0.0625,0.1,83.36,2.42454,-35.78033,-0.52265,0.00052,-0.73402
8323.87,SYN.BTC-4OCT19,1569927541788,open,0.08,95.9,0.0615,0.115,0.08734129,84.79,0.081,0.0,BTC-4OCT19-9000-P,8323.83,78.52,0.086,0.1,0.0895,0.7,94.52,1.78767,-26.35444,-0.60901,0.00039,-0.84136
8358.98,BTC-27DEC19,1569927541789,open,0.38,261.6,0.3405,0.448,0.39429903,88.9,0.478,0.0,BTC-27DEC19-11000-P,8323.83,84.98,0.3875,4.5,0.397,2.0,90.33,14.91975,-7.63406,-21.00568,0.0001,-0.66135
8323.87,SYN.BTC-4OCT19,1569927541789,open,0.12,20.5,0.0815,0.129,0.10472092,104.41,0.1035,0.0,BTC-4OCT19-7500-C,8323.83,83.34,0.1015,6.7,0.1055,0.1,108.67,1.48494,-26.95655,0.50791,0.00026,0.8792
8323.87,SYN.BTC-4OCT19,1569927541789,open,0.13,100.2,0.1195,0.17,0.14305145,89.52,0.12,0.0,BTC-4OCT19-9500-P,8323.83,63.96,0.1415,0.6,0.148,0.6,124.68,0.78893,-12.27941,-0.71533,0.00016,-0.94777
8323.87,SYN.BTC-4OCT19,1569927541791,open,0.1,3.5,0.09,0.1415,0.11431789,85.52,0.1005,0.0,BTC-4OCT19-9250-P,8323.83,75.45,0.113,0.1,0.117,0.1,101.97,1.18214,-17.5782,-0.67288,0.00025,-0.91178
8358.98,BTC-27DEC19,1569927541868,open,0.14,564.4,0.102,0.191,0.14718541,88.84,0.15,0.0,BTC-27DEC19-8000-P,8323.83,86.81,0.1435,30.8,0.15,11.0,90.32,15.46711,-7.90845,-10.39559,0.0001,-0.37525
181.23,ETH-27MAR20,1569927541879,open,0.86,7.0,0.791,0.976,0.884929,105.67,0.945,0.0,ETH-27MAR20-320-P,179.14,86.83,0.839,9.0,0.924,9.0,120.48,0.46556,-0.13828,-1.36105,0.00275,-0.65613
179.61,ETH-27DEC19,1569927541879,open,0.48,0.0,0.444,0.504,0.475472,116.19,None,0.0,ETH-27DEC19-100-C,179.14,0.0,0.0,0.0,0.0,0.0,0.0,0.14695,-0.09827,0.18405,0.00165,0.906
179.61,ETH-27DEC19,1569927541879,open,0.8,101.0,0.752,0.903,0.826504,106.03,0.513,0.0,ETH-27DEC19-320-P,179.14,0.0,0.006,5.0,0.0,0.0,0.0,0.24198,-0.14767,-0.69725,0.00297,-0.80449
179.61,ETH-27DEC19,1569927541879,open,2.52,0.0,2.461,2.682,2.566545,111.44,None,0.0,ETH-27DEC19-640-P,179.14,0.0,0.0,0.0,0.0,0.0,0.0,0.04144,-0.02658,-1.51638,0.00048,-0.98055
179.61,ETH-27DEC19,1569927541879,open,0.32,5.0,0.267,0.355,0.314719,107.91,0.307,0.0,ETH-27DEC19-140-C,179.14,0.0,0.0,0.0,0.341,4.0,125.45,0.26654,-0.16554,0.19432,0.00322,0.76928
179.61,ETH-27DEC19,1569927541880,open,0.05,1425.0,0.017,0.077,0.044866,106.03,0.033,0.0,ETH-27DEC19-320-C,179.14,103.88,0.042,320.0,0.048,605.0,108.33,0.24198,-0.14767,0.0644,0.00297,0.19551
181.23,ETH-27MAR20,1569927541879,open,1.06,6.0,0.986,1.181,1.084078,106.92,1.165,0.0,ETH-27MAR20-360-P,179.14,85.42,1.037,7.0,1.122,7.0,122.07,0.43476,-0.13067,-1.58236,0.00254,-0.70757
179.61,ETH-27DEC19,1569927541880,open,0.03,3136.0,0.013,0.055,0.032234,116.19,0.027,0.0,ETH-27DEC19-100-P,179.14,112.17,0.029,480.0,0.035,499.0,119.52,0.14695,-0.09827,-0.05396,0.00165,-0.094
181.23,ETH-27MAR20,1569927541880,open,2.31,0.0,2.229,2.477,2.348538,112.76,None,0.0,ETH-27MAR20-600-P,179.14,0.0,0.02,10.0,0.0,0.0,0.0,0.26735,-0.08474,-2.84276,0.00148,-0.8702
179.61,ETH-27DEC19,1569927541880,open,0.01,15281.0,0.001,0.014,0.004473,111.44,0.005,0.0,ETH-27DEC19-600-C,179.14,105.72,0.003,120.0,0.005,3000.0,113.18,0.05258,-0.03372,0.00912,0.00061,0.0258
179.61,ETH-27DEC19,1569927541880,open,0.01,6842.0,0.001,0.017,0.006173,111.44,0.005,0.0,ETH-27DEC19-560-C,179.14,104.76,0.004,213.0,0.007,200.0,113.58,0.06677,-0.04282,0.01207,0.00078,0.03441
181.24,ETH-27MAR20,1569927541880,open,1.67,0.0,1.599,1.82,1.706989,110.38,None,0.0,ETH-27MAR20-480-P,179.14,0.0,0.003,10.0,0.0,0.0,0.0,0.34311,-0.10646,-2.22328,0.00194,-0.8102
179.15,SYN.ETH-4OCT19,1569927541879,open,0.01,304.0,0.001,0.04,0.015482,102.32,0.01,0.0,ETH-4OCT19-170-P,179.14,90.12,0.012,376.0,0.017,120.0,107.49,0.05227,-0.9299,-0.00398,0.0202,-0.26685
179.62,ETH-27DEC19,1569927541881,open,0.02,7937.0,0.004,0.034,0.015257,108.82,0.013,0.0,ETH-27DEC19-440-C,179.14,105.49,0.013,440.0,0.018,740.0,112.52,0.12719,-0.07966,0.02661,0.00152,0.0775
179.26,SYN.ETH-25OCT19,1569927541879,open,0.35,6.0,0.314,0.367,0.3409,117.55,0.36,0.0,ETH-25OCT19-120-C,179.14,0.0,0.0,0.0,0.0,0.0,0.0,0.0607,-0.14944,0.06923,0.00246,0.93126
179.62,ETH-27DEC19,1569927541881,open,0.4,2.0,0.349,0.424,0.389267,110.99,0.346,0.0,ETH-27DEC19-120-C,179.14,0.0,0.101,1.0,0.0,0.0,0.0,0.20872,-0.13333,0.19488,0.00245,0.8451
179.62,ETH-27DEC19,1569927541881,open,0.01,5495.0,0.001,0.026,0.010584,108.82,0.009,0.0,ETH-27DEC19-480-C,179.14,105.82,0.009,120.0,0.012,200.0,111.29,0.0994,-0.06226,0.01958,0.00119,0.05638
179.15,SYN.ETH-4OCT19,1569927541879,open,0.23,40.0,0.195,0.246,0.219936,149.13,0.136,0.0,ETH-4OCT19-140-C,179.14,0.0,0.0,0.0,0.0,0.0,0.0,0.00987,-0.25598,0.01063,0.00262,0.97313
179.62,ETH-27DEC19,1569927541881,open,0.0,12462.0,0.001,0.012,0.002959,114.25,0.005,0.0,ETH-27DEC19-680-C,179.14,101.15,0.001,1120.0,0.005,2819.0,122.28,0.03776,-0.02483,0.00619,0.00043,0.01744
179.62,ETH-27DEC19,1569927541881,open,1.43,0.0,1.384,1.554,1.465009,109.02,None,0.0,ETH-27DEC19-440-P,179.14,0.0,0.001,8.0,0.0,0.0,0.0,0.12781,-0.08019,-1.0205,0.00153,-0.92199
179.62,ETH-27DEC19,1569927541881,open,0.01,10816.0,0.001,0.022,0.008598,111.44,0.008,0.0,ETH-27DEC19-520-C,179.14,107.84,0.007,500.0,0.01,200.0,114.27,0.08478,-0.05437,0.01606,0.00099,0.04616
179.62,ETH-27DEC19,1569927541881,open,0.0,4118.0,0.001,0.011,0.001688,114.25,0.002,0.0,ETH-27DEC19-760-C,179.14,0.0,0.0,0.0,0.003,1203.0,122.05,0.0243,-0.01598,0.00375,0.00028,0.01046
179.62,ETH-27DEC19,1569927541881,open,1.65,21.0,1.598,1.776,1.683041,109.09,0.629,0.0,ETH-27DEC19-480-P,179.14,0.0,0.001,7.0,0.0,0.0,0.0,0.10022,-0.06293,-1.12271,0.0012,-0.94303
179.62,ETH-27DEC19,1569927541882,open,1.87,37.0,1.813,2.003,1.90376,111.78,0.707,0.0,ETH-27DEC19-520-P,179.14,0.0,0.002,25.0,0.0,0.0,0.0,0.08575,-0.05516,-1.22141,0.001,-0.95318
179.62,ETH-27DEC19,1569927541881,open,1.22,16.0,1.17,1.333,1.248499,108.1,1.195,0.0,ETH-27DEC19-400-P,179.14,0.0,0.001,8.0,0.0,0.0,0.0,0.15916,-0.09902,-0.91647,0.00192,-0.89516
179.62,ETH-27DEC19,1569927541882,open,0.0,4490.0,0.001,0.012,0.002227,114.25,0.001,0.0,ETH-27DEC19-720-C,179.14,104.77,0.001,1213.0,0.003,10.0,118.37,0.03026,-0.01989,0.00481,0.00034,0.01347
179.62,ETH-27DEC19,1569927541882,open,0.0,14460.0,0.001,0.013,0.003269,111.44,0.004,0.0,ETH-27DEC19-640-C,179.14,104.98,0.002,120.0,0.004,3810.0,114.39,0.04144,-0.02658,0.00692,0.00048,0.01945
179.15,SYN.ETH-4OCT19,1569927541881,open,0.12,589.0,0.081,0.143,0.113113,113.44,0.075,0.0,ETH-4OCT19-160-C,179.14,85.27,0.109,89.0,0.116,30.0,128.5,0.03189,-0.62903,0.01082,0.01112,0.87956
179.62,ETH-27DEC19,1569927541883,open,1.01,257.0,0.959,1.115,1.034968,107.04,0.7,0.0,ETH-27DEC19-360-P,179.14,0.0,0.01,2.0,0.0,0.0,0.0,0.19717,-0.12146,-0.80918,0.0024,-0.85775
179.46,SYN.ETH-29NOV19,1569927541879,open,0.05,40.0,0.02,0.081,0.04908,102.51,0.045,0.0,ETH-29NOV19-260-C,179.14,99.23,0.045,200.0,0.054,467.0,106.36,0.22589,-0.19665,0.05632,0.00424,0.24363
179.26,SYN.ETH-25OCT19,1569927541881,open,0.01,3750.0,0.001,0.024,0.010274,117.44,0.013,0.0,ETH-25OCT19-120-P,179.14,113.56,0.009,300.0,0.011,120.0,119.56,0.0606,-0.14905,-0.00925,0.00245,-0.06859
179.46,SYN.ETH-29NOV19,1569927541879,open,0.48,0.0,0.435,0.56,0.497828,102.45,None,0.0,ETH-29NOV19-260-P,179.14,0.0,0.0,0.0,0.0,0.0,0.0,0.22578,-0.19643,-0.36311,0.00424,-0.75659
179.18,SYN.ETH-11OCT19,1569927541879,open,0.34,0.0,0.31,0.358,0.333791,143.22,None,0.0,ETH-11OCT19-120-C,179.14,0.0,0.0,0.0,0.0,0.0,0.0,0.02246,-0.16283,0.03063,0.0018,0.9656
179.15,SYN.ETH-4OCT19,1569927541879,open,0.0,558.0,0.001,0.011,0.001108,95.89,0.002,0.0,ETH-4OCT19-210-C,179.14,0.0,0.0,0.0,0.002,150.0,106.94,0.01201,-0.19857,0.00046,0.00495,0.03404
179.26,SYN.ETH-25OCT19,1569927541880,open,0.25,12.0,0.209,0.275,0.243588,107.95,0.192,0.0,ETH-25OCT19-140-C,179.14,0.0,0.0,0.0,0.0,0.0,0.0,0.10723,-0.24241,0.07103,0.00473,0.8493
179.46,SYN.ETH-29NOV19,1569927541879,open,0.04,42.0,0.013,0.065,0.036883,103.16,0.035,0.0,ETH-29NOV19-280-C,179.14,99.56,0.033,200.0,0.041,482.0,106.83,0.19753,-0.17306,0.04522,0.00369,0.1931
179.15,SYN.ETH-4OCT19,1569927541880,open,0.11,187.0,0.085,0.158,0.120389,94.86,0.118,0.0,ETH-4OCT19-200-P,179.14,0.0,0.0,0.0,0.0,0.0,0.0,0.02847,-0.4696,-0.01436,0.01187,-0.8972
179.26,SYN.ETH-25OCT19,1569927541880,open,0.45,18.0,0.426,0.466,0.446271,131.18,0.411,0.0,ETH-25OCT19-100-C,179.14,0.0,0.0,0.0,0.0,0.0,0.0,0.02966,-0.08149,0.06162,0.00108,0.97177
179.26,SYN.ETH-25OCT19,1569927541879,open,0.02,2175.0,0.008,0.046,0.024525,107.88,0.02,0.0,ETH-25OCT19-140-P,179.14,103.58,0.022,382.0,0.026,96.0,110.32,0.10718,-0.24212,-0.02053,0.00473,-0.15058
179.15,SYN.ETH-4OCT19,1569927541881,open,0.01,781.0,0.001,0.018,0.004043,95.25,0.006,0.0,ETH-4OCT19-200-C,179.14,80.39,0.002,150.0,0.005,150.0,100.95,0.02867,-0.47484,0.00141,0.01191,0.10379
179.15,SYN.ETH-4OCT19,1569927541879,open,0.0,418.0,0.001,0.015,0.002875,130.48,0.005,0.0,ETH-4OCT19-150-P,179.14,106.31,0.001,153.0,0.004,150.0,140.8,0.01789,-0.40588,-0.00083,0.00542,-0.0558
179.18,SYN.ETH-11OCT19,1569927541880,open,0.0,150.0,0.001,0.013,0.003454,142.92,0.003,0.0,ETH-11OCT19-120-P,179.14,129.4,0.002,300.0,0.005,154.0,154.08,0.02232,-0.16151,-0.00182,0.0018,-0.03415
179.15,SYN.ETH-4OCT19,1569927541881,open,0.18,33.0,0.137,0.194,0.165615,130.95,0.11,0.0,ETH-4OCT19-150-C,179.14,0.0,0.0,0.0,0.0,0.0,0.0,0.01804,-0.41074,0.01098,0.00545,0.94361
179.46,SYN.ETH-29NOV19,1569927541879,open,0.58,0.0,0.534,0.662,0.597073,103.08,None,0.0,ETH-29NOV19-280-P,179.14,0.0,0.0,0.0,0.0,0.0,0.0,0.19736,-0.17278,-0.40648,0.00369,-0.80717
179.26,SYN.ETH-25OCT19,1569927541881,open,0.04,1057.0,0.012,0.06,0.033932,100.1,0.038,0.0,ETH-25OCT19-220-C,179.14,95.19,0.03,356.0,0.036,336.0,102.62,0.14595,-0.30593,0.02543,0.00694,0.25082
179.18,SYN.ETH-11OCT19,1569927541880,open,0.01,54.0,0.001,0.018,0.005443,100.9,0.007,0.0,ETH-11OCT19-230-C,179.14,82.64,0.002,450.0,0.006,150.0,103.17,0.04282,-0.21875,0.0035,0.00489,0.07761
179.18,SYN.ETH-11OCT19,1569927541880,open,0.01,17.0,0.001,0.018,0.005616,131.68,0.007,0.0,ETH-11OCT19-130-P,179.14,122.21,0.004,300.0,0.007,151.0,138.74,0.03323,-0.22156,-0.00298,0.00291,-0.05595
179.18,SYN.ETH-11OCT19,1569927541882,open,0.29,0.0,0.254,0.307,0.280148,131.9,None,0.0,ETH-11OCT19-130-C,179.14,0.0,0.0,0.0,0.0,0.0,0.0,0.03335,-0.22273,0.03217,0.00291,0.9438
179.15,SYN.ETH-4OCT19,1569927541881,open,0.28,0.0,0.252,0.297,0.274675,152.32,None,0.0,ETH-4OCT19-130-C,179.14,0.0,0.0,0.0,0.0,0.0,0.0,0.00324,-0.08573,0.01013,0.00084,0.99264
179.26,SYN.ETH-25OCT19,1569927541881,open,0.0,3917.0,0.001,0.014,0.004083,131.0,0.005,0.0,ETH-25OCT19-100-P,179.14,123.83,0.003,590.0,0.005,120.0,136.25,0.02953,-0.08102,-0.00377,0.00107,-0.02809
8324.99,SYN.BTC-4OCT19,1569927541888,open,0.13,100.2,0.119,0.1705,0.14305145,91.63,0.12,0.0,BTC-4OCT19-9500-P,8323.83,0.0,0.141,0.6,0.148,0.6,125.42,0.8425,-13.42231,-0.7125,0.00017,-0.94326
8358.98,BTC-27DEC19,1569927541895,open,0.14,564.4,0.102,0.191,0.14718541,88.84,0.15,0.0,BTC-27DEC19-8000-P,8323.83,86.81,0.1435,32.8,0.15,11.0,90.32,15.46711,-7.90845,-10.39559,0.0001,-0.37525
179.15,SYN.ETH-4OCT19,1569927541901,open,0.12,589.0,0.081,0.143,0.113113,113.44,0.075,0.0,ETH-4OCT19-160-C,179.14,85.27,0.109,39.0,0.116,30.0,128.5,0.03189,-0.62903,0.01082,0.01112,0.87956
8358.98,BTC-27DEC19,1569927541927,open,0.26,56.9,0.213,0.292,0.25419883,90.37,0.2705,0.0,BTC-27DEC19-7000-C,8323.83,89.03,0.252,4.5,0.2595,30.8,93.71,13.40037,-6.96934,9.53373,9e-05,0.73332
8323.87,SYN.BTC-4OCT19,1569927542031,open,0.12,20.5,0.0815,0.129,0.10472092,104.41,0.1035,0.0,BTC-4OCT19-7500-C,8323.83,83.34,0.1015,6.7,0.1055,0.7,108.67,1.48494,-26.95655,0.50791,0.00026,0.8792
8458.1,BTC-27MAR20,1569927542060,open,0.14,257.0,0.079,0.18,0.13011799,89.34,0.132,0.0,BTC-27MAR20-12000-C,8323.83,88.19,0.127,8.1,0.1345,10.0,90.97,22.83683,-5.73531,11.19434,7e-05,0.4017
8358.98,BTC-27DEC19,1569927542066,open,0.23,126.6,0.1765,0.2595,0.21999536,89.31,0.207,0.0,BTC-27DEC19-7500-C,8323.83,87.92,0.2175,4.5,0.2245,41.0,91.93,14.59033,-7.49948,9.1464,0.0001,0.67965
8323.87,SYN.BTC-4OCT19,1569927542101,open,0.02,109.2,0.005,0.05,0.02573948,85.03,0.0225,0.0,BTC-4OCT19-8250-P,8323.83,81.48,0.0245,18.6,0.028,1.0,91.49,2.91196,-43.05001,-0.30417,0.00063,-0.43807
8323.87,SYN.BTC-4OCT19,1569927542102,open,0.08,95.9,0.0615,0.115,0.08734129,84.79,0.081,0.0,BTC-4OCT19-9000-P,8323.83,75.92,0.0855,0.7,0.0895,0.7,94.52,1.78767,-26.35444,-0.60901,0.00039,-0.84136
8458.1,BTC-27MAR20,1569927542102,open,0.04,144.0,0.0115,0.0685,0.03501629,95.4,0.038,0.0,BTC-27MAR20-22000-C,8323.83,94.4,0.0335,6.0,0.036,0.2,96.05,12.83079,-3.44093,4.12831,4e-05,0.13517
8324.99,SYN.BTC-4OCT19,1569927542105,open,0.06,217.9,0.0275,0.08,0.05461186,90.17,0.057,0.0,BTC-4OCT19-8000-C,8323.83,81.54,0.052,6.7,0.0555,0.7,93.06,2.55139,-40.00245,0.42629,0.00052,0.70455
8326.7,SYN.BTC-11OCT19,1569927542104,open,0.1,0.0,0.0745,0.1385,0.10647837,83.79,None,0.0,BTC-11OCT19-9000-P,8323.83,78.68,0.1035,18.0,0.1115,18.0,92.39,4.83344,-20.50414,-1.79385,0.00031,-0.68979
8323.87,SYN.BTC-4OCT19,1569927542107,open,0.02,109.2,0.005,0.05,0.02573948,85.03,0.0225,0.0,BTC-4OCT19-8250-P,8323.83,81.48,0.0245,18.6,0.0275,0.4,90.06,2.91196,-43.05001,-0.30417,0.00063,-0.43807
8323.87,SYN.BTC-4OCT19,1569927542109,open,0.03,176.9,0.0155,0.069,0.04216252,85.03,0.04,0.0,BTC-4OCT19-8500-P,8323.83,78.72,0.04,1.0,0.041,1.0,81.64,2.86407,-42.34205,-0.41767,0.00062,-0.59472
8323.87,SYN.BTC-4OCT19,1569927542111,open,0.04,150.9,0.01,0.059,0.03461434,85.03,0.043,0.0,BTC-4OCT19-8250-C,8323.83,78.98,0.0325,19.0,0.036,1.0,88.99,2.91196,-43.04992,0.34581,0.00063,0.56193
8323.87,SYN.BTC-4OCT19,1569927542113,open,0.12,20.5,0.0815,0.129,0.10472092,104.41,0.1035,0.0,BTC-4OCT19-7500-C,8323.83,87.18,0.102,0.1,0.1055,0.7,108.67,1.48494,-26.95655,0.50791,0.00026,0.8792
8323.87,SYN.BTC-4OCT19,1569927542115,open,0.01,421.7,0.0005,0.0215,0.00611386,85.03,0.009,0.0,BTC-4OCT19-9000-C,8323.83,79.67,0.005,24.0,0.0065,0.5,86.8,1.79305,-26.5082,0.10051,0.00039,0.15937
8323.87,SYN.BTC-4OCT19,1569927542120,open,0.01,421.7,0.0005,0.0215,0.00611386,85.03,0.009,0.0,BTC-4OCT19-9000-C,8323.83,79.67,0.005,24.0,0.0065,0.4,86.8,1.79305,-26.5082,0.10051,0.00039,0.15937
8326.7,SYN.BTC-11OCT19,1569927542112,open,0.04,72.2,0.015,0.0665,0.0396909,88.93,0.038,0.0,BTC-11OCT19-8000-P,8323.83,84.61,0.037,24.0,0.042,6.0,92.7,5.1453,-23.16753,-0.91031,0.00031,-0.36439
8326.7,SYN.BTC-11OCT19,1569927542124,open,0.04,72.2,0.015,0.0665,0.0396909,88.93,0.038,0.0,BTC-11OCT19-8000-P,8323.83,84.61,0.037,24.0,0.042,21.0,92.7,5.1453,-23.16753,-0.91031,0.00031,-0.36439
8332.37,SYN.BTC-25OCT19,1569927542125,open,0.04,57.9,0.017,0.0665,0.04047508,86.84,0.0425,0.0,BTC-25OCT19-9500-C,8323.83,83.53,0.0375,32.3,0.0415,34.3,87.95,7.57878,-13.78258,1.50066,0.00019,0.31582
8332.37,SYN.BTC-25OCT19,1569927542139,open,0.01,370.7,0.0005,0.0195,0.00713691,91.46,0.008,0.0,BTC-25OCT19-12000-C,8323.83,89.64,0.0065,24.0,0.008,43.0,93.77,3.00436,-5.75444,0.36768,7e-05,0.0746
8323.87,SYN.BTC-4OCT19,1569927542174,open,0.02,109.2,0.005,0.05,0.02573948,85.03,0.0225,0.0,BTC-4OCT19-8250-P,8323.83,81.48,0.0245,0.6,0.0275,0.4,90.06,2.91196,-43.05001,-0.30417,0.00063,-0.43807
179.18,SYN.ETH-11OCT19,1569927542176,open,0.1,118.0,0.057,0.129,0.095406,104.41,0.085,0.0,ETH-11OCT19-170-C,179.14,92.16,0.088,90.0,0.101,132.0,113.59,0.10888,-0.57558,0.02701,0.012,0.65256
8357.86,BTC-27DEC19,1569927542183,open,0.11,229.1,0.076,0.158,0.11729266,89.35,0.1135,0.0,BTC-27DEC19-7500-P,8323.83,87.75,0.1145,2.5,0.1195,12.0,90.61,14.59056,-7.50271,-8.70834,0.0001,-0.32046
179.26,SYN.ETH-25OCT19,1569927542189,open,0.02,2175.0,0.008,0.046,0.024525,107.88,0.02,0.0,ETH-25OCT19-140-P,179.14,103.58,0.022,406.0,0.026,96.0,110.32,0.10718,-0.24212,-0.02053,0.00473,-0.15058
179.26,SYN.ETH-25OCT19,1569927542196,open,0.02,2175.0,0.008,0.046,0.024525,107.88,0.02,0.0,ETH-25OCT19-140-P,179.14,103.58,0.022,406.0,0.026,120.0,110.32,0.10718,-0.24212,-0.02053,0.00473,-0.15058
8346.52,SYN.BTC-29NOV19,1569927542196,open,0.11,15.9,0.0785,0.158,0.11863085,88.69,0.1135,0.0,BTC-29NOV19-8000-P,8323.83,86.97,0.116,8.0,0.122,20.0,90.89,12.79571,-9.63762,-6.75597,0.00013,-0.38318
179.26,SYN.ETH-25OCT19,1569927542202,open,0.05,1972.0,0.025,0.086,0.054508,103.05,0.052,0.0,ETH-25OCT19-160-P,179.14,97.85,0.05,320.0,0.057,96.0,105.91,0.15609,-0.33686,-0.04001,0.00721,-0.28669
179.62,ETH-27DEC19,1569927542208,open,0.34,4578.0,0.288,0.419,0.35579,105.81,0.387,0.0,ETH-27DEC19-220-P,179.14,100.73,0.346,500.0,0.365,72.0,110.58,0.34644,-0.21098,-0.38877,0.00426,-0.55357
179.62,ETH-27DEC19,1569927542216,open,0.27,3987.0,0.212,0.336,0.2765,105.81,0.266,0.0,ETH-27DEC19-200-P,179.14,101.44,0.268,340.0,0.281,126.0,108.12,0.34916,-0.21263,-0.32346,0.0043,-0.4801
181.23,ETH-27MAR20,1569927542232,open,0.68,129.0,0.604,0.779,0.694369,104.83,0.74,0.0,ETH-27MAR20-280-P,179.14,96.5,0.672,11.0,0.708,18.0,109.83,0.49171,-0.14489,-1.13469,0.00293,-0.59039
8323.87,SYN.BTC-4OCT19,1569927542240,open,0.08,95.9,0.0615,0.115,0.08734129,84.79,0.081,0.0,BTC-4OCT19-9000-P,8323.83,78.52,0.086,0.6,0.0895,0.7,94.52,1.78767,-26.35444,-0.60901,0.00039,-0.84136
8324.99,SYN.BTC-4OCT19,1569927542241,open,0.13,100.2,0.119,0.1705,0.14305145,91.63,0.12,0.0,BTC-4OCT19-9500-P,8323.83,0.0,0.1405,0.6,0.148,0.6,125.42,0.8425,-13.42231,-0.7125,0.00017,-0.94326
181.23,ETH-27MAR20,1569927542238,open,0.68,129.0,0.604,0.779,0.694369,104.83,0.74,0.0,ETH-27MAR20-280-P,179.14,96.5,0.672,11.0,0.707,18.0,109.46,0.49171,-0.14489,-1.13469,0.00293,-0.59039
8324.99,SYN.BTC-4OCT19,1569927542245,open,0.13,100.2,0.119,0.1705,0.14305145,91.63,0.12,0.0,BTC-4OCT19-9500-P,8323.83,78.89,0.142,0.6,0.148,0.6,125.42,0.8425,-13.42231,-0.7125,0.00017,-0.94326
181.23,ETH-27MAR20,1569927542244,open,0.5,127.0,0.43,0.591,0.513926,103.76,0.552,0.0,ETH-27MAR20-240-P,179.14,98.75,0.5,300.0,0.525,18.0,107.74,0.50456,-0.14716,-0.90451,0.00304,-0.51021
181.23,ETH-27MAR20,1569927542251,open,0.34,1681.0,0.274,0.416,0.348453,102.52,0.335,0.0,ETH-27MAR20-200-P,179.14,98.68,0.338,407.0,0.356,300.0,105.3,0.49264,-0.14196,-0.67241,0.003,-0.41289
8459.22,BTC-27MAR20,1569927542262,open,0.2,209.9,0.1545,0.263,0.21000382,88.6,0.2025,0.0,BTC-27MAR20-8000-P,8323.83,86.24,0.204,13.9,0.2135,9.6,89.94,21.75187,-5.41726,-22.8725,7e-05,-0.34476
179.15,SYN.ETH-4OCT19,1569927542264,open,0.12,589.0,0.081,0.143,0.113113,113.44,0.075,0.0,ETH-4OCT19-160-C,179.14,85.27,0.109,39.0,0.117,30.0,133.3,0.03189,-0.62903,0.01082,0.01112,0.87956
8358.98,BTC-27DEC19,1569927542263,open,0.09,243.3,0.055,0.129,0.09162158,90.43,0.086,0.0,BTC-27DEC19-7000-P,8323.83,88.77,0.089,13.5,0.094,14.0,91.89,13.40137,-6.97445,-7.13004,9e-05,-0.26672
179.62,ETH-27DEC19,1569927542274,open,0.26,406.0,0.201,0.297,0.253334,106.66,0.232,0.0,ETH-27DEC19-160-C,179.14,103.58,0.248,340.0,0.259,508.0,109.93,0.31119,-0.19102,0.18466,0.0038,0.68526
8358.98,BTC-27DEC19,1569927542276,open,0.05,477.3,0.0185,0.0775,0.04535929,90.63,0.0425,0.0,BTC-27DEC19-13000-C,8323.83,89.69,0.044,1.0,0.047,37.3,91.78,12.02316,-6.27115,3.44247,8e-05,0.21836
8332.37,SYN.BTC-25OCT19,1569927542284,open,0.03,1129.2,0.0115,0.0545,0.03100358,95.3,0.03,0.0,BTC-25OCT19-7000-P,8323.83,92.51,0.029,19.3,0.0325,33.3,97.38,5.99068,-11.95548,-1.26646,0.00014,-0.20137
8358.98,BTC-27DEC19,1569927542284,open,0.05,477.3,0.0185,0.0775,0.04535929,90.63,0.0425,0.0,BTC-27DEC19-13000-C,8323.83,89.69,0.044,1.0,0.047,57.3,91.78,12.02316,-6.27115,3.44247,8e-05,0.21836
8458.91,BTC-27MAR20,1569927542297,open,1.6,6.0,1.5635,1.717,1.63607326,95.56,1.826,0.0,BTC-27MAR20-22000-P,8324.75,0.0,1.5765,1.0,1.659,1.0,108.93,12.87587,-3.4588,-103.06663,4e-05,-0.86416
8458.91,BTC-27MAR20,1569927542297,open,2.28,0.0,2.252,2.4215,2.33135467,99.84,None,0.0,BTC-27MAR20-28000-P,8324.75,0.0,0.0025,1.0,0.0,0.0,0.0,9.23116,-2.59077,-133.80247,3e-05,-0.91448
8359.17,BTC-27DEC19,1569927542297,open,5.14,0.8,5.0985,5.35,5.22150531,128.84,3.59,0.0,BTC-27DEC19-52000-P,8324.75,0.0,0.001,2.0,0.0,0.0,0.0,0.56319,-0.41763,-123.68939,0.0,-0.99525
8359.17,BTC-27DEC19,1569927542297,open,4.66,0.0,4.629,4.863,4.74330408,128.12,None,0.0,BTC-27DEC19-48000-P,8324.75,0.0,0.0005,2.0,0.0,0.0,0.0,0.74437,-0.54888,-114.14019,0.0,-0.9935
8324.99,SYN.BTC-4OCT19,1569927542297,open,0.42,0.0,0.4135,0.4725,0.44173846,161.63,None,0.0,BTC-4OCT19-12000-P,8324.75,0.0,0.05,1.0,0.0,0.0,0.0,0.13716,-3.85439,-0.94128,2e-05,-0.99338
8359.17,BTC-27DEC19,1569927542299,open,3.25,1.3,3.223,3.4005,3.30854042,116.86,2.2,0.0,BTC-27DEC19-36000-P,8324.75,0.0,0.01,1.0,0.0,0.0,0.0,1.21992,-0.82045,-85.49611,1e-05,-0.98858
8359.17,BTC-27DEC19,1569927542299,open,3.72,0.0,3.691,3.889,3.7862481,116.71,2.58,0.0,BTC-27DEC19-40000-P,8324.75,0.0,0.001,2.0,0.0,0.0,0.0,0.78017,-0.52405,-95.09142,0.0,-0.99314
8359.17,BTC-27DEC19,1569927542299,open,2.78,0.3,2.753,2.914,2.82993957,108.54,1.875,0.0,BTC-27DEC19-32000-P,8324.75,0.0,0.002,1.0,0.0,0.0,0.0,1.23651,-0.77243,-75.97025,1e-05,-0.9884
8359.17,BTC-27DEC19,1569927542299,open,4.19,0.0,4.16,4.376,4.26437422,117.49,3.46,0.0,BTC-27DEC19-44000-P,8324.75,0.0,0.001,2.0,0.0,0.0,0.0,0.53852,-0.36415,-104.65082,0.0,-0.99548
8333.49,SYN.BTC-25OCT19,1569927542297,open,0.66,2.0,0.648,0.722,0.68285811,101.72,0.372,0.0,BTC-25OCT19-14000-P,8324.75,0.0,0.0005,1.0,1.5,0.5,500.0,1.49661,-3.18809,-9.00368,3e-05,-0.96884
8459.83,BTC-27MAR20,1569927542299,open,2.75,0.0,2.7135,2.8965,2.79944334,103.15,None,0.0,BTC-27MAR20-32000-P,8324.75,0.0,0.004,1.0,0.0,0.0,0.0,7.79325,-2.2597,-153.81925,2e-05,-0.93156
8459.83,BTC-27MAR20,1569927542300,open,3.67,1.0,3.6385,3.8525,3.73975914,108.53,2.7125,0.0,BTC-27MAR20-40000-P,8324.75,0.0,0.0055,1.0,0.0,0.0,0.0,5.82589,-1.77733,-193.4579,2e-05,-0.95271
8333.49,SYN.BTC-25OCT19,1569927542297,open,0.27,0.0,0.244,0.3165,0.27926407,87.06,None,0.0,BTC-25OCT19-10500-P,8324.75,0.0,0.248,4.0,0.3005,4.0,115.1,5.53547,-10.09212,-6.00818,0.00014,-0.82292
8332.37,SYN.BTC-25OCT19,1569927542294,open,0.03,1129.2,0.0115,0.0545,0.03100358,95.3,0.03,0.0,BTC-25OCT19-7000-P,8323.83,92.51,0.029,19.3,0.0325,48.3,97.38,5.99068,-11.95548,-1.26646,0.00014,-0.20137
8346.52,SYN.BTC-29NOV19,1569927542295,open,0.03,812.6,0.0075,0.047,0.02387375,90.16,0.023,0.0,BTC-29NOV19-13000-C,8323.83,89.21,0.023,19.0,0.0255,25.0,91.88,7.76585,-5.94625,1.67864,8e-05,0.14856
8458.91,BTC-27MAR20,1569927542316,open,0.35,172.8,0.3,0.4275,0.36541339,88.6,0.432,0.0,BTC-27MAR20-10000-P,8324.75,85.58,0.357,4.0,0.3705,9.0,90.43,23.54026,-5.86302,-35.0387,8e-05,-0.48457
8333.49,SYN.BTC-25OCT19,1569927542318,open,0.02,717.2,0.003,0.0305,0.01356243,88.15,0.0135,0.0,BTC-25OCT19-11000-C,8324.75,86.17,0.0125,24.0,0.015,56.5,90.73,4.54818,-8.39596,0.64369,0.00011,0.13165
8360.09,BTC-27DEC19,1569927542324,open,0.65,0.0,0.635,0.6585,0.64574564,116.13,None,0.0,BTC-27DEC19-3000-C,8324.75,0.0,0.007,2.2,0.918,0.5,500.0,1.82331,-1.2186,6.68675,1e-05,0.98179
8333.49,SYN.BTC-25OCT19,1569927542317,open,0.03,1129.2,0.0115,0.0545,0.03100358,95.36,0.03,0.0,BTC-25OCT19-7000-P,8324.75,92.55,0.029,19.3,0.032,19.3,96.74,5.99063,-11.96309,-1.26644,0.00014,-0.20132
8333.49,SYN.BTC-25OCT19,1569927542332,open,0.2,9.3,0.161,0.2195,0.1909062,95.2,0.185,0.0,BTC-25OCT19-7000-C,8324.75,63.02,0.1705,8.0,0.215,8.0,126.74,5.98571,-11.93351,3.31458,0.00014,0.79896
8459.83,BTC-27MAR20,1569927542338,open,0.39,8.4,0.343,0.425,0.38551945,90.01,0.3495,0.0,BTC-27MAR20-6000-C,8324.75,70.96,0.35,2.0,0.68,1.0,249.65,16.26376,-4.11479,17.30938,5e-05,0.80537
8359.17,BTC-27DEC19,1569927542340,open,2.07,0.0,2.05,2.1865,2.11471241,105.82,None,0.0,BTC-27DEC19-26000-P,8324.75,0.0,0.0055,10.0,2.742,0.2,500.0,2.47849,-1.50944,-61.44955,1e-05,-0.97381
8360.09,BTC-27DEC19,1569927542346,open,1.37,4.6,1.348,1.4635,1.40204744,98.03,1.466,0.0,BTC-27DEC19-20000-P,8324.75,0.0,0.0055,5.0,2.061,0.2,500.0,4.63591,-2.61562,-46.67202,3e-05,-0.94348
179.26,SYN.ETH-25OCT19,1569927542345,open,0.07,1432.0,0.028,0.091,0.059539,100.1,0.057,0.0,ETH-25OCT19-200-C,179.14,94.39,0.054,552.0,0.062,240.0,102.61,0.17488,-0.36658,0.03784,0.00831,0.38224
8347.65,SYN.BTC-29NOV19,1569927542356,open,0.18,0.0,0.1435,0.2335,0.1892752,88.75,None,0.0,BTC-29NOV19-9000-P,8324.75,85.14,0.1835,8.0,0.1935,10.5,91.39,13.36784,-10.07522,-9.45773,0.00013,-0.51312
8333.49,SYN.BTC-25OCT19,1569927542364,open,0.09,13.7,0.065,0.1335,0.09971232,86.9,0.098,0.0,BTC-25OCT19-8500-P,8324.75,84.24,0.097,14.4,0.1035,14.4,90.61,8.50085,-15.47035,-3.22105,0.00022,-0.49118
8333.49,SYN.BTC-25OCT19,1569927542372,open,0.09,13.7,0.065,0.1335,0.09971232,86.9,0.098,0.0,BTC-25OCT19-8500-P,8324.75,84.24,0.097,27.6,0.1035,14.4,90.61,8.50085,-15.47035,-3.22105,0.00022,-0.49118
8324.99,SYN.BTC-4OCT19,1569927542378,open,0.16,3.2,0.1485,0.199,0.17218995,94.06,0.15,0.0,BTC-4OCT19-9750-P,8324.75,0.0,0.1655,4.6,0.179,4.0,147.51,0.53181,-8.69772,-0.74777,0.0001,-0.96789
8324.99,SYN.BTC-4OCT19,1569927542392,open,0.03,176.9,0.0155,0.069,0.04216252,85.28,0.04,0.0,BTC-4OCT19-8500-P,8324.75,78.98,0.04,0.6,0.041,1.0,81.89,2.8663,-42.49897,-0.41704,0.00062,-0.59367
8324.99,SYN.BTC-4OCT19,1569927542408,open,0.25,1.9,0.237,0.2905,0.26179032,117.4,0.332,0.0,BTC-4OCT19-10500-P,8324.75,0.0,0.255,3.0,0.268,0.6,186.29,0.27661,-5.64612,-0.81789,4e-05,-0.9852
179.26,SYN.ETH-25OCT19,1569927542444,open,0.02,1251.0,0.005,0.039,0.018754,100.22,0.02,0.0,ETH-25OCT19-240-C,179.14,100.62,0.019,1.0,0.02,106.0,102.23,0.10981,-0.23048,0.01612,0.00521,0.15621
8458.91,BTC-27MAR20,1569927542474,open,0.01,547.3,0.001,0.0295,0.01056464,107.09,0.0095,0.0,BTC-27MAR20-40000-C,8324.75,106.21,0.01,6.0,0.0115,6.0,108.49,5.51254,-1.65946,1.38474,1e-05,0.04416
8327.83,SYN.BTC-11OCT19,1569927542477,open,0.06,25.9,0.0365,0.0965,0.0665846,83.99,0.065,0.0,BTC-11OCT19-8500-P,8324.75,80.8,0.0645,18.0,0.067,0.2,84.62,5.44781,-23.16515,-1.34764,0.00035,-0.5315
8324.99,SYN.BTC-4OCT19,1569927542521,open,0.25,1.9,0.237,0.2905,0.26179032,117.4,0.332,0.0,BTC-4OCT19-10500-P,8324.75,0.0,0.2545,3.6,0.268,0.6,186.29,0.27661,-5.64612,-0.81789,4e-05,-0.9852
8360.09,BTC-27DEC19,1569927542531,open,0.01,416.2,0.002,0.0255,0.01196249,105.69,0.0135,0.0,BTC-27DEC19-4000-P,8324.75,102.48,0.0105,77.0,0.013,34.0,107.86,3.91841,-2.38359,-1.14858,2e-05,-0.04576
179.61,ETH-27DEC19,1569927542539,open,0.2,3294.0,0.147,0.258,0.204942,105.79,0.226,0.0,ETH-27DEC19-180-P,179.14,102.64,0.199,340.0,0.209,142.0,107.94,0.33849,-0.20609,-0.25853,0.00417,-0.39981
8360.09,BTC-27DEC19,1569927542589,open,0.11,229.1,0.076,0.158,0.11729266,89.41,0.1135,0.0,BTC-27DEC19-7500-P,8324.75,87.52,0.114,23.8,0.1195,12.0,90.68,14.59044,-7.50819,-8.70643,0.0001,-0.32025
8324.99,SYN.BTC-4OCT19,1569927542589,open,0.16,3.2,0.1485,0.199,0.17218995,94.06,0.15,0.0,BTC-4OCT19-9750-P,8324.75,0.0,0.1655,4.6,0.1785,0.6,144.76,0.53181,-8.69772,-0.74777,0.0001,-0.96789
8324.99,SYN.BTC-4OCT19,1569927542618,open,0.08,95.9,0.061,0.115,0.08734129,85.6,0.081,0.0,BTC-4OCT19-9000-P,8324.75,76.6,0.0855,0.7,0.0895,0.7,95.03,1.80938,-26.93099,-0.60721,0.00039,-0.83844
8324.99,SYN.BTC-4OCT19,1569927542618,open,0.06,217.9,0.0275,0.08,0.05461186,90.17,0.057,0.0,BTC-4OCT19-8000-C,8324.75,81.54,0.052,6.7,0.0555,0.1,93.06,2.55139,-40.00245,0.42629,0.00052,0.70455
8324.99,SYN.BTC-4OCT19,1569927542632,open,0.08,95.9,0.061,0.115,0.08734129,85.6,0.081,0.0,BTC-4OCT19-9000-P,8324.75,79.17,0.086,0.6,0.0895,0.7,95.03,1.80938,-26.93099,-0.60721,0.00039,-0.83844
8333.49,SYN.BTC-25OCT19,1569927542635,open,0.03,537.4,0.0095,0.051,0.02804351,86.79,0.027,0.0,BTC-25OCT19-10000-C,8324.75,84.18,0.026,19.3,0.029,34.3,87.99,6.60699,-12.00805,1.1486,0.00017,0.23875
8324.99,SYN.BTC-4OCT19,1569927542636,open,0.13,100.2,0.119,0.1705,0.14305145,91.63,0.12,0.0,BTC-4OCT19-9500-P,8324.75,68.89,0.1415,0.6,0.148,0.6,125.42,0.8425,-13.42231,-0.7125,0.00017,-0.94326
8324.99,SYN.BTC-4OCT19,1569927542647,open,0.13,100.2,0.119,0.1705,0.14305145,91.63,0.12,0.0,BTC-4OCT19-9500-P,8324.75,78.89,0.142,0.6,0.148,0.6,125.42,0.8425,-13.42231,-0.7125,0.00017,-0.94326
8324.99,SYN.BTC-4OCT19,1569927542649,open,0.16,3.2,0.1485,0.199,0.17218995,94.06,0.15,0.0,BTC-4OCT19-9750-P,8324.75,0.0,0.1655,4.6,0.178,0.6,141.93,0.53181,-8.69772,-0.74777,0.0001,-0.96789
8324.99,SYN.BTC-4OCT19,1569927535644,open,0.0,420.5,0.0005,0.0105,0.00079888,102.23,0.001,0.0,BTC-4OCT19-10000-C,8324.75,95.39,0.0005,10.1,0.0015,49.0,113.52,0.41933,-6.65069,0.01531,8e-05,0.02414
8324.99,SYN.BTC-4OCT19,1569927535651,open,0.0,153.5,0.0005,0.0105,0.00024679,125.02,0.0005,0.0,BTC-4OCT19-11000-C,8324.75,0.0,0.0,0.0,0.001,40.0,149.82,0.14464,-2.05453,0.00445,2e-05,0.00704
8324.99,SYN.BTC-4OCT19,1569927542113,open,0.12,20.5,0.0815,0.129,0.10472092,103.82,0.1035,0.0,BTC-4OCT19-7500-C,8324.75,82.43,0.1015,6.6,0.1055,0.6,108.11,1.47199,-26.57113,0.50897,0.00026,0.88071
8324.99,SYN.BTC-4OCT19,1569927535755,open,0.0,307.0,0.0005,0.0115,0.00181582,136.06,0.0015,0.0,BTC-4OCT19-6750-P,8324.75,131.33,0.0015,2.5,0.002,31.0,138.6,0.58663,-13.87772,-0.02492,8e-05,-0.03617
8324.99,SYN.BTC-4OCT19,1569927535777,open,0.0,82.6,0.0005,0.0105,0.00035832,111.6,0.0005,0.0,BTC-4OCT19-10500-C,8324.75,0.0,0.0,0.0,0.001,25.0,128.73,0.21239,-2.98298,0.00692,3e-05,0.01091
8324.99,SYN.BTC-4OCT19,1569927535726,open,0.0,496.7,0.0005,0.013,0.0024205,123.31,0.002,0.0,BTC-4OCT19-7000-P,8324.75,118.53,0.002,10.0,0.0025,0.1,124.16,0.77005,-16.50994,-0.03481,0.00011,-0.05065
8324.99,SYN.BTC-4OCT19,1569927535491,open,0.0,526.8,0.0005,0.011,0.00102317,141.6,0.0015,0.0,BTC-4OCT19-6500-P,8324.75,127.25,0.0005,22.0,0.0015,30.1,150.99,0.37429,-8.51788,-0.01451,5e-05,-0.02109
8324.99,SYN.BTC-4OCT19,1569927542174,open,0.02,109.2,0.005,0.05,0.02573948,85.21,0.0225,0.0,BTC-4OCT19-8250-P,8324.75,81.66,0.0245,0.6,0.028,0.6,91.67,2.91162,-43.13522,-0.3038,0.00063,-0.43744
8324.99,SYN.BTC-4OCT19,1569927535741,open,0.0,312.3,0.0005,0.016,0.00353941,112.56,0.003,0.0,BTC-4OCT19-7250-P,8324.75,108.14,0.003,3.0,0.004,0.2,116.09,1.05469,-20.64167,-0.05205,0.00017,-0.07582
8324.99,SYN.BTC-4OCT19,1569927535803,open,0.01,158.8,0.0005,0.027,0.00911629,95.64,0.009,0.0,BTC-4OCT19-7750-P,8324.75,90.89,0.008,24.0,0.0105,24.1,101.31,1.99186,-33.12408,-0.12925,0.00038,-0.18795
8324.99,SYN.BTC-4OCT19,1569927541784,open,0.09,78.6,0.0525,0.103,0.07805934,95.12,0.085,0.0,BTC-4OCT19-7750-C,8324.75,83.86,0.0755,6.6,0.0795,0.6,101.04,1.98406,-32.81343,0.4822,0.00038,0.81324
8324.99,SYN.BTC-4OCT19,1569927542191,open,0.04,150.9,0.0105,0.059,0.03461434,84.82,0.043,0.0,BTC-4OCT19-8250-C,8324.75,78.78,0.0325,18.6,0.036,0.6,88.79,2.91145,-42.93967,0.34637,0.00063,0.56271
8324.99,SYN.BTC-4OCT19,1569927535772,open,0.02,208.6,0.0005,0.031,0.01178983,84.91,0.0125,0.0,BTC-4OCT19-8750-C,8324.75,78.67,0.01,24.0,0.0125,0.6,87.33,2.42799,-35.84543,0.16716,0.00052,0.26665
8324.99,SYN.BTC-4OCT19,1569927542618,open,0.06,217.9,0.0275,0.08,0.05461186,90.17,0.057,0.0,BTC-4OCT19-8000-C,8324.75,81.54,0.052,6.6,0.056,0.6,94.68,2.55139,-40.00245,0.42629,0.00052,0.70455
8324.99,SYN.BTC-4OCT19,1569927535831,open,0.01,244.6,0.0015,0.037,0.01570291,90.6,0.016,0.0,BTC-4OCT19-8000-P,8324.75,85.0,0.014,24.6,0.0165,2.0,93.19,2.55431,-40.23547,-0.20457,0.00052,-0.29619
8324.99,SYN.BTC-4OCT19,1569927542330,open,0.0,456.4,0.0005,0.021,0.00574378,104.5,0.005,0.0,BTC-4OCT19-7500-P,8324.75,97.19,0.0045,32.0,0.006,9.1,105.93,1.48432,-26.96988,-0.08294,0.00026,-0.12071
8324.99,SYN.BTC-4OCT19,1569927542634,open,0.1,3.5,0.0895,0.1415,0.11431789,86.87,0.1005,0.0,BTC-4OCT19-9250-P,8324.75,66.05,0.112,6.0,0.118,6.6,107.74,1.22076,-18.43851,-0.67046,0.00026,-0.90789
8324.99,SYN.BTC-4OCT19,1569927542632,open,0.08,95.9,0.061,0.115,0.08734129,85.6,0.081,0.0,BTC-4OCT19-9000-P,8324.75,79.17,0.086,0.6,0.0895,0.6,95.03,1.80938,-26.93099,-0.60721,0.00039,-0.83844
8324.99,SYN.BTC-4OCT19,1569927541785,open,0.03,188.7,0.003,0.0435,0.02100328,84.88,0.0225,0.0,BTC-4OCT19-8500-C,8324.75,77.58,0.0185,18.0,0.0215,1.0,86.32,2.8653,-42.28523,0.25236,0.00062,0.40576
8324.99,SYN.BTC-4OCT19,1569927535767,open,0.0,253.1,0.0005,0.0145,0.00305637,85.84,0.005,0.0,BTC-4OCT19-9250-C,8324.75,81.77,0.0025,30.0,0.0045,46.6,95.01,1.19354,-17.81334,0.0566,0.00025,0.08935
8324.99,SYN.BTC-4OCT19,1569927542484,open,0.01,421.7,0.0005,0.0215,0.00611386,84.93,0.009,0.0,BTC-4OCT19-9000-C,8324.75,79.58,0.005,24.0,0.007,15.0,88.94,1.79433,-26.49722,0.10061,0.00039,0.15951
8324.99,SYN.BTC-4OCT19,1569927535872,open,0.0,476.2,0.0005,0.0115,0.00175583,90.08,0.002,0.0,BTC-4OCT19-9500-C,8324.75,87.31,0.0015,0.2,0.0025,15.0,97.05,0.8048,-12.60443,0.03397,0.00016,0.05355
8324.99,SYN.BTC-4OCT19,1569927535757,open,0.0,120.2,0.0005,0.0105,0.00086024,91.47,0.0015,0.0,BTC-4OCT19-9750-C,8324.75,84.13,0.0005,42.0,0.0015,1.0,100.75,0.47976,-7.16146,0.01803,0.0001,0.02835
8324.99,SYN.BTC-4OCT19,1569927542652,open,0.3,2.7,0.2955,0.3515,0.32174698,133.37,0.366,0.0,BTC-4OCT19-11000-P,8324.75,0.0,0.314,0.6,0.328,0.6,212.56,0.21198,-4.91565,-0.85979,3e-05,-0.98912
8359.17,BTC-27DEC19,1569927542662,open,0.14,564.4,0.102,0.191,0.14718541,88.81,0.15,0.0,BTC-27DEC19-8000-P,8324.75,86.82,0.1435,30.8,0.15,11.0,90.33,15.46741,-7.90572,-10.39431,0.0001,-0.37524
8333.49,SYN.BTC-25OCT19,1569927542674,open,0.0,418.6,0.0005,0.0125,0.00266335,100.43,0.0035,0.0,BTC-25OCT19-14000-C,8324.75,96.18,0.002,55.0,0.0035,44.0,104.92,1.42176,-2.99017,0.14516,3e-05,0.02929
8324.99,SYN.BTC-4OCT19,1569927542693,open,0.3,2.7,0.2955,0.3515,0.32174698,133.37,0.366,0.0,BTC-4OCT19-11000-P,8324.75,0.0,0.3145,3.0,0.328,0.6,212.56,0.21198,-4.91565,-0.85979,3e-05,-0.98912
8324.99,SYN.BTC-4OCT19,1569927542723,open,0.01,158.8,0.0005,0.027,0.00911629,95.64,0.009,0.0,BTC-4OCT19-7750-P,8324.75,90.89,0.008,24.0,0.0105,24.1,101.31,1.99186,-33.12408,-0.12925,0.00038,-0.18795
8359.17,BTC-27DEC19,1569927542717,open,0.21,639.0,0.168,0.268,0.21895422,88.81,0.225,0.0,BTC-27DEC19-9000-P,8324.75,86.01,0.2135,11.5,0.221,9.0,89.86,16.25224,-8.30703,-13.93818,0.00011,-0.48159
8324.99,SYN.BTC-4OCT19,1569927542747,open,0.0,420.5,0.0005,0.0105,0.00080208,102.23,0.001,0.0,BTC-4OCT19-10000-C,8324.75,95.39,0.0005,10.1,0.0015,49.5,113.52,0.41933,-6.65069,0.01531,8e-05,0.02414
8324.99,SYN.BTC-4OCT19,1569927542749,open,0.0,153.5,0.0005,0.0105,0.00024773,125.02,0.0005,0.0,BTC-4OCT19-11000-C,8324.75,0.0,0.0,0.0,0.001,40.5,149.82,0.14464,-2.05453,0.00445,2e-05,0.00704
8324.99,SYN.BTC-4OCT19,1569927542752,open,0.12,20.5,0.0815,0.129,0.10482503,103.82,0.1035,0.0,BTC-4OCT19-7500-C,8324.75,86.36,0.102,0.1,0.1055,0.6,108.11,1.47199,-26.57113,0.50897,0.00026,0.88071
8324.99,SYN.BTC-4OCT19,1569927542755,open,0.12,20.5,0.0815,0.129,0.10482503,103.82,0.1035,0.0,BTC-4OCT19-7500-C,8324.75,86.36,0.102,0.1,0.1055,0.7,108.11,1.47199,-26.57113,0.50897,0.00026,0.88071
8324.99,SYN.BTC-4OCT19,1569927542758,open,0.0,307.0,0.0005,0.0115,0.00181069,136.06,0.0015,0.0,BTC-4OCT19-6750-P,8324.75,131.33,0.0015,2.5,0.002,31.0,138.6,0.58663,-13.87772,-0.02492,8e-05,-0.03617
8324.99,SYN.BTC-4OCT19,1569927542761,open,0.0,307.0,0.0005,0.0115,0.00181069,136.06,0.0015,0.0,BTC-4OCT19-6750-P,8324.75,131.33,0.0015,2.5,0.002,31.5,138.6,0.58663,-13.87772,-0.02492,8e-05,-0.03617
8324.99,SYN.BTC-4OCT19,1569927542764,open,0.0,82.6,0.0005,0.0105,0.00035977,111.6,0.0005,0.0,BTC-4OCT19-10500-C,8324.75,0.0,0.0,0.0,0.001,25.5,128.73,0.21239,-2.98298,0.00692,3e-05,0.01091
8324.99,SYN.BTC-4OCT19,1569927542767,open,0.0,496.7,0.0005,0.013,0.00241332,123.31,0.002,0.0,BTC-4OCT19-7000-P,8324.75,118.53,0.002,10.0,0.0025,0.1,124.16,0.77005,-16.50994,-0.03481,0.00011,-0.05065
8324.99,SYN.BTC-4OCT19,1569927542773,open,0.0,526.8,0.0005,0.011,0.00102019,141.6,0.0015,0.0,BTC-4OCT19-6500-P,8324.75,127.25,0.0005,22.0,0.0015,30.6,150.99,0.37429,-8.51788,-0.01451,5e-05,-0.02109
8324.99,SYN.BTC-4OCT19,1569927542775,open,0.3,2.7,0.2955,0.3515,0.32157008,133.37,0.366,0.0,BTC-4OCT19-11000-P,8324.75,0.0,0.314,0.6,0.328,0.6,212.56,0.21198,-4.91565,-0.85979,3e-05,-0.98912
8324.99,SYN.BTC-4OCT19,1569927542777,open,0.25,1.9,0.2365,0.29,0.26162202,117.4,0.332,0.0,BTC-4OCT19-10500-P,8324.75,0.0,0.2545,0.6,0.268,0.6,186.29,0.27661,-5.64612,-0.81789,4e-05,-0.9852
8324.99,SYN.BTC-4OCT19,1569927542779,open,0.02,109.2,0.005,0.05,0.02567715,85.21,0.0225,0.0,BTC-4OCT19-8250-P,8324.75,81.66,0.0245,0.6,0.0275,0.4,90.24,2.91162,-43.13522,-0.3038,0.00063,-0.43744
8324.99,SYN.BTC-4OCT19,1569927542783,open,0.0,312.3,0.0005,0.016,0.00352873,112.56,0.003,0.0,BTC-4OCT19-7250-P,8324.75,108.14,0.003,3.0,0.004,0.2,116.09,1.05469,-20.64167,-0.05205,0.00017,-0.07582
8324.99,SYN.BTC-4OCT19,1569927542789,open,0.0,312.3,0.0005,0.016,0.00352873,112.56,0.003,0.0,BTC-4OCT19-7250-P,8324.75,108.14,0.003,3.0,0.004,0.7,116.09,1.05469,-20.64167,-0.05205,0.00017,-0.07582
8324.99,SYN.BTC-4OCT19,1569927542808,open,0.01,158.8,0.0005,0.027,0.00908983,95.64,0.009,0.0,BTC-4OCT19-7750-P,8324.75,90.89,0.008,24.4,0.0105,24.1,101.31,1.99186,-33.12408,-0.12925,0.00038,-0.18795
8324.99,SYN.BTC-4OCT19,1569927542811,open,0.01,158.8,0.0005,0.027,0.00908983,95.64,0.009,0.0,BTC-4OCT19-7750-P,8324.75,90.89,0.008,24.4,0.01,0.4,99.29,1.99186,-33.12408,-0.12925,0.00038,-0.18795
8324.99,SYN.BTC-4OCT19,1569927542814,open,0.01,244.6,0.0015,0.037,0.01566083,90.6,0.016,0.0,BTC-4OCT19-8000-P,8324.75,85.0,0.014,24.6,0.0165,2.4,93.19,2.55431,-40.23547,-0.20457,0.00052,-0.29619
8324.99,SYN.BTC-4OCT19,1569927542817,open,0.09,78.6,0.0525,0.103,0.07815817,95.12,0.085,0.0,BTC-4OCT19-7750-C,8324.75,86.15,0.076,0.1,0.0795,0.6,101.04,1.98406,-32.81343,0.4822,0.00038,0.81324
8324.99,SYN.BTC-4OCT19,1569927542820,open,0.09,78.6,0.0525,0.103,0.07815817,95.12,0.085,0.0,BTC-4OCT19-7750-C,8324.75,86.15,0.076,0.1,0.079,0.1,99.01,1.98406,-32.81343,0.4822,0.00038,0.81324
8324.99,SYN.BTC-4OCT19,1569927542822,open,0.04,150.9,0.0105,0.059,0.03468538,84.82,0.043,0.0,BTC-4OCT19-8250-C,8324.75,78.78,0.0325,19.0,0.036,0.6,88.79,2.91145,-42.93967,0.34637,0.00063,0.56271
8324.99,SYN.BTC-4OCT19,1569927542825,open,0.04,150.9,0.0105,0.059,0.03468538,84.82,0.043,0.0,BTC-4OCT19-8250-C,8324.75,78.78,0.0325,19.0,0.036,1.0,88.79,2.91145,-42.93967,0.34637,0.00063,0.56271
8324.99,SYN.BTC-4OCT19,1569927542828,open,0.02,208.6,0.0005,0.031,0.01182416,84.91,0.0125,0.0,BTC-4OCT19-8750-C,8324.75,78.67,0.01,24.0,0.0125,0.6,87.33,2.42799,-35.84543,0.16716,0.00052,0.26665
8324.99,SYN.BTC-4OCT19,1569927542831,open,0.02,208.6,0.0005,0.031,0.01182416,84.91,0.0125,0.0,BTC-4OCT19-8750-C,8324.75,78.67,0.01,24.0,0.012,0.4,85.63,2.42799,-35.84543,0.16716,0.00052,0.26665
8324.99,SYN.BTC-4OCT19,1569927542853,open,0.06,217.9,0.0275,0.08,0.05469911,90.17,0.057,0.0,BTC-4OCT19-8000-C,8324.75,81.54,0.052,6.7,0.056,0.6,94.68,2.55139,-40.00245,0.42629,0.00052,0.70455
8324.99,SYN.BTC-4OCT19,1569927542854,open,0.06,217.9,0.0275,0.08,0.05469911,90.17,0.057,0.0,BTC-4OCT19-8000-C,8324.75,81.54,0.052,6.7,0.0555,0.1,93.06,2.55139,-40.00245,0.42629,0.00052,0.70455
8324.99,SYN.BTC-4OCT19,1569927542866,open,0.1,3.5,0.0895,0.1415,0.11418008,86.87,0.1005,0.0,BTC-4OCT19-9250-P,8324.75,66.05,0.112,6.6,0.118,6.6,107.74,1.22076,-18.43851,-0.67046,0.00026,-0.90789
8324.99,SYN.BTC-4OCT19,1569927542885,open,0.08,95.9,0.061,0.115,0.08721647,85.6,0.081,0.0,BTC-4OCT19-9000-P,8324.75,76.6,0.0855,0.6,0.0895,0.6,95.03,1.80938,-26.93099,-0.60721,0.00039,-0.83844
8324.99,SYN.BTC-4OCT19,1569927542885,open,0.01,244.6,0.0015,0.037,0.01566083,90.6,0.016,0.0,BTC-4OCT19-8000-P,8324.75,85.0,0.014,25.0,0.0165,2.4,93.19,2.55431,-40.23547,-0.20457,0.00052,-0.29619
8324.99,SYN.BTC-4OCT19,1569927542892,open,0.0,456.4,0.0005,0.021,0.00572663,104.5,0.005,0.0,BTC-4OCT19-7500-P,8324.75,97.19,0.0045,32.5,0.006,9.1,105.93,1.48432,-26.96988,-0.08294,0.00026,-0.12071
8324.99,SYN.BTC-4OCT19,1569927542896,open,0.0,456.4,0.0005,0.021,0.00572663,104.5,0.005,0.0,BTC-4OCT19-7500-P,8324.75,97.19,0.0045,32.5,0.006,9.6,105.93,1.48432,-26.96988,-0.08294,0.00026,-0.12071
8324.99,SYN.BTC-4OCT19,1569927542898,open,0.08,95.9,0.061,0.115,0.08721647,85.6,0.081,0.0,BTC-4OCT19-9000-P,8324.75,79.17,0.086,0.6,0.0895,0.6,95.03,1.80938,-26.93099,-0.60721,0.00039,-0.83844
8324.99,SYN.BTC-4OCT19,1569927542899,open,0.13,100.2,0.119,0.17,0.1429049,91.63,0.12,0.0,BTC-4OCT19-9500-P,8324.75,68.89,0.1415,0.6,0.148,0.6,125.42,0.8425,-13.42231,-0.7125,0.00017,-0.94326
8324.99,SYN.BTC-4OCT19,1569927542899,open,0.1,3.5,0.0895,0.1415,0.11418008,86.87,0.1005,0.0,BTC-4OCT19-9250-P,8324.75,76.73,0.113,0.1,0.118,6.6,107.74,1.22076,-18.43851,-0.67046,0.00026,-0.90789
8324.99,SYN.BTC-4OCT19,1569927542902,open,0.13,100.2,0.119,0.17,0.1429049,91.63,0.12,0.0,BTC-4OCT19-9500-P,8324.75,78.89,0.142,0.6,0.148,0.6,125.42,0.8425,-13.42231,-0.7125,0.00017,-0.94326
8324.99,SYN.BTC-4OCT19,1569927542901,open,0.1,3.5,0.0895,0.1415,0.11418008,86.87,0.1005,0.0,BTC-4OCT19-9250-P,8324.75,76.73,0.113,0.1,0.1165,0.1,100.01,1.22076,-18.43851,-0.67046,0.00026,-0.90789
8324.99,SYN.BTC-4OCT19,1569927542903,open,0.16,3.2,0.1485,0.199,0.17203606,94.06,0.15,0.0,BTC-4OCT19-9750-P,8324.75,0.0,0.1655,4.6,0.1785,0.6,144.76,0.53181,-8.69772,-0.74777,0.0001,-0.96789
8324.99,SYN.BTC-4OCT19,1569927542907,open,0.08,95.9,0.061,0.115,0.08721647,85.6,0.081,0.0,BTC-4OCT19-9000-P,8324.75,76.6,0.0855,0.7,0.0895,0.6,95.03,1.80938,-26.93099,-0.60721,0.00039,-0.83844
8324.99,SYN.BTC-4OCT19,1569927542908,open,0.08,95.9,0.061,0.115,0.08721647,85.6,0.081,0.0,BTC-4OCT19-9000-P,8324.75,76.6,0.0855,0.7,0.089,0.1,92.92,1.80938,-26.93099,-0.60721,0.00039,-0.83844
8324.99,SYN.BTC-4OCT19,1569927542910,open,0.08,95.9,0.061,0.115,0.08721647,85.6,0.081,0.0,BTC-4OCT19-9000-P,8324.75,79.17,0.086,0.6,0.089,0.1,92.92,1.80938,-26.93099,-0.60721,0.00039,-0.83844
8324.99,SYN.BTC-4OCT19,1569927542920,open,0.13,100.2,0.119,0.17,0.1429049,91.63,0.12,0.0,BTC-4OCT19-9500-P,8324.75,68.89,0.1415,0.6,0.148,0.6,125.42,0.8425,-13.42231,-0.7125,0.00017,-0.94326
8324.99,SYN.BTC-4OCT19,1569927542921,open,0.03,188.7,0.003,0.0435,0.02105508,84.88,0.0225,0.0,BTC-4OCT19-8500-C,8324.75,77.58,0.0185,18.4,0.0215,1.0,86.32,2.8653,-42.28523,0.25236,0.00062,0.40576
8333.49,SYN.BTC-25OCT19,1569927542923,open,0.13,574.2,0.1005,0.1735,0.13737053,86.92,0.1395,0.0,BTC-25OCT19-9000-P,8324.75,82.91,0.1335,14.4,0.14,10.0,89.47,8.27146,-15.05655,-3.98123,0.00021,-0.59287
8324.99,SYN.BTC-4OCT19,1569927542924,open,0.03,188.7,0.003,0.0435,0.02105508,84.88,0.0225,0.0,BTC-4OCT19-8500-C,8324.75,77.58,0.0185,18.4,0.0215,1.4,86.32,2.8653,-42.28523,0.25236,0.00062,0.40576
8324.99,SYN.BTC-4OCT19,1569927542929,open,0.0,253.1,0.0005,0.0145,0.0030681,85.84,0.005,0.0,BTC-4OCT19-9250-C,8324.75,81.77,0.0025,30.0,0.0045,46.6,95.01,1.19354,-17.81334,0.0566,0.00025,0.08935
8324.99,SYN.BTC-4OCT19,1569927542930,open,0.0,253.1,0.0005,0.0145,0.0030681,85.84,0.005,0.0,BTC-4OCT19-9250-C,8324.75,81.77,0.0025,30.0,0.0035,0.5,88.83,1.19354,-17.81334,0.0566,0.00025,0.08935
8360.09,BTC-27DEC19,1569927542925,open,0.06,692.1,0.027,0.093,0.0582711,89.02,0.055,0.0,BTC-27DEC19-12000-C,8324.75,87.93,0.0565,28.8,0.06,1.0,90.1,13.46685,-6.89947,4.19856,9e-05,0.26924
8333.49,SYN.BTC-25OCT19,1569927542935,open,0.06,1168.6,0.0395,0.1015,0.07015798,89.01,0.067,0.0,BTC-25OCT19-8000-P,8324.75,86.23,0.0675,34.3,0.0725,22.1,91.34,8.14512,-15.18252,-2.4797,0.0002,-0.38467
8324.99,SYN.BTC-4OCT19,1569927542942,open,0.01,421.7,0.0005,0.0215,0.00613454,84.93,0.009,0.0,BTC-4OCT19-9000-C,8324.75,79.58,0.005,24.0,0.0065,0.4,86.7,1.79433,-26.49722,0.10061,0.00039,0.15951
8324.99,SYN.BTC-4OCT19,1569927542956,open,0.0,476.2,0.0005,0.0115,0.00176287,90.08,0.002,0.0,BTC-4OCT19-9500-C,8324.75,87.31,0.0015,0.2,0.0025,15.0,97.05,0.8048,-12.60443,0.03397,0.00016,0.05355
8324.99,SYN.BTC-4OCT19,1569927542957,open,0.0,476.2,0.0005,0.0115,0.00176287,90.08,0.002,0.0,BTC-4OCT19-9500-C,8324.75,87.31,0.0015,0.2,0.0025,15.5,97.05,0.8048,-12.60443,0.03397,0.00016,0.05355
8324.99,SYN.BTC-4OCT19,1569927542961,open,0.0,120.2,0.0005,0.0105,0.00086398,91.47,0.0015,0.0,BTC-4OCT19-9750-C,8324.75,84.13,0.0005,42.5,0.0015,1.0,100.75,0.47976,-7.16146,0.01803,0.0001,0.02835
8324.99,SYN.BTC-4OCT19,1569927542963,open,0.0,120.2,0.0005,0.0105,0.00086398,91.47,0.0015,0.0,BTC-4OCT19-9750-C,8324.75,84.13,0.0005,42.5,0.0015,1.5,100.75,0.47976,-7.16146,0.01803,0.0001,0.02835
8359.17,BTC-27DEC19,1569927542989,open,0.14,564.4,0.102,0.191,0.14717359,88.81,0.15,0.0,BTC-27DEC19-8000-P,8324.75,86.82,0.1435,32.8,0.15,11.0,90.33,15.46741,-7.90572,-10.39431,0.0001,-0.37524
8327.83,SYN.BTC-11OCT19,1569927543000,open,0.05,52.1,0.02,0.072,0.04582917,83.78,0.045,0.0,BTC-11OCT19-8500-C,8324.75,81.07,0.044,18.0,0.0475,1.0,86.42,5.44758,-23.1062,0.95201,0.00035,0.46828
8359.17,BTC-27DEC19,1569927543007,open,0.15,196.9,0.0975,0.184,0.14227644,88.8,0.142,0.0,BTC-27DEC19-9000-C,8324.75,86.86,0.1385,25.9,0.1445,42.0,89.95,16.25229,-8.30588,7.48328,0.00011,0.51839
8324.99,SYN.BTC-4OCT19,1569927543014,open,0.12,20.5,0.0815,0.129,0.10482503,103.82,0.1035,0.0,BTC-4OCT19-7500-C,8324.75,86.36,0.102,6.1,0.1055,0.7,108.11,1.47199,-26.57113,0.50897,0.00026,0.88071
8328.77,SYN.BTC-11OCT19,1569927543053,open,0.13,1.8,0.092,0.1485,0.12127545,94.09,0.1125,0.0,BTC-11OCT19-7500-C,8324.75,85.22,0.117,6.0,0.124,4.0,99.54,4.11128,-19.58491,1.47262,0.00023,0.77476
8347.65,SYN.BTC-29NOV19,1569927543067,open,0.12,1.8,0.0715,0.148,0.11103299,88.66,0.1125,0.0,BTC-29NOV19-9000-C,8324.75,85.55,0.106,22.4,0.113,29.0,89.92,13.36766,-10.06476,5.05938,0.00013,0.48672
8327.83,SYN.BTC-11OCT19,1569927534839,open,0.0,10.3,0.0005,0.011,0.00114535,93.16,0.002,0.0,BTC-11OCT19-11500-C,8324.75,83.31,0.0005,1.6,0.0015,1.0,97.06,0.69693,-3.28723,0.0452,4e-05,0.0212
8327.83,SYN.BTC-11OCT19,1569927534765,open,0.0,75.3,0.0005,0.0115,0.00155345,127.88,0.0015,0.0,BTC-11OCT19-5500-P,8324.75,119.5,0.001,8.0,0.002,1.0,133.28,0.6316,-4.08924,-0.04605,3e-05,-0.01888
8327.83,SYN.BTC-11OCT19,1569927542339,open,0.09,38.4,0.0485,0.107,0.07900159,88.85,0.08,0.0,BTC-11OCT19-8000-C,8324.75,80.03,0.0735,5.0,0.0815,5.0,93.01,5.144,-23.13951,1.25529,0.00031,0.63603
8327.83,SYN.BTC-11OCT19,1569927534853,open,0.0,15.7,0.0005,0.013,0.00329383,119.59,0.0035,0.0,BTC-11OCT19-6000-P,8324.75,113.36,0.0025,8.0,0.003,0.2,117.37,1.15131,-6.97117,-0.09484,5e-05,-0.03879
8327.83,SYN.BTC-11OCT19,1569927540955,open,0.01,104.6,0.0015,0.0285,0.01160627,101.07,0.01,0.0,BTC-11OCT19-7000-P,8324.75,94.72,0.0095,9.0,0.0125,9.0,103.55,2.89279,-14.80209,-0.31838,0.00015,-0.12967
8328.77,SYN.BTC-11OCT19,1569927543053,open,0.13,1.8,0.092,0.1485,0.12127545,94.09,0.1125,0.0,BTC-11OCT19-7500-C,8324.75,81.99,0.1155,4.0,0.124,4.0,99.54,4.11128,-19.58491,1.47262,0.00023,0.77476
8327.83,SYN.BTC-11OCT19,1569927541216,open,0.01,56.5,0.0005,0.019,0.00628366,110.2,0.007,0.0,BTC-11OCT19-6500-P,8324.75,104.19,0.005,22.0,0.008,11.0,117.31,1.8889,-10.53923,-0.17748,9e-05,-0.07247
8327.83,SYN.BTC-11OCT19,1569927542260,open,0.04,72.2,0.015,0.0665,0.03963649,89.06,0.038,0.0,BTC-11OCT19-8000-P,8324.75,83.07,0.036,6.0,0.042,21.0,92.79,5.14485,-23.19787,-0.90994,0.00031,-0.36415
8327.83,SYN.BTC-11OCT19,1569927534887,open,0.0,22.2,0.0005,0.014,0.00369702,87.65,0.004,0.0,BTC-11OCT19-10500-C,8324.75,81.13,0.0025,7.0,0.0045,3.0,91.46,1.68121,-7.46078,0.13214,0.0001,0.06233
8327.83,SYN.BTC-11OCT19,1569927534124,open,0.02,283.1,0.005,0.044,0.02187066,94.31,0.0205,0.0,BTC-11OCT19-7500-P,8324.75,88.34,0.019,8.0,0.0235,23.0,97.51,4.11735,-19.65908,-0.5583,0.00023,-0.22588
8327.83,SYN.BTC-11OCT19,1569927543000,open,0.05,52.1,0.02,0.072,0.04582917,83.78,0.045,0.0,BTC-11OCT19-8500-C,8324.75,79.54,0.043,6.0,0.0475,1.0,86.42,5.44758,-23.1062,0.95201,0.00035,0.46828
8327.83,SYN.BTC-11OCT19,1569927534872,open,0.0,11.9,0.0005,0.0115,0.00193173,89.61,0.003,0.0,BTC-11OCT19-11000-C,8324.75,80.76,0.001,8.0,0.0025,0.7,93.78,1.05372,-4.78049,0.07409,6e-05,0.03481
8333.49,SYN.BTC-25OCT19,1569927543048,open,0.02,717.2,0.003,0.0305,0.01357839,88.15,0.0135,0.0,BTC-25OCT19-11000-C,8324.75,84.24,0.0115,75.0,0.015,32.5,90.73,4.54818,-8.39596,0.64369,0.00011,0.13165
8327.83,SYN.BTC-11OCT19,1569927542104,open,0.1,0.0,0.074,0.138,0.10637096,84.05,None,0.0,BTC-11OCT19-9000-P,8324.75,0.0,0.01,1.0,0.0,0.0,0.0,4.84109,-20.60027,-1.79186,0.00031,-0.68876
8327.83,SYN.BTC-11OCT19,1569927543039,open,0.06,25.9,0.0365,0.0965,0.06650375,83.99,0.065,0.0,BTC-11OCT19-8500-P,8324.75,77.74,0.0625,5.0,0.067,0.2,84.62,5.44781,-23.16515,-1.34764,0.00035,-0.5315
8328.77,SYN.BTC-11OCT19,1569927535543,open,0.02,128.2,0.002,0.032,0.01375519,84.72,0.0135,0.0,BTC-11OCT19-9500-C,8324.75,77.13,0.0105,9.0,0.015,24.0,87.46,3.72883,-15.99447,0.39926,0.00023,0.19093
8333.49,SYN.BTC-25OCT19,1569927535009,open,0.0,374.3,0.0005,0.014,0.00407952,95.34,0.0045,0.0,BTC-25OCT19-13000-C,8324.75,92.84,0.0035,15.0,0.005,20.0,98.98,1.99918,-3.99175,0.21992,5e-05,0.04442
8333.49,SYN.BTC-25OCT19,1569927543013,open,0.02,39.1,0.005,0.039,0.01913919,86.8,0.018,0.0,BTC-25OCT19-10500-C,8324.75,83.54,0.017,24.0,0.0205,15.0,88.86,5.51809,-10.03085,0.85631,0.00014,0.17621
8333.49,SYN.BTC-25OCT19,1569927542674,open,0.0,418.6,0.0005,0.0125,0.00266696,100.43,0.0035,0.0,BTC-25OCT19-14000-C,8324.75,96.18,0.002,31.0,0.0035,20.0,104.92,1.42176,-2.99017,0.14516,3e-05,0.02929
8327.83,SYN.BTC-11OCT19,1569927537276,open,0.03,49.3,0.007,0.0485,0.0256567,83.8,0.024,0.0,BTC-11OCT19-9000-C,8324.75,78.37,0.0225,7.0,0.0255,1.0,83.59,4.8366,-20.51982,0.64207,0.00031,0.31057
8333.49,SYN.BTC-25OCT19,1569927542229,open,0.01,370.7,0.0005,0.0195,0.00714603,91.43,0.008,0.0,BTC-25OCT19-12000-C,8324.75,88.13,0.006,8.0,0.008,19.0,93.75,3.00443,-5.75233,0.36769,7e-05,0.07459
8333.49,SYN.BTC-25OCT19,1569927534980,open,0.0,908.1,0.0005,0.0105,0.00095417,113.63,0.0015,0.0,BTC-25OCT19-17000-C,8324.75,105.75,0.0005,10.5,0.0015,24.7,120.14,0.59307,-1.41134,0.05208,1e-05,0.01051
8333.49,SYN.BTC-25OCT19,1569927542547,open,0.03,1129.2,0.0115,0.0545,0.03097216,95.36,0.03,0.0,BTC-25OCT19-7000-P,8324.75,91.84,0.0285,8.0,0.0325,14.0,97.43,5.99063,-11.96309,-1.26644,0.00014,-0.20132
8333.49,SYN.BTC-25OCT19,1569927537698,open,0.04,240.7,0.022,0.075,0.04742323,91.75,0.043,0.0,BTC-25OCT19-7500-P,8324.75,88.32,0.0445,20.0,0.05,12.0,94.65,7.24272,-13.91574,-1.81537,0.00017,-0.28556
8333.49,SYN.BTC-25OCT19,1569927541598,open,0.16,26.5,0.1145,0.1775,0.14744017,91.61,0.126,0.0,BTC-25OCT19-7500-C,8324.75,85.39,0.142,8.0,0.1495,20.7,94.06,7.24065,-13.89059,3.09219,0.00017,0.71462
8334.46,SYN.BTC-25OCT19,1569927542635,open,0.03,537.4,0.0095,0.051,0.0280719,86.79,0.027,0.0,BTC-25OCT19-10000-C,8324.75,83.51,0.0255,21.1,0.029,15.0,87.96,6.61047,-12.01503,1.14956,0.00017,0.23893
8333.49,SYN.BTC-25OCT19,1569927534993,open,0.0,434.7,0.0005,0.0115,0.00167544,103.91,0.002,0.0,BTC-25OCT19-15000-C,8324.75,97.16,0.001,7.0,0.0025,17.0,110.03,0.97978,-2.13198,0.09344,2e-05,0.01881
8333.49,SYN.BTC-25OCT19,1569927542935,open,0.06,1168.6,0.0395,0.1015,0.07015798,89.01,0.067,0.0,BTC-25OCT19-8000-P,8324.75,86.23,0.0675,15.0,0.0725,2.8,91.34,8.14512,-15.18252,-2.4797,0.0002,-0.38467
8333.49,SYN.BTC-25OCT19,1569927542161,open,0.09,220.0,0.048,0.11,0.07965188,86.77,0.0775,0.0,BTC-25OCT19-8500-C,8324.75,82.75,0.0755,8.0,0.0815,25.0,88.63,8.50091,-15.44648,2.33912,0.00022,0.5087
8333.49,SYN.BTC-25OCT19,1569927535555,open,0.01,920.4,0.003,0.028,0.01262641,106.29,0.0115,0.0,BTC-25OCT19-6000-P,8324.75,102.21,0.011,8.0,0.014,18.0,109.52,3.44442,-7.66727,-0.55632,7e-05,-0.08942
8333.49,SYN.BTC-25OCT19,1569927537670,open,0.02,55.5,0.006,0.039,0.01980338,100.12,0.019,0.0,BTC-25OCT19-6500-P,8324.75,95.87,0.0175,24.0,0.021,16.0,102.2,4.6512,-9.75174,-0.84946,0.0001,-0.13601
8333.49,SYN.BTC-25OCT19,1569927542339,open,0.12,188.1,0.0765,0.141,0.11017604,88.88,0.12,0.0,BTC-25OCT19-8000-C,8324.75,83.65,0.105,9.0,0.112,23.4,90.81,8.14489,-15.1595,2.75423,0.0002,0.61536
8333.49,SYN.BTC-25OCT19,1569927543042,open,0.13,574.2,0.1005,0.1735,0.13737053,86.92,0.1395,0.0,BTC-25OCT19-9000-P,8324.75,82.41,0.133,7.0,0.14,10.0,89.47,8.27146,-15.05655,-3.98123,0.00021,-0.59287
8333.49,SYN.BTC-25OCT19,1569927535049,open,0.0,626.4,0.0005,0.011,0.00124073,108.9,0.0015,0.0,BTC-25OCT19-16000-C,8324.75,97.98,0.0005,40.0,0.002,37.0,116.01,0.75167,-1.7143,0.06852,2e-05,0.01381
8359.17,BTC-27DEC19,1569927535161,open,0.11,514.3,0.064,0.1465,0.10581014,88.82,0.1115,0.0,BTC-27DEC19-10000-C,8324.75,88.4,0.105,1.0,0.108,46.0,89.97,15.95706,-8.15701,6.28977,0.00011,0.42193
8360.09,BTC-27DEC19,1569927542925,open,0.06,692.1,0.027,0.093,0.0582711,89.02,0.055,0.0,BTC-27DEC19-12000-C,8324.75,87.93,0.0565,9.5,0.06,1.0,90.1,13.46685,-6.89947,4.19856,9e-05,0.26924
8333.49,SYN.BTC-25OCT19,1569927542125,open,0.04,57.9,0.017,0.0665,0.04051218,86.78,0.0425,0.0,BTC-25OCT19-9500-C,8324.75,83.49,0.0375,13.0,0.0415,15.0,87.91,7.58032,-13.77625,1.50122,0.00019,0.31587
8359.17,BTC-27DEC19,1569927535535,open,0.04,586.1,0.012,0.063,0.03407821,90.83,0.0355,0.0,BTC-27DEC19-14000-C,8324.75,89.15,0.032,7.0,0.036,20.0,92.35,10.43754,-5.45622,2.76487,7e-05,0.17304
8333.49,SYN.BTC-25OCT19,1569927542961,open,0.09,13.7,0.065,0.1335,0.09963269,86.9,0.098,0.0,BTC-25OCT19-8500-P,8324.75,84.24,0.097,13.2,0.104,8.0,91.1,8.50085,-15.47035,-3.22105,0.00022,-0.49118
8360.09,BTC-27DEC19,1569927535316,open,0.03,607.8,0.008,0.052,0.0264015,91.64,0.027,0.0,BTC-27DEC19-15000-C,8324.75,90.36,0.025,7.0,0.0285,20.0,93.58,9.04205,-4.769,2.24478,6e-05,0.13918
8359.17,BTC-27DEC19,1569927535192,open,0.01,390.4,0.0005,0.02,0.00682095,99.9,0.0075,0.0,BTC-27DEC19-22000-C,8324.75,97.91,0.006,20.8,0.008,22.0,102.53,3.56988,-2.05262,0.67568,2e-05,0.04078
8359.17,BTC-27DEC19,1569927535341,open,0.0,490.6,0.0005,0.0125,0.00293027,105.6,0.0035,0.0,BTC-27DEC19-28000-C,8324.75,100.79,0.002,5.0,0.004,42.3,109.96,1.8361,-1.1159,0.30701,1e-05,0.01836
8360.09,BTC-27DEC19,1569927535736,open,0.0,227.3,0.0005,0.0125,0.00251435,122.32,0.006,0.0,BTC-27DEC19-2500-P,8324.75,113.31,0.0015,25.0,0.003,20.0,125.8,1.10008,-0.77447,-0.25179,1e-05,-0.01014
8359.17,BTC-27DEC19,1569927535067,open,0.01,248.1,0.0005,0.018,0.0077473,110.89,0.0085,0.0,BTC-27DEC19-3500-P,8324.75,106.96,0.0065,20.0,0.009,16.0,114.51,2.78033,-1.77443,-0.75246,2e-05,-0.03007
8359.17,BTC-27DEC19,1569927542284,open,0.05,477.3,0.0185,0.0775,0.04536326,90.64,0.0425,0.0,BTC-27DEC19-13000-C,8324.75,89.69,0.044,1.0,0.047,38.0,91.77,12.02565,-6.27341,3.44347,8e-05,0.21843
8360.09,BTC-27DEC19,1569927535361,open,0.01,483.7,0.003,0.032,0.01344665,94.75,0.012,0.0,BTC-27DEC19-18000-C,8324.75,93.4,0.0125,26.0,0.015,22.0,96.92,5.87105,-3.20172,1.25834,4e-05,0.07667
8359.17,BTC-27DEC19,1569927536532,open,0.0,458.3,0.0005,0.0135,0.00387141,104.12,0.003,0.0,BTC-27DEC19-26000-C,8324.75,98.36,0.0025,29.0,0.005,37.0,107.89,2.29149,-1.37313,0.3976,1e-05,0.02385
8360.09,BTC-27DEC19,1569927535351,open,0.0,315.6,0.0005,0.0115,0.00172255,107.93,0.003,0.0,BTC-27DEC19-32000-C,8324.75,95.24,0.0005,53.0,0.0025,37.0,112.68,1.19374,-0.74155,0.18731,1e-05,0.01113
8359.17,BTC-27DEC19,1569927535074,open,0.03,706.5,0.01,0.0475,0.02660406,98.53,0.025,0.0,BTC-27DEC19-5000-P,8324.75,96.57,0.025,29.8,0.0275,0.2,99.61,6.90314,-3.91471,-2.42333,4e-05,-0.09519
8360.09,BTC-27DEC19,1569927542589,open,0.11,229.1,0.076,0.158,0.11717579,89.41,0.1135,0.0,BTC-27DEC19-7500-P,8324.75,87.52,0.114,4.5,0.1195,12.0,90.68,14.59044,-7.50819,-8.70643,0.0001,-0.32025
8360.09,BTC-27DEC19,1569927535202,open,0.02,355.6,0.006,0.044,0.02082638,92.68,0.0225,0.0,BTC-27DEC19-16000-C,8324.75,91.26,0.0195,26.0,0.022,21.0,93.93,7.82977,-4.17646,1.83894,5e-05,0.11323
8359.17,BTC-27DEC19,1569927542988,open,0.08,764.8,0.0415,0.1165,0.07835508,88.82,0.079,0.0,BTC-27DEC19-11000-C,8324.75,87.22,0.0755,2.5,0.0805,8.0,90.02,14.91539,-7.62456,5.17353,0.0001,0.33838
8359.17,BTC-27DEC19,1569927535763,open,0.0,395.0,0.0005,0.0145,0.00464054,116.33,0.006,0.0,BTC-27DEC19-3000-P,8324.75,110.7,0.0035,20.0,0.0055,37.0,120.06,1.8342,-1.22805,-0.4572,1e-05,-0.01834
8359.17,BTC-27DEC19,1569927542204,open,0.2,251.3,0.1455,0.231,0.19014077,88.8,0.1875,0.0,BTC-27DEC19-8000-C,8324.75,87.1,0.187,2.5,0.1945,41.0,91.16,15.46748,-7.90471,8.64725,0.0001,0.62475
8359.17,BTC-27DEC19,1569927535286,open,0.01,642.0,0.0005,0.0155,0.00489171,101.55,0.004,0.0,BTC-27DEC19-24000-C,8324.75,98.69,0.004,26.9,0.006,23.0,104.67,2.77314,-1.62078,0.49912,2e-05,0.02998
8360.09,BTC-27DEC19,1569927542531,open,0.01,416.2,0.002,0.0255,0.01195477,105.69,0.0135,0.0,BTC-27DEC19-4000-P,8324.75,102.48,0.0105,53.0,0.013,10.0,107.86,3.91841,-2.38359,-1.14858,2e-05,-0.04576
8459.83,BTC-27MAR20,1569927535426,open,0.02,26.7,0.0055,0.0475,0.02092463,99.55,0.021,0.0,BTC-27MAR20-28000-C,8324.75,97.73,0.019,12.0,0.0225,10.0,100.98,9.15764,-2.5626,2.62529,3e-05,0.0846
8459.83,BTC-27MAR20,1569927535738,open,0.06,155.5,0.0225,0.095,0.0549494,92.8,0.0575,0.0,BTC-27MAR20-18000-C,8324.75,91.55,0.0525,10.0,0.058,18.0,94.36,16.53386,-4.31287,5.98133,5e-05,0.2
8360.09,BTC-27DEC19,1569927535412,open,0.0,432.2,0.0005,0.0105,0.00057453,115.49,0.0005,0.0,BTC-27DEC19-44000-C,8324.75,0.0,0.0,0.0,0.001,10.0,121.6,0.466,-0.30975,0.06501,0.0,0.00384
8359.17,BTC-27DEC19,1569927541338,open,0.07,374.8,0.0385,0.1035,0.06990474,91.81,0.068,0.0,BTC-27DEC19-6500-P,8324.75,90.09,0.0675,11.0,0.072,15.0,93.24,11.95008,-6.31459,-5.69049,8e-05,-0.21606
