underlying_price,underlying_index,timestamp,state,settlement_price,open_interest,min_price,max_price,mark_price,mark_iv,last_price,interest_rate,instrument_name,index_price,bid_iv,best_bid_price,best_bid_amount,best_ask_price,best_ask_amount,ask_iv,vega,theta,rho,gamma,delta
6881.92,BTC-27DEC19,1576580339999,open,0.05,1154.7,0.0255,0.0755,0.04805083,58.76,0.0475,0.0,BTC-27DEC19-7000-P,6882.88,56.37,0.0465,0.8,0.0485,19.7,59.44,4.47936,-13.32565,-1.11508,0.00059,-0.5508
6881.91,BTC-27DEC19,1576580340001,open,0.0,1510.1,0.0005,0.0105,0.00099525,103.23,0.0015,0.0,BTC-27DEC19-10000-C,6882.88,94.45,0.0005,128.8,0.0015,58.3,109.49,0.48151,-2.51656,0.03013,4e-05,0.01718
6881.91,BTC-27DEC19,1576580340003,open,0.03,280.2,0.0125,0.0545,0.03089222,58.75,0.0305,0.0,BTC-27DEC19-7000-C,6882.88,56.61,0.0295,25.7,0.0315,19.9,59.69,4.47934,-13.32475,0.77887,0.00059,0.44918
6881.92,BTC-27DEC19,1576580340004,open,0.0,508.3,0.0005,0.015,0.00348471,88.56,0.004,0.0,BTC-27DEC19-5500-P,6882.88,85.74,0.003,31.8,0.0035,18.4,88.64,1.23248,-5.52601,-0.10616,0.00011,-0.05353
6881.92,BTC-27DEC19,1576580340006,open,0.01,930.6,0.0015,0.029,0.0111585,60.57,0.011,0.0,BTC-27DEC19-7500-C,6882.88,59.16,0.0105,14.3,0.012,19.8,62.33,3.24381,-9.94679,0.36646,0.00042,0.20797
6881.91,BTC-27DEC19,1576580340008,open,0.0,1426.2,0.0005,0.0115,0.00176417,104.16,0.0015,0.0,BTC-27DEC19-5000-P,6882.88,101.33,0.0015,5.0,0.002,38.9,106.48,0.67434,-3.55621,-0.05091,5e-05,-0.02558
6881.92,BTC-27DEC19,1576580340009,open,0.02,113.3,0.0055,0.0405,0.01889132,59.53,0.018,0.0,BTC-27DEC19-7250-C,6882.88,58.0,0.018,10.7,0.0195,23.6,60.57,4.01858,-12.11217,0.55043,0.00053,0.3145
6881.92,BTC-27DEC19,1576580340012,open,0.46,503.4,0.425,0.488,0.45407813,103.29,0.45,0.0,BTC-27DEC19-10000-P,6882.88,0.0,0.4475,6.4,0.461,2.0,148.09,0.48288,-2.52519,-2.67544,4e-05,-0.98276
6881.91,BTC-27DEC19,1576580340014,open,0.13,133.2,0.1135,0.1595,0.13522417,73.02,0.17,0.0,BTC-27DEC19-6000-C,6882.88,70.71,0.1345,0.1,0.1375,0.1,79.78,2.19346,-8.10929,1.39662,0.00023,0.88528
131.58,SYN.ETH-20DEC19,1576580340017,open,0.0,1142.0,0.001,0.011,9e-06,120.0,0.001,0.0,ETH-20DEC19-190-C,131.64,0.0,0.0,0.0,0.001,26.0,188.72,0.00015,-0.0012,0.0,9e-05,0.00034
6881.91,BTC-27DEC19,1576580340027,open,0.0,1171.7,0.0005,0.0105,0.00049584,114.65,0.0005,0.0,BTC-27DEC19-11000-C,6882.88,0.0,0.0,0.0,0.001,58.2,124.97,0.25806,-1.49795,0.01465,2e-05,0.00837
6881.92,BTC-27DEC19,1576580340029,open,0.0,59.3,0.0005,0.0115,0.00194513,79.71,0.002,0.0,BTC-27DEC19-8750-C,6882.88,76.23,0.0015,55.5,0.0025,22.3,83.44,0.94947,-3.83182,0.06842,9e-05,0.03869
6881.91,BTC-27DEC19,1576580340032,open,0.0,806.2,0.0005,0.0105,0.00065328,115.0,0.001,0.0,BTC-27DEC19-4500-P,6882.88,111.05,0.0005,16.0,0.001,23.3,122.04,0.292,-1.70015,-0.01915,2e-05,-0.00963
6881.92,BTC-27DEC19,1576580340037,open,0.07,147.5,0.0505,0.1,0.07410067,63.43,0.0715,0.0,BTC-27DEC19-6500-C,6882.88,61.41,0.073,0.1,0.0735,20.3,62.33,3.77341,-12.1174,1.21302,0.00046,0.72555
6881.91,BTC-27DEC19,1576580340040,open,0.02,1033.9,0.0055,0.0405,0.01860496,63.43,0.0185,0.0,BTC-27DEC19-6500-P,6882.88,60.48,0.017,27.4,0.018,21.7,62.32,3.77355,-12.11901,-0.54571,0.00046,-0.27447
6881.92,BTC-27DEC19,1576580340044,open,0.05,35.4,0.0275,0.075,0.0495631,60.4,0.049,0.0,BTC-27DEC19-6750-C,6882.88,58.73,0.0485,0.4,0.0495,20.4,60.3,4.38304,-13.40251,1.01855,0.00057,0.59658
6881.92,BTC-27DEC19,1576580340045,open,0.28,0.0,0.247,0.3045,0.27339632,79.74,0.211,0.0,BTC-27DEC19-8750-P,6882.88,0.0,0.2665,5.0,0.28,2.0,109.39,0.95054,-3.83741,-2.29894,9e-05,-0.96125
6881.92,BTC-27DEC19,1576580340046,open,0.38,0.0,0.3535,0.4135,0.38144083,91.51,None,0.0,BTC-27DEC19-9500-P,6882.88,0.0,0.374,5.0,0.3885,2.0,133.42,0.53376,-2.4729,-2.53618,5e-05,-0.98061
6881.92,BTC-27DEC19,1576580340048,open,0.2,0.0,0.1765,0.2325,0.2022697,71.73,0.1745,0.0,BTC-27DEC19-8250-P,6882.88,0.0,0.1955,5.0,0.2085,2.0,93.12,1.51571,-5.50475,-2.10878,0.00016,-0.93025
6881.91,BTC-27DEC19,1576580340049,open,0.24,3.0,0.2115,0.2675,0.23736221,73.85,0.1865,0.0,BTC-27DEC19-8500-P,6882.88,0.0,0.23,5.0,0.244,2.0,100.88,1.10544,-4.13301,-2.21704,0.00012,-0.9533
6881.92,BTC-27DEC19,1576580340052,open,0.28,0.0,0.247,0.3045,0.27339632,79.74,0.211,0.0,BTC-27DEC19-8750-P,6882.88,0.0,0.2665,2.0,0.28,2.0,109.39,0.95054,-3.83741,-2.29894,9e-05,-0.96125
6881.92,BTC-27DEC19,1576580340053,open,0.38,0.0,0.3535,0.4135,0.38144083,91.51,None,0.0,BTC-27DEC19-9500-P,6882.88,0.0,0.374,2.0,0.3885,2.0,133.42,0.53376,-2.4729,-2.53618,5e-05,-0.98061
6881.92,BTC-27DEC19,1576580340054,open,0.2,0.0,0.1765,0.2325,0.2022697,71.73,0.1745,0.0,BTC-27DEC19-8250-P,6882.88,0.0,0.1955,2.0,0.2085,2.0,93.12,1.51571,-5.50475,-2.10878,0.00016,-0.93025
6881.91,BTC-27DEC19,1576580340055,open,0.24,3.0,0.2115,0.2675,0.23736221,73.85,0.1865,0.0,BTC-27DEC19-8500-P,6882.88,0.0,0.23,2.0,0.244,2.0,100.88,1.10544,-4.13301,-2.21704,0.00012,-0.9533
6882.6,SYN.BTC-20DEC19,1576580340500,open,0.35,0.0,0.318,0.373,0.34403478,115.18,None,0.0,BTC-20DEC19-9250-P,6882.88,0.0,0.0,0.0,0.644,3.0,500.0,0.04314,-0.86403,-0.72759,1e-05,-0.99775
6882.6,SYN.BTC-20DEC19,1576580340500,open,0.0,67.0,0.0005,0.0105,6.488e-05,115.0,0.0005,0.0,BTC-20DEC19-9250-C,6882.88,0.0,0.0,0.0,0.0005,15.5,143.23,0.04257,-0.44654,0.00117,1e-05,0.00222
6881.93,BTC-27DEC19,1576580340897,open,0.75,73.0,0.71,0.781,0.74381959,115.43,0.674,0.0,BTC-27DEC19-12000-P,6882.88,0.0,0.7365,2.0,0.751,2.0,196.23,0.08158,-0.47676,-3.24274,1e-05,-0.9977
6901.36,SYN.BTC-31JAN20,1576580340897,open,0.01,312.9,0.002,0.0275,0.01163617,74.62,0.013,0.0,BTC-31JAN20-5000-P,6882.88,72.52,0.0105,42.0,0.012,19.4,75.28,3.81572,-3.17254,-0.83283,9e-05,-0.08652
6983.0,SYN.BTC-26JUN20,1576580340899,open,0.16,202.7,0.114,0.209,0.15656429,72.42,0.159,0.0,BTC-26JUN20-8000-C,6882.88,71.7,0.1545,18.2,0.163,19.0,74.64,20.19821,-3.81147,12.65926,0.00011,0.50142
6901.36,SYN.BTC-31JAN20,1576580340899,open,0.04,109.1,0.019,0.0655,0.03644585,63.62,0.037,0.0,BTC-31JAN20-8000-C,6882.88,63.25,0.036,0.1,0.037,0.4,64.08,8.29601,-5.88102,2.15946,0.00022,0.29095
6932.46,BTC-27MAR20,1576580340903,open,3.34,0.0,3.2435,3.429,3.33054605,115.03,None,0.0,BTC-27MAR20-30000-P,6882.88,0.0,0.0015,10.0,0.0,0.0,0.0,1.53594,-0.87571,-82.64493,1e-05,-0.98301
6901.36,SYN.BTC-31JAN20,1576580340903,open,0.6,0.0,0.565,0.643,0.6005333,79.06,None,0.0,BTC-31JAN20-11000-P,6882.88,0.0,0.3005,1.0,0.901,1.0,328.18,2.93548,-2.58579,-13.05949,6e-05,-0.93859
131.73,SYN.ETH-31JAN20,1576580340905,open,0.02,397.0,0.006,0.043,0.020537,78.55,0.018,0.0,ETH-31JAN20-180-C,131.64,76.72,0.019,798.0,0.023,128.0,81.38,0.11223,-0.09822,0.02253,0.0067,0.15966
131.44,ETH-27DEC19,1576580340907,open,4.51,0.0,4.319,4.647,4.477785,62.5,None,0.0,ETH-27DEC19-720-P,131.64,0.0,0.004,50.0,0.0,0.0,0.0,0.0,0.0,-0.19481,0.0,-1.0
6881.93,BTC-27DEC19,1576580340914,open,3.37,0.2,3.274,3.448,3.35925492,234.63,2.51,0.0,BTC-27DEC19-30000-P,6882.88,0.0,0.0,0.0,0.0,0.0,0.0,0.0064,-0.07606,-8.11676,0.0,-0.99985
6983.0,SYN.BTC-26JUN20,1576580340914,open,1.89,0.1,1.818,1.977,1.88907378,90.8,1.765,0.0,BTC-26JUN20-20000-P,6882.88,0.0,0.1,1.0,2.05,0.1,163.72,9.02598,-2.13558,-102.30341,4e-05,-0.89782
6901.36,SYN.BTC-31JAN20,1576580340914,open,0.01,436.2,0.0005,0.027,0.01015794,73.14,0.0095,0.0,BTC-31JAN20-10000-C,6882.88,71.11,0.009,53.0,0.011,16.0,74.55,4.05088,-3.30111,0.70944,9e-05,0.09377
6901.36,SYN.BTC-31JAN20,1576580340914,open,0.29,0.0,0.2665,0.311,0.28713943,74.62,None,0.0,BTC-31JAN20-5000-C,6882.88,44.87,0.2765,6.0,0.307,6.0,103.63,3.81549,-3.17221,5.3146,9e-05,0.91349
6932.46,BTC-27MAR20,1576580340918,open,2.76,0.0,2.678,2.842,2.75447703,109.55,None,0.0,BTC-27MAR20-26000-P,6882.88,0.0,0.0015,10.0,0.0,0.0,0.0,1.9395,-1.05319,-71.5049,1e-05,-0.97764
6881.93,BTC-27DEC19,1576580340918,open,5.99,0.0,5.8385,6.117,5.97480787,309.01,None,0.0,BTC-27DEC19-48000-P,6882.88,0.0,0.0005,1.0,0.0,0.0,0.0,0.00779,-0.1219,-12.98692,0.0,-0.99982
6932.46,BTC-27MAR20,1576580340918,open,0.0,115.7,0.0005,0.017,0.00399921,109.54,0.0075,0.0,BTC-27MAR20-26000-C,6882.88,105.6,0.003,46.0,0.005,22.0,112.85,1.93773,-1.05204,0.3514,1e-05,0.02234
6932.46,BTC-27MAR20,1576580340918,open,0.01,506.8,0.0005,0.024,0.00695344,99.72,0.0075,0.0,BTC-27MAR20-20000-C,6882.88,97.48,0.006,24.0,0.0075,14.9,100.92,3.09541,-1.52997,0.61962,2e-05,0.03929
6932.46,BTC-27MAR20,1576580340918,open,3.05,0.0,2.9605,3.136,3.04271736,113.42,None,0.0,BTC-27MAR20-28000-P,6882.88,0.0,0.0015,10.0,0.0,0.0,0.0,1.80351,-1.0139,-77.06271,1e-05,-0.97948
6932.46,BTC-27MAR20,1576580340918,open,0.14,531.9,0.103,0.1795,0.13806206,68.16,0.137,0.0,BTC-27MAR20-7000-C,6882.88,67.17,0.136,2.0,0.14,13.9,69.09,14.37211,-4.85547,8.09263,0.00016,0.56045
6901.36,SYN.BTC-31JAN20,1576580340918,open,0.17,1.7,0.1395,0.1965,0.16634037,65.77,0.182,0.0,BTC-31JAN20-6000-C,6882.88,46.45,0.147,13.0,0.1725,13.0,71.4,7.43775,-5.45029,5.07894,0.00019,0.76492
6983.0,SYN.BTC-26JUN20,1576580340918,open,0.02,34.8,0.0065,0.053,0.02078167,92.92,0.0215,0.0,BTC-26JUN20-22000-C,6882.88,91.31,0.019,27.0,0.0215,15.0,93.54,7.93921,-1.92228,2.38955,3e-05,0.08588
6932.46,BTC-27MAR20,1576580340922,open,1.04,59.0,0.986,1.0955,1.03495794,85.03,0.877,0.0,BTC-27MAR20-14000-P,6882.88,0.0,0.734,1.5,1.1345,0.1,153.19,5.85517,-2.46783,-37.28882,5e-05,-0.91129
6881.93,BTC-27DEC19,1576580340922,open,4.24,1.3,4.129,4.3375,4.2311059,263.37,3.212,0.0,BTC-27DEC19-36000-P,6882.88,0.0,0.0005,1.0,0.0,0.0,0.0,0.00686,-0.09143,-9.74015,0.0,-0.99984
6983.0,SYN.BTC-26JUN20,1576580340922,open,1.33,5.0,1.2645,1.4085,1.32843238,84.92,1.22,0.0,BTC-26JUN20-16000-P,6882.88,0.0,0.56,1.0,1.9995,0.1,354.34,11.77725,-2.60628,-79.98667,5e-05,-0.85052
6983.0,SYN.BTC-26JUN20,1576580340922,open,3.31,0.0,3.2155,3.4195,3.30881427,101.17,None,0.0,BTC-26JUN20-30000-P,6882.88,0.0,0.002,1.0,0.0,0.0,0.0,5.43252,-1.43214,-156.24198,2e-05,-0.94745
6932.46,BTC-27MAR20,1576580340934,open,0.0,159.1,0.0005,0.0195,0.00495263,107.32,0.004,0.0,BTC-27MAR20-24000-C,6882.88,104.25,0.004,15.0,0.0055,15.0,108.91,2.3061,-1.2267,0.43183,2e-05,0.02749
6983.0,SYN.BTC-26JUN20,1576580340934,open,0.02,69.7,0.0045,0.0445,0.01592678,97.48,0.016,0.0,BTC-26JUN20-26000-C,6882.88,95.9,0.0145,14.2,0.0165,15.0,98.09,6.4915,-1.64891,1.83595,3e-05,0.06594
6983.0,SYN.BTC-26JUN20,1576580340934,open,0.01,86.8,0.003,0.039,0.01266648,101.17,0.012,0.0,BTC-26JUN20-30000-C,6882.88,99.62,0.0115,10.0,0.0135,29.9,102.22,5.43252,-1.43214,1.46407,2e-05,0.05255
6932.46,BTC-27MAR20,1576580340950,open,0.21,21.0,0.1775,0.249,0.21070722,68.35,0.2025,0.0,BTC-27MAR20-6000-C,6882.88,63.4,0.202,20.0,0.2135,2.0,69.92,12.27633,-4.15877,9.75033,0.00014,0.71961
6881.93,BTC-27DEC19,1576580340952,open,0.1,717.4,0.075,0.1305,0.10097199,60.57,0.1025,0.0,BTC-27DEC19-7500-P,6882.88,55.13,0.0985,0.1,0.101,0.1,60.63,3.24413,-9.9489,-1.66273,0.00042,-0.792
6901.36,SYN.BTC-31JAN20,1576580340952,open,0.06,215.1,0.0375,0.094,0.05961505,63.15,0.0625,0.0,BTC-31JAN20-6500-P,6882.88,61.91,0.058,2.0,0.0595,20.0,63.06,8.97702,-6.31626,-3.48822,0.00024,-0.35149
6901.36,SYN.BTC-31JAN20,1576580340952,open,0.39,4.8,0.356,0.4305,0.38989528,70.52,0.3445,0.0,BTC-31JAN20-9500-P,6882.88,0.0,0.0905,1.0,0.691,1.0,304.74,4.87651,-3.83178,-10.76438,0.00012,-0.87874
132.19,ETH-27MAR20,1576580340958,open,0.0,5151.0,0.001,0.014,0.003532,120.0,0.004,0.0,ETH-27MAR20-600-C,131.64,117.65,0.003,1020.0,0.007,616.0,131.25,0.03171,-0.01886,0.00552,0.00055,0.01865
131.44,ETH-27DEC19,1576580340962,open,0.05,748.0,0.015,0.074,0.041808,72.19,0.048,0.0,ETH-27DEC19-130-P,131.64,67.86,0.039,520.0,0.045,250.0,77.11,0.08526,-0.31161,-0.01712,0.02527,-0.43954
132.94,SYN.ETH-26JUN20,1576580340962,open,3.25,0.0,3.096,3.384,3.23089,106.74,None,0.0,ETH-26JUN20-560-P,131.64,0.0,0.01,50.0,0.0,0.0,0.0,0.13028,-0.03624,-2.9074,0.00131,-0.92939
132.94,SYN.ETH-26JUN20,1576580340964,open,0.14,1973.0,0.091,0.199,0.143814,86.25,0.136,0.0,ETH-26JUN20-180-C,131.64,83.5,0.136,4.0,0.152,278.0,89.11,0.37888,-0.08515,0.2012,0.00473,0.43172
131.73,SYN.ETH-31JAN20,1576580340964,open,0.0,427.0,0.001,0.017,0.00505,100.65,0.003,0.0,ETH-31JAN20-260-C,131.64,100.48,0.005,500.0,0.007,830.0,106.47,0.03983,-0.04467,0.00567,0.00186,0.04004
132.19,ETH-27MAR20,1576580340966,open,0.3,1.0,0.26,0.338,0.299673,80.89,0.337,0.0,ETH-27MAR20-100-C,131.64,59.48,0.271,44.0,0.326,44.0,98.59,0.19007,-0.0762,0.18555,0.00487,0.80755
131.73,SYN.ETH-31JAN20,1576580340966,open,0.54,0.0,0.48,0.588,0.531263,84.46,None,0.0,ETH-31JAN20-200-P,131.64,0.0,0.518,1.0,1.044,1.0,489.96,0.08311,-0.07821,-0.23124,0.00461,-0.89651
132.19,ETH-27MAR20,1576580340968,open,0.02,837.0,0.008,0.043,0.022033,84.59,0.013,0.0,ETH-27MAR20-80-P,131.64,82.13,0.02,300.0,0.024,320.0,86.89,0.11121,-0.04663,-0.04029,0.00272,-0.08824
131.73,SYN.ETH-31JAN20,1576580340968,open,0.01,553.0,0.003,0.031,0.012988,84.46,0.016,0.0,ETH-31JAN20-200-C,131.64,82.87,0.012,550.0,0.015,510.0,87.54,0.08311,-0.07821,0.01466,0.00461,0.10349
132.94,SYN.ETH-26JUN20,1576580340968,open,2.65,0.0,2.514,2.772,2.635104,103.81,None,0.0,ETH-26JUN20-480-P,131.64,0.0,0.01,50.0,0.0,0.0,0.0,0.1589,-0.04298,-2.4762,0.00165,-0.90815
131.44,ETH-27DEC19,1576580340970,open,2.98,36.0,2.842,3.078,2.956178,120.0,2.65,0.0,ETH-27DEC19-520-P,131.64,0.0,0.003,50.0,0.0,0.0,0.0,0.0,0.0,-0.14069,0.0,-1.0
132.19,ETH-27MAR20,1576580340970,open,1.15,173.0,1.066,1.227,1.141616,97.8,1.157,0.0,ETH-27MAR20-280-P,131.64,0.0,1.118,1.0,1.155,1.0,109.56,0.13449,-0.06519,-0.74057,0.00285,-0.88547
131.44,ETH-27DEC19,1576580340970,open,2.67,21.0,2.546,2.764,2.651856,120.0,2.37,0.0,ETH-27DEC19-480-P,131.64,0.0,0.002,50.0,0.0,0.0,0.0,0.0,0.0,-0.12987,0.0,-1.0
132.94,SYN.ETH-26JUN20,1576580340970,open,2.95,0.0,2.805,3.077,2.932498,105.17,None,0.0,ETH-26JUN20-520-P,131.64,0.0,0.01,50.0,0.0,0.0,0.0,0.14283,-0.03914,-2.69255,0.00146,-0.92035
132.19,ETH-27MAR20,1576580340976,open,0.07,1831.0,0.037,0.115,0.073274,84.29,0.07,0.0,ETH-27MAR20-180-C,131.64,82.53,0.07,375.0,0.077,302.0,86.27,0.24765,-0.10346,0.08917,0.00608,0.31735
132.19,ETH-27MAR20,1576580340979,open,0.0,800.0,0.001,0.012,0.002668,120.0,0.003,0.0,ETH-27MAR20-640-C,131.64,121.65,0.003,719.0,0.006,397.0,132.71,0.02549,-0.01516,0.00431,0.00044,0.01445
131.44,ETH-27DEC19,1576580340979,open,2.37,0.0,2.251,2.451,2.347535,120.0,None,0.0,ETH-27DEC19-440-P,131.64,0.0,0.002,50.0,0.0,0.0,0.0,0.0,0.0,-0.11905,0.0,-1.0
131.44,ETH-27DEC19,1576580340979,open,0.1,123.0,0.071,0.137,0.104693,78.92,0.1,0.0,ETH-27DEC19-120-C,131.64,73.31,0.102,80.0,0.11,40.0,89.46,0.0643,-0.25693,0.02395,0.01743,0.77827
132.94,SYN.ETH-26JUN20,1576580340979,open,0.89,3.0,0.803,0.98,0.888048,89.31,0.75,0.0,ETH-26JUN20-240-P,131.64,0.0,0.805,1.0,1.713,1.0,500.0,0.32338,-0.07526,-1.12511,0.0039,-0.72191
132.19,ETH-27MAR20,1576580340981,open,0.01,1440.0,0.003,0.035,0.012968,114.35,0.014,0.0,ETH-27MAR20-400-C,131.64,107.46,0.009,260.0,0.017,392.0,120.16,0.08453,-0.04791,0.01778,0.00153,0.06162
131.44,ETH-27DEC19,1576580340981,open,3.59,0.0,3.433,3.706,3.56482,62.5,0.953,0.0,ETH-27DEC19-600-P,131.64,0.0,0.02,50.0,0.0,0.0,0.0,0.0,0.0,-0.16234,0.0,-1.0
131.73,SYN.ETH-31JAN20,1576580340982,open,0.01,232.0,0.001,0.019,0.006051,94.21,0.007,0.0,ETH-31JAN20-240-C,131.64,94.07,0.006,500.0,0.008,830.0,99.22,0.04717,-0.04952,0.00702,0.00235,0.04939
132.19,ETH-27MAR20,1576580340986,open,0.06,281.0,0.029,0.09,0.05616,80.89,0.06,0.0,ETH-27MAR20-100-P,131.64,77.97,0.052,286.0,0.06,319.0,83.54,0.19007,-0.0762,-0.09083,0.00487,-0.19245
131.73,SYN.ETH-31JAN20,1576580340986,open,0.07,187.0,0.044,0.111,0.076658,73.06,0.081,0.0,ETH-31JAN20-140-C,131.64,70.42,0.073,307.0,0.081,403.0,76.18,0.18316,-0.14909,0.06149,0.01175,0.45634
131.44,ETH-27DEC19,1576580340988,open,0.84,2352.0,0.773,0.882,0.826013,120.0,0.69,0.0,ETH-27DEC19-240-P,131.64,0.0,0.001,20.0,1.624,5.0,500.0,0.00111,-0.00672,-0.06488,0.0002,-0.99842
131.44,ETH-27DEC19,1576580340988,open,4.2,1.0,4.023,4.333,4.173463,130.86,2.792,0.0,ETH-27DEC19-680-P,131.64,0.0,0.02,50.0,0.0,0.0,0.0,0.0,0.0,-0.18399,0.0,-1.0
132.19,ETH-27MAR20,1576580340990,open,0.86,119.0,0.78,0.929,0.850452,93.09,0.835,0.0,ETH-27MAR20-240-P,131.64,0.0,0.812,300.0,0.868,1.0,105.45,0.17252,-0.0796,-0.61575,0.00384,-0.83497
131.73,SYN.ETH-31JAN20,1576580340990,open,0.69,0.0,0.625,0.739,0.678681,89.43,None,0.0,ETH-31JAN20-220-P,131.64,0.0,0.669,1.0,1.177,1.0,490.62,0.06175,-0.06153,-0.2606,0.00324,-0.93039
132.94,SYN.ETH-26JUN20,1576580340990,open,2.05,0.0,1.935,2.164,2.042277,99.85,None,0.0,ETH-26JUN20-400-P,131.64,0.0,0.01,50.0,0.0,0.0,0.0,0.1963,-0.05107,-2.04006,0.00212,-0.8769
132.94,SYN.ETH-26JUN20,1576580340990,open,0.04,754.0,0.014,0.077,0.038695,96.71,0.04,0.0,ETH-26JUN20-360-C,131.64,95.03,0.036,480.0,0.041,1.0,98.11,0.21691,-0.05467,0.0724,0.00241,0.14229
132.19,ETH-27MAR20,1576580340992,open,0.1,1161.0,0.062,0.148,0.103725,83.2,0.108,0.0,ETH-27MAR20-160-C,131.64,81.38,0.1,100.0,0.108,274.0,85.28,0.27074,-0.11165,0.11327,0.00674,0.41378
131.44,ETH-27DEC19,1576580340992,open,3.9,0.0,3.728,4.02,3.869142,126.22,None,0.0,ETH-27DEC19-640-P,131.64,0.0,0.02,50.0,0.0,0.0,0.0,0.0,0.0,-0.17316,0.0,-1.0
131.73,SYN.ETH-31JAN20,1576580340994,open,0.99,0.0,0.918,1.047,0.978808,100.65,None,0.0,ETH-31JAN20-260-P,131.64,0.0,0.01,55.0,1.973,5.0,500.0,0.03983,-0.04467,-0.314,0.00186,-0.95996
6983.0,SYN.BTC-26JUN20,1576580340994,open,0.42,107.7,0.3585,0.481,0.41412016,74.66,0.39,0.0,BTC-26JUN20-9000-P,6882.88,62.99,0.3815,6.0,0.439,8.0,83.37,19.80593,-3.85337,-36.43821,0.0001,-0.57851
131.73,SYN.ETH-31JAN20,1576580340994,open,0.01,478.0,0.001,0.024,0.008579,89.43,0.016,0.0,ETH-31JAN20-220-C,131.64,88.17,0.008,500.0,0.011,830.0,94.26,0.06175,-0.06153,0.00988,0.00324,0.06961
131.44,ETH-27DEC19,1576580340996,open,4.81,1.0,4.615,4.961,4.782106,125.0,3.236,0.0,ETH-27DEC19-760-P,131.64,0.0,0.02,50.0,0.0,0.0,0.0,0.0,0.0,-0.20563,0.0,-1.0
132.94,SYN.ETH-26JUN20,1576580340996,open,0.27,143.0,0.22,0.323,0.272896,81.49,0.323,0.0,ETH-26JUN20-120-C,131.64,68.07,0.238,50.0,0.28,210.0,84.23,0.34452,-0.07316,0.28476,0.00455,0.68037
132.94,SYN.ETH-26JUN20,1576580340996,open,0.45,0.0,0.412,0.483,0.447862,82.42,None,0.0,ETH-26JUN20-80-C,131.64,66.64,0.426,49.0,0.473,49.0,98.41,0.1988,-0.04269,0.29827,0.0026,0.87466
132.94,SYN.ETH-26JUN20,1576580341002,open,2.35,0.0,2.224,2.468,2.338207,101.98,None,0.0,ETH-26JUN20-440-P,131.64,0.0,0.01,50.0,0.0,0.0,0.0,0.17628,-0.04685,-2.25893,0.00186,-0.89416
131.73,SYN.ETH-31JAN20,1576580341002,open,0.15,22.0,0.112,0.185,0.148869,73.57,0.182,0.0,ETH-31JAN20-120-C,131.64,68.81,0.143,136.0,0.154,136.0,77.69,0.16338,-0.13392,0.08733,0.01041,0.6881
132.94,SYN.ETH-26JUN20,1576580341006,open,0.1,523.0,0.063,0.146,0.101982,81.49,0.107,0.0,ETH-26JUN20-100-P,131.64,77.27,0.093,583.0,0.107,426.0,83.83,0.28426,-0.06036,-0.22396,0.00375,-0.21848
131.73,SYN.ETH-31JAN20,1576580341008,open,0.06,1338.0,0.031,0.093,0.059834,73.57,0.058,0.0,ETH-31JAN20-120-P,131.64,70.47,0.056,669.0,0.063,168.0,76.11,0.16338,-0.13392,-0.0602,0.01041,-0.3119
6932.46,BTC-27MAR20,1576580341023,open,2.18,5.6,2.113,2.2575,2.17943369,104.12,1.545,0.0,BTC-27MAR20-22000-P,6882.88,0.0,0.0015,10.0,0.0,0.0,0.0,2.69418,-1.39037,-60.28048,2e-05,-0.96683
6881.93,BTC-27DEC19,1576580341023,open,2.79,0.0,2.704,2.855,2.77802093,212.17,None,0.0,BTC-27DEC19-26000-P,6882.88,0.0,0.0,0.0,0.0,0.0,0.0,0.00612,-0.06576,-7.0345,0.0,-0.99986
6932.46,BTC-27MAR20,1576580341027,open,0.01,435.9,0.0005,0.0285,0.00895066,95.93,0.0085,0.0,BTC-27MAR20-18000-C,6882.88,94.14,0.008,24.1,0.009,12.3,96.02,3.79033,-1.80231,0.79659,3e-05,0.05053
6901.36,SYN.BTC-31JAN20,1576580341027,open,0.04,251.8,0.018,0.062,0.03573646,65.77,0.036,0.0,BTC-31JAN20-6000-P,6882.88,64.15,0.034,15.0,0.0355,15.0,65.55,7.43783,-5.4505,-2.29794,0.00019,-0.23509
6983.0,SYN.BTC-26JUN20,1576580341027,open,0.13,291.0,0.09,0.1755,0.1274237,71.42,0.1245,0.0,BTC-26JUN20-6000-P,6882.88,69.03,0.1215,19.3,0.129,30.3,72.05,17.34493,-3.22798,-15.34167,9e-05,-0.29051
6983.0,SYN.BTC-26JUN20,1576580341027,open,1.06,13.4,0.9925,1.132,1.05451914,82.45,1.05,0.0,BTC-26JUN20-14000-P,6882.88,0.0,0.5,1.0,1.1,0.1,102.65,13.8987,-2.98623,-68.31132,7e-05,-0.80638
6881.93,BTC-27DEC19,1576580341029,open,0.0,1512.3,0.0005,0.0175,0.00458899,66.64,0.0045,0.0,BTC-27DEC19-8000-C,6882.88,66.31,0.0045,1.0,0.005,29.0,68.1,1.89326,-6.38764,0.16584,0.00022,0.09365
6901.36,SYN.BTC-31JAN20,1576580341029,open,0.01,34.2,0.0005,0.0185,0.005592,82.02,0.006,0.0,BTC-31JAN20-11500-C,6882.88,80.37,0.005,16.0,0.006,16.0,83.1,2.55027,-2.33066,0.38847,5e-05,0.05138
6881.93,BTC-27DEC19,1576580341228,open,0.0,191.3,0.0005,0.011,0.00101233,91.46,0.001,0.0,BTC-27DEC19-9500-C,6882.88,91.3,0.001,15.0,0.0015,1.6,96.98,0.53252,-2.46587,0.03411,5e-05,0.01933
6932.46,BTC-27MAR20,1576580341228,open,0.0,147.6,0.0005,0.011,0.00129533,115.0,0.002,0.0,BTC-27MAR20-36000-C,6882.88,116.74,0.0015,20.0,0.0025,10.1,123.35,0.77309,-0.44067,0.12285,1e-05,0.00771
6982.99,SYN.BTC-26JUN20,1576580341228,open,0.2,77.0,0.1605,0.254,0.20332509,71.42,0.203,0.0,BTC-26JUN20-7000-C,6882.88,71.3,0.203,0.1,0.2085,10.0,73.27,19.55612,-3.63949,14.5736,0.00011,0.60033
6901.36,SYN.BTC-31JAN20,1576580341228,open,0.01,148.5,0.0005,0.0235,0.0081152,76.13,0.008,0.0,BTC-31JAN20-10500-C,6882.88,74.86,0.0075,15.0,0.0085,16.0,76.89,3.42945,-2.90879,0.56849,8e-05,0.07511
6901.36,SYN.BTC-31JAN20,1576580341230,open,0.01,161.7,0.0035,0.0325,0.01335151,70.52,0.0135,0.0,BTC-31JAN20-9500-C,6882.88,69.3,0.0125,1.0,0.014,16.0,71.43,4.876,-3.83113,0.91547,0.00012,0.12124
6982.99,SYN.BTC-26JUN20,1576580341234,open,0.01,141.4,0.002,0.0265,0.01166143,79.57,0.012,0.0,BTC-26JUN20-3000-P,6882.88,76.8,0.01,32.0,0.013,15.0,81.67,4.3465,-0.90129,-1.88962,2e-05,-0.03981
6982.99,SYN.BTC-26JUN20,1576580341236,open,0.07,263.9,0.041,0.1045,0.06738111,71.42,0.0665,0.0,BTC-26JUN20-5000-P,6882.88,69.65,0.064,21.5,0.07,14.5,72.78,13.42324,-2.49813,-9.19103,7e-05,-0.183
6982.99,SYN.BTC-26JUN20,1576580341236,open,0.03,247.0,0.011,0.066,0.02959485,87.72,0.031,0.0,BTC-26JUN20-18000-C,6882.88,86.25,0.0275,31.0,0.0305,15.0,88.33,10.17703,-2.32624,3.34897,5e-05,0.12083
6932.46,BTC-27MAR20,1576580341238,open,0.08,582.5,0.048,0.1135,0.07620199,68.35,0.077,0.0,BTC-27MAR20-6000-P,6882.88,67.1,0.074,1.5,0.078,14.7,69.36,12.27634,-4.15882,-6.83201,0.00014,-0.28039
6881.93,BTC-27DEC19,1576580341238,open,0.42,30.7,0.407,0.431,0.41885273,114.79,0.4745,0.0,BTC-27DEC19-4000-C,6882.88,0.0,0.413,12.2,0.4255,18.4,211.72,0.05518,-0.32071,1.07932,0.0,0.9985
6881.93,BTC-27DEC19,1576580341238,open,1.91,3.6,1.8495,1.965,1.90616994,171.13,1.729,0.0,BTC-27DEC19-20000-P,6882.88,0.0,0.0,0.0,0.0,0.0,0.0,0.00579,-0.05019,-5.41111,0.0,-0.99987
6881.93,BTC-27DEC19,1576580341238,open,0.53,0.0,0.496,0.5615,0.52648358,110.24,None,0.0,BTC-27DEC19-10500-P,6882.88,0.0,0.5195,2.0,0.5335,2.0,161.56,0.36817,-2.0549,-2.81894,3e-05,-0.98743
6901.36,SYN.BTC-31JAN20,1576580341240,open,0.46,0.0,0.425,0.5,0.45915011,73.15,None,0.0,BTC-31JAN20-10000-P,6882.88,0.0,0.1595,1.0,0.76,1.0,312.56,4.05155,-3.30191,-11.58512,9e-05,-0.90621
6982.99,SYN.BTC-26JUN20,1576580341242,open,0.07,283.5,0.036,0.116,0.06797098,79.15,0.066,0.0,BTC-26JUN20-12000-C,6882.88,77.87,0.065,2.0,0.0705,38.1,80.23,16.28317,-3.35867,6.89369,8e-05,0.25577
6982.99,SYN.BTC-26JUN20,1576580341242,open,2.74,0.0,2.6555,2.8405,2.73925989,97.48,None,0.0,BTC-26JUN20-26000-P,6882.88,0.0,0.002,1.0,0.0,0.0,0.0,6.49142,-1.64888,-134.84265,3e-05,-0.93406
6881.93,BTC-27DEC19,1576580341244,open,0.6,248.6,0.5675,0.635,0.59888931,114.78,0.59,0.0,BTC-27DEC19-11000-P,6882.88,0.0,0.592,2.0,0.606,2.0,173.98,0.25979,-1.50963,-2.96147,2e-05,-0.99157
6881.93,BTC-27DEC19,1576580341244,open,3.08,0.2,2.989,3.1515,3.06863792,223.79,2.2765,0.0,BTC-27DEC19-28000-P,6882.88,0.0,0.0,0.0,0.0,0.0,0.0,0.00626,-0.07092,-7.57563,0.0,-0.99986
6932.46,BTC-27MAR20,1576580341244,open,0.01,1367.1,0.0025,0.028,0.01224288,77.12,0.0135,0.0,BTC-27MAR20-4000-P,6882.88,75.91,0.0115,8.1,0.013,0.1,78.32,4.31198,-1.64822,-1.37419,4e-05,-0.05948
6901.36,SYN.BTC-31JAN20,1576580341244,open,0.22,2.0,0.1995,0.251,0.22356942,69.48,0.257,0.0,BTC-31JAN20-5500-C,6882.88,43.14,0.207,6.0,0.2465,6.0,94.94,5.54298,-4.2913,5.34857,0.00014,0.85392
6881.93,BTC-27DEC19,1576580341246,open,0.49,4.3,0.4815,0.5015,0.49142609,112.88,0.5625,0.0,BTC-27DEC19-3500-C,6882.88,0.0,0.4865,12.2,0.498,18.4,254.43,0.00423,-0.02418,0.9468,0.0,0.99991
6982.99,SYN.BTC-26JUN20,1576580341246,open,0.35,0.0,0.3185,0.3905,0.35135545,71.42,None,0.0,BTC-26JUN20-5000-C,6882.88,63.52,0.3365,6.0,0.384,6.0,87.89,13.42324,-2.49813,17.09331,7e-05,0.817
6881.93,BTC-27DEC19,1576580341248,open,1.33,18.0,1.2795,1.3725,1.3249362,136.58,1.261,0.0,BTC-27DEC19-16000-P,6882.88,0.0,0.8745,3.0,1.535,3.0,500.0,0.00592,-0.04096,-4.32883,0.0,-0.99987
6932.46,BTC-27MAR20,1576580341433,open,0.25,306.9,0.202,0.2955,0.24450739,69.36,0.2395,0.0,BTC-27MAR20-8000-P,6882.88,66.67,0.239,6.2,0.248,2.0,71.06,14.22076,-4.88881,-15.86141,0.00015,-0.58336
6982.99,SYN.BTC-26JUN20,1576580341433,open,0.04,114.3,0.0155,0.077,0.03715303,84.92,0.0365,0.0,BTC-26JUN20-16000-C,6882.88,83.32,0.0345,26.0,0.0385,15.0,85.72,11.77716,-2.60625,4.12318,5e-05,0.14947
6932.46,BTC-27MAR20,1576580341437,open,4.78,1.0,4.657,4.8925,4.77072473,115.12,4.54,0.0,BTC-27MAR20-40000-P,6882.88,0.0,0.0015,10.0,0.0,0.0,0.0,0.50338,-0.28722,-110.47241,0.0,-0.99525
6982.99,SYN.BTC-26JUN20,1576580341437,open,0.02,12.5,0.0055,0.0485,0.01820317,95.43,0.0235,0.0,BTC-26JUN20-24000-C,6882.88,93.73,0.0165,12.0,0.019,15.0,96.2,7.17981,-1.78551,2.09144,3e-05,0.07518
6982.99,SYN.BTC-26JUN20,1576580341448,open,0.01,18.9,0.0035,0.041,0.01399746,99.23,0.0145,0.0,BTC-26JUN20-28000-C,6882.88,98.02,0.013,12.0,0.015,17.0,100.4,5.88536,-1.52188,1.62104,2e-05,0.05816
6982.99,SYN.BTC-26JUN20,1576580341448,open,0.05,551.6,0.023,0.0935,0.04964974,82.45,0.051,0.0,BTC-26JUN20-14000-C,6882.88,81.62,0.048,4.8,0.0505,10.0,82.88,13.89863,-2.98621,5.2848,7e-05,0.19362
6932.46,BTC-27MAR20,1576580341479,open,0.09,764.8,0.0585,0.1315,0.09051421,69.36,0.0915,0.0,BTC-27MAR20-8000-C,6882.88,68.62,0.089,2.0,0.092,17.5,70.08,14.22074,-4.88874,6.24831,0.00015,0.41664
6982.99,SYN.BTC-26JUN20,1576580341513,open,0.1,323.8,0.0625,0.1525,0.10081667,76.28,0.099,0.0,BTC-26JUN20-10000-C,6882.88,75.42,0.0985,2.0,0.1025,15.0,76.91,18.84292,-3.7457,9.31886,0.0001,0.35468
6881.93,BTC-27DEC19,1576580341525,open,0.31,826.6,0.2825,0.341,0.30947421,85.19,0.28,0.0,BTC-27DEC19-9000-P,6882.88,0.0,0.3025,7.0,0.316,2.0,117.29,0.82383,-3.55347,-2.37768,8e-05,-0.96746
6901.36,SYN.BTC-31JAN20,1576580341525,open,0.0,190.0,0.0005,0.017,0.00474623,84.76,0.005,0.0,BTC-31JAN20-12000-C,6882.88,82.33,0.004,56.0,0.0055,16.0,86.99,2.2269,-2.10302,0.3278,4e-05,0.04338
6982.99,SYN.BTC-26JUN20,1576580341558,open,0.02,893.1,0.0085,0.0595,0.0249746,90.8,0.0235,0.0,BTC-26JUN20-20000-C,6882.88,89.24,0.023,5.0,0.025,15.0,90.82,9.02584,-2.13553,2.83391,4e-05,0.10217
6982.99,SYN.BTC-26JUN20,1576580341571,open,0.03,451.1,0.0155,0.0565,0.03112969,74.34,0.033,0.0,BTC-26JUN20-4000-P,6882.88,72.6,0.029,8.0,0.033,22.0,75.84,8.64012,-1.67381,-4.67597,5e-05,-0.09625
6932.46,BTC-27MAR20,1576580341584,open,0.15,258.2,0.1105,0.1935,0.14780575,68.16,0.147,0.0,BTC-27MAR20-7000-P,6882.88,66.33,0.144,2.0,0.1505,20.0,69.46,14.3721,-4.85551,-11.2534,0.00016,-0.43955
131.58,SYN.ETH-20DEC19,1576580341692,open,0.09,140.0,0.062,0.124,0.09304,91.8,0.088,0.0,ETH-20DEC19-120-C,131.64,71.5,0.09,65.0,0.098,65.0,116.09,0.02346,-0.37447,0.00815,0.01873,0.87929
131.58,SYN.ETH-20DEC19,1576580341692,open,0.0,1160.0,0.001,0.016,0.002486,96.35,0.004,0.0,ETH-20DEC19-150-C,131.64,91.95,0.002,487.0,0.004,550.0,107.77,0.01538,-0.25757,0.00068,0.0117,0.06823
131.58,SYN.ETH-20DEC19,1576580341694,open,0.15,55.0,0.108,0.181,0.142461,96.35,0.172,0.0,ETH-20DEC19-150-P,131.64,0.0,0.138,40.0,0.146,45.0,120.18,0.01538,-0.25757,-0.01114,0.0117,-0.93177
131.58,SYN.ETH-20DEC19,1576580341694,open,0.08,542.0,0.036,0.105,0.069635,71.34,0.072,0.0,ETH-20DEC19-140-P,131.64,58.41,0.067,65.0,0.075,65.0,92.58,0.02974,-0.36889,-0.00931,0.03056,-0.82835
6881.93,BTC-27DEC19,1576580342306,open,0.1,0.4,0.08,0.1285,0.10317398,67.7,0.099,0.0,BTC-27DEC19-6250-C,6882.88,66.12,0.1025,0.1,0.105,0.1,71.86,2.95607,-10.13204,1.33731,0.00034,0.82138
6881.93,BTC-27DEC19,1576580342306,open,0.07,20.8,0.0475,0.1015,0.07237702,59.53,0.074,0.0,BTC-27DEC19-7250-P,6882.88,57.16,0.071,0.5,0.0725,0.4,59.75,4.01867,-12.11305,-1.41115,0.00053,-0.68548
6881.93,BTC-27DEC19,1576580342309,open,0.14,10.2,0.1075,0.163,0.13312128,63.3,0.13,0.0,BTC-27DEC19-7750-P,6882.88,55.39,0.1305,0.1,0.1335,0.1,64.34,2.49657,-8.00158,-1.8527,0.00031,-0.86187
6881.93,BTC-27DEC19,1576580342309,open,0.0,130.5,0.0005,0.015,0.00347309,71.72,0.0045,0.0,BTC-27DEC19-8250-C,6882.88,69.49,0.003,0.1,0.004,20.5,74.02,1.51498,-5.50094,0.12333,0.00016,0.0697
6881.93,BTC-27DEC19,1576580342309,open,0.01,185.0,0.0005,0.022,0.00698206,63.3,0.0065,0.0,BTC-27DEC19-7750-C,6882.88,61.95,0.0065,3.5,0.0075,25.5,64.71,2.49633,-8.00026,0.24416,0.00031,0.13811
6882.6,SYN.BTC-20DEC19,1576580342436,open,0.09,1.7,0.074,0.1185,0.09517095,83.84,0.095,0.0,BTC-20DEC19-6250-C,6882.88,0.0,0.0765,9.3,0.1085,7.0,146.94,1.00268,-14.61661,0.44114,0.00032,0.9087
6882.6,SYN.BTC-20DEC19,1576580342436,open,0.0,147.0,0.0005,0.0105,0.00097685,107.01,0.001,0.0,BTC-20DEC19-5750-P,6882.88,96.29,0.0005,36.0,0.0015,46.9,115.5,0.37097,-6.72324,-0.01472,9e-05,-0.02617
6882.6,SYN.BTC-20DEC19,1576580342436,open,0.13,5.0,0.111,0.1525,0.13017092,97.43,0.152,0.0,BTC-20DEC19-6000-C,6882.88,0.0,0.127,2.0,0.131,2.0,105.45,0.64542,-10.93373,0.44372,0.00018,0.94846
6882.6,SYN.BTC-20DEC19,1576580342436,open,0.06,2.6,0.0395,0.087,0.06236756,74.08,0.062,0.0,BTC-20DEC19-6500-C,6882.88,60.89,0.0595,22.5,0.063,1.5,76.73,1.62156,-20.88563,0.40902,0.00059,0.81666
6882.6,SYN.BTC-20DEC19,1576580342438,open,0.01,394.8,0.0005,0.0215,0.0054994,63.2,0.005,0.0,BTC-20DEC19-7250-C,6882.88,61.05,0.005,4.5,0.0055,15.0,63.2,1.62696,-17.87741,0.09697,0.00069,0.18432
6882.6,SYN.BTC-20DEC19,1576580342438,open,0.01,394.0,0.0005,0.0245,0.00677804,74.08,0.006,0.0,BTC-20DEC19-6500-P,6882.88,70.72,0.006,23.4,0.0075,32.0,77.1,1.62158,-20.88646,-0.10309,0.00059,-0.18334
6882.6,SYN.BTC-20DEC19,1576580342440,open,0.03,66.2,0.0125,0.0575,0.03352614,64.45,0.0305,0.0,BTC-20DEC19-6750-C,6882.88,61.34,0.0325,12.0,0.0345,1.5,67.39,2.27705,-25.51619,0.33093,0.00095,0.64382
6882.6,SYN.BTC-20DEC19,1576580342440,open,0.02,729.0,0.002,0.036,0.0142601,64.45,0.014,0.0,BTC-20DEC19-6750-P,6882.88,62.15,0.0135,15.5,0.0145,1.0,65.17,2.27705,-25.51674,-0.20088,0.00095,-0.35619
6882.6,SYN.BTC-20DEC19,1576580342440,open,0.0,416.7,0.0005,0.013,0.00197945,66.36,0.002,0.0,BTC-20DEC19-7500-C,6882.88,62.34,0.0015,31.2,0.0025,22.0,70.21,0.87802,-10.13115,0.04042,0.00035,0.07651
6882.6,SYN.BTC-20DEC19,1576580342440,open,0.09,79.4,0.069,0.1175,0.09168385,66.37,0.0925,0.0,BTC-20DEC19-7500-P,6882.88,46.56,0.09,3.6,0.093,1.5,75.42,0.87812,-10.13286,-0.55047,0.00035,-0.92348
6882.6,SYN.BTC-20DEC19,1576580342440,open,0.0,141.5,0.0005,0.0105,0.00024339,98.04,0.0005,0.0,BTC-20DEC19-8500-C,6882.88,0.0,0.0,0.0,0.0005,20.0,107.49,0.14284,-1.67518,0.00454,4e-05,0.00861
6882.6,SYN.BTC-20DEC19,1576580342440,open,0.13,12.9,0.104,0.1535,0.12701449,74.14,0.127,0.0,BTC-20DEC19-7750-P,6882.88,0.0,0.125,1.5,0.1285,1.5,89.26,0.50809,-6.54943,-0.59036,0.00018,-0.96171
6882.6,SYN.BTC-20DEC19,1576580342442,open,0.0,320.8,0.0005,0.0105,0.00073548,85.64,0.0005,0.0,BTC-20DEC19-8000-C,6882.88,80.73,0.0005,37.3,0.001,22.1,90.1,0.37046,-5.06201,0.01377,0.00012,0.02613
6882.6,SYN.BTC-20DEC19,1576580342442,open,0.0,194.9,0.0005,0.0105,0.00024377,85.92,0.0005,0.0,BTC-20DEC19-8250-C,6882.88,0.0,0.0,0.0,0.0005,1.1,94.46,0.1584,-1.67777,0.00512,5e-05,0.00969
6882.6,SYN.BTC-20DEC19,1576580342442,open,0.0,97.2,0.0005,0.0105,0.00036136,115.0,0.0005,0.0,BTC-20DEC19-8750-C,6882.88,0.0,0.0,0.0,0.0015,34.8,141.22,0.17277,-2.48708,0.00561,4e-05,0.0107
6882.6,SYN.BTC-20DEC19,1576580342442,open,0.0,396.2,0.0005,0.0105,0.00098661,74.13,0.001,0.0,BTC-20DEC19-7750-C,6882.88,66.17,0.0005,12.8,0.0015,25.1,80.26,0.50795,-6.54699,0.02022,0.00018,0.03828
6882.6,SYN.BTC-20DEC19,1576580342442,open,0.17,5.7,0.14,0.19,0.16308684,85.65,0.1635,0.0,BTC-20DEC19-8000-P,6882.88,0.0,0.1605,1.5,0.164,1.5,98.63,0.37062,-5.51939,-0.61651,0.00012,-0.97386
6882.6,SYN.BTC-20DEC19,1576580342444,open,0.0,138.8,0.0005,0.0105,0.00015621,115.0,0.0005,0.0,BTC-20DEC19-9000-C,6882.88,0.0,0.0,0.0,0.001,15.5,145.15,0.08814,-1.07511,0.00262,2e-05,0.00499
131.58,SYN.ETH-20DEC19,1576580343017,open,0.45,0.0,0.402,0.489,0.443978,120.0,None,0.0,ETH-20DEC19-190-P,131.64,0.0,0.01,50.0,0.505,1.0,500.0,0.00015,-0.00305,-0.01497,9e-05,-0.99966
6882.6,SYN.BTC-20DEC19,1576580161053,open,0.0,97.2,0.0005,0.0105,0.00036136,115.0,0.0005,0.0,BTC-20DEC19-8750-C,6882.88,0.0,0.0,0.0,0.0015,34.8,141.22,0.17277,-2.48708,0.00561,4e-05,0.0107
6982.99,SYN.BTC-26JUN20,1576580293902,open,0.03,247.0,0.011,0.066,0.02959418,87.72,0.031,0.0,BTC-26JUN20-18000-C,6882.88,86.25,0.0275,31.0,0.0305,15.0,88.33,10.17703,-2.32624,3.34897,5e-05,0.12083
6882.6,SYN.BTC-20DEC19,1576580301385,open,0.01,394.0,0.0005,0.0245,0.00677795,74.08,0.006,0.0,BTC-20DEC19-6500-P,6882.88,70.72,0.006,23.4,0.0075,32.0,77.1,1.62158,-20.88646,-0.10309,0.00059,-0.18334
6982.99,SYN.BTC-26JUN20,1576580313481,open,0.04,114.3,0.0155,0.077,0.03715231,84.92,0.0365,0.0,BTC-26JUN20-16000-C,6882.88,83.32,0.0345,26.0,0.0385,15.0,85.72,11.77716,-2.60625,4.12318,5e-05,0.14947
6982.99,SYN.BTC-26JUN20,1576580293884,open,0.07,283.5,0.036,0.116,0.06797073,79.15,0.066,0.0,BTC-26JUN20-12000-C,6882.88,77.87,0.065,2.0,0.0705,38.1,80.23,16.28317,-3.35867,6.89369,8e-05,0.25577
6982.99,SYN.BTC-26JUN20,1576580296114,open,0.03,451.1,0.0155,0.0565,0.03112954,74.34,0.033,0.0,BTC-26JUN20-4000-P,6882.88,72.6,0.029,8.0,0.033,22.0,75.84,8.64012,-1.67381,-4.67597,5e-05,-0.09625
6983.0,SYN.BTC-26JUN20,1576580293906,open,0.02,34.8,0.0065,0.053,0.02078078,92.92,0.0215,0.0,BTC-26JUN20-22000-C,6882.88,91.31,0.019,27.0,0.0215,15.0,93.54,7.93921,-1.92228,2.38955,3e-05,0.08588
6983.0,SYN.BTC-26JUN20,1576580299392,open,0.13,291.0,0.09,0.1755,0.12742358,71.42,0.1245,0.0,BTC-26JUN20-6000-P,6882.88,69.03,0.1215,19.3,0.129,30.3,72.05,17.34493,-3.22798,-15.34167,9e-05,-0.29051
6983.0,SYN.BTC-26JUN20,1576580296110,open,0.01,86.8,0.003,0.039,0.01266621,101.17,0.012,0.0,BTC-26JUN20-30000-C,6882.88,99.62,0.0115,10.0,0.0135,29.9,102.22,5.43252,-1.43214,1.46407,2e-05,0.05255
6982.99,SYN.BTC-26JUN20,1576580296112,open,0.01,36.2,0.002,0.0375,0.0118815,103.41,0.0125,0.0,BTC-26JUN20-32000-C,6882.88,102.18,0.011,1.0,0.012,15.0,103.57,5.13115,-1.38268,1.35947,2e-05,0.04892
6982.99,SYN.BTC-26JUN20,1576580310478,open,0.21,295.2,0.16,0.262,0.20576092,71.42,0.2,0.0,BTC-26JUN20-7000-P,6882.88,69.01,0.199,14.7,0.2075,7.0,72.04,19.55612,-3.63949,-22.22448,0.00011,-0.39967
6983.0,SYN.BTC-26JUN20,1576580310472,open,0.16,202.7,0.114,0.209,0.15656344,72.42,0.159,0.0,BTC-26JUN20-8000-C,6882.88,71.7,0.1545,18.2,0.163,19.0,74.64,20.19821,-3.81147,12.65926,0.00011,0.50142
6982.99,SYN.BTC-26JUN20,1576580296101,open,0.01,141.4,0.002,0.0265,0.01166125,79.57,0.012,0.0,BTC-26JUN20-3000-P,6882.88,76.8,0.01,32.0,0.013,15.0,81.67,4.3465,-0.90129,-1.88962,2e-05,-0.03981
6982.99,SYN.BTC-26JUN20,1576580293914,open,0.07,263.9,0.041,0.1045,0.06738105,71.42,0.0665,0.0,BTC-26JUN20-5000-P,6882.88,69.65,0.064,21.5,0.07,14.5,72.78,13.42324,-2.49813,-9.19103,7e-05,-0.183
6881.93,BTC-27DEC19,1576580293953,open,0.0,766.5,0.0005,0.0105,2.595e-05,115.0,0.0005,0.0,BTC-27DEC19-13000-C,6882.88,0.0,0.0,0.0,0.001,37.3,161.44,0.02167,-0.12616,0.00096,0.0,0.00054
6881.93,BTC-27DEC19,1576580293951,open,0.0,986.6,0.0005,0.0105,0.00011763,115.0,0.0005,0.0,BTC-27DEC19-12000-C,6882.88,0.0,0.0,0.0,0.001,38.2,144.18,0.07897,-0.45981,0.00392,1e-05,0.00222
6932.46,BTC-27MAR20,1576580297069,open,0.01,506.8,0.0005,0.024,0.00695314,99.72,0.0075,0.0,BTC-27MAR20-20000-C,6882.88,97.48,0.006,24.0,0.0075,14.9,100.92,3.09541,-1.52997,0.61962,2e-05,0.03929
6932.46,BTC-27MAR20,1576580297097,open,0.0,115.7,0.0005,0.017,0.00399924,109.54,0.0075,0.0,BTC-27MAR20-26000-C,6882.88,105.6,0.003,46.0,0.005,22.0,112.85,1.93773,-1.05204,0.3514,1e-05,0.02234
131.58,SYN.ETH-20DEC19,1576580294959,open,0.0,66.0,0.001,0.013,0.001786,119.06,0.001,0.0,ETH-20DEC19-110-P,131.64,107.11,0.001,700.0,0.003,400.0,132.65,0.01011,-0.2093,-0.00044,0.00623,-0.04023
132.94,SYN.ETH-26JUN20,1576580330650,open,0.05,312.0,0.019,0.091,0.048833,94.79,0.056,0.0,ETH-26JUN20-320-C,131.64,92.71,0.045,180.0,0.053,480.0,96.98,0.24849,-0.06138,0.0882,0.00282,0.17503
131.58,SYN.ETH-20DEC19,1576580294966,open,0.03,42.0,0.006,0.06,0.031574,71.34,0.027,0.0,ETH-20DEC19-130-C,131.64,66.78,0.03,500.0,0.036,331.0,84.12,0.04545,-0.56381,0.00577,0.04671,0.5881
132.94,SYN.ETH-26JUN20,1576580294975,open,0.1,523.0,0.063,0.146,0.101982,81.49,0.107,0.0,ETH-26JUN20-100-P,131.64,77.27,0.093,583.0,0.107,426.0,83.83,0.28426,-0.06036,-0.22396,0.00375,-0.21848
132.94,SYN.ETH-26JUN20,1576580294997,open,0.1,719.0,0.052,0.149,0.09767,88.05,0.112,0.0,ETH-26JUN20-220-C,131.64,86.62,0.094,1.0,0.102,467.0,89.71,0.34433,-0.079,0.15482,0.00421,0.31921
132.94,SYN.ETH-26JUN20,1576580295003,open,0.04,754.0,0.014,0.077,0.038695,96.71,0.04,0.0,ETH-26JUN20-360-C,131.64,95.03,0.036,480.0,0.041,1.0,98.11,0.21691,-0.05467,0.0724,0.00241,0.14229
131.44,ETH-27DEC19,1576580295043,open,0.01,5542.0,0.001,0.02,0.005523,84.83,0.006,0.0,ETH-27DEC19-160-C,131.64,82.83,0.005,840.0,0.007,504.0,90.04,0.03517,-0.15106,0.00301,0.00887,0.09022
132.94,SYN.ETH-26JUN20,1576580307541,open,0.05,214.0,0.025,0.08,0.049637,82.42,0.046,0.0,ETH-26JUN20-80-P,131.64,79.28,0.045,1116.0,0.054,545.0,85.3,0.1988,-0.04269,-0.12228,0.0026,-0.12534
132.94,SYN.ETH-26JUN20,1576580294978,open,0.21,310.0,0.158,0.266,0.212824,81.49,0.208,0.0,ETH-26JUN20-140-C,131.64,79.08,0.206,475.0,0.221,475.0,84.38,0.37631,-0.07991,0.25822,0.00497,0.58232
132.94,SYN.ETH-26JUN20,1576580294982,open,0.17,154.0,0.116,0.224,0.169749,82.69,0.176,0.0,ETH-26JUN20-160-C,131.64,80.7,0.164,482.0,0.178,482.0,85.54,0.38451,-0.08285,0.22821,0.00501,0.49631
131.44,ETH-27DEC19,1576580295023,open,0.02,7171.0,0.004,0.041,0.017657,78.92,0.017,0.0,ETH-27DEC19-120-P,131.64,75.49,0.016,210.0,0.019,287.0,81.64,0.0643,-0.25693,-0.00851,0.01743,-0.22173
132.94,SYN.ETH-26JUN20,1576580295009,open,0.02,330.0,0.007,0.056,0.024453,103.81,0.025,0.0,ETH-26JUN20-480-C,131.64,100.8,0.021,440.0,0.028,140.0,106.67,0.1589,-0.04298,0.0471,0.00165,0.09185
132.94,SYN.ETH-26JUN20,1576580294979,open,0.27,1311.0,0.203,0.33,0.265931,81.49,0.213,0.0,ETH-26JUN20-140-P,131.64,77.63,0.255,181.0,0.275,391.0,84.7,0.37631,-0.07991,-0.47774,0.00497,-0.41768
131.58,SYN.ETH-20DEC19,1576580333729,open,0.0,1160.0,0.001,0.016,0.002486,96.35,0.004,0.0,ETH-20DEC19-150-C,131.64,91.95,0.002,487.0,0.004,550.0,107.77,0.01538,-0.25757,0.00068,0.0117,0.06823
131.44,ETH-27DEC19,1576580307504,open,0.01,3229.0,0.001,0.03,0.01069,77.78,0.008,0.0,ETH-27DEC19-150-C,131.64,73.54,0.009,710.0,0.013,558.0,83.22,0.05397,-0.21253,0.00554,0.01484,0.16643
132.94,SYN.ETH-26JUN20,1576580330664,open,0.18,1206.0,0.123,0.231,0.175559,81.49,0.175,0.0,ETH-26JUN20-120-P,131.64,77.42,0.165,253.0,0.173,100.0,80.5,0.34452,-0.07316,-0.34606,0.00455,-0.31963
131.44,ETH-27DEC19,1576571272635,open,0.0,13247.0,0.001,0.011,0.0,120.0,0.001,0.0,ETH-27DEC19-520-C,131.64,0.0,0.0,0.0,0.002,399.0,332.12,0.0,0.0,0.0,0.0,0.0
132.94,SYN.ETH-26JUN20,1576580295012,open,0.02,133.0,0.005,0.046,0.018463,106.74,0.022,0.0,ETH-26JUN20-560-C,131.64,102.99,0.015,940.0,0.022,140.0,110.16,0.13028,-0.03624,0.03644,0.00131,0.07061
131.44,ETH-27DEC19,1576580295028,open,0.02,408.0,0.005,0.049,0.023543,73.02,0.021,0.0,ETH-27DEC19-140-C,131.64,68.66,0.021,200.0,0.026,390.0,77.16,0.07741,-0.28616,0.01057,0.02268,0.32088
132.19,ETH-27MAR20,1576580295937,open,0.14,44.0,0.095,0.184,0.140114,78.37,0.148,0.0,ETH-27MAR20-140-C,131.64,77.85,0.139,264.0,0.152,264.0,84.06,0.27662,-0.10746,0.1412,0.00731,0.52659
132.94,SYN.ETH-26JUN20,1576580294983,open,0.14,1973.0,0.091,0.199,0.143814,86.25,0.136,0.0,ETH-26JUN20-180-C,131.64,83.5,0.136,4.0,0.152,278.0,89.11,0.37888,-0.08515,0.2012,0.00473,0.43172
6932.46,BTC-27MAR20,1576580297118,open,0.0,686.4,0.0005,0.0105,0.00075885,115.0,0.002,0.0,BTC-27MAR20-40000-C,6882.88,118.01,0.001,52.0,0.0025,31.4,129.65,0.49921,-0.28456,0.07561,0.0,0.00471
132.19,ETH-27MAR20,1576580295946,open,0.04,1016.0,0.017,0.079,0.043322,90.17,0.043,0.0,ETH-27MAR20-220-C,131.64,87.89,0.04,500.0,0.047,671.0,92.63,0.19522,-0.08726,0.05766,0.00448,0.20115
131.73,SYN.ETH-31JAN20,1576580316547,open,0.06,1338.0,0.031,0.093,0.059834,73.57,0.058,0.0,ETH-31JAN20-120-P,131.64,70.47,0.056,669.0,0.063,168.0,76.11,0.16338,-0.13392,-0.0602,0.01041,-0.3119
131.44,ETH-27DEC19,1576580295046,open,0.0,5164.0,0.001,0.014,0.002976,106.62,0.004,0.0,ETH-27DEC19-180-C,131.64,99.51,0.002,540.0,0.004,550.0,112.74,0.02016,-0.10885,0.00146,0.00405,0.0441
132.19,ETH-27MAR20,1576580295948,open,0.03,7175.0,0.012,0.068,0.034884,93.09,0.036,0.0,ETH-27MAR20-240-C,131.64,90.84,0.032,300.0,0.038,379.0,95.43,0.17252,-0.0796,0.04755,0.00384,0.16503
131.44,ETH-27DEC19,1576571225277,open,0.0,4535.0,0.001,0.011,0.0,120.0,0.002,0.0,ETH-27DEC19-760-C,131.64,0.0,0.0,0.0,0.002,399.0,404.85,0.0,0.0,0.0,0.0,0.0
131.44,ETH-27DEC19,1576580295026,open,0.05,748.0,0.015,0.074,0.041809,72.19,0.048,0.0,ETH-27DEC19-130-P,131.64,67.86,0.039,520.0,0.045,250.0,77.11,0.08526,-0.31161,-0.01712,0.02527,-0.43954
6932.46,BTC-27MAR20,1576580297384,open,0.14,531.9,0.103,0.1795,0.13806164,68.16,0.137,0.0,BTC-27MAR20-7000-C,6882.88,67.17,0.136,2.0,0.14,13.9,69.09,14.37211,-4.85547,8.09263,0.00016,0.56045
6932.46,BTC-27MAR20,1576580297390,open,0.15,258.2,0.1105,0.1935,0.14780421,68.16,0.147,0.0,BTC-27MAR20-7000-P,6882.88,66.33,0.144,2.0,0.1505,20.0,69.46,14.3721,-4.85551,-11.2534,0.00016,-0.43955
6932.46,BTC-27MAR20,1576580297066,open,0.01,435.9,0.0005,0.0285,0.00894996,95.93,0.0085,0.0,BTC-27MAR20-18000-C,6882.88,94.14,0.008,24.1,0.009,12.3,96.02,3.79033,-1.80231,0.79659,3e-05,0.05053
6932.46,BTC-27MAR20,1576580297144,open,0.03,244.4,0.016,0.059,0.03282874,70.91,0.0345,0.0,BTC-27MAR20-5000-P,6882.88,69.36,0.031,11.0,0.0345,29.5,72.3,8.26348,-2.9042,-3.38573,9e-05,-0.14389
131.73,SYN.ETH-31JAN20,1576580316587,open,0.02,397.0,0.006,0.043,0.020538,78.55,0.018,0.0,ETH-31JAN20-180-C,131.64,76.72,0.019,798.0,0.023,128.0,81.38,0.11223,-0.09822,0.02253,0.0067,0.15966
6901.36,SYN.BTC-31JAN20,1576580311683,open,0.01,436.2,0.0005,0.027,0.01015787,73.14,0.0095,0.0,BTC-31JAN20-10000-C,6882.88,71.11,0.009,53.0,0.011,16.0,74.55,4.05088,-3.30111,0.70944,9e-05,0.09377
132.19,ETH-27MAR20,1576580295943,open,0.05,2391.0,0.026,0.098,0.058266,88.91,0.058,0.0,ETH-27MAR20-200-C,131.64,88.16,0.057,200.0,0.06,661.0,89.93,0.22412,-0.09876,0.07265,0.00522,0.25713
131.44,ETH-27DEC19,1576571272624,open,0.0,6174.0,0.001,0.011,0.0,120.0,0.001,0.0,ETH-27DEC19-720-C,131.64,0.0,0.0,0.0,0.002,399.0,394.71,0.0,0.0,0.0,0.0,0.0
132.94,SYN.ETH-26JUN20,1576580295000,open,0.06,547.0,0.027,0.109,0.062815,92.4,0.065,0.0,ETH-26JUN20-280-C,131.64,90.12,0.058,180.0,0.068,476.0,94.79,0.28436,-0.06847,0.10888,0.00331,0.21862
131.73,SYN.ETH-31JAN20,1576580307523,open,0.02,759.0,0.007,0.043,0.021507,80.78,0.02,0.0,ETH-31JAN20-100-P,131.64,77.37,0.019,709.0,0.024,509.0,84.04,0.09902,-0.08912,-0.02495,0.00575,-0.13252
132.19,ETH-27MAR20,1576580295970,open,0.01,1440.0,0.003,0.035,0.012968,114.35,0.014,0.0,ETH-27MAR20-400-C,131.64,107.46,0.009,260.0,0.017,392.0,120.16,0.08453,-0.04791,0.01778,0.00153,0.06162
6932.46,BTC-27MAR20,1576580294920,open,0.01,1541.0,0.0015,0.033,0.01145608,90.86,0.011,0.0,BTC-27MAR20-16000-C,6882.88,89.39,0.0105,29.0,0.0115,13.1,90.92,4.63425,-2.087,1.03047,4e-05,0.06524
132.19,ETH-27MAR20,1576580295050,open,0.06,281.0,0.029,0.09,0.056159,80.89,0.06,0.0,ETH-27MAR20-100-P,131.64,77.97,0.052,286.0,0.06,319.0,83.54,0.19007,-0.0762,-0.09083,0.00487,-0.19245
132.19,ETH-27MAR20,1576580295941,open,0.1,1161.0,0.062,0.148,0.103726,83.2,0.108,0.0,ETH-27MAR20-160-C,131.64,81.38,0.1,100.0,0.108,274.0,85.28,0.27074,-0.11165,0.11327,0.00674,0.41378
6881.93,BTC-27DEC19,1576580293954,open,0.0,1025.2,0.0005,0.0105,5.55e-06,115.0,0.0005,0.0,BTC-27DEC19-14000-C,6882.88,0.0,0.0,0.0,0.001,48.4,177.12,0.00558,-0.03248,0.00022,0.0,0.00013
6932.46,BTC-27MAR20,1576580294929,open,0.0,69.3,0.0005,0.012,0.00228295,115.0,0.0025,0.0,BTC-27MAR20-32000-C,6882.88,113.31,0.002,19.4,0.0035,40.0,120.92,1.21606,-0.69317,0.2044,1e-05,0.01295
6932.46,BTC-27MAR20,1576580297364,open,0.08,582.5,0.048,0.1135,0.07620126,68.35,0.077,0.0,BTC-27MAR20-6000-P,6882.88,67.1,0.074,1.5,0.078,14.7,69.36,12.27634,-4.15882,-6.83201,0.00014,-0.28039
6881.93,BTC-27DEC19,1576580294037,open,0.0,491.2,0.0005,0.0105,5.83e-06,115.0,0.0005,0.0,BTC-27DEC19-3500-P,6882.88,0.0,0.0,0.0,0.001,54.0,185.33,0.00539,-0.03139,-0.00024,0.0,-0.00012
132.94,SYN.ETH-26JUN20,1576580295010,open,0.02,110.0,0.006,0.051,0.020959,105.17,0.024,0.0,ETH-26JUN20-520-C,131.64,102.3,0.018,440.0,0.024,140.0,107.89,0.14283,-0.03914,0.04102,0.00146,0.07965
132.94,SYN.ETH-26JUN20,1576580295015,open,0.02,308.0,0.004,0.043,0.016467,108.24,0.018,0.0,ETH-26JUN20-600-C,131.64,104.11,0.013,940.0,0.02,140.0,111.94,0.11968,-0.03376,0.03271,0.00119,0.06327
6932.46,BTC-27MAR20,1576580294892,open,0.04,519.6,0.021,0.0785,0.04343453,74.32,0.0415,0.0,BTC-27MAR20-10000-C,6882.88,73.41,0.042,4.0,0.045,40.3,75.29,11.03712,-4.06556,3.55373,0.00011,0.22892
6901.36,SYN.BTC-31JAN20,1576580298209,open,0.01,312.9,0.002,0.0275,0.01163529,74.62,0.013,0.0,BTC-31JAN20-5000-P,6882.88,72.52,0.0105,42.0,0.012,19.4,75.28,3.81572,-3.17254,-0.83283,9e-05,-0.08652
6932.46,BTC-27MAR20,1576580294917,open,0.02,429.8,0.0045,0.0395,0.01546962,85.03,0.0145,0.0,BTC-27MAR20-14000-C,6882.88,83.86,0.0145,31.3,0.016,15.0,85.65,5.85457,-2.46747,1.40305,5e-05,0.0887
6932.46,BTC-27MAR20,1576580297290,open,0.0,159.1,0.0005,0.0195,0.00495232,107.32,0.004,0.0,BTC-27MAR20-24000-C,6882.88,104.25,0.004,15.0,0.0055,15.0,108.91,2.3061,-1.2267,0.43183,2e-05,0.02749
6901.36,SYN.BTC-31JAN20,1576580311710,open,0.08,106.4,0.057,0.117,0.08094151,62.52,0.0795,0.0,BTC-31JAN20-7000-C,6882.88,60.77,0.0785,26.9,0.0815,0.2,62.92,9.64422,-6.71808,3.70757,0.00026,0.5179
132.19,ETH-27MAR20,1576580295974,open,0.01,2330.0,0.001,0.019,0.005487,117.51,0.004,0.0,ETH-27MAR20-520-C,131.64,112.66,0.004,1010.0,0.007,220.0,121.61,0.04489,-0.02615,0.00829,0.00079,0.02818
6901.36,SYN.BTC-31JAN20,1576580298206,open,0.0,190.0,0.0005,0.017,0.00474632,84.76,0.005,0.0,BTC-31JAN20-12000-C,6882.88,82.33,0.004,56.0,0.0055,16.0,86.99,2.2269,-2.10302,0.3278,4e-05,0.04338
6881.93,BTC-27DEC19,1576580297060,open,0.0,1256.7,0.0005,0.0115,0.00169974,85.18,0.0015,0.0,BTC-27DEC19-9000-C,6882.88,78.35,0.001,61.0,0.0025,58.9,91.1,0.82327,-3.55038,0.05738,8e-05,0.03251
6932.46,BTC-27MAR20,1576580297071,open,0.01,256.8,0.0005,0.022,0.00595216,104.1,0.0075,0.0,BTC-27MAR20-22000-C,6882.88,101.51,0.005,15.0,0.0065,15.0,105.47,2.69281,-1.3895,0.52101,2e-05,0.03315
131.44,ETH-27DEC19,1576580295044,open,0.0,731.0,0.001,0.017,0.00397,96.42,0.006,0.0,ETH-27DEC19-170-C,131.64,91.18,0.003,501.0,0.005,551.0,101.26,0.02624,-0.1281,0.00204,0.00582,0.06145
132.19,ETH-27MAR20,1576580295942,open,0.07,1831.0,0.037,0.115,0.073274,84.29,0.07,0.0,ETH-27MAR20-180-C,131.64,82.53,0.07,375.0,0.077,302.0,86.27,0.24765,-0.10346,0.08917,0.00608,0.31735
132.19,ETH-27MAR20,1576580295977,open,0.0,5151.0,0.001,0.014,0.003532,120.0,0.004,0.0,ETH-27MAR20-600-C,131.64,117.65,0.003,1020.0,0.007,616.0,131.25,0.03171,-0.01886,0.00552,0.00055,0.01865
132.19,ETH-27MAR20,1576580295967,open,0.01,588.0,0.003,0.034,0.012973,106.24,0.015,0.0,ETH-27MAR20-360-C,131.64,103.14,0.011,560.0,0.015,251.0,109.16,0.08805,-0.04637,0.01899,0.00172,0.06494
131.44,ETH-27DEC19,1576571272324,open,0.0,1759.0,0.001,0.011,0.0,120.0,0.001,0.0,ETH-27DEC19-360-C,131.64,0.0,0.0,0.0,0.002,399.0,257.57,0.0,0.0,0.0,0.0,0.0
132.19,ETH-27MAR20,1576580295962,open,0.02,1269.0,0.004,0.042,0.017392,102.71,0.019,0.0,ETH-27MAR20-320-C,131.64,99.69,0.015,560.0,0.02,348.0,105.76,0.10885,-0.05541,0.02497,0.00219,0.08575
131.73,SYN.ETH-31JAN20,1576580307528,open,0.01,232.0,0.001,0.019,0.006052,94.21,0.007,0.0,ETH-31JAN20-240-C,131.64,94.07,0.006,500.0,0.008,830.0,99.22,0.04717,-0.04952,0.00702,0.00235,0.04939
131.58,SYN.ETH-20DEC19,1576580294964,open,0.01,770.0,0.001,0.022,0.005021,91.8,0.003,0.0,ETH-20DEC19-120-P,131.64,85.82,0.004,201.0,0.006,350.0,97.11,0.02346,-0.37447,-0.0013,0.01873,-0.12071
131.73,SYN.ETH-31JAN20,1576580307526,open,0.01,553.0,0.003,0.031,0.012989,84.46,0.016,0.0,ETH-31JAN20-200-C,131.64,82.87,0.012,550.0,0.015,510.0,87.54,0.08311,-0.07821,0.01466,0.00461,0.10349
131.73,SYN.ETH-31JAN20,1576580316554,open,0.01,478.0,0.001,0.024,0.008581,89.43,0.016,0.0,ETH-31JAN20-220-C,131.64,88.17,0.008,500.0,0.011,830.0,94.26,0.06175,-0.06153,0.00988,0.00324,0.06961
131.44,ETH-27DEC19,1576571272620,open,0.0,11107.0,0.001,0.011,0.0,120.0,0.001,0.0,ETH-27DEC19-560-C,131.64,0.0,0.0,0.0,0.002,399.0,346.63,0.0,0.0,0.0,0.0,0.0
131.73,SYN.ETH-31JAN20,1576580307537,open,0.0,427.0,0.001,0.017,0.005052,100.65,0.003,0.0,ETH-31JAN20-260-C,131.64,100.48,0.005,500.0,0.007,830.0,106.47,0.03983,-0.04467,0.00567,0.00186,0.04004
132.19,ETH-27MAR20,1576580295981,open,0.02,837.0,0.008,0.043,0.022033,84.59,0.013,0.0,ETH-27MAR20-80-P,131.64,82.13,0.02,300.0,0.024,320.0,86.89,0.11121,-0.04663,-0.04029,0.00272,-0.08824
132.19,ETH-27MAR20,1576580295971,open,0.01,1167.0,0.001,0.027,0.008978,114.35,0.008,0.0,ETH-27MAR20-440-C,131.64,110.04,0.007,560.0,0.009,1.0,114.39,0.06538,-0.03705,0.01301,0.00118,0.04458
131.73,SYN.ETH-31JAN20,1576580295999,open,0.04,820.0,0.016,0.068,0.038848,75.27,0.036,0.0,ETH-31JAN20-160-C,131.64,72.81,0.036,676.0,0.042,178.0,77.96,0.15348,-0.12872,0.03787,0.00956,0.2727
132.94,SYN.ETH-26JUN20,1576580295007,open,0.03,667.0,0.009,0.063,0.028443,101.98,0.029,0.0,ETH-26JUN20-440-C,131.64,99.3,0.025,440.0,0.032,140.0,104.58,0.17628,-0.04685,0.05409,0.00186,0.10584
132.19,ETH-27MAR20,1576580295950,open,0.02,2310.0,0.007,0.052,0.023453,97.8,0.021,0.0,ETH-27MAR20-280-C,131.64,95.32,0.021,260.0,0.026,385.0,100.24,0.13449,-0.06519,0.03327,0.00285,0.11453
132.94,SYN.ETH-26JUN20,1576580307539,open,0.02,247.0,0.008,0.038,0.019802,86.47,0.017,0.0,ETH-26JUN20-60-P,131.64,84.25,0.018,500.0,0.024,301.0,91.35,0.10995,-0.02477,-0.05352,0.00137,-0.05678
131.73,SYN.ETH-31JAN20,1576580316548,open,0.07,187.0,0.044,0.111,0.076658,73.06,0.081,0.0,ETH-31JAN20-140-C,131.64,70.42,0.073,307.0,0.081,403.0,76.18,0.18316,-0.14909,0.06149,0.01175,0.45634
132.19,ETH-27MAR20,1576580295979,open,0.0,800.0,0.001,0.012,0.002668,120.0,0.003,0.0,ETH-27MAR20-640-C,131.64,121.65,0.003,719.0,0.006,397.0,132.71,0.02549,-0.01516,0.00431,0.00044,0.01445
132.19,ETH-27MAR20,1576580295976,open,0.0,885.0,0.001,0.017,0.004722,120.0,0.004,0.0,ETH-27MAR20-560-C,131.64,113.34,0.003,1020.0,0.007,316.0,126.63,0.03958,-0.02354,0.00713,0.00068,0.02424
132.19,ETH-27MAR20,1576580295052,open,0.12,1419.0,0.075,0.163,0.117321,80.23,0.087,0.0,ETH-27MAR20-120-P,131.64,76.38,0.11,259.0,0.124,259.0,83.74,0.25163,-0.10006,-0.16337,0.00649,-0.32987
131.44,ETH-27DEC19,1576571272622,open,0.0,12762.0,0.001,0.011,0.0,120.0,0.001,0.0,ETH-27DEC19-680-C,131.64,0.0,0.0,0.0,0.002,399.0,383.92,0.0,0.0,0.0,0.0,0.0
131.44,ETH-27DEC19,1576571272617,open,0.0,16677.0,0.001,0.011,0.0,120.0,0.001,0.0,ETH-27DEC19-640-C,131.64,0.0,0.0,0.0,0.002,399.0,372.38,0.0,0.0,0.0,0.0,0.0
131.44,ETH-27DEC19,1576580295021,open,0.01,58.0,0.001,0.024,0.00761,90.24,0.004,0.0,ETH-27DEC19-110-P,131.64,84.44,0.006,610.0,0.009,350.0,94.85,0.03832,-0.17508,-0.00388,0.00908,-0.10136
132.94,SYN.ETH-26JUN20,1576580294998,open,0.08,511.0,0.041,0.132,0.082723,89.31,0.096,0.0,ETH-26JUN20-240-C,131.64,87.35,0.078,181.0,0.088,471.0,91.46,0.32338,-0.07526,0.13653,0.0039,0.27809
6901.36,SYN.BTC-31JAN20,1576580343765,open,0.1,93.5,0.069,0.1345,0.09523367,62.52,0.0985,0.0,BTC-31JAN20-7000-P,6882.88,61.64,0.094,1.9,0.095,15.0,62.35,9.64421,-6.71827,-4.89873,0.00026,-0.4821
6901.36,SYN.BTC-31JAN20,1576580343778,open,0.1,93.5,0.069,0.1345,0.09523367,62.52,0.0985,0.0,BTC-31JAN20-7000-P,6882.88,61.28,0.0935,2.0,0.095,15.0,62.35,9.64421,-6.71827,-4.89873,0.00026,-0.4821
6881.94,BTC-27DEC19,1576580343899,open,0.0,986.6,0.0005,0.0105,0.00011763,115.0,0.0005,0.0,BTC-27DEC19-12000-C,6882.88,0.0,0.0,0.0,0.001,38.2,144.18,0.07898,-0.45983,0.00392,1e-05,0.00222
132.2,ETH-27MAR20,1576580343905,open,0.03,7175.0,0.012,0.068,0.034884,93.08,0.036,0.0,ETH-27MAR20-240-C,131.64,90.83,0.032,300.0,0.038,379.0,95.43,0.17254,-0.0796,0.04755,0.00384,0.16503
131.44,ETH-27DEC19,1576580343905,open,0.09,4978.0,0.053,0.127,0.088668,73.02,0.081,0.0,ETH-27DEC19-140-P,131.64,66.71,0.085,500.0,0.093,145.0,80.29,0.07741,-0.28616,-0.02731,0.02268,-0.67912
131.44,ETH-27DEC19,1576580343905,open,1.45,100.0,1.364,1.509,1.434571,120.0,0.883,0.0,ETH-27DEC19-320-P,131.64,0.0,0.011,5.0,0.0,0.0,0.0,1e-05,-3e-05,-0.08658,0.0,-0.99999
131.44,ETH-27DEC19,1576580343905,open,0.0,16677.0,0.001,0.011,0.0,120.0,0.001,0.0,ETH-27DEC19-640-C,131.64,0.0,0.0,0.0,0.002,399.0,372.38,0.0,0.0,0.0,0.0,0.0
132.96,SYN.ETH-26JUN20,1576580343905,open,0.03,667.0,0.009,0.063,0.028443,101.98,0.029,0.0,ETH-26JUN20-440-C,131.64,99.29,0.025,440.0,0.032,140.0,104.58,0.17632,-0.04685,0.0541,0.00186,0.10585
131.44,ETH-27DEC19,1576580343907,open,0.3,1.0,0.257,0.343,0.297336,96.42,0.283,0.0,ETH-27DEC19-170-P,131.64,0.0,0.004,20.0,0.325,345.0,172.12,0.02624,-0.1281,-0.04395,0.00582,-0.93855
131.44,ETH-27DEC19,1576580343907,open,0.0,7098.0,0.001,0.011,8.5e-05,120.0,0.001,0.0,ETH-27DEC19-240-C,131.64,0.0,0.0,0.0,0.001,110.0,154.16,0.00111,-0.00672,5e-05,0.0002,0.00158
131.44,ETH-27DEC19,1576580343907,open,1.6,0.0,1.512,1.666,1.586732,120.0,None,0.0,ETH-27DEC19-340-P,131.64,0.0,0.003,9.0,0.0,0.0,0.0,0.0,-1e-05,-0.09199,0.0,-1.0
6881.94,BTC-27DEC19,1576580343912,open,0.0,961.6,0.0005,0.0105,0.0,115.0,0.001,0.0,BTC-27DEC19-30000-C,6882.88,0.0,0.0,0.0,0.0005,15.9,305.56,0.0,0.0,0.0,0.0,0.0
6932.47,BTC-27MAR20,1576580343914,open,0.0,69.3,0.0005,0.0165,0.00374085,113.4,0.006,0.0,BTC-27MAR20-28000-C,6882.88,110.33,0.003,1.0,0.004,11.1,114.37,1.80147,-1.01253,0.32098,1e-05,0.02049
6983.0,SYN.BTC-26JUN20,1576580343914,open,0.13,189.5,0.084,0.1785,0.12527536,74.66,0.124,0.0,BTC-26JUN20-9000-C,6882.88,73.5,0.122,14.6,0.128,13.4,75.62,19.80592,-3.85336,10.8736,0.0001,0.42149
6881.94,BTC-27DEC19,1576580343920,open,0.0,530.9,0.0005,0.0105,0.0,115.0,0.0005,0.0,BTC-27DEC19-32000-C,6882.88,0.0,0.0,0.0,0.0005,15.4,316.89,0.0,0.0,0.0,0.0,0.0
6901.37,SYN.BTC-31JAN20,1576580343922,open,0.68,0.0,0.6355,0.715,0.67193055,82.03,None,0.0,BTC-31JAN20-11500-P,6882.88,0.0,0.372,1.0,0.972,1.0,335.44,2.5513,-2.33189,-13.75026,5e-05,-0.9486
6901.37,SYN.BTC-31JAN20,1576580343934,open,0.01,233.8,0.0005,0.0205,0.00664079,79.05,0.006,0.0,BTC-31JAN20-11000-C,6882.88,77.5,0.006,16.0,0.0075,16.2,81.0,2.93465,-2.58479,0.46453,6e-05,0.06139
6881.94,BTC-27DEC19,1576580343955,open,0.89,98.8,0.852,0.928,0.88903093,115.84,0.7985,0.0,BTC-27DEC19-13000-P,6882.88,0.0,0.0,0.0,0.994,5.8,449.0,0.0235,-0.13785,-3.51632,0.0,-0.99941
6881.94,BTC-27DEC19,1576580343957,open,0.0,1036.3,0.0005,0.0105,1.17e-06,115.0,0.0005,0.0,BTC-27DEC19-15000-C,6882.88,0.0,0.0,0.0,0.0005,21.3,177.44,0.00137,-0.008,5e-05,0.0,3e-05
6881.94,BTC-27DEC19,1576580343957,open,0.0,394.4,0.0005,0.0105,2.4e-07,115.0,0.0005,0.0,BTC-27DEC19-16000-C,6882.88,0.0,0.0,0.0,0.0005,15.0,189.97,0.00033,-0.00167,1e-05,0.0,1e-05
131.73,SYN.ETH-31JAN20,1576580343959,open,0.26,1.0,0.206,0.304,0.253468,75.3,0.148,0.0,ETH-31JAN20-160-P,131.64,67.82,0.245,365.0,0.264,365.0,84.09,0.15352,-0.1288,-0.15883,0.00956,-0.72717
132.2,ETH-27MAR20,1576580343961,open,0.02,1269.0,0.004,0.042,0.017392,102.7,0.019,0.0,ETH-27MAR20-320-C,131.64,99.68,0.015,560.0,0.02,348.0,105.75,0.10886,-0.05542,0.02498,0.00219,0.08575
131.44,ETH-27DEC19,1576580343961,open,0.0,396.0,0.001,0.011,0.001982,113.0,0.003,0.0,ETH-27DEC19-190-C,131.64,102.09,0.001,567.0,0.003,250.0,121.09,0.01447,-0.08281,0.00098,0.00274,0.02942
132.2,ETH-27MAR20,1576580343961,open,2.66,0.0,2.527,2.764,2.63862,117.89,None,0.0,ETH-27MAR20-480-P,131.64,0.0,0.004,50.0,0.0,0.0,0.0,0.05782,-0.03379,-1.31542,0.00102,-0.96169
132.96,SYN.ETH-26JUN20,1576580343961,open,0.17,154.0,0.116,0.224,0.169749,82.67,0.176,0.0,ETH-26JUN20-160-C,131.64,80.69,0.164,482.0,0.178,482.0,85.53,0.38457,-0.08285,0.22828,0.00501,0.49636
131.44,ETH-27DEC19,1576580343964,open,1.91,0.0,1.807,1.98,1.891053,120.0,None,0.0,ETH-27DEC19-380-P,131.64,0.0,0.02,50.0,0.0,0.0,0.0,0.0,0.0,-0.10282,0.0,-1.0
132.2,ETH-27MAR20,1576580343964,open,0.32,3935.0,0.254,0.377,0.314105,83.23,0.327,0.0,ETH-27MAR20-160-P,131.64,76.8,0.301,300.0,0.348,27.0,99.61,0.27079,-0.11171,-0.32888,0.00674,-0.58605
131.44,ETH-27DEC19,1576580343964,open,0.0,5164.0,0.001,0.014,0.002976,106.63,0.004,0.0,ETH-27DEC19-180-C,131.64,99.51,0.002,540.0,0.004,550.0,112.74,0.02016,-0.10885,0.00146,0.00405,0.0441
131.44,ETH-27DEC19,1576580343964,open,0.0,4535.0,0.001,0.011,0.0,120.0,0.002,0.0,ETH-27DEC19-760-C,131.64,0.0,0.0,0.0,0.002,399.0,404.85,0.0,0.0,0.0,0.0,0.0
131.44,ETH-27DEC19,1576580343964,open,0.46,0.0,0.404,0.497,0.447509,113.0,0.438,0.0,ETH-27DEC19-190-P,131.64,0.0,0.426,345.0,0.483,345.0,226.04,0.01447,-0.08281,-0.05043,0.00274,-0.97058
132.2,ETH-27MAR20,1576580343964,open,0.41,20.0,0.388,0.446,0.416843,84.55,0.613,0.0,ETH-27MAR20-80-C,131.64,49.85,0.397,44.0,0.438,44.0,106.7,0.11112,-0.04657,0.18086,0.00272,0.91186
131.44,ETH-27DEC19,1576580343964,open,0.0,3950.0,0.001,0.015,0.003706,105.43,0.003,0.0,ETH-27DEC19-100-P,131.64,100.9,0.003,200.0,0.004,5.0,107.18,0.02163,-0.11548,-0.00184,0.00439,-0.04814
132.96,SYN.ETH-26JUN20,1576580343964,open,3.85,0.0,3.678,3.998,3.828672,110.1,None,0.0,ETH-26JUN20-640-P,131.64,0.0,0.01,50.0,0.0,0.0,0.0,0.11224,-0.0322,-3.33428,0.0011,-0.94173
132.96,SYN.ETH-26JUN20,1576580343964,open,0.02,133.0,0.005,0.046,0.018463,106.73,0.022,0.0,ETH-26JUN20-560-C,131.64,102.98,0.015,940.0,0.022,140.0,110.16,0.13031,-0.03624,0.03645,0.00131,0.07061
131.44,ETH-27DEC19,1576580343965,open,0.68,2830.0,0.626,0.728,0.674129,120.0,0.65,0.0,ETH-27DEC19-220-P,131.64,0.0,0.001,14.0,1.472,5.0,500.0,0.00369,-0.02241,-0.05932,0.00066,-0.99398
131.44,ETH-27DEC19,1576580343965,open,0.16,2497.0,0.113,0.193,0.151895,77.78,0.151,0.0,ETH-27DEC19-150-P,131.64,64.52,0.147,40.0,0.155,65.0,85.01,0.05397,-0.21254,-0.03505,0.01484,-0.83357
131.44,ETH-27DEC19,1576580343965,open,0.0,7679.0,0.001,0.011,0.000361,120.0,0.001,0.0,ETH-27DEC19-220-C,131.64,0.0,0.0,0.0,0.002,490.0,148.68,0.00369,-0.02241,0.0002,0.00066,0.00602
131.73,SYN.ETH-31JAN20,1576580343965,open,0.14,413.0,0.098,0.184,0.139451,73.07,0.138,0.0,ETH-31JAN20-140-P,131.64,69.87,0.135,360.0,0.143,121.0,75.62,0.18317,-0.14913,-0.11063,0.01175,-0.54359
132.96,SYN.ETH-26JUN20,1576580343965,open,0.11,1165.0,0.067,0.168,0.115397,86.23,0.121,0.0,ETH-26JUN20-200-C,131.64,84.98,0.112,1.0,0.113,155.0,85.35,0.36294,-0.08155,0.1757,0.00453,0.36678
131.73,SYN.ETH-31JAN20,1576580343965,open,0.84,0.0,0.771,0.892,0.827982,94.36,None,0.0,ETH-31JAN20-240-P,131.64,0.0,0.01,55.0,1.823,5.0,500.0,0.04743,-0.04986,-0.28801,0.00236,-0.95028
132.96,SYN.ETH-26JUN20,1576580343965,open,0.21,310.0,0.158,0.266,0.212824,81.47,0.208,0.0,ETH-26JUN20-140-C,131.64,79.06,0.206,475.0,0.221,475.0,84.36,0.37636,-0.0799,0.2583,0.00497,0.58238
132.2,ETH-27MAR20,1576580343967,open,1.75,7.0,1.648,1.836,1.736326,106.54,1.702,0.0,ETH-27MAR20-360-P,131.64,0.0,0.01,30.0,0.0,0.0,0.0,0.08886,-0.04693,-0.97575,0.00173,-0.93429
131.44,ETH-27DEC19,1576580343967,open,0.0,2179.0,0.001,0.011,1e-06,120.0,0.001,0.0,ETH-27DEC19-300-C,131.64,0.0,0.0,0.0,0.001,2.0,200.95,2e-05,-0.00012,0.0,0.0,2e-05
131.44,ETH-27DEC19,1576580343967,open,0.02,408.0,0.005,0.049,0.023543,73.02,0.021,0.0,ETH-27DEC19-140-C,131.64,68.66,0.021,200.0,0.026,390.0,77.16,0.07741,-0.28616,0.01057,0.02268,0.32088
132.2,ETH-27MAR20,1576580343967,open,2.35,0.0,2.234,2.454,2.33752,114.85,None,0.0,ETH-27MAR20-440-P,131.64,0.0,0.003,50.0,0.0,0.0,0.0,0.06652,-0.03786,-1.20277,0.0012,-0.95446
132.96,SYN.ETH-26JUN20,1576580343967,open,0.01,625.0,0.003,0.039,0.01447,109.23,0.017,0.0,ETH-26JUN20-640-C,131.64,106.04,0.012,640.0,0.017,139.0,112.17,0.10895,-0.03101,0.02911,0.00107,0.05611
132.96,SYN.ETH-26JUN20,1576580343967,open,0.03,941.0,0.011,0.07,0.033401,99.84,0.03,0.0,ETH-26JUN20-400-C,131.64,98.18,0.031,3.0,0.036,140.0,101.57,0.19634,-0.05108,0.0627,0.00212,0.1231
131.44,ETH-27DEC19,1576580343969,open,2.06,15.0,1.955,2.137,2.043214,120.0,1.248,0.0,ETH-27DEC19-400-P,131.64,0.0,0.002,50.0,0.0,0.0,0.0,0.0,0.0,-0.10823,0.0,-1.0
132.2,ETH-27MAR20,1576580343969,open,0.14,44.0,0.095,0.184,0.140114,78.37,0.148,0.0,ETH-27MAR20-140-C,131.64,77.83,0.139,264.0,0.152,264.0,84.05,0.27664,-0.10746,0.14122,0.00731,0.52664
132.96,SYN.ETH-26JUN20,1576580343969,open,0.1,719.0,0.052,0.149,0.09767,88.03,0.112,0.0,ETH-26JUN20-220-C,131.64,86.61,0.094,1.0,0.102,467.0,89.7,0.3444,-0.07901,0.15487,0.00421,0.31924
132.96,SYN.ETH-26JUN20,1576580343969,open,0.08,511.0,0.041,0.132,0.082723,89.3,0.096,0.0,ETH-26JUN20-240-C,131.64,87.34,0.078,181.0,0.088,471.0,91.45,0.32345,-0.07527,0.13657,0.0039,0.27811
131.44,ETH-27DEC19,1576580343971,open,0.0,6667.0,0.001,0.011,0.0,120.0,0.001,0.0,ETH-27DEC19-480-C,131.64,0.0,0.0,0.0,0.001,14.0,293.23,0.0,0.0,0.0,0.0,0.0
132.2,ETH-27MAR20,1576580343976,open,0.71,30.0,0.639,0.783,0.707593,90.25,0.306,0.0,ETH-27MAR20-220-P,131.64,61.08,0.674,300.0,0.72,300.0,98.27,0.19545,-0.08743,-0.55027,0.00448,-0.79849
132.2,ETH-27MAR20,1576580343976,open,0.01,2330.0,0.001,0.019,0.005487,117.5,0.004,0.0,ETH-27MAR20-520-C,131.64,112.65,0.004,1010.0,0.007,220.0,121.6,0.04489,-0.02615,0.00829,0.00079,0.02818
132.96,SYN.ETH-26JUN20,1576580343976,open,0.76,0.0,0.67,0.841,0.752552,88.13,None,0.0,ETH-26JUN20-220-P,131.64,0.0,0.654,51.0,0.785,1.0,100.27,0.34459,-0.07914,-1.00152,0.00421,-0.68033
131.44,ETH-27DEC19,1576580343978,open,0.38,4509.0,0.33,0.42,0.372422,106.63,0.311,0.0,ETH-27DEC19-180-P,131.64,0.0,0.354,345.0,0.404,345.0,199.95,0.02016,-0.10885,-0.04724,0.00405,-0.9559
132.2,ETH-27MAR20,1576580343978,open,0.2,643.0,0.147,0.254,0.199196,78.4,0.206,0.0,ETH-27MAR20-140-P,131.64,73.06,0.188,35.0,0.211,320.0,84.05,0.27664,-0.10751,-0.2457,0.0073,-0.47329
131.44,ETH-27DEC19,1576580343978,open,0.0,1347.0,0.001,0.011,0.0,120.0,0.002,0.0,ETH-27DEC19-380-C,131.64,0.0,0.0,0.0,0.001,3.0,248.27,0.0,0.0,0.0,0.0,0.0
131.73,SYN.ETH-31JAN20,1576580343978,open,0.04,820.0,0.016,0.068,0.038848,75.27,0.036,0.0,ETH-31JAN20-160-C,131.64,72.8,0.036,676.0,0.042,178.0,77.95,0.15349,-0.12872,0.03788,0.00956,0.27271
131.44,ETH-27DEC19,1576580343980,open,0.05,25.0,0.023,0.083,0.052765,72.19,0.049,0.0,ETH-27DEC19-130-C,131.64,69.47,0.051,160.0,0.055,15.0,75.63,0.08526,-0.31162,0.01806,0.02527,0.56046
132.96,SYN.ETH-26JUN20,1576580343980,open,0.02,247.0,0.008,0.038,0.019802,86.49,0.017,0.0,ETH-26JUN20-60-P,131.64,84.26,0.018,500.0,0.024,301.0,91.36,0.10995,-0.02478,-0.05352,0.00137,-0.05677
132.96,SYN.ETH-26JUN20,1576580343980,open,0.02,330.0,0.007,0.056,0.024453,103.8,0.025,0.0,ETH-26JUN20-480-C,131.64,100.79,0.021,440.0,0.028,140.0,106.66,0.15893,-0.04299,0.04711,0.00165,0.09185
131.73,SYN.ETH-31JAN20,1576580343980,open,0.39,25.0,0.338,0.441,0.386985,78.59,0.35,0.0,ETH-31JAN20-180-P,131.64,0.0,0.012,5.0,0.422,345.0,112.47,0.11232,-0.09836,-0.19875,0.0067,-0.84014
131.44,ETH-27DEC19,1576580343982,open,0.0,731.0,0.001,0.017,0.00397,96.42,0.006,0.0,ETH-27DEC19-170-C,131.64,91.18,0.003,501.0,0.005,551.0,101.26,0.02624,-0.1281,0.00204,0.00582,0.06145
131.44,ETH-27DEC19,1576580343982,open,0.0,980.0,0.001,0.011,0.0,120.0,0.001,0.0,ETH-27DEC19-340-C,131.64,0.0,0.0,0.0,0.001,7.0,226.26,0.0,-1e-05,0.0,0.0,0.0
132.2,ETH-27MAR20,1576580343982,open,0.21,98.0,0.164,0.253,0.209536,80.21,0.2,0.0,ETH-27MAR20-120-C,131.64,60.95,0.173,46.0,0.22,46.0,85.71,0.25163,-0.10004,0.16831,0.0065,0.6702
131.44,ETH-27DEC19,1576580343982,open,3.28,0.0,3.137,3.392,3.260499,120.12,0.845,0.0,ETH-27DEC19-560-P,131.64,0.0,0.02,50.0,0.0,0.0,0.0,0.0,0.0,-0.15152,0.0,-1.0
132.2,ETH-27MAR20,1576580343982,open,0.57,747.0,0.504,0.643,0.57124,88.97,0.57,0.0,ETH-27MAR20-200-P,131.64,68.43,0.54,300.0,0.593,300.0,101.24,0.22427,-0.0989,-0.48002,0.00522,-0.74258
131.44,ETH-27DEC19,1576580343984,open,0.24,1.0,0.217,0.27,0.242902,105.43,0.276,0.0,ETH-27DEC19-100-C,131.64,0.0,0.228,59.0,0.253,59.0,147.83,0.02163,-0.11548,0.02521,0.00439,0.95186
131.44,ETH-27DEC19,1576580343984,open,0.0,2232.0,0.001,0.011,0.0,120.0,0.002,0.0,ETH-27DEC19-320-C,131.64,0.0,0.0,0.0,0.001,1.0,214.07,1e-05,-3e-05,0.0,0.0,1e-05
132.96,SYN.ETH-26JUN20,1576580343984,open,0.02,308.0,0.004,0.043,0.016467,108.23,0.018,0.0,ETH-26JUN20-600-C,131.64,104.11,0.013,940.0,0.02,140.0,111.93,0.1197,-0.03376,0.03272,0.00119,0.06327
131.44,ETH-27DEC19,1576580343986,open,0.0,11489.0,0.001,0.011,0.0,120.0,0.002,0.0,ETH-27DEC19-440-C,131.64,0.0,0.0,0.0,0.001,199.0,276.67,0.0,0.0,0.0,0.0,0.0
131.44,ETH-27DEC19,1576580343986,open,0.0,4550.0,0.001,0.011,1.9e-05,120.0,0.001,0.0,ETH-27DEC19-260-C,131.64,0.0,0.0,0.0,0.001,19.0,171.22,0.00031,-0.00187,1e-05,5e-05,0.00039
132.2,ETH-27MAR20,1576580343986,open,0.04,1016.0,0.017,0.079,0.043322,90.16,0.043,0.0,ETH-27MAR20-220-C,131.64,87.88,0.04,500.0,0.047,671.0,92.62,0.19525,-0.08726,0.05767,0.00448,0.20116
131.44,ETH-27DEC19,1576580343986,open,0.53,3531.0,0.478,0.573,0.522676,114.9,0.514,0.0,ETH-27DEC19-200-P,131.64,0.0,0.027,4.0,0.705,1.0,491.25,0.00899,-0.05229,-0.05356,0.00167,-0.98327
132.96,SYN.ETH-26JUN20,1576580343986,open,1.46,0.0,1.361,1.563,1.455934,94.98,1.06,0.0,ETH-26JUN20-320-P,131.64,0.0,1.405,1.0,1.465,1.0,99.64,0.24931,-0.0617,-1.59364,0.00282,-0.8241
132.96,SYN.ETH-26JUN20,1576580343986,open,0.05,312.0,0.019,0.091,0.048833,94.78,0.056,0.0,ETH-26JUN20-320-C,131.64,92.7,0.045,180.0,0.053,480.0,96.97,0.24854,-0.06139,0.08822,0.00282,0.17505
132.96,SYN.ETH-26JUN20,1576580343986,open,0.06,547.0,0.027,0.109,0.062815,92.39,0.065,0.0,ETH-26JUN20-280-C,131.64,90.11,0.058,180.0,0.068,476.0,94.78,0.28442,-0.06848,0.10891,0.00331,0.21863
132.96,SYN.ETH-26JUN20,1576580343986,open,0.18,1206.0,0.123,0.231,0.175559,81.52,0.175,0.0,ETH-26JUN20-120-P,131.64,77.45,0.165,253.0,0.173,100.0,80.53,0.34453,-0.07318,-0.34604,0.00455,-0.31952
131.44,ETH-27DEC19,1576580343988,open,0.0,1759.0,0.001,0.011,0.0,120.0,0.001,0.0,ETH-27DEC19-360-C,131.64,0.0,0.0,0.0,0.002,399.0,257.57,0.0,0.0,0.0,0.0,0.0
131.44,ETH-27DEC19,1576580343988,open,0.23,13336.0,0.184,0.266,0.222809,84.83,0.227,0.0,ETH-27DEC19-160-P,131.64,0.0,0.21,345.0,0.232,345.0,111.71,0.03518,-0.15108,-0.04028,0.00887,-0.90977
132.2,ETH-27MAR20,1576580343988,open,0.01,588.0,0.003,0.034,0.012973,106.23,0.015,0.0,ETH-27MAR20-360-C,131.64,103.13,0.011,560.0,0.015,251.0,109.15,0.08806,-0.04637,0.01899,0.00172,0.06495
131.44,ETH-27DEC19,1576580343988,open,0.01,3229.0,0.001,0.03,0.01069,77.78,0.008,0.0,ETH-27DEC19-150-C,131.64,73.54,0.009,710.0,0.013,558.0,83.22,0.05397,-0.21254,0.00554,0.01484,0.16643
131.73,SYN.ETH-31JAN20,1576580343988,open,0.02,759.0,0.007,0.043,0.021507,80.78,0.02,0.0,ETH-31JAN20-100-P,131.64,77.38,0.019,709.0,0.024,509.0,84.04,0.09901,-0.08912,-0.02495,0.00574,-0.13251
131.44,ETH-27DEC19,1576580343990,open,0.0,21058.0,0.001,0.011,0.0,120.0,0.007,0.0,ETH-27DEC19-600-C,131.64,0.0,0.0,0.0,0.001,600.0,334.78,0.0,0.0,0.0,0.0,0.0
132.2,ETH-27MAR20,1576580343990,open,2.96,0.0,2.821,3.071,2.939219,118.36,None,0.0,ETH-27MAR20-520-P,131.64,0.0,0.006,50.0,0.0,0.0,0.0,0.04649,-0.02727,-1.42851,0.00081,-0.97061
132.2,ETH-27MAR20,1576580343990,open,3.26,0.0,3.114,3.382,3.241048,121.04,None,0.0,ETH-27MAR20-560-P,131.64,0.0,0.02,50.0,0.0,0.0,0.0,0.04137,-0.02482,-1.54019,0.00071,-0.97444
131.44,ETH-27DEC19,1576580343990,open,1.75,257.0,1.66,1.823,1.738892,120.0,0.995,0.0,ETH-27DEC19-360-P,131.64,0.0,0.021,5.0,0.0,0.0,0.0,0.0,0.0,-0.0974,0.0,-1.0
132.96,SYN.ETH-26JUN20,1576580343990,open,1.18,0.0,1.079,1.269,1.169029,92.54,None,0.0,ETH-26JUN20-280-P,131.64,33.44,1.106,1.0,2.007,1.0,500.0,0.28493,-0.06871,-1.36276,0.00331,-0.78068
132.96,SYN.ETH-26JUN20,1576580343990,open,1.76,0.0,1.646,1.86,1.746683,96.95,None,0.0,ETH-26JUN20-360-P,131.64,0.0,0.015,2.0,1.752,1.0,100.1,0.21801,-0.05508,-1.81962,0.00242,-0.85667
132.96,SYN.ETH-26JUN20,1576580343990,open,0.5,372.0,0.421,0.577,0.497808,86.3,0.5,0.0,ETH-26JUN20-180-P,131.64,73.93,0.463,210.0,0.538,1.0,100.29,0.37899,-0.08523,-0.74494,0.00473,-0.56798
131.44,ETH-27DEC19,1576580343992,open,1.29,1.0,1.216,1.353,1.282411,120.0,0.494,0.0,ETH-27DEC19-300-P,131.64,0.0,0.021,3.0,0.0,0.0,0.0,2e-05,-0.00013,-0.08117,0.0,-0.99998
132.2,ETH-27MAR20,1576580343992,open,1.45,9.0,1.356,1.531,1.43815,102.92,1.323,0.0,ETH-27MAR20-320-P,131.64,0.0,1.419,1.0,1.445,1.0,110.48,0.10948,-0.05585,-0.85924,0.0022,-0.9136
132.2,ETH-27MAR20,1576580343992,open,0.05,2391.0,0.026,0.098,0.058266,88.9,0.058,0.0,ETH-27MAR20-200-C,131.64,88.15,0.057,200.0,0.06,661.0,89.92,0.22414,-0.09877,0.07266,0.00522,0.25714
131.44,ETH-27DEC19,1576580343992,open,0.0,12838.0,0.001,0.011,0.001069,114.9,0.001,0.0,ETH-27DEC19-200-C,131.64,113.87,0.001,500.0,0.002,253.0,125.82,0.00899,-0.05229,0.00056,0.00167,0.01673
132.2,ETH-27MAR20,1576580343992,open,0.01,1167.0,0.001,0.027,0.008978,114.34,0.008,0.0,ETH-27MAR20-440-C,131.64,110.03,0.007,560.0,0.009,1.0,114.39,0.06538,-0.03706,0.01301,0.00118,0.04458
132.96,SYN.ETH-26JUN20,1576580343992,open,0.27,1311.0,0.203,0.33,0.265931,81.52,0.213,0.0,ETH-26JUN20-140-P,131.64,77.67,0.255,181.0,0.275,391.0,84.73,0.37634,-0.07995,-0.4777,0.00497,-0.41751
132.96,SYN.ETH-26JUN20,1576580343992,open,0.62,249.0,0.541,0.703,0.619835,86.31,0.601,0.0,ETH-26JUN20-200-P,131.64,0.0,0.504,1.0,0.644,210.0,95.04,0.36305,-0.08166,-0.87558,0.00453,-0.63287
132.2,ETH-27MAR20,1576580343994,open,3.56,0.0,3.408,3.691,3.542454,121.38,None,0.0,ETH-27MAR20-600-P,131.64,0.0,0.03,50.0,0.0,0.0,0.0,0.03381,-0.02034,-1.6523,0.00058,-0.97989
131.44,ETH-27DEC19,1576580343994,open,0.0,6174.0,0.001,0.011,0.0,120.0,0.001,0.0,ETH-27DEC19-720-C,131.64,0.0,0.0,0.0,0.002,399.0,394.71,0.0,0.0,0.0,0.0,0.0
132.96,SYN.ETH-26JUN20,1576580343994,open,0.35,1.0,0.303,0.394,0.349763,81.46,0.38,0.0,ETH-26JUN20-100-C,131.64,67.29,0.32,49.0,0.387,49.0,98.7,0.28423,-0.06033,0.30184,0.00375,0.78161
131.44,ETH-27DEC19,1576580343996,open,0.0,11107.0,0.001,0.011,0.0,120.0,0.001,0.0,ETH-27DEC19-560-C,131.64,0.0,0.0,0.0,0.002,399.0,346.63,0.0,0.0,0.0,0.0,0.0
131.44,ETH-27DEC19,1576580343996,open,0.99,946.0,0.921,1.039,0.978108,120.0,0.715,0.0,ETH-27DEC19-260-P,131.64,0.0,0.001,14.0,1.776,5.0,500.0,0.00031,-0.00187,-0.07033,5e-05,-0.99961
131.44,ETH-27DEC19,1576580343996,open,0.01,5542.0,0.001,0.02,0.005523,84.83,0.006,0.0,ETH-27DEC19-160-C,131.64,82.83,0.005,840.0,0.007,504.0,90.04,0.03518,-0.15108,0.00301,0.00887,0.09023
132.2,ETH-27MAR20,1576580343996,open,3.87,0.0,3.701,4.001,3.844184,121.81,None,0.0,ETH-27MAR20-640-P,131.64,0.0,0.01,50.0,0.0,0.0,0.0,0.02792,-0.01686,-1.76402,0.00047,-0.98393
132.96,SYN.ETH-26JUN20,1576580343996,open,0.05,214.0,0.025,0.08,0.049637,82.43,0.046,0.0,ETH-26JUN20-80-P,131.64,79.29,0.045,1116.0,0.054,545.0,85.32,0.19879,-0.0427,-0.12228,0.00259,-0.12531
131.44,ETH-27DEC19,1576580343998,open,0.0,10814.0,0.001,0.011,0.0,120.0,0.001,0.0,ETH-27DEC19-400-C,131.64,0.0,0.0,0.0,0.001,1.0,258.28,0.0,0.0,0.0,0.0,0.0
132.2,ETH-27MAR20,1576580343998,open,2.05,5.0,1.942,2.149,2.038916,114.7,2.004,0.0,ETH-27MAR20-400-P,131.64,0.0,0.055,2.0,0.0,0.0,0.0,0.08541,-0.04856,-1.0875,0.00154,-0.93756
132.96,SYN.ETH-26JUN20,1576580343998,open,3.55,0.0,3.387,3.691,3.529781,108.98,None,0.0,ETH-26JUN20-600-P,131.64,0.0,0.01,50.0,0.0,0.0,0.0,0.12261,-0.03482,-3.12049,0.00121,-0.93474
132.96,SYN.ETH-26JUN20,1576580343998,open,0.57,1.0,0.545,0.593,0.56847,86.4,0.69,0.0,ETH-26JUN20-60-C,131.64,0.0,0.548,1.0,0.0,0.0,0.0,0.1098,-0.02472,0.26201,0.00137,0.94333
132.2,ETH-27MAR20,1576580344000,open,0.0,885.0,0.001,0.017,0.004722,119.99,0.004,0.0,ETH-27MAR20-560-C,131.64,113.33,0.003,1020.0,0.007,316.0,126.63,0.03958,-0.02354,0.00713,0.00068,0.02424
131.44,ETH-27DEC19,1576580344000,open,1.14,310.0,1.069,1.196,1.130254,120.0,0.49,0.0,ETH-27DEC19-280-P,131.64,0.0,0.003,9.0,0.0,0.0,0.0,8e-05,-0.00049,-0.07576,1e-05,-0.99991
132.2,ETH-27MAR20,1576580344000,open,0.01,1637.0,0.001,0.024,0.007483,117.26,0.013,0.0,ETH-27MAR20-480-C,131.64,113.54,0.006,220.0,0.009,220.0,120.6,0.05651,-0.03284,0.01087,0.001,0.03725
131.44,ETH-27DEC19,1576580344002,open,0.0,12762.0,0.001,0.011,0.0,120.0,0.001,0.0,ETH-27DEC19-680-C,131.64,0.0,0.0,0.0,0.002,399.0,383.92,0.0,0.0,0.0,0.0,0.0
6881.94,BTC-27DEC19,1576580344002,open,0.0,91.0,0.0005,0.0105,0.0007444,110.16,0.001,0.0,BTC-27DEC19-10500-C,6882.88,104.92,0.0005,15.2,0.001,20.5,114.48,0.36668,-2.04507,0.02192,3e-05,0.01251
6881.94,BTC-27DEC19,1576580344004,open,0.0,839.6,0.0005,0.0105,1e-08,115.0,0.0005,0.0,BTC-27DEC19-18000-C,6882.88,0.0,0.0,0.0,0.0005,26.0,212.47,2e-05,-7e-05,0.0,0.0,0.0
6901.37,SYN.BTC-31JAN20,1576580344004,open,0.05,114.0,0.0335,0.0885,0.05493359,63.1,0.0545,0.0,BTC-31JAN20-7500-C,6882.88,61.67,0.053,14.0,0.0565,35.8,64.26,9.32012,-6.55305,2.88879,0.00025,0.39539
132.2,ETH-27MAR20,1576580344006,open,0.44,1560.0,0.371,0.502,0.434951,84.33,0.429,0.0,ETH-27MAR20-180-P,131.64,71.6,0.412,1.0,0.453,300.0,93.76,0.24774,-0.10356,-0.40825,0.00608,-0.68242
131.44,ETH-27DEC19,1576580344006,open,0.0,13247.0,0.001,0.011,0.0,120.0,0.001,0.0,ETH-27DEC19-520-C,131.64,0.0,0.0,0.0,0.002,399.0,332.12,0.0,0.0,0.0,0.0,0.0
131.44,ETH-27DEC19,1576580344006,open,0.02,7171.0,0.004,0.041,0.017657,78.92,0.017,0.0,ETH-27DEC19-120-P,131.64,75.49,0.016,210.0,0.019,287.0,81.64,0.0643,-0.25693,-0.00851,0.01743,-0.22173
132.2,ETH-27MAR20,1576580344006,open,0.12,1419.0,0.075,0.163,0.117321,80.25,0.087,0.0,ETH-27MAR20-120-P,131.64,76.4,0.11,259.0,0.124,259.0,83.75,0.25163,-0.10008,-0.16336,0.00649,-0.32981
131.44,ETH-27DEC19,1576580344006,open,0.0,2113.0,0.001,0.011,4e-06,120.0,0.001,0.0,ETH-27DEC19-280-C,131.64,0.0,0.0,0.0,0.001,102.0,186.73,8e-05,-0.00049,0.0,1e-05,9e-05
132.96,SYN.ETH-26JUN20,1576580344006,open,0.38,639.0,0.303,0.445,0.3733,82.74,0.379,0.0,ETH-26JUN20-160-P,131.64,77.44,0.358,28.0,0.385,210.0,86.78,0.38457,-0.08291,-0.61281,0.005,-0.50346
132.2,ETH-27MAR20,1576580344008,open,0.02,2310.0,0.007,0.052,0.023453,97.79,0.021,0.0,ETH-27MAR20-280-C,131.64,95.31,0.021,260.0,0.026,385.0,100.23,0.13451,-0.0652,0.03328,0.00285,0.11453
132.96,SYN.ETH-26JUN20,1576580344008,open,0.02,110.0,0.006,0.051,0.020959,105.16,0.024,0.0,ETH-26JUN20-520-C,131.64,102.29,0.018,440.0,0.024,140.0,107.89,0.14285,-0.03915,0.04103,0.00146,0.07966
131.73,SYN.ETH-31JAN20,1576580344008,open,0.26,0.0,0.231,0.293,0.26237,80.76,None,0.0,ETH-31JAN20-100-C,131.64,48.02,0.244,63.0,0.286,63.0,108.66,0.09898,-0.08906,0.09802,0.00574,0.86755
6881.94,BTC-27DEC19,1576580344234,open,0.27,66.8,0.259,0.2945,0.27522368,104.15,0.2985,0.0,BTC-27DEC19-5000-C,6882.88,0.0,0.269,11.0,0.282,15.0,145.33,0.67405,-3.55426,1.30195,5e-05,0.97444
6901.37,SYN.BTC-31JAN20,1576580344234,open,0.53,0.0,0.4945,0.571,0.5295534,76.13,None,0.0,BTC-31JAN20-10500-P,6882.88,0.0,0.23,1.0,0.83,1.0,320.34,3.42994,-2.90937,-12.34086,8e-05,-0.92487
6881.94,BTC-27DEC19,1576580344236,open,0.0,106.3,0.0005,0.0105,0.0,115.0,0.0005,0.0,BTC-27DEC19-2000-P,6882.88,0.0,0.0,0.0,0.0005,25.2,299.12,0.0,0.0,0.0,0.0,0.0
6901.37,SYN.BTC-31JAN20,1576580344236,open,0.02,540.5,0.0085,0.041,0.02051429,69.49,0.02,0.0,BTC-31JAN20-5500-P,6882.88,68.21,0.0195,23.0,0.021,31.0,70.09,5.54305,-4.29146,-1.41356,0.00014,-0.14608
6881.94,BTC-27DEC19,1576580344238,open,0.0,526.9,0.0005,0.0105,0.0,115.0,0.0005,0.0,BTC-27DEC19-22000-C,6882.88,0.0,0.0,0.0,0.0005,16.0,249.84,0.0,0.0,0.0,0.0,0.0
6881.94,BTC-27DEC19,1576580344238,open,0.0,1025.2,0.0005,0.0105,5.55e-06,115.0,0.0005,0.0,BTC-27DEC19-14000-C,6882.88,0.0,0.0,0.0,0.001,48.4,177.12,0.00558,-0.03248,0.00022,0.0,0.00013
6881.94,BTC-27DEC19,1576580344240,open,0.0,690.8,0.0005,0.0105,0.0,115.0,0.0005,0.0,BTC-27DEC19-36000-C,6882.88,0.0,0.0,0.0,0.0005,15.0,337.34,0.0,0.0,0.0,0.0,0.0
6881.94,BTC-27DEC19,1576580344240,open,0.0,590.4,0.0005,0.0105,0.0,115.0,0.001,0.0,BTC-27DEC19-2500-P,6882.88,0.0,0.0,0.0,0.0005,165.1,247.34,0.0,-1e-05,0.0,0.0,0.0
6881.94,BTC-27DEC19,1576580344240,open,0.0,349.0,0.0005,0.0105,0.0,115.0,0.0005,0.0,BTC-27DEC19-48000-C,6882.88,0.0,0.0,0.0,0.0005,15.0,386.19,0.0,0.0,0.0,0.0,0.0
6901.37,SYN.BTC-31JAN20,1576580344240,open,0.32,10.4,0.2885,0.3625,0.32229817,68.12,0.272,0.0,BTC-31JAN20-9000-P,6882.88,54.9,0.3125,3.0,0.6235,1.0,297.15,5.90178,-4.47959,-9.85723,0.00015,-0.83942
6881.94,BTC-27DEC19,1576580344242,open,0.0,1541.5,0.0005,0.0105,0.0,115.0,0.0005,0.0,BTC-27DEC19-52000-C,6882.88,0.0,0.0,0.0,0.0005,51.9,399.53,0.0,0.0,0.0,0.0,0.0
6881.94,BTC-27DEC19,1576580344242,open,0.0,766.5,0.0005,0.0105,2.595e-05,115.0,0.0005,0.0,BTC-27DEC19-13000-C,6882.88,0.0,0.0,0.0,0.001,37.3,161.44,0.02167,-0.12617,0.00096,0.0,0.00054
6932.47,BTC-27MAR20,1576580344246,open,0.0,132.7,0.0005,0.0145,0.00307166,115.0,0.004,0.0,BTC-27MAR20-30000-C,6882.88,114.67,0.003,5.0,0.0035,10.0,116.85,1.53378,-0.87427,0.26618,1e-05,0.01696
6983.0,SYN.BTC-26JUN20,1576580344246,open,3.6,0.0,3.496,3.7105,3.59444549,103.42,None,0.0,BTC-26JUN20-32000-P,6882.88,0.0,0.002,1.0,0.0,0.0,0.0,5.13275,-1.38322,-166.85984,2e-05,-0.95107
6932.47,BTC-27MAR20,1576580344248,open,4.2,0.0,4.0915,4.306,4.19425715,115.07,None,0.0,BTC-27MAR20-36000-P,6882.88,0.0,0.0015,10.0,0.0,0.0,0.0,0.77641,-0.44282,-99.37041,1e-05,-0.99226
6881.94,BTC-27DEC19,1576580344260,open,1.18,211.0,1.137,1.224,1.17962229,123.44,0.959,0.0,BTC-27DEC19-15000-P,6882.88,0.0,0.729,3.0,1.3895,3.0,500.0,0.00421,-0.02631,-4.05834,0.0,-0.99991
6932.46,BTC-27MAR20,1576580344360,open,0.15,258.2,0.1105,0.1935,0.14780387,68.16,0.147,0.0,BTC-27MAR20-7000-P,6882.88,66.33,0.144,2.0,0.1505,20.0,69.46,14.3721,-4.85551,-11.2534,0.00016,-0.43955
6932.47,BTC-27MAR20,1576580344433,open,3.91,0.0,3.8085,4.0135,3.90617626,115.05,None,0.0,BTC-27MAR20-34000-P,6882.88,0.0,0.0015,10.0,0.0,0.0,0.0,0.97066,-0.55352,-93.8079,1e-05,-0.99001
6932.47,BTC-27MAR20,1576580344433,open,0.06,314.6,0.0345,0.1005,0.06179274,71.84,0.0635,0.0,BTC-27MAR20-9000-C,6882.88,71.14,0.0605,2.2,0.062,0.5,71.95,12.81636,-4.56366,4.7122,0.00013,0.30774
6881.94,BTC-27DEC19,1576580344433,open,0.78,12.1,0.7725,0.792,0.78203789,0.0,0.8415,0.0,BTC-27DEC19-1500-C,6882.88,0.0,0.776,18.0,0.788,20.0,500.0,0.0,0.0,0.40585,0.0,1.0
6932.47,BTC-27MAR20,1576580344433,open,0.02,1418.0,0.009,0.0535,0.02440644,79.86,0.026,0.0,BTC-27MAR20-12000-C,6882.88,78.62,0.023,2.0,0.025,15.0,80.38,7.96592,-3.15324,2.14428,8e-05,0.13632
6932.47,BTC-27MAR20,1576580344433,open,2.47,0.0,2.3955,2.55,2.46692674,107.33,None,0.0,BTC-27MAR20-24000-P,6882.88,0.0,0.0015,10.0,0.0,0.0,0.0,2.3075,-1.22761,-65.8971,2e-05,-0.97249
6881.94,BTC-27DEC19,1576580344433,open,0.0,657.0,0.0005,0.0105,0.0,115.0,0.0005,0.0,BTC-27DEC19-28000-C,6882.88,0.0,0.0,0.0,0.0005,15.0,293.36,0.0,0.0,0.0,0.0,0.0
6881.94,BTC-27DEC19,1576580344433,open,0.0,501.2,0.0005,0.012,0.00224014,73.82,0.002,0.0,BTC-27DEC19-8500-C,6882.88,72.28,0.002,60.4,0.0025,0.1,75.39,1.10453,-4.12839,0.0827,0.00012,0.04665
6881.94,BTC-27DEC19,1576580344433,open,0.0,1038.8,0.0005,0.0105,0.0,115.0,0.0015,0.0,BTC-27DEC19-20000-C,6882.88,0.0,0.0,0.0,0.0005,29.4,232.23,0.0,0.0,0.0,0.0,0.0
6881.94,BTC-27DEC19,1576580344433,open,2.2,4.9,2.1345,2.262,2.19677765,178.88,2.217,0.0,BTC-27DEC19-22000-P,6882.88,0.0,0.0,0.0,0.0,0.0,0.0,0.00327,-0.02963,-5.95235,0.0,-0.99993
6932.47,BTC-27MAR20,1576580344433,open,0.43,7.4,0.417,0.458,0.43524703,77.12,0.4255,0.0,BTC-27MAR20-4000-C,6882.88,53.36,0.425,12.0,0.5355,5.0,175.58,4.31183,-1.64813,9.68075,4e-05,0.94052
6881.94,BTC-27DEC19,1576580344433,open,0.0,756.8,0.0005,0.0105,0.0,115.0,0.0005,0.0,BTC-27DEC19-24000-C,6882.88,0.0,0.0,0.0,0.0005,36.0,265.7,0.0,0.0,0.0,0.0,0.0
6881.94,BTC-27DEC19,1576580344433,open,5.41,0.0,5.2685,5.524,5.3935553,283.92,3.46,0.0,BTC-27DEC19-44000-P,6882.88,0.0,0.001,1.0,0.0,0.0,0.0,0.00416,-0.05976,-11.90479,0.0,-0.99991
6881.94,BTC-27DEC19,1576580344433,open,0.0,680.5,0.0005,0.0105,0.0,115.0,0.0005,0.0,BTC-27DEC19-26000-C,6882.88,0.0,0.0,0.0,0.0005,34.0,280.13,0.0,0.0,0.0,0.0,0.0
6881.94,BTC-27DEC19,1576580344433,open,0.71,0.0,0.6995,0.719,0.70938385,0.0,None,0.0,BTC-27DEC19-2000-C,6882.88,0.0,0.7035,17.0,0.715,19.0,425.67,0.0,0.0,0.54113,0.0,1.0
6983.0,SYN.BTC-26JUN20,1576580344433,open,0.27,21.1,0.2285,0.315,0.26819335,71.42,0.271,0.0,BTC-26JUN20-6000-C,6882.88,68.72,0.2615,6.0,0.277,6.0,74.96,17.34492,-3.22797,16.19957,9e-05,0.70949
6901.37,SYN.BTC-31JAN20,1576580344433,open,0.08,106.4,0.057,0.117,0.08094044,62.52,0.0795,0.0,BTC-31JAN20-7000-C,6882.88,60.77,0.0785,26.9,0.0815,0.2,62.92,9.64423,-6.71792,3.7076,0.00026,0.5179
6983.0,SYN.BTC-26JUN20,1576580344433,open,0.58,17.8,0.567,0.6015,0.58204576,79.57,0.623,0.0,BTC-26JUN20-3000-C,6882.88,61.18,0.5735,7.0,0.0,0.0,0.0,4.34634,-0.90124,13.88109,2e-05,0.96019
6901.37,SYN.BTC-31JAN20,1576580344433,open,0.12,18.1,0.092,0.1525,0.11776909,63.15,0.12,0.0,BTC-31JAN20-6500-C,6882.88,60.24,0.114,13.0,0.121,13.0,65.63,8.97698,-6.31595,4.50343,0.00024,0.64852
6983.0,SYN.BTC-26JUN20,1576580344433,open,2.17,0.0,2.0965,2.263,2.17129328,92.92,None,0.0,BTC-26JUN20-22000-P,6882.88,0.0,0.11,1.0,2.9995,0.1,469.85,7.93988,-1.9225,-113.26131,3e-05,-0.91411
6983.0,SYN.BTC-26JUN20,1576580344433,open,0.79,8.2,0.7265,0.8605,0.78643218,79.16,0.75,0.0,BTC-26JUN20-12000-P,6882.88,0.0,0.175,0.2,1.9995,2.0,500.0,16.28335,-3.35874,-56.18863,8e-05,-0.74423
6901.37,SYN.BTC-31JAN20,1576580344433,open,0.14,120.4,0.1115,0.1825,0.14167539,63.11,0.134,0.0,BTC-31JAN20-7500-P,6882.88,60.38,0.138,2.0,0.141,15.0,62.61,9.32014,-6.5532,-6.33223,0.00025,-0.60461
6983.0,SYN.BTC-26JUN20,1576580344433,open,0.01,36.2,0.002,0.0375,0.01188128,103.41,0.0125,0.0,BTC-26JUN20-32000-C,6882.88,102.18,0.011,1.0,0.012,15.0,103.57,5.13098,-1.38262,1.35942,2e-05,0.04891
6932.47,BTC-27MAR20,1576580344437,open,3.63,0.0,3.526,3.721,3.618249,115.04,None,0.0,BTC-27MAR20-32000-P,6882.88,0.0,0.0015,10.0,0.0,0.0,0.0,1.2186,-0.69484,-88.23409,1e-05,-0.98702
6881.94,BTC-27DEC19,1576580344437,open,1.62,9.4,1.5645,1.6685,1.61554536,148.71,1.559,0.0,BTC-27DEC19-18000-P,6882.88,0.0,1.165,3.0,1.8255,3.0,500.0,0.0032,-0.02411,-4.87008,0.0,-0.99993
6932.47,BTC-27MAR20,1576580344437,open,0.02,429.8,0.0045,0.0395,0.0154695,85.03,0.0145,0.0,BTC-27MAR20-14000-C,6882.88,83.86,0.0145,31.3,0.016,15.0,85.65,5.85453,-2.46744,1.40304,5e-05,0.0887
6932.47,BTC-27MAR20,1576580344437,open,1.61,0.0,1.5485,1.6745,1.60543061,95.94,1.23,0.0,BTC-27MAR20-18000-P,6882.88,0.0,1.303,1.0,1.903,1.0,273.99,3.79105,-1.80274,-48.95015,3e-05,-0.94946
6983.0,SYN.BTC-26JUN20,1576580344437,open,0.46,0.5,0.4345,0.488,0.45830895,74.34,0.589,0.0,BTC-26JUN20-4000-C,6882.88,64.0,0.4465,6.0,0.4815,6.0,91.44,8.64002,-1.67378,16.35159,5e-05,0.90375
6983.0,SYN.BTC-26JUN20,1576580344437,open,0.3,141.4,0.2505,0.3645,0.30220372,72.42,0.307,0.0,BTC-26JUN20-8000-P,6882.88,69.06,0.2925,6.0,0.3055,6.0,73.55,20.19821,-3.81147,-29.39569,0.00011,-0.49858
6983.0,SYN.BTC-26JUN20,1576580344437,open,1.61,2.9,1.54,1.691,1.60728621,87.72,1.55,0.0,BTC-26JUN20-18000-P,6882.88,0.0,1.45,0.1,1.69,0.1,128.32,10.1775,-2.3264,-91.27447,5e-05,-0.87917
6983.0,SYN.BTC-26JUN20,1576580344437,open,0.53,123.5,0.4755,0.603,0.53286745,76.28,0.485,0.0,BTC-26JUN20-10000-P,6882.88,63.06,0.4985,8.0,0.535,0.1,77.07,18.843,-3.74574,-43.24976,0.0001,-0.64532
6932.47,BTC-27MAR20,1576580344448,open,1.9,5.2,1.8305,1.965,1.89193181,99.73,1.108,0.0,BTC-27MAR20-20000-P,6882.88,0.0,1.589,1.0,2.1895,1.0,283.76,3.09646,-1.53062,-54.65449,2e-05,-0.96069
6901.37,SYN.BTC-31JAN20,1576580344448,open,0.2,31.9,0.1635,0.2365,0.19563783,63.63,0.1585,0.0,BTC-31JAN20-8000-P,6882.88,60.57,0.192,2.8,0.2075,12.3,73.22,8.29617,-5.8813,-7.67624,0.00022,-0.70904
6983.0,SYN.BTC-26JUN20,1576580344448,open,3.03,0.0,2.9355,3.1295,3.02374114,99.24,None,0.0,BTC-26JUN20-28000-P,6882.88,0.0,0.002,1.0,0.0,0.0,0.0,5.88682,-1.52236,-145.57081,2e-05,-0.94182
6932.47,BTC-27MAR20,1576580344479,open,0.31,2.1,0.285,0.343,0.311584,70.9,0.3115,0.0,BTC-27MAR20-5000-C,6882.88,57.08,0.2965,11.0,0.3365,11.0,90.24,8.26337,-2.90412,10.43294,9e-05,0.85612
6881.94,BTC-27DEC19,1576580344481,open,0.0,562.6,0.0005,0.0105,0.0,115.0,0.0005,0.0,BTC-27DEC19-40000-C,6882.88,0.0,0.0,0.0,0.0005,20.6,355.4,0.0,0.0,0.0,0.0,0.0
6881.94,BTC-27DEC19,1576580344481,open,3.66,0.3,3.559,3.7445,3.6498584,235.46,2.744,0.0,BTC-27DEC19-32000-P,6882.88,0.0,0.0,0.0,0.0,0.0,0.0,0.00364,-0.04341,-8.65801,0.0,-0.99992
6901.37,SYN.BTC-31JAN20,1576580344481,open,0.03,322.0,0.0105,0.0495,0.02549779,65.83,0.0275,0.0,BTC-31JAN20-8500-C,6882.88,65.34,0.025,15.3,0.026,13.3,66.32,7.0816,-5.19399,1.6128,0.00018,0.21557
6983.0,SYN.BTC-26JUN20,1576580344481,open,0.21,295.2,0.16,0.262,0.20576087,71.42,0.2,0.0,BTC-26JUN20-7000-P,6882.88,69.01,0.199,14.7,0.2075,7.0,72.04,19.55613,-3.63951,-22.22445,0.00011,-0.39967
6932.46,BTC-27MAR20,1576580344485,open,0.04,519.6,0.021,0.0785,0.04343456,74.32,0.0415,0.0,BTC-27MAR20-10000-C,6882.88,73.41,0.042,4.0,0.045,40.3,75.29,11.03712,-4.06556,3.55373,0.00011,0.22892
6901.37,SYN.BTC-31JAN20,1576580344502,open,0.26,17.2,0.2235,0.297,0.25713827,65.83,0.2135,0.0,BTC-31JAN20-8500-P,6882.88,0.0,0.002,3.0,0.5585,1.0,290.39,7.08175,-5.19423,-8.83765,0.00018,-0.78442
6932.47,BTC-27MAR20,1576580344506,open,1.32,1.1,1.2665,1.384,1.31943884,90.86,1.08,0.0,BTC-27MAR20-16000-P,6882.88,0.0,1.0175,1.0,1.4,0.1,154.44,4.63487,-2.08737,-43.18885,4e-05,-0.93475
6932.47,BTC-27MAR20,1576580344513,open,0.03,244.4,0.016,0.059,0.03282869,70.91,0.0345,0.0,BTC-27MAR20-5000-P,6882.88,69.36,0.031,11.0,0.0345,29.5,72.3,8.26345,-2.90418,-3.38571,9e-05,-0.14388
6881.94,BTC-27DEC19,1576580344513,open,0.35,21.6,0.333,0.3625,0.34676692,114.98,0.5285,0.0,BTC-27DEC19-4500-C,6882.88,0.0,0.3405,12.0,0.3535,16.0,176.3,0.2917,-1.69804,1.19842,2e-05,0.99038
6881.94,BTC-27DEC19,1576580344515,open,0.64,0.0,0.627,0.6465,0.63672981,0.0,None,0.0,BTC-27DEC19-2500-C,6882.88,0.0,0.6315,15.0,0.642,17.0,349.37,0.0,0.0,0.67642,0.0,1.0
6881.94,BTC-27DEC19,1576580344525,open,2.49,0.0,2.4195,2.5585,2.4873938,191.98,None,0.0,BTC-27DEC19-24000-P,6882.88,0.0,0.0,0.0,0.0,0.0,0.0,0.00333,-0.0324,-6.49348,0.0,-0.99993
6901.37,SYN.BTC-31JAN20,1576580344528,open,0.75,0.0,0.706,0.7875,0.74353288,84.77,None,0.0,BTC-31JAN20-12000-P,6882.88,0.0,0.4435,1.0,1.0435,1.0,342.54,2.22764,-2.10392,-14.42572,4e-05,-0.9566
6932.47,BTC-27MAR20,1576580344547,open,0.49,148.2,0.4405,0.5415,0.48592395,74.32,0.45,0.0,BTC-27MAR20-10000-P,6882.88,56.04,0.4605,11.0,0.5205,9.0,94.2,11.03734,-4.06572,-24.08334,0.00011,-0.77108
6932.47,BTC-27MAR20,1576580344552,open,0.0,97.3,0.0005,0.0115,0.00171233,115.0,0.003,0.0,BTC-27MAR20-34000-C,6882.88,116.95,0.002,5.0,0.003,30.0,122.45,0.96775,-0.55162,0.15798,1e-05,0.00996
6881.94,BTC-27DEC19,1576580344552,open,0.0,832.1,0.0005,0.0105,1.5e-07,115.0,0.0005,0.0,BTC-27DEC19-3000-P,6882.88,0.0,0.0,0.0,0.0005,66.1,205.23,0.00019,-0.00102,-1e-05,0.0,0.0
6901.37,SYN.BTC-31JAN20,1576580344552,open,0.02,267.0,0.0065,0.0395,0.01820825,68.12,0.0175,0.0,BTC-31JAN20-9000-C,6882.88,67.29,0.0175,3.6,0.0185,12.8,68.46,5.90154,-4.47926,1.20794,0.00015,0.16057
6881.94,BTC-27DEC19,1576580344555,open,4.82,0.0,4.6985,4.9305,4.812323,269.37,2.58,0.0,BTC-27DEC19-40000-P,6882.88,0.0,0.001,1.0,0.0,0.0,0.0,0.00398,-0.05433,-10.82253,0.0,-0.99991
6881.94,BTC-27DEC19,1576580344555,open,6.57,0.8,6.408,6.71,6.5560199,309.52,3.59,0.0,BTC-27DEC19-52000-P,6882.88,0.0,0.001,1.0,0.0,0.0,0.0,0.0045,-0.07059,-14.06932,0.0,-0.9999
6881.94,BTC-27DEC19,1576580344555,open,0.0,1256.7,0.0005,0.0115,0.00169976,85.18,0.0015,0.0,BTC-27DEC19-9000-C,6882.88,78.35,0.001,61.0,0.0025,58.9,91.1,0.82331,-3.55058,0.05738,8e-05,0.03252
6881.94,BTC-27DEC19,1576580344555,open,0.17,910.8,0.1415,0.197,0.1670542,66.65,0.1665,0.0,BTC-27DEC19-8000-P,6882.88,0.0,0.161,18.7,0.171,2.0,78.99,1.89372,-6.38995,-1.99864,0.00022,-0.90632
6881.94,BTC-27DEC19,1576580344555,open,0.0,255.7,0.0005,0.0105,0.0,115.0,0.001,0.0,BTC-27DEC19-1500-P,6882.88,0.0,0.0,0.0,0.0005,53.0,366.56,0.0,0.0,0.0,0.0,0.0
6881.94,BTC-27DEC19,1576580344555,open,0.0,449.3,0.0005,0.0105,0.0,115.0,0.0005,0.0,BTC-27DEC19-44000-C,6882.88,0.0,0.0,0.0,0.0005,16.0,371.57,0.0,0.0,0.0,0.0,0.0
6881.94,BTC-27DEC19,1576580344558,open,1.04,268.3,0.9945,1.076,1.0343186,118.03,0.9355,0.0,BTC-27DEC19-14000-P,6882.88,0.0,0.584,3.0,1.2445,3.0,500.0,0.00797,-0.04762,-3.78761,0.0,-0.99982
6932.47,BTC-27MAR20,1576580344571,open,0.01,256.8,0.0005,0.022,0.00595204,104.1,0.0075,0.0,BTC-27MAR20-22000-C,6882.88,101.51,0.005,15.0,0.0065,15.0,105.47,2.69273,-1.38945,0.52099,2e-05,0.03314
6881.94,BTC-27DEC19,1576580344571,open,0.0,491.2,0.0005,0.0105,5.83e-06,115.0,0.0005,0.0,BTC-27DEC19-3500-P,6882.88,0.0,0.0,0.0,0.001,54.0,185.33,0.00539,-0.03139,-0.00024,0.0,-0.00012
6932.47,BTC-27MAR20,1576580344571,open,0.0,686.4,0.0005,0.0105,0.00075885,115.0,0.002,0.0,BTC-27MAR20-40000-C,6882.88,118.01,0.001,52.0,0.0025,31.4,129.65,0.49922,-0.28456,0.07561,0.0,0.00471
6932.47,BTC-27MAR20,1576580344571,open,0.0,69.3,0.0005,0.012,0.00228295,115.0,0.0025,0.0,BTC-27MAR20-32000-C,6882.88,113.31,0.002,19.4,0.0035,40.0,120.92,1.21607,-0.69317,0.20441,1e-05,0.01295
6932.47,BTC-27MAR20,1576580344575,open,0.76,54.9,0.7085,0.813,0.75539371,79.86,0.77,0.0,BTC-27MAR20-12000-P,6882.88,0.0,0.55,0.1,0.8795,0.1,152.79,7.96628,-3.15346,-31.02021,8e-05,-0.86367
6881.94,BTC-27DEC19,1576580344575,open,0.2,69.4,0.1855,0.226,0.20428955,88.55,0.2335,0.0,BTC-27DEC19-5500-C,6882.88,0.0,0.198,8.4,0.2105,9.4,114.79,1.23207,-5.52346,1.38201,0.00011,0.9465
6881.94,BTC-27DEC19,1576580344577,open,0.56,11.0,0.5545,0.574,0.56407592,0.0,0.5835,0.0,BTC-27DEC19-3000-C,6882.88,0.0,0.559,13.2,0.5695,17.4,293.4,0.0,0.0,0.8117,0.0,1.0
6932.47,BTC-27MAR20,1576580344577,open,0.01,1541.0,0.0015,0.033,0.01145582,90.86,0.011,0.0,BTC-27MAR20-16000-C,6882.88,89.39,0.0105,29.0,0.0115,13.1,90.92,4.6341,-2.08691,1.03043,4e-05,0.06524
6983.0,SYN.BTC-26JUN20,1576580344577,open,2.46,0.0,2.376,2.5515,2.45512556,95.44,None,0.0,BTC-26JUN20-24000-P,6882.88,0.0,0.002,1.0,0.0,0.0,0.0,7.18075,-1.78582,-124.07308,3e-05,-0.92481
6932.47,BTC-27MAR20,1576580344580,open,0.14,531.9,0.103,0.1795,0.13806191,68.16,0.137,0.0,BTC-27MAR20-7000-C,6882.88,67.16,0.136,2.0,0.14,13.9,69.09,14.37212,-4.85544,8.09267,0.00016,0.56045
6932.47,BTC-27MAR20,1576580344584,open,0.36,102.8,0.3155,0.414,0.36003319,71.84,0.3045,0.0,BTC-27MAR20-9000-P,6882.88,66.31,0.35,10.9,0.66,1.0,218.74,12.81644,-4.56376,-20.16122,0.00013,-0.69226
131.58,SYN.ETH-20DEC19,1576580344692,open,0.0,66.0,0.001,0.013,0.001786,119.06,0.001,0.0,ETH-20DEC19-110-P,131.64,107.11,0.001,700.0,0.003,400.0,132.65,0.01011,-0.20932,-0.00044,0.00623,-0.04023
131.58,SYN.ETH-20DEC19,1576580344692,open,0.01,770.0,0.001,0.022,0.005021,91.8,0.003,0.0,ETH-20DEC19-120-P,131.64,85.82,0.004,201.0,0.006,350.0,97.11,0.02346,-0.37447,-0.0013,0.01873,-0.12071
131.58,SYN.ETH-20DEC19,1576580344692,open,0.02,755.0,0.002,0.047,0.019554,71.35,0.021,0.0,ETH-20DEC19-130-P,131.64,66.84,0.018,500.0,0.021,89.0,75.53,0.04545,-0.56385,-0.00447,0.0467,-0.41191
131.58,SYN.ETH-20DEC19,1576580344692,open,0.16,2.0,0.139,0.194,0.165804,119.06,0.21,0.0,ETH-20DEC19-110-C,131.64,0.0,0.01,75.0,0.215,1.0,355.69,0.01011,-0.20932,0.00823,0.00623,0.95977
131.58,SYN.ETH-20DEC19,1576580344692,open,0.03,42.0,0.006,0.06,0.031575,71.35,0.027,0.0,ETH-20DEC19-130-C,131.64,66.78,0.03,500.0,0.036,331.0,84.12,0.04545,-0.56385,0.00577,0.0467,0.58809
131.58,SYN.ETH-20DEC19,1576580344692,open,0.01,382.0,0.001,0.023,0.005659,71.35,0.005,0.0,ETH-20DEC19-140-C,131.64,68.37,0.005,710.0,0.006,21.0,72.84,0.02974,-0.36893,0.00172,0.03056,0.17167
131.58,SYN.ETH-20DEC19,1576580344692,open,0.22,54.0,0.181,0.258,0.216962,111.51,0.116,0.0,ETH-20DEC19-160-P,131.64,0.0,0.202,25.0,0.236,25.0,229.11,0.00729,-0.14132,-0.01234,0.00479,-0.97296
131.58,SYN.ETH-20DEC19,1576580344695,open,0.38,0.0,0.329,0.411,0.368029,120.0,None,0.0,ETH-20DEC19-180-P,131.64,0.0,0.01,50.0,0.438,1.0,492.45,0.00072,-0.015,-0.01416,0.00044,-0.99806
131.58,SYN.ETH-20DEC19,1576580344695,open,0.0,75.0,0.001,0.011,5.8e-05,120.0,0.001,0.0,ETH-20DEC19-180-C,131.64,0.0,0.0,0.0,0.001,10.0,165.21,0.00072,-0.00768,2e-05,0.00044,0.00194
131.58,SYN.ETH-20DEC19,1576580344695,open,0.0,245.0,0.001,0.011,0.000324,120.0,0.001,0.0,ETH-20DEC19-170-C,131.64,0.0,0.0,0.0,0.001,25.0,139.71,0.00293,-0.04263,9e-05,0.00179,0.00934
131.58,SYN.ETH-20DEC19,1576580344695,open,0.3,0.0,0.255,0.334,0.292296,120.0,0.282,0.0,ETH-20DEC19-170-P,131.64,0.0,0.01,50.0,0.0,0.0,0.0,0.00293,-0.0612,-0.0133,0.00179,-0.99066
131.58,SYN.ETH-20DEC19,1576580344695,open,0.0,529.0,0.001,0.011,0.000988,111.51,0.001,0.0,ETH-20DEC19-160-C,131.64,0.0,0.0,0.0,0.002,275.0,126.0,0.00729,-0.12999,0.00027,0.00479,0.02704
131.44,ETH-27DEC19,1576580344764,open,0.01,58.0,0.001,0.024,0.00761,90.24,0.004,0.0,ETH-27DEC19-110-P,131.64,84.44,0.006,610.0,0.009,350.0,94.85,0.03832,-0.17507,-0.00388,0.00908,-0.10136
131.44,ETH-27DEC19,1576580344764,open,0.17,1.0,0.14,0.201,0.170726,90.24,0.204,0.0,ETH-27DEC19-110-C,131.64,0.0,0.156,58.0,0.183,58.0,124.64,0.03832,-0.17507,0.02589,0.00908,0.89864
6881.94,BTC-27DEC19,1576580345306,open,0.01,191.7,0.0015,0.0295,0.01134949,67.7,0.013,0.0,BTC-27DEC19-6250-P,6882.88,65.7,0.0105,0.4,0.011,15.0,66.88,2.95606,-10.13212,-0.35373,0.00034,-0.17862
6881.94,BTC-27DEC19,1576580345306,open,0.03,373.5,0.012,0.0555,0.03039117,60.39,0.03,0.0,BTC-27DEC19-6750-P,6882.88,57.42,0.0285,16.2,0.03,15.0,59.78,4.38302,-13.40189,-0.80775,0.00057,-0.40341
6881.94,BTC-27DEC19,1576580345306,open,0.17,0.2,0.149,0.1925,0.16934059,80.47,0.1905,0.0,BTC-27DEC19-5750-C,6882.88,58.15,0.1655,8.1,0.1755,11.4,101.72,1.63908,-6.67826,1.40284,0.00016,0.92274
6882.61,SYN.BTC-20DEC19,1576580345436,open,0.0,163.0,0.0005,0.0135,0.00193395,97.43,0.0015,0.0,BTC-20DEC19-6000-P,6882.88,85.66,0.001,52.1,0.002,15.1,98.13,0.6454,-10.93322,-0.02899,0.00018,-0.05153
6882.61,SYN.BTC-20DEC19,1576580345436,open,0.16,0.0,0.148,0.1865,0.16553719,107.01,None,0.0,BTC-20DEC19-5750-C,6882.88,0.0,0.0765,4.2,0.3065,2.0,500.0,0.37089,-6.90067,0.4383,9e-05,0.97384
6882.61,SYN.BTC-20DEC19,1576580345438,open,0.04,561.4,0.011,0.0565,0.03134537,60.94,0.0305,0.0,BTC-20DEC19-7000-P,6882.88,56.97,0.03,15.5,0.0305,15.0,58.45,2.33978,-24.79354,-0.34908,0.00103,-0.61241
6882.61,SYN.BTC-20DEC19,1576580345440,open,0.06,211.7,0.0355,0.085,0.05887953,63.2,0.0595,0.0,BTC-20DEC19-7250-P,6882.88,54.71,0.057,4.0,0.06,5.5,67.8,1.62698,-17.8776,-0.47423,0.00069,-0.81568
6882.61,SYN.BTC-20DEC19,1576580345440,open,0.24,0.0,0.211,0.263,0.2352412,98.07,0.154,0.0,BTC-20DEC19-8500-P,6882.88,0.0,0.001,1.0,0.535,3.0,500.0,0.14306,-2.43933,-0.66514,4e-05,-0.99137
6882.61,SYN.BTC-20DEC19,1576580345440,open,0.2,0.1,0.1755,0.2255,0.19891812,85.94,0.1615,0.0,BTC-20DEC19-8250-P,6882.88,0.0,0.1565,0.1,0.499,3.0,500.0,0.15864,-2.37044,-0.64485,5e-05,-0.99029
6882.61,SYN.BTC-20DEC19,1576580345440,open,0.0,205.7,0.0005,0.017,0.00325789,83.84,0.0055,0.0,BTC-20DEC19-6250-P,6882.88,78.33,0.0025,41.1,0.004,21.1,88.71,1.00272,-14.6177,-0.05128,0.00032,-0.09131
6882.61,SYN.BTC-20DEC19,1576580345442,open,0.31,2.1,0.2825,0.3365,0.30780094,115.04,0.337,0.0,BTC-20DEC19-9000-P,6882.88,0.0,0.2605,0.1,0.608,3.0,500.0,0.08837,-1.76761,-0.70645,2e-05,-0.995
6882.61,SYN.BTC-20DEC19,1576580345442,open,0.27,0.2,0.2465,0.301,0.27168262,115.02,0.207,0.0,BTC-20DEC19-8750-P,6882.88,0.0,0.2265,0.1,0.5715,3.0,500.0,0.17295,-3.45877,-0.68376,4e-05,-0.98928
6881.94,BTC-27DEC19,1576580345504,open,0.07,147.5,0.0505,0.1,0.07409887,63.42,0.073,0.0,BTC-27DEC19-6500-C,6882.88,54.84,0.0695,7.0,0.0735,20.3,62.33,3.77327,-12.11599,1.21307,0.00046,0.72558
6881.94,BTC-27DEC19,1576580345506,open,0.07,147.5,0.0505,0.1,0.07409887,63.42,0.073,0.0,BTC-27DEC19-6500-C,6882.88,54.84,0.0695,12.0,0.0735,20.3,62.33,3.77327,-12.11599,1.21307,0.00046,0.72558
6881.94,BTC-27DEC19,1576580345507,open,0.07,147.5,0.0505,0.1,0.07409887,63.42,0.073,0.0,BTC-27DEC19-6500-C,6882.88,61.41,0.073,7.0,0.0735,20.3,62.33,3.77327,-12.11599,1.21307,0.00046,0.72558
6881.94,BTC-27DEC19,1576580345662,open,0.0,1171.7,0.0005,0.0105,0.00049588,114.65,0.0005,0.0,BTC-27DEC19-11000-C,6882.88,0.0,0.0,0.0,0.001,57.7,124.97,0.25808,-1.4981,0.01465,2e-05,0.00837
6881.94,BTC-27DEC19,1576580345662,open,0.0,91.0,0.0005,0.0105,0.00074442,110.16,0.001,0.0,BTC-27DEC19-10500-C,6882.88,104.92,0.0005,15.2,0.001,20.0,114.48,0.36668,-2.04507,0.02192,3e-05,0.01251
6881.94,BTC-27DEC19,1576580345662,open,0.0,806.2,0.0005,0.0105,0.00065324,115.0,0.001,0.0,BTC-27DEC19-4500-P,6882.88,111.06,0.0005,16.0,0.001,22.8,122.04,0.29198,-1.70003,-0.01915,2e-05,-0.00963
6881.94,BTC-27DEC19,1576580345662,open,0.13,133.2,0.1135,0.1595,0.13522635,73.02,0.17,0.0,BTC-27DEC19-6000-C,6882.88,44.86,0.129,6.0,0.1425,8.0,92.84,2.19337,-8.10898,1.39663,0.00023,0.88528
6881.94,BTC-27DEC19,1576580345662,open,0.0,1510.1,0.0005,0.0105,0.00099533,103.23,0.0015,0.0,BTC-27DEC19-10000-C,6882.88,94.45,0.0005,128.3,0.0015,57.8,109.49,0.48155,-2.51679,0.03014,4e-05,0.01718
6881.94,BTC-27DEC19,1576580345662,open,0.01,67.5,0.0005,0.018,0.00486202,80.48,0.0055,0.0,BTC-27DEC19-5750-P,6882.88,76.69,0.004,56.0,0.005,17.1,81.06,1.63927,-6.67945,-0.15294,0.00016,-0.07727
6881.94,BTC-27DEC19,1576580345662,open,0.0,508.3,0.0005,0.0145,0.00348375,88.55,0.004,0.0,BTC-27DEC19-5500-P,6882.88,85.75,0.003,31.3,0.0035,18.4,88.64,1.23228,-5.52483,-0.10613,0.00011,-0.05351
6881.94,BTC-27DEC19,1576580345662,open,0.01,1618.2,0.0005,0.022,0.00707353,73.02,0.007,0.0,BTC-27DEC19-6000-P,6882.88,71.19,0.0065,35.0,0.007,15.0,72.79,2.19351,-8.10984,-0.22679,0.00023,-0.11472
6881.94,BTC-27DEC19,1576580345662,open,0.01,191.7,0.0015,0.0295,0.01134949,67.7,0.013,0.0,BTC-27DEC19-6250-P,6882.88,64.5,0.01,24.0,0.011,15.0,66.88,2.95606,-10.13212,-0.35373,0.00034,-0.17862
6881.94,BTC-27DEC19,1576580345662,open,0.0,1426.2,0.0005,0.0115,0.001764,104.16,0.0015,0.0,BTC-27DEC19-5000-P,6882.88,101.33,0.0015,5.0,0.002,38.4,106.48,0.67429,-3.55592,-0.0509,5e-05,-0.02557
6881.94,BTC-27DEC19,1576580345662,open,0.1,0.4,0.08,0.1285,0.10317402,67.7,0.099,0.0,BTC-27DEC19-6250-C,6882.88,51.6,0.097,6.0,0.1095,6.0,81.52,2.95596,-10.13132,1.33733,0.00034,0.82139
6881.94,BTC-27DEC19,1576580345662,open,0.05,35.4,0.0275,0.075,0.04956167,60.39,0.049,0.0,BTC-27DEC19-6750-C,6882.88,57.15,0.0475,20.0,0.0495,20.4,60.29,4.38301,-13.40137,1.01859,0.00057,0.59659
6881.94,BTC-27DEC19,1576580345662,open,0.03,373.5,0.012,0.0555,0.03039117,60.39,0.03,0.0,BTC-27DEC19-6750-P,6882.88,57.42,0.0285,15.8,0.03,15.0,59.78,4.38302,-13.40189,-0.80775,0.00057,-0.40341
6881.94,BTC-27DEC19,1576580345662,open,0.1,717.4,0.075,0.1305,0.10096835,60.57,0.1025,0.0,BTC-27DEC19-7500-P,6882.88,53.98,0.098,1.9,0.105,15.0,68.75,3.24408,-9.94835,-1.66274,0.00042,-0.792
6881.94,BTC-27DEC19,1576580345662,open,0.0,501.2,0.0005,0.012,0.00224021,73.82,0.002,0.0,BTC-27DEC19-8500-C,6882.88,72.28,0.002,59.9,0.0025,0.1,75.39,1.10453,-4.12839,0.0827,0.00012,0.04665
6881.94,BTC-27DEC19,1576580345662,open,0.02,1033.9,0.0055,0.04,0.01859999,63.43,0.0185,0.0,BTC-27DEC19-6500-P,6882.88,60.48,0.017,27.0,0.018,21.7,62.33,3.77334,-12.1169,-0.54564,0.00046,-0.27443
6881.94,BTC-27DEC19,1576580345662,open,0.0,191.3,0.0005,0.011,0.0010129,91.47,0.001,0.0,BTC-27DEC19-9500-C,6882.88,91.3,0.001,15.0,0.0015,1.1,96.98,0.53267,-2.46669,0.03412,5e-05,0.01934
6881.94,BTC-27DEC19,1576580345662,open,0.03,280.2,0.0125,0.0545,0.03089091,58.75,0.0305,0.0,BTC-27DEC19-7000-C,6882.88,56.61,0.0295,25.3,0.0315,19.9,59.69,4.47938,-13.32396,0.77889,0.00059,0.4492
6881.94,BTC-27DEC19,1576580345662,open,0.0,1256.7,0.0005,0.0115,0.00169984,85.18,0.0015,0.0,BTC-27DEC19-9000-C,6882.88,78.35,0.001,60.5,0.0025,58.4,91.1,0.82331,-3.55058,0.05738,8e-05,0.03252
6881.94,BTC-27DEC19,1576580345662,open,0.02,113.3,0.0055,0.0405,0.01889213,59.53,0.018,0.0,BTC-27DEC19-7250-C,6882.88,58.0,0.018,10.7,0.0195,23.2,60.57,4.01864,-12.11236,0.55045,0.00053,0.31451
6881.94,BTC-27DEC19,1576580345662,open,0.01,185.0,0.0005,0.022,0.00698228,63.3,0.0065,0.0,BTC-27DEC19-7750-C,6882.88,61.95,0.0065,3.5,0.0075,25.0,64.71,2.49638,-8.00043,0.24416,0.00031,0.13811
6881.94,BTC-27DEC19,1576580345662,open,0.0,130.5,0.0005,0.015,0.00347323,71.72,0.0045,0.0,BTC-27DEC19-8250-C,6882.88,69.49,0.003,0.1,0.004,20.0,74.02,1.51502,-5.5011,0.12333,0.00016,0.06971
