underlying_price,underlying_index,timestamp,state,settlement_price,open_interest,min_price,max_price,mark_price,mark_iv,last_price,interest_rate,instrument_name,index_price,bid_iv,best_bid_price,best_bid_amount,best_ask_price,best_ask_amount,ask_iv,vega,theta,rho,gamma,delta
212.8,SYN.ETH-23AUG19,1565434740047,open,0.02,62.0,0.003,0.035,0.015586,95.6,0.012,0.0,ETH-23AUG19-180-P,212.02,89.61,0.013,200.0,0.018,200.0,100.91,0.09458,-0.3511,-0.01268,0.00619,-0.15337
212.38,SYN.ETH-16AUG19,1565434740094,open,0.04,255.0,0.011,0.069,0.038361,86.92,0.037,0.0,ETH-16AUG19-210-P,212.02,78.19,0.034,350.0,0.043,150.0,96.2,0.10618,-0.78536,-0.01627,0.01682,-0.43756
212.38,SYN.ETH-16AUG19,1565434740152,open,0.0,39.0,0.001,0.011,0.000543,124.96,0.001,0.0,ETH-16AUG19-310-C,212.02,0.0,0.0,0.0,0.001,200.0,135.27,0.00752,-0.08001,0.00034,0.00083,0.01055
212.8,SYN.ETH-23AUG19,1565434740156,open,0.13,0.0,0.097,0.165,0.133112,93.57,None,0.0,ETH-23AUG19-190-C,212.02,0.0,0.0,0.0,0.0,0.0,0.0,0.12191,-0.44299,0.04767,0.00816,0.76813
212.8,SYN.ETH-23AUG19,1565434740189,open,0.34,0.0,0.322,0.365,0.343585,112.0,None,0.0,ETH-23AUG19-140-C,212.02,0.0,0.0,0.0,0.0,0.0,0.0,0.01774,-0.07717,0.04792,0.00099,0.98194
212.8,SYN.ETH-23AUG19,1565434740256,open,0.03,234.0,0.007,0.05,0.026011,93.65,0.026,0.0,ETH-23AUG19-190-P,212.02,88.33,0.023,200.0,0.029,200.0,98.81,0.12195,-0.44348,-0.01937,0.00815,-0.232
212.38,SYN.ETH-16AUG19,1565434740305,open,0.46,0.0,0.418,0.507,0.460288,126.82,None,0.0,ETH-16AUG19-310-P,212.02,0.0,0.0,0.0,0.0,0.0,0.0,0.00817,-0.08821,-0.04953,0.00089,-0.9884
212.8,SYN.ETH-23AUG19,1565434740379,open,0.0,0.0,0.001,0.011,0.001511,112.37,None,0.0,ETH-23AUG19-140-P,212.02,0.0,0.0,0.0,0.003,250.0,126.45,0.01797,-0.07843,-0.00149,0.001,-0.01834
12381.26,BTC-27DEC19,1565434740415,open,0.24,166.4,0.189,0.291,0.24269997,95.03,0.244,0.0,BTC-27DEC19-12000-C,11858.78,93.22,0.2385,5.0,0.2465,3.6,96.67,28.69328,-9.81669,18.504,5e-05,0.63549
11922.26,SYN.BTC-23AUG19,1565434740430,open,0.03,5.1,0.0085,0.055,0.02962623,98.84,0.027,0.0,BTC-23AUG19-13500-C,11858.78,96.24,0.028,10.0,0.031,3.2,100.97,7.56475,-29.03492,1.06168,0.00015,0.28208
12381.26,BTC-27DEC19,1565434740452,open,0.04,100.3,0.014,0.0755,0.04011591,100.81,0.0395,0.0,BTC-27DEC19-28000-C,11858.78,99.03,0.0375,4.0,0.042,6.0,102.07,18.45547,-6.6987,5.56933,3e-05,0.15834
12095.41,BTC-27SEP19,1565434740464,open,0.07,460.6,0.033,0.1,0.06565177,98.18,0.0675,0.0,BTC-27SEP19-15000-C,11858.78,95.39,0.062,53.2,0.0685,22.9,100.33,15.95014,-16.35538,4.2655,8e-05,0.33452
212.8,SYN.ETH-23AUG19,1565434740471,open,0.04,200.0,0.015,0.07,0.041027,92.12,0.042,0.0,ETH-23AUG19-200-P,212.02,86.16,0.037,200.0,0.045,200.0,97.95,0.14441,-0.51658,-0.02771,0.00981,-0.32814
12095.45,BTC-27SEP19,1565434740655,open,0.83,28.2,0.825,0.8445,0.8346474,0.0,0.755,0.0,BTC-27SEP19-2000-C,11858.78,0.0,0.01,1.0,0.9065,5.0,500.0,0.0,0.0,2.62333,0.0,1.0
12095.45,BTC-27SEP19,1565434740655,open,0.06,342.7,0.029,0.0875,0.05702778,95.49,0.053,0.0,BTC-27SEP19-10000-P,11858.78,91.85,0.053,19.3,0.058,7.0,96.36,13.45643,-13.41986,-4.63046,7e-05,-0.23484
12095.45,BTC-27SEP19,1565434740658,open,1.49,0.0,1.432,1.5375,1.482384,108.22,None,0.0,BTC-27SEP19-30000-P,11858.78,0.0,0.0,0.0,0.0,0.0,0.0,1.84049,-2.08013,-39.11478,1e-05,-0.98307
12095.45,BTC-27SEP19,1565434740663,open,0.99,0.2,0.947,1.0405,0.99074538,102.42,1.6,0.0,BTC-27SEP19-24000-P,11858.78,0.0,0.0,0.0,0.0,0.0,0.0,4.39256,-4.69837,-30.81769,2e-05,-0.95173
11957.02,SYN.BTC-30AUG19,1565434740668,open,0.41,0.0,0.403,0.431,0.4162184,113.89,None,0.0,BTC-30AUG19-7000-C,11858.78,0.0,0.08,1.0,0.0,0.0,0.0,1.10952,-3.17883,3.69766,1e-05,0.98412
11887.82,SYN.BTC-16AUG19,1565434740668,open,0.0,107.9,0.0005,0.0115,0.00167275,109.14,0.0025,0.0,BTC-16AUG19-15500-C,11858.78,91.36,0.0005,5.0,0.002,3.3,112.5,1.09318,-10.15243,0.05876,4e-05,0.03238
12381.24,BTC-27DEC19,1565434740687,open,0.01,257.2,0.0005,0.0205,0.00959089,95.23,0.009,0.0,BTC-27DEC19-5000-P,11858.78,90.34,0.0075,9.5,0.0115,6.0,99.24,5.6338,-1.93162,-2.01019,1e-05,-0.03308
12381.24,BTC-27DEC19,1565434740687,open,0.61,65.4,0.5915,0.622,0.60575425,95.23,0.608,0.0,BTC-27DEC19-5000-C,11858.78,0.0,0.33,1.0,0.9245,5.0,500.0,5.63384,-1.93164,17.01386,1e-05,0.96692
214.92,ETH-27SEP19,1565434740690,open,0.13,994.0,0.087,0.169,0.130636,97.74,0.129,0.0,ETH-27SEP19-220-C,212.02,94.51,0.126,1.0,0.136,120.0,101.48,0.30862,-0.31503,0.11658,0.00521,0.54419
218.32,ETH-27DEC19,1565434740690,open,0.2,713.0,0.148,0.256,0.206712,99.68,0.215,0.0,ETH-27DEC19-240-C,212.02,96.51,0.199,120.0,0.213,30.0,102.26,0.53096,-0.19054,0.29427,0.00294,0.56097
214.92,ETH-27SEP19,1565434740690,open,0.0,839.0,0.001,0.011,0.000167,125.0,0.001,0.0,ETH-27SEP19-60-P,212.02,0.0,0.0,0.0,0.002,450.0,167.74,0.00301,-0.00393,-0.00038,4e-05,-0.00116
213.22,SYN.ETH-30AUG19,1565434740690,open,0.01,2290.0,0.001,0.015,0.004758,100.16,0.005,0.0,ETH-30AUG19-320-C,212.02,86.31,0.002,370.0,0.006,250.0,104.79,0.05343,-0.13464,0.00556,0.00215,0.05261
218.32,ETH-27DEC19,1565434740692,open,0.01,1427.0,0.003,0.032,0.01367,107.37,0.017,0.0,ETH-27DEC19-760-C,212.02,101.93,0.01,100.0,0.017,50.0,111.6,0.16106,-0.06226,0.03874,0.00083,0.06031
214.92,ETH-27SEP19,1565434740692,open,0.07,1703.0,0.037,0.107,0.072459,98.11,0.074,0.0,ETH-27SEP19-260-C,212.02,94.8,0.068,160.0,0.078,160.0,102.17,0.29122,-0.29838,0.08108,0.0049,0.36007
12095.45,BTC-27SEP19,1565434740694,open,0.01,434.3,0.0005,0.018,0.00742775,98.92,0.007,0.0,BTC-27SEP19-7000-P,11858.78,96.07,0.0065,0.2,0.008,5.0,100.58,4.07977,-4.21474,-0.81634,2e-05,-0.04403
214.92,ETH-27SEP19,1565434740694,open,0.0,5783.0,0.001,0.011,0.001968,118.56,0.002,0.0,ETH-27SEP19-600-C,212.02,109.64,0.001,1537.0,0.003,380.0,125.11,0.02909,-0.03602,0.00361,0.0004,0.01477
12381.24,BTC-27DEC19,1565434740694,open,0.54,122.9,0.515,0.5585,0.53607648,95.07,0.46,0.0,BTC-27DEC19-6000-C,11858.78,69.76,0.521,4.0,0.58,0.7,140.74,9.47334,-3.24264,18.8778,2e-05,0.93681
12095.45,BTC-27SEP19,1565434740694,open,0.43,748.2,0.412,0.447,0.42869582,98.91,0.4255,0.0,BTC-27SEP19-7000-C,11858.78,0.0,0.2,1.0,0.458,0.1,155.43,4.07922,-4.21393,8.36544,2e-05,0.95598
212.8,SYN.ETH-23AUG19,1565434740696,open,0.06,16.0,0.029,0.095,0.061604,91.44,0.059,0.0,ETH-23AUG19-210-P,212.02,85.21,0.057,150.0,0.066,150.0,97.39,0.15734,-0.55872,-0.0373,0.01077,-0.43526
214.92,ETH-27SEP19,1565434740701,open,0.04,7903.0,0.014,0.058,0.034559,98.08,0.031,0.0,ETH-27SEP19-160-P,212.02,93.92,0.031,160.0,0.038,160.0,101.99,0.18677,-0.19131,-0.0539,0.00314,-0.15664
11922.42,SYN.BTC-23AUG19,1565434740703,open,0.07,6.0,0.036,0.0965,0.06707508,93.61,0.069,0.0,BTC-23AUG19-12000-C,11858.78,92.84,0.0665,0.1,0.071,3.7,98.86,8.92171,-32.4328,1.90634,0.00019,0.52035
213.22,SYN.ETH-30AUG19,1565434740703,open,0.0,3534.0,0.001,0.011,0.000976,112.42,0.001,0.0,ETH-30AUG19-400-C,212.02,0.0,0.0,0.0,0.002,250.0,123.44,0.0152,-0.04297,0.00124,0.00055,0.01169
11957.02,SYN.BTC-30AUG19,1565434740705,open,0.36,0.0,0.317,0.392,0.35265289,101.78,0.403,0.0,BTC-30AUG19-16000-P,11858.78,0.0,0.03,1.0,0.0,0.0,0.0,6.02728,-15.43162,-7.93472,8e-05,-0.866
214.92,ETH-27SEP19,1565434740730,open,0.03,1993.0,0.01,0.055,0.029945,99.88,0.032,0.0,ETH-27SEP19-320-C,212.02,96.71,0.027,160.0,0.033,160.0,103.05,0.20347,-0.21225,0.042,0.00336,0.17892
218.32,ETH-27DEC19,1565434740730,open,0.02,1097.0,0.006,0.047,0.022409,105.93,0.024,0.0,ETH-27DEC19-640-C,212.02,102.48,0.019,100.0,0.026,50.0,109.28,0.22505,-0.08583,0.0591,0.00117,0.09355
213.22,SYN.ETH-30AUG19,1565434740730,open,0.01,823.0,0.001,0.021,0.007854,97.48,0.007,0.0,ETH-30AUG19-300-C,212.02,91.91,0.006,1.0,0.01,250.0,103.15,0.07584,-0.18598,0.00869,0.00314,0.08269
218.32,ETH-27DEC19,1565434740740,open,0.91,16.0,0.822,0.993,0.907231,102.6,1.195,0.0,ETH-27DEC19-400-P,212.02,60.32,0.843,110.0,1.49,1.0,366.79,0.43765,-0.16166,-1.36749,0.00235,-0.73903
214.92,ETH-27SEP19,1565434740740,open,0.0,7916.0,0.001,0.011,0.000656,125.0,0.001,0.0,ETH-27SEP19-760-C,212.02,0.0,0.0,0.0,0.002,300.0,140.73,0.01161,-0.01516,0.00128,0.00015,0.00518
213.22,SYN.ETH-30AUG19,1565434740742,open,0.25,0.0,0.198,0.29,0.244099,94.99,0.218,0.0,ETH-30AUG19-260-P,212.02,46.67,0.221,120.0,0.0,0.0,0.0,0.14598,-0.34883,-0.11931,0.00621,-0.78347
213.22,SYN.ETH-30AUG19,1565434740742,open,0.69,0.0,0.64,0.744,0.689976,103.01,None,0.0,ETH-30AUG19-360-P,212.02,0.0,0.0,0.0,0.0,0.0,0.0,0.02384,-0.06178,-0.19393,0.00093,-0.98024
214.92,ETH-27SEP19,1565434740744,open,1.42,12.0,1.35,1.502,1.422837,112.51,1.193,0.0,ETH-27SEP19-520-P,212.02,0.0,0.0,0.0,0.0,0.0,0.0,0.04508,-0.05297,-0.67603,0.00066,-0.97527
213.22,SYN.ETH-30AUG19,1565434740746,open,0.51,0.0,0.459,0.557,0.505598,100.44,None,0.0,ETH-30AUG19-320-P,212.02,0.0,0.0,0.0,0.0,0.0,0.0,0.05388,-0.13615,-0.16864,0.00217,-0.94684
12381.24,BTC-27DEC19,1565434740750,open,1.62,0.3,1.5435,1.6895,1.61213867,101.65,1.875,0.0,BTC-27DEC19-32000-P,11858.78,0.0,0.0,0.0,0.0,0.0,0.0,14.81369,-5.42138,-117.64122,2e-05,-0.88511
218.32,ETH-27DEC19,1565434740752,open,0.03,1681.0,0.008,0.053,0.026241,104.93,0.029,0.0,ETH-27DEC19-600-C,212.02,100.08,0.021,50.0,0.031,50.0,108.92,0.24957,-0.09429,0.06775,0.00131,0.1078
218.32,ETH-27DEC19,1565434740752,open,1.25,21.0,1.158,1.34,1.246997,103.85,0.629,0.0,ETH-27DEC19-480-P,212.02,0.0,1.16,110.0,0.0,0.0,0.0,0.35523,-0.13282,-1.71573,0.00189,-0.81848
213.22,SYN.ETH-30AUG19,1565434740752,open,0.34,0.0,0.324,0.368,0.346409,102.16,None,0.0,ETH-30AUG19-140-C,212.02,0.0,0.0,0.0,0.0,0.0,0.0,0.03366,-0.0865,0.07243,0.00133,0.97021
212.38,SYN.ETH-16AUG19,1565434740755,open,0.14,49.0,0.1,0.177,0.138127,87.46,0.084,0.0,ETH-16AUG19-240-P,212.02,52.55,0.131,200.0,0.153,200.0,129.09,0.06217,-0.46274,-0.03386,0.00979,-0.85232
218.32,ETH-27DEC19,1565434740757,open,1.08,0.0,0.988,1.164,1.075113,103.11,None,0.0,ETH-27DEC19-440-P,212.02,0.0,1.0,110.0,0.0,0.0,0.0,0.39514,-0.14669,-1.54383,0.00211,-0.78343
11922.42,SYN.BTC-23AUG19,1565434740768,open,0.24,0.0,0.198,0.2685,0.23220353,100.28,None,0.0,BTC-23AUG19-14500-P,11858.78,0.0,0.01,1.0,0.0,0.0,0.0,5.71607,-22.25997,-4.45755,0.00011,-0.82767
12095.45,BTC-27SEP19,1565434740772,open,0.29,372.7,0.2585,0.317,0.28815234,95.49,0.286,0.0,BTC-27SEP19-9000-C,11858.78,91.74,0.285,3.5,0.291,8.6,98.79,10.30636,-10.27803,8.8813,6e-05,0.84795
12381.24,BTC-27DEC19,1565434740772,open,0.01,510.9,0.0005,0.0155,0.00595568,95.32,0.007,0.0,BTC-27DEC19-4500-P,11858.78,92.22,0.005,2.8,0.007,5.0,98.41,3.99832,-1.37218,-1.31386,1e-05,-0.02193
12095.45,BTC-27SEP19,1565434740774,open,0.51,713.5,0.4945,0.5205,0.50681401,102.08,0.362,0.0,BTC-27SEP19-6000-C,11858.78,0.0,0.011,1.0,0.606,0.3,288.04,2.00432,-2.13684,7.52761,1e-05,0.98129
214.92,ETH-27SEP19,1565434740780,open,0.23,767.0,0.184,0.262,0.22596,97.74,0.261,0.0,ETH-27SEP19-180-C,212.02,0.0,0.162,42.0,0.609,10.0,437.28,0.24678,-0.25191,0.14803,0.00417,0.75108
218.32,ETH-27DEC19,1565434740780,open,0.08,1110.0,0.035,0.117,0.075142,102.64,0.082,0.0,ETH-27DEC19-400-C,212.02,100.05,0.07,130.0,0.08,40.0,105.04,0.4378,-0.16178,0.1545,0.00235,0.26114
214.92,ETH-27SEP19,1565434740780,open,1.06,0.0,0.989,1.123,1.05322,104.32,None,0.0,ETH-27SEP19-440-P,212.02,0.0,0.0,0.0,0.0,0.0,0.0,0.07226,-0.07872,-0.56645,0.00114,-0.95615
218.32,ETH-27DEC19,1565434740782,open,1.42,37.0,1.33,1.518,1.421177,104.37,0.707,0.0,ETH-27DEC19-520-P,212.02,0.0,0.002,25.0,0.0,0.0,0.0,0.31732,-0.11924,-1.8846,0.00168,-0.8476
12381.24,BTC-27DEC19,1565434740784,open,1.31,0.1,1.2335,1.3765,1.30159818,100.81,1.49,0.0,BTC-27DEC19-28000-P,11858.78,0.0,0.005,1.0,0.0,0.0,0.0,18.45495,-6.69842,-100.96564,3e-05,-0.84167
213.22,SYN.ETH-30AUG19,1565434740784,open,0.04,1052.0,0.017,0.072,0.04347,94.39,0.042,0.0,ETH-30AUG19-240-C,212.02,90.28,0.04,200.0,0.044,20.0,95.02,0.18121,-0.4303,0.03382,0.00775,0.33472
214.92,ETH-27SEP19,1565434740786,open,0.63,0.0,0.617,0.641,0.629156,125.0,None,0.0,ETH-27SEP19-80-C,212.02,0.0,0.003,10.0,0.0,0.0,0.0,0.01705,-0.02225,0.10229,0.00023,0.99201
214.92,ETH-27SEP19,1565434740786,open,0.0,2894.0,0.001,0.012,0.002385,114.76,0.003,0.0,ETH-27SEP19-560-C,212.02,103.42,0.001,734.0,0.004,200.0,123.13,0.0345,-0.04135,0.00441,0.0005,0.01803
214.92,ETH-27SEP19,1565434740792,open,0.0,3444.0,0.001,0.011,0.001013,120.89,0.001,0.0,ETH-27SEP19-680-C,212.02,0.0,0.0,0.0,0.002,301.0,130.52,0.01694,-0.02139,0.00195,0.00023,0.00794
213.22,SYN.ETH-30AUG19,1565434740792,open,0.26,0.0,0.23,0.285,0.258721,95.9,None,0.0,ETH-30AUG19-160-C,212.02,0.0,0.0,0.0,0.0,0.0,0.0,0.07501,-0.18096,0.07661,0.00316,0.91851
218.32,ETH-27DEC19,1565434740794,open,2.14,0.0,2.03,2.247,2.133848,106.73,None,0.0,ETH-27DEC19-680-P,212.02,0.0,0.0,0.0,0.0,0.0,0.0,0.20261,-0.07785,-2.53567,0.00105,-0.91873
218.32,ETH-27DEC19,1565434740794,open,1.96,0.0,1.854,2.062,1.953752,105.8,None,0.0,ETH-27DEC19-640-P,212.02,0.0,0.0,0.0,0.0,0.0,0.0,0.22433,-0.08545,-2.37621,0.00117,-0.90685
12381.24,BTC-27DEC19,1565434740802,open,0.01,344.2,0.003,0.0345,0.01370298,102.66,0.0175,0.0,BTC-27DEC19-40000-C,11858.78,99.6,0.0115,2.9,0.0155,6.0,104.95,9.3751,-3.46507,2.29177,2e-05,0.06235
218.32,ETH-27DEC19,1565434740804,open,0.75,242.0,0.662,0.827,0.74547,102.61,0.61,0.0,ETH-27DEC19-360-P,212.02,74.1,0.689,110.0,1.59,1.0,500.0,0.48021,-0.1774,-1.18589,0.00258,-0.68217
218.32,ETH-27DEC19,1565434740804,open,0.31,801.0,0.237,0.369,0.305966,99.65,0.317,0.0,ETH-27DEC19-240-P,212.02,95.97,0.297,120.0,0.316,30.0,103.79,0.53096,-0.1905,-0.61888,0.00294,-0.43907
11957.02,SYN.BTC-30AUG19,1565434740804,open,0.01,698.6,0.0005,0.0185,0.00604522,105.56,0.005,0.0,BTC-30AUG19-18000-C,11858.78,99.7,0.0045,30.0,0.007,33.1,108.77,3.41382,-9.06516,0.36489,4e-05,0.06209
11957.02,SYN.BTC-30AUG19,1565434740804,open,0.01,607.6,0.0005,0.0235,0.00975942,96.93,0.0095,0.0,BTC-30AUG19-9000-P,11858.78,96.21,0.0095,0.7,0.01,5.4,97.58,4.36015,-10.63146,-0.62011,6e-05,-0.08548
213.22,SYN.ETH-30AUG19,1565434740806,open,0.88,0.0,0.822,0.937,0.877026,113.61,None,0.0,ETH-30AUG19-400-P,212.02,0.0,0.0,0.0,0.0,0.0,0.0,0.01614,-0.04612,-0.21648,0.00057,-0.98747
213.22,SYN.ETH-30AUG19,1565434740806,open,0.0,3500.0,0.001,0.011,0.001531,102.29,0.005,0.0,ETH-30AUG19-360-C,212.02,0.0,0.0,0.0,0.003,250.0,113.02,0.02306,-0.05933,0.00203,0.00091,0.01899
214.92,ETH-27SEP19,1565434740808,open,0.02,7889.0,0.005,0.032,0.016335,99.22,0.015,0.0,ETH-27SEP19-140-P,212.02,94.94,0.014,200.0,0.019,200.0,103.81,0.12108,-0.12547,-0.02856,0.00201,-0.08496
214.92,ETH-27SEP19,1565434740811,open,0.0,4039.0,0.001,0.013,0.003332,112.51,0.008,0.0,ETH-27SEP19-520-C,212.02,105.05,0.002,1100.0,0.005,200.0,119.44,0.04508,-0.05297,0.00603,0.00066,0.02473
214.92,ETH-27SEP19,1565434740814,open,0.29,392.0,0.254,0.322,0.290096,98.08,0.329,0.0,ETH-27SEP19-160-C,212.02,0.0,0.001,1.0,0.0,0.0,0.0,0.18677,-0.19131,0.15597,0.00314,0.84336
12095.45,BTC-27SEP19,1565434740814,open,0.24,71.0,0.1945,0.289,0.24236441,97.38,0.27,0.0,BTC-27SEP19-14000-P,11858.78,89.6,0.2315,11.8,0.249,6.8,102.09,16.987,-17.27662,-13.27156,9e-05,-0.59416
12095.45,BTC-27SEP19,1565434740814,open,0.23,633.4,0.1945,0.2635,0.23026788,95.49,0.2355,0.0,BTC-27SEP19-10000-C,11858.78,91.63,0.226,3.4,0.233,8.6,97.94,13.45633,-13.41943,8.48626,7e-05,0.76517
218.32,ETH-27DEC19,1565434740817,open,0.03,1570.0,0.01,0.062,0.032378,104.94,0.033,0.0,ETH-27DEC19-560-C,212.02,102.26,0.029,4.0,0.036,50.0,107.66,0.28319,-0.10699,0.08017,0.00149,0.12889
11922.42,SYN.BTC-23AUG19,1565434740820,open,0.25,0.0,0.2305,0.269,0.24916397,96.28,None,0.0,BTC-23AUG19-9000-C,11858.78,0.0,0.01,1.0,0.0,0.0,0.0,2.3071,-8.62559,2.9478,5e-05,0.95006
214.92,ETH-27SEP19,1565434740822,open,1.24,0.0,1.169,1.312,1.237328,106.87,None,0.0,ETH-27SEP19-480-P,212.02,0.0,0.0,0.0,0.0,0.0,0.0,0.0528,-0.05893,-0.62228,0.00082,-0.97011
214.92,ETH-27SEP19,1565434740824,open,0.28,1240.0,0.226,0.336,0.282254,98.14,0.232,0.0,ETH-27SEP19-260-P,212.02,79.69,0.258,110.0,0.0,0.0,0.0,0.29125,-0.2985,-0.25994,0.0049,-0.63984
214.92,ETH-27SEP19,1565434740827,open,0.72,0.0,0.711,0.73,0.720981,124.05,0.01,0.0,ETH-27SEP19-60-C,212.02,0.0,0.003,10.0,0.0,0.0,0.0,0.00284,-0.00367,0.07835,4e-05,0.99891
218.32,ETH-27DEC19,1565434740832,open,1.6,0.0,1.503,1.698,1.597303,104.84,0.845,0.0,ETH-27DEC19-560-P,212.02,0.0,0.0,0.0,0.0,0.0,0.0,0.2827,-0.10671,-2.0507,0.00149,-0.87143
214.92,ETH-27SEP19,1565434740834,open,0.0,3419.0,0.001,0.011,0.001293,118.69,0.002,0.0,ETH-27SEP19-640-C,212.02,0.0,0.0,0.0,0.002,100.0,124.87,0.02087,-0.02587,0.00247,0.00029,0.01007
212.8,SYN.ETH-23AUG19,1565434740834,open,0.05,30.0,0.023,0.084,0.053928,91.38,0.051,0.0,ETH-23AUG19-220-C,212.02,84.76,0.049,150.0,0.058,150.0,96.85,0.15852,-0.56254,0.03026,0.01086,0.45698
213.22,SYN.ETH-30AUG19,1565434740834,open,0.0,770.0,0.001,0.013,0.003027,102.35,0.004,0.0,ETH-30AUG19-140-P,212.02,85.29,0.001,401.0,0.005,250.0,113.06,0.03386,-0.08717,-0.00383,0.00134,-0.03
214.92,ETH-27SEP19,1565434740836,open,1.98,0.0,1.892,2.074,1.979145,118.69,None,0.0,ETH-27SEP19-640-P,212.02,0.0,0.0,0.0,0.0,0.0,0.0,0.02087,-0.02587,-0.83699,0.00029,-0.98993
218.32,ETH-27DEC19,1565434740838,open,0.49,0.0,0.455,0.516,0.487013,97.71,None,0.0,ETH-27DEC19-120-C,212.02,0.0,0.002,50.0,0.99,5.0,500.0,0.23249,-0.08179,0.3449,0.00131,0.90222
218.32,ETH-27DEC19,1565434740840,open,0.1,256.0,0.05,0.142,0.09658,102.64,0.088,0.0,ETH-27DEC19-360-C,212.02,99.62,0.09,110.0,0.101,40.0,104.64,0.48028,-0.17748,0.18388,0.00258,0.31794
218.32,ETH-27DEC19,1565434740840,open,0.27,569.0,0.216,0.317,0.27118,97.7,0.251,0.0,ETH-27DEC19-200-C,212.02,92.24,0.259,30.0,0.28,30.0,101.67,0.48622,-0.17103,0.33334,0.00274,0.67248
214.92,ETH-27SEP19,1565434740840,open,0.45,47.0,0.427,0.468,0.447646,99.69,0.689,0.0,ETH-27SEP19-120-C,212.02,0.0,0.0,0.0,0.0,0.0,0.0,0.06205,-0.06461,0.14546,0.00103,0.96364
214.92,ETH-27SEP19,1565434740840,open,0.0,2698.0,0.001,0.011,0.000733,121.79,0.001,0.0,ETH-27SEP19-720-C,212.02,0.0,0.0,0.0,0.001,222.0,125.72,0.01296,-0.01649,0.00145,0.00018,0.00586
218.32,ETH-27DEC19,1565434740842,open,0.1,1926.0,0.058,0.136,0.097252,97.69,0.09,0.0,ETH-27DEC19-160-P,212.02,94.13,0.091,40.0,0.102,40.0,100.37,0.38477,-0.13533,-0.25269,0.00217,-0.20695
218.32,ETH-27DEC19,1565434740842,open,0.16,425.0,0.102,0.207,0.157774,100.5,0.15,0.0,ETH-27DEC19-280-C,212.02,97.73,0.151,120.0,0.164,30.0,103.04,0.535,-0.19358,0.25402,0.00294,0.46357
214.92,ETH-27SEP19,1565434740844,open,0.54,0.0,0.521,0.553,0.537089,107.07,None,0.0,ETH-27SEP19-100-C,212.02,0.0,0.003,10.0,0.0,0.0,0.0,0.02968,-0.03319,0.12623,0.00046,0.98488
213.22,SYN.ETH-30AUG19,1565434740846,open,0.01,1192.0,0.003,0.031,0.013545,95.35,0.015,0.0,ETH-30AUG19-280-C,212.02,90.04,0.011,250.0,0.016,250.0,100.08,0.10682,-0.25623,0.01385,0.00453,0.13281
214.92,ETH-27SEP19,1565434740849,open,0.36,191.0,0.337,0.391,0.3649,99.17,0.5,0.0,ETH-27SEP19-140-C,212.02,0.0,0.0,0.0,0.0,0.0,0.0,0.12099,-0.1253,0.15511,0.00201,0.91513
218.32,ETH-27DEC19,1565434740849,open,0.04,953.0,0.014,0.072,0.039461,104.44,0.04,0.0,ETH-27DEC19-520-C,212.02,102.02,0.036,35.0,0.043,50.0,106.83,0.31771,-0.11947,0.09405,0.00168,0.15268
213.22,SYN.ETH-30AUG19,1565434740849,open,0.33,0.0,0.281,0.375,0.32678,95.47,None,0.0,ETH-30AUG19-280-P,212.02,0.0,0.0,0.0,0.0,0.0,0.0,0.10703,-0.25705,-0.13859,0.00453,-0.86682
213.22,SYN.ETH-30AUG19,1565434740849,open,0.01,3110.0,0.001,0.022,0.009141,96.0,0.009,0.0,ETH-30AUG19-160-P,212.02,92.67,0.008,250.0,0.009,99.0,95.6,0.07514,-0.18145,-0.01054,0.00316,-0.08167
214.92,ETH-27SEP19,1565434740854,open,0.04,3647.0,0.015,0.068,0.040175,99.3,0.036,0.0,ETH-27SEP19-300-C,212.02,95.42,0.036,270.0,0.044,160.0,102.76,0.23483,-0.24355,0.05277,0.0039,0.22738
214.92,ETH-27SEP19,1565434740857,open,0.61,347.0,0.546,0.665,0.60398,99.98,0.565,0.0,ETH-27SEP19-340-P,212.02,0.0,0.562,110.0,1.19,1.0,500.0,0.17224,-0.17985,-0.41304,0.00284,-0.86119
218.32,ETH-27DEC19,1565434740857,open,0.36,3.0,0.317,0.404,0.364416,97.71,0.366,0.0,ETH-27DEC19-160-C,212.02,0.0,0.002,100.0,0.98,5.0,500.0,0.38479,-0.13536,0.35604,0.00217,0.79304
214.92,ETH-27SEP19,1565434740859,open,0.1,1933.0,0.057,0.134,0.097509,97.8,0.1,0.0,ETH-27SEP19-240-C,212.02,93.95,0.092,120.0,0.103,120.0,101.63,0.30773,-0.31432,0.09838,0.00519,0.4465
218.32,ETH-27DEC19,1565434740859,open,0.02,1226.0,0.004,0.037,0.016393,107.37,0.032,0.0,ETH-27DEC19-720-C,212.02,103.03,0.013,100.0,0.02,50.0,111.45,0.18219,-0.07043,0.04511,0.00094,0.0707
214.92,ETH-27SEP19,1565434740859,open,0.02,2763.0,0.004,0.036,0.01691,101.2,0.014,0.0,ETH-27SEP19-360-C,212.02,96.75,0.014,310.0,0.02,200.0,105.55,0.14679,-0.15515,0.02637,0.00239,0.11045
214.92,ETH-27SEP19,1565434740863,open,0.02,1934.0,0.006,0.043,0.021928,99.89,0.018,0.0,ETH-27SEP19-340-C,212.02,97.44,0.02,200.0,0.024,2.0,102.43,0.17201,-0.17945,0.03287,0.00284,0.13853
214.92,ETH-27SEP19,1565434740863,open,2.17,0.0,2.073,2.265,2.165128,122.67,None,0.0,ETH-27SEP19-680-P,212.02,0.0,0.0,0.0,0.0,0.0,0.0,0.0187,-0.02396,-0.88975,0.00025,-0.99112
213.22,SYN.ETH-30AUG19,1565434740863,open,0.42,0.0,0.369,0.464,0.414891,97.67,None,0.0,ETH-30AUG19-300-P,212.02,0.0,0.0,0.0,0.0,0.0,0.0,0.07616,-0.18712,-0.15463,0.00315,-0.91685
213.22,SYN.ETH-30AUG19,1565434740863,open,0.18,757.0,0.147,0.214,0.182396,95.94,0.25,0.0,ETH-30AUG19-180-C,212.02,67.04,0.166,120.0,0.0,0.0,0.0,0.13613,-0.32856,0.07257,0.00573,0.80745
218.32,ETH-27DEC19,1565434740865,open,2.5,0.0,2.384,2.616,2.494639,107.15,None,0.0,ETH-27DEC19-760-P,212.02,0.0,0.001,100.0,0.0,0.0,0.0,0.15994,-0.0617,-2.85323,0.00082,-0.94023
213.22,SYN.ETH-30AUG19,1565434740867,open,0.07,380.0,0.039,0.106,0.07409,94.39,0.076,0.0,ETH-30AUG19-220-C,212.02,89.99,0.07,150.0,0.079,150.0,99.66,0.1984,-0.47109,0.04797,0.00849,0.48727
12095.45,BTC-27SEP19,1565434740877,open,0.83,0.2,0.7865,0.8795,0.83000129,102.41,1.391,0.0,BTC-27SEP19-22000-P,11858.78,0.0,0.004,11.0,0.0,0.0,0.0,6.30961,-6.74846,-27.81591,3e-05,-0.92327
212.38,SYN.ETH-16AUG19,1565434740877,open,0.0,97.0,0.001,0.015,0.003741,87.28,0.004,0.0,ETH-16AUG19-250-C,212.02,67.34,0.001,461.0,0.005,250.0,93.59,0.03937,-0.29239,0.00254,0.00621,0.07818
11887.82,SYN.BTC-16AUG19,1565434740880,open,0.23,0.0,0.1965,0.254,0.22326314,100.01,0.256,0.0,BTC-16AUG19-14500-P,11858.78,0.0,0.0005,3.0,0.0,0.0,0.0,1.94787,-16.57773,-2.21356,9e-05,-0.93344
12381.24,BTC-27DEC19,1565434740885,open,0.0,315.0,0.0005,0.0135,0.00353682,96.07,0.006,0.0,BTC-27DEC19-4000-P,11858.78,90.79,0.0025,14.3,0.0045,5.0,100.19,2.69155,-0.93097,-0.81662,0.0,-0.0138
12381.24,BTC-27DEC19,1565434740885,open,0.64,6.5,0.631,0.656,0.64250317,95.32,0.575,0.0,BTC-27DEC19-4500-C,11858.78,0.0,0.012,0.1,0.963,1.0,500.0,3.99855,-1.37228,15.8077,1e-05,0.97806
12381.24,BTC-27DEC19,1565434740885,open,0.0,154.5,0.0005,0.012,0.00229361,99.6,0.004,0.0,BTC-27DEC19-3500-P,11858.78,88.63,0.001,5.4,0.0035,2.6,106.58,1.86497,-0.66877,-0.53428,0.0,-0.00905
12095.45,BTC-27SEP19,1565434740885,open,0.73,0.0,0.7215,0.741,0.73142614,124.92,None,0.0,BTC-27SEP19-3250-C,11858.78,0.0,0.004,10.0,0.87,5.0,500.0,0.12992,-0.1695,4.24715,0.0,0.99913
11887.82,SYN.BTC-16AUG19,1565434740885,open,0.0,81.6,0.0005,0.0105,0.00073387,122.81,0.0005,0.0,BTC-16AUG19-8500-P,11858.78,116.52,0.0005,4.8,0.001,1.5,128.51,0.49982,-5.22341,-0.02599,2e-05,-0.01285
11957.02,SYN.BTC-30AUG19,1565434740885,open,0.02,255.6,0.0065,0.0465,0.02329771,100.64,0.024,0.0,BTC-30AUG19-15000-C,11858.78,97.84,0.0215,24.0,0.025,32.4,103.23,7.76974,-19.67181,1.13898,0.0001,0.19823
12381.24,BTC-27DEC19,1565434740887,open,0.57,12.4,0.5015,0.638,0.57014917,98.03,0.559,0.0,BTC-27DEC19-18000-P,11858.78,0.0,0.004,5.0,1.3065,0.2,500.0,28.97949,-10.22802,-56.26297,5e-05,-0.62418
11957.02,SYN.BTC-30AUG19,1565434740887,open,0.0,596.0,0.0005,0.0105,0.00056652,123.6,0.0005,0.0,BTC-30AUG19-6000-P,11858.78,0.0,0.0,0.0,0.001,10.0,133.0,0.4478,-1.39233,-0.04029,0.0,-0.00562
12381.24,BTC-27DEC19,1565434740902,open,0.38,103.5,0.312,0.44,0.37729842,96.46,0.3775,0.0,BTC-27DEC19-15000-P,11858.78,93.49,0.37,3.6,0.385,3.6,99.59,30.45828,-10.57771,-41.79742,5e-05,-0.50996
12095.45,BTC-27SEP19,1565434740902,open,0.0,562.9,0.0005,0.0125,0.00286995,102.09,0.004,0.0,BTC-27SEP19-6000-P,11858.78,96.26,0.002,14.0,0.0035,5.0,105.67,2.00501,-2.13779,-0.34251,1e-05,-0.01872
12095.45,BTC-27SEP19,1565434740925,open,0.11,269.0,0.0695,0.1465,0.10913414,96.22,0.105,0.0,BTC-27SEP19-13000-C,11858.78,94.05,0.106,5.0,0.1125,3.6,98.55,17.4667,-17.55241,5.99414,9e-05,0.48695
12095.45,BTC-27SEP19,1565434740925,open,0.03,425.1,0.01,0.0565,0.03000064,99.86,0.029,0.0,BTC-27SEP19-18000-C,11858.78,98.26,0.0285,7.2,0.0315,9.5,101.43,11.46319,-11.95528,2.36732,6e-05,0.17922
12095.45,BTC-27SEP19,1565434740939,open,0.0,681.9,0.0005,0.012,0.00207371,107.96,0.004,0.0,BTC-27SEP19-30000-C,11858.78,103.71,0.0015,3.6,0.003,24.0,113.37,1.81729,-2.04904,0.23177,1e-05,0.01668
12095.45,BTC-27SEP19,1565434740939,open,0.0,373.8,0.0005,0.0105,0.00076617,115.61,0.001,0.0,BTC-27SEP19-4500-P,11858.78,109.83,0.0005,3.0,0.001,0.8,119.63,0.64179,-0.77492,-0.09266,0.0,-0.00507
11957.02,SYN.BTC-30AUG19,1565434740971,open,0.33,21.0,0.3185,0.3535,0.33513012,104.91,0.2375,0.0,BTC-30AUG19-8000-C,11858.78,0.0,0.05,1.0,0.0,0.0,0.0,2.34891,-6.19915,4.07594,3e-05,0.96113
212.38,SYN.ETH-16AUG19,1565434740976,open,0.18,0.0,0.144,0.22,0.180955,87.58,None,0.0,ETH-16AUG19-250-P,212.02,0.0,0.0,0.0,0.0,0.0,0.0,0.03966,-0.29556,-0.03768,0.00624,-0.92106
12381.24,BTC-27DEC19,1565434741011,open,0.0,99.9,0.0005,0.0105,0.00083838,124.2,0.0005,0.0,BTC-27DEC19-2000-P,11858.78,116.8,0.0005,1.0,0.001,4.3,127.0,0.67062,-0.29987,-0.17452,0.0,-0.00287
12095.45,BTC-27SEP19,1565434741011,open,0.0,405.8,0.0005,0.0105,1.261e-05,125.0,0.0005,0.0,BTC-27SEP19-2500-P,11858.78,0.0,0.0,0.0,0.0005,12.0,172.19,0.01801,-0.02351,-0.00185,0.0,-0.0001
12095.45,BTC-27SEP19,1565434741011,open,0.0,144.4,0.0005,0.0145,0.0044278,104.68,0.006,0.0,BTC-27SEP19-26000-C,11858.78,98.76,0.003,3.6,0.0055,24.0,108.37,3.28169,-3.5878,0.4645,2e-05,0.03371
11957.02,SYN.BTC-30AUG19,1565434741031,open,0.05,111.5,0.024,0.0805,0.05125128,95.78,0.048,0.0,BTC-30AUG19-11000-P,11858.78,91.84,0.048,4.0,0.0525,3.4,97.28,9.89617,-23.84374,-2.3771,0.00013,-0.31383
12381.24,BTC-27DEC19,1565434741033,open,0.72,4.0,0.71,0.7295,0.71960833,99.6,0.64,0.0,BTC-27DEC19-3500-C,11858.78,0.0,0.0075,0.2,0.78,1.0,224.83,1.86521,-0.66887,12.78248,0.0,0.99095
12381.24,BTC-27DEC19,1565434741033,open,0.44,26.3,0.372,0.504,0.43912707,96.97,0.438,0.0,BTC-27DEC19-16000-P,11858.78,93.64,0.431,3.6,0.447,3.6,100.19,30.21307,-10.54847,-46.66912,5e-05,-0.55155
12095.45,BTC-27SEP19,1565434741033,open,0.0,492.7,0.0005,0.0105,1.43e-06,125.0,0.0005,0.0,BTC-27SEP19-2000-P,11858.78,0.0,0.0,0.0,0.0005,12.0,196.37,0.00256,-0.00335,-0.00023,0.0,-1e-05
11957.02,SYN.BTC-30AUG19,1565434741035,open,0.52,0.0,0.477,0.5505,0.51145885,105.63,None,0.0,BTC-30AUG19-18000-P,11858.78,0.0,0.0,0.0,0.0,0.0,0.0,3.42049,-9.08935,-9.43595,4e-05,-0.93776
11922.42,SYN.BTC-23AUG19,1565434741049,open,0.35,0.0,0.317,0.384,0.3483347,103.3,None,0.0,BTC-23AUG19-16000-P,11858.78,0.0,0.08,1.0,0.0,0.0,0.0,3.26312,-13.08946,-5.34305,6e-05,-0.92208
12381.23,BTC-27DEC19,1565434741052,open,0.88,0.1,0.8695,0.889,0.87908385,124.94,0.84,0.0,BTC-27DEC19-1500-C,11858.78,0.0,0.019,0.2,0.9,0.1,265.54,0.2314,-0.10409,5.65415,0.0,0.99911
12095.45,BTC-27SEP19,1565434741052,open,0.03,260.1,0.013,0.0555,0.03223854,95.49,0.0305,0.0,BTC-27SEP19-9000-P,11858.78,92.84,0.03,1.0,0.0335,5.0,96.97,10.30678,-10.27904,-2.92389,6e-05,-0.15206
12381.23,BTC-27DEC19,1565434741055,open,0.86,3.9,0.7825,0.9235,0.8516884,99.61,0.752,0.0,BTC-27DEC19-22000-P,11858.78,0.0,0.0055,2.0,1.615,0.3,500.0,25.00889,-8.96895,-74.7521,4e-05,-0.73513
12095.45,BTC-27SEP19,1565434741059,open,0.01,487.5,0.0015,0.0275,0.01112951,102.4,0.01,0.0,BTC-27SEP19-22000-C,11858.78,100.17,0.01,2.9,0.0125,24.8,104.95,6.30779,-6.74575,1.0403,3e-05,0.0767
212.38,SYN.ETH-16AUG19,1565434741059,open,0.0,669.0,0.001,0.011,0.001921,89.9,0.003,0.0,ETH-16AUG19-260-C,212.02,80.39,0.001,100.0,0.003,400.0,98.04,0.02462,-0.18836,0.0014,0.00377,0.043
12095.45,BTC-27SEP19,1565434741066,open,1.16,0.0,1.1085,1.205,1.15400355,104.71,None,0.0,BTC-27SEP19-26000-P,11858.78,0.0,0.0,0.0,0.0,0.0,0.0,3.28501,-3.59233,-33.63819,2e-05,-0.96625
12095.45,BTC-27SEP19,1565434741066,open,0.68,0.0,0.6275,0.721,0.67186124,101.47,0.691,0.0,BTC-27SEP19-20000-P,11858.78,0.0,0.004,11.0,1.193,0.2,500.0,8.66267,-9.17992,-24.6513,4e-05,-0.88194
12381.23,BTC-27DEC19,1565434741078,open,2.57,0.0,2.4865,2.6505,2.56367967,103.05,3.46,0.0,BTC-27DEC19-44000-P,11858.78,0.0,0.0,0.0,0.0,0.0,0.0,7.46615,-2.76998,-165.67582,1e-05,-0.95324
212.8,SYN.ETH-23AUG19,1565434741106,open,0.04,331.0,0.013,0.065,0.037894,91.39,0.037,0.0,ETH-23AUG19-230-C,212.02,84.34,0.033,200.0,0.04,4.0,94.39,0.14906,-0.52901,0.02394,0.01021,0.3568
12095.45,BTC-27SEP19,1565434741112,open,0.59,789.2,0.5785,0.598,0.5881132,113.78,0.5015,0.0,BTC-27SEP19-5000-C,11858.78,0.0,0.051,2.0,0.6615,5.0,299.39,1.1052,-1.31328,6.38565,1e-05,0.99061
11887.82,SYN.BTC-16AUG19,1565434741128,open,0.27,0.5,0.2375,0.2945,0.26401576,103.15,0.305,0.0,BTC-16AUG19-15000-P,11858.78,0.0,0.0005,3.0,0.0,0.0,0.0,1.39111,-12.21011,-2.33567,6e-05,-0.9565
12095.45,BTC-27SEP19,1565434741130,open,0.13,81.3,0.091,0.1735,0.13284109,95.5,0.1395,0.0,BTC-27SEP19-12000-P,11858.78,92.44,0.1285,17.9,0.137,3.7,98.43,17.14412,-17.09848,-8.80849,9e-05,-0.42237
12381.23,BTC-27DEC19,1565434741130,open,0.0,382.0,0.0005,0.011,0.00125788,102.1,0.001,0.0,BTC-27DEC19-3000-P,11858.78,99.06,0.001,10.0,0.0025,3.7,112.75,1.13326,-0.41658,-0.30174,0.0,-0.00515
12095.45,BTC-27SEP19,1565434741130,open,0.0,586.8,0.0005,0.0105,6.342e-05,125.0,0.0005,0.0,BTC-27SEP19-3000-P,11858.78,0.0,0.0,0.0,0.001,12.0,166.02,0.07397,-0.09657,-0.00851,0.0,-0.00047
12095.45,BTC-27SEP19,1565434741130,open,0.0,49.2,0.0005,0.0105,0.00012312,125.0,0.0015,0.0,BTC-27SEP19-3250-P,11858.78,0.0,0.0,0.0,0.0005,0.1,144.16,0.13066,-0.17057,-0.01586,0.0,-0.00088
11957.02,SYN.BTC-30AUG19,1565434741130,open,0.06,253.3,0.0285,0.089,0.05837175,98.81,0.0625,0.0,BTC-30AUG19-13000-C,11858.78,96.18,0.056,4.0,0.058,3.3,98.4,10.79579,-26.83472,2.23928,0.00014,0.40229
12381.23,BTC-27DEC19,1565434741132,open,3.22,0.9,3.1185,3.3015,3.20542567,103.94,3.3,0.0,BTC-27DEC19-52000-P,11858.78,0.0,0.002,0.1,0.0,0.0,0.0,4.84412,-1.81275,-196.81153,1e-05,-0.97243
12381.23,BTC-27DEC19,1565434741134,open,0.5,63.0,0.4785,0.529,0.50342845,95.07,0.4965,0.0,BTC-27DEC19-6500-C,11858.78,0.0,0.355,1.0,0.954,2.0,500.0,11.56301,-3.95796,19.53171,2e-05,0.91804
12095.45,BTC-27SEP19,1565434741134,open,0.71,261.1,0.701,0.7205,0.71085254,124.74,0.714,0.0,BTC-27SEP19-3500-C,11858.78,0.0,0.161,2.0,0.7435,0.1,298.15,0.21188,-0.27604,4.5638,0.0,0.99851
12381.23,BTC-27DEC19,1565434741134,open,0.8,0.0,0.789,0.8085,0.79892935,109.22,None,0.0,BTC-27DEC19-2500-C,11858.78,0.0,0.0135,5.2,0.974,0.5,500.0,0.77121,-0.30326,9.31439,0.0,0.99665
12095.45,BTC-27SEP19,1565434741134,open,0.63,289.7,0.619,0.6385,0.6287196,115.5,0.588,0.0,BTC-27SEP19-4500-C,11858.78,0.0,0.002,2.1,0.688,5.0,300.67,0.6384,-0.77009,5.81039,0.0,0.99496
11957.03,SYN.BTC-30AUG19,1565434741136,open,0.43,0.0,0.396,0.469,0.43045453,102.02,None,0.0,BTC-30AUG19-17000-P,11858.78,0.0,0.04,1.0,0.0,0.0,0.0,4.41997,-11.34328,-8.74701,6e-05,-0.91295
11887.67,SYN.BTC-16AUG19,1565434741146,open,0.05,78.6,0.0225,0.0795,0.05080678,90.3,0.0525,0.0,BTC-16AUG19-12000-P,11858.78,82.83,0.047,3.0,0.051,2.9,90.74,6.01528,-46.22191,-1.07293,0.00029,-0.5099
11922.43,SYN.BTC-23AUG19,1565434741148,open,0.08,1.1,0.041,0.106,0.07359595,93.63,0.071,0.0,BTC-23AUG19-12000-P,11858.78,87.49,0.069,21.5,0.0745,3.8,94.84,8.9217,-32.43937,-2.32678,0.00019,-0.47964
212.37,SYN.ETH-16AUG19,1565434741148,open,0.23,0.0,0.189,0.266,0.226223,90.33,None,0.0,ETH-16AUG19-260-P,212.02,0.0,0.0,0.0,0.0,0.0,0.0,0.02499,-0.19213,-0.04042,0.00381,-0.95619
12381.23,BTC-27DEC19,1565434741159,open,0.01,92.1,0.0045,0.0285,0.01441585,95.08,0.014,0.0,BTC-27DEC19-5500-P,11858.78,90.9,0.012,6.0,0.016,12.0,97.64,7.46933,-2.55685,-2.88324,1e-05,-0.04679
11887.83,SYN.BTC-16AUG19,1565434741215,open,0.01,198.5,0.0005,0.0185,0.00547371,104.48,0.005,0.0,BTC-16AUG19-10000-P,11858.78,102.04,0.005,0.2,0.0055,4.7,104.61,2.35149,-20.90658,-0.17355,0.0001,-0.08522
212.37,SYN.ETH-16AUG19,1565434741236,open,0.0,186.0,0.001,0.011,0.000956,91.98,0.001,0.0,ETH-16AUG19-270-C,212.02,0.0,0.0,0.0,0.002,391.0,103.82,0.01458,-0.11416,0.00075,0.00218,0.02282
11887.83,SYN.BTC-16AUG19,1565434741287,open,0.31,0.0,0.2785,0.3365,0.30554521,109.33,0.345,0.0,BTC-16AUG19-15500-P,11858.78,0.0,0.0005,3.0,0.0,0.0,0.0,1.10018,-10.23529,-2.43595,4e-05,-0.96737
11887.83,SYN.BTC-16AUG19,1565434741297,open,0.24,0.0,0.2275,0.2625,0.24418653,113.41,None,0.0,BTC-16AUG19-9000-C,11858.78,0.0,0.0005,4.0,0.0,0.0,0.0,0.80457,-7.76457,1.40347,3e-05,0.97757
212.8,SYN.ETH-23AUG19,1565434741313,open,0.03,49.0,0.007,0.05,0.025958,91.4,0.02,0.0,ETH-23AUG19-240-C,212.02,83.21,0.021,200.0,0.025,5.0,89.85,0.13198,-0.46841,0.01827,0.00904,0.26929
212.37,SYN.ETH-16AUG19,1565434741320,open,0.28,0.0,0.235,0.313,0.272347,92.73,None,0.0,ETH-16AUG19-270-P,212.02,0.0,0.0,0.0,0.0,0.0,0.0,0.01509,-0.11909,-0.04269,0.00224,-0.97624
11887.83,SYN.BTC-16AUG19,1565434741346,open,0.0,20.0,0.0005,0.0105,1.33e-05,125.0,0.0005,0.0,BTC-16AUG19-7000-P,11858.78,0.0,0.0,0.0,0.0005,52.0,175.79,0.01745,-0.15808,-0.00063,0.0,-0.00031
11887.83,SYN.BTC-16AUG19,1565434741371,open,0.15,0.0,0.116,0.1765,0.14514428,94.72,0.195,0.0,BTC-16AUG19-13500-P,11858.78,0.0,0.0,0.0,0.0,0.0,0.0,3.65662,-29.47487,-1.88693,0.00017,-0.84088
11922.43,SYN.BTC-23AUG19,1565434741375,open,0.01,21.7,0.0015,0.03,0.01186386,101.54,0.012,0.0,BTC-23AUG19-15000-C,11858.78,98.09,0.0105,6.4,0.013,30.0,104.29,4.83139,-19.05008,0.51271,9e-05,0.13377
11922.26,SYN.BTC-23AUG19,1565434741396,open,0.1,10.6,0.065,0.1355,0.10079459,96.6,0.1,0.0,BTC-23AUG19-12500-P,11858.78,87.42,0.094,21.3,0.099,3.1,94.22,8.80488,-33.02845,-2.81065,0.00018,-0.56754
12381.24,BTC-27DEC19,1565434741403,open,0.17,119.1,0.1155,0.2155,0.16629404,95.08,0.167,0.0,BTC-27DEC19-11000-P,11858.78,92.42,0.1605,5.0,0.17,3.5,96.78,26.95563,-9.22742,-22.45295,5e-05,-0.31032
11922.43,SYN.BTC-23AUG19,1565434741403,open,0.0,0.0,0.0005,0.014,0.00405465,96.33,None,0.0,BTC-23AUG19-9000-P,11858.78,93.36,0.0035,30.0,0.0045,0.2,98.57,2.31018,-8.64192,-0.22742,5e-05,-0.05002
12381.24,BTC-27DEC19,1565434741409,open,0.03,147.0,0.008,0.057,0.02755695,101.63,0.027,0.0,BTC-27DEC19-32000-C,11858.78,99.44,0.025,4.0,0.0295,6.0,103.22,14.80671,-5.41766,4.11046,2e-05,0.11481
12381.24,BTC-27DEC19,1565434741411,open,0.03,213.3,0.0115,0.0495,0.02842049,95.08,0.03,0.0,BTC-27DEC19-6500-P,11858.78,91.33,0.025,6.0,0.0295,6.0,96.23,11.56356,-3.95832,-5.2,2e-05,-0.08196
212.8,SYN.ETH-23AUG19,1565434741419,open,0.16,0.0,0.111,0.196,0.153831,91.46,None,0.0,ETH-23AUG19-240-P,212.02,76.54,0.145,200.0,0.173,200.0,120.61,0.13202,-0.46888,-0.06639,0.00904,-0.73054
11957.02,SYN.BTC-30AUG19,1565434741427,open,0.04,184.6,0.0135,0.064,0.03695167,99.4,0.0385,0.0,BTC-30AUG19-14000-C,11858.78,95.65,0.034,24.0,0.038,3.2,100.72,9.49412,-23.74017,1.62388,0.00012,0.28635
11922.43,SYN.BTC-23AUG19,1565434741436,open,0.02,2.3,0.006,0.0445,0.02264476,93.63,0.0235,0.0,BTC-23AUG19-10500-P,11858.78,89.61,0.0205,24.0,0.024,0.1,96.12,6.43288,-23.38886,-0.97364,0.00014,-0.20886
212.37,SYN.ETH-16AUG19,1565434741498,open,0.32,0.0,0.281,0.361,0.318955,95.34,None,0.0,ETH-16AUG19-280-P,212.02,0.0,0.0,0.0,0.0,0.0,0.0,0.00905,-0.07339,-0.04465,0.00131,-0.98696
11922.43,SYN.BTC-23AUG19,1565434741573,open,0.05,100.1,0.0235,0.0815,0.05233529,96.64,0.052,0.0,BTC-23AUG19-12500-C,11858.78,94.15,0.0505,0.1,0.054,3.7,98.89,8.80536,-33.04472,1.59909,0.00018,0.43255
212.8,SYN.ETH-23AUG19,1565434741628,open,0.2,0.0,0.15,0.235,0.192229,91.48,None,0.0,ETH-23AUG19-250-P,212.02,0.0,0.0,0.0,0.0,0.0,0.0,0.11092,-0.39403,-0.0747,0.00759,-0.80286
212.37,SYN.ETH-16AUG19,1565434741657,open,0.0,261.0,0.001,0.011,0.000813,111.73,0.001,0.0,ETH-16AUG19-290-C,212.02,0.0,0.0,0.0,0.002,200.0,128.05,0.0112,-0.1065,0.00054,0.00138,0.01672
11887.83,SYN.BTC-16AUG19,1565434741680,open,0.12,25.8,0.1015,0.1515,0.12641394,97.71,0.1275,0.0,BTC-16AUG19-10500-C,11858.78,94.48,0.1255,2.3,0.1285,4.2,104.72,3.41878,-28.42649,1.39655,0.00015,0.85619
212.8,SYN.ETH-23AUG19,1565434741728,open,0.01,110.0,0.002,0.028,0.011357,91.4,0.009,0.0,ETH-23AUG19-260-C,212.02,82.78,0.008,450.0,0.012,250.0,92.92,0.08887,-0.31543,0.00964,0.00609,0.1398
212.37,SYN.ETH-16AUG19,1565434741751,open,0.37,0.0,0.326,0.41,0.366381,112.78,None,0.0,ETH-16AUG19-290-P,212.02,0.0,0.0,0.0,0.0,0.0,0.0,0.01171,-0.11239,-0.04611,0.00143,-0.98238
212.8,SYN.ETH-23AUG19,1565434741830,open,0.24,0.0,0.191,0.277,0.23322,91.5,None,0.0,ETH-23AUG19-260-P,212.02,0.0,0.0,0.0,0.0,0.0,0.0,0.089,-0.31625,-0.08206,0.00609,-0.85989
11887.83,SYN.BTC-16AUG19,1565434741895,open,0.0,215.3,0.0005,0.011,0.00113741,112.68,0.001,0.0,BTC-16AUG19-16000-C,11858.78,0.0,0.0,0.0,0.0015,2.9,117.57,0.80375,-7.70666,0.04069,3e-05,0.0224
212.37,SYN.ETH-16AUG19,1565434741899,open,0.0,8.0,0.001,0.011,0.000579,122.68,0.002,0.0,ETH-16AUG19-150-P,212.02,0.0,0.0,0.0,0.002,200.0,148.41,0.00743,-0.07755,-0.00038,0.00083,-0.01039
212.8,SYN.ETH-23AUG19,1565434741935,open,0.01,0.0,0.001,0.021,0.007279,91.4,None,0.0,ETH-23AUG19-270-C,212.02,83.66,0.005,200.0,0.008,250.0,93.59,0.0684,-0.24277,0.00671,0.00468,0.09662
212.37,SYN.ETH-16AUG19,1565434741943,open,0.42,0.0,0.372,0.46,0.413632,125.99,None,0.0,ETH-16AUG19-300-P,212.02,0.0,0.0,0.0,0.0,0.0,0.0,0.01233,-0.13219,-0.04769,0.00135,-0.98129
212.8,SYN.ETH-23AUG19,1565434742039,open,0.28,0.0,0.234,0.32,0.276136,91.54,None,0.0,ETH-23AUG19-270-P,212.02,0.0,0.0,0.0,0.0,0.0,0.0,0.06859,-0.24382,-0.08851,0.00469,-0.90301
212.37,SYN.ETH-16AUG19,1565434742081,open,0.0,0.0,0.001,0.011,0.001068,112.03,None,0.0,ETH-16AUG19-160-P,212.02,0.0,0.0,0.0,0.002,250.0,124.63,0.01279,-0.12197,-0.0007,0.00157,-0.01954
212.8,SYN.ETH-23AUG19,1565434742142,open,0.0,19.0,0.001,0.015,0.004581,91.41,0.004,0.0,ETH-23AUG19-280-C,212.02,78.1,0.002,450.0,0.006,250.0,96.94,0.05079,-0.18029,0.00455,0.00348,0.06518
212.8,SYN.ETH-23AUG19,1565434742213,open,0.3,0.0,0.274,0.32,0.297466,103.78,None,0.0,ETH-23AUG19-150-C,212.02,0.0,0.0,0.0,0.0,0.0,0.0,0.02664,-0.10738,0.05054,0.00161,0.97073
212.8,SYN.ETH-23AUG19,1565434742291,open,0.32,0.0,0.279,0.365,0.320371,91.34,None,0.0,ETH-23AUG19-280-P,212.02,0.0,0.0,0.0,0.0,0.0,0.0,0.05069,-0.1798,-0.09423,0.00347,-0.93498
212.8,SYN.ETH-23AUG19,1565434742318,open,0.0,0.0,0.001,0.012,0.002353,103.71,None,0.0,ETH-23AUG19-150-P,212.02,90.04,0.001,250.0,0.004,250.0,114.93,0.02659,-0.10707,-0.00237,0.0016,-0.02919
11922.44,SYN.BTC-23AUG19,1565434742351,open,0.01,0.6,0.0005,0.024,0.00848354,101.86,0.0105,0.0,BTC-23AUG19-15500-C,11858.78,97.19,0.007,3.3,0.0095,30.0,104.84,3.95777,-15.655,0.38899,8e-05,0.10097
212.8,SYN.ETH-23AUG19,1565434742390,open,0.0,0.0,0.001,0.012,0.002833,91.41,None,0.0,ETH-23AUG19-290-C,212.02,0.0,0.0,0.0,0.004,250.0,97.55,0.03651,-0.1296,0.00301,0.0025,0.04299
212.37,SYN.ETH-16AUG19,1565434742419,open,0.15,0.0,0.128,0.184,0.156506,93.58,None,0.0,ETH-16AUG19-180-C,212.02,0.0,0.0,0.0,0.0,0.0,0.0,0.03744,-0.29815,0.02633,0.00551,0.9268
212.8,SYN.ETH-23AUG19,1565434742434,open,0.25,0.0,0.227,0.279,0.253072,101.91,None,0.0,ETH-23AUG19-160-C,212.02,0.0,0.0,0.0,0.0,0.0,0.0,0.04536,-0.17953,0.05183,0.00279,0.94358
212.8,SYN.ETH-23AUG19,1565434742489,open,0.37,0.0,0.324,0.411,0.365615,91.31,None,0.0,ETH-23AUG19-290-P,212.02,0.0,0.0,0.0,0.0,0.0,0.0,0.03638,-0.129,-0.0993,0.00249,-0.9572
212.8,SYN.ETH-23AUG19,1565434742539,open,0.0,0.0,0.001,0.015,0.004952,101.87,None,0.0,ETH-23AUG19-160-P,212.02,91.51,0.003,250.0,0.007,255.0,110.66,0.04532,-0.17928,-0.0046,0.00279,-0.05635
11887.83,SYN.BTC-16AUG19,1565434742618,open,0.08,34.7,0.0465,0.1095,0.07837232,93.14,0.0765,0.0,BTC-16AUG19-12500-P,11858.78,83.82,0.074,2.6,0.0775,2.5,91.3,5.6278,-44.60727,-1.37999,0.00027,-0.64274
12381.41,BTC-27DEC19,1565434742628,open,1.15,0.0,1.081,1.223,1.14888088,100.4,None,0.0,BTC-27DEC19-26000-P,11858.98,0.0,0.004,10.0,1.9255,0.2,500.0,20.53557,-7.42325,-92.41303,4e-05,-0.81281
12381.41,BTC-27DEC19,1565434742630,open,0.03,293.1,0.0105,0.065,0.03286834,101.03,0.034,0.0,BTC-27DEC19-30000-C,11858.98,98.43,0.0295,9.1,0.035,6.0,102.61,16.48156,-5.99499,4.75536,3e-05,0.13381
11957.05,SYN.BTC-30AUG19,1565434742630,open,0.09,69.5,0.056,0.1255,0.09084314,95.67,0.0905,0.0,BTC-30AUG19-12000-P,11858.98,90.98,0.0865,21.4,0.0925,3.3,97.45,11.08067,-26.66698,-3.59919,0.00015,-0.46194
11922.44,SYN.BTC-23AUG19,1565434742625,open,0.29,0.0,0.273,0.3075,0.28936419,100.46,None,0.0,BTC-23AUG19-8500-C,11858.98,0.0,0.012,1.0,0.0,0.0,0.0,1.50432,-5.86868,2.86451,3e-05,0.97046
212.8,SYN.ETH-23AUG19,1565434742668,open,0.21,0.0,0.18,0.238,0.209916,97.89,None,0.0,ETH-23AUG19-170-C,212.02,0.0,0.0,0.0,0.0,0.0,0.0,0.06732,-0.2559,0.05221,0.00431,0.90545
212.37,SYN.ETH-16AUG19,1565434742704,open,0.01,101.0,0.001,0.028,0.009903,91.59,0.012,0.0,ETH-16AUG19-190-P,212.02,85.07,0.008,1.0,0.012,200.0,98.32,0.06415,-0.49997,-0.00563,0.00965,-0.15478
212.37,SYN.ETH-16AUG19,1565434742913,open,0.02,260.0,0.003,0.044,0.020046,87.68,0.018,0.0,ETH-16AUG19-200-P,212.02,80.4,0.017,200.0,0.023,100.0,94.57,0.09004,-0.67183,-0.01012,0.01414,-0.27583
212.37,SYN.ETH-16AUG19,1565434743011,open,0.05,115.0,0.019,0.079,0.049526,86.88,0.05,0.0,ETH-16AUG19-210-C,212.02,79.83,0.046,150.0,0.052,40.0,91.83,0.10618,-0.785,0.01753,0.01683,0.56243
212.37,SYN.ETH-16AUG19,1565434743189,open,0.03,1060.0,0.007,0.055,0.029061,86.88,0.026,0.0,ETH-16AUG19-220-C,212.02,80.6,0.026,200.0,0.032,20.0,92.88,0.10379,-0.76738,0.01253,0.01645,0.39555
212.37,SYN.ETH-16AUG19,1565434743407,open,0.07,172.0,0.03,0.1,0.06496,86.87,0.071,0.0,ETH-16AUG19-220-P,212.02,76.65,0.06,350.0,0.07,150.0,97.13,0.10379,-0.76726,-0.02289,0.01646,-0.60447
212.8,SYN.ETH-23AUG19,1565434743408,open,0.1,89.0,0.065,0.133,0.10116,92.1,0.093,0.0,ETH-23AUG19-200-C,212.02,85.94,0.097,150.0,0.107,150.0,100.66,0.14441,-0.5165,0.04284,0.00982,0.67185
212.37,SYN.ETH-16AUG19,1565434743462,open,0.02,681.0,0.002,0.037,0.015913,87.31,0.015,0.0,ETH-16AUG19-230-C,212.02,79.96,0.013,200.0,0.019,200.0,94.76,0.08621,-0.64048,0.00811,0.0136,0.25323
212.37,SYN.ETH-16AUG19,1565434743556,open,0.1,51.0,0.061,0.136,0.098898,87.29,0.1,0.0,ETH-16AUG19-230-P,212.02,74.69,0.094,50.0,0.103,50.0,97.13,0.0862,-0.64031,-0.02891,0.0136,-0.74681
212.8,SYN.ETH-23AUG19,1565434743582,open,0.07,8.0,0.04,0.106,0.074739,91.42,0.066,0.0,ETH-23AUG19-210-C,212.02,86.36,0.071,150.0,0.08,150.0,98.53,0.15734,-0.55858,0.03678,0.01077,0.56471
12095.74,BTC-27SEP19,1565434743643,open,0.02,569.1,0.0045,0.032,0.01576939,95.49,0.015,0.0,BTC-27SEP19-8000-P,11858.98,92.29,0.014,24.0,0.016,0.7,95.9,6.8532,-6.83454,-1.60839,4e-05,-0.08561
12381.38,BTC-27DEC19,1565434743643,open,1.93,1.3,1.8565,2.0075,1.92728574,102.65,2.2,0.0,BTC-27DEC19-36000-P,11858.98,0.0,0.0005,1.0,0.0,0.0,0.0,11.93565,-4.41117,-133.87363,2e-05,-0.91451
212.37,SYN.ETH-16AUG19,1565434743650,open,0.01,488.0,0.001,0.024,0.008009,87.31,0.009,0.0,ETH-16AUG19-240-C,212.02,80.04,0.006,100.0,0.009,198.0,90.62,0.06204,-0.46088,0.00476,0.00979,0.14719
12381.38,BTC-27DEC19,1565434743655,open,0.27,206.7,0.2025,0.319,0.26232329,95.13,0.254,0.0,BTC-27DEC19-13000-P,11858.98,92.92,0.257,9.9,0.2655,3.4,96.45,29.8017,-10.20723,-31.98857,5e-05,-0.41671
12095.74,BTC-27SEP19,1565434743655,open,0.19,49.1,0.138,0.228,0.18391534,96.23,0.179,0.0,BTC-27SEP19-13000-P,11858.98,92.83,0.179,14.4,0.187,3.4,98.37,17.46718,-17.55461,-11.05702,9e-05,-0.51301
12095.74,BTC-27SEP19,1565434743655,open,0.18,525.7,0.1415,0.2175,0.18121615,95.49,0.1865,0.0,BTC-27SEP19-11000-C,11858.98,92.64,0.1775,5.0,0.185,22.9,98.38,15.81138,-15.76816,7.7983,9e-05,0.67274
11957.26,SYN.BTC-30AUG19,1565434743655,open,0.19,148.6,0.1595,0.216,0.1883168,96.01,0.192,0.0,BTC-30AUG19-10000-C,11858.98,79.89,0.179,5.0,0.1935,1.0,104.22,7.35825,-17.7714,4.10366,0.0001,0.81856
12381.38,BTC-27DEC19,1565434743683,open,0.05,158.6,0.0235,0.0765,0.04849598,95.08,0.0455,0.0,BTC-27DEC19-7500-P,11858.98,91.9,0.0445,0.1,0.049,5.0,95.47,15.76397,-5.39613,-8.19599,3e-05,-0.12548
12381.38,BTC-27DEC19,1565434743686,open,0.17,376.4,0.1115,0.2165,0.16579353,96.46,0.1655,0.0,BTC-27DEC19-15000-C,11858.98,94.92,0.162,4.0,0.167,3.4,96.95,30.45865,-10.57792,15.27515,5e-05,0.49005
12095.74,BTC-27SEP19,1565434743701,open,1.32,0.0,1.27,1.3705,1.31768083,105.45,None,0.0,BTC-27SEP19-28000-P,11858.98,0.0,0.0,0.0,0.0,0.0,0.0,2.33322,-2.5696,-36.41608,1e-05,-0.97761
213.22,SYN.ETH-30AUG19,1565434743701,open,0.06,479.0,0.027,0.09,0.057657,94.55,0.057,0.0,ETH-30AUG19-200-P,212.02,89.11,0.053,200.0,0.062,200.0,99.59,0.1832,-0.43574,-0.04668,0.00783,-0.34442
214.91,ETH-27SEP19,1565434743703,open,0.44,769.0,0.378,0.494,0.436043,99.25,0.45,0.0,ETH-27SEP19-300-P,212.02,60.29,0.403,110.0,0.97,5.0,500.0,0.2347,-0.24328,-0.34077,0.0039,-0.77283
214.91,ETH-27SEP19,1565434743709,open,0.52,502.0,0.461,0.578,0.518878,99.83,0.455,0.0,ETH-27SEP19-320-P,212.02,0.0,0.481,110.0,1.39,1.0,500.0,0.2033,-0.21195,-0.37779,0.00336,-0.82131
214.91,ETH-27SEP19,1565434743712,open,0.21,2496.0,0.161,0.264,0.21422,97.79,0.171,0.0,ETH-27SEP19-240-P,212.02,93.44,0.208,120.0,0.221,120.0,102.52,0.30771,-0.31425,-0.21643,0.00519,-0.55358
214.91,ETH-27SEP19,1565434743714,open,1.61,24.0,1.531,1.692,1.608006,114.0,1.356,0.0,ETH-27SEP19-560-P,212.02,0.0,0.0,0.0,0.0,0.0,0.0,0.0333,-0.03965,-0.73029,0.00048,-0.9827
214.91,ETH-27SEP19,1565434743730,open,0.1,3340.0,0.063,0.143,0.103662,97.73,0.106,0.0,ETH-27SEP19-200-P,212.02,93.51,0.098,160.0,0.108,160.0,100.95,0.28887,-0.29483,-0.12843,0.00488,-0.35193
214.91,ETH-27SEP19,1565434743730,open,0.0,5010.0,0.001,0.013,0.003939,106.88,0.009,0.0,ETH-27SEP19-480-C,212.02,97.19,0.002,660.0,0.006,200.0,114.18,0.0528,-0.05893,0.00732,0.00082,0.02989
218.32,ETH-27DEC19,1565434743730,open,2.32,0.0,2.207,2.432,2.314304,107.37,None,0.0,ETH-27DEC19-720-P,212.02,0.0,0.003,5.0,0.0,0.0,0.0,0.18219,-0.07043,-2.69436,0.00094,-0.9293
214.91,ETH-27SEP19,1565434743730,open,0.17,1290.0,0.129,0.211,0.173083,97.76,0.19,0.0,ETH-27SEP19-200-C,212.02,92.49,0.166,120.0,0.178,120.0,101.42,0.28887,-0.29493,0.13389,0.00488,0.64807
214.91,ETH-27SEP19,1565434743730,open,0.01,9094.0,0.001,0.015,0.005993,99.69,0.006,0.0,ETH-27SEP19-120-P,212.02,92.02,0.004,200.0,0.008,25.0,106.11,0.06205,-0.06461,-0.01194,0.00103,-0.03636
214.91,ETH-27SEP19,1565434743742,open,0.87,79.0,0.81,0.937,0.871021,102.56,0.351,0.0,ETH-27SEP19-400-P,212.02,0.0,0.01,10.0,0.0,0.0,0.0,0.1028,-0.11011,-0.50811,0.00165,-0.93148
214.91,ETH-27SEP19,1565434743744,open,0.69,233.0,0.633,0.755,0.691956,101.1,0.634,0.0,ETH-27SEP19-360-P,212.02,89.56,0.685,44.0,0.0,0.0,0.0,0.14647,-0.15466,-0.4459,0.00239,-0.88987
218.32,ETH-27DEC19,1565434743746,open,0.05,889.0,0.019,0.084,0.048484,103.91,0.052,0.0,ETH-27DEC19-480-C,212.02,101.73,0.045,50.0,0.052,40.0,106.03,0.35551,-0.13299,0.1107,0.00189,0.18174
218.32,ETH-27DEC19,1565434743750,open,0.59,101.0,0.51,0.668,0.590776,102.64,0.513,0.0,ETH-27DEC19-320-P,212.02,82.1,0.544,110.0,1.58,1.0,500.0,0.51551,-0.19049,-1.00002,0.00277,-0.6131
214.91,ETH-27SEP19,1565434743752,open,0.78,259.0,0.721,0.846,0.781353,102.49,0.94,0.0,ETH-27SEP19-380-P,212.02,0.0,0.009,8.0,0.0,0.0,0.0,0.12486,-0.13365,-0.47719,0.00201,-0.91146
12381.38,BTC-27DEC19,1565434743752,open,0.12,374.8,0.067,0.166,0.11633676,98.03,0.12,0.0,BTC-27DEC19-18000-C,11858.98,96.17,0.112,4.0,0.1175,3.3,98.52,28.97988,-10.22803,12.22394,5e-05,0.37582
12095.74,BTC-27SEP19,1565434743757,open,0.88,42.8,0.866,0.8855,0.8759872,0.0,0.815,0.0,BTC-27SEP19-1500-C,11858.98,0.0,0.0,0.0,0.0,0.0,0.0,0.0,0.0,1.96749,0.0,1.0
213.22,SYN.ETH-30AUG19,1565434743760,open,0.11,488.0,0.065,0.145,0.105888,94.4,0.113,0.0,ETH-30AUG19-220-P,212.02,88.07,0.1,150.0,0.11,150.0,98.81,0.19839,-0.47112,-0.07183,0.00849,-0.51275
12381.38,BTC-27DEC19,1565434743772,open,0.68,27.2,0.6705,0.691,0.68047159,96.07,0.65,0.0,BTC-27DEC19-4000-C,11858.98,96.2,0.6805,0.5,0.704,0.2,151.32,2.6918,-0.93109,14.40253,0.0,0.9862
12381.38,BTC-27DEC19,1565434743772,open,0.0,174.8,0.0005,0.0105,0.00023613,125.0,0.0005,0.0,BTC-27DEC19-1500-P,11858.98,0.0,0.0,0.0,0.0005,1.0,135.47,0.23224,-0.10452,-0.05329,0.0,-0.00089
12381.38,BTC-27DEC19,1565434743772,open,0.71,5.7,0.6385,0.7775,0.70755607,98.57,0.661,0.0,BTC-27DEC19-20000-P,11858.98,0.0,0.004,5.0,1.46,0.2,499.8,27.09162,-9.61457,-65.65106,5e-05,-0.68605
12095.74,BTC-27SEP19,1565434743772,open,0.02,664.8,0.0045,0.0395,0.01834205,101.46,0.019,0.0,BTC-27SEP19-20000-C,11858.98,98.82,0.0165,3.0,0.0195,24.0,103.05,8.66195,-9.17825,1.58179,4e-05,0.11804
11957.26,SYN.BTC-30AUG19,1565434743774,open,0.01,294.8,0.0005,0.0235,0.0086762,101.96,0.007,0.0,BTC-30AUG19-17000-C,11858.98,98.65,0.0075,33.0,0.0095,4.9,104.14,4.41479,-11.3232,0.50941,6e-05,0.08691
11957.26,SYN.BTC-30AUG19,1565434743774,open,0.13,187.6,0.0975,0.1625,0.13128472,95.76,0.14,0.0,BTC-30AUG19-11000-C,11858.98,94.2,0.13,5.0,0.133,3.8,97.83,9.89568,-23.83771,3.61327,0.00013,0.68622
214.91,ETH-27SEP19,1565434743781,open,0.05,2078.0,0.024,0.085,0.053927,98.69,0.051,0.0,ETH-27SEP19-280-C,212.02,95.48,0.05,160.0,0.059,160.0,102.76,0.26523,-0.27337,0.06577,0.00444,0.28723
12095.74,BTC-27SEP19,1565434743783,open,0.38,34.4,0.3255,0.422,0.37342459,98.83,0.396,0.0,BTC-27SEP19-16000-P,11858.98,0.0,0.004,11.0,0.905,0.2,499.84,14.57544,-15.04475,-17.45227,8e-05,-0.72659
213.22,SYN.ETH-30AUG19,1565434743783,open,0.17,383.0,0.124,0.213,0.169061,94.39,0.147,0.0,ETH-30AUG19-240-P,212.02,82.31,0.159,120.0,0.19,200.0,118.36,0.1812,-0.43025,-0.09688,0.00775,-0.66532
218.32,ETH-27DEC19,1565434743791,open,0.06,624.0,0.025,0.098,0.059808,103.16,0.068,0.0,ETH-27DEC19-440-C,212.02,101.03,0.056,140.0,0.064,40.0,105.45,0.39534,-0.14683,0.13037,0.00211,0.21676
213.22,SYN.ETH-30AUG19,1565434743793,open,0.12,462.0,0.081,0.153,0.119676,94.57,0.122,0.0,ETH-30AUG19-200-C,212.02,90.28,0.116,150.0,0.126,150.0,101.91,0.18321,-0.43585,0.06222,0.00783,0.65556
214.91,ETH-27SEP19,1565434743798,open,0.15,1948.0,0.106,0.2,0.154273,97.72,0.12,0.0,ETH-27SEP19-220-P,212.02,93.36,0.148,120.0,0.16,120.0,101.71,0.30861,-0.31496,-0.172,0.00521,-0.45588
12095.74,BTC-27SEP19,1565434743798,open,0.05,393.5,0.022,0.0825,0.05062077,98.81,0.045,0.0,BTC-27SEP19-16000-C,11858.98,96.2,0.0475,8.3,0.053,19.3,100.78,14.57373,-15.03996,3.53369,8e-05,0.27335
12095.74,BTC-27SEP19,1565434743798,open,0.31,29.7,0.2575,0.354,0.30578245,98.19,0.335,0.0,BTC-27SEP19-15000-P,11858.98,0.0,0.1675,0.1,0.835,0.3,500.0,15.95138,-16.35755,-15.40887,8e-05,-0.66543
12381.38,BTC-27DEC19,1565434743802,open,0.32,265.3,0.255,0.378,0.31816581,95.83,0.309,0.0,BTC-27DEC19-14000-P,11858.98,93.32,0.312,8.6,0.3205,3.6,96.79,30.35112,-10.4722,-36.89631,5e-05,-0.46505
214.91,ETH-27SEP19,1565434743804,open,0.01,5345.0,0.001,0.024,0.009864,102.74,0.01,0.0,ETH-27SEP19-400-C,212.02,98.63,0.008,110.0,0.012,230.0,106.94,0.1033,-0.11084,0.01666,0.00166,0.06896
214.91,ETH-27SEP19,1565434743811,open,0.0,2060.0,0.001,0.011,0.001388,124.99,0.003,0.0,ETH-27SEP19-80-P,212.02,0.0,0.0,0.0,0.003,200.0,140.51,0.01705,-0.02225,-0.00264,0.00023,-0.00799
12381.38,BTC-27DEC19,1565434743814,open,0.57,59.3,0.5525,0.5895,0.57019986,95.08,0.51,0.0,BTC-27DEC19-5500-C,11858.98,0.0,0.255,1.0,0.958,5.0,500.0,7.46921,-2.55682,18.0433,1e-05,0.95321
214.91,ETH-27SEP19,1565434743814,open,0.0,4762.0,0.001,0.012,0.002378,107.06,0.002,0.0,ETH-27SEP19-100-P,212.02,94.26,0.001,200.0,0.004,200.0,117.0,0.02968,-0.03319,-0.00493,0.00046,-0.01512
12095.74,BTC-27SEP19,1565434743814,open,0.0,330.4,0.0005,0.011,0.001133,115.4,0.0015,0.0,BTC-27SEP19-4750-P,11858.98,104.16,0.0005,14.0,0.002,6.4,125.18,0.8788,-1.05913,-0.13275,0.0,-0.00723
214.91,ETH-27SEP19,1565434743820,open,2.35,0.0,2.253,2.456,2.350817,118.98,None,0.0,ETH-27SEP19-720-P,212.02,0.0,0.0,0.0,0.0,0.0,0.0,0.01084,-0.01347,-0.94321,0.00015,-0.99521
11888.03,SYN.BTC-16AUG19,1565434743820,open,0.16,30.8,0.1425,0.1875,0.16427589,104.41,0.1625,0.0,BTC-16AUG19-10000-C,11858.98,0.0,0.1115,0.1,0.169,1.0,125.13,2.34834,-20.86413,1.43655,0.0001,0.91494
213.22,SYN.ETH-30AUG19,1565434743820,open,0.6,0.0,0.549,0.65,0.597234,100.89,None,0.0,ETH-30AUG19-340-P,212.02,0.0,0.0,0.0,0.0,0.0,0.0,0.03492,-0.08864,-0.18183,0.0014,-0.96885
218.32,ETH-27DEC19,1565434743822,open,1.78,0.0,1.678,1.879,1.7745,104.93,0.953,0.0,ETH-27DEC19-600-P,212.02,0.0,0.0,0.0,0.0,0.0,0.0,0.24957,-0.09429,-2.21514,0.00131,-0.8922
12381.38,BTC-27DEC19,1565434743824,open,0.76,0.0,0.749,0.7685,0.75895922,102.11,None,0.0,BTC-27DEC19-3000-C,11858.98,0.0,0.0055,0.1,0.9705,0.5,500.0,1.13366,-0.41676,11.11257,0.0,0.99485
218.32,ETH-27DEC19,1565434743833,open,0.04,2788.0,0.016,0.06,0.036646,97.69,0.037,0.0,ETH-27DEC19-120-P,212.02,92.25,0.031,50.0,0.041,50.0,101.71,0.23245,-0.08176,-0.11164,0.00131,-0.09776
218.32,ETH-27DEC19,1565434743835,open,0.44,432.0,0.364,0.511,0.440281,100.49,0.382,0.0,ETH-27DEC19-280-P,212.02,97.11,0.432,120.0,0.452,30.0,105.27,0.535,-0.19357,-0.81133,0.00294,-0.53644
213.22,SYN.ETH-30AUG19,1565434743835,open,0.03,593.0,0.008,0.049,0.026608,95.98,0.031,0.0,ETH-30AUG19-180-P,212.02,91.84,0.024,200.0,0.029,200.0,99.69,0.13617,-0.32879,-0.02546,0.00573,-0.19265
213.22,SYN.ETH-30AUG19,1565434743835,open,0.02,356.0,0.007,0.047,0.024676,94.92,0.023,0.0,ETH-30AUG19-260-C,212.02,90.94,0.022,200.0,0.028,200.0,99.69,0.14589,-0.34837,0.02225,0.00621,0.2163
218.32,ETH-27DEC19,1565434743840,open,0.12,654.0,0.073,0.173,0.125037,102.64,0.12,0.0,ETH-27DEC19-320-C,212.02,101.77,0.123,10.0,0.128,40.0,103.89,0.51551,-0.19049,0.21752,0.00277,0.3869
218.32,ETH-27DEC19,1565434743842,open,0.19,2188.0,0.131,0.239,0.187248,97.69,0.182,0.0,ETH-27DEC19-200-P,212.02,95.34,0.182,140.0,0.197,40.0,102.08,0.48622,-0.17102,-0.42761,0.00274,-0.32753
218.32,ETH-27DEC19,1565434743846,open,0.02,523.0,0.005,0.042,0.019294,106.88,0.015,0.0,ETH-27DEC19-680-C,212.02,103.16,0.016,100.0,0.023,50.0,110.67,0.20343,-0.07828,0.05185,0.00105,0.08171
214.91,ETH-27SEP19,1565434743849,open,0.07,5817.0,0.032,0.096,0.063481,97.73,0.063,0.0,ETH-27SEP19-180-P,212.02,93.81,0.059,160.0,0.067,160.0,100.78,0.24679,-0.25188,-0.08807,0.00417,-0.24895
12381.38,BTC-27DEC19,1565434743849,open,0.0,208.8,0.0005,0.0105,0.00084991,109.25,0.0015,0.0,BTC-27DEC19-2500-P,11858.98,102.58,0.0005,3.0,0.002,5.4,122.71,0.77247,-0.30385,-0.19803,0.0,-0.00335
214.91,ETH-27SEP19,1565434743854,open,0.36,1157.0,0.299,0.413,0.356738,98.64,0.359,0.0,ETH-27SEP19-280-P,212.02,73.16,0.328,110.0,0.0,0.0,0.0,0.26516,-0.27316,-0.30153,0.00444,-0.71293
214.91,ETH-27SEP19,1565434743857,open,0.01,2471.0,0.001,0.017,0.005947,104.32,0.01,0.0,ETH-27SEP19-440-C,212.02,97.82,0.004,110.0,0.008,200.0,109.89,0.07225,-0.07872,0.01068,0.00114,0.04385
213.22,SYN.ETH-30AUG19,1565434743859,open,0.0,3915.0,0.001,0.012,0.002666,101.08,0.002,0.0,ETH-30AUG19-340-C,212.02,87.72,0.001,125.0,0.004,250.0,108.18,0.03518,-0.08946,0.00334,0.00141,0.03142
214.91,ETH-27SEP19,1565434743861,open,2.54,0.0,2.434,2.647,2.536855,121.62,None,0.0,ETH-27SEP19-760-P,212.02,0.0,0.0,0.0,0.0,0.0,0.0,0.00934,-0.01186,-0.99586,0.00013,-0.99594
214.91,ETH-27SEP19,1565434743861,open,0.01,1897.0,0.003,0.03,0.013253,102.64,0.016,0.0,ETH-27SEP19-380-C,212.02,98.58,0.011,110.0,0.016,200.0,107.12,0.12526,-0.13427,0.02133,0.00201,0.08892
214.91,ETH-27SEP19,1565434743861,open,1.8,27.0,1.711,1.884,1.793705,117.59,1.044,0.0,ETH-27SEP19-600-P,212.02,0.0,0.0,0.0,0.0,0.0,0.0,0.02774,-0.03406,-0.78358,0.00039,-0.98602
12381.38,BTC-27DEC19,1565434743885,open,0.09,542.2,0.048,0.139,0.09223115,98.57,0.09,0.0,BTC-27DEC19-20000-C,11858.98,96.86,0.0885,4.0,0.095,3.4,99.83,27.09188,-9.61484,10.44535,5e-05,0.31396
12095.74,BTC-27SEP19,1565434743885,open,0.09,176.4,0.0545,0.127,0.09063565,95.5,0.089,0.0,BTC-27SEP19-11000-P,11858.98,92.33,0.0865,3.6,0.094,19.3,98.07,15.81143,-15.76927,-6.63016,9e-05,-0.32726
12381.38,BTC-27DEC19,1565434743887,open,0.02,385.3,0.005,0.045,0.0197009,102.66,0.02,0.0,BTC-27DEC19-36000-C,11858.98,100.85,0.018,0.1,0.021,6.0,103.98,11.93799,-4.41235,3.10037,2e-05,0.08551
11957.26,SYN.BTC-30AUG19,1565434743887,open,0.09,350.8,0.0535,0.119,0.08724911,95.66,0.0905,0.0,BTC-30AUG19-12000-C,11858.98,93.77,0.0855,5.0,0.089,3.2,97.55,11.0808,-26.66432,2.93552,0.00015,0.53809
12381.38,BTC-27DEC19,1565434743939,open,0.01,282.5,0.0005,0.022,0.00737146,103.57,0.009,0.0,BTC-27DEC19-48000-C,11858.98,98.06,0.005,9.2,0.009,6.0,106.71,6.01323,-2.24232,1.33977,1e-05,0.03581
12381.38,BTC-27DEC19,1565434743939,open,2.25,0.0,2.171,2.3275,2.24435385,102.65,2.58,0.0,BTC-27DEC19-40000-P,11858.98,0.0,0.0005,3.0,0.0,0.0,0.0,9.37251,-3.46378,-149.90151,2e-05,-0.93767
12095.74,BTC-27SEP19,1565434743943,open,0.75,225.7,0.7425,0.762,0.75204178,124.93,0.693,0.0,BTC-27SEP19-3000-C,11858.98,0.0,0.004,20.0,0.877,5.0,500.0,0.07358,-0.096,3.92653,0.0,0.99953
11922.65,SYN.BTC-23AUG19,1565434743959,open,0.14,3.7,0.113,0.1695,0.14194881,93.6,0.14,0.0,BTC-23AUG19-10500-C,11858.98,93.69,0.142,3.5,0.1465,3.5,101.86,6.43147,-23.37685,2.73074,0.00014,0.79123
11957.26,SYN.BTC-30AUG19,1565434743971,open,0.03,631.5,0.008,0.0465,0.02464373,96.03,0.023,0.0,BTC-30AUG19-10000-P,11858.98,92.51,0.0225,24.0,0.026,3.5,98.22,7.35943,-17.7788,-1.34213,0.0001,-0.18148
12381.38,BTC-27DEC19,1565434744001,open,0.28,559.5,0.2265,0.324,0.27785157,95.07,0.2695,0.0,BTC-27DEC19-11000-C,11858.98,92.62,0.2725,5.0,0.2815,3.5,96.75,26.95574,-9.22694,19.40077,5e-05,0.68968
212.8,SYN.ETH-23AUG19,1565434744001,open,0.09,5.0,0.05,0.125,0.087783,91.4,0.081,0.0,ETH-23AUG19-220-P,212.02,83.63,0.082,150.0,0.092,150.0,97.06,0.15852,-0.56263,-0.04735,0.01086,-0.54303
12095.74,BTC-27SEP19,1565434744011,open,0.35,884.7,0.332,0.3775,0.35436915,95.47,0.36,0.0,BTC-27SEP19-8000-C,11858.98,0.0,0.14,2.0,0.4775,2.0,240.38,6.85136,-6.83139,8.88556,4e-05,0.91442
12381.38,BTC-27DEC19,1565434744011,open,0.19,416.5,0.1325,0.238,0.18742572,95.83,0.191,0.0,BTC-27DEC19-14000-C,11858.98,94.43,0.184,5.0,0.1895,3.5,96.68,30.35118,-10.47178,16.37115,5e-05,0.53494
12095.74,BTC-27SEP19,1565434744022,open,0.65,9.2,0.64,0.6595,0.64956375,124.89,0.574,0.0,BTC-27SEP19-4250-C,11858.98,0.0,0.005,1.1,0.701,5.0,299.65,0.6968,-0.90885,5.47156,0.0,0.99443
12381.38,BTC-27DEC19,1565434744022,open,0.32,497.4,0.2705,0.361,0.31786973,95.08,0.319,0.0,BTC-27DEC19-10000-C,11858.98,91.36,0.3105,5.0,0.3205,8.3,96.4,24.54609,-8.40239,20.10081,4e-05,0.74456
12381.38,BTC-27DEC19,1565434744022,open,0.01,993.9,0.0005,0.0175,0.00547948,103.84,0.0065,0.0,BTC-27DEC19-52000-C,11858.98,97.97,0.0035,3.1,0.007,6.0,107.43,4.82056,-1.80213,1.0331,1e-05,0.02741
12095.74,BTC-27SEP19,1565434744031,open,0.0,125.2,0.0005,0.0105,0.00037662,125.0,0.0005,0.0,BTC-27SEP19-3750-P,11858.98,0.0,0.0,0.0,0.001,15.2,140.39,0.33416,-0.43625,-0.04489,0.0,-0.00245
11957.26,SYN.BTC-30AUG19,1565434744031,open,0.26,21.1,0.2355,0.2795,0.25706358,96.89,0.2905,0.0,BTC-30AUG19-9000-C,11858.98,0.0,0.245,5.0,0.2775,5.0,140.62,4.35713,-10.62011,4.28137,6e-05,0.9146
12381.38,BTC-27DEC19,1565434744034,open,0.84,0.0,0.8295,0.849,0.83930577,124.2,None,0.0,BTC-27DEC19-2000-C,11858.98,0.0,0.0135,0.4,0.977,0.5,500.0,0.67077,-0.29995,7.43506,0.0,0.99713
12381.38,BTC-27DEC19,1565434744036,open,0.44,91.7,0.4105,0.474,0.44274216,95.07,0.449,0.0,BTC-27DEC19-7500-C,11858.98,0.0,0.211,0.1,0.4615,2.5,109.22,15.76351,-5.39573,20.34062,3e-05,0.87452
12381.36,BTC-27DEC19,1565434744059,open,0.09,334.7,0.053,0.1285,0.09025194,95.08,0.089,0.0,BTC-27DEC19-9000-P,11858.98,92.04,0.085,9.9,0.092,9.9,96.08,21.4623,-7.34669,-13.73293,4e-05,-0.20126
12381.36,BTC-27DEC19,1565434744072,open,0.06,418.4,0.032,0.0925,0.06087519,95.08,0.0565,0.0,BTC-27DEC19-8000-P,11858.98,91.65,0.056,11.0,0.0615,5.0,95.51,17.77879,-6.08581,-9.91739,3e-05,-0.14965
12381.36,BTC-27DEC19,1565434744072,open,0.05,161.4,0.019,0.087,0.04892921,100.38,0.0515,0.0,BTC-27DEC19-26000-C,11858.98,98.6,0.046,4.0,0.051,4.9,101.62,20.53063,-7.42018,6.5101,4e-05,0.18712
12381.36,BTC-27DEC19,1565434744074,open,0.13,335.7,0.081,0.1695,0.12553834,95.08,0.1305,0.0,BTC-27DEC19-10000-P,11858.98,92.03,0.1195,9.9,0.1285,13.4,96.57,24.54611,-8.40257,-17.94756,4e-05,-0.25544
12095.74,BTC-27SEP19,1565434744074,open,0.79,55.9,0.7835,0.803,0.79332452,122.1,0.689,0.0,BTC-27SEP19-2500-C,11858.98,0.0,0.004,10.0,0.8915,5.0,500.0,0.01347,-0.01717,3.2778,0.0,0.99992
12381.36,BTC-27DEC19,1565434744130,open,0.01,203.3,0.0005,0.027,0.00987933,102.99,0.013,0.0,BTC-27DEC19-44000-C,11858.98,98.69,0.0075,9.1,0.0115,6.0,105.56,7.45046,-2.76264,1.73179,1e-05,0.04664
12381.36,BTC-27DEC19,1565434744130,open,0.04,243.9,0.017,0.0625,0.03768162,95.08,0.037,0.0,BTC-27DEC19-7000-P,11858.98,91.22,0.0335,11.0,0.0385,5.0,95.82,13.67777,-4.6821,-6.61901,2e-05,-0.10282
12381.36,BTC-27DEC19,1565434744132,open,1.0,0.0,0.93,1.0715,0.99853695,99.94,None,0.0,BTC-27DEC19-24000-P,11858.98,0.0,0.0055,1.0,1.7695,0.2,499.82,22.73047,-8.1785,-83.69068,4e-05,-0.778
11957.27,SYN.BTC-30AUG19,1565434744159,open,0.0,657.8,0.0005,0.014,0.00420189,104.96,0.004,0.0,BTC-30AUG19-8000-P,11858.98,101.21,0.0035,5.0,0.0045,2.7,106.45,2.35151,-6.20887,-0.28077,3e-05,-0.03892
212.8,SYN.ETH-23AUG19,1565434744215,open,0.12,0.0,0.078,0.159,0.118747,91.41,None,0.0,ETH-23AUG19-230-P,212.02,83.13,0.113,200.0,0.122,150.0,96.03,0.14906,-0.52914,-0.05719,0.01021,-0.64317
212.37,SYN.ETH-16AUG19,1565434744412,open,0.0,118.0,0.001,0.011,0.000476,94.02,0.001,0.0,ETH-16AUG19-280-C,212.02,0.0,0.0,0.0,0.001,1.0,104.12,0.00841,-0.06726,0.00039,0.00123,0.01198
212.8,SYN.ETH-23AUG19,1565434744518,open,0.02,101.0,0.003,0.038,0.017368,91.41,0.015,0.0,ETH-23AUG19-250-C,212.02,84.72,0.014,200.0,0.019,200.0,94.5,0.11086,-0.39351,0.01348,0.00759,0.19694
212.8,SYN.ETH-23AUG19,1565434744648,open,0.02,101.0,0.003,0.038,0.017368,91.41,0.015,0.0,ETH-23AUG19-250-C,212.02,84.72,0.014,200.0,0.015,2.0,86.76,0.11086,-0.39351,0.01348,0.00759,0.19694
11922.65,SYN.BTC-23AUG19,1565434744670,open,0.33,0.0,0.3155,0.347,0.33056541,108.26,None,0.0,BTC-23AUG19-8000-C,11858.98,0.0,0.013,1.0,0.0,0.0,0.0,1.06151,-4.46248,2.73348,2e-05,0.98049
11922.65,SYN.BTC-23AUG19,1565434744706,open,0.16,0.0,0.1255,0.1985,0.16194868,98.84,None,0.0,BTC-23AUG19-13500-P,11858.98,0.0,0.0015,1.0,0.0,0.0,0.0,7.56589,-29.04014,-3.70028,0.00015,-0.71785
11888.04,SYN.BTC-16AUG19,1565434744719,open,0.0,168.3,0.0005,0.011,0.00127346,113.56,0.001,0.0,BTC-16AUG19-9000-P,11858.98,109.23,0.001,3.0,0.0015,4.6,116.73,0.80842,-7.81219,-0.0456,3e-05,-0.02255
11888.04,SYN.BTC-16AUG19,1565434744719,open,0.37,0.0,0.3565,0.382,0.36916972,123.01,None,0.0,BTC-16AUG19-7500-C,11858.98,0.0,0.0005,3.0,0.0,0.0,0.0,0.06118,-0.6404,1.20488,0.0,0.99877
212.37,SYN.ETH-16AUG19,1565434744813,open,0.29,0.0,0.272,0.316,0.294279,122.67,None,0.0,ETH-16AUG19-150-C,212.02,0.0,0.0,0.0,0.0,0.0,0.0,0.00742,-0.07751,0.02377,0.00083,0.98961
212.37,SYN.ETH-16AUG19,1565434744845,open,0.0,51.0,0.001,0.011,0.000976,124.97,0.004,0.0,ETH-16AUG19-300-C,212.02,0.0,0.0,0.0,0.002,200.0,139.22,0.01187,-0.12625,0.00058,0.00131,0.0179
11922.65,SYN.BTC-23AUG19,1565434744877,open,0.27,0.0,0.237,0.3065,0.26999755,101.59,None,0.0,BTC-23AUG19-15000-P,11858.98,0.0,0.03,1.0,0.0,0.0,0.0,4.83577,-19.07769,-4.77804,9e-05,-0.86606
11922.65,SYN.BTC-23AUG19,1565434744912,open,0.11,0.1,0.0815,0.142,0.11295281,93.6,0.1115,0.0,BTC-23AUG19-11000-C,11858.98,92.9,0.1125,3.3,0.1175,3.7,100.6,7.69618,-27.9751,2.50049,0.00016,0.70748
212.37,SYN.ETH-16AUG19,1565434744994,open,0.25,0.0,0.224,0.271,0.247681,112.02,None,0.0,ETH-16AUG19-160-C,212.02,0.0,0.0,0.0,0.0,0.0,0.0,0.01279,-0.12189,0.02505,0.00157,0.98047
11922.65,SYN.BTC-23AUG19,1565434745022,open,0.21,0.0,0.189,0.2335,0.21093276,95.27,None,0.0,BTC-23AUG19-9500-C,11858.98,0.0,0.005,1.0,0.0,0.0,0.0,3.5482,-13.1266,2.95242,7e-05,0.91292
11888.04,SYN.BTC-16AUG19,1565434745105,open,0.01,93.2,0.0005,0.0265,0.00967973,97.75,0.0095,0.0,BTC-16AUG19-10500-P,11858.98,93.56,0.0085,0.7,0.0095,2.2,97.13,3.41977,-28.4469,-0.29386,0.00015,-0.14387
11888.04,SYN.BTC-16AUG19,1565434745114,open,0.2,5.3,0.185,0.2245,0.20363681,109.27,0.2,0.0,BTC-16AUG19-9500-C,11858.98,0.0,0.1,0.1,0.0,0.0,0.0,1.45081,-13.49066,1.43631,6e-05,0.95417
11888.04,SYN.BTC-16AUG19,1565434745179,open,0.19,0.0,0.1555,0.214,0.18315892,96.08,None,0.0,BTC-16AUG19-14000-P,11858.98,0.0,0.0,0.0,0.0,0.0,0.0,2.65078,-21.67313,-2.07249,0.00012,-0.89981
212.37,SYN.ETH-16AUG19,1565434745198,open,0.2,0.0,0.176,0.228,0.202015,106.31,None,0.0,ETH-16AUG19-170-C,212.02,0.0,0.0,0.0,0.0,0.0,0.0,0.0246,-0.22256,0.02581,0.00319,0.95705
11888.04,SYN.BTC-16AUG19,1565434745202,open,0.0,2.0,0.0005,0.0105,6.705e-05,125.0,0.0005,0.0,BTC-16AUG19-7500-P,11858.98,0.0,0.0,0.0,0.0005,20.0,154.88,0.07021,-0.7468,-0.00285,0.0,-0.00142
11922.66,SYN.BTC-23AUG19,1565434745223,open,0.02,35.3,0.005,0.0445,0.02173476,99.32,0.022,0.0,BTC-23AUG19-14000-C,11858.98,95.25,0.0195,3.2,0.0235,27.2,102.45,6.65306,-25.65973,0.83939,0.00013,0.22131
11922.66,SYN.BTC-23AUG19,1565434745276,open,0.0,0.2,0.0005,0.0115,0.00156909,108.39,0.0005,0.0,BTC-23AUG19-8000-P,11858.98,91.93,0.0005,35.2,0.0025,5.3,117.35,1.06664,-4.48966,-0.08911,2e-05,-0.01962
212.37,SYN.ETH-16AUG19,1565434745317,open,0.0,38.0,0.001,0.012,0.002487,106.31,0.003,0.0,ETH-16AUG19-170-P,212.02,90.12,0.001,36.0,0.004,256.0,117.73,0.0246,-0.22255,-0.00155,0.00319,-0.04295
11922.66,SYN.BTC-23AUG19,1565434745357,open,0.04,11.5,0.013,0.0615,0.03558285,93.63,0.0355,0.0,BTC-23AUG19-11000-P,11858.98,88.83,0.0325,27.2,0.037,3.3,95.82,7.69661,-27.98443,-1.38007,0.00016,-0.29255
11922.66,SYN.BTC-23AUG19,1565434745437,open,0.04,7.0,0.0145,0.067,0.0394262,97.55,0.0435,0.0,BTC-23AUG19-13000-C,11858.98,92.6,0.036,3.3,0.041,3.7,99.8,8.30944,-31.47662,1.31362,0.00017,0.35176
212.37,SYN.ETH-16AUG19,1565434745510,open,0.0,280.0,0.001,0.015,0.004061,93.55,0.007,0.0,ETH-16AUG19-180-P,212.02,79.81,0.002,268.0,0.006,250.0,103.56,0.03742,-0.29791,-0.00264,0.00551,-0.07315
11888.04,SYN.BTC-16AUG19,1565434745516,open,0.35,0.0,0.32,0.3785,0.34705179,113.02,None,0.0,BTC-16AUG19-16000-P,11858.98,0.0,0.0005,3.0,0.0,0.0,0.0,0.81452,-7.83358,-2.53432,3e-05,-0.97724
212.37,SYN.ETH-16AUG19,1565434745607,open,0.11,0.0,0.082,0.145,0.115259,91.59,None,0.0,ETH-16AUG19-190-C,212.02,0.0,0.0,0.0,0.0,0.0,0.0,0.06415,-0.5,0.02496,0.00965,0.84521
11888.04,SYN.BTC-16AUG19,1565434745622,open,0.33,0.0,0.3135,0.342,0.32728879,123.41,None,0.0,BTC-16AUG19-8000-C,11858.98,0.0,0.0005,3.0,0.0,0.0,0.0,0.20068,-2.10755,1.27866,1e-05,0.99545
11922.66,SYN.BTC-23AUG19,1565434745704,open,0.2,0.0,0.1605,0.2325,0.19599123,99.36,None,0.0,BTC-23AUG19-14000-P,11858.98,0.0,0.002,1.0,0.0,0.0,0.0,6.65496,-25.67702,-4.09886,0.00013,-0.77858
11922.66,SYN.BTC-23AUG19,1565434745799,open,0.31,0.0,0.2765,0.3445,0.30855441,101.93,None,0.0,BTC-23AUG19-15500-P,11858.98,0.0,0.06,1.0,0.0,0.0,0.0,3.96344,-15.68826,-5.07804,8e-05,-0.89883
212.37,SYN.ETH-16AUG19,1565434745815,open,0.08,225.0,0.044,0.109,0.078316,87.68,0.093,0.0,ETH-16AUG19-200-C,212.02,79.75,0.075,50.0,0.083,70.0,98.56,0.09004,-0.67187,0.02208,0.01414,0.72416
212.8,SYN.ETH-23AUG19,1565434745818,open,0.01,0.0,0.001,0.023,0.00879,97.86,None,0.0,ETH-23AUG19-170-P,212.02,91.93,0.007,250.0,0.011,250.0,104.53,0.06729,-0.25572,-0.00775,0.0043,-0.0945
11922.66,SYN.BTC-23AUG19,1565434745824,open,0.09,0.1,0.0555,0.118,0.08797327,93.61,0.0885,0.0,BTC-23AUG19-11500-C,11858.98,92.25,0.087,3.3,0.092,3.3,99.21,8.55765,-31.10753,2.21791,0.00018,0.61532
11922.66,SYN.BTC-23AUG19,1565434745915,open,0.13,0.0,0.093,0.166,0.12980721,97.58,None,0.0,BTC-23AUG19-13000-P,11858.98,0.0,0.001,1.0,0.0,0.0,0.0,8.30996,-31.48786,-3.27206,0.00017,-0.64818
11888.04,SYN.BTC-16AUG19,1565434745937,open,0.02,431.6,0.0025,0.038,0.01704821,92.13,0.015,0.0,BTC-16AUG19-11000-P,11858.98,86.81,0.015,24.0,0.0175,2.8,93.29,4.63468,-36.33726,-0.48228,0.00022,-0.23496
212.8,SYN.ETH-23AUG19,1565434745937,open,0.17,0.0,0.136,0.2,0.169705,95.58,None,0.0,ETH-23AUG19-180-C,212.02,0.0,0.0,0.0,0.0,0.0,0.0,0.09457,-0.35099,0.05082,0.00619,0.84665
12381.38,BTC-27DEC19,1565434746042,open,0.03,213.3,0.0115,0.0495,0.02841874,95.08,0.03,0.0,BTC-27DEC19-6500-P,11858.98,91.33,0.025,6.0,0.0295,12.0,96.23,11.56331,-3.95822,-5.19981,2e-05,-0.08196
212.8,SYN.ETH-23AUG19,1565434746047,open,0.02,62.0,0.003,0.035,0.015581,95.58,0.012,0.0,ETH-23AUG19-180-P,212.02,89.6,0.013,200.0,0.018,200.0,100.9,0.09457,-0.35099,-0.01268,0.00619,-0.15335
11922.66,SYN.BTC-23AUG19,1565434746056,open,0.17,0.0,0.1495,0.2005,0.17508939,94.69,None,0.0,BTC-23AUG19-10000-C,11858.98,0.0,0.03,1.0,0.0,0.0,0.0,4.99827,-18.37976,2.87815,0.00011,0.85942
11888.04,SYN.BTC-16AUG19,1565434746069,open,0.0,30.4,0.0005,0.0105,0.00024595,124.1,0.0005,0.0,BTC-16AUG19-8000-P,11858.98,0.0,0.0,0.0,0.0005,10.0,135.19,0.20789,-2.19537,-0.00954,1e-05,-0.00474
11888.04,SYN.BTC-16AUG19,1565434746078,open,0.02,251.0,0.002,0.0375,0.01655047,94.5,0.0175,0.0,BTC-16AUG19-13000-C,11858.98,91.86,0.0155,0.1,0.0175,5.9,96.86,4.75638,-38.25012,0.43991,0.00022,0.24642
212.37,SYN.ETH-16AUG19,1565434746094,open,0.04,255.0,0.011,0.069,0.038341,86.87,0.037,0.0,ETH-16AUG19-210-P,212.02,78.19,0.034,350.0,0.043,150.0,96.19,0.10618,-0.78494,-0.01627,0.01683,-0.43757
11922.66,SYN.BTC-23AUG19,1565434746144,open,0.02,12.1,0.003,0.0365,0.01599548,100.25,0.019,0.0,BTC-23AUG19-14500-C,11858.98,95.99,0.014,3.3,0.0175,24.0,103.34,5.71485,-22.24821,0.65725,0.00011,0.17227
212.37,SYN.ETH-16AUG19,1565434746152,open,0.0,39.0,0.001,0.011,0.000543,124.97,0.001,0.0,ETH-16AUG19-310-C,212.02,0.0,0.0,0.0,0.001,200.0,135.28,0.00753,-0.08006,0.00034,0.00083,0.01056
212.8,SYN.ETH-23AUG19,1565434746156,open,0.13,0.0,0.097,0.165,0.133133,93.63,None,0.0,ETH-23AUG19-190-C,212.02,0.0,0.0,0.0,0.0,0.0,0.0,0.12194,-0.44336,0.04766,0.00815,0.76801
212.8,SYN.ETH-23AUG19,1565434746189,open,0.34,0.0,0.322,0.365,0.343607,112.36,None,0.0,ETH-23AUG19-140-C,212.02,0.0,0.0,0.0,0.0,0.0,0.0,0.01797,-0.0784,0.0479,0.001,0.98167
212.8,SYN.ETH-23AUG19,1565434746256,open,0.03,234.0,0.007,0.05,0.026002,93.63,0.026,0.0,ETH-23AUG19-190-P,212.02,88.32,0.023,200.0,0.029,200.0,98.8,0.12194,-0.44336,-0.01937,0.00815,-0.23199
11922.66,SYN.BTC-23AUG19,1565434746259,open,0.05,12.1,0.0245,0.082,0.05253331,93.62,0.059,0.0,BTC-23AUG19-11500-P,11858.98,88.0,0.0485,27.6,0.0535,3.1,94.97,8.55769,-31.11237,-1.83888,0.00018,-0.38469
212.37,SYN.ETH-16AUG19,1565434746305,open,0.46,0.0,0.418,0.507,0.460228,124.97,None,0.0,ETH-16AUG19-310-P,212.02,0.0,0.0,0.0,0.0,0.0,0.0,0.00753,-0.08006,-0.04956,0.00083,-0.98944
11888.04,SYN.BTC-16AUG19,1565434746309,open,0.06,88.4,0.0345,0.0915,0.0639957,92.12,0.0635,0.0,BTC-16AUG19-11500-C,11858.98,88.98,0.0625,2.9,0.0665,3.2,97.36,5.6748,-44.4861,1.09075,0.00027,0.63396
11922.66,SYN.BTC-23AUG19,1565434746314,open,0.0,0.4,0.0005,0.012,0.00231539,100.54,0.0025,0.0,BTC-23AUG19-8500-P,11858.98,93.26,0.0015,33.8,0.003,0.1,105.56,1.508,-5.88786,-0.13435,3e-05,-0.02963
11888.04,SYN.BTC-16AUG19,1565434746368,open,0.0,166.6,0.0005,0.0125,0.00277238,109.38,0.0035,0.0,BTC-16AUG19-9500-P,11858.98,102.5,0.002,34.5,0.0025,3.4,107.09,1.45446,-13.53773,-0.09328,6e-05,-0.04597
212.8,SYN.ETH-23AUG19,1565434746379,open,0.0,0.0,0.001,0.011,0.00151,112.36,None,0.0,ETH-23AUG19-140-P,212.02,0.0,0.0,0.0,0.003,250.0,126.44,0.01797,-0.0784,-0.00149,0.001,-0.01833
11922.66,SYN.BTC-23AUG19,1565434746441,open,0.01,51.7,0.0005,0.02,0.00630906,103.23,0.007,0.0,BTC-23AUG19-16000-C,11858.98,98.15,0.005,2.9,0.0075,32.8,107.4,3.25902,-13.06487,0.30061,6e-05,0.07778
212.8,SYN.ETH-23AUG19,1565434746471,open,0.04,200.0,0.015,0.07,0.041015,92.09,0.042,0.0,ETH-23AUG19-200-P,212.02,86.15,0.037,200.0,0.045,200.0,97.94,0.14441,-0.51643,-0.02771,0.00982,-0.32813
11888.04,SYN.BTC-16AUG19,1565434746479,open,0.28,0.0,0.2705,0.3025,0.28572882,122.8,None,0.0,BTC-16AUG19-8500-C,11858.98,0.0,0.0005,3.0,0.0,0.0,0.0,0.49947,-5.21926,1.34234,2e-05,0.98716
11922.66,SYN.BTC-23AUG19,1565434746496,open,0.01,11.0,0.0025,0.0315,0.01384125,94.72,0.015,0.0,BTC-23AUG19-10000-P,11858.98,90.23,0.012,33.1,0.0155,3.4,98.6,4.99981,-18.39132,-0.64975,0.00011,-0.14065
11888.04,SYN.BTC-16AUG19,1565434746499,open,0.11,0.3,0.0785,0.142,0.11009095,94.51,0.115,0.0,BTC-16AUG19-13000-P,11858.98,0.0,0.04,1.0,0.0,0.0,0.0,4.7567,-38.25718,-1.65276,0.00022,-0.75355
12381.31,BTC-27DEC19,1565434746528,open,0.47,52.5,0.4435,0.501,0.47231416,95.08,0.414,0.0,BTC-27DEC19-7000-C,11858.98,0.0,0.3765,1.0,0.55,0.1,155.45,13.67787,-4.68215,20.0146,2e-05,0.89718
12095.77,BTC-27SEP19,1565434746528,open,0.14,725.5,0.1,0.178,0.14073343,95.49,0.1345,0.0,BTC-27SEP19-12000-C,11858.98,92.86,0.137,5.0,0.1445,5.0,98.15,17.14436,-17.09738,6.93203,9e-05,0.57766
12095.77,BTC-27SEP19,1565434746528,open,0.55,221.9,0.5365,0.559,0.54704363,104.86,0.51,0.0,BTC-27SEP19-5500-C,11858.98,0.0,0.545,3.0,0.82,5.0,500.0,1.34377,-1.47159,6.99995,1e-05,0.98825
12381.31,BTC-27DEC19,1565434746528,open,0.24,166.4,0.189,0.291,0.24270194,95.03,0.244,0.0,BTC-27DEC19-12000-C,11858.98,93.22,0.2385,5.0,0.2465,3.6,96.67,28.69328,-9.81689,18.504,5e-05,0.6355
12381.31,BTC-27DEC19,1565434746528,open,0.21,102.2,0.156,0.265,0.21189923,95.03,0.2175,0.0,BTC-27DEC19-12000-P,11858.98,92.7,0.2065,9.9,0.2155,3.4,96.58,28.69334,-9.81667,-27.15361,5e-05,-0.36451
12095.77,BTC-27SEP19,1565434746528,open,0.01,277.2,0.0005,0.019,0.00652282,102.4,0.0125,0.0,BTC-27SEP19-24000-C,11858.98,99.44,0.0055,3.0,0.0075,2.0,104.98,4.39061,-4.69547,0.66187,2e-05,0.04824
11957.28,SYN.BTC-30AUG19,1565434746531,open,0.01,356.3,0.003,0.0335,0.014512,101.74,0.0155,0.0,BTC-30AUG19-16000-C,11858.98,98.67,0.013,30.0,0.0165,38.4,105.58,6.02503,-15.42067,0.77752,8e-05,0.13392
11888.04,SYN.BTC-16AUG19,1565434746533,open,0.0,53.1,0.0005,0.012,0.00220455,103.0,0.0035,0.0,BTC-16AUG19-15000-C,11858.98,90.19,0.001,4.5,0.003,33.8,109.23,1.3855,-12.14431,0.07861,6e-05,0.04328
12095.77,BTC-27SEP19,1565434746537,open,0.69,0.0,0.6805,0.7,0.69034956,124.95,None,0.0,BTC-27SEP19-3750-C,11858.98,0.0,0.004,11.0,0.729,10.0,299.0,0.33331,-0.43497,4.87398,0.0,0.99755
12095.77,BTC-27SEP19,1565434746537,open,0.61,13.5,0.5985,0.618,0.60843207,115.38,0.382,0.0,BTC-27SEP19-4750-C,11858.98,0.0,0.004,11.0,0.6745,5.0,299.86,0.87793,-1.05788,6.09781,0.0,0.99277
12095.77,BTC-27SEP19,1565434746543,open,1.65,0.0,1.594,1.705,1.64718104,110.85,None,0.0,BTC-27SEP19-32000-P,11858.98,0.0,0.0,0.0,0.0,0.0,0.0,1.47827,-1.71137,-41.79087,1e-05,-0.98688
12095.77,BTC-27SEP19,1565434746550,open,0.0,1066.6,0.0005,0.0105,0.00093341,125.0,0.001,0.0,BTC-27SEP19-4250-P,11858.98,115.84,0.0005,3.0,0.0015,7.9,133.28,0.70002,-0.91385,-0.10357,0.0,-0.00559
12095.77,BTC-27SEP19,1565434746550,open,0.0,761.1,0.0005,0.0115,0.00161716,110.76,0.002,0.0,BTC-27SEP19-32000-C,11858.98,104.8,0.001,3.7,0.0025,24.0,116.95,1.4713,-1.70192,0.18138,1e-05,0.01305
12095.77,BTC-27SEP19,1565434746550,open,0.0,428.6,0.0005,0.0125,0.00281258,105.43,0.004,0.0,BTC-27SEP19-28000-C,11858.98,100.73,0.002,4.3,0.004,26.0,110.9,2.33121,-2.56692,0.31018,1e-05,0.02236
12095.77,BTC-27SEP19,1565434746550,open,0.0,1660.1,0.0005,0.0105,6e-08,125.0,0.0005,0.0,BTC-27SEP19-1500-P,11858.98,0.0,0.0,0.0,0.0005,12.0,228.12,0.00015,-0.00019,-1e-05,0.0,0.0
11888.04,SYN.BTC-16AUG19,1565434746550,open,0.41,0.0,0.3995,0.4225,0.41118593,124.8,None,0.0,BTC-16AUG19-7000-C,11858.98,0.0,0.0005,3.0,0.0,0.0,0.0,0.01712,-0.18182,1.12623,0.0,0.99969
12381.31,BTC-27DEC19,1565434746552,open,1.46,0.2,1.388,1.532,1.45586203,101.02,2.03,0.0,BTC-27DEC19-30000-P,11858.98,0.0,0.0,0.0,0.0,0.0,0.0,16.47826,-5.99323,-109.39022,3e-05,-0.86623
11957.28,SYN.BTC-30AUG19,1565434746552,open,0.15,17.3,0.106,0.184,0.14558675,98.81,0.14,0.0,BTC-30AUG19-13000-P,11858.98,0.0,0.0,0.0,0.0,0.0,0.0,10.79634,-26.83728,-4.83946,0.00014,-0.59766
12381.31,BTC-27DEC19,1565434746560,open,2.89,0.0,2.8025,2.9755,2.88416025,103.53,None,0.0,BTC-27DEC19-48000-P,11858.98,0.0,0.0,0.0,6.0,1.0,500.0,6.00145,-2.23694,-181.29426,1e-05,-0.96427
11957.28,SYN.BTC-30AUG19,1565434746565,open,0.5,0.0,0.4885,0.51,0.49877912,123.57,None,0.0,BTC-30AUG19-6000-C,11858.98,0.0,0.1,1.0,0.0,0.0,0.0,0.44714,-1.38995,3.22701,0.0,0.99439
11957.28,SYN.BTC-30AUG19,1565434746565,open,0.28,0.0,0.24,0.3175,0.2777714,100.65,None,0.0,BTC-30AUG19-15000-P,11858.98,0.0,0.02,1.0,0.0,0.0,0.0,7.77101,-19.67631,-7.02885,0.0001,-0.80173
12095.77,BTC-27SEP19,1565434746571,open,0.0,416.0,0.0005,0.0105,0.00060624,125.0,0.0015,0.0,BTC-27SEP19-4000-P,11858.98,122.22,0.0005,0.1,0.001,14.0,133.03,0.49395,-0.64484,-0.06967,0.0,-0.00379
11957.28,SYN.BTC-30AUG19,1565434746578,open,0.21,20.0,0.1685,0.2475,0.20779197,99.4,0.21,0.0,BTC-30AUG19-14000-P,11858.98,0.0,0.0,0.0,0.0,0.0,0.0,9.49505,-23.74358,-5.99941,0.00012,-0.7136
12095.77,BTC-27SEP19,1565434746587,open,0.52,1.0,0.4725,0.567,0.51813414,99.87,1.5815,0.0,BTC-27SEP19-18000-P,11858.98,0.0,0.004,1.3,1.0475,0.3,499.72,11.46512,-11.95804,-21.24206,6e-05,-0.82074
12095.77,BTC-27SEP19,1565434746587,open,0.67,227.5,0.66,0.6795,0.66991076,124.97,0.7065,0.0,BTC-27SEP19-4000-C,11858.98,0.0,0.111,2.0,0.715,5.0,299.85,0.49317,-0.64364,5.17711,0.0,0.99622
12095.77,BTC-27SEP19,1565434746610,open,0.0,421.5,0.0005,0.0105,0.00022203,125.0,0.0005,0.0,BTC-27SEP19-3500-P,11858.98,0.0,0.0,0.0,0.0005,0.9,136.31,0.21512,-0.28083,-0.02749,0.0,-0.00151
12381.31,BTC-27DEC19,1565434746625,open,0.44,26.3,0.372,0.504,0.4391148,96.97,0.438,0.0,BTC-27DEC19-16000-P,11858.53,93.64,0.431,3.6,0.447,3.6,100.2,30.2132,-10.54822,-46.66901,5e-05,-0.55155
12095.77,BTC-27SEP19,1565434746625,open,0.0,49.2,0.0005,0.0105,0.00012308,125.0,0.0015,0.0,BTC-27SEP19-3250-P,11858.53,0.0,0.0,0.0,0.0005,0.1,144.16,0.13062,-0.17053,-0.01585,0.0,-0.00088
12381.31,BTC-27DEC19,1565434746625,open,0.8,0.0,0.789,0.8085,0.79893366,109.27,None,0.0,BTC-27DEC19-2500-C,11858.53,0.0,0.0135,5.2,0.974,0.5,500.0,0.77309,-0.30413,9.31382,0.0,0.99664
12095.77,BTC-27SEP19,1565434746625,open,0.11,269.0,0.0695,0.1465,0.10914378,96.22,0.105,0.0,BTC-27SEP19-13000-C,11858.53,94.04,0.106,5.0,0.1125,3.6,98.54,17.4672,-17.55288,5.99462,9e-05,0.48698
12095.77,BTC-27SEP19,1565434746625,open,0.0,586.8,0.0005,0.0105,6.339e-05,125.0,0.0005,0.0,BTC-27SEP19-3000-P,11858.53,0.0,0.0,0.0,0.001,12.0,166.02,0.07395,-0.09654,-0.00851,0.0,-0.00047
12095.77,BTC-27SEP19,1565434746625,open,0.01,487.5,0.0015,0.0275,0.0111315,102.4,0.01,0.0,BTC-27SEP19-22000-C,11858.53,100.17,0.01,2.9,0.0125,24.8,104.94,6.30868,-6.74673,1.04048,3e-05,0.07671
12381.31,BTC-27DEC19,1565434746625,open,0.5,63.0,0.4785,0.529,0.50343608,95.08,0.4965,0.0,BTC-27DEC19-6500-C,11858.53,0.0,0.355,1.0,0.954,2.0,500.0,11.56363,-3.95839,19.53124,2e-05,0.91804
12095.77,BTC-27SEP19,1565434746625,open,0.63,289.7,0.619,0.6385,0.6287341,115.59,0.588,0.0,BTC-27SEP19-4500-C,11858.53,0.0,0.002,2.1,0.688,5.0,300.65,0.6411,-0.77397,5.80994,0.0,0.99493
12381.31,BTC-27DEC19,1565434746625,open,0.57,12.4,0.5015,0.638,0.57013494,98.03,0.559,0.0,BTC-27DEC19-18000-P,11858.53,0.0,0.004,5.0,1.3065,0.2,500.0,28.97947,-10.22769,-56.26299,5e-05,-0.62419
12381.31,BTC-27DEC19,1565434746625,open,0.0,99.9,0.0005,0.0105,0.0008382,124.2,0.0005,0.0,BTC-27DEC19-2000-P,11858.53,116.8,0.0005,1.0,0.001,4.3,127.0,0.67051,-0.29982,-0.17449,0.0,-0.00287
12095.77,BTC-27SEP19,1565434746625,open,0.0,405.8,0.0005,0.0105,1.261e-05,125.0,0.0005,0.0,BTC-27SEP19-2500-P,11858.53,0.0,0.0,0.0,0.0005,12.0,172.19,0.01801,-0.02351,-0.00185,0.0,-0.0001
12095.77,BTC-27SEP19,1565434746625,open,0.01,434.3,0.0005,0.018,0.00742605,98.92,0.007,0.0,BTC-27SEP19-7000-P,11858.53,96.08,0.0065,0.2,0.008,5.0,100.59,4.07927,-4.21418,-0.81621,2e-05,-0.04402
12381.31,BTC-27DEC19,1565434746625,open,0.01,92.1,0.0045,0.0285,0.01441422,95.08,0.014,0.0,BTC-27DEC19-5500-P,11858.53,90.9,0.012,6.0,0.016,12.0,97.64,7.46894,-2.55666,-2.88302,1e-05,-0.04679
12381.31,BTC-27DEC19,1565434746625,open,0.86,3.9,0.7825,0.9235,0.85165629,99.6,0.752,0.0,BTC-27DEC19-22000-P,11858.53,0.0,0.0055,2.0,1.615,0.3,500.0,25.00709,-8.96733,-74.75299,4e-05,-0.73517
12095.77,BTC-27SEP19,1565434746625,open,0.83,0.2,0.7865,0.8795,0.82995366,102.41,1.391,0.0,BTC-27SEP19-22000-P,11858.53,0.0,0.004,11.0,0.0,0.0,0.0,6.31005,-6.74876,-27.81583,3e-05,-0.92327
12095.77,BTC-27SEP19,1565434746625,open,1.16,0.0,1.1085,1.2055,1.1539454,104.7,None,0.0,BTC-27SEP19-26000-P,11858.53,0.0,0.0,0.0,0.0,0.0,0.0,3.28455,-3.59158,-33.63826,2e-05,-0.96626
12381.31,BTC-27DEC19,1565434746625,open,0.72,4.0,0.71,0.7295,0.71961088,99.61,0.64,0.0,BTC-27DEC19-3500-C,11858.53,0.0,0.0075,0.2,0.78,1.0,224.83,1.8657,-0.6691,12.78231,0.0,0.99095
12095.77,BTC-27SEP19,1565434746625,open,0.59,789.2,0.5785,0.598,0.58812918,113.84,0.5015,0.0,BTC-27SEP19-5000-C,11858.53,0.0,0.051,2.0,0.6615,5.0,299.38,1.10764,-1.31686,6.38519,1e-05,0.99059
12095.77,BTC-27SEP19,1565434746626,open,0.07,460.6,0.033,0.1,0.06565842,98.18,0.0675,0.0,BTC-27SEP19-15000-C,11858.53,95.39,0.062,53.2,0.0685,22.9,100.32,15.9507,-16.35448,4.26576,8e-05,0.33453
12095.77,BTC-27SEP19,1565434746626,open,0.03,260.1,0.013,0.0555,0.03223117,95.49,0.0305,0.0,BTC-27SEP19-9000-P,11858.53,92.85,0.03,1.0,0.0335,5.0,96.97,10.30602,-10.27797,-2.92349,6e-05,-0.15203
12381.31,BTC-27DEC19,1565434746626,open,0.41,204.5,0.379,0.449,0.4147436,95.08,0.4065,0.0,BTC-27DEC19-8000-C,11858.53,77.62,0.391,0.5,0.999,0.1,500.0,17.77901,-6.086,20.52081,3e-05,0.85035
12095.77,BTC-27SEP19,1565434746625,open,0.03,425.1,0.01,0.0565,0.03000471,99.86,0.029,0.0,BTC-27SEP19-18000-C,11858.53,98.26,0.0285,7.2,0.0315,9.5,101.43,11.46428,-11.95643,2.36763,6e-05,0.17924
12381.31,BTC-27DEC19,1565434746626,open,0.06,287.9,0.0255,0.1015,0.06014607,99.94,0.0635,0.0,BTC-27DEC19-24000-C,11858.53,98.21,0.057,4.0,0.0625,4.9,101.21,22.73124,-8.17911,7.62518,4e-05,0.22201
11922.66,SYN.BTC-23AUG19,1565434746625,open,0.01,21.7,0.0015,0.03,0.01186777,101.54,0.012,0.0,BTC-23AUG19-15000-C,11858.53,98.08,0.0105,6.4,0.013,30.0,104.28,4.83228,-19.05433,0.51284,9e-05,0.1338
12095.77,BTC-27SEP19,1565434746626,open,0.71,261.1,0.701,0.7205,0.71086395,124.96,0.714,0.0,BTC-27SEP19-3500-C,11858.53,0.0,0.161,2.0,0.7435,0.1,298.13,0.2146,-0.28006,4.56341,0.0,0.99849
12381.31,BTC-27DEC19,1565434746626,open,3.22,0.9,3.1185,3.3015,3.20534092,103.79,3.3,0.0,BTC-27DEC19-52000-P,11858.53,0.0,0.002,0.1,0.0,0.0,0.0,4.8104,-1.79757,-196.81965,1e-05,-0.97266
11888.04,SYN.BTC-16AUG19,1565434746625,open,0.01,198.5,0.0005,0.0185,0.00547056,104.47,0.005,0.0,BTC-16AUG19-10000-P,11858.53,102.04,0.005,0.2,0.0055,4.7,104.62,2.3508,-20.8989,-0.17348,0.0001,-0.08518
11888.04,SYN.BTC-16AUG19,1565434746625,open,0.24,0.0,0.228,0.2625,0.24420944,113.55,None,0.0,BTC-16AUG19-9000-C,11858.53,0.0,0.0005,4.0,0.0,0.0,0.0,0.80817,-7.80904,1.40322,3e-05,0.97745
11888.04,SYN.BTC-16AUG19,1565434746625,open,0.0,81.6,0.0005,0.0105,0.00073347,122.81,0.0005,0.0,BTC-16AUG19-8500-P,11858.53,116.53,0.0005,4.8,0.001,1.5,128.52,0.49963,-5.22131,-0.02598,2e-05,-0.01284
12381.31,BTC-27DEC19,1565434746626,open,0.36,167.6,0.321,0.4025,0.36335399,95.08,0.358,0.0,BTC-27DEC19-9000-C,11858.53,91.4,0.357,5.0,0.3665,8.6,96.89,21.46241,-7.34686,20.51009,4e-05,0.79873
12381.31,BTC-27DEC19,1565434746626,open,0.38,103.5,0.312,0.44,0.37728891,96.46,0.3775,0.0,BTC-27DEC19-15000-P,11858.53,93.49,0.37,3.6,0.385,3.6,99.59,30.45845,-10.57757,-41.79725,5e-05,-0.50996
12095.77,BTC-27SEP19,1565434746626,open,0.0,373.8,0.0005,0.0105,0.00076591,115.61,0.001,0.0,BTC-27SEP19-4500-P,11858.53,109.84,0.0005,3.0,0.001,0.8,119.63,0.64164,-0.77473,-0.09263,0.0,-0.00507
12381.31,BTC-27DEC19,1565434746626,open,0.02,275.1,0.0075,0.0385,0.02068326,95.08,0.021,0.0,BTC-27DEC19-6000-P,11858.53,90.77,0.0175,6.0,0.022,12.0,96.78,9.47384,-3.24295,-3.95141,2e-05,-0.0632
12381.31,BTC-27DEC19,1565434746626,open,0.61,65.4,0.5915,0.622,0.6057576,95.23,0.608,0.0,BTC-27DEC19-5000-C,11858.53,0.0,0.33,1.0,0.9245,5.0,500.0,5.63417,-1.93182,17.0137,1e-05,0.96692
12095.77,BTC-27SEP19,1565434746626,open,0.0,562.9,0.0005,0.0125,0.00286916,102.09,0.004,0.0,BTC-27SEP19-6000-P,11858.53,96.26,0.002,14.0,0.0035,5.0,105.67,2.00467,-2.1374,-0.34244,1e-05,-0.01871
12381.31,BTC-27DEC19,1565434746626,open,0.01,344.2,0.003,0.0345,0.01370378,102.66,0.0175,0.0,BTC-27DEC19-40000-C,11858.53,99.6,0.0115,2.9,0.0155,6.0,104.95,9.37548,-3.46523,2.29187,2e-05,0.06235
12381.31,BTC-27DEC19,1565434746626,open,0.01,510.9,0.0005,0.0155,0.00595548,95.32,0.007,0.0,BTC-27DEC19-4500-P,11858.53,92.22,0.005,2.8,0.007,5.0,98.41,3.99825,-1.37215,-1.31383,1e-05,-0.02193
12380.86,BTC-27DEC19,1565434746626,open,1.62,0.3,1.5435,1.6895,1.61208363,101.54,1.875,0.0,BTC-27DEC19-32000-P,11858.53,0.0,0.0,0.0,0.0,0.0,0.0,14.77709,-5.40212,-117.65356,2e-05,-0.8855
12380.86,BTC-27DEC19,1565434746627,open,2.57,0.0,2.4865,2.6505,2.56360802,102.75,3.46,0.0,BTC-27DEC19-44000-P,11858.53,0.0,0.0,0.0,0.0,0.0,0.0,7.38259,-2.73115,-165.69808,1e-05,-0.95389
12095.77,BTC-27SEP19,1565434746627,open,0.0,144.4,0.0005,0.0145,0.0044283,104.68,0.006,0.0,BTC-27SEP19-26000-C,11858.53,98.75,0.003,3.6,0.0055,24.0,108.37,3.28206,-3.58818,0.46456,2e-05,0.03371
11922.66,SYN.BTC-23AUG19,1565434746625,open,0.24,0.0,0.198,0.2685,0.23216819,100.25,None,0.0,BTC-23AUG19-14500-P,11858.53,0.0,0.01,1.0,0.0,0.0,0.0,5.71502,-22.24952,-4.45772,0.00011,-0.82772
12095.77,BTC-27SEP19,1565434746627,open,0.43,748.2,0.412,0.447,0.42870991,98.91,0.4255,0.0,BTC-27SEP19-7000-C,11858.53,0.0,0.2,1.0,0.458,0.1,155.42,4.07886,-4.21357,8.36554,2e-05,0.95599
12380.86,BTC-27DEC19,1565434746627,open,0.0,382.0,0.0005,0.011,0.00125821,102.1,0.001,0.0,BTC-27DEC19-3000-P,11858.53,99.06,0.001,10.0,0.0025,3.7,112.75,1.13344,-0.41666,-0.3018,0.0,-0.00515
12095.77,BTC-27SEP19,1565434746627,open,0.13,81.3,0.091,0.1735,0.13281897,95.49,0.1395,0.0,BTC-27SEP19-12000-P,11858.53,92.45,0.1285,17.9,0.137,3.7,98.44,17.14434,-17.09776,-8.80795,9e-05,-0.42234
12095.77,BTC-27SEP19,1565434746627,open,0.68,0.0,0.6275,0.721,0.67181827,101.47,0.691,0.0,BTC-27SEP19-20000-P,11858.53,0.0,0.004,11.0,1.193,0.2,500.0,8.66322,-9.18027,-24.65117,4e-05,-0.88193
12095.77,BTC-27SEP19,1565434746627,open,0.73,0.0,0.7215,0.741,0.73143345,124.94,None,0.0,BTC-27SEP19-3250-C,11858.53,0.0,0.004,10.0,0.87,5.0,500.0,0.13008,-0.16974,4.24712,0.0,0.99913
12380.86,BTC-27DEC19,1565434746627,open,0.0,154.5,0.0005,0.012,0.00229343,99.6,0.004,0.0,BTC-27DEC19-3500-P,11858.53,88.63,0.001,5.4,0.0035,2.6,106.57,1.86486,-0.6687,-0.53424,0.0,-0.00905
11922.66,SYN.BTC-23AUG19,1565434746625,open,0.08,1.1,0.041,0.106,0.07357724,93.62,0.071,0.0,BTC-23AUG19-12000-P,11858.53,87.51,0.069,21.5,0.0745,3.8,94.85,8.92183,-32.43617,-2.32658,0.00019,-0.4796
11957.28,SYN.BTC-30AUG19,1565434746625,open,0.33,21.0,0.3185,0.3535,0.33515157,104.95,0.2375,0.0,BTC-30AUG19-8000-C,11858.53,0.0,0.05,1.0,0.0,0.0,0.0,2.35088,-6.20661,4.07564,3e-05,0.96109
12380.86,BTC-27DEC19,1565434746627,open,0.88,0.1,0.8695,0.889,0.87908647,125.27,0.84,0.0,BTC-27DEC19-1500-C,11858.53,0.0,0.019,0.2,0.9,0.1,265.55,0.23593,-0.1064,5.65297,0.0,0.99909
12380.86,BTC-27DEC19,1565434746627,open,0.54,122.9,0.515,0.5585,0.53608461,95.1,0.46,0.0,BTC-27DEC19-6000-C,11858.53,69.79,0.521,4.0,0.58,0.7,140.75,9.47764,-3.24502,18.87499,2e-05,0.93677
12095.77,BTC-27SEP19,1565434746627,open,0.83,28.2,0.825,0.8445,0.83465396,122.78,0.755,0.0,BTC-27SEP19-2000-C,11858.53,0.0,0.01,1.0,0.9065,5.0,500.0,0.00192,-0.00246,2.62315,0.0,0.99999
11957.28,SYN.BTC-30AUG19,1565434746626,open,0.01,698.6,0.0005,0.0185,0.00604667,105.56,0.005,0.0,BTC-30AUG19-18000-C,11858.53,99.69,0.0045,30.0,0.007,33.1,108.76,3.41443,-9.06685,0.36497,4e-05,0.0621
12380.86,BTC-27DEC19,1565434746628,open,0.01,257.2,0.0005,0.0205,0.00958981,95.23,0.009,0.0,BTC-27DEC19-5000-P,11858.53,90.34,0.0075,9.5,0.0115,6.0,99.23,5.63345,-1.9314,-2.01002,1e-05,-0.03308
12380.86,BTC-27DEC19,1565434746628,open,1.31,0.1,1.2335,1.3765,1.3015768,100.75,1.49,0.0,BTC-27DEC19-28000-P,11858.53,0.0,0.005,1.0,0.0,0.0,0.0,18.43604,-6.68767,-100.97283,3e-05,-0.84191
12095.32,BTC-27SEP19,1565434746628,open,0.06,342.7,0.029,0.0875,0.05701975,95.48,0.053,0.0,BTC-27SEP19-10000-P,11858.53,91.85,0.053,19.3,0.058,7.0,96.36,13.4562,-13.41822,-4.63024,7e-05,-0.23483
12380.86,BTC-27DEC19,1565434746628,open,0.0,315.0,0.0005,0.0135,0.00353659,96.07,0.006,0.0,BTC-27DEC19-4000-P,11858.53,90.79,0.0025,14.3,0.0045,5.0,100.18,2.69142,-0.93089,-0.81657,0.0,-0.0138
12095.32,BTC-27SEP19,1565434746628,open,0.24,71.0,0.1945,0.289,0.24234091,97.36,0.27,0.0,BTC-27SEP19-14000-P,11858.53,89.59,0.2315,11.8,0.249,6.8,102.09,16.98613,-17.27163,-13.2721,9e-05,-0.59422
12095.32,BTC-27SEP19,1565434746628,open,0.51,713.5,0.4945,0.5205,0.50682675,102.19,0.362,0.0,BTC-27SEP19-6000-C,11858.53,0.0,0.011,1.0,0.606,0.3,288.04,2.01193,-2.14722,7.526,1e-05,0.9812
12095.32,BTC-27SEP19,1565434746628,open,0.23,633.4,0.1945,0.2635,0.2302824,95.51,0.2355,0.0,BTC-27SEP19-10000-C,11858.53,91.64,0.226,3.4,0.233,8.6,97.94,13.45719,-13.42283,8.48544,7e-05,0.76514
11957.28,SYN.BTC-30AUG19,1565434746626,open,0.05,111.5,0.024,0.0805,0.05123692,95.77,0.048,0.0,BTC-30AUG19-11000-P,11858.53,91.85,0.048,4.0,0.0525,3.4,97.29,9.89581,-23.84101,-2.37678,0.00013,-0.31379
11888.04,SYN.BTC-16AUG19,1565434746625,open,0.04,341.9,0.0155,0.0675,0.04136988,90.36,0.045,0.0,BTC-16AUG19-12000-C,11858.53,87.65,0.04,5.7,0.044,3.2,95.55,6.01553,-46.25332,0.85902,0.00029,0.49025
12380.86,BTC-27DEC19,1565434746628,open,0.64,6.5,0.631,0.656,0.6425065,95.37,0.575,0.0,BTC-27DEC19-4500-C,11858.53,0.0,0.012,0.1,0.963,1.0,500.0,4.00393,-1.37474,15.80537,1e-05,0.97803
12095.32,BTC-27SEP19,1565434746629,open,0.0,681.9,0.0005,0.012,0.00207439,107.97,0.004,0.0,BTC-27SEP19-30000-C,11858.53,103.71,0.0015,3.6,0.003,24.0,113.37,1.81767,-2.04956,0.23182,1e-05,0.01669
11888.04,SYN.BTC-16AUG19,1565434746625,open,0.27,0.5,0.2375,0.2945,0.26397747,103.01,0.305,0.0,BTC-16AUG19-15000-P,11858.53,0.0,0.0005,3.0,0.0,0.0,0.0,1.38573,-12.14698,-2.33604,6e-05,-0.95671
12095.36,BTC-27SEP19,1565434746629,open,1.49,0.0,1.432,1.538,1.48228643,107.44,None,0.0,BTC-27SEP19-30000-P,11858.53,0.0,0.0,0.0,0.0,0.0,0.0,1.77056,-1.98672,-39.12482,1e-05,-0.98382
11888.04,SYN.BTC-16AUG19,1565434746625,open,0.0,107.9,0.0005,0.0115,0.00167325,109.14,0.0025,0.0,BTC-16AUG19-15500-C,11858.53,91.36,0.0005,5.0,0.002,3.3,112.5,1.09344,-10.15478,0.05878,4e-05,0.03239
12095.36,BTC-27SEP19,1565434746629,open,0.99,0.2,0.9465,1.0405,0.99069252,102.23,1.6,0.0,BTC-27SEP19-24000-P,11858.53,0.0,0.0,0.0,0.0,0.0,0.0,4.36544,-4.66089,-30.82252,2e-05,-0.9521
12095.36,BTC-27SEP19,1565434746629,open,0.29,372.7,0.2585,0.317,0.28816756,95.51,0.286,0.0,BTC-27SEP19-9000-C,11858.53,91.74,0.285,3.5,0.291,8.6,98.8,10.30823,-10.28233,8.88031,6e-05,0.84791
12095.36,BTC-27SEP19,1565434746629,open,0.0,492.7,0.0005,0.0105,1.43e-06,125.0,0.0005,0.0,BTC-27SEP19-2000-P,11858.53,0.0,0.0,0.0,0.0005,12.0,196.37,0.00256,-0.00335,-0.00023,0.0,-1e-05
11957.28,SYN.BTC-30AUG19,1565434746626,open,0.06,253.3,0.0285,0.089,0.05838142,98.81,0.0625,0.0,BTC-30AUG19-13000-C,11858.53,96.17,0.056,4.0,0.058,3.3,98.39,10.79632,-26.83664,2.23954,0.00014,0.40233
11922.66,SYN.BTC-23AUG19,1565434746625,open,0.07,6.0,0.036,0.0965,0.06708973,93.62,0.069,0.0,BTC-23AUG19-12000-C,11858.53,92.83,0.0665,0.1,0.071,3.7,98.85,8.92183,-32.43578,1.90653,0.00019,0.5204
11888.04,SYN.BTC-16AUG19,1565434746625,open,0.15,0.0,0.1155,0.1765,0.14511306,94.68,0.195,0.0,BTC-16AUG19-13500-P,11858.53,0.0,0.0,0.0,0.0,0.0,0.0,3.65536,-29.45109,-1.88708,0.00017,-0.84097
11888.04,SYN.BTC-16AUG19,1565434746625,open,0.01,238.4,0.0005,0.027,0.00951763,94.68,0.009,0.0,BTC-16AUG19-13500-C,11858.53,91.3,0.0085,2.6,0.01,3.9,96.23,3.65531,-29.45031,0.28612,0.00017,0.15903
11922.66,SYN.BTC-23AUG19,1565434746625,open,0.25,0.0,0.2305,0.269,0.24918698,96.32,None,0.0,BTC-23AUG19-9000-C,11858.53,0.0,0.01,1.0,0.0,0.0,0.0,2.30933,-8.63795,2.94752,5e-05,0.95001
11957.28,SYN.BTC-30AUG19,1565434746627,open,0.0,596.0,0.0005,0.0105,0.00056619,123.59,0.0005,0.0,BTC-30AUG19-6000-P,11858.53,0.0,0.0,0.0,0.001,10.0,133.01,0.44761,-1.3917,-0.04027,0.0,-0.00562
11957.28,SYN.BTC-30AUG19,1565434746629,open,0.41,0.0,0.403,0.431,0.4162377,113.96,None,0.0,BTC-30AUG19-7000-C,11858.53,0.0,0.08,1.0,0.0,0.0,0.0,1.11217,-3.18842,3.69733,1e-05,0.98408
11957.28,SYN.BTC-30AUG19,1565434746626,open,0.02,255.6,0.0065,0.0465,0.02330371,100.65,0.024,0.0,BTC-30AUG19-15000-C,11858.53,97.84,0.0215,24.0,0.025,32.4,103.23,7.77077,-19.67506,1.1392,0.0001,0.19826
11888.04,SYN.BTC-16AUG19,1565434746625,open,0.05,78.6,0.0225,0.0795,0.05078801,90.36,0.0525,0.0,BTC-16AUG19-12000-P,11858.53,82.87,0.047,3.0,0.051,2.9,90.78,6.01553,-46.25363,-1.07271,0.00029,-0.50975
11888.04,SYN.BTC-16AUG19,1565434746625,open,0.03,371.0,0.009,0.057,0.03135494,92.12,0.0305,0.0,BTC-16AUG19-11500-P,11858.53,89.28,0.03,1.0,0.0315,3.0,92.43,5.6748,-44.48666,-0.7605,0.00027,-0.36604
11957.28,SYN.BTC-30AUG19,1565434746625,open,0.43,0.0,0.396,0.469,0.43040751,101.97,None,0.0,BTC-30AUG19-17000-P,11858.53,0.0,0.04,1.0,0.0,0.0,0.0,4.41576,-11.32678,-8.74762,6e-05,-0.91306
11888.04,SYN.BTC-16AUG19,1565434746625,open,0.0,20.0,0.0005,0.0105,1.329e-05,125.0,0.0005,0.0,BTC-16AUG19-7000-P,11858.53,0.0,0.0,0.0,0.0005,52.0,175.79,0.01744,-0.15796,-0.00063,0.0,-0.00031
11922.66,SYN.BTC-23AUG19,1565434746625,open,0.02,2.3,0.006,0.0445,0.02263686,93.62,0.0235,0.0,BTC-23AUG19-10500-P,11858.53,89.61,0.0205,24.0,0.024,0.1,96.13,6.4322,-23.38483,-0.97344,0.00014,-0.20881
11922.66,SYN.BTC-23AUG19,1565434746625,open,0.03,5.1,0.0085,0.055,0.02963432,98.82,0.027,0.0,BTC-23AUG19-13500-C,11858.53,96.22,0.028,10.0,0.031,3.2,100.96,7.56504,-29.02935,1.06175,0.00015,0.28208
11922.66,SYN.BTC-23AUG19,1565434746625,open,0.0,0.0,0.0005,0.014,0.00405277,96.33,None,0.0,BTC-23AUG19-9000-P,11858.53,93.36,0.0035,30.0,0.0045,0.2,98.57,2.30957,-8.63925,-0.22734,5e-05,-0.05
11957.28,SYN.BTC-30AUG19,1565434746628,open,0.36,0.0,0.3165,0.392,0.35261086,101.75,0.403,0.0,BTC-30AUG19-16000-P,11858.53,0.0,0.03,1.0,0.0,0.0,0.0,6.02543,-15.42241,-7.93504,8e-05,-0.86606
11957.28,SYN.BTC-30AUG19,1565434746628,open,0.52,0.0,0.477,0.5505,0.51140789,105.57,None,0.0,BTC-30AUG19-18000-P,11858.53,0.0,0.0,0.0,0.0,0.0,0.0,3.41523,-9.06976,-9.43664,4e-05,-0.93788
11888.04,SYN.BTC-16AUG19,1565434746626,open,0.23,0.0,0.1965,0.254,0.22322717,99.92,0.256,0.0,BTC-16AUG19-14500-P,11858.53,0.0,0.0005,3.0,0.0,0.0,0.0,1.94407,-16.53064,-2.21385,9e-05,-0.93361
11888.04,SYN.BTC-16AUG19,1565434746625,open,0.31,0.0,0.2785,0.3365,0.30550501,109.14,0.345,0.0,BTC-16AUG19-15500-P,11858.53,0.0,0.0005,3.0,0.0,0.0,0.0,1.0936,-10.15665,-2.43637,4e-05,-0.96761
11957.28,SYN.BTC-30AUG19,1565434746629,open,0.01,607.6,0.0005,0.0235,0.00975609,96.92,0.0095,0.0,BTC-30AUG19-9000-P,11858.53,96.22,0.0095,0.7,0.01,5.4,97.59,4.35942,-10.62933,-0.61996,6e-05,-0.08546
11922.66,SYN.BTC-23AUG19,1565434746625,open,0.35,0.0,0.317,0.384,0.34829274,103.24,None,0.0,BTC-23AUG19-16000-P,11858.53,0.0,0.08,1.0,0.0,0.0,0.0,3.25941,-13.06716,-5.34348,6e-05,-0.9222
11922.66,SYN.BTC-23AUG19,1565434746625,open,0.05,100.1,0.0235,0.0815,0.05234786,96.65,0.052,0.0,BTC-23AUG19-12500-C,11858.53,94.14,0.0505,0.1,0.054,3.7,98.88,8.80573,-33.04849,1.59929,0.00018,0.4326
214.91,ETH-27SEP19,1565434746689,open,0.0,839.0,0.001,0.011,0.000167,125.0,0.001,0.0,ETH-27SEP19-60-P,212.02,0.0,0.0,0.0,0.002,450.0,167.74,0.00301,-0.00393,-0.00038,4e-05,-0.00116
214.91,ETH-27SEP19,1565434746689,open,0.13,994.0,0.087,0.169,0.130617,97.74,0.129,0.0,ETH-27SEP19-220-C,212.02,94.53,0.126,1.0,0.136,120.0,101.49,0.30861,-0.31503,0.11657,0.00521,0.54414
218.32,ETH-27DEC19,1565434746688,open,0.2,713.0,0.148,0.256,0.206697,99.67,0.215,0.0,ETH-27DEC19-240-C,212.02,96.51,0.199,120.0,0.213,30.0,102.26,0.53096,-0.19053,0.29427,0.00294,0.56096
214.91,ETH-27SEP19,1565434746692,open,0.07,1703.0,0.037,0.107,0.072447,98.11,0.074,0.0,ETH-27SEP19-260-C,212.02,94.81,0.068,160.0,0.078,160.0,102.18,0.2912,-0.29836,0.08107,0.0049,0.36003
218.32,ETH-27DEC19,1565434746692,open,0.01,1427.0,0.003,0.032,0.013668,107.37,0.017,0.0,ETH-27DEC19-760-C,212.02,101.93,0.01,100.0,0.017,50.0,111.6,0.16105,-0.06225,0.03874,0.00083,0.0603
213.22,SYN.ETH-30AUG19,1565434746692,open,0.01,2290.0,0.001,0.015,0.004758,100.17,0.005,0.0,ETH-30AUG19-320-C,212.02,86.31,0.002,370.0,0.006,250.0,104.8,0.05343,-0.13464,0.00556,0.00215,0.05261
214.91,ETH-27SEP19,1565434746694,open,0.0,5783.0,0.001,0.011,0.001968,118.57,0.002,0.0,ETH-27SEP19-600-C,212.02,109.64,0.001,1537.0,0.003,380.0,125.12,0.02908,-0.03601,0.00361,0.0004,0.01477
212.8,SYN.ETH-23AUG19,1565434746696,open,0.06,16.0,0.029,0.095,0.061588,91.41,0.059,0.0,ETH-23AUG19-210-P,212.02,85.21,0.057,150.0,0.066,150.0,97.38,0.15734,-0.55854,-0.0373,0.01078,-0.43529
214.91,ETH-27SEP19,1565434746701,open,0.04,7903.0,0.014,0.058,0.034568,98.08,0.031,0.0,ETH-27SEP19-160-P,212.02,93.91,0.031,160.0,0.038,160.0,101.98,0.18678,-0.19132,-0.05391,0.00314,-0.15667
213.22,SYN.ETH-30AUG19,1565434746703,open,0.0,3534.0,0.001,0.011,0.000976,112.42,0.001,0.0,ETH-30AUG19-400-C,212.02,0.0,0.0,0.0,0.002,250.0,123.44,0.0152,-0.04299,0.00124,0.00055,0.0117
218.32,ETH-27DEC19,1565434746730,open,0.02,1097.0,0.006,0.047,0.022406,105.93,0.024,0.0,ETH-27DEC19-640-C,212.02,102.48,0.019,100.0,0.026,50.0,109.28,0.22503,-0.08582,0.05909,0.00117,0.09354
214.91,ETH-27SEP19,1565434746730,open,0.03,1993.0,0.01,0.055,0.029945,99.89,0.032,0.0,ETH-27SEP19-320-C,212.02,96.72,0.027,160.0,0.033,160.0,103.06,0.20346,-0.21225,0.04199,0.00336,0.17891
213.22,SYN.ETH-30AUG19,1565434746730,open,0.01,823.0,0.001,0.021,0.007856,97.49,0.007,0.0,ETH-30AUG19-300-C,212.02,91.91,0.006,1.0,0.01,250.0,103.16,0.07585,-0.18602,0.00869,0.00314,0.0827
214.91,ETH-27SEP19,1565434746740,open,0.0,7916.0,0.001,0.011,0.000655,125.0,0.001,0.0,ETH-27SEP19-760-C,212.02,0.0,0.0,0.0,0.002,300.0,140.73,0.01161,-0.01516,0.00127,0.00015,0.00518
218.32,ETH-27DEC19,1565434746740,open,0.91,16.0,0.822,0.993,0.907307,102.64,1.195,0.0,ETH-27DEC19-400-P,212.02,60.32,0.843,110.0,1.49,1.0,366.79,0.43779,-0.16177,-1.36743,0.00235,-0.73887
213.22,SYN.ETH-30AUG19,1565434746742,open,0.25,0.0,0.198,0.29,0.244071,94.92,0.218,0.0,ETH-30AUG19-260-P,212.02,46.55,0.221,120.0,0.0,0.0,0.0,0.14588,-0.34834,-0.11933,0.00621,-0.78372
213.22,SYN.ETH-30AUG19,1565434746742,open,0.69,0.0,0.64,0.744,0.68993,102.29,None,0.0,ETH-30AUG19-360-P,212.02,0.0,0.0,0.0,0.0,0.0,0.0,0.02306,-0.05934,-0.19401,0.00091,-0.981
214.91,ETH-27SEP19,1565434746744,open,1.42,12.0,1.35,1.502,1.422949,112.51,1.193,0.0,ETH-27SEP19-520-P,212.02,0.0,0.0,0.0,0.0,0.0,0.0,0.04507,-0.05296,-0.67603,0.00066,-0.97527
213.22,SYN.ETH-30AUG19,1565434746746,open,0.51,0.0,0.459,0.557,0.505557,100.17,None,0.0,ETH-30AUG19-320-P,212.02,0.0,0.0,0.0,0.0,0.0,0.0,0.05343,-0.13464,-0.1687,0.00215,-0.94739
218.32,ETH-27DEC19,1565434746752,open,1.25,21.0,1.158,1.34,1.247091,103.91,0.629,0.0,ETH-27DEC19-480-P,212.02,0.0,1.16,110.0,0.0,0.0,0.0,0.35551,-0.13299,-1.71562,0.00189,-0.81826
218.32,ETH-27DEC19,1565434746752,open,0.03,1681.0,0.008,0.053,0.026241,104.93,0.029,0.0,ETH-27DEC19-600-C,212.02,100.08,0.021,50.0,0.031,50.0,108.92,0.24957,-0.09429,0.06775,0.00131,0.1078
213.22,SYN.ETH-30AUG19,1565434746752,open,0.34,0.0,0.324,0.368,0.346426,102.34,None,0.0,ETH-30AUG19-140-C,212.02,0.0,0.0,0.0,0.0,0.0,0.0,0.03385,-0.08715,0.0724,0.00134,0.97001
212.37,SYN.ETH-16AUG19,1565434746754,open,0.14,49.0,0.1,0.177,0.138087,87.3,0.084,0.0,ETH-16AUG19-240-P,212.02,52.49,0.131,200.0,0.153,200.0,129.08,0.06203,-0.46085,-0.03388,0.00979,-0.85282
218.32,ETH-27DEC19,1565434746757,open,1.08,0.0,0.988,1.164,1.075199,103.16,None,0.0,ETH-27DEC19-440-P,212.02,0.0,1.0,110.0,0.0,0.0,0.0,0.39534,-0.14683,-1.54375,0.00211,-0.78324
214.91,ETH-27SEP19,1565434746780,open,1.06,0.0,0.99,1.123,1.053314,104.32,None,0.0,ETH-27SEP19-440-P,212.02,0.0,0.0,0.0,0.0,0.0,0.0,0.07224,-0.0787,-0.56645,0.00114,-0.95616
218.32,ETH-27DEC19,1565434746780,open,0.08,1110.0,0.035,0.117,0.075134,102.64,0.082,0.0,ETH-27DEC19-400-C,212.02,100.05,0.07,130.0,0.08,40.0,105.04,0.43779,-0.16177,0.1545,0.00235,0.26113
214.91,ETH-27SEP19,1565434746780,open,0.23,767.0,0.184,0.261,0.225935,97.74,0.261,0.0,ETH-27SEP19-180-C,212.02,0.0,0.162,42.0,0.609,10.0,437.29,0.24679,-0.25192,0.14802,0.00417,0.75103
218.32,ETH-27DEC19,1565434746782,open,1.42,37.0,1.33,1.518,1.421281,104.44,0.707,0.0,ETH-27DEC19-520-P,212.02,0.0,0.002,25.0,0.0,0.0,0.0,0.31769,-0.11946,-1.88446,0.00168,-0.84733
213.22,SYN.ETH-30AUG19,1565434746784,open,0.04,1052.0,0.017,0.072,0.043478,94.41,0.042,0.0,ETH-30AUG19-240-C,212.02,90.29,0.04,200.0,0.044,20.0,95.02,0.18121,-0.43036,0.03382,0.00775,0.33473
214.91,ETH-27SEP19,1565434746786,open,0.0,2894.0,0.001,0.012,0.002385,114.77,0.003,0.0,ETH-27SEP19-560-C,212.02,103.43,0.001,734.0,0.004,200.0,123.14,0.0345,-0.04136,0.00441,0.0005,0.01803
