underlying_price,underlying_index,timestamp,state,settlement_price,open_interest,min_price,max_price,mark_price,mark_iv,last_price,interest_rate,instrument_name,index_price,bid_iv,best_bid_price,best_bid_amount,best_ask_price,best_ask_amount,ask_iv,vega,theta,rho,gamma,delta
217.83,SYN.ETH-25OCT19,1569063539986,open,0.46,6.0,0.433,0.468,0.450575,94.39,0.36,0.0,ETH-25OCT19-120-C,214.92,0.0,0.0,0.0,0.0,0.0,0.0,0.02267,-0.03158,0.10838,0.00055,0.98669
216.56,SYN.ETH-4OCT19,1569063540029,open,0.11,0.0,0.065,0.128,0.098246,71.1,None,0.0,ETH-4OCT19-200-C,214.92,63.9,0.094,40.0,0.108,40.0,86.81,0.13029,-0.35975,0.0495,0.01108,0.74618
217.83,SYN.ETH-25OCT19,1569063540058,open,0.0,2904.0,0.001,0.011,0.001524,94.87,0.001,0.0,ETH-25OCT19-120-P,214.92,0.0,0.0,0.0,0.003,100.0,105.92,0.02316,-0.03243,-0.00307,0.00055,-0.01364
221.62,ETH-27DEC19,1569063540121,open,0.56,0.0,0.536,0.567,0.55177,81.0,None,0.0,ETH-27DEC19-100-C,214.92,0.0,0.0,0.0,0.0,0.0,0.0,0.0486,-0.02032,0.25354,0.00046,0.98281
224.87,ETH-27MAR20,1569063540125,open,0.68,0.0,0.612,0.766,0.69027,82.83,None,0.0,ETH-27MAR20-360-P,214.92,0.0,0.0,0.0,0.0,0.0,0.0,0.56949,-0.12554,-1.59716,0.00264,-0.6896
217.83,SYN.ETH-25OCT19,1569063540125,open,0.37,3.0,0.339,0.38,0.359821,79.22,0.271,0.0,ETH-25OCT19-140-C,214.92,0.0,0.0,0.0,0.0,0.0,0.0,0.03937,-0.04603,0.12428,0.00113,0.97455
216.13,ETH-27SEP19,1569063540183,open,0.0,243.0,0.001,0.011,0.001405,91.88,0.001,0.0,ETH-27SEP19-270-C,214.92,0.0,0.0,0.0,0.003,200.0,105.57,0.01974,-0.15431,0.00107,0.00286,0.03211
221.62,ETH-27DEC19,1569063540193,open,0.0,3142.0,0.001,0.013,0.003033,81.19,0.006,0.0,ETH-27DEC19-100-P,214.92,68.71,0.001,600.0,0.005,40.0,88.8,0.049,-0.02053,-0.01199,0.00046,-0.01736
217.83,SYN.ETH-25OCT19,1569063540193,open,0.0,921.0,0.001,0.012,0.002594,79.54,0.003,0.0,ETH-25OCT19-140-P,214.92,76.05,0.002,741.0,0.003,3.0,81.66,0.0399,-0.04685,-0.00575,0.00114,-0.02586
216.13,ETH-27SEP19,1569063540212,open,0.03,3023.0,0.005,0.05,0.025888,66.78,0.024,0.0,ETH-27SEP19-220-C,214.92,58.97,0.022,120.0,0.031,120.0,77.0,0.10788,-0.6131,0.01419,0.02148,0.43365
221.62,ETH-27DEC19,1569063540212,open,0.0,4096.0,0.001,0.013,0.00346,103.74,0.002,0.0,ETH-27DEC19-760-C,214.92,89.81,0.001,1000.0,0.006,40.0,111.86,0.05702,-0.03053,0.01017,0.00042,0.02074
216.13,ETH-27SEP19,1569063540218,open,0.0,3296.0,0.001,0.013,0.002801,90.12,0.003,0.0,ETH-27SEP19-260-C,214.92,84.28,0.002,102.0,0.004,200.0,97.35,0.03244,-0.2488,0.00197,0.00479,0.05948
216.13,ETH-27SEP19,1569063540218,open,0.38,864.0,0.348,0.434,0.388722,113.62,0.356,0.0,ETH-27SEP19-300-P,214.92,0.0,0.049,16.0,1.82,5.0,500.0,0.00967,-0.09353,-0.04784,0.00113,-0.98619
221.62,ETH-27DEC19,1569063540223,open,0.49,101.0,0.434,0.557,0.495418,80.99,0.513,0.0,ETH-27DEC19-320-P,214.92,0.0,0.006,10.0,0.0,0.0,0.0,0.36349,-0.15195,-0.73205,0.00344,-0.74913
221.62,ETH-27DEC19,1569063540228,open,2.23,0.0,2.156,2.36,2.253547,104.46,None,0.0,ETH-27DEC19-720-P,214.92,0.0,0.003,5.0,0.0,0.0,0.0,0.07204,-0.03884,-1.89765,0.00053,-0.9726
216.13,ETH-27SEP19,1569063540228,open,0.09,2587.0,0.052,0.111,0.082608,66.86,0.081,0.0,ETH-27SEP19-200-C,214.92,58.2,0.08,1.0,0.088,40.0,82.41,0.06922,-0.39379,0.02603,0.01377,0.83067
216.13,ETH-27SEP19,1569063540242,open,0.11,2231.0,0.081,0.155,0.117611,76.04,0.1,0.0,ETH-27SEP19-240-P,214.92,0.0,0.11,300.0,0.88,5.0,500.0,0.06386,-0.41322,-0.03367,0.01117,-0.85027
216.13,ETH-27SEP19,1569063540244,open,0.01,2540.0,0.001,0.024,0.007934,66.72,0.008,0.0,ETH-27SEP19-200-P,214.92,56.86,0.005,162.0,0.01,160.0,72.96,0.0691,-0.39234,-0.00615,0.01377,-0.16889
221.62,ETH-27DEC19,1569063540246,open,0.01,2864.0,0.003,0.029,0.012848,89.44,0.018,0.0,ETH-27DEC19-480-C,214.92,86.77,0.011,20.0,0.015,200.0,92.29,0.15992,-0.07382,0.03595,0.00137,0.07397
216.13,ETH-27SEP19,1569063540246,open,0.15,0.0,0.124,0.199,0.16066,81.22,None,0.0,ETH-27SEP19-250-P,214.92,0.0,0.0,0.0,0.0,0.0,0.0,0.04332,-0.29944,-0.03736,0.00709,-0.91326
216.13,ETH-27SEP19,1569063540249,open,0.04,1294.0,0.016,0.074,0.043804,66.8,0.04,0.0,ETH-27SEP19-220-P,214.92,55.12,0.038,120.0,0.048,120.0,75.19,0.10788,-0.61328,-0.02123,0.02148,-0.56632
216.56,SYN.ETH-4OCT19,1569063540257,open,0.07,0.0,0.037,0.098,0.068983,71.13,None,0.0,ETH-4OCT19-210-C,214.92,64.16,0.064,120.0,0.079,120.0,85.05,0.15526,-0.42886,0.04185,0.01319,0.6168
221.62,ETH-27DEC19,1569063540259,open,1.16,21.0,1.108,1.256,1.178913,89.71,0.629,0.0,ETH-27DEC19-480-P,214.92,0.0,0.001,7.0,0.0,0.0,0.0,0.16125,-0.07466,-1.23767,0.00138,-0.92522
221.62,ETH-27DEC19,1569063540261,open,0.82,16.0,0.764,0.9,0.830355,86.56,1.195,0.0,ETH-27DEC19-400-P,214.92,0.0,0.001,8.0,0.0,0.0,0.0,0.24842,-0.11099,-0.99698,0.0022,-0.86458
221.62,ETH-27DEC19,1569063540263,open,1.34,37.0,1.281,1.437,1.355974,91.09,0.707,0.0,ETH-27DEC19-520-P,214.92,0.0,0.002,25.0,0.0,0.0,0.0,0.13016,-0.06119,-1.35243,0.0011,-0.94326
221.62,ETH-27DEC19,1569063540263,open,0.39,2.0,0.357,0.409,0.383913,72.69,0.275,0.0,ETH-27DEC19-140-C,214.92,0.0,0.368,300.0,0.0,0.0,0.0,0.16768,-0.06291,0.31608,0.00177,0.92128
221.62,ETH-27DEC19,1569063540283,open,1.87,0.0,1.805,1.989,1.893109,97.68,None,0.0,ETH-27DEC19-640-P,214.92,0.0,0.0,0.0,0.0,0.0,0.0,0.08139,-0.04103,-1.68308,0.00064,-0.96826
221.62,ETH-27DEC19,1569063540285,open,0.02,1200.0,0.005,0.036,0.017328,87.42,0.017,0.0,ETH-27DEC19-440-C,214.92,84.69,0.015,220.0,0.02,220.0,90.32,0.19625,-0.08854,0.04698,0.00172,0.0972
221.62,ETH-27DEC19,1569063540287,open,0.1,4155.0,0.06,0.135,0.097877,72.78,0.087,0.0,ETH-27DEC19-200-P,214.92,67.97,0.089,32.0,0.103,240.0,75.55,0.40953,-0.15383,-0.24716,0.00432,-0.32231
221.62,ETH-27DEC19,1569063540289,open,2.05,0.0,1.98,2.176,2.073714,102.34,None,0.0,ETH-27DEC19-680-P,214.92,0.0,0.002,10.0,0.0,0.0,0.0,0.08034,-0.04243,-1.78961,0.0006,-0.96876
216.13,ETH-27SEP19,1569063540289,open,2.3,0.0,2.235,2.434,2.331483,301.3,None,0.0,ETH-27SEP19-720-P,214.92,0.0,0.0,0.0,0.0,0.0,0.0,0.00138,-0.03544,-0.11586,6e-05,-0.99845
221.62,ETH-27DEC19,1569063540289,open,1.51,0.0,1.456,1.62,1.534004,92.25,0.845,0.0,ETH-27DEC19-560-P,214.92,0.0,0.0,0.0,0.0,0.0,0.0,0.10504,-0.05001,-1.46501,0.00087,-0.95664
221.62,ETH-27DEC19,1569063540291,open,0.03,2501.0,0.008,0.048,0.02531,86.43,0.026,0.0,ETH-27DEC19-400-C,214.92,83.37,0.022,220.0,0.029,40.0,89.63,0.24775,-0.11051,0.06445,0.0022,0.13488
216.13,ETH-27SEP19,1569063540291,open,0.27,647.0,0.237,0.283,0.260249,106.95,0.252,0.0,ETH-27SEP19-160-C,214.92,0.0,0.259,93.0,0.0,0.0,0.0,0.00806,-0.07335,0.02535,0.001,0.98881
216.13,ETH-27SEP19,1569063540296,open,1.94,0.0,1.876,2.052,1.961318,272.71,None,0.0,ETH-27SEP19-640-P,214.92,0.0,0.0,0.0,0.0,0.0,0.0,0.00135,-0.03135,-0.10298,7e-05,-0.99848
221.62,ETH-27DEC19,1569063540296,open,0.01,10652.0,0.001,0.015,0.005396,102.33,0.005,0.0,ETH-27DEC19-680-C,214.92,94.41,0.003,1000.0,0.008,40.0,108.63,0.08032,-0.04242,0.0152,0.0006,0.03123
221.62,ETH-27DEC19,1569063540298,open,0.65,257.0,0.596,0.726,0.660287,84.1,0.7,0.0,ETH-27DEC19-360-P,214.92,0.0,0.008,4.0,0.0,0.0,0.0,0.30297,-0.13152,-0.8688,0.00276,-0.81674
221.62,ETH-27DEC19,1569063540315,open,0.2,2050.0,0.153,0.232,0.19535,72.73,0.203,0.0,ETH-27DEC19-200-C,214.92,67.67,0.186,24.0,0.202,240.0,76.33,0.40952,-0.15373,0.28373,0.00432,0.67771
216.13,ETH-27SEP19,1569063540315,open,0.29,730.0,0.258,0.339,0.29708,105.79,0.533,0.0,ETH-27SEP19-280-P,214.92,0.0,0.003,1.0,0.9,5.0,500.0,0.01933,-0.17405,-0.04404,0.00243,-0.96868
216.13,ETH-27SEP19,1569063540315,open,2.49,0.0,2.414,2.624,2.516239,0.0,None,0.0,ETH-27SEP19-760-P,214.92,0.0,0.0,0.0,0.0,0.0,0.0,0.0,0.0,-0.12234,0.0,-1.0
221.62,ETH-27DEC19,1569063540317,open,0.01,7005.0,0.001,0.023,0.009404,90.73,0.008,0.0,ETH-27DEC19-520-C,214.92,88.19,0.008,700.0,0.011,200.0,93.35,0.12848,-0.06016,0.02729,0.00109,0.05581
221.62,ETH-27DEC19,1569063540320,open,0.32,156.0,0.278,0.341,0.311471,72.72,0.3,0.0,ETH-27DEC19-160-C,214.92,0.0,0.277,300.0,0.394,1.0,132.86,0.26055,-0.09778,0.31955,0.00275,0.85474
216.13,ETH-27SEP19,1569063540320,open,0.0,5603.0,0.001,0.011,0.000731,114.98,0.001,0.0,ETH-27SEP19-300-C,214.92,0.0,0.0,0.0,0.002,300.0,133.47,0.01028,-0.1006,0.00049,0.00119,0.01483
221.62,ETH-27DEC19,1569063540323,open,0.08,1688.0,0.043,0.114,0.078882,78.66,0.084,0.0,ETH-27DEC19-280-C,214.92,75.04,0.072,240.0,0.086,32.0,82.35,0.42467,-0.17241,0.16187,0.00414,0.35407
216.13,ETH-27SEP19,1569063540323,open,0.0,6003.0,0.001,0.012,0.002064,87.19,0.002,0.0,ETH-27SEP19-180-P,214.92,76.27,0.001,5.0,0.003,200.0,94.36,0.02541,-0.18852,-0.00159,0.00387,-0.04375
221.62,ETH-27DEC19,1569063540325,open,0.0,4371.0,0.001,0.014,0.004451,103.54,0.004,0.0,ETH-27DEC19-720-C,214.92,93.47,0.002,100.0,0.007,40.0,110.54,0.06908,-0.03692,0.01271,0.00051,0.02606
216.13,ETH-27SEP19,1569063540325,open,2.12,0.0,2.055,2.243,2.1464,287.41,None,0.0,ETH-27SEP19-680-P,214.92,0.0,0.0,0.0,0.0,0.0,0.0,0.00137,-0.0334,-0.10942,6e-05,-0.99847
217.83,SYN.ETH-25OCT19,1569063540331,open,0.01,1423.0,0.001,0.02,0.008597,76.49,0.008,0.0,ETH-25OCT19-160-P,214.92,72.6,0.007,255.0,0.01,400.0,79.64,0.0938,-0.1059,-0.01687,0.00278,-0.07486
10110.38,SYN.BTC-25OCT19,1569063540368,open,0.41,8.3,0.395,0.422,0.40808845,84.35,0.431,0.0,BTC-25OCT19-6000-C,9985.55,0.0,0.403,9.0,0.419,9.0,128.03,1.19476,-1.48752,5.40944,1e-05,0.98458
10110.38,SYN.BTC-25OCT19,1569063540372,open,0.07,285.2,0.045,0.1015,0.07271428,64.68,0.07,0.0,BTC-25OCT19-10000-P,9985.55,61.59,0.069,26.4,0.075,18.0,66.58,12.14255,-11.59171,-4.79896,0.0002,-0.43871
10110.38,SYN.BTC-25OCT19,1569063540399,open,0.0,869.1,0.0005,0.0115,0.00156677,78.09,0.0025,0.0,BTC-25OCT19-17000-C,9985.55,67.67,0.0005,46.5,0.0025,22.0,83.61,1.45577,-1.67785,0.16771,2e-05,0.01944
10028.48,BTC-27SEP19,1569063540420,open,0.12,2.8,0.1005,0.152,0.12538885,66.63,0.129,0.0,BTC-27SEP19-11250-P,9985.55,0.0,0.1215,7.6,0.1285,0.6,79.23,2.13142,-12.08474,-1.66527,0.0002,-0.90614
10048.98,SYN.BTC-4OCT19,1569063540425,open,0.0,0.0,0.0005,0.0125,0.00281214,78.93,None,0.0,BTC-4OCT19-13000-C,9985.55,74.19,0.002,0.3,0.0035,30.0,82.37,1.89018,-5.79381,0.16087,7e-05,0.04819
10028.48,BTC-27SEP19,1569063540443,open,0.09,21.1,0.0615,0.1065,0.08370535,62.37,0.1,0.0,BTC-27SEP19-9250-C,9985.55,56.11,0.082,0.6,0.086,6.0,69.89,2.89219,-15.35038,1.24609,0.00029,0.85558
217.82,SYN.ETH-25OCT19,1569063540478,open,0.02,869.0,0.007,0.04,0.021546,72.6,0.025,0.0,ETH-25OCT19-180-P,214.92,69.17,0.019,240.0,0.024,368.0,75.79,0.16492,-0.17672,-0.03777,0.00516,-0.16531
10048.98,SYN.BTC-4OCT19,1569063540499,open,0.0,12.6,0.0005,0.0145,0.00429525,75.76,0.004,0.0,BTC-4OCT19-12500-C,9985.55,74.59,0.004,0.2,0.005,35.1,78.39,2.58319,-7.5996,0.23918,0.0001,0.07177
221.62,ETH-27DEC19,1569063540531,open,0.16,1792.0,0.109,0.189,0.151766,72.74,0.139,0.0,ETH-27DEC19-220-C,214.92,69.38,0.145,24.0,0.16,240.0,76.83,0.44584,-0.16738,0.25305,0.0047,0.58197
10294.46,BTC-27DEC19,1569063540545,open,0.0,484.5,0.0005,0.0115,0.00154956,85.64,0.001,0.0,BTC-27DEC19-4000-P,9985.55,74.01,0.0005,88.5,0.0025,29.0,92.06,1.29645,-0.57303,-0.28985,1e-05,-0.00906
217.82,SYN.ETH-25OCT19,1569063540547,open,0.14,494.0,0.096,0.162,0.131359,72.43,0.135,0.0,ETH-25OCT19-200-C,214.92,73.03,0.132,96.0,0.138,240.0,78.58,0.23396,-0.25012,0.11302,0.00734,0.69045
10048.98,SYN.BTC-4OCT19,1569063540557,open,0.12,0.0,0.092,0.139,0.11498814,63.01,None,0.0,BTC-4OCT19-9000-C,9985.55,49.6,0.1095,6.0,0.1205,6.0,74.26,4.60928,-11.27855,2.56685,0.00021,0.83909
10444.97,BTC-27MAR20,1569063540565,open,2.05,0.0,2.007,2.155,2.07681189,84.67,None,0.0,BTC-27MAR20-32000-P,9985.55,0.0,0.001,1.0,0.0,0.0,0.0,9.14274,-2.06024,-162.09321,2e-05,-0.93814
10294.46,BTC-27DEC19,1569063540598,open,0.0,621.5,0.0005,0.0105,0.00097778,90.79,0.001,0.0,BTC-27DEC19-36000-C,9985.55,84.99,0.0005,104.4,0.0015,1.0,95.05,1.07068,-0.50168,0.17237,0.0,0.00729
221.62,ETH-27DEC19,1569063540609,open,0.32,156.0,0.278,0.341,0.31152,72.72,0.3,0.0,ETH-27DEC19-160-C,214.92,0.0,0.278,300.0,0.394,1.0,132.86,0.26055,-0.09778,0.31955,0.00275,0.85474
217.82,SYN.ETH-25OCT19,1569063540611,open,0.05,1050.0,0.024,0.077,0.049607,72.48,0.0495,0.0,ETH-25OCT19-200-P,214.92,66.29,0.043,128.0,0.051,243.0,73.78,0.23398,-0.25033,-0.07262,0.00733,-0.30962
216.55,SYN.ETH-4OCT19,1569063540645,open,0.05,0.0,0.019,0.073,0.046127,71.17,None,0.0,ETH-4OCT19-220-C,214.92,64.32,0.041,120.0,0.056,120.0,84.36,0.16205,-0.44787,0.03311,0.01376,0.47953
10110.38,SYN.BTC-25OCT19,1569063540645,open,0.48,0.0,0.456,0.524,0.48830098,74.79,None,0.0,BTC-25OCT19-15000-P,9985.55,0.0,0.0,0.0,0.0,0.0,0.0,3.32172,-3.66676,-13.46914,5e-05,-0.94711
10444.97,BTC-27MAR20,1569063540656,open,0.03,114.9,0.014,0.0525,0.03121274,74.9,0.033,0.0,BTC-27MAR20-6000-P,9985.55,72.24,0.028,19.0,0.034,6.0,77.14,12.83732,-2.55904,-6.8799,3e-05,-0.09675
10110.38,SYN.BTC-25OCT19,1569063540675,open,0.05,294.1,0.0235,0.071,0.04677134,65.95,0.0465,0.0,BTC-25OCT19-11000-C,9985.55,63.98,0.0445,21.0,0.05,23.0,68.74,11.67729,-11.36744,3.07771,0.00019,0.37477
10110.38,SYN.BTC-25OCT19,1569063540680,open,0.0,474.6,0.0005,0.0115,0.00155205,84.47,0.001,0.0,BTC-25OCT19-6000-P,9985.55,72.23,0.0005,94.0,0.0025,55.0,91.29,1.20154,-1.49804,-0.16026,1e-05,-0.01553
221.61,ETH-27DEC19,1569063540689,open,0.1,1259.0,0.058,0.134,0.097272,76.8,0.11,0.0,ETH-27DEC19-260-C,214.92,73.67,0.091,240.0,0.103,240.0,79.64,0.44591,-0.17674,0.18888,0.00445,0.4184
217.82,SYN.ETH-25OCT19,1569063540689,open,0.09,864.0,0.05,0.114,0.083388,72.44,0.083,0.0,ETH-25OCT19-220-C,214.92,72.95,0.084,2.0,0.092,240.0,79.55,0.26417,-0.28246,0.08948,0.00828,0.52599
10444.97,BTC-27MAR20,1569063540705,open,0.07,113.4,0.0315,0.105,0.06582415,79.29,0.068,0.0,BTC-27MAR20-18000-C,9985.55,77.15,0.061,17.0,0.07,6.0,81.1,23.8475,-5.03204,9.93841,5e-05,0.25068
10028.48,BTC-27SEP19,1569063540742,open,0.01,169.1,0.0005,0.0205,0.00606832,62.34,0.006,0.0,BTC-27SEP19-9250-P,9985.55,60.33,0.0055,71.5,0.006,0.4,62.1,2.89049,-15.33274,-0.24273,0.00029,-0.14429
221.61,ETH-27DEC19,1569063540772,open,0.26,391.0,0.215,0.323,0.270557,76.82,0.268,0.0,ETH-27DEC19-260-P,214.92,73.55,0.264,240.0,0.277,240.0,80.02,0.44593,-0.17681,-0.50118,0.00445,-0.58152
217.82,SYN.ETH-25OCT19,1569063540774,open,0.09,243.0,0.058,0.129,0.093461,72.49,0.106,0.0,ETH-25OCT19-220-P,214.92,66.34,0.086,3.0,0.095,245.0,73.76,0.26417,-0.28265,-0.11471,0.00828,-0.47396
10444.97,BTC-27MAR20,1569063540785,open,0.03,63.2,0.01,0.0585,0.02992416,81.46,0.034,0.0,BTC-27MAR20-24000-C,9985.55,79.13,0.0265,19.0,0.0335,25.0,83.77,15.76685,-3.4183,5.32593,3e-05,0.12899
10444.97,BTC-27MAR20,1569063540788,open,0.02,70.3,0.004,0.038,0.01660321,84.66,0.0195,0.0,BTC-27MAR20-30000-C,9985.55,83.05,0.015,0.3,0.0185,11.0,86.46,10.70261,-2.41144,3.18698,2e-05,0.07588
10048.98,SYN.BTC-4OCT19,1569063540801,open,0.29,0.0,0.269,0.327,0.29649252,79.03,None,0.0,BTC-4OCT19-13000-P,9985.55,0.0,0.0,0.0,0.0,0.0,0.0,1.89677,-5.82075,-4.42431,7e-05,-0.9516
217.82,SYN.ETH-25OCT19,1569063540843,open,0.02,2439.0,0.006,0.04,0.020907,79.11,0.023,0.0,ETH-25OCT19-280-C,214.92,76.67,0.019,128.0,0.023,220.0,81.7,0.17315,-0.20219,0.03184,0.00497,0.17841
221.61,ETH-27DEC19,1569063540846,open,0.06,714.0,0.031,0.095,0.062817,79.46,0.08,0.0,ETH-27DEC19-300-C,214.92,76.73,0.058,240.0,0.068,240.0,82.34,0.3947,-0.16187,0.13731,0.00381,0.29627
224.87,ETH-27MAR20,1569063540864,open,0.03,1741.0,0.012,0.046,0.027484,79.24,0.026,0.0,ETH-27MAR20-120-P,214.92,76.91,0.025,240.0,0.03,280.0,81.5,0.2453,-0.05173,-0.12722,0.00119,-0.08242
10110.38,SYN.BTC-25OCT19,1569063540880,open,0.67,0.0,0.649,0.7205,0.68304695,78.36,None,0.0,BTC-25OCT19-17000-P,9985.55,0.0,0.0,0.0,0.0,0.0,0.0,1.47976,-1.71139,-15.60684,2e-05,-0.98018
10294.46,BTC-27DEC19,1569063540916,open,0.0,484.5,0.0005,0.0115,0.00154955,85.64,0.001,0.0,BTC-27DEC19-4000-P,9985.55,74.01,0.0005,96.5,0.0025,29.0,92.06,1.29645,-0.57303,-0.28985,1e-05,-0.00906
216.55,SYN.ETH-4OCT19,1569063540930,open,0.04,51.0,0.01,0.057,0.032287,75.34,0.036,0.0,ETH-4OCT19-230-C,214.92,66.29,0.026,160.0,0.039,160.0,84.79,0.15235,-0.44571,0.02513,0.01222,0.36128
224.87,ETH-27MAR20,1569063540974,open,1.5,0.0,1.434,1.626,1.527255,91.21,None,0.0,ETH-27MAR20-560-P,214.92,0.0,0.01,10.0,0.0,0.0,0.0,0.36424,-0.08842,-2.75973,0.00153,-0.85703
10048.95,SYN.BTC-4OCT19,1569063540974,open,0.02,25.7,0.004,0.035,0.01635137,63.89,0.0215,0.0,BTC-4OCT19-11000-C,9985.55,59.83,0.014,0.1,0.0195,29.0,69.13,5.92006,-14.68869,0.80694,0.00026,0.24399
10048.95,SYN.BTC-4OCT19,1569063540974,open,0.24,0.0,0.2205,0.2785,0.24819731,75.73,None,0.0,BTC-4OCT19-12500-P,9985.55,0.0,0.0,0.0,0.0,0.0,0.0,2.58055,-7.58861,-4.17061,0.0001,-0.92833
10110.38,SYN.BTC-25OCT19,1569063540980,open,0.32,2.0,0.295,0.33,0.312003,75.21,0.3455,0.0,BTC-25OCT19-7000-C,9985.55,50.49,0.308,8.0,0.3275,8.0,111.44,2.80304,-3.11142,6.05432,4e-05,0.95722
10110.38,SYN.BTC-25OCT19,1569063540982,open,0.13,24.3,0.1015,0.1675,0.13477135,65.96,0.1255,0.0,BTC-25OCT19-11000-P,9985.55,61.81,0.13,9.0,0.136,8.0,67.02,11.67753,-11.36901,-7.13126,0.00019,-0.62521
10048.95,SYN.BTC-4OCT19,1569063541005,open,0.01,19.0,0.001,0.0265,0.01060986,63.03,0.011,0.0,BTC-4OCT19-9000-P,9985.55,58.27,0.0085,31.5,0.0125,5.0,67.04,4.61052,-11.2848,-0.60825,0.00021,-0.16098
221.61,ETH-27DEC19,1569063541014,open,0.05,1096.0,0.018,0.072,0.043464,83.04,0.047,0.0,ETH-27DEC19-340-C,214.92,80.71,0.04,70.0,0.047,32.0,85.35,0.33426,-0.14325,0.10133,0.00309,0.21574
216.55,SYN.ETH-4OCT19,1569063541033,open,0.09,0.0,0.058,0.131,0.094439,75.41,None,0.0,ETH-4OCT19-230-P,214.92,55.71,0.081,120.0,0.096,120.0,77.63,0.15238,-0.44623,-0.05599,0.01221,-0.63853
10028.48,BTC-27SEP19,1569063541063,open,0.05,33.1,0.024,0.071,0.04505378,58.29,0.041,0.0,BTC-27SEP19-9750-C,9985.55,49.43,0.041,12.6,0.0475,33.1,63.53,4.65186,-23.07321,0.99589,0.00049,0.66195
10444.94,BTC-27MAR20,1569063541063,open,0.01,21.6,0.0015,0.029,0.01135342,85.85,0.0155,0.0,BTC-27MAR20-34000-C,9985.55,83.37,0.0095,19.0,0.0135,25.0,88.45,8.20398,-1.87448,2.28745,2e-05,0.0539
10028.48,BTC-27SEP19,1569063541087,open,0.0,467.9,0.0005,0.0125,0.00258909,70.35,0.003,0.0,BTC-27SEP19-11500-C,9985.55,66.58,0.002,27.6,0.0035,35.5,75.39,1.67431,-10.02296,0.10591,0.00015,0.06819
10294.74,BTC-27DEC19,1569063541113,open,0.09,467.7,0.0545,0.126,0.09065293,72.46,0.0995,0.0,BTC-27DEC19-12000-C,9985.55,71.39,0.0885,0.1,0.093,25.0,73.63,20.63473,-7.71733,8.76423,0.0001,0.41141
10028.48,BTC-27SEP19,1569063541113,open,0.0,438.2,0.0005,0.0105,0.0,115.0,0.0005,0.0,BTC-27SEP19-28000-C,9985.55,0.0,0.0,0.0,0.0015,35.0,327.64,0.0,0.0,0.0,0.0,0.0
10294.74,BTC-27DEC19,1569063541113,open,0.0,708.6,0.0005,0.0115,0.00171131,84.76,0.0015,0.0,BTC-27DEC19-30000-C,9985.55,79.76,0.001,45.0,0.0025,29.0,88.79,1.75618,-0.76825,0.304,1e-05,0.01284
10294.74,BTC-27DEC19,1569063541113,open,0.25,88.4,0.209,0.302,0.25632845,72.48,0.2435,0.0,BTC-27DEC19-12000-P,9985.55,64.51,0.2405,16.0,0.2595,8.0,74.06,20.63533,-7.71923,-23.08479,0.0001,-0.58854
10294.74,BTC-27DEC19,1569063541113,open,0.35,51.4,0.3185,0.3685,0.34356092,72.18,0.355,0.0,BTC-27DEC19-7000-C,9985.55,65.62,0.3375,12.0,0.3535,12.2,81.79,10.01304,-3.73014,14.91373,5e-05,0.88938
10028.48,BTC-27SEP19,1569063541113,open,0.0,1272.8,0.0005,0.0115,0.00163369,79.29,0.0015,0.0,BTC-27SEP19-12000-C,9985.55,78.07,0.0015,2.0,0.002,1.0,82.36,1.12934,-7.62009,0.06433,9e-05,0.04148
10294.74,BTC-27DEC19,1569063541113,open,0.02,391.6,0.0055,0.032,0.01650896,73.91,0.016,0.0,BTC-27DEC19-6500-P,9985.55,71.25,0.0145,56.0,0.018,8.0,75.81,7.96344,-3.03789,-2.66589,4e-05,-0.08106
10028.48,BTC-27SEP19,1569063541113,open,0.46,221.9,0.4405,0.462,0.45156842,134.06,0.446,0.0,BTC-27SEP19-5500-C,9985.55,0.0,0.4465,13.0,0.46,13.0,314.54,0.00733,-0.08363,0.88513,0.0,0.99985
10028.48,BTC-27SEP19,1569063541116,open,0.0,761.0,0.0005,0.0105,0.0,115.0,0.0005,0.0,BTC-27SEP19-32000-C,9985.55,0.0,0.0,0.0,0.008,1.0,452.8,0.0,0.0,0.0,0.0,0.0
10028.48,BTC-27SEP19,1569063541116,open,0.0,1107.7,0.0005,0.0105,0.0,115.0,0.001,0.0,BTC-27SEP19-4250-P,9985.55,0.0,0.0,0.0,0.0015,30.0,316.57,0.0,0.0,0.0,0.0,0.0
10028.48,BTC-27SEP19,1569063541116,open,0.0,300.4,0.0005,0.0105,0.0,115.0,0.0005,0.0,BTC-27SEP19-24000-C,9985.55,0.0,0.0,0.0,0.0015,37.0,286.35,0.0,0.0,0.0,0.0,0.0
10028.48,BTC-27SEP19,1569063541126,open,0.63,0.0,0.6165,0.636,0.62606907,209.3,None,0.0,BTC-27SEP19-3750-C,9985.55,0.0,0.6185,16.0,0.6335,16.0,471.92,0.00322,-0.05742,0.60356,0.0,0.99994
10028.48,BTC-27SEP19,1569063541126,open,2.16,0.0,2.1285,2.2555,2.19087728,0.0,None,0.0,BTC-27SEP19-32000-P,9985.55,0.0,0.0005,0.1,0.0,0.0,0.0,0.0,0.0,-5.15129,0.0,-1.0
10028.48,BTC-27SEP19,1569063541131,open,0.0,1660.1,0.0005,0.0105,0.0,115.0,0.0005,0.0,BTC-27SEP19-1500-P,9985.55,0.0,0.0,0.0,0.0005,97.1,500.0,0.0,0.0,0.0,0.0,0.0
10444.94,BTC-27MAR20,1569063541133,open,0.33,17.0,0.2845,0.362,0.32467535,74.31,0.371,0.0,BTC-27MAR20-8000-C,9985.55,61.06,0.297,7.0,0.3585,7.0,89.95,22.2808,-4.40607,24.39338,5e-05,0.7784
10294.74,BTC-27DEC19,1569063541136,open,1.89,0.2,1.8575,1.9795,1.9159001,85.22,2.03,0.0,BTC-27DEC19-30000-P,9985.55,0.0,0.001,1.0,0.0,0.0,0.0,1.81301,-0.79739,-79.30886,1e-05,-0.98668
216.55,SYN.ETH-4OCT19,1569063541138,open,0.02,65.0,0.005,0.041,0.020316,75.34,0.021,0.0,ETH-4OCT19-240-C,214.92,66.22,0.015,160.0,0.022,2.0,78.1,0.13087,-0.38288,0.018,0.0105,0.25599
10028.48,BTC-27SEP19,1569063541146,open,0.0,422.0,0.0005,0.0105,0.0,115.0,0.0005,0.0,BTC-27SEP19-3500-P,9985.55,0.0,0.0,0.0,0.0005,31.0,332.69,0.0,0.0,0.0,0.0,0.0
10028.48,BTC-27SEP19,1569063541148,open,0.78,1.0,0.76,0.8315,0.79486981,0.0,0.7615,0.0,BTC-27SEP19-18000-P,9985.55,0.0,0.006,0.1,0.0,0.0,0.0,0.0,0.0,-2.8976,0.0,-1.0
10028.48,BTC-27SEP19,1569063541151,open,0.53,13.5,0.5165,0.536,0.52635416,162.91,0.382,0.0,BTC-27SEP19-4750-C,9985.55,0.0,0.519,14.0,0.534,14.0,371.56,0.00504,-0.06987,0.76448,0.0,0.9999
10028.48,BTC-27SEP19,1569063541151,open,0.0,484.6,0.0005,0.0105,0.0,115.0,0.0005,0.0,BTC-27SEP19-4000-P,9985.55,0.0,0.0,0.0,0.0005,32.0,292.66,0.0,0.0,0.0,0.0,0.0
10028.48,BTC-27SEP19,1569063541153,open,0.6,227.5,0.5915,0.611,0.60114034,196.75,0.606,0.0,BTC-27SEP19-4000-C,9985.55,0.0,0.5935,16.0,0.6085,16.0,442.94,0.00362,-0.06063,0.64379,0.0,0.99993
10294.74,BTC-27DEC19,1569063541176,open,0.04,514.3,0.016,0.0665,0.03883104,74.0,0.043,0.0,BTC-27DEC19-15000-C,9985.55,72.43,0.0365,28.0,0.041,19.3,75.44,15.40519,-5.88412,4.75404,7e-05,0.21282
10028.48,BTC-27SEP19,1569063541176,open,0.01,1280.6,0.0005,0.0185,0.0054023,64.01,0.005,0.0,BTC-27SEP19-11000-C,9985.55,60.63,0.0045,3.3,0.0065,30.5,67.83,2.77818,-15.13276,0.21102,0.00027,0.13611
10294.74,BTC-27DEC19,1569063541176,open,0.03,279.4,0.011,0.056,0.03062329,75.42,0.0335,0.0,BTC-27DEC19-16000-C,9985.55,74.94,0.03,0.2,0.0315,19.3,76.08,13.59427,-5.29159,3.90243,6e-05,0.17345
10294.74,BTC-27DEC19,1569063541176,open,0.32,111.9,0.283,0.3785,0.33086,72.89,0.358,0.0,BTC-27DEC19-13000-P,9985.55,61.07,0.3095,8.0,1.022,3.3,481.53,19.26021,-7.24544,-27.2845,9e-05,-0.66771
10294.74,BTC-27DEC19,1569063541176,open,0.0,326.0,0.0005,0.011,0.00122155,85.61,0.002,0.0,BTC-27DEC19-32000-C,9985.55,78.12,0.0005,61.5,0.002,1.0,90.6,1.33496,-0.58987,0.22255,1e-05,0.00937
10028.48,BTC-27SEP19,1569063541176,open,0.0,1492.1,0.0005,0.011,0.00103635,91.84,0.0005,0.0,BTC-27SEP19-8000-P,9985.55,82.21,0.0005,148.6,0.0015,32.0,97.83,0.69012,-5.39332,-0.0386,5e-05,-0.02287
10444.94,BTC-27MAR20,1569063541335,open,1.12,0.0,1.082,1.2135,1.14483594,80.88,None,0.0,BTC-27MAR20-22000-P,9985.59,0.0,0.0,0.0,0.0,0.0,0.0,18.24824,-3.92792,-106.69977,4e-05,-0.8398
10444.94,BTC-27MAR20,1569063541335,open,0.46,8.3,0.431,0.4825,0.45677485,74.91,0.464,0.0,BTC-27MAR20-6000-C,9985.59,65.97,0.4465,7.1,0.4805,7.0,92.49,12.83773,-2.55919,24.00339,3e-05,0.90324
10444.94,BTC-27MAR20,1569063541335,open,1.67,0.0,1.6345,1.774,1.70029016,83.33,None,0.0,BTC-27MAR20-28000-P,9985.59,0.0,0.0,0.0,0.0,0.0,0.0,12.01009,-2.66339,-140.42183,3e-05,-0.91158
10444.94,BTC-27MAR20,1569063541335,open,1.49,0.0,1.449,1.5835,1.51246036,81.79,None,0.0,BTC-27MAR20-26000-P,9985.59,0.0,0.0,0.0,2.225,0.7,379.45,13.5047,-2.93969,-129.50168,3e-05,-0.89629
10444.94,BTC-27MAR20,1569063541336,open,0.61,0.1,0.5585,0.686,0.62200462,79.25,0.62,0.0,BTC-27MAR20-16000-P,9985.59,0.0,0.0005,5.0,0.0,0.0,0.0,26.82188,-5.65689,-69.9633,6e-05,-0.67932
10028.48,BTC-27SEP19,1569063541336,open,0.07,16.8,0.0405,0.088,0.06313519,60.14,0.074,0.0,BTC-27SEP19-9500-C,9985.59,51.6,0.06,0.6,0.065,6.6,64.92,3.83839,-19.64375,1.14544,0.00039,0.77266
10444.94,BTC-27MAR20,1569063541336,open,0.01,33.2,0.003,0.032,0.01316804,84.71,0.016,0.0,BTC-27MAR20-32000-C,9985.59,82.1,0.011,19.0,0.0155,11.0,87.24,9.15564,-2.06403,2.62404,2e-05,0.06198
10294.74,BTC-27DEC19,1569063541336,open,0.57,23.1,0.5385,0.6345,0.58485732,75.45,0.5235,0.0,BTC-27DEC19-16000-P,9985.59,0.0,0.4,0.2,1.3105,0.2,500.0,13.60148,-5.29664,-38.56083,6e-05,-0.82641
10444.94,BTC-27MAR20,1569063541336,open,0.17,155.6,0.114,0.209,0.16316837,75.83,0.173,0.0,BTC-27MAR20-12000-C,9985.59,74.02,0.158,15.0,0.1725,15.0,79.09,29.89116,-6.03225,18.47167,7e-05,0.50674
10048.95,SYN.BTC-4OCT19,1569063541336,open,0.03,10.1,0.011,0.052,0.02747735,60.76,0.0335,0.0,BTC-4OCT19-10500-C,9985.59,56.54,0.0245,5.0,0.0305,5.0,65.0,7.13595,-16.83691,1.21977,0.00033,0.37157
10028.48,BTC-27SEP19,1569063541337,open,0.02,249.0,0.0025,0.0335,0.01222768,58.06,0.011,0.0,BTC-27SEP19-10500-C,9985.59,53.95,0.0105,19.4,0.014,1.9,62.17,4.27312,-21.11347,0.43011,0.00045,0.27865
10294.78,BTC-27DEC19,1569063541337,open,0.31,91.7,0.277,0.333,0.30544072,71.79,0.327,0.0,BTC-27DEC19-7500-C,9985.59,49.36,0.2825,12.0,0.3155,12.0,79.91,12.30331,-4.55859,14.91045,6e-05,0.85114
10294.78,BTC-27DEC19,1569063541339,open,3.24,0.0,3.1905,3.37,3.27655187,113.95,3.46,0.0,BTC-27DEC19-44000-P,9985.59,0.0,0.001,1.0,0.0,0.0,0.0,1.96262,-1.1543,-116.45211,1e-05,-0.9854
10294.78,BTC-27DEC19,1569063541340,open,1.32,0.0,1.2865,1.39,1.33558153,79.34,None,0.0,BTC-27DEC19-24000-P,9985.59,0.0,0.006,1.0,2.0395,0.2,500.0,3.70749,-1.5182,-62.96979,2e-05,-0.96901
10110.38,SYN.BTC-25OCT19,1569063541336,open,0.01,290.3,0.0005,0.0195,0.00778971,71.95,0.009,0.0,BTC-25OCT19-14000-C,9985.59,69.09,0.0065,51.0,0.009,31.0,74.42,4.77255,-5.06851,0.71998,7e-05,0.08452
10110.38,SYN.BTC-25OCT19,1569063541336,open,0.01,383.5,0.0005,0.0145,0.00464308,74.69,0.005,0.0,BTC-25OCT19-15000-C,9985.59,70.91,0.0035,24.0,0.0055,31.0,77.18,3.30819,-3.64684,0.45015,5e-05,0.05262
10048.95,SYN.BTC-4OCT19,1569063541336,open,0.0,16.4,0.0005,0.0155,0.00530904,68.31,0.005,0.0,BTC-4OCT19-8500-P,9985.59,63.56,0.004,1.5,0.0065,5.0,72.18,2.94984,-7.82451,-0.3219,0.00012,-0.0855
10110.38,SYN.BTC-25OCT19,1569063541336,open,0.38,2.0,0.36,0.4275,0.39250591,71.95,0.372,0.0,BTC-25OCT19-14000-P,9985.59,63.37,0.389,2.0,0.397,2.0,80.42,4.7727,-5.06874,-12.2734,7e-05,-0.91548
10110.38,SYN.BTC-25OCT19,1569063541336,open,0.21,20.9,0.1785,0.247,0.21259147,67.91,0.1975,0.0,BTC-25OCT19-12000-P,9985.59,62.86,0.208,2.0,0.216,2.0,71.5,9.44974,-9.47211,-9.17969,0.00015,-0.76569
10294.78,BTC-27DEC19,1569063541386,open,0.0,621.5,0.0005,0.0105,0.00097778,90.79,0.001,0.0,BTC-27DEC19-36000-C,9985.59,84.99,0.0005,110.4,0.0015,1.0,95.05,1.0709,-0.50179,0.17241,0.0,0.00729
10294.78,BTC-27DEC19,1569063541399,open,1.13,4.9,1.097,1.196,1.14375745,78.38,1.0385,0.0,BTC-27DEC19-22000-P,9985.59,0.0,0.09,0.1,1.8555,0.3,500.0,5.16976,-2.09129,-57.30222,2e-05,-0.95341
10294.78,BTC-27DEC19,1569063541429,open,0.0,484.5,0.0005,0.0115,0.00154955,85.64,0.001,0.0,BTC-27DEC19-4000-P,9985.59,74.01,0.0005,88.5,0.0025,29.0,92.06,1.29637,-0.57301,-0.28983,1e-05,-0.00906
10294.78,BTC-27DEC19,1569063541808,open,0.0,484.5,0.0005,0.0115,0.00154955,85.64,0.001,0.0,BTC-27DEC19-4000-P,9985.59,74.01,0.0005,96.5,0.0025,29.0,92.06,1.29637,-0.57301,-0.28983,1e-05,-0.00906
216.55,SYN.ETH-4OCT19,1569063542000,open,0.01,11.0,0.001,0.023,0.008544,79.07,0.007,0.0,ETH-4OCT19-260-C,214.92,68.75,0.005,200.0,0.012,200.0,87.45,0.08309,-0.25513,0.00879,0.00635,0.12364
10294.78,BTC-27DEC19,1569063542040,open,0.0,621.5,0.0005,0.0105,0.00097798,90.79,0.001,0.0,BTC-27DEC19-36000-C,9985.59,84.99,0.0005,104.4,0.0015,1.0,95.05,1.0709,-0.50179,0.17241,0.0,0.00729
10294.78,BTC-27DEC19,1569063542177,open,0.0,484.5,0.0005,0.0115,0.00154921,85.64,0.001,0.0,BTC-27DEC19-4000-P,9985.59,74.01,0.0005,88.5,0.0025,29.0,92.06,1.29637,-0.57301,-0.28983,1e-05,-0.00906
224.86,ETH-27MAR20,1569063542279,open,0.08,1555.0,0.043,0.109,0.076155,77.6,0.072,0.0,ETH-27MAR20-160-P,214.92,73.33,0.068,240.0,0.081,272.0,80.1,0.43326,-0.08947,-0.30439,0.00215,-0.18683
216.13,ETH-27SEP19,1569063542350,open,0.13,182.0,0.095,0.151,0.123948,71.9,0.153,0.0,ETH-27SEP19-190-C,214.92,0.0,0.12,300.0,0.0,0.0,0.0,0.03779,-0.23119,0.02796,0.00699,0.9276
224.86,ETH-27MAR20,1569063542370,open,0.27,758.0,0.216,0.309,0.266899,77.61,0.273,0.0,ETH-27MAR20-200-C,214.92,71.75,0.252,24.0,0.273,240.0,80.01,0.57112,-0.11796,0.48683,0.00283,0.68751
10110.43,SYN.BTC-25OCT19,1569063542378,open,0.15,7.1,0.1145,0.168,0.14231592,65.43,0.1405,0.0,BTC-25OCT19-9000-C,9985.59,62.48,0.1395,2.0,0.147,9.0,70.24,9.72931,-9.39593,5.72849,0.00016,0.7528
224.86,ETH-27MAR20,1569063542472,open,0.15,2598.0,0.107,0.202,0.156301,77.59,0.142,0.0,ETH-27MAR20-200-P,214.92,72.75,0.144,32.0,0.164,240.0,80.63,0.57112,-0.11794,-0.54259,0.00283,-0.31249
216.55,SYN.ETH-4OCT19,1569063542444,open,0.29,0.0,0.256,0.339,0.296347,81.54,None,0.0,ETH-4OCT19-280-P,214.92,0.0,0.0,0.0,0.0,0.0,0.0,0.04501,-0.14252,-0.09485,0.00334,-0.94536
216.13,ETH-27SEP19,1569063542479,open,0.05,506.0,0.02,0.077,0.049407,66.81,0.068,0.0,ETH-27SEP19-210-C,214.92,57.35,0.045,120.0,0.055,120.0,78.59,0.10171,-0.57819,0.02085,0.02025,0.64871
216.55,SYN.ETH-4OCT19,1569063542516,open,0.0,0.0,0.001,0.013,0.003587,83.04,None,0.0,ETH-4OCT19-170-P,214.92,73.79,0.002,100.0,0.005,202.0,89.55,0.04299,-0.13864,-0.00421,0.00313,-0.05157
10294.78,BTC-27DEC19,1569063542552,open,0.0,484.5,0.0005,0.0115,0.00154921,85.64,0.001,0.0,BTC-27DEC19-4000-P,9985.59,74.01,0.0005,96.5,0.0025,29.0,92.06,1.29637,-0.57301,-0.28983,1e-05,-0.00906
216.13,ETH-27SEP19,1569063542587,open,0.02,313.0,0.004,0.045,0.021,66.71,0.014,0.0,ETH-27SEP19-210-P,214.92,55.97,0.016,212.0,0.02,1.0,64.58,0.10169,-0.57727,-0.01295,0.02027,-0.35113
224.86,ETH-27MAR20,1569063542621,open,0.26,169.0,0.201,0.318,0.261802,77.59,0.249,0.0,ETH-27MAR20-240-P,214.92,75.19,0.255,240.0,0.265,10.0,78.72,0.63528,-0.13118,-0.80757,0.00315,-0.43594
216.13,ETH-27SEP19,1569063542656,open,0.02,648.0,0.002,0.033,0.01371,71.54,0.018,0.0,ETH-27SEP19-230-C,214.92,64.81,0.011,1.0,0.017,160.0,79.34,0.08915,-0.54275,0.00861,0.01657,0.26114
224.86,ETH-27MAR20,1569063542707,open,0.15,268.0,0.096,0.192,0.147059,79.44,0.149,0.0,ETH-27MAR20-280-C,214.92,75.9,0.137,220.0,0.157,220.0,82.92,0.64039,-0.13539,0.36247,0.0031,0.46023
216.55,SYN.ETH-4OCT19,1569063542726,open,0.0,1.0,0.001,0.015,0.004643,71.21,0.004,0.0,ETH-4OCT19-180-P,214.92,51.99,0.001,200.0,0.008,202.0,82.43,0.05679,-0.15705,-0.00598,0.00482,-0.07366
10294.78,BTC-27DEC19,1569063542774,open,0.0,621.5,0.0005,0.0105,0.00097798,90.79,0.001,0.0,BTC-27DEC19-36000-C,9985.59,84.99,0.0005,110.4,0.0015,1.0,95.05,1.0709,-0.50179,0.17241,0.0,0.00729
224.86,ETH-27MAR20,1569063542790,open,0.39,124.0,0.323,0.457,0.392222,79.42,0.52,0.0,ETH-27MAR20-280-P,214.92,74.77,0.379,24.0,0.407,24.0,84.6,0.64038,-0.13535,-1.07877,0.0031,-0.53983
216.55,SYN.ETH-4OCT19,1569063542935,open,0.01,21.0,0.001,0.027,0.010856,71.18,0.011,0.0,ETH-4OCT19-190-P,214.92,58.84,0.006,200.0,0.013,2.0,75.98,0.09397,-0.25976,-0.01213,0.00798,-0.14796
10294.78,BTC-27DEC19,1569063542944,open,0.0,484.5,0.0005,0.0115,0.00154919,85.64,0.001,0.0,BTC-27DEC19-4000-P,9985.59,74.01,0.0005,88.5,0.0025,29.0,92.06,1.29637,-0.57301,-0.28983,1e-05,-0.00906
10110.43,SYN.BTC-25OCT19,1569063543019,open,0.09,94.6,0.0555,0.111,0.08361949,64.67,0.09,0.0,BTC-25OCT19-10000-C,9985.59,62.07,0.0805,24.4,0.088,12.0,68.31,12.14257,-11.58962,4.48225,0.0002,0.56129
224.86,ETH-27MAR20,1569063543048,open,0.09,202.0,0.047,0.13,0.089223,82.79,0.116,0.0,ETH-27MAR20-360-C,214.92,79.5,0.081,220.0,0.097,220.0,85.83,0.56927,-0.12542,0.25572,0.00264,0.31016
216.13,ETH-27SEP19,1569063543135,open,0.0,300.0,0.001,0.015,0.003899,80.98,0.005,0.0,ETH-27SEP19-250-C,214.92,76.17,0.003,1.0,0.005,250.0,86.18,0.04306,-0.2967,0.00286,0.00707,0.08603
224.86,ETH-27MAR20,1569063543208,open,0.08,798.0,0.034,0.11,0.071571,84.35,0.082,0.0,ETH-27MAR20-400-C,214.92,81.91,0.066,220.0,0.077,1.0,86.66,0.52128,-0.11701,0.21587,0.00237,0.25808
221.61,ETH-27DEC19,1569063543214,open,0.13,4211.0,0.08,0.159,0.121901,75.25,0.121,0.0,ETH-27DEC19-240-C,214.92,71.89,0.115,240.0,0.128,240.0,78.21,0.45544,-0.17687,0.21962,0.00464,0.49528
216.13,ETH-27SEP19,1569063543219,open,0.0,839.0,0.001,0.011,0.0,115.0,0.001,0.0,ETH-27SEP19-60-P,214.92,0.0,0.0,0.0,0.002,300.0,480.83,0.0,0.0,0.0,0.0,0.0
216.13,ETH-27SEP19,1569063543221,open,0.0,7900.0,0.001,0.011,0.00051,106.02,0.002,0.0,ETH-27SEP19-160-P,214.92,0.0,0.0,0.0,0.001,20.0,116.82,0.00772,-0.06966,-0.00039,0.00097,-0.01065
221.61,ETH-27DEC19,1569063543223,open,0.0,14131.0,0.001,0.015,0.005025,96.97,0.003,0.0,ETH-27DEC19-640-C,214.92,90.28,0.003,346.0,0.007,210.0,101.94,0.07879,-0.03943,0.01499,0.00062,0.03052
216.13,ETH-27SEP19,1569063543223,open,1.57,24.0,1.516,1.671,1.591033,115.0,1.356,0.0,ETH-27SEP19-560-P,214.92,0.0,0.0,0.0,0.0,0.0,0.0,0.0,0.0,-0.09015,0.0,-1.0
216.13,ETH-27SEP19,1569063543225,open,0.83,79.0,0.797,0.908,0.850739,115.0,0.351,0.0,ETH-27SEP19-400-P,214.92,0.0,0.0,0.0,0.0,0.0,0.0,2e-05,-0.0002,-0.06439,0.0,-0.99998
216.13,ETH-27SEP19,1569063543225,open,0.0,11094.0,0.001,0.011,1e-06,115.0,0.001,0.0,ETH-27SEP19-120-P,214.92,0.0,0.0,0.0,0.001,115.0,211.78,2e-05,-0.00014,0.0,0.0,-2e-05
216.13,ETH-27SEP19,1569063543241,open,0.18,1546.0,0.142,0.195,0.169234,87.21,0.18,0.0,ETH-27SEP19-180-C,214.92,0.0,0.167,39.0,0.6,6.0,500.0,0.02542,-0.18866,0.02738,0.00388,0.95622
216.13,ETH-27SEP19,1569063543249,open,0.0,3273.0,0.001,0.011,0.001505,105.13,0.002,0.0,ETH-27SEP19-280-C,214.92,98.6,0.001,100.0,0.002,200.0,110.31,0.01888,-0.16894,0.00101,0.00239,0.03044
216.13,ETH-27SEP19,1569063543251,open,0.47,606.0,0.438,0.527,0.480785,115.0,0.513,0.0,ETH-27SEP19-320-P,214.92,0.0,0.462,1.0,0.0,0.0,0.0,0.00357,-0.0349,-0.05137,0.00041,-0.99556
216.13,ETH-27SEP19,1569063543255,open,0.0,2907.0,0.001,0.011,0.0,115.0,0.001,0.0,ETH-27SEP19-440-C,214.92,0.0,0.0,0.0,0.001,194.0,229.82,0.0,0.0,0.0,0.0,0.0
221.61,ETH-27DEC19,1569063543257,open,1.69,0.0,1.63,1.806,1.714261,96.69,0.953,0.0,ETH-27DEC19-600-P,214.92,0.0,0.0,0.0,0.0,0.0,0.0,0.09844,-0.04912,-1.57294,0.00078,-0.95997
221.61,ETH-27DEC19,1569063543257,open,0.04,998.0,0.013,0.062,0.035752,84.01,0.041,0.0,ETH-27DEC19-360-C,214.92,82.72,0.034,20.0,0.038,220.0,85.64,0.30253,-0.13118,0.08651,0.00276,0.18284
216.13,ETH-27SEP19,1569063543257,open,1.38,12.0,1.336,1.48,1.405959,115.0,1.193,0.0,ETH-27SEP19-520-P,214.92,0.0,0.0,0.0,0.0,0.0,0.0,0.0,0.0,-0.08371,0.0,-1.0
216.13,ETH-27SEP19,1569063543261,open,0.45,116.0,0.428,0.46,0.444779,115.0,0.327,0.0,ETH-27SEP19-120-C,214.92,0.0,0.017,12.0,0.0,0.0,0.0,2e-05,-0.00023,0.01932,0.0,0.99998
216.13,ETH-27SEP19,1569063543261,open,0.74,259.0,0.708,0.812,0.758204,115.0,0.94,0.0,ETH-27SEP19-380-P,214.92,0.0,0.009,8.0,0.0,0.0,0.0,8e-05,-0.0008,-0.06117,1e-05,-0.99993
216.13,ETH-27SEP19,1569063543261,open,0.65,233.0,0.618,0.717,0.665675,115.0,0.634,0.0,ETH-27SEP19-360-P,214.92,0.0,0.5,44.0,0.0,0.0,0.0,0.00031,-0.00305,-0.05794,4e-05,-0.99969
221.61,ETH-27DEC19,1569063543261,open,0.99,0.0,0.934,1.076,1.002716,87.33,None,0.0,ETH-27DEC19-440-P,214.92,0.0,0.001,8.0,0.0,0.0,0.0,0.19577,-0.08823,-1.12098,0.00172,-0.90312
216.13,ETH-27SEP19,1569063543261,open,0.63,0.0,0.619,0.64,0.629852,115.0,None,0.0,ETH-27SEP19-80-C,214.92,0.0,0.004,5.0,0.0,0.0,0.0,0.0,0.0,0.01288,0.0,1.0
216.13,ETH-27SEP19,1569063543261,open,0.0,7916.0,0.001,0.011,0.0,115.0,0.001,0.0,ETH-27SEP19-760-C,214.92,0.0,0.0,0.0,0.002,100.0,400.24,0.0,0.0,0.0,0.0,0.0
217.82,SYN.ETH-25OCT19,1569063543261,open,0.28,162.0,0.247,0.299,0.274059,76.54,0.167,0.0,ETH-25OCT19-160-C,214.92,0.0,0.0,0.0,0.0,0.0,0.0,0.09393,-0.10612,0.13159,0.00279,0.925
216.13,ETH-27SEP19,1569063543265,open,0.0,3439.0,0.001,0.011,0.0,115.0,0.001,0.0,ETH-27SEP19-680-C,214.92,0.0,0.0,0.0,0.0,0.0,0.0,0.0,0.0,0.0,0.0,0.0
221.61,ETH-27DEC19,1569063543267,open,0.47,2.0,0.444,0.484,0.464333,72.82,0.346,0.0,ETH-27DEC19-120-C,214.92,0.0,0.101,1.0,0.0,0.0,0.0,0.08649,-0.0325,0.29497,0.00091,0.96583
221.61,ETH-27DEC19,1569063543279,open,0.01,9598.0,0.001,0.015,0.0058,72.75,0.007,0.0,ETH-27DEC19-120-P,214.92,64.23,0.003,270.0,0.007,260.0,75.68,0.08629,-0.0324,-0.02345,0.00091,-0.03407
221.61,ETH-27DEC19,1569063543279,open,0.2,3483.0,0.153,0.253,0.204836,75.22,0.191,0.0,ETH-27DEC19-240-P,214.92,72.38,0.199,240.0,0.211,240.0,78.22,0.45544,-0.17682,-0.41738,0.00465,-0.50477
216.13,ETH-27SEP19,1569063543279,open,0.0,5974.0,0.001,0.011,0.0,115.0,0.001,0.0,ETH-27SEP19-100-P,214.92,0.0,0.0,0.0,0.002,15.0,299.37,0.0,0.0,0.0,0.0,0.0
216.13,ETH-27SEP19,1569063543283,open,1.75,27.0,1.696,1.862,1.776107,115.0,1.044,0.0,ETH-27SEP19-600-P,214.92,0.0,0.0,0.0,0.0,0.0,0.0,0.0,0.0,-0.09659,0.0,-1.0
221.61,ETH-27DEC19,1569063543283,open,0.03,7287.0,0.015,0.055,0.033476,72.75,0.034,0.0,ETH-27DEC19-160-P,214.92,67.98,0.028,261.0,0.034,260.0,73.19,0.26066,-0.09787,-0.10519,0.00275,-0.14536
216.13,ETH-27SEP19,1569063543283,open,0.54,20.0,0.523,0.55,0.537316,115.0,0.441,0.0,ETH-27SEP19-100-C,214.92,0.0,0.011,15.0,0.0,0.0,0.0,0.0,0.0,0.0161,0.0,1.0
221.61,ETH-27DEC19,1569063543285,open,0.05,1206.0,0.023,0.082,0.051505,81.0,0.058,0.0,ETH-27DEC19-320-C,214.92,78.22,0.047,220.0,0.056,220.0,83.71,0.36346,-0.15195,0.11726,0.00344,0.25086
216.13,ETH-27SEP19,1569063543287,open,0.0,3419.0,0.001,0.011,0.0,115.0,0.001,0.0,ETH-27SEP19-640-C,214.92,0.0,0.0,0.0,0.001,237.0,327.94,0.0,0.0,0.0,0.0,0.0
216.13,ETH-27SEP19,1569063543289,open,0.0,2060.0,0.001,0.011,0.0,115.0,0.003,0.0,ETH-27SEP19-80-P,214.92,0.0,0.0,0.0,0.001,10.0,343.12,0.0,0.0,0.0,0.0,0.0
221.61,ETH-27DEC19,1569063543289,open,0.01,12354.0,0.001,0.019,0.006924,96.97,0.007,0.0,ETH-27DEC19-600-C,214.92,94.82,0.006,1.0,0.008,200.0,99.26,0.09953,-0.04981,0.01979,0.00079,0.04058
216.13,ETH-27SEP19,1569063543298,open,0.0,2951.0,0.001,0.011,1.1e-05,115.0,0.006,0.0,ETH-27SEP19-360-C,214.92,0.0,0.0,0.0,0.003,6.0,203.54,0.00031,-0.0024,1e-05,4e-05,0.00031
216.13,ETH-27SEP19,1569063543298,open,0.0,5725.0,0.001,0.011,1e-06,115.0,0.001,0.0,ETH-27SEP19-400-C,214.92,0.0,0.0,0.0,0.001,85.0,203.62,2e-05,-0.00011,0.0,0.0,2e-05
216.13,ETH-27SEP19,1569063543300,open,0.72,0.0,0.713,0.732,0.722389,125.0,0.01,0.0,ETH-27SEP19-60-C,214.92,0.0,0.003,10.0,0.0,0.0,0.0,0.0,0.0,0.00966,0.0,1.0
216.13,ETH-27SEP19,1569063543308,open,1.02,0.0,0.977,1.098,1.035812,115.0,None,0.0,ETH-27SEP19-440-P,214.92,0.0,0.0,0.0,0.0,0.0,0.0,0.0,-1e-05,-0.07083,0.0,-1.0
216.13,ETH-27SEP19,1569063543315,open,0.0,2698.0,0.001,0.011,0.0,115.0,0.001,0.0,ETH-27SEP19-720-C,214.92,0.0,0.0,0.0,0.001,259.0,357.48,0.0,0.0,0.0,0.0,0.0
216.13,ETH-27SEP19,1569063543315,open,0.0,1897.0,0.001,0.011,2e-06,115.0,0.001,0.0,ETH-27SEP19-380-C,214.92,0.0,0.0,0.0,0.18,200.0,500.0,8e-05,-0.00053,0.0,1e-05,7e-05
216.13,ETH-27SEP19,1569063543315,open,0.0,2663.0,0.001,0.011,4.8e-05,115.0,0.001,0.0,ETH-27SEP19-340-C,214.92,0.0,0.0,0.0,0.01,25.0,232.98,0.0011,-0.01035,4e-05,0.00013,0.00121
216.13,ETH-27SEP19,1569063543315,open,0.01,4071.0,0.001,0.022,0.007213,76.19,0.012,0.0,ETH-27SEP19-240-C,214.92,71.95,0.006,22.0,0.009,200.0,81.98,0.06401,-0.41502,0.00498,0.01117,0.15026
221.61,ETH-27DEC19,1569063543315,open,0.33,432.0,0.283,0.399,0.34233,78.65,0.66,0.0,ETH-27DEC19-280-P,214.92,66.13,0.319,240.0,1.0,1.0,460.97,0.42461,-0.17237,-0.58133,0.00414,-0.64601
216.13,ETH-27SEP19,1569063543317,open,1.2,0.0,1.157,1.289,1.220886,115.0,None,0.0,ETH-27SEP19-480-P,214.92,0.0,0.0,0.0,0.0,0.0,0.0,0.0,0.0,-0.07727,0.0,-1.0
216.13,ETH-27SEP19,1569063543317,open,0.2,1241.0,0.169,0.246,0.205778,90.1,0.19,0.0,ETH-27SEP19-260-P,214.92,0.0,0.007,15.0,0.0,0.0,0.0,0.03243,-0.24863,-0.03988,0.00479,-0.94055
221.61,ETH-27DEC19,1569063543317,open,0.01,6238.0,0.001,0.018,0.006932,91.77,0.007,0.0,ETH-27DEC19-560-C,214.92,87.19,0.005,230.0,0.009,200.0,95.87,0.10299,-0.04878,0.02082,0.00086,0.04232
216.13,ETH-27SEP19,1569063543317,open,0.0,11604.0,0.001,0.011,4.9e-05,115.0,0.002,0.0,ETH-27SEP19-140-P,214.92,0.0,0.0,0.0,0.001,25.0,161.33,0.00105,-0.01025,-4e-05,0.00012,-0.00115
216.13,ETH-27SEP19,1569063543320,open,0.56,294.0,0.528,0.622,0.573175,115.0,1.024,0.0,ETH-27SEP19-340-P,214.92,0.0,0.0,0.0,0.0,0.0,0.0,0.0011,-0.01079,-0.05469,0.00013,-0.99879
216.13,ETH-27SEP19,1569063543325,open,0.36,214.0,0.333,0.371,0.35229,115.0,0.227,0.0,ETH-27SEP19-140-C,214.92,0.0,0.007,20.0,0.0,0.0,0.0,0.00105,-0.01025,0.0225,0.00012,0.99885
221.61,ETH-27DEC19,1569063543325,open,2.41,0.0,2.33,2.544,2.432755,103.14,None,0.0,ETH-27DEC19-760-P,214.92,0.0,0.0,0.0,0.0,0.0,0.0,0.05529,-0.02943,-2.00732,0.00041,-0.98
224.86,ETH-27MAR20,1569063543329,open,0.83,0.0,0.77,0.931,0.850376,84.31,None,0.0,ETH-27MAR20-400-P,214.92,0.0,0.001,11.0,0.0,0.0,0.0,0.52111,-0.11693,-1.84314,0.00237,-0.74208
221.61,ETH-27DEC19,1569063543331,open,0.02,3481.0,0.005,0.03,0.015674,72.75,0.016,0.0,ETH-27DEC19-140-P,214.92,66.12,0.011,260.0,0.016,260.0,73.18,0.1679,-0.06304,-0.0556,0.00177,-0.07886
216.13,ETH-27SEP19,1569063543360,open,0.24,0.0,0.213,0.291,0.250652,91.87,None,0.0,ETH-27SEP19-270-P,214.92,0.0,0.0,0.0,0.0,0.0,0.0,0.01972,-0.15419,-0.0424,0.00286,-0.96792
10294.78,BTC-27DEC19,1569063543373,open,0.0,484.5,0.0005,0.0115,0.00154919,85.64,0.001,0.0,BTC-27DEC19-4000-P,9985.59,74.01,0.0005,96.5,0.0025,29.0,92.06,1.29637,-0.57301,-0.28983,1e-05,-0.00906
216.55,SYN.ETH-4OCT19,1569063543393,open,0.04,10.0,0.014,0.066,0.038753,71.2,0.039,0.0,ETH-4OCT19-210-P,214.92,57.52,0.029,160.0,0.037,1.0,68.75,0.15528,-0.42932,-0.03225,0.01318,-0.38339
221.61,ETH-27DEC19,1569063543397,open,0.25,526.0,0.209,0.282,0.248505,72.77,0.235,0.0,ETH-27DEC19-180-C,214.92,0.0,0.151,4.0,0.265,240.0,83.17,0.34583,-0.12989,0.30732,0.00365,0.771
10294.78,BTC-27DEC19,1569063543402,open,0.0,621.5,0.0005,0.0105,0.00097799,90.79,0.001,0.0,BTC-27DEC19-36000-C,9985.59,84.99,0.0005,104.4,0.0015,1.0,95.05,1.0709,-0.50179,0.17241,0.0,0.00729
224.86,ETH-27MAR20,1569063543410,open,0.06,403.0,0.026,0.096,0.059326,86.25,0.068,0.0,ETH-27MAR20-440-C,214.92,84.18,0.055,220.0,0.064,220.0,88.43,0.47648,-0.10937,0.18486,0.00212,0.21905
217.82,SYN.ETH-25OCT19,1569063543410,open,0.2,482.0,0.163,0.224,0.195162,72.59,0.2,0.0,ETH-25OCT19-180-C,214.92,68.32,0.192,240.0,0.211,240.0,91.96,0.16493,-0.17671,0.12928,0.00516,0.83468
221.61,ETH-27DEC19,1569063543464,open,0.06,5499.0,0.032,0.09,0.060706,72.75,0.058,0.0,ETH-27DEC19-180-P,214.92,67.1,0.052,32.0,0.063,272.0,74.21,0.3458,-0.12984,-0.17038,0.00365,-0.22896
224.86,ETH-27MAR20,1569063543483,open,1.0,0.0,0.932,1.101,1.016012,86.21,None,0.0,ETH-27MAR20-440-P,214.92,0.0,0.002,10.0,0.0,0.0,0.0,0.47624,-0.10927,-2.08006,0.00212,-0.78115
224.86,ETH-27MAR20,1569063543558,open,0.05,432.0,0.02,0.083,0.049204,87.62,0.052,0.0,ETH-27MAR20-480-C,214.92,84.85,0.044,200.0,0.054,200.0,90.07,0.43237,-0.10082,0.15857,0.0019,0.18621
224.86,ETH-27MAR20,1569063543641,open,1.16,0.0,1.097,1.273,1.183771,87.57,None,0.0,ETH-27MAR20-480-P,214.92,0.0,0.003,10.0,0.0,0.0,0.0,0.43204,-0.10069,-2.31228,0.0019,-0.81402
224.86,ETH-27MAR20,1569063543725,open,0.04,415.0,0.016,0.074,0.041899,89.22,0.049,0.0,ETH-27MAR20-520-C,214.92,86.35,0.037,200.0,0.046,200.0,91.51,0.39439,-0.09365,0.13805,0.0017,0.16117
10294.78,BTC-27DEC19,1569063543780,open,0.0,621.5,0.0005,0.0105,0.00097799,90.79,0.001,0.0,BTC-27DEC19-36000-C,9985.59,84.99,0.0005,110.4,0.0015,1.0,95.05,1.0709,-0.50179,0.17241,0.0,0.00729
10294.78,BTC-27DEC19,1569063543786,open,0.0,484.5,0.0005,0.0115,0.00154919,85.64,0.001,0.0,BTC-27DEC19-4000-P,9985.59,74.01,0.0005,88.5,0.0025,29.0,92.06,1.29637,-0.57301,-0.28983,1e-05,-0.00906
224.86,ETH-27MAR20,1569063543809,open,1.33,0.0,1.265,1.448,1.354346,89.16,None,0.0,ETH-27MAR20-520-P,214.92,0.0,0.005,10.0,0.0,0.0,0.0,0.39398,-0.09349,-2.53872,0.0017,-0.83909
216.55,SYN.ETH-4OCT19,1569063543815,open,0.06,0.0,0.031,0.094,0.062069,71.2,None,0.0,ETH-4OCT19-220-P,214.92,56.39,0.051,120.0,0.066,120.0,76.45,0.16205,-0.44803,-0.0445,0.01376,-0.52045
217.82,SYN.ETH-25OCT19,1569063543852,open,0.06,273.0,0.026,0.082,0.054177,75.93,0.057,0.0,ETH-25OCT19-240-C,214.92,73.18,0.051,128.0,0.058,220.0,79.21,0.2528,-0.2833,0.06601,0.00756,0.3807
10444.92,BTC-27MAR20,1569063543877,open,0.3,50.1,0.254,0.3675,0.31204899,75.83,0.3075,0.0,BTC-27MAR20-12000-P,9985.59,72.14,0.3015,11.0,0.318,3.6,77.91,29.89111,-6.03216,-43.29575,7e-05,-0.49326
224.86,ETH-27MAR20,1569063543894,open,0.04,364.0,0.013,0.067,0.036715,91.09,0.04,0.0,ETH-27MAR20-560-C,214.92,88.73,0.033,200.0,0.04,200.0,93.08,0.36325,-0.08806,0.12234,0.00153,0.14241
217.82,SYN.ETH-25OCT19,1569063543922,open,0.15,0.0,0.113,0.197,0.156008,75.91,None,0.0,ETH-25OCT19-240-P,214.92,63.65,0.142,96.0,0.154,96.0,74.18,0.25279,-0.28325,-0.15674,0.00756,-0.61934
221.61,ETH-27DEC19,1569063543934,open,0.41,0.0,0.356,0.476,0.416557,79.47,None,0.0,ETH-27DEC19-300-P,214.92,62.92,0.389,240.0,1.35,1.0,500.0,0.39472,-0.16189,-0.65892,0.00381,-0.70371
217.82,SYN.ETH-25OCT19,1569063543948,open,0.3,3.0,0.26,0.354,0.306386,79.1,0.645,0.0,ETH-25OCT19-280-P,214.92,0.0,0.001,5.0,0.0,0.0,0.0,0.17312,-0.20213,-0.22804,0.00497,-0.82164
217.82,SYN.ETH-25OCT19,1569063544001,open,0.03,662.0,0.013,0.057,0.033618,77.41,0.038,0.0,ETH-25OCT19-260-C,214.92,74.75,0.031,128.0,0.037,220.0,80.77,0.21669,-0.24758,0.04646,0.00636,0.26343
217.82,SYN.ETH-25OCT19,1569063544069,open,0.22,3.0,0.182,0.272,0.227268,77.39,0.534,0.0,ETH-25OCT19-260-P,214.92,0.0,0.0,0.0,0.0,0.0,0.0,0.21667,-0.24749,-0.19486,0.00636,-0.73663
224.86,ETH-27MAR20,1569063544072,open,0.03,4336.0,0.01,0.057,0.030109,91.18,0.027,0.0,ETH-27MAR20-600-C,214.92,88.22,0.026,200.0,0.034,200.0,93.81,0.32338,-0.07847,0.10445,0.00136,0.12035
221.61,ETH-27DEC19,1569063544082,open,0.57,0.0,0.514,0.642,0.577699,83.04,None,0.0,ETH-27DEC19-340-P,214.92,0.0,0.0,0.0,0.0,0.0,0.0,0.33428,-0.14327,-0.80107,0.00309,-0.78424
10295.0,BTC-27DEC19,1569063544121,open,1.51,0.0,1.4765,1.586,1.52861696,81.41,None,0.0,BTC-27DEC19-26000-P,9985.59,0.0,0.0045,10.0,2.2235,0.2,500.0,2.86773,-1.20492,-68.46987,1e-05,-0.97721
10295.0,BTC-27DEC19,1569063544138,open,3.62,0.0,3.5715,3.764,3.66412844,113.99,None,0.0,BTC-27DEC19-48000-P,9985.59,0.0,0.0005,1.0,0.0,0.0,0.0,1.40829,-0.82854,-127.17176,0.0,-0.99004
10294.78,BTC-27DEC19,1569063544145,open,0.0,484.5,0.0005,0.0115,0.00154918,85.64,0.001,0.0,BTC-27DEC19-4000-P,9985.59,74.01,0.0005,96.5,0.0025,29.0,92.06,1.29637,-0.57301,-0.28983,1e-05,-0.00906
10028.43,BTC-27SEP19,1569063544149,open,0.16,4.1,0.1355,0.1735,0.15398627,76.11,0.169,0.0,BTC-27SEP19-8500-C,9985.59,0.0,0.146,10.1,0.1615,9.0,116.94,1.07762,-6.97986,1.30255,9e-05,0.96084
221.61,ETH-27DEC19,1569063544159,open,0.03,491.0,0.01,0.054,0.029747,85.07,0.028,0.0,ETH-27DEC19-380-C,214.92,83.63,0.028,20.0,0.032,220.0,86.87,0.27313,-0.11992,0.07422,0.00246,0.15593
224.86,ETH-27MAR20,1569063544176,open,1.67,0.0,1.603,1.801,1.698317,91.1,None,0.0,ETH-27MAR20-600-P,214.92,0.0,0.02,10.0,0.0,0.0,0.0,0.32275,-0.07825,-2.98416,0.00136,-0.87998
10028.43,BTC-27SEP19,1569063544188,open,1.37,0.2,1.3465,1.442,1.39317467,0.0,1.6,0.0,BTC-27SEP19-24000-P,9985.59,0.0,0.0005,0.1,0.0,0.0,0.0,0.0,0.0,-3.86347,0.0,-1.0
10295.0,BTC-27DEC19,1569063544190,open,0.43,122.9,0.41,0.4475,0.42825349,75.55,0.4475,0.0,BTC-27DEC19-6000-C,9985.59,70.55,0.4255,13.0,0.4445,13.0,97.76,6.05678,-2.36181,14.06893,3e-05,0.94314
10028.43,BTC-27SEP19,1569063544190,open,1.97,0.0,1.933,2.0525,1.99146833,0.0,None,0.0,BTC-27SEP19-30000-P,9985.59,0.0,0.0005,0.1,0.0,0.0,0.0,0.0,0.0,-4.82934,0.0,-1.0
10295.0,BTC-27DEC19,1569063544190,open,0.03,250.4,0.015,0.0565,0.03398204,71.81,0.0315,0.0,BTC-27DEC19-7500-P,9985.59,70.13,0.032,45.0,0.0355,8.0,73.07,12.30491,-4.56028,-4.99673,6e-05,-0.14889
10028.43,BTC-27SEP19,1569063544190,open,0.31,725.9,0.288,0.3175,0.30226308,115.3,0.335,0.0,BTC-27SEP19-7000-C,9985.59,0.0,0.2955,12.1,0.309,11.0,197.15,0.20649,-2.02611,1.11721,1e-05,0.99431
10028.43,BTC-27SEP19,1569063544190,open,0.29,36.9,0.271,0.3265,0.29722772,97.47,0.278,0.0,BTC-27SEP19-13000-P,9985.59,0.0,0.277,6.0,0.3105,6.0,171.97,0.63796,-5.29159,-2.06054,4e-05,-0.97916
10295.0,BTC-27DEC19,1569063544190,open,0.01,356.1,0.0005,0.0185,0.00668695,78.25,0.006,0.0,BTC-27DEC19-22000-C,9985.59,75.73,0.0055,27.0,0.008,31.0,80.74,5.13995,-2.07574,1.08124,2e-05,0.04626
10028.43,BTC-27SEP19,1569063544190,open,0.0,548.1,0.0005,0.0105,0.00048551,110.71,0.001,0.0,BTC-27SEP19-14000-C,9985.59,0.0,0.0,0.0,0.001,30.0,121.8,0.35638,-3.3575,0.01631,2e-05,0.01059
10028.43,BTC-27SEP19,1569063544192,open,0.8,28.2,0.791,0.8105,0.80056798,313.7,0.755,0.0,BTC-27SEP19-2000-C,9985.59,0.0,0.793,22.0,0.8085,22.0,500.0,0.00061,-0.01622,0.32194,0.0,0.99999
10028.43,BTC-27SEP19,1569063544192,open,0.0,1262.1,0.0005,0.0105,0.00027236,115.0,0.0005,0.0,BTC-27SEP19-7000-P,9985.59,0.0,0.0,0.0,0.001,6.0,136.56,0.20319,-1.98842,-0.00947,1e-05,-0.00559
10295.0,BTC-27DEC19,1569063544195,open,0.0,704.3,0.0005,0.014,0.00406889,78.37,0.003,0.0,BTC-27DEC19-5000-P,9985.59,74.26,0.003,52.0,0.005,8.0,81.47,2.91784,-1.18028,-0.74682,1e-05,-0.02326
10444.9,BTC-27MAR20,1569063544203,open,0.77,0.0,0.726,0.8545,0.7891438,79.28,0.8095,0.0,BTC-27MAR20-18000-P,9985.59,0.0,0.0825,2.0,0.865,0.1,109.07,23.84626,-5.03155,-82.71333,5e-05,-0.74934
10295.0,BTC-27DEC19,1569063544203,open,2.47,1.3,2.4285,2.5725,2.49789585,91.49,2.2,0.0,BTC-27DEC19-36000-P,9985.59,0.0,0.0,0.0,0.0,0.0,0.0,1.13065,-0.53387,-95.36561,0.0,-0.99225
10295.0,BTC-27DEC19,1569063544207,open,0.52,65.4,0.5055,0.5325,0.51838586,78.34,0.5195,0.0,BTC-27DEC19-5000-C,9985.59,0.0,0.508,14.0,0.5295,14.0,104.38,2.91354,-1.17799,12.52522,1e-05,0.97678
10028.43,BTC-27SEP19,1569063544211,open,0.03,885.7,0.0125,0.0565,0.03034026,57.19,0.032,0.0,BTC-27SEP19-10000-C,9985.59,51.56,0.0275,0.6,0.0315,0.4,59.49,5.06164,-24.63362,0.80672,0.00055,0.53005
10295.0,BTC-27DEC19,1569063544211,open,0.0,213.2,0.0005,0.0105,0.00079114,114.99,0.0005,0.0,BTC-27DEC19-2500-P,9985.59,0.0,0.0,0.0,0.0085,1.0,167.98,0.57478,-0.34111,-0.12057,0.0,-0.00362
10028.43,BTC-27SEP19,1569063544216,open,0.68,0.5,0.666,0.6855,0.67592426,234.0,0.694,0.0,BTC-27SEP19-3250-C,9985.59,0.0,0.668,18.0,0.6835,18.0,500.0,0.00213,-0.04242,0.52311,0.0,0.99996
10028.43,BTC-27SEP19,1569063544222,open,1.77,0.0,1.7375,1.849,1.79203711,0.0,None,0.0,BTC-27SEP19-28000-P,9985.59,0.0,0.0005,0.1,0.0,0.0,0.0,0.0,0.0,-4.50738,0.0,-1.0
10028.43,BTC-27SEP19,1569063544234,open,0.0,657.8,0.0005,0.0105,2e-08,115.0,0.0005,0.0,BTC-27SEP19-5000-P,9985.59,0.0,0.0,0.0,0.0005,57.9,225.84,4e-05,-0.00018,0.0,0.0,0.0
10295.0,BTC-27DEC19,1569063544234,open,0.02,481.4,0.0055,0.039,0.01872929,77.11,0.0195,0.0,BTC-27DEC19-18000-C,9985.59,76.88,0.0185,1.0,0.0195,24.0,77.88,10.20368,-4.06104,2.59153,5e-05,0.11357
10028.43,BTC-27SEP19,1569063544239,open,0.11,451.9,0.0855,0.128,0.10674192,68.43,0.11,0.0,BTC-27SEP19-9000-C,9985.59,0.0,0.1015,15.0,0.109,6.0,77.75,2.2098,-12.86755,1.28289,0.0002,0.90142
10295.0,BTC-27DEC19,1569063544247,open,0.21,167.5,0.1705,0.2415,0.207636,70.88,0.218,0.0,BTC-27DEC19-9000-C,9985.59,67.4,0.2015,21.0,0.2115,21.0,73.06,18.18176,-6.65143,13.70187,9e-05,0.70909
10028.43,BTC-27SEP19,1569063544247,open,0.0,565.2,0.0005,0.0105,3.385e-05,115.0,0.0005,0.0,BTC-27SEP19-16000-C,9985.59,0.0,0.0,0.0,0.001,30.0,161.48,0.03801,-0.33943,0.00136,0.0,0.00088
10028.43,BTC-27SEP19,1569063544247,open,0.38,54.1,0.369,0.4275,0.39650407,110.36,0.405,0.0,BTC-27SEP19-14000-P,9985.59,0.0,0.3745,5.0,0.4115,5.0,208.93,0.34995,-3.28635,-2.23772,2e-05,-0.98963
221.61,ETH-27DEC19,1569063544247,open,0.73,0.0,0.679,0.812,0.744471,85.07,None,0.0,ETH-27DEC19-380-P,214.92,0.0,0.0,0.0,0.0,0.0,0.0,0.27313,-0.11992,-0.93435,0.00246,-0.84407
10295.0,BTC-27DEC19,1569063544247,open,0.0,248.0,0.0005,0.0105,0.00076552,88.25,0.001,0.0,BTC-27DEC19-3500-P,9985.59,83.87,0.0005,10.8,0.001,23.4,91.3,0.71972,-0.32782,-0.14814,0.0,-0.00466
10028.43,BTC-27SEP19,1569063544247,open,0.0,811.8,0.0005,0.0105,4e-08,115.0,0.0005,0.0,BTC-27SEP19-20000-C,9985.59,0.0,0.0,0.0,0.001,60.0,224.21,0.0001,-0.00045,0.0,0.0,0.0
10295.0,BTC-27DEC19,1569063544255,open,0.94,5.7,0.908,1.0045,0.95359852,77.42,0.661,0.0,BTC-27DEC19-20000-P,9985.59,0.0,0.14,0.3,1.466,1.0,360.49,7.23078,-2.88948,-51.42957,3e-05,-0.9286
10295.0,BTC-27DEC19,1569063544257,open,0.4,291.4,0.364,0.46,0.41157835,73.65,0.375,0.0,BTC-27DEC19-14000-P,9985.59,0.0,0.006,3.0,1.109,3.2,480.17,17.45499,-6.6354,-31.26112,8e-05,-0.7325
10295.0,BTC-27DEC19,1569063544257,open,0.48,73.3,0.457,0.489,0.4723619,76.15,0.491,0.0,BTC-27DEC19-5500-C,9985.59,0.0,0.4595,13.0,0.486,13.0,100.41,4.2316,-1.66314,13.42287,2e-05,0.96361
10295.0,BTC-27DEC19,1569063544257,open,0.62,31.1,0.6035,0.623,0.61300275,85.57,0.6265,0.0,BTC-27DEC19-4000-C,9985.59,0.0,0.6055,15.0,0.621,15.0,118.22,1.29163,-0.57047,10.32796,1e-05,0.99098
10295.0,BTC-27DEC19,1569063544257,open,1.7,0.1,1.667,1.783,1.72227111,84.13,1.49,0.0,BTC-27DEC19-28000-P,9985.59,0.0,0.001,1.0,0.0,0.0,0.0,2.3732,-1.03047,-73.88596,1e-05,-0.98177
10295.0,BTC-27DEC19,1569063544257,open,0.0,475.1,0.0005,0.0105,0.00097783,97.13,0.001,0.0,BTC-27DEC19-40000-C,9985.59,91.04,0.0005,12.5,0.0015,30.0,101.59,1.02114,-0.5119,0.16195,0.0,0.0069
10295.0,BTC-27DEC19,1569063544257,open,0.01,521.2,0.0015,0.0235,0.01107313,75.57,0.011,0.0,BTC-27DEC19-6000-P,9985.59,72.8,0.0095,26.0,0.012,26.0,77.12,6.05997,-2.36372,-1.85723,3e-05,-0.0569
10444.9,BTC-27MAR20,1569063544264,open,1.86,0.0,1.821,1.965,1.88880673,84.65,None,0.0,BTC-27MAR20-30000-P,9985.59,0.0,0.0,0.0,0.0,0.0,0.0,10.69831,-2.41016,-151.23291,2e-05,-0.92416
10028.43,BTC-27SEP19,1569063544264,open,0.0,1202.5,0.0005,0.0105,6.07e-06,115.0,0.0005,0.0,BTC-27SEP19-6000-P,9985.59,0.0,0.0,0.0,0.0005,5.0,170.97,0.00797,-0.06085,-0.00027,0.0,-0.00016
10028.43,BTC-27SEP19,1569063544264,open,0.58,34.4,0.5645,0.628,0.59548998,112.67,0.396,0.0,BTC-27SEP19-16000-P,9985.59,0.0,0.0105,0.1,0.0,0.0,0.0,0.03068,-0.29418,-2.57457,0.0,-0.9993
10295.0,BTC-27DEC19,1569063544268,open,0.49,211.7,0.449,0.545,0.49588548,74.03,0.49,0.0,BTC-27DEC19-15000-P,9985.59,63.66,0.4815,6.1,0.5085,5.0,82.07,15.41058,-5.88789,-35.05553,7e-05,-0.78706
10295.0,BTC-27DEC19,1569063544270,open,0.27,222.4,0.2375,0.3,0.26969125,71.22,0.2805,0.0,BTC-27DEC19-8000-C,9985.59,65.65,0.262,12.0,0.2795,14.2,78.06,14.48179,-5.32352,14.71103,7e-05,0.80808
10028.43,BTC-27SEP19,1569063544270,open,0.85,43.3,0.8405,0.86,0.85042658,375.34,0.85,0.0,BTC-27SEP19-1500-C,9985.59,0.0,0.8425,24.0,0.858,24.0,500.0,0.00067,-0.02131,0.24145,0.0,0.99999
10295.0,BTC-27DEC19,1569063544271,open,0.0,621.5,0.0005,0.0105,0.000978,90.79,0.001,0.0,BTC-27DEC19-36000-C,9985.59,84.99,0.0005,104.4,0.0015,1.0,95.05,1.07111,-0.50189,0.17245,0.0,0.00729
10295.0,BTC-27DEC19,1569063544277,open,0.01,835.2,0.001,0.026,0.01086638,77.37,0.0105,0.0,BTC-27DEC19-20000-C,9985.59,75.34,0.0095,35.2,0.012,31.0,78.94,7.21568,-2.88124,1.64883,3e-05,0.07121
10028.43,BTC-27SEP19,1569063544280,open,0.41,713.5,0.3895,0.4135,0.4017124,120.13,0.454,0.0,BTC-27SEP19-6000-C,9985.59,0.0,0.3925,12.0,0.411,12.0,282.21,0.01337,-0.13672,0.96539,0.0,0.99972
10295.0,BTC-27DEC19,1569063544280,open,0.57,4.1,0.5545,0.5775,0.5654227,81.63,0.578,0.0,BTC-27DEC19-4500-C,9985.59,0.0,0.5565,14.0,0.574,14.0,108.73,1.97386,-0.83163,11.47286,1e-05,0.9853
10444.9,BTC-27MAR20,1569063544283,open,1.31,0.0,1.2645,1.3975,1.32768623,81.46,None,0.0,BTC-27MAR20-24000-P,9985.59,0.0,0.0,0.0,0.0,0.0,0.0,15.76421,-3.41747,-118.20988,3e-05,-0.87104
10295.0,BTC-27DEC19,1569063544303,open,0.75,12.4,0.7215,0.8175,0.76718822,77.15,0.559,0.0,BTC-27DEC19-18000-P,9985.59,0.0,0.18,0.1,1.491,0.2,500.0,10.21334,-4.06687,-45.17968,5e-05,-0.88628
10028.43,BTC-27SEP19,1569063544312,open,0.0,350.4,0.0005,0.0105,0.0,115.0,0.0005,0.0,BTC-27SEP19-4750-P,9985.59,0.0,0.0,0.0,0.0005,26.9,241.21,1e-05,-3e-05,0.0,0.0,0.0
10028.43,BTC-27SEP19,1569063544312,open,1.18,0.2,1.151,1.2385,1.19374345,0.0,1.391,0.0,BTC-27SEP19-22000-P,9985.59,0.0,0.0055,0.1,0.0,0.0,0.0,0.0,0.0,-3.54151,0.0,-1.0
10295.0,BTC-27DEC19,1569063544312,open,0.0,637.2,0.0005,0.0125,0.00253744,81.68,0.0015,0.0,BTC-27DEC19-4500-P,9985.59,75.37,0.0015,24.0,0.0035,25.0,86.2,1.97836,-0.83403,-0.47204,1e-05,-0.01474
10028.43,BTC-27SEP19,1569063544314,open,0.48,26.6,0.4665,0.5275,0.4958953,114.45,0.459,0.0,BTC-27SEP19-15000-P,9985.59,0.0,0.33,5.0,0.0,0.0,0.0,0.13253,-1.29066,-2.40931,1e-05,-0.99654
10295.0,BTC-27DEC19,1569063544314,open,0.71,0.0,0.6995,0.719,0.70935304,100.09,None,0.0,BTC-27DEC19-3000-C,9985.59,0.0,0.702,18.0,0.717,18.0,146.91,0.63344,-0.32724,7.83142,0.0,0.99596
10028.43,BTC-27SEP19,1569063544317,open,0.09,304.4,0.077,0.129,0.10227319,63.97,0.0885,0.0,BTC-27SEP19-11000-P,9985.59,43.48,0.098,8.6,0.105,0.6,73.05,2.77594,-15.112,-1.55998,0.00027,-0.86405
10295.0,BTC-27DEC19,1569063544317,open,0.0,334.4,0.0005,0.0115,0.0015713,113.25,0.001,0.0,BTC-27DEC19-48000-C,9985.59,0.0,0.0,0.0,0.001,29.0,108.13,1.34661,-0.78707,0.21554,0.0,0.00946
10028.43,BTC-27SEP19,1569063544317,open,0.7,225.7,0.691,0.7105,0.70085197,240.97,0.693,0.0,BTC-27SEP19-3000-C,9985.59,0.0,0.693,18.0,0.7085,18.0,500.0,0.00114,-0.02327,0.4829,0.0,0.99998
10295.0,BTC-27DEC19,1569063544317,open,0.0,467.0,0.0005,0.012,0.00244611,83.87,0.002,0.0,BTC-27DEC19-28000-C,9985.59,78.98,0.0015,10.0,0.0035,58.0,87.97,2.33546,-1.01101,0.42195,1e-05,0.01789
10295.0,BTC-27DEC19,1569063544317,open,0.0,239.8,0.0005,0.0105,3.331e-05,115.0,0.0005,0.0,BTC-27DEC19-1500-P,9985.59,0.0,0.0,0.0,0.006,23.0,213.23,0.03917,-0.02325,-0.00623,0.0,-0.00019
10295.0,BTC-27DEC19,1569063544317,open,0.07,360.4,0.036,0.1015,0.06805323,72.87,0.075,0.0,BTC-27DEC19-13000-C,9985.59,71.5,0.0655,26.0,0.071,18.0,74.44,19.25964,-7.24349,7.21881,9e-05,0.33224
10295.0,BTC-27DEC19,1569063544317,open,2.08,0.3,2.0475,2.1765,2.10959325,86.11,1.875,0.0,BTC-27DEC19-32000-P,9985.59,0.0,0.0,0.0,0.0,0.0,0.0,1.38719,-0.61655,-84.69991,1e-05,-0.99021
10028.43,BTC-27SEP19,1569063544317,open,0.0,615.0,0.0005,0.0105,4.6e-07,115.0,0.0005,0.0,BTC-27SEP19-5500-P,9985.59,0.0,0.0,0.0,0.0005,10.0,197.22,0.00078,-0.00457,-2e-05,0.0,-1e-05
10028.43,BTC-27SEP19,1569063544325,open,0.21,860.2,0.1865,0.2215,0.20330851,91.9,0.215,0.0,BTC-27SEP19-8000-C,9985.59,0.0,0.1895,10.0,0.2175,10.0,172.46,0.69185,-5.41035,1.24911,5e-05,0.97706
10295.0,BTC-27DEC19,1569063544325,open,0.0,134.2,0.0005,0.0105,0.00021481,115.0,0.0005,0.0,BTC-27DEC19-2000-P,9985.59,0.0,0.0,0.0,0.0015,29.5,144.34,0.1949,-0.11568,-0.03593,0.0,-0.0011
10295.0,BTC-27DEC19,1569063544325,open,0.12,706.4,0.08,0.1545,0.11852833,71.13,0.1235,0.0,BTC-27DEC19-11000-C,9985.59,69.65,0.1155,15.2,0.121,8.0,72.33,21.15905,-7.76744,10.45013,0.00011,0.50098
10028.43,BTC-27SEP19,1569063544325,open,0.0,684.0,0.0005,0.0105,0.0,115.0,0.0005,0.0,BTC-27SEP19-30000-C,9985.59,0.0,0.0,0.0,0.001,34.0,330.52,0.0,0.0,0.0,0.0,0.0
10028.43,BTC-27SEP19,1569063544325,open,0.0,406.8,0.0005,0.0105,0.0,115.0,0.0005,0.0,BTC-27SEP19-2500-P,9985.59,0.0,0.0,0.0,0.0005,10.0,434.25,0.0,0.0,0.0,0.0,0.0
10295.0,BTC-27DEC19,1569063544325,open,0.05,533.3,0.024,0.0825,0.05166585,73.64,0.052,0.0,BTC-27DEC19-14000-C,9985.59,71.75,0.0485,27.0,0.054,20.0,75.01,17.45248,-6.6329,5.89539,8e-05,0.26742
10028.43,BTC-27SEP19,1569063544325,open,0.0,702.6,0.0005,0.0105,0.0009247,97.65,0.0015,0.0,BTC-27SEP19-13000-C,9985.59,89.66,0.0005,30.5,0.0015,30.0,105.28,0.64317,-5.34474,0.03248,4e-05,0.02104
10295.0,BTC-27DEC19,1569063544325,open,2.85,0.0,2.8095,2.969,2.88644211,97.94,2.58,0.0,BTC-27DEC19-40000-P,9985.59,0.0,0.001,1.0,0.0,0.0,0.0,1.08453,-0.54822,-105.99213,0.0,-0.99261
10028.43,BTC-27SEP19,1569063544325,open,0.0,695.0,0.0005,0.0105,1.34e-06,115.0,0.0005,0.0,BTC-27SEP19-18000-C,9985.59,0.0,0.0,0.0,0.001,10.0,195.06,0.0022,-0.01343,6e-05,0.0,4e-05
10110.43,SYN.BTC-25OCT19,1569063544327,open,0.03,210.7,0.0095,0.046,0.02569055,67.91,0.0255,0.0,BTC-25OCT19-12000-C,9985.59,65.54,0.0235,16.0,0.0275,16.0,69.83,9.44968,-9.47163,1.9575,0.00015,0.2343
10048.93,SYN.BTC-4OCT19,1569063544333,open,0.1,2.1,0.083,0.1405,0.11099115,63.89,0.097,0.0,BTC-4OCT19-11000-P,9985.59,51.17,0.104,3.0,0.1165,3.0,72.92,5.91965,-14.68626,-3.0735,0.00026,-0.75604
10028.43,BTC-27SEP19,1569063544346,open,0.0,146.6,0.0005,0.0105,0.0,115.0,0.0005,0.0,BTC-27SEP19-26000-C,9985.59,0.0,0.0,0.0,0.002,30.0,318.96,0.0,0.0,0.0,0.0,0.0
10028.43,BTC-27SEP19,1569063544346,open,0.0,125.2,0.0005,0.0105,0.0,115.0,0.0005,0.0,BTC-27SEP19-3750-P,9985.59,0.0,0.0,0.0,0.0005,30.0,311.99,0.0,0.0,0.0,0.0,0.0
10028.43,BTC-27SEP19,1569063544346,open,0.0,392.7,0.0005,0.0105,0.0,115.0,0.0005,0.0,BTC-27SEP19-4500-P,9985.59,0.0,0.0,0.0,0.0005,30.3,257.4,0.0,0.0,0.0,0.0,0.0
10028.43,BTC-27SEP19,1569063544346,open,0.0,1622.7,0.0005,0.015,0.00418242,68.39,0.0045,0.0,BTC-27SEP19-9000-P,9985.59,65.17,0.0035,2.1,0.0045,30.0,69.81,2.20797,-12.85002,-0.16572,0.0002,-0.09847
10295.0,BTC-27DEC19,1569063544349,open,0.16,480.9,0.1175,0.1925,0.15679111,70.49,0.154,0.0,BTC-27DEC19-10000-C,9985.59,68.83,0.1535,22.0,0.1605,22.0,72.35,20.44719,-7.4387,12.19769,0.0001,0.6032
10295.0,BTC-27DEC19,1569063544349,open,0.0,1541.5,0.0005,0.011,0.00104285,113.25,0.0005,0.0,BTC-27DEC19-52000-C,9985.59,0.0,0.0,0.0,0.001,30.0,112.78,0.96673,-0.56504,0.14884,0.0,0.00649
10295.0,BTC-27DEC19,1569063544361,open,0.66,4.0,0.651,0.6705,0.66078737,88.14,0.666,0.0,BTC-27DEC19-3500-C,9985.59,0.0,0.6535,16.0,0.6685,16.0,129.95,0.71497,-0.32527,9.14245,0.0,0.99538
10295.0,BTC-27DEC19,1569063544361,open,0.18,246.4,0.1425,0.23,0.18703101,71.14,0.1765,0.0,BTC-27DEC19-11000-P,9985.59,69.18,0.183,24.4,0.19,8.0,72.58,21.15904,-7.76865,-18.74529,0.00011,-0.499
10028.4,BTC-27SEP19,1569063544367,open,0.58,9.1,0.5665,0.586,0.57620739,182.62,0.6095,0.0,BTC-27SEP19-4250-C,9985.59,0.0,0.5685,15.0,0.584,15.0,421.66,0.00343,-0.05328,0.68404,0.0,0.99993
10110.43,SYN.BTC-25OCT19,1569063544376,open,0.0,679.3,0.0005,0.014,0.0043618,75.21,0.004,0.0,BTC-25OCT19-7000-P,9985.59,73.87,0.004,40.5,0.0045,1.0,75.7,2.80335,-3.11194,-0.44245,4e-05,-0.04279
10028.4,BTC-27SEP19,1569063544382,open,0.0,670.6,0.0005,0.0105,0.0,115.0,0.0005,0.0,BTC-27SEP19-22000-C,9985.59,0.0,0.0,0.0,0.001,11.0,249.97,0.0,-1e-05,0.0,0.0,0.0
10028.4,BTC-27SEP19,1569063544382,open,0.0,492.7,0.0005,0.0105,0.0,115.0,0.0005,0.0,BTC-27SEP19-2000-P,9985.59,0.0,0.0,0.0,0.0005,51.4,500.0,0.0,0.0,0.0,0.0,0.0
10295.0,BTC-27DEC19,1569063544382,open,0.08,624.5,0.0495,0.115,0.08186546,70.89,0.0765,0.0,BTC-27DEC19-9000-P,9985.59,68.7,0.078,42.3,0.0845,23.0,72.38,18.18204,-6.65253,-10.18606,9e-05,-0.29092
10028.4,BTC-27SEP19,1569063544382,open,0.0,976.7,0.0005,0.0105,0.00015517,115.0,0.0005,0.0,BTC-27SEP19-15000-C,9985.59,0.0,0.0,0.0,0.0005,3.3,130.53,0.13751,-1.34571,0.00558,1e-05,0.00361
10028.4,BTC-27SEP19,1569063544382,open,1.57,0.0,1.542,1.6455,1.59261364,0.0,None,0.0,BTC-27SEP19-26000-P,9985.59,0.0,0.0005,0.1,0.0,0.0,0.0,0.0,0.0,-4.18543,0.0,-1.0
10295.0,BTC-27DEC19,1569063544388,open,0.86,0.1,0.8445,0.864,0.85432839,114.15,0.868,0.0,BTC-27DEC19-1500-C,9985.59,0.0,0.847,22.0,0.8625,22.0,227.17,0.03621,-0.02134,3.97548,0.0,0.99982
10295.0,BTC-27DEC19,1569063544388,open,0.81,0.0,0.796,0.8155,0.8059416,114.78,None,0.0,BTC-27DEC19-2000-C,9985.59,0.0,0.7985,21.0,0.814,21.0,192.88,0.19208,-0.11379,5.27292,0.0,0.99892
10295.0,BTC-27DEC19,1569063544391,open,0.05,602.9,0.0235,0.073,0.0467841,71.23,0.0435,0.0,BTC-27DEC19-8000-P,9985.59,69.6,0.0445,46.3,0.0485,8.0,72.45,14.48285,-5.32479,-6.52308,7e-05,-0.19194
10295.0,BTC-27DEC19,1569063544391,open,0.12,536.0,0.0885,0.167,0.12815718,70.5,0.121,0.0,BTC-27DEC19-10000-P,9985.59,68.91,0.125,39.3,0.131,8.0,71.93,20.44711,-7.43977,-14.344,0.0001,-0.3968
10295.0,BTC-27DEC19,1569063544391,open,0.02,298.1,0.009,0.042,0.0235339,72.2,0.0225,0.0,BTC-27DEC19-7000-P,9985.59,70.6,0.022,55.0,0.0245,0.1,73.18,10.01507,-3.73182,-3.66639,5e-05,-0.11065
10295.0,BTC-27DEC19,1569063544391,open,0.0,384.2,0.0005,0.0105,0.00076286,100.19,0.0005,0.0,BTC-27DEC19-3000-P,9985.59,0.0,0.0,0.0,0.0015,1.0,109.49,0.63706,-0.32944,-0.13184,0.0,-0.00406
10295.0,BTC-27DEC19,1569063544391,open,0.0,463.8,0.0005,0.013,0.00306518,81.21,0.005,0.0,BTC-27DEC19-26000-C,9985.59,76.78,0.002,28.0,0.004,24.0,84.31,2.83461,-1.18815,0.53043,1e-05,0.02248
10444.9,BTC-27MAR20,1569063544396,open,0.01,49.3,0.0005,0.0265,0.01013574,87.3,0.01,0.0,BTC-27MAR20-36000-C,9985.59,85.66,0.009,19.6,0.0115,11.0,89.12,7.505,-1.74357,2.0462,2e-05,0.0482
10028.4,BTC-27SEP19,1569063544396,open,0.75,55.9,0.741,0.7605,0.75071023,282.98,0.689,0.0,BTC-27SEP19-2500-C,9985.59,0.0,0.743,20.0,0.7585,20.0,500.0,0.0014,-0.03372,0.4024,0.0,0.99997
10028.4,BTC-27SEP19,1569063544396,open,0.51,789.2,0.4915,0.511,0.50142047,150.76,0.5015,0.0,BTC-27SEP19-5000-C,9985.59,0.0,0.494,14.0,0.5085,14.0,343.55,0.00476,-0.06105,0.80473,0.0,0.99991
10028.4,BTC-27SEP19,1569063544398,open,0.98,0.0,0.9555,1.035,0.99431823,0.0,0.691,0.0,BTC-27SEP19-20000-P,9985.59,0.0,0.005,0.1,1.0555,0.2,500.0,0.0,0.0,-3.21956,0.0,-1.0
10028.4,BTC-27SEP19,1569063544402,open,0.02,288.0,0.0045,0.041,0.01727793,58.27,0.0145,0.0,BTC-27SEP19-9750-P,9985.59,55.5,0.016,0.3,0.019,0.3,61.96,4.65179,-23.06451,-0.57362,0.00049,-0.33805
10295.0,BTC-27DEC19,1569063544407,open,0.0,603.3,0.0005,0.014,0.00423133,79.14,0.0045,0.0,BTC-27DEC19-24000-C,9985.59,75.29,0.003,28.0,0.0055,31.0,82.41,3.66799,-1.49821,0.72036,2e-05,0.03059
10295.0,BTC-27DEC19,1569063544407,open,4.01,0.8,3.952,4.159,4.05214642,114.35,3.59,0.0,BTC-27DEC19-52000-P,9985.59,0.0,0.001,2.0,0.0,0.0,0.0,1.0404,-0.61405,-137.85342,0.0,-0.99295
10295.0,BTC-27DEC19,1569063544417,open,0.76,0.0,0.748,0.7675,0.75794963,114.89,None,0.0,BTC-27DEC19-2500-C,9985.59,0.0,0.7505,19.0,0.7655,19.0,167.3,0.57216,-0.33929,6.51539,0.0,0.9964
10028.4,BTC-27SEP19,1569063544417,open,0.19,110.7,0.1735,0.226,0.1982243,79.2,0.1795,0.0,BTC-27SEP19-12000-P,9985.59,0.0,0.1885,6.0,0.2085,7.1,127.53,1.12485,-7.58069,-1.86771,9e-05,-0.95872
10028.4,BTC-27SEP19,1569063544420,open,0.0,586.8,0.0005,0.0105,0.0,115.0,0.0005,0.0,BTC-27SEP19-3000-P,9985.59,0.0,0.0,0.0,0.0005,32.0,379.05,0.0,0.0,0.0,0.0,0.0
10028.4,BTC-27SEP19,1569063544420,open,0.56,289.7,0.5415,0.561,0.55127841,171.47,0.588,0.0,BTC-27SEP19-4500-C,9985.59,0.0,0.544,15.0,0.5585,15.0,390.37,0.00383,-0.05586,0.72427,0.0,0.99993
10295.0,BTC-27DEC19,1569063544423,open,0.0,433.2,0.0005,0.012,0.00240893,113.25,0.001,0.0,BTC-27DEC19-44000-C,9985.59,0.0,0.0,0.0,0.0085,1.0,133.53,1.88988,-1.10461,0.31604,1e-05,0.01398
10028.4,BTC-27SEP19,1569063544423,open,0.65,261.1,0.641,0.6605,0.65099432,219.95,0.714,0.0,BTC-27SEP19-3500-C,9985.59,0.0,0.6435,17.0,0.6585,17.0,500.0,0.00242,-0.04522,0.56334,0.0,0.99995
10028.4,BTC-27SEP19,1569063544423,open,0.0,49.2,0.0005,0.0105,0.0,115.0,0.0015,0.0,BTC-27SEP19-3250-P,9985.59,0.0,0.0,0.0,0.0005,40.0,354.95,0.0,0.0,0.0,0.0,0.0
10295.0,BTC-27DEC19,1569063544426,open,0.39,63.0,0.3635,0.4075,0.38511777,73.89,0.4965,0.0,BTC-27DEC19-6500-C,9985.59,0.0,0.3675,12.0,0.405,12.0,95.72,7.96007,-3.03584,14.58765,4e-05,0.91899
10295.0,BTC-27DEC19,1569063544436,open,0.01,512.4,0.0005,0.0165,0.00661324,76.18,0.005,0.0,BTC-27DEC19-5500-P,9985.59,73.34,0.0055,24.0,0.0075,8.0,78.26,4.23547,-1.66527,-1.17627,2e-05,-0.03644
10295.0,BTC-27DEC19,1569063544506,open,0.0,484.5,0.0005,0.0115,0.00154918,85.64,0.001,0.0,BTC-27DEC19-4000-P,9985.59,74.01,0.0005,88.5,0.0025,29.0,92.06,1.29617,-0.57291,-0.28977,1e-05,-0.00906
10110.43,SYN.BTC-25OCT19,1569063544506,open,0.05,294.1,0.0235,0.071,0.04678115,65.96,0.0465,0.0,BTC-25OCT19-11000-C,9985.59,63.98,0.0445,21.0,0.05,21.0,68.74,11.67761,-11.36872,3.0779,0.00019,0.37479
10444.9,BTC-27MAR20,1569063544534,open,2.23,0.0,2.1945,2.3475,2.26650554,85.82,None,0.0,BTC-27MAR20-34000-P,9985.59,0.0,0.0,0.0,0.0,0.0,0.0,8.19303,-1.87129,-172.72358,2e-05,-0.94619
10295.0,BTC-27DEC19,1569063544564,open,0.12,536.0,0.0885,0.167,0.12815718,70.5,0.121,0.0,BTC-27DEC19-10000-P,9985.59,68.91,0.125,31.3,0.131,8.0,71.93,20.44711,-7.43977,-14.344,0.0001,-0.3968
10444.9,BTC-27MAR20,1569063544609,open,0.09,190.3,0.0555,0.1265,0.09059125,74.3,0.083,0.0,BTC-27MAR20-8000-P,9985.59,72.14,0.086,16.0,0.0935,4.9,75.66,22.28068,-4.40587,-16.78448,5e-05,-0.2216
10028.4,BTC-27SEP19,1569063544622,open,0.0,434.3,0.0005,0.0115,0.00156909,76.04,0.0015,0.0,BTC-27SEP19-8500-P,9985.59,70.04,0.001,1.0,0.002,2.3,79.79,1.07474,-6.95469,-0.06554,9e-05,-0.03903
10028.4,BTC-27SEP19,1569063544630,open,0.14,25.7,0.125,0.176,0.14932153,70.29,0.1685,0.0,BTC-27SEP19-11500-P,9985.59,0.0,0.14,7.0,0.159,7.0,108.1,1.67063,-9.9921,-1.74563,0.00015,-0.932
10444.9,BTC-27MAR20,1569063544658,open,0.12,220.2,0.075,0.1665,0.1212568,78.07,0.1185,0.0,BTC-27MAR20-14000-C,9985.59,75.45,0.114,4.0,0.126,15.0,79.78,29.02621,-6.03112,15.20307,7e-05,0.40404
216.55,SYN.ETH-4OCT19,1569063544685,open,0.12,0.0,0.09,0.167,0.128608,75.36,None,0.0,ETH-4OCT19-240-P,214.92,0.0,0.0,0.0,0.0,0.0,0.0,0.13088,-0.38303,-0.06666,0.0105,-0.74395
10444.9,BTC-27MAR20,1569063544695,open,0.05,197.7,0.022,0.0875,0.05156656,80.88,0.05,0.0,BTC-27MAR20-20000-C,9985.59,78.85,0.0475,12.0,0.054,5.3,82.07,21.19624,-4.56267,8.16645,5e-05,0.20346
10048.93,SYN.BTC-4OCT19,1569063544695,open,0.01,13.8,0.0005,0.0225,0.00876171,64.76,0.0095,0.0,BTC-4OCT19-11500-C,9985.59,60.51,0.007,29.0,0.011,6.2,69.71,4.34739,-10.93299,0.49108,0.00019,0.1473
10110.43,SYN.BTC-25OCT19,1569063544739,open,0.23,1.0,0.1985,0.243,0.22098464,68.67,0.2245,0.0,BTC-25OCT19-8000-C,9985.59,63.19,0.218,10.0,0.2255,8.0,76.06,5.81103,-5.88943,6.2729,9e-05,0.88949
10028.4,BTC-27SEP19,1569063544748,open,0.02,178.3,0.0055,0.044,0.01952873,57.19,0.019,0.0,BTC-27SEP19-10250-C,9985.59,51.99,0.017,16.5,0.0205,0.3,59.17,4.90097,-23.85086,0.60699,0.00053,0.39553
10444.9,BTC-27MAR20,1569063544750,open,0.02,60.7,0.007,0.0485,0.02323344,81.81,0.0265,0.0,BTC-27MAR20-26000-C,9985.59,79.62,0.0205,13.0,0.0265,6.1,84.25,13.50958,-2.94122,4.32948,3e-05,0.10376
216.55,SYN.ETH-4OCT19,1569063544802,open,0.01,11.0,0.002,0.031,0.013355,77.53,0.013,0.0,ETH-4OCT19-250-C,214.92,68.11,0.009,160.0,0.018,160.0,86.48,0.1069,-0.32185,0.01277,0.00834,0.18048
10048.93,SYN.BTC-4OCT19,1569063544814,open,0.21,0.0,0.1885,0.2255,0.20668905,75.02,None,0.0,BTC-4OCT19-8000-C,9985.59,0.0,0.0,0.0,0.0,0.0,0.0,1.80943,-5.27162,2.65038,7e-05,0.95436
10048.93,SYN.BTC-4OCT19,1569063544885,open,0.02,41.8,0.008,0.0455,0.02207595,60.57,0.0205,0.0,BTC-4OCT19-9500-P,9985.59,55.75,0.019,29.0,0.023,0.6,62.01,6.47037,-15.22014,-1.1096,0.0003,-0.29094
224.86,ETH-27MAR20,1569063544887,open,0.65,2.0,0.636,0.665,0.650259,83.75,0.597,0.0,ETH-27MAR20-80-C,214.92,0.0,0.07,20.0,0.0,0.0,0.0,0.08362,-0.01864,0.37971,0.00038,0.97832
216.55,SYN.ETH-4OCT19,1569063544894,open,0.16,0.0,0.128,0.208,0.167815,77.53,None,0.0,ETH-4OCT19-250-P,214.92,0.0,0.0,0.0,0.0,0.0,0.0,0.1069,-0.32185,-0.07542,0.00834,-0.81952
10295.0,BTC-27DEC19,1569063544895,open,0.0,484.5,0.0005,0.0115,0.00154918,85.64,0.001,0.0,BTC-27DEC19-4000-P,9985.59,74.01,0.0005,96.5,0.0025,29.0,92.06,1.29617,-0.57291,-0.28977,1e-05,-0.00906
10295.0,BTC-27DEC19,1569063544923,open,0.0,621.5,0.0005,0.0105,0.00097814,90.79,0.001,0.0,BTC-27DEC19-36000-C,9985.59,84.99,0.0005,110.4,0.0015,1.0,95.05,1.07111,-0.50189,0.17245,0.0,0.00729
10110.43,SYN.BTC-25OCT19,1569063544944,open,0.02,296.5,0.0035,0.0295,0.01382006,69.57,0.0175,0.0,BTC-25OCT19-13000-C,9985.59,67.58,0.0125,18.0,0.015,8.0,71.28,6.85712,-7.04114,1.18443,0.0001,0.14004
10444.9,BTC-27MAR20,1569063544950,open,0.01,438.3,0.0005,0.022,0.00764309,88.9,0.009,0.0,BTC-27MAR20-40000-C,9985.59,87.77,0.007,9.0,0.0085,1.0,90.33,6.0638,-1.43472,1.57984,1e-05,0.03703
216.13,ETH-27SEP19,1569063544955,open,0.4,0.0,0.38,0.416,0.398517,115.0,None,0.0,ETH-27SEP19-130-C,214.92,0.0,0.0,0.0,0.0,0.0,0.0,0.0002,-0.00192,0.02092,2e-05,0.99981
224.86,ETH-27MAR20,1569063544965,open,0.01,673.0,0.001,0.016,0.006036,83.75,0.011,0.0,ETH-27MAR20-80-P,214.92,77.64,0.004,240.0,0.008,240.0,88.63,0.08362,-0.01864,-0.03207,0.00038,-0.02168
216.13,ETH-27SEP19,1569063545013,open,0.0,100.0,0.001,0.011,7e-06,115.0,0.001,0.0,ETH-27SEP19-130-P,214.92,0.0,0.0,0.0,0.0,0.0,0.0,0.0002,-0.00152,-1e-05,2e-05,-0.00019
216.13,ETH-27SEP19,1569063545036,open,0.0,6011.0,0.001,0.011,0.0,115.0,0.001,0.0,ETH-27SEP19-600-C,214.92,0.0,0.0,0.0,0.001,332.0,311.52,0.0,0.0,0.0,0.0,0.0
216.13,ETH-27SEP19,1569063545037,open,0.0,5439.0,0.001,0.011,0.0,115.0,0.001,0.0,ETH-27SEP19-480-C,214.92,0.0,0.0,0.0,0.002,10.0,275.84,0.0,0.0,0.0,0.0,0.0
216.13,ETH-27SEP19,1569063545040,open,0.0,3683.0,0.001,0.011,0.000194,115.0,0.001,0.0,ETH-27SEP19-320-C,214.92,0.0,0.0,0.0,0.001,18.0,139.52,0.00357,-0.0349,0.00015,0.00041,0.00444
216.13,ETH-27SEP19,1569063545043,open,0.0,3828.0,0.001,0.011,0.0,115.0,0.001,0.0,ETH-27SEP19-560-C,214.92,0.0,0.0,0.0,0.001,99.0,293.76,0.0,0.0,0.0,0.0,0.0
216.13,ETH-27SEP19,1569063545045,open,0.0,6399.0,0.001,0.011,0.0,115.0,0.001,0.0,ETH-27SEP19-520-C,214.92,0.0,0.0,0.0,0.001,240.0,274.44,0.0,0.0,0.0,0.0,0.0
224.86,ETH-27MAR20,1569063545049,open,0.5,40.0,0.466,0.52,0.493824,79.23,0.459,0.0,ETH-27MAR20-120-C,214.92,0.0,0.466,300.0,0.0,0.0,0.0,0.24528,-0.05172,0.49047,0.00119,0.91758
10048.91,SYN.BTC-4OCT19,1569063545049,open,0.14,0.0,0.1255,0.1825,0.15315749,64.74,None,0.0,BTC-4OCT19-11500-P,9985.59,0.0,0.0,0.0,0.0,0.0,0.0,4.34598,-10.92677,-3.56587,0.00019,-0.85277
10444.87,BTC-27MAR20,1569063545052,open,2.42,0.0,2.3815,2.541,2.45677734,87.26,None,0.0,BTC-27MAR20-36000-P,9985.59,0.0,0.0,0.0,0.0,0.0,0.0,7.49291,-1.74003,-183.25964,2e-05,-0.9519
216.12,ETH-27SEP19,1569063545069,open,0.31,0.0,0.285,0.327,0.306214,116.66,None,0.0,ETH-27SEP19-150-C,214.92,0.0,0.0,0.0,0.0,0.0,0.0,0.00433,-0.043,0.02395,0.00049,0.99448
10110.43,SYN.BTC-25OCT19,1569063545079,open,0.01,369.9,0.0025,0.0255,0.0122502,68.67,0.0135,0.0,BTC-25OCT19-8000-P,9985.59,66.45,0.011,12.0,0.0135,24.0,70.81,5.81167,-5.89059,-1.1521,9e-05,-0.11053
10028.4,BTC-27SEP19,1569063545093,open,0.04,92.8,0.021,0.0705,0.04161671,57.17,0.036,0.0,BTC-27SEP19-10250-P,9985.59,51.79,0.039,11.0,0.0435,0.6,61.01,4.90083,-23.84225,-1.04309,0.00053,-0.60452
216.55,SYN.ETH-4OCT19,1569063545093,open,0.2,0.0,0.169,0.25,0.209187,79.09,None,0.0,ETH-4OCT19-260-P,214.92,0.0,0.0,0.0,0.0,0.0,0.0,0.08311,-0.25524,-0.08292,0.00635,-0.87631
10444.87,BTC-27MAR20,1569063545113,open,0.23,105.6,0.1795,0.271,0.22767215,74.3,0.238,0.0,BTC-27MAR20-10000-C,9985.59,72.39,0.2225,8.1,0.238,15.0,78.15,28.13682,-5.56405,21.96104,7e-05,0.63615
216.12,ETH-27SEP19,1569063545135,open,0.0,1.0,0.001,0.011,0.000241,114.99,0.005,0.0,ETH-27SEP19-150-P,214.92,0.0,0.0,0.0,0.009,25.0,212.27,0.00396,-0.03876,-0.00018,0.00046,-0.005
10444.87,BTC-27MAR20,1569063545143,open,0.63,1.0,0.6115,0.6375,0.6239098,80.32,0.628,0.0,BTC-27MAR20-4000-C,9985.59,61.86,0.6185,8.0,0.6345,8.0,99.46,4.43355,-0.94773,18.85578,1e-05,0.97463
10028.4,BTC-27SEP19,1569063545162,open,0.0,437.9,0.0005,0.011,0.00136262,90.66,0.0015,0.0,BTC-27SEP19-12500-C,9985.59,86.25,0.001,0.1,0.002,30.9,96.93,0.90388,-6.97341,0.04882,6e-05,0.0316
10048.91,SYN.BTC-4OCT19,1569063545169,open,0.0,0.5,0.0005,0.0125,0.00279166,75.01,0.0035,0.0,BTC-4OCT19-8000-P,9985.59,70.21,0.002,1.0,0.0035,5.0,78.71,1.80872,-5.26871,-0.1716,7e-05,-0.04562
216.55,SYN.ETH-4OCT19,1569063545177,open,0.01,0.0,0.001,0.017,0.005362,80.31,None,0.0,ETH-4OCT19-270-C,214.92,65.55,0.002,200.0,0.009,200.0,91.44,0.062,-0.19335,0.00591,0.00467,0.0827
216.55,SYN.ETH-4OCT19,1569063545182,open,0.27,0.0,0.239,0.287,0.263192,89.44,None,0.0,ETH-4OCT19-160-C,214.92,0.0,0.0,0.0,0.0,0.0,0.0,0.02742,-0.09522,0.05402,0.00185,0.97034
10444.87,BTC-27MAR20,1569063545184,open,0.45,60.8,0.399,0.5225,0.4616163,78.07,0.5,0.0,BTC-27MAR20-14000-P,9985.59,58.63,0.4095,3.0,0.4825,3.0,85.53,29.02581,-6.03075,-56.8592,7e-05,-0.59598
10444.87,BTC-27MAR20,1569063545191,open,0.95,0.0,0.903,1.034,0.96636683,80.88,None,0.0,BTC-27MAR20-20000-P,9985.59,0.0,0.0,0.0,0.0,0.0,0.0,21.19384,-4.56174,-94.78036,5e-05,-0.79657
224.86,ETH-27MAR20,1569063545203,open,0.37,225.0,0.323,0.4,0.364613,77.6,0.338,0.0,ETH-27MAR20-160-C,214.92,0.0,0.288,300.0,0.0,0.0,0.0,0.43327,-0.08948,0.51916,0.00215,0.81316
216.12,ETH-27SEP19,1569063545238,open,0.22,275.0,0.19,0.239,0.214463,97.11,0.222,0.0,ETH-27SEP19-170-C,214.92,0.0,0.213,125.0,0.0,0.0,0.0,0.01452,-0.11997,0.02656,0.00199,0.97777
10295.0,BTC-27DEC19,1569063545240,open,0.0,484.5,0.0005,0.0115,0.00154894,85.64,0.001,0.0,BTC-27DEC19-4000-P,9985.59,74.01,0.0005,88.5,0.0025,29.0,92.06,1.29617,-0.57291,-0.28977,1e-05,-0.00906
10110.43,SYN.BTC-25OCT19,1569063545252,open,0.0,584.5,0.0005,0.0125,0.00269737,76.55,0.0025,0.0,BTC-25OCT19-16000-C,9985.59,70.05,0.0015,53.0,0.004,53.0,81.8,2.2133,-2.50089,0.27538,3e-05,0.03204
216.55,SYN.ETH-4OCT19,1569063545266,open,0.24,0.0,0.212,0.294,0.252178,80.31,None,0.0,ETH-4OCT19-270-P,214.92,0.0,0.0,0.0,0.0,0.0,0.0,0.062,-0.19335,-0.08934,0.00467,-0.9173
10110.43,SYN.BTC-25OCT19,1569063545288,open,0.29,2.1,0.2665,0.3345,0.29962155,69.57,0.2805,0.0,BTC-25OCT19-13000-P,9985.59,63.89,0.296,2.0,0.301,8.0,71.56,6.85726,-7.04138,-10.88085,0.0001,-0.85995
216.12,ETH-27SEP19,1569063545295,open,0.0,36.0,0.001,0.011,0.001027,96.56,0.003,0.0,ETH-27SEP19-170-P,214.92,0.0,0.0,0.0,0.002,200.0,108.48,0.01421,-0.11675,-0.00079,0.00196,-0.02167
216.55,SYN.ETH-4OCT19,1569063545297,open,0.0,19.0,0.001,0.012,0.002047,89.44,0.004,0.0,ETH-4OCT19-160-P,214.92,0.0,0.0,0.0,0.004,200.0,102.0,0.02742,-0.09522,-0.00242,0.00185,-0.02966
10295.0,BTC-27DEC19,1569063545303,open,0.0,621.5,0.0005,0.0105,0.00097814,90.79,0.001,0.0,BTC-27DEC19-36000-C,9985.59,84.99,0.0005,104.4,0.0015,1.0,95.05,1.07111,-0.50189,0.17245,0.0,0.00729
216.55,SYN.ETH-4OCT19,1569063545350,open,0.0,20.0,0.001,0.013,0.00341,81.81,0.007,0.0,ETH-4OCT19-280-C,214.92,0.0,0.0,0.0,0.007,200.0,95.7,0.04544,-0.14436,0.00396,0.00336,0.0553
216.12,ETH-27SEP19,1569063545419,open,0.0,620.0,0.001,0.013,0.003011,71.67,0.005,0.0,ETH-27SEP19-190-P,214.92,56.85,0.001,8.0,0.005,202.0,81.75,0.03757,-0.2291,-0.0026,0.00697,-0.07186
10048.91,SYN.BTC-4OCT19,1569063545426,open,0.01,73.1,0.0005,0.0185,0.00638802,71.54,0.006,0.0,BTC-4OCT19-12000-C,9985.59,70.39,0.006,99.5,0.007,5.0,73.3,3.43271,-9.53663,0.34968,0.00013,0.10503
10028.37,BTC-27SEP19,1569063545434,open,0.01,98.7,0.0005,0.025,0.00805365,60.94,0.01,0.0,BTC-27SEP19-10750-C,9985.59,59.34,0.0075,3.0,0.0095,25.5,64.97,3.50653,-18.18292,0.30157,0.00036,0.19486
10444.87,BTC-27MAR20,1569063545515,open,2.8,1.0,2.7565,2.927,2.83724487,88.85,2.7125,0.0,BTC-27MAR20-40000-P,9985.59,0.0,0.0005,2.0,0.0,0.0,0.0,6.04881,-1.43036,-204.31577,1e-05,-0.96308
224.86,ETH-27MAR20,1569063545534,open,0.2,526.0,0.142,0.239,0.194503,77.6,0.202,0.0,ETH-27MAR20-240-C,214.92,74.6,0.186,240.0,0.207,240.0,82.03,0.63527,-0.1312,0.42776,0.00315,0.56409
10444.87,BTC-27MAR20,1569063545579,open,0.18,172.8,0.1355,0.2325,0.18507261,74.3,0.173,0.0,BTC-27MAR20-10000-P,9985.59,70.75,0.1755,10.9,0.1905,7.0,76.32,28.13689,-5.56387,-29.5115,7e-05,-0.36385
10048.91,SYN.BTC-4OCT19,1569063545583,open,0.17,0.0,0.1385,0.1805,0.15945156,68.32,None,0.0,BTC-4OCT19-8500-C,9985.59,0.0,0.0,0.0,0.0,0.0,0.0,2.95126,-7.8303,2.67633,0.00012,0.91445
10295.0,BTC-27DEC19,1569063545593,open,0.0,484.5,0.0005,0.0115,0.00154894,85.64,0.001,0.0,BTC-27DEC19-4000-P,9985.59,74.01,0.0005,96.5,0.0025,29.0,92.06,1.29617,-0.57291,-0.28977,1e-05,-0.00906
10028.37,BTC-27SEP19,1569063545610,open,0.01,365.0,0.0005,0.0295,0.01043287,60.12,0.0085,0.0,BTC-27SEP19-9500-P,9985.59,57.66,0.0095,0.7,0.0115,24.3,62.88,3.83817,-19.63664,-0.38381,0.00039,-0.22732
216.54,SYN.ETH-4OCT19,1569063545610,open,0.18,0.0,0.145,0.2,0.173435,71.35,None,0.0,ETH-4OCT19-180-C,214.92,0.0,0.0,0.0,0.0,0.0,0.0,0.05702,-0.15798,0.05748,0.00483,0.92594
10110.43,SYN.BTC-25OCT19,1569063545637,open,0.57,0.0,0.552,0.6215,0.58522228,76.56,None,0.0,BTC-25OCT19-16000-P,9985.59,0.0,0.0,0.0,0.0,0.0,0.0,2.21373,-2.50151,-14.57417,3e-05,-0.96795
10028.37,BTC-27SEP19,1569063545666,open,0.24,21.0,0.2225,0.2765,0.24781513,90.54,0.29,0.0,BTC-27SEP19-12500-P,9985.59,0.0,0.0,0.0,0.0,0.0,0.0,0.89929,-6.92846,-1.9637,6e-05,-0.96859
10444.87,BTC-27MAR20,1569063545677,open,0.01,216.3,0.0005,0.0165,0.00686999,80.31,0.008,0.0,BTC-27MAR20-4000-P,9985.59,75.52,0.005,65.0,0.0085,21.0,83.94,4.43252,-0.94743,-1.7328,1e-05,-0.02536
10444.87,BTC-27MAR20,1569063545677,open,0.04,113.1,0.0145,0.0705,0.03855793,80.88,0.0425,0.0,BTC-27MAR20-22000-C,9985.59,78.51,0.0345,18.0,0.041,7.1,82.26,18.24909,-3.92827,6.54076,4e-05,0.16022
10295.0,BTC-27DEC19,1569063545678,open,0.0,621.5,0.0005,0.0105,0.00097814,90.79,0.001,0.0,BTC-27DEC19-36000-C,9985.59,84.99,0.0005,110.4,0.0015,1.0,95.05,1.07111,-0.50189,0.17245,0.0,0.00729
10110.43,SYN.BTC-25OCT19,1569063545685,open,0.03,292.5,0.014,0.054,0.03248881,65.43,0.032,0.0,BTC-25OCT19-9000-P,9985.59,63.88,0.031,3.0,0.0335,10.1,66.48,9.72944,-9.39646,-2.6245,0.00016,-0.2472
10048.91,SYN.BTC-4OCT19,1569063545699,open,0.04,17.6,0.022,0.0715,0.04285854,60.57,0.041,0.0,BTC-4OCT19-10000-P,9985.59,54.73,0.0385,23.0,0.0475,5.0,66.8,7.49215,-17.62269,-1.78349,0.00035,-0.46026
10444.87,BTC-27MAR20,1569063545705,open,0.09,259.3,0.049,0.133,0.09016507,79.25,0.087,0.0,BTC-27MAR20-16000-C,9985.59,76.83,0.084,6.0,0.094,14.9,80.74,26.82183,-5.657,12.39313,6e-05,0.32068
216.12,ETH-27SEP19,1569063545710,open,0.07,45.0,0.043,0.113,0.077873,71.43,0.075,0.0,ETH-27SEP19-230-P,214.92,53.39,0.071,40.0,0.081,40.0,78.85,0.08905,-0.54123,-0.02843,0.01658,-0.73942
10028.37,BTC-27SEP19,1569063545765,open,0.07,15.1,0.055,0.108,0.08000288,60.91,0.078,0.0,BTC-27SEP19-10750-P,9985.59,59.46,0.0795,0.1,0.083,0.6,69.08,3.50526,-18.16807,-1.42911,0.00036,-0.80525
10444.87,BTC-27MAR20,1569063545778,open,0.02,15.0,0.0055,0.043,0.01957405,83.33,0.027,0.0,BTC-27MAR20-28000-C,9985.59,81.01,0.017,18.0,0.0225,24.0,85.78,12.01254,-2.66417,3.7029,3e-05,0.08845
216.54,SYN.ETH-4OCT19,1569063545831,open,0.14,0.0,0.102,0.162,0.133474,71.27,None,0.0,ETH-4OCT19-190-C,214.92,0.0,0.0,0.0,0.0,0.0,0.0,0.09411,-0.26046,0.05486,0.00798,0.8517
217.81,SYN.ETH-25OCT19,1569063545841,open,0.55,6.0,0.527,0.556,0.54191,114.27,0.46,0.0,ETH-25OCT19-100-C,214.92,0.0,0.0,0.0,0.0,0.0,0.0,0.0145,-0.02446,0.09099,0.00029,0.99203
224.86,ETH-27MAR20,1569063545881,open,0.12,304.0,0.069,0.16,0.116034,82.12,0.115,0.0,ETH-27MAR20-320-C,214.92,79.9,0.11,221.0,0.122,220.0,84.3,0.61448,-0.13429,0.30604,0.00288,0.38045
217.81,SYN.ETH-25OCT19,1569063545914,open,0.0,2460.0,0.001,0.011,0.001012,114.05,0.002,0.0,ETH-25OCT19-100-P,214.92,0.0,0.0,0.0,0.002,93.0,125.82,0.01436,-0.02418,-0.0018,0.00029,-0.00789
10295.0,BTC-27DEC19,1569063545934,open,0.0,484.5,0.0005,0.0115,0.00154892,85.64,0.001,0.0,BTC-27DEC19-4000-P,9985.59,74.01,0.0005,88.5,0.0025,29.0,92.06,1.29617,-0.57291,-0.28977,1e-05,-0.00906
224.86,ETH-27MAR20,1569063545961,open,0.53,1.0,0.464,0.61,0.539142,82.12,0.827,0.0,ETH-27MAR20-320-P,214.92,75.77,0.522,24.0,0.552,24.0,86.79,0.61448,-0.13429,-1.34109,0.00288,-0.61955
217.81,SYN.ETH-25OCT19,1569063545986,open,0.46,6.0,0.433,0.468,0.4506,95.02,0.36,0.0,ETH-25OCT19-120-C,214.92,0.0,0.0,0.0,0.0,0.0,0.0,0.02333,-0.03271,0.10828,0.00056,0.98624
216.54,SYN.ETH-4OCT19,1569063546029,open,0.11,0.0,0.065,0.128,0.098276,71.25,None,0.0,ETH-4OCT19-200-C,214.92,64.01,0.094,40.0,0.108,40.0,86.89,0.13043,-0.36087,0.04945,0.01107,0.74562
217.81,SYN.ETH-25OCT19,1569063546058,open,0.0,2904.0,0.001,0.011,0.001523,94.85,0.001,0.0,ETH-25OCT19-120-P,214.92,0.0,0.0,0.0,0.003,100.0,105.91,0.02316,-0.03242,-0.00307,0.00055,-0.01364
10295.0,BTC-27DEC19,1569063546070,open,0.0,621.5,0.0005,0.0105,0.00097814,90.79,0.001,0.0,BTC-27DEC19-36000-C,9985.59,84.99,0.0005,104.4,0.0015,1.0,95.05,1.07111,-0.50189,0.17245,0.0,0.00729
221.61,ETH-27DEC19,1569063546121,open,0.56,0.0,0.536,0.567,0.551789,81.18,None,0.0,ETH-27DEC19-100-C,214.92,0.0,0.0,0.0,0.0,0.0,0.0,0.04899,-0.02053,0.25342,0.00046,0.98265
224.86,ETH-27MAR20,1569063546125,open,0.68,0.0,0.612,0.766,0.690209,82.78,None,0.0,ETH-27MAR20-360-P,214.92,0.0,0.0,0.0,0.0,0.0,0.0,0.56926,-0.12542,-1.59731,0.00264,-0.68986
217.81,SYN.ETH-25OCT19,1569063546125,open,0.37,3.0,0.339,0.38,0.359849,79.63,0.271,0.0,ETH-25OCT19-140-C,214.92,0.0,0.0,0.0,0.0,0.0,0.0,0.04008,-0.04711,0.12415,0.00114,0.974
216.54,SYN.ETH-4OCT19,1569063546141,open,0.02,11.0,0.006,0.044,0.021843,71.18,0.02,0.0,ETH-4OCT19-200-P,214.92,68.1,0.02,139.0,0.021,6.0,69.78,0.13039,-0.36042,-0.02109,0.01107,-0.25422
216.12,ETH-27SEP19,1569063546183,open,0.0,243.0,0.001,0.011,0.001404,91.88,0.001,0.0,ETH-27SEP19-270-C,214.92,0.0,0.0,0.0,0.003,200.0,105.58,0.01972,-0.1542,0.00107,0.00285,0.03208
221.61,ETH-27DEC19,1569063546193,open,0.0,3142.0,0.001,0.013,0.003033,81.18,0.006,0.0,ETH-27DEC19-100-P,214.92,68.71,0.001,600.0,0.005,40.0,88.79,0.04899,-0.02053,-0.01199,0.00046,-0.01735
217.81,SYN.ETH-25OCT19,1569063546193,open,0.0,921.0,0.001,0.012,0.002593,79.52,0.003,0.0,ETH-25OCT19-140-P,214.92,76.04,0.002,741.0,0.003,3.0,81.65,0.03989,-0.04682,-0.00575,0.00114,-0.02586
221.61,ETH-27DEC19,1569063546212,open,0.0,4096.0,0.001,0.013,0.003461,103.75,0.002,0.0,ETH-27DEC19-760-C,214.92,89.81,0.001,1000.0,0.006,40.0,111.86,0.05703,-0.03054,0.01017,0.00042,0.02075
216.12,ETH-27SEP19,1569063546214,open,0.03,3023.0,0.005,0.05,0.025869,66.78,0.024,0.0,ETH-27SEP19-220-C,214.92,59.01,0.022,120.0,0.031,120.0,77.04,0.10787,-0.61302,0.01418,0.02148,0.43344
216.12,ETH-27SEP19,1569063546217,open,0.0,3296.0,0.001,0.013,0.002799,90.12,0.003,0.0,ETH-27SEP19-260-C,214.92,84.3,0.002,102.0,0.004,200.0,97.37,0.03242,-0.24865,0.00197,0.00479,0.05944
216.12,ETH-27SEP19,1569063546219,open,0.38,864.0,0.348,0.433,0.388785,113.62,0.356,0.0,ETH-27SEP19-300-P,214.92,0.0,0.049,16.0,1.82,5.0,500.0,0.00967,-0.09346,-0.04784,0.00113,-0.9862
221.61,ETH-27DEC19,1569063546223,open,0.49,101.0,0.434,0.557,0.495474,80.99,0.513,0.0,ETH-27DEC19-320-P,214.92,0.0,0.006,10.0,0.0,0.0,0.0,0.36345,-0.15193,-0.73207,0.00344,-0.74917
216.12,ETH-27SEP19,1569063546228,open,0.09,2587.0,0.051,0.111,0.082573,66.85,0.081,0.0,ETH-27SEP19-200-C,214.92,58.33,0.08,1.0,0.088,40.0,82.49,0.06925,-0.39397,0.02602,0.01378,0.83053
221.61,ETH-27DEC19,1569063546228,open,2.23,0.0,2.156,2.36,2.253401,103.54,None,0.0,ETH-27DEC19-720-P,214.92,0.0,0.003,5.0,0.0,0.0,0.0,0.06907,-0.03691,-1.89827,0.00051,-0.97395
10110.43,SYN.BTC-25OCT19,1569063534393,open,0.13,24.3,0.1015,0.1675,0.13476691,65.96,0.1255,0.0,BTC-25OCT19-11000-P,9985.59,61.81,0.13,9.0,0.136,8.0,67.03,11.67776,-11.3697,-7.13112,0.00019,-0.62519
10110.43,SYN.BTC-25OCT19,1569063534389,open,0.03,210.7,0.0095,0.046,0.02569151,67.91,0.0255,0.0,BTC-25OCT19-12000-C,9985.59,65.54,0.0235,16.0,0.0275,16.0,69.83,9.44968,-9.47163,1.9575,0.00015,0.2343
10110.43,SYN.BTC-25OCT19,1569063458728,open,0.02,296.5,0.0035,0.0295,0.01382011,69.57,0.0175,0.0,BTC-25OCT19-13000-C,9985.59,67.58,0.0125,18.0,0.015,8.0,71.28,6.85712,-7.04114,1.18443,0.0001,0.14004
10110.43,SYN.BTC-25OCT19,1569062415627,open,0.0,584.5,0.0005,0.0125,0.0026974,76.55,0.0025,0.0,BTC-25OCT19-16000-C,9985.59,70.05,0.0015,53.0,0.004,53.0,81.8,2.2133,-2.50089,0.27538,3e-05,0.03204
10295.0,BTC-27DEC19,1569063494095,open,0.16,480.9,0.1175,0.1925,0.15680068,70.49,0.154,0.0,BTC-27DEC19-10000-C,9985.59,68.83,0.1535,22.0,0.1605,22.0,72.35,20.44719,-7.4387,12.19769,0.0001,0.6032
10110.43,SYN.BTC-25OCT19,1569063472796,open,0.01,383.5,0.0005,0.0145,0.00464312,74.69,0.005,0.0,BTC-25OCT19-15000-C,9985.59,70.91,0.0035,24.0,0.0055,31.0,77.18,3.3082,-3.64681,0.45015,5e-05,0.05262
10110.43,SYN.BTC-25OCT19,1569063534754,open,0.01,290.3,0.0005,0.0195,0.00779013,71.95,0.009,0.0,BTC-25OCT19-14000-C,9985.59,69.09,0.0065,51.0,0.009,31.0,74.42,4.77273,-5.0687,0.72002,7e-05,0.08452
10110.43,SYN.BTC-25OCT19,1569062415862,open,0.0,869.1,0.0005,0.0115,0.00156716,78.09,0.0025,0.0,BTC-25OCT19-17000-C,9985.59,67.67,0.0005,46.5,0.0025,22.0,83.61,1.45601,-1.67817,0.16774,2e-05,0.01944
10110.43,SYN.BTC-25OCT19,1569063534649,open,0.07,285.2,0.045,0.1015,0.07269968,64.67,0.07,0.0,BTC-25OCT19-10000-P,9985.59,61.59,0.069,26.4,0.075,18.0,66.58,12.14257,-11.59031,-4.7988,0.0002,-0.43871
10295.0,BTC-27DEC19,1569063514917,open,0.25,88.4,0.209,0.302,0.25628425,72.48,0.2435,0.0,BTC-27DEC19-12000-P,9985.59,64.52,0.2405,16.0,0.2595,8.0,74.07,20.63607,-7.71926,-23.08415,0.0001,-0.58852
10295.0,BTC-27DEC19,1569063529702,open,0.12,706.4,0.08,0.155,0.11853628,71.13,0.1235,0.0,BTC-27DEC19-11000-C,9985.59,69.65,0.1155,15.2,0.121,8.0,72.33,21.15905,-7.76744,10.45013,0.00011,0.50098
10295.0,BTC-27DEC19,1569063492352,open,0.04,514.3,0.016,0.0665,0.03884005,74.01,0.043,0.0,BTC-27DEC19-15000-C,9985.59,72.43,0.0365,28.0,0.041,19.3,75.44,15.40652,-5.88468,4.75462,7e-05,0.21284
10295.0,BTC-27DEC19,1569063534575,open,0.09,467.7,0.0545,0.126,0.09066987,72.46,0.0995,0.0,BTC-27DEC19-12000-C,9985.59,71.38,0.0885,0.1,0.093,25.0,73.63,20.6356,-7.71775,8.76498,0.0001,0.41144
10295.0,BTC-27DEC19,1569063534605,open,0.03,279.4,0.011,0.056,0.03063095,75.42,0.0335,0.0,BTC-27DEC19-16000-C,9985.59,74.94,0.03,0.2,0.0315,19.3,76.08,13.59561,-5.29216,3.90295,6e-05,0.17347
10295.0,BTC-27DEC19,1569063489147,open,0.02,481.4,0.0055,0.039,0.01873147,77.11,0.0195,0.0,BTC-27DEC19-18000-C,9985.59,76.88,0.0185,1.0,0.0195,24.0,77.88,10.20368,-4.06104,2.59153,5e-05,0.11357
10295.0,BTC-27DEC19,1569063509353,open,0.49,211.7,0.449,0.545,0.49585802,74.03,0.49,0.0,BTC-27DEC19-15000-P,9985.59,63.66,0.4815,6.1,0.5085,5.0,82.07,15.41058,-5.88789,-35.05553,7e-05,-0.78706
10028.43,BTC-27SEP19,1569063496523,open,0.03,885.7,0.0125,0.0565,0.03033559,57.19,0.032,0.0,BTC-27SEP19-10000-C,9985.59,51.56,0.0275,0.6,0.0315,0.4,59.49,5.06164,-24.63362,0.80672,0.00055,0.53005
10295.0,BTC-27DEC19,1569063489019,open,0.35,51.4,0.3185,0.3685,0.34358915,72.18,0.355,0.0,BTC-27DEC19-7000-C,9985.59,65.6,0.3375,12.0,0.3535,12.2,81.78,10.0129,-3.73024,14.91381,5e-05,0.88939
10295.0,BTC-27DEC19,1569063487507,open,0.01,835.2,0.001,0.026,0.01086761,77.37,0.0105,0.0,BTC-27DEC19-20000-C,9985.59,75.34,0.0095,35.2,0.012,31.0,78.94,7.21568,-2.88124,1.64883,3e-05,0.07121
10295.0,BTC-27DEC19,1569063484971,open,0.05,602.9,0.0235,0.073,0.04677885,71.23,0.0435,0.0,BTC-27DEC19-8000-P,9985.59,69.6,0.0445,46.3,0.0485,8.0,72.45,14.48285,-5.32479,-6.52308,7e-05,-0.19194
10295.0,BTC-27DEC19,1569063494167,open,0.05,533.3,0.024,0.0825,0.05167023,73.64,0.052,0.0,BTC-27DEC19-14000-C,9985.59,71.75,0.0485,27.0,0.054,20.0,75.01,17.45248,-6.6329,5.89539,8e-05,0.26742
10295.0,BTC-27DEC19,1569063526948,open,0.01,521.2,0.0015,0.0235,0.0110715,75.57,0.011,0.0,BTC-27DEC19-6000-P,9985.59,72.8,0.0095,26.0,0.012,26.0,77.12,6.05997,-2.36372,-1.85723,3e-05,-0.0569
10028.43,BTC-27SEP19,1569063485344,open,0.0,467.9,0.0005,0.0125,0.00258826,70.35,0.003,0.0,BTC-27SEP19-11500-C,9985.59,66.58,0.002,27.6,0.0035,35.5,75.39,1.67408,-10.02134,0.10589,0.00015,0.06818
10028.43,BTC-27SEP19,1569063447629,open,0.01,1280.6,0.0005,0.0185,0.00540035,64.01,0.005,0.0,BTC-27SEP19-11000-C,9985.59,60.64,0.0045,3.3,0.0065,30.5,67.83,2.77794,-15.13131,0.21099,0.00027,0.1361
10295.0,BTC-27DEC19,1569063239845,open,0.02,391.6,0.0055,0.032,0.01650349,73.91,0.016,0.0,BTC-27DEC19-6500-P,9985.59,71.25,0.0145,56.0,0.018,8.0,75.81,7.96275,-3.03758,-2.66554,4e-05,-0.08105
10295.0,BTC-27DEC19,1569063527257,open,0.27,222.4,0.2375,0.3,0.2697026,71.22,0.2805,0.0,BTC-27DEC19-8000-C,9985.59,65.65,0.262,12.0,0.2795,14.2,78.06,14.48179,-5.32352,14.71103,7e-05,0.80808
10028.4,BTC-27SEP19,1569063074637,open,0.0,437.9,0.0005,0.011,0.00136239,90.66,0.0015,0.0,BTC-27SEP19-12500-C,9985.59,86.25,0.001,0.1,0.002,30.9,96.93,0.90388,-6.97341,0.04882,6e-05,0.0316
10295.0,BTC-27DEC19,1569063527966,open,0.08,624.5,0.0495,0.115,0.08185716,70.89,0.0765,0.0,BTC-27DEC19-9000-P,9985.59,68.7,0.078,42.3,0.0845,23.0,72.38,18.18204,-6.65253,-10.18606,9e-05,-0.29092
10028.43,BTC-27SEP19,1569063179831,open,0.0,1272.8,0.0005,0.0115,0.00163321,79.29,0.0015,0.0,BTC-27SEP19-12000-C,9985.59,78.08,0.0015,2.0,0.002,1.0,82.36,1.12924,-7.61945,0.06432,9e-05,0.04148
10028.43,BTC-27SEP19,1569063537825,open,0.09,304.4,0.077,0.129,0.10228192,63.97,0.0885,0.0,BTC-27SEP19-11000-P,9985.59,43.48,0.098,8.6,0.105,0.6,73.05,2.77594,-15.112,-1.55998,0.00027,-0.86405
10028.4,BTC-27SEP19,1569063536877,open,0.19,110.7,0.1735,0.226,0.19823474,79.2,0.1795,0.0,BTC-27SEP19-12000-P,9985.59,0.0,0.1885,6.0,0.2085,7.1,127.53,1.12485,-7.58069,-1.86771,9e-05,-0.95872
10028.4,BTC-27SEP19,1569058214318,open,0.0,976.7,0.0005,0.0105,0.00015514,115.0,0.0005,0.0,BTC-27SEP19-15000-C,9985.59,0.0,0.0,0.0,0.0005,3.3,130.53,0.13751,-1.34571,0.00558,1e-05,0.00361
10028.43,BTC-27SEP19,1569052851515,open,0.0,695.0,0.0005,0.0105,1.34e-06,115.0,0.0005,0.0,BTC-27SEP19-18000-C,9985.59,0.0,0.0,0.0,0.001,10.0,195.06,0.0022,-0.01343,6e-05,0.0,4e-05
10028.43,BTC-27SEP19,1569062416705,open,0.0,548.1,0.0005,0.0105,0.00048543,110.71,0.001,0.0,BTC-27SEP19-14000-C,9985.59,0.0,0.0,0.0,0.001,30.0,121.8,0.35638,-3.3575,0.01631,2e-05,0.01059
10028.4,BTC-27SEP19,1569063537331,open,0.14,25.7,0.125,0.176,0.14933132,70.29,0.1685,0.0,BTC-27SEP19-11500-P,9985.59,0.0,0.14,7.0,0.159,7.0,108.1,1.67063,-9.9921,-1.74563,0.00015,-0.932
10028.37,BTC-27SEP19,1569063453271,open,0.02,249.0,0.0025,0.0335,0.01222612,58.07,0.011,0.0,BTC-27SEP19-10500-C,9985.59,53.96,0.0105,19.4,0.014,1.9,62.18,4.27279,-21.11299,0.43004,0.00045,0.27862
10028.43,BTC-27SEP19,1569063472524,open,0.0,1622.7,0.0005,0.015,0.00418324,68.39,0.0045,0.0,BTC-27SEP19-9000-P,9985.59,65.17,0.0035,2.1,0.0045,30.0,69.81,2.20797,-12.85002,-0.16572,0.0002,-0.09847
10028.43,BTC-27SEP19,1569063536880,open,0.31,725.9,0.288,0.3175,0.30225687,115.3,0.335,0.0,BTC-27SEP19-7000-C,9985.59,0.0,0.2955,12.1,0.309,11.0,197.15,0.20649,-2.02611,1.11721,1e-05,0.99431
10028.43,BTC-27SEP19,1569063074702,open,0.0,702.6,0.0005,0.0105,0.00092464,97.65,0.0015,0.0,BTC-27SEP19-13000-C,9985.59,89.66,0.0005,30.5,0.0015,30.0,105.28,0.64317,-5.34474,0.03248,4e-05,0.02104
10028.43,BTC-27SEP19,1569063536878,open,0.16,4.1,0.1355,0.1735,0.15397899,76.11,0.169,0.0,BTC-27SEP19-8500-C,9985.59,0.0,0.146,10.1,0.1615,9.0,116.94,1.07762,-6.97986,1.30255,9e-05,0.96084
10028.43,BTC-27SEP19,1569063179807,open,0.0,1262.1,0.0005,0.0105,0.00027241,115.0,0.0005,0.0,BTC-27SEP19-7000-P,9985.59,0.0,0.0,0.0,0.001,6.0,136.56,0.20319,-1.98842,-0.00947,1e-05,-0.00559
10028.43,BTC-27SEP19,1569053989336,open,0.0,811.8,0.0005,0.0105,4e-08,115.0,0.0005,0.0,BTC-27SEP19-20000-C,9985.59,0.0,0.0,0.0,0.001,60.0,224.21,0.0001,-0.00045,0.0,0.0,0.0
10028.43,BTC-27SEP19,1569058214327,open,0.0,565.2,0.0005,0.0105,3.384e-05,115.0,0.0005,0.0,BTC-27SEP19-16000-C,9985.59,0.0,0.0,0.0,0.001,30.0,161.48,0.03801,-0.33943,0.00136,0.0,0.00088
10028.4,BTC-27SEP19,1569063471450,open,0.0,434.3,0.0005,0.0115,0.00156941,76.04,0.0015,0.0,BTC-27SEP19-8500-P,9985.59,70.04,0.001,1.0,0.002,2.3,79.79,1.07474,-6.95469,-0.06554,9e-05,-0.03903
10028.43,BTC-27SEP19,1569063451744,open,0.0,1492.1,0.0005,0.011,0.00103668,91.84,0.0005,0.0,BTC-27SEP19-8000-P,9985.59,82.21,0.0005,148.6,0.0015,32.0,97.83,0.69018,-5.39382,-0.0386,5e-05,-0.02288
10028.37,BTC-27SEP19,1569063527318,open,0.01,365.0,0.0005,0.0295,0.01043502,60.12,0.0085,0.0,BTC-27SEP19-9500-P,9985.59,57.66,0.0095,0.7,0.0115,24.3,62.88,3.83817,-19.63664,-0.38381,0.00039,-0.22732
216.12,ETH-27SEP19,1569063546242,open,0.11,2231.0,0.082,0.155,0.117656,76.04,0.1,0.0,ETH-27SEP19-240-P,214.92,0.0,0.11,300.0,0.88,5.0,500.0,0.06383,-0.41301,-0.03368,0.01116,-0.85038
216.12,ETH-27SEP19,1569063546244,open,0.01,2540.0,0.001,0.024,0.007942,66.72,0.008,0.0,ETH-27SEP19-200-P,214.92,56.84,0.005,162.0,0.01,160.0,72.93,0.06913,-0.39252,-0.00616,0.01378,-0.16903
216.12,ETH-27SEP19,1569063546246,open,0.15,0.0,0.124,0.199,0.16061,80.73,None,0.0,ETH-27SEP19-250-P,214.92,0.0,0.0,0.0,0.0,0.0,0.0,0.04276,-0.29375,-0.03741,0.00705,-0.91475
221.61,ETH-27DEC19,1569063546246,open,0.01,2864.0,0.003,0.029,0.012851,89.45,0.018,0.0,ETH-27DEC19-480-C,214.92,86.77,0.011,20.0,0.015,200.0,92.3,0.15993,-0.07383,0.03595,0.00137,0.07398
216.12,ETH-27SEP19,1569063546248,open,0.04,1294.0,0.016,0.074,0.043775,66.69,0.04,0.0,ETH-27SEP19-220-P,214.92,55.07,0.038,120.0,0.048,120.0,75.14,0.10786,-0.61211,-0.02124,0.02151,-0.5667
216.54,SYN.ETH-4OCT19,1569063546257,open,0.07,0.0,0.037,0.098,0.069008,71.23,None,0.0,ETH-4OCT19-210-C,214.92,64.23,0.064,120.0,0.079,120.0,85.11,0.15529,-0.42956,0.04182,0.01318,0.61646
221.61,ETH-27DEC19,1569063546259,open,1.16,21.0,1.108,1.256,1.178819,89.45,0.629,0.0,ETH-27DEC19-480-P,214.92,0.0,0.001,7.0,0.0,0.0,0.0,0.15993,-0.07383,-1.23803,0.00137,-0.92602
221.61,ETH-27DEC19,1569063546259,open,0.82,16.0,0.764,0.9,0.830278,86.43,1.195,0.0,ETH-27DEC19-400-P,214.92,0.0,0.001,8.0,0.0,0.0,0.0,0.24771,-0.11049,-0.99721,0.0022,-0.86514
221.61,ETH-27DEC19,1569063546263,open,0.39,2.0,0.357,0.409,0.383937,72.76,0.275,0.0,ETH-27DEC19-140-C,214.92,0.0,0.368,300.0,0.0,0.0,0.0,0.16792,-0.06306,0.31597,0.00177,0.92113
221.61,ETH-27DEC19,1569063546263,open,1.34,37.0,1.281,1.437,1.355871,90.73,0.707,0.0,ETH-27DEC19-520-P,214.92,0.0,0.002,25.0,0.0,0.0,0.0,0.12849,-0.06017,-1.35285,0.00109,-0.94419
10295.0,BTC-27DEC19,1569063546278,open,0.0,484.5,0.0005,0.0115,0.00154892,85.64,0.001,0.0,BTC-27DEC19-4000-P,9985.59,74.01,0.0005,96.5,0.0025,29.0,92.06,1.29617,-0.57291,-0.28977,1e-05,-0.00906
221.61,ETH-27DEC19,1569063546283,open,1.87,0.0,1.805,1.989,1.89298,96.96,None,0.0,ETH-27DEC19-640-P,214.92,0.0,0.0,0.0,0.0,0.0,0.0,0.07878,-0.03943,-1.68365,0.00062,-0.96949
221.61,ETH-27DEC19,1569063546285,open,0.02,1200.0,0.005,0.036,0.017332,87.42,0.017,0.0,ETH-27DEC19-440-C,214.92,84.69,0.015,220.0,0.02,220.0,90.33,0.19626,-0.08856,0.04698,0.00172,0.09721
221.61,ETH-27DEC19,1569063546287,open,0.1,4155.0,0.06,0.135,0.097858,72.76,0.087,0.0,ETH-27DEC19-200-P,214.92,67.96,0.089,32.0,0.103,240.0,75.54,0.40953,-0.15378,-0.24716,0.00432,-0.32235
221.61,ETH-27DEC19,1569063546289,open,2.05,0.0,1.981,2.176,2.073851,102.34,None,0.0,ETH-27DEC19-680-P,214.92,0.0,0.002,10.0,0.0,0.0,0.0,0.08032,-0.04243,-1.78961,0.0006,-0.96876
221.61,ETH-27DEC19,1569063546289,open,1.51,0.0,1.456,1.619,1.533892,91.77,0.845,0.0,ETH-27DEC19-560-P,214.92,0.0,0.0,0.0,0.0,0.0,0.0,0.10298,-0.04877,-1.4655,0.00086,-0.95768
216.12,ETH-27SEP19,1569063546289,open,2.3,0.0,2.235,2.434,2.331328,0.0,None,0.0,ETH-27SEP19-720-P,214.92,0.0,0.0,0.0,0.0,0.0,0.0,0.0,0.0,-0.1159,0.0,-1.0
216.12,ETH-27SEP19,1569063546291,open,0.27,647.0,0.237,0.283,0.260215,106.95,0.252,0.0,ETH-27SEP19-160-C,214.92,0.0,0.259,93.0,0.0,0.0,0.0,0.00806,-0.0734,0.02535,0.001,0.9888
221.61,ETH-27DEC19,1569063546291,open,0.03,2501.0,0.008,0.048,0.025306,86.43,0.026,0.0,ETH-27DEC19-400-C,214.92,83.37,0.022,220.0,0.029,40.0,89.63,0.24771,-0.11049,0.06444,0.0022,0.13486
221.61,ETH-27DEC19,1569063546296,open,0.01,10652.0,0.001,0.015,0.005398,102.34,0.005,0.0,ETH-27DEC19-680-C,214.92,94.41,0.003,1000.0,0.008,40.0,108.63,0.08032,-0.04243,0.0152,0.0006,0.03124
216.12,ETH-27SEP19,1569063546296,open,1.94,0.0,1.875,2.052,1.961181,0.0,None,0.0,ETH-27SEP19-640-P,214.92,0.0,0.0,0.0,0.0,0.0,0.0,0.0,0.0,-0.10303,0.0,-1.0
221.61,ETH-27DEC19,1569063546298,open,0.65,257.0,0.596,0.726,0.660221,84.01,0.7,0.0,ETH-27DEC19-360-P,214.92,0.0,0.008,4.0,0.0,0.0,0.0,0.30251,-0.13116,-0.86898,0.00276,-0.81718
221.61,ETH-27DEC19,1569063546315,open,0.2,2050.0,0.153,0.232,0.195372,72.76,0.203,0.0,ETH-27DEC19-200-C,214.92,67.68,0.186,24.0,0.202,240.0,76.34,0.40953,-0.15378,0.28367,0.00432,0.67765
216.12,ETH-27SEP19,1569063546315,open,0.29,730.0,0.258,0.339,0.297021,104.45,0.533,0.0,ETH-27SEP19-280-P,214.92,0.0,0.003,1.0,0.9,5.0,500.0,0.01841,-0.16366,-0.0441,0.00234,-0.97047
216.12,ETH-27SEP19,1569063546315,open,2.49,0.0,2.414,2.625,2.516402,0.0,None,0.0,ETH-27SEP19-760-P,214.92,0.0,0.0,0.0,0.0,0.0,0.0,0.0,0.0,-0.12234,0.0,-1.0
221.61,ETH-27DEC19,1569063546317,open,0.01,7005.0,0.001,0.023,0.009406,90.73,0.008,0.0,ETH-27DEC19-520-C,214.92,88.19,0.008,700.0,0.011,200.0,93.36,0.12849,-0.06017,0.0273,0.00109,0.05581
216.12,ETH-27SEP19,1569063546320,open,0.0,5603.0,0.001,0.011,0.000732,115.01,0.001,0.0,ETH-27SEP19-300-C,214.92,0.0,0.0,0.0,0.002,300.0,133.48,0.01029,-0.10067,0.00049,0.00119,0.01484
216.12,ETH-27SEP19,1569063546323,open,0.0,6003.0,0.001,0.012,0.002066,87.19,0.002,0.0,ETH-27SEP19-180-P,214.92,76.25,0.001,5.0,0.003,200.0,94.34,0.02542,-0.18864,-0.0016,0.00388,-0.04378
221.61,ETH-27DEC19,1569063546323,open,0.08,1688.0,0.043,0.114,0.078894,78.67,0.084,0.0,ETH-27DEC19-280-C,214.92,75.05,0.072,240.0,0.086,32.0,82.36,0.42465,-0.17243,0.16185,0.00414,0.35407
