underlying_price,underlying_index,timestamp,state,settlement_price,open_interest,min_price,max_price,mark_price,mark_iv,last_price,interest_rate,instrument_name,index_price,bid_iv,best_bid_price,best_bid_amount,best_ask_price,best_ask_amount,ask_iv,vega,theta,rho,gamma,delta
174.19,SYN.ETH-25OCT19,1570186740774,open,0.28,483.0,0.235,0.326,0.279875,89.79,0.337,0.0,ETH-25OCT19-220-P,174.07,0.0,0.248,16.0,0.314,16.0,136.92,0.10283,-0.22115,-0.11121,0.0066,-0.83642
176.12,ETH-27MAR20,1570186740809,open,2.0,0.0,1.888,2.121,2.000501,112.77,None,0.0,ETH-27MAR20-520-P,174.07,0.0,0.005,10.0,0.0,0.0,0.0,0.29596,-0.09543,-2.3973,0.00177,-0.84054
8235.21,BTC-27MAR20,1570186740877,open,0.57,44.4,0.505,0.6395,0.57259884,87.24,0.59,0.0,BTC-27MAR20-12000-P,8130.29,69.11,0.527,2.0,0.6205,2.0,105.09,21.59525,-5.38685,-47.29504,8e-05,-0.62608
8138.24,SYN.BTC-25OCT19,1570186740881,open,1.09,0.0,1.048,1.134,1.08939935,116.2,None,0.0,BTC-25OCT19-17000-P,8130.29,0.0,0.0,0.0,0.0,0.0,0.0,0.33113,-0.92155,-9.69729,1e-05,-0.994
8135.58,SYN.BTC-18OCT19,1570186740887,open,2.1,0.0005,0.021,0.00782981,91.24,0.005,0.0,BTC-18OCT19-6500-P,8130.29,85.04,0.006,10.0,0.009,13.1,94.88,2.54213,-8.35825,-0.29767,0.00011,-0.08842
8151.61,SYN.BTC-29NOV19,1570186740906,open,0.19,10.5,0.148,0.2335,0.19144935,81.39,0.19,0.0,BTC-29NOV19-9000-P,8130.29,0.0,0.01,1.0,0.205,8.0,90.14,12.57829,-9.16091,-9.38076,0.00015,-0.56029
174.15,SYN.ETH-18OCT19,1570186740922,open,0.0,0.126,0.209,0.167432,83.27,None,0.0,ETH-18OCT19-200-P,174.07,0.0,0.0,0.0,0.0,0.0,0.0,0.10062,-0.30191,-0.06271,0.01048,-0.7797
8132.91,SYN.BTC-11OCT19,1570186740926,open,0.18,0.0,0.154,0.195,0.17372367,92.77,None,0.0,BTC-11OCT19-6750-C,8130.29,0.0,0.158,3.0,0.191,3.0,157.06,1.38685,-9.3558,1.16887,0.00012,0.93668
174.57,ETH-27DEC19,1570186740934,open,0.76,1.0,0.693,0.84,0.765447,105.3,0.494,0.0,ETH-27DEC19-300-P,174.07,0.0,0.001,5.0,0.0,0.0,0.0,0.23848,-0.1497,-0.62557,0.00323,-0.79396
174.19,SYN.ETH-25OCT19,1570186740948,open,0.61,3.0,0.561,0.662,0.60955,96.71,0.645,0.0,ETH-25OCT19-280-P,174.07,0.0,0.0,0.0,0.0,0.0,0.0,0.02549,-0.05903,-0.15773,0.00152,-0.9736
176.12,ETH-27MAR20,1570186740974,open,2.22,0.0,2.104,2.348,2.221609,113.89,None,0.0,ETH-27MAR20-560-P,174.07,0.0,0.01,10.0,0.0,0.0,0.0,0.27343,-0.08904,-2.59895,0.00162,-0.85841
174.4,SYN.ETH-29NOV19,1570186740974,open,0.03,6.0,0.014,0.058,0.033963,105.95,0.035,0.0,ETH-29NOV19-120-P,174.07,101.17,0.03,624.0,0.038,284.0,110.66,0.14716,-0.13952,-0.04476,0.00298,-0.13368
8138.25,SYN.BTC-25OCT19,1570186740980,open,0.17,9.3,0.136,0.1905,0.16386324,83.45,0.1605,0.0,BTC-25OCT19-7000-C,8130.29,47.79,0.1445,5.0,0.187,5.0,115.76,5.38842,-10.7694,2.97798,0.00017,0.80366
8138.25,SYN.BTC-25OCT19,1570186740982,open,0.36,27.9,0.327,0.3925,0.35794703,82.53,0.35,0.0,BTC-25OCT19-11000-P,8130.29,0.0,0.335,3.0,0.3805,3.0,125.82,2.80146,-5.53794,-5.96382,9e-05,-0.92334
8151.61,SYN.BTC-29NOV19,1570186741005,open,0.02,1018.6,0.004,0.0345,0.01569691,85.77,0.015,0.0,BTC-29NOV19-13000-C,8130.29,83.41,0.014,19.0,0.0175,18.1,88.14,6.02247,-4.62208,1.18487,7e-05,0.11065
174.57,ETH-27DEC19,1570186741014,open,0.03,886.0,0.01,0.059,0.031179,106.36,0.035,0.0,ETH-27DEC19-340-C,174.07,105.28,0.03,180.0,0.035,300.0,109.75,0.19187,-0.12166,0.04618,0.00258,0.14629
174.15,SYN.ETH-18OCT19,1570186741027,open,10.0,0.002,0.027,0.011042,83.4,0.008,0.0,ETH-18OCT19-210-C,174.07,76.02,0.008,291.0,0.014,292.0,89.83,0.07644,-0.22973,0.00869,0.00795,0.14237
8132.91,SYN.BTC-11OCT19,1570186741054,open,0.0,33.9,0.0005,0.011,0.0012895,113.55,0.001,0.0,BTC-11OCT19-6000-P,8130.29,98.74,0.0005,11.5,0.0015,0.5,116.43,0.56781,-4.68866,-0.03446,4e-05,-0.0212
8235.19,BTC-27MAR20,1570186741063,open,0.01,22.4,0.0025,0.033,0.01256634,103.69,0.016,0.0,BTC-27MAR20-34000-C,8130.29,101.51,0.011,4.0,0.0145,15.0,106.17,6.15488,-1.82475,1.59409,2e-05,0.05297
174.19,SYN.ETH-25OCT19,1570186741069,open,0.49,3.0,0.451,0.547,0.496791,94.5,0.534,0.0,ETH-25OCT19-260-P,174.07,0.0,0.0,0.0,0.0,0.0,0.0,0.04196,-0.09498,-0.14429,0.00256,-0.95146
176.12,ETH-27MAR20,1570186741072,open,0.04,5167.0,0.011,0.069,0.036049,114.27,0.034,0.0,ETH-27MAR20-600-C,174.07,111.33,0.032,540.0,0.04,325.0,116.98,0.24983,-0.08162,0.07438,0.00147,0.1242
174.57,ETH-27DEC19,1570186741081,open,0.97,0.0,0.905,1.057,0.978822,106.36,None,0.0,ETH-27DEC19-340-P,174.07,0.0,0.001,5.0,0.0,0.0,0.0,0.19187,-0.12166,-0.73513,0.00258,-0.85371
174.11,SYN.ETH-11OCT19,1570186741087,open,0.1,3.0,0.062,0.124,0.094699,80.83,0.09,0.0,ETH-11OCT19-160-C,174.07,0.0,0.07,1.0,0.1,50.0,93.82,0.06826,-0.40125,0.02291,0.01479,0.79313
8132.91,SYN.BTC-11OCT19,1570186741092,open,0.41,0.0,0.3865,0.4455,0.41445806,104.74,None,0.0,BTC-11OCT19-11500-P,8130.29,0.0,0.002,2.0,0.0,0.0,0.0,0.28961,-2.20591,-2.15215,2e-05,-0.9903
8138.25,SYN.BTC-25OCT19,1570186741103,open,0.04,398.0,0.0175,0.065,0.04001005,79.34,0.04,0.0,BTC-25OCT19-7500-P,8130.29,76.31,0.0375,10.0,0.041,5.9,80.53,6.7639,-12.85399,-1.58115,0.00023,-0.29969
174.4,SYN.ETH-29NOV19,1570186741103,open,0.26,1.0,0.219,0.298,0.26146,101.64,0.289,0.0,ETH-29NOV19-140-C,174.07,0.0,0.0,0.0,0.0,0.0,0.0,0.20527,-0.18669,0.13678,0.00434,0.77379
8162.28,BTC-27DEC19,1570186741113,open,0.07,403.8,0.0375,0.1005,0.06818738,87.34,0.075,0.0,BTC-27DEC19-6500-P,8130.29,86.52,0.067,3.8,0.0705,9.0,88.95,11.75423,-6.12009,-5.51152,9e-05,-0.22566
8162.28,BTC-27DEC19,1570186741113,open,0.52,74.2,0.466,0.569,0.51669139,86.03,0.496,0.0,BTC-27DEC19-12000-P,8130.29,51.12,0.4775,3.0,0.554,3.0,109.33,11.974,-6.1411,-24.07323,9e-05,-0.76676
8162.28,BTC-27DEC19,1570186741113,open,0.05,703.0,0.0195,0.078,0.04651888,86.04,0.0485,0.0,BTC-27DEC19-12000-C,8130.29,86.03,0.0465,3.9,0.0475,16.5,86.7,11.97439,-6.14155,3.50251,9e-05,0.23325
8162.28,BTC-27DEC19,1570186741113,open,0.0,709.7,0.0005,0.0115,0.0019462,108.62,0.002,0.0,BTC-27DEC19-30000-C,8130.29,105.49,0.0015,6.0,0.002,3.6,108.97,1.27163,-0.82341,0.19914,1e-05,0.01256
8162.28,BTC-27DEC19,1570186741113,open,0.23,53.6,0.1925,0.2695,0.2328394,85.83,0.2255,0.0,BTC-27DEC19-7000-C,8130.29,83.14,0.2285,14.4,0.236,7.4,87.78,13.20008,-6.75359,9.11371,0.0001,0.71873
8135.58,SYN.BTC-18OCT19,1570186741118,open,0.0,0.099,0.1645,0.1317403,79.89,0.124,0.0,BTC-18OCT19-9000-P,8130.29,0.0,0.105,1.0,0.1725,1.0,136.52,5.37831,-15.48382,-2.62119,0.00027,-0.71577
8162.28,BTC-27DEC19,1570186741121,open,2.19,0.0,2.1235,2.2595,2.18825694,103.6,None,0.0,BTC-27DEC19-26000-P,8130.29,0.0,0.006,10.0,2.801,0.2,500.0,1.7773,-1.09761,-59.45297,1e-05,-0.98145
8235.19,BTC-27MAR20,1570186741133,open,0.25,91.7,0.192,0.2925,0.24474719,85.82,0.259,0.0,BTC-27MAR20-8000-C,8130.29,84.38,0.241,10.0,0.249,9.0,87.45,21.42095,-5.25597,15.40746,8e-05,0.63525
8162.28,BTC-27DEC19,1570186741136,open,2.68,0.2,2.604,2.7575,2.67737632,108.54,2.03,0.0,BTC-27DEC19-30000-P,8130.29,0.0,0.0,0.0,0.0,0.0,0.0,1.26535,-0.81869,-68.74088,1e-05,-0.98751
8162.28,BTC-27DEC19,1570186741138,open,4.88,0.0,4.7655,5.004,4.88141007,126.33,None,0.0,BTC-27DEC19-48000-P,8130.29,0.0,0.0005,2.0,0.0,0.0,0.0,0.50091,-0.37724,-110.2336,0.0,-0.99564
174.15,SYN.ETH-18OCT19,1570186741138,open,0.0,0.176,0.259,0.216949,83.56,None,0.0,ETH-18OCT19-210-P,174.07,0.0,0.0,0.0,0.0,0.0,0.0,0.07663,-0.23073,-0.07111,0.00795,-0.85711
174.57,ETH-27DEC19,1570186741158,open,0.02,383.0,0.006,0.044,0.021252,107.46,0.025,0.0,ETH-27DEC19-380-C,174.07,107.17,0.021,180.0,0.024,450.0,110.51,0.15238,-0.09761,0.03368,0.00202,0.1052
8162.28,BTC-27DEC19,1570186741176,open,0.02,629.2,0.0055,0.041,0.01936661,88.65,0.0185,0.0,BTC-27DEC19-15000-C,8130.29,86.55,0.0175,26.5,0.021,17.1,90.41,7.42107,-3.92173,1.72494,5e-05,0.11133
8162.28,BTC-27DEC19,1570186741176,open,0.02,364.3,0.004,0.0355,0.01562208,90.6,0.0145,0.0,BTC-27DEC19-16000-C,8130.29,89.14,0.0145,2.0,0.017,13.3,92.31,6.42336,-3.46907,1.41997,5e-05,0.09133
8162.28,BTC-27DEC19,1570186741176,open,0.63,99.0,0.577,0.679,0.62627999,86.28,0.638,0.0,BTC-27DEC19-13000-P,8130.29,0.0,0.585,2.0,0.6635,2.0,112.05,10.23792,-5.26582,-27.14258,8e-05,-0.82081
176.12,ETH-27MAR20,1570186741176,open,2.44,0.0,2.321,2.574,2.442817,114.27,None,0.0,ETH-27MAR20-600-P,174.07,0.0,0.02,10.0,0.0,0.0,0.0,0.24983,-0.08162,-2.80028,0.00147,-0.8758
8162.28,BTC-27DEC19,1570186741176,open,0.0,315.6,0.0005,0.011,0.00143212,109.23,0.0015,0.0,BTC-27DEC19-32000-C,8130.29,98.4,0.0005,51.0,0.002,6.1,113.35,0.99284,-0.64648,0.15045,1e-05,0.00945
8162.28,BTC-27DEC19,1570186741190,open,0.12,232.5,0.077,0.157,0.11727442,84.82,0.117,0.0,BTC-27DEC19-7500-P,8130.29,83.81,0.1155,4.3,0.12,7.9,86.37,14.34293,-7.25183,-8.58411,0.00011,-0.34038
8162.28,BTC-27DEC19,1570186741190,open,0.32,121.1,0.2815,0.3475,0.31547787,89.66,0.3295,0.0,BTC-27DEC19-6000-C,8130.29,73.09,0.296,7.0,0.3415,7.0,109.79,10.12035,-5.40916,9.53933,7e-05,0.82406
8162.28,BTC-27DEC19,1570186741190,open,0.01,399.7,0.0005,0.0155,0.00489944,98.48,0.005,0.0,BTC-27DEC19-22000-C,8130.29,95.63,0.004,15.0,0.0055,10.0,100.2,2.74614,-1.61216,0.49226,2e-05,0.03114
8162.28,BTC-27DEC19,1570186741195,open,0.03,880.8,0.01,0.0465,0.0258135,95.74,0.0245,0.0,BTC-27DEC19-5000-P,8130.29,94.75,0.025,4.5,0.0275,10.0,97.76,6.72874,-3.84031,-2.3085,5e-05,-0.09726
8235.19,BTC-27MAR20,1570186741203,open,1.23,0.0,1.164,1.3075,1.23282127,91.4,0.8095,0.0,BTC-27MAR20-18000-P,8130.29,0.0,1.18,1.0,1.282,1.0,114.91,14.89725,-3.89286,-81.04096,5e-05,-0.82115
8162.28,BTC-27DEC19,1570186741207,open,0.41,66.8,0.3875,0.439,0.41324061,95.74,0.4155,0.0,BTC-27DEC19-5000-C,8130.29,70.47,0.396,7.0,0.4325,7.0,116.92,6.72884,-3.84042,9.18127,5e-05,0.90274
8162.28,BTC-27DEC19,1570186741211,open,0.0,228.3,0.0005,0.0125,0.00277502,124.06,0.003,0.0,BTC-27DEC19-2500-P,8130.29,122.03,0.0025,3.5,0.0035,1.0,128.87,1.14193,-0.84449,-0.26021,1e-05,-0.0111
8135.58,SYN.BTC-18OCT19,1570186741224,open,13.0,0.1285,0.1785,0.15384833,83.01,0.1435,0.0,BTC-18OCT19-7000-C,8130.29,0.0,0.1325,1.0,0.176,1.0,124.1,3.80053,-11.36772,2.1336,0.00018,0.84371
174.15,SYN.ETH-18OCT19,1570186741231,open,40.0,0.001,0.019,0.006468,84.39,0.004,0.0,ETH-18OCT19-220-C,174.07,75.69,0.004,300.0,0.009,301.0,91.73,0.05534,-0.16829,0.00556,0.00569,0.09044
8162.28,BTC-27DEC19,1570186741233,open,0.01,483.6,0.0005,0.0255,0.00977275,92.78,0.0115,0.0,BTC-27DEC19-18000-C,8130.29,90.45,0.0085,24.0,0.011,3.6,94.86,4.65337,-2.57361,0.93974,3e-05,0.05987
8162.28,BTC-27DEC19,1570186741239,open,0.01,472.5,0.0025,0.026,0.01225492,105.18,0.012,0.0,BTC-27DEC19-4000-P,8130.29,102.48,0.011,14.1,0.014,29.1,108.73,3.89251,-2.44067,-1.12631,2e-05,-0.04779
174.57,ETH-27DEC19,1570186741247,open,1.19,0.0,1.121,1.281,1.198029,107.46,None,0.0,ETH-27DEC19-380-P,174.07,0.0,0.001,5.0,0.0,0.0,0.0,0.15238,-0.09761,-0.83955,0.00202,-0.8948
8162.28,BTC-27DEC19,1570186741247,open,0.12,191.8,0.0795,0.1605,0.12126171,83.99,0.118,0.0,BTC-27DEC19-9000-C,8130.29,83.07,0.1195,4.2,0.1255,25.4,86.21,15.59632,-7.80889,6.79458,0.00012,0.48351
8162.28,BTC-27DEC19,1570186741247,open,0.0,594.7,0.0005,0.011,0.00119395,114.74,0.0015,0.0,BTC-27DEC19-36000-C,8130.29,105.56,0.0005,590.0,0.0015,5.1,117.51,0.82909,-0.5671,0.12199,0.0,0.0077
8162.28,BTC-27DEC19,1570186741247,open,0.01,298.1,0.0005,0.0185,0.00800204,110.85,0.009,0.0,BTC-27DEC19-3500-P,8130.29,107.8,0.007,13.5,0.009,4.6,113.7,2.77214,-1.83186,-0.74095,2e-05,-0.0315
8162.28,BTC-27DEC19,1570186741257,open,0.74,268.3,0.692,0.794,0.74058302,87.51,0.7205,0.0,BTC-27DEC19-14000-P,8130.29,0.0,0.6985,2.0,0.7765,2.0,115.09,8.74645,-4.56292,-30.00484,7e-05,-0.85911
8162.28,BTC-27DEC19,1570186741257,open,0.36,73.3,0.3325,0.3915,0.36253443,92.22,0.491,0.0,BTC-27DEC19-5500-C,8130.29,0.0,0.007,2.1,0.4875,1.0,194.31,8.3924,-4.61354,9.46907,6e-05,0.86737
8162.28,BTC-27DEC19,1570186741257,open,0.52,31.1,0.5045,0.5415,0.52219652,105.18,0.6265,0.0,BTC-27DEC19-4000-C,8130.29,0.0,0.019,1.2,0.5515,0.2,150.87,3.89262,-2.44078,8.06551,2e-05,0.9522
8162.28,BTC-27DEC19,1570186741257,open,0.05,1079.8,0.025,0.079,0.05056389,89.66,0.05,0.0,BTC-27DEC19-6000-P,8130.29,88.8,0.0495,4.1,0.052,9.4,90.81,10.12024,-5.40897,-4.24835,7e-05,-0.17593
8162.28,BTC-27DEC19,1570186741257,open,0.0,545.7,0.0005,0.0105,0.00099594,119.28,0.0005,0.0,BTC-27DEC19-40000-C,8130.29,111.88,0.0005,1.0,0.0015,26.6,124.32,0.69658,-0.49529,0.09985,0.0,0.00632
8162.28,BTC-27DEC19,1570186741257,open,2.43,0.1,2.3635,2.509,2.43298931,107.44,1.49,0.0,BTC-27DEC19-28000-P,8130.29,0.0,0.0,0.0,0.0,0.0,0.0,1.59476,-1.02136,-64.08479,1e-05,-0.98366
8162.28,BTC-27DEC19,1570186741267,open,0.86,210.2,0.8085,0.911,0.85708617,88.65,0.905,0.0,BTC-27DEC19-15000-P,8130.29,0.0,0.815,2.0,0.8925,2.0,118.72,7.42066,-3.9214,-32.74464,5e-05,-0.88868
8162.28,BTC-27DEC19,1570186741277,open,0.01,767.9,0.0005,0.02,0.00691446,96.06,0.008,0.0,BTC-27DEC19-20000-C,8130.29,93.88,0.006,7.0,0.0075,9.5,97.36,3.58036,-2.05017,0.67826,2e-05,0.04308
8162.28,BTC-27DEC19,1570186741280,open,0.47,4.1,0.445,0.4895,0.46676185,100.2,0.578,0.0,BTC-27DEC19-4500-C,8130.29,0.0,0.0125,1.1,0.89,1.0,500.0,5.22256,-3.11959,8.69885,3e-05,0.93054
8235.19,BTC-27MAR20,1570186741282,open,1.94,0.0,1.865,2.021,1.93850238,95.54,None,0.0,BTC-27MAR20-24000-P,8130.29,0.0,0.0015,1.0,0.0,0.0,0.0,9.93632,-2.71424,-112.03159,3e-05,-0.90092
8151.61,SYN.BTC-29NOV19,1570186741287,open,0.03,42.8,0.012,0.0525,0.03031555,88.42,0.0275,0.0,BTC-29NOV19-6000-P,8130.29,86.37,0.0285,10.0,0.0315,0.2,89.75,7.26427,-5.74786,-2.18585,8e-05,-0.14485
8162.28,BTC-27DEC19,1570186741312,open,0.02,501.7,0.006,0.035,0.01807637,100.2,0.0195,0.0,BTC-27DEC19-4500-P,8130.29,98.5,0.017,3.9,0.0195,23.0,102.39,5.22232,-3.11934,-1.64187,3e-05,-0.06946
8162.28,BTC-27DEC19,1570186741314,open,0.64,0.0,0.6265,0.651,0.63755266,117.87,None,0.0,BTC-27DEC19-3000-C,8130.29,0.0,0.007,1.2,0.9125,0.5,500.0,1.8939,-1.33077,6.42329,1e-05,0.98001
8162.28,BTC-27DEC19,1570186741317,open,0.04,430.3,0.012,0.0615,0.03359361,86.29,0.034,0.0,BTC-27DEC19-13000-C,8130.29,86.21,0.0335,3.9,0.0355,16.8,87.79,10.2386,-5.26646,2.7312,8e-05,0.17921
8162.28,BTC-27DEC19,1570186741317,open,0.0,334.4,0.0005,0.0105,0.00072189,126.68,0.0005,0.0,BTC-27DEC19-48000-C,8130.29,0.0,0.0,0.0,0.001,4.4,130.58,0.51269,-0.38717,0.07043,0.0,0.00448
8162.28,BTC-27DEC19,1570186741317,open,0.0,237.9,0.0005,0.0105,0.00055472,141.35,0.0005,0.0,BTC-27DEC19-1500-P,8130.29,139.68,0.0005,8.0,0.001,7.9,151.87,0.27749,-0.23382,-0.05285,0.0,-0.00226
8162.28,BTC-27DEC19,1570186741317,open,0.0,490.6,0.0005,0.0125,0.00258787,107.5,0.002,0.0,BTC-27DEC19-28000-C,8130.29,104.23,0.002,5.8,0.0025,4.5,107.05,1.60018,-1.02545,0.25918,1e-05,0.01641
8162.28,BTC-27DEC19,1570186741317,open,2.92,0.3,2.844,3.006,2.92189093,109.11,1.875,0.0,BTC-27DEC19-32000-P,8130.29,0.0,0.002,1.0,0.0,0.0,0.0,0.98558,-0.64106,-73.38562,1e-05,-0.99063
8162.28,BTC-27DEC19,1570186741325,open,0.0,86.3,0.0005,0.011,0.00108652,127.86,0.0005,0.0,BTC-27DEC19-2000-P,8130.29,126.49,0.001,8.0,0.0015,0.1,133.55,0.53011,-0.40405,-0.10756,0.0,-0.00465
8162.28,BTC-27DEC19,1570186741325,open,3.9,0.0,3.805,4.005,3.90158143,119.21,2.58,0.0,BTC-27DEC19-40000-P,8130.29,0.0,0.001,2.0,0.0,0.0,0.0,0.69343,-0.49276,-91.81921,0.0,-0.99371
8162.28,BTC-27DEC19,1570186741325,open,0.03,598.2,0.008,0.05,0.02537838,87.52,0.025,0.0,BTC-27DEC19-14000-C,8130.29,86.69,0.0245,3.5,0.027,17.0,89.01,8.74681,-4.56322,2.16677,7e-05,0.1409
8138.25,SYN.BTC-25OCT19,1570186741327,open,0.0,375.5,0.0005,0.0125,0.00275852,85.6,0.002,0.0,BTC-25OCT19-12000-C,8130.29,81.22,0.002,10.0,0.003,6.2,86.83,1.55159,-3.18109,0.1564,5e-05,0.03636
174.15,SYN.ETH-18OCT19,1570186741329,open,0.0,0.229,0.313,0.269799,84.62,None,0.0,ETH-18OCT19-220-P,174.07,0.0,0.0,0.0,0.0,0.0,0.0,0.05564,-0.16966,-0.07804,0.0057,-0.9089
174.11,SYN.ETH-11OCT19,1570186741329,open,0.02,244.0,0.002,0.034,0.013706,80.96,0.011,0.0,ETH-11OCT19-160-P,174.07,73.88,0.011,254.0,0.015,1.0,84.22,0.06833,-0.4023,-0.00725,0.01478,-0.20721
8162.28,BTC-27DEC19,1570186741349,open,0.0,1542.5,0.0005,0.0105,0.00070937,131.24,0.0005,0.0,BTC-27DEC19-52000-C,8130.29,0.0,0.0,0.0,0.001,5.5,135.44,0.49297,-0.38567,0.06706,0.0,0.00428
8162.28,BTC-27DEC19,1570186741349,open,0.09,503.1,0.05,0.125,0.08734728,84.37,0.0845,0.0,BTC-27DEC19-10000-C,8130.29,83.63,0.086,4.1,0.0915,26.8,86.64,14.92349,-7.50582,5.52948,0.00012,0.38215
8132.91,SYN.BTC-11OCT19,1570186741353,open,0.29,0.0,0.266,0.3205,0.29178907,86.24,None,0.0,BTC-11OCT19-10500-P,8130.29,0.0,0.0005,2.0,0.0,0.0,0.0,0.49202,-3.08569,-1.95163,5e-05,-0.98209
8162.28,BTC-27DEC19,1570186741361,open,0.58,4.0,0.565,0.5955,0.5792009,110.85,0.666,0.0,BTC-27DEC19-3500-C,8130.29,0.0,0.021,1.1,0.9405,1.0,500.0,2.77226,-1.83196,7.30189,2e-05,0.9685
8162.28,BTC-27DEC19,1570186741361,open,0.41,261.6,0.3595,0.4625,0.41076076,84.93,0.478,0.0,BTC-27DEC19-11000-P,8130.29,58.91,0.372,3.0,0.4495,3.0,107.1,13.56937,-6.87004,-20.86598,0.0001,-0.7017
174.4,SYN.ETH-29NOV19,1570186741361,open,0.19,6.0,0.146,0.231,0.192092,98.99,0.185,0.0,ETH-29NOV19-160-C,174.07,97.53,0.19,157.0,0.202,157.0,105.91,0.24964,-0.22114,0.12529,0.00542,0.66137
8162.28,BTC-27DEC19,1570186741368,open,0.98,22.0,0.927,1.031,0.97585147,90.59,1.0275,0.0,BTC-27DEC19-16000-P,8130.29,0.0,0.42,0.2,1.6445,0.2,499.99,6.42184,-3.4679,-35.34787,5e-05,-0.9087
8138.25,SYN.BTC-25OCT19,1570186741376,open,0.03,1147.3,0.008,0.0445,0.02399935,83.45,0.026,0.0,BTC-25OCT19-7000-P,8130.29,79.62,0.0215,10.0,0.025,16.1,84.95,5.38847,-10.76964,-1.0256,0.00017,-0.19634
8162.28,BTC-27DEC19,1570186741382,open,0.23,640.9,0.1745,0.271,0.22389345,83.99,0.2335,0.0,BTC-27DEC19-9000-P,8130.29,83.26,0.2225,3.9,0.228,9.0,86.14,15.59631,-7.80883,-13.8871,0.00012,-0.51649
8162.28,BTC-27DEC19,1570186741382,open,1.7,4.9,1.6435,1.7635,1.7002214,98.47,1.0385,0.0,BTC-27DEC19-22000-P,8130.29,0.0,0.008,2.0,2.335,0.3,500.0,2.74493,-1.61128,-50.0632,2e-05,-0.96887
8162.28,BTC-27DEC19,1570186741388,open,0.76,0.0,0.7465,0.766,0.75605783,127.87,None,0.0,BTC-27DEC19-2000-C,8130.29,0.0,0.02,2.0,0.9315,0.5,500.0,0.5304,-0.40432,4.4883,0.0,0.99535
8162.28,BTC-27DEC19,1570186741390,open,0.2,201.0,0.156,0.237,0.19841576,84.82,0.2,0.0,BTC-27DEC19-7500-C,8130.29,84.01,0.197,3.8,0.2035,23.6,87.71,14.34293,-7.25194,8.65058,0.00011,0.65962
8162.28,BTC-27DEC19,1570186741390,open,0.0,458.1,0.0005,0.0125,0.00288417,103.65,0.003,0.0,BTC-27DEC19-26000-C,8130.29,99.08,0.002,10.0,0.003,3.0,104.18,1.78226,-1.10124,0.29503,1e-05,0.01861
8162.28,BTC-27DEC19,1570186741392,open,0.31,498.1,0.2615,0.3625,0.31249138,84.37,0.307,0.0,BTC-27DEC19-10000-P,8130.29,81.35,0.307,2.0,0.332,13.0,94.92,14.92342,-7.5056,-17.45021,0.00012,-0.61786
8162.28,BTC-27DEC19,1570186741392,open,0.09,238.5,0.0545,0.127,0.09044067,85.83,0.0875,0.0,BTC-27DEC19-7000-P,8130.29,84.62,0.0885,4.1,0.093,8.4,87.41,13.20006,-6.75347,-6.97198,0.0001,-0.28127
8235.19,BTC-27MAR20,1570186741396,open,0.01,48.1,0.0015,0.031,0.01149151,105.26,0.011,0.0,BTC-27MAR20-36000-C,8130.29,103.03,0.01,9.0,0.013,10.0,107.35,5.73141,-1.72496,1.45758,2e-05,0.04843
8162.28,BTC-27DEC19,1570186741399,open,4.39,0.0,4.285,4.5035,4.39122621,118.99,3.46,0.0,BTC-27DEC19-44000-P,8130.29,0.0,0.001,2.0,0.0,0.0,0.0,0.44409,-0.31501,-101.0497,0.0,-0.99619
8162.28,BTC-27DEC19,1570186741407,open,0.0,648.0,0.0005,0.0135,0.0037882,101.47,0.004,0.0,BTC-27DEC19-24000-C,8130.29,98.35,0.003,10.0,0.004,4.4,102.23,2.22408,-1.3453,0.38257,1e-05,0.02418
8132.91,SYN.BTC-11OCT19,1570186741414,open,0.2,0.2,0.185,0.224,0.20364826,101.8,0.17,0.0,BTC-11OCT19-6500-C,8130.29,0.0,0.1885,3.0,0.219,3.0,168.61,1.09696,-8.12035,1.14793,9e-05,0.95293
8162.28,BTC-27DEC19,1570186741417,open,0.7,0.0,0.6865,0.7065,0.69648846,124.06,None,0.0,BTC-27DEC19-2500-C,8130.29,0.0,0.021,1.1,0.9215,0.5,500.0,1.14203,-0.84459,5.48467,1e-05,0.9889
8162.28,BTC-27DEC19,1570186741423,open,0.0,434.2,0.0005,0.0105,0.00059537,119.35,0.001,0.0,BTC-27DEC19-44000-C,8130.29,0.0,0.0,0.0,0.001,8.0,125.24,0.45578,-0.32428,0.06246,0.0,0.00393
8162.28,BTC-27DEC19,1570186741426,open,0.27,61.0,0.2345,0.3065,0.27184296,87.34,0.3,0.0,BTC-27DEC19-6500-C,8130.29,67.62,0.2445,7.0,0.3005,7.0,106.82,11.75427,-6.1202,9.42519,9e-05,0.77434
8151.61,SYN.BTC-29NOV19,1570186741430,open,0.61,0.0,0.569,0.656,0.61047178,85.76,None,0.0,BTC-29NOV19-13000-P,8130.29,0.0,0.0005,2.0,0.0,0.0,0.0,6.022,-4.62153,-18.71619,7e-05,-0.88936
8162.28,BTC-27DEC19,1570186741436,open,0.04,350.7,0.016,0.061,0.0363637,92.22,0.0375,0.0,BTC-27DEC19-5500-P,8130.29,91.37,0.0355,4.1,0.038,9.8,93.8,8.39226,-4.61337,-3.16964,6e-05,-0.13262
174.11,SYN.ETH-11OCT19,1570186741462,open,0.06,453.0,0.025,0.085,0.056151,80.12,0.053,0.0,ETH-11OCT19-170-C,174.07,62.66,0.047,142.0,0.056,143.0,79.83,0.09186,-0.5352,0.01808,0.02008,0.6073
8132.91,SYN.BTC-11OCT19,1570186741499,open,0.14,0.0,0.116,0.17,0.14217944,72.22,None,0.0,BTC-11OCT19-9250-P,8130.29,0.0,0.0,0.0,0.0,0.0,0.0,2.04184,-10.72398,-1.58767,0.00023,-0.89413
8135.58,SYN.BTC-18OCT19,1570186741499,open,2.0,0.0025,0.032,0.01412205,79.89,0.012,0.0,BTC-18OCT19-9500-C,8130.29,67.9,0.0085,13.0,0.012,10.1,75.62,4.15435,-11.9598,0.51133,0.00021,0.17945
8235.19,BTC-27MAR20,1570186741609,open,0.22,211.4,0.161,0.269,0.21618546,85.82,0.2195,0.0,BTC-27MAR20-8000-P,8130.29,83.06,0.209,9.0,0.2225,22.0,88.25,21.42097,-5.25592,-22.9214,8e-05,-0.36475
174.11,SYN.ETH-11OCT19,1570186741612,open,0.03,108.0,0.009,0.061,0.032596,80.22,0.025,0.0,ETH-11OCT19-170-P,174.07,65.76,0.025,174.0,0.034,174.0,82.88,0.09187,-0.53594,-0.01395,0.02005,-0.39278
174.4,SYN.ETH-29NOV19,1570186741616,open,0.14,27.0,0.094,0.179,0.139935,98.64,0.143,0.0,ETH-29NOV19-180-C,174.07,96.75,0.137,184.0,0.148,184.0,103.84,0.27055,-0.2388,0.10794,0.00589,0.54424
8138.25,SYN.BTC-25OCT19,1570186741640,open,0.48,37.4,0.446,0.512,0.47727756,85.61,0.533,0.0,BTC-25OCT19-12000-P,8130.29,0.0,0.4535,2.0,0.4995,2.0,140.79,1.55205,-3.18231,-6.70679,5e-05,-0.96363
8135.58,SYN.BTC-18OCT19,1570186741644,open,10.3,0.003,0.0315,0.01426724,83.01,0.0135,0.0,BTC-18OCT19-7000-P,8130.29,76.88,0.0115,10.0,0.0155,10.0,85.61,3.80063,-11.36839,-0.52751,0.00018,-0.1563
8235.19,BTC-27MAR20,1570186741658,open,0.08,321.6,0.042,0.1275,0.0830021,88.54,0.08,0.0,BTC-27MAR20-14000-C,8130.29,87.04,0.0795,10.0,0.087,18.0,90.22,19.44609,-4.92258,8.08514,7e-05,0.28792
8235.19,BTC-27MAR20,1570186741695,open,0.04,296.2,0.013,0.071,0.03731552,93.08,0.0375,0.0,BTC-27MAR20-20000-C,8130.29,91.6,0.035,0.8,0.04,18.0,94.75,13.03378,-3.46869,4.27608,4e-05,0.14569
8151.61,SYN.BTC-29NOV19,1570186741717,open,0.21,0.0,0.169,0.237,0.20444596,83.88,None,0.0,BTC-29NOV19-7000-C,8130.29,80.0,0.1995,9.2,0.2115,9.2,89.36,10.44562,-7.84065,6.62133,0.00012,0.73505
8138.25,SYN.BTC-25OCT19,1570186741740,open,0.08,385.4,0.051,0.108,0.08025583,75.63,0.082,0.0,BTC-25OCT19-8000-C,8130.29,73.22,0.078,10.0,0.0815,4.8,76.95,7.63256,-13.82503,2.29561,0.00027,0.57345
174.4,SYN.ETH-29NOV19,1570186741740,open,0.17,20.0,0.121,0.22,0.172086,98.67,0.18,0.0,ETH-29NOV19-180-P,174.07,94.11,0.165,128.0,0.176,128.0,101.2,0.27055,-0.23889,-0.16761,0.00589,-0.45572
8235.19,BTC-27MAR20,1570186741750,open,0.02,101.2,0.0055,0.0465,0.02056813,97.26,0.0225,0.0,BTC-27MAR20-26000-C,8130.29,94.79,0.018,18.0,0.023,18.0,99.44,8.88208,-2.46987,2.54828,3e-05,0.08515
174.11,SYN.ETH-11OCT19,1570186741750,open,0.03,281.0,0.007,0.055,0.029743,80.2,0.025,0.0,ETH-11OCT19-180-C,174.07,63.55,0.021,205.0,0.03,205.0,80.69,0.09247,-0.53929,0.01222,0.02019,0.4024
8151.61,SYN.BTC-29NOV19,1570186741772,open,0.28,0.0,0.238,0.326,0.28191864,81.39,None,0.0,BTC-29NOV19-10000-P,8130.29,0.0,0.009,1.0,0.0,0.0,0.0,11.3254,-8.24838,-12.06967,0.00014,-0.68529
8135.58,SYN.BTC-18OCT19,1570186741811,open,0.0,0.1505,0.2145,0.18183342,79.9,None,0.0,BTC-18OCT19-9500-P,8130.29,0.0,0.01,1.0,0.0,0.0,0.0,4.15452,-11.96077,-3.10012,0.00021,-0.82054
174.4,SYN.ETH-29NOV19,1570186741859,open,0.1,26.0,0.059,0.139,0.101107,98.74,0.1,0.0,ETH-29NOV19-200-C,174.07,96.72,0.098,213.0,0.108,213.0,103.21,0.26871,-0.23743,0.08939,0.00584,0.43593
176.12,ETH-27MAR20,1570186741885,open,0.58,19.0,0.553,0.609,0.582459,108.64,0.542,0.0,ETH-27MAR20-80-C,174.07,89.24,0.565,33.0,0.602,33.0,126.91,0.1761,-0.0547,0.28733,0.00109,0.92298
174.11,SYN.ETH-11OCT19,1570186741885,open,0.06,505.0,0.03,0.098,0.063626,80.31,0.06,0.0,ETH-11OCT19-180-P,174.07,58.05,0.052,117.0,0.066,117.0,84.77,0.09248,-0.54011,-0.02168,0.02016,-0.59741
8138.25,SYN.BTC-25OCT19,1570186741944,open,0.0,378.3,0.0005,0.0115,0.0019737,94.43,0.0015,0.0,BTC-25OCT19-13000-C,8130.29,90.73,0.0015,4.0,0.002,8.0,94.62,1.13523,-2.56769,0.1069,3e-05,0.02494
8235.18,BTC-27MAR20,1570186741950,open,0.01,552.7,0.0005,0.027,0.00934237,107.42,0.009,0.0,BTC-27MAR20-40000-C,8130.29,105.95,0.0085,1.3,0.01,26.0,108.5,4.88477,-1.50025,1.19883,1e-05,0.03973
8135.58,SYN.BTC-18OCT19,1570186741957,open,0.0,0.078,0.1335,0.10682627,80.16,None,0.0,BTC-18OCT19-7500-C,8130.29,67.02,0.0985,7.9,0.1115,8.9,87.27,5.29022,-15.28142,1.91274,0.00026,0.72528
176.12,ETH-27MAR20,1570186741966,open,0.04,1099.0,0.017,0.059,0.036721,108.67,0.04,0.0,ETH-27MAR20-80-P,174.07,107.94,0.036,320.0,0.038,10.0,109.94,0.17614,-0.05473,-0.096,0.00109,-0.07705
8235.18,BTC-27MAR20,1570186742052,open,3.38,0.0,3.2885,3.489,3.38296469,105.24,None,0.0,BTC-27MAR20-36000-P,8130.29,0.0,0.005,1.0,0.0,0.0,0.0,5.72645,-1.72309,-171.024,2e-05,-0.95162
8132.91,SYN.BTC-11OCT19,1570186742083,open,0.35,0.0,0.3265,0.3835,0.35325625,99.08,None,0.0,BTC-11OCT19-11000-P,8130.29,0.0,0.0005,2.0,0.0,0.0,0.0,0.43893,-3.16248,-2.04923,4e-05,-0.98433
8235.18,BTC-27MAR20,1570186742112,open,0.17,176.4,0.112,0.214,0.16465227,85.82,0.168,0.0,BTC-27MAR20-10000-C,8130.29,84.49,0.161,10.0,0.1685,9.0,87.21,22.73043,-5.5773,12.76121,8e-05,0.48808
8135.58,SYN.BTC-18OCT19,1570186742116,open,0.5,0.0005,0.0205,0.00744371,79.89,0.0045,0.0,BTC-18OCT19-10000-C,8130.29,70.69,0.0045,10.0,0.007,10.1,78.63,2.90899,-8.37444,0.30556,0.00014,0.10624
8132.91,SYN.BTC-11OCT19,1570186742132,open,0.15,0.0,0.123,0.167,0.14480601,86.92,None,0.0,BTC-11OCT19-7000-C,8130.29,0.0,0.131,3.8,0.1635,3.0,145.55,1.87068,-11.82459,1.16632,0.00017,0.90609
8235.18,BTC-27MAR20,1570186742143,open,0.54,1.1,0.52,0.57,0.54450372,94.76,0.5375,0.0,BTC-27MAR20-4000-C,8130.29,0.0,0.0105,0.2,0.999,0.1,500.0,8.19267,-2.21962,14.95304,3e-05,0.92349
8151.6,SYN.BTC-29NOV19,1570186742150,open,0.06,105.8,0.034,0.0935,0.06317091,83.88,0.067,0.0,BTC-29NOV19-7000-P,8130.29,81.79,0.0605,10.0,0.066,16.0,86.08,10.4456,-7.84051,-4.09453,0.00012,-0.26495
8235.18,BTC-27MAR20,1570186742184,open,0.78,57.8,0.715,0.853,0.78301797,88.53,0.765,0.0,BTC-27MAR20-14000-P,8130.29,65.7,0.735,1.0,0.832,1.0,108.12,19.44559,-4.92228,-58.99076,7e-05,-0.7121
8235.18,BTC-27MAR20,1570186742191,open,1.46,0.0,1.396,1.543,1.46590912,93.07,None,0.0,BTC-27MAR20-20000-P,8130.29,0.0,0.01,1.0,0.0,0.0,0.0,13.03193,-3.46792,-91.54698,4e-05,-0.85434
8138.25,SYN.BTC-25OCT19,1570186742252,open,0.0,625.4,0.0005,0.0105,0.00088592,115.2,0.0005,0.0,BTC-25OCT19-16000-C,8130.29,108.04,0.0005,69.0,0.001,8.0,116.88,0.53144,-1.46639,0.04373,1e-05,0.01028
8235.18,BTC-27MAR20,1570186742272,open,2.17,0.0,2.1015,2.264,2.17773954,97.24,None,0.0,BTC-27MAR20-26000-P,8130.29,0.0,0.0015,1.0,0.0,0.0,0.0,8.87846,-2.46851,-122.02193,3e-05,-0.91489
8135.58,SYN.BTC-18OCT19,1570186742285,open,2.0,0.0095,0.0515,0.02870367,80.16,0.0295,0.0,BTC-18OCT19-7500-P,8130.29,72.04,0.0235,10.0,0.0285,10.0,79.85,5.29025,-15.28185,-0.93845,0.00026,-0.27473
174.11,SYN.ETH-11OCT19,1570186742300,open,0.01,452.0,0.001,0.019,0.005851,80.22,0.013,0.0,ETH-11OCT19-200-C,174.07,67.85,0.003,302.0,0.007,301.0,84.38,0.04618,-0.26939,0.00356,0.01008,0.11429
8151.6,SYN.BTC-29NOV19,1570186742309,open,0.04,32.1,0.014,0.0615,0.03540479,82.46,0.034,0.0,BTC-29NOV19-11000-C,8130.29,80.81,0.0335,10.0,0.037,8.1,83.82,9.4775,-6.99339,2.32077,0.00011,0.22138
8132.91,SYN.BTC-11OCT19,1570186742369,open,0.2,0.0,0.1755,0.229,0.20100414,77.99,None,0.0,BTC-11OCT19-9750-P,8130.29,0.0,0.0,0.0,0.0,0.0,0.0,1.1592,-6.57436,-1.76272,0.00012,-0.94957
8138.25,SYN.BTC-25OCT19,1570186742379,open,0.04,332.9,0.0135,0.058,0.03433593,75.63,0.0355,0.0,BTC-25OCT19-9000-C,8130.29,72.29,0.0315,10.0,0.0355,13.7,76.98,6.96539,-12.6166,1.33235,0.00024,0.32058
8135.58,SYN.BTC-18OCT19,1570186742458,open,0.0,0.207,0.2685,0.23661357,79.9,None,0.0,BTC-18OCT19-10000-P,8130.29,0.0,0.013,1.0,0.0,0.0,0.0,2.90927,-8.37568,-3.49596,0.00014,-0.89374
8132.91,SYN.BTC-11OCT19,1570186742500,open,0.01,247.7,0.0005,0.018,0.00550789,86.93,0.005,0.0,BTC-11OCT19-7000-P,8130.29,82.35,0.0045,51.0,0.005,0.9,84.67,1.87092,-11.82702,-0.15234,0.00017,-0.09393
8235.18,BTC-27MAR20,1570186742516,open,3.86,1.0,3.764,3.9805,3.86652894,107.38,2.7125,0.0,BTC-27MAR20-40000-P,8130.29,0.0,0.0055,1.0,0.0,0.0,0.0,4.87684,-1.49726,-190.44797,1e-05,-0.96035
8235.18,BTC-27MAR20,1570186742579,open,0.38,173.5,0.315,0.4405,0.37895107,85.82,0.3755,0.0,BTC-27MAR20-10000-P,8130.29,70.19,0.336,2.0,0.402,11.0,94.16,22.73042,-5.57721,-35.14994,8e-05,-0.51192
8138.25,SYN.BTC-25OCT19,1570186742587,open,0.01,70.8,0.0005,0.022,0.00854719,78.47,0.0085,0.0,BTC-25OCT19-10500-C,8130.29,75.96,0.0075,10.0,0.009,4.8,79.51,3.4934,-6.56593,0.44028,0.00012,0.10314
8151.6,SYN.BTC-29NOV19,1570186742596,open,0.14,75.4,0.097,0.1695,0.13484727,81.39,0.134,0.0,BTC-29NOV19-8000-C,8130.29,78.21,0.13,10.0,0.14,24.0,84.77,12.42458,-9.04913,5.63426,0.00015,0.58635
8135.58,SYN.BTC-18OCT19,1570186742603,open,0.0,0.037,0.0905,0.06457175,72.46,None,0.0,BTC-18OCT19-8000-C,8130.29,66.47,0.06,9.7,0.0675,9.7,76.29,6.21547,-16.2285,1.57922,0.00034,0.57519
8138.25,SYN.BTC-25OCT19,1570186742603,open,0.0,435.0,0.0005,0.011,0.00139024,101.4,0.001,0.0,BTC-25OCT19-14000-C,8130.29,97.13,0.001,20.0,0.0015,8.0,102.46,0.82819,-2.01149,0.07352,2e-05,0.01719
174.57,ETH-27DEC19,1570186742606,open,0.18,1016.0,0.132,0.229,0.184338,103.79,0.197,0.0,ETH-27DEC19-180-C,174.06,101.49,0.18,603.0,0.188,263.0,105.74,0.32805,-0.20297,0.15642,0.00451,0.57425
176.12,ETH-27MAR20,1570186742606,open,0.73,129.0,0.642,0.819,0.732751,106.06,0.74,0.0,ETH-27MAR20-280-P,174.06,83.51,0.675,10.0,0.775,10.0,121.66,0.46962,-0.14241,-1.12822,0.00298,-0.6043
176.12,ETH-27MAR20,1570186742606,open,0.05,1147.0,0.021,0.095,0.055314,111.56,0.049,0.0,ETH-27MAR20-480-C,174.06,109.15,0.051,298.0,0.064,298.0,116.18,0.32077,-0.10231,0.10588,0.00193,0.18079
174.4,SYN.ETH-29NOV19,1570186742605,open,0.44,0.0,0.417,0.468,0.443152,113.3,None,0.0,ETH-29NOV19-100-C,174.06,0.0,0.0,0.0,0.0,0.0,0.0,0.09155,-0.09282,0.13,0.00174,0.93007
174.57,ETH-27DEC19,1570186742607,open,0.01,7122.0,0.001,0.015,0.005258,112.95,0.004,0.0,ETH-27DEC19-560-C,174.06,112.14,0.005,168.0,0.007,1502.0,117.81,0.0568,-0.03824,0.00989,0.00072,0.02991
174.11,SYN.ETH-11OCT19,1570186742606,open,0.0,158.0,0.001,0.012,0.002827,99.23,0.003,0.0,ETH-11OCT19-140-P,174.06,81.86,0.001,520.0,0.005,301.0,112.88,0.02368,-0.17086,-0.00165,0.00418,-0.04755
176.12,ETH-27MAR20,1570186742607,open,1.56,0.0,1.458,1.673,1.563234,110.49,None,0.0,ETH-27MAR20-440-P,174.06,0.0,0.002,10.0,0.0,0.0,0.0,0.34895,-0.11024,-1.98772,0.00213,-0.79241
174.57,ETH-27DEC19,1570186742608,open,0.23,471.0,0.182,0.278,0.234154,104.56,0.241,0.0,ETH-27DEC19-160-C,174.06,102.18,0.23,597.0,0.239,437.0,107.33,0.30509,-0.19016,0.17259,0.00417,0.6644
174.57,ETH-27DEC19,1570186742608,open,2.66,0.0,2.56,2.787,2.66905,113.73,None,0.0,ETH-27DEC19-640-P,174.06,0.0,0.0,0.0,0.0,0.0,0.0,0.03601,-0.02442,-1.46487,0.00045,-0.98259
174.57,ETH-27DEC19,1570186742608,open,0.15,3226.0,0.095,0.19,0.145603,103.8,0.141,0.0,ETH-27DEC19-200-C,174.06,101.39,0.141,610.0,0.15,450.0,106.1,0.33375,-0.20652,0.13825,0.00459,0.49022
174.57,ETH-27DEC19,1570186742608,open,3.34,0.0,3.227,3.494,3.35554,120.29,None,0.0,ETH-27DEC19-760-P,174.06,0.0,0.0,0.0,0.0,0.0,0.0,0.02581,-0.01851,-1.74251,0.00031,-0.98817
174.11,SYN.ETH-11OCT19,1570186742605,open,0.2,0.0,0.172,0.225,0.198742,99.23,None,0.0,ETH-11OCT19-140-C,174.06,0.0,0.0,0.0,0.0,0.0,0.0,0.02368,-0.17086,0.02472,0.00418,0.95245
174.57,ETH-27DEC19,1570186742609,open,3.12,0.0,3.005,3.258,3.126406,116.67,None,0.0,ETH-27DEC19-720-P,174.06,0.0,0.003,5.0,0.0,0.0,0.0,0.02634,-0.01832,-1.65047,0.00032,-0.98789
174.57,ETH-27DEC19,1570186742609,open,0.01,10821.0,0.001,0.019,0.006878,111.7,0.007,0.0,ETH-27DEC19-520-C,174.06,112.01,0.007,177.0,0.01,301.0,118.64,0.06962,-0.04636,0.01261,0.00089,0.03831
174.15,SYN.ETH-18OCT19,1570186742608,open,0.0,0.043,0.107,0.076255,82.87,None,0.0,ETH-18OCT19-170-C,174.06,77.25,0.072,146.0,0.084,146.0,93.09,0.13192,-0.39396,0.03408,0.01381,0.59101
174.57,ETH-27DEC19,1570186742610,open,0.46,2915.0,0.396,0.533,0.465726,103.95,0.477,0.0,ETH-27DEC19-240-P,174.06,84.72,0.433,522.0,0.476,150.0,109.69,0.30945,-0.19175,-0.44822,0.00425,-0.6516
174.57,ETH-27DEC19,1570186742610,open,0.21,2641.0,0.157,0.269,0.215443,103.79,0.224,0.0,ETH-27DEC19-180-P,174.06,100.9,0.21,640.0,0.22,480.0,106.22,0.32805,-0.20297,-0.25722,0.00451,-0.42575
174.15,SYN.ETH-18OCT19,1570186742607,open,61.0,0.082,0.162,0.122552,83.18,0.122,0.0,ETH-18OCT19-190-P,174.06,0.0,0.0,0.0,0.0,0.0,0.0,0.12209,-0.36592,-0.05285,0.01273,-0.67579
174.19,SYN.ETH-25OCT19,1570186742608,open,0.04,1504.0,0.012,0.061,0.035202,88.78,0.038,0.0,ETH-25OCT19-200-C,174.06,84.85,0.032,424.0,0.039,424.0,93.35,0.1433,-0.30472,0.02569,0.0093,0.29306
174.15,SYN.ETH-18OCT19,1570186742609,open,30.0,0.01,0.056,0.031556,83.18,0.028,0.0,ETH-18OCT19-190-C,174.06,73.65,0.025,229.0,0.033,260.0,85.23,0.12209,-0.36592,0.01938,0.01273,0.32421
174.19,SYN.ETH-25OCT19,1570186742609,open,0.1,1308.0,0.064,0.142,0.103527,88.67,0.105,0.0,ETH-25OCT19-180-P,174.06,84.96,0.1,180.0,0.106,128.0,91.26,0.166,-0.35253,-0.06206,0.01079,-0.51938
174.11,SYN.ETH-11OCT19,1570186742612,open,0.26,0.0,0.227,0.305,0.264779,86.42,None,0.0,ETH-11OCT19-220-P,174.06,0.0,0.0,0.0,0.0,0.0,0.0,0.0153,-0.09613,-0.04057,0.0031,-0.97213
8135.58,SYN.BTC-18OCT19,1570186742635,open,0.1,0.0005,0.0115,0.00199761,106.92,0.0015,0.0,BTC-18OCT19-5500-P,8130.29,95.79,0.001,13.0,0.0035,10.0,118.48,0.88732,-3.41867,-0.07956,3e-05,-0.02373
8138.25,SYN.BTC-25OCT19,1570186742637,open,0.96,0.0,0.928,1.01,0.96691131,115.22,None,0.0,BTC-25OCT19-16000-P,8130.29,0.0,0.0,0.0,0.0,0.0,0.0,0.53196,-1.46805,-9.10721,1e-05,-0.98971
8132.91,SYN.BTC-11OCT19,1570186742655,open,0.11,8.1,0.0875,0.1425,0.11433022,70.42,0.1125,0.0,BTC-11OCT19-9000-P,8130.29,59.33,0.111,0.1,0.118,0.1,80.71,2.70133,-13.83283,-1.46408,0.00031,-0.84131
8138.25,SYN.BTC-25OCT19,1570186742664,open,0.19,0.4,0.1555,0.2225,0.18878443,75.95,0.188,0.0,BTC-25OCT19-9500-P,8130.29,0.0,0.158,4.0,0.2075,12.0,99.98,5.8125,-10.57334,-4.49377,0.0002,-0.77667
8235.18,BTC-27MAR20,1570186742677,open,0.03,144.7,0.009,0.0605,0.02995886,94.48,0.031,0.0,BTC-27MAR20-22000-C,8130.29,92.66,0.0275,10.0,0.0325,18.0,96.28,11.39403,-3.07781,3.54751,4e-05,0.11987
8235.18,BTC-27MAR20,1570186742677,open,0.03,366.2,0.013,0.0515,0.03022238,94.75,0.032,0.0,BTC-27MAR20-4000-P,8130.29,92.49,0.028,135.8,0.032,10.0,96.52,8.19244,-2.21951,-4.21122,3e-05,-0.07651
8138.25,SYN.BTC-25OCT19,1570186742684,open,0.14,574.7,0.1065,0.1735,0.14022522,75.63,0.1445,0.0,BTC-25OCT19-9000-P,8130.29,34.38,0.1105,4.0,0.152,17.0,89.08,6.96541,-12.61678,-3.81508,0.00024,-0.67942
8235.18,BTC-27MAR20,1570186742705,open,0.06,822.8,0.027,0.1025,0.06178094,90.03,0.064,0.0,BTC-27MAR20-16000-C,8130.29,88.19,0.058,17.0,0.066,10.0,92.04,17.11167,-4.40487,6.4546,6e-05,0.22537
8151.6,SYN.BTC-29NOV19,1570186742712,open,0.39,0.0,0.3415,0.4295,0.38482967,82.46,None,0.0,BTC-29NOV19-11000-P,8130.29,0.0,0.0005,2.0,0.0,0.0,0.0,9.47723,-6.99294,-14.51858,0.00011,-0.77863
8235.18,BTC-27MAR20,1570186742778,open,0.02,26.7,0.004,0.041,0.01723824,98.34,0.021,0.0,BTC-27MAR20-28000-C,8130.29,95.9,0.015,18.0,0.02,15.0,101.11,7.86196,-2.21061,2.18011,2e-05,0.07249
8135.58,SYN.BTC-18OCT19,1570186742891,open,10.0,0.023,0.074,0.04790766,72.46,0.0455,0.0,BTC-18OCT19-8000-P,8130.29,68.0,0.0445,10.0,0.051,10.0,76.51,6.21547,-16.22881,-1.46203,0.00034,-0.42481
8138.25,SYN.BTC-25OCT19,1570186742908,open,0.22,0.0,0.191,0.2395,0.21531655,88.67,None,0.0,BTC-25OCT19-6500-C,8130.29,0.0,0.195,5.0,0.2365,5.0,125.78,3.93435,-8.35528,3.08543,0.00012,0.8782
8151.59,SYN.BTC-29NOV19,1570186742910,open,0.4,0.0,0.38,0.4235,0.40112369,98.48,None,0.0,BTC-29NOV19-5000-C,8130.29,0.0,0.012,1.0,0.0,0.0,0.0,4.37553,-3.85605,6.5749,4e-05,0.92801
8138.25,SYN.BTC-25OCT19,1570186742910,open,0.72,2.0,0.687,0.76,0.72166398,101.42,0.372,0.0,BTC-25OCT19-14000-P,8130.29,0.0,0.0,0.0,0.76,0.1,200.41,0.82881,-2.01328,-7.93353,2e-05,-0.9828
8135.58,SYN.BTC-18OCT19,1570186742928,open,0.0,0.2485,0.287,0.26686803,100.64,None,0.0,BTC-18OCT19-6000-C,8130.29,0.0,0.2525,1.0,0.2825,1.0,152.06,1.6226,-5.88438,2.11437,6e-05,0.95051
8138.25,SYN.BTC-25OCT19,1570186742977,open,0.3,0.0,0.2675,0.3325,0.29875236,78.48,None,0.0,BTC-25OCT19-10500-P,8130.29,0.0,0.2745,3.0,0.3235,3.0,120.05,3.49359,-6.56649,-5.56503,0.00012,-0.89685
8151.59,SYN.BTC-29NOV19,1570186743014,open,0.12,74.1,0.078,0.1535,0.11624852,81.39,0.1165,0.0,BTC-29NOV19-8000-P,8130.29,78.93,0.1125,9.6,0.12,14.6,83.85,12.42458,-9.04899,-6.61247,0.00015,-0.41365
8132.91,SYN.BTC-11OCT19,1570186743037,open,0.0,254.6,0.0005,0.013,0.00319283,75.02,0.003,0.0,BTC-11OCT19-9500-C,8130.29,73.99,0.003,4.4,0.0035,0.5,76.61,1.53969,-8.40017,0.10618,0.00016,0.0725
8235.17,BTC-27MAR20,1570186743079,open,0.12,507.8,0.0675,0.1635,0.1154399,87.24,0.12,0.0,BTC-27MAR20-12000-C,8130.29,85.93,0.112,10.0,0.1195,19.0,88.79,21.59509,-5.38681,10.19822,8e-05,0.37391
8235.17,BTC-27MAR20,1570186743093,open,0.01,34.0,0.003,0.0355,0.01405248,102.28,0.0135,0.0,BTC-27MAR20-32000-C,8130.29,100.31,0.0125,3.3,0.016,15.0,104.58,6.70193,-1.95995,1.77367,2e-05,0.05901
8132.91,SYN.BTC-11OCT19,1570186743137,open,0.33,0.0,0.31,0.3405,0.32448047,130.36,None,0.0,BTC-11OCT19-5500-C,8130.29,0.0,0.0,0.0,0.0,0.0,0.0,0.33421,-3.16824,1.01741,2e-05,0.98857
8151.59,SYN.BTC-29NOV19,1570186743157,open,0.02,36.0,0.007,0.0445,0.02269028,83.39,0.022,0.0,BTC-29NOV19-12000-C,8130.29,82.09,0.0215,19.0,0.0225,5.0,83.19,7.54741,-5.63206,1.6309,9e-05,0.15338
8235.17,BTC-27MAR20,1570186743179,open,0.37,8.5,0.325,0.4075,0.36803201,87.63,0.35,0.0,BTC-27MAR20-6000-C,8130.29,78.61,0.3505,4.0,0.3775,13.0,92.43,16.17659,-4.05306,16.86239,6e-05,0.79541
8135.58,SYN.BTC-18OCT19,1570186743195,open,3.2,0.019,0.069,0.04356148,79.89,0.036,0.0,BTC-18OCT19-8500-C,8130.29,65.92,0.033,10.0,0.0385,10.0,73.22,6.19859,-17.84418,1.16238,0.00031,0.4194
8235.17,BTC-27MAR20,1570186743216,open,1.0,1.1,0.9365,1.077,1.00465779,90.03,0.911,0.0,BTC-27MAR20-16000-P,8130.29,57.85,0.954,1.0,1.0535,1.0,111.35,17.11073,-4.40441,-70.20371,6e-05,-0.77465
8151.59,SYN.BTC-29NOV19,1570186743231,open,0.01,34.7,0.0015,0.0265,0.01105311,87.9,0.013,0.0,BTC-29NOV19-14000-C,8130.29,86.06,0.01,10.0,0.0125,10.1,90.3,4.77165,-3.7534,0.86877,5e-05,0.08067
8135.58,SYN.BTC-18OCT19,1570186743240,open,0.0,0.0005,0.014,0.0043704,100.65,None,0.0,BTC-18OCT19-6000-P,8130.29,93.09,0.003,10.0,0.0055,10.0,105.97,1.62281,-5.88543,-0.1666,6e-05,-0.0495
8235.17,BTC-27MAR20,1570186743252,open,1.7,6.0,1.63,1.7815,1.70141462,94.47,1.826,0.0,BTC-27MAR20-22000-P,8130.29,0.0,0.795,0.4,0.0,0.0,0.0,11.39157,-3.07684,-101.85796,4e-05,-0.88017
8138.25,SYN.BTC-25OCT19,1570186743259,open,0.0,439.4,0.0005,0.0105,0.00097173,107.04,0.001,0.0,BTC-25OCT19-15000-C,8130.29,99.13,0.0005,30.0,0.001,8.0,107.42,0.60307,-1.54614,0.05082,1e-05,0.01189
8132.91,SYN.BTC-11OCT19,1570186743267,open,0.01,461.5,0.0015,0.03,0.01251648,75.96,0.0105,0.0,BTC-11OCT19-7500-P,8130.29,70.64,0.0105,8.6,0.012,1.7,74.62,3.15748,-17.44024,-0.33091,0.00033,-0.20348
8138.25,SYN.BTC-25OCT19,1570186743297,open,0.01,95.8,0.0035,0.03,0.0140151,88.67,0.0145,0.0,BTC-25OCT19-6500-P,8130.29,85.47,0.0125,10.0,0.015,18.4,90.68,3.93443,-8.35557,-0.63218,0.00012,-0.1218
8138.25,SYN.BTC-25OCT19,1570186743367,open,0.27,16.3,0.2505,0.293,0.27125309,96.27,0.27,0.0,BTC-25OCT19-6000-C,8130.29,0.0,0.255,5.0,0.289,5.0,136.55,2.75696,-6.35706,3.04259,8e-05,0.92493
8138.25,SYN.BTC-25OCT19,1570186743372,open,0.24,325.4,0.21,0.276,0.24209682,76.77,0.25,0.0,BTC-25OCT19-10000-P,8130.29,0.0,0.215,3.0,0.251,9.9,91.13,4.56709,-8.39803,-5.07648,0.00016,-0.84855
8135.58,SYN.BTC-18OCT19,1570186743395,open,0.0,0.0005,0.012,0.00204101,81.46,None,0.0,BTC-18OCT19-11000-C,8130.29,77.47,0.0015,10.0,0.0025,0.1,84.37,1.20835,-3.54703,0.10007,6e-05,0.0344
8138.25,SYN.BTC-25OCT19,1570186743399,open,0.0,923.7,0.0005,0.0105,0.00049865,116.28,0.0005,0.0,BTC-25OCT19-17000-C,8130.29,0.0,0.0,0.0,0.001,28.6,125.63,0.33269,-0.92652,0.02577,1e-05,0.00604
8132.91,SYN.BTC-11OCT19,1570186743410,open,0.17,0.0,0.146,0.1995,0.17128859,75.04,None,0.0,BTC-11OCT19-9500-P,8130.29,0.0,0.14,1.0,0.0,0.0,0.0,1.54025,-8.40458,-1.68333,0.00016,-0.92746
8151.59,SYN.BTC-29NOV19,1570186743425,open,0.01,87.6,0.0045,0.03,0.01450014,98.48,0.014,0.0,BTC-29NOV19-5000-P,8130.29,95.62,0.013,11.0,0.016,29.0,101.22,4.37539,-3.85586,-1.07926,4e-05,-0.07199
8132.91,SYN.BTC-11OCT19,1570186743525,open,0.01,93.4,0.0015,0.0305,0.01293286,70.29,0.012,0.0,BTC-11OCT19-8750-C,8130.29,64.42,0.0105,0.8,0.012,0.4,68.07,3.4613,-17.69156,0.34617,0.0004,0.23889
8151.59,SYN.BTC-29NOV19,1570186743550,open,0.01,20.5,0.0005,0.021,0.00781377,89.63,0.008,0.0,BTC-29NOV19-15000-C,8130.29,86.62,0.0065,20.0,0.0095,10.1,93.1,3.74674,-3.00497,0.63803,4e-05,0.05894
8235.17,BTC-27MAR20,1570186743565,open,2.9,0.0,2.813,2.9975,2.89980646,102.26,None,0.0,BTC-27MAR20-32000-P,8130.29,0.0,0.004,1.0,0.0,0.0,0.0,6.69654,-1.95793,-151.54365,2e-05,-0.94105
174.18,SYN.ETH-25OCT19,1570186743611,open,0.18,955.0,0.139,0.227,0.183344,88.72,0.178,0.0,ETH-25OCT19-200-P,174.06,51.75,0.157,21.0,0.212,21.0,121.69,0.14323,-0.30436,-0.08872,0.0093,-0.70722
176.11,ETH-27MAR20,1570186743641,open,1.78,0.0,1.672,1.896,1.780729,111.48,None,0.0,ETH-27MAR20-480-P,174.06,0.0,0.003,10.0,0.0,0.0,0.0,0.32037,-0.10211,-2.19402,0.00193,-0.81955
8132.91,SYN.BTC-11OCT19,1570186743655,open,0.05,131.6,0.022,0.071,0.04702768,70.56,0.042,0.0,BTC-11OCT19-8000-C,8130.29,60.2,0.0415,14.5,0.0465,0.4,69.57,4.34805,-22.3101,0.8265,0.00049,0.58651
174.56,ETH-27DEC19,1570186743689,open,0.07,1924.0,0.034,0.11,0.072191,104.16,0.078,0.0,ETH-27DEC19-260-C,174.06,101.6,0.068,247.0,0.077,287.0,107.06,0.28725,-0.17837,0.08808,0.00394,0.29177
174.18,SYN.ETH-25OCT19,1570186743689,open,0.02,1509.0,0.004,0.036,0.016855,89.69,0.014,0.0,ETH-25OCT19-220-C,174.06,86.48,0.015,468.0,0.02,468.0,94.86,0.10268,-0.22058,0.01458,0.0066,0.16321
174.39,SYN.ETH-29NOV19,1570186743720,open,0.01,143.0,0.005,0.032,0.016536,113.29,0.012,0.0,ETH-29NOV19-100-P,174.06,108.29,0.014,660.0,0.02,300.0,119.63,0.09155,-0.09281,-0.02308,0.00174,-0.06993
176.11,ETH-27MAR20,1570186743725,open,0.05,1725.0,0.017,0.086,0.047808,112.68,0.046,0.0,ETH-27MAR20-520-C,174.06,109.75,0.043,300.0,0.055,300.0,116.84,0.2955,-0.0952,0.0939,0.00176,0.15909
174.14,SYN.ETH-18OCT19,1570186743734,open,41.0,0.004,0.039,0.018961,83.2,0.015,0.0,ETH-18OCT19-200-C,174.06,76.1,0.015,265.0,0.02,2.0,84.98,0.10052,-0.30135,0.01331,0.01048,0.21995
174.56,ETH-27DEC19,1570186743772,open,0.56,946.0,0.491,0.631,0.561565,104.11,0.3,0.0,ETH-27DEC19-260-P,174.06,0.0,0.0,0.0,0.568,96.0,107.98,0.28717,-0.17823,-0.50943,0.00394,-0.70841
174.1,SYN.ETH-11OCT19,1570186743801,open,0.15,0.0,0.114,0.173,0.14467,89.57,None,0.0,ETH-11OCT19-150-C,174.06,0.0,0.0,0.0,0.0,0.0,0.0,0.04237,-0.27601,0.02473,0.00828,0.89857
174.18,SYN.ETH-25OCT19,1570186743842,open,0.0,5488.0,0.001,0.012,0.00206,96.09,0.003,0.0,ETH-25OCT19-280-C,174.06,86.83,0.001,180.0,0.003,180.0,101.92,0.02479,-0.05705,0.00234,0.00149,0.02554
174.39,SYN.ETH-29NOV19,1570186743842,open,0.35,0.0,0.311,0.377,0.345892,105.97,None,0.0,ETH-29NOV19-120-C,174.06,0.0,0.0,0.0,0.0,0.0,0.0,0.1472,-0.13958,0.13892,0.00298,0.86626
174.56,ETH-27DEC19,1570186743846,open,0.05,1103.0,0.018,0.08,0.04694,105.31,0.05,0.0,ETH-27DEC19-300-C,174.06,103.13,0.044,180.0,0.052,295.0,108.95,0.23846,-0.1497,0.06382,0.00323,0.20603
8132.91,SYN.BTC-11OCT19,1570186743848,open,0.09,0.0,0.061,0.117,0.08881053,70.29,None,0.0,BTC-11OCT19-8750-P,8130.29,59.64,0.0845,0.1,0.091,0.1,75.34,3.46144,-17.69352,-1.30209,0.0004,-0.7611
174.18,SYN.ETH-25OCT19,1570186743852,open,0.01,1256.0,0.001,0.021,0.008274,91.91,0.008,0.0,ETH-25OCT19-240-C,174.06,85.51,0.006,581.0,0.011,480.0,98.51,0.06695,-0.14738,0.00802,0.0042,0.08877
176.11,ETH-27MAR20,1570186743894,open,0.04,1205.0,0.014,0.078,0.041785,113.78,0.042,0.0,ETH-27MAR20-560-C,174.06,110.61,0.037,300.0,0.049,300.0,118.27,0.27287,-0.08877,0.08387,0.00161,0.14118
174.18,SYN.ETH-25OCT19,1570186743922,open,0.38,302.0,0.341,0.434,0.386044,91.7,0.432,0.0,ETH-25OCT19-240-P,174.06,0.0,0.356,14.0,0.407,14.0,131.1,0.06664,-0.14635,-0.12929,0.00419,-0.9118
174.1,SYN.ETH-11OCT19,1570186743940,open,0.01,307.0,0.001,0.02,0.006189,89.37,0.011,0.0,ETH-11OCT19-150-P,174.06,74.15,0.003,300.0,0.009,300.0,100.07,0.04223,-0.27446,-0.00351,0.00828,-0.10097
8132.91,SYN.BTC-11OCT19,1570186743970,open,0.0,22.4,0.0005,0.0105,0.0007363,86.2,0.0025,0.0,BTC-11OCT19-10500-C,8130.29,81.77,0.0005,5.5,0.001,0.6,90.14,0.49093,-3.07741,0.02624,5e-05,0.01786
174.18,SYN.ETH-25OCT19,1570186744001,open,0.0,1073.0,0.001,0.014,0.004123,94.17,0.004,0.0,ETH-25OCT19-260-C,174.06,89.01,0.003,480.0,0.006,480.0,101.22,0.04148,-0.09355,0.00436,0.00254,0.04785
8132.91,SYN.BTC-11OCT19,1570186744147,open,0.23,0.6,0.206,0.2595,0.23122384,82.25,0.225,0.0,BTC-11OCT19-10000-P,8130.29,0.0,0.222,4.9,0.25,2.0,154.35,0.92278,-5.51942,-1.82805,9e-05,-0.96199
8132.91,SYN.BTC-11OCT19,1570186744173,open,0.01,211.9,0.0005,0.0165,0.00482352,72.22,0.0045,0.0,BTC-11OCT19-9250-C,8130.29,70.91,0.0045,10.4,0.005,0.6,72.91,2.04144,-10.72068,0.15476,0.00023,0.10584
8162.23,BTC-27DEC19,1570186744203,open,3.41,1.3,3.3245,3.5055,3.41172611,114.47,2.2,0.0,BTC-27DEC19-36000-P,8130.29,0.0,0.01,1.0,0.0,0.0,0.0,0.81509,-0.55621,-82.60698,0.0,-0.99245
8132.91,SYN.BTC-11OCT19,1570186744242,open,0.0,30.0,0.0005,0.014,0.00368547,92.77,0.0045,0.0,BTC-11OCT19-6750-P,8130.29,85.13,0.0025,10.5,0.0035,0.8,91.67,1.38702,-9.35744,-0.10267,0.00012,-0.06333
8235.16,BTC-27MAR20,1570186744265,open,2.65,0.0,2.5755,2.7525,2.65866407,100.67,None,0.0,BTC-27MAR20-30000-P,8130.29,0.0,0.0035,1.0,0.0,0.0,0.0,7.30703,-2.10321,-141.75373,2e-05,-0.93408
8162.23,BTC-27DEC19,1570186744270,open,0.17,338.0,0.125,0.207,0.16794122,83.91,0.164,0.0,BTC-27DEC19-8000-C,8130.29,83.4,0.167,4.2,0.17,5.0,85.02,15.1254,-7.56571,8.08711,0.00012,0.5991
8162.23,BTC-27DEC19,1570186744303,open,1.21,9.4,1.1645,1.272,1.21503885,92.75,1.1125,0.0,BTC-27DEC19-18000-P,8130.29,0.0,0.006,5.0,1.8735,0.2,500.0,4.6496,-2.57088,-40.42452,3e-05,-0.94019
8162.23,BTC-27DEC19,1570186744325,open,0.06,765.3,0.031,0.098,0.06310314,84.93,0.0605,0.0,BTC-27DEC19-11000-C,8130.29,85.17,0.0635,3.9,0.065,17.2,86.07,13.56949,-6.87042,4.41169,0.0001,0.29831
8151.57,SYN.BTC-29NOV19,1570186744335,open,0.06,52.8,0.027,0.0855,0.05516844,81.39,0.0525,0.0,BTC-29NOV19-10000-C,8130.29,79.82,0.053,10.0,0.057,8.1,82.71,11.32539,-8.24858,3.23874,0.00014,0.31471
8162.23,BTC-27DEC19,1570186744388,open,0.82,10.1,0.807,0.8265,0.81678265,141.38,0.8205,0.0,BTC-27DEC19-1500-C,8130.29,0.0,0.809,1.0,0.825,1.0,217.04,0.27793,-0.23425,3.394,0.0,0.99773
8162.23,BTC-27DEC19,1570186744390,open,0.15,586.4,0.104,0.1905,0.14805952,83.91,0.144,0.0,BTC-27DEC19-8000-P,8130.29,83.6,0.1475,3.8,0.15,5.0,84.95,15.12542,-7.56543,-10.29653,0.00012,-0.4009
8162.23,BTC-27DEC19,1570186744392,open,0.01,454.9,0.0005,0.015,0.00509569,117.87,0.0055,0.0,BTC-27DEC19-3000-P,8130.29,112.81,0.004,32.2,0.006,4.2,121.58,1.89361,-1.3305,-0.47051,1e-05,-0.01999
8162.23,BTC-27DEC19,1570186744399,open,1.94,0.0,1.8835,2.0115,1.94414282,101.4,None,0.0,BTC-27DEC19-24000-P,8130.29,0.0,0.008,1.0,2.5675,0.2,500.0,2.21692,-1.34008,-54.76996,1e-05,-0.97591
8162.23,BTC-27DEC19,1570186744407,open,5.37,0.8,5.246,5.503,5.37147811,130.58,3.59,0.0,BTC-27DEC19-52000-P,8130.29,0.0,0.001,2.0,0.0,0.0,0.0,0.4719,-0.36732,-119.43017,0.0,-0.99592
8132.91,SYN.BTC-11OCT19,1570186744468,open,0.02,235.6,0.0045,0.041,0.02081606,70.29,0.0165,0.0,BTC-11OCT19-8500-C,8130.29,61.59,0.0165,8.2,0.0195,0.4,67.66,4.09518,-20.93189,0.49073,0.00047,0.34113
8138.24,SYN.BTC-25OCT19,1570186744506,open,0.06,263.7,0.0275,0.08,0.05354382,75.63,0.0545,0.0,BTC-25OCT19-8500-C,8130.29,70.8,0.049,10.0,0.054,5.9,76.11,7.67761,-13.90676,1.80049,0.00027,0.44037
8235.16,BTC-27MAR20,1570186744534,open,3.14,0.0,3.0505,3.243,3.14118997,103.67,None,0.0,BTC-27MAR20-34000-P,8130.29,0.0,0.0045,1.0,0.0,0.0,0.0,6.15034,-1.82305,-161.30516,2e-05,-0.94708
8132.91,SYN.BTC-11OCT19,1570186744574,open,0.12,0.1,0.093,0.1395,0.11635681,79.69,0.116,0.0,BTC-11OCT19-7250-C,8130.29,60.32,0.1115,0.1,0.118,0.1,85.03,2.41733,-14.00813,1.14772,0.00024,0.86551
8132.91,SYN.BTC-11OCT19,1570186744717,open,0.0,32.8,0.0005,0.0105,0.00072476,99.03,0.0005,0.0,BTC-11OCT19-11000-C,8130.29,94.32,0.0005,8.4,0.001,0.7,103.61,0.43794,-3.15384,0.02284,4e-05,0.01563
8132.91,SYN.BTC-11OCT19,1570186744775,open,0.0,151.2,0.0005,0.0125,0.00287102,101.8,0.003,0.0,BTC-11OCT19-6500-P,8130.29,94.71,0.002,0.5,0.003,1.3,102.75,1.09719,-8.12275,-0.07653,9e-05,-0.04708
8132.91,SYN.BTC-11OCT19,1570186744873,open,0.07,76.8,0.0385,0.0935,0.06595202,70.29,0.064,0.0,BTC-11OCT19-8500-P,8130.29,60.28,0.061,0.4,0.0665,6.0,71.37,4.09517,-20.93152,-1.11047,0.00047,-0.65888
8138.24,SYN.BTC-25OCT19,1570186744894,open,0.1,19.8,0.0655,0.1295,0.0979939,75.62,0.0955,0.0,BTC-25OCT19-8500-P,8130.29,71.92,0.0945,4.9,0.0995,4.7,77.22,7.6776,-13.9064,-3.06099,0.00027,-0.55964
8132.91,SYN.BTC-11OCT19,1570186744903,open,0.01,29.0,0.0005,0.022,0.00779601,79.69,0.006,0.0,BTC-11OCT19-7250-P,8130.29,73.35,0.006,0.5,0.0075,1.6,78.68,2.41725,-14.0072,-0.21798,0.00024,-0.13449
174.39,SYN.ETH-29NOV19,1570186745017,open,0.24,0.0,0.191,0.301,0.247896,98.73,None,0.0,ETH-29NOV19-200-P,174.06,0.0,0.0,0.0,0.0,0.0,0.0,0.26868,-0.23736,-0.2168,0.00585,-0.56417
174.14,SYN.ETH-18OCT19,1570186745017,open,0.0,0.232,0.283,0.257677,96.47,None,0.0,ETH-18OCT19-130-C,174.06,0.0,0.0,0.0,0.0,0.0,0.0,0.03482,-0.12106,0.04586,0.00313,0.95035
174.1,SYN.ETH-11OCT19,1570186745022,open,0.02,431.0,0.002,0.034,0.013989,80.27,0.012,0.0,ETH-11OCT19-190-C,174.06,64.81,0.008,266.0,0.013,266.0,77.88,0.0726,-0.42378,0.00709,0.01584,0.23023
8132.91,SYN.BTC-11OCT19,1570186745029,open,0.0,10.4,0.0005,0.012,0.00216953,77.98,0.002,0.0,BTC-11OCT19-9750-C,8130.29,76.76,0.002,9.7,0.0025,0.6,80.2,1.15858,-6.56964,0.07389,0.00012,0.0504
176.11,ETH-27MAR20,1570186745049,open,0.43,40.0,0.38,0.471,0.429874,105.79,0.459,0.0,ETH-27MAR20-120-C,174.06,76.9,0.378,20.0,0.0,0.0,0.0,0.32727,-0.09899,0.32349,0.00208,0.81327
8138.24,SYN.BTC-25OCT19,1570186745079,open,0.06,1279.4,0.035,0.092,0.06326763,75.62,0.065,0.0,BTC-25OCT19-8000-P,8130.29,73.21,0.061,10.0,0.0655,4.8,78.0,7.63256,-13.82487,-2.2799,0.00027,-0.42655
174.14,SYN.ETH-18OCT19,1570186745090,open,0.0,0.001,0.014,0.004148,96.26,None,0.0,ETH-18OCT19-130-P,174.06,0.0,0.0,0.0,0.008,300.0,112.46,0.03464,-0.12014,-0.00354,0.00312,-0.04932
176.11,ETH-27MAR20,1570186745123,open,0.11,1798.0,0.068,0.153,0.111228,105.77,0.114,0.0,ETH-27MAR20-120-P,174.06,102.41,0.105,599.0,0.119,279.0,109.94,0.32726,-0.09897,-0.2514,0.00208,-0.18672
174.1,SYN.ETH-11OCT19,1570186745158,open,0.11,35.0,0.068,0.142,0.105247,80.12,0.102,0.0,ETH-11OCT19-190-P,174.06,0.0,0.076,1.0,0.112,5.0,95.53,0.07251,-0.42249,-0.02871,0.01585,-0.77026
176.11,ETH-27MAR20,1570186745203,open,0.31,358.0,0.257,0.368,0.317554,104.53,0.325,0.0,ETH-27MAR20-160-C,174.06,101.85,0.311,264.0,0.328,264.0,108.81,0.43037,-0.12862,0.31381,0.00277,0.68947
8132.91,SYN.BTC-11OCT19,1570186745216,open,0.07,26.2,0.04,0.0905,0.06632976,71.62,0.0655,0.0,BTC-11OCT19-7750-C,8130.29,60.1,0.061,4.9,0.067,0.1,73.03,3.84953,-20.04956,0.97895,0.00043,0.70531
174.39,SYN.ETH-29NOV19,1570186745238,open,0.07,12.0,0.036,0.108,0.072339,98.77,0.075,0.0,ETH-29NOV19-220-C,174.06,96.43,0.069,240.0,0.079,240.0,103.37,0.25047,-0.22137,0.0719,0.00545,0.34165
174.14,SYN.ETH-18OCT19,1570186745247,open,0.0,0.175,0.233,0.205289,93.58,None,0.0,ETH-18OCT19-140-C,174.06,0.0,0.0,0.0,0.0,0.0,0.0,0.05915,-0.19948,0.04606,0.00548,0.901
8132.91,SYN.BTC-11OCT19,1570186745266,open,0.01,203.0,0.0005,0.022,0.00771368,70.41,0.0075,0.0,BTC-11OCT19-9000-C,8130.29,66.64,0.0065,0.8,0.0075,0.5,69.77,2.70109,-13.83052,0.23126,0.00031,0.15867
8135.57,SYN.BTC-18OCT19,1570186745268,open,0.0,0.3105,0.343,0.32595519,106.93,None,0.0,BTC-18OCT19-5500-C,8130.29,0.0,0.314,1.0,0.34,1.0,170.95,0.88755,-3.4198,2.01127,3e-05,0.97626
176.11,ETH-27MAR20,1570186745279,open,0.22,1294.0,0.163,0.283,0.226026,104.51,0.239,0.0,ETH-27MAR20-160-P,174.06,100.01,0.215,242.0,0.234,242.0,107.78,0.43038,-0.1286,-0.45274,0.00277,-0.31054
8138.24,SYN.BTC-25OCT19,1570186745287,open,0.02,97.2,0.0065,0.0415,0.02145681,75.95,0.02,0.0,BTC-25OCT19-9500-C,8130.29,73.89,0.02,4.0,0.0225,4.6,77.4,5.81242,-10.5731,0.93961,0.0002,0.22333
8138.24,SYN.BTC-25OCT19,1570186745287,open,0.6,32.0,0.5665,0.636,0.59936815,94.42,0.6245,0.0,BTC-25OCT19-13000-P,8130.29,0.0,0.574,2.0,0.6215,2.0,157.47,1.13426,-2.56499,-7.32838,3e-05,-0.97509
174.14,SYN.ETH-18OCT19,1570186745330,open,0.0,0.001,0.023,0.009182,93.45,None,0.0,ETH-18OCT19-140-P,174.06,79.51,0.005,300.0,0.012,300.0,101.31,0.05903,-0.19877,-0.00714,0.00548,-0.09872
176.11,ETH-27MAR20,1570186745367,open,0.23,1040.0,0.176,0.295,0.241205,105.62,0.238,0.0,ETH-27MAR20-200-C,174.06,102.97,0.234,270.0,0.248,270.0,108.13,0.47747,-0.14419,0.28244,0.00304,0.57595
174.39,SYN.ETH-29NOV19,1570186745414,open,0.33,0.0,0.275,0.391,0.333785,98.72,None,0.0,ETH-29NOV19-220-P,174.06,0.0,0.0,0.0,0.0,0.0,0.0,0.25043,-0.22122,-0.26491,0.00545,-0.6585
174.14,SYN.ETH-18OCT19,1570186745429,open,0.0,0.122,0.185,0.155031,87.05,None,0.0,ETH-18OCT19-150-C,174.06,0.0,0.0,0.0,0.0,0.0,0.0,0.0851,-0.26694,0.04485,0.00848,0.83252
174.1,SYN.ETH-11OCT19,1570186745442,open,0.15,0.0,0.117,0.193,0.15455,80.02,None,0.0,ETH-11OCT19-200-P,174.06,0.0,0.0,0.0,0.0,0.0,0.0,0.04596,-0.26745,-0.03414,0.01006,-0.88645
176.11,ETH-27MAR20,1570186745458,open,0.37,1236.0,0.299,0.447,0.376794,105.6,0.375,0.0,ETH-27MAR20-200-P,174.06,97.95,0.356,300.0,0.41,18.0,117.92,0.47748,-0.14416,-0.67577,0.00304,-0.4241
174.14,SYN.ETH-18OCT19,1570186745531,open,1.0,0.004,0.035,0.016344,86.95,0.016,0.0,ETH-18OCT19-150-P,174.06,77.64,0.012,276.0,0.018,1.0,90.29,0.08503,-0.2664,-0.01215,0.00848,-0.16725
176.11,ETH-27MAR20,1570186745535,open,0.18,1276.0,0.121,0.238,0.183827,105.62,0.192,0.0,ETH-27MAR20-240-C,174.06,103.87,0.179,276.0,0.193,276.0,108.94,0.4855,-0.14661,0.24731,0.00309,0.47693
174.39,SYN.ETH-29NOV19,1570186745539,open,0.05,17.0,0.022,0.083,0.051433,98.77,0.05,0.0,ETH-29NOV19-240-C,174.06,96.05,0.048,262.0,0.055,1.0,101.53,0.22277,-0.19688,0.05657,0.00484,0.26332
8132.91,SYN.BTC-11OCT19,1570186745546,open,0.02,80.6,0.004,0.0395,0.01924794,71.62,0.02,0.0,BTC-11OCT19-7750-P,8130.29,65.75,0.0165,6.4,0.02,0.4,73.21,3.84951,-20.04921,-0.48096,0.00043,-0.29468
174.1,SYN.ETH-11OCT19,1570186745576,open,0.0,273.0,0.001,0.012,0.00229,80.89,0.002,0.0,ETH-11OCT19-210-C,174.06,69.79,0.001,80.0,0.004,301.0,90.97,0.02513,-0.14782,0.00161,0.00544,0.05123
176.11,ETH-27MAR20,1570186745621,open,0.54,126.0,0.461,0.626,0.546595,105.61,0.556,0.0,ETH-27MAR20-240-P,174.06,98.49,0.527,300.0,0.585,13.0,119.53,0.48549,-0.1466,-0.90256,0.00309,-0.52309
174.14,SYN.ETH-18OCT19,1570186745651,open,0.0,0.076,0.143,0.111716,84.5,None,0.0,ETH-18OCT19-160-C,174.06,80.3,0.109,128.0,0.122,128.0,99.99,0.11338,-0.34524,0.04057,0.01164,0.72457
174.1,SYN.ETH-11OCT19,1570186745705,open,0.21,1.0,0.172,0.248,0.208484,80.88,0.215,0.0,ETH-11OCT19-210-P,174.06,0.0,0.0,0.0,0.0,0.0,0.0,0.02511,-0.14768,-0.03795,0.00544,-0.94881
174.39,SYN.ETH-29NOV19,1570186745705,open,0.42,0.0,0.367,0.487,0.427622,98.76,None,0.0,ETH-29NOV19-240-P,174.06,0.0,0.0,0.0,0.0,0.0,0.0,0.22276,-0.19685,-0.31084,0.00484,-0.73671
176.11,ETH-27MAR20,1570186745707,open,0.14,916.0,0.085,0.196,0.142914,106.06,0.143,0.0,ETH-27MAR20-280-C,174.06,104.96,0.14,282.0,0.15,292.0,108.71,0.46958,-0.1424,0.21327,0.00298,0.39567
174.14,SYN.ETH-18OCT19,1570186745737,open,0.0,0.01,0.056,0.030467,84.45,None,0.0,ETH-18OCT19-160-P,174.06,72.74,0.023,228.0,0.033,228.0,88.32,0.11336,-0.34496,-0.02024,0.01164,-0.27534
8135.57,SYN.BTC-18OCT19,1570186745757,open,0.0,0.0005,0.0135,0.00398248,80.88,None,0.0,BTC-18OCT19-10500-C,8130.29,73.85,0.0025,10.0,0.005,10.1,84.9,1.93622,-5.64298,0.17913,0.0001,0.0619
174.18,SYN.ETH-25OCT19,1570186745841,open,0.43,18.0,0.409,0.449,0.429066,127.95,0.411,0.0,ETH-25OCT19-100-C,174.06,0.0,0.0,0.0,0.0,0.0,0.0,0.02403,-0.07365,0.05443,0.00108,0.97538
174.39,SYN.ETH-29NOV19,1570186745844,open,0.04,41.0,0.014,0.065,0.037137,99.41,0.031,0.0,ETH-29NOV19-260-C,174.06,97.45,0.035,280.0,0.041,281.0,102.85,0.19252,-0.17125,0.04418,0.00416,0.20261
8132.91,SYN.BTC-11OCT19,1570186745873,open,0.03,121.8,0.0105,0.0545,0.0318689,70.1,0.031,0.0,BTC-11OCT19-8250-C,8130.29,60.22,0.0265,15.0,0.031,0.4,68.5,4.43073,-22.58499,0.65588,0.00051,0.45998
176.11,ETH-27MAR20,1570186745881,open,0.11,535.0,0.06,0.163,0.112525,106.42,0.115,0.0,ETH-27MAR20-320-C,174.06,105.41,0.11,286.0,0.118,1.0,108.6,0.44097,-0.13418,0.18274,0.00279,0.3291
174.1,SYN.ETH-11OCT19,1570186745881,open,0.31,0.0,0.29,0.334,0.311746,130.16,None,0.0,ETH-11OCT19-120-C,174.06,0.0,0.0,0.0,0.0,0.0,0.0,0.009,-0.0852,0.02208,0.00121,0.98509
8132.91,SYN.BTC-11OCT19,1570186745900,open,0.09,8.6,0.065,0.1145,0.09033593,75.95,0.086,0.0,BTC-11OCT19-7500-C,8130.29,61.19,0.085,0.1,0.091,0.1,77.65,3.15742,-17.43923,1.08191,0.00033,0.79653
174.18,SYN.ETH-25OCT19,1570186745914,open,0.0,4090.0,0.001,0.013,0.00317,127.95,0.002,0.0,ETH-25OCT19-100-P,174.06,118.29,0.002,520.0,0.004,480.0,133.56,0.02403,-0.07365,-0.00277,0.00108,-0.02462
174.14,SYN.ETH-18OCT19,1570186745930,open,0.0,0.023,0.084,0.052436,82.87,None,0.0,ETH-18OCT19-170-P,174.06,70.4,0.043,169.0,0.053,169.0,83.62,0.13193,-0.39397,-0.03056,0.01381,-0.40912
176.11,ETH-27MAR20,1570186745961,open,0.93,7.0,0.835,1.022,0.929571,106.42,0.945,0.0,ETH-27MAR20-320-P,174.06,88.0,0.886,8.0,0.975,8.0,123.95,0.44097,-0.13418,-1.35042,0.00279,-0.6709
174.39,SYN.ETH-29NOV19,1570186745986,open,0.52,0.0,0.467,0.59,0.528022,99.41,None,0.0,ETH-29NOV19-260-P,174.06,0.0,0.0,0.0,0.0,0.0,0.0,0.19252,-0.17125,-0.35384,0.00416,-0.79739
174.18,SYN.ETH-25OCT19,1570186745986,open,0.32,6.0,0.293,0.344,0.319099,111.21,0.36,0.0,ETH-25OCT19-120-C,174.06,0.0,0.0,0.0,0.0,0.0,0.0,0.05123,-0.13646,0.06161,0.00266,0.93749
174.1,SYN.ETH-11OCT19,1570186746016,open,0.0,176.0,0.001,0.011,0.001002,130.16,0.001,0.0,ETH-11OCT19-120-P,174.06,0.0,0.0,0.0,0.002,400.0,145.42,0.009,-0.0852,-0.00052,0.00121,-0.01491
8138.23,SYN.BTC-25OCT19,1570186746019,open,0.01,569.9,0.003,0.0295,0.01332967,76.77,0.013,0.0,BTC-25OCT19-10000-C,8130.29,74.35,0.012,10.0,0.014,6.3,77.95,4.5669,-8.39746,0.64285,0.00016,0.15144
176.11,ETH-27MAR20,1570186746048,open,0.09,520.0,0.046,0.142,0.093335,108.33,0.093,0.0,ETH-27MAR20-360-C,174.06,106.46,0.089,290.0,0.104,290.0,112.83,0.41136,-0.12741,0.15871,0.00256,0.28143
8135.57,SYN.BTC-18OCT19,1570186746048,open,0.0,0.266,0.326,0.29460967,80.87,None,0.0,BTC-18OCT19-10500-P,8130.29,0.0,0.013,1.0,0.0,0.0,0.0,1.93585,-5.64148,-3.81255,0.0001,-0.93811
174.18,SYN.ETH-25OCT19,1570186746058,open,0.01,3450.0,0.001,0.02,0.008024,111.21,0.009,0.0,ETH-25OCT19-120-P,174.06,103.84,0.006,180.0,0.01,480.0,117.58,0.05123,-0.13646,-0.00703,0.00266,-0.06251
174.14,SYN.ETH-18OCT19,1570186746073,open,10.0,0.021,0.079,0.050256,83.18,0.051,0.0,ETH-18OCT19-180-C,174.06,76.36,0.045,186.0,0.056,187.0,90.61,0.13444,-0.40293,0.02654,0.01402,0.45109
174.56,ETH-27DEC19,1570186746082,open,0.01,7122.0,0.001,0.015,0.005257,112.95,0.004,0.0,ETH-27DEC19-560-C,174.06,112.14,0.005,167.0,0.007,1502.0,117.82,0.05679,-0.03824,0.00989,0.00072,0.02991
174.56,ETH-27DEC19,1570186746121,open,0.46,0.0,0.427,0.488,0.459262,113.65,None,0.0,ETH-27DEC19-100-C,174.06,0.0,0.0,0.0,0.0,0.0,0.0,0.14433,-0.09778,0.17773,0.00181,0.90234
176.11,ETH-27MAR20,1570186746125,open,1.13,6.0,1.039,1.236,1.137512,108.33,1.165,0.0,ETH-27MAR20-360-P,174.06,86.86,1.092,7.0,1.181,7.0,126.01,0.41136,-0.12741,-1.56609,0.00256,-0.71857
174.18,SYN.ETH-25OCT19,1570186746125,open,0.22,12.0,0.183,0.246,0.216371,98.57,0.192,0.0,ETH-25OCT19-140-C,174.06,0.0,0.0,0.0,0.0,0.0,0.0,0.0963,-0.22735,0.06331,0.00563,0.85191
174.39,SYN.ETH-29NOV19,1570186746152,open,0.03,42.0,0.009,0.052,0.027382,100.52,0.035,0.0,ETH-29NOV19-280-C,174.06,97.94,0.025,494.0,0.031,295.0,104.28,0.16392,-0.14745,0.03458,0.0035,0.15693
174.1,SYN.ETH-11OCT19,1570186746183,open,0.26,0.0,0.231,0.279,0.254833,112.79,None,0.0,ETH-11OCT19-130-C,174.06,0.0,0.0,0.0,0.0,0.0,0.0,0.01385,-0.11357,0.02363,0.00215,0.97525
174.18,SYN.ETH-25OCT19,1570186746192,open,0.02,2346.0,0.006,0.04,0.020116,98.57,0.023,0.0,ETH-25OCT19-140-P,174.06,94.67,0.018,180.0,0.022,283.0,101.93,0.0963,-0.22735,-0.01676,0.00563,-0.14809
174.56,ETH-27DEC19,1570186746194,open,0.03,3138.0,0.013,0.055,0.032131,113.65,0.029,0.0,ETH-27DEC19-100-P,174.06,109.79,0.029,480.0,0.035,79.0,117.07,0.14433,-0.09778,-0.05206,0.00181,-0.09766
176.11,ETH-27MAR20,1570186746208,open,0.07,946.0,0.035,0.123,0.077499,109.52,0.086,0.0,ETH-27MAR20-400-C,174.06,107.41,0.073,553.0,0.087,293.0,113.84,0.3798,-0.11893,0.13795,0.00233,0.24099
8132.91,SYN.BTC-11OCT19,1570186746210,open,0.05,66.3,0.021,0.072,0.04626576,70.09,0.043,0.0,BTC-11OCT19-8250-P,8130.29,61.33,0.0415,0.4,0.045,0.2,67.77,4.43073,-22.58467,-0.89821,0.00051,-0.54002
174.56,ETH-27DEC19,1570186746212,open,0.0,4118.0,0.001,0.011,0.001985,120.29,0.002,0.0,ETH-27DEC19-760-C,174.06,111.89,0.001,184.0,0.003,1509.0,126.18,0.0258,-0.0185,0.00395,0.00031,0.01182
174.56,ETH-27DEC19,1570186746214,open,0.09,4647.0,0.048,0.132,0.090905,103.95,0.091,0.0,ETH-27DEC19-240-C,174.06,101.17,0.086,282.0,0.095,302.0,106.25,0.30941,-0.19173,0.10327,0.00425,0.34836
174.1,SYN.ETH-11OCT19,1570186746217,open,0.0,54.0,0.001,0.011,0.001161,99.02,0.007,0.0,ETH-11OCT19-230-C,174.06,0.0,0.0,0.0,0.002,300.0,108.12,0.0134,-0.09652,0.00074,0.00237,0.02381
174.56,ETH-27DEC19,1570186746223,open,0.87,101.0,0.798,0.947,0.871168,105.71,0.513,0.0,ETH-27DEC19-320-P,174.06,0.0,0.006,5.0,0.0,0.0,0.0,0.2141,-0.13492,-0.68121,0.00289,-0.82704
174.56,ETH-27DEC19,1570186746223,open,0.0,14460.0,0.001,0.012,0.002899,113.73,0.003,0.0,ETH-27DEC19-640-C,174.06,108.8,0.002,480.0,0.004,3752.0,118.49,0.03601,-0.02441,0.00582,0.00045,0.01741
174.56,ETH-27DEC19,1570186746246,open,0.01,5315.0,0.001,0.024,0.009432,110.93,0.01,0.0,ETH-27DEC19-480-C,174.06,110.06,0.009,180.0,0.013,300.0,117.38,0.08753,-0.05788,0.01663,0.00113,0.05089
174.14,SYN.ETH-18OCT19,1570186746246,open,0.0,0.047,0.12,0.08389,83.18,None,0.0,ETH-18OCT19-180-P,174.06,65.09,0.07,127.0,0.083,127.0,82.02,0.13444,-0.40293,-0.04189,0.01402,-0.54891
174.56,ETH-27DEC19,1570186746257,open,2.43,0.0,2.338,2.553,2.440992,112.95,0.953,0.0,ETH-27DEC19-600-P,174.06,0.0,0.0,0.0,0.0,0.0,0.0,0.04432,-0.02984,-1.37137,0.00056,-0.97776
174.56,ETH-27DEC19,1570186746257,open,0.03,953.0,0.008,0.051,0.025677,106.93,0.026,0.0,ETH-27DEC19-360-C,174.06,106.24,0.025,180.0,0.029,300.0,110.22,0.17118,-0.10912,0.03939,0.00229,0.12388
174.56,ETH-27DEC19,1570186746259,open,1.75,21.0,1.673,1.854,1.759202,110.93,0.629,0.0,ETH-27DEC19-480-P,174.06,0.0,0.001,7.0,0.0,0.0,0.0,0.08753,-0.05788,-1.08639,0.00113,-0.94911
174.56,ETH-27DEC19,1570186746259,open,1.3,16.0,1.231,1.395,1.309693,108.66,1.195,0.0,ETH-27DEC19-400-P,174.06,0.0,0.001,8.0,0.0,0.0,0.0,0.13758,-0.08911,-0.88978,0.00181,-0.90849
8235.14,BTC-27MAR20,1570186746259,open,2.41,0.0,2.3385,2.5065,2.41728957,98.33,None,0.0,BTC-27MAR20-28000-P,8130.29,0.0,0.0025,1.0,0.0,0.0,0.0,7.85869,-2.20941,-131.97217,2e-05,-0.92755
174.56,ETH-27DEC19,1570186746261,open,1.53,0.0,1.451,1.624,1.533686,109.97,None,0.0,ETH-27DEC19-440-P,174.06,0.0,0.001,8.0,0.0,0.0,0.0,0.10998,-0.0721,-0.98903,0.00143,-0.93191
174.18,SYN.ETH-25OCT19,1570186746261,open,0.13,554.0,0.092,0.163,0.130023,90.95,0.128,0.0,ETH-25OCT19-160-C,174.06,88.55,0.128,137.0,0.134,180.0,95.66,0.14671,-0.31961,0.05591,0.0093,0.6912
174.56,ETH-27DEC19,1570186746263,open,1.98,37.0,1.894,2.086,1.985796,111.71,0.707,0.0,ETH-27DEC19-520-P,174.06,0.0,0.002,25.0,0.0,0.0,0.0,0.06962,-0.04636,-1.18233,0.00089,-0.96169
174.56,ETH-27DEC19,1570186746263,open,0.3,5.0,0.248,0.337,0.296299,106.18,0.307,0.0,ETH-27DEC19-140-C,174.06,0.0,0.0,0.0,0.325,4.0,125.04,0.26349,-0.16678,0.1837,0.00354,0.75426
174.56,ETH-27DEC19,1570186746267,open,0.37,2.0,0.331,0.407,0.371618,109.09,0.346,0.0,ETH-27DEC19-120-C,174.06,0.0,0.101,1.0,0.0,0.0,0.0,0.2069,-0.13455,0.18628,0.00271,0.836
174.39,SYN.ETH-29NOV19,1570186746267,open,0.63,0.0,0.572,0.697,0.63295,100.52,None,0.0,ETH-29NOV19-280-P,174.06,0.0,0.0,0.0,0.0,0.0,0.0,0.16392,-0.14745,-0.39405,0.0035,-0.84307
174.56,ETH-27DEC19,1570186746279,open,0.06,6127.0,0.029,0.09,0.059061,109.09,0.06,0.0,ETH-27DEC19-120-P,174.06,105.64,0.055,840.0,0.063,480.0,112.39,0.2069,-0.13455,-0.08948,0.00271,-0.164
174.1,SYN.ETH-11OCT19,1570186746281,open,0.0,18.0,0.001,0.011,0.001216,86.42,0.001,0.0,ETH-11OCT19-220-C,174.06,0.0,0.0,0.0,0.003,300.0,101.48,0.01528,-0.09605,0.00087,0.0031,0.02785
174.56,ETH-27DEC19,1570186746283,open,0.15,2981.0,0.1,0.198,0.15072,104.56,0.135,0.0,ETH-27DEC19-160-P,174.06,101.86,0.146,640.0,0.155,300.0,107.01,0.30508,-0.19015,-0.1951,0.00417,-0.33565
174.56,ETH-27DEC19,1570186746285,open,0.04,1432.0,0.013,0.068,0.037988,105.71,0.042,0.0,ETH-27DEC19-320-C,174.06,104.08,0.036,180.0,0.042,298.0,108.92,0.2141,-0.13492,0.05414,0.00289,0.17296
174.56,ETH-27DEC19,1570186746285,open,0.01,7937.0,0.003,0.031,0.013062,109.97,0.013,0.0,ETH-27DEC19-440-C,174.06,109.87,0.013,180.0,0.017,300.0,115.76,0.10998,-0.0721,0.02207,0.00143,0.06809
174.56,ETH-27DEC19,1570186746287,open,0.29,3557.0,0.227,0.351,0.29132,103.8,0.301,0.0,ETH-27DEC19-200-P,174.06,99.97,0.284,340.0,0.295,150.0,105.72,0.33373,-0.2065,-0.32136,0.00459,-0.50982
174.56,ETH-27DEC19,1570186746289,open,0.0,15330.0,0.001,0.013,0.003779,112.95,0.004,0.0,ETH-27DEC19-600-C,174.06,109.64,0.003,480.0,0.005,5503.0,117.32,0.04432,-0.02984,0.0074,0.00056,0.02224
174.56,ETH-27DEC19,1570186746289,open,2.89,0.0,2.783,3.023,2.898146,116.63,None,0.0,ETH-27DEC19-680-P,174.06,0.0,0.002,10.0,0.0,0.0,0.0,0.03291,-0.02288,-1.55739,0.0004,-0.98432
174.56,ETH-27DEC19,1570186746289,open,2.21,0.0,2.116,2.32,2.213323,112.95,0.845,0.0,ETH-27DEC19-560-P,174.06,0.0,0.0,0.0,0.0,0.0,0.0,0.05679,-0.03824,-1.27697,0.00072,-0.97009
174.56,ETH-27DEC19,1570186746292,open,0.02,4395.0,0.005,0.039,0.018217,108.66,0.021,0.0,ETH-27DEC19-400-C,174.06,108.38,0.018,180.0,0.022,300.0,113.22,0.13758,-0.08911,0.0294,0.00181,0.09151
174.56,ETH-27DEC19,1570186746298,open,1.08,257.0,1.013,1.169,1.088005,106.93,0.7,0.0,ETH-27DEC19-360-P,174.06,0.0,0.01,2.0,0.0,0.0,0.0,0.17118,-0.10912,-0.78787,0.00229,-0.87612
174.56,ETH-27DEC19,1570186746298,open,0.0,12462.0,0.001,0.012,0.002637,116.63,0.005,0.0,ETH-27DEC19-680-C,174.06,112.92,0.002,180.0,0.004,2699.0,122.85,0.03291,-0.02288,0.00523,0.0004,0.01568
174.56,ETH-27DEC19,1570186746315,open,0.66,311.0,0.59,0.734,0.661846,104.58,0.71,0.0,ETH-27DEC19-280-P,174.06,64.9,0.615,17.0,0.698,17.0,126.94,0.26278,-0.16383,-0.56853,0.00359,-0.75548
174.1,SYN.ETH-11OCT19,1570186746315,open,0.0,17.0,0.001,0.011,0.001526,112.79,0.007,0.0,ETH-11OCT19-130-P,174.06,105.3,0.001,20.0,0.002,105.0,118.27,0.01385,-0.11357,-0.00086,0.00215,-0.02475
174.56,ETH-27DEC19,1570186746324,open,0.06,1609.0,0.025,0.093,0.057813,104.58,0.058,0.0,ETH-27DEC19-280-C,174.06,102.7,0.055,180.0,0.062,291.0,107.34,0.26278,-0.16383,0.0749,0.00359,0.24452
174.56,ETH-27DEC19,1570186746326,open,0.0,4490.0,0.001,0.011,0.001985,116.67,0.001,0.0,ETH-27DEC19-720-C,174.06,108.45,0.001,1176.0,0.003,8.0,122.45,0.02633,-0.01831,0.00406,0.00032,0.0121
176.11,ETH-27MAR20,1570186746329,open,1.34,3.0,1.247,1.453,1.348806,109.52,1.39,0.0,ETH-27MAR20-400-P,174.06,71.42,1.286,6.0,1.392,6.0,128.14,0.3798,-0.11893,-1.7785,0.00233,-0.75901
174.56,ETH-27DEC19,1570186746331,open,0.1,2309.0,0.058,0.138,0.098316,106.18,0.106,0.0,ETH-27DEC19-140-P,174.06,101.99,0.092,480.0,0.103,480.0,109.28,0.26349,-0.16678,-0.13801,0.00354,-0.24574
174.18,SYN.ETH-25OCT19,1570186746331,open,0.05,1604.0,0.021,0.078,0.04859,90.95,0.048,0.0,ETH-25OCT19-160-P,174.06,89.06,0.047,180.0,0.051,209.0,93.81,0.14671,-0.31961,-0.0356,0.0093,-0.3088
176.11,ETH-27MAR20,1570186746410,open,0.06,1130.0,0.027,0.108,0.064932,110.49,0.056,0.0,ETH-27MAR20-440-C,174.06,108.48,0.061,296.0,0.074,296.0,114.95,0.34892,-0.11023,0.12035,0.00213,0.20757
174.18,SYN.ETH-25OCT19,1570186746410,open,0.07,1026.0,0.037,0.101,0.070176,88.67,0.071,0.0,ETH-25OCT19-180-C,174.06,86.38,0.068,183.0,0.074,180.0,92.68,0.16599,-0.3525,0.04088,0.01079,0.48052
174.1,SYN.ETH-11OCT19,1570186746415,open,0.32,0.0,0.283,0.365,0.322233,99.02,None,0.0,ETH-11OCT19-230-P,174.06,0.0,0.0,0.0,0.0,0.0,0.0,0.0134,-0.09652,-0.04258,0.00237,-0.97619
8151.55,SYN.BTC-29NOV19,1570186746462,open,0.09,49.0,0.0525,0.121,0.08737323,81.39,0.088,0.0,BTC-29NOV19-9000-C,8130.29,78.55,0.083,10.0,0.0885,8.0,82.12,12.57819,-9.16104,4.39673,0.00015,0.43971
8135.57,SYN.BTC-18OCT19,1570186746499,open,0.0,0.0565,0.1195,0.08835236,79.88,None,0.0,BTC-18OCT19-8500-P,8130.29,64.19,0.0765,7.4,0.087,7.4,78.11,6.19855,-17.84309,-2.06896,0.00031,-0.58061
174.56,ETH-27DEC19,1570186746531,open,0.12,3212.0,0.068,0.158,0.115083,103.92,0.109,0.0,ETH-27DEC19-220-C,174.06,101.19,0.11,596.0,0.119,456.0,106.01,0.32618,-0.20206,0.1202,0.00448,0.41474
8132.91,SYN.BTC-11OCT19,1570186746556,open,0.0,110.5,0.0005,0.0105,0.00074641,130.39,0.0005,0.0,BTC-11OCT19-5500-P,8130.29,123.58,0.0005,20.0,0.001,2.0,135.97,0.3346,-3.17268,-0.01868,2e-05,-0.01144
8151.55,SYN.BTC-29NOV19,1570186746561,open,0.5,0.0,0.453,0.5395,0.49479537,83.38,None,0.0,BTC-29NOV19-12000-P,8130.29,0.0,0.0005,2.0,0.0,0.0,0.0,7.54644,-5.63089,-16.73948,9e-05,-0.84665
8135.57,SYN.BTC-18OCT19,1570186746568,open,0.0,0.187,0.2315,0.20886952,91.24,None,0.0,BTC-18OCT19-6500-C,8130.29,0.0,0.1905,1.0,0.2275,1.0,136.76,2.54217,-8.35842,2.17333,0.00011,0.91158
8151.55,SYN.BTC-29NOV19,1570186746580,open,0.73,0.0,0.687,0.7745,0.72851003,87.89,None,0.0,BTC-29NOV19-14000-P,8130.29,0.0,0.0,0.0,0.0,0.0,0.0,4.77003,-3.75164,-20.56336,5e-05,-0.91936
8132.91,SYN.BTC-11OCT19,1570186746600,open,0.0,136.4,0.0005,0.0105,0.00044792,104.67,0.0005,0.0,BTC-11OCT19-11500-C,8130.29,0.0,0.0,0.0,0.001,7.8,116.2,0.2884,-2.19513,0.0141,2e-05,0.00965
8138.23,SYN.BTC-25OCT19,1570186746645,open,0.84,0.0,0.8075,0.8845,0.84412032,107.0,None,0.0,BTC-25OCT19-15000-P,8130.29,0.0,0.0,0.0,0.0,0.0,0.0,0.60176,-1.54221,-8.52836,1e-05,-0.98814
8235.14,BTC-27MAR20,1570186746655,open,0.1,196.9,0.0585,0.1355,0.09661246,87.63,0.101,0.0,BTC-27MAR20-6000-P,8130.29,85.53,0.0925,10.0,0.101,10.0,89.86,16.17656,-4.05298,-11.8842,6e-05,-0.20459
8132.91,SYN.BTC-11OCT19,1570186746665,open,0.26,0.1,0.2475,0.2815,0.26354577,113.55,0.26,0.0,BTC-11OCT19-6000-C,8130.29,0.0,0.251,4.0,0.277,4.0,195.65,0.56779,-4.68838,1.0958,4e-05,0.9788
8138.23,SYN.BTC-25OCT19,1570186746675,open,0.01,707.8,0.0005,0.018,0.0063045,82.53,0.0055,0.0,BTC-25OCT19-11000-C,8130.29,81.64,0.006,10.0,0.0065,8.0,83.09,2.80114,-5.53709,0.32743,9e-05,0.07665
8138.23,SYN.BTC-25OCT19,1570186746680,open,0.01,799.9,0.0005,0.021,0.00851299,96.27,0.0075,0.0,BTC-25OCT19-6000-P,8130.29,93.2,0.0075,10.0,0.009,5.2,97.69,2.75702,-6.35725,-0.38904,8e-05,-0.07507
8138.23,SYN.BTC-25OCT19,1570186746701,open,0.12,28.0,0.088,0.1465,0.1184346,79.34,0.1175,0.0,BTC-25OCT19-7500-C,8130.29,73.36,0.1135,8.7,0.118,4.6,78.82,6.76392,-12.85395,2.70836,0.00023,0.70031
8235.14,BTC-27MAR20,1570186746705,open,0.05,156.7,0.018,0.084,0.04708141,91.4,0.0555,0.0,BTC-27MAR20-18000-C,8130.29,89.38,0.0435,17.0,0.0505,18.0,93.26,14.89739,-3.89296,5.19917,5e-05,0.17885
8135.57,SYN.BTC-18OCT19,1570186746707,open,0.0,0.326,0.3855,0.35412674,81.45,None,0.0,BTC-18OCT19-11000-P,8130.29,0.0,0.015,1.0,0.0,0.0,0.0,1.20786,-3.54518,-4.08169,6e-05,-0.96562
8132.91,SYN.BTC-11OCT19,1570186746772,open,0.0,225.1,0.0005,0.0115,0.00165217,82.26,0.0015,0.0,BTC-11OCT19-10000-C,8130.29,80.88,0.0015,5.0,0.002,0.6,85.15,0.923,-5.52113,0.05572,9e-05,0.03802
174.18,SYN.ETH-25OCT19,1570186746774,open,0.28,483.0,0.235,0.326,0.279876,89.68,0.337,0.0,ETH-25OCT19-220-P,174.06,0.0,0.248,16.0,0.314,16.0,136.85,0.10266,-0.22051,-0.11125,0.0066,-0.83683
8135.57,SYN.BTC-18OCT19,1570186746776,open,17.2,0.0075,0.0475,0.02548305,79.89,0.02,0.0,BTC-18OCT19-9000-C,8130.29,71.39,0.02,42.8,0.021,0.8,72.97,5.37803,-15.48142,0.80014,0.00027,0.2842
8235.14,BTC-27MAR20,1570186746785,open,0.02,138.9,0.0065,0.052,0.02419075,95.55,0.0275,0.0,BTC-27MAR20-24000-C,8130.29,93.69,0.022,18.0,0.0275,18.0,98.2,9.9386,-2.71513,2.95598,3e-05,0.09911
8235.14,BTC-27MAR20,1570186746788,open,0.02,102.7,0.0035,0.0385,0.01576088,100.69,0.018,0.0,BTC-27MAR20-30000-C,8130.29,98.63,0.014,11.0,0.018,15.0,103.11,7.31061,-2.10455,1.98084,2e-05,0.06597
176.11,ETH-27MAR20,1570186746809,open,2.0,0.0,1.888,2.121,2.000503,112.68,None,0.0,ETH-27MAR20-520-P,174.06,0.0,0.005,10.0,0.0,0.0,0.0,0.29548,-0.09519,-2.39749,0.00176,-0.84092
8151.55,SYN.BTC-29NOV19,1570186746861,open,0.85,0.0,0.806,0.895,0.8479462,89.61,None,0.0,BTC-29NOV19-15000-P,8130.29,0.0,0.0,0.0,0.0,0.0,0.0,3.74469,-3.00279,-22.325,4e-05,-0.9411
8151.55,SYN.BTC-29NOV19,1570186746866,open,0.3,0.0,0.2655,0.322,0.29426288,88.43,None,0.0,BTC-29NOV19-6000-C,8130.29,0.0,0.055,0.1,0.0,0.0,0.0,7.26452,-5.74821,6.99906,8e-05,0.85514
8235.14,BTC-27MAR20,1570186746877,open,0.57,44.4,0.505,0.6395,0.57260372,87.24,0.59,0.0,BTC-27MAR20-12000-P,8130.29,69.11,0.527,2.0,0.6205,2.0,105.09,21.59482,-5.38662,-47.29536,8e-05,-0.6261
8138.23,SYN.BTC-25OCT19,1570186746880,open,1.09,0.0,1.048,1.134,1.08940061,116.2,None,0.0,BTC-25OCT19-17000-P,8130.29,0.0,0.0,0.0,0.0,0.0,0.0,0.33112,-0.92155,-9.69729,1e-05,-0.994
8135.57,SYN.BTC-18OCT19,1570186746887,open,2.1,0.0005,0.021,0.00782921,91.24,0.005,0.0,BTC-18OCT19-6500-P,8130.29,85.04,0.006,10.0,0.009,13.1,94.88,2.54205,-8.35776,-0.29766,0.00011,-0.08841
8151.55,SYN.BTC-29NOV19,1570186746906,open,0.19,10.5,0.148,0.2335,0.19145391,81.39,0.19,0.0,BTC-29NOV19-9000-P,8130.29,0.0,0.01,1.0,0.205,8.0,90.14,12.57815,-9.16073,-9.38088,0.00015,-0.5603
174.14,SYN.ETH-18OCT19,1570186746922,open,0.0,0.126,0.209,0.167433,83.18,None,0.0,ETH-18OCT19-200-P,174.06,0.0,0.0,0.0,0.0,0.0,0.0,0.1005,-0.30123,-0.06273,0.01048,-0.78012
8132.91,SYN.BTC-11OCT19,1570186746926,open,0.18,0.0,0.154,0.195,0.17372358,92.77,None,0.0,BTC-11OCT19-6750-C,8130.29,0.0,0.158,3.0,0.191,3.0,157.06,1.38698,-9.35701,1.16886,0.00012,0.93667
174.56,ETH-27DEC19,1570186746933,open,0.76,1.0,0.693,0.84,0.765539,105.3,0.494,0.0,ETH-27DEC19-300-P,174.06,0.0,0.001,5.0,0.0,0.0,0.0,0.23845,-0.14968,-0.62558,0.00323,-0.79399
174.18,SYN.ETH-25OCT19,1570186746948,open,0.61,3.0,0.562,0.662,0.60955,96.08,0.645,0.0,ETH-25OCT19-280-P,174.06,0.0,0.0,0.0,0.0,0.0,0.0,0.02478,-0.05702,-0.1578,0.00149,-0.97447
176.11,ETH-27MAR20,1570186746974,open,2.22,0.0,2.104,2.348,2.221611,113.78,None,0.0,ETH-27MAR20-560-P,174.06,0.0,0.01,10.0,0.0,0.0,0.0,0.27286,-0.08877,-2.59916,0.00161,-0.85883
174.39,SYN.ETH-29NOV19,1570186746974,open,0.03,6.0,0.014,0.058,0.033963,105.94,0.035,0.0,ETH-29NOV19-120-P,174.06,101.16,0.03,624.0,0.038,284.0,110.64,0.14716,-0.1395,-0.04476,0.00298,-0.13369
8138.23,SYN.BTC-25OCT19,1570186746980,open,0.17,9.3,0.136,0.1905,0.1638616,83.45,0.1605,0.0,BTC-25OCT19-7000-C,8130.29,47.79,0.1445,5.0,0.187,5.0,115.77,5.38848,-10.76953,2.97796,0.00017,0.80366
8138.23,SYN.BTC-25OCT19,1570186746982,open,0.36,27.9,0.327,0.3925,0.35794771,82.53,0.35,0.0,BTC-25OCT19-11000-P,8130.29,0.0,0.335,3.0,0.3805,3.0,125.81,2.80074,-5.53597,-5.96393,9e-05,-0.92336
8151.55,SYN.BTC-29NOV19,1570186747005,open,0.02,1018.6,0.004,0.0345,0.01569646,85.77,0.015,0.0,BTC-29NOV19-13000-C,8130.29,83.41,0.014,19.0,0.0175,18.1,88.15,6.02231,-4.62197,1.18482,7e-05,0.11064
174.56,ETH-27DEC19,1570186747014,open,0.03,886.0,0.01,0.059,0.031175,106.37,0.035,0.0,ETH-27DEC19-340-C,174.06,105.29,0.03,180.0,0.035,300.0,109.76,0.19184,-0.12164,0.04617,0.00258,0.14627
174.14,SYN.ETH-18OCT19,1570186747027,open,10.0,0.002,0.027,0.011042,83.42,0.008,0.0,ETH-18OCT19-210-C,174.06,76.03,0.008,291.0,0.014,292.0,89.85,0.07643,-0.22974,0.00869,0.00795,0.14234
8132.91,SYN.BTC-11OCT19,1570186747054,open,0.0,33.9,0.0005,0.011,0.00128894,113.54,0.001,0.0,BTC-11OCT19-6000-P,8130.29,98.74,0.0005,11.5,0.0015,0.5,116.43,0.56766,-4.68708,-0.03444,4e-05,-0.02119
8235.13,BTC-27MAR20,1570186747063,open,0.01,22.4,0.0025,0.033,0.01256635,103.69,0.016,0.0,BTC-27MAR20-34000-C,8130.29,101.51,0.011,4.0,0.0145,15.0,106.17,6.15482,-1.82474,1.59408,2e-05,0.05297
174.18,SYN.ETH-25OCT19,1570186747069,open,0.49,3.0,0.451,0.547,0.496792,94.16,0.534,0.0,ETH-25OCT19-260-P,174.06,0.0,0.0,0.0,0.0,0.0,0.0,0.04146,-0.09351,-0.14435,0.00254,-0.95217
176.11,ETH-27MAR20,1570186747072,open,0.04,5167.0,0.011,0.069,0.036044,114.27,0.034,0.0,ETH-27MAR20-600-C,174.06,111.33,0.032,540.0,0.04,325.0,116.99,0.24979,-0.08161,0.07437,0.00147,0.12419
174.56,ETH-27DEC19,1570186747081,open,0.97,0.0,0.905,1.057,0.978929,106.37,None,0.0,ETH-27DEC19-340-P,174.06,0.0,0.001,5.0,0.0,0.0,0.0,0.19184,-0.12164,-0.73514,0.00258,-0.85373
174.1,SYN.ETH-11OCT19,1570186747087,open,0.1,3.0,0.062,0.124,0.094699,80.93,0.09,0.0,ETH-11OCT19-160-C,174.06,0.0,0.07,1.0,0.1,50.0,93.91,0.06834,-0.40218,0.02289,0.01479,0.79273
8132.91,SYN.BTC-11OCT19,1570186747092,open,0.41,0.0,0.3865,0.4455,0.41445611,104.65,None,0.0,BTC-11OCT19-11500-P,8130.29,0.0,0.002,2.0,0.0,0.0,0.0,0.28814,-2.19287,-2.15223,2e-05,-0.99036
174.39,SYN.ETH-29NOV19,1570186747103,open,0.26,1.0,0.219,0.298,0.261459,101.66,0.289,0.0,ETH-29NOV19-140-C,174.06,0.0,0.0,0.0,0.0,0.0,0.0,0.2053,-0.18676,0.13676,0.00434,0.77372
8138.23,SYN.BTC-25OCT19,1570186747103,open,0.04,398.0,0.0175,0.065,0.04000899,79.34,0.04,0.0,BTC-25OCT19-7500-P,8130.29,76.31,0.0375,10.0,0.041,5.9,80.53,6.76389,-12.8536,-1.58115,0.00023,-0.29969
8162.18,BTC-27DEC19,1570186747113,open,0.05,703.0,0.0195,0.078,0.04651831,86.04,0.0485,0.0,BTC-27DEC19-12000-C,8130.29,86.03,0.0465,3.9,0.0475,16.5,86.71,11.97412,-6.14149,3.50239,9e-05,0.23325
8162.18,BTC-27DEC19,1570186747113,open,0.07,403.8,0.0375,0.1005,0.06819119,87.34,0.075,0.0,BTC-27DEC19-6500-P,8130.29,86.52,0.067,3.8,0.0705,9.0,88.94,11.75435,-6.12016,-5.51169,9e-05,-0.22567
8162.18,BTC-27DEC19,1570186747113,open,0.0,709.7,0.0005,0.0115,0.00194575,108.62,0.002,0.0,BTC-27DEC19-30000-C,8130.29,105.49,0.0015,6.0,0.002,3.6,108.97,1.2714,-0.82325,0.1991,1e-05,0.01256
8162.18,BTC-27DEC19,1570186747113,open,0.52,74.2,0.466,0.569,0.51670477,86.03,0.496,0.0,BTC-27DEC19-12000-P,8130.29,51.09,0.4775,3.0,0.554,3.0,109.32,11.97341,-6.14069,-24.07347,9e-05,-0.76678
8162.18,BTC-27DEC19,1570186747113,open,0.23,53.6,0.1925,0.2695,0.23283515,85.83,0.2255,0.0,BTC-27DEC19-7000-C,8130.29,83.14,0.2285,14.4,0.236,7.4,87.78,13.20016,-6.75371,9.11348,0.0001,0.71872
8135.57,SYN.BTC-18OCT19,1570186747119,open,0.0,0.099,0.1645,0.13173443,79.88,0.124,0.0,BTC-18OCT19-9000-P,8130.29,0.0,0.105,1.0,0.1725,1.0,136.52,5.37795,-15.48062,-2.62128,0.00027,-0.71581
8162.18,BTC-27DEC19,1570186747121,open,2.19,0.0,2.1235,2.2595,2.18828734,103.56,None,0.0,BTC-27DEC19-26000-P,8130.29,0.0,0.006,10.0,2.801,0.2,500.0,1.77361,-1.09492,-59.45365,1e-05,-0.98149
8235.13,BTC-27MAR20,1570186747133,open,0.25,91.7,0.192,0.2925,0.24474499,85.82,0.259,0.0,BTC-27MAR20-8000-C,8130.29,84.38,0.241,10.0,0.249,9.0,87.45,21.42087,-5.25597,15.40726,8e-05,0.63524
8162.18,BTC-27DEC19,1570186747136,open,2.68,0.2,2.604,2.7575,2.6774119,108.48,2.03,0.0,BTC-27DEC19-30000-P,8130.29,0.0,0.0,0.0,0.0,0.0,0.0,1.26092,-0.81537,-68.74165,1e-05,-0.98756
8162.18,BTC-27DEC19,1570186747138,open,4.88,0.0,4.7655,5.004,4.88146725,126.09,None,0.0,BTC-27DEC19-48000-P,8130.29,0.0,0.0005,2.0,0.0,0.0,0.0,0.49275,-0.37037,-110.23481,0.0,-0.99572
174.14,SYN.ETH-18OCT19,1570186747138,open,0.0,0.176,0.259,0.216949,83.42,None,0.0,ETH-18OCT19-210-P,174.06,0.0,0.0,0.0,0.0,0.0,0.0,0.07643,-0.22974,-0.07114,0.00795,-0.85766
174.56,ETH-27DEC19,1570186747158,open,0.02,383.0,0.006,0.044,0.021249,107.46,0.025,0.0,ETH-27DEC19-380-C,174.06,107.17,0.021,180.0,0.024,450.0,110.52,0.15235,-0.0976,0.03367,0.00202,0.10519
8162.18,BTC-27DEC19,1570186747176,open,0.02,629.2,0.0055,0.041,0.01936574,88.65,0.0185,0.0,BTC-27DEC19-15000-C,8130.29,86.55,0.0175,26.5,0.021,17.1,90.41,7.42077,-3.92158,1.72485,5e-05,0.11133
8162.18,BTC-27DEC19,1570186747176,open,0.02,364.3,0.004,0.0355,0.01562155,90.6,0.0145,0.0,BTC-27DEC19-16000-C,8130.29,89.15,0.0145,2.0,0.017,13.3,92.31,6.42313,-3.46896,1.41991,5e-05,0.09132
176.11,ETH-27MAR20,1570186747176,open,2.44,0.0,2.322,2.574,2.443006,114.27,None,0.0,ETH-27MAR20-600-P,174.06,0.0,0.02,10.0,0.0,0.0,0.0,0.24979,-0.08161,-2.8003,0.00147,-0.87581
8162.18,BTC-27DEC19,1570186747176,open,0.0,315.6,0.0005,0.011,0.00143174,109.23,0.0015,0.0,BTC-27DEC19-32000-C,8130.29,98.4,0.0005,51.0,0.002,6.1,113.35,0.99263,-0.64633,0.15041,1e-05,0.00945
8162.18,BTC-27DEC19,1570186747176,open,0.63,99.0,0.577,0.679,0.62629568,86.28,0.638,0.0,BTC-27DEC19-13000-P,8130.29,0.0,0.585,2.0,0.6635,2.0,112.04,10.23728,-5.2654,-27.14281,8e-05,-0.82083
8162.18,BTC-27DEC19,1570186747190,open,0.32,121.1,0.2815,0.3475,0.31547319,89.66,0.3295,0.0,BTC-27DEC19-6000-C,8130.29,73.09,0.296,7.0,0.3415,7.0,109.8,10.12056,-5.40935,9.53913,7e-05,0.82405
8162.18,BTC-27DEC19,1570186747190,open,0.12,232.5,0.077,0.157,0.11727969,84.82,0.117,0.0,BTC-27DEC19-7500-P,8130.29,83.8,0.1155,4.3,0.12,7.9,86.36,14.34293,-7.25182,-8.58431,0.00011,-0.34039
8162.18,BTC-27DEC19,1570186747190,open,0.01,399.7,0.0005,0.0155,0.00489893,98.48,0.005,0.0,BTC-27DEC19-22000-C,8130.29,95.63,0.004,15.0,0.0055,10.0,100.2,2.74591,-1.61202,0.49221,2e-05,0.03114
8162.18,BTC-27DEC19,1570186747195,open,0.03,880.8,0.01,0.0465,0.02581543,95.74,0.0245,0.0,BTC-27DEC19-5000-P,8130.29,94.75,0.025,4.5,0.0275,10.0,97.76,6.72893,-3.84044,-2.30861,5e-05,-0.09727
8235.13,BTC-27MAR20,1570186747203,open,1.23,0.0,1.164,1.3075,1.23283111,91.39,0.8095,0.0,BTC-27MAR20-18000-P,8130.29,0.0,1.18,1.0,1.282,1.0,114.91,14.89631,-3.8925,-81.04137,5e-05,-0.82117
8162.18,BTC-27DEC19,1570186747207,open,0.41,66.8,0.3875,0.439,0.41323774,95.75,0.4155,0.0,BTC-27DEC19-5000-C,8130.29,70.49,0.396,7.0,0.4325,7.0,116.92,6.72928,-3.84082,9.18101,5e-05,0.90272
8162.18,BTC-27DEC19,1570186747211,open,0.0,228.3,0.0005,0.0125,0.00277552,124.06,0.003,0.0,BTC-27DEC19-2500-P,8130.29,122.03,0.0025,3.5,0.0035,1.0,128.87,1.14205,-0.8446,-0.26025,1e-05,-0.0111
8135.57,SYN.BTC-18OCT19,1570186747224,open,13.0,0.1285,0.1785,0.15384734,83.01,0.1435,0.0,BTC-18OCT19-7000-C,8130.29,0.0,0.1325,1.0,0.176,1.0,124.1,3.80058,-11.36797,2.13359,0.00018,0.84371
174.14,SYN.ETH-18OCT19,1570186747231,open,40.0,0.001,0.019,0.006468,84.4,0.004,0.0,ETH-18OCT19-220-C,174.06,75.71,0.004,300.0,0.009,301.0,91.75,0.05533,-0.16829,0.00556,0.00569,0.09043
8162.18,BTC-27DEC19,1570186747234,open,0.01,483.6,0.0005,0.0255,0.00977235,92.78,0.0115,0.0,BTC-27DEC19-18000-C,8130.29,90.46,0.0085,24.0,0.011,3.6,94.86,4.65317,-2.57351,0.93969,3e-05,0.05987
8162.18,BTC-27DEC19,1570186747239,open,0.01,472.5,0.0025,0.026,0.01225592,105.18,0.012,0.0,BTC-27DEC19-4000-P,8130.29,102.48,0.011,14.1,0.014,29.1,108.73,3.89266,-2.44078,-1.12637,2e-05,-0.0478
8162.18,BTC-27DEC19,1570186747247,open,0.12,191.8,0.0795,0.1605,0.12126121,83.99,0.118,0.0,BTC-27DEC19-9000-C,8130.29,83.07,0.1195,4.2,0.1255,25.4,86.21,15.59611,-7.80899,6.79436,0.00012,0.4835
174.56,ETH-27DEC19,1570186747247,open,1.19,0.0,1.122,1.281,1.198151,107.46,None,0.0,ETH-27DEC19-380-P,174.06,0.0,0.001,5.0,0.0,0.0,0.0,0.15235,-0.0976,-0.83956,0.00202,-0.89481
8162.18,BTC-27DEC19,1570186747247,open,0.0,594.7,0.0005,0.011,0.00119355,114.74,0.0015,0.0,BTC-27DEC19-36000-C,8130.29,105.56,0.0005,590.0,0.0015,5.1,117.51,0.82887,-0.56693,0.12195,0.0,0.0077
8162.18,BTC-27DEC19,1570186747247,open,0.01,298.1,0.0005,0.0185,0.00800242,110.85,0.009,0.0,BTC-27DEC19-3500-P,8130.29,107.8,0.007,13.5,0.009,4.6,113.7,2.77221,-1.8319,-0.74097,2e-05,-0.0315
8162.18,BTC-27DEC19,1570186747255,open,1.46,4.6,1.404,1.5175,1.45722468,96.02,1.466,0.0,BTC-27DEC19-20000-P,8130.29,0.0,0.006,5.0,2.104,0.2,500.0,3.57535,-2.04657,-45.28212,2e-05,-0.957
8162.18,BTC-27DEC19,1570186747257,open,0.05,1079.8,0.025,0.079,0.05056642,89.66,0.05,0.0,BTC-27DEC19-6000-P,8130.29,88.8,0.0495,4.1,0.052,9.4,90.81,10.12037,-5.40902,-4.24848,7e-05,-0.17594
8162.18,BTC-27DEC19,1570186747257,open,2.43,0.1,2.3635,2.509,2.43302221,107.39,1.49,0.0,BTC-27DEC19-28000-P,8130.29,0.0,0.0,0.0,0.0,0.0,0.0,1.59081,-1.0184,-64.08551,1e-05,-0.98371
8162.18,BTC-27DEC19,1570186747257,open,0.52,31.1,0.5045,0.5415,0.52219377,105.19,0.6265,0.0,BTC-27DEC19-4000-C,8130.29,0.0,0.019,1.2,0.5515,0.2,150.88,3.89311,-2.44121,8.0653,2e-05,0.9522
8162.18,BTC-27DEC19,1570186747257,open,0.74,268.3,0.692,0.794,0.74059539,87.51,0.7205,0.0,BTC-27DEC19-14000-P,8130.29,0.0,0.6985,2.0,0.7765,2.0,115.08,8.74498,-4.5618,-30.00531,7e-05,-0.85914
8162.18,BTC-27DEC19,1570186747257,open,0.36,73.3,0.3325,0.3915,0.36253013,92.22,0.491,0.0,BTC-27DEC19-5500-C,8130.29,0.0,0.007,2.1,0.4875,1.0,194.32,8.39268,-4.61379,9.46887,6e-05,0.86736
8162.18,BTC-27DEC19,1570186747257,open,0.0,545.7,0.0005,0.0105,0.0009959,119.28,0.0005,0.0,BTC-27DEC19-40000-C,8130.29,111.88,0.0005,1.0,0.0015,26.6,124.32,0.69654,-0.49527,0.09985,0.0,0.00632
8162.18,BTC-27DEC19,1570186747268,open,0.86,210.2,0.8085,0.911,0.85709881,88.64,0.905,0.0,BTC-27DEC19-15000-P,8130.29,0.0,0.815,2.0,0.8925,2.0,118.7,7.41869,-3.91993,-32.74522,5e-05,-0.88872
8162.18,BTC-27DEC19,1570186747277,open,0.01,767.9,0.0005,0.02,0.00691392,96.06,0.008,0.0,BTC-27DEC19-20000-C,8130.29,93.88,0.006,7.0,0.0075,9.5,97.36,3.58012,-2.05003,0.67821,2e-05,0.04307
8162.18,BTC-27DEC19,1570186747280,open,0.47,4.1,0.445,0.4895,0.46675759,100.2,0.578,0.0,BTC-27DEC19-4500-C,8130.29,0.0,0.0125,1.1,0.89,1.0,500.0,5.22286,-3.11984,8.6987,3e-05,0.93053
8235.13,BTC-27MAR20,1570186747282,open,1.94,0.0,1.865,2.021,1.93852399,95.54,None,0.0,BTC-27MAR20-24000-P,8130.29,0.0,0.0015,1.0,0.0,0.0,0.0,9.93631,-2.71425,-112.03159,3e-05,-0.90092
8151.55,SYN.BTC-29NOV19,1570186747287,open,0.03,42.8,0.012,0.0525,0.03031603,88.42,0.0275,0.0,BTC-29NOV19-6000-P,8130.29,86.37,0.0285,10.0,0.0315,0.2,89.74,7.26432,-5.74784,-2.18588,8e-05,-0.14485
8162.18,BTC-27DEC19,1570186747311,open,0.02,501.7,0.006,0.035,0.01807751,100.2,0.0195,0.0,BTC-27DEC19-4500-P,8130.29,98.49,0.017,3.9,0.0195,23.0,102.39,5.22245,-3.11943,-1.64194,3e-05,-0.06946
8162.18,BTC-27DEC19,1570186747314,open,0.64,0.0,0.6265,0.651,0.63754915,117.88,None,0.0,BTC-27DEC19-3000-C,8130.29,0.0,0.007,1.2,0.9125,0.5,500.0,1.8941,-1.33095,6.42323,1e-05,0.98
8162.18,BTC-27DEC19,1570186747317,open,0.04,430.3,0.012,0.0615,0.03359368,86.29,0.034,0.0,BTC-27DEC19-13000-C,8130.29,86.21,0.0335,3.9,0.0355,16.8,87.79,10.23841,-5.26646,2.73113,8e-05,0.1792
8162.18,BTC-27DEC19,1570186747317,open,0.0,490.6,0.0005,0.0125,0.00258714,107.5,0.002,0.0,BTC-27DEC19-28000-C,8130.29,104.23,0.002,5.8,0.0025,4.5,107.05,1.59984,-1.0252,0.25912,1e-05,0.0164
8162.18,BTC-27DEC19,1570186747317,open,2.92,0.3,2.844,3.006,2.92192895,109.03,1.875,0.0,BTC-27DEC19-32000-P,8130.29,0.0,0.002,1.0,0.0,0.0,0.0,0.98051,-0.63728,-73.38646,1e-05,-0.99068
8162.18,BTC-27DEC19,1570186747317,open,0.0,237.9,0.0005,0.0105,0.00055495,141.35,0.0005,0.0,BTC-27DEC19-1500-P,8130.29,139.68,0.0005,8.0,0.001,7.9,151.87,0.27758,-0.2339,-0.05287,0.0,-0.00226
8162.18,BTC-27DEC19,1570186747317,open,0.0,334.4,0.0005,0.0105,0.00072143,126.67,0.0005,0.0,BTC-27DEC19-48000-C,8130.29,0.0,0.0,0.0,0.001,4.4,130.58,0.51243,-0.38695,0.0704,0.0,0.00447
8162.18,BTC-27DEC19,1570186747325,open,0.03,598.2,0.008,0.05,0.02537786,87.52,0.025,0.0,BTC-27DEC19-14000-C,8130.29,86.69,0.0245,3.5,0.027,17.0,89.01,8.74657,-4.56314,2.16669,7e-05,0.1409
8162.18,BTC-27DEC19,1570186747325,open,0.0,86.3,0.0005,0.011,0.00108682,127.86,0.0005,0.0,BTC-27DEC19-2000-P,8130.29,126.49,0.001,8.0,0.0015,0.1,133.55,0.5302,-0.40414,-0.10758,0.0,-0.00465
8162.18,BTC-27DEC19,1570186747325,open,3.9,0.0,3.805,4.005,3.90161742,118.92,2.58,0.0,BTC-27DEC19-40000-P,8130.29,0.0,0.001,2.0,0.0,0.0,0.0,0.68077,-0.4826,-91.82119,0.0,-0.99384
8138.23,SYN.BTC-25OCT19,1570186747327,open,0.0,375.5,0.0005,0.0125,0.00275806,85.6,0.002,0.0,BTC-25OCT19-12000-C,8130.29,81.22,0.002,10.0,0.003,6.2,86.83,1.55142,-3.18067,0.15638,5e-05,0.03635
174.1,SYN.ETH-11OCT19,1570186747329,open,0.02,244.0,0.002,0.034,0.013706,80.93,0.011,0.0,ETH-11OCT19-160-P,174.06,73.84,0.011,254.0,0.015,1.0,84.19,0.06834,-0.40218,-0.00725,0.01479,-0.20727
174.14,SYN.ETH-18OCT19,1570186747329,open,0.0,0.229,0.313,0.2698,84.4,None,0.0,ETH-18OCT19-220-P,174.06,0.0,0.0,0.0,0.0,0.0,0.0,0.05533,-0.16829,-0.07808,0.00569,-0.90957
8162.18,BTC-27DEC19,1570186747349,open,0.0,1542.5,0.0005,0.0105,0.00070894,131.23,0.0005,0.0,BTC-27DEC19-52000-C,8130.29,0.0,0.0,0.0,0.001,5.5,135.44,0.49273,-0.38547,0.06703,0.0,0.00428
8162.18,BTC-27DEC19,1570186747349,open,0.09,503.1,0.05,0.125,0.08734745,84.37,0.0845,0.0,BTC-27DEC19-10000-C,8130.29,83.64,0.086,4.1,0.0915,26.8,86.64,14.92325,-7.50588,5.52932,0.00012,0.38214
8132.91,SYN.BTC-11OCT19,1570186747353,open,0.29,0.0,0.266,0.3205,0.29178725,86.19,None,0.0,BTC-11OCT19-10500-P,8130.29,0.0,0.0005,2.0,0.0,0.0,0.0,0.4907,-3.07566,-1.95172,5e-05,-0.98215
8162.18,BTC-27DEC19,1570186747361,open,0.58,4.0,0.565,0.5955,0.57919804,110.86,0.666,0.0,BTC-27DEC19-3500-C,8130.29,0.0,0.021,1.1,0.9405,1.0,500.0,2.77269,-1.83234,7.30173,2e-05,0.96849
8162.18,BTC-27DEC19,1570186747361,open,0.41,261.6,0.3595,0.4625,0.41077357,84.93,0.478,0.0,BTC-27DEC19-11000-P,8130.29,58.9,0.372,3.0,0.4495,3.0,107.09,13.56895,-6.86979,-20.86619,0.0001,-0.70171
174.39,SYN.ETH-29NOV19,1570186747361,open,0.19,6.0,0.146,0.231,0.19209,99.01,0.185,0.0,ETH-29NOV19-160-C,174.06,97.55,0.19,157.0,0.202,157.0,105.93,0.24964,-0.22118,0.12527,0.00542,0.66131
8162.18,BTC-27DEC19,1570186747368,open,0.98,22.0,0.927,1.031,0.97587016,90.58,1.0275,0.0,BTC-27DEC19-16000-P,8130.29,0.0,0.42,0.2,1.6445,0.2,499.97,6.42059,-3.46701,-35.34821,5e-05,-0.90872
8138.23,SYN.BTC-25OCT19,1570186747376,open,0.03,1147.3,0.008,0.0445,0.02399823,83.44,0.026,0.0,BTC-25OCT19-7000-P,8130.29,79.62,0.0215,10.0,0.025,16.1,84.95,5.38842,-10.76921,-1.02558,0.00017,-0.19634
8162.18,BTC-27DEC19,1570186747382,open,1.7,4.9,1.6435,1.7635,1.70024077,98.43,1.0385,0.0,BTC-27DEC19-22000-P,8130.29,0.0,0.008,2.0,2.335,0.3,500.0,2.73995,-1.60771,-50.06422,2e-05,-0.96894
8162.18,BTC-27DEC19,1570186747382,open,0.23,640.9,0.1745,0.271,0.22390105,83.99,0.2335,0.0,BTC-27DEC19-9000-P,8130.29,83.26,0.2225,3.9,0.228,9.0,86.13,15.5961,-7.80865,-13.88733,0.00012,-0.5165
8162.18,BTC-27DEC19,1570186747388,open,0.76,0.0,0.7465,0.766,0.75605575,127.89,None,0.0,BTC-27DEC19-2000-C,8130.29,0.0,0.02,2.0,0.9315,0.5,500.0,0.5307,-0.40459,4.48823,0.0,0.99535
8162.18,BTC-27DEC19,1570186747390,open,0.2,201.0,0.156,0.237,0.19841316,84.82,0.2,0.0,BTC-27DEC19-7500-C,8130.29,84.01,0.197,3.8,0.2035,23.6,87.71,14.34293,-7.25209,8.65031,0.00011,0.65961
8162.18,BTC-27DEC19,1570186747390,open,0.0,458.1,0.0005,0.0125,0.00288335,103.65,0.003,0.0,BTC-27DEC19-26000-C,8130.29,99.08,0.002,10.0,0.003,3.0,104.18,1.78188,-1.10098,0.29496,1e-05,0.01861
8162.18,BTC-27DEC19,1570186747392,open,0.09,238.5,0.0545,0.127,0.09044391,85.82,0.0875,0.0,BTC-27DEC19-7000-P,8130.29,84.62,0.0885,4.1,0.093,8.4,87.4,13.20011,-6.75344,-6.97213,0.0001,-0.28128
8162.18,BTC-27DEC19,1570186747392,open,0.31,498.1,0.2615,0.3625,0.31250283,84.37,0.307,0.0,BTC-27DEC19-10000-P,8130.29,81.35,0.307,2.0,0.332,13.0,94.91,14.9231,-7.50544,-17.45043,0.00012,-0.61787
8235.13,BTC-27MAR20,1570186747396,open,0.01,48.1,0.0015,0.031,0.01149126,105.26,0.011,0.0,BTC-27MAR20-36000-C,8130.29,103.03,0.01,9.0,0.013,10.0,107.35,5.73127,-1.72492,1.45754,2e-05,0.04843
8162.18,BTC-27DEC19,1570186747400,open,4.39,0.0,4.2855,4.5035,4.39127901,118.75,3.46,0.0,BTC-27DEC19-44000-P,8130.29,0.0,0.001,2.0,0.0,0.0,0.0,0.43621,-0.30878,-101.05087,0.0,-0.99626
8162.18,BTC-27DEC19,1570186747408,open,0.0,648.0,0.0005,0.0135,0.00378755,101.47,0.004,0.0,BTC-27DEC19-24000-C,8130.29,98.35,0.003,10.0,0.004,4.4,102.23,2.22379,-1.3451,0.38252,1e-05,0.02418
8132.91,SYN.BTC-11OCT19,1570186747413,open,0.2,0.2,0.185,0.224,0.20364871,101.8,0.17,0.0,BTC-11OCT19-6500-C,8130.29,0.0,0.1885,3.0,0.219,3.0,168.62,1.0972,-8.12281,1.14791,9e-05,0.95292
8162.18,BTC-27DEC19,1570186747417,open,0.7,0.0,0.6865,0.7065,0.69648667,124.07,None,0.0,BTC-27DEC19-2500-C,8130.29,0.0,0.021,1.1,0.9215,0.5,500.0,1.14253,-0.84504,5.48453,1e-05,0.9889
8162.18,BTC-27DEC19,1570186747423,open,0.0,434.2,0.0005,0.0105,0.00059533,119.35,0.001,0.0,BTC-27DEC19-44000-C,8130.29,0.0,0.0,0.0,0.001,8.0,125.24,0.45575,-0.32426,0.06245,0.0,0.00393
8162.18,BTC-27DEC19,1570186747426,open,0.27,61.0,0.2345,0.3065,0.2718402,87.35,0.3,0.0,BTC-27DEC19-6500-C,8130.29,67.62,0.2445,7.0,0.3005,7.0,106.82,11.75446,-6.12046,9.42491,9e-05,0.77433
8151.55,SYN.BTC-29NOV19,1570186747430,open,0.61,0.0,0.569,0.656,0.61048044,85.76,None,0.0,BTC-29NOV19-13000-P,8130.29,0.0,0.0005,2.0,0.0,0.0,0.0,6.02137,-4.62087,-18.71634,7e-05,-0.88938
8162.18,BTC-27DEC19,1570186747436,open,0.04,350.7,0.016,0.061,0.03636559,92.22,0.0375,0.0,BTC-27DEC19-5500-P,8130.29,91.37,0.0355,4.1,0.038,9.8,93.8,8.39241,-4.61344,-3.16974,6e-05,-0.13263
174.1,SYN.ETH-11OCT19,1570186747462,open,0.06,453.0,0.025,0.085,0.05615,80.17,0.053,0.0,ETH-11OCT19-170-C,174.06,62.73,0.047,142.0,0.056,143.0,79.89,0.09188,-0.53566,0.01807,0.02007,0.60705
8132.91,SYN.BTC-11OCT19,1570186747499,open,0.14,0.0,0.116,0.17,0.14217781,72.21,None,0.0,BTC-11OCT19-9250-P,8130.29,0.0,0.0,0.0,0.0,0.0,0.0,2.04132,-10.71977,-1.58772,0.00023,-0.89417
8135.57,SYN.BTC-18OCT19,1570186747499,open,2.0,0.0025,0.032,0.01411786,79.88,0.012,0.0,BTC-18OCT19-9500-C,8130.29,67.9,0.0085,13.0,0.012,10.1,75.62,4.15391,-11.95738,0.51125,0.00021,0.17942
8235.13,BTC-27MAR20,1570186747608,open,0.22,211.4,0.161,0.269,0.21618938,85.82,0.2195,0.0,BTC-27MAR20-8000-P,8130.29,83.06,0.209,9.0,0.2225,22.0,88.25,21.4209,-5.2559,-22.92158,8e-05,-0.36476
174.1,SYN.ETH-11OCT19,1570186747612,open,0.03,108.0,0.009,0.061,0.032595,80.17,0.025,0.0,ETH-11OCT19-170-P,174.06,65.71,0.025,174.0,0.034,174.0,82.83,0.09188,-0.53566,-0.01396,0.02007,-0.39295
174.39,SYN.ETH-29NOV19,1570186747616,open,0.14,27.0,0.094,0.179,0.139936,98.65,0.143,0.0,ETH-29NOV19-180-C,174.06,96.76,0.137,184.0,0.148,184.0,103.85,0.27054,-0.23883,0.10792,0.00589,0.5442
8138.23,SYN.BTC-25OCT19,1570186747640,open,0.48,37.4,0.446,0.512,0.47727799,85.59,0.533,0.0,BTC-25OCT19-12000-P,8130.29,0.0,0.4535,2.0,0.4995,2.0,140.78,1.5508,-3.17906,-6.70694,5e-05,-0.96366
8135.57,SYN.BTC-18OCT19,1570186747644,open,10.3,0.003,0.0315,0.01426588,83.01,0.0135,0.0,BTC-18OCT19-7000-P,8130.29,76.88,0.0115,10.0,0.0155,10.0,85.61,3.80052,-11.36759,-0.52749,0.00018,-0.15629
8235.13,BTC-27MAR20,1570186747658,open,0.08,321.6,0.042,0.1275,0.08300152,88.54,0.08,0.0,BTC-27MAR20-14000-C,8130.29,87.05,0.0795,10.0,0.087,18.0,90.22,19.44588,-4.92255,8.08502,7e-05,0.28792
8235.13,BTC-27MAR20,1570186747695,open,0.04,296.2,0.013,0.071,0.0373153,93.08,0.0375,0.0,BTC-27MAR20-20000-C,8130.29,91.6,0.035,0.8,0.04,18.0,94.75,13.03362,-3.46866,4.27601,4e-05,0.14569
8151.55,SYN.BTC-29NOV19,1570186747717,open,0.21,0.0,0.169,0.237,0.20444306,83.88,None,0.0,BTC-29NOV19-7000-C,8130.29,80.01,0.1995,9.2,0.2115,9.2,89.36,10.44571,-7.84078,6.62121,0.00012,0.73504
174.39,SYN.ETH-29NOV19,1570186747739,open,0.17,20.0,0.121,0.22,0.172088,98.65,0.18,0.0,ETH-29NOV19-180-P,174.06,94.09,0.165,128.0,0.176,128.0,101.18,0.27054,-0.23883,-0.16763,0.00589,-0.4558
8138.23,SYN.BTC-25OCT19,1570186747739,open,0.08,385.4,0.051,0.108,0.08025466,75.63,0.082,0.0,BTC-25OCT19-8000-C,8130.29,73.22,0.078,10.0,0.0815,4.8,76.95,7.63256,-13.82508,2.29558,0.00027,0.57345
8235.13,BTC-27MAR20,1570186747750,open,0.02,101.2,0.0055,0.0465,0.02056771,97.26,0.0225,0.0,BTC-27MAR20-26000-C,8130.29,94.79,0.018,18.0,0.023,18.0,99.44,8.8819,-2.46982,2.54822,3e-05,0.08515
174.1,SYN.ETH-11OCT19,1570186747750,open,0.03,281.0,0.007,0.055,0.029743,80.24,0.025,0.0,ETH-11OCT19-180-C,174.06,63.58,0.021,205.0,0.03,205.0,80.73,0.09245,-0.53948,0.01222,0.02018,0.40226
8151.55,SYN.BTC-29NOV19,1570186747772,open,0.28,0.0,0.238,0.326,0.2819244,81.39,None,0.0,BTC-29NOV19-10000-P,8130.29,0.0,0.009,1.0,0.0,0.0,0.0,11.32514,-8.24809,-12.0698,0.00014,-0.68531
8135.57,SYN.BTC-18OCT19,1570186747810,open,0.0,0.1505,0.2145,0.18182874,79.88,None,0.0,BTC-18OCT19-9500-P,8130.29,0.0,0.01,1.0,0.0,0.0,0.0,4.15382,-11.95683,-3.10024,0.00021,-0.82058
174.39,SYN.ETH-29NOV19,1570186747859,open,0.1,26.0,0.059,0.139,0.10111,98.76,0.1,0.0,ETH-29NOV19-200-C,174.06,96.74,0.098,213.0,0.108,213.0,103.22,0.26869,-0.23745,0.08938,0.00584,0.4359
176.11,ETH-27MAR20,1570186747885,open,0.58,19.0,0.553,0.609,0.58246,108.66,0.542,0.0,ETH-27MAR20-80-C,174.06,89.27,0.565,33.0,0.602,33.0,126.93,0.17614,-0.05472,0.28729,0.00109,0.92295
174.1,SYN.ETH-11OCT19,1570186747885,open,0.06,505.0,0.03,0.098,0.063626,80.24,0.06,0.0,ETH-11OCT19-180-P,174.06,57.97,0.052,117.0,0.066,117.0,84.7,0.09245,-0.53948,-0.02169,0.02018,-0.59774
8138.23,SYN.BTC-25OCT19,1570186747944,open,0.0,378.3,0.0005,0.0115,0.00197329,94.43,0.0015,0.0,BTC-25OCT19-13000-C,8130.29,90.73,0.0015,4.0,0.002,8.0,94.62,1.13507,-2.56727,0.10688,3e-05,0.02494
8235.12,BTC-27MAR20,1570186747950,open,0.01,552.7,0.0005,0.027,0.00934195,107.42,0.009,0.0,BTC-27MAR20-40000-C,8130.29,105.96,0.0085,1.3,0.01,26.0,108.5,4.88458,-1.50018,1.19877,1e-05,0.03972
8135.57,SYN.BTC-18OCT19,1570186747957,open,0.0,0.078,0.1335,0.10682187,80.16,None,0.0,BTC-18OCT19-7500-C,8130.29,67.02,0.0985,7.9,0.1115,8.9,87.28,5.29016,-15.28035,1.91276,0.00026,0.72528
176.11,ETH-27MAR20,1570186747965,open,0.04,1099.0,0.017,0.059,0.036721,108.66,0.04,0.0,ETH-27MAR20-80-P,174.06,107.94,0.036,320.0,0.038,10.0,109.93,0.17614,-0.05472,-0.096,0.00109,-0.07705
8235.12,BTC-27MAR20,1570186748052,open,3.38,0.0,3.2885,3.489,3.38299629,105.24,None,0.0,BTC-27MAR20-36000-P,8130.29,0.0,0.005,1.0,0.0,0.0,0.0,5.72631,-1.72305,-171.02404,2e-05,-0.95162
8132.9,SYN.BTC-11OCT19,1570186748083,open,0.35,0.0,0.3265,0.3835,0.35325449,99.02,None,0.0,BTC-11OCT19-11000-P,8130.29,0.0,0.0005,2.0,0.0,0.0,0.0,0.43766,-3.1515,-2.04931,4e-05,-0.98438
8235.12,BTC-27MAR20,1570186748112,open,0.17,176.4,0.112,0.214,0.16464919,85.82,0.168,0.0,BTC-27MAR20-10000-C,8130.29,84.49,0.161,10.0,0.1685,9.0,87.21,22.73026,-5.57724,12.76102,8e-05,0.48808
8135.57,SYN.BTC-18OCT19,1570186748116,open,0.5,0.0005,0.0205,0.00744075,79.88,0.0045,0.0,BTC-18OCT19-10000-C,8130.29,70.69,0.0045,10.0,0.007,10.1,78.63,2.90845,-8.37207,0.30549,0.00014,0.10622
8132.9,SYN.BTC-11OCT19,1570186748132,open,0.15,0.0,0.123,0.167,0.14480574,86.92,None,0.0,BTC-11OCT19-7000-C,8130.29,0.0,0.131,3.8,0.1635,3.0,145.55,1.87078,-11.82546,1.1663,0.00017,0.90608
8235.12,BTC-27MAR20,1570186748142,open,0.54,1.1,0.52,0.57,0.54450013,94.76,0.5375,0.0,BTC-27MAR20-4000-C,8130.29,0.0,0.0105,0.2,0.999,0.1,500.0,8.19266,-2.2196,14.95305,3e-05,0.92349
8151.53,SYN.BTC-29NOV19,1570186748151,open,0.06,105.8,0.0345,0.0935,0.06317318,83.88,0.067,0.0,BTC-29NOV19-7000-P,8130.29,81.79,0.0605,10.0,0.066,16.0,86.08,10.44567,-7.84053,-4.09462,0.00012,-0.26496
8235.12,BTC-27MAR20,1570186748184,open,0.78,57.8,0.715,0.853,0.78303109,88.53,0.765,0.0,BTC-27MAR20-14000-P,8130.29,65.69,0.735,1.0,0.832,1.0,108.12,19.44545,-4.9223,-58.99084,7e-05,-0.7121
8235.12,BTC-27MAR20,1570186748191,open,1.46,0.0,1.396,1.5435,1.46592915,93.07,None,0.0,BTC-27MAR20-20000-P,8130.29,0.0,0.01,1.0,0.0,0.0,0.0,13.03219,-3.46807,-91.54687,4e-05,-0.85433
8138.23,SYN.BTC-25OCT19,1570186748252,open,0.0,625.4,0.0005,0.0105,0.00088567,115.2,0.0005,0.0,BTC-25OCT19-16000-C,8130.29,108.04,0.0005,69.0,0.001,8.0,116.88,0.53133,-1.46605,0.04372,1e-05,0.01028
8235.12,BTC-27MAR20,1570186748272,open,2.17,0.0,2.1015,2.264,2.17776572,97.25,None,0.0,BTC-27MAR20-26000-P,8130.29,0.0,0.0015,1.0,0.0,0.0,0.0,8.87913,-2.46878,-122.02171,3e-05,-0.91488
8135.57,SYN.BTC-18OCT19,1570186748285,open,2.0,0.0095,0.0515,0.02869906,80.16,0.0295,0.0,BTC-18OCT19-7500-P,8130.29,72.04,0.0235,10.0,0.0285,10.0,79.85,5.29014,-15.28,-0.9384,0.00026,-0.27472
174.1,SYN.ETH-11OCT19,1570186748300,open,0.01,452.0,0.001,0.019,0.005851,80.24,0.013,0.0,ETH-11OCT19-200-C,174.06,67.87,0.003,302.0,0.007,301.0,84.41,0.04617,-0.26941,0.00356,0.01008,0.11426
