underlying_price,underlying_index,timestamp,state,settlement_price,open_interest,min_price,max_price,mark_price,mark_iv,last_price,interest_rate,instrument_name,index_price,bid_iv,best_bid_price,best_bid_amount,best_ask_price,best_ask_amount,ask_iv,vega,theta,rho,gamma,delta
190.12,index_price,1557745140008,open,0.13,160.0,0.071,0.159,0.115266,103.53,0.063,0,ETH-17MAY19-210-P,190.12,82.99,0.11,50.0,0.122,50.0,126.14,0.05312,-0.70951,-0.01868,0.01337,-0.81025
192.39,ETH-27SEP19,1557745140019,open,0.33,191.0,0.301,0.38,0.340835,82.78,0.319,0.0,ETH-27SEP19-140-C,190.12,73.61,0.326,10.0,0.343,10.0,84.06,0.31897,-0.09645,0.33897,0.00278,0.81072
191.21,ETH-28JUN19,1557745140034,open,0.28,335.0,0.248,0.327,0.287131,84.06,0.315,0.0,ETH-28JUN19-140-C,190.12,67.41,0.277,40.0,0.29,40.0,88.1,0.13242,-0.12132,0.14343,0.00343,0.88396
190.12,index_price,1557745140043,open,0.34,0.0,0.272,0.377,0.32406,115.88,None,0,ETH-24MAY19-250-P,190.12,76.38,0.316,50.0,0.327,50.0,125.17,0.05853,-0.31183,-0.06921,0.00469,-0.89775
190.12,index_price,1557745140048,open,0.33,0.0,0.264,0.368,0.315847,122.07,None,0,ETH-17MAY19-250-P,190.12,0.0,0.31,50.0,0.322,50.0,183.0,0.00837,-0.13181,-0.02621,0.00179,-0.98273
190.12,index_price,1557745140052,open,0.33,0.0,0.264,0.368,0.315847,122.07,None,0,ETH-17MAY19-250-P,190.12,0.0,0.311,50.0,0.322,50.0,183.0,0.00837,-0.13181,-0.02621,0.00179,-0.98273
7099.53,index_price,1557745140168,open,0.08,12.8,0.0305,0.116,0.07333374,91.73,0.088,0,BTC-17MAY19-7500-P,7099.53,85.17,0.071,0.2,0.0745,0.2,95.05,2.53175,-29.96201,-0.58528,0.00052,-0.70307
7099.53,index_price,1557745140170,open,0.08,12.8,0.0305,0.116,0.07333374,91.73,0.088,0,BTC-17MAY19-7500-P,7099.53,86.6,0.0715,0.2,0.0745,0.2,95.05,2.53175,-29.96201,-0.58528,0.00052,-0.70307
7099.53,index_price,1557745140216,open,0.02,181.9,0.0005,0.0665,0.02691606,88.01,0.025,0,BTC-17MAY19-7250-C,7099.53,84.48,0.0255,6.0,0.0275,3.3,89.43,2.86856,-32.57149,0.30104,0.00061,0.42626
7068.71,BTC-28JUN19,1557745140218,open,0.05,96.6,0.0035,0.0865,0.04498514,79.58,0.045,0.0,BTC-28JUN19-6000-P,7099.53,79.15,0.0445,0.2,0.046,12.8,80.52,7.70346,-6.68194,-2.48864,0.00015,-0.23513
7099.53,index_price,1557745140220,open,0.01,74.3,0.0005,0.0495,0.0096941,97.81,0.0115,0,BTC-24MAY19-8750-C,7099.53,92.81,0.008,30.0,0.011,35.2,101.39,2.51324,-11.30131,0.24249,0.00017,0.12433
7068.76,BTC-28JUN19,1557745140232,open,0.02,1375.2,0.0005,0.0625,0.02281976,85.9,0.0235,0.0,BTC-28JUN19-10000-C,7099.53,84.37,0.0215,10.0,0.0235,12.8,86.68,6.14397,-5.75238,1.23541,0.00011,0.16187
7099.53,index_price,1557745140247,open,0.03,52.3,0.0005,0.0765,0.03695818,86.35,0.026,0,BTC-24MAY19-7500-C,7099.53,82.6,0.0345,10.0,0.0395,20.0,90.18,4.68278,-18.59104,0.73524,0.00036,0.38453
190.12,index_price,1557745140347,open,0.02,433.0,0.001,0.062,0.022125,103.09,0.019,0,ETH-24MAY19-220-C,190.12,98.96,0.02,92.0,0.025,141.0,108.42,0.1002,-0.47491,0.0119,0.00902,0.23229
190.12,index_price,1557745140366,open,0.01,465.0,0.001,0.046,0.006462,113.95,0.006,0,ETH-17MAY19-220-C,190.12,100.52,0.004,400.0,0.006,49.0,111.59,0.03876,-0.56974,0.00225,0.00886,0.11812
190.12,index_price,1557745140392,open,0.01,100.0,0.001,0.047,0.00718,121.14,0.018,0,ETH-24MAY19-260-C,190.12,111.98,0.005,248.0,0.009,265.0,127.69,0.04966,-0.27657,0.00423,0.00381,0.0819
190.12,index_price,1557745140396,open,0.04,289.0,0.001,0.08,0.039252,92.97,0.04,0,ETH-24MAY19-180-P,190.12,83.05,0.033,211.0,0.04,112.0,94.22,0.11982,-0.51214,-0.0213,0.01197,-0.33685
190.12,index_price,1557745140403,open,0.04,289.0,0.001,0.08,0.039252,92.97,0.04,0,ETH-24MAY19-180-P,190.12,83.05,0.033,211.0,0.04,110.0,94.22,0.11982,-0.51214,-0.0213,0.01197,-0.33685
190.12,index_price,1557745140408,open,0.0,0.0,0.001,0.04,0.000888,125.04,None,0,ETH-17MAY19-250-C,190.12,0.0,0.0,0.0,0.002,101.0,142.07,0.00935,-0.15087,0.00038,0.00195,0.01967
190.12,index_price,1557745140410,open,0.0,0.0,0.001,0.041,0.001927,124.03,None,0,ETH-17MAY19-240-C,190.12,0.0,0.0,0.0,0.003,116.0,134.71,0.01664,-0.26618,0.00075,0.00349,0.03928
190.12,index_price,1557745140412,open,0.03,129.0,0.001,0.071,0.031599,99.82,0.033,0,ETH-24MAY19-210-C,190.12,95.48,0.029,98.0,0.035,131.0,105.29,0.11605,-0.53256,0.01587,0.0108,0.31169
190.12,index_price,1557745140422,open,0.01,142.0,0.001,0.051,0.011537,110.72,0.02,0,ETH-24MAY19-240-C,190.12,103.39,0.009,238.0,0.014,262.0,117.14,0.06966,-0.35458,0.00675,0.00584,0.13063
190.12,index_price,1557745140574,open,0.03,670.0,0.001,0.078,0.038598,93.31,0.038,0,ETH-17MAY19-190-C,190.12,89.29,0.037,166.0,0.042,71.0,101.48,0.07804,-0.93948,0.00975,0.02179,0.52179
190.12,index_price,1557745140576,open,0.03,670.0,0.001,0.078,0.038598,93.31,0.038,0,ETH-17MAY19-190-C,190.12,89.29,0.037,166.0,0.042,72.0,101.48,0.07804,-0.93948,0.00975,0.02179,0.52179
190.12,index_price,1557745140582,open,0.01,0.0,0.001,0.045,0.005338,123.81,None,0,ETH-24MAY19-270-C,190.12,110.96,0.003,520.0,0.007,260.0,131.05,0.04034,-0.22963,0.00324,0.00303,0.06246
190.12,index_price,1557745140586,open,0.05,939.0,0.001,0.079,0.037967,93.06,0.044,0,ETH-17MAY19-190-P,190.12,83.52,0.034,171.0,0.038,1.0,93.27,0.07804,-0.93691,-0.01042,0.02185,-0.47826
190.12,index_price,1557745140801,open,0.02,913.0,0.001,0.057,0.016543,93.1,0.015,0,ETH-17MAY19-180-P,190.12,82.54,0.013,128.0,0.016,11.0,91.59,0.06457,-0.77551,-0.00575,0.01807,-0.26825
190.12,index_price,1557745140806,open,0.06,175.0,0.025,0.104,0.064297,93.11,0.071,0,ETH-24MAY19-190-C,190.12,91.15,0.063,100.0,0.07,193.0,101.35,0.13046,-0.55844,0.02658,0.01301,0.53359
190.12,index_price,1557745140810,open,0.06,175.0,0.025,0.104,0.064297,93.11,0.071,0,ETH-24MAY19-190-C,190.12,91.15,0.063,100.0,0.07,194.0,101.35,0.13046,-0.55844,0.02658,0.01301,0.53359
190.12,index_price,1557745140819,open,0.02,937.0,0.001,0.062,0.021787,92.99,0.013,0,ETH-24MAY19-170-P,190.12,83.37,0.017,136.0,0.021,104.0,91.49,0.0968,-0.41382,-0.01361,0.00967,-0.21854
190.12,index_price,1557745140846,open,0.01,1446.0,0.001,0.05,0.0107,103.95,0.01,0,ETH-17MAY19-210-C,190.12,97.65,0.009,200.0,0.012,60.0,108.44,0.0533,-0.71482,0.00364,0.01336,0.19082
190.12,index_price,1557745140860,open,0.0,162.0,0.001,0.044,0.004406,93.0,0.007,0,ETH-24MAY19-150-P,190.12,78.9,0.002,150.0,0.006,95.0,100.22,0.03898,-0.16666,-0.00364,0.00389,-0.05977
190.12,index_price,1557745140871,open,0.01,617.0,0.001,0.051,0.010618,93.0,0.009,0,ETH-24MAY19-160-P,190.12,82.0,0.007,149.0,0.01,106.0,91.27,0.06722,-0.28738,-0.00763,0.00671,-0.1241
190.12,index_price,1557745140874,open,0.01,105.0,0.001,0.049,0.0091,116.32,0.008,0,ETH-24MAY19-250-C,190.12,105.29,0.006,520.0,0.011,259.0,122.15,0.05896,-0.31529,0.00533,0.00471,0.10326
190.12,index_price,1557745140878,open,0.02,644.0,0.001,0.061,0.02104,99.75,0.018,0,ETH-17MAY19-200-C,190.12,91.42,0.018,197.0,0.023,197.0,104.89,0.0709,-0.91243,0.00623,0.01852,0.32944
190.12,index_price,1557745140882,open,0.02,644.0,0.001,0.061,0.02104,99.75,0.018,0,ETH-17MAY19-200-C,190.12,91.42,0.018,197.0,0.023,199.0,104.89,0.0709,-0.91243,0.00623,0.01852,0.32944
190.12,index_price,1557745140887,open,0.07,526.0,0.022,0.106,0.063666,92.96,0.065,0,ETH-24MAY19-190-P,190.12,86.24,0.059,89.0,0.066,200.0,96.44,0.13046,-0.55753,-0.03003,0.01303,-0.46646
190.12,index_price,1557745140892,open,0.07,526.0,0.022,0.106,0.063666,92.96,0.065,0,ETH-24MAY19-190-P,190.12,86.24,0.059,89.0,0.066,198.0,96.44,0.13046,-0.55753,-0.03003,0.01303,-0.46646
190.12,index_price,1557745140895,open,0.04,208.0,0.006,0.085,0.04536,96.74,0.038,0,ETH-24MAY19-200-C,190.12,91.67,0.042,95.0,0.049,216.0,102.09,0.1278,-0.5684,0.02082,0.01227,0.41298
190.12,index_price,1557745140899,open,0.04,208.0,0.006,0.085,0.04536,96.74,0.038,0,ETH-24MAY19-200-C,190.12,91.67,0.042,95.0,0.049,217.0,102.09,0.1278,-0.5684,0.02082,0.01227,0.41298
190.12,index_price,1557745140905,open,0.01,1462.0,0.001,0.046,0.006128,96.4,0.006,0,ETH-17MAY19-170-P,190.12,85.26,0.004,149.0,0.006,73.0,95.84,0.03916,-0.487,-0.00254,0.01058,-0.11986
190.12,index_price,1557745140909,open,0.01,102.0,0.001,0.055,0.015872,106.96,0.018,0,ETH-24MAY19-230-C,190.12,100.21,0.013,113.0,0.019,249.0,113.76,0.08424,-0.41425,0.00895,0.00731,0.17385
190.12,index_price,1557745140916,open,0.01,102.0,0.001,0.055,0.015872,106.96,0.018,0,ETH-24MAY19-230-C,190.12,100.21,0.013,113.0,0.019,250.0,113.76,0.08424,-0.41425,0.00895,0.00731,0.17385
190.12,index_price,1557745140975,open,0.01,100.0,0.001,0.047,0.00718,121.14,0.018,0,ETH-24MAY19-260-C,190.12,111.98,0.005,247.0,0.009,265.0,127.69,0.04966,-0.27657,0.00423,0.00381,0.0819
190.12,index_price,1557745140977,open,0.04,289.0,0.001,0.08,0.039252,92.97,0.04,0,ETH-24MAY19-180-P,190.12,83.05,0.033,212.0,0.04,110.0,94.22,0.11982,-0.51214,-0.0213,0.01197,-0.33685
190.12,index_price,1557745141007,open,0.01,142.0,0.001,0.051,0.011537,110.72,0.02,0,ETH-24MAY19-240-C,190.12,103.39,0.009,238.0,0.014,263.0,117.14,0.06966,-0.35458,0.00675,0.00584,0.13063
190.12,index_price,1557745141009,open,0.03,670.0,0.001,0.078,0.038598,93.31,0.038,0,ETH-17MAY19-190-C,190.12,89.29,0.037,166.0,0.042,73.0,101.48,0.07804,-0.93948,0.00975,0.02179,0.52179
190.12,index_price,1557745141018,open,0.05,939.0,0.001,0.079,0.037967,93.06,0.044,0,ETH-17MAY19-190-P,190.12,83.52,0.034,172.0,0.038,1.0,93.27,0.07804,-0.93691,-0.01042,0.02185,-0.47826
190.12,index_price,1557745141041,open,0.06,175.0,0.025,0.104,0.064297,93.11,0.071,0,ETH-24MAY19-190-C,190.12,91.15,0.063,99.0,0.07,194.0,101.35,0.13046,-0.55844,0.02658,0.01301,0.53359
190.12,index_price,1557745141046,open,0.06,175.0,0.025,0.104,0.064297,93.11,0.071,0,ETH-24MAY19-190-C,190.12,91.15,0.063,99.0,0.07,195.0,101.35,0.13046,-0.55844,0.02658,0.01301,0.53359
190.12,index_price,1557745141052,open,0.0,254.0,0.001,0.043,0.003831,121.48,0.012,0,ETH-17MAY19-230-C,190.12,106.27,0.002,250.0,0.004,70.0,122.61,0.02698,-0.42281,0.00138,0.00579,0.07234
190.12,index_price,1557745141075,open,0.01,1446.0,0.001,0.05,0.0107,103.95,0.01,0,ETH-17MAY19-210-C,190.12,97.65,0.009,200.0,0.012,61.0,108.44,0.0533,-0.71482,0.00364,0.01336,0.19082
7099.53,index_price,1557745141125,open,0.08,12.8,0.0305,0.116,0.0733335,91.73,0.088,0,BTC-17MAY19-7500-P,7099.53,85.17,0.071,0.2,0.0745,0.2,95.05,2.53175,-29.96201,-0.58528,0.00052,-0.70307
7099.53,index_price,1557745141126,open,0.08,12.8,0.0305,0.116,0.0733335,91.73,0.088,0,BTC-17MAY19-7500-P,7099.53,86.6,0.0715,0.2,0.0745,0.2,95.05,2.53175,-29.96201,-0.58528,0.00052,-0.70307
7068.81,BTC-28JUN19,1557745141129,open,0.37,223.6,0.3325,0.412,0.37249375,90.37,0.4,0.0,BTC-28JUN19-4500-C,7099.24,0.0,0.2,1.0,0.42,3.0,163.91,2.91596,-2.87202,5.05778,5e-05,0.94177
7073.35,BTC-27SEP19,1557745141129,open,0.52,261.1,0.4805,0.56,0.52001914,85.39,0.52,0.0,BTC-27SEP19-3500-C,7099.24,0.0,0.161,1.0,0.544,1.0,114.04,4.75159,-1.4822,11.29826,3e-05,0.94596
7068.81,BTC-28JUN19,1557745141129,open,0.0,90.2,0.0005,0.0425,0.00254816,112.17,0.003,0.0,BTC-28JUN19-3250-P,7099.24,107.94,0.002,8.2,0.0035,16.0,118.35,0.9852,-1.20446,-0.16184,1e-05,-0.01567
7068.81,BTC-28JUN19,1557745141129,open,0.57,43.8,0.5375,0.617,0.57720099,114.19,0.6,0.0,BTC-28JUN19-3000-C,7099.24,0.0,0.004,0.2,0.821,2.0,500.0,0.67858,-0.84454,3.66591,1e-05,0.98982
7068.81,BTC-28JUN19,1557745141130,open,0.79,33.8,0.748,0.8275,0.78780348,115.36,0.7145,0.0,BTC-28JUN19-1500-C,7099.24,0.0,0.007,0.1,0.8855,2.0,500.0,0.00342,-0.0043,1.88499,0.0,0.99997
7073.35,BTC-27SEP19,1557745141130,open,0.01,620.6,0.0005,0.049,0.009074,90.19,0.008,0.0,BTC-27SEP19-3000-P,7099.24,88.91,0.0085,15.0,0.011,6.0,94.18,3.24336,-1.06853,-1.13422,2e-05,-0.03369
7068.81,BTC-28JUN19,1557745141130,open,0.45,42.9,0.38,0.4945,0.43746284,85.88,0.45,0.0,BTC-28JUN19-10000-P,7099.24,0.0,0.0005,2.5,0.9725,1.0,500.0,6.14173,-5.74849,-11.33389,0.00011,-0.83822
7073.35,BTC-27SEP19,1557745141130,open,0.15,97.1,0.1255,0.205,0.16546282,80.13,0.175,0.0,BTC-27DEC19-9000-C,7099.24,74.24,0.147,20.0,0.155,2.4,76.8,22.25102,-3.91195,13.64751,9e-05,0.47451
7073.35,BTC-27SEP19,1557745141131,open,0.58,226.1,0.545,0.6245,0.58494082,90.17,0.585,0.0,BTC-27SEP19-3000-C,7099.24,0.0,0.0075,0.2,0.5975,2.0,111.92,3.24226,-1.06801,10.11637,2e-05,0.96633
7073.35,BTC-27SEP19,1557745141130,open,0.0,421.8,0.0005,0.043,0.00303455,104.83,0.001,0.0,BTC-27SEP19-2000-P,7099.24,94.27,0.0015,24.0,0.0045,21.3,112.1,1.25935,-0.48227,-0.37359,1e-05,-0.01105
7073.35,BTC-27SEP19,1557745141130,open,0.65,57.4,0.6125,0.692,0.65203382,96.87,0.633,0.0,BTC-27SEP19-2500-C,7099.24,0.0,0.0075,0.1,0.657,1.0,110.62,2.11413,-0.74812,8.69433,1e-05,0.97981
7068.81,BTC-28JUN19,1557745141130,open,0.01,201.8,0.0005,0.049,0.0090961,90.38,0.0115,0.0,BTC-28JUN19-4500-P,7099.24,91.35,0.0095,6.0,0.01,16.0,92.52,2.91641,-2.8727,-0.59826,5e-05,-0.05824
7068.81,BTC-28JUN19,1557745141131,open,0.64,24.4,0.607,0.6865,0.64692135,119.88,0.5115,0.0,BTC-28JUN19-2500-C,7099.24,0.0,0.001,0.2,0.84,1.0,500.0,0.29216,-0.38173,3.10204,0.0,0.99607
7099.24,index_price,1557745141131,open,0.01,0.1,0.0005,0.046,0.00618125,103.36,0.0195,0,BTC-24MAY19-9250-C,7099.24,98.58,0.005,30.0,0.007,5.4,106.4,1.84999,-8.79054,0.15962,0.00012,0.08164
7073.35,BTC-27SEP19,1557745141132,open,1.03,0.0,0.9355,1.096,1.0158258,88.31,None,0.0,BTC-27SEP19-14000-P,7099.24,0.0,0.007,10.0,1.8055,0.3,500.0,10.56364,-3.40763,-49.21104,6e-05,-0.83943
7073.35,BTC-27SEP19,1557745141130,open,0.02,94.9,0.0005,0.057,0.01673735,80.92,0.021,0.0,BTC-27DEC19-3000-P,7099.24,78.67,0.015,10.0,0.019,15.0,83.69,5.61051,-0.99615,-2.87368,2e-05,-0.04834
7068.52,BTC-28JUN19,1557745141132,open,0.32,6.6,0.259,0.3635,0.31106926,82.65,0.2655,0.0,BTC-28JUN19-9000-P,7099.24,0.0,0.004,0.2,0.8515,1.0,500.0,7.94481,-7.15673,-9.43647,0.00015,-0.75109
7068.52,BTC-28JUN19,1557745141132,open,0.5,143.2,0.4685,0.548,0.50835199,108.23,0.39,0.0,BTC-28JUN19-3500-C,7099.24,0.0,0.003,1.0,0.804,3.0,500.0,1.28976,-1.52133,4.17692,2e-05,0.9785
7068.52,BTC-28JUN19,1557745141132,open,1.0,1.3,0.907,1.0655,0.98610814,101.36,2.415,0.0,BTC-28JUN19-14000-P,7099.24,0.0,0.0005,0.2,1.471,1.0,500.0,2.26935,-2.50705,-17.26718,4e-05,-0.95747
7099.24,index_price,1557745141130,open,0.0,98.7,0.0005,0.0405,0.00051582,119.99,0.0015,0,BTC-31MAY19-3750-P,7099.24,119.54,0.0005,8.9,0.0015,11.9,138.52,0.25137,-0.84366,-0.02127,1e-05,-0.0056
7073.35,BTC-27SEP19,1557745141132,open,0.03,13.1,0.0005,0.0765,0.03659272,88.33,0.0585,0.0,BTC-27SEP19-14000-C,7099.24,85.87,0.033,10.0,0.04,18.2,90.56,10.56693,-3.40939,3.29054,6e-05,0.16065
7068.52,BTC-28JUN19,1557745141132,open,0.54,0.1,0.503,0.5825,0.54277558,112.26,0.395,0.0,BTC-28JUN19-3250-C,7099.24,0.0,0.0035,0.2,0.812,2.0,500.0,0.98817,-1.209,3.92239,1e-05,0.98428
7099.24,index_price,1557745141130,open,0.36,0.0,0.29,0.397,0.34351088,107.51,None,0,BTC-24MAY19-9500-P,7099.24,0.0,0.0,0.0,0.0,0.0,0.0,1.64254,-8.1183,-2.69421,0.0001,-0.93016
7068.52,BTC-28JUN19,1557745141133,open,0.01,245.0,0.0005,0.0475,0.00732689,94.8,0.0075,0.0,BTC-28JUN19-4250-P,7099.24,93.84,0.007,6.3,0.008,26.0,96.71,2.43075,-2.51151,-0.47652,4e-05,-0.04631
7073.35,BTC-27SEP19,1557745141133,open,0.45,239.7,0.419,0.4985,0.4586403,82.51,0.45,0.0,BTC-27SEP19-4000-C,7099.24,0.0,0.165,2.0,0.494,1.5,114.31,6.6612,-2.00783,12.1402,4e-05,0.91633
7099.24,index_price,1557745141130,open,0.03,89.2,0.0005,0.0655,0.02472778,87.03,0.0335,0,BTC-24MAY19-6500-P,7099.24,83.89,0.023,20.0,0.0265,16.0,90.22,3.92656,-15.71152,-0.5895,0.0003,-0.25395
7073.35,BTC-27SEP19,1557745141134,open,0.05,752.6,0.0125,0.092,0.05220686,84.2,0.0525,0.0,BTC-27SEP19-12000-C,7099.24,82.42,0.049,10.0,0.0525,0.5,84.36,12.87362,-3.95963,4.48911,8e-05,0.22145
7073.35,BTC-27SEP19,1557745141133,open,0.04,65.3,0.002,0.085,0.04347668,77.93,0.043,0.0,BTC-27SEP19-4750-P,7099.24,76.11,0.041,14.4,0.047,10.0,80.47,9.717,-2.76607,-4.90999,7e-05,-0.14163
7068.52,BTC-28JUN19,1557745141133,open,0.72,10.0,0.64,0.7765,0.70818142,94.47,1.243,0.0,BTC-28JUN19-12000-P,7099.24,0.0,0.0005,0.4,1.219,1.0,500.0,3.68486,-3.79391,-14.47532,6e-05,-0.92115
7073.35,BTC-27SEP19,1557745141131,open,0.04,25.4,0.0055,0.085,0.04534668,88.63,0.047,0.0,BTC-27DEC19-18000-C,7099.24,86.62,0.0415,10.0,0.0485,10.0,90.23,13.74578,-2.67323,5.18078,5e-05,0.16266
7099.24,index_price,1557745141130,open,0.06,5.0,0.0095,0.093,0.05117907,84.75,0.061,0,BTC-24MAY19-7000-P,7099.24,81.54,0.049,22.0,0.055,12.0,90.38,4.81919,-18.77655,-1.02367,0.00038,-0.43275
7068.52,BTC-28JUN19,1557745141134,open,0.01,406.9,0.0005,0.0505,0.01060951,94.65,0.0105,0.0,BTC-28JUN19-12000-C,7099.24,93.47,0.01,5.0,0.011,16.0,95.39,3.70256,-3.81955,0.6107,6e-05,0.07935
7099.24,index_price,1557745141129,open,0.17,516.9,0.134,0.2135,0.17386033,87.77,0.1595,0,BTC-31MAY19-6000-C,7099.24,80.58,0.17,4.0,0.1755,4.0,90.69,3.94132,-9.676,2.28921,0.00018,0.83228
7073.35,BTC-27SEP19,1557745141130,open,0.03,10.0,0.0005,0.0735,0.03356118,93.56,0.054,0.0,BTC-27DEC19-22000-C,7099.24,90.94,0.0295,14.0,0.0365,10.0,95.36,11.30795,-2.32143,3.90348,4e-05,0.12195
7099.24,index_price,1557745141130,open,0.09,529.0,0.0535,0.133,0.09306012,92.16,0.0915,0,BTC-17MAY19-6500-C,7099.24,69.44,0.088,0.2,0.0925,0.2,89.94,1.81242,-21.54817,0.55966,0.00037,0.83549
7068.52,BTC-28JUN19,1557745141134,open,0.08,85.4,0.0455,0.125,0.08504435,77.76,0.084,0.0,BTC-28JUN19-7500-C,7099.24,75.6,0.082,13.0,0.089,9.6,80.57,9.96766,-8.44807,3.41364,0.0002,0.46928
7073.35,BTC-27SEP19,1557745141134,open,0.02,41.8,0.0005,0.059,0.01847658,83.13,0.0185,0.0,BTC-27SEP19-3750-P,7099.24,82.53,0.018,15.0,0.0205,10.0,85.63,5.60133,-1.70103,-2.25859,4e-05,-0.06667
7073.35,BTC-27SEP19,1557745141130,open,0.68,1.0,0.599,0.7315,0.6652967,80.13,0.673,0.0,BTC-27DEC19-11000-P,7099.24,0.0,0.008,0.1,1.495,0.3,499.52,20.73713,-3.64615,-58.00976,8e-05,-0.64833
7099.24,index_price,1557745141129,open,0.0,16.3,0.0005,0.043,0.00301156,110.43,0.002,0,BTC-17MAY19-8500-C,7099.24,101.67,0.002,30.0,0.003,3.1,110.34,0.91142,-12.98429,0.04563,0.00015,0.06355
7099.24,index_price,1557745141130,open,0.0,289.2,0.0005,0.042,0.00196823,118.96,0.002,0,BTC-31MAY19-4250-P,7099.24,113.95,0.0015,27.5,0.0025,0.5,123.83,0.71982,-2.39522,-0.072,2e-05,-0.01874
7068.52,BTC-28JUN19,1557745141135,open,0.01,226.8,0.0005,0.047,0.00730596,97.61,0.0105,0.0,BTC-28JUN19-13000-C,7099.24,94.16,0.006,20.0,0.008,16.0,99.29,2.83431,-3.01516,0.4341,5e-05,0.05617
7073.06,BTC-27SEP19,1557745141135,open,0.03,1018.0,0.0005,0.0695,0.02873349,79.98,0.0265,0.0,BTC-27SEP19-4250-P,7099.24,79.29,0.028,21.8,0.031,10.0,82.07,7.56874,-2.21127,-3.39893,5e-05,-0.09941
7099.24,index_price,1557745141129,open,0.09,73.3,0.0445,0.131,0.08768072,85.98,0.0905,0,BTC-31MAY19-7250-P,7099.24,83.51,0.0855,0.4,0.0915,12.4,90.3,6.26695,-15.07128,-2.06449,0.0003,-0.50611
7068.52,BTC-28JUN19,1557745141136,open,0.0,863.5,0.0005,0.0415,0.00166834,120.0,0.002,0.0,BTC-28JUN19-20000-C,7099.24,118.51,0.0015,10.0,0.003,36.0,129.15,0.82809,-1.08307,0.09896,1e-05,0.01281
7099.24,index_price,1557745141131,open,0.0,249.6,0.0005,0.04,7.001e-05,119.99,0.001,0,BTC-17MAY19-5000-P,7099.24,0.0,0.0,0.0,0.001,16.8,164.45,0.04392,-0.49704,-0.00147,1e-05,-0.00188
7099.24,index_price,1557745141132,open,0.14,1.8,0.088,0.1785,0.13324846,98.66,0.1515,0,BTC-17MAY19-8000-P,7099.24,92.69,0.132,4.0,0.1365,4.0,112.33,1.55153,-19.74869,-0.75591,0.00029,-0.86952
7073.06,BTC-27SEP19,1557745141132,open,0.01,161.2,0.0005,0.0505,0.01048377,85.81,0.013,0.0,BTC-27DEC19-2500-P,7099.24,83.96,0.0095,10.0,0.012,5.0,88.5,3.85957,-0.7267,-1.81166,1e-05,-0.03054
7068.52,BTC-28JUN19,1557745141136,open,0.44,310.5,0.4,0.4795,0.43996986,99.36,0.42,0.0,BTC-28JUN19-4000-C,7099.24,0.0,0.2,0.1,0.49,1.0,192.22,2.00567,-2.17208,4.65083,3e-05,0.96346
7099.24,index_price,1557745141130,open,0.09,284.5,0.061,0.1405,0.10078659,85.6,0.1,0,BTC-31MAY19-6750-C,7099.24,81.01,0.097,0.4,0.1,9.6,84.65,5.87227,-14.05989,1.87807,0.00028,0.64096
7099.24,index_price,1557745141130,open,0.13,2.0,0.0755,0.165,0.1202473,89.4,0.142,0,BTC-24MAY19-7750-P,7099.24,85.7,0.118,12.0,0.124,12.0,95.49,4.33334,-17.81127,-1.71042,0.00032,-0.68834
7073.06,BTC-27SEP19,1557745141130,open,0.53,5.0,0.492,0.5715,0.53155853,77.87,0.5,0.0,BTC-27DEC19-3500-C,7099.24,0.0,0.255,1.0,0.68,3.0,179.32,7.77993,-1.32924,17.44542,3e-05,0.92662
7099.24,index_price,1557745141135,open,0.43,9.0,0.398,0.4775,0.43766418,120.35,0.249,0,BTC-31MAY19-4000-C,7099.24,0.0,0.2,0.1,0.0,0.0,0.0,0.45833,-1.54291,1.91657,2e-05,0.98891
7068.52,BTC-28JUN19,1557745141136,open,0.06,1442.0,0.0245,0.104,0.06439342,79.19,0.069,0.0,BTC-28JUN19-8000-C,7099.24,77.05,0.0615,14.8,0.0675,13.8,81.48,9.55583,-8.24767,2.8206,0.00019,0.38188
7068.52,BTC-28JUN19,1557745141136,open,0.01,367.9,0.0005,0.0455,0.00554874,101.53,0.005,0.0,BTC-28JUN19-14000-C,7099.24,98.07,0.0045,20.0,0.0065,18.0,104.33,2.28262,-2.52582,0.33124,4e-05,0.04283
7099.24,index_price,1557745141130,open,0.26,119.4,0.2275,0.307,0.26737879,97.84,0.25,0,BTC-31MAY19-5250-C,7099.24,0.0,0.024,5.0,0.305,0.3,181.2,2.02892,-5.55247,2.31578,8e-05,0.93344
7099.24,index_price,1557745141129,open,0.1,10.1,0.0695,0.149,0.10917422,87.1,0.084,0,BTC-24MAY19-6500-C,7099.24,78.5,0.1045,4.0,0.11,4.0,88.59,3.9276,-15.72787,1.34692,0.0003,0.74592
7099.24,index_price,1557745141130,open,0.36,20.2,0.329,0.4085,0.3687801,112.89,0.2355,0,BTC-31MAY19-4500-C,7099.24,0.0,0.0005,0.4,0.0,0.0,0.0,0.93669,-2.95781,2.10562,3e-05,0.9744
7099.24,index_price,1557745141130,open,0.43,0.0,0.3615,0.4745,0.41809865,107.7,None,0,BTC-31MAY19-10000-P,7099.24,0.0,0.0005,10.0,0.0,0.0,0.0,2.62858,-7.91823,-4.60469,0.0001,-0.9063
7073.06,BTC-27SEP19,1557745141130,open,0.79,0.0,0.752,0.8315,0.7915698,102.12,None,0.0,BTC-27DEC19-1500-C,7099.24,0.0,0.014,5.0,0.9925,0.5,500.0,1.4929,-0.33453,8.76119,0.0,0.98997
7099.24,index_price,1557745141129,open,0.12,358.6,0.085,0.1645,0.12451018,99.21,0.124,0,BTC-17MAY19-6250-C,7099.24,78.56,0.1215,4.0,0.888,0.5,500.0,1.25792,-16.10014,0.58665,0.00024,0.90275
7073.06,BTC-27SEP19,1557745141136,open,0.29,248.8,0.258,0.3375,0.29793973,76.24,0.282,0.0,BTC-27SEP19-5500-C,7099.24,73.78,0.2935,3.0,0.302,3.0,78.47,12.82464,-3.57175,12.7864,9e-05,0.78001
7073.06,BTC-27SEP19,1557745141136,open,0.02,360.7,0.0005,0.055,0.01484118,85.4,0.013,0.0,BTC-27SEP19-3500-P,7099.24,83.36,0.0135,15.0,0.017,16.0,88.51,4.7526,-1.48262,-1.82738,3e-05,-0.05405
7073.06,BTC-27SEP19,1557745141132,open,0.15,41.0,0.099,0.19,0.14466374,73.96,0.14,0.0,BTC-27DEC19-6000-P,7099.24,72.4,0.1405,15.0,0.148,3.2,75.2,18.91209,-3.0689,-18.88805,8e-05,-0.28307
7073.06,BTC-27SEP19,1557745141132,open,1.07,0.0,0.966,1.1295,1.04786532,82.96,None,0.0,BTC-27DEC19-14000-P,7099.24,0.0,0.0075,0.1,1.9125,0.2,500.0,17.28002,-3.1453,-79.93656,7e-05,-0.76236
7073.06,BTC-27SEP19,1557745141130,open,0.06,126.0,0.017,0.1015,0.05924551,75.09,0.06,0.0,BTC-27DEC19-4500-P,7099.24,73.84,0.057,10.0,0.0625,14.0,76.89,12.72806,-2.09705,-9.0118,5e-05,-0.14483
7099.24,index_price,1557745141134,open,0.18,8.0,0.12,0.2125,0.16628782,103.86,0.1945,0,BTC-17MAY19-8250-P,7099.24,98.85,0.1655,4.0,0.17,4.0,123.06,1.17295,-15.71579,-0.81248,0.00021,-0.91152
7099.24,index_price,1557745141132,open,0.0,413.2,0.0005,0.0415,0.00153758,114.12,0.0015,0,BTC-17MAY19-5750-P,7099.24,95.25,0.0005,95.4,0.0025,13.2,125.34,0.52593,-7.74302,-0.02533,9e-05,-0.03206
7099.24,index_price,1557745141131,open,0.03,341.5,0.0005,0.0745,0.0348123,89.01,0.035,0,BTC-31MAY19-8000-C,7099.24,86.66,0.033,10.0,0.0365,0.4,91.18,5.50915,-13.71617,0.94201,0.00025,0.30575
7099.24,index_price,1557745141131,open,0.06,44.4,0.0065,0.09,0.04811019,87.92,0.066,0,BTC-17MAY19-7250-P,7099.24,83.93,0.0465,0.2,0.05,0.2,92.59,2.86804,-32.53127,-0.46898,0.00061,-0.57403
7099.24,index_price,1557745141132,open,0.01,169.4,0.0005,0.0445,0.00469821,100.18,0.0065,0,BTC-24MAY19-5500-P,7099.24,96.61,0.004,11.3,0.0055,20.0,103.97,1.44245,-6.64355,-0.13494,0.0001,-0.05909
7099.24,index_price,1557745141131,open,0.33,0.0,0.2925,0.372,0.3324069,117.72,0.2,0,BTC-24MAY19-4750-C,7099.24,0.0,0.001,0.3,0.0,0.0,0.0,0.56304,-3.04724,1.3724,3e-05,0.9812
7099.24,index_price,1557745141131,open,0.0,240.4,0.0005,0.041,0.00108175,119.99,0.002,0,BTC-31MAY19-4000-P,7099.24,118.67,0.001,26.3,0.002,12.0,131.66,0.45203,-1.51715,-0.04172,2e-05,-0.01092
7073.06,BTC-27SEP19,1557745141137,open,0.48,0.0,0.4485,0.528,0.4883101,83.15,None,0.0,BTC-27SEP19-3750-C,7099.24,0.0,0.033,0.1,0.5405,2.0,133.18,5.60314,-1.70186,11.80286,4e-05,0.9333
7099.24,index_price,1557745141132,open,0.0,17.5,0.0005,0.043,0.00320196,105.73,0.0055,0,BTC-24MAY19-5250-P,7099.24,100.73,0.0025,10.0,0.004,20.0,110.72,1.06707,-5.18665,-0.09248,7e-05,-0.04052
7099.24,index_price,1557745141130,open,0.05,164.6,0.013,0.0925,0.05295813,86.02,0.051,0,BTC-31MAY19-7500-C,7099.24,82.6,0.05,14.0,0.055,5.4,88.38,6.1517,-14.80184,1.28785,0.00029,0.42337
7073.06,BTC-27SEP19,1557745141130,open,0.08,51.9,0.039,0.1185,0.07867449,81.72,0.075,0.0,BTC-27DEC19-13000-C,7099.24,80.69,0.076,10.0,0.0815,23.2,82.8,18.40003,-3.29938,8.34769,7e-05,0.26771
7099.24,index_price,1557745141132,open,0.11,20.4,0.058,0.146,0.10197561,94.89,0.1185,0,BTC-17MAY19-7750-P,7099.24,87.78,0.1,4.0,0.1045,4.0,103.4,2.03687,-24.93428,-0.68129,0.0004,-0.80181
7099.24,index_price,1557745141136,open,0.02,124.6,0.0005,0.0565,0.01604512,88.17,0.021,0,BTC-24MAY19-6250-P,7099.24,84.72,0.0145,10.0,0.0175,16.0,91.34,3.22199,-13.06104,-0.41591,0.00024,-0.18057
7099.24,index_price,1557745141131,open,0.01,0.4,0.0005,0.0475,0.00773334,100.71,0.006,0,BTC-24MAY19-9000-C,7099.24,94.67,0.006,30.0,0.0085,4.2,103.17,2.16107,-10.00571,0.19658,0.00014,0.10067
7073.06,BTC-27SEP19,1557745141132,open,0.93,0.0,0.84,0.993,0.91658493,81.7,None,0.0,BTC-27DEC19-13000-P,7099.24,0.0,0.0075,0.2,1.7735,0.3,500.0,18.39668,-3.29802,-72.81561,7e-05,-0.73238
7099.24,index_price,1557745141132,open,0.01,430.9,0.0005,0.0495,0.00936511,93.13,0.0125,0,BTC-31MAY19-5500-P,7099.24,90.67,0.0085,20.0,0.0105,30.5,96.21,2.5486,-6.63862,-0.34503,0.00011,-0.08987
7099.24,index_price,1557745141133,open,0.01,82.2,0.0005,0.052,0.01240324,95.18,0.009,0,BTC-24MAY19-8500-C,7099.24,90.41,0.0105,36.0,0.0135,4.0,97.8,2.9238,-12.79339,0.30227,0.0002,0.1553
7099.24,index_price,1557745141137,open,0.12,2.5,0.065,0.1535,0.10936609,85.97,0.124,0,BTC-31MAY19-7500-P,7099.24,84.4,0.108,0.4,0.114,0.4,91.31,6.15143,-14.79263,-2.38539,0.00029,-0.57672
7099.24,index_price,1557745141135,open,0.06,32.3,0.0255,0.105,0.06519831,84.81,0.0675,0,BTC-24MAY19-7000-C,7099.24,79.36,0.0615,22.0,0.067,12.0,87.46,4.81921,-18.78974,1.06199,0.00038,0.56724
7099.24,index_price,1557745141132,open,0.19,0.0,0.1315,0.225,0.17815285,92.62,None,0,BTC-24MAY19-8250-P,7099.24,91.24,0.1775,4.0,0.1825,4.0,101.41,3.37851,-14.38643,-2.07971,0.00024,-0.80501
7073.06,BTC-27SEP19,1557745141134,open,0.19,14.8,0.135,0.2295,0.18225993,73.96,0.17,0.0,BTC-27DEC19-6500-P,7099.24,72.99,0.1795,5.0,0.1865,3.2,75.44,20.26732,-3.2888,-22.67093,9e-05,-0.33114
7099.24,index_price,1557745141132,open,0.18,63.5,0.152,0.2315,0.19162481,114.56,0.236,0,BTC-17MAY19-5750-C,7099.24,0.0,0.189,4.0,0.193,4.0,129.71,0.5325,-7.87019,0.58483,9e-05,0.96745
7099.24,index_price,1557745141132,open,0.23,537.3,0.195,0.2745,0.23466594,93.21,0.233,0,BTC-31MAY19-5500-C,7099.24,81.91,0.231,4.0,0.2365,4.0,98.12,2.55227,-6.65447,2.34785,0.00011,0.90995
7099.24,index_price,1557745141132,open,0.01,913.2,0.0005,0.047,0.00686437,97.73,0.0065,0,BTC-31MAY19-5250-P,7099.24,96.44,0.0065,14.2,0.0075,20.5,99.92,2.02468,-5.53487,-0.25465,8e-05,-0.06638
7073.06,BTC-27SEP19,1557745141132,open,0.29,119.8,0.2565,0.336,0.29639738,73.96,0.302,0.0,BTC-27DEC19-6000-C,7099.24,68.58,0.282,5.0,0.3,0.8,75.31,18.91207,-3.06925,18.56998,8e-05,0.71693
7099.24,index_price,1557745141136,open,0.0,30.1,0.0005,0.041,0.00136106,118.56,0.001,0,BTC-17MAY19-9000-C,7099.24,112.91,0.001,20.0,0.0015,3.3,120.48,0.4978,-7.61404,0.02159,8e-05,0.03
7099.24,index_price,1557745141136,open,0.01,83.3,0.0005,0.047,0.00679212,94.55,0.0105,0,BTC-24MAY19-5750-P,7099.24,91.51,0.006,10.0,0.008,20.0,98.89,1.90436,-8.27765,-0.19385,0.00013,-0.08485
7099.24,index_price,1557745141130,open,0.1,0.1,0.05,0.137,0.09336617,86.3,0.104,0,BTC-24MAY19-7500-P,7099.24,84.22,0.092,12.0,0.098,12.0,93.29,4.68179,-18.57432,-1.49988,0.00036,-0.61569
7099.24,index_price,1557745141132,open,0.0,513.2,0.0005,0.0425,0.00262487,112.7,0.0025,0,BTC-31MAY19-4500-P,7099.24,111.73,0.0025,20.0,0.003,10.5,115.44,0.93128,-2.9356,-0.09752,3e-05,-0.02543
7073.06,BTC-27SEP19,1557745141137,open,0.8,1.1,0.7155,0.858,0.78696214,80.11,0.79,0.0,BTC-27DEC19-12000-P,7099.24,0.0,0.008,0.1,1.6345,0.3,500.0,19.49039,-3.42605,-65.57245,8e-05,-0.69798
7099.24,index_price,1557745141133,open,0.01,145.7,0.0005,0.046,0.0064133,98.87,0.0075,0,BTC-17MAY19-8000-C,7099.24,94.58,0.0055,10.0,0.007,3.4,101.5,1.55608,-19.8488,0.09394,0.00029,0.13104
7099.24,index_price,1557745141133,open,0.06,187.0,0.026,0.1055,0.06560827,89.22,0.058,0,BTC-17MAY19-6750-C,7099.24,80.04,0.0625,0.2,0.0665,0.2,91.8,2.4455,-28.14923,0.49628,0.00051,0.72396
7099.24,index_price,1557745141137,open,0.4,9.8,0.3635,0.443,0.40333705,119.2,0.212,0,BTC-31MAY19-4250-C,7099.24,0.0,0.0005,0.3,0.0,0.0,0.0,0.72532,-2.41839,2.00874,2e-05,0.98109
7073.06,BTC-27SEP19,1557745141129,open,0.11,82.6,0.067,0.1555,0.11108669,73.96,0.1075,0.0,BTC-27DEC19-5500-P,7099.24,72.89,0.1085,15.0,0.1145,3.2,75.36,17.17207,-2.78656,-15.28037,7e-05,-0.23495
7099.24,index_price,1557745141130,open,0.0,316.7,0.0005,0.04,0.00025532,119.99,0.001,0,BTC-17MAY19-5250-P,7099.24,130.59,0.0005,3.5,0.0015,25.1,154.02,0.12744,-1.8126,-0.00484,2e-05,-0.00617
7099.24,index_price,1557745141131,open,0.08,13.0,0.046,0.1255,0.08552249,85.87,0.07,0,BTC-24MAY19-6750-C,7099.24,78.68,0.081,12.0,0.0865,12.0,87.42,4.4865,-17.71203,1.21673,0.00035,0.66072
7099.24,index_price,1557745141130,open,0.03,111.5,0.0005,0.07,0.02901493,87.16,0.0295,0,BTC-17MAY19-7000-P,7099.24,83.4,0.0275,6.3,0.031,3.2,92.09,2.8597,-32.15606,-0.33855,0.00061,-0.4201
7073.06,BTC-27SEP19,1557745141130,open,0.26,65.8,0.2235,0.303,0.26330471,73.96,0.246,0.0,BTC-27DEC19-6500-C,7099.24,68.81,0.2485,5.0,0.2665,2.4,75.08,20.26717,-3.28915,17.90886,9e-05,0.66886
7099.24,index_price,1557745141132,open,0.5,0.0,0.4675,0.547,0.50723073,121.09,None,0,BTC-31MAY19-3500-C,7099.24,0.0,0.0015,0.2,0.0,0.0,0.0,0.13406,-0.45407,1.70361,0.0,0.99722
7099.24,index_price,1557745141130,open,0.01,326.3,0.0005,0.05,0.01035405,95.04,0.01,0,BTC-17MAY19-7750-C,7099.24,92.03,0.0095,10.0,0.0105,2.7,95.55,2.03954,-25.00783,0.14192,0.0004,0.19862
7073.06,BTC-27SEP19,1557745141135,open,0.23,54.5,0.1915,0.271,0.23137559,73.13,0.2165,0.0,BTC-27DEC19-7000-C,7099.24,69.19,0.2195,5.0,0.2375,2.4,75.17,21.27013,-3.41296,17.18451,9e-05,0.62053
7073.06,BTC-27SEP19,1557745141133,open,0.42,9.6,0.3835,0.463,0.42304574,75.1,0.323,0.0,BTC-27DEC19-4500-C,7099.24,0.0,0.0405,4.0,0.656,0.1,195.67,12.72885,-2.09745,19.08112,5e-05,0.85515
7073.06,BTC-27SEP19,1557745141130,open,0.65,0.0,0.6175,0.697,0.65703946,85.83,None,0.0,BTC-27DEC19-2500-C,7099.24,0.0,0.014,5.0,0.99,0.5,500.0,3.86132,-0.72718,13.79511,1e-05,0.96944
7073.06,BTC-27SEP19,1557745141130,open,0.47,29.2,0.435,0.5145,0.47491809,76.13,0.357,0.0,BTC-27DEC19-4000-C,7099.24,0.0,0.014,5.0,0.987,1.0,500.0,10.22845,-1.70852,18.50828,4e-05,0.89405
7073.06,BTC-27SEP19,1557745141136,open,0.59,0.0,0.553,0.6325,0.59260417,80.93,None,0.0,BTC-27DEC19-3000-C,7099.24,0.0,0.0005,2.0,0.989,0.5,500.0,5.61218,-0.99658,15.85454,2e-05,0.95164
7099.24,index_price,1557745141136,open,0.12,325.0,0.0825,0.162,0.12238979,85.93,0.11,0,BTC-31MAY19-6500-C,7099.24,78.72,0.117,4.0,0.1235,4.0,87.39,5.36158,-12.8861,2.04949,0.00025,0.71186
7099.24,index_price,1557745141136,open,0.36,0.0,0.2965,0.404,0.35045846,102.47,None,0,BTC-31MAY19-9500-P,7099.24,0.0,0.0005,10.0,0.0,0.0,0.0,3.15696,-9.04878,-4.27541,0.00012,-0.87923
7073.06,BTC-27SEP19,1557745141133,open,0.01,84.9,0.0005,0.047,0.00701797,94.46,0.008,0.0,BTC-27DEC19-2000-P,7099.24,88.55,0.005,10.0,0.009,10.0,99.42,2.64079,-0.54734,-1.16808,1e-05,-0.01943
7099.24,index_price,1557745141132,open,0.0,0.1,0.0005,0.045,0.00539413,107.74,0.017,0,BTC-24MAY19-9500-C,7099.24,101.27,0.004,30.0,0.0065,30.0,112.27,1.65138,-8.17985,0.13736,0.0001,0.07033
7073.06,BTC-27SEP19,1557745141130,open,0.03,2.0,0.0005,0.07,0.03016775,96.09,0.031,0.0,BTC-27DEC19-24000-C,7099.24,93.53,0.0265,4.0,0.0325,10.0,97.64,10.47072,-2.20772,3.50081,3e-05,0.10945
7099.24,index_price,1557745141136,open,0.0,299.8,0.0005,0.0435,0.00355202,107.02,0.0035,0,BTC-31MAY19-4750-P,7099.24,106.71,0.0035,4.1,0.004,10.5,109.56,1.2068,-3.61237,-0.13316,5e-05,-0.03475
7073.35,BTC-27SEP19,1557745141161,open,1.89,0.0,1.753,1.982,1.86749255,91.97,None,0.0,BTC-27DEC19-20000-P,7099.24,0.0,0.007,5.0,2.7485,0.2,500.0,12.61948,-2.54663,-120.31405,4e-05,-0.857
7073.06,BTC-27SEP19,1557745141164,open,1.61,0.0,1.4865,1.6935,1.59007367,88.56,None,0.0,BTC-27DEC19-18000-P,7099.24,0.0,0.007,5.0,2.47,0.2,500.0,13.72649,-2.66738,-107.20533,5e-05,-0.83768
7099.24,index_price,1557745141195,open,0.01,465.8,0.0005,0.045,0.00485014,99.01,0.0075,0,BTC-17MAY19-6250-P,7099.24,93.99,0.004,2.0,0.006,20.2,105.22,1.25392,-16.01604,-0.07665,0.00024,-0.09683
190.12,index_price,1557745141426,open,0.01,617.0,0.001,0.051,0.010618,93.0,0.009,0,ETH-24MAY19-160-P,190.12,82.0,0.007,149.0,0.01,105.0,91.27,0.06722,-0.28738,-0.00763,0.00671,-0.1241
190.12,index_price,1557745141432,open,0.07,526.0,0.022,0.106,0.063666,92.96,0.065,0,ETH-24MAY19-190-P,190.12,86.24,0.059,90.0,0.066,198.0,96.44,0.13046,-0.55753,-0.03003,0.01303,-0.46646
190.12,index_price,1557745141448,open,0.04,208.0,0.006,0.085,0.04536,96.74,0.038,0,ETH-24MAY19-200-C,190.12,91.67,0.042,94.0,0.049,217.0,102.09,0.1278,-0.5684,0.02082,0.01227,0.41298
190.12,index_price,1557745141454,open,0.04,208.0,0.006,0.085,0.04536,96.74,0.038,0,ETH-24MAY19-200-C,190.12,91.67,0.042,94.0,0.049,218.0,102.09,0.1278,-0.5684,0.02082,0.01227,0.41298
191.19,ETH-28JUN19,1557745141696,open,0.02,1723.0,0.001,0.061,0.021921,100.84,0.04,0.0,ETH-28JUN19-300-C,190.12,98.34,0.02,270.0,0.024,210.0,103.41,0.15068,-0.1656,0.02831,0.00325,0.13974
190.12,index_price,1557745141877,open,0.39,0.0,0.32,0.429,0.374737,121.11,None,0,ETH-24MAY19-260-P,190.12,0.0,0.0,0.0,0.0,0.0,0.0,0.04963,-0.27634,-0.07324,0.00381,-0.91816
192.39,ETH-27SEP19,1557745141880,open,1.15,0.0,1.04,1.209,1.124416,98.05,None,0.0,ETH-27SEP19-400-P,190.12,0.0,0.001,2.0,0.0,0.0,0.0,0.30817,-0.11038,-1.40348,0.00226,-0.8209
190.12,index_price,1557745141901,open,0.44,0.0,0.369,0.482,0.425493,123.78,None,0,ETH-24MAY19-270-P,190.12,0.0,0.0,0.0,0.0,0.0,0.0,0.04032,-0.22942,-0.07722,0.00302,-0.93759
191.19,ETH-28JUN19,1557745141918,open,0.01,631.0,0.001,0.052,0.012249,111.21,0.015,0.0,ETH-28JUN19-360-C,190.12,106.7,0.01,330.0,0.015,210.0,116.18,0.10037,-0.12166,0.01618,0.00196,0.07958
191.19,ETH-28JUN19,1557745141918,open,0.37,25.0,0.34,0.419,0.379202,86.75,0.315,0.0,ETH-28JUN19-120-C,190.12,0.0,0.372,50.0,0.0,0.0,0.0,0.06725,-0.06358,0.13773,0.00169,0.95237
7073.12,BTC-27SEP19,1557745141992,open,0.18,1047.3,0.148,0.2275,0.18752751,75.69,0.182,0.0,BTC-27SEP19-7000-C,7099.24,73.98,0.1835,18.6,0.1915,3.0,77.37,16.73056,-4.62563,10.9489,0.00012,0.60031
190.12,index_price,1557745142016,open,0.28,0.0,0.214,0.314,0.264288,123.98,None,0,ETH-17MAY19-240-P,190.12,0.0,0.259,50.0,0.27,50.0,166.01,0.01661,-0.26573,-0.02473,0.00349,-0.96078
190.12,index_price,1557745142049,open,0.2,173.0,0.173,0.252,0.212497,124.99,0.22,0,ETH-17MAY19-150-C,190.12,0.0,0.209,50.0,0.218,50.0,174.5,0.01274,-0.20546,0.01532,0.00266,0.97159
191.19,ETH-28JUN19,1557745142080,open,0.07,5402.0,0.023,0.107,0.064941,84.03,0.074,0.0,ETH-28JUN19-170-P,190.12,79.97,0.06,120.0,0.068,460.0,86.53,0.23331,-0.21368,-0.08613,0.00604,-0.29347
7099.24,index_price,1557745142127,open,0.08,12.8,0.0305,0.116,0.07336498,91.71,0.088,0,BTC-17MAY19-7500-P,7099.24,85.08,0.071,0.2,0.0745,0.2,94.96,2.53082,-29.9426,-0.58543,0.00052,-0.70328
7073.12,BTC-27SEP19,1557745142129,open,0.39,290.5,0.3595,0.439,0.39917038,78.75,0.39,0.0,BTC-27SEP19-4500-C,7099.09,0.0,0.01,5.0,0.4195,1.0,94.34,8.6247,-2.48095,12.77442,6e-05,0.88078
7068.58,BTC-28JUN19,1557745142129,open,0.0,127.0,0.0005,0.044,0.00431356,102.62,0.007,0.0,BTC-28JUN19-3750-P,7099.09,101.18,0.004,6.5,0.0055,26.0,107.6,1.56978,-1.75578,-0.27963,2e-05,-0.02716
7068.58,BTC-28JUN19,1557745142130,open,0.86,0.8,0.773,0.92,0.84637133,97.46,2.171,0.0,BTC-28JUN19-13000-P,7099.09,0.0,0.07,1.0,1.344,1.0,499.74,2.82113,-2.99655,-15.9076,5e-05,-0.94416
7099.09,index_price,1557745142129,open,0.01,23.2,0.0005,0.052,0.01233694,102.59,0.0115,0,BTC-31MAY19-9500-C,7099.09,98.32,0.0105,0.5,0.013,10.0,104.06,3.16246,-9.07491,0.37804,0.00012,0.12107
7068.43,BTC-28JUN19,1557745142131,open,0.0,681.4,0.0005,0.0405,0.00059261,119.99,0.001,0.0,BTC-28JUN19-2500-P,7099.09,128.08,0.001,7.0,0.0015,12.0,135.34,0.29389,-0.38435,-0.0404,0.0,-0.00396
7099.09,index_price,1557745142129,open,0.47,0.0,0.4325,0.512,0.47229051,120.31,None,0,BTC-31MAY19-3750-C,7099.09,0.0,0.0015,0.5,0.0,0.0,0.0,0.25524,-0.85892,1.81489,1e-05,0.9943
7099.09,index_price,1557745142131,open,0.16,4.0,0.1025,0.194,0.14831935,90.96,0.1745,0,BTC-24MAY19-8000-P,7099.09,87.59,0.1465,4.0,0.1525,4.0,98.46,3.87319,-16.19693,-1.90551,0.00028,-0.75251
7072.97,BTC-27SEP19,1557745142130,open,0.0,121.6,0.0005,0.0435,0.00363682,102.1,0.001,0.0,BTC-27DEC19-1500-P,7099.09,96.09,0.0025,10.0,0.005,10.0,107.96,1.4916,-0.33415,-0.60289,0.0,-0.01002
7099.09,index_price,1557745142131,open,0.13,3.2,0.096,0.1755,0.1356772,88.22,0.173,0,BTC-24MAY19-6250-C,7099.09,78.63,0.1315,4.0,0.1365,4.0,90.02,3.22358,-13.07482,1.446,0.00024,0.81928
7072.97,BTC-27SEP19,1557745142131,open,0.72,0.0,0.6845,0.764,0.72425562,94.47,None,0.0,BTC-27DEC19-2000-C,7099.09,0.0,0.014,5.0,0.991,0.5,500.0,2.64166,-0.54758,11.31774,1e-05,0.98056
7099.09,index_price,1557745142141,open,0.08,12.8,0.0305,0.116,0.07336498,91.75,0.088,0,BTC-17MAY19-7500-P,7099.09,86.47,0.0715,0.2,0.0745,0.2,94.92,2.53086,-29.95682,-0.58542,0.00052,-0.70326
190.12,index_price,1557745142196,open,0.0,4.0,0.001,0.041,0.001429,111.37,0.003,0,ETH-24MAY19-130-P,190.12,0.0,0.0,0.0,0.003,325.0,126.71,0.01526,-0.07813,-0.00116,0.00127,-0.01907
191.19,ETH-28JUN19,1557745142201,open,0.71,0.0,0.624,0.759,0.691583,104.67,None,0.0,ETH-28JUN19-320-P,190.12,0.0,0.001,3.0,0.0,0.0,0.0,0.13123,-0.1497,-0.37895,0.00273,-0.88541
192.39,ETH-27SEP19,1557745142209,open,0.05,1598.0,0.011,0.09,0.050223,96.68,0.054,0.0,ETH-27SEP19-380-C,190.12,96.55,0.05,100.0,0.054,60.0,98.87,0.32648,-0.1153,0.10564,0.00243,0.19664
190.12,index_price,1557745142209,open,0.31,0.0,0.278,0.357,0.31765,111.37,None,0,ETH-24MAY19-130-C,190.12,0.0,0.006,3.0,0.0,0.0,0.0,0.01526,-0.07813,0.03757,0.00127,0.98093
190.12,index_price,1557745142209,open,0.0,912.0,0.001,0.041,0.001854,100.15,0.003,0,ETH-17MAY19-160-P,190.12,89.36,0.001,72.0,0.003,100.0,110.87,0.01772,-0.22891,-0.00089,0.00461,-0.04245
7072.97,BTC-27SEP19,1557745142223,open,1.89,0.0,1.753,1.982,1.86756563,91.93,None,0.0,BTC-27DEC19-20000-P,7099.09,0.0,0.007,5.0,2.749,0.2,500.0,12.60701,-2.54298,-120.31954,4e-05,-0.8572
7073.12,BTC-27SEP19,1557745142226,open,1.61,0.0,1.487,1.6935,1.59021076,88.64,None,0.0,BTC-27DEC19-18000-P,7099.09,0.0,0.007,5.0,2.4695,0.2,500.0,13.74763,-2.67393,-107.19541,5e-05,-0.83729
190.12,index_price,1557745142233,open,0.0,2.0,0.001,0.041,0.001916,97.08,0.004,0,ETH-24MAY19-140-P,190.12,0.0,0.0,0.0,0.004,320.0,112.0,0.02113,-0.09431,-0.0017,0.00202,-0.02807
191.19,ETH-28JUN19,1557745142238,open,0.03,7155.0,0.001,0.071,0.030744,84.06,0.033,0.0,ETH-28JUN19-150-P,190.12,79.78,0.027,141.0,0.032,160.0,85.47,0.17005,-0.1558,-0.04769,0.0044,-0.16773
192.39,ETH-27SEP19,1557745142238,open,0.02,3217.0,0.001,0.057,0.016575,82.75,0.013,0.0,ETH-27SEP19-100-P,190.12,79.15,0.014,150.0,0.02,50.0,87.19,0.14257,-0.0431,-0.05613,0.00124,-0.06122
191.19,ETH-28JUN19,1557745142240,open,0.23,1260.0,0.173,0.269,0.220859,87.32,0.166,0.0,ETH-28JUN19-220-P,190.12,80.72,0.212,120.0,0.228,120.0,92.57,0.25862,-0.24613,-0.20143,0.00645,-0.61738
190.12,index_price,1557745142240,open,0.25,60.0,0.224,0.303,0.263946,125.0,0.272,0,ETH-17MAY19-140-C,190.12,0.0,0.261,50.0,0.27,50.0,208.47,0.00398,-0.0642,0.01471,0.00083,0.99266
190.12,index_price,1557745142242,open,0.0,210.0,0.001,0.04,4.8e-05,125.0,0.002,0,ETH-17MAY19-130-P,190.12,0.0,0.0,0.0,0.002,200.0,197.27,0.00083,-0.00917,-3e-05,0.00017,-0.00128
190.12,index_price,1557745142242,open,0.0,0.0,0.001,0.04,4e-06,125.0,None,0,ETH-17MAY19-120-P,190.12,0.0,0.0,0.0,0.001,50.0,209.15,0.0001,-0.00085,0.0,2e-05,-0.00014
192.39,ETH-27SEP19,1557745142250,open,1.35,0.0,1.233,1.418,1.325435,101.28,None,0.0,ETH-27SEP19-440-P,190.12,0.0,0.001,2.0,0.0,0.0,0.0,0.27831,-0.10297,-1.56735,0.00198,-0.84702
191.19,ETH-28JUN19,1557745142250,open,0.01,1069.0,0.001,0.05,0.010172,120.05,0.007,0.0,ETH-28JUN19-400-C,190.12,114.83,0.008,270.0,0.012,210.0,123.98,0.08497,-0.11118,0.01295,0.00154,0.06405
192.39,ETH-27SEP19,1557745142250,open,0.49,0.0,0.457,0.536,0.496797,82.75,None,0.0,ETH-27SEP19-100-C,190.12,0.0,0.003,10.0,0.0,0.0,0.0,0.14257,-0.0431,0.31888,0.00124,0.93878
192.39,ETH-27SEP19,1557745142250,open,0.69,0.0,0.653,0.732,0.692004,101.16,0.01,0.0,ETH-27SEP19-60-C,190.12,0.0,0.003,10.0,0.0,0.0,0.0,0.04265,-0.01576,0.21194,0.0003,0.98576
192.39,ETH-27SEP19,1557745142250,open,0.85,1.0,0.756,0.901,0.82832,92.78,1.043,0.0,ETH-27SEP19-340-P,190.12,0.0,0.001,2.0,0.0,0.0,0.0,0.36317,-0.12308,-1.14857,0.00282,-0.76367
191.19,ETH-28JUN19,1557745142250,open,0.51,0.0,0.433,0.552,0.492622,97.39,None,0.0,ETH-28JUN19-280-P,190.12,0.0,0.001,2.0,0.0,0.0,0.0,0.17508,-0.18583,-0.31649,0.00391,-0.82444
190.12,index_price,1557745142264,open,0.02,433.0,0.001,0.062,0.022125,103.05,0.019,0,ETH-24MAY19-220-C,190.12,98.96,0.02,90.0,0.025,141.0,108.42,0.10018,-0.4746,0.0119,0.00903,0.23218
191.19,ETH-28JUN19,1557745142274,open,0.0,1501.0,0.001,0.04,0.00064,102.58,0.001,0.0,ETH-28JUN19-80-P,190.12,0.0,0.0,0.0,0.001,1.0,108.59,0.00976,-0.01091,-0.00135,0.00021,-0.00498
191.19,ETH-28JUN19,1557745142274,open,0.0,2026.0,0.001,0.041,0.001721,102.58,0.001,0.0,ETH-28JUN19-90-P,190.12,94.95,0.001,120.0,0.003,100.0,112.1,0.02134,-0.02386,-0.00332,0.00045,-0.01211
191.19,ETH-28JUN19,1557745142290,open,0.41,0.0,0.342,0.452,0.396958,93.93,None,0.0,ETH-28JUN19-260-P,190.12,0.0,0.2,1.0,0.0,0.0,0.0,0.2031,-0.20792,-0.28171,0.00471,-0.77537
191.19,ETH-28JUN19,1557745142290,open,0.32,1735.0,0.254,0.357,0.305678,90.61,0.32,0.0,ETH-28JUN19-240-P,190.12,85.04,0.299,120.0,0.313,40.0,96.54,0.23282,-0.22993,-0.24355,0.00559,-0.70786
190.12,index_price,1557745142287,open,0.01,465.0,0.001,0.046,0.006461,113.89,0.006,0,ETH-17MAY19-220-C,190.12,100.52,0.004,400.0,0.006,50.0,111.59,0.03872,-0.56891,0.00225,0.00886,0.11797
190.12,index_price,1557745142297,open,0.01,100.0,0.001,0.047,0.00718,121.11,0.018,0,ETH-24MAY19-260-C,190.12,111.98,0.005,247.0,0.009,266.0,127.69,0.04963,-0.27634,0.00423,0.00381,0.08184
190.12,index_price,1557745142302,open,0.04,289.0,0.001,0.08,0.039253,93.04,0.04,0,ETH-24MAY19-180-P,190.12,83.05,0.033,213.0,0.04,110.0,94.22,0.11983,-0.51254,-0.02131,0.01196,-0.33692
190.12,index_price,1557745142308,open,0.04,289.0,0.001,0.08,0.039253,93.04,0.04,0,ETH-24MAY19-180-P,190.12,83.05,0.033,213.0,0.04,108.0,94.22,0.11983,-0.51254,-0.02131,0.01196,-0.33692
190.12,index_price,1557745142320,open,0.0,0.0,0.001,0.04,0.000888,125.0,None,0,ETH-17MAY19-250-C,190.12,0.0,0.0,0.0,0.002,102.0,142.07,0.00934,-0.15061,0.00038,0.00195,0.01964
192.39,ETH-27SEP19,1557745142320,open,0.07,7365.0,0.026,0.111,0.068526,82.75,0.062,0.0,ETH-27SEP19-140-P,190.12,75.69,0.057,135.0,0.069,255.0,83.04,0.31893,-0.09641,-0.18598,0.00278,-0.18925
191.19,ETH-28JUN19,1557745142320,open,0.01,4910.0,0.001,0.047,0.006789,86.58,0.007,0.0,ETH-28JUN19-120-P,190.12,84.25,0.006,270.0,0.009,250.0,92.45,0.06695,-0.06317,-0.01301,0.00168,-0.04737
191.19,ETH-28JUN19,1557745142320,open,0.05,1759.0,0.011,0.09,0.050382,90.61,0.054,0.0,ETH-28JUN19-240-C,190.12,88.65,0.048,120.0,0.054,195.0,93.56,0.23282,-0.22993,0.05809,0.00559,0.29214
192.39,ETH-27SEP19,1557745142320,open,1.56,0.0,1.427,1.628,1.527625,103.86,None,0.0,ETH-27SEP19-480-P,190.12,0.0,0.001,2.0,0.0,0.0,0.0,0.25115,-0.09528,-1.72876,0.00174,-0.86855
192.39,ETH-27SEP19,1557745142320,open,0.56,2.0,0.485,0.608,0.546672,87.88,0.737,0.0,ETH-27SEP19-280-P,190.12,0.0,0.001,2.0,0.0,0.0,0.0,0.42883,-0.13766,-0.87474,0.00352,-0.66577
192.39,ETH-27SEP19,1557745142320,open,0.08,1387.0,0.04,0.119,0.079382,89.69,0.083,0.0,ETH-27SEP19-300-C,190.12,87.61,0.075,258.0,0.084,60.0,91.86,0.40751,-0.13352,0.15671,0.00327,0.2966
190.12,index_price,1557745142320,open,0.12,162.0,0.088,0.167,0.127615,93.04,0.153,0,ETH-24MAY19-170-C,190.12,79.51,0.121,50.0,0.132,50.0,101.48,0.09683,-0.41416,0.03703,0.00966,0.78136
190.12,index_price,1557745142320,open,0.36,0.0,0.329,0.408,0.368824,125.0,None,0,ETH-17MAY19-120-C,190.12,0.0,0.006,3.0,0.0,0.0,0.0,0.0001,-0.00169,0.01274,2e-05,0.99986
190.12,index_price,1557745142322,open,0.0,0.0,0.001,0.041,0.001927,123.98,None,0,ETH-17MAY19-240-C,190.12,0.0,0.0,0.0,0.003,117.0,134.71,0.01661,-0.26573,0.00075,0.00349,0.03922
190.12,index_price,1557745142324,open,0.03,129.0,0.001,0.071,0.0316,99.77,0.033,0,ETH-24MAY19-210-C,190.12,95.48,0.029,96.0,0.035,131.0,105.29,0.11604,-0.53222,0.01586,0.0108,0.31158
190.12,index_price,1557745142335,open,0.01,142.0,0.001,0.051,0.011537,110.69,0.02,0,ETH-24MAY19-240-C,190.12,103.39,0.009,237.0,0.014,263.0,117.14,0.06962,-0.35431,0.00674,0.00584,0.13054
190.12,index_price,1557745142343,open,0.03,670.0,0.001,0.078,0.038598,93.19,0.038,0,ETH-17MAY19-190-C,190.12,89.29,0.037,163.0,0.042,73.0,101.48,0.07804,-0.93819,0.00975,0.02182,0.52177
190.12,index_price,1557745142345,open,0.03,670.0,0.001,0.078,0.038598,93.19,0.038,0,ETH-17MAY19-190-C,190.12,89.29,0.037,163.0,0.042,75.0,101.48,0.07804,-0.93819,0.00975,0.02182,0.52177
190.12,index_price,1557745142361,open,0.01,0.0,0.001,0.045,0.005338,123.78,None,0,ETH-24MAY19-270-C,190.12,110.96,0.003,520.0,0.007,261.0,131.05,0.04032,-0.22942,0.00323,0.00302,0.06241
190.12,index_price,1557745142371,open,0.05,939.0,0.001,0.079,0.037967,93.19,0.044,0,ETH-17MAY19-190-P,190.12,83.52,0.034,173.0,0.038,1.0,93.27,0.07804,-0.93819,-0.01042,0.02182,-0.47823
190.12,index_price,1557745142397,open,0.02,913.0,0.001,0.057,0.016542,93.19,0.015,0,ETH-17MAY19-180-P,190.12,82.54,0.013,128.0,0.016,9.0,91.59,0.06458,-0.77644,-0.00575,0.01806,-0.26841
190.12,index_price,1557745142408,open,0.06,175.0,0.025,0.104,0.064297,93.04,0.071,0,ETH-24MAY19-190-C,190.12,91.15,0.063,97.0,0.07,195.0,101.35,0.13046,-0.55803,0.02658,0.01302,0.53356
190.12,index_price,1557745142413,open,0.06,175.0,0.025,0.104,0.064297,93.04,0.071,0,ETH-24MAY19-190-C,190.12,91.15,0.063,97.0,0.07,197.0,101.35,0.13046,-0.55803,0.02658,0.01302,0.53356
190.12,index_price,1557745142430,open,0.02,937.0,0.001,0.062,0.021788,93.04,0.013,0,ETH-24MAY19-170-P,190.12,83.37,0.017,136.0,0.021,102.0,91.49,0.09683,-0.41416,-0.01362,0.00966,-0.21864
190.12,index_price,1557745142452,open,0.01,1446.0,0.001,0.05,0.0107,103.88,0.01,0,ETH-17MAY19-210-C,190.12,97.65,0.009,200.0,0.012,62.0,108.44,0.05327,-0.71394,0.00363,0.01336,0.19064
190.12,index_price,1557745142456,open,0.0,162.0,0.001,0.044,0.004406,93.04,0.007,0,ETH-24MAY19-150-P,190.12,78.9,0.002,237.0,0.006,95.0,100.22,0.03901,-0.16686,-0.00364,0.00389,-0.05984
190.12,index_price,1557745142461,open,0.0,162.0,0.001,0.044,0.004406,93.04,0.007,0,ETH-24MAY19-150-P,190.12,78.9,0.002,237.0,0.006,94.0,100.22,0.03901,-0.16686,-0.00364,0.00389,-0.05984
190.12,index_price,1557745142465,open,0.01,617.0,0.001,0.051,0.010618,93.04,0.009,0,ETH-24MAY19-160-P,190.12,82.0,0.007,149.0,0.01,104.0,91.27,0.06725,-0.28766,-0.00764,0.00671,-0.12419
190.12,index_price,1557745142470,open,0.02,644.0,0.001,0.061,0.021039,99.67,0.018,0,ETH-17MAY19-200-C,190.12,91.42,0.018,195.0,0.023,199.0,104.89,0.07088,-0.91142,0.00622,0.01853,0.32926
190.12,index_price,1557745142486,open,0.02,644.0,0.001,0.061,0.021039,99.67,0.018,0,ETH-17MAY19-200-C,190.12,91.42,0.018,195.0,0.023,201.0,104.89,0.07088,-0.91142,0.00622,0.01853,0.32926
190.12,index_price,1557745142490,open,0.07,526.0,0.022,0.106,0.063666,93.04,0.065,0,ETH-24MAY19-190-P,190.12,86.24,0.059,92.0,0.066,198.0,96.44,0.13046,-0.55803,-0.03003,0.01302,-0.46644
190.12,index_price,1557745142495,open,0.07,526.0,0.022,0.106,0.063666,93.04,0.065,0,ETH-24MAY19-190-P,190.12,86.24,0.059,92.0,0.066,195.0,96.44,0.13046,-0.55803,-0.03003,0.01302,-0.46644
190.12,index_price,1557745142500,open,0.04,208.0,0.006,0.085,0.04536,96.69,0.038,0,ETH-24MAY19-200-C,190.12,91.67,0.042,92.0,0.049,218.0,102.09,0.12779,-0.56803,0.02082,0.01227,0.41289
190.12,index_price,1557745142508,open,0.04,208.0,0.006,0.085,0.04536,96.69,0.038,0,ETH-24MAY19-200-C,190.12,91.67,0.042,92.0,0.049,220.0,102.09,0.12779,-0.56803,0.02082,0.01227,0.41289
190.12,index_price,1557745142530,open,0.01,1462.0,0.001,0.046,0.006128,96.46,0.006,0,ETH-17MAY19-170-P,190.12,85.26,0.004,149.0,0.006,71.0,95.84,0.03919,-0.48764,-0.00255,0.01058,-0.11999
190.12,index_price,1557745142535,open,0.01,102.0,0.001,0.055,0.015872,106.92,0.018,0,ETH-24MAY19-230-C,190.12,100.21,0.013,111.0,0.019,250.0,113.76,0.08421,-0.41396,0.00894,0.00731,0.17375
190.12,index_price,1557745142539,open,0.01,102.0,0.001,0.055,0.015872,106.92,0.018,0,ETH-24MAY19-230-C,190.12,100.21,0.013,111.0,0.019,251.0,113.76,0.08421,-0.41396,0.00894,0.00731,0.17375
190.12,index_price,1557745142546,open,0.01,465.0,0.001,0.046,0.006461,113.89,0.006,0,ETH-17MAY19-220-C,190.12,100.52,0.004,400.0,0.006,51.0,111.59,0.03872,-0.56891,0.00225,0.00886,0.11797
190.12,index_price,1557745142548,open,0.04,289.0,0.001,0.08,0.039253,93.04,0.04,0,ETH-24MAY19-180-P,190.12,83.05,0.033,214.0,0.04,108.0,94.22,0.11983,-0.51254,-0.02131,0.01196,-0.33692
190.12,index_price,1557745142568,open,0.01,142.0,0.001,0.051,0.011537,110.69,0.02,0,ETH-24MAY19-240-C,190.12,103.39,0.009,237.0,0.014,264.0,117.14,0.06962,-0.35431,0.00674,0.00584,0.13054
190.12,index_price,1557745142573,open,0.03,670.0,0.001,0.078,0.038597,93.19,0.038,0,ETH-17MAY19-190-C,190.12,89.29,0.037,163.0,0.042,76.0,101.48,0.07804,-0.93819,0.00975,0.02182,0.52177
190.12,index_price,1557745142578,open,0.05,939.0,0.001,0.079,0.037966,93.19,0.044,0,ETH-17MAY19-190-P,190.12,83.52,0.034,174.0,0.038,1.0,93.27,0.07804,-0.93819,-0.01042,0.02182,-0.47823
7099.09,index_price,1557745143128,open,0.08,12.8,0.0305,0.116,0.07338116,91.75,0.088,0,BTC-17MAY19-7500-P,7099.09,85.03,0.071,0.2,0.0745,0.2,94.92,2.53086,-29.95682,-0.58542,0.00052,-0.70326
7099.09,index_price,1557745143130,open,0.08,12.8,0.0305,0.116,0.07338116,91.75,0.088,0,BTC-17MAY19-7500-P,7099.09,86.47,0.0715,0.2,0.0745,0.2,94.92,2.53086,-29.95682,-0.58542,0.00052,-0.70326
190.09,index_price,1557745143167,open,0.0,254.0,0.001,0.043,0.00383,121.5,0.012,0,ETH-17MAY19-230-C,190.09,106.34,0.002,250.0,0.004,71.0,122.68,0.02693,-0.42213,0.00138,0.00578,0.07219
190.09,index_price,1557745143169,open,0.01,105.0,0.001,0.049,0.0091,116.34,0.008,0,ETH-24MAY19-250-C,190.09,105.34,0.006,520.0,0.011,260.0,122.2,0.0589,-0.31501,0.00533,0.0047,0.10314
190.09,index_price,1557745143174,open,0.07,526.0,0.022,0.106,0.063667,92.92,0.065,0,ETH-24MAY19-190-P,190.09,86.12,0.059,93.0,0.066,195.0,96.32,0.13045,-0.55726,-0.03005,0.01304,-0.46687
191.17,ETH-28JUN19,1557745144139,open,0.53,0.0,0.492,0.571,0.53101,103.22,None,0.0,ETH-28JUN19-90-C,190.1,0.0,0.003,3.0,0.0,0.0,0.0,0.02192,-0.02466,0.10969,0.00046,0.98751
192.37,ETH-27SEP19,1557745144139,open,0.06,690.0,0.022,0.101,0.06105,92.77,0.071,0.0,ETH-27SEP19-340-C,190.1,90.6,0.057,264.0,0.067,204.0,95.88,0.36307,-0.12305,0.12639,0.00282,0.23625
191.17,ETH-28JUN19,1557745144139,open,0.05,3990.0,0.005,0.087,0.04592,84.06,0.046,0.0,ETH-28JUN19-160-P,190.1,79.42,0.041,132.0,0.047,280.0,85.07,0.20467,-0.18751,-0.06576,0.0053,-0.22776
192.37,ETH-27SEP19,1557745144139,open,0.03,1290.0,0.001,0.072,0.032679,103.85,0.042,0.0,ETH-27SEP19-480-C,190.1,101.76,0.03,270.0,0.037,60.0,107.07,0.25106,-0.09524,0.07122,0.00174,0.1314
191.17,ETH-28JUN19,1557745144139,open,0.09,2952.0,0.061,0.14,0.100341,84.68,0.088,0.0,ETH-28JUN19-200-C,190.1,82.31,0.097,233.0,0.105,113.0,87.97,0.27038,-0.24953,0.096,0.00695,0.49987
191.17,ETH-28JUN19,1557745144139,open,0.58,0.0,0.543,0.622,0.582229,103.81,None,0.0,ETH-28JUN19-80-C,190.1,0.0,0.003,2.0,0.0,0.0,0.0,0.01044,-0.01182,0.09909,0.00022,0.99463
191.17,ETH-28JUN19,1557745144139,open,0.02,870.0,0.001,0.057,0.017845,104.67,0.018,0.0,ETH-28JUN19-320-C,190.1,101.91,0.016,120.0,0.02,210.0,107.73,0.13117,-0.14964,0.02323,0.00273,0.11454
192.38,ETH-27SEP19,1557745144140,open,0.1,913.0,0.067,0.146,0.106424,86.14,0.111,0.0,ETH-27SEP19-260-C,190.1,82.94,0.099,130.0,0.112,60.0,88.53,0.44832,-0.14107,0.19688,0.00375,0.37933
191.17,ETH-28JUN19,1557745144140,open,0.42,10.0,0.39,0.469,0.429318,92.71,0.265,0.0,ETH-28JUN19-110-C,190.1,0.0,0.027,1.0,0.0,0.0,0.0,0.04922,-0.04974,0.12932,0.00116,0.96754
191.17,ETH-28JUN19,1557745144140,open,0.02,9853.0,0.001,0.06,0.019339,84.06,0.017,0.0,ETH-28JUN19-140-P,190.1,80.61,0.017,149.0,0.021,200.0,86.42,0.13251,-0.1214,-0.03256,0.00343,-0.11618
192.38,ETH-27SEP19,1557745144140,open,0.01,1811.0,0.001,0.047,0.007193,87.6,0.011,0.0,ETH-27SEP19-80-P,190.1,84.46,0.006,270.0,0.01,50.0,94.03,0.07673,-0.02455,-0.02572,0.00063,-0.02846
190.1,index_price,1557745144139,open,0.31,0.0,0.277,0.356,0.316162,112.01,None,0,ETH-17MAY19-130-C,190.1,0.0,0.006,7.0,0.41,9.0,500.0,0.00029,-0.00413,0.0138,7e-05,0.9996
192.38,ETH-27SEP19,1557745144140,open,0.95,1.0,0.849,1.002,0.925836,94.42,1.102,0.0,ETH-27SEP19-360-P,190.1,0.0,0.001,2.0,0.0,0.0,0.0,0.34274,-0.11822,-1.23539,0.00262,-0.78659
192.38,ETH-27SEP19,1557745144140,open,0.41,147.0,0.374,0.453,0.413378,82.71,0.283,0.0,ETH-27SEP19-120-C,190.1,0.0,0.036,1.0,0.0,0.0,0.0,0.23288,-0.07036,0.33808,0.00203,0.882
191.17,ETH-28JUN19,1557745144140,open,1.13,0.0,1.019,1.186,1.102225,119.33,None,0.0,ETH-28JUN19-400-P,190.1,0.0,0.001,2.0,0.0,0.0,0.0,0.0834,-0.10847,-0.49008,0.00152,-0.93745
192.38,ETH-27SEP19,1557745144140,open,0.09,1045.0,0.052,0.131,0.091258,87.87,0.081,0.0,ETH-27SEP19-280-C,190.1,85.95,0.087,134.0,0.097,60.0,90.43,0.42876,-0.13762,0.17523,0.00352,0.33415
191.17,ETH-28JUN19,1557745144141,open,0.15,2026.0,0.101,0.192,0.146468,84.63,0.145,0.0,ETH-28JUN19-200-P,190.1,82.18,0.143,120.0,0.153,120.0,89.25,0.27038,-0.2494,-0.15538,0.00696,-0.50019
192.38,ETH-27SEP19,1557745144140,open,0.59,0.0,0.552,0.631,0.591306,87.49,None,0.0,ETH-27SEP19-80-C,190.1,0.0,0.003,10.0,0.0,0.0,0.0,0.07648,-0.02444,0.27439,0.00063,0.97165
192.38,ETH-27SEP19,1557745144141,open,0.0,174.0,0.001,0.044,0.003874,101.17,0.006,0.0,ETH-27SEP19-60-P,190.1,96.92,0.003,150.0,0.006,150.0,109.55,0.04268,-0.01577,-0.01307,0.0003,-0.01425
192.38,ETH-27SEP19,1557745144140,open,0.07,488.0,0.03,0.109,0.069165,91.18,0.076,0.0,ETH-27SEP19-320-C,190.1,89.59,0.066,261.0,0.073,60.0,93.09,0.38488,-0.1282,0.14032,0.00304,0.26366
191.17,ETH-28JUN19,1557745144140,open,0.92,0.0,0.82,0.971,0.895376,111.2,None,0.0,ETH-28JUN19-360-P,190.1,0.0,0.001,2.0,0.0,0.0,0.0,0.10029,-0.12155,-0.43631,0.00196,-0.92049
192.38,ETH-27SEP19,1557745144140,open,0.04,7278.0,0.001,0.078,0.037208,82.77,0.031,0.0,ETH-27SEP19-120-P,190.1,76.62,0.03,147.0,0.039,50.0,84.24,0.233,-0.07045,-0.11203,0.00203,-0.11808
192.38,ETH-27SEP19,1557745144140,open,0.04,583.0,0.001,0.078,0.038396,101.27,0.04,0.0,ETH-27SEP19-440-C,190.1,98.87,0.035,270.0,0.042,60.0,103.71,0.27824,-0.10293,0.08263,0.00198,0.15293
191.17,ETH-28JUN19,1557745144140,open,0.01,9662.0,0.001,0.051,0.011469,84.51,0.008,0.0,ETH-28JUN19-130-P,190.1,81.5,0.01,150.0,0.014,200.0,89.31,0.09629,-0.08869,-0.02086,0.00248,-0.07536
190.1,index_price,1557745144139,open,0.0,869.0,0.001,0.041,0.001477,125.02,0.006,0,ETH-17MAY19-150-P,190.1,0.0,0.0,0.0,0.004,200.0,152.4,0.01277,-0.20593,-0.0006,0.00266,-0.02849
192.38,ETH-27SEP19,1557745144141,open,0.11,5121.0,0.067,0.155,0.110766,82.77,0.09,0.0,ETH-27SEP19-160-P,190.1,76.43,0.098,119.0,0.112,239.0,83.39,0.38852,-0.11748,-0.27369,0.00338,-0.26861
191.17,ETH-28JUN19,1557745144141,open,0.09,4835.0,0.045,0.131,0.088029,84.01,0.086,0.0,ETH-28JUN19-180-P,190.1,80.23,0.083,107.0,0.092,327.0,86.99,0.25422,-0.23277,-0.10832,0.00659,-0.36277
192.38,ETH-27SEP19,1557745144141,open,0.04,720.0,0.006,0.085,0.045285,98.04,0.052,0.0,ETH-27SEP19-400-C,190.1,95.96,0.042,269.0,0.049,60.0,100.32,0.3081,-0.11034,0.0965,0.00226,0.17904
191.17,ETH-28JUN19,1557745144141,open,0.0,3801.0,0.001,0.043,0.003743,125.0,0.007,0.0,ETH-28JUN19-500-C,190.1,121.24,0.003,470.0,0.007,201.0,137.37,0.04055,-0.05524,0.00528,0.00071,0.02571
191.18,ETH-28JUN19,1557745144141,open,0.19,1575.0,0.135,0.229,0.18228,86.0,0.14,0.0,ETH-28JUN19-210-P,190.1,82.22,0.177,120.0,0.189,120.0,90.8,0.26714,-0.2504,-0.17879,0.00676,-0.56179
191.18,ETH-28JUN19,1557745144141,open,0.61,0.0,0.528,0.654,0.591193,100.92,None,0.0,ETH-28JUN19-300-P,190.1,0.0,0.001,2.0,0.0,0.0,0.0,0.15083,-0.1659,-0.34871,0.00325,-0.86003
190.1,index_price,1557745144140,open,0.08,340.0,0.031,0.116,0.073123,99.77,0.073,0,ETH-17MAY19-200-P,190.1,80.09,0.066,150.0,0.081,150.0,120.47,0.07086,-0.91208,-0.01502,0.01851,-0.6709
192.38,ETH-27SEP19,1557745144142,open,0.65,3.0,0.574,0.704,0.638924,89.76,0.844,0.0,ETH-27SEP19-300-P,190.1,0.0,0.001,2.0,0.0,0.0,0.0,0.40764,-0.13366,-0.96822,0.00327,-0.70316
192.38,ETH-27SEP19,1557745144142,open,0.05,792.0,0.015,0.094,0.054345,94.31,0.055,0.0,ETH-27SEP19-360-C,190.1,92.98,0.052,266.0,0.058,60.0,96.34,0.34231,-0.11793,0.11442,0.00262,0.21295
192.38,ETH-27SEP19,1557745144142,open,0.75,2.0,0.664,0.802,0.732713,91.27,0.953,0.0,ETH-27SEP19-320-P,190.1,0.0,0.001,2.0,0.0,0.0,0.0,0.38516,-0.12841,-1.05955,0.00304,-0.73597
190.1,index_price,1557745144141,open,0.08,26.0,0.053,0.132,0.092394,92.99,0.084,0,ETH-24MAY19-180-C,190.1,79.55,0.084,150.0,0.099,150.0,103.42,0.11984,-0.51235,0.03231,0.01197,0.66289
191.18,ETH-28JUN19,1557745144142,open,0.32,386.0,0.292,0.371,0.331539,84.63,0.321,0.0,ETH-28JUN19-130-C,190.1,0.0,0.18,1.0,0.0,0.0,0.0,0.0965,-0.08901,0.14246,0.00248,0.92443
191.18,ETH-28JUN19,1557745144142,open,0.47,0.0,0.441,0.52,0.480653,101.79,None,0.0,ETH-28JUN19-100-C,190.1,0.0,0.003,7.0,0.0,0.0,0.0,0.03837,-0.04257,0.11901,0.00082,0.97593
192.38,ETH-27SEP19,1557745144142,open,0.18,1935.0,0.145,0.224,0.184733,82.74,0.174,0.0,ETH-27SEP19-200-C,190.1,79.53,0.177,120.0,0.195,60.0,87.01,0.46271,-0.13985,0.27803,0.00403,0.57012
191.18,ETH-28JUN19,1557745144142,open,0.2,1164.0,0.169,0.248,0.208968,84.03,0.211,0.0,ETH-28JUN19-160-C,190.1,73.54,0.198,160.0,0.21,120.0,85.0,0.20463,-0.18742,0.13537,0.0053,0.77234
192.38,ETH-27SEP19,1557745144143,open,1.05,1.0,0.945,1.106,1.025665,96.79,1.285,0.0,ETH-27SEP19-380-P,190.1,0.0,0.001,2.0,0.0,0.0,0.0,0.32691,-0.11559,-1.31919,0.00243,-0.80291
190.1,index_price,1557745144140,open,0.15,0.0,0.091,0.181,0.136296,99.84,None,0,ETH-24MAY19-210-P,190.1,80.6,0.125,150.0,0.14,150.0,105.85,0.11602,-0.53252,-0.04672,0.01079,-0.68847
190.1,index_price,1557745144141,open,0.0,1075.0,0.001,0.04,0.000324,125.02,0.004,0,ETH-17MAY19-140-P,190.1,0.0,0.0,0.0,0.003,200.0,176.82,0.00399,-0.06161,-0.00016,0.00083,-0.00736
190.1,index_price,1557745144142,open,0.1,362.0,0.072,0.151,0.111833,96.26,0.11,0,ETH-17MAY19-170-C,190.1,80.76,0.109,50.0,0.12,50.0,129.84,0.03913,-0.48589,0.01551,0.01059,0.88025
190.1,index_price,1557745144140,open,0.11,152.0,0.054,0.141,0.097436,96.74,0.11,0,ETH-24MAY19-200-P,190.1,79.56,0.086,150.0,0.101,150.0,102.03,0.12777,-0.56824,-0.03878,0.01227,-0.58727
192.37,ETH-27SEP19,1557745144147,open,0.47,1.0,0.4,0.516,0.457888,86.11,0.573,0.0,ETH-27SEP19-260-P,190.1,0.0,0.04,18.0,0.468,1.0,90.42,0.44823,-0.14099,-0.77819,0.00375,-0.62084
7099.09,index_price,1557745144163,open,0.08,12.8,0.0305,0.116,0.07338094,91.75,0.088,0,BTC-17MAY19-7500-P,7099.09,85.03,0.071,0.2,0.0745,0.2,94.92,2.53086,-29.95682,-0.58542,0.00052,-0.70326
7099.09,index_price,1557745144172,open,0.08,12.8,0.0305,0.116,0.07338094,91.75,0.088,0,BTC-17MAY19-7500-P,7099.09,86.47,0.0715,0.2,0.0745,0.2,94.92,2.53086,-29.95682,-0.58542,0.00052,-0.70326
7073.12,BTC-27SEP19,1557745144362,open,0.18,1047.3,0.148,0.2275,0.18751499,75.69,0.182,0.0,BTC-27SEP19-7000-C,7099.09,73.98,0.1835,18.7,0.1915,3.0,77.37,16.73056,-4.62563,10.9489,0.00012,0.60031
7068.56,BTC-28JUN19,1557745144369,open,0.15,545.2,0.1105,0.19,0.15046541,77.94,0.147,0.0,BTC-28JUN19-6500-C,7099.09,73.67,0.145,14.6,0.154,9.6,80.69,9.06845,-7.70317,4.62122,0.00019,0.67062
7073.1,BTC-27SEP19,1557745144371,open,0.09,113.4,0.0505,0.13,0.09042196,80.13,0.0915,0.0,BTC-27DEC19-12000-C,7099.09,78.7,0.0865,10.0,0.0935,13.2,81.24,19.49254,-3.427,9.34706,8e-05,0.30209
7099.09,index_price,1557745144371,open,0.29,81.8,0.261,0.3405,0.3005428,101.84,0.277,0,BTC-31MAY19-5000-C,7099.09,0.0,0.0015,0.8,0.3685,10.0,250.38,1.55941,-4.44218,2.26613,6e-05,0.95234
7073.1,BTC-27SEP19,1557745144398,open,0.37,13.5,0.332,0.4115,0.37192441,77.93,0.382,0.0,BTC-27SEP19-4750-C,7099.09,0.0,0.002,1.0,0.4575,3.0,133.14,9.71741,-2.76617,12.90218,7e-05,0.85835
7068.56,BTC-28JUN19,1557745144398,open,0.0,1395.2,0.0005,0.04,6.28e-06,120.0,0.0005,0.0,BTC-28JUN19-1500-P,7099.09,0.0,0.0,0.0,0.0005,3.0,173.01,0.00589,-0.00771,-0.00057,0.0,-6e-05
7068.56,BTC-28JUN19,1557745144417,open,1.14,2.0,1.0415,1.211,1.12638976,105.1,2.658,0.0,BTC-28JUN19-15000-P,7099.09,0.0,0.0005,0.2,1.598,1.0,499.65,1.86352,-2.13466,-18.5946,3e-05,-0.9666
192.38,ETH-27SEP19,1557745144414,open,0.22,803.0,0.188,0.267,0.227354,82.74,0.225,0.0,ETH-27SEP19-180-C,190.1,78.18,0.217,100.0,0.234,180.0,85.67,0.43648,-0.13192,0.30472,0.0038,0.64974
7068.56,BTC-28JUN19,1557745144465,open,0.0,409.3,0.0005,0.0435,0.00347929,108.08,0.0025,0.0,BTC-28JUN19-3500-P,7099.09,105.33,0.003,6.7,0.0045,26.0,113.28,1.28414,-1.51273,-0.2209,2e-05,-0.02139
7099.09,index_price,1557745144467,open,0.0,483.3,0.0005,0.045,0.00485842,101.84,0.0045,0,BTC-31MAY19-5000-P,7099.09,100.18,0.0045,24.4,0.0055,10.5,104.67,1.55941,-4.44218,-0.18259,6e-05,-0.04766
7068.56,BTC-28JUN19,1557745144493,open,0.4,10.5,0.3665,0.446,0.40606424,94.78,0.2685,0.0,BTC-28JUN19-4250-C,7099.09,0.0,0.0215,0.1,0.7145,3.0,499.82,2.42929,-2.50936,4.86555,4e-05,0.95372
7073.12,BTC-27SEP19,1557745144515,open,0.02,132.2,0.0005,0.065,0.0241402,82.51,0.023,0.0,BTC-27SEP19-4000-P,7099.09,81.29,0.023,2.0,0.026,16.0,84.46,6.66096,-2.0076,-2.85971,4e-05,-0.08367
7073.12,BTC-27SEP19,1557745144517,open,0.05,210.7,0.012,0.0955,0.05364817,77.77,0.058,0.0,BTC-27SEP19-5000-P,7099.09,76.04,0.051,13.9,0.055,0.5,78.66,10.83225,-3.07739,-5.85001,7e-05,-0.16691
7073.12,BTC-27SEP19,1557745144528,open,0.08,805.9,0.043,0.1225,0.08256141,80.77,0.085,0.0,BTC-27SEP19-10000-C,7099.09,79.14,0.079,25.0,0.0855,13.5,82.09,15.59585,-4.60135,6.43912,0.0001,0.32533
7073.1,BTC-27SEP19,1557745144538,open,0.51,2.0,0.437,0.556,0.49638949,80.77,1.8325,0.0,BTC-27SEP19-10000-P,7099.09,0.0,0.0105,0.1,1.265,0.3,500.0,15.59626,-4.60181,-31.0608,0.0001,-0.67464
7073.1,BTC-27SEP19,1557745144574,open,0.37,58.4,0.3355,0.415,0.37512853,74.04,0.323,0.0,BTC-27DEC19-5000-C,7099.09,47.45,0.323,8.0,0.477,15.0,120.21,15.06579,-2.44763,19.29297,7e-05,0.81203
7073.1,BTC-27SEP19,1557745144574,open,0.03,77.1,0.0005,0.067,0.02638513,77.86,0.0315,0.0,BTC-27DEC19-3500-P,7099.09,76.12,0.0245,10.0,0.029,15.0,80.2,7.77897,-1.32895,-4.40477,3e-05,-0.07336
7073.1,BTC-27SEP19,1557745144575,open,0.0,1670.3,0.0005,0.0415,0.00146592,114.65,0.0025,0.0,BTC-27SEP19-1500-P,7099.09,108.94,0.001,7.6,0.0025,97.2,123.98,0.65242,-0.27324,-0.17773,0.0,-0.00523
7068.56,BTC-28JUN19,1557745144575,open,0.47,30.0,0.434,0.5135,0.47378773,102.59,0.298,0.0,BTC-28JUN19-3750-C,7099.09,0.0,0.029,0.1,0.796,3.0,500.0,1.56821,-1.75343,4.43398,2e-05,0.97287
7099.09,index_price,1557745144575,open,0.19,8.0,0.157,0.2365,0.19683517,94.56,0.1775,0,BTC-24MAY19-5750-C,7099.09,77.52,0.193,4.0,0.1975,4.0,96.99,1.90517,-8.28249,1.51933,0.00013,0.9151
7099.09,index_price,1557745144577,open,0.32,0.0,0.257,0.3615,0.30916018,103.34,None,0,BTC-24MAY19-9250-P,7099.09,0.0,0.0,0.0,0.0,0.0,0.0,1.84914,-8.78539,-2.59664,0.00012,-0.91841
7099.09,index_price,1557745144577,open,0.02,362.6,0.0005,0.0565,0.0169075,91.79,0.018,0,BTC-17MAY19-7500-C,7099.09,89.24,0.016,10.0,0.017,0.2,92.05,2.53127,-29.97633,0.21102,0.00052,0.29685
7068.62,BTC-28JUN19,1557745144609,open,0.04,577.2,0.0005,0.0775,0.03784392,82.67,0.0365,0.0,BTC-28JUN19-9000-C,7099.09,81.47,0.0365,10.0,0.039,12.8,83.69,7.94645,-7.15995,1.87595,0.00015,0.249
7073.1,BTC-27SEP19,1557745144609,open,0.9,0.0,0.8065,0.9565,0.88141358,86.38,None,0.0,BTC-27SEP19-13000-P,7099.09,0.0,0.007,50.0,1.6695,0.3,499.86,11.66919,-3.68227,-44.92229,7e-05,-0.81222
7099.09,index_price,1557745144634,open,0.29,0.0,0.2245,0.3265,0.27549463,100.69,None,0,BTC-24MAY19-9000-P,7099.09,0.0,0.0,0.0,0.0,0.0,0.0,2.16005,-9.9994,-2.48522,0.00014,-0.8994
7099.09,index_price,1557745144634,open,0.39,0.0,0.323,0.433,0.37801065,111.21,None,0,BTC-24MAY19-9750-P,7099.09,0.0,0.0,0.0,0.0,0.0,0.0,1.45497,-7.43905,-2.78849,9e-05,-0.94025
7073.1,BTC-27SEP19,1557745144671,open,0.28,8.7,0.22,0.321,0.27053882,76.93,0.2605,0.0,BTC-27SEP19-8000-P,7099.09,73.43,0.262,2.4,0.28,2.4,80.8,17.27393,-4.8541,-20.71169,0.00012,-0.51032
7099.09,index_price,1557745144690,open,0.01,70.8,0.0005,0.056,0.01609278,92.71,0.017,0,BTC-24MAY19-8250-C,7099.09,89.31,0.0145,10.0,0.0175,20.7,95.62,3.38074,-14.40893,0.37887,0.00024,0.1952
7073.12,BTC-27SEP19,1557745144690,open,0.04,94.8,0.0005,0.082,0.04043604,76.12,0.06,0.0,BTC-27DEC19-4000-P,7099.09,74.77,0.0385,10.0,0.0435,15.0,78.22,10.22784,-1.70831,-6.46365,4e-05,-0.10594
7073.12,BTC-27SEP19,1557745144698,open,0.09,61.9,0.039,0.125,0.08204539,74.05,0.085,0.0,BTC-27DEC19-5000-P,7099.09,72.85,0.0795,10.0,0.0855,3.2,75.67,15.06612,-2.44791,-11.92375,7e-05,-0.18798
7068.62,BTC-28JUN19,1557745144725,open,0.07,76.6,0.0275,0.1125,0.07004752,77.95,0.0855,0.0,BTC-28JUN19-6500-P,7099.09,76.75,0.0685,5.0,0.0725,12.8,79.86,9.06854,-7.70483,-3.54862,0.00019,-0.32938
7073.12,BTC-27SEP19,1557745144725,open,1.59,1.0,1.464,1.6685,1.56624531,95.74,1.5815,0.0,BTC-27SEP19-18000-P,7099.09,0.0,0.007,0.3,1.606,1.0,124.19,7.42179,-2.5956,-65.50079,4e-05,-0.90321
7099.09,index_price,1557745144725,open,0.2,304.7,0.1635,0.243,0.20321985,89.72,0.2385,0,BTC-31MAY19-5750-C,7099.09,80.95,0.1995,4.0,0.205,4.0,93.59,3.19533,-8.01906,2.34302,0.00014,0.87713
7099.09,index_price,1557745144742,open,0.0,106.0,0.0005,0.0425,0.0024126,113.58,0.004,0,BTC-24MAY19-5000-P,7099.09,104.62,0.0015,14.3,0.0035,30.0,121.94,0.8258,-4.31208,-0.06783,5e-05,-0.02965
7068.62,BTC-28JUN19,1557745144762,open,0.24,184.0,0.209,0.2885,0.24899928,81.67,0.2355,0.0,BTC-28JUN19-5500-C,7099.09,80.49,0.248,6.2,0.252,8.2,85.16,5.99479,-5.33613,5.2869,0.00012,0.84408
7073.12,BTC-27SEP19,1557745144762,open,0.18,46.7,0.1305,0.224,0.17717771,75.68,0.2265,0.0,BTC-27SEP19-7000-P,7099.09,74.13,0.1735,7.4,0.1825,3.0,77.93,16.73062,-4.62533,-15.30105,0.00012,-0.39969
7099.09,index_price,1557745144762,open,0.29,3.0,0.256,0.3355,0.29575451,120.0,0.2015,0,BTC-17MAY19-5000-C,7099.09,0.0,0.001,1.0,0.4885,0.1,500.0,0.04398,-0.68085,0.52944,1e-05,0.99811
7099.09,index_price,1557745144765,open,0.06,98.7,0.01,0.0935,0.05157848,85.57,0.0655,0,BTC-31MAY19-6750-P,7099.09,83.06,0.0495,0.4,0.053,4.9,87.29,5.87227,-14.05535,-1.42771,0.00028,-0.35907
7073.12,BTC-27SEP19,1557745144780,open,0.79,42.8,0.7495,0.829,0.78939544,114.65,0.6235,0.0,BTC-27SEP19-1500-C,7099.09,0.0,0.3,1.0,0.8,1.0,166.93,0.65242,-0.27324,5.4473,0.0,0.99477
7099.09,index_price,1557745144790,open,0.25,12.3,0.221,0.3005,0.26072432,120.0,0.271,0,BTC-17MAY19-5250-C,7099.09,0.0,0.001,0.5,0.3435,0.3,500.0,0.12758,-1.97513,0.55262,2e-05,0.99383
7073.12,BTC-27SEP19,1557745144811,open,0.55,0.0,0.513,0.5925,0.55270634,88.58,None,0.0,BTC-27SEP19-3250-C,7099.09,0.0,0.0075,0.2,0.5885,1.0,133.43,4.0404,-1.3074,10.69405,2e-05,0.95589
7073.12,BTC-27SEP19,1557745144811,open,0.1,352.5,0.066,0.1455,0.10583004,78.64,0.1355,0.0,BTC-27SEP19-9000-C,7099.09,77.02,0.102,10.0,0.11,22.8,80.4,16.70771,-4.79969,7.73982,0.00011,0.39763
7099.09,index_price,1557745144813,open,0.02,198.4,0.0005,0.057,0.01639267,89.14,0.016,0,BTC-17MAY19-6750-P,7099.09,83.59,0.0145,16.2,0.0175,3.2,92.34,2.44512,-28.11943,-0.22038,0.00051,-0.27597
7073.12,BTC-27SEP19,1557745144813,open,0.27,0.1,0.2165,0.317,0.26670681,73.5,0.241,0.0,BTC-27DEC19-7500-P,7099.09,71.01,0.259,6.9,0.275,2.4,76.18,21.8992,-3.53175,-30.53874,0.0001,-0.42486
7068.62,BTC-28JUN19,1557745144831,open,0.0,351.6,0.0005,0.044,0.00427777,104.95,0.005,0.0,BTC-28JUN19-15000-C,7099.09,99.52,0.003,20.0,0.0055,16.0,109.25,1.85291,-2.11949,0.25672,3e-05,0.03317
7073.12,BTC-27SEP19,1557745144831,open,1.31,0.0,1.198,1.3805,1.28925102,92.06,None,0.0,BTC-27SEP19-16000-P,7099.09,0.0,0.007,10.0,2.0775,0.2,500.0,8.75508,-2.94421,-57.49057,5e-05,-0.87821
7068.62,BTC-28JUN19,1557745144890,open,0.03,266.0,0.0005,0.068,0.02710701,81.7,0.027,0.0,BTC-28JUN19-5500-P,7099.09,80.98,0.0265,2.0,0.028,12.8,82.74,5.99612,-5.33892,-1.62652,0.00012,-0.15597
7073.12,BTC-27SEP19,1557745144899,open,0.06,716.3,0.024,0.1035,0.06380707,81.87,0.062,0.0,BTC-27SEP19-11000-C,7099.09,80.72,0.0615,10.0,0.0655,15.0,82.72,14.16864,-4.23754,5.31844,9e-05,0.26432
7068.62,BTC-28JUN19,1557745144931,open,0.01,280.8,0.0005,0.052,0.01181931,87.26,0.012,0.0,BTC-28JUN19-4750-P,7099.09,87.62,0.012,6.8,0.013,26.0,89.56,3.54641,-3.37266,-0.7711,6e-05,-0.07497
7073.12,BTC-27SEP19,1557745144935,open,0.72,28.2,0.6805,0.76,0.72027408,104.83,0.608,0.0,BTC-27SEP19-2000-C,7099.09,0.0,0.0075,0.1,0.7245,1.0,122.71,1.25938,-0.48227,7.12644,1e-05,0.98895
7068.62,BTC-28JUN19,1557745144935,open,0.58,5.7,0.5085,0.6335,0.57084404,89.63,1.142,0.0,BTC-28JUN19-11000-P,7099.09,0.0,0.0005,0.4,1.095,1.0,500.0,4.67567,-4.56752,-12.98913,8e-05,-0.89118
7099.09,index_price,1557745144937,open,0.22,31.0,0.1865,0.266,0.2260289,120.0,0.189,0,BTC-17MAY19-5500-C,7099.09,0.0,0.2235,4.0,0.2275,4.0,143.72,0.30469,-4.71688,0.57079,5e-05,0.98324
7073.12,BTC-27SEP19,1557745144937,open,0.05,23.6,0.0155,0.095,0.05509717,86.04,0.056,0.0,BTC-27DEC19-16000-C,7099.09,84.6,0.052,10.0,0.058,13.2,87.36,15.39304,-2.90601,6.16359,6e-05,0.19468
7099.09,index_price,1557745144944,open,0.0,153.9,0.0005,0.0405,0.00077609,120.0,0.003,0,BTC-17MAY19-5500-P,7099.09,112.63,0.0005,0.1,0.0015,4.9,133.51,0.30469,-4.71688,-0.01322,5e-05,-0.01676
7099.09,index_price,1557745144944,open,0.0,18.2,0.0005,0.0415,0.00146697,117.39,0.0025,0,BTC-24MAY19-4750-P,7099.09,110.71,0.001,10.0,0.0025,24.3,128.46,0.55699,-3.00606,-0.04238,3e-05,-0.01857
7099.09,index_price,1557745144944,open,0.01,265.9,0.0005,0.0535,0.01318281,89.72,0.0125,0,BTC-31MAY19-5750-P,7099.09,88.19,0.0125,20.0,0.0145,30.0,92.6,3.19533,-8.01906,-0.47301,0.00014,-0.12287
7073.12,BTC-27SEP19,1557745144944,open,0.04,56.0,0.0005,0.0795,0.03993573,91.95,0.04,0.0,BTC-27DEC19-20000-C,7099.09,90.85,0.038,1.0,0.0415,10.0,92.82,12.61274,-2.54467,4.54638,4e-05,0.14289
7073.12,BTC-27SEP19,1557745144953,open,0.03,0.0,0.0005,0.067,0.02716583,92.06,None,0.0,BTC-27SEP19-16000-C,7099.09,88.99,0.0235,25.0,0.031,19.0,95.06,8.75508,-2.94421,2.50973,5e-05,0.12179
7099.09,index_price,1557745144953,open,0.08,0.5,0.0285,0.1135,0.07100144,85.97,0.0625,0,BTC-24MAY19-7250-P,7099.09,82.32,0.0685,12.0,0.0745,12.0,91.06,4.87757,-19.27726,-1.26479,0.00038,-0.52693
7099.09,index_price,1557745144977,open,0.04,262.7,0.003,0.0825,0.04299968,87.2,0.0395,0,BTC-17MAY19-7000-C,7099.09,80.99,0.0405,0.2,0.044,0.2,89.69,2.85981,-32.17296,0.40464,0.00061,0.57979
7099.09,index_price,1557745144985,open,0.01,240.0,0.0005,0.0505,0.01037306,90.72,0.014,0,BTC-24MAY19-6000-P,7099.09,88.21,0.0095,10.0,0.012,20.0,95.18,2.51644,-10.49521,-0.28543,0.00018,-0.12457
7073.12,BTC-27SEP19,1557745144985,open,1.2,0.0,1.095,1.269,1.18198514,84.58,None,0.0,BTC-27DEC19-15000-P,7099.09,0.0,0.0075,0.1,2.051,0.2,499.36,16.31111,-3.02725,-86.87812,6e-05,-0.78542
7099.09,index_price,1557745144985,open,0.26,0.0,0.224,0.3035,0.26367337,105.74,None,0,BTC-24MAY19-5250-C,7099.09,0.0,0.001,0.5,0.0,0.0,0.0,1.06761,-5.18988,1.47177,7e-05,0.95946
7068.62,BTC-28JUN19,1557745145034,open,0.33,97.0,0.3,0.3795,0.3398296,87.24,0.1965,0.0,BTC-28JUN19-4750-C,7099.09,0.0,0.1,1.0,0.696,2.0,500.0,3.54567,-3.37152,5.19926,6e-05,0.92505
7068.62,BTC-28JUN19,1557745145034,open,0.3,702.8,0.2685,0.348,0.30824927,84.91,0.31,0.0,BTC-28JUN19-5000-C,7099.09,75.55,0.303,0.1,0.4,10.0,190.87,4.29081,-3.97092,5.28673,8e-05,0.90331
7099.09,index_price,1557745145034,open,0.22,0.0,0.1615,0.258,0.20973006,95.16,None,0,BTC-24MAY19-8500-P,7099.09,93.37,0.209,4.0,0.214,4.0,104.96,2.92276,-12.78664,-2.23058,0.0002,-0.84478
7073.12,BTC-27SEP19,1557745145066,open,1.17,0.0,1.066,1.238,1.15204624,90.25,None,0.0,BTC-27SEP19-15000-P,7099.09,0.0,0.007,10.0,1.941,0.3,499.85,9.60311,-3.16586,-53.38945,6e-05,-0.8608
7073.12,BTC-27SEP19,1557745145096,open,0.63,3.1,0.5545,0.6835,0.61899064,81.87,1.9215,0.0,BTC-27SEP19-11000-P,7099.09,0.0,0.008,0.2,1.3995,0.3,500.0,14.16864,-4.23754,-35.93177,9e-05,-0.73568
7099.09,index_price,1557745145127,open,0.08,12.8,0.0305,0.116,0.07338071,91.75,0.088,0,BTC-17MAY19-7500-P,7099.09,85.03,0.071,0.2,0.0745,0.2,94.92,2.53086,-29.95682,-0.58542,0.00052,-0.70326
7073.12,BTC-27SEP19,1557745145130,open,0.76,6.1,0.679,0.8185,0.74879178,84.21,1.781,0.0,BTC-27SEP19-12000-P,7099.05,0.0,0.012,0.1,1.5345,0.3,500.0,12.87477,-3.96067,-40.51057,8e-05,-0.77851
7073.12,BTC-27SEP19,1557745145130,open,0.01,28.3,0.0005,0.0525,0.01219359,88.58,0.009,0.0,BTC-27SEP19-3250-P,7099.05,87.35,0.0115,15.0,0.0135,6.0,90.81,4.04059,-1.3075,-1.49361,2e-05,-0.04412
7068.62,BTC-28JUN19,1557745145130,open,0.01,478.8,0.0005,0.046,0.00584599,99.32,0.006,0.0,BTC-28JUN19-4000-P,7099.05,98.08,0.0055,1.2,0.0065,27.0,101.56,2.00324,-2.16848,-0.37604,3e-05,-0.03648
7073.12,BTC-27SEP19,1557745145131,open,0.34,816.4,0.307,0.3865,0.34673588,77.77,0.4235,0.0,BTC-27SEP19-5000-C,7099.05,0.0,0.293,20.0,0.394,1.0,106.82,10.83207,-3.07723,12.90032,7e-05,0.83309
7073.12,BTC-27SEP19,1557745145131,open,0.04,61.0,0.0035,0.083,0.04346631,86.38,0.061,0.0,BTC-27SEP19-13000-C,7099.05,84.25,0.04,10.0,0.0465,14.8,88.2,11.66946,-3.6824,3.82808,7e-05,0.18779
7099.05,index_price,1557745145130,open,0.0,32.4,0.0005,0.044,0.0042327,104.12,0.003,0,BTC-17MAY19-8250-C,7099.05,96.07,0.003,40.0,0.0045,3.0,105.71,1.17833,-15.82775,0.06392,0.00021,0.08902
7068.62,BTC-28JUN19,1557745145131,open,0.01,345.8,0.0005,0.0545,0.01465961,89.61,0.0125,0.0,BTC-28JUN19-11000-C,7099.05,87.82,0.0135,10.0,0.0155,16.0,90.87,4.67404,-4.56509,0.83605,8e-05,0.10876
7073.12,BTC-27SEP19,1557745145131,open,0.02,0.0,0.0005,0.061,0.0213455,95.69,None,0.0,BTC-27SEP19-18000-C,7099.05,92.35,0.018,15.0,0.0245,15.0,98.59,7.41201,-2.59078,1.99638,4e-05,0.09661
7073.12,BTC-27SEP19,1557745145131,open,0.42,0.2,0.388,0.4675,0.42786493,79.98,0.26,0.0,BTC-27SEP19-4250-C,7099.05,0.0,0.0025,1.0,0.4815,2.0,122.22,7.56853,-2.21118,12.53881,5e-05,0.90059
7068.62,BTC-28JUN19,1557745145131,open,1.85,0.4,1.718,1.944,1.83115054,120.64,5.076,0.0,BTC-28JUN19-20000-P,7099.05,0.0,0.0005,0.2,2.248,2.0,499.96,0.85432,-1.12327,-25.0349,1e-05,-0.98672
7068.62,BTC-28JUN19,1557745145131,open,0.11,71.8,0.06,0.1475,0.10366455,77.29,0.116,0.0,BTC-28JUN19-7000-P,7099.05,75.02,0.1005,9.4,0.107,9.6,79.69,9.84963,-8.2976,-4.75438,0.0002,-0.43148
7073.12,BTC-27SEP19,1557745145131,open,0.0,309.4,0.0005,0.0455,0.00548182,96.9,0.005,0.0,BTC-27SEP19-2500-P,7099.05,95.24,0.005,21.3,0.0085,15.0,105.78,2.11601,-0.74898,-0.68151,1e-05,-0.02021
7068.62,BTC-28JUN19,1557745145131,open,0.19,2248.5,0.1565,0.236,0.19615216,79.58,0.1975,0.0,BTC-28JUN19-6000-C,7099.05,74.33,0.1905,3.2,0.197,6.8,80.35,7.70339,-6.68125,5.05263,0.00015,0.76486
7073.12,BTC-27SEP19,1557745145131,open,0.04,93.1,0.0005,0.0765,0.03537051,78.74,0.0325,0.0,BTC-27SEP19-4500-P,7099.05,77.19,0.0335,14.7,0.0385,10.0,81.27,8.62386,-2.48042,-4.09993,6e-05,-0.1192
7068.62,BTC-28JUN19,1557745145131,open,0.71,20.1,0.6775,0.757,0.71714679,119.13,0.578,0.0,BTC-28JUN19-2000-C,7099.05,0.0,0.006,0.1,0.861,1.0,500.0,0.05965,-0.07745,2.50687,0.0,0.99931
7099.05,index_price,1557745145130,open,0.25,0.0,0.193,0.2915,0.24223882,97.78,None,0,BTC-24MAY19-8750-P,7099.05,95.66,0.2415,4.0,0.247,4.0,110.13,2.51076,-11.2868,-2.36502,0.00017,-0.87584
7073.12,BTC-27SEP19,1557745145131,open,0.03,3.0,0.0005,0.071,0.03133909,90.25,0.051,0.0,BTC-27SEP19-15000-C,7099.05,87.72,0.028,10.0,0.035,19.0,92.88,9.60279,-3.16569,2.86072,6e-05,0.13919
7099.05,index_price,1557745145130,open,0.3,8.0,0.233,0.3355,0.28422802,97.19,0.2655,0,BTC-31MAY19-9000-P,7099.05,0.0,0.001,0.5,0.0,0.0,0.0,3.81821,-10.37974,-3.90959,0.00016,-0.84027
7099.05,index_price,1557745145130,open,0.29,0.0,0.2585,0.338,0.29809698,113.61,None,0,BTC-24MAY19-5000-C,7099.05,0.0,0.001,0.3,0.0,0.0,0.0,0.82659,-4.31746,1.42191,5e-05,0.97031
7073.12,BTC-27SEP19,1557745145133,open,0.39,0.0,0.3235,0.433,0.37827376,78.65,None,0.0,BTC-27SEP19-9000-P,7099.05,0.0,0.008,0.2,0.4245,0.1,97.89,16.70807,-4.80033,-26.01005,0.00011,-0.60234
7099.05,index_price,1557745145130,open,0.0,3.0,0.0005,0.0445,0.00459518,111.21,0.002,0,BTC-24MAY19-9750-C,7099.05,102.5,0.003,31.0,0.0055,20.0,115.41,1.45495,-7.43906,0.11666,9e-05,0.05975
7099.05,index_price,1557745145130,open,0.08,228.0,0.042,0.1215,0.08187933,85.33,0.083,0,BTC-31MAY19-7000-C,7099.05,80.87,0.078,0.4,0.0835,22.3,87.19,6.17883,-14.7471,1.68675,0.00029,0.56703
7073.08,BTC-27SEP19,1557745145131,open,0.11,286.0,0.0705,0.15,0.11013345,80.13,0.1015,0.0,BTC-27DEC19-11000-C,7099.05,77.85,0.1035,10.0,0.1085,3.2,79.57,20.73514,-3.64547,10.66356,8e-05,0.35162
7099.05,index_price,1557745145132,open,0.01,225.7,0.0005,0.0485,0.008623,92.03,0.0115,0,BTC-17MAY19-6500-P,7099.05,85.45,0.007,36.0,0.009,0.2,93.5,1.8107,-21.49773,-0.13033,0.00037,-0.16427
7099.05,index_price,1557745145131,open,0.01,85.6,0.0005,0.0495,0.00954823,107.84,0.0095,0,BTC-31MAY19-10000-C,7099.05,103.49,0.008,0.5,0.01,10.0,109.04,2.63532,-7.94914,0.29372,0.0001,0.09403
7099.05,index_price,1557745145131,open,0.0,342.4,0.0005,0.0425,0.00286045,107.52,0.002,0,BTC-17MAY19-6000-P,7099.05,99.62,0.002,3.1,0.004,20.0,116.28,0.84618,-11.73727,-0.04572,0.00015,-0.05779
7099.05,index_price,1557745145131,open,0.33,42.8,0.2945,0.374,0.33445498,107.05,0.251,0,BTC-31MAY19-4750-C,7099.05,0.0,0.1165,0.1,0.0,0.0,0.0,1.20807,-3.61727,2.19295,5e-05,0.96521
7099.05,index_price,1557745145132,open,0.15,136.5,0.118,0.1975,0.15768171,107.56,0.2015,0,BTC-17MAY19-6000-C,7099.05,0.0,0.1545,4.0,0.1585,4.0,113.98,0.8469,-11.75167,0.59133,0.00015,0.94214
7099.05,index_price,1557745145131,open,0.0,101.4,0.0005,0.04,0.00022128,120.0,0.0005,0,BTC-31MAY19-3500-P,7099.05,131.41,0.0005,5.3,0.001,10.0,143.52,0.12582,-0.4223,-0.00977,0.0,-0.00259
7099.05,index_price,1557745145131,open,0.22,0.0,0.19,0.2695,0.22995508,100.21,None,0,BTC-24MAY19-5500-C,7099.05,71.29,0.226,4.0,0.2305,4.0,102.82,1.44379,-6.65193,1.5037,0.0001,0.94084
7099.05,index_price,1557745145131,open,0.07,118.4,0.0255,0.1105,0.0679212,85.32,0.0695,0,BTC-31MAY19-7000-P,7099.05,86.56,0.069,4.0,0.0705,4.9,88.28,6.17883,-14.74599,-1.74145,0.00029,-0.43297
7099.05,index_price,1557745145131,open,0.28,0.4,0.2185,0.3195,0.26912716,118.44,0.236,0,BTC-17MAY19-9000-P,7099.05,0.0,0.0005,1.0,0.3515,0.2,408.33,0.49568,-7.57398,-0.93417,8e-05,-0.97015
7073.08,BTC-27SEP19,1557745145131,open,0.44,0.0,0.3805,0.495,0.43790189,80.13,None,0.0,BTC-27DEC19-9000-P,7099.05,0.0,0.008,0.1,1.2185,0.2,500.0,22.25017,-3.91213,-42.54198,9e-05,-0.52549
7073.08,BTC-27SEP19,1557745145132,open,2.17,0.0,2.0185,2.2695,2.14398954,93.59,None,0.0,BTC-27DEC19-22000-P,7099.05,0.0,0.007,10.0,3.028,0.3,500.0,11.31471,-2.32355,-133.44345,4e-05,-0.87793
7099.05,index_price,1557745145131,open,0.03,104.8,0.0005,0.0685,0.02860795,89.46,0.021,0,BTC-24MAY19-7750-C,7099.05,86.81,0.027,10.0,0.03,16.0,91.73,4.33372,-17.82406,0.59891,0.00032,0.31174
7099.05,index_price,1557745145132,open,0.32,1.6,0.291,0.3705,0.33091571,122.02,0.241,0,BTC-17MAY19-4750-C,7099.05,0.0,0.001,1.0,0.428,0.1,500.0,0.01443,-0.22715,0.50393,0.0,0.99944
7099.05,index_price,1557745145130,open,0.03,37.4,0.0005,0.068,0.0270539,86.38,0.024,0,BTC-31MAY19-6250-P,7099.05,84.78,0.026,0.4,0.0285,10.0,88.56,4.68859,-11.32879,-0.86958,0.00022,-0.22306
7073.08,BTC-27SEP19,1557745145130,open,0.55,1.3,0.487,0.61,0.54854393,80.13,0.56,0.0,BTC-27DEC19-10000-P,7099.05,0.0,0.008,0.1,1.357,0.3,500.0,21.71203,-3.81756,-50.32425,9e-05,-0.59109
7099.05,index_price,1557745145130,open,0.16,2.1,0.1255,0.205,0.16519431,90.73,0.1905,0,BTC-24MAY19-6000-C,7099.05,77.73,0.161,4.0,0.166,4.0,92.97,2.51689,-10.49838,1.50228,0.00018,0.8754
7099.05,index_price,1557745145131,open,0.21,24.2,0.1525,0.248,0.20034319,110.35,0.25,0,BTC-17MAY19-8500-P,7099.05,107.58,0.2,4.0,0.204,4.0,133.23,0.90945,-12.94701,-0.85705,0.00015,-0.93663
7073.08,BTC-27SEP19,1557745145132,open,2.45,0.0,2.2865,2.56,2.42336287,96.13,None,0.0,BTC-27DEC19-24000-P,7099.05,0.0,0.007,10.0,3.3075,0.2,500.0,10.47942,-2.2103,-146.33181,3e-05,-0.89043
7099.05,index_price,1557745145131,open,0.0,23.4,0.0005,0.0415,0.00187596,113.14,0.002,0,BTC-17MAY19-8750-C,7099.05,108.75,0.0015,20.0,0.002,2.4,114.47,0.64767,-9.45344,0.02976,0.00011,0.04136
7073.08,BTC-27SEP19,1557745145131,open,0.23,0.1,0.1725,0.2695,0.22104478,73.13,0.2425,0.0,BTC-27DEC19-7000-P,7099.05,72.95,0.2205,2.0,0.2285,8.2,75.61,21.27016,-3.41297,-26.51761,9e-05,-0.37947
7073.08,BTC-27SEP19,1557745145131,open,1.34,0.0,1.225,1.4095,1.31723033,86.06,None,0.0,BTC-27DEC19-16000-P,7099.05,0.0,0.007,5.0,2.1905,0.2,499.7,15.39677,-2.90728,-93.72521,6e-05,-0.80525
7073.08,BTC-27SEP19,1557745145132,open,0.07,49.8,0.029,0.1085,0.06856974,82.97,0.071,0.0,BTC-27DEC19-14000-C,7099.05,81.92,0.066,10.0,0.0705,10.0,83.76,17.2839,-3.14671,7.47005,7e-05,0.23773
7099.05,index_price,1557745145131,open,0.0,179.8,0.0005,0.04,1.555e-05,120.0,0.0005,0,BTC-17MAY19-4750-P,7099.05,0.0,0.0,0.0,0.0005,16.8,168.62,0.01214,-0.11037,-0.00036,0.0,-0.00046
7099.05,index_price,1557745145141,open,0.08,12.8,0.0305,0.116,0.07338071,91.78,0.088,0,BTC-17MAY19-7500-P,7099.05,86.45,0.0715,0.2,0.0745,0.2,94.9,2.53106,-29.96957,-0.58539,0.00052,-0.7032
190.1,index_price,1557745145200,open,0.29,0.0,0.224,0.324,0.274018,110.69,None,0,ETH-24MAY19-240-P,190.1,83.01,0.266,50.0,0.277,50.0,118.45,0.06957,-0.35405,-0.06478,0.00584,-0.86958
190.1,index_price,1557745145233,open,0.23,50.0,0.166,0.262,0.213712,121.42,0.144,0,ETH-17MAY19-230-P,190.1,0.0,0.208,50.0,0.219,50.0,151.0,0.02691,-0.42147,-0.02304,0.00578,-0.92789
191.18,ETH-28JUN19,1557745145238,open,1.65,0.0,1.515,1.723,1.619217,125.63,None,0.0,ETH-28JUN19-500-P,190.1,0.0,0.001,2.0,0.0,0.0,0.0,0.04152,-0.05685,-0.62301,0.00072,-0.97356
190.1,index_price,1557745145240,open,0.18,100.0,0.118,0.21,0.163733,113.88,0.101,0,ETH-17MAY19-220-P,190.1,71.66,0.158,50.0,0.169,50.0,136.59,0.03867,-0.56814,-0.02111,0.00885,-0.88222
190.1,index_price,1557745145248,open,0.16,0.0,0.129,0.208,0.168971,93.04,0.196,0,ETH-24MAY19-160-C,190.1,77.3,0.164,50.0,0.174,50.0,106.26,0.0673,-0.28786,0.04003,0.00672,0.87567
191.18,ETH-28JUN19,1557745145320,open,0.08,793.0,0.044,0.123,0.083898,86.04,0.09,0.0,ETH-28JUN19-210-C,190.1,82.53,0.079,120.0,0.089,120.0,89.69,0.26715,-0.25054,0.08516,0.00676,0.4383
192.37,ETH-27SEP19,1557745145999,open,0.17,4579.0,0.117,0.209,0.163075,82.74,0.117,0.0,ETH-27SEP19-180-P,190.1,77.44,0.151,101.0,0.167,101.0,84.49,0.43647,-0.13193,-0.37032,0.0038,-0.3503
7099.05,index_price,1557745146126,open,0.08,12.8,0.0305,0.116,0.07338486,91.78,0.088,0,BTC-17MAY19-7500-P,7099.05,85.02,0.071,0.2,0.0745,0.2,94.9,2.53106,-29.96957,-0.58539,0.00052,-0.7032
7099.05,index_price,1557745146135,open,0.08,12.8,0.0305,0.116,0.07338486,91.78,0.088,0,BTC-17MAY19-7500-P,7099.05,86.45,0.0715,0.2,0.0745,0.2,94.9,2.53106,-29.96957,-0.58539,0.00052,-0.7032
192.38,ETH-27SEP19,1557745146146,open,0.47,1.0,0.4,0.516,0.457999,86.18,0.573,0.0,ETH-27SEP19-260-P,190.11,0.0,0.04,18.0,0.467,1.0,90.02,0.44837,-0.14115,-0.77809,0.00375,-0.62054
7099.05,index_price,1557745146437,open,0.08,12.8,0.0305,0.116,0.07338486,91.78,0.088,0,BTC-17MAY19-7500-P,7099.05,85.02,0.071,0.2,0.0745,0.2,94.9,2.53106,-29.96957,-0.58539,0.00052,-0.7032
7099.05,index_price,1557745146444,open,0.08,12.8,0.0305,0.116,0.07338486,91.78,0.088,0,BTC-17MAY19-7500-P,7099.05,86.45,0.0715,0.2,0.0745,0.2,94.9,2.53106,-29.96957,-0.58539,0.00052,-0.7032
7099.05,index_price,1557745146479,open,0.02,78.7,0.0005,0.056,0.0164587,97.2,0.0155,0,BTC-31MAY19-9000-C,7099.05,93.47,0.0145,36.0,0.017,5.2,98.2,3.81884,-10.38287,0.49823,0.00016,0.15977
7068.64,BTC-28JUN19,1557745146481,open,0.02,1375.2,0.0005,0.0625,0.02281281,85.9,0.0235,0.0,BTC-28JUN19-10000-C,7099.05,84.96,0.022,10.0,0.0235,12.8,86.68,6.14305,-5.75116,1.23516,0.00011,0.16184
7099.05,index_price,1557745146482,open,0.06,161.9,0.0265,0.106,0.06645687,86.01,0.06,0,BTC-31MAY19-7250-C,7099.05,81.52,0.0625,0.4,0.068,24.1,87.75,6.26677,-15.07606,1.48598,0.0003,0.49387
7099.05,index_price,1557745146483,open,0.03,52.3,0.0005,0.0765,0.03693489,86.34,0.026,0,BTC-24MAY19-7500-C,7099.05,82.64,0.0345,16.0,0.0395,20.0,90.22,4.68175,-18.5843,0.73484,0.00036,0.38433
7099.05,index_price,1557745146606,open,0.02,124.6,0.0005,0.0565,0.01605823,88.19,0.021,0,BTC-24MAY19-6250-P,7099.05,84.71,0.0145,10.0,0.0175,16.0,91.33,3.2228,-13.06654,-0.41609,0.00024,-0.18065
7099.05,index_price,1557745146607,open,0.02,181.9,0.0005,0.0665,0.02688754,87.99,0.025,0,BTC-17MAY19-7250-C,7099.05,84.54,0.0255,6.0,0.0275,3.3,89.5,2.86792,-32.55442,0.3008,0.00061,0.42594
7099.05,index_price,1557745146611,open,0.02,181.9,0.0005,0.0665,0.02688754,87.99,0.025,0,BTC-17MAY19-7250-C,7099.05,84.54,0.0255,6.0,0.0275,3.2,89.5,2.86792,-32.55442,0.3008,0.00061,0.42594
7099.05,index_price,1557745146615,open,0.02,437.5,0.0005,0.063,0.02343994,92.77,0.023,0,BTC-31MAY19-8500-C,7099.05,89.76,0.0215,30.5,0.024,5.0,93.62,4.64301,-12.04798,0.68088,0.0002,0.21928
7099.05,index_price,1557745146617,open,0.03,52.3,0.0005,0.0765,0.03693492,86.34,0.026,0,BTC-24MAY19-7500-C,7099.05,82.64,0.0345,16.0,0.0395,16.0,90.22,4.68175,-18.5843,0.73484,0.00036,0.38433
7099.05,index_price,1557745146628,open,0.01,82.2,0.0005,0.052,0.01239226,95.16,0.009,0,BTC-24MAY19-8500-C,7099.05,90.42,0.0105,36.0,0.0135,3.9,97.81,2.92271,-12.7867,0.30211,0.0002,0.15522
7099.05,index_price,1557745146629,open,0.01,169.4,0.0005,0.0445,0.00470268,100.19,0.0065,0,BTC-24MAY19-5500-P,7099.05,96.6,0.004,11.3,0.0055,20.0,103.96,1.44312,-6.64741,-0.13502,0.0001,-0.05913
7099.05,index_price,1557745146631,open,0.02,302.3,0.0005,0.0595,0.01899932,87.72,0.019,0,BTC-31MAY19-6000-P,7099.05,85.91,0.018,16.4,0.02,10.0,89.51,3.94006,-9.66736,-0.6489,0.00018,-0.16764
7099.05,index_price,1557745146633,open,0.06,98.7,0.01,0.0935,0.05158042,85.57,0.0655,0,BTC-31MAY19-6750-P,7099.05,83.05,0.0495,0.4,0.053,5.0,87.29,5.87228,-14.05494,-1.42773,0.00028,-0.35907
7099.05,index_price,1557745146655,open,0.01,70.8,0.0005,0.056,0.01609167,92.71,0.017,0,BTC-24MAY19-8250-C,7099.05,89.31,0.0145,10.0,0.0175,20.6,95.62,3.38068,-14.40904,0.37886,0.00024,0.1952
7099.05,index_price,1557745146656,open,0.0,17.5,0.0005,0.043,0.00320507,105.74,0.0055,0,BTC-24MAY19-5250-P,7099.05,100.73,0.0025,10.0,0.004,20.0,110.71,1.06761,-5.18984,-0.09254,7e-05,-0.04054
7099.05,index_price,1557745146706,open,0.01,145.7,0.0005,0.046,0.00640436,98.85,0.0075,0,BTC-17MAY19-8000-C,7099.05,94.59,0.0055,10.0,0.007,3.3,101.52,1.55512,-19.83215,0.09386,0.00029,0.13093
7099.05,index_price,1557745146711,open,0.0,513.2,0.0005,0.0425,0.00262717,112.71,0.0025,0,BTC-31MAY19-4500-P,7099.05,111.72,0.0025,20.0,0.003,10.5,115.44,0.93172,-2.93722,-0.09758,3e-05,-0.02544
7099.05,index_price,1557745146716,open,0.06,5.0,0.0095,0.093,0.05121137,84.77,0.061,0,BTC-24MAY19-7000-P,7099.05,81.52,0.049,22.0,0.055,12.0,90.36,4.81922,-18.78212,-1.02386,0.00038,-0.43283
7099.05,index_price,1557745146717,open,0.06,5.0,0.0095,0.093,0.05121137,84.77,0.061,0,BTC-24MAY19-7000-P,7099.05,81.52,0.049,22.0,0.055,16.0,90.36,4.81922,-18.78212,-1.02386,0.00038,-0.43283
7099.05,index_price,1557745146726,open,0.03,341.5,0.0005,0.0745,0.03479383,89.0,0.035,0,BTC-31MAY19-8000-C,7099.05,86.67,0.033,10.0,0.0365,0.4,91.19,5.50835,-13.71226,0.94175,0.00025,0.30567
7099.05,index_price,1557745146727,open,0.07,118.4,0.0255,0.1105,0.0679248,85.32,0.0695,0,BTC-31MAY19-7000-P,7099.05,86.56,0.069,4.0,0.0705,5.0,88.28,6.17883,-14.74599,-1.74145,0.00029,-0.43297
7099.05,index_price,1557745146735,open,0.0,289.2,0.0005,0.042,0.00196973,118.97,0.002,0,BTC-31MAY19-4250-P,7099.05,113.95,0.0015,27.5,0.0025,0.5,123.82,0.72013,-2.39642,-0.07204,2e-05,-0.01875
7099.05,index_price,1557745146737,open,0.05,164.6,0.013,0.0925,0.05293239,86.01,0.051,0,BTC-31MAY19-7500-C,7099.05,82.62,0.05,14.0,0.055,5.4,88.39,6.15128,-14.79816,1.28761,0.00029,0.42329
7099.05,index_price,1557745146740,open,0.01,0.4,0.0005,0.0475,0.00772545,100.69,0.006,0,BTC-24MAY19-9000-C,7099.05,94.68,0.006,30.0,0.0085,4.2,103.18,2.16002,-9.99942,0.19646,0.00014,0.1006
7099.05,index_price,1557745146745,open,0.03,111.5,0.0005,0.07,0.02904349,87.2,0.0295,0,BTC-17MAY19-7000-P,7099.05,83.37,0.0275,6.3,0.031,3.3,92.06,2.85982,-32.1708,-0.33866,0.00061,-0.42023
7099.05,index_price,1557745146750,open,0.01,326.3,0.0005,0.05,0.01034018,95.02,0.01,0,BTC-17MAY19-7750-C,7099.05,92.05,0.0095,10.0,0.0105,2.7,95.57,2.03857,-24.98918,0.14182,0.0004,0.19848
7099.05,index_price,1557745146761,open,0.01,326.3,0.0005,0.05,0.01034018,95.02,0.01,0,BTC-17MAY19-7750-C,7099.05,92.05,0.0095,10.0,0.0105,2.6,95.57,2.03857,-24.98918,0.14182,0.0004,0.19848
7099.05,index_price,1557745146763,open,0.05,50.1,0.01,0.0895,0.04974126,85.97,0.05,0,BTC-24MAY19-7250-C,7099.05,81.25,0.0465,16.0,0.0515,12.0,88.53,4.87754,-19.27789,0.89542,0.00038,0.47306
7099.05,index_price,1557745146842,open,0.02,222.8,0.0005,0.061,0.02143229,91.0,0.031,0,BTC-24MAY19-8000-C,7099.05,88.35,0.02,10.0,0.023,30.8,93.84,3.87399,-16.2069,0.47837,0.00028,0.24758
190.11,index_price,1557745146838,open,0.04,289.0,0.001,0.08,0.039275,93.07,0.04,0,ETH-24MAY19-180-P,190.11,83.02,0.033,213.0,0.04,108.0,94.19,0.11984,-0.5128,-0.02132,0.01196,-0.33707
7073.08,BTC-27SEP19,1557745146890,open,0.18,79.2,0.1455,0.225,0.18533579,74.17,0.1785,0.0,BTC-27DEC19-8000-C,7099.05,72.96,0.1815,20.0,0.1905,2.4,75.82,22.21918,-3.61624,15.35454,0.0001,0.53304
7073.08,BTC-27SEP19,1557745146894,open,0.06,51.8,0.0215,0.101,0.06123742,84.57,0.065,0.0,BTC-27DEC19-15000-C,7099.05,83.37,0.0585,10.0,0.0635,10.0,85.54,16.30665,-3.02574,6.76701,6e-05,0.21448
7099.05,index_price,1557745146928,open,0.03,37.4,0.0005,0.068,0.02705553,86.39,0.024,0,BTC-31MAY19-6250-P,7099.05,84.02,0.0255,0.4,0.0285,10.0,88.56,4.68865,-11.32922,-0.8696,0.00022,-0.22306
7099.05,index_price,1557745146968,open,0.09,284.5,0.061,0.1405,0.10074897,85.57,0.1,0,BTC-31MAY19-6750-C,7099.05,81.03,0.097,0.4,0.1,9.6,84.67,5.87229,-14.05538,1.87804,0.00028,0.64092
7099.05,index_price,1557745147020,open,0.1,0.1,0.05,0.137,0.09341431,86.33,0.104,0,BTC-24MAY19-7500-P,7099.05,83.43,0.0915,12.0,0.098,12.0,93.26,4.68169,-18.5821,-1.49992,0.00036,-0.61568
7073.08,BTC-27SEP19,1557745147029,open,0.32,0.1,0.264,0.369,0.31638478,74.18,0.457,0.0,BTC-27DEC19-8000-P,7099.05,71.35,0.3075,5.2,0.324,2.4,76.6,22.21911,-3.6165,-34.59093,0.0001,-0.46694
7073.08,BTC-27SEP19,1557745147030,open,0.13,415.5,0.095,0.1745,0.13471564,80.13,0.13,0.0,BTC-27DEC19-10000-C,7099.05,76.13,0.1225,30.0,0.129,3.2,78.26,21.71164,-3.81714,12.10709,9e-05,0.40888
7099.05,index_price,1557745147035,open,0.06,32.3,0.0255,0.105,0.06516394,84.78,0.0675,0,BTC-24MAY19-7000-C,7099.05,79.38,0.0615,22.0,0.0675,12.0,88.22,4.81922,-18.78393,1.06188,0.00038,0.56717
7068.58,BTC-28JUN19,1557745147067,open,0.02,568.3,0.0005,0.056,0.01561824,84.94,0.018,0.0,BTC-28JUN19-5000-P,7099.05,84.74,0.0155,6.5,0.0165,16.0,86.37,4.29288,-3.97425,-0.99834,8e-05,-0.09675
7099.05,index_price,1557745147075,open,0.2,304.7,0.1635,0.243,0.2032164,89.73,0.2385,0,BTC-31MAY19-5750-C,7099.05,80.96,0.1995,4.0,0.2055,4.0,94.65,3.19575,-8.02087,2.34292,0.00014,0.87711
7099.05,index_price,1557745147087,open,0.19,0.0,0.1315,0.225,0.178219,92.69,None,0,BTC-24MAY19-8250-P,7099.05,90.11,0.177,4.0,0.1825,4.0,101.36,3.38024,-14.40503,-2.07942,0.00024,-0.80484
7099.05,index_price,1557745147089,open,0.04,11.3,0.0005,0.0775,0.03631484,85.83,0.044,0,BTC-24MAY19-6750-P,7099.05,82.16,0.034,10.0,0.0385,19.9,89.28,4.48648,-17.70356,-0.79451,0.00035,-0.3393
7068.62,BTC-28JUN19,1557745147098,open,0.15,2.2,0.1005,0.1915,0.14606674,77.77,0.1465,0.0,BTC-28JUN19-7500-P,7099.05,73.81,0.1405,9.6,0.15,9.6,80.54,9.96786,-8.44884,-6.01267,0.0002,-0.53069
7099.05,index_price,1557745147100,open,0.01,240.0,0.0005,0.0505,0.01037423,90.72,0.014,0,BTC-24MAY19-6000-P,7099.05,88.21,0.0095,10.0,0.0115,20.0,93.83,2.51646,-10.49505,-0.28544,0.00018,-0.12457
7073.08,BTC-27SEP19,1557745147109,open,0.15,97.1,0.1255,0.205,0.16545748,80.13,0.175,0.0,BTC-27DEC19-9000-C,7099.05,74.25,0.147,20.0,0.1555,2.4,76.96,22.25009,-3.9118,13.64646,9e-05,0.47449
7073.08,BTC-27SEP19,1557745147113,open,0.32,0.1,0.264,0.369,0.31638478,74.18,0.457,0.0,BTC-27DEC19-8000-P,7099.05,71.35,0.3075,5.2,0.3245,2.4,76.76,22.21911,-3.6165,-34.59093,0.0001,-0.46694
7099.05,index_price,1557745147126,open,0.08,12.8,0.0305,0.116,0.07338463,91.78,0.088,0,BTC-17MAY19-7500-P,7099.05,85.02,0.071,0.2,0.0745,0.2,94.9,2.53106,-29.96957,-0.58539,0.00052,-0.7032
7073.08,BTC-27SEP19,1557745147127,open,0.13,415.5,0.095,0.1745,0.13471564,80.13,0.13,0.0,BTC-27DEC19-10000-C,7099.05,76.13,0.1225,30.0,0.1285,3.2,78.1,21.71164,-3.81714,12.10709,9e-05,0.40888
7068.7,BTC-28JUN19,1557745147130,open,0.37,223.6,0.3325,0.412,0.37248622,90.37,0.4,0.0,BTC-28JUN19-4500-C,7099.49,0.0,0.2,1.0,0.42,3.0,163.92,2.91634,-2.8725,5.05767,5e-05,0.94176
7068.7,BTC-28JUN19,1557745147130,open,0.0,90.2,0.0005,0.0425,0.00254928,112.18,0.003,0.0,BTC-28JUN19-3250-P,7099.49,107.94,0.002,8.2,0.0035,16.0,118.35,0.98546,-1.20485,-0.16189,1e-05,-0.01567
7073.13,BTC-27SEP19,1557745147130,open,0.01,620.6,0.0005,0.049,0.00907723,90.19,0.008,0.0,BTC-27SEP19-3000-P,7099.49,88.91,0.0085,15.0,0.011,6.0,94.18,3.24394,-1.06876,-1.13449,2e-05,-0.03369
7068.7,BTC-28JUN19,1557745147130,open,0.57,43.8,0.5375,0.617,0.57719521,114.2,0.6,0.0,BTC-28JUN19-3000-C,7099.49,0.0,0.004,0.2,0.821,2.0,500.0,0.67881,-0.84487,3.66587,1e-05,0.98981
7073.13,BTC-27SEP19,1557745147130,open,0.52,261.1,0.4805,0.56,0.52001025,85.4,0.52,0.0,BTC-27SEP19-3500-C,7099.49,0.0,0.161,1.0,0.544,1.0,114.05,4.75253,-1.4826,11.29773,3e-05,0.94595
7068.7,BTC-28JUN19,1557745147130,open,0.0,852.3,0.0005,0.0415,0.0016051,114.24,0.0025,0.0,BTC-28JUN19-3000-P,7099.49,113.12,0.0015,6.2,0.0025,10.6,122.26,0.67982,-0.84642,-0.10492,1e-05,-0.0102
7068.7,BTC-28JUN19,1557745147130,open,0.0,127.0,0.0005,0.044,0.00431576,102.63,0.007,0.0,BTC-28JUN19-3750-P,7099.49,101.18,0.004,6.5,0.0055,26.0,107.61,1.57023,-1.75649,-0.27973,2e-05,-0.02717
7073.13,BTC-27SEP19,1557745147130,open,0.0,421.8,0.0005,0.043,0.00303477,104.83,0.001,0.0,BTC-27SEP19-2000-P,7099.49,94.26,0.0015,24.0,0.0045,21.3,112.1,1.25939,-0.48228,-0.3736,1e-05,-0.01105
7068.7,BTC-28JUN19,1557745147130,open,0.86,0.8,0.773,0.92,0.84642873,97.68,2.171,0.0,BTC-28JUN19-13000-P,7099.49,0.0,0.07,1.0,1.344,1.0,499.76,2.84094,-3.02438,-15.90397,5e-05,-0.94367
7068.7,BTC-28JUN19,1557745147130,open,0.64,24.4,0.607,0.6865,0.64691493,119.86,0.5115,0.0,BTC-28JUN19-2500-C,7099.49,0.0,0.001,0.2,0.84,1.0,500.0,0.29184,-0.38124,3.10209,0.0,0.99608
7068.7,BTC-28JUN19,1557745147130,open,0.54,0.1,0.503,0.5825,0.54276811,112.12,0.395,0.0,BTC-28JUN19-3250-C,7099.49,0.0,0.0035,0.2,0.812,2.0,500.0,0.9836,-1.20197,3.92331,1e-05,0.98436
7068.7,BTC-28JUN19,1557745147130,open,0.05,96.6,0.0035,0.0865,0.04498971,79.59,0.045,0.0,BTC-28JUN19-6000-P,7099.49,79.14,0.0445,0.2,0.046,12.8,80.52,7.70378,-6.68303,-2.4889,0.00015,-0.23515
7099.49,index_price,1557745147130,open,0.26,119.4,0.2275,0.307,0.26733418,97.6,0.25,0,BTC-31MAY19-5250-C,7099.49,0.0,0.024,5.0,0.305,0.3,181.17,2.01892,-5.51162,2.3175,8e-05,0.93387
7068.7,BTC-28JUN19,1557745147131,open,0.5,143.2,0.4685,0.548,0.50833291,108.05,0.39,0.0,BTC-28JUN19-3500-C,7099.49,0.0,0.003,1.0,0.804,3.0,500.0,1.28287,-1.51082,4.17841,2e-05,0.97864
7099.49,index_price,1557745147130,open,0.09,529.0,0.0535,0.133,0.0930078,91.85,0.0915,0,BTC-17MAY19-6500-C,7099.49,69.28,0.088,0.2,0.0925,0.2,89.83,1.8066,-21.40719,0.56034,0.00037,0.83632
7068.7,BTC-28JUN19,1557745147131,open,0.79,33.8,0.748,0.8275,0.78779958,114.01,0.7145,0.0,BTC-28JUN19-1500-C,7099.49,0.0,0.007,0.1,0.8855,2.0,500.0,0.00288,-0.00358,1.88504,0.0,0.99997
7073.13,BTC-27SEP19,1557745147131,open,0.58,226.1,0.545,0.6245,0.58493386,90.19,0.585,0.0,BTC-27SEP19-3000-C,7099.49,0.0,0.0075,0.2,0.5975,2.0,111.94,3.24339,-1.06851,10.11583,2e-05,0.96631
7073.13,BTC-27SEP19,1557745147131,open,0.02,41.8,0.0005,0.059,0.01848117,83.14,0.0185,0.0,BTC-27SEP19-3750-P,7099.49,82.53,0.018,15.0,0.0205,10.0,85.63,5.60191,-1.70126,-2.25895,4e-05,-0.06668
7068.7,BTC-28JUN19,1557745147131,open,0.72,10.0,0.64,0.7765,0.70825019,94.68,1.243,0.0,BTC-28JUN19-12000-P,7099.49,0.0,0.0005,0.4,1.219,1.0,500.0,3.70565,-3.82383,-14.47109,6e-05,-0.92057
7073.13,BTC-27SEP19,1557745147131,open,0.65,57.4,0.6125,0.692,0.65202993,96.89,0.633,0.0,BTC-27SEP19-2500-C,7099.49,0.0,0.0075,0.1,0.657,1.0,110.64,2.11566,-0.74882,8.69368,1e-05,0.97979
7068.7,BTC-28JUN19,1557745147131,open,0.06,1442.0,0.0245,0.104,0.06438796,79.18,0.069,0.0,BTC-28JUN19-8000-C,7099.49,77.04,0.0615,14.8,0.0675,13.8,81.48,9.55612,-8.24688,2.82078,0.00019,0.38188
7068.7,BTC-28JUN19,1557745147131,open,0.01,201.8,0.0005,0.049,0.00910147,90.39,0.0115,0.0,BTC-28JUN19-4500-P,7099.49,91.34,0.0095,6.0,0.01,16.0,92.52,2.91725,-2.87386,-0.5985,5e-05,-0.05826
7099.49,index_price,1557745147130,open,0.0,0.1,0.0005,0.045,0.00538927,107.71,0.017,0,BTC-24MAY19-9500-C,7099.49,101.26,0.004,30.0,0.0065,30.0,112.26,1.65075,-8.17439,0.1373,0.0001,0.07029
7073.13,BTC-27SEP19,1557745147132,open,0.04,65.3,0.002,0.085,0.04348286,77.93,0.043,0.0,BTC-27SEP19-4750-P,7099.49,76.11,0.041,14.4,0.047,10.0,80.46,9.7174,-2.76619,-4.9104,7e-05,-0.14165
7073.13,BTC-27SEP19,1557745147132,open,0.03,13.1,0.0005,0.0765,0.03658943,88.33,0.0585,0.0,BTC-27SEP19-14000-C,7099.49,85.87,0.033,10.0,0.04,18.2,90.57,10.56608,-3.40913,3.2902,6e-05,0.16063
7073.13,BTC-27SEP19,1557745147130,open,0.11,82.6,0.067,0.1555,0.11109705,73.96,0.1075,0.0,BTC-27DEC19-5500-P,7099.49,72.89,0.1085,15.0,0.1145,3.2,75.36,17.17216,-2.78679,-15.2809,7e-05,-0.23495
7073.13,BTC-27SEP19,1557745147130,open,0.08,51.9,0.039,0.1185,0.07867022,81.72,0.075,0.0,BTC-27DEC19-13000-C,7099.49,80.69,0.076,10.0,0.0815,23.2,82.8,18.39997,-3.29927,8.34765,7e-05,0.26771
7073.13,BTC-27SEP19,1557745147130,open,0.0,121.6,0.0005,0.0435,0.00363709,102.1,0.001,0.0,BTC-27DEC19-1500-P,7099.49,96.09,0.0025,10.0,0.005,10.0,107.97,1.49168,-0.33418,-0.60293,0.0,-0.01002
7099.49,index_price,1557745147130,open,0.17,516.9,0.134,0.2135,0.17381581,87.65,0.1595,0,BTC-31MAY19-6000-C,7099.49,80.54,0.17,4.0,0.1755,4.0,90.65,3.9367,-9.65122,2.29053,0.00018,0.83259
7073.13,BTC-27SEP19,1557745147132,open,0.48,0.0,0.4485,0.528,0.48830196,83.13,None,0.0,BTC-27SEP19-3750-C,7099.49,0.0,0.033,0.1,0.5405,2.0,133.18,5.60144,-1.70102,11.80391,4e-05,0.93332
7069.14,BTC-28JUN19,1557745147133,open,0.44,310.5,0.4,0.4795,0.43996074,99.17,0.42,0.0,BTC-28JUN19-4000-C,7099.49,0.0,0.2,0.1,0.49,1.0,192.17,1.99481,-2.15609,4.6535,3e-05,0.96371
7073.13,BTC-27SEP19,1557745147132,open,0.04,25.4,0.0055,0.085,0.04534271,88.63,0.047,0.0,BTC-27DEC19-18000-C,7099.49,86.62,0.0415,10.0,0.0485,10.0,90.23,13.74472,-2.67302,5.18028,5e-05,0.16265
7073.13,BTC-27SEP19,1557745147130,open,0.53,5.0,0.492,0.5715,0.53155025,77.86,0.5,0.0,BTC-27DEC19-3500-C,7099.49,0.0,0.255,1.0,0.68,3.0,179.32,7.77848,-1.3288,17.44678,3e-05,0.92664
7069.14,BTC-28JUN19,1557745147133,open,1.0,1.3,0.907,1.0655,0.98614372,102.0,2.415,0.0,BTC-28JUN19-14000-P,7099.49,0.0,0.0005,0.2,1.471,1.0,500.0,2.32151,-2.58073,-17.25827,4e-05,-0.95627
7073.13,BTC-27SEP19,1557745147133,open,1.03,0.0,0.9355,1.0965,1.01591467,88.33,None,0.0,BTC-27SEP19-14000-P,7099.49,0.0,0.007,10.0,1.8055,0.3,500.0,10.5665,-3.40936,-49.2099,6e-05,-0.83936
7069.14,BTC-28JUN19,1557745147133,open,0.2,24.7,0.1485,0.2435,0.19615239,79.23,0.218,0.0,BTC-28JUN19-8000-P,7099.49,74.65,0.19,9.6,0.1995,9.6,81.7,9.55837,-8.25385,-7.2328,0.00019,-0.6179
7099.49,index_price,1557745147130,open,0.12,358.6,0.0845,0.164,0.124458,98.76,0.124,0,BTC-17MAY19-6250-C,7099.49,78.3,0.1215,4.0,0.888,0.5,500.0,1.24851,-15.90706,0.58746,0.00024,0.90374
