underlying_price,underlying_index,timestamp,state,settlement_price,open_interest,min_price,max_price,mark_price,mark_iv,last_price,interest_rate,instrument_name,index_price,bid_iv,best_bid_price,best_bid_amount,best_ask_price,best_ask_amount,ask_iv,vega,theta,rho,gamma,delta
9104.3,SYN.BTC-8NOV19,1572519539973,open,0.4,0.0,0.373,0.4335,0.40141291,105.68,None,0.0,BTC-8NOV19-12750-P,9088.77,0.0,0.0,0.0,0.0,0.0,0.0,0.5982,-4.01335,-2.71722,3e-05,-0.98178
9104.3,SYN.BTC-8NOV19,1572519539970,open,0.23,1.2,0.216,0.248,0.23165286,81.53,0.1775,0.0,BTC-8NOV19-7000-C,9088.77,0.0,0.218,6.0,0.24,6.0,141.31,0.42004,-2.17406,1.48566,3e-05,0.98792
9090.46,SYN.BTC-1NOV19,1572519539973,open,0.29,1.0,0.2705,0.299,0.28477355,0.0,0.307,0.0,BTC-1NOV19-6500-C,9088.77,0.0,0.2735,6.0,0.2905,6.0,456.88,0.0,0.0,0.15595,0.0,1.0
9104.3,SYN.BTC-8NOV19,1572519539971,open,0.32,0.0,0.2925,0.3505,0.31963491,96.44,None,0.0,BTC-8NOV19-12000-P,9088.77,0.0,0.0,0.0,0.0,0.0,0.0,0.91381,-5.59502,-2.53313,5e-05,-0.96985
9090.46,SYN.BTC-1NOV19,1572519539971,open,0.26,1.0,0.2425,0.272,0.25726484,0.0,0.2805,0.0,BTC-1NOV19-6750-C,9088.77,0.0,0.2455,6.0,0.2635,6.0,423.42,0.0,0.0,0.16194,0.0,1.0
9104.3,SYN.BTC-8NOV19,1572519539970,open,0.16,1.2,0.132,0.1885,0.15926811,76.89,0.1195,0.0,BTC-8NOV19-10500-P,9088.77,0.0,0.0,0.0,0.0,0.0,0.0,2.57726,-12.58098,-2.05369,0.00019,-0.88615
9145.83,SYN.BTC-29NOV19,1572519539973,open,0.38,0.0,0.344,0.415,0.37786293,82.48,None,0.0,BTC-29NOV19-12500-P,9088.77,0.0,0.0125,1.0,0.0,0.0,0.0,4.8123,-6.87308,-9.17917,9e-05,-0.89078
9090.46,SYN.BTC-1NOV19,1572519539970,open,0.2,9.2,0.1865,0.218,0.20224747,0.0,0.223,0.0,BTC-1NOV19-7250-C,9088.77,0.0,0.1895,6.0,0.208,6.0,333.84,0.0,0.0,0.17394,0.0,1.0
9090.46,SYN.BTC-1NOV19,1572519539971,open,0.32,0.8,0.294,0.347,0.32041806,235.57,0.294,0.0,BTC-1NOV19-12000-P,9088.77,0.0,0.0005,0.1,0.0,0.0,0.0,0.11258,-13.26016,-0.28592,2e-05,-0.99059
9414.89,SYN.BTC-26JUN20,1572519539971,open,1.18,0.0,1.1155,1.267,1.18894401,84.14,None,0.0,BTC-26JUN20-20000-P,9088.77,0.0,0.1,1.0,2.0,1.0,423.47,22.64948,-3.98887,-121.21618,5e-05,-0.77834
9145.83,SYN.BTC-29NOV19,1572519539972,open,0.53,0.0,0.502,0.5745,0.53642557,89.16,None,0.0,BTC-29NOV19-14000-P,9088.77,0.0,0.014,1.0,0.0,0.0,0.0,2.98146,-4.60309,-10.69744,5e-05,-0.94206
9414.89,SYN.BTC-26JUN20,1572519539970,open,2.42,0.0,2.3415,2.5225,2.42666389,92.34,None,0.0,BTC-26JUN20-32000-P,9088.77,0.0,0.0,0.0,0.0,0.0,0.0,13.66532,-2.64133,-204.78649,3e-05,-0.89692
9104.3,SYN.BTC-8NOV19,1572519539973,open,0.29,0.0,0.2655,0.323,0.29236146,92.12,None,0.0,BTC-8NOV19-11750-P,9088.77,0.0,0.015,25.0,0.0,0.0,0.0,1.02292,-5.98269,-2.47088,6e-05,-0.96543
9104.3,SYN.BTC-8NOV19,1572519539970,open,0.34,0.0,0.3195,0.3785,0.34695466,100.79,None,0.0,BTC-8NOV19-12250-P,9088.77,0.0,0.0,0.0,0.0,0.0,0.0,0.82754,-5.29507,-2.59346,5e-05,-0.97323
9414.89,SYN.BTC-26JUN20,1572519539975,open,0.61,0.0,0.5425,0.6805,0.611827,79.4,None,0.0,BTC-26JUN20-14000-P,9088.77,0.0,0.07,1.0,0.645,0.1,89.98,29.07848,-4.8327,-75.69008,6e-05,-0.61659
9414.89,SYN.BTC-26JUN20,1572519539976,open,2.0,0.0,1.929,2.098,2.00874641,89.65,None,0.0,BTC-26JUN20-28000-P,9088.77,0.0,0.0,0.0,0.0,0.0,0.0,15.86335,-2.97682,-177.55499,3e-05,-0.87288
9104.3,SYN.BTC-8NOV19,1572519539973,open,0.13,68.5,0.1045,0.1465,0.12557779,67.89,0.12,0.0,BTC-8NOV19-8000-C,9088.77,0.0,0.11,6.0,0.131,6.0,86.88,2.15512,-9.2889,1.54278,0.00018,0.91092
9414.89,SYN.BTC-26JUN20,1572519539973,open,1.59,0.0,1.519,1.6775,1.59445006,86.65,None,0.0,BTC-26JUN20-24000-P,9088.77,0.0,0.0,0.0,0.0,0.0,0.0,18.71479,-3.39412,-149.85184,4e-05,-0.83757
9104.3,SYN.BTC-8NOV19,1572519539976,open,0.21,16.9,0.188,0.222,0.20450306,77.07,0.2615,0.0,BTC-8NOV19-7250-C,9088.77,0.0,0.19,6.0,0.2115,6.0,122.45,0.62821,-3.07356,1.52481,5e-05,0.9807
9104.3,SYN.BTC-8NOV19,1572519539974,open,0.26,0.5,0.244,0.275,0.25911895,91.56,0.2365,0.0,BTC-8NOV19-6750-C,9088.77,0.0,0.246,6.0,0.2655,6.0,146.48,0.386,-2.24386,1.4339,2e-05,0.98904
9414.89,SYN.BTC-26JUN20,1572519539973,open,2.21,0.0,2.1355,2.312,2.21893632,92.02,None,0.0,BTC-26JUN20-30000-P,9088.77,0.0,0.0,0.0,0.0,0.0,0.0,15.06674,-2.90217,-191.06063,3e-05,-0.88188
9090.46,SYN.BTC-1NOV19,1572519539979,open,0.31,0.0,0.299,0.326,0.31228226,0.0,0.36,0.0,BTC-1NOV19-6250-C,9088.77,0.0,0.3015,7.0,0.318,7.0,500.0,0.0,0.0,0.14995,0.0,1.0
9145.83,SYN.BTC-29NOV19,1572519539970,open,0.43,0.0,0.396,0.4675,0.43004406,84.45,None,0.0,BTC-29NOV19-13000-P,9088.77,0.0,0.013,1.0,0.0,0.0,0.0,4.06046,-5.93733,-9.72009,7e-05,-0.91336
9090.46,SYN.BTC-1NOV19,1572519539973,open,0.26,0.8,0.2405,0.291,0.26540067,203.03,0.2405,0.0,BTC-1NOV19-11500-P,9088.77,0.0,0.0005,0.6,0.0,0.0,0.0,0.12198,-12.38261,-0.27373,3e-05,-0.98968
9104.3,SYN.BTC-8NOV19,1572519539970,open,0.13,24.2,0.1065,0.163,0.13381795,73.76,0.0995,0.0,BTC-8NOV19-10250-P,9088.77,0.0,0.121,5.0,0.1605,5.0,133.32,3.10743,-14.5521,-1.93419,0.00024,-0.85077
9414.89,SYN.BTC-26JUN20,1572519539975,open,0.5,0.0,0.477,0.5285,0.50267219,75.62,None,0.0,BTC-26JUN20-5000-C,9088.77,62.4,0.487,9.0,0.525,9.0,91.27,12.3755,-1.95894,25.09372,3e-05,0.90993
9414.89,SYN.BTC-26JUN20,1572519539973,open,0.79,0.0,0.726,0.869,0.79676414,80.81,None,0.0,BTC-26JUN20-16000-P,9088.77,0.0,0.08,1.0,0.88,0.5,108.03,27.02356,-4.57112,-91.35599,6e-05,-0.6859
9104.3,SYN.BTC-8NOV19,1572519539973,open,0.18,23.7,0.16,0.196,0.17754168,72.68,0.1695,0.0,BTC-8NOV19-7500-C,9088.77,0.0,0.1615,6.0,0.186,6.0,115.87,0.93013,-4.29169,1.55517,7e-05,0.9692
9145.83,SYN.BTC-29NOV19,1572519539973,open,0.64,0.0,0.6085,0.683,0.64376745,92.63,None,0.0,BTC-29NOV19-15000-P,9088.77,0.0,0.02,1.0,0.0,0.0,0.0,2.14791,-3.44527,-11.6149,4e-05,-0.96152
9333.43,BTC-27MAR20,1572519540015,open,0.07,344.0,0.0375,0.1125,0.07378367,79.88,0.078,0.0,BTC-27MAR20-14000-C,9088.77,78.38,0.0705,34.6,0.0765,11.0,81.12,20.44967,-5.52356,8.30839,7e-05,0.2935
9145.83,SYN.BTC-29NOV19,1572519540024,open,0.12,807.0,0.0865,0.1425,0.11575357,69.64,0.118,0.0,BTC-29NOV19-8500-C,9088.77,68.39,0.1145,9.6,0.1165,0.5,70.39,9.18159,-11.07215,4.09314,0.0002,0.68146
9333.39,BTC-27MAR20,1572519540029,open,0.04,438.7,0.0175,0.0615,0.03771002,76.29,0.04,0.0,BTC-27MAR20-6000-P,9088.77,74.59,0.0355,28.4,0.041,23.4,78.78,12.19645,-3.14618,-6.13446,5e-05,-0.12452
184.75,ETH-27MAR20,1572519540034,open,0.09,1598.0,0.048,0.132,0.090579,88.42,0.112,0.0,ETH-27MAR20-280-C,180.15,86.85,0.087,250.0,0.095,285.0,90.35,0.42255,-0.12633,0.1745,0.00346,0.32371
182.24,ETH-27DEC19,1572519540034,open,3.11,0.0,3.048,3.3,3.17044,110.0,None,0.0,ETH-27DEC19-760-P,180.15,0.0,0.0,0.0,0.0,0.0,0.0,0.00257,-0.00248,-1.18399,5e-05,-0.99894
182.24,ETH-27DEC19,1572519540034,open,0.06,11323.0,0.035,0.097,0.065667,79.34,0.065,0.0,ETH-27DEC19-160-P,180.15,78.09,0.064,5.0,0.068,250.0,81.08,0.24366,-0.16994,-0.09918,0.00593,-0.2836
182.24,ETH-27DEC19,1572519540034,open,0.1,10920.0,0.053,0.123,0.089333,80.56,0.09,0.0,ETH-27DEC19-200-C,180.15,77.14,0.084,587.0,0.091,250.0,81.63,0.28445,-0.20145,0.10155,0.00682,0.44693
182.24,ETH-27DEC19,1572519540034,open,0.96,257.0,0.921,1.054,0.984713,99.76,0.7,0.0,ETH-27DEC19-360-P,180.15,0.0,0.01,7.0,0.0,0.0,0.0,0.08878,-0.07786,-0.54578,0.00172,-0.93722
184.79,ETH-27MAR20,1572519540034,open,0.13,1227.0,0.077,0.17,0.125945,86.23,0.202,0.0,ETH-27MAR20-240-C,180.15,84.64,0.122,250.0,0.131,276.0,88.25,0.45977,-0.13404,0.22014,0.00385,0.41999
182.28,ETH-27DEC19,1572519540034,open,0.07,6945.0,0.031,0.093,0.061785,82.25,0.06,0.0,ETH-27DEC19-220-C,180.15,79.62,0.058,598.0,0.064,528.0,83.78,0.26316,-0.19029,0.07856,0.00618,0.33837
184.79,ETH-27MAR20,1572519540034,open,0.49,0.0,0.457,0.512,0.485977,87.36,None,0.0,ETH-27MAR20-100-C,180.15,59.66,0.465,1.0,0.504,1.0,104.19,0.18048,-0.05331,0.32237,0.00149,0.91657
182.28,ETH-27DEC19,1572519540035,open,2.25,0.0,2.197,2.397,2.29307,118.45,0.953,0.0,ETH-27DEC19-600-P,180.15,0.0,2.266,1.0,2.345,1.0,215.84,0.01972,-0.02054,-0.93242,0.00032,-0.98967
182.28,ETH-27DEC19,1572519540035,open,0.02,1211.0,0.005,0.036,0.017301,91.15,0.021,0.0,ETH-27DEC19-300-C,180.15,88.02,0.015,620.0,0.019,250.0,93.33,0.1389,-0.1113,0.0275,0.00294,0.11412
182.28,ETH-27DEC19,1572519540035,open,2.9,0.0,2.836,3.075,2.95123,131.47,None,0.0,ETH-27DEC19-720-P,180.15,0.0,0.003,5.0,0.0,0.0,0.0,0.0166,-0.01919,-1.11988,0.00024,-0.99152
184.79,ETH-27MAR20,1572519540036,open,0.08,1.0,0.052,0.124,0.08837,84.36,0.092,0.0,ETH-27MAR20-140-P,180.15,83.09,0.086,250.0,0.094,599.0,87.37,0.34469,-0.09832,-0.22794,0.00295,-0.2161
182.28,ETH-27DEC19,1572519540036,open,2.68,0.0,2.623,2.849,2.731623,125.08,None,0.0,ETH-27DEC19-680-P,180.15,0.0,0.002,10.0,0.0,0.0,0.0,0.01537,-0.0169,-1.05771,0.00024,-0.99223
184.79,ETH-27MAR20,1572519540036,open,1.59,0.0,1.533,1.723,1.624495,98.35,None,0.0,ETH-27MAR20-480-P,180.15,0.0,0.003,10.0,0.0,0.0,0.0,0.22514,-0.07486,-1.88042,0.00165,-0.88723
182.28,ETH-27DEC19,1572519540036,open,0.05,6206.0,0.018,0.071,0.043383,84.27,0.055,0.0,ETH-27DEC19-240-C,180.15,81.57,0.04,320.0,0.045,250.0,85.54,0.23078,-0.17097,0.05994,0.00529,0.25442
182.28,ETH-27DEC19,1572519540036,open,0.85,0.0,0.815,0.943,0.876475,96.99,None,0.0,ETH-27DEC19-340-P,180.15,0.0,0.001,5.0,0.0,0.0,0.0,0.10225,-0.08718,-0.51157,0.00204,-0.92462
182.28,ETH-27DEC19,1572519540036,open,1.06,0.0,1.027,1.165,1.092591,102.48,None,0.0,ETH-27DEC19-380-P,180.15,0.0,0.001,5.0,0.0,0.0,0.0,0.07808,-0.07035,-0.57923,0.00147,-0.9467
182.28,ETH-27DEC19,1572519540036,open,0.02,1495.0,0.004,0.032,0.014508,95.23,0.014,0.0,ETH-27DEC19-320-C,180.15,92.91,0.013,1.0,0.015,250.0,95.96,0.12185,-0.10201,0.02293,0.00247,0.09524
182.28,ETH-27DEC19,1572519540036,open,0.0,15074.0,0.001,0.011,0.000442,109.98,0.003,0.0,ETH-27DEC19-640-C,180.15,119.08,0.001,2350.0,0.003,550.0,134.98,0.008,-0.00774,0.00093,0.00014,0.00373
182.28,ETH-27DEC19,1572519540036,open,0.01,896.0,0.001,0.019,0.007316,101.12,0.012,0.0,ETH-27DEC19-380-C,180.15,97.72,0.006,320.0,0.009,250.0,104.99,0.07471,-0.06642,0.01224,0.00143,0.05043
186.36,SYN.ETH-26JUN20,1572519540034,open,0.19,206.0,0.124,0.232,0.182001,84.54,0.227,0.0,ETH-26JUN20-240-C,180.15,83.92,0.18,250.0,0.19,274.0,87.02,0.60123,-0.10639,0.37428,0.00313,0.48888
186.36,SYN.ETH-26JUN20,1572519540034,open,0.12,20.0,0.083,0.17,0.127598,83.87,0.13,0.0,ETH-26JUN20-140-P,180.15,82.39,0.124,250.0,0.135,423.0,86.94,0.4503,-0.07906,-0.42807,0.00236,-0.22338
182.28,ETH-27DEC19,1572519540037,open,0.03,3580.0,0.011,0.055,0.030779,86.14,0.045,0.0,ETH-27DEC19-260-C,180.15,83.51,0.028,614.0,0.033,544.0,88.18,0.19585,-0.14831,0.04549,0.00439,0.19094
182.28,ETH-27DEC19,1572519540037,open,0.26,2728.0,0.217,0.32,0.269051,82.48,0.274,0.0,ETH-27DEC19-220-P,180.15,0.0,0.0,0.0,0.0,0.0,0.0,0.26339,-0.19098,-0.26413,0.00617,-0.66088
184.79,ETH-27MAR20,1572519540038,open,0.01,828.0,0.003,0.024,0.012437,91.31,0.02,0.0,ETH-27MAR20-80-P,180.15,86.79,0.01,870.0,0.015,570.0,95.63,0.10487,-0.03238,-0.04054,0.00083,-0.04172
182.28,ETH-27DEC19,1572519540038,open,0.0,4534.0,0.001,0.011,0.000115,109.98,0.002,0.0,ETH-27DEC19-760-C,180.15,0.0,0.0,0.0,0.002,550.0,142.68,0.00257,-0.00248,0.00027,5e-05,0.00106
182.28,ETH-27DEC19,1572519540038,open,1.17,16.0,1.133,1.277,1.201593,106.1,1.195,0.0,ETH-27DEC19-400-P,180.15,0.0,0.001,8.0,0.0,0.0,0.0,0.07153,-0.06672,-0.61177,0.0013,-0.95225
186.36,SYN.ETH-26JUN20,1572519540035,open,0.05,45.0,0.018,0.084,0.047795,97.4,0.045,0.0,ETH-26JUN20-560-C,180.15,95.42,0.044,250.0,0.051,300.0,99.02,0.36393,-0.07419,0.1345,0.00164,0.15808
180.14,SYN.ETH-1NOV19,1572519540034,open,0.15,0.0,0.132,0.203,0.16591,128.74,None,0.0,ETH-1NOV19-210-P,180.15,0.0,0.0,0.0,0.0,0.0,0.0,0.00197,-0.12703,-0.005,0.00197,-0.99181
184.79,ETH-27MAR20,1572519540038,open,0.02,5515.0,0.004,0.039,0.017743,104.59,0.025,0.0,ETH-27MAR20-600-C,180.15,102.61,0.016,250.0,0.02,540.0,107.0,0.1673,-0.05916,0.04322,0.00116,0.07547
186.36,SYN.ETH-26JUN20,1572519540034,open,0.12,236.0,0.066,0.165,0.11699,88.31,0.126,0.0,ETH-26JUN20-320-C,180.15,86.97,0.113,250.0,0.122,285.0,89.99,0.55533,-0.10266,0.27781,0.00277,0.34477
181.19,SYN.ETH-29NOV19,1572519540035,open,0.02,2060.0,0.004,0.034,0.016171,85.04,0.019,0.0,ETH-29NOV19-240-C,180.15,79.89,0.013,516.0,0.018,545.0,87.83,0.11647,-0.17151,0.01855,0.00527,0.14559
181.19,SYN.ETH-29NOV19,1572519540034,open,0.0,539.0,0.001,0.013,0.003545,102.86,0.005,0.0,ETH-29NOV19-320-C,180.15,94.29,0.002,450.0,0.005,549.0,108.96,0.03871,-0.06895,0.00441,0.00145,0.03428
180.14,SYN.ETH-1NOV19,1572519540037,open,0.18,162.0,0.142,0.191,0.167238,0.0,0.221,0.0,ETH-1NOV19-150-C,180.15,0.0,0.0,0.0,0.0,0.0,0.0,0.0,0.0,0.0036,0.0,1.0
181.19,SYN.ETH-29NOV19,1572519540036,open,0.46,0.0,0.432,0.467,0.449625,102.51,None,0.0,ETH-29NOV19-100-C,180.15,0.0,0.44,1.0,0.461,1.0,155.77,0.01785,-0.03169,0.07693,0.00067,0.9863
181.19,SYN.ETH-29NOV19,1572519540034,open,0.1,3794.0,0.054,0.117,0.086985,74.94,0.1,0.0,ETH-29NOV19-180-C,180.15,72.25,0.084,474.0,0.091,404.0,78.55,0.20142,-0.26137,0.067,0.01035,0.55436
186.36,SYN.ETH-26JUN20,1572519540034,open,1.0,0.0,0.935,1.122,1.028753,90.07,None,0.0,ETH-26JUN20-360-P,180.15,0.0,0.0,0.0,1.059,1.0,100.54,0.52008,-0.09806,-2.11474,0.00254,-0.70513
181.19,SYN.ETH-29NOV19,1572519540037,open,0.01,448.0,0.001,0.018,0.006871,94.2,0.008,0.0,ETH-29NOV19-280-C,180.15,88.52,0.005,750.0,0.008,250.0,97.21,0.06499,-0.10601,0.0084,0.00266,0.06549
182.28,ETH-27DEC19,1572519540046,open,0.35,2287.0,0.306,0.414,0.360339,84.51,0.354,0.0,ETH-27DEC19-240-P,180.15,0.0,0.316,50.0,0.0,0.0,0.0,0.2312,-0.17176,-0.31387,0.00528,-0.74469
184.79,ETH-27MAR20,1572519540047,open,0.59,158.0,0.531,0.679,0.606141,88.54,0.62,0.0,ETH-27MAR20-280-P,180.15,78.58,0.584,42.0,0.622,1.0,95.36,0.42298,-0.12664,-0.95962,0.00345,-0.67565
9333.39,BTC-27MAR20,1572519540059,open,0.17,49.0,0.1235,0.2165,0.17095545,76.24,0.166,0.0,BTC-27MAR20-9000-P,9088.77,74.4,0.1665,9.5,0.176,5.9,78.33,22.5345,-5.80931,-20.65924,8e-05,-0.37539
186.36,SYN.ETH-26JUN20,1572519540060,open,0.24,124.0,0.182,0.301,0.244161,83.82,0.23,0.0,ETH-26JUN20-180-P,180.15,82.1,0.239,250.0,0.249,228.0,85.44,0.55736,-0.09779,-0.72243,0.00293,-0.34817
9145.83,SYN.BTC-29NOV19,1572519540062,open,0.2,67.8,0.1715,0.2185,0.19528111,71.19,0.195,0.0,BTC-29NOV19-7500-C,9088.77,62.03,0.19,22.3,0.2005,7.0,79.22,5.66038,-6.97796,4.82641,0.00012,0.86234
182.28,ETH-27DEC19,1572519540074,open,2.25,0.0,2.196,2.398,2.29307,118.45,0.953,0.0,ETH-27DEC19-600-P,180.15,0.0,2.265,1.0,2.345,1.0,215.84,0.01972,-0.02054,-0.93242,0.00032,-0.98967
9333.39,BTC-27MAR20,1572519540093,open,0.39,52.6,0.3375,0.452,0.39560199,78.54,0.355,0.0,BTC-27MAR20-12000-P,9088.77,74.83,0.3865,5.0,0.441,4.0,96.71,22.95538,-6.09642,-37.6375,8e-05,-0.59975
9333.39,BTC-27MAR20,1572519540095,open,0.26,263.2,0.215,0.297,0.25804789,76.19,0.293,0.0,BTC-27MAR20-8000-C,9088.77,73.63,0.2525,28.4,0.262,6.4,78.01,20.25661,-5.21823,17.17985,8e-05,0.71238
9145.83,SYN.BTC-29NOV19,1572519540096,open,0.01,1074.6,0.0005,0.021,0.00824888,83.58,0.0075,0.0,BTC-29NOV19-13000-C,9088.77,80.58,0.007,48.7,0.0085,0.3,84.15,3.96901,-5.74384,0.54839,7e-05,0.08404
9104.3,SYN.BTC-8NOV19,1572519540098,open,0.09,7.9,0.0585,0.115,0.08668653,69.36,0.0935,0.0,BTC-8NOV19-9750-P,9088.77,62.6,0.0835,9.2,0.087,12.1,70.0,4.39788,-19.36447,-1.61006,0.00035,-0.73291
9333.43,BTC-27MAR20,1572519540135,open,0.24,168.6,0.185,0.288,0.23767985,76.81,0.233,0.0,BTC-27MAR20-10000-P,9088.77,74.57,0.232,7.3,0.242,6.3,78.53,23.57398,-6.12275,-26.33751,9e-05,-0.45883
181.19,SYN.ETH-29NOV19,1572519540229,open,0.1,3794.0,0.053,0.117,0.086985,74.94,0.1,0.0,ETH-29NOV19-180-C,180.15,72.25,0.084,724.0,0.091,404.0,78.55,0.20142,-0.26137,0.067,0.01035,0.55436
9104.3,SYN.BTC-8NOV19,1572519540239,open,0.0,138.4,0.0005,0.013,0.00305887,80.72,0.004,0.0,BTC-8NOV19-11000-C,9088.77,77.44,0.0025,8.5,0.003,20.0,80.39,1.63996,-8.40386,0.11631,0.00011,0.06227
9414.89,SYN.BTC-26JUN20,1572519540246,open,0.16,92.7,0.108,0.201,0.15503369,75.75,0.146,0.0,BTC-26JUN20-8000-P,9088.77,72.82,0.147,8.0,0.159,19.5,77.2,25.79766,-4.0905,-27.02752,6e-05,-0.28361
9104.3,SYN.BTC-8NOV19,1572519540252,open,0.03,291.8,0.0115,0.056,0.03268175,65.48,0.0345,0.0,BTC-8NOV19-9000-P,9088.77,59.97,0.0295,30.0,0.0335,21.2,66.89,5.26058,-21.86824,-0.91547,0.00045,-0.43333
9201.23,BTC-27DEC19,1572519540270,open,0.06,936.2,0.028,0.0855,0.05586314,76.31,0.0515,0.0,BTC-27DEC19-11000-C,9088.77,75.0,0.054,16.0,0.058,17.9,77.8,13.14053,-8.81475,3.91865,0.00013,0.32917
9333.39,BTC-27MAR20,1572519540302,open,0.21,10.1,0.1605,0.2485,0.20653951,76.19,0.2245,0.0,BTC-27MAR20-9000-C,9088.77,74.72,0.203,10.9,0.2115,15.4,78.24,22.53539,-5.80525,15.80663,8e-05,0.62456
9333.39,BTC-27MAR20,1572519540304,open,0.21,10.1,0.1605,0.2485,0.20653951,76.19,0.2245,0.0,BTC-27MAR20-9000-C,9088.77,74.72,0.203,10.9,0.2115,26.3,78.24,22.53539,-5.80525,15.80663,8e-05,0.62456
9090.46,SYN.BTC-1NOV19,1572519540349,open,0.04,239.0,0.018,0.0605,0.03966419,69.65,0.039,0.0,BTC-1NOV19-8750-C,9088.77,68.02,0.0395,16.1,0.043,0.1,96.85,0.93172,-32.44555,0.18153,0.00067,0.87203
9090.46,SYN.BTC-1NOV19,1572519540429,open,0.12,557.8,0.102,0.137,0.11982429,0.0,0.115,0.0,BTC-1NOV19-8000-C,9088.77,0.0,0.1195,0.1,0.132,5.0,278.93,0.0,0.0,0.19193,0.0,1.0
9414.89,SYN.BTC-26JUN20,1572519540505,open,0.28,91.1,0.2215,0.3365,0.28028268,75.77,0.268,0.0,BTC-26JUN20-10000-P,9088.77,73.09,0.272,6.0,0.2865,5.6,77.68,29.73441,-4.71579,-43.01098,7e-05,-0.41757
9145.89,SYN.BTC-29NOV19,1572519540519,open,0.27,0.0,0.2415,0.312,0.27587609,77.61,None,0.0,BTC-29NOV19-11500-P,9088.77,0.0,0.01,1.0,0.0,0.0,0.0,6.59695,-8.86541,-7.97559,0.00013,-0.82642
182.28,ETH-27DEC19,1572519540565,open,2.03,0.0,1.983,2.172,2.073343,115.92,0.845,0.0,ETH-27DEC19-560-P,180.15,0.0,2.047,1.0,2.121,1.0,203.22,0.0242,-0.02467,-0.86942,0.0004,-0.98693
9145.83,SYN.BTC-29NOV19,1572519540566,open,0.16,369.8,0.1255,0.178,0.15265172,70.06,0.1525,0.0,BTC-29NOV19-8000-C,9088.77,61.37,0.1455,23.9,0.1575,8.0,76.01,7.58394,-9.20092,4.55226,0.00016,0.78165
182.28,ETH-27DEC19,1572519540568,open,2.25,0.0,2.196,2.397,2.292348,118.45,0.953,0.0,ETH-27DEC19-600-P,180.15,0.0,2.265,1.0,2.343,1.0,213.78,0.01972,-0.02054,-0.93242,0.00032,-0.98967
9333.39,BTC-27MAR20,1572519540569,open,0.11,307.6,0.075,0.155,0.11518288,76.23,0.1105,0.0,BTC-27MAR20-8000-P,9088.77,74.49,0.1115,10.0,0.119,5.9,77.94,20.25712,-5.2215,-15.23561,8e-05,-0.28763
9145.83,SYN.BTC-29NOV19,1572519540571,open,0.07,168.3,0.0415,0.0985,0.06985404,69.92,0.0735,0.0,BTC-29NOV19-9000-P,9088.77,68.12,0.068,8.0,0.0725,9.6,72.19,10.09747,-12.22429,-3.60714,0.00022,-0.42855
9104.3,SYN.BTC-8NOV19,1572519540570,open,0.03,291.8,0.0115,0.056,0.03255692,65.48,0.0345,0.0,BTC-8NOV19-9000-P,9088.77,59.97,0.0295,30.2,0.0335,21.2,66.89,5.26058,-21.86824,-0.91547,0.00045,-0.43333
9414.87,SYN.BTC-26JUN20,1572519540583,open,0.21,111.4,0.16,0.2655,0.21385276,75.71,0.205,0.0,BTC-26JUN20-9000-P,9088.77,72.93,0.2055,6.0,0.2185,3.0,77.26,28.27087,-4.47995,-34.86823,6e-05,-0.35204
9333.43,BTC-27MAR20,1572519540586,open,0.24,168.6,0.185,0.288,0.2374999,76.81,0.233,0.0,BTC-27MAR20-10000-P,9088.77,74.37,0.2315,13.3,0.242,6.3,78.53,23.57398,-6.12275,-26.33751,9e-05,-0.45883
9090.5,SYN.BTC-1NOV19,1572519540588,open,0.15,188.2,0.1305,0.1645,0.14747063,102.02,0.15,0.0,BTC-1NOV19-7750-C,9088.77,0.0,0.1335,5.0,0.1585,5.0,314.42,0.01003,-0.51168,0.18579,0.0,0.99935
9201.23,BTC-27DEC19,1572519540602,open,0.41,73.5,0.392,0.4255,0.4081764,82.05,0.266,0.0,BTC-27DEC19-5500-C,9088.77,0.0,0.3935,10.0,0.4185,10.0,104.97,3.1294,-2.25718,7.91209,3e-05,0.96001
9104.3,SYN.BTC-8NOV19,1572519540629,open,0.01,139.1,0.0005,0.018,0.00568635,75.79,0.006,0.0,BTC-8NOV19-10500-C,9088.77,73.34,0.005,5.9,0.0055,1.0,75.21,2.5178,-12.11431,0.20535,0.00019,0.11019
9414.87,SYN.BTC-26JUN20,1572519540628,open,2.42,0.0,2.341,2.521,2.42572332,91.68,None,0.0,BTC-26JUN20-32000-P,9088.77,0.0,0.0,0.0,0.0,0.0,0.0,13.41672,-2.57477,-204.88626,3e-05,-0.89949
9201.23,BTC-27DEC19,1572519540640,open,0.19,495.2,0.1525,0.216,0.18530553,73.52,0.19,0.0,BTC-27DEC19-8000-C,9088.77,70.18,0.181,19.0,0.1875,7.9,75.22,11.90325,-7.6933,7.87741,0.00012,0.73472
9090.46,SYN.BTC-1NOV19,1572519540654,open,0.07,102.6,0.0515,0.098,0.07346148,91.59,0.089,0.0,BTC-1NOV19-9750-P,9088.77,0.0,0.071,0.1,0.074,0.1,95.79,0.54362,-24.89475,-0.22067,0.0003,-0.93808
9090.46,SYN.BTC-1NOV19,1572519540656,open,0.07,440.1,0.0465,0.086,0.06585557,79.9,0.057,0.0,BTC-1NOV19-8500-C,9088.77,76.99,0.0655,4.1,0.0685,0.1,119.64,0.39393,-15.73767,0.19477,0.00025,0.95868
9090.46,SYN.BTC-1NOV19,1572519540658,open,0.07,102.6,0.0515,0.098,0.07346148,91.59,0.089,0.0,BTC-1NOV19-9750-P,9088.77,0.0,0.071,0.1,0.0745,4.1,102.77,0.54362,-24.89475,-0.22067,0.0003,-0.93808
9414.87,SYN.BTC-26JUN20,1572519540658,open,0.21,111.4,0.16,0.2655,0.21385276,75.71,0.205,0.0,BTC-26JUN20-9000-P,9088.77,72.93,0.2055,5.8,0.2185,3.0,77.26,28.27087,-4.47995,-34.86823,6e-05,-0.35204
9145.83,SYN.BTC-29NOV19,1572519540711,open,0.05,473.0,0.0225,0.0715,0.04633738,72.46,0.0405,0.0,BTC-29NOV19-10000-C,9088.77,71.28,0.045,12.8,0.0485,31.6,74.58,9.69862,-12.16889,2.33062,0.0002,0.36836
9090.46,SYN.BTC-1NOV19,1572519540733,open,0.02,214.1,0.003,0.047,0.02423767,70.67,0.03,0.0,BTC-1NOV19-9250-P,9088.77,53.1,0.0215,22.4,0.025,0.4,73.94,1.57903,-55.79864,-0.155,0.00113,-0.68626
9201.23,BTC-27DEC19,1572519540748,open,0.01,1129.7,0.0005,0.021,0.0094823,78.44,0.009,0.0,BTC-27DEC19-6000-P,9088.77,77.44,0.009,16.0,0.011,46.7,81.47,4.45651,-3.07326,-1.02938,4e-05,-0.06231
9333.39,BTC-27MAR20,1572519540762,open,0.21,10.1,0.1605,0.2485,0.20653714,76.19,0.2245,0.0,BTC-27MAR20-9000-C,9088.77,74.72,0.203,10.9,0.2115,35.3,78.24,22.53539,-5.80525,15.80663,8e-05,0.62456
9090.46,SYN.BTC-1NOV19,1572519540768,open,0.18,2.0,0.1595,0.2085,0.18256649,151.03,0.1535,0.0,BTC-1NOV19-10750-P,9088.77,0.0,0.1685,4.0,0.2025,4.0,377.87,0.1479,-11.16829,-0.25517,5e-05,-0.98712
9104.3,SYN.BTC-8NOV19,1572519540787,open,0.01,139.1,0.0005,0.018,0.00568635,75.79,0.006,0.0,BTC-8NOV19-10500-C,9088.77,71.38,0.0045,11.5,0.0055,1.0,75.21,2.5178,-12.11431,0.20535,0.00019,0.11019
9201.23,BTC-27DEC19,1572519540798,open,0.02,285.0,0.0095,0.0435,0.0243809,74.68,0.023,0.0,BTC-27DEC19-7000-P,9088.77,73.68,0.0235,34.0,0.026,6.6,76.49,8.13153,-5.33849,-2.37417,8e-05,-0.14121
9090.46,SYN.BTC-1NOV19,1572519540815,open,0.02,214.1,0.003,0.047,0.02423767,70.67,0.03,0.0,BTC-1NOV19-9250-P,9088.77,53.1,0.0215,12.4,0.025,0.4,73.94,1.57903,-55.79864,-0.155,0.00113,-0.68626
9104.3,SYN.BTC-8NOV19,1572519540826,open,0.0,101.9,0.0005,0.015,0.004147,78.21,0.004,0.0,BTC-8NOV19-10750-C,9088.77,75.3,0.0035,5.6,0.004,21.0,77.64,2.03388,-10.09922,0.15386,0.00015,0.08245
9145.89,SYN.BTC-29NOV19,1572519540835,open,0.1,98.4,0.0695,0.133,0.10158843,70.73,0.099,0.0,BTC-29NOV19-9500-P,9088.77,67.96,0.0985,9.6,0.1035,8.5,72.44,10.21971,-12.51602,-4.61647,0.00022,-0.53645
9333.39,BTC-27MAR20,1572519540841,open,0.21,10.1,0.1605,0.2485,0.20653714,76.19,0.2245,0.0,BTC-27MAR20-9000-C,9088.77,74.52,0.2025,19.9,0.2115,35.3,78.24,22.53539,-5.80525,15.80663,8e-05,0.62456
9090.46,SYN.BTC-1NOV19,1572519540877,open,0.04,239.0,0.0185,0.0605,0.03988478,69.65,0.039,0.0,BTC-1NOV19-8750-C,9088.77,68.02,0.0395,14.3,0.043,0.1,96.85,0.93172,-32.44555,0.18153,0.00067,0.87203
182.28,ETH-27DEC19,1572519540891,open,2.9,0.0,2.834,3.074,2.950146,110.0,None,0.0,ETH-27DEC19-720-P,180.15,0.0,0.003,5.0,0.0,0.0,0.0,0.00374,-0.00362,-1.12153,7e-05,-0.99839
9090.5,SYN.BTC-1NOV19,1572519540894,open,0.21,0.0,0.1865,0.235,0.210061,116.53,None,0.0,BTC-1NOV19-11000-P,9088.77,0.0,0.1955,4.0,0.23,4.0,408.25,0.00737,-0.4297,-0.26381,0.0,-0.99954
182.28,ETH-27DEC19,1572519540909,open,0.75,101.0,0.71,0.835,0.770066,95.26,0.513,0.0,ETH-27DEC19-320-P,180.15,0.0,0.006,5.0,0.0,0.0,0.0,0.12192,-0.1021,-0.47569,0.00247,-0.90468
186.4,SYN.ETH-26JUN20,1572519540909,open,2.43,0.0,2.35,2.605,2.472962,100.24,None,0.0,ETH-26JUN20-640-P,180.15,0.0,2.426,1.0,2.523,1.0,123.79,0.32286,-0.06774,-4.07536,0.00142,-0.86772
180.44,SYN.ETH-8NOV19,1572519540917,open,0.37,0.0,0.346,0.433,0.387216,112.31,None,0.0,ETH-8NOV19-250-P,180.15,0.0,0.01,15.0,0.0,0.0,0.0,0.0176,-0.12545,-0.05288,0.00223,-0.97088
9333.43,BTC-27MAR20,1572519540916,open,0.01,117.2,0.0015,0.029,0.0112486,95.83,0.015,0.0,BTC-27MAR20-30000-C,9088.77,93.21,0.0095,20.0,0.0125,18.0,97.59,6.4931,-2.10394,1.60895,2e-05,0.05379
9201.23,BTC-27DEC19,1572519540925,open,0.06,936.2,0.028,0.0855,0.05586586,76.31,0.0515,0.0,BTC-27DEC19-11000-C,9088.77,75.0,0.054,16.0,0.058,30.7,77.8,13.14053,-8.81475,3.91865,0.00013,0.32917
9104.3,SYN.BTC-8NOV19,1572519540929,open,0.05,81.0,0.0225,0.073,0.04753753,66.35,0.042,0.0,BTC-8NOV19-9250-P,9088.77,59.99,0.044,20.2,0.048,8.7,66.87,5.30059,-22.32735,-1.16521,0.00045,-0.54545
9104.3,SYN.BTC-8NOV19,1572519540942,open,0.07,49.8,0.0385,0.093,0.06591674,68.08,0.067,0.0,BTC-8NOV19-9500-P,9088.77,61.41,0.0625,8.2,0.0665,21.4,68.8,4.97225,-21.49191,-1.39953,0.00041,-0.64632
180.14,SYN.ETH-1NOV19,1572519540963,open,0.12,613.0,0.085,0.138,0.112063,102.97,0.076,0.0,ETH-1NOV19-160-C,180.15,0.0,0.097,1.0,0.128,1.0,298.24,0.00209,-0.10765,0.0038,0.00261,0.99126
9104.3,SYN.BTC-8NOV19,1572519540958,open,0.11,36.2,0.0815,0.138,0.10936494,71.62,0.1045,0.0,BTC-8NOV19-10000-P,9088.77,58.04,0.1045,4.0,0.1095,4.0,71.35,3.75114,-17.05575,-1.78565,0.00029,-0.79937
9414.87,SYN.BTC-26JUN20,1572519540967,open,1.59,0.0,1.5185,1.6765,1.59376164,86.29,None,0.0,BTC-26JUN20-24000-P,9088.77,0.0,0.0,0.0,0.0,0.0,0.0,18.58879,-3.35764,-149.91224,4e-05,-0.83925
9104.3,SYN.BTC-8NOV19,1572519540966,open,0.09,7.9,0.0585,0.1145,0.0864666,69.36,0.0935,0.0,BTC-8NOV19-9750-P,9088.77,62.6,0.0835,9.2,0.087,4.0,70.0,4.39788,-19.36447,-1.61006,0.00035,-0.73291
9333.37,BTC-27MAR20,1572519540977,open,2.64,0.0,2.5725,2.7395,2.65117585,98.62,None,0.0,BTC-27MAR20-34000-P,9088.37,0.0,0.0,0.0,0.0,0.0,0.0,5.16609,-1.72274,-136.53278,1e-05,-0.95955
9333.37,BTC-27MAR20,1572519540977,open,3.28,1.0,3.202,3.391,3.29148672,102.49,2.7125,0.0,BTC-27MAR20-40000-P,9088.37,0.0,0.0005,2.0,0.0,0.0,0.0,3.8639,-1.33901,-161.20003,1e-05,-0.97159
9333.37,BTC-27MAR20,1572519540978,open,1.58,0.0,1.5265,1.662,1.59017473,90.31,None,0.0,BTC-27MAR20-24000-P,9088.37,0.0,0.0015,1.0,0.0,0.0,0.0,9.45525,-2.88716,-94.63001,3e-05,-0.9124
9090.5,SYN.BTC-1NOV19,1572519540977,open,0.13,13.9,0.1055,0.1535,0.12773624,105.36,0.092,0.0,BTC-1NOV19-10250-P,9088.37,0.0,0.1195,4.0,0.147,4.0,308.53,0.12604,-6.64012,-0.24362,6e-05,-0.98928
9332.97,BTC-27MAR20,1572519540979,open,2.01,0.0,1.944,2.091,2.0132385,94.1,None,0.0,BTC-27MAR20-28000-P,9088.37,0.0,0.0,0.0,0.0,0.0,0.0,7.29866,-2.32229,-111.5748,2e-05,-0.93758
9332.97,BTC-27MAR20,1572519540979,open,0.32,10.5,0.2835,0.355,0.32050323,76.2,0.281,0.0,BTC-27MAR20-7000-C,9088.37,67.08,0.3045,18.0,0.332,18.0,82.55,16.71571,-4.30675,18.06626,6e-05,0.7983
9332.97,BTC-27MAR20,1572519540980,open,2.22,0.0,2.1535,2.3065,2.22550102,95.62,None,0.0,BTC-27MAR20-30000-P,9088.37,0.0,0.0,0.0,0.0,0.0,0.0,6.44121,-2.08256,-119.94759,2e-05,-0.94675
9332.97,BTC-27MAR20,1572519540980,open,2.85,0.0,2.7825,2.9565,2.86443434,99.62,None,0.0,BTC-27MAR20-36000-P,9088.37,0.0,0.0,0.0,0.0,0.0,0.0,4.59032,-1.54622,-144.79658,1e-05,-0.965
9104.35,SYN.BTC-8NOV19,1572519540978,open,0.18,0.6,0.158,0.214,0.18490741,78.33,0.1265,0.0,BTC-8NOV19-10750-P,9088.37,0.0,0.0,0.0,0.0,0.0,0.0,2.04046,-10.14725,-2.16505,0.00015,-0.9172
9332.97,BTC-27MAR20,1572519540981,open,1.37,6.0,1.319,1.449,1.38031568,88.22,1.5845,0.0,BTC-27MAR20-22000-P,9088.37,0.0,0.0,0.0,0.0,0.0,0.0,10.90131,-3.25189,-85.98247,4e-05,-0.89366
9332.97,BTC-27MAR20,1572519540981,open,1.79,0.0,1.7355,1.8765,1.8015055,92.41,None,0.0,BTC-27MAR20-26000-P,9088.37,0.0,0.0015,1.0,0.0,0.0,0.0,8.31041,-2.59671,-103.13674,3e-05,-0.92615
9414.87,SYN.BTC-26JUN20,1572519540977,open,0.04,2.9,0.0165,0.0815,0.04460919,86.3,0.053,0.0,BTC-26JUN20-24000-C,9088.37,84.17,0.0405,19.1,0.0485,15.0,88.23,18.5898,-3.35793,7.15719,4e-05,0.16077
9145.89,SYN.BTC-29NOV19,1572519540977,open,0.32,0.0,0.292,0.363,0.32626202,80.01,None,0.0,BTC-29NOV19-12000-P,9088.37,0.0,0.012,1.0,0.0,0.0,0.0,5.63877,-7.81202,-8.60562,0.00011,-0.86311
9104.35,SYN.BTC-8NOV19,1572519540979,open,0.26,0.0,0.2385,0.2945,0.26489057,85.76,None,0.0,BTC-8NOV19-11500-P,9088.37,0.0,0.0,0.0,0.0,0.0,0.0,1.07238,-5.83861,-2.4129,7e-05,-0.96338
9104.35,SYN.BTC-8NOV19,1572519540977,open,0.21,0.0,0.185,0.241,0.2112946,80.84,None,0.0,BTC-8NOV19-11000-P,9088.37,0.0,0.0,0.0,0.0,0.0,0.0,1.64628,-8.44881,-2.25662,0.00011,-0.93742
9118.2,SYN.BTC-15NOV19,1572519540977,open,0.0,0.2115,0.272,0.24054208,76.22,None,0.0,BTC-15NOV19-11250-P,9088.37,0.0,0.0,0.0,0.0,0.0,0.0,3.2018,-8.20239,-4.24294,0.00012,-0.90121
9090.5,SYN.BTC-1NOV19,1572519540979,open,0.05,130.2,0.0245,0.072,0.04748943,78.32,0.055,0.0,BTC-1NOV19-9500-P,9088.37,0.0,0.0445,4.1,0.048,0.1,83.08,0.93882,-36.7664,-0.20024,0.0006,-0.87062
9090.5,SYN.BTC-1NOV19,1572519540980,open,0.23,0.0,0.213,0.263,0.23756114,127.56,None,0.0,BTC-1NOV19-11250-P,9088.37,0.0,0.0005,0.6,0.0,0.0,0.0,0.00587,-0.37436,-0.26983,0.0,-0.99964
9090.5,SYN.BTC-1NOV19,1572519540978,open,0.1,240.6,0.0745,0.1125,0.092992,104.08,0.085,0.0,BTC-1NOV19-8250-C,9088.37,104.35,0.093,0.1,0.096,0.1,156.11,0.27667,-14.39847,0.19195,0.00013,0.9731
9145.89,SYN.BTC-29NOV19,1572519540978,open,0.18,5.0,0.147,0.217,0.18196826,74.13,0.15,0.0,BTC-29NOV19-10500-P,9088.37,0.0,0.0005,1.0,0.0,0.0,0.0,8.78331,-11.27435,-6.46507,0.00018,-0.71156
9145.83,SYN.BTC-29NOV19,1572519540975,open,0.14,60.1,0.1055,0.1735,0.13973237,72.74,0.1425,0.0,BTC-29NOV19-10000-P,9088.77,68.53,0.1355,17.8,0.1415,18.1,74.21,9.70531,-12.22378,-5.57705,0.0002,-0.63086
9414.87,SYN.BTC-26JUN20,1572519540980,open,2.21,0.0,2.135,2.311,2.21805862,91.47,None,0.0,BTC-26JUN20-30000-P,9088.37,0.0,0.0,0.0,0.0,0.0,0.0,14.85792,-2.84464,-191.14804,3e-05,-0.88419
9145.89,SYN.BTC-29NOV19,1572519540980,open,0.23,13.1,0.1925,0.263,0.22751916,75.67,0.233,0.0,BTC-29NOV19-11000-P,9088.37,0.0,0.009,1.0,0.0,0.0,0.0,7.683,-10.06645,-7.26558,0.00015,-0.77664
9145.89,SYN.BTC-29NOV19,1572519540980,open,0.35,22.5,0.3315,0.363,0.34682061,84.14,0.2095,0.0,BTC-29NOV19-6000-C,9088.37,0.0,0.333,8.0,0.354,8.0,110.4,1.68927,-2.46112,4.51807,3e-05,0.97126
9414.87,SYN.BTC-26JUN20,1572519540981,open,1.18,0.0,1.115,1.2665,1.18838704,83.9,None,0.0,BTC-26JUN20-20000-P,9088.37,0.0,0.1,1.0,2.0,1.0,423.46,22.57939,-3.96549,-121.25533,5e-05,-0.77953
9414.87,SYN.BTC-26JUN20,1572519540977,open,0.43,2.1,0.367,0.4945,0.43194929,75.91,0.449,0.0,BTC-26JUN20-12000-P,9088.37,64.02,0.394,4.0,0.4505,4.0,81.67,30.26784,-4.80924,-59.58408,7e-05,-0.53507
9104.35,SYN.BTC-8NOV19,1572519540980,open,0.24,0.0,0.2115,0.268,0.23808912,84.01,None,0.0,BTC-8NOV19-11250-P,9088.37,0.0,0.0,0.0,0.0,0.0,0.0,1.36061,-7.25684,-2.33563,9e-05,-0.95085
9414.87,SYN.BTC-26JUN20,1572519540979,open,2.0,0.0,1.928,2.097,2.00793074,89.16,None,0.0,BTC-26JUN20-28000-P,9088.37,0.0,0.0,0.0,0.0,0.0,0.0,15.67805,-2.92595,-177.63522,3e-05,-0.87501
9414.87,SYN.BTC-26JUN20,1572519540979,open,1.38,0.0,1.315,1.469,1.38911598,84.82,None,0.0,BTC-26JUN20-22000-P,9088.37,0.0,0.11,1.0,0.0,0.0,0.0,20.37828,-3.61791,-135.76577,4e-05,-0.8143
9414.87,SYN.BTC-26JUN20,1572519540979,open,1.79,0.0,1.7225,1.886,1.80014063,87.71,None,0.0,BTC-26JUN20-26000-P,9088.37,0.0,0.0,0.0,0.0,0.0,0.0,17.01732,-3.12427,-163.85864,3e-05,-0.85921
9090.5,SYN.BTC-1NOV19,1572519540980,open,0.0,96.5,0.0005,0.0105,8.27e-06,105.0,0.0005,0.0,BTC-1NOV19-10750-C,9088.37,0.0,0.0,0.0,0.0015,34.0,191.48,0.0095,-0.07517,0.00013,0.0,0.00061
9104.35,SYN.BTC-8NOV19,1572519540978,open,0.34,0.0,0.328,0.354,0.34110181,104.72,None,0.0,BTC-8NOV19-6000-C,9088.37,0.0,0.33,7.0,0.346,7.0,178.48,0.10957,-0.72844,1.28917,1e-05,0.99735
9145.89,SYN.BTC-29NOV19,1572519540983,open,0.46,0.3,0.4425,0.4665,0.45425458,97.09,0.4955,0.0,BTC-29NOV19-5000-C,9088.37,0.0,0.444,9.0,0.4605,9.0,137.57,0.65195,-1.09601,3.88041,1e-05,0.99056
9145.89,SYN.BTC-29NOV19,1572519540993,open,0.16,369.8,0.1255,0.178,0.15265172,70.26,0.1525,0.0,BTC-29NOV19-8000-C,9088.37,61.36,0.1455,23.9,0.1575,15.9,76.0,7.59343,-9.23848,4.54765,0.00016,0.78118
186.4,SYN.ETH-26JUN20,1572519541009,open,1.6,0.0,1.53,1.744,1.635209,94.27,None,0.0,ETH-26JUN20-480-P,180.15,0.0,0.0,0.0,0.0,0.0,0.0,0.41601,-0.08209,-2.97662,0.00194,-0.80481
181.19,SYN.ETH-29NOV19,1572519541021,open,0.01,2255.0,0.003,0.026,0.012155,79.7,0.012,0.0,ETH-29NOV19-140-P,180.15,75.23,0.01,254.0,0.015,890.0,85.06,0.09161,-0.12643,-0.01656,0.00443,-0.10335
181.19,SYN.ETH-29NOV19,1572519541023,open,0.1,3794.0,0.053,0.117,0.086985,74.94,0.1,0.0,ETH-29NOV19-180-C,180.15,72.25,0.084,724.0,0.091,250.0,78.55,0.20142,-0.26137,0.067,0.01035,0.55436
181.19,SYN.ETH-29NOV19,1572519541024,open,0.01,419.0,0.001,0.014,0.004775,98.38,0.007,0.0,ETH-29NOV19-300-C,180.15,90.95,0.003,750.0,0.006,250.0,102.6,0.04925,-0.0839,0.00592,0.00193,0.0461
9332.97,BTC-27MAR20,1572519541006,open,0.26,263.2,0.215,0.297,0.25804523,76.2,0.293,0.0,BTC-27MAR20-8000-C,9088.37,73.64,0.2525,28.4,0.262,16.8,78.02,20.25684,-5.21885,17.17787,8e-05,0.71235
182.28,ETH-27DEC19,1572519541026,open,0.07,6945.0,0.031,0.093,0.061861,82.25,0.06,0.0,ETH-27DEC19-220-C,180.15,79.62,0.058,320.0,0.064,528.0,83.78,0.26316,-0.19029,0.07856,0.00618,0.33837
186.4,SYN.ETH-26JUN20,1572519541026,open,0.28,16.0,0.22,0.326,0.2783,83.8,0.33,0.0,ETH-26JUN20-180-C,180.15,83.03,0.276,250.0,0.285,264.0,86.04,0.55743,-0.09777,0.45578,0.00293,0.65192
182.28,ETH-27DEC19,1572519541027,open,0.07,6945.0,0.031,0.093,0.061861,82.25,0.06,0.0,ETH-27DEC19-220-C,180.15,79.62,0.058,320.0,0.064,250.0,83.78,0.26316,-0.19029,0.07856,0.00618,0.33837
9104.35,SYN.BTC-8NOV19,1572519541024,open,0.06,79.6,0.035,0.084,0.06021395,65.45,0.064,0.0,BTC-8NOV19-8750-C,9088.37,63.14,0.059,12.0,0.0625,9.2,69.77,4.79751,-19.93603,1.21281,0.00041,0.67759
9200.88,BTC-27DEC19,1572519541025,open,0.01,1129.7,0.0005,0.021,0.0094823,78.44,0.009,0.0,BTC-27DEC19-6000-P,9088.37,77.43,0.009,16.0,0.011,66.7,81.46,4.45645,-3.07296,-1.02937,4e-05,-0.06231
9090.5,SYN.BTC-1NOV19,1572519541040,open,0.02,258.7,0.001,0.039,0.01866313,67.31,0.017,0.0,BTC-1NOV19-9000-C,9088.37,61.02,0.0175,12.0,0.0215,12.0,82.46,1.68771,-56.80216,0.13235,0.00126,0.6255
184.79,ETH-27MAR20,1572519541043,open,1.18,3.0,1.121,1.295,1.20595,95.08,1.39,0.0,ETH-27MAR20-400-P,180.17,0.0,0.001,10.0,0.0,0.0,0.0,0.29217,-0.09393,-1.52784,0.00222,-0.83483
182.28,ETH-27DEC19,1572519541043,open,0.64,1.0,0.606,0.725,0.663482,91.62,0.494,0.0,ETH-27DEC19-300-P,180.17,0.0,0.01,5.0,0.0,0.0,0.0,0.14026,-0.11296,-0.43963,0.00296,-0.88432
184.81,ETH-27MAR20,1572519541043,open,0.03,1161.0,0.008,0.052,0.026389,97.87,0.037,0.0,ETH-27MAR20-480-C,180.17,97.55,0.026,250.0,0.028,240.0,99.19,0.2228,-0.07373,0.06344,0.00165,0.11112
182.28,ETH-27DEC19,1572519541043,open,1.6,21.0,1.558,1.723,1.636988,112.61,0.629,0.0,ETH-27DEC19-480-P,180.17,0.0,0.001,7.0,0.0,0.0,0.0,0.04239,-0.04196,-0.74183,0.00073,-0.97476
184.81,ETH-27MAR20,1572519541043,open,0.05,578.0,0.02,0.084,0.049982,91.72,0.06,0.0,ETH-27MAR20-360-C,180.17,91.16,0.049,250.0,0.053,557.0,93.41,0.32694,-0.10139,0.11053,0.00258,0.19761
182.28,ETH-27DEC19,1572519541043,open,1.39,0.0,1.345,1.5,1.418904,109.47,None,0.0,ETH-27DEC19-440-P,180.17,0.0,0.001,8.0,0.0,0.0,0.0,0.05447,-0.05242,-0.67736,0.00096,-0.96586
184.81,ETH-27MAR20,1572519541043,open,2.43,0.0,2.367,2.601,2.478719,106.29,None,0.0,ETH-27MAR20-640-P,180.17,0.0,2.451,1.0,2.54,1.0,151.3,0.15287,-0.05494,-2.55441,0.00104,-0.9329
182.28,ETH-27DEC19,1572519541043,open,2.46,0.0,2.409,2.623,2.511525,110.0,None,0.0,ETH-27DEC19-640-P,180.17,0.0,0.0,0.0,0.0,0.0,0.0,0.00801,-0.00775,-0.99634,0.00014,-0.99627
182.3,ETH-27DEC19,1572519541044,open,1.82,37.0,1.77,1.947,1.854629,112.09,0.707,0.0,ETH-27DEC19-520-P,180.17,0.0,0.002,25.0,0.0,0.0,0.0,0.02861,-0.02819,-0.8064,0.00049,-0.98413
184.81,ETH-27MAR20,1572519541044,open,0.22,15.0,0.169,0.265,0.220844,83.81,0.237,0.0,ETH-27MAR20-180-C,180.17,82.63,0.218,250.0,0.224,300.0,85.12,0.44641,-0.1265,0.3019,0.00385,0.62406
182.3,ETH-27DEC19,1572519541043,open,0.01,4105.0,0.001,0.015,0.005408,91.9,0.005,0.0,ETH-27DEC19-100-P,180.17,86.66,0.004,610.0,0.007,550.0,96.98,0.05315,-0.04294,-0.01095,0.00112,-0.03313
184.81,ETH-27MAR20,1572519541044,open,1.38,0.0,1.325,1.506,1.412724,95.91,None,0.0,ETH-27MAR20-440-P,180.17,0.0,0.002,10.0,0.0,0.0,0.0,0.25183,-0.08166,-1.70747,0.0019,-0.86774
184.81,ETH-27MAR20,1572519541044,open,2.22,0.0,2.158,2.381,2.264684,104.98,None,0.0,ETH-27MAR20-600-P,180.17,0.0,2.197,1.0,2.323,1.0,146.29,0.16925,-0.06008,-2.38702,0.00117,-0.92338
184.81,ETH-27MAR20,1572519541045,open,0.97,6.0,0.917,1.081,0.998172,91.86,1.165,0.0,ETH-27MAR20-360-P,180.17,0.0,0.0,0.0,0.0,0.0,0.0,0.32754,-0.10173,-1.3477,0.00258,-0.8018
184.81,ETH-27MAR20,1572519541045,open,1.8,0.0,1.74,1.94,1.835925,99.73,None,0.0,ETH-27MAR20-520-P,180.17,0.0,0.005,10.0,0.0,0.0,0.0,0.19839,-0.0669,-2.05244,0.00144,-0.90528
186.4,SYN.ETH-26JUN20,1572519541043,open,0.07,10.0,0.031,0.111,0.069396,92.88,0.041,0.0,ETH-26JUN20-440-C,180.17,91.46,0.066,250.0,0.074,296.0,94.78,0.44819,-0.08714,0.1855,0.00212,0.22145
186.4,SYN.ETH-26JUN20,1572519541043,open,2.22,0.0,2.144,2.388,2.261707,98.62,None,0.0,ETH-26JUN20-600-P,180.17,0.0,2.216,1.0,2.31,1.0,120.66,0.34069,-0.07033,-3.80442,0.00152,-0.85688
186.4,SYN.ETH-26JUN20,1572519541046,open,0.1,186.0,0.05,0.143,0.096843,89.99,0.117,0.0,ETH-26JUN20-360-C,180.17,88.61,0.093,250.0,0.102,289.0,91.83,0.51995,-0.09794,0.24121,0.00254,0.29457
186.4,SYN.ETH-26JUN20,1572519541044,open,1.4,0.0,1.329,1.534,1.430391,93.1,None,0.0,ETH-26JUN20-440-P,180.17,0.0,0.0,0.0,0.0,0.0,0.0,0.44938,-0.08757,-2.69346,0.00212,-0.77751
182.3,ETH-27DEC19,1572519541052,open,0.03,3580.0,0.011,0.055,0.030814,86.15,0.045,0.0,ETH-27DEC19-260-C,180.17,83.49,0.028,320.0,0.033,544.0,88.16,0.19597,-0.14842,0.04553,0.00439,0.19109
180.44,SYN.ETH-8NOV19,1572519541045,open,0.16,120.0,0.132,0.209,0.169951,81.02,0.104,0.0,ETH-8NOV19-210-P,180.17,43.69,0.164,50.0,0.0,0.0,0.0,0.05054,-0.25998,-0.04118,0.00888,-0.88782
181.23,SYN.ETH-29NOV19,1572519541057,open,0.23,0.0,0.196,0.287,0.241524,81.18,None,0.0,ETH-29NOV19-220-P,180.17,0.0,0.213,50.0,0.0,0.0,0.0,0.15524,-0.21821,-0.14485,0.00736,-0.76878
180.44,SYN.ETH-8NOV19,1572519541058,open,0.16,120.0,0.132,0.209,0.169951,81.02,0.104,0.0,ETH-8NOV19-210-P,180.17,0.0,0.163,50.0,0.0,0.0,0.0,0.05054,-0.25998,-0.04118,0.00888,-0.88782
184.81,ETH-27MAR20,1572519541065,open,0.77,7.0,0.719,0.875,0.797239,89.76,0.945,0.0,ETH-27MAR20-320-P,180.17,0.0,0.0,0.0,0.819,1.0,100.07,0.3736,-0.11338,-1.15867,0.00301,-0.75026
182.3,ETH-27DEC19,1572519541073,open,0.03,3580.0,0.011,0.055,0.030814,86.15,0.045,0.0,ETH-27DEC19-260-C,180.17,83.49,0.028,320.0,0.033,250.0,88.16,0.19597,-0.14842,0.04553,0.00439,0.19109
9104.35,SYN.BTC-8NOV19,1572519541060,open,0.06,79.6,0.035,0.084,0.06021395,65.45,0.064,0.0,BTC-8NOV19-8750-C,9088.37,62.19,0.0585,20.8,0.0625,9.2,69.77,4.79751,-19.93603,1.21281,0.00041,0.67759
9333.37,BTC-27MAR20,1572519541093,open,0.57,59.9,0.515,0.6335,0.57382478,79.91,0.537,0.0,BTC-27MAR20-14000-P,9088.37,75.11,0.5635,3.0,0.625,3.0,101.91,20.45263,-5.52589,-48.40927,7e-05,-0.7064
181.23,SYN.ETH-29NOV19,1572519541118,open,0.1,3794.0,0.054,0.117,0.086985,74.85,0.1,0.0,ETH-29NOV19-180-C,180.17,72.16,0.084,474.0,0.091,250.0,78.46,0.20144,-0.26107,0.06706,0.01036,0.55474
9145.89,SYN.BTC-29NOV19,1572519541125,open,0.02,170.4,0.0055,0.037,0.01847186,77.6,0.0175,0.0,BTC-29NOV19-11500-C,9088.37,76.24,0.0175,12.8,0.0195,12.8,79.01,6.5958,-8.86244,1.12195,0.00013,0.17354
9332.97,BTC-27MAR20,1572519541198,open,0.26,263.2,0.215,0.297,0.25804523,76.2,0.293,0.0,BTC-27MAR20-8000-C,9088.37,73.64,0.2525,28.4,0.262,6.4,78.02,20.25684,-5.21885,17.17787,8e-05,0.71235
9104.35,SYN.BTC-8NOV19,1572519541347,open,0.05,89.2,0.02,0.067,0.04401332,65.26,0.04,0.0,BTC-8NOV19-9000-C,9088.37,62.64,0.0425,12.0,0.046,9.1,68.7,5.26035,-21.79355,1.02696,0.00045,0.56678
9333.37,BTC-27MAR20,1572519541377,open,0.21,10.1,0.1605,0.2485,0.20653714,76.19,0.2245,0.0,BTC-27MAR20-9000-C,9088.37,74.52,0.2025,10.9,0.2115,35.3,78.24,22.53538,-5.8052,15.80661,8e-05,0.62456
9145.89,SYN.BTC-29NOV19,1572519541384,open,0.03,489.7,0.0085,0.0455,0.02478468,75.66,0.0235,0.0,BTC-29NOV19-11000-C,9088.37,74.12,0.0235,20.8,0.025,1.0,75.91,7.68223,-10.06409,1.43646,0.00015,0.22332
9104.35,SYN.BTC-8NOV19,1572519541390,open,0.01,152.8,0.0005,0.022,0.0077122,72.98,0.007,0.0,BTC-8NOV19-10250-C,9088.37,70.83,0.007,14.3,0.008,20.0,73.83,3.0679,-14.21472,0.27245,0.00024,0.1464
9118.2,SYN.BTC-15NOV19,1572519541396,open,0.0,0.0005,0.019,0.00673831,76.2,None,0.0,BTC-15NOV19-11250-C,9088.37,74.04,0.006,11.0,0.0085,20.0,80.95,3.2002,-8.19611,0.34181,0.00012,0.09872
184.81,ETH-27MAR20,1572519541407,open,0.13,4463.0,0.09,0.18,0.136104,83.85,0.113,0.0,ETH-27MAR20-160-P,180.17,82.89,0.134,250.0,0.143,563.0,86.99,0.40628,-0.11519,-0.32327,0.0035,-0.29565
9200.88,BTC-27DEC19,1572519541410,open,0.0,429.9,0.0005,0.012,0.00238431,97.54,0.0035,0.0,BTC-27DEC19-22000-C,9088.37,91.96,0.0015,46.0,0.003,25.0,100.63,1.69505,-1.45346,0.24041,1e-05,0.01915
182.3,ETH-27DEC19,1572519541429,open,3.11,0.0,3.048,3.3,3.17044,138.11,None,0.0,ETH-27DEC19-760-P,180.17,0.0,0.0,0.0,0.0,0.0,0.0,0.01831,-0.02224,-1.18199,0.00026,-0.99051
9104.35,SYN.BTC-8NOV19,1572519541422,open,0.0,101.9,0.0005,0.015,0.004147,78.31,0.004,0.0,BTC-8NOV19-10750-C,9088.37,72.77,0.003,12.0,0.004,21.0,77.64,2.03899,-10.13642,0.15435,0.00015,0.08272
184.81,ETH-27MAR20,1572519541442,open,0.25,754.0,0.203,0.322,0.265096,84.88,0.257,0.0,ETH-27MAR20-200-P,180.17,80.88,0.255,176.0,0.281,176.0,91.2,0.4657,-0.13365,-0.53593,0.00397,-0.45069
9090.5,SYN.BTC-1NOV19,1572519541438,open,0.04,239.0,0.018,0.061,0.03988478,71.72,0.039,0.0,BTC-1NOV19-8750-C,9088.37,67.98,0.0395,4.1,0.043,0.1,96.82,0.96549,-34.62472,0.18001,0.00068,0.86526
9200.88,BTC-27DEC19,1572519541451,open,0.04,369.6,0.017,0.061,0.03728649,73.83,0.04,0.0,BTC-27DEC19-7500-P,9088.37,72.66,0.036,28.8,0.039,6.6,75.38,10.12172,-6.56948,-3.38027,0.0001,-0.19848
9414.87,SYN.BTC-26JUN20,1572519541485,open,0.13,84.0,0.075,0.1735,0.12447385,79.29,0.135,0.0,BTC-26JUN20-14000-C,9088.37,77.51,0.119,24.1,0.13,19.0,81.07,29.06689,-4.82394,15.92349,6e-05,0.3829
9333.37,BTC-27MAR20,1572519541514,open,0.24,168.6,0.185,0.288,0.23750429,76.74,0.233,0.0,BTC-27MAR20-10000-P,9088.37,74.37,0.2315,13.3,0.2425,6.3,78.72,23.57475,-6.11713,-26.33624,9e-05,-0.45898
9332.97,BTC-27MAR20,1572519541519,open,0.17,49.0,0.1235,0.2165,0.17084183,76.18,0.166,0.0,BTC-27MAR20-9000-P,9088.37,74.39,0.1665,9.5,0.176,14.9,78.32,22.53521,-5.80435,-20.65653,8e-05,-0.37549
9090.5,SYN.BTC-1NOV19,1572519541527,open,0.0,441.5,0.0005,0.015,0.00243846,78.28,0.002,0.0,BTC-1NOV19-9500-C,9088.37,68.29,0.0015,20.0,0.002,3.0,73.87,0.93811,-22.16248,0.02765,0.0006,0.12924
186.4,SYN.ETH-26JUN20,1572519541530,open,0.28,16.0,0.22,0.326,0.278381,83.8,0.33,0.0,ETH-26JUN20-180-C,180.17,82.69,0.275,250.0,0.285,264.0,86.04,0.55743,-0.09777,0.45578,0.00293,0.65192
186.4,SYN.ETH-26JUN20,1572519541537,open,0.21,151.0,0.149,0.257,0.207482,83.8,0.22,0.0,ETH-26JUN20-220-C,180.17,83.36,0.206,250.0,0.217,270.0,86.79,0.59891,-0.10505,0.40287,0.00314,0.53765
186.4,SYN.ETH-26JUN20,1572519541543,open,0.1,186.0,0.05,0.143,0.096886,89.99,0.117,0.0,ETH-26JUN20-360-C,180.17,88.24,0.092,250.0,0.102,289.0,91.83,0.51995,-0.09794,0.24121,0.00254,0.29457
184.81,ETH-27MAR20,1572519541548,open,0.15,0.0,0.099,0.194,0.149652,84.84,None,0.0,ETH-27MAR20-220-C,180.17,83.41,0.146,250.0,0.154,571.0,86.57,0.46863,-0.13444,0.24659,0.00399,0.47896
184.81,ETH-27MAR20,1572519541555,open,0.18,1331.0,0.13,0.227,0.182671,84.74,0.216,0.0,ETH-27MAR20-200-C,180.17,82.94,0.178,250.0,0.187,265.0,86.51,0.46574,-0.13345,0.27441,0.00397,0.54904
184.79,ETH-27MAR20,1572519541560,open,0.04,1041.0,0.015,0.072,0.040902,94.81,0.047,0.0,ETH-27MAR20-400-C,180.17,92.94,0.038,250.0,0.044,300.0,96.75,0.29088,-0.09325,0.0922,0.00222,0.16405
186.4,SYN.ETH-26JUN20,1572519541567,open,0.05,11.0,0.021,0.091,0.052919,95.66,0.048,0.0,ETH-26JUN20-520-C,180.17,94.26,0.05,250.0,0.057,300.0,97.61,0.38723,-0.07754,0.14768,0.00178,0.17395
184.81,ETH-27MAR20,1572519541601,open,0.03,966.0,0.01,0.06,0.031654,95.7,0.039,0.0,ETH-27MAR20-440-C,180.17,95.24,0.031,250.0,0.034,260.0,97.43,0.25079,-0.08115,0.07476,0.00189,0.13147
9332.97,BTC-27MAR20,1572519541634,open,0.39,52.6,0.3375,0.452,0.39539384,78.42,0.355,0.0,BTC-27MAR20-12000-P,9088.37,74.6,0.386,5.0,0.441,4.0,96.69,22.94707,-6.08482,-37.64453,8e-05,-0.60024
9332.97,BTC-27MAR20,1572519541649,open,0.39,52.6,0.3375,0.452,0.39539384,78.42,0.355,0.0,BTC-27MAR20-12000-P,9088.37,74.6,0.386,8.0,0.441,4.0,96.69,22.94707,-6.08482,-37.64453,8e-05,-0.60024
9145.89,SYN.BTC-29NOV19,1572519541667,open,0.07,168.3,0.042,0.0985,0.06985092,69.8,0.0735,0.0,BTC-29NOV19-9000-P,9088.37,67.67,0.0675,18.6,0.0725,9.6,72.19,10.09753,-12.20378,-3.60618,0.00022,-0.42855
9332.97,BTC-27MAR20,1572519541672,open,0.01,47.0,0.003,0.033,0.01326712,94.29,0.0125,0.0,BTC-27MAR20-28000-C,9088.37,91.95,0.0115,20.0,0.015,18.0,96.41,7.34654,-2.34221,1.87838,2e-05,0.06295
184.81,ETH-27MAR20,1572519541674,open,0.41,40.0,0.364,0.434,0.401371,84.43,0.459,0.0,ETH-27MAR20-120-C,180.17,64.24,0.375,9.0,0.422,9.0,98.34,0.2641,-0.07539,0.34208,0.00226,0.8582
9145.89,SYN.BTC-29NOV19,1572519541678,open,0.2,67.8,0.1715,0.219,0.1954647,71.47,0.195,0.0,BTC-29NOV19-7500-C,9088.37,62.03,0.19,22.3,0.201,7.0,79.95,5.6818,-7.03197,4.81963,0.00012,0.86157
184.81,ETH-27MAR20,1572519541680,open,2.01,0.0,1.948,2.159,2.04929,101.97,None,0.0,ETH-27MAR20-560-P,180.17,0.0,1.985,1.0,2.106,1.0,140.86,0.1802,-0.06213,-2.22103,0.00128,-0.91675
9200.88,BTC-27DEC19,1572519541681,open,0.01,1129.7,0.0005,0.021,0.00948517,78.44,0.009,0.0,BTC-27DEC19-6000-P,9088.37,77.43,0.009,16.0,0.011,46.7,81.46,4.45645,-3.07296,-1.02937,4e-05,-0.06231
9145.89,SYN.BTC-29NOV19,1572519541683,open,0.2,67.8,0.1715,0.219,0.1954647,71.47,0.195,0.0,BTC-29NOV19-7500-C,9088.37,62.03,0.19,22.3,0.201,14.3,79.95,5.6818,-7.03197,4.81963,0.00012,0.86157
9200.82,BTC-27DEC19,1572519541769,open,0.22,299.6,0.192,0.2505,0.2221561,73.84,0.255,0.0,BTC-27DEC19-7500-C,9088.37,47.92,0.197,10.0,0.227,10.0,78.19,10.1226,-6.57109,8.30589,0.0001,0.80149
9145.89,SYN.BTC-29NOV19,1572519541787,open,0.05,343.1,0.0225,0.07,0.04528926,69.8,0.0475,0.0,BTC-29NOV19-8500-P,9088.37,68.01,0.0435,23.8,0.0475,24.7,71.99,9.18413,-11.09973,-2.63394,0.0002,-0.31874
9145.89,SYN.BTC-29NOV19,1572519541784,open,0.1,98.4,0.0695,0.133,0.10158391,70.73,0.099,0.0,BTC-29NOV19-9500-P,9088.37,67.96,0.0985,9.6,0.104,18.5,72.89,10.21971,-12.51602,-4.61647,0.00022,-0.53645
9090.5,SYN.BTC-1NOV19,1572519541799,open,0.01,245.7,0.0005,0.0275,0.00871019,67.34,0.0105,0.0,BTC-1NOV19-9000-P,9088.37,58.05,0.007,25.4,0.01,1.4,74.25,1.68777,-56.82418,-0.08359,0.00126,-0.37454
9145.89,SYN.BTC-29NOV19,1572519541799,open,0.05,343.1,0.0225,0.07,0.04528926,69.8,0.0475,0.0,BTC-29NOV19-8500-P,9088.37,68.01,0.0435,31.8,0.0475,24.7,71.99,9.18413,-11.09973,-2.63394,0.0002,-0.31874
9145.89,SYN.BTC-29NOV19,1572519541823,open,0.14,60.1,0.1055,0.1735,0.13972697,72.55,0.1425,0.0,BTC-29NOV19-10000-P,9088.37,68.54,0.1355,17.8,0.1415,9.6,74.21,9.70091,-12.18634,-5.57934,0.0002,-0.63138
9332.97,BTC-27MAR20,1572519541848,open,0.39,52.6,0.3375,0.452,0.39539384,78.42,0.355,0.0,BTC-27MAR20-12000-P,9088.37,75.01,0.387,5.0,0.441,4.0,96.69,22.94707,-6.08482,-37.64453,8e-05,-0.60024
180.18,SYN.ETH-1NOV19,1572519541849,open,0.12,613.0,0.085,0.138,0.112258,91.1,0.076,0.0,ETH-1NOV19-160-C,180.17,0.0,0.097,1.0,0.129,1.0,304.62,0.00096,-0.04366,0.00382,0.00135,0.99637
9104.35,SYN.BTC-8NOV19,1572519541863,open,0.01,152.8,0.0005,0.022,0.00771286,72.98,0.007,0.0,BTC-8NOV19-10250-C,9088.37,69.27,0.0065,23.9,0.008,20.0,73.83,3.0679,-14.21472,0.27245,0.00024,0.1464
9200.88,BTC-27DEC19,1572519541872,open,0.1,799.6,0.068,0.1375,0.10299128,73.16,0.102,0.0,BTC-27DEC19-9000-P,9088.37,71.88,0.101,11.0,0.1055,6.9,74.8,14.14056,-9.09463,-7.39202,0.00015,-0.41261
9145.46,SYN.BTC-29NOV19,1572519541873,open,0.2,67.8,0.1715,0.219,0.1954647,71.53,0.195,0.0,BTC-29NOV19-7500-C,9088.37,62.09,0.19,22.3,0.2,7.0,78.52,5.68742,-7.04466,4.81784,0.00012,0.86136
9104.35,SYN.BTC-8NOV19,1572519541874,open,0.02,171.0,0.005,0.0415,0.02129616,65.46,0.026,0.0,BTC-8NOV19-8750-P,9088.37,61.08,0.019,27.0,0.022,16.0,66.79,4.79762,-19.93936,-0.67524,0.00041,-0.32243
9414.87,SYN.BTC-26JUN20,1572519541885,open,0.28,91.1,0.2215,0.3365,0.28028409,75.71,0.268,0.0,BTC-26JUN20-10000-P,9088.37,73.09,0.272,6.0,0.287,6.0,77.84,29.73646,-4.71219,-43.0069,7e-05,-0.4177
9200.82,BTC-27DEC19,1572519541891,open,0.01,388.4,0.0005,0.0155,0.00592227,82.06,0.006,0.0,BTC-27DEC19-5500-P,9088.37,79.22,0.005,74.2,0.007,25.4,85.08,3.13086,-2.25848,-0.65863,3e-05,-0.04002
180.18,SYN.ETH-1NOV19,1572519541965,open,0.05,422.0,0.024,0.09,0.056592,87.87,0.046,0.0,ETH-1NOV19-190-P,180.17,0.0,0.052,250.0,0.059,40.0,108.13,0.01691,-0.74298,-0.00408,0.02471,-0.88707
180.44,SYN.ETH-8NOV19,1572519541967,open,0.04,190.0,0.014,0.069,0.039854,70.4,0.035,0.0,ETH-8NOV19-180-P,180.17,65.33,0.037,120.0,0.041,250.0,72.17,0.10544,-0.47129,-0.01985,0.02132,-0.46988
180.44,SYN.ETH-8NOV19,1572519541972,open,0.0,247.0,0.001,0.011,0.001641,99.59,0.002,0.0,ETH-8NOV19-240-C,180.17,92.31,0.001,268.0,0.002,450.0,103.0,0.01818,-0.11497,0.00112,0.0026,0.0303
184.81,ETH-27MAR20,1572519541978,open,0.02,2444.0,0.006,0.045,0.021928,99.45,0.031,0.0,ETH-27MAR20-520-C,180.17,99.52,0.022,240.0,0.024,240.0,101.35,0.19694,-0.06622,0.05381,0.00143,0.09378
9200.82,BTC-27DEC19,1572519541984,open,0.68,10.0,0.6645,0.684,0.67418546,105.0,0.618,0.0,BTC-27DEC19-3000-C,9086.28,0.0,0.6665,14.0,0.6795,14.0,161.51,0.20938,-0.19328,4.6454,0.0,0.9982
9200.82,BTC-27DEC19,1572519541984,open,0.73,0.0,0.7185,0.738,0.728347,107.14,None,0.0,BTC-27DEC19-2500-C,9086.28,0.0,0.7205,16.0,0.733,16.0,180.63,0.06416,-0.06043,3.88759,0.0,0.9995
9332.55,BTC-27MAR20,1572519541984,open,0.58,1.3,0.565,0.5925,0.577908,80.05,0.493,0.0,BTC-27MAR20-4000-C,9086.28,0.0,0.5665,10.0,0.5845,10.0,93.44,3.76914,-1.02014,14.91632,1e-05,0.97242
9200.82,BTC-27DEC19,1572519541984,open,0.62,4.3,0.6105,0.63,0.62037461,103.99,0.5625,0.0,BTC-27DEC19-3500-C,9086.28,0.0,0.612,13.0,0.625,13.0,140.15,0.54717,-0.5002,5.36765,0.0,0.99476
9198.73,BTC-27DEC19,1572519541986,open,3.77,0.0,3.689,3.8795,3.78216807,0.0,3.46,0.0,BTC-27DEC19-44000-P,9086.28,0.0,0.001,1.0,0.0,0.0,0.0,0.0,0.0,-68.56248,0.0,-1.0
9198.73,BTC-27DEC19,1572519541987,open,0.51,21.6,0.5015,0.527,0.51364764,95.19,0.5285,0.0,BTC-27DEC19-4500-C,9086.28,0.0,0.503,12.0,0.5185,12.0,115.06,1.62883,-1.36309,6.70924,1e-05,0.98172
9198.73,BTC-27DEC19,1572519541986,open,3.34,0.0,3.2625,3.436,3.34745158,0.0,2.58,0.0,BTC-27DEC19-40000-P,9086.28,0.0,0.001,1.0,0.0,0.0,0.0,0.0,0.0,-62.32953,0.0,-1.0
9198.73,BTC-27DEC19,1572519541986,open,0.36,102.4,0.3385,0.3775,0.35736985,78.71,0.4,0.0,BTC-27DEC19-6000-C,9086.28,0.0,0.3395,10.0,0.369,10.0,98.41,4.49013,-3.10711,8.30919,4e-05,0.93706
9198.73,BTC-27DEC19,1572519541986,open,2.47,0.3,2.41,2.5505,2.47821087,0.0,1.875,0.0,BTC-27DEC19-32000-P,9086.28,0.0,0.0005,0.1,0.0,0.0,0.0,0.0,0.0,-49.86362,0.0,-1.0
9198.73,BTC-27DEC19,1572519541987,open,1.17,3.6,1.132,1.228,1.177427,92.61,1.729,0.0,BTC-27DEC19-20000-P,9086.28,0.0,0.0005,0.1,0.0,0.0,0.0,2.1988,-1.79009,-30.83699,2e-05,-0.97392
9330.46,BTC-27MAR20,1572519541987,open,2.85,0.0,2.7835,2.955,2.86462303,97.84,None,0.0,BTC-27MAR20-36000-P,9086.28,0.0,0.0,0.0,0.0,0.0,0.0,4.22638,-1.39816,-144.89066,1e-05,-0.96833
9198.73,BTC-27DEC19,1572519541987,open,2.04,0.1,1.984,2.1085,2.04396626,84.91,1.49,0.0,BTC-27DEC19-28000-P,9086.28,0.0,0.0,0.0,0.0,0.0,0.0,0.10032,-0.07488,-43.62008,0.0,-0.99919
9198.73,BTC-27DEC19,1572519541987,open,0.57,30.9,0.557,0.578,0.56671705,99.5,0.5735,0.0,BTC-27DEC19-4000-C,9086.28,0.0,0.558,12.0,0.5715,12.0,126.42,0.98984,-0.86582,6.06351,1e-05,0.98974
9198.73,BTC-27DEC19,1572519541987,open,0.84,10.1,0.827,0.8465,0.83697232,142.84,0.8205,0.0,BTC-27DEC19-1500-C,9086.28,0.0,0.829,19.0,0.842,19.0,253.35,0.03186,-0.04001,2.33345,0.0,0.99977
9198.73,BTC-27DEC19,1572519541987,open,2.25,0.2,2.197,2.329,2.2610276,0.0,2.03,0.0,BTC-27DEC19-30000-P,9086.28,0.0,0.0,0.0,0.0,0.0,0.0,0.0,0.0,-46.74715,0.0,-1.0
9198.73,BTC-27DEC19,1572519541988,open,4.2,0.0,4.115,4.3235,4.21689937,0.0,None,0.0,BTC-27DEC19-48000-P,9086.28,0.0,0.0005,1.0,0.0,0.0,0.0,0.0,0.0,-74.79543,0.0,-1.0
9198.73,BTC-27DEC19,1572519541988,open,2.9,1.3,2.8365,2.9925,2.91277503,0.0,2.2,0.0,BTC-27DEC19-36000-P,9086.28,0.0,0.0005,0.1,0.0,0.0,0.0,0.0,0.0,-56.09658,0.0,-1.0
9330.46,BTC-27MAR20,1572519541988,open,1.58,0.0,1.527,1.661,1.59019081,89.54,None,0.0,BTC-27MAR20-24000-P,9086.28,0.0,0.0015,1.0,0.0,0.0,0.0,9.23576,-2.79629,-94.70215,3e-05,-0.91507
9330.46,BTC-27MAR20,1572519541988,open,2.01,0.0,1.945,2.0905,2.01338391,93.26,None,0.0,BTC-27MAR20-28000-P,9086.28,0.0,0.0,0.0,0.0,0.0,0.0,7.07808,-2.23195,-111.64038,2e-05,-0.93996
9198.73,BTC-27DEC19,1572519541989,open,1.82,0.0,1.771,1.888,1.82709612,96.63,None,0.0,BTC-27DEC19-26000-P,9086.28,0.0,0.0,0.0,0.0,0.0,0.0,0.58552,-0.4974,-40.44205,0.0,-0.99435
9330.46,BTC-27MAR20,1572519541989,open,1.79,0.0,1.736,1.876,1.80163983,91.73,None,0.0,BTC-27MAR20-26000-P,9086.28,0.0,0.0015,1.0,0.0,0.0,0.0,8.12212,-2.51917,-103.19545,3e-05,-0.9283
9330.46,BTC-27MAR20,1572519541989,open,1.37,6.0,1.3195,1.449,1.38042768,87.79,1.5845,0.0,BTC-27MAR20-22000-P,9086.28,0.0,0.0,0.0,0.0,0.0,0.0,10.7718,-3.19758,-86.02798,3e-05,-0.89537
9330.46,BTC-27MAR20,1572519541990,open,2.22,0.0,2.1545,2.306,2.22565728,94.59,None,0.0,BTC-27MAR20-30000-P,9086.28,0.0,0.0,0.0,0.0,0.0,0.0,6.18659,-1.97867,-120.02021,2e-05,-0.94937
186.4,SYN.ETH-26JUN20,1572519541984,open,0.1,186.0,0.05,0.143,0.096886,89.99,0.117,0.0,ETH-26JUN20-360-C,180.17,88.61,0.093,250.0,0.102,289.0,91.83,0.51995,-0.09794,0.24121,0.00254,0.29457
184.79,ETH-27MAR20,1572519542003,open,0.15,0.0,0.099,0.194,0.149652,84.87,None,0.0,ETH-27MAR20-220-C,180.17,83.82,0.147,250.0,0.154,571.0,86.58,0.46858,-0.13447,0.24654,0.00399,0.47896
184.81,ETH-27MAR20,1572519542010,open,0.41,40.0,0.364,0.434,0.401371,84.43,0.459,0.0,ETH-27MAR20-120-C,180.17,65.96,0.377,9.0,0.422,9.0,98.34,0.2641,-0.07539,0.34208,0.00226,0.8582
9332.55,BTC-27MAR20,1572519542016,open,0.07,344.0,0.0375,0.113,0.07382939,79.91,0.078,0.0,BTC-27MAR20-14000-C,9086.28,78.39,0.0705,34.6,0.076,11.0,80.9,20.45012,-5.52578,8.30866,7e-05,0.29358
9198.73,BTC-27DEC19,1572519542045,open,1.6,0.0,1.5575,1.6665,1.6098843,93.07,None,0.0,BTC-27DEC19-24000-P,9086.28,0.0,0.0,0.0,0.0,0.0,0.0,0.76239,-0.62375,-37.3004,1e-05,-0.99238
182.3,ETH-27DEC19,1572519542050,open,3.11,0.0,3.047,3.298,3.169068,110.0,None,0.0,ETH-27DEC19-760-P,180.15,0.0,0.0,0.0,0.0,0.0,0.0,0.00257,-0.00249,-1.18399,5e-05,-0.99893
182.3,ETH-27DEC19,1572519542050,open,0.54,311.0,0.502,0.618,0.55888,88.8,0.71,0.0,ETH-27DEC19-280-P,180.15,0.0,0.001,8.0,0.0,0.0,0.0,0.16562,-0.1293,-0.40104,0.0036,-0.85289
186.4,SYN.ETH-26JUN20,1572519542050,open,1.2,0.0,1.129,1.325,1.226606,91.23,None,0.0,ETH-26JUN20-400-P,180.15,0.0,0.0,0.0,0.0,0.0,0.0,0.48209,-0.09206,-2.40781,0.00232,-0.74714
182.28,ETH-27DEC19,1572519542052,open,2.68,0.0,2.622,2.847,2.730396,0.0,None,0.0,ETH-27DEC19-680-P,180.15,0.0,0.002,10.0,0.0,0.0,0.0,0.0,0.0,-1.0596,0.0,-1.0
181.25,SYN.ETH-29NOV19,1572519542050,open,0.35,0.0,0.319,0.364,0.341732,87.2,None,0.0,ETH-29NOV19-120-C,180.15,0.0,0.328,1.0,0.357,1.0,129.91,0.03995,-0.06032,0.08928,0.00176,0.96439
9330.46,BTC-27MAR20,1572519542055,open,0.96,0.0,0.9085,1.0315,0.96737962,83.94,1.23,0.0,BTC-27MAR20-18000-P,9086.28,0.0,0.0,0.0,0.0,0.0,0.0,14.9065,-4.23085,-68.0244,5e-05,-0.83214
180.2,SYN.ETH-1NOV19,1572519542050,open,0.0,156.0,0.001,0.011,3.8e-05,109.93,0.001,0.0,ETH-1NOV19-210-C,180.15,0.0,0.0,0.0,0.002,500.0,188.14,0.00067,-0.00692,1e-05,0.00078,0.00244
181.25,SYN.ETH-29NOV19,1572519542050,open,0.64,0.0,0.608,0.716,0.660127,99.04,None,0.0,ETH-29NOV19-300-P,180.15,0.0,0.0,0.0,0.0,0.0,0.0,0.05047,-0.08656,-0.23123,0.00196,-0.95249
180.46,SYN.ETH-8NOV19,1572519542052,open,0.01,189.0,0.001,0.019,0.005926,80.13,0.007,0.0,ETH-8NOV19-210-C,180.15,76.64,0.005,450.0,0.007,100.0,83.89,0.0497,-0.25285,0.00404,0.00883,0.10956
186.4,SYN.ETH-26JUN20,1572519542052,open,2.01,0.0,1.938,2.173,2.052082,97.4,None,0.0,ETH-26JUN20-560-P,180.15,58.54,2.007,1.0,2.098,1.0,117.57,0.36415,-0.07424,-3.53034,0.00164,-0.84183
181.25,SYN.ETH-29NOV19,1572519542052,open,0.53,0.0,0.502,0.605,0.551878,94.67,None,0.0,ETH-29NOV19-280-P,180.15,0.0,0.0,0.0,0.0,0.0,0.0,0.06602,-0.10822,-0.21295,0.00268,-0.93321
180.2,SYN.ETH-1NOV19,1572519542052,open,0.21,0.0,0.186,0.26,0.220984,158.39,None,0.0,ETH-1NOV19-220-P,180.15,0.0,0.0,0.0,0.0,0.0,0.0,0.00142,-0.11268,-0.00525,0.00115,-0.99435
186.4,SYN.ETH-26JUN20,1572519542053,open,1.81,0.0,1.733,1.958,1.842581,95.68,None,0.0,ETH-26JUN20-520-P,180.15,0.0,0.0,0.0,0.0,0.0,0.0,0.38731,-0.07756,-3.25544,0.00178,-0.82599
184.77,ETH-27MAR20,1572519542065,open,0.77,7.0,0.719,0.874,0.796736,89.34,0.945,0.0,ETH-27MAR20-320-P,180.15,0.0,0.0,0.0,0.82,1.0,100.37,0.37196,-0.11236,-1.15951,0.00301,-0.75222
180.46,SYN.ETH-8NOV19,1572519542067,open,0.07,294.0,0.04,0.109,0.074302,71.2,0.065,0.0,ETH-8NOV19-190-P,180.15,64.92,0.071,250.0,0.076,250.0,74.37,0.096,-0.43391,-0.02898,0.01919,-0.67004
184.77,ETH-27MAR20,1572519542073,open,0.59,158.0,0.531,0.678,0.605725,88.3,0.62,0.0,ETH-27MAR20-280-P,180.15,78.98,0.585,42.0,0.622,1.0,95.3,0.42236,-0.1261,-0.96001,0.00346,-0.67672
9330.46,BTC-27MAR20,1572519542083,open,1.17,5.2,1.113,1.24,1.17334465,86.55,1.108,0.0,BTC-27MAR20-20000-P,9086.28,0.0,0.0,0.0,0.0,0.0,0.0,12.81694,-3.75093,-77.09672,4e-05,-0.86618
9090.1,SYN.BTC-1NOV19,1572519542109,open,0.02,214.1,0.003,0.047,0.02423449,69.39,0.03,0.0,BTC-1NOV19-9250-P,9086.28,56.05,0.022,12.0,0.025,0.4,73.79,1.57063,-54.49303,-0.15578,0.00114,-0.69007
9103.94,SYN.BTC-8NOV19,1572519542096,open,0.05,81.0,0.0225,0.073,0.04753438,66.03,0.042,0.0,BTC-8NOV19-9250-P,9086.28,59.95,0.044,20.2,0.0485,21.3,67.69,5.29951,-22.21541,-1.16596,0.00045,-0.54602
9145.46,SYN.BTC-29NOV19,1572519542124,open,0.1,98.4,0.0695,0.133,0.10158391,70.7,0.099,0.0,BTC-29NOV19-9500-P,9086.28,68.38,0.099,9.6,0.104,18.5,72.86,10.21889,-12.50954,-4.61727,0.00022,-0.53659
9332.55,BTC-27MAR20,1572519542133,open,0.01,614.0,0.0005,0.0185,0.00581665,102.56,0.006,0.0,BTC-27MAR20-40000-C,9086.28,99.12,0.0045,25.0,0.007,38.9,105.24,3.87559,-1.34399,0.85843,1e-05,0.02852
9103.94,SYN.BTC-8NOV19,1572519542144,open,0.07,49.8,0.0385,0.093,0.06591288,67.67,0.067,0.0,BTC-8NOV19-9500-P,9086.28,61.36,0.0625,8.2,0.0665,12.0,68.75,4.96592,-21.33549,-1.40148,0.00041,-0.64754
9090.1,SYN.BTC-1NOV19,1572519542147,open,0.1,84.8,0.079,0.1255,0.10064115,101.34,0.097,0.0,BTC-1NOV19-10000-P,9086.28,0.0,0.098,0.1,0.1015,0.1,120.83,0.29376,-14.8844,-0.23373,0.00015,-0.97109
9103.94,SYN.BTC-8NOV19,1572519542146,open,0.06,79.6,0.035,0.084,0.06021706,65.51,0.064,0.0,BTC-8NOV19-8750-C,9086.28,62.24,0.0585,12.0,0.0625,9.2,69.82,4.79904,-19.9602,1.21219,0.00041,0.6773
184.77,ETH-27MAR20,1572519542195,open,2.01,0.0,1.949,2.159,2.04929,100.97,None,0.0,ETH-27MAR20-560-P,180.15,0.0,1.987,1.0,2.106,1.0,140.53,0.17509,-0.05978,-2.22262,0.00125,-0.91985
184.77,ETH-27MAR20,1572519542207,open,0.58,19.0,0.559,0.599,0.579542,91.43,0.542,0.0,ETH-27MAR20-80-C,180.15,0.0,0.566,1.0,0.591,1.0,108.61,0.10518,-0.03252,0.2834,0.00083,0.95813
180.2,SYN.ETH-1NOV19,1572519542209,open,0.12,613.0,0.085,0.138,0.112258,102.91,0.076,0.0,ETH-1NOV19-160-C,180.15,0.0,0.097,1.0,0.128,1.0,296.51,0.00205,-0.10563,0.0038,0.00256,0.99144
9090.1,SYN.BTC-1NOV19,1572519542266,open,0.04,239.0,0.018,0.061,0.03988857,72.1,0.039,0.0,BTC-1NOV19-8750-C,9086.28,68.35,0.0395,4.1,0.0425,0.1,93.42,0.97274,-35.06781,0.17968,0.00068,0.86377
9090.1,SYN.BTC-1NOV19,1572519542268,open,0.01,245.7,0.0005,0.0275,0.00871019,67.24,0.0105,0.0,BTC-1NOV19-9000-P,9086.28,57.96,0.007,25.4,0.0095,0.4,71.48,1.68818,-56.75371,-0.08366,0.00127,-0.37489
9330.46,BTC-27MAR20,1572519542315,open,2.43,0.0,2.364,2.5215,2.43803613,95.24,None,0.0,BTC-27MAR20-32000-P,9086.28,0.0,0.001,1.0,0.0,0.0,0.0,5.30546,-1.70847,-128.38161,2e-05,-0.95818
9414.41,SYN.BTC-26JUN20,1572519542308,open,0.16,92.7,0.108,0.2005,0.1549104,75.7,0.146,0.0,BTC-26JUN20-8000-P,9086.28,72.81,0.147,8.0,0.159,14.0,77.19,25.79799,-4.08768,-27.02088,6e-05,-0.28365
9414.41,SYN.BTC-26JUN20,1572519542304,open,0.13,84.0,0.075,0.1735,0.12447331,79.29,0.135,0.0,BTC-26JUN20-14000-C,9086.28,77.51,0.119,13.1,0.13,19.0,81.08,29.06521,-4.8239,15.92204,6e-05,0.38289
9198.33,BTC-27DEC19,1572519542328,open,0.74,19.0,0.708,0.7945,0.74869813,85.4,1.2,0.0,BTC-27DEC19-16000-P,9086.28,0.0,0.42,0.2,0.0,0.0,0.0,4.89132,-3.67214,-24.0568,4e-05,-0.9297
9103.94,SYN.BTC-8NOV19,1572519542330,open,0.01,334.9,0.001,0.027,0.01098392,71.04,0.009,0.0,BTC-8NOV19-10000-C,9086.28,68.61,0.01,6.9,0.0105,1.0,69.85,3.72571,-16.80424,0.36813,0.00029,0.19839
9103.94,SYN.BTC-8NOV19,1572519542338,open,0.0,158.9,0.0005,0.011,0.0010822,96.54,0.001,0.0,BTC-8NOV19-12250-C,9086.28,86.84,0.0005,11.1,0.001,20.0,95.43,0.69046,-4.23173,0.04026,4e-05,0.02158
9198.33,BTC-27DEC19,1572519542362,open,1.39,4.9,1.3445,1.447,1.39335605,92.84,1.0385,0.0,BTC-27DEC19-22000-P,9086.28,0.0,0.0,0.0,0.0,0.0,0.0,1.29884,-1.06006,-34.10321,1e-05,-0.98596
9103.94,SYN.BTC-8NOV19,1572519542370,open,0.01,609.6,0.0005,0.021,0.00757735,66.37,0.008,0.0,BTC-8NOV19-8250-P,9086.28,64.62,0.007,20.0,0.009,26.1,70.5,3.04522,-12.83189,-0.29933,0.00026,-0.1448
9414.41,SYN.BTC-26JUN20,1572519542472,open,0.21,111.4,0.16,0.2655,0.2138539,75.7,0.205,0.0,BTC-26JUN20-9000-P,9086.28,72.92,0.2055,5.8,0.2195,6.0,77.58,28.27064,-4.47939,-34.86905,6e-05,-0.35208
9414.41,SYN.BTC-26JUN20,1572519542474,open,0.21,111.4,0.16,0.2655,0.2138539,75.7,0.205,0.0,BTC-26JUN20-9000-P,9086.28,72.92,0.2055,5.8,0.2195,15.3,77.58,28.27064,-4.47939,-34.86905,6e-05,-0.35208
9414.41,SYN.BTC-26JUN20,1572519542484,open,0.21,111.4,0.16,0.2655,0.2138539,75.7,0.205,0.0,BTC-26JUN20-9000-P,9086.28,72.92,0.2055,5.8,0.219,3.0,77.41,28.27064,-4.47939,-34.86905,6e-05,-0.35208
9090.1,SYN.BTC-1NOV19,1572519542496,open,0.01,245.7,0.0005,0.0275,0.00871019,67.24,0.0105,0.0,BTC-1NOV19-9000-P,9086.28,57.96,0.007,25.4,0.01,1.4,74.15,1.68818,-56.75371,-0.08366,0.00127,-0.37489
9330.46,BTC-27MAR20,1572519542506,open,0.21,10.1,0.1605,0.2485,0.20653649,76.24,0.2245,0.0,BTC-27MAR20-9000-C,9086.28,74.57,0.2025,10.9,0.211,5.8,78.09,22.5321,-5.80844,15.79418,8e-05,0.62436
182.3,ETH-27DEC19,1572519542516,open,0.11,4933.0,0.075,0.155,0.115769,78.26,0.12,0.0,ETH-27DEC19-180-P,180.15,75.82,0.112,247.0,0.12,250.0,81.0,0.28165,-0.19376,-0.1529,0.00695,-0.42248
9090.1,SYN.BTC-1NOV19,1572519542524,open,0.07,440.1,0.046,0.0865,0.06582066,85.64,0.057,0.0,BTC-1NOV19-8500-C,9086.28,88.22,0.066,0.1,0.0685,0.1,119.97,0.47746,-20.44596,0.19227,0.00028,0.94749
9090.1,SYN.BTC-1NOV19,1572519542526,open,0.04,239.0,0.018,0.061,0.03985226,72.1,0.039,0.0,BTC-1NOV19-8750-C,9086.28,68.35,0.0395,4.1,0.043,0.1,97.06,0.97274,-35.06781,0.17968,0.00068,0.86377
9090.1,SYN.BTC-1NOV19,1572519542528,open,0.07,102.6,0.052,0.0975,0.07350188,85.81,0.089,0.0,BTC-1NOV19-9750-P,9086.28,0.0,0.071,0.1,0.074,0.1,95.19,0.45811,-19.65559,-0.22323,0.00027,-0.95015
184.77,ETH-27MAR20,1572519542533,open,0.18,1699.0,0.14,0.246,0.194986,83.8,0.18,0.0,ETH-27MAR20-180-P,180.15,83.01,0.193,250.0,0.203,534.0,87.15,0.44637,-0.12648,-0.42745,0.00385,-0.3761
9103.94,SYN.BTC-8NOV19,1572519542554,open,0.05,89.2,0.02,0.067,0.04399267,65.3,0.04,0.0,BTC-8NOV19-9000-C,9086.28,62.68,0.0425,12.0,0.0455,7.4,67.87,5.26057,-21.8096,1.02651,0.00045,0.56658
181.25,SYN.ETH-29NOV19,1572519542608,open,0.35,0.0,0.319,0.364,0.341801,87.2,None,0.0,ETH-29NOV19-120-C,180.15,0.0,0.327,1.0,0.357,1.0,129.91,0.03995,-0.06032,0.08928,0.00176,0.96439
184.77,ETH-27MAR20,1572519542610,open,2.22,0.0,2.159,2.381,2.26503,103.83,None,0.0,ETH-27MAR20-600-P,180.15,0.0,2.196,1.0,2.323,1.0,145.92,0.16358,-0.05743,-2.38873,0.00114,-0.9267
9103.94,SYN.BTC-8NOV19,1572519542620,open,0.0,138.4,0.0005,0.013,0.00307211,80.82,0.004,0.0,BTC-8NOV19-11000-C,9086.28,77.46,0.0025,7.8,0.003,20.0,80.4,1.6443,-8.43672,0.1167,0.00011,0.06248
9330.17,BTC-27MAR20,1572519542621,open,2.64,0.0,2.574,2.7385,2.65151625,96.94,None,0.0,BTC-27MAR20-34000-P,9086.28,0.0,0.0,0.0,0.0,0.0,0.0,4.7979,-1.57266,-136.6309,1e-05,-0.96304
9103.94,SYN.BTC-8NOV19,1572519542646,open,0.03,291.8,0.0115,0.056,0.03257551,65.23,0.0345,0.0,BTC-8NOV19-9000-P,9086.28,60.8,0.03,8.9,0.0335,21.2,66.86,5.2605,-21.78367,-0.91529,0.00045,-0.43339
9145.46,SYN.BTC-29NOV19,1572519542640,open,0.02,170.4,0.0055,0.037,0.01846571,77.61,0.0175,0.0,BTC-29NOV19-11500-C,9086.28,75.54,0.017,36.8,0.0195,12.8,79.02,6.59523,-8.86301,1.12182,0.00013,0.17352
9103.94,SYN.BTC-8NOV19,1572519542648,open,0.03,291.8,0.0115,0.056,0.03257551,65.23,0.0345,0.0,BTC-8NOV19-9000-P,9086.28,60.8,0.03,8.9,0.0335,12.0,66.86,5.2605,-21.78367,-0.91529,0.00045,-0.43339
9103.94,SYN.BTC-8NOV19,1572519542649,open,0.02,171.0,0.0055,0.0415,0.02131151,65.43,0.026,0.0,BTC-8NOV19-8750-P,9086.28,61.05,0.019,27.0,0.0225,25.7,67.71,4.79804,-19.93111,-0.67541,0.00041,-0.32253
9090.1,SYN.BTC-1NOV19,1572519542676,open,0.01,245.7,0.0005,0.0275,0.00872714,67.24,0.0105,0.0,BTC-1NOV19-9000-P,9086.28,57.96,0.007,25.4,0.0095,0.4,71.48,1.68818,-56.75371,-0.08366,0.00127,-0.37489
9330.17,BTC-27MAR20,1572519542677,open,3.28,1.0,3.2035,3.3895,3.29188865,99.75,2.7125,0.0,BTC-27MAR20-40000-P,9086.28,0.0,0.0005,2.0,0.0,0.0,0.0,3.36881,-1.13624,-161.32204,1e-05,-0.97587
9411.88,SYN.BTC-26JUN20,1572519542721,open,1.79,0.0,1.7235,1.8855,1.80027724,87.32,None,0.0,BTC-26JUN20-26000-P,9086.28,0.0,0.0,0.0,0.0,0.0,0.0,16.85599,-3.08072,-163.9316,3e-05,-0.86111
9103.94,SYN.BTC-8NOV19,1572519542751,open,0.01,821.0,0.002,0.03,0.01300956,65.55,0.0145,0.0,BTC-8NOV19-8500-P,9086.28,62.09,0.0115,29.0,0.014,16.0,67.82,3.99383,-16.62145,-0.46425,0.00034,-0.22333
9411.88,SYN.BTC-26JUN20,1572519542764,open,0.98,0.0,0.9175,1.064,0.98916922,81.86,None,0.0,BTC-26JUN20-18000-P,9086.28,0.0,0.09,1.0,1.35,1.0,198.5,24.62302,-4.21895,-106.60372,5e-05,-0.74151
180.2,SYN.ETH-1NOV19,1572519542768,open,0.05,422.0,0.024,0.09,0.056486,86.73,0.046,0.0,ETH-1NOV19-190-P,180.15,0.0,0.052,290.0,0.059,40.0,108.94,0.01663,-0.72114,-0.00409,0.02461,-0.8897
180.2,SYN.ETH-1NOV19,1572519542772,open,0.01,1023.0,0.001,0.041,0.014226,75.98,0.009,0.0,ETH-1NOV19-180-P,180.15,54.04,0.01,370.0,0.016,205.0,84.78,0.03517,-1.33609,-0.00214,0.05942,-0.48051
180.2,SYN.ETH-1NOV19,1572519542785,open,0.05,422.0,0.024,0.09,0.056486,86.73,0.046,0.0,ETH-1NOV19-190-P,180.15,0.0,0.052,290.0,0.06,40.0,116.83,0.01663,-0.72114,-0.00409,0.02461,-0.8897
180.2,SYN.ETH-1NOV19,1572519542790,open,0.07,707.0,0.028,0.088,0.059311,98.66,0.074,0.0,ETH-1NOV19-170-C,180.15,64.23,0.057,250.0,0.062,40.0,124.65,0.01652,-0.81504,0.00359,0.02149,0.89069
9101.8,SYN.BTC-8NOV19,1572519542806,open,0.11,36.2,0.0815,0.138,0.10940071,70.5,0.1045,0.0,BTC-8NOV19-10000-P,9086.28,58.74,0.105,5.0,0.1095,4.0,70.74,3.69423,-16.53355,-1.79443,0.00029,-0.8043
180.2,SYN.ETH-1NOV19,1572519542810,open,0.02,1276.0,0.001,0.041,0.015352,75.41,0.025,0.0,ETH-1NOV19-180-C,180.15,58.52,0.012,370.0,0.018,120.0,89.26,0.03517,-1.3261,0.00218,0.05987,0.51952
180.46,SYN.ETH-8NOV19,1572519542823,open,0.07,294.0,0.04,0.109,0.07422,71.2,0.065,0.0,ETH-8NOV19-190-P,180.15,64.92,0.071,370.0,0.076,250.0,74.37,0.096,-0.43391,-0.02898,0.01919,-0.67004
9145.46,SYN.BTC-29NOV19,1572519542808,open,0.14,60.1,0.1055,0.1735,0.13976341,72.51,0.1425,0.0,BTC-29NOV19-10000-P,9086.28,68.98,0.136,7.0,0.1415,9.6,74.18,9.69875,-12.17703,-5.58047,0.0002,-0.63158
180.2,SYN.ETH-1NOV19,1572519542836,open,0.1,0.0,0.078,0.146,0.110433,113.54,0.094,0.0,ETH-1NOV19-200-P,180.15,0.0,0.105,40.0,0.114,40.0,166.99,0.0064,-0.36347,-0.00466,0.00724,-0.96759
184.77,ETH-27MAR20,1572519542841,open,0.41,169.0,0.355,0.491,0.42489,86.16,0.4,0.0,ETH-27MAR20-240-P,180.15,79.01,0.407,300.0,0.471,4.0,104.57,0.45965,-0.13391,-0.75229,0.00386,-0.58029
180.2,SYN.ETH-1NOV19,1572519542842,open,0.02,1276.0,0.001,0.041,0.015352,75.41,0.025,0.0,ETH-1NOV19-180-C,180.15,58.52,0.012,250.0,0.018,120.0,89.26,0.03517,-1.3261,0.00218,0.05987,0.51952
180.46,SYN.ETH-8NOV19,1572519542849,open,0.03,527.0,0.004,0.044,0.021384,70.98,0.027,0.0,ETH-8NOV19-190-C,180.15,70.32,0.021,160.0,0.024,250.0,75.92,0.09593,-0.43225,0.01199,0.01923,0.32935
180.46,SYN.ETH-8NOV19,1572519542860,open,0.09,20.0,0.044,0.104,0.075567,70.33,0.178,0.0,ETH-8NOV19-170-C,180.15,67.19,0.074,40.0,0.078,250.0,75.48,0.08672,-0.38721,0.02571,0.01755,0.73563
180.46,SYN.ETH-8NOV19,1572519542869,open,0.11,120.0,0.082,0.156,0.119132,75.09,0.083,0.0,ETH-8NOV19-200-P,180.15,63.63,0.115,40.0,0.122,40.0,81.78,0.07201,-0.34329,-0.03617,0.01365,-0.80967
180.2,SYN.ETH-1NOV19,1572519542876,open,0.1,0.0,0.078,0.146,0.110433,113.54,0.094,0.0,ETH-1NOV19-200-P,180.15,0.0,0.106,40.0,0.114,40.0,166.99,0.0064,-0.36347,-0.00466,0.00724,-0.96759
180.46,SYN.ETH-8NOV19,1572519542890,open,0.11,120.0,0.082,0.156,0.119132,75.09,0.083,0.0,ETH-8NOV19-200-P,180.15,63.63,0.115,40.0,0.123,40.0,84.09,0.07201,-0.34329,-0.03617,0.01365,-0.80967
180.46,SYN.ETH-8NOV19,1572519542901,open,0.05,415.0,0.015,0.069,0.042374,70.12,0.04,0.0,ETH-8NOV19-180-C,180.15,67.86,0.041,120.0,0.044,250.0,72.99,0.10545,-0.4694,0.01901,0.0214,0.53051
9198.33,BTC-27DEC19,1572519542991,open,4.64,0.8,4.5415,4.767,4.65167326,0.0,3.59,0.0,BTC-27DEC19-52000-P,9085.39,0.0,0.001,1.0,0.0,0.0,0.0,0.0,0.0,-81.02839,0.0,-1.0
9198.33,BTC-27DEC19,1572519542991,open,3.34,0.0,3.265,3.4385,3.34865668,105.0,2.58,0.0,BTC-27DEC19-40000-P,9085.39,0.0,0.001,1.0,0.0,0.0,0.0,0.05496,-0.05074,-62.32409,0.0,-0.99958
9330.17,BTC-27MAR20,1572519542991,open,0.48,1.0,0.461,0.502,0.48107977,77.03,0.551,0.0,BTC-27MAR20-5000-C,9085.39,48.9,0.466,9.0,0.494,9.0,91.27,7.49209,-1.95143,17.17414,3e-05,0.93542
9198.33,BTC-27DEC19,1572519542991,open,3.77,0.0,3.691,3.882,3.78328575,0.0,3.46,0.0,BTC-27DEC19-44000-P,9085.39,0.0,0.001,1.0,0.0,0.0,0.0,0.0,0.0,-68.56248,0.0,-1.0
9330.17,BTC-27MAR20,1572519542991,open,1.58,0.0,1.5285,1.6615,1.59097131,90.25,None,0.0,BTC-27MAR20-24000-P,9085.39,0.0,0.0015,1.0,0.0,0.0,0.0,9.42765,-2.87679,-94.63911,3e-05,-0.9127
9198.33,BTC-27DEC19,1572519542992,open,2.04,0.1,1.985,2.107,2.04467619,102.89,1.49,0.0,BTC-27DEC19-28000-P,9085.39,0.0,0.0,0.0,0.0,0.0,0.0,0.57867,-0.52341,-43.55997,0.0,-0.99442
9198.33,BTC-27DEC19,1572519542992,open,1.82,0.0,1.772,1.8875,1.82775447,103.23,None,0.0,BTC-27DEC19-26000-P,9085.39,0.0,0.0,0.0,0.0,0.0,0.0,0.92371,-0.83824,-40.39485,1e-05,-0.99052
9198.33,BTC-27DEC19,1572519542992,open,2.25,0.2,2.1985,2.3285,2.26178884,101.61,2.03,0.0,BTC-27DEC19-30000-P,9085.39,0.0,0.0,0.0,0.0,0.0,0.0,0.33309,-0.29753,-46.70871,0.0,-0.99699
9198.33,BTC-27DEC19,1572519542992,open,0.0,1544.5,0.0005,0.0105,3.08e-06,105.0,0.001,0.0,BTC-27DEC19-52000-C,9085.39,0.0,0.0,0.0,0.0005,12.0,146.12,0.00544,-0.00502,0.00047,0.0,4e-05
9198.33,BTC-27DEC19,1572519542992,open,0.96,9.4,0.9195,1.0095,0.96196719,88.63,1.1125,0.0,BTC-27DEC19-18000-P,9085.39,0.0,0.0,0.0,0.0,0.0,0.0,3.16625,-2.46707,-27.5395,3e-05,-0.95941
9198.33,BTC-27DEC19,1572519542992,open,1.39,4.9,1.346,1.4465,1.39411745,97.53,1.0385,0.0,BTC-27DEC19-22000-P,9085.39,0.0,0.0,0.0,0.0,0.0,0.0,1.69171,-1.45054,-34.04137,1e-05,-0.98089
9197.44,BTC-27DEC19,1572519542993,open,4.2,0.0,4.1175,4.3255,4.21811869,0.0,None,0.0,BTC-27DEC19-48000-P,9085.39,0.0,0.0005,1.0,0.0,0.0,0.0,0.0,0.0,-74.79543,0.0,-1.0
9329.28,BTC-27MAR20,1572519542993,open,0.96,0.0,0.909,1.032,0.96794033,84.15,1.23,0.0,BTC-27MAR20-18000-P,9085.39,0.0,0.0,0.0,0.0,0.0,0.0,14.95437,-4.25496,-68.00403,5e-05,-0.83127
9197.44,BTC-27DEC19,1572519542993,open,0.54,268.3,0.499,0.584,0.53970145,81.32,0.7205,0.0,BTC-27DEC19-14000-P,9085.39,0.0,0.0,0.0,0.0,0.0,0.0,7.49139,-5.35548,-20.26919,7e-05,-0.87458
9329.28,BTC-27MAR20,1572519542993,open,1.17,5.2,1.114,1.24,1.17389267,86.76,1.108,0.0,BTC-27MAR20-20000-P,9085.39,0.0,0.0,0.0,0.0,0.0,0.0,12.86936,-3.77544,-77.0766,4e-05,-0.86536
9197.44,BTC-27DEC19,1572519542993,open,0.0,593.4,0.0005,0.0105,0.00077774,104.86,0.001,0.0,BTC-27DEC19-28000-C,9085.39,0.0,0.0,0.0,0.0015,48.0,112.59,0.66445,-0.61249,0.08229,0.0,0.00652
9197.44,BTC-27DEC19,1572519542994,open,2.47,0.3,2.4115,2.5505,2.47902322,0.0,1.875,0.0,BTC-27DEC19-32000-P,9085.39,0.0,0.0005,0.1,0.0,0.0,0.0,0.0,0.0,-49.86362,0.0,-1.0
9197.44,BTC-27DEC19,1572519542994,open,1.6,0.0,1.559,1.6665,1.61060432,96.82,None,0.0,BTC-27DEC19-24000-P,9085.39,0.0,0.0,0.0,0.0,0.0,0.0,0.98525,-0.83855,-37.26836,1e-05,-0.98979
9197.44,BTC-27DEC19,1572519542994,open,0.44,99.0,0.398,0.483,0.43913858,79.93,0.638,0.0,BTC-27DEC19-13000-P,9085.39,0.0,0.0,0.0,0.0,0.0,0.0,9.32131,-6.55,-18.13323,9e-05,-0.82611
9197.44,BTC-27DEC19,1572519542994,open,0.01,765.9,0.0005,0.0165,0.00561117,90.11,0.0065,0.0,BTC-27DEC19-18000-C,9085.39,86.86,0.0045,66.0,0.006,0.3,91.15,3.35819,-2.66028,0.54523,3e-05,0.04365
9329.28,BTC-27MAR20,1572519542994,open,2.01,0.0,1.946,2.091,2.01417762,93.81,None,0.0,BTC-27MAR20-28000-P,9085.39,0.0,0.0,0.0,0.0,0.0,0.0,7.21394,-2.28818,-111.60004,2e-05,-0.93847
9329.28,BTC-27MAR20,1572519542995,open,1.79,0.0,1.737,1.876,1.80237343,92.17,None,0.0,BTC-27MAR20-26000-P,9085.39,0.0,0.0015,1.0,0.0,0.0,0.0,8.23596,-2.56682,-103.15999,3e-05,-0.92698
9197.44,BTC-27DEC19,1572519542995,open,0.0,878.3,0.0005,0.0135,0.00370186,94.57,0.004,0.0,BTC-27DEC19-20000-C,9085.39,91.71,0.003,7.0,0.004,24.7,95.68,2.4086,-2.00245,0.36398,2e-05,0.0291
9197.44,BTC-27DEC19,1572519542995,open,2.9,1.3,2.838,2.994,2.91368932,0.0,2.2,0.0,BTC-27DEC19-36000-P,9085.39,0.0,0.0005,0.1,0.0,0.0,0.0,0.0,0.0,-56.09658,0.0,-1.0
9197.44,BTC-27DEC19,1572519542996,open,0.0,599.8,0.0005,0.011,0.00127939,104.43,0.0025,0.0,BTC-27DEC19-26000-C,9085.39,94.62,0.0005,56.0,0.002,50.5,110.08,0.99425,-0.9128,0.12951,1e-05,0.01032
9197.44,BTC-27DEC19,1572519542996,open,0.46,66.8,0.4465,0.476,0.46046866,88.2,0.4085,0.0,BTC-27DEC19-5000-C,9085.39,0.0,0.449,11.0,0.4675,11.0,109.23,2.2724,-1.76191,7.34358,2e-05,0.97287
9411.88,SYN.BTC-26JUN20,1572519542991,open,1.38,0.0,1.3155,1.469,1.38922938,84.55,None,0.0,BTC-26JUN20-22000-P,9085.39,0.0,0.11,1.0,0.0,0.0,0.0,20.27063,-3.58724,-135.82083,4e-05,-0.81578
9329.28,BTC-27MAR20,1572519542998,open,2.22,0.0,2.1555,2.306,2.22651048,95.26,None,0.0,BTC-27MAR20-30000-P,9085.39,0.0,0.0,0.0,0.0,0.0,0.0,6.34548,-2.04392,-119.97496,2e-05,-0.94772
9329.28,BTC-27MAR20,1572519542998,open,1.37,6.0,1.32,1.449,1.3810393,88.07,1.5845,0.0,BTC-27MAR20-22000-P,9085.39,0.0,0.0,0.0,0.0,0.0,0.0,10.84539,-3.22967,-86.00214,3e-05,-0.89436
9329.28,BTC-27MAR20,1572519542998,open,2.85,0.0,2.785,2.955,2.86565302,99.01,None,0.0,BTC-27MAR20-36000-P,9085.39,0.0,0.0,0.0,0.0,0.0,0.0,4.45924,-1.49286,-144.83061,1e-05,-0.9662
9088.01,SYN.BTC-1NOV19,1572519542991,open,0.0,439.1,0.0005,0.0105,5e-08,104.9,0.0005,0.0,BTC-1NOV19-7250-P,9085.39,0.0,0.0,0.0,0.0005,0.1,212.93,0.0001,-0.00048,0.0,0.0,0.0
9411.88,SYN.BTC-26JUN20,1572519542994,open,2.0,0.0,1.929,2.0965,2.00807907,88.7,None,0.0,BTC-26JUN20-28000-P,9085.39,0.0,0.0,0.0,0.0,0.0,0.0,15.48864,-2.87553,-177.71694,3e-05,-0.8771
9329.28,BTC-27MAR20,1572519542999,open,2.43,0.0,2.3655,2.5215,2.43909403,96.32,None,0.0,BTC-27MAR20-32000-P,9085.39,0.0,0.001,1.0,0.0,0.0,0.0,5.54734,-1.80663,-128.31543,2e-05,-0.9558
9088.01,SYN.BTC-1NOV19,1572519542993,open,0.0,421.7,0.0005,0.0105,0.00010159,104.83,0.0005,0.0,BTC-1NOV19-8000-P,9085.39,0.0,0.0,0.0,0.0015,52.5,157.87,0.07626,-0.92326,-0.00134,4e-05,-0.00605
9411.88,SYN.BTC-26JUN20,1572519542994,open,1.59,0.0,1.5185,1.6765,1.59388672,85.96,None,0.0,BTC-26JUN20-24000-P,9085.39,0.0,0.0,0.0,0.0,0.0,0.0,18.45502,-3.32073,-149.97622,4e-05,-0.84093
9411.88,SYN.BTC-26JUN20,1572519542994,open,1.18,0.0,1.1155,1.266,1.18848794,83.69,None,0.0,BTC-26JUN20-20000-P,9085.39,0.0,0.1,1.0,2.0,1.0,422.84,22.49783,-3.94082,-121.30082,5e-05,-0.7808
9411.88,SYN.BTC-26JUN20,1572519542992,open,0.69,0.0,0.6765,0.6985,0.6868192,80.32,None,0.0,BTC-26JUN20-3000-C,9085.39,0.0,0.6805,10.0,0.6965,10.0,99.84,3.45893,-0.5815,18.1479,1e-05,0.98145
9101.8,SYN.BTC-8NOV19,1572519542991,open,0.02,119.7,0.0025,0.034,0.01553445,69.02,0.0155,0.0,BTC-8NOV19-9750-C,9085.39,65.8,0.014,23.9,0.017,23.2,72.04,4.37963,-19.19135,0.49003,0.00035,0.26505
9088.01,SYN.BTC-1NOV19,1572519543000,open,0.0,183.3,0.0005,0.015,0.00243779,71.46,0.0045,0.0,BTC-1NOV19-8750-P,9085.39,72.04,0.0025,16.7,0.004,16.4,84.8,0.96942,-22.15469,-0.0301,0.00068,-0.1356
9411.88,SYN.BTC-26JUN20,1572519542996,open,2.21,0.0,2.1355,2.3105,2.21821825,90.94,None,0.0,BTC-26JUN20-30000-P,9085.39,0.0,0.0,0.0,0.0,0.0,0.0,14.64628,-2.78792,-191.2363,3e-05,-0.88645
9411.88,SYN.BTC-26JUN20,1572519542991,open,2.42,0.0,2.3415,2.5205,2.42589484,91.06,None,0.0,BTC-26JUN20-32000-P,9085.39,0.0,0.0,0.0,0.0,0.0,0.0,13.16715,-2.50956,-204.98596,2e-05,-0.90199
9088.01,SYN.BTC-1NOV19,1572519542994,open,0.0,160.3,0.0005,0.0105,0.00090374,84.66,0.002,0.0,BTC-1NOV19-8500-P,9085.39,94.73,0.0015,0.5,0.0025,35.5,107.88,0.46754,-8.21322,-0.01135,0.00028,-0.05116
9411.88,SYN.BTC-26JUN20,1572519542999,open,0.36,1.5,0.3185,0.4,0.36107722,75.76,0.419,0.0,BTC-26JUN20-7000-C,9085.39,69.55,0.3465,11.0,0.382,11.0,84.55,22.24182,-3.52682,26.11795,5e-05,0.78509
9088.01,SYN.BTC-1NOV19,1572519542993,open,0.0,291.8,0.0005,0.0105,0.00059057,102.97,0.0005,0.0,BTC-1NOV19-10000-C,9085.39,0.0,0.0,0.0,0.001,23.4,113.18,0.30854,-5.36708,0.00656,0.00015,0.03068
9088.01,SYN.BTC-1NOV19,1572519542994,open,0.0,263.9,0.0005,0.0105,1.264e-05,104.86,0.001,0.0,BTC-1NOV19-7750-P,9085.39,0.0,0.0,0.0,0.001,20.5,175.79,0.01339,-0.11485,-0.0002,1e-05,-0.00088
9101.8,SYN.BTC-8NOV19,1572519543018,open,0.11,36.2,0.0815,0.138,0.10940071,70.5,0.1045,0.0,BTC-8NOV19-10000-P,9085.39,57.24,0.1045,9.0,0.1095,4.0,70.74,3.69423,-16.53355,-1.79443,0.00029,-0.8043
9143.17,SYN.BTC-29NOV19,1572519543021,open,0.14,60.1,0.1055,0.1735,0.13976341,72.36,0.1425,0.0,BTC-29NOV19-10000-P,9085.39,68.31,0.1355,24.8,0.1415,9.6,74.0,9.68868,-12.13952,-5.5857,0.0002,-0.63246
182.28,ETH-27DEC19,1572519543057,open,0.03,1651.0,0.007,0.044,0.022949,88.82,0.023,0.0,ETH-27DEC19-280-C,180.12,85.48,0.02,619.0,0.024,250.0,89.97,0.16559,-0.1293,0.03526,0.0036,0.1471
182.28,ETH-27DEC19,1572519543057,open,0.0,12670.0,0.001,0.011,0.000281,110.01,0.004,0.0,ETH-27DEC19-680-C,180.12,123.86,0.001,250.0,0.002,250.0,133.56,0.00547,-0.00529,0.00061,0.0001,0.00244
182.28,ETH-27DEC19,1572519543057,open,0.01,10187.0,0.001,0.018,0.006579,104.56,0.006,0.0,ETH-27DEC19-400-C,180.12,99.97,0.005,320.0,0.007,250.0,105.67,0.06794,-0.06245,0.01085,0.00125,0.04478
184.74,ETH-27MAR20,1572519543057,open,0.02,363.0,0.004,0.035,0.015322,105.85,0.021,0.0,ETH-27MAR20-640-C,180.12,104.19,0.014,250.0,0.017,240.0,107.85,0.15063,-0.05391,0.03783,0.00103,0.06586
182.25,ETH-27DEC19,1572519543057,open,0.44,946.0,0.402,0.513,0.457052,85.85,0.3,0.0,ETH-27DEC19-260-P,180.12,0.0,0.0,0.0,0.0,0.0,0.0,0.19503,-0.14719,-0.35992,0.00439,-0.81031
182.25,ETH-27DEC19,1572519543057,open,0.36,2.0,0.328,0.381,0.355316,84.97,0.346,0.0,ETH-27DEC19-120-C,180.12,0.0,0.101,1.0,0.0,0.0,0.0,0.10567,-0.07893,0.16072,0.0024,0.92127
182.25,ETH-27DEC19,1572519543057,open,0.0,6174.0,0.001,0.011,0.000179,110.02,0.002,0.0,ETH-27DEC19-720-C,180.12,128.35,0.001,250.0,0.002,550.0,138.28,0.00374,-0.00362,0.00041,7e-05,0.00161
184.74,ETH-27MAR20,1572519543057,open,0.02,886.0,0.005,0.041,0.019138,101.65,0.028,0.0,ETH-27MAR20-560-C,180.12,100.45,0.018,250.0,0.021,240.0,103.53,0.1784,-0.06132,0.04719,0.00127,0.08218
182.25,ETH-27DEC19,1572519543057,open,0.2,1374.0,0.148,0.222,0.187878,79.44,0.21,0.0,ETH-27DEC19-160-C,180.12,71.24,0.177,234.0,0.193,234.0,83.26,0.2437,-0.1702,0.15008,0.00593,0.71634
182.25,ETH-27DEC19,1572519543057,open,0.0,11024.0,0.001,0.011,0.001876,110.02,0.005,0.0,ETH-27DEC19-520-C,180.12,110.88,0.002,2550.0,0.004,550.0,121.39,0.0257,-0.02485,0.00345,0.00045,0.01401
182.25,ETH-27DEC19,1572519543057,open,0.0,17098.0,0.001,0.011,0.000709,110.01,0.004,0.0,ETH-27DEC19-600-C,180.12,113.96,0.001,2250.0,0.003,550.0,129.39,0.01179,-0.01141,0.00143,0.00021,0.00576
184.74,ETH-27MAR20,1572519543057,open,0.33,0.0,0.274,0.402,0.340251,84.8,None,0.0,ETH-27MAR20-220-P,180.12,69.24,0.301,4.0,0.357,300.0,91.4,0.46843,-0.13431,-0.64493,0.004,-0.52143
184.74,ETH-27MAR20,1572519543058,open,0.27,736.0,0.221,0.312,0.270211,83.86,0.28,0.0,ETH-27MAR20-160-C,180.12,79.22,0.26,555.0,0.274,300.0,85.58,0.40628,-0.1152,0.32475,0.0035,0.7041
182.25,ETH-27DEC19,1572519543058,open,0.01,1190.0,0.001,0.023,0.009313,99.79,0.01,0.0,ETH-27DEC19-360-C,180.12,94.65,0.007,870.0,0.01,250.0,101.17,0.08888,-0.07797,0.01521,0.00172,0.06286
182.25,ETH-27DEC19,1572519543057,open,3.11,0.0,3.048,3.298,3.169068,0.0,None,0.0,ETH-27DEC19-760-P,180.12,0.0,0.0,0.0,0.0,0.0,0.0,0.0,0.0,-1.18426,0.0,-1.0
180.18,SYN.ETH-1NOV19,1572519543057,open,0.26,0.0,0.24,0.316,0.27634,0.0,None,0.0,ETH-1NOV19-230-P,180.12,0.0,0.0,0.0,0.0,0.0,0.0,0.0,0.0,-0.00552,0.0,-1.0
182.25,ETH-27DEC19,1572519543058,open,0.0,9302.0,0.001,0.011,0.001147,110.02,0.004,0.0,ETH-27DEC19-560-C,180.12,108.41,0.001,2450.0,0.003,250.0,123.34,0.01741,-0.01684,0.00222,0.00031,0.00895
180.18,SYN.ETH-1NOV19,1572519543057,open,0.0,249.0,0.001,0.011,0.0,110.05,0.002,0.0,ETH-1NOV19-230-C,180.12,0.0,0.0,0.0,0.002,300.0,272.55,0.0,-1e-05,0.0,0.0,0.0
184.74,ETH-27MAR20,1572519543059,open,0.33,0.0,0.286,0.368,0.330639,84.36,None,0.0,ETH-27MAR20-140-C,180.12,68.64,0.302,7.0,0.354,7.0,96.74,0.34474,-0.09834,0.33913,0.00296,0.78375
182.25,ETH-27DEC19,1572519543059,open,0.01,9935.0,0.001,0.015,0.005035,109.49,0.007,0.0,ETH-27DEC19-440-C,180.12,105.77,0.004,1420.0,0.006,250.0,112.54,0.05446,-0.05242,0.00826,0.00096,0.03413
186.38,SYN.ETH-26JUN20,1572519543057,open,0.52,0.0,0.479,0.543,0.512744,85.66,None,0.0,ETH-26JUN20-100-C,180.12,0.0,0.0,0.0,0.0,0.0,0.0,0.27713,-0.04969,0.46436,0.00142,0.89343
180.44,SYN.ETH-8NOV19,1572519543057,open,0.29,0.0,0.258,0.302,0.280206,102.14,None,0.0,ETH-8NOV19-130-C,180.12,0.0,0.0,0.0,0.0,0.0,0.0,0.00822,-0.0533,0.02756,0.00115,0.9881
184.74,ETH-27MAR20,1572519543060,open,1.8,0.0,1.741,1.94,1.836222,99.03,None,0.0,ETH-27MAR20-520-P,180.12,0.0,0.005,10.0,0.0,0.0,0.0,0.1946,-0.06516,-2.05368,0.00142,-0.90767
180.44,SYN.ETH-8NOV19,1572519543057,open,0.34,0.0,0.315,0.355,0.335294,113.38,None,0.0,ETH-8NOV19-120-C,180.12,0.0,0.0,0.0,0.0,0.0,0.0,0.00428,-0.0308,0.02566,0.00054,0.99434
180.44,SYN.ETH-8NOV19,1572519543057,open,0.0,265.0,0.001,0.011,0.001452,109.06,0.001,0.0,ETH-8NOV19-250-C,180.12,103.2,0.001,59.0,0.002,750.0,114.75,0.01564,-0.10827,0.00093,0.00204,0.02528
181.23,SYN.ETH-29NOV19,1572519543057,open,0.33,0.0,0.294,0.388,0.340359,84.86,None,0.0,ETH-29NOV19-240-P,180.12,0.0,0.0,0.0,0.0,0.0,0.0,0.11628,-0.17087,-0.17136,0.00527,-0.85482
184.74,ETH-27MAR20,1572519543061,open,2.43,0.0,2.368,2.601,2.479088,105.15,None,0.0,ETH-27MAR20-640-P,180.12,0.0,2.451,1.0,2.54,1.0,150.61,0.14737,-0.0524,-2.55601,0.00101,-0.93597
186.38,SYN.ETH-26JUN20,1572519543057,open,0.6,0.0,0.572,0.619,0.596419,87.94,None,0.0,ETH-26JUN20-80-C,180.12,0.0,0.05,4.0,0.0,0.0,0.0,0.18249,-0.03359,0.4176,0.00091,0.93877
182.25,ETH-27DEC19,1572519543061,open,0.0,5648.0,0.001,0.013,0.003102,110.02,0.004,0.0,ETH-27DEC19-480-C,180.12,109.52,0.003,1275.0,0.005,550.0,117.75,0.03786,-0.03662,0.00539,0.00066,0.02207
182.25,ETH-27DEC19,1572519543061,open,0.01,515.0,0.001,0.025,0.010725,96.13,0.013,0.0,ETH-27DEC19-340-C,180.12,92.83,0.009,320.0,0.012,250.0,98.39,0.09979,-0.08433,0.0177,0.00201,0.07303
182.25,ETH-27DEC19,1572519543062,open,0.46,0.0,0.437,0.477,0.456801,92.17,None,0.0,ETH-27DEC19-100-C,180.12,0.0,0.0,0.0,0.0,0.0,0.0,0.05363,-0.04346,0.14475,0.00112,0.96649
186.38,SYN.ETH-26JUN20,1572519543057,open,0.38,50.0,0.327,0.418,0.376422,83.88,0.325,0.0,ETH-26JUN20-140-C,180.12,76.22,0.358,150.0,0.395,150.0,91.55,0.4503,-0.07906,0.48822,0.00236,0.77667
181.23,SYN.ETH-29NOV19,1572519543057,open,0.08,382.0,0.047,0.114,0.080235,74.89,0.079,0.0,ETH-29NOV19-180-P,180.12,71.08,0.076,723.0,0.083,250.0,77.37,0.20144,-0.26121,-0.07534,0.01035,-0.44525
180.44,SYN.ETH-8NOV19,1572519543057,open,0.0,24.0,0.001,0.013,0.003254,84.77,0.004,0.0,ETH-8NOV19-220-C,180.12,76.96,0.002,451.0,0.004,200.0,88.65,0.03283,-0.1767,0.00233,0.00551,0.06308
186.38,SYN.ETH-26JUN20,1572519543057,open,0.33,5.0,0.269,0.369,0.323436,83.84,0.275,0.0,ETH-26JUN20-160-C,180.12,80.41,0.314,411.0,0.331,411.0,86.59,0.51303,-0.09003,0.47601,0.00269,0.71367
180.18,SYN.ETH-1NOV19,1572519543057,open,0.0,806.0,0.001,0.018,0.002692,99.52,0.002,0.0,ETH-1NOV19-170-P,180.12,91.62,0.002,14.0,0.003,500.0,102.75,0.01677,-0.48508,-0.00049,0.02164,-0.11166
180.44,SYN.ETH-8NOV19,1572519543058,open,0.01,185.0,0.001,0.021,0.006782,73.5,0.006,0.0,ETH-8NOV19-160-P,180.12,70.8,0.006,200.0,0.009,750.0,80.59,0.05347,-0.24952,-0.00499,0.01036,-0.12145
180.44,SYN.ETH-8NOV19,1572519543057,open,0.26,0.0,0.238,0.319,0.276636,90.52,None,0.0,ETH-8NOV19-230-P,180.12,0.0,0.0,0.0,0.0,0.0,0.0,0.02253,-0.1295,-0.04817,0.00354,-0.96066
181.23,SYN.ETH-29NOV19,1572519543060,open,0.75,0.0,0.715,0.828,0.769063,101.97,None,0.0,ETH-29NOV19-320-P,180.12,0.0,0.0,0.0,0.0,0.0,0.0,0.03749,-0.0662,-0.24891,0.00142,-0.96704
180.44,SYN.ETH-8NOV19,1572519543059,open,0.32,0.0,0.292,0.375,0.331542,98.19,None,0.0,ETH-8NOV19-240-P,180.12,0.0,0.0,0.0,0.0,0.0,0.0,0.01721,-0.1073,-0.05074,0.0025,-0.97164
186.38,SYN.ETH-26JUN20,1572519543060,open,0.04,68.0,0.015,0.077,0.04219,98.25,0.055,0.0,ETH-26JUN20-600-C,180.12,96.46,0.039,250.0,0.046,303.0,100.31,0.33809,-0.06953,0.12118,0.00151,0.14153
180.18,SYN.ETH-1NOV19,1572519543059,open,0.34,0.0,0.314,0.353,0.334084,290.91,None,0.0,ETH-1NOV19-120-C,180.12,0.0,0.0,0.0,0.0,0.0,0.0,0.00049,-0.07128,0.00287,0.00022,0.99827
180.18,SYN.ETH-1NOV19,1572519543057,open,0.0,293.0,0.001,0.011,0.0,109.96,0.002,0.0,ETH-1NOV19-130-P,180.12,0.0,0.0,0.0,0.002,303.0,364.22,0.0,0.0,0.0,0.0,0.0
181.23,SYN.ETH-29NOV19,1572519543057,open,0.03,1457.0,0.009,0.049,0.027405,80.94,0.038,0.0,ETH-29NOV19-220-C,180.12,76.88,0.024,735.0,0.03,515.0,83.94,0.15492,-0.21714,0.0291,0.00737,0.23037
181.23,SYN.ETH-29NOV19,1572519543057,open,0.01,1266.0,0.001,0.024,0.010155,89.4,0.02,0.0,ETH-29NOV19-260-C,180.12,84.6,0.008,750.0,0.012,550.0,93.12,0.08627,-0.13354,0.01219,0.00371,0.09516
180.18,SYN.ETH-1NOV19,1572519543057,open,0.23,40.0,0.2,0.245,0.223098,190.57,0.127,0.0,ETH-1NOV19-140-C,180.12,0.0,0.0,0.0,0.0,0.0,0.0,0.0008,-0.07651,0.00335,0.00054,0.99702
186.38,SYN.ETH-26JUN20,1572519543057,open,0.24,142.0,0.181,0.289,0.240066,83.84,0.284,0.0,ETH-26JUN20-200-C,180.12,83.18,0.238,250.0,0.248,267.0,86.37,0.58513,-0.10268,0.43044,0.00307,0.59295
186.38,SYN.ETH-26JUN20,1572519543060,open,0.3,1.0,0.245,0.375,0.313013,83.8,0.294,0.0,ETH-26JUN20-200-P,180.12,80.3,0.302,150.0,0.324,177.0,87.31,0.58515,-0.10264,-0.87842,0.00307,-0.40713
180.44,SYN.ETH-8NOV19,1572519543059,open,0.21,0.0,0.185,0.263,0.222327,84.02,None,0.0,ETH-8NOV19-220-P,180.12,0.0,0.01,15.0,0.0,0.0,0.0,0.0321,-0.17121,-0.04521,0.00544,-0.93873
186.38,SYN.ETH-26JUN20,1572519543057,open,0.08,300.0,0.039,0.124,0.080712,91.24,0.088,0.0,ETH-26JUN20-400-C,180.12,89.79,0.077,250.0,0.085,293.0,92.89,0.48202,-0.09206,0.20997,0.00232,0.25285
186.38,SYN.ETH-26JUN20,1572519543058,open,0.06,0.0,0.025,0.099,0.059608,94.04,None,0.0,ETH-26JUN20-480-C,180.12,92.86,0.057,250.0,0.064,298.0,95.99,0.41449,-0.08159,0.164,0.00194,0.19406
181.23,SYN.ETH-29NOV19,1572519543060,open,0.16,100.0,0.117,0.182,0.151759,75.87,0.15,0.0,ETH-29NOV19-160-C,180.12,64.5,0.142,320.0,0.167,320.0,92.61,0.16021,-0.21047,0.0865,0.00813,0.75509
180.18,SYN.ETH-1NOV19,1572519543057,open,0.0,0.0,0.001,0.011,0.0,109.97,None,0.0,ETH-1NOV19-120-P,180.12,0.0,0.0,0.0,0.002,300.0,439.75,0.0,0.0,0.0,0.0,0.0
180.44,SYN.ETH-8NOV19,1572519543057,open,0.23,0.0,0.201,0.249,0.225361,90.0,None,0.0,ETH-8NOV19-140-C,180.12,0.0,0.0,0.0,0.0,0.0,0.0,0.01472,-0.08414,0.02924,0.00233,0.97647
181.23,SYN.ETH-29NOV19,1572519543057,open,0.43,0.0,0.397,0.495,0.444626,89.06,None,0.0,ETH-29NOV19-260-P,180.12,0.0,0.0,0.0,0.0,0.0,0.0,0.08561,-0.13202,-0.19362,0.0037,-0.90582
180.44,SYN.ETH-8NOV19,1572519543057,open,0.18,0.0,0.144,0.197,0.171241,79.13,None,0.0,ETH-8NOV19-150-C,180.12,0.0,0.0,0.0,0.0,0.0,0.0,0.0272,-0.13664,0.03033,0.00489,0.95031
186.38,SYN.ETH-26JUN20,1572519543057,open,0.44,0.0,0.397,0.476,0.439358,84.42,None,0.0,ETH-26JUN20-120-C,180.12,68.54,0.409,150.0,0.469,150.0,99.06,0.36989,-0.06536,0.48623,0.00193,0.83798
180.44,SYN.ETH-8NOV19,1572519543059,open,0.0,404.0,0.001,0.011,0.001135,88.93,0.001,0.0,ETH-8NOV19-140-P,180.12,0.0,0.0,0.0,0.002,450.0,98.16,0.01408,-0.07948,-0.00091,0.00225,-0.02231
180.18,SYN.ETH-1NOV19,1572519543057,open,0.0,1431.0,0.001,0.011,0.0,109.95,0.001,0.0,ETH-1NOV19-140-P,180.12,0.0,0.0,0.0,0.002,300.0,292.98,0.0,0.0,0.0,0.0,0.0
181.23,SYN.ETH-29NOV19,1572519543058,open,0.14,120.0,0.11,0.193,0.152215,77.52,0.131,0.0,ETH-29NOV19-200-P,180.12,0.0,0.05,3.0,0.0,0.0,0.0,0.19175,-0.25739,-0.11275,0.00952,-0.63417
181.23,SYN.ETH-29NOV19,1572519543059,open,0.03,198.0,0.014,0.058,0.03451,75.76,0.033,0.0,ETH-29NOV19-160-P,180.12,72.9,0.032,320.0,0.037,250.0,78.56,0.16014,-0.21007,-0.04003,0.00813,-0.24469
181.23,SYN.ETH-29NOV19,1572519543058,open,0.06,1802.0,0.022,0.076,0.048775,77.64,0.057,0.0,ETH-29NOV19-200-C,180.12,73.1,0.044,686.0,0.051,250.0,79.73,0.1918,-0.25784,0.0455,0.00951,0.36614
186.38,SYN.ETH-26JUN20,1572519543059,open,0.63,0.0,0.563,0.728,0.647608,86.83,None,0.0,ETH-26JUN20-280-P,180.12,0.0,0.0,0.0,0.0,0.0,0.0,0.58607,-0.10652,-1.5099,0.00297,-0.59024
186.38,SYN.ETH-26JUN20,1572519543057,open,0.01,182.0,0.001,0.02,0.010557,90.84,0.018,0.0,ETH-26JUN20-60-P,180.12,87.73,0.009,250.0,0.014,250.0,97.0,0.09712,-0.01847,-0.04713,0.00047,-0.02808
186.38,SYN.ETH-26JUN20,1572519543057,open,0.69,0.0,0.673,0.704,0.688673,90.91,None,0.0,ETH-26JUN20-60-C,180.12,0.0,0.0,0.0,0.0,0.0,0.0,0.09728,-0.01851,0.34543,0.00047,0.97186
180.18,SYN.ETH-1NOV19,1572519543057,open,0.29,0.0,0.257,0.299,0.278591,239.45,None,0.0,ETH-1NOV19-130-C,180.12,0.0,0.0,0.0,0.0,0.0,0.0,0.00062,-0.07431,0.00311,0.00033,0.99776
186.38,SYN.ETH-26JUN20,1572519543057,open,0.02,0.0,0.011,0.043,0.025598,87.9,None,0.0,ETH-26JUN20-80-P,180.12,85.19,0.023,250.0,0.029,150.0,91.29,0.18236,-0.03355,-0.10584,0.00091,-0.06117
180.44,SYN.ETH-8NOV19,1572519543059,open,0.02,539.0,0.003,0.039,0.017578,70.41,0.016,0.0,ETH-8NOV19-170-P,180.12,67.11,0.016,160.0,0.019,509.0,73.35,0.08681,-0.38807,-0.011,0.01755,-0.26494
186.38,SYN.ETH-26JUN20,1572519543059,open,0.08,1.0,0.048,0.117,0.083126,84.39,0.082,0.0,ETH-26JUN20-120-P,180.12,83.32,0.081,250.0,0.089,436.0,87.34,0.36984,-0.06533,-0.29899,0.00193,-0.16199
180.44,SYN.ETH-8NOV19,1572519543057,open,0.0,1704.0,0.001,0.011,0.000243,109.97,0.001,0.0,ETH-8NOV19-120-P,180.12,0.0,0.0,0.0,0.001,250.0,131.84,0.00354,-0.02475,-0.00019,0.00046,-0.00458
180.44,SYN.ETH-8NOV19,1572519543057,open,0.01,519.0,0.001,0.028,0.010883,74.88,0.016,0.0,ETH-8NOV19-200-C,180.12,72.63,0.01,160.0,0.012,21.0,77.64,0.07177,-0.34117,0.00695,0.01364,0.18931
186.38,SYN.ETH-26JUN20,1572519543057,open,0.15,310.0,0.09,0.195,0.145482,86.88,0.165,0.0,ETH-26JUN20-280-C,180.12,85.14,0.14,250.0,0.151,280.0,88.63,0.58615,-0.1066,0.32263,0.00297,0.40998
180.18,SYN.ETH-1NOV19,1572519543064,open,0.0,884.0,0.001,0.011,0.000572,110.06,0.001,0.0,ETH-1NOV19-200-C,180.12,121.38,0.001,184.0,0.002,500.0,139.78,0.0057,-0.10304,0.00012,0.00664,0.02815
181.23,SYN.ETH-29NOV19,1572519543060,open,0.0,2536.0,0.001,0.011,0.001596,103.23,0.003,0.0,ETH-29NOV19-100-P,180.12,96.44,0.001,501.0,0.002,250.0,106.94,0.01836,-0.03282,-0.00226,0.00068,-0.01415
180.44,SYN.ETH-8NOV19,1572519543060,open,0.0,50.0,0.001,0.012,0.00215,91.63,0.002,0.0,ETH-8NOV19-230-C,180.12,80.7,0.001,450.0,0.003,750.0,97.55,0.02345,-0.13643,0.00153,0.00364,0.04132
180.18,SYN.ETH-1NOV19,1572519543063,open,0.0,719.0,0.001,0.011,4e-06,109.94,0.001,0.0,ETH-1NOV19-150-P,180.12,0.0,0.0,0.0,0.001,3.0,197.94,0.0001,-0.00075,0.0,0.00011,-0.0003
186.38,SYN.ETH-26JUN20,1572519543059,open,0.04,44.0,0.013,0.072,0.038808,99.83,0.043,0.0,ETH-26JUN20-640-C,180.12,98.16,0.036,250.0,0.043,300.0,102.21,0.31991,-0.06685,0.11191,0.00141,0.13055
186.38,SYN.ETH-26JUN20,1572519543057,open,0.46,0.0,0.392,0.541,0.469637,84.52,None,0.0,ETH-26JUN20-240-P,180.12,0.0,0.0,0.0,0.0,0.0,0.0,0.60129,-0.10637,-1.19633,0.00313,-0.51114
186.38,SYN.ETH-26JUN20,1572519543062,open,0.38,0.0,0.314,0.455,0.387725,83.79,None,0.0,ETH-26JUN20-220-P,180.12,0.0,0.18,50.0,0.44,1.0,100.18,0.59886,-0.10504,-1.03701,0.00314,-0.46243
180.44,SYN.ETH-8NOV19,1572519543059,open,0.0,1255.0,0.001,0.011,0.000568,100.31,0.001,0.0,ETH-8NOV19-130-P,180.12,0.0,0.0,0.0,0.001,450.0,108.81,0.00753,-0.04794,-0.00044,0.00107,-0.01076
9101.8,SYN.BTC-8NOV19,1572519543081,open,0.05,81.0,0.0225,0.073,0.04756092,65.83,0.042,0.0,BTC-8NOV19-9250-P,9085.39,60.57,0.0445,7.0,0.0485,21.3,67.45,5.29636,-22.13662,-1.16812,0.00045,-0.54723
9101.8,SYN.BTC-8NOV19,1572519543168,open,0.03,291.8,0.0115,0.056,0.03257551,65.07,0.0345,0.0,BTC-8NOV19-9000-P,9085.39,60.61,0.03,9.3,0.0335,12.0,66.67,5.26127,-21.73544,-0.91689,0.00045,-0.43429
9329.28,BTC-27MAR20,1572519543177,open,0.04,260.2,0.0145,0.0705,0.03880426,84.32,0.0365,0.0,BTC-27MAR20-18000-C,9085.39,82.87,0.0365,0.5,0.041,14.8,85.67,14.99766,-4.27591,4.93942,5e-05,0.16949
9143.17,SYN.BTC-29NOV19,1572519543180,open,0.12,807.0,0.0865,0.143,0.11588393,69.94,0.118,0.0,BTC-29NOV19-8500-C,9085.39,68.56,0.1145,9.6,0.116,0.5,70.05,9.1903,-11.12934,4.0842,0.0002,0.68052
9330.17,BTC-27MAR20,1572519543238,open,0.21,10.1,0.16,0.2485,0.2064064,76.19,0.2245,0.0,BTC-27MAR20-9000-C,9085.39,74.58,0.2025,10.9,0.211,14.8,78.1,22.53263,-5.80488,15.79615,8e-05,0.62429
9101.8,SYN.BTC-8NOV19,1572519543387,open,0.01,152.8,0.0005,0.022,0.00770652,73.08,0.007,0.0,BTC-8NOV19-10250-C,9085.39,69.38,0.0065,23.4,0.008,20.0,73.95,3.06365,-14.21422,0.27191,0.00023,0.14616
9329.28,BTC-27MAR20,1572519543438,open,0.24,168.6,0.185,0.288,0.23756544,76.65,0.233,0.0,BTC-27MAR20-10000-P,9085.39,74.25,0.2315,22.3,0.2425,6.3,78.6,23.56774,-6.10774,-26.34781,9e-05,-0.45953
9101.8,SYN.BTC-8NOV19,1572519543450,open,0.01,139.1,0.0005,0.018,0.00568181,75.98,0.006,0.0,BTC-8NOV19-10500-C,9085.39,71.48,0.0045,10.8,0.0055,1.0,75.31,2.51973,-12.15373,0.20556,0.00019,0.11035
9088.01,SYN.BTC-1NOV19,1572519543469,open,0.0,291.8,0.0005,0.0105,0.00059057,102.97,0.0005,0.0,BTC-1NOV19-10000-C,9085.39,0.0,0.0,0.0,0.001,22.9,113.18,0.30854,-5.36708,0.00656,0.00015,0.03068
9115.59,SYN.BTC-15NOV19,1572519543481,open,0.0,0.0005,0.019,0.00673494,76.26,None,0.0,BTC-15NOV19-11250-C,9085.39,74.11,0.006,10.7,0.0085,20.0,81.03,3.19672,-8.19421,0.34132,0.00012,0.09861
9088.01,SYN.BTC-1NOV19,1572519543490,open,0.07,440.1,0.046,0.0865,0.06582066,88.62,0.057,0.0,BTC-1NOV19-8500-C,9085.39,82.55,0.0655,4.1,0.0685,0.1,121.84,0.52372,-23.20493,0.19081,0.0003,0.94094
9088.01,SYN.BTC-1NOV19,1572519543497,open,0.04,239.0,0.018,0.061,0.03985226,73.51,0.039,0.0,BTC-1NOV19-8750-C,9085.39,70.23,0.0395,4.1,0.0425,0.1,94.7,1.00114,-36.79692,0.17835,0.00069,0.85784
9088.01,SYN.BTC-1NOV19,1572519543499,open,0.07,102.6,0.052,0.0975,0.07350188,81.71,0.089,0.0,BTC-1NOV19-9750-P,9085.39,0.0,0.071,0.1,0.0745,4.1,99.13,0.39301,-16.0564,-0.22508,0.00024,-0.95879
9088.01,SYN.BTC-1NOV19,1572519543505,open,0.01,245.7,0.0005,0.0275,0.00872714,66.85,0.0105,0.0,BTC-1NOV19-9000-P,9085.39,57.5,0.007,25.4,0.01,0.4,73.66,1.69067,-56.51114,-0.08409,0.00128,-0.37693
9197.12,BTC-27DEC19,1572519543512,open,2.9,1.3,2.838,2.9945,2.91423809,0.0,2.2,0.0,BTC-27DEC19-36000-P,9085.39,0.0,0.0005,0.1,0.0,0.0,0.0,0.0,0.0,-56.09658,0.0,-1.0
9410.69,SYN.BTC-26JUN20,1572519543521,open,0.61,0.0,0.5425,0.6805,0.61187326,79.24,None,0.0,BTC-26JUN20-14000-P,9085.39,0.0,0.07,1.0,0.645,0.1,89.81,29.04277,-4.81687,-75.72084,6e-05,-0.61759
9330.17,BTC-27MAR20,1572519543539,open,0.17,49.0,0.1235,0.2165,0.17100623,76.13,0.166,0.0,BTC-27MAR20-9000-P,9085.39,74.32,0.1665,9.5,0.176,5.9,78.26,22.53362,-5.80033,-20.66259,8e-05,-0.37576
9410.69,SYN.BTC-26JUN20,1572519543553,open,0.21,111.4,0.16,0.2655,0.21403401,75.68,0.205,0.0,BTC-26JUN20-9000-P,9085.39,73.01,0.206,5.7,0.219,3.0,77.34,28.26687,-4.47792,-34.88215,6e-05,-0.35234
180.18,SYN.ETH-1NOV19,1572519543563,open,0.0,1720.0,0.001,0.016,0.002107,85.71,0.006,0.0,ETH-1NOV19-190-C,180.12,84.38,0.002,2.0,0.004,200.0,103.79,0.01627,-0.38174,0.00045,0.02437,0.10698
180.18,SYN.ETH-1NOV19,1572519543565,open,0.0,1720.0,0.001,0.016,0.002107,85.71,0.006,0.0,ETH-1NOV19-190-C,180.12,84.38,0.002,2.0,0.004,489.0,103.79,0.01627,-0.38174,0.00045,0.02437,0.10698
180.18,SYN.ETH-1NOV19,1572519543564,open,0.1,0.0,0.078,0.146,0.110553,105.87,0.094,0.0,ETH-1NOV19-200-P,180.12,0.0,0.107,40.0,0.114,40.0,165.76,0.0049,-0.25918,-0.0047,0.00594,-0.9765
9143.17,SYN.BTC-29NOV19,1572519543573,open,0.09,352.8,0.0565,0.113,0.08565864,69.91,0.0885,0.0,BTC-29NOV19-9000-C,9085.39,69.2,0.085,9.6,0.0885,8.7,72.37,10.09722,-12.22225,3.50877,0.00022,0.57087
9411.88,SYN.BTC-26JUN20,1572519543589,open,0.04,31.9,0.0135,0.0735,0.03852582,87.73,0.047,0.0,BTC-26JUN20-26000-C,9085.39,85.43,0.0345,37.2,0.042,15.0,89.6,17.01051,-3.12367,6.2963,3e-05,0.14077
9197.44,BTC-27DEC19,1572519543614,open,0.1,799.6,0.068,0.138,0.10318459,73.05,0.102,0.0,BTC-27DEC19-9000-P,9085.39,71.75,0.101,20.6,0.1055,6.9,74.68,14.13963,-9.08014,-7.39737,0.00015,-0.41316
9088.01,SYN.BTC-1NOV19,1572519543616,open,0.07,102.6,0.0525,0.0975,0.0737376,81.71,0.089,0.0,BTC-1NOV19-9750-P,9085.39,0.0,0.071,4.1,0.0745,4.1,99.13,0.39301,-16.0564,-0.22508,0.00024,-0.95879
9088.01,SYN.BTC-1NOV19,1572519543619,open,0.1,84.8,0.0795,0.125,0.10093512,94.17,0.097,0.0,BTC-1NOV19-10000-P,9085.39,0.0,0.098,4.1,0.1015,0.1,116.26,0.21712,-10.22339,-0.23559,0.00012,-0.97983
9101.8,SYN.BTC-8NOV19,1572519543623,open,0.11,36.2,0.082,0.138,0.10961535,70.5,0.1045,0.0,BTC-8NOV19-10000-P,9085.39,58.74,0.105,4.0,0.1095,4.0,70.74,3.69423,-16.53355,-1.79443,0.00029,-0.8043
9088.01,SYN.BTC-1NOV19,1572519543625,open,0.07,102.6,0.0525,0.0975,0.0737376,81.71,0.089,0.0,BTC-1NOV19-9750-P,9085.39,0.0,0.071,4.1,0.0745,0.1,99.13,0.39301,-16.0564,-0.22508,0.00024,-0.95879
9088.01,SYN.BTC-1NOV19,1572519543626,open,0.05,130.2,0.0255,0.0715,0.04773757,76.17,0.055,0.0,BTC-1NOV19-9500-P,9085.39,0.0,0.045,4.0,0.048,0.1,80.79,0.89605,-34.1277,-0.202,0.00059,-0.87893
9088.01,SYN.BTC-1NOV19,1572519543628,open,0.1,240.6,0.0735,0.1135,0.09275422,110.17,0.085,0.0,BTC-1NOV19-8250-C,9085.39,111.3,0.093,0.1,0.096,4.1,158.73,0.33907,-18.67733,0.19027,0.00016,0.9656
9410.69,SYN.BTC-26JUN20,1572519543628,open,2.42,0.0,2.343,2.521,2.42678966,91.39,None,0.0,BTC-26JUN20-32000-P,9085.39,0.0,0.0,0.0,0.0,0.0,0.0,13.29036,-2.54242,-204.9368,3e-05,-0.90072
9143.17,SYN.BTC-29NOV19,1572519543639,open,0.07,168.3,0.042,0.0985,0.07000022,69.68,0.0735,0.0,BTC-29NOV19-9000-P,9085.39,67.53,0.0675,26.6,0.0725,9.6,72.06,10.09732,-12.18329,-3.60964,0.00022,-0.42916
9143.17,SYN.BTC-29NOV19,1572519543648,open,0.14,60.1,0.106,0.1735,0.13995705,72.36,0.1425,0.0,BTC-29NOV19-10000-P,9085.39,68.79,0.136,9.6,0.1415,9.6,74.0,9.68868,-12.13952,-5.5857,0.0002,-0.63246
9143.17,SYN.BTC-29NOV19,1572519543650,open,0.1,98.4,0.07,0.133,0.10177425,70.58,0.099,0.0,BTC-29NOV19-9500-P,9085.39,68.24,0.099,9.6,0.104,8.9,72.72,10.21467,-12.48381,-4.62133,0.00022,-0.53728
9143.17,SYN.BTC-29NOV19,1572519543652,open,0.14,60.1,0.106,0.1735,0.13995705,72.36,0.1425,0.0,BTC-29NOV19-10000-P,9085.39,68.79,0.136,9.6,0.142,18.3,74.47,9.68868,-12.13952,-5.5857,0.0002,-0.63246
9088.01,SYN.BTC-1NOV19,1572519543658,open,0.0,176.9,0.0005,0.0105,4.094e-05,105.15,0.0005,0.0,BTC-1NOV19-10500-C,9085.39,0.0,0.0,0.0,0.0005,11.6,141.34,0.03743,-0.37765,0.00059,2e-05,0.00273
9411.88,SYN.BTC-26JUN20,1572519543672,open,0.03,52.9,0.01,0.064,0.03159121,91.49,0.0315,0.0,BTC-26JUN20-30000-C,9085.39,90.45,0.03,0.2,0.0335,30.0,92.66,14.85255,-2.84419,5.1859,3e-05,0.11581
9143.17,SYN.BTC-29NOV19,1572519543671,open,0.05,473.0,0.0225,0.0715,0.04624418,72.62,0.0405,0.0,BTC-29NOV19-10000-C,9085.39,70.89,0.0445,12.8,0.0485,31.6,74.67,9.69499,-12.19086,2.32873,0.0002,0.36827
9329.28,BTC-27MAR20,1572519543682,open,0.57,59.9,0.5155,0.634,0.57439394,79.84,0.537,0.0,BTC-27MAR20-14000-P,9085.39,74.6,0.563,3.0,0.625,3.0,101.69,20.42379,-5.51324,-48.42671,7e-05,-0.70702
9329.28,BTC-27MAR20,1572519543684,open,0.57,59.9,0.5155,0.634,0.57439394,79.84,0.537,0.0,BTC-27MAR20-14000-P,9085.39,74.6,0.563,5.9,0.625,3.0,101.69,20.42379,-5.51324,-48.42671,7e-05,-0.70702
