underlying_price,underlying_index,timestamp,state,settlement_price,open_interest,min_price,max_price,mark_price,mark_iv,last_price,interest_rate,instrument_name,index_price,bid_iv,best_bid_price,best_bid_amount,best_ask_price,best_ask_amount,ask_iv,vega,theta,rho,gamma,delta
223.96,ETH-27SEP19,1564052340168,open,0.05,7364.0,0.009,0.092,0.050111,108.24,0.052,0.0,ETH-27SEP19-160-P,222.57,103.3,0.045,410.0,0.051,420.0,109.11,0.2337,-0.19801,-0.08479,0.00246,-0.16625
223.96,ETH-27SEP19,1564052340184,open,0.23,1288.0,0.189,0.268,0.228216,108.27,0.217,0.0,ETH-27SEP19-200-C,222.57,102.07,0.219,271.0,0.236,262.0,113.48,0.33369,-0.28281,0.17826,0.00351,0.68306
223.96,ETH-27SEP19,1564052340190,open,0.23,1288.0,0.189,0.268,0.228216,108.27,0.217,0.0,ETH-27SEP19-200-C,222.57,102.07,0.219,271.0,0.236,258.0,113.48,0.33369,-0.28281,0.17826,0.00351,0.68306
223.96,ETH-27SEP19,1564052340317,open,0.03,7688.0,0.001,0.068,0.027312,108.24,0.022,0.0,ETH-27SEP19-140-P,222.57,103.75,0.024,247.0,0.027,200.0,107.84,0.16814,-0.14246,-0.05112,0.00177,-0.10312
10329.77,BTC-27DEC19,1564052340376,open,0.04,96.1,0.0005,0.082,0.04047703,99.77,0.049,0.0,BTC-27DEC19-5500-P,10086.91,96.64,0.037,20.0,0.04,6.0,99.35,11.61005,-3.73975,-6.05669,3e-05,-0.09771
10329.77,BTC-27DEC19,1564052340376,open,0.13,237.6,0.085,0.175,0.12985349,99.78,0.1425,0.0,BTC-27DEC19-8000-P,10086.91,96.87,0.124,15.0,0.1305,14.9,100.11,20.74122,-6.68158,-16.04941,5e-05,-0.23631
10329.77,BTC-27DEC19,1564052340376,open,0.01,171.7,0.0005,0.0525,0.01270285,112.17,0.0115,0.0,BTC-27DEC19-44000-C,10086.91,108.84,0.0105,20.0,0.015,24.0,115.27,7.24978,-2.62527,1.75856,1e-05,0.05282
10329.77,BTC-27DEC19,1564052340376,open,0.06,254.3,0.015,0.0945,0.05454422,106.12,0.0585,0.0,BTC-27DEC19-24000-C,10086.91,104.96,0.0525,10.0,0.0565,14.9,107.22,18.32455,-6.27824,5.9855,4e-05,0.1911
10329.77,BTC-27DEC19,1564052340376,open,3.29,0.0,3.1015,3.443,3.27213978,112.03,3.46,0.0,BTC-27DEC19-44000-P,10086.91,0.0,3.128,5.0,3.405,5.0,195.11,7.21596,-2.60982,-184.95028,1e-05,-0.94749
10329.77,BTC-27DEC19,1564052340376,open,0.09,240.8,0.0445,0.131,0.08791536,99.78,0.088,0.0,BTC-27DEC19-7000-P,10086.91,96.28,0.082,20.0,0.0875,4.9,99.53,17.5221,-5.64436,-11.64792,4e-05,-0.17783
10187.84,BTC-27SEP19,1564052340376,open,0.66,261.1,0.618,0.6975,0.65789737,117.09,0.714,0.0,BTC-27SEP19-3500-C,10086.91,0.0,0.5975,8.0,0.7195,8.0,284.27,0.89593,-0.82114,5.96331,0.0,0.99237
10329.77,BTC-27DEC19,1564052340376,open,0.44,63.0,0.401,0.4805,0.44062819,99.72,0.4965,0.0,BTC-27DEC19-6500-C,10086.91,58.53,0.387,10.0,0.4925,10.0,132.46,15.66461,-5.04296,17.95831,3e-05,0.85035
10329.77,BTC-27DEC19,1564052340376,open,0.23,551.3,0.1935,0.273,0.23327142,100.36,0.2365,0.0,BTC-27DEC19-11000-C,10086.91,99.06,0.23,10.0,0.2375,10.0,102.03,26.13907,-8.46868,15.68928,6e-05,0.59122
10187.84,BTC-27SEP19,1564052340376,open,0.75,55.9,0.7155,0.795,0.75506947,131.92,0.689,0.0,BTC-27SEP19-2500-C,10086.91,0.0,0.69,8.0,0.821,8.0,377.56,0.31734,-0.32769,4.32427,0.0,0.99761
10187.84,BTC-27SEP19,1564052340376,open,0.52,790.2,0.4775,0.557,0.51708298,108.65,0.498,0.0,BTC-27SEP19-5000-C,10086.91,0.0,0.462,8.0,0.5725,8.0,202.93,3.40577,-2.89645,7.95974,2e-05,0.96353
10329.77,BTC-27DEC19,1564052340376,open,0.76,0.0,0.7205,0.8,0.76021381,105.02,None,0.0,BTC-27DEC19-2500-C,10086.91,0.0,0.695,10.0,0.826,10.0,247.54,1.45007,-0.49164,10.16612,0.0,0.99215
10187.84,BTC-27SEP19,1564052340376,open,0.0,617.1,0.0005,0.0405,0.0007887,122.89,0.0005,0.0,BTC-27SEP19-3000-P,10086.91,116.41,0.0005,5.0,0.0015,11.8,133.75,0.52794,-0.50785,-0.08902,0.0,-0.0042
10187.84,BTC-27SEP19,1564052340376,open,0.01,103.7,0.0005,0.046,0.00606706,111.55,0.006,0.0,BTC-27SEP19-26000-C,10086.91,108.27,0.005,23.0,0.007,24.0,114.13,3.52179,-3.07504,0.56918,2e-05,0.03799
10329.77,BTC-27DEC19,1564052340376,open,0.0,366.0,0.0005,0.044,0.00423132,102.15,0.0055,0.0,BTC-27DEC19-3000-P,10086.91,98.87,0.0035,30.0,0.005,6.0,105.25,2.43522,-0.80307,-0.80917,1e-05,-0.01423
10187.84,BTC-27SEP19,1564052340376,open,0.01,385.2,0.0005,0.0525,0.01285913,109.85,0.011,0.0,BTC-27SEP19-22000-C,10086.91,107.47,0.0115,8.0,0.014,24.0,111.75,5.98168,-5.14361,1.09303,3e-05,0.07417
10329.77,BTC-27DEC19,1564052340376,open,0.81,0.0,0.768,0.8475,0.80772441,112.62,None,0.0,BTC-27DEC19-2000-C,10086.91,0.0,0.74,10.0,0.8755,10.0,292.7,0.90233,-0.32807,8.22623,0.0,0.99541
10329.77,BTC-27DEC19,1564052340376,open,2.9,0.0,2.7325,3.043,2.88769025,110.18,2.58,0.0,BTC-27DEC19-40000-P,10086.91,0.0,2.8275,5.0,3.01,5.0,184.91,8.35894,-2.97324,-167.6262,2e-05,-0.93669
10329.77,BTC-27DEC19,1564052340376,open,0.86,0.1,0.8155,0.895,0.85528033,116.88,0.84,0.0,BTC-27DEC19-1500-C,10086.91,0.0,0.786,10.0,0.9255,10.0,363.55,0.38332,-0.14464,6.26528,0.0,0.99822
10329.77,BTC-27DEC19,1564052340376,open,1.2,3.9,1.1085,1.2835,1.19587373,105.45,0.752,0.0,BTC-27DEC19-22000-P,10086.91,0.0,1.121,5.0,1.266,5.0,137.25,20.15393,-6.86118,-86.40813,4e-05,-0.77552
10329.76,BTC-27DEC19,1564052340376,open,0.16,216.4,0.1195,0.199,0.15928711,102.13,0.1565,0.0,BTC-27DEC19-14000-C,10086.91,101.04,0.1565,10.0,0.162,10.0,103.18,26.637,-8.78229,12.76416,6e-05,0.4505
10329.76,BTC-27DEC19,1564052340376,open,0.51,59.5,0.4685,0.548,0.50802537,99.77,0.49,0.0,BTC-27DEC19-5500-C,10086.91,78.27,0.4865,10.0,0.563,10.0,143.25,11.60923,-3.73916,17.28156,3e-05,0.9023
10329.76,BTC-27DEC19,1564052340376,open,0.24,194.1,0.186,0.2845,0.23510587,99.79,0.269,0.0,BTC-27DEC19-10000-P,10086.91,98.1,0.231,4.9,0.2385,0.1,101.19,25.02191,-8.06123,-25.81475,6e-05,-0.35386
10187.84,BTC-27SEP19,1564052340376,open,0.0,124.1,0.0005,0.042,0.00198832,115.22,0.0035,0.0,BTC-27SEP19-3750-P,10086.91,104.62,0.001,59.0,0.003,54.0,122.93,1.16757,-1.05306,-0.21945,1e-05,-0.01032
10187.84,BTC-27SEP19,1564052340376,open,0.0,405.8,0.0005,0.0405,0.00049667,133.06,0.0005,0.0,BTC-27SEP19-2500-P,10086.91,0.0,0.0,0.0,0.001,17.6,144.8,0.33522,-0.34914,-0.05409,0.0,-0.00254
10329.76,BTC-27DEC19,1564052340376,open,0.6,5.6,0.53,0.657,0.5933368,102.64,0.5485,0.0,BTC-27DEC19-15000-P,10086.91,80.94,0.54,5.0,0.646,5.0,123.13,26.18084,-8.67505,-51.80042,6e-05,-0.58849
10187.84,BTC-27SEP19,1564052340376,open,0.8,1.0,0.725,0.868,0.79659689,108.55,1.5815,0.0,BTC-27SEP19-18000-P,10086.91,0.0,0.005,0.5,1.382,0.8,500.0,10.04025,-8.53092,-29.31516,5e-05,-0.84765
10329.76,BTC-27DEC19,1564052340377,open,0.18,229.1,0.1405,0.22,0.1801347,101.53,0.179,0.0,BTC-27DEC19-13000-C,10086.91,100.13,0.1765,13.6,0.183,10.0,102.63,26.84002,-8.79742,13.72311,6e-05,0.49323
10329.76,BTC-27DEC19,1564052340377,open,0.18,296.9,0.132,0.226,0.17911926,99.75,0.192,0.0,BTC-27DEC19-9000-P,10086.91,97.7,0.1745,4.9,0.1815,14.9,100.81,23.2399,-7.48417,-20.80934,5e-05,-0.29564
10187.84,BTC-27SEP19,1564052340377,open,0.59,9.2,0.5465,0.626,0.58624848,111.1,0.574,0.0,BTC-27SEP19-4250-C,10086.91,0.0,0.5285,8.0,0.645,8.0,237.69,1.8219,-1.5844,7.06869,1e-05,0.98272
10329.76,BTC-27DEC19,1564052340377,open,0.04,92.2,0.0005,0.078,0.03807495,107.29,0.041,0.0,BTC-27DEC19-28000-C,10086.91,105.85,0.036,16.0,0.04,16.0,108.6,15.0248,-5.20429,4.49653,3e-05,0.14066
10329.76,BTC-27DEC19,1564052340377,open,0.31,172.3,0.268,0.3475,0.30787216,99.76,0.288,0.0,BTC-27DEC19-9000-C,10086.91,94.49,0.296,10.0,0.312,15.0,101.6,23.23976,-7.48485,17.3784,5e-05,0.70436
10187.84,BTC-27SEP19,1564052340377,open,0.56,289.7,0.523,0.6025,0.56272531,109.46,0.588,0.0,BTC-27SEP19-4500-C,10086.91,0.0,0.5065,8.0,0.6205,8.0,224.88,2.24001,-1.91931,7.40325,1e-05,0.97796
10187.84,BTC-27SEP19,1564052340377,open,0.62,34.4,0.552,0.681,0.61643742,107.55,0.6695,0.0,BTC-27SEP19-16000-P,10086.91,0.0,0.5605,2.5,0.6675,2.5,144.28,12.55923,-10.57312,-24.92933,6e-05,-0.78182
10187.84,BTC-27SEP19,1564052340377,open,0.01,303.7,0.0005,0.046,0.00596036,109.01,0.004,0.0,BTC-27SEP19-4750-P,10086.91,105.34,0.005,24.0,0.007,47.9,112.65,2.78998,-2.38077,-0.61682,1e-05,-0.02864
10088.3,SYN.BTC-26JUL19,1564052340376,open,0.31,4.8,0.2665,0.346,0.30600969,0.0,0.455,0.0,BTC-26JUL19-7000-C,10086.91,0.0,0.2615,4.0,0.354,4.0,500.0,0.0,0.0,0.16794,0.0,1.0
10329.76,BTC-27DEC19,1564052340377,open,4.06,1.0,3.841,4.244,4.04232328,114.17,4.454,0.0,BTC-27DEC19-52000-P,10086.91,0.0,0.0015,1.0,6.0,1.0,500.0,5.30015,-1.95363,-219.43925,1e-05,-0.96417
10088.3,SYN.BTC-26JUL19,1564052340376,open,0.29,28.7,0.2375,0.34,0.28884267,206.15,0.368,0.0,BTC-26JUL19-13000-P,10086.91,0.0,0.2425,2.5,0.3275,2.5,500.0,0.09548,-9.84178,-0.31027,2e-05,-0.99307
10187.84,BTC-27SEP19,1564052340377,open,0.0,309.8,0.0005,0.0445,0.00449427,109.76,0.0055,0.0,BTC-27SEP19-4500-P,10086.91,104.95,0.0035,30.0,0.0055,32.9,114.04,2.25914,-1.94098,-0.47699,1e-05,-0.02226
10187.84,BTC-27SEP19,1564052340377,open,0.01,497.3,0.0005,0.048,0.0079299,108.84,0.01,0.0,BTC-27SEP19-5000-P,10086.91,107.54,0.0075,10.0,0.0085,1.0,110.51,3.42053,-2.91426,-0.79497,2e-05,-0.03666
10329.76,BTC-27DEC19,1564052340377,open,0.01,134.5,0.0005,0.0495,0.00959485,112.17,0.0105,0.0,BTC-27DEC19-48000-C,10086.91,109.23,0.008,20.0,0.0105,16.0,113.7,5.93697,-2.14989,1.38443,1e-05,0.04118
10329.76,BTC-27DEC19,1564052340377,open,0.71,0.0,0.674,0.7535,0.71381256,102.17,None,0.0,BTC-27DEC19-3000-C,10086.91,0.0,0.651,10.0,0.778,10.0,216.28,2.43666,-0.80368,11.91973,1e-05,0.98576
10329.76,BTC-27DEC19,1564052340377,open,0.38,93.7,0.342,0.4215,0.38181657,99.76,0.346,0.0,BTC-27DEC19-7500-C,10086.91,70.62,0.3295,10.0,0.3955,10.0,107.09,19.21811,-6.18967,18.03087,4e-05,0.79319
10187.84,BTC-27SEP19,1564052340377,open,0.01,403.3,0.0005,0.0525,0.01223874,106.53,0.0155,0.0,BTC-27SEP19-5500-P,10086.91,103.76,0.011,24.0,0.0135,29.0,109.21,4.6812,-3.90345,-1.18317,2e-05,-0.05412
10329.76,BTC-27DEC19,1564052340377,open,0.47,122.9,0.4335,0.513,0.4732755,99.77,0.502,0.0,BTC-27DEC19-6000-C,10086.91,82.22,0.4515,10.0,0.527,10.0,137.43,13.68348,-4.4072,17.70261,3e-05,0.87716
10187.84,BTC-27SEP19,1564052340377,open,0.43,714.8,0.39,0.4695,0.42956715,105.17,0.434,0.0,BTC-27SEP19-6000-C,10086.91,97.19,0.425,8.0,0.456,8.0,141.58,6.17394,-5.08241,8.79183,3e-05,0.92269
10187.84,BTC-27SEP19,1564052340377,open,0.0,492.7,0.0005,0.04,0.00025533,143.18,0.0005,0.0,BTC-27SEP19-2000-P,10086.91,0.0,0.0,0.0,0.0005,8.2,153.88,0.17919,-0.20084,-0.02727,0.0,-0.00127
10088.3,SYN.BTC-26JUL19,1564052340376,open,0.0,542.3,0.0005,0.04,0.0,145.07,0.0005,0.0,BTC-26JUL19-7000-P,10086.91,0.0,0.0,0.0,0.0005,13.0,325.83,0.0,-1e-05,0.0,0.0,0.0
10143.6,SYN.BTC-30AUG19,1564052340376,open,0.19,19.7,0.137,0.231,0.18398921,106.16,0.186,0.0,BTC-30AUG19-11000-P,10086.91,102.56,0.1795,16.9,0.1855,4.3,107.37,12.64926,-18.71589,-7.12581,0.00012,-0.53073
10187.84,BTC-27SEP19,1564052340378,open,0.63,0.0,0.594,0.6735,0.63384752,114.74,None,0.0,BTC-27SEP19-3750-C,10086.91,0.0,0.5745,8.0,0.6945,8.0,267.15,1.14684,-1.03002,6.34784,1e-05,0.98989
10329.76,BTC-27DEC19,1564052340377,open,0.01,117.0,0.0005,0.0475,0.00746614,100.41,0.0095,0.0,BTC-27DEC19-3500-P,10086.91,97.66,0.0065,30.0,0.0085,6.0,103.15,3.76762,-1.22132,-1.36848,1e-05,-0.02376
10329.76,BTC-27DEC19,1564052340378,open,0.02,269.6,0.0005,0.055,0.0154809,110.29,0.018,0.0,BTC-27DEC19-40000-C,10086.91,108.41,0.014,24.0,0.0165,6.0,111.52,8.38902,-2.98707,2.10932,2e-05,0.0636
10187.84,BTC-27SEP19,1564052340378,open,0.02,482.9,0.0005,0.0595,0.01957867,109.41,0.022,0.0,BTC-27SEP19-20000-C,10086.91,107.99,0.0185,8.0,0.0205,24.0,110.6,7.83455,-6.71001,1.5514,4e-05,0.10659
10329.76,BTC-27DEC19,1564052340377,open,0.02,85.4,0.0005,0.06,0.019697,99.75,0.0225,0.0,BTC-27DEC19-4500-P,10086.91,95.88,0.017,36.0,0.02,11.0,100.18,7.41972,-2.38951,-3.2474,2e-05,-0.05439
10329.76,BTC-27DEC19,1564052340378,open,0.07,170.5,0.0265,0.106,0.06615859,105.48,0.068,0.0,BTC-27DEC19-22000-C,10086.91,104.37,0.064,10.0,0.068,4.9,106.42,20.15942,-6.86477,6.94408,4e-05,0.22459
10329.76,BTC-27DEC19,1564052340378,open,0.1,389.3,0.0605,0.14,0.10033513,104.0,0.0995,0.0,BTC-27DEC19-18000-C,10086.91,102.77,0.0975,10.0,0.103,20.0,105.15,23.91122,-8.02831,9.41996,5e-05,0.31525
10329.76,BTC-27DEC19,1564052340378,open,0.54,62.4,0.505,0.5845,0.54496568,99.77,0.533,0.0,BTC-27DEC19-5000-C,10086.91,71.29,0.524,10.0,0.602,10.0,151.38,9.49885,-3.05949,16.66905,2e-05,0.92527
10187.84,BTC-27SEP19,1564052340378,open,0.61,227.5,0.57,0.6495,0.60990199,112.41,0.7065,0.0,BTC-27SEP19-4000-C,10086.91,0.0,0.5515,8.0,0.6695,8.0,251.44,1.43605,-1.26357,6.72149,1e-05,0.9869
10329.76,BTC-27DEC19,1564052340378,open,0.03,246.7,0.0005,0.07,0.02899185,99.75,0.037,0.0,BTC-27DEC19-5000-P,10086.91,96.44,0.026,20.0,0.029,6.0,99.76,9.49742,-3.05862,-4.54562,2e-05,-0.07472
10099.36,SYN.BTC-2AUG19,1564052340377,open,0.01,122.3,0.0005,0.0535,0.01394564,112.96,0.018,0.0,BTC-2AUG19-12000-C,10086.91,110.38,0.013,24.2,0.015,1.1,115.76,3.74657,-26.86764,0.33891,0.00015,0.16947
10143.6,SYN.BTC-30AUG19,1564052340378,open,0.33,17.1,0.2805,0.3865,0.3334661,108.47,0.289,0.0,BTC-30AUG19-13000-P,10086.91,51.48,0.2865,2.5,0.3765,2.5,146.23,10.84839,-16.39982,-10.42451,0.0001,-0.71211
10088.3,SYN.BTC-26JUL19,1564052340377,open,0.99,0.0,0.904,1.062,0.98282945,500.0,None,0.0,BTC-26JUL19-20000-P,10086.91,0.0,0.0,0.0,0.0,0.0,0.0,0.05553,-13.88251,-0.47898,0.0,-0.99623
10099.36,SYN.BTC-2AUG19,1564052340376,open,0.13,3.9,0.0905,0.17,0.13008321,109.9,0.1335,0.0,BTC-2AUG19-9000-C,10086.91,59.66,0.1125,4.0,0.1405,4.0,133.23,4.31618,-30.11583,1.4306,0.00018,0.78657
10187.83,BTC-27SEP19,1564052340378,open,0.01,287.4,0.0005,0.048,0.00837285,109.85,0.008,0.0,BTC-27SEP19-24000-C,10086.91,107.8,0.0075,23.0,0.009,10.0,111.25,4.46882,-3.84275,0.76086,2e-05,0.05105
10329.76,BTC-27DEC19,1564052340379,open,0.44,116.9,0.3815,0.496,0.43860274,101.52,0.4355,0.0,BTC-27DEC19-13000-P,10086.91,99.55,0.4335,3.6,0.4435,3.6,103.4,26.83999,-8.79634,-41.43813,6e-05,-0.50681
10143.6,SYN.BTC-30AUG19,1564052340377,open,0.08,143.6,0.033,0.1185,0.07588381,105.84,0.0725,0.0,BTC-30AUG19-9000-P,10086.91,101.81,0.0715,5.0,0.077,20.0,106.87,11.0455,-16.29338,-3.74068,0.0001,-0.29931
10187.83,BTC-27SEP19,1564052340379,open,0.0,656.3,0.0005,0.043,0.00306882,113.16,0.0025,0.0,BTC-27SEP19-30000-C,10086.91,107.2,0.002,28.0,0.004,24.0,117.28,2.10169,-1.8616,0.30965,1e-05,0.02044
10099.36,SYN.BTC-2AUG19,1564052340376,open,0.01,41.7,0.0005,0.0515,0.01112004,110.95,0.011,0.0,BTC-2AUG19-8500-P,10086.91,107.22,0.01,5.0,0.012,30.0,113.78,3.09258,-21.78365,-0.3016,0.00013,-0.12728
10088.3,SYN.BTC-26JUL19,1564052340378,open,0.0,724.9,0.0005,0.04,0.00018331,144.87,0.0005,0.0,BTC-26JUL19-12000-C,10086.91,0.0,0.0,0.0,0.001,30.3,183.52,0.10803,-1.84932,0.00189,3e-05,0.00798
10329.76,BTC-27DEC19,1564052340379,open,1.02,5.7,0.9365,1.0975,1.01716062,104.76,1.085,0.0,BTC-27DEC19-20000-P,10086.91,64.09,0.95,5.0,1.082,5.0,132.72,22.05334,-7.4585,-76.78459,5e-05,-0.73468
10187.83,BTC-27SEP19,1564052340379,open,0.0,267.5,0.0005,0.044,0.00430658,112.46,0.0035,0.0,BTC-27SEP19-28000-C,10086.91,109.24,0.0035,29.7,0.005,24.0,114.93,2.72447,-2.39845,0.4194,1e-05,0.02783
10088.3,SYN.BTC-26JUL19,1564052340377,open,0.0,437.3,0.0005,0.04,0.0,144.94,0.0005,0.0,BTC-26JUL19-14500-C,10086.91,0.0,0.0,0.0,0.001,0.4,338.39,1e-05,-3e-05,0.0,0.0,0.0
10329.76,BTC-27DEC19,1564052340379,open,0.41,54.4,0.3705,0.45,0.41023473,99.76,0.4345,0.0,BTC-27DEC19-7000-C,10086.91,65.95,0.357,10.0,0.4605,10.0,128.71,17.5214,-5.64323,18.05594,4e-05,0.82218
10187.83,BTC-27SEP19,1564052340379,open,0.23,377.9,0.1855,0.265,0.22526512,102.89,0.2285,0.0,BTC-27SEP19-9000-C,10086.91,99.31,0.22,13.0,0.2275,4.6,104.41,14.98041,-12.06565,8.33201,8e-05,0.6926
10329.76,BTC-27DEC19,1564052340379,open,0.13,282.7,0.086,0.1655,0.1255531,103.09,0.1145,0.0,BTC-27DEC19-16000-C,10086.91,101.85,0.1225,10.0,0.1285,30.0,104.28,25.53796,-8.49948,10.98031,5e-05,0.37607
10187.83,BTC-27SEP19,1564052340379,open,0.22,146.8,0.173,0.27,0.22138192,103.83,0.254,0.0,BTC-27SEP19-11000-P,10086.91,101.5,0.2175,14.4,0.2235,5.1,105.1,16.98851,-13.80775,-12.57275,9e-05,-0.48381
10187.83,BTC-27SEP19,1564052340379,open,0.54,13.5,0.5,0.5795,0.53964868,108.76,0.382,0.0,BTC-27SEP19-4750-C,10086.91,0.0,0.484,8.0,0.5965,8.0,213.59,2.77217,-2.36008,7.70092,1e-05,0.97158
10329.76,BTC-27DEC19,1564052340379,open,0.01,248.2,0.0005,0.0525,0.01249142,99.76,0.0105,0.0,BTC-27DEC19-4000-P,10086.91,95.83,0.0105,36.0,0.013,5.0,100.71,5.45774,-1.75766,-2.1752,1e-05,-0.03714
10088.3,SYN.BTC-26JUL19,1564052340376,open,0.89,0.0,0.8085,0.959,0.88368798,475.7,None,0.0,BTC-26JUL19-19000-P,10086.91,0.0,0.0,0.0,0.0,0.0,0.0,0.06704,-15.94445,-0.45479,1e-05,-0.99535
10329.76,BTC-27DEC19,1564052340380,open,0.37,165.3,0.312,0.421,0.36644564,101.01,0.427,0.0,BTC-27DEC19-12000-P,10086.91,99.1,0.3615,3.6,0.371,3.6,102.77,26.70682,-8.70887,-36.21077,6e-05,-0.4597
10329.76,BTC-27DEC19,1564052340380,open,0.0,209.8,0.0005,0.042,0.0022269,104.98,0.0035,0.0,BTC-27DEC19-2500-P,10086.91,99.12,0.0015,30.0,0.003,6.0,109.99,1.44766,-0.49062,-0.4409,0.0,-0.00783
10187.83,BTC-27SEP19,1564052340380,open,0.14,504.9,0.102,0.1815,0.14150224,103.74,0.15,0.0,BTC-27SEP19-11000-C,10086.91,102.54,0.1395,22.4,0.1435,4.9,104.93,16.98876,-13.79518,6.67772,9e-05,0.51605
10187.83,BTC-27SEP19,1564052340380,open,0.0,426.3,0.0005,0.0415,0.00149545,117.66,0.0015,0.0,BTC-27SEP19-3500-P,10086.91,102.34,0.0005,54.5,0.0025,63.2,127.03,0.91673,-0.84433,-0.16627,0.0,-0.00783
10088.3,SYN.BTC-26JUL19,1564052340376,open,0.39,10.8,0.3325,0.443,0.38798065,259.53,0.484,0.0,BTC-26JUL19-14000-P,10086.91,0.0,0.338,2.5,0.4295,2.5,500.0,0.08361,-10.84933,-0.3345,1e-05,-0.99403
10088.3,SYN.BTC-26JUL19,1564052340379,open,0.0,498.3,0.0005,0.04,3e-08,144.93,0.0005,0.0,BTC-26JUL19-14000-C,10086.91,0.0,0.0,0.0,0.001,8.0,310.8,5e-05,-0.00033,0.0,0.0,0.0
10143.6,SYN.BTC-30AUG19,1564052340376,open,0.02,158.4,0.0005,0.059,0.01849473,106.57,0.018,0.0,BTC-30AUG19-7000-P,10086.91,104.76,0.0175,11.0,0.019,24.0,107.48,5.61187,-8.33528,-1.18895,5e-05,-0.10076
10187.83,BTC-27SEP19,1564052340380,open,0.07,186.0,0.032,0.1115,0.07166514,106.33,0.0705,0.0,BTC-27SEP19-14000-C,10086.91,104.86,0.0695,8.0,0.0735,26.6,107.57,15.06296,-12.53733,4.27233,8e-05,0.31129
10088.3,SYN.BTC-26JUL19,1564052340379,open,0.0,163.5,0.0005,0.04,0.0,144.96,0.0005,0.0,BTC-26JUL19-19000-C,10086.91,0.0,0.0,0.0,0.003,10.0,500.0,0.0,0.0,0.0,0.0,0.0
10187.83,BTC-27SEP19,1564052340380,open,0.18,771.4,0.138,0.2175,0.17781971,102.65,0.164,0.0,BTC-27SEP19-10000-C,10086.91,101.84,0.1765,14.4,0.181,4.7,104.63,16.44573,-13.21493,7.55939,9e-05,0.60182
10143.6,SYN.BTC-30AUG19,1564052340377,open,0.41,0.0,0.3755,0.455,0.41523633,108.08,None,0.0,BTC-30AUG19-6000-C,10086.91,0.0,0.366,4.0,0.468,4.0,210.44,2.89489,-4.36053,5.40344,3e-05,0.9572
10088.3,SYN.BTC-26JUL19,1564052340377,open,1.08,0.0,0.999,1.165,1.08197093,500.0,None,0.0,BTC-26JUL19-21000-P,10086.91,0.0,0.0,0.0,0.0,0.0,0.0,0.03197,-7.99239,-0.50336,0.0,-0.99795
10187.83,BTC-27SEP19,1564052340381,open,0.37,31.2,0.3115,0.4205,0.36604186,105.73,0.428,0.0,BTC-27SEP19-13000-P,10086.91,99.32,0.356,7.5,0.3715,7.5,109.17,16.10161,-13.32569,-17.74568,8e-05,-0.62929
10329.76,BTC-27DEC19,1564052340381,open,0.01,781.0,0.0005,0.0475,0.00762197,112.77,0.0065,0.0,BTC-27DEC19-52000-C,10086.91,110.33,0.0065,10.0,0.0085,6.0,114.51,5.00316,-1.8214,1.12989,1e-05,0.0334
10088.3,SYN.BTC-26JUL19,1564052340379,open,0.0,512.6,0.0005,0.04,0.0,144.95,0.0005,0.0,BTC-26JUL19-16000-C,10086.91,0.0,0.0,0.0,0.0005,0.1,379.9,0.0,0.0,0.0,0.0,0.0
10099.36,SYN.BTC-2AUG19,1564052340377,open,0.06,123.4,0.0175,0.1015,0.05945205,110.3,0.0565,0.0,BTC-2AUG19-10000-P,10086.91,103.49,0.0555,12.5,0.0605,2.9,112.11,5.85897,-41.02963,-1.09607,0.00024,-0.44353
10088.3,SYN.BTC-26JUL19,1564052340376,open,0.05,290.0,0.0075,0.091,0.04940446,118.37,0.049,0.0,BTC-26JUL19-10500-P,10086.91,84.04,0.0445,2.5,0.0495,6.0,118.98,1.58458,-93.78357,-0.19243,0.00055,-0.74566
10099.36,SYN.BTC-2AUG19,1564052340377,open,0.44,0.0,0.38,0.4945,0.43732402,120.41,None,0.0,BTC-2AUG19-14500-P,10086.91,0.0,0.0,0.0,0.0,0.0,0.0,0.87325,-6.67578,-3.07722,3e-05,-0.97479
10099.36,SYN.BTC-2AUG19,1564052340376,open,0.02,62.2,0.0005,0.0615,0.02163733,112.4,0.0215,0.0,BTC-2AUG19-11500-C,10086.91,109.89,0.0205,32.0,0.0225,0.1,114.27,4.61903,-32.95939,0.47734,0.00019,0.24069
10088.3,SYN.BTC-26JUL19,1564052340376,open,0.4,1.0,0.3655,0.445,0.40515116,0.0,0.354,0.0,BTC-26JUL19-6000-C,10086.91,0.0,0.356,4.0,0.457,4.0,500.0,0.0,0.0,0.14395,0.0,1.0
10143.6,SYN.BTC-30AUG19,1564052340380,open,0.33,0.0,0.2885,0.368,0.32829545,106.37,None,0.0,BTC-30AUG19-7000-C,10086.91,0.0,0.283,4.0,0.378,4.0,177.13,5.59933,-8.30124,5.69549,5e-05,0.89955
10187.83,BTC-27SEP19,1564052340382,open,0.71,225.7,0.6665,0.746,0.70627606,122.03,0.693,0.0,BTC-27SEP19-3000-C,10086.91,0.0,0.6435,8.0,0.77,8.0,324.95,0.5075,-0.48478,5.16505,0.0,0.99598
10099.36,SYN.BTC-2AUG19,1564052340376,open,0.25,0.0,0.1975,0.2965,0.24691849,114.92,None,0.0,BTC-2AUG19-12500-P,10086.91,0.0,0.01,10.0,0.0,0.0,0.0,2.95397,-21.55164,-2.45745,0.00012,-0.88078
10088.3,SYN.BTC-26JUL19,1564052340378,open,0.0,375.4,0.0005,0.04,0.0,144.97,0.001,0.0,BTC-26JUL19-21000-C,10086.91,0.0,0.0,0.0,0.002,10.0,500.0,0.0,0.0,0.0,0.0,0.0
10088.3,SYN.BTC-26JUL19,1564052340379,open,0.0,723.7,0.0005,0.04,2e-07,145.08,0.0005,0.0,BTC-26JUL19-7500-P,10086.91,0.0,0.0,0.0,0.0005,14.1,270.47,0.00028,-0.00203,0.0,0.0,-1e-05
10088.3,SYN.BTC-26JUL19,1564052340377,open,0.0,319.1,0.0005,0.04,3.7e-07,144.92,0.0005,0.0,BTC-26JUL19-13500-C,10086.91,0.0,0.0,0.0,0.001,0.3,281.75,0.0005,-0.00371,1e-05,0.0,2e-05
10187.83,BTC-27SEP19,1564052340382,open,0.0,695.7,0.0005,0.042,0.00227324,114.17,0.002,0.0,BTC-27SEP19-32000-C,10086.91,108.7,0.0015,7.1,0.003,29.3,118.21,1.65793,-1.48162,0.2354,1e-05,0.01548
10143.6,SYN.BTC-30AUG19,1564052340379,open,0.6,0.0,0.5325,0.6595,0.59607839,110.14,None,0.0,BTC-30AUG19-16000-P,10086.91,0.0,0.0005,1.0,0.0,0.0,0.0,6.56997,-10.08486,-14.66038,6e-05,-0.87436
10143.6,SYN.BTC-30AUG19,1564052340377,open,0.13,80.5,0.079,0.1685,0.12390173,105.86,0.1255,0.0,BTC-30AUG19-10000-P,10086.91,102.67,0.12,2.5,0.1255,14.4,107.16,12.41309,-18.3134,-5.39547,0.00012,-0.41726
10088.3,SYN.BTC-26JUL19,1564052340379,open,0.59,5.0,0.523,0.6495,0.58626356,354.77,0.2255,0.0,BTC-26JUL19-16000-P,10086.91,0.0,0.0,0.0,0.0,0.0,0.0,0.07305,-12.9581,-0.38269,1e-05,-0.99487
10329.76,BTC-27DEC19,1564052340382,open,2.52,1.3,2.3655,2.6455,2.50530401,109.22,2.2,0.0,BTC-27DEC19-36000-P,10086.91,0.0,2.447,5.0,2.6155,5.0,174.02,10.08598,-3.55621,-150.09588,2e-05,-0.91912
10329.76,BTC-27DEC19,1564052340382,open,3.67,0.0,3.4705,3.8425,3.65625129,111.97,None,0.0,BTC-27DEC19-48000-P,10086.91,0.0,0.0015,1.0,6.0,1.0,500.0,5.89275,-2.13016,-202.29938,1e-05,-0.9592
10088.3,SYN.BTC-26JUL19,1564052340379,open,0.0,730.2,0.0005,0.04,9.24e-06,145.1,0.0005,0.0,BTC-26JUL19-8000-P,10086.91,0.0,0.0,0.0,0.0005,12.0,217.86,0.00854,-0.09326,-0.00012,0.0,-0.00049
10143.6,SYN.BTC-30AUG19,1564052340377,open,0.03,142.1,0.0005,0.0655,0.02577963,108.94,0.023,0.0,BTC-30AUG19-15000-C,10086.91,107.28,0.0245,27.3,0.027,0.5,110.49,7.88979,-11.9788,1.38664,7e-05,0.16486
10099.36,SYN.BTC-2AUG19,1564052340377,open,0.36,0.0,0.3175,0.397,0.35702569,132.45,None,0.0,BTC-2AUG19-6500-C,10086.91,0.0,0.31,4.0,0.4065,4.0,369.37,0.36352,-3.05682,1.38135,1e-05,0.99092
10099.36,SYN.BTC-2AUG19,1564052340378,open,0.0,209.1,0.0005,0.041,0.00108621,121.48,0.001,0.0,BTC-2AUG19-7000-P,10086.91,108.94,0.0005,9.2,0.0015,3.8,127.8,0.5951,-4.58965,-0.03732,2e-05,-0.01604
10143.6,SYN.BTC-30AUG19,1564052340376,open,0.04,110.6,0.0005,0.082,0.04068477,105.83,0.042,0.0,BTC-30AUG19-8000-P,10086.91,103.24,0.0385,5.0,0.0415,19.3,106.79,8.60313,-12.6892,-2.29045,8e-05,-0.18905
10088.3,SYN.BTC-26JUL19,1564052340379,open,0.34,32.3,0.285,0.3915,0.33841025,233.3,0.29,0.0,BTC-26JUL19-13500-P,10086.91,0.0,0.2905,2.5,0.379,2.5,500.0,0.08833,-10.30413,-0.32241,2e-05,-0.99365
10143.6,SYN.BTC-30AUG19,1564052340378,open,0.01,301.8,0.0005,0.0495,0.00952616,111.05,0.011,0.0,BTC-30AUG19-18000-C,10086.91,108.55,0.0085,8.0,0.0105,24.0,113.3,4.28631,-6.6342,0.60642,4e-05,0.07035
10099.36,SYN.BTC-2AUG19,1564052340378,open,0.31,0.0,0.268,0.3475,0.30785743,119.45,None,0.0,BTC-2AUG19-7000-C,10086.91,0.0,0.2635,4.0,0.356,4.0,323.29,0.55353,-4.19752,1.47616,2e-05,0.98526
10143.6,SYN.BTC-30AUG19,1564052340380,open,0.04,98.9,0.0005,0.0765,0.03651551,108.57,0.0325,0.0,BTC-30AUG19-14000-C,10086.91,107.47,0.0355,8.0,0.0375,0.5,109.63,9.38558,-14.20227,1.81697,9e-05,0.21876
10143.6,SYN.BTC-30AUG19,1564052340381,open,0.26,1.4,0.205,0.305,0.25508867,107.45,0.28,0.0,BTC-30AUG19-12000-P,10086.91,67.63,0.211,2.5,0.2965,2.5,141.55,12.01278,-17.98985,-8.81915,0.00011,-0.62947
10099.36,SYN.BTC-2AUG19,1564052340377,open,0.2,0.0,0.1545,0.25,0.20233782,113.49,None,0.0,BTC-2AUG19-12000-P,10086.91,0.0,0.1865,2.5,0.2405,2.5,195.19,3.76547,-27.13079,-2.24788,0.00015,-0.82919
10187.83,BTC-27SEP19,1564052340383,open,0.0,1660.1,0.0005,0.04,4.837e-05,145.01,0.0005,0.0,BTC-27SEP19-1500-P,10086.91,0.0,0.0,0.0,0.0005,12.0,181.02,0.04255,-0.0483,-0.00565,0.0,-0.00027
10143.6,SYN.BTC-30AUG19,1564052340378,open,0.69,0.0,0.622,0.757,0.68943043,110.9,None,0.0,BTC-30AUG19-17000-P,10086.91,0.0,0.0005,1.0,0.0,0.0,0.0,5.37001,-8.30016,-15.89783,5e-05,-0.90512
10088.3,SYN.BTC-26JUL19,1564052340376,open,0.0,279.1,0.0005,0.04,0.0,145.05,0.0005,0.0,BTC-26JUL19-6500-P,10086.91,0.0,0.0,0.0,0.0005,12.0,384.6,0.0,0.0,0.0,0.0,0.0
10088.3,SYN.BTC-26JUL19,1564052340381,open,0.49,10.0,0.428,0.5465,0.48712209,308.94,0.17,0.0,BTC-26JUL19-15000-P,10086.91,0.0,0.432,2.5,0.5375,2.5,500.0,0.07718,-11.92181,-0.35862,1e-05,-0.99455
10099.36,SYN.BTC-2AUG19,1564052340376,open,0.17,0.2,0.1295,0.209,0.16934224,110.49,0.204,0.0,BTC-2AUG19-8500-C,10086.91,0.0,0.131,4.0,0.2125,4.0,217.56,3.07826,-21.59282,1.53462,0.00013,0.87357
10088.3,SYN.BTC-26JUL19,1564052340379,open,0.0,677.6,0.0005,0.04,0.0,144.94,0.0005,0.0,BTC-26JUL19-15000-C,10086.91,0.0,0.0,0.0,0.0005,4.4,333.82,0.0,0.0,0.0,0.0,0.0
10099.36,SYN.BTC-2AUG19,1564052340376,open,0.0,302.8,0.0005,0.042,0.00239062,116.01,0.002,0.0,BTC-2AUG19-7500-P,10086.91,106.76,0.0015,35.0,0.003,32.5,121.21,1.10622,-8.14712,-0.07825,4e-05,-0.03352
10088.3,SYN.BTC-26JUL19,1564052340378,open,0.14,277.4,0.0955,0.186,0.14084925,143.6,0.195,0.0,BTC-26JUL19-11500-P,10086.91,0.0,0.133,14.5,0.1455,2.5,212.99,0.37158,-26.67994,-0.26793,0.00011,-0.96614
10088.3,SYN.BTC-26JUL19,1564052340379,open,0.69,0.0,0.618,0.7525,0.68540504,397.58,None,0.0,BTC-26JUL19-17000-P,10086.91,0.0,0.0,0.0,0.0,0.0,0.0,0.07027,-13.9696,-0.40674,1e-05,-0.99509
10088.3,SYN.BTC-26JUL19,1564052340376,open,0.0,928.2,0.0005,0.04,3.52e-06,144.91,0.0005,0.0,BTC-26JUL19-13000-C,10086.91,0.0,0.0,0.0,0.0015,18.0,267.59,0.00379,-0.03552,5e-05,0.0,0.0002
10143.6,SYN.BTC-30AUG19,1564052340380,open,0.02,65.6,0.0005,0.058,0.01848002,109.75,0.0155,0.0,BTC-30AUG19-16000-C,10086.91,108.21,0.0175,8.0,0.0195,0.5,111.32,6.53043,-9.98902,1.05766,6e-05,0.12456
10099.36,SYN.BTC-2AUG19,1564052340378,open,0.34,0.0,0.287,0.394,0.34046181,117.11,None,0.0,BTC-2AUG19-13500-P,10086.91,0.0,0.01,10.0,0.0,0.0,0.0,1.64295,-12.21564,-2.80191,6e-05,-0.94531
10088.3,SYN.BTC-26JUL19,1564052340381,open,0.02,594.1,0.0005,0.0585,0.01822313,114.78,0.018,0.0,BTC-26JUL19-10000-P,10086.91,105.8,0.0165,2.4,0.019,2.9,118.82,1.93806,-111.22317,-0.10771,0.00069,-0.42681
10143.6,SYN.BTC-30AUG19,1564052340376,open,0.19,20.3,0.1485,0.228,0.18848473,105.71,0.1655,0.0,BTC-30AUG19-9000-C,10086.91,99.74,0.182,9.0,0.1935,9.0,110.31,11.04412,-16.27151,5.10761,0.0001,0.70078
10143.6,SYN.BTC-30AUG19,1564052340377,open,0.79,0.0,0.713,0.8555,0.78432432,111.71,None,0.0,BTC-30AUG19-18000-P,10086.91,0.0,0.0005,1.0,0.0,0.0,0.0,4.35444,-6.77962,-17.07395,4e-05,-0.92819
10088.3,SYN.BTC-26JUL19,1564052340376,open,0.54,0.0,0.4755,0.598,0.53669283,332.27,None,0.0,BTC-26JUL19-15500-P,10086.91,0.0,0.0,0.0,0.0,0.0,0.0,0.0749,-12.44366,-0.37066,1e-05,-0.99473
10143.6,SYN.BTC-30AUG19,1564052340378,open,0.01,45.4,0.0005,0.053,0.01323216,110.4,0.012,0.0,BTC-30AUG19-17000-C,10086.91,107.99,0.012,32.0,0.0145,24.0,112.76,5.31693,-8.18084,0.80138,5e-05,0.09361
10088.3,SYN.BTC-26JUL19,1564052340380,open,0.35,0.0,0.316,0.3955,0.35558043,0.0,0.3665,0.0,BTC-26JUL19-6500-C,10086.91,0.0,0.309,4.0,0.4055,4.0,500.0,0.0,0.0,0.15595,0.0,1.0
10099.36,SYN.BTC-2AUG19,1564052340377,open,0.0,80.1,0.0005,0.0435,0.0035206,115.72,0.0025,0.0,BTC-2AUG19-13500-C,10086.91,108.59,0.0025,48.0,0.0045,33.7,121.53,1.58731,-11.66127,0.10644,6e-05,0.05236
10088.3,SYN.BTC-26JUL19,1564052340376,open,0.44,10.8,0.3805,0.495,0.43755136,284.72,0.166,0.0,BTC-26JUL19-14500-P,10086.91,0.0,0.386,2.5,0.481,2.5,500.0,0.08001,-11.39086,-0.34656,1e-05,-0.99432
10099.36,SYN.BTC-2AUG19,1564052340378,open,0.21,0.0,0.173,0.2525,0.2127271,110.35,None,0.0,BTC-2AUG19-8000-C,10086.91,0.0,0.173,4.0,0.2575,4.0,245.24,1.8682,-13.08869,1.57519,8e-05,0.93557
10088.3,SYN.BTC-26JUL19,1564052340382,open,0.0,126.8,0.0005,0.04,0.0,145.04,0.001,0.0,BTC-26JUL19-5500-P,10086.91,0.0,0.0,0.0,0.0005,12.0,500.0,0.0,0.0,0.0,0.0,0.0
10088.3,SYN.BTC-26JUL19,1564052340380,open,0.45,0.0,0.415,0.4945,0.4547219,0.0,0.4,0.0,BTC-26JUL19-5500-C,10086.91,0.0,0.4015,4.0,0.5095,4.0,500.0,0.0,0.0,0.13195,0.0,1.0
10099.36,SYN.BTC-2AUG19,1564052340380,open,0.01,96.5,0.0005,0.045,0.00498856,111.07,0.005,0.0,BTC-2AUG19-8000-P,10086.91,108.39,0.0045,14.3,0.005,6.0,111.13,1.89291,-13.34715,-0.15367,8e-05,-0.06553
10143.6,SYN.BTC-30AUG19,1564052340382,open,0.51,0.0,0.445,0.5645,0.5047781,109.24,None,0.0,BTC-30AUG19-15000-P,10086.91,0.0,0.0005,1.0,0.0,0.0,0.0,7.9176,-12.05413,-13.35017,7e-05,-0.83424
10088.3,SYN.BTC-26JUL19,1564052340382,open,0.21,41.7,0.167,0.2465,0.20687746,0.0,0.1965,0.0,BTC-26JUL19-8000-C,10086.91,0.0,0.167,4.0,0.251,4.0,500.0,0.0,0.0,0.19193,0.0,1.0
10088.3,SYN.BTC-26JUL19,1564052340377,open,0.0,564.7,0.0005,0.04,0.0,144.96,0.0005,0.0,BTC-26JUL19-18000-C,10086.91,0.0,0.0,0.0,0.0005,0.1,461.82,0.0,0.0,0.0,0.0,0.0
10088.3,SYN.BTC-26JUL19,1564052340377,open,0.0,302.1,0.0005,0.04,2.809e-05,144.9,0.001,0.0,BTC-26JUL19-12500-C,10086.91,0.0,0.0,0.0,0.0015,28.0,233.43,0.02292,-0.28336,0.00034,1e-05,0.00142
10099.36,SYN.BTC-2AUG19,1564052340382,open,0.26,0.0,0.22,0.2995,0.25964551,114.86,None,0.0,BTC-2AUG19-7500-C,10086.91,0.0,0.2175,4.0,0.306,4.0,281.44,1.07287,-7.82324,1.54298,4e-05,0.96771
10088.3,SYN.BTC-26JUL19,1564052340377,open,0.79,0.0,0.7135,0.8555,0.78454651,437.78,None,0.0,BTC-26JUL19-18000-P,10086.91,0.0,0.0,0.0,0.0,0.0,0.0,0.06836,-14.96356,-0.43077,1e-05,-0.99524
10088.3,SYN.BTC-26JUL19,1564052340396,open,0.03,305.9,0.0005,0.0665,0.0268084,113.9,0.029,0.0,BTC-26JUL19-10000-C,10086.91,114.9,0.027,0.3,0.0285,2.6,122.7,1.93771,-110.3566,0.13234,0.0007,0.57357
10088.3,SYN.BTC-26JUL19,1564052340411,open,0.09,380.4,0.0495,0.136,0.09277057,126.6,0.0875,0.0,BTC-26JUL19-11000-P,10086.91,0.0,0.09,1.0,0.0925,6.0,122.99,0.77742,-49.21261,-0.24361,0.00025,-0.91374
223.35,SYN.ETH-30AUG19,1564052340690,open,0.04,277.0,0.001,0.073,0.033891,112.89,0.035,0.0,ETH-30AUG19-320-C,222.57,109.55,0.031,518.0,0.036,437.0,115.26,0.19646,-0.30909,0.03662,0.00355,0.20072
222.59,SYN.ETH-26JUL19,1564052340690,open,0.63,1046.0,0.553,0.681,0.617258,0.0,0.745,0.0,ETH-26JUL19-360-P,222.57,0.0,0.561,25.0,0.671,25.0,500.0,0.0,0.0,-0.00864,0.0,-1.0
222.59,SYN.ETH-26JUL19,1564052340694,open,0.13,5.0,0.08,0.168,0.124022,129.2,0.256,0.0,ETH-26JUL19-250-P,222.57,0.0,0.082,25.0,0.159,25.0,402.93,0.00855,-0.55255,-0.00581,0.00557,-0.96435
223.96,ETH-27SEP19,1564052340694,open,0.0,739.0,0.001,0.041,0.001068,137.21,0.001,0.0,ETH-27SEP19-60-P,222.57,0.0,0.0,0.0,0.002,584.0,149.72,0.01334,-0.01433,-0.00235,0.00011,-0.00492
225.73,ETH-27DEC19,1564052340700,open,0.04,424.0,0.001,0.08,0.040531,112.13,0.039,0.0,ETH-27DEC19-640-C,222.57,109.69,0.037,274.0,0.043,300.0,113.77,0.33391,-0.12088,0.09931,0.00138,0.14422
223.96,ETH-27SEP19,1564052340709,open,0.01,8192.0,0.001,0.053,0.012534,108.24,0.012,0.0,ETH-27SEP19-120-P,222.57,102.47,0.01,243.0,0.012,200.0,107.09,0.10319,-0.08744,-0.0262,0.00109,-0.05431
223.96,ETH-27SEP19,1564052340714,open,1.52,24.0,1.411,1.61,1.510533,119.41,1.356,0.0,ETH-27SEP19-560-P,222.57,0.0,0.0,0.0,0.0,0.0,0.0,0.10646,-0.09951,-0.96182,0.00102,-0.9435
222.59,SYN.ETH-26JUL19,1564052340730,open,0.1,278.0,0.063,0.142,0.102745,132.26,0.073,0.0,ETH-26JUL19-200-C,222.57,0.0,0.095,300.0,0.106,300.0,179.57,0.01053,-0.69646,0.00455,0.0067,0.95393
223.35,SYN.ETH-30AUG19,1564052340730,open,0.05,268.0,0.006,0.085,0.045545,112.42,0.037,0.0,ETH-30AUG19-300-C,222.57,108.85,0.042,526.0,0.048,261.0,114.84,0.22455,-0.35181,0.04584,0.00407,0.25434
222.59,SYN.ETH-26JUL19,1564052340730,open,0.0,2266.0,0.001,0.04,0.0,144.98,0.001,0.0,ETH-26JUL19-160-P,222.57,0.0,0.0,0.0,0.001,300.0,328.29,0.0,0.0,0.0,0.0,0.0
222.74,SYN.ETH-2AUG19,1564052340730,open,0.0,254.0,0.001,0.041,0.000971,127.7,0.003,0.0,ETH-2AUG19-150-P,222.57,0.0,0.0,0.0,0.002,268.0,143.16,0.01157,-0.09379,-0.00071,0.00085,-0.01385
222.74,SYN.ETH-2AUG19,1564052340730,open,0.07,336.0,0.021,0.105,0.062509,117.74,0.06,0.0,ETH-2AUG19-220-P,222.57,113.41,0.06,174.0,0.066,150.0,123.77,0.12891,-0.96358,-0.02402,0.01023,-0.4372
222.59,SYN.ETH-26JUL19,1564052340733,open,0.28,0.0,0.242,0.321,0.281219,222.82,None,0.0,ETH-26JUL19-160-C,222.57,0.0,0.0,0.0,0.0,0.0,0.0,0.00038,-0.04226,0.00383,0.00014,0.99896
222.59,SYN.ETH-26JUL19,1564052340735,open,1.53,0.0,1.416,1.616,1.515734,0.0,None,0.0,ETH-26JUL19-560-P,222.57,0.0,0.0,0.0,0.0,0.0,0.0,0.0,0.0,-0.01344,0.0,-1.0
225.75,ETH-27DEC19,1564052340740,open,0.89,16.0,0.805,0.955,0.879908,108.85,1.195,0.0,ETH-27DEC19-400-P,222.57,77.42,0.814,110.0,1.49,1.0,380.59,0.52964,-0.18613,-1.4889,0.00225,-0.67444
223.96,ETH-27SEP19,1564052340743,open,0.66,233.0,0.59,0.721,0.65537,112.41,0.763,0.0,ETH-27SEP19-360-P,222.57,0.0,0.604,25.0,0.709,25.0,150.83,0.27697,-0.2437,-0.56281,0.00281,-0.78061
223.96,ETH-27SEP19,1564052340743,open,0.83,79.0,0.747,0.892,0.819679,113.73,0.351,0.0,ETH-27SEP19-400-P,222.57,0.0,0.0,0.0,0.0,0.0,0.0,0.23096,-0.20561,-0.64921,0.00231,-0.83676
223.96,ETH-27SEP19,1564052340743,open,1.35,12.0,1.242,1.428,1.334957,117.79,1.193,0.0,ETH-27SEP19-520-P,222.57,0.0,0.0,0.0,0.0,0.0,0.0,0.12816,-0.11817,-0.88704,0.00124,-0.92828
223.35,SYN.ETH-30AUG19,1564052340743,open,0.64,0.0,0.566,0.695,0.630495,113.61,None,0.0,ETH-30AUG19-360-P,222.57,0.0,0.0,0.0,0.0,0.0,0.0,0.14219,-0.22514,-0.33103,0.00255,-0.87741
222.59,SYN.ETH-26JUL19,1564052340743,open,0.72,504.0,0.639,0.775,0.707105,0.0,0.168,0.0,ETH-26JUL19-380-P,222.57,0.0,0.0,0.0,0.0,0.0,0.0,0.0,0.0,-0.00912,0.0,-1.0
223.35,SYN.ETH-30AUG19,1564052340746,open,0.48,0.0,0.408,0.525,0.466552,112.81,None,0.0,ETH-30AUG19-320-P,222.57,0.0,0.0,0.0,0.0,0.0,0.0,0.19633,-0.30869,-0.27794,0.00355,-0.7995
222.74,SYN.ETH-2AUG19,1564052340748,open,0.2,0.0,0.161,0.24,0.200145,118.19,None,0.0,ETH-2AUG19-180-C,222.57,0.0,0.0,0.0,0.0,0.0,0.0,0.05505,-0.41307,0.0339,0.00435,0.90558
225.75,ETH-27DEC19,1564052340750,open,0.59,82.0,0.515,0.64,0.577712,107.47,0.64,0.0,ETH-27DEC19-320-P,222.57,104.46,0.57,30.0,0.59,30.0,112.24,0.58023,-0.20131,-1.08882,0.0025,-0.55897
222.59,SYN.ETH-26JUL19,1564052340750,open,0.0,0.0,0.001,0.04,0.0,144.98,None,0.0,ETH-26JUL19-150-P,222.57,0.0,0.0,0.0,0.001,300.0,384.03,0.0,0.0,0.0,0.0,0.0
222.74,SYN.ETH-2AUG19,1564052340750,open,0.24,0.0,0.201,0.28,0.240688,118.27,None,0.0,ETH-2AUG19-170-C,222.57,0.0,0.0,0.0,0.0,0.0,0.0,0.03389,-0.25446,0.03408,0.00268,0.94973
222.59,SYN.ETH-26JUL19,1564052340750,open,0.19,100.0,0.152,0.231,0.191396,157.44,0.143,0.0,ETH-26JUL19-180-C,222.57,0.0,0.0,0.0,0.0,0.0,0.0,0.00088,-0.06939,0.0043,0.00047,0.99738
223.96,ETH-27SEP19,1564052340752,open,0.75,259.0,0.668,0.806,0.736815,113.08,0.94,0.0,ETH-27SEP19-380-P,222.57,0.0,0.009,8.0,0.0,0.0,0.0,0.25352,-0.2244,-0.60659,0.00255,-0.81088
225.75,ETH-27DEC19,1564052340752,open,1.22,21.0,1.114,1.289,1.201568,109.93,0.629,0.0,ETH-27DEC19-480-P,222.57,0.0,1.114,110.0,0.0,0.0,0.0,0.46065,-0.16349,-1.87572,0.00194,-0.7566
223.35,SYN.ETH-30AUG19,1564052340752,open,0.38,0.0,0.345,0.424,0.384761,111.6,None,0.0,ETH-30AUG19-140-C,222.57,0.0,0.0,0.0,0.0,0.0,0.0,0.08935,-0.13897,0.12068,0.00163,0.93447
222.74,SYN.ETH-2AUG19,1564052340752,open,0.23,0.0,0.177,0.274,0.225157,118.53,None,0.0,ETH-2AUG19-270-P,222.57,0.0,0.0,0.0,0.0,0.0,0.0,0.07774,-0.58498,-0.05147,0.00613,-0.84568
225.75,ETH-27DEC19,1564052340757,open,1.05,0.0,0.958,1.121,1.03953,109.7,None,0.0,ETH-27DEC19-440-P,222.57,64.65,0.963,110.0,0.0,0.0,0.0,0.4968,-0.17594,-1.68343,0.00209,-0.7179
223.35,SYN.ETH-30AUG19,1564052340759,open,0.13,238.0,0.085,0.174,0.129689,110.97,0.128,0.0,ETH-30AUG19-220-P,222.57,108.77,0.127,370.0,0.135,142.0,115.32,0.27283,-0.42195,-0.11934,0.00501,-0.41395
222.74,SYN.ETH-2AUG19,1564052340759,open,0.09,291.0,0.045,0.131,0.087757,118.14,0.087,0.0,ETH-2AUG19-230-P,222.57,113.41,0.085,183.0,0.093,298.0,127.12,0.1299,-0.9743,-0.03012,0.01027,-0.53904
222.74,SYN.ETH-2AUG19,1564052340771,open,0.0,489.0,0.001,0.041,0.001587,118.05,0.005,0.0,ETH-2AUG19-160-P,222.57,0.0,0.0,0.0,0.002,250.0,122.84,0.01786,-0.13383,-0.00118,0.00141,-0.02304
222.59,SYN.ETH-26JUL19,1564052340771,open,0.0,1438.0,0.001,0.042,0.002897,120.08,0.002,0.0,ETH-26JUL19-240-C,222.57,93.61,0.001,775.0,0.004,465.0,131.56,0.01989,-0.64492,0.00055,0.01393,0.10546
222.74,SYN.ETH-2AUG19,1564052340773,open,0.03,83.0,0.001,0.067,0.027824,118.21,0.026,0.0,ETH-2AUG19-250-C,222.57,112.45,0.025,163.0,0.03,250.0,122.56,0.11045,-0.82886,0.0122,0.00873,0.28161
222.59,SYN.ETH-26JUL19,1564052340773,open,0.36,659.0,0.294,0.401,0.347715,0.0,0.465,0.0,ETH-26JUL19-300-P,222.57,0.0,0.297,25.0,0.4,25.0,500.0,0.0,0.0,-0.0072,0.0,-1.0
222.74,SYN.ETH-2AUG19,1564052340777,open,0.01,694.0,0.001,0.048,0.00822,118.04,0.009,0.0,ETH-2AUG19-180-P,222.57,108.43,0.006,170.0,0.009,250.0,121.14,0.05495,-0.41179,-0.00492,0.00435,-0.09418
222.74,SYN.ETH-2AUG19,1564052340777,open,0.02,204.0,0.001,0.059,0.019224,118.46,0.017,0.0,ETH-2AUG19-260-C,222.57,113.13,0.017,169.0,0.021,200.0,122.58,0.09464,-0.71174,0.00923,0.00746,0.21131
223.96,ETH-27SEP19,1564052340780,open,0.28,779.0,0.238,0.317,0.277746,108.26,0.227,0.0,ETH-27SEP19-180-C,222.57,66.62,0.227,99.0,0.609,10.0,370.74,0.29071,-0.24635,0.18933,0.00306,0.76082
223.96,ETH-27SEP19,1564052340780,open,1.0,0.0,0.909,1.067,0.988379,114.66,None,0.0,ETH-27SEP19-440-P,222.57,0.0,0.0,0.0,0.0,0.0,0.0,0.18896,-0.1696,-0.73173,0.00188,-0.8786
222.59,SYN.ETH-26JUL19,1564052340780,open,0.54,1130.0,0.467,0.588,0.52741,0.0,0.6,0.0,ETH-26JUL19-340-P,222.57,0.0,0.474,25.0,0.578,25.0,500.0,0.0,0.0,-0.00816,0.0,-1.0
225.75,ETH-27DEC19,1564052340782,open,1.38,37.0,1.273,1.462,1.367426,110.61,0.707,0.0,ETH-27DEC19-520-P,222.57,0.0,0.001,500.0,0.0,0.0,0.0,0.42674,-0.15238,-2.06421,0.00178,-0.78752
223.96,ETH-27SEP19,1564052340786,open,0.64,0.0,0.605,0.684,0.644713,117.82,None,0.0,ETH-27SEP19-80-C,222.57,0.0,0.003,10.0,0.0,0.0,0.0,0.02447,-0.02257,0.13542,0.00024,0.99023
222.59,SYN.ETH-26JUL19,1564052340786,open,0.37,0.0,0.332,0.411,0.371067,302.59,None,0.0,ETH-26JUL19-140-C,222.57,0.0,0.0,0.0,0.0,0.0,0.0,0.00026,-0.039,0.00336,7e-05,0.99932
222.59,SYN.ETH-26JUL19,1564052340789,open,1.35,0.0,1.243,1.429,1.336039,0.0,None,0.0,ETH-26JUL19-520-P,222.57,0.0,0.0,0.0,0.0,0.0,0.0,0.0,0.0,-0.01248,0.0,-1.0
222.74,SYN.ETH-2AUG19,1564052340789,open,0.28,0.0,0.244,0.323,0.283297,118.45,None,0.0,ETH-2AUG19-160-C,222.57,0.0,0.0,0.0,0.0,0.0,0.0,0.01808,-0.13593,0.03332,0.00143,0.97662
225.75,ETH-27DEC19,1564052340794,open,1.89,0.0,1.761,1.99,1.875776,112.29,None,0.0,ETH-27DEC19-640-P,222.57,0.0,0.0,0.0,0.0,0.0,0.0,0.33489,-0.1214,-2.61597,0.00138,-0.85518
225.75,ETH-27DEC19,1564052340794,open,2.07,0.0,1.927,2.169,2.048014,113.01,None,0.0,ETH-27DEC19-680-P,222.57,0.0,0.0,0.0,0.0,0.0,0.0,0.3099,-0.11307,-2.79584,0.00127,-0.87071
223.35,SYN.ETH-30AUG19,1564052340794,open,0.19,146.0,0.151,0.23,0.190273,111.56,0.196,0.0,ETH-30AUG19-200-C,222.57,104.99,0.183,368.0,0.197,263.0,117.62,0.24768,-0.3851,0.1093,0.00453,0.68814
222.74,SYN.ETH-2AUG19,1564052340797,open,0.01,4.0,0.001,0.048,0.008896,119.58,0.009,0.0,ETH-2AUG19-280-C,222.57,112.45,0.007,182.0,0.01,250.0,123.42,0.06243,-0.47392,0.00497,0.00488,0.11226
222.74,SYN.ETH-2AUG19,1564052340797,open,0.32,0.0,0.256,0.36,0.307728,119.31,None,0.0,ETH-2AUG19-290-P,222.57,0.0,0.0,0.0,0.0,0.0,0.0,0.04776,-0.36176,-0.0591,0.00374,-0.92191
222.59,SYN.ETH-26JUL19,1564052340799,open,0.0,1448.0,0.001,0.04,2.5e-05,144.97,0.001,0.0,ETH-26JUL19-180-P,222.57,0.0,0.0,0.0,0.001,300.0,224.27,0.00045,-0.00561,-1e-05,0.00026,-0.00124
223.35,SYN.ETH-30AUG19,1564052340806,open,0.02,1850.0,0.001,0.058,0.018752,113.72,0.018,0.0,ETH-30AUG19-360-C,222.57,109.25,0.016,421.0,0.021,499.0,117.16,0.14244,-0.22576,0.02286,0.00255,0.1229
222.59,SYN.ETH-26JUL19,1564052340806,open,0.0,885.0,0.001,0.04,0.000294,144.95,0.001,0.0,ETH-26JUL19-190-P,222.57,0.0,0.0,0.0,0.001,300.0,174.9,0.00334,-0.06551,-6e-05,0.00194,-0.01175
223.35,SYN.ETH-30AUG19,1564052340806,open,0.81,0.0,0.73,0.873,0.801654,115.19,None,0.0,ETH-30AUG19-400-P,222.57,0.0,0.0,0.0,0.0,0.0,0.0,0.10006,-0.16064,-0.37885,0.00177,-0.92407
222.59,SYN.ETH-26JUL19,1564052340808,open,0.23,0.0,0.197,0.276,0.236296,186.1,None,0.0,ETH-26JUL19-170-C,222.57,0.0,0.0,0.0,0.0,0.0,0.0,0.00048,-0.04463,0.00407,0.00022,0.99866
222.59,SYN.ETH-26JUL19,1564052340810,open,0.0,1117.0,0.001,0.04,0.0,145.01,0.001,0.0,ETH-26JUL19-440-C,222.57,0.0,0.0,0.0,0.001,306.0,500.0,0.0,0.0,0.0,0.0,0.0
222.59,SYN.ETH-26JUL19,1564052340810,open,0.06,464.0,0.021,0.1,0.060747,114.24,0.042,0.0,ETH-26JUL19-210-C,222.57,84.36,0.058,200.0,0.062,271.0,125.07,0.02458,-1.40397,0.00425,0.0181,0.85733
222.74,SYN.ETH-2AUG19,1564052340812,open,0.0,191.0,0.001,0.043,0.003761,119.58,0.004,0.0,ETH-2AUG19-300-C,222.57,106.64,0.002,754.0,0.005,250.0,126.68,0.03586,-0.27226,0.00241,0.0028,0.05398
223.96,ETH-27SEP19,1564052340814,open,0.0,4511.0,0.001,0.044,0.00445,108.26,0.005,0.0,ETH-27SEP19-100-P,222.57,94.61,0.002,300.0,0.005,200.0,110.64,0.0499,-0.04228,-0.01052,0.00053,-0.02238
222.59,SYN.ETH-26JUL19,1564052340814,open,0.01,1456.0,0.001,0.049,0.009764,113.88,0.008,0.0,ETH-26JUL19-230-C,222.57,103.14,0.008,28.0,0.011,337.0,121.21,0.0372,-2.11816,0.00149,0.02748,0.28799
222.59,SYN.ETH-26JUL19,1564052340814,open,0.18,867.0,0.122,0.215,0.168399,141.63,0.237,0.0,ETH-26JUL19-260-P,222.57,0.0,0.125,25.0,0.205,25.0,469.86,0.00383,-0.271,-0.00617,0.00227,-0.98627
222.59,SYN.ETH-26JUL19,1564052340814,open,1.26,0.0,1.157,1.336,1.246191,0.0,None,0.0,ETH-26JUL19-500-P,222.57,0.0,0.0,0.0,0.0,0.0,0.0,0.0,0.0,-0.012,0.0,-1.0
225.75,ETH-27DEC19,1564052340816,open,0.05,167.0,0.015,0.094,0.05444,111.05,0.054,0.0,ETH-27DEC19-560-C,222.57,109.05,0.051,384.0,0.057,291.0,112.51,0.39331,-0.14101,0.12563,0.00164,0.1856
222.59,SYN.ETH-26JUL19,1564052340816,open,0.0,1934.0,0.001,0.04,1.3e-05,145.03,0.002,0.0,ETH-26JUL19-280-C,222.57,0.0,0.0,0.0,0.001,303.0,231.07,0.00026,-0.00293,0.0,0.00015,0.0007
222.74,SYN.ETH-2AUG19,1564052340816,open,0.04,104.0,0.001,0.079,0.039643,118.21,0.036,0.0,ETH-2AUG19-240-C,222.57,111.58,0.036,142.0,0.042,419.0,122.47,0.12307,-0.92366,0.01568,0.00973,0.36582
223.96,ETH-27SEP19,1564052340820,open,2.24,0.0,2.09,2.347,2.218398,122.75,None,0.0,ETH-27SEP19-720-P,222.57,0.0,0.0,0.0,0.0,0.0,0.0,0.04884,-0.04692,-1.25285,0.00045,-0.97818
223.35,SYN.ETH-30AUG19,1564052340820,open,0.56,0.0,0.486,0.609,0.547516,113.37,None,0.0,ETH-30AUG19-340-P,222.57,0.0,0.0,0.0,0.0,0.0,0.0,0.16867,-0.26652,-0.30514,0.00303,-0.84243
223.96,ETH-27SEP19,1564052340822,open,1.17,0.0,1.075,1.247,1.160836,116.43,None,0.0,ETH-27SEP19-480-P,222.57,0.0,0.0,0.0,0.0,0.0,0.0,0.15606,-0.14223,-0.8104,0.00153,-0.90686
225.75,ETH-27DEC19,1564052340822,open,1.72,0.0,1.597,1.813,1.705115,111.9,0.953,0.0,ETH-27DEC19-600-P,222.57,0.0,0.0,0.0,0.0,0.0,0.0,0.36415,-0.13155,-2.43375,0.0015,-0.83561
222.59,SYN.ETH-26JUL19,1564052340822,open,0.01,1465.0,0.001,0.044,0.004147,113.86,0.004,0.0,ETH-26JUL19-210-P,222.57,102.81,0.003,138.0,0.006,440.0,129.61,0.02449,-0.92302,-0.00078,0.01809,-0.1419
222.59,SYN.ETH-26JUL19,1564052340824,open,0.03,1110.0,0.001,0.068,0.028261,113.04,0.03,0.0,ETH-26JUL19-220-C,222.57,85.13,0.023,139.0,0.03,310.0,122.18,0.04227,-2.38912,0.00302,0.03146,0.59444
222.59,SYN.ETH-26JUL19,1564052340824,open,0.05,618.0,0.002,0.084,0.043011,113.61,0.133,0.0,ETH-26JUL19-230-P,222.57,107.49,0.042,156.0,0.046,210.0,131.09,0.03717,-2.11121,-0.00403,0.02752,-0.71252
222.59,SYN.ETH-26JUL19,1564052340826,open,0.14,0.0,0.107,0.186,0.146742,147.4,None,0.0,ETH-26JUL19-190-C,222.57,0.0,0.0,0.0,0.0,0.0,0.0,0.00363,-0.26746,0.00449,0.00207,0.98709
222.59,SYN.ETH-26JUL19,1564052340826,open,0.0,1076.0,0.001,0.04,0.0,145.01,0.005,0.0,ETH-26JUL19-600-C,222.57,0.0,0.0,0.0,0.005,300.0,500.0,0.0,0.0,0.0,0.0,0.0
222.74,SYN.ETH-2AUG19,1564052340826,open,0.27,0.0,0.216,0.316,0.265903,119.38,None,0.0,ETH-2AUG19-280-P,222.57,0.0,0.0,0.0,0.0,0.0,0.0,0.06225,-0.47177,-0.05547,0.00487,-0.88819
222.74,SYN.ETH-2AUG19,1564052340826,open,0.12,151.0,0.089,0.168,0.128854,118.12,0.079,0.0,ETH-2AUG19-200-C,222.57,109.55,0.125,186.0,0.132,134.0,124.94,0.10163,-0.76216,0.03035,0.00804,0.76035
222.59,SYN.ETH-26JUL19,1564052340828,open,0.0,398.0,0.001,0.04,7.8e-05,145.03,0.001,0.0,ETH-26JUL19-270-C,222.57,0.0,0.0,0.0,0.001,300.0,200.37,0.00119,-0.01738,2e-05,0.00069,0.00365
222.74,SYN.ETH-2AUG19,1564052340830,open,0.12,2.0,0.073,0.161,0.117077,118.12,0.21,0.0,ETH-2AUG19-240-P,222.57,114.35,0.115,152.0,0.123,340.0,128.77,0.12306,-0.92286,-0.03611,0.00973,-0.63433
223.96,ETH-27SEP19,1564052340833,open,0.01,2793.0,0.001,0.045,0.005724,120.79,0.006,0.0,ETH-27SEP19-640-C,222.57,114.68,0.004,100.0,0.007,300.0,124.58,0.07065,-0.0668,0.01107,0.00067,0.03398
225.75,ETH-27DEC19,1564052340833,open,1.55,0.0,1.434,1.636,1.53528,111.18,0.845,0.0,ETH-27DEC19-560-P,222.57,0.0,0.0,0.0,0.0,0.0,0.0,0.39396,-0.1414,-2.25028,0.00164,-0.81391
225.75,ETH-27DEC19,1564052340835,open,0.45,441.0,0.382,0.496,0.439133,106.95,0.454,0.0,ETH-27DEC19-280-P,222.57,104.21,0.432,150.0,0.45,30.0,111.14,0.5862,-0.20241,-0.8846,0.00253,-0.48435
223.35,SYN.ETH-30AUG19,1564052340835,open,0.01,320.0,0.001,0.052,0.01155,111.53,0.011,0.0,ETH-30AUG19-140-P,222.57,110.14,0.011,204.0,0.012,200.0,112.65,0.08925,-0.13873,-0.0169,0.00163,-0.06544
223.35,SYN.ETH-30AUG19,1564052340835,open,0.08,161.0,0.043,0.122,0.082464,111.99,0.06,0.0,ETH-30AUG19-260-C,222.57,108.29,0.078,160.0,0.085,221.0,114.08,0.27026,-0.42181,0.06938,0.00492,0.3985
222.59,SYN.ETH-26JUL19,1564052340835,open,0.0,5408.0,0.001,0.041,0.001221,131.4,0.001,0.0,ETH-26JUL19-200-P,222.57,126.38,0.001,393.0,0.002,560.0,145.96,0.01034,-0.27176,-0.00025,0.00662,-0.04505
222.59,SYN.ETH-26JUL19,1564052340835,open,0.0,626.0,0.001,0.04,0.000926,130.49,0.001,0.0,ETH-26JUL19-250-C,222.57,0.0,0.0,0.0,0.001,281.0,132.31,0.00884,-0.20613,0.00019,0.0057,0.03713
223.35,SYN.ETH-30AUG19,1564052340835,open,0.05,965.0,0.01,0.093,0.051061,111.53,0.051,0.0,ETH-30AUG19-180-P,222.57,109.27,0.049,238.0,0.054,401.0,114.73,0.20415,-0.31733,-0.05823,0.00373,-0.21419
223.96,ETH-27SEP19,1564052340837,open,1.88,0.0,1.749,1.977,1.863377,120.79,None,0.0,ETH-27SEP19-640-P,222.57,0.0,0.0,0.0,0.0,0.0,0.0,0.07065,-0.0668,-1.10894,0.00067,-0.96602
222.59,SYN.ETH-26JUL19,1564052340837,open,0.0,841.0,0.001,0.04,1e-06,144.98,0.002,0.0,ETH-26JUL19-170-P,222.57,0.0,0.0,0.0,0.001,300.0,275.21,3e-05,-0.00024,0.0,2e-05,-6e-05
223.96,ETH-27SEP19,1564052340840,open,0.47,47.0,0.437,0.516,0.476724,108.26,0.689,0.0,ETH-27SEP19-120-C,222.57,0.0,0.0,0.0,0.0,0.0,0.0,0.10322,-0.08747,0.1838,0.00109,0.94567
222.59,SYN.ETH-26JUL19,1564052340840,open,0.99,0.0,0.898,1.055,0.976648,0.0,None,0.0,ETH-26JUL19-440-P,222.57,0.0,0.0,0.0,0.0,0.0,0.0,0.0,0.0,-0.01056,0.0,-1.0
222.59,SYN.ETH-26JUL19,1564052340840,open,0.0,1920.0,0.001,0.04,0.0,145.01,0.001,0.0,ETH-26JUL19-380-C,222.57,0.0,0.0,0.0,0.001,334.0,468.64,0.0,0.0,0.0,0.0,0.0
222.59,SYN.ETH-26JUL19,1564052340840,open,0.0,1183.0,0.001,0.04,0.0,145.01,0.001,0.0,ETH-26JUL19-560-C,222.57,0.0,0.0,0.0,0.001,324.0,500.0,0.0,0.0,0.0,0.0,0.0
222.59,SYN.ETH-26JUL19,1564052340842,open,0.27,857.0,0.208,0.308,0.25788,0.0,0.348,0.0,ETH-26JUL19-280-P,222.57,0.0,0.211,25.0,0.297,25.0,500.0,0.0,0.0,-0.00672,0.0,-1.0
222.74,SYN.ETH-2AUG19,1564052340842,open,0.32,0.0,0.288,0.367,0.327575,128.28,None,0.0,ETH-2AUG19-150-C,222.57,0.0,0.0,0.0,0.0,0.0,0.0,0.0118,-0.09611,0.03164,0.00086,0.98583
222.59,SYN.ETH-26JUL19,1564052340842,open,0.81,985.0,0.726,0.868,0.796953,0.0,0.205,0.0,ETH-26JUL19-400-P,222.57,0.0,0.0,0.0,0.0,0.0,0.0,0.0,0.0,-0.0096,0.0,-1.0
222.59,SYN.ETH-26JUL19,1564052340842,open,0.45,516.0,0.381,0.495,0.437562,0.0,0.382,0.0,ETH-26JUL19-320-P,222.57,0.0,0.419,57.0,0.485,25.0,500.0,0.0,0.0,-0.00768,0.0,-1.0
223.96,ETH-27SEP19,1564052340844,open,0.56,0.0,0.518,0.597,0.557942,108.26,None,0.0,ETH-27SEP19-100-C,222.57,0.0,0.003,10.0,0.0,0.0,0.0,0.0499,-0.04228,0.16448,0.00053,0.97762
222.59,SYN.ETH-26JUL19,1564052340844,open,0.32,0.0,0.287,0.366,0.326143,261.7,None,0.0,ETH-26JUL19-150-C,222.57,0.0,0.0,0.0,0.0,0.0,0.0,0.00031,-0.04073,0.00359,0.0001,0.99916
222.59,SYN.ETH-26JUL19,1564052340844,open,0.22,0.0,0.165,0.261,0.213021,129.87,None,0.0,ETH-26JUL19-270-P,222.57,0.0,0.168,25.0,0.251,25.0,500.0,0.00048,-0.03103,-0.00647,0.00031,-0.99867
223.35,SYN.ETH-30AUG19,1564052340844,open,0.06,139.0,0.022,0.101,0.061181,111.98,0.055,0.0,ETH-30AUG19-280-C,222.57,108.23,0.057,280.0,0.064,243.0,114.49,0.25034,-0.39071,0.05677,0.00456,0.31978
222.74,SYN.ETH-2AUG19,1564052340847,open,0.02,220.0,0.001,0.056,0.015553,118.04,0.014,0.0,ETH-2AUG19-190-P,222.57,113.58,0.014,166.0,0.015,1.0,116.47,0.07888,-0.59112,-0.00833,0.00624,-0.15777
223.96,ETH-27SEP19,1564052340849,open,0.4,191.0,0.363,0.442,0.402201,108.26,0.5,0.0,ETH-27SEP19-140-C,222.57,0.0,0.01,50.0,0.0,0.0,0.0,0.16817,-0.14251,0.19387,0.00177,0.89686
222.74,SYN.ETH-2AUG19,1564052340849,open,0.16,0.0,0.123,0.202,0.162584,118.15,0.138,0.0,ETH-2AUG19-190-C,222.57,0.0,0.0,0.0,0.0,0.0,0.0,0.07894,-0.59211,0.03266,0.00624,0.84204
223.35,SYN.ETH-30AUG19,1564052340849,open,0.32,0.0,0.263,0.367,0.314758,111.93,None,0.0,ETH-30AUG19-280-P,222.57,0.0,0.0,0.0,0.0,0.0,0.0,0.2503,-0.39047,-0.21846,0.00456,-0.68035
223.35,SYN.ETH-30AUG19,1564052340849,open,0.03,935.0,0.001,0.067,0.02664,111.53,0.027,0.0,ETH-30AUG19-160-P,222.57,110.56,0.026,210.0,0.028,200.0,113.57,0.14773,-0.22963,-0.03428,0.0027,-0.12949
225.75,ETH-27DEC19,1564052340856,open,0.4,0.0,0.364,0.443,0.40352,106.26,None,0.0,ETH-27DEC19-160-C,222.57,0.0,0.001,1000.0,0.98,5.0,500.0,0.41106,-0.14101,0.38028,0.00179,0.80051
223.96,ETH-27SEP19,1564052340856,open,0.58,345.0,0.513,0.638,0.575418,111.5,0.76,0.0,ETH-27SEP19-340-P,222.57,97.81,0.558,110.0,0.637,25.0,153.13,0.30026,-0.26207,-0.51789,0.00307,-0.74595
222.74,SYN.ETH-2AUG19,1564052340856,open,0.36,0.0,0.297,0.404,0.350553,119.2,None,0.0,ETH-2AUG19-300-P,222.57,0.0,0.0,0.0,0.0,0.0,0.0,0.03554,-0.26894,-0.06234,0.00278,-0.94663
222.74,SYN.ETH-2AUG19,1564052340856,open,0.16,0.0,0.105,0.196,0.150152,118.11,None,0.0,ETH-2AUG19-250-P,222.57,0.0,0.0,0.0,0.0,0.0,0.0,0.1104,-0.82783,-0.04175,0.00873,-0.71861
222.74,SYN.ETH-2AUG19,1564052340856,open,0.19,0.0,0.139,0.233,0.186444,118.33,None,0.0,ETH-2AUG19-260-P,222.57,0.0,0.0,0.0,0.0,0.0,0.0,0.09456,-0.71042,-0.04688,0.00746,-0.78899
225.75,ETH-27DEC19,1564052340858,open,0.03,801.0,0.001,0.071,0.031194,113.33,0.035,0.0,ETH-27DEC19-720-C,222.57,110.73,0.028,272.0,0.034,350.0,115.5,0.28486,-0.10422,0.07997,0.00116,0.11468
222.74,SYN.ETH-2AUG19,1564052340858,open,0.07,280.0,0.035,0.114,0.074861,117.82,0.077,0.0,ETH-2AUG19-220-C,222.57,111.15,0.071,156.0,0.077,150.0,121.51,0.12891,-0.96421,0.02345,0.01022,0.56281
223.96,ETH-27SEP19,1564052340860,open,2.41,0.0,2.261,2.531,2.396126,122.75,None,0.0,ETH-27SEP19-760-P,222.57,0.0,0.001,1.0,0.0,0.0,0.0,0.03927,-0.03773,-1.32444,0.00036,-0.98311
223.35,SYN.ETH-30AUG19,1564052340860,open,0.03,1513.0,0.001,0.065,0.025314,113.46,0.024,0.0,ETH-30AUG19-340-C,222.57,110.34,0.023,120.0,0.027,449.0,115.66,0.16886,-0.26702,0.02909,0.00304,0.15783
223.96,ETH-27SEP19,1564052340862,open,2.06,0.0,1.92,2.162,2.040824,122.14,None,0.0,ETH-27SEP19-680-P,222.57,0.0,0.0,0.0,0.0,0.0,0.0,0.05938,-0.05677,-1.18101,0.00055,-0.97245
223.96,ETH-27SEP19,1564052340862,open,1.7,27.0,1.58,1.793,1.686482,119.8,1.044,0.0,ETH-27SEP19-600-P,222.57,0.0,0.0,0.0,0.0,0.0,0.0,0.08576,-0.08042,-1.03603,0.00082,-0.95691
222.59,SYN.ETH-26JUL19,1564052340862,open,0.0,1186.0,0.001,0.04,0.0,145.01,0.001,0.0,ETH-26JUL19-520-C,222.57,0.0,0.0,0.0,0.001,300.0,500.0,0.0,0.0,0.0,0.0,0.0
222.59,SYN.ETH-26JUL19,1564052340862,open,0.0,929.0,0.001,0.04,0.00038,144.53,0.001,0.0,ETH-26JUL19-260-C,222.57,0.0,0.0,0.0,0.001,303.0,167.61,0.00423,-0.08449,8e-05,0.00246,0.01542
222.59,SYN.ETH-26JUL19,1564052340862,open,0.02,2565.0,0.001,0.057,0.016585,112.8,0.019,0.0,ETH-26JUL19-220-P,222.57,88.51,0.012,326.0,0.019,123.0,125.49,0.04227,-2.38396,-0.00225,0.03152,-0.40541
223.35,SYN.ETH-30AUG19,1564052340862,open,0.4,0.0,0.334,0.444,0.388664,112.36,None,0.0,ETH-30AUG19-300-P,222.57,0.0,0.0,0.0,0.0,0.0,0.0,0.22447,-0.3515,-0.24906,0.00407,-0.74583
222.59,SYN.ETH-26JUL19,1564052340862,open,0.0,1986.0,0.001,0.04,0.0,145.02,0.001,0.0,ETH-26JUL19-320-C,222.57,0.0,0.0,0.0,0.001,308.0,338.56,0.0,0.0,0.0,0.0,0.0
222.59,SYN.ETH-26JUL19,1564052340862,open,1.17,0.0,1.071,1.242,1.156343,0.0,None,0.0,ETH-26JUL19-480-P,222.57,0.0,0.0,0.0,0.0,0.0,0.0,0.0,0.0,-0.01152,0.0,-1.0
225.75,ETH-27DEC19,1564052340864,open,2.42,0.0,2.259,2.53,2.394412,114.12,None,0.0,ETH-27DEC19-760-P,222.57,0.0,0.001,100.0,0.0,0.0,0.0,0.26482,-0.09756,-3.15225,0.00107,-0.89639
222.59,SYN.ETH-26JUL19,1564052340864,open,0.0,1074.0,0.001,0.04,0.0,145.01,0.001,0.0,ETH-26JUL19-480-C,222.57,0.0,0.0,0.0,0.001,300.0,500.0,0.0,0.0,0.0,0.0,0.0
223.35,SYN.ETH-30AUG19,1564052340864,open,0.24,757.0,0.206,0.285,0.24519,111.57,0.204,0.0,ETH-30AUG19-180-C,222.57,85.98,0.223,120.0,0.0,0.0,0.0,0.20418,-0.31749,0.11867,0.00373,0.78576
223.35,SYN.ETH-30AUG19,1564052340867,open,0.14,115.0,0.105,0.184,0.144735,111.01,0.117,0.0,ETH-30AUG19-220-C,222.57,106.31,0.139,120.0,0.147,174.0,112.86,0.27282,-0.42209,0.09689,0.00501,0.58607
10329.64,BTC-27DEC19,1564052341377,open,4.06,1.0,3.84,4.243,4.04162014,112.64,4.454,0.0,BTC-27DEC19-52000-P,10086.92,0.0,0.0015,1.0,6.0,1.0,500.0,4.97754,-1.81012,-219.52143,1e-05,-0.96681
10187.74,BTC-27SEP19,1564052341378,open,2.15,0.0,2.018,2.269,2.14327774,114.01,None,0.0,BTC-27SEP19-32000-P,10086.92,0.0,0.0005,1.0,0.0,0.0,0.0,1.64479,-1.46784,-55.7673,1e-05,-0.98467
10187.74,BTC-27SEP19,1564052341380,open,1.95,0.0,1.83,2.0655,1.94776127,113.04,None,0.0,BTC-27SEP19-30000-P,10086.92,0.0,0.0005,1.0,0.0,0.0,0.0,2.09076,-1.85007,-52.19273,1e-05,-0.97969
222.74,SYN.ETH-2AUG19,1564052342012,open,0.02,220.0,0.001,0.056,0.015561,118.04,0.014,0.0,ETH-2AUG19-190-P,222.57,113.58,0.014,165.0,0.015,1.0,116.47,0.07888,-0.59112,-0.00833,0.00624,-0.15777
225.75,ETH-27DEC19,1564052342073,open,0.05,167.0,0.015,0.094,0.054451,111.05,0.054,0.0,ETH-27DEC19-560-C,222.57,109.05,0.051,383.0,0.057,291.0,112.51,0.39331,-0.14101,0.12563,0.00164,0.1856
225.75,ETH-27DEC19,1564052342095,open,0.06,526.0,0.024,0.103,0.063802,110.5,0.068,0.0,ETH-27DEC19-520-C,222.57,108.47,0.06,383.0,0.067,284.0,112.19,0.42623,-0.15205,0.14202,0.00178,0.21205
222.74,SYN.ETH-2AUG19,1564052342127,open,0.03,83.0,0.001,0.067,0.027813,118.21,0.026,0.0,ETH-2AUG19-250-C,222.57,112.45,0.025,163.0,0.03,497.0,122.56,0.11045,-0.82886,0.0122,0.00873,0.28161
10187.6,BTC-27SEP19,1564052343376,open,0.29,73.0,0.239,0.342,0.29041486,104.64,0.282,0.0,BTC-27SEP19-12000-P,10086.91,101.35,0.285,2.5,0.295,5.0,107.42,16.79866,-13.75961,-15.19117,9e-05,-0.56166
10187.6,BTC-27SEP19,1564052343376,open,0.06,385.5,0.0175,0.097,0.05708366,106.81,0.0495,0.0,BTC-27SEP19-15000-C,10086.91,105.27,0.055,8.0,0.059,46.9,108.22,13.83232,-11.56542,3.62324,7e-05,0.26031
10329.45,BTC-27DEC19,1564052343376,open,1.39,0.0,1.283,1.473,1.37795024,106.1,None,0.0,BTC-27DEC19-24000-P,10086.91,71.99,1.3335,5.0,1.4535,5.0,142.08,18.31746,-6.27436,-95.85353,4e-05,-0.80901
10329.45,BTC-27DEC19,1564052343376,open,0.05,153.0,0.0055,0.085,0.04532169,106.69,0.045,0.0,BTC-27DEC19-26000-C,10086.91,105.23,0.043,18.9,0.047,14.9,107.73,16.59512,-5.71614,5.17388,3e-05,0.16337
10329.45,BTC-27DEC19,1564052343376,open,0.3,155.1,0.2465,0.35,0.29815508,100.35,0.296,0.0,BTC-27DEC19-11000-P,10086.91,98.71,0.294,4.9,0.3025,4.9,102.06,26.13876,-8.46786,-30.98606,6e-05,-0.40881
10187.6,BTC-27SEP19,1564052343376,open,0.09,219.4,0.05,0.1295,0.08985943,105.64,0.077,0.0,BTC-27SEP19-13000-C,10086.91,104.14,0.0875,8.0,0.092,35.6,106.99,16.09744,-13.31077,5.0023,8e-05,0.37044
10187.6,BTC-27SEP19,1564052343376,open,0.28,901.9,0.243,0.3225,0.28260734,103.1,0.2995,0.0,BTC-27SEP19-8000-C,10086.91,95.65,0.2735,8.0,0.2935,8.0,111.83,12.58068,-10.15318,8.88842,7e-05,0.78116
10187.6,BTC-27SEP19,1564052343376,open,1.56,0.0,1.456,1.66,1.55815857,111.46,None,0.0,BTC-27SEP19-26000-P,10086.91,0.0,0.0005,1.0,0.0,0.0,0.0,3.51051,-3.0628,-44.93342,2e-05,-0.96216
10329.45,BTC-27DEC19,1564052343376,open,0.52,20.7,0.4545,0.575,0.51459927,102.12,0.5215,0.0,BTC-27DEC19-14000-P,10086.91,99.75,0.5085,3.6,0.5195,3.6,104.01,26.63578,-8.78098,-46.64122,6e-05,-0.54955
10329.45,BTC-27DEC19,1564052343376,open,0.58,6.5,0.5445,0.624,0.58406009,99.77,0.575,0.0,BTC-27DEC19-4500-C,10086.91,0.0,0.5265,10.0,0.643,10.0,161.74,7.42139,-2.39033,15.84573,2e-05,0.94559
10187.6,BTC-27SEP19,1564052343376,open,0.0,49.2,0.0005,0.041,0.00124167,122.18,0.006,0.0,BTC-27SEP19-3250-P,10086.91,109.09,0.0005,25.0,0.002,59.3,130.74,0.76408,-0.73073,-0.13571,0.0,-0.00637
10187.6,BTC-27SEP19,1564052343376,open,0.02,669.6,0.0005,0.059,0.01857897,105.28,0.0175,0.0,BTC-27SEP19-6000-P,10086.91,102.64,0.017,24.0,0.02,29.0,107.59,6.18403,-5.09647,-1.71258,3e-05,-0.07748
10329.45,BTC-27DEC19,1564052343376,open,0.62,27.2,0.5855,0.665,0.62525803,99.77,0.65,0.0,BTC-27DEC19-4000-C,10086.91,0.0,0.5665,10.0,0.6865,10.0,175.62,5.45959,-1.7585,14.79642,1e-05,0.96285
10187.6,BTC-27SEP19,1564052343377,open,0.16,253.3,0.1135,0.2055,0.1594507,102.69,0.182,0.0,BTC-27SEP19-10000-P,10086.91,99.31,0.154,7.5,0.163,5.0,104.89,16.44534,-13.21901,-9.94175,9e-05,-0.39818
10329.44,BTC-27DEC19,1564052343377,open,1.76,2.0,1.639,1.8585,1.74871484,107.25,1.563,0.0,BTC-27DEC19-28000-P,10086.91,0.0,1.6925,5.0,1.8355,5.0,152.36,15.01335,-5.19846,-114.31642,3e-05,-0.85949
10329.44,BTC-27DEC19,1564052343377,open,0.14,345.8,0.1015,0.181,0.14124861,102.65,0.13,0.0,BTC-27DEC19-15000-C,10086.91,101.37,0.138,10.0,0.1445,30.0,103.93,26.18047,-8.6761,11.84686,6e-05,0.41154
10187.6,BTC-27SEP19,1564052343377,open,1.18,0.2,1.0855,1.259,1.17232591,109.82,1.391,0.0,BTC-27SEP19-22000-P,10086.91,0.0,0.0045,10.0,0.0,0.0,0.0,5.97603,-5.13718,-37.40862,3e-05,-0.92592
10329.44,BTC-27DEC19,1564052343377,open,0.27,455.9,0.227,0.3065,0.2669419,99.76,0.2495,0.0,BTC-27DEC19-10000-C,10086.91,98.13,0.263,13.6,0.271,10.0,101.44,25.02239,-8.05887,16.61808,6e-05,0.64609
10329.44,BTC-27DEC19,1564052343377,open,0.35,205.5,0.3155,0.395,0.35533583,99.76,0.359,0.0,BTC-27DEC19-8000-C,10086.91,74.08,0.3045,10.0,0.4035,10.0,123.72,20.74107,-6.68006,17.89741,5e-05,0.76368
10187.6,BTC-27SEP19,1564052343377,open,0.8,28.2,0.764,0.8435,0.80394071,143.32,0.755,0.0,BTC-27SEP19-2000-C,10086.91,0.0,0.737,8.0,0.8715,8.0,447.35,0.18048,-0.20248,3.47254,0.0,0.99872
10187.6,BTC-27SEP19,1564052343377,open,0.99,0.0,0.9035,1.062,0.98273466,109.4,None,0.0,BTC-27SEP19-20000-P,10086.91,0.0,0.0045,10.0,1.561,0.2,500.0,7.83132,-6.70622,-33.44978,4e-05,-0.89346
10329.44,BTC-27DEC19,1564052343376,open,0.67,4.0,0.629,0.7085,0.66863137,100.41,0.64,0.0,BTC-27DEC19-3500-C,10086.91,0.0,0.6075,10.0,0.7315,10.0,193.25,3.76829,-1.22159,13.48228,1e-05,0.97624
10187.6,BTC-27SEP19,1564052343377,open,0.04,333.1,0.0005,0.0785,0.0374132,103.13,0.0475,0.0,BTC-27SEP19-7000-P,10086.91,101.05,0.0355,19.2,0.0395,29.0,105.36,9.43225,-7.61419,-3.14233,5e-05,-0.13884
10187.6,BTC-27SEP19,1564052343378,open,0.0,424.0,0.0005,0.0425,0.00252003,112.36,0.0035,0.0,BTC-27SEP19-4000-P,10086.91,103.9,0.0015,78.0,0.0035,39.0,118.63,1.43361,-1.26084,-0.27801,1e-05,-0.01307
10187.6,BTC-27SEP19,1564052343377,open,0.53,29.6,0.4685,0.5905,0.52944161,106.8,0.58,0.0,BTC-27SEP19-15000-P,10086.91,52.39,0.4765,2.5,0.5785,2.5,140.11,13.83097,-11.56268,-22.62757,7e-05,-0.73974
10187.6,BTC-27SEP19,1564052343377,open,0.11,207.3,0.0645,0.153,0.10874481,102.94,0.1265,0.0,BTC-27SEP19-9000-P,10086.91,101.07,0.106,19.3,0.111,4.7,104.47,14.98069,-12.07093,-7.4198,8e-05,-0.30743
10329.44,BTC-27DEC19,1564052343377,open,0.02,308.2,0.0005,0.06,0.02031316,109.3,0.0235,0.0,BTC-27DEC19-36000-C,10086.91,107.4,0.0185,30.0,0.0215,6.0,110.5,10.10935,-3.56736,2.66544,2e-05,0.08113
10187.6,BTC-27SEP19,1564052343377,open,1.37,0.2,1.27,1.4585,1.36415145,109.8,1.6,0.0,BTC-27SEP19-24000-P,10086.91,0.0,0.0005,1.0,0.0,0.0,0.0,4.46024,-3.83334,-41.24131,2e-05,-0.94907
10329.44,BTC-27DEC19,1564052343378,open,1.95,2.1,1.819,2.0535,1.93638303,107.73,1.95,0.0,BTC-27DEC19-30000-P,10086.91,0.0,1.8795,5.0,2.029,5.0,157.71,13.56184,-4.71656,-123.38415,3e-05,-0.87871
10187.6,BTC-27SEP19,1564052343378,open,0.0,1059.5,0.0005,0.0435,0.00347182,111.43,0.0045,0.0,BTC-27SEP19-4250-P,10086.91,105.51,0.0025,54.0,0.0045,59.0,116.68,1.84078,-1.60554,-0.37369,1e-05,-0.01749
10187.6,BTC-27SEP19,1564052343378,open,0.68,0.0,0.6425,0.722,0.68223078,122.23,None,0.0,BTC-27SEP19-3250-C,10086.91,0.0,0.6205,8.0,0.745,8.0,304.04,0.76588,-0.7328,5.55148,0.0,0.99361
10187.6,BTC-27SEP19,1564052343378,open,1.76,0.0,1.643,1.8625,1.75271132,112.34,None,0.0,BTC-27SEP19-28000-P,10086.91,0.0,0.0005,1.0,0.0,0.0,0.0,2.71008,-2.38308,-48.58365,1e-05,-0.97235
10329.44,BTC-27DEC19,1564052343378,open,0.0,171.8,0.0005,0.0405,0.00051191,117.41,0.0005,0.0,BTC-27DEC19-1500-P,10086.91,0.0,0.0,0.0,0.001,12.0,127.36,0.39445,-0.14952,-0.10285,0.0,-0.00183
10187.6,BTC-27SEP19,1564052343378,open,0.85,42.8,0.813,0.8925,0.85281253,145.48,0.815,0.0,BTC-27SEP19-1500-C,10086.91,0.0,0.7835,8.0,0.9225,8.0,500.0,0.04392,-0.05002,2.61917,0.0,0.99972
10088.3,SYN.BTC-26JUL19,1564052343377,open,0.26,17.0,0.217,0.2965,0.25656417,0.0,0.246,0.0,BTC-26JUL19-7500-C,10086.91,0.0,0.214,4.0,0.3025,4.0,500.0,0.0,0.0,0.17994,0.0,1.0
10329.44,BTC-27DEC19,1564052343378,open,0.0,98.9,0.0005,0.041,0.00133501,112.57,0.001,0.0,BTC-27DEC19-2000-P,10086.91,99.65,0.0005,33.0,0.002,10.0,119.21,0.90029,-0.32717,-0.25939,0.0,-0.00458
10187.6,BTC-27SEP19,1564052343378,open,0.35,748.2,0.3105,0.39,0.350313,103.14,0.395,0.0,BTC-27SEP19-7000-C,10086.91,87.22,0.3365,4.0,0.3675,4.0,120.77,9.43292,-7.6155,9.10737,5e-05,0.86115
10329.44,BTC-27DEC19,1564052343378,open,0.2,268.3,0.165,0.2445,0.20477051,101.02,0.1975,0.0,BTC-27DEC19-12000-C,10086.91,99.56,0.201,13.6,0.2075,10.1,102.07,26.70596,-8.7095,14.70626,6e-05,0.5403
10187.6,BTC-27SEP19,1564052343379,open,0.05,185.3,0.006,0.0855,0.0457271,107.38,0.04,0.0,BTC-27SEP19-16000-C,10086.91,105.97,0.044,8.0,0.047,19.3,108.41,12.53968,-10.5402,3.06432,6e-05,0.2176
10329.44,BTC-27DEC19,1564052343379,open,0.11,162.4,0.064,0.152,0.10786695,99.75,0.12,0.0,BTC-27DEC19-7500-P,10086.91,97.13,0.103,14.9,0.108,4.9,99.83,19.21802,-6.18908,-13.79257,4e-05,-0.20682
10187.6,BTC-27SEP19,1564052343379,open,0.45,78.3,0.3885,0.5035,0.44585894,106.32,0.4045,0.0,BTC-27SEP19-14000-P,10086.91,99.19,0.4355,7.5,0.452,7.5,110.44,15.06134,-12.53436,-20.22866,8e-05,-0.68877
10329.44,BTC-27DEC19,1564052343380,open,0.08,547.7,0.0415,0.121,0.0810493,104.78,0.0785,0.0,BTC-27DEC19-20000-C,10086.91,103.58,0.0785,10.0,0.0835,24.9,105.92,22.05591,-7.46097,8.08008,5e-05,0.2654
10088.3,SYN.BTC-26JUL19,1564052343379,open,0.0,409.2,0.0005,0.042,0.00222798,124.35,0.0025,0.0,BTC-26JUL19-11000-C,10086.91,121.2,0.002,14.8,0.003,35.1,133.99,0.75019,-22.4765,0.01937,0.00025,0.08226
10329.44,BTC-27DEC19,1564052343380,open,2.14,0.3,2.0005,2.25,2.12524209,108.23,1.875,0.0,BTC-27DEC19-32000-P,10086.91,0.0,2.068,5.0,2.2235,5.0,163.05,12.26899,-4.28694,-132.35819,3e-05,-0.8946
10329.44,BTC-27DEC19,1564052343380,open,0.03,285.3,0.0005,0.072,0.03211927,107.77,0.032,0.0,BTC-27DEC19-30000-C,10086.91,106.13,0.03,20.0,0.034,16.0,109.18,13.57364,-4.72254,3.91506,3e-05,0.12144
10187.6,BTC-27SEP19,1564052343380,open,0.03,337.0,0.0005,0.0695,0.02953802,108.3,0.0265,0.0,BTC-27SEP19-18000-C,10086.91,106.72,0.028,8.0,0.031,24.0,109.77,10.00458,-8.48121,2.17511,5e-05,0.15154
10099.33,SYN.BTC-2AUG19,1564052343376,open,0.01,115.7,0.0005,0.0455,0.00556099,114.49,0.005,0.0,BTC-2AUG19-13000-C,10086.91,109.28,0.0045,47.9,0.0065,32.7,118.69,2.16801,-15.75804,0.15831,9e-05,0.07821
10187.6,BTC-27SEP19,1564052343380,open,0.11,710.1,0.073,0.1525,0.1125285,104.65,0.1005,0.0,BTC-27SEP19-12000-C,10086.91,103.42,0.1105,8.0,0.114,5.0,105.54,16.79881,-13.76102,5.80916,9e-05,0.43836
10187.6,BTC-27SEP19,1564052343380,open,0.47,221.9,0.4325,0.512,0.47236492,106.52,0.51,0.0,BTC-27SEP19-5500-C,10086.91,96.02,0.468,8.0,0.4975,8.0,148.41,4.68088,-3.90291,8.44205,2e-05,0.94588
10099.33,SYN.BTC-2AUG19,1564052343378,open,0.07,46.5,0.0295,0.109,0.06920528,110.16,0.07,0.0,BTC-2AUG19-10000-C,10086.91,109.81,0.069,1.0,0.0715,2.8,114.12,5.85899,-40.97598,1.0618,0.00024,0.55646
10099.33,SYN.BTC-2AUG19,1564052343376,open,0.12,2.7,0.0775,0.167,0.12232885,112.47,0.1535,0.0,BTC-2AUG19-11000-P,10086.91,102.35,0.117,20.5,0.1235,18.0,114.66,5.38536,-38.45454,-1.72229,0.00022,-0.66802
10329.44,BTC-27DEC19,1564052343381,open,0.07,220.6,0.0275,0.1125,0.06993778,99.75,0.074,0.0,BTC-27DEC19-6500-P,10086.91,96.81,0.0655,16.0,0.0695,6.0,99.47,15.66714,-5.04555,-9.62653,3e-05,-0.1497
10143.47,SYN.BTC-30AUG19,1564052343377,open,0.42,0.0,0.3605,0.473,0.41673183,108.6,None,0.0,BTC-30AUG19-14000-P,10086.91,0.0,0.3675,2.5,0.462,2.5,151.86,9.38679,-14.20694,-11.94323,9e-05,-0.78119
10143.47,SYN.BTC-30AUG19,1564052343376,open,0.05,52.9,0.012,0.0915,0.05170352,108.32,0.052,0.0,BTC-30AUG19-13000-C,10086.91,107.19,0.0505,8.0,0.0535,29.3,109.99,10.8403,-16.36449,2.35032,0.0001,0.28744
10099.33,SYN.BTC-2AUG19,1564052343378,open,0.01,112.0,0.0005,0.049,0.00902784,114.27,0.008,0.0,BTC-2AUG19-12500-C,10086.91,110.63,0.008,9.0,0.01,47.0,117.55,2.92735,-21.23709,0.23682,0.00012,0.1177
10088.3,SYN.BTC-26JUL19,1564052343376,open,0.0,626.2,0.0005,0.04,0.0,145.0,0.0005,0.0,BTC-26JUL19-17000-C,10086.91,0.0,0.0,0.0,0.0015,18.0,484.43,0.0,0.0,0.0,0.0,0.0
10099.33,SYN.BTC-2AUG19,1564052343377,open,0.16,1.0,0.114,0.2065,0.16036157,112.47,0.1445,0.0,BTC-2AUG19-11500-P,10086.91,93.0,0.152,2.5,0.1655,2.5,123.4,4.62093,-32.99596,-2.00372,0.00019,-0.75913
10143.47,SYN.BTC-30AUG19,1564052343378,open,0.14,59.6,0.098,0.1775,0.13797014,105.79,0.116,0.0,BTC-30AUG19-10000-C,10086.91,103.36,0.135,22.4,0.1425,13.0,109.49,12.41323,-18.30194,4.43385,0.00012,0.58269
10088.3,SYN.BTC-26JUL19,1564052343376,open,0.24,55.8,0.19,0.2885,0.23908838,145.42,0.282,0.0,BTC-26JUL19-12500-P,10086.91,0.0,0.195,2.5,0.277,2.5,500.0,0.02368,-1.72204,-0.29955,1e-05,-0.99853
10088.3,SYN.BTC-26JUL19,1564052343379,open,0.0,64.9,0.0005,0.04,0.0,145.0,0.0005,0.0,BTC-26JUL19-15500-C,10086.91,0.0,0.0,0.0,0.0005,4.0,357.35,0.0,0.0,0.0,0.0,0.0
10099.33,SYN.BTC-2AUG19,1564052343376,open,0.0,127.1,0.0005,0.042,0.0022904,117.54,0.003,0.0,BTC-2AUG19-14000-C,10086.91,109.75,0.0015,3.0,0.003,33.0,123.22,1.16028,-8.65824,0.07241,4e-05,0.03552
10088.3,SYN.BTC-26JUL19,1564052343377,open,0.0,313.8,0.0005,0.04,0.0,145.0,0.0005,0.0,BTC-26JUL19-20000-C,10086.91,0.0,0.0,0.0,0.0005,1.1,500.0,0.0,0.0,0.0,0.0,0.0
10099.33,SYN.BTC-2AUG19,1564052343376,open,0.05,113.0,0.009,0.0885,0.04892396,112.08,0.048,0.0,BTC-2AUG19-10500-C,10086.91,109.62,0.0475,0.2,0.05,4.9,113.93,5.84858,-41.61428,0.84961,0.00024,0.4388
10088.3,SYN.BTC-26JUL19,1564052343377,open,0.01,287.3,0.0005,0.048,0.00846022,117.51,0.0095,0.0,BTC-26JUL19-10500-C,10086.91,114.55,0.008,0.2,0.0095,4.0,124.07,1.57905,-85.34921,0.0591,0.00055,0.25266
10088.3,SYN.BTC-26JUL19,1564052343377,open,0.0,544.0,0.0005,0.0405,0.00072701,138.13,0.001,0.0,BTC-26JUL19-11500-C,10086.91,130.2,0.0005,0.5,0.001,6.5,145.84,0.32305,-7.33429,0.00674,0.0001,0.02859
10099.33,SYN.BTC-2AUG19,1564052343380,open,0.1,41.8,0.057,0.1365,0.09665185,110.16,0.098,0.0,BTC-2AUG19-9500-C,10086.91,107.02,0.095,18.0,0.1,3.2,116.49,5.32668,-37.2533,1.2644,0.00022,0.67687
10099.33,SYN.BTC-2AUG19,1564052343379,open,0.04,93.8,0.0005,0.0785,0.03730719,110.16,0.035,0.0,BTC-2AUG19-9500-P,10086.91,105.77,0.035,5.2,0.0385,24.0,112.42,5.32667,-37.25271,-0.78544,0.00022,-0.32312
10143.47,SYN.BTC-30AUG19,1564052343377,open,0.25,21.0,0.212,0.2915,0.25197045,105.79,0.2375,0.0,BTC-30AUG19-8000-C,10086.91,101.66,0.2485,4.0,0.26,4.0,115.08,8.60181,-12.68268,5.57347,8e-05,0.811
10088.3,SYN.BTC-26JUL19,1564052343376,open,0.0,214.7,0.0005,0.04,0.0,145.0,0.0005,0.0,BTC-26JUL19-6000-P,10086.91,0.0,0.0,0.0,0.0005,16.7,447.52,0.0,0.0,0.0,0.0,0.0
10099.33,SYN.BTC-2AUG19,1564052343376,open,0.39,0.0,0.333,0.444,0.38851932,117.53,None,0.0,BTC-2AUG19-14000-P,10086.91,0.0,0.01,10.0,0.0,0.0,0.0,1.15992,-8.65481,-2.94843,4e-05,-0.96449
10088.3,SYN.BTC-26JUL19,1564052343376,open,0.11,60.6,0.0695,0.149,0.10910017,138.52,0.0735,0.0,BTC-26JUL19-9000-C,10086.91,0.0,0.0735,4.0,0.1195,4.1,255.72,0.45196,-31.30348,0.20521,0.00013,0.95695
10088.3,SYN.BTC-26JUL19,1564052343378,open,0.0,817.1,0.0005,0.041,0.00122341,138.54,0.002,0.0,BTC-26JUL19-9000-P,10086.91,133.27,0.001,4.0,0.0015,33.0,144.37,0.4521,-12.34209,-0.01072,0.00013,-0.04307
10088.3,SYN.BTC-26JUL19,1564052343376,open,0.06,83.7,0.023,0.1025,0.06291776,120.44,0.064,0.0,BTC-26JUL19-9500-C,10086.91,116.68,0.0625,6.0,0.067,6.0,152.81,1.13833,-68.55041,0.19115,0.00039,0.85268
10099.33,SYN.BTC-2AUG19,1564052343377,open,0.3,0.0,0.2415,0.344,0.29277356,114.48,None,0.0,BTC-2AUG19-13000-P,10086.91,0.0,0.01,10.0,0.0,0.0,0.0,2.16779,-15.75578,-2.64675,9e-05,-0.9218
10099.33,SYN.BTC-2AUG19,1564052343380,open,0.0,60.6,0.0005,0.0405,0.00073632,135.24,0.0025,0.0,BTC-2AUG19-6500-P,10086.91,128.53,0.0005,50.0,0.001,36.2,141.18,0.40349,-3.46429,-0.02391,1e-05,-0.01024
10088.3,SYN.BTC-26JUL19,1564052343377,open,0.01,653.5,0.0005,0.0445,0.0046034,120.45,0.0055,0.0,BTC-26JUL19-9500-P,10086.91,123.91,0.005,0.2,0.0055,32.3,128.15,1.13839,-46.4405,-0.03677,0.00039,-0.14733
10099.33,SYN.BTC-2AUG19,1564052343376,open,0.02,72.2,0.0005,0.062,0.02133834,110.16,0.021,0.0,BTC-2AUG19-9000-P,10086.91,105.82,0.0195,31.8,0.0225,34.5,112.86,4.32126,-30.22128,-0.51253,0.00018,-0.21386
10088.3,SYN.BTC-26JUL19,1564052343379,open,0.0,692.9,0.0005,0.04,0.00016875,144.78,0.0005,0.0,BTC-26JUL19-8500-P,10086.91,0.0,0.0,0.0,0.0005,81.7,167.35,0.09773,-1.70243,-0.00176,3e-05,-0.00712
10088.3,SYN.BTC-26JUL19,1564052343378,open,0.16,42.9,0.118,0.1975,0.15760792,144.71,0.19,0.0,BTC-26JUL19-8500-C,10086.91,0.0,0.12,4.0,0.1695,4.0,340.29,0.09746,-7.05158,0.20217,3e-05,0.9929
10143.47,SYN.BTC-30AUG19,1564052343378,open,0.1,116.8,0.0595,0.139,0.09944631,106.07,0.091,0.0,BTC-30AUG19-11000-C,10086.91,104.91,0.098,8.0,0.1025,20.0,108.52,12.64872,-18.69946,3.68562,0.00012,0.46912
10143.47,SYN.BTC-30AUG19,1564052343377,open,0.01,171.1,0.0005,0.047,0.00682805,108.38,0.0085,0.0,BTC-30AUG19-6000-P,10086.91,105.4,0.006,6.0,0.0075,24.0,110.66,2.91394,-4.4013,-0.49827,3e-05,-0.04315
10099.33,SYN.BTC-2AUG19,1564052343377,open,0.03,130.8,0.0005,0.073,0.03314898,112.48,0.035,0.0,BTC-2AUG19-11000-C,10086.91,110.32,0.032,0.2,0.0345,3.2,115.0,5.38538,-38.45529,0.65121,0.00022,0.33198
10099.33,SYN.BTC-2AUG19,1564052343382,open,0.09,11.6,0.0455,0.132,0.08859565,112.07,0.0895,0.0,BTC-2AUG19-10500-P,10086.91,104.12,0.084,2.5,0.0885,3.0,111.91,5.84858,-41.6137,-1.41601,0.00024,-0.5612
10099.33,SYN.BTC-2AUG19,1564052343379,open,0.0,275.8,0.0005,0.041,0.00135355,117.54,0.0015,0.0,BTC-2AUG19-14500-C,10086.91,102.84,0.0005,38.0,0.002,30.0,124.82,0.7875,-5.87649,0.04564,3e-05,0.0223
10143.47,SYN.BTC-30AUG19,1564052343381,open,0.07,80.4,0.032,0.1115,0.0719351,107.34,0.072,0.0,BTC-30AUG19-12000-C,10086.91,105.7,0.07,8.0,0.0735,0.5,108.66,12.00959,-17.9656,2.9741,0.00011,0.37024
223.96,ETH-27SEP19,1564052343388,open,0.36,968.0,0.299,0.406,0.352186,109.52,0.38,0.0,ETH-27SEP19-280-P,222.58,107.54,0.349,120.0,0.362,120.0,115.57,0.3615,-0.3099,-0.37395,0.00376,-0.60194
225.76,ETH-27DEC19,1564052343388,open,0.04,188.0,0.001,0.075,0.035574,112.82,0.029,0.0,ETH-27DEC19-680-C,222.58,110.91,0.033,247.0,0.038,300.0,114.57,0.30882,-0.11248,0.08914,0.00127,0.12863
223.96,ETH-27SEP19,1564052343388,open,0.29,1264.0,0.235,0.337,0.286246,109.47,0.357,0.0,ETH-27SEP19-260-P,222.58,106.92,0.282,120.0,0.294,120.0,114.14,0.37202,-0.3188,-0.32327,0.00387,-0.53857
223.96,ETH-27SEP19,1564052343388,open,0.73,0.0,0.694,0.773,0.733163,137.21,0.01,0.0,ETH-27SEP19-60-C,222.58,0.0,0.003,10.0,0.0,0.0,0.0,0.01334,-0.01433,0.10266,0.00011,0.99508
225.76,ETH-27DEC19,1564052343388,open,0.05,1912.0,0.006,0.089,0.04772,106.28,0.044,0.0,ETH-27DEC19-120-P,222.58,103.08,0.044,251.0,0.049,336.0,107.37,0.26558,-0.09113,-0.14535,0.00116,-0.10401
223.96,ETH-27SEP19,1564052343388,open,0.33,392.0,0.296,0.375,0.335698,108.26,0.51,0.0,ETH-27SEP19-160-C,222.58,0.0,0.1,10.0,0.0,0.0,0.0,0.23372,-0.19806,0.1952,0.00246,0.83373
225.76,ETH-27DEC19,1564052343388,open,0.51,0.0,0.477,0.556,0.516158,106.26,None,0.0,ETH-27DEC19-120-C,222.58,0.0,0.002,3.0,0.99,5.0,500.0,0.26555,-0.0911,0.36387,0.00116,0.89601
225.76,ETH-27DEC19,1564052343389,open,0.73,241.0,0.657,0.794,0.725442,108.15,0.986,0.0,ETH-27DEC19-360-P,222.58,84.67,0.67,110.0,1.59,1.0,500.0,0.55913,-0.19522,-1.29055,0.00239,-0.62178
223.97,ETH-27SEP19,1564052343389,open,0.51,496.0,0.438,0.557,0.497874,110.79,0.556,0.0,ETH-27SEP19-320-P,222.58,73.56,0.451,25.0,0.557,25.0,149.11,0.32339,-0.28045,-0.47138,0.00333,-0.70477
225.77,ETH-27DEC19,1564052343389,open,2.24,0.0,2.092,2.349,2.22057,113.55,None,0.0,ETH-27DEC19-720-P,222.58,0.0,0.003,5.0,0.0,0.0,0.0,0.28624,-0.10493,-2.97465,0.00117,-0.88456
225.77,ETH-27DEC19,1564052343390,open,0.03,805.0,0.001,0.067,0.027564,113.86,0.027,0.0,ETH-27DEC19-760-C,222.58,111.61,0.025,246.0,0.03,300.0,115.91,0.26338,-0.09682,0.07209,0.00107,0.10282
222.74,SYN.ETH-2AUG19,1564052343389,open,0.1,157.0,0.06,0.139,0.099547,118.06,0.092,0.0,ETH-2AUG19-210-C,222.58,111.41,0.096,154.0,0.101,150.0,120.77,0.11919,-0.89333,0.02718,0.00943,0.66508
223.97,ETH-27SEP19,1564052343390,open,0.43,769.0,0.367,0.48,0.423404,110.23,0.391,0.0,ETH-27SEP19-300-P,222.58,98.68,0.406,110.0,0.479,25.0,144.98,0.34459,-0.29733,-0.42332,0.00356,-0.65662
222.59,SYN.ETH-26JUL19,1564052343388,open,0.0,1872.0,0.001,0.04,0.0,145.0,0.001,0.0,ETH-26JUL19-340-C,222.58,0.0,0.0,0.0,0.001,300.0,385.33,0.0,0.0,0.0,0.0,0.0
222.74,SYN.ETH-2AUG19,1564052343388,open,0.04,81.0,0.001,0.084,0.042344,118.06,0.038,0.0,ETH-2AUG19-210-P,222.58,113.67,0.04,176.0,0.045,197.0,123.01,0.11919,-0.89333,-0.01813,0.00943,-0.33492
222.59,SYN.ETH-26JUL19,1564052343390,open,0.09,1348.0,0.038,0.124,0.081113,120.03,0.155,0.0,ETH-26JUL19-240-P,222.58,89.14,0.079,50.0,0.086,50.0,163.75,0.01987,-1.19266,-0.00521,0.01393,-0.89465
222.59,SYN.ETH-26JUL19,1564052343388,open,0.0,0.0,0.001,0.04,0.0,145.0,None,0.0,ETH-26JUL19-140-P,222.58,0.0,0.0,0.0,0.001,300.0,443.01,0.0,0.0,0.0,0.0,0.0
222.59,SYN.ETH-26JUL19,1564052343390,open,1.71,0.0,1.588,1.803,1.69555,0.0,None,0.0,ETH-26JUL19-600-P,222.58,0.0,0.0,0.0,0.0,0.0,0.0,0.0,0.0,-0.01439,0.0,-1.0
223.35,SYN.ETH-30AUG19,1564052343390,open,0.25,0.0,0.197,0.296,0.246539,111.97,None,0.0,ETH-30AUG19-260-P,222.58,106.55,0.24,120.0,0.29,3.0,147.28,0.27026,-0.42176,-0.18617,0.00492,-0.60152
223.35,SYN.ETH-30AUG19,1564052343389,open,0.11,515.0,0.071,0.15,0.110243,111.97,0.105,0.0,ETH-30AUG19-240-C,222.58,106.98,0.104,240.0,0.113,317.0,114.18,0.27923,-0.43576,0.083,0.00509,0.48832
223.35,SYN.ETH-30AUG19,1564052343390,open,0.31,0.0,0.271,0.35,0.310286,111.54,None,0.0,ETH-30AUG19-160-C,222.58,0.0,0.0,0.0,0.0,0.0,0.0,0.14774,-0.22968,0.12298,0.0027,0.87049
223.35,SYN.ETH-30AUG19,1564052343390,open,0.01,760.0,0.001,0.05,0.010826,115.37,0.01,0.0,ETH-30AUG19-400-C,222.58,113.49,0.01,10.0,0.012,200.0,117.9,0.10044,-0.1615,0.01438,0.00178,0.07632
223.35,SYN.ETH-30AUG19,1564052343388,open,0.19,221.0,0.138,0.232,0.184786,111.97,0.248,0.0,ETH-30AUG19-240-P,222.58,109.75,0.182,120.0,0.192,120.0,117.74,0.27923,-0.43576,-0.1529,0.00509,-0.51168
222.59,SYN.ETH-26JUL19,1564052343391,open,0.0,3965.0,0.001,0.04,0.0,145.0,0.001,0.0,ETH-26JUL19-360-C,222.58,0.0,0.0,0.0,0.001,301.0,428.51,0.0,0.0,0.0,0.0,0.0
222.74,SYN.ETH-2AUG19,1564052343389,open,0.01,261.0,0.001,0.045,0.005824,119.56,0.006,0.0,ETH-2AUG19-290-C,222.58,110.27,0.004,433.0,0.007,250.0,124.77,0.04799,-0.36429,0.0035,0.00375,0.07859
222.74,SYN.ETH-2AUG19,1564052343390,open,0.0,937.0,0.001,0.044,0.003873,118.06,0.005,0.0,ETH-2AUG19-170-P,222.58,91.97,0.001,487.0,0.005,250.0,125.01,0.03374,-0.25292,-0.00259,0.00267,-0.05
222.59,SYN.ETH-26JUL19,1564052343391,open,0.0,1780.0,0.001,0.04,0.0,145.0,0.001,0.0,ETH-26JUL19-400-C,222.58,0.0,0.0,0.0,0.001,300.0,500.0,0.0,0.0,0.0,0.0,0.0
222.59,SYN.ETH-26JUL19,1564052343389,open,0.0,1146.0,0.001,0.04,0.0,145.0,0.001,0.0,ETH-26JUL19-300-C,222.58,0.0,0.0,0.0,0.001,302.0,287.49,1e-05,-5e-05,0.0,0.0,2e-05
222.59,SYN.ETH-26JUL19,1564052343390,open,0.0,2112.0,0.001,0.04,0.0,145.0,0.001,0.0,ETH-26JUL19-500-C,222.58,0.0,0.0,0.0,0.001,300.0,500.0,0.0,0.0,0.0,0.0,0.0
223.35,SYN.ETH-30AUG19,1564052343393,open,0.09,210.0,0.043,0.129,0.085704,111.54,0.086,0.0,ETH-30AUG19-200-P,222.58,109.1,0.083,228.0,0.09,350.0,115.41,0.24767,-0.38503,-0.08727,0.00453,-0.31185
222.74,SYN.ETH-2AUG19,1564052343393,open,0.05,1538.0,0.016,0.095,0.055198,118.19,0.06,0.0,ETH-2AUG19-230-C,222.58,110.98,0.051,170.0,0.058,338.0,122.99,0.12991,-0.97471,0.0195,0.01027,0.461
222.74,SYN.ETH-2AUG19,1564052343392,open,0.01,509.0,0.001,0.053,0.013036,118.66,0.012,0.0,ETH-2AUG19-270-C,222.58,112.65,0.011,395.0,0.012,1.0,115.65,0.07785,-0.58646,0.00681,0.00613,0.15464
222.74,SYN.ETH-2AUG19,1564052343391,open,0.03,237.0,0.001,0.067,0.026728,118.06,0.023,0.0,ETH-2AUG19-200-P,222.58,114.25,0.025,159.0,0.028,4.0,120.83,0.10161,-0.76161,-0.0128,0.00804,-0.23956
223.97,ETH-27SEP19,1564052343403,open,0.0,739.0,0.001,0.041,0.001068,137.21,0.001,0.0,ETH-27SEP19-60-P,222.58,0.0,0.0,0.0,0.002,585.0,149.72,0.01334,-0.01433,-0.00235,0.00011,-0.00492
225.77,ETH-27DEC19,1564052343405,open,0.25,556.0,0.209,0.288,0.248794,106.26,0.242,0.0,ETH-27DEC19-240-C,222.58,103.17,0.241,120.0,0.255,204.0,108.74,0.56753,-0.1947,0.33809,0.00247,0.60172
225.77,ETH-27DEC19,1564052343422,open,0.04,424.0,0.001,0.08,0.04054,112.12,0.039,0.0,ETH-27DEC19-640-C,222.58,109.68,0.037,273.0,0.043,300.0,113.76,0.334,-0.1209,0.09934,0.00138,0.14423
10329.44,BTC-27DEC19,1564052343432,open,0.06,276.4,0.012,0.096,0.05411314,99.75,0.0655,0.0,BTC-27DEC19-6000-P,10086.91,96.23,0.0495,20.0,0.056,25.0,101.17,13.68296,-4.40657,-7.75575,3e-05,-0.12284
10099.33,SYN.BTC-2AUG19,1564052343450,open,0.02,62.2,0.0005,0.0615,0.02167353,112.48,0.0215,0.0,BTC-2AUG19-11500-C,10086.91,109.89,0.0205,32.0,0.023,0.5,115.35,4.62098,-32.99695,0.47767,0.00019,0.24087
10099.33,SYN.BTC-2AUG19,1564052343482,open,0.02,62.2,0.0005,0.0615,0.02167353,112.48,0.0215,0.0,BTC-2AUG19-11500-C,10086.91,109.89,0.0205,32.0,0.0225,0.1,114.27,4.62098,-32.99695,0.47767,0.00019,0.24087
223.97,ETH-27SEP19,1564052343485,open,0.23,1288.0,0.189,0.268,0.228216,108.24,0.217,0.0,ETH-27SEP19-200-C,222.58,102.05,0.219,275.0,0.236,258.0,113.47,0.33369,-0.28273,0.17829,0.00351,0.6831
223.97,ETH-27SEP19,1564052343491,open,0.23,1288.0,0.189,0.268,0.228216,108.24,0.217,0.0,ETH-27SEP19-200-C,222.58,102.05,0.219,275.0,0.236,259.0,113.47,0.33369,-0.28273,0.17829,0.00351,0.6831
10099.33,SYN.BTC-2AUG19,1564052343539,open,0.0,80.1,0.0005,0.0435,0.00352864,115.77,0.0025,0.0,BTC-2AUG19-13500-C,10086.91,108.59,0.0025,48.0,0.0045,33.5,121.53,1.58933,-11.68138,0.1066,6e-05,0.05245
10099.33,SYN.BTC-2AUG19,1564052343558,open,0.0,80.1,0.0005,0.0435,0.00352864,115.77,0.0025,0.0,BTC-2AUG19-13500-C,10086.91,108.59,0.0025,48.0,0.0045,33.7,121.53,1.58933,-11.68138,0.1066,6e-05,0.05245
225.76,ETH-27DEC19,1564052343566,open,0.05,551.0,0.008,0.087,0.047083,111.76,0.053,0.0,ETH-27DEC19-600-C,222.58,109.81,0.044,264.0,0.05,336.0,113.55,0.36341,-0.13112,0.11187,0.0015,0.16386
225.77,ETH-27DEC19,1564052343592,open,0.21,1842.0,0.154,0.25,0.202026,106.3,0.22,0.0,ETH-27DEC19-200-P,222.58,103.2,0.195,40.0,0.207,152.0,108.49,0.51218,-0.17576,-0.48198,0.00223,-0.3011
225.77,ETH-27DEC19,1564052343613,open,0.32,692.0,0.26,0.364,0.311916,106.3,0.452,0.0,ETH-27DEC19-240-P,222.58,103.55,0.305,160.0,0.322,40.0,110.32,0.56751,-0.19476,-0.6803,0.00247,-0.39822
10099.33,SYN.BTC-2AUG19,1564052343627,open,0.01,122.3,0.0005,0.0535,0.01397131,113.03,0.018,0.0,BTC-2AUG19-12000-C,10086.91,110.38,0.013,24.0,0.015,1.1,115.76,3.749,-26.90184,0.33923,0.00015,0.16964
225.76,ETH-27DEC19,1564052343634,open,0.11,658.0,0.068,0.156,0.112304,106.28,0.123,0.0,ETH-27DEC19-160-P,222.58,102.81,0.106,40.0,0.114,226.0,107.21,0.41107,-0.14105,-0.29867,0.00179,-0.19948
10099.33,SYN.BTC-2AUG19,1564052343649,open,0.01,122.3,0.0005,0.0535,0.01397131,113.03,0.018,0.0,BTC-2AUG19-12000-C,10086.91,110.38,0.013,24.2,0.015,1.1,115.76,3.749,-26.90184,0.33923,0.00015,0.16964
225.76,ETH-27DEC19,1564052343646,open,0.11,539.0,0.068,0.147,0.107899,108.79,0.117,0.0,ETH-27DEC19-400-C,222.58,106.69,0.103,110.0,0.113,298.0,110.95,0.52951,-0.18598,0.2083,0.00225,0.32534
225.76,ETH-27DEC19,1564052343674,open,0.05,1912.0,0.006,0.089,0.04772,106.28,0.044,0.0,ETH-27DEC19-120-P,222.58,103.08,0.044,250.0,0.049,336.0,107.37,0.26558,-0.09113,-0.14535,0.00116,-0.10401
225.76,ETH-27DEC19,1564052343707,open,0.2,287.0,0.159,0.238,0.198742,106.92,0.194,0.0,ETH-27DEC19-280-C,222.58,104.32,0.192,120.0,0.205,249.0,109.33,0.58623,-0.20235,0.30352,0.00254,0.51558
10099.33,SYN.BTC-2AUG19,1564052343814,open,0.02,72.2,0.0005,0.062,0.02133834,110.16,0.021,0.0,BTC-2AUG19-9000-P,10086.91,105.82,0.0195,31.8,0.0225,34.3,112.86,4.32126,-30.22128,-0.51253,0.00018,-0.21386
10099.33,SYN.BTC-2AUG19,1564052343835,open,0.02,72.2,0.0005,0.062,0.02133834,110.16,0.021,0.0,BTC-2AUG19-9000-P,10086.91,105.82,0.0195,31.8,0.0225,34.5,112.86,4.32126,-30.22128,-0.51253,0.00018,-0.21386
10088.3,SYN.BTC-26JUL19,1564052344096,open,0.01,653.5,0.0005,0.0445,0.0046034,120.45,0.0055,0.0,BTC-26JUL19-9500-P,10086.91,123.91,0.005,0.2,0.0055,32.1,128.15,1.13839,-46.4405,-0.03677,0.00039,-0.14733
10088.3,SYN.BTC-26JUL19,1564052344116,open,0.01,653.5,0.0005,0.0445,0.0046034,120.45,0.0055,0.0,BTC-26JUL19-9500-P,10086.91,123.91,0.005,0.2,0.0055,32.3,128.15,1.13839,-46.4405,-0.03677,0.00039,-0.14733
10099.33,SYN.BTC-2AUG19,1564052344165,open,0.01,112.0,0.0005,0.049,0.00902784,114.27,0.008,0.0,BTC-2AUG19-12500-C,10086.91,110.63,0.008,9.0,0.01,46.9,117.55,2.92735,-21.23709,0.23682,0.00012,0.1177
10099.33,SYN.BTC-2AUG19,1564052344184,open,0.01,112.0,0.0005,0.049,0.00902784,114.27,0.008,0.0,BTC-2AUG19-12500-C,10086.91,110.63,0.008,9.0,0.01,47.0,117.55,2.92735,-21.23709,0.23682,0.00012,0.1177
10088.3,SYN.BTC-26JUL19,1564052344429,open,0.02,594.1,0.0005,0.0585,0.01814808,114.39,0.018,0.0,BTC-26JUL19-10000-P,10086.91,105.8,0.0165,2.4,0.019,2.7,118.82,1.9379,-110.8365,-0.10766,0.00069,-0.42665
10088.3,SYN.BTC-26JUL19,1564052344449,open,0.02,594.1,0.0005,0.0585,0.01814808,114.39,0.018,0.0,BTC-26JUL19-10000-P,10086.91,105.8,0.0165,2.4,0.019,2.9,118.82,1.9379,-110.8365,-0.10766,0.00069,-0.42665
223.97,ETH-27SEP19,1564052344545,open,0.05,7364.0,0.009,0.092,0.050101,108.27,0.052,0.0,ETH-27SEP19-160-P,222.58,103.31,0.045,412.0,0.051,420.0,109.12,0.23372,-0.19807,-0.08481,0.00246,-0.16626
223.97,ETH-27SEP19,1564052344550,open,0.01,8192.0,0.001,0.053,0.012531,108.26,0.012,0.0,ETH-27SEP19-120-P,222.58,102.47,0.01,244.0,0.012,200.0,107.09,0.10322,-0.08747,-0.02621,0.00109,-0.05433
223.97,ETH-27SEP19,1564052344562,open,0.23,1288.0,0.189,0.268,0.228236,108.24,0.217,0.0,ETH-27SEP19-200-C,222.58,102.05,0.219,276.0,0.236,259.0,113.47,0.33369,-0.28273,0.17829,0.00351,0.6831
223.97,ETH-27SEP19,1564052344566,open,0.23,1288.0,0.189,0.268,0.228236,108.24,0.217,0.0,ETH-27SEP19-200-C,222.58,102.05,0.219,276.0,0.236,263.0,113.47,0.33369,-0.28273,0.17829,0.00351,0.6831
223.97,ETH-27SEP19,1564052344674,open,0.03,7688.0,0.001,0.068,0.027307,108.26,0.022,0.0,ETH-27SEP19-140-P,222.58,103.75,0.024,248.0,0.027,200.0,107.85,0.16817,-0.14251,-0.05113,0.00177,-0.10313
225.77,ETH-27DEC19,1564052344698,open,0.31,90.0,0.277,0.356,0.316124,106.26,0.293,0.0,ETH-27DEC19-200-C,222.58,100.94,0.304,265.0,0.329,267.0,111.97,0.5122,-0.17571,0.36671,0.00223,0.69888
225.77,ETH-27DEC19,1564052344704,open,0.31,90.0,0.277,0.356,0.316124,106.26,0.293,0.0,ETH-27DEC19-200-C,222.58,100.94,0.304,265.0,0.329,264.0,111.97,0.5122,-0.17571,0.36671,0.00223,0.69888
225.77,ETH-27DEC19,1564052345117,open,0.04,424.0,0.001,0.08,0.040549,112.12,0.039,0.0,ETH-27DEC19-640-C,222.58,109.68,0.037,274.0,0.043,300.0,113.76,0.334,-0.1209,0.09934,0.00138,0.14423
225.77,ETH-27DEC19,1564052345727,open,0.05,1912.0,0.006,0.089,0.047706,106.29,0.044,0.0,ETH-27DEC19-120-P,222.58,103.09,0.044,251.0,0.049,336.0,107.37,0.26558,-0.09113,-0.14535,0.00116,-0.10401
225.77,ETH-27DEC19,1564052345744,open,0.31,90.0,0.277,0.356,0.316124,106.26,0.293,0.0,ETH-27DEC19-200-C,222.58,100.94,0.304,266.0,0.329,264.0,111.97,0.5122,-0.17571,0.36671,0.00223,0.69888
225.77,ETH-27DEC19,1564052345749,open,0.31,90.0,0.277,0.356,0.316124,106.26,0.293,0.0,ETH-27DEC19-200-C,222.58,100.94,0.304,266.0,0.329,267.0,111.97,0.5122,-0.17571,0.36671,0.00223,0.69888
10088.3,SYN.BTC-26JUL19,1564052345795,open,0.14,277.4,0.0955,0.186,0.1406614,138.16,0.195,0.0,BTC-26JUL19-11500-P,10086.91,0.0,0.133,14.5,0.146,2.5,218.16,0.32329,-22.33301,-0.26915,0.0001,-0.97138
225.78,ETH-27DEC19,1564052346385,open,0.4,0.0,0.364,0.443,0.403591,106.27,None,0.0,ETH-27DEC19-160-C,222.59,0.0,0.001,1000.0,0.98,5.0,500.0,0.41105,-0.14102,0.3803,0.00179,0.80056
225.78,ETH-27DEC19,1564052346385,open,0.45,441.0,0.382,0.496,0.438971,106.94,0.454,0.0,ETH-27DEC19-280-P,222.59,104.26,0.432,150.0,0.45,30.0,111.19,0.58628,-0.20241,-0.88453,0.00253,-0.48431
223.97,ETH-27SEP19,1564052346385,open,0.58,345.0,0.513,0.638,0.575359,111.5,0.76,0.0,ETH-27SEP19-340-P,222.59,97.86,0.558,110.0,0.637,25.0,153.16,0.30029,-0.2621,-0.51788,0.00307,-0.74591
225.78,ETH-27DEC19,1564052346385,open,2.42,0.0,2.259,2.529,2.393828,113.99,None,0.0,ETH-27DEC19-760-P,222.59,0.0,0.001,100.0,0.0,0.0,0.0,0.26418,-0.09722,-3.15246,0.00107,-0.89676
223.97,ETH-27SEP19,1564052346385,open,2.06,0.0,1.92,2.162,2.040689,122.14,None,0.0,ETH-27SEP19-680-P,222.59,0.0,0.0,0.0,0.0,0.0,0.0,0.05939,-0.05678,-1.181,0.00055,-0.97245
225.78,ETH-27DEC19,1564052346385,open,1.89,0.0,1.761,1.99,1.875292,112.21,None,0.0,ETH-27DEC19-640-P,222.59,0.0,0.0,0.0,0.0,0.0,0.0,0.33454,-0.12119,-2.6161,0.00138,-0.85543
223.97,ETH-27SEP19,1564052346385,open,2.24,0.0,2.09,2.346,2.218255,122.75,None,0.0,ETH-27SEP19-720-P,222.59,0.0,0.0,0.0,0.0,0.0,0.0,0.04885,-0.04693,-1.25285,0.00045,-0.97817
223.98,ETH-27SEP19,1564052346386,open,0.66,233.0,0.59,0.721,0.655306,112.46,0.763,0.0,ETH-27SEP19-360-P,222.59,0.0,0.604,25.0,0.709,25.0,150.91,0.27715,-0.24397,-0.56275,0.00281,-0.78039
223.98,ETH-27SEP19,1564052346385,open,2.41,0.0,2.261,2.531,2.395976,123.59,None,0.0,ETH-27SEP19-760-P,222.59,0.0,0.001,1.0,0.0,0.0,0.0,0.04081,-0.03948,-1.32419,0.00038,-0.98234
225.78,ETH-27DEC19,1564052346386,open,1.22,21.0,1.114,1.289,1.20122,109.89,0.629,0.0,ETH-27DEC19-480-P,222.59,0.0,1.114,110.0,0.0,0.0,0.0,0.4606,-0.1634,-1.87574,0.00194,-0.75671
223.98,ETH-27SEP19,1564052346386,open,1.17,0.0,1.075,1.247,1.160743,116.56,None,0.0,ETH-27SEP19-480-P,222.59,0.0,0.0,0.0,0.0,0.0,0.0,0.15654,-0.14282,-0.81029,0.00153,-0.90648
223.98,ETH-27SEP19,1564052346386,open,0.64,0.0,0.605,0.684,0.644728,117.68,None,0.0,ETH-27SEP19-80-C,222.59,0.0,0.003,10.0,0.0,0.0,0.0,0.02434,-0.02242,0.13545,0.00024,0.99029
223.98,ETH-27SEP19,1564052346386,open,1.7,27.0,1.579,1.793,1.686363,120.1,1.044,0.0,ETH-27SEP19-600-P,222.59,0.0,0.0,0.0,0.0,0.0,0.0,0.08662,-0.08144,-1.03587,0.00082,-0.95637
225.79,ETH-27DEC19,1564052346386,open,0.59,82.0,0.515,0.64,0.57751,107.47,0.64,0.0,ETH-27DEC19-320-P,222.59,104.54,0.57,30.0,0.59,30.0,112.32,0.58036,-0.20136,-1.08873,0.0025,-0.55887
223.98,ETH-27SEP19,1564052346386,open,1.52,24.0,1.411,1.61,1.510423,119.64,1.356,0.0,ETH-27SEP19-560-P,222.59,0.0,0.0,0.0,0.0,0.0,0.0,0.10718,-0.10037,-0.96168,0.00102,-0.94302
223.98,ETH-27SEP19,1564052346386,open,0.0,2060.0,0.001,0.041,0.001919,117.83,0.001,0.0,ETH-27SEP19-80-P,222.59,107.58,0.001,100.0,0.003,301.0,126.36,0.02447,-0.02257,-0.00458,0.00024,-0.00977
223.98,ETH-27SEP19,1564052346386,open,1.0,0.0,0.909,1.067,0.988295,114.76,None,0.0,ETH-27SEP19-440-P,222.59,0.0,0.0,0.0,0.0,0.0,0.0,0.18933,-0.17008,-0.73164,0.00188,-0.87827
223.98,ETH-27SEP19,1564052346386,open,1.35,12.0,1.242,1.428,1.334856,117.97,1.193,0.0,ETH-27SEP19-520-P,222.59,0.0,0.0,0.0,0.0,0.0,0.0,0.12875,-0.11889,-0.88691,0.00124,-0.92786
223.98,ETH-27SEP19,1564052346386,open,1.88,0.0,1.749,1.977,1.86325,121.19,None,0.0,ETH-27SEP19-640-P,222.59,0.0,0.0,0.0,0.0,0.0,0.0,0.07167,-0.06799,-1.10876,0.00067,-0.96543
222.6,SYN.ETH-26JUL19,1564052346386,open,0.23,0.0,0.197,0.276,0.236262,0.0,None,0.0,ETH-26JUL19-170-C,222.59,0.0,0.0,0.0,0.0,0.0,0.0,0.0,0.0,0.00408,0.0,1.0
222.75,SYN.ETH-2AUG19,1564052346386,open,0.02,204.0,0.001,0.059,0.019215,118.42,0.017,0.0,ETH-2AUG19-260-C,222.59,113.11,0.017,169.0,0.021,200.0,122.56,0.09464,-0.71147,0.00923,0.00746,0.21128
222.6,SYN.ETH-26JUL19,1564052346385,open,0.06,464.0,0.021,0.1,0.060711,113.59,0.042,0.0,ETH-26JUL19-210-C,222.59,83.8,0.058,200.0,0.062,271.0,124.78,0.02441,-1.3863,0.00426,0.01807,0.85881
222.75,SYN.ETH-2AUG19,1564052346385,open,0.07,280.0,0.035,0.114,0.074838,117.74,0.077,0.0,ETH-2AUG19-220-C,222.59,111.11,0.071,156.0,0.077,150.0,121.48,0.12891,-0.96358,0.02346,0.01023,0.5629
222.6,SYN.ETH-26JUL19,1564052346386,open,0.0,1986.0,0.001,0.04,0.0,144.98,0.001,0.0,ETH-26JUL19-320-C,222.59,0.0,0.0,0.0,0.001,308.0,338.53,0.0,0.0,0.0,0.0,0.0
225.79,ETH-27DEC19,1564052346387,open,2.07,0.0,1.926,2.169,2.047497,113.01,None,0.0,ETH-27DEC19-680-P,222.59,0.0,0.0,0.0,0.0,0.0,0.0,0.31004,-0.11312,-2.79579,0.00127,-0.87066
223.36,SYN.ETH-30AUG19,1564052346385,open,0.05,965.0,0.01,0.093,0.051074,111.56,0.051,0.0,ETH-30AUG19-180-P,222.59,109.28,0.049,238.0,0.054,401.0,114.74,0.20416,-0.31742,-0.05824,0.00373,-0.21419
223.36,SYN.ETH-30AUG19,1564052346385,open,0.24,757.0,0.206,0.285,0.245166,111.52,0.204,0.0,ETH-30AUG19-180-C,222.59,85.95,0.223,120.0,0.0,0.0,0.0,0.20413,-0.31727,0.1187,0.00373,0.78586
223.98,ETH-27SEP19,1564052346387,open,0.4,191.0,0.363,0.442,0.402223,108.23,0.5,0.0,ETH-27SEP19-140-C,222.59,0.0,0.01,50.0,0.0,0.0,0.0,0.16809,-0.1424,0.19391,0.00177,0.89694
225.79,ETH-27DEC19,1564052346388,open,1.05,0.0,0.958,1.12,1.039218,109.7,None,0.0,ETH-27DEC19-440-P,222.59,64.98,0.963,110.0,0.0,0.0,0.0,0.49696,-0.176,-1.68335,0.00209,-0.71782
223.98,ETH-27SEP19,1564052346388,open,0.47,47.0,0.437,0.516,0.476744,108.21,0.689,0.0,ETH-27SEP19-120-C,222.59,0.0,0.0,0.0,0.0,0.0,0.0,0.10311,-0.08734,0.18383,0.00109,0.94575
223.36,SYN.ETH-30AUG19,1564052346386,open,0.05,268.0,0.006,0.085,0.045534,112.4,0.037,0.0,ETH-30AUG19-300-C,222.59,108.85,0.042,526.0,0.048,261.0,114.83,0.22455,-0.35176,0.04584,0.00407,0.25432
225.79,ETH-27DEC19,1564052346388,open,1.38,37.0,1.273,1.461,1.367043,110.61,0.707,0.0,ETH-27DEC19-520-P,222.59,0.0,0.001,500.0,0.0,0.0,0.0,0.42689,-0.15244,-2.06414,0.00178,-0.78745
223.98,ETH-27SEP19,1564052346388,open,0.0,5660.0,0.001,0.042,0.002664,122.74,0.002,0.0,ETH-27SEP19-760-C,222.59,109.81,0.001,1044.0,0.003,200.0,124.58,0.03928,-0.03774,0.00558,0.00036,0.01689
222.75,SYN.ETH-2AUG19,1564052346386,open,0.01,4.0,0.001,0.048,0.008891,119.55,0.009,0.0,ETH-2AUG19-280-C,222.59,112.43,0.007,182.0,0.01,250.0,123.4,0.06242,-0.47371,0.00497,0.00488,0.11223
222.75,SYN.ETH-2AUG19,1564052346386,open,0.12,2.0,0.073,0.161,0.117111,118.25,0.21,0.0,ETH-2AUG19-240-P,222.59,114.42,0.115,152.0,0.123,340.0,128.83,0.1231,-0.92411,-0.0361,0.00972,-0.63403
223.98,ETH-27SEP19,1564052346388,open,0.28,779.0,0.238,0.317,0.277768,108.24,0.227,0.0,ETH-27SEP19-180-C,222.59,66.57,0.227,99.0,0.609,10.0,370.72,0.29069,-0.24629,0.18937,0.00306,0.76089
225.79,ETH-27DEC19,1564052346388,open,1.72,0.0,1.597,1.812,1.704665,111.9,0.953,0.0,ETH-27DEC19-600-P,222.59,0.0,0.0,0.0,0.0,0.0,0.0,0.3643,-0.13161,-2.4337,0.0015,-0.83556
223.98,ETH-27SEP19,1564052346388,open,0.56,0.0,0.518,0.597,0.557961,108.17,None,0.0,ETH-27SEP19-100-C,222.59,0.0,0.003,10.0,0.0,0.0,0.0,0.04976,-0.04213,0.16452,0.00052,0.97769
222.6,SYN.ETH-26JUL19,1564052346386,open,0.0,5408.0,0.001,0.041,0.001223,131.49,0.001,0.0,ETH-26JUL19-200-P,222.59,126.42,0.001,393.0,0.002,560.0,146.01,0.01035,-0.27229,-0.00025,0.00662,-0.0451
222.6,SYN.ETH-26JUL19,1564052346386,open,0.01,1456.0,0.001,0.049,0.009751,113.73,0.008,0.0,ETH-26JUL19-230-C,222.59,103.07,0.008,28.0,0.011,337.0,121.13,0.0372,-2.1154,0.00149,0.02751,0.28799
222.75,SYN.ETH-2AUG19,1564052346386,open,0.23,0.0,0.177,0.274,0.225203,118.8,None,0.0,ETH-2AUG19-270-P,222.59,0.0,0.0,0.0,0.0,0.0,0.0,0.07798,-0.58811,-0.05144,0.00613,-0.84497
222.6,SYN.ETH-26JUL19,1564052346385,open,0.0,626.0,0.001,0.04,0.000924,130.4,0.001,0.0,ETH-26JUL19-250-C,222.59,0.0,0.0,0.0,0.001,281.0,132.27,0.00883,-0.20573,0.00019,0.0057,0.03709
222.6,SYN.ETH-26JUL19,1564052346386,open,0.0,1438.0,0.001,0.042,0.002892,119.97,0.002,0.0,ETH-26JUL19-240-C,222.59,93.56,0.001,775.0,0.004,465.0,131.51,0.01988,-0.64383,0.00055,0.01394,0.10539
222.6,SYN.ETH-26JUL19,1564052346387,open,0.28,0.0,0.242,0.321,0.281187,0.0,None,0.0,ETH-26JUL19-160-C,222.59,0.0,0.0,0.0,0.0,0.0,0.0,0.0,0.0,0.00384,0.0,1.0
222.75,SYN.ETH-2AUG19,1564052346385,open,0.12,151.0,0.089,0.168,0.128826,118.0,0.079,0.0,ETH-2AUG19-200-C,222.59,109.48,0.125,186.0,0.132,134.0,124.88,0.10158,-0.76095,0.03037,0.00804,0.76061
225.79,ETH-27DEC19,1564052346389,open,1.55,0.0,1.434,1.636,1.534862,111.18,0.845,0.0,ETH-27DEC19-560-P,222.59,0.0,0.0,0.0,0.0,0.0,0.0,0.39411,-0.14145,-2.25022,0.00164,-0.81385
223.36,SYN.ETH-30AUG19,1564052346385,open,0.4,0.0,0.334,0.444,0.388713,112.46,None,0.0,ETH-30AUG19-300-P,222.59,0.0,0.0,0.0,0.0,0.0,0.0,0.22463,-0.35207,-0.24901,0.00407,-0.7455
225.79,ETH-27DEC19,1564052346389,open,0.89,16.0,0.805,0.954,0.879632,108.85,1.195,0.0,ETH-27DEC19-400-P,222.59,77.58,0.814,110.0,1.49,1.0,380.77,0.52979,-0.18618,-1.48882,0.00225,-0.67435
222.75,SYN.ETH-2AUG19,1564052346386,open,0.32,0.0,0.288,0.367,0.327545,127.14,None,0.0,ETH-2AUG19-150-C,222.59,0.0,0.0,0.0,0.0,0.0,0.0,0.01134,-0.09152,0.03167,0.00083,0.98647
223.36,SYN.ETH-30AUG19,1564052346386,open,0.38,0.0,0.345,0.424,0.384737,111.48,None,0.0,ETH-30AUG19-140-C,222.59,0.0,0.0,0.0,0.0,0.0,0.0,0.08916,-0.13853,0.12073,0.00163,0.93465
222.6,SYN.ETH-26JUL19,1564052346387,open,0.0,0.0,0.001,0.04,0.0,145.02,None,0.0,ETH-26JUL19-150-P,222.59,0.0,0.0,0.0,0.001,300.0,384.07,0.0,0.0,0.0,0.0,0.0
223.98,ETH-27SEP19,1564052346389,open,0.83,79.0,0.747,0.892,0.819605,113.8,0.351,0.0,ETH-27SEP19-400-P,222.59,0.0,0.0,0.0,0.0,0.0,0.0,0.23123,-0.20598,-0.64914,0.00231,-0.83648
222.6,SYN.ETH-26JUL19,1564052346386,open,0.0,1183.0,0.001,0.04,0.0,144.99,0.001,0.0,ETH-26JUL19-560-C,222.59,0.0,0.0,0.0,0.001,324.0,500.0,0.0,0.0,0.0,0.0,0.0
222.6,SYN.ETH-26JUL19,1564052346386,open,0.81,985.0,0.726,0.868,0.797034,391.77,0.205,0.0,ETH-26JUL19-400-P,222.59,0.0,0.0,0.0,0.0,0.0,0.0,0.00055,-0.10716,-0.00959,0.00012,-0.99845
222.75,SYN.ETH-2AUG19,1564052346385,open,0.16,0.0,0.105,0.196,0.150191,118.27,None,0.0,ETH-2AUG19-250-P,222.59,0.0,0.0,0.0,0.0,0.0,0.0,0.11049,-0.82959,-0.04174,0.00873,-0.71818
222.75,SYN.ETH-2AUG19,1564052346386,open,0.0,489.0,0.001,0.041,0.001588,118.08,0.005,0.0,ETH-2AUG19-160-P,222.59,0.0,0.0,0.0,0.002,250.0,122.86,0.01786,-0.13391,-0.00118,0.00141,-0.02305
223.36,SYN.ETH-30AUG19,1564052346387,open,0.32,0.0,0.263,0.367,0.314803,112.01,None,0.0,ETH-30AUG19-280-P,222.59,0.0,0.0,0.0,0.0,0.0,0.0,0.25039,-0.39089,-0.21842,0.00456,-0.6801
223.36,SYN.ETH-30AUG19,1564052346385,open,0.08,161.0,0.043,0.122,0.08245,111.96,0.06,0.0,ETH-30AUG19-260-C,222.59,108.27,0.078,160.0,0.085,221.0,114.07,0.27027,-0.42174,0.06939,0.00492,0.3985
222.6,SYN.ETH-26JUL19,1564052346386,open,0.27,857.0,0.208,0.308,0.257937,167.22,0.348,0.0,ETH-26JUL19-280-P,222.59,0.0,0.211,25.0,0.297,25.0,500.0,0.00096,-0.08066,-0.0067,0.00049,-0.99711
222.6,SYN.ETH-26JUL19,1564052346386,open,0.0,1074.0,0.001,0.04,0.0,144.99,0.001,0.0,ETH-26JUL19-480-C,222.59,0.0,0.0,0.0,0.001,300.0,500.0,0.0,0.0,0.0,0.0,0.0
222.6,SYN.ETH-26JUL19,1564052346386,open,0.01,1465.0,0.001,0.044,0.004154,113.98,0.004,0.0,ETH-26JUL19-210-P,222.59,102.87,0.003,138.0,0.006,440.0,129.68,0.0245,-0.92464,-0.00078,0.01808,-0.14196
223.36,SYN.ETH-30AUG19,1564052346387,open,0.04,277.0,0.001,0.073,0.033883,112.87,0.035,0.0,ETH-30AUG19-320-C,222.59,109.54,0.031,518.0,0.036,437.0,115.25,0.19646,-0.30904,0.03662,0.00355,0.2007
222.6,SYN.ETH-26JUL19,1564052346385,open,0.99,0.0,0.898,1.055,0.976737,451.64,None,0.0,ETH-26JUL19-440-P,222.59,0.0,0.0,0.0,0.0,0.0,0.0,0.00053,-0.11947,-0.01055,0.0001,-0.99851
222.75,SYN.ETH-2AUG19,1564052346385,open,0.36,0.0,0.297,0.404,0.350611,119.92,None,0.0,ETH-2AUG19-300-P,222.59,0.0,0.0,0.0,0.0,0.0,0.0,0.03617,-0.27541,-0.06229,0.00282,-0.94543
223.98,ETH-27SEP19,1564052346389,open,0.75,259.0,0.668,0.806,0.736746,113.14,0.94,0.0,ETH-27SEP19-380-P,222.59,0.0,0.009,8.0,0.0,0.0,0.0,0.25375,-0.22473,-0.60652,0.00255,-0.81063
222.75,SYN.ETH-2AUG19,1564052346385,open,0.0,191.0,0.001,0.043,0.003758,119.55,0.004,0.0,ETH-2AUG19-300-C,222.59,106.63,0.002,754.0,0.005,250.0,126.66,0.03585,-0.27211,0.00241,0.0028,0.05396
223.36,SYN.ETH-30AUG19,1564052346385,open,0.01,320.0,0.001,0.052,0.011554,111.55,0.011,0.0,ETH-30AUG19-140-P,222.59,110.15,0.011,204.0,0.012,200.0,112.66,0.08926,-0.13878,-0.0169,0.00163,-0.06545
222.75,SYN.ETH-2AUG19,1564052346386,open,0.04,104.0,0.001,0.079,0.039629,118.16,0.036,0.0,ETH-2AUG19-240-C,222.59,111.56,0.036,142.0,0.042,419.0,122.44,0.12308,-0.92331,0.01568,0.00973,0.36583
222.75,SYN.ETH-2AUG19,1564052346387,open,0.2,0.0,0.161,0.24,0.200113,117.93,None,0.0,ETH-2AUG19-180-C,222.59,0.0,0.0,0.0,0.0,0.0,0.0,0.05486,-0.41071,0.03393,0.00434,0.90604
222.6,SYN.ETH-26JUL19,1564052346387,open,1.53,0.0,1.416,1.616,1.515847,500.0,None,0.0,ETH-26JUL19-560-P,222.59,0.0,0.0,0.0,0.0,0.0,0.0,6e-05,-0.01419,-0.01343,1e-05,-0.99987
223.36,SYN.ETH-30AUG19,1564052346385,open,0.02,1850.0,0.001,0.058,0.018747,113.71,0.018,0.0,ETH-30AUG19-360-C,222.59,109.24,0.016,421.0,0.021,499.0,117.15,0.14244,-0.22572,0.02286,0.00255,0.12288
222.6,SYN.ETH-26JUL19,1564052346386,open,1.35,0.0,1.243,1.429,1.336144,500.0,None,0.0,ETH-26JUL19-520-P,222.59,0.0,0.0,0.0,0.0,0.0,0.0,0.00016,-0.04085,-0.01247,3e-05,-0.99958
222.6,SYN.ETH-26JUL19,1564052346387,open,0.0,2266.0,0.001,0.04,0.0,145.02,0.001,0.0,ETH-26JUL19-160-P,222.59,0.0,0.0,0.0,0.001,300.0,328.33,0.0,0.0,0.0,0.0,0.0
222.6,SYN.ETH-26JUL19,1564052346386,open,0.0,398.0,0.001,0.04,7.8e-05,144.97,0.001,0.0,ETH-26JUL19-270-C,222.59,0.0,0.0,0.0,0.001,300.0,200.33,0.00119,-0.01735,2e-05,0.00069,0.00365
222.6,SYN.ETH-26JUL19,1564052346388,open,0.63,1046.0,0.553,0.682,0.61733,325.29,0.745,0.0,ETH-26JUL19-360-P,222.59,0.0,0.561,25.0,0.671,25.0,500.0,0.00058,-0.0946,-0.00863,0.00015,-0.99835
222.6,SYN.ETH-26JUL19,1564052346385,open,0.0,841.0,0.001,0.04,1e-06,145.02,0.002,0.0,ETH-26JUL19-170-P,222.59,0.0,0.0,0.0,0.001,300.0,275.25,3e-05,-0.00024,0.0,2e-05,-6e-05
222.6,SYN.ETH-26JUL19,1564052346387,open,0.22,0.0,0.165,0.261,0.213076,153.27,None,0.0,ETH-26JUL19-270-P,222.59,0.0,0.168,25.0,0.251,25.0,500.0,0.00175,-0.13447,-0.00645,0.00096,-0.99436
223.36,SYN.ETH-30AUG19,1564052346386,open,0.19,146.0,0.151,0.23,0.190252,111.52,0.196,0.0,ETH-30AUG19-200-C,222.59,104.97,0.183,368.0,0.197,263.0,117.6,0.24767,-0.38495,0.10932,0.00453,0.68821
222.75,SYN.ETH-2AUG19,1564052346386,open,0.01,694.0,0.001,0.048,0.008225,118.08,0.009,0.0,ETH-2AUG19-180-P,222.59,108.44,0.006,170.0,0.009,250.0,121.16,0.05496,-0.41199,-0.00492,0.00435,-0.0942
223.36,SYN.ETH-30AUG19,1564052346386,open,0.13,238.0,0.085,0.174,0.129712,111.01,0.128,0.0,ETH-30AUG19-220-P,222.59,108.79,0.127,370.0,0.135,142.0,115.34,0.27283,-0.42211,-0.11934,0.00501,-0.41388
222.75,SYN.ETH-2AUG19,1564052346385,open,0.19,0.0,0.14,0.233,0.186488,118.54,None,0.0,ETH-2AUG19-260-P,222.59,0.0,0.0,0.0,0.0,0.0,0.0,0.09472,-0.71279,-0.04686,0.00746,-0.78842
222.6,SYN.ETH-26JUL19,1564052346386,open,0.0,1117.0,0.001,0.04,0.0,144.99,0.001,0.0,ETH-26JUL19-440-C,222.59,0.0,0.0,0.0,0.001,306.0,500.0,0.0,0.0,0.0,0.0,0.0
