underlying_price,underlying_index,timestamp,state,settlement_price,open_interest,min_price,max_price,mark_price,mark_iv,last_price,interest_rate,instrument_name,index_price,bid_iv,best_bid_price,best_bid_amount,best_ask_price,best_ask_amount,ask_iv,vega,theta,rho,gamma,delta
223.58,SYN.ETH-9AUG19,1564829940003,open,0.29,0.0,0.263,0.308,0.285193,124.75,None,0.0,ETH-9AUG19-160-C,223.19,0.0,0.0,0.0,0.0,0.0,0.0,0.01022,-0.10847,0.02522,0.00102,0.98585
224.04,SYN.ETH-16AUG19,1564829940010,open,0.1,0.0,0.064,0.135,0.103067,92.65,0.105,0.0,ETH-16AUG19-210-C,223.19,86.59,0.099,150.0,0.108,150.0,99.93,0.1511,-0.54364,0.04534,0.00921,0.67682
224.04,SYN.ETH-16AUG19,1564829940094,open,0.04,3.0,0.013,0.069,0.040403,92.64,0.055,0.0,ETH-16AUG19-210-P,223.19,86.08,0.036,200.0,0.044,200.0,97.95,0.15109,-0.54354,-0.02873,0.00921,-0.32316
223.58,SYN.ETH-9AUG19,1564829940102,open,0.0,51.0,0.001,0.011,0.000828,124.67,0.003,0.0,ETH-9AUG19-160-P,223.19,0.0,0.0,0.0,0.002,4.0,143.6,0.01019,-0.10812,-0.00054,0.00102,-0.01411
223.58,SYN.ETH-9AUG19,1564829940154,open,0.0,8.0,0.001,0.011,0.001527,116.91,0.002,0.0,ETH-9AUG19-300-C,223.19,0.0,0.0,0.0,0.003,6.0,131.31,0.01833,-0.18236,0.00096,0.00195,0.02819
223.58,SYN.ETH-9AUG19,1564829940164,open,0.37,0.0,0.355,0.392,0.373876,125.57,None,0.0,ETH-9AUG19-140-C,223.19,0.0,0.0,0.0,0.0,0.0,0.0,0.00119,-0.01273,0.02249,0.00012,0.99873
224.04,SYN.ETH-16AUG19,1564829940189,open,0.08,500.0,0.04,0.11,0.078093,92.65,0.079,0.0,ETH-16AUG19-220-C,223.19,87.09,0.074,150.0,0.083,150.0,99.32,0.16482,-0.593,0.03934,0.01005,0.57593
223.58,SYN.ETH-9AUG19,1564829940204,open,0.24,0.0,0.217,0.265,0.241052,114.07,None,0.0,ETH-9AUG19-170-C,223.19,0.0,0.0,0.0,0.0,0.0,0.0,0.01641,-0.15926,0.02643,0.00179,0.97531
223.58,SYN.ETH-9AUG19,1564829940288,open,0.0,238.0,0.001,0.011,0.001414,114.02,0.004,0.0,ETH-9AUG19-170-P,223.19,107.75,0.001,2.0,0.002,250.0,121.19,0.01638,-0.15894,-0.00094,0.00179,-0.02464
223.58,SYN.ETH-9AUG19,1564829940314,open,0.34,0.0,0.303,0.388,0.343343,116.83,None,0.0,ETH-9AUG19-300-P,223.19,0.0,0.0,0.0,0.0,0.0,0.0,0.01828,-0.18176,-0.04734,0.00194,-0.9719
223.58,SYN.ETH-9AUG19,1564829940328,open,0.0,0.0,0.001,0.011,5.7e-05,125.0,None,0.0,ETH-9AUG19-140-P,223.19,0.0,0.0,0.0,0.003,3.0,206.0,0.00115,-0.01218,-5e-05,0.00011,-0.00122
224.04,SYN.ETH-16AUG19,1564829940363,open,0.06,0.0,0.025,0.093,0.060063,92.64,0.068,0.0,ETH-16AUG19-220-P,223.19,87.11,0.056,2.0,0.064,150.0,97.99,0.16482,-0.59291,-0.03826,0.01005,-0.42406
223.58,SYN.ETH-9AUG19,1564829940373,open,0.2,0.0,0.171,0.223,0.197255,102.86,None,0.0,ETH-9AUG19-180-C,223.19,0.0,0.0,0.0,0.0,0.0,0.0,0.0255,-0.22319,0.02737,0.00308,0.95786
11138.11,BTC-27DEC19,1564829940426,open,0.53,59.3,0.507,0.555,0.53101572,95.74,0.51,0.0,BTC-27DEC19-5500-C,10791.9,0.0,0.255,1.0,0.96,5.0,500.0,9.55723,-3.13634,17.71638,2e-05,0.92901
11138.11,BTC-27DEC19,1564829940426,open,0.69,4.0,0.681,0.7035,0.69140361,104.24,0.64,0.0,BTC-27DEC19-3500-C,10791.9,0.0,0.1,1.0,0.78,1.0,242.17,3.1881,-1.13906,12.91429,1e-05,0.98152
11138.11,BTC-27DEC19,1564829940426,open,0.82,0.0,0.813,0.8325,0.82292905,132.8,None,0.0,BTC-27DEC19-2000-C,10791.9,0.0,0.0135,0.4,0.9775,0.5,500.0,1.34568,-0.61254,7.57742,0.0,0.99315
10949.65,BTC-27SEP19,1564829940426,open,0.0,370.8,0.0005,0.012,0.00222981,113.55,0.002,0.0,BTC-27SEP19-4500-P,10791.9,107.01,0.0015,2.0,0.003,24.0,119.11,1.3786,-1.42629,-0.24331,1e-05,-0.01255
11138.11,BTC-27DEC19,1564829940426,open,0.24,700.5,0.179,0.285,0.23656361,93.22,0.2345,0.0,BTC-27DEC19-11000-C,10791.9,91.53,0.2325,5.2,0.2415,3.6,95.28,26.72425,-8.53899,17.24373,6e-05,0.62394
11138.11,BTC-27DEC19,1564829940426,open,0.04,156.3,0.0125,0.0755,0.04017702,100.85,0.0345,0.0,BTC-27DEC19-26000-C,10791.9,99.73,0.0385,4.0,0.0415,6.0,101.72,16.85223,-5.82516,5.15717,3e-05,0.15603
11138.11,BTC-27DEC19,1564829940426,open,0.03,291.2,0.007,0.0565,0.02699581,101.61,0.024,0.0,BTC-27DEC19-30000-C,10791.9,99.48,0.0245,6.0,0.029,6.0,103.26,13.32638,-4.64139,3.73938,3e-05,0.111
10949.65,BTC-27SEP19,1564829940426,open,0.49,34.4,0.4495,0.5495,0.49895945,97.78,0.6695,0.0,BTC-27SEP19-16000-P,10791.9,0.0,0.0045,10.0,1.0635,0.2,500.0,12.19281,-10.86308,-21.2398,7e-05,-0.79126
10949.65,BTC-27SEP19,1564829940426,open,0.64,227.5,0.626,0.6455,0.63596393,117.41,0.7065,0.0,BTC-27SEP19-4000-C,10791.9,0.0,0.111,3.0,0.7025,5.0,299.83,0.86378,-0.92404,5.87182,0.0,0.99265
11138.11,BTC-27DEC19,1564829940426,open,0.46,63.0,0.428,0.49,0.46002218,93.79,0.4965,0.0,BTC-27DEC19-6500-C,10791.9,0.0,0.355,1.0,0.9565,2.0,500.0,13.59448,-4.37009,18.95604,3e-05,0.88586
11138.11,BTC-27DEC19,1564829940426,open,0.01,201.3,0.0005,0.0265,0.00930347,105.75,0.011,0.0,BTC-27DEC19-44000-C,10791.9,102.39,0.0075,6.0,0.011,6.0,108.55,6.39161,-2.3167,1.48439,1e-05,0.04265
10949.65,BTC-27SEP19,1564829940426,open,0.03,530.1,0.012,0.056,0.03246381,93.13,0.0405,0.0,BTC-27SEP19-8000-P,10791.9,89.76,0.0295,29.0,0.0335,24.0,94.28,9.76244,-8.28365,-2.95295,6e-05,-0.14691
11138.11,BTC-27DEC19,1564829940426,open,0.08,542.5,0.0325,0.1185,0.07408834,97.8,0.0735,0.0,BTC-27DEC19-20000-C,10791.9,96.05,0.0705,9.4,0.077,0.5,99.21,22.92448,-7.68502,8.35943,5e-05,0.26188
10949.65,BTC-27SEP19,1564829940426,open,0.24,377.8,0.2,0.2715,0.23804932,93.12,0.2205,0.0,BTC-27SEP19-9000-C,10791.9,86.29,0.23,5.0,0.2855,0.1,131.58,13.0364,-11.06105,8.6804,8e-05,0.76534
11138.11,BTC-27DEC19,1564829940426,open,0.12,304.2,0.0795,0.1705,0.12663079,93.22,0.136,0.0,BTC-27DEC19-9000-P,10791.9,90.7,0.1215,4.9,0.129,4.9,94.39,22.64762,-7.23642,-17.02379,5e-05,-0.2558
11138.11,BTC-27DEC19,1564829940428,open,0.18,197.8,0.1195,0.2285,0.17807507,94.1,0.1805,0.0,BTC-27DEC19-13000-C,10791.9,92.28,0.1735,8.6,0.1835,3.6,96.25,28.07111,-9.05386,14.99786,6e-05,0.515
11138.11,BTC-27DEC19,1564829940427,open,0.65,27.2,0.636,0.664,0.64919715,100.59,0.65,0.0,BTC-27DEC19-4000-C,10791.9,0.0,0.45,1.0,0.9665,1.0,500.0,4.37578,-1.50863,14.41826,1e-05,0.9731
11138.11,BTC-27DEC19,1564829940428,open,0.0,173.8,0.0005,0.0105,0.00083936,133.43,0.001,0.0,BTC-27DEC19-1500-P,10791.9,125.43,0.0005,10.1,0.001,1.0,136.44,0.55962,-0.25594,-0.15162,0.0,-0.00257
10949.65,BTC-27SEP19,1564829940427,open,0.01,619.7,0.0005,0.017,0.00696721,98.78,0.007,0.0,BTC-27SEP19-6000-P,10791.9,95.71,0.006,5.0,0.008,24.0,101.82,3.58637,-3.22794,-0.75723,2e-05,-0.03903
10949.65,BTC-27SEP19,1564829940427,open,0.0,1060.6,0.0005,0.0115,0.00173619,115.8,0.0025,0.0,BTC-27SEP19-4250-P,10791.9,107.24,0.001,19.0,0.0025,24.0,122.44,1.11625,-1.1778,-0.19066,1e-05,-0.00985
11138.11,BTC-27DEC19,1564829940428,open,0.87,0.1,0.8565,0.876,0.86616637,133.43,0.84,0.0,BTC-27DEC19-1500-C,10791.9,0.0,0.019,0.2,0.981,0.5,500.0,0.55952,-0.25588,5.84331,0.0,0.99743
10808.71,SYN.BTC-9AUG19,1564829940426,open,0.02,128.8,0.0025,0.0395,0.01786599,94.31,0.0195,0.0,BTC-9AUG19-10000-P,10791.9,90.81,0.0165,0.1,0.02,0.4,99.67,4.25281,-34.12935,-0.44681,0.00024,-0.23893
10949.65,BTC-27SEP19,1564829940428,open,0.01,461.9,0.0005,0.021,0.00764367,99.76,0.009,0.0,BTC-27SEP19-22000-C,10791.9,95.6,0.006,24.0,0.009,24.0,102.82,4.63173,-4.21019,0.75754,3e-05,0.05366
10828.84,SYN.BTC-16AUG19,1564829940426,open,0.06,15.3,0.03,0.0905,0.06143603,91.55,0.068,0.0,BTC-16AUG19-11000-C,10791.9,89.63,0.06,0.2,0.0655,18.1,96.97,8.11382,-28.84504,1.66733,0.00021,0.49791
10828.84,SYN.BTC-16AUG19,1564829940426,open,0.02,46.1,0.005,0.0455,0.02283235,95.03,0.022,0.0,BTC-16AUG19-12500-C,10791.9,90.95,0.0205,24.0,0.025,24.0,98.72,6.28451,-23.1917,0.81947,0.00016,0.23736
11138.2,BTC-27DEC19,1564829940429,open,0.41,100.6,0.342,0.476,0.41209198,94.54,0.409,0.0,BTC-27DEC19-14000-P,10791.9,92.11,0.406,3.6,0.418,3.6,96.89,27.99278,-9.07092,-42.08767,6e-05,-0.53338
10949.65,BTC-27SEP19,1564829940428,open,0.82,28.2,0.8075,0.827,0.81737838,134.69,0.755,0.0,BTC-27SEP19-2000-C,10791.9,0.0,0.01,1.0,0.9105,5.0,500.0,0.03496,-0.0429,3.00275,0.0,0.99978
11138.2,BTC-27DEC19,1564829940429,open,3.64,1.0,3.578,3.782,3.67496853,109.23,4.454,0.0,BTC-27DEC19-52000-P,10791.9,0.0,0.001,1.0,0.0,0.0,0.0,4.74246,-1.77549,-206.78649,1e-05,-0.97037
11138.2,BTC-27DEC19,1564829940428,open,1.7,0.2,1.649,1.8,1.72044856,101.63,2.03,0.0,BTC-27DEC19-30000-P,10791.9,0.0,0.0,0.0,0.0,0.0,0.0,13.33136,-4.64384,-116.15677,3e-05,-0.88894
10949.65,BTC-27SEP19,1564829940428,open,1.54,0.0,1.5075,1.6165,1.55928256,103.92,None,0.0,BTC-27SEP19-28000-P,10791.9,0.0,0.09,1.0,0.0,0.0,0.0,1.75732,-1.66388,-41.85747,1e-05,-0.98336
10949.65,BTC-27SEP19,1564829940429,open,0.01,521.5,0.0025,0.03,0.01253465,98.58,0.014,0.0,BTC-27SEP19-20000-C,10791.9,97.67,0.012,0.1,0.013,2.7,99.36,6.49237,-5.83177,1.16081,4e-05,0.08305
10869.11,SYN.BTC-30AUG19,1564829940427,open,0.39,0.0,0.359,0.4385,0.39765898,98.95,None,0.0,BTC-30AUG19-15000-P,10791.9,0.0,0.0,0.0,0.0,0.0,0.0,6.67041,-12.27982,-10.03847,8e-05,-0.85666
10949.65,BTC-27SEP19,1564829940429,open,0.86,42.8,0.8535,0.873,0.86301143,131.72,0.815,0.0,BTC-27SEP19-1500-C,10791.9,0.0,0.0,0.0,0.0,0.0,0.0,0.00312,-0.00374,2.25485,0.0,0.99998
10949.65,BTC-27SEP19,1564829940429,open,0.02,430.2,0.0045,0.032,0.01585645,95.01,0.016,0.0,BTC-27SEP19-7000-P,10791.9,93.52,0.015,3.0,0.017,24.0,96.94,6.36862,-5.51303,-1.59371,4e-05,-0.08095
10949.65,BTC-27SEP19,1564829940430,open,0.0,416.0,0.0005,0.011,0.00127539,117.45,0.001,0.0,BTC-27SEP19-4000-P,10791.9,104.38,0.0005,30.0,0.002,24.0,125.3,0.86512,-0.92577,-0.14221,0.0,-0.00736
10808.71,SYN.BTC-9AUG19,1564829940426,open,0.0,121.9,0.0005,0.011,0.00122687,120.72,0.001,0.0,BTC-9AUG19-8000-P,10791.9,105.8,0.0005,19.7,0.002,0.5,131.2,0.68136,-6.99965,-0.03801,3e-05,-0.02062
10949.65,BTC-27SEP19,1564829940430,open,0.0,325.9,0.0005,0.0115,0.00198468,105.29,0.0025,0.0,BTC-27SEP19-4750-P,10791.9,87.54,0.0005,24.1,0.0035,24.0,115.49,1.34784,-1.29299,-0.23396,1e-05,-0.01223
11138.2,BTC-27DEC19,1564829940430,open,0.4,93.7,0.357,0.4335,0.39745236,93.22,0.324,0.0,BTC-27DEC19-7500-C,10791.9,0.0,0.211,0.1,0.4235,2.5,109.27,17.62171,-5.63038,19.38444,4e-05,0.83291
11138.2,BTC-27DEC19,1564829940431,open,1.02,3.9,0.9635,1.1085,1.03464671,98.76,0.752,0.0,BTC-27DEC19-22000-P,10791.9,0.0,0.01,1.0,1.8175,0.3,500.0,20.75443,-7.0253,-80.85604,4e-05,-0.78174
10949.74,BTC-27SEP19,1564829940431,open,0.41,29.6,0.368,0.4695,0.41901488,97.06,0.58,0.0,BTC-27SEP19-15000-P,10791.9,0.0,0.0045,10.0,0.984,0.3,500.0,13.72886,-12.14099,-19.10569,8e-05,-0.74156
10949.74,BTC-27SEP19,1564829940431,open,0.09,254.1,0.0435,0.1185,0.08198342,94.33,0.085,0.0,BTC-27SEP19-13000-C,10791.9,91.64,0.078,24.3,0.085,19.3,96.36,16.25725,-13.97258,5.02604,0.0001,0.38729
10949.74,BTC-27SEP19,1564829940431,open,0.57,13.5,0.558,0.58,0.56817729,105.23,0.382,0.0,BTC-27SEP19-4750-C,10791.9,0.0,0.0045,10.0,0.662,5.0,298.94,1.34476,-1.28934,6.90804,1e-05,0.9878
10808.71,SYN.BTC-9AUG19,1564829940426,open,0.03,88.9,0.0085,0.0595,0.03306124,92.13,0.035,0.0,BTC-9AUG19-10500-P,10791.9,86.81,0.0305,0.4,0.036,0.4,98.2,5.22021,-40.92436,-0.71814,0.0003,-0.37967
10828.84,SYN.BTC-16AUG19,1564829940426,open,0.15,1.0,0.114,0.1705,0.14337806,91.54,0.148,0.0,BTC-16AUG19-9500-C,10791.9,0.0,0.0,0.0,0.0,0.0,0.0,5.66624,-20.14317,2.51446,0.00015,0.80162
10808.71,SYN.BTC-9AUG19,1564829940426,open,0.08,0.1,0.0545,0.1195,0.08779997,94.6,0.1,0.0,BTC-9AUG19-11500-P,10791.9,83.9,0.083,0.4,0.0895,0.4,98.31,4.92971,-39.68659,-1.32894,0.00028,-0.67597
11138.2,BTC-27DEC19,1564829940431,open,0.1,381.6,0.0475,0.1435,0.09578921,97.8,0.097,0.0,BTC-27DEC19-18000-C,10791.9,97.01,0.094,0.2,0.0975,6.0,98.56,25.1873,-8.44354,9.9894,5e-05,0.3202
10828.84,SYN.BTC-16AUG19,1564829940426,open,0.09,0.0,0.05,0.113,0.08373363,91.55,None,0.0,BTC-16AUG19-10500-C,10791.9,90.53,0.083,0.2,0.088,18.0,97.44,7.8333,-27.84761,1.98977,0.00021,0.60462
10869.11,SYN.BTC-30AUG19,1564829940429,open,0.02,194.0,0.004,0.0375,0.01759403,98.94,0.0165,0.0,BTC-30AUG19-15000-C,10791.9,96.29,0.016,24.0,0.019,24.0,101.2,6.66923,-12.27613,1.0061,8e-05,0.14331
10808.71,SYN.BTC-9AUG19,1564829940426,open,0.01,326.1,0.0005,0.025,0.00830595,99.19,0.008,0.0,BTC-9AUG19-12500-C,10791.9,98.08,0.008,47.3,0.0085,0.3,99.88,3.01295,-25.43046,0.22454,0.00016,0.13735
10869.11,SYN.BTC-30AUG19,1564829940431,open,0.31,0.0,0.275,0.3575,0.31595009,98.66,None,0.0,BTC-30AUG19-14000-P,10791.9,0.0,0.0,0.0,0.0,0.0,0.0,8.46421,-15.53619,-8.86312,0.0001,-0.7915
10808.71,SYN.BTC-9AUG19,1564829940426,open,0.12,1.1,0.0925,0.156,0.12401952,95.78,0.1555,0.0,BTC-9AUG19-12000-P,10791.9,0.0,0.0,0.0,0.0,0.0,0.0,3.97388,-32.38778,-1.58696,0.00022,-0.78804
10828.84,SYN.BTC-16AUG19,1564829940426,open,0.01,8.5,0.0005,0.024,0.00851065,100.38,0.008,0.0,BTC-16AUG19-14000-C,10791.9,98.84,0.008,6.2,0.009,0.2,101.82,3.63158,-14.1567,0.35865,9e-05,0.1024
226.8,ETH-27SEP19,1564829940690,open,0.16,1113.0,0.113,0.201,0.162396,97.0,0.141,0.0,ETH-27SEP19-220-C,223.19,93.38,0.157,230.0,0.168,230.0,100.76,0.33836,-0.29905,0.15127,0.00451,0.60603
226.8,ETH-27SEP19,1564829940690,open,0.0,739.0,0.001,0.011,0.000223,125.0,0.001,0.0,ETH-27SEP19-60-P,223.19,0.0,0.0,0.0,0.002,250.0,163.01,0.00407,-0.00463,-0.00056,4e-05,-0.00141
230.05,ETH-27DEC19,1564829940690,open,0.23,561.0,0.163,0.276,0.227356,97.96,0.205,0.0,ETH-27DEC19-240-C,223.19,95.37,0.221,120.0,0.234,2.0,100.67,0.56356,-0.18922,0.33832,0.00272,0.59532
230.05,ETH-27DEC19,1564829940692,open,0.02,1375.0,0.004,0.039,0.017356,105.98,0.019,0.0,ETH-27DEC19-760-C,223.19,100.63,0.013,50.0,0.022,50.0,110.89,0.20318,-0.0738,0.05182,0.00091,0.07372
226.8,ETH-27SEP19,1564829940692,open,0.1,1730.0,0.053,0.135,0.097824,97.41,0.097,0.0,ETH-27SEP19-260-C,223.19,93.58,0.092,230.0,0.102,120.0,100.15,0.34563,-0.30677,0.11374,0.00459,0.43139
226.8,ETH-27SEP19,1564829940701,open,0.03,7464.0,0.01,0.052,0.029887,97.08,0.045,0.0,ETH-27SEP19-160-P,223.19,94.78,0.028,1.0,0.032,200.0,99.59,0.1884,-0.16664,-0.05534,0.00251,-0.1324
226.8,ETH-27SEP19,1564829940703,open,0.38,769.0,0.319,0.439,0.381049,98.14,0.45,0.0,ETH-27SEP19-300-P,223.19,75.45,0.353,110.0,0.413,110.0,121.01,0.30245,-0.27046,-0.37102,0.00398,-0.70704
226.8,ETH-27SEP19,1564829940708,open,0.45,497.0,0.393,0.516,0.455907,98.52,0.51,0.0,ETH-27SEP19-320-P,223.19,65.42,0.423,110.0,0.491,110.0,125.41,0.27264,-0.24475,-0.41501,0.00358,-0.76119
226.8,ETH-27SEP19,1564829940712,open,0.18,2475.0,0.129,0.233,0.184665,97.22,0.28,0.0,ETH-27SEP19-240-P,223.19,93.56,0.179,110.0,0.19,120.0,100.68,0.35057,-0.31055,-0.22823,0.00466,-0.48468
230.05,ETH-27DEC19,1564829940730,open,0.03,1087.0,0.007,0.055,0.027793,104.54,0.027,0.0,ETH-27DEC19-640-C,223.19,100.36,0.023,50.0,0.032,50.0,107.92,0.27644,-0.09906,0.07712,0.00125,0.11167
226.8,ETH-27SEP19,1564829940730,open,0.21,1289.0,0.159,0.245,0.207126,97.02,0.203,0.0,ETH-27SEP19-200-C,223.19,0.0,0.0,0.0,0.425,11.0,260.27,0.30608,-0.27057,0.16782,0.00408,0.6993
224.96,SYN.ETH-30AUG19,1564829940730,open,0.02,483.0,0.005,0.043,0.022094,98.59,0.026,0.0,ETH-30AUG19-300-C,223.19,94.01,0.019,160.0,0.025,160.0,102.68,0.15622,-0.28653,0.025,0.00425,0.17302
226.8,ETH-27SEP19,1564829940741,open,0.78,79.0,0.718,0.846,0.780439,100.85,0.351,0.0,ETH-27SEP19-400-P,223.19,0.0,0.0,0.0,0.0,0.0,0.0,0.15952,-0.14658,-0.57141,0.00205,-0.89535
230.05,ETH-27DEC19,1564829940741,open,0.83,16.0,0.737,0.911,0.826674,101.34,1.195,0.0,ETH-27DEC19-400-P,223.19,71.47,0.77,110.0,0.891,110.0,129.04,0.50065,-0.17391,-1.40959,0.00234,-0.70646
226.8,ETH-27SEP19,1564829940743,open,0.61,233.0,0.552,0.677,0.614342,99.47,0.634,0.0,ETH-27SEP19-360-P,223.19,89.85,0.606,44.0,0.0,0.0,0.0,0.21172,-0.19189,-0.49678,0.00275,-0.84256
230.05,ETH-27DEC19,1564829940746,open,0.06,746.0,0.021,0.096,0.057649,102.38,0.053,0.0,ETH-27DEC19-480-C,223.19,99.78,0.053,110.0,0.062,150.0,104.75,0.41701,-0.14634,0.13841,0.00193,0.20819
224.96,SYN.ETH-30AUG19,1564829940746,open,0.43,0.0,0.386,0.489,0.436744,99.22,None,0.0,ETH-30AUG19-320-P,223.19,0.0,0.0,0.0,0.0,0.0,0.0,0.12221,-0.2256,-0.21808,0.00331,-0.87986
230.05,ETH-27DEC19,1564829940750,open,0.53,83.0,0.445,0.604,0.529799,99.98,0.626,0.0,ETH-27DEC19-320-P,223.19,96.4,0.521,110.0,0.536,30.0,102.48,0.568,-0.19464,-1.02189,0.00269,-0.58166
230.05,ETH-27DEC19,1564829940752,open,0.03,1471.0,0.009,0.062,0.032312,103.54,0.023,0.0,ETH-27DEC19-600-C,223.19,100.17,0.028,160.0,0.036,110.0,106.26,0.30392,-0.10786,0.08773,0.00139,0.12773
230.05,ETH-27DEC19,1564829940757,open,0.98,0.0,0.893,1.071,0.983329,101.79,None,0.0,ETH-27DEC19-440-P,223.19,52.53,0.917,110.0,1.909,1.0,500.0,0.45856,-0.15999,-1.59699,0.00213,-0.75363
224.96,SYN.ETH-30AUG19,1564829940760,open,0.09,314.0,0.052,0.13,0.092797,96.9,0.121,0.0,ETH-30AUG19-220-P,223.19,91.42,0.087,240.0,0.097,120.0,100.88,0.2379,-0.42889,-0.08401,0.00659,-0.4144
226.8,ETH-27SEP19,1564829940780,open,0.95,0.0,0.887,1.02,0.950688,102.23,None,0.0,ETH-27SEP19-440-P,223.19,0.0,0.0,0.0,0.0,0.0,0.0,0.11845,-0.11033,-0.64118,0.0015,-0.92971
226.8,ETH-27SEP19,1564829940782,open,0.08,2100.0,0.036,0.111,0.075388,97.64,0.067,0.0,ETH-27SEP19-280-C,223.19,93.9,0.07,270.0,0.08,160.0,100.82,0.32795,-0.29177,0.09593,0.00434,0.35671
226.8,ETH-27SEP19,1564829940785,open,0.65,0.0,0.637,0.66,0.648842,124.92,None,0.0,ETH-27SEP19-80-C,223.19,0.0,0.003,10.0,0.0,0.0,0.0,0.02,-0.02277,0.11689,0.00021,0.99166
230.05,ETH-27DEC19,1564829940791,open,0.07,624.0,0.029,0.112,0.070701,101.79,0.068,0.0,ETH-27DEC19-440-C,223.19,98.89,0.065,110.0,0.076,150.0,104.42,0.45856,-0.15999,0.16151,0.00213,0.24637
230.05,ETH-27DEC19,1564829940793,open,1.98,0.0,1.877,2.09,1.97957,105.12,None,0.0,ETH-27DEC19-680-P,223.19,0.0,0.0,0.0,0.0,0.0,0.0,0.24968,-0.08996,-2.65025,0.00112,-0.90296
226.8,ETH-27SEP19,1564829940793,open,0.0,3439.0,0.001,0.011,0.001516,113.46,0.003,0.0,ETH-27SEP19-680-C,223.19,108.34,0.001,5.0,0.002,301.0,117.23,0.02632,-0.02721,0.00338,0.0003,0.01143
230.05,ETH-27DEC19,1564829940804,open,0.67,241.0,0.587,0.754,0.674885,100.73,0.986,0.0,ETH-27DEC19-360-P,223.19,79.09,0.627,110.0,1.562,1.0,500.0,0.53879,-0.18602,-1.21795,0.00253,-0.64981
226.8,ETH-27SEP19,1564829940808,open,0.01,7790.0,0.004,0.029,0.014185,97.75,0.019,0.0,ETH-27SEP19-140-P,223.19,95.48,0.013,1.0,0.015,200.0,99.27,0.12044,-0.10727,-0.02933,0.00159,-0.07183
226.8,ETH-27SEP19,1564829940811,open,0.0,2060.0,0.001,0.011,0.001576,124.92,0.003,0.0,ETH-27SEP19-80-P,223.19,0.0,0.0,0.0,0.01,5.0,173.35,0.02,-0.02277,-0.00338,0.00021,-0.00834
226.8,ETH-27SEP19,1564829940814,open,0.33,392.0,0.289,0.355,0.32442,97.08,0.51,0.0,ETH-27SEP19-160-C,223.19,0.0,0.136,42.0,0.0,0.0,0.0,0.1884,-0.16664,0.18521,0.00251,0.8676
226.8,ETH-27SEP19,1564829940822,open,1.12,0.0,1.057,1.196,1.123473,103.94,None,0.0,ETH-27SEP19-480-P,223.19,0.0,0.0,0.0,0.0,0.0,0.0,0.08865,-0.08396,-0.7075,0.0011,-0.95141
230.05,ETH-27DEC19,1564829940822,open,1.64,0.0,1.543,1.742,1.640441,103.54,0.953,0.0,ETH-27DEC19-600-P,223.19,0.0,0.0,0.0,0.0,0.0,0.0,0.30392,-0.10786,-2.31023,0.00139,-0.87227
226.8,ETH-27SEP19,1564829940832,open,0.0,3419.0,0.001,0.012,0.002021,112.05,0.003,0.0,ETH-27SEP19-640-C,223.19,103.3,0.001,50.0,0.003,137.0,117.84,0.03328,-0.03397,0.00442,0.00038,0.01499
230.05,ETH-27DEC19,1564829940832,open,1.47,0.0,1.378,1.572,1.473484,103.4,0.845,0.0,ETH-27DEC19-560-P,223.19,0.0,0.0,0.0,0.0,0.0,0.0,0.33989,-0.12046,-2.13576,0.00155,-0.84947
224.96,SYN.ETH-30AUG19,1564829940836,open,0.05,353.0,0.021,0.082,0.05242,97.93,0.057,0.0,ETH-30AUG19-260-C,223.19,93.46,0.048,160.0,0.056,160.0,101.51,0.22372,-0.4076,0.04767,0.00613,0.34021
230.05,ETH-27DEC19,1564829940840,open,0.3,164.0,0.238,0.344,0.29818,97.96,0.288,0.0,ETH-27DEC19-200-C,223.19,0.0,0.001,1000.0,0.5,30.0,195.04,0.50265,-0.16877,0.37303,0.00243,0.70391
226.8,ETH-27SEP19,1564829940840,open,0.0,2697.0,0.001,0.011,0.001515,118.31,0.001,0.0,ETH-27SEP19-720-C,223.19,113.04,0.001,1.0,0.002,242.0,122.2,0.02556,-0.02755,0.00325,0.00028,0.01105
230.05,ETH-27DEC19,1564829940842,open,0.17,2181.0,0.109,0.217,0.167556,97.96,0.174,0.0,ETH-27DEC19-200-P,223.19,94.5,0.16,140.0,0.172,40.0,99.99,0.50265,-0.16877,-0.42629,0.00243,-0.29609
230.05,ETH-27DEC19,1564829940842,open,0.18,216.0,0.113,0.226,0.176239,98.85,0.157,0.0,ETH-27DEC19-280-C,223.19,96.38,0.17,120.0,0.183,30.0,101.53,0.5802,-0.19659,0.29696,0.00277,0.49922
230.05,ETH-27DEC19,1564829940846,open,0.02,503.0,0.005,0.049,0.023691,105.12,0.023,0.0,ETH-27DEC19-680-C,223.19,100.54,0.019,50.0,0.028,50.0,108.92,0.24968,-0.08996,0.06744,0.00112,0.09704
230.05,ETH-27DEC19,1564829940849,open,0.05,936.0,0.015,0.082,0.047317,102.88,0.036,0.0,ETH-27DEC19-520-C,223.19,100.19,0.043,110.0,0.051,110.0,105.09,0.37693,-0.13291,0.11877,0.00173,0.1765
224.96,SYN.ETH-30AUG19,1564829940849,open,0.01,2903.0,0.002,0.025,0.011244,99.7,0.01,0.0,ETH-30AUG19-160-P,223.19,96.58,0.01,1.0,0.013,350.0,103.86,0.09207,-0.17077,-0.01537,0.00248,-0.08154
226.8,ETH-27SEP19,1564829940859,open,0.13,1829.0,0.078,0.165,0.126464,97.22,0.118,0.0,ETH-27SEP19-240-C,223.19,94.34,0.122,110.0,0.132,230.0,100.81,0.35057,-0.31055,0.13259,0.00466,0.51532
226.8,ETH-27SEP19,1564829940863,open,1.99,0.0,1.912,2.095,1.999752,113.46,None,0.0,ETH-27SEP19-680-P,223.19,0.0,0.0,0.0,0.0,0.0,0.0,0.02632,-0.02721,-1.01896,0.0003,-0.98857
10949.68,BTC-27SEP19,1564829941428,open,0.0,561.3,0.0005,0.0125,0.00272947,104.55,0.002,0.0,BTC-27SEP19-5000-P,10791.79,95.28,0.0015,4.0,0.004,24.0,111.69,1.72905,-1.64711,-0.31369,1e-05,-0.01633
10949.68,BTC-27SEP19,1564829941428,open,0.62,9.2,0.604,0.6235,0.61360065,115.84,0.574,0.0,BTC-27SEP19-4250-C,10791.79,0.0,0.005,0.1,0.6885,5.0,299.4,1.11777,-1.17977,6.19867,1e-05,0.99014
11138.08,BTC-27DEC19,1564829941429,open,0.43,52.5,0.391,0.4605,0.42743791,93.23,0.414,0.0,BTC-27DEC19-7000-C,10791.79,45.3,0.3765,1.0,0.55,0.1,172.57,15.63111,-4.9947,19.27937,3e-05,0.86054
10949.68,BTC-27SEP19,1564829941429,open,1.72,0.0,1.6865,1.802,1.74154212,107.43,None,0.0,BTC-27SEP19-30000-P,10791.79,0.0,0.1,1.0,0.0,0.0,0.0,1.4687,-1.43759,-44.90959,1e-05,-0.9865
10949.68,BTC-27SEP19,1564829941429,open,0.11,713.6,0.0655,0.1455,0.10771382,93.63,0.1145,0.0,BTC-27SEP19-12000-C,10791.79,91.55,0.1045,0.2,0.111,14.4,95.76,16.89536,-14.41379,5.99349,0.0001,0.47179
10949.68,BTC-27SEP19,1564829941429,open,0.26,38.5,0.218,0.317,0.26923111,94.33,0.2625,0.0,BTC-27SEP19-13000-P,10791.79,75.54,0.242,5.1,0.49,0.1,238.92,16.25709,-13.97245,-14.51882,0.0001,-0.61272
10949.68,BTC-27SEP19,1564829941429,open,1.0,0.2,0.9715,1.068,1.01681555,99.72,1.391,0.0,BTC-27SEP19-22000-P,10791.79,0.0,0.0045,11.0,0.0,0.0,0.0,4.62494,-4.20208,-32.31953,3e-05,-0.94644
11138.08,BTC-27DEC19,1564829941430,open,0.21,166.2,0.1455,0.2535,0.20393998,93.24,0.204,0.0,BTC-27DEC19-12000-C,10791.79,91.86,0.2005,3.6,0.2105,3.6,95.88,27.69597,-8.85132,16.15325,6e-05,0.56682
11138.08,BTC-27DEC19,1564829941430,open,3.29,0.0,3.226,3.417,3.31672236,106.65,None,0.0,BTC-27DEC19-48000-P,10791.79,0.0,0.0,0.0,6.0,1.0,500.0,5.2691,-1.92615,-190.65789,1e-05,-0.96634
10828.95,SYN.BTC-16AUG19,1564829941426,open,0.01,77.4,0.0015,0.027,0.01130546,91.69,0.0095,0.0,BTC-16AUG19-9000-P,10791.79,88.2,0.01,30.0,0.013,30.0,96.01,4.13866,-14.73599,-0.51286,0.00011,-0.12295
10869.23,SYN.BTC-30AUG19,1564829941428,open,0.03,151.7,0.008,0.052,0.02789042,98.65,0.0285,0.0,BTC-30AUG19-14000-C,10791.79,96.85,0.0265,2.0,0.029,19.3,100.07,8.4638,-15.53382,1.44526,0.0001,0.20848
11138.08,BTC-27DEC19,1564829941431,open,0.12,267.2,0.0675,0.17,0.12053187,96.09,0.119,0.0,BTC-27DEC19-16000-C,10791.79,94.62,0.117,0.2,0.1235,2.1,97.32,26.91412,-8.8642,11.76957,6e-05,0.38493
10808.81,SYN.BTC-9AUG19,1564829941426,open,0.06,226.9,0.031,0.089,0.06162117,92.11,0.062,0.0,BTC-9AUG19-10500-C,10791.79,88.75,0.06,9.4,0.065,1.4,99.1,5.22009,-40.91767,0.97221,0.0003,0.62037
10949.68,BTC-27SEP19,1564829941432,open,0.66,0.0,0.65,0.6695,0.65967678,134.28,None,0.0,BTC-27SEP19-3750-C,10791.79,0.0,0.0045,11.0,0.7165,10.0,299.4,1.15259,-1.41016,5.43435,0.0,0.98979
10869.23,SYN.BTC-30AUG19,1564829941431,open,0.23,17.1,0.196,0.2795,0.23845437,97.1,0.289,0.0,BTC-30AUG19-13000-P,10791.79,0.0,0.0,0.0,0.0,0.0,0.0,10.12758,-18.29468,-7.57508,0.00012,-0.70805
10828.95,SYN.BTC-16AUG19,1564829941571,open,0.14,0.0,0.103,0.1755,0.14006166,93.54,None,0.0,BTC-16AUG19-12000-P,10791.79,0.0,0.0,0.0,0.0,0.0,0.0,7.17249,-26.05231,-3.17194,0.00019,-0.69029
10828.85,SYN.BTC-16AUG19,1564829942105,open,0.05,17.9,0.0235,0.083,0.0533641,91.54,0.073,0.0,BTC-16AUG19-10500-P,10791.79,85.51,0.049,24.0,0.0555,24.0,94.5,7.83329,-27.84677,-1.71418,0.00021,-0.39538
11138.07,BTC-27DEC19,1564829942426,open,0.0,98.9,0.0005,0.012,0.00249312,132.8,0.001,0.0,BTC-27DEC19-2000-P,10791.6,107.35,0.0005,20.1,0.011,10.0,175.36,1.34581,-0.61261,-0.41582,0.0,-0.00685
11138.07,BTC-27DEC19,1564829942426,open,1.88,0.3,1.8235,1.979,1.89699975,103.44,1.875,0.0,BTC-27DEC19-32000-P,10791.6,0.0,0.0,0.0,0.0,0.0,0.0,12.274,-4.35191,-124.54769,2e-05,-0.90092
11138.07,BTC-27DEC19,1564829942426,open,0.78,0.0,0.768,0.7875,0.77798398,115.35,None,0.0,BTC-27DEC19-2500-C,10791.6,0.0,0.0135,1.1,0.9745,0.5,500.0,1.5266,-0.60357,9.5312,0.0,0.9921
10949.73,BTC-27SEP19,1564829942426,open,0.14,146.1,0.0985,0.186,0.14439492,92.13,0.1435,0.0,BTC-27SEP19-11000-P,10791.6,89.91,0.141,14.4,0.142,2.8,90.56,16.7066,-14.02459,-9.52432,0.0001,-0.43416
11138.07,BTC-27DEC19,1564829942426,open,0.74,0.0,0.7245,0.744,0.73432315,108.65,None,0.0,BTC-27DEC19-3000-C,10791.6,0.0,0.0055,0.1,0.9715,0.5,500.0,2.21873,-0.82625,11.28681,0.0,0.98788
10949.73,BTC-27SEP19,1564829942426,open,0.06,209.1,0.0295,0.091,0.05999399,93.12,0.0575,0.0,BTC-27SEP19-9000-P,10791.6,89.33,0.0555,5.0,0.0605,19.3,93.55,13.03639,-11.06131,-4.85058,8e-05,-0.23465
10949.73,BTC-27SEP19,1564829942426,open,0.31,899.9,0.271,0.3305,0.30185244,93.13,0.2375,0.0,BTC-27SEP19-8000-C,10791.6,0.0,0.14,2.0,0.3165,5.0,108.73,9.76243,-8.2838,9.0746,6e-05,0.85309
10949.73,BTC-27SEP19,1564829942426,open,0.0,142.4,0.0005,0.013,0.00303144,101.93,0.003,0.0,BTC-27SEP19-26000-C,10791.6,93.0,0.0015,24.0,0.0045,24.0,107.95,2.33666,-2.1702,0.33324,1e-05,0.02327
10949.73,BTC-27SEP19,1564829942427,open,0.59,289.7,0.581,0.602,0.59126272,113.56,0.588,0.0,BTC-27SEP19-4500-C,10791.6,0.0,0.002,2.1,0.675,5.0,299.1,1.37936,-1.42728,6.52202,1e-05,0.98744
10949.73,BTC-27SEP19,1564829942427,open,0.01,289.0,0.0005,0.0155,0.0048555,101.18,0.005,0.0,BTC-27SEP19-24000-C,10791.6,96.26,0.0035,2.0,0.006,24.0,104.71,3.32786,-3.06809,0.50637,2e-05,0.03562
11138.07,BTC-27DEC19,1564829942427,open,0.01,312.3,0.003,0.0255,0.01252898,98.76,0.012,0.0,BTC-27DEC19-4500-P,10791.6,94.78,0.0105,6.0,0.0145,6.0,102.33,5.92942,-2.00705,-2.28851,1e-05,-0.03888
11138.07,BTC-27DEC19,1564829942427,open,0.61,6.5,0.592,0.626,0.60850962,98.76,0.575,0.0,BTC-27DEC19-4500-C,10791.6,0.0,0.012,0.1,0.964,1.0,500.0,5.92951,-2.0071,15.69611,1e-05,0.96112
11138.07,BTC-27DEC19,1564829942427,open,0.32,171.1,0.268,0.3615,0.31859356,93.22,0.326,0.0,BTC-27DEC19-9000-C,10791.6,83.8,0.2995,5.1,0.3355,0.1,101.52,22.64763,-7.23646,18.94543,5e-05,0.7442
10949.73,BTC-27SEP19,1564829942427,open,0.0,124.2,0.0005,0.012,0.00215075,134.26,0.004,0.0,BTC-27SEP19-3750-P,10791.6,110.72,0.0005,1.0,0.0635,1.0,308.39,1.15198,-1.40925,-0.20344,0.0,-0.01021
11138.07,BTC-27DEC19,1564829942427,open,0.02,137.0,0.0055,0.052,0.02400079,103.47,0.0235,0.0,BTC-27DEC19-32000-C,10791.6,102.55,0.023,2.0,0.025,6.0,104.37,12.28211,-4.35594,3.34597,2e-05,0.09917
10949.73,BTC-27SEP19,1564829942428,open,0.0,492.7,0.0005,0.0105,3.362e-05,135.0,0.0005,0.0,BTC-27SEP19-2000-P,10791.6,0.0,0.0,0.0,0.0045,2.0,236.51,0.03581,-0.04405,-0.00425,0.0,-0.00022
10949.73,BTC-27SEP19,1564829942427,open,0.0,405.8,0.0005,0.0105,0.00017184,135.0,0.0005,0.0,BTC-27SEP19-2500-P,10791.6,0.0,0.0,0.0,0.001,10.0,164.03,0.14599,-0.17957,-0.01967,0.0,-0.00102
11138.07,BTC-27DEC19,1564829942428,open,1.19,0.0,1.1325,1.279,1.20364971,100.0,None,0.0,BTC-27DEC19-24000-P,10791.6,0.0,0.0055,1.0,1.991,0.2,500.0,18.76624,-6.43242,-89.87942,4e-05,-0.81546
10949.73,BTC-27SEP19,1564829942428,open,0.33,61.0,0.2905,0.3915,0.34222746,95.98,0.4995,0.0,BTC-27SEP19-14000-P,10791.6,70.51,0.3095,5.0,0.9045,0.3,500.0,15.13633,-13.23718,-16.86665,9e-05,-0.68233
10949.73,BTC-27SEP19,1564829942428,open,0.51,221.9,0.4885,0.5165,0.50169898,99.48,0.51,0.0,BTC-27SEP19-5500-C,10791.6,0.0,0.4975,3.0,0.831,5.0,500.0,2.39499,-2.17087,7.80864,1e-05,0.97603
11138.07,BTC-27DEC19,1564829942427,open,0.05,237.6,0.027,0.086,0.05590784,93.22,0.0625,0.0,BTC-27DEC19-7000-P,10791.6,91.5,0.0535,6.0,0.0585,6.0,95.06,15.63081,-4.99443,-8.69642,3e-05,-0.13945
11138.07,BTC-27DEC19,1564829942428,open,0.86,5.7,0.798,0.942,0.86972977,97.8,1.085,0.0,BTC-27DEC19-20000-P,10791.6,0.0,0.0045,5.0,1.466,1.0,363.47,22.92421,-7.68489,-71.57259,5e-05,-0.73812
11138.07,BTC-27DEC19,1564829942429,open,0.07,155.7,0.037,0.1045,0.07081767,93.22,0.0715,0.0,BTC-27DEC19-7500-P,10791.6,91.12,0.0675,4.9,0.071,1.0,93.34,17.62202,-5.63064,-10.59054,4e-05,-0.1671
11138.07,BTC-27DEC19,1564829942429,open,0.06,170.2,0.023,0.1005,0.05944232,98.75,0.055,0.0,BTC-27DEC19-22000-C,10791.6,97.43,0.057,4.0,0.061,0.1,99.58,20.75167,-7.02368,7.06779,4e-05,0.21822
11138.07,BTC-27DEC19,1564829942429,open,0.37,202.5,0.325,0.408,0.3693572,93.22,0.365,0.0,BTC-27DEC19-8000-C,10791.6,0.0,0.271,0.1,0.999,0.1,500.0,19.47068,-6.22135,19.35029,4e-05,0.80405
10949.73,BTC-27SEP19,1564829942429,open,0.0,671.4,0.0005,0.0115,0.00175097,107.54,0.0025,0.0,BTC-27SEP19-30000-C,10791.6,100.83,0.001,1.0,0.0025,26.9,112.42,1.47755,-1.44774,0.19503,1e-05,0.0136
10949.73,BTC-27SEP19,1564829942429,open,0.0,1660.1,0.0005,0.0105,3.23e-06,135.0,0.0005,0.0,BTC-27SEP19-1500-P,10791.6,0.0,0.0,0.0,0.001,77.1,220.53,0.00447,-0.0055,-0.00046,0.0,-2e-05
11137.88,BTC-27DEC19,1564829942429,open,0.5,122.9,0.4665,0.5215,0.49465794,94.68,0.46,0.0,BTC-27DEC19-6000-C,10791.6,69.91,0.473,4.0,0.0,0.0,0.0,11.5576,-3.75084,18.43004,2e-05,0.90869
10949.73,BTC-27SEP19,1564829942430,open,0.1,273.7,0.0585,0.135,0.09794795,93.13,0.093,0.0,BTC-27SEP19-10000-P,10791.6,92.1,0.0965,3.0,0.0995,19.3,94.23,15.43006,-13.09272,-7.0934,9e-05,-0.33294
10949.73,BTC-27SEP19,1564829942429,open,0.38,748.2,0.354,0.3995,0.3765731,95.01,0.3185,0.0,BTC-27SEP19-7000-C,10791.6,0.0,0.2,1.0,0.4025,5.0,131.45,6.36891,-5.51353,8.93029,4e-05,0.91904
11137.88,BTC-27DEC19,1564829942430,open,0.02,257.7,0.0055,0.034,0.01785805,96.98,0.0175,0.0,BTC-27DEC19-5000-P,10791.6,94.21,0.016,11.0,0.02,6.0,100.02,7.64946,-2.54261,-3.17099,2e-05,-0.05338
11137.88,BTC-27DEC19,1564829942429,open,0.34,95.8,0.277,0.4065,0.34524096,94.09,0.366,0.0,BTC-27DEC19-13000-P,10791.6,91.82,0.3395,3.6,0.3505,3.6,96.18,28.07061,-9.05311,-36.95844,6e-05,-0.48503
10949.73,BTC-27SEP19,1564829942429,open,0.15,510.9,0.096,0.1775,0.13980516,92.13,0.137,0.0,BTC-27SEP19-11000-C,10791.6,91.28,0.1385,0.2,0.144,14.4,94.88,16.70659,-14.0247,7.01355,0.0001,0.56584
10949.73,BTC-27SEP19,1564829942430,open,0.65,1.0,0.619,0.7155,0.66522686,97.78,1.5815,0.0,BTC-27SEP19-18000-P,10791.6,0.0,0.0045,0.3,1.225,0.3,500.0,9.03157,-8.04651,-25.2561,5e-05,-0.86895
11137.88,BTC-27DEC19,1564829942430,open,0.01,242.8,0.0005,0.022,0.00722863,106.75,0.0085,0.0,BTC-27DEC19-48000-C,10791.6,102.78,0.0055,6.0,0.009,6.0,110.22,5.29102,-1.93595,1.18418,1e-05,0.03383
11137.88,BTC-27DEC19,1564829942430,open,0.02,390.0,0.0035,0.042,0.01780695,105.08,0.0165,0.0,BTC-27DEC19-36000-C,10791.6,104.18,0.017,3.0,0.0185,6.0,105.84,10.05007,-3.6199,2.58233,2e-05,0.07582
10828.85,SYN.BTC-16AUG19,1564829942426,open,0.03,21.1,0.011,0.06,0.03453772,91.55,0.035,0.0,BTC-16AUG19-10000-P,10791.6,86.02,0.031,24.0,0.0345,0.2,91.49,6.97849,-24.8083,-1.24535,0.00018,-0.29147
10869.14,SYN.BTC-30AUG19,1564829942426,open,0.21,27.2,0.1715,0.231,0.20273192,93.9,0.136,0.0,BTC-30AUG19-9000-C,10791.6,83.85,0.1955,5.0,0.0,0.0,0.0,8.07296,-14.10263,4.8385,0.0001,0.8073
10869.14,SYN.BTC-30AUG19,1564829942428,open,0.15,164.8,0.1055,0.1735,0.1419046,93.36,0.141,0.0,BTC-30AUG19-10000-C,10791.6,91.4,0.14,14.4,0.1475,14.4,99.08,10.60607,-18.42113,4.2719,0.00013,0.67568
11137.88,BTC-27DEC19,1564829942430,open,0.04,217.7,0.0195,0.07,0.04360541,93.78,0.049,0.0,BTC-27DEC19-6500-P,10791.6,92.05,0.0415,6.0,0.046,6.0,95.73,13.59459,-4.37004,-7.02194,3e-05,-0.11414
10869.14,SYN.BTC-30AUG19,1564829942426,open,0.01,567.4,0.003,0.0275,0.01277222,95.33,0.0135,0.0,BTC-30AUG19-8000-P,10791.6,92.48,0.0115,24.0,0.0145,24.0,99.02,4.96175,-8.79994,-0.85772,6e-05,-0.0944
10828.85,SYN.BTC-16AUG19,1564829942426,open,0.01,26.8,0.0015,0.0285,0.01129594,97.38,0.01,0.0,BTC-16AUG19-13500-C,10791.6,92.76,0.0095,30.0,0.0125,30.0,100.3,4.36241,-16.49609,0.46349,0.00011,0.13263
10828.85,SYN.BTC-16AUG19,1564829942426,open,0.25,0.0,0.225,0.2935,0.25795463,97.35,None,0.0,BTC-16AUG19-13500-P,10791.6,0.0,0.0,0.0,0.0,0.0,0.0,4.36059,-16.48444,-4.29902,0.00011,-0.86745
10869.14,SYN.BTC-30AUG19,1564829942427,open,0.48,0.0,0.4465,0.5245,0.48360837,100.43,None,0.0,BTC-30AUG19-16000-P,10791.6,0.0,0.0,0.0,0.0,0.0,0.0,5.16879,-9.65702,-11.0748,6e-05,-0.90019
10808.7,SYN.BTC-9AUG19,1564829942426,open,0.04,197.9,0.0115,0.0645,0.03825188,91.25,0.038,0.0,BTC-9AUG19-11000-C,10791.6,88.76,0.037,9.6,0.042,0.2,98.68,5.44706,-42.29455,0.73851,0.00032,0.46269
10949.54,BTC-27SEP19,1564829942432,open,1.18,0.2,1.15,1.2495,1.19670006,101.09,1.6,0.0,BTC-27SEP19-24000-P,10791.6,0.0,0.07,1.0,0.0,0.0,0.0,3.31559,-3.05402,-35.57844,2e-05,-0.96454
10869.14,SYN.BTC-30AUG19,1564829942430,open,0.07,522.7,0.0325,0.0975,0.06586873,97.09,0.0695,0.0,BTC-30AUG19-12000-C,10791.6,94.83,0.0635,0.1,0.0675,19.3,98.64,11.42126,-20.62985,2.70314,0.00014,0.40363
10869.14,SYN.BTC-30AUG19,1564829942427,open,0.28,21.0,0.2535,0.3,0.27674935,95.34,0.2375,0.0,BTC-30AUG19-8000-C,10791.6,0.0,0.0,0.0,0.0,0.0,0.0,4.96267,-8.80273,5.03261,6e-05,0.90558
10828.85,SYN.BTC-16AUG19,1564829942426,open,0.21,0.0,0.182,0.2525,0.21661232,96.24,None,0.0,BTC-16AUG19-13000-P,10791.6,0.0,0.0,0.0,0.0,0.0,0.0,5.31116,-19.84832,-3.96509,0.00013,-0.82138
10869.14,SYN.BTC-30AUG19,1564829942430,open,0.01,241.3,0.002,0.028,0.01156264,100.45,0.0115,0.0,BTC-30AUG19-16000-C,10791.6,97.05,0.01,24.0,0.013,24.0,103.39,5.17129,-9.66402,0.70676,6e-05,0.09987
10869.14,SYN.BTC-30AUG19,1564829942426,open,0.04,221.5,0.016,0.0705,0.04240716,97.09,0.04,0.0,BTC-30AUG19-13000-C,10791.6,93.95,0.0395,19.3,0.0445,19.3,99.32,10.12693,-18.29187,1.99687,0.00012,0.29192
10869.14,SYN.BTC-30AUG19,1564829942429,open,0.65,0.0,0.6245,0.702,0.66091926,102.33,None,0.0,BTC-30AUG19-18000-P,10791.6,0.0,0.0,0.0,0.0,0.0,0.0,2.87957,-5.48198,-12.91897,3e-05,-0.95331
10808.7,SYN.BTC-9AUG19,1564829942437,open,0.0,82.0,0.0005,0.0115,0.00171357,105.51,0.002,0.0,BTC-9AUG19-8500-P,10791.6,96.24,0.001,0.9,0.0025,1.0,113.36,0.96677,-8.68024,-0.05746,5e-05,-0.03131
10828.85,SYN.BTC-16AUG19,1564829942618,open,0.17,0.0,0.141,0.213,0.17714879,95.02,None,0.0,BTC-16AUG19-12500-P,10791.6,0.0,0.0,0.0,0.0,0.0,0.0,6.28396,-23.18642,-3.59013,0.00016,-0.76268
10828.85,SYN.BTC-16AUG19,1564829942622,open,0.27,0.0,0.2465,0.282,0.26364787,92.24,None,0.0,BTC-16AUG19-8000-C,10791.6,0.0,0.04,1.0,0.0,0.0,0.0,1.50868,-5.40392,2.68562,4e-05,0.9667
10808.7,SYN.BTC-9AUG19,1564829942881,open,0.18,20.4,0.151,0.194,0.17165493,102.79,0.175,0.0,BTC-9AUG19-9000-C,10791.6,0.0,0.02,0.1,0.0,0.0,0.0,1.85882,-16.25926,1.31798,0.0001,0.92913
10828.85,SYN.BTC-16AUG19,1564829942936,open,0.07,0.0,0.043,0.1095,0.07723791,91.54,None,0.0,BTC-16AUG19-11000-P,10791.6,85.22,0.0725,18.0,0.0795,18.2,94.56,8.11382,-28.84358,-2.21302,0.00021,-0.50209
10808.7,SYN.BTC-9AUG19,1564829942941,open,0.36,0.0,0.3395,0.367,0.35262564,135.37,None,0.0,BTC-9AUG19-7000-C,10791.6,0.0,0.0,0.0,0.0,0.0,0.0,0.179,-2.062,1.11865,1e-05,0.99554
10808.7,SYN.BTC-9AUG19,1564829942967,open,0.16,0.0,0.135,0.197,0.16477198,99.15,None,0.0,BTC-9AUG19-12500-P,10791.6,0.0,0.0,0.0,0.0,0.0,0.0,3.01154,-25.40977,-1.78783,0.00016,-0.86274
10828.67,SYN.BTC-16AUG19,1564829943069,open,0.0,5.0,0.0005,0.012,0.00240892,92.19,0.006,0.0,BTC-16AUG19-8000-P,10791.6,84.74,0.0015,30.0,0.0025,1.0,92.84,1.50643,-5.39294,-0.13619,4e-05,-0.03324
10828.67,SYN.BTC-16AUG19,1564829943078,open,0.02,31.5,0.0025,0.036,0.01612459,96.26,0.0165,0.0,BTC-16AUG19-13000-C,10791.6,91.82,0.014,24.0,0.0175,24.0,99.02,5.312,-19.85648,0.62092,0.00013,0.17867
10808.52,SYN.BTC-9AUG19,1564829943106,open,0.05,34.1,0.025,0.0855,0.05594674,91.22,0.0595,0.0,BTC-9AUG19-11000-P,10791.6,85.37,0.053,0.4,0.059,0.4,97.27,5.44686,-42.28036,-1.03237,0.00032,-0.53739
10808.52,SYN.BTC-9AUG19,1564829943220,open,0.0,177.0,0.0005,0.016,0.00431007,102.74,0.004,0.0,BTC-9AUG19-9000-P,10791.6,100.9,0.004,4.7,0.0045,0.5,103.83,1.85736,-16.23853,-0.13068,0.0001,-0.0708
10808.52,SYN.BTC-9AUG19,1564829943277,open,0.0,174.0,0.0005,0.0105,0.0002458,134.99,0.001,0.0,BTC-9AUG19-7000-P,10791.6,0.0,0.0,0.0,0.001,35.0,161.39,0.17581,-2.01953,-0.00803,1e-05,-0.00437
10828.67,SYN.BTC-16AUG19,1564829943309,open,0.05,16.5,0.017,0.073,0.04534078,93.53,0.041,0.0,BTC-16AUG19-11500-C,10791.6,89.61,0.0425,0.2,0.0475,2.0,96.5,7.85511,-28.53045,1.35297,0.0002,0.39953
10808.52,SYN.BTC-9AUG19,1564829943330,open,0.4,0.0,0.3865,0.411,0.39868906,136.99,None,0.0,BTC-9AUG19-6500-C,10791.6,0.0,0.0,0.0,0.0,0.0,0.0,0.05851,-0.68206,1.04399,0.0,0.99871
10828.67,SYN.BTC-16AUG19,1564829943368,open,0.02,25.9,0.0045,0.0415,0.02066729,91.54,0.0235,0.0,BTC-16AUG19-9500-P,10791.6,87.34,0.0185,24.0,0.022,24.0,94.07,5.66654,-20.1439,-0.83683,0.00015,-0.1984
10808.52,SYN.BTC-9AUG19,1564829943411,open,0.0,365.6,0.0005,0.017,0.00439188,99.39,0.004,0.0,BTC-9AUG19-13000-C,10791.6,94.42,0.0035,0.5,0.0055,0.5,104.91,2.05072,-17.34504,0.13264,0.00011,0.08062
10808.52,SYN.BTC-9AUG19,1564829943414,open,0.0,178.8,0.0005,0.012,0.00220248,99.39,0.0015,0.0,BTC-9AUG19-13500-C,10791.6,92.84,0.0015,96.5,0.0025,1.0,101.8,1.28935,-10.90524,0.07368,7e-05,0.04455
10828.67,SYN.BTC-16AUG19,1564829943414,open,0.01,0.2,0.0005,0.0185,0.00570265,100.39,0.005,0.0,BTC-16AUG19-14500-C,10791.6,93.23,0.004,30.0,0.007,30.5,105.11,2.81887,-10.98913,0.2569,7e-05,0.07296
11137.89,BTC-27DEC19,1564829943430,open,0.17,447.1,0.1175,0.222,0.1723806,93.22,0.171,0.0,BTC-27DEC19-10000-P,10791.46,91.49,0.1685,0.1,0.171,6.7,92.6,25.0635,-8.00807,-21.76157,5e-05,-0.31649
10949.61,BTC-27SEP19,1564829943430,open,0.68,261.1,0.672,0.6915,0.6817938,134.31,0.714,0.0,BTC-27SEP19-3500-C,10791.46,0.0,0.161,2.0,0.7315,10.0,300.01,0.84115,-1.02933,5.12093,0.0,0.99287
11137.89,BTC-27DEC19,1564829943430,open,0.02,93.2,0.009,0.0445,0.02481577,95.74,0.0245,0.0,BTC-27DEC19-5500-P,10791.46,92.99,0.0225,11.0,0.027,6.0,98.24,9.5572,-3.13626,-4.26487,2e-05,-0.07099
10949.61,BTC-27SEP19,1564829943430,open,1.36,0.0,1.3285,1.432,1.3775191,101.81,None,0.0,BTC-27SEP19-26000-P,10791.46,0.0,0.08,1.0,0.0,0.0,0.0,2.32326,-2.15517,-38.75847,1e-05,-0.97688
10949.61,BTC-27SEP19,1564829943430,open,0.55,789.2,0.5345,0.559,0.54609724,104.58,0.5015,0.0,BTC-27SEP19-5000-C,10791.46,0.0,0.051,2.0,0.65,5.0,299.65,1.731,-1.64946,7.20309,1e-05,0.98365
11137.89,BTC-27DEC19,1564829943430,open,0.0,376.4,0.0005,0.0135,0.00366693,108.63,0.004,0.0,BTC-27DEC19-3000-P,10791.46,98.68,0.002,6.0,0.0055,6.0,116.76,2.21774,-0.82577,-0.70258,0.0,-0.01212
11137.89,BTC-27DEC19,1564829943430,open,0.22,248.2,0.1635,0.2785,0.22416692,93.22,0.222,0.0,BTC-27DEC19-11000-P,10791.46,91.27,0.2195,5.1,0.2285,4.9,95.02,26.72409,-8.5386,-26.71916,6e-05,-0.37608
10949.61,BTC-27SEP19,1564829943430,open,0.0,586.8,0.0005,0.0105,0.00057901,134.99,0.0005,0.0,BTC-27SEP19-3000-P,10791.46,0.0,0.0,0.0,0.1085,6.1,475.19,0.40196,-0.49439,-0.06083,0.0,-0.00312
10949.61,BTC-27SEP19,1564829943430,open,0.0,391.3,0.0005,0.0135,0.00399188,99.47,0.004,0.0,BTC-27SEP19-5500-P,10791.46,91.69,0.0025,24.0,0.0055,24.0,105.74,2.3941,-2.16977,-0.46008,1e-05,-0.02396
10949.61,BTC-27SEP19,1564829943430,open,0.0,49.2,0.0005,0.0105,0.00094805,134.85,0.0015,0.0,BTC-27SEP19-3250-P,10791.46,0.0,0.0,0.0,0.006,0.4,179.91,0.60042,-0.73774,-0.09589,0.0,-0.00488
11137.89,BTC-27DEC19,1564829943430,open,0.05,271.2,0.017,0.0875,0.04887961,100.0,0.045,0.0,BTC-27DEC19-24000-C,10791.46,98.88,0.047,4.0,0.0505,4.9,100.96,18.76612,-6.43254,6.0388,4e-05,0.18454
11137.89,BTC-27DEC19,1564829943430,open,0.28,603.6,0.2195,0.321,0.27455899,93.22,0.265,0.0,BTC-27DEC19-10000-C,10791.46,90.53,0.2685,3.6,0.2785,3.6,94.98,25.06341,-8.0086,18.20385,5e-05,0.68351
10949.61,BTC-27SEP19,1564829943431,open,0.0,756.0,0.0005,0.011,0.00112002,107.54,0.0015,0.0,BTC-27SEP19-32000-C,10791.46,98.96,0.0005,2.0,0.0015,0.1,111.14,1.03723,-1.01631,0.13058,1e-05,0.00905
10949.61,BTC-27SEP19,1564829943431,open,0.77,55.9,0.762,0.7815,0.77185572,135.19,0.689,0.0,BTC-27SEP19-2500-C,10791.46,0.0,0.0045,10.0,0.896,5.0,500.0,0.14759,-0.18179,3.73869,0.0,0.99896
11137.89,BTC-27DEC19,1564829943431,open,0.01,955.4,0.0005,0.02,0.00630443,109.12,0.007,0.0,BTC-27DEC19-52000-C,10791.46,105.8,0.005,10.0,0.0075,6.0,111.78,4.71936,-1.76511,1.03075,1e-05,0.02946
11137.89,BTC-27DEC19,1564829943431,open,0.16,287.0,0.098,0.206,0.15514617,94.54,0.16,0.0,BTC-27DEC19-14000-C,10791.46,92.89,0.151,3.6,0.1605,3.6,96.67,27.99189,-9.07057,13.86381,6e-05,0.4666
11137.89,BTC-27DEC19,1564829943431,open,2.93,0.0,2.8745,3.0545,2.95971847,105.64,3.46,0.0,BTC-27DEC19-44000-P,10791.46,0.0,0.0,0.0,0.0,0.0,0.0,6.36371,-2.30418,-174.37314,1e-05,-0.95758
11137.89,BTC-27DEC19,1564829943431,open,0.48,5.6,0.4115,0.549,0.48304467,95.26,0.5485,0.0,BTC-27DEC19-15000-P,10791.46,81.72,0.45,0.2,1.215,0.2,500.0,27.57083,-9.00204,-47.16918,6e-05,-0.57661
11137.89,BTC-27DEC19,1564829943431,open,0.03,95.6,0.009,0.065,0.03277585,101.22,0.0335,0.0,BTC-27DEC19-28000-C,10791.46,99.5,0.0305,4.0,0.0345,6.0,102.48,14.99069,-5.20074,4.38144,3e-05,0.13121
11137.89,BTC-27DEC19,1564829943431,open,1.53,0.1,1.4755,1.625,1.54667637,101.19,2.035,0.0,BTC-27DEC19-28000-P,10791.46,0.0,0.001,1.0,0.0,0.0,0.0,14.98186,-5.19612,-107.52637,3e-05,-0.86891
10949.61,BTC-27SEP19,1564829943432,open,0.02,390.6,0.005,0.044,0.02134371,97.77,0.021,0.0,BTC-27SEP19-18000-C,10791.46,95.49,0.0195,29.0,0.022,7.0,98.56,9.03008,-8.04461,1.8055,5e-05,0.13102
11137.75,BTC-27DEC19,1564829943432,open,0.14,310.6,0.081,0.1865,0.13631224,95.27,0.138,0.0,BTC-27DEC19-15000-C,10791.46,93.52,0.132,3.6,0.14,0.3,96.76,27.57083,-9.003,12.77973,6e-05,0.42341
10949.61,BTC-27SEP19,1564829943432,open,0.83,0.0,0.794,0.8895,0.83906477,98.55,None,0.0,BTC-27SEP19-20000-P,10791.46,0.0,0.0045,11.0,1.3885,0.2,500.0,6.48717,-5.82525,-28.90921,4e-05,-0.91704
10949.61,BTC-27SEP19,1564829943432,open,0.05,417.0,0.0195,0.081,0.04909998,97.04,0.0505,0.0,BTC-27SEP19-15000-C,10791.46,96.16,0.048,0.5,0.05,19.3,97.76,13.72715,-12.1378,3.44532,8e-05,0.25839
11137.75,BTC-27DEC19,1564829943432,open,0.03,272.6,0.0135,0.0565,0.03335051,94.67,0.033,0.0,BTC-27DEC19-6000-P,10791.46,92.38,0.031,6.0,0.0355,6.0,96.72,11.5565,-3.75006,-5.54858,2e-05,-0.0913
10949.61,BTC-27SEP19,1564829943432,open,0.0,326.9,0.0005,0.012,0.00210232,103.79,0.0025,0.0,BTC-27SEP19-28000-C,10791.46,95.01,0.001,34.0,0.003,24.0,108.75,1.74543,-1.65055,0.23713,1e-05,0.01651
11137.75,BTC-27DEC19,1564829943432,open,0.01,334.6,0.002,0.0325,0.01250656,105.09,0.0145,0.0,BTC-27DEC19-40000-C,10791.46,102.11,0.0105,2.0,0.0135,0.5,106.45,7.90578,-2.84757,1.92048,2e-05,0.05565
11137.75,BTC-27DEC19,1564829943432,open,1.36,0.0,1.3035,1.4515,1.37451287,100.81,None,0.0,BTC-27DEC19-26000-P,10791.46,0.0,0.0045,10.0,2.1645,0.2,500.0,16.8391,-5.81819,-98.75931,3e-05,-0.84415
11137.75,BTC-27DEC19,1564829943432,open,0.55,7.1,0.4845,0.625,0.55704321,96.07,0.491,0.0,BTC-27DEC19-16000-P,10791.46,0.0,0.0045,5.0,1.301,0.2,500.0,26.91181,-8.86204,-52.17756,6e-05,-0.61514
10949.61,BTC-27SEP19,1564829943432,open,0.0,421.4,0.0005,0.011,0.00143638,134.26,0.0015,0.0,BTC-27SEP19-3500-P,10791.46,117.5,0.0005,0.1,0.0,0.0,0.0,0.83979,-1.02733,-0.14085,0.0,-0.00712
10949.61,BTC-27SEP19,1564829943432,open,0.46,713.5,0.443,0.4765,0.45900793,98.8,0.362,0.0,BTC-27SEP19-6000-C,10791.46,0.0,0.009,10.0,0.7595,0.3,499.3,3.58784,-3.22979,8.26302,2e-05,0.96095
11137.75,BTC-27DEC19,1564829943432,open,0.28,101.6,0.2165,0.339,0.28132192,93.23,0.2845,0.0,BTC-27DEC19-12000-P,10791.46,91.29,0.2765,3.6,0.287,3.6,95.52,27.69558,-8.85028,-31.80646,6e-05,-0.43322
11137.75,BTC-27DEC19,1564829943432,open,0.0,208.8,0.0005,0.012,0.00243727,115.33,0.0015,0.0,BTC-27DEC19-2500-P,10791.46,101.74,0.001,20.0,0.004,6.0,125.04,1.52576,-0.60315,-0.45997,0.0,-0.0079
10808.52,SYN.BTC-9AUG19,1564829943430,open,0.2,0.0,0.1795,0.238,0.2071266,99.29,None,0.0,BTC-9AUG19-13000-P,10791.46,0.0,0.0,0.0,0.0,0.0,0.0,2.04599,-17.28635,-1.96047,0.00011,-0.91962
10949.61,BTC-27SEP19,1564829943432,open,0.07,209.4,0.029,0.0985,0.0636524,95.98,0.064,0.0,BTC-27SEP19-14000-C,10791.46,94.42,0.0615,0.2,0.0655,19.3,97.31,15.13587,-13.23659,4.18135,9e-05,0.31765
10808.52,SYN.BTC-9AUG19,1564829943430,open,0.26,0.0,0.245,0.279,0.26108239,120.91,None,0.0,BTC-9AUG19-8000-C,10791.46,0.0,0.0,0.0,0.0,0.0,0.0,0.68566,-7.05503,1.24952,3e-05,0.97923
10808.52,SYN.BTC-9AUG19,1564829943430,open,0.0,384.0,0.0005,0.0105,0.00071789,132.06,0.0005,0.0,BTC-9AUG19-7500-P,10791.46,0.0,0.0,0.0,0.0015,0.5,147.56,0.42101,-4.7312,-0.02172,2e-05,-0.01176
10949.61,BTC-27SEP19,1564829943433,open,0.04,276.7,0.013,0.067,0.03771324,97.77,0.037,0.0,BTC-27SEP19-16000-C,10791.46,97.13,0.037,0.1,0.0385,21.3,98.48,12.19142,-10.86068,2.81485,7e-05,0.2087
11137.75,BTC-27DEC19,1564829943433,open,0.7,12.4,0.639,0.7825,0.71186708,97.79,0.559,0.0,BTC-27DEC19-18000-P,10791.46,0.0,0.0045,5.0,1.4725,0.2,500.0,25.1833,-8.44074,-61.95163,5e-05,-0.6799
10828.67,SYN.BTC-16AUG19,1564829943430,open,0.3,0.0,0.269,0.337,0.30135402,100.33,None,0.0,BTC-16AUG19-14000-P,10791.46,0.0,0.0005,1.0,0.0,0.0,0.0,3.62738,-14.1324,-4.58051,9e-05,-0.89776
10808.52,SYN.BTC-9AUG19,1564829943430,open,0.0,15.7,0.0005,0.0105,5.642e-05,135.0,0.0005,0.0,BTC-9AUG19-6500-P,10791.46,0.0,0.0,0.0,0.0005,30.0,169.41,0.05151,-0.59167,-0.00206,0.0,-0.00113
10808.52,SYN.BTC-9AUG19,1564829943430,open,0.31,0.0,0.292,0.323,0.30683248,132.36,None,0.0,BTC-9AUG19-7500-C,10791.46,0.0,0.0,0.0,0.0,0.0,0.0,0.42555,-4.79305,1.18534,2e-05,0.98809
10828.67,SYN.BTC-16AUG19,1564829943430,open,0.36,0.0,0.3405,0.369,0.35431041,104.94,None,0.0,BTC-16AUG19-7000-C,10791.46,0.0,0.0,0.0,0.0,0.0,0.0,0.56031,-2.28338,2.4268,1e-05,0.98961
10868.99,SYN.BTC-30AUG19,1564829943430,open,0.11,43.5,0.0685,0.143,0.10704811,92.9,0.101,0.0,BTC-30AUG19-11000-P,10791.46,89.61,0.1035,14.4,0.1075,3.0,93.32,11.72989,-20.2733,-4.60782,0.00015,-0.46871
11137.75,BTC-27DEC19,1564829943434,open,0.0,128.4,0.0005,0.0155,0.00564075,104.24,0.0055,0.0,BTC-27DEC19-3500-P,10791.46,97.94,0.004,6.0,0.0075,6.0,110.22,3.1883,-1.13913,-1.07388,1e-05,-0.01848
10949.47,BTC-27SEP19,1564829943434,open,0.71,0.0,0.6945,0.714,0.70413708,134.98,None,0.0,BTC-27SEP19-3250-C,10791.46,0.0,0.0045,10.0,0.877,5.0,500.0,0.60346,-0.74217,4.78973,0.0,0.9951
10949.47,BTC-27SEP19,1564829943435,open,1.9,0.0,1.8655,1.9865,1.92361708,107.34,None,0.0,BTC-27SEP19-32000-P,10791.46,0.0,0.0,0.0,0.0,0.0,0.0,1.02458,-1.00206,-47.98138,1e-05,-0.99107
10828.67,SYN.BTC-16AUG19,1564829943430,open,0.1,1.0,0.0705,0.142,0.10731893,93.51,0.1025,0.0,BTC-16AUG19-11500-P,10791.46,84.75,0.101,18.0,0.1085,18.0,95.13,7.85489,-28.5225,-2.70385,0.0002,-0.60051
10949.47,BTC-27SEP19,1564829943435,open,0.19,679.7,0.142,0.2215,0.1846731,93.13,0.1875,0.0,BTC-27SEP19-10000-C,10791.46,89.1,0.179,5.0,0.186,14.4,94.07,15.43014,-13.09289,7.94062,9e-05,0.66704
10868.99,SYN.BTC-30AUG19,1564829943433,open,0.01,168.7,0.0005,0.021,0.0075916,101.73,0.0095,0.0,BTC-30AUG19-17000-C,10791.46,97.03,0.006,24.0,0.009,24.0,105.45,3.92148,-7.42162,0.49239,4e-05,0.06912
10868.99,SYN.BTC-30AUG19,1564829943431,open,0.0,589.1,0.0005,0.011,0.00148081,105.72,0.003,0.0,BTC-30AUG19-6000-P,10791.46,91.29,0.0005,230.0,0.0025,24.0,114.9,1.01331,-1.99308,-0.11907,1e-05,-0.0134
10828.67,SYN.BTC-16AUG19,1564829943430,open,0.22,0.0,0.2,0.242,0.22068931,92.24,None,0.0,BTC-16AUG19-8500-C,10791.46,0.0,0.0,0.0,0.0,0.0,0.0,2.69671,-9.65931,2.71383,7e-05,0.93113
10828.67,SYN.BTC-16AUG19,1564829943430,open,0.0,0.0,0.0005,0.0105,0.00073189,104.74,None,0.0,BTC-16AUG19-7000-P,10791.46,0.0,0.0,0.0,0.0015,30.0,116.36,0.55506,-2.25767,-0.04205,1e-05,-0.01028
10808.52,SYN.BTC-9AUG19,1564829943430,open,0.13,63.4,0.105,0.1545,0.12981974,97.04,0.132,0.0,BTC-9AUG19-9500-C,10791.46,92.07,0.1285,3.0,0.0,0.0,0.0,2.95568,-24.40616,1.28166,0.00016,0.86644
10868.99,SYN.BTC-30AUG19,1564829943430,open,0.0,866.4,0.0005,0.015,0.0050943,101.35,0.005,0.0,BTC-30AUG19-7000-P,10791.46,98.78,0.0045,1.2,0.0055,24.0,103.01,2.60082,-4.9038,-0.37011,3e-05,-0.04115
10808.52,SYN.BTC-9AUG19,1564829943430,open,0.25,0.0,0.225,0.2815,0.25119623,99.22,None,0.0,BTC-9AUG19-13500-P,10791.46,0.0,0.0,0.0,0.0,0.0,0.0,1.28221,-10.82551,-2.10002,7e-05,-0.95576
10828.67,SYN.BTC-16AUG19,1564829943430,open,0.31,0.0,0.2935,0.325,0.30862757,97.05,None,0.0,BTC-16AUG19-7500-C,10791.46,0.0,0.05,1.0,0.0,0.0,0.0,0.88307,-3.32808,2.57377,2e-05,0.9824
10868.99,SYN.BTC-30AUG19,1564829943432,open,0.01,648.8,0.0005,0.0155,0.00486745,102.38,0.007,0.0,BTC-30AUG19-18000-C,10791.46,96.72,0.0035,24.0,0.006,0.7,106.39,2.8839,-5.4929,0.3354,3e-05,0.04678
10828.67,SYN.BTC-16AUG19,1564829943430,open,0.03,76.1,0.009,0.0575,0.03191012,93.53,0.0325,0.0,BTC-16AUG19-12000-C,10791.46,89.87,0.0295,24.0,0.032,2.0,93.67,7.17167,-26.04783,1.06094,0.00019,0.30965
10868.99,SYN.BTC-30AUG19,1564829943431,open,0.36,0.0,0.344,0.3795,0.36106922,101.39,None,0.0,BTC-30AUG19-7000-C,10791.46,0.0,0.0,0.0,0.0,0.0,0.0,2.60333,-4.91041,4.78366,3e-05,0.9588
10808.52,SYN.BTC-9AUG19,1564829943430,open,0.02,247.7,0.004,0.0475,0.02384014,94.61,0.0225,0.0,BTC-9AUG19-11500-C,10791.46,91.66,0.0225,0.2,0.0245,0.1,96.05,4.92935,-39.68576,0.52223,0.00028,0.32398
10808.52,SYN.BTC-9AUG19,1564829943430,open,0.01,502.8,0.001,0.034,0.01380053,95.78,0.014,0.0,BTC-9AUG19-12000-C,10791.46,93.58,0.013,0.5,0.0145,0.1,97.67,3.97337,-32.3838,0.34471,0.00022,0.21192
10828.67,SYN.BTC-16AUG19,1564829943430,open,0.01,15.3,0.0005,0.017,0.00562968,92.19,0.005,0.0,BTC-16AUG19-8500-P,10791.46,87.4,0.0045,30.0,0.007,30.1,97.41,2.69383,-9.6437,-0.28421,7e-05,-0.06877
10828.67,SYN.BTC-16AUG19,1564829943430,open,0.18,0.0,0.1555,0.2045,0.18019219,91.72,None,0.0,BTC-16AUG19-9000-C,10791.46,0.0,0.0,0.0,0.0,0.0,0.0,4.14061,-14.74716,2.6616,0.00011,0.87696
10828.67,SYN.BTC-16AUG19,1564829943430,open,0.0,0.0,0.0005,0.011,0.00122202,96.91,None,0.0,BTC-16AUG19-7500-P,10791.46,0.0,0.0,0.0,0.0025,30.0,109.33,0.87804,-3.30447,-0.07143,2e-05,-0.01748
10868.99,SYN.BTC-30AUG19,1564829943430,open,0.56,0.0,0.535,0.6125,0.5716525,101.67,None,0.0,BTC-30AUG19-17000-P,10791.46,0.0,0.0,0.0,0.0,0.0,0.0,3.91524,-7.40527,-12.02602,4e-05,-0.93103
10828.67,SYN.BTC-16AUG19,1564829943431,open,0.34,0.0,0.3135,0.3795,0.34471858,100.31,None,0.0,BTC-16AUG19-14500-P,10791.46,0.0,0.0,0.0,0.0,0.0,0.0,2.81333,-10.95852,-4.85873,7e-05,-0.92723
10808.52,SYN.BTC-9AUG19,1564829943430,open,0.1,135.7,0.063,0.1195,0.09268511,94.33,0.093,0.0,BTC-9AUG19-10000-C,10791.46,90.01,0.091,0.1,0.0925,0.2,93.86,4.25369,-34.14635,1.16278,0.00024,0.76098
10868.99,SYN.BTC-30AUG19,1564829943432,open,0.1,189.2,0.0585,0.127,0.09500871,92.91,0.1,0.0,BTC-30AUG19-11000-C,10791.46,91.98,0.094,14.4,0.0955,3.0,93.37,11.72987,-20.2762,3.49167,0.00015,0.5313
10868.99,SYN.BTC-30AUG19,1564829943432,open,0.17,2.6,0.127,0.2095,0.16990896,97.08,0.1595,0.0,BTC-30AUG19-12000-P,10791.46,0.0,0.0,0.0,0.0,0.0,0.0,11.42075,-20.62616,-6.13298,0.00014,-0.59642
10808.52,SYN.BTC-9AUG19,1564829943430,open,0.22,2.4,0.198,0.2345,0.21531042,105.66,0.2,0.0,BTC-9AUG19-8500-C,10791.46,0.0,0.0,0.0,0.0,0.0,0.0,0.97127,-8.7327,1.31052,5e-05,0.96851
10868.99,SYN.BTC-30AUG19,1564829943431,open,0.03,467.9,0.011,0.0535,0.03075933,93.89,0.031,0.0,BTC-30AUG19-9000-P,10791.46,90.82,0.0285,19.3,0.0325,19.3,96.22,8.07274,-14.10062,-1.78829,0.0001,-0.19269
10828.67,SYN.BTC-16AUG19,1564829943430,open,0.11,0.0,0.0785,0.14,0.11108143,91.56,None,0.0,BTC-16AUG19-10000-C,10791.46,89.88,0.11,0.1,0.1155,6.0,98.37,6.97904,-24.81554,2.28197,0.00018,0.70847
10808.52,SYN.BTC-9AUG19,1564829943430,open,0.01,170.5,0.0005,0.025,0.00874127,96.98,0.009,0.0,BTC-9AUG19-9500-P,10791.46,94.23,0.008,47.4,0.01,1.0,101.48,2.95387,-24.37755,-0.2474,0.00016,-0.13345
223.98,SYN.ETH-16AUG19,1564829943461,open,0.06,2.0,0.024,0.088,0.057935,93.05,0.061,0.0,ETH-16AUG19-230-C,223.13,90.46,0.056,1.0,0.062,150.0,98.49,0.16748,-0.60517,0.0329,0.01017,0.47431
223.52,SYN.ETH-9AUG19,1564829943466,open,0.0,264.0,0.001,0.012,0.002345,102.73,0.002,0.0,ETH-9AUG19-180-P,223.13,88.03,0.001,1.0,0.004,250.0,115.19,0.02549,-0.22281,-0.0016,0.00309,-0.04213
229.99,ETH-27DEC19,1564829943470,open,0.39,432.0,0.313,0.461,0.393366,98.76,0.441,0.0,ETH-27DEC19-280-P,223.15,96.24,0.387,120.0,0.4,30.0,101.39,0.58005,-0.19635,-0.82224,0.00278,-0.50118
229.99,ETH-27DEC19,1564829943470,open,0.39,0.0,0.342,0.43,0.391309,98.02,None,0.0,ETH-27DEC19-160-C,223.15,0.0,0.001,1000.0,0.98,5.0,500.0,0.38848,-0.13052,0.38918,0.00187,0.81471
229.99,ETH-27DEC19,1564829943470,open,0.09,1801.0,0.046,0.123,0.08681,97.91,0.082,0.0,ETH-27DEC19-160-P,223.15,92.66,0.078,40.0,0.088,40.0,98.62,0.38837,-0.13034,-0.25003,0.00188,-0.18521
226.75,ETH-27SEP19,1564829943470,open,0.4,191.0,0.37,0.422,0.396901,97.97,0.5,0.0,ETH-27SEP19-140-C,223.15,0.0,0.0,0.0,0.0,0.0,0.0,0.12094,-0.10796,0.18097,0.0016,0.92776
226.75,ETH-27SEP19,1564829943470,open,2.17,0.0,2.083,2.277,2.176118,110.67,None,0.0,ETH-27SEP19-720-P,223.15,0.0,0.0,0.0,0.0,0.0,0.0,0.01628,-0.01642,-1.0805,0.00019,-0.99339
226.75,ETH-27SEP19,1564829943470,open,0.03,2762.0,0.007,0.051,0.02704,99.51,0.029,0.0,ETH-27SEP19-360-C,223.15,96.17,0.024,110.0,0.03,160.0,102.61,0.21164,-0.19188,0.04444,0.00275,0.1574
229.99,ETH-27DEC19,1564829943470,open,2.32,0.0,2.212,2.439,2.320986,105.01,None,0.0,ETH-27DEC19-760-P,223.15,0.0,0.001,100.0,0.0,0.0,0.0,0.19728,-0.07101,-2.98734,0.00089,-0.92904
226.75,ETH-27SEP19,1564829943470,open,1.82,0.0,1.74,1.915,1.82389,107.27,None,0.0,ETH-27SEP19-640-P,223.15,0.0,0.0,0.0,0.0,0.0,0.0,0.02568,-0.0251,-0.95889,0.00031,-0.98889
226.75,ETH-27SEP19,1564829943470,open,0.02,4324.0,0.003,0.036,0.016747,100.84,0.017,0.0,ETH-27SEP19-400-C,223.15,96.76,0.014,110.0,0.019,200.0,103.95,0.15935,-0.14642,0.02993,0.00204,0.10453
226.75,ETH-27SEP19,1564829943470,open,2.34,0.0,2.254,2.458,2.352484,114.44,None,0.0,ETH-27SEP19-760-P,223.15,0.0,0.0,0.0,0.0,0.0,0.0,0.01526,-0.01591,-1.14079,0.00017,-0.99386
226.75,ETH-27SEP19,1564829943470,open,1.29,12.0,1.228,1.375,1.298419,106.7,1.193,0.0,ETH-27SEP19-520-P,223.15,0.0,0.0,0.0,0.0,0.0,0.0,0.06949,-0.06756,-0.77128,0.00084,-0.96402
226.75,ETH-27SEP19,1564829943470,open,0.04,1836.0,0.011,0.061,0.034499,98.72,0.041,0.0,ETH-27SEP19-340-C,223.15,95.37,0.031,270.0,0.037,160.0,101.05,0.24089,-0.21669,0.05404,0.00316,0.19301
229.99,ETH-27DEC19,1564829943470,open,0.03,2255.0,0.013,0.054,0.032761,97.93,0.038,0.0,ETH-27DEC19-120-P,223.15,95.12,0.03,1.0,0.034,50.0,99.16,0.22994,-0.07718,-0.10995,0.00111,-0.08686
226.75,ETH-27SEP19,1564829943470,open,0.0,7915.0,0.001,0.011,0.001512,122.85,0.001,0.0,ETH-27SEP19-760-C,223.15,117.47,0.001,1.0,0.002,100.0,126.87,0.02486,-0.02783,0.00313,0.00026,0.0107
226.75,ETH-27SEP19,1564829943470,open,0.02,1897.0,0.005,0.043,0.021387,100.38,0.023,0.0,ETH-27SEP19-380-C,223.15,97.37,0.019,110.0,0.024,200.0,103.5,0.18481,-0.16903,0.03662,0.00238,0.12881
226.75,ETH-27SEP19,1564829943470,open,0.31,968.0,0.248,0.365,0.309956,97.5,0.38,0.0,ETH-27SEP19-280-P,223.15,80.42,0.286,110.0,1.232,1.0,500.0,0.32767,-0.29109,-0.32518,0.00435,-0.64392
229.99,ETH-27DEC19,1564829943470,open,0.04,1449.0,0.012,0.071,0.03923,103.42,0.028,0.0,ETH-27DEC19-560-C,223.15,100.48,0.035,110.0,0.043,110.0,105.92,0.33977,-0.12044,0.10228,0.00155,0.15051
226.75,ETH-27SEP19,1564829943470,open,0.06,3127.0,0.024,0.091,0.058298,98.18,0.056,0.0,ETH-27SEP19-300-C,223.15,94.93,0.054,110.0,0.062,160.0,100.94,0.30235,-0.27048,0.07997,0.00398,0.29288
226.75,ETH-27SEP19,1564829943470,open,0.74,0.0,0.726,0.745,0.735673,127.96,0.01,0.0,ETH-27SEP19-60-C,223.15,0.0,0.003,10.0,0.0,0.0,0.0,0.00483,-0.00563,0.08953,5e-05,0.99829
223.98,SYN.ETH-16AUG19,1564829943470,open,0.01,61.0,0.002,0.033,0.014153,93.49,0.014,0.0,ETH-16AUG19-270-C,223.15,88.71,0.012,200.0,0.015,5.0,95.29,0.10418,-0.3782,0.01187,0.0063,0.1644
226.75,ETH-27SEP19,1564829943470,open,0.53,347.0,0.471,0.595,0.533617,98.41,0.565,0.0,ETH-27SEP19-340-P,223.15,0.0,0.497,110.0,0.575,110.0,132.4,0.24007,-0.21527,-0.45739,0.00316,-0.80807
223.98,SYN.ETH-16AUG19,1564829943470,open,0.03,27.0,0.007,0.055,0.029617,93.01,0.03,0.0,ETH-16AUG19-250-C,223.15,87.35,0.026,200.0,0.03,1.0,93.6,0.14491,-0.5234,0.02089,0.0088,0.29396
226.75,ETH-27SEP19,1564829943471,open,0.48,47.0,0.456,0.496,0.476092,98.02,0.689,0.0,ETH-27SEP19-120-C,223.15,0.0,0.0,0.0,0.0,0.0,0.0,0.06169,-0.0551,0.16799,0.00081,0.96886
229.99,ETH-27DEC19,1564829943471,open,1.81,0.0,1.71,1.916,1.809797,103.95,None,0.0,ETH-27DEC19-640-P,223.15,0.0,0.0,0.0,0.0,0.0,0.0,0.27266,-0.09715,-2.48197,0.00124,-0.89041
226.75,ETH-27SEP19,1564829943470,open,0.01,8193.0,0.001,0.015,0.005323,98.07,0.009,0.0,ETH-27SEP19-120-P,223.15,92.83,0.004,1.0,0.006,200.0,100.47,0.06178,-0.0552,-0.01245,0.00081,-0.03119
226.75,ETH-27SEP19,1564829943471,open,0.01,2471.0,0.001,0.025,0.010637,102.22,0.01,0.0,ETH-27SEP19-440-C,223.15,96.77,0.008,310.0,0.013,310.0,106.51,0.11831,-0.11019,0.0203,0.0015,0.0702
229.99,ETH-27DEC19,1564829943471,open,0.09,536.0,0.04,0.132,0.087921,101.37,0.071,0.0,ETH-27DEC19-400-C,223.15,98.62,0.082,110.0,0.093,150.0,103.68,0.50049,-0.17389,0.18896,0.00234,0.2935
229.99,ETH-27DEC19,1564829943471,open,0.02,1224.0,0.004,0.043,0.020212,105.57,0.025,0.0,ETH-27DEC19-720-C,223.15,100.98,0.016,50.0,0.024,50.0,109.26,0.22498,-0.08141,0.05897,0.00101,0.08437
226.75,ETH-27SEP19,1564829943470,open,1.64,27.0,1.57,1.733,1.648499,108.76,1.044,0.0,ETH-27SEP19-600-P,223.15,0.0,0.0,0.0,0.0,0.0,0.0,0.03894,-0.03859,-0.89675,0.00046,-0.98199
226.75,ETH-27SEP19,1564829943471,open,0.09,3348.0,0.048,0.126,0.089064,97.03,0.085,0.0,ETH-27SEP19-200-P,223.15,93.27,0.084,300.0,0.094,300.0,100.68,0.30611,-0.27063,-0.13295,0.00408,-0.30091
226.75,ETH-27SEP19,1564829943471,open,0.05,5415.0,0.024,0.085,0.054759,97.03,0.054,0.0,ETH-27SEP19-180-P,223.15,93.65,0.051,160.0,0.058,300.0,99.9,0.25433,-0.22484,-0.09071,0.00339,-0.21132
230.01,ETH-27DEC19,1564829943471,open,0.11,242.0,0.056,0.157,0.109944,100.72,0.102,0.0,ETH-27DEC19-360-C,223.15,98.17,0.104,110.0,0.115,40.0,102.87,0.53862,-0.18595,0.22072,0.00253,0.35005
226.75,ETH-27SEP19,1564829943471,open,0.56,0.0,0.546,0.576,0.560935,103.1,None,0.0,ETH-27SEP19-100-C,223.15,0.0,0.003,10.0,0.0,0.0,0.0,0.02804,-0.02634,0.14549,0.00035,0.98771
230.01,ETH-27DEC19,1564829943471,open,1.31,37.0,1.215,1.403,1.308251,102.99,0.707,0.0,ETH-27DEC19-520-P,223.15,0.0,0.002,25.0,0.0,0.0,0.0,0.37737,-0.13321,-1.95928,0.00173,-0.82312
230.01,ETH-27DEC19,1564829943472,open,0.27,798.0,0.199,0.331,0.270784,97.98,0.297,0.0,ETH-27DEC19-240-P,223.15,95.22,0.264,120.0,0.277,40.0,100.52,0.56348,-0.18924,-0.62099,0.00272,-0.40475
223.52,SYN.ETH-9AUG19,1564829943470,open,0.04,139.0,0.009,0.067,0.037217,88.95,0.051,0.0,ETH-9AUG19-220-P,223.15,78.43,0.032,150.0,0.041,150.0,96.56,0.11096,-0.83988,-0.01652,0.01551,-0.42194
224.9,SYN.ETH-30AUG19,1564829943471,open,0.21,0.0,0.157,0.255,0.208191,97.7,0.218,0.0,ETH-30AUG19-260-P,223.15,86.22,0.197,120.0,0.22,120.0,109.41,0.22342,-0.40608,-0.14389,0.00614,-0.66075
223.98,SYN.ETH-16AUG19,1564829943470,open,0.22,0.0,0.175,0.263,0.219311,92.79,None,0.0,ETH-16AUG19-270-P,223.15,0.0,0.0,0.0,0.0,0.0,0.0,0.1033,-0.3722,-0.08352,0.00629,-0.83773
226.77,ETH-27SEP19,1564829943472,open,0.69,259.0,0.635,0.762,0.697316,100.64,0.94,0.0,ETH-27SEP19-380-P,223.15,0.0,0.009,8.0,0.0,0.0,0.0,0.1857,-0.17028,-0.53446,0.00239,-0.87031
226.77,ETH-27SEP19,1564829943472,open,0.26,779.0,0.218,0.296,0.260899,96.95,0.227,0.0,ETH-27SEP19-180-C,223.15,0.0,0.206,40.0,0.609,10.0,397.39,0.25423,-0.22459,0.17999,0.00339,0.78884
230.01,ETH-27DEC19,1564829943472,open,0.51,0.0,0.479,0.539,0.51103,97.92,None,0.0,ETH-27DEC19-120-C,223.15,0.0,0.001,1200.0,0.99,5.0,500.0,0.2299,-0.07716,0.36967,0.00111,0.91317
230.01,ETH-27DEC19,1564829943472,open,0.14,198.0,0.079,0.187,0.138724,99.97,0.121,0.0,ETH-27DEC19-320-C,223.15,97.24,0.132,110.0,0.145,140.0,102.5,0.56786,-0.19457,0.25691,0.00269,0.4182
226.77,ETH-27SEP19,1564829943472,open,1.47,24.0,1.399,1.554,1.473353,109.43,1.356,0.0,ETH-27SEP19-560-P,223.15,0.0,0.0,0.0,0.0,0.0,0.0,0.0557,-0.05553,-0.83387,0.00066,-0.97247
230.01,ETH-27DEC19,1564829943472,open,1.14,21.0,1.053,1.236,1.144657,102.48,0.629,0.0,ETH-27DEC19-480-P,223.15,0.0,1.067,110.0,2.082,1.0,500.0,0.4173,-0.14657,-1.77983,0.00193,-0.79151
230.01,ETH-27DEC19,1564829943472,open,2.15,0.0,2.046,2.264,2.150783,105.84,None,0.0,ETH-27DEC19-720-P,223.15,0.0,0.003,5.0,0.0,0.0,0.0,0.22667,-0.08223,-2.81806,0.00101,-0.9148
224.9,SYN.ETH-30AUG19,1564829943470,open,0.14,339.0,0.097,0.188,0.144986,96.93,0.173,0.0,ETH-30AUG19-240-P,223.15,91.36,0.139,120.0,0.149,120.0,100.66,0.24184,-0.43613,-0.11443,0.0067,-0.546
226.77,ETH-27SEP19,1564829943472,open,0.0,4612.0,0.001,0.011,0.001969,103.27,0.004,0.0,ETH-27SEP19-100-P,223.15,93.73,0.001,501.0,0.003,200.0,110.48,0.02822,-0.02655,-0.00489,0.00035,-0.01238
226.77,ETH-27SEP19,1564829943472,open,0.13,2067.0,0.083,0.176,0.132553,97.05,0.172,0.0,ETH-27SEP19-220-P,223.15,93.33,0.127,270.0,0.138,272.0,100.7,0.33835,-0.29918,-0.17955,0.00451,-0.39408
223.98,SYN.ETH-16AUG19,1564829943470,open,0.11,0.0,0.07,0.153,0.113138,92.63,None,0.0,ETH-16AUG19-240-P,223.15,83.96,0.107,150.0,0.117,150.0,98.01,0.15994,-0.57531,-0.05807,0.00976,-0.62179
226.77,ETH-27SEP19,1564829943473,open,0.24,1264.0,0.185,0.297,0.244423,97.48,0.357,0.0,ETH-27SEP19-260-P,223.15,93.26,0.238,110.0,0.25,120.0,101.14,0.34559,-0.30696,-0.27719,0.00459,-0.56859
224.9,SYN.ETH-30AUG19,1564829943472,open,0.28,0.0,0.227,0.328,0.278966,97.95,None,0.0,ETH-30AUG19-280-P,223.15,0.0,0.0,0.0,0.0,0.0,0.0,0.19167,-0.34928,-0.17129,0.00525,-0.75541
223.52,SYN.ETH-9AUG19,1564829943470,open,0.16,200.0,0.125,0.182,0.15436,94.19,0.148,0.0,ETH-9AUG19-190-C,223.15,0.0,0.0,0.0,0.0,0.0,0.0,0.04133,-0.33126,0.02762,0.00546,0.92208
223.98,SYN.ETH-16AUG19,1564829943470,open,0.18,0.0,0.137,0.224,0.181307,92.94,None,0.0,ETH-16AUG19-260-P,223.15,0.0,0.0,0.0,0.0,0.0,0.0,0.12505,-0.45131,-0.07583,0.0076,-0.77849
224.9,SYN.ETH-30AUG19,1564829943471,open,0.08,1697.0,0.04,0.111,0.078121,97.2,0.074,0.0,ETH-30AUG19-240-C,223.15,93.36,0.074,120.0,0.083,120.0,101.73,0.24187,-0.43738,0.06231,0.00668,0.45441
224.9,SYN.ETH-30AUG19,1564829943470,open,0.35,0.0,0.304,0.406,0.355676,98.13,None,0.0,ETH-30AUG19-300-P,223.15,0.0,0.0,0.0,0.0,0.0,0.0,0.1552,-0.28335,-0.19612,0.00425,-0.82867
224.9,SYN.ETH-30AUG19,1564829943470,open,0.0,2651.0,0.001,0.013,0.003103,105.42,0.003,0.0,ETH-30AUG19-400-C,223.15,98.73,0.002,400.0,0.004,200.0,109.8,0.04237,-0.0831,0.00458,0.00108,0.03074
224.9,SYN.ETH-30AUG19,1564829943471,open,0.03,617.0,0.008,0.047,0.02583,96.83,0.033,0.0,ETH-30AUG19-180-P,223.15,92.54,0.023,160.0,0.028,160.0,100.03,0.15078,-0.27161,-0.0314,0.00418,-0.16381
223.52,SYN.ETH-9AUG19,1564829943470,open,0.02,671.0,0.002,0.044,0.020047,89.31,0.025,0.0,ETH-9AUG19-210-P,223.15,81.98,0.017,200.0,0.023,200.0,96.25,0.09409,-0.71513,-0.0105,0.0131,-0.27188
223.98,SYN.ETH-16AUG19,1564829943470,open,0.15,0.0,0.101,0.187,0.145504,92.55,None,0.0,ETH-16AUG19-250-P,223.15,0.0,0.0,0.0,0.0,0.0,0.0,0.14463,-0.51979,-0.06738,0.00883,-0.70727
224.9,SYN.ETH-30AUG19,1564829943470,open,0.23,757.0,0.189,0.256,0.22568,97.15,0.25,0.0,ETH-30AUG19-180-C,223.15,83.48,0.217,120.0,0.232,120.0,106.27,0.15112,-0.27313,0.101,0.00418,0.83561
223.98,SYN.ETH-16AUG19,1564829943470,open,0.02,86.0,0.004,0.043,0.020784,93.5,0.022,0.0,ETH-16AUG19-260-C,223.15,88.43,0.018,200.0,0.023,205.0,97.39,0.12558,-0.45596,0.01599,0.00759,0.22318
224.9,SYN.ETH-30AUG19,1564829943470,open,0.12,667.0,0.072,0.149,0.114837,97.02,0.109,0.0,ETH-30AUG19-220-C,223.15,93.4,0.111,120.0,0.12,120.0,101.9,0.23788,-0.42939,0.07789,0.00658,0.58522
223.52,SYN.ETH-9AUG19,1564829943470,open,0.06,522.0,0.019,0.083,0.053214,89.48,0.043,0.0,ETH-9AUG19-220-C,223.15,80.98,0.049,152.0,0.058,150.0,99.11,0.11097,-0.84499,0.01888,0.01542,0.57787
224.9,SYN.ETH-30AUG19,1564829943470,open,0.78,0.0,0.727,0.84,0.781212,102.76,None,0.0,ETH-30AUG19-400-P,223.15,0.0,0.0,0.0,0.0,0.0,0.0,0.03814,-0.07291,-0.29048,0.001,-0.97292
224.9,SYN.ETH-30AUG19,1564829943470,open,0.17,465.0,0.122,0.198,0.16392,97.07,0.162,0.0,ETH-30AUG19-200-C,223.15,87.23,0.155,120.0,0.171,120.0,104.74,0.20611,-0.37219,0.09177,0.0057,0.71808
223.52,SYN.ETH-9AUG19,1564829943470,open,0.06,3.0,0.026,0.099,0.063874,93.5,0.099,0.0,ETH-9AUG19-230-P,223.15,77.6,0.056,150.0,0.065,150.0,95.76,0.11128,-0.88543,-0.02288,0.0148,-0.5721
223.52,SYN.ETH-9AUG19,1564829943470,open,0.12,444.0,0.082,0.146,0.115784,93.69,0.101,0.0,ETH-9AUG19-200-C,223.15,0.0,0.0,0.0,0.334,3.0,500.0,0.06899,-0.55006,0.02606,0.00916,0.84004
224.9,SYN.ETH-30AUG19,1564829943473,open,0.3,0.0,0.271,0.326,0.3,100.1,None,0.0,ETH-30AUG19-160-C,223.15,0.0,0.0,0.0,0.0,0.0,0.0,0.09275,-0.17273,0.10228,0.00249,0.91763
224.9,SYN.ETH-30AUG19,1564829943470,open,0.52,0.0,0.47,0.575,0.521551,101.29,None,0.0,ETH-30AUG19-340-P,223.15,0.0,0.0,0.0,0.0,0.0,0.0,0.09574,-0.18042,-0.23773,0.00254,-0.91407
224.9,SYN.ETH-30AUG19,1564829943472,open,0.6,0.0,0.555,0.662,0.606733,100.88,None,0.0,ETH-30AUG19-360-P,223.15,0.0,0.0,0.0,0.0,0.0,0.0,0.06968,-0.13076,-0.25666,0.00185,-0.94316
224.9,SYN.ETH-30AUG19,1564829943470,open,0.01,2560.0,0.001,0.018,0.006435,102.23,0.008,0.0,ETH-30AUG19-360-C,223.15,93.63,0.004,200.0,0.008,200.0,106.8,0.07241,-0.13772,0.00882,0.0019,0.0597
224.9,SYN.ETH-30AUG19,1564829943470,open,0.0,738.0,0.001,0.013,0.003425,99.78,0.007,0.0,ETH-30AUG19-140-P,223.15,90.74,0.002,150.0,0.005,200.0,107.49,0.04111,-0.07631,-0.00548,0.00111,-0.02964
224.9,SYN.ETH-30AUG19,1564829943471,open,0.04,660.0,0.01,0.06,0.034289,98.34,0.032,0.0,ETH-30AUG19-280-C,223.15,94.44,0.031,160.0,0.038,280.0,102.62,0.19218,-0.35159,0.03502,0.00525,0.24579
223.98,SYN.ETH-16AUG19,1564829943470,open,0.04,2.0,0.013,0.07,0.041887,93.03,0.038,0.0,ETH-16AUG19-240-C,223.15,87.56,0.038,200.0,0.04,170.0,90.38,0.16004,-0.57818,0.02664,0.00972,0.37901
224.9,SYN.ETH-30AUG19,1564829943472,open,0.01,3895.0,0.001,0.025,0.010158,102.23,0.009,0.0,ETH-30AUG19-340-C,223.15,99.48,0.009,1.0,0.011,200.0,104.13,0.09772,-0.18586,0.01294,0.00257,0.08832
223.98,SYN.ETH-16AUG19,1564829943470,open,0.08,0.0,0.044,0.122,0.084551,92.68,None,0.0,ETH-16AUG19-230-P,223.15,85.26,0.079,150.0,0.088,150.0,97.3,0.16746,-0.60274,-0.04825,0.01021,-0.52607
223.98,SYN.ETH-16AUG19,1564829943470,open,0.01,110.0,0.001,0.026,0.00977,94.29,0.009,0.0,ETH-16AUG19-280-C,223.15,86.4,0.007,250.0,0.012,250.0,99.94,0.08444,-0.30917,0.00876,0.00506,0.12058
223.52,SYN.ETH-9AUG19,1564829943470,open,0.02,809.0,0.002,0.045,0.020945,94.01,0.016,0.0,ETH-9AUG19-240-C,223.15,80.02,0.015,200.0,0.022,200.0,96.41,0.09795,-0.7836,0.00988,0.01296,0.29567
223.52,SYN.ETH-9AUG19,1564829943470,open,0.0,159.0,0.001,0.016,0.004181,92.94,0.008,0.0,ETH-9AUG19-190-P,223.15,78.66,0.002,250.0,0.006,250.0,102.19,0.04031,-0.31881,-0.00286,0.00539,-0.07541
223.52,SYN.ETH-9AUG19,1564829943470,open,0.01,402.0,0.001,0.028,0.010332,92.91,0.01,0.0,ETH-9AUG19-200-P,223.15,91.82,0.01,28.0,0.011,47.0,95.07,0.06849,-0.54148,-0.00606,0.00917,-0.15818
224.9,SYN.ETH-30AUG19,1564829943471,open,0.38,0.0,0.36,0.402,0.381086,100.67,None,0.0,ETH-30AUG19-140-C,223.15,0.0,0.0,0.0,0.0,0.0,0.0,0.04223,-0.0791,0.09742,0.00113,0.96938
224.9,SYN.ETH-30AUG19,1564829943472,open,0.01,886.0,0.003,0.031,0.014256,99.27,0.014,0.0,ETH-30AUG19-320-C,223.15,94.96,0.012,200.0,0.017,320.0,104.13,0.12215,-0.2256,0.01753,0.0033,0.1201
224.9,SYN.ETH-30AUG19,1564829943471,open,0.05,420.0,0.023,0.083,0.052974,96.81,0.05,0.0,ETH-30AUG19-200-P,223.15,92.45,0.049,160.0,0.056,160.0,100.1,0.20601,-0.37102,-0.05541,0.00571,-0.28163
223.52,SYN.ETH-9AUG19,1564829943470,open,0.04,1357.0,0.008,0.063,0.035143,94.05,0.035,0.0,ETH-9AUG19-230-C,223.15,89.75,0.033,1.0,0.037,150.0,97.78,0.11132,-0.89097,0.01416,0.01472,0.4286
223.52,SYN.ETH-9AUG19,1564829943470,open,0.08,207.0,0.044,0.111,0.080771,89.91,0.073,0.0,ETH-9AUG19-210-C,223.15,80.82,0.077,50.0,0.086,50.0,102.09,0.09428,-0.72135,0.02325,0.01304,0.72703
11137.89,BTC-27DEC19,1564829943492,open,0.09,399.3,0.049,0.125,0.08761415,93.22,0.0865,0.0,BTC-27DEC19-8000-P,10791.46,90.86,0.0835,4.9,0.0895,4.9,94.3,19.47068,-6.22117,-12.62249,4e-05,-0.19595
11137.89,BTC-27DEC19,1564829943504,open,1.02,3.9,0.9635,1.1085,1.0346496,98.73,0.752,0.0,BTC-27DEC19-22000-P,10791.46,0.0,0.01,1.0,1.818,0.3,500.0,20.74726,-7.02105,-80.85927,4e-05,-0.78186
11137.76,BTC-27DEC19,1564829944430,open,0.57,63.4,0.549,0.5895,0.56893654,96.98,0.5,0.0,BTC-27DEC19-5000-C,10791.45,0.0,0.33,1.0,0.575,1.0,105.26,7.64978,-2.54275,16.81177,2e-05,0.94662
224.0,SYN.ETH-16AUG19,1564829944497,open,0.26,0.0,0.217,0.304,0.259868,94.51,None,0.0,ETH-16AUG19-280-P,223.15,0.0,0.0,0.0,0.0,0.0,0.0,0.08482,-0.31129,-0.08996,0.00507,-0.87867
223.54,SYN.ETH-9AUG19,1564829944541,open,0.09,11.0,0.054,0.132,0.094618,94.01,0.123,0.0,ETH-9AUG19-240-P,223.15,73.37,0.086,50.0,0.095,50.0,94.89,0.098,-0.78405,-0.02874,0.01296,-0.70405
223.54,SYN.ETH-9AUG19,1564829944632,open,0.01,388.0,0.001,0.031,0.011723,93.79,0.01,0.0,ETH-9AUG19-250-C,223.15,78.87,0.007,200.0,0.012,200.0,94.6,0.07678,-0.6128,0.00639,0.01018,0.18925
224.0,SYN.ETH-16AUG19,1564829944657,open,0.01,10.0,0.001,0.019,0.006565,94.6,0.006,0.0,ETH-16AUG19-290-C,223.15,84.82,0.004,250.0,0.009,252.0,102.22,0.06615,-0.24302,0.00629,0.00395,0.08619
223.54,SYN.ETH-9AUG19,1564829944719,open,0.13,0.0,0.09,0.169,0.130208,94.1,None,0.0,ETH-9AUG19-250-P,223.15,0.0,0.0,0.0,0.0,0.0,0.0,0.077,-0.61656,-0.03383,0.01017,-0.80987
224.0,SYN.ETH-16AUG19,1564829944751,open,0.3,0.0,0.259,0.346,0.30134,95.04,None,0.0,ETH-16AUG19-290-P,223.15,0.0,0.0,0.0,0.0,0.0,0.0,0.06679,-0.2465,-0.09593,0.00397,-0.91269
223.54,SYN.ETH-9AUG19,1564829944800,open,0.01,122.0,0.001,0.021,0.006224,93.8,0.005,0.0,ETH-9AUG19-260-C,223.15,71.91,0.002,250.0,0.006,250.0,92.88,0.05441,-0.43428,0.00385,0.00721,0.11311
224.0,SYN.ETH-16AUG19,1564829944813,open,0.33,0.0,0.31,0.352,0.331264,100.16,None,0.0,ETH-16AUG19-150-C,223.15,0.0,0.0,0.0,0.0,0.0,0.0,0.0141,-0.05483,0.05181,0.0008,0.98699
11137.76,BTC-27DEC19,1564829944827,open,0.18,197.8,0.1195,0.2285,0.17806458,94.1,0.1805,0.0,BTC-27DEC19-13000-C,10791.45,92.29,0.1735,3.6,0.1835,3.6,96.26,28.07029,-9.05359,14.99692,6e-05,0.51497
224.0,SYN.ETH-16AUG19,1564829944845,open,0.01,38.0,0.001,0.015,0.00429,94.6,0.009,0.0,ETH-16AUG19-300-C,223.15,82.13,0.002,250.0,0.006,250.0,101.57,0.05007,-0.18395,0.0044,0.00299,0.05993
223.54,SYN.ETH-9AUG19,1564829944886,open,0.17,0.0,0.131,0.209,0.169448,94.25,None,0.0,ETH-9AUG19-260-P,223.15,0.0,0.0,0.0,0.0,0.0,0.0,0.05482,-0.4397,-0.03797,0.00723,-0.88567
224.0,SYN.ETH-16AUG19,1564829944899,open,0.0,0.0,0.001,0.011,0.000975,101.2,None,0.0,ETH-16AUG19-150-P,223.15,0.0,0.0,0.0,0.002,250.0,113.34,0.01476,-0.05802,-0.00116,0.00082,-0.01373
224.0,SYN.ETH-16AUG19,1564829944943,open,0.34,0.0,0.302,0.389,0.343714,95.2,None,0.0,ETH-16AUG19-300-P,223.15,0.0,0.0,0.0,0.0,0.0,0.0,0.05092,-0.18823,-0.10134,0.00302,-0.93877
223.54,SYN.ETH-9AUG19,1564829944967,open,0.0,818.0,0.001,0.014,0.003133,93.81,0.004,0.0,ETH-9AUG19-270-C,223.15,75.95,0.001,1.0,0.004,250.0,98.95,0.03525,-0.28142,0.00217,0.00467,0.06336
224.0,SYN.ETH-16AUG19,1564829944994,open,0.29,0.0,0.264,0.31,0.287424,94.89,None,0.0,ETH-16AUG19-160-C,223.15,0.0,0.0,0.0,0.0,0.0,0.0,0.02377,-0.08759,0.05441,0.00142,0.97599
223.54,SYN.ETH-9AUG19,1564829945062,open,0.21,0.0,0.174,0.251,0.211097,94.52,None,0.0,ETH-9AUG19-270-P,223.15,0.0,0.0,0.0,0.0,0.0,0.0,0.03593,-0.28899,-0.04124,0.00473,-0.93508
224.0,SYN.ETH-16AUG19,1564829945081,open,0.0,0.0,0.001,0.011,0.001783,95.55,None,0.0,ETH-16AUG19-160-P,223.15,0.0,0.0,0.0,0.003,250.0,105.06,0.02436,-0.0904,-0.00209,0.00144,-0.02473
223.54,SYN.ETH-9AUG19,1564829945142,open,0.0,265.0,0.001,0.011,0.001568,94.51,0.002,0.0,ETH-9AUG19-280-C,223.15,87.83,0.001,1.0,0.002,350.0,98.65,0.02167,-0.17425,0.00119,0.00285,0.03452
224.0,SYN.ETH-16AUG19,1564829945198,open,0.25,0.0,0.218,0.27,0.244854,93.43,None,0.0,ETH-16AUG19-170-C,223.15,0.0,0.0,0.0,0.0,0.0,0.0,0.04234,-0.15364,0.05584,0.00256,0.95151
223.54,SYN.ETH-9AUG19,1564829945237,open,0.25,0.0,0.217,0.295,0.254271,95.7,None,0.0,ETH-9AUG19-280-P,223.15,0.0,0.0,0.0,0.0,0.0,0.0,0.02263,-0.18431,-0.04382,0.00294,-0.9636
224.0,SYN.ETH-16AUG19,1564829945318,open,0.0,0.0,0.001,0.013,0.003861,93.83,None,0.0,ETH-16AUG19-170-P,223.15,82.35,0.002,250.0,0.006,250.0,103.78,0.04279,-0.15591,-0.00419,0.00258,-0.04913
223.54,SYN.ETH-9AUG19,1564829945322,open,0.0,12.0,0.001,0.011,0.001024,99.4,0.001,0.0,ETH-9AUG19-290-C,223.15,0.0,0.0,0.0,0.002,4.0,110.79,0.01528,-0.12926,0.00078,0.00191,0.0227
223.54,SYN.ETH-9AUG19,1564829945414,open,0.3,0.0,0.261,0.34,0.298467,101.12,None,0.0,ETH-9AUG19-290-P,223.15,0.0,0.0,0.0,0.0,0.0,0.0,0.01642,-0.14132,-0.04584,0.00202,-0.97528
224.0,SYN.ETH-16AUG19,1564829945419,open,0.21,0.0,0.174,0.232,0.204115,92.41,None,0.0,ETH-16AUG19-180-C,223.15,0.0,0.0,0.0,0.0,0.0,0.0,0.06777,-0.24321,0.05585,0.00414,0.91097
11137.77,BTC-27DEC19,1564829945426,open,0.04,156.3,0.0125,0.0755,0.04017345,100.85,0.0345,0.0,BTC-27DEC19-26000-C,10791.41,99.73,0.0385,4.0,0.0415,6.0,101.72,16.8509,-5.8247,5.15666,3e-05,0.15602
11137.77,BTC-27DEC19,1564829945426,open,0.46,63.0,0.428,0.49,0.46001015,93.79,0.4965,0.0,BTC-27DEC19-6500-C,10791.41,0.0,0.355,1.0,0.9565,2.0,500.0,13.59499,-4.37029,18.95551,3e-05,0.88585
11137.77,BTC-27DEC19,1564829945426,open,0.69,4.0,0.681,0.7035,0.69139543,104.24,0.64,0.0,BTC-27DEC19-3500-C,10791.41,0.0,0.1,1.0,0.78,1.0,242.17,3.18853,-1.13924,12.9141,1e-05,0.98151
11137.77,BTC-27DEC19,1564829945426,open,0.08,542.5,0.0325,0.1185,0.07408273,97.8,0.0735,0.0,BTC-27DEC19-20000-C,10791.41,96.05,0.0705,9.4,0.077,0.5,99.21,22.92307,-7.68455,8.35872,5e-05,0.26186
10949.59,BTC-27SEP19,1564829945426,open,0.73,225.7,0.717,0.7365,0.72659472,134.95,0.693,0.0,BTC-27SEP19-3000-C,10791.41,0.0,0.0045,20.0,0.883,5.0,500.0,0.40126,-0.49338,4.44962,0.0,0.99689
10949.59,BTC-27SEP19,1564829945426,open,0.0,370.8,0.0005,0.012,0.00222988,113.55,0.002,0.0,BTC-27SEP19-4500-P,10791.41,107.01,0.0015,2.0,0.003,24.0,119.11,1.37862,-1.42631,-0.24332,1e-05,-0.01255
11137.77,BTC-27DEC19,1564829945426,open,0.24,700.5,0.179,0.285,0.23655285,93.22,0.2345,0.0,BTC-27DEC19-11000-C,10791.41,91.53,0.2325,5.2,0.2415,3.6,95.29,26.72386,-8.53891,17.24283,6e-05,0.62392
11137.77,BTC-27DEC19,1564829945426,open,2.58,0.0,2.5235,2.694,2.60388857,105.08,2.58,0.0,BTC-27DEC19-40000-P,10791.41,0.0,0.0005,3.0,0.0,0.0,0.0,7.90534,-2.84736,-157.94342,2e-05,-0.94435
11137.77,BTC-27DEC19,1564829945427,open,0.12,304.2,0.0795,0.1705,0.12664347,93.22,0.136,0.0,BTC-27DEC19-9000-P,10791.41,90.69,0.1215,4.9,0.129,4.9,94.38,22.6477,-7.23649,-17.02458,5e-05,-0.25582
11137.73,BTC-27DEC19,1564829945427,open,0.01,201.3,0.0005,0.0265,0.0093024,105.75,0.011,0.0,BTC-27DEC19-44000-C,10791.41,102.39,0.0075,6.0,0.011,6.0,108.55,6.39086,-2.31643,1.48419,1e-05,0.04265
10949.59,BTC-27SEP19,1564829945428,open,0.49,34.4,0.4495,0.5495,0.49896304,97.78,0.6695,0.0,BTC-27SEP19-16000-P,10791.41,0.0,0.0045,10.0,1.0635,0.2,500.0,12.19223,-10.86221,-21.23999,7e-05,-0.79127
10949.59,BTC-27SEP19,1564829945428,open,0.01,461.9,0.0005,0.021,0.00764334,99.76,0.009,0.0,BTC-27SEP19-22000-C,10791.41,95.6,0.006,24.0,0.009,24.0,102.82,4.63157,-4.21004,0.75751,3e-05,0.05366
11137.73,BTC-27DEC19,1564829945427,open,0.82,0.0,0.813,0.8325,0.82292438,132.81,None,0.0,BTC-27DEC19-2000-C,10791.41,0.0,0.0135,0.4,0.9775,0.5,500.0,1.34615,-0.61279,7.57724,0.0,0.99315
10868.9,SYN.BTC-30AUG19,1564829945426,open,0.06,179.2,0.031,0.0925,0.06194491,93.35,0.06,0.0,BTC-30AUG19-10000-P,10791.41,90.33,0.059,19.3,0.063,0.2,94.43,10.60621,-18.42054,-3.0915,0.00013,-0.32435
11137.73,BTC-27DEC19,1564829945428,open,0.65,27.2,0.636,0.664,0.64918692,100.59,0.65,0.0,BTC-27DEC19-4000-C,10791.41,0.0,0.45,1.0,0.9665,1.0,500.0,4.37631,-1.50885,14.41799,1e-05,0.97309
10949.59,BTC-27SEP19,1564829945428,open,0.0,1060.6,0.0005,0.0115,0.00173625,115.8,0.0025,0.0,BTC-27SEP19-4250-P,10791.41,107.24,0.001,19.0,0.0025,24.0,122.44,1.11628,-1.17783,-0.19066,1e-05,-0.00985
11137.73,BTC-27DEC19,1564829945428,open,1.7,0.2,1.649,1.8,1.72053257,101.61,2.03,0.0,BTC-27DEC19-30000-P,10791.41,0.0,0.0,0.0,0.0,0.0,0.0,13.32321,-4.64,-116.15953,3e-05,-0.88903
10828.55,SYN.BTC-16AUG19,1564829945426,open,0.01,8.5,0.0005,0.024,0.00850845,100.39,0.008,0.0,BTC-16AUG19-14000-C,10791.41,98.85,0.008,6.2,0.009,0.2,101.83,3.63089,-14.15413,0.35856,9e-05,0.10238
10949.59,BTC-27SEP19,1564829945429,open,0.01,619.7,0.0005,0.017,0.00696755,98.78,0.007,0.0,BTC-27SEP19-6000-P,10791.41,95.71,0.006,5.0,0.008,24.0,101.82,3.58647,-3.22803,-0.75726,2e-05,-0.03903
10949.59,BTC-27SEP19,1564829945429,open,0.64,227.5,0.626,0.6455,0.63596259,117.42,0.7065,0.0,BTC-27SEP19-4000-C,10791.41,0.0,0.111,3.0,0.7025,5.0,299.84,0.86408,-0.92442,5.87176,0.0,0.99265
11137.73,BTC-27DEC19,1564829945429,open,0.41,100.6,0.342,0.476,0.41212289,94.54,0.409,0.0,BTC-27DEC19-14000-P,10791.41,92.1,0.406,3.6,0.418,3.6,96.87,27.99138,-9.07012,-42.08898,6e-05,-0.53342
10868.9,SYN.BTC-30AUG19,1564829945427,open,0.39,0.0,0.359,0.4385,0.3976794,98.95,None,0.0,BTC-30AUG19-15000-P,10791.41,0.0,0.0,0.0,0.0,0.0,0.0,6.66911,-12.27658,-10.03873,8e-05,-0.85669
10868.9,SYN.BTC-30AUG19,1564829945429,open,0.45,0.0,0.437,0.463,0.44944617,105.71,None,0.0,BTC-30AUG19-6000-C,10791.41,0.0,0.0,0.0,0.0,0.0,0.0,1.01294,-1.99215,4.2989,1e-05,0.98661
10949.59,BTC-27SEP19,1564829945429,open,0.03,530.1,0.012,0.056,0.03246451,93.13,0.0405,0.0,BTC-27SEP19-8000-P,10791.41,89.76,0.0295,29.0,0.0335,24.0,94.28,9.76251,-8.28368,-2.95299,6e-05,-0.14692
10949.59,BTC-27SEP19,1564829945430,open,0.24,377.8,0.2,0.2715,0.23804745,93.12,0.2205,0.0,BTC-27SEP19-9000-C,10791.41,86.29,0.23,5.0,0.2855,0.1,131.59,13.03651,-11.06124,8.68029,8e-05,0.76534
10949.59,BTC-27SEP19,1564829945429,open,0.82,28.2,0.8075,0.827,0.81737722,134.64,0.755,0.0,BTC-27SEP19-2000-C,10791.41,0.0,0.01,1.0,0.9105,5.0,500.0,0.03482,-0.04271,3.00277,0.0,0.99978
11137.73,BTC-27DEC19,1564829945429,open,0.53,59.3,0.507,0.555,0.53100276,95.74,0.51,0.0,BTC-27DEC19-5500-C,10791.41,0.0,0.255,1.0,0.96,5.0,500.0,9.55778,-3.13655,17.71597,2e-05,0.929
11137.73,BTC-27DEC19,1564829945431,open,0.87,0.1,0.8565,0.876,0.86616235,133.44,0.84,0.0,BTC-27DEC19-1500-C,10791.41,0.0,0.019,0.2,0.981,0.5,500.0,0.55977,-0.25602,5.84323,0.0,0.99743
10949.55,BTC-27SEP19,1564829945431,open,0.09,254.1,0.0435,0.1185,0.08198191,94.33,0.085,0.0,BTC-27SEP19-13000-C,10791.41,91.64,0.078,24.3,0.085,19.3,96.36,16.25683,-13.9726,5.02579,0.0001,0.38728
11137.73,BTC-27DEC19,1564829945431,open,0.01,289.7,0.0005,0.0185,0.00832556,100.59,0.0065,0.0,BTC-27DEC19-4000-P,10791.41,97.06,0.007,6.0,0.01,0.1,104.65,4.37604,-1.50871,-1.56825,1e-05,-0.02691
10808.38,SYN.BTC-9AUG19,1564829945426,open,0.08,0.1,0.0545,0.1195,0.08781994,94.6,0.1,0.0,BTC-9AUG19-11500-P,10791.41,83.85,0.083,0.4,0.0895,0.4,98.26,4.92889,-39.67708,-1.32912,0.00028,-0.67608
11137.73,BTC-27DEC19,1564829945432,open,0.03,291.2,0.007,0.0565,0.02699275,101.61,0.024,0.0,BTC-27DEC19-30000-C,10791.41,99.48,0.0245,6.0,0.029,6.0,103.26,13.32501,-4.6409,3.73891,3e-05,0.11099
11137.73,BTC-27DEC19,1564829945432,open,2.23,1.3,2.173,2.3365,2.25005302,105.07,2.2,0.0,BTC-27DEC19-36000-P,10791.41,0.0,0.0005,1.0,0.0,0.0,0.0,10.04658,-3.61827,-141.29612,2e-05,-0.92421
10808.38,SYN.BTC-9AUG19,1564829945426,open,0.01,326.1,0.0005,0.025,0.00830242,99.19,0.008,0.0,BTC-9AUG19-12500-C,10791.41,98.09,0.008,47.3,0.0085,0.3,99.89,3.01212,-25.42381,0.22445,0.00016,0.1373
10828.55,SYN.BTC-16AUG19,1564829945426,open,0.02,46.1,0.005,0.0455,0.02282725,95.03,0.022,0.0,BTC-16AUG19-12500-C,10791.41,90.96,0.0205,24.0,0.025,24.0,98.73,6.28371,-23.18902,0.81931,0.00016,0.23731
10828.55,SYN.BTC-16AUG19,1564829945426,open,0.15,1.0,0.114,0.1705,0.14336281,91.55,0.148,0.0,BTC-16AUG19-9500-C,10791.41,0.0,0.0,0.0,0.0,0.0,0.0,5.667,-20.14686,2.51425,0.00015,0.80157
10808.38,SYN.BTC-9AUG19,1564829945426,open,0.03,88.9,0.0085,0.0595,0.03307254,92.12,0.035,0.0,BTC-9AUG19-10500-P,10791.41,86.79,0.0305,0.4,0.036,0.4,98.17,5.22046,-40.92517,-0.7183,0.0003,-0.37977
10828.55,SYN.BTC-16AUG19,1564829945426,open,0.06,15.3,0.03,0.0905,0.06142596,91.55,0.068,0.0,BTC-16AUG19-11000-C,10791.41,89.65,0.06,0.2,0.0655,18.1,96.99,8.11359,-28.84492,1.66709,0.00021,0.49785
10868.9,SYN.BTC-30AUG19,1564829945431,open,0.31,0.0,0.275,0.3575,0.31596804,98.66,None,0.0,BTC-30AUG19-14000-P,10791.41,0.0,0.0,0.0,0.0,0.0,0.0,8.46317,-15.53353,-8.86338,0.0001,-0.79154
10808.38,SYN.BTC-9AUG19,1564829945426,open,0.0,121.9,0.0005,0.011,0.00122749,120.72,0.001,0.0,BTC-9AUG19-8000-P,10791.41,105.79,0.0005,19.7,0.002,0.5,131.19,0.6816,-7.00207,-0.03803,3e-05,-0.02063
10808.38,SYN.BTC-9AUG19,1564829945426,open,0.12,1.1,0.0925,0.156,0.12404385,95.77,0.1555,0.0,BTC-9AUG19-12000-P,10791.41,0.0,0.0,0.0,0.0,0.0,0.0,3.97269,-32.37497,-1.58712,0.00022,-0.78814
10808.38,SYN.BTC-9AUG19,1564829945426,open,0.02,128.8,0.0025,0.0395,0.01787339,94.31,0.0195,0.0,BTC-9AUG19-10000-P,10791.41,90.79,0.0165,0.1,0.02,0.4,99.65,4.25342,-34.13393,-0.44694,0.00024,-0.239
10828.55,SYN.BTC-16AUG19,1564829945426,open,0.09,0.0,0.05,0.113,0.08372159,91.55,None,0.0,BTC-16AUG19-10500-C,10791.41,90.55,0.083,0.2,0.088,18.0,97.46,7.83342,-27.84883,1.98953,0.00021,0.60456
224.0,SYN.ETH-16AUG19,1564829945437,open,0.02,71.0,0.002,0.033,0.014762,92.68,0.02,0.0,ETH-16AUG19-190-P,223.16,86.19,0.012,250.0,0.017,250.0,97.66,0.09847,-0.3544,-0.01309,0.006,-0.15087
224.0,SYN.ETH-16AUG19,1564829945437,open,0.03,25.0,0.006,0.049,0.025464,92.69,0.023,0.0,ETH-16AUG19-200-P,223.16,86.53,0.022,200.0,0.028,201.0,97.09,0.12783,-0.46009,-0.02021,0.00779,-0.23025
224.0,SYN.ETH-16AUG19,1564829945437,open,0.01,6.0,0.001,0.021,0.007769,92.68,0.01,0.0,ETH-16AUG19-180-P,223.16,82.67,0.005,250.0,0.01,250.0,99.62,0.06808,-0.245,-0.00769,0.00415,-0.08957
223.54,SYN.ETH-9AUG19,1564829945437,open,0.0,51.0,0.001,0.011,0.000832,124.71,0.003,0.0,ETH-9AUG19-160-P,223.16,0.0,0.0,0.0,0.002,4.0,143.53,0.01023,-0.10852,-0.00054,0.00102,-0.01417
224.0,SYN.ETH-16AUG19,1564829945437,open,0.13,119.0,0.095,0.164,0.132515,92.53,0.119,0.0,ETH-16AUG19-200-C,223.16,0.0,0.0,0.0,0.0,0.0,0.0,0.12774,-0.459,0.05038,0.0078,0.77004
223.54,SYN.ETH-9AUG19,1564829945437,open,0.33,0.0,0.308,0.35,0.329157,121.02,None,0.0,ETH-9AUG19-150-C,223.16,0.0,0.0,0.0,0.0,0.0,0.0,0.00316,-0.03255,0.02401,0.00032,0.99626
223.54,SYN.ETH-9AUG19,1564829945437,open,0.2,0.0,0.17,0.223,0.197048,102.2,None,0.0,ETH-9AUG19-180-C,223.16,0.0,0.0,0.0,0.0,0.0,0.0,0.0251,-0.21827,0.02741,0.00305,0.95867
223.54,SYN.ETH-9AUG19,1564829945437,open,0.29,0.0,0.262,0.308,0.285001,123.19,None,0.0,ETH-9AUG19-160-C,223.16,0.0,0.0,0.0,0.0,0.0,0.0,0.00968,-0.10144,0.02525,0.00098,0.98671
224.0,SYN.ETH-16AUG19,1564829945437,open,0.08,500.0,0.04,0.11,0.077955,92.58,0.079,0.0,ETH-16AUG19-220-C,223.16,87.2,0.074,150.0,0.083,150.0,99.43,0.16482,-0.59253,0.03932,0.01006,0.57556
223.54,SYN.ETH-9AUG19,1564829945437,open,0.24,0.0,0.216,0.265,0.240851,113.06,None,0.0,ETH-9AUG19-170-C,223.16,0.0,0.0,0.0,0.0,0.0,0.0,0.01593,-0.15324,0.02646,0.00175,0.97616
223.54,SYN.ETH-9AUG19,1564829945437,open,0.0,0.0,0.001,0.011,0.000248,125.03,None,0.0,ETH-9AUG19-150-P,223.16,0.0,0.0,0.0,0.001,3.0,149.66,0.00391,-0.0416,-0.00018,0.00039,-0.00474
223.54,SYN.ETH-9AUG19,1564829945437,open,0.34,0.0,0.304,0.387,0.343702,118.39,None,0.0,ETH-9AUG19-300-P,223.16,0.0,0.0,0.0,0.0,0.0,0.0,0.0192,-0.19341,-0.04728,0.00202,-0.97019
224.0,SYN.ETH-16AUG19,1564829945437,open,0.04,3.0,0.013,0.069,0.040504,92.7,0.055,0.0,ETH-16AUG19-210-P,223.16,85.99,0.036,200.0,0.044,200.0,97.86,0.15115,-0.54409,-0.02877,0.00921,-0.32357
224.0,SYN.ETH-16AUG19,1564829945437,open,0.06,0.0,0.025,0.094,0.060199,92.71,0.068,0.0,ETH-16AUG19-220-P,223.16,87.0,0.056,2.0,0.064,150.0,97.88,0.16482,-0.59339,-0.0383,0.01004,-0.42445
223.54,SYN.ETH-9AUG19,1564829945439,open,0.0,0.0,0.001,0.011,5.7e-05,125.02,None,0.0,ETH-9AUG19-140-P,223.16,0.0,0.0,0.0,0.003,3.0,205.93,0.00115,-0.01224,-5e-05,0.00011,-0.00123
223.54,SYN.ETH-9AUG19,1564829945437,open,0.0,8.0,0.001,0.011,0.001519,116.88,0.002,0.0,ETH-9AUG19-300-C,223.16,0.0,0.0,0.0,0.003,6.0,131.37,0.01827,-0.18167,0.00096,0.00194,0.02808
223.54,SYN.ETH-9AUG19,1564829945437,open,0.37,0.0,0.355,0.393,0.373705,0.0,None,0.0,ETH-9AUG19-140-C,223.16,0.0,0.0,0.0,0.0,0.0,0.0,0.0,0.0,0.02254,0.0,1.0
224.0,SYN.ETH-16AUG19,1564829945437,open,0.17,0.0,0.132,0.196,0.166461,92.49,None,0.0,ETH-16AUG19-190-C,223.16,0.0,0.0,0.0,0.0,0.0,0.0,0.09829,-0.35301,0.05398,0.006,0.84955
223.54,SYN.ETH-9AUG19,1564829945437,open,0.0,238.0,0.001,0.011,0.001422,114.05,0.004,0.0,ETH-9AUG19-170-P,223.16,107.69,0.001,2.0,0.002,250.0,121.13,0.01644,-0.15952,-0.00094,0.00179,-0.02475
224.0,SYN.ETH-16AUG19,1564829945437,open,0.1,0.0,0.064,0.135,0.102908,92.56,0.105,0.0,ETH-16AUG19-210-C,223.16,86.74,0.099,150.0,0.108,150.0,100.07,0.15112,-0.54317,0.04533,0.00922,0.67658
10949.61,BTC-27SEP19,1564829946426,open,0.41,29.6,0.368,0.4695,0.41901154,97.04,0.58,0.0,BTC-27SEP19-15000-P,10791.43,0.0,0.0045,10.0,0.984,0.3,500.0,13.72713,-12.13776,-19.10634,8e-05,-0.74161
11137.75,BTC-27DEC19,1564829946426,open,0.0,173.8,0.0005,0.0105,0.00083931,133.43,0.001,0.0,BTC-27DEC19-1500-P,10791.43,125.43,0.0005,10.1,0.001,1.0,136.44,0.55959,-0.25592,-0.15161,0.0,-0.00257
11137.75,BTC-27DEC19,1564829946426,open,0.4,93.7,0.357,0.4335,0.39744014,93.22,0.324,0.0,BTC-27DEC19-7500-C,10791.43,0.0,0.211,0.1,0.4235,2.5,109.28,17.62239,-5.6308,19.38328,4e-05,0.83289
10949.61,BTC-27SEP19,1564829946426,open,0.0,325.9,0.0005,0.0115,0.00198467,105.28,0.0025,0.0,BTC-27SEP19-4750-P,10791.43,87.54,0.0005,24.1,0.0035,24.0,115.49,1.34784,-1.29298,-0.23396,1e-05,-0.01223
10949.61,BTC-27SEP19,1564829946427,open,0.0,416.0,0.0005,0.011,0.00127535,117.44,0.001,0.0,BTC-27SEP19-4000-P,10791.43,104.38,0.0005,30.0,0.002,24.0,125.3,0.8651,-0.92575,-0.14221,0.0,-0.00736
11137.77,BTC-27DEC19,1564829946427,open,3.64,1.0,3.5785,3.782,3.6751186,109.16,4.454,0.0,BTC-27DEC19-52000-P,10791.43,0.0,0.001,1.0,0.0,0.0,0.0,4.72726,-1.76868,-206.79022,1e-05,-0.97048
10949.61,BTC-27SEP19,1564829946427,open,0.86,42.8,0.8535,0.873,0.8630118,134.37,0.815,0.0,BTC-27SEP19-1500-C,10791.43,0.0,0.0,0.0,0.0,0.0,0.0,0.00418,-0.00512,2.25474,0.0,0.99998
10949.61,BTC-27SEP19,1564829946427,open,0.02,430.2,0.0045,0.032,0.01585669,95.01,0.016,0.0,BTC-27SEP19-7000-P,10791.43,93.52,0.015,3.0,0.017,24.0,96.94,6.36867,-5.51306,-1.59373,4e-05,-0.08096
10949.61,BTC-27SEP19,1564829946427,open,1.54,0.0,1.5075,1.6165,1.55927542,103.81,None,0.0,BTC-27SEP19-28000-P,10791.43,0.0,0.09,1.0,0.0,0.0,0.0,1.74794,-1.65337,-41.85891,1e-05,-0.98347
10949.61,BTC-27SEP19,1564829946428,open,0.01,521.5,0.0025,0.03,0.01253478,98.58,0.014,0.0,BTC-27SEP19-20000-C,10791.43,97.67,0.012,0.1,0.013,2.7,99.36,6.49236,-5.83181,1.16081,4e-05,0.08305
10828.53,SYN.BTC-16AUG19,1564829946426,open,0.01,77.4,0.0015,0.027,0.01130932,91.69,0.0095,0.0,BTC-16AUG19-9000-P,10791.43,88.18,0.01,30.0,0.013,30.0,96.0,4.1394,-14.73808,-0.513,0.00011,-0.12299
10949.63,BTC-27SEP19,1564829946429,open,0.0,561.3,0.0005,0.0125,0.00272976,104.55,0.002,0.0,BTC-27SEP19-5000-P,10791.43,95.28,0.0015,4.0,0.004,24.0,111.68,1.72916,-1.64724,-0.31372,1e-05,-0.01633
11137.77,BTC-27DEC19,1564829946429,open,0.1,381.6,0.0475,0.1435,0.09578129,97.8,0.097,0.0,BTC-27DEC19-18000-C,10791.43,97.01,0.094,0.2,0.0975,6.0,98.56,25.18564,-8.44302,9.98843,5e-05,0.32017
10949.63,BTC-27SEP19,1564829946430,open,1.72,0.0,1.6865,1.802,1.74157949,107.61,None,0.0,BTC-27SEP19-30000-P,10791.43,0.0,0.1,1.0,0.0,0.0,0.0,1.48337,-1.45445,-44.90742,1e-05,-0.98634
10949.63,BTC-27SEP19,1564829946430,open,0.57,13.5,0.558,0.58,0.56817847,105.27,0.382,0.0,BTC-27SEP19-4750-C,10791.43,0.0,0.0045,10.0,0.662,5.0,298.95,1.34715,-1.29217,6.90754,1e-05,0.98778
10808.35,SYN.BTC-9AUG19,1564829946426,open,0.06,226.9,0.031,0.089,0.06160446,92.13,0.062,0.0,BTC-9AUG19-10500-C,10791.43,88.8,0.06,9.4,0.065,1.4,99.14,5.22049,-40.92723,0.97194,0.0003,0.62022
10868.89,SYN.BTC-30AUG19,1564829946427,open,0.02,194.0,0.004,0.0375,0.0175921,98.94,0.0165,0.0,BTC-30AUG19-15000-C,10791.43,96.3,0.016,24.0,0.019,24.0,101.2,6.66865,-12.2752,1.00598,8e-05,0.14329
230.03,ETH-27DEC19,1564829946438,open,0.05,936.0,0.015,0.082,0.0473,102.87,0.036,0.0,ETH-27DEC19-520-C,223.17,100.19,0.043,110.0,0.051,110.0,105.1,0.37683,-0.13287,0.11873,0.00173,0.17645
226.78,ETH-27SEP19,1564829946438,open,1.12,0.0,1.057,1.196,1.123748,104.18,None,0.0,ETH-27SEP19-480-P,223.17,0.0,0.0,0.0,0.0,0.0,0.0,0.08929,-0.08475,-0.70738,0.00111,-0.95097
230.03,ETH-27DEC19,1564829946438,open,1.64,0.0,1.544,1.743,1.640768,103.63,0.953,0.0,ETH-27DEC19-600-P,223.17,0.0,0.0,0.0,0.0,0.0,0.0,0.30434,-0.1081,-2.31008,0.00139,-0.872
230.03,ETH-27DEC19,1564829946438,open,0.06,746.0,0.021,0.095,0.057636,102.38,0.053,0.0,ETH-27DEC19-480-C,223.17,99.78,0.053,110.0,0.062,150.0,104.76,0.41693,-0.14631,0.13838,0.00193,0.20815
230.03,ETH-27DEC19,1564829946438,open,0.67,241.0,0.587,0.755,0.675057,100.75,0.986,0.0,ETH-27DEC19-360-P,223.17,79.03,0.627,110.0,1.562,1.0,500.0,0.53877,-0.18606,-1.21796,0.00253,-0.64977
226.78,ETH-27SEP19,1564829946438,open,0.0,2697.0,0.001,0.011,0.001514,118.31,0.001,0.0,ETH-27SEP19-720-C,223.17,113.05,0.001,1.0,0.002,242.0,122.21,0.02554,-0.02753,0.00325,0.00028,0.01104
226.78,ETH-27SEP19,1564829946438,open,0.78,79.0,0.718,0.846,0.780587,100.85,0.351,0.0,ETH-27SEP19-400-P,223.17,0.0,0.0,0.0,0.0,0.0,0.0,0.15946,-0.14653,-0.57143,0.00204,-0.89539
230.03,ETH-27DEC19,1564829946438,open,0.02,503.0,0.005,0.049,0.023684,105.12,0.023,0.0,ETH-27DEC19-680-C,223.17,100.55,0.019,50.0,0.028,50.0,108.92,0.24961,-0.08993,0.06741,0.00112,0.09701
230.03,ETH-27DEC19,1564829946438,open,1.98,0.0,1.877,2.09,1.979946,105.23,None,0.0,ETH-27DEC19-680-P,223.17,0.0,0.0,0.0,0.0,0.0,0.0,0.25031,-0.09028,-2.65005,0.00112,-0.90262
226.78,ETH-27SEP19,1564829946438,open,0.01,7790.0,0.004,0.029,0.014193,97.75,0.019,0.0,ETH-27SEP19-140-P,223.17,95.46,0.013,1.0,0.015,200.0,99.25,0.12047,-0.1073,-0.02934,0.00159,-0.07186
226.78,ETH-27SEP19,1564829946438,open,0.95,0.0,0.887,1.02,0.950937,102.39,None,0.0,ETH-27SEP19-440-P,223.17,0.0,0.0,0.0,0.0,0.0,0.0,0.1189,-0.11092,-0.64109,0.0015,-0.92935
230.03,ETH-27DEC19,1564829946438,open,0.18,216.0,0.113,0.226,0.176211,98.85,0.157,0.0,ETH-27DEC19-280-C,223.17,96.39,0.17,120.0,0.183,30.0,101.55,0.58015,-0.19657,0.29691,0.00278,0.49917
226.78,ETH-27SEP19,1564829946438,open,0.1,1730.0,0.053,0.135,0.097794,97.41,0.097,0.0,ETH-27SEP19-260-C,223.17,93.6,0.092,230.0,0.102,120.0,100.17,0.34558,-0.30673,0.11371,0.00459,0.4313
226.78,ETH-27SEP19,1564829946438,open,0.13,1829.0,0.078,0.165,0.126429,97.22,0.118,0.0,ETH-27SEP19-240-C,223.17,94.36,0.122,110.0,0.132,230.0,100.83,0.35054,-0.31053,0.13256,0.00466,0.51523
230.03,ETH-27DEC19,1564829946438,open,0.17,2181.0,0.109,0.217,0.167596,97.96,0.174,0.0,ETH-27DEC19-200-P,223.17,94.48,0.16,140.0,0.172,40.0,99.97,0.50265,-0.16877,-0.42633,0.00243,-0.29614
230.03,ETH-27DEC19,1564829946438,open,0.07,624.0,0.029,0.112,0.070685,101.79,0.068,0.0,ETH-27DEC19-440-C,223.17,98.9,0.065,110.0,0.076,150.0,104.43,0.45848,-0.15996,0.16147,0.00213,0.24632
230.03,ETH-27DEC19,1564829946438,open,0.03,1471.0,0.009,0.062,0.032304,103.54,0.023,0.0,ETH-27DEC19-600-C,223.17,100.17,0.028,160.0,0.036,110.0,106.27,0.30385,-0.10784,0.0877,0.00139,0.1277
230.04,ETH-27DEC19,1564829946439,open,0.03,1087.0,0.007,0.055,0.027786,104.54,0.027,0.0,ETH-27DEC19-640-C,223.17,100.36,0.023,50.0,0.032,50.0,107.92,0.27638,-0.09903,0.0771,0.00125,0.11165
226.78,ETH-27SEP19,1564829946438,open,0.33,392.0,0.289,0.355,0.324372,97.08,0.51,0.0,ETH-27SEP19-160-C,223.17,0.0,0.136,42.0,0.0,0.0,0.0,0.18843,-0.16667,0.1852,0.00251,0.86755
230.04,ETH-27DEC19,1564829946439,open,0.3,164.0,0.238,0.343,0.298144,97.95,0.288,0.0,ETH-27DEC19-200-C,223.17,0.0,0.001,1000.0,0.5,30.0,195.05,0.50265,-0.16875,0.37303,0.00243,0.70388
230.04,ETH-27DEC19,1564829946438,open,0.53,83.0,0.445,0.604,0.529895,100.0,0.626,0.0,ETH-27DEC19-320-P,223.17,96.38,0.521,110.0,0.536,30.0,102.46,0.56799,-0.19467,-1.0219,0.00269,-0.58162
230.04,ETH-27DEC19,1564829946438,open,0.83,16.0,0.737,0.911,0.826807,101.37,1.195,0.0,ETH-27DEC19-400-P,223.17,71.42,0.77,110.0,0.891,110.0,129.01,0.50071,-0.17398,-1.40956,0.00234,-0.70636
226.78,ETH-27SEP19,1564829946439,open,1.99,0.0,1.912,2.096,2.000015,113.46,None,0.0,ETH-27SEP19-680-P,223.17,0.0,0.0,0.0,0.0,0.0,0.0,0.02631,-0.0272,-1.01896,0.0003,-0.98858
226.79,ETH-27SEP19,1564829946439,open,0.18,2475.0,0.129,0.233,0.184724,97.24,0.28,0.0,ETH-27SEP19-240-P,223.17,93.54,0.179,110.0,0.19,120.0,100.66,0.35056,-0.3106,-0.22825,0.00466,-0.4847
226.79,ETH-27SEP19,1564829946439,open,0.16,1113.0,0.113,0.201,0.162357,96.99,0.141,0.0,ETH-27SEP19-220-C,223.17,93.4,0.157,230.0,0.168,230.0,100.77,0.33836,-0.29901,0.15126,0.00451,0.60598
230.04,ETH-27DEC19,1564829946439,open,1.47,0.0,1.378,1.572,1.473685,103.47,0.845,0.0,ETH-27DEC19-560-P,223.17,0.0,0.0,0.0,0.0,0.0,0.0,0.34024,-0.12066,-2.13563,0.00155,-0.84923
226.79,ETH-27SEP19,1564829946439,open,0.03,7464.0,0.01,0.052,0.029901,97.09,0.045,0.0,ETH-27SEP19-160-P,223.17,94.77,0.028,1.0,0.032,200.0,99.59,0.18843,-0.16668,-0.05535,0.00251,-0.13244
230.04,ETH-27DEC19,1564829946439,open,0.23,561.0,0.163,0.276,0.227324,97.95,0.205,0.0,ETH-27DEC19-240-C,223.17,95.37,0.221,120.0,0.234,2.0,100.68,0.56355,-0.1892,0.3383,0.00272,0.59529
230.04,ETH-27DEC19,1564829946439,open,0.02,1375.0,0.004,0.039,0.017351,105.98,0.019,0.0,ETH-27DEC19-760-C,223.17,100.64,0.013,50.0,0.022,50.0,110.89,0.20313,-0.07379,0.05181,0.00091,0.0737
226.79,ETH-27SEP19,1564829946439,open,0.45,497.0,0.393,0.516,0.456067,98.61,0.51,0.0,ETH-27SEP19-320-P,223.17,65.34,0.423,110.0,0.491,110.0,125.37,0.2728,-0.24511,-0.41495,0.00358,-0.76092
226.79,ETH-27SEP19,1564829946439,open,0.0,3419.0,0.001,0.012,0.00202,112.05,0.003,0.0,ETH-27SEP19-640-C,223.17,103.31,0.001,50.0,0.003,137.0,117.85,0.03326,-0.03396,0.00442,0.00038,0.01498
226.79,ETH-27SEP19,1564829946439,open,0.38,769.0,0.319,0.439,0.381145,98.18,0.45,0.0,ETH-27SEP19-300-P,223.17,75.4,0.353,110.0,0.413,110.0,120.98,0.30247,-0.27058,-0.37101,0.00398,-0.70697
226.79,ETH-27SEP19,1564829946440,open,0.61,233.0,0.552,0.677,0.61447,99.54,0.634,0.0,ETH-27SEP19-360-P,223.17,89.77,0.606,44.0,0.0,0.0,0.0,0.21189,-0.19218,-0.49673,0.00275,-0.84236
226.79,ETH-27SEP19,1564829946440,open,0.0,2060.0,0.001,0.011,0.001576,124.93,0.003,0.0,ETH-27SEP19-80-P,223.17,0.0,0.0,0.0,0.01,5.0,173.34,0.02001,-0.02278,-0.00338,0.00021,-0.00835
226.79,ETH-27SEP19,1564829946440,open,0.65,0.0,0.637,0.66,0.648812,124.75,None,0.0,ETH-27SEP19-80-C,223.17,0.0,0.003,10.0,0.0,0.0,0.0,0.01988,-0.0226,0.11692,0.00021,0.99171
226.79,ETH-27SEP19,1564829946440,open,0.08,2100.0,0.036,0.111,0.075363,97.64,0.067,0.0,ETH-27SEP19-280-C,223.17,93.91,0.07,270.0,0.08,160.0,100.83,0.32791,-0.29172,0.09591,0.00434,0.35664
226.79,ETH-27SEP19,1564829946440,open,0.0,3439.0,0.001,0.011,0.001515,113.46,0.003,0.0,ETH-27SEP19-680-C,223.17,108.34,0.001,5.0,0.002,301.0,117.24,0.02631,-0.0272,0.00338,0.0003,0.01142
224.93,SYN.ETH-30AUG19,1564829946438,open,0.01,2903.0,0.002,0.025,0.011259,99.71,0.01,0.0,ETH-30AUG19-160-P,223.17,96.56,0.01,1.0,0.013,350.0,103.83,0.09213,-0.1709,-0.01538,0.00248,-0.08162
230.04,ETH-27DEC19,1564829946441,open,0.98,0.0,0.893,1.071,0.983479,101.83,None,0.0,ETH-27DEC19-440-P,223.17,52.36,0.917,110.0,1.909,1.0,500.0,0.45868,-0.16009,-1.59694,0.00213,-0.7535
224.93,SYN.ETH-30AUG19,1564829946439,open,0.43,0.0,0.386,0.489,0.436949,99.33,None,0.0,ETH-30AUG19-320-P,223.17,0.0,0.0,0.0,0.0,0.0,0.0,0.12237,-0.22613,-0.21805,0.00331,-0.87962
226.79,ETH-27SEP19,1564829946441,open,0.0,739.0,0.001,0.011,0.000224,125.0,0.001,0.0,ETH-27SEP19-60-P,223.17,0.0,0.0,0.0,0.002,250.0,163.01,0.00407,-0.00463,-0.00056,4e-05,-0.00141
224.93,SYN.ETH-30AUG19,1564829946438,open,0.02,483.0,0.005,0.043,0.02207,98.58,0.026,0.0,ETH-30AUG19-300-C,223.17,94.03,0.019,160.0,0.025,160.0,102.7,0.15612,-0.28633,0.02498,0.00425,0.17289
224.93,SYN.ETH-30AUG19,1564829946439,open,0.05,353.0,0.021,0.082,0.052374,97.92,0.057,0.0,ETH-30AUG19-260-C,223.17,93.49,0.048,160.0,0.056,160.0,101.55,0.22365,-0.40742,0.04764,0.00613,0.34002
224.93,SYN.ETH-30AUG19,1564829946439,open,0.09,314.0,0.052,0.13,0.092876,96.93,0.121,0.0,ETH-30AUG19-220-P,223.17,91.37,0.087,240.0,0.097,120.0,100.82,0.23789,-0.42897,-0.08404,0.00659,-0.41457
10949.63,BTC-27SEP19,1564829946528,open,0.11,713.6,0.0655,0.1455,0.10770876,93.63,0.1145,0.0,BTC-27SEP19-12000-C,10791.43,91.55,0.1045,0.2,0.111,14.4,95.76,16.89525,-14.41336,5.99339,0.0001,0.47178
11137.77,BTC-27DEC19,1564829946528,open,0.43,52.5,0.391,0.4605,0.42741976,93.22,0.414,0.0,BTC-27DEC19-7000-C,10791.43,45.33,0.3765,1.0,0.55,0.1,172.58,15.63108,-4.99446,19.2794,3e-05,0.86054
11137.77,BTC-27DEC19,1564829946528,open,0.21,166.2,0.1455,0.2535,0.20392524,93.24,0.204,0.0,BTC-27DEC19-12000-C,10791.43,91.86,0.2005,3.6,0.2105,3.6,95.89,27.69545,-8.85098,16.15248,6e-05,0.5668
10949.63,BTC-27SEP19,1564829946537,open,0.66,0.0,0.65,0.6695,0.65967116,134.24,None,0.0,BTC-27SEP19-3750-C,10791.43,0.0,0.0045,11.0,0.7165,10.0,299.41,1.15121,-1.40806,5.43464,0.0,0.9898
10868.89,SYN.BTC-30AUG19,1564829946552,open,0.23,17.1,0.196,0.2795,0.23847249,97.09,0.289,0.0,BTC-30AUG19-13000-P,10791.43,0.0,0.0,0.0,0.0,0.0,0.0,10.12604,-18.28962,-7.57559,0.00012,-0.70812
11137.77,BTC-27DEC19,1564829946561,open,3.29,0.0,3.2265,3.4175,3.31690313,106.78,None,0.0,BTC-27DEC19-48000-P,10791.43,0.0,0.0,0.0,6.0,1.0,500.0,5.29795,-1.93905,-190.6506,1e-05,-0.96611
10949.63,BTC-27SEP19,1564829946655,open,0.26,38.5,0.218,0.317,0.26924252,94.33,0.2625,0.0,BTC-27SEP19-13000-P,10791.43,75.54,0.242,5.1,0.49,0.1,238.92,16.25712,-13.97321,-14.51881,0.0001,-0.61271
11137.77,BTC-27DEC19,1564829946655,open,0.12,267.2,0.0675,0.17,0.12052033,96.09,0.119,0.0,BTC-27DEC19-16000-C,10791.43,94.63,0.117,0.2,0.1235,2.1,97.32,26.91288,-8.86363,11.7687,6e-05,0.38491
10949.68,BTC-27SEP19,1564829946877,open,1.0,0.2,0.9715,1.068,1.0168512,99.8,1.391,0.0,BTC-27SEP19-22000-P,10791.43,0.0,0.0045,11.0,0.0,0.0,0.0,4.63754,-4.21709,-32.31709,3e-05,-0.94625
10868.89,SYN.BTC-30AUG19,1564829946887,open,0.03,151.7,0.008,0.052,0.02788669,98.65,0.0285,0.0,BTC-30AUG19-14000-C,10791.43,96.86,0.0265,2.0,0.029,19.3,100.07,8.46291,-15.53257,1.44504,0.0001,0.20845
10949.68,BTC-27SEP19,1564829947022,open,0.62,9.2,0.604,0.6235,0.61359379,115.77,0.574,0.0,BTC-27SEP19-4250-C,10791.43,0.0,0.005,0.1,0.6885,5.0,299.4,1.11492,-1.17609,6.19925,1e-05,0.99017
10949.68,BTC-27SEP19,1564829947427,open,0.0,124.2,0.0005,0.012,0.00215086,134.26,0.004,0.0,BTC-27SEP19-3750-P,10791.55,110.72,0.0005,1.0,0.0635,1.0,308.39,1.15202,-1.4093,-0.20345,0.0,-0.01021
10949.68,BTC-27SEP19,1564829947427,open,0.14,146.1,0.0985,0.186,0.14439871,92.13,0.1435,0.0,BTC-27SEP19-11000-P,10791.55,89.91,0.141,14.4,0.142,2.8,90.56,16.70655,-14.02467,-9.52442,0.0001,-0.43416
10949.68,BTC-27SEP19,1564829947427,open,0.0,142.4,0.0005,0.013,0.0030312,101.93,0.003,0.0,BTC-27SEP19-26000-C,10791.55,93.0,0.0015,24.0,0.0045,24.0,107.95,2.33652,-2.17005,0.33322,1e-05,0.02327
11137.78,BTC-27DEC19,1564829947427,open,0.0,98.9,0.0005,0.012,0.00249383,132.81,0.001,0.0,BTC-27DEC19-2000-P,10791.55,107.35,0.0005,20.1,0.011,10.0,175.36,1.34603,-0.61273,-0.4159,0.0,-0.00685
11137.78,BTC-27DEC19,1564829947427,open,0.78,0.0,0.768,0.7875,0.77797561,115.33,None,0.0,BTC-27DEC19-2500-C,10791.55,0.0,0.0135,1.1,0.9745,0.5,500.0,1.5256,-0.60307,9.53157,0.0,0.9921
10949.68,BTC-27SEP19,1564829947427,open,0.0,405.8,0.0005,0.0105,0.00017185,135.0,0.0005,0.0,BTC-27SEP19-2500-P,10791.55,0.0,0.0,0.0,0.001,10.0,164.03,0.146,-0.17958,-0.01967,0.0,-0.00102
11137.9,BTC-27DEC19,1564829947427,open,0.02,137.0,0.0055,0.052,0.0239987,103.47,0.0235,0.0,BTC-27DEC19-32000-C,10791.55,102.56,0.023,2.0,0.025,6.0,104.37,12.28131,-4.35562,3.34571,2e-05,0.09916
11137.9,BTC-27DEC19,1564829947428,open,0.01,312.3,0.003,0.0255,0.01253037,98.76,0.012,0.0,BTC-27DEC19-4500-P,10791.55,94.78,0.0105,6.0,0.0145,6.0,102.33,5.92972,-2.00718,-2.28868,1e-05,-0.03888
10949.68,BTC-27SEP19,1564829947428,open,0.0,492.7,0.0005,0.0105,3.362e-05,135.0,0.0005,0.0,BTC-27SEP19-2000-P,10791.55,0.0,0.0,0.0,0.0045,2.0,236.51,0.03581,-0.04405,-0.00425,0.0,-0.00022
