underlying_price,underlying_index,timestamp,state,settlement_price,open_interest,min_price,max_price,mark_price,mark_iv,last_price,interest_rate,instrument_name,index_price,bid_iv,best_bid_price,best_bid_amount,best_ask_price,best_ask_amount,ask_iv,vega,theta,rho,gamma,delta
4994.69,BTC-28JUN19,1554548340135,open,0.1,15.0,0.0610596,0.10616318,0.09657254,64.69,0.096,0.0,BTC-28JUN19-4750-P,4993.3,62.44,0.0925,19.4,0.1005,14.4,66.87,9.0293,-3.52425,-5.35471,0.00025,-0.37559
4993.3,index_price,1554548340155,open,0.02,341.6,0.01128634,0.03195394,0.02550418,71.28,0.028,0,BTC-26APR19-4500-P,4993.3,67.79,0.023,24.0,0.028,24.0,74.7,3.6166,-6.48504,-0.72003,0.00037,-0.23931
4993.3,index_price,1554548340165,open,0.07,3.9,0.05005164,0.09734908,0.06760647,74.28,0.07,0,BTC-19APR19-4875-C,4993.3,67.94,0.063,18.0,0.0725,18.0,81.0,3.63379,-10.4815,0.92978,0.00056,0.59546
5000.29,BTC-27SEP19,1554548340174,open,0.14,264.3,0.11022987,0.18171447,0.1361768,63.43,0.1325,0.0,BTC-27SEP19-5500-C,4993.3,62.1,0.1325,7.6,0.1395,3.0,64.64,13.76822,-2.51134,8.67884,0.00018,0.50053
4993.3,index_price,1554548340183,open,0.26,0.0,0.25303097,0.26330078,0.26100788,75.23,None,0,BTC-26APR19-6250-P,4993.3,0.0,0.0,0.0,0.0,0.0,0.0,2.28742,-4.32915,-3.11103,0.00022,-0.88315
5000.29,BTC-27SEP19,1554548340193,open,0.61,28.2,0.60055214,0.60686876,0.60418689,72.78,0.5015,0.0,BTC-27SEP19-2000-C,4993.3,0.0,0.0005,1.0,0.0,0.0,0.0,1.59791,-0.33441,8.97629,2e-05,0.98103
4994.69,BTC-28JUN19,1554548340215,open,1.01,43.0,1.00229934,1.00706626,1.00985506,81.03,1.0,0.0,BTC-28JUN19-10000-P,4993.3,0.0,0.1,0.2,0.0,0.0,0.0,2.61927,-1.28046,-22.17799,6e-05,-0.94574
5000.29,BTC-27SEP19,1554548340235,open,0.02,763.9,0.00638074,0.03806682,0.02492019,71.59,0.025,0.0,BTC-27SEP19-10000-C,4993.3,69.83,0.0225,6.0,0.0275,33.0,73.37,7.06037,-1.4534,2.35755,8e-05,0.12389
5000.29,BTC-27SEP19,1554548340237,open,0.03,351.7,0.01211349,0.05318304,0.03340586,69.38,0.03,0.0,BTC-27SEP19-9000-C,4993.3,67.93,0.031,8.7,0.036,24.4,70.89,8.45119,-1.68603,3.05311,0.0001,0.16158
4993.3,index_price,1554548340237,open,0.21,514.8,0.20007644,0.20850308,0.20611006,73.81,0.21,0,BTC-26APR19-4000-C,4993.3,0.0,0.15,1.0,0.225,15.0,112.73,1.80885,-3.35851,1.92824,0.00018,0.91527
5000.29,BTC-27SEP19,1554548340244,open,0.17,18.1,0.1477989,0.21747712,0.17337718,63.48,0.171,0.0,BTC-27SEP19-5000-P,4993.3,59.81,0.1635,3.0,0.1805,10.8,66.14,13.44137,-2.45376,-13.97327,0.00018,-0.41324
4993.3,index_price,1554548340244,open,0.4,4.9,0.39919504,0.39933381,0.40022389,101.56,0.3695,0,BTC-26APR19-3000-C,4993.3,0.0,0.0,0.0,0.0,0.0,0.0,0.35493,-0.90683,1.59912,3e-05,0.98834
4993.3,index_price,1554548340248,open,0.03,57.4,0.01457823,0.04667055,0.02684341,75.31,0.0245,0,BTC-12APR19-5125-C,4993.3,71.57,0.025,18.0,0.03,18.0,81.69,2.46445,-15.79397,0.30888,0.00082,0.41112
5000.29,BTC-27SEP19,1554548340261,open,0.7,42.8,0.70005064,0.70153185,0.70142679,79.2,0.6235,0.0,BTC-27SEP19-1500-C,4993.3,0.0,0.001,1.0,0.0,0.0,0.0,0.64231,-0.14629,6.95372,1e-05,0.99336
5000.29,BTC-27SEP19,1554548340269,open,0.31,2.2,0.28135644,0.35177084,0.30671127,63.5,0.8415,0.0,BTC-27SEP19-6000-P,4993.3,0.0,0.004,20.0,0.0,0.0,0.0,13.50435,-2.46589,-21.07338,0.00018,-0.57798
4993.3,index_price,1554548340294,open,0.01,133.8,0.00399529,0.02967681,0.01330974,77.29,0.011,0,BTC-12APR19-5375-C,4993.3,72.63,0.0115,24.0,0.015,2.0,81.5,1.97531,-12.99201,0.18326,0.00064,0.2413
4993.3,index_price,1554548340314,open,0.0,4.6,7.929e-05,0.01319087,0.00322466,82.57,0.0055,0,BTC-19APR19-6500-C,4993.3,67.63,0.001,30.0,0.0055,35.4,92.27,1.0025,-3.21435,0.08644,0.00014,0.0523
4993.3,index_price,1554548340330,open,0.09,888.0,0.0738417,0.09949247,0.09104365,70.27,0.0885,0,BTC-26APR19-4750-C,4993.3,66.74,0.088,18.0,0.0945,18.0,74.26,4.31375,-7.62563,1.52113,0.00045,0.65048
162.89,index_price,1554548340330,open,0.28,0.0,0.285081,0.290284,0.287684,112.9,None,0.2,ETH-12APR19-210-P,162.89,0.0,0.001,10.0,0.0,0.0,0.0,0.02013,-0.08259,-0.03254,0.00417,-0.95346
5000.29,BTC-27SEP19,1554548340333,open,0.83,0.0,0.81200909,0.85307865,0.83357147,69.54,None,0.0,BTC-27SEP19-9000-P,4993.3,0.0,0.0015,20.0,0.0,0.0,0.0,8.47929,-1.69553,-39.80712,0.0001,-0.83759
4993.3,index_price,1554548340333,open,0.0,66.4,0.00010328,0.0091364,0.0023079,80.53,0.0025,0,BTC-12APR19-4250-P,4993.3,68.55,0.001,30.6,0.0035,30.0,88.45,0.67109,-4.59895,-0.04342,0.00021,-0.05171
4994.69,BTC-28JUN19,1554548340354,open,0.01,336.9,4.243e-05,0.00249252,0.00573222,84.96,0.0075,0.0,BTC-28JUN19-11000-C,4993.3,80.29,0.004,18.0,0.0075,37.7,88.9,2.06164,-1.05679,0.39154,4e-05,0.04026
5000.29,BTC-27SEP19,1554548340374,open,0.35,333.0,0.32790636,0.37078682,0.34663262,66.07,0.348,0.0,BTC-27SEP19-3500-C,4993.3,0.0,0.161,1.0,0.371,2.0,80.12,8.26472,-1.57017,11.84317,0.00011,0.84383
4993.3,index_price,1554548340389,open,0.0,32.6,6e-08,0.00167928,0.00073374,101.52,0.002,0,BTC-12APR19-6625-C,4993.3,0.0,0.0,0.0,0.0015,10.0,112.91,0.26106,-2.25529,0.01271,6e-05,0.01655
167.13,ETH-28JUN19,1554548340405,open,0.04,801.0,0.016654,0.098221,0.043951,81.77,0.047,0.0,ETH-28JUN19-240-C,162.89,78.29,0.039,48.0,0.048,48.0,84.52,0.24269,-0.11972,0.07117,0.00468,0.23149
168.19,ETH-27SEP19,1554548340455,open,0.03,0.0,0.007734,0.123797,0.034549,82.78,None,0.0,ETH-27SEP19-360-C,162.89,77.07,0.026,60.0,0.043,60.0,87.83,0.2679,-0.06377,0.09067,0.0024,0.14772
162.89,index_price,1554548340461,open,0.34,0.0,0.346264,0.34897,0.347627,115.92,None,0.2,ETH-12APR19-220-P,162.89,0.0,0.001,10.0,0.0,0.0,0.0,0.01236,-0.00394,-0.03466,0.0025,-0.9743
167.13,ETH-28JUN19,1554548340466,open,0.05,1106.0,0.026162,0.100052,0.047095,77.08,0.043,0.0,ETH-28JUN19-130-P,162.89,73.91,0.043,48.0,0.051,48.0,80.05,0.21804,-0.10139,-0.09103,0.00446,-0.19278
4993.3,index_price,1554548340556,open,0.01,0.0,0.00152124,0.02622,0.00882196,76.84,None,0,BTC-19APR19-4250-P,4993.3,70.18,0.0065,30.0,0.011,0.2,82.49,1.84532,-5.50633,-0.22203,0.00027,-0.11723
4993.3,index_price,1554548340619,open,0.3,0.0,0.30182362,0.31493521,0.30508372,83.13,None,0,BTC-19APR19-6500-P,4993.3,0.0,0.0,0.0,0.0,0.0,0.0,1.02231,-3.30034,-2.20439,0.00014,-0.94639
162.89,index_price,1554548340621,open,0.01,1.0,0.000715,0.019711,0.009097,101.47,0.008,0.2,ETH-19APR19-130-P,162.89,82.39,0.004,100.0,0.014,100.0,115.65,0.05136,-0.19315,-0.00593,0.00541,-0.09412
168.19,ETH-27SEP19,1554548340721,open,0.65,0.0,0.643764,0.670716,0.650835,90.88,None,0.0,ETH-27SEP19-60-C,162.89,0.0,0.0,0.0,0.0,0.0,0.0,0.06825,-0.01784,0.25958,0.00056,0.97482
4993.3,index_price,1554548340723,open,0.06,2.3,0.0368087,0.0853894,0.05479142,74.03,0.061,0,BTC-19APR19-5000-C,4993.3,68.29,0.0505,18.0,0.06,18.0,80.99,3.73472,-10.73606,0.82625,0.00057,0.52387
167.13,ETH-28JUN19,1554548340729,open,0.69,0.0,0.68052,0.739777,0.701273,85.99,None,0.0,ETH-28JUN19-280-P,162.89,0.0,0.0,0.0,0.0,0.0,0.0,0.1822,-0.09452,-0.59026,0.00334,-0.85418
4993.3,index_price,1554548340764,open,0.25,0.0,0.25197115,0.27027752,0.25675774,80.35,None,0,BTC-19APR19-6250-P,4993.3,0.0,0.0,0.0,0.0,0.0,0.0,1.38063,-4.30792,-2.07459,0.0002,-0.92103
167.13,ETH-28JUN19,1554548340772,open,0.07,1624.0,0.042514,0.127207,0.06774,77.06,0.066,0.0,ETH-28JUN19-140-P,162.89,73.27,0.062,48.0,0.072,48.0,79.85,0.25452,-0.11833,-0.1216,0.00521,-0.25271
162.89,index_price,1554548340774,open,0.16,43.0,0.150326,0.181521,0.160717,88.99,0.176,0.2,ETH-19APR19-140-C,162.89,82.59,0.158,20.0,0.172,20.0,112.34,0.07167,-0.30909,0.03955,0.00861,0.84893
168.19,ETH-27SEP19,1554548340777,open,0.05,158.0,0.014581,0.149116,0.047205,81.31,0.059,0.0,ETH-27SEP19-320-C,162.9,76.82,0.039,11.0,0.056,48.0,85.81,0.31843,-0.07446,0.11712,0.00291,0.19338
168.19,ETH-27SEP19,1554548340777,open,0.45,0.0,0.421171,0.511726,0.446295,81.66,None,0.0,ETH-27SEP19-100-C,162.9,0.0,0.0,0.0,0.0,0.0,0.0,0.22426,-0.05266,0.35211,0.00204,0.88576
167.13,ETH-28JUN19,1554548340777,open,0.14,548.0,0.106263,0.209278,0.137603,76.59,0.145,0.0,ETH-28JUN19-170-C,162.9,73.62,0.132,36.0,0.145,36.0,80.52,0.31479,-0.14546,0.15802,0.00648,0.55402
167.13,ETH-28JUN19,1554548340777,open,0.09,1903.0,0.064161,0.157468,0.092568,76.9,0.079,0.0,ETH-28JUN19-150-P,162.9,73.02,0.086,48.0,0.098,48.0,80.1,0.28337,-0.13147,-0.15512,0.00581,-0.31621
167.13,ETH-28JUN19,1554548340777,open,0.2,484.0,0.166656,0.259963,0.19501,76.87,0.201,0.0,ETH-28JUN19-150-C,162.9,73.91,0.19,2.0,0.202,36.0,80.99,0.28336,-0.13142,0.18549,0.00581,0.6838
168.19,ETH-27SEP19,1554548340778,open,0.04,836.0,0.015737,0.106291,0.040896,81.68,0.044,0.0,ETH-27SEP19-100-P,162.9,75.58,0.033,60.0,0.049,60.0,87.61,0.22431,-0.05269,-0.12433,0.00204,-0.11428
162.9,index_price,1554548340777,open,0.07,250.0,0.055153,0.089068,0.071181,93.86,0.075,0.2,ETH-12APR19-170-P,162.9,78.99,0.064,60.0,0.075,60.0,101.66,0.07947,-0.57419,-0.01779,0.01982,-0.60706
167.13,ETH-28JUN19,1554548340778,open,0.58,0.0,0.565015,0.635126,0.589124,83.93,None,0.0,ETH-28JUN19-260-P,162.9,0.0,0.0,0.0,0.0,0.0,0.0,0.21094,-0.10681,-0.5337,0.00396,-0.81728
167.13,ETH-28JUN19,1554548340778,open,0.12,955.0,0.091198,0.190623,0.121422,76.62,0.114,0.0,ETH-28JUN19-160-P,162.9,72.53,0.114,48.0,0.128,48.0,80.24,0.30355,-0.14032,-0.19079,0.00625,-0.38134
162.9,index_price,1554548340777,open,0.12,30.0,0.098725,0.141987,0.115557,89.1,0.131,0.2,ETH-19APR19-150-C,162.9,79.97,0.11,20.0,0.126,20.0,105.61,0.10079,-0.40374,0.03542,0.01208,0.73199
162.9,index_price,1554548340777,open,0.03,277.0,0.014922,0.048837,0.030568,93.08,0.03,0.2,ETH-12APR19-170-C,162.9,91.91,0.03,99.0,0.036,80.0,104.16,0.0794,-0.66109,0.00947,0.01997,0.39168
168.2,ETH-27SEP19,1554548340779,open,0.02,300.0,0.004067,0.060618,0.019224,85.04,0.026,0.0,ETH-27SEP19-80-P,162.9,75.29,0.012,60.0,0.026,60.0,92.83,0.13727,-0.03357,-0.06302,0.0012,-0.05943
162.9,index_price,1554548340777,open,0.03,116.0,0.013062,0.056324,0.03023,89.64,0.026,0.2,ETH-19APR19-150-P,162.9,79.41,0.024,80.0,0.032,1.0,92.48,0.10096,-0.32473,-0.01719,0.01203,-0.26891
162.9,index_price,1554548340777,open,0.05,42.0,0.029886,0.081848,0.050622,88.19,0.055,0.2,ETH-19APR19-170-C,162.9,77.9,0.043,60.0,0.06,60.0,100.79,0.121,-0.44982,0.0228,0.01466,0.44744
162.9,index_price,1554548340777,open,0.06,1129.0,0.041679,0.076052,0.057507,92.45,0.068,0.2,ETH-12APR19-160-C,162.9,85.31,0.054,60.0,0.064,60.0,105.62,0.08013,-0.67829,0.01408,0.02029,0.59454
167.14,ETH-28JUN19,1554548340779,open,0.17,1076.0,0.133888,0.233309,0.164026,76.57,0.17,0.0,ETH-28JUN19-160-C,162.9,73.25,0.158,36.0,0.172,36.0,80.96,0.30356,-0.14023,0.17255,0.00625,0.61871
162.9,index_price,1554548340777,open,0.01,732.0,0.000548,0.014263,0.005084,94.17,0.004,0.2,ETH-12APR19-140-P,162.9,88.52,0.004,100.0,0.006,68.0,98.54,0.03294,-0.2557,-0.00243,0.00819,-0.08777
162.9,index_price,1554548340777,open,0.08,82.0,0.05782,0.10882,0.07824,88.13,0.085,0.2,ETH-19APR19-160-C,162.9,78.19,0.071,60.0,0.088,60.0,101.51,0.11877,-0.45236,0.02955,0.0144,0.59247
162.9,index_price,1554548340777,open,0.15,713.0,0.143888,0.157603,0.148108,92.59,0.163,0.2,ETH-12APR19-140-C,162.9,86.61,0.147,20.0,0.156,20.0,124.57,0.03201,-0.32068,0.02012,0.00809,0.91555
162.9,index_price,1554548340778,open,0.05,430.0,0.033113,0.084113,0.053892,88.62,0.049,0.2,ETH-19APR19-160-P,162.9,75.04,0.044,80.0,0.061,80.0,98.37,0.11878,-0.36757,-0.02652,0.01432,-0.40768
162.9,index_price,1554548340777,open,0.02,600.0,0.003882,0.02983,0.016753,99.11,0.022,0.2,ETH-12APR19-180-C,162.9,91.98,0.014,20.0,0.02,80.0,107.16,0.0643,-0.56222,0.00586,0.01519,0.2403
162.9,index_price,1554548340779,open,0.0,506.0,2.5e-05,0.005534,0.002561,109.42,0.001,0.2,ETH-12APR19-130-P,162.9,92.28,0.001,110.0,0.004,50.0,120.38,0.01886,-0.17155,-0.00119,0.00404,-0.04293
168.19,ETH-27SEP19,1554548340783,open,0.71,0.0,0.692509,0.846156,0.72737,78.01,None,0.0,ETH-27SEP19-280-P,162.9,0.0,0.002,1.0,0.755,1.0,89.97,0.36817,-0.0826,-1.18441,0.0035,-0.75091
168.19,ETH-27SEP19,1554548340795,open,0.71,0.0,0.692509,0.846156,0.72737,78.01,None,0.0,ETH-27SEP19-280-P,162.9,0.0,0.002,1.0,0.756,2.0,90.38,0.36817,-0.0826,-1.18441,0.0035,-0.75091
168.19,ETH-27SEP19,1554548340799,open,0.61,0.0,0.584165,0.746707,0.622694,77.72,None,0.0,ETH-27SEP19-260-P,162.9,0.0,0.013,1.0,0.654,1.0,90.38,0.39944,-0.08927,-1.06515,0.00381,-0.70674
5000.29,BTC-27SEP19,1554548340800,open,1.24,0.0,1.20765961,1.37758545,1.24552534,74.0,None,0.0,BTC-27DEC19-11000-P,4993.3,0.0,0.0,0.0,0.0,0.0,0.0,10.97051,-1.53238,-75.14086,8e-05,-0.82524
5000.29,BTC-27SEP19,1554548340828,open,0.04,42.9,0.00473949,0.15920168,0.04199441,77.3,0.078,0.0,BTC-27DEC19-12000-C,4993.3,67.77,0.0245,1.0,0.078,1.9,92.54,10.30462,-1.50356,4.23117,7e-05,0.1586
4993.3,index_price,1554548340910,open,0.11,219.4,0.10006578,0.11812484,0.10536624,76.11,0.1125,0,BTC-12APR19-4500-C,4993.3,70.8,0.104,6.0,0.109,6.0,88.56,1.34156,-8.68857,0.61447,0.00044,0.86981
4993.3,index_price,1554548341005,open,0.0,41.5,0.0,0.00029796,0.00029867,115.03,0.0005,0,BTC-12APR19-3500-P,4993.3,0.0,0.0,0.0,0.3995,0.3,500.0,0.10895,-1.06653,-0.00513,2e-05,-0.00608
4994.66,BTC-28JUN19,1554548341048,open,0.36,0.0,0.35075142,0.36174327,0.36228547,70.81,None,0.0,BTC-28JUN19-3250-C,4993.31,0.0,0.349,5.0,0.3745,5.0,86.51,3.35609,-1.43383,6.38585,8e-05,0.92538
4994.66,BTC-28JUN19,1554548341048,open,0.21,2.5,0.17481863,0.21104366,0.20437215,65.63,0.166,0.0,BTC-28JUN19-4250-C,4993.31,55.95,0.19,5.0,0.216,5.0,73.21,7.57258,-2.99851,6.18104,0.0002,0.7494
4994.66,BTC-28JUN19,1554548341050,open,0.5,24.4,0.49955468,0.5019745,0.50341421,81.14,0.5115,0.0,BTC-28JUN19-2500-C,4993.31,0.0,0.0005,1.0,0.0,0.0,0.0,1.3286,-0.65042,5.3632,3e-05,0.97633
4994.66,BTC-28JUN19,1554548341050,open,0.19,14.8,0.14915627,0.19545292,0.18547261,64.7,0.1705,0.0,BTC-28JUN19-5500-P,4993.31,62.04,0.1805,15.8,0.19,10.8,67.11,9.37625,-3.65984,-8.48777,0.00026,-0.56296
4994.66,BTC-28JUN19,1554548341050,open,0.01,865.5,0.00017307,0.00493979,0.00741609,80.43,0.005,0.0,BTC-28JUN19-10000-C,4993.31,76.35,0.0055,18.0,0.009,0.5,83.35,2.55694,-1.2407,0.51281,6e-05,0.05263
4994.66,BTC-28JUN19,1554548341050,open,0.12,127.6,0.09541081,0.1424293,0.12310696,64.7,0.1195,0.0,BTC-28JUN19-5000-P,4993.31,62.25,0.1185,15.8,0.125,5.7,65.71,9.38756,-3.66432,-6.38732,0.00026,-0.44011
4994.66,BTC-28JUN19,1554548341050,open,0.02,976.0,0.00270581,0.01959246,0.01713689,72.45,0.0195,0.0,BTC-28JUN19-8000-C,4993.31,71.22,0.016,12.0,0.018,0.1,73.37,4.66683,-2.03995,1.12866,0.00011,0.11666
4993.31,index_price,1554548341048,open,0.19,0.0,0.17829722,0.20705138,0.18696386,77.35,None,0,BTC-19APR19-5875-P,4993.31,0.0,0.0,0.0,0.0,0.0,0.0,2.16354,-6.49875,-1.83071,0.00032,-0.85237
5000.22,BTC-27SEP19,1554548341051,open,0.02,638.4,0.00337955,0.02747799,0.01797741,72.61,0.024,0.0,BTC-27SEP19-11000-C,4993.31,68.92,0.014,15.0,0.022,33.0,75.93,5.74101,-1.19869,1.7864,7e-05,0.09297
5000.22,BTC-27SEP19,1554548341048,open,0.11,20.1,0.06085533,0.29168206,0.1073964,65.15,0.156,0.0,BTC-27DEC19-7000-C,4993.31,61.58,0.096,6.0,0.1185,6.0,68.57,16.0995,-1.97992,9.57203,0.00014,0.37119
5000.22,BTC-27SEP19,1554548341052,open,0.07,1247.6,0.0436058,0.10632855,0.06733889,64.46,0.074,0.0,BTC-27SEP19-7000-C,4993.31,63.69,0.0655,8.7,0.0735,24.4,67.01,11.94015,-2.21323,5.46468,0.00016,0.29676
4993.31,index_price,1554548341048,open,0.18,62.8,0.17391583,0.17980358,0.17517087,82.53,0.165,0,BTC-12APR19-4125-C,4993.31,0.0,0.0015,1.0,0.25,0.3,321.2,0.43438,-3.05068,0.63867,0.00013,0.96972
4993.31,index_price,1554548341048,open,0.28,0.0,0.27670922,0.2799114,0.27804932,98.39,None,0,BTC-12APR19-6375-P,4993.31,0.0,0.0,0.0,0.0,0.0,0.0,0.42006,-3.51693,-1.00394,0.00011,-0.97092
5000.22,BTC-27SEP19,1554548341048,open,0.21,33.5,0.16862248,0.39070484,0.21412352,63.79,0.2195,0.0,BTC-27DEC19-5000-P,4993.31,60.86,0.2045,3.0,0.2185,5.0,65.13,16.37698,-1.97203,-22.02619,0.00014,-0.39289
4993.31,index_price,1554548341048,open,0.0,70.8,3.37e-06,0.00364769,0.00123501,93.08,0.0015,0,BTC-12APR19-4000-P,4993.31,89.86,0.001,24.9,0.0015,1.5,96.3,0.38711,-3.0663,-0.02218,0.0001,-0.02636
5000.23,BTC-27SEP19,1554548341053,open,0.02,632.9,0.01115055,0.04004934,0.02404492,67.11,0.025,0.0,BTC-27SEP19-3000-P,4993.31,63.4,0.02,6.0,0.028,18.0,70.51,5.65069,-1.09041,-2.74043,7e-05,-0.091
4993.31,index_price,1554548341048,open,0.01,0.0,0.00172296,0.03047712,0.01028356,77.11,None,0,BTC-19APR19-5875-C,4993.31,70.25,0.0075,30.0,0.0125,0.2,82.05,2.15496,-6.45246,0.2404,0.00032,0.14676
4994.67,BTC-28JUN19,1554548341053,open,0.0,703.5,2.14e-06,0.00036968,0.0015015,89.44,0.002,0.0,BTC-28JUN19-2000-P,4993.31,77.61,0.0005,28.0,0.0025,1.0,96.6,0.58554,-0.31597,-0.12052,1e-05,-0.00913
4993.31,index_price,1554548341048,open,0.01,83.4,0.00054671,0.0075729,0.00648362,77.1,0.009,0,BTC-26APR19-6500-C,4993.31,72.73,0.005,30.0,0.008,30.0,81.08,1.80441,-3.4998,0.212,0.00017,0.08445
5000.23,BTC-27SEP19,1554548341048,open,0.07,51.3,0.02155275,0.22486387,0.05909795,67.15,0.107,0.0,BTC-27DEC19-9000-C,4993.31,61.44,0.045,11.0,0.073,10.0,72.35,12.90909,-1.63631,6.17261,0.00011,0.22921
4993.31,index_price,1554548341049,open,0.03,0.0,0.01203044,0.05618734,0.02739032,74.32,None,0,BTC-19APR19-5375-C,4993.31,68.48,0.0235,24.0,0.0315,24.0,80.35,3.369,-9.72262,0.52158,0.00052,0.3235
4994.67,BTC-28JUN19,1554548341055,open,0.7,31.8,0.69967986,0.69969895,0.70035198,104.17,0.6765,0.0,BTC-28JUN19-1500-C,4993.31,0.0,0.0005,1.0,0.0,0.0,0.0,0.26767,-0.16822,3.35542,0.0,0.99623
4993.31,index_price,1554548341049,open,0.01,0.0,0.00066032,0.02021256,0.00576429,77.18,None,0,BTC-19APR19-4125-P,4993.31,70.47,0.004,30.0,0.0075,0.5,82.91,1.42333,-4.26596,-0.15498,0.00021,-0.08222
4993.31,index_price,1554548341051,open,0.3,32.6,0.29909386,0.30076882,0.30099404,81.71,0.3105,0,BTC-26APR19-3500-C,4993.31,0.0,0.0,0.0,0.0,0.0,0.0,0.68239,-1.40267,1.83249,6e-05,0.97494
5000.23,BTC-27SEP19,1554548341051,open,0.31,35.0,0.27176259,0.45928003,0.30817335,63.74,0.3285,0.0,BTC-27DEC19-4000-C,4993.31,51.25,0.275,3.0,0.3225,3.0,69.04,13.46217,-1.61975,16.12466,0.00012,0.75255
5000.23,BTC-27SEP19,1554548341056,open,0.64,2.5,0.62295985,0.6748409,0.64691872,67.27,1.278,0.0,BTC-27SEP19-8000-P,4993.31,0.0,0.0035,13.1,0.0,0.0,0.0,10.15663,-1.96475,-34.04387,0.00013,-0.78231
4993.31,index_price,1554548341049,open,0.12,0.2,0.10481492,0.14040508,0.11647632,74.66,0.1135,0,BTC-19APR19-4500-C,4993.31,69.01,0.1135,6.0,0.1215,6.0,83.71,2.69077,-7.8009,1.18917,0.00041,0.79159
5000.23,BTC-27SEP19,1554548341048,open,0.68,0.0,0.63610993,0.85513566,0.67602275,65.23,None,0.0,BTC-27DEC19-8000-P,4993.31,0.0,0.0,0.0,0.0,0.0,0.0,14.46194,-1.78065,-50.47359,0.00012,-0.71497
5000.23,BTC-27SEP19,1554548341048,open,0.18,15.0,0.13144182,0.36191658,0.17810189,63.75,0.1865,0.0,BTC-27DEC19-5500-C,4993.31,53.11,0.142,3.0,0.1845,3.0,65.64,16.91487,-2.03552,13.06963,0.00015,0.53829
4993.31,index_price,1554548341048,open,0.0,376.6,4e-08,0.00118399,0.00072481,106.67,0.0005,0,BTC-12APR19-3750-P,4993.31,0.0,0.0,0.0,0.4,0.1,500.0,0.23303,-2.11523,-0.01224,5e-05,-0.0145
4993.31,index_price,1554548341050,open,0.25,0.0,0.2516783,0.25604566,0.25350662,96.86,None,0,BTC-12APR19-6250-P,4993.31,0.0,0.0,0.0,0.0,0.0,0.0,0.53212,-4.38582,-0.97643,0.00014,-0.96124
4993.31,index_price,1554548341051,open,0.04,955.0,0.02634476,0.05330087,0.04391308,69.71,0.0435,0,BTC-26APR19-5250-C,4993.31,66.49,0.041,18.0,0.045,10.0,70.91,4.53045,-7.94492,0.99617,0.00048,0.41028
5000.23,BTC-27SEP19,1554548341048,open,1.44,0.0,1.40462876,1.55908881,1.44221523,77.46,None,0.0,BTC-27DEC19-12000-P,4993.31,0.0,0.0,0.0,0.0,0.0,0.0,10.33988,-1.51185,-82.83312,7e-05,-0.84057
4993.31,index_price,1554548341050,open,0.09,232.4,0.07713022,0.10042571,0.08507735,76.18,0.0965,0,BTC-12APR19-4625-C,4993.31,71.65,0.0835,6.0,0.0885,6.0,85.48,1.77443,-11.5025,0.57455,0.00058,0.79986
4993.31,index_price,1554548341052,open,0.35,23.7,0.34913178,0.34967802,0.35057811,91.86,0.1875,0,BTC-26APR19-3250-C,4993.31,0.0,0.0,0.0,0.0,0.0,0.0,0.50132,-1.15854,1.71848,4e-05,0.98259
4993.31,index_price,1554548341049,open,0.03,2.6,0.01722055,0.06176693,0.0336966,74.82,0.0305,0,BTC-19APR19-4750-P,4993.31,68.65,0.0295,24.0,0.0375,24.0,80.35,3.41725,-9.92846,-0.64969,0.00052,-0.33514
4993.31,index_price,1554548341060,open,0.0,20.3,9.8e-07,0.00320317,0.00122602,96.98,0.001,0,BTC-12APR19-6375-C,4993.31,93.96,0.001,0.5,0.0015,12.0,100.21,0.39724,-3.2783,0.02087,0.0001,0.02719
4993.31,index_price,1554548341098,open,0.01,0.0,0.00293409,0.03570194,0.01229254,74.5,None,0,BTC-19APR19-5750-C,4993.31,70.68,0.0105,24.0,0.0125,2.0,74.93,2.40884,-6.969,0.28486,0.00037,0.17401
4993.31,index_price,1554548341195,open,0.28,6.0,0.27402865,0.27464388,0.2743499,105.68,0.11,0,BTC-12APR19-3625-C,4993.31,0.0,0.0005,20.0,0.0,0.0,0.0,0.12401,-1.11526,0.57763,3e-05,0.99296
4993.31,index_price,1554548341239,open,0.01,128.8,0.00078813,0.01805459,0.00581299,77.88,0.005,0,BTC-12APR19-5625-C,4993.31,74.65,0.005,30.0,0.0065,0.5,80.47,1.29553,-8.58614,0.09486,0.00041,0.12382
4993.31,index_price,1554548341475,open,0.01,498.9,0.00336953,0.02666502,0.01140014,76.41,0.012,0,BTC-12APR19-4625-P,4993.31,70.95,0.0095,24.0,0.013,24.5,80.83,1.77784,-11.56012,-0.17056,0.00058,-0.20079
5000.23,BTC-27SEP19,1554548341765,open,0.28,17.1,0.23139122,0.46186598,0.2782031,63.79,0.2345,0.0,BTC-27DEC19-5500-P,4993.31,56.8,0.2545,3.0,0.286,5.0,66.1,16.91436,-2.03689,-26.84413,0.00015,-0.46159
162.9,index_price,1554548341792,open,0.11,111.0,0.105303,0.13125,0.118579,100.13,0.114,0.2,ETH-12APR19-180-P,162.9,76.57,0.11,20.0,0.12,20.0,103.68,0.06468,-0.47299,-0.02296,0.01512,-0.75705
4993.31,index_price,1554548341822,open,0.02,78.0,0.00688307,0.02594731,0.01984196,71.56,0.02,0,BTC-26APR19-5750-C,4993.31,68.88,0.018,24.0,0.0215,24.0,73.91,3.47849,-6.26177,0.55288,0.00036,0.22318
162.9,index_price,1554548341848,open,0.08,0.0,0.066134,0.118096,0.087252,88.71,None,0.2,ETH-19APR19-170-P,162.9,73.5,0.076,60.0,0.093,1.0,96.43,0.12103,-0.35985,-0.03673,0.01457,-0.55188
168.2,ETH-27SEP19,1554548341854,open,0.06,548.0,0.027733,0.181388,0.062388,77.92,0.082,0.0,ETH-27SEP19-280-C,162.9,74.48,0.055,48.0,0.076,48.0,83.96,0.36785,-0.08242,0.14924,0.0035,0.24865
168.2,ETH-27SEP19,1554548341854,open,0.12,628.0,0.080719,0.228444,0.122286,78.36,0.118,0.0,ETH-27SEP19-140-P,162.9,72.97,0.11,48.0,0.133,48.0,83.04,0.38457,-0.08665,-0.31514,0.00364,-0.27102
168.2,ETH-27SEP19,1554548341857,open,0.04,357.0,0.010609,0.135725,0.0399,81.86,0.05,0.0,ETH-27SEP19-340-C,162.9,77.08,0.032,48.0,0.048,48.0,86.36,0.29123,-0.06855,0.10241,0.00264,0.16772
5000.23,BTC-27SEP19,1554548341857,open,0.71,0.0,0.70017293,0.73014009,0.70502989,78.53,None,0.0,BTC-27DEC19-1500-C,4993.31,0.0,0.0,0.0,0.0,0.0,0.0,1.74261,-0.25834,10.10774,1e-05,0.98359
4993.31,index_price,1554548341874,open,0.02,239.5,0.0076014,0.03566365,0.01825473,76.42,0.017,0,BTC-12APR19-4750-P,4993.31,69.96,0.0155,24.0,0.02,24.0,80.44,2.15619,-14.02204,-0.24495,0.0007,-0.28649
167.14,ETH-28JUN19,1554548341887,open,0.12,1806.0,0.08349,0.18774,0.115634,76.95,0.12,0.0,ETH-28JUN19-180-C,162.9,73.99,0.11,36.0,0.123,36.0,80.83,0.31767,-0.14748,0.14302,0.00651,0.4925
167.14,ETH-28JUN19,1554548341997,open,0.01,980.0,7e-06,0.007821,0.00585,109.98,0.004,0.0,ETH-28JUN19-500-C,162.9,104.15,0.004,60.0,0.01,60.0,119.7,0.05967,-0.03959,0.01057,0.00086,0.03371
162.9,index_price,1554548342005,open,0.03,90.0,0.013606,0.06051,0.031185,88.23,0.031,0.2,ETH-19APR19-180-C,162.9,77.25,0.024,80.0,0.031,2.0,87.96,0.10894,-0.39875,0.01641,0.01319,0.31671
167.14,ETH-28JUN19,1554548342043,open,0.19,2496.0,0.160432,0.264681,0.192769,77.05,0.17,0.0,ETH-28JUN19-180-P,162.9,72.44,0.184,36.0,0.199,36.0,80.33,0.31768,-0.14768,-0.26568,0.0065,-0.5073
5000.17,BTC-27SEP19,1554548342048,open,0.1,7.6,0.07434927,0.13459685,0.09643092,63.63,0.0885,0.0,BTC-27SEP19-4250-P,4993.32,61.06,0.0905,6.0,0.1035,14.4,66.68,11.57039,-2.11698,-8.91124,0.00015,-0.27769
5000.17,BTC-27SEP19,1554548342048,open,0.25,0.0,0.22437817,0.28462575,0.24641392,63.61,None,0.0,BTC-27SEP19-4250-C,4993.32,0.0,0.0,0.0,0.0,0.0,0.0,11.57007,-2.11626,11.33603,0.00015,0.72233
5000.17,BTC-27SEP19,1554548342048,open,0.15,5.0,0.12046637,0.18794729,0.14517738,63.48,0.1625,0.0,BTC-27SEP19-4750-P,4993.32,60.14,0.1365,3.0,0.15,5.0,65.33,13.01134,-2.37497,-12.23206,0.00017,-0.36836
5000.18,BTC-27SEP19,1554548342049,open,1.02,2.0,1.00630785,1.03799206,1.02510421,71.77,1.8325,0.0,BTC-27SEP19-10000-P,4993.32,0.0,0.0015,20.0,0.0,0.0,0.0,7.0941,-1.46406,-45.26551,8e-05,-0.87526
5000.18,BTC-27SEP19,1554548342049,open,0.43,246.8,0.41117285,0.44007249,0.42398972,67.04,0.3115,0.0,BTC-27SEP19-3000-C,4993.32,0.0,0.135,0.1,0.0,0.0,0.0,5.64403,-1.088,11.55599,7e-05,0.90914
5000.18,BTC-27SEP19,1554548342050,open,0.0,603.7,0.00052904,0.00684629,0.00422369,72.96,0.002,0.0,BTC-27SEP19-2000-P,4993.32,61.81,0.0015,10.0,0.0065,18.0,79.17,1.61131,-0.33808,-0.55703,2e-05,-0.01916
4993.32,index_price,1554548342048,open,0.13,16.4,0.12423088,0.13737339,0.127925,78.98,0.0005,0,BTC-12APR19-4375-C,4993.32,0.0,0.001,1.0,0.187,0.1,242.66,0.98977,-6.65225,0.6323,0.00031,0.91455
4994.64,BTC-28JUN19,1554548342050,open,1.6,0.8,1.60279274,1.60344088,1.60656484,92.74,2.171,0.0,BTC-28JUN19-13000-P,4993.32,0.0,0.07,1.0,0.0,0.0,0.0,1.4355,-0.80314,-29.26579,3e-05,-0.97404
4994.64,BTC-28JUN19,1554548342050,open,0.0,731.6,0.0,8.44e-06,0.0008238,105.14,0.001,0.0,BTC-28JUN19-20000-C,4993.32,0.0,0.0,0.0,0.0025,0.1,118.49,0.39815,-0.25257,0.05747,1e-05,0.00589
4993.32,index_price,1554548342048,open,0.12,0.0,0.10923174,0.14995525,0.12274639,74.48,None,0,BTC-19APR19-5500-P,4993.32,65.72,0.1175,6.0,0.1275,6.0,82.01,3.08547,-8.92441,-1.50677,0.00047,-0.73267
4994.64,BTC-28JUN19,1554548342050,open,3.0,0.4,3.0042926,3.00430104,3.00570174,111.1,5.076,0.0,BTC-28JUN19-20000-P,4993.32,0.0,0.0,0.0,0.0,0.0,0.0,0.59167,-0.39657,-45.32259,1e-05,-0.99077
4994.64,BTC-28JUN19,1554548342050,open,0.01,1095.2,0.00106402,0.00947232,0.00851248,73.12,0.009,0.0,BTC-28JUN19-3000-P,4993.32,72.08,0.008,10.0,0.009,73.5,74.09,2.48554,-1.0965,-0.67255,6e-05,-0.05079
4994.64,BTC-28JUN19,1554548342050,open,0.62,24.8,0.60442274,0.62130907,0.61908807,72.7,1.058,0.0,BTC-28JUN19-8000-P,4993.32,0.0,0.0,0.0,0.0,0.0,0.0,4.69621,-2.05989,-17.02676,0.00011,-0.8823
4994.64,BTC-28JUN19,1554548342050,open,0.0,869.0,8.926e-05,0.00250915,0.00402395,81.42,0.0045,0.0,BTC-28JUN19-2500-P,4993.32,77.29,0.003,10.0,0.005,18.0,84.83,1.34317,-0.65983,-0.31758,3e-05,-0.02398
5000.18,BTC-27SEP19,1554548342050,open,0.22,297.4,0.19596193,0.26030389,0.21927755,63.43,0.218,0.0,BTC-27SEP19-4500-C,4993.32,59.88,0.2105,3.0,0.225,3.0,65.74,12.38773,-2.25942,10.9054,0.00016,0.67711
5000.18,BTC-27SEP19,1554548342050,open,0.11,701.4,0.08141945,0.15183325,0.10660086,63.44,0.11,0.0,BTC-27SEP19-6000-C,4993.32,60.98,0.1,0.2,0.1095,8.1,64.51,13.50221,-2.46301,7.50661,0.00018,0.42175
4994.64,BTC-28JUN19,1554548342050,open,0.12,855.2,0.09433986,0.14135844,0.12188748,64.62,0.12,0.0,BTC-28JUN19-5000-C,4993.32,63.88,0.1205,0.9,0.126,10.8,66.81,9.38782,-3.65994,4.96628,0.00026,0.55981
5000.18,BTC-27SEP19,1554548342051,open,0.05,1098.2,0.02303226,0.07491242,0.04677151,67.16,0.0585,0.0,BTC-27SEP19-8000-C,4993.32,65.78,0.044,9.7,0.0495,14.4,68.5,10.14051,-1.95848,4.05693,0.00013,0.21709
4994.64,BTC-28JUN19,1554548342050,open,0.0,1461.2,1e-08,1.91e-05,0.00071782,105.0,0.0005,0.0,BTC-28JUN19-1500-P,4993.32,100.62,0.0005,173.2,0.0015,11.2,115.62,0.28025,-0.17754,-0.0532,0.0,-0.00397
4994.64,BTC-28JUN19,1554548342050,open,0.6,20.1,0.59957288,0.59994044,0.60101371,88.94,0.578,0.0,BTC-28JUN19-2000-C,4993.32,0.0,0.0005,1.0,0.0,0.0,0.0,0.57049,-0.30611,4.42431,1e-05,0.99114
4994.65,BTC-28JUN19,1554548342051,open,0.43,19.5,0.41141639,0.44024811,0.43174272,68.76,0.7515,0.0,BTC-28JUN19-7000-P,4993.32,0.0,0.0,0.0,0.0,0.0,0.0,6.5239,-2.70649,-14.04644,0.00017,-0.80685
4994.65,BTC-28JUN19,1554548342051,open,0.26,35.5,0.23424785,0.27656406,0.25996102,65.61,0.451,0.0,BTC-28JUN19-6000-P,4993.32,0.0,0.0,0.0,0.0,0.0,0.0,8.65508,-3.42578,-10.50694,0.00023,-0.66652
4994.65,BTC-28JUN19,1554548342051,open,0.32,164.9,0.30516479,0.32415862,0.31914375,69.55,0.328,0.0,BTC-28JUN19-3500-C,4993.32,51.56,0.306,5.0,0.3315,5.0,82.37,4.40823,-1.84961,6.49979,0.00011,0.89228
5000.18,BTC-27SEP19,1554548342051,open,0.01,695.2,0.00180458,0.02000357,0.01423182,74.61,0.0105,0.0,BTC-27SEP19-12000-C,4993.32,70.45,0.0105,33.0,0.018,25.0,78.24,4.86442,-1.04368,1.4375,5e-05,0.07458
4993.32,index_price,1554548342048,open,0.35,0.0,0.34913044,0.3491852,0.3491254,0.0,None,0,BTC-12APR19-3250-C,4993.32,0.0,0.001,20.0,0.0,0.0,0.0,0.0,0.0,0.52318,0.0,1.0
5000.18,BTC-27SEP19,1554548342051,open,0.05,283.0,0.02786915,0.0707517,0.04669703,66.13,0.047,0.0,BTC-27SEP19-3500-P,4993.32,64.18,0.0435,6.7,0.05,14.4,68.11,8.26919,-1.57247,-4.83541,0.0001,-0.15631
5000.18,BTC-27SEP19,1554548342051,open,1.21,3.1,1.20330017,1.22739801,1.21817983,72.85,1.9215,0.0,BTC-27SEP19-11000-P,4993.32,0.0,0.0015,30.0,0.0,0.0,0.0,5.78748,-1.21247,-50.59689,7e-05,-0.906
4994.65,BTC-28JUN19,1554548342051,open,0.0,347.3,1.038e-05,0.00126735,0.00436456,88.37,0.0065,0.0,BTC-28JUN19-12000-C,4993.32,81.68,0.0025,18.0,0.0065,18.0,94.04,1.64942,-0.87941,0.29835,3e-05,0.03067
5000.18,BTC-27SEP19,1554548342051,open,0.28,239.2,0.2558419,0.31107309,0.27768439,64.52,0.276,0.0,BTC-27SEP19-4000-C,4993.32,62.78,0.274,5.0,0.47,1.5,153.21,10.59503,-1.96582,11.61739,0.00014,0.76541
4994.65,BTC-28JUN19,1554548342051,open,0.03,1354.1,0.00991678,0.0387485,0.03003544,68.6,0.029,0.0,BTC-28JUN19-7000-C,4993.32,67.02,0.028,12.0,0.032,16.4,70.1,6.50824,-2.69375,1.84128,0.00017,0.1924
4994.65,BTC-28JUN19,1554548342051,open,1.8,1.3,1.80299984,1.80333694,1.8061899,96.18,2.415,0.0,BTC-28JUN19-14000-P,4993.32,0.0,0.0,0.0,0.0,0.0,0.0,1.23491,-0.71658,-31.57799,2e-05,-0.9783
4994.65,BTC-28JUN19,1554548342051,open,0.0,311.4,6.4e-07,0.00033773,0.00277534,94.42,0.005,0.0,BTC-28JUN19-14000-C,4993.32,87.51,0.0015,18.0,0.005,18.0,102.44,1.12393,-0.64025,0.18877,2e-05,0.01942
4993.32,index_price,1554548342051,open,0.0,1358.9,0.00023302,0.00437324,0.00472198,81.38,0.005,0,BTC-26APR19-3750-P,4993.32,78.46,0.004,10.0,0.0055,30.0,84.28,1.28668,-2.63412,-0.161,0.00012,-0.05449
4993.32,index_price,1554548342048,open,0.0,0.0,0.00025607,0.01524042,0.00376539,78.24,None,0,BTC-19APR19-4000-P,4993.32,68.62,0.002,30.0,0.0055,0.4,85.58,1.06901,-3.24797,-0.10655,0.00016,-0.05673
5000.18,BTC-27SEP19,1554548342051,open,0.51,57.5,0.50320634,0.51904482,0.51125781,69.82,0.389,0.0,BTC-27SEP19-2500-C,4993.32,0.0,0.0005,1.0,0.0,0.0,0.0,3.36092,-0.67481,10.53299,4e-05,0.95346
4994.65,BTC-28JUN19,1554548342051,open,0.04,331.3,0.0200942,0.05164236,0.04022917,66.54,0.0385,0.0,BTC-28JUN19-4000-P,4993.32,64.45,0.0375,14.4,0.0425,14.4,68.26,6.56573,-2.63583,-2.66984,0.00017,-0.19519
4994.65,BTC-28JUN19,1554548342052,open,0.0,132.3,2.55e-06,0.0006507,0.00339418,91.36,0.004,0.0,BTC-28JUN19-13000-C,4993.32,85.21,0.002,18.0,0.0055,18.0,98.02,1.33833,-0.73771,0.23229,3e-05,0.02388
4994.65,BTC-28JUN19,1554548342052,open,0.02,689.9,0.0059146,0.02490842,0.01999739,69.66,0.02,0.0,BTC-28JUN19-3500-P,4993.32,67.95,0.0185,0.2,0.0215,18.0,71.34,4.41659,-1.85625,-1.45159,0.00011,-0.108
4994.65,BTC-28JUN19,1554548342052,open,0.0,365.6,1.6e-07,0.00017731,0.00199736,95.5,0.002,0.0,BTC-28JUN19-15000-C,4993.32,92.33,0.0015,18.0,0.0025,1.0,98.18,0.86479,-0.49825,0.13948,2e-05,0.0143
5000.18,BTC-27SEP19,1554548342052,open,0.0,2088.3,3.325e-05,0.00151464,0.00145439,79.55,0.001,0.0,BTC-27SEP19-1500-P,4993.32,69.53,0.0005,100.0,0.0025,3.0,86.16,0.65579,-0.15001,-0.19669,1e-05,-0.0068
5000.18,BTC-27SEP19,1554548342048,open,0.05,12.4,0.00778626,0.17770821,0.04532292,73.85,0.0475,0.0,BTC-27DEC19-11000-C,4993.32,60.22,0.02,1.0,0.08,0.1,87.94,10.93741,-1.52468,4.6667,8e-05,0.17393
5000.18,BTC-27SEP19,1554548342048,open,0.01,34.4,0.0014833,0.06036538,0.01412611,76.19,0.011,0.0,BTC-27DEC19-2000-P,4993.32,66.93,0.008,23.0,0.0225,4.0,86.16,3.76345,-0.54126,-2.00938,3e-05,-0.04125
5000.18,BTC-27SEP19,1554548342052,open,0.47,10.2,0.44355386,0.50627605,0.4674677,64.54,0.8,0.0,BTC-27SEP19-7000-P,4993.32,0.0,0.002,7.0,0.0,0.0,0.0,11.94727,-2.21715,-27.87632,0.00016,-0.70285
4994.65,BTC-28JUN19,1554548342052,open,1.4,10.0,1.40258113,1.4038381,1.40729132,89.42,1.243,0.0,BTC-28JUN19-12000-P,4993.32,0.0,0.0,0.0,0.0,0.0,0.0,1.73416,-0.93559,-26.93075,3e-05,-0.96741
4993.32,index_price,1554548342048,open,0.05,65.0,0.04095082,0.07304343,0.05330921,75.5,0.0525,0,BTC-12APR19-5125-P,4993.32,68.77,0.05,18.0,0.0555,18.0,79.93,2.46492,-15.83654,-0.51594,0.00081,-0.58856
4993.32,index_price,1554548342050,open,0.09,134.8,0.07775009,0.1047063,0.09541462,69.82,0.0905,0,BTC-26APR19-5250-P,4993.32,66.04,0.092,18.0,0.0985,18.0,73.21,4.53108,-7.9581,-1.86228,0.00048,-0.58948
4993.32,index_price,1554548342048,open,0.35,0.0,0.35201495,0.3566625,0.35670558,80.15,None,0,BTC-26APR19-6750-P,4993.32,0.0,0.0,0.0,0.0,0.0,0.0,1.46815,-2.96009,-3.51365,0.00013,-0.93552
4993.32,index_price,1554548342048,open,0.21,0.0,0.20258791,0.22753744,0.2094669,77.5,None,0,BTC-19APR19-6000-P,4993.32,0.0,0.0005,50.0,0.0,0.0,0.0,1.84534,-5.55367,-1.92391,0.00027,-0.88277
4993.32,index_price,1554548342049,open,0.45,10.2,0.44926422,0.44929024,0.44989035,109.56,0.006,0,BTC-26APR19-2750-C,4993.32,0.0,0.0,0.0,0.0,0.0,0.0,0.22504,-0.62027,1.47694,2e-05,0.99307
4994.65,BTC-28JUN19,1554548342053,open,0.01,608.6,0.00069564,0.0098371,0.01047776,75.97,0.0085,0.0,BTC-28JUN19-9000-C,4993.32,72.85,0.0085,28.0,0.0125,28.0,78.86,3.33977,-1.53083,0.72208,8e-05,0.07415
4993.32,index_price,1554548342049,open,0.0,133.6,3.83e-05,0.00793022,0.00203452,84.15,0.0015,0,BTC-12APR19-6000-C,4993.32,74.23,0.001,30.0,0.003,4.0,90.98,0.62999,-4.511,0.03676,0.00019,0.04777
4993.32,index_price,1554548342052,open,0.06,167.0,0.04722401,0.07508827,0.06562326,69.8,0.0625,0,BTC-26APR19-5000-P,4993.32,66.44,0.0625,18.0,0.0685,18.0,72.9,4.63607,-8.14059,-1.4586,0.00049,-0.47081
4993.32,index_price,1554548342050,open,0.0,2095.0,3.171e-05,0.00170662,0.00199507,82.17,0.0025,0,BTC-26APR19-3500-P,4993.32,73.49,0.001,56.0,0.003,1.0,88.53,0.69565,-1.43795,-0.07515,6e-05,-0.02564
4993.32,index_price,1554548342052,open,0.13,1130.0,0.1100816,0.13074878,0.12421714,71.17,0.124,0,BTC-26APR19-4500-C,4993.32,67.37,0.1215,6.0,0.127,0.1,74.97,3.61434,-6.4707,1.73137,0.00037,0.76097
4993.32,index_price,1554548342051,open,0.04,286.2,0.02511506,0.05076554,0.04240219,70.37,0.042,0,BTC-26APR19-4750-P,4993.32,67.0,0.0395,24.0,0.045,24.0,73.37,4.31425,-7.63725,-1.06595,0.00045,-0.34963
4993.32,index_price,1554548342052,open,0.0,1796.1,0.0,2.602e-05,0.00067687,110.66,0.0005,0,BTC-26APR19-2750-P,4993.32,0.0,0.0,0.0,0.1505,10.0,492.45,0.2374,-0.66089,-0.02186,2e-05,-0.00736
4993.32,index_price,1554548342052,open,0.0,2969.1,2.64e-06,0.00054887,0.00150764,92.44,0.001,0,BTC-26APR19-3250-P,4993.32,86.86,0.001,13.0,0.002,30.0,96.81,0.51396,-1.19522,-0.05284,4e-05,-0.01792
4993.32,index_price,1554548342049,open,0.0,295.4,0.0,1e-08,1.41e-05,115.01,0.0005,0,BTC-26APR19-2000-P,4993.32,0.0,0.0,0.0,0.0005,61.4,158.44,0.00873,-0.02526,-0.00058,0.0,-0.0002
5000.18,BTC-27SEP19,1554548342053,open,0.08,94.8,0.0558131,0.1110443,0.077758,64.57,0.086,0.0,BTC-27SEP19-4000-P,4993.32,62.08,0.0725,6.0,0.083,14.4,67.04,10.59663,-1.96759,-7.44144,0.00014,-0.23465
4993.32,index_price,1554548342048,open,0.02,0.2,0.00484718,0.04167975,0.0162684,74.5,0.0175,0,BTC-19APR19-5625-C,4993.32,70.3,0.014,24.0,0.0185,1.0,78.47,2.75714,-7.9763,0.35409,0.00042,0.21729
4993.32,index_price,1554548342051,open,0.0,259.9,0.0,2.6e-07,7.587e-05,115.01,0.0005,0,BTC-26APR19-2250-P,4993.32,0.0,0.0,0.0,0.2,1.1,500.0,0.03755,-0.10865,-0.0028,0.0,-0.00095
4993.32,index_price,1554548342051,open,0.26,224.9,0.24922968,0.2533699,0.25364945,81.11,0.2725,0,BTC-26APR19-3750-C,4993.32,0.0,0.0,0.0,0.0,0.0,0.0,1.27702,-2.60568,1.88262,0.00012,0.94603
4993.32,index_price,1554548342048,open,0.33,0.0,0.32677263,0.32845197,0.32762855,103.74,None,0,BTC-12APR19-6625-P,4993.32,0.0,0.0,0.0,0.0,0.0,0.0,0.28908,-2.55187,-1.05217,7e-05,-0.98135
4993.32,index_price,1554548342048,open,0.0,38.2,2.6e-07,0.00232842,0.00097979,99.81,0.0015,0,BTC-12APR19-6500-C,4993.32,0.0,0.0,0.0,0.002,42.0,111.95,0.32927,-2.79674,0.01669,8e-05,0.02175
4993.32,index_price,1554548342051,open,0.6,0.0,0.59946489,0.5994649,0.59944208,0.0,None,0,BTC-26APR19-2000-C,4993.32,0.0,0.0,0.0,0.0,0.0,0.0,0.0,0.0,1.08908,0.0,1.0
4993.32,index_price,1554548342048,open,0.23,0.0,0.22718351,0.24863431,0.23297579,79.03,None,0,BTC-19APR19-6125-P,4993.32,0.0,0.0,0.0,0.0,0.0,0.0,1.6028,-4.91864,-2.00193,0.00023,-0.90356
4993.32,index_price,1554548342051,open,0.5,0.0,0.49933111,0.49933444,0.49955806,111.78,None,0,BTC-26APR19-2500-C,4993.32,0.0,0.0,0.0,0.0,0.0,0.0,0.09683,-0.27229,1.3534,1e-05,0.9973
4993.32,index_price,1554548342050,open,0.13,34.0,0.11545631,0.1390809,0.13099269,70.32,0.1255,0,BTC-26APR19-5500-P,4993.32,66.01,0.1275,18.0,0.1345,18.0,74.56,4.08806,-7.23193,-2.24291,0.00043,-0.69389
4993.32,index_price,1554548342051,open,0.01,0.0,0.00054472,0.02199552,0.00622399,78.67,None,0,BTC-19APR19-6125-C,4993.32,70.93,0.004,30.0,0.0085,40.0,85.31,1.58922,-4.85515,0.15696,0.00023,0.09533
4993.32,index_price,1554548342050,open,0.01,0.3,0.00098257,0.0259321,0.00775085,77.2,0.0115,0,BTC-19APR19-6000-C,4993.32,70.6,0.0055,30.0,0.01,0.1,82.99,1.83396,-5.49801,0.19104,0.00027,0.11621
4993.32,index_price,1554548342051,open,0.16,0.0,0.15038396,0.17508198,0.15760642,76.63,None,0,BTC-19APR19-4250-C,4993.32,0.0,0.0005,20.0,0.0,0.0,0.0,1.83895,-5.47225,1.27834,0.00027,0.88334
4993.32,index_price,1554548342048,open,0.02,0.2,0.01055542,0.05108286,0.02487377,74.81,0.0285,0,BTC-19APR19-4625-P,4993.32,69.31,0.0215,24.0,0.0255,1.0,75.82,3.09566,-8.99354,-0.51779,0.00047,-0.26909
4993.32,index_price,1554548342048,open,0.0,38.3,2.116e-05,0.00590873,0.00135065,83.37,0.0025,0,BTC-12APR19-4125-P,4993.32,0.0,0.0,0.0,0.0025,31.0,93.96,0.44913,-3.18648,-0.02643,0.00013,-0.03152
4993.32,index_price,1554548342050,open,0.0,234.2,0.0,3.33e-06,0.00027308,114.0,0.0005,0,BTC-26APR19-2500-P,4993.32,0.0,0.0,0.0,0.001,5.2,133.4,0.11086,-0.31792,-0.00926,1e-05,-0.00313
5000.18,BTC-27SEP19,1554548342048,open,0.45,0.0,0.41827367,0.54669459,0.44578901,68.21,None,0.0,BTC-27DEC19-3000-C,4993.32,0.0,0.0,0.0,0.0,0.0,0.0,8.57371,-1.10397,15.71715,7e-05,0.87894
4993.32,index_price,1554548342050,open,0.02,61.1,0.00795338,0.03742897,0.018639,75.32,0.0195,0,BTC-12APR19-5250-C,4993.32,71.67,0.017,24.0,0.0205,1.0,79.41,2.25592,-14.45909,0.23964,0.00075,0.31677
4993.32,index_price,1554548342052,open,0.07,470.2,0.04588622,0.07375048,0.06419322,69.7,0.0675,0,BTC-26APR19-5000-C,4993.32,66.26,0.061,18.0,0.0675,18.0,73.26,4.63611,-8.12908,1.26422,0.00049,0.52914
4993.32,index_price,1554548342052,open,0.55,0.0,0.549398,0.54939826,0.54943235,107.68,0.429,0,BTC-26APR19-2250-C,4993.32,0.0,0.0,0.0,0.0,0.0,0.0,0.0202,-0.05472,1.2238,0.0,0.99951
4993.32,index_price,1554548342049,open,0.0,95.3,0.00011314,0.01053547,0.00321546,84.14,0.006,0,BTC-12APR19-5875-C,4993.32,76.18,0.002,30.0,0.0045,30.0,90.98,0.85825,-6.14524,0.05434,0.00025,0.07082
4993.32,index_price,1554548342051,open,0.03,1036.5,0.01398475,0.03760934,0.02941965,70.2,0.031,0,BTC-26APR19-5500-C,4993.32,67.22,0.027,24.0,0.0315,10.0,72.73,4.0856,-7.21484,0.75121,0.00043,0.30569
167.14,ETH-28JUN19,1554548342080,open,0.07,481.0,0.038397,0.135585,0.068628,78.35,0.067,0.0,ETH-28JUN19-210-C,162.9,75.67,0.064,48.0,0.076,48.0,82.56,0.29032,-0.13723,0.10128,0.00584,0.33549
168.2,ETH-27SEP19,1554548342105,open,0.18,126.0,0.136809,0.301804,0.181481,77.21,0.204,0.0,ETH-27SEP19-160-P,162.9,71.61,0.167,48.0,0.191,1.0,80.9,0.43404,-0.09636,-0.43333,0.00417,-0.35934
167.14,ETH-28JUN19,1554548342115,open,1.98,0.0,1.991511,1.999325,1.997891,111.44,None,0.0,ETH-28JUN19-500-P,162.9,0.0,0.001,20.0,0.0,0.0,0.0,0.06311,-0.04243,-1.12401,0.00089,-0.96391
168.2,ETH-27SEP19,1554548342118,open,0.06,175.0,0.020096,0.164258,0.054822,80.07,0.072,0.0,ETH-27SEP19-300-C,162.9,75.63,0.046,48.0,0.064,48.0,84.44,0.34414,-0.07924,0.13271,0.00319,0.22045
162.9,index_price,1554548342162,open,0.12,0.0,0.11081,0.157714,0.128793,88.84,None,0.2,ETH-19APR19-180-P,162.9,70.54,0.117,60.0,0.136,60.0,99.42,0.10916,-0.30424,-0.04658,0.01313,-0.68173
168.2,ETH-27SEP19,1554548342220,open,0.19,396.0,0.13695,0.311436,0.184132,77.22,0.197,0.0,ETH-27SEP19-180-C,162.9,73.14,0.173,9.0,0.2,36.0,83.05,0.45867,-0.10184,0.29746,0.00441,0.55537
4994.64,BTC-28JUN19,1554548342220,open,0.17,243.4,0.14809564,0.18994507,0.17282781,64.9,0.177,0.0,BTC-28JUN19-4500-C,4993.32,62.92,0.1695,0.2,0.1775,10.8,67.66,8.41292,-3.29386,5.84912,0.00023,0.68859
167.14,ETH-28JUN19,1554548342233,open,0.32,0.0,0.294829,0.392016,0.325285,78.48,None,0.0,ETH-28JUN19-210-P,162.9,0.0,0.001,10.0,0.0,0.0,0.0,0.29048,-0.13753,-0.37545,0.00584,-0.66403
162.9,index_price,1554548342320,open,0.02,30.0,0.005481,0.044046,0.018722,88.94,0.02,0.2,ETH-19APR19-190-C,162.9,79.92,0.014,80.0,0.021,2.0,93.04,0.08896,-0.3246,0.01117,0.01068,0.21318
167.14,ETH-28JUN19,1554548342387,open,0.06,585.0,0.029223,0.121719,0.058076,79.02,0.056,0.0,ETH-28JUN19-220-C,162.9,76.52,0.054,48.0,0.065,48.0,83.19,0.2744,-0.13082,0.08956,0.00547,0.29407
167.14,ETH-28JUN19,1554548342399,open,0.42,0.0,0.404858,0.440516,0.414135,80.79,None,0.0,ETH-28JUN19-100-C,162.9,0.0,0.001,10.0,0.455,10.0,130.15,0.09905,-0.04828,0.19828,0.00193,0.9366
167.14,ETH-28JUN19,1554548342419,open,0.53,0.0,0.521668,0.536641,0.525116,85.02,None,0.0,ETH-28JUN19-80-C,162.9,0.0,0.001,10.0,0.0,0.0,0.0,0.0412,-0.02113,0.17201,0.00076,0.97838
168.2,ETH-27SEP19,1554548342453,open,0.15,462.0,0.100217,0.277696,0.147511,77.34,0.166,0.0,ETH-27SEP19-200-C,162.9,72.42,0.134,36.0,0.162,36.0,82.61,0.46237,-0.10283,0.26406,0.00444,0.47707
162.9,index_price,1554548342525,open,0.17,0.0,0.163641,0.202205,0.177308,89.72,None,0.2,ETH-19APR19-190-P,162.9,0.0,0.0,0.0,0.0,0.0,0.0,0.08955,-0.22615,-0.05526,0.01066,-0.78439
5000.18,BTC-27SEP19,1554548342532,open,0.53,0.0,0.50646827,0.59968147,0.52884572,73.35,None,0.0,BTC-27DEC19-2500-C,4993.32,0.0,0.0,0.0,0.0,0.0,0.0,6.18491,-0.85641,14.28222,5e-05,0.92245
167.14,ETH-28JUN19,1554548342540,open,0.37,0.0,0.345485,0.437981,0.374509,79.12,None,0.0,ETH-28JUN19-220-P,162.9,0.0,0.001,10.0,0.0,0.0,0.0,0.27458,-0.13107,-0.40987,0.00547,-0.70551
167.14,ETH-28JUN19,1554548342553,open,0.01,1901.0,0.003159,0.038817,0.012538,80.96,0.01,0.0,ETH-28JUN19-100-P,162.9,74.56,0.009,60.0,0.016,60.0,86.47,0.09942,-0.04856,-0.02894,0.00194,-0.06371
167.14,ETH-28JUN19,1554548342562,open,0.0,1616.0,0.000309,0.015282,0.003841,85.36,0.005,0.0,ETH-28JUN19-80-P,162.9,69.21,0.001,2060.0,0.007,60.0,95.9,0.04174,-0.02149,-0.00979,0.00077,-0.02196
168.2,ETH-27SEP19,1554548342589,open,0.33,1.0,0.289277,0.466757,0.336733,77.4,0.247,0.0,ETH-27SEP19-200-P,162.9,0.0,0.0,0.0,0.372,1.0,90.21,0.46238,-0.10291,-0.68867,0.00443,-0.52275
4993.32,index_price,1554548342649,open,0.18,0.0,0.17455661,0.19410853,0.17958451,76.91,None,0,BTC-19APR19-4125-C,4993.32,0.0,0.0,0.0,0.0,0.0,0.0,1.41475,-4.22557,1.30144,0.00021,0.91844
162.9,index_price,1554548342691,open,0.01,211.0,0.00197,0.031618,0.012733,93.92,0.015,0.2,ETH-19APR19-200-C,162.9,82.13,0.008,100.0,0.018,100.0,105.15,0.07145,-0.27289,0.00791,0.00813,0.15036
4993.32,index_price,1554548342694,open,0.4,0.0,0.40194885,0.40494312,0.40524412,81.37,None,0,BTC-26APR19-7000-P,4993.32,0.0,0.0,0.0,0.0,0.0,0.0,1.12577,-2.30445,-3.69564,0.0001,-0.95392
167.14,ETH-28JUN19,1554548342698,open,0.37,10.0,0.349202,0.39761,0.361982,78.83,0.265,0.0,ETH-28JUN19-110-C,162.9,0.0,0.001,50.0,0.0,0.0,0.0,0.1362,-0.06478,0.2055,0.00272,0.90347
167.14,ETH-28JUN19,1554548342701,open,0.47,0.0,0.462652,0.486907,0.468452,82.26,None,0.0,ETH-28JUN19-90-C,162.9,0.0,0.001,10.0,0.0,0.0,0.0,0.06573,-0.03262,0.18733,0.00126,0.96207
4993.32,index_price,1554548342714,open,0.1,0.0,0.08846899,0.13262617,0.10392762,74.46,None,0,BTC-19APR19-5375-P,4993.32,66.29,0.0985,18.0,0.1085,18.0,81.16,3.37083,-9.74704,-1.37392,0.00051,-0.67607
168.2,ETH-27SEP19,1554548342727,open,0.12,490.0,0.072927,0.248473,0.1189,77.66,0.127,0.0,ETH-27SEP19-220-C,162.9,73.2,0.107,17.0,0.132,48.0,82.53,0.45075,-0.10067,0.2316,0.00431,0.40794
162.9,index_price,1554548342843,open,0.23,0.0,0.221086,0.250734,0.232298,94.94,None,0.2,ETH-19APR19-200-P,162.9,0.0,0.0,0.0,0.0,0.0,0.0,0.07241,-0.17066,-0.062,0.00815,-0.84659
168.2,ETH-27SEP19,1554548342845,open,0.42,0.0,0.380894,0.556439,0.42704,77.73,None,0.0,ETH-27SEP19-220-P,162.9,0.0,0.0,0.0,0.461,1.0,90.26,0.45082,-0.10076,-0.81636,0.0043,-0.59181
167.14,ETH-28JUN19,1554548342851,open,0.02,1213.0,0.007333,0.055741,0.020192,78.93,0.032,0.0,ETH-28JUN19-110-P,162.9,74.89,0.017,60.0,0.024,60.0,83.44,0.13641,-0.06495,-0.04437,0.00272,-0.09673
168.2,ETH-27SEP19,1554548342964,open,0.1,752.0,0.052894,0.223053,0.095411,77.66,0.122,0.0,ETH-27SEP19-240-C,162.9,73.13,0.084,48.0,0.11,48.0,83.32,0.42835,-0.09567,0.20108,0.00409,0.34637
167.14,ETH-28JUN19,1554548342989,open,0.1,634.0,0.064965,0.168404,0.097202,77.43,0.102,0.0,ETH-28JUN19-190-C,162.9,74.11,0.091,36.0,0.104,36.0,81.04,0.31354,-0.14646,0.1283,0.00638,0.43526
162.9,index_price,1554548342998,open,0.01,0.0,0.000638,0.022419,0.0078,95.47,None,0.2,ETH-19APR19-210-C,162.9,81.96,0.004,100.0,0.012,200.0,107.04,0.05329,-0.20569,0.00524,0.00596,0.09897
167.14,ETH-28JUN19,1554548343009,open,0.32,26.0,0.296715,0.35821,0.313578,77.77,0.191,0.0,ETH-28JUN19-120-C,162.9,0.0,0.001,10.0,0.0,0.0,0.0,0.17743,-0.08325,0.2073,0.0036,0.85981
4994.63,BTC-28JUN19,1554548343050,open,0.28,30.0,0.25698379,0.28019117,0.27750494,67.58,0.298,0.0,BTC-28JUN19-3750-C,4993.33,54.0,0.264,5.0,0.29,5.0,78.41,5.465,-2.22809,6.53086,0.00014,0.85339
4994.63,BTC-28JUN19,1554548343050,open,0.15,26.0,0.11004334,0.15514757,0.14544855,64.63,0.15,0.0,BTC-28JUN19-4750-C,4993.33,62.45,0.1415,5.0,0.147,0.2,65.49,9.02928,-3.52098,5.43158,0.00025,0.6244
4994.63,BTC-28JUN19,1554548343050,open,0.03,9.3,0.00779016,0.03099754,0.02837805,67.64,0.026,0.0,BTC-28JUN19-3750-P,4993.33,65.44,0.026,18.0,0.0305,18.0,69.56,5.46877,-2.23165,-1.98624,0.00014,-0.14677
4994.63,BTC-28JUN19,1554548343050,open,0.06,26.6,0.02572873,0.06195435,0.05534737,65.68,0.057,0.0,BTC-28JUN19-4250-P,4993.33,64.12,0.053,1.0,0.0585,14.4,67.75,7.57383,-3.00095,-3.47052,0.0002,-0.25068
5000.12,BTC-27SEP19,1554548343050,open,0.06,10.3,0.04034495,0.08973413,0.05969838,64.63,0.061,0.0,BTC-27SEP19-3750-P,4993.33,61.85,0.0545,6.0,0.0645,14.4,67.15,9.44608,-1.75552,-6.01171,0.00012,-0.19269
5000.12,BTC-27SEP19,1554548343050,open,0.31,0.0,0.29036295,0.33975213,0.30968338,64.61,None,0.0,BTC-27SEP19-3750-C,4993.33,0.0,0.0,0.0,0.338,2.0,79.12,9.44514,-1.75487,11.85376,0.00012,0.80734
5000.12,BTC-27SEP19,1554548343051,open,0.38,0.0,0.36824458,0.40419763,0.38359261,66.16,None,0.0,BTC-27SEP19-3250-C,4993.33,0.0,0.0,0.0,0.0,0.0,0.0,6.93005,-1.31852,11.80841,9e-05,0.87935
4994.63,BTC-28JUN19,1554548343050,open,0.01,58.1,0.00144648,0.01243872,0.01303122,70.89,0.0115,0.0,BTC-28JUN19-3250-P,4993.33,67.76,0.011,28.0,0.015,18.0,73.73,3.3618,-1.43779,-0.99596,8e-05,-0.07479
4993.33,index_price,1554548343050,open,0.01,151.0,0.00315531,0.01753408,0.01290323,72.22,0.013,0,BTC-26APR19-6000-C,4993.33,69.66,0.0115,24.0,0.0135,1.0,73.27,2.8038,-5.09367,0.39266,0.00029,0.15731
4993.33,index_price,1554548343050,open,0.25,6.0,0.2489982,0.25018207,0.24965228,105.1,0.1135,0,BTC-12APR19-3750-C,4993.33,0.0,0.0005,20.0,0.0,0.0,0.0,0.2179,-1.94888,0.59236,5e-05,0.98659
4993.33,index_price,1554548343050,open,0.17,0.0,0.15841969,0.17748437,0.1714865,71.71,None,0,BTC-26APR19-5750-P,4993.33,0.0,0.0,0.0,0.0,0.0,0.0,3.48386,-6.28496,-2.57687,0.00036,-0.77622
4993.33,index_price,1554548343050,open,0.21,0.0,0.20475825,0.21913702,0.21461928,72.42,None,0,BTC-26APR19-6000-P,4993.33,0.0,0.0,0.0,0.0,0.0,0.0,2.81299,-5.12461,-2.87275,0.00029,-0.8419
4993.33,index_price,1554548343051,open,0.18,0.0,0.1766827,0.18710529,0.17989576,84.78,None,0,BTC-12APR19-5875-P,4993.33,0.0,0.0,0.0,0.0,0.0,0.0,0.87331,-6.3005,-0.89019,0.00026,-0.92756
4993.33,index_price,1554548343051,open,0.02,0.1,0.00602022,0.04160961,0.01776336,74.81,0.016,0,BTC-19APR19-4500-P,4993.33,70.54,0.0155,24.0,0.0185,1.0,76.17,2.69371,-7.82535,-0.39906,0.00041,-0.20879
4993.33,index_price,1554548343050,open,0.01,139.4,0.0013539,0.01162427,0.00922033,74.99,0.012,0,BTC-26APR19-6250-C,4993.33,71.04,0.0075,30.0,0.011,30.0,78.75,2.27548,-4.29267,0.29031,0.00022,0.11599
4994.63,BTC-28JUN19,1554548343053,open,0.81,6.6,0.80263088,0.81177213,0.81267283,76.36,1.2875,0.0,BTC-28JUN19-9000-P,4993.33,0.0,0.0,0.0,0.0,0.0,0.0,3.38403,-1.55901,-19.70133,8e-05,-0.92456
4994.63,BTC-28JUN19,1554548343053,open,2.0,2.0,2.00322562,2.00340277,2.00565582,97.83,2.658,0.0,BTC-28JUN19-15000-P,4993.33,0.0,0.0,0.0,0.0,0.0,0.0,0.99105,-0.58495,-33.89604,2e-05,-0.98324
5000.13,BTC-27SEP19,1554548343050,open,0.35,0.0,0.30192214,0.53600864,0.35306585,65.19,None,0.0,BTC-27DEC19-6000-P,4993.33,56.45,0.3235,3.0,0.4,0.1,79.01,16.97111,-2.08843,-31.68578,0.00014,-0.52017
5000.13,BTC-27SEP19,1554548343054,open,0.24,12.1,0.21018968,0.28167437,0.23627801,63.48,0.229,0.0,BTC-27SEP19-5500-P,4993.33,59.57,0.2255,3.0,0.2435,10.8,66.1,13.76778,-2.5133,-17.52231,0.00018,-0.49936
5000.13,BTC-27SEP19,1554548343050,open,1.06,0.3,1.01285307,1.19929666,1.05279269,71.37,1.4475,0.0,BTC-27DEC19-10000-P,4993.33,0.0,0.0,0.0,0.0,0.0,0.0,11.98144,-1.61425,-67.17169,9e-05,-0.79842
4994.63,BTC-28JUN19,1554548343054,open,1.21,5.7,1.20240776,1.20485763,1.20841509,85.72,1.142,0.0,BTC-28JUN19-11000-P,4993.33,0.0,0.0,0.0,0.0,0.0,0.0,2.13088,-1.10202,-24.56931,4e-05,-0.95807
5000.13,BTC-27SEP19,1554548343055,open,0.01,654.6,0.00318858,0.01902764,0.01130382,69.92,0.009,0.0,BTC-27SEP19-2500-P,4993.33,64.6,0.008,16.0,0.0145,18.0,74.38,3.37012,-0.67757,-1.38161,4e-05,-0.0467
4993.33,index_price,1554548343050,open,0.05,0.0,0.02620677,0.07457962,0.04395071,74.03,None,0,BTC-19APR19-5125-C,4993.33,68.04,0.0395,18.0,0.0485,18.0,80.14,3.71563,-10.68169,0.72081,0.00057,0.45316
5000.13,BTC-27SEP19,1554548343055,open,0.12,17.8,0.09593368,0.1602763,0.11936036,63.47,0.135,0.0,BTC-27SEP19-4500-P,4993.33,60.1,0.111,17.4,0.1265,14.4,66.35,12.38782,-2.26103,-10.53429,0.00016,-0.3229
4993.33,index_price,1554548343051,open,0.0,0.0,0.00015457,0.01568579,0.00391757,80.93,None,0,BTC-19APR19-6375-C,4993.33,67.7,0.0015,30.0,0.0065,40.0,90.6,1.15883,-3.64198,0.10386,0.00016,0.06288
5000.13,BTC-27SEP19,1554548343051,open,0.0,42.1,0.00015916,0.03012781,0.00505749,78.65,0.005,0.0,BTC-27DEC19-1500-P,4993.33,64.73,0.0015,10.0,0.0095,4.0,89.17,1.75082,-0.25994,-0.78235,1e-05,-0.0165
4993.33,index_price,1554548343051,open,0.15,0.0,0.15184654,0.16539806,0.15554233,79.65,None,0,BTC-12APR19-5750-P,4993.33,0.0,0.0,0.0,0.2075,0.3,214.73,1.02203,-6.92723,-0.85714,0.00032,-0.9108
4993.33,index_price,1554548343053,open,0.16,1632.2,0.1529707,0.16730392,0.16317758,72.73,0.1465,0,BTC-26APR19-4250-C,4993.33,0.0,0.08,1.0,0.1955,3.0,122.13,2.72216,-4.98078,1.86631,0.00028,0.84956
5000.13,BTC-27SEP19,1554548343051,open,0.16,36.1,0.10195334,0.33603983,0.15295544,65.15,0.15,0.0,BTC-27DEC19-6000-C,4993.33,59.41,0.1335,5.0,0.1545,3.0,65.6,16.97077,-2.08706,11.85496,0.00014,0.47967
4993.33,index_price,1554548343052,open,0.23,0.0,0.22664841,0.2325504,0.22847482,89.86,None,0,BTC-12APR19-6125-P,4993.33,0.0,0.0,0.0,0.0,0.0,0.0,0.5614,-4.29297,-0.95419,0.00016,-0.9586
4994.64,BTC-28JUN19,1554548343056,open,0.41,47.2,0.40042013,0.40882842,0.40778079,72.94,0.4195,0.0,BTC-28JUN19-3000-C,4993.33,0.0,0.05,0.2,0.0,0.0,0.0,2.47283,-1.08826,6.14384,6e-05,0.94953
4993.33,index_price,1554548343051,open,0.0,138.8,0.0,0.00013342,0.00013378,115.03,0.0005,0,BTC-12APR19-3375-P,4993.33,0.0,0.0,0.0,0.0,0.0,0.0,0.05654,-0.55343,-0.00245,1e-05,-0.00292
4993.33,index_price,1554548343051,open,0.04,140.0,0.02465869,0.05753092,0.0374568,75.29,0.0345,0,BTC-12APR19-5000-C,4993.33,72.41,0.036,0.2,0.0405,18.0,81.31,2.52601,-16.18424,0.38263,0.00084,0.51348
4993.33,index_price,1554548343051,open,0.01,98.0,0.00127311,0.01933104,0.00665328,76.41,0.007,0,BTC-12APR19-4500-P,4993.33,71.98,0.0055,30.0,0.0075,4.0,79.47,1.34753,-8.76145,-0.11067,0.00044,-0.13103
5000.13,BTC-27SEP19,1554548343050,open,0.11,84.0,0.07173184,0.25925307,0.10824695,63.78,0.086,0.0,BTC-27DEC19-4000-P,4993.33,54.5,0.0835,3.0,0.1145,5.0,66.1,13.46301,-1.62083,-12.90794,0.00012,-0.24749
4993.33,index_price,1554548343055,open,0.01,917.4,0.00114972,0.00957586,0.00725409,74.0,0.009,0,BTC-26APR19-4000-P,4993.33,70.41,0.006,30.0,0.008,1.0,76.01,1.81669,-3.38202,-0.25144,0.00018,-0.08522
4993.33,index_price,1554548343057,open,0.01,84.5,0.00410611,0.01843934,0.01439312,72.88,0.0135,0,BTC-26APR19-4250-P,4993.33,69.33,0.0125,24.0,0.016,24.0,75.77,2.72706,-4.99982,-0.44931,0.00028,-0.15085
4993.33,index_price,1554548343051,open,0.0,19.8,3.56e-06,0.00437119,0.00171907,95.78,0.0025,0,BTC-12APR19-6250-C,4993.33,87.6,0.001,10.0,0.0025,40.0,102.56,0.51242,-4.17633,0.02837,0.00013,0.03701
4993.33,index_price,1554548343052,open,0.09,42.0,0.08043201,0.1061146,0.08984704,77.54,0.0885,0,BTC-12APR19-5375-P,4993.33,67.43,0.086,6.0,0.0915,6.0,81.66,1.97901,-13.0589,-0.6814,0.00064,-0.75786
4993.33,index_price,1554548343055,open,0.14,0.0,0.12699766,0.15716442,0.13598107,74.63,None,0,BTC-19APR19-4375-C,4993.33,0.0,0.0,0.0,0.0,0.0,0.0,2.23938,-6.49011,1.24804,0.00034,0.84451
4993.33,index_price,1554548343054,open,0.03,122.8,0.01492059,0.04639279,0.02746757,76.31,0.0275,0,BTC-12APR19-4875-P,4993.33,74.31,0.0265,0.1,0.028,0.8,77.41,2.41904,-15.70843,-0.3304,0.00079,-0.38357
5000.13,BTC-27SEP19,1554548343056,open,0.04,0.0,0.00180636,0.12941892,0.02731836,77.62,None,0.0,BTC-27DEC19-14000-C,4993.33,48.91,0.0015,5.0,0.04,0.5,84.79,8.00957,-1.17357,3.0003,6e-05,0.11
4993.33,index_price,1554548343051,open,0.13,0.0,0.12729101,0.14455819,0.13242179,78.29,0.1265,0,BTC-12APR19-5625-P,4993.33,0.0,0.0005,65.0,0.1805,0.1,196.57,1.30534,-8.69616,-0.80965,0.00042,-0.87484
4993.33,index_price,1554548343052,open,0.14,0.0,0.13135015,0.16818308,0.1428772,74.69,None,0,BTC-19APR19-5625-P,4993.33,0.0,0.0,0.0,0.0,0.0,0.0,2.76225,-8.01159,-1.62914,0.00042,-0.78201
4993.33,index_price,1554548343051,open,0.3,0.0,0.30173677,0.30406501,0.30283885,101.6,None,0,BTC-12APR19-6500-P,4993.33,0.0,0.0,0.0,0.0,0.0,0.0,0.35512,-3.07032,-1.02812,9e-05,-0.97621
5000.13,BTC-27SEP19,1554548343051,open,0.08,11.8,0.03618052,0.25520395,0.07587554,65.15,0.1275,0.0,BTC-27DEC19-8000-C,4993.33,56.47,0.052,6.0,0.0915,6.0,70.43,14.45074,-1.77722,7.57287,0.00012,0.28458
162.9,index_price,1554548343108,open,0.01,205.0,0.000736,0.017388,0.008455,102.17,0.011,0.2,ETH-12APR19-190-C,162.9,96.72,0.007,20.0,0.01,100.0,107.56,0.04515,-0.40393,0.00335,0.01035,0.13621
168.2,ETH-27SEP19,1554548343114,open,0.51,1.0,0.479766,0.649926,0.522538,77.76,0.783,0.0,ETH-27SEP19-240-P,162.9,0.0,0.001,10.0,0.555,1.0,90.2,0.42856,-0.09583,-0.94206,0.00409,-0.65319
162.9,index_price,1554548343122,open,0.0,446.0,0.000104,0.009711,0.00444,106.57,0.006,0.2,ETH-12APR19-200-C,162.9,97.91,0.003,100.0,0.006,100.0,114.45,0.02983,-0.27697,0.0019,0.00655,0.07693
167.14,ETH-28JUN19,1554548343132,open,0.23,344.0,0.201736,0.305176,0.23411,77.5,0.214,0.0,ETH-28JUN19-190-P,162.9,0.0,0.007,3.0,0.0,0.0,0.0,0.31356,-0.14661,-0.30309,0.00638,-0.56454
162.9,index_price,1554548343141,open,0.39,111.0,0.3881,0.388153,0.38788,0.0,0.399,0.2,ETH-12APR19-100-C,162.9,0.0,0.001,100.0,0.0,0.0,0.0,0.0,-0.05462,0.01605,0.0,1.0
162.9,index_price,1554548343143,open,0.28,0.0,0.28071,0.302491,0.288342,96.89,None,0.2,ETH-19APR19-210-P,162.9,0.0,0.0,0.0,0.0,0.0,0.0,0.05477,-0.10026,-0.06813,0.00604,-0.89723
167.14,ETH-28JUN19,1554548343159,open,0.03,293.0,0.014676,0.076171,0.031625,77.85,0.028,0.0,ETH-28JUN19-120-P,162.9,74.37,0.028,60.0,0.035,60.0,80.98,0.17757,-0.0834,-0.06527,0.0036,-0.14036
162.9,index_price,1554548343159,open,0.28,0.0,0.26861,0.278384,0.273284,108.76,None,0.2,ETH-19APR19-120-C,162.9,0.0,0.0,0.0,0.0,0.0,0.0,0.03218,-0.1962,0.03882,0.00316,0.94876
162.9,index_price,1554548343164,open,0.0,178.0,1.1e-05,0.005219,0.002221,109.54,0.002,0.2,ETH-12APR19-210-C,162.9,96.02,0.001,100.0,0.004,100.0,122.76,0.01831,-0.17418,0.00103,0.00391,0.04139
162.9,index_price,1554548343218,open,0.16,1.0,0.163347,0.179999,0.171493,103.69,0.167,0.2,ETH-12APR19-190-P,162.9,0.0,0.001,10.0,0.0,0.0,0.0,0.04605,-0.31427,-0.02704,0.0104,-0.8598
162.9,index_price,1554548343232,open,0.0,726.0,1e-06,0.002709,0.000951,109.82,0.001,0.2,ETH-12APR19-220-C,162.9,0.0,0.0,0.0,0.004,200.0,139.95,0.0098,-0.09326,0.00049,0.00209,0.01952
162.9,index_price,1554548343236,open,0.22,0.0,0.223905,0.233512,0.228691,108.97,0.233,0.2,ETH-12APR19-200-P,162.9,0.0,0.001,20.0,0.0,0.0,0.0,0.03131,-0.18799,-0.03007,0.00673,-0.91798
168.2,ETH-27SEP19,1554548343242,open,0.08,649.0,0.038304,0.200853,0.076718,77.67,0.108,0.0,ETH-27SEP19-260-C,162.9,73.94,0.068,48.0,0.091,48.0,83.56,0.39934,-0.08919,0.17335,0.00382,0.29306
162.9,index_price,1554548343248,open,0.0,100.0,0.0,5.3e-05,6e-06,110.08,0.001,0.2,ETH-12APR19-100-P,162.9,0.0,0.0,0.0,0.0,0.0,0.0,0.00013,-0.00097,0.0,3e-05,-0.00017
162.9,index_price,1554548343267,open,0.0,120.0,0.000188,0.015725,0.005268,99.06,0.008,0.2,ETH-19APR19-220-C,162.9,73.92,0.001,300.0,0.01,200.0,115.0,0.04058,-0.16179,0.00366,0.00438,0.0689
167.14,ETH-28JUN19,1554548343277,open,0.08,1127.0,0.050128,0.151085,0.081595,77.85,0.08,0.0,ETH-28JUN19-200-C,162.9,74.76,0.076,48.0,0.088,48.0,81.36,0.3039,-0.14274,0.11428,0.00615,0.38271
167.14,ETH-28JUN19,1554548343309,open,0.27,327.0,0.24836,0.322241,0.269211,77.02,0.285,0.0,ETH-28JUN19-130-C,162.9,0.0,0.14,50.0,0.7,1.0,399.1,0.21795,-0.10127,0.20423,0.00446,0.80737
162.9,index_price,1554548343312,open,0.0,0.0,8e-05,0.009854,0.005023,110.11,None,0.2,ETH-19APR19-120-P,162.9,81.65,0.001,100.0,0.01,100.0,130.52,0.0331,-0.13635,-0.00334,0.00321,-0.0531
162.9,index_price,1554548343352,open,0.33,0.0,0.32691,0.327277,0.32674,0.0,None,0.2,ETH-12APR19-110-C,162.9,0.0,0.001,100.0,0.0,0.0,0.0,0.0,-0.06008,0.01765,0.0,1.0
167.14,ETH-28JUN19,1554548343460,open,0.27,430.0,0.24673,0.347687,0.27834,77.93,0.245,0.0,ETH-28JUN19-200-P,162.9,0.0,0.001,10.0,0.0,0.0,0.0,0.30396,-0.14291,-0.33979,0.00615,-0.61703
162.9,index_price,1554548343479,open,0.22,0.0,0.208289,0.227276,0.21638,100.56,None,0.2,ETH-19APR19-130-C,162.9,0.0,0.0,0.0,0.0,0.0,0.0,0.05065,-0.25949,0.03972,0.00538,0.90763
162.9,index_price,1554548343460,open,0.0,150.0,0.0,0.000367,7.8e-05,110.1,0.001,0.2,ETH-12APR19-110-P,162.9,0.0,0.0,0.0,0.003,100.0,178.44,0.00122,-0.01123,-5e-05,0.00026,-0.00184
162.9,index_price,1554548343519,open,0.34,0.0,0.341216,0.356753,0.346789,101.0,None,0.2,ETH-19APR19-220-P,162.9,0.0,0.0,0.0,0.0,0.0,0.0,0.04253,-0.05314,-0.07318,0.0045,-0.92675
162.9,index_price,1554548343544,open,0.27,88.0,0.26572,0.267392,0.266016,101.3,0.315,0.2,ETH-12APR19-120-C,162.9,0.0,0.001,100.0,0.0,0.0,0.0,0.00393,-0.09877,0.01907,0.00091,0.99319
167.14,ETH-28JUN19,1554548343563,open,0.03,58.0,0.00518,0.064446,0.025831,85.89,0.024,0.0,ETH-28JUN19-280-C,162.9,82.25,0.022,60.0,0.03,60.0,89.6,0.18192,-0.09427,0.0454,0.00334,0.14547
167.14,ETH-28JUN19,1554548343574,open,0.47,0.0,0.452583,0.534159,0.480045,81.88,None,0.0,ETH-28JUN19-240-P,162.9,0.0,0.001,10.0,0.0,0.0,0.0,0.243,-0.12004,-0.47364,0.00468,-0.768
167.14,ETH-28JUN19,1554548343619,open,0.23,399.0,0.204877,0.289562,0.230019,77.01,0.24,0.0,ETH-28JUN19-140-C,162.9,73.03,0.224,12.0,0.237,12.0,81.57,0.25447,-0.11822,0.19635,0.00521,0.74741
168.2,ETH-27SEP19,1554548343642,open,1.15,0.0,1.148046,1.264118,1.175113,82.94,None,0.0,ETH-27SEP19-360-P,162.9,0.0,0.0,0.0,1.187,1.0,89.9,0.2688,-0.06411,-1.62388,0.0024,-0.85156
162.9,index_price,1554548343650,open,0.0,650.0,0.0,0.001673,0.000567,110.12,0.001,0.2,ETH-12APR19-120-P,162.9,0.0,0.0,0.0,0.004,200.0,153.54,0.00612,-0.05632,-0.00031,0.0013,-0.01129
167.14,ETH-28JUN19,1554548343733,open,0.03,754.0,0.009344,0.079464,0.033356,83.85,0.034,0.0,ETH-28JUN19-260-C,162.9,80.3,0.029,48.0,0.038,48.0,87.44,0.21074,-0.10661,0.05657,0.00396,0.18243
162.9,index_price,1554548343748,open,0.21,1.0,0.204555,0.210063,0.206798,106.81,0.164,0.2,ETH-12APR19-130-C,162.9,0.0,0.001,100.0,0.0,0.0,0.0,0.01764,-0.22756,0.01976,0.00387,0.96048
168.2,ETH-27SEP19,1554548343860,open,0.01,120.0,0.000504,0.027451,0.007598,90.94,0.01,0.0,ETH-27SEP19-60-P,162.9,65.28,0.001,2062.0,0.014,60.0,104.25,0.06836,-0.01788,-0.0263,0.00056,-0.02523
168.2,ETH-27SEP19,1554548343913,open,0.03,21.0,0.005659,0.113185,0.030411,83.85,0.044,0.0,ETH-27SEP19-380-C,162.9,78.49,0.023,110.0,0.038,60.0,88.74,0.24768,-0.05972,0.08108,0.00219,0.13161
167.14,ETH-28JUN19,1554548343920,open,0.02,10.0,0.00285,0.052413,0.020966,88.49,0.018,0.0,ETH-28JUN19-300-C,162.9,85.25,0.018,60.0,0.024,60.0,91.57,0.15903,-0.0849,0.03747,0.00283,0.11969
162.9,index_price,1554548343920,open,0.01,1.0,0.003755,0.034939,0.014412,89.6,0.013,0.2,ETH-19APR19-140-P,162.9,83.99,0.012,80.0,0.016,4.0,93.13,0.07209,-0.23594,-0.00958,0.00859,-0.15238
4994.64,BTC-28JUN19,1554548343941,open,0.17,243.4,0.14809564,0.18994507,0.17282781,64.9,0.177,0.0,BTC-28JUN19-4500-C,4993.33,62.92,0.1695,0.2,0.1775,15.8,67.66,8.41292,-3.29386,5.84912,0.00023,0.68859
168.2,ETH-27SEP19,1554548343976,open,0.55,0.0,0.528443,0.584994,0.543515,84.94,None,0.0,ETH-27SEP19-80-C,162.9,0.0,0.0,0.0,0.0,0.0,0.0,0.13701,-0.03346,0.31825,0.0012,0.94071
5000.07,BTC-27SEP19,1554548344048,open,0.03,10.0,0.01823006,0.05418403,0.03360561,66.18,0.0345,0.0,BTC-27SEP19-3250-P,4993.34,63.16,0.0295,6.0,0.0375,18.0,68.95,6.93186,-1.31925,-3.67543,9e-05,-0.1207
5000.07,BTC-27SEP19,1554548344048,open,0.2,6.8,0.17048954,0.23797147,0.1951214,63.44,0.19,0.0,BTC-27SEP19-4750-C,4993.34,59.75,0.1855,3.0,0.1995,3.0,65.13,13.0115,-2.37386,10.39664,0.00017,0.63161
4994.61,BTC-28JUN19,1554548344048,open,0.09,190.9,0.04797703,0.09427329,0.08421057,64.65,0.079,0.0,BTC-28JUN19-5500-C,4993.34,62.41,0.08,15.8,0.088,10.8,66.67,9.37564,-3.65712,3.99972,0.00026,0.4369
4993.34,index_price,1554548344048,open,0.07,0.0,0.05257466,0.10094759,0.0704165,74.16,None,0,BTC-19APR19-5125-P,4993.34,66.87,0.065,18.0,0.075,18.0,80.31,3.71584,-10.70127,-1.08693,0.00057,-0.54665
5000.08,BTC-27SEP19,1554548344050,open,1.41,6.1,1.40176591,1.41996367,1.41445264,74.88,1.9095,0.0,BTC-27SEP19-12000-P,4993.34,0.0,0.0015,20.0,0.0,0.0,0.0,4.91307,-1.05788,-55.70994,6e-05,-0.92444
4993.34,index_price,1554548344048,open,0.04,0.3,0.01805282,0.06486574,0.03484794,74.1,0.0325,0,BTC-19APR19-5250-C,4993.34,68.72,0.031,24.0,0.0395,24.0,80.55,3.58681,-10.32124,0.618,0.00055,0.3857
5000.08,BTC-27SEP19,1554548344048,open,0.26,10.0,0.21502115,0.42300572,0.25703357,63.75,0.22,0.0,BTC-27DEC19-4500-C,4993.34,51.96,0.221,3.0,0.269,3.0,67.68,15.24733,-1.83477,15.31966,0.00013,0.67924
4993.34,index_price,1554548344050,open,0.0,1118.2,1.2e-07,0.00013887,0.00108192,102.3,0.0005,0,BTC-26APR19-3000-P,4993.34,0.0,0.0,0.0,0.005,1.0,132.89,0.36679,-0.94391,-0.03587,3e-05,-0.01211
4993.34,index_price,1554548344048,open,0.16,0.0,0.15446835,0.18723733,0.16393709,74.73,None,0,BTC-19APR19-5750-P,4993.34,0.0,0.0005,20.0,0.0,0.0,0.0,2.41636,-7.01206,-1.74219,0.00037,-0.82513
4993.34,index_price,1554548344048,open,0.0,55.5,1.208e-05,0.00591424,0.00172302,88.81,0.002,0,BTC-12APR19-6125-C,4993.34,73.14,0.0005,30.0,0.003,40.0,98.77,0.54046,-4.08471,0.03037,0.00015,0.03951
5000.08,BTC-27SEP19,1554548344048,open,0.05,12.5,0.00291121,0.14324572,0.0340215,77.62,0.089,0.0,BTC-27DEC19-13000-C,4993.34,65.5,0.0155,10.0,0.088,3.9,101.09,9.13214,-1.33805,3.57497,6e-05,0.13255
4993.34,index_price,1554548344048,open,0.06,2.0,0.03814629,0.08672683,0.05622146,74.15,0.062,0,BTC-19APR19-5000-P,4993.34,67.17,0.051,18.0,0.0605,18.0,79.87,3.73471,-10.75396,-0.93757,0.00057,-0.47605
4993.34,index_price,1554548344048,open,0.2,48.9,0.19893634,0.20258031,0.20009098,92.07,0.2055,0,BTC-12APR19-4000-C,4993.34,0.0,0.001,20.0,0.0,0.0,0.0,0.37231,-2.91703,0.62275,0.0001,0.97484
5000.08,BTC-27SEP19,1554548344049,open,1.64,0.0,1.60286961,1.74320413,1.63426072,77.77,None,0.0,BTC-27DEC19-13000-P,4993.34,0.0,0.0,0.0,0.0,0.0,0.0,9.16783,-1.34594,-90.74719,6e-05,-0.8667
4993.34,index_price,1554548344049,open,0.0,70.8,0.0,0.00061515,0.00038668,108.15,0.0005,0,BTC-12APR19-3625-P,4993.34,0.0,0.0,0.0,0.0,0.0,0.0,0.14102,-1.29784,-0.00685,3e-05,-0.00814
5000.08,BTC-27SEP19,1554548344048,open,0.03,133.7,0.00645105,0.09966781,0.02889173,73.4,0.0235,0.0,BTC-27DEC19-2500-P,4993.34,65.26,0.0195,0.1,0.042,4.0,83.31,6.18984,-0.85767,-3.86523,5e-05,-0.07763
5000.08,BTC-27SEP19,1554548344048,open,0.07,77.1,0.03954298,0.2002102,0.0686937,63.89,0.067,0.0,BTC-27DEC19-3500-P,4993.34,61.52,0.0635,6.0,0.0735,0.5,66.05,11.05225,-1.33286,-8.90873,0.0001,-0.17683
5000.08,BTC-27SEP19,1554548344048,open,0.06,62.6,0.01290441,0.19934631,0.05260867,71.28,0.051,0.0,BTC-27DEC19-10000-C,4993.34,68.0,0.045,0.5,0.06,10.0,74.29,11.96129,-1.60933,5.38511,9e-05,0.20102
4993.34,index_price,1554548344048,open,0.05,178.6,0.03861944,0.07009145,0.05107328,76.12,0.0505,0,BTC-12APR19-4875-C,4993.34,70.79,0.0485,18.0,0.054,18.0,82.15,2.41867,-15.6665,0.4546,0.00079,0.61663
4993.34,index_price,1554548344048,open,0.0,82.9,4e-07,0.00213827,0.00073817,96.18,0.001,0,BTC-12APR19-3875-P,4993.34,0.0,0.0,0.0,0.0015,30.0,107.83,0.25667,-2.10078,-0.01364,7e-05,-0.01623
4993.34,index_price,1554548344048,open,0.31,0.0,0.3022807,0.30930732,0.30834268,77.44,None,0,BTC-26APR19-6500-P,4993.34,0.0,0.0,0.0,0.0,0.0,0.0,1.82167,-3.54901,-3.32491,0.00017,-0.91447
4993.34,index_price,1554548344049,open,0.11,31.1,0.1033159,0.12474127,0.11057156,78.2,0.1075,0,BTC-12APR19-5500-P,4993.34,66.45,0.107,6.0,0.1125,6.0,83.85,1.6485,-10.96939,-0.74993,0.00053,-0.82239
4993.34,index_price,1554548344048,open,0.01,0.0,0.00316631,0.03333269,0.01223235,74.82,None,0,BTC-19APR19-4375-P,4993.34,70.87,0.0105,24.0,0.014,1.0,78.67,2.24424,-6.52026,-0.29633,0.00034,-0.156
4993.34,index_price,1554548344051,open,0.0,9.3,0.00020896,0.00485672,0.00477503,79.72,0.0035,0,BTC-26APR19-6750-C,4993.34,72.81,0.003,30.0,0.006,30.0,83.69,1.44791,-2.90372,0.15923,0.00013,0.06333
5000.08,BTC-27SEP19,1554548344048,open,0.86,0.0,0.82152095,1.02482758,0.85926356,67.23,None,0.0,BTC-27DEC19-9000-P,4993.34,0.0,0.0,0.0,0.0,0.0,0.0,12.92265,-1.63991,-59.13041,0.00011,-0.77035
4993.34,index_price,1554548344048,open,0.0,143.4,0.00040137,0.01354325,0.00417629,79.39,0.003,0,BTC-12APR19-4375-P,4993.34,70.0,0.0025,30.0,0.0055,31.0,85.6,0.99856,-6.74593,-0.07286,0.00031,-0.08647
4993.34,index_price,1554548344049,open,0.04,85.1,0.02599342,0.05886563,0.03888684,75.48,0.0405,0,BTC-12APR19-5000-P,4993.34,68.79,0.0355,18.0,0.041,18.0,79.66,2.526,-16.22468,-0.42228,0.00083,-0.48645
5000.08,BTC-27SEP19,1554548344048,open,0.13,15.5,0.07883704,0.31273559,0.12808485,65.15,0.129,0.0,BTC-27DEC19-6500-C,4993.34,59.99,0.111,7.0,0.1315,6.0,66.17,16.67199,-2.05037,10.68709,0.00014,0.42262
5000.08,BTC-27SEP19,1554548344048,open,0.37,4.8,0.33955418,0.5002214,0.36862929,63.85,0.314,0.0,BTC-27DEC19-3500-C,4993.34,0.0,0.255,1.0,0.0,0.0,0.0,11.05014,-1.33189,16.49499,0.0001,0.82323
5000.08,BTC-27SEP19,1554548344050,open,1.83,0.0,1.80176144,1.92937231,1.82757598,77.81,None,0.0,BTC-27DEC19-14000-P,4993.34,0.0,0.0,0.0,0.0,0.0,0.0,8.0544,-1.18301,-98.57562,6e-05,-0.88913
4993.34,index_price,1554548344048,open,0.33,0.0,0.3240997,0.32423311,0.3241685,107.8,None,0,BTC-12APR19-3375-C,4993.34,0.0,0.001,20.0,0.0,0.0,0.0,0.03432,-0.31487,0.54189,1e-05,0.99832
5000.08,BTC-27SEP19,1554548344050,open,0.43,0.0,0.37881624,0.61271479,0.42820447,65.19,None,0.0,BTC-27DEC19-6500-P,4993.34,0.0,0.0,0.0,0.0,0.0,0.0,16.67357,-2.05189,-36.48077,0.00014,-0.57719
4993.34,index_price,1554548344048,open,0.07,55.0,0.05935471,0.08883086,0.07014054,75.54,0.07,0,BTC-12APR19-5250-P,4993.34,68.5,0.067,18.0,0.0725,18.0,80.71,2.25778,-14.51342,-0.60508,0.00074,-0.68262
4993.34,index_price,1554548344051,open,0.04,1.1,0.02635663,0.07365344,0.04400076,74.4,0.04,0,BTC-19APR19-4875-P,4993.34,68.21,0.0395,18.0,0.048,18.0,79.89,3.63391,-10.49925,-0.79015,0.00056,-0.40458
4993.34,index_price,1554548344048,open,0.28,0.0,0.27685515,0.29238663,0.28074087,81.46,None,0,BTC-19APR19-6375-P,4993.34,0.0,0.0,0.0,0.0,0.0,0.0,1.17816,-3.72671,-2.14282,0.00016,-0.93577
4993.34,index_price,1554548344051,open,0.01,0.0,0.00029397,0.01860153,0.00497018,79.95,None,0,BTC-19APR19-6250-C,4993.34,69.28,0.0025,30.0,0.0075,40.0,88.26,1.36542,-4.23908,0.12833,0.00019,0.07782
4993.34,index_price,1554548344048,open,0.07,240.1,0.05633303,0.08439431,0.06689619,76.21,0.0705,0,BTC-12APR19-4750-C,4993.34,70.6,0.0645,6.0,0.07,6.0,83.33,2.15458,-13.97349,0.52013,0.0007,0.71397
4993.34,index_price,1554548344051,open,0.1,0.0,0.08432085,0.12484762,0.09855098,74.67,None,0,BTC-19APR19-4625-C,4993.34,68.04,0.0945,6.0,0.104,6.0,83.33,3.0939,-8.97139,1.11441,0.00047,0.73122
5000.08,BTC-27SEP19,1554548344051,open,0.16,63.2,0.11500675,0.32299132,0.15711637,63.78,0.164,0.0,BTC-27DEC19-4500-P,4993.34,61.28,0.1495,3.0,0.161,5.0,65.05,15.24706,-1.83565,-17.33927,0.00013,-0.32075
4993.34,index_price,1554548344049,open,0.0,47.2,0.0,5.476e-05,5.493e-05,115.03,0.0015,0,BTC-12APR19-3250-P,4993.34,0.0,0.0,0.0,0.245,2.1,500.0,0.0268,-0.26235,-0.00108,1e-05,-0.00128
4993.34,index_price,1554548344050,open,0.23,18.2,0.22396673,0.22610459,0.22462989,94.68,0.246,0,BTC-12APR19-3875-C,4993.34,0.0,0.0025,1.0,0.0,0.0,0.0,0.23957,-1.9302,0.61122,6e-05,0.98503
5000.08,BTC-27SEP19,1554548344088,open,0.14,264.3,0.11021466,0.18169938,0.1361768,63.44,0.1325,0.0,BTC-27SEP19-5500-C,4993.34,61.92,0.132,7.6,0.1395,3.0,64.64,13.76765,-2.51146,8.67793,0.00018,0.50051
168.2,ETH-27SEP19,1554548344091,open,1.27,1.0,1.264874,1.3724,1.289895,84.04,1.285,0.0,ETH-27SEP19-380-P,162.9,0.0,0.0,0.0,0.0,0.0,0.0,0.2487,-0.0601,-1.72871,0.0022,-0.86761
162.9,index_price,1554548344138,open,0.1,1069.0,0.0869,0.112402,0.097315,92.3,0.081,0.2,ETH-12APR19-150-C,162.9,85.93,0.095,20.0,0.104,20.0,109.61,0.06033,-0.53526,0.01804,0.0153,0.78539
167.14,ETH-28JUN19,1554548344142,open,0.81,0.0,0.797752,0.847316,0.816084,88.71,None,0.0,ETH-28JUN19-300-P,162.9,0.0,0.0,0.0,0.0,0.0,0.0,0.15979,-0.08552,-0.64348,0.00284,-0.87949
162.9,index_price,1554548344243,open,0.02,1446.0,0.00475,0.030253,0.015503,93.21,0.015,0.2,ETH-12APR19-150-P,162.9,83.51,0.012,80.0,0.019,80.0,102.39,0.06064,-0.46028,-0.00608,0.01523,-0.21653
162.9,index_price,1554548344423,open,0.03,641.0,0.02072,0.055093,0.036908,93.18,0.037,0.2,ETH-12APR19-160-P,162.9,81.14,0.031,80.0,0.04,80.0,99.46,0.08015,-0.59597,-0.01161,0.02014,-0.40583
168.2,ETH-27SEP19,1554548344489,open,0.37,173.0,0.326966,0.449337,0.361156,79.44,0.367,0.0,ETH-27SEP19-120-C,162.9,0.0,0.002,10.0,0.0,0.0,0.0,0.31168,-0.0712,0.36225,0.00291,0.81326
168.2,ETH-27SEP19,1554548344602,open,0.07,420.0,0.040402,0.162774,0.074677,79.49,0.065,0.0,ETH-27SEP19-120-P,162.9,74.76,0.066,48.0,0.084,48.0,84.47,0.31174,-0.07126,-0.2095,0.00291,-0.18679
167.14,ETH-28JUN19,1554548344716,open,0.15,1337.0,0.1234,0.226413,0.154836,76.64,0.141,0.0,ETH-28JUN19-170-P,162.9,72.48,0.147,36.0,0.162,36.0,80.45,0.3148,-0.14556,-0.22796,0.00648,-0.44586
168.2,ETH-27SEP19,1554548344719,open,0.29,343.0,0.248377,0.396102,0.289821,78.3,0.189,0.0,ETH-27SEP19-140-C,162.9,72.68,0.277,12.0,0.304,12.0,84.5,0.38456,-0.08659,0.35189,0.00364,0.729
168.2,ETH-27SEP19,1554548344788,open,0.93,0.0,0.917082,1.051627,0.950033,81.48,None,0.0,ETH-27SEP19-320-P,162.9,0.0,0.002,1.0,0.968,1.0,90.39,0.3193,-0.07482,-1.40685,0.00291,-0.80577
168.2,ETH-27SEP19,1554548344798,open,0.61,0.0,0.584083,0.746631,0.622694,77.75,None,0.0,ETH-27SEP19-260-P,162.9,0.0,0.013,1.0,0.653,1.0,90.02,0.39959,-0.08934,-1.06506,0.00381,-0.70654
168.2,ETH-27SEP19,1554548344801,open,0.71,0.0,0.692418,0.846073,0.72737,78.05,None,0.0,ETH-27SEP19-280-P,162.9,0.0,0.002,1.0,0.755,1.0,90.01,0.36838,-0.08268,-1.1843,0.0035,-0.75068
168.2,ETH-27SEP19,1554548344802,open,0.71,0.0,0.692418,0.846073,0.72737,78.05,None,0.0,ETH-27SEP19-280-P,162.9,0.0,0.002,1.0,0.755,2.0,90.01,0.36838,-0.08268,-1.1843,0.0035,-0.75068
168.19,ETH-27SEP19,1554548344958,open,1.04,0.0,1.032128,1.157235,1.061663,82.0,None,0.0,ETH-27SEP19-340-P,162.9,0.0,0.002,1.0,1.077,1.0,90.26,0.29193,-0.06884,-1.51693,0.00264,-0.83164
168.19,ETH-27SEP19,1554548344978,open,0.24,141.0,0.185534,0.350535,0.230062,77.15,0.235,0.0,ETH-27SEP19-160-C,162.9,72.48,0.218,36.0,0.246,36.0,83.34,0.43405,-0.0963,0.32891,0.00418,0.64057
4993.35,index_price,1554548345048,open,0.02,0.0,0.0077611,0.0484856,0.02117334,74.32,None,0,BTC-19APR19-5500-C,4993.35,69.08,0.018,24.0,0.0225,1.0,76.45,3.0823,-8.89529,0.43263,0.00047,0.26678
4993.35,index_price,1554548345048,open,0.2,0.0,0.20163644,0.20952901,0.20375057,85.06,None,0,BTC-12APR19-6000-P,4993.35,0.0,0.0,0.0,0.0,0.0,0.0,0.65035,-4.70762,-0.92764,0.00019,-0.95029
4993.35,index_price,1554548345048,open,0.15,168.9,0.14897123,0.1580031,0.15109236,79.91,0.152,0,BTC-12APR19-4250-C,4993.35,0.0,0.1,0.6,0.0,0.0,0.0,0.65804,-4.47464,0.64182,0.00021,0.94955
4993.35,index_price,1554548345048,open,0.01,157.9,0.00184888,0.02327462,0.00899851,77.87,0.0125,0,BTC-12APR19-5500-C,4993.35,73.18,0.0075,24.0,0.0105,1.0,82.32,1.64208,-10.88158,0.13466,0.00053,0.17652
5000.04,BTC-27SEP19,1554548345049,open,0.61,0.0,0.6014868,0.6603725,0.6140893,76.13,None,0.0,BTC-27DEC19-2000-C,4993.35,0.0,0.0,0.0,0.0,0.0,0.0,3.75847,-0.54015,12.50826,3e-05,0.95882
5000.04,BTC-27SEP19,1554548345048,open,0.51,0.0,0.46083617,0.69166077,0.50752522,65.2,None,0.0,BTC-27DEC19-7000-P,4993.35,0.0,0.0,0.0,0.0,0.0,0.0,16.1019,-1.98162,-41.22373,0.00014,-0.6286
4993.35,index_price,1554548345048,open,0.08,0.0,0.06595298,0.11049831,0.08233806,74.69,None,0,BTC-19APR19-4750-C,4993.35,68.31,0.078,18.0,0.0875,18.0,82.19,3.41646,-9.90864,1.02644,0.00052,0.66506
4993.35,index_price,1554548345049,open,0.09,0.1,0.06945177,0.11626487,0.08634948,74.24,0.0905,0,BTC-19APR19-5250-P,4993.35,66.75,0.081,18.0,0.091,18.0,80.68,3.58769,-10.34365,-1.2336,0.00055,-0.61398
4993.35,index_price,1554548345048,open,0.2,0.0,0.1991906,0.21417414,0.20262136,77.87,None,0,BTC-19APR19-4000-C,4993.35,0.0,0.0005,20.0,0.0,0.0,0.0,1.05751,-3.19796,1.30598,0.00015,0.94405
4993.35,index_price,1554548345048,open,0.0,53.4,7.596e-05,0.00307046,0.00324206,80.79,0.002,0,BTC-26APR19-7000-C,4993.35,74.34,0.002,30.0,0.0045,10.1,85.97,1.1005,-2.23666,0.113,0.0001,0.0448
4993.35,index_price,1554548345049,open,0.0,67.2,0.00031045,0.0138626,0.00389779,79.12,0.0055,0,BTC-12APR19-5750-C,4993.35,74.39,0.003,30.0,0.005,1.0,84.25,1.00868,-6.79086,0.06732,0.00032,0.08764
4993.35,index_price,1554548345048,open,0.3,6.0,0.29906776,0.29936565,0.29929764,111.59,0.287,0,BTC-12APR19-3500-C,4993.35,0.0,0.011,5.0,0.0,0.0,0.0,0.09047,-0.85901,0.55928,2e-05,0.99507
168.19,ETH-27SEP19,1554548345276,open,0.82,0.0,0.803787,0.947941,0.838731,80.18,None,0.0,ETH-27SEP19-300-P,162.9,0.0,0.002,1.0,0.86,2.0,90.01,0.34457,-0.07945,-1.29618,0.00319,-0.77905
168.19,ETH-27SEP19,1554548345331,open,0.25,0.0,0.207146,0.381635,0.254478,77.27,None,0.0,ETH-27SEP19-180-P,162.9,70.87,0.237,36.0,0.268,36.0,82.24,0.45863,-0.10191,-0.56008,0.0044,-0.44456
167.13,ETH-28JUN19,1554548345843,open,0.01,1839.0,0.001123,0.025384,0.006987,82.42,0.009,0.0,ETH-28JUN19-90-P,162.9,73.72,0.004,60.0,0.01,60.0,89.35,0.06605,-0.03284,-0.01713,0.00126,-0.03816
4994.58,BTC-28JUN19,1554548346049,open,0.1,15.0,0.06106902,0.10617379,0.09657254,64.69,0.096,0.0,BTC-28JUN19-4750-P,4993.34,62.44,0.0925,19.4,0.1005,14.4,66.86,9.0293,-3.52394,-5.3549,0.00025,-0.37562
4994.58,BTC-28JUN19,1554548346049,open,0.36,0.0,0.3507413,0.36173421,0.36228547,70.83,None,0.0,BTC-28JUN19-3250-C,4993.34,0.0,0.349,5.0,0.3745,5.0,86.52,3.35728,-1.43461,6.38534,8e-05,0.92534
4994.58,BTC-28JUN19,1554548346050,open,0.21,2.5,0.17480853,0.21103515,0.20437215,65.64,0.166,0.0,BTC-28JUN19-4250-C,4993.34,55.96,0.19,5.0,0.216,5.0,73.21,7.57288,-2.99889,6.18064,0.0002,0.74938
4993.34,index_price,1554548346049,open,0.0,66.4,0.00010324,0.00913537,0.0023079,80.54,0.0025,0,BTC-12APR19-4250-P,4993.34,68.55,0.001,30.6,0.0035,30.0,88.46,0.67107,-4.59904,-0.04342,0.00021,-0.0517
4999.99,BTC-27SEP19,1554548346049,open,1.24,0.0,1.20778903,1.37770426,1.24552534,73.94,None,0.0,BTC-27DEC19-11000-P,4993.34,0.0,0.0,0.0,0.0,0.0,0.0,10.95655,-1.52926,-75.14845,8e-05,-0.82558
4993.34,index_price,1554548346049,open,0.3,0.0,0.30181322,0.31492574,0.30508372,83.18,None,0,BTC-19APR19-6500-P,4993.34,0.0,0.0,0.0,0.0,0.0,0.0,1.02412,-3.30811,-2.2042,0.00014,-0.94627
4994.58,BTC-28JUN19,1554548346051,open,0.01,336.9,4.242e-05,0.0024921,0.00573222,84.97,0.0075,0.0,BTC-28JUN19-11000-C,4993.34,80.29,0.004,18.0,0.0075,37.7,88.9,2.06157,-1.05677,0.39153,4e-05,0.04026
4994.58,BTC-28JUN19,1554548346051,open,0.01,865.5,0.00017303,0.00493925,0.00741609,80.43,0.005,0.0,BTC-28JUN19-10000-C,4993.34,76.35,0.0055,18.0,0.009,0.5,83.35,2.55688,-1.24069,0.51279,6e-05,0.05263
4993.34,index_price,1554548346050,open,0.03,0.0,0.01203175,0.05618945,0.02739032,74.31,None,0,BTC-19APR19-5375-C,4993.34,68.48,0.0235,24.0,0.0315,24.0,80.34,3.36905,-9.72243,0.52159,0.00052,0.32351
4993.34,index_price,1554548346049,open,0.18,62.8,0.17392079,0.17980801,0.17517087,82.48,0.165,0,BTC-12APR19-4125-C,4993.34,0.0,0.0015,1.0,0.25,0.3,321.19,0.43338,-3.0416,0.63874,0.00013,0.96981
4999.99,BTC-27SEP19,1554548346052,open,0.83,0.0,0.81211288,0.85317692,0.83357147,69.48,None,0.0,BTC-27SEP19-9000-P,4993.34,0.0,0.0015,20.0,0.0,0.0,0.0,8.46732,-1.69169,-39.81276,0.0001,-0.83793
4994.58,BTC-28JUN19,1554548346052,open,0.5,24.4,0.49954669,0.5019668,0.50341421,81.17,0.5115,0.0,BTC-28JUN19-2500-C,4993.34,0.0,0.0005,1.0,0.0,0.0,0.0,1.33016,-0.65141,5.36273,3e-05,0.9763
4999.99,BTC-27SEP19,1554548346052,open,0.31,2.2,0.28141046,0.35182324,0.30671127,63.48,0.8415,0.0,BTC-27SEP19-6000-P,4993.34,0.0,0.004,20.0,0.0,0.0,0.0,13.50265,-2.46482,-21.07522,0.00018,-0.57811
4999.99,BTC-27SEP19,1554548346052,open,0.07,1247.6,0.04359691,0.10631645,0.06733889,64.46,0.074,0.0,BTC-27SEP19-7000-C,4993.34,63.69,0.0655,8.7,0.0735,24.4,67.02,11.93937,-2.21324,5.46413,0.00016,0.29675
4999.99,BTC-27SEP19,1554548346049,open,0.21,33.5,0.16864935,0.39073683,0.21412352,63.78,0.2195,0.0,BTC-27DEC19-5000-P,4993.34,60.85,0.2045,3.0,0.2185,5.0,65.12,16.37676,-1.97174,-22.02687,0.00014,-0.39294
4999.99,BTC-27SEP19,1554548346052,open,0.35,333.0,0.32787362,0.37075976,0.34663262,66.09,0.348,0.0,BTC-27SEP19-3500-C,4993.34,0.0,0.161,1.0,0.371,2.0,80.13,8.26659,-1.57095,11.84085,0.00011,0.84376
4999.99,BTC-27SEP19,1554548346052,open,0.03,351.7,0.01210928,0.05317332,0.03340586,69.38,0.03,0.0,BTC-27SEP19-9000-C,4993.34,67.94,0.031,8.7,0.036,24.4,70.89,8.45045,-1.68599,3.05276,0.0001,0.16157
4994.57,BTC-28JUN19,1554548346053,open,0.19,14.8,0.14917038,0.19546632,0.18547261,64.69,0.1705,0.0,BTC-28JUN19-5500-P,4993.34,62.04,0.1805,15.8,0.19,10.8,67.1,9.37592,-3.6593,-8.48811,0.00026,-0.563
4999.98,BTC-27SEP19,1554548346053,open,0.7,42.8,0.70003207,0.70151378,0.70142679,79.34,0.6235,0.0,BTC-27SEP19-1500-C,4993.34,0.0,0.001,1.0,0.0,0.0,0.0,0.64789,-0.14782,6.95172,1e-05,0.99329
4993.34,index_price,1554548346049,open,0.25,0.0,0.25196119,0.27026875,0.25675774,80.39,None,0,BTC-19APR19-6250-P,4993.34,0.0,0.0,0.0,0.0,0.0,0.0,1.38204,-4.31414,-2.07442,0.0002,-0.92093
4999.98,BTC-27SEP19,1554548346049,open,0.07,51.3,0.02154775,0.22485138,0.05909795,67.15,0.107,0.0,BTC-27DEC19-9000-C,4993.34,61.44,0.045,11.0,0.073,10.0,72.35,12.90824,-1.63628,6.17205,0.00011,0.2292
4999.98,BTC-27SEP19,1554548346053,open,0.02,638.4,0.00337842,0.02747332,0.01797741,72.61,0.024,0.0,BTC-27SEP19-11000-C,4993.34,68.92,0.014,15.0,0.022,33.0,75.93,5.7406,-1.19866,1.78624,7e-05,0.09297
4994.57,BTC-28JUN19,1554548346053,open,0.12,127.6,0.09542072,0.14243962,0.12310696,64.69,0.1195,0.0,BTC-28JUN19-5000-P,4993.34,62.24,0.1185,15.8,0.125,5.7,65.7,9.3875,-3.66399,-6.38753,0.00026,-0.44014
4993.34,index_price,1554548346049,open,0.01,133.8,0.0039963,0.02967924,0.01330974,77.29,0.011,0,BTC-12APR19-5375-C,4993.34,72.63,0.0115,24.0,0.015,2.0,81.5,1.97537,-12.99164,0.18327,0.00064,0.24131
4993.34,index_price,1554548346049,open,0.01,0.0,0.00152092,0.02621821,0.00882196,76.84,None,0,BTC-19APR19-4250-P,4993.34,70.18,0.0065,30.0,0.011,0.2,82.49,1.84529,-5.50645,-0.22202,0.00027,-0.11722
4994.57,BTC-28JUN19,1554548346054,open,1.01,43.0,1.00234738,1.00711354,1.00985506,80.94,1.0,0.0,BTC-28JUN19-10000-P,4993.34,0.0,0.1,0.2,0.0,0.0,0.0,2.60967,-1.27436,-22.18029,6e-05,-0.94599
4993.34,index_price,1554548346049,open,0.07,3.9,0.05005619,0.097353,0.06760647,74.27,0.07,0,BTC-19APR19-4875-C,4993.34,67.94,0.063,18.0,0.0725,18.0,80.99,3.63376,-10.4806,0.92983,0.00056,0.59549
4993.34,index_price,1554548346050,open,0.03,2.6,0.01721876,0.06176435,0.0336966,74.82,0.0305,0,BTC-19APR19-4750-P,4993.34,68.66,0.0295,24.0,0.0375,24.0,80.36,3.41722,-9.92883,-0.64967,0.00052,-0.33513
4999.98,BTC-27SEP19,1554548346054,open,0.02,763.9,0.00637822,0.03805903,0.02492019,71.59,0.025,0.0,BTC-27SEP19-10000-C,4993.34,69.83,0.0225,6.0,0.0275,33.0,73.38,7.05971,-1.45335,2.35728,8e-05,0.12389
4999.98,BTC-27SEP19,1554548346054,open,0.61,28.2,0.60052763,0.60684602,0.60418689,72.85,0.5015,0.0,BTC-27SEP19-2000-C,4993.34,0.0,0.0005,1.0,0.0,0.0,0.0,1.60345,-0.33591,8.97386,2e-05,0.98095
4999.98,BTC-27SEP19,1554548346049,open,1.44,0.0,1.40474736,1.55919852,1.44221523,77.4,None,0.0,BTC-27DEC19-12000-P,4993.34,0.0,0.0,0.0,0.0,0.0,0.0,10.32641,-1.5088,-82.84005,7e-05,-0.84087
4993.34,index_price,1554548346050,open,0.01,0.0,0.0006602,0.02021148,0.00576429,77.18,None,0,BTC-19APR19-4125-P,4993.34,70.47,0.004,30.0,0.0075,0.5,82.92,1.42331,-4.26601,-0.15497,0.00021,-0.08222
4993.34,index_price,1554548346050,open,0.25,0.0,0.25167078,0.25603855,0.25350662,96.92,None,0,BTC-12APR19-6250-P,4993.34,0.0,0.0,0.0,0.0,0.0,0.0,0.53342,-4.39966,-0.97634,0.00014,-0.96112
4993.34,index_price,1554548346049,open,0.26,0.0,0.25302118,0.26329173,0.26100788,75.25,None,0,BTC-26APR19-6250-P,4993.34,0.0,0.0,0.0,0.0,0.0,0.0,2.28855,-4.33244,-3.11084,0.00022,-0.88307
4999.98,BTC-27SEP19,1554548346049,open,0.04,42.9,0.00473776,0.15918892,0.04199441,77.3,0.078,0.0,BTC-27DEC19-12000-C,4993.34,67.77,0.0245,1.0,0.078,1.9,92.54,10.30379,-1.5035,4.23075,7e-05,0.15859
4993.34,index_price,1554548346050,open,0.12,0.2,0.10481956,0.14040857,0.11647632,74.65,0.1135,0,BTC-19APR19-4500-C,4993.34,69.0,0.1135,6.0,0.1215,6.0,83.7,2.69055,-7.79947,1.18924,0.00041,0.79162
4999.98,BTC-27SEP19,1554548346049,open,0.68,0.0,0.63618241,0.85520239,0.67602275,65.2,None,0.0,BTC-27DEC19-8000-P,4993.34,0.0,0.0,0.0,0.0,0.0,0.0,14.45707,-1.77939,-50.47728,0.00012,-0.71514
4999.98,BTC-27SEP19,1554548346049,open,0.18,15.0,0.13142361,0.36190157,0.17810189,63.76,0.1865,0.0,BTC-27DEC19-5500-C,4993.34,53.11,0.142,3.0,0.1845,3.0,65.65,16.91411,-2.0356,13.06818,0.00015,0.53826
4993.34,index_price,1554548346051,open,0.04,955.0,0.02634673,0.05330314,0.04391308,69.71,0.0435,0,BTC-26APR19-5250-C,4993.34,66.49,0.041,18.0,0.045,10.0,70.91,4.5305,-7.94473,0.99621,0.00048,0.41029
4993.34,index_price,1554548346049,open,0.03,57.4,0.01458094,0.04667384,0.02684341,75.31,0.0245,0,BTC-12APR19-5125-C,4993.34,71.56,0.025,18.0,0.03,18.0,81.68,2.4645,-15.79298,0.3089,0.00082,0.41114
4993.34,index_price,1554548346051,open,0.3,32.6,0.29909807,0.30077288,0.30099404,81.68,0.3105,0,BTC-26APR19-3500-C,4993.34,0.0,0.0,0.0,0.0,0.0,0.0,0.6815,-1.40032,1.83261,6e-05,0.97498
4999.98,BTC-27SEP19,1554548346055,open,0.17,18.1,0.14783448,0.21751486,0.17337718,63.47,0.171,0.0,BTC-27SEP19-5000-P,4993.34,59.8,0.1635,3.0,0.1805,10.8,66.12,13.44109,-2.45318,-13.97415,0.00018,-0.41332
4993.34,index_price,1554548346050,open,0.0,376.6,4e-08,0.00118386,0.00072481,106.67,0.0005,0,BTC-12APR19-3750-P,4993.34,0.0,0.0,0.0,0.4,0.1,500.0,0.23303,-2.11525,-0.01224,5e-05,-0.0145
4993.34,index_price,1554548346049,open,0.0,70.8,3.37e-06,0.00364733,0.00123501,93.09,0.0015,0,BTC-12APR19-4000-P,4993.34,89.86,0.001,24.9,0.0015,1.5,96.31,0.3871,-3.06633,-0.02218,0.0001,-0.02636
4993.34,index_price,1554548346049,open,0.11,219.4,0.10007261,0.11813017,0.10536624,76.08,0.1125,0,BTC-12APR19-4500-C,4993.34,70.77,0.104,6.0,0.109,6.0,88.54,1.34098,-8.68222,0.61454,0.00044,0.86989
4993.34,index_price,1554548346050,open,0.19,0.0,0.17829041,0.20704569,0.18696386,77.37,None,0,BTC-19APR19-5875-P,4993.34,0.0,0.0,0.0,0.0,0.0,0.0,2.16415,-6.5018,-1.83061,0.00032,-0.8523
4993.34,index_price,1554548346053,open,0.02,341.6,0.01128488,0.03195162,0.02550418,71.28,0.028,0,BTC-26APR19-4500-P,4993.34,67.79,0.023,24.0,0.028,24.0,74.7,3.61656,-6.48524,-0.72002,0.00037,-0.2393
4993.34,index_price,1554548346050,open,0.28,0.0,0.27670155,0.27990404,0.27804932,98.48,None,0,BTC-12APR19-6375-P,4993.34,0.0,0.0,0.0,0.0,0.0,0.0,0.42156,-3.53265,-1.00384,0.00011,-0.9708
4993.34,index_price,1554548346051,open,0.01,83.4,0.00054679,0.00757342,0.00648362,77.1,0.009,0,BTC-26APR19-6500-C,4993.34,72.72,0.005,30.0,0.008,30.0,81.08,1.80444,-3.4998,0.21201,0.00017,0.08445
4999.98,BTC-27SEP19,1554548346050,open,0.11,20.1,0.06084472,0.2916686,0.1073964,65.15,0.156,0.0,BTC-27DEC19-7000-C,4993.34,61.58,0.096,6.0,0.1185,6.0,68.58,16.09855,-1.97992,9.57112,0.00014,0.37118
4993.34,index_price,1554548346051,open,0.09,888.0,0.07384661,0.09949681,0.09104365,70.27,0.0885,0,BTC-26APR19-4750-C,4993.34,66.73,0.088,18.0,0.0945,18.0,74.26,4.31368,-7.62494,1.52121,0.00045,0.6505
4993.34,index_price,1554548346050,open,0.0,4.6,7.931e-05,0.01319183,0.00322466,82.57,0.0055,0,BTC-19APR19-6500-C,4993.34,67.63,0.001,30.0,0.0055,35.4,92.27,1.00252,-3.21435,0.08645,0.00014,0.0523
4993.34,index_price,1554548346050,open,0.0,41.5,0.0,0.00029791,0.00029867,115.03,0.0005,0,BTC-12APR19-3500-P,4993.34,0.0,0.0,0.0,0.3995,0.3,500.0,0.10895,-1.06654,-0.00513,2e-05,-0.00608
4993.34,index_price,1554548346053,open,0.4,4.9,0.39919985,0.3993386,0.40022389,101.5,0.3695,0,BTC-26APR19-3000-C,4993.34,0.0,0.0,0.0,0.0,0.0,0.0,0.35384,-0.90345,1.59925,3e-05,0.98838
4993.34,index_price,1554548346050,open,0.06,2.3,0.03681251,0.08539305,0.05479142,74.02,0.061,0,BTC-19APR19-5000-C,4993.34,68.28,0.0505,18.0,0.06,18.0,80.99,3.73474,-10.73538,0.8263,0.00057,0.52389
4993.34,index_price,1554548346050,open,0.01,0.0,0.00172323,0.0304785,0.01028356,77.1,None,0,BTC-19APR19-5875-C,4993.34,70.25,0.0075,30.0,0.0125,0.2,82.05,2.155,-6.45242,0.2404,0.00032,0.14676
4993.34,index_price,1554548346056,open,0.21,514.8,0.20008265,0.20850862,0.20611006,73.79,0.21,0,BTC-26APR19-4000-C,4993.34,0.0,0.15,1.0,0.225,15.0,112.72,1.80811,-3.35643,1.92838,0.00018,0.91532
4993.34,index_price,1554548346050,open,0.0,32.6,6e-08,0.00167952,0.00073374,101.52,0.002,0,BTC-12APR19-6625-C,4993.34,0.0,0.0,0.0,0.0015,10.0,112.91,0.26107,-2.25529,0.01272,6e-05,0.01655
4999.98,BTC-27SEP19,1554548346075,open,0.35,0.0,0.30194876,0.53603581,0.35306585,65.18,None,0.0,BTC-27DEC19-6000-P,4993.34,56.44,0.3235,3.0,0.4005,0.1,79.15,16.97049,-2.08811,-31.68664,0.00014,-0.52022
4999.98,BTC-27SEP19,1554548346086,open,0.18,762.5,0.14783048,0.21751086,0.17328518,63.44,0.172,0.0,BTC-27SEP19-5000-C,4993.34,62.4,0.1705,10.0,0.1785,3.0,65.38,13.44142,-2.45198,9.84549,0.00018,0.58664
4999.99,BTC-27SEP19,1554548346103,open,0.04,0.0,0.00180603,0.12941386,0.02731836,77.62,None,0.0,BTC-27DEC19-14000-C,4993.34,48.91,0.0015,5.0,0.0405,0.5,85.05,8.00928,-1.17355,3.00016,6e-05,0.11
4999.98,BTC-27SEP19,1554548346193,open,0.64,2.5,0.62303394,0.67491051,0.64691872,67.24,1.278,0.0,BTC-27SEP19-8000-P,4993.34,0.0,0.0035,13.1,0.0,0.0,0.0,10.15011,-1.96246,-34.04749,0.00013,-0.78254
4994.57,BTC-28JUN19,1554548346220,open,0.0,703.5,2.14e-06,0.00036975,0.0015015,89.44,0.002,0.0,BTC-28JUN19-2000-P,4993.34,77.61,0.0005,28.0,0.0025,1.0,96.6,0.58554,-0.31597,-0.12052,1e-05,-0.00913
168.19,ETH-27SEP19,1554548346245,open,0.12,628.0,0.080739,0.228473,0.122286,78.35,0.118,0.0,ETH-27SEP19-140-P,162.9,72.96,0.11,48.0,0.134,48.0,83.46,0.38457,-0.08664,-0.31515,0.00364,-0.27105
162.9,index_price,1554548346330,open,0.28,0.0,0.285002,0.290209,0.287684,113.51,None,0.2,ETH-12APR19-210-P,162.9,0.0,0.001,10.0,0.0,0.0,0.0,0.02048,-0.08709,-0.03252,0.00422,-0.95245
4994.57,BTC-28JUN19,1554548346362,open,0.7,31.8,0.69967385,0.69969295,0.70035198,104.28,0.6765,0.0,BTC-28JUN19-1500-C,4993.34,0.0,0.0005,1.0,0.0,0.0,0.0,0.26935,-0.16945,3.35506,0.0,0.9962
4999.98,BTC-27SEP19,1554548346364,open,0.02,632.9,0.01115409,0.04005708,0.02404492,67.1,0.025,0.0,BTC-27SEP19-3000-P,4993.34,63.4,0.02,6.0,0.028,18.0,70.5,5.65072,-1.09033,-2.74046,7e-05,-0.09101
4993.34,index_price,1554548346374,open,0.35,23.7,0.34913568,0.34968187,0.35057811,91.83,0.1875,0,BTC-26APR19-3250-C,4993.34,0.0,0.0,0.0,0.0,0.0,0.0,0.50047,-1.15609,1.71858,4e-05,0.98263
167.13,ETH-28JUN19,1554548346405,open,0.04,801.0,0.016654,0.098221,0.043951,81.77,0.047,0.0,ETH-28JUN19-240-C,162.9,78.29,0.039,48.0,0.048,48.0,84.52,0.24269,-0.11972,0.07117,0.00468,0.23149
168.19,ETH-27SEP19,1554548346455,open,0.03,0.0,0.007734,0.123797,0.034549,82.78,None,0.0,ETH-27SEP19-360-C,162.9,77.07,0.026,60.0,0.043,60.0,87.83,0.2679,-0.06377,0.09067,0.0024,0.14772
162.9,index_price,1554548346461,open,0.34,0.0,0.346182,0.34889,0.347627,116.96,None,0.2,ETH-12APR19-220-P,162.9,0.0,0.001,10.0,0.0,0.0,0.0,0.01283,-0.00981,-0.03463,0.00257,-0.97313
167.13,ETH-28JUN19,1554548346466,open,0.05,1106.0,0.026162,0.100052,0.047095,77.08,0.043,0.0,ETH-28JUN19-130-P,162.9,73.91,0.043,48.0,0.051,48.0,80.05,0.21804,-0.10139,-0.09103,0.00446,-0.19278
4999.98,BTC-27SEP19,1554548346552,open,0.31,35.0,0.27173771,0.45926464,0.30817335,63.75,0.3285,0.0,BTC-27DEC19-4000-C,4993.34,51.26,0.275,3.0,0.3225,3.0,69.05,13.46251,-1.62,16.12259,0.00012,0.75252
162.9,index_price,1554548346621,open,0.01,1.0,0.000714,0.019701,0.009097,101.49,0.008,0.2,ETH-19APR19-130-P,162.9,82.41,0.004,100.0,0.014,100.0,115.68,0.05135,-0.19318,-0.00593,0.00541,-0.09411
168.19,ETH-27SEP19,1554548346721,open,0.65,0.0,0.643764,0.670716,0.650835,90.88,None,0.0,ETH-27SEP19-60-C,162.9,0.0,0.0,0.0,0.0,0.0,0.0,0.06825,-0.01784,0.25958,0.00056,0.97482
167.13,ETH-28JUN19,1554548346729,open,0.69,0.0,0.68052,0.739777,0.701273,85.99,None,0.0,ETH-28JUN19-280-P,162.9,0.0,0.0,0.0,0.0,0.0,0.0,0.1822,-0.09452,-0.59026,0.00334,-0.85418
167.13,ETH-28JUN19,1554548346772,open,0.07,1624.0,0.042514,0.127207,0.06774,77.06,0.066,0.0,ETH-28JUN19-140-P,162.9,73.27,0.062,48.0,0.072,48.0,79.85,0.25452,-0.11833,-0.1216,0.00521,-0.25271
162.9,index_price,1554548346774,open,0.16,43.0,0.150374,0.181558,0.160717,88.89,0.176,0.2,ETH-19APR19-140-C,162.9,82.49,0.158,20.0,0.172,20.0,112.26,0.07158,-0.30853,0.03957,0.0086,0.84923
162.9,index_price,1554548346850,open,0.0,506.0,2.5e-05,0.005534,0.002561,109.42,0.001,0.2,ETH-12APR19-130-P,162.9,92.28,0.001,110.0,0.004,50.0,120.38,0.01886,-0.17155,-0.00119,0.00404,-0.04293
167.13,ETH-28JUN19,1554548346890,open,0.58,0.0,0.565015,0.635126,0.589124,83.93,None,0.0,ETH-28JUN19-260-P,162.9,0.0,0.0,0.0,0.0,0.0,0.0,0.21094,-0.10681,-0.5337,0.00396,-0.81728
167.13,ETH-28JUN19,1554548346913,open,0.2,484.0,0.166656,0.259963,0.19501,76.87,0.201,0.0,ETH-28JUN19-150-C,162.9,73.91,0.19,2.0,0.202,36.0,80.99,0.28336,-0.13142,0.18549,0.00581,0.6838
162.9,index_price,1554548346952,open,0.15,713.0,0.143888,0.157603,0.148108,92.59,0.163,0.2,ETH-12APR19-140-C,162.9,86.61,0.147,20.0,0.156,20.0,124.57,0.03201,-0.32068,0.02012,0.00809,0.91555
4999.93,BTC-27SEP19,1554548347048,open,0.1,7.6,0.07436564,0.13461695,0.09643092,63.62,0.0885,0.0,BTC-27SEP19-4250-P,4993.35,61.05,0.0905,6.0,0.1035,14.4,66.67,11.57046,-2.11673,-8.91154,0.00015,-0.27772
4999.93,BTC-27SEP19,1554548347048,open,0.15,5.0,0.12049006,0.1879734,0.14517738,63.47,0.1625,0.0,BTC-27SEP19-4750-P,4993.35,60.13,0.1365,3.0,0.15,5.0,65.32,13.01126,-2.37461,-12.2326,0.00017,-0.3684
4999.93,BTC-27SEP19,1554548347048,open,0.25,0.0,0.22435374,0.28460505,0.24641392,63.62,None,0.0,BTC-27SEP19-4250-C,4993.35,0.0,0.0,0.0,0.0,0.0,0.0,11.57042,-2.11665,11.33442,0.00015,0.72229
4999.94,BTC-27SEP19,1554548347048,open,0.45,0.0,0.41824954,0.54668032,0.44578901,68.22,None,0.0,BTC-27DEC19-3000-C,4993.35,0.0,0.0,0.0,0.0,0.0,0.0,8.57518,-1.10435,15.71502,7e-05,0.8789
4994.55,BTC-28JUN19,1554548347050,open,0.0,869.0,8.929e-05,0.00250951,0.00402395,81.42,0.0045,0.0,BTC-28JUN19-2500-P,4993.35,77.29,0.003,10.0,0.005,18.0,84.83,1.34317,-0.65981,-0.31758,3e-05,-0.02398
4999.94,BTC-27SEP19,1554548347051,open,1.02,2.0,1.00640189,1.03808202,1.02510421,71.7,1.8325,0.0,BTC-27SEP19-10000-P,4993.35,0.0,0.0015,20.0,0.0,0.0,0.0,7.08089,-1.46003,-45.27104,8e-05,-0.87558
4994.55,BTC-28JUN19,1554548347051,open,0.62,24.8,0.60445108,0.62133599,0.61908807,72.67,1.058,0.0,BTC-28JUN19-8000-P,4993.35,0.0,0.0,0.0,0.0,0.0,0.0,4.69246,-2.05742,-17.02793,0.00011,-0.88243
4994.55,BTC-28JUN19,1554548347051,open,1.8,1.3,1.80305597,1.803393,1.8061899,95.95,2.415,0.0,BTC-28JUN19-14000-P,4993.35,0.0,0.0,0.0,0.0,0.0,0.0,1.22024,-0.70639,-31.58081,2e-05,-0.9786
4993.35,index_price,1554548347048,open,0.05,65.0,0.04094668,0.07303973,0.05330921,75.51,0.0525,0,BTC-12APR19-5125-P,4993.35,68.78,0.05,18.0,0.0555,18.0,79.94,2.46499,-15.83862,-0.51591,0.00081,-0.58852
4994.55,BTC-28JUN19,1554548347051,open,3.0,0.4,3.00436476,3.0043732,3.00570174,110.48,5.076,0.0,BTC-28JUN19-20000-P,4993.35,0.0,0.0,0.0,0.0,0.0,0.0,0.56942,-0.37953,-45.32626,1e-05,-0.99116
4994.55,BTC-28JUN19,1554548347051,open,0.32,164.9,0.30515195,0.32414749,0.31914375,69.56,0.328,0.0,BTC-28JUN19-3500-C,4993.35,51.58,0.306,5.0,0.3315,5.0,82.38,4.4094,-1.85045,6.49918,0.00011,0.89224
4999.94,BTC-27SEP19,1554548347051,open,0.51,57.5,0.50318347,0.51902475,0.51125781,69.85,0.389,0.0,BTC-27SEP19-2500-C,4993.35,0.0,0.0005,1.0,0.0,0.0,0.0,3.36437,-0.67581,10.531,4e-05,0.9534
4994.56,BTC-28JUN19,1554548347052,open,1.6,0.8,1.60283443,1.60348248,1.60656484,92.59,2.171,0.0,BTC-28JUN19-13000-P,4993.35,0.0,0.07,1.0,0.0,0.0,0.0,1.42503,-0.79604,-29.26788,3e-05,-0.97427
4999.94,BTC-27SEP19,1554548347051,open,0.43,246.8,0.41114746,0.44005112,0.42398972,67.06,0.3115,0.0,BTC-27SEP19-3000-C,4993.35,0.0,0.135,0.1,0.0,0.0,0.0,5.64657,-1.08883,11.55398,7e-05,0.90908
4999.94,BTC-27SEP19,1554548347052,open,0.22,297.4,0.19593867,0.26028376,0.21927755,63.44,0.218,0.0,BTC-27SEP19-4500-C,4993.35,59.89,0.2105,3.0,0.225,3.0,65.75,12.38778,-2.25974,10.90392,0.00016,0.67707
4994.56,BTC-28JUN19,1554548347052,open,0.07,51.6,0.04906689,0.09091748,0.07392535,64.97,0.072,0.0,BTC-28JUN19-4500-P,4993.35,62.93,0.0705,19.4,0.076,6.7,66.2,8.41386,-3.29801,-4.37091,0.00023,-0.3115
4994.56,BTC-28JUN19,1554548347052,open,0.0,731.6,0.0,8.44e-06,0.0008238,105.15,0.001,0.0,BTC-28JUN19-20000-C,4993.35,0.0,0.0,0.0,0.0025,0.1,118.49,0.39814,-0.25256,0.05747,1e-05,0.00589
4994.56,BTC-28JUN19,1554548347052,open,0.0,311.4,6.4e-07,0.00033767,0.00277534,94.42,0.005,0.0,BTC-28JUN19-14000-C,4993.35,87.52,0.0015,18.0,0.005,18.0,102.44,1.1239,-0.64024,0.18876,2e-05,0.01942
4994.56,BTC-28JUN19,1554548347052,open,0.26,35.5,0.23426545,0.27658041,0.25996102,65.6,0.451,0.0,BTC-28JUN19-6000-P,4993.35,0.0,0.0,0.0,0.0,0.0,0.0,8.6543,-3.42497,-10.50744,0.00023,-0.66658
4993.35,index_price,1554548347048,open,0.02,78.0,0.00688401,0.02594914,0.01984196,71.56,0.02,0,BTC-26APR19-5750-C,4993.35,68.88,0.018,24.0,0.0215,24.0,73.91,3.47857,-6.2617,0.5529,0.00036,0.22318
4994.56,BTC-28JUN19,1554548347052,open,0.0,347.3,1.037e-05,0.00126717,0.00436456,88.37,0.0065,0.0,BTC-28JUN19-12000-C,4993.35,81.68,0.0025,18.0,0.0065,18.0,94.04,1.64938,-0.8794,0.29834,3e-05,0.03067
4994.56,BTC-28JUN19,1554548347052,open,1.4,10.0,1.40262442,1.40388121,1.40729132,89.3,1.243,0.0,BTC-28JUN19-12000-P,4993.35,0.0,0.0,0.0,0.0,0.0,0.0,1.72397,-0.92881,-26.93289,3e-05,-0.96764
4999.94,BTC-27SEP19,1554548347052,open,0.0,2088.3,3.327e-05,0.00151505,0.00145439,79.54,0.001,0.0,BTC-27SEP19-1500-P,4993.35,69.52,0.0005,100.0,0.0025,3.0,86.16,0.65578,-0.15,-0.19669,1e-05,-0.0068
4994.56,BTC-28JUN19,1554548347052,open,0.02,689.9,0.00591567,0.02491104,0.01999739,69.66,0.02,0.0,BTC-28JUN19-3500-P,4993.35,67.94,0.0185,0.2,0.0215,18.0,71.34,4.41662,-1.8562,-1.45161,0.00011,-0.108
4994.56,BTC-28JUN19,1554548347053,open,0.03,1354.1,0.00991521,0.0387452,0.03003544,68.61,0.029,0.0,BTC-28JUN19-7000-C,4993.35,67.03,0.028,12.0,0.032,16.4,70.1,6.50803,-2.69375,1.8412,0.00017,0.19239
4999.94,BTC-27SEP19,1554548347053,open,0.11,701.4,0.08140507,0.15181757,0.10660086,63.44,0.11,0.0,BTC-27SEP19-6000-C,4993.35,60.99,0.1,0.2,0.1095,8.1,64.51,13.50142,-2.46309,7.50575,0.00018,0.42173
4999.94,BTC-27SEP19,1554548347053,open,0.28,239.2,0.25581655,0.31105194,0.27768439,64.53,0.276,0.0,BTC-27SEP19-4000-C,4993.35,62.79,0.274,5.0,0.47,1.5,153.22,10.59571,-1.96628,11.6157,0.00014,0.76536
4994.56,BTC-28JUN19,1554548347053,open,0.6,20.1,0.59956646,0.59993408,0.60101371,88.99,0.578,0.0,BTC-28JUN19-2000-C,4993.35,0.0,0.0005,1.0,0.0,0.0,0.0,0.57215,-0.30719,4.42391,1e-05,0.99111
4994.56,BTC-28JUN19,1554548347053,open,0.01,1095.2,0.00106423,0.00947334,0.00851248,73.12,0.009,0.0,BTC-28JUN19-3000-P,4993.35,72.07,0.008,10.0,0.009,73.5,74.09,2.48555,-1.09648,-0.67256,6e-05,-0.05079
4993.35,index_price,1554548347052,open,0.09,134.8,0.07774575,0.10470225,0.09541462,69.82,0.0905,0,BTC-26APR19-5250-P,4993.35,66.05,0.092,18.0,0.0985,18.0,73.21,4.53117,-7.95878,-1.86223,0.00048,-0.58946
4994.56,BTC-28JUN19,1554548347052,open,0.43,19.5,0.41144007,0.44027006,0.43174272,68.75,0.7515,0.0,BTC-28JUN19-7000-P,4993.35,0.0,0.0,0.0,0.0,0.0,0.0,6.5218,-2.70495,-14.04728,0.00017,-0.80694
4994.56,BTC-28JUN19,1554548347053,open,0.0,365.6,1.6e-07,0.00017728,0.00199736,95.5,0.002,0.0,BTC-28JUN19-15000-C,4993.35,92.33,0.0015,18.0,0.0025,1.0,98.18,0.86477,-0.49825,0.13947,2e-05,0.0143
4999.94,BTC-27SEP19,1554548347053,open,0.01,695.2,0.00180393,0.01999996,0.01423182,74.61,0.0105,0.0,BTC-27SEP19-12000-C,4993.35,70.45,0.0105,33.0,0.018,25.0,78.24,4.86409,-1.04365,1.43738,5e-05,0.07458
4999.94,BTC-27SEP19,1554548347048,open,0.71,0.0,0.70015561,0.73012709,0.70502989,78.58,None,0.0,BTC-27DEC19-1500-C,4993.35,0.0,0.0,0.0,0.0,0.0,0.0,1.74604,-0.259,10.10574,1e-05,0.98355
4999.94,BTC-27SEP19,1554548347053,open,0.0,603.7,0.00052927,0.00684789,0.00422369,72.96,0.002,0.0,BTC-27SEP19-2000-P,4993.35,61.81,0.0015,10.0,0.0065,18.0,79.17,1.6113,-0.33806,-0.55703,2e-05,-0.01916
4993.35,index_price,1554548347049,open,0.23,0.0,0.22717624,0.24862802,0.23297579,79.05,None,0,BTC-19APR19-6125-P,4993.35,0.0,0.0,0.0,0.0,0.0,0.0,1.6037,-4.92276,-2.00181,0.00023,-0.90348
4999.94,BTC-27SEP19,1554548347054,open,1.21,3.1,1.20340464,1.22749894,1.21817983,72.77,1.9215,0.0,BTC-27SEP19-11000-P,4993.35,0.0,0.0015,30.0,0.0,0.0,0.0,5.76968,-1.20728,-50.60364,7e-05,-0.90639
4999.94,BTC-27SEP19,1554548347054,open,0.05,283.0,0.02787656,0.07076365,0.04669703,66.12,0.047,0.0,BTC-27SEP19-3500-P,4993.35,64.17,0.0435,6.7,0.05,14.4,68.1,8.26926,-1.57234,-4.8355,0.00011,-0.15632
4994.56,BTC-28JUN19,1554548347055,open,0.0,132.3,2.55e-06,0.0006506,0.00339418,91.37,0.004,0.0,BTC-28JUN19-13000-C,4993.35,85.22,0.002,18.0,0.0055,18.0,98.02,1.33829,-0.7377,0.23228,3e-05,0.02388
4994.56,BTC-28JUN19,1554548347055,open,0.0,1461.2,1e-08,1.91e-05,0.00071782,105.0,0.0005,0.0,BTC-28JUN19-1500-P,4993.35,100.61,0.0005,173.2,0.0015,11.2,115.62,0.28025,-0.17753,-0.0532,0.0,-0.00397
4993.35,index_price,1554548347052,open,0.03,1036.5,0.01398599,0.03761113,0.02941965,70.2,0.031,0,BTC-26APR19-5500-C,4993.35,67.22,0.027,24.0,0.0315,10.0,72.72,4.08566,-7.21474,0.75123,0.00043,0.3057
4993.35,index_price,1554548347049,open,0.28,6.0,0.27403447,0.27464959,0.2743499,105.45,0.11,0,BTC-12APR19-3625-C,4993.35,0.0,0.0005,20.0,0.0,0.0,0.0,0.12244,-1.09868,0.57772,3e-05,0.99307
4993.35,index_price,1554548347048,open,0.35,0.0,0.34913435,0.34918911,0.3491254,0.0,None,0,BTC-12APR19-3250-C,4993.35,0.0,0.001,20.0,0.0,0.0,0.0,0.0,0.0,0.52318,0.0,1.0
4993.35,index_price,1554548347052,open,0.06,167.0,0.04722083,0.07508502,0.06562326,69.8,0.0625,0,BTC-26APR19-5000-P,4993.35,66.44,0.0625,18.0,0.0685,18.0,72.9,4.63608,-8.14102,-1.45856,0.00049,-0.47079
4993.35,index_price,1554548347049,open,0.02,0.2,0.01055419,0.05108062,0.02487377,74.82,0.0285,0,BTC-19APR19-4625-P,4993.35,69.31,0.0215,24.0,0.0255,1.0,75.82,3.09563,-8.9938,-0.51778,0.00047,-0.26908
4993.35,index_price,1554548347052,open,0.0,1796.1,0.0,2.602e-05,0.00067687,110.66,0.0005,0,BTC-26APR19-2750-P,4993.35,0.0,0.0,0.0,0.1505,10.0,492.45,0.2374,-0.66089,-0.02186,2e-05,-0.00736
4993.35,index_price,1554548347048,open,0.02,0.2,0.00484782,0.04168147,0.0162684,74.5,0.0175,0,BTC-19APR19-5625-C,4993.35,70.3,0.014,24.0,0.0185,1.0,78.46,2.75719,-7.97622,0.3541,0.00042,0.21729
4993.35,index_price,1554548347052,open,0.5,0.0,0.49933411,0.49933744,0.49955806,111.63,None,0,BTC-26APR19-2500-C,4993.35,0.0,0.0,0.0,0.0,0.0,0.0,0.09588,-0.26926,1.35349,1e-05,0.99733
