underlying_price,underlying_index,timestamp,state,settlement_price,open_interest,min_price,max_price,mark_price,mark_iv,last_price,interest_rate,instrument_name,index_price,bid_iv,best_bid_price,best_bid_amount,best_ask_price,best_ask_amount,ask_iv,vega,theta,rho,gamma,delta
8727.83,index_price,1559473140253,open,0.01,37.2,0.0005,0.0495,0.00968812,85.99,0.009,0,BTC-14JUN19-10500-C,8727.83,81.46,0.008,30.4,0.0105,0.5,88.06,3.3762,-12.22394,0.34903,0.00016,0.1326
270.94,index_price,1559473140289,open,0.01,0.0,0.001,0.053,0.013618,109.28,None,0,ETH-14JUN19-340-C,270.94,97.16,0.009,300.0,0.017,300.0,117.11,0.11196,-0.51511,0.01168,0.00429,0.1461
8933.07,BTC-27SEP19,1559473140365,open,0.01,121.4,0.0005,0.049,0.00936141,92.23,0.01,0.0,BTC-27SEP19-24000-C,8727.85,87.91,0.007,7.0,0.0115,6.0,95.6,5.31763,-2.09806,1.19841,2e-05,0.05126
8933.07,BTC-27SEP19,1559473140365,open,1.48,0.0,1.3765,1.574,1.47522036,90.62,None,0.0,BTC-27SEP19-22000-P,8727.85,0.0,0.0055,10.0,0.0,0.0,0.0,6.53606,-2.53399,-68.89523,3e-05,-0.93334
8834.34,BTC-28JUN19,1559473140366,open,0.06,14.8,0.0225,0.102,0.06216848,86.54,0.054,0.0,BTC-28JUN19-9500-C,8727.85,82.53,0.058,14.4,0.0655,14.4,89.73,9.19796,-15.38087,2.24551,0.00019,0.42071
8933.07,BTC-27SEP19,1559473140366,open,1.26,0.0,1.1665,1.3465,1.25629094,89.35,None,0.0,BTC-27SEP19-20000-P,8727.85,0.0,0.0055,10.0,2.01,0.2,500.0,8.20383,-3.13599,-61.96742,4e-05,-0.91007
8727.85,index_price,1559473140365,open,0.06,27.3,0.0155,0.0995,0.05768932,85.86,0.05,0,BTC-7JUN19-9000-P,8727.85,66.1,0.049,18.0,0.0565,18.0,83.19,3.89075,-34.25937,-0.76968,0.00045,-0.60249
8834.36,BTC-28JUN19,1559473140368,open,0.14,23.1,0.0925,0.183,0.13752128,86.54,0.175,0.0,BTC-28JUN19-9500-P,8727.85,82.67,0.1335,14.4,0.143,14.4,91.79,9.19805,-15.38191,-4.48921,0.00019,-0.57927
8727.85,index_price,1559473140365,open,0.0,325.0,0.0005,0.043,0.00318664,90.53,0.0035,0,BTC-7JUN19-7500-P,8727.85,81.65,0.002,1.0,0.0045,30.0,98.59,1.30389,-12.10532,-0.0814,0.00014,-0.06664
8933.09,BTC-27SEP19,1559473140369,open,0.41,231.1,0.3765,0.456,0.41637171,86.61,0.3795,0.0,BTC-27SEP19-5500-C,8727.85,0.0,0.004,0.6,0.459,3.0,122.13,9.40996,-3.48646,13.59162,4e-05,0.89153
8727.85,index_price,1559473140365,open,0.0,119.4,0.0005,0.04,0.00034782,134.94,0.0005,0,BTC-7JUN19-6000-P,8727.85,0.0,0.0,0.0,0.001,11.5,155.48,0.18543,-2.56595,-0.00804,1e-05,-0.00655
8834.36,BTC-28JUN19,1559473140369,open,0.03,147.1,0.0005,0.0725,0.03284354,86.54,0.031,0.0,BTC-28JUN19-10500-C,8727.85,83.23,0.03,19.3,0.0335,0.1,87.29,7.67332,-12.8313,1.44082,0.00016,0.2629
8727.85,index_price,1559473140365,open,0.26,402.5,0.211,0.3115,0.26136394,99.06,0.32,0,BTC-7JUN19-11000-P,8727.85,0.0,0.0,0.0,0.3025,0.1,259.22,0.58539,-5.94703,-1.44169,6e-05,-0.97521
8933.09,BTC-27SEP19,1559473140365,open,0.02,10.0,0.0005,0.0615,0.02165042,96.98,0.0285,0.0,BTC-27DEC19-32000-C,8727.85,94.16,0.0185,6.0,0.0245,6.0,99.34,10.41507,-2.42952,3.18163,2e-05,0.08419
8727.85,index_price,1559473140366,open,0.08,1.3,0.0365,0.1225,0.07950277,85.86,0.0695,0,BTC-14JUN19-9000-P,8727.85,70.4,0.0685,18.0,0.076,18.0,80.95,6.23491,-22.53911,-1.78216,0.00029,-0.54808
8727.85,index_price,1559473140365,open,0.01,34.9,0.0005,0.0445,0.00462574,82.74,0.008,0,BTC-7JUN19-7750-P,8727.85,76.78,0.0035,31.0,0.0055,0.2,86.94,1.75026,-14.85066,-0.12018,0.00021,-0.09845
8933.09,BTC-27SEP19,1559473140365,open,0.03,16.5,0.0005,0.0675,0.02766495,94.35,0.0295,0.0,BTC-27DEC19-28000-C,8727.85,91.98,0.0245,6.0,0.0305,6.0,96.35,12.33631,-2.79954,3.98145,3e-05,0.10592
8727.85,index_price,1559473140365,open,0.31,8.4,0.273,0.3525,0.31289172,134.87,0.25,0,BTC-7JUN19-6000-C,8727.85,0.0,0.0505,2.0,0.3335,3.0,303.16,0.18484,-2.55641,0.79347,1e-05,0.99347
8727.85,index_price,1559473140365,open,0.01,373.0,0.0005,0.051,0.01128988,85.86,0.009,0,BTC-7JUN19-9500-C,8727.85,78.77,0.009,24.1,0.0125,0.3,89.43,2.91134,-25.63389,0.23226,0.00033,0.21051
8933.09,BTC-27SEP19,1559473140366,open,2.61,0.0,2.46,2.748,2.60385373,97.0,None,0.0,BTC-27DEC19-32000-P,8727.85,0.0,0.0,0.0,0.0,0.0,0.0,10.41941,-2.43088,-179.064,2e-05,-0.91577
8727.85,index_price,1559473140366,open,0.0,576.7,0.0005,0.041,0.00102775,99.02,0.001,0,BTC-7JUN19-11000-C,8727.85,89.26,0.0005,54.9,0.0015,12.7,105.26,0.58436,-5.93389,0.02764,6e-05,0.02474
8727.85,index_price,1559473140366,open,0.15,0.0,0.1125,0.192,0.15209416,83.37,None,0,BTC-14JUN19-7500-C,8727.85,0.0,0.1405,0.1,0.1855,3.0,149.89,3.49227,-12.25789,2.01221,0.00017,0.86069
8727.85,index_price,1559473140365,open,0.0,307.3,0.0005,0.042,0.00225723,94.74,0.0025,0,BTC-7JUN19-10500-C,8727.85,87.77,0.0015,8.0,0.003,36.3,100.38,1.05985,-10.29657,0.05704,0.00011,0.05118
8727.85,index_price,1559473140365,open,0.0,7.0,0.0005,0.042,0.00238704,99.75,0.002,0,BTC-7JUN19-7250-P,8727.85,96.22,0.002,3.0,0.003,41.0,104.76,1.00325,-10.26266,-0.05849,0.0001,-0.04778
8727.85,index_price,1559473140366,open,0.01,7.3,0.0005,0.0515,0.01141429,83.37,0.01,0,BTC-14JUN19-7500-P,8727.85,78.43,0.0095,30.0,0.0115,0.1,83.59,3.49248,-12.25936,-0.42804,0.00017,-0.13932
8933.09,BTC-27SEP19,1559473140424,open,1.09,0.0,0.9985,1.1645,1.08128939,87.18,None,0.0,BTC-27DEC19-18000-P,8727.85,0.0,0.0055,5.0,1.932,0.2,500.0,20.51555,-4.30216,-94.13996,5e-05,-0.76909
270.94,index_price,1559473140479,open,0.0,12.0,0.001,0.043,0.002941,99.98,0.007,0,ETH-14JUN19-200-P,270.94,0.0,0.0,0.0,0.006,350.0,116.63,0.04045,-0.17027,-0.00362,0.00169,-0.03807
270.94,index_price,1559473140542,open,0.26,0.0,0.218,0.319,0.268508,109.28,None,0,ETH-14JUN19-340-P,270.94,0.0,0.0,0.0,0.0,0.0,0.0,0.11196,-0.51511,-0.09894,0.00429,-0.8539
270.94,index_price,1559473140562,open,0.0,417.0,0.001,0.041,0.001465,113.86,0.005,0,ETH-7JUN19-350-C,270.94,0.0,0.0,0.0,0.003,300.0,129.29,0.02135,-0.24926,0.00104,0.00191,0.03007
270.94,index_price,1559473140638,open,0.3,0.0,0.251,0.354,0.302305,110.18,None,0,ETH-14JUN19-350-P,270.94,0.0,0.0,0.0,0.0,0.0,0.0,0.09616,-0.44608,-0.10447,0.00365,-0.88277
282.94,ETH-27SEP19,1559473140733,open,1.16,0.0,1.081,1.254,1.167573,109.02,None,0.0,ETH-27SEP19-600-P,270.94,0.0,0.0,0.0,0.0,0.0,0.0,0.42217,-0.19689,-1.79946,0.00151,-0.8186
270.94,index_price,1559473140737,open,0.33,0.0,0.284,0.39,0.336745,110.87,None,0,ETH-14JUN19-360-P,270.94,0.0,0.0,0.0,0.0,0.0,0.0,0.08146,-0.38022,-0.10962,0.00308,-0.90678
270.94,index_price,1559473140765,open,0.04,255.0,0.001,0.083,0.041453,93.82,0.107,0,ETH-7JUN19-270-P,270.94,79.78,0.035,180.0,0.044,180.0,99.37,0.12446,-1.19754,-0.01835,0.01353,-0.46563
270.94,index_price,1559473140775,open,0.23,200.0,0.186,0.265,0.225847,109.78,0.142,0,ETH-7JUN19-210-C,270.94,0.0,0.001,30.0,0.301,3.0,408.35,0.01461,-0.16452,0.02733,0.00136,0.98085
270.94,index_price,1559473140828,open,0.01,124.0,0.001,0.05,0.010404,111.1,0.01,0,ETH-7JUN19-310-C,270.94,109.66,0.01,1.0,0.012,240.0,116.57,0.07694,-0.87654,0.0055,0.00706,0.1624
270.94,index_price,1559473140847,open,0.22,301.0,0.173,0.27,0.221802,111.1,0.2,0,ETH-7JUN19-330-P,270.94,0.0,0.211,60.0,0.218,60.0,54.89,0.04231,-0.48204,-0.04167,0.00388,-0.92943
270.94,index_price,1559473140857,open,0.03,11.0,0.001,0.069,0.02958,107.08,0.024,0,ETH-14JUN19-310-C,270.94,95.82,0.023,240.0,0.034,240.0,114.33,0.16279,-0.73393,0.02155,0.00636,0.27403
8933.09,BTC-27SEP19,1559473140993,open,0.07,74.7,0.0265,0.106,0.06630236,87.18,0.066,0.0,BTC-27DEC19-18000-C,8727.85,85.29,0.062,14.9,0.07,4.9,88.78,20.51485,-4.30187,8.3737,5e-05,0.23089
8727.85,index_price,1559473140995,open,0.04,4.6,0.0005,0.0795,0.03819911,79.99,0.0345,0,BTC-7JUN19-8750-P,8727.85,67.63,0.0325,18.0,0.0395,18.0,82.81,4.02358,-33.00549,-0.61872,0.00049,-0.4925
8727.85,index_price,1559473141021,open,0.02,34.2,0.0005,0.0575,0.01762873,85.86,0.019,0,BTC-7JUN19-9250-C,8727.85,77.89,0.0145,24.0,0.019,0.4,89.27,3.48597,-30.69332,0.32456,0.0004,0.29601
270.94,index_price,1559473141032,open,0.01,970.0,0.001,0.047,0.007197,95.74,0.007,0,ETH-7JUN19-240-P,270.94,90.52,0.006,1.0,0.008,300.0,99.05,0.0644,-0.63223,-0.00478,0.00686,-0.12482
8727.85,index_price,1559473141035,open,0.07,13.3,0.03,0.1095,0.06967844,79.98,0.0765,0,BTC-7JUN19-8250-C,8727.85,80.85,0.07,6.0,0.0745,1.8,92.62,3.24668,-26.63031,0.78602,0.0004,0.74387
8727.85,index_price,1559473141037,open,0.06,27.3,0.0155,0.0995,0.05768932,85.86,0.05,0,BTC-7JUN19-9000-P,8727.85,66.1,0.049,18.0,0.056,18.0,82.07,3.89075,-34.25937,-0.76968,0.00045,-0.60249
8727.85,index_price,1559473141047,open,0.09,103.7,0.0525,0.132,0.09240319,82.73,0.081,0,BTC-7JUN19-8000-C,8727.85,84.76,0.093,6.0,0.0995,6.0,105.03,2.54214,-21.56778,0.86121,0.0003,0.83109
270.94,index_price,1559473141129,open,0.17,0.0,0.127,0.22,0.173745,107.08,None,0,ETH-14JUN19-310-P,270.94,74.34,0.156,60.0,0.169,60.0,99.03,0.16279,-0.73392,-0.07931,0.00636,-0.72597
270.94,index_price,1559473141169,open,0.05,23.0,0.009,0.092,0.050684,98.01,0.052,0,ETH-14JUN19-260-P,270.94,82.3,0.04,240.0,0.052,240.0,99.93,0.18515,-0.76397,-0.03743,0.00791,-0.3739
8933.1,BTC-27SEP19,1559473141368,open,0.01,1028.2,0.0005,0.0525,0.01225054,92.26,0.0175,0.0,BTC-27SEP19-4250-P,8727.85,86.92,0.0095,16.0,0.0145,6.0,96.21,4.88493,-1.92798,-1.66893,2e-05,-0.04609
8933.1,BTC-27SEP19,1559473141370,open,0.5,4.4,0.433,0.552,0.49239352,83.86,0.5765,0.0,BTC-27DEC19-12000-P,8727.85,77.14,0.4725,3.6,0.4895,3.6,82.89,26.59412,-5.36414,-53.52097,7e-05,-0.55959
8834.37,BTC-28JUN19,1559473141398,open,0.0,479.7,0.0005,0.043,0.00309723,89.81,0.0115,0.0,BTC-28JUN19-14000-C,8727.85,80.35,0.0015,34.0,0.0045,24.0,95.81,1.8377,-3.18917,0.20277,4e-05,0.03547
270.94,index_price,1559473141436,open,0.2,0.0,0.158,0.237,0.197333,98.01,None,0,ETH-14JUN19-220-C,270.94,100.04,0.198,60.0,0.208,60.0,126.26,0.08743,-0.36075,0.06171,0.00373,0.89734
270.94,index_price,1559473141444,open,0.07,10.0,0.033,0.112,0.072059,98.01,0.077,0,ETH-14JUN19-270-C,270.94,93.73,0.069,180.0,0.083,180.0,113.31,0.19383,-0.79982,0.04152,0.00828,0.54302
8834.37,BTC-28JUN19,1559473141453,open,0.1,103.7,0.058,0.146,0.10205654,86.35,0.122,0.0,BTC-28JUN19-9000-P,8727.85,82.53,0.098,14.4,0.107,14.4,91.01,9.37846,-15.64922,-3.68524,0.0002,-0.48637
275.14,ETH-28JUN19,1559473141457,open,0.01,5112.0,0.001,0.05,0.00998,93.47,0.005,0.0,ETH-28JUN19-200-P,270.94,70.86,0.003,240.0,0.008,240.0,88.19,0.10876,-0.19643,-0.01752,0.00217,-0.07985
8933.1,BTC-27SEP19,1559473141465,open,0.09,578.2,0.049,0.1285,0.08861034,84.08,0.0905,0.0,BTC-27SEP19-12000-C,8727.85,82.12,0.0845,10.0,0.092,2.0,85.69,18.74448,-6.74262,7.50779,9e-05,0.35108
270.94,index_price,1559473141493,open,0.02,1.0,0.001,0.062,0.022939,107.82,0.023,0,ETH-14JUN19-320-C,270.94,98.34,0.018,240.0,0.026,240.0,113.39,0.14623,-0.66381,0.01773,0.00568,0.22408
8933.1,BTC-27SEP19,1559473141538,open,0.26,5.7,0.2135,0.314,0.26367548,83.74,0.334,0.0,BTC-27SEP19-10000-P,8727.85,80.78,0.257,3.6,0.27,3.6,86.54,20.16637,-7.22444,-21.8578,9e-05,-0.50046
8834.37,BTC-28JUN19,1559473141576,open,0.6,143.2,0.5645,0.644,0.60417238,134.98,0.56,0.0,BTC-28JUN19-3500-C,8727.85,0.0,0.15,0.1,0.6045,0.4,145.68,0.21044,-0.54887,2.4607,0.0,0.99707
8834.37,BTC-28JUN19,1559473141576,open,0.01,355.5,0.0005,0.046,0.00621856,89.09,0.006,0.0,BTC-28JUN19-13000-C,8727.85,83.58,0.0045,24.0,0.008,24.0,93.98,3.00143,-5.16702,0.37148,6e-05,0.06553
8933.1,BTC-27SEP19,1559473141576,open,0.56,233.5,0.522,0.6015,0.56187612,93.4,0.58,0.0,BTC-27SEP19-4000-C,8727.85,0.0,0.1655,1.1,0.59,0.1,136.22,4.10352,-1.63965,11.46897,2e-05,0.96283
8933.1,BTC-27SEP19,1559473141576,open,0.0,1639.1,0.0005,0.0405,0.00092537,134.16,0.0005,0.0,BTC-27SEP19-1500-P,8727.85,0.0,0.0,0.0,0.003,0.1,158.78,0.48559,-0.27869,-0.11706,0.0,-0.00317
8933.1,BTC-27SEP19,1559473141576,open,1.3,0.0,1.202,1.385,1.29367994,89.25,None,0.0,BTC-27DEC19-20000-P,8727.85,0.0,0.0055,5.0,2.152,0.2,500.0,18.58462,-3.9898,-106.77452,5e-05,-0.80504
270.94,index_price,1559473141597,open,0.06,32.0,0.024,0.108,0.066075,101.38,0.058,0,ETH-7JUN19-280-P,270.94,78.74,0.056,180.0,0.066,180.0,101.21,0.12188,-1.26713,-0.02367,0.01226,-0.5879
8834.37,BTC-28JUN19,1559473141608,open,0.18,43.0,0.1305,0.2245,0.17747235,86.54,0.177,0.0,BTC-28JUN19-10000-P,8727.85,0.0,0.055,0.1,0.595,1.0,500.0,8.58212,-14.35139,-5.26834,0.00018,-0.66373
8933.11,BTC-27SEP19,1559473141608,open,0.53,0.0,0.464,0.585,0.52450647,84.08,None,0.0,BTC-27SEP19-13000-P,8727.85,0.0,0.0065,0.1,1.267,0.3,500.0,17.32985,-6.23388,-35.28526,8e-05,-0.70905
8834.37,BTC-28JUN19,1559473141608,open,0.08,544.2,0.0435,0.123,0.08330702,86.35,0.078,0.0,BTC-28JUN19-9000-C,8727.85,82.3,0.079,2.6,0.0865,14.4,89.36,9.37846,-15.64903,2.69507,0.0002,0.51363
8834.37,BTC-28JUN19,1559473141626,open,0.0,259.1,0.0005,0.041,0.00120772,126.32,0.0015,0.0,BTC-28JUN19-4250-P,8727.85,0.0,0.0,0.0,0.0445,7.1,284.19,0.60187,-1.46908,-0.06734,1e-05,-0.00954
270.94,index_price,1559473141665,open,0.19,18.0,0.15,0.229,0.189491,100.02,0.136,0,ETH-7JUN19-220-C,270.94,105.71,0.19,60.0,0.197,60.0,151.33,0.02217,-0.22744,0.02819,0.00226,0.96852
8933.11,BTC-27SEP19,1559473141671,open,0.13,161.4,0.0845,0.1745,0.12966825,83.59,0.143,0.0,BTC-27SEP19-8000-P,8727.85,81.77,0.126,5.0,0.1335,4.9,85.48,18.05982,-6.45816,-12.84164,8e-05,-0.31927
8933.11,BTC-27SEP19,1559473141690,open,0.14,861.0,0.1045,0.184,0.144242,83.74,0.144,0.0,BTC-27SEP19-10000-C,8727.85,82.3,0.141,10.1,0.148,3.6,85.4,20.16639,-7.22439,10.16297,9e-05,0.49953
270.94,index_price,1559473141700,open,0.01,255.0,0.001,0.046,0.006397,111.1,0.007,0,ETH-7JUN19-320-C,270.94,92.6,0.003,300.0,0.008,300.0,118.16,0.0585,-0.66645,0.00371,0.00537,0.109
8933.11,BTC-27SEP19,1559473141725,open,1.04,1.0,0.9585,1.121,1.03983717,87.9,1.5815,0.0,BTC-27SEP19-18000-P,8727.85,0.0,0.0065,0.1,1.796,0.3,499.82,10.29342,-3.87095,-54.82799,5e-05,-0.87693
8933.11,BTC-27SEP19,1559473141725,open,0.34,53.7,0.2995,0.379,0.33940012,81.37,0.33,0.0,BTC-27DEC19-7000-C,8727.85,41.37,0.2505,0.1,0.3955,0.1,105.18,20.98943,-4.10783,21.3644,6e-05,0.75933
8933.11,BTC-27SEP19,1559473141742,open,0.29,820.8,0.257,0.3365,0.29661438,83.91,0.2815,0.0,BTC-27SEP19-7000-C,8727.85,0.0,0.055,2.4,0.36,5.0,120.18,15.21104,-5.46007,13.64599,7e-05,0.77367
8933.11,BTC-27SEP19,1559473141744,open,0.59,0.5,0.52,0.6465,0.58326789,84.26,0.584,0.0,BTC-27DEC19-13000-P,8727.85,77.2,0.563,3.6,0.5805,3.6,83.31,25.91778,-5.25296,-60.56658,7e-05,-0.60721
270.94,index_price,1559473141772,open,0.2,0.0,0.156,0.252,0.204012,107.82,None,0,ETH-14JUN19-320-P,270.94,69.77,0.187,60.0,0.198,60.0,96.18,0.14623,-0.66381,-0.08638,0.00568,-0.77592
8933.11,BTC-27SEP19,1559473141781,open,0.83,42.8,0.7935,0.873,0.83301035,134.15,0.815,0.0,BTC-27SEP19-1500-C,8727.85,0.0,0.0,0.0,0.0,0.0,0.0,0.48545,-0.2786,4.68609,0.0,0.99683
270.94,index_price,1559473141781,open,0.01,330.0,0.001,0.049,0.009321,98.01,0.013,0,ETH-14JUN19-220-P,270.94,78.56,0.004,300.0,0.011,300.0,103.04,0.08743,-0.36075,-0.00987,0.00373,-0.10266
8933.11,BTC-27SEP19,1559473141793,open,0.03,201.9,0.0005,0.0715,0.03172632,92.89,0.03,0.0,BTC-27DEC19-26000-C,8727.85,90.7,0.0285,6.0,0.0345,6.0,94.68,13.50875,-3.01813,4.50578,3e-05,0.12029
8933.11,BTC-27SEP19,1559473141811,open,0.18,377.8,0.144,0.2235,0.18390383,83.57,0.178,0.0,BTC-27SEP19-9000-C,8727.85,82.94,0.1825,1.0,0.187,3.6,84.98,19.68125,-7.03676,11.53985,9e-05,0.58733
8933.11,BTC-27SEP19,1559473141813,open,0.15,45.4,0.1045,0.196,0.15024602,81.37,0.1775,0.0,BTC-27DEC19-7500-P,8727.85,79.29,0.145,5.0,0.153,4.9,82.46,22.57455,-4.41808,-21.73633,6e-05,-0.27699
8834.37,BTC-28JUN19,1559473141830,open,0.0,717.3,0.0005,0.0415,0.00183052,92.74,0.0005,0.0,BTC-28JUN19-15000-C,8727.85,85.47,0.001,2.0,0.0025,8.0,97.11,1.21869,-2.18392,0.12422,2e-05,0.02167
8727.85,index_price,1559473141872,open,0.12,0.0,0.0735,0.1625,0.11813177,85.93,None,0,BTC-14JUN19-9500-P,8727.85,0.0,0.0,0.0,0.1655,3.0,154.88,5.62542,-20.35299,-2.26819,0.00026,-0.68061
282.93,ETH-27SEP19,1559473141876,open,0.32,818.0,0.274,0.353,0.313934,91.94,0.35,0.0,ETH-27SEP19-220-C,270.94,82.54,0.298,12.0,0.312,12.0,90.8,0.4844,-0.19052,0.41451,0.00206,0.77147
282.93,ETH-27SEP19,1559473141876,open,0.24,36.0,0.195,0.293,0.24402,92.44,0.23,0.0,ETH-27SEP19-300-P,270.94,86.17,0.23,36.0,0.246,36.0,93.33,0.63161,-0.24978,-0.6202,0.00267,-0.44056
275.13,ETH-28JUN19,1559473141876,open,0.42,923.0,0.383,0.462,0.422171,115.92,0.357,0.0,ETH-28JUN19-160-C,270.94,0.0,0.1,3.0,0.0,0.0,0.0,0.04711,-0.10551,0.10724,0.00076,0.97197
282.93,ETH-27SEP19,1559473141876,open,0.03,5371.0,0.001,0.067,0.02647,91.92,0.032,0.0,ETH-27SEP19-160-P,270.94,83.11,0.019,60.0,0.026,60.0,91.4,0.25472,-0.10017,-0.1033,0.00108,-0.08756
282.93,ETH-27SEP19,1559473141876,open,0.07,1466.0,0.031,0.11,0.070598,101.52,0.092,0.0,ETH-27SEP19-480-C,270.94,97.9,0.064,5.0,0.071,48.0,101.74,0.52279,-0.22705,0.17467,0.00201,0.2634
282.93,ETH-27SEP19,1559473141876,open,0.24,954.0,0.2,0.279,0.239962,91.93,0.233,0.0,ETH-27SEP19-260-C,270.94,83.73,0.223,36.0,0.239,36.0,91.47,0.58416,-0.22975,0.38389,0.00248,0.6637
282.93,ETH-27SEP19,1559473141878,open,0.0,174.0,0.001,0.04,0.000487,108.1,0.002,0.0,ETH-27SEP19-60-P,270.94,0.0,0.0,0.0,0.0,0.0,0.0,0.01129,-0.00522,-0.00248,4e-05,-0.00225
282.93,ETH-27SEP19,1559473141881,open,0.52,0.0,0.459,0.579,0.51879,98.17,None,0.0,ETH-27SEP19-400-P,270.94,0.0,0.001,50.0,0.0,0.0,0.0,0.60168,-0.25268,-1.04545,0.00239,-0.63518
275.13,ETH-28JUN19,1559473141891,open,0.35,3366.0,0.31,0.389,0.349398,93.56,0.364,0.0,ETH-28JUN19-180-C,270.94,0.0,0.001,20.0,0.0,0.0,0.0,0.05499,-0.09941,0.12031,0.0011,0.96621
8834.37,BTC-28JUN19,1559473141891,open,0.0,583.0,0.0005,0.043,0.00331522,101.05,0.003,0.0,BTC-28JUN19-5500-P,8727.85,92.46,0.002,10.0,0.004,24.0,104.73,1.55549,-3.03728,-0.20231,3e-05,-0.02899
275.13,ETH-28JUN19,1559473141891,open,0.64,0.0,0.597,0.676,0.636698,135.64,None,0.0,ETH-28JUN19-100-C,270.94,0.0,0.0,0.0,0.0,0.0,0.0,0.00342,-0.00895,0.07058,5e-05,0.99857
275.13,ETH-28JUN19,1559473141897,open,0.05,1832.0,0.009,0.088,0.048131,97.21,0.05,0.0,ETH-28JUN19-320-C,270.94,90.74,0.042,192.0,0.051,192.0,100.19,0.2636,-0.49516,0.05397,0.00505,0.32482
275.13,ETH-28JUN19,1559473141897,open,0.39,1130.0,0.345,0.424,0.384139,93.97,0.32,0.0,ETH-28JUN19-170-C,270.94,0.0,0.1,5.0,0.45,1.0,247.14,0.03579,-0.06499,0.11618,0.00071,0.97978
8933.11,BTC-27SEP19,1559473141899,open,0.11,533.7,0.073,0.1525,0.11269776,83.76,0.115,0.0,BTC-27SEP19-11000-C,8727.85,81.41,0.1075,10.0,0.117,3.6,85.7,19.75865,-7.08023,8.78766,9e-05,0.41991
282.93,ETH-27SEP19,1559473141911,open,0.06,2737.0,0.023,0.107,0.064834,91.92,0.069,0.0,ETH-27SEP19-200-P,270.94,84.42,0.054,48.0,0.063,48.0,90.67,0.41564,-0.16345,-0.21907,0.00176,-0.17697
275.13,ETH-28JUN19,1559473141911,open,0.0,10453.0,0.001,0.041,0.001091,115.8,0.001,0.0,ETH-28JUN19-140-P,270.94,0.0,0.0,0.0,0.002,100.0,126.64,0.01867,-0.04179,-0.00207,0.0003,-0.0095
275.13,ETH-28JUN19,1559473141911,open,0.53,386.0,0.489,0.568,0.528032,116.25,0.321,0.0,ETH-28JUN19-130-C,270.94,0.0,0.14,49.0,0.541,2.0,202.42,0.01056,-0.02373,0.09108,0.00017,0.99502
8933.11,BTC-27SEP19,1559473141911,open,3.06,0.0,2.886,3.2095,3.04778704,99.66,None,0.0,BTC-27DEC19-36000-P,8727.85,0.0,0.0,0.0,0.0,0.0,0.0,9.03384,-2.16547,-202.38329,2e-05,-0.93018
275.13,ETH-28JUN19,1559473141918,open,0.71,0.0,0.67,0.749,0.709297,152.1,None,0.0,ETH-28JUN19-80-C,270.94,0.0,0.002,5.0,0.0,0.0,0.0,0.00147,-0.00433,0.05659,2e-05,0.99943
275.13,ETH-28JUN19,1559473141918,open,0.03,1469.0,0.001,0.064,0.024394,99.48,0.022,0.0,ETH-28JUN19-360-C,270.94,93.17,0.02,192.0,0.026,192.0,101.69,0.19797,-0.38058,0.03205,0.00371,0.18874
282.93,ETH-27SEP19,1559473141918,open,0.29,4.0,0.242,0.344,0.292972,93.19,0.297,0.0,ETH-27SEP19-320-P,270.94,87.0,0.279,36.0,0.296,36.0,94.54,0.63842,-0.25453,-0.70749,0.00267,-0.48795
282.93,ETH-27SEP19,1559473141919,open,0.12,1582.0,0.079,0.167,0.122932,91.92,0.131,0.0,ETH-27SEP19-240-P,270.94,84.62,0.109,48.0,0.122,48.0,91.43,0.54094,-0.21272,-0.36699,0.0023,-0.28216
275.13,ETH-28JUN19,1559473141919,open,0.0,9802.0,0.001,0.04,0.000519,115.8,0.001,0.0,ETH-28JUN19-130-P,270.94,0.0,0.0,0.0,0.0,0.0,0.0,0.01032,-0.0231,-0.00105,0.00017,-0.00486
275.13,ETH-28JUN19,1559473141919,open,0.57,50.0,0.525,0.604,0.564354,127.04,0.547,0.0,ETH-28JUN19-120-C,270.94,0.0,0.0,0.0,0.0,0.0,0.0,0.00939,-0.02305,0.08412,0.00014,0.99563
275.13,ETH-28JUN19,1559473141929,open,0.13,2163.0,0.087,0.166,0.126259,93.46,0.123,0.0,ETH-28JUN19-260-C,270.94,83.16,0.116,144.0,0.126,144.0,93.2,0.27472,-0.49614,0.09971,0.00548,0.63748
275.13,ETH-28JUN19,1559473141929,open,0.28,2145.0,0.244,0.323,0.283078,93.5,0.28,0.0,ETH-28JUN19-200-C,270.94,0.0,0.12,1.0,0.312,80.0,147.46,0.10884,-0.19665,0.12424,0.00217,0.92007
8933.11,BTC-27SEP19,1559473141935,open,0.78,28.2,0.739,0.8185,0.77880835,131.1,0.755,0.0,BTC-27SEP19-2000-C,8727.85,0.0,0.0075,0.1,0.9605,5.0,500.0,1.16417,-0.65294,6.08499,0.0,0.99154
8933.11,BTC-27SEP19,1559473141944,open,0.06,144.2,0.015,0.0945,0.05481298,89.25,0.0565,0.0,BTC-27DEC19-20000-C,8727.85,88.13,0.0525,1.0,0.057,4.9,90.3,18.58431,-3.98968,7.12982,5e-05,0.19495
8933.11,BTC-27SEP19,1559473141953,open,0.04,62.1,0.0005,0.0765,0.03672032,86.51,0.037,0.0,BTC-27SEP19-16000-C,8727.85,84.23,0.0335,4.9,0.0395,4.9,88.4,12.89299,-4.7714,3.87268,6e-05,0.17211
282.93,ETH-27SEP19,1559473141967,open,0.4,81.0,0.345,0.456,0.4005,95.21,0.428,0.0,ETH-27SEP19-360-P,270.94,88.65,0.386,36.0,0.404,36.0,96.78,0.6287,-0.25607,-0.87974,0.00258,-0.57056
282.93,ETH-27SEP19,1559473141984,open,0.45,28.0,0.4,0.516,0.457801,96.25,0.419,0.0,ETH-27SEP19-380-P,270.94,89.4,0.443,36.0,0.461,36.0,97.72,0.61598,-0.25364,-0.96388,0.0025,-0.60612
8834.37,BTC-28JUN19,1559473141984,open,0.37,10.0,0.3155,0.4245,0.37000645,87.01,1.243,0.0,BTC-28JUN19-12000-P,8727.85,0.0,0.0005,1.0,0.7755,1.0,500.0,4.53412,-7.62323,-7.86695,9e-05,-0.88612
8834.37,BTC-28JUN19,1559473141984,open,0.22,927.7,0.1865,0.266,0.226119,89.65,0.226,0.0,BTC-28JUN19-7000-C,8727.85,73.29,0.2175,10.0,0.237,1.0,106.93,5.15614,-8.93235,3.98935,0.0001,0.8631
8834.37,BTC-28JUN19,1559473141984,open,0.0,250.0,0.0005,0.041,0.0013522,119.21,0.0015,0.0,BTC-28JUN19-4500-P,8727.85,104.56,0.0005,1.0,0.002,24.0,126.47,0.69115,-1.59204,-0.07852,1e-05,-0.01118
8933.11,BTC-27SEP19,1559473141984,open,0.58,27.1,0.5365,0.616,0.57640786,88.69,0.542,0.0,BTC-27DEC19-4000-C,8727.85,0.0,0.0195,0.1,0.7165,0.2,200.03,8.27911,-1.76622,18.37679,2e-05,0.93761
270.94,index_price,1559473141989,open,0.3,50.0,0.26,0.339,0.299559,143.99,0.223,0,ETH-7JUN19-190-C,270.94,0.0,0.0,0.0,0.396,2.0,500.0,0.01073,-0.15846,0.02487,0.00076,0.98664
275.13,ETH-28JUN19,1559473141998,open,0.0,7342.0,0.001,0.042,0.00282,109.04,0.004,0.0,ETH-28JUN19-500-C,270.94,103.69,0.002,40.0,0.004,240.0,115.2,0.04694,-0.09889,0.00489,0.0008,0.02791
270.94,index_price,1559473142014,open,0.01,876.0,0.001,0.054,0.013847,93.82,0.011,0,ETH-7JUN19-250-P,270.94,81.91,0.01,240.0,0.015,240.0,97.23,0.09101,-0.87564,-0.00821,0.00989,-0.21302
282.93,ETH-27SEP19,1559473142016,open,0.58,47.0,0.543,0.622,0.582788,92.16,0.564,0.0,ETH-27SEP19-120-C,270.94,0.0,0.007,10.0,0.663,2.0,200.16,0.10397,-0.04099,0.35228,0.00044,0.97164
275.13,ETH-28JUN19,1559473142016,open,0.01,447.0,0.001,0.046,0.006156,103.13,0.01,0.0,ETH-28JUN19-440-C,270.94,90.75,0.003,240.0,0.007,240.0,105.77,0.08487,-0.16913,0.01009,0.00153,0.05791
8933.11,BTC-27SEP19,1559473142020,open,0.44,54.9,0.4055,0.485,0.44512835,83.45,0.416,0.0,BTC-27DEC19-5500-C,8727.85,0.0,0.0065,1.0,0.982,5.0,500.0,14.92883,-2.9966,21.16018,4e-05,0.86104
270.94,index_price,1559473142023,open,0.02,489.0,0.001,0.062,0.022073,103.8,0.02,0,ETH-7JUN19-290-C,270.94,93.58,0.018,240.0,0.026,340.0,113.36,0.10988,-1.16965,0.01028,0.01079,0.30619
275.13,ETH-28JUN19,1559473142028,open,0.49,335.0,0.453,0.532,0.49226,116.07,0.481,0.0,ETH-28JUN19-140-C,270.94,0.0,0.021,1.0,0.6,1.0,393.85,0.01888,-0.04235,0.09716,0.0003,0.99037
275.13,ETH-28JUN19,1559473142028,open,0.6,10.0,0.561,0.64,0.600433,128.61,0.265,0.0,ETH-28JUN19-110-C,270.94,0.0,0.0,0.0,0.0,0.0,0.0,0.00506,-0.01257,0.07751,7e-05,0.9978
8834.37,BTC-28JUN19,1559473142034,open,0.43,691.1,0.3955,0.475,0.43543641,102.9,0.427,0.0,BTC-28JUN19-5000-C,8727.85,0.0,0.2355,2.0,0.5,10.0,274.48,0.80808,-1.60679,3.4519,1e-05,0.9866
8933.11,BTC-27SEP19,1559473142034,open,0.67,0.0,0.6355,0.715,0.67540231,95.35,None,0.0,BTC-27DEC19-3000-C,8727.85,0.0,0.0065,0.4,0.987,0.5,500.0,4.62688,-1.06113,14.97198,1e-05,0.96969
282.93,ETH-27SEP19,1559473142049,open,0.41,743.0,0.367,0.446,0.406983,91.94,0.331,0.0,ETH-27SEP19-180-C,270.94,0.0,0.23,1.0,0.5,1.0,160.33,0.33754,-0.13276,0.42005,0.00143,0.87063
275.13,ETH-28JUN19,1559473142053,open,0.0,4694.0,0.001,0.04,0.00023,127.8,0.001,0.0,ETH-28JUN19-110-P,270.94,0.0,0.0,0.0,0.0,0.0,0.0,0.00483,-0.01194,-0.00045,7e-05,-0.00209
282.93,ETH-27SEP19,1559473142053,open,1.03,0.0,0.95,1.112,1.031029,105.78,None,0.0,ETH-27SEP19-560-P,270.94,0.0,0.0,0.0,0.0,0.0,0.0,0.44834,-0.20289,-1.65876,0.00165,-0.79991
275.13,ETH-28JUN19,1559473142064,open,0.01,4002.0,0.001,0.055,0.015259,93.44,0.01,0.0,ETH-28JUN19-210-P,270.94,77.45,0.008,240.0,0.013,240.0,88.88,0.14051,-0.25368,-0.02503,0.0028,-0.11309
282.93,ETH-27SEP19,1559473142064,open,0.21,943.0,0.169,0.248,0.208128,91.36,0.195,0.0,ETH-27SEP19-280-C,270.94,84.87,0.194,36.0,0.209,36.0,91.76,0.6144,-0.24013,0.36384,0.00262,0.60973
282.93,ETH-27SEP19,1559473142066,open,0.09,2006.0,0.048,0.135,0.091484,91.92,0.089,0.0,ETH-27SEP19-220-P,270.94,84.57,0.079,48.0,0.09,48.0,91.05,0.48439,-0.19048,-0.28991,0.00206,-0.22852
8933.11,BTC-27SEP19,1559473142066,open,0.73,0.0,0.6555,0.793,0.72438315,85.85,None,0.0,BTC-27SEP19-15000-P,8727.85,0.0,0.0065,0.1,1.4775,0.3,499.85,14.36234,-5.27515,-43.46124,7e-05,-0.795
275.13,ETH-28JUN19,1559473142072,open,0.67,0.0,0.633,0.712,0.67297,141.07,None,0.0,ETH-28JUN19-90-C,270.94,0.0,0.002,5.0,0.0,0.0,0.0,0.00197,-0.00536,0.06363,3e-05,0.99922
270.94,index_price,1559473142072,open,0.02,16.0,0.001,0.057,0.017704,108.54,0.014,0,ETH-14JUN19-330-C,270.94,98.12,0.013,240.0,0.021,240.0,115.27,0.12895,-0.58932,0.01445,0.00497,0.1816
282.93,ETH-27SEP19,1559473142081,open,0.0,1743.0,0.001,0.041,0.00124,99.38,0.005,0.0,ETH-27SEP19-80-P,270.94,0.0,0.0,0.0,0.0,0.0,0.0,0.0262,-0.01114,-0.00633,0.0001,-0.00575
275.13,ETH-28JUN19,1559473142081,open,0.0,6850.0,0.001,0.042,0.002006,93.8,0.005,0.0,ETH-28JUN19-170-P,270.94,84.28,0.001,320.0,0.003,240.0,100.57,0.03555,-0.06443,-0.0043,0.00071,-0.02005
275.13,ETH-28JUN19,1559473142089,open,0.46,0.0,0.409,0.525,0.466889,103.03,None,0.0,ETH-28JUN19-400-P,270.94,0.0,0.0,0.0,0.0,0.0,0.0,0.13766,-0.27406,-0.26467,0.00249,-0.89009
282.93,ETH-27SEP19,1559473142089,open,0.72,0.0,0.679,0.758,0.718494,99.49,None,0.0,ETH-27SEP19-80-C,270.94,0.0,0.003,10.0,0.0,0.0,0.0,0.02634,-0.01121,0.2498,0.0001,0.99422
275.13,ETH-28JUN19,1559473142091,open,0.46,481.0,0.417,0.496,0.456912,115.98,0.46,0.0,ETH-28JUN19-150-C,270.94,0.0,0.021,1.0,0.5,200.0,246.86,0.03096,-0.06939,0.1026,0.0005,0.98295
282.93,ETH-27SEP19,1559473142091,open,0.09,558.0,0.045,0.124,0.084725,99.47,0.085,0.0,ETH-27SEP19-440-C,270.94,92.95,0.072,52.0,0.084,48.0,99.11,0.5628,-0.2395,0.2018,0.00221,0.30747
282.93,ETH-27SEP19,1559473142091,open,0.14,556.0,0.104,0.183,0.143531,94.1,0.124,0.0,ETH-27SEP19-340-C,270.94,87.19,0.128,36.0,0.142,36.0,93.42,0.63673,-0.25633,0.29449,0.00264,0.46859
270.94,index_price,1559473142108,open,0.0,1364.0,0.001,0.041,0.001479,100.02,0.004,0,ETH-7JUN19-220-P,270.94,0.0,0.0,0.0,0.003,350.0,114.97,0.02217,-0.22744,-0.00119,0.00226,-0.03148
270.94,index_price,1559473142108,open,0.17,0.0,0.127,0.206,0.166639,98.01,None,0,ETH-14JUN19-230-C,270.94,98.84,0.167,60.0,0.177,60.0,120.27,0.11647,-0.4806,0.0598,0.00498,0.84496
275.13,ETH-28JUN19,1559473142132,open,0.0,5036.0,0.001,0.043,0.003693,115.8,0.009,0.0,ETH-28JUN19-160-P,270.94,93.73,0.001,100.0,0.1,10.0,322.82,0.04695,-0.10506,-0.00617,0.00076,-0.02792
8933.11,BTC-27SEP19,1559473142147,open,0.02,145.2,0.0005,0.0595,0.01897104,90.29,0.018,0.0,BTC-27SEP19-4750-P,8727.85,86.14,0.016,10.0,0.0205,6.0,92.32,6.62909,-2.56063,-2.48467,3e-05,-0.06789
282.93,ETH-27SEP19,1559473142160,open,0.46,401.0,0.421,0.5,0.460978,91.94,0.38,0.0,ETH-27SEP19-160-C,270.94,0.0,0.26,1.0,0.599,10.0,207.98,0.25478,-0.10022,0.40898,0.00108,0.91241
270.94,index_price,1559473142170,open,0.18,142.0,0.14,0.234,0.187471,111.1,0.169,0,ETH-7JUN19-320-P,270.94,0.0,0.176,60.0,0.184,60.0,92.1,0.0585,-0.66646,-0.03903,0.00537,-0.891
282.93,ETH-27SEP19,1559473142186,open,0.16,1328.0,0.113,0.205,0.158882,91.92,0.161,0.0,ETH-27SEP19-260-P,270.94,85.2,0.145,48.0,0.159,48.0,91.97,0.58416,-0.22971,-0.44862,0.00248,-0.33631
275.13,ETH-28JUN19,1559473142186,open,0.32,586.0,0.276,0.355,0.315633,93.52,0.334,0.0,ETH-28JUN19-190-C,270.94,0.0,0.309,1.0,0.6,23.0,500.0,0.0798,-0.14421,0.12304,0.00159,0.94644
8933.11,BTC-27SEP19,1559473142191,open,0.07,148.7,0.0295,0.109,0.06924295,84.08,0.07,0.0,BTC-27SEP19-13000-C,8727.85,82.66,0.0665,10.0,0.07,9.9,84.47,17.32966,-6.23369,6.3416,8e-05,0.29094
8933.11,BTC-27SEP19,1559473142191,open,0.67,226.1,0.6285,0.708,0.6681107,103.26,0.585,0.0,BTC-27SEP19-3000-C,8727.85,0.0,0.0065,0.1,0.95,5.0,500.0,1.95836,-0.86509,9.05295,1e-05,0.9846
8933.11,BTC-27SEP19,1559473142191,open,0.11,197.4,0.07,0.1495,0.10968128,84.39,0.1015,0.0,BTC-27DEC19-14000-C,8727.85,82.35,0.104,14.9,0.1145,4.9,86.11,24.95419,-5.06539,12.19453,7e-05,0.34937
282.93,ETH-27SEP19,1559473142196,open,0.52,191.0,0.48,0.559,0.519728,91.95,0.5,0.0,ETH-27SEP19-140-C,270.94,0.0,0.01,50.0,0.0,0.0,0.0,0.1741,-0.06849,0.38669,0.00074,0.94656
275.13,ETH-28JUN19,1559473142200,open,0.21,51.0,0.163,0.259,0.211175,97.17,0.211,0.0,ETH-28JUN19-320-P,270.94,89.58,0.204,144.0,0.215,144.0,101.14,0.26356,-0.49486,-0.1729,0.00505,-0.6753
275.13,ETH-28JUN19,1559473142200,open,0.0,3083.0,0.001,0.04,0.000149,134.54,0.001,0.0,ETH-28JUN19-100-P,270.94,0.0,0.0,0.0,0.0,0.0,0.0,0.0032,-0.00833,-0.00029,4e-05,-0.00133
282.93,ETH-27SEP19,1559473142200,open,0.13,1312.0,0.089,0.168,0.128143,95.23,0.126,0.0,ETH-27SEP19-360-C,270.94,88.38,0.113,36.0,0.128,36.0,95.16,0.62871,-0.25613,0.27302,0.00258,0.4295
8933.11,BTC-27SEP19,1559473142215,open,0.19,85.6,0.144,0.239,0.19139396,83.58,0.208,0.0,BTC-27SEP19-9000-P,8727.85,80.45,0.1845,3.6,0.1965,3.6,85.89,19.68124,-7.03684,-17.27885,9e-05,-0.41267
8933.11,BTC-27SEP19,1559473142215,open,0.23,1006.6,0.1945,0.274,0.23412147,83.59,0.231,0.0,BTC-27SEP19-8000-C,8727.85,80.31,0.2275,5.0,0.2375,3.6,85.26,18.05982,-6.45808,12.775,8e-05,0.68073
8933.11,BTC-27SEP19,1559473142215,open,0.2,438.8,0.1605,0.24,0.20003441,81.37,0.194,0.0,BTC-27DEC19-10000-C,8727.85,80.69,0.198,10.0,0.209,3.6,84.37,26.69108,-5.22394,17.75757,7e-05,0.54907
282.93,ETH-27SEP19,1559473142239,open,0.0,3549.0,0.001,0.043,0.003412,96.34,0.006,0.0,ETH-27SEP19-100-P,270.94,80.29,0.001,105.0,0.005,60.0,103.07,0.0593,-0.02444,-0.01634,0.00024,-0.01462
282.93,ETH-27SEP19,1559473142239,open,0.04,4775.0,0.002,0.084,0.043159,91.92,0.065,0.0,ETH-27SEP19-180-P,270.94,83.99,0.034,60.0,0.042,60.0,90.94,0.33749,-0.13271,-0.15628,0.00143,-0.12934
275.13,ETH-28JUN19,1559473142239,open,0.81,0.0,0.748,0.892,0.820077,108.65,None,0.0,ETH-28JUN19-500-P,270.94,0.0,0.0,0.0,0.0,0.0,0.0,0.04623,-0.09706,-0.34965,0.00079,-0.9726
275.13,ETH-28JUN19,1559473142239,open,0.0,7787.0,0.001,0.042,0.002089,115.8,0.003,0.0,ETH-28JUN19-150-P,270.94,103.74,0.001,111.0,0.003,100.0,123.06,0.03078,-0.06888,-0.00371,0.0005,-0.01694
275.13,ETH-28JUN19,1559473142241,open,0.02,5133.0,0.001,0.063,0.022282,93.43,0.015,0.0,ETH-28JUN19-220-P,270.94,79.32,0.014,240.0,0.019,240.0,88.09,0.17313,-0.31258,-0.03421,0.00345,-0.15309
8933.11,BTC-27SEP19,1559473142246,open,0.01,42.8,0.0005,0.048,0.00790608,95.76,0.0115,0.0,BTC-27SEP19-3750-P,8727.85,89.0,0.0055,6.0,0.01,6.0,100.79,3.4912,-1.43018,-1.09987,1e-05,-0.03054
282.93,ETH-27SEP19,1559473142248,open,0.79,0.0,0.749,0.828,0.788427,108.29,0.01,0.0,ETH-27SEP19-60-C,270.94,0.0,0.003,10.0,0.0,0.0,0.0,0.01141,-0.00529,0.18962,4e-05,0.99773
282.93,ETH-27SEP19,1559473142248,open,0.65,0.0,0.61,0.689,0.64998,96.4,None,0.0,ETH-27SEP19-100-C,270.94,0.0,0.003,10.0,0.0,0.0,0.0,0.05943,-0.02451,0.30383,0.00024,0.98534
282.93,ETH-27SEP19,1559473142248,open,0.34,31.0,0.292,0.399,0.345199,94.08,0.368,0.0,ETH-27SEP19-340-P,270.94,87.76,0.331,36.0,0.348,36.0,95.33,0.63672,-0.25628,-0.79422,0.00264,-0.53146
275.13,ETH-28JUN19,1559473142248,open,0.01,2473.0,0.001,0.053,0.013084,103.13,0.014,0.0,ETH-28JUN19-400-C,270.94,98.81,0.011,1.0,0.014,240.0,104.93,0.13792,-0.27486,0.01894,0.00249,0.1102
275.13,ETH-28JUN19,1559473142250,open,0.01,3975.0,0.001,0.046,0.00619,93.44,0.004,0.0,ETH-28JUN19-190-P,270.94,74.63,0.002,100.0,0.005,240.0,89.1,0.07964,-0.14379,-0.01163,0.00159,-0.05342
282.93,ETH-27SEP19,1559473142250,open,0.64,0.0,0.575,0.705,0.639825,99.45,None,0.0,ETH-27SEP19-440-P,270.94,0.0,0.0,0.0,0.0,0.0,0.0,0.56272,-0.2394,-1.20716,0.00221,-0.69264
275.13,ETH-28JUN19,1559473142274,open,0.6,0.0,0.542,0.669,0.605341,102.94,None,0.0,ETH-28JUN19-440-P,270.94,0.0,0.0,0.0,0.0,0.0,0.0,0.08441,-0.16792,-0.3019,0.00153,-0.94248
275.13,ETH-28JUN19,1559473142274,open,0.0,2026.0,0.001,0.04,7.6e-05,139.31,0.001,0.0,ETH-28JUN19-90-P,270.94,0.0,0.0,0.0,0.0,0.0,0.0,0.00176,-0.00473,-0.00015,2e-05,-0.00069
275.13,ETH-28JUN19,1559473142274,open,0.0,1541.0,0.001,0.04,5.8e-05,150.0,0.001,0.0,ETH-28JUN19-80-P,270.94,0.0,0.0,0.0,0.001,14.0,200.94,0.00129,-0.00375,-0.00011,2e-05,-0.0005
275.13,ETH-28JUN19,1559473142290,open,0.07,2410.0,0.029,0.114,0.071232,93.43,0.09,0.0,ETH-28JUN19-260-P,270.94,84.16,0.062,192.0,0.071,192.0,93.2,0.27471,-0.49595,-0.0846,0.00548,-0.36251
275.13,ETH-28JUN19,1559473142290,open,0.04,6012.0,0.001,0.084,0.042361,93.43,0.04,0.0,ETH-28JUN19-240-P,270.94,80.92,0.032,192.0,0.04,192.0,90.63,0.23294,-0.42055,-0.05708,0.00465,-0.25031
8933.11,BTC-27SEP19,1559473142316,open,0.4,13.1,0.3445,0.456,0.40037385,81.65,0.413,0.0,BTC-27DEC19-11000-P,8727.85,77.2,0.387,3.6,0.403,3.6,82.52,26.88293,-5.27936,-46.41032,7e-05,-0.51185
275.13,ETH-28JUN19,1559473142320,open,0.25,661.0,0.213,0.292,0.252011,93.49,0.21,0.0,ETH-28JUN19-210-C,270.94,0.0,0.006,11.0,0.253,80.0,95.4,0.1406,-0.254,0.12381,0.0028,0.8868
275.13,ETH-28JUN19,1559473142320,open,0.17,1485.0,0.131,0.21,0.170078,93.47,0.155,0.0,ETH-28JUN19-240-C,270.94,80.07,0.159,48.0,0.168,48.0,91.01,0.23297,-0.42077,0.11304,0.00464,0.74963
282.93,ETH-27SEP19,1559473142320,open,0.28,2038.0,0.235,0.314,0.274694,91.93,0.236,0.0,ETH-27SEP19-240-C,270.94,83.18,0.258,36.0,0.273,36.0,91.05,0.54094,-0.21275,0.40147,0.0023,0.71784
282.93,ETH-27SEP19,1559473142320,open,0.2,584.0,0.15,0.245,0.197734,91.34,0.216,0.0,ETH-27SEP19-280-P,270.94,85.49,0.185,48.0,0.201,48.0,92.85,0.6144,-0.24008,-0.53272,0.00262,-0.39029
282.93,ETH-27SEP19,1559473142320,open,0.76,0.0,0.697,0.837,0.76707,101.49,None,0.0,ETH-27SEP19-480-P,270.94,0.0,0.0,0.0,0.0,0.0,0.0,0.52266,-0.22692,-1.36238,0.00201,-0.73672
282.93,ETH-27SEP19,1559473142320,open,0.01,7561.0,0.001,0.055,0.014533,91.92,0.017,0.0,ETH-27SEP19-140-P,270.94,81.92,0.009,60.0,0.016,60.0,94.26,0.17401,-0.06843,-0.06155,0.00074,-0.05341
275.13,ETH-28JUN19,1559473142320,open,0.0,7102.0,0.001,0.043,0.00361,93.44,0.009,0.0,ETH-28JUN19-180-P,270.94,83.96,0.002,20.0,0.004,240.0,95.34,0.05479,-0.09892,-0.00727,0.00109,-0.03364
275.13,ETH-28JUN19,1559473142320,open,0.0,4769.0,0.001,0.04,0.000495,126.57,0.001,0.0,ETH-28JUN19-120-P,270.94,0.0,0.0,0.0,0.001,100.0,138.19,0.00918,-0.02246,-0.00093,0.00014,-0.00426
282.93,ETH-27SEP19,1559473142320,open,0.19,1460.0,0.144,0.223,0.183723,92.46,0.193,0.0,ETH-27SEP19-300-C,270.94,90.34,0.179,1.0,0.184,36.0,92.58,0.6316,-0.24982,0.34041,0.00267,0.55947
8933.11,BTC-27SEP19,1559473142345,open,0.05,120.4,0.0055,0.085,0.04522918,85.85,0.0405,0.0,BTC-27SEP19-15000-C,8727.85,83.81,0.042,4.9,0.0485,4.9,87.86,14.36149,-5.27455,4.5695,7e-05,0.20498
8933.11,BTC-27SEP19,1559473142347,open,0.88,0.0,0.8005,0.95,0.87537183,85.81,None,0.0,BTC-27DEC19-16000-P,8727.85,0.0,0.0055,5.0,1.713,0.2,500.0,22.78009,-4.70152,-81.05355,6e-05,-0.71778
8834.38,BTC-28JUN19,1559473142365,open,0.11,53.0,0.0715,0.151,0.11145424,87.81,0.109,0.0,BTC-28JUN19-8500-C,8728.13,81.48,0.105,14.4,0.113,14.4,89.32,9.01831,-15.30116,3.12863,0.00019,0.611
8834.38,BTC-28JUN19,1559473142365,open,0.0,849.9,0.0005,0.04,7.763e-05,135.0,0.001,0.0,BTC-28JUN19-3000-P,8728.13,0.0,0.0,0.0,0.001,1.0,176.84,0.05893,-0.15374,-0.00503,0.0,-0.00073
8834.38,BTC-28JUN19,1559473142365,open,0.07,218.8,0.031,0.1165,0.07360874,87.81,0.0765,0.0,BTC-28JUN19-8500-P,8728.13,87.21,0.073,15.0,0.076,19.3,90.15,9.01832,-15.30192,-2.89725,0.00019,-0.389
8933.11,BTC-27SEP19,1559473142365,open,0.61,261.1,0.5745,0.654,0.61440556,97.63,0.52,0.0,BTC-27SEP19-3500-C,8728.13,0.0,0.161,1.0,0.6215,0.5,115.28,2.88403,-1.20462,10.33486,1e-05,0.97571
8834.38,BTC-28JUN19,1559473142366,open,0.49,219.3,0.452,0.5315,0.49197626,119.18,0.463,0.0,BTC-28JUN19-4500-C,8728.13,0.0,0.463,2.0,0.55,0.1,297.98,0.69037,-1.58985,3.11174,1e-05,0.98883
8933.11,BTC-27SEP19,1559473142366,open,0.72,55.9,0.682,0.7615,0.72168919,103.26,0.689,0.0,BTC-27SEP19-2500-C,8728.13,0.0,0.0065,0.1,0.955,5.0,500.0,0.95071,-0.41996,7.76859,0.0,0.99328
8834.38,BTC-28JUN19,1559473142366,open,0.33,1826.5,0.287,0.3665,0.3265471,95.13,0.315,0.0,BTC-28JUN19-6000-C,8728.13,0.0,0.0705,4.0,0.385,4.0,208.3,2.38937,-4.39231,3.91053,5e-05,0.95094
8834.38,BTC-28JUN19,1559473142366,open,0.0,517.5,0.0005,0.041,0.0011407,134.81,0.005,0.0,BTC-28JUN19-4000-P,8728.13,0.0,0.0,0.0,0.0025,0.6,151.55,0.54353,-1.41589,-0.06035,1e-05,-0.0085
8933.11,BTC-27SEP19,1559473142366,open,0.01,279.1,0.0005,0.052,0.01245583,90.62,0.0155,0.0,BTC-27SEP19-22000-C,8728.13,87.05,0.01,6.0,0.015,6.0,93.91,6.5345,-2.53317,1.54995,3e-05,0.06664
8933.11,BTC-27SEP19,1559473142366,open,0.46,793.5,0.4235,0.503,0.46314895,89.07,0.4755,0.0,BTC-27SEP19-5000-C,8728.13,0.0,0.1105,2.0,0.529,0.1,150.02,7.53257,-2.87024,13.06092,3e-05,0.91975
8933.11,BTC-27SEP19,1559473142367,open,0.0,28.3,0.0005,0.045,0.0052783,101.45,0.007,0.0,BTC-27SEP19-3250-P,8728.13,94.26,0.0035,5.0,0.007,6.0,107.18,2.4749,-1.07413,-0.73063,1e-05,-0.02026
8933.11,BTC-27SEP19,1559473142367,open,0.02,200.4,0.0005,0.057,0.01741419,89.35,0.016,0.0,BTC-27SEP19-20000-C,8728.13,86.02,0.0145,6.0,0.02,6.0,92.06,8.20271,-3.13537,2.07371,4e-05,0.08991
8933.11,BTC-27SEP19,1559473142367,open,0.0,615.2,0.0005,0.044,0.0039408,103.26,0.0045,0.0,BTC-27SEP19-3000-P,8728.13,92.56,0.002,5.0,0.006,6.0,111.52,1.9586,-0.86523,-0.55336,1e-05,-0.0154
8728.13,index_price,1559473142365,open,0.17,0.0,0.132,0.2115,0.17171276,99.53,None,0,BTC-7JUN19-7250-C,8728.13,0.0,0.0755,0.1,0.1935,3.2,196.82,0.99712,-10.17753,0.91043,0.0001,0.95259
8728.13,index_price,1559473142365,open,0.08,10.0,0.0345,0.1205,0.07745509,85.92,0.088,0,BTC-7JUN19-9250-P,8728.13,62.02,0.0685,18.0,0.076,18.0,82.25,3.48757,-30.73043,-0.91077,0.0004,-0.70372
8728.13,index_price,1559473142365,open,0.14,42.1,0.104,0.1835,0.14386836,90.36,0.129,0,BTC-7JUN19-7500-C,8728.13,0.0,0.0775,0.1,0.171,0.2,192.5,1.29817,-12.02946,0.92092,0.00014,0.93375
8728.13,index_price,1559473142365,open,0.03,294.8,0.0005,0.0665,0.02650602,85.83,0.025,0,BTC-7JUN19-9000-C,8728.13,81.32,0.0245,1.0,0.0285,0.2,90.3,3.89108,-34.25021,0.43265,0.00045,0.39759
8834.66,BTC-28JUN19,1559473142369,open,0.0,1286.1,0.0005,0.0405,0.00079336,119.94,0.0015,0.0,BTC-28JUN19-20000-C,8728.13,114.18,0.0005,85.0,0.001,3.0,123.11,0.52813,-1.22396,0.04652,1e-05,0.00822
8933.39,BTC-27SEP19,1559473142365,open,2.39,0.0,2.2475,2.5175,2.38259133,95.74,None,0.0,BTC-27DEC19-30000-P,8728.13,0.0,0.0,0.0,0.0,0.0,0.0,11.32216,-2.6072,-167.30669,3e-05,-0.90582
8728.13,index_price,1559473142366,open,0.05,46.8,0.0085,0.088,0.04831881,85.84,0.0525,0,BTC-14JUN19-9000-C,8728.13,83.29,0.0465,8.9,0.052,18.0,90.99,6.23522,-22.53466,1.14629,0.00029,0.45197
8728.13,index_price,1559473142367,open,0.22,0.0,0.1645,0.261,0.2127336,86.08,None,0,BTC-14JUN19-10500-P,8728.13,0.0,0.0,0.0,0.2635,3.0,176.68,3.38208,-12.2579,-3.06643,0.00016,-0.86707
8728.13,index_price,1559473142366,open,0.05,6.2,0.0055,0.0885,0.04701338,83.39,0.053,0,BTC-14JUN19-8500-P,8728.13,73.31,0.04,24.0,0.0465,24.0,82.66,6.08559,-21.3667,-1.27169,0.00029,-0.4008
8728.13,index_price,1559473142365,open,0.0,14.0,0.0005,0.042,0.00199276,90.62,0.0055,0,BTC-14JUN19-6500-P,8728.13,73.07,0.0005,30.0,0.003,30.0,97.93,1.06301,-4.05587,-0.09007,5e-05,-0.02972
8728.13,index_price,1559473142366,open,0.17,0.0,0.117,0.2095,0.16310922,86.05,None,0,BTC-14JUN19-10000-P,8728.13,0.0,0.0,0.0,0.212,3.0,164.0,4.56521,-16.54,-2.70037,0.00021,-0.78779
8933.39,BTC-27SEP19,1559473142366,open,0.32,1.1,0.267,0.372,0.31946771,81.38,0.357,0.0,BTC-27DEC19-10000-P,8728.13,77.38,0.3075,3.6,0.322,3.6,82.23,26.69158,-5.2246,-39.19392,7e-05,-0.45089
8728.13,index_price,1559473142365,open,0.03,342.8,0.0005,0.0655,0.02481243,80.02,0.0225,0,BTC-7JUN19-8500-P,8728.13,74.7,0.0225,1.0,0.025,1.0,80.45,3.80784,-31.24612,-0.45998,0.00047,-0.36971
8728.13,index_price,1559473142365,open,0.07,3.6,0.0335,0.113,0.07311947,83.35,0.0685,0,BTC-14JUN19-8500-C,8728.13,82.46,0.0725,18.0,0.08,18.0,93.2,6.08551,-21.35493,1.49403,0.00029,0.59922
8728.13,index_price,1559473142366,open,0.01,17.8,0.0005,0.045,0.00493126,86.4,0.009,0,BTC-14JUN19-7000-P,8728.13,79.81,0.0035,30.0,0.006,30.0,90.72,2.0583,-7.48717,-0.20604,0.0001,-0.06762
8728.13,index_price,1559473142365,open,0.2,0.0,0.163,0.2425,0.20290098,86.29,None,0,BTC-14JUN19-7000-C,8728.13,0.0,0.0,0.0,0.234,3.0,166.53,2.05309,-7.45879,2.07219,0.0001,0.9326
8933.39,BTC-27SEP19,1559473142367,open,1.73,0.0,1.615,1.8325,1.72371993,91.53,None,0.0,BTC-27DEC19-24000-P,8728.13,0.0,0.0075,1.0,2.5925,0.2,500.0,14.92333,-3.28535,-131.51092,4e-05,-0.86113
8933.39,BTC-27SEP19,1559473142368,open,0.01,158.7,0.0005,0.0515,0.01123229,95.35,0.014,0.0,BTC-27DEC19-3000-P,8728.13,89.71,0.0085,16.0,0.0135,6.0,99.53,4.62706,-1.06121,-2.11381,1e-05,-0.03031
8933.39,BTC-27SEP19,1559473142368,open,0.04,35.5,0.0005,0.077,0.03707958,91.47,0.044,0.0,BTC-27DEC19-24000-C,8728.13,89.59,0.034,6.0,0.04,6.0,93.19,14.90635,-3.27968,5.16726,4e-05,0.13864
8728.13,index_price,1559473142410,open,0.12,0.0,0.0735,0.1625,0.11813151,85.97,None,0,BTC-14JUN19-9500-P,8728.13,0.0,0.0,0.0,0.165,3.0,154.21,5.6269,-20.36767,-2.26776,0.00026,-0.68043
8933.39,BTC-27SEP19,1559473142412,open,0.88,0.0,0.8005,0.95,0.87537183,85.83,None,0.0,BTC-27DEC19-16000-P,8728.13,0.0,0.0055,5.0,1.7125,0.2,500.0,22.78511,-4.70363,-81.05045,6e-05,-0.71767
8728.13,index_price,1559473142418,open,0.02,20.5,0.0005,0.0555,0.01493004,80.01,0.0155,0,BTC-7JUN19-8250-P,8728.13,71.97,0.012,24.0,0.0165,24.0,84.19,3.24646,-26.63777,-0.31598,0.0004,-0.25609
8933.39,BTC-27SEP19,1559473142420,open,0.12,37.3,0.0785,0.1675,0.12300348,81.37,0.147,0.0,BTC-27DEC19-7000-P,8728.13,79.67,0.119,10.0,0.126,4.9,82.65,20.98942,-4.10811,-18.50212,6e-05,-0.24066
8933.39,BTC-27SEP19,1559473142421,open,0.11,197.4,0.07,0.1495,0.1096817,84.39,0.1015,0.0,BTC-27DEC19-14000-C,8728.13,82.35,0.104,14.9,0.115,4.9,86.29,24.95515,-5.06544,12.19523,7e-05,0.34938
270.94,index_price,1559473142421,open,0.0,4.0,0.001,0.04,0.000822,143.99,0.003,0,ETH-7JUN19-190-P,270.94,0.0,0.0,0.0,0.003,52.0,178.55,0.01073,-0.15847,-0.00051,0.00076,-0.01336
8728.13,index_price,1559473142438,open,0.05,46.8,0.0085,0.088,0.04831881,85.84,0.0525,0,BTC-14JUN19-9000-C,8728.13,83.99,0.047,8.9,0.052,18.0,90.99,6.23522,-22.53466,1.14629,0.00029,0.45197
270.94,index_price,1559473142437,open,0.07,692.0,0.026,0.105,0.065577,93.82,0.052,0,ETH-7JUN19-260-C,270.94,92.45,0.065,180.0,0.074,180.0,113.66,0.11368,-1.09383,0.0218,0.01236,0.66796
270.94,index_price,1559473142439,open,0.01,240.0,0.001,0.056,0.015536,98.01,0.015,0,ETH-14JUN19-230-P,270.94,81.45,0.009,300.0,0.017,300.0,101.36,0.11647,-0.4806,-0.01504,0.00498,-0.15504
8933.39,BTC-27SEP19,1559473142451,open,0.17,363.9,0.129,0.2085,0.16899772,81.64,0.1745,0.0,BTC-27DEC19-11000-C,8728.13,82.14,0.1705,2.0,0.1785,3.6,84.8,26.88378,-5.27927,16.23815,7e-05,0.48816
8933.11,BTC-27SEP19,1559473142454,open,0.26,5.7,0.2135,0.314,0.26367463,83.74,0.334,0.0,BTC-27SEP19-10000-P,8728.13,80.56,0.2565,3.6,0.27,3.6,86.54,20.16639,-7.22445,-21.85777,9e-05,-0.50046
8933.39,BTC-27SEP19,1559473142479,open,0.59,0.5,0.52,0.6465,0.58326516,84.28,0.584,0.0,BTC-27DEC19-13000-P,8728.13,77.03,0.5625,3.6,0.5805,3.6,83.32,25.91985,-5.25412,-60.56486,7e-05,-0.60714
270.94,index_price,1559473142493,open,0.3,0.0,0.261,0.34,0.30068,105.69,None,0,ETH-14JUN19-190-C,270.94,0.0,0.0,0.0,0.0,0.0,0.0,0.02874,-0.12788,0.05943,0.00114,0.97482
270.94,index_price,1559473142501,open,0.09,259.0,0.049,0.136,0.092421,103.8,0.18,0,ETH-7JUN19-290-P,270.94,76.63,0.082,180.0,0.089,1.0,95.25,0.10988,-1.16965,-0.02846,0.01079,-0.69381
275.13,ETH-28JUN19,1559473142545,open,0.0,153.0,0.001,0.042,0.002964,103.79,0.004,0.0,ETH-28JUN19-480-C,270.94,0.0,0.0,0.0,0.004,240.0,108.94,0.05033,-0.10094,0.00534,0.0009,0.03035
270.94,index_price,1559473142555,open,0.16,202.0,0.115,0.194,0.154223,95.74,0.156,0,ETH-7JUN19-230-C,270.94,100.91,0.155,60.0,0.162,60.0,135.15,0.03841,-0.37709,0.02836,0.00409,0.93771
270.94,index_price,1559473142778,open,0.05,13.0,0.009,0.088,0.048269,105.55,0.047,0,ETH-14JUN19-290-C,270.94,95.03,0.041,180.0,0.05,5.0,108.04,0.1884,-0.83723,0.03072,0.00747,0.39671
275.13,ETH-28JUN19,1559473142795,open,0.74,0.0,0.678,0.817,0.74753,103.45,None,0.0,ETH-28JUN19-480-P,270.94,0.0,0.0,0.0,0.0,0.0,0.0,0.04965,-0.09924,-0.33503,0.00089,-0.97014
270.94,index_price,1559473142795,open,0.0,0.0,0.001,0.042,0.001942,105.69,None,0,ETH-14JUN19-190-P,270.94,0.0,0.0,0.0,0.004,350.0,121.14,0.02874,-0.12788,-0.00239,0.00114,-0.02518
270.94,index_price,1559473142883,open,0.02,958.0,0.001,0.066,0.025199,93.82,0.034,0,ETH-7JUN19-260-P,270.94,81.3,0.02,240.0,0.027,240.0,98.11,0.11368,-1.09383,-0.01293,0.01236,-0.33204
270.94,index_price,1559473142891,open,0.26,252.0,0.223,0.302,0.262709,126.81,0.178,0,ETH-7JUN19-200-C,270.94,0.0,0.001,30.0,0.352,2.0,493.34,0.01253,-0.16295,0.02611,0.00101,0.98401
270.94,index_price,1559473142941,open,0.01,727.0,0.001,0.054,0.014227,104.81,0.013,0,ETH-7JUN19-300-C,270.94,94.96,0.011,240.0,0.017,240.0,112.76,0.09212,-0.99011,0.00736,0.00896,0.21754
282.93,ETH-27SEP19,1559473142943,open,0.05,1174.0,0.007,0.086,0.046769,108.88,0.045,0.0,ETH-27SEP19-600-C,270.94,102.74,0.038,48.0,0.046,48.0,108.36,0.42138,-0.19627,0.12149,0.00151,0.18087
270.94,index_price,1559473143036,open,0.0,816.0,0.001,0.043,0.003119,95.74,0.007,0,ETH-7JUN19-230-P,270.94,76.29,0.001,50.0,0.005,300.0,107.48,0.03841,-0.37709,-0.00237,0.00409,-0.06229
270.94,index_price,1559473143043,open,0.02,25.0,0.001,0.065,0.02429,98.01,0.045,0,ETH-14JUN19-240-P,270.94,83.79,0.017,240.0,0.025,240.0,99.33,0.14447,-0.59612,-0.02148,0.00617,-0.21937
270.94,index_price,1559473143048,open,0.11,0.0,0.074,0.163,0.118616,105.55,None,0,ETH-14JUN19-290-P,270.94,79.72,0.101,180.0,0.115,180.0,100.33,0.1884,-0.83723,-0.06364,0.00747,-0.60329
270.94,index_price,1559473143111,open,0.27,0.0,0.225,0.304,0.264771,99.98,None,0,ETH-14JUN19-200-C,270.94,0.0,0.0,0.0,0.0,0.0,0.0,0.04045,-0.17027,0.06146,0.00169,0.96193
270.94,index_price,1559473143320,open,0.0,391.0,0.001,0.04,0.00088,126.81,0.002,0,ETH-7JUN19-200-P,270.94,0.0,0.0,0.0,0.003,53.0,156.64,0.01253,-0.16295,-0.00061,0.00101,-0.01599
270.94,index_price,1559473143325,open,0.04,23.0,0.001,0.078,0.038025,106.49,0.027,0,ETH-14JUN19-300-C,270.94,95.6,0.031,240.0,0.043,240.0,114.02,0.17742,-0.79547,0.02592,0.00698,0.33201
270.94,index_price,1559473143329,open,0.01,0.0,0.001,0.05,0.010506,110.18,None,0,ETH-14JUN19-350-C,270.94,95.86,0.006,300.0,0.014,300.0,119.41,0.09616,-0.44606,0.00941,0.00365,0.11723
270.94,index_price,1559473143332,open,0.11,0.0,0.074,0.153,0.113223,98.01,None,0,ETH-14JUN19-250-C,270.94,94.41,0.111,60.0,0.124,60.0,115.11,0.16821,-0.69407,0.05231,0.00719,0.70657
270.94,index_price,1559473143343,open,0.05,193.0,0.005,0.084,0.044922,93.82,0.051,0,ETH-7JUN19-270-C,270.94,91.82,0.044,180.0,0.05,30.0,104.88,0.12446,-1.19754,0.01771,0.01353,0.53437
270.94,index_price,1559473143366,open,0.01,31.0,0.001,0.048,0.008037,110.86,0.009,0,ETH-14JUN19-360-C,270.94,95.08,0.004,300.0,0.011,300.0,119.99,0.08145,-0.3802,0.00751,0.00308,0.09321
8933.38,BTC-27SEP19,1559473143376,open,0.59,0.0,0.5485,0.628,0.58811929,95.73,None,0.0,BTC-27SEP19-3750-C,8728.48,0.0,0.0055,10.2,0.758,10.0,299.24,3.48822,-1.42851,10.90917,1e-05,0.96949
8835.0,BTC-28JUN19,1559473143379,open,0.38,148.2,0.341,0.4205,0.38074722,100.81,0.36,0.0,BTC-28JUN19-5500-C,8728.48,0.0,0.377,0.1,0.611,5.0,500.0,1.54355,-3.00688,3.69872,3e-05,0.97128
8728.48,index_price,1559473143376,open,0.21,41.9,0.1575,0.253,0.20526574,95.12,0.209,0,BTC-7JUN19-10500-P,8728.48,0.0,0.0,0.0,0.247,0.2,235.68,1.07315,-10.46757,-1.34468,0.00011,-0.94802
8835.0,BTC-28JUN19,1559473143385,open,0.27,509.1,0.2345,0.314,0.27419269,90.51,0.232,0.0,BTC-28JUN19-6500-C,8728.48,0.0,0.264,0.1,0.2855,1.0,114.24,3.55149,-6.21143,4.03458,7e-05,0.91835
8933.38,BTC-27SEP19,1559473143380,open,0.1,89.0,0.056,0.1355,0.09578732,85.08,0.096,0.0,BTC-27DEC19-15000-C,8728.48,83.09,0.0905,14.9,0.1005,4.9,86.83,23.89763,-4.89024,11.07269,6e-05,0.31342
8933.38,BTC-27SEP19,1559473143385,open,0.15,153.9,0.1095,0.189,0.14908295,83.86,0.1505,0.0,BTC-27DEC19-12000-C,8728.48,82.65,0.1455,1.5,0.152,1.0,84.84,26.59514,-5.36432,14.82271,7e-05,0.44042
8728.48,index_price,1559473143379,open,0.05,307.6,0.011,0.0905,0.05093713,79.94,0.0515,0,BTC-7JUN19-8500-C,8728.48,78.93,0.0505,18.0,0.0555,2.0,90.35,3.80713,-31.2082,0.6758,0.00047,0.63055
270.94,index_price,1559473143386,open,0.12,123.0,0.077,0.166,0.121483,104.81,0.215,0,ETH-7JUN19-300-P,270.94,72.32,0.112,60.0,0.117,1.0,90.9,0.09212,-0.99011,-0.03272,0.00896,-0.78246
8728.48,index_price,1559473143429,open,0.21,41.9,0.1575,0.253,0.20526574,95.12,0.209,0,BTC-7JUN19-10500-P,8728.48,0.0,0.0,0.0,0.247,3.2,235.68,1.07315,-10.46757,-1.34468,0.00011,-0.94802
270.94,index_price,1559473143430,open,0.0,549.0,0.001,0.043,0.003821,111.1,0.004,0,ETH-7JUN19-330-C,270.94,86.4,0.001,300.0,0.006,300.0,123.48,0.04231,-0.48206,0.00242,0.00388,0.07058
8728.48,index_price,1559473143433,open,0.17,0.0,0.117,0.2095,0.1630786,86.07,None,0,BTC-14JUN19-10000-P,8728.48,0.0,0.0,0.0,0.2115,3.0,163.32,4.56692,-16.54894,-2.70005,0.00021,-0.78767
282.93,ETH-27SEP19,1559473143459,open,0.05,255.0,0.012,0.091,0.051808,105.82,0.049,0.0,ETH-27SEP19-560-C,270.93,100.07,0.043,48.0,0.052,48.0,105.94,0.44856,-0.20307,0.13448,0.00165,0.20025
282.93,ETH-27SEP19,1559473143460,open,0.89,0.0,0.822,0.973,0.897664,103.53,None,0.0,ETH-27SEP19-520-P,270.93,0.0,0.0,0.0,0.0,0.0,0.0,0.4836,-0.2142,-1.51278,0.00182,-0.77214
275.13,ETH-28JUN19,1559473143460,open,0.33,0.0,0.28,0.386,0.33286,99.48,None,0.0,ETH-28JUN19-360-P,270.93,0.0,0.308,1.0,0.0,0.0,0.0,0.19795,-0.3805,-0.22316,0.00371,-0.81129
270.93,index_price,1559473143459,open,0.03,0.0,0.001,0.077,0.035936,97.99,None,0,ETH-14JUN19-250-P,270.93,81.66,0.026,240.0,0.038,240.0,101.3,0.16821,-0.69396,-0.02904,0.00719,-0.29347
282.92,ETH-27SEP19,1559473143460,open,0.01,7297.0,0.001,0.047,0.006907,92.12,0.01,0.0,ETH-27SEP19-120-P,270.93,78.97,0.003,100.0,0.009,60.0,97.42,0.10385,-0.04093,-0.03192,0.00044,-0.02832
270.93,index_price,1559473143459,open,0.23,0.0,0.191,0.27,0.230114,98.12,None,0,ETH-14JUN19-210-C,270.93,0.0,0.0,0.0,0.0,0.0,0.0,0.06068,-0.25068,0.06229,0.00259,0.93673
270.93,index_price,1559473143459,open,0.0,52.0,0.001,0.045,0.005193,97.99,0.01,0,ETH-14JUN19-210-P,270.93,71.18,0.001,300.0,0.008,300.0,109.27,0.06052,-0.24968,-0.00602,0.00259,-0.06306
270.93,index_price,1559473143460,open,0.03,386.0,0.001,0.072,0.032635,101.41,0.023,0,ETH-7JUN19-280-C,270.93,93.3,0.029,180.0,0.03,10.0,95.54,0.12187,-1.26737,0.01373,0.01226,0.41202
275.13,ETH-28JUN19,1559473143461,open,0.22,1593.0,0.183,0.262,0.222666,93.44,0.218,0.0,ETH-28JUN19-220-C,270.93,74.76,0.212,48.0,0.221,48.0,90.77,0.17315,-0.31264,0.12175,0.00345,0.84689
270.93,index_price,1559473143459,open,0.23,0.0,0.187,0.285,0.235685,108.46,None,0,ETH-14JUN19-330-P,270.93,0.0,0.218,60.0,0.23,60.0,95.68,0.12883,-0.5883,-0.09294,0.00497,-0.81867
270.93,index_price,1559473143459,open,0.07,2.0,0.026,0.111,0.06859,97.98,0.076,0,ETH-14JUN19-270-P,270.93,81.79,0.057,180.0,0.071,180.0,101.35,0.19383,-0.79959,-0.04634,0.00828,-0.45707
270.93,index_price,1559473143459,open,0.0,2132.0,0.001,0.04,0.000926,109.76,0.002,0,ETH-7JUN19-210-P,270.93,0.0,0.0,0.0,0.002,450.0,125.16,0.01462,-0.16452,-0.00073,0.00136,-0.01915
270.93,index_price,1559473143459,open,0.29,0.0,0.242,0.344,0.293264,113.26,None,0,ETH-7JUN19-350-P,270.93,0.0,0.0,0.0,0.402,2.0,436.23,0.02091,-0.2429,-0.04574,0.00188,-0.97067
275.12,ETH-28JUN19,1559473143462,open,0.15,141.0,0.111,0.202,0.15668,95.2,0.265,0.0,ETH-28JUN19-300-P,270.93,88.74,0.15,144.0,0.16,144.0,98.39,0.28557,-0.52532,-0.14467,0.00559,-0.58505
270.93,index_price,1559473143460,open,0.06,64.0,0.017,0.096,0.056229,98.17,0.054,0,ETH-14JUN19-280-C,270.93,93.66,0.053,180.0,0.067,180.0,113.19,0.19404,-0.80204,0.0357,0.00828,0.4612
270.93,index_price,1559473143459,open,0.09,393.0,0.052,0.131,0.091133,93.9,0.081,0,ETH-7JUN19-250-C,270.93,93.5,0.091,60.0,0.098,60.0,113.39,0.09107,-0.87695,0.02517,0.00989,0.78672
282.92,ETH-27SEP19,1559473143463,open,0.16,598.0,0.122,0.201,0.161974,93.21,0.149,0.0,ETH-27SEP19-320-C,270.93,86.13,0.146,36.0,0.159,100.0,91.89,0.6384,-0.25457,0.31715,0.00267,0.51206
275.12,ETH-28JUN19,1559473143463,open,0.09,2223.0,0.052,0.131,0.091274,93.46,0.099,0.0,ETH-28JUN19-280-C,270.93,92.26,0.09,1.0,0.094,144.0,96.03,0.29181,-0.52699,0.0839,0.00582,0.52144
270.93,index_price,1559473143460,open,0.25,106.0,0.207,0.307,0.257111,110.68,0.189,0,ETH-7JUN19-340-P,270.93,0.0,0.0,0.0,0.436,1.0,500.0,0.02889,-0.32795,-0.04392,0.00266,-0.95648
270.93,index_price,1559473143460,open,0.0,306.0,0.001,0.042,0.00222,111.11,0.003,0,ETH-7JUN19-340-C,270.93,0.0,0.0,0.0,0.004,300.0,124.93,0.02925,-0.33327,0.00152,0.00268,0.04419
270.93,index_price,1559473143460,open,0.14,0.0,0.1,0.191,0.145281,106.45,None,0,ETH-14JUN19-300-P,270.93,77.03,0.127,180.0,0.141,180.0,99.85,0.17738,-0.79494,-0.0717,0.00698,-0.66816
270.93,index_price,1559473143459,open,0.09,0.0,0.052,0.131,0.091062,98.03,None,0,ETH-14JUN19-260-C,270.93,93.55,0.088,180.0,0.102,180.0,113.99,0.18515,-0.76423,0.04716,0.00791,0.626
8933.7,BTC-27SEP19,1559473144398,open,0.49,13.5,0.4475,0.527,0.48725398,90.27,0.382,0.0,BTC-27SEP19-4750-C,8728.48,0.0,0.0115,0.1,0.7195,5.0,299.06,6.62582,-2.55873,12.72707,3e-05,0.93216
8834.97,BTC-28JUN19,1559473144398,open,0.01,526.8,0.0005,0.0515,0.01168104,87.01,0.011,0.0,BTC-28JUN19-12000-C,8728.48,83.62,0.01,24.0,0.012,2.0,87.62,4.53582,-7.62589,0.64044,9e-05,0.11393
8834.97,BTC-28JUN19,1559473144398,open,0.55,322.4,0.5085,0.588,0.54839524,134.84,0.48,0.0,BTC-28JUN19-4000-C,8728.48,0.0,0.05,1.0,0.674,3.0,481.98,0.54379,-1.41684,2.77531,1e-05,0.9915
8834.97,BTC-28JUN19,1559473144398,open,0.0,1396.0,0.0005,0.04,1e-08,135.0,0.001,0.0,BTC-28JUN19-1500-P,8728.48,0.0,0.0,0.0,0.0005,80.1,263.19,2e-05,-5e-05,0.0,0.0,0.0
8728.48,index_price,1559473144409,open,0.25,20.7,0.2165,0.296,0.25601649,119.64,0.255,0,BTC-7JUN19-6500-C,8728.48,0.0,0.0005,3.0,0.2765,3.0,255.64,0.35707,-4.38094,0.85128,3e-05,0.98613
8834.97,BTC-28JUN19,1559473144417,open,0.7,2.8,0.632,0.7675,0.69969128,93.18,0.6485,0.0,BTC-28JUN19-15000-P,8728.48,0.0,0.0,0.0,1.06,1.0,500.0,1.24578,-2.24295,-10.50644,2e-05,-0.97776
8728.48,index_price,1559473144428,open,0.03,22.0,0.0005,0.0695,0.02968225,85.93,0.032,0,BTC-14JUN19-9500-C,8728.48,80.95,0.0265,24.0,0.031,0.3,87.97,5.62703,-20.35854,0.82321,0.00026,0.31955
8933.7,BTC-27SEP19,1559473144447,open,0.02,22.0,0.0005,0.0575,0.01782814,99.65,0.019,0.0,BTC-27DEC19-36000-C,8728.48,96.71,0.015,6.0,0.0205,6.0,102.18,9.03242,-2.1649,2.64431,2e-05,0.0698
8834.97,BTC-28JUN19,1559473144465,open,0.0,396.3,0.0005,0.04,0.00035251,135.0,0.0005,0.0,BTC-28JUN19-3500-P,8728.48,0.0,0.0,0.0,0.0015,1.0,161.79,0.21053,-0.54919,-0.02054,0.0,-0.00293
8834.97,BTC-28JUN19,1559473144483,open,0.22,0.0,0.1725,0.27,0.22135409,86.58,None,0.0,BTC-28JUN19-10500-P,8728.48,0.0,0.002,2.0,0.0,0.0,0.0,7.6773,-12.84404,-6.00165,0.00016,-0.73687
8933.7,BTC-27SEP19,1559473144488,open,2.17,0.0,2.036,2.288,2.16197964,94.43,None,0.0,BTC-27DEC19-28000-P,8728.48,0.0,0.0,0.0,0.0,0.0,0.0,12.364,-2.80818,-155.47418,3e-05,-0.89376
8834.97,BTC-28JUN19,1559473144493,open,0.52,10.5,0.4805,0.56,0.52016591,126.35,0.428,0.0,BTC-28JUN19-4250-C,8728.48,0.0,0.034,2.0,0.67,3.0,500.0,0.60224,-1.4703,2.94554,1e-05,0.99045
8933.7,BTC-27SEP19,1559473144516,open,0.06,112.8,0.0165,0.096,0.05643521,85.36,0.0565,0.0,BTC-27SEP19-14000-C,8728.48,83.13,0.0525,10.0,0.06,4.9,87.35,15.91222,-5.81094,5.41068,7e-05,0.24558
8933.7,BTC-27SEP19,1559473144538,open,0.01,338.3,0.0005,0.05,0.00964897,93.41,0.01,0.0,BTC-27SEP19-4000-P,8728.48,88.43,0.0075,16.0,0.012,6.0,98.25,4.10353,-1.63978,-1.33933,2e-05,-0.03717
8933.7,BTC-27SEP19,1559473144553,open,0.01,376.8,0.0005,0.046,0.00620698,97.64,0.0075,0.0,BTC-27SEP19-3500-P,8728.48,89.96,0.004,6.0,0.008,6.0,102.82,2.8842,-1.20479,-0.87246,1e-05,-0.02429
8834.97,BTC-28JUN19,1559473144571,open,0.14,699.9,0.1045,0.184,0.1440363,88.12,0.1425,0.0,BTC-28JUN19-8000-C,8728.48,80.95,0.1375,19.4,0.1455,14.4,89.72,8.10951,-13.80918,3.51692,0.00017,0.70555
8933.7,BTC-27SEP19,1559473144573,open,0.02,87.4,0.0005,0.0575,0.01685909,91.73,0.0195,0.0,BTC-27DEC19-3500-P,8728.48,88.29,0.0145,10.0,0.019,6.0,94.66,6.343,-1.39947,-3.12624,2e-05,-0.04459
8933.7,BTC-27SEP19,1559473144573,open,0.49,57.4,0.4475,0.527,0.48704156,85.3,0.4555,0.0,BTC-27DEC19-5000-C,8728.48,0.0,0.0065,0.2,0.94,0.5,462.45,12.72492,-2.6108,20.47296,3e-05,0.88942
8834.97,BTC-28JUN19,1559473144576,open,0.58,30.0,0.5365,0.616,0.57620965,135.0,0.298,0.0,BTC-28JUN19-3750-C,8728.48,0.0,0.0015,4.0,0.741,3.0,500.0,0.35075,-0.91496,2.62192,0.0,0.99482
8933.67,BTC-27SEP19,1559473144581,open,1.7,0.0,1.5885,1.8035,1.69591597,92.37,None,0.0,BTC-27SEP19-24000-P,8728.48,0.0,0.0,0.0,0.0,0.0,0.0,5.34827,-2.11344,-75.64331,2e-05,-0.94838
8834.97,BTC-28JUN19,1559473144604,open,0.18,180.5,0.142,0.2215,0.18198374,88.15,0.1635,0.0,BTC-28JUN19-7500-C,8728.48,78.72,0.175,8.0,0.0,0.0,0.0,6.7308,-11.46469,3.8242,0.00014,0.79256
8728.48,index_price,1559473144604,open,0.1,20.8,0.056,0.1435,0.09969581,85.86,0.1565,0,BTC-7JUN19-9500-P,8728.48,0.0,0.0005,1.0,0.14,3.2,185.11,2.91329,-25.65142,-1.0365,0.00033,-0.78928
8933.67,BTC-27SEP19,1559473144604,open,0.24,142.1,0.1985,0.278,0.23836194,81.36,0.2425,0.0,BTC-27DEC19-9000-C,8728.48,81.41,0.2385,5.0,0.247,3.6,84.36,25.75155,-5.03956,19.21332,7e-05,0.61599
8933.67,BTC-27SEP19,1559473144633,open,0.63,0.0,0.559,0.6885,0.62359121,85.39,None,0.0,BTC-27SEP19-14000-P,8728.48,0.0,0.0065,0.1,1.3725,0.3,500.0,15.91643,-5.81445,-39.41631,7e-05,-0.7543
8933.67,BTC-27SEP19,1559473144690,open,0.02,134.8,0.0005,0.065,0.02417829,88.7,0.024,0.0,BTC-27DEC19-4000-P,8728.48,85.74,0.0215,10.0,0.0265,6.0,91.16,8.2789,-1.76625,-4.40392,2e-05,-0.06238
8933.67,BTC-27SEP19,1559473144698,open,0.05,77.3,0.005,0.0885,0.04674013,85.31,0.05,0.0,BTC-27DEC19-5000-P,8728.48,83.73,0.0445,2.0,0.0485,6.0,86.54,12.72641,-2.61153,-8.0051,3e-05,-0.1106
8728.48,index_price,1559473144706,open,0.01,282.8,0.0005,0.049,0.00899836,82.74,0.0095,0,BTC-7JUN19-8000-P,8728.48,79.25,0.008,0.2,0.0105,24.0,87.78,2.54065,-21.55694,-0.20723,0.0003,-0.16874
8834.97,BTC-28JUN19,1559473144725,open,0.01,667.9,0.0005,0.05,0.00992767,90.57,0.0095,0.0,BTC-28JUN19-6500-P,8728.48,85.55,0.008,34.0,0.0115,24.9,94.35,3.55538,-6.2224,-0.57432,7e-05,-0.08177
8834.97,BTC-28JUN19,1559473144762,open,0.05,585.7,0.008,0.0915,0.04954807,88.15,0.053,0.0,BTC-28JUN19-8000-P,8728.48,87.55,0.049,0.1,0.0515,19.3,90.27,8.10983,-13.81298,-2.15474,0.00017,-0.29448
8834.97,BTC-28JUN19,1559473144762,open,0.0,520.6,0.0005,0.04,6.6e-07,135.0,0.001,0.0,BTC-28JUN19-2000-P,8728.48,0.0,0.0,0.0,0.001,14.8,240.22,0.00086,-0.00224,-5e-05,0.0,-1e-05
8933.67,BTC-27SEP19,1559473144762,open,0.08,79.1,0.037,0.123,0.0802081,83.91,0.089,0.0,BTC-27SEP19-7000-P,8728.48,82.32,0.0775,10.0,0.0835,4.9,85.84,15.21073,-5.46039,-8.7679,7e-05,-0.22629
8933.67,BTC-27SEP19,1559473144762,open,0.02,293.5,0.0005,0.0635,0.02286288,89.08,0.022,0.0,BTC-27SEP19-5000-P,8728.48,84.96,0.0195,16.1,0.0245,6.0,90.99,7.53235,-2.87035,-2.94931,3e-05,-0.08024
8933.67,BTC-27SEP19,1559473144762,open,0.4,122.6,0.367,0.4465,0.4067574,82.4,0.41,0.0,BTC-27DEC19-6000-C,8728.48,0.0,0.0045,0.1,0.45,0.1,104.32,17.11101,-3.39118,21.49444,5e-05,0.82922
8933.67,BTC-27SEP19,1559473144762,open,0.01,178.6,0.0005,0.0475,0.00724181,100.3,0.0095,0.0,BTC-27DEC19-2500-P,8728.48,91.67,0.0045,7.1,0.0095,6.0,106.12,3.21604,-0.77585,-1.36833,1e-05,-0.01965
8728.48,index_price,1559473144790,open,0.11,0.0,0.069,0.1485,0.10852504,83.37,None,0,BTC-14JUN19-8000-C,8728.48,85.04,0.1095,6.0,0.1165,6.0,96.79,5.06935,-17.79421,1.80376,0.00025,0.74367
8933.67,BTC-27SEP19,1559473144811,open,0.64,0.0,0.6015,0.681,0.64147333,101.41,None,0.0,BTC-27SEP19-3250-C,8728.48,0.0,0.0075,0.1,0.948,5.0,500.0,2.47155,-1.07225,9.6774,1e-05,0.97977
8728.48,index_price,1559473144823,open,0.04,21.0,0.0005,0.0755,0.03569424,79.99,0.038,0,BTC-7JUN19-8750-C,8728.48,77.4,0.0345,18.0,0.0415,18.5,92.58,4.02381,-33.00642,0.55047,0.00049,0.50781
8933.67,BTC-27SEP19,1559473144830,open,0.83,0.0,0.755,0.9005,0.82776025,86.54,None,0.0,BTC-27SEP19-16000-P,8728.48,0.0,0.0065,0.1,1.584,0.2,500.0,12.90295,-4.77716,-47.35657,6e-05,-0.8277
8933.67,BTC-27SEP19,1559473144830,open,0.04,33.2,0.0045,0.084,0.04404518,90.01,0.049,0.0,BTC-27DEC19-22000-C,8728.48,88.06,0.0405,4.9,0.0475,4.9,91.85,16.5254,-3.57791,5.99221,4e-05,0.16182
8933.67,BTC-27SEP19,1559473144841,open,0.68,0.0,0.61,0.7435,0.67684483,84.41,None,0.0,BTC-27DEC19-14000-P,8728.48,0.0,0.0075,3.0,1.4935,0.2,500.0,24.95852,-5.0672,-67.53542,7e-05,-0.65052
8834.97,BTC-28JUN19,1559473144890,open,0.01,1354.6,0.0005,0.0455,0.00570922,95.14,0.005,0.0,BTC-28JUN19-6000-P,8728.48,88.22,0.004,12.0,0.0065,24.0,97.96,2.38869,-4.39122,-0.34288,5e-05,-0.04904
282.92,ETH-27SEP19,1559473144897,open,0.36,1738.0,0.318,0.397,0.357934,91.92,0.307,0.0,ETH-27SEP19-200-C,270.93,39.58,0.298,1.0,0.583,4.0,236.92,0.41566,-0.16346,0.42132,0.00176,0.82301
8834.97,BTC-28JUN19,1559473144902,open,0.03,384.9,0.0005,0.072,0.03088017,88.15,0.0295,0.0,BTC-28JUN19-7500-P,8728.48,84.32,0.028,19.3,0.0325,19.3,90.26,6.73067,-11.46396,-1.49266,0.00014,-0.20744
8834.97,BTC-28JUN19,1559473144931,open,0.0,312.4,0.0005,0.041,0.0012407,109.17,0.0025,0.0,BTC-28JUN19-4750-P,8728.48,0.0,0.0,0.0,0.002,24.0,117.36,0.69717,-1.4707,-0.07852,1e-05,-0.0113
8933.67,BTC-27SEP19,1559473144935,open,0.05,286.0,0.004,0.0875,0.04568394,86.04,0.045,0.0,BTC-27SEP19-6000-P,8728.48,83.15,0.042,10.0,0.0475,6.0,87.45,11.48666,-4.22809,-5.43581,5e-05,-0.14434
8834.97,BTC-28JUN19,1559473144935,open,0.27,26.3,0.2185,0.3195,0.26878799,87.0,0.285,0.0,BTC-28JUN19-11000-P,8728.48,0.0,0.002,1.0,0.6845,1.0,500.0,6.64812,-11.1765,-6.67428,0.00014,-0.79683
8933.67,BTC-27SEP19,1559473144937,open,0.08,117.9,0.0445,0.124,0.08428454,85.8,0.0775,0.0,BTC-27DEC19-16000-C,8728.48,83.91,0.0795,10.0,0.0885,4.9,87.44,22.78205,-4.70171,10.07125,6e-05,0.28223
8933.67,BTC-27SEP19,1559473144944,open,0.37,718.9,0.3345,0.414,0.37404566,86.02,0.355,0.0,BTC-27SEP19-6000-C,8728.48,0.0,0.0105,0.1,0.45,8.6,139.13,11.48528,-4.22674,13.77799,5e-05,0.85569
8933.67,BTC-27SEP19,1559473144984,open,0.78,0.0,0.704,0.8455,0.7748827,85.09,None,0.0,BTC-27DEC19-15000-P,8728.48,0.0,0.0055,10.0,1.6035,0.2,500.0,23.9017,-4.89208,-74.35295,6e-05,-0.68648
8728.48,index_price,1559473144996,open,0.0,124.2,0.0005,0.0405,0.00070514,119.64,0.0005,0,BTC-7JUN19-6500-P,8728.48,114.05,0.0005,1.0,0.001,13.0,126.05,0.35707,-4.38094,-0.01699,3e-05,-0.01387
8933.67,BTC-27SEP19,1559473145020,open,0.53,6.6,0.4905,0.57,0.53020443,86.56,0.498,0.0,BTC-27DEC19-4500-C,8728.48,0.0,0.26,1.4,0.984,1.0,500.0,10.43078,-2.17167,19.61121,3e-05,0.91565
8834.97,BTC-28JUN19,1559473145034,open,0.46,97.0,0.424,0.5035,0.46360629,109.19,0.1965,0.0,BTC-28JUN19-4750-C,8728.48,0.0,0.122,1.1,0.645,2.0,500.0,0.69783,-1.47243,3.28877,1e-05,0.98869
8933.67,BTC-27SEP19,1559473145036,open,0.03,42.7,0.0005,0.064,0.02429313,95.65,0.025,0.0,BTC-27DEC19-30000-C,8728.48,93.37,0.0215,6.0,0.027,6.0,97.73,11.29492,-2.59851,3.53996,3e-05,0.09387
8728.48,index_price,1559473145062,open,0.0,423.4,0.0005,0.044,0.00436554,86.96,0.0045,0,BTC-7JUN19-10000-C,8728.48,79.42,0.003,33.0,0.0055,0.5,92.4,1.72225,-15.35769,0.10719,0.00019,0.0963
8933.67,BTC-27SEP19,1559473145068,open,0.03,91.2,0.0005,0.075,0.03393314,86.57,0.0425,0.0,BTC-27DEC19-4500-P,8728.48,84.46,0.0315,10.0,0.0365,6.0,88.74,10.43246,-2.17238,-6.01905,3e-05,-0.08437
282.92,ETH-27SEP19,1559473145090,open,0.11,1864.0,0.066,0.145,0.105041,98.18,0.109,0.0,ETH-27SEP19-400-C,270.93,95.8,0.1,2.0,0.103,48.0,97.22,0.60168,-0.25273,0.23538,0.00239,0.36486
8933.67,BTC-27SEP19,1559473145095,open,0.35,3.2,0.2905,0.3975,0.3440442,83.78,0.481,0.0,BTC-27SEP19-11000-P,8728.48,81.04,0.338,3.6,0.352,3.6,87.36,19.76085,-7.08218,-26.4333,9e-05,-0.57999
8728.48,index_price,1559473145108,open,0.26,0.0,0.2175,0.297,0.25730168,90.61,None,0,BTC-14JUN19-6500-C,8728.48,0.0,0.0,0.0,0.288,3.0,192.44,1.0622,-4.05236,2.02487,5e-05,0.97031
8933.67,BTC-27SEP19,1559473145132,open,0.0,102.2,0.0005,0.042,0.00225778,113.86,0.0025,0.0,BTC-27DEC19-1500-P,8728.48,107.27,0.0015,1.1,0.003,2.0,119.07,1.16354,-0.31866,-0.42533,0.0,-0.0061
8933.67,BTC-27SEP19,1559473145148,open,0.01,97.5,0.0005,0.056,0.01553473,91.53,0.016,0.0,BTC-27SEP19-4500-P,8728.48,86.6,0.0125,16.0,0.017,6.0,93.76,5.7616,-2.2561,-2.06684,2e-05,-0.05672
8933.67,BTC-27SEP19,1559473145148,open,0.03,282.0,0.0005,0.073,0.03205735,86.61,0.0425,0.0,BTC-27SEP19-5500-P,8728.48,83.66,0.029,6.0,0.0345,6.0,88.9,9.40963,-3.48658,-4.01954,4e-05,-0.10846
8834.97,BTC-28JUN19,1559473145148,open,0.77,20.1,0.734,0.8135,0.77361931,0.0,0.578,0.0,BTC-28JUN19-2000-C,8728.48,0.0,0.004,0.2,0.8335,1.0,500.0,0.0,0.0,1.41785,0.0,1.0
8834.97,BTC-28JUN19,1559473145148,open,0.59,1.3,0.5245,0.651,0.58770625,89.79,2.415,0.0,BTC-28JUN19-14000-P,8728.48,0.0,0.0,0.0,0.9635,1.0,500.0,1.83686,-3.18682,-9.72226,4e-05,-0.96455
8933.67,BTC-27SEP19,1559473145191,open,0.03,136.4,0.0005,0.0645,0.02486001,87.9,0.023,0.0,BTC-27SEP19-18000-C,8728.48,85.34,0.022,6.0,0.0275,6.0,90.14,10.29409,-3.87092,2.80957,5e-05,0.12308
8933.67,BTC-27SEP19,1559473145191,open,0.13,165.6,0.0885,0.168,0.12801275,84.26,0.1215,0.0,BTC-27DEC19-13000-C,8728.48,83.39,0.1255,2.0,0.13,1.0,84.94,25.9198,-5.25313,13.47302,7e-05,0.39282
282.92,ETH-27SEP19,1559473145209,open,0.12,1167.0,0.075,0.154,0.114742,96.27,0.124,0.0,ETH-27SEP19-380-C,270.93,89.44,0.1,48.0,0.114,48.0,95.93,0.61597,-0.25369,0.25291,0.0025,0.39391
8933.67,BTC-27SEP19,1559473145215,open,0.0,332.9,0.0005,0.0415,0.00154731,103.26,0.002,0.0,BTC-27SEP19-2500-P,8728.48,89.51,0.0005,40.0,0.0025,0.9,110.86,0.95088,-0.42007,-0.23664,0.0,-0.00673
8834.97,BTC-28JUN19,1559473145215,open,0.0,685.1,0.0005,0.04,1.051e-05,135.0,0.001,0.0,BTC-28JUN19-2500-P,8728.48,0.0,0.0,0.0,0.112,16.5,500.0,0.0103,-0.02687,-0.00076,0.0,-0.00011
8933.67,BTC-27SEP19,1559473145215,open,0.62,4.0,0.5855,0.665,0.62507009,91.71,0.59,0.0,BTC-27DEC19-3500-C,8728.48,0.0,0.0065,1.1,0.888,3.0,350.5,6.34088,-1.39872,16.80863,2e-05,0.95543
8933.67,BTC-27SEP19,1559473145215,open,0.0,85.9,0.0005,0.044,0.00427978,106.17,0.0025,0.0,BTC-27DEC19-2000-P,8728.48,93.93,0.002,6.0,0.0065,7.9,114.7,2.05194,-0.52401,-0.81035,0.0,-0.01165
8933.67,BTC-27SEP19,1559473145217,open,0.78,0.0,0.7405,0.82,0.78040035,106.14,None,0.0,BTC-27DEC19-2000-C,8728.48,0.0,0.0165,3.0,0.99,0.5,500.0,2.04991,-0.52333,10.58114,0.0,0.98837
8728.48,index_price,1559473145227,open,0.03,67.8,0.0005,0.066,0.02506492,83.37,0.0225,0,BTC-14JUN19-8000-P,8728.48,76.26,0.021,24.0,0.0255,24.0,84.12,5.06935,-17.79421,-0.79913,0.00025,-0.25633
275.12,ETH-28JUN19,1559473145239,open,0.07,2419.0,0.027,0.106,0.066285,95.24,0.075,0.0,ETH-28JUN19-300-C,270.93,89.16,0.06,144.0,0.069,144.0,97.85,0.28558,-0.52554,0.06802,0.00559,0.41503
8933.67,BTC-27SEP19,1559473145246,open,0.54,0.2,0.497,0.5765,0.53650465,92.23,0.26,0.0,BTC-27SEP19-4250-C,8728.48,0.0,0.0115,0.1,0.738,5.0,299.11,4.88162,-1.92614,11.94149,2e-05,0.95395
275.12,ETH-28JUN19,1559473145248,open,0.11,374.0,0.065,0.153,0.108974,93.42,0.136,0.0,ETH-28JUN19-280-P,270.93,85.91,0.101,144.0,0.112,144.0,96.28,0.29181,-0.52679,-0.1146,0.00582,-0.47859
8728.48,index_price,1559473145291,open,0.02,78.1,0.0005,0.057,0.01736552,85.99,0.018,0,BTC-14JUN19-10000-C,8728.48,81.37,0.015,24.0,0.019,24.0,89.08,4.56396,-16.52419,0.55301,0.00021,0.21209
8834.94,BTC-28JUN19,1559473145345,open,0.02,1027.1,0.0005,0.059,0.0184741,89.66,0.0175,0.0,BTC-28JUN19-7000-P,8728.48,86.21,0.0165,7.5,0.0195,24.0,91.4,5.15544,-8.93203,-0.97289,0.0001,-0.13686
8834.94,BTC-28JUN19,1559473145345,open,0.63,0.1,0.5925,0.672,0.63230406,134.07,0.395,0.0,BTC-28JUN19-3250-C,8728.48,0.0,0.0015,1.4,0.7645,2.0,500.0,0.11065,-0.28664,2.29396,0.0,0.99856
8834.94,BTC-28JUN19,1559473145345,open,0.02,507.8,0.0005,0.0635,0.02373271,87.0,0.022,0.0,BTC-28JUN19-11000-C,8728.48,83.98,0.0215,19.3,0.0255,1.0,89.32,6.6478,-11.17557,1.12379,0.00014,0.20316
8834.94,BTC-28JUN19,1559473145345,open,0.0,137.0,0.0005,0.0405,0.00065786,134.96,0.001,0.0,BTC-28JUN19-3750-P,8728.48,0.0,0.0,0.0,0.0155,1.0,235.24,0.35022,-0.91332,-0.03648,0.0,-0.00517
8933.67,BTC-27SEP19,1559473145345,open,0.31,80.7,0.271,0.3505,0.31068413,81.36,0.3235,0.0,BTC-27DEC19-7500-C,8728.48,75.75,0.2965,5.0,0.3455,0.1,95.17,22.57463,-4.41778,20.98031,6e-05,0.72304
8933.67,BTC-27SEP19,1559473145347,open,1.51,0.0,1.4065,1.6065,1.50671887,90.06,None,0.0,BTC-27DEC19-22000-P,8728.48,0.0,0.0075,2.0,2.372,0.3,500.0,16.53843,-3.58245,-119.29683,4e-05,-0.83799
8933.67,BTC-27SEP19,1559473145347,open,0.25,0.4,0.196,0.2955,0.24581932,81.37,0.263,0.0,BTC-27DEC19-9000-P,8728.48,77.46,0.2345,4.9,0.248,4.9,82.13,25.75121,-5.04019,-32.0445,7e-05,-0.384
8933.67,BTC-27SEP19,1559473145347,open,0.83,0.0,0.7945,0.874,0.83434821,113.82,None,0.0,BTC-27DEC19-1500-C,8728.48,0.0,0.1,0.1,0.991,0.5,500.0,1.16177,-0.31806,8.11832,0.0,0.99391
8834.94,BTC-28JUN19,1559473145412,open,0.72,24.4,0.6775,0.757,0.71703382,118.7,0.5115,0.0,BTC-28JUN19-2500-C,8728.48,0.0,0.0025,0.5,0.8035,1.0,500.0,0.00169,-0.00388,1.7722,0.0,0.99998
8834.94,BTC-28JUN19,1559473145412,open,0.48,0.8,0.419,0.5365,0.47769946,89.23,2.171,0.0,BTC-28JUN19-13000-P,8728.48,0.0,0.07,1.0,0.869,1.0,500.0,3.01501,-5.19837,-8.84245,6e-05,-0.93409
8933.67,BTC-27SEP19,1559473145412,open,0.18,73.9,0.133,0.227,0.17989638,81.37,0.182,0.0,BTC-27DEC19-8000-P,8728.48,78.98,0.1735,5.0,0.182,4.9,82.16,23.89115,-4.67607,-25.08838,6e-05,-0.3132
8933.67,BTC-27SEP19,1559473145421,open,0.0,420.5,0.0005,0.0425,0.00269525,131.11,0.0035,0.0,BTC-27SEP19-2000-P,8728.48,104.72,0.0005,5.0,0.223,4.2,500.0,1.16439,-0.65311,-0.31923,0.0,-0.00846
8728.48,index_price,1559473145426,open,0.2,57.1,0.1595,0.239,0.19926992,101.85,0.193,0,BTC-7JUN19-7000-C,8728.48,0.0,0.0005,3.0,0.22,0.2,212.23,0.62065,-6.48232,0.90262,6e-05,0.97342
8933.67,BTC-27SEP19,1559473145474,open,1.95,0.0,1.8245,2.0595,1.94216149,92.95,None,0.0,BTC-27DEC19-26000-P,8728.48,0.0,0.0055,10.0,2.8125,0.2,500.0,13.53036,-3.02493,-143.56136,3e-05,-0.87945
8834.94,BTC-28JUN19,1559473145479,open,0.83,33.8,0.7905,0.87,0.830214,0.0,0.7145,0.0,BTC-28JUN19-1500-C,8728.48,0.0,0.002,0.4,0.8665,2.0,500.0,0.0,0.0,1.06338,0.0,1.0
270.93,index_price,1559473145493,open,0.09,0.0,0.047,0.133,0.089692,98.15,None,0,ETH-14JUN19-280-P,270.93,80.38,0.077,180.0,0.092,180.0,101.37,0.19404,-0.80186,-0.0554,0.00828,-0.53882
8933.67,BTC-27SEP19,1559473145510,open,0.73,0.0,0.6875,0.767,0.72739246,100.27,None,0.0,BTC-27DEC19-2500-C,8728.48,0.0,0.0165,3.0,0.988,0.5,500.0,3.21385,-0.77513,12.87099,1e-05,0.98036
8728.48,index_price,1559473145517,open,0.15,9.3,0.1045,0.196,0.15004036,86.96,0.234,0,BTC-7JUN19-10000-P,8728.48,0.0,0.011,1.0,0.1915,3.2,208.3,1.72224,-15.3576,-1.22861,0.00019,-0.9037
8834.94,BTC-28JUN19,1559473145526,open,0.0,856.3,0.0005,0.041,0.00140711,102.91,0.002,0.0,BTC-28JUN19-5000-P,8728.48,0.0,0.0,0.0,0.0025,27.0,112.76,0.80784,-1.60637,-0.09268,1e-05,-0.01339
8834.94,BTC-28JUN19,1559473145533,open,1.27,0.4,1.174,1.355,1.26451768,119.68,5.076,0.0,BTC-28JUN19-20000-P,8728.48,0.0,0.0,0.0,1.5575,2.0,500.0,0.52099,-1.20485,-14.13264,1e-05,-0.99191
8933.67,BTC-27SEP19,1559473145545,open,0.51,289.7,0.472,0.5515,0.51180579,91.51,0.51,0.0,BTC-27SEP19-4500-C,8728.48,0.0,0.022,0.1,0.7285,5.0,299.0,5.75887,-2.2544,12.34395,2e-05,0.94332
8933.67,BTC-27SEP19,1559473145579,open,0.43,6.1,0.375,0.489,0.43189501,84.1,1.781,0.0,BTC-27SEP19-12000-P,8728.48,0.0,0.0105,0.1,1.162,0.3,500.0,18.74785,-6.74517,-30.91487,9e-05,-0.64881
8834.94,BTC-28JUN19,1559473145579,open,0.0,94.5,0.0005,0.04,0.00017375,135.0,0.002,0.0,BTC-28JUN19-3250-P,8728.48,0.0,0.0,0.0,0.356,2.5,500.0,0.1168,-0.3047,-0.01066,0.0,-0.00153
8933.67,BTC-27SEP19,1559473145591,open,0.83,0.0,0.755,0.9005,0.82770644,86.54,None,0.0,BTC-27SEP19-16000-P,8728.48,0.0,0.0065,0.1,1.5835,0.2,500.0,12.90295,-4.77716,-47.35657,6e-05,-0.8277
8933.65,BTC-27SEP19,1559473145592,open,0.37,63.1,0.3315,0.411,0.37116887,81.57,0.311,0.0,BTC-27DEC19-6500-C,8728.48,39.91,0.2915,0.1,0.98,4.0,500.0,19.14723,-3.75652,21.57178,5e-05,0.79515
8834.94,BTC-28JUN19,1559473145603,open,0.66,43.6,0.621,0.7005,0.66050558,133.23,0.6755,0.0,BTC-28JUN19-3000-C,8728.48,0.0,0.004,0.5,0.777,2.0,500.0,0.05223,-0.13445,2.12237,0.0,0.99936
8933.65,BTC-27SEP19,1559473145621,open,0.06,63.3,0.0185,0.103,0.06081049,83.46,0.0795,0.0,BTC-27DEC19-5500-P,8728.48,82.07,0.0585,10.0,0.0635,6.0,85.06,14.92856,-2.9967,-10.16311,4e-05,-0.13894
282.92,ETH-27SEP19,1559473145714,open,0.06,66.0,0.02,0.099,0.05981,103.57,0.063,0.0,ETH-27SEP19-520-C,270.93,98.28,0.051,48.0,0.06,48.0,103.68,0.48373,-0.21433,0.15235,0.00182,0.22798
270.93,index_price,1559473145758,open,0.14,80.0,0.099,0.178,0.138462,98.01,0.14,0,ETH-14JUN19-240-C,270.93,97.14,0.138,60.0,0.148,60.0,115.28,0.14449,-0.59619,0.0566,0.00617,0.78057
8728.48,index_price,1559473145893,open,0.0,215.9,0.0005,0.041,0.00124232,101.85,0.0015,0,BTC-7JUN19-7000-P,8728.48,98.21,0.001,2.0,0.0015,2.0,105.27,0.62065,-6.48232,-0.03244,6e-05,-0.02658
8728.48,index_price,1559473145932,open,0.12,3.0,0.077,0.1565,0.1167203,82.74,0.1065,0,BTC-7JUN19-7750-C,8728.48,0.0,0.112,0.1,0.171,0.2,243.76,1.74868,-14.83727,0.91523,0.00021,0.90168
8728.48,index_price,1559473146253,open,0.01,37.2,0.0005,0.0495,0.00969683,85.99,0.009,0,BTC-14JUN19-10500-C,8728.48,81.43,0.008,30.4,0.0105,0.5,88.03,3.3782,-12.231,0.34931,0.00016,0.1327
270.93,index_price,1559473146289,open,0.01,0.0,0.001,0.053,0.013612,109.28,None,0,ETH-14JUN19-340-C,270.93,97.17,0.009,300.0,0.017,300.0,117.12,0.11193,-0.51496,0.01167,0.00429,0.14605
8834.91,BTC-28JUN19,1559473146366,open,0.14,23.1,0.092,0.1825,0.13746459,86.53,0.175,0.0,BTC-28JUN19-9500-P,8728.56,82.72,0.1335,14.4,0.143,14.4,91.84,9.19901,-15.38146,-4.48861,0.00019,-0.57919
8933.65,BTC-27SEP19,1559473146366,open,1.26,0.0,1.166,1.346,1.25613304,89.33,None,0.0,BTC-27SEP19-20000-P,8728.56,0.0,0.0055,10.0,2.01,0.2,500.0,8.20151,-3.13444,-61.96813,4e-05,-0.91011
8933.65,BTC-27SEP19,1559473146366,open,1.48,0.0,1.3765,1.574,1.47504519,90.6,None,0.0,BTC-27SEP19-22000-P,8728.56,0.0,0.0055,10.0,0.0,0.0,0.0,6.53213,-2.53175,-68.89634,3e-05,-0.93339
8834.91,BTC-28JUN19,1559473146366,open,0.06,14.8,0.0225,0.102,0.06219577,86.54,0.054,0.0,BTC-28JUN19-9500-C,8728.56,82.5,0.058,14.4,0.0655,14.4,89.71,9.19911,-15.38349,2.24622,0.00019,0.42083
8933.65,BTC-27SEP19,1559473146366,open,0.01,121.4,0.0005,0.049,0.00936427,92.23,0.01,0.0,BTC-27SEP19-24000-C,8728.56,87.9,0.007,7.0,0.0115,6.0,95.6,5.3191,-2.09865,1.1988,2e-05,0.05127
8728.56,index_price,1559473146365,open,0.09,103.7,0.0525,0.132,0.09245862,82.72,0.081,0,BTC-7JUN19-8000-C,8728.56,84.56,0.093,6.0,0.0995,6.0,104.87,2.53986,-21.54431,0.86152,0.0003,0.83135
8834.91,BTC-28JUN19,1559473146366,open,0.03,147.1,0.0005,0.0725,0.03286091,86.54,0.031,0.0,BTC-28JUN19-10500-C,8728.56,83.21,0.03,19.3,0.0335,0.1,87.28,7.67528,-12.83511,1.44143,0.00016,0.263
8728.56,index_price,1559473146365,open,0.0,7.0,0.0005,0.042,0.00238349,99.76,0.002,0,BTC-7JUN19-7250-P,8728.56,96.26,0.002,3.0,0.003,41.0,104.8,1.00227,-10.25314,-0.05841,0.0001,-0.04771
8728.56,index_price,1559473146365,open,0.01,34.9,0.0005,0.0445,0.00461835,82.74,0.008,0,BTC-7JUN19-7750-P,8728.56,76.82,0.0035,31.0,0.0055,0.2,86.98,1.74864,-14.83782,-0.12002,0.00021,-0.09832
8933.73,BTC-27SEP19,1559473146366,open,0.03,16.5,0.0005,0.0675,0.02767036,94.35,0.0295,0.0,BTC-27DEC19-28000-C,8728.56,91.98,0.0245,6.0,0.0305,6.0,96.35,12.33869,-2.80008,3.98236,3e-05,0.10594
8728.56,index_price,1559473146365,open,0.31,8.4,0.273,0.3525,0.3129424,134.64,0.25,0,BTC-7JUN19-6000-C,8728.56,0.0,0.0505,2.0,0.3335,3.0,302.95,0.18286,-2.52489,0.79357,1e-05,0.99355
8728.56,index_price,1559473146366,open,0.01,7.3,0.0005,0.0515,0.01140271,83.37,0.01,0,BTC-14JUN19-7500-P,8728.56,78.46,0.0095,30.0,0.0115,0.1,83.62,3.49079,-12.25366,-0.42772,0.00017,-0.1392
8933.73,BTC-27SEP19,1559473146371,open,0.41,231.1,0.3765,0.456,0.41640577,86.61,0.3795,0.0,BTC-27SEP19-5500-C,8728.56,0.0,0.004,0.6,0.459,3.0,122.11,9.40893,-3.48608,13.59239,4e-05,0.89156
8728.56,index_price,1559473146366,open,0.0,307.3,0.0005,0.042,0.00226086,94.73,0.0025,0,BTC-7JUN19-10500-C,8728.56,87.74,0.0015,8.0,0.003,36.3,100.34,1.06113,-10.30869,0.05712,0.00011,0.05125
8728.56,index_price,1559473146365,open,0.01,373.0,0.0005,0.051,0.01130469,85.86,0.009,0,BTC-7JUN19-9500-C,8728.56,78.72,0.009,24.1,0.0125,0.3,89.39,2.91339,-25.6507,0.23253,0.00033,0.21073
8933.73,BTC-27SEP19,1559473146366,open,0.02,10.0,0.0005,0.0615,0.02165507,96.98,0.0285,0.0,BTC-27DEC19-32000-C,8728.56,94.16,0.0185,6.0,0.0245,6.0,99.34,10.41726,-2.43003,3.18241,2e-05,0.0842
8728.56,index_price,1559473146365,open,0.0,325.0,0.0005,0.043,0.00318156,90.54,0.0035,0,BTC-7JUN19-7500-P,8728.56,81.69,0.002,1.0,0.0045,30.0,98.63,1.30259,-12.09381,-0.0813,0.00014,-0.06654
8933.73,BTC-27SEP19,1559473146366,open,2.61,0.0,2.4595,2.7475,2.60359739,96.99,None,0.0,BTC-27DEC19-32000-P,8728.56,0.0,0.0,0.0,0.0,0.0,0.0,10.42042,-2.43102,-179.06364,2e-05,-0.91576
8728.56,index_price,1559473146366,open,0.0,576.7,0.0005,0.041,0.00102947,99.02,0.001,0,BTC-7JUN19-11000-C,8728.56,89.23,0.0005,54.9,0.0015,12.7,105.23,0.58514,-5.9417,0.02769,6e-05,0.02477
8728.56,index_price,1559473146366,open,0.15,0.0,0.1125,0.192,0.15214658,83.35,None,0,BTC-14JUN19-7500-C,8728.56,0.0,0.1405,0.1,0.1855,3.0,149.81,3.48996,-12.24785,2.01266,0.00017,0.86084
8728.56,index_price,1559473146366,open,0.0,119.4,0.0005,0.04,0.00034731,134.94,0.0005,0,BTC-7JUN19-6000-P,8728.56,0.0,0.0,0.0,0.001,11.5,155.51,0.18522,-2.56314,-0.00803,1e-05,-0.00654
8728.56,index_price,1559473146366,open,0.26,402.5,0.211,0.3115,0.2612718,99.19,0.32,0,BTC-7JUN19-11000-P,8728.56,0.0,0.0,0.0,0.3025,0.1,259.44,0.58929,-5.99418,-1.44147,6e-05,-0.97502
8728.56,index_price,1559473146366,open,0.08,1.3,0.0365,0.1225,0.07945396,85.86,0.0695,0,BTC-14JUN19-9000-P,8728.56,70.47,0.0685,18.0,0.076,18.0,81.02,6.23582,-22.54323,-1.78157,0.00029,-0.54787
8933.73,BTC-27SEP19,1559473146370,open,0.5,4.4,0.433,0.552,0.49232123,83.86,0.5765,0.0,BTC-27DEC19-12000-P,8728.56,77.16,0.4725,3.6,0.4895,3.6,82.91,26.59646,-5.36465,-53.51871,7e-05,-0.55955
270.93,index_price,1559473146479,open,0.0,12.0,0.001,0.043,0.002943,99.98,0.007,0,ETH-14JUN19-200-P,270.93,0.0,0.0,0.0,0.006,350.0,116.62,0.04046,-0.17033,-0.00362,0.00169,-0.03809
270.93,index_price,1559473146542,open,0.26,0.0,0.218,0.319,0.268549,109.28,None,0,ETH-14JUN19-340-P,270.93,0.0,0.0,0.0,0.0,0.0,0.0,0.11193,-0.51496,-0.09895,0.00429,-0.85395
270.93,index_price,1559473146557,open,0.12,110.0,0.082,0.161,0.121364,95.73,0.124,0,ETH-7JUN19-240-C,270.93,98.37,0.122,60.0,0.128,60.0,120.38,0.06442,-0.63243,0.02728,0.00686,0.87511
270.93,index_price,1559473146562,open,0.0,417.0,0.001,0.041,0.001464,113.86,0.005,0,ETH-7JUN19-350-C,270.93,0.0,0.0,0.0,0.003,300.0,129.31,0.02134,-0.24912,0.00103,0.00191,0.03005
270.93,index_price,1559473146638,open,0.3,0.0,0.251,0.354,0.302348,110.18,None,0,ETH-14JUN19-350-P,270.93,0.0,0.0,0.0,0.0,0.0,0.0,0.09613,-0.44594,-0.10447,0.00365,-0.88281
282.92,ETH-27SEP19,1559473146733,open,1.16,0.0,1.081,1.254,1.167495,108.87,None,0.0,ETH-27SEP19-600-P,270.93,0.0,0.0,0.0,0.0,0.0,0.0,0.4213,-0.19623,-1.79978,0.00151,-0.81917
270.93,index_price,1559473146737,open,0.33,0.0,0.284,0.39,0.33679,110.86,None,0,ETH-14JUN19-360-P,270.93,0.0,0.0,0.0,0.0,0.0,0.0,0.08143,-0.38008,-0.10962,0.00308,-0.90682
270.93,index_price,1559473146765,open,0.04,255.0,0.001,0.083,0.041471,93.83,0.107,0,ETH-7JUN19-270-P,270.93,79.74,0.035,180.0,0.044,180.0,99.33,0.12446,-1.19754,-0.01836,0.01353,-0.46576
270.93,index_price,1559473146775,open,0.23,200.0,0.186,0.265,0.225819,109.78,0.142,0,ETH-7JUN19-210-C,270.93,0.0,0.001,30.0,0.301,3.0,408.4,0.01462,-0.16463,0.02732,0.00136,0.98083
270.93,index_price,1559473146827,open,0.01,124.0,0.001,0.05,0.0104,111.1,0.01,0,ETH-7JUN19-310-C,270.93,109.68,0.01,1.0,0.012,240.0,116.59,0.07691,-0.87632,0.0055,0.00706,0.16234
270.93,index_price,1559473146847,open,0.22,301.0,0.173,0.27,0.221845,111.1,0.2,0,ETH-7JUN19-330-P,270.93,0.0,0.211,60.0,0.218,60.0,0.0,0.04229,-0.48187,-0.04167,0.00388,-0.92946
270.93,index_price,1559473146858,open,0.03,11.0,0.001,0.069,0.02957,107.08,0.024,0,ETH-14JUN19-310-C,270.93,95.83,0.023,240.0,0.034,240.0,114.34,0.16276,-0.73378,0.02154,0.00636,0.27396
270.93,index_price,1559473147032,open,0.01,970.0,0.001,0.047,0.007201,95.73,0.007,0,ETH-7JUN19-240-P,270.93,90.5,0.006,1.0,0.008,300.0,99.03,0.06442,-0.63243,-0.00478,0.00686,-0.12489
270.93,index_price,1559473147129,open,0.17,0.0,0.127,0.22,0.173776,107.08,None,0,ETH-14JUN19-310-P,270.93,74.26,0.156,60.0,0.169,60.0,98.97,0.16276,-0.73378,-0.07932,0.00636,-0.72604
270.93,index_price,1559473147169,open,0.05,23.0,0.009,0.092,0.0507,98.01,0.052,0,ETH-14JUN19-260-P,270.93,82.28,0.04,240.0,0.052,240.0,99.91,0.18515,-0.76399,-0.03744,0.00791,-0.37398
270.93,index_price,1559473147245,open,0.15,249.0,0.109,0.2,0.154607,111.1,0.228,0,ETH-7JUN19-310-P,270.93,0.0,0.143,60.0,0.151,60.0,97.39,0.07691,-0.87633,-0.03591,0.00706,-0.83766
8933.7,BTC-27SEP19,1559473147369,open,0.01,1028.2,0.0005,0.0525,0.01224646,92.26,0.0175,0.0,BTC-27SEP19-4250-P,8728.56,86.92,0.0095,16.0,0.0145,6.0,96.21,4.88417,-1.92767,-1.66856,2e-05,-0.04608
8834.96,BTC-28JUN19,1559473147369,open,0.0,1286.1,0.0005,0.0405,0.00079375,119.94,0.0015,0.0,BTC-28JUN19-20000-C,8728.56,114.17,0.0005,85.0,0.001,3.0,123.11,0.52835,-1.22449,0.04654,1e-05,0.00823
8834.96,BTC-28JUN19,1559473147398,open,0.0,479.7,0.0005,0.043,0.00309916,89.81,0.0115,0.0,BTC-28JUN19-14000-C,8728.56,80.34,0.0015,34.0,0.0045,24.0,95.79,1.83866,-3.19081,0.20289,4e-05,0.03549
270.93,index_price,1559473147436,open,0.2,0.0,0.158,0.237,0.197307,98.01,None,0,ETH-14JUN19-220-C,270.93,100.12,0.198,60.0,0.208,60.0,126.31,0.08745,-0.36083,0.0617,0.00374,0.8973
270.93,index_price,1559473147444,open,0.07,10.0,0.033,0.112,0.072042,98.01,0.077,0,ETH-14JUN19-270-C,270.93,93.75,0.069,180.0,0.083,180.0,113.33,0.19383,-0.79981,0.04151,0.00828,0.54294
8834.96,BTC-28JUN19,1559473147452,open,0.1,103.7,0.058,0.146,0.10201974,86.36,0.122,0.0,BTC-28JUN19-9000-P,8728.56,82.57,0.098,14.4,0.107,14.4,91.05,9.37899,-15.65053,-3.68452,0.0002,-0.48625
282.92,ETH-27SEP19,1559473147459,open,0.01,7561.0,0.001,0.055,0.014535,91.92,0.017,0.0,ETH-27SEP19-140-P,270.94,81.92,0.009,60.0,0.016,60.0,94.25,0.17402,-0.06843,-0.06156,0.00074,-0.05341
282.92,ETH-27SEP19,1559473147459,open,0.09,558.0,0.045,0.124,0.0847,99.46,0.085,0.0,ETH-27SEP19-440-C,270.94,92.96,0.072,52.0,0.084,48.0,99.11,0.56274,-0.23945,0.20176,0.00221,0.30741
275.12,ETH-28JUN19,1559473147459,open,0.46,0.0,0.409,0.525,0.466987,103.13,None,0.0,ETH-28JUN19-400-P,270.94,0.0,0.0,0.0,0.0,0.0,0.0,0.13787,-0.27474,-0.26464,0.00249,-0.88985
275.12,ETH-28JUN19,1559473147459,open,0.0,7102.0,0.001,0.043,0.003613,93.44,0.009,0.0,ETH-28JUN19-180-P,270.94,83.96,0.002,20.0,0.004,240.0,95.33,0.05481,-0.09896,-0.00727,0.00109,-0.03365
282.92,ETH-27SEP19,1559473147459,open,0.13,1312.0,0.089,0.168,0.128111,95.22,0.126,0.0,ETH-27SEP19-360-C,270.94,88.38,0.113,36.0,0.128,36.0,95.17,0.62868,-0.25608,0.27299,0.00258,0.42945
275.12,ETH-28JUN19,1559473147459,open,0.0,1541.0,0.001,0.04,5.8e-05,150.0,0.001,0.0,ETH-28JUN19-80-P,270.94,0.0,0.0,0.0,0.001,14.0,200.94,0.00129,-0.00375,-0.00011,2e-05,-0.0005
275.12,ETH-28JUN19,1559473147459,open,0.25,661.0,0.212,0.291,0.251964,93.44,0.21,0.0,ETH-28JUN19-210-C,270.94,0.0,0.006,11.0,0.253,80.0,95.45,0.14054,-0.25375,0.12383,0.0028,0.88687
275.12,ETH-28JUN19,1559473147459,open,0.6,0.0,0.542,0.669,0.605453,103.13,None,0.0,ETH-28JUN19-440-P,270.94,0.0,0.0,0.0,0.0,0.0,0.0,0.08483,-0.16904,-0.30184,0.00153,-0.94212
282.92,ETH-27SEP19,1559473147459,open,1.03,0.0,0.95,1.112,1.031151,105.82,None,0.0,ETH-27SEP19-560-P,270.94,0.0,0.0,0.0,0.0,0.0,0.0,0.44849,-0.20303,-1.65871,0.00165,-0.79979
282.92,ETH-27SEP19,1559473147460,open,0.76,0.0,0.697,0.837,0.767172,101.51,None,0.0,ETH-27SEP19-480-P,270.94,0.0,0.0,0.0,0.0,0.0,0.0,0.52273,-0.22701,-1.36235,0.00201,-0.73664
275.12,ETH-28JUN19,1559473147460,open,0.57,50.0,0.525,0.604,0.564322,126.57,0.547,0.0,ETH-28JUN19-120-C,270.94,0.0,0.0,0.0,0.0,0.0,0.0,0.00919,-0.02247,0.08414,0.00014,0.99574
282.92,ETH-27SEP19,1559473147460,open,0.19,1460.0,0.144,0.223,0.183688,92.45,0.193,0.0,ETH-27SEP19-300-C,270.94,90.35,0.179,1.0,0.184,36.0,92.59,0.63159,-0.24979,0.34039,0.00267,0.55942
275.12,ETH-28JUN19,1559473147460,open,0.0,7342.0,0.001,0.042,0.002818,109.03,0.004,0.0,ETH-28JUN19-500-C,270.94,103.69,0.002,40.0,0.004,240.0,115.21,0.04692,-0.09885,0.00489,0.0008,0.02789
275.12,ETH-28JUN19,1559473147460,open,0.07,2410.0,0.029,0.114,0.071261,93.44,0.09,0.0,ETH-28JUN19-260-P,270.94,84.15,0.062,192.0,0.071,192.0,93.18,0.27472,-0.49603,-0.08461,0.00548,-0.36257
282.92,ETH-27SEP19,1559473147460,open,0.46,401.0,0.421,0.5,0.460942,91.92,0.38,0.0,ETH-27SEP19-160-C,270.94,0.0,0.26,1.0,0.599,10.0,207.98,0.25473,-0.10017,0.40902,0.00108,0.91243
275.12,ETH-28JUN19,1559473147460,open,0.0,3083.0,0.001,0.04,0.000149,134.53,0.001,0.0,ETH-28JUN19-100-P,270.94,0.0,0.0,0.0,0.0,0.0,0.0,0.0032,-0.00833,-0.00029,4e-05,-0.00133
282.92,ETH-27SEP19,1559473147460,open,0.2,584.0,0.15,0.245,0.197759,91.34,0.216,0.0,ETH-27SEP19-280-P,270.94,85.48,0.185,48.0,0.201,48.0,92.84,0.61439,-0.24008,-0.53275,0.00262,-0.39031
282.92,ETH-27SEP19,1559473147460,open,0.34,31.0,0.292,0.399,0.345251,94.09,0.368,0.0,ETH-27SEP19-340-P,270.94,87.75,0.331,36.0,0.348,36.0,95.31,0.6367,-0.25629,-0.79424,0.00264,-0.53146
282.92,ETH-27SEP19,1559473147460,open,0.04,4775.0,0.002,0.084,0.043166,91.92,0.065,0.0,ETH-27SEP19-180-P,270.94,83.98,0.034,60.0,0.042,60.0,90.94,0.33751,-0.13272,-0.15629,0.00143,-0.12935
275.12,ETH-28JUN19,1559473147460,open,0.6,10.0,0.561,0.64,0.600404,127.8,0.265,0.0,ETH-28JUN19-110-C,270.94,0.0,0.0,0.0,0.0,0.0,0.0,0.00484,-0.01194,0.07753,7e-05,0.99791
275.12,ETH-28JUN19,1559473147460,open,0.0,4694.0,0.001,0.04,0.00023,127.8,0.001,0.0,ETH-28JUN19-110-P,270.94,0.0,0.0,0.0,0.0,0.0,0.0,0.00484,-0.01194,-0.00045,7e-05,-0.00209
275.12,ETH-28JUN19,1559473147460,open,0.67,0.0,0.633,0.712,0.672946,139.31,None,0.0,ETH-28JUN19-90-C,270.94,0.0,0.002,5.0,0.0,0.0,0.0,0.00176,-0.00473,0.06365,2e-05,0.99931
282.92,ETH-27SEP19,1559473147460,open,0.64,0.0,0.575,0.705,0.63991,99.46,None,0.0,ETH-27SEP19-440-P,270.94,0.0,0.0,0.0,0.0,0.0,0.0,0.56274,-0.23945,-1.20715,0.00221,-0.69259
275.12,ETH-28JUN19,1559473147460,open,0.01,4002.0,0.001,0.055,0.015267,93.44,0.01,0.0,ETH-28JUN19-210-P,270.94,77.44,0.008,240.0,0.013,240.0,88.87,0.14054,-0.25375,-0.02504,0.0028,-0.11313
282.92,ETH-27SEP19,1559473147460,open,0.65,0.0,0.61,0.689,0.649956,96.34,None,0.0,ETH-27SEP19-100-C,270.94,0.0,0.003,10.0,0.0,0.0,0.0,0.05931,-0.02444,0.30387,0.00024,0.98538
275.12,ETH-28JUN19,1559473147460,open,0.0,4769.0,0.001,0.04,0.000496,126.57,0.001,0.0,ETH-28JUN19-120-P,270.94,0.0,0.0,0.0,0.001,100.0,138.18,0.00919,-0.02247,-0.00093,0.00014,-0.00426
282.92,ETH-27SEP19,1559473147460,open,0.32,818.0,0.274,0.353,0.313892,91.92,0.35,0.0,ETH-27SEP19-220-C,270.94,82.55,0.298,12.0,0.312,12.0,90.81,0.4844,-0.19048,0.41452,0.00206,0.77146
270.94,index_price,1559473147459,open,0.0,4.0,0.001,0.04,0.000822,144.01,0.003,0,ETH-7JUN19-190-P,270.94,0.0,0.0,0.0,0.003,52.0,178.55,0.01074,-0.15859,-0.00051,0.00076,-0.01337
275.12,ETH-28JUN19,1559473147460,open,0.01,447.0,0.001,0.046,0.006151,103.13,0.01,0.0,ETH-28JUN19-440-C,270.94,90.76,0.003,240.0,0.007,240.0,105.78,0.08483,-0.16904,0.01009,0.00153,0.05788
282.92,ETH-27SEP19,1559473147460,open,0.14,556.0,0.104,0.183,0.143498,94.09,0.124,0.0,ETH-27SEP19-340-C,270.94,87.19,0.128,36.0,0.142,36.0,93.43,0.6367,-0.25629,0.29446,0.00264,0.46854
282.92,ETH-27SEP19,1559473147460,open,0.41,743.0,0.367,0.446,0.406944,91.92,0.331,0.0,ETH-27SEP19-180-C,270.94,0.0,0.23,1.0,0.5,1.0,160.34,0.33751,-0.13272,0.42008,0.00143,0.87065
275.12,ETH-28JUN19,1559473147461,open,0.46,481.0,0.417,0.496,0.456874,115.81,0.46,0.0,ETH-28JUN19-150-C,270.94,0.0,0.021,1.0,0.5,200.0,246.89,0.0308,-0.06893,0.10263,0.0005,0.98305
282.92,ETH-27SEP19,1559473147461,open,0.28,2038.0,0.235,0.314,0.274653,91.92,0.236,0.0,ETH-27SEP19-240-C,270.94,83.19,0.258,36.0,0.273,36.0,91.06,0.54094,-0.21272,0.40148,0.0023,0.71782
282.92,ETH-27SEP19,1559473147460,open,0.07,1466.0,0.031,0.11,0.07058,101.51,0.092,0.0,ETH-27SEP19-480-C,270.94,97.9,0.064,5.0,0.071,48.0,101.74,0.52273,-0.22701,0.17464,0.00201,0.26336
282.92,ETH-27SEP19,1559473147461,open,0.52,0.0,0.459,0.579,0.518866,98.18,None,0.0,ETH-27SEP19-400-P,270.94,0.0,0.001,50.0,0.0,0.0,0.0,0.60168,-0.25273,-1.04545,0.00239,-0.63515
282.92,ETH-27SEP19,1559473147460,open,0.79,0.0,0.749,0.828,0.788412,108.1,0.01,0.0,ETH-27SEP19-60-C,270.94,0.0,0.003,10.0,0.0,0.0,0.0,0.01128,-0.00522,0.18965,4e-05,0.99775
275.12,ETH-28JUN19,1559473147461,open,0.0,9802.0,0.001,0.04,0.00052,115.81,0.001,0.0,ETH-28JUN19-130-P,270.94,0.0,0.0,0.0,0.0,0.0,0.0,0.01033,-0.02313,-0.00105,0.00017,-0.00486
282.92,ETH-27SEP19,1559473147461,open,0.24,954.0,0.2,0.279,0.23992,91.92,0.233,0.0,ETH-27SEP19-260-C,270.94,83.74,0.223,36.0,0.239,36.0,91.48,0.58416,-0.22971,0.38389,0.00248,0.66367
282.92,ETH-27SEP19,1559473147461,open,0.0,1743.0,0.001,0.041,0.00124,99.38,0.005,0.0,ETH-27SEP19-80-P,270.94,0.0,0.0,0.0,0.0,0.0,0.0,0.0262,-0.01114,-0.00633,0.0001,-0.00575
275.12,ETH-28JUN19,1559473147461,open,0.02,5133.0,0.001,0.063,0.022294,93.44,0.015,0.0,ETH-28JUN19-220-P,270.94,79.31,0.014,240.0,0.019,240.0,88.08,0.17317,-0.31267,-0.03422,0.00345,-0.15314
275.12,ETH-28JUN19,1559473147461,open,0.01,3975.0,0.001,0.046,0.006194,93.44,0.004,0.0,ETH-28JUN19-190-P,270.94,74.62,0.002,100.0,0.005,240.0,89.09,0.07966,-0.14384,-0.01163,0.00159,-0.05345
275.12,ETH-28JUN19,1559473147461,open,0.0,7787.0,0.001,0.042,0.002091,115.81,0.003,0.0,ETH-28JUN19-150-P,270.94,103.74,0.001,111.0,0.003,100.0,123.05,0.0308,-0.06893,-0.00371,0.0005,-0.01695
282.92,ETH-27SEP19,1559473147461,open,0.72,0.0,0.679,0.758,0.718475,99.38,None,0.0,ETH-27SEP19-80-C,270.94,0.0,0.003,10.0,0.0,0.0,0.0,0.0262,-0.01114,0.24984,0.0001,0.99425
282.93,ETH-27SEP19,1559473147461,open,0.58,47.0,0.543,0.622,0.582759,92.08,0.564,0.0,ETH-27SEP19-120-C,270.94,0.0,0.007,10.0,0.663,2.0,200.16,0.10373,-0.04086,0.35238,0.00044,0.97172
282.93,ETH-27SEP19,1559473147461,open,0.0,174.0,0.001,0.04,0.000486,108.1,0.002,0.0,ETH-27SEP19-60-P,270.94,0.0,0.0,0.0,0.0,0.0,0.0,0.01128,-0.00522,-0.00248,4e-05,-0.00225
275.12,ETH-28JUN19,1559473147461,open,0.42,923.0,0.383,0.462,0.422132,115.81,0.357,0.0,ETH-28JUN19-160-C,270.94,0.0,0.1,3.0,0.0,0.0,0.0,0.04698,-0.10513,0.10726,0.00076,0.97206
275.12,ETH-28JUN19,1559473147461,open,0.21,51.0,0.163,0.259,0.211237,97.2,0.211,0.0,ETH-28JUN19-320-P,270.94,89.54,0.204,144.0,0.215,144.0,101.1,0.26356,-0.49502,-0.1729,0.00505,-0.67526
275.12,ETH-28JUN19,1559473147461,open,0.64,0.0,0.597,0.676,0.636671,134.53,None,0.0,ETH-28JUN19-100-C,270.94,0.0,0.0,0.0,0.0,0.0,0.0,0.0032,-0.00833,0.0706,4e-05,0.99867
282.93,ETH-27SEP19,1559473147461,open,0.0,3549.0,0.001,0.043,0.003413,96.35,0.006,0.0,ETH-27SEP19-100-P,270.94,80.29,0.001,105.0,0.005,60.0,103.07,0.05931,-0.02445,-0.01634,0.00024,-0.01462
282.93,ETH-27SEP19,1559473147461,open,0.45,28.0,0.4,0.516,0.457863,96.28,0.419,0.0,ETH-27SEP19-380-P,270.94,89.4,0.443,36.0,0.461,36.0,97.72,0.61602,-0.25374,-0.96385,0.0025,-0.60603
282.93,ETH-27SEP19,1559473147461,open,0.4,81.0,0.345,0.456,0.400556,95.23,0.428,0.0,ETH-27SEP19-360-P,270.94,88.65,0.386,36.0,0.404,36.0,96.78,0.62872,-0.25614,-0.87972,0.00258,-0.57048
282.93,ETH-27SEP19,1559473147461,open,0.52,191.0,0.48,0.559,0.519695,91.9,0.5,0.0,ETH-27SEP19-140-C,270.94,0.0,0.01,50.0,0.0,0.0,0.0,0.17392,-0.06838,0.38678,0.00074,0.94662
270.94,index_price,1559473147459,open,0.01,330.0,0.001,0.049,0.009325,98.02,0.013,0,ETH-14JUN19-220-P,270.94,78.56,0.004,300.0,0.011,300.0,103.04,0.08744,-0.36086,-0.00987,0.00374,-0.10269
275.12,ETH-28JUN19,1559473147461,open,0.71,0.0,0.67,0.749,0.709276,150.0,None,0.0,ETH-28JUN19-80-C,270.94,0.0,0.002,5.0,0.0,0.0,0.0,0.00129,-0.00375,0.05661,2e-05,0.9995
275.12,ETH-28JUN19,1559473147461,open,0.81,0.0,0.748,0.893,0.820207,109.03,None,0.0,ETH-28JUN19-500-P,270.94,0.0,0.0,0.0,0.0,0.0,0.0,0.04692,-0.09885,-0.34957,0.0008,-0.97211
275.13,ETH-28JUN19,1559473147461,open,0.32,586.0,0.276,0.355,0.315586,93.36,0.334,0.0,ETH-28JUN19-190-C,270.94,0.0,0.309,1.0,0.6,23.0,500.0,0.0795,-0.14342,0.12309,0.00159,0.94669
275.13,ETH-28JUN19,1559473147461,open,0.13,2163.0,0.087,0.166,0.126219,93.42,0.123,0.0,ETH-28JUN19-260-C,270.94,83.16,0.116,144.0,0.126,144.0,93.2,0.27471,-0.49592,0.09972,0.00548,0.63749
275.13,ETH-28JUN19,1559473147461,open,0.01,2473.0,0.001,0.053,0.013076,103.12,0.014,0.0,ETH-28JUN19-400-C,270.94,98.81,0.011,1.0,0.014,240.0,104.93,0.13788,-0.27474,0.01893,0.00249,0.11015
282.93,ETH-27SEP19,1559473147461,open,0.29,4.0,0.242,0.344,0.293015,93.21,0.297,0.0,ETH-27SEP19-320-P,270.94,87.0,0.279,36.0,0.296,36.0,94.54,0.63842,-0.25458,-0.70749,0.00267,-0.48791
275.13,ETH-28JUN19,1559473147461,open,0.53,386.0,0.488,0.567,0.527998,115.35,0.321,0.0,ETH-28JUN19-130-C,270.94,0.0,0.14,49.0,0.541,2.0,202.42,0.01009,-0.0225,0.09114,0.00016,0.99526
282.93,ETH-27SEP19,1559473147462,open,0.24,36.0,0.195,0.293,0.244058,92.46,0.23,0.0,ETH-27SEP19-300-P,270.94,86.17,0.23,36.0,0.246,36.0,93.33,0.6316,-0.24982,-0.62021,0.00267,-0.44053
275.13,ETH-28JUN19,1559473147461,open,0.03,1469.0,0.001,0.064,0.02438,99.47,0.022,0.0,ETH-28JUN19-360-C,270.94,93.17,0.02,192.0,0.026,192.0,101.69,0.19793,-0.38042,0.03204,0.00371,0.18867
275.13,ETH-28JUN19,1559473147462,open,0.0,5036.0,0.001,0.043,0.003697,115.82,0.009,0.0,ETH-28JUN19-160-P,270.94,93.73,0.001,100.0,0.1,10.0,322.82,0.04698,-0.10514,-0.00617,0.00076,-0.02794
275.13,ETH-28JUN19,1559473147462,open,0.35,3366.0,0.31,0.389,0.349353,93.33,0.364,0.0,ETH-28JUN19-180-C,270.94,0.0,0.001,20.0,0.0,0.0,0.0,0.0546,-0.09847,0.12037,0.00109,0.9665
275.13,ETH-28JUN19,1559473147462,open,0.17,1485.0,0.131,0.21,0.170034,93.42,0.155,0.0,ETH-28JUN19-240-C,270.94,80.07,0.159,48.0,0.168,48.0,91.01,0.23293,-0.42047,0.11306,0.00465,0.74971
275.13,ETH-28JUN19,1559473147462,open,0.04,6012.0,0.001,0.084,0.04238,93.45,0.04,0.0,ETH-28JUN19-240-P,270.94,80.92,0.032,192.0,0.04,192.0,90.63,0.23296,-0.42068,-0.05709,0.00465,-0.25034
275.13,ETH-28JUN19,1559473147462,open,0.0,2026.0,0.001,0.04,7.6e-05,139.31,0.001,0.0,ETH-28JUN19-90-P,270.94,0.0,0.0,0.0,0.0,0.0,0.0,0.00176,-0.00473,-0.00015,2e-05,-0.00069
282.93,ETH-27SEP19,1559473147462,open,0.12,1582.0,0.079,0.167,0.12295,91.93,0.131,0.0,ETH-27SEP19-240-P,270.94,84.62,0.109,48.0,0.122,48.0,91.43,0.54094,-0.21274,-0.36701,0.0023,-0.28216
275.13,ETH-28JUN19,1559473147462,open,0.39,1130.0,0.345,0.424,0.384096,93.64,0.32,0.0,ETH-28JUN19-170-C,270.94,0.0,0.1,5.0,0.45,1.0,247.14,0.03532,-0.06391,0.11625,0.0007,0.9801
270.94,index_price,1559473147459,open,0.06,32.0,0.024,0.108,0.066096,101.42,0.058,0,ETH-7JUN19-280-P,270.94,78.74,0.056,180.0,0.066,180.0,101.21,0.12189,-1.26774,-0.02367,0.01226,-0.58784
275.13,ETH-28JUN19,1559473147462,open,0.05,1832.0,0.009,0.088,0.048108,97.19,0.05,0.0,ETH-28JUN19-320-C,270.94,90.74,0.042,192.0,0.051,192.0,100.19,0.26358,-0.495,0.05396,0.00505,0.32476
275.13,ETH-28JUN19,1559473147463,open,0.28,2145.0,0.244,0.323,0.28303,93.38,0.28,0.0,ETH-28JUN19-200-C,270.94,0.0,0.12,1.0,0.312,80.0,147.46,0.10861,-0.19598,0.12429,0.00217,0.92029
270.94,index_price,1559473147460,open,0.02,16.0,0.001,0.057,0.017697,108.53,0.014,0,ETH-14JUN19-330-C,270.94,98.12,0.013,240.0,0.021,240.0,115.27,0.12893,-0.58915,0.01445,0.00497,0.18156
275.13,ETH-28JUN19,1559473147463,open,0.0,6850.0,0.001,0.042,0.002008,93.81,0.005,0.0,ETH-28JUN19-170-P,270.94,84.28,0.001,320.0,0.003,240.0,100.57,0.03557,-0.06447,-0.00431,0.00071,-0.02007
270.94,index_price,1559473147459,open,0.0,1364.0,0.001,0.041,0.00148,100.03,0.004,0,ETH-7JUN19-220-P,270.94,0.0,0.0,0.0,0.003,350.0,114.97,0.02219,-0.22759,-0.00119,0.00226,-0.0315
275.13,ETH-28JUN19,1559473147463,open,0.01,5112.0,0.001,0.05,0.009986,93.45,0.005,0.0,ETH-28JUN19-200-P,270.94,70.85,0.003,240.0,0.008,240.0,88.18,0.10874,-0.19635,-0.01752,0.00217,-0.07984
270.94,index_price,1559473147459,open,0.02,1.0,0.001,0.062,0.02293,107.8,0.023,0,ETH-14JUN19-320-C,270.94,98.34,0.018,240.0,0.026,240.0,113.39,0.14621,-0.66363,0.01773,0.00568,0.22403
282.93,ETH-27SEP19,1559473147463,open,0.21,943.0,0.169,0.248,0.20808,91.34,0.195,0.0,ETH-27SEP19-280-C,270.94,84.87,0.194,36.0,0.209,36.0,91.76,0.61441,-0.24007,0.36386,0.00262,0.60971
282.93,ETH-27SEP19,1559473147464,open,0.03,5371.0,0.001,0.067,0.026473,91.93,0.032,0.0,ETH-27SEP19-160-P,270.94,83.11,0.019,60.0,0.026,60.0,91.4,0.25473,-0.10017,-0.10331,0.00108,-0.08756
270.94,index_price,1559473147459,open,0.01,240.0,0.001,0.056,0.015542,98.02,0.015,0,ETH-14JUN19-230-P,270.94,81.45,0.009,300.0,0.017,300.0,101.36,0.11649,-0.48073,-0.01504,0.00498,-0.15507
275.13,ETH-28JUN19,1559473147463,open,0.0,10453.0,0.001,0.041,0.001093,115.82,0.001,0.0,ETH-28JUN19-140-P,270.94,0.0,0.0,0.0,0.002,100.0,126.64,0.01869,-0.04183,-0.00207,0.0003,-0.00951
270.94,index_price,1559473147459,open,0.2,0.0,0.156,0.252,0.204047,107.88,None,0,ETH-14JUN19-320-P,270.94,69.77,0.187,60.0,0.198,60.0,96.18,0.14629,-0.66449,-0.08637,0.00568,-0.77575
282.93,ETH-27SEP19,1559473147465,open,0.09,2006.0,0.048,0.135,0.091497,91.93,0.089,0.0,ETH-27SEP19-220-P,270.94,84.57,0.079,48.0,0.09,48.0,91.05,0.48439,-0.1905,-0.28993,0.00206,-0.22853
270.94,index_price,1559473147460,open,0.18,142.0,0.141,0.235,0.187511,111.29,0.169,0,ETH-7JUN19-320-P,270.94,0.0,0.176,60.0,0.184,60.0,92.1,0.05866,-0.66947,-0.03902,0.00538,-0.89057
270.94,index_price,1559473147459,open,0.07,692.0,0.026,0.105,0.065554,93.77,0.052,0,ETH-7JUN19-260-C,270.94,92.45,0.065,180.0,0.074,180.0,113.66,0.11367,-1.09313,0.02181,0.01236,0.66803
275.13,ETH-28JUN19,1559473147465,open,0.49,335.0,0.453,0.532,0.492224,115.54,0.481,0.0,ETH-28JUN19-140-C,270.94,0.0,0.021,1.0,0.6,1.0,393.85,0.01848,-0.04126,0.09721,0.0003,0.99061
270.94,index_price,1559473147460,open,0.3,50.0,0.26,0.339,0.299534,143.35,0.223,0,ETH-7JUN19-190-C,270.94,0.0,0.0,0.0,0.396,2.0,500.0,0.01052,-0.15459,0.02488,0.00075,0.98695
270.94,index_price,1559473147459,open,0.19,18.0,0.15,0.229,0.189462,99.67,0.136,0,ETH-7JUN19-220-C,270.94,105.71,0.19,60.0,0.197,60.0,151.33,0.02192,-0.22405,0.02821,0.00224,0.96895
270.94,index_price,1559473147459,open,0.01,255.0,0.001,0.046,0.006394,111.08,0.007,0,ETH-7JUN19-320-C,270.94,92.6,0.003,300.0,0.008,300.0,118.16,0.05848,-0.66623,0.00371,0.00537,0.10896
270.94,index_price,1559473147459,open,0.01,876.0,0.001,0.054,0.013855,93.85,0.011,0,ETH-7JUN19-250-P,270.94,81.91,0.01,240.0,0.015,240.0,97.23,0.09102,-0.87601,-0.00821,0.00989,-0.21308
8933.7,BTC-27SEP19,1559473147466,open,0.09,578.2,0.049,0.1285,0.08862617,84.08,0.0905,0.0,BTC-27SEP19-12000-C,8728.56,82.11,0.0845,10.0,0.092,2.0,85.69,18.74668,-6.74335,7.50924,9e-05,0.35113
270.94,index_price,1559473147459,open,0.17,0.0,0.127,0.206,0.166614,97.95,None,0,ETH-14JUN19-230-C,270.94,98.84,0.167,60.0,0.177,60.0,120.27,0.11641,-0.48007,0.05981,0.00498,0.84508
270.94,index_price,1559473147459,open,0.02,489.0,0.001,0.062,0.022062,103.78,0.02,0,ETH-7JUN19-290-C,270.94,93.58,0.018,240.0,0.026,340.0,113.36,0.10987,-1.16926,0.01028,0.0108,0.30614
