underlying_price,underlying_index,timestamp,state,settlement_price,open_interest,min_price,max_price,mark_price,mark_iv,last_price,interest_rate,instrument_name,index_price,bid_iv,best_bid_price,best_bid_amount,best_ask_price,best_ask_amount,ask_iv,vega,theta,rho,gamma,delta
12387.74,BTC-27DEC19,1561633140003,open,1.0,0.0,1.001,1.167,1.08391004,122.44,None,0.0,BTC-27DEC19-24000-P,11741.59,0.0,0.005,1.0,1.832,0.2,500.0,33.13009,-11.09076,-106.32653,4e-05,-0.6292
12387.74,BTC-27DEC19,1561633140020,open,0.46,139.2,0.384,0.4635,0.42370525,112.45,0.4285,0.0,BTC-27DEC19-9000-C,11741.59,102.34,0.403,4.0,0.429,0.7,115.03,25.4145,-7.81347,22.60786,3e-05,0.78796
11777.82,BTC-28JUN19,1561633140022,open,0.11,886.2,0.0305,0.11,0.07018863,127.1,0.13,0.0,BTC-28JUN19-11000-C,11741.59,0.0,0.0605,7.5,0.087,7.5,247.64,1.21733,-77.35923,0.22613,0.00029,0.87047
12387.74,BTC-27DEC19,1561633140104,open,0.03,95.2,0.0005,0.066,0.02507182,116.8,0.0145,0.0,BTC-27DEC19-4500-P,11741.59,106.59,0.018,16.8,0.0305,10.0,123.88,9.14292,-2.91979,-4.70233,1e-05,-0.05069
313.81,SYN.ETH-26JUL19,1561633140284,open,0.07,576.0,0.048,0.134,0.090856,130.95,0.04,0.0,ETH-26JUL19-280-P,308.08,112.88,0.073,114.0,0.089,184.0,129.08,0.31173,-0.70684,-0.09971,0.00306,-0.31077
313.81,SYN.ETH-26JUL19,1561633140307,open,0.01,756.0,0.001,0.048,0.008073,131.56,0.005,0.0,ETH-26JUL19-180-P,308.08,113.72,0.004,321.0,0.011,150.0,141.56,0.08484,-0.19326,-0.01337,0.00083,-0.04579
310.11,SYN.ETH-5JUL19,1561633140324,open,0.1,1.0,0.097,0.188,0.142657,140.35,0.064,0.0,ETH-5JUL19-340-P,308.08,0.0,0.0,0.0,0.135,108.0,126.34,0.17132,-1.52654,-0.05199,0.00588,-0.63433
313.81,SYN.ETH-26JUL19,1561633140345,open,0.01,791.0,0.001,0.056,0.01557,130.99,0.011,0.0,ETH-26JUL19-200-P,308.08,116.38,0.01,150.0,0.019,323.0,138.88,0.13089,-0.29689,-0.02366,0.00128,-0.07973
308.86,ETH-28JUN19,1561633140365,open,0.02,150.0,0.007,0.09,0.048094,131.63,0.008,0.0,ETH-28JUN19-320-P,308.08,113.23,0.045,114.0,0.051,140.0,148.48,0.05279,-3.4746,-0.00553,0.01752,-0.69754
308.86,ETH-28JUN19,1561633140371,open,0.02,150.0,0.007,0.09,0.048094,131.63,0.008,0.0,ETH-28JUN19-320-P,308.08,113.23,0.045,114.0,0.051,133.0,148.48,0.05279,-3.4746,-0.00553,0.01752,-0.69754
324.94,ETH-27SEP19,1561633140386,open,0.04,4914.0,0.001,0.082,0.040929,123.73,0.024,0.0,ETH-27SEP19-180-P,308.08,109.81,0.029,381.0,0.044,146.0,127.09,0.29335,-0.19753,-0.11813,0.00089,-0.10349
310.11,SYN.ETH-5JUL19,1561633140401,open,0.03,241.0,0.001,0.061,0.021157,132.86,0.019,0.0,ETH-5JUL19-370-C,308.08,122.7,0.017,139.0,0.025,115.0,141.71,0.13119,-1.10655,0.01262,0.00476,0.20975
313.81,SYN.ETH-26JUL19,1561633140406,open,0.02,485.0,0.001,0.055,0.015562,125.83,0.017,0.0,ETH-26JUL19-520-C,308.08,124.72,0.015,150.0,0.024,150.0,140.59,0.16122,-0.35128,0.02237,0.00164,0.10565
310.11,SYN.ETH-5JUL19,1561633140414,open,0.01,206.0,0.001,0.059,0.018438,134.66,0.003,0.0,ETH-5JUL19-260-P,308.08,108.91,0.01,241.0,0.018,101.0,133.43,0.11134,-0.95183,-0.01201,0.00398,-0.16112
324.93,ETH-27SEP19,1561633140418,open,0.01,7525.0,0.001,0.056,0.016273,124.48,0.007,0.0,ETH-27SEP19-140-P,308.08,110.66,0.01,400.0,0.021,388.0,133.34,0.16386,-0.11101,-0.05291,0.0005,-0.04842
310.11,SYN.ETH-5JUL19,1561633140426,open,0.02,212.0,0.001,0.056,0.016614,132.98,0.02,0.0,ETH-5JUL19-380-C,308.08,122.93,0.013,143.0,0.02,111.0,141.69,0.11651,-0.98358,0.01045,0.00422,0.17286
310.11,SYN.ETH-5JUL19,1561633140430,open,0.0,0.0,0.001,0.041,0.001566,135.77,None,0.0,ETH-5JUL19-210-P,308.08,0.0,0.0,0.0,0.002,91.0,141.42,0.02203,-0.1899,-0.00144,0.00078,-0.01997
310.11,SYN.ETH-5JUL19,1561633140432,open,0.04,755.0,0.021,0.105,0.062967,135.86,0.033,0.0,ETH-5JUL19-300-P,308.08,111.12,0.049,223.0,0.061,119.0,132.38,0.17542,-1.51306,-0.03066,0.00622,-0.3952
310.11,SYN.ETH-5JUL19,1561633140440,open,0.04,755.0,0.021,0.105,0.062967,135.86,0.033,0.0,ETH-5JUL19-300-P,308.08,111.12,0.049,223.0,0.06,100.0,130.61,0.17542,-1.51306,-0.03066,0.00622,-0.3952
12387.92,BTC-27DEC19,1561633140517,open,0.01,101.3,0.0005,0.0525,0.01202523,118.4,0.007,0.0,BTC-27DEC19-3500-P,11741.59,111.04,0.009,6.3,0.017,10.0,128.77,5.46149,-1.76794,-2.42067,1e-05,-0.02698
11933.18,SYN.BTC-26JUL19,1561633140636,open,0.08,134.5,0.059,0.1465,0.10262286,128.96,0.11,0.0,BTC-26JUL19-11000-P,11741.59,115.77,0.089,10.0,0.1015,4.9,127.88,12.33158,-27.53756,-4.2015,8e-05,-0.34243
12387.92,BTC-27DEC19,1561633140642,open,2.13,0.0,2.16,2.423,2.29135889,124.08,None,0.0,BTC-27DEC19-40000-P,11741.59,0.0,0.0005,3.0,0.0,0.0,0.0,23.42834,-7.94825,-192.78504,2e-05,-0.81472
12275.67,BTC-27SEP19,1561633140638,open,0.23,205.2,0.172,0.2515,0.21174029,118.26,0.205,0.0,BTC-27SEP19-13000-C,11741.59,105.7,0.187,0.5,0.2105,7.4,117.63,24.08354,-15.49972,11.35661,5e-05,0.57927
12273.1,BTC-27SEP19,1561633140648,open,0.0,340.7,0.0005,0.0405,0.00048447,124.98,0.0015,0.0,BTC-27SEP19-2500-P,11741.59,136.37,0.001,9.2,0.0035,19.8,163.85,0.42202,-0.28705,-0.08229,0.0,-0.00218
12387.92,BTC-27DEC19,1561633140650,open,0.38,406.7,0.3075,0.387,0.34739946,110.92,0.317,0.0,BTC-27DEC19-11000-C,11741.59,100.35,0.3215,4.8,0.362,4.8,116.94,30.17163,-9.15012,22.30382,4e-05,0.70675
12387.92,BTC-27DEC19,1561633140656,open,1.56,0.3,1.567,1.7805,1.67379991,122.37,2.435,0.0,BTC-27DEC19-32000-P,11741.59,0.0,0.0,0.0,0.0,0.0,0.0,28.0876,-9.39721,-150.20208,3e-05,-0.74619
11819.01,SYN.BTC-5JUL19,1561633140652,open,0.17,8.9,0.0965,0.176,0.13646749,120.02,0.16,0.0,BTC-5JUL19-10500-C,11741.59,129.06,0.1405,2.6,0.151,2.6,151.61,5.19124,-39.55449,1.63142,0.00014,0.77619
11819.01,SYN.BTC-5JUL19,1561633140662,open,0.17,8.9,0.0965,0.176,0.13646749,120.02,0.16,0.0,BTC-5JUL19-10500-C,11741.59,129.06,0.1405,2.6,0.15,2.8,149.51,5.19124,-39.55449,1.63142,0.00014,0.77619
11819.01,SYN.BTC-5JUL19,1561633140669,open,0.07,110.7,0.009,0.0885,0.04872447,122.93,0.0515,0.0,BTC-5JUL19-12500-C,11741.59,126.9,0.051,9.9,0.06,2.8,142.52,6.76058,-52.76017,0.92886,0.00018,0.41295
11819.01,SYN.BTC-5JUL19,1561633140670,open,0.07,110.7,0.009,0.0885,0.04872447,122.93,0.0515,0.0,BTC-5JUL19-12500-C,11741.59,126.9,0.051,9.9,0.06,2.9,142.52,6.76058,-52.76017,0.92886,0.00018,0.41295
11819.01,SYN.BTC-5JUL19,1561633140680,open,0.01,185.1,0.0005,0.0575,0.01714992,126.53,0.021,0.0,BTC-5JUL19-10000-P,11741.59,120.4,0.015,2.8,0.022,10.0,139.57,4.234,-34.01124,-0.45322,0.00011,-0.16057
11819.01,SYN.BTC-5JUL19,1561633140681,open,0.01,146.4,0.0005,0.05,0.00975683,126.34,0.012,0.0,BTC-5JUL19-9500-P,11741.59,119.35,0.008,12.5,0.0145,10.0,143.05,3.0932,-24.81023,-0.28524,8e-05,-0.10209
12387.74,BTC-27DEC19,1561633140684,open,0.22,27.7,0.186,0.2845,0.23518356,110.84,0.274,0.0,BTC-27DEC19-11000-P,11741.59,100.36,0.2095,7.3,0.248,5.0,116.12,30.17421,-9.14462,-32.80183,4e-05,-0.29331
11933.18,SYN.BTC-26JUL19,1561633140697,open,0.03,150.6,0.0005,0.08,0.03866797,128.49,0.0455,0.0,BTC-26JUL19-9000-P,11741.59,123.24,0.035,10.1,0.043,16.5,134.54,8.43604,-18.76953,-1.95305,6e-05,-0.16821
12273.1,BTC-27SEP19,1561633140707,open,0.0,419.5,0.0005,0.04,0.00013453,124.99,0.001,0.0,BTC-27SEP19-2000-P,11741.59,142.9,0.0005,7.7,0.002,5.6,171.02,0.14364,-0.0977,-0.02489,0.0,-0.00067
11819.01,SYN.BTC-5JUL19,1561633140709,open,0.0,69.9,0.0005,0.04,0.00033162,125.81,0.0005,0.0,BTC-5JUL19-7500-P,11741.59,0.0,0.0,0.0,0.003,12.6,173.56,0.26594,-2.12421,-0.01445,1e-05,-0.00533
12275.67,BTC-27SEP19,1561633140720,open,0.19,157.3,0.1305,0.21,0.17004533,122.1,0.1435,0.0,BTC-27SEP19-15000-C,11741.59,110.57,0.147,3.0,0.162,7.4,118.08,24.56487,-16.32318,9.93805,5e-05,0.49167
11933.18,SYN.BTC-26JUL19,1561633140741,open,0.12,177.7,0.059,0.1385,0.09899907,119.34,0.109,0.0,BTC-26JUL19-13000-C,11741.59,113.07,0.092,5.0,0.1125,4.9,131.4,13.33926,-27.56393,3.45737,0.0001,0.46523
11933.18,SYN.BTC-26JUL19,1561633140770,open,0.12,177.7,0.059,0.1385,0.09890321,119.34,0.109,0.0,BTC-26JUL19-13000-C,11741.59,113.07,0.092,5.0,0.1115,4.8,130.5,13.33926,-27.56393,3.45737,0.0001,0.46523
11815.92,SYN.BTC-5JUL19,1561633140935,open,0.32,5.0,0.241,0.3205,0.28065948,73.25,0.25,0.0,BTC-5JUL19-8500-C,11741.59,0.0,0.0005,0.1,0.0,0.0,0.0,0.05412,-0.25169,1.83165,0.0,0.99908
12387.92,BTC-27DEC19,1561633140942,open,0.0,184.7,0.0005,0.045,0.0048609,123.69,0.003,0.0,BTC-27DEC19-2500-P,11741.61,119.49,0.004,6.0,0.0085,10.0,137.92,2.68582,-0.90828,-1.02993,0.0,-0.01173
12387.92,BTC-27DEC19,1561633140942,open,2.13,0.0,2.1605,2.4235,2.29199749,124.42,None,0.0,BTC-27DEC19-40000-P,11741.61,0.0,0.0005,3.0,0.0,0.0,0.0,23.5291,-8.00411,-192.7448,2e-05,-0.81343
11777.64,BTC-28JUN19,1561633140942,open,0.0,309.4,0.0005,0.04,3.04e-06,124.87,0.003,0.0,BTC-28JUN19-9500-P,11741.61,0.0,0.0,0.0,0.0045,20.0,304.88,0.00431,-0.0358,-6e-05,0.0,-0.0002
11777.64,BTC-28JUN19,1561633140942,open,0.0,202.0,0.0005,0.0415,0.00174768,124.98,0.01,0.0,BTC-28JUN19-10750-P,11741.61,111.03,0.001,1.0,0.011,1.0,217.16,0.72281,-20.58355,-0.01858,0.00017,-0.06401
12387.92,BTC-27DEC19,1561633140942,open,2.43,0.0,2.46,2.748,2.60397327,124.45,None,0.0,BTC-27DEC19-44000-P,11741.61,0.0,0.0005,4.0,0.0,0.0,0.0,21.25177,-7.2311,-213.8166,2e-05,-0.84095
11777.66,BTC-28JUN19,1561633140943,open,0.48,504.3,0.4085,0.488,0.44811519,347.17,0.292,0.0,BTC-28JUN19-6500-C,11741.61,0.0,0.0505,2.0,0.0,0.0,0.0,0.00379,-0.65716,0.1559,0.0,0.99983
11777.66,BTC-28JUN19,1561633140943,open,0.0,318.6,0.0005,0.04,0.0,124.97,0.0015,0.0,BTC-28JUN19-4750-P,11741.61,0.0,0.0,0.0,0.003,20.0,500.0,0.0,0.0,0.0,0.0,0.0
12273.1,BTC-27SEP19,1561633140943,open,0.02,379.3,0.0005,0.063,0.02239956,118.4,0.01,0.0,BTC-27SEP19-6000-P,11741.61,108.73,0.0165,21.6,0.0275,15.0,125.95,7.95401,-5.12512,-2.74882,2e-05,-0.06658
12273.1,BTC-27SEP19,1561633140943,open,1.36,0.0,1.376,1.5735,1.47485437,122.78,None,0.0,BTC-27SEP19-30000-P,11741.61,0.0,0.0,0.0,0.0,0.0,0.0,12.78371,-8.54195,-72.54705,3e-05,-0.87347
12387.94,BTC-27DEC19,1561633140943,open,0.21,332.2,0.1505,0.23,0.19039192,122.27,0.1815,0.0,BTC-27DEC19-20000-C,11741.61,110.27,0.157,0.2,0.1775,10.0,117.66,34.72781,-11.60988,16.23517,4e-05,0.45197
12273.1,BTC-27SEP19,1561633140943,open,0.79,0.2,0.791,0.9395,0.86510793,122.11,1.391,0.0,BTC-27SEP19-22000-P,11741.61,0.0,0.004,10.0,0.0,0.0,0.0,19.93436,-13.24703,-49.61686,4e-05,-0.74097
11777.66,BTC-28JUN19,1561633140944,open,0.0,1868.1,0.0005,0.04,0.0,125.0,0.0035,0.0,BTC-28JUN19-6000-P,11741.61,0.0,0.0,0.0,0.002,24.0,500.0,0.0,0.0,0.0,0.0,0.0
11777.66,BTC-28JUN19,1561633140944,open,0.23,323.3,0.1535,0.233,0.1934022,139.61,0.3205,0.0,BTC-28JUN19-9500-C,11741.61,0.0,0.1695,7.5,0.2255,7.5,500.0,0.0148,-1.03341,0.22771,0.0,0.99926
11815.92,SYN.BTC-5JUL19,1561633140942,open,0.4,0.0,0.324,0.4035,0.36354297,0.0,None,0.0,BTC-5JUL19-7500-C,11741.61,0.0,0.0005,0.1,0.0,0.0,0.0,0.0,0.0,1.61829,0.0,1.0
11777.66,BTC-28JUN19,1561633140944,open,0.08,351.1,0.0005,0.0775,0.03773907,125.05,0.114,0.0,BTC-28JUN19-11500-C,11741.61,109.57,0.035,8.5,0.049,1.0,186.45,2.10703,-131.73994,0.17662,0.00051,0.66281
12273.1,BTC-27SEP19,1561633140944,open,1.07,0.0,1.078,1.251,1.1644398,122.1,None,0.0,BTC-27SEP19-26000-P,11741.61,0.0,0.0,0.0,0.0,0.0,0.0,16.10189,-10.69959,-61.33595,3e-05,-0.82098
12387.94,BTC-27DEC19,1561633140945,open,3.02,0.0,3.066,3.404,3.23496394,125.05,None,0.0,BTC-27DEC19-52000-P,11741.61,0.0,0.0,0.0,0.0,0.0,0.0,17.47589,-5.97484,-255.44335,2e-05,-0.88063
11777.66,BTC-28JUN19,1561633140945,open,0.0,402.3,0.0005,0.04,0.0,125.0,0.0005,0.0,BTC-28JUN19-3500-P,11741.61,0.0,0.0,0.0,0.0005,0.1,500.0,0.0,0.0,0.0,0.0,0.0
11815.92,SYN.BTC-5JUL19,1561633140944,open,0.36,0.0,0.282,0.3615,0.32171554,0.0,None,0.0,BTC-5JUL19-8000-C,11741.61,0.0,0.0005,0.1,0.0,0.0,0.0,0.0,0.0,1.72618,0.0,1.0
11930.21,SYN.BTC-26JUL19,1561633140945,open,0.34,5.0,0.3455,0.457,0.40141719,140.68,0.2255,0.0,BTC-26JUL19-16000-P,11741.61,0.0,0.0,0.0,0.0,0.0,0.0,11.54613,-28.12668,-10.45907,7e-05,-0.70675
11930.21,SYN.BTC-26JUL19,1561633140943,open,0.63,0.0,0.643,0.7795,0.71120194,158.71,None,0.0,BTC-26JUL19-20000-P,11741.61,0.0,0.0,0.0,0.0,0.0,0.0,8.65343,-23.78171,-14.49786,5e-05,-0.82489
12273.1,BTC-27SEP19,1561633140946,open,1.51,0.0,1.5275,1.738,1.63271462,123.45,None,0.0,BTC-27SEP19-32000-P,11741.61,0.0,0.0,0.0,0.0,0.0,0.0,11.42102,-7.67284,-77.99866,2e-05,-0.89207
12387.94,BTC-27DEC19,1561633140946,open,1.84,1.3,1.863,2.101,1.9821512,123.95,2.889,0.0,BTC-27DEC19-36000-P,11741.61,0.0,0.0005,1.0,0.0,0.0,0.0,25.86144,-8.76405,-171.53206,3e-05,-0.7815
11777.66,BTC-28JUN19,1561633140946,open,0.3,0.1,0.2175,0.297,0.25707814,184.15,0.2935,0.0,BTC-28JUN19-8750-C,11741.61,0.0,0.0015,0.1,0.0,0.0,0.0,0.00872,-0.80257,0.20981,0.0,0.99958
12273.1,BTC-27SEP19,1561633140946,open,0.17,108.1,0.11,0.1895,0.14992429,122.1,0.137,0.0,BTC-27SEP19-16000-C,11741.61,109.98,0.126,12.6,0.143,7.4,118.61,24.36908,-16.19308,9.25907,5e-05,0.44964
11815.92,SYN.BTC-5JUL19,1561633140945,open,0.3,0.0,0.3085,0.417,0.36269657,144.97,None,0.0,BTC-5JUL19-16000-P,11741.61,0.0,0.0,0.0,0.0,0.0,0.0,2.90875,-26.77126,-3.23483,7e-05,-0.90609
11930.21,SYN.BTC-26JUL19,1561633140944,open,0.3,30.8,0.235,0.3145,0.27457624,114.19,0.296,0.0,BTC-26JUL19-9000-C,11741.61,0.0,0.0315,3.0,0.366,1.0,230.93,7.81027,-15.44361,5.43463,6e-05,0.85039
11930.21,SYN.BTC-26JUL19,1561633140944,open,0.34,31.7,0.2665,0.346,0.30637341,111.77,0.2775,0.0,BTC-26JUL19-8500-C,11741.61,0.0,0.0,0.0,0.0,0.0,0.0,6.24013,-12.07712,5.52426,5e-05,0.89168
12387.94,BTC-27DEC19,1561633140946,open,2.73,0.0,2.7625,3.0755,2.91909503,125.04,None,0.0,BTC-27DEC19-48000-P,11741.61,0.0,0.0,0.0,0.0,0.0,0.0,19.35857,-6.61808,-234.66124,2e-05,-0.86167
12387.94,BTC-27DEC19,1561633140947,open,1.14,0.0,1.1395,1.3175,1.22844188,122.59,None,0.0,BTC-27DEC19-26000-P,11741.61,0.0,0.004,10.0,1.989,0.2,499.67,32.02141,-10.73261,-117.39332,3e-05,-0.66295
12387.94,BTC-27DEC19,1561633140947,open,0.13,24.5,0.075,0.1545,0.11482167,122.58,0.1035,0.0,BTC-27DEC19-28000-C,11741.61,110.08,0.085,10.0,0.1165,10.0,123.26,30.77798,-10.3152,11.89218,3e-05,0.30642
12273.12,BTC-27SEP19,1561633140948,open,0.64,13.5,0.5835,0.663,0.62302572,123.26,0.382,0.0,BTC-27SEP19-4750-C,11741.61,0.0,0.004,10.0,0.7415,5.0,299.39,4.4853,-3.00879,10.63951,1e-05,0.96742
11930.21,SYN.BTC-26JUL19,1561633140943,open,0.17,41.3,0.108,0.1875,0.14788646,117.67,0.1715,0.0,BTC-26JUL19-11500-C,11741.61,116.85,0.147,3.0,0.1615,4.8,130.29,12.88493,-26.25393,4.35113,0.0001,0.6089
11930.21,SYN.BTC-26JUL19,1561633140942,open,0.71,0.0,0.7215,0.864,0.79270912,164.73,None,0.0,BTC-26JUL19-21000-P,11741.61,0.0,0.0,0.0,0.0,0.0,0.0,8.21087,-23.42034,-15.39664,4e-05,-0.83861
11930.21,SYN.BTC-26JUL19,1561633140946,open,0.48,0.0,0.4905,0.614,0.55210997,148.42,None,0.0,BTC-26JUL19-18000-P,11741.61,0.0,0.0,0.0,0.0,0.0,0.0,9.90245,-25.44904,-12.58475,6e-05,-0.78128
11930.21,SYN.BTC-26JUL19,1561633140948,open,0.0,31.2,0.0005,0.041,0.00127748,126.93,0.0035,0.0,BTC-26JUL19-5500-P,11741.61,135.62,0.002,10.0,0.006,14.7,164.47,0.85149,-1.8715,-0.10128,1e-05,-0.00945
11815.92,SYN.BTC-5JUL19,1561633140944,open,0.06,58.2,0.04,0.1265,0.08327295,127.57,0.084,0.0,BTC-5JUL19-12000-P,11741.61,115.16,0.076,2.8,0.088,2.8,135.63,6.92386,-56.0748,-1.4757,0.00018,-0.49553
11930.21,SYN.BTC-26JUL19,1561633140946,open,0.2,197.4,0.129,0.2085,0.16878557,117.42,0.2,0.0,BTC-26JUL19-11000-C,11741.61,112.29,0.1635,4.8,0.182,4.8,130.22,12.30296,-25.01465,4.63087,9e-05,0.65944
11815.92,SYN.BTC-5JUL19,1561633140944,open,0.13,25.3,0.1255,0.219,0.17224534,131.06,0.1455,0.0,BTC-5JUL19-13500-P,11741.61,98.62,0.1575,5.4,0.1785,5.4,143.55,5.79803,-48.24256,-2.28595,0.00015,-0.72436
11930.21,SYN.BTC-26JUL19,1561633140943,open,0.05,305.2,0.0245,0.109,0.06675675,129.23,0.058,0.0,BTC-26JUL19-10000-P,11741.61,121.66,0.06,0.1,0.0675,4.9,130.05,10.71482,-23.97591,-3.01122,7e-05,-0.25229
11815.92,SYN.BTC-5JUL19,1561633140942,open,0.26,0.0,0.2695,0.375,0.32224913,140.76,None,0.0,BTC-5JUL19-15500-P,11741.61,0.0,0.0,0.0,0.0,0.0,0.0,3.33354,-29.79076,-3.08226,8e-05,-0.88669
11815.92,SYN.BTC-5JUL19,1561633140943,open,0.14,62.3,0.0685,0.148,0.10825603,120.83,0.187,0.0,BTC-5JUL19-11000-C,11741.61,123.22,0.1095,2.8,0.1205,2.8,144.12,6.13532,-47.06399,1.47961,0.00017,0.6886
11815.92,SYN.BTC-5JUL19,1561633140945,open,0.33,0.0,0.348,0.4595,0.40376071,150.03,None,0.0,BTC-5JUL19-16500-P,11741.61,0.0,0.0,0.0,0.0,0.0,0.0,2.58062,-24.57966,-3.37496,6e-05,-0.91999
11815.92,SYN.BTC-5JUL19,1561633140946,open,0.28,20.0,0.201,0.2805,0.24092193,109.48,0.2695,0.0,BTC-5JUL19-9000-C,11741.61,0.0,0.005,0.1,0.0,0.0,0.0,1.43767,-9.99264,1.83816,4e-05,0.9619
11930.21,SYN.BTC-26JUL19,1561633140946,open,0.25,5.0,0.2455,0.3485,0.29710822,136.33,0.1535,0.0,BTC-26JUL19-14500-P,11741.61,0.0,0.0,0.0,0.0,0.0,0.0,12.73075,-30.05189,-8.69723,8e-05,-0.62439
324.93,ETH-27SEP19,1561633140969,open,0.0,4126.0,0.001,0.044,0.004336,127.29,0.001,0.0,ETH-27SEP19-100-P,308.08,112.26,0.002,236.0,0.008,382.0,143.1,0.06248,-0.04328,-0.01599,0.00018,-0.01521
12273.1,BTC-27SEP19,1561633140972,open,0.59,227.1,0.5285,0.608,0.56804206,119.27,0.556,0.0,BTC-27SEP19-5500-C,11741.61,0.0,0.0045,8.0,0.9135,5.0,500.0,6.39527,-4.15095,11.78625,1e-05,0.94956
11930.21,SYN.BTC-26JUL19,1561633140982,open,0.25,103.7,0.178,0.2575,0.21770319,117.02,0.2345,0.0,BTC-26JUL19-10000-C,11741.61,71.51,0.181,0.1,0.2945,3.0,200.4,10.4722,-21.21956,5.10206,8e-05,0.75828
310.11,SYN.ETH-5JUL19,1561633140985,open,0.37,0.0,0.371,0.485,0.427999,163.21,None,0.0,ETH-5JUL19-440-P,308.08,0.0,0.0,0.0,0.0,0.0,0.0,0.07411,-0.76788,-0.08951,0.00219,-0.90978
11930.21,SYN.BTC-26JUL19,1561633140993,open,0.27,39.7,0.205,0.2845,0.24495572,115.79,0.3,0.0,BTC-26JUL19-9500-C,11741.61,73.0,0.216,0.1,0.33,1.0,215.33,9.23061,-18.50663,5.29266,7e-05,0.80573
310.11,SYN.ETH-5JUL19,1561633140995,open,0.01,530.0,0.001,0.067,0.026388,134.89,0.015,0.0,ETH-5JUL19-270-P,308.08,111.74,0.017,135.0,0.026,117.0,133.97,0.13217,-1.13181,-0.01598,0.00472,-0.21243
310.11,SYN.ETH-5JUL19,1561633141002,open,0.07,156.0,0.055,0.142,0.09873,137.62,0.03,0.0,ETH-5JUL19-320-P,308.08,108.97,0.082,108.0,0.094,118.0,129.53,0.18146,-1.5854,-0.04151,0.00635,-0.52165
310.11,SYN.ETH-5JUL19,1561633141010,open,0.07,156.0,0.055,0.142,0.09873,137.62,0.03,0.0,ETH-5JUL19-320-P,308.08,108.97,0.082,108.0,0.093,101.0,127.82,0.18146,-1.5854,-0.04151,0.00635,-0.52165
12387.94,BTC-27DEC19,1561633141020,open,0.19,40.2,0.1275,0.207,0.16720049,122.58,0.167,0.0,BTC-27DEC19-22000-C,11741.61,108.06,0.128,10.0,0.161,10.0,120.32,34.08329,-11.42258,15.05623,4e-05,0.40978
310.11,SYN.ETH-5JUL19,1561633141062,open,0.49,0.0,0.493,0.617,0.555157,183.13,None,0.0,ETH-5JUL19-480-P,308.08,0.0,0.0,0.0,0.0,0.0,0.0,0.05993,-0.6968,-0.0995,0.00158,-0.93182
11815.92,SYN.BTC-5JUL19,1561633141122,open,0.0,25.3,0.0005,0.042,0.002355,126.04,0.005,0.0,BTC-5JUL19-8500-P,11741.61,122.38,0.002,2.6,0.0055,6.0,149.9,1.20148,-9.61417,-0.0841,3e-05,-0.03063
310.1,SYN.ETH-5JUL19,1561633141129,open,0.28,0.0,0.282,0.388,0.335172,152.31,None,0.0,ETH-5JUL19-410-P,308.08,0.0,0.0,0.0,0.0,0.0,0.0,0.09527,-0.92126,-0.08078,0.00301,-0.87211
313.81,SYN.ETH-26JUL19,1561633141320,open,0.86,0.0,0.872,1.027,0.949059,186.68,None,0.0,ETH-26JUL19-600-P,308.08,0.0,0.0,0.0,0.0,0.0,0.0,0.21957,-0.70975,-0.44277,0.00151,-0.83445
12273.21,BTC-27SEP19,1561633141334,open,0.01,1044.2,0.0005,0.0465,0.00645926,124.29,0.0045,0.0,BTC-27SEP19-4250-P,11741.61,113.71,0.004,21.6,0.0095,15.0,134.61,3.24233,-2.19309,-0.88182,1e-05,-0.02208
324.94,ETH-27SEP19,1561633141353,open,0.02,5618.0,0.001,0.067,0.026783,123.9,0.026,0.0,ETH-27SEP19-160-P,308.08,112.03,0.019,385.0,0.029,3.0,127.02,0.22714,-0.15316,-0.08199,0.00069,-0.07346
308.87,ETH-28JUN19,1561633141360,open,0.03,5332.0,0.001,0.052,0.012035,131.77,0.019,0.0,ETH-28JUN19-320-C,308.08,119.69,0.01,88.0,0.015,122.0,148.81,0.05283,-3.48046,0.00216,0.01752,0.30285
324.94,ETH-27SEP19,1561633141369,open,0.06,15.0,0.013,0.092,0.052702,125.82,0.071,0.0,ETH-27SEP19-680-C,308.08,117.78,0.042,146.0,0.061,146.0,131.62,0.45155,-0.30918,0.11761,0.00135,0.19648
324.94,ETH-27SEP19,1561633141375,open,0.0,1814.0,0.001,0.041,0.001615,128.51,0.002,0.0,ETH-27SEP19-80-P,308.08,120.46,0.001,245.0,0.005,354.0,154.06,0.02884,-0.02017,-0.00645,8e-05,-0.00628
313.81,SYN.ETH-26JUL19,1561633141376,open,0.04,140.0,0.001,0.076,0.036747,124.74,0.039,0.0,ETH-26JUL19-440-C,308.08,123.83,0.036,140.0,0.048,140.0,137.85,0.25817,-0.55765,0.04435,0.00266,0.21539
308.86,ETH-28JUN19,1561633141383,open,0.02,150.0,0.007,0.09,0.048094,131.63,0.008,0.0,ETH-28JUN19-320-P,308.08,113.23,0.045,101.0,0.051,133.0,148.48,0.05279,-3.4746,-0.00553,0.01752,-0.69754
310.11,SYN.ETH-5JUL19,1561633141388,open,0.03,17.0,0.007,0.09,0.04858,135.5,0.025,0.0,ETH-5JUL19-290-P,308.08,111.62,0.036,234.0,0.047,111.0,132.53,0.16523,-1.42138,-0.02542,0.00588,-0.33131
310.11,SYN.ETH-5JUL19,1561633141393,open,0.03,17.0,0.007,0.09,0.04858,135.5,0.025,0.0,ETH-5JUL19-290-P,308.08,111.62,0.036,234.0,0.047,109.0,132.53,0.16523,-1.42138,-0.02542,0.00588,-0.33131
313.81,SYN.ETH-26JUL19,1561633141404,open,0.63,0.0,0.632,0.767,0.699122,166.06,None,0.0,ETH-26JUL19-520-P,308.08,0.0,0.0,0.0,0.0,0.0,0.0,0.24583,-0.70689,-0.37259,0.0019,-0.80171
324.93,ETH-27SEP19,1561633141400,open,0.01,7525.0,0.001,0.056,0.016273,124.48,0.007,0.0,ETH-27SEP19-140-P,308.08,110.66,0.01,400.0,0.021,387.0,133.34,0.16386,-0.11101,-0.05291,0.0005,-0.04842
310.11,SYN.ETH-5JUL19,1561633141407,open,0.04,22.0,0.001,0.073,0.033601,132.59,0.041,0.0,ETH-5JUL19-350-C,308.08,121.4,0.028,129.0,0.044,129.0,152.42,0.15842,-1.33351,0.01783,0.00576,0.30015
313.81,SYN.ETH-26JUL19,1561633141414,open,0.02,634.0,0.001,0.067,0.026733,130.15,0.021,0.0,ETH-26JUL19-220-P,308.08,114.01,0.018,307.0,0.029,304.0,134.02,0.18109,-0.40809,-0.03752,0.00179,-0.1244
11930.21,SYN.BTC-26JUL19,1561633141440,open,0.02,1.4,0.0005,0.0575,0.01766966,122.67,0.0325,0.0,BTC-26JUL19-19000-C,11741.61,117.74,0.015,4.6,0.0275,4.4,138.45,6.70242,-14.23644,0.96339,5e-05,0.11974
11930.21,SYN.BTC-26JUL19,1561633141467,open,0.17,44.0,0.155,0.2505,0.20267284,131.93,0.095,0.0,BTC-26JUL19-13000-P,11741.61,110.75,0.179,4.8,0.199,5.0,128.65,13.37275,-30.54832,-6.8047,9e-05,-0.5183
11930.21,SYN.BTC-26JUL19,1561633141477,open,0.12,43.6,0.102,0.1935,0.14772393,129.36,0.1185,0.0,BTC-26JUL19-12000-P,11741.61,110.68,0.127,4.9,0.1465,5.0,128.26,13.20389,-29.57621,-5.49154,9e-05,-0.43412
11930.21,SYN.BTC-26JUL19,1561633141490,open,0.12,43.6,0.102,0.1935,0.14772393,129.36,0.1185,0.0,BTC-26JUL19-12000-P,11741.61,110.68,0.127,4.9,0.146,4.7,127.8,13.20389,-29.57621,-5.49154,9e-05,-0.43412
11930.21,SYN.BTC-26JUL19,1561633141498,open,0.2,197.4,0.129,0.2085,0.16878557,117.42,0.2,0.0,BTC-26JUL19-11000-C,11741.61,112.29,0.1635,4.8,0.182,4.9,130.22,12.30296,-25.01465,4.63087,9e-05,0.65944
11815.92,SYN.BTC-5JUL19,1561633141512,open,0.14,62.3,0.0685,0.148,0.10825603,120.83,0.187,0.0,BTC-5JUL19-11000-C,11741.61,124.18,0.11,2.7,0.1205,2.8,144.12,6.13532,-47.06399,1.47961,0.00017,0.6886
11815.92,SYN.BTC-5JUL19,1561633141525,open,0.14,62.3,0.0685,0.148,0.10825603,120.83,0.187,0.0,BTC-5JUL19-11000-C,11741.61,124.18,0.11,2.7,0.12,2.7,143.18,6.13532,-47.06399,1.47961,0.00017,0.6886
12273.21,BTC-27SEP19,1561633141614,open,0.0,389.6,0.0005,0.045,0.00507322,124.98,0.0025,0.0,BTC-27SEP19-4000-P,11741.61,114.09,0.003,21.6,0.008,15.0,136.61,2.69977,-1.83625,-0.70658,1e-05,-0.0178
11777.66,BTC-28JUN19,1561633141669,open,0.0,83.5,0.0005,0.04,1e-08,124.9,0.0005,0.0,BTC-28JUN19-8750-P,11741.61,0.0,0.0,0.0,0.004,20.0,385.29,1e-05,-7e-05,0.0,0.0,0.0
12273.21,BTC-27SEP19,1561633141699,open,0.03,2.5,0.0005,0.0655,0.02593226,124.03,0.035,0.0,BTC-27SEP19-32000-C,11741.61,114.8,0.018,6.7,0.034,6.4,132.03,11.54495,-7.79271,2.58343,2e-05,0.10956
11930.21,SYN.BTC-26JUL19,1561633141731,open,0.05,305.2,0.0245,0.109,0.06675675,129.23,0.058,0.0,BTC-26JUL19-10000-P,11741.61,121.66,0.06,0.1,0.067,4.7,129.5,10.71482,-23.97591,-3.01122,7e-05,-0.25229
12273.12,BTC-27SEP19,1561633141746,open,0.26,561.1,0.1945,0.274,0.23429995,114.21,0.24,0.0,BTC-27SEP19-12000-C,11741.61,100.94,0.209,7.4,0.241,7.4,117.75,23.29547,-14.47978,12.15361,5e-05,0.62771
12273.12,BTC-27SEP19,1561633141755,open,0.26,561.1,0.1945,0.274,0.23429995,114.21,0.24,0.0,BTC-27SEP19-12000-C,11741.61,100.94,0.209,7.4,0.241,7.5,117.75,23.29547,-14.47978,12.15361,5e-05,0.62771
11777.66,BTC-28JUN19,1561633141768,open,0.01,643.8,0.0005,0.041,0.00145013,125.01,0.004,0.0,BTC-28JUN19-13000-C,11741.61,159.17,0.004,0.9,0.0045,4.3,164.46,0.6585,-17.08795,0.01565,0.00016,0.05683
11815.92,SYN.BTC-5JUL19,1561633141769,open,0.1,41.5,0.0945,0.185,0.13964896,129.83,0.14,0.0,BTC-5JUL19-13000-P,11741.61,113.55,0.131,2.7,0.1415,2.6,133.27,6.378,-52.56996,-2.03213,0.00016,-0.65742
12387.92,BTC-27DEC19,1561633141781,open,0.0,184.7,0.0005,0.045,0.0048643,123.69,0.003,0.0,BTC-27DEC19-2500-P,11741.61,119.49,0.004,6.1,0.0085,10.0,137.92,2.68582,-0.90828,-1.02993,0.0,-0.01173
12273.21,BTC-27SEP19,1561633141789,open,0.53,1.0,0.5205,0.647,0.58369359,122.11,1.5815,0.0,BTC-27SEP19-18000-P,11741.61,0.0,0.004,0.3,1.214,0.3,499.66,23.34825,-15.51546,-37.34242,5e-05,-0.62506
11930.21,SYN.BTC-26JUL19,1561633141791,open,0.03,150.6,0.0005,0.08,0.03872737,128.5,0.0455,0.0,BTC-26JUL19-9000-P,11741.61,123.17,0.035,0.1,0.043,16.5,134.47,8.43978,-18.7789,-1.9548,6e-05,-0.16839
12273.1,BTC-27SEP19,1561633141793,open,0.0,92.0,0.0005,0.0435,0.00378041,124.98,0.003,0.0,BTC-27SEP19-3750-P,11741.61,116.82,0.0025,7.1,0.007,15.0,140.08,2.16327,-1.47136,-0.54139,0.0,-0.01375
12273.1,BTC-27SEP19,1561633141793,open,0.11,292.8,0.052,0.1315,0.09190887,122.13,0.088,0.0,BTC-27SEP19-20000-C,11741.61,115.28,0.08,13.7,0.092,7.1,122.15,21.77975,-14.47556,6.79337,5e-05,0.31185
11815.92,SYN.BTC-5JUL19,1561633141803,open,0.08,94.3,0.066,0.154,0.10995507,128.9,0.079,0.0,BTC-5JUL19-12500-P,11741.61,116.75,0.103,2.6,0.1145,2.8,136.81,6.78366,-55.51196,-1.75974,0.00017,-0.58027
11815.92,SYN.BTC-5JUL19,1561633141825,open,0.08,94.3,0.066,0.154,0.10995507,128.9,0.079,0.0,BTC-5JUL19-12500-P,11741.61,116.75,0.103,2.6,0.1135,2.6,135.08,6.78366,-55.51196,-1.75974,0.00017,-0.58027
11930.21,SYN.BTC-26JUL19,1561633141841,open,0.1,43.6,0.0795,0.169,0.12430432,129.23,0.1115,0.0,BTC-26JUL19-11500-P,11741.61,110.43,0.104,4.8,0.1225,4.8,127.56,12.86215,-28.78165,-4.84149,9e-05,-0.38867
11930.21,SYN.BTC-26JUL19,1561633141851,open,0.05,80.5,0.003,0.0825,0.04292878,122.04,0.049,0.0,BTC-26JUL19-16000-C,11741.61,122.67,0.0435,10.0,0.0545,4.6,134.64,10.59831,-22.39553,1.92744,8e-05,0.24715
11815.92,SYN.BTC-5JUL19,1561633141853,open,0.06,58.2,0.04,0.1265,0.08328115,127.57,0.084,0.0,BTC-5JUL19-12000-P,11741.61,116.01,0.0765,2.7,0.088,2.8,135.63,6.92386,-56.0748,-1.4757,0.00018,-0.49553
11930.21,SYN.BTC-26JUL19,1561633141865,open,0.04,97.7,0.0095,0.0935,0.05156031,128.8,0.045,0.0,BTC-26JUL19-9500-P,11741.61,117.39,0.0425,10.0,0.0545,4.7,132.42,9.64365,-21.50734,-2.45916,7e-05,-0.209
11815.92,SYN.BTC-5JUL19,1561633141881,open,0.02,106.1,0.0005,0.049,0.00906937,123.82,0.0155,0.0,BTC-5JUL19-15000-C,11741.61,127.09,0.01,2.0,0.0145,2.6,141.35,3.28609,-25.83128,0.26002,9e-05,0.11106
324.95,ETH-27SEP19,1561633141892,open,0.37,0.0,0.349,0.46,0.404507,125.03,None,0.0,ETH-27SEP19-400-P,308.08,31.84,0.239,110.0,0.0,0.0,0.0,0.6503,-0.44249,-0.74558,0.00196,-0.50702
11777.49,BTC-28JUN19,1561633141943,open,0.0,314.1,0.0005,0.048,0.00786544,124.98,0.01,0.0,BTC-28JUN19-11250-P,11741.49,139.35,0.01,2.0,0.019,1.0,194.74,1.69892,-92.63518,-0.06381,0.00041,-0.21795
12388.08,BTC-27DEC19,1561633141943,open,0.89,0.0,0.84,0.9195,0.87972001,124.97,None,0.0,BTC-27DEC19-1500-C,11741.49,0.0,0.017,0.3,0.99,0.5,500.0,0.63963,-0.21855,7.32063,0.0,0.99767
11777.49,BTC-28JUN19,1561633141944,open,0.0,185.4,0.0005,0.04,4.9e-07,124.99,0.0005,0.0,BTC-28JUN19-9250-P,11741.49,0.0,0.0,0.0,0.002,0.4,282.48,0.00085,-0.0058,-1e-05,0.0,-4e-05
12273.21,BTC-27SEP19,1561633141943,open,0.85,28.2,0.7975,0.877,0.83717669,124.88,0.755,0.0,BTC-27SEP19-2000-C,11741.49,0.0,0.004,5.0,0.953,5.0,500.0,0.1426,-0.09691,5.0096,0.0,0.99933
11777.49,BTC-28JUN19,1561633141944,open,0.74,0.1,0.6845,0.764,0.72405384,500.0,0.395,0.0,BTC-28JUN19-3250-C,11741.49,0.0,0.0015,1.0,0.0,0.0,0.0,0.0,-0.0003,0.07797,0.0,1.0
12273.21,BTC-27SEP19,1561633141944,open,0.01,416.3,0.0005,0.0525,0.01237656,123.07,0.006,0.0,BTC-27SEP19-5000-P,11741.49,111.61,0.008,15.0,0.0155,15.0,130.06,5.19196,-3.4773,-1.58545,1e-05,-0.03894
12273.21,BTC-27SEP19,1561633141945,open,1.21,0.0,1.2265,1.4115,1.31890938,122.62,None,0.0,BTC-27SEP19-28000-P,11741.49,0.0,0.0,0.0,0.0,0.0,0.0,14.40694,-9.61399,-66.98081,3e-05,-0.84922
12273.21,BTC-27SEP19,1561633141945,open,0.49,757.7,0.4285,0.508,0.46837013,116.66,0.5,0.0,BTC-27SEP19-7000-C,11741.49,0.0,0.0,0.0,0.0,0.0,0.0,11.21873,-7.12261,13.17125,3e-05,0.89471
12387.96,BTC-27DEC19,1561633141945,open,0.11,146.6,0.068,0.1565,0.11224293,112.41,0.0865,0.0,BTC-27DEC19-8000-P,11741.49,103.9,0.097,10.0,0.116,2.0,114.49,22.33232,-6.86381,-17.62453,3e-05,-0.17172
12273.21,BTC-27SEP19,1561633141945,open,0.71,0.0,0.6585,0.738,0.69823671,125.0,None,0.0,BTC-27SEP19-3750-C,11741.49,0.0,0.004,10.0,0.781,10.0,299.67,2.16448,-1.47242,8.89751,0.0,0.98624
12273.21,BTC-27SEP19,1561633141945,open,1.51,0.0,1.528,1.7385,1.63322038,124.01,None,0.0,BTC-27SEP19-32000-P,11741.49,0.0,0.0,0.0,0.0,0.0,0.0,11.54119,-7.78905,-77.96614,2e-05,-0.89049
12273.21,BTC-27SEP19,1561633141945,open,0.66,289.7,0.602,0.6815,0.64155218,124.02,0.51,0.0,BTC-27SEP19-4500-C,11741.49,0.0,0.0005,20.0,0.751,5.0,299.58,3.86223,-2.60683,10.23327,1e-05,0.9728
12273.21,BTC-27SEP19,1561633141945,open,0.43,901.9,0.371,0.4505,0.41065082,116.67,0.4725,0.0,BTC-27SEP19-8000-C,11741.49,59.83,0.3565,1.0,0.4775,2.0,169.71,14.54443,-9.23439,13.48171,3e-05,0.84705
12273.21,BTC-27SEP19,1561633141946,open,0.55,714.8,0.494,0.5735,0.53354762,118.43,0.556,0.0,BTC-27SEP19-6000-C,11741.49,0.0,0.504,3.0,0.57,3.0,164.98,7.95652,-5.12797,12.35265,2e-05,0.93339
11777.49,BTC-28JUN19,1561633141946,open,0.0,677.0,0.0005,0.04,0.0,125.0,0.0005,0.0,BTC-28JUN19-7500-P,11741.49,0.0,0.0,0.0,0.0025,20.0,500.0,0.0,0.0,0.0,0.0,0.0
12273.21,BTC-27SEP19,1561633141945,open,0.0,604.3,0.0005,0.041,0.00127495,125.0,0.0005,0.0,BTC-27SEP19-3000-P,11741.49,127.82,0.0015,7.4,0.0045,15.0,151.92,0.92741,-0.63089,-0.20109,0.0,-0.00523
11777.37,BTC-28JUN19,1561633141946,open,0.0,437.1,0.0005,0.04,6e-08,124.99,0.0015,0.0,BTC-28JUN19-9000-P,11741.49,0.0,0.0,0.0,0.004,20.0,355.2,0.00013,-0.00073,0.0,0.0,0.0
12273.21,BTC-27SEP19,1561633141946,open,0.93,0.2,0.933,1.0935,1.01309986,122.11,1.6,0.0,BTC-27SEP19-24000-P,11741.49,0.0,0.0,0.0,0.0,0.0,0.0,18.00435,-11.96483,-55.54155,4e-05,-0.78474
11777.37,BTC-28JUN19,1561633141946,open,0.06,61.5,0.0005,0.0655,0.02558572,125.06,0.021,0.0,BTC-28JUN19-11750-C,11741.49,116.93,0.024,7.5,0.037,1.0,183.62,2.29597,-143.57155,0.14178,0.00055,0.52735
11777.37,BTC-28JUN19,1561633141946,open,0.0,833.8,0.0005,0.04,4.698e-05,125.02,0.0005,0.0,BTC-28JUN19-14000-C,11741.49,0.0,0.0,0.0,0.002,0.8,207.1,0.04662,-0.55326,0.00073,1e-05,0.00261
11815.78,SYN.BTC-5JUL19,1561633141944,open,0.03,237.5,0.001,0.0835,0.04221997,126.61,0.0365,0.0,BTC-5JUL19-11000-P,11741.49,117.53,0.0375,2.6,0.0475,2.8,136.66,6.1777,-49.65629,-0.91443,0.00016,-0.31645
11777.37,BTC-28JUN19,1561633141947,open,0.0,1146.2,0.0005,0.04,0.0,125.0,0.0005,0.0,BTC-28JUN19-6500-P,11741.49,0.0,0.0,0.0,0.0005,0.2,500.0,0.0,0.0,0.0,0.0,0.0
11777.37,BTC-28JUN19,1561633141948,open,0.44,801.6,0.366,0.4455,0.40565443,320.63,0.485,0.0,BTC-28JUN19-7000-C,11741.49,0.0,0.371,7.5,0.439,7.5,500.0,0.00732,-1.17349,0.16784,0.0,0.99965
11815.78,SYN.BTC-5JUL19,1561633141947,open,0.02,149.9,0.0005,0.053,0.01306889,123.71,0.02,0.0,BTC-5JUL19-14500-C,11741.49,126.39,0.014,10.0,0.02,2.6,142.32,4.05004,-31.8089,0.34957,0.00011,0.15018
11930.14,SYN.BTC-26JUL19,1561633141945,open,0.48,0.0,0.413,0.4925,0.45293794,0.0,0.3665,0.0,BTC-26JUL19-6500-C,11741.49,0.0,0.005,0.1,0.0,0.0,0.0,0.0,0.0,5.14225,0.0,1.0
11930.14,SYN.BTC-26JUL19,1561633141944,open,0.37,24.1,0.3005,0.38,0.34031245,108.04,0.365,0.0,BTC-26JUL19-8000-C,11741.49,0.0,0.161,0.1,0.0,0.0,0.0,4.56392,-8.53798,5.55436,4e-05,0.92882
11930.14,SYN.BTC-26JUL19,1561633141947,open,0.56,0.0,0.4945,0.574,0.53429182,0.0,0.4,0.0,BTC-26JUL19-5500-C,11741.49,0.0,0.0,0.0,0.0,0.0,0.0,0.0,0.0,4.35113,0.0,1.0
11815.78,SYN.BTC-5JUL19,1561633141949,open,0.04,263.9,0.0185,0.103,0.06075556,127.05,0.066,0.0,BTC-5JUL19-11500-P,11741.49,116.06,0.0545,2.8,0.0665,12.8,137.13,6.73011,-54.2828,-1.18939,0.00018,-0.40576
11930.14,SYN.BTC-26JUL19,1561633141949,open,0.03,64.2,0.0005,0.0635,0.02381183,122.5,0.04,0.0,BTC-26JUL19-18000-C,11741.49,124.27,0.025,10.0,0.0345,4.6,137.37,7.94527,-16.85318,1.22419,6e-05,0.15352
11777.37,BTC-28JUN19,1561633141952,open,0.64,216.2,0.578,0.6575,0.61792071,500.0,0.508,0.0,BTC-28JUN19-4500-C,11741.49,0.0,0.4,1.0,0.0,0.0,0.0,0.00063,-0.15725,0.10795,0.0,0.99997
11930.14,SYN.BTC-26JUL19,1561633141950,open,0.0,42.7,0.0005,0.045,0.00483025,127.34,0.005,0.0,BTC-26JUL19-6500-P,11741.49,133.02,0.006,4.2,0.0115,10.0,154.06,2.31015,-5.09389,-0.33277,2e-05,-0.03043
308.86,ETH-28JUN19,1561633141964,open,0.0,6166.0,0.001,0.04,0.000207,131.9,0.001,0.0,ETH-28JUN19-360-C,308.08,0.0,0.0,0.0,0.007,150.0,253.47,0.00391,-0.06381,7e-05,0.0013,0.00966
324.95,ETH-27SEP19,1561633141964,open,0.09,1775.0,0.061,0.149,0.104904,123.73,0.061,0.0,ETH-27SEP19-240-P,308.08,109.92,0.085,124.0,0.107,224.0,125.17,0.47284,-0.31839,-0.25944,0.00144,-0.21228
308.86,ETH-28JUN19,1561633141981,open,0.0,4695.0,0.001,0.04,0.0,131.87,0.001,0.0,ETH-28JUN19-110-P,308.08,0.0,0.0,0.0,0.003,150.0,500.0,0.0,0.0,0.0,0.0,0.0
308.86,ETH-28JUN19,1561633141981,open,0.57,335.0,0.507,0.586,0.546735,477.94,0.481,0.0,ETH-28JUN19-140-C,308.08,0.0,0.01,100.0,0.999,1.0,500.0,0.00013,-0.03189,0.00336,1e-05,0.99976
308.86,ETH-28JUN19,1561633141981,open,0.0,649.0,0.001,0.04,0.0,131.88,0.001,0.0,ETH-28JUN19-480-C,308.08,0.0,0.0,0.0,0.001,199.0,398.47,0.0,0.0,0.0,0.0,0.0
324.95,ETH-27SEP19,1561633141981,open,0.76,0.0,0.716,0.795,0.755415,128.43,None,0.0,ETH-27SEP19-80-C,308.08,0.0,0.004,5.0,0.0,0.0,0.0,0.02875,-0.0201,0.19494,8e-05,0.99375
308.86,ETH-28JUN19,1561633141981,open,0.66,214.0,0.604,0.683,0.643863,500.0,0.552,0.0,ETH-28JUN19-110-C,308.08,0.0,0.0,0.0,0.0,0.0,0.0,0.0,-0.00124,0.00264,0.0,0.99999
308.86,ETH-28JUN19,1561633141981,open,0.54,481.0,0.475,0.554,0.514359,440.18,0.46,0.0,ETH-28JUN19-150-C,308.08,0.0,0.01,100.0,0.0,0.0,0.0,0.00015,-0.03367,0.0036,2e-05,0.99973
313.81,SYN.ETH-26JUL19,1561633141981,open,0.39,0.0,0.329,0.408,0.368049,100.88,None,0.0,ETH-26JUL19-200-C,308.08,0.0,0.0,0.0,0.0,0.0,0.0,0.07893,-0.13788,0.14649,0.001,0.95813
12387.96,BTC-27DEC19,1561633141990,open,0.11,18.5,0.0515,0.131,0.09111902,122.58,0.0755,0.0,BTC-27DEC19-32000-C,11741.49,111.65,0.0675,10.0,0.091,10.0,122.53,28.13684,-9.42997,10.15011,3e-05,0.25465
324.95,ETH-27SEP19,1561633142039,open,0.46,0.0,0.439,0.558,0.498639,125.03,None,0.0,ETH-27SEP19-440-P,308.08,0.0,0.302,110.0,0.0,0.0,0.0,0.64112,-0.43625,-0.87189,0.00193,-0.56731
324.95,ETH-27SEP19,1561633142041,open,0.71,0.0,0.657,0.736,0.696578,127.2,None,0.0,ETH-27SEP19-100-C,308.08,0.0,0.004,5.0,0.0,0.0,0.0,0.06232,-0.04314,0.23578,0.00018,0.98484
308.86,ETH-28JUN19,1561633142041,open,0.09,76.0,0.089,0.179,0.133856,130.74,0.02,0.0,ETH-28JUN19-350-P,308.08,0.0,0.001,101.0,0.189,1.0,500.0,0.00954,-0.62371,-0.0082,0.00319,-0.97262
313.81,SYN.ETH-26JUL19,1561633142041,open,0.21,955.0,0.145,0.224,0.184325,116.53,0.201,0.0,ETH-26JUL19-280-C,308.08,95.65,0.164,30.0,0.225,30.0,157.42,0.30892,-0.62331,0.12692,0.0034,0.69556
324.95,ETH-27SEP19,1561633142043,open,0.85,27.0,0.843,0.996,0.919595,125.85,1.519,0.0,ETH-27SEP19-600-P,308.08,0.0,0.0,0.0,0.0,0.0,0.0,0.52464,-0.35932,-1.36069,0.00157,-0.74395
313.81,SYN.ETH-26JUL19,1561633142043,open,0.3,985.0,0.298,0.405,0.351304,144.24,0.205,0.0,ETH-26JUL19-400-P,308.08,0.0,0.0,0.0,0.0,0.0,0.0,0.32566,-0.81337,-0.2495,0.0029,-0.6537
308.86,ETH-28JUN19,1561633142045,open,0.49,60.0,0.492,0.616,0.554102,131.88,0.757,0.0,ETH-28JUN19-480-P,308.08,0.0,0.0,0.0,0.0,0.0,0.0,0.0,0.0,-0.01152,0.0,-1.0
308.86,ETH-28JUN19,1561633142045,open,0.24,0.0,0.244,0.346,0.295044,0.0,0.463,0.0,ETH-28JUN19-400-P,308.08,0.0,0.0,0.0,0.377,1.0,500.0,0.0,0.0,-0.0096,0.0,-1.0
324.95,ETH-27SEP19,1561633142045,open,0.55,392.0,0.495,0.574,0.534385,123.88,0.57,0.0,ETH-27SEP19-160-C,308.08,0.0,0.1,10.0,0.58,1.0,178.53,0.22708,-0.15309,0.32079,0.00069,0.92657
310.1,SYN.ETH-5JUL19,1561633142063,open,0.43,0.0,0.432,0.55,0.491268,172.31,None,0.0,ETH-5JUL19-460-P,308.08,0.0,0.0,0.0,0.0,0.0,0.0,0.06524,-0.71368,-0.09469,0.00182,-0.92384
308.86,ETH-28JUN19,1561633142070,open,0.01,1245.0,0.001,0.042,0.002045,131.88,0.018,0.0,ETH-28JUN19-340-C,308.08,113.58,0.001,102.0,0.008,180.0,192.94,0.02095,-0.6315,0.00052,0.00694,0.07286
324.95,ETH-27SEP19,1561633142104,open,0.22,1568.0,0.168,0.247,0.207016,124.08,0.221,0.0,ETH-27SEP19-360-C,308.08,107.48,0.174,250.0,0.209,250.0,125.08,0.64344,-0.43449,0.28735,0.00195,0.55833
324.95,ETH-27SEP19,1561633142104,open,0.6,191.0,0.546,0.625,0.585422,124.47,0.5,0.0,ETH-27SEP19-140-C,308.08,0.0,0.014,5.0,0.0,0.0,0.0,0.16381,-0.11096,0.29952,0.0005,0.95161
308.86,ETH-28JUN19,1561633142104,open,0.0,7937.0,0.001,0.04,0.0,131.87,0.001,0.0,ETH-28JUN19-190-P,308.08,0.0,0.0,0.0,0.001,100.0,461.86,0.0,0.0,0.0,0.0,0.0
308.86,ETH-28JUN19,1561633142106,open,0.29,35.0,0.216,0.295,0.255326,131.88,0.159,0.0,ETH-28JUN19-230-C,308.08,0.0,0.0,0.0,0.367,1.0,500.0,0.0,-0.0001,0.00552,0.0,1.0
308.86,ETH-28JUN19,1561633142110,open,0.08,5448.0,0.003,0.082,0.042256,131.78,0.15,0.0,ETH-28JUN19-300-C,308.08,0.0,0.016,10.0,0.074,11.0,304.25,0.0537,-3.5385,0.00477,0.01781,0.68552
324.95,ETH-27SEP19,1561633142110,open,0.14,688.0,0.118,0.21,0.163999,123.74,0.172,0.0,ETH-27SEP19-280-P,308.08,110.39,0.141,106.0,0.168,106.0,126.07,0.55904,-0.37646,-0.37223,0.0017,-0.29108
313.81,SYN.ETH-26JUL19,1561633142110,open,0.34,20.0,0.275,0.354,0.314459,108.93,0.237,0.0,ETH-26JUL19-220-C,308.08,0.0,0.0,0.0,0.0,0.0,0.0,0.14883,-0.28074,0.14668,0.00175,0.9053
308.86,ETH-28JUN19,1561633142123,open,0.0,6156.0,0.001,0.04,1e-06,131.89,0.002,0.0,ETH-28JUN19-400-C,308.08,0.0,0.0,0.0,0.001,300.0,255.14,2e-05,-0.00016,0.0,1e-05,4e-05
308.86,ETH-28JUN19,1561633142123,open,0.0,497.0,0.001,0.04,0.000411,131.88,0.003,0.0,ETH-28JUN19-270-P,308.08,0.0,0.0,0.0,0.005,180.0,218.62,0.00646,-0.12684,-0.00013,0.00214,-0.01726
308.86,ETH-28JUN19,1561633142123,open,0.55,60.0,0.555,0.683,0.618856,132.32,0.83,0.0,ETH-28JUN19-500-P,308.08,0.0,0.0,0.0,0.0,0.0,0.0,0.0,0.0,-0.012,0.0,-1.0
310.1,SYN.ETH-5JUL19,1561633142123,open,0.32,0.0,0.251,0.33,0.290633,84.29,None,0.0,ETH-5JUL19-220-C,308.08,0.0,0.0,0.0,0.0,0.0,0.0,0.00327,-0.01752,0.04731,0.00019,0.9977
308.86,ETH-28JUN19,1561633142129,open,0.0,1541.0,0.001,0.04,0.0,131.87,0.001,0.0,ETH-28JUN19-80-P,308.08,0.0,0.0,0.0,0.001,18.0,500.0,0.0,0.0,0.0,0.0,0.0
324.95,ETH-27SEP19,1561633142131,open,0.29,2756.0,0.235,0.314,0.274604,123.71,0.27,0.0,ETH-27SEP19-300-C,308.08,104.78,0.24,3.0,0.28,1.0,126.68,0.59064,-0.39765,0.32316,0.0018,0.66969
308.86,ETH-28JUN19,1561633142131,open,0.0,4774.0,0.001,0.04,0.0,131.88,0.02,0.0,ETH-28JUN19-120-P,308.08,0.0,0.0,0.0,0.001,2.0,500.0,0.0,0.0,0.0,0.0,0.0
308.86,ETH-28JUN19,1561633142131,open,0.36,0.0,0.368,0.481,0.424548,0.0,0.61,0.0,ETH-28JUN19-440-P,308.08,0.0,0.0,0.0,0.0,0.0,0.0,0.0,0.0,-0.01056,0.0,-1.0
308.86,ETH-28JUN19,1561633142131,open,0.0,5105.0,0.001,0.04,0.0,131.86,0.002,0.0,ETH-28JUN19-220-P,308.08,0.0,0.0,0.0,0.002,1.0,376.4,0.0,0.0,0.0,0.0,0.0
11777.37,BTC-28JUN19,1561633142138,open,0.01,643.8,0.0005,0.041,0.00145013,125.03,0.004,0.0,BTC-28JUN19-13000-C,11741.49,159.2,0.004,0.9,0.0045,4.1,164.49,0.65821,-17.07867,0.01564,0.00016,0.0568
12273.21,BTC-27SEP19,1561633142185,open,0.15,92.3,0.1235,0.2165,0.17010644,116.67,0.1715,0.0,BTC-27SEP19-11000-P,11741.49,101.23,0.1425,7.6,0.171,5.0,117.17,21.89463,-13.9011,-15.00799,5e-05,-0.31569
11777.37,BTC-28JUN19,1561633142200,open,0.0,850.0,0.0005,0.04,0.0,125.0,0.0005,0.0,BTC-28JUN19-3000-P,11741.49,0.0,0.0,0.0,0.002,23.0,500.0,0.0,0.0,0.0,0.0,0.0
11930.14,SYN.BTC-26JUL19,1561633142208,open,0.03,64.2,0.0005,0.0635,0.02381183,122.5,0.04,0.0,BTC-26JUL19-18000-C,11741.49,124.27,0.025,10.0,0.0345,4.5,137.37,7.94527,-16.85318,1.22419,6e-05,0.15352
11930.14,SYN.BTC-26JUL19,1561633142211,open,0.14,36.4,0.0735,0.153,0.1134345,118.94,0.125,0.0,BTC-26JUL19-12500-C,11741.49,112.75,0.1065,4.9,0.1265,5.0,130.59,13.38159,-27.55848,3.75303,0.0001,0.51108
11930.14,SYN.BTC-26JUL19,1561633142224,open,0.14,36.4,0.0735,0.153,0.1134345,118.94,0.125,0.0,BTC-26JUL19-12500-C,11741.49,112.75,0.1065,4.9,0.126,4.8,130.14,13.38159,-27.55848,3.75303,0.0001,0.51108
12273.21,BTC-27SEP19,1561633142437,open,0.07,215.2,0.018,0.0975,0.05760511,122.1,0.061,0.0,BTC-27SEP19-24000-C,11741.49,114.61,0.047,14.4,0.063,7.0,125.72,18.00256,-11.96257,4.86923,4e-05,0.21522
12273.21,BTC-27SEP19,1561633142449,open,0.26,561.1,0.1945,0.274,0.23421504,114.17,0.24,0.0,BTC-27SEP19-12000-C,11741.49,100.94,0.209,7.4,0.2405,7.4,117.48,23.29631,-14.47444,12.1553,5e-05,0.62767
12273.09,BTC-27SEP19,1561633142457,open,0.05,20.6,0.0005,0.077,0.0374982,122.6,0.045,0.0,BTC-27SEP19-28000-C,11741.49,117.29,0.0315,15.0,0.045,6.8,128.74,14.40344,-9.61043,3.49811,3e-05,0.15073
12273.21,BTC-27SEP19,1561633142469,open,0.2,156.0,0.1455,0.225,0.18525905,118.25,0.19,0.0,BTC-27SEP19-14000-C,11741.49,108.62,0.166,3.0,0.184,7.5,117.62,24.49673,-15.76505,10.6441,5e-05,0.5298
12273.21,BTC-27SEP19,1561633142498,open,0.11,292.8,0.052,0.1315,0.09190887,122.1,0.088,0.0,BTC-27SEP19-20000-C,11741.49,115.28,0.08,13.7,0.092,7.2,122.15,21.77749,-14.47085,6.79234,5e-05,0.31177
12388.09,BTC-27DEC19,1561633142512,open,0.81,0.0,0.7635,0.843,0.80305509,123.69,None,0.0,BTC-27DEC19-2500-C,11741.49,0.0,0.0125,0.3,0.986,0.5,500.0,2.68613,-0.90842,11.49564,0.0,0.98827
12273.21,BTC-27SEP19,1561633142509,open,0.15,92.3,0.1235,0.2165,0.17010644,116.67,0.1715,0.0,BTC-27SEP19-11000-P,11741.49,101.51,0.143,7.4,0.171,5.0,117.17,21.89463,-13.9011,-15.00799,5e-05,-0.31569
11815.78,SYN.BTC-5JUL19,1561633142550,open,0.04,263.9,0.0185,0.103,0.06075556,127.05,0.066,0.0,BTC-5JUL19-11500-P,11741.49,117.81,0.0555,2.7,0.0665,12.8,137.13,6.73011,-54.2828,-1.18939,0.00018,-0.40576
11815.78,SYN.BTC-5JUL19,1561633142556,open,0.04,263.9,0.0185,0.103,0.06075556,127.05,0.066,0.0,BTC-5JUL19-11500-P,11741.49,117.81,0.0555,2.7,0.066,2.7,136.25,6.73011,-54.2828,-1.18939,0.00018,-0.40576
12273.18,BTC-27SEP19,1561633142569,open,0.13,239.4,0.0775,0.157,0.11707147,122.1,0.11,0.0,BTC-27SEP19-18000-C,11741.49,111.12,0.0965,13.2,0.1135,7.3,120.22,23.34779,-15.51432,7.96589,5e-05,0.37492
12273.21,BTC-27SEP19,1561633142576,open,0.23,205.2,0.172,0.2515,0.21165827,118.25,0.205,0.0,BTC-27SEP19-13000-C,11741.49,105.74,0.187,0.5,0.2105,7.5,117.66,24.08041,-15.49715,11.35261,5e-05,0.57914
12273.21,BTC-27SEP19,1561633142587,open,0.04,1.0,0.0005,0.0705,0.0309754,123.25,0.037,0.0,BTC-27SEP19-30000-C,11741.49,113.42,0.0215,6.7,0.039,6.6,130.48,12.88198,-8.64049,2.99529,3e-05,0.12793
12273.21,BTC-27SEP19,1561633142604,open,0.19,157.3,0.13,0.2095,0.16997794,122.1,0.1435,0.0,BTC-27SEP19-15000-C,11741.49,110.6,0.147,3.0,0.162,7.5,118.11,24.55977,-16.3196,9.93401,5e-05,0.49154
11777.37,BTC-28JUN19,1561633142611,open,0.0,133.4,0.0005,0.04,0.0,125.0,0.0005,0.0,BTC-28JUN19-3750-P,11741.49,0.0,0.0,0.0,0.002,20.0,500.0,0.0,0.0,0.0,0.0,0.0
12273.21,BTC-27SEP19,1561633142610,open,0.09,322.0,0.033,0.1125,0.07255798,122.1,0.061,0.0,BTC-27SEP19-22000-C,11741.49,116.73,0.064,14.1,0.076,7.1,124.21,19.93362,-13.24563,5.75998,4e-05,0.259
12388.08,BTC-27DEC19,1561633142619,open,0.15,190.9,0.1045,0.196,0.15014253,112.41,0.108,0.0,BTC-27DEC19-9000-P,11741.49,102.09,0.129,10.0,0.1535,5.0,114.05,25.41447,-7.81083,-22.47931,3e-05,-0.21203
11777.37,BTC-28JUN19,1561633142644,open,0.56,148.3,0.4935,0.573,0.5330142,452.86,0.402,0.0,BTC-28JUN19-5500-C,11741.49,0.0,0.0015,1.0,0.0,0.0,0.0,0.00432,-0.97758,0.13189,0.0,0.9998
11815.78,SYN.BTC-5JUL19,1561633142871,open,0.03,237.5,0.001,0.0835,0.042229,126.61,0.0365,0.0,BTC-5JUL19-11000-P,11741.49,117.53,0.0375,2.7,0.0475,2.8,136.66,6.1777,-49.65629,-0.91443,0.00016,-0.31645
11815.78,SYN.BTC-5JUL19,1561633142872,open,0.03,237.5,0.001,0.0835,0.042229,126.61,0.0365,0.0,BTC-5JUL19-11000-P,11741.49,117.53,0.0375,2.7,0.0475,2.7,136.66,6.1777,-49.65629,-0.91443,0.00016,-0.31645
11777.49,BTC-28JUN19,1561633142879,open,0.06,52.2,0.0615,0.149,0.10524988,124.73,0.14,0.0,BTC-28JUN19-13000-P,11741.49,0.0,0.0995,12.0,0.1135,12.0,209.99,0.65434,-40.80761,-0.29637,0.00016,-0.94363
324.95,ETH-27SEP19,1561633142901,open,0.07,602.0,0.022,0.101,0.061967,125.81,0.081,0.0,ETH-27SEP19-640-C,308.08,116.82,0.049,144.0,0.069,144.0,130.41,0.48792,-0.33407,0.13267,0.00146,0.22417
12387.96,BTC-27DEC19,1561633142897,open,0.15,199.2,0.09,0.1695,0.12959191,122.58,0.121,0.0,BTC-27DEC19-26000-C,11741.49,112.42,0.104,10.0,0.1225,10.0,119.81,32.01967,-10.73091,12.87334,3e-05,0.337
11930.14,SYN.BTC-26JUL19,1561633142917,open,0.17,41.3,0.108,0.1875,0.14786753,117.67,0.1715,0.0,BTC-26JUL19-11500-C,11741.49,116.85,0.147,3.0,0.1615,4.9,130.29,12.88493,-26.25308,4.35109,0.0001,0.60889
324.95,ETH-27SEP19,1561633142928,open,0.04,204.0,0.001,0.08,0.040528,127.55,0.042,0.0,ETH-27SEP19-760-C,308.08,119.17,0.031,149.0,0.052,149.0,136.57,0.39143,-0.27171,0.0951,0.00115,0.15679
11815.78,SYN.BTC-5JUL19,1561633142925,open,0.13,25.3,0.1255,0.219,0.1722803,131.06,0.1455,0.0,BTC-5JUL19-13500-P,11741.49,102.21,0.159,5.5,0.1785,5.4,143.53,5.79782,-48.24227,-2.28598,0.00015,-0.72438
11815.78,SYN.BTC-5JUL19,1561633142932,open,0.13,25.3,0.1255,0.219,0.1722803,131.06,0.1455,0.0,BTC-5JUL19-13500-P,11741.49,102.21,0.159,5.5,0.178,5.3,142.55,5.79782,-48.24227,-2.28598,0.00015,-0.72438
12388.08,BTC-27DEC19,1561633142938,open,0.08,119.4,0.041,0.127,0.08402372,115.5,0.05,0.0,BTC-27DEC19-7000-P,11741.49,102.11,0.064,10.0,0.086,10.0,116.78,18.95588,-5.98587,-13.54166,2e-05,-0.13415
310.1,SYN.ETH-5JUL19,1561633142939,open,0.0,6.0,0.001,0.045,0.005015,135.65,0.005,0.0,ETH-5JUL19-230-P,308.08,0.0,0.0,0.0,0.006,123.0,141.41,0.05059,-0.43563,-0.00401,0.0018,-0.05488
12273.18,BTC-27SEP19,1561633142942,open,0.34,885.8,0.274,0.3535,0.31375782,116.67,0.363,0.0,BTC-27SEP19-10000-C,11742.59,106.35,0.297,3.0,0.3165,5.4,118.35,19.98257,-12.6871,13.16065,5e-05,0.73976
12273.18,BTC-27SEP19,1561633142942,open,0.38,367.1,0.3195,0.399,0.35921038,116.67,0.394,0.0,BTC-27SEP19-9000-C,11742.59,100.84,0.337,4.6,0.3615,4.6,118.27,17.51378,-11.11965,13.45173,4e-05,0.79464
11929.93,SYN.BTC-26JUL19,1561633142942,open,0.55,0.0,0.566,0.696,0.63092922,153.28,None,0.0,BTC-26JUL19-19000-P,11742.59,0.0,0.0,0.0,0.0,0.0,0.0,9.21761,-24.46556,-13.56325,5e-05,-0.80617
11929.93,SYN.BTC-26JUL19,1561633142942,open,0.44,4.8,0.374,0.4535,0.41386398,82.03,0.455,0.0,BTC-26JUL19-7000-C,11742.59,0.0,0.005,0.1,0.0,0.0,0.0,0.70557,-1.00219,5.4599,1e-05,0.99237
11778.31,BTC-28JUN19,1561633142943,open,0.6,688.2,0.5355,0.615,0.57546132,0.0,0.6,0.0,BTC-28JUN19-5000-C,11742.59,0.0,0.522,7.5,0.6285,7.5,500.0,0.0,0.0,0.11996,0.0,1.0
11778.31,BTC-28JUN19,1561633142943,open,0.66,10.6,0.5995,0.679,0.63914213,0.0,0.535,0.0,BTC-28JUN19-4250-C,11742.59,0.0,0.001,10.0,0.0,0.0,0.0,0.0,0.0,0.10196,0.0,1.0
12273.18,BTC-27SEP19,1561633142944,open,0.75,0.0,0.6975,0.777,0.73710109,125.01,None,0.0,BTC-27SEP19-3250-C,11742.59,0.0,0.004,10.0,0.9365,5.0,500.0,1.2756,-0.86779,7.89004,0.0,0.9925
12389.19,BTC-27DEC19,1561633142944,open,0.05,1.0,0.0045,0.084,0.04429881,124.99,0.036,0.0,BTC-27DEC19-48000-C,11742.59,116.86,0.0325,6.5,0.0995,0.2,153.91,19.34815,-6.61217,5.82908,2e-05,0.1382
12389.19,BTC-27DEC19,1561633142944,open,0.55,54.5,0.479,0.5585,0.5189644,115.47,0.5495,0.0,BTC-27DEC19-7000-C,11742.59,0.0,0.0,0.0,0.0,0.0,0.0,18.95408,-5.98412,21.53478,2e-05,0.86589
11778.31,BTC-28JUN19,1561633142944,open,0.0,564.4,0.0005,0.044,0.00393671,125.09,0.008,0.0,BTC-28JUN19-11000-P,11742.59,115.35,0.003,18.8,0.0115,18.8,185.76,1.19298,-46.3678,-0.03666,0.00029,-0.12581
11778.31,BTC-28JUN19,1561633142945,open,0.05,1045.9,0.0005,0.056,0.01634906,124.86,0.0235,0.0,BTC-28JUN19-12000-C,11742.59,123.01,0.016,12.0,0.0235,0.2,162.46,2.21658,-138.3829,0.10613,0.00053,0.39192
12273.18,BTC-27SEP19,1561633142945,open,0.81,55.9,0.757,0.8365,0.79678933,125.01,0.689,0.0,BTC-27SEP19-2500-C,11742.59,0.0,0.004,10.0,0.946,5.0,500.0,0.42268,-0.28757,6.21042,0.0,0.99782
11778.31,BTC-28JUN19,1561633142945,open,0.61,0.6,0.6305,0.766,0.6981547,369.97,1.1775,0.0,BTC-28JUN19-20000-P,11742.59,0.0,0.001,100.0,0.0,0.0,0.0,0.04183,-7.73773,-0.47921,0.0,-0.99768
11778.31,BTC-28JUN19,1561633142945,open,0.68,322.4,0.6205,0.7,0.66036906,0.0,0.674,0.0,BTC-28JUN19-4000-C,11742.59,0.0,0.604,7.5,0.716,7.5,500.0,0.0,0.0,0.09597,0.0,1.0
11778.31,BTC-28JUN19,1561633142945,open,0.62,97.1,0.557,0.6365,0.59668826,0.0,0.485,0.0,BTC-28JUN19-4750-C,11742.59,0.0,0.001,25.0,0.0,0.0,0.0,0.0,0.0,0.11396,0.0,1.0
11778.31,BTC-28JUN19,1561633142945,open,0.0,148.4,0.0005,0.0405,0.00068111,125.06,0.002,0.0,BTC-28JUN19-10500-P,11742.59,0.0,0.0,0.0,0.008,20.0,225.15,0.37422,-8.02238,-0.0082,9e-05,-0.02832
12389.19,BTC-27DEC19,1561633142945,open,0.6,122.6,0.5315,0.611,0.57129865,115.47,0.61,0.0,BTC-27DEC19-6000-C,11742.59,70.08,0.5265,4.0,0.62,0.1,152.82,15.11077,-4.77056,20.55718,2e-05,0.90247
12389.19,BTC-27DEC19,1561633142945,open,0.65,62.9,0.5895,0.669,0.62949128,115.48,0.615,0.0,BTC-27DEC19-5000-C,11742.59,0.0,0.004,10.0,0.721,14.0,200.64,11.04052,-3.48585,19.00071,1e-05,0.93559
11815.51,SYN.BTC-5JUL19,1561633142944,open,0.19,3.0,0.1945,0.294,0.24424024,134.72,0.12,0.0,BTC-5JUL19-14500-P,11742.59,0.0,0.079,2.0,0.0,0.0,0.0,4.46958,-38.22776,-2.72667,0.00011,-0.82527
12389.19,BTC-27DEC19,1561633142947,open,0.74,1.5,0.733,0.877,0.80486272,122.32,0.766,0.0,BTC-27DEC19-20000-P,11742.59,0.0,0.004,5.0,0.9015,1.0,156.63,34.73341,-11.61628,-83.96667,4e-05,-0.54784
11778.31,BTC-28JUN19,1561633142947,open,0.17,36.2,0.09,0.1695,0.12991593,119.43,0.184,0.0,BTC-28JUN19-10250-C,11742.59,0.0,0.05,0.1,0.0,0.0,0.0,0.12766,-7.62319,0.24358,3e-05,0.99191
11778.31,BTC-28JUN19,1561633142947,open,0.19,1147.2,0.111,0.1905,0.15097951,0.0,0.12,0.0,BTC-28JUN19-10000-C,11742.59,0.0,0.1285,7.5,0.185,7.5,500.0,0.0,0.0,0.23992,0.0,1.0
12273.18,BTC-27SEP19,1561633142947,open,0.0,46.9,0.0005,0.0415,0.00190551,125.0,0.001,0.0,BTC-27SEP19-3250-P,11742.59,125.9,0.002,6.9,0.0055,15.0,148.95,1.27533,-0.86757,-0.2906,0.0,-0.0075
12389.19,BTC-27DEC19,1561633142948,open,0.5,205.7,0.4265,0.506,0.46645264,112.39,0.48,0.0,BTC-27DEC19-8000-C,11742.59,89.41,0.426,4.0,0.485,4.5,122.63,22.33129,-6.86221,22.46259,3e-05,0.82832
12389.19,BTC-27DEC19,1561633142948,open,0.03,131.4,0.0005,0.074,0.03310602,115.52,0.016,0.0,BTC-27DEC19-5000-P,11742.59,105.98,0.025,16.7,0.032,0.1,114.27,11.04476,-3.48845,-6.05503,1e-05,-0.06444
11778.31,BTC-28JUN19,1561633142948,open,0.0,1685.0,0.0005,0.04,0.0,125.02,0.0005,0.0,BTC-28JUN19-7000-P,11742.59,0.0,0.0,0.0,0.0005,0.1,448.1,0.0,0.0,0.0,0.0,0.0
11778.31,BTC-28JUN19,1561633142948,open,0.03,186.3,0.0245,0.1095,0.06688215,125.5,0.106,0.0,BTC-28JUN19-12500-P,11742.59,99.77,0.064,1.0,0.0775,1.0,196.46,1.48418,-93.12865,-0.25218,0.00036,-0.82555
11778.31,BTC-28JUN19,1561633142948,open,0.0,266.4,0.0005,0.04,0.0,125.01,0.0005,0.0,BTC-28JUN19-4250-P,11742.59,0.0,0.0,0.0,0.004,20.0,500.0,0.0,0.0,0.0,0.0,0.0
11929.93,SYN.BTC-26JUL19,1561633142942,open,0.41,17.0,0.3365,0.416,0.37627138,101.63,0.246,0.0,BTC-26JUL19-7500-C,11742.59,0.0,0.005,0.1,0.0,0.0,0.0,2.81147,-4.94758,5.52201,2e-05,0.96136
11778.31,BTC-28JUN19,1561633142950,open,0.0,94.8,0.0005,0.04,5.96e-06,124.96,0.0005,0.0,BTC-28JUN19-14500-C,11742.59,0.0,0.0,0.0,0.002,1.0,239.72,0.00798,-0.07021,0.00011,0.0,0.00038
11815.51,SYN.BTC-5JUL19,1561633142947,open,0.11,70.2,0.0445,0.124,0.0843184,121.51,0.16,0.0,BTC-5JUL19-11500-C,11742.59,123.59,0.0855,2.6,0.0965,2.8,142.89,6.72606,-51.88738,1.30241,0.00018,0.59518
12274.28,BTC-27SEP19,1561633142950,open,0.41,3.5,0.3955,0.5115,0.45357935,122.15,0.427,0.0,BTC-27SEP19-16000-P,11742.59,0.0,0.004,10.0,1.065,0.2,500.0,24.37272,-16.20134,-31.01273,5e-05,-0.5502
11778.31,BTC-28JUN19,1561633142950,open,0.0,1080.0,0.0005,0.04,6.1e-07,124.96,0.0005,0.0,BTC-28JUN19-15000-C,11742.59,0.0,0.0,0.0,0.001,1.9,241.31,0.00106,-0.00723,1e-05,0.0,4e-05
310.1,SYN.ETH-5JUL19,1561633142949,open,0.13,0.0,0.121,0.213,0.166763,141.25,None,0.0,ETH-5JUL19-350-P,308.08,0.0,0.0,0.0,0.0,0.0,0.0,0.16198,-1.45255,-0.05694,0.00553,-0.68426
11929.93,SYN.BTC-26JUL19,1561633142945,open,0.22,5.2,0.2145,0.315,0.2647266,135.2,0.162,0.0,BTC-26JUL19-14000-P,11742.59,0.0,0.0,0.0,0.0,0.0,0.0,13.03516,-30.5157,-8.07822,9e-05,-0.5912
12389.19,BTC-27DEC19,1561633142951,open,0.74,4.0,0.69,0.7695,0.72950386,118.37,0.59,0.0,BTC-27DEC19-3500-C,11742.59,0.0,0.005,0.6,0.78,1.0,195.79,5.4579,-1.76634,15.11768,1e-05,0.97305
11815.51,SYN.BTC-5JUL19,1561633142947,open,0.01,134.8,0.0005,0.044,0.00420884,123.98,0.01,0.0,BTC-5JUL19-16000-C,11742.59,128.42,0.005,100.0,0.0095,2.8,148.59,2.0074,-15.80075,0.13659,5e-05,0.05779
11929.93,SYN.BTC-26JUL19,1561633142949,open,0.52,0.0,0.4535,0.533,0.49316221,0.0,None,0.0,BTC-26JUL19-6000-C,11742.59,0.0,0.0,0.0,0.0,0.0,0.0,0.0,0.0,4.74669,0.0,1.0
11815.51,SYN.BTC-5JUL19,1561633142949,open,0.37,0.0,0.388,0.503,0.44531858,155.93,None,0.0,BTC-5JUL19-17000-P,11742.59,0.0,0.0,0.0,0.0,0.0,0.0,2.33719,-23.13655,-3.50564,5e-05,-0.92973
324.95,ETH-27SEP19,1561633142954,open,1.29,0.0,1.285,1.474,1.379424,127.61,None,0.0,ETH-27SEP19-760-P,308.11,0.0,0.0,0.0,0.0,0.0,0.0,0.39175,-0.27207,-1.81784,0.00115,-0.84302
308.85,ETH-28JUN19,1561633142954,open,0.0,0.0,0.001,0.04,0.0,131.9,None,0.0,ETH-28JUN19-420-C,308.11,0.0,0.0,0.0,0.02,1.0,500.0,0.0,0.0,0.0,0.0,0.0
308.85,ETH-28JUN19,1561633142954,open,0.3,0.0,0.306,0.414,0.359839,0.0,None,0.0,ETH-28JUN19-420-P,308.11,0.0,0.0,0.0,0.0,0.0,0.0,0.0,0.0,-0.01008,0.0,-1.0
324.95,ETH-27SEP19,1561633142954,open,0.96,0.0,0.951,1.112,1.031566,125.86,None,0.0,ETH-27SEP19-640-P,308.11,0.0,0.0,0.0,0.0,0.0,0.0,0.4881,-0.33431,-1.47824,0.00146,-0.77569
308.85,ETH-28JUN19,1561633142954,open,0.15,0.0,0.151,0.245,0.198008,118.18,0.114,0.0,ETH-28JUN19-370-P,308.11,0.0,0.0,0.0,0.0,0.0,0.0,0.00051,-0.02996,-0.00887,0.00019,-0.99901
308.85,ETH-28JUN19,1561633142955,open,0.0,115.0,0.001,0.04,5.4e-05,131.9,0.001,0.0,ETH-28JUN19-370-C,308.11,0.0,0.0,0.0,0.006,150.0,273.42,0.00132,-0.01683,2e-05,0.00044,0.00286
308.85,ETH-28JUN19,1561633142955,open,0.21,0.0,0.213,0.313,0.262711,0.0,0.11,0.0,ETH-28JUN19-390-P,308.11,0.0,0.0,0.0,0.0,0.0,0.0,0.0,0.0,-0.00936,0.0,-1.0
324.98,ETH-27SEP19,1561633142955,open,1.07,0.0,1.06,1.231,1.145336,125.95,None,0.0,ETH-27SEP19-680-P,308.11,0.0,0.0,0.0,0.0,0.0,0.0,0.45228,-0.31001,-1.5938,0.00135,-0.80303
324.98,ETH-27SEP19,1561633142955,open,0.24,1029.0,0.187,0.266,0.226162,123.35,0.267,0.0,ETH-27SEP19-340-C,308.11,107.94,0.196,250.0,0.231,250.0,125.84,0.63253,-0.42462,0.30045,0.00193,0.59345
308.85,ETH-28JUN19,1561633142955,open,0.0,5456.0,0.001,0.04,0.0,131.86,0.001,0.0,ETH-28JUN19-210-P,308.11,0.0,0.0,0.0,0.002,20.0,420.29,0.0,0.0,0.0,0.0,0.0
308.85,ETH-28JUN19,1561633142956,open,0.0,56.0,0.001,0.04,1.3e-05,131.9,0.011,0.0,ETH-28JUN19-380-C,308.11,0.0,0.0,0.0,0.006,150.0,302.19,0.00039,-0.00396,1e-05,0.00013,0.00074
324.98,ETH-27SEP19,1561633142956,open,0.17,335.0,0.15,0.245,0.197847,123.75,0.2,0.0,ETH-27SEP19-300-P,308.11,108.5,0.17,250.0,0.2,1.0,124.94,0.59064,-0.39778,-0.43198,0.0018,-0.33024
308.85,ETH-28JUN19,1561633142956,open,0.0,185.0,0.001,0.04,3e-06,131.91,0.005,0.0,ETH-28JUN19-390-C,308.11,0.0,0.0,0.0,0.006,150.0,329.53,0.0001,-0.00084,0.0,3e-05,0.00017
308.85,ETH-28JUN19,1561633142956,open,0.1,629.0,0.027,0.106,0.066524,132.08,0.073,0.0,ETH-28JUN19-290-C,308.11,0.0,0.043,30.0,0.099,30.0,337.8,0.03639,-2.40346,0.00575,0.01204,0.84274
324.98,ETH-27SEP19,1561633142957,open,0.32,101.0,0.305,0.413,0.359208,124.8,0.234,0.0,ETH-27SEP19-380-P,308.11,47.06,0.208,110.0,0.5,1.0,196.86,0.64916,-0.44088,-0.68222,0.00196,-0.47478
324.98,ETH-27SEP19,1561633142957,open,0.75,24.0,0.738,0.882,0.80972,125.82,1.356,0.0,ETH-27SEP19-560-P,308.11,0.0,0.0,0.0,0.0,0.0,0.0,0.56026,-0.38364,-1.2412,0.00167,-0.7076
308.85,ETH-28JUN19,1561633142957,open,0.44,3454.0,0.378,0.457,0.417212,338.4,0.289,0.0,ETH-28JUN19-180-C,308.11,0.0,0.0,0.0,0.51,1.0,500.0,0.00023,-0.03859,0.00432,3e-05,0.99958
310.1,SYN.ETH-5JUL19,1561633142955,open,0.23,0.0,0.163,0.242,0.202935,122.66,None,0.0,ETH-5JUL19-250-C,308.11,0.0,0.0,0.0,0.0,0.0,0.0,0.07951,-0.61917,0.04669,0.00312,0.90073
310.1,SYN.ETH-5JUL19,1561633142954,open,0.0,0.0,0.001,0.041,0.001105,133.63,None,0.0,ETH-5JUL19-480-C,308.11,0.0,0.0,0.0,0.0,0.0,0.0,0.0189,-0.16035,0.00104,0.00068,0.01669
308.88,ETH-28JUN19,1561633142957,open,0.0,1488.0,0.001,0.04,0.000692,131.82,0.001,0.0,ETH-28JUN19-350-C,308.11,0.0,0.0,0.0,0.005,180.0,200.07,0.00986,-0.21371,0.00021,0.00327,0.0285
310.1,SYN.ETH-5JUL19,1561633142954,open,0.22,0.0,0.225,0.326,0.275667,147.41,None,0.0,ETH-5JUL19-390-P,308.11,0.0,0.0,0.0,0.0,0.0,0.0,0.11567,-1.08253,-0.07392,0.00378,-0.82907
308.88,ETH-28JUN19,1561633142957,open,0.0,530.0,0.001,0.054,0.01357,131.9,0.008,0.0,ETH-28JUN19-300-P,308.11,98.76,0.008,115.0,0.02,250.0,168.09,0.05369,-3.54096,-0.00243,0.01778,-0.31426
313.81,SYN.ETH-26JUL19,1561633142954,open,0.51,0.0,0.515,0.641,0.577979,157.33,None,0.0,ETH-26JUL19-480-P,308.11,0.0,0.0,0.0,0.0,0.0,0.0,0.26796,-0.72999,-0.33467,0.00219,-0.77009
313.81,SYN.ETH-26JUL19,1561633142954,open,0.57,0.0,0.573,0.703,0.638167,161.62,None,0.0,ETH-26JUL19-500-P,308.11,0.0,0.0,0.0,0.0,0.0,0.0,0.25622,-0.71703,-0.35391,0.00203,-0.7874
310.1,SYN.ETH-5JUL19,1561633142955,open,0.13,174.0,0.07,0.149,0.109673,128.49,0.158,0.0,ETH-5JUL19-290-C,308.11,0.0,0.017,25.0,0.23,11.0,349.4,0.16427,-1.33994,0.03772,0.00616,0.67343
310.1,SYN.ETH-5JUL19,1561633142954,open,0.25,0.0,0.253,0.357,0.305136,149.73,None,0.0,ETH-5JUL19-400-P,308.11,0.0,0.0,0.0,0.0,0.0,0.0,0.10499,-0.99799,-0.07746,0.00338,-0.85257
310.1,SYN.ETH-5JUL19,1561633142955,open,0.2,0.0,0.198,0.296,0.246906,145.37,None,0.0,ETH-5JUL19-380-P,308.11,0.0,0.0,0.0,0.0,0.0,0.0,0.12714,-1.17336,-0.07012,0.00422,-0.80101
310.1,SYN.ETH-5JUL19,1561633142954,open,0.17,105.0,0.171,0.267,0.219105,143.81,0.13,0.0,ETH-5JUL19-370-P,308.11,0.0,0.0,0.0,0.0,0.0,0.0,0.13917,-1.27069,-0.06601,0.00466,-0.76743
310.1,SYN.ETH-5JUL19,1561633142954,open,0.26,0.0,0.192,0.271,0.231001,119.54,None,0.0,ETH-5JUL19-240-C,308.11,0.0,0.0,0.0,0.0,0.0,0.0,0.05491,-0.41675,0.04738,0.00221,0.93908
313.81,SYN.ETH-26JUL19,1561633142957,open,0.51,0.0,0.446,0.525,0.485471,0.0,None,0.0,ETH-26JUL19-160-C,308.11,0.0,0.0,0.0,0.0,0.0,0.0,0.0,0.0,0.12658,0.0,1.0
310.1,SYN.ETH-5JUL19,1561633142954,open,0.01,212.0,0.001,0.044,0.004541,133.4,0.004,0.0,ETH-5JUL19-430-C,308.11,103.43,0.001,102.0,0.01,150.0,158.83,0.05296,-0.44856,0.00359,0.00191,0.05818
313.81,SYN.ETH-26JUL19,1561633142957,open,0.17,1133.0,0.11,0.189,0.14915,115.27,0.21,0.0,ETH-26JUL19-300-C,308.11,69.35,0.1,1.0,0.17,100.0,134.73,0.33654,-0.67171,0.11646,0.00375,0.61827
310.1,SYN.ETH-5JUL19,1561633142954,open,0.35,0.0,0.282,0.361,0.321669,0.0,None,0.0,ETH-5JUL19-210-C,308.11,0.0,0.0,0.0,0.0,0.0,0.0,0.0,0.0,0.04531,0.0,1.0
310.1,SYN.ETH-5JUL19,1561633142954,open,0.15,0.0,0.145,0.239,0.192298,142.38,None,0.0,ETH-5JUL19-360-P,308.11,0.0,0.0,0.0,0.0,0.0,0.0,0.15098,-1.36473,-0.06162,0.00511,-0.72869
310.1,SYN.ETH-5JUL19,1561633142955,open,0.34,0.0,0.341,0.452,0.396758,159.21,None,0.0,ETH-5JUL19-430-P,308.11,0.0,0.0,0.0,0.0,0.0,0.0,0.08001,-0.80872,-0.08676,0.00242,-0.89988
310.1,SYN.ETH-5JUL19,1561633142954,open,0.31,0.0,0.312,0.42,0.365785,155.6,None,0.0,ETH-5JUL19-420-P,308.11,0.0,0.0,0.0,0.0,0.0,0.0,0.08708,-0.86017,-0.08385,0.0027,-0.88744
310.1,SYN.ETH-5JUL19,1561633142954,open,0.0,0.0,0.001,0.043,0.003451,133.46,None,0.0,ETH-5JUL19-440-C,308.11,0.0,0.0,0.0,0.009,150.0,162.68,0.04381,-0.37118,0.00284,0.00158,0.04582
12389.19,BTC-27DEC19,1561633142968,open,0.01,173.5,0.0005,0.0475,0.00724347,118.55,0.004,0.0,BTC-27DEC19-3000-P,11742.59,114.27,0.006,6.4,0.01,13.0,126.83,3.77974,-1.22514,-1.53251,0.0,-0.01745
11778.31,BTC-28JUN19,1561633142974,open,0.06,52.2,0.0615,0.149,0.10524988,126.29,0.14,0.0,BTC-28JUN19-13000-P,11742.59,0.0,0.1,0.3,0.1135,12.0,210.49,0.67688,-42.74067,-0.29569,0.00016,-0.94115
11929.93,SYN.BTC-26JUL19,1561633142992,open,0.0,42.7,0.0005,0.045,0.00483113,127.34,0.005,0.0,BTC-26JUL19-6500-P,11742.59,133.02,0.006,4.4,0.0115,10.0,154.06,2.31039,-5.09448,-0.33282,2e-05,-0.03043
12273.18,BTC-27SEP19,1561633142997,open,0.19,20.7,0.1635,0.26,0.21195551,114.17,0.1955,0.0,BTC-27SEP19-12000-P,11742.59,101.08,0.187,7.4,0.21,0.1,113.14,23.29628,-14.47441,-18.05045,5e-05,-0.37233
12273.18,BTC-27SEP19,1561633143013,open,0.0,46.9,0.0005,0.0415,0.00190551,125.0,0.001,0.0,BTC-27SEP19-3250-P,11742.59,125.9,0.002,7.0,0.0055,15.0,148.95,1.27533,-0.86757,-0.2906,0.0,-0.0075
12389.19,BTC-27DEC19,1561633143019,open,0.5,0.0,0.4835,0.6065,0.544909,122.3,0.4925,0.0,BTC-27DEC19-16000-P,11742.59,0.0,0.004,5.0,0.5525,0.1,125.02,34.65646,-11.58878,-61.46892,4e-05,-0.44535
12389.19,BTC-27DEC19,1561633143019,open,0.04,81.0,0.002,0.085,0.04362713,115.52,0.028,0.0,BTC-27DEC19-5500-P,11742.59,104.52,0.0325,16.8,0.049,10.0,120.52,13.09417,-4.13578,-7.70266,1e-05,-0.08046
11815.51,SYN.BTC-5JUL19,1561633143219,open,0.01,20.1,0.0005,0.0425,0.00282089,124.05,0.007,0.0,BTC-5JUL19-16500-C,11742.59,96.05,0.0005,12.9,0.007,2.8,148.47,1.51958,-11.96725,0.0968,4e-05,0.04079
11815.51,SYN.BTC-5JUL19,1561633143233,open,0.01,20.1,0.0005,0.0425,0.00282089,124.05,0.007,0.0,BTC-5JUL19-16500-C,11742.59,96.05,0.0005,12.9,0.0065,2.5,146.07,1.51958,-11.96725,0.0968,4e-05,0.04079
324.98,ETH-27SEP19,1561633143356,open,0.0,4126.0,0.001,0.044,0.004334,127.3,0.001,0.0,ETH-27SEP19-100-P,308.11,112.27,0.002,236.0,0.008,383.0,143.12,0.06247,-0.04328,-0.01599,0.00018,-0.01521
324.98,ETH-27SEP19,1561633143377,open,0.01,7525.0,0.001,0.056,0.016263,124.51,0.007,0.0,ETH-27SEP19-140-P,308.11,110.68,0.01,400.0,0.021,388.0,133.36,0.16388,-0.11104,-0.05291,0.0005,-0.04841
324.98,ETH-27SEP19,1561633143692,open,0.26,1518.0,0.208,0.287,0.247298,122.5,0.23,0.0,ETH-27SEP19-320-C,308.11,108.7,0.221,250.0,0.24,100.0,118.67,0.6155,-0.41032,0.31326,0.00189,0.63021
11778.1,BTC-28JUN19,1561633143833,open,0.0,990.2,0.0005,0.04,0.0,125.0,0.0005,0.0,BTC-28JUN19-5000-P,11742.59,0.0,0.0,0.0,0.0005,0.3,500.0,0.0,0.0,0.0,0.0,0.0
12389.24,BTC-27DEC19,1561633143942,open,0.68,6.5,0.622,0.7015,0.66183289,116.79,0.54,0.0,BTC-27DEC19-4500-C,11741.83,0.0,0.011,0.1,0.9805,1.0,500.0,9.14023,-2.91855,17.84633,1e-05,0.94934
12274.07,BTC-27SEP19,1561633143942,open,0.01,308.4,0.0005,0.0565,0.01609176,119.11,0.01,0.0,BTC-27SEP19-5500-P,11741.83,110.72,0.012,15.0,0.021,15.0,128.01,6.38035,-4.13596,-2.05086,1e-05,-0.05029
12389.24,BTC-27DEC19,1561633143942,open,0.78,0.0,0.7255,0.805,0.76507559,118.48,None,0.0,BTC-27DEC19-3000-C,11741.83,0.0,0.005,0.6,0.9845,0.5,500.0,3.7735,-1.22237,13.50185,0.0,0.98259
11778.1,BTC-28JUN19,1561633143942,open,0.32,117.7,0.2385,0.318,0.2783345,204.63,0.325,0.0,BTC-28JUN19-8500-C,11741.83,0.0,0.2505,7.5,0.3105,7.5,500.0,0.0098,-1.00224,0.20379,0.0,0.99952
11778.1,BTC-28JUN19,1561633143942,open,0.34,0.0,0.26,0.3395,0.29955995,221.65,None,0.0,BTC-28JUN19-8250-C,11741.83,0.0,0.0015,1.0,0.0,0.0,0.0,0.00889,-0.98505,0.19781,0.0,0.99957
12389.24,BTC-27DEC19,1561633143942,open,0.07,40.1,0.0235,0.103,0.0630456,124.41,0.058,0.0,BTC-27DEC19-40000-C,11741.83,120.89,0.0565,1.0,0.066,14.0,125.95,23.53212,-8.00469,7.66813,2e-05,0.18658
12389.24,BTC-27DEC19,1561633143943,open,0.0,87.9,0.0005,0.042,0.00234466,124.81,0.0055,0.0,BTC-27DEC19-2000-P,11741.83,126.06,0.0025,6.0,0.006,10.0,146.7,1.51434,-0.51677,-0.52455,0.0,-0.00611
11778.1,BTC-28JUN19,1561633143943,open,0.0,278.7,0.0005,0.04,0.0,125.0,0.0005,0.0,BTC-28JUN19-4500-P,11741.83,0.0,0.0,0.0,0.0005,0.5,500.0,0.0,0.0,0.0,0.0,0.0
11778.1,BTC-28JUN19,1561633143943,open,0.21,44.0,0.1325,0.212,0.17222283,132.37,0.267,0.0,BTC-28JUN19-9750-C,11741.83,0.0,0.1495,7.5,0.2055,7.5,500.0,0.02993,-1.98097,0.23346,1e-05,0.9984
11778.1,BTC-28JUN19,1561633143944,open,0.0,884.7,0.0005,0.04,0.0,125.0,0.0005,0.0,BTC-28JUN19-5500-P,11741.83,0.0,0.0,0.0,0.002,20.1,500.0,0.0,0.0,0.0,0.0,0.0
12388.48,BTC-27DEC19,1561633143943,open,0.62,60.5,0.56,0.6395,0.59965021,115.5,0.603,0.0,BTC-27DEC19-5500-C,11741.83,0.0,0.005,1.0,0.978,5.0,500.0,13.09267,-4.13452,19.85577,1e-05,0.91954
12388.48,BTC-27DEC19,1561633143943,open,0.35,145.4,0.2765,0.356,0.31642424,110.9,0.3,0.0,BTC-27DEC19-12000-C,11741.83,104.15,0.299,4.0,0.3295,4.0,116.0,31.8518,-9.6575,21.79234,4e-05,0.66752
12274.07,BTC-27SEP19,1561633143944,open,0.35,8.0,0.3365,0.4475,0.39215712,122.13,0.37,0.0,BTC-27SEP19-15000-P,11741.83,87.77,0.324,5.0,0.9905,0.3,499.83,24.56164,-16.32539,-27.82164,5e-05,-0.50835
12388.48,BTC-27DEC19,1561633143945,open,0.28,116.2,0.2135,0.293,0.25335992,122.27,0.23,0.0,BTC-27DEC19-16000-C,11741.83,103.31,0.2,0.5,0.2555,1.0,123.04,34.65564,-11.58568,18.69496,4e-05,0.55455
12388.48,BTC-27DEC19,1561633143945,open,0.52,93.8,0.455,0.5345,0.49488223,115.51,0.5135,0.0,BTC-27DEC19-7500-C,11741.83,0.0,0.311,3.0,0.523,1.0,132.12,20.73835,-6.54928,21.8409,2e-05,0.84676
11816.45,SYN.BTC-5JUL19,1561633143943,open,0.02,171.1,0.0005,0.0685,0.02779561,126.48,0.032,0.0,BTC-5JUL19-10500-P,11741.83,122.46,0.026,2.6,0.033,10.0,137.88,5.31017,-42.64058,-0.66522,0.00014,-0.23311
12274.07,BTC-27SEP19,1561633143945,open,0.06,39.9,0.006,0.0855,0.04599835,122.1,0.05,0.0,BTC-27SEP19-26000-C,11741.83,115.77,0.038,14.7,0.0525,6.8,126.93,16.10538,-10.70205,4.11089,3e-05,0.17906
11777.34,BTC-28JUN19,1561633143946,open,0.0,465.1,0.0005,0.04,0.0,124.97,0.001,0.0,BTC-28JUN19-8500-P,11741.83,0.0,0.0,0.0,0.004,20.0,415.92,0.0,-1e-05,0.0,0.0,0.0
12274.07,BTC-27SEP19,1561633143946,open,0.73,261.1,0.678,0.7575,0.71755678,124.86,0.714,0.0,BTC-27SEP19-3500-C,11741.83,0.0,0.161,1.0,0.7915,10.0,299.36,1.68027,-1.14172,8.40886,0.0,0.98973
11777.34,BTC-28JUN19,1561633143946,open,0.15,309.5,0.0695,0.149,0.10920995,127.17,0.111,0.0,BTC-28JUN19-10500-C,11741.83,0.0,0.095,0.1,0.321,3.0,500.0,0.3974,-25.26825,0.2431,9e-05,0.96955
11777.34,BTC-28JUN19,1561633143946,open,0.8,24.4,0.748,0.8275,0.78772562,0.0,0.5115,0.0,BTC-28JUN19-2500-C,11741.83,0.0,0.001,10.0,0.0,0.0,0.0,0.0,0.0,0.05998,0.0,1.0
11777.34,BTC-28JUN19,1561633143946,open,0.25,10.5,0.175,0.2545,0.21465862,178.09,0.128,0.0,BTC-28JUN19-9250-C,11741.83,0.0,0.0015,10.0,0.0,0.0,0.0,0.04405,-3.9226,0.22121,1e-05,0.99754
11777.34,BTC-28JUN19,1561633143946,open,0.7,30.0,0.642,0.7215,0.68161816,500.0,0.298,0.0,BTC-28JUN19-3750-C,11741.83,0.0,0.0015,1.0,0.0,0.0,0.0,2e-05,-0.00584,0.08997,0.0,1.0
11777.34,BTC-28JUN19,1561633143947,open,0.13,0.4,0.0495,0.129,0.08905034,126.13,0.2195,0.0,BTC-28JUN19-10750-C,11741.83,0.0,0.0,0.0,0.0,0.0,0.0,0.73787,-46.53177,0.23882,0.00018,0.93426
12273.31,BTC-27SEP19,1561633143947,open,0.65,0.0,0.6525,0.79,0.72135344,122.04,None,0.0,BTC-27SEP19-20000-P,11741.83,0.0,0.004,10.0,1.365,0.2,500.0,21.77185,-14.45979,-43.55307,5e-05,-0.68842
12388.48,BTC-27DEC19,1561633143948,open,0.87,0.0,0.8655,1.0205,0.94296008,122.54,None,0.0,BTC-27DEC19-22000-P,11741.83,0.0,0.005,2.0,1.6745,0.3,500.0,34.08279,-11.41921,-95.17054,4e-05,-0.59032
11777.34,BTC-28JUN19,1561633143949,open,0.0,725.5,0.0005,0.04,6.523e-05,124.94,0.0005,0.0,BTC-28JUN19-10000-P,11741.83,0.0,0.0,0.0,0.002,220.0,204.9,0.05951,-0.76823,-0.00099,1e-05,-0.00343
12273.31,BTC-27SEP19,1561633143950,open,0.68,0.2,0.6205,0.7,0.66021016,124.41,0.26,0.0,BTC-27SEP19-4250-C,11741.83,0.0,0.005,0.1,0.7605,5.0,299.35,3.25081,-2.20089,9.81297,1e-05,0.97785
11777.34,BTC-28JUN19,1561633143950,open,0.0,1107.8,0.0005,0.04,0.0,124.97,0.0005,0.0,BTC-28JUN19-8000-P,11741.83,0.0,0.0,0.0,0.0035,20.0,466.76,0.0,0.0,0.0,0.0,0.0
11930.85,SYN.BTC-26JUL19,1561633143947,open,0.08,14.4,0.026,0.1055,0.06599206,121.38,0.07,0.0,BTC-26JUL19-14500-C,11741.83,121.39,0.066,10.0,0.077,4.8,131.88,12.3556,-25.96838,2.62761,9e-05,0.34438
11816.45,SYN.BTC-5JUL19,1561633143942,open,0.05,247.2,0.0005,0.0755,0.03588046,123.19,0.0495,0.0,BTC-5JUL19-13000-C,11741.83,125.29,0.037,10.0,0.0455,2.7,140.95,6.29391,-49.22435,0.75257,0.00017,0.33104
11930.85,SYN.BTC-26JUL19,1561633143942,open,0.01,0.8,0.0005,0.0495,0.00969919,122.93,0.053,0.0,BTC-26JUL19-21000-C,11741.83,115.29,0.007,4.5,0.0175,4.4,140.09,4.59567,-9.78235,0.58638,3e-05,0.07182
11930.85,SYN.BTC-26JUL19,1561633143942,open,0.01,138.1,0.0005,0.0535,0.01307908,127.83,0.015,0.0,BTC-26JUL19-7500-P,11741.83,123.56,0.0115,10.0,0.019,10.0,142.16,4.5383,-10.04549,-0.79038,3e-05,-0.07066
11930.85,SYN.BTC-26JUL19,1561633143946,open,0.01,125.8,0.0005,0.0485,0.00821962,127.57,0.012,0.0,BTC-26JUL19-7000-P,11741.83,126.79,0.008,14.1,0.0145,10.0,146.93,3.34518,-7.38961,-0.52984,2e-05,-0.04791
11930.85,SYN.BTC-26JUL19,1561633143942,open,0.04,76.8,0.0005,0.072,0.03202545,122.29,0.0405,0.0,BTC-26JUL19-17000-C,11741.83,123.53,0.033,10.0,0.0435,14.6,136.29,9.26907,-19.62688,1.54381,7e-05,0.19559
11816.45,SYN.BTC-5JUL19,1561633143943,open,0.0,9.5,0.0005,0.0415,0.00187448,124.1,0.009,0.0,BTC-5JUL19-17000-C,11741.83,0.0,0.0,0.0,0.0045,2.5,144.59,1.1302,-8.90473,0.06776,3e-05,0.02845
11816.45,SYN.BTC-5JUL19,1561633143942,open,0.01,37.1,0.0005,0.046,0.00621919,123.91,0.0085,0.0,BTC-5JUL19-15500-C,11741.83,118.06,0.005,3.0,0.012,2.8,146.04,2.59945,-20.44837,0.19011,7e-05,0.08078
11777.34,BTC-28JUN19,1561633143952,open,0.0,105.3,0.0005,0.04,1.561e-05,124.95,0.002,0.0,BTC-28JUN19-9750-P,11741.83,0.0,0.0,0.0,0.0015,0.7,218.09,0.01786,-0.18386,-0.00026,0.0,-0.00091
11816.45,SYN.BTC-5JUL19,1561633143947,open,0.03,158.7,0.0005,0.0585,0.01858698,123.58,0.023,0.0,BTC-5JUL19-14000-C,11741.83,125.79,0.0195,10.0,0.0275,2.5,143.99,4.85242,-38.07043,0.46132,0.00013,0.19952
324.97,ETH-27SEP19,1561633143953,open,1.18,0.0,1.171,1.351,1.261083,126.23,None,0.0,ETH-27SEP19-720-P,308.12,0.0,0.0,0.0,0.0,0.0,0.0,0.41835,-0.28739,-1.70744,0.00125,-0.82626
324.97,ETH-27SEP19,1561633143954,open,0.05,10.0,0.006,0.085,0.045358,126.12,0.056,0.0,ETH-27SEP19-720-C,308.12,117.63,0.035,148.0,0.054,148.0,132.61,0.41784,-0.28679,0.10474,0.00125,0.1734
324.97,ETH-27SEP19,1561633143954,open,0.24,259.0,0.222,0.323,0.272475,123.39,0.28,0.0,ETH-27SEP19-340-P,308.12,108.33,0.243,250.0,0.277,250.0,125.72,0.6325,-0.42474,-0.55542,0.00193,-0.40652
11816.45,SYN.BTC-5JUL19,1561633143944,open,0.16,8.0,0.159,0.2555,0.20721251,132.65,0.136,0.0,BTC-5JUL19-14000-P,11741.83,0.0,0.02,0.1,0.0,0.0,0.0,5.13697,-43.26039,-2.51752,0.00013,-0.78018
324.97,ETH-27SEP19,1561633143954,open,0.55,0.0,0.534,0.661,0.597818,125.0,None,0.0,ETH-27SEP19-480-P,308.12,0.0,0.0,0.0,0.0,0.0,0.0,0.62023,-0.42191,-0.99708,0.00187,-0.62112
308.87,ETH-28JUN19,1561633143954,open,0.01,705.0,0.001,0.068,0.027686,131.89,0.04,0.0,ETH-28JUN19-310-P,308.12,19.93,0.006,30.0,0.045,32.0,220.51,0.06034,-3.979,-0.00398,0.01999,-0.50966
324.97,ETH-27SEP19,1561633143954,open,0.82,0.0,0.776,0.855,0.815721,128.1,0.01,0.0,ETH-27SEP19-60-C,308.12,0.0,0.004,5.0,0.0,0.0,0.0,0.00839,-0.00585,0.14944,2e-05,0.99841
324.97,ETH-27SEP19,1561633143954,open,0.16,2026.0,0.105,0.184,0.144576,125.02,0.145,0.0,ETH-27SEP19-440-C,308.12,115.04,0.125,127.0,0.15,127.0,127.77,0.64116,-0.43623,0.23568,0.00193,0.4327
308.87,ETH-28JUN19,1561633143954,open,0.23,540.0,0.151,0.23,0.190554,0.0,0.218,0.0,ETH-28JUN19-250-C,308.12,0.0,0.01,10.0,0.0,0.0,0.0,0.0,0.0,0.006,0.0,1.0
11930.85,SYN.BTC-26JUL19,1561633143949,open,0.28,10.0,0.278,0.384,0.33079244,137.67,0.17,0.0,BTC-26JUL19-15000-P,11741.83,0.0,0.0,0.0,0.0,0.0,0.0,12.37022,-29.48883,-9.30013,8e-05,-0.65453
324.97,ETH-27SEP19,1561633143954,open,0.05,3071.0,0.017,0.101,0.058735,123.72,0.035,0.0,ETH-27SEP19-200-P,308.12,109.9,0.044,386.0,0.061,100.0,125.77,0.35817,-0.24115,-0.16038,0.00109,-0.13733
324.97,ETH-27SEP19,1561633143954,open,0.65,12.0,0.635,0.77,0.70268,125.72,1.193,0.0,ETH-27SEP19-520-P,308.12,0.0,0.0,0.0,0.0,0.0,0.0,0.59302,-0.40573,-1.11988,0.00177,-0.66638
324.97,ETH-27SEP19,1561633143955,open,0.2,1643.0,0.15,0.229,0.189826,124.76,0.239,0.0,ETH-27SEP19-380-C,308.12,110.35,0.161,30.0,0.191,250.0,125.35,0.64915,-0.44076,0.27428,0.00196,0.52514
308.87,ETH-28JUN19,1561633143955,open,0.0,393.0,0.001,0.045,0.005466,131.96,0.001,0.0,ETH-28JUN19-290-P,308.12,0.0,0.0,0.0,0.012,136.0,180.73,0.03633,-1.68825,-0.0012,0.01203,-0.15681
324.97,ETH-27SEP19,1561633143955,open,0.35,1280.0,0.293,0.372,0.332827,123.73,0.4,0.0,ETH-27SEP19-260-C,308.12,0.0,0.06,1.0,0.4,1.0,165.81,0.51978,-0.35,0.34,0.00158,0.74848
324.97,ETH-27SEP19,1561633143955,open,0.13,2518.0,0.081,0.16,0.120804,125.02,0.127,0.0,ETH-27SEP19-480-C,308.12,117.19,0.106,132.0,0.128,132.0,128.77,0.62026,-0.42201,0.21116,0.00187,0.37895
308.87,ETH-28JUN19,1561633143955,open,0.0,27.0,0.001,0.04,8e-06,131.91,0.001,0.0,ETH-28JUN19-250-P,308.12,0.0,0.0,0.0,0.002,3.0,252.89,0.00026,-0.00253,0.0,8e-05,-0.00047
308.87,ETH-28JUN19,1561633143955,open,0.04,129.0,0.031,0.116,0.073777,132.37,0.007,0.0,ETH-28JUN19-330-P,308.12,0.0,0.043,30.0,0.094,30.0,262.08,0.03704,-2.45154,-0.00676,0.01223,-0.83847
308.87,ETH-28JUN19,1561633143955,open,0.13,1375.0,0.056,0.135,0.095139,130.94,0.21,0.0,ETH-28JUN19-280-C,308.12,0.0,0.02,20.0,0.42,13.0,500.0,0.01782,-1.16637,0.00627,0.00594,0.94087
308.87,ETH-28JUN19,1561633143956,open,0.63,50.0,0.572,0.651,0.6115,500.0,0.547,0.0,ETH-28JUN19-120-C,308.12,0.0,0.0,0.0,0.0,0.0,0.0,2e-05,-0.00542,0.00288,0.0,0.99997
324.97,ETH-27SEP19,1561633143956,open,0.46,1740.0,0.404,0.483,0.443313,123.74,0.42,0.0,ETH-27SEP19-200-C,308.12,0.0,0.003,10.0,0.522,10.0,189.86,0.35819,-0.2412,0.34302,0.00109,0.86265
324.97,ETH-27SEP19,1561633143956,open,0.12,809.0,0.088,0.178,0.132876,123.72,0.084,0.0,ETH-27SEP19-260-P,308.12,110.63,0.112,116.0,0.135,216.0,125.04,0.51978,-0.34995,-0.31444,0.00158,-0.25152
308.87,ETH-28JUN19,1561633143956,open,0.0,3084.0,0.001,0.04,0.0,131.88,0.001,0.0,ETH-28JUN19-100-P,308.12,0.0,0.0,0.0,0.003,150.0,500.0,0.0,0.0,0.0,0.0,0.0
308.88,ETH-28JUN19,1561633143956,open,0.6,386.0,0.54,0.619,0.579125,125.0,0.534,0.0,ETH-28JUN19-130-C,308.12,0.0,0.001,50.0,0.0,0.0,0.0,0.0,0.0,0.00312,0.0,1.0
308.88,ETH-28JUN19,1561633143956,open,0.0,6505.0,0.001,0.04,1e-06,131.92,0.001,0.0,ETH-28JUN19-240-P,308.12,0.0,0.0,0.0,0.003,160.0,317.18,3e-05,-0.00019,0.0,1e-05,-4e-05
310.12,SYN.ETH-5JUL19,1561633143954,open,0.29,0.0,0.221,0.3,0.260388,113.07,None,0.0,ETH-5JUL19-230-C,308.12,0.0,0.0,0.0,0.0,0.0,0.0,0.0309,-0.22181,0.04749,0.00132,0.97011
308.88,ETH-28JUN19,1561633143956,open,0.0,10422.0,0.001,0.04,0.0,131.88,0.001,0.0,ETH-28JUN19-200-P,308.12,0.0,0.0,0.0,0.001,10.0,418.24,0.0,0.0,0.0,0.0,0.0
308.88,ETH-28JUN19,1561633143956,open,0.47,1112.0,0.41,0.489,0.449624,125.0,0.49,0.0,ETH-28JUN19-170-C,308.12,0.0,0.0,0.0,0.576,1.0,500.0,0.0,0.0,0.00408,0.0,1.0
310.12,SYN.ETH-5JUL19,1561633143954,open,0.15,70.0,0.09,0.169,0.129885,127.66,0.169,0.0,ETH-5JUL19-280-C,308.12,0.0,0.0,0.0,0.0,0.0,0.0,0.14821,-1.20119,0.04072,0.00559,0.73845
324.98,ETH-27SEP19,1561633143957,open,0.32,1921.0,0.263,0.342,0.302336,123.72,0.3,0.0,ETH-27SEP19-280-C,308.12,104.96,0.27,1.0,0.98,20.0,500.0,0.55905,-0.37641,0.33263,0.0017,0.70896
308.88,ETH-28JUN19,1561633143956,open,0.0,7787.0,0.001,0.04,0.0,131.89,0.001,0.0,ETH-28JUN19-150-P,308.12,0.0,0.0,0.0,0.001,519.0,500.0,0.0,0.0,0.0,0.0,0.0
308.88,ETH-28JUN19,1561633143957,open,0.69,0.0,0.637,0.716,0.67625,250.0,None,0.0,ETH-28JUN19-100-C,308.12,0.0,0.001,50.0,0.0,0.0,0.0,0.0,0.0,0.0024,0.0,1.0
308.88,ETH-28JUN19,1561633143957,open,0.0,8276.0,0.001,0.04,0.0,131.88,0.001,0.0,ETH-28JUN19-500-C,308.12,0.0,0.0,0.0,0.001,574.0,429.16,0.0,0.0,0.0,0.0,0.0
308.88,ETH-28JUN19,1561633143957,open,0.5,924.0,0.442,0.521,0.481949,0.0,0.35,0.0,ETH-28JUN19-160-C,308.12,0.0,0.01,100.0,0.0,0.0,0.0,0.0,0.0,0.00384,0.0,1.0
308.88,ETH-28JUN19,1561633143958,open,0.2,1741.0,0.119,0.198,0.158319,131.88,0.255,0.0,ETH-28JUN19-260-C,308.12,0.0,0.023,100.0,0.0,0.0,0.0,0.00158,-0.10417,0.00621,0.00052,0.99653
310.12,SYN.ETH-5JUL19,1561633143954,open,0.2,0.0,0.137,0.216,0.17668,125.01,None,0.0,ETH-5JUL19-260-C,308.12,0.0,0.0,0.0,0.0,0.0,0.0,0.10453,-0.82953,0.04529,0.00403,0.85355
324.98,ETH-27SEP19,1561633143958,open,0.42,861.0,0.364,0.443,0.403129,123.72,0.45,0.0,ETH-27SEP19-220-C,308.12,0.0,0.006,2.0,0.57,17.0,248.91,0.41861,-0.28186,0.346,0.00127,0.8261
313.83,SYN.ETH-26JUL19,1561633143954,open,0.03,312.0,0.001,0.063,0.023932,125.32,0.022,0.0,ETH-26JUL19-480-C,308.12,123.9,0.023,146.0,0.034,146.0,139.49,0.20735,-0.44996,0.03172,0.00212,0.15169
313.83,SYN.ETH-26JUL19,1561633143954,open,0.4,0.0,0.403,0.519,0.461377,150.2,None,0.0,ETH-26JUL19-440-P,308.12,0.0,0.0,0.0,0.0,0.0,0.0,0.29614,-0.7702,-0.29379,0.00253,-0.72194
308.88,ETH-28JUN19,1561633143958,open,0.0,1239.0,0.001,0.04,0.0,131.84,0.002,0.0,ETH-28JUN19-440-C,308.12,0.0,0.0,0.0,0.001,87.0,331.39,0.0,0.0,0.0,0.0,0.0
324.98,ETH-27SEP19,1561633143958,open,0.08,2867.0,0.034,0.113,0.073123,125.82,0.08,0.0,ETH-27SEP19-600-C,308.12,118.1,0.061,141.0,0.084,141.0,132.42,0.52462,-0.35922,0.14959,0.00157,0.256
313.83,SYN.ETH-26JUL19,1561633143953,open,0.75,0.0,0.751,0.895,0.823057,176.02,None,0.0,ETH-26JUL19-560-P,308.12,0.0,0.0,0.0,0.0,0.0,0.0,0.23019,-0.7016,-0.40837,0.00168,-0.82176
310.12,SYN.ETH-5JUL19,1561633143953,open,0.0,70.0,0.001,0.041,0.001969,133.55,0.011,0.0,ETH-5JUL19-460-C,308.12,0.0,0.0,0.0,0.007,150.0,168.08,0.02923,-0.24785,0.00174,0.00105,0.02796
313.83,SYN.ETH-26JUL19,1561633143954,open,0.29,558.0,0.227,0.306,0.266263,113.49,0.33,0.0,ETH-26JUL19-240-C,308.12,0.0,0.161,1.0,0.0,0.0,0.0,0.21361,-0.41977,0.14277,0.00242,0.84132
310.12,SYN.ETH-5JUL19,1561633143954,open,0.18,0.0,0.113,0.192,0.152192,126.42,None,0.0,ETH-5JUL19-270-C,308.12,0.0,0.0,0.0,0.0,0.0,0.0,0.12783,-1.02593,0.0433,0.00487,0.79923
313.83,SYN.ETH-26JUL19,1561633143957,open,0.2,1048.0,0.2,0.299,0.249679,138.77,0.134,0.0,ETH-26JUL19-360-P,308.12,0.0,0.11,120.0,0.0,0.0,0.0,0.34787,-0.83589,-0.20156,0.00322,-0.56216
12388.48,BTC-27DEC19,1561633144034,open,0.71,27.1,0.655,0.7345,0.69481529,117.26,0.542,0.0,BTC-27DEC19-4000-C,11741.83,0.0,0.0125,0.4,0.718,0.2,150.46,7.21417,-2.31294,16.59741,1e-05,0.96221
308.87,ETH-28JUN19,1561633144223,open,0.03,5332.0,0.001,0.052,0.012036,131.83,0.019,0.0,ETH-28JUN19-320-C,308.12,119.69,0.01,85.0,0.015,122.0,148.81,0.05283,-3.48245,0.00216,0.01751,0.30294
12388.58,BTC-27DEC19,1561633144263,open,0.04,19.0,0.0005,0.077,0.03727484,125.0,0.04,0.0,BTC-27DEC19-52000-C,11741.83,118.75,0.029,6.2,0.041,9.0,127.58,17.46297,-5.96831,5.08745,2e-05,0.11924
308.87,ETH-28JUN19,1561633144277,open,0.03,5332.0,0.001,0.052,0.012036,131.83,0.019,0.0,ETH-28JUN19-320-C,308.12,119.69,0.01,85.0,0.015,125.0,148.81,0.05283,-3.48245,0.00216,0.01751,0.30294
308.87,ETH-28JUN19,1561633144294,open,0.02,150.0,0.007,0.089,0.04807,132.05,0.008,0.0,ETH-28JUN19-320-P,308.12,113.38,0.045,108.0,0.051,133.0,148.61,0.05286,-3.49025,-0.00552,0.01749,-0.69671
11777.34,BTC-28JUN19,1561633144303,open,0.0,685.6,0.0005,0.04,0.0,124.99,0.031,0.0,BTC-28JUN19-2500-P,11741.83,0.0,0.0,0.0,0.004,20.0,500.0,0.0,0.0,0.0,0.0,0.0
308.87,ETH-28JUN19,1561633144303,open,0.02,150.0,0.007,0.089,0.04807,132.05,0.008,0.0,ETH-28JUN19-320-P,308.12,113.38,0.045,108.0,0.051,126.0,148.61,0.05286,-3.49025,-0.00552,0.01749,-0.69671
11816.45,SYN.BTC-5JUL19,1561633144355,open,0.22,5.0,0.2315,0.3335,0.28260231,137.38,0.148,0.0,BTC-5JUL19-15000-P,11741.83,0.0,0.0,0.0,0.0,0.0,0.0,3.8595,-33.66192,-2.91377,9e-05,-0.86021
11777.34,BTC-28JUN19,1561633144385,open,0.0,1270.8,0.0005,0.04,0.0,125.0,0.0005,0.0,BTC-28JUN19-1500-P,11741.83,0.0,0.0,0.0,0.002,30.0,500.0,0.0,0.0,0.0,0.0,0.0
11777.34,BTC-28JUN19,1561633144421,open,0.0,1523.2,0.0005,0.04,0.0,125.02,0.0005,0.0,BTC-28JUN19-20000-C,11741.83,0.0,0.0,0.0,0.0005,13.1,427.75,0.0,0.0,0.0,0.0,0.0
11816.45,SYN.BTC-5JUL19,1561633144463,open,0.2,18.1,0.1285,0.208,0.16817212,118.69,0.2255,0.0,BTC-5JUL19-10000-C,11741.83,0.0,0.105,0.1,0.0,0.0,0.0,4.01322,-30.24082,1.7432,0.00011,0.85187
11930.85,SYN.BTC-26JUL19,1561633144496,open,0.15,89.3,0.089,0.1685,0.1288736,117.61,0.2085,0.0,BTC-26JUL19-12000-C,11741.83,113.22,0.124,4.9,0.143,4.7,130.36,13.24187,-26.96701,4.05795,0.0001,0.5588
11930.85,SYN.BTC-26JUL19,1561633144525,open,0.02,20.0,0.0005,0.053,0.0130981,122.81,0.017,0.0,BTC-26JUL19-20000-C,11741.83,116.94,0.0105,11.5,0.022,5.0,139.46,5.58092,-11.86797,0.75362,4e-05,0.09294
12273.16,BTC-27SEP19,1561633144645,open,0.69,229.1,0.6395,0.719,0.67916395,125.0,0.6475,0.0,BTC-27SEP19-4000-C,11741.83,0.0,0.111,2.0,0.7705,5.0,299.38,2.70134,-1.83765,9.36146,1e-05,0.98219
12273.16,BTC-27SEP19,1561633144711,open,0.02,379.3,0.0005,0.063,0.02241726,118.43,0.01,0.0,BTC-27SEP19-6000-P,11741.83,108.73,0.0165,21.7,0.0275,15.0,125.95,7.95651,-5.12794,-2.75021,2e-05,-0.06661
308.87,ETH-28JUN19,1561633144905,open,0.0,9803.0,0.001,0.04,0.0,131.88,0.001,0.0,ETH-28JUN19-130-P,308.12,0.0,0.0,0.0,0.006,150.0,500.0,0.0,0.0,0.0,0.0,0.0
308.87,ETH-28JUN19,1561633144905,open,0.0,10453.0,0.001,0.04,0.0,131.87,0.001,0.0,ETH-28JUN19-140-P,308.12,0.0,0.0,0.0,0.001,499.0,500.0,0.0,0.0,0.0,0.0,0.0
308.87,ETH-28JUN19,1561633144905,open,0.06,120.0,0.059,0.146,0.1028,131.38,0.019,0.0,ETH-28JUN19-340-P,308.12,0.0,0.072,30.0,0.129,30.0,326.39,0.02079,-1.36578,-0.00764,0.00691,-0.92785
12388.58,BTC-27DEC19,1561633144942,open,0.02,142.1,0.0005,0.058,0.0176772,117.23,0.0205,0.0,BTC-27DEC19-4000-P,11739.47,107.65,0.0125,16.7,0.023,10.0,125.87,7.21086,-2.31126,-3.44129,1e-05,-0.03776
11777.19,BTC-28JUN19,1561633144942,open,0.27,1012.6,0.196,0.2755,0.23587002,194.66,0.345,0.0,BTC-28JUN19-9000-C,11739.47,0.0,0.21,7.5,0.2685,7.5,500.0,0.03762,-3.66106,0.21533,1e-05,0.99794
11777.19,BTC-28JUN19,1561633144942,open,0.09,11.4,0.101,0.192,0.14656327,124.16,0.175,0.0,BTC-28JUN19-13500-P,11739.47,0.0,0.116,2.5,0.1715,2.5,369.82,0.19817,-12.30229,-0.32018,5e-05,-0.9866
12386.22,BTC-27DEC19,1561633144943,open,0.42,422.6,0.344,0.4235,0.38374876,111.74,0.421,0.0,BTC-27DEC19-10000-C,11739.47,100.18,0.3575,4.3,0.3955,4.3,116.94,28.01915,-8.55986,22.56171,3e-05,0.7473
11774.83,BTC-28JUN19,1561633144943,open,0.88,33.8,0.833,0.9125,0.87264499,500.0,0.7145,0.0,BTC-28JUN19-1500-C,11739.47,0.0,0.001,100.0,0.0,0.0,0.0,0.0,0.0,0.03599,0.0,1.0
11774.83,BTC-28JUN19,1561633144943,open,0.0,520.6,0.0005,0.04,0.0,124.99,0.0005,0.0,BTC-28JUN19-2000-P,11739.47,0.0,0.0,0.0,0.001,4.8,500.0,0.0,0.0,0.0,0.0,0.0
11774.83,BTC-28JUN19,1561633144943,open,0.0,17.1,0.0005,0.04,5e-08,125.12,0.0005,0.0,BTC-28JUN19-15500-C,11739.47,0.0,0.0,0.0,0.015,0.1,470.6,0.00011,-0.00062,0.0,0.0,0.0
11774.83,BTC-28JUN19,1561633144943,open,0.1,14.9,0.013,0.0925,0.05269446,126.4,0.0435,0.0,BTC-28JUN19-11250-C,11739.47,106.96,0.05,1.0,0.064,1.0,196.83,1.71396,-108.31878,0.20506,0.00041,0.77859
12386.22,BTC-27DEC19,1561633144943,open,3.02,0.0,3.0655,3.4035,3.23446564,124.28,None,0.0,BTC-27DEC19-52000-P,11739.47,0.0,0.0,0.0,0.0,0.0,0.0,17.20998,-5.84797,-255.53442,2e-05,-0.88317
12386.22,BTC-27DEC19,1561633144944,open,0.39,8.3,0.365,0.478,0.42148066,120.94,0.38,0.0,BTC-27DEC19-14000-P,11739.47,90.69,0.338,5.0,0.4325,0.1,125.01,33.58525,-11.10519,-50.22532,4e-05,-0.38784
11774.83,BTC-28JUN19,1561633144944,open,0.01,205.6,0.0005,0.0765,0.03520855,124.05,0.043,0.0,BTC-28JUN19-12000-P,11739.47,109.54,0.0325,3.5,0.045,1.0,175.45,2.21158,-137.17165,-0.18249,0.00054,-0.61079
12270.8,BTC-27SEP19,1561633144945,open,0.28,33.5,0.273,0.3785,0.32589724,118.15,0.2405,0.0,BTC-27SEP19-14000-P,11739.47,90.2,0.27,5.0,0.3325,0.1,121.46,24.49338,-15.7486,-24.59913,5e-05,-0.47052
11774.83,BTC-28JUN19,1561633144945,open,0.13,4.2,0.1415,0.236,0.1886938,0.0,0.09,0.0,BTC-28JUN19-14000-P,11739.47,0.0,0.0,0.0,0.0,0.0,0.0,0.0,0.0,-0.33588,0.0,-1.0
11774.83,BTC-28JUN19,1561633144945,open,0.0,94.5,0.0005,0.04,0.0,124.98,0.0005,0.0,BTC-28JUN19-3250-P,11739.47,0.0,0.0,0.0,0.0025,20.0,500.0,0.0,0.0,0.0,0.0,0.0
11774.83,BTC-28JUN19,1561633144946,open,0.01,235.3,0.0005,0.064,0.0232187,124.29,0.029,0.0,BTC-28JUN19-11750-P,11739.47,120.61,0.0225,2.5,0.0345,1.1,182.15,2.29601,-142.6898,-0.14047,0.00056,-0.47404
11774.83,BTC-28JUN19,1561633144945,open,0.84,20.1,0.7905,0.87,0.83018237,500.0,0.578,0.0,BTC-28JUN19-2000-C,11739.47,0.0,0.001,10.0,0.0,0.0,0.0,0.0,0.0,0.04798,0.0,1.0
12386.22,BTC-27DEC19,1561633144945,open,0.09,141.6,0.0365,0.116,0.0760569,123.94,0.0875,0.0,BTC-27DEC19-36000-C,11739.47,117.45,0.063,1.0,0.0825,10.0,126.98,25.85181,-8.76003,8.83436,3e-05,0.21841
11774.83,BTC-28JUN19,1561633144946,open,0.76,43.6,0.7055,0.785,0.74527355,500.0,0.6755,0.0,BTC-28JUN19-3000-C,11739.47,0.0,0.001,10.0,0.0,0.0,0.0,0.0,-5e-05,0.07197,0.0,1.0
11774.83,BTC-28JUN19,1561633144946,open,0.21,4.6,0.223,0.3245,0.27363286,0.0,0.6335,0.0,BTC-28JUN19-15000-P,11739.47,0.0,0.0,0.0,0.0,0.0,0.0,0.0,0.0,-0.35987,0.0,-1.0
11774.83,BTC-28JUN19,1561633144947,open,0.0,41.4,0.0005,0.04,0.0,124.93,0.0005,0.0,BTC-28JUN19-8250-P,11739.47,0.0,0.0,0.0,0.002,20.0,392.02,0.0,0.0,0.0,0.0,0.0
12386.22,BTC-27DEC19,1561633144947,open,0.1,192.1,0.0565,0.144,0.1002604,115.46,0.102,0.0,BTC-27DEC19-7500-P,11739.47,103.2,0.08,10.0,0.099,2.0,114.71,20.73774,-6.54675,-15.7342,2e-05,-0.15328
12270.8,BTC-27SEP19,1561633144948,open,1.51,0.0,1.528,1.7385,1.63323073,123.49,None,0.0,BTC-27SEP19-32000-P,11739.47,0.0,0.0,0.0,0.0,0.0,0.0,11.42439,-7.67797,-77.99775,2e-05,-0.892
11815.48,SYN.BTC-5JUL19,1561633144942,open,0.0,262.1,0.0005,0.045,0.00507278,126.16,0.0045,0.0,BTC-5JUL19-9000-P,11739.47,119.59,0.004,12.6,0.0095,10.0,147.92,2.0463,-16.38998,-0.1639,5e-05,-0.05922
11774.83,BTC-28JUN19,1561633144948,open,0.72,143.0,0.663,0.7425,0.70281914,500.0,0.55,0.0,BTC-28JUN19-3500-C,11739.47,0.0,0.001,10.0,0.0,0.0,0.0,1e-05,-0.00146,0.08397,0.0,1.0
11774.83,BTC-28JUN19,1561633144948,open,0.0,538.1,0.0005,0.04,0.0,124.98,0.0005,0.0,BTC-28JUN19-4000-P,11739.47,0.0,0.0,0.0,0.004,20.0,500.0,0.0,0.0,0.0,0.0,0.0
11774.83,BTC-28JUN19,1561633144949,open,0.61,0.6,0.6305,0.766,0.69817633,0.0,1.1775,0.0,BTC-28JUN19-20000-P,11739.47,0.0,0.001,100.0,0.0,0.0,0.0,0.0,0.0,-0.47983,0.0,-1.0
12386.22,BTC-27DEC19,1561633144949,open,0.85,0.0,0.801,0.8805,0.84090488,125.04,None,0.0,BTC-27DEC19-2000-C,11739.47,0.0,0.0125,0.3,0.988,0.5,500.0,1.52624,-0.52178,9.49084,0.0,0.99384
11774.83,BTC-28JUN19,1561633144949,open,0.4,149.4,0.3235,0.403,0.36318388,339.78,0.46,0.0,BTC-28JUN19-7500-C,11739.47,0.0,0.2005,0.1,0.5,0.1,500.0,0.04649,-7.89821,0.17916,0.0,0.99739
12386.22,BTC-27DEC19,1561633144949,open,0.45,3.2,0.4245,0.5425,0.48359665,122.1,0.3575,0.0,BTC-27DEC19-15000-P,11739.47,89.21,0.3915,5.0,0.4845,0.1,122.43,34.20975,-11.42031,-55.86505,4e-05,-0.4166
12386.22,BTC-27DEC19,1561633144949,open,0.57,63.0,0.5045,0.584,0.5444357,115.54,0.543,0.0,BTC-27DEC19-6500-C,11739.47,0.0,0.0,0.0,0.976,2.0,500.0,17.07965,-5.3953,21.09838,2e-05,0.88441
12270.8,BTC-27SEP19,1561633144950,open,0.62,793.2,0.565,0.6445,0.60498274,123.23,0.5945,0.0,BTC-27SEP19-5000-C,11739.47,0.0,0.11,1.0,0.619,0.1,150.68,5.20741,-3.49217,10.99348,1e-05,0.9609
12386.22,BTC-27DEC19,1561633144950,open,1.28,0.1,1.28,1.4695,1.37498633,122.43,2.02,0.0,BTC-27DEC19-28000-P,11739.47,0.0,0.0,0.0,0.0,0.0,0.0,30.74406,-10.29079,-128.4135,3e-05,-0.69424
12386.22,BTC-27DEC19,1561633144950,open,2.73,0.0,2.7625,3.0755,2.91883867,124.54,None,0.0,BTC-27DEC19-48000-P,11739.47,0.0,0.0,0.0,0.0,0.0,0.0,19.18531,-6.53251,-234.72333,2e-05,-0.86345
11774.83,BTC-28JUN19,1561633144951,open,0.36,576.9,0.281,0.3605,0.32072947,296.77,0.404,0.0,BTC-28JUN19-8000-C,11739.47,0.0,0.29,7.5,0.351,7.5,500.0,0.05514,-8.18217,0.191,1e-05,0.99685
11929.9,SYN.BTC-26JUL19,1561633144942,open,0.0,97.0,0.0005,0.0425,0.00261386,127.13,0.0015,0.0,BTC-26JUL19-6000-P,11739.47,133.68,0.0035,14.6,0.008,10.0,157.35,1.47322,-3.24306,-0.19292,1e-05,-0.01783
11929.9,SYN.BTC-26JUL19,1561633144949,open,0.07,168.7,0.0405,0.1265,0.08360272,129.01,0.095,0.0,BTC-26JUL19-10500-P,11739.47,115.99,0.071,10.0,0.084,4.8,129.42,11.61217,-25.94048,-3.59135,8e-05,-0.29692
11774.83,BTC-28JUN19,1561633144952,open,0.17,0.0,0.182,0.28,0.2311838,0.0,None,0.0,BTC-28JUN19-14500-P,11739.47,0.0,0.0115,2.0,0.0,0.0,0.0,0.0,0.0,-0.34788,0.0,-1.0
11815.48,SYN.BTC-5JUL19,1561633144943,open,0.24,15.0,0.1635,0.243,0.20315782,115.78,0.2295,0.0,BTC-5JUL19-9500-C,11739.47,0.0,0.003,0.1,0.0,0.0,0.0,2.71811,-19.9798,1.81295,8e-05,0.91427
11929.9,SYN.BTC-26JUL19,1561633144944,open,0.41,0.0,0.4165,0.534,0.4754621,144.25,None,0.0,BTC-26JUL19-17000-P,11739.47,0.0,0.0,0.0,0.0,0.0,0.0,10.6949,-26.71358,-11.55246,7e-05,-0.74858
11929.9,SYN.BTC-26JUL19,1561633144946,open,0.11,33.6,0.0475,0.127,0.08740259,120.91,0.094,0.0,BTC-26JUL19-13500-C,11739.47,122.81,0.0895,10.0,0.0985,4.8,130.95,13.13813,-27.50613,3.16991,0.0001,0.42327
308.87,ETH-28JUN19,1561633144957,open,0.35,770.0,0.281,0.36,0.320102,131.88,0.237,0.0,ETH-28JUN19-210-C,308.05,0.0,0.0,0.0,0.0,0.0,0.0,0.0,0.0,0.00504,0.0,1.0
324.98,ETH-27SEP19,1561633144957,open,0.18,2954.0,0.134,0.213,0.173537,125.01,0.17,0.0,ETH-27SEP19-400-C,308.05,110.23,0.144,30.0,0.174,250.0,125.24,0.65036,-0.44246,0.26132,0.00196,0.49299
308.87,ETH-28JUN19,1561633144957,open,0.32,1722.0,0.248,0.327,0.287726,131.88,0.3,0.0,ETH-28JUN19-220-C,308.05,0.0,0.0,0.0,0.406,1.0,500.0,0.0,0.0,0.00528,0.0,1.0
324.98,ETH-27SEP19,1561633144957,open,0.09,759.0,0.047,0.126,0.086391,125.74,0.1,0.0,ETH-27SEP19-560-C,308.05,115.96,0.07,138.0,0.096,138.0,131.24,0.56002,-0.38321,0.16829,0.00168,0.29212
308.87,ETH-28JUN19,1561633144957,open,0.41,553.0,0.345,0.424,0.384854,131.84,0.28,0.0,ETH-28JUN19-190-C,308.05,0.0,0.0,0.0,0.0,0.0,0.0,0.0,0.0,0.00456,0.0,1.0
308.87,ETH-28JUN19,1561633144957,open,0.18,60.0,0.182,0.279,0.230264,0.0,0.088,0.0,ETH-28JUN19-380-P,308.05,0.0,0.0,0.0,0.0,0.0,0.0,0.0,0.0,-0.00912,0.0,-1.0
324.98,ETH-27SEP19,1561633144957,open,0.0,389.0,0.001,0.04,0.000364,128.53,0.002,0.0,ETH-27SEP19-60-P,308.05,0.0,0.0,0.0,0.004,400.0,177.91,0.00858,-0.006,-0.00163,3e-05,-0.00163
324.91,ETH-27SEP19,1561633144958,open,0.38,2153.0,0.327,0.406,0.366342,123.78,0.4,0.0,ETH-27SEP19-240-C,308.05,0.0,0.001,2.0,0.45,1.0,180.57,0.47288,-0.31853,0.34456,0.00144,0.78765
308.87,ETH-28JUN19,1561633144958,open,0.0,1389.0,0.001,0.04,0.0,131.88,0.001,0.0,ETH-28JUN19-230-P,308.05,0.0,0.0,0.0,0.006,150.0,419.58,0.0,-1e-05,0.0,0.0,0.0
324.91,ETH-27SEP19,1561633144958,open,0.28,82.0,0.263,0.367,0.31484,124.02,0.22,0.0,ETH-27SEP19-360-P,308.05,56.28,0.18,110.0,0.35,2.0,141.87,0.6434,-0.43424,-0.61886,0.00195,-0.44185
324.91,ETH-27SEP19,1561633144959,open,0.11,934.0,0.063,0.142,0.102575,125.77,0.112,0.0,ETH-27SEP19-520-C,308.05,121.02,0.094,3.0,0.11,135.0,129.81,0.59294,-0.40583,0.18899,0.00177,0.33366
308.87,ETH-28JUN19,1561633144958,open,0.02,1309.0,0.001,0.045,0.005307,131.88,0.007,0.0,ETH-28JUN19-330-C,308.05,99.18,0.002,175.0,0.012,175.0,180.42,0.0369,-1.63926,0.00115,0.01222,0.16057
308.87,ETH-28JUN19,1561633144958,open,0.0,7876.0,0.001,0.04,0.0,131.87,0.001,0.0,ETH-28JUN19-170-P,308.05,0.0,0.0,0.0,0.001,200.0,500.0,0.0,0.0,0.0,0.0,0.0
308.87,ETH-28JUN19,1561633144959,open,0.26,1031.0,0.183,0.262,0.222975,131.88,0.336,0.0,ETH-28JUN19-240-C,308.05,0.0,0.002,10.0,0.325,1.0,500.0,3e-05,-0.00171,0.00576,1e-05,0.99996
308.87,ETH-28JUN19,1561633144959,open,0.0,3085.0,0.001,0.04,7e-05,131.88,0.001,0.0,ETH-28JUN19-260-P,308.05,0.0,0.0,0.0,0.006,150.0,276.55,0.00158,-0.02164,-3e-05,0.00052,-0.00348
308.87,ETH-28JUN19,1561633144959,open,0.12,59.0,0.12,0.212,0.165746,131.88,0.087,0.0,ETH-28JUN19-360-P,308.05,0.0,0.001,102.0,0.0,0.0,0.0,0.00391,-0.25807,-0.00857,0.0013,-0.99034
308.87,ETH-28JUN19,1561633144959,open,0.72,0.0,0.669,0.748,0.708615,250.0,None,0.0,ETH-28JUN19-90-C,308.05,0.0,0.0,0.0,0.0,0.0,0.0,0.0,0.0,0.00216,0.0,1.0
308.87,ETH-28JUN19,1561633144959,open,0.0,2027.0,0.001,0.04,0.0,131.88,0.001,0.0,ETH-28JUN19-90-P,308.05,0.0,0.0,0.0,0.003,150.0,500.0,0.0,0.0,0.0,0.0,0.0
308.87,ETH-28JUN19,1561633144959,open,0.0,1075.0,0.001,0.041,0.001724,131.88,0.005,0.0,ETH-28JUN19-280-P,308.05,0.0,0.0,0.0,0.007,150.0,193.31,0.01811,-0.53264,-0.00046,0.006,-0.06039
308.87,ETH-28JUN19,1561633144960,open,0.0,8702.0,0.001,0.04,0.0,131.88,0.001,0.0,ETH-28JUN19-180-P,308.05,0.0,0.0,0.0,0.001,300.0,500.0,0.0,0.0,0.0,0.0,0.0
308.87,ETH-28JUN19,1561633144960,open,0.75,0.0,0.701,0.78,0.741,500.0,None,0.0,ETH-28JUN19-80-C,308.05,0.0,0.001,20.0,0.0,0.0,0.0,0.0,0.0,0.00192,0.0,1.0
324.91,ETH-27SEP19,1561633144960,open,0.01,8150.0,0.001,0.049,0.009015,125.7,0.003,0.0,ETH-27SEP19-120-P,308.05,111.72,0.005,150.0,0.013,400.0,136.59,0.10804,-0.07391,-0.03114,0.00032,-0.02907
324.91,ETH-27SEP19,1561633144960,open,0.65,47.0,0.6,0.679,0.63975,125.91,0.689,0.0,ETH-27SEP19-120-C,308.05,0.0,0.02,2.0,0.0,0.0,0.0,0.10846,-0.07432,0.27075,0.00032,0.9708
308.87,ETH-28JUN19,1561633144960,open,0.05,1086.0,0.001,0.064,0.024007,131.79,0.115,0.0,ETH-28JUN19-310-C,308.05,59.97,0.01,1.0,0.18,2.0,500.0,0.06034,-3.97595,0.00346,0.02,0.49031
310.12,SYN.ETH-5JUL19,1561633144957,open,0.03,234.0,0.001,0.066,0.026767,132.72,0.025,0.0,ETH-5JUL19-360-C,308.05,122.3,0.022,134.0,0.031,111.0,141.58,0.14543,-1.22535,0.01508,0.00528,0.2522
324.91,ETH-27SEP19,1561633144960,open,0.5,743.0,0.448,0.527,0.487028,123.82,0.47,0.0,ETH-27SEP19-180-C,308.05,0.0,0.222,100.0,0.609,10.0,238.81,0.29354,-0.1978,0.3348,0.00089,0.8964
308.87,ETH-28JUN19,1561633144960,open,0.0,5711.0,0.001,0.04,0.0,131.87,0.001,0.0,ETH-28JUN19-160-P,308.05,0.0,0.0,0.0,0.001,10.0,500.0,0.0,0.0,0.0,0.0,0.0
308.87,ETH-28JUN19,1561633144960,open,0.16,129.0,0.087,0.166,0.126256,131.88,0.262,0.0,ETH-28JUN19-270-C,308.05,0.0,0.03,2.0,0.0,0.0,0.0,0.00645,-0.42559,0.00635,0.00214,0.98276
310.12,SYN.ETH-5JUL19,1561633144957,open,0.08,146.0,0.023,0.102,0.062708,130.56,0.065,0.0,ETH-5JUL19-320-C,308.05,120.79,0.057,106.0,0.103,50.0,199.35,0.18132,-1.50285,0.02746,0.00669,0.47302
313.83,SYN.ETH-26JUL19,1561633144957,open,0.05,1093.0,0.022,0.106,0.064344,130.63,0.054,0.0,ETH-26JUL19-260-P,308.05,112.89,0.049,297.0,0.065,313.0,131.38,0.27643,-0.62527,-0.07637,0.00272,-0.24325
310.12,SYN.ETH-5JUL19,1561633144957,open,0.01,287.0,0.001,0.052,0.012354,134.49,0.005,0.0,ETH-5JUL19-250-P,308.05,104.5,0.005,249.0,0.012,92.0,133.25,0.08956,-0.76471,-0.00866,0.00321,-0.1171
310.12,SYN.ETH-5JUL19,1561633144957,open,0.06,245.0,0.012,0.091,0.051768,132.12,0.05,0.0,ETH-5JUL19-330-C,308.05,121.99,0.046,118.0,0.064,118.0,153.39,0.17727,-1.48691,0.02409,0.00647,0.41172
310.12,SYN.ETH-5JUL19,1561633144957,open,0.0,0.0,0.001,0.043,0.002906,135.79,None,0.0,ETH-5JUL19-220-P,308.05,0.0,0.0,0.0,0.004,112.0,144.72,0.03462,-0.29847,-0.00249,0.00123,-0.0343
310.12,SYN.ETH-5JUL19,1561633144958,open,0.02,48.0,0.001,0.077,0.036386,135.17,0.026,0.0,ETH-5JUL19-280-P,308.05,113.24,0.026,110.0,0.036,107.0,134.38,0.15053,-1.29176,-0.02048,0.00537,-0.26967
310.12,SYN.ETH-5JUL19,1561633144957,open,0.0,32.0,0.001,0.048,0.008024,134.92,0.004,0.0,ETH-5JUL19-240-P,308.05,98.98,0.002,102.0,0.009,123.0,139.2,0.06893,-0.59044,-0.00602,0.00246,-0.0819
313.83,SYN.ETH-26JUL19,1561633144959,open,0.1,1905.0,0.058,0.137,0.0971,115.81,0.145,0.0,ETH-26JUL19-340-C,308.05,119.3,0.101,184.0,0.115,10.0,131.79,0.35094,-0.70377,0.09182,0.00389,0.46694
310.12,SYN.ETH-5JUL19,1561633144957,open,0.01,43.0,0.001,0.045,0.00595,133.32,0.016,0.0,ETH-5JUL19-420-C,308.05,116.23,0.003,150.0,0.008,100.0,142.58,0.06344,-0.5369,0.00451,0.00229,0.07341
308.8,ETH-28JUN19,1561633144962,open,0.38,2169.0,0.313,0.392,0.352478,330.81,0.4,0.0,ETH-28JUN19-200-C,308.05,0.0,0.001,10.0,0.0,0.0,0.0,0.00133,-0.22023,0.00478,0.00018,0.99713
313.83,SYN.ETH-26JUL19,1561633144958,open,0.0,559.0,0.001,0.043,0.003503,131.36,0.002,0.0,ETH-26JUL19-160-P,308.05,108.03,0.001,172.0,0.007,331.0,150.27,0.04689,-0.10664,-0.00641,0.00046,-0.02231
310.12,SYN.ETH-5JUL19,1561633144957,open,0.08,169.0,0.076,0.164,0.120145,139.57,0.047,0.0,ETH-5JUL19-330-P,308.05,98.55,0.097,1.0,0.113,102.0,127.08,0.17811,-1.57823,-0.04682,0.00615,-0.57949
310.12,SYN.ETH-5JUL19,1561633144957,open,0.01,115.0,0.001,0.047,0.007756,133.25,0.024,0.0,ETH-5JUL19-410-C,308.05,115.17,0.004,150.0,0.01,107.0,141.94,0.07518,-0.63599,0.00564,0.00272,0.09199
313.83,SYN.ETH-26JUL19,1561633144960,open,0.45,0.0,0.386,0.465,0.42532,0.0,None,0.0,ETH-26JUL19-180-C,308.05,0.0,0.0,0.0,0.0,0.0,0.0,0.0,0.0,0.1424,0.0,1.0
310.12,SYN.ETH-5JUL19,1561633144957,open,0.05,87.0,0.036,0.121,0.078164,133.95,0.05,0.0,ETH-5JUL19-310-P,308.05,111.39,0.065,101.0,0.074,2.0,126.81,0.18082,-1.53771,-0.03601,0.00651,-0.46004
313.83,SYN.ETH-26JUL19,1561633144958,open,0.25,496.0,0.183,0.262,0.222583,115.3,0.3,0.0,ETH-26JUL19-260-C,308.05,0.0,0.0,0.0,0.32,11.0,222.43,0.26733,-0.53372,0.13618,0.00298,0.77108
310.12,SYN.ETH-5JUL19,1561633144957,open,0.01,350.0,0.001,0.05,0.010057,133.17,0.024,0.0,ETH-5JUL19-400-C,308.05,117.19,0.006,149.0,0.013,116.0,142.94,0.08811,-0.7449,0.00698,0.00319,0.11443
310.12,SYN.ETH-5JUL19,1561633144957,open,0.11,93.0,0.052,0.131,0.0917,129.01,0.183,0.0,ETH-5JUL19-300-C,308.05,0.0,0.001,15.0,0.177,6.0,279.81,0.17524,-1.43522,0.03444,0.00655,0.60634
313.83,SYN.ETH-26JUL19,1561633144959,open,0.12,1248.0,0.079,0.158,0.118645,113.65,0.17,0.0,ETH-26JUL19-320-C,308.05,119.35,0.125,192.0,0.215,11.0,200.94,0.35043,-0.68962,0.10447,0.00396,0.53942
313.83,SYN.ETH-26JUL19,1561633144960,open,0.15,68.0,0.15,0.245,0.197852,131.32,0.104,0.0,ETH-26JUL19-340-P,308.05,18.97,0.085,120.0,0.192,182.0,126.11,0.35197,-0.80036,-0.17644,0.00344,-0.51281
313.83,SYN.ETH-26JUL19,1561633144960,open,0.1,589.0,0.076,0.165,0.120429,129.57,0.1,0.0,ETH-26JUL19-300-P,308.05,110.51,0.1,189.0,0.119,176.0,128.23,0.33605,-0.75395,-0.1242,0.00333,-0.37983
310.12,SYN.ETH-5JUL19,1561633144957,open,0.02,1264.0,0.001,0.052,0.012968,133.08,0.011,0.0,ETH-5JUL19-390-C,308.05,123.57,0.01,156.0,0.015,101.0,139.07,0.102,-0.86179,0.00858,0.00369,0.14125
313.83,SYN.ETH-26JUL19,1561633144960,open,0.11,298.0,0.109,0.2,0.154646,128.32,0.078,0.0,ETH-26JUL19-320-P,308.05,109.81,0.134,174.0,0.153,178.0,126.84,0.34934,-0.7762,-0.15003,0.00349,-0.44965
313.83,SYN.ETH-26JUL19,1561633144963,open,0.25,504.0,0.247,0.35,0.298431,140.78,0.168,0.0,ETH-26JUL19-380-P,308.05,0.0,0.138,120.0,0.0,0.0,0.0,0.33812,-0.82422,-0.2261,0.00308,-0.61224
313.83,SYN.ETH-26JUL19,1561633144967,open,0.03,643.0,0.002,0.084,0.043264,130.72,0.035,0.0,ETH-26JUL19-240-P,308.05,117.84,0.034,137.0,0.045,304.0,133.05,0.23205,-0.52522,-0.05556,0.00228,-0.18052
12270.8,BTC-27SEP19,1561633144971,open,0.43,901.9,0.371,0.4505,0.41064608,116.73,0.4725,0.0,BTC-27SEP19-8000-C,11739.47,59.16,0.356,1.0,0.4775,2.0,169.76,14.55039,-9.24358,13.47489,3e-05,0.84691
12386.22,BTC-27DEC19,1561633144978,open,1.14,0.0,1.1395,1.317,1.22832028,122.44,None,0.0,BTC-27DEC19-26000-P,11739.47,0.0,0.004,10.0,1.99,0.2,500.0,31.99371,-10.71032,-117.40854,3e-05,-0.66358
324.91,ETH-27SEP19,1561633144978,open,0.32,1921.0,0.263,0.342,0.302335,123.77,0.3,0.0,ETH-27SEP19-280-C,308.05,104.43,0.269,1.0,0.98,20.0,500.0,0.55902,-0.37655,0.33247,0.0017,0.70886
12386.22,BTC-27DEC19,1561633144980,open,0.5,0.0,0.4835,0.6065,0.54486277,122.2,0.4925,0.0,BTC-27DEC19-16000-P,11739.47,0.0,0.004,5.0,0.553,0.1,125.11,34.65234,-11.5778,-61.47293,4e-05,-0.4457
12270.8,BTC-27SEP19,1561633144984,open,0.53,1.0,0.5205,0.6465,0.58359799,121.93,1.5815,0.0,BTC-27SEP19-18000-P,11739.47,0.0,0.004,0.3,1.215,0.3,500.0,23.33129,-15.48196,-37.35155,5e-05,-0.62569
11774.83,BTC-28JUN19,1561633145013,open,0.01,235.3,0.0005,0.064,0.0232187,124.29,0.029,0.0,BTC-28JUN19-11750-P,11739.47,120.61,0.0225,6.8,0.0345,1.1,182.15,2.29601,-142.6898,-0.14047,0.00056,-0.47404
310.12,SYN.ETH-5JUL19,1561633145061,open,0.08,169.0,0.076,0.164,0.120145,139.57,0.047,0.0,ETH-5JUL19-330-P,308.05,98.55,0.097,1.0,0.113,100.0,127.08,0.17811,-1.57823,-0.04682,0.00615,-0.57949
310.12,SYN.ETH-5JUL19,1561633145082,open,0.0,32.0,0.001,0.048,0.008024,134.92,0.004,0.0,ETH-5JUL19-240-P,308.05,98.98,0.002,102.0,0.009,122.0,139.2,0.06893,-0.59044,-0.00602,0.00246,-0.0819
313.83,SYN.ETH-26JUL19,1561633145091,open,0.0,559.0,0.001,0.043,0.003503,131.36,0.002,0.0,ETH-26JUL19-160-P,308.05,108.03,0.001,172.0,0.007,330.0,150.27,0.04689,-0.10664,-0.00641,0.00046,-0.02231
310.12,SYN.ETH-5JUL19,1561633145101,open,0.02,48.0,0.001,0.077,0.036386,135.17,0.026,0.0,ETH-5JUL19-280-P,308.05,113.24,0.026,110.0,0.036,106.0,134.38,0.15053,-1.29176,-0.02048,0.00537,-0.26967
313.83,SYN.ETH-26JUL19,1561633145119,open,0.06,899.0,0.017,0.096,0.056209,124.07,0.06,0.0,ETH-26JUL19-400-C,308.05,122.78,0.055,132.0,0.069,132.0,136.8,0.30751,-0.66066,0.06083,0.00318,0.3013
310.12,SYN.ETH-5JUL19,1561633145137,open,0.09,119.0,0.035,0.114,0.07442,127.08,0.061,0.0,ETH-5JUL19-310-C,308.05,121.01,0.071,118.0,0.109,1.0,186.29,0.18091,-1.45952,0.03101,0.00686,0.53799
