underlying_price,underlying_index,timestamp,state,settlement_price,open_interest,min_price,max_price,mark_price,mark_iv,last_price,interest_rate,instrument_name,index_price,bid_iv,best_bid_price,best_bid_amount,best_ask_price,best_ask_amount,ask_iv,vega,theta,rho,gamma,delta
5308.54,BTC-27SEP19,1555757939991,open,0.02,710.0,0.00742182,0.04014261,0.02437669,69.84,0.025,0.0,BTC-27SEP19-10000-C,5313.9,68.45,0.0225,46.0,0.0265,12.0,71.35,7.3272,-1.60039,2.39457,8e-05,0.12736
5305.54,BTC-28JUN19,1555757939993,open,0.01,1173.9,0.00300534,0.0196164,0.01017604,63.59,0.0095,0.0,BTC-28JUN19-8000-C,5313.9,62.61,0.0095,3.0,0.011,1.0,64.75,3.70342,-1.70966,0.7865,0.00011,0.08873
5305.54,BTC-28JUN19,1555757939993,open,0.51,24.6,0.51086316,0.52747422,0.51803103,63.59,0.609,0.0,BTC-28JUN19-8000-P,5313.9,0.0,0.0005,0.4,0.0,0.0,0.0,3.7029,-1.70931,-14.30968,0.00011,-0.91128
5313.9,index_price,1555757940006,open,0.3,225.9,0.29430362,0.29431849,0.29440015,100.0,0.282,0,BTC-26APR19-3750-C,5313.9,0.0,0.0005,25.2,0.3835,0.1,483.32,0.05178,-0.44065,0.60147,1e-05,0.99753
5308.54,BTC-27SEP19,1555757940006,open,0.08,87.3,0.05229696,0.22315224,0.07885423,61.48,0.08,0.0,BTC-27DEC19-4000-P,5313.9,60.28,0.076,14.6,0.0815,9.6,62.59,12.64616,-1.5496,-10.50074,0.00011,-0.20894
5313.9,index_price,1555757940006,open,0.05,77.1,0.05175838,0.09840304,0.05335912,51.21,0.056,0,BTC-31MAY19-5500-C,5313.9,49.05,0.0505,9.6,0.0555,10.0,52.82,7.04739,-4.41435,2.38507,0.00044,0.45415
5313.9,index_price,1555757940014,open,0.44,5.9,0.4354429,0.4354429,0.43544296,100.0,0.4005,0,BTC-26APR19-3000-C,5313.9,0.0,0.0005,20.2,0.0,0.0,0.0,8e-05,-0.00067,0.48293,0.0,1.0
5308.54,BTC-27SEP19,1555757940014,open,0.01,153.8,0.00383096,0.08240241,0.01399674,65.84,0.016,0.0,BTC-27DEC19-2500-P,5313.9,63.39,0.012,12.0,0.016,12.0,68.14,4.48275,-0.58825,-2.30674,4e-05,-0.04922
5308.54,BTC-27SEP19,1555757940024,open,0.08,41.2,0.0426782,0.26042783,0.07870713,63.4,0.0855,0.0,BTC-27DEC19-8000-C,5313.9,63.68,0.0795,0.1,0.0845,10.0,65.39,15.35821,-1.94076,8.16354,0.00013,0.30244
5308.54,BTC-27SEP19,1555757940024,open,0.06,70.5,0.02560945,0.22912798,0.06199985,66.01,0.063,0.0,BTC-27DEC19-9000-C,5313.9,65.04,0.0595,9.6,0.0645,10.0,66.96,13.82843,-1.81922,6.66881,0.00011,0.24477
5313.9,index_price,1555757940035,open,0.01,51.0,0.00266404,0.0204872,0.00528095,57.84,0.006,0,BTC-31MAY19-4000-P,5313.9,55.77,0.0045,5.0,0.0055,0.5,58.39,2.08741,-1.47685,-0.38185,0.00011,-0.05888
5308.54,BTC-27SEP19,1555757940035,open,0.05,72.5,0.0274064,0.17054629,0.04882709,62.28,0.063,0.0,BTC-27DEC19-3500-P,5313.9,61.03,0.0465,17.0,0.051,12.0,63.43,9.95877,-1.2361,-7.01578,8e-05,-0.14345
5313.9,index_price,1555757940047,open,0.01,229.0,0.00552988,0.01866883,0.00574201,50.68,0.0065,0,BTC-26APR19-5000-P,5313.9,46.56,0.0045,16.0,0.0065,16.0,53.05,1.66556,-7.18318,-0.14501,0.00072,-0.16378
5308.54,BTC-27SEP19,1555757940049,open,1.65,0.0,1.63941659,1.76793857,1.66170666,74.7,None,0.0,BTC-27DEC19-14000-P,5313.9,0.0,0.0005,0.2,0.0,0.0,0.0,7.9757,-1.18738,-93.30497,6e-05,-0.89549
5308.54,BTC-27SEP19,1555757940051,open,0.08,32.8,0.06844224,0.12580529,0.08279088,60.61,0.0785,0.0,BTC-27SEP19-4500-P,5313.9,59.1,0.0795,3.0,0.0845,9.6,61.39,11.61894,-2.20241,-8.2056,0.00016,-0.2701
5308.54,BTC-27SEP19,1555757940051,open,0.05,940.8,0.02709188,0.08003737,0.05032619,66.46,0.0485,0.0,BTC-27SEP19-8000-C,5313.9,63.82,0.045,19.6,0.0495,9.6,66.06,10.87444,-2.26031,4.36594,0.00013,0.23809
5305.54,BTC-28JUN19,1555757940051,open,0.13,786.9,0.115883,0.15652819,0.12335456,54.63,0.12,0.0,BTC-28JUN19-5000-C,5313.9,53.17,0.121,12.3,0.126,7.2,56.26,8.59057,-3.40658,5.21038,0.0003,0.64379
5305.54,BTC-28JUN19,1555757940051,open,0.01,507.2,0.00069274,0.00926848,0.00547595,67.73,0.005,0.0,BTC-28JUN19-9000-C,5313.9,65.41,0.0045,22.0,0.0065,2.0,69.92,2.36005,-1.16034,0.44129,7e-05,0.04955
5313.9,index_price,1555757940056,open,0.02,106.6,0.01295757,0.04503442,0.01571023,53.56,0.0175,0,BTC-31MAY19-4500-P,5313.9,52.67,0.015,0.1,0.0165,18.3,54.55,4.22941,-2.77117,-1.01325,0.00025,-0.15456
5308.54,BTC-27SEP19,1555757940068,open,0.01,336.1,0.00153617,0.01237171,0.00677213,69.9,0.0085,0.0,BTC-27SEP19-2500-P,5313.9,67.03,0.0055,3.1,0.008,14.5,72.4,2.4894,-0.54418,-0.89002,3e-05,-0.0315
5313.9,index_price,1555757940072,open,0.11,876.0,0.10704442,0.11397494,0.10859675,61.45,0.098,0,BTC-26APR19-4750-C,5313.9,0.0,0.06,10.0,0.1895,1.0,271.99,0.90259,-4.71993,0.70287,0.00032,0.93027
5313.9,index_price,1555757940086,open,0.01,30.7,0.00398124,0.02867069,0.00798004,58.34,0.006,0,BTC-31MAY19-7000-C,5313.9,56.54,0.007,1.5,0.009,16.0,60.1,2.99194,-2.13498,0.51436,0.00016,0.09441
5308.54,BTC-27SEP19,1555757940094,open,0.03,91.0,0.01184375,0.12333053,0.02753545,63.6,0.035,0.0,BTC-27DEC19-3000-P,5313.9,62.06,0.0255,12.0,0.0295,17.0,65.05,7.09707,-0.89963,-4.25778,6e-05,-0.08916
5308.54,BTC-27SEP19,1555757940113,open,0.04,10.3,0.02610077,0.06709302,0.03760258,61.97,0.061,0.0,BTC-27SEP19-3750-P,5313.9,60.91,0.036,6.0,0.039,12.0,62.88,8.05516,-1.56109,-4.27568,0.00011,-0.14628
5308.54,BTC-27SEP19,1555757940113,open,0.75,0.0,0.72099085,0.92450939,0.75737806,66.01,None,0.0,BTC-27DEC19-9000-P,5313.9,0.0,0.001,0.5,0.0,0.0,0.0,13.82822,-1.81916,-55.1911,0.00011,-0.75524
5313.9,index_price,1555757940113,open,0.13,26.6,0.12982753,0.16831206,0.13176392,51.91,0.128,0,BTC-31MAY19-4750-C,5313.9,45.6,0.1255,5.0,0.142,5.0,61.62,5.42451,-3.44454,3.78682,0.00033,0.7681
5305.54,BTC-28JUN19,1555757940126,open,0.16,117.0,0.13759392,0.18956927,0.15310796,55.83,0.145,0.0,BTC-28JUN19-4750-C,5313.9,50.59,0.1455,5.0,0.1645,5.0,63.5,7.78299,-3.15429,5.65692,0.00026,0.71815
5313.9,index_price,1555757940126,open,0.01,137.9,0.00630335,0.0311882,0.00866527,54.5,0.01,0,BTC-31MAY19-4250-P,5313.9,52.36,0.0075,16.0,0.01,22.0,56.8,2.98341,-1.98873,-0.61125,0.00017,-0.09405
5313.9,index_price,1555757940126,open,0.58,0.0,0.57658217,0.57658217,0.57658217,100.0,0.429,0,BTC-26APR19-2250-C,5313.9,0.0,0.0005,20.2,0.0,0.0,0.0,0.0,0.0,0.3622,0.0,1.0
5308.54,BTC-27SEP19,1555757940128,open,0.58,0.0,0.54968389,0.76743352,0.58570999,63.4,None,0.0,BTC-27DEC19-8000-P,5313.9,0.0,0.001,0.5,0.0,0.0,0.0,15.35808,-1.94071,-46.82302,0.00013,-0.69756
5305.54,BTC-28JUN19,1555757940130,open,0.34,19.5,0.33127621,0.36015061,0.34039045,59.16,0.7515,0.0,BTC-28JUN19-7000-P,5313.9,0.0,0.0015,0.2,0.0,0.0,0.0,5.85494,-2.51435,-11.70706,0.00019,-0.82896
5308.54,BTC-27SEP19,1555757940132,open,0.01,49.9,0.00077843,0.04878443,0.00621258,69.18,0.008,0.0,BTC-27DEC19-2000-P,5313.9,65.1,0.0045,12.0,0.008,13.0,72.82,2.43011,-0.33506,-1.07919,2e-05,-0.02336
5305.54,BTC-28JUN19,1555757940147,open,2.76,0.4,2.76964456,2.76964778,2.7698958,99.72,5.076,0.0,BTC-28JUN19-20000-P,5313.9,0.0,0.0005,0.2,0.0,0.0,0.0,0.15982,-0.11569,-37.72052,0.0,-0.99779
5305.54,BTC-28JUN19,1555757940147,open,0.01,244.8,0.00854294,0.02993052,0.01451788,58.25,0.0175,0.0,BTC-28JUN19-4000-P,5313.9,56.31,0.013,22.0,0.016,14.6,60.06,4.24719,-1.79586,-1.21619,0.00014,-0.10696
5305.54,BTC-28JUN19,1555757940147,open,0.07,252.6,0.05829414,0.09893933,0.06576392,54.62,0.064,0.0,BTC-28JUN19-5000-P,5313.9,53.53,0.064,5.0,0.067,9.6,55.39,8.59056,-3.40651,-4.22462,0.0003,-0.35621
5308.54,BTC-27SEP19,1555757940147,open,0.42,0.0,0.38964099,0.61663792,0.42836781,62.52,None,0.0,BTC-27DEC19-7000-P,5313.9,0.0,0.001,0.5,0.0,0.0,0.0,16.9086,-2.10682,-37.81945,0.00014,-0.60814
5305.54,BTC-28JUN19,1555757940169,open,1.63,1.3,1.63875148,1.63896706,1.64019075,90.88,2.415,0.0,BTC-28JUN19-14000-P,5313.9,0.0,0.0005,0.2,0.0,0.0,0.0,0.7143,-0.47123,-26.31341,1e-05,-0.98811
5308.54,BTC-27SEP19,1555757940171,open,0.27,0.0,0.25096245,0.30355165,0.26478537,61.07,None,0.0,BTC-27SEP19-4250-C,5313.9,0.0,0.0005,0.3,0.0,0.0,0.0,10.56144,-2.01717,11.84212,0.00014,0.77407
5313.9,index_price,1555757940171,open,0.2,1359.1,0.20021381,0.20088462,0.20094846,86.17,0.2,0,BTC-26APR19-4250-C,5313.9,0.0,0.15,1.0,0.211,5.0,153.26,0.29777,-2.18355,0.66817,8e-05,0.98205
5308.54,BTC-27SEP19,1555757940173,open,1.08,3.1,1.07601968,1.10086843,1.09091023,72.3,1.9215,0.0,BTC-27SEP19-11000-P,5313.9,0.0,0.002,0.3,0.0,0.0,0.0,6.15205,-1.39112,-46.30023,7e-05,-0.90031
5308.54,BTC-27SEP19,1555757940173,open,0.1,29.0,0.08812518,0.14943038,0.10315948,60.4,0.1165,0.0,BTC-27SEP19-4750-P,5313.9,58.84,0.0995,3.0,0.105,9.6,61.18,12.50314,-2.36178,-9.75411,0.00017,-0.31633
5308.54,BTC-27SEP19,1555757940177,open,0.33,34.5,0.29879411,0.4696494,0.32535281,61.48,0.3375,0.0,BTC-27DEC19-4000-C,5313.9,54.51,0.309,5.0,0.342,5.0,68.39,12.64619,-1.54961,16.9924,0.00011,0.79106
5308.54,BTC-27SEP19,1555757940216,open,0.37,261.1,0.35796457,0.39250691,0.36783506,62.43,0.38,0.0,BTC-27SEP19-3500-C,5313.9,0.0,0.161,1.0,0.4485,1.0,114.16,6.70203,-1.30856,12.08961,9e-05,0.88777
5313.9,index_price,1555757940216,open,0.3,0.0,0.2952532,0.30693843,0.29705512,59.75,None,0,BTC-31MAY19-3750-C,5313.9,0.0,0.0005,0.2,0.0,0.0,0.0,1.29748,-0.94827,3.98893,7e-05,0.96736
5313.9,index_price,1555757940542,open,0.01,2.9,0.00211299,0.03600775,0.00545693,51.2,0.007,0,BTC-3MAY19-4750-P,5313.9,48.43,0.0045,20.0,0.0065,0.5,54.01,1.90419,-3.78613,-0.22066,0.00037,-0.11226
179.21,ETH-27SEP19,1555757940818,open,0.12,210.0,0.083962,0.174994,0.108477,69.62,0.108,0.0,ETH-27SEP19-220-C,173.43,69.82,0.109,60.0,0.112,120.0,70.98,0.46239,-0.10068,0.24062,0.00472,0.41501
179.21,ETH-27SEP19,1555757940820,open,0.0,120.0,0.000199,0.005806,0.003078,84.9,0.01,0.0,ETH-27SEP19-60-P,173.43,72.03,0.001,2000.0,0.005,150.0,92.37,0.03951,-0.01049,-0.01256,0.00033,-0.01293
173.43,index_price,1555757940820,open,0.0,533.0,0.000183,0.007453,0.003055,93.03,0.005,0.2,ETH-26APR19-210-C,173.43,85.48,0.002,250.0,0.005,356.0,103.93,0.02704,-0.21969,0.00166,0.006,0.06243
176.57,ETH-28JUN19,1555757940822,open,0.7,0.0,0.701659,0.74631,0.714741,84.47,None,0.0,ETH-28JUN19-300-P,173.43,0.0,0.002,15.0,0.0,0.0,0.0,0.13816,-0.08473,-0.5368,0.00278,-0.89635
176.57,ETH-28JUN19,1555757940822,open,0.17,1073.0,0.152677,0.238475,0.166486,69.0,0.164,0.0,ETH-28JUN19-160-C,173.43,65.44,0.161,150.0,0.17,90.0,71.27,0.27288,-0.13668,0.1724,0.00672,0.68391
5313.9,index_price,1555757940822,open,0.01,0.3,0.00859608,0.05373866,0.01422484,50.07,0.014,0,BTC-3MAY19-5000-P,5313.9,47.97,0.013,0.2,0.015,0.5,51.38,3.12848,-6.08301,-0.48347,0.00063,-0.24369
176.57,ETH-28JUN19,1555757940824,open,0.2,1851.0,0.189222,0.283039,0.205601,69.89,0.21,0.0,ETH-28JUN19-200-P,173.43,66.54,0.2,90.0,0.21,90.0,72.51,0.29593,-0.15015,-0.26909,0.0072,-0.60202
176.57,ETH-28JUN19,1555757940824,open,0.14,1138.0,0.12143,0.212722,0.136434,68.99,0.14,0.0,ETH-28JUN19-170-C,173.43,66.93,0.133,1.0,0.14,90.0,71.13,0.29453,-0.14752,0.15741,0.00726,0.60887
179.21,ETH-27SEP19,1555757940831,open,0.81,1.0,0.802401,0.864197,0.828316,77.15,0.93,0.0,ETH-27SEP19-320-P,173.43,0.0,0.003,6.0,0.854,1.0,90.26,0.32122,-0.07751,-1.2865,0.00296,-0.81061
176.57,ETH-28JUN19,1555757940831,open,0.44,0.0,0.434656,0.457076,0.437851,75.79,None,0.0,ETH-28JUN19-100-C,173.43,0.0,0.006,5.0,0.0,0.0,0.0,0.05114,-0.02814,0.17755,0.00115,0.97073
179.21,ETH-27SEP19,1555757940831,open,0.12,1467.0,0.101296,0.183596,0.120172,68.02,0.114,0.0,ETH-27SEP19-160-P,173.43,65.83,0.115,60.0,0.123,120.0,69.22,0.4223,-0.08984,-0.34293,0.00441,-0.3167
179.21,ETH-27SEP19,1555757940831,open,0.04,229.0,0.016786,0.078582,0.042701,77.15,0.042,0.0,ETH-27SEP19-320-C,173.43,76.19,0.041,60.0,0.045,120.0,78.42,0.32122,-0.07751,0.11515,0.00296,0.18939
179.21,ETH-27SEP19,1555757940833,open,0.07,581.0,0.04431,0.126062,0.065288,69.84,0.078,0.0,ETH-27SEP19-260-C,173.43,72.36,0.071,60.0,0.074,120.0,73.67,0.40131,-0.08765,0.17089,0.00408,0.28299
176.57,ETH-28JUN19,1555757940833,open,0.56,0.0,0.54698,0.554838,0.551989,105.09,None,0.0,ETH-28JUN19-80-C,173.43,0.0,0.001,10.0,0.0,0.0,0.0,0.04461,-0.03403,0.14099,0.00072,0.97515
176.57,ETH-28JUN19,1555757940835,open,0.11,2831.0,0.095264,0.189589,0.110805,68.99,0.118,0.0,ETH-28JUN19-180-C,173.43,67.95,0.109,2.0,0.115,90.0,71.42,0.30487,-0.15269,0.14105,0.00751,0.53413
176.57,ETH-28JUN19,1555757940838,open,0.03,2651.0,0.023598,0.091514,0.033306,68.97,0.032,0.0,ETH-28JUN19-140-P,173.43,66.0,0.03,120.0,0.035,180.0,70.46,0.19959,-0.09993,-0.07028,0.00492,-0.17763
173.43,index_price,1555757940838,open,0.0,205.0,0.000769,0.0114,0.002022,71.97,0.002,0,ETH-26APR19-150-P,173.43,62.79,0.001,100.0,0.003,250.0,78.58,0.02306,-0.14123,-0.00148,0.00662,-0.05102
179.21,ETH-27SEP19,1555757940842,open,1.24,0.0,1.236694,1.27542,1.258138,83.45,None,0.0,ETH-27SEP19-400-P,173.43,0.0,0.001,9.0,0.0,0.0,0.0,0.2365,-0.06172,-1.67879,0.00201,-0.88054
176.57,ETH-28JUN19,1555757940848,open,0.01,1225.0,0.002805,0.035584,0.007336,72.86,0.007,0.0,ETH-28JUN19-110-P,173.43,69.68,0.006,60.0,0.009,210.0,76.44,0.078,-0.04126,-0.01881,0.00182,-0.04912
176.57,ETH-28JUN19,1555757940848,open,0.25,337.0,0.230711,0.298627,0.240464,69.01,0.242,0.0,ETH-28JUN19-140-C,173.43,0.0,0.18,6.0,0.31,1.0,123.43,0.19966,-0.10002,0.19385,0.00492,0.82228
179.21,ETH-27SEP19,1555757940853,open,0.25,994.0,0.230748,0.32291,0.253853,68.76,0.243,0.0,ETH-27SEP19-200-P,173.43,66.92,0.249,60.0,0.258,90.0,70.33,0.47313,-0.10174,-0.59602,0.00489,-0.50544
176.57,ETH-28JUN19,1555757940853,open,0.08,1735.0,0.056527,0.150344,0.07297,69.93,0.069,0.0,ETH-28JUN19-200-C,173.43,68.16,0.07,120.0,0.077,60.0,72.33,0.29596,-0.15025,0.10833,0.00719,0.3981
179.21,ETH-27SEP19,1555757940855,open,1.13,1.0,1.126832,1.170572,1.150878,82.89,1.285,0.0,ETH-27SEP19-380-P,173.43,0.0,0.161,1.0,0.0,0.0,0.0,0.25958,-0.06729,-1.58115,0.00223,-0.86342
176.57,ETH-28JUN19,1555757940857,open,0.01,265.0,0.001347,0.037692,0.013577,88.69,0.01,0.0,ETH-28JUN19-320-C,173.43,86.36,0.012,150.0,0.016,210.0,92.03,0.12291,-0.07914,0.02493,0.00236,0.0884
179.21,ETH-27SEP19,1555757940857,open,1.03,0.0,1.017638,1.066919,1.041895,80.62,None,0.0,ETH-27SEP19-360-P,173.43,0.0,0.01,4.0,1.058,1.0,90.23,0.27538,-0.06944,-1.48581,0.00243,-0.85094
176.57,ETH-28JUN19,1555757940860,open,0.39,10.0,0.379822,0.412601,0.384389,72.94,0.265,0.0,ETH-28JUN19-110-C,173.43,0.0,0.002,8.0,0.0,0.0,0.0,0.07819,-0.0414,0.1887,0.00182,0.95073
176.57,ETH-28JUN19,1555757940863,open,1.03,0.0,1.039203,1.063001,1.048926,95.24,None,0.0,ETH-28JUN19-360-P,173.43,0.0,0.002,2.0,0.0,0.0,0.0,0.0971,-0.06713,-0.66106,0.00173,-0.93513
176.57,ETH-28JUN19,1555757940866,open,0.29,325.0,0.276884,0.333358,0.284558,69.45,0.268,0.0,ETH-28JUN19-130-C,173.43,0.0,0.14,50.0,0.7,1.0,428.5,0.1551,-0.07819,0.19778,0.0038,0.87814
173.43,index_price,1555757940884,open,0.0,2.0,5e-05,0.004127,0.001104,88.64,0.002,0,ETH-26APR19-140-P,173.43,0.0,0.0,0.0,0.002,100.0,98.65,0.01285,-0.09696,-0.00073,0.00299,-0.02498
179.21,ETH-27SEP19,1555757940898,open,0.04,1638.0,0.02623,0.07938,0.037858,68.6,0.037,0.0,ETH-27SEP19-120-P,173.43,67.28,0.036,60.0,0.04,150.0,70.09,0.25543,-0.0548,-0.13444,0.00265,-0.13341
179.21,ETH-27SEP19,1555757940907,open,0.56,0.0,0.555636,0.57277,0.559822,73.01,None,0.0,ETH-27SEP19-80-C,173.43,0.0,0.001,4.0,0.0,0.0,0.0,0.07625,-0.01741,0.32353,0.00074,0.97198
179.21,ETH-27SEP19,1555757940914,open,0.02,57.0,0.001358,0.024922,0.018842,89.58,0.018,0.0,ETH-27SEP19-480-C,173.43,87.76,0.017,60.0,0.021,150.0,91.6,0.18632,-0.0522,0.05278,0.00148,0.08608
179.21,ETH-27SEP19,1555757940919,open,0.42,121.0,0.400313,0.487555,0.423066,69.62,0.507,0.0,ETH-27SEP19-240-P,173.43,0.0,0.006,8.0,0.475,1.0,90.18,0.43617,-0.09497,-0.8476,0.00445,-0.65672
176.57,ETH-28JUN19,1555757940919,open,0.34,25.0,0.326905,0.37134,0.333024,70.91,0.315,0.0,ETH-28JUN19-120-C,173.43,0.0,0.002,10.0,0.0,0.0,0.0,0.11359,-0.05847,0.19571,0.00272,0.92041
176.57,ETH-28JUN19,1555757940940,open,0.5,0.0,0.49057,0.504589,0.492918,80.97,None,0.0,ETH-28JUN19-90-C,173.43,0.0,0.001,10.0,0.0,0.0,0.0,0.03432,-0.02017,0.16288,0.00072,0.98177
179.21,ETH-27SEP19,1555757940940,open,0.33,393.0,0.311572,0.402604,0.336087,69.62,0.332,0.0,ETH-27SEP19-220-P,173.43,53.3,0.295,60.0,0.364,60.0,80.34,0.46239,-0.10068,-0.72302,0.00472,-0.58499
179.21,ETH-27SEP19,1555757940940,open,0.18,278.0,0.155536,0.245104,0.176289,68.02,0.18,0.0,ETH-27SEP19-180-C,173.43,66.75,0.173,60.0,0.18,90.0,69.46,0.46233,-0.09835,0.32101,0.00483,0.58524
173.43,index_price,1555757940940,open,0.01,245.0,0.00448,0.024677,0.009678,77.12,0.014,0,ETH-26APR19-190-C,173.43,75.12,0.009,1.0,0.011,100.0,80.9,0.05941,-0.38987,0.00499,0.01591,0.18844
173.43,index_price,1555757940940,open,0.01,215.0,0.005438,0.025486,0.00684,64.85,0.007,0,ETH-26APR19-160-P,173.43,54.52,0.004,250.0,0.008,250.0,68.61,0.05214,-0.28771,-0.00448,0.01661,-0.15368
173.43,index_price,1555757940944,open,0.02,628.0,0.015613,0.042228,0.018891,67.08,0.028,0,ETH-26APR19-180-C,173.43,67.31,0.019,1.0,0.022,210.0,73.66,0.08122,-0.46359,0.00915,0.02501,0.34666
173.43,index_price,1555757940946,open,0.1,95.0,0.100023,0.12022,0.105221,77.12,0.112,0,ETH-26APR19-190-P,173.43,55.82,0.099,50.0,0.105,50.0,76.47,0.05941,-0.38987,-0.0256,0.01591,-0.81156
176.57,ETH-28JUN19,1555757940949,open,0.24,1463.0,0.232183,0.32315,0.247488,69.89,0.249,0.0,ETH-28JUN19-210-P,173.43,0.0,0.012,1.0,0.256,1.0,75.2,0.28024,-0.14218,-0.3032,0.00682,-0.66251
173.43,index_price,1555757940949,open,0.0,10.0,0.0,0.000225,9.5e-05,105.0,0.001,0,ETH-26APR19-120-P,173.43,0.0,0.0,0.0,0.001,30.0,139.48,0.0016,-0.01426,-7e-05,0.00031,-0.00232
173.43,index_price,1555757940949,open,0.2,149.0,0.192808,0.196885,0.193862,88.64,0.187,0,ETH-26APR19-140-C,173.43,71.24,0.193,1.0,0.264,1.0,327.36,0.01285,-0.09696,0.02181,0.00299,0.97502
176.57,ETH-28JUN19,1555757940963,open,0.21,394.0,0.189152,0.267049,0.20116,69.0,0.203,0.0,ETH-28JUN19-150-C,173.43,65.18,0.196,30.0,0.204,60.0,71.08,0.24051,-0.12047,0.18491,0.00592,0.75615
176.57,ETH-28JUN19,1555757940965,open,0.02,876.0,0.002617,0.047267,0.015795,84.6,0.015,0.0,ETH-28JUN19-300-C,173.43,82.24,0.014,150.0,0.018,210.0,87.32,0.13858,-0.0851,0.02941,0.00278,0.10407
179.21,ETH-27SEP19,1555757940968,open,0.03,818.0,0.006414,0.050154,0.03046,82.89,0.032,0.0,ETH-27SEP19-380-C,173.43,82.57,0.03,50.0,0.032,150.0,83.94,0.25958,-0.06729,0.0833,0.00223,0.13658
179.21,ETH-27SEP19,1555757940968,open,0.51,1.0,0.495122,0.576874,0.5161,69.84,0.573,0.0,ETH-27SEP19-260-P,173.43,0.0,0.014,1.0,0.565,1.0,90.29,0.40131,-0.08765,-0.96795,0.00408,-0.71701
173.43,index_price,1555757940968,open,0.05,10.0,0.053496,0.080111,0.056773,67.08,0.056,0,ETH-26APR19-180-P,173.43,56.71,0.052,150.0,0.058,150.0,69.69,0.08122,-0.46359,-0.01983,0.02501,-0.65334
176.57,ETH-28JUN19,1555757940973,open,0.0,1784.0,0.000283,0.014302,0.002602,80.82,0.006,0.0,ETH-28JUN19-90-P,173.43,69.97,0.001,5.0,0.004,150.0,87.15,0.03409,-0.02,-0.00689,0.00072,-0.01808
179.21,ETH-27SEP19,1555757940975,open,0.67,0.0,0.665397,0.671003,0.668275,84.9,None,0.0,ETH-27SEP19-60-C,173.43,0.0,0.001,4.0,0.0,0.0,0.0,0.03951,-0.01049,0.25025,0.00033,0.98707
173.43,index_price,1555757940975,open,0.26,0.0,0.250419,0.251561,0.251042,105.0,0.252,0,ETH-26APR19-130-C,173.43,0.0,0.25,1.0,0.332,1.0,413.37,0.0073,-0.06523,0.02055,0.00144,0.98713
173.43,index_price,1555757941006,open,0.2,0.0,0.207154,0.214424,0.210026,93.03,None,0.2,ETH-26APR19-210-P,173.43,0.0,0.003,2.0,0.276,2.0,271.4,0.02704,-0.105,-0.03204,0.006,-0.93757
176.57,ETH-28JUN19,1555757941010,open,0.0,1990.0,0.001004,0.023424,0.004167,75.68,0.005,0.0,ETH-28JUN19-100-P,173.43,66.54,0.002,210.0,0.006,150.0,81.4,0.05092,-0.02797,-0.01109,0.00114,-0.02912
176.57,ETH-28JUN19,1555757941028,open,0.01,598.0,0.006522,0.050957,0.012603,70.85,0.02,0.0,ETH-28JUN19-120-P,173.43,66.6,0.01,210.0,0.014,150.0,72.98,0.11344,-0.05835,-0.03067,0.00272,-0.07945
176.57,ETH-28JUN19,1555757941037,open,1.81,0.0,1.831741,1.837287,1.834478,104.23,None,0.0,ETH-28JUN19-500-P,173.43,0.0,0.002,2.0,0.0,0.0,0.0,0.03572,-0.02703,-0.93805,0.00058,-0.9809
173.43,index_price,1555757941039,open,0.0,20.0,1e-06,0.001143,0.000624,105.0,0.003,0,ETH-26APR19-130-P,173.43,0.0,0.0,0.0,0.002,150.0,126.51,0.0073,-0.06523,-0.00038,0.00144,-0.01287
179.21,ETH-27SEP19,1555757941042,open,0.46,0.0,0.451188,0.485455,0.459048,70.22,None,0.0,ETH-27SEP19-100-C,173.43,0.0,0.001,6.0,0.0,0.0,0.0,0.15648,-0.03437,0.37092,0.00158,0.93158
179.21,ETH-27SEP19,1555757941042,open,1.46,0.0,1.457725,1.487957,1.477012,86.53,None,0.0,ETH-27SEP19-440-P,173.43,0.0,0.0,0.0,0.0,0.0,0.0,0.208,-0.05629,-1.86596,0.00171,-0.9001
179.21,ETH-27SEP19,1555757941042,open,0.06,314.0,0.032072,0.107404,0.057972,73.45,0.064,0.0,ETH-27SEP19-280-C,173.43,73.46,0.058,60.0,0.062,120.0,75.34,0.37679,-0.08655,0.15062,0.00365,0.24986
173.43,index_price,1555757941044,open,0.02,395.0,0.021202,0.048232,0.023553,64.85,0.015,0,ETH-26APR19-170-P,173.43,57.51,0.02,200.0,0.025,200.0,67.82,0.08432,-0.46528,-0.0115,0.02685,-0.38823
173.43,index_price,1555757941044,open,0.05,199.0,0.04098,0.068009,0.043331,64.85,0.045,0,ETH-26APR19-170-C,173.43,62.11,0.042,150.0,0.048,150.0,74.42,0.08432,-0.46528,0.01587,0.02685,0.61177
176.57,ETH-28JUN19,1555757941046,open,0.28,1136.0,0.278156,0.365063,0.292104,69.88,0.358,0.0,ETH-28JUN19-220-P,173.43,0.0,0.011,14.0,0.3,1.0,75.16,0.25972,-0.13176,-0.33607,0.00632,-0.71656
179.21,ETH-27SEP19,1555757941049,open,0.61,0.0,0.594485,0.669816,0.620385,73.45,None,0.0,ETH-27SEP19-280-P,173.43,0.0,0.004,5.0,0.658,2.0,90.11,0.37679,-0.08655,-1.07582,0.00365,-0.75014
179.21,ETH-27SEP19,1555757941049,open,1.67,0.0,1.67978,1.703344,1.697264,89.58,None,0.0,ETH-27SEP19-480-P,173.43,0.0,0.0,0.0,0.0,0.0,0.0,0.18632,-0.0522,-2.04969,0.00148,-0.91392
176.57,ETH-28JUN19,1555757941049,open,0.16,1836.0,0.149862,0.244926,0.165589,69.14,0.162,0.0,ETH-28JUN19-190-P,173.43,65.9,0.16,90.0,0.17,90.0,71.7,0.30465,-0.15292,-0.23423,0.00749,-0.5374
179.21,ETH-27SEP19,1555757941051,open,0.03,112.0,0.004675,0.043401,0.02612,83.45,0.026,0.0,ETH-27SEP19-400-C,173.43,81.81,0.024,60.0,0.029,150.0,85.57,0.2365,-0.06172,0.07327,0.00201,0.11946
176.57,ETH-28JUN19,1555757941054,open,0.06,491.0,0.042853,0.13382,0.058225,69.93,0.055,0.0,ETH-28JUN19-210-C,173.43,68.53,0.056,180.0,0.064,180.0,73.54,0.28029,-0.14229,0.0931,0.00681,0.33765
176.57,ETH-28JUN19,1555757941054,open,0.07,2337.0,0.058833,0.144631,0.072591,68.96,0.078,0.0,ETH-28JUN19-160-P,173.43,65.99,0.068,180.0,0.075,120.0,70.52,0.27286,-0.1366,-0.1295,0.00673,-0.31606
179.21,ETH-27SEP19,1555757941058,open,0.29,155.0,0.275314,0.345247,0.290748,68.02,0.26,0.0,ETH-27SEP19-140-C,173.43,0.0,0.12,75.0,0.739,1.0,315.54,0.35081,-0.07463,0.38437,0.00367,0.78041
176.57,ETH-28JUN19,1555757941064,open,0.09,545.0,0.073802,0.168866,0.089589,69.18,0.092,0.0,ETH-28JUN19-190-C,173.43,67.1,0.086,90.0,0.094,150.0,71.73,0.30465,-0.153,0.12431,0.00749,0.46268
179.21,ETH-27SEP19,1555757941068,open,0.03,120.0,0.008822,0.058103,0.033079,80.62,0.026,0.0,ETH-27SEP19-360-C,173.43,79.92,0.032,45.0,0.035,150.0,81.86,0.27538,-0.06944,0.09104,0.00243,0.14906
176.57,ETH-28JUN19,1555757941068,open,0.59,0.0,0.590804,0.645182,0.606436,82.24,None,0.0,ETH-28JUN19-280-P,173.43,0.0,0.004,12.0,0.0,0.0,0.0,0.16488,-0.09844,-0.49091,0.00341,-0.86694
176.57,ETH-28JUN19,1555757941068,open,0.05,3118.0,0.038673,0.116571,0.050633,68.96,0.048,0.0,ETH-28JUN19-150-P,173.43,65.54,0.046,120.0,0.052,180.0,69.97,0.24048,-0.1204,-0.0981,0.00593,-0.24379
179.21,ETH-27SEP19,1555757941068,open,0.18,1553.0,0.159944,0.249512,0.180697,68.02,0.175,0.0,ETH-27SEP19-180-P,173.43,66.2,0.176,60.0,0.185,90.0,69.69,0.46233,-0.09835,-0.46741,0.00483,-0.41476
173.43,index_price,1555757941068,open,0.15,100.0,0.154173,0.166818,0.158773,87.33,0.153,0,ETH-26APR19-200-P,173.43,0.0,0.152,50.0,0.158,50.0,83.97,0.04115,-0.3058,-0.0293,0.00973,-0.89084
176.57,ETH-28JUN19,1555757941070,open,0.49,0.0,0.482043,0.547317,0.499342,79.05,None,0.0,ETH-28JUN19-260-P,173.43,0.0,0.002,15.0,0.0,0.0,0.0,0.19389,-0.11126,-0.44301,0.00417,-0.83028
179.21,ETH-27SEP19,1555757941072,open,0.23,123.0,0.208489,0.290789,0.227365,68.02,0.23,0.0,ETH-27SEP19-160-C,173.43,65.74,0.222,60.0,0.231,90.0,69.56,0.4223,-0.08984,0.3579,0.00441,0.6833
179.21,ETH-27SEP19,1555757941072,open,0.07,1231.0,0.05652,0.126453,0.071955,68.02,0.07,0.0,ETH-27SEP19-140-P,173.43,65.99,0.068,60.0,0.074,120.0,69.06,0.35081,-0.07463,-0.22886,0.00367,-0.21959
176.57,ETH-28JUN19,1555757941074,open,0.81,0.0,0.81366,0.850004,0.825787,88.55,None,0.0,ETH-28JUN19-320-P,173.43,0.0,0.002,15.0,0.0,0.0,0.0,0.12243,-0.0787,-0.57903,0.00235,-0.91206
176.57,ETH-28JUN19,1555757941076,open,0.01,354.0,9.1e-05,0.015643,0.008252,101.85,0.007,0.0,ETH-28JUN19-400-C,173.43,99.0,0.007,10.0,0.01,210.0,105.42,0.08143,-0.0602,0.01453,0.00136,0.05185
173.43,index_price,1555757941076,open,0.15,84.0,0.135867,0.146498,0.13712,71.97,0.14,0,ETH-26APR19-150-C,173.43,61.66,0.136,50.0,0.141,50.0,93.55,0.02306,-0.14123,0.02267,0.00662,0.94898
176.57,ETH-28JUN19,1555757941090,open,0.12,4309.0,0.114689,0.209014,0.130173,68.96,0.183,0.0,ETH-28JUN19-180-P,173.43,65.96,0.125,60.0,0.134,90.0,71.17,0.30488,-0.15262,-0.19861,0.00752,-0.46591
176.57,ETH-28JUN19,1555757941090,open,1.25,0.0,1.265481,1.281033,1.273514,101.57,None,0.0,ETH-28JUN19-400-P,173.43,0.0,0.002,2.0,0.0,0.0,0.0,0.08068,-0.05948,-0.74043,0.00135,-0.94875
179.21,ETH-27SEP19,1555757941090,open,0.05,491.0,0.023199,0.091748,0.04952,75.39,0.048,0.0,ETH-27SEP19-300-C,173.43,74.6,0.048,60.0,0.052,120.0,76.65,0.34819,-0.08209,0.13127,0.00328,0.21675
173.43,index_price,1555757941325,open,0.03,33.0,0.032268,0.072181,0.0379,67.83,0.04,0.2,ETH-3MAY19-170-P,173.43,62.41,0.034,200.0,0.044,200.0,76.27,0.1251,-0.28872,-0.02626,0.01738,-0.39132
173.43,index_price,1555757941456,open,0.04,15.0,0.031947,0.072868,0.038768,69.27,0.042,0.2,ETH-3MAY19-180-C,173.43,60.07,0.032,150.0,0.043,150.0,74.98,0.12816,-0.38228,0.02417,0.01744,0.43387
5313.9,index_price,1555757941563,open,0.01,0.2,0.00591321,0.05075871,0.01269685,53.16,0.0105,0,BTC-3MAY19-5750-C,5313.9,50.12,0.011,16.0,0.015,16.0,57.11,3.02782,-6.25029,0.40664,0.00057,0.22963
173.43,index_price,1555757941587,open,0.06,4.0,0.062533,0.103454,0.069354,69.27,0.073,0.2,ETH-3MAY19-180-P,173.43,63.36,0.065,150.0,0.075,1.0,76.89,0.12816,-0.28434,-0.03888,0.01744,-0.56613
5313.9,index_price,1555757941696,open,0.09,0.0,0.08798099,0.1328265,0.09476464,53.16,None,0,BTC-3MAY19-5750-P,5313.9,49.08,0.0925,4.0,0.098,4.0,58.67,3.02782,-6.25029,-1.62172,0.00057,-0.77037
5313.9,index_price,1555757941840,open,0.01,52.1,0.00178407,0.03766352,0.00703512,56.4,0.008,0,BTC-3MAY19-6000-C,5313.9,53.81,0.006,2.0,0.008,1.0,58.68,2.19006,-4.79658,0.24383,0.00039,0.13711
5313.9,index_price,1555757941844,open,0.09,7.4,0.08503145,0.10648692,0.08589919,54.19,0.0935,0,BTC-26APR19-4875-C,5313.9,43.93,0.084,4.0,0.0875,4.0,60.84,1.17332,-5.41103,0.69738,0.00048,0.90114
5313.9,index_price,1555757941982,open,0.13,0.0,0.13089828,0.16677773,0.13614932,56.4,None,0,BTC-3MAY19-6000-P,5313.9,0.0,0.0005,0.3,0.184,0.2,135.06,2.19006,-4.79657,-1.87273,0.00039,-0.86289
5313.9,index_price,1555757942000,open,0.0,10.6,0.00243675,0.02389222,0.00330432,54.19,0.003,0,BTC-26APR19-4875-P,5313.9,47.62,0.002,20.5,0.0035,1.0,55.07,1.17329,-5.41084,-0.08739,0.00048,-0.09885
5313.9,index_price,1555757942232,open,0.05,32.2,0.04656584,0.07664333,0.04644975,49.72,0.038,0,BTC-26APR19-5125-C,5313.9,45.02,0.0445,4.0,0.048,4.0,53.36,2.23953,-9.47632,0.58258,0.00099,0.7275
5313.9,index_price,1555757942368,open,0.01,177.0,0.01101756,0.04109505,0.01090147,49.72,0.0095,0,BTC-26APR19-5125-P,5313.9,46.36,0.0095,16.0,0.012,16.0,52.31,2.23953,-9.47632,-0.24243,0.00099,-0.2725
5313.9,index_price,1555757942523,open,0.02,58.9,0.02011248,0.05292195,0.01997472,49.72,0.023,0,BTC-26APR19-5375-C,5313.9,46.78,0.0185,12.0,0.0215,12.0,52.77,2.65976,-11.25449,0.35974,0.00118,0.44051
173.42,index_price,1555757942560,open,0.21,0.0,0.199333,0.213725,0.201441,74.55,None,0.2,ETH-3MAY19-140-C,173.42,0.0,0.0,0.0,0.29,1.0,259.93,0.03335,-0.16772,0.04582,0.00422,0.95045
173.42,index_price,1555757942560,open,0.0,0.0,0.000946,0.015338,0.003008,74.31,None,0.2,ETH-3MAY19-140-P,173.42,0.0,0.0,0.0,0.006,250.0,87.27,0.03308,-0.09051,-0.00318,0.0042,-0.04905
173.42,index_price,1555757942560,open,0.0,0.0,0.000133,0.007317,0.002146,88.34,None,0.2,ETH-3MAY19-130-P,173.42,0.0,0.0,0.0,0.004,250.0,99.95,0.02294,-0.07552,-0.00204,0.00245,-0.03128
173.42,index_price,1555757942560,open,0.27,0.0,0.255778,0.262962,0.257834,88.66,None,0.2,ETH-3MAY19-130-C,173.42,0.0,0.0,0.0,0.345,1.0,297.46,0.02321,-0.14741,0.04346,0.00247,0.96829
5313.9,index_price,1555757942667,open,0.03,4.4,0.03161063,0.0644201,0.03147286,49.72,0.0315,0,BTC-26APR19-5375-P,5313.9,46.78,0.03,12.0,0.033,12.0,52.77,2.65976,-11.25449,-0.50552,0.00118,-0.55949
5305.54,BTC-28JUN19,1555757942729,open,0.03,0.2,0.01668447,0.0660196,0.03214363,57.36,0.0295,0.0,BTC-28JUN19-6500-C,5313.9,56.15,0.0305,9.6,0.034,9.6,58.71,7.24521,-3.01698,2.13104,0.00024,0.245
5313.9,index_price,1555757942810,open,0.01,11.1,0.00659094,0.03507221,0.00809502,54.19,0.007,0,BTC-26APR19-5625-C,5313.9,51.16,0.007,16.0,0.009,16.0,56.6,1.96379,-9.05537,0.176,0.0008,0.21384
5305.54,BTC-28JUN19,1555757942849,open,0.0,780.6,0.0,3.22e-06,0.00025834,99.95,0.001,0.0,BTC-28JUN19-20000-C,5313.9,105.93,0.0005,0.1,0.001,12.3,113.3,0.16333,-0.11851,0.02005,0.0,0.00226
5313.9,index_price,1555757942856,open,0.53,0.0,0.52953575,0.52953575,0.52953575,100.0,None,0,BTC-26APR19-2500-C,5313.9,0.0,0.0005,20.2,0.0,0.0,0.0,0.0,0.0,0.40244,0.0,1.0
5308.53,BTC-27SEP19,1555757942856,open,0.03,59.8,0.0056742,0.16136938,0.0331438,71.36,0.035,0.0,BTC-27DEC19-12000-C,5313.9,70.17,0.031,12.0,0.0355,12.0,72.62,9.76901,-1.38931,3.8784,7e-05,0.13944
5313.9,index_price,1555757942856,open,0.26,0.1,0.24992124,0.2677444,0.25253799,57.84,0.239,0,BTC-31MAY19-4000-C,5313.9,0.0,0.0005,0.4,0.0,0.0,0.0,2.08738,-1.47682,4.09769,0.00011,0.94112
5313.9,index_price,1555757942858,open,0.07,470.4,0.06460138,0.07774032,0.06481337,50.68,0.067,0,BTC-26APR19-5000-C,5313.9,44.53,0.063,4.0,0.0665,4.0,55.84,1.66555,-7.18307,0.65988,0.00072,0.83622
5308.53,BTC-27SEP19,1555757942858,open,0.11,33.6,0.07101054,0.2980074,0.10973992,62.52,0.113,0.0,BTC-27DEC19-7000-C,5313.9,62.6,0.11,1.0,0.1145,10.0,64.01,16.9086,-2.10685,10.2937,0.00014,0.39186
5313.9,index_price,1555757942858,open,0.0,520.1,0.0009265,0.00785702,0.00247885,61.45,0.003,0,BTC-26APR19-4750-P,5313.9,58.48,0.002,0.9,0.003,24.7,64.38,0.90259,-4.71994,-0.06177,0.00032,-0.06973
5308.53,BTC-27SEP19,1555757942861,open,0.15,263.5,0.12704643,0.19497907,0.14340205,60.22,0.149,0.0,BTC-27SEP19-5500-C,5313.9,59.31,0.141,7.2,0.147,3.0,61.59,13.93103,-2.62381,9.31358,0.00019,0.54395
5308.53,BTC-27SEP19,1555757942861,open,0.35,0.0,0.31581573,0.54412502,0.35425246,61.88,None,0.0,BTC-27DEC19-6500-P,5313.9,54.89,0.3315,0.1,0.0,0.0,0.0,17.39087,-2.14482,-33.17421,0.00015,-0.55495
5313.9,index_price,1555757942866,open,0.03,23.3,0.02370962,0.06219414,0.02564606,51.91,0.0275,0,BTC-31MAY19-4750-P,5313.9,50.29,0.024,17.8,0.0275,12.8,53.72,5.42451,-3.44455,-1.53262,0.00033,-0.2319
5305.54,BTC-28JUN19,1555757942870,open,0.0,355.3,6.62e-06,0.00095596,0.002231,83.26,0.003,0.0,BTC-28JUN19-12000-C,5313.9,79.13,0.0015,0.1,0.003,12.0,86.72,1.06663,-0.64472,0.16753,2e-05,0.01896
5305.54,BTC-28JUN19,1555757942875,open,0.25,0.0,0.24181895,0.29115408,0.25727811,57.36,None,0.0,BTC-28JUN19-6500-P,5313.9,0.0,0.0005,0.2,0.0,0.0,0.0,7.24521,-3.01698,-10.13449,0.00024,-0.755
5308.53,BTC-27SEP19,1555757942883,open,0.07,701.2,0.05155972,0.10414908,0.06538107,61.07,0.064,0.0,BTC-27SEP19-4250-P,5313.9,60.37,0.064,55.8,0.0665,9.6,61.63,10.56142,-2.01714,-6.77351,0.00014,-0.22593
5313.9,index_price,1555757942883,open,0.01,84.9,0.0102706,0.04406746,0.01348949,54.27,0.017,0,BTC-31MAY19-6500-C,5313.9,53.0,0.0125,18.9,0.0145,1.0,55.52,4.22262,-2.80293,0.83725,0.00025,0.15418
5305.54,BTC-28JUN19,1555757942885,open,0.0,1413.4,0.0,2.09e-06,0.00011921,100.0,0.0005,0.0,BTC-28JUN19-1500-P,5313.9,0.0,0.0,0.0,0.0005,93.0,115.69,0.06958,-0.05051,-0.01008,0.0,-0.00089
5313.9,index_price,1555757942885,open,0.0,1796.1,0.0,0.0,0.0,100.0,0.0005,0,BTC-26APR19-2750-P,5313.9,0.0,0.0,0.0,0.0005,10.4,214.66,0.0,-1e-05,0.0,0.0,0.0
5305.54,BTC-28JUN19,1555757942899,open,0.01,427.7,0.00186563,0.01253838,0.00678951,64.35,0.007,0.0,BTC-28JUN19-3500-P,5313.9,63.72,0.0065,1.0,0.007,0.1,64.81,2.44411,-1.14183,-0.58637,7e-05,-0.05178
5305.54,BTC-28JUN19,1555757942899,open,0.31,30.0,0.29567974,0.31737058,0.30271753,60.42,0.298,0.0,BTC-28JUN19-3750-C,5313.9,0.0,0.027,0.1,0.0,0.0,0.0,3.19798,-1.40266,6.24939,0.0001,0.92693
5313.9,index_price,1555757942899,open,0.08,76.3,0.08545178,0.09724972,0.08732219,56.99,0.08,0,BTC-26APR19-5750-P,5313.9,50.2,0.0855,4.0,0.089,4.0,62.48,1.54242,-7.48059,-0.80539,0.0006,-0.85419
5313.9,index_price,1555757942901,open,0.21,0.2,0.20651412,0.23139897,0.20887611,54.5,0.197,0,BTC-31MAY19-4250-C,5313.9,0.0,0.2,0.8,0.0,0.0,0.0,2.98342,-1.98875,4.14825,0.00017,0.90595
5308.53,BTC-27SEP19,1555757942915,open,0.02,648.3,0.0038868,0.02873541,0.01878113,72.31,0.017,0.0,BTC-27SEP19-11000-C,5313.9,70.73,0.017,23.9,0.0205,12.0,73.76,6.15265,-1.39132,1.88171,7e-05,0.09971
5305.54,BTC-28JUN19,1555757942918,open,0.35,146.8,0.34217784,0.35285058,0.34710171,64.35,0.374,0.0,BTC-28JUN19-3500-C,5313.9,0.0,0.037,0.1,0.375,3.1,103.75,2.44411,-1.14183,6.01814,7e-05,0.94822
5308.53,BTC-27SEP19,1555757942918,open,0.3,238.2,0.28396844,0.33104875,0.29638023,61.27,0.2925,0.0,BTC-27SEP19-4000-C,5313.9,0.0,0.162,0.1,0.398,2.0,114.02,9.3425,-1.79017,12.08528,0.00012,0.81613
5305.54,BTC-28JUN19,1555757942918,open,0.22,1.5,0.21011697,0.24781256,0.22088497,56.63,0.205,0.0,BTC-28JUN19-4250-C,5313.9,0.0,0.0015,0.2,0.0,0.0,0.0,5.43833,-2.23555,6.27117,0.00018,0.84728
5308.53,BTC-27SEP19,1555757942918,open,0.05,98.4,0.03747271,0.08455301,0.04988308,61.27,0.0485,0.0,BTC-27SEP19-4000-P,5313.9,60.19,0.048,8.9,0.0515,9.6,62.18,9.34244,-1.79013,-5.43527,0.00012,-0.18387
5305.54,BTC-28JUN19,1555757942918,open,0.02,78.1,0.01116643,0.04886203,0.02193444,56.63,0.023,0.0,BTC-28JUN19-4250-P,5313.9,55.21,0.0205,9.6,0.023,9.6,57.66,5.43833,-2.23555,-1.74861,0.00018,-0.15272
5313.9,index_price,1555757942918,open,0.23,0.0,0.23347766,0.26727452,0.23669655,54.27,None,0,BTC-31MAY19-6500-P,5313.9,0.0,0.0005,5.3,0.0,0.0,0.0,4.22262,-2.80293,-6.44198,0.00025,-0.84582
5305.54,BTC-28JUN19,1555757942925,open,1.82,2.0,1.82723348,1.82733751,1.82912219,99.35,2.658,0.0,BTC-28JUN19-15000-P,5313.9,0.0,0.0005,0.2,0.0,0.0,0.0,0.83117,-0.59943,-28.18211,2e-05,-0.98583
5308.53,BTC-27SEP19,1555757942929,open,0.9,2.0,0.89118239,0.92390302,0.90813371,69.84,1.8325,0.0,BTC-27SEP19-10000-P,5313.9,0.0,0.002,0.3,0.0,0.0,0.0,7.32667,-1.60021,-41.40721,8e-05,-0.87265
5308.53,BTC-27SEP19,1555757942929,open,0.03,317.4,0.01727976,0.05182228,0.02714957,62.43,0.0265,0.0,BTC-27SEP19-3500-P,5313.9,61.51,0.026,6.0,0.0295,12.0,64.27,6.70199,-1.30854,-3.2409,9e-05,-0.11223
5313.9,index_price,1555757942929,open,0.0,100.6,1.1e-07,0.00020844,0.00048354,93.96,0.0005,0,BTC-26APR19-7000-C,5313.9,0.0,0.0,0.0,0.001,30.0,103.86,0.21303,-1.70338,0.00999,5e-05,0.01216
5308.53,BTC-27SEP19,1555757942934,open,0.55,2.5,0.53410015,0.58704548,0.55733261,66.46,1.278,0.0,BTC-27SEP19-8000-P,5313.9,0.0,0.004,0.3,0.5635,0.7,69.42,10.87427,-2.26025,-30.6754,0.00013,-0.76192
5308.53,BTC-27SEP19,1555757942942,open,1.47,0.0,1.45237203,1.59381486,1.47707219,73.04,None,0.0,BTC-27DEC19-13000-P,5313.9,0.0,0.0005,0.2,0.0,0.0,0.0,8.79097,-1.27974,-86.01198,6e-05,-0.88025
5308.53,BTC-27SEP19,1555757942950,open,0.16,50.2,0.11721675,0.34363031,0.15453399,61.29,0.153,0.0,BTC-27DEC19-6000-C,5313.9,60.83,0.153,12.2,0.16,5.0,62.95,17.55617,-2.14469,12.79619,0.00015,0.50524
5313.9,index_price,1555757942960,open,0.04,71.5,0.03592598,0.08116881,0.03837635,51.97,0.043,0,BTC-31MAY19-5750-C,5313.9,50.06,0.036,17.8,0.04,12.8,53.27,6.63336,-4.21693,1.89597,0.0004,0.35698
5308.53,BTC-27SEP19,1555757942965,open,0.63,28.2,0.62345481,0.62729052,0.62675322,78.04,0.608,0.0,BTC-27SEP19-2000-C,5313.9,0.0,0.001,0.3,0.649,1.0,121.88,1.39486,-0.34044,8.3103,1e-05,0.98415
5313.9,index_price,1555757942971,open,0.06,0.0,0.06513551,0.09361678,0.06663956,54.19,None,0,BTC-26APR19-5625-P,5313.9,49.61,0.065,4.0,0.068,4.0,57.79,1.96379,-9.05535,-0.7295,0.0008,-0.78616
5308.53,BTC-27SEP19,1555757942971,open,0.23,33.8,0.19012031,0.39971686,0.22517524,61.31,0.221,0.0,BTC-27DEC19-5000-C,5313.9,60.28,0.222,12.2,0.2295,5.0,62.71,16.3842,-2.00209,15.31951,0.00014,0.64504
5313.9,index_price,1555757942971,open,0.15,0.0,0.15338004,0.1956744,0.15594895,52.34,None,0,BTC-31MAY19-6000-P,5313.9,0.0,0.0005,0.3,0.0,0.0,0.0,5.90513,-3.78047,-5.25832,0.00036,-0.72766
5308.53,BTC-27SEP19,1555757942977,open,0.07,945.3,0.05116029,0.1140306,0.08021038,66.46,0.0685,0.0,BTC-27SEP19-7000-C,5313.9,61.78,0.069,15.0,0.0735,10.0,63.68,12.89216,-2.67973,6.07123,0.00016,0.34131
5313.9,index_price,1555757942983,open,0.09,21.7,0.08677974,0.1334244,0.08838049,51.21,0.0855,0,BTC-31MAY19-5500-P,5313.9,49.41,0.086,9.6,0.0915,9.6,53.56,7.04739,-4.41435,-3.77428,0.00044,-0.54585
5305.54,BTC-28JUN19,1555757942991,open,0.0,515.7,1e-07,7.705e-05,0.000753,94.98,0.001,0.0,BTC-28JUN19-2000-P,5313.9,90.42,0.0005,119.2,0.001,109.6,98.49,0.3375,-0.23271,-0.05831,1e-05,-0.00507
5313.9,index_price,1555757942991,open,0.25,484.7,0.24725724,0.24738002,0.24771487,99.34,0.2475,0,BTC-26APR19-4000-C,5313.9,0.0,0.1105,4.6,0.2995,0.1,327.26,0.18384,-1.5541,0.63474,4e-05,0.98973
5313.9,index_price,1555757942991,open,0.01,32.4,0.00240912,0.02300035,0.00599597,59.68,0.005,0,BTC-31MAY19-7250-C,5313.9,57.43,0.005,16.0,0.0075,16.0,62.75,2.45937,-1.79551,0.39726,0.00013,0.07275
5308.53,BTC-27SEP19,1555757942993,open,0.41,0.0,0.39853737,0.42653728,0.40778495,64.07,None,0.0,BTC-27SEP19-3250-C,5313.9,0.0,0.0005,0.3,0.0,0.0,0.0,5.48979,-1.09998,11.78288,7e-05,0.91453
5308.53,BTC-27SEP19,1555757942993,open,0.39,10.2,0.36979275,0.43266307,0.39884036,66.46,0.8,0.0,BTC-27SEP19-7000-P,5313.9,56.99,0.3765,1.0,0.4585,1.0,90.01,12.8921,-2.67967,-24.58992,0.00016,-0.65869
5313.9,index_price,1555757942993,open,0.48,10.2,0.48248932,0.48248932,0.48248932,100.0,0.006,0,BTC-26APR19-2750-C,5313.9,0.0,0.0005,25.2,0.0,0.0,0.0,0.0,-2e-05,0.44269,0.0,1.0
5308.53,BTC-27SEP19,1555757942995,open,0.13,43.4,0.11054739,0.17492075,0.12601323,60.22,0.121,0.0,BTC-27SEP19-5000-P,5313.9,58.81,0.1225,3.0,0.1255,1.0,60.02,13.18567,-2.4834,-11.3788,0.00018,-0.36335
5313.9,index_price,1555757942995,open,0.62,0.0,0.6236286,0.6236286,0.6236286,62.5,None,0,BTC-26APR19-2000-C,5313.9,0.0,0.0005,50.2,0.0,0.0,0.0,0.0,0.0,0.32196,0.0,1.0
5313.9,index_price,1555757942995,open,0.0,28.7,0.00094958,0.01263481,0.0027515,59.75,0.003,0,BTC-31MAY19-3750-P,5313.9,53.7,0.0015,21.0,0.004,21.0,64.33,1.29748,-0.94827,-0.21063,7e-05,-0.03264
5313.9,index_price,1555757942995,open,0.13,0.0,0.12983207,0.13657482,0.13151906,63.14,None,0,BTC-26APR19-6000-P,5313.9,0.0,0.002,0.1,0.178,0.1,187.23,0.9053,-4.86426,-0.90804,0.00032,-0.92999
5313.9,index_price,1555757943006,open,0.28,0.0,0.27671278,0.30586797,0.28061523,56.43,None,0,BTC-31MAY19-6750-P,5313.9,0.0,0.0005,0.3,0.0,0.0,0.0,3.56808,-2.46281,-6.90367,0.0002,-0.87948
5313.9,index_price,1555757943015,open,0.0,473.6,0.00011511,0.003389,0.00146268,71.67,0.0015,0,BTC-26APR19-6250-C,5313.9,67.05,0.001,1.5,0.002,21.8,76.05,0.59299,-3.61635,0.03384,0.00018,0.04102
5308.53,BTC-27SEP19,1555757943028,open,0.03,324.8,0.01420033,0.05649123,0.03324181,67.46,0.032,0.0,BTC-27SEP19-9000-C,5313.9,66.4,0.0315,14.6,0.035,24.6,68.5,8.84736,-1.86647,3.15001,0.00011,0.16871
5308.53,BTC-27SEP19,1555757943035,open,0.72,42.8,0.71744537,0.71820936,0.71869038,85.15,0.6235,0.0,BTC-27SEP19-1500-C,5313.9,0.0,0.0015,0.3,0.0,0.0,0.0,0.5791,-0.15421,6.40635,1e-05,0.99421
5308.53,BTC-27SEP19,1555757943035,open,0.28,10.0,0.24747314,0.4738867,0.28478826,61.29,0.288,0.0,BTC-27DEC19-6000-P,5313.9,55.46,0.2655,5.0,0.297,5.0,64.99,17.55617,-2.14467,-28.44365,0.00015,-0.49476
5305.54,BTC-28JUN19,1555757943051,open,0.05,62.4,0.0328845,0.08485986,0.04839769,55.83,0.0455,0.0,BTC-28JUN19-4750-P,5313.9,53.84,0.0455,5.0,0.0485,9.6,55.9,7.78297,-3.15425,-3.30634,0.00026,-0.28185
5313.9,index_price,1555757943051,open,0.0,913.9,4e-08,0.00012283,0.00045768,99.34,0.0005,0,BTC-26APR19-4000-P,5313.9,0.0,0.0,0.0,0.002,10.0,124.94,0.18384,-1.5541,-0.00917,4e-05,-0.01027
5308.53,BTC-27SEP19,1555757943051,open,0.0,42.0,6.947e-05,0.02355488,0.00150958,69.73,0.002,0.0,BTC-27DEC19-1500-P,5313.9,0.0,0.0,0.0,0.0,0.0,0.0,0.8202,-0.11398,-0.29791,1e-05,-0.00666
5308.53,BTC-27SEP19,1555757943059,open,0.54,57.5,0.53059603,0.54143166,0.5358329,69.9,0.389,0.0,BTC-27SEP19-2500-C,5313.9,0.0,0.001,0.4,0.5665,1.0,110.09,2.48959,-0.54423,10.06028,3e-05,0.96849
5308.53,BTC-27SEP19,1555757943059,open,0.45,227.1,0.44108869,0.46275696,0.44903127,65.58,0.456,0.0,BTC-27SEP19-3000-C,5313.9,0.0,0.135,0.1,0.503,2.0,112.2,4.33576,-0.88929,11.35152,5e-05,0.93722
5313.9,index_price,1555757943061,open,0.34,33.6,0.34135004,0.34135114,0.34136358,100.0,0.3345,0,BTC-26APR19-3500-C,5313.9,0.0,0.0005,20.2,0.0,0.0,0.0,0.00969,-0.08243,0.56307,0.0,0.9996
5305.54,BTC-28JUN19,1555757943068,open,0.0,388.1,6e-08,0.00010409,0.00188877,99.35,0.0005,0.0,BTC-28JUN19-15000-C,5313.9,85.99,0.0005,16.9,0.1,88.2,216.54,0.83117,-0.59943,0.12297,2e-05,0.01417
5313.9,index_price,1555757943068,open,0.08,39.9,0.07245891,0.11853099,0.07388942,51.08,0.0765,0,BTC-31MAY19-5250-C,5313.9,48.89,0.071,14.6,0.0755,5.0,52.31,7.00823,-4.37929,2.90519,0.00043,0.56208
5308.53,BTC-27SEP19,1555757943068,open,0.04,46.0,0.00931749,0.1804668,0.03956837,69.5,0.0405,0.0,BTC-27DEC19-11000-C,5313.9,68.48,0.0375,9.6,0.0415,10.0,70.43,10.90111,-1.50999,4.55643,8e-05,0.16445
5308.53,BTC-27SEP19,1555757943068,open,0.02,7.6,0.0021566,0.13067826,0.02445155,74.7,0.0235,0.0,BTC-27DEC19-14000-C,5313.9,73.37,0.0225,12.0,0.0265,12.0,76.04,7.9765,-1.18755,2.92168,6e-05,0.10453
5305.54,BTC-28JUN19,1555757943071,open,0.53,24.4,0.52880442,0.52958201,0.53055251,83.88,0.5115,0.0,BTC-28JUN19-2500-C,5313.9,0.0,0.001,0.2,0.0,0.0,0.0,0.73617,-0.4483,4.57662,2e-05,0.98769
5308.53,BTC-27SEP19,1555757943071,open,0.03,23.7,0.00348317,0.14492599,0.02818794,73.05,0.028,0.0,BTC-27DEC19-13000-C,5313.9,71.7,0.026,12.0,0.0305,12.0,74.41,8.79167,-1.27989,3.34134,6e-05,0.11976
5305.54,BTC-28JUN19,1555757943084,open,0.0,333.9,3.184e-05,0.00203428,0.00320628,79.97,0.003,0.0,BTC-28JUN19-11000-C,5313.9,77.16,0.0025,10.0,0.004,12.0,82.69,1.44099,-0.83655,0.23921,3e-05,0.0271
5305.54,BTC-28JUN19,1555757943092,open,0.0,65.9,0.0002987,0.00964593,0.00405804,66.25,0.006,0.0,BTC-28JUN19-3250-P,5313.9,62.6,0.003,12.0,0.005,10.0,69.07,1.67059,-0.80347,-0.36485,5e-05,-0.03238
5305.54,BTC-28JUN19,1555757943092,open,1.07,5.7,1.07333634,1.07533878,1.07651078,79.97,1.142,0.0,BTC-28JUN19-11000-P,5313.9,0.0,0.0005,0.4,0.0,0.0,0.0,1.44099,-0.83655,-20.51785,3e-05,-0.9729
5305.54,BTC-28JUN19,1555757943101,open,0.0,873.6,0.00021966,0.00392296,0.00301625,71.49,0.0035,0.0,BTC-28JUN19-3000-P,5313.9,66.7,0.002,12.0,0.004,12.0,75.28,1.2665,-0.65729,-0.26279,3e-05,-0.02323
5313.9,index_price,1555757943101,open,0.01,316.0,0.00338399,0.01518194,0.00525441,56.99,0.0045,0,BTC-26APR19-5750-C,5313.9,52.45,0.004,20.0,0.006,20.0,59.5,1.54242,-7.48059,0.12023,0.0006,0.14581
5308.53,BTC-27SEP19,1555757943113,open,0.12,734.4,0.0946034,0.16302709,0.12342694,64.99,0.117,0.0,BTC-27SEP19-6000-C,5313.9,60.08,0.1105,17.5,0.1165,7.2,62.36,13.98227,-2.84206,8.11114,0.00017,0.47226
5308.53,BTC-27SEP19,1555757943113,open,0.19,777.9,0.16866706,0.23304041,0.18413467,60.22,0.1865,0.0,BTC-27SEP19-5000-C,5313.9,58.96,0.181,10.2,0.183,0.6,59.77,13.18567,-2.48343,10.52194,0.00018,0.63665
5313.9,index_price,1555757943113,open,0.0,44.5,0.00027513,0.00722244,0.00200022,65.88,0.002,0,BTC-31MAY19-3500-P,5313.9,62.84,0.0015,0.1,0.0025,31.0,68.49,0.95222,-0.7674,-0.14597,5e-05,-0.02253
5313.9,index_price,1555757943113,open,0.03,914.0,0.03162028,0.04902567,0.0314844,49.72,0.03,0,BTC-26APR19-5250-C,5313.9,45.7,0.0295,12.0,0.0325,12.0,51.78,2.62349,-11.10101,0.47635,0.00116,0.58835
5308.53,BTC-27SEP19,1555757943113,open,0.19,31.3,0.14972443,0.3701812,0.18663736,61.29,0.165,0.0,BTC-27DEC19-5500-C,5313.9,60.48,0.184,7.2,0.1915,5.0,62.79,17.26184,-2.10873,14.10212,0.00015,0.57313
5308.53,BTC-27SEP19,1555757943113,open,0.72,0.0,0.71750537,0.74099078,0.71894601,69.73,None,0.0,BTC-27DEC19-1500-C,5313.9,0.0,0.007,0.2,0.0,0.0,0.0,0.82039,-0.11401,10.01197,1e-05,0.99334
5308.53,BTC-27SEP19,1555757943113,open,0.63,0.0,0.62402631,0.67203252,0.62946124,69.18,None,0.0,BTC-27DEC19-2000-C,5313.9,0.0,0.0005,0.2,0.0,0.0,0.0,2.43028,-0.3351,12.66733,2e-05,0.97663
5308.53,BTC-27SEP19,1555757943126,open,0.18,15.5,0.1631148,0.23104743,0.1794685,60.22,0.1945,0.0,BTC-27SEP19-5500-P,5313.9,58.9,0.176,3.0,0.182,0.1,61.19,13.93103,-2.62378,-14.77727,0.00019,-0.45605
5305.53,BTC-28JUN19,1555757943126,open,1.26,10.0,1.26179762,1.26274694,1.26401775,83.24,1.243,0.0,BTC-28JUN19-12000-P,5313.9,0.0,0.0005,0.4,0.0,0.0,0.0,1.06525,-0.64373,-22.47678,2e-05,-0.98106
5313.9,index_price,1555757943126,open,0.37,0.0,0.36675546,0.38734668,0.3703423,59.68,None,0,BTC-31MAY19-7250-P,5313.9,0.0,0.0005,0.3,0.0,0.0,0.0,2.45937,-1.79551,-7.72189,0.00013,-0.92725
5313.9,index_price,1555757943126,open,0.0,2172.7,0.0,1.09e-06,1.353e-05,100.0,0.0005,0,BTC-26APR19-3500-P,5313.9,0.0,0.0,0.0,0.001,11.0,155.83,0.00969,-0.07191,-0.00035,0.0,-0.0004
5308.53,BTC-27SEP19,1555757943126,open,1.1,0.0,1.08145422,1.25260353,1.11170119,69.5,None,0.0,BTC-27DEC19-11000-P,5313.9,0.0,0.0005,0.2,0.0,0.0,0.0,10.90065,-1.50989,-71.05018,8e-05,-0.83556
5305.53,BTC-28JUN19,1555757943128,open,0.0,690.3,9.99e-06,0.0007876,0.00175808,83.88,0.002,0.0,BTC-28JUN19-2500-P,5313.9,81.93,0.0015,2.2,0.002,1.0,85.56,0.73617,-0.4483,-0.14089,2e-05,-0.01231
5308.53,BTC-27SEP19,1555757943128,open,0.54,0.0,0.53289084,0.61146259,0.54305759,65.84,None,0.0,BTC-27DEC19-2500-C,5313.9,0.0,0.0005,0.2,0.0,0.0,0.0,4.4829,-0.58828,14.87641,4e-05,0.95077
5308.53,BTC-27SEP19,1555757943128,open,0.39,5.8,0.36809043,0.51123072,0.3895124,62.28,0.385,0.0,BTC-27DEC19-3500-C,5313.9,51.19,0.37,1.0,0.495,1.0,112.55,9.95884,-1.23613,17.04068,8e-05,0.85654
5313.9,index_price,1555757943128,open,0.0,1354.6,0.0,1.487e-05,9.654e-05,100.0,0.0005,0,BTC-26APR19-3750-P,5313.9,0.0,0.0,0.0,0.001,11.0,132.9,0.05178,-0.44065,-0.0022,1e-05,-0.00247
5313.9,index_price,1555757943130,open,0.0,259.9,0.0,0.0,0.0,100.0,0.0005,0,BTC-26APR19-2250-P,5313.9,0.0,0.0,0.0,0.0005,10.0,274.78,0.0,0.0,0.0,0.0,0.0
5308.53,BTC-27SEP19,1555757943134,open,0.05,208.7,0.01540664,0.20280196,0.04934618,67.98,0.052,0.0,BTC-27DEC19-10000-C,5313.9,67.18,0.0475,35.0,0.0515,9.6,68.9,12.31974,-1.66923,5.49541,9e-05,0.19996
5313.9,index_price,1555757943136,open,0.16,0.0,0.15348984,0.17575882,0.15612605,58.9,None,0,BTC-3MAY19-4500-C,5313.9,0.0,0.0005,0.2,0.0,0.0,0.0,1.18284,-2.70558,1.47012,0.0002,0.94039
5308.53,BTC-27SEP19,1555757943147,open,0.27,9.9,0.23953758,0.43269231,0.2711035,61.36,0.246,0.0,BTC-27DEC19-4500-C,5313.9,56.3,0.257,5.0,0.286,5.0,66.68,14.84659,-1.81557,16.33386,0.00012,0.71876
5308.53,BTC-27SEP19,1555757943147,open,0.93,0.3,0.89916731,1.08656263,0.9331033,67.98,1.4475,0.0,BTC-27DEC19-10000-P,5313.9,0.0,0.1,0.3,0.0,0.0,0.0,12.31941,-1.66914,-63.23786,9e-05,-0.80005
5305.53,BTC-28JUN19,1555757943157,open,0.72,33.3,0.71727613,0.71727822,0.71739587,100.04,0.7165,0.0,BTC-28JUN19-1500-C,5313.9,0.0,0.001,0.1,0.0,0.0,0.0,0.06982,-0.0507,2.82039,0.0,0.99911
5313.9,index_price,1555757943157,open,0.27,0.0,0.27025486,0.27081687,0.27073706,83.28,None,0,BTC-26APR19-6750-P,5313.9,0.0,0.0005,20.2,0.3455,0.1,314.79,0.23331,-1.65331,-1.07546,6e-05,-0.98649
5308.53,BTC-27SEP19,1555757943163,open,0.24,290.4,0.22075057,0.27811376,0.23510099,60.61,0.2265,0.0,BTC-27SEP19-4500-C,5313.9,54.81,0.2225,3.0,0.25,3.0,67.38,11.61897,-2.20245,11.505,0.00016,0.72989
5308.53,BTC-27SEP19,1555757943163,open,0.72,0.0,0.70958492,0.75187583,0.72862321,67.45,None,0.0,BTC-27SEP19-9000-P,5313.9,0.0,0.002,0.3,0.0,0.0,0.0,8.84701,-1.86634,-36.27156,0.00011,-0.8313
5305.53,BTC-28JUN19,1555757943169,open,0.62,20.1,0.62303493,0.62311188,0.62378854,94.99,0.578,0.0,BTC-28JUN19-2000-C,5313.9,0.0,0.001,0.1,0.0,0.0,0.0,0.33772,-0.23288,3.71565,1e-05,0.99492
5313.9,index_price,1555757943169,open,0.0,3043.4,0.0,4e-08,1.22e-06,100.0,0.0005,0,BTC-26APR19-3250-P,5313.9,0.0,0.0,0.0,0.0005,9.9,164.31,0.00115,-0.00649,-4e-05,0.0,-4e-05
5313.9,index_price,1555757943169,open,0.12,47.6,0.11799376,0.1632366,0.12044414,51.97,0.1435,0,BTC-31MAY19-5750-P,5313.9,50.01,0.118,9.6,0.1235,9.6,54.41,6.63336,-4.21693,-4.54335,0.0004,-0.64302
5308.53,BTC-27SEP19,1555757943171,open,0.0,409.3,0.00020694,0.00404265,0.00350464,78.04,0.0065,0.0,BTC-27SEP19-2000-P,5313.9,76.03,0.003,8.1,0.004,2.5,79.85,1.3947,-0.34039,-0.44995,1e-05,-0.01585
5313.9,index_price,1555757943171,open,0.0,233.8,0.0,0.0,0.0,100.0,0.0005,0,BTC-26APR19-2500-P,5313.9,0.0,0.0,0.0,0.0005,10.0,243.23,0.0,0.0,0.0,0.0,0.0
5308.53,BTC-27SEP19,1555757943173,open,0.01,616.4,0.00621689,0.02788516,0.0141584,65.58,0.0175,0.0,BTC-27SEP19-3000-P,5313.9,63.49,0.0125,18.0,0.0155,12.0,67.19,4.33561,-0.88924,-1.78886,5e-05,-0.06277
5305.53,BTC-28JUN19,1555757943173,open,0.39,0.1,0.38773031,0.39707765,0.39149079,66.25,0.395,0.0,BTC-28JUN19-3250-C,5313.9,0.0,0.0005,0.4,0.0,0.0,0.0,1.67086,-0.80364,5.76784,5e-05,0.96761
5313.9,index_price,1555757943175,open,0.0,1123.2,0.0,0.0,6e-08,100.0,0.001,0,BTC-26APR19-3000-P,5313.9,0.0,0.0,0.0,0.001,10.0,206.35,8e-05,-0.00034,0.0,0.0,0.0
5308.53,BTC-27SEP19,1555757943177,open,0.12,111.0,0.08722988,0.28038461,0.1187942,61.36,0.1275,0.0,BTC-27DEC19-4500-P,5313.9,60.18,0.1155,5.0,0.121,9.6,62.15,14.84659,-1.81556,-14.59595,0.00012,-0.28124
5308.53,BTC-27SEP19,1555757943179,open,1.27,6.1,1.26255916,1.28123962,1.27576663,74.95,1.9095,0.0,BTC-27SEP19-12000-P,5313.9,0.0,0.002,0.3,0.0,0.0,0.0,5.28861,-1.23966,-51.02544,6e-05,-0.91867
5313.9,index_price,1555757943179,open,0.03,136.0,0.02426583,0.06656019,0.02683474,52.34,0.025,0,BTC-31MAY19-6000-C,5313.9,50.67,0.025,17.8,0.029,17.8,54.27,5.90513,-3.78047,1.46098,0.00036,0.27234
5313.9,index_price,1555757943181,open,0.31,0.0,0.31730002,0.31750835,0.31778345,93.96,None,0,BTC-26APR19-7000-P,5313.9,0.0,0.0005,50.3,0.4025,0.1,356.78,0.21303,-1.70338,-1.11686,5e-05,-0.98784
5313.9,index_price,1555757943181,open,0.0,409.7,1.42e-05,0.0014299,0.00072733,76.28,0.0005,0,BTC-26APR19-6500-C,5313.9,72.29,0.0005,9.1,0.001,10.4,80.11,0.34032,-2.20902,0.01735,0.0001,0.02101
5308.53,BTC-27SEP19,1555757943183,open,0.24,2.4,0.2248598,0.29328349,0.25368121,64.99,0.284,0.0,BTC-27SEP19-6000-P,5313.9,57.31,0.2335,1.0,0.316,1.0,88.62,13.98226,-2.84202,-18.16981,0.00017,-0.52774
5305.53,BTC-28JUN19,1555757943183,open,0.18,35.5,0.17190245,0.21292997,0.1791732,54.6,0.204,0.0,BTC-28JUN19-6000-P,5313.9,0.0,0.0015,0.3,0.1865,1.0,59.13,8.48735,-3.36402,-8.35581,0.00029,-0.65544
5305.53,BTC-28JUN19,1555757943183,open,0.11,58.9,0.09895095,0.15954547,0.11555553,54.6,0.111,0.0,BTC-28JUN19-5500-P,5313.9,53.12,0.113,5.0,0.1175,7.2,55.72,9.18938,-3.6423,-6.29521,0.00032,-0.51324
5313.9,index_price,1555757943183,open,0.32,0.0,0.32128116,0.3459706,0.32527997,58.34,None,0,BTC-31MAY19-7000-P,5313.9,0.0,0.0005,0.3,0.0,0.0,0.0,2.99194,-2.13498,-7.32481,0.00016,-0.90559
5313.9,index_price,1555757943183,open,0.17,9.7,0.16612191,0.19819877,0.1688746,53.56,0.14,0,BTC-31MAY19-4500-C,5313.9,44.88,0.1625,5.0,0.1795,5.0,65.88,4.22941,-2.77117,4.02622,0.00025,0.84544
5313.9,index_price,1555757943183,open,0.0,705.1,3.04e-06,0.00067385,0.0007377,86.17,0.001,0,BTC-26APR19-4250-P,5313.9,81.39,0.0005,10.0,0.001,10.1,90.41,0.29778,-2.18358,-0.01599,8e-05,-0.01795
5313.9,index_price,1555757943183,open,0.0,278.4,0.00071786,0.00746061,0.00240485,63.14,0.003,0,BTC-26APR19-6000-C,5313.9,57.17,0.0015,20.0,0.0035,20.5,68.97,0.9053,-4.86426,0.05783,0.00032,0.07001
5308.53,BTC-27SEP19,1555757943183,open,0.46,0.0,0.44671568,0.55820283,0.46240851,63.6,None,0.0,BTC-27DEC19-3000-C,5313.9,0.0,0.0005,0.1,0.0,0.0,0.0,7.09719,-0.89966,16.36202,6e-05,0.91084
5305.53,BTC-28JUN19,1555757943187,open,0.01,64.1,0.00248815,0.02417921,0.00952588,60.42,0.0125,0.0,BTC-28JUN19-3750-P,5313.9,58.67,0.0085,12.0,0.0105,10.0,62.0,3.19799,-1.40266,-0.82688,0.0001,-0.07307
5305.53,BTC-28JUN19,1555757943187,open,0.02,1428.1,0.01190041,0.04077462,0.02101726,59.16,0.023,0.0,BTC-28JUN19-7000-C,5313.9,58.23,0.02,9.6,0.0225,22.1,60.49,5.85517,-2.51455,1.50206,0.00019,0.17105
5305.53,BTC-28JUN19,1555757943189,open,0.05,2296.9,0.04100695,0.08203447,0.04827984,54.6,0.0525,0.0,BTC-28JUN19-6000-C,5313.9,55.67,0.05,5.3,0.052,10.1,56.91,8.4874,-3.36413,2.96626,0.00029,0.34456
5305.53,BTC-28JUN19,1555757943194,open,1.44,0.8,1.45027495,1.45072584,1.45198519,86.9,2.171,0.0,BTC-28JUN19-13000-P,5313.9,0.0,0.07,1.0,0.0,0.0,0.0,0.84404,-0.53244,-24.40377,2e-05,-0.98557
5308.53,BTC-27SEP19,1555757943216,open,0.02,17.6,0.01075959,0.0387595,0.02000601,64.07,0.0195,0.0,BTC-27SEP19-3250-P,5313.9,62.59,0.0185,6.0,0.0215,12.0,65.49,5.48967,-1.09993,-2.45254,7e-05,-0.08547
5305.53,BTC-28JUN19,1555757943216,open,0.44,43.8,0.43477192,0.43847527,0.43756957,71.5,0.433,0.0,BTC-28JUN19-3000-C,5313.9,0.0,0.0005,0.3,0.0,0.0,0.0,1.26676,-0.65747,5.39816,3e-05,0.97676
5305.53,BTC-28JUN19,1555757943216,open,0.0,847.3,0.0001509,0.00434446,0.00460777,75.73,0.0045,0.0,BTC-28JUN19-10000-C,5313.9,75.43,0.0045,15.0,0.005,14.5,76.77,1.94619,-1.06995,0.34447,5e-05,0.03902
5305.53,BTC-28JUN19,1555757943216,open,0.19,208.2,0.17760947,0.2102766,0.18475402,55.83,0.1835,0.0,BTC-28JUN19-4500-C,5313.9,50.33,0.178,5.0,0.1975,5.0,65.63,6.67507,-2.70529,6.04168,0.00023,0.78822
5313.9,index_price,1555757943216,open,0.39,25.7,0.38839647,0.38839651,0.38839769,100.0,0.351,0,BTC-26APR19-3250-C,5313.9,0.0,0.155,1.0,0.0,0.0,0.0,0.00115,-0.0098,0.52314,0.0,0.99996
5313.9,index_price,1555757943216,open,0.01,31.5,0.00645929,0.03561448,0.01036175,56.43,0.009,0,BTC-31MAY19-6750-C,5313.9,54.34,0.009,21.0,0.0115,16.0,58.08,3.56808,-2.46281,0.65553,0.0002,0.12052
5313.9,index_price,1555757943216,open,0.05,139.6,0.04695606,0.06347469,0.0477158,51.7,0.047,0,BTC-26APR19-5500-P,5313.9,47.83,0.046,12.0,0.0495,12.7,55.64,2.38317,-10.48511,-0.62988,0.00101,-0.68862
5308.53,BTC-27SEP19,1555757943216,open,0.13,47.5,0.0913713,0.31968059,0.1298103,61.88,0.1365,0.0,BTC-27DEC19-6500-C,5313.9,61.33,0.128,17.2,0.135,10.0,63.46,17.39088,-2.14484,11.50231,0.00015,0.44505
5308.53,BTC-27SEP19,1555757943216,open,0.22,16.7,0.18579279,0.40624956,0.22270378,61.29,0.236,0.0,BTC-27DEC19-5500-P,5313.9,59.85,0.218,5.0,0.2255,12.2,62.15,17.26185,-2.10872,-23.70104,0.00015,-0.42687
5313.9,index_price,1555757943219,open,0.19,0.0,0.19213651,0.23045028,0.19606435,54.2,None,0,BTC-31MAY19-6250-P,5313.9,0.0,0.0005,0.3,0.0,0.0,0.0,5.13559,-3.40489,-5.86362,0.0003,-0.78926
5313.9,index_price,1555757943219,open,0.0,295.4,0.0,0.0,0.0,100.0,0.0005,0,BTC-26APR19-2000-P,5313.9,0.0,0.0,0.0,0.0005,15.0,310.05,0.0,0.0,0.0,0.0,0.0
5313.9,index_price,1555757943269,open,0.0,0.7,0.00032549,0.02259448,0.0029617,58.9,0.0015,0,BTC-3MAY19-4500-P,5313.9,54.14,0.002,50.0,0.004,20.0,63.22,1.18284,-2.70558,-0.11729,0.0002,-0.05961
5313.9,index_price,1555757943403,open,0.11,0.0,0.1082309,0.14212566,0.11157488,51.2,None,0,BTC-3MAY19-4750-C,5313.9,0.0,0.0005,0.2,0.165,0.3,146.33,1.90419,-3.78615,1.45495,0.00037,0.88774
5313.9,index_price,1555757943512,open,0.0,0.0,0.00161553,0.02233718,0.00350921,60.04,None,0,BTC-26APR19-5875-C,5313.9,55.16,0.0025,20.0,0.0045,20.5,64.23,1.18607,-6.05966,0.08282,0.00043,0.10033
176.55,ETH-28JUN19,1555757943559,open,0.02,1191.0,0.005026,0.059387,0.02074,82.33,0.022,0.0,ETH-28JUN19-280-C,173.44,81.54,0.02,24.0,0.022,150.0,83.66,0.16512,-0.09869,0.03752,0.00341,0.13336
176.55,ETH-28JUN19,1555757943559,open,0.38,1687.0,0.377119,0.45371,0.394675,75.24,0.449,0.0,ETH-28JUN19-240-P,173.44,0.0,0.006,12.0,0.397,1.0,77.03,0.22641,-0.12366,-0.39172,0.00512,-0.78114
179.2,ETH-27SEP19,1555757943559,open,0.04,396.0,0.012155,0.067473,0.037451,78.97,0.041,0.0,ETH-27SEP19-340-C,173.44,78.09,0.036,60.0,0.04,120.0,80.48,0.29728,-0.07342,0.10208,0.00268,0.1675
179.2,ETH-27SEP19,1555757943559,open,0.02,983.0,0.009196,0.043468,0.017053,70.22,0.016,0.0,ETH-27SEP19-100-P,173.44,66.57,0.014,210.0,0.02,210.0,73.48,0.15648,-0.03436,-0.0671,0.00158,-0.06843
176.55,ETH-28JUN19,1555757943559,open,0.05,605.0,0.032168,0.119064,0.046183,69.93,0.053,0.0,ETH-28JUN19-220-C,173.44,69.81,0.046,180.0,0.053,60.0,74.49,0.25973,-0.13185,0.07907,0.00631,0.28352
179.2,ETH-27SEP19,1555757943559,open,0.92,0.0,0.909477,0.964795,0.934674,78.91,None,0.0,ETH-27SEP19-340-P,173.44,0.0,0.003,6.0,0.955,1.0,90.12,0.29696,-0.07328,-1.38732,0.00268,-0.83278
179.2,ETH-27SEP19,1555757943559,open,0.71,10.0,0.6973,0.765843,0.723618,75.39,0.781,0.0,ETH-27SEP19-300-P,173.44,0.0,0.004,4.0,0.733,1.0,80.07,0.34814,-0.08208,-1.1828,0.00328,-0.78328
179.2,ETH-27SEP19,1555757943559,open,0.01,820.0,0.002041,0.019178,0.006227,73.01,0.012,0.0,ETH-27SEP19-80-P,173.44,67.12,0.004,150.0,0.008,150.0,76.9,0.07626,-0.01741,-0.02689,0.00074,-0.02803
179.2,ETH-27SEP19,1555757943559,open,0.37,77.0,0.356595,0.409751,0.368253,68.62,0.368,0.0,ETH-27SEP19-120-C,173.44,0.0,0.002,6.0,0.0,0.0,0.0,0.2555,-0.05483,0.39111,0.00265,0.86652
176.55,ETH-28JUN19,1555757943559,open,0.0,1501.0,5.8e-05,0.007921,0.005045,104.99,0.004,0.0,ETH-28JUN19-80-P,173.44,81.09,0.001,1999.0,0.04,17.0,178.76,0.0445,-0.03391,-0.00994,0.00072,-0.02478
179.2,ETH-27SEP19,1555757943559,open,0.02,7.0,0.002504,0.032731,0.021788,86.53,0.018,0.0,ETH-27SEP19-440-C,173.44,84.95,0.02,60.0,0.024,150.0,88.39,0.20796,-0.05628,0.0613,0.00171,0.09988
179.2,ETH-27SEP19,1555757943559,open,0.09,406.0,0.061089,0.148328,0.083839,69.62,0.089,0.0,ETH-27SEP19-240-C,173.44,71.73,0.089,2.0,0.09,120.0,72.14,0.43613,-0.09496,0.2036,0.00445,0.34323
176.55,ETH-28JUN19,1555757943560,open,0.01,198.0,0.000351,0.024139,0.010184,95.45,0.009,0.0,ETH-28JUN19-360-C,173.44,93.23,0.009,20.0,0.012,210.0,98.58,0.09768,-0.06768,0.01839,0.00174,0.06537
176.55,ETH-28JUN19,1555757943560,open,0.09,4152.0,0.084275,0.175575,0.099254,68.98,0.098,0.0,ETH-28JUN19-170-P,173.44,66.43,0.095,60.0,0.102,120.0,70.62,0.29453,-0.14748,-0.16342,0.00726,-0.39128
176.55,ETH-28JUN19,1555757943560,open,0.0,1941.0,3e-06,0.005546,0.002898,105.0,0.006,0.0,ETH-28JUN19-500-C,173.44,109.69,0.004,150.0,0.008,150.0,121.75,0.03709,-0.02827,0.00569,0.0006,0.01998
173.44,index_price,1555757943559,open,0.02,2.0,0.013455,0.047072,0.018343,68.89,0.012,0.2,ETH-3MAY19-160-P,173.44,61.03,0.014,200.0,0.022,200.0,75.2,0.09864,-0.24038,-0.01512,0.01349,-0.22886
173.44,index_price,1555757943559,open,0.32,0.0,0.308118,0.308343,0.308133,89.64,0.309,0,ETH-26APR19-120-C,173.44,0.0,0.308,1.0,0.4,1.0,500.0,0.00038,-0.00293,0.0193,9e-05,0.99951
176.57,ETH-28JUN19,1555757943560,open,0.03,1944.0,0.009539,0.074813,0.026905,79.11,0.028,0.0,ETH-28JUN19-260-C,173.44,79.19,0.027,100.0,0.028,120.0,80.09,0.19408,-0.11145,0.04767,0.00417,0.16997
179.22,ETH-27SEP19,1555757943561,open,0.14,361.0,0.114758,0.206921,0.137824,68.75,0.136,0.0,ETH-27SEP19-200-C,173.44,67.68,0.135,161.0,0.141,90.0,69.95,0.47315,-0.10173,0.28005,0.00489,0.49456
173.44,index_price,1555757943559,open,0.25,0.0,0.260047,0.270649,0.265468,85.03,None,0.2,ETH-3MAY19-220-P,173.44,0.0,0.0,0.0,0.348,2.0,228.14,0.05119,-0.05694,-0.07216,0.00567,-0.91388
173.44,index_price,1555757943559,open,0.16,0.0,0.145484,0.169497,0.148503,69.55,None,0.2,ETH-3MAY19-150-C,173.44,42.23,0.142,50.0,0.152,50.0,78.74,0.06093,-0.23511,0.04542,0.00826,0.89081
176.57,ETH-28JUN19,1555757943561,open,0.02,1476.0,0.013136,0.06961,0.020784,69.42,0.019,0.0,ETH-28JUN19-130-P,173.44,66.17,0.018,210.0,0.023,210.0,71.9,0.15503,-0.07813,-0.0475,0.0038,-0.12178
173.44,index_price,1555757943559,open,0.01,10.0,0.000514,0.011117,0.00579,84.53,0.007,0.2,ETH-3MAY19-220-C,173.44,73.35,0.003,250.0,0.009,350.0,94.38,0.05057,-0.17349,0.00483,0.00564,0.08473
173.44,index_price,1555757943559,open,0.11,0.0,0.097431,0.131048,0.102213,68.7,None,0.2,ETH-3MAY19-160-C,173.44,55.28,0.095,50.0,0.106,50.0,75.24,0.09852,-0.32645,0.04096,0.01351,0.77165
173.44,index_price,1555757943560,open,0.09,103.0,0.08292,0.10296,0.084234,64.55,0.08,0,ETH-26APR19-160-C,173.44,60.29,0.083,50.0,0.088,50.0,76.24,0.05188,-0.28498,0.02131,0.0166,0.84749
173.44,index_price,1555757943560,open,0.01,341.0,0.000972,0.013625,0.005564,87.28,0.008,0,ETH-26APR19-200-C,173.44,84.85,0.005,20.0,0.006,100.0,89.09,0.04114,-0.30555,0.00289,0.00973,0.10911
173.44,index_price,1555757943559,open,0.01,2.0,0.004257,0.028269,0.007375,69.83,0.004,0.2,ETH-3MAY19-150-P,173.44,59.06,0.004,250.0,0.01,250.0,76.82,0.06126,-0.15497,-0.00718,0.00827,-0.11002
5313.9,index_price,1555757943580,open,0.01,229.0,0.00552988,0.01866883,0.00574181,50.68,0.0065,0,BTC-26APR19-5000-P,5313.9,46.56,0.0045,16.0,0.006,1.0,51.5,1.66555,-7.18301,-0.14501,0.00072,-0.16377
5313.9,index_price,1555757943686,open,0.08,3.4,0.06766757,0.11281015,0.07329671,50.07,0.0725,0,BTC-3MAY19-5000-C,5313.9,45.21,0.0705,4.0,0.076,4.0,54.58,3.1285,-6.08312,1.28032,0.00063,0.7563
5313.9,index_price,1555757943980,open,0.11,0.0,0.10720652,0.12792817,0.10910021,60.04,None,0,BTC-26APR19-5875-P,5313.9,0.0,0.0005,10.0,0.1505,0.1,165.18,1.18607,-6.05966,-0.86292,0.00043,-0.89967
5313.9,index_price,1555757943996,open,0.05,2.0,0.03618201,0.08793288,0.04359932,50.07,0.044,0,BTC-3MAY19-5250-C,5313.9,46.55,0.041,12.0,0.0465,12.0,54.0,3.92068,-7.62352,0.98623,0.00079,0.56972
5313.9,index_price,1555757944133,open,0.03,2.0,0.02415695,0.07590782,0.03157426,50.07,0.033,0,BTC-3MAY19-5250-P,5313.9,47.26,0.0295,12.0,0.0345,12.0,54.04,3.92068,-7.62352,-0.86576,0.00079,-0.43028
5313.9,index_price,1555757944144,open,0.0,1.6,0.00044595,0.02754937,0.00394076,59.45,0.0035,0,BTC-3MAY19-6250-C,5313.9,53.75,0.0025,20.0,0.0055,20.0,64.53,1.4999,-3.46261,0.14474,0.00025,0.08115
5313.9,index_price,1555757944275,open,0.03,57.4,0.01612211,0.0673604,0.0245629,52.01,0.025,0,BTC-3MAY19-5500-C,5313.9,49.82,0.023,0.1,0.0265,16.0,54.71,3.80242,-7.68034,0.66769,0.00073,0.38075
5313.9,index_price,1555757944311,open,0.18,0.0,0.17660659,0.20371001,0.1801014,59.45,None,0,BTC-3MAY19-6250-P,5313.9,0.0,0.0005,0.2,0.0,0.0,0.0,1.4999,-3.46261,-2.06,0.00025,-0.91885
5313.9,index_price,1555757944420,open,0.06,0.6,0.05114347,0.10238176,0.05958426,52.01,0.0625,0,BTC-3MAY19-5500-P,5313.9,47.68,0.0565,12.0,0.062,12.0,55.38,3.80242,-7.68034,-1.27249,0.00073,-0.61925
173.38,index_price,1555757944559,open,0.02,5.0,0.006692,0.03709,0.014294,76.71,0.01,0.2,ETH-3MAY19-200-C,173.38,74.14,0.013,100.0,0.017,200.0,81.84,0.08895,-0.28184,0.01087,0.01094,0.19204
173.38,index_price,1555757944559,open,0.03,21.0,0.015413,0.052465,0.02335,72.82,0.026,0.2,ETH-3MAY19-190-C,173.38,64.31,0.018,200.0,0.027,200.0,78.41,0.11172,-0.34139,0.01639,0.01447,0.29139
173.38,index_price,1555757944559,open,0.2,0.0,0.20532,0.228445,0.211057,79.1,None,0.2,ETH-3MAY19-210-P,173.38,0.0,0.0,0.0,0.281,2.0,195.02,0.06568,-0.09822,-0.06664,0.00783,-0.8786
173.38,index_price,1555757944559,open,0.01,300.0,0.002623,0.025748,0.008776,80.19,0.013,0.2,ETH-3MAY19-210-C,173.38,72.42,0.006,250.0,0.012,250.0,87.99,0.06705,-0.21984,0.00711,0.00789,0.12504
173.38,index_price,1555757944559,open,0.15,0.0,0.152118,0.182516,0.159324,75.93,None,0.2,ETH-3MAY19-200-P,173.38,69.1,0.156,50.0,0.166,50.0,88.26,0.08814,-0.16774,-0.05933,0.01095,-0.81078
173.38,index_price,1555757944559,open,0.1,0.0,0.103568,0.14062,0.111128,72.24,None,0.2,ETH-3MAY19-190-P,173.38,64.06,0.106,50.0,0.118,50.0,82.68,0.11138,-0.23437,-0.05025,0.01454,-0.71051
176.51,ETH-28JUN19,1555757944565,open,0.28,1136.0,0.27851,0.365383,0.292275,69.77,0.358,0.0,ETH-28JUN19-220-P,173.38,0.0,0.011,14.0,0.301,1.0,75.59,0.25925,-0.1313,-0.33631,0.00632,-0.71743
5305.53,BTC-28JUN19,1555757945557,open,2.76,0.4,2.76965167,2.76965489,2.76991,99.95,5.076,0.0,BTC-28JUN19-20000-P,5313.78,0.0,0.0005,0.2,0.0,0.0,0.0,0.16333,-0.11851,-37.72005,0.0,-0.99774
5305.53,BTC-28JUN19,1555757945557,open,0.07,252.6,0.05829491,0.09894021,0.06576543,54.62,0.064,0.0,BTC-28JUN19-5000-P,5313.78,53.53,0.064,5.0,0.067,9.6,55.39,8.59058,-3.40654,-4.22466,0.0003,-0.35621
5305.53,BTC-28JUN19,1555757945558,open,0.34,19.5,0.33127849,0.36015271,0.34039519,59.16,0.7515,0.0,BTC-28JUN19-7000-P,5313.78,0.0,0.0015,0.2,0.0,0.0,0.0,5.85515,-2.51454,-11.70699,0.00019,-0.82895
5305.53,BTC-28JUN19,1555757945557,open,0.01,1173.9,0.00300527,0.01961618,0.010176,63.59,0.0095,0.0,BTC-28JUN19-8000-C,5313.78,62.61,0.0095,3.0,0.011,1.0,64.75,3.70339,-1.70965,0.78649,0.00011,0.08873
5308.53,BTC-27SEP19,1555757945558,open,0.1,29.0,0.08812593,0.14943126,0.10316121,60.4,0.1165,0.0,BTC-27SEP19-4750-P,5313.78,58.84,0.0995,3.0,0.105,9.6,61.18,12.50315,-2.3618,-9.75417,0.00017,-0.31633
5308.53,BTC-27SEP19,1555757945558,open,0.0,1666.6,9.47e-06,0.00077346,0.00125396,85.14,0.0035,0.0,BTC-27SEP19-1500-P,5313.78,75.97,0.0005,0.2,0.002,2.5,90.96,0.57894,-0.15416,-0.16383,1e-05,-0.00579
5308.53,BTC-27SEP19,1555757945558,open,0.37,261.1,0.35796353,0.39250604,0.36783394,62.43,0.38,0.0,BTC-27SEP19-3500-C,5313.78,0.0,0.161,1.0,0.4485,1.0,114.16,6.70204,-1.30856,12.0896,9e-05,0.88777
5308.53,BTC-27SEP19,1555757945558,open,0.02,710.0,0.00742173,0.04014235,0.02437647,69.84,0.025,0.0,BTC-27SEP19-10000-C,5313.78,68.45,0.0225,46.0,0.0265,12.0,71.35,7.32715,-1.60038,2.39455,8e-05,0.12736
5313.78,index_price,1555757945557,open,0.0,435.5,8.007e-05,0.00264243,0.0010537,70.99,0.001,0,BTC-26APR19-4500-P,5313.78,70.35,0.001,5.0,0.0015,20.0,75.72,0.45043,-2.72116,-0.026,0.00014,-0.02935
5305.41,BTC-28JUN19,1555757945559,open,0.01,244.8,0.00854509,0.02993497,0.01451831,58.24,0.0175,0.0,BTC-28JUN19-4000-P,5313.78,56.31,0.013,22.0,0.016,14.6,60.06,4.24731,-1.79582,-1.21625,0.00014,-0.10697
5305.41,BTC-28JUN19,1555757945559,open,0.16,117.0,0.137579,0.18955704,0.15310617,55.84,0.145,0.0,BTC-28JUN19-4750-C,5313.78,50.6,0.1455,5.0,0.1645,5.0,63.51,7.78347,-3.15496,5.65629,0.00026,0.71809
5308.53,BTC-27SEP19,1555757945559,open,0.21,11.5,0.19333961,0.25464495,0.2083749,60.4,0.207,0.0,BTC-27SEP19-4750-C,5313.78,55.14,0.196,3.0,0.223,3.0,66.6,12.50315,-2.3618,11.05157,0.00017,0.68367
5308.53,BTC-27SEP19,1555757945559,open,0.01,336.1,0.00153619,0.01237182,0.00677224,69.9,0.0085,0.0,BTC-27SEP19-2500-P,5313.78,67.03,0.0055,3.1,0.008,14.5,72.4,2.48942,-0.54418,-0.89003,3e-05,-0.03151
5305.41,BTC-28JUN19,1555757945559,open,0.51,24.6,0.51089927,0.52750832,0.51803382,63.54,0.609,0.0,BTC-28JUN19-8000-P,5313.78,0.0,0.0005,0.4,0.0,0.0,0.0,3.69646,-1.7051,-14.31141,0.00011,-0.91149
5305.41,BTC-28JUN19,1555757945559,open,0.03,97.7,0.02578605,0.05845525,0.03292416,55.82,0.034,0.0,BTC-28JUN19-4500-P,5313.78,54.28,0.031,5.0,0.034,9.6,56.67,6.67513,-2.70505,-2.44989,0.00023,-0.21179
5313.78,index_price,1555757945558,open,0.1,88.0,0.09845397,0.14176876,0.09977872,51.1,0.098,0,BTC-31MAY19-5000-C,5313.78,48.79,0.097,9.6,0.101,5.0,52.1,6.43548,-4.02223,3.3966,0.0004,0.67056
5305.41,BTC-28JUN19,1555757945559,open,0.0,300.5,2.9e-07,0.00021581,0.00144459,90.92,0.001,0.0,BTC-28JUN19-14000-C,5313.78,81.09,0.0005,22.0,0.0025,12.0,97.3,0.71603,-0.47258,0.10494,1e-05,0.01193
5308.53,BTC-27SEP19,1555757945558,open,0.75,0.0,0.72099382,0.9245121,0.75738376,66.01,None,0.0,BTC-27DEC19-9000-P,5313.78,0.0,0.001,0.5,0.0,0.0,0.0,13.82835,-1.8192,-55.19101,0.00011,-0.75523
5313.78,index_price,1555757945558,open,0.04,74.3,0.03940372,0.08271851,0.04070723,51.08,0.042,0,BTC-31MAY19-5000-P,5313.78,49.67,0.039,17.8,0.043,17.8,52.97,6.43522,-4.02068,-2.20248,0.0004,-0.32941
5308.53,BTC-27SEP19,1555757945558,open,1.29,0.0,1.26618699,1.42188217,1.29365648,71.36,None,0.0,BTC-27DEC19-12000-P,5313.78,0.0,0.0005,0.2,0.0,0.0,0.0,9.76899,-1.38931,-78.60129,7e-05,-0.86056
5308.53,BTC-27SEP19,1555757945558,open,0.08,87.3,0.05229741,0.22315307,0.07885517,61.48,0.08,0.0,BTC-27DEC19-4000-P,5313.78,60.28,0.076,14.6,0.0815,9.6,62.59,12.64618,-1.5496,-10.50081,0.00011,-0.20894
5305.41,BTC-28JUN19,1555757945560,open,0.7,6.6,0.69707413,0.70564855,0.70181595,67.64,0.704,0.0,BTC-28JUN19-9000-P,5313.78,0.0,0.0005,9.5,0.0,0.0,0.0,2.34947,-1.15357,-16.54412,7e-05,-0.95072
5305.41,BTC-28JUN19,1555757945560,open,0.0,137.0,1.37e-06,0.00045216,0.00171624,86.93,0.0015,0.0,BTC-28JUN19-13000-C,5313.78,81.56,0.001,10.0,0.0025,12.0,91.23,0.8456,-0.53361,0.12756,2e-05,0.01446
5308.53,BTC-27SEP19,1555757945561,open,0.04,10.3,0.02610105,0.06709349,0.03760313,61.97,0.061,0.0,BTC-27SEP19-3750-P,5313.78,60.91,0.036,6.0,0.039,12.0,62.88,8.0552,-1.5611,-4.27573,0.00011,-0.14628
5308.53,BTC-27SEP19,1555757945561,open,0.27,0.0,0.25096144,0.3035508,0.26478326,61.07,None,0.0,BTC-27SEP19-4250-C,5313.78,0.0,0.0005,0.3,0.0,0.0,0.0,10.56143,-2.01715,11.84214,0.00014,0.77407
5308.53,BTC-27SEP19,1555757945557,open,0.42,0.0,0.389643,0.61663986,0.42837205,62.52,None,0.0,BTC-27DEC19-7000-P,5313.78,0.0,0.001,0.5,0.0,0.0,0.0,16.90859,-2.10685,-37.81946,0.00014,-0.60814
5305.41,BTC-28JUN19,1555757945561,open,1.63,1.3,1.63881614,1.63903166,1.64020073,90.47,2.415,0.0,BTC-28JUN19-14000-P,5313.78,0.0,0.0005,0.2,0.0,0.0,0.0,0.69498,-0.45642,-26.31657,1e-05,-0.98848
5308.41,BTC-27SEP19,1555757945558,open,0.01,153.8,0.00383158,0.08240699,0.01399699,65.84,0.016,0.0,BTC-27DEC19-2500-P,5313.78,63.39,0.012,12.0,0.016,12.0,68.14,4.48279,-0.58825,-2.30677,4e-05,-0.04923
5313.78,index_price,1555757945559,open,0.35,0.0,0.34161042,0.34855899,0.34335027,65.96,None,0,BTC-31MAY19-3500-C,5313.78,0.0,0.0005,0.2,0.0,0.0,0.0,0.95651,-0.77179,3.77281,5e-05,0.97735
5313.78,index_price,1555757945557,open,0.13,26.6,0.12981297,0.16829995,0.13176406,51.93,0.128,0,BTC-31MAY19-4750-C,5313.78,45.62,0.1255,5.0,0.142,5.0,61.63,5.42551,-3.44612,3.78622,0.00033,0.76802
5308.41,BTC-27SEP19,1555757945560,open,1.65,0.0,1.63948082,1.7679986,1.66171636,74.66,None,0.0,BTC-27DEC19-14000-P,5313.78,0.0,0.0005,0.2,0.0,0.0,0.0,7.96625,-1.18541,-93.30915,6e-05,-0.89566
5313.78,index_price,1555757945557,open,0.01,2.9,0.00211446,0.03601441,0.00545699,51.19,0.007,0,BTC-3MAY19-4750-P,5313.78,48.42,0.0045,20.0,0.0065,0.5,54.0,1.90432,-3.78587,-0.22068,0.00037,-0.11227
5308.41,BTC-27SEP19,1555757945562,open,0.05,940.8,0.02708847,0.08003186,0.05032729,66.46,0.0485,0.0,BTC-27SEP19-8000-C,5313.78,63.82,0.045,19.6,0.0495,9.6,66.06,10.87412,-2.26034,4.36576,0.00013,0.23809
5308.41,BTC-27SEP19,1555757945562,open,0.08,32.8,0.06845031,0.12581527,0.08279246,60.61,0.0785,0.0,BTC-27SEP19-4500-P,5313.78,59.1,0.0795,3.0,0.0845,9.6,61.39,11.61901,-2.20231,-8.20582,0.00016,-0.27012
5308.41,BTC-27SEP19,1555757945560,open,0.08,41.2,0.04267393,0.26042113,0.07870679,63.41,0.0855,0.0,BTC-27DEC19-8000-C,5313.78,63.68,0.0795,0.1,0.0845,10.0,65.39,15.35769,-1.94075,8.16313,0.00013,0.30244
5305.41,BTC-28JUN19,1555757945563,open,0.08,219.7,0.06228762,0.1228821,0.0789033,54.61,0.083,0.0,BTC-28JUN19-5500-C,5313.78,53.51,0.077,7.3,0.0815,7.0,56.1,9.18915,-3.64264,4.08295,0.00032,0.48674
5305.41,BTC-28JUN19,1555757945562,open,0.26,367.4,0.25459771,0.27598758,0.26058917,58.27,0.231,0.0,BTC-28JUN19-4000-C,5313.78,39.11,0.249,1.0,0.27,2.0,68.94,4.24935,-1.79738,6.33088,0.00014,0.89296
5313.78,index_price,1555757945560,open,0.01,137.9,0.00630525,0.0311929,0.00866539,54.49,0.01,0,BTC-31MAY19-4250-P,5313.78,52.35,0.0075,16.0,0.01,22.0,56.8,2.98351,-1.98866,-0.61128,0.00017,-0.09406
5313.78,index_price,1555757945557,open,0.01,30.7,0.00398,0.02866673,0.00798007,58.34,0.006,0,BTC-31MAY19-7000-C,5313.78,56.54,0.007,1.5,0.009,16.0,60.1,2.99177,-2.13499,0.51433,0.00016,0.09441
5308.41,BTC-27SEP19,1555757945557,open,0.03,91.0,0.01184542,0.12333703,0.02753584,63.6,0.035,0.0,BTC-27DEC19-3000-P,5313.78,62.06,0.0255,12.0,0.0295,17.0,65.05,7.09711,-0.89961,-4.25782,6e-05,-0.08916
5308.41,BTC-27SEP19,1555757945563,open,1.08,3.1,1.07606975,1.10091662,1.09091769,72.27,1.9215,0.0,BTC-27SEP19-11000-P,5313.78,0.0,0.002,0.3,0.0,0.0,0.0,6.14464,-1.38876,-46.30301,7e-05,-0.90047
5308.41,BTC-27SEP19,1555757945563,open,0.02,705.9,0.002046,0.02072501,0.01525797,74.96,0.0135,0.0,BTC-27SEP19-12000-C,5313.78,73.13,0.0135,31.3,0.017,12.0,76.65,5.28921,-1.2399,1.53664,6e-05,0.08135
5313.78,index_price,1555757945558,open,0.16,952.4,0.15322529,0.15578765,0.15421805,71.22,0.16,0,BTC-26APR19-4500-C,5313.78,0.0,0.05,8.0,0.1665,5.0,133.26,0.45528,-2.75914,0.69805,0.00014,0.97027
5313.78,index_price,1555757945561,open,0.11,876.0,0.10702506,0.11395802,0.10859678,61.56,0.098,0,BTC-26APR19-4750-C,5313.78,0.0,0.06,10.0,0.1895,1.0,272.01,0.90627,-4.7476,0.70254,0.00032,0.9299
5313.78,index_price,1555757945559,open,0.02,229.1,0.01960497,0.03701125,0.01945937,49.71,0.019,0,BTC-26APR19-5250-P,5313.78,45.73,0.0175,12.0,0.0205,12.0,51.81,2.6236,-11.0971,-0.36887,0.00116,-0.41176
5308.41,BTC-27SEP19,1555757945560,open,0.06,70.5,0.02560657,0.22912167,0.06199917,66.01,0.063,0.0,BTC-27DEC19-9000-C,5313.78,65.04,0.0595,9.6,0.0645,10.0,66.96,13.82793,-1.81919,6.66847,0.00011,0.24477
5308.41,BTC-27SEP19,1555757945562,open,0.01,49.9,0.00077857,0.04878732,0.00621274,69.18,0.008,0.0,BTC-27DEC19-2000-P,5313.78,65.1,0.0045,12.0,0.008,13.0,72.82,2.43013,-0.33506,-1.0792,2e-05,-0.02337
5313.78,index_price,1555757945558,open,0.17,0.0,0.17630217,0.17957461,0.17762334,71.44,None,0,BTC-26APR19-6250-P,5313.78,0.0,0.001,0.3,0.233,0.2,229.65,0.58664,-3.56608,-0.97271,0.00018,-0.95952
5305.41,BTC-28JUN19,1555757945564,open,0.88,43.0,0.88501931,0.88921218,0.88943012,75.61,0.89,0.0,BTC-28JUN19-10000-P,5313.78,0.0,0.0005,0.5,0.0,0.0,0.0,1.93418,-1.0616,-18.52807,5e-05,-0.96128
5308.41,BTC-27SEP19,1555757945559,open,0.05,72.5,0.02740983,0.17055487,0.04882771,62.28,0.063,0.0,BTC-27DEC19-3500-P,5313.78,61.03,0.0465,17.0,0.051,12.0,63.43,9.95882,-1.23607,-7.01586,8e-05,-0.14346
5308.41,BTC-27SEP19,1555757945564,open,0.33,0.0,0.31967825,0.36067282,0.33119288,61.98,None,0.0,BTC-27SEP19-3750-C,5313.78,0.0,0.0005,0.3,0.0,0.0,0.0,8.05616,-1.56148,12.14886,0.00011,0.85369
5313.78,index_price,1555757945558,open,0.0,108.6,1.37e-06,0.00056306,0.00048358,83.28,0.001,0,BTC-26APR19-6750-C,5313.78,0.0,0.0,0.0,0.001,10.0,92.34,0.23329,-1.65333,0.01114,6e-05,0.01351
5313.78,index_price,1555757945562,open,0.02,106.6,0.01296104,0.04504072,0.01571028,53.56,0.0175,0,BTC-31MAY19-4500-P,5313.78,52.66,0.015,0.1,0.0165,18.3,54.54,4.22954,-2.77101,-1.0133,0.00025,-0.15457
5313.78,index_price,1555757945562,open,0.01,51.0,0.00266495,0.02049053,0.00528056,57.83,0.006,0,BTC-31MAY19-4000-P,5313.78,55.77,0.0045,5.0,0.0055,0.5,58.39,2.08738,-1.47671,-0.38184,0.00011,-0.05889
5313.78,index_price,1555757945562,open,0.58,0.0,0.57657261,0.57657261,0.57658217,193.91,0.429,0,BTC-26APR19-2250-C,5313.78,0.0,0.0005,20.2,0.0,0.0,0.0,0.00389,-0.06425,0.36206,0.0,0.99985
5313.78,index_price,1555757945560,open,0.06,62.6,0.0604451,0.10651797,0.06186435,51.08,0.0595,0,BTC-31MAY19-5250-P,5313.78,50.04,0.0605,5.0,0.0645,9.6,53.07,7.00822,-4.37855,-2.97444,0.00043,-0.43797
5313.78,index_price,1555757945561,open,0.01,1057.7,0.01192809,0.02844505,0.01269453,51.72,0.0155,0,BTC-26APR19-5500-C,5313.78,50.16,0.012,0.6,0.014,16.6,54.61,2.38291,-10.48704,0.25544,0.00101,0.31132
5305.41,BTC-28JUN19,1555757945565,open,0.01,507.2,0.00069251,0.00926693,0.0054759,67.73,0.005,0.0,BTC-28JUN19-9000-C,5313.78,65.41,0.0045,22.0,0.0065,2.0,69.92,2.35992,-1.16031,0.44126,7e-05,0.04955
5313.78,index_price,1555757945558,open,0.2,1359.1,0.20019575,0.20086695,0.20094848,86.49,0.2,0,BTC-26APR19-4250-C,5313.78,0.0,0.15,1.0,0.211,5.0,153.32,0.30241,-2.22562,0.66787,8e-05,0.98172
5313.78,index_price,1555757945563,open,0.02,63.0,0.01597199,0.05428332,0.01990377,54.21,0.019,0,BTC-31MAY19-6250-C,5313.78,53.26,0.019,1.0,0.021,12.8,55.33,5.1353,-3.40498,1.13555,0.0003,0.21073
5308.41,BTC-27SEP19,1555757945560,open,0.33,34.5,0.29878152,0.46964173,0.32535091,61.49,0.3375,0.0,BTC-27DEC19-4000-C,5313.78,54.51,0.309,5.0,0.342,5.0,68.39,12.64657,-1.54976,16.99135,0.00011,0.79104
5305.41,BTC-28JUN19,1555757945566,open,0.13,786.9,0.11586995,0.15651647,0.12335349,54.63,0.12,0.0,BTC-28JUN19-5000-C,5313.78,53.18,0.121,12.3,0.126,7.2,56.27,8.59074,-3.4071,5.20982,0.0003,0.64375
5313.78,index_price,1555757945563,open,0.3,225.9,0.29428768,0.29430257,0.29440015,101.54,0.282,0,BTC-26APR19-3750-C,5313.78,0.0,0.0005,25.2,0.3835,0.1,483.35,0.05802,-0.50136,0.60117,1e-05,0.9972
5313.78,index_price,1555757945558,open,0.3,0.0,0.29523762,0.30692471,0.29705511,59.81,None,0,BTC-31MAY19-3750-C,5313.78,0.0,0.0005,0.2,0.0,0.0,0.0,1.30179,-0.95241,3.98805,7e-05,0.96722
5313.78,index_price,1555757945563,open,0.22,0.0,0.22324887,0.22466383,0.22393441,75.85,None,0,BTC-26APR19-6500-P,5313.78,0.0,0.001,20.0,0.2895,0.1,273.51,0.33188,-2.14216,-1.02951,0.0001,-0.97961
5308.41,BTC-27SEP19,1555757945558,open,0.58,0.0,0.54971652,0.76746373,0.58571532,63.39,None,0.0,BTC-27DEC19-8000-P,5313.78,0.0,0.001,0.5,0.0,0.0,0.0,15.35616,-1.9402,-46.82455,0.00013,-0.69763
5308.41,BTC-27SEP19,1555757945560,open,0.17,69.8,0.13201182,0.34161144,0.16705472,61.31,0.168,0.0,BTC-27DEC19-5000-P,5313.78,60.0,0.163,5.0,0.1695,9.6,62.1,16.38416,-2.00195,-19.04729,0.00014,-0.35498
5313.78,index_price,1555757945561,open,0.05,77.1,0.05174936,0.09839378,0.05335913,51.21,0.056,0,BTC-31MAY19-5500-C,5313.78,49.06,0.0505,9.6,0.0555,10.0,52.83,7.04716,-4.41479,2.38479,0.00044,0.45411
5313.78,index_price,1555757945566,open,0.44,5.9,0.43543015,0.43543015,0.43544296,134.04,0.4005,0,BTC-26APR19-3000-C,5313.78,0.0,0.0005,20.2,0.0,0.0,0.0,0.00708,-0.08081,0.48268,0.0,0.99972
179.17,ETH-27SEP19,1555757945582,open,0.61,0.0,0.594801,0.670112,0.620311,73.27,None,0.0,ETH-27SEP19-280-P,173.41,0.0,0.004,5.0,0.658,1.0,89.98,0.37586,-0.08612,-1.07635,0.00365,-0.7512
179.17,ETH-27SEP19,1555757945584,open,0.61,0.0,0.594801,0.670112,0.620311,73.27,None,0.0,ETH-27SEP19-280-P,173.41,0.0,0.004,5.0,0.659,2.0,90.4,0.37586,-0.08612,-1.07635,0.00365,-0.7512
179.17,ETH-27SEP19,1555757945585,open,0.92,0.0,0.909783,0.965084,0.934576,78.67,None,0.0,ETH-27SEP19-340-P,173.41,0.0,0.003,6.0,0.956,1.0,90.49,0.29552,-0.07271,-1.38795,0.00267,-0.83399
176.54,ETH-28JUN19,1555757945587,open,0.28,1136.0,0.278333,0.365223,0.292504,70.04,0.358,0.0,ETH-28JUN19-220-P,173.41,0.0,0.011,14.0,0.3,1.0,75.05,0.25988,-0.13213,-0.33599,0.00631,-0.71609
176.51,ETH-28JUN19,1555757945594,open,0.38,1687.0,0.377398,0.453959,0.394609,74.98,0.449,0.0,ETH-28JUN19-240-P,173.41,0.0,0.006,12.0,0.398,1.0,77.59,0.22556,-0.12277,-0.39205,0.00512,-0.78247
5308.53,BTC-27SEP19,1555757945648,open,0.24,2.4,0.2248598,0.29328349,0.25368358,64.99,0.284,0.0,BTC-27SEP19-6000-P,5313.78,57.5,0.234,1.0,0.316,1.0,88.62,13.98227,-2.84206,-18.1698,0.00017,-0.52774
176.51,ETH-28JUN19,1555757946350,open,0.04,976.0,0.017702,0.094262,0.035312,75.34,0.039,0.0,ETH-28JUN19-240-C,173.41,74.26,0.034,40.0,0.038,180.0,77.36,0.22649,-0.12387,0.06119,0.00511,0.2191
5313.63,index_price,1555757946557,open,0.01,0.3,0.0086066,0.05375894,0.01423143,50.06,0.014,0,BTC-3MAY19-5000-P,5313.63,47.95,0.013,0.2,0.015,0.5,51.36,3.12921,-6.08308,-0.4837,0.00063,-0.24382
176.54,ETH-28JUN19,1555757946565,open,0.01,598.0,0.006532,0.050992,0.012639,70.88,0.02,0.0,ETH-28JUN19-120-P,173.35,66.57,0.01,210.0,0.014,150.0,72.95,0.11358,-0.05845,-0.03073,0.00272,-0.07961
179.2,ETH-27SEP19,1555757946565,open,0.03,112.0,0.004674,0.043394,0.026115,83.45,0.026,0.0,ETH-27SEP19-400-C,173.35,81.81,0.024,60.0,0.029,150.0,85.58,0.23647,-0.06171,0.07325,0.00201,0.11944
176.54,ETH-28JUN19,1555757946565,open,0.05,3118.0,0.038718,0.116639,0.050701,68.98,0.048,0.0,ETH-28JUN19-150-P,173.35,65.5,0.046,120.0,0.052,180.0,69.93,0.24055,-0.12045,-0.09817,0.00593,-0.24399
176.54,ETH-28JUN19,1555757946565,open,1.81,0.0,1.832223,1.837764,1.835594,107.16,None,0.0,ETH-28JUN19-500-P,173.35,0.0,0.002,2.0,0.0,0.0,0.0,0.0411,-0.03198,-0.93711,0.00065,-0.97745
176.54,ETH-28JUN19,1555757946565,open,0.29,325.0,0.276777,0.333278,0.284423,69.41,0.268,0.0,ETH-28JUN19-130-C,173.35,0.0,0.14,50.0,0.7,1.0,428.53,0.15509,-0.07814,0.19778,0.0038,0.87813
179.2,ETH-27SEP19,1555757946565,open,1.13,1.0,1.126948,1.170682,1.150991,82.89,1.285,0.0,ETH-27SEP19-380-P,173.35,0.0,0.161,1.0,0.0,0.0,0.0,0.25954,-0.06728,-1.58117,0.00223,-0.86344
179.2,ETH-27SEP19,1555757946566,open,0.29,155.0,0.275285,0.345224,0.290721,68.02,0.26,0.0,ETH-27SEP19-140-C,173.35,0.0,0.12,75.0,0.739,1.0,315.54,0.35083,-0.07463,0.38434,0.00367,0.78037
176.54,ETH-28JUN19,1555757946566,open,0.7,0.0,0.701944,0.746571,0.715107,84.59,None,0.0,ETH-28JUN19-300-P,173.35,0.0,0.002,15.0,0.0,0.0,0.0,0.13845,-0.08502,-0.53672,0.00278,-0.89603
179.2,ETH-27SEP19,1555757946566,open,0.18,1553.0,0.159977,0.249547,0.18073,68.02,0.175,0.0,ETH-27SEP19-180-P,173.35,66.19,0.176,60.0,0.185,90.0,69.68,0.46231,-0.09835,-0.46745,0.00483,-0.41481
176.54,ETH-28JUN19,1555757946566,open,0.39,10.0,0.379721,0.412521,0.384164,72.65,0.265,0.0,ETH-28JUN19-110-C,173.35,0.0,0.002,8.0,0.0,0.0,0.0,0.07755,-0.0409,0.1889,0.00182,0.95122
179.2,ETH-27SEP19,1555757946565,open,0.07,1231.0,0.056535,0.126474,0.071971,68.02,0.07,0.0,ETH-27SEP19-140-P,173.35,65.99,0.068,60.0,0.074,120.0,69.06,0.35083,-0.07463,-0.22888,0.00367,-0.21963
176.54,ETH-28JUN19,1555757946566,open,0.17,1073.0,0.152584,0.238401,0.166282,68.92,0.164,0.0,ETH-28JUN19-160-C,173.35,65.5,0.161,150.0,0.17,90.0,71.32,0.27288,-0.13653,0.17239,0.00673,0.68377
176.54,ETH-28JUN19,1555757946566,open,0.0,1990.0,0.001006,0.023442,0.00418,75.7,0.005,0.0,ETH-28JUN19-100-P,173.35,66.52,0.002,210.0,0.006,150.0,81.38,0.05101,-0.02803,-0.01112,0.00115,-0.02919
176.54,ETH-28JUN19,1555757946566,open,0.5,0.0,0.490484,0.504515,0.492807,80.83,None,0.0,ETH-28JUN19-90-C,173.35,0.0,0.001,10.0,0.0,0.0,0.0,0.03413,-0.02002,0.16293,0.00072,0.98189
176.54,ETH-28JUN19,1555757946566,open,0.06,491.0,0.04281,0.133764,0.058161,69.92,0.055,0.0,ETH-28JUN19-210-C,173.35,68.55,0.056,180.0,0.064,180.0,73.57,0.28017,-0.14221,0.09303,0.00681,0.33741
176.54,ETH-28JUN19,1555757946565,open,0.59,0.0,0.591066,0.645419,0.607021,82.59,None,0.0,ETH-28JUN19-280-P,173.35,0.0,0.004,12.0,0.0,0.0,0.0,0.16593,-0.09949,-0.4906,0.00342,-0.86567
179.2,ETH-27SEP19,1555757946566,open,0.67,0.0,0.665378,0.670986,0.668257,84.9,None,0.0,ETH-27SEP19-60-C,173.35,0.0,0.001,4.0,0.0,0.0,0.0,0.03952,-0.01049,0.25024,0.00033,0.98707
179.2,ETH-27SEP19,1555757946566,open,0.04,1638.0,0.026238,0.079394,0.037868,68.6,0.037,0.0,ETH-27SEP19-120-P,173.35,67.28,0.036,60.0,0.04,150.0,70.08,0.25545,-0.0548,-0.13446,0.00265,-0.13344
179.2,ETH-27SEP19,1555757946566,open,0.03,818.0,0.006412,0.050146,0.030455,82.89,0.032,0.0,ETH-27SEP19-380-C,173.35,82.58,0.03,50.0,0.032,150.0,83.94,0.25954,-0.06728,0.08329,0.00223,0.13656
179.2,ETH-27SEP19,1555757946566,open,0.03,120.0,0.008819,0.058094,0.033073,80.62,0.026,0.0,ETH-27SEP19-360-C,173.35,79.92,0.032,45.0,0.035,150.0,81.86,0.27534,-0.06943,0.09102,0.00243,0.14904
176.54,ETH-28JUN19,1555757946566,open,0.81,0.0,0.813965,0.850289,0.826181,88.69,None,0.0,ETH-28JUN19-320-P,173.35,0.0,0.002,15.0,0.0,0.0,0.0,0.1228,-0.07906,-0.57894,0.00235,-0.91168
176.54,ETH-28JUN19,1555757946566,open,0.16,1836.0,0.149983,0.245046,0.165748,69.17,0.162,0.0,ETH-28JUN19-190-P,173.35,65.83,0.16,90.0,0.17,90.0,71.63,0.30458,-0.15293,-0.2343,0.00749,-0.53757
176.54,ETH-28JUN19,1555757946566,open,0.02,876.0,0.002612,0.04724,0.01576,84.57,0.015,0.0,ETH-28JUN19-300-C,173.35,82.26,0.014,150.0,0.018,210.0,87.34,0.13839,-0.08496,0.02936,0.00278,0.1039
179.2,ETH-27SEP19,1555757946566,open,0.12,210.0,0.083945,0.174976,0.108456,69.62,0.108,0.0,ETH-27SEP19-220-C,173.35,69.83,0.109,60.0,0.112,120.0,70.99,0.46235,-0.10067,0.24058,0.00472,0.41495
176.54,ETH-28JUN19,1555757946566,open,0.14,1138.0,0.121347,0.212651,0.136247,68.93,0.14,0.0,ETH-28JUN19-170-C,173.35,66.98,0.133,1.0,0.14,90.0,71.18,0.29453,-0.14738,0.15737,0.00727,0.60864
176.54,ETH-28JUN19,1555757946566,open,0.0,1784.0,0.000284,0.014314,0.00261,80.84,0.006,0.0,ETH-28JUN19-90-P,173.35,69.95,0.001,5.0,0.004,150.0,87.13,0.03415,-0.02004,-0.00691,0.00072,-0.01813
179.2,ETH-27SEP19,1555757946566,open,0.56,0.0,0.555612,0.572749,0.55973,72.85,None,0.0,ETH-27SEP19-80-C,173.35,0.0,0.001,4.0,0.0,0.0,0.0,0.07579,-0.01727,0.32374,0.00074,0.97218
179.2,ETH-27SEP19,1555757946566,open,1.67,0.0,1.679929,1.703489,1.697847,90.0,None,0.0,ETH-27SEP19-480-P,173.35,0.0,0.0,0.0,0.0,0.0,0.0,0.18861,-0.05309,-2.04892,0.00149,-0.91249
179.2,ETH-27SEP19,1555757946566,open,0.42,121.0,0.400374,0.487613,0.423304,69.69,0.507,0.0,ETH-27SEP19-240-P,173.35,0.0,0.006,8.0,0.475,1.0,90.15,0.43629,-0.09509,-0.84751,0.00445,-0.65643
176.54,ETH-28JUN19,1555757946566,open,0.01,354.0,9.1e-05,0.015631,0.008242,101.84,0.007,0.0,ETH-28JUN19-400-C,173.35,99.01,0.007,10.0,0.01,210.0,105.44,0.08135,-0.06014,0.01451,0.00136,0.0518
179.2,ETH-27SEP19,1555757946566,open,0.12,1467.0,0.10132,0.183624,0.120197,68.02,0.114,0.0,ETH-27SEP19-160-P,173.35,65.82,0.115,60.0,0.123,120.0,69.21,0.4223,-0.08984,-0.34296,0.00441,-0.31674
179.2,ETH-27SEP19,1555757946566,open,1.46,0.0,1.457861,1.488089,1.477145,86.53,None,0.0,ETH-27SEP19-440-P,173.35,0.0,0.0,0.0,0.0,0.0,0.0,0.20796,-0.05628,-1.86597,0.00171,-0.90012
179.2,ETH-27SEP19,1555757946566,open,0.81,1.0,0.802496,0.864286,0.828682,77.3,0.93,0.0,ETH-27SEP19-320-P,173.35,0.0,0.003,6.0,0.854,1.0,90.22,0.32195,-0.07784,-1.28615,0.00296,-0.80989
176.54,ETH-28JUN19,1555757946566,open,0.25,337.0,0.230607,0.298549,0.240234,68.89,0.242,0.0,ETH-28JUN19-140-C,173.35,0.0,0.18,6.0,0.31,1.0,123.48,0.19953,-0.09979,0.19394,0.00492,0.8224
176.54,ETH-28JUN19,1555757946566,open,0.08,1735.0,0.056475,0.150285,0.072897,69.92,0.069,0.0,ETH-28JUN19-200-C,173.35,68.19,0.07,120.0,0.077,60.0,72.36,0.29586,-0.15017,0.10825,0.00719,0.39785
179.2,ETH-27SEP19,1555757946566,open,0.0,120.0,0.0002,0.005807,0.003079,84.9,0.01,0.0,ETH-27SEP19-60-P,173.35,72.02,0.001,2000.0,0.005,150.0,92.37,0.03952,-0.01049,-0.01257,0.00033,-0.01293
179.2,ETH-27SEP19,1555757946566,open,0.05,491.0,0.023193,0.091736,0.049512,75.39,0.048,0.0,ETH-27SEP19-300-C,173.35,74.6,0.048,60.0,0.052,120.0,76.66,0.34814,-0.08208,0.13124,0.00328,0.21672
179.2,ETH-27SEP19,1555757946566,open,0.33,393.0,0.311624,0.402655,0.336135,69.62,0.332,0.0,ETH-27SEP19-220-P,173.35,53.28,0.295,60.0,0.364,60.0,80.32,0.46235,-0.10067,-0.72306,0.00472,-0.58505
176.48,ETH-28JUN19,1555757946567,open,1.25,0.0,1.266636,1.282154,1.274018,100.15,None,0.0,ETH-28JUN19-400-P,173.35,0.0,0.002,2.0,0.0,0.0,0.0,0.07669,-0.05576,-0.74126,0.0013,-0.95187
176.48,ETH-28JUN19,1555757946567,open,0.24,1463.0,0.232661,0.323589,0.247848,69.82,0.249,0.0,ETH-28JUN19-210-P,173.35,0.0,0.012,1.0,0.256,1.0,74.91,0.27982,-0.14184,-0.30345,0.00682,-0.66337
176.48,ETH-28JUN19,1555757946567,open,0.49,0.0,0.482754,0.547953,0.49987,78.91,None,0.0,ETH-28JUN19-260-P,173.35,0.0,0.002,15.0,0.0,0.0,0.0,0.1931,-0.11061,-0.44328,0.00416,-0.83123
176.48,ETH-28JUN19,1555757946567,open,0.01,1225.0,0.002819,0.035661,0.007349,72.83,0.007,0.0,ETH-28JUN19-110-P,173.35,69.62,0.006,60.0,0.009,210.0,76.37,0.07808,-0.04128,-0.01884,0.00182,-0.04922
173.35,index_price,1555757946566,open,0.0,10.0,0.0,0.000227,9.5e-05,104.91,0.001,0,ETH-26APR19-120-P,173.35,0.0,0.0,0.0,0.001,30.0,139.33,0.0016,-0.01429,-7e-05,0.00032,-0.00233
176.48,ETH-28JUN19,1555757946567,open,1.03,0.0,1.04024,1.063992,1.049376,94.2,None,0.0,ETH-28JUN19-360-P,173.35,0.0,0.002,2.0,0.0,0.0,0.0,0.09377,-0.06412,-0.66181,0.00169,-0.93793
179.14,ETH-27SEP19,1555757946567,open,0.06,314.0,0.032016,0.10731,0.057932,73.46,0.064,0.0,ETH-27SEP19-280-C,173.35,73.5,0.058,60.0,0.062,120.0,75.38,0.3765,-0.0865,0.15046,0.00365,0.24969
179.14,ETH-27SEP19,1555757946567,open,0.04,229.0,0.016752,0.078507,0.042693,77.18,0.042,0.0,ETH-27SEP19-320-C,173.35,76.23,0.041,60.0,0.045,120.0,78.45,0.32102,-0.07748,0.11505,0.00296,0.18932
176.48,ETH-28JUN19,1555757946567,open,0.56,0.0,0.54675,0.554628,0.551821,105.28,None,0.0,ETH-28JUN19-80-C,173.35,0.0,0.001,10.0,0.0,0.0,0.0,0.04492,-0.03433,0.1409,0.00073,0.97492
176.48,ETH-28JUN19,1555757946567,open,0.34,25.0,0.326589,0.371098,0.33289,71.17,0.315,0.0,ETH-28JUN19-120-C,173.35,0.0,0.002,10.0,0.0,0.0,0.0,0.11443,-0.05912,0.19538,0.00274,0.91958
179.14,ETH-27SEP19,1555757946567,open,0.46,0.0,0.450992,0.485296,0.459022,70.4,None,0.0,ETH-27SEP19-100-C,173.35,0.0,0.001,6.0,0.0,0.0,0.0,0.15722,-0.03462,0.37044,0.00159,0.93112
179.14,ETH-27SEP19,1555757946567,open,0.51,1.0,0.495617,0.577338,0.516166,69.65,0.573,0.0,ETH-27SEP19-260-P,173.35,0.0,0.014,1.0,0.565,1.0,90.11,0.40032,-0.0872,-0.96858,0.00409,-0.71823
173.35,index_price,1555757946566,open,0.05,10.0,0.053832,0.080412,0.056855,66.55,0.056,0,ETH-26APR19-180-P,173.35,55.95,0.052,150.0,0.058,150.0,69.0,0.08088,-0.45804,-0.01991,0.02512,-0.65675
179.14,ETH-27SEP19,1555757946567,open,0.18,278.0,0.155373,0.244957,0.176266,68.07,0.18,0.0,ETH-27SEP19-180-C,173.35,66.81,0.173,60.0,0.18,90.0,69.52,0.46221,-0.0984,0.3207,0.00483,0.58497
176.48,ETH-28JUN19,1555757946567,open,0.07,2337.0,0.059019,0.144872,0.072746,68.93,0.078,0.0,ETH-28JUN19-160-P,173.35,65.86,0.068,180.0,0.075,120.0,70.39,0.27294,-0.13659,-0.12967,0.00674,-0.31664
173.35,index_price,1555757946565,open,0.02,628.0,0.01547,0.04205,0.018853,67.32,0.028,0,ETH-26APR19-180-C,173.35,67.63,0.019,1.0,0.022,210.0,73.99,0.08106,-0.46437,0.00911,0.02489,0.34531
176.48,ETH-28JUN19,1555757946567,open,0.2,1851.0,0.189643,0.283439,0.205784,69.76,0.21,0.0,ETH-28JUN19-200-P,173.35,66.29,0.2,90.0,0.21,90.0,72.27,0.29557,-0.14968,-0.26937,0.00721,-0.60309
176.48,ETH-28JUN19,1555757946567,open,0.03,2651.0,0.023689,0.091682,0.033354,68.91,0.032,0.0,ETH-28JUN19-140-P,173.35,65.91,0.03,120.0,0.035,180.0,70.36,0.19972,-0.09991,-0.07037,0.00493,-0.17795
179.14,ETH-27SEP19,1555757946567,open,0.02,57.0,0.001355,0.02489,0.018838,89.61,0.018,0.0,ETH-27SEP19-480-C,173.35,87.79,0.017,60.0,0.021,150.0,91.63,0.1862,-0.05218,0.05274,0.00148,0.08606
179.14,ETH-27SEP19,1555757946567,open,0.07,581.0,0.044238,0.125959,0.065273,69.87,0.078,0.0,ETH-27SEP19-260-C,173.35,72.4,0.071,60.0,0.074,120.0,73.71,0.40106,-0.08764,0.17073,0.00408,0.28286
176.48,ETH-28JUN19,1555757946568,open,0.44,0.0,0.434373,0.456842,0.43773,76.3,None,0.0,ETH-28JUN19-100-C,173.35,0.0,0.006,5.0,0.0,0.0,0.0,0.05229,-0.02896,0.17723,0.00117,0.96991
176.48,ETH-28JUN19,1555757946568,open,0.01,265.0,0.00134,0.037623,0.013561,88.73,0.01,0.0,ETH-28JUN19-320-C,173.35,86.41,0.012,150.0,0.016,210.0,92.08,0.12273,-0.07905,0.02489,0.00235,0.08829
173.35,index_price,1555757946566,open,0.03,33.0,0.03246,0.072403,0.037949,67.62,0.04,0.2,ETH-3MAY19-170-P,173.35,62.14,0.034,200.0,0.044,200.0,75.99,0.12515,-0.28775,-0.02632,0.01746,-0.39254
173.35,index_price,1555757946566,open,0.1,95.0,0.100474,0.120603,0.105327,76.18,0.112,0,ETH-26APR19-190-P,173.35,53.75,0.099,50.0,0.105,50.0,75.21,0.0585,-0.37924,-0.02571,0.01587,-0.81607
179.14,ETH-27SEP19,1555757946568,open,1.24,0.0,1.237554,1.276243,1.258258,82.9,None,0.0,ETH-27SEP19-400-P,173.35,0.0,0.001,9.0,0.0,0.0,0.0,0.23305,-0.06042,-1.68011,0.002,-0.88294
179.14,ETH-27SEP19,1555757946568,open,0.23,123.0,0.208303,0.290633,0.227339,68.09,0.23,0.0,ETH-27SEP19-160-C,173.35,65.82,0.222,60.0,0.231,90.0,69.64,0.42231,-0.08992,0.35753,0.00441,0.68299
179.14,ETH-27SEP19,1555757946568,open,1.03,0.0,1.018404,1.067644,1.042001,80.21,None,0.0,ETH-27SEP19-360-P,173.35,0.0,0.01,4.0,1.058,1.0,89.82,0.27274,-0.06842,-1.48692,0.00242,-0.85299
173.35,index_price,1555757946565,open,0.0,20.0,1e-06,0.001153,0.000625,104.89,0.003,0,ETH-26APR19-130-P,173.35,0.0,0.0,0.0,0.002,150.0,126.34,0.00732,-0.06531,-0.00038,0.00144,-0.01291
173.35,index_price,1555757946566,open,0.01,245.0,0.004426,0.024554,0.009658,77.3,0.014,0,ETH-26APR19-190-C,173.35,75.35,0.009,1.0,0.011,100.0,81.15,0.05926,-0.38979,0.00497,0.01585,0.18779
173.35,index_price,1555757946567,open,0.05,199.0,0.040714,0.067772,0.043266,65.25,0.045,0,ETH-26APR19-170-C,173.35,62.65,0.042,150.0,0.048,150.0,74.94,0.08444,-0.46887,0.01579,0.02675,0.60915
173.35,index_price,1555757946567,open,0.0,2.0,5.1e-05,0.004158,0.001107,88.52,0.002,0,ETH-26APR19-140-P,173.35,0.0,0.0,0.0,0.002,100.0,98.47,0.01289,-0.09707,-0.00073,0.00301,-0.02507
173.35,index_price,1555757946566,open,0.26,0.0,0.250073,0.251225,0.250957,110.35,0.252,0,ETH-26APR19-130-C,173.35,0.0,0.25,1.0,0.332,1.0,413.95,0.00917,-0.0861,0.02043,0.00172,0.98322
173.35,index_price,1555757946567,open,0.0,205.0,0.000781,0.011472,0.002028,71.83,0.002,0,ETH-26APR19-150-P,173.35,62.62,0.001,100.0,0.003,250.0,78.38,0.02313,-0.14138,-0.00149,0.00666,-0.05123
173.35,index_price,1555757946567,open,0.2,149.0,0.192436,0.196543,0.193772,92.02,0.187,0,ETH-26APR19-140-C,173.35,80.66,0.193,1.0,0.264,1.0,327.95,0.01475,-0.11551,0.02168,0.00331,0.97052
173.35,index_price,1555757946567,open,0.0,533.0,0.00018,0.007405,0.003049,93.17,0.005,0.2,ETH-26APR19-210-C,173.35,85.65,0.002,250.0,0.005,356.0,104.11,0.02696,-0.2194,0.00165,0.00598,0.06225
173.35,index_price,1555757946565,open,0.15,100.0,0.15469,0.167272,0.158894,85.77,0.153,0,ETH-26APR19-200-P,173.35,0.0,0.152,50.0,0.158,50.0,81.7,0.03969,-0.28965,-0.02944,0.00957,-0.89611
173.35,index_price,1555757946565,open,0.04,15.0,0.031769,0.072677,0.038722,69.45,0.042,0.2,ETH-3MAY19-180-C,173.35,60.31,0.032,150.0,0.043,150.0,75.23,0.12804,-0.38276,0.0241,0.01739,0.43279
173.35,index_price,1555757946566,open,0.2,0.0,0.207708,0.214933,0.210159,90.37,None,0.2,ETH-26APR19-210-P,173.35,0.0,0.003,2.0,0.276,2.0,270.5,0.0249,-0.08186,-0.0322,0.00569,-0.94377
173.35,index_price,1555757946568,open,0.01,215.0,0.005503,0.025621,0.006859,64.66,0.007,0,ETH-26APR19-160-P,173.35,54.3,0.004,250.0,0.008,250.0,68.35,0.05227,-0.28764,-0.0045,0.01671,-0.15439
179.2,ETH-27SEP19,1555757946570,open,0.61,0.0,0.594564,0.66989,0.620694,73.56,None,0.0,ETH-27SEP19-280-P,173.35,0.0,0.004,5.0,0.658,1.0,90.08,0.37718,-0.08677,-1.0756,0.00365,-0.74962
179.2,ETH-27SEP19,1555757946578,open,0.61,0.0,0.594564,0.66989,0.620694,73.56,None,0.0,ETH-27SEP19-280-P,173.35,0.0,0.004,5.0,0.658,2.0,90.08,0.37718,-0.08677,-1.0756,0.00365,-0.74962
179.2,ETH-27SEP19,1555757946580,open,0.92,0.0,0.909477,0.964795,0.935069,79.15,None,0.0,ETH-27SEP19-340-P,173.35,0.0,0.003,6.0,0.955,1.0,90.12,0.29824,-0.07382,-1.38675,0.00268,-0.83166
179.14,ETH-27SEP19,1555757946581,open,0.71,10.0,0.697823,0.766332,0.723619,75.13,0.781,0.0,ETH-27SEP19-300-P,173.35,0.0,0.004,4.0,0.734,1.0,80.32,0.34662,-0.08144,-1.18358,0.00328,-0.78478
176.48,ETH-28JUN19,1555757946584,open,0.24,1463.0,0.232661,0.323589,0.247848,69.82,0.249,0.0,ETH-28JUN19-210-P,173.35,0.0,0.012,1.0,0.257,1.0,75.53,0.27982,-0.14184,-0.30345,0.00682,-0.66337
173.35,index_price,1555757946674,open,0.2,149.0,0.192436,0.196543,0.193772,92.02,0.187,0,ETH-26APR19-140-C,173.35,0.0,0.192,1.0,0.264,1.0,327.95,0.01475,-0.11551,0.02168,0.00331,0.97052
173.35,index_price,1555757946721,open,0.2,149.0,0.192436,0.196543,0.193772,92.02,0.187,0,ETH-26APR19-140-C,173.35,0.0,0.192,1.0,0.263,1.0,325.38,0.01475,-0.11551,0.02168,0.00331,0.97052
173.36,index_price,1555757947560,open,0.27,0.0,0.255522,0.262731,0.257506,88.04,None,0.2,ETH-3MAY19-130-C,173.36,0.0,0.0,0.0,0.345,1.0,297.74,0.02278,-0.14546,0.04351,0.00244,0.96898
173.36,index_price,1555757947560,open,0.0,0.0,0.000954,0.015388,0.003032,74.34,None,0.2,ETH-3MAY19-140-P,173.36,0.0,0.0,0.0,0.006,250.0,87.17,0.03324,-0.09098,-0.0032,0.00422,-0.04936
173.36,index_price,1555757947560,open,0.21,0.0,0.199063,0.213497,0.201095,74.1,None,0.2,ETH-3MAY19-140-C,173.36,0.0,0.0,0.0,0.29,1.0,260.21,0.03297,-0.16612,0.04587,0.0042,0.95114
173.36,index_price,1555757947560,open,0.06,4.0,0.062794,0.103703,0.069647,69.32,0.073,0.2,ETH-3MAY19-180-P,173.36,63.01,0.065,150.0,0.075,1.0,76.55,0.12805,-0.28416,-0.03895,0.01742,-0.56727
173.36,index_price,1555757947560,open,0.0,0.0,0.000135,0.007344,0.002162,88.37,None,0.2,ETH-3MAY19-130-P,173.36,0.0,0.0,0.0,0.004,250.0,99.85,0.02304,-0.07589,-0.00206,0.00246,-0.03146
5313.63,index_price,1555757947564,open,0.01,0.2,0.0059056,0.05074146,0.01268634,53.16,0.0105,0,BTC-3MAY19-5750-C,5313.63,50.14,0.011,16.0,0.015,16.0,57.13,3.02655,-6.24779,0.40636,0.00057,0.22948
173.36,index_price,1555757947564,open,0.11,0.0,0.097108,0.130788,0.101943,68.77,None,0.2,ETH-3MAY19-160-C,173.36,53.95,0.094,50.0,0.106,50.0,75.74,0.09878,-0.32728,0.04088,0.01355,0.77038
179.15,ETH-27SEP19,1555757947567,open,0.61,0.0,0.59496,0.67026,0.620465,73.27,None,0.0,ETH-27SEP19-280-P,173.36,0.0,0.004,5.0,0.658,1.0,89.92,0.37576,-0.0861,-1.07641,0.00365,-0.75127
179.15,ETH-27SEP19,1555757947570,open,0.61,0.0,0.59496,0.67026,0.620465,73.27,None,0.0,ETH-27SEP19-280-P,173.36,0.0,0.004,5.0,0.659,2.0,90.34,0.37576,-0.0861,-1.07641,0.00365,-0.75127
179.15,ETH-27SEP19,1555757947571,open,0.92,0.0,0.909988,0.965276,0.934773,78.67,None,0.0,ETH-27SEP19-340-P,173.36,0.0,0.003,6.0,0.956,1.0,90.39,0.29543,-0.07269,-1.388,0.00267,-0.83404
176.48,ETH-28JUN19,1555757947572,open,0.28,1136.0,0.278687,0.365543,0.292332,69.69,0.358,0.0,ETH-28JUN19-220-P,173.36,0.0,0.011,14.0,0.301,1.0,75.48,0.25897,-0.13101,-0.33644,0.00632,-0.71795
173.36,index_price,1555757947570,open,0.11,0.0,0.097108,0.130788,0.101943,68.77,None,0.2,ETH-3MAY19-160-C,173.36,53.95,0.094,50.0,0.105,50.0,74.05,0.09878,-0.32728,0.04088,0.01355,0.77038
173.36,index_price,1555757947605,open,0.16,0.0,0.145127,0.16921,0.148204,69.67,None,0.2,ETH-3MAY19-150-C,173.36,33.9,0.141,50.0,0.152,50.0,79.54,0.06131,-0.23632,0.04535,0.0083,0.88979
173.36,index_price,1555757947610,open,0.16,0.0,0.145127,0.16921,0.148204,69.67,None,0.2,ETH-3MAY19-150-C,173.36,33.9,0.141,50.0,0.151,50.0,77.08,0.06131,-0.23632,0.04535,0.0083,0.88979
173.36,index_price,1555757947616,open,0.1,0.0,0.103667,0.140707,0.111554,72.75,None,0.2,ETH-3MAY19-190-P,173.36,65.53,0.107,50.0,0.118,50.0,82.54,0.11161,-0.23736,-0.05019,0.01447,-0.70912
173.36,index_price,1555757947622,open,0.03,21.0,0.015387,0.052427,0.023211,72.65,0.026,0.2,ETH-3MAY19-190-C,173.36,64.35,0.018,200.0,0.026,200.0,76.94,0.11156,-0.34013,0.01635,0.01448,0.29056
179.15,ETH-27SEP19,1555757947648,open,0.25,994.0,0.231003,0.323167,0.253895,68.68,0.243,0.0,ETH-27SEP19-200-P,173.36,66.83,0.249,60.0,0.259,90.0,70.61,0.47296,-0.10159,-0.59626,0.0049,-0.50596
179.15,ETH-27SEP19,1555757947674,open,0.01,820.0,0.002045,0.019199,0.006227,72.99,0.012,0.0,ETH-27SEP19-80-P,173.36,67.1,0.004,150.0,0.009,150.0,78.86,0.07626,-0.01741,-0.02688,0.00074,-0.02803
179.15,ETH-27SEP19,1555757947676,open,0.23,123.0,0.208329,0.290655,0.227187,68.01,0.23,0.0,ETH-27SEP19-160-C,173.36,65.81,0.222,60.0,0.23,90.0,69.2,0.42231,-0.08982,0.35771,0.00442,0.68304
176.48,ETH-28JUN19,1555757947686,open,0.11,2831.0,0.095046,0.189388,0.110566,68.98,0.118,0.0,ETH-28JUN19-180-C,173.36,68.07,0.109,2.0,0.114,90.0,70.97,0.30476,-0.15261,0.14082,0.00752,0.53343
176.49,ETH-28JUN19,1555757947692,open,0.02,1476.0,0.013185,0.06973,0.0208,69.36,0.019,0.0,ETH-28JUN19-130-P,173.36,66.1,0.018,210.0,0.023,60.0,71.82,0.15511,-0.0781,-0.04754,0.0038,-0.12195
5313.63,index_price,1555757947696,open,0.09,0.0,0.08802837,0.13286423,0.09480911,53.16,None,0,BTC-3MAY19-5750-P,5313.63,49.0,0.0925,4.0,0.098,4.0,58.6,3.02655,-6.24779,-1.622,0.00057,-0.77052
176.48,ETH-28JUN19,1555757947720,open,0.08,1735.0,0.05637,0.150166,0.072897,69.99,0.069,0.0,ETH-28JUN19-200-C,173.36,67.66,0.069,120.0,0.077,60.0,72.43,0.29571,-0.15024,0.10814,0.00719,0.39762
176.48,ETH-28JUN19,1555757947722,open,0.08,1735.0,0.05637,0.150166,0.072897,69.99,0.069,0.0,ETH-28JUN19-200-C,173.36,67.66,0.069,120.0,0.077,180.0,72.43,0.29571,-0.15024,0.10814,0.00719,0.39762
176.48,ETH-28JUN19,1555757947728,open,0.12,4309.0,0.114992,0.209333,0.130309,68.86,0.183,0.0,ETH-28JUN19-180-P,173.36,65.79,0.125,150.0,0.134,90.0,71.0,0.30477,-0.15235,-0.19882,0.00753,-0.46671
176.48,ETH-28JUN19,1555757947733,open,0.05,3118.0,0.038808,0.116774,0.050701,68.9,0.048,0.0,ETH-28JUN19-150-P,173.36,65.43,0.046,120.0,0.052,60.0,69.86,0.24058,-0.12034,-0.09821,0.00594,-0.24422
176.48,ETH-28JUN19,1555757947737,open,0.01,598.0,0.006553,0.051062,0.012623,70.81,0.02,0.0,ETH-28JUN19-120-P,173.36,66.53,0.01,210.0,0.015,210.0,74.37,0.11354,-0.05836,-0.03071,0.00273,-0.0796
176.48,ETH-28JUN19,1555757947742,open,0.05,605.0,0.032087,0.118943,0.046156,69.98,0.053,0.0,ETH-28JUN19-220-C,173.36,69.87,0.046,180.0,0.053,180.0,74.56,0.25951,-0.13183,0.07896,0.00631,0.28327
173.36,index_price,1555757947747,open,0.09,103.0,0.08256,0.102669,0.083927,64.7,0.08,0,ETH-26APR19-160-C,173.36,57.95,0.082,50.0,0.088,50.0,77.2,0.05227,-0.28779,0.02126,0.0167,0.84564
173.36,index_price,1555757947751,open,0.01,245.0,0.004433,0.02457,0.009597,77.09,0.014,0,ETH-26APR19-190-C,173.36,75.32,0.009,1.0,0.011,300.0,81.11,0.05915,-0.38803,0.00496,0.01586,0.18723
