underlying_price,underlying_index,timestamp,state,settlement_price,open_interest,min_price,max_price,mark_price,mark_iv,last_price,interest_rate,instrument_name,index_price,bid_iv,best_bid_price,best_bid_amount,best_ask_price,best_ask_amount,ask_iv,vega,theta,rho,gamma,delta
270.81,SYN.ETH-12JUL19,1562842740013,open,0.0,2001.0,0.001,0.04,0.000381,118.92,0.003,0.0,ETH-12JUL19-240-P,270.74,0.0,0.0,0.0,0.002,92.0,160.61,0.0058,-0.10319,-0.00012,0.00277,-0.01774
271.38,SYN.ETH-19JUL19,1562842740015,open,0.04,1022.0,0.003,0.086,0.044744,111.02,0.041,0.0,ETH-19JUL19-260-P,270.74,105.89,0.042,188.0,0.051,359.0,122.16,0.14988,-1.05646,-0.02402,0.0085,-0.36532
284.33,ETH-27DEC19,1562842740032,open,0.35,87.0,0.336,0.446,0.390879,115.49,0.339,0.0,ETH-27DEC19-320-P,270.82,94.51,0.335,120.0,1.131,1.0,500.0,0.74924,-0.25618,-1.04603,0.00173,-0.40427
284.41,ETH-27DEC19,1562842740032,open,1.27,0.0,1.246,1.432,1.338721,115.77,None,0.0,ETH-27DEC19-640-P,270.82,0.0,0.0,0.0,0.0,0.0,0.0,0.63039,-0.21608,-2.7323,0.00145,-0.73767
270.81,SYN.ETH-12JUL19,1562842740032,open,0.01,921.0,0.001,0.048,0.008166,118.97,0.016,0.0,ETH-12JUL19-260-P,270.82,117.86,0.008,4.0,0.013,386.0,149.64,0.04059,-2.21158,-0.00157,0.01939,-0.23318
277.36,ETH-27SEP19,1562842740033,open,1.15,27.0,1.099,1.273,1.186426,113.12,1.044,0.0,ETH-27SEP19-600-P,270.82,0.0,0.0,0.0,0.0,0.0,0.0,0.24419,-0.17736,-1.22752,0.00132,-0.8879
270.81,SYN.ETH-12JUL19,1562842740031,open,0.01,448.0,0.001,0.05,0.010407,118.73,0.076,0.0,ETH-12JUL19-280-C,270.82,91.26,0.006,257.0,0.015,227.0,145.19,0.04563,-2.70867,0.00184,0.02184,0.29304
277.36,ETH-27SEP19,1562842740033,open,0.88,12.0,0.835,0.987,0.910771,110.5,1.193,0.0,ETH-27SEP19-520-P,270.82,0.0,0.0,0.0,0.0,0.0,0.0,0.3174,-0.22519,-1.03339,0.00175,-0.8355
277.36,ETH-27SEP19,1562842740034,open,1.02,24.0,0.966,1.129,1.047802,111.91,1.356,0.0,ETH-27SEP19-560-P,270.82,0.0,0.0,0.0,0.0,0.0,0.0,0.27887,-0.20038,-1.13164,0.00152,-0.86449
271.99,SYN.ETH-26JUL19,1562842740031,open,0.0,1236.0,0.001,0.04,0.000268,115.79,0.001,0.0,ETH-26JUL19-520-C,270.82,0.0,0.0,0.0,0.002,220.0,146.19,0.00645,-0.02509,0.00041,0.00018,0.00396
270.81,SYN.ETH-12JUL19,1562842740032,open,0.61,0.0,0.56,0.689,0.624853,342.78,None,0.0,ETH-12JUL19-440-P,270.82,0.0,0.0,0.0,0.0,0.0,0.0,0.00103,-0.17656,-0.01054,0.00017,-0.9975
271.99,SYN.ETH-26JUL19,1562842740031,open,0.82,0.0,0.766,0.912,0.838885,118.86,None,0.0,ETH-26JUL19-500-P,270.82,0.0,0.0,0.0,0.0,0.0,0.0,0.01179,-0.04711,-0.20297,0.00033,-0.99218
270.81,SYN.ETH-12JUL19,1562842740032,open,0.0,0.0,0.001,0.04,0.0,118.88,None,0.0,ETH-12JUL19-200-P,270.82,0.0,0.0,0.0,0.001,250.0,304.71,0.0,0.0,0.0,0.0,0.0
271.4,SYN.ETH-19JUL19,1562842740032,open,0.0,0.0,0.001,0.04,0.000342,115.79,None,0.0,ETH-19JUL19-420-C,270.82,0.0,0.0,0.0,0.002,195.0,145.49,0.0073,-0.05368,0.00036,0.0004,0.00653
271.38,SYN.ETH-19JUL19,1562842740023,open,0.04,1022.0,0.003,0.086,0.044744,111.02,0.041,0.0,ETH-19JUL19-260-P,270.74,105.89,0.042,188.0,0.051,365.0,122.16,0.14988,-1.05646,-0.02402,0.0085,-0.36532
271.4,SYN.ETH-19JUL19,1562842740033,open,0.27,0.0,0.226,0.305,0.265067,114.54,None,0.0,ETH-19JUL19-200-C,270.82,0.0,0.0,0.0,0.0,0.0,0.0,0.02623,-0.19072,0.04135,0.00144,0.97119
271.4,SYN.ETH-19JUL19,1562842740033,open,0.0,181.0,0.001,0.042,0.002034,115.07,0.001,0.0,ETH-19JUL19-200-P,270.82,0.0,0.0,0.0,0.004,142.0,131.35,0.02663,-0.19451,-0.00184,0.00146,-0.02934
271.4,SYN.ETH-19JUL19,1562842740032,open,0.0,140.0,0.001,0.04,0.000798,115.78,0.004,0.0,ETH-19JUL19-400-C,270.82,0.0,0.0,0.0,0.003,194.0,141.24,0.01428,-0.105,0.00078,0.00078,0.01407
277.28,ETH-27SEP19,1562842740042,open,0.0,8280.0,0.001,0.044,0.004592,102.04,0.003,0.0,ETH-27SEP19-120-P,270.82,88.71,0.002,300.0,0.007,537.0,110.79,0.06742,-0.04417,-0.01578,0.0004,-0.02208
271.4,SYN.ETH-19JUL19,1562842740053,open,0.0,90.0,0.001,0.043,0.00392,115.75,0.003,0.0,ETH-19JUL19-360-C,270.82,102.21,0.002,301.0,0.007,488.0,131.18,0.0459,-0.3373,0.00313,0.0025,0.05745
271.4,SYN.ETH-19JUL19,1562842740062,open,0.01,1010.0,0.001,0.047,0.006904,111.26,0.001,0.0,ETH-19JUL19-220-P,270.82,91.06,0.003,300.0,0.011,460.0,127.27,0.06253,-0.44166,-0.00543,0.00354,-0.0859
270.81,SYN.ETH-12JUL19,1562842740072,open,0.0,699.0,0.001,0.04,3.8e-05,118.81,0.001,0.0,ETH-12JUL19-320-C,270.82,0.0,0.0,0.0,0.001,140.0,177.74,0.00094,-0.01036,1e-05,0.00045,0.00226
271.99,SYN.ETH-26JUL19,1562842740073,open,0.05,1008.0,0.01,0.089,0.049614,109.05,0.06,0.0,ETH-26JUL19-300-C,270.82,101.63,0.044,437.0,0.054,220.0,114.79,0.20709,-0.75908,0.03538,0.0063,0.36875
271.4,SYN.ETH-19JUL19,1562842740091,open,0.0,140.0,0.001,0.04,0.000798,115.78,0.004,0.0,ETH-19JUL19-400-C,270.82,0.0,0.0,0.0,0.003,193.0,141.24,0.01428,-0.105,0.00078,0.00078,0.01407
271.4,SYN.ETH-19JUL19,1562842740093,open,0.0,311.0,0.001,0.041,0.001799,115.75,0.003,0.0,ETH-19JUL19-380-C,270.82,0.0,0.0,0.0,0.004,170.0,133.1,0.02643,-0.19426,0.0016,0.00144,0.02908
271.99,SYN.ETH-26JUL19,1562842740095,open,0.01,1570.0,0.001,0.045,0.005773,115.6,0.009,0.0,ETH-26JUL19-400-C,270.82,102.31,0.003,537.0,0.009,300.0,127.1,0.06733,-0.26161,0.00626,0.00193,0.06226
271.99,SYN.ETH-26JUL19,1562842740110,open,0.01,3248.0,0.001,0.054,0.014613,114.83,0.015,0.0,ETH-26JUL19-360-C,270.82,106.18,0.011,664.0,0.019,297.0,124.2,0.12049,-0.46506,0.01358,0.00348,0.13711
271.99,SYN.ETH-26JUL19,1562842740133,open,0.03,1034.0,0.001,0.074,0.033584,104.31,0.048,0.0,ETH-26JUL19-240-P,270.82,92.01,0.026,237.0,0.039,574.0,112.79,0.17152,-0.60139,-0.03056,0.00545,-0.24213
271.99,SYN.ETH-26JUL19,1562842740139,open,0.0,1248.0,0.001,0.04,9.3e-05,115.8,0.001,0.0,ETH-26JUL19-560-C,270.82,0.0,0.0,0.0,0.001,173.0,146.36,0.00264,-0.01028,0.00015,8e-05,0.00148
271.99,SYN.ETH-26JUL19,1562842740140,open,0.09,908.0,0.057,0.144,0.100641,104.34,0.105,0.0,ETH-26JUL19-280-P,270.82,97.33,0.095,187.0,0.108,332.0,113.48,0.21894,-0.76781,-0.06802,0.00696,-0.51296
271.99,SYN.ETH-26JUL19,1562842740146,open,0.09,908.0,0.057,0.144,0.100641,104.34,0.105,0.0,ETH-26JUL19-280-P,270.82,97.33,0.095,187.0,0.107,185.0,112.23,0.21894,-0.76781,-0.06802,0.00696,-0.51296
271.4,SYN.ETH-19JUL19,1562842740153,open,0.0,181.0,0.001,0.042,0.002034,115.07,0.001,0.0,ETH-19JUL19-200-P,270.82,0.0,0.0,0.0,0.004,144.0,131.35,0.02663,-0.19451,-0.00184,0.00146,-0.02934
271.4,SYN.ETH-19JUL19,1562842740158,open,0.03,370.0,0.001,0.068,0.028993,112.57,0.025,0.0,ETH-19JUL19-300-C,270.82,106.66,0.026,156.0,0.033,248.0,120.32,0.1387,-0.99129,0.0159,0.00775,0.30043
11476.52,SYN.BTC-19JUL19,1562842740163,open,0.01,314.0,0.0005,0.0575,0.01686042,110.99,0.0145,0.0,BTC-19JUL19-10000-P,11454.48,104.67,0.0145,16.7,0.0185,1.5,115.23,4.37939,-30.85754,-0.48044,0.00014,-0.17715
271.99,SYN.ETH-26JUL19,1562842740169,open,0.06,888.0,0.02,0.104,0.061841,104.32,0.064,0.0,ETH-26JUL19-260-P,270.82,97.99,0.057,176.0,0.069,533.0,113.66,0.20816,-0.72993,-0.04839,0.00662,-0.37473
271.99,SYN.ETH-26JUL19,1562842740204,open,0.04,1610.0,0.001,0.073,0.033259,111.18,0.03,0.0,ETH-26JUL19-320-C,270.82,100.0,0.026,253.0,0.037,283.0,116.72,0.18164,-0.6788,0.02627,0.00542,0.27026
277.28,ETH-27SEP19,1562842740210,open,0.14,1479.0,0.104,0.195,0.149049,100.91,0.143,0.0,ETH-27SEP19-260-P,270.82,95.07,0.139,110.0,0.156,360.0,104.96,0.47696,-0.30902,-0.29836,0.00288,-0.35528
271.4,SYN.ETH-19JUL19,1562842740221,open,0.01,441.0,0.001,0.047,0.007693,113.91,0.021,0.0,ETH-19JUL19-340-C,270.82,102.66,0.005,455.0,0.011,446.0,125.43,0.07162,-0.51794,0.0056,0.00396,0.10327
271.4,SYN.ETH-19JUL19,1562842740228,open,0.01,441.0,0.001,0.047,0.007693,113.91,0.021,0.0,ETH-19JUL19-340-C,270.82,102.66,0.005,455.0,0.011,444.0,125.43,0.07162,-0.51794,0.0056,0.00396,0.10327
284.41,ETH-27DEC19,1562842740231,open,1.02,0.0,1.0,1.166,1.082785,115.76,0.845,0.0,ETH-27DEC19-560-P,270.82,0.0,0.0,0.0,0.0,0.0,0.0,0.69211,-0.23721,-2.3192,0.0016,-0.67967
284.41,ETH-27DEC19,1562842740255,open,1.4,0.0,1.371,1.568,1.469498,115.89,None,0.0,ETH-27DEC19-680-P,270.82,0.0,0.0,0.0,0.0,0.0,0.0,0.59911,-0.20556,-2.93597,0.00138,-0.76167
271.4,SYN.ETH-19JUL19,1562842740305,open,0.02,205.0,0.001,0.055,0.015481,113.71,0.002,0.0,ETH-19JUL19-320-C,270.82,104.4,0.012,278.0,0.019,288.0,122.43,0.10583,-0.76402,0.00983,0.00586,0.18337
277.36,ETH-27SEP19,1562842740397,open,1.29,0.0,1.233,1.418,1.32565,113.39,None,0.0,ETH-27SEP19-640-P,270.82,0.0,0.0,0.0,0.0,0.0,0.0,0.20976,-0.15271,-1.3224,0.00113,-0.909
11673.14,BTC-27SEP19,1562842740434,open,0.01,302.1,0.0005,0.052,0.01229019,114.57,0.01,0.0,BTC-27SEP19-30000-C,11455.49,110.4,0.01,20.0,0.0145,15.0,118.2,6.78661,-4.99239,1.29754,2e-05,0.06439
11954.27,BTC-27DEC19,1562842740435,open,0.03,190.3,0.0005,0.0705,0.03083605,111.27,0.03,0.0,BTC-27DEC19-40000-C,11455.49,109.83,0.029,5.0,0.033,10.0,112.92,15.46333,-5.09448,4.47512,2e-05,0.11175
11673.14,BTC-27SEP19,1562842740435,open,0.0,1060.8,0.0005,0.0425,0.00281094,111.27,0.003,0.0,BTC-27SEP19-4250-P,11455.49,101.16,0.0015,18.5,0.0045,15.0,120.6,1.81874,-1.29935,-0.39664,1e-05,-0.01311
11954.27,BTC-27DEC19,1562842740435,open,0.0,184.7,0.0005,0.043,0.00299179,115.86,0.003,0.0,BTC-27DEC19-2500-P,11455.49,108.87,0.002,6.4,0.004,10.0,121.61,1.91156,-0.6557,-0.64466,0.0,-0.00866
11954.27,BTC-27DEC19,1562842740435,open,0.01,227.9,0.0005,0.051,0.01076566,105.1,0.0115,0.0,BTC-27DEC19-4000-P,11455.49,102.24,0.0095,5.0,0.0125,10.0,108.76,5.44916,-1.69564,-2.22457,1e-05,-0.02945
11954.27,BTC-27DEC19,1562842740435,open,0.38,9.3,0.329,0.439,0.38399757,100.74,0.3825,0.0,BTC-27DEC19-14000-P,11455.49,93.34,0.364,5.0,0.418,5.0,113.41,32.23613,-9.61475,-46.42548,5e-05,-0.45538
11673.14,BTC-27SEP19,1562842740435,open,0.0,297.6,0.0005,0.0445,0.00450116,108.41,0.0055,0.0,BTC-27SEP19-4750-P,11455.49,101.0,0.003,18.5,0.006,15.0,114.47,2.65235,-1.84609,-0.61961,1e-05,-0.02038
11673.14,BTC-27SEP19,1562842740435,open,0.67,227.5,0.62,0.6995,0.65969867,114.31,0.692,0.0,BTC-27SEP19-4000-C,11455.49,0.0,0.111,2.0,0.7455,5.0,298.6,1.55442,-1.14085,8.20287,0.0,0.98906
11673.14,BTC-27SEP19,1562842740435,open,0.0,1657.1,0.0005,0.04,5.52e-06,120.82,0.0005,0.0,BTC-27SEP19-1500-P,11455.49,0.0,0.0,0.0,0.001,27.0,191.21,0.00861,-0.00668,-0.00109,0.0,-4e-05
11954.27,BTC-27DEC19,1562842740435,open,0.1,83.6,0.0595,0.139,0.09933237,103.97,0.111,0.0,BTC-27DEC19-22000-C,11455.49,101.93,0.0945,5.0,0.1045,9.4,106.12,28.49876,-8.7724,11.39737,4e-05,0.3054
11673.14,BTC-27SEP19,1562842740435,open,0.01,325.3,0.0005,0.0485,0.00817459,104.16,0.005,0.0,BTC-27SEP19-5500-P,11455.49,99.25,0.0065,18.5,0.01,20.0,108.95,4.22124,-2.82306,-1.08932,1e-05,-0.03556
11954.27,BTC-27DEC19,1562842740435,open,0.76,0.0,0.714,0.7935,0.75376824,110.99,None,0.0,BTC-27DEC19-3000-C,11455.49,0.0,0.0055,0.1,0.9805,0.5,500.0,2.83001,-0.93,12.86672,0.0,0.9864
11954.27,BTC-27DEC19,1562842740435,open,0.01,75.2,0.0005,0.0565,0.01587696,104.0,0.009,0.0,BTC-27DEC19-4500-P,11455.49,102.53,0.015,0.3,0.0175,13.5,106.64,7.20407,-2.21836,-3.16741,1e-05,-0.04139
11673.14,BTC-27SEP19,1562842740436,open,0.31,76.3,0.2665,0.3715,0.31912045,101.96,0.293,0.0,BTC-27SEP19-14000-P,11455.49,96.11,0.3085,8.5,0.3365,8.5,111.46,21.26846,-13.92312,-21.89006,7e-05,-0.5598
11674.15,BTC-27SEP19,1562842740436,open,0.44,34.4,0.397,0.513,0.45503397,103.62,0.3735,0.0,BTC-27SEP19-16000-P,11455.49,0.0,0.004,10.0,1.082,0.2,500.0,19.70269,-13.10847,-27.83464,7e-05,-0.66248
11476.59,SYN.BTC-19JUL19,1562842740435,open,0.0,278.2,0.0005,0.0455,0.00552193,117.68,0.007,0.0,BTC-19JUL19-9000-P,11455.49,112.1,0.0045,0.1,0.007,10.0,124.93,2.20754,-16.49279,-0.18148,7e-05,-0.06776
11674.15,BTC-27SEP19,1562842740436,open,0.0,609.1,0.0005,0.0405,0.00067134,120.83,0.001,0.0,BTC-27SEP19-3000-P,11455.49,116.75,0.0005,3.5,0.002,20.1,139.72,0.54165,-0.4202,-0.09961,0.0,-0.00333
11476.59,SYN.BTC-19JUL19,1562842740435,open,0.01,112.6,0.0005,0.049,0.00906949,111.17,0.0085,0.0,BTC-19JUL19-9500-P,11455.49,105.18,0.0075,13.5,0.011,0.1,118.0,3.12118,-22.02937,-0.28905,0.0001,-0.10765
11955.28,BTC-27DEC19,1562842740436,open,0.48,54.4,0.435,0.5145,0.47495099,99.01,0.45,0.0,BTC-27DEC19-7000-C,11455.49,0.0,0.2155,0.1,0.545,0.1,144.66,17.1032,-5.01355,21.91171,3e-05,0.87109
11674.15,BTC-27SEP19,1562842740436,open,1.38,0.0,1.3175,1.51,1.4138318,113.14,None,0.0,BTC-27SEP19-28000-P,11455.49,0.0,0.0,0.0,0.0,0.0,0.0,7.93152,-5.76168,-58.15838,2e-05,-0.92112
11674.15,BTC-27SEP19,1562842740436,open,1.71,0.0,1.6415,1.861,1.75128223,116.37,None,0.0,BTC-27SEP19-32000-P,11455.49,0.0,0.0,0.0,2.2775,1.0,450.47,5.91332,-4.41827,-67.18287,2e-05,-0.94599
11955.28,BTC-27DEC19,1562842740436,open,0.88,0.0,0.8355,0.915,0.87502516,120.57,None,0.0,BTC-27DEC19-1500-C,11455.49,0.0,0.0175,0.1,0.987,0.5,500.0,0.42928,-0.15324,6.8224,0.0,0.99836
11496.25,SYN.BTC-26JUL19,1562842740435,open,0.01,493.7,0.0005,0.0455,0.00589603,117.35,0.0085,0.0,BTC-26JUL19-17000-C,11455.49,108.9,0.004,15.0,0.0075,10.0,123.38,2.85993,-11.28043,0.26595,5e-05,0.06266
11674.15,BTC-27SEP19,1562842740437,open,0.02,254.9,0.0005,0.0655,0.0247731,101.32,0.025,0.0,BTC-27SEP19-7000-P,11455.49,97.61,0.022,23.5,0.0275,15.0,104.82,8.92034,-5.80287,-2.91541,3e-05,-0.09228
11674.15,BTC-27SEP19,1562842740437,open,0.0,421.1,0.0005,0.042,0.00237742,114.41,0.0025,0.0,BTC-27SEP19-4000-P,11455.49,106.86,0.0015,3.5,0.0035,15.0,121.82,1.55929,-1.14539,-0.33273,0.0,-0.01098
11955.28,BTC-27DEC19,1562842740437,open,2.01,1.3,1.928,2.1715,2.04993115,110.18,2.889,0.0,BTC-27DEC19-36000-P,11455.49,0.0,0.0005,1.0,0.0,0.0,0.0,17.7892,-5.8029,-161.15376,2e-05,-0.86351
11955.28,BTC-27DEC19,1562842740437,open,2.33,0.0,2.242,2.5115,2.37688737,111.46,None,0.0,BTC-27DEC19-40000-P,11455.49,0.0,0.0005,4.0,0.0,0.0,0.0,15.52916,-5.12477,-180.57144,2e-05,-0.8876
11496.25,SYN.BTC-26JUL19,1562842740435,open,0.0,293.9,0.0005,0.0445,0.00444217,112.62,0.006,0.0,BTC-26JUL19-8000-P,11455.49,104.09,0.003,6.9,0.006,10.0,120.29,2.15172,-8.14527,-0.22594,4e-05,-0.04378
11496.25,SYN.BTC-26JUL19,1562842740435,open,0.0,294.9,0.0005,0.0425,0.00247348,115.55,0.003,0.0,BTC-26JUL19-7500-P,11455.49,106.26,0.0015,0.1,0.0035,15.0,123.19,1.38935,-5.39582,-0.13212,2e-05,-0.02573
11496.25,SYN.BTC-26JUL19,1562842740435,open,0.13,59.5,0.0945,0.1855,0.14002738,106.98,0.154,0.0,BTC-26JUL19-12500-P,11455.49,105.0,0.1385,0.1,0.1655,3.5,139.36,8.9039,-32.01576,-3.51467,0.00015,-0.61011
11476.59,SYN.BTC-19JUL19,1562842740435,open,0.19,1.5,0.1415,0.221,0.18129264,111.16,0.167,0.0,BTC-19JUL19-9500-C,11455.49,0.0,0.0,0.0,0.0,0.0,0.0,3.12048,-22.02072,1.76089,0.0001,0.89238
11476.59,SYN.BTC-19JUL19,1562842740435,open,0.01,155.4,0.0005,0.0455,0.00552236,119.44,0.0045,0.0,BTC-19JUL19-15000-C,11455.49,111.51,0.004,10.0,0.0075,10.0,128.2,2.39048,-18.12641,0.17247,7e-05,0.07517
11456.94,SYN.BTC-12JUL19,1562842740435,open,0.35,0.0,0.3055,0.385,0.3453729,0.0,None,0.0,BTC-12JUL19-7500-C,11455.49,0.0,0.011,15.0,0.0,0.0,0.0,0.0,0.0,0.17994,0.0,1.0
11496.25,SYN.BTC-26JUL19,1562842740437,open,0.0,126.8,0.0005,0.04,5.911e-05,120.82,0.0005,0.0,BTC-26JUL19-5500-P,11455.49,0.0,0.0,0.0,0.0015,20.0,173.04,0.06595,-0.26784,-0.00417,0.0,-0.00083
11456.94,SYN.BTC-12JUL19,1562842740435,open,0.0,95.2,0.0005,0.04,0.0,121.9,0.0005,0.0,BTC-12JUL19-16000-C,11455.49,0.0,0.0,0.0,0.0005,17.0,288.09,0.0,0.0,0.0,0.0,0.0
11674.15,BTC-27SEP19,1562842740438,open,0.0,122.0,0.0005,0.042,0.00199499,117.69,0.0015,0.0,BTC-27SEP19-3750-P,11455.49,106.9,0.001,6.5,0.0035,15.0,128.68,1.32574,-1.00178,-0.2768,0.0,-0.00912
11674.15,BTC-27SEP19,1562842740438,open,0.83,28.2,0.789,0.8685,0.82870794,115.53,0.755,0.0,BTC-27SEP19-2000-C,11455.49,0.0,0.004,5.0,0.94,5.0,500.0,0.03637,-0.02697,4.2621,0.0,0.99982
11674.15,BTC-27SEP19,1562842740438,open,1.05,0.2,0.998,1.164,1.08092867,110.04,1.6,0.0,BTC-27SEP19-24000-P,11455.49,0.0,0.0,0.0,0.0,0.0,0.0,10.92948,-7.72164,-48.78599,3e-05,-0.87774
11476.59,SYN.BTC-19JUL19,1562842740435,open,0.27,0.0,0.222,0.3015,0.26183589,117.64,None,0.0,BTC-19JUL19-8500-C,11455.49,0.0,0.0,0.0,0.0,0.0,0.0,1.27456,-9.51901,1.74354,4e-05,0.96592
11476.59,SYN.BTC-19JUL19,1562842740435,open,0.14,83.5,0.111,0.203,0.15681203,115.08,0.1055,0.0,BTC-19JUL19-13000-P,11455.49,0.0,0.127,3.5,0.171,3.5,143.49,5.43487,-39.70823,-2.22836,0.00017,-0.74305
11476.59,SYN.BTC-19JUL19,1562842740435,open,0.42,0.0,0.382,0.4965,0.43930995,120.92,None,0.0,BTC-19JUL19-16500-P,11455.49,0.0,0.0,0.0,0.0,0.0,0.0,0.9946,-7.63534,-3.5016,3e-05,-0.97472
11674.15,BTC-27SEP19,1562842740439,open,1.21,0.0,1.156,1.335,1.24545153,110.12,None,0.0,BTC-27SEP19-26000-P,11455.49,0.0,0.0,0.0,0.0,0.0,0.0,9.00426,-6.36649,-53.60147,3e-05,-0.90655
11456.94,SYN.BTC-12JUL19,1562842740436,open,0.18,17.4,0.131,0.2105,0.17081837,119.81,0.199,0.0,BTC-12JUL19-9500-C,11455.49,0.0,0.0225,1.0,0.0,0.0,0.0,0.0125,-0.74875,0.22774,0.0,0.99936
11476.59,SYN.BTC-19JUL19,1562842740435,open,0.18,39.2,0.1455,0.2405,0.19279506,115.25,0.22,0.0,BTC-19JUL19-13500-P,11455.49,0.0,0.1635,3.5,0.214,3.5,161.71,4.58829,-33.57177,-2.48098,0.00014,-0.80908
11496.25,SYN.BTC-26JUL19,1562842740435,open,0.0,302.7,0.0005,0.0405,0.00071981,120.82,0.001,0.0,BTC-26JUL19-21000-C,11455.49,115.94,0.0005,65.0,0.002,3.0,137.72,0.58767,-2.3865,0.04081,1e-05,0.00943
11496.25,SYN.BTC-26JUL19,1562842740436,open,0.23,11.0,0.193,0.292,0.24267007,109.64,0.1845,0.0,BTC-26JUL19-14000-P,11455.49,0.0,0.0,0.0,0.0,0.0,0.0,6.83291,-25.18058,-4.8017,0.00012,-0.78217
11476.59,SYN.BTC-19JUL19,1562842740435,open,0.25,0.0,0.221,0.322,0.27136649,117.86,None,0.0,BTC-19JUL19-14500-P,11455.49,0.0,0.001,2.0,0.0,0.0,0.0,3.02484,-22.63286,-2.89305,9e-05,-0.89691
11456.94,SYN.BTC-12JUL19,1562842740435,open,0.0,372.8,0.0005,0.04,0.0,121.9,0.0005,0.0,BTC-12JUL19-8500-P,11455.49,0.0,0.0,0.0,0.0005,23.0,272.13,1e-05,-3e-05,0.0,0.0,0.0
11496.25,SYN.BTC-26JUL19,1562842740435,open,0.63,0.0,0.589,0.721,0.65497941,120.94,None,0.0,BTC-26JUL19-19000-P,11455.49,0.0,0.0,0.0,0.0,0.0,0.0,1.42208,-5.78083,-7.63019,2e-05,-0.97355
11496.25,SYN.BTC-26JUL19,1562842740435,open,0.4,4.8,0.3525,0.432,0.39231808,117.41,0.455,0.0,BTC-26JUL19-7000-C,11455.49,0.0,0.005,0.1,0.0,0.0,0.0,0.80244,-3.16659,2.78396,1e-05,0.9865
11476.59,SYN.BTC-19JUL19,1562842740434,open,0.23,0.0,0.1815,0.261,0.22131228,117.66,None,0.0,BTC-19JUL19-9000-C,11455.49,0.0,0.037,0.5,0.0,0.0,0.0,2.20662,-16.48237,1.76058,7e-05,0.93227
11476.59,SYN.BTC-19JUL19,1562842740435,open,0.15,13.0,0.1055,0.185,0.14549044,110.91,0.215,0.0,BTC-19JUL19-10000-C,11455.49,0.0,0.0,0.0,0.0,0.0,0.0,4.37706,-30.8192,1.67773,0.00014,0.823
11476.59,SYN.BTC-19JUL19,1562842740435,open,0.02,299.0,0.0005,0.0695,0.02862991,110.92,0.022,0.0,BTC-19JUL19-10500-P,11455.49,103.3,0.025,13.5,0.032,13.5,117.86,5.52425,-38.90177,-0.7277,0.00018,-0.26523
11496.25,SYN.BTC-26JUL19,1562842740437,open,0.02,428.0,0.0005,0.0545,0.01492994,111.55,0.015,0.0,BTC-26JUL19-15000-C,11455.49,106.01,0.0125,18.0,0.017,0.9,115.98,5.2305,-19.61141,0.59817,9e-05,0.1426
11456.94,SYN.BTC-12JUL19,1562842740435,open,0.0,157.8,0.0005,0.04,0.0,121.9,0.0005,0.0,BTC-12JUL19-15500-C,11455.49,0.0,0.0,0.0,0.0005,17.0,264.5,1e-05,-3e-05,0.0,0.0,0.0
11496.25,SYN.BTC-26JUL19,1562842740440,open,0.07,396.4,0.027,0.1065,0.06650688,105.51,0.069,0.0,BTC-26JUL19-12000-C,11455.49,97.38,0.06,5.0,0.076,5.0,117.33,9.21733,-32.68768,1.85405,0.00016,0.46222
11496.25,SYN.BTC-26JUL19,1562842740438,open,0.72,0.0,0.6715,0.8105,0.74099134,121.02,None,0.0,BTC-26JUL19-20000-P,11455.49,0.0,0.0,0.0,0.0,0.0,0.0,0.92925,-3.77985,-8.08213,1e-05,-0.98399
11496.25,SYN.BTC-26JUL19,1562842740437,open,0.27,10.8,0.23,0.332,0.280775,111.0,0.166,0.0,BTC-26JUL19-14500-P,11455.49,0.0,0.0,0.0,0.0,0.0,0.0,6.04255,-22.54399,-5.1679,0.0001,-0.82222
11496.25,SYN.BTC-26JUL19,1562842740439,open,0.46,0.0,0.4255,0.544,0.48465303,117.4,None,0.0,BTC-26JUL19-17000-P,11455.49,0.0,0.0,0.0,0.0,0.0,0.0,2.86357,-11.30005,-6.66204,5e-05,-0.93724
11496.25,SYN.BTC-26JUL19,1562842740436,open,0.36,17.0,0.3105,0.39,0.35008069,115.5,0.246,0.0,BTC-26JUL19-7500-C,11455.49,0.0,0.005,0.1,0.0,0.0,0.0,1.38734,-5.38569,2.92476,2e-05,0.97432
11476.59,SYN.BTC-19JUL19,1562842740435,open,0.0,76.8,0.0005,0.0435,0.00377053,120.5,0.0025,0.0,BTC-19JUL19-15500-C,11455.49,111.65,0.0025,15.0,0.0055,10.0,130.17,1.84208,-14.0922,0.12381,5e-05,0.05377
11476.59,SYN.BTC-19JUL19,1562842740434,open,0.02,95.1,0.0005,0.056,0.01648059,115.23,0.016,0.0,BTC-19JUL19-13500-C,11455.49,114.02,0.016,2.9,0.0175,0.1,117.76,4.58764,-33.56171,0.43186,0.00014,0.19087
11476.59,SYN.BTC-19JUL19,1562842740435,open,0.29,0.0,0.2605,0.365,0.31253843,119.48,None,0.0,BTC-19JUL19-15000-P,11455.49,0.0,0.001,2.0,0.0,0.0,0.0,2.39227,-18.14582,-3.06395,7e-05,-0.92476
11456.94,SYN.BTC-12JUL19,1562842740435,open,0.21,29.1,0.1735,0.2705,0.22197732,125.87,0.23,0.0,BTC-12JUL19-14000-P,11455.49,0.0,0.001,1.0,0.0,0.0,0.0,0.01252,-0.78806,-0.33571,0.0,-0.99936
11954.27,BTC-27DEC19,1562842740474,open,1.22,0.0,1.1585,1.338,1.24821374,106.08,None,0.0,BTC-27DEC19-26000-P,11455.49,0.0,0.004,10.0,2.0465,0.2,500.0,25.10228,-7.88382,-111.24079,4e-05,-0.76304
277.36,ETH-27SEP19,1562842740475,open,1.71,0.0,1.641,1.86,1.750812,117.33,None,0.0,ETH-27SEP19-760-P,270.82,0.0,0.0,0.0,0.0,0.0,0.0,0.14463,-0.10895,-1.59469,0.00075,-0.94397
11955.28,BTC-27DEC19,1562842740483,open,0.54,122.6,0.496,0.5755,0.53599096,100.14,0.57,0.0,BTC-27DEC19-6000-C,11455.49,69.96,0.509,4.0,0.61,0.1,158.72,12.99475,-3.85281,20.79438,2e-05,0.91193
270.81,SYN.ETH-12JUL19,1562842740569,open,0.0,549.0,0.001,0.04,0.000971,118.79,0.001,0.0,ETH-12JUL19-300-C,270.82,119.51,0.001,2174.0,0.004,147.0,163.3,0.01185,-0.26213,0.00027,0.00567,0.04181
270.81,SYN.ETH-12JUL19,1562842740571,open,0.0,549.0,0.001,0.04,0.000971,118.79,0.001,0.0,ETH-12JUL19-300-C,270.82,119.51,0.001,2174.0,0.004,145.0,163.3,0.01185,-0.26213,0.00027,0.00567,0.04181
271.99,SYN.ETH-26JUL19,1562842740579,open,0.02,1813.0,0.001,0.061,0.021727,112.39,0.019,0.0,ETH-26JUL19-340-C,270.82,109.24,0.02,191.0,0.025,278.0,118.21,0.15001,-0.56672,0.01889,0.00443,0.19211
284.41,ETH-27DEC19,1562842740652,open,1.15,0.0,1.122,1.298,1.209656,115.71,0.953,0.0,ETH-27DEC19-600-P,270.82,0.0,0.0,0.0,0.0,0.0,0.0,0.66163,-0.22667,-2.52676,0.00153,-0.71054
284.41,ETH-27DEC19,1562842740684,open,1.53,0.0,1.498,1.705,1.601241,115.81,None,0.0,ETH-27DEC19-720-P,270.82,0.0,0.002,1000.0,0.0,0.0,0.0,0.56704,-0.19444,-3.13849,0.00131,-0.78383
11456.94,SYN.BTC-12JUL19,1562842740791,open,0.1,56.4,0.0455,0.125,0.08535219,121.86,0.0895,0.0,BTC-12JUL19-10500-C,11455.49,93.38,0.084,0.1,0.089,0.1,164.49,0.73651,-44.87405,0.23273,0.00019,0.93204
11456.94,SYN.BTC-12JUL19,1562842740794,open,0.02,107.0,0.0005,0.066,0.02502093,117.97,0.024,0.0,BTC-12JUL19-11500-P,11455.49,105.06,0.0225,0.4,0.028,0.4,133.23,2.23731,-131.97225,-0.14826,0.0006,-0.51437
271.4,SYN.ETH-19JUL19,1562842740843,open,0.0,0.0,0.001,0.04,0.000343,115.79,None,0.0,ETH-19JUL19-420-C,270.82,0.0,0.0,0.0,0.002,194.0,145.49,0.0073,-0.05368,0.00036,0.0004,0.00653
277.36,ETH-27SEP19,1562842740845,open,0.0,4126.0,0.001,0.042,0.002022,106.66,0.001,0.0,ETH-27SEP19-100-P,270.82,0.0,0.0,0.0,0.004,546.0,119.15,0.0349,-0.0239,-0.00727,0.0002,-0.01025
271.99,SYN.ETH-26JUL19,1562842740856,open,0.0,984.0,0.001,0.042,0.002017,108.3,0.002,0.0,ETH-26JUL19-180-P,270.82,0.0,0.0,0.0,0.004,490.0,122.86,0.0298,-0.10848,-0.00276,0.00091,-0.02289
11476.59,SYN.BTC-19JUL19,1562842740919,open,0.12,9.3,0.074,0.1535,0.11371866,110.91,0.161,0.0,BTC-19JUL19-10500-C,11455.49,0.0,0.0,0.0,0.118,2.8,119.71,5.52408,-38.89648,1.53796,0.00018,0.73478
11955.28,BTC-27DEC19,1562842740932,open,0.04,171.5,0.0005,0.078,0.0384849,110.02,0.0375,0.0,BTC-27DEC19-36000-C,11455.49,109.01,0.037,5.2,0.0405,10.0,111.37,17.73982,-5.77886,5.39037,2e-05,0.13594
11456.94,SYN.BTC-12JUL19,1562842740936,open,0.06,69.4,0.0085,0.088,0.04847316,121.7,0.0515,0.0,BTC-12JUL19-11000-C,11455.49,104.77,0.046,0.1,0.051,2.3,137.92,1.73681,-105.68796,0.19611,0.00045,0.76194
11456.94,SYN.BTC-12JUL19,1562842740947,open,0.0,316.0,0.0005,0.0415,0.00183012,121.9,0.0025,0.0,BTC-12JUL19-10500-P,11455.49,124.48,0.002,3.9,0.0035,2.1,143.87,0.73706,-20.96761,-0.0192,0.00019,-0.06803
11496.25,SYN.BTC-26JUL19,1562842740950,open,0.14,121.0,0.092,0.1715,0.1318568,105.77,0.1745,0.0,BTC-26JUL19-10500-C,11455.49,0.0,0.055,0.5,0.1425,3.8,120.83,8.04021,-28.58408,2.67312,0.00014,0.70239
284.41,ETH-27DEC19,1562842741032,open,0.09,38.0,0.06,0.139,0.099432,115.45,0.09,0.0,ETH-27DEC19-600-C,270.84,104.04,0.074,274.0,0.098,274.0,114.84,0.66054,-0.22579,0.24872,0.00153,0.28845
284.41,ETH-27DEC19,1562842741032,open,0.06,348.0,0.029,0.108,0.068972,115.46,0.061,0.0,ETH-27DEC19-720-C,270.84,110.82,0.06,10.0,0.072,290.0,116.97,0.56487,-0.19309,0.19182,0.00131,0.21475
284.41,ETH-27DEC19,1562842741032,open,0.08,21.0,0.048,0.127,0.087744,115.45,0.086,0.0,ETH-27DEC19-640-C,270.84,104.67,0.065,280.0,0.08,280.0,111.9,0.62881,-0.21495,0.22806,0.00146,0.26105
284.41,ETH-27DEC19,1562842741032,open,0.67,0.0,0.649,0.785,0.717087,115.48,None,0.0,ETH-27DEC19-440-P,270.84,89.31,0.649,110.0,1.553,1.0,500.0,0.76162,-0.2604,-1.68664,0.00176,-0.56466
277.36,ETH-27SEP19,1562842741032,open,0.01,1637.0,0.001,0.051,0.011583,114.23,0.019,0.0,ETH-27SEP19-720-C,270.84,111.28,0.01,1.0,0.015,300.0,119.89,0.15515,-0.11379,0.02941,0.00083,0.06128
284.41,ETH-27DEC19,1562842741033,open,0.56,23.0,0.539,0.666,0.602782,115.48,0.59,0.0,ETH-27DEC19-400-P,270.84,91.72,0.539,110.0,0.65,1.0,132.89,0.77111,-0.26364,-1.4729,0.00178,-0.51653
277.36,ETH-27SEP19,1562842741033,open,0.72,0.0,0.673,0.752,0.712517,115.8,None,0.0,ETH-27SEP19-80-C,270.84,0.0,0.004,5.0,0.0,0.0,0.0,0.01778,-0.01322,0.1673,9e-05,0.99523
277.36,ETH-27SEP19,1562842741033,open,0.28,1087.0,0.238,0.341,0.289561,103.72,0.319,0.0,ETH-27SEP19-320-P,270.84,92.52,0.269,110.0,0.32,110.0,120.24,0.51022,-0.33977,-0.48115,0.003,-0.5235
277.36,ETH-27SEP19,1562842741033,open,1.43,0.0,1.368,1.564,1.466326,114.09,None,0.0,ETH-27SEP19-680-P,270.84,0.0,0.0,0.0,0.0,0.0,0.0,0.18168,-0.13308,-1.41501,0.00097,-0.92482
277.36,ETH-27SEP19,1562842741033,open,0.75,0.0,0.705,0.846,0.775227,108.35,None,0.0,ETH-27SEP19-480-P,270.84,0.0,0.0,0.0,0.0,0.0,0.0,0.35745,-0.24867,-0.93284,0.00201,-0.80113
277.36,ETH-27SEP19,1562842741033,open,0.02,5937.0,0.001,0.061,0.020696,101.48,0.02,0.0,ETH-27SEP19-160-P,270.84,95.87,0.017,440.0,0.02,1.0,100.46,0.18968,-0.12359,-0.05933,0.00114,-0.07957
277.36,ETH-27SEP19,1562842741033,open,0.01,1387.0,0.001,0.053,0.013931,112.99,0.015,0.0,ETH-27SEP19-680-C,270.84,108.08,0.011,305.0,0.018,300.0,118.93,0.17675,-0.12822,0.03467,0.00095,0.07252
277.36,ETH-27SEP19,1562842741033,open,0.51,191.0,0.466,0.545,0.505735,101.44,0.5,0.0,ETH-27SEP19-140-C,270.84,0.0,0.01,50.0,0.0,0.0,0.0,0.12185,-0.07936,0.26575,0.00073,0.95481
284.41,ETH-27DEC19,1562842741033,open,0.22,68.0,0.188,0.267,0.227793,115.48,0.234,0.0,ETH-27DEC19-360-C,270.84,97.11,0.178,110.0,0.214,250.0,110.38,0.76847,-0.26274,0.40678,0.00178,0.53692
277.36,ETH-27SEP19,1562842741033,open,0.05,2759.0,0.005,0.084,0.044125,107.96,0.044,0.0,ETH-27SEP19-480-C,270.84,103.88,0.039,422.0,0.047,140.0,110.18,0.35599,-0.24676,0.09078,0.00201,0.19753
277.36,ETH-27SEP19,1562842741033,open,0.44,260.0,0.4,0.516,0.457983,105.6,0.296,0.0,ETH-27SEP19-380-P,270.84,0.0,0.0,0.0,0.0,0.0,0.0,0.4715,-0.31968,-0.65923,0.00272,-0.65601
284.41,ETH-27DEC19,1562842741033,open,0.51,0.0,0.458,0.537,0.497843,104.26,None,0.0,ETH-27DEC19-160-C,270.84,0.0,0.001,1000.0,1.6,1.0,500.0,0.39121,-0.12076,0.50042,0.001,0.87814
284.41,ETH-27DEC19,1562842741033,open,0.42,0.0,0.37,0.449,0.409491,103.27,None,0.0,ETH-27DEC19-200-C,270.84,0.0,0.001,1000.0,1.4,1.0,500.0,0.53665,-0.16409,0.51784,0.00139,0.80302
277.36,ETH-27SEP19,1562842741033,open,0.58,47.0,0.532,0.611,0.571817,101.56,0.689,0.0,ETH-27SEP19-120-C,270.84,0.0,0.0,0.0,0.0,0.0,0.0,0.06637,-0.04328,0.24057,0.0004,0.97834
270.89,SYN.ETH-12JUL19,1562842741032,open,0.0,1294.0,0.001,0.04,0.0,118.75,0.004,0.0,ETH-12JUL19-380-C,270.84,0.0,0.0,0.0,0.001,250.0,319.31,0.0,0.0,0.0,0.0,0.0
277.36,ETH-27SEP19,1562842741034,open,0.22,1212.0,0.172,0.251,0.211369,100.84,0.23,0.0,ETH-27SEP19-260-C,270.84,88.44,0.19,110.0,0.227,110.0,109.94,0.477,-0.30882,0.25657,0.00288,0.64493
284.43,ETH-27DEC19,1562842741034,open,0.26,61.0,0.226,0.305,0.2654,115.43,0.206,0.0,ETH-27DEC19-320-C,270.84,96.12,0.214,120.0,0.247,120.0,108.48,0.74947,-0.25614,0.43481,0.00173,0.59581
277.36,ETH-27SEP19,1562842741034,open,0.03,5302.0,0.001,0.077,0.035791,101.49,0.014,0.0,ETH-27SEP19-180-P,270.84,92.93,0.028,281.0,0.039,421.0,104.85,0.26181,-0.1706,-0.09438,0.00157,-0.1237
277.36,ETH-27SEP19,1562842741034,open,0.09,1712.0,0.048,0.127,0.087527,105.37,0.088,0.0,ETH-27SEP19-380-C,270.84,100.9,0.08,353.0,0.091,110.0,107.4,0.47113,-0.31872,0.15134,0.00272,0.34326
284.43,ETH-27DEC19,1562842741034,open,0.02,146.0,0.001,0.067,0.026889,107.93,0.022,0.0,ETH-27DEC19-120-P,270.84,105.61,0.025,140.0,0.027,1.0,108.07,0.23487,-0.07505,-0.11628,0.00058,-0.06147
277.36,ETH-27SEP19,1562842741034,open,0.79,0.0,0.744,0.823,0.783823,115.81,0.01,0.0,ETH-27SEP19-60-C,270.84,0.0,0.004,5.0,0.0,0.0,0.0,0.00382,-0.00284,0.12741,2e-05,0.99912
284.43,ETH-27DEC19,1562842741034,open,0.06,302.0,0.018,0.102,0.060411,104.27,0.043,0.0,ETH-27DEC19-160-P,270.84,101.04,0.056,140.0,0.067,417.0,109.01,0.39121,-0.12078,-0.23986,0.001,-0.12185
284.43,ETH-27DEC19,1562842741034,open,0.61,0.0,0.565,0.644,0.604963,107.9,None,0.0,ETH-27DEC19-120-C,270.84,0.0,0.001,1000.0,2.47,1.0,500.0,0.23477,-0.075,0.43901,0.00058,0.93856
277.36,ETH-27SEP19,1562842741034,open,0.19,1710.0,0.14,0.219,0.179927,100.63,0.188,0.0,ETH-27SEP19-280-C,270.84,91.26,0.163,110.0,0.187,110.0,104.56,0.49974,-0.32287,0.23909,0.00303,0.58395
277.36,ETH-27SEP19,1562842741034,open,0.39,249.0,0.344,0.455,0.399975,105.33,0.252,0.0,ETH-27SEP19-360-P,270.84,90.32,0.374,110.0,1.303,1.0,500.0,0.48966,-0.33115,-0.60072,0.00283,-0.61514
271.48,SYN.ETH-19JUL19,1562842741033,open,0.05,377.0,0.012,0.091,0.051285,110.66,0.058,0.0,ETH-19JUL19-280-C,270.84,103.29,0.047,169.0,0.057,171.0,120.46,0.15815,-1.11107,0.02375,0.00899,0.45668
277.36,ETH-27SEP19,1562842741034,open,0.4,743.0,0.347,0.426,0.386769,101.44,0.46,0.0,ETH-27SEP19-180-C,270.84,0.0,0.0,0.0,0.609,10.0,295.25,0.26171,-0.17045,0.28973,0.00157,0.87637
270.89,SYN.ETH-12JUL19,1562842741033,open,0.46,101.0,0.418,0.536,0.477031,323.53,0.365,0.0,ETH-12JUL19-400-P,270.84,0.0,0.0,0.0,0.0,0.0,0.0,0.00312,-0.50399,-0.00954,0.00055,-0.99135
284.43,ETH-27DEC19,1562842741034,open,0.07,66.0,0.038,0.117,0.077721,115.47,0.078,0.0,ETH-27DEC19-680-C,270.84,105.58,0.058,285.0,0.072,285.0,112.71,0.59689,-0.20407,0.2092,0.00138,0.23669
270.89,SYN.ETH-12JUL19,1562842741034,open,0.2,0.0,0.148,0.227,0.187635,0.0,None,0.0,ETH-12JUL19-220-C,270.84,0.0,0.005,2.0,0.0,0.0,0.0,0.0,0.0,0.00528,0.0,1.0
272.07,SYN.ETH-26JUL19,1562842741033,open,0.01,1883.0,0.001,0.056,0.015639,104.72,0.015,0.0,ETH-26JUL19-220-P,270.84,95.96,0.012,284.0,0.02,509.0,114.34,0.11827,-0.41631,-0.01652,0.00374,-0.13339
277.38,ETH-27SEP19,1562842741035,open,0.02,3854.0,0.001,0.062,0.022648,112.52,0.02,0.0,ETH-27SEP19-600-C,270.84,104.21,0.016,300.0,0.03,300.0,120.39,0.24148,-0.17445,0.05191,0.00131,0.11036
277.38,ETH-27SEP19,1562842741035,open,0.65,0.0,0.602,0.681,0.64148,106.44,None,0.0,ETH-27SEP19-100-C,270.84,0.0,0.004,5.0,0.0,0.0,0.0,0.03458,-0.02363,0.20617,0.0002,0.98986
277.38,ETH-27SEP19,1562842741035,open,0.14,1718.0,0.096,0.175,0.135826,103.71,0.141,0.0,ETH-27SEP19-320-C,270.84,98.36,0.126,320.0,0.139,110.0,105.43,0.51025,-0.33975,0.20163,0.003,0.47653
277.38,ETH-27SEP19,1562842741035,open,0.08,4000.0,0.036,0.115,0.07578,105.8,0.08,0.0,ETH-27SEP19-400-C,270.84,101.58,0.069,362.0,0.08,362.0,108.38,0.45,-0.30568,0.13676,0.00259,0.30687
277.38,ETH-27SEP19,1562842741035,open,0.03,1214.0,0.001,0.068,0.028114,111.25,0.036,0.0,ETH-27SEP19-560-C,270.84,102.45,0.02,300.0,0.036,300.0,118.74,0.276,-0.19715,0.06235,0.00151,0.13346
277.38,ETH-27SEP19,1562842741035,open,0.08,2615.0,0.039,0.125,0.082197,101.52,0.075,0.0,ETH-27SEP19-220-P,270.84,97.83,0.077,363.0,0.087,473.0,104.91,0.39195,-0.25548,-0.18659,0.00235,-0.23309
284.43,ETH-27DEC19,1562842741035,open,0.19,568.0,0.157,0.236,0.196281,115.44,0.172,0.0,ETH-27DEC19-400-C,270.84,98.65,0.151,110.0,0.182,1.0,110.17,0.77116,-0.26357,0.37784,0.00178,0.4834
277.38,ETH-27SEP19,1562842741036,open,0.0,389.0,0.001,0.04,0.000149,115.81,0.002,0.0,ETH-27SEP19-60-P,270.84,0.0,0.0,0.0,0.002,550.0,156.92,0.00382,-0.00284,-0.00061,2e-05,-0.00088
277.38,ETH-27SEP19,1562842741035,open,0.5,79.0,0.458,0.578,0.518015,105.9,0.351,0.0,ETH-27SEP19-400-P,270.84,0.0,0.0,0.0,0.0,0.0,0.0,0.45023,-0.30613,-0.71657,0.00259,-0.69279
277.38,ETH-27SEP19,1562842741036,open,0.3,1095.0,0.249,0.328,0.288913,101.42,0.3,0.0,ETH-27SEP19-220-C,270.84,0.0,0.005,1.0,0.57,17.0,301.94,0.39188,-0.25517,0.28293,0.00235,0.76699
270.89,SYN.ETH-12JUL19,1562842741033,open,0.0,490.0,0.001,0.04,0.0,118.77,0.002,0.0,ETH-12JUL19-400-C,270.84,0.0,0.0,0.0,0.001,300.0,359.32,0.0,0.0,0.0,0.0,0.0
277.38,ETH-27SEP19,1562842741035,open,0.05,4143.0,0.014,0.098,0.056179,101.45,0.063,0.0,ETH-27SEP19-200-P,270.84,97.07,0.051,395.0,0.059,390.0,103.81,0.33099,-0.21561,-0.13717,0.00199,-0.1756
277.38,ETH-27SEP19,1562842741035,open,0.06,2381.0,0.018,0.097,0.057103,106.61,0.058,0.0,ETH-27SEP19-440-C,270.84,102.34,0.051,379.0,0.061,110.0,109.27,0.40267,-0.27563,0.11113,0.0023,0.24488
271.48,SYN.ETH-19JUL19,1562842741032,open,0.02,1705.0,0.001,0.06,0.019873,111.02,0.02,0.0,ETH-19JUL19-240-P,270.84,98.79,0.015,257.0,0.023,10.0,118.46,0.11205,-0.78974,-0.01295,0.00635,-0.2012
272.07,SYN.ETH-26JUL19,1562842741032,open,0.74,0.0,0.695,0.836,0.765544,123.48,None,0.0,ETH-26JUL19-480-P,270.84,0.0,0.0,0.0,0.0,0.0,0.0,0.02159,-0.08962,-0.19403,0.00058,-0.98433
277.38,ETH-27SEP19,1562842741038,open,0.0,1814.0,0.001,0.04,0.000951,115.81,0.002,0.0,ETH-27SEP19-80-P,270.84,0.0,0.0,0.0,0.003,550.0,136.65,0.01778,-0.01322,-0.00339,9e-05,-0.00477
272.07,SYN.ETH-26JUL19,1562842741032,open,0.89,0.0,0.836,0.988,0.912109,130.65,None,0.0,ETH-26JUL19-520-P,270.84,0.0,0.0,0.0,0.0,0.0,0.0,0.01471,-0.06461,-0.2109,0.00037,-0.98994
272.07,SYN.ETH-26JUL19,1562842741033,open,0.01,1208.0,0.001,0.046,0.006143,105.94,0.003,0.0,ETH-26JUL19-200-P,270.84,90.7,0.003,450.0,0.009,450.0,116.59,0.06634,-0.23622,-0.00745,0.00208,-0.06107
272.07,SYN.ETH-26JUL19,1562842741033,open,0.22,20.0,0.167,0.246,0.206783,104.17,0.237,0.0,ETH-26JUL19-220-C,270.84,0.0,0.0,0.0,0.0,0.0,0.0,0.11765,-0.41195,0.07328,0.00374,0.86763
270.89,SYN.ETH-12JUL19,1562842741033,open,0.53,0.0,0.489,0.612,0.550883,360.12,None,0.0,ETH-12JUL19-420-P,270.84,0.0,0.0,0.0,0.0,0.0,0.0,0.00299,-0.53771,-0.01003,0.00047,-0.99176
272.07,SYN.ETH-26JUL19,1562842741033,open,0.6,0.0,0.556,0.684,0.61986,119.38,None,0.0,ETH-26JUL19-440-P,270.84,0.0,0.0,0.0,0.0,0.0,0.0,0.03785,-0.15186,-0.17624,0.00105,-0.96954
272.07,SYN.ETH-26JUL19,1562842741033,open,0.0,1091.0,0.001,0.04,3.2e-05,115.77,0.001,0.0,ETH-26JUL19-600-C,270.84,0.0,0.0,0.0,0.001,250.0,157.98,0.00105,-0.0041,6e-05,3e-05,0.00054
271.48,SYN.ETH-19JUL19,1562842741033,open,0.18,270.0,0.147,0.242,0.194558,114.51,0.083,0.0,ETH-19JUL19-320-P,270.84,0.0,0.164,10.0,0.223,10.0,175.72,0.10673,-0.7759,-0.05909,0.00586,-0.8142
272.07,SYN.ETH-26JUL19,1562842741034,open,0.39,504.0,0.351,0.462,0.406405,116.53,0.168,0.0,ETH-26JUL19-380-P,270.84,0.0,0.0,0.0,0.0,0.0,0.0,0.09381,-0.36744,-0.14526,0.00267,-0.90364
272.07,SYN.ETH-26JUL19,1562842741034,open,0.14,692.0,0.107,0.198,0.15262,109.38,0.11,0.0,ETH-26JUL19-300-P,270.84,92.54,0.14,250.0,0.16,150.0,118.99,0.20736,-0.76237,-0.08679,0.00628,-0.63011
272.07,SYN.ETH-26JUL19,1562842741035,open,0.28,0.0,0.231,0.31,0.27082,105.04,None,0.0,ETH-26JUL19-200-C,270.84,0.0,0.005,2.0,0.0,0.0,0.0,0.06518,-0.23014,0.07423,0.00206,0.94029
271.48,SYN.ETH-19JUL19,1562842741033,open,0.25,742.0,0.211,0.31,0.260457,115.21,0.144,0.0,ETH-19JUL19-340-P,270.84,0.0,0.0,0.0,0.0,0.0,0.0,0.07327,-0.53591,-0.0676,0.004,-0.89348
272.07,SYN.ETH-26JUL19,1562842741035,open,0.32,1047.0,0.285,0.391,0.338203,115.64,0.2,0.0,ETH-26JUL19-360-P,270.84,0.0,0.134,1.0,0.0,0.0,0.0,0.12192,-0.47389,-0.13292,0.00349,-0.86056
270.89,SYN.ETH-12JUL19,1562842741034,open,0.0,1500.0,0.001,0.04,2e-06,119.01,0.001,0.0,ETH-12JUL19-220-P,270.84,0.0,0.0,0.0,0.001,250.0,220.42,8e-05,-0.00063,0.0,4e-05,-0.00016
270.89,SYN.ETH-12JUL19,1562842741034,open,0.27,0.0,0.222,0.301,0.261484,0.0,None,0.0,ETH-12JUL19-200-C,270.84,0.0,0.0,0.0,0.0,0.0,0.0,0.0,0.0,0.0048,0.0,1.0
272.07,SYN.ETH-26JUL19,1562842741034,open,0.08,612.0,0.032,0.111,0.071149,104.13,0.091,0.0,ETH-26JUL19-280-C,270.84,100.22,0.068,1.0,0.08,310.0,115.13,0.21901,-0.76657,0.04616,0.00697,0.48741
270.89,SYN.ETH-12JUL19,1562842741033,open,0.17,62.0,0.135,0.228,0.181663,153.82,0.144,0.0,ETH-12JUL19-320-P,270.84,0.0,0.0,0.0,0.0,0.0,0.0,0.00499,-0.38357,-0.00758,0.00184,-0.98513
270.89,SYN.ETH-12JUL19,1562842741033,open,0.04,639.0,0.003,0.086,0.044349,120.16,0.05,0.0,ETH-12JUL19-280-P,270.84,0.0,0.02,30.0,0.075,31.0,285.18,0.04594,-2.76025,-0.00486,0.02172,-0.70275
270.89,SYN.ETH-12JUL19,1562842741033,open,0.39,110.0,0.348,0.459,0.403179,284.79,0.297,0.0,ETH-12JUL19-380-P,270.84,0.0,0.0,0.0,0.0,0.0,0.0,0.0033,-0.46929,-0.00906,0.00066,-0.99077
272.07,SYN.ETH-26JUL19,1562842741032,open,1.18,0.0,1.118,1.294,1.206001,151.3,None,0.0,ETH-26JUL19-600-P,270.84,0.0,0.0,0.0,0.0,0.0,0.0,0.01126,-0.05727,-0.24379,0.00025,-0.99259
271.48,SYN.ETH-19JUL19,1562842741032,open,0.14,0.0,0.096,0.175,0.135574,110.39,None,0.0,ETH-19JUL19-240-C,270.84,0.0,0.0,0.0,0.0,0.0,0.0,0.11168,-0.7827,0.03891,0.00636,0.79988
272.07,SYN.ETH-26JUL19,1562842741034,open,0.0,562.0,0.001,0.04,0.000714,115.86,0.004,0.0,ETH-26JUL19-160-P,270.84,0.0,0.0,0.0,0.002,222.0,134.75,0.0127,-0.04946,-0.00102,0.00036,-0.0085
271.48,SYN.ETH-19JUL19,1562842741032,open,0.38,0.0,0.346,0.458,0.401942,119.65,None,0.0,ETH-19JUL19-380-P,270.84,0.0,0.0,0.0,0.0,0.0,0.0,0.03007,-0.22841,-0.08013,0.00158,-0.96603
271.48,SYN.ETH-19JUL19,1562842741033,open,0.21,0.0,0.157,0.236,0.19629,110.31,None,0.0,ETH-19JUL19-220-C,270.84,0.0,0.0,0.0,0.0,0.0,0.0,0.0615,-0.43069,0.04216,0.00351,0.91601
270.89,SYN.ETH-12JUL19,1562842741034,open,0.31,0.0,0.277,0.382,0.329328,243.58,None,0.0,ETH-12JUL19-360-P,270.84,0.0,0.0,0.0,0.0,0.0,0.0,0.00356,-0.43318,-0.00857,0.00083,-0.98993
272.07,SYN.ETH-26JUL19,1562842741035,open,0.26,1100.0,0.221,0.322,0.271777,112.99,0.13,0.0,ETH-26JUL19-340-P,270.84,0.0,0.238,30.0,0.291,150.0,144.25,0.15098,-0.57339,-0.1195,0.00443,-0.80596
270.89,SYN.ETH-12JUL19,1562842741033,open,0.12,51.0,0.075,0.154,0.114161,101.89,0.269,0.0,ETH-12JUL19-240-C,270.84,0.0,0.005,2.0,0.0,0.0,0.0,0.00262,-0.13372,0.00571,0.00146,0.99288
272.07,SYN.ETH-26JUL19,1562842741032,open,0.0,1099.0,0.001,0.042,0.00215,115.75,0.002,0.0,ETH-26JUL19-440-C,270.84,103.96,0.001,197.0,0.006,532.0,137.81,0.03335,-0.12973,0.00266,0.00096,0.02616
272.07,SYN.ETH-26JUL19,1562842741038,open,0.42,0.0,0.373,0.452,0.412455,111.8,None,0.0,ETH-26JUL19-160-C,270.84,0.0,0.0,0.0,0.0,0.0,0.0,0.0105,-0.03946,0.06439,0.00031,0.99315
272.07,SYN.ETH-26JUL19,1562842741035,open,0.35,0.0,0.301,0.38,0.340226,106.52,None,0.0,ETH-26JUL19-180-C,270.84,0.0,0.0,0.0,0.0,0.0,0.0,0.028,-0.10024,0.0708,0.00087,0.97875
271.48,SYN.ETH-19JUL19,1562842741033,open,0.09,61.0,0.047,0.126,0.086725,110.57,0.17,0.0,ETH-19JUL19-260-C,270.84,0.0,0.0,0.0,0.0,0.0,0.0,0.14978,-1.05143,0.03216,0.00852,0.6358
271.48,SYN.ETH-19JUL19,1562842741034,open,0.46,0.0,0.416,0.533,0.474631,122.8,None,0.0,ETH-19JUL19-400-P,270.84,0.0,0.0,0.0,0.0,0.0,0.0,0.01913,-0.14911,-0.08522,0.00098,-0.98022
271.48,SYN.ETH-19JUL19,1562842741032,open,0.07,323.0,0.04,0.126,0.082968,111.18,0.099,0.0,ETH-19JUL19-280-P,270.84,106.08,0.08,170.0,0.09,169.0,123.23,0.15817,-1.11647,-0.03666,0.00895,-0.54281
272.07,SYN.ETH-26JUL19,1562842741035,open,0.46,985.0,0.418,0.535,0.476423,117.26,0.205,0.0,ETH-26JUL19-400-P,270.84,0.0,0.0,0.0,0.0,0.0,0.0,0.0701,-0.27629,-0.15644,0.00198,-0.93445
272.07,SYN.ETH-26JUL19,1562842741104,open,0.08,612.0,0.032,0.111,0.071149,104.13,0.091,0.0,ETH-26JUL19-280-C,270.84,100.22,0.068,188.0,0.08,310.0,115.13,0.21901,-0.76657,0.04616,0.00697,0.48741
272.07,SYN.ETH-26JUL19,1562842741115,open,0.08,612.0,0.032,0.111,0.071149,104.13,0.091,0.0,ETH-26JUL19-280-C,270.84,100.22,0.068,188.0,0.08,305.0,115.13,0.21901,-0.76657,0.04616,0.00697,0.48741
271.48,SYN.ETH-19JUL19,1562842741127,open,0.04,1022.0,0.003,0.086,0.044716,111.08,0.041,0.0,ETH-19JUL19-260-P,270.84,104.33,0.041,353.0,0.051,365.0,122.43,0.14983,-1.0566,-0.02397,0.00848,-0.36452
284.43,ETH-27DEC19,1562842741129,open,0.16,324.0,0.131,0.21,0.170024,115.47,0.17,0.0,ETH-27DEC19-440-C,270.84,102.62,0.136,352.0,0.149,110.0,107.57,0.76168,-0.2604,0.34917,0.00176,0.43535
272.07,SYN.ETH-26JUL19,1562842741130,open,0.0,1099.0,0.001,0.042,0.00215,115.75,0.002,0.0,ETH-26JUL19-440-C,270.84,103.96,0.001,198.0,0.006,532.0,137.81,0.03335,-0.12973,0.00266,0.00096,0.02616
277.38,ETH-27SEP19,1562842741131,open,0.08,4000.0,0.036,0.115,0.07578,105.8,0.08,0.0,ETH-27SEP19-400-C,270.84,101.58,0.069,362.0,0.08,110.0,108.38,0.45,-0.30568,0.13676,0.00259,0.30687
272.07,SYN.ETH-26JUL19,1562842741132,open,0.0,1099.0,0.001,0.042,0.00215,115.75,0.002,0.0,ETH-26JUL19-440-C,270.84,103.96,0.001,198.0,0.006,531.0,137.81,0.03335,-0.12973,0.00266,0.00096,0.02616
271.48,SYN.ETH-19JUL19,1562842741138,open,0.07,323.0,0.04,0.126,0.082968,111.18,0.099,0.0,ETH-19JUL19-280-P,270.84,106.08,0.08,161.0,0.09,169.0,123.23,0.15817,-1.11647,-0.03666,0.00895,-0.54281
271.48,SYN.ETH-19JUL19,1562842741151,open,0.07,323.0,0.04,0.126,0.082968,111.18,0.099,0.0,ETH-19JUL19-280-P,270.84,106.08,0.08,161.0,0.09,178.0,123.23,0.15817,-1.11647,-0.03666,0.00895,-0.54281
272.07,SYN.ETH-26JUL19,1562842741161,open,0.0,1236.0,0.001,0.04,0.000269,115.76,0.001,0.0,ETH-26JUL19-520-C,270.84,0.0,0.0,0.0,0.002,219.0,146.13,0.00646,-0.02512,0.00041,0.00018,0.00397
271.48,SYN.ETH-19JUL19,1562842741172,open,0.05,377.0,0.012,0.091,0.051285,110.66,0.058,0.0,ETH-19JUL19-280-C,270.84,103.29,0.047,174.0,0.057,171.0,120.46,0.15815,-1.11107,0.02375,0.00899,0.45668
271.48,SYN.ETH-19JUL19,1562842741180,open,0.05,377.0,0.012,0.091,0.051285,110.66,0.058,0.0,ETH-19JUL19-280-C,270.84,103.29,0.047,174.0,0.057,166.0,120.46,0.15815,-1.11107,0.02375,0.00899,0.45668
270.89,SYN.ETH-12JUL19,1562842741194,open,0.01,921.0,0.001,0.048,0.008149,119.33,0.016,0.0,ETH-12JUL19-260-P,270.84,118.33,0.008,4.0,0.013,395.0,150.16,0.04051,-2.20747,-0.00156,0.01928,-0.23225
272.07,SYN.ETH-26JUL19,1562842741208,open,0.01,1883.0,0.001,0.056,0.015639,104.72,0.015,0.0,ETH-26JUL19-220-P,270.84,95.96,0.012,284.0,0.02,512.0,114.34,0.11827,-0.41631,-0.01652,0.00374,-0.13339
11954.27,BTC-27DEC19,1562842741216,open,0.06,222.0,0.016,0.0955,0.05568821,107.87,0.0575,0.0,BTC-27DEC19-30000-C,11455.49,106.66,0.0535,5.3,0.0585,9.9,109.39,21.88536,-6.9895,7.28981,3e-05,0.18749
11456.94,SYN.BTC-12JUL19,1562842741218,open,0.0,743.5,0.0005,0.04,0.00021775,121.9,0.0005,0.0,BTC-12JUL19-10000-P,11455.49,137.21,0.0005,2.9,0.001,0.1,154.07,0.15613,-2.49473,-0.00295,4e-05,-0.0105
11476.59,SYN.BTC-19JUL19,1562842741232,open,0.05,60.1,0.007,0.0865,0.04664134,111.91,0.05,0.0,BTC-19JUL19-12000-C,11455.49,107.31,0.044,3.3,0.05,5.0,117.73,6.60626,-46.93533,0.93696,0.00021,0.42501
11476.59,SYN.BTC-19JUL19,1562842741264,open,0.08,83.5,0.049,0.1355,0.09225419,111.92,0.0955,0.0,BTC-19JUL19-12000-P,11455.49,108.87,0.0905,2.9,0.0965,4.5,119.28,6.60631,-46.94032,-1.6523,0.00021,-0.57498
11456.94,SYN.BTC-12JUL19,1562842741280,open,0.0,406.7,0.0005,0.04,0.00039309,121.89,0.001,0.0,BTC-12JUL19-13000-C,11455.49,126.35,0.0005,1.6,0.0025,4.6,170.06,0.25393,-4.50358,0.00497,7e-05,0.01847
271.48,SYN.ETH-19JUL19,1562842741351,open,0.0,90.0,0.001,0.043,0.00394,115.68,0.003,0.0,ETH-19JUL19-360-C,270.84,102.12,0.002,301.0,0.007,188.0,131.08,0.04596,-0.33755,0.00314,0.0025,0.05753
270.89,SYN.ETH-12JUL19,1562842741364,open,0.0,2001.0,0.001,0.04,0.000374,119.1,0.003,0.0,ETH-12JUL19-240-P,270.84,0.0,0.0,0.0,0.002,96.0,160.92,0.00578,-0.10287,-0.00012,0.00276,-0.01766
272.07,SYN.ETH-26JUL19,1562842741379,open,0.09,908.0,0.057,0.144,0.100421,104.51,0.105,0.0,ETH-26JUL19-280-P,270.84,96.31,0.094,213.0,0.107,185.0,112.46,0.21902,-0.76936,-0.06795,0.00695,-0.51224
271.48,SYN.ETH-19JUL19,1562842741388,open,0.12,221.0,0.089,0.179,0.134141,113.09,0.086,0.0,ETH-19JUL19-300-P,270.84,98.29,0.127,250.0,0.146,260.0,135.11,0.1391,-0.9987,-0.04875,0.00773,-0.69786
272.07,SYN.ETH-26JUL19,1562842741392,open,0.2,519.0,0.162,0.257,0.209515,111.62,0.2,0.0,ETH-26JUL19-320-P,270.84,93.11,0.198,120.0,0.228,150.0,137.54,0.1822,-0.68356,-0.10401,0.00541,-0.72822
272.07,SYN.ETH-26JUL19,1562842741404,open,0.08,612.0,0.032,0.111,0.071272,104.13,0.091,0.0,ETH-26JUL19-280-C,270.84,100.22,0.068,188.0,0.08,120.0,115.13,0.21901,-0.76657,0.04616,0.00697,0.48741
11955.13,BTC-27DEC19,1562842741433,open,0.34,432.5,0.2925,0.372,0.33205513,99.03,0.3245,0.0,BTC-27DEC19-10000-C,11455.21,94.15,0.321,10.0,0.339,10.0,102.1,27.06643,-7.93595,21.81145,4e-05,0.72638
11674.24,BTC-27SEP19,1562842741433,open,0.06,279.0,0.0205,0.1,0.06040326,105.14,0.0605,0.0,BTC-27SEP19-18000-C,11455.21,102.84,0.057,5.0,0.064,13.9,107.53,17.42981,-11.76558,4.92771,6e-05,0.25824
11955.13,BTC-27DEC19,1562842741433,open,0.8,0.0,0.754,0.8335,0.79386162,115.77,None,0.0,BTC-27DEC19-2500-C,11455.21,0.0,0.0135,0.1,0.9825,0.5,500.0,1.90577,-0.65322,10.92464,0.0,0.99137
11674.24,BTC-27SEP19,1562842741433,open,0.62,289.7,0.5785,0.658,0.61823464,110.42,0.588,0.0,BTC-27SEP19-4500-C,11455.21,0.0,0.001,1.0,0.7235,5.0,298.8,2.25437,-1.59831,9.0897,1e-05,0.98317
11674.24,BTC-27SEP19,1562842741433,open,1.54,0.0,1.4795,1.6855,1.58229468,114.98,None,0.0,BTC-27SEP19-30000-P,11455.21,0.0,0.0,0.0,0.0,0.0,0.0,6.86446,-5.06768,-62.6923,2e-05,-0.93467
11955.13,BTC-27DEC19,1562842741433,open,0.01,108.3,0.0005,0.047,0.00704156,106.94,0.0055,0.0,BTC-27DEC19-3500-P,11455.21,103.65,0.006,5.1,0.0085,10.0,111.14,3.94826,-1.25015,-1.49938,1e-05,-0.02007
11954.85,BTC-27DEC19,1562842741433,open,0.03,143.2,0.0005,0.0645,0.02496811,112.26,0.0225,0.0,BTC-27DEC19-44000-C,11455.21,110.01,0.0225,4.9,0.0275,15.0,114.45,13.49158,-4.48431,3.74325,2e-05,0.09264
11954.85,BTC-27DEC19,1562842741434,open,2.66,0.0,2.5575,2.8535,2.70566129,112.42,None,0.0,BTC-27DEC19-44000-P,11455.21,0.0,0.0,0.0,0.0,0.0,0.0,13.54405,-4.50809,-199.81583,2e-05,-0.90687
11954.85,BTC-27DEC19,1562842741434,open,0.68,27.1,0.6365,0.716,0.67617843,105.11,0.542,0.0,BTC-27DEC19-4000-C,11455.21,0.0,0.014,0.1,0.7045,0.2,149.79,5.45048,-1.6963,16.28159,1e-05,0.97054
11954.85,BTC-27DEC19,1562842741434,open,1.69,0.3,1.617,1.8345,1.72554831,108.54,2.435,0.0,BTC-27DEC19-32000-P,11455.21,0.0,0.0,0.0,0.0,0.0,0.0,20.3754,-6.54793,-141.49551,3e-05,-0.83259
11674.24,BTC-27SEP19,1562842741434,open,0.37,902.1,0.3195,0.399,0.35914529,100.57,0.405,0.0,BTC-27SEP19-8000-C,11455.21,89.73,0.348,0.5,0.4775,2.0,198.08,12.45022,-8.03929,12.2806,4e-05,0.85218
11954.85,BTC-27DEC19,1562842741434,open,0.77,1.7,0.721,0.864,0.79237781,103.61,0.688,0.0,BTC-27DEC19-20000-P,11455.21,0.0,0.004,5.0,1.466,1.0,411.42,30.20678,-9.2667,-79.62544,4e-05,-0.64719
11674.24,BTC-27SEP19,1562842741434,open,0.01,559.7,0.0005,0.053,0.01263628,103.72,0.0105,0.0,BTC-27SEP19-6000-P,11455.21,99.17,0.0105,3.5,0.0145,15.0,107.41,5.70915,-3.80208,-1.60181,2e-05,-0.05167
11674.24,BTC-27SEP19,1562842741434,open,0.0,379.7,0.0005,0.04,0.00021631,120.82,0.0005,0.0,BTC-27SEP19-2500-P,11455.21,0.0,0.0,0.0,0.0015,19.7,151.54,0.2115,-0.16406,-0.03481,0.0,-0.00118
11674.24,BTC-27SEP19,1562842741435,open,0.73,0.0,0.687,0.827,0.75713736,106.62,None,0.0,BTC-27SEP19-20000-P,11455.21,0.0,0.004,10.0,1.394,0.2,500.0,15.03047,-10.28955,-38.82131,5e-05,-0.80145
11954.85,BTC-27DEC19,1562842741435,open,0.05,51.6,0.009,0.0885,0.04890669,108.6,0.053,0.0,BTC-27DEC19-32000-C,11455.21,107.47,0.047,5.2,0.0515,10.0,110.1,20.39279,-6.55692,6.56684,3e-05,0.16763
11954.85,BTC-27DEC19,1562842741435,open,0.22,227.4,0.173,0.2525,0.21289646,100.74,0.2185,0.0,BTC-27DEC19-14000-C,11455.21,96.71,0.202,10.0,0.217,10.0,102.26,32.23734,-9.61555,18.3502,5e-05,0.54466
11954.85,BTC-27DEC19,1562842741435,open,0.32,61.1,0.2705,0.376,0.32311586,99.82,0.312,0.0,BTC-27DEC19-13000-P,11455.21,95.26,0.311,8.5,0.338,8.5,105.45,31.69244,-9.36645,-40.79755,5e-05,-0.41448
11954.85,BTC-27DEC19,1562842741435,open,0.09,173.3,0.045,0.1245,0.08490052,105.04,0.0845,0.0,BTC-27DEC19-24000-C,11455.21,103.29,0.081,5.5,0.089,9.5,106.86,26.79896,-8.33458,10.14079,4e-05,0.26824
11954.85,BTC-27DEC19,1562842741435,open,1.07,0.0,1.009,1.176,1.09238173,105.01,None,0.0,BTC-27DEC19-24000-P,11455.21,0.0,0.005,1.0,1.884,0.2,500.0,26.79218,-8.32991,-100.90422,4e-05,-0.7319
11673.96,BTC-27SEP19,1562842741436,open,0.71,261.1,0.662,0.7415,0.70171068,119.69,0.714,0.0,BTC-27SEP19-3500-C,11455.21,0.0,0.161,1.0,0.7695,10.0,299.13,1.05589,-0.81141,7.25428,0.0,0.99296
11954.85,BTC-27DEC19,1562842741436,open,0.02,285.3,0.0005,0.0585,0.01851857,115.65,0.018,0.0,BTC-27DEC19-52000-C,11455.21,113.94,0.017,4.9,0.0195,1.0,116.71,10.92222,-3.7398,2.84936,1e-05,0.07003
11477.61,SYN.BTC-19JUL19,1562842741434,open,0.01,152.8,0.0005,0.0515,0.0117787,117.48,0.01,0.0,BTC-19JUL19-14000-C,11455.21,113.54,0.0105,3.0,0.0135,10.0,122.52,3.81512,-28.45455,0.32611,0.00011,0.14346
11477.61,SYN.BTC-19JUL19,1562842741434,open,0.0,11.5,0.0005,0.0415,0.00159249,120.8,0.0015,0.0,BTC-19JUL19-16500-C,11455.21,103.15,0.0005,5.0,0.003,0.6,133.98,0.99142,-7.60311,0.05842,3e-05,0.02518
11673.96,BTC-27SEP19,1562842741437,open,0.37,29.6,0.33,0.4405,0.3852184,102.73,0.342,0.0,BTC-27SEP19-15000-P,11455.21,81.9,0.3495,3.5,0.4145,3.5,119.07,20.62022,-13.60127,-24.89977,7e-05,-0.61448
11673.96,BTC-27SEP19,1562842741436,open,0.58,793.2,0.5375,0.617,0.57700526,106.04,0.5945,0.0,BTC-27SEP19-5000-C,11455.21,0.0,0.051,1.0,0.7025,5.0,298.5,3.05295,-2.07844,9.93612,1e-05,0.97593
11457.95,SYN.BTC-12JUL19,1562842741436,open,0.27,0.0,0.2185,0.298,0.25809153,0.0,None,0.0,BTC-12JUL19-8500-C,11455.21,0.0,0.0225,4.0,0.0,0.0,0.0,0.0,0.0,0.20393,0.0,1.0
11497.28,SYN.BTC-26JUL19,1562842741435,open,0.17,145.5,0.121,0.2005,0.16085691,105.7,0.1875,0.0,BTC-26JUL19-10000-C,11455.21,0.0,0.09,0.5,0.38,0.2,425.88,6.9342,-24.63643,2.8849,0.00012,0.77653
11954.85,BTC-27DEC19,1562842741437,open,0.07,63.9,0.024,0.1035,0.06354573,106.95,0.074,0.0,BTC-27DEC19-28000-C,11455.21,105.38,0.0605,5.5,0.067,9.8,108.69,23.43993,-7.42213,8.10426,3e-05,0.21007
11497.28,SYN.BTC-26JUL19,1562842741435,open,0.38,5.0,0.3455,0.457,0.40117639,115.16,0.2255,0.0,BTC-26JUL19-16000-P,11455.21,0.0,0.0,0.0,0.0,0.0,0.0,3.95014,-15.2895,-6.11623,6e-05,-0.90411
11497.28,SYN.BTC-26JUL19,1562842741433,open,0.8,0.0,0.7545,0.9,0.82740285,123.77,None,0.0,BTC-26JUL19-21000-P,11455.21,0.0,0.0,0.0,0.0,0.0,0.0,0.67893,-2.82443,-8.51062,1e-05,-0.98887
11497.28,SYN.BTC-26JUL19,1562842741434,open,0.0,212.6,0.0005,0.0405,0.00059586,120.8,0.0005,0.0,BTC-26JUL19-6500-P,11455.21,0.0,0.0,0.0,0.0015,10.0,137.26,0.44881,-1.82237,-0.03531,1e-05,-0.00694
11954.85,BTC-27DEC19,1562842741438,open,0.51,63.0,0.465,0.5445,0.50487565,99.68,0.4965,0.0,BTC-27DEC19-6500-C,11455.21,0.0,0.2425,0.1,0.97,2.0,500.0,15.08087,-4.45058,21.41767,2e-05,0.89209
11457.95,SYN.BTC-12JUL19,1562842741435,open,0.25,17.9,0.215,0.316,0.26560919,179.46,0.1935,0.0,BTC-12JUL19-14500-P,11455.21,0.0,0.001,1.0,0.0,0.0,0.0,0.0696,-6.24573,-0.34675,1e-05,-0.99579
11457.95,SYN.BTC-12JUL19,1562842741435,open,0.29,16.1,0.257,0.3615,0.3092503,202.75,0.296,0.0,BTC-12JUL19-15000-P,11455.21,0.0,0.002,1.0,0.0,0.0,0.0,0.06464,-6.55288,-0.35884,1e-05,-0.99612
11477.61,SYN.BTC-19JUL19,1562842741433,open,0.38,0.0,0.341,0.452,0.39662314,121.82,None,0.0,BTC-19JUL19-16000-P,11455.21,0.0,0.0,0.0,0.0,0.0,0.0,1.41177,-10.91812,-3.36318,4e-05,-0.96139
11457.95,SYN.BTC-12JUL19,1562842741433,open,0.33,0.0,0.299,0.407,0.35289193,225.2,None,0.0,BTC-12JUL19-15500-P,11455.21,0.0,0.0,0.0,0.0,0.0,0.0,0.06104,-6.87274,-0.3709,1e-05,-0.99636
11497.28,SYN.BTC-26JUL19,1562842741435,open,0.44,0.0,0.3955,0.475,0.43519401,119.47,0.3665,0.0,BTC-26JUL19-6500-C,11455.21,0.0,0.005,0.1,0.0,0.0,0.0,0.42215,-1.69522,2.6162,1e-05,0.99353
11497.28,SYN.BTC-26JUL19,1562842741435,open,0.0,253.4,0.0005,0.041,0.00127743,120.8,0.001,0.0,BTC-26JUL19-20000-C,11455.21,107.82,0.0005,20.0,0.0035,10.0,139.97,0.92167,-3.74238,0.06829,1e-05,0.01585
11497.28,SYN.BTC-26JUL19,1562842741435,open,0.04,114.4,0.0005,0.072,0.03204448,108.66,0.0315,0.0,BTC-26JUL19-13500-C,11455.21,104.01,0.029,5.0,0.0355,15.0,113.8,7.62926,-27.86292,1.10022,0.00013,0.26684
11457.95,SYN.BTC-12JUL19,1562842741438,open,0.08,121.5,0.0495,0.1365,0.09304514,123.16,0.118,0.0,BTC-12JUL19-12500-P,11455.21,0.0,0.077,5.0,0.1155,5.0,290.47,0.8253,-50.82023,-0.2788,0.00021,-0.92114
11457.95,SYN.BTC-12JUL19,1562842741437,open,0.0,340.3,0.0005,0.04,4e-08,121.86,0.0005,0.0,BTC-12JUL19-15000-C,11455.21,0.0,0.0,0.0,0.0005,12.0,239.73,0.0001,-0.00051,0.0,0.0,0.0
11477.61,SYN.BTC-19JUL19,1562842741435,open,0.34,0.0,0.3005,0.4085,0.35434588,121.22,None,0.0,BTC-19JUL19-15500-P,11455.21,0.0,0.001,1.0,0.0,0.0,0.0,1.87515,-14.43031,-3.21793,5e-05,-0.94501
11457.95,SYN.BTC-12JUL19,1562842741436,open,0.14,34.1,0.0875,0.167,0.12738422,115.44,0.2085,0.0,BTC-12JUL19-10000-C,11455.21,0.0,0.03,0.1,0.0,0.0,0.0,0.11544,-6.6637,0.23783,3e-05,0.99256
11954.85,BTC-27DEC19,1562842741448,open,1.22,0.0,1.1585,1.338,1.24823398,106.13,None,0.0,BTC-27DEC19-26000-P,11455.21,0.0,0.004,10.0,2.046,0.2,500.0,25.11836,-7.89304,-111.23318,4e-05,-0.76278
11477.61,SYN.BTC-19JUL19,1562842741491,open,0.04,16.8,0.0005,0.0735,0.03358649,113.24,0.035,0.0,BTC-19JUL19-12500-C,11455.21,105.52,0.0295,15.0,0.0365,5.0,118.66,6.13261,-44.08924,0.74317,0.00019,0.33367
11497.28,SYN.BTC-26JUL19,1562842741493,open,0.0,132.8,0.0005,0.042,0.00225133,120.8,0.002,0.0,BTC-26JUL19-19000-C,11455.21,113.89,0.0015,5.0,0.004,10.0,132.52,1.41633,-5.75086,0.11279,2e-05,0.02632
11674.24,BTC-27SEP19,1562842741551,open,0.02,254.9,0.0005,0.0655,0.02475897,101.3,0.025,0.0,BTC-27SEP19-7000-P,11455.21,97.61,0.022,23.5,0.0275,20.0,104.82,8.91848,-5.80067,-2.91441,3e-05,-0.09225
271.48,SYN.ETH-19JUL19,1562842741649,open,0.04,1022.0,0.003,0.086,0.044596,111.08,0.041,0.0,ETH-19JUL19-260-P,270.84,104.33,0.041,347.0,0.051,365.0,122.43,0.14983,-1.0566,-0.02397,0.00848,-0.36452
271.48,SYN.ETH-19JUL19,1562842741653,open,0.04,1022.0,0.003,0.086,0.044596,111.08,0.041,0.0,ETH-19JUL19-260-P,270.84,104.33,0.041,347.0,0.05,145.0,120.63,0.14983,-1.0566,-0.02397,0.00848,-0.36452
277.38,ETH-27SEP19,1562842741898,open,0.34,1144.0,0.296,0.375,0.335094,101.41,0.335,0.0,ETH-27SEP19-200-C,270.84,62.97,0.295,20.0,0.425,11.0,171.21,0.33093,-0.21547,0.28961,0.00199,0.82445
277.38,ETH-27SEP19,1562842741900,open,0.0,8280.0,0.001,0.044,0.004583,102.08,0.003,0.0,ETH-27SEP19-120-P,270.84,88.75,0.002,300.0,0.007,538.0,110.83,0.06743,-0.0442,-0.01578,0.0004,-0.02207
271.48,SYN.ETH-19JUL19,1562842741904,open,0.0,90.0,0.001,0.043,0.00394,115.68,0.003,0.0,ETH-19JUL19-360-C,270.84,102.12,0.002,301.0,0.007,187.0,131.08,0.04596,-0.33755,0.00314,0.0025,0.05753
11457.95,SYN.BTC-12JUL19,1562842741913,open,0.1,56.4,0.0455,0.125,0.08535479,120.72,0.0895,0.0,BTC-12JUL19-10500-C,11455.21,90.64,0.084,0.1,0.0895,0.1,168.58,0.72024,-43.4741,0.23328,0.00019,0.93398
11457.95,SYN.BTC-12JUL19,1562842741915,open,0.02,107.0,0.0005,0.066,0.02501923,118.21,0.024,0.0,BTC-12JUL19-11500-P,11455.21,102.74,0.022,5.4,0.028,0.4,133.47,2.23764,-132.25459,-0.14809,0.0006,-0.51369
271.48,SYN.ETH-19JUL19,1562842741914,open,0.01,1010.0,0.001,0.047,0.00687,111.35,0.001,0.0,ETH-19JUL19-220-P,270.84,91.16,0.003,300.0,0.011,463.0,127.4,0.06247,-0.44165,-0.00543,0.00353,-0.08577
270.89,SYN.ETH-12JUL19,1562842741921,open,0.0,699.0,0.001,0.04,3.9e-05,118.67,0.001,0.0,ETH-12JUL19-320-C,270.84,0.0,0.0,0.0,0.001,138.0,177.48,0.00095,-0.01041,1e-05,0.00045,0.00228
271.48,SYN.ETH-19JUL19,1562842741922,open,0.0,181.0,0.001,0.042,0.002023,115.14,0.001,0.0,ETH-19JUL19-200-P,270.84,0.0,0.0,0.0,0.004,146.0,131.45,0.0266,-0.19445,-0.00183,0.00145,-0.02929
270.91,SYN.ETH-12JUL19,1562842741936,open,0.0,549.0,0.001,0.04,0.000983,118.79,0.001,0.0,ETH-12JUL19-300-C,270.84,119.17,0.001,2177.0,0.004,145.0,162.88,0.01198,-0.26635,0.00027,0.00573,0.04238
270.91,SYN.ETH-12JUL19,1562842741938,open,0.0,549.0,0.001,0.04,0.000983,118.79,0.001,0.0,ETH-12JUL19-300-C,270.84,119.17,0.001,2177.0,0.004,142.0,162.88,0.01198,-0.26635,0.00027,0.00573,0.04238
277.36,ETH-27SEP19,1562842741944,open,0.19,1710.0,0.14,0.219,0.179926,100.63,0.188,0.0,ETH-27SEP19-280-C,270.84,91.81,0.164,250.0,0.187,110.0,104.56,0.49974,-0.32287,0.23909,0.00303,0.58395
272.07,SYN.ETH-26JUL19,1562842741952,open,0.02,1813.0,0.001,0.061,0.021778,112.32,0.019,0.0,ETH-26JUL19-340-C,270.84,109.15,0.02,193.0,0.025,278.0,118.12,0.15014,-0.56684,0.01891,0.00443,0.19227
277.36,ETH-27SEP19,1562842741963,open,0.0,4126.0,0.001,0.042,0.002022,106.64,0.001,0.0,ETH-27SEP19-100-P,270.84,0.0,0.0,0.0,0.004,547.0,119.15,0.03486,-0.02387,-0.00726,0.0002,-0.01024
272.07,SYN.ETH-26JUL19,1562842741971,open,0.06,888.0,0.02,0.104,0.061686,104.45,0.064,0.0,ETH-26JUL19-260-P,270.84,98.16,0.057,176.0,0.069,540.0,113.84,0.20814,-0.73077,-0.04835,0.00661,-0.37425
271.48,SYN.ETH-19JUL19,1562842741987,open,0.07,323.0,0.04,0.126,0.082784,111.18,0.099,0.0,ETH-19JUL19-280-P,270.84,106.08,0.08,152.0,0.09,178.0,123.23,0.15817,-1.11647,-0.03666,0.00895,-0.54281
271.48,SYN.ETH-19JUL19,1562842741994,open,0.07,323.0,0.04,0.126,0.082784,111.18,0.099,0.0,ETH-19JUL19-280-P,270.84,106.08,0.08,152.0,0.09,187.0,123.23,0.15817,-1.11647,-0.03666,0.00895,-0.54281
284.43,ETH-27DEC19,1562842742033,open,0.45,276.0,0.434,0.553,0.493574,115.5,0.39,0.0,ETH-27DEC19-360-P,270.88,93.52,0.434,110.0,0.49,1.0,114.18,0.76851,-0.26281,-1.25881,0.00178,-0.46298
277.38,ETH-27SEP19,1562842742033,open,1.57,0.0,1.504,1.711,1.607502,114.58,None,0.0,ETH-27SEP19-720-P,270.88,0.0,0.0,0.0,0.0,0.0,0.0,0.15673,-0.1153,-1.50642,0.00083,-0.93793
284.43,ETH-27DEC19,1562842742033,open,0.1,104.0,0.074,0.153,0.113118,115.47,0.108,0.0,ETH-27DEC19-560-C,270.88,103.04,0.084,267.0,0.101,267.0,110.42,0.69119,-0.23631,0.27127,0.0016,0.31925
284.43,ETH-27DEC19,1562842742033,open,0.29,13.0,0.239,0.318,0.278306,102.49,0.286,0.0,ETH-27DEC19-280-C,270.88,95.68,0.261,120.0,0.292,120.0,107.91,0.72048,-0.21862,0.48218,0.00188,0.64471
284.47,ETH-27DEC19,1562842742034,open,0.14,621.0,0.108,0.187,0.147847,115.46,0.139,0.0,ETH-27DEC19-480-C,270.88,103.44,0.117,361.0,0.13,361.0,108.56,0.74361,-0.2542,0.32167,0.00172,0.39224
277.42,ETH-27SEP19,1562842742034,open,0.45,392.0,0.404,0.483,0.443799,101.29,0.51,0.0,ETH-27SEP19-160-C,270.88,0.0,0.1,10.0,0.0,0.0,0.0,0.18912,-0.12299,0.28232,0.00114,0.92077
270.91,SYN.ETH-12JUL19,1562842742033,open,0.06,150.0,0.009,0.088,0.048291,118.5,0.099,0.0,ETH-12JUL19-260-C,270.88,0.0,0.023,30.0,0.076,30.0,279.47,0.04034,-2.38982,0.00469,0.01933,0.76957
270.91,SYN.ETH-12JUL19,1562842742033,open,0.0,219.0,0.001,0.04,0.0,118.84,0.003,0.0,ETH-12JUL19-440-C,270.88,0.0,0.0,0.0,0.001,250.0,431.65,0.0,0.0,0.0,0.0,0.0
271.5,SYN.ETH-19JUL19,1562842742033,open,0.53,0.0,0.486,0.609,0.547412,119.58,None,0.0,ETH-19JUL19-420-P,270.88,0.0,0.0,0.0,0.0,0.0,0.0,0.00902,-0.06845,-0.09017,0.00047,-0.99171
272.09,SYN.ETH-26JUL19,1562842742033,open,1.03,0.0,0.977,1.14,1.058393,126.07,None,0.0,ETH-26JUL19-560-P,270.88,0.0,0.0,0.0,0.0,0.0,0.0,0.00559,-0.02369,-0.22788,0.00015,-0.99662
270.91,SYN.ETH-12JUL19,1562842742033,open,0.0,456.0,0.001,0.04,0.0,118.83,0.001,0.0,ETH-12JUL19-360-C,270.88,0.0,0.0,0.0,0.001,251.0,276.09,0.0,0.0,0.0,0.0,0.0
270.91,SYN.ETH-12JUL19,1562842742033,open,0.0,649.0,0.001,0.04,1e-06,118.82,0.001,0.0,ETH-12JUL19-340-C,270.88,0.0,0.0,0.0,0.001,252.0,229.14,3e-05,-0.00019,0.0,1e-05,5e-05
270.91,SYN.ETH-12JUL19,1562842742033,open,0.24,302.0,0.205,0.305,0.255106,170.59,0.131,0.0,ETH-12JUL19-340-P,270.88,0.0,0.0,0.0,0.0,0.0,0.0,0.00147,-0.12561,-0.00813,0.00049,-0.99628
272.09,SYN.ETH-26JUL19,1562842742033,open,0.0,2391.0,0.001,0.04,0.000457,115.79,0.001,0.0,ETH-26JUL19-500-C,270.88,0.0,0.0,0.0,0.002,10.0,138.83,0.00997,-0.0388,0.00067,0.00029,0.00646
270.91,SYN.ETH-12JUL19,1562842742034,open,0.0,282.0,0.001,0.04,0.0,118.84,0.001,0.0,ETH-12JUL19-420-C,270.88,0.0,0.0,0.0,0.001,250.0,396.61,0.0,0.0,0.0,0.0,0.0
272.09,SYN.ETH-26JUL19,1562842742161,open,0.05,1008.0,0.01,0.089,0.049729,109.05,0.06,0.0,ETH-26JUL19-300-C,270.88,102.81,0.045,185.0,0.054,220.0,114.63,0.20728,-0.75975,0.03545,0.0063,0.36938
271.5,SYN.ETH-19JUL19,1562842742174,open,0.0,140.0,0.001,0.04,0.000803,115.79,0.004,0.0,ETH-19JUL19-400-C,270.88,0.0,0.0,0.0,0.003,192.0,141.13,0.01436,-0.10554,0.00078,0.00078,0.01414
271.5,SYN.ETH-19JUL19,1562842742175,open,0.0,311.0,0.001,0.041,0.00181,115.75,0.003,0.0,ETH-19JUL19-380-C,270.88,0.0,0.0,0.0,0.004,169.0,132.99,0.02655,-0.19514,0.00161,0.00144,0.02923
272.09,SYN.ETH-26JUL19,1562842742177,open,0.01,1570.0,0.001,0.045,0.005793,115.6,0.009,0.0,ETH-26JUL19-400-C,270.88,102.23,0.003,538.0,0.009,300.0,127.01,0.06751,-0.26233,0.00628,0.00194,0.06245
272.09,SYN.ETH-26JUL19,1562842742185,open,0.01,3248.0,0.001,0.054,0.014657,114.83,0.015,0.0,ETH-26JUL19-360-C,270.88,106.09,0.011,666.0,0.019,297.0,124.1,0.12074,-0.46602,0.01362,0.00348,0.13746
272.09,SYN.ETH-26JUL19,1562842742200,open,0.03,1034.0,0.001,0.074,0.033486,104.32,0.048,0.0,ETH-26JUL19-240-P,270.88,92.16,0.026,237.0,0.039,579.0,112.96,0.17138,-0.60091,-0.0305,0.00544,-0.2416
272.09,SYN.ETH-26JUL19,1562842742207,open,0.09,908.0,0.057,0.144,0.100421,104.34,0.105,0.0,ETH-26JUL19-280-P,270.88,96.36,0.094,213.0,0.107,193.0,112.51,0.21903,-0.76819,-0.06794,0.00696,-0.51226
271.5,SYN.ETH-19JUL19,1562842742213,open,0.03,370.0,0.001,0.069,0.029093,112.57,0.025,0.0,ETH-19JUL19-300-C,270.88,106.47,0.026,160.0,0.033,248.0,120.12,0.13891,-0.99279,0.01594,0.00776,0.3012
272.09,SYN.ETH-26JUL19,1562842742239,open,0.08,612.0,0.032,0.111,0.071272,104.25,0.091,0.0,ETH-26JUL19-280-C,270.88,100.18,0.068,193.0,0.08,120.0,115.09,0.21903,-0.76749,0.04617,0.00696,0.48766
272.09,SYN.ETH-26JUL19,1562842742255,open,0.0,984.0,0.001,0.042,0.002009,108.3,0.002,0.0,ETH-26JUL19-180-P,270.88,0.0,0.0,0.0,0.004,492.0,122.95,0.02971,-0.10816,-0.00275,0.00091,-0.0228
272.09,SYN.ETH-26JUL19,1562842742260,open,0.01,1208.0,0.001,0.046,0.006123,105.88,0.003,0.0,ETH-26JUL19-200-P,270.88,90.72,0.003,450.0,0.009,612.0,116.61,0.06623,-0.2357,-0.00744,0.00207,-0.06094
272.09,SYN.ETH-26JUL19,1562842742271,open,0.0,1099.0,0.001,0.042,0.002157,115.79,0.002,0.0,ETH-26JUL19-440-C,270.88,103.94,0.001,199.0,0.006,531.0,137.8,0.03342,-0.13008,0.00267,0.00096,0.02623
272.09,SYN.ETH-26JUL19,1562842742273,open,0.0,1099.0,0.001,0.042,0.002157,115.79,0.002,0.0,ETH-26JUL19-440-C,270.88,103.94,0.001,199.0,0.006,530.0,137.8,0.03342,-0.13008,0.00267,0.00096,0.02623
272.09,SYN.ETH-26JUL19,1562842742283,open,0.0,1236.0,0.001,0.04,0.00027,115.8,0.001,0.0,ETH-26JUL19-520-C,270.88,0.0,0.0,0.0,0.002,218.0,146.12,0.00648,-0.02521,0.00041,0.00019,0.00398
271.5,SYN.ETH-19JUL19,1562842742291,open,0.01,441.0,0.001,0.047,0.007728,113.91,0.021,0.0,ETH-19JUL19-340-C,270.88,102.53,0.005,456.0,0.011,444.0,125.29,0.07185,-0.51956,0.00562,0.00397,0.10366
271.5,SYN.ETH-19JUL19,1562842742292,open,0.01,441.0,0.001,0.047,0.007728,113.91,0.021,0.0,ETH-19JUL19-340-C,270.88,102.53,0.005,456.0,0.011,441.0,125.29,0.07185,-0.51956,0.00562,0.00397,0.10366
271.5,SYN.ETH-19JUL19,1562842742300,open,0.05,377.0,0.012,0.091,0.051405,110.81,0.058,0.0,ETH-19JUL19-280-C,270.88,103.24,0.047,179.0,0.057,166.0,120.4,0.15818,-1.11281,0.02376,0.00897,0.45701
271.5,SYN.ETH-19JUL19,1562842742306,open,0.05,377.0,0.012,0.091,0.051405,110.81,0.058,0.0,ETH-19JUL19-280-C,270.88,103.24,0.047,179.0,0.057,161.0,120.4,0.15818,-1.11281,0.02376,0.00897,0.45701
270.91,SYN.ETH-12JUL19,1562842742316,open,0.01,921.0,0.001,0.048,0.008078,118.97,0.016,0.0,ETH-12JUL19-260-P,270.88,118.45,0.008,4.0,0.013,404.0,150.29,0.04042,-2.18844,-0.00156,0.01929,-0.23125
272.09,SYN.ETH-26JUL19,1562842742327,open,0.01,1883.0,0.001,0.056,0.015584,104.65,0.015,0.0,ETH-26JUL19-220-P,270.88,95.99,0.012,284.0,0.02,516.0,114.37,0.11815,-0.41558,-0.0165,0.00374,-0.13317
11954.73,BTC-27DEC19,1562842742434,open,0.45,93.8,0.4075,0.487,0.44747399,99.04,0.4485,0.0,BTC-27DEC19-7500-C,11454.95,0.0,0.311,3.0,0.5005,2.5,130.97,19.10736,-5.60269,22.16691,3e-05,0.84824
11954.73,BTC-27DEC19,1562842742434,open,0.0,89.4,0.0005,0.0415,0.0016447,120.82,0.0005,0.0,BTC-27DEC19-2000-P,11454.95,112.95,0.001,6.7,0.0035,10.0,135.79,1.14369,-0.40911,-0.35906,0.0,-0.00485
11674.28,BTC-27SEP19,1562842742435,open,0.87,42.8,0.832,0.9115,0.87151749,120.2,0.815,0.0,BTC-27SEP19-1500-C,11454.95,0.0,0.0,0.0,0.0,0.0,0.0,0.00803,-0.0062,3.19936,0.0,0.99996
11954.47,BTC-27DEC19,1562842742435,open,3.31,1.0,3.1935,3.5425,3.36821637,115.5,3.1845,0.0,BTC-27DEC19-52000-P,11454.95,0.0,0.001,1.0,0.0,0.0,0.0,10.87354,-3.71826,-237.7553,1e-05,-0.93037
11954.47,BTC-27DEC19,1562842742435,open,0.02,51.3,0.0005,0.061,0.02137659,114.04,0.021,0.0,BTC-27DEC19-48000-C,11454.95,112.14,0.0195,4.8,0.0235,15.0,116.08,12.10333,-4.08661,3.24955,2e-05,0.08013
11674.28,BTC-27SEP19,1562842742435,open,0.0,425.8,0.0005,0.04,4.772e-05,120.82,0.0005,0.0,BTC-27SEP19-2000-P,11454.95,0.0,0.0,0.0,0.001,24.2,164.12,0.05789,-0.04491,-0.00843,0.0,-0.00029
11954.47,BTC-27DEC19,1562842742436,open,0.43,206.7,0.382,0.4615,0.42151216,99.03,0.43,0.0,BTC-27DEC19-8000-C,11454.95,0.0,0.3005,0.1,0.52,0.5,153.68,20.9904,-6.15477,22.29543,3e-05,0.82461
11674.28,BTC-27SEP19,1562842742436,open,0.54,227.0,0.4975,0.577,0.53704777,104.16,0.535,0.0,BTC-27SEP19-5500-C,11454.95,0.0,0.0,0.0,0.615,1.0,219.71,4.21973,-2.82194,10.64591,1e-05,0.96446
11954.47,BTC-27DEC19,1562842742436,open,1.38,0.1,1.3095,1.5015,1.40568618,106.91,2.02,0.0,BTC-27DEC19-28000-P,11454.95,0.0,0.001,1.0,0.0,0.0,0.0,23.42799,-7.4157,-121.44951,3e-05,-0.79011
11674.02,BTC-27SEP19,1562842742436,open,0.6,13.5,0.558,0.6375,0.59761917,108.43,0.382,0.0,BTC-27SEP19-4750-C,11454.95,0.0,0.004,10.0,0.7135,5.0,299.53,2.65387,-1.84762,9.51444,1e-05,0.97961
11954.47,BTC-27DEC19,1562842742437,open,0.12,227.1,0.082,0.1715,0.12686837,99.02,0.1165,0.0,BTC-27DEC19-9000-P,11454.95,96.38,0.1215,5.0,0.131,8.5,101.05,24.33504,-7.13456,-19.41499,4e-05,-0.22415
11954.47,BTC-27DEC19,1562842742437,open,0.0,148.8,0.0005,0.0405,0.00050206,120.82,0.0015,0.0,BTC-27DEC19-1500-P,11454.95,0.0,0.0,0.0,0.0015,10.0,138.79,0.43501,-0.15561,-0.11954,0.0,-0.00166
11954.47,BTC-27DEC19,1562842742437,open,0.61,62.9,0.564,0.6435,0.60356376,102.43,0.598,0.0,BTC-27DEC19-5000-C,11454.95,0.0,0.0045,0.1,0.7015,14.0,197.62,9.02678,-2.73742,18.89287,1e-05,0.94514
11674.02,BTC-27SEP19,1562842742437,open,0.43,748.2,0.3855,0.465,0.42514729,101.31,0.446,0.0,BTC-27SEP19-7000-C,11454.95,0.0,0.08,0.1,0.0,0.0,0.0,8.91987,-5.80218,12.01991,3e-05,0.90773
11497.06,SYN.BTC-26JUL19,1562842742435,open,0.24,50.3,0.19,0.2695,0.22961519,107.55,0.2035,0.0,BTC-26JUL19-9000-C,11454.95,0.0,0.1,0.5,0.4,1.0,399.76,4.31175,-15.58639,3.10296,7e-05,0.89184
11674.02,BTC-27SEP19,1562842742437,open,0.64,0.2,0.599,0.6785,0.63875126,111.26,0.26,0.0,BTC-27SEP19-4250-C,11454.95,0.0,0.005,0.1,0.7345,5.0,298.97,1.8174,-1.29822,8.67144,1e-05,0.9869
11954.47,BTC-27DEC19,1562842742437,open,0.09,183.8,0.0475,0.134,0.09069663,99.02,0.082,0.0,BTC-27DEC19-8000-P,11454.95,96.91,0.087,5.0,0.0945,12.6,101.18,20.98978,-6.15384,-14.71679,3e-05,-0.17538
11954.47,BTC-27DEC19,1562842742437,open,0.08,140.1,0.0335,0.113,0.07328693,106.09,0.073,0.0,BTC-27DEC19-26000-C,11454.95,104.51,0.07,5.5,0.077,9.7,107.84,25.10608,-7.88591,9.05602,4e-05,0.23702
11674.02,BTC-27SEP19,1562842742438,open,0.0,46.9,0.0005,0.041,0.00107149,120.82,0.0015,0.0,BTC-27SEP19-3250-P,11454.95,110.08,0.0005,8.5,0.0025,15.0,136.34,0.79083,-0.61346,-0.15322,0.0,-0.00508
11674.02,BTC-27SEP19,1562842742438,open,0.75,225.7,0.704,0.7835,0.74368878,120.79,0.693,0.0,BTC-27SEP19-3000-C,11454.95,0.0,0.004,20.0,0.9225,5.0,500.0,0.5407,-0.41934,6.30133,0.0,0.99668
11954.47,BTC-27DEC19,1562842742438,open,0.5,7.1,0.451,0.5715,0.51113239,101.41,0.4265,0.0,BTC-27DEC19-16000-P,11454.95,0.0,0.004,5.0,0.6,0.1,134.24,32.34208,-9.71089,-57.63771,5e-05,-0.53095
11497.06,SYN.BTC-26JUL19,1562842742436,open,0.0,344.0,0.0005,0.041,0.00121659,117.48,0.001,0.0,BTC-26JUL19-7000-P,11454.95,104.12,0.0005,10.0,0.002,1.9,126.96,0.8042,-3.17559,-0.06909,1e-05,-0.01353
11954.47,BTC-27DEC19,1562842742438,open,0.44,5.6,0.3895,0.505,0.44718296,101.41,0.3855,0.0,BTC-27DEC19-15000-P,11454.95,93.24,0.425,5.0,0.486,5.0,115.75,32.43565,-9.7391,-52.03775,5e-05,-0.49365
11954.47,BTC-27DEC19,1562842742439,open,1.53,0.2,1.463,1.6675,1.56513555,107.83,2.2245,0.0,BTC-27DEC19-30000-P,11454.95,0.0,0.0,0.0,0.0,0.0,0.0,21.87399,-6.98317,-131.5169,3e-05,-0.81267
11477.36,SYN.BTC-19JUL19,1562842742436,open,0.09,36.5,0.047,0.1265,0.0865291,110.94,0.13,0.0,BTC-19JUL19-11000-C,11454.95,105.45,0.0835,3.0,0.0905,5.0,118.11,6.34348,-44.67814,1.35553,0.0002,0.63389
11497.06,SYN.BTC-26JUL19,1562842742436,open,0.08,252.9,0.0405,0.127,0.08369691,103.94,0.082,0.0,BTC-26JUL19-11500-P,11454.95,86.23,0.0695,3.5,0.099,3.5,123.06,9.20988,-32.1758,-2.54151,0.00016,-0.45871
11497.06,SYN.BTC-26JUL19,1562842742434,open,0.01,348.1,0.0005,0.0475,0.00746198,109.46,0.006,0.0,BTC-26JUL19-8500-P,11454.95,101.68,0.0055,7.4,0.009,20.0,114.9,3.10985,-11.44204,-0.36207,5e-05,-0.06981
11457.67,SYN.BTC-12JUL19,1562842742437,open,0.38,0.0,0.341,0.452,0.39641038,0.0,None,0.0,BTC-12JUL19-16000-P,11454.95,0.0,0.001,10.0,0.0,0.0,0.0,0.0,0.0,-0.38387,0.0,-1.0
11457.67,SYN.BTC-12JUL19,1562842742435,open,0.16,53.7,0.1315,0.225,0.17828013,114.56,0.142,0.0,BTC-12JUL19-13500-P,11454.95,0.0,0.0395,0.1,0.0,0.0,0.0,0.03388,-1.94068,-0.32337,1e-05,-0.99811
11497.06,SYN.BTC-26JUL19,1562842742437,open,0.16,37.4,0.125,0.2185,0.17179818,107.62,0.1,0.0,BTC-26JUL19-13000-P,11454.95,0.0,0.06,0.5,0.0,0.0,0.0,8.34198,-30.17595,-3.973,0.00014,-0.67611
11497.06,SYN.BTC-26JUL19,1562842742436,open,0.3,10.0,0.267,0.372,0.31959937,111.5,0.17,0.0,BTC-26JUL19-15000-P,11454.95,0.0,0.0,0.0,0.0,0.0,0.0,5.22958,-19.5997,-5.51527,9e-05,-0.85745
11497.06,SYN.BTC-26JUL19,1562842742436,open,0.53,0.0,0.482,0.5615,0.52168482,122.32,0.4,0.0,BTC-26JUL19-5500-C,11454.95,0.0,0.0005,0.1,0.0,0.0,0.0,0.07364,-0.30278,2.23683,0.0,0.99906
11457.67,SYN.BTC-12JUL19,1562842742437,open,0.12,55.0,0.09,0.18,0.13497821,120.66,0.101,0.0,BTC-12JUL19-13000-P,11454.95,0.0,0.1105,5.0,0.158,5.0,343.21,0.24305,-14.66314,-0.30717,6e-05,-0.98246
11457.67,SYN.BTC-12JUL19,1562842742436,open,0.0,365.9,0.0005,0.04,1.262e-05,121.88,0.0005,0.0,BTC-12JUL19-9500-P,11454.95,0.0,0.0,0.0,0.0005,5.3,180.86,0.0148,-0.14464,-0.00021,0.0,-0.00077
11497.06,SYN.BTC-26JUL19,1562842742435,open,0.0,187.8,0.0005,0.04,0.00020714,120.82,0.0005,0.0,BTC-26JUL19-6000-P,11454.95,0.0,0.0,0.0,0.001,5.0,145.75,0.18984,-0.77094,-0.01339,0.0,-0.00265
11477.36,SYN.BTC-19JUL19,1562842742438,open,0.22,16.4,0.1825,0.2805,0.23155632,117.44,0.1615,0.0,BTC-19JUL19-14000-P,11454.95,0.0,0.0,0.0,0.0,0.0,0.0,3.81302,-28.43034,-2.69495,0.00011,-0.85665
11497.06,SYN.BTC-26JUL19,1562842742437,open,0.55,0.0,0.507,0.632,0.56935996,119.75,None,0.0,BTC-26JUL19-18000-P,11454.95,0.0,0.0,0.0,0.0,0.0,0.0,2.06142,-8.29762,-7.15896,3e-05,-0.95848
11497.06,SYN.BTC-26JUL19,1562842742437,open,0.28,36.6,0.2285,0.308,0.26815638,109.52,0.2155,0.0,BTC-26JUL19-8500-C,11454.95,0.0,0.0105,0.1,0.0,0.0,0.0,3.11259,-11.45757,3.10169,5e-05,0.93011
11497.06,SYN.BTC-26JUL19,1562842742438,open,0.05,392.9,0.0015,0.081,0.04109549,107.65,0.042,0.0,BTC-26JUL19-13000-C,11454.95,109.58,0.0425,0.5,0.045,15.0,112.99,8.34269,-30.18684,1.3254,0.00014,0.32396
11497.06,SYN.BTC-26JUL19,1562842742439,open,0.1,338.7,0.066,0.1545,0.11027151,105.5,0.1045,0.0,BTC-26JUL19-12000-P,11454.95,97.67,0.104,3.5,0.114,0.1,110.14,9.21824,-32.68758,-3.036,0.00016,-0.53766
11954.47,BTC-27DEC19,1562842742458,open,0.54,122.6,0.4965,0.576,0.53600925,100.18,0.57,0.0,BTC-27DEC19-6000-C,11454.95,69.23,0.5085,4.0,0.61,0.1,158.73,13.00036,-3.85602,20.78869,2e-05,0.91187
11954.73,BTC-27DEC19,1562842742489,open,0.06,222.0,0.016,0.0955,0.05569378,107.87,0.0575,0.0,BTC-27DEC19-30000-C,11454.95,106.66,0.0535,5.2,0.0585,9.9,109.39,21.88731,-6.99014,7.29063,3e-05,0.1875
11674.28,BTC-27SEP19,1562842742493,open,0.07,156.4,0.0295,0.115,0.0723449,100.57,0.0745,0.0,BTC-27SEP19-9000-P,11454.95,97.33,0.068,5.0,0.075,12.9,102.54,15.71738,-10.14908,-7.13454,5e-05,-0.21409
11954.47,BTC-27DEC19,1562842742494,open,0.16,149.7,0.122,0.215,0.16852177,99.02,0.1535,0.0,BTC-27DEC19-10000-P,11454.95,96.14,0.162,5.0,0.173,8.9,101.0,27.06637,-7.93527,-24.45644,4e-05,-0.27365
271.5,SYN.ETH-19JUL19,1562842742528,open,0.04,1022.0,0.003,0.086,0.044566,110.92,0.041,0.0,ETH-19JUL19-260-P,270.88,104.39,0.041,347.0,0.05,333.0,120.69,0.1498,-1.05487,-0.02395,0.00849,-0.36424
284.47,ETH-27DEC19,1562842742801,open,0.9,37.0,0.88,1.035,0.957313,115.57,0.707,0.0,ETH-27DEC19-520-P,270.88,0.0,0.001,500.0,0.0,0.0,0.0,0.71972,-0.24626,-2.11011,0.00166,-0.64591
11477.36,SYN.BTC-19JUL19,1562842742986,open,0.04,409.2,0.0035,0.0865,0.04491657,110.9,0.0465,0.0,BTC-19JUL19-11000-P,11454.95,106.52,0.0425,3.2,0.0465,2.1,113.76,6.34334,-44.66214,-1.01786,0.0002,-0.36609
11477.36,SYN.BTC-19JUL19,1562842743012,open,0.01,152.8,0.0005,0.0515,0.01179045,117.52,0.01,0.0,BTC-19JUL19-14000-C,11454.95,113.55,0.0105,3.1,0.0135,10.0,122.53,3.81641,-28.47477,0.32627,0.00011,0.14354
272.09,SYN.ETH-26JUL19,1562842743030,open,0.05,1008.0,0.01,0.089,0.049753,109.05,0.06,0.0,ETH-26JUL19-300-C,270.88,102.81,0.045,405.0,0.054,220.0,114.63,0.20728,-0.75975,0.03545,0.0063,0.36938
11477.36,SYN.BTC-19JUL19,1562842743030,open,0.06,238.6,0.0235,0.1085,0.06597116,110.9,0.068,0.0,BTC-19JUL19-11500-P,11454.95,107.53,0.064,3.0,0.068,1.0,114.37,6.70974,-47.24031,-1.33316,0.00021,-0.47235
11477.36,SYN.BTC-19JUL19,1562842743042,open,0.11,63.5,0.078,0.1675,0.12268964,113.26,0.125,0.0,BTC-19JUL19-12500-P,11454.95,103.43,0.1175,6.8,0.131,3.5,128.58,6.13238,-44.09446,-1.95404,0.00019,-0.66635
277.38,ETH-27SEP19,1562842743055,open,0.19,1710.0,0.14,0.219,0.179954,100.61,0.188,0.0,ETH-27SEP19-280-C,270.88,92.9,0.166,110.0,0.187,110.0,104.54,0.49977,-0.32283,0.23914,0.00303,0.584
11457.67,SYN.BTC-12JUL19,1562842743239,open,0.0,365.9,0.0005,0.04,1.262e-05,121.88,0.0005,0.0,BTC-12JUL19-9500-P,11454.95,0.0,0.0,0.0,0.0005,5.4,180.86,0.0148,-0.14464,-0.00021,0.0,-0.00077
11457.67,SYN.BTC-12JUL19,1562842743251,open,0.0,389.5,0.0005,0.04,6.78e-06,121.91,0.0005,0.0,BTC-12JUL19-14000-C,11454.95,0.0,0.0,0.0,0.0005,2.0,186.4,0.00887,-0.07768,0.00012,0.0,0.00044
284.47,ETH-27DEC19,1562842743255,open,1.4,0.0,1.37,1.566,1.468169,115.48,None,0.0,ETH-27DEC19-680-P,270.88,0.0,0.0,0.0,0.0,0.0,0.0,0.59709,-0.20415,-2.93689,0.00138,-0.76323
11477.36,SYN.BTC-19JUL19,1562842743263,open,0.07,47.2,0.0245,0.104,0.06402062,110.94,0.0665,0.0,BTC-19JUL19-11500-C,11454.95,106.62,0.0615,3.0,0.0685,5.0,118.6,6.70973,-47.25595,1.1482,0.00021,0.52766
11674.02,BTC-27SEP19,1562842743281,open,0.26,795.6,0.2115,0.291,0.25139976,100.58,0.2365,0.0,BTC-27SEP19-10000-C,11454.95,90.74,0.236,10.7,0.2555,10.6,103.19,18.33389,-11.83919,11.52513,6e-05,0.71412
11674.02,BTC-27SEP19,1562842743287,open,0.26,795.6,0.2115,0.291,0.25139976,100.58,0.2365,0.0,BTC-27SEP19-10000-C,11454.95,90.74,0.236,10.7,0.2555,10.5,103.19,18.33389,-11.83919,11.52513,6e-05,0.71412
11674.34,BTC-27SEP19,1562842743298,open,0.31,369.6,0.2615,0.341,0.30141677,100.57,0.37,0.0,BTC-27SEP19-9000-C,11454.95,91.22,0.289,5.3,0.306,5.4,103.96,15.71717,-10.14856,12.06798,5e-05,0.78592
11457.67,SYN.BTC-12JUL19,1562842743309,open,0.0,335.9,0.0005,0.042,0.0020099,121.92,0.004,0.0,BTC-12JUL19-12500-C,11454.95,134.61,0.003,10.0,0.0045,2.6,150.62,0.80755,-23.02873,0.02051,0.00021,0.07663
11954.47,BTC-27DEC19,1562842743310,open,0.04,171.5,0.0005,0.078,0.03849132,110.03,0.0375,0.0,BTC-27DEC19-36000-C,11454.95,109.02,0.037,5.1,0.0405,10.0,111.37,17.73972,-5.77929,5.39034,2e-05,0.13595
11674.28,BTC-27SEP19,1562842743318,open,0.05,386.3,0.004,0.0835,0.04395167,106.61,0.0455,0.0,BTC-27SEP19-20000-C,11454.95,103.49,0.04,24.6,0.0475,14.4,109.33,15.02905,-10.28763,3.84981,5e-05,0.19851
11477.36,SYN.BTC-19JUL19,1562842743335,open,0.09,36.5,0.047,0.1265,0.0865291,110.94,0.13,0.0,BTC-19JUL19-11000-C,11454.95,105.45,0.0835,3.2,0.0905,5.0,118.11,6.34348,-44.67814,1.35553,0.0002,0.63389
11477.36,SYN.BTC-19JUL19,1562842743358,open,0.02,95.1,0.0005,0.056,0.0164973,115.24,0.016,0.0,BTC-19JUL19-13500-C,11454.95,113.99,0.016,3.0,0.0175,0.1,117.73,4.58999,-33.58253,0.43219,0.00014,0.19101
11674.34,BTC-27SEP19,1562842743434,open,0.69,0.0,0.641,0.7205,0.68077478,117.67,None,0.0,BTC-27SEP19-3750-C,11454.22,0.0,0.004,10.0,0.757,10.0,298.32,1.32451,-1.00064,7.72444,0.0,0.99089
11674.34,BTC-27SEP19,1562842743434,open,0.79,55.9,0.7465,0.826,0.78607145,120.82,0.689,0.0,BTC-27SEP19-2500-C,11454.22,0.0,0.004,10.0,0.9305,5.0,500.0,0.2115,-0.16407,5.29914,0.0,0.99882
11954.41,BTC-27DEC19,1562842743435,open,0.57,60.5,0.5295,0.609,0.56924104,101.38,0.567,0.0,BTC-27DEC19-5500-C,11454.22,0.0,0.0055,0.1,0.973,5.0,500.0,11.00163,-3.30232,19.91485,2e-05,0.9293
11954.41,BTC-27DEC19,1562842743436,open,0.92,3.9,0.8625,1.017,0.93965174,103.96,0.752,0.0,BTC-27DEC19-22000-P,11454.22,0.0,0.005,2.0,1.7215,0.3,500.0,28.49875,-8.77211,-90.39072,4e-05,-0.69461
11496.86,SYN.BTC-26JUL19,1562842743436,open,0.0,443.0,0.0005,0.0435,0.00377097,119.92,0.003,0.0,BTC-26JUL19-18000-C,11454.22,111.98,0.0025,15.0,0.0055,10.0,128.47,2.07091,-8.34733,0.17797,3e-05,0.04175
11953.68,BTC-27DEC19,1562842743437,open,0.63,12.4,0.5815,0.713,0.64733572,102.07,0.559,0.0,BTC-27DEC19-18000-P,11454.22,0.0,0.004,5.0,1.397,0.2,499.87,31.49805,-9.51865,-68.75273,5e-05,-0.59579
11496.86,SYN.BTC-26JUL19,1562842743434,open,0.03,339.8,0.0005,0.0645,0.0248848,109.63,0.0255,0.0,BTC-26JUL19-14000-C,11454.22,105.56,0.0225,5.0,0.0255,0.2,110.66,6.83398,-25.18189,0.90426,0.00012,0.21787
11457.42,SYN.BTC-12JUL19,1562842743436,open,0.31,1.0,0.262,0.3415,0.30177796,227.32,0.352,0.0,BTC-12JUL19-8000-C,11454.22,0.0,0.022,4.0,0.0,0.0,0.0,0.01027,-1.16723,0.19179,0.0,0.99948
11496.86,SYN.BTC-26JUL19,1562842743437,open,0.01,506.4,0.0005,0.0525,0.01241175,107.51,0.01,0.0,BTC-26JUL19-9000-P,11454.22,103.65,0.011,0.1,0.0145,10.0,112.91,4.31013,-15.57489,-0.5647,7e-05,-0.10811
11496.86,SYN.BTC-26JUL19,1562842743435,open,0.32,24.1,0.269,0.3485,0.3086081,112.68,0.38,0.0,BTC-26JUL19-8000-C,11454.22,0.0,0.0,0.0,0.0,0.0,0.0,2.15377,-8.15721,3.0342,4e-05,0.95617
11457.42,SYN.BTC-12JUL19,1562842743436,open,0.01,261.4,0.0005,0.0485,0.00857674,121.68,0.008,0.0,BTC-12JUL19-11000-P,11454.22,117.85,0.008,1.7,0.0105,0.4,134.11,1.73589,-98.26726,-0.06773,0.00045,-0.23781
11457.42,SYN.BTC-12JUL19,1562842743438,open,0.0,657.3,0.0005,0.04,3.1e-07,121.89,0.0005,0.0,BTC-12JUL19-9000-P,11454.22,0.0,0.0,0.0,0.0005,23.3,225.65,0.00056,-0.00357,-1e-05,0.0,-2e-05
11496.86,SYN.BTC-26JUL19,1562842743438,open,0.49,0.0,0.4385,0.518,0.47833449,121.36,None,0.0,BTC-26JUL19-6000-C,11454.22,0.0,0.0005,0.1,0.0,0.0,0.0,0.19594,-0.79926,2.43145,0.0,0.99726
11457.42,SYN.BTC-12JUL19,1562842743437,open,0.0,179.0,0.0005,0.04,0.0,121.89,0.0005,0.0,BTC-12JUL19-8000-P,11454.22,0.0,0.0,0.0,0.0005,17.0,320.83,0.0,0.0,0.0,0.0,0.0
11953.68,BTC-27DEC19,1562842743452,open,1.22,0.0,1.1585,1.338,1.24820045,106.02,None,0.0,BTC-27DEC19-26000-P,11454.22,0.0,0.004,10.0,2.0465,0.2,500.0,25.08674,-7.87496,-111.24814,4e-05,-0.76328
11457.42,SYN.BTC-12JUL19,1562842743497,open,0.01,217.5,0.0005,0.0475,0.0076449,121.71,0.01,0.0,BTC-12JUL19-12000-C,11454.22,113.8,0.0065,0.5,0.01,0.4,137.1,1.6946,-87.59078,0.0605,0.00044,0.22773
11477.14,SYN.BTC-19JUL19,1562842744133,open,0.01,314.0,0.0005,0.057,0.0168207,110.91,0.0145,0.0,BTC-19JUL19-10000-P,11454.22,104.69,0.0145,16.6,0.0185,1.5,115.25,4.37615,-30.81329,-0.47982,0.00014,-0.17693
11457.42,SYN.BTC-12JUL19,1562842744200,open,0.03,145.4,0.0005,0.061,0.02129019,118.02,0.0165,0.0,BTC-12JUL19-11500-C,11454.22,106.29,0.019,0.4,0.023,0.8,126.77,2.23747,-132.02953,0.12772,0.0006,0.48593
11457.42,SYN.BTC-12JUL19,1562842744210,open,0.01,217.5,0.0005,0.0475,0.0076449,121.71,0.01,0.0,BTC-12JUL19-12000-C,11454.22,113.8,0.0065,0.5,0.0105,7.6,140.25,1.6946,-87.59078,0.0605,0.00044,0.22773
11954.41,BTC-27DEC19,1562842744287,open,0.06,222.0,0.016,0.0955,0.05569254,107.87,0.0575,0.0,BTC-27DEC19-30000-C,11454.22,106.66,0.0535,5.3,0.0585,9.9,109.39,21.88638,-6.98993,7.29024,3e-05,0.1875
11674.34,BTC-27SEP19,1562842744334,open,0.1,428.8,0.0605,0.14,0.1003252,102.74,0.099,0.0,BTC-27SEP19-15000-C,11454.22,100.0,0.0955,22.7,0.1055,12.7,105.66,20.62152,-13.60277,7.10472,7e-05,0.38556
11673.61,BTC-27SEP19,1562842744346,open,0.04,335.3,0.0005,0.0725,0.03278733,108.26,0.03,0.0,BTC-27SEP19-22000-C,11454.22,105.2,0.0295,19.9,0.0365,14.9,111.57,12.82307,-8.91337,3.03222,4e-05,0.15453
11953.7,BTC-27DEC19,1562842744494,open,0.05,214.4,0.007,0.0905,0.04858507,99.66,0.0335,0.0,BTC-27DEC19-6500-P,11454.22,97.19,0.0455,5.6,0.0525,18.2,102.73,15.08058,-4.44985,-8.65572,2e-05,-0.10792
11673.96,BTC-27SEP19,1562842744669,open,0.0,433.4,0.0005,0.0415,0.00154359,119.91,0.001,0.0,BTC-27SEP19-3500-P,11454.22,103.94,0.0005,9.9,0.003,15.0,132.6,1.06513,-0.82005,-0.2155,0.0,-0.00711
11673.96,BTC-27SEP19,1562842744788,open,0.58,1.0,0.5385,0.666,0.60226671,105.12,1.5815,0.0,BTC-27SEP19-18000-P,11454.22,0.0,0.004,0.3,1.2375,0.3,500.0,17.42678,-11.76165,-33.47797,6e-05,-0.74183
277.43,ETH-27SEP19,1562842744892,open,1.02,24.0,0.965,1.128,1.046767,111.36,1.356,0.0,ETH-27SEP19-560-P,270.88,0.0,0.0,0.0,0.0,0.0,0.0,0.27664,-0.19779,-1.13228,0.00151,-0.86613
11456.69,SYN.BTC-12JUL19,1562842744952,open,0.0,54.7,0.0005,0.04,0.0,121.88,0.0005,0.0,BTC-12JUL19-7500-P,11454.22,0.0,0.0,0.0,0.0005,12.0,372.04,0.0,0.0,0.0,0.0,0.0
11674.29,BTC-27SEP19,1562842744990,open,0.25,32.5,0.206,0.306,0.25600917,100.6,0.2625,0.0,BTC-27SEP19-13000-P,11454.22,101.13,0.257,0.3,0.2715,8.5,109.0,21.5127,-13.89457,-18.82226,7e-05,-0.49966
277.42,ETH-27SEP19,1562842745004,open,0.11,1579.0,0.063,0.142,0.102081,105.3,0.1,0.0,ETH-27SEP19-360-C,270.88,100.15,0.093,343.0,0.105,110.0,106.98,0.4898,-0.33113,0.16745,0.00283,0.38493
277.42,ETH-27SEP19,1562842745005,open,0.12,1662.0,0.077,0.156,0.116475,103.86,0.11,0.0,ETH-27SEP19-340-C,270.88,99.2,0.108,332.0,0.121,110.0,106.39,0.50262,-0.33516,0.18381,0.00295,0.42695
277.43,ETH-27SEP19,1562842745039,open,0.62,0.0,0.578,0.708,0.643185,106.66,None,0.0,ETH-27SEP19-440-P,270.88,0.0,0.0,0.0,0.0,0.0,0.0,0.40298,-0.27595,-0.82753,0.0023,-0.75486
277.43,ETH-27SEP19,1562842745042,open,1.15,27.0,1.099,1.272,1.185453,112.61,1.044,0.0,ETH-27SEP19-600-P,270.88,0.0,0.0,0.0,0.0,0.0,0.0,0.24206,-0.17501,-1.22809,0.00131,-0.8893
272.13,SYN.ETH-26JUL19,1562842745071,open,0.16,558.0,0.112,0.191,0.151404,104.14,0.161,0.0,ETH-26JUL19-240-C,270.88,0.0,0.0,0.0,0.179,1.0,145.91,0.17121,-0.59932,0.06738,0.00545,0.75889
11953.72,BTC-27DEC19,1562842745075,open,0.03,86.0,0.0005,0.07,0.02932061,101.37,0.019,0.0,BTC-27DEC19-5500-P,11454.22,99.37,0.0275,5.7,0.032,18.5,104.24,11.00133,-3.30196,-5.53192,2e-05,-0.0707
277.43,ETH-27SEP19,1562842745108,open,0.04,1832.0,0.001,0.075,0.035537,110.11,0.043,0.0,ETH-27SEP19-520-C,270.88,102.18,0.027,293.0,0.043,293.0,116.41,0.31599,-0.2234,0.07564,0.00175,0.16332
277.43,ETH-27SEP19,1562842745110,open,0.18,930.0,0.142,0.236,0.189311,100.64,0.181,0.0,ETH-27SEP19-280-P,270.88,96.58,0.182,110.0,0.199,360.0,106.02,0.49981,-0.32295,-0.35819,0.00302,-0.41582
277.43,ETH-27SEP19,1562842745110,open,0.01,7664.0,0.001,0.05,0.010482,101.45,0.005,0.0,ETH-27SEP19-140-P,270.88,92.71,0.007,300.0,0.013,140.0,106.88,0.12178,-0.07932,-0.03293,0.00073,-0.04515
11456.69,SYN.BTC-12JUL19,1562842745119,open,0.04,118.8,0.013,0.097,0.05499659,121.32,0.0515,0.0,BTC-12JUL19-12000-P,11454.22,103.49,0.0525,0.1,0.0585,0.1,143.96,1.68988,-102.5071,-0.22769,0.00044,-0.77337
277.43,ETH-27SEP19,1562842745129,open,0.33,346.0,0.289,0.395,0.342053,103.91,0.212,0.0,ETH-27SEP19-340-P,270.88,92.2,0.321,110.0,0.378,110.0,123.59,0.50268,-0.33538,-0.54157,0.00295,-0.57288
277.43,ETH-27SEP19,1562842745132,open,0.16,2925.0,0.116,0.195,0.155728,101.99,0.155,0.0,ETH-27SEP19-300-C,270.88,97.79,0.148,308.0,0.161,110.0,104.86,0.51,-0.33396,0.22018,0.00305,0.52771
272.13,SYN.ETH-26JUL19,1562842745132,open,0.11,568.0,0.067,0.146,0.106087,104.19,0.112,0.0,ETH-26JUL19-260-C,270.88,25.94,0.05,2.0,0.114,10.0,114.52,0.2081,-0.72873,0.05769,0.00662,0.62627
11953.72,BTC-27DEC19,1562842745192,open,0.64,6.5,0.5995,0.679,0.63944716,104.04,0.54,0.0,BTC-27DEC19-4500-C,11454.22,0.0,0.0115,0.1,0.9755,1.0,500.0,7.20852,-2.22042,17.64993,1e-05,0.95858
11456.69,SYN.BTC-12JUL19,1562842745228,open,0.22,29.7,0.1745,0.254,0.21448294,173.51,0.1845,0.0,BTC-12JUL19-9000-C,11454.22,0.0,0.0225,2.0,0.0,0.0,0.0,0.03516,-3.05065,0.21537,1e-05,0.99803
284.47,ETH-27DEC19,1562842745253,open,0.11,0.0,0.069,0.157,0.112637,103.27,None,0.0,ETH-27DEC19-200-P,270.88,100.81,0.108,140.0,0.119,370.0,106.64,0.53663,-0.16408,-0.40739,0.00139,-0.19689
284.47,ETH-27DEC19,1562842745373,open,0.78,21.0,0.762,0.908,0.835256,115.48,0.629,0.0,ETH-27DEC19-480-P,270.88,86.67,0.764,110.0,0.877,110.0,131.2,0.74365,-0.25426,-1.89914,0.00172,-0.60768
284.47,ETH-27DEC19,1562842745463,open,0.35,0.0,0.298,0.377,0.337478,102.89,None,0.0,ETH-27DEC19-240-C,270.88,0.0,0.001,1.0,0.0,0.0,0.0,0.64754,-0.19727,0.50787,0.00168,0.72335
11476.48,SYN.BTC-19JUL19,1562842745466,open,0.15,13.0,0.106,0.1855,0.14552749,111.02,0.215,0.0,BTC-19JUL19-10000-C,11454.22,0.0,0.0,0.0,0.0,0.0,0.0,4.38049,-30.87542,1.67707,0.00014,0.82277
11476.48,SYN.BTC-19JUL19,1562842745488,open,0.23,0.0,0.1815,0.261,0.22135065,117.89,None,0.0,BTC-19JUL19-9000-C,11454.22,0.0,0.037,0.5,0.0,0.0,0.0,2.21554,-16.5823,1.75958,7e-05,0.93192
11953.72,BTC-27DEC19,1562842745541,open,0.0,163.1,0.0005,0.0445,0.00472379,110.98,0.002,0.0,BTC-27DEC19-3000-P,11454.22,107.78,0.004,4.9,0.0055,10.0,114.12,2.82969,-0.92983,-1.01332,0.0,-0.0136
284.47,ETH-27DEC19,1562842745579,open,0.12,435.0,0.09,0.169,0.129133,115.48,0.124,0.0,ETH-27DEC19-520-C,270.88,103.24,0.099,264.0,0.122,260.0,112.64,0.71948,-0.246,0.29566,0.00166,0.35377
11953.72,BTC-27DEC19,1562842745654,open,0.0,184.7,0.0005,0.043,0.00299179,115.85,0.003,0.0,BTC-27DEC19-2500-P,11454.22,108.86,0.002,6.4,0.004,10.0,121.61,1.91152,-0.65567,-0.64464,0.0,-0.00866
284.47,ETH-27DEC19,1562842745656,open,0.17,142.0,0.134,0.228,0.181152,102.89,0.165,0.0,ETH-27DEC19-240-P,270.88,100.63,0.176,140.0,0.193,314.0,108.11,0.64754,-0.19727,-0.60254,0.00168,-0.27665
271.54,SYN.ETH-19JUL19,1562842745656,open,0.31,0.0,0.277,0.382,0.329717,115.8,None,0.0,ETH-19JUL19-360-P,270.88,0.0,0.0,0.0,0.0,0.0,0.0,0.04621,-0.33971,-0.07452,0.00251,-0.9421
11674.29,BTC-27SEP19,1562842745682,open,1.38,0.0,1.3175,1.51,1.41365758,112.93,None,0.0,BTC-27SEP19-28000-P,11454.22,0.0,0.0,0.0,0.0,0.0,0.0,7.89051,-5.72096,-58.16816,2e-05,-0.92166
11674.29,BTC-27SEP19,1562842745701,open,1.05,0.2,0.998,1.164,1.08078317,109.91,1.6,0.0,BTC-27SEP19-24000-P,11454.22,0.0,0.0,0.0,0.0,0.0,0.0,10.90468,-7.69498,-48.79284,3e-05,-0.87814
11496.26,SYN.BTC-26JUL19,1562842745725,open,0.2,98.9,0.1535,0.233,0.19337756,105.9,0.1795,0.0,BTC-26JUL19-9500-C,11454.22,73.61,0.18,0.1,0.0,0.0,0.0,5.62136,-20.00972,3.03482,0.0001,0.84111
11953.72,BTC-27DEC19,1562842745749,open,0.72,4.0,0.6745,0.754,0.71424626,106.94,0.59,0.0,BTC-27DEC19-3500-C,11454.22,0.0,0.0055,0.1,0.78,1.0,211.38,3.94832,-1.25008,14.69415,1e-05,0.97993
272.13,SYN.ETH-26JUL19,1562842745809,open,0.0,1074.0,0.001,0.04,0.000773,115.81,0.001,0.0,ETH-26JUL19-480-C,270.88,0.0,0.0,0.0,0.004,550.0,145.9,0.01519,-0.05913,0.00107,0.00043,0.01043
11953.77,BTC-27DEC19,1562842745824,open,0.01,227.9,0.0005,0.051,0.01076551,105.1,0.0115,0.0,BTC-27DEC19-4000-P,11454.22,102.23,0.0095,5.0,0.0125,10.0,108.76,5.44908,-1.69555,-2.22452,1e-05,-0.02946
11674.29,BTC-27SEP19,1562842745862,open,0.26,795.6,0.2115,0.291,0.25140661,100.57,0.2365,0.0,BTC-27SEP19-10000-C,11454.22,90.73,0.236,10.6,0.2555,10.5,103.18,18.33377,-11.83882,11.52567,6e-05,0.71414
11953.77,BTC-27DEC19,1562842745874,open,0.84,0.0,0.7945,0.874,0.83433323,120.81,None,0.0,BTC-27DEC19-2000-C,11454.22,0.0,0.0135,0.1,0.985,0.5,500.0,1.14354,-0.40904,8.89446,0.0,0.99515
11674.34,BTC-27SEP19,1562842745870,open,0.31,369.6,0.2615,0.341,0.30142339,100.57,0.37,0.0,BTC-27SEP19-9000-C,11454.22,90.84,0.2885,5.4,0.306,5.4,103.96,15.71732,-10.14903,12.06777,5e-05,0.78591
11953.68,BTC-27DEC19,1562842745881,open,0.04,171.5,0.0005,0.078,0.03847973,110.03,0.0375,0.0,BTC-27DEC19-36000-C,11454.22,109.02,0.037,5.2,0.0405,10.0,111.38,17.73708,-5.77847,5.38937,2e-05,0.13593
277.43,ETH-27SEP19,1562842745901,open,0.02,1805.0,0.001,0.057,0.017551,112.52,0.023,0.0,ETH-27SEP19-640-C,270.88,102.58,0.011,300.0,0.021,300.0,116.95,0.20598,-0.14881,0.04215,0.00111,0.08877
277.43,ETH-27SEP19,1562842745928,open,0.01,2279.0,0.001,0.049,0.009924,115.8,0.008,0.0,ETH-27SEP19-760-C,270.88,109.32,0.007,346.0,0.016,300.0,126.31,0.13842,-0.10292,0.02549,0.00073,0.05299
11496.26,SYN.BTC-26JUL19,1562842745930,open,0.46,0.0,0.4255,0.5435,0.4845643,117.05,None,0.0,BTC-26JUL19-17000-P,11454.22,0.0,0.0,0.0,0.0,0.0,0.0,2.84023,-11.17426,-6.6647,5e-05,-0.93789
11953.77,BTC-27DEC19,1562842745939,open,0.02,135.1,0.0005,0.0625,0.02180724,102.41,0.0195,0.0,BTC-27DEC19-5000-P,11454.22,100.65,0.0205,5.2,0.024,13.5,105.25,9.02501,-2.73637,-4.23945,1e-05,-0.05485
11674.49,BTC-27SEP19,1562842745954,open,0.89,0.2,0.841,0.994,0.91737315,108.38,1.391,0.0,BTC-27SEP19-22000-P,11454.22,0.0,0.004,10.0,0.0,0.0,0.0,12.84693,-8.9394,-43.89929,4e-05,-0.84505
11496.26,SYN.BTC-26JUL19,1562842745962,open,0.09,305.1,0.0435,0.123,0.08344335,103.98,0.0815,0.0,BTC-26JUL19-11500-C,11454.22,97.19,0.078,5.0,0.088,0.1,109.67,9.20951,-32.18777,2.14466,0.00016,0.54118
11496.26,SYN.BTC-26JUL19,1562842745978,open,0.19,32.5,0.1585,0.2545,0.20629106,108.61,0.1255,0.0,BTC-26JUL19-13500-P,11454.22,0.0,0.0,0.0,0.0,0.0,0.0,7.62513,-27.83705,-4.40275,0.00013,-0.73339
284.47,ETH-27DEC19,1562842746032,open,1.02,0.0,0.999,1.165,1.081743,115.48,0.845,0.0,ETH-27DEC19-560-P,270.84,0.0,0.0,0.0,0.0,0.0,0.0,0.69138,-0.23639,-2.3196,0.0016,-0.68065
284.47,ETH-27DEC19,1562842746032,open,0.06,348.0,0.03,0.109,0.069052,115.48,0.061,0.0,ETH-27DEC19-720-C,270.84,110.8,0.06,10.0,0.072,290.0,116.95,0.56526,-0.19327,0.19199,0.00131,0.21492
284.47,ETH-27DEC19,1562842746032,open,0.09,38.0,0.06,0.139,0.099535,115.48,0.09,0.0,ETH-27DEC19-600-C,270.84,104.02,0.074,274.0,0.098,274.0,114.82,0.66089,-0.22597,0.2489,0.00153,0.28865
284.47,ETH-27DEC19,1562842746032,open,0.08,21.0,0.048,0.127,0.087838,115.48,0.086,0.0,ETH-27DEC19-640-C,270.84,104.65,0.065,280.0,0.08,280.0,111.88,0.62918,-0.21512,0.22823,0.00146,0.26125
277.43,ETH-27SEP19,1562842746033,open,1.43,0.0,1.367,1.563,1.465033,113.02,None,0.0,ETH-27SEP19-680-P,270.84,0.0,0.0,0.0,0.0,0.0,0.0,0.17704,-0.12847,-1.4161,0.00095,-0.92735
284.47,ETH-27DEC19,1562842746033,open,0.42,0.0,0.37,0.449,0.409575,103.27,None,0.0,ETH-27DEC19-200-C,270.84,0.0,0.001,1000.0,1.4,1.0,500.0,0.53663,-0.16408,0.51795,0.00139,0.80311
284.47,ETH-27DEC19,1562842746033,open,0.67,0.0,0.649,0.785,0.716828,115.48,None,0.0,ETH-27DEC19-440-P,270.84,89.42,0.649,110.0,1.553,1.0,500.0,0.76182,-0.26047,-1.6865,0.00176,-0.56454
284.47,ETH-27DEC19,1562842746033,open,1.53,0.0,1.497,1.704,1.600075,115.48,None,0.0,ETH-27DEC19-720-P,270.84,0.0,0.002,1000.0,0.0,0.0,0.0,0.56526,-0.19327,-3.13926,0.00131,-0.78508
284.43,ETH-27DEC19,1562842746033,open,1.27,0.0,1.245,1.431,1.337636,115.35,None,0.0,ETH-27DEC19-640-P,270.84,0.0,0.0,0.0,0.0,0.0,0.0,0.62837,-0.2146,-2.73326,0.00146,-0.73934
277.43,ETH-27SEP19,1562842746033,open,0.88,12.0,0.834,0.986,0.909888,110.12,1.193,0.0,ETH-27SEP19-520-P,270.84,0.0,0.0,0.0,0.0,0.0,0.0,0.31601,-0.22342,-1.03382,0.00175,-0.83667
277.43,ETH-27SEP19,1562842746033,open,0.14,1479.0,0.103,0.194,0.148775,100.91,0.143,0.0,ETH-27SEP19-260-P,270.84,95.23,0.139,110.0,0.156,360.0,105.12,0.47701,-0.30905,-0.2981,0.00288,-0.35485
277.43,ETH-27SEP19,1562842746033,open,0.01,1637.0,0.001,0.051,0.011611,114.26,0.019,0.0,ETH-27SEP19-720-C,270.84,111.26,0.01,1.0,0.015,300.0,119.87,0.15542,-0.11402,0.02947,0.00083,0.0614
277.43,ETH-27SEP19,1562842746033,open,1.29,0.0,1.232,1.417,1.324441,112.53,None,0.0,ETH-27SEP19-640-P,270.84,0.0,0.0,0.0,0.0,0.0,0.0,0.20599,-0.14882,-1.32333,0.00111,-0.91122
277.43,ETH-27SEP19,1562842746033,open,1.71,0.0,1.64,1.859,1.749355,115.81,None,0.0,ETH-27SEP19-760-P,270.84,0.0,0.0,0.0,0.0,0.0,0.0,0.13843,-0.10293,-1.59603,0.00073,-0.947
277.43,ETH-27SEP19,1562842746033,open,0.58,47.0,0.533,0.612,0.572037,102.04,0.689,0.0,ETH-27SEP19-120-C,270.84,0.0,0.0,0.0,0.0,0.0,0.0,0.06731,-0.0441,0.24029,0.0004,0.97798
284.43,ETH-27DEC19,1562842746033,open,0.51,0.0,0.458,0.537,0.497925,104.3,None,0.0,ETH-27DEC19-160-C,270.84,0.0,0.001,1000.0,1.6,1.0,500.0,0.39127,-0.12083,0.50033,0.001,0.87812
284.43,ETH-27DEC19,1562842746033,open,0.22,68.0,0.188,0.267,0.22787,115.5,0.234,0.0,ETH-27DEC19-360-C,270.84,97.1,0.178,110.0,0.214,250.0,110.37,0.76851,-0.2628,0.40682,0.00178,0.537
277.39,ETH-27SEP19,1562842746033,open,0.51,191.0,0.466,0.545,0.505849,101.59,0.5,0.0,ETH-27SEP19-140-C,270.84,0.0,0.01,50.0,0.0,0.0,0.0,0.12219,-0.0797,0.26562,0.00073,0.95466
277.39,ETH-27SEP19,1562842746033,open,0.75,0.0,0.704,0.845,0.774373,107.82,None,0.0,ETH-27SEP19-480-P,270.84,0.0,0.0,0.0,0.0,0.0,0.0,0.35555,-0.24613,-0.93349,0.00201,-0.80291
284.43,ETH-27DEC19,1562842746034,open,0.02,146.0,0.001,0.067,0.02687,107.91,0.022,0.0,ETH-27DEC19-120-P,270.84,105.61,0.025,140.0,0.027,1.0,108.07,0.2348,-0.07502,-0.11622,0.00058,-0.06145
277.39,ETH-27SEP19,1562842746034,open,0.39,249.0,0.344,0.455,0.399715,105.25,0.252,0.0,ETH-27SEP19-360-P,270.84,90.39,0.374,110.0,1.303,1.0,500.0,0.48966,-0.33088,-0.60072,0.00283,-0.6153
284.43,ETH-27DEC19,1562842746034,open,1.15,0.0,1.121,1.297,1.20872,115.36,0.953,0.0,ETH-27DEC19-600-P,270.84,0.0,0.0,0.0,0.0,0.0,0.0,0.66023,-0.22551,-2.52747,0.00153,-0.71188
277.39,ETH-27SEP19,1562842746034,open,0.72,0.0,0.673,0.752,0.712589,116.43,None,0.0,ETH-27SEP19-80-C,270.84,0.0,0.004,5.0,0.0,0.0,0.0,0.01829,-0.01367,0.16718,0.0001,0.99507
270.95,SYN.ETH-12JUL19,1562842746033,open,0.39,110.0,0.347,0.458,0.402454,0.0,0.297,0.0,ETH-12JUL19-380-P,270.84,0.0,0.0,0.0,0.0,0.0,0.0,0.0,0.0,-0.00912,0.0,-1.0
277.39,ETH-27SEP19,1562842746034,open,0.23,956.0,0.188,0.286,0.237095,101.94,0.211,0.0,ETH-27SEP19-300-P,270.84,97.54,0.229,110.0,0.244,110.0,105.7,0.50994,-0.33376,-0.41995,0.00305,-0.47249
270.95,SYN.ETH-12JUL19,1562842746033,open,0.04,639.0,0.003,0.085,0.043962,118.86,0.05,0.0,ETH-12JUL19-280-P,270.84,0.0,0.02,30.0,0.075,31.0,285.91,0.04589,-2.72698,-0.00486,0.02192,-0.70368
272.13,SYN.ETH-26JUL19,1562842746033,open,0.82,0.0,0.765,0.911,0.837808,115.81,None,0.0,ETH-26JUL19-500-P,270.84,0.0,0.0,0.0,0.0,0.0,0.0,0.00999,-0.03891,-0.20311,0.00029,-0.99352
277.39,ETH-27SEP19,1562842746034,open,0.05,2759.0,0.005,0.084,0.044207,108.01,0.044,0.0,ETH-27SEP19-480-C,270.84,103.87,0.039,422.0,0.047,140.0,110.16,0.35629,-0.24708,0.09088,0.00201,0.19776
277.39,ETH-27SEP19,1562842746034,open,0.28,1087.0,0.238,0.34,0.289357,103.66,0.319,0.0,ETH-27SEP19-320-P,270.84,92.56,0.269,110.0,0.32,110.0,120.29,0.51027,-0.3396,-0.4811,0.003,-0.52354
284.43,ETH-27DEC19,1562842746035,open,0.35,87.0,0.335,0.446,0.390473,115.44,0.339,0.0,ETH-27DEC19-320-P,270.84,94.61,0.335,120.0,1.131,1.0,500.0,0.74946,-0.25615,-1.04575,0.00173,-0.40418
277.39,ETH-27SEP19,1562842746035,open,0.11,2615.0,0.069,0.157,0.112629,100.98,0.087,0.0,ETH-27SEP19-240-P,270.84,96.8,0.106,188.0,0.119,548.0,104.98,0.44094,-0.28587,-0.24027,0.00266,-0.29335
277.39,ETH-27SEP19,1562842746035,open,0.02,5937.0,0.001,0.061,0.020642,101.42,0.02,0.0,ETH-27SEP19-160-P,270.84,95.88,0.017,440.0,0.02,1.0,100.47,0.18948,-0.12338,-0.05923,0.00114,-0.07945
270.95,SYN.ETH-12JUL19,1562842746033,open,0.17,62.0,0.134,0.228,0.181054,118.99,0.144,0.0,ETH-12JUL19-320-P,270.84,0.0,0.0,0.0,0.0,0.0,0.0,0.00098,-0.05819,-0.00766,0.00047,-0.99764
270.95,SYN.ETH-12JUL19,1562842746033,open,0.0,0.0,0.001,0.04,0.0,118.86,None,0.0,ETH-12JUL19-200-P,270.84,0.0,0.0,0.0,0.001,250.0,305.17,0.0,0.0,0.0,0.0,0.0
277.39,ETH-27SEP19,1562842746035,open,0.02,3854.0,0.001,0.062,0.022671,112.54,0.02,0.0,ETH-27SEP19-600-C,270.84,104.21,0.016,300.0,0.03,300.0,120.39,0.24161,-0.17458,0.05194,0.00131,0.11044
272.13,SYN.ETH-26JUL19,1562842746032,open,1.18,0.0,1.117,1.293,1.204851,115.81,None,0.0,ETH-26JUL19-600-P,270.84,0.0,0.0,0.0,0.0,0.0,0.0,0.00106,-0.00413,-0.24447,3e-05,-0.99945
270.95,SYN.ETH-12JUL19,1562842746033,open,0.46,101.0,0.418,0.535,0.476268,195.22,0.365,0.0,ETH-12JUL19-400-P,270.84,0.0,0.0,0.0,0.0,0.0,0.0,2e-05,-0.00156,-0.0096,0.0,-0.99997
271.54,SYN.ETH-19JUL19,1562842746033,open,0.27,0.0,0.226,0.305,0.26548,115.02,None,0.0,ETH-19JUL19-200-C,270.84,0.0,0.0,0.0,0.0,0.0,0.0,0.02645,-0.19313,0.04133,0.00145,0.97092
277.39,ETH-27SEP19,1562842746035,open,0.44,260.0,0.4,0.515,0.457377,105.31,0.296,0.0,ETH-27SEP19-380-P,270.84,0.0,0.0,0.0,0.0,0.0,0.0,0.47114,-0.31857,-0.65942,0.00273,-0.65682
272.13,SYN.ETH-26JUL19,1562842746032,open,0.89,0.0,0.835,0.987,0.911114,115.81,None,0.0,ETH-26JUL19-520-P,270.84,0.0,0.0,0.0,0.0,0.0,0.0,0.0065,-0.02529,-0.21152,0.00019,-0.99601
271.54,SYN.ETH-19JUL19,1562842746032,open,0.14,0.0,0.096,0.175,0.135919,110.86,None,0.0,ETH-19JUL19-240-C,270.84,0.0,0.0,0.0,0.0,0.0,0.0,0.11185,-0.78724,0.03888,0.00634,0.79945
277.39,ETH-27SEP19,1562842746036,open,0.22,1212.0,0.172,0.251,0.211601,100.95,0.23,0.0,ETH-27SEP19-260-C,270.84,88.41,0.19,110.0,0.227,110.0,109.92,0.47699,-0.30915,0.25653,0.00288,0.64505
271.54,SYN.ETH-19JUL19,1562842746032,open,0.38,0.0,0.346,0.457,0.401234,115.83,None,0.0,ETH-19JUL19-380-P,270.84,0.0,0.0,0.0,0.0,0.0,0.0,0.02667,-0.19612,-0.08038,0.00145,-0.97062
271.54,SYN.ETH-19JUL19,1562842746033,open,0.0,0.0,0.001,0.04,0.000346,115.81,None,0.0,ETH-19JUL19-420-C,270.84,0.0,0.0,0.0,0.002,194.0,145.35,0.00737,-0.05419,0.00037,0.0004,0.00659
271.54,SYN.ETH-19JUL19,1562842746033,open,0.25,742.0,0.21,0.31,0.259857,113.93,0.144,0.0,ETH-19JUL19-340-P,270.84,0.0,0.0,0.0,0.0,0.0,0.0,0.07197,-0.52058,-0.06773,0.00397,-0.89611
272.13,SYN.ETH-26JUL19,1562842746035,open,0.39,504.0,0.35,0.461,0.405721,115.4,0.168,0.0,ETH-26JUL19-380-P,270.84,0.0,0.0,0.0,0.0,0.0,0.0,0.09212,-0.35731,-0.14548,0.00264,-0.90602
272.13,SYN.ETH-26JUL19,1562842746035,open,0.0,562.0,0.001,0.04,0.000709,115.81,0.004,0.0,ETH-26JUL19-160-P,270.84,0.0,0.0,0.0,0.002,222.0,134.8,0.01264,-0.04922,-0.00102,0.00036,-0.00846
270.95,SYN.ETH-12JUL19,1562842746033,open,0.1,453.0,0.064,0.152,0.108193,118.86,0.134,0.0,ETH-12JUL19-300-P,270.84,0.0,0.103,250.0,0.144,26.0,385.17,0.01206,-0.71677,-0.00693,0.00576,-0.95729
272.13,SYN.ETH-26JUL19,1562842746032,open,0.74,0.0,0.695,0.835,0.764641,116.03,None,0.0,ETH-26JUL19-480-P,270.84,0.0,0.0,0.0,0.0,0.0,0.0,0.01536,-0.0599,-0.19454,0.00044,-0.98944
270.95,SYN.ETH-12JUL19,1562842746033,open,0.61,0.0,0.559,0.688,0.623894,0.0,None,0.0,ETH-12JUL19-440-P,270.84,0.0,0.0,0.0,0.0,0.0,0.0,0.0,0.0,-0.01056,0.0,-1.0
270.95,SYN.ETH-12JUL19,1562842746033,open,0.0,1294.0,0.001,0.04,0.0,118.86,0.004,0.0,ETH-12JUL19-380-C,270.84,0.0,0.0,0.0,0.001,250.0,319.13,0.0,0.0,0.0,0.0,0.0
271.54,SYN.ETH-19JUL19,1562842746034,open,0.21,0.0,0.157,0.236,0.19666,111.22,None,0.0,ETH-19JUL19-220-C,270.84,0.0,0.0,0.0,0.0,0.0,0.0,0.06225,-0.43956,0.04207,0.00352,0.91467
270.95,SYN.ETH-12JUL19,1562842746033,open,0.53,0.0,0.489,0.612,0.550081,0.0,None,0.0,ETH-12JUL19-420-P,270.84,0.0,0.0,0.0,0.0,0.0,0.0,0.0,0.0,-0.01008,0.0,-1.0
272.13,SYN.ETH-26JUL19,1562842746033,open,0.0,1248.0,0.001,0.04,9.3e-05,115.81,0.001,0.0,ETH-26JUL19-560-C,270.84,0.0,0.0,0.0,0.001,173.0,146.27,0.00266,-0.01037,0.00015,8e-05,0.00149
272.13,SYN.ETH-26JUL19,1562842746034,open,0.22,20.0,0.168,0.247,0.207128,104.62,0.237,0.0,ETH-26JUL19-220-C,270.84,0.0,0.0,0.0,0.0,0.0,0.0,0.11805,-0.41512,0.07319,0.00374,0.86703
11674.49,BTC-27SEP19,1562842746039,open,1.21,0.0,1.1555,1.335,1.24522974,109.92,None,0.0,BTC-27SEP19-26000-P,11454.22,0.0,0.0,0.0,0.0,0.0,0.0,8.96439,-6.3264,-53.61153,3e-05,-0.90711
284.43,ETH-27DEC19,1562842746049,open,0.07,66.0,0.038,0.117,0.077764,115.49,0.078,0.0,ETH-27DEC19-680-C,270.84,105.58,0.058,285.0,0.072,285.0,112.71,0.597,-0.20414,0.20925,0.00138,0.23677
11953.77,BTC-27DEC19,1562842746064,open,0.06,201.6,0.0185,0.1025,0.06051032,99.02,0.05,0.0,BTC-27DEC19-7000-P,11454.22,96.2,0.0565,20.0,0.0635,13.0,101.1,17.10593,-5.01506,-10.47945,3e-05,-0.12897
