underlying_price,underlying_index,timestamp,state,settlement_price,open_interest,min_price,max_price,mark_price,mark_iv,last_price,interest_rate,instrument_name,index_price,bid_iv,best_bid_price,best_bid_amount,best_ask_price,best_ask_amount,ask_iv,vega,theta,rho,gamma,delta
5230.96,BTC-28JUN19,1556708339994,open,0.53,24.6,0.53080012,0.54213814,0.53770884,68.07,0.609,0.0,BTC-28JUN19-8000-P,5304.19,54.86,0.532,2.0,0.5435,2.0,76.88,2.98107,-1.75304,-12.12327,0.0001,-0.92391
5304.19,index_price,1556708340022,open,0.0,51.5,0.00045312,0.01604282,0.00334833,72.34,0.004,0,BTC-10MAY19-4500-P,5304.19,67.73,0.0025,26.0,0.004,31.9,75.49,1.04899,-4.27482,-0.08818,0.00021,-0.06502
5213.26,BTC-27SEP19,1556708340049,open,1.7,0.0,1.68704748,1.75332708,1.70871072,76.55,None,0.0,BTC-27DEC19-14000-P,5304.19,0.0,0.0005,0.2,0.0,0.0,0.0,7.4161,-1.18327,-89.37818,5e-05,-0.90002
5230.96,BTC-28JUN19,1556708340070,open,0.52,24.4,0.52207969,0.52252304,0.52376029,89.36,0.5115,0.0,BTC-28JUN19-2500-C,5304.19,0.0,0.519,3.0,0.5275,3.0,109.18,0.65706,-0.50726,3.84945,2e-05,0.98786
5230.96,BTC-28JUN19,1556708340092,open,0.0,90.2,0.00017214,0.00739153,0.00491978,73.26,0.0055,0.0,BTC-28JUN19-3250-P,5304.19,71.94,0.0045,20.0,0.0055,30.0,74.98,1.71227,-1.08366,-0.35391,5e-05,-0.03775
5230.96,BTC-28JUN19,1556708340126,open,0.14,117.0,0.12368118,0.17214673,0.14084025,57.75,0.137,0.0,BTC-28JUN19-4750-C,5304.19,54.95,0.137,8.0,0.145,5.0,60.76,7.20419,-3.59458,4.66658,0.00029,0.70346
5230.96,BTC-28JUN19,1556708340130,open,0.35,19.5,0.34549785,0.368131,0.35630562,63.63,0.7515,0.0,BTC-28JUN19-7000-P,5304.19,56.99,0.3505,2.0,0.3615,2.0,68.88,4.9244,-2.70717,-9.97937,0.00018,-0.84684
158.92,index_price,1556708340134,open,0.19,100.0,0.181978,0.182102,0.182102,110.0,0.14,0,ETH-3MAY19-130-C,158.92,0.0,0.18,10.0,0.184,10.0,165.96,0.0016,-0.04696,0.00664,0.00112,0.99516
5230.96,BTC-28JUN19,1556708340147,open,2.82,0.4,2.82338997,2.82339039,2.82353889,105.25,5.076,0.0,BTC-28JUN19-20000-P,5304.19,0.0,0.0005,0.2,0.0,0.0,0.0,0.095,-0.08638,-31.70239,0.0,-0.99861
5213.16,BTC-27SEP19,1556708340147,open,0.96,0.3,0.93086169,1.04602274,0.96316653,68.74,1.4475,0.0,BTC-27DEC19-10000-P,5304.19,0.0,0.1,0.3,0.0,0.0,0.0,11.34241,-1.62508,-60.86518,9e-05,-0.81337
5213.26,BTC-27SEP19,1556708340148,open,0.03,325.1,0.01083578,0.04796379,0.02892041,68.63,0.029,0.0,BTC-27SEP19-9000-C,5304.19,67.68,0.0275,12.0,0.03,12.0,69.35,7.84271,-1.80778,2.62399,0.0001,0.15232
5213.26,BTC-27SEP19,1556708340150,open,0.44,227.1,0.43052584,0.45154476,0.43994405,67.71,0.456,0.0,BTC-27SEP19-3000-C,5304.19,0.0,0.135,0.1,0.4905,2.0,112.01,4.35029,-0.98923,10.4721,6e-05,0.93243
5213.26,BTC-27SEP19,1556708340152,open,0.04,938.4,0.0217665,0.06972215,0.0411676,65.76,0.0375,0.0,BTC-27SEP19-8000-C,5304.19,64.85,0.0395,27.0,0.0425,12.0,66.48,9.57073,-2.11382,3.57038,0.00013,0.20908
5213.26,BTC-27SEP19,1556708340153,open,0.04,20.8,0.02627146,0.06670159,0.03883291,62.75,0.045,0.0,BTC-27SEP19-3750-P,5304.19,61.87,0.0375,12.0,0.04,12.0,63.52,7.87589,-1.65994,-4.08537,0.00011,-0.1533
5230.96,BTC-28JUN19,1556708340156,open,0.71,33.3,0.71324575,0.71324625,0.71340021,110.53,0.7165,0.0,BTC-28JUN19-1500-C,5304.19,0.0,0.7095,3.0,0.717,3.0,165.27,0.07739,-0.07389,2.36794,0.0,0.99889
5213.16,BTC-27SEP19,1556708340163,open,0.75,0.0,0.73723458,0.77436083,0.75515496,68.52,None,0.0,BTC-27SEP19-9000-P,5304.19,0.0,0.002,0.3,0.0,0.0,0.0,7.82352,-1.8005,-34.09344,0.0001,-0.84823
5230.96,BTC-28JUN19,1556708340169,open,0.62,20.1,0.61766102,0.61769253,0.61865967,105.96,0.578,0.0,BTC-28JUN19-2000-C,5304.19,0.0,0.614,3.0,0.622,3.0,132.79,0.37473,-0.34304,3.10995,1e-05,0.99361
5230.96,BTC-28JUN19,1556708340173,open,0.38,0.1,0.37887127,0.38609066,0.38363398,73.3,0.395,0.0,BTC-28JUN19-3250-C,5304.19,0.0,0.3785,3.0,0.3875,3.0,83.33,1.71511,-1.08614,4.79864,5e-05,0.96217
5213.16,BTC-27SEP19,1556708340173,open,1.12,3.1,1.11271437,1.13322854,1.12652497,74.09,1.9215,0.0,BTC-27SEP19-11000-P,5304.19,0.0,0.002,0.3,0.0,0.0,0.0,5.40184,-1.3442,-43.30566,7e-05,-0.91011
5230.96,BTC-28JUN19,1556708340183,open,0.19,35.4,0.17797302,0.21402214,0.19111086,59.48,0.2,0.0,BTC-28JUN19-6000-P,5304.19,55.87,0.186,1.5,0.196,3.0,62.87,7.47323,-3.84027,-7.20449,0.00029,-0.67749
5230.96,BTC-28JUN19,1556708340216,open,0.43,43.8,0.4266087,0.42922829,0.4301788,79.13,0.433,0.0,BTC-28JUN19-3000-C,5304.19,0.0,0.425,3.0,0.434,3.0,91.44,1.31021,-0.89565,4.49992,4e-05,0.9727
5230.96,BTC-28JUN19,1556708340216,open,0.18,216.2,0.16364103,0.19387715,0.17346841,58.56,0.164,0.0,BTC-28JUN19-4500-C,5304.19,55.18,0.1695,8.0,0.1775,5.0,61.92,6.21563,-3.1446,5.00585,0.00024,0.77699
5230.96,BTC-28JUN19,1556708340216,open,0.0,852.0,4.141e-05,0.00217902,0.00325372,79.54,0.003,0.0,BTC-28JUN19-10000-C,5304.19,76.49,0.0025,20.0,0.004,20.0,82.15,1.39968,-0.96185,0.21812,4e-05,0.02955
5304.19,index_price,1556708340231,open,0.12,76.3,0.11063041,0.15393695,0.12139894,60.37,0.1265,0,BTC-31MAY19-5750-P,5304.19,63.74,0.125,12.0,0.129,3.1,67.45,5.63037,-5.68864,-3.34195,0.0004,-0.64836
5304.19,index_price,1556708340238,open,0.09,0.0,0.09036954,0.12386255,0.09350208,57.69,None,0,BTC-10MAY19-5750-P,5304.19,63.27,0.096,5.0,0.0995,5.0,70.57,2.29533,-7.46015,-1.1562,0.00058,-0.8029
158.92,index_price,1556708340241,open,0.0,5.0,1.1e-05,0.008015,0.003149,88.96,0.003,0,ETH-10MAY19-200-C,158.92,88.1,0.003,10.0,0.004,50.0,93.47,0.02802,-0.14039,0.00205,0.00513,0.05613
5230.96,BTC-28JUN19,1556708340246,open,0.11,775.0,0.1016032,0.13947301,0.11204396,56.92,0.1165,0.0,BTC-28JUN19-5000-C,5304.19,55.23,0.1095,17.0,0.114,5.0,58.21,7.91368,-3.89117,4.23554,0.00032,0.62269
5304.19,index_price,1556708340252,open,0.06,9.9,0.05349015,0.09270083,0.05792492,57.65,0.1045,0,BTC-10MAY19-5500-P,5304.19,58.68,0.0585,15.0,0.062,15.0,64.62,3.09464,-10.05057,-0.90008,0.00078,-0.63993
5304.19,index_price,1556708340264,open,0.09,201.1,0.07838127,0.12381465,0.08803625,58.56,0.092,0,BTC-31MAY19-5500-P,5304.19,61.62,0.0915,12.0,0.095,0.1,64.71,6.00101,-5.88175,-2.78196,0.00044,-0.55274
158.92,index_price,1556708340269,open,0.0,267.0,0.0,0.000123,0.000123,110.0,0.002,0,ETH-3MAY19-130-P,158.92,0.0,0.0,0.0,0.001,110.0,146.14,0.0016,-0.01959,-4e-05,0.00112,-0.00484
5213.26,BTC-27SEP19,1556708340269,open,0.1,42.6,0.0633393,0.21994937,0.10581866,64.3,0.1,0.0,BTC-27DEC19-7000-C,5304.19,62.41,0.1,17.0,0.1045,12.0,63.87,16.09522,-2.15712,9.40309,0.00014,0.38027
5230.96,BTC-28JUN19,1556708340278,open,0.03,136.8,0.02390378,0.05413989,0.03371745,58.55,0.033,0.0,BTC-28JUN19-4500-P,5304.19,57.94,0.033,10.0,0.0345,16.0,59.21,6.21514,-3.14373,-2.12914,0.00024,-0.22298
5304.19,index_price,1556708340285,open,0.07,65.6,0.06714669,0.10179077,0.07173661,59.67,0.073,0,BTC-10MAY19-5000-C,5304.19,48.56,0.0665,5.0,0.0695,5.0,55.06,2.61643,-8.79489,0.8776,0.00064,0.75214
5230.96,BTC-28JUN19,1556708340286,open,0.05,147.5,0.0317363,0.08020185,0.0488915,57.75,0.05,0.0,BTC-28JUN19-4750-P,5304.19,56.01,0.0465,21.0,0.05,16.0,58.56,7.20413,-3.59437,-2.86511,0.00029,-0.29654
5230.96,BTC-28JUN19,1556708340292,open,0.12,72.4,0.1017843,0.15711385,0.12191409,57.81,0.1325,0.0,BTC-28JUN19-5500-P,5304.19,55.96,0.119,12.0,0.124,5.0,59.13,8.26607,-4.12816,-5.49791,0.00033,-0.54093
5304.19,index_price,1556708340298,open,0.04,130.0,0.0369554,0.05198183,0.03887258,60.13,0.0345,0,BTC-3MAY19-5125-C,5304.19,47.37,0.0365,5.1,0.039,5.1,60.62,1.08484,-17.38833,0.2057,0.00125,0.79356
158.92,index_price,1556708340302,open,0.02,151.0,0.007862,0.042087,0.019199,68.43,0.017,0,ETH-10MAY19-150-P,158.92,64.17,0.017,40.0,0.02,40.0,69.96,0.08284,-0.31933,-0.01141,0.01971,-0.27602
5230.96,BTC-28JUN19,1556708340300,open,0.07,190.7,0.05035206,0.10568161,0.07049588,57.82,0.074,0.0,BTC-28JUN19-5500-C,5304.19,57.5,0.07,5.0,0.072,17.0,58.77,8.26611,-4.12882,3.22313,0.00033,0.45909
5213.16,BTC-27SEP19,1556708340311,open,0.12,117.2,0.09081336,0.22938693,0.12259663,61.45,0.1305,0.0,BTC-27DEC19-4500-P,5304.19,60.52,0.12,5.0,0.1245,17.0,62.13,14.53802,-1.86211,-14.2416,0.00013,-0.29309
5304.19,index_price,1556708340329,open,0.03,293.7,0.0163575,0.0557551,0.0264396,61.27,0.0215,0,BTC-31MAY19-6000-C,5304.19,55.36,0.021,16.0,0.0235,27.0,58.12,5.0093,-5.13687,1.05357,0.00036,0.26911
5304.19,index_price,1556708340340,open,0.04,90.2,0.03834972,0.05381304,0.04094389,55.56,0.0395,0,BTC-3MAY19-5500-P,5304.19,50.62,0.04,5.0,0.043,5.0,65.73,1.02061,-15.11553,-0.23285,0.00127,-0.81334
5230.96,BTC-28JUN19,1556708340342,open,0.07,319.9,0.05745069,0.0953205,0.06786588,56.9,0.065,0.0,BTC-28JUN19-5000-P,5304.19,55.66,0.066,16.0,0.07,21.0,58.31,7.91361,-3.88998,-3.69234,0.00032,-0.3773
5213.26,BTC-27SEP19,1556708340354,open,0.05,140.8,0.03806631,0.08456365,0.05111003,61.7,0.052,0.0,BTC-27SEP19-4000-P,5304.19,60.77,0.0495,12.0,0.0525,12.0,62.49,9.10283,-1.88615,-5.17648,0.00013,-0.19233
5213.26,BTC-27SEP19,1556708340360,open,0.09,12.0,0.04845888,0.1203501,0.08795791,64.3,0.092,0.0,BTC-27DEC19-7500-C,5304.19,63.11,0.0845,10.0,0.089,12.0,64.65,15.32397,-2.05374,8.3268,0.00013,0.33101
5213.26,BTC-27SEP19,1556708340367,open,0.08,106.1,0.0542218,0.17561023,0.08192199,61.92,0.0925,0.0,BTC-27DEC19-4000-P,5304.19,61.11,0.08,12.1,0.084,17.0,62.79,12.45045,-1.60695,-10.27811,0.00011,-0.21807
5213.16,BTC-27SEP19,1556708340376,open,0.11,62.5,0.09108313,0.15136861,0.10517584,60.09,0.094,0.0,BTC-27SEP19-4750-P,5304.19,59.15,0.103,12.0,0.1075,3.0,61.09,12.08686,-2.43918,-9.29636,0.00018,-0.33202
158.92,index_price,1556708340386,open,0.13,703.0,0.119054,0.120743,0.119519,87.3,0.126,0,ETH-3MAY19-140-C,158.92,0.0,0.118,10.0,0.122,10.0,124.62,0.00548,-0.1276,0.00703,0.00484,0.98014
5213.16,BTC-27SEP19,1556708340383,open,0.02,18.3,0.01054861,0.03792973,0.02125897,65.69,0.021,0.0,BTC-27SEP19-3250-P,5304.19,64.47,0.02,15.0,0.0225,31.0,66.86,5.44026,-1.2002,-2.38178,7e-05,-0.09075
5230.96,BTC-28JUN19,1556708340394,open,0.04,2391.8,0.03095603,0.06700515,0.04409302,59.48,0.047,0.0,BTC-28JUN19-6000-C,5304.19,58.71,0.043,10.0,0.045,16.0,60.11,7.47321,-3.84022,2.30931,0.00029,0.32251
158.92,index_price,1556708340452,open,0.25,60.0,0.244903,0.244906,0.244906,110.0,0.22,0,ETH-3MAY19-120-C,158.92,0.0,0.0,0.0,0.331,1.0,500.0,7e-05,-0.00203,0.00617,5e-05,0.99984
158.92,index_price,1556708340490,open,0.25,0.0,0.258506,0.26651,0.261644,88.96,None,0,ETH-10MAY19-200-P,158.92,0.0,0.0,0.0,0.335,1.0,253.92,0.02802,-0.1404,-0.04659,0.00513,-0.94386
5304.19,index_price,1556708340500,open,0.04,226.3,0.02658176,0.0698883,0.03735029,60.37,0.03,0,BTC-31MAY19-5750-C,5304.19,53.83,0.0305,0.1,0.033,26.0,56.24,5.63037,-5.68864,1.3645,0.0004,0.35164
158.92,index_price,1556708340521,open,0.0,608.0,0.0,0.001689,0.000466,87.3,0.001,0,ETH-3MAY19-140-P,158.92,0.0,0.0,0.0,0.001,100.0,99.29,0.00548,-0.074,-0.00017,0.00484,-0.01986
158.92,index_price,1556708340629,open,0.04,246.0,0.024817,0.065236,0.038464,66.95,0.044,0,ETH-10MAY19-160-C,158.92,64.6,0.037,40.0,0.041,147.0,71.03,0.09886,-0.37286,0.01764,0.02404,0.49495
5304.19,index_price,1556708340712,open,0.04,226.3,0.02658176,0.0698883,0.03735029,60.37,0.03,0,BTC-31MAY19-5750-C,5304.19,53.83,0.0305,0.1,0.033,16.0,56.24,5.63037,-5.68864,1.3645,0.0004,0.35164
159.82,ETH-28JUN19,1556708340818,open,0.0,2537.0,0.0,0.001635,0.001098,110.0,0.002,0.0,ETH-28JUN19-500-C,158.92,108.91,0.001,100.0,0.002,10.0,117.76,0.01478,-0.01404,0.00189,0.00033,0.00854
160.2,ETH-27SEP19,1556708340818,open,0.06,391.0,0.050826,0.132514,0.061363,64.94,0.059,0.0,ETH-27SEP19-220-C,158.92,64.77,0.061,160.0,0.066,10.0,67.05,0.34943,-0.07621,0.14849,0.00514,0.28861
159.82,ETH-28JUN19,1556708340823,open,0.1,1374.0,0.094581,0.180643,0.097779,62.03,0.09,0.0,ETH-28JUN19-160-C,158.92,59.63,0.094,84.0,0.1,10.0,63.44,0.2521,-0.13509,0.11393,0.01004,0.54734
159.82,ETH-28JUN19,1556708340823,open,0.08,1342.0,0.069511,0.15669,0.073562,62.57,0.08,0.0,ETH-28JUN19-170-C,158.92,60.95,0.071,140.0,0.074,10.0,62.85,0.25197,-0.13621,0.09564,0.00994,0.45095
159.82,ETH-28JUN19,1556708340823,open,0.28,1942.0,0.276289,0.353007,0.286913,68.85,0.314,0.0,ETH-28JUN19-200-P,158.92,56.11,0.272,10.0,0.289,1.0,70.49,0.20134,-0.11975,-0.26329,0.00722,-0.75207
160.2,ETH-27SEP19,1556708340833,open,0.04,654.0,0.023695,0.090726,0.040034,70.16,0.039,0.0,ETH-27SEP19-260-C,158.92,69.0,0.038,24.0,0.041,10.0,70.71,0.28281,-0.06664,0.1018,0.00385,0.19583
159.82,ETH-28JUN19,1556708340849,open,0.01,2198.0,0.004991,0.043727,0.008013,66.9,0.008,0.0,ETH-28JUN19-110-P,158.92,64.76,0.007,5.0,0.009,40.0,68.87,0.0781,-0.04514,-0.01783,0.00288,-0.06233
160.2,ETH-27SEP19,1556708340853,open,0.32,1713.0,0.322421,0.409318,0.331637,63.86,0.353,0.0,ETH-27SEP19-200-P,158.92,59.82,0.322,60.0,0.34,10.0,67.32,0.38523,-0.08263,-0.63038,0.00576,-0.63311
159.82,ETH-28JUN19,1556708340857,open,0.01,330.0,0.000178,0.017959,0.006049,92.86,0.009,0.0,ETH-28JUN19-320-C,158.92,89.93,0.005,250.0,0.007,50.0,95.26,0.0606,-0.04861,0.00994,0.00161,0.04525
160.2,ETH-27SEP19,1556708340914,open,0.01,533.0,0.0004,0.014161,0.011394,91.41,0.012,0.0,ETH-27SEP19-480-C,158.92,90.86,0.011,30.0,0.012,13.0,92.24,0.11572,-0.03553,0.02926,0.00121,0.05617
160.2,ETH-27SEP19,1556708340942,open,0.09,845.0,0.073981,0.160879,0.083198,63.86,0.074,0.0,ETH-27SEP19-200-C,158.92,63.37,0.082,128.0,0.087,34.0,65.44,0.38523,-0.08263,0.18537,0.00576,0.36689
159.82,ETH-28JUN19,1556708340949,open,0.33,1514.0,0.33115,0.401809,0.340306,68.94,0.37,0.0,ETH-28JUN19-210-P,158.92,55.35,0.327,10.0,0.342,1.0,70.47,0.1758,-0.1047,-0.29008,0.0063,-0.80439
5230.97,BTC-28JUN19,1556708340959,open,0.01,5.3,0.0017644,0.02440218,0.01189298,65.55,0.012,0.0,BTC-28JUN19-7500-C,5304.19,64.3,0.011,20.0,0.0125,20.0,66.37,3.80512,-2.15482,0.77784,0.00013,0.10567
159.82,ETH-28JUN19,1556708340965,open,0.13,5296.0,0.133208,0.220387,0.137258,62.57,0.148,0.0,ETH-28JUN19-170-P,158.92,61.77,0.136,24.0,0.138,10.0,63.04,0.25197,-0.13621,-0.17392,0.00994,-0.54905
159.82,ETH-28JUN19,1556708340965,open,0.01,1368.0,0.000425,0.023849,0.007023,88.46,0.007,0.0,ETH-28JUN19-300-C,158.92,86.0,0.006,190.0,0.008,50.0,90.63,0.06929,-0.05296,0.01179,0.00193,0.05353
5304.19,index_price,1556708340996,open,0.0,24.0,4.609e-05,0.00834497,0.00196001,82.25,0.003,0,BTC-10MAY19-4250-P,5304.19,78.29,0.0015,45.0,0.0025,42.9,86.28,0.66292,-3.07174,-0.04973,0.00012,-0.0366
5304.19,index_price,1556708341004,open,0.13,0.0,0.1331959,0.15895833,0.13605624,61.8,None,0,BTC-10MAY19-6000-P,5304.19,57.98,0.135,2.0,0.143,2.0,81.28,1.54713,-5.38643,-1.32446,0.00037,-0.8908
160.2,ETH-27SEP19,1556708341037,open,0.02,492.0,0.005145,0.04422,0.021078,78.67,0.021,0.0,ETH-27SEP19-340-C,158.92,77.74,0.02,30.0,0.022,10.0,79.45,0.18769,-0.04959,0.05568,0.00228,0.10629
159.82,ETH-28JUN19,1556708341049,open,0.01,1555.0,0.005303,0.056707,0.014763,75.36,0.017,0.0,ETH-28JUN19-240-C,158.92,74.36,0.014,40.0,0.015,10.0,75.67,0.12286,-0.07999,0.02518,0.00403,0.11413
5213.26,BTC-27SEP19,1556708341050,open,0.05,355.3,0.01264064,0.12780456,0.04505244,68.79,0.045,0.0,BTC-27DEC19-10000-C,5304.19,68.07,0.0435,10.1,0.046,12.0,69.22,11.35384,-1.62793,4.86059,9e-05,0.18693
159.82,ETH-28JUN19,1556708341054,open,0.09,3007.0,0.095707,0.18177,0.098906,62.03,0.13,0.0,ETH-28JUN19-160-P,158.92,61.45,0.098,24.0,0.101,10.0,63.36,0.2521,-0.13509,-0.13978,0.01004,-0.45266
159.82,ETH-28JUN19,1556708341064,open,0.04,636.0,0.035586,0.117474,0.040312,63.52,0.044,0.0,ETH-28JUN19-190-C,158.92,64.03,0.041,165.0,0.042,10.0,64.76,0.21736,-0.11928,0.06293,0.00845,0.28863
160.2,ETH-27SEP19,1556708341068,open,0.23,4380.0,0.230432,0.319421,0.237525,62.8,0.255,0.0,ETH-27SEP19-180-P,158.92,61.41,0.234,79.0,0.243,28.0,64.95,0.40652,-0.08574,-0.50535,0.00618,-0.53587
159.82,ETH-28JUN19,1556708341068,open,0.06,5356.0,0.064657,0.146469,0.0678,62.13,0.074,0.0,ETH-28JUN19-150-P,158.92,60.91,0.066,143.0,0.07,10.0,63.62,0.2362,-0.12678,-0.10638,0.00939,-0.35197
160.2,ETH-27SEP19,1556708341072,open,0.16,263.0,0.152472,0.238861,0.156493,61.61,0.146,0.0,ETH-27SEP19-160-C,158.92,59.81,0.152,28.0,0.16,18.0,63.01,0.40009,-0.08279,0.27622,0.0062,0.57922
159.82,ETH-28JUN19,1556708341090,open,0.17,4550.0,0.176418,0.262005,0.181645,63.51,0.193,0.0,ETH-28JUN19-180-P,158.92,63.08,0.181,24.0,0.182,10.0,63.75,0.23932,-0.13131,-0.20682,0.0093,-0.63447
5304.19,index_price,1556708341140,open,0.22,0.9,0.2254463,0.22558314,0.2255831,110.0,0.2715,0,BTC-3MAY19-6500-P,5304.19,0.0,0.2225,2.0,0.2305,2.0,195.31,0.06043,-1.77184,-0.33255,4e-05,-0.99444
5304.19,index_price,1556708341144,open,0.0,162.0,0.0,0.0005833,0.00058047,109.92,0.0005,0,BTC-3MAY19-6250-C,5304.19,107.54,0.0005,3.0,0.001,43.9,119.77,0.18822,-3.07894,0.00544,0.00012,0.02053
5213.26,BTC-27SEP19,1556708341166,open,0.03,97.2,0.01204319,0.0865706,0.03001266,65.25,0.033,0.0,BTC-27DEC19-3000-P,5304.19,64.52,0.029,15.0,0.0315,20.1,66.33,7.15707,-0.97349,-4.29152,6e-05,-0.09525
5213.26,BTC-27SEP19,1556708341170,open,0.02,156.9,0.00381648,0.05297434,0.01603061,68.29,0.0165,0.0,BTC-27DEC19-2500-P,5304.19,67.7,0.0155,15.0,0.017,5.1,69.37,4.65587,-0.66276,-2.41046,4e-05,-0.05433
5304.19,index_price,1556708341230,open,0.01,159.9,0.00632089,0.0398139,0.00945341,57.69,0.0085,0,BTC-10MAY19-5750-C,5304.19,55.46,0.0085,20.0,0.0095,20.0,57.8,2.29533,-7.46015,0.24203,0.00058,0.1971
5230.97,BTC-28JUN19,1556708341257,open,0.44,0.0,0.4355329,0.45817067,0.44567792,65.57,None,0.0,BTC-28JUN19-7500-P,5304.19,56.54,0.44,2.0,0.4515,2.0,72.84,3.8076,-2.15697,-11.11377,0.00013,-0.89423
5304.19,index_price,1556708341267,open,0.08,5.1,0.08102252,0.08720702,0.08204507,72.97,0.0775,0,BTC-3MAY19-4875-C,5304.19,0.0,0.08,5.0,0.083,5.0,83.75,0.39578,-7.69828,0.23643,0.00038,0.94942
5304.19,index_price,1556708341275,open,0.0,307.6,0.00143362,0.01689694,0.00402778,55.72,0.0035,0,BTC-3MAY19-5500-C,5304.19,52.92,0.0035,13.3,0.0045,30.0,58.12,1.02301,-15.1944,0.04998,0.00127,0.18737
5304.19,index_price,1556708341278,open,0.08,25.6,0.08407029,0.09058586,0.0851339,68.68,0.093,0,BTC-3MAY19-5750-P,5304.19,66.89,0.085,5.0,0.0875,5.0,90.44,0.41199,-7.5425,-0.28128,0.00041,-0.9468
5213.26,BTC-27SEP19,1556708341280,open,0.17,113.7,0.1376904,0.28826584,0.17254229,61.33,0.1715,0.0,BTC-27DEC19-5000-P,5304.19,60.67,0.1705,5.0,0.1745,12.0,61.98,15.95308,-2.0394,-18.57773,0.00015,-0.36972
5304.19,index_price,1556708341288,open,0.06,9.9,0.05349015,0.09270083,0.05792489,57.65,0.1045,0,BTC-10MAY19-5500-P,5304.19,58.68,0.0585,15.0,0.0615,15.0,63.77,3.09464,-10.05057,-0.90008,0.00078,-0.63993
5230.96,BTC-28JUN19,1556708341295,open,0.12,72.4,0.1017843,0.15711385,0.12193184,57.81,0.1325,0.0,BTC-28JUN19-5500-P,5304.19,55.96,0.119,12.0,0.124,17.0,59.13,8.26607,-4.12816,-5.49791,0.00033,-0.54093
158.92,index_price,1556708341301,open,0.02,378.0,0.006514,0.041245,0.017633,68.37,0.017,0,ETH-10MAY19-170-C,158.92,67.16,0.017,40.0,0.02,184.0,72.82,0.08362,-0.32206,0.01019,0.01991,0.28135
5304.19,index_price,1556708341303,open,0.06,6.2,0.06126552,0.07235514,0.06276693,64.31,0.0645,0,BTC-3MAY19-5625-P,5304.19,57.91,0.062,5.0,0.065,5.0,78.95,0.69389,-11.89574,-0.26092,0.00075,-0.89448
5304.19,index_price,1556708341305,open,0.08,25.6,0.08407029,0.09058586,0.0851339,68.68,0.093,0,BTC-3MAY19-5750-P,5304.19,58.47,0.0845,5.0,0.0875,5.0,90.44,0.41199,-7.5425,-0.28128,0.00041,-0.9468
5304.19,index_price,1556708341318,open,0.01,176.5,0.00699443,0.02644623,0.01095256,54.58,0.0115,0,BTC-3MAY19-5250-P,5304.19,52.93,0.0105,1.0,0.012,20.0,58.39,1.45779,-21.21074,-0.10901,0.00185,-0.38897
5304.19,index_price,1556708341323,open,0.04,226.3,0.02658176,0.0698883,0.03735029,60.37,0.03,0,BTC-31MAY19-5750-C,5304.19,53.83,0.0305,16.1,0.033,16.0,56.24,5.63037,-5.68864,1.3645,0.0004,0.35164
5304.19,index_price,1556708341331,open,0.06,508.9,0.05176574,0.09688842,0.0597952,57.11,0.0645,0,BTC-31MAY19-5250-P,5304.19,60.39,0.0635,12.0,0.066,0.1,62.6,5.99108,-5.72605,-2.18089,0.00046,-0.44254
5304.19,index_price,1556708341357,open,0.0,235.9,0.0,5.192e-05,5.192e-05,110.0,0.0005,0,BTC-3MAY19-4250-P,5304.19,0.0,0.0,0.0,0.0005,11.0,143.02,0.02618,-0.27539,-0.00061,2e-05,-0.00219
5304.19,index_price,1556708341500,open,0.0,107.0,0.0005404,0.01897197,0.00271725,66.46,0.0025,0,BTC-10MAY19-6250-C,5304.19,65.31,0.0025,25.0,0.003,10.3,67.89,1.02148,-3.82444,0.07754,0.00022,0.06283
159.82,ETH-28JUN19,1556708341647,open,0.02,649.0,0.011717,0.075911,0.021132,70.84,0.017,0.0,ETH-28JUN19-220-C,158.93,69.66,0.02,32.0,0.021,10.0,70.7,0.15524,-0.09501,0.03535,0.00541,0.16063
159.82,ETH-28JUN19,1556708341647,open,0.22,2407.0,0.224424,0.306312,0.229149,63.52,0.261,0.0,ETH-28JUN19-190-P,158.93,58.92,0.223,10.0,0.231,10.0,64.88,0.21736,-0.11928,-0.23834,0.00845,-0.71137
159.82,ETH-28JUN19,1556708341647,open,0.39,1139.0,0.388266,0.45246,0.39768,70.84,0.4,0.0,ETH-28JUN19-220-P,158.93,55.35,0.385,10.0,0.405,10.0,77.95,0.15524,-0.09501,-0.31349,0.00541,-0.83937
160.21,ETH-27SEP19,1556708341647,open,0.02,169.0,0.001683,0.02668,0.014931,84.05,0.014,0.0,ETH-27SEP19-400-C,158.93,83.01,0.014,30.0,0.016,3.0,85.2,0.14554,-0.04108,0.03957,0.00165,0.07548
160.21,ETH-27SEP19,1556708341647,open,0.43,745.0,0.424037,0.50573,0.434647,64.97,0.38,0.0,ETH-27SEP19-220-P,158.93,59.98,0.424,60.0,0.445,10.0,69.63,0.34958,-0.07628,-0.74875,0.00514,-0.71117
160.21,ETH-27SEP19,1556708341647,open,0.3,147.0,0.293714,0.356276,0.296573,61.74,0.283,0.0,ETH-27SEP19-120-C,158.93,0.0,0.0,0.0,0.0,0.0,0.0,0.26487,-0.05492,0.34454,0.0041,0.82383
160.21,ETH-27SEP19,1556708341647,open,0.65,1.0,0.646572,0.71361,0.663005,70.22,0.573,0.0,ETH-27SEP19-260-P,158.93,0.0,0.067,19.0,0.703,1.0,90.22,0.28309,-0.06676,-0.95855,0.00385,-0.80387
159.82,ETH-28JUN19,1556708341647,open,0.75,0.0,0.752973,0.783732,0.760683,84.44,None,0.0,ETH-28JUN19-280-P,158.93,0.0,0.0,0.0,0.0,0.0,0.0,0.08249,-0.06018,-0.42924,0.00241,-0.93313
160.21,ETH-27SEP19,1556708341647,open,1.12,0.0,1.127362,1.166443,1.143425,78.78,None,0.0,ETH-27SEP19-340-P,158.93,0.0,0.0,0.0,1.16,1.0,90.95,0.1883,-0.04982,-1.33089,0.00228,-0.89324
159.82,ETH-28JUN19,1556708341647,open,0.01,3332.0,0.011574,0.06326,0.014264,63.87,0.015,0.0,ETH-28JUN19-120-P,158.93,62.09,0.013,190.0,0.016,100.0,66.21,0.11567,-0.06383,-0.03021,0.00447,-0.10494
160.21,ETH-27SEP19,1556708341648,open,0.02,257.0,0.007519,0.052674,0.024076,76.62,0.021,0.0,ETH-27SEP19-320-C,158.93,75.77,0.023,30.0,0.025,10.0,77.33,0.20607,-0.05302,0.06344,0.00257,0.12116
159.83,ETH-28JUN19,1556708341648,open,2.1,0.0,2.128324,2.129959,2.129617,111.99,None,0.0,ETH-28JUN19-500-P,158.93,0.0,0.0,0.0,0.0,0.0,0.0,0.01664,-0.0161,-0.79067,0.00037,-0.99022
159.83,ETH-28JUN19,1556708341648,open,0.5,1723.0,0.506901,0.558315,0.516453,75.47,0.536,0.0,ETH-28JUN19-240-P,158.93,55.28,0.505,10.0,0.517,1.0,76.18,0.12323,-0.08035,-0.35527,0.00403,-0.88539
159.82,ETH-28JUN19,1556708341647,open,0.0,512.0,5e-06,0.005971,0.003649,106.82,0.007,0.0,ETH-28JUN19-400-C,158.93,103.94,0.003,40.0,0.004,10.0,108.24,0.03836,-0.0354,0.00565,0.00089,0.02594
159.83,ETH-28JUN19,1556708341648,open,1.48,0.0,1.502664,1.508632,1.506465,107.46,None,0.0,ETH-28JUN19-400-P,158.93,0.0,0.0,0.0,0.0,0.0,0.0,0.03944,-0.03661,-0.62842,0.00091,-0.97319
160.21,ETH-27SEP19,1556708341648,open,1.0,1.0,1.004898,1.050052,1.021579,76.71,0.93,0.0,ETH-27SEP19-320-P,158.93,0.0,0.0,0.0,1.043,1.0,90.96,0.20657,-0.05322,-1.24158,0.00257,-0.87842
160.21,ETH-27SEP19,1556708341648,open,0.05,393.0,0.034757,0.10949,0.049972,68.13,0.048,0.0,ETH-27SEP19-240-C,158.93,66.61,0.047,226.0,0.051,10.0,68.64,0.31695,-0.07252,0.12315,0.00444,0.23844
160.21,ETH-27SEP19,1556708341648,open,0.03,496.0,0.011011,0.062936,0.027835,74.42,0.028,0.0,ETH-27SEP19-300-C,158.93,73.11,0.026,30.0,0.029,10.0,75.24,0.22728,-0.05681,0.07303,0.00292,0.13959
158.93,index_price,1556708341647,open,0.01,2607.0,0.000456,0.010336,0.004037,76.76,0.002,0,ETH-3MAY19-150-P,158.93,69.91,0.003,50.0,0.005,208.0,82.55,0.02541,-0.5199,-0.00118,0.0255,-0.14041
159.83,ETH-28JUN19,1556708341648,open,0.99,0.0,1.002306,1.020091,1.008301,93.18,None,0.0,ETH-28JUN19-320-P,158.93,0.0,0.0,0.0,0.0,0.0,0.0,0.06135,-0.04939,-0.49732,0.00163,-0.95405
158.93,index_price,1556708341647,open,0.0,1270.0,0.000223,0.008902,0.00349,79.89,0.004,0,ETH-3MAY19-170-C,158.93,76.47,0.003,10.0,0.004,50.0,83.23,0.02354,-0.50128,0.001,0.0227,0.12566
158.93,index_price,1556708341647,open,0.0,581.0,0.0,0.0,0.0,109.98,0.001,0,ETH-3MAY19-220-C,158.93,0.0,0.0,0.0,0.001,110.0,211.0,1e-05,-6e-05,0.0,1e-05,2e-05
159.83,ETH-28JUN19,1556708341648,open,0.04,2468.0,0.024893,0.101618,0.035506,68.83,0.035,0.0,ETH-28JUN19-200-C,158.93,68.43,0.035,161.0,0.036,102.0,69.23,0.20137,-0.11975,0.05384,0.00722,0.24796
158.93,index_price,1556708341647,open,0.0,0.0,0.0,3e-06,3e-06,110.02,None,0,ETH-3MAY19-120-P,158.93,0.0,0.0,0.0,0.001,110.0,194.94,7e-05,-0.0005,0.0,5e-05,-0.00016
158.93,index_price,1556708341647,open,0.01,12.0,0.000923,0.021463,0.006283,70.26,0.003,0,ETH-10MAY19-140-P,158.93,69.3,0.006,50.0,0.007,20.0,72.61,0.04741,-0.18766,-0.0046,0.01099,-0.11269
160.21,ETH-27SEP19,1556708341648,open,0.02,1012.0,0.002434,0.031479,0.017389,83.14,0.018,0.0,ETH-27SEP19-380-C,158.93,81.74,0.016,30.0,0.018,10.0,83.74,0.16166,-0.04514,0.04532,0.00186,0.08675
160.21,ETH-27SEP19,1556708341648,open,1.73,0.0,1.74721,1.765728,1.759003,87.54,None,0.0,ETH-27SEP19-440-P,158.93,0.0,0.0,0.0,0.0,0.0,0.0,0.12709,-0.03736,-1.76154,0.00139,-0.9367
159.83,ETH-28JUN19,1556708341648,open,0.01,2097.0,0.002332,0.042411,0.011138,80.09,0.012,0.0,ETH-28JUN19-260-C,158.93,78.22,0.01,140.0,0.012,40.0,81.45,0.09986,-0.06909,0.01896,0.00308,0.08594
159.83,ETH-28JUN19,1556708341649,open,0.13,539.0,0.126133,0.20794,0.129244,62.11,0.118,0.0,ETH-28JUN19-150-C,158.93,59.23,0.125,24.0,0.131,24.0,63.29,0.23619,-0.12673,0.13151,0.00939,0.64815
158.93,index_price,1556708341647,open,0.07,296.0,0.069877,0.078555,0.073211,80.34,0.074,0,ETH-3MAY19-170-P,158.93,62.48,0.071,10.0,0.11,1.0,235.91,0.02372,-0.50805,-0.00773,0.02275,-0.87293
160.21,ETH-27SEP19,1556708341649,open,0.01,1700.0,0.003695,0.026108,0.007024,68.0,0.01,0.0,ETH-27SEP19-80-P,158.93,65.82,0.006,180.0,0.008,30.0,69.92,0.07844,-0.01791,-0.02724,0.0011,-0.03467
158.93,index_price,1556708341647,open,0.0,722.0,0.0,0.00035,0.000349,109.96,0.001,0,ETH-3MAY19-190-C,158.93,0.0,0.0,0.0,0.001,60.0,128.37,0.00382,-0.05548,0.0001,0.00267,0.01302
158.93,index_price,1556708341647,open,0.37,0.0,0.384257,0.384257,0.384345,159.38,None,0,ETH-3MAY19-220-P,158.93,0.0,0.0,0.0,0.487,1.0,500.0,0.00093,-0.03953,-0.01128,0.00045,-0.99735
158.93,index_price,1556708341647,open,0.02,1025.0,0.009824,0.028304,0.016546,68.77,0.018,0,ETH-3MAY19-160-C,158.93,63.32,0.015,277.0,0.018,11.0,73.88,0.04517,-0.828,0.00359,0.05061,0.45562
158.93,index_price,1556708341647,open,0.02,488.0,0.016557,0.035037,0.023342,68.99,0.018,0,ETH-3MAY19-160-P,158.93,64.26,0.022,30.0,0.025,11.0,74.82,0.04517,-0.83074,-0.00464,0.05045,-0.54417
158.93,index_price,1556708341647,open,0.0,0.0,0.0,0.000812,0.000812,110.02,None,0,ETH-10MAY19-110-P,158.93,0.0,0.0,0.0,0.002,260.0,126.76,0.00821,-0.0509,-0.00053,0.00122,-0.01285
158.93,index_price,1556708341647,open,0.31,0.0,0.307871,0.308683,0.30864,109.16,None,0,ETH-10MAY19-110-C,158.93,0.0,0.0,0.0,0.401,1.0,415.48,0.00792,-0.04871,0.02624,0.00118,0.98768
158.93,index_price,1556708341647,open,0.0,1403.0,0.0,0.002049,0.000958,94.91,0.002,0,ETH-3MAY19-180-C,158.93,0.0,0.0,0.0,0.002,60.0,109.44,0.00907,-0.15233,0.00029,0.00736,0.03627
158.93,index_price,1556708341647,open,0.0,3.0,0.0,0.003157,0.00098,89.33,0.001,0,ETH-10MAY19-120-P,158.93,0.0,0.0,0.0,0.002,310.0,100.73,0.01121,-0.05642,-0.00075,0.00204,-0.01846
158.93,index_price,1556708341647,open,0.04,417.0,0.031578,0.071997,0.04526,67.01,0.041,0,ETH-10MAY19-160-P,158.93,63.38,0.043,40.0,0.047,40.0,69.81,0.09886,-0.3732,-0.02126,0.02402,-0.50477
158.93,index_price,1556708341647,open,0.25,0.0,0.244951,0.248107,0.245883,88.65,None,0,ETH-10MAY19-120-C,158.93,0.0,0.0,0.0,0.326,3.0,330.43,0.01086,-0.05425,0.02846,0.002,0.98221
158.93,index_price,1556708341647,open,0.07,190.0,0.056644,0.066524,0.060166,76.39,0.06,0,ETH-3MAY19-150-C,158.93,0.0,0.001,10.0,0.062,10.0,87.14,0.02527,-0.5146,0.00654,0.02549,0.8607
158.93,index_price,1556708341647,open,0.08,80.0,0.076178,0.11092,0.087354,68.47,0.105,0,ETH-10MAY19-170-P,158.93,63.94,0.085,10.0,0.09,10.0,73.43,0.0837,-0.32283,-0.03113,0.0199,-0.71812
158.93,index_price,1556708341647,open,0.12,173.0,0.132575,0.134623,0.133604,96.14,0.192,0,ETH-3MAY19-180-P,158.93,0.0,0.132,10.0,0.135,10.0,114.12,0.00946,-0.24235,-0.00895,0.00758,-0.9618
160.21,ETH-27SEP19,1556708341655,open,0.88,1.0,0.883554,0.935479,0.900494,74.5,1.018,0.0,ETH-27SEP19-300-P,158.93,0.0,0.0,0.0,0.926,1.0,90.01,0.22771,-0.05698,-1.15043,0.00292,-0.86003
160.21,ETH-27SEP19,1556708341657,open,0.88,1.0,0.883554,0.935479,0.900494,74.5,1.018,0.0,ETH-27SEP19-300-P,158.93,0.0,0.0,0.0,0.926,2.0,90.01,0.22771,-0.05698,-1.15043,0.00292,-0.86003
5304.19,index_price,1556708341982,open,0.13,3.9,0.13118125,0.13330499,0.13190858,89.79,0.1715,0,BTC-3MAY19-6000-P,5304.19,0.0,0.1285,2.0,0.136,2.0,134.02,0.25772,-6.16832,-0.30039,0.0002,-0.97014
5304.19,index_price,1556708341997,open,0.18,2.0,0.17885415,0.19728572,0.181031,66.46,0.1975,0,BTC-10MAY19-6250-P,5304.19,56.68,0.1795,2.0,0.188,2.0,91.74,1.02148,-3.82444,-1.44227,0.00022,-0.93717
5304.19,index_price,1556708342089,open,0.01,469.8,0.00979768,0.04444177,0.01438794,59.67,0.016,0,BTC-10MAY19-5000-P,5304.19,58.88,0.014,20.0,0.016,30.0,62.91,2.61645,-8.79511,-0.33826,0.00064,-0.24786
5212.98,BTC-27SEP19,1556708342258,open,0.02,17.5,0.00096609,0.05868899,0.02090467,78.5,0.02,0.0,BTC-27DEC19-15000-C,5304.19,77.41,0.0195,15.0,0.022,15.0,79.32,6.84579,-1.12016,2.35696,5e-05,0.0897
5304.19,index_price,1556708342311,open,0.13,0.5,0.12804834,0.12959003,0.12875609,99.77,0.1005,0,BTC-3MAY19-4625-C,5304.19,0.0,0.124,3.0,0.1315,3.0,137.56,0.22593,-6.00893,0.23053,0.00016,0.9745
5304.19,index_price,1556708342469,open,0.01,237.6,0.00869306,0.02685071,0.00993227,54.58,0.009,0,BTC-3MAY19-5375-C,5304.19,47.41,0.008,20.8,0.01,21.0,54.83,1.44151,-20.97439,0.09944,0.00183,0.37473
5304.19,index_price,1556708342522,open,0.16,0.0,0.15206723,0.16765692,0.15496235,72.34,None,0,BTC-10MAY19-4500-C,5304.19,0.0,0.1485,3.0,0.156,3.0,77.24,1.04898,-4.27474,1.00608,0.00021,0.93498
5304.19,index_price,1556708342618,open,0.04,120.4,0.03631463,0.07630597,0.04022626,56.37,0.0355,0,BTC-10MAY19-5250-C,5304.19,50.3,0.0365,1.0,0.039,15.0,54.38,3.2574,-10.34477,0.67539,0.00084,0.56386
160.2,ETH-27SEP19,1556708342647,open,0.77,0.0,0.76396,0.823249,0.780683,72.21,None,0.0,ETH-27SEP19-280-P,158.92,0.0,0.0,0.0,0.813,2.0,90.03,0.25249,-0.06124,-1.05669,0.00334,-0.83648
160.2,ETH-27SEP19,1556708342647,open,1.98,0.0,1.996655,2.010416,2.007464,91.16,None,0.0,ETH-27SEP19-480-P,158.92,0.0,0.0,0.0,0.0,0.0,0.0,0.1146,-0.03509,-1.92889,0.0012,-0.94452
159.83,ETH-28JUN19,1556708342647,open,0.62,0.0,0.62906,0.669139,0.637968,80.25,None,0.0,ETH-28JUN19-260-P,158.92,0.0,0.0,0.0,0.0,0.0,0.0,0.10032,-0.06956,-0.3932,0.00309,-0.91352
160.2,ETH-27SEP19,1556708342647,open,0.0,174.0,0.00038,0.007981,0.002916,78.86,0.003,0.0,ETH-27SEP19-60-P,158.92,74.32,0.002,150.0,0.004,40.0,83.21,0.03615,-0.00958,-0.01095,0.00044,-0.01384
159.83,ETH-28JUN19,1556708342647,open,0.0,1501.0,9.2e-05,0.009078,0.002107,87.25,0.004,0.0,ETH-28JUN19-80-P,158.92,78.2,0.001,1999.0,0.003,160.0,92.49,0.02433,-0.01834,-0.00438,0.00069,-0.01517
160.19,ETH-27SEP19,1556708342648,open,0.22,201.0,0.213972,0.291689,0.217575,61.64,0.216,0.0,ETH-27SEP19-140-C,158.92,59.1,0.212,6.0,0.22,6.0,62.74,0.35295,-0.07306,0.31852,0.00547,0.70508
159.83,ETH-28JUN19,1556708342647,open,0.01,1315.0,0.001003,0.031769,0.008712,84.44,0.009,0.0,ETH-28JUN19-280-C,158.92,80.92,0.007,250.0,0.01,50.0,86.84,0.0825,-0.06018,0.01474,0.00241,0.06688
160.19,ETH-27SEP19,1556708342648,open,0.02,185.0,0.003531,0.037241,0.0188,80.74,0.02,0.0,ETH-27SEP19-360-C,158.92,79.03,0.017,30.0,0.02,10.0,81.84,0.17249,-0.04677,0.04958,0.00204,0.09468
159.83,ETH-28JUN19,1556708342648,open,0.44,0.0,0.437381,0.45383,0.438934,73.42,None,0.0,ETH-28JUN19-90-C,158.92,0.0,0.0,0.0,0.0,0.0,0.0,0.02738,-0.01737,0.13778,0.00092,0.98259
159.83,ETH-28JUN19,1556708342648,open,0.0,1785.0,0.000479,0.016928,0.002033,73.43,0.004,0.0,ETH-28JUN19-90-P,158.92,66.02,0.001,50.0,0.003,40.0,78.41,0.02739,-0.01738,-0.00493,0.00092,-0.01742
160.19,ETH-27SEP19,1556708342648,open,1.49,0.0,1.498716,1.523704,1.511658,83.72,None,0.0,ETH-27SEP19-400-P,158.92,0.0,0.0,0.0,0.0,0.0,0.0,0.14384,-0.04044,-1.5925,0.00164,-0.92566
159.83,ETH-28JUN19,1556708342648,open,0.01,2531.0,0.001762,0.028343,0.004567,71.26,0.007,0.0,ETH-28JUN19-100-P,158.92,69.4,0.004,100.0,0.005,40.0,72.59,0.05074,-0.03124,-0.01037,0.00176,-0.03636
158.92,index_price,1556708342647,open,0.0,818.0,0.0,4.5e-05,4.5e-05,110.03,0.001,0,ETH-3MAY19-200-C,158.92,0.0,0.0,0.0,0.001,110.0,158.14,0.00073,-0.00723,2e-05,0.00051,0.00202
158.92,index_price,1556708342647,open,0.01,31.0,0.000133,0.014401,0.004927,81.1,0.006,0,ETH-10MAY19-190-C,158.92,77.21,0.004,60.0,0.006,200.0,85.19,0.03979,-0.18179,0.00324,0.00799,0.08864
159.82,ETH-28JUN19,1556708342649,open,0.39,0.0,0.37606,0.402647,0.3789,71.36,None,0.0,ETH-28JUN19-100-C,158.92,0.0,0.0,0.0,0.0,0.0,0.0,0.05096,-0.03142,0.14813,0.00176,0.96344
160.19,ETH-27SEP19,1556708342649,open,0.03,357.0,0.01614,0.075421,0.032977,72.29,0.031,0.0,ETH-27SEP19-280-C,158.92,71.02,0.031,24.0,0.034,10.0,72.93,0.25281,-0.06138,0.08551,0.00334,0.16385
159.82,ETH-28JUN19,1556708342649,open,0.03,857.0,0.017172,0.087831,0.026327,68.94,0.021,0.0,ETH-28JUN19-210-C,158.92,67.72,0.025,32.0,0.026,10.0,68.64,0.17579,-0.1047,0.0429,0.0063,0.19561
160.19,ETH-27SEP19,1556708342649,open,0.51,0.0,0.504292,0.526714,0.507677,68.11,None,0.0,ETH-27SEP19-80-C,158.92,0.0,0.0,0.0,0.0,0.0,0.0,0.07879,-0.01802,0.2989,0.00111,0.96514
158.92,index_price,1556708342647,open,0.19,931.0,0.19557,0.195919,0.195845,106.64,0.182,0,ETH-3MAY19-190-P,158.92,0.0,0.0,0.0,0.258,2.0,445.34,0.00324,-0.09209,-0.00968,0.00234,-0.98923
159.82,ETH-28JUN19,1556708342649,open,0.27,25.0,0.260729,0.312415,0.263459,63.92,0.315,0.0,ETH-28JUN19-120-C,158.92,0.0,0.0,0.0,0.0,0.0,0.0,0.1158,-0.06395,0.16002,0.00447,0.8949
160.19,ETH-27SEP19,1556708342649,open,1.37,1.0,1.374615,1.40365,1.38928,82.86,1.285,0.0,ETH-27SEP19-380-P,158.92,0.0,0.0,0.0,0.0,0.0,0.0,0.16018,-0.04458,-1.50512,0.00185,-0.9143
160.19,ETH-27SEP19,1556708342649,open,0.01,312.0,0.000814,0.019324,0.01244,87.33,0.014,0.0,ETH-27SEP19-440-C,158.92,86.77,0.012,30.0,0.013,3.0,88.03,0.12609,-0.03698,0.03282,0.00138,0.06267
160.19,ETH-27SEP19,1556708342649,open,0.09,4606.0,0.087934,0.165651,0.091428,61.59,0.093,0.0,ETH-27SEP19-140-P,158.92,60.48,0.089,116.0,0.094,84.0,62.75,0.35293,-0.073,-0.25241,0.00548,-0.29488
159.82,ETH-28JUN19,1556708342649,open,0.0,436.0,3.1e-05,0.010283,0.004617,100.42,0.004,0.0,ETH-28JUN19-360-C,158.92,98.25,0.004,40.0,0.005,10.0,101.68,0.0475,-0.04121,0.00733,0.00117,0.03356
160.19,ETH-27SEP19,1556708342649,open,0.63,0.0,0.625825,0.633428,0.628408,79.06,0.01,0.0,ETH-27SEP19-60-C,158.92,0.0,0.0,0.0,0.0,0.0,0.0,0.03651,-0.00969,0.23364,0.00044,0.986
158.92,index_price,1556708342647,open,0.0,610.0,0.0,5e-06,5e-06,110.02,0.001,0,ETH-3MAY19-210-C,158.92,0.0,0.0,0.0,0.001,110.0,185.55,0.0001,-0.00074,0.0,7e-05,0.00024
158.92,index_price,1556708342647,open,0.19,0.0,0.182017,0.19119,0.184408,79.16,None,0,ETH-10MAY19-130-C,158.92,67.42,0.183,10.0,0.187,10.0,93.28,0.02375,-0.1059,0.02976,0.00488,0.95439
159.82,ETH-28JUN19,1556708342650,open,0.06,2751.0,0.050151,0.135738,0.055397,63.52,0.055,0.0,ETH-28JUN19-180-C,158.92,62.59,0.054,157.0,0.056,10.0,63.93,0.23933,-0.13135,0.0786,0.0093,0.36557
159.82,ETH-28JUN19,1556708342650,open,0.51,0.0,0.499529,0.508518,0.501574,87.44,None,0.0,ETH-28JUN19-80-C,158.92,0.0,0.0,0.0,0.0,0.0,0.0,0.02455,-0.01855,0.12242,0.00069,0.98467
160.19,ETH-27SEP19,1556708342650,open,0.15,4367.0,0.151259,0.237651,0.155209,61.58,0.164,0.0,ETH-27SEP19-160-P,158.92,60.3,0.152,108.0,0.16,18.0,63.5,0.40009,-0.08275,-0.3764,0.00621,-0.42087
160.19,ETH-27SEP19,1556708342650,open,0.4,0.0,0.391522,0.434189,0.395238,63.83,None,0.0,ETH-27SEP19-100-C,158.92,0.0,0.0,0.0,0.0,0.0,0.0,0.16194,-0.03472,0.33832,0.00242,0.91304
159.82,ETH-28JUN19,1556708342650,open,1.24,0.0,1.252565,1.262817,1.257151,100.42,None,0.0,ETH-28JUN19-360-P,158.92,0.0,0.0,0.0,0.0,0.0,0.0,0.0475,-0.04121,-0.56349,0.00117,-0.96644
159.82,ETH-28JUN19,1556708342650,open,0.22,402.0,0.209577,0.273565,0.212184,62.62,0.194,0.0,ETH-28JUN19-130-C,158.92,58.37,0.208,8.0,0.214,8.0,64.41,0.16125,-0.08724,0.15648,0.00636,0.82967
159.82,ETH-28JUN19,1556708342650,open,0.02,4241.0,0.022992,0.08698,0.025548,62.57,0.024,0.0,ETH-28JUN19-130-P,158.92,61.02,0.024,172.0,0.027,32.0,64.0,0.16116,-0.08712,-0.0496,0.00636,-0.17019
159.82,ETH-28JUN19,1556708342650,open,0.87,0.0,0.877537,0.900961,0.88402,88.2,None,0.0,ETH-28JUN19-300-P,158.92,0.0,0.0,0.0,0.0,0.0,0.0,0.06864,-0.0523,-0.46404,0.00192,-0.94711
160.19,ETH-27SEP19,1556708342650,open,0.02,1537.0,0.015781,0.058448,0.019419,63.75,0.019,0.0,ETH-27SEP19-100-P,158.92,62.33,0.018,180.0,0.021,90.0,65.3,0.16169,-0.03462,-0.06939,0.00242,-0.08678
158.92,index_price,1556708342647,open,0.25,50.0,0.258495,0.25854,0.258461,0.0,0.206,0,ETH-3MAY19-200-P,158.92,0.0,0.0,0.0,0.336,1.0,500.0,0.0,0.0,-0.01028,0.0,-1.0
5231.01,BTC-28JUN19,1556708342651,open,1.67,1.3,1.67634742,1.67640983,1.67695437,91.31,2.415,0.0,BTC-28JUN19-14000-P,5304.29,0.0,0.0005,0.2,0.0,0.0,0.0,0.34237,-0.27009,-22.15603,1e-05,-0.99422
158.92,index_price,1556708342647,open,0.13,0.0,0.13378,0.157541,0.1416,74.51,None,0,ETH-10MAY19-180-P,158.92,67.07,0.139,10.0,0.143,10.0,78.17,0.05913,-0.24817,-0.03812,0.01292,-0.8447
5212.98,BTC-27SEP19,1556708342651,open,0.01,318.0,0.00140146,0.01164358,0.00766658,72.77,0.0095,0.0,BTC-27SEP19-2500-P,5304.29,71.39,0.007,15.0,0.0085,6.0,74.42,2.56512,-0.62694,-0.90459,3e-05,-0.03488
5231.01,BTC-28JUN19,1556708342652,open,0.01,1307.5,0.00144432,0.012783,0.00833881,68.04,0.0085,0.0,BTC-28JUN19-8000-C,5304.29,66.53,0.0075,30.0,0.009,20.0,69.18,2.9785,-1.75086,0.56121,0.0001,0.076
5212.98,BTC-27SEP19,1556708342652,open,0.72,42.8,0.71226351,0.71290332,0.71426107,93.0,0.6235,0.0,BTC-27SEP19-1500-C,5304.29,0.0,0.1,0.1,0.8,1.0,248.66,0.75581,-0.23607,5.89853,1e-05,0.99167
5212.98,BTC-27SEP19,1556708342652,open,0.02,641.1,0.00266909,0.02318083,0.01667714,74.28,0.0175,0.0,BTC-27SEP19-11000-C,5304.29,73.63,0.016,15.0,0.0175,0.1,75.06,5.43513,-1.35598,1.57271,7e-05,0.09064
5231.01,BTC-28JUN19,1556708342652,open,0.02,1574.5,0.00731211,0.02994618,0.0181512,63.67,0.0185,0.0,BTC-28JUN19-7000-C,5304.29,62.97,0.0175,0.1,0.0185,26.0,64.04,4.92793,-2.7105,1.12118,0.00018,0.15332
5231.01,BTC-28JUN19,1556708342652,open,1.29,10.0,1.29401305,1.29437646,1.29555136,87.84,1.243,0.0,BTC-28JUN19-12000-P,5304.29,0.0,0.0005,0.4,0.0,0.0,0.0,0.74058,-0.56198,-18.92477,2e-05,-0.98606
5212.98,BTC-27SEP19,1556708342652,open,0.36,261.1,0.34579555,0.37976037,0.357707,64.17,0.38,0.0,BTC-27SEP19-3500-C,5304.29,0.0,0.161,1.0,0.4345,1.0,114.04,6.64397,-1.43185,11.11399,9e-05,0.88041
5212.98,BTC-27SEP19,1556708342652,open,0.02,603.2,0.00598387,0.02700675,0.01538156,67.68,0.0175,0.0,BTC-27SEP19-3000-P,5304.29,66.61,0.0145,15.0,0.0165,21.0,69.0,4.3481,-0.98834,-1.76294,6e-05,-0.06753
5212.98,BTC-27SEP19,1556708342652,open,0.08,50.8,0.07044544,0.12700529,0.08356419,60.11,0.085,0.0,BTC-27SEP19-4500-P,5304.29,59.62,0.0825,12.0,0.086,3.0,61.24,11.25787,-2.27289,-7.78626,0.00017,-0.28263
5304.29,index_price,1556708342651,open,0.17,15.2,0.15980651,0.1890087,0.16728594,62.12,0.132,0,BTC-31MAY19-4500-C,5304.29,43.25,0.1565,8.0,0.164,5.0,57.13,3.62026,-3.76386,2.94121,0.00025,0.84473
5304.29,index_price,1556708342651,open,0.25,0.1,0.24702494,0.26127299,0.25130885,67.71,0.239,0,BTC-31MAY19-4000-C,5304.29,0.0,0.2415,3.0,0.25,3.0,63.6,1.81037,-2.05136,2.98955,0.00012,0.93989
5231.11,BTC-28JUN19,1556708342652,open,0.03,486.2,0.01090346,0.05195273,0.02697562,60.67,0.0265,0.0,BTC-28JUN19-6500-C,5304.29,59.4,0.0255,26.0,0.028,16.0,61.54,6.13915,-3.21773,1.58639,0.00023,0.21823
5231.11,BTC-28JUN19,1556708342652,open,0.01,425.7,0.00713099,0.02612245,0.01452775,61.21,0.014,0.0,BTC-28JUN19-4000-P,5304.29,61.17,0.0145,20.0,0.015,20.0,61.83,3.93486,-2.08073,-1.03877,0.00015,-0.11071
158.92,index_price,1556708342647,open,0.0,106.0,3.9e-05,0.009212,0.002378,78.81,0.002,0,ETH-10MAY19-130-P,158.92,76.13,0.002,50.0,0.003,50.0,82.76,0.02347,-0.10421,-0.00183,0.00485,-0.04496
5231.11,BTC-28JUN19,1556708342652,open,1.48,0.8,1.48513237,1.48528239,1.48623093,91.11,2.171,0.0,BTC-28JUN19-13000-P,5304.29,0.0,0.07,1.0,0.0,0.0,0.0,0.55326,-0.43547,-20.53975,1e-05,-0.99004
5304.29,index_price,1556708342651,open,0.0,185.1,5.2e-07,0.00154134,0.00070827,99.78,0.002,0,BTC-3MAY19-4625-P,5304.29,94.36,0.0005,7.9,0.001,36.0,105.93,0.22592,-3.75688,-0.00714,0.00016,-0.0255
5231.11,BTC-28JUN19,1556708342652,open,0.0,321.9,6.49e-06,0.00089034,0.00226531,84.33,0.001,0.0,BTC-28JUN19-11000-C,5304.29,79.88,0.0015,20.2,0.003,47.9,87.74,1.02597,-0.7475,0.15048,3e-05,0.02041
5212.98,BTC-27SEP19,1556708342652,open,0.2,12.5,0.17991057,0.24019819,0.19407111,60.12,0.226,0.0,BTC-27SEP19-4750-C,5304.29,53.61,0.179,3.0,0.2045,3.0,64.61,12.08705,-2.44039,10.07556,0.00018,0.66793
5212.98,BTC-27SEP19,1556708342652,open,0.02,657.5,0.00537212,0.03321499,0.02165531,71.65,0.0225,0.0,BTC-27SEP19-10000-C,5304.29,70.72,0.0205,25.0,0.0225,15.0,72.32,6.50598,-1.56565,2.00809,8e-05,0.1161
5212.98,BTC-27SEP19,1556708342650,open,0.52,0.0,0.48716483,0.55905236,0.52659999,64.27,None,0.0,BTC-27DEC19-7500-P,5304.29,0.0,0.0005,0.5,0.0,0.0,0.0,15.32008,-2.05245,-40.96602,0.00013,-0.66916
5212.98,BTC-27SEP19,1556708342652,open,1.31,6.1,1.30327971,1.31825325,1.31529292,76.84,1.9095,0.0,BTC-27SEP19-12000-P,5304.29,0.0,0.012,0.1,0.0,0.0,0.0,4.61802,-1.19178,-47.67636,5e-05,-0.92697
5231.11,BTC-28JUN19,1556708342652,open,0.0,137.0,1.5e-07,0.00015017,0.00102744,90.42,0.0015,0.0,BTC-28JUN19-13000-C,5304.29,83.76,0.0005,64.2,0.0015,26.9,94.49,0.52734,-0.41193,0.06968,1e-05,0.00943
5212.98,BTC-27SEP19,1556708342652,open,0.0,421.8,0.00017289,0.00363885,0.00423204,82.15,0.005,0.0,BTC-27SEP19-2000-P,5304.29,79.47,0.0035,15.0,0.005,16.0,84.69,1.5008,-0.41408,-0.48095,2e-05,-0.01839
5212.98,BTC-27SEP19,1556708342653,open,0.22,290.4,0.20721558,0.26377543,0.22037116,60.13,0.205,0.0,BTC-27SEP19-4500-C,5304.29,52.72,0.2045,3.0,0.233,3.0,65.95,11.25822,-2.27361,10.5671,0.00017,0.71735
5212.98,BTC-27SEP19,1556708342653,open,0.25,0.1,0.23749855,0.28943085,0.25107423,61.01,0.225,0.0,BTC-27SEP19-4250-C,5304.29,53.21,0.236,3.0,0.267,3.0,69.0,10.25677,-2.1016,10.90453,0.00015,0.76392
5231.11,BTC-28JUN19,1556708342653,open,0.72,6.6,0.72072991,0.72579005,0.72534583,73.85,0.704,0.0,BTC-28JUN19-9000-P,5304.29,0.0,0.7185,1.8,0.731,1.8,85.68,1.96522,-1.25379,-13.94002,6e-05,-0.95526
5212.98,BTC-27SEP19,1556708342653,open,0.53,57.5,0.52182932,0.53207143,0.52812019,72.83,0.389,0.0,BTC-27SEP19-2500-C,5304.29,0.0,0.001,0.4,0.556,1.0,109.91,2.56963,-0.6285,9.29024,3e-05,0.96505
5304.29,index_price,1556708342651,open,0.32,0.0,0.32132306,0.34079683,0.32608139,65.08,None,0,BTC-31MAY19-7000-P,5304.29,74.93,0.331,2.0,0.3405,2.0,89.59,2.28251,-2.48603,-5.40462,0.00015,-0.91876
5304.29,index_price,1556708342651,open,0.0,72.1,6.144e-05,0.00466705,0.00207359,77.25,0.003,0,BTC-31MAY19-3500-P,5304.29,76.77,0.002,1.0,0.0025,30.0,79.81,0.83298,-1.07689,-0.10973,5e-05,-0.0232
5231.11,BTC-28JUN19,1556708342653,open,0.01,421.4,0.001311,0.01000821,0.00701953,68.77,0.008,0.0,BTC-28JUN19-3500-P,5304.29,67.56,0.0065,20.0,0.008,31.0,70.93,2.29429,-1.36309,-0.50873,8e-05,-0.05431
5212.98,BTC-27SEP19,1556708342653,open,0.01,712.7,0.00133342,0.01630696,0.01342726,76.93,0.014,0.0,BTC-27SEP19-12000-C,5304.29,76.45,0.013,15.0,0.0135,0.1,77.01,4.63346,-1.19718,1.27415,5e-05,0.07335
5213.08,BTC-27SEP19,1556708342651,open,1.14,0.0,1.11751118,1.2182269,1.14741863,71.07,None,0.0,BTC-27DEC19-11000-P,5304.29,0.0,0.0005,0.2,0.0,0.0,0.0,10.14456,-1.50284,-68.20082,8e-05,-0.84326
5213.08,BTC-27SEP19,1556708342654,open,0.13,61.5,0.11464147,0.17771968,0.12950932,60.1,0.1405,0.0,BTC-27SEP19-5000-P,5304.29,59.07,0.127,12.0,0.1315,3.0,60.92,12.69531,-2.56242,-10.87293,0.00019,-0.38184
5231.11,BTC-28JUN19,1556708342654,open,0.0,681.3,3.43e-06,0.00044665,0.00167168,89.27,0.0015,0.0,BTC-28JUN19-2500-P,5304.29,87.85,0.0015,1.0,0.002,20.0,91.74,0.65396,-0.50433,-0.11399,2e-05,-0.01207
5231.11,BTC-28JUN19,1556708342654,open,0.0,1413.4,0.0,5e-07,0.00014682,110.0,0.0005,0.0,BTC-28JUN19-1500-P,5304.29,0.0,0.0,0.0,0.0005,50.0,124.85,0.07447,-0.07077,-0.01007,0.0,-0.00107
5231.11,BTC-28JUN19,1556708342654,open,0.0,871.5,0.00011713,0.00273607,0.00367284,79.07,0.0035,0.0,BTC-28JUN19-3000-P,5304.29,76.22,0.003,20.0,0.0045,27.9,82.19,1.30725,-0.89301,-0.25625,4e-05,-0.02722
5231.11,BTC-28JUN19,1556708342654,open,0.0,780.7,0.0,4.2e-07,0.00025119,109.78,0.0005,0.0,BTC-28JUN19-20000-C,5304.29,0.0,0.0,0.0,0.0005,11.4,116.6,0.14343,-0.13603,0.01609,0.0,0.00219
5213.08,BTC-27SEP19,1556708342652,open,0.01,82.0,0.0007492,0.02767813,0.00843899,74.05,0.0095,0.0,BTC-27DEC19-2000-P,5304.29,72.24,0.0075,15.0,0.0095,15.0,75.96,2.79347,-0.43115,-1.2817,2e-05,-0.02897
5304.29,index_price,1556708342651,open,0.02,274.6,0.00817642,0.0373786,0.01567184,62.14,0.0145,0,BTC-31MAY19-4500-P,5304.29,61.15,0.015,16.0,0.0165,10.4,63.35,3.62141,-3.76648,-0.74249,0.00025,-0.15534
5231.11,BTC-28JUN19,1556708342654,open,0.91,43.0,0.9116816,0.91381975,0.914948,79.74,0.89,0.0,BTC-28JUN19-10000-P,5304.29,0.0,0.907,1.6,0.9205,1.6,94.42,1.41451,-0.97446,-15.63555,4e-05,-0.97007
5304.29,index_price,1556708342651,open,0.15,5.2,0.1516301,0.15211896,0.1520647,108.12,0.134,0,BTC-3MAY19-4500-C,5304.29,0.0,0.1475,3.0,0.155,3.0,157.61,0.14705,-4.23807,0.22694,9e-05,0.98463
5231.11,BTC-28JUN19,1556708342654,open,0.01,563.8,0.00025375,0.0053139,0.00482035,73.72,0.004,0.0,BTC-28JUN19-9000-C,5304.29,71.4,0.004,20.0,0.0055,21.0,75.47,1.95337,-1.244,0.32834,6e-05,0.0444
158.92,index_price,1556708342648,open,0.31,0.0,0.32142,0.321424,0.321341,0.0,None,0,ETH-3MAY19-210-P,158.92,0.0,0.0,0.0,0.411,1.0,500.0,0.0,0.0,-0.01079,0.0,-1.0
5304.29,index_price,1556708342652,open,0.02,236.8,0.00968671,0.04415675,0.01783935,61.27,0.018,0,BTC-31MAY19-6250-C,5304.29,56.94,0.0145,16.0,0.0165,26.0,59.57,4.22451,-4.33181,0.78274,0.0003,0.19813
5213.08,BTC-27SEP19,1556708342651,open,0.54,0.0,0.52425442,0.5734165,0.53648434,68.31,None,0.0,BTC-27DEC19-2500-C,5304.29,0.0,0.0005,0.2,0.0,0.0,0.0,4.65838,-0.6633,14.01744,4e-05,0.94563
5304.29,index_price,1556708342651,open,0.0,306.5,0.00010708,0.00628892,0.00112998,72.98,0.001,0,BTC-3MAY19-4875-P,5304.29,71.18,0.001,25.0,0.002,26.0,82.93,0.39579,-5.99376,-0.0141,0.00038,-0.05058
5304.29,index_price,1556708342653,open,0.13,62.6,0.12157654,0.15806194,0.13089322,61.04,0.119,0,BTC-31MAY19-4750-C,5304.29,46.71,0.119,8.0,0.1265,5.0,55.96,4.67395,-4.77463,2.74887,0.00033,0.76404
5304.29,index_price,1556708342650,open,0.0,162.4,0.0,0.00048887,0.0004506,108.69,0.0005,0,BTC-3MAY19-4500-P,5304.29,0.0,0.0,0.0,0.001,17.9,123.38,0.15055,-2.39009,-0.00443,0.0001,-0.0158
5213.08,BTC-27SEP19,1556708342653,open,0.06,76.4,0.02160351,0.15201746,0.05686934,66.75,0.057,0.0,BTC-27DEC19-9000-C,5304.29,65.98,0.055,10.0,0.058,12.0,67.2,12.83471,-1.78565,5.93388,0.00011,0.23007
5304.29,index_price,1556708342653,open,0.01,89.9,0.00085236,0.01633114,0.00508891,67.72,0.005,0,BTC-31MAY19-7250-C,5304.29,66.04,0.0045,24.4,0.0055,21.0,68.83,1.91858,-2.17444,0.25906,0.00012,0.06476
5231.11,BTC-28JUN19,1556708342656,open,1.1,5.7,1.10281067,1.10369452,1.10512979,84.64,1.142,0.0,BTC-28JUN19-11000-P,5304.29,0.0,0.0005,0.4,0.0,0.0,0.0,1.04409,-0.76345,-17.28847,3e-05,-0.97917
5213.08,BTC-27SEP19,1556708342651,open,0.12,49.1,0.08260131,0.24244805,0.12739128,64.3,0.114,0.0,BTC-27DEC19-6500-C,5304.29,61.35,0.118,24.0,0.1235,9.0,63.08,16.63815,-2.22984,10.55201,0.00014,0.43539
5213.08,BTC-27SEP19,1556708342656,open,0.1,746.6,0.08368698,0.14934205,0.10237019,61.48,0.0975,0.0,BTC-27SEP19-6000-C,5304.29,60.54,0.1,10.0,0.104,10.0,62.13,13.10959,-2.70683,7.08874,0.00019,0.43575
5304.29,index_price,1556708342653,open,0.16,0.0,0.14752111,0.18692077,0.15762099,61.29,None,0,BTC-31MAY19-6000-P,5304.29,61.69,0.158,2.0,0.167,2.0,70.9,5.01044,-5.13954,-3.85709,0.00035,-0.73078
5213.08,BTC-27SEP19,1556708342653,open,0.05,76.5,0.0282161,0.12774152,0.05135427,63.13,0.056,0.0,BTC-27DEC19-3500-P,5304.29,62.41,0.05,12.0,0.053,17.0,63.99,9.87453,-1.29935,-6.91483,9e-05,-0.15048
5213.08,BTC-27SEP19,1556708342657,open,0.4,0.0,0.38711789,0.41450031,0.39785725,65.72,None,0.0,BTC-27SEP19-3250-C,5304.29,0.0,0.003,0.2,0.0,0.0,0.0,5.4432,-1.20134,10.87222,7e-05,0.90918
5231.11,BTC-28JUN19,1556708342657,open,0.0,405.2,0.0,2.626e-05,0.00050306,94.96,0.001,0.0,BTC-28JUN19-15000-C,5304.29,0.0,0.0,0.0,0.001,25.1,101.89,0.28522,-0.23398,0.03484,1e-05,0.0047
5213.08,BTC-27SEP19,1556708342657,open,0.07,1002.0,0.05276592,0.10469657,0.06631293,60.99,0.0675,0.0,BTC-27SEP19-4250-P,5304.29,60.07,0.0645,15.0,0.068,12.0,61.85,10.25604,-2.10096,-6.42888,0.00015,-0.23604
158.92,index_price,1556708342647,open,0.19,0.0,0.195703,0.209971,0.200422,80.8,None,0,ETH-10MAY19-190-P,158.92,0.0,0.0,0.0,0.264,2.0,215.1,0.0395,-0.17977,-0.043,0.00796,-0.91224
5213.08,BTC-27SEP19,1556708342659,open,0.0,1670.3,6.8e-06,0.00064653,0.0019889,92.89,0.002,0.0,BTC-27SEP19-1500-P,5304.29,89.19,0.0015,150.0,0.0025,2.0,96.18,0.75208,-0.23463,-0.21832,1e-05,-0.00828
5213.08,BTC-27SEP19,1556708342651,open,0.63,0.0,0.61709884,0.64402777,0.62480188,74.07,None,0.0,BTC-27DEC19-2000-C,5304.29,0.0,0.0005,0.2,0.0,0.0,0.0,2.79576,-0.43165,11.86075,2e-05,0.971
5213.08,BTC-27SEP19,1556708342651,open,0.23,58.9,0.19396451,0.35162004,0.23040592,61.33,0.232,0.0,BTC-27DEC19-5500-P,5304.29,60.27,0.227,9.0,0.2325,5.0,61.99,16.69332,-2.13417,-23.10488,0.00015,-0.44399
5213.08,BTC-27SEP19,1556708342659,open,0.4,10.2,0.3859713,0.44466553,0.40581232,63.33,0.8,0.0,BTC-27SEP19-7000-P,5304.29,58.83,0.396,1.5,0.415,1.5,67.42,11.56359,-2.45968,-23.52791,0.00016,-0.7007
5304.29,index_price,1556708342652,open,0.0,367.6,0.00020079,0.01005141,0.00237704,66.37,0.002,0,BTC-3MAY19-5000-P,5304.29,63.32,0.002,34.5,0.003,26.0,70.98,0.6811,-12.05009,-0.02868,0.00071,-0.10285
158.92,index_price,1556708342647,open,0.01,171.0,0.001135,0.024896,0.009026,74.7,0.01,0,ETH-10MAY19-180-C,158.92,71.89,0.008,40.0,0.01,42.0,77.26,0.0593,-0.24954,0.00568,0.01293,0.15599
5304.29,index_price,1556708342656,open,0.3,0.0,0.29332867,0.30189111,0.29615505,71.32,None,0,BTC-31MAY19-3750-C,5304.29,0.0,0.287,3.0,0.295,3.0,65.51,1.19504,-1.42645,2.90032,7e-05,0.96418
5304.29,index_price,1556708342650,open,0.2,0.0,0.19876176,0.19881363,0.19879857,106.54,None,0,BTC-3MAY19-4250-C,5304.29,0.0,0.1945,3.0,0.202,3.0,198.14,0.02016,-0.57242,0.21795,1e-05,0.99836
5304.29,index_price,1556708342651,open,0.01,77.1,0.00261264,0.02785017,0.00664394,64.76,0.0065,0,BTC-10MAY19-4750-P,5304.29,62.73,0.006,25.0,0.0075,35.0,67.35,1.71626,-6.26114,-0.17164,0.00039,-0.12643
5304.29,index_price,1556708342652,open,0.19,0.0,0.18797825,0.22244828,0.19615309,61.3,None,0,BTC-31MAY19-6250-P,5304.29,64.19,0.1985,2.0,0.208,2.0,75.02,4.22618,-4.33549,-4.33249,0.0003,-0.80174
5304.29,index_price,1556708342650,open,0.0,142.9,0.00078412,0.01187728,0.00228454,64.3,0.0025,0,BTC-3MAY19-5625-C,5304.29,62.06,0.002,2.0,0.0025,36.0,65.91,0.69399,-11.89477,0.02815,0.00075,0.10554
5304.29,index_price,1556708342650,open,0.01,140.5,0.00316952,0.01819266,0.00508998,60.02,0.0055,0,BTC-3MAY19-5125-P,5304.29,59.58,0.005,14.2,0.0055,21.0,62.0,1.08319,-17.32954,-0.05751,0.00125,-0.2059
5304.29,index_price,1556708342657,open,0.24,0.0,0.23095499,0.26015556,0.23723298,61.31,None,0,BTC-31MAY19-6500-P,5304.29,67.54,0.2415,2.0,0.251,2.0,79.62,3.41048,-3.49918,-4.75506,0.00024,-0.85799
158.92,index_price,1556708342647,open,0.13,180.0,0.119978,0.140531,0.125385,70.39,0.132,0,ETH-10MAY19-140-C,158.92,65.54,0.124,10.0,0.128,10.0,78.54,0.04757,-0.18863,0.02942,0.011,0.88679
5304.29,index_price,1556708342651,open,0.0,140.5,0.0,0.00013694,0.0001368,109.99,0.0005,0,BTC-3MAY19-6500-C,5304.29,0.0,0.0,0.0,0.0005,10.6,128.92,0.06043,-0.72561,0.00148,4e-05,0.00556
5213.08,BTC-27SEP19,1556708342662,open,0.62,28.2,0.6165225,0.6199881,0.62059449,82.2,0.608,0.0,BTC-27SEP19-2000-C,5304.29,0.0,0.001,0.3,0.641,1.0,122.66,1.50345,-0.41505,7.67554,2e-05,0.98157
5304.29,index_price,1556708342650,open,0.0,78.9,0.00201583,0.02778179,0.00487497,61.8,0.0055,0,BTC-10MAY19-6000-C,5304.29,58.66,0.004,127.0,0.0055,35.0,63.88,1.54725,-5.38623,0.13457,0.00037,0.10921
5304.29,index_price,1556708342656,open,0.1,107.7,0.08871487,0.13077669,0.09599245,57.1,0.092,0,BTC-31MAY19-5000-C,5304.29,49.29,0.088,17.0,0.092,12.0,53.22,5.48745,-5.24371,2.4975,0.00042,0.67124
5213.08,BTC-27SEP19,1556708342653,open,0.01,121.5,6.286e-05,0.01103786,0.00462209,83.97,0.0045,0.0,BTC-27DEC19-1500-P,5304.29,80.01,0.0035,10.0,0.005,15.0,85.17,1.59954,-0.27996,-0.67191,1e-05,-0.01499
5213.08,BTC-27SEP19,1556708342651,open,0.02,20.7,0.00158733,0.06786247,0.02335593,76.62,0.022,0.0,BTC-27DEC19-14000-C,5304.29,75.66,0.022,15.0,0.0245,15.0,77.41,7.43316,-1.18716,2.63621,5e-05,0.1003
5304.29,index_price,1556708342652,open,0.37,0.0,0.36767054,0.38314932,0.37193286,67.79,None,0,BTC-31MAY19-7250-P,5304.29,79.31,0.377,2.0,0.3865,2.0,95.08,1.9238,-2.18264,-5.67428,0.00012,-0.93502
5304.29,index_price,1556708342652,open,0.01,88.4,0.00163655,0.02111031,0.00636999,65.02,0.007,0,BTC-31MAY19-7000-C,5304.29,62.92,0.0055,20.0,0.007,21.0,66.45,2.27802,-2.47893,0.32415,0.00015,0.08103
5304.29,index_price,1556708342656,open,0.03,155.6,0.0170781,0.05356351,0.02641167,61.06,0.0285,0,BTC-31MAY19-4750-P,5304.29,60.02,0.0255,16.0,0.027,10.0,61.72,4.67453,-4.77671,-1.13936,0.00033,-0.23602
5304.29,index_price,1556708342651,open,0.01,168.0,0.00305533,0.02715278,0.00832451,62.62,0.008,0,BTC-31MAY19-6750-C,5304.29,60.99,0.0075,20.0,0.009,30.0,63.9,2.75164,-2.88367,0.41795,0.00019,0.10459
5304.29,index_price,1556708342655,open,0.01,180.6,0.0055318,0.03473236,0.01178668,61.27,0.0105,0,BTC-31MAY19-6500-C,5304.29,59.22,0.0105,20.0,0.012,31.0,61.6,3.40781,-3.49439,0.56466,0.00024,0.14184
5304.29,index_price,1556708342651,open,0.0,275.9,6e-08,0.00212495,0.00072739,89.78,0.001,0,BTC-3MAY19-6000-C,5304.29,84.55,0.0005,64.4,0.001,35.0,94.85,0.25775,-3.8583,0.00794,0.0002,0.02986
5304.29,index_price,1556708342652,open,0.0,222.3,3.7e-07,0.00273663,0.00093916,87.54,0.0005,0,BTC-3MAY19-4750-P,5304.29,78.47,0.0005,26.0,0.0015,42.9,96.01,0.3055,-4.98159,-0.01026,0.00024,-0.03671
5304.29,index_price,1556708342652,open,0.11,6.0,0.10711107,0.1323486,0.11112549,64.71,0.103,0,BTC-10MAY19-4750-C,5304.29,20.08,0.1045,3.0,0.112,3.0,67.35,1.71461,-6.25008,0.98366,0.00039,0.87375
5304.29,index_price,1556708342652,open,0.03,174.0,0.02608954,0.06607994,0.03000981,56.39,0.0325,0,BTC-10MAY19-5250-P,5304.29,59.63,0.032,1.9,0.033,15.0,61.26,3.25736,-10.34726,-0.60116,0.00084,-0.43606
5304.29,index_price,1556708342652,open,0.11,21.0,0.10449881,0.10723506,0.10542071,87.24,0.101,0,BTC-3MAY19-4750-C,5304.29,0.0,0.101,3.0,0.108,3.0,117.1,0.30232,-7.03072,0.23397,0.00024,0.96376
5304.29,index_price,1556708342652,open,0.05,550.8,0.04147246,0.08690625,0.05112008,58.56,0.045,0,BTC-31MAY19-5500-C,5304.29,52.69,0.0445,0.1,0.047,12.0,54.91,6.00119,-5.88126,1.72003,0.00045,0.44729
5213.08,BTC-27SEP19,1556708342651,open,0.72,0.0,0.71232509,0.72330009,0.71689426,84.0,None,0.0,BTC-27DEC19-1500-C,5304.29,0.0,0.007,0.2,0.0,0.0,0.0,1.60153,-0.28042,9.18491,1e-05,0.98499
5231.11,BTC-28JUN19,1556708342664,open,0.02,167.9,0.0098213,0.04415417,0.02248438,59.7,0.024,0.0,BTC-28JUN19-4250-P,5304.29,58.68,0.0215,31.0,0.0235,10.0,60.74,5.07802,-2.61925,-1.51756,0.0002,-0.16047
5213.08,BTC-27SEP19,1556708342654,open,0.26,10.2,0.22760584,0.36618142,0.25942086,61.46,0.2335,0.0,BTC-27DEC19-4500-C,5304.29,55.38,0.2425,5.0,0.275,5.0,67.04,14.5381,-1.86246,15.33059,0.00013,0.7069
5213.08,BTC-27SEP19,1556708342658,open,0.07,43.7,0.03702417,0.1821364,0.07321152,64.3,0.0775,0.0,BTC-27DEC19-8000-C,5304.29,64.04,0.0725,10.0,0.0765,22.0,65.48,14.40483,-1.93058,7.33796,0.00013,0.2874
5213.08,BTC-27SEP19,1556708342657,open,0.03,61.0,0.00440512,0.09208318,0.0306166,72.6,0.029,0.0,BTC-27DEC19-12000-C,5304.29,71.65,0.029,15.0,0.032,15.0,73.4,8.98215,-1.35933,3.43517,7e-05,0.13088
5213.08,BTC-27SEP19,1556708342653,open,0.15,82.2,0.10737811,0.26784841,0.15346193,64.3,0.1485,0.0,BTC-27DEC19-6000-C,5304.29,60.75,0.142,14.0,0.148,14.0,62.61,16.85905,-2.25953,11.74819,0.00015,0.49637
159.82,ETH-28JUN19,1556708342665,open,0.04,5490.0,0.040455,0.114784,0.043196,62.15,0.048,0.0,ETH-28JUN19-140-P,158.92,60.43,0.041,159.0,0.045,10.0,63.56,0.20437,-0.10974,-0.07558,0.00812,-0.25504
5304.29,index_price,1556708342652,open,0.18,0.1,0.17829153,0.17887521,0.17889422,110.53,0.222,0,BTC-3MAY19-6250-P,5304.29,0.0,0.1755,2.0,0.183,2.0,163.9,0.19285,-5.68189,-0.31559,0.00012,-0.97887
5213.08,BTC-27SEP19,1556708342653,open,0.37,0.1,0.32946497,0.48931171,0.3742178,64.28,0.311,0.0,BTC-27DEC19-6500-P,5304.29,0.0,0.005,0.1,0.0,0.0,0.0,16.63782,-2.2294,-32.16597,0.00014,-0.56466
5304.29,index_price,1556708342652,open,0.06,47.4,0.05756757,0.06741819,0.05972604,66.23,0.059,0,BTC-3MAY19-5000-C,5304.29,37.69,0.0575,5.0,0.0595,0.1,64.43,0.67891,-11.98614,0.22839,0.00071,0.89761
5304.29,index_price,1556708342654,open,0.07,99.3,0.06199153,0.10711354,0.07001135,57.1,0.0655,0,BTC-31MAY19-5250-C,5304.29,51.34,0.0635,5.1,0.0655,1.0,53.11,5.99109,-5.72521,2.11653,0.00046,0.55751
5213.08,BTC-27SEP19,1556708342654,open,0.32,37.5,0.28692973,0.40832359,0.31465094,61.93,0.303,0.0,BTC-27DEC19-4000-C,5304.29,53.77,0.2955,5.0,0.333,5.0,69.53,12.45103,-1.60723,16.00792,0.00011,0.7819
5304.29,index_price,1556708342652,open,0.0,221.8,2.169e-05,0.00654015,0.00108521,68.66,0.0005,0,BTC-3MAY19-5750-C,5304.29,59.47,0.0005,61.6,0.0015,40.6,73.54,0.41203,-5.75624,0.01421,0.00042,0.05321
5213.08,BTC-27SEP19,1556708342653,open,0.78,0.0,0.74803012,0.87844406,0.78323633,66.72,None,0.0,BTC-27DEC19-9000-P,5304.29,0.0,0.001,0.5,0.0,0.0,0.0,12.8303,-1.78439,-53.21635,0.00011,-0.77007
5213.08,BTC-27SEP19,1556708342652,open,0.38,5.8,0.35682798,0.4563534,0.37998932,63.14,0.37,0.0,BTC-27DEC19-3500-C,5304.29,0.0,0.255,1.0,0.68,3.0,209.56,9.87556,-1.29973,16.08535,9e-05,0.8495
5231.11,BTC-28JUN19,1556708342666,open,0.0,312.6,2e-08,6.245e-05,0.00058139,90.92,0.001,0.0,BTC-28JUN19-14000-C,5304.29,0.0,0.0,0.0,0.001,45.9,96.26,0.33162,-0.26047,0.04139,1e-05,0.00557
5213.08,BTC-27SEP19,1556708342653,open,0.6,0.0,0.57162559,0.71673783,0.60775996,64.28,None,0.0,BTC-27DEC19-8000-P,5304.29,0.0,0.001,0.5,0.0,0.0,0.0,14.40223,-1.92965,-45.23948,0.00013,-0.71271
5213.08,BTC-27SEP19,1556708342652,open,0.04,252.7,0.00743422,0.10814994,0.03741453,71.11,0.037,0.0,BTC-27DEC19-11000-C,5304.29,70.64,0.0365,10.0,0.0375,12.0,71.15,10.15309,-1.50489,4.09485,8e-05,0.15694
5304.29,index_price,1556708342666,open,0.28,0.0,0.27561019,0.29970763,0.28090336,62.66,None,0,BTC-31MAY19-6750-P,5304.29,71.44,0.286,2.0,0.2955,2.0,84.76,2.75529,-2.88964,-5.10628,0.00019,-0.89522
5213.08,BTC-27SEP19,1556708342654,open,0.21,52.1,0.17858238,0.32916109,0.21344966,61.34,0.2115,0.0,BTC-27DEC19-5000-C,5304.29,60.71,0.2115,5.0,0.216,9.0,62.18,15.95273,-2.03975,14.28022,0.00015,0.63027
5213.08,BTC-27SEP19,1556708342666,open,0.32,0.0,0.30693243,0.34736582,0.31952799,62.78,None,0.0,BTC-27SEP19-3750-C,5304.29,0.0,0.032,0.1,0.0,0.0,0.0,7.87805,-1.66097,11.20786,0.00011,0.84663
5304.29,index_price,1556708342666,open,0.21,8.0,0.20210754,0.22350407,0.2077668,64.05,0.1625,0,BTC-31MAY19-4250-C,5304.29,0.0,0.1985,0.8,0.206,3.0,60.28,2.59778,-2.78488,3.01993,0.00018,0.90334
5304.29,index_price,1556708342656,open,0.04,173.4,0.03134809,0.07340992,0.03864345,57.11,0.044,0,BTC-31MAY19-5000-P,5304.29,59.87,0.0415,16.0,0.044,1.4,62.27,5.48766,-5.24548,-1.59527,0.00042,-0.32879
5304.29,index_price,1556708342663,open,0.34,0.0,0.34021818,0.34482379,0.34221789,77.17,None,0,BTC-31MAY19-3500-C,5304.29,0.0,0.333,3.0,0.341,3.0,67.17,0.82997,-1.07189,2.75555,5e-05,0.9769
5304.29,index_price,1556708342656,open,0.01,119.3,0.00113152,0.01537957,0.00542965,67.75,0.0065,0,BTC-31MAY19-4000-P,5304.29,66.46,0.005,10.1,0.006,21.4,69.37,1.81272,-2.05529,-0.28499,0.00012,-0.06021
5304.29,index_price,1556708342659,open,0.0,85.3,0.00030359,0.00886603,0.0031433,71.38,0.004,0,BTC-31MAY19-3750-P,5304.29,70.74,0.003,1.0,0.0035,30.0,72.91,1.19789,-1.43103,-0.16961,7e-05,-0.03592
5304.29,index_price,1556708342653,open,0.01,222.1,0.00334578,0.02474231,0.00902015,64.09,0.009,0,BTC-31MAY19-4250-P,5304.29,63.01,0.0085,20.0,0.01,29.6,66.04,2.59959,-2.78816,-0.45921,0.00018,-0.09675
5304.29,index_price,1556708342650,open,0.2,0.0,0.19880781,0.20710482,0.20070669,82.14,None,0,BTC-10MAY19-4250-C,5304.29,0.0,0.194,3.0,0.2015,3.0,87.91,0.65999,-3.05389,0.98401,0.00012,0.9636
5213.08,BTC-27SEP19,1556708342653,open,0.03,41.5,0.00263234,0.07884541,0.02640986,74.6,0.029,0.0,BTC-27DEC19-13000-C,5304.29,73.68,0.025,15.0,0.0275,15.0,75.29,8.12247,-1.26305,2.98091,6e-05,0.11342
5213.08,BTC-27SEP19,1556708342654,open,0.46,0.0,0.4365701,0.51110283,0.45454849,65.26,None,0.0,BTC-27DEC19-3000-C,5304.29,0.0,0.1,10.0,0.0,0.0,0.0,7.15843,-0.97381,15.42288,6e-05,0.90472
160.2,ETH-27SEP19,1556708342669,open,0.88,1.0,0.883666,0.935585,0.900384,74.35,1.018,0.0,ETH-27SEP19-300-P,158.92,0.0,0.0,0.0,0.926,1.0,89.95,0.22686,-0.05665,-1.15078,0.00291,-0.86078
160.2,ETH-27SEP19,1556708342675,open,0.88,1.0,0.883666,0.935585,0.900384,74.35,1.018,0.0,ETH-27SEP19-300-P,158.92,0.0,0.0,0.0,0.927,2.0,90.49,0.22686,-0.05665,-1.15078,0.00291,-0.86078
5213.0,BTC-27SEP19,1556708343147,open,0.44,0.0,0.40612435,0.56273142,0.44856105,64.28,None,0.0,BTC-27DEC19-7000-P,5304.29,0.0,0.001,0.5,0.0,0.0,0.0,16.09311,-2.15639,-36.60254,0.00014,-0.61983
160.2,ETH-27SEP19,1556708343647,open,1.25,0.0,1.250723,1.284439,1.265986,80.73,None,0.0,ETH-27SEP19-360-P,158.93,0.0,0.0,0.0,1.278,1.0,90.52,0.17248,-0.04677,-1.41879,0.00204,-0.90533
160.2,ETH-27SEP19,1556708343648,open,0.04,5391.0,0.042744,0.105313,0.04565,61.77,0.045,0.0,ETH-27SEP19-120-P,158.93,61.38,0.045,141.0,0.047,60.0,62.58,0.26495,-0.05497,-0.14501,0.0041,-0.17628
160.2,ETH-27SEP19,1556708343647,open,0.12,328.0,0.106836,0.195826,0.11393,62.8,0.115,0.0,ETH-27SEP19-180-C,158.93,62.04,0.112,119.0,0.117,18.0,64.01,0.40652,-0.08574,0.22883,0.00618,0.46413
159.82,ETH-28JUN19,1556708343648,open,0.17,537.0,0.164469,0.238798,0.167246,62.18,0.172,0.0,ETH-28JUN19-140-C,158.93,58.84,0.163,8.0,0.169,8.0,63.55,0.2044,-0.1098,0.14639,0.00812,0.7449
159.83,ETH-28JUN19,1556708343648,open,0.33,10.0,0.316757,0.355484,0.319777,66.9,0.265,0.0,ETH-28JUN19-110-C,158.93,0.0,0.0,0.0,0.0,0.0,0.0,0.07808,-0.04513,0.1566,0.00288,0.9377
160.2,ETH-27SEP19,1556708343649,open,0.54,142.0,0.532875,0.607602,0.548181,68.17,0.527,0.0,ETH-27SEP19-240-P,158.93,60.07,0.533,10.0,0.556,10.0,72.04,0.31707,-0.0726,-0.85568,0.00444,-0.76136
5304.38,index_price,1556708343650,open,0.02,527.5,0.01658547,0.05579904,0.021015,57.68,0.0195,0,BTC-10MAY19-5500-C,5304.38,51.6,0.0175,20.0,0.0195,20.0,55.08,3.09547,-10.05895,0.43765,0.00078,0.36031
160.19,ETH-27SEP19,1556708343666,open,0.77,0.0,0.764064,0.823346,0.780784,72.21,None,0.0,ETH-27SEP19-280-P,158.93,0.0,0.0,0.0,0.813,1.0,89.98,0.25244,-0.06122,-1.05671,0.00334,-0.83652
160.19,ETH-27SEP19,1556708343667,open,0.77,0.0,0.764064,0.823346,0.780784,72.21,None,0.0,ETH-27SEP19-280-P,158.93,0.0,0.0,0.0,0.814,2.0,90.48,0.25244,-0.06122,-1.05671,0.00334,-0.83652
5304.38,index_price,1556708344509,open,0.01,159.9,0.00632638,0.03982534,0.00945994,57.69,0.0085,0,BTC-10MAY19-5750-C,5304.38,55.44,0.0085,20.0,0.01,30.0,58.93,2.29594,-7.46115,0.24213,0.00058,0.19717
5213.09,BTC-27SEP19,1556708344578,open,0.05,140.8,0.03807321,0.08457357,0.05113647,61.71,0.052,0.0,BTC-27SEP19-4000-P,5304.38,61.05,0.05,12.0,0.0525,12.0,62.48,9.10385,-1.88669,-5.17785,0.00013,-0.19238
5304.38,index_price,1556708344586,open,0.04,226.3,0.02659195,0.06990108,0.03736155,60.36,0.03,0,BTC-31MAY19-5750-C,5304.38,53.82,0.0305,0.1,0.033,16.0,56.23,5.63092,-5.68871,1.36478,0.00041,0.3517
5304.9,index_price,1556708345316,open,0.01,159.9,0.00634143,0.03985668,0.00945994,57.65,0.0085,0,BTC-10MAY19-5750-C,5304.9,55.4,0.0085,20.0,0.0095,20.0,57.74,2.29717,-7.46059,0.24233,0.00058,0.19732
5213.52,BTC-27SEP19,1556708345325,open,0.08,106.1,0.05420933,0.1755899,0.08194394,61.94,0.0925,0.0,BTC-27DEC19-4000-P,5304.9,61.33,0.0805,12.0,0.084,17.0,62.8,12.45077,-1.60739,-10.27907,0.00011,-0.21806
5304.9,index_price,1556708345343,open,0.01,176.5,0.00694612,0.02638483,0.01093782,54.72,0.0115,0,BTC-3MAY19-5250-P,5304.9,53.13,0.0105,1.0,0.0125,20.0,60.39,1.45683,-21.25155,-0.10873,0.00184,-0.3879
5304.9,index_price,1556708345380,open,0.12,76.3,0.11052343,0.15383963,0.12137137,60.44,0.1265,0,BTC-31MAY19-5750-P,5304.9,64.3,0.1255,12.0,0.129,3.1,67.55,5.63417,-5.69917,-3.33998,0.0004,-0.64783
5304.9,index_price,1556708345402,open,0.09,0.0,0.09024499,0.12376024,0.09346976,57.9,None,0,BTC-10MAY19-5750-P,5304.9,64.59,0.0965,5.0,0.0995,5.0,70.8,2.30496,-7.51767,-1.1546,0.00058,-0.80157
5231.21,BTC-28JUN19,1556708345413,open,0.11,775.0,0.10162835,0.13949588,0.11205448,56.91,0.1165,0.0,BTC-28JUN19-5000-C,5304.9,55.22,0.1095,17.0,0.114,17.0,58.19,7.9135,-3.89045,4.23636,0.00032,0.62278
5304.9,index_price,1556708345421,open,0.09,201.1,0.07829423,0.12373053,0.08801318,58.62,0.092,0,BTC-31MAY19-5500-P,5304.9,62.14,0.092,12.0,0.095,0.1,64.78,6.00267,-5.88894,-2.78037,0.00044,-0.55231
5213.52,BTC-27SEP19,1556708345427,open,0.1,42.6,0.0633511,0.21996417,0.10580377,64.29,0.1,0.0,BTC-27DEC19-7000-C,5304.9,62.4,0.1,17.0,0.104,12.0,63.7,16.0959,-2.1569,9.40376,0.00014,0.38026
5231.21,BTC-28JUN19,1556708345435,open,0.03,136.8,0.02389326,0.05412503,0.03370279,58.55,0.033,0.0,BTC-28JUN19-4500-P,5304.9,57.95,0.033,10.0,0.035,21.0,59.64,6.21438,-3.14324,-2.12857,0.00024,-0.22291
5231.21,BTC-28JUN19,1556708345442,open,0.05,147.5,0.03172212,0.08018263,0.04888389,57.76,0.05,0.0,BTC-28JUN19-4750-P,5304.9,56.39,0.047,16.0,0.05,16.0,58.57,7.20381,-3.59461,-2.86469,0.00029,-0.29648
5231.21,BTC-28JUN19,1556708345447,open,0.12,72.4,0.10175194,0.15708248,0.12191161,57.83,0.1325,0.0,BTC-28JUN19-5500-P,5304.9,56.3,0.1195,12.0,0.124,17.0,59.15,8.26673,-4.12981,-5.49712,0.00033,-0.54081
5304.9,index_price,1556708345454,open,0.08,5.1,0.08114434,0.08731001,0.08207652,71.81,0.0775,0,BTC-3MAY19-4875-C,5304.9,0.0,0.08,5.0,0.0825,5.0,77.21,0.37775,-7.2304,0.23723,0.00036,0.9523
5304.9,index_price,1556708345463,open,0.08,25.6,0.08392554,0.09046168,0.08509684,69.94,0.093,0,BTC-3MAY19-5750-P,5304.9,61.24,0.0845,5.0,0.088,5.0,94.87,0.43417,-8.09485,-0.28032,0.00043,-0.94316
5213.52,BTC-27SEP19,1556708345474,open,0.12,117.2,0.09078735,0.22935184,0.12259178,61.47,0.1305,0.0,BTC-27DEC19-4500-P,5304.9,60.53,0.12,17.0,0.1245,17.0,62.14,14.53805,-1.86275,-14.24215,0.00013,-0.29305
5304.9,index_price,1556708345485,open,0.06,9.9,0.05339404,0.09261553,0.05783124,57.81,0.1045,0,BTC-10MAY19-5500-P,5304.9,58.84,0.0585,15.0,0.062,15.0,64.77,3.09806,-10.08949,-0.89888,0.00078,-0.63891
5304.9,index_price,1556708345491,open,0.04,90.2,0.03822495,0.05371716,0.04082965,56.15,0.0395,0,BTC-3MAY19-5500-P,5304.9,53.99,0.0405,5.0,0.043,5.0,66.23,1.03262,-15.45563,-0.23192,0.00127,-0.80981
5213.41,BTC-27SEP19,1556708345493,open,0.09,12.0,0.0484645,0.1203577,0.08797074,64.29,0.092,0.0,BTC-27DEC19-7500-C,5304.9,63.11,0.0845,10.0,0.0885,12.0,64.48,15.32414,-2.05355,8.32694,0.00013,0.33099
5304.9,index_price,1556708345500,open,0.08,25.6,0.08392554,0.09046168,0.08499568,69.94,0.093,0,BTC-3MAY19-5750-P,5304.9,68.73,0.085,5.0,0.088,5.0,94.87,0.43417,-8.09485,-0.28032,0.00043,-0.94316
5213.0,BTC-27SEP19,1556708345501,open,0.11,62.5,0.09109603,0.15138341,0.10523091,60.1,0.094,0.0,BTC-27SEP19-4750-P,5304.9,59.36,0.1035,12.0,0.1075,3.0,61.08,12.08698,-2.4398,-9.2978,0.00018,-0.33206
5231.21,BTC-28JUN19,1556708345509,open,0.04,2391.8,0.03096783,0.06702003,0.04409872,59.48,0.047,0.0,BTC-28JUN19-6000-C,5304.9,58.7,0.043,10.0,0.0445,16.0,59.76,7.47404,-3.84031,2.30979,0.00029,0.32256
158.94,index_price,1556708345647,open,0.13,703.0,0.119165,0.120847,0.119573,85.67,0.126,0,ETH-3MAY19-140-C,158.94,0.0,0.118,10.0,0.122,10.0,123.57,0.00504,-0.1152,0.00704,0.00454,0.982
158.94,index_price,1556708345647,open,0.02,151.0,0.007837,0.042039,0.019179,68.46,0.017,0,ETH-10MAY19-150-P,158.94,64.24,0.017,40.0,0.02,40.0,70.03,0.0828,-0.31935,-0.0114,0.01969,-0.27571
158.94,index_price,1556708345647,open,0.25,0.0,0.258348,0.266364,0.261569,89.39,None,0,ETH-10MAY19-200-P,158.94,0.0,0.0,0.0,0.335,1.0,254.13,0.02843,-0.14316,-0.04655,0.00518,-0.94282
158.94,index_price,1556708345647,open,0.0,5.0,1.1e-05,0.008027,0.003153,88.94,0.003,0,ETH-10MAY19-200-C,158.94,88.06,0.003,10.0,0.004,50.0,93.43,0.02805,-0.14052,0.00205,0.00513,0.0562
158.94,index_price,1556708345647,open,0.19,100.0,0.182081,0.182204,0.182153,103.87,0.14,0,ETH-3MAY19-130-C,158.94,0.0,0.18,10.0,0.184,10.0,164.36,0.00107,-0.02976,0.00665,0.0008,0.9969
158.94,index_price,1556708345647,open,0.0,267.0,0.0,0.000123,0.000123,110.03,0.002,0,ETH-3MAY19-130-P,158.94,0.0,0.0,0.0,0.001,110.0,146.22,0.0016,-0.01954,-4e-05,0.00112,-0.00483
158.94,index_price,1556708345647,open,0.08,279.0,0.064085,0.098287,0.075368,68.35,0.085,0,ETH-10MAY19-150-C,158.94,63.75,0.073,10.0,0.077,10.0,71.46,0.08276,-0.31866,0.02509,0.01971,0.72457
158.94,index_price,1556708345648,open,0.0,608.0,0.0,0.001683,0.000464,87.34,0.001,0,ETH-3MAY19-140-P,158.94,0.0,0.0,0.0,0.001,100.0,99.37,0.00547,-0.07381,-0.00017,0.00482,-0.0198
158.94,index_price,1556708345647,open,0.25,60.0,0.244998,0.245001,0.244954,0.0,0.22,0,ETH-3MAY19-120-C,158.94,0.0,0.0,0.0,0.331,1.0,500.0,0.0,0.0,0.00617,0.0,1.0
158.94,index_price,1556708345647,open,0.04,246.0,0.024874,0.065293,0.038493,66.91,0.044,0,ETH-10MAY19-160-C,158.94,64.51,0.037,40.0,0.041,147.0,70.94,0.09887,-0.37266,0.01766,0.02406,0.4954
160.2,ETH-27SEP19,1556708345653,open,0.77,0.0,0.76396,0.823249,0.780784,72.28,None,0.0,ETH-27SEP19-280-P,158.94,0.0,0.0,0.0,0.813,1.0,90.03,0.25281,-0.06137,-1.05655,0.00334,-0.83617
160.2,ETH-27SEP19,1556708345656,open,0.77,0.0,0.76396,0.823249,0.780784,72.28,None,0.0,ETH-27SEP19-280-P,158.94,0.0,0.0,0.0,0.813,2.0,90.03,0.25281,-0.06137,-1.05655,0.00334,-0.83617
160.21,ETH-27SEP19,1556708345658,open,0.88,1.0,0.883554,0.935479,0.900494,74.5,1.018,0.0,ETH-27SEP19-300-P,158.94,0.0,0.0,0.0,0.926,1.0,90.01,0.22771,-0.05698,-1.15043,0.00292,-0.86003
160.21,ETH-27SEP19,1556708345660,open,0.88,1.0,0.883554,0.935479,0.900494,74.5,1.018,0.0,ETH-27SEP19-300-P,158.94,0.0,0.0,0.0,0.926,2.0,90.01,0.22771,-0.05698,-1.15043,0.00292,-0.86003
5213.41,BTC-27SEP19,1556708345848,open,1.89,0.0,1.87816221,1.93589491,1.8983229,78.67,None,0.0,BTC-27DEC19-15000-P,5304.9,0.0,0.0,0.0,0.0,0.0,0.0,6.8857,-1.12906,-96.20573,5e-05,-0.9096
5213.41,BTC-27SEP19,1556708345850,open,1.33,0.1,1.30616329,1.39385066,1.33232937,72.58,0.001,0.0,BTC-27DEC19-12000-P,5304.9,0.0,0.002,1.0,0.0,0.0,0.0,8.9769,-1.35799,-75.43055,7e-05,-0.86924
5231.7,BTC-28JUN19,1556708345870,open,0.0,334.8,1e-06,0.00036492,0.00151917,87.68,0.0015,0.0,BTC-28JUN19-12000-C,5304.9,83.43,0.001,20.0,0.002,26.9,90.79,0.734,-0.55601,0.10183,2e-05,0.01379
5231.7,BTC-28JUN19,1556708345875,open,0.27,6.0,0.25334297,0.29440676,0.26952692,60.76,0.285,0.0,BTC-28JUN19-6500-P,5304.9,56.35,0.2645,2.0,0.2755,2.0,65.69,6.14915,-3.22766,-8.71633,0.00023,-0.78119
5231.7,BTC-28JUN19,1556708345899,open,0.29,30.0,0.28507783,0.3036476,0.29298567,64.24,0.298,0.0,BTC-28JUN19-3750-C,5304.9,56.43,0.289,3.0,0.298,3.0,72.23,2.99139,-1.66021,5.23114,0.00011,0.92358
5231.7,BTC-28JUN19,1556708345918,open,0.34,143.4,0.33231033,0.34100087,0.33801593,68.77,0.36,0.0,BTC-28JUN19-3500-C,5304.9,55.7,0.3335,3.0,0.3425,3.0,77.79,2.29335,-1.36262,5.04127,8e-05,0.94572
5213.41,BTC-27SEP19,1556708345918,open,0.29,240.2,0.27080808,0.31730276,0.28388047,61.71,0.281,0.0,BTC-27SEP19-4000-C,5304.9,0.0,0.165,2.0,0.3835,2.0,114.21,9.10354,-1.88682,11.1377,0.00013,0.80765
5231.7,BTC-28JUN19,1556708345918,open,0.21,4.5,0.19745281,0.23177022,0.2101067,59.7,0.2105,0.0,BTC-28JUN19-4250-C,5304.9,55.89,0.2065,3.0,0.2155,3.0,65.09,5.0761,-2.61818,5.22241,0.0002,0.83965
5231.7,BTC-28JUN19,1556708345925,open,1.86,2.0,1.86713688,1.86716318,1.86762411,94.65,2.658,0.0,BTC-28JUN19-15000-P,5304.9,0.0,0.0005,0.2,0.0,0.0,0.0,0.2785,-0.22774,-23.75059,1e-05,-0.99542
5213.41,BTC-27SEP19,1556708345929,open,0.93,2.0,0.92350559,0.95135532,0.93974978,71.62,1.8325,0.0,BTC-27SEP19-10000-P,5304.9,0.0,0.008,0.2,0.0,0.0,0.0,6.50165,-1.56385,-38.78145,8e-05,-0.88403
5213.41,BTC-27SEP19,1556708345934,open,0.57,2.5,0.55627426,0.60423249,0.57577107,65.81,1.278,0.0,BTC-27SEP19-8000-P,5304.9,0.0,0.004,0.3,0.0,0.0,0.0,9.57898,-2.1173,-29.05562,0.00013,-0.79063
5213.41,BTC-27SEP19,1556708345942,open,1.51,0.0,1.49620291,1.57242477,1.51993092,74.57,None,0.0,BTC-27DEC19-13000-P,5304.9,0.0,0.0005,0.2,0.0,0.0,0.0,8.11575,-1.26142,-82.45727,6e-05,-0.88672
5213.41,BTC-27SEP19,1556708345978,open,0.06,984.4,0.04320799,0.1019065,0.06307026,63.34,0.064,0.0,BTC-27SEP19-7000-C,5304.9,62.18,0.0605,22.0,0.0645,12.0,63.99,11.56605,-2.46055,5.02528,0.00016,0.29939
5304.9,index_price,1556708345985,open,0.02,7.0,0.02195469,0.0401219,0.02319529,54.58,0.045,0,BTC-3MAY19-5375-P,5304.9,53.87,0.023,0.1,0.025,15.0,61.18,1.44327,-20.99987,-0.17643,0.00183,-0.62397
5231.7,BTC-28JUN19,1556708345991,open,0.0,515.7,2e-08,3.147e-05,0.0009883,105.83,0.001,0.0,BTC-28JUN19-2000-P,5304.9,97.3,0.0005,24.0,0.0015,11.9,112.05,0.3721,-0.34021,-0.06082,1e-05,-0.00634
5231.7,BTC-28JUN19,1556708345994,open,0.53,24.6,0.53058657,0.54193437,0.53762487,68.28,0.609,0.0,BTC-28JUN19-8000-P,5304.9,55.56,0.532,2.0,0.5435,2.0,77.15,3.0066,-1.77363,-12.11729,0.0001,-0.92307
5304.9,index_price,1556708346022,open,0.0,51.5,0.00045094,0.01601966,0.00333903,72.34,0.004,0,BTC-10MAY19-4500-P,5304.9,67.78,0.0025,26.0,0.004,31.9,75.54,1.04723,-4.26757,-0.08799,0.00021,-0.06487
5213.41,BTC-27SEP19,1556708346049,open,1.7,0.0,1.68697054,1.75325385,1.70868553,76.58,None,0.0,BTC-27DEC19-14000-P,5304.9,0.0,0.0005,0.2,0.0,0.0,0.0,7.42503,-1.18524,-89.37437,5e-05,-0.89986
5231.7,BTC-28JUN19,1556708346071,open,0.52,24.4,0.52214728,0.52258996,0.52381632,89.29,0.5115,0.0,BTC-28JUN19-2500-C,5304.9,0.0,0.519,3.0,0.5275,3.0,108.93,0.65415,-0.50458,3.85006,2e-05,0.98793
5231.7,BTC-28JUN19,1556708346092,open,0.0,90.2,0.00017169,0.00738353,0.00491746,73.27,0.0055,0.0,BTC-28JUN19-3250-P,5304.9,71.96,0.0045,20.0,0.0055,30.0,74.99,1.71174,-1.08349,-0.35377,5e-05,-0.03773
5231.7,BTC-28JUN19,1556708346126,open,0.14,117.0,0.12376766,0.17221829,0.14087213,57.72,0.137,0.0,BTC-28JUN19-4750-C,5304.9,54.9,0.137,8.0,0.145,5.0,60.71,7.20214,-3.59139,4.66927,0.00029,0.70374
5231.7,BTC-28JUN19,1556708346130,open,0.35,19.5,0.34531975,0.3679664,0.35628007,63.79,0.7515,0.0,BTC-28JUN19-7000-P,5304.9,57.2,0.3505,2.0,0.3615,2.0,69.04,4.94336,-2.72414,-9.97345,0.00018,-0.84598
5231.7,BTC-28JUN19,1556708346147,open,2.82,0.4,2.82284917,2.82284959,2.82345853,118.76,5.076,0.0,BTC-28JUN19-20000-P,5304.9,0.0,0.0005,0.2,0.0,0.0,0.0,0.2836,-0.29098,-31.679,1e-05,-0.99533
5213.3,BTC-27SEP19,1556708346147,open,0.96,0.3,0.93081199,1.04597706,0.96314899,68.75,1.4475,0.0,BTC-27DEC19-10000-P,5304.9,0.0,0.1,0.3,0.0,0.0,0.0,11.34614,-1.62594,-60.86309,9e-05,-0.81328
5231.7,BTC-28JUN19,1556708346156,open,0.71,33.3,0.71328631,0.71328681,0.71340622,107.97,0.7165,0.0,BTC-28JUN19-1500-C,5304.9,0.0,0.7095,3.0,0.717,3.0,164.98,0.06383,-0.05954,2.36997,0.0,0.9991
5213.41,BTC-27SEP19,1556708346157,open,0.03,325.1,0.01083775,0.0479684,0.02890453,68.62,0.029,0.0,BTC-27SEP19-9000-C,5304.9,67.68,0.0275,12.0,0.03,12.0,69.34,7.84124,-1.8071,2.62335,0.0001,0.15227
5213.3,BTC-27SEP19,1556708346163,open,0.75,0.0,0.73719006,0.77431877,0.75519773,68.58,None,0.0,BTC-27SEP19-9000-P,5304.9,0.0,0.002,0.3,0.0,0.0,0.0,7.83405,-1.80443,-34.08885,0.0001,-0.84793
5231.7,BTC-28JUN19,1556708346169,open,0.62,20.1,0.6177151,0.61774655,0.61866758,105.32,0.578,0.0,BTC-28JUN19-2000-C,5304.9,0.0,0.614,3.0,0.622,3.0,132.51,0.36289,-0.3302,3.11222,1e-05,0.99383
5231.7,BTC-28JUN19,1556708346173,open,0.38,0.1,0.3789587,0.38617054,0.38364629,73.09,0.395,0.0,BTC-28JUN19-3250-C,5304.9,0.0,0.3785,3.0,0.3875,3.0,83.15,1.70073,-1.07389,4.80249,5e-05,0.96257
5213.3,BTC-27SEP19,1556708346173,open,1.12,3.1,1.11265826,1.13317431,1.12678285,74.39,1.9215,0.0,BTC-27SEP19-11000-P,5304.9,0.0,0.002,0.3,0.0,0.0,0.0,5.4556,-1.36307,-43.28671,7e-05,-0.9089
5213.3,BTC-27SEP19,1556708346182,open,0.25,9.5,0.23460312,0.30025901,0.25332213,61.49,0.235,0.0,BTC-27SEP19-6000-P,5304.9,56.97,0.242,1.5,0.2645,1.5,65.92,13.11064,-2.70766,-17.38277,0.00019,-0.56415
5231.7,BTC-28JUN19,1556708346182,open,0.19,35.4,0.17784571,0.21390394,0.19097458,59.47,0.2,0.0,BTC-28JUN19-6000-P,5304.9,55.96,0.186,1.5,0.196,3.0,62.96,7.47597,-3.84107,-7.20293,0.00029,-0.67731
5231.7,BTC-28JUN19,1556708346216,open,0.0,852.0,4.152e-05,0.00218178,0.00325427,79.53,0.003,0.0,BTC-28JUN19-10000-C,5304.9,76.47,0.0025,20.0,0.004,20.0,82.14,1.40019,-0.96206,0.21821,4e-05,0.02956
5231.7,BTC-28JUN19,1556708346216,open,0.43,43.8,0.42668953,0.42930589,0.43019034,78.86,0.433,0.0,BTC-28JUN19-3000-C,5304.9,0.0,0.425,3.0,0.434,3.0,91.24,1.29588,-0.88292,4.50346,4e-05,0.97307
5231.7,BTC-28JUN19,1556708346216,open,0.18,216.2,0.1637316,0.19395486,0.17348124,58.5,0.164,0.0,BTC-28JUN19-4500-C,5304.9,55.1,0.1695,8.0,0.1775,5.0,61.85,6.21102,-3.13899,5.00932,0.00024,0.77734
5304.9,index_price,1556708346239,open,0.03,293.7,0.01638407,0.05579626,0.02647247,61.27,0.0215,0,BTC-31MAY19-6000-C,5304.9,55.33,0.021,16.0,0.023,16.0,57.54,5.01234,-5.14002,1.05467,0.00036,0.26937
5213.41,BTC-27SEP19,1556708346249,open,0.17,113.7,0.13767551,0.28824823,0.17251561,61.33,0.1715,0.0,BTC-27DEC19-5000-P,5304.9,60.68,0.1705,5.0,0.175,12.1,62.15,15.95318,-2.03953,-18.57723,0.00015,-0.36969
5213.3,BTC-27SEP19,1556708346258,open,0.02,18.3,0.01054668,0.03792552,0.02127312,65.7,0.021,0.0,BTC-27SEP19-3250-P,5304.9,64.96,0.0205,15.0,0.0225,31.0,66.87,5.44161,-1.2008,-2.38272,7e-05,-0.09078
160.21,ETH-27SEP19,1556708346402,open,0.54,142.0,0.532791,0.607524,0.548017,68.17,0.527,0.0,ETH-27SEP19-240-P,158.94,58.97,0.531,10.0,0.556,10.0,72.08,0.31712,-0.07261,-0.85566,0.00444,-0.76132
5304.9,index_price,1556708346410,open,0.06,9.9,0.05339404,0.09261553,0.05783124,57.81,0.1045,0,BTC-10MAY19-5500-P,5304.9,59.69,0.059,15.0,0.062,15.0,64.77,3.09806,-10.08949,-0.89888,0.00078,-0.63891
5304.9,index_price,1556708346417,open,0.07,65.6,0.06724308,0.10186582,0.07182873,59.54,0.073,0,BTC-10MAY19-5000-C,5304.9,48.34,0.0665,5.0,0.069,5.0,53.81,2.61185,-8.7599,0.87881,0.00064,0.75301
5304.9,index_price,1556708346429,open,0.04,130.0,0.03706236,0.05206546,0.03897398,59.63,0.0345,0,BTC-3MAY19-5125-C,5304.9,46.72,0.0365,5.1,0.0385,5.0,57.64,1.07646,-17.11196,0.20647,0.00125,0.79628
5231.7,BTC-28JUN19,1556708346431,open,0.07,190.7,0.05040501,0.1057375,0.0705569,57.82,0.074,0.0,BTC-28JUN19-5500-C,5304.9,57.47,0.07,5.0,0.0715,12.0,58.42,8.26782,-4.12994,3.22518,0.00033,0.45934
5213.41,BTC-27SEP19,1556708346444,open,0.18,51.9,0.13895066,0.29660285,0.17541014,61.34,0.171,0.0,BTC-27DEC19-5500-C,5304.9,60.43,0.1725,5.0,0.1775,5.0,61.99,16.694,-2.13446,13.04232,0.00015,0.55607
5231.7,BTC-28JUN19,1556708346446,open,0.07,319.9,0.05738995,0.09525302,0.06785625,56.93,0.065,0.0,BTC-28JUN19-5000-P,5304.9,56.04,0.0665,16.0,0.07,21.0,58.35,7.91332,-3.89225,-3.69099,0.00032,-0.37708
5304.9,index_price,1556708346452,open,0.06,6.2,0.06113054,0.07224526,0.06263879,65.02,0.0645,0,BTC-3MAY19-5625-P,5304.9,63.24,0.0625,5.0,0.065,5.0,79.66,0.70879,-12.28488,-0.26009,0.00075,-0.89134
5213.41,BTC-27SEP19,1556708346463,open,0.17,817.6,0.15554469,0.21861996,0.17039407,60.09,0.1715,0.0,BTC-27SEP19-5000-C,5304.9,59.11,0.168,9.0,0.173,3.0,61.16,12.69552,-2.56216,9.52263,0.00019,0.61821
5231.67,BTC-28JUN19,1556708346647,open,0.01,5.3,0.00176783,0.02442107,0.01189811,65.54,0.012,0.0,BTC-28JUN19-7500-C,5304.81,64.28,0.011,20.0,0.0125,20.0,66.36,3.80695,-2.15553,0.77833,0.00013,0.10572
5231.67,BTC-28JUN19,1556708346647,open,0.44,0.0,0.43534449,0.45799773,0.44560083,65.71,None,0.0,BTC-28JUN19-7500-P,5304.81,56.89,0.44,2.0,0.4515,2.0,73.04,3.82587,-2.17195,-11.10895,0.00013,-0.89355
5304.81,index_price,1556708346647,open,0.22,0.9,0.22530307,0.22544055,0.22541981,108.08,0.2715,0,BTC-3MAY19-6500-P,5304.81,0.0,0.2225,2.0,0.2305,2.0,196.52,0.05386,-1.55179,-0.33273,3e-05,-0.99511
5304.81,index_price,1556708346647,open,0.0,162.0,0.0,0.00058564,0.00058315,109.93,0.0005,0,BTC-3MAY19-6250-C,5304.81,107.48,0.0005,3.0,0.001,43.9,119.7,0.18889,-3.09352,0.00546,0.00012,0.02061
5304.81,index_price,1556708346647,open,0.13,0.0,0.13307066,0.15885503,0.1359186,61.74,None,0,BTC-10MAY19-6000-P,5304.81,58.45,0.135,2.0,0.143,2.0,81.56,1.54716,-5.38124,-1.32446,0.00037,-0.89082
5304.81,index_price,1556708346647,open,0.0,307.6,0.00144585,0.0169344,0.00405232,55.73,0.0035,0,BTC-3MAY19-5500-C,5304.81,52.81,0.0035,13.3,0.0045,30.0,58.01,1.02602,-15.24349,0.05021,0.00127,0.18823
5304.81,index_price,1556708346647,open,0.0,24.0,4.585e-05,0.00833318,0.00195493,82.25,0.003,0,BTC-10MAY19-4250-P,5304.81,78.32,0.0015,45.0,0.0025,42.9,86.32,0.6618,-3.06639,-0.04963,0.00012,-0.03652
5304.81,index_price,1556708346647,open,0.0,235.9,0.0,5.166e-05,5.162e-05,109.99,0.0005,0,BTC-3MAY19-4250-P,5304.81,0.0,0.0,0.0,0.0005,11.0,143.09,0.02606,-0.27383,-0.00061,2e-05,-0.00218
158.94,index_price,1556708346651,open,0.07,190.0,0.056701,0.066569,0.060267,76.7,0.06,0,ETH-3MAY19-150-C,158.94,0.0,0.001,10.0,0.062,10.0,86.88,0.02536,-0.51848,0.00653,0.02547,0.86001
5304.81,index_price,1556708346647,open,0.0,107.0,0.00054262,0.01899368,0.00272534,66.47,0.0025,0,BTC-10MAY19-6250-C,5304.81,65.27,0.0025,25.0,0.003,10.3,67.85,1.02358,-3.83261,0.07774,0.00023,0.06299
5304.81,index_price,1556708346647,open,0.02,325.4,0.01728437,0.03672474,0.02124755,54.62,0.0205,0,BTC-3MAY19-5250-C,5304.81,50.06,0.02,0.1,0.021,1.0,53.72,1.45679,-21.20967,0.16108,0.00184,0.61212
158.94,index_price,1556708346780,open,0.0,0.0,0.0,3e-06,3e-06,110.0,None,0,ETH-3MAY19-120-P,158.94,0.0,0.0,0.0,0.001,110.0,194.97,7e-05,-0.00049,0.0,5e-05,-0.00016
158.94,index_price,1556708346784,open,0.01,2607.0,0.000453,0.010321,0.004019,76.7,0.002,0,ETH-3MAY19-150-P,158.94,69.97,0.003,50.0,0.005,208.0,82.61,0.02536,-0.51848,-0.00118,0.02547,-0.13999
160.21,ETH-27SEP19,1556708346818,open,0.06,391.0,0.050839,0.132532,0.061365,64.93,0.059,0.0,ETH-27SEP19-220-C,158.94,64.77,0.061,160.0,0.066,10.0,67.04,0.34946,-0.07621,0.14851,0.00514,0.28863
159.84,ETH-28JUN19,1556708346818,open,0.0,2537.0,0.0,0.001636,0.001098,109.99,0.002,0.0,ETH-28JUN19-500-C,158.94,108.9,0.001,100.0,0.002,10.0,117.75,0.01478,-0.01405,0.00189,0.00033,0.00855
159.84,ETH-28JUN19,1556708346823,open,0.1,1374.0,0.094637,0.180695,0.097835,62.03,0.09,0.0,ETH-28JUN19-160-C,158.94,59.6,0.094,84.0,0.1,10.0,63.4,0.25212,-0.1351,0.11398,0.01003,0.54754
159.84,ETH-28JUN19,1556708346823,open,0.08,1342.0,0.069558,0.156738,0.073584,62.56,0.08,0.0,ETH-28JUN19-170-C,158.94,60.92,0.071,140.0,0.074,10.0,62.82,0.25201,-0.1362,0.09568,0.00994,0.45111
159.84,ETH-28JUN19,1556708346823,open,0.28,1942.0,0.276156,0.352887,0.286848,68.9,0.314,0.0,ETH-28JUN19-200-P,158.94,56.24,0.272,10.0,0.289,1.0,70.59,0.20153,-0.11995,-0.26322,0.00722,-0.7517
160.21,ETH-27SEP19,1556708346831,open,0.02,257.0,0.007519,0.052674,0.024075,76.62,0.021,0.0,ETH-27SEP19-320-C,158.94,75.77,0.023,30.0,0.025,10.0,77.33,0.20607,-0.05302,0.06344,0.00257,0.12116
160.21,ETH-27SEP19,1556708346831,open,1.0,1.0,1.004898,1.050052,1.02146,76.62,0.93,0.0,ETH-27SEP19-320-P,158.94,0.0,0.0,0.0,1.043,1.0,90.96,0.20609,-0.05303,-1.24176,0.00257,-0.87882
159.84,ETH-28JUN19,1556708346833,open,0.01,2097.0,0.002333,0.042421,0.011142,80.09,0.012,0.0,ETH-28JUN19-260-C,158.94,78.21,0.01,140.0,0.012,40.0,81.44,0.09989,-0.06911,0.01896,0.00308,0.08597
160.21,ETH-27SEP19,1556708346833,open,0.04,654.0,0.023702,0.09074,0.040043,70.16,0.039,0.0,ETH-27SEP19-260-C,158.94,69.0,0.038,24.0,0.041,10.0,70.7,0.28286,-0.06665,0.10182,0.00385,0.19586
160.21,ETH-27SEP19,1556708346840,open,0.3,147.0,0.293714,0.356276,0.296606,61.76,0.283,0.0,ETH-27SEP19-120-C,158.94,0.0,0.0,0.0,0.0,0.0,0.0,0.26491,-0.05495,0.34449,0.0041,0.82378
159.84,ETH-28JUN19,1556708346849,open,0.01,2198.0,0.004985,0.043703,0.008004,66.9,0.008,0.0,ETH-28JUN19-110-P,158.94,64.78,0.007,5.0,0.009,40.0,68.88,0.07806,-0.04511,-0.01781,0.00288,-0.06227
160.21,ETH-27SEP19,1556708346853,open,0.32,1713.0,0.32236,0.40926,0.331638,63.89,0.353,0.0,ETH-27SEP19-200-P,158.94,59.85,0.322,60.0,0.34,10.0,67.34,0.38532,-0.08268,-0.63031,0.00576,-0.63294
159.84,ETH-28JUN19,1556708346853,open,0.04,2468.0,0.024904,0.101636,0.035519,68.83,0.035,0.0,ETH-28JUN19-200-C,158.94,68.42,0.035,161.0,0.036,102.0,69.22,0.20141,-0.11977,0.05386,0.00722,0.24803
159.84,ETH-28JUN19,1556708346857,open,0.01,330.0,0.000179,0.017969,0.006054,92.86,0.009,0.0,ETH-28JUN19-320-C,158.94,89.92,0.005,250.0,0.007,50.0,95.25,0.06064,-0.04865,0.00994,0.00161,0.04529
160.2,ETH-27SEP19,1556708346878,open,0.23,4380.0,0.230432,0.319421,0.237526,62.8,0.255,0.0,ETH-27SEP19-180-P,158.94,61.41,0.234,79.0,0.243,28.0,64.95,0.40652,-0.08574,-0.50535,0.00618,-0.53587
160.21,ETH-27SEP19,1556708346914,open,0.01,533.0,0.000401,0.014165,0.011394,91.41,0.012,0.0,ETH-27SEP19-480-C,158.94,90.86,0.011,30.0,0.012,13.0,92.23,0.11573,-0.03553,0.02926,0.00121,0.05617
158.94,index_price,1556708346914,open,0.02,1025.0,0.00985,0.028333,0.016602,68.86,0.018,0,ETH-3MAY19-160-C,158.94,63.22,0.015,277.0,0.018,11.0,73.78,0.04518,-0.82937,0.00359,0.05054,0.45622
160.21,ETH-27SEP19,1556708346940,open,0.43,745.0,0.424037,0.50573,0.434648,64.97,0.38,0.0,ETH-27SEP19-220-P,158.94,59.98,0.424,60.0,0.445,10.0,69.63,0.34958,-0.07628,-0.74875,0.00514,-0.71117
160.21,ETH-27SEP19,1556708346942,open,0.01,1700.0,0.003695,0.026108,0.007024,68.0,0.01,0.0,ETH-27SEP19-80-P,158.94,65.82,0.006,180.0,0.008,30.0,69.92,0.07844,-0.01791,-0.02724,0.0011,-0.03467
160.21,ETH-27SEP19,1556708346942,open,0.09,845.0,0.073998,0.160898,0.083199,63.86,0.074,0.0,ETH-27SEP19-200-C,158.94,63.36,0.082,128.0,0.087,34.0,65.43,0.38527,-0.08263,0.1854,0.00576,0.36692
159.84,ETH-28JUN19,1556708346949,open,0.33,1514.0,0.331003,0.401678,0.340161,68.94,0.37,0.0,ETH-28JUN19-210-P,158.94,55.52,0.327,10.0,0.342,1.0,70.59,0.17588,-0.10475,-0.29005,0.0063,-0.80427
159.84,ETH-28JUN19,1556708346963,open,0.13,539.0,0.126166,0.207967,0.129276,62.11,0.118,0.0,ETH-28JUN19-150-C,158.94,59.21,0.125,24.0,0.131,24.0,63.27,0.23618,-0.12672,0.13153,0.00939,0.64824
160.21,ETH-27SEP19,1556708346963,open,1.12,0.0,1.127362,1.166443,1.143425,78.78,None,0.0,ETH-27SEP19-340-P,158.94,0.0,0.0,0.0,1.16,1.0,90.95,0.1883,-0.04982,-1.33089,0.00228,-0.89324
159.84,ETH-28JUN19,1556708346965,open,0.13,5296.0,0.133122,0.220301,0.137214,62.6,0.148,0.0,ETH-28JUN19-170-P,158.94,61.83,0.136,24.0,0.138,10.0,63.1,0.25202,-0.13629,-0.17387,0.00994,-0.54879
159.84,ETH-28JUN19,1556708346965,open,0.01,1368.0,0.000426,0.023862,0.007026,88.46,0.007,0.0,ETH-28JUN19-300-C,158.94,85.98,0.006,190.0,0.008,50.0,90.62,0.06933,-0.05298,0.01179,0.00193,0.05355
160.21,ETH-27SEP19,1556708346968,open,0.02,1012.0,0.002434,0.031479,0.017388,83.14,0.018,0.0,ETH-27SEP19-380-C,158.94,81.74,0.016,30.0,0.018,10.0,83.74,0.16166,-0.04514,0.04532,0.00186,0.08675
160.21,ETH-27SEP19,1556708346968,open,0.65,1.0,0.646572,0.71361,0.663004,70.22,0.573,0.0,ETH-27SEP19-260-P,158.94,0.0,0.067,19.0,0.703,1.0,90.22,0.28309,-0.06676,-0.95855,0.00385,-0.80387
158.94,index_price,1556708346971,open,0.04,417.0,0.031543,0.071962,0.045191,66.95,0.041,0,ETH-10MAY19-160-P,158.94,63.43,0.043,40.0,0.047,40.0,69.86,0.09887,-0.37292,-0.02125,0.02404,-0.50457
160.21,ETH-27SEP19,1556708346973,open,0.05,393.0,0.034757,0.10949,0.049971,68.13,0.048,0.0,ETH-27SEP19-240-C,158.94,66.61,0.047,226.0,0.051,10.0,68.64,0.31695,-0.07252,0.12315,0.00444,0.23843
159.84,ETH-28JUN19,1556708347004,open,0.02,649.0,0.011729,0.075942,0.021139,70.83,0.017,0.0,ETH-28JUN19-220-C,158.94,69.64,0.02,32.0,0.021,10.0,70.69,0.1553,-0.09503,0.03537,0.00541,0.16069
159.84,ETH-28JUN19,1556708347028,open,0.01,3332.0,0.011561,0.063227,0.014257,63.88,0.015,0.0,ETH-28JUN19-120-P,158.94,62.11,0.013,190.0,0.016,100.0,66.24,0.11564,-0.06382,-0.0302,0.00447,-0.10488
159.84,ETH-28JUN19,1556708347030,open,0.5,1723.0,0.506811,0.558233,0.516365,75.47,0.536,0.0,ETH-28JUN19-240-P,158.94,55.54,0.505,10.0,0.517,1.0,76.29,0.12327,-0.08038,-0.35526,0.00403,-0.88536
159.84,ETH-28JUN19,1556708347037,open,2.1,0.0,2.128128,2.129764,2.129422,111.99,None,0.0,ETH-28JUN19-500-P,158.94,0.0,0.0,0.0,0.0,0.0,0.0,0.01665,-0.0161,-0.79067,0.00037,-0.99021
160.21,ETH-27SEP19,1556708347037,open,0.02,492.0,0.005147,0.044228,0.021078,78.67,0.021,0.0,ETH-27SEP19-340-C,158.94,77.74,0.02,30.0,0.022,10.0,79.45,0.18771,-0.04959,0.05569,0.00228,0.1063
160.21,ETH-27SEP19,1556708347042,open,1.73,0.0,1.74721,1.765728,1.758835,87.32,None,0.0,ETH-27SEP19-440-P,158.94,0.0,0.0,0.0,0.0,0.0,0.0,0.12611,-0.03698,-1.76184,0.00138,-0.93733
158.94,index_price,1556708347042,open,0.25,0.0,0.244999,0.248152,0.245976,89.32,None,0,ETH-10MAY19-120-C,158.94,0.0,0.0,0.0,0.326,3.0,330.37,0.01119,-0.05631,0.02843,0.00204,0.98158
159.84,ETH-28JUN19,1556708347046,open,0.39,1139.0,0.388106,0.452318,0.397602,70.92,0.4,0.0,ETH-28JUN19-220-P,158.94,55.6,0.385,10.0,0.405,10.0,78.09,0.15555,-0.0953,-0.31339,0.00541,-0.83892
158.94,index_price,1556708347046,open,0.02,488.0,0.016519,0.035002,0.023271,68.86,0.018,0,ETH-3MAY19-160-P,158.94,64.39,0.022,30.0,0.025,11.0,74.94,0.04518,-0.82937,-0.00463,0.05054,-0.54378
159.84,ETH-28JUN19,1556708347049,open,0.22,2407.0,0.224305,0.306203,0.22909,63.56,0.261,0.0,ETH-28JUN19-190-P,158.94,59.01,0.223,10.0,0.231,10.0,64.96,0.21751,-0.11944,-0.23827,0.00845,-0.71101
159.84,ETH-28JUN19,1556708347049,open,0.01,1555.0,0.005309,0.056732,0.014769,75.35,0.017,0.0,ETH-28JUN19-240-C,158.94,74.34,0.014,40.0,0.015,10.0,75.65,0.12291,-0.08001,0.02519,0.00403,0.11417
160.21,ETH-27SEP19,1556708347051,open,0.02,169.0,0.001683,0.02668,0.014931,84.05,0.014,0.0,ETH-27SEP19-400-C,158.94,83.01,0.014,30.0,0.016,3.0,85.2,0.14554,-0.04108,0.03957,0.00165,0.07548
159.84,ETH-28JUN19,1556708347054,open,0.09,3007.0,0.095638,0.181696,0.098836,62.03,0.13,0.0,ETH-28JUN19-160-P,158.94,61.5,0.098,24.0,0.101,10.0,63.4,0.25212,-0.1351,-0.13973,0.01003,-0.45246
159.84,ETH-28JUN19,1556708347064,open,0.04,636.0,0.035616,0.117515,0.040327,63.51,0.044,0.0,ETH-28JUN19-190-C,158.94,64.0,0.041,165.0,0.042,10.0,64.73,0.21743,-0.1193,0.06296,0.00845,0.28875
159.84,ETH-28JUN19,1556708347068,open,0.06,5356.0,0.064605,0.146406,0.067773,62.15,0.074,0.0,ETH-28JUN19-150-P,158.94,60.95,0.066,143.0,0.07,10.0,63.65,0.23619,-0.12681,-0.10634,0.00938,-0.35179
159.84,ETH-28JUN19,1556708347068,open,0.75,0.0,0.752756,0.783529,0.760576,84.65,None,0.0,ETH-28JUN19-280-P,158.94,0.0,0.0,0.0,0.0,0.0,0.0,0.08309,-0.06076,-0.42911,0.00242,-0.9325
160.21,ETH-27SEP19,1556708347072,open,0.16,263.0,0.152498,0.238885,0.156494,61.6,0.146,0.0,ETH-27SEP19-160-C,158.94,59.8,0.152,28.0,0.16,18.0,63.0,0.40011,-0.08277,0.27627,0.0062,0.57927
159.84,ETH-28JUN19,1556708347074,open,0.99,0.0,1.002181,1.019971,1.008056,92.86,None,0.0,ETH-28JUN19-320-P,158.94,0.0,0.0,0.0,0.0,0.0,0.0,0.06064,-0.04865,-0.49746,0.00161,-0.95471
159.84,ETH-28JUN19,1556708347076,open,0.0,512.0,5e-06,0.005975,0.003652,106.82,0.007,0.0,ETH-28JUN19-400-C,158.94,103.93,0.003,40.0,0.004,10.0,108.23,0.03839,-0.03543,0.00565,0.00089,0.02596
159.84,ETH-28JUN19,1556708347090,open,0.17,4550.0,0.176315,0.261908,0.181593,63.55,0.193,0.0,ETH-28JUN19-180-P,158.94,63.15,0.181,24.0,0.182,10.0,63.82,0.23942,-0.13144,-0.20675,0.0093,-0.63417
159.84,ETH-28JUN19,1556708347090,open,1.48,0.0,1.502508,1.508478,1.506154,106.82,None,0.0,ETH-28JUN19-400-P,158.94,0.0,0.0,0.0,0.0,0.0,0.0,0.03839,-0.03543,-0.6286,0.00089,-0.97404
160.21,ETH-27SEP19,1556708347090,open,0.03,496.0,0.011011,0.062936,0.027834,74.42,0.028,0.0,ETH-27SEP19-300-C,158.94,73.11,0.026,30.0,0.029,10.0,75.24,0.22728,-0.05681,0.07303,0.00292,0.13959
158.94,index_price,1556708347099,open,0.31,0.0,0.307915,0.308726,0.308726,110.0,None,0,ETH-10MAY19-110-C,158.94,0.0,0.0,0.0,0.401,1.0,415.42,0.0082,-0.05082,0.02622,0.00121,0.98717
158.94,index_price,1556708347205,open,0.0,1270.0,0.000225,0.008914,0.003506,79.94,0.004,0,ETH-3MAY19-170-C,158.94,76.42,0.003,10.0,0.004,50.0,83.18,0.02359,-0.50272,0.001,0.02273,0.12605
158.94,index_price,1556708347210,open,0.0,581.0,0.0,0.0,0.0,110.0,0.001,0,ETH-3MAY19-220-C,158.94,0.0,0.0,0.0,0.001,110.0,210.96,1e-05,-6e-05,0.0,1e-05,2e-05
5304.81,index_price,1556708347218,open,0.0,306.5,0.0001062,0.00627426,0.00112346,72.96,0.001,0,BTC-3MAY19-4875-P,5304.81,71.25,0.001,25.0,0.002,36.0,83.0,0.39434,-5.95976,-0.01403,0.00037,-0.05034
5231.58,BTC-28JUN19,1556708347220,open,0.03,136.8,0.02387771,0.05410305,0.03367893,58.54,0.033,0.0,BTC-28JUN19-4500-P,5304.81,57.55,0.0325,27.0,0.035,21.0,59.65,6.21317,-3.14237,-2.12766,0.00024,-0.22281
5213.21,BTC-27SEP19,1556708347232,open,0.12,117.2,0.09080975,0.22938205,0.12260917,61.46,0.1305,0.0,BTC-27DEC19-4500-P,5304.81,60.52,0.12,12.0,0.1245,17.0,62.13,14.53804,-1.86229,-14.24199,0.00013,-0.29308
5231.67,BTC-28JUN19,1556708347243,open,0.03,486.2,0.0109163,0.05197935,0.02700242,60.67,0.0265,0.0,BTC-28JUN19-6500-C,5304.81,59.82,0.026,10.0,0.028,16.0,61.52,6.14235,-3.21969,1.58764,0.00023,0.21839
5213.3,BTC-27SEP19,1556708347254,open,0.04,938.4,0.02176743,0.06972377,0.04115925,65.76,0.0375,0.0,BTC-27SEP19-8000-C,5304.81,64.85,0.0395,27.0,0.0425,12.0,66.48,9.57019,-2.11353,3.5701,0.00013,0.20905
5213.21,BTC-27SEP19,1556708347256,open,0.09,12.0,0.04845701,0.12034757,0.08797171,64.3,0.092,0.0,BTC-27DEC19-7500-C,5304.81,63.28,0.085,10.0,0.0885,12.0,64.48,15.32395,-2.05381,8.32678,0.00013,0.33101
158.94,index_price,1556708347301,open,0.02,378.0,0.006535,0.041288,0.017667,68.37,0.017,0,ETH-10MAY19-170-C,158.94,67.1,0.017,40.0,0.02,184.0,72.75,0.08368,-0.32233,0.01021,0.01992,0.28176
158.94,index_price,1556708347325,open,0.07,296.0,0.069811,0.0785,0.073092,79.94,0.074,0,ETH-3MAY19-170-P,158.94,63.13,0.071,10.0,0.11,1.0,236.08,0.02359,-0.50272,-0.00774,0.02273,-0.87395
158.94,index_price,1556708347367,open,0.0,3.0,0.0,0.003154,0.000978,89.32,0.001,0,ETH-10MAY19-120-P,158.94,0.0,0.0,0.0,0.002,310.0,100.75,0.01119,-0.05631,-0.00075,0.00204,-0.01842
158.94,index_price,1556708347419,open,0.0,0.0,0.0,0.000811,0.000811,110.0,None,0,ETH-10MAY19-110-P,158.94,0.0,0.0,0.0,0.002,260.0,126.78,0.0082,-0.05082,-0.00053,0.00121,-0.01283
158.94,index_price,1556708347456,open,0.0,1403.0,0.0,0.002053,0.000963,94.95,0.002,0,ETH-3MAY19-180-C,158.94,0.0,0.0,0.0,0.002,60.0,109.39,0.00909,-0.15306,0.00029,0.00738,0.03641
158.94,index_price,1556708347480,open,0.37,0.0,0.38417,0.38417,0.384171,110.0,None,0,ETH-3MAY19-220-P,158.94,0.0,0.0,0.0,0.487,1.0,500.0,1e-05,-0.00032,-0.01131,1e-05,-0.99998
158.94,index_price,1556708347587,open,0.12,173.0,0.132503,0.134556,0.133466,94.95,0.192,0,ETH-3MAY19-180-P,158.94,0.0,0.132,10.0,0.135,10.0,114.81,0.00909,-0.23017,-0.00896,0.00738,-0.96359
158.94,index_price,1556708347626,open,0.08,80.0,0.076121,0.110874,0.087254,68.37,0.105,0,ETH-10MAY19-170-P,158.94,64.04,0.085,10.0,0.09,10.0,73.52,0.08368,-0.32233,-0.03113,0.01992,-0.71824
5213.04,BTC-27SEP19,1556708347646,open,0.02,17.5,0.00096617,0.05869044,0.02090494,78.5,0.02,0.0,BTC-27DEC19-15000-C,5304.73,77.41,0.0195,15.0,0.022,15.0,79.32,6.84594,-1.12018,2.35702,5e-05,0.0897
5304.73,index_price,1556708347646,open,0.13,0.5,0.1281371,0.12967413,0.12885501,100.07,0.1005,0,BTC-3MAY19-4625-C,5304.73,0.0,0.124,3.0,0.1315,3.0,136.76,0.22782,-6.07743,0.23046,0.00016,0.97425
5304.73,index_price,1556708347646,open,0.16,0.0,0.15215193,0.16772567,0.15505339,72.4,None,0,BTC-10MAY19-4500-C,5304.73,0.0,0.1485,3.0,0.156,3.0,76.89,1.04947,-4.2802,1.00603,0.00021,0.93495
5304.73,index_price,1556708347646,open,0.01,469.8,0.00977504,0.04440289,0.01435836,59.66,0.016,0,BTC-10MAY19-5000-P,5304.73,58.94,0.014,20.0,0.016,30.0,62.96,2.61466,-8.78823,-0.33778,0.00064,-0.2475
5304.73,index_price,1556708347646,open,0.18,2.0,0.17873613,0.19718468,0.18090036,66.37,0.1975,0,BTC-10MAY19-6250-P,5304.73,57.62,0.1795,2.0,0.188,2.0,92.04,1.01976,-3.81298,-1.44243,0.00022,-0.93731
5213.04,BTC-27SEP19,1556708347652,open,0.44,227.1,0.43050341,0.45152544,0.43991974,67.7,0.456,0.0,BTC-27SEP19-3000-C,5304.73,0.0,0.135,0.1,0.4905,2.0,112.02,4.35031,-0.98918,10.47209,6e-05,0.93243
5213.04,BTC-27SEP19,1556708347653,open,0.03,328.5,0.0171953,0.05115906,0.02908328,64.15,0.0305,0.0,BTC-27SEP19-3500-P,5304.73,63.3,0.028,15.5,0.03,15.0,64.87,6.64214,-1.43105,-3.16024,9e-05,-0.11954
5304.73,index_price,1556708347646,open,0.04,120.4,0.03636876,0.07635505,0.0402875,56.39,0.0355,0,BTC-10MAY19-5250-C,5304.73,50.21,0.0365,1.0,0.039,15.0,54.29,3.25713,-10.34628,0.67596,0.00084,0.56431
5304.73,index_price,1556708347646,open,0.13,3.9,0.13106611,0.13319612,0.13177982,89.45,0.1715,0,BTC-3MAY19-6000-P,5304.73,0.0,0.1285,2.0,0.136,2.0,134.8,0.2549,-6.07773,-0.3005,0.0002,-0.97054
5304.73,index_price,1556708347646,open,0.01,237.6,0.00872912,0.02689405,0.00997483,54.6,0.009,0,BTC-3MAY19-5375-C,5304.73,47.28,0.008,20.8,0.01,21.0,54.7,1.44291,-21.00235,0.09972,0.00183,0.37576
158.94,index_price,1556708347699,open,0.19,0.0,0.18212,0.191279,0.184456,78.83,None,0,ETH-10MAY19-130-C,158.94,66.28,0.183,10.0,0.187,10.0,92.85,0.02345,-0.10415,0.02978,0.00484,0.9551
158.94,index_price,1556708347725,open,0.0,722.0,0.0,0.000351,0.000351,110.0,0.001,0,ETH-3MAY19-190-C,158.94,0.0,0.0,0.0,0.001,60.0,128.33,0.00383,-0.05574,0.0001,0.00268,0.01307
158.94,index_price,1556708347748,open,0.01,31.0,0.000134,0.01442,0.004932,81.08,0.006,0,ETH-10MAY19-190-C,158.94,77.17,0.004,60.0,0.006,200.0,85.14,0.03983,-0.18192,0.00324,0.008,0.08874
5304.73,index_price,1556708347840,open,0.0,275.9,6e-08,0.00213007,0.00073083,89.8,0.001,0,BTC-3MAY19-6000-C,5304.73,84.5,0.0005,64.4,0.001,35.0,94.8,0.25861,-3.87686,0.00797,0.0002,0.02998
158.94,index_price,1556708347852,open,0.19,931.0,0.19542,0.19577,0.19577,110.0,0.182,0,ETH-3MAY19-190-P,158.94,0.0,0.0,0.0,0.258,2.0,445.77,0.00383,-0.11232,-0.00966,0.00268,-0.98693
158.94,index_price,1556708347950,open,0.01,171.0,0.00114,0.024926,0.009035,74.67,0.01,0,ETH-10MAY19-180-C,158.94,71.84,0.008,40.0,0.01,42.0,77.21,0.05935,-0.24967,0.00569,0.01294,0.15616
5304.73,index_price,1556708347961,open,0.01,140.5,0.00315566,0.01816435,0.00506561,59.98,0.0055,0,BTC-3MAY19-5125-P,5304.73,59.66,0.005,14.2,0.0055,21.0,62.09,1.08117,-17.28755,-0.05733,0.00125,-0.20523
158.94,index_price,1556708347980,open,0.0,818.0,0.0,4.6e-05,4.6e-05,110.0,0.001,0,ETH-3MAY19-200-C,158.94,0.0,0.0,0.0,0.001,110.0,158.07,0.00073,-0.00725,2e-05,0.00051,0.00202
158.94,index_price,1556708348026,open,0.0,106.0,3.9e-05,0.009197,0.002375,78.83,0.002,0,ETH-10MAY19-130-P,158.94,76.17,0.002,50.0,0.003,50.0,82.8,0.02345,-0.10415,-0.00183,0.00484,-0.0449
158.94,index_price,1556708348099,open,0.19,0.0,0.195554,0.20984,0.200352,81.08,None,0,ETH-10MAY19-190-P,158.94,0.0,0.0,0.0,0.264,2.0,215.3,0.03983,-0.18192,-0.04296,0.008,-0.91126
158.94,index_price,1556708348108,open,0.25,50.0,0.258336,0.258382,0.258382,110.0,0.206,0,ETH-3MAY19-200-P,158.94,0.0,0.0,0.0,0.336,1.0,500.0,0.00073,-0.0214,-0.01026,0.00051,-0.99798
5304.73,index_price,1556708348180,open,0.0,306.5,0.00010634,0.00627651,0.00112443,72.97,0.001,0,BTC-3MAY19-4875-P,5304.73,71.24,0.001,25.0,0.002,26.0,82.99,0.39456,-5.96481,-0.01404,0.00037,-0.05038
5231.56,BTC-28JUN19,1556708348182,open,0.03,486.2,0.01091378,0.05197412,0.02700132,60.68,0.0265,0.0,BTC-28JUN19-6500-C,5304.73,59.39,0.0255,26.0,0.028,16.0,61.52,6.14201,-3.21965,1.58751,0.00023,0.21837
5213.04,BTC-27SEP19,1556708348183,open,0.12,117.2,0.09082203,0.22939862,0.1226162,61.45,0.1305,0.0,BTC-27DEC19-4500-P,5304.73,60.51,0.12,17.0,0.1245,17.0,62.13,14.53807,-1.86222,-14.24252,0.00013,-0.29311
5231.48,BTC-28JUN19,1556708348185,open,0.03,136.8,0.02388191,0.05410899,0.03368483,58.54,0.033,0.0,BTC-28JUN19-4500-P,5304.73,57.97,0.033,10.0,0.035,21.0,59.65,6.21348,-3.14257,-2.12789,0.00024,-0.22284
5231.56,BTC-28JUN19,1556708348186,open,0.01,71.6,0.00186279,0.02043542,0.009831,64.34,0.009,0.0,BTC-28JUN19-3750-P,5304.73,63.76,0.0095,20.0,0.0105,10.0,65.49,2.99977,-1.66752,-0.71783,0.00011,-0.0767
