underlying_price,underlying_index,timestamp,state,settlement_price,open_interest,min_price,max_price,mark_price,mark_iv,last_price,interest_rate,instrument_name,index_price,bid_iv,best_bid_price,best_bid_amount,best_ask_price,best_ask_amount,ask_iv,vega,theta,rho,gamma,delta
212.1,SYN.ETH-16AUG19,1565607540010,open,0.04,464.0,0.011,0.068,0.039416,83.71,0.046,0.0,ETH-16AUG19-210-C,211.86,77.76,0.037,200.0,0.043,186.0,92.54,0.0861,-0.92987,0.01179,0.02153,0.56301
11389.51,SYN.BTC-16AUG19,1565607540078,open,0.01,454.7,0.0005,0.0185,0.00475432,97.71,0.005,0.0,BTC-16AUG19-13000-C,11371.96,93.48,0.004,4.1,0.0055,33.6,101.61,2.10845,-26.57895,0.11914,0.00016,0.10326
212.1,SYN.ETH-16AUG19,1565607540094,open,0.03,430.0,0.006,0.058,0.029503,83.71,0.03,0.0,ETH-16AUG19-210-P,211.86,77.54,0.027,200.0,0.031,150.0,87.4,0.0861,-0.92987,-0.01051,0.02153,-0.43699
212.1,SYN.ETH-16AUG19,1565607540152,open,0.0,39.0,0.001,0.011,7.2e-05,125.0,0.001,0.0,ETH-16AUG19-310-C,211.86,0.0,0.0,0.0,0.001,200.0,167.04,0.00137,-0.01521,4e-05,0.00023,0.00198
212.54,SYN.ETH-23AUG19,1565607540156,open,0.13,0.0,0.092,0.158,0.127075,91.65,None,0.0,ETH-23AUG19-190-C,211.86,0.0,0.0,0.0,0.0,0.0,0.0,0.10732,-0.45219,0.04164,0.0087,0.78458
212.1,SYN.ETH-16AUG19,1565607540189,open,0.02,1071.0,0.002,0.044,0.019906,84.71,0.022,0.0,ETH-16AUG19-220-C,211.86,77.06,0.017,400.0,0.023,610.0,92.72,0.08127,-0.88812,0.00752,0.02008,0.35377
212.54,SYN.ETH-23AUG19,1565607540189,open,0.34,0.0,0.321,0.363,0.342295,114.41,None,0.0,ETH-23AUG19-140-C,211.86,0.0,0.0,0.0,0.0,0.0,0.0,0.01265,-0.06655,0.0408,0.00082,0.98654
212.54,SYN.ETH-23AUG19,1565607540256,open,0.02,234.0,0.005,0.043,0.021023,91.65,0.019,0.0,ETH-23AUG19-190-P,211.86,87.6,0.019,200.0,0.022,1.0,93.57,0.10732,-0.45219,-0.01497,0.0087,-0.21542
212.1,SYN.ETH-16AUG19,1565607540305,open,0.46,0.0,0.419,0.507,0.461629,125.0,None,0.0,ETH-16AUG19-310-P,211.86,0.0,0.0,0.0,0.0,0.0,0.0,0.00137,-0.0221,-0.03287,0.00023,-0.99802
212.54,SYN.ETH-23AUG19,1565607540359,open,0.1,89.0,0.059,0.127,0.095143,91.65,0.093,0.0,ETH-23AUG19-200-C,211.86,88.17,0.093,150.0,0.099,200.0,97.86,0.13146,-0.55388,0.03694,0.01066,0.6785
212.54,SYN.ETH-23AUG19,1565607540471,open,0.03,200.0,0.012,0.064,0.036141,91.65,0.036,0.0,ETH-23AUG19-200-P,211.86,86.55,0.033,200.0,0.039,413.0,96.26,0.13146,-0.55388,-0.02265,0.01066,-0.3215
11421.2,SYN.BTC-23AUG19,1565607540496,open,0.01,43.1,0.0025,0.0325,0.0144546,86.93,0.0135,0.0,BTC-23AUG19-10000-P,11371.96,83.53,0.013,27.2,0.0155,24.0,89.32,4.95838,-19.81705,-0.62221,0.00015,-0.16838
11579.67,BTC-27SEP19,1565607540528,open,0.12,732.1,0.076,0.151,0.11484423,92.22,0.1145,0.0,BTC-27SEP19-12000-C,11371.96,90.21,0.112,24.2,0.118,14.8,94.46,16.35339,-16.43773,5.92146,0.00011,0.5217
11835.66,BTC-27DEC19,1565607540528,open,0.23,102.3,0.175,0.286,0.23180292,92.61,0.2365,0.0,BTC-27DEC19-12000-P,11371.96,91.0,0.228,3.0,0.2345,0.4,93.75,27.9593,-9.45834,-27.94102,6e-05,-0.39773
11579.67,BTC-27SEP19,1565607540537,open,0.59,13.5,0.5815,0.601,0.59103109,114.07,0.382,0.0,BTC-27SEP19-4750-C,11371.96,0.0,0.5325,7.0,0.648,8.0,277.59,0.90685,-1.12745,5.83472,0.0,0.99193
11579.67,BTC-27SEP19,1565607540543,open,1.76,0.0,1.7095,1.8235,1.76446384,111.07,None,0.0,BTC-27SEP19-32000-P,11371.96,0.0,0.0,0.0,0.0,0.0,0.0,0.95388,-1.15471,-40.10991,1e-05,-0.99145
11579.67,BTC-27SEP19,1565607540550,open,0.0,1066.6,0.0005,0.0105,0.00098589,123.55,0.001,0.0,BTC-27SEP19-4250-P,11371.96,113.66,0.0005,3.0,0.0015,6.8,130.82,0.70646,-0.9513,-0.10287,0.0,-0.00608
11579.67,BTC-27SEP19,1565607540550,open,0.0,429.7,0.0005,0.0115,0.00158682,104.2,0.003,0.0,BTC-27SEP19-28000-C,11371.96,98.69,0.001,13.4,0.002,2.5,107.26,1.43866,-1.6338,0.17642,1e-05,0.01371
11835.66,BTC-27DEC19,1565607540552,open,1.56,0.2,1.4945,1.6365,1.56128342,100.1,2.03,0.0,BTC-27DEC19-30000-P,11371.96,0.0,0.0,0.0,0.0,0.0,0.0,13.89186,-5.07963,-108.66532,3e-05,-0.88702
11452.9,SYN.BTC-30AUG19,1565607540552,open,0.17,17.3,0.135,0.2105,0.1727748,95.24,0.14,0.0,BTC-30AUG19-13000-P,11371.96,43.27,0.1395,3.0,0.174,0.4,96.8,8.94199,-23.82087,-4.83918,0.00015,-0.68998
212.1,SYN.ETH-16AUG19,1565607540556,open,0.09,51.0,0.057,0.13,0.093326,85.71,0.1,0.0,ETH-16AUG19-230-P,211.86,63.93,0.088,50.0,0.095,50.0,91.52,0.05956,-0.65866,-0.02031,0.01455,-0.80867
11835.66,BTC-27DEC19,1565607540561,open,3.05,0.0,2.9775,3.1555,3.06180833,104.53,None,0.0,BTC-27DEC19-48000-P,11371.96,0.0,0.0,0.0,0.0,0.0,0.0,5.05856,-1.93154,-178.90609,1e-05,-0.96907
11452.9,SYN.BTC-30AUG19,1565607540616,open,0.11,69.5,0.073,0.144,0.10911154,92.05,0.1155,0.0,BTC-30AUG19-12000-P,11371.96,87.35,0.105,18.0,0.108,0.4,90.78,10.02988,-25.82395,-3.70042,0.00017,-0.55062
11579.66,BTC-27SEP19,1565607540643,open,0.02,572.6,0.0055,0.035,0.01771239,92.77,0.0175,0.0,BTC-27SEP19-8000-P,11371.96,92.42,0.0175,24.0,0.018,21.2,93.24,7.13739,-7.21666,-1.69464,5e-05,-0.09872
212.1,SYN.ETH-16AUG19,1565607540651,open,0.0,616.0,0.001,0.016,0.003764,87.59,0.007,0.0,ETH-16AUG19-240-C,211.86,82.88,0.003,200.0,0.005,500.0,94.34,0.0363,-0.41013,0.002,0.00867,0.09276
11835.66,BTC-27DEC19,1565607540655,open,0.13,195.3,0.0765,0.175,0.12635643,94.63,0.135,0.0,BTC-27DEC19-16000-C,11371.96,93.43,0.1235,16.9,0.1275,0.4,95.11,28.15688,-9.73342,12.53867,6e-05,0.40886
11579.66,BTC-27SEP19,1565607540658,open,1.58,0.0,1.5405,1.6485,1.5920032,107.84,None,0.0,BTC-27SEP19-30000-P,11371.96,0.0,0.0,0.0,0.0,0.0,0.0,1.16646,-1.37105,-37.56767,1e-05,-0.98924
214.73,ETH-27SEP19,1565607540690,open,0.13,1000.0,0.084,0.164,0.126514,97.18,0.127,0.0,ETH-27SEP19-220-C,211.86,93.97,0.122,411.0,0.131,381.0,100.37,0.30213,-0.32,0.11175,0.00536,0.54058
212.98,SYN.ETH-30AUG19,1565607540690,open,0.0,2290.0,0.001,0.014,0.004455,104.55,0.005,0.0,ETH-30AUG19-320-C,211.86,97.44,0.003,250.0,0.006,450.0,110.74,0.04868,-0.14234,0.00476,0.0021,0.05009
217.46,ETH-27DEC19,1565607540692,open,0.01,1428.0,0.003,0.031,0.012894,107.33,0.018,0.0,ETH-27DEC19-760-C,211.86,102.91,0.01,300.0,0.015,50.0,110.17,0.15362,-0.06023,0.03645,0.00081,0.0576
214.73,ETH-27SEP19,1565607540692,open,0.07,1710.0,0.036,0.106,0.071552,99.73,0.065,0.0,ETH-27SEP19-260-C,211.86,97.8,0.069,10.0,0.074,360.0,101.57,0.2842,-0.30891,0.07726,0.00492,0.35782
212.54,SYN.ETH-23AUG19,1565607540696,open,0.05,21.0,0.025,0.09,0.056872,91.64,0.052,0.0,ETH-23AUG19-210-P,211.86,85.95,0.053,150.0,0.06,350.0,96.24,0.14461,-0.6093,-0.03136,0.01172,-0.43837
214.73,ETH-27SEP19,1565607540701,open,0.03,7887.0,0.013,0.055,0.032184,97.18,0.031,0.0,ETH-27SEP19-160-P,211.86,94.54,0.03,200.0,0.034,474.0,99.34,0.17938,-0.18999,-0.04982,0.00319,-0.15239
212.98,SYN.ETH-30AUG19,1565607540701,open,0.05,482.0,0.024,0.084,0.052921,93.32,0.055,0.0,ETH-30AUG19-200-P,211.86,88.48,0.049,396.0,0.056,200.0,97.1,0.17304,-0.45167,-0.04117,0.00835,-0.34175
214.73,ETH-27SEP19,1565607540730,open,0.03,1993.0,0.009,0.053,0.028875,101.02,0.028,0.0,ETH-27SEP19-320-C,211.86,97.81,0.026,552.0,0.031,160.0,103.31,0.19618,-0.21599,0.03942,0.00335,0.17492
214.73,ETH-27SEP19,1565607540740,open,0.0,7916.0,0.001,0.011,0.000506,124.65,0.001,0.0,ETH-27SEP19-760-C,211.86,0.0,0.0,0.0,0.001,200.0,133.3,0.00933,-0.01268,0.00099,0.00013,0.00416
217.46,ETH-27DEC19,1565607540740,open,0.91,16.0,0.828,0.999,0.913485,103.21,1.195,0.0,ETH-27DEC19-400-P,211.86,60.76,0.85,110.0,1.49,1.0,365.53,0.43059,-0.16235,-1.34967,0.00235,-0.74158
214.73,ETH-27SEP19,1565607540742,open,0.86,79.0,0.812,0.938,0.872386,104.45,0.351,0.0,ETH-27SEP19-400-P,211.86,0.0,0.01,10.0,0.0,0.0,0.0,0.09938,-0.11313,-0.48712,0.00164,-0.93251
214.73,ETH-27SEP19,1565607540742,open,1.41,12.0,1.352,1.504,1.42461,113.17,1.193,0.0,ETH-27SEP19-520-P,211.86,0.0,0.0,0.0,0.0,0.0,0.0,0.04078,-0.0503,-0.64829,0.00062,-0.97746
212.98,SYN.ETH-30AUG19,1565607540742,open,0.24,0.0,0.197,0.29,0.243564,97.47,0.218,0.0,ETH-30AUG19-260-P,211.86,70.56,0.229,120.0,0.281,15.0,148.64,0.13467,-0.36716,-0.10812,0.00622,-0.79304
212.98,SYN.ETH-30AUG19,1565607540742,open,0.69,0.0,0.642,0.747,0.692177,111.09,None,0.0,ETH-30AUG19-360-P,211.86,0.0,0.0,0.0,0.0,0.0,0.0,0.02483,-0.07715,-0.1742,0.00101,-0.97791
214.73,ETH-27SEP19,1565607540744,open,0.69,233.0,0.634,0.755,0.692717,102.42,0.634,0.0,ETH-27SEP19-360-P,211.86,0.0,0.637,25.0,0.747,25.0,159.95,0.14053,-0.15687,-0.42791,0.00237,-0.89278
212.98,SYN.ETH-30AUG19,1565607540746,open,0.5,0.0,0.46,0.558,0.506955,104.55,None,0.0,ETH-30AUG19-320-P,211.86,0.0,0.0,0.0,0.0,0.0,0.0,0.04868,-0.14234,-0.15196,0.0021,-0.94991
217.46,ETH-27DEC19,1565607540751,open,0.59,101.0,0.51,0.666,0.590025,101.02,0.513,0.0,ETH-27DEC19-320-P,211.86,94.93,0.576,110.0,1.58,1.0,500.0,0.50552,-0.18654,-0.98975,0.00282,-0.62368
214.73,ETH-27SEP19,1565607540751,open,0.77,259.0,0.722,0.846,0.781896,103.13,0.94,0.0,ETH-27SEP19-380-P,211.86,0.0,0.009,8.0,0.0,0.0,0.0,0.11747,-0.13204,-0.45823,0.00197,-0.91595
11835.66,BTC-27DEC19,1565607540751,open,0.1,369.4,0.0535,0.1455,0.0986745,95.92,0.1075,0.0,BTC-27DEC19-18000-C,11371.96,94.28,0.095,17.1,0.101,3.1,96.96,26.47348,-9.2765,10.5883,5e-05,0.33724
11835.66,BTC-27DEC19,1565607540751,open,1.72,0.3,1.658,1.803,1.7258573,100.79,1.875,0.0,BTC-27DEC19-32000-P,11371.96,0.0,0.0,0.0,0.0,0.0,0.0,12.37417,-4.55591,-116.70975,2e-05,-0.90369
217.46,ETH-27DEC19,1565607540751,open,1.25,21.0,1.166,1.349,1.255316,104.7,0.629,0.0,ETH-27DEC19-480-P,211.86,0.0,1.168,110.0,0.0,0.0,0.0,0.34974,-0.13376,-1.69217,0.00188,-0.81975
212.98,SYN.ETH-30AUG19,1565607540751,open,0.35,0.0,0.323,0.366,0.344651,100.0,None,0.0,ETH-30AUG19-140-C,211.86,0.0,0.0,0.0,0.0,0.0,0.0,0.02512,-0.07026,0.06602,0.00113,0.9776
217.46,ETH-27DEC19,1565607540757,open,1.08,0.0,0.996,1.174,1.083905,104.66,None,0.0,ETH-27DEC19-440-P,211.86,0.0,1.007,110.0,0.0,0.0,0.0,0.39219,-0.14994,-1.52164,0.00211,-0.78205
214.73,ETH-27SEP19,1565607540780,open,1.05,0.0,0.991,1.125,1.054889,106.23,None,0.0,ETH-27SEP19-440-P,211.86,0.0,0.0,0.0,0.0,0.0,0.0,0.0696,-0.08058,-0.54298,0.00113,-0.95697
214.73,ETH-27SEP19,1565607540782,open,0.05,2078.0,0.023,0.084,0.053143,100.33,0.05,0.0,ETH-27SEP19-280-C,211.86,98.54,0.051,10.0,0.055,160.0,101.87,0.25841,-0.28257,0.06255,0.00444,0.28491
217.46,ETH-27DEC19,1565607540782,open,1.42,37.0,1.339,1.527,1.430098,105.09,0.707,0.0,ETH-27DEC19-520-P,211.86,0.0,0.002,25.0,0.0,0.0,0.0,0.31162,-0.11963,-1.85871,0.00167,-0.84918
11579.66,BTC-27SEP19,1565607540784,open,0.42,34.4,0.3735,0.4665,0.41884778,96.78,0.396,0.0,BTC-27SEP19-16000-P,11371.96,0.0,0.05,1.0,0.944,0.2,500.0,12.1684,-12.83553,-17.44219,7e-05,-0.77959
11835.66,BTC-27DEC19,1565607540784,open,1.39,0.1,1.3315,1.472,1.39800883,99.49,1.49,0.0,BTC-27DEC19-28000-P,11371.96,0.0,0.005,1.0,0.0,0.0,0.0,15.63665,-5.68258,-100.49652,3e-05,-0.86624
212.98,SYN.ETH-30AUG19,1565607540784,open,0.16,383.0,0.122,0.211,0.166914,95.66,0.147,0.0,ETH-30AUG19-240-P,211.86,81.56,0.156,320.0,0.176,200.0,106.91,0.16928,-0.45294,-0.08799,0.00797,-0.67667
212.98,SYN.ETH-30AUG19,1565607540784,open,0.04,1067.0,0.015,0.068,0.040038,95.66,0.042,0.0,ETH-30AUG19-240-C,211.86,91.81,0.037,431.0,0.043,400.0,99.36,0.16928,-0.45294,0.02955,0.00797,0.32333
214.73,ETH-27SEP19,1565607540786,open,0.0,2893.0,0.001,0.011,0.001996,114.7,0.002,0.0,ETH-27SEP19-560-C,211.86,105.73,0.001,934.0,0.003,498.0,120.94,0.02985,-0.03732,0.00368,0.00045,0.01562
214.73,ETH-27SEP19,1565607540786,open,0.63,0.0,0.617,0.64,0.62848,122.69,None,0.0,ETH-27SEP19-80-C,211.86,0.0,0.003,10.0,0.0,0.0,0.0,0.01377,-0.01841,0.09853,0.00019,0.99357
217.46,ETH-27DEC19,1565607540792,open,0.06,624.0,0.025,0.099,0.060545,104.66,0.068,0.0,ETH-27DEC19-440-C,211.86,103.24,0.058,30.0,0.062,200.0,105.47,0.39219,-0.14994,0.12836,0.00211,0.21795
214.73,ETH-27SEP19,1565607540792,open,0.0,3444.0,0.001,0.011,0.000995,123.35,0.001,0.0,ETH-27SEP19-680-C,211.86,0.0,0.0,0.0,0.002,800.0,133.42,0.01635,-0.02198,0.00184,0.00023,0.00782
212.98,SYN.ETH-30AUG19,1565607540792,open,0.26,0.0,0.228,0.281,0.255517,93.35,None,0.0,ETH-30AUG19-160-C,211.86,0.0,0.0,0.0,0.0,0.0,0.0,0.06217,-0.16232,0.07052,0.003,0.9316
217.46,ETH-27DEC19,1565607540794,open,2.14,0.0,2.042,2.259,2.145756,107.33,None,0.0,ETH-27DEC19-680-P,211.86,0.0,0.0,0.0,0.0,0.0,0.0,0.1977,-0.07751,-2.50018,0.00104,-0.92015
217.46,ETH-27DEC19,1565607540794,open,1.96,0.0,1.865,2.073,1.964694,106.2,None,0.0,ETH-27DEC19-640-P,211.86,0.0,0.0,0.0,0.0,0.0,0.0,0.21805,-0.08459,-2.34343,0.00116,-0.90899
214.73,ETH-27SEP19,1565607540798,open,0.15,1947.0,0.104,0.196,0.151056,97.18,0.165,0.0,ETH-27SEP19-220-P,211.86,93.59,0.146,361.0,0.156,451.0,100.69,0.30213,-0.32,-0.16476,0.00536,-0.45942
11835.66,BTC-27DEC19,1565607540802,open,0.02,277.1,0.0085,0.0405,0.02226417,92.76,0.0235,0.0,BTC-27DEC19-6000-P,11371.96,91.82,0.0215,6.0,0.023,0.4,93.65,9.67093,-3.27687,-4.06994,2e-05,-0.06943
217.46,ETH-27DEC19,1565607540804,open,0.75,242.0,0.666,0.83,0.74871,102.24,0.889,0.0,ETH-27DEC19-360-P,211.86,75.28,0.696,110.0,1.59,1.0,500.0,0.47068,-0.17579,-1.17215,0.0026,-0.68866
214.73,ETH-27SEP19,1565607540804,open,0.01,5320.0,0.001,0.024,0.009582,104.45,0.008,0.0,ETH-27SEP19-400-C,211.86,100.86,0.008,310.0,0.011,200.0,107.4,0.09938,-0.11313,0.01563,0.00164,0.06749
217.46,ETH-27DEC19,1565607540804,open,0.3,801.0,0.236,0.366,0.304332,98.48,0.317,0.0,ETH-27DEC19-240-P,211.86,95.87,0.298,120.0,0.309,200.0,100.41,0.52622,-0.18931,-0.61116,0.00301,-0.44512
214.73,ETH-27SEP19,1565607540808,open,0.01,7899.0,0.004,0.029,0.014511,97.81,0.018,0.0,ETH-27SEP19-140-P,211.86,94.87,0.013,2.0,0.016,500.0,100.59,0.11289,-0.12035,-0.02543,0.00199,-0.07973
214.73,ETH-27SEP19,1565607540810,open,0.0,2060.0,0.001,0.011,0.001041,122.69,0.003,0.0,ETH-27SEP19-80-P,211.86,0.0,0.0,0.0,0.002,500.0,134.55,0.01377,-0.01841,-0.00202,0.00019,-0.00643
214.73,ETH-27SEP19,1565607540814,open,0.29,392.0,0.252,0.318,0.287062,97.18,0.329,0.0,ETH-27SEP19-160-C,211.86,0.0,0.001,1.0,0.0,0.0,0.0,0.17938,-0.18999,0.15128,0.00319,0.84761
214.73,ETH-27SEP19,1565607540814,open,0.0,4762.0,0.001,0.011,0.001709,103.8,0.002,0.0,ETH-27SEP19-100-P,211.86,96.2,0.001,200.0,0.003,500.0,113.54,0.02358,-0.02668,-0.00367,0.00039,-0.01189
217.46,ETH-27DEC19,1565607540817,open,0.03,1620.0,0.01,0.061,0.031607,105.39,0.03,0.0,ETH-27DEC19-560-C,211.86,102.47,0.028,460.0,0.035,250.0,108.0,0.27646,-0.10643,0.07741,0.00148,0.12653
212.98,SYN.ETH-30AUG19,1565607540820,open,0.59,0.0,0.551,0.652,0.598914,105.76,None,0.0,ETH-30AUG19-340-P,211.86,0.0,0.0,0.0,0.0,0.0,0.0,0.03203,-0.09476,-0.16365,0.00136,-0.97004
217.46,ETH-27DEC19,1565607540822,open,1.78,0.0,1.688,1.89,1.785085,105.73,0.953,0.0,ETH-27DEC19-600-P,211.86,0.0,0.0,0.0,0.0,0.0,0.0,0.24511,-0.09466,-2.1841,0.00131,-0.89322
214.73,ETH-27SEP19,1565607540824,open,0.28,1240.0,0.226,0.336,0.282375,99.73,0.232,0.0,ETH-27SEP19-260-P,211.86,85.54,0.264,110.0,0.322,25.0,128.84,0.2842,-0.30891,-0.24953,0.00492,-0.64218
214.73,ETH-27SEP19,1565607540827,open,0.72,0.0,0.711,0.73,0.720714,125.0,0.01,0.0,ETH-27SEP19-60-C,211.86,0.0,0.003,10.0,0.0,0.0,0.0,0.0025,-0.0034,0.07511,3e-05,0.99903
217.46,ETH-27DEC19,1565607540833,open,1.6,0.0,1.513,1.708,1.606793,105.39,0.845,0.0,ETH-27DEC19-560-P,211.86,0.0,0.0,0.0,0.0,0.0,0.0,0.27646,-0.10643,-2.02261,0.00148,-0.87347
214.73,ETH-27SEP19,1565607540833,open,0.0,3419.0,0.001,0.011,0.001298,121.38,0.002,0.0,ETH-27SEP19-640-C,211.86,0.0,0.0,0.0,0.002,600.0,127.65,0.02046,-0.02707,0.00237,0.00029,0.0101
217.46,ETH-27DEC19,1565607540833,open,0.04,3089.0,0.016,0.059,0.035998,97.29,0.028,0.0,ETH-27DEC19-120-P,211.86,92.44,0.031,200.0,0.035,50.0,96.34,0.22946,-0.08155,-0.10889,0.00133,-0.09753
212.54,SYN.ETH-23AUG19,1565607540835,open,0.05,30.0,0.019,0.078,0.048676,92.46,0.051,0.0,ETH-23AUG19-220-C,211.86,88.54,0.046,150.0,0.051,387.0,95.87,0.14501,-0.61642,0.02515,0.01165,0.44578
212.98,SYN.ETH-30AUG19,1565607540835,open,0.02,619.0,0.006,0.043,0.022186,93.35,0.019,0.0,ETH-30AUG19-180-P,211.86,89.52,0.02,200.0,0.024,200.0,96.45,0.12342,-0.32224,-0.02103,0.00595,-0.1794
217.46,ETH-27DEC19,1565607540837,open,0.49,0.0,0.452,0.513,0.484173,97.29,None,0.0,ETH-27DEC19-120-C,211.86,0.0,0.002,50.0,0.99,5.0,500.0,0.22946,-0.08155,0.34111,0.00133,0.90247
214.73,ETH-27SEP19,1565607540837,open,1.97,0.0,1.894,2.076,1.981785,121.38,None,0.0,ETH-27SEP19-640-P,211.86,0.0,0.0,0.0,0.0,0.0,0.0,0.02046,-0.02707,-0.80202,0.00029,-0.9899
217.46,ETH-27DEC19,1565607540840,open,0.12,894.0,0.068,0.165,0.11849,101.02,0.114,0.0,ETH-27DEC19-320-C,211.86,99.51,0.115,110.0,0.12,200.0,101.67,0.50552,-0.18654,0.21025,0.00282,0.37632
214.73,ETH-27SEP19,1565607540840,open,0.45,47.0,0.426,0.466,0.446172,98.08,0.689,0.0,ETH-27SEP19-120-C,211.86,0.0,0.0,0.0,0.0,0.0,0.0,0.05514,-0.05894,0.14074,0.00097,0.96765
217.46,ETH-27DEC19,1565607540840,open,0.27,599.0,0.212,0.313,0.267109,97.29,0.269,0.0,ETH-27DEC19-200-C,211.86,94.09,0.26,30.0,0.275,200.0,100.85,0.48259,-0.17151,0.3281,0.0028,0.66944
214.73,ETH-27SEP19,1565607540840,open,0.0,2698.0,0.001,0.011,0.000667,123.35,0.001,0.0,ETH-27SEP19-720-C,211.86,0.0,0.0,0.0,0.001,222.0,128.51,0.01182,-0.01589,0.00128,0.00017,0.00542
217.46,ETH-27DEC19,1565607540840,open,0.1,278.0,0.048,0.138,0.093233,102.24,0.094,0.0,ETH-27DEC19-360-C,211.86,100.28,0.089,110.0,0.095,200.0,103.06,0.47068,-0.17579,0.17786,0.0026,0.31134
217.46,ETH-27DEC19,1565607540842,open,0.16,433.0,0.099,0.203,0.154023,100.18,0.156,0.0,ETH-27DEC19-280-C,211.86,98.11,0.149,120.0,0.155,200.0,100.58,0.52832,-0.19335,0.24795,0.00297,0.45808
214.73,ETH-27SEP19,1565607540844,open,0.54,0.0,0.521,0.551,0.536008,103.8,None,0.0,ETH-27SEP19-100-C,211.86,0.0,0.003,10.0,0.0,0.0,0.0,0.02358,-0.02668,0.12202,0.00039,0.98811
217.46,ETH-27DEC19,1565607540846,open,0.02,633.0,0.005,0.041,0.018744,107.33,0.018,0.0,ETH-27DEC19-680-C,211.86,106.5,0.018,10.0,0.021,250.0,109.73,0.1977,-0.07751,0.04984,0.00104,0.07986
212.98,SYN.ETH-30AUG19,1565607540846,open,0.01,1202.0,0.002,0.029,0.012294,98.14,0.013,0.0,ETH-30AUG19-280-C,211.86,95.23,0.011,250.0,0.013,1.0,99.67,0.09693,-0.26609,0.01174,0.00445,0.12484
214.73,ETH-27SEP19,1565607540849,open,0.37,191.0,0.335,0.388,0.362529,97.81,0.5,0.0,ETH-27SEP19-140-C,211.86,0.0,0.0,0.0,0.0,0.0,0.0,0.11289,-0.12035,0.15053,0.00199,0.92027
212.98,SYN.ETH-30AUG19,1565607540849,open,0.32,0.0,0.281,0.375,0.326981,98.14,None,0.0,ETH-30AUG19-280-P,211.86,0.0,0.0,0.0,0.0,0.0,0.0,0.09693,-0.26609,-0.12539,0.00445,-0.87516
214.73,ETH-27SEP19,1565607540851,open,0.06,5777.0,0.031,0.092,0.060759,97.18,0.07,0.0,ETH-27SEP19-180-P,211.86,93.81,0.057,300.0,0.064,388.0,100.07,0.2403,-0.25451,-0.08303,0.00427,-0.24688
214.73,ETH-27SEP19,1565607540854,open,0.04,3678.0,0.015,0.068,0.039551,101.02,0.045,0.0,ETH-27SEP19-300-C,211.86,99.55,0.038,10.0,0.041,160.0,102.37,0.22844,-0.25151,0.05011,0.0039,0.22522
214.73,ETH-27SEP19,1565607540854,open,0.35,1157.0,0.3,0.413,0.357106,100.33,0.359,0.0,ETH-27SEP19-280-P,211.86,85.45,0.34,110.0,0.4,25.0,133.76,0.25841,-0.28257,-0.28937,0.00444,-0.71509
214.73,ETH-27SEP19,1565607540857,open,0.6,347.0,0.547,0.666,0.605093,101.9,0.565,0.0,ETH-27SEP19-340-P,211.86,83.53,0.593,110.0,0.669,25.0,162.69,0.1674,-0.18591,-0.39608,0.00283,-0.86247
214.73,ETH-27SEP19,1565607540857,open,0.02,2762.0,0.004,0.035,0.016193,102.42,0.017,0.0,ETH-27SEP19-360-C,211.86,98.95,0.014,610.0,0.018,200.0,105.11,0.14053,-0.15687,0.02457,0.00237,0.10721
217.47,ETH-27DEC19,1565607540857,open,0.36,3.0,0.314,0.4,0.360748,97.28,0.366,0.0,ETH-27DEC19-160-C,211.86,0.0,0.08,10.0,0.98,5.0,500.0,0.38176,-0.13566,0.35161,0.00221,0.79189
214.73,ETH-27SEP19,1565607540857,open,0.01,2471.0,0.001,0.016,0.005804,106.23,0.01,0.0,ETH-27SEP19-440-C,211.86,100.02,0.004,610.0,0.007,200.0,109.71,0.0696,-0.08058,0.01005,0.00113,0.04303
217.47,ETH-27DEC19,1565607540859,open,0.02,1328.0,0.004,0.035,0.01551,107.32,0.02,0.0,ETH-27DEC19-720-C,211.86,102.61,0.012,350.0,0.018,50.0,110.3,0.1743,-0.06833,0.04258,0.00092,0.06772
212.98,SYN.ETH-30AUG19,1565607540859,open,0.0,3915.0,0.001,0.012,0.002508,105.76,0.005,0.0,ETH-30AUG19-340-C,211.86,92.68,0.001,370.0,0.004,450.0,114.29,0.03203,-0.09476,0.00286,0.00136,0.02996
214.73,ETH-27SEP19,1565607540861,open,0.01,1897.0,0.003,0.028,0.012231,103.13,0.016,0.0,ETH-27SEP19-380-C,211.86,98.84,0.01,610.0,0.014,200.0,106.25,0.11747,-0.13204,0.01938,0.00197,0.08405
214.73,ETH-27SEP19,1565607540861,open,1.78,27.0,1.713,1.886,1.796198,121.38,1.044,0.0,ETH-27SEP19-600-P,211.86,0.0,0.0,0.0,0.0,0.0,0.0,0.02866,-0.03792,-0.75064,0.00041,-0.9851
214.73,ETH-27SEP19,1565607540863,open,2.15,0.0,2.075,2.267,2.167763,123.35,None,0.0,ETH-27SEP19-680-P,211.86,0.0,0.0,0.0,0.0,0.0,0.0,0.01635,-0.02198,-0.85283,0.00023,-0.99218
214.73,ETH-27SEP19,1565607540863,open,0.02,1934.0,0.006,0.043,0.021709,101.9,0.021,0.0,ETH-27SEP19-340-C,211.86,98.32,0.019,604.0,0.024,200.0,104.77,0.1674,-0.18591,0.03126,0.00283,0.13753
212.98,SYN.ETH-30AUG19,1565607540863,open,0.41,0.0,0.37,0.466,0.416033,101.8,None,0.0,ETH-30AUG19-300-P,211.86,0.0,0.0,0.0,0.0,0.0,0.0,0.06978,-0.19869,-0.1394,0.00309,-0.92044
212.98,SYN.ETH-30AUG19,1565607540863,open,0.18,757.0,0.142,0.208,0.17703,93.35,0.25,0.0,ETH-30AUG19-180-C,211.86,86.2,0.173,120.0,0.221,15.0,159.66,0.12342,-0.32224,0.06713,0.00595,0.8206
217.47,ETH-27DEC19,1565607540865,open,2.5,0.0,2.397,2.629,2.50779,107.55,None,0.0,ETH-27DEC19-760-P,211.86,0.0,0.001,100.0,0.0,0.0,0.0,0.15477,-0.06081,-2.81325,0.00081,-0.94186
212.1,SYN.ETH-16AUG19,1565607540877,open,0.0,124.0,0.001,0.011,0.001864,93.32,0.002,0.0,ETH-16AUG19-250-C,211.86,94.61,0.002,6.0,0.003,600.0,102.89,0.02193,-0.26409,0.00105,0.00492,0.04832
11835.66,BTC-27DEC19,1565607540885,open,0.08,556.1,0.0375,0.1215,0.07754647,96.85,0.082,0.0,BTC-27DEC19-20000-C,11371.96,95.12,0.074,21.4,0.081,17.3,98.52,24.32452,-8.60588,8.90887,5e-05,0.27827
11579.66,BTC-27SEP19,1565607540939,open,0.0,681.9,0.0005,0.011,0.00126027,107.91,0.004,0.0,BTC-27SEP19-30000-C,11371.96,97.75,0.0005,16.3,0.002,39.0,114.08,1.1709,-1.37712,0.13897,1e-05,0.01081
11579.66,BTC-27SEP19,1565607540939,open,0.0,373.8,0.0005,0.011,0.00105251,117.95,0.001,0.0,BTC-27SEP19-4500-P,11371.96,107.53,0.0005,9.0,0.0015,4.1,123.85,0.7764,-0.99808,-0.1138,0.0,-0.00677
212.1,SYN.ETH-16AUG19,1565607540976,open,0.18,0.0,0.145,0.219,0.18054,93.32,None,0.0,ETH-16AUG19-250-P,211.86,0.0,0.0,0.0,0.0,0.0,0.0,0.02193,-0.26408,-0.0255,0.00492,-0.95168
11835.66,BTC-27DEC19,1565607541001,open,0.25,558.8,0.201,0.2985,0.25241621,92.61,0.251,0.0,BTC-27DEC19-11000-C,11371.96,90.64,0.248,23.0,0.2545,8.0,93.54,26.5546,-8.98335,18.09355,5e-05,0.66008
212.54,SYN.ETH-23AUG19,1565607541001,open,0.08,5.0,0.046,0.121,0.083773,92.46,0.081,0.0,ETH-23AUG19-220-P,211.86,83.98,0.078,150.0,0.086,350.0,95.72,0.14501,-0.61642,-0.0404,0.01165,-0.55422
11835.66,BTC-27DEC19,1565607541010,open,0.0,99.9,0.0005,0.0105,0.00099824,124.73,0.0005,0.0,BTC-27DEC19-2000-P,11371.96,114.74,0.0005,1.0,0.0015,23.4,131.73,0.7358,-0.33525,-0.19377,0.0,-0.00337
11835.66,BTC-27DEC19,1565607541055,open,0.92,4.9,0.8535,0.9905,0.92004807,97.51,0.88,0.0,BTC-27DEC19-22000-P,11371.96,49.82,0.862,3.0,0.989,3.0,130.39,21.99512,-7.83455,-75.02164,4e-05,-0.77024
212.1,SYN.ETH-16AUG19,1565607541059,open,0.0,1369.0,0.001,0.011,0.000955,98.77,0.001,0.0,ETH-16AUG19-260-C,211.86,0.0,0.0,0.0,0.002,753.0,112.08,0.01304,-0.16611,0.00056,0.00276,0.02561
11579.66,BTC-27SEP19,1565607541066,open,0.74,0.0,0.697,0.7875,0.739519,100.14,0.691,0.0,BTC-27SEP19-20000-P,11371.96,0.0,0.004,10.0,1.2455,0.2,500.0,6.47991,-7.07244,-24.05625,4e-05,-0.91336
212.1,SYN.ETH-16AUG19,1565607541148,open,0.22,0.0,0.191,0.266,0.226777,98.77,None,0.0,ETH-16AUG19-260-P,211.86,0.0,0.0,0.0,0.0,0.0,0.0,0.01304,-0.1661,-0.02705,0.00276,-0.97439
212.98,SYN.ETH-30AUG19,1565607541205,open,0.0,770.0,0.001,0.011,0.001995,100.0,0.004,0.0,ETH-30AUG19-140-P,211.86,89.71,0.001,201.0,0.003,250.0,107.5,0.02512,-0.07026,-0.00254,0.00113,-0.0224
212.1,SYN.ETH-16AUG19,1565607541236,open,0.0,186.0,0.001,0.011,0.000479,103.17,0.001,0.0,ETH-16AUG19-270-C,211.86,0.0,0.0,0.0,0.001,90.0,114.53,0.00747,-0.09941,0.00029,0.00152,0.01331
212.54,SYN.ETH-23AUG19,1565607541313,open,0.02,63.0,0.005,0.045,0.021879,92.65,0.024,0.0,ETH-23AUG19-240-C,211.86,87.29,0.019,200.0,0.024,455.0,96.49,0.11617,-0.49484,0.01434,0.00932,0.24833
212.1,SYN.ETH-16AUG19,1565607541320,open,0.27,0.0,0.236,0.314,0.273448,103.17,None,0.0,ETH-16AUG19-270-P,211.86,0.0,0.0,0.0,0.0,0.0,0.0,0.00747,-0.0994,-0.02838,0.00152,-0.98669
212.1,SYN.ETH-16AUG19,1565607541411,open,0.0,119.0,0.001,0.011,0.000653,121.16,0.001,0.0,ETH-16AUG19-280-C,211.86,0.0,0.0,0.0,0.001,200.0,128.7,0.00842,-0.13165,0.00033,0.00146,0.01531
11835.66,BTC-27DEC19,1565607541491,open,0.19,204.8,0.136,0.2385,0.18937407,93.11,0.1895,0.0,BTC-27DEC19-13000-C,11371.96,91.52,0.1855,13.0,0.191,0.4,93.78,28.70546,-9.76367,15.91589,6e-05,0.54797
212.1,SYN.ETH-16AUG19,1565607541498,open,0.32,0.0,0.282,0.363,0.320769,121.16,None,0.0,ETH-16AUG19-280-P,211.86,0.0,0.0,0.0,0.0,0.0,0.0,0.00842,-0.13165,-0.0294,0.00146,-0.98469
212.54,SYN.ETH-23AUG19,1565607541518,open,0.01,125.0,0.002,0.033,0.014016,92.65,0.012,0.0,ETH-23AUG19-250-C,211.86,88.0,0.012,200.0,0.014,5.0,92.62,0.09454,-0.40269,0.01019,0.00758,0.17489
212.54,SYN.ETH-23AUG19,1565607541627,open,0.19,0.0,0.149,0.233,0.190263,92.65,None,0.0,ETH-23AUG19-250-P,211.86,0.0,0.0,0.0,0.0,0.0,0.0,0.09454,-0.40269,-0.0643,0.00758,-0.82511
11421.2,SYN.BTC-23AUG19,1565607541670,open,0.3,0.0,0.2855,0.317,0.30056337,99.74,None,0.0,BTC-23AUG19-8000-C,11371.96,0.0,0.0,0.0,0.0,0.0,0.0,0.77316,-3.54543,2.32709,2e-05,0.98438
11389.51,SYN.BTC-16AUG19,1565607541680,open,0.09,32.3,0.062,0.1105,0.08651097,86.55,0.082,0.0,BTC-16AUG19-10500-C,11371.96,84.57,0.086,4.1,0.089,3.2,95.74,2.96381,-33.09488,0.89982,0.00025,0.83055
11421.2,SYN.BTC-23AUG19,1565607541706,open,0.19,0.0,0.163,0.228,0.1945033,90.89,None,0.0,BTC-23AUG19-13500-P,11371.96,0.0,0.0,0.0,0.0,0.0,0.0,4.83038,-20.18328,-3.51469,0.00014,-0.83828
11389.51,SYN.BTC-16AUG19,1565607541719,open,0.34,0.0,0.3285,0.3545,0.34151574,125.09,None,0.0,BTC-16AUG19-7500-C,11371.96,0.0,0.0005,3.0,0.0,0.0,0.0,0.01984,-0.32019,0.79578,0.0,0.99953
11389.51,SYN.BTC-16AUG19,1565607541719,open,0.0,169.3,0.0005,0.0105,0.00094678,115.43,0.001,0.0,BTC-16AUG19-9000-P,11371.96,104.94,0.0005,32.8,0.0015,15.2,124.71,0.5856,-8.72062,-0.02621,4e-05,-0.02072
212.54,SYN.ETH-23AUG19,1565607541728,open,0.01,122.0,0.001,0.024,0.00874,92.65,0.013,0.0,ETH-23AUG19-260-C,211.86,87.33,0.007,200.0,0.01,250.0,96.22,0.07294,-0.31069,0.00698,0.00585,0.11895
11389.51,SYN.BTC-16AUG19,1565607541775,open,0.0,166.7,0.0005,0.0115,0.00173651,110.41,0.002,0.0,BTC-16AUG19-14000-C,11371.96,107.6,0.0015,0.9,0.002,6.2,113.28,1.00022,-14.24667,0.04562,7e-05,0.03946
11835.66,BTC-27DEC19,1565607541871,open,0.03,214.3,0.013,0.0525,0.03059324,92.62,0.0295,0.0,BTC-27DEC19-6500-P,11371.96,91.0,0.029,6.0,0.0315,0.4,93.52,11.77734,-3.98453,-5.35583,2e-05,-0.09008
11421.2,SYN.BTC-23AUG19,1565607541877,open,0.31,0.0,0.288,0.3495,0.31704698,94.71,None,0.0,BTC-23AUG19-15000-P,11371.96,0.0,0.0,0.0,0.0,0.0,0.0,2.23769,-9.74341,-4.29005,6e-05,-0.94358
11389.51,SYN.BTC-16AUG19,1565607541895,open,0.0,215.3,0.0005,0.0105,0.00019704,125.0,0.001,0.0,BTC-16AUG19-16000-C,11371.96,0.0,0.0,0.0,0.001,50.0,152.32,0.17033,-2.24415,0.00583,1e-05,0.00502
11421.2,SYN.BTC-23AUG19,1565607541911,open,0.08,4.4,0.0485,0.107,0.07896668,86.92,0.08,0.0,BTC-23AUG19-11000-C,11371.96,84.68,0.0775,3.4,0.0815,3.2,90.8,7.45939,-29.80927,1.867,0.00022,0.62758
11389.51,SYN.BTC-16AUG19,1565607541996,open,0.01,354.2,0.0005,0.0255,0.00837531,91.28,0.0095,0.0,BTC-16AUG19-12500-C,11371.96,89.85,0.008,1.0,0.0095,2.8,95.45,3.00411,-35.37601,0.19918,0.00024,0.17307
11579.66,BTC-27SEP19,1565607541998,open,0.07,216.8,0.033,0.0985,0.06514206,94.53,0.0655,0.0,BTC-27SEP19-14000-C,11371.96,92.5,0.0625,45.1,0.067,0.4,95.95,15.12584,-15.58446,4.07349,9e-05,0.34503
11421.2,SYN.BTC-23AUG19,1565607542011,open,0.12,10.6,0.0885,0.156,0.12247731,89.66,0.1,0.0,BTC-23AUG19-12500-P,11371.96,76.98,0.115,3.0,0.1265,3.0,96.23,6.92076,-28.52825,-2.77684,0.0002,-0.6935
11421.2,SYN.BTC-23AUG19,1565607542022,open,0.18,0.0,0.1535,0.199,0.1761778,89.33,None,0.0,BTC-23AUG19-9500-C,11371.96,0.0,0.0,0.0,0.0,0.0,0.0,3.50449,-14.39253,2.45722,0.0001,0.89823
11389.51,SYN.BTC-16AUG19,1565607542105,open,0.01,145.5,0.0005,0.025,0.00841197,86.55,0.009,0.0,BTC-16AUG19-10500-P,11371.96,84.96,0.008,0.1,0.009,2.8,88.79,2.96379,-33.09436,-0.21511,0.00025,-0.16945
11389.51,SYN.BTC-16AUG19,1565607542114,open,0.17,5.3,0.149,0.187,0.16723929,98.17,0.18,0.0,BTC-16AUG19-9500-C,11371.96,0.0,0.1425,4.0,0.1895,4.0,215.6,0.85558,-10.83602,0.96768,6e-05,0.96739
11452.89,SYN.BTC-30AUG19,1565607542180,open,0.03,654.9,0.0095,0.0505,0.02785635,90.74,0.025,0.0,BTC-30AUG19-10000-P,11371.96,88.65,0.0265,24.0,0.0285,0.4,91.72,7.48264,-18.99063,-1.38394,0.00013,-0.21888
11389.51,SYN.BTC-16AUG19,1565607542179,open,0.23,0.0,0.2055,0.2605,0.2309379,110.4,None,0.0,BTC-16AUG19-14000-P,11371.96,0.0,0.0,0.0,0.0,0.0,0.0,1.00012,-14.24484,-1.44095,7e-05,-0.96055
11389.51,SYN.BTC-16AUG19,1565607542202,open,0.0,2.0,0.0005,0.0105,1.643e-05,125.0,0.0005,0.0,BTC-16AUG19-7500-P,11371.96,0.0,0.0,0.0,0.0005,32.0,174.63,0.01969,-0.18714,-0.00059,0.0,-0.00047
11421.2,SYN.BTC-23AUG19,1565607542223,open,0.01,70.9,0.0005,0.023,0.00813787,91.52,0.0085,0.0,BTC-23AUG19-14000-C,11371.96,89.56,0.0075,3.3,0.009,0.1,94.06,3.78362,-15.91919,0.35749,0.00011,0.11319
11421.2,SYN.BTC-23AUG19,1565607542276,open,0.0,0.3,0.0005,0.011,0.00101477,99.74,0.0015,0.0,BTC-23AUG19-8000-P,11371.96,90.32,0.0005,72.0,0.0015,0.2,106.04,0.77294,-3.5442,-0.0566,2e-05,-0.01562
11421.2,SYN.BTC-23AUG19,1565607542301,open,0.06,8.6,0.028,0.084,0.05662173,86.92,0.0565,0.0,BTC-23AUG19-11500-C,11371.96,86.02,0.056,2.0,0.059,0.4,90.38,7.86174,-31.41741,1.5485,0.00023,0.51165
11421.2,SYN.BTC-23AUG19,1565607542351,open,0.0,2.4,0.0005,0.012,0.00239596,95.52,0.003,0.0,BTC-23AUG19-15500-C,11371.96,88.39,0.0015,54.2,0.0035,38.0,102.35,1.64304,-7.215,0.12249,4e-05,0.03839
11421.2,SYN.BTC-23AUG19,1565607542437,open,0.02,33.1,0.004,0.04,0.01904493,90.58,0.017,0.0,BTC-23AUG19-13000-C,11371.96,90.5,0.019,1.0,0.0205,24.0,93.35,5.93737,-24.72606,0.70654,0.00017,0.22666
212.54,SYN.ETH-23AUG19,1565607542489,open,0.36,0.0,0.325,0.411,0.366387,93.46,None,0.0,ETH-23AUG19-290-P,211.86,0.0,0.0,0.0,0.0,0.0,0.0,0.02666,-0.11453,-0.08448,0.00212,-0.96752
11389.51,SYN.BTC-16AUG19,1565607542493,open,0.06,120.5,0.027,0.0795,0.05411036,85.01,0.053,0.0,BTC-16AUG19-11000-C,11371.96,82.03,0.053,3.5,0.055,0.1,87.39,4.24822,-46.59146,0.74533,0.00036,0.6704
11389.51,SYN.BTC-16AUG19,1565607542517,open,0.4,0.0,0.3775,0.4355,0.40499862,124.98,None,0.0,BTC-16AUG19-16000-P,11371.96,0.0,0.0,0.0,0.0,0.0,0.0,0.17012,-2.74288,-1.69311,1e-05,-0.99499
11389.51,SYN.BTC-16AUG19,1565607542618,open,0.1,35.2,0.078,0.1355,0.10587655,91.28,0.1,0.0,BTC-16AUG19-12500-P,11371.96,52.61,0.0985,3.0,0.11,15.0,105.88,3.00408,-35.37528,-1.12812,0.00024,-0.82693
11389.51,SYN.BTC-16AUG19,1565607542622,open,0.3,0.0,0.2835,0.3125,0.29769855,125.02,None,0.0,BTC-16AUG19-8000-C,11371.96,0.0,0.0005,5.0,0.0,0.0,0.0,0.09123,-1.47148,0.84632,1e-05,0.9975
11835.64,BTC-27DEC19,1565607542626,open,0.02,92.1,0.0055,0.0315,0.01612708,93.84,0.014,0.0,BTC-27DEC19-5500-P,11371.97,92.1,0.015,6.0,0.0175,11.0,95.89,7.77267,-2.66441,-3.04658,2e-05,-0.05251
11835.64,BTC-27DEC19,1565607542626,open,0.01,203.3,0.0005,0.024,0.00823837,103.55,0.013,0.0,BTC-27DEC19-44000-C,11371.97,101.07,0.007,8.0,0.0095,16.0,105.85,6.21413,-2.35066,1.39866,1e-05,0.03975
11579.64,BTC-27SEP19,1565607542626,open,0.0,586.8,0.0005,0.0105,7.121e-05,125.0,0.0005,0.0,BTC-27SEP19-3000-P,11371.97,0.0,0.0,0.0,0.001,33.0,164.46,0.0782,-0.10654,-0.00888,0.0,-0.00054
11579.64,BTC-27SEP19,1565607542626,open,0.34,29.7,0.2985,0.392,0.3450936,96.2,0.335,0.0,BTC-27SEP19-15000-P,11371.97,70.06,0.317,3.0,0.3705,3.0,116.57,13.77476,-14.44204,-15.52839,8e-05,-0.72185
11579.64,BTC-27SEP19,1565607542626,open,0.02,430.0,0.006,0.0435,0.02124545,98.56,0.021,0.0,BTC-27SEP19-18000-C,11371.97,96.29,0.0195,32.0,0.023,46.8,100.76,9.06366,-9.73594,1.70427,5e-05,0.13834
11835.64,BTC-27DEC19,1565607542626,open,0.14,335.7,0.091,0.1825,0.137151,92.61,0.1305,0.0,BTC-27DEC19-10000-P,11371.97,90.35,0.1325,10.9,0.1385,8.5,93.26,24.42792,-8.26382,-18.54636,5e-05,-0.28071
11835.64,BTC-27DEC19,1565607542626,open,0.05,313.0,0.019,0.0865,0.04899935,98.2,0.0515,0.0,BTC-27DEC19-24000-C,11371.97,96.69,0.0465,12.9,0.051,15.0,99.39,19.72034,-7.07425,6.29464,4e-05,0.19082
11579.64,BTC-27SEP19,1565607542626,open,0.1,177.2,0.066,0.1405,0.10340072,92.43,0.0995,0.0,BTC-27SEP19-11000-P,11371.97,90.27,0.1005,25.3,0.105,0.4,93.62,15.55739,-15.67252,-6.9521,0.0001,-0.37427
11835.64,BTC-27DEC19,1565607542626,open,0.83,0.0,0.8225,0.842,0.83201739,124.73,None,0.0,BTC-27DEC19-2000-C,11371.97,0.0,0.7625,8.0,0.8995,8.0,341.23,0.73594,-0.33533,7.30622,0.0,0.99663
11835.64,BTC-27DEC19,1565607542626,open,0.87,0.1,0.864,0.8835,0.87353717,125.01,0.84,0.0,BTC-27DEC19-1500-C,11371.97,0.0,0.803,8.0,0.8995,8.0,278.93,0.25102,-0.11463,5.56714,0.0,0.99897
11835.65,BTC-27DEC19,1565607542626,open,0.07,418.3,0.0355,0.099,0.06616814,92.61,0.066,0.0,BTC-27DEC19-8000-P,11371.97,90.51,0.063,4.9,0.065,0.4,91.84,17.98996,-6.08591,-10.25915,4e-05,-0.16498
11579.64,BTC-27SEP19,1565607542626,open,0.09,281.0,0.0505,0.122,0.0867512,93.52,0.094,0.0,BTC-27SEP19-13000-C,11371.97,91.54,0.084,13.0,0.089,15.7,95.14,16.10512,-16.4162,4.95682,0.0001,0.42733
11579.64,BTC-27SEP19,1565607542626,open,0.7,261.1,0.688,0.7075,0.6979989,125.03,0.714,0.0,BTC-27SEP19-3500-C,11371.97,0.0,0.635,7.0,0.7305,8.0,294.25,0.22989,-0.31326,4.36996,0.0,0.99826
11579.64,BTC-27SEP19,1565607542626,open,0.68,0.0,0.667,0.6865,0.67658793,125.03,None,0.0,BTC-27SEP19-3750-C,11371.97,0.0,0.6145,7.0,0.7155,7.0,295.8,0.35787,-0.48766,4.66558,0.0,0.99716
11579.64,BTC-27SEP19,1565607542626,open,0.57,789.2,0.56,0.5805,0.56966306,110.54,0.5015,0.0,BTC-27SEP19-5000-C,11371.97,0.0,0.512,7.0,0.6255,8.0,262.61,1.06243,-1.27997,6.12244,1e-05,0.99033
11579.64,BTC-27SEP19,1565607542626,open,0.01,434.6,0.0005,0.02,0.00843821,97.05,0.008,0.0,BTC-27SEP19-7000-P,11371.97,94.46,0.0075,24.0,0.0095,26.0,99.83,4.30365,-4.55235,-0.86558,3e-05,-0.05103
11579.64,BTC-27SEP19,1565607542626,open,0.57,1.0,0.532,0.6235,0.57569524,98.55,1.5815,0.0,BTC-27SEP19-18000-P,11371.97,0.0,0.08,1.0,1.0935,0.3,500.0,9.06317,-9.73507,-20.91948,5e-05,-0.86167
11579.64,BTC-27SEP19,1565607542627,open,0.0,405.8,0.0005,0.0105,1.385e-05,125.0,0.0005,0.0,BTC-27SEP19-2500-P,11371.97,0.0,0.0,0.0,0.0005,12.0,171.12,0.01872,-0.0255,-0.00189,0.0,-0.00012
11835.65,BTC-27DEC19,1565607542627,open,2.38,0.0,2.316,2.4755,2.39093524,102.9,2.58,0.0,BTC-27DEC19-40000-P,11371.97,0.0,0.0005,3.0,0.0,0.0,0.0,7.81584,-2.93783,-148.15585,1e-05,-0.94712
11835.65,BTC-27DEC19,1565607542627,open,0.55,59.3,0.5325,0.5715,0.55142966,93.84,0.51,0.0,BTC-27DEC19-5500-C,11371.97,0.0,0.4935,8.0,0.6065,8.0,154.39,7.77275,-2.66445,17.57849,2e-05,0.94748
11835.65,BTC-27DEC19,1565607542627,open,0.29,106.3,0.227,0.3455,0.28774849,93.11,0.2895,0.0,BTC-27DEC19-13000-P,11371.97,91.57,0.284,3.0,0.29,3.2,94.04,28.70545,-9.76359,-32.83436,6e-05,-0.45203
11835.65,BTC-27DEC19,1565607542626,open,2.72,0.0,2.6465,2.8145,2.72581728,103.55,3.46,0.0,BTC-27DEC19-44000-P,11371.97,0.0,0.0,0.0,0.0,0.0,0.0,6.21263,-2.34996,-163.60256,1e-05,-0.96026
11835.65,BTC-27DEC19,1565607542627,open,0.0,208.8,0.0005,0.011,0.00127521,112.77,0.0015,0.0,BTC-27DEC19-2500-P,11371.97,100.45,0.0005,14.3,0.002,19.7,120.17,0.9928,-0.40898,-0.26544,0.0,-0.00471
11835.65,BTC-27DEC19,1565607542627,open,0.1,334.8,0.0595,0.138,0.09842943,92.61,0.097,0.0,BTC-27DEC19-9000-P,11371.97,90.45,0.0945,4.9,0.0955,18.0,91.0,21.55436,-7.29173,-14.20793,4e-05,-0.22169
11835.65,BTC-27DEC19,1565607542627,open,0.01,531.9,0.0005,0.017,0.00722395,95.71,0.0085,0.0,BTC-27DEC19-4500-P,11371.97,93.69,0.0065,8.6,0.008,5.2,97.75,4.37836,-1.53075,-1.4749,1e-05,-0.02601
11835.65,BTC-27DEC19,1565607542627,open,0.02,147.0,0.006,0.0485,0.02217026,100.8,0.027,0.0,BTC-27DEC19-32000-C,11371.97,99.17,0.0205,8.0,0.024,16.0,102.51,12.37611,-4.55692,3.29148,2e-05,0.09633
11579.64,BTC-27SEP19,1565607542626,open,0.0,330.4,0.0005,0.011,0.00123139,114.05,0.0015,0.0,BTC-27SEP19-4750-P,11371.97,101.73,0.0005,37.7,0.002,35.0,122.36,0.90618,-1.12644,-0.13529,0.0,-0.00806
11835.65,BTC-27DEC19,1565607542626,open,0.75,0.0,0.739,0.7585,0.74850384,106.22,None,0.0,BTC-27DEC19-3000-C,11371.97,0.0,0.6825,8.0,0.8125,8.0,251.15,1.49052,-0.57835,10.83214,0.0,0.99256
11835.65,BTC-27DEC19,1565607542627,open,0.0,175.8,0.0005,0.0105,0.00027282,125.0,0.0005,0.0,BTC-27DEC19-1500-P,11371.97,0.0,0.0,0.0,0.001,20.8,145.22,0.25087,-0.11455,-0.05785,0.0,-0.00103
11835.65,BTC-27DEC19,1565607542627,open,0.02,385.4,0.0035,0.037,0.01534733,101.55,0.017,0.0,BTC-27DEC19-36000-C,11371.97,99.21,0.0135,16.5,0.017,6.0,103.51,9.70111,-3.59865,2.41309,2e-05,0.06972
11389.51,SYN.BTC-16AUG19,1565607542625,open,0.03,157.4,0.008,0.0545,0.03046369,85.0,0.0285,0.0,BTC-16AUG19-11500-C,11371.97,80.21,0.0285,11.5,0.032,3.8,88.75,4.67181,-51.23067,0.53582,0.0004,0.47352
11835.65,BTC-27DEC19,1565607542627,open,0.01,993.9,0.0005,0.016,0.00479052,105.25,0.0055,0.0,BTC-27DEC19-52000-C,11371.97,102.84,0.004,5.0,0.0055,10.0,107.19,4.11866,-1.58349,0.86044,1e-05,0.02418
11579.64,BTC-27SEP19,1565607542627,open,0.01,665.1,0.0025,0.0295,0.01235682,100.15,0.013,0.0,BTC-27SEP19-20000-C,11371.97,97.65,0.011,32.0,0.0135,41.8,102.15,6.48104,-7.07422,1.08135,4e-05,0.08666
11835.65,BTC-27DEC19,1565607542627,open,0.79,0.0,0.7805,0.8,0.79004913,112.77,None,0.0,BTC-27DEC19-2500-C,11371.97,0.0,0.7225,8.0,0.856,8.0,288.99,0.9929,-0.40903,9.10957,0.0,0.99529
11579.64,BTC-27SEP19,1565607542627,open,0.0,389.0,0.0005,0.012,0.00246043,107.3,0.0025,0.0,BTC-27SEP19-5500-P,11371.97,99.42,0.0015,39.0,0.0035,53.9,113.9,1.63312,-1.90993,-0.267,1e-05,-0.01589
11389.51,SYN.BTC-16AUG19,1565607542625,open,0.26,0.0,0.2385,0.271,0.2541383,124.91,None,0.0,BTC-16AUG19-8500-C,11371.97,0.0,0.0005,3.0,0.0,0.0,0.0,0.3046,-4.90874,0.8903,2e-05,0.9903
11835.65,BTC-27DEC19,1565607542628,open,0.22,162.3,0.165,0.266,0.21791868,92.61,0.218,0.0,BTC-27DEC19-12000-C,11371.97,90.95,0.214,13.1,0.2205,0.4,93.7,27.95928,-9.45839,17.05916,6e-05,0.60227
11579.65,BTC-27SEP19,1565607542628,open,1.41,0.0,1.371,1.473,1.41961977,104.18,None,0.0,BTC-27SEP19-28000-P,11371.97,0.0,0.0,0.0,0.0,0.0,0.0,1.43731,-1.63199,-35.01608,1e-05,-0.98631
11835.65,BTC-27DEC19,1565607542628,open,1.23,0.0,1.1705,1.3095,1.23643295,98.92,None,0.0,BTC-27DEC19-26000-P,11371.97,0.0,1.169,3.0,1.316,3.0,141.18,17.60423,-6.36159,-92.17906,3e-05,-0.84042
11421.2,SYN.BTC-23AUG19,1565607542625,open,0.14,1.0,0.113,0.164,0.13889002,86.93,0.1375,0.0,BTC-23AUG19-10000-C,11371.97,0.0,0.0,0.0,0.0,0.0,0.0,4.95843,-19.81741,2.35742,0.00015,0.83162
11835.65,BTC-27DEC19,1565607542628,open,0.05,159.0,0.0265,0.082,0.0525806,92.61,0.0525,0.0,BTC-27DEC19-7500-P,11371.97,90.69,0.05,6.0,0.0525,15.8,92.55,15.99813,-5.41208,-8.47186,3e-05,-0.1383
11579.65,BTC-27SEP19,1565607542628,open,0.63,9.2,0.624,0.6435,0.63396306,123.56,0.574,0.0,BTC-27SEP19-4250-C,11371.97,0.0,0.5735,7.0,0.6865,7.0,297.27,0.70663,-0.95158,5.23879,0.0,0.99392
11835.65,BTC-27DEC19,1565607542628,open,0.03,293.3,0.0075,0.0555,0.02657669,100.1,0.028,0.0,BTC-27DEC19-30000-C,11371.97,98.3,0.0245,14.0,0.0285,16.0,101.71,13.89345,-5.08048,3.83578,3e-05,0.113
11835.65,BTC-27DEC19,1565607542628,open,0.59,65.4,0.573,0.6055,0.58847237,94.42,0.608,0.0,BTC-27DEC19-5000-C,11371.97,0.0,0.529,8.0,0.6455,8.0,166.42,5.93703,-2.04769,16.59696,1e-05,0.96241
11579.65,BTC-27SEP19,1565607542628,open,0.66,227.5,0.6455,0.665,0.65519998,123.56,0.7065,0.0,BTC-27SEP19-4000-C,11371.97,0.0,0.594,7.0,0.7005,8.0,295.98,0.49473,-0.66623,4.95891,0.0,0.99592
11579.65,BTC-27SEP19,1565607542628,open,0.72,0.0,0.7095,0.729,0.71947482,125.02,None,0.0,BTC-27SEP19-3250-C,11371.97,0.0,0.6555,7.0,0.7825,8.0,394.57,0.13905,-0.18947,4.06814,0.0,0.99899
11835.65,BTC-27DEC19,1565607542628,open,0.01,345.2,0.0015,0.03,0.01131805,102.9,0.0135,0.0,BTC-27DEC19-40000-C,11371.97,100.83,0.01,12.0,0.0125,6.0,104.64,7.81703,-2.9384,1.84523,1e-05,0.05289
11389.51,SYN.BTC-16AUG19,1565607542626,open,0.39,0.0,0.373,0.3975,0.38540113,125.37,None,0.0,BTC-16AUG19-7000-C,11371.97,0.0,0.0005,3.1,0.0,0.0,0.0,0.00303,-0.04894,0.7432,0.0,0.99994
11389.51,SYN.BTC-16AUG19,1565607542626,open,0.0,264.7,0.0005,0.0105,0.00093746,113.46,0.001,0.0,BTC-16AUG19-14500-C,11371.97,103.81,0.0005,209.0,0.001,0.1,114.57,0.62508,-9.1494,0.02594,4e-05,0.02239
11579.65,BTC-27SEP19,1565607542629,open,0.53,221.9,0.516,0.5405,0.52749006,107.31,0.51,0.0,BTC-27SEP19-5500-C,11371.97,0.0,0.525,3.0,0.5815,8.0,236.88,1.63345,-1.91042,6.64571,1e-05,0.98411
11389.51,SYN.BTC-16AUG19,1565607542625,open,0.0,191.6,0.0005,0.011,0.00134023,98.17,0.001,0.0,BTC-16AUG19-9500-P,11371.97,93.24,0.001,30.9,0.002,0.1,105.96,0.85551,-10.8348,-0.04105,6e-05,-0.03261
11835.65,BTC-27DEC19,1565607542629,open,0.39,204.5,0.353,0.4255,0.3902447,92.61,0.4065,0.0,BTC-27DEC19-8000-C,11371.97,86.78,0.3815,15.7,0.3925,15.7,94.09,17.98999,-6.08595,19.74095,4e-05,0.83502
11579.65,BTC-27SEP19,1565607542629,open,0.0,761.1,0.0005,0.011,0.00100946,111.18,0.002,0.0,BTC-27SEP19-32000-C,11371.97,103.39,0.0005,1.6,0.0015,39.0,116.28,0.96044,-1.16386,0.11071,1e-05,0.00862
11835.65,BTC-27DEC19,1565607542629,open,0.45,52.5,0.4195,0.4785,0.44928797,92.61,0.4165,0.0,BTC-27DEC19-7000-C,11371.97,0.0,0.394,8.0,0.499,8.0,130.6,13.91145,-4.7062,19.41828,3e-05,0.8868
11835.65,BTC-27DEC19,1565607542629,open,0.06,181.3,0.0265,0.102,0.06126282,97.51,0.0645,0.0,BTC-27DEC19-22000-C,11371.97,95.74,0.058,22.4,0.064,4.9,98.97,21.99561,-7.83491,7.479,4e-05,0.22977
11579.65,BTC-27SEP19,1565607542629,open,0.16,519.5,0.1145,0.189,0.15345919,92.43,0.1555,0.0,BTC-27SEP19-11000-C,11371.97,89.48,0.1495,13.0,0.1555,13.3,93.95,15.55739,-15.67267,6.87345,0.0001,0.62573
11421.2,SYN.BTC-23AUG19,1565607542625,open,0.23,0.0,0.204,0.267,0.23392808,91.51,None,0.0,BTC-23AUG19-14000-P,11371.97,0.0,0.0,0.0,0.0,0.0,0.0,3.78346,-15.91812,-3.81403,0.00011,-0.88682
11579.65,BTC-27SEP19,1565607542629,open,1.07,0.2,1.033,1.1265,1.07691908,102.49,1.6,0.0,BTC-27SEP19-24000-P,11371.97,0.0,0.0,0.0,0.0,0.0,0.0,3.10295,-3.46624,-29.73178,2e-05,-0.96593
11421.2,SYN.BTC-23AUG19,1565607542625,open,0.06,21.8,0.0335,0.0935,0.06352094,86.92,0.06,0.0,BTC-23AUG19-11500-P,11371.97,81.81,0.06,3.0,0.064,3.2,87.62,7.86174,-31.41678,-1.87809,0.00023,-0.48836
11452.89,SYN.BTC-30AUG19,1565607542629,open,0.39,0.0,0.3765,0.4045,0.39002763,106.57,None,0.0,BTC-30AUG19-7000-C,11371.97,0.0,0.368,4.0,0.412,4.0,201.1,0.88823,-2.64763,3.34444,1e-05,0.98629
11579.65,BTC-27SEP19,1565607542629,open,0.33,884.7,0.303,0.351,0.32684614,92.77,0.36,0.0,BTC-27SEP19-8000-C,11371.97,81.58,0.3205,12.4,0.3305,0.4,98.49,7.13753,-7.2169,8.36025,5e-05,0.90127
11389.51,SYN.BTC-16AUG19,1565607542625,open,0.14,0.3,0.1195,0.176,0.14615567,97.71,0.115,0.0,BTC-16AUG19-13000-P,11371.97,0.0,0.0,0.0,0.0,0.0,0.0,2.10841,-26.57815,-1.26125,0.00016,-0.89674
11579.65,BTC-27SEP19,1565607542630,open,0.06,343.0,0.035,0.0965,0.06487591,92.43,0.0665,0.0,BTC-27SEP19-10000-P,11371.97,89.97,0.062,25.3,0.0665,15.8,93.81,13.58546,-13.68605,-4.88054,9e-05,-0.27046
11579.65,BTC-27SEP19,1565607542630,open,0.0,422.0,0.0005,0.0105,0.00025302,125.0,0.0005,0.0,BTC-27SEP19-3500-P,11371.97,0.0,0.0,0.0,0.0005,0.4,134.54,0.22954,-0.31271,-0.02903,0.0,-0.00174
11579.65,BTC-27SEP19,1565607542630,open,0.0,279.2,0.0005,0.014,0.00431939,102.5,0.004,0.0,BTC-27SEP19-24000-C,11371.97,97.0,0.003,47.0,0.005,2.8,104.92,3.10377,-3.46738,0.4332,2e-05,0.03408
11579.65,BTC-27SEP19,1565607542630,open,0.0,1660.1,0.0005,0.0105,6e-08,125.0,0.0005,0.0,BTC-27SEP19-1500-P,11371.97,0.0,0.0,0.0,0.0005,12.0,228.08,0.00014,-0.00019,-1e-05,0.0,0.0
11452.89,SYN.BTC-30AUG19,1565607542629,open,0.48,0.0,0.4655,0.4875,0.4763711,112.11,None,0.0,BTC-30AUG19-6000-C,11371.97,0.0,0.455,4.0,0.4985,4.0,246.86,0.24361,-0.76391,2.91926,0.0,0.99683
11452.89,SYN.BTC-30AUG19,1565607542629,open,0.01,355.4,0.0005,0.0215,0.00759599,100.45,0.007,0.0,BTC-30AUG19-16000-C,11371.97,97.05,0.0065,38.0,0.0085,3.7,103.08,3.83286,-10.7693,0.41637,6e-05,0.08183
11579.65,BTC-27SEP19,1565607542630,open,0.9,0.2,0.8645,0.9555,0.90721405,101.6,1.391,0.0,BTC-27SEP19-22000-P,11371.97,0.0,0.004,10.0,0.0,0.0,0.0,4.54176,-5.02944,-26.96284,3e-05,-0.94538
11579.65,BTC-27SEP19,1565607542630,open,0.0,416.1,0.0005,0.0105,0.00063327,123.55,0.0005,0.0,BTC-27SEP19-4000-P,11371.97,0.0,0.0,0.0,0.001,2.0,130.82,0.49457,-0.66598,-0.06853,0.0,-0.00408
11389.51,SYN.BTC-16AUG19,1565607542626,open,0.0,20.0,0.0005,0.0105,1.87e-06,125.0,0.0005,0.0,BTC-16AUG19-7000-P,11371.97,0.0,0.0,0.0,0.0005,52.0,200.48,0.0029,-0.02135,-8e-05,0.0,-6e-05
11389.51,SYN.BTC-16AUG19,1565607542625,open,0.0,286.5,0.0005,0.015,0.00346294,92.04,0.0045,0.0,BTC-16AUG19-10000-P,11371.97,85.12,0.0025,34.5,0.0045,9.3,98.52,1.7101,-20.3048,-0.09841,0.00013,-0.07791
11452.89,SYN.BTC-30AUG19,1565607542628,open,0.1,199.4,0.067,0.13,0.09968138,90.67,0.105,0.0,BTC-30AUG19-11000-C,11371.97,89.86,0.099,2.0,0.102,3.5,93.42,9.66238,-24.50549,2.90974,0.00017,0.61845
11421.2,SYN.BTC-23AUG19,1565607542625,open,0.36,0.0,0.331,0.392,0.35952084,95.51,None,0.0,BTC-23AUG19-15500-P,11371.97,0.0,0.0,0.0,0.0,0.0,0.0,1.64269,-7.21301,-4.49598,4e-05,-0.96162
11389.51,SYN.BTC-16AUG19,1565607542625,open,0.19,0.0,0.1625,0.2165,0.18757082,99.6,0.195,0.0,BTC-16AUG19-13500-P,11371.97,0.0,0.0,0.0,0.0,0.0,0.0,1.29146,-16.59491,-1.37061,9e-05,-0.94575
11421.2,SYN.BTC-23AUG19,1565607542626,open,0.04,12.3,0.0155,0.0665,0.04014728,88.24,0.0375,0.0,BTC-23AUG19-12000-C,11371.97,85.02,0.038,21.6,0.042,3.1,91.01,7.62613,-30.93644,1.23111,0.00022,0.40191
11389.51,SYN.BTC-16AUG19,1565607542625,open,0.13,31.0,0.1045,0.1475,0.12546187,92.04,0.1365,0.0,BTC-16AUG19-10000-C,11371.97,0.0,0.096,4.0,0.132,4.9,125.65,1.71013,-20.30537,0.96343,0.00013,0.92209
11389.51,SYN.BTC-16AUG19,1565607542625,open,0.02,444.1,0.003,0.042,0.01991148,85.01,0.0205,0.0,BTC-16AUG19-11000-P,11371.97,78.5,0.0175,2.4,0.02,2.4,85.25,4.24822,-46.59112,-0.42269,0.00036,-0.3296
11389.51,SYN.BTC-16AUG19,1565607542625,open,0.07,87.1,0.0405,0.098,0.06928678,86.22,0.0685,0.0,BTC-16AUG19-12000-P,11371.97,78.23,0.0665,2.6,0.0695,3.5,86.82,4.0398,-44.93737,-0.93824,0.00034,-0.70652
11389.51,SYN.BTC-16AUG19,1565607542625,open,0.0,30.4,0.0005,0.0105,9.934e-05,125.0,0.0005,0.0,BTC-16AUG19-8000-P,11371.97,0.0,0.0,0.0,0.0005,10.0,150.24,0.09112,-1.13144,-0.00314,1e-05,-0.0025
11421.2,SYN.BTC-23AUG19,1565607542626,open,0.0,0.9,0.0005,0.012,0.00222586,96.81,0.002,0.0,BTC-23AUG19-8500-P,11371.97,94.94,0.002,0.9,0.0025,0.1,98.95,1.41758,-6.30957,-0.11671,4e-05,-0.03207
11452.89,SYN.BTC-30AUG19,1565607542628,open,0.01,322.3,0.0025,0.0305,0.01283454,98.37,0.014,0.0,BTC-30AUG19-15000-C,11371.97,95.44,0.0115,30.0,0.014,8.8,100.83,5.33692,-14.68504,0.65232,8e-05,0.12913
11389.51,SYN.BTC-16AUG19,1565607542626,open,0.0,74.3,0.0005,0.0105,0.00056731,118.05,0.0005,0.0,BTC-16AUG19-15000-C,11371.97,0.0,0.0,0.0,0.001,7.4,127.79,0.41371,-6.30041,0.01601,3e-05,0.0138
11389.51,SYN.BTC-16AUG19,1565607542625,open,0.21,0.0,0.194,0.2295,0.21074579,115.43,None,0.0,BTC-16AUG19-9000-C,11371.97,0.0,0.1865,4.0,0.232,4.0,249.59,0.58563,-8.72121,0.92944,4e-05,0.97928
11389.51,SYN.BTC-16AUG19,1565607542625,open,0.0,347.3,0.0005,0.012,0.00226929,99.6,0.0025,0.0,BTC-16AUG19-13500-C,11371.97,92.03,0.0015,53.1,0.003,0.1,105.56,1.29149,-16.59543,0.06286,9e-05,0.05425
11389.51,SYN.BTC-16AUG19,1565607542625,open,0.02,412.1,0.0015,0.0365,0.01568543,86.22,0.0175,0.0,BTC-16AUG19-12000-C,11371.97,82.86,0.0145,11.8,0.017,0.2,89.9,4.0398,-44.93754,0.33596,0.00034,0.29348
11389.51,SYN.BTC-16AUG19,1565607542625,open,0.0,85.9,0.0005,0.0105,0.0004392,124.91,0.001,0.0,BTC-16AUG19-8500-P,11371.97,0.0,0.0,0.0,0.001,12.2,140.48,0.30455,-4.90768,-0.01226,2e-05,-0.0097
11421.2,SYN.BTC-23AUG19,1565607542626,open,0.0,9.1,0.0005,0.014,0.00409665,91.88,0.004,0.0,BTC-23AUG19-9000-P,11371.97,88.73,0.0035,33.5,0.005,0.1,96.23,2.25227,-9.51403,-0.20754,6e-05,-0.05689
11421.2,SYN.BTC-23AUG19,1565607542626,open,0.16,0.0,0.124,0.191,0.15727869,90.58,None,0.0,BTC-23AUG19-13000-P,11371.97,0.0,0.06,2.0,0.6,1.0,500.0,5.93731,-24.72543,-3.16701,0.00017,-0.77334
11421.2,SYN.BTC-23AUG19,1565607542626,open,0.26,0.0,0.241,0.2765,0.25799608,96.82,None,0.0,BTC-23AUG19-8500-C,11371.97,0.0,0.0,0.0,0.0,0.0,0.0,1.41775,-6.31058,2.41597,4e-05,0.96793
11452.89,SYN.BTC-30AUG19,1565607542629,open,0.32,0.0,0.288,0.36,0.32254704,98.37,None,0.0,BTC-30AUG19-15000-P,11371.97,0.0,0.0,0.0,0.0,0.0,0.0,5.33677,-14.68432,-6.69388,8e-05,-0.87087
11389.51,SYN.BTC-16AUG19,1565607542625,open,0.04,454.3,0.0145,0.067,0.04016491,85.0,0.037,0.0,BTC-16AUG19-11500-P,11371.97,76.06,0.0365,3.2,0.0395,2.5,83.38,4.67181,-51.23042,-0.68529,0.0004,-0.52648
11421.2,SYN.BTC-23AUG19,1565607542626,open,0.0,28.1,0.0005,0.014,0.00370058,94.71,0.0075,0.0,BTC-23AUG19-15000-C,11371.97,90.93,0.003,3.5,0.0045,30.0,98.58,2.23796,-9.74501,0.17944,6e-05,0.05643
11389.51,SYN.BTC-16AUG19,1565607542626,open,0.27,0.0,0.2485,0.3035,0.274039,113.45,0.256,0.0,BTC-16AUG19-14500-P,11371.97,0.0,0.0,0.0,0.0,0.0,0.0,0.625,-9.14785,-1.51372,4e-05,-0.97762
11452.89,SYN.BTC-30AUG19,1565607542627,open,0.57,0.0,0.5415,0.612,0.5745557,105.35,None,0.0,BTC-30AUG19-18000-P,11371.97,0.0,0.0,0.0,0.0,0.0,0.0,1.92011,-5.65787,-8.64003,3e-05,-0.96583
11421.2,SYN.BTC-23AUG19,1565607542626,open,0.0,54.1,0.0005,0.0115,0.00167501,97.52,0.0025,0.0,BTC-23AUG19-16000-C,11371.97,90.31,0.001,5.2,0.0025,38.0,104.15,1.24873,-5.59855,0.08797,3e-05,0.02752
11421.2,SYN.BTC-23AUG19,1565607542626,open,0.11,4.7,0.077,0.1335,0.10648151,86.92,0.1095,0.0,BTC-23AUG19-10500-C,11371.97,85.17,0.1055,3.5,0.1095,3.7,92.24,6.42698,-25.6834,2.14725,0.00019,0.73745
11452.89,SYN.BTC-30AUG19,1565607542626,open,0.02,186.3,0.0055,0.0445,0.02217594,96.89,0.023,0.0,BTC-30AUG19-14000-C,11371.97,94.99,0.021,0.8,0.0235,18.9,98.99,7.16888,-19.42834,1.01678,0.00012,0.20345
11421.2,SYN.BTC-23AUG19,1565607542626,open,0.01,13.2,0.0005,0.0175,0.00528556,92.35,0.0065,0.0,BTC-23AUG19-14500-C,11371.97,89.11,0.0045,22.7,0.006,1.0,95.1,2.87997,-12.22778,0.24803,8e-05,0.07817
11452.89,SYN.BTC-30AUG19,1565607542631,open,0.24,20.0,0.208,0.2825,0.24457426,96.89,0.21,0.0,BTC-30AUG19-14000-P,11371.97,0.0,0.203,3.0,0.284,2.0,150.81,7.1688,-19.42784,-5.83967,0.00012,-0.79655
214.73,ETH-27SEP19,1565607542913,open,0.0,5783.0,0.001,0.011,0.001991,121.38,0.002,0.0,ETH-27SEP19-600-C,211.86,112.08,0.001,1477.0,0.003,981.0,127.9,0.02866,-0.03792,0.00348,0.00041,0.0149
212.1,SYN.ETH-16AUG19,1565607542913,open,0.01,368.0,0.001,0.033,0.012349,83.71,0.013,0.0,ETH-16AUG19-200-P,211.86,79.39,0.011,200.0,0.013,200.0,85.76,0.06708,-0.72442,-0.00556,0.01677,-0.23446
212.54,SYN.ETH-23AUG19,1565607543049,open,0.01,69.0,0.002,0.028,0.011039,91.79,0.01,0.0,ETH-23AUG19-180-P,211.86,88.89,0.01,250.0,0.012,1.0,94.39,0.07747,-0.32694,-0.00891,0.00627,-0.12966
11579.65,BTC-27SEP19,1565607543109,open,0.07,216.8,0.033,0.0985,0.06514171,94.53,0.0655,0.0,BTC-27SEP19-14000-C,11371.97,92.5,0.0625,45.1,0.068,3.6,96.71,15.12579,-15.58434,4.07347,9e-05,0.34503
11579.65,BTC-27SEP19,1565607543112,open,0.07,216.8,0.033,0.0985,0.06514171,94.53,0.0655,0.0,BTC-27SEP19-14000-C,11371.97,92.5,0.0625,32.3,0.068,3.6,96.71,15.12579,-15.58434,4.07347,9e-05,0.34503
11579.65,BTC-27SEP19,1565607543113,open,0.07,216.8,0.033,0.0985,0.06514171,94.53,0.0655,0.0,BTC-27SEP19-14000-C,11371.97,92.5,0.0625,32.3,0.0675,12.8,96.33,15.12579,-15.58434,4.07347,9e-05,0.34503
212.1,SYN.ETH-16AUG19,1565607543363,open,0.05,173.0,0.024,0.091,0.057141,84.71,0.044,0.0,ETH-16AUG19-220-P,211.86,76.44,0.054,200.0,0.059,150.0,89.54,0.08127,-0.88812,-0.01584,0.02008,-0.64623
212.54,SYN.ETH-23AUG19,1565607543380,open,0.0,0.0,0.001,0.011,0.000993,114.41,None,0.0,ETH-23AUG19-140-P,211.86,0.0,0.0,0.0,0.002,454.0,127.71,0.01265,-0.06655,-0.00092,0.00082,-0.01346
212.1,SYN.ETH-16AUG19,1565607543462,open,0.01,1073.0,0.001,0.027,0.008945,85.72,0.013,0.0,ETH-16AUG19-230-C,211.86,78.52,0.007,400.0,0.011,571.0,92.8,0.05956,-0.65866,0.00411,0.01455,0.19133
212.54,SYN.ETH-23AUG19,1565607543582,open,0.07,8.0,0.035,0.1,0.068825,91.64,0.066,0.0,ETH-23AUG19-210-C,211.86,87.49,0.066,150.0,0.072,200.0,96.31,0.14461,-0.6093,0.03121,0.01172,0.56163
11835.64,BTC-27DEC19,1565607543643,open,2.05,1.3,1.986,2.137,2.05700529,101.55,2.2,0.0,BTC-27DEC19-36000-P,11371.97,0.0,0.0005,1.0,0.0,0.0,0.0,9.70015,-3.59818,-132.58788,2e-05,-0.93029
11579.64,BTC-27SEP19,1565607543655,open,0.83,28.2,0.8175,0.837,0.82728473,125.64,0.755,0.0,BTC-27SEP19-2000-C,11371.97,0.0,0.759,7.0,0.8955,8.0,500.0,0.0028,-0.00383,2.51349,0.0,0.99998
11452.89,SYN.BTC-30AUG19,1565607543655,open,0.16,147.6,0.125,0.1825,0.15471407,90.74,0.15,0.0,BTC-30AUG19-10000-C,11371.97,90.41,0.1545,6.5,0.16,0.4,98.68,7.48262,-18.99053,3.51352,0.00013,0.78112
214.74,ETH-27SEP19,1565607543697,open,0.0,839.0,0.001,0.011,0.000134,125.0,0.001,0.0,ETH-27SEP19-60-P,211.86,0.0,0.0,0.0,0.001,200.0,155.58,0.0025,-0.0034,-0.0003,3e-05,-0.00097
11835.64,BTC-27DEC19,1565607543697,open,0.01,257.2,0.001,0.023,0.01092458,94.42,0.009,0.0,BTC-27DEC19-5000-P,11371.97,92.53,0.01,6.0,0.012,3.0,96.51,5.93694,-2.04764,-2.15309,1e-05,-0.03759
11579.64,BTC-27SEP19,1565607543698,open,0.41,748.2,0.386,0.423,0.40392903,97.05,0.4255,0.0,BTC-27SEP19-7000-C,11371.97,73.27,0.3975,12.9,0.4075,12.9,105.85,4.30368,-4.55239,7.93249,3e-05,0.94896
11389.52,SYN.BTC-16AUG19,1565607543698,open,0.0,108.0,0.0005,0.0105,0.00041708,124.98,0.001,0.0,BTC-16AUG19-15500-C,11371.97,0.0,0.0,0.0,0.001,12.0,140.35,0.31137,-4.75029,0.01153,2e-05,0.00995
11835.64,BTC-27DEC19,1565607543698,open,0.52,122.9,0.493,0.5385,0.51532146,92.76,0.46,0.0,BTC-27DEC19-6000-C,11371.97,69.41,0.5,12.0,0.552,8.0,129.88,9.67106,-3.27694,18.43009,2e-05,0.93056
217.47,ETH-27DEC19,1565607543698,open,0.2,767.0,0.143,0.249,0.20068,98.48,0.217,0.0,ETH-27DEC19-240-C,211.86,97.78,0.199,50.0,0.205,200.0,100.26,0.52624,-0.18931,0.28887,0.00301,0.5549
214.74,ETH-27SEP19,1565607543703,open,0.43,769.0,0.379,0.495,0.436655,101.07,0.45,0.0,ETH-27SEP19-300-P,211.86,86.28,0.422,110.0,0.493,25.0,147.53,0.22857,-0.25179,-0.32691,0.0039,-0.77457
212.98,SYN.ETH-30AUG19,1565607543703,open,0.0,4133.0,0.001,0.011,0.000987,118.88,0.002,0.0,ETH-30AUG19-400-C,211.86,0.0,0.0,0.0,0.002,450.0,130.35,0.01449,-0.04818,0.00113,0.00055,0.01178
11452.89,SYN.BTC-30AUG19,1565607543705,open,0.4,0.0,0.3715,0.442,0.40462353,100.45,0.403,0.0,BTC-30AUG19-16000-P,11371.97,0.0,0.0,0.0,0.0,0.0,0.0,3.83304,-10.76999,-7.41952,6e-05,-0.91817
214.74,ETH-27SEP19,1565607543709,open,0.51,502.0,0.461,0.579,0.519118,101.08,0.455,0.0,ETH-27SEP19-320-P,211.86,83.62,0.505,110.0,0.579,25.0,154.27,0.19637,-0.21635,-0.36273,0.00335,-0.82482
214.74,ETH-27SEP19,1565607543731,open,0.17,1290.0,0.125,0.206,0.169146,97.16,0.169,0.0,ETH-27SEP19-200-C,211.86,93.25,0.164,120.0,0.173,155.0,100.09,0.2827,-0.29937,0.12912,0.00502,0.64753
214.74,ETH-27SEP19,1565607543731,open,0.01,9094.0,0.001,0.015,0.005013,98.09,0.006,0.0,ETH-27SEP19-120-P,211.86,89.1,0.003,710.0,0.007,500.0,105.13,0.05514,-0.05894,-0.01008,0.00097,-0.03235
214.74,ETH-27SEP19,1565607543731,open,0.1,3323.0,0.061,0.139,0.100548,97.19,0.114,0.0,ETH-27SEP19-200-P,211.86,93.74,0.096,300.0,0.104,172.0,99.82,0.2827,-0.29948,-0.12227,0.00502,-0.35247
214.74,ETH-27SEP19,1565607543731,open,1.6,24.0,1.533,1.694,1.609922,115.55,1.356,0.0,ETH-27SEP19-560-P,211.86,0.0,0.0,0.0,0.0,0.0,0.0,0.03109,-0.03916,-0.7,0.00046,-0.98362
217.47,ETH-27DEC19,1565607543731,open,0.02,1247.0,0.006,0.045,0.021623,106.2,0.02,0.0,ETH-27DEC19-640-C,211.86,102.41,0.018,350.0,0.025,250.0,109.44,0.21806,-0.0846,0.05659,0.00116,0.09101
214.74,ETH-27SEP19,1565607543731,open,0.21,2496.0,0.16,0.262,0.21244,98.19,0.171,0.0,ETH-27SEP19-240-P,211.86,93.58,0.206,230.0,0.216,200.0,100.73,0.30052,-0.32162,-0.20789,0.00528,-0.55781
212.98,SYN.ETH-30AUG19,1565607543731,open,0.01,864.0,0.001,0.021,0.007439,101.8,0.01,0.0,ETH-30AUG19-300-C,211.86,97.16,0.006,250.0,0.009,450.0,106.33,0.06978,-0.19869,0.00752,0.00309,0.07956
217.47,ETH-27DEC19,1565607543732,open,2.32,0.0,2.219,2.444,2.326464,107.51,None,0.0,ETH-27DEC19-720-P,211.86,0.0,0.003,5.0,0.0,0.0,0.0,0.17529,-0.06884,-2.65715,0.00092,-0.93178
217.47,ETH-27DEC19,1565607543746,open,0.05,1099.0,0.018,0.083,0.048013,104.69,0.054,0.0,ETH-27DEC19-480-C,211.86,102.15,0.044,150.0,0.051,200.0,106.53,0.34976,-0.13376,0.10785,0.00188,0.18026
217.47,ETH-27DEC19,1565607543751,open,0.03,1978.0,0.008,0.052,0.025956,105.72,0.025,0.0,ETH-27DEC19-600-C,211.86,103.02,0.023,300.0,0.027,10.0,106.64,0.24512,-0.09467,0.06591,0.00131,0.10678
11579.64,BTC-27SEP19,1565607543757,open,0.87,42.8,0.8605,0.88,0.87046236,125.0,0.815,0.0,BTC-27SEP19-1500-C,11371.97,0.0,0.8,7.0,0.9405,8.0,500.0,0.00014,-0.00019,1.88529,0.0,1.0
212.1,SYN.ETH-16AUG19,1565607543755,open,0.13,49.0,0.1,0.173,0.135293,87.59,0.084,0.0,ETH-16AUG19-240-P,211.86,0.0,0.128,200.0,0.144,200.0,125.58,0.0363,-0.41014,-0.02348,0.00867,-0.90724
212.98,SYN.ETH-30AUG19,1565607543760,open,0.1,488.0,0.061,0.14,0.101109,93.32,0.113,0.0,ETH-30AUG19-220-P,211.86,87.52,0.096,150.0,0.105,150.0,97.73,0.18776,-0.4901,-0.06494,0.00906,-0.52146
11421.2,SYN.BTC-23AUG19,1565607543768,open,0.27,0.0,0.2455,0.3075,0.27485475,92.36,None,0.0,BTC-23AUG19-14500-P,11371.97,0.0,0.0,0.0,0.0,0.0,0.0,2.8802,-12.22917,-4.07243,8e-05,-0.92182
11835.64,BTC-27DEC19,1565607543772,open,0.67,27.7,0.6565,0.6785,0.66678648,98.11,0.6705,0.0,BTC-27DEC19-4000-C,11371.97,0.0,0.6045,8.0,0.6885,8.0,145.9,3.14746,-1.12799,14.00818,1e-05,0.9824
11835.64,BTC-27DEC19,1565607543772,open,0.76,5.7,0.7,0.8365,0.76735578,96.85,0.661,0.0,BTC-27DEC19-20000-P,11371.97,66.0,0.7135,3.0,0.8275,3.0,124.06,24.32428,-8.60572,-66.09164,5e-05,-0.72174
11579.64,BTC-27SEP19,1565607543772,open,0.26,372.7,0.2285,0.2885,0.25921201,92.5,0.2595,0.0,BTC-27SEP19-9000-C,11371.97,89.51,0.2565,3.2,0.261,0.4,94.44,10.60323,-10.68993,8.22659,7e-05,0.82445
11579.64,BTC-27SEP19,1565607543775,open,0.49,713.5,0.472,0.5,0.48530102,101.72,0.362,0.0,BTC-27SEP19-6000-C,11371.97,0.0,0.48,17.9,0.4885,17.9,115.48,2.20105,-2.44024,7.16259,1e-05,0.97744
11452.89,SYN.BTC-30AUG19,1565607543775,open,0.0,369.9,0.0005,0.0155,0.00453298,102.45,0.0035,0.0,BTC-30AUG19-17000-C,11371.97,97.71,0.0035,30.0,0.0055,42.8,106.35,2.68366,-7.69006,0.26444,4e-05,0.05168
214.74,ETH-27SEP19,1565607543780,open,0.23,770.0,0.181,0.258,0.222497,97.16,0.22,0.0,ETH-27SEP19-180-C,211.86,86.73,0.211,142.0,0.231,142.0,104.69,0.24027,-0.25443,0.14323,0.00427,0.75319
212.98,SYN.ETH-30AUG19,1565607543794,open,0.12,462.0,0.076,0.147,0.113858,93.32,0.122,0.0,ETH-30AUG19-200-C,211.86,89.8,0.111,150.0,0.119,200.0,99.63,0.17304,-0.45167,0.05678,0.00835,0.65825
11579.64,BTC-27SEP19,1565607543798,open,0.04,421.3,0.014,0.0655,0.03711749,96.78,0.0355,0.0,BTC-27SEP19-16000-C,11371.97,94.75,0.035,27.3,0.039,33.3,98.56,12.16866,-12.83621,2.66778,7e-05,0.22042
11835.64,BTC-27DEC19,1565607543802,open,0.35,265.3,0.285,0.409,0.34828909,93.79,0.363,0.0,BTC-27DEC19-14000-P,11371.97,91.83,0.3435,3.0,0.354,4.9,96.13,28.9143,-9.90686,-37.74247,6e-05,-0.50208
11452.89,SYN.BTC-30AUG19,1565607543804,open,0.01,652.0,0.002,0.027,0.01152327,94.77,0.0125,0.0,BTC-30AUG19-9000-P,11371.97,92.18,0.0105,30.0,0.013,50.1,98.36,4.60595,-12.20967,-0.65309,8e-05,-0.10491
11452.89,SYN.BTC-30AUG19,1565607543804,open,0.0,728.6,0.0005,0.0125,0.00290011,105.35,0.002,0.0,BTC-30AUG19-18000-C,11371.97,99.35,0.002,30.0,0.0035,3.0,108.72,1.92031,-5.65861,0.1754,3e-05,0.03417
212.98,SYN.ETH-30AUG19,1565607543806,open,0.87,0.0,0.824,0.939,0.879112,118.88,None,0.0,ETH-30AUG19-400-P,211.86,0.0,0.0,0.0,0.0,0.0,0.0,0.01449,-0.04818,-0.19477,0.00055,-0.98822
212.98,SYN.ETH-30AUG19,1565607543806,open,0.0,3500.0,0.001,0.011,0.001863,111.08,0.005,0.0,ETH-30AUG19-360-C,211.86,0.0,0.0,0.0,0.003,450.0,119.38,0.02483,-0.07714,0.00211,0.00101,0.02209
214.74,ETH-27SEP19,1565607543811,open,0.0,5139.0,0.001,0.012,0.002964,113.16,0.002,0.0,ETH-27SEP19-520-C,211.86,107.4,0.002,200.0,0.004,500.0,118.09,0.04079,-0.0503,0.00528,0.00062,0.02254
11579.64,BTC-27SEP19,1565607543814,open,0.2,633.4,0.165,0.235,0.20129162,92.43,0.2,0.0,BTC-27SEP19-10000-C,11371.97,89.19,0.1975,4.0,0.2025,0.4,93.46,13.58547,-13.68608,7.68813,9e-05,0.72954
214.74,ETH-27SEP19,1565607543820,open,2.34,0.0,2.256,2.458,2.353715,125.96,None,0.0,ETH-27SEP19-720-P,211.86,0.0,0.0,0.0,0.0,0.0,0.0,0.01382,-0.01897,-0.90342,0.00019,-0.99354
11421.2,SYN.BTC-23AUG19,1565607543820,open,0.22,0.0,0.197,0.2365,0.21608822,91.88,None,0.0,BTC-23AUG19-9000-C,11371.97,0.0,0.06,1.0,0.0,0.0,0.0,2.25214,-9.51325,2.47416,6e-05,0.94312
214.74,ETH-27SEP19,1565607543822,open,1.23,0.0,1.171,1.313,1.23887,107.86,None,0.0,ETH-27SEP19-480-P,211.86,0.0,0.0,0.0,0.0,0.0,0.0,0.04879,-0.05736,-0.59674,0.00078,-0.97208
217.47,ETH-27DEC19,1565607543835,open,0.44,432.0,0.366,0.512,0.441616,100.2,0.382,0.0,ETH-27DEC19-280-P,211.86,97.47,0.435,120.0,0.451,30.0,104.06,0.52836,-0.19339,-0.80203,0.00297,-0.54184
212.98,SYN.ETH-30AUG19,1565607543835,open,0.02,364.0,0.006,0.045,0.022782,97.46,0.021,0.0,ETH-30AUG19-260-C,211.86,94.61,0.021,4.0,0.024,200.0,99.37,0.13468,-0.36715,0.01921,0.00622,0.20697
217.47,ETH-27DEC19,1565607543842,open,0.1,1884.0,0.057,0.135,0.096516,97.3,0.124,0.0,ETH-27DEC19-160-P,211.86,94.72,0.092,1.0,0.098,40.0,98.14,0.38178,-0.1357,-0.24843,0.00221,-0.20812
217.47,ETH-27DEC19,1565607543842,open,0.19,2228.0,0.131,0.239,0.186818,97.3,0.177,0.0,ETH-27DEC19-200-P,211.86,94.23,0.18,40.0,0.193,40.0,100.09,0.48259,-0.17153,-0.4219,0.0028,-0.33052
217.47,ETH-27DEC19,1565607543849,open,0.04,973.0,0.013,0.071,0.038859,105.09,0.046,0.0,ETH-27DEC19-520-C,211.86,102.33,0.035,160.0,0.042,50.0,107.24,0.31165,-0.11964,0.09132,0.00167,0.15083
212.98,SYN.ETH-30AUG19,1565607543849,open,0.01,3209.0,0.001,0.018,0.006767,93.35,0.012,0.0,ETH-30AUG19-160-P,211.86,90.65,0.006,200.0,0.007,1.0,94.14,0.06217,-0.16232,-0.00784,0.003,-0.0684
214.74,ETH-27SEP19,1565607543859,open,0.1,2003.0,0.055,0.131,0.094757,98.15,0.094,0.0,ETH-27SEP19-240-C,211.86,94.75,0.09,437.0,0.098,200.0,100.47,0.30051,-0.32148,0.09375,0.00528,0.44212
214.74,ETH-27SEP19,1565607543861,open,2.52,0.0,2.437,2.65,2.539834,128.05,None,0.0,ETH-27SEP19-760-P,211.86,0.0,0.0,0.0,0.0,0.0,0.0,0.01155,-0.01612,-0.95398,0.00016,-0.99472
212.98,SYN.ETH-30AUG19,1565607543867,open,0.07,400.0,0.035,0.1,0.06814,93.31,0.069,0.0,ETH-30AUG19-220-C,211.86,90.88,0.066,150.0,0.072,200.0,97.69,0.18776,-0.49007,0.04281,0.00906,0.47857
11835.64,BTC-27DEC19,1565607543885,open,0.0,160.5,0.0005,0.0125,0.00297215,100.95,0.004,0.0,BTC-27DEC19-3500-P,11371.97,94.93,0.002,19.4,0.004,16.0,106.11,2.1497,-0.79274,-0.63373,0.0,-0.01131
11835.64,BTC-27DEC19,1565607543885,open,0.0,321.9,0.0005,0.0145,0.00474848,98.11,0.006,0.0,BTC-27DEC19-4000-P,11371.97,95.15,0.004,2.9,0.006,16.0,102.5,3.14735,-1.12794,-0.99185,1e-05,-0.0176
11835.64,BTC-27DEC19,1565607543885,open,0.63,6.5,0.6145,0.6415,0.62701643,95.71,0.575,0.0,BTC-27DEC19-4500-C,11371.97,0.0,0.5665,8.0,0.686,8.0,181.47,4.37838,-1.53075,15.40018,1e-05,0.97399
11835.64,BTC-27DEC19,1565607543887,open,0.62,12.4,0.5525,0.687,0.61950215,95.92,0.559,0.0,BTC-27DEC19-18000-P,11371.97,72.12,0.57,3.0,0.675,3.0,119.78,26.4733,-9.27634,-56.91216,5e-05,-0.66277
11452.89,SYN.BTC-30AUG19,1565607543887,open,0.06,345.8,0.0315,0.091,0.0613419,92.05,0.0615,0.0,BTC-30AUG19-12000-C,11371.97,89.95,0.0595,18.0,0.0625,3.3,93.37,10.02988,-25.82409,2.17652,0.00017,0.44938
11452.89,SYN.BTC-30AUG19,1565607543887,open,0.0,596.1,0.0005,0.0105,0.0002561,112.09,0.0005,0.0,BTC-30AUG19-6000-P,11371.97,0.0,0.0,0.0,0.0005,0.9,120.96,0.24336,-0.76302,-0.01919,0.0,-0.00317
11579.64,BTC-27SEP19,1565607543902,open,0.0,564.7,0.0005,0.013,0.00345184,101.72,0.0045,0.0,BTC-27SEP19-6000-P,11371.97,96.23,0.0025,39.0,0.0045,28.8,106.82,2.20105,-2.44024,-0.37862,1e-05,-0.02256
11835.64,BTC-27DEC19,1565607543902,open,0.41,206.6,0.347,0.4745,0.41186998,94.27,0.43,0.0,BTC-27DEC19-15000-P,11371.97,91.85,0.406,3.0,0.4195,3.6,97.41,28.70105,-9.88358,-42.62346,6e-05,-0.54847
11835.64,BTC-27DEC19,1565607543939,open,0.01,282.4,0.0005,0.0195,0.00627787,104.55,0.007,0.0,BTC-27DEC19-48000-C,11371.97,101.34,0.005,18.0,0.0075,16.0,107.24,5.06393,-1.93403,1.09614,1e-05,0.03097
11835.64,BTC-27DEC19,1565607543939,open,0.03,135.3,0.01,0.064,0.03228233,99.49,0.033,0.0,BTC-27DEC19-28000-C,11371.97,97.73,0.03,14.0,0.0345,16.0,101.14,15.63786,-5.68326,4.50444,3e-05,0.13377
11579.64,BTC-27SEP19,1565607543943,open,0.74,225.7,0.731,0.7505,0.74099579,125.0,0.693,0.0,BTC-27SEP19-3000-C,11371.97,0.0,0.676,7.0,0.805,8.0,421.6,0.0782,-0.10654,3.76172,0.0,0.99946
11452.89,SYN.BTC-30AUG19,1565607543971,open,0.31,21.0,0.288,0.3245,0.30562127,100.33,0.2375,0.0,BTC-30AUG19-8000-C,11371.97,0.0,0.283,4.0,0.327,4.0,163.9,2.27618,-6.38797,3.65869,4e-05,0.95791
11421.2,SYN.BTC-23AUG19,1565607543995,open,0.01,56.8,0.002,0.0305,0.01249144,90.89,0.011,0.0,BTC-23AUG19-13500-C,11371.97,88.51,0.0115,4.1,0.0135,0.1,93.24,4.83048,-20.18399,0.50784,0.00014,0.16172
11579.64,BTC-27SEP19,1565607544011,open,0.0,144.4,0.0005,0.0125,0.00274789,104.2,0.006,0.0,BTC-27SEP19-26000-C,11371.97,96.23,0.0015,51.7,0.004,48.9,110.01,2.19467,-2.49233,0.28725,1e-05,0.02248
11579.64,BTC-27SEP19,1565607544031,open,0.0,125.2,0.0005,0.0105,0.00043137,125.0,0.0005,0.0,BTC-27SEP19-3750-P,11371.97,0.0,0.0,0.0,0.001,11.0,138.33,0.35737,-0.48688,-0.0476,0.0,-0.00284
11452.89,SYN.BTC-30AUG19,1565607544031,open,0.23,21.1,0.2025,0.2495,0.2256953,94.77,0.2905,0.0,BTC-30AUG19-9000-C,11371.97,86.3,0.2225,9.0,0.233,9.0,111.24,4.60594,-12.2096,3.75462,8e-05,0.89509
11452.89,SYN.BTC-30AUG19,1565607544031,open,0.06,137.8,0.031,0.0905,0.06013719,90.67,0.0545,0.0,BTC-30AUG19-11000-P,11371.97,86.95,0.057,24.0,0.0605,3.4,91.1,9.66237,-24.50529,-2.47744,0.00017,-0.38155
11835.64,BTC-27DEC19,1565607544033,open,0.48,27.3,0.412,0.5425,0.47820254,94.63,0.495,0.0,BTC-27DEC19-16000-P,11371.97,75.34,0.4335,3.0,0.5305,3.0,116.29,28.15676,-9.73327,-47.46173,6e-05,-0.59114
11835.64,BTC-27DEC19,1565607544033,open,0.71,4.0,0.6975,0.717,0.70725517,100.95,0.64,0.0,BTC-27DEC19-3500-C,11371.97,0.0,0.643,8.0,0.7695,8.0,222.31,2.14971,-0.79274,12.49134,0.0,0.98869
11579.64,BTC-27SEP19,1565607544033,open,0.0,492.7,0.0005,0.0105,1.52e-06,125.0,0.0005,0.0,BTC-27SEP19-2000-P,11371.97,0.0,0.0,0.0,0.0005,12.0,195.75,0.00258,-0.00352,-0.00023,0.0,-1e-05
11835.64,BTC-27DEC19,1565607544035,open,0.42,91.7,0.3855,0.4515,0.41890136,92.61,0.449,0.0,BTC-27DEC19-7500-C,11371.97,0.0,0.3645,8.0,0.4385,8.0,106.59,15.99814,-5.41208,19.65328,3e-05,0.8617
11421.2,SYN.BTC-23AUG19,1565607544049,open,0.4,0.0,0.374,0.435,0.40257903,97.53,None,0.0,BTC-23AUG19-16000-P,11371.97,0.0,0.0,0.0,0.0,0.0,0.0,1.24905,-5.60031,-4.67943,3e-05,-0.97247
11579.64,BTC-27SEP19,1565607544052,open,0.04,262.0,0.0155,0.061,0.0364375,92.5,0.036,0.0,BTC-27SEP19-9000-P,11371.97,90.92,0.035,22.3,0.036,7.0,92.02,10.60318,-10.68979,-3.0852,7e-05,-0.17554
11579.64,BTC-27SEP19,1565607544059,open,0.05,475.9,0.022,0.081,0.04971826,96.2,0.05,0.0,BTC-27SEP19-15000-C,11371.97,94.32,0.0475,9.0,0.0515,13.4,97.69,13.77487,-14.44238,3.32468,8e-05,0.27815
11579.64,BTC-27SEP19,1565607544059,open,0.01,487.5,0.0005,0.0205,0.00733089,101.61,0.0075,0.0,BTC-27SEP19-22000-C,11371.97,98.02,0.006,37.0,0.0085,42.4,104.46,4.54231,-5.03025,0.68836,3e-05,0.05463
11579.64,BTC-27SEP19,1565607544066,open,1.24,0.0,1.202,1.2995,1.24806813,104.2,None,0.0,BTC-27SEP19-26000-P,11371.97,0.0,0.0,0.0,0.0,0.0,0.0,2.19467,-2.49233,-32.39132,1e-05,-0.97752
11835.64,BTC-27DEC19,1565607544072,open,0.04,158.4,0.014,0.074,0.03968171,98.93,0.0415,0.0,BTC-27DEC19-26000-C,11371.97,97.44,0.0375,8.0,0.042,5.0,100.47,17.60455,-6.36178,5.32155,3e-05,0.15958
11579.64,BTC-27SEP19,1565607544074,open,0.78,55.9,0.7745,0.794,0.78411767,125.0,0.689,0.0,BTC-27SEP19-2500-C,11371.97,0.0,0.7175,7.0,0.85,8.0,487.09,0.01872,-0.0255,3.14028,0.0,0.99988
212.54,SYN.ETH-23AUG19,1565607544106,open,0.03,352.0,0.01,0.06,0.033183,92.65,0.032,0.0,ETH-23AUG19-230-C,211.86,90.77,0.032,49.0,0.036,623.0,97.08,0.13437,-0.57232,0.0194,0.01077,0.33958
11389.51,SYN.BTC-16AUG19,1565607544128,open,0.31,0.5,0.2915,0.347,0.31756907,118.07,0.305,0.0,BTC-16AUG19-15000-P,11371.97,0.0,0.0,0.0,0.0,0.0,0.0,0.41416,-6.30858,-1.57673,3e-05,-0.98618
11835.64,BTC-27DEC19,1565607544130,open,0.0,382.0,0.0005,0.0115,0.00197516,106.22,0.001,0.0,BTC-27DEC19-3000-P,11371.97,96.7,0.001,24.2,0.003,25.8,113.31,1.49043,-0.57831,-0.41789,0.0,-0.00744
11579.64,BTC-27SEP19,1565607544130,open,0.0,49.2,0.0005,0.0105,0.00013937,125.0,0.0015,0.0,BTC-27SEP19-3250-P,11371.97,0.0,0.0,0.0,0.001,32.0,155.06,0.13887,-0.18919,-0.01666,0.0,-0.00101
11835.64,BTC-27DEC19,1565607544130,open,0.04,244.7,0.019,0.0665,0.04072087,92.61,0.0415,0.0,BTC-27DEC19-7000-P,11371.97,91.14,0.039,6.0,0.041,0.4,92.85,13.91139,-4.70614,-6.83179,3e-05,-0.1132
11579.64,BTC-27SEP19,1565607544130,open,0.15,83.2,0.1085,0.1925,0.15114233,92.22,0.15,0.0,BTC-27SEP19-12000-P,11371.97,91.06,0.1495,14.4,0.1505,2.0,91.77,16.35336,-16.43738,-9.161,0.00011,-0.4783
11452.89,SYN.BTC-30AUG19,1565607544130,open,0.04,263.6,0.014,0.0645,0.0376917,95.24,0.037,0.0,BTC-30AUG19-13000-C,11371.97,94.35,0.037,0.3,0.0385,2.0,96.27,8.94203,-23.82134,1.52752,0.00015,0.31002
11835.64,BTC-27DEC19,1565607544132,open,1.07,0.0,1.0105,1.1485,1.07677112,98.2,None,0.0,BTC-27DEC19-24000-P,11371.97,0.0,1.014,3.0,1.151,3.0,135.62,19.72003,-7.07405,-83.70594,4e-05,-0.80918
11835.64,BTC-27DEC19,1565607544132,open,3.39,0.9,3.3085,3.4975,3.39830024,105.25,3.3,0.0,BTC-27DEC19-52000-P,11371.97,0.0,0.001,1.1,0.0,0.0,0.0,4.11862,-1.58347,-194.14056,1e-05,-0.97582
11835.64,BTC-27DEC19,1565607544134,open,0.48,63.0,0.4555,0.5075,0.48140443,92.62,0.4965,0.0,BTC-27DEC19-6500-C,11371.97,0.0,0.4255,8.0,0.533,8.0,136.77,11.77737,-3.98454,19.01928,2e-05,0.90992
11579.64,BTC-27SEP19,1565607544134,open,0.61,289.7,0.6025,0.622,0.61243938,117.95,0.588,0.0,BTC-27SEP19-4500-C,11371.97,0.0,0.553,7.0,0.6705,8.0,293.61,0.77639,-0.99807,5.54211,0.0,0.99323
11452.89,SYN.BTC-30AUG19,1565607544136,open,0.49,0.0,0.456,0.526,0.48887481,102.45,None,0.0,BTC-30AUG19-17000-P,11371.97,0.0,0.0,0.0,0.0,0.0,0.0,2.68375,-7.6904,-8.06122,4e-05,-0.94832
11421.2,SYN.BTC-23AUG19,1565607544148,open,0.09,1.2,0.058,0.123,0.09082503,88.24,0.0985,0.0,BTC-23AUG19-12000-P,11371.97,81.73,0.0865,3.2,0.09,0.4,87.0,7.62614,-30.9365,-2.34446,0.00022,-0.59809
11452.89,SYN.BTC-30AUG19,1565607544159,open,0.0,660.3,0.0005,0.014,0.00413508,100.33,0.005,0.0,BTC-30AUG19-8000-P,11371.97,96.99,0.0035,30.0,0.0045,1.8,102.13,2.27622,-6.38812,-0.25928,4e-05,-0.04209
212.54,SYN.ETH-23AUG19,1565607544215,open,0.11,0.0,0.074,0.155,0.115331,92.67,None,0.0,ETH-23AUG19-230-P,211.86,82.51,0.109,150.0,0.118,150.0,96.87,0.13437,-0.57247,-0.04913,0.01077,-0.66038
212.98,SYN.ETH-30AUG19,1565607544256,open,0.0,770.0,0.001,0.011,0.001995,100.0,0.004,0.0,ETH-30AUG19-140-P,211.86,89.72,0.001,351.0,0.003,250.0,107.5,0.02512,-0.07026,-0.00254,0.00113,-0.0224
11389.51,SYN.BTC-16AUG19,1565607544287,open,0.36,0.0,0.3345,0.3915,0.36131893,125.02,0.345,0.0,BTC-16AUG19-15500-P,11371.97,0.0,0.0,0.0,0.0,0.0,0.0,0.31188,-5.0301,-1.6343,2e-05,-0.99003
217.47,ETH-27DEC19,1565607544411,open,0.04,973.0,0.013,0.071,0.038859,105.09,0.046,0.0,ETH-27DEC19-520-C,211.86,102.33,0.035,160.0,0.043,250.0,107.91,0.31165,-0.11964,0.09132,0.00167,0.15083
212.54,SYN.ETH-23AUG19,1565607544419,open,0.15,0.0,0.109,0.192,0.151077,92.67,None,0.0,ETH-23AUG19-240-P,211.86,74.92,0.142,200.0,0.16,200.0,108.33,0.11619,-0.49503,-0.05717,0.00931,-0.7516
217.47,ETH-27DEC19,1565607544420,open,0.03,1978.0,0.008,0.052,0.025959,105.72,0.025,0.0,ETH-27DEC19-600-C,211.86,103.02,0.023,350.0,0.027,10.0,106.64,0.24512,-0.09467,0.06591,0.00131,0.10678
212.98,SYN.ETH-30AUG19,1565607544431,open,0.0,3500.0,0.001,0.011,0.001863,111.08,0.005,0.0,ETH-30AUG19-360-C,211.86,102.1,0.001,250.0,0.003,450.0,119.38,0.02483,-0.07714,0.00211,0.00101,0.02209
11421.2,SYN.BTC-23AUG19,1565607544573,open,0.03,104.3,0.008,0.052,0.02802171,89.66,0.0265,0.0,BTC-23AUG19-12500-C,11371.97,87.14,0.0265,3.7,0.03,32.0,92.91,6.9208,-28.52866,0.94772,0.0002,0.30651
212.1,SYN.ETH-16AUG19,1565607544656,open,0.0,532.0,0.001,0.011,0.000375,125.0,0.001,0.0,ETH-16AUG19-290-C,211.86,0.0,0.0,0.0,0.001,200.0,142.12,0.00533,-0.07958,0.0002,0.00089,0.00904
212.1,SYN.ETH-16AUG19,1565607544739,open,0.0,8.0,0.001,0.011,0.000119,125.0,0.002,0.0,ETH-16AUG19-150-P,211.87,0.0,0.0,0.0,0.001,450.0,162.76,0.00197,-0.02516,-7e-05,0.00033,-0.00294
212.1,SYN.ETH-16AUG19,1565607544739,open,0.11,0.0,0.078,0.137,0.108442,85.55,None,0.0,ETH-16AUG19-190-C,211.87,83.01,0.108,50.0,0.0,0.0,0.0,0.03782,-0.4174,0.01787,0.00926,0.90191
212.1,SYN.ETH-16AUG19,1565607544739,open,0.0,51.0,0.001,0.011,0.000167,125.0,0.004,0.0,ETH-16AUG19-300-C,211.87,0.0,0.0,0.0,0.001,200.0,154.87,0.00276,-0.03533,9e-05,0.00046,0.0043
212.1,SYN.ETH-16AUG19,1565607544739,open,0.0,285.0,0.001,0.011,0.001525,92.54,0.003,0.0,ETH-16AUG19-180-P,211.87,85.69,0.001,12.0,0.002,1.0,97.65,0.01825,-0.21782,-0.0009,0.00413,-0.03847
212.1,SYN.ETH-16AUG19,1565607544739,open,0.0,40.0,0.001,0.011,0.001472,117.94,0.001,0.0,ETH-16AUG19-170-P,211.87,110.41,0.001,13.0,0.002,702.0,124.81,0.01485,-0.22595,-0.00071,0.00264,-0.02995
212.1,SYN.ETH-16AUG19,1565607544739,open,0.0,134.0,0.001,0.017,0.004235,85.57,0.005,0.0,ETH-16AUG19-190-P,211.87,84.23,0.004,200.0,0.005,325.0,89.7,0.03783,-0.41765,-0.00231,0.00926,-0.09814
212.54,SYN.ETH-23AUG19,1565607544739,open,0.21,0.0,0.177,0.232,0.205229,91.76,None,0.0,ETH-23AUG19-170-C,211.87,0.0,0.0,0.0,0.0,0.0,0.0,0.04828,-0.20368,0.04601,0.00391,0.9318
212.1,SYN.ETH-16AUG19,1565607544739,open,0.3,0.0,0.271,0.314,0.292913,124.7,None,0.0,ETH-16AUG19-150-C,211.87,0.0,0.0,0.0,0.0,0.0,0.0,0.00193,-0.03107,0.01586,0.00032,0.99711
212.54,SYN.ETH-23AUG19,1565607544739,open,0.25,0.0,0.225,0.275,0.250047,98.12,None,0.0,ETH-23AUG19-160-C,211.87,0.0,0.0,0.0,0.0,0.0,0.0,0.03103,-0.13998,0.04502,0.00235,0.96091
212.54,SYN.ETH-23AUG19,1565607544740,open,0.3,0.0,0.273,0.317,0.295299,98.24,None,0.0,ETH-23AUG19-150-C,211.87,0.0,0.0,0.0,0.0,0.0,0.0,0.01483,-0.06698,0.0436,0.00112,0.98382
212.54,SYN.ETH-23AUG19,1565607544740,open,0.27,0.0,0.235,0.319,0.275664,92.71,None,0.0,ETH-23AUG19-270-P,211.87,0.0,0.0,0.0,0.0,0.0,0.0,0.05377,-0.22916,-0.07582,0.00431,-0.9215
212.54,SYN.ETH-23AUG19,1565607544739,open,0.0,0.0,0.001,0.011,0.001047,98.36,None,0.0,ETH-23AUG19-150-P,211.87,0.0,0.0,0.0,0.002,250.0,109.29,0.0149,-0.06738,-0.0011,0.00113,-0.01627
212.1,SYN.ETH-16AUG19,1565607544740,open,0.2,0.0,0.174,0.226,0.199972,117.89,None,0.0,ETH-16AUG19-170-C,211.87,0.0,0.0,0.0,0.0,0.0,0.0,0.01483,-0.22557,0.01734,0.00263,0.9701
212.54,SYN.ETH-23AUG19,1565607544739,open,0.0,0.0,0.001,0.012,0.002845,98.18,None,0.0,ETH-23AUG19-160-P,211.87,91.82,0.002,200.0,0.004,250.0,105.35,0.03108,-0.14029,-0.00266,0.00235,-0.03917
212.1,SYN.ETH-16AUG19,1565607544739,open,0.36,0.0,0.328,0.411,0.367639,125.21,None,0.0,ETH-16AUG19-290-P,211.87,0.0,0.0,0.0,0.0,0.0,0.0,0.00539,-0.08699,-0.0306,0.0009,-0.99086
212.1,SYN.ETH-16AUG19,1565607544739,open,0.16,0.0,0.126,0.179,0.152878,92.5,None,0.0,ETH-16AUG19-180-C,211.87,0.0,0.0,0.0,0.0,0.0,0.0,0.01822,-0.21745,0.01821,0.00412,0.96159
212.1,SYN.ETH-16AUG19,1565607544740,open,0.25,0.0,0.223,0.269,0.246161,123.29,None,0.0,ETH-16AUG19-160-C,211.87,0.0,0.0,0.0,0.0,0.0,0.0,0.00644,-0.1025,0.01672,0.00109,0.98877
212.54,SYN.ETH-23AUG19,1565607544740,open,0.0,23.0,0.001,0.013,0.003162,92.65,0.005,0.0,ETH-23AUG19-280-C,211.87,85.27,0.002,200.0,0.004,250.0,97.04,0.03792,-0.16152,0.00297,0.00304,0.05013
212.54,SYN.ETH-23AUG19,1565607544740,open,0.23,0.0,0.191,0.275,0.232037,92.69,None,0.0,ETH-23AUG19-260-P,211.87,0.0,0.0,0.0,0.0,0.0,0.0,0.07299,-0.31104,-0.07048,0.00585,-0.88093
212.54,SYN.ETH-23AUG19,1565607544740,open,0.0,3.0,0.001,0.011,0.00194,93.46,0.002,0.0,ETH-23AUG19-290-C,211.87,84.37,0.001,200.0,0.003,250.0,100.82,0.02666,-0.11453,0.00193,0.00212,0.03248
212.1,SYN.ETH-16AUG19,1565607544739,open,0.41,0.0,0.374,0.459,0.414577,125.43,None,0.0,ETH-16AUG19-300-P,211.87,0.0,0.0,0.0,0.0,0.0,0.0,0.00283,-0.04584,-0.03176,0.00047,-0.99558
212.1,SYN.ETH-16AUG19,1565607544739,open,0.0,0.0,0.001,0.011,0.000513,123.38,None,0.0,ETH-16AUG19-160-P,211.87,0.0,0.0,0.0,0.001,200.0,136.0,0.00647,-0.10298,-0.00027,0.0011,-0.01128
212.54,SYN.ETH-23AUG19,1565607544739,open,0.32,0.0,0.28,0.364,0.320558,92.73,None,0.0,ETH-23AUG19-280-P,211.87,0.0,0.0,0.0,0.0,0.0,0.0,0.03802,-0.16208,-0.08045,0.00305,-0.9497
212.54,SYN.ETH-23AUG19,1565607544740,open,0.01,0.0,0.001,0.017,0.005317,92.65,None,0.0,ETH-23AUG19-270-C,211.87,87.05,0.004,200.0,0.006,250.0,95.27,0.0537,-0.22872,0.00463,0.00431,0.07836
214.75,ETH-27SEP19,1565607544746,open,0.0,5010.0,0.001,0.013,0.003506,107.4,0.009,0.0,ETH-27SEP19-480-C,211.87,99.37,0.002,1260.0,0.005,200.0,113.35,0.04789,-0.05606,0.00642,0.00077,0.0273
212.54,SYN.ETH-23AUG19,1565607544840,open,0.07,8.0,0.035,0.1,0.06883,91.64,0.066,0.0,ETH-23AUG19-210-C,211.87,88.96,0.067,150.0,0.072,200.0,96.3,0.14461,-0.60924,0.03121,0.01172,0.56166
212.54,SYN.ETH-23AUG19,1565607544842,open,0.11,0.0,0.074,0.155,0.115322,92.67,None,0.0,ETH-23AUG19-230-P,211.87,82.51,0.109,150.0,0.117,150.0,95.3,0.13437,-0.57247,-0.04913,0.01077,-0.66038
217.47,ETH-27DEC19,1565607544850,open,0.1,1884.0,0.057,0.135,0.096502,97.3,0.124,0.0,ETH-27DEC19-160-P,211.87,94.72,0.092,1.0,0.097,40.0,97.58,0.38178,-0.1357,-0.24843,0.00221,-0.20812
212.98,SYN.ETH-30AUG19,1565607544859,open,0.12,462.0,0.076,0.147,0.113869,93.31,0.122,0.0,ETH-30AUG19-200-C,211.87,91.02,0.112,150.0,0.119,200.0,99.62,0.17303,-0.4516,0.05679,0.00835,0.6583
212.98,SYN.ETH-30AUG19,1565607544861,open,0.1,488.0,0.061,0.14,0.101098,93.33,0.113,0.0,ETH-30AUG19-220-P,211.87,87.54,0.096,150.0,0.104,150.0,96.61,0.18776,-0.49018,-0.06493,0.00906,-0.52141
11579.66,BTC-27SEP19,1565607545424,open,0.07,216.8,0.033,0.0985,0.06514187,94.53,0.0655,0.0,BTC-27SEP19-14000-C,11372.0,92.5,0.0625,32.3,0.067,0.4,95.95,15.12579,-15.58423,4.07347,9e-05,0.34503
212.11,SYN.ETH-16AUG19,1565607545815,open,0.07,285.0,0.037,0.099,0.069412,83.61,0.085,0.0,ETH-16AUG19-200-C,211.87,79.08,0.068,200.0,0.073,50.0,94.66,0.06702,-0.72283,0.01569,0.01678,0.76596
212.55,SYN.ETH-23AUG19,1565607545818,open,0.01,1.0,0.001,0.016,0.005076,91.81,0.012,0.0,ETH-23AUG19-170-P,211.87,86.8,0.004,450.0,0.006,10.0,95.71,0.04832,-0.20393,-0.00464,0.00391,-0.06826
212.55,SYN.ETH-23AUG19,1565607545937,open,0.17,0.0,0.132,0.193,0.164149,91.7,None,0.0,ETH-23AUG19-180-C,211.87,0.0,0.0,0.0,0.0,0.0,0.0,0.07736,-0.32614,0.04474,0.00627,0.87062
212.11,SYN.ETH-16AUG19,1565607546010,open,0.04,464.0,0.011,0.068,0.039418,83.65,0.046,0.0,ETH-16AUG19-210-C,211.87,77.69,0.037,200.0,0.043,186.0,92.47,0.0861,-0.92915,0.0118,0.02154,0.56327
11579.66,BTC-27SEP19,1565607546078,open,0.07,216.8,0.033,0.0985,0.06514176,94.53,0.0655,0.0,BTC-27SEP19-14000-C,11372.0,92.5,0.0625,45.1,0.067,0.4,95.95,15.12579,-15.58423,4.07347,9e-05,0.34503
11389.54,SYN.BTC-16AUG19,1565607546078,open,0.01,454.7,0.0005,0.0185,0.00475434,97.71,0.005,0.0,BTC-16AUG19-13000-C,11372.0,93.48,0.004,4.1,0.0055,33.6,101.61,2.10848,-26.57894,0.11914,0.00016,0.10327
212.11,SYN.ETH-16AUG19,1565607546152,open,0.0,39.0,0.001,0.011,7.2e-05,124.99,0.001,0.0,ETH-16AUG19-310-C,211.87,0.0,0.0,0.0,0.001,200.0,167.02,0.00137,-0.01521,4e-05,0.00023,0.00198
212.55,SYN.ETH-23AUG19,1565607546156,open,0.13,0.0,0.092,0.158,0.127082,91.59,None,0.0,ETH-23AUG19-190-C,211.87,0.0,0.0,0.0,0.0,0.0,0.0,0.10726,-0.45163,0.04166,0.0087,0.78481
212.55,SYN.ETH-23AUG19,1565607546189,open,0.34,0.0,0.322,0.363,0.342302,113.89,None,0.0,ETH-23AUG19-140-C,211.87,0.0,0.0,0.0,0.0,0.0,0.0,0.01239,-0.06489,0.04082,0.00081,0.98687
212.11,SYN.ETH-16AUG19,1565607546189,open,0.02,1071.0,0.002,0.044,0.019908,84.67,0.022,0.0,ETH-16AUG19-220-C,211.87,77.02,0.017,400.0,0.023,610.0,92.68,0.08128,-0.88786,0.00752,0.02009,0.3539
212.55,SYN.ETH-23AUG19,1565607546256,open,0.02,234.0,0.005,0.043,0.02102,91.67,0.019,0.0,ETH-23AUG19-190-P,211.87,87.62,0.019,200.0,0.022,1.0,93.6,0.10731,-0.45225,-0.01497,0.0087,-0.21536
212.11,SYN.ETH-16AUG19,1565607546305,open,0.46,0.0,0.419,0.507,0.461624,133.08,None,0.0,ETH-16AUG19-310-P,211.87,0.0,0.0,0.0,0.0,0.0,0.0,0.00229,-0.03927,-0.03284,0.00036,-0.99652
212.55,SYN.ETH-23AUG19,1565607546359,open,0.1,89.0,0.059,0.127,0.095149,91.6,0.093,0.0,ETH-23AUG19-200-C,211.87,88.12,0.093,150.0,0.099,200.0,97.8,0.13143,-0.55351,0.03696,0.01066,0.67869
11579.66,BTC-27SEP19,1565607546393,open,0.07,216.8,0.033,0.0985,0.06514176,94.53,0.0655,0.0,BTC-27SEP19-14000-C,11372.0,92.5,0.0625,45.1,0.068,3.6,96.71,15.12579,-15.58423,4.07347,9e-05,0.34503
11579.66,BTC-27SEP19,1565607546395,open,0.07,216.8,0.033,0.0985,0.06514176,94.53,0.0655,0.0,BTC-27SEP19-14000-C,11372.0,92.5,0.0625,45.1,0.0675,12.8,96.33,15.12579,-15.58423,4.07347,9e-05,0.34503
11579.66,BTC-27SEP19,1565607546403,open,0.07,216.8,0.033,0.0985,0.06514176,94.53,0.0655,0.0,BTC-27SEP19-14000-C,11372.0,92.5,0.0625,32.3,0.0675,12.8,96.33,15.12579,-15.58423,4.07347,9e-05,0.34503
212.55,SYN.ETH-23AUG19,1565607546471,open,0.03,200.0,0.012,0.064,0.036137,91.68,0.036,0.0,ETH-23AUG19-200-P,211.87,86.58,0.033,200.0,0.039,413.0,96.29,0.13145,-0.554,-0.02264,0.01065,-0.3214
11421.23,SYN.BTC-23AUG19,1565607546496,open,0.01,43.1,0.0025,0.0325,0.0144544,86.93,0.0135,0.0,BTC-23AUG19-10000-P,11372.0,83.53,0.013,27.2,0.0155,24.0,89.32,4.95834,-19.81701,-0.62221,0.00015,-0.16838
11579.65,BTC-27SEP19,1565607546528,open,0.12,732.1,0.076,0.151,0.11483978,92.22,0.1145,0.0,BTC-27SEP19-12000-C,11372.0,90.21,0.112,24.2,0.118,14.8,94.46,16.35338,-16.43724,5.92144,0.00011,0.5217
11835.64,BTC-27DEC19,1565607546528,open,0.23,102.3,0.175,0.286,0.23180248,92.61,0.2365,0.0,BTC-27DEC19-12000-P,11372.0,91.0,0.228,3.0,0.2345,0.4,93.75,27.95929,-9.45827,-27.94104,6e-05,-0.39773
11579.65,BTC-27SEP19,1565607546537,open,0.59,13.5,0.5815,0.601,0.59102939,114.06,0.382,0.0,BTC-27SEP19-4750-C,11372.0,0.0,0.5325,7.0,0.648,8.0,277.6,0.90637,-1.12672,5.83481,0.0,0.99193
11579.65,BTC-27SEP19,1565607546543,open,1.76,0.0,1.7095,1.8235,1.76448286,111.24,None,0.0,BTC-27SEP19-32000-P,11372.0,0.0,0.0,0.0,0.0,0.0,0.0,0.9637,-1.1684,-40.10866,1e-05,-0.99135
11579.65,BTC-27SEP19,1565607546550,open,0.0,1066.6,0.0005,0.0105,0.00098594,123.55,0.001,0.0,BTC-27SEP19-4250-P,11372.0,113.66,0.0005,3.0,0.0015,6.8,130.82,0.70649,-0.95135,-0.10287,0.0,-0.00608
11579.65,BTC-27SEP19,1565607546550,open,0.0,429.7,0.0005,0.0115,0.00158677,104.2,0.003,0.0,BTC-27SEP19-28000-C,11372.0,98.69,0.001,13.4,0.002,2.5,107.26,1.43863,-1.63375,0.17641,1e-05,0.01371
11835.64,BTC-27DEC19,1565607546552,open,1.56,0.2,1.4945,1.6365,1.56128949,100.1,2.03,0.0,BTC-27DEC19-30000-P,11372.0,0.0,0.0,0.0,0.0,0.0,0.0,13.89228,-5.07987,-108.66518,3e-05,-0.88701
11452.91,SYN.BTC-30AUG19,1565607546552,open,0.17,17.3,0.135,0.2105,0.17277651,95.24,0.14,0.0,BTC-30AUG19-13000-P,11372.0,43.27,0.1395,3.0,0.174,0.4,96.81,8.94216,-23.82225,-4.83913,0.00015,-0.68997
212.11,SYN.ETH-16AUG19,1565607546556,open,0.09,51.0,0.057,0.13,0.093323,85.87,0.1,0.0,ETH-16AUG19-230-P,211.87,64.18,0.088,50.0,0.095,50.0,91.67,0.05969,-0.66117,-0.0203,0.01455,-0.80805
11835.64,BTC-27DEC19,1565607546561,open,3.05,0.0,2.9775,3.1555,3.06181851,104.54,None,0.0,BTC-27DEC19-48000-P,11372.0,0.0,0.0,0.0,0.0,0.0,0.0,5.06031,-1.93235,-178.90566,1e-05,-0.96905
11452.91,SYN.BTC-30AUG19,1565607546616,open,0.11,69.5,0.073,0.144,0.1091122,92.05,0.1155,0.0,BTC-30AUG19-12000-P,11372.0,87.35,0.105,18.0,0.108,0.4,90.78,10.02991,-25.82455,-3.7004,0.00017,-0.55061
11579.64,BTC-27SEP19,1565607546643,open,0.02,572.6,0.0055,0.035,0.01771275,92.77,0.0175,0.0,BTC-27SEP19-8000-P,11372.0,92.42,0.0175,24.0,0.018,21.2,93.24,7.13745,-7.21674,-1.69466,5e-05,-0.09873
212.11,SYN.ETH-16AUG19,1565607546651,open,0.0,616.0,0.001,0.016,0.003765,87.57,0.007,0.0,ETH-16AUG19-240-C,211.87,82.85,0.003,200.0,0.005,500.0,94.31,0.03631,-0.41016,0.00201,0.00868,0.09279
11835.64,BTC-27DEC19,1565607546655,open,0.13,195.3,0.0765,0.175,0.12635429,94.63,0.135,0.0,BTC-27DEC19-16000-C,11372.0,93.43,0.1235,16.9,0.1275,0.4,95.11,28.15678,-9.73332,12.53859,6e-05,0.40886
11579.64,BTC-27SEP19,1565607546655,open,0.21,49.1,0.164,0.2535,0.20941112,93.52,0.225,0.0,BTC-27SEP19-13000-P,11372.0,87.46,0.201,3.0,0.2155,11.0,97.89,16.10512,-16.41618,-11.38247,0.0001,-0.57267
11579.64,BTC-27SEP19,1565607546658,open,1.58,0.0,1.5405,1.6485,1.59200987,107.87,None,0.0,BTC-27SEP19-30000-P,11372.0,0.0,0.0,0.0,0.0,0.0,0.0,1.16791,-1.37304,-37.56747,1e-05,-0.98922
214.75,ETH-27SEP19,1565607546690,open,0.13,1000.0,0.084,0.164,0.126552,97.18,0.127,0.0,ETH-27SEP19-220-C,211.87,93.94,0.122,411.0,0.131,381.0,100.34,0.30215,-0.32002,0.11178,0.00536,0.54068
212.99,SYN.ETH-30AUG19,1565607546690,open,0.0,2290.0,0.001,0.014,0.004456,104.54,0.005,0.0,ETH-30AUG19-320-C,211.87,97.43,0.003,250.0,0.006,450.0,110.73,0.04869,-0.14237,0.00476,0.0021,0.0501
217.48,ETH-27DEC19,1565607546692,open,0.01,1428.0,0.003,0.031,0.012897,107.32,0.018,0.0,ETH-27DEC19-760-C,211.87,102.91,0.01,300.0,0.015,50.0,110.17,0.15366,-0.06024,0.03646,0.00081,0.05761
214.75,ETH-27SEP19,1565607546692,open,0.07,1710.0,0.036,0.106,0.071579,99.73,0.065,0.0,ETH-27SEP19-260-C,211.87,97.77,0.069,10.0,0.074,360.0,101.55,0.28426,-0.30897,0.07729,0.00492,0.35792
212.55,SYN.ETH-23AUG19,1565607546696,open,0.05,21.0,0.025,0.09,0.056866,91.68,0.052,0.0,ETH-23AUG19-210-P,211.87,86.0,0.053,150.0,0.06,350.0,96.28,0.14461,-0.60953,-0.03136,0.01172,-0.43822
214.75,ETH-27SEP19,1565607546701,open,0.03,7887.0,0.013,0.055,0.032167,97.18,0.031,0.0,ETH-27SEP19-160-P,211.87,94.56,0.03,200.0,0.034,474.0,99.36,0.17934,-0.18995,-0.0498,0.00318,-0.15233
212.99,SYN.ETH-30AUG19,1565607546701,open,0.05,482.0,0.024,0.084,0.052914,93.34,0.055,0.0,ETH-30AUG19-200-P,211.87,88.51,0.049,396.0,0.056,200.0,97.14,0.17303,-0.45176,-0.04116,0.00834,-0.34165
217.48,ETH-27DEC19,1565607546740,open,0.91,16.0,0.828,0.999,0.913332,103.21,1.195,0.0,ETH-27DEC19-400-P,211.87,60.95,0.85,110.0,1.49,1.0,365.62,0.43067,-0.16238,-1.34963,0.00235,-0.74153
214.75,ETH-27SEP19,1565607546740,open,0.0,7916.0,0.001,0.011,0.000506,124.65,0.001,0.0,ETH-27SEP19-760-C,211.87,0.0,0.0,0.0,0.001,200.0,133.29,0.00934,-0.01269,0.00099,0.00013,0.00416
214.75,ETH-27SEP19,1565607546742,open,0.86,79.0,0.812,0.938,0.872218,104.45,0.351,0.0,ETH-27SEP19-400-P,211.87,0.0,0.01,10.0,0.0,0.0,0.0,0.09942,-0.11319,-0.48711,0.00164,-0.93248
212.99,SYN.ETH-30AUG19,1565607546742,open,0.24,0.0,0.197,0.29,0.243544,97.54,0.218,0.0,ETH-30AUG19-260-P,211.87,70.72,0.229,120.0,0.281,15.0,148.71,0.1348,-0.3678,-0.10809,0.00622,-0.79272
212.99,SYN.ETH-30AUG19,1565607546742,open,0.69,0.0,0.642,0.747,0.692146,111.75,None,0.0,ETH-30AUG19-360-P,211.87,0.0,0.0,0.0,0.0,0.0,0.0,0.02552,-0.07976,-0.17413,0.00103,-0.97718
214.75,ETH-27SEP19,1565607546744,open,1.41,12.0,1.352,1.504,1.424386,113.17,1.193,0.0,ETH-27SEP19-520-P,211.87,0.0,0.0,0.0,0.0,0.0,0.0,0.0408,-0.05033,-0.64828,0.00062,-0.97745
214.75,ETH-27SEP19,1565607546744,open,0.69,233.0,0.634,0.755,0.692569,102.42,0.634,0.0,ETH-27SEP19-360-P,211.87,0.0,0.637,25.0,0.747,25.0,160.07,0.14059,-0.15694,-0.42789,0.00237,-0.89274
212.99,SYN.ETH-30AUG19,1565607546746,open,0.5,0.0,0.46,0.558,0.506929,104.84,None,0.0,ETH-30AUG19-320-P,211.87,0.0,0.0,0.0,0.0,0.0,0.0,0.04913,-0.14408,-0.15191,0.00211,-0.94933
217.48,ETH-27DEC19,1565607546750,open,0.59,101.0,0.51,0.666,0.589912,101.02,0.513,0.0,ETH-27DEC19-320-P,211.87,94.98,0.576,110.0,1.58,1.0,500.0,0.50559,-0.18657,-0.98971,0.00282,-0.62363
11835.64,BTC-27DEC19,1565607546750,open,1.72,0.3,1.658,1.803,1.72587077,100.8,1.875,0.0,BTC-27DEC19-32000-P,11372.0,0.0,0.0,0.0,0.0,0.0,0.0,12.37674,-4.55724,-116.70893,2e-05,-0.90366
214.75,ETH-27SEP19,1565607546752,open,0.77,259.0,0.722,0.846,0.781816,103.27,0.94,0.0,ETH-27SEP19-380-P,211.87,0.0,0.009,8.0,0.0,0.0,0.0,0.11791,-0.13272,-0.45814,0.00197,-0.91553
11835.64,BTC-27DEC19,1565607546752,open,0.1,369.4,0.0535,0.1455,0.09867277,95.92,0.1075,0.0,BTC-27DEC19-18000-C,11372.0,94.28,0.095,17.1,0.101,3.1,96.96,26.47334,-9.27639,10.58821,5e-05,0.33723
217.48,ETH-27DEC19,1565607546752,open,1.25,21.0,1.166,1.349,1.255125,104.7,0.629,0.0,ETH-27DEC19-480-P,211.87,0.0,1.168,110.0,0.0,0.0,0.0,0.34981,-0.13379,-1.69214,0.00188,-0.81971
212.99,SYN.ETH-30AUG19,1565607546752,open,0.35,0.0,0.323,0.366,0.344663,99.74,None,0.0,ETH-30AUG19-140-C,211.87,0.0,0.0,0.0,0.0,0.0,0.0,0.02488,-0.06941,0.06605,0.00112,0.97785
217.48,ETH-27DEC19,1565607546757,open,1.08,0.0,0.996,1.174,1.083818,104.71,None,0.0,ETH-27DEC19-440-P,211.87,0.0,1.007,110.0,0.0,0.0,0.0,0.39246,-0.15012,-1.52153,0.00211,-0.78182
214.75,ETH-27SEP19,1565607546781,open,0.05,2078.0,0.023,0.084,0.053154,100.32,0.05,0.0,ETH-27SEP19-280-C,211.87,98.52,0.051,10.0,0.055,160.0,101.85,0.25846,-0.2826,0.06257,0.00444,0.28497
217.48,ETH-27DEC19,1565607546781,open,0.08,1286.0,0.034,0.116,0.074074,103.21,0.074,0.0,ETH-27DEC19-400-C,211.87,101.13,0.07,110.0,0.077,200.0,104.68,0.43066,-0.16236,0.15037,0.00235,0.25845
214.75,ETH-27SEP19,1565607546781,open,1.05,0.0,0.991,1.124,1.054701,106.23,None,0.0,ETH-27SEP19-440-P,211.87,0.0,0.0,0.0,0.0,0.0,0.0,0.06963,-0.08062,-0.54297,0.00113,-0.95695
11835.64,BTC-27DEC19,1565607546783,open,1.39,0.1,1.3315,1.472,1.39801452,99.49,1.49,0.0,BTC-27DEC19-28000-P,11372.0,0.0,0.005,1.0,0.0,0.0,0.0,15.63698,-5.68278,-100.4964,3e-05,-0.86624
217.48,ETH-27DEC19,1565607546783,open,1.42,37.0,1.338,1.527,1.429888,105.09,0.707,0.0,ETH-27DEC19-520-P,211.87,0.0,0.002,25.0,0.0,0.0,0.0,0.31169,-0.11965,-1.85868,0.00167,-0.84915
11579.64,BTC-27SEP19,1565607546783,open,0.42,34.4,0.3735,0.4665,0.41885069,96.78,0.396,0.0,BTC-27SEP19-16000-P,11372.0,0.0,0.05,1.0,0.944,0.2,500.0,12.16842,-12.83567,-17.44219,7e-05,-0.77959
212.99,SYN.ETH-30AUG19,1565607546783,open,0.16,383.0,0.122,0.211,0.166898,95.71,0.147,0.0,ETH-30AUG19-240-P,211.87,81.63,0.156,320.0,0.176,200.0,106.97,0.16934,-0.45334,-0.08797,0.00796,-0.67643
212.99,SYN.ETH-30AUG19,1565607546783,open,0.04,1067.0,0.015,0.068,0.040044,95.64,0.042,0.0,ETH-30AUG19-240-C,211.87,91.79,0.037,431.0,0.043,400.0,99.34,0.1693,-0.45293,0.02956,0.00797,0.3234
214.75,ETH-27SEP19,1565607546786,open,0.63,0.0,0.617,0.64,0.628514,122.69,None,0.0,ETH-27SEP19-80-C,211.87,0.0,0.003,10.0,0.0,0.0,0.0,0.01376,-0.0184,0.09853,0.00019,0.99357
217.48,ETH-27DEC19,1565607546792,open,0.06,624.0,0.025,0.099,0.060551,104.66,0.068,0.0,ETH-27DEC19-440-C,211.87,103.23,0.058,30.0,0.062,200.0,105.46,0.39225,-0.14996,0.12839,0.00211,0.21798
214.75,ETH-27SEP19,1565607546792,open,0.0,3444.0,0.001,0.011,0.000996,123.35,0.001,0.0,ETH-27SEP19-680-C,211.87,0.0,0.0,0.0,0.002,800.0,133.41,0.01636,-0.02199,0.00184,0.00023,0.00782
212.99,SYN.ETH-30AUG19,1565607546792,open,0.26,0.0,0.228,0.281,0.255529,93.24,None,0.0,ETH-30AUG19-160-C,211.87,0.0,0.0,0.0,0.0,0.0,0.0,0.062,-0.1617,0.07055,0.00299,0.93184
217.48,ETH-27DEC19,1565607546794,open,2.14,0.0,2.042,2.259,2.145616,107.48,None,0.0,ETH-27DEC19-680-P,211.87,0.0,0.0,0.0,0.0,0.0,0.0,0.19859,-0.07797,-2.49991,0.00104,-0.91968
217.48,ETH-27DEC19,1565607546795,open,1.96,0.0,1.865,2.073,1.964429,106.2,None,0.0,ETH-27DEC19-640-P,211.87,0.0,0.0,0.0,0.0,0.0,0.0,0.21811,-0.08462,-2.34341,0.00116,-0.90897
214.75,ETH-27SEP19,1565607546799,open,0.15,1947.0,0.103,0.196,0.150999,97.18,0.165,0.0,ETH-27SEP19-220-P,211.87,93.63,0.146,361.0,0.156,451.0,100.73,0.30215,-0.32002,-0.16473,0.00536,-0.45932
11835.64,BTC-27DEC19,1565607546801,open,0.02,277.1,0.0085,0.0405,0.02226437,92.76,0.0235,0.0,BTC-27DEC19-6000-P,11372.0,91.82,0.0215,6.0,0.023,0.4,93.65,9.67097,-3.27689,-4.06996,2e-05,-0.06943
217.48,ETH-27DEC19,1565607546803,open,0.75,242.0,0.666,0.83,0.748642,102.27,0.889,0.0,ETH-27DEC19-360-P,211.87,75.36,0.696,110.0,1.59,1.0,500.0,0.47084,-0.1759,-1.17206,0.0026,-0.6885
217.48,ETH-27DEC19,1565607546803,open,0.3,801.0,0.236,0.366,0.304296,98.5,0.317,0.0,ETH-27DEC19-240-P,211.87,95.9,0.298,120.0,0.309,200.0,100.44,0.52626,-0.18935,-0.61112,0.00301,-0.44503
214.75,ETH-27SEP19,1565607546805,open,0.01,5320.0,0.001,0.024,0.009584,104.45,0.008,0.0,ETH-27SEP19-400-C,211.87,100.85,0.008,310.0,0.011,200.0,107.39,0.09941,-0.11316,0.01563,0.00164,0.06751
214.75,ETH-27SEP19,1565607546807,open,0.01,7899.0,0.004,0.029,0.014506,97.82,0.018,0.0,ETH-27SEP19-140-P,211.87,94.89,0.013,2.0,0.016,500.0,100.61,0.11287,-0.12034,-0.02543,0.00199,-0.0797
214.75,ETH-27SEP19,1565607546810,open,0.0,2060.0,0.001,0.011,0.001041,122.69,0.003,0.0,ETH-27SEP19-80-P,211.87,0.0,0.0,0.0,0.002,500.0,134.56,0.01376,-0.01841,-0.00202,0.00019,-0.00643
11579.64,BTC-27SEP19,1565607546814,open,0.27,71.0,0.2275,0.32,0.27416067,94.53,0.27,0.0,BTC-27SEP19-14000-P,11372.0,87.83,0.2655,9.3,0.2805,3.0,99.35,15.12577,-15.58435,-13.5227,9e-05,-0.65497
214.75,ETH-27SEP19,1565607546814,open,0.29,392.0,0.252,0.318,0.287114,97.18,0.329,0.0,ETH-27SEP19-160-C,211.87,0.0,0.001,1.0,0.0,0.0,0.0,0.17934,-0.18995,0.1513,0.00318,0.84767
11835.64,BTC-27DEC19,1565607546814,open,0.34,167.6,0.2945,0.378,0.33801483,92.61,0.358,0.0,BTC-27DEC19-9000-C,11372.0,89.57,0.3325,13.0,0.339,7.8,93.15,21.55438,-7.29175,19.5422,4e-05,0.77831
214.75,ETH-27SEP19,1565607546814,open,0.0,4762.0,0.001,0.011,0.001708,103.81,0.002,0.0,ETH-27SEP19-100-P,211.87,96.21,0.001,200.0,0.003,500.0,113.55,0.02358,-0.02668,-0.00367,0.00039,-0.01189
217.48,ETH-27DEC19,1565607546816,open,0.03,1620.0,0.01,0.061,0.031611,105.39,0.03,0.0,ETH-27DEC19-560-C,211.87,102.46,0.028,460.0,0.035,250.0,107.99,0.27651,-0.10645,0.07742,0.00148,0.12654
212.99,SYN.ETH-30AUG19,1565607546820,open,0.59,0.0,0.551,0.652,0.598886,106.25,None,0.0,ETH-30AUG19-340-P,211.87,0.0,0.0,0.0,0.0,0.0,0.0,0.03264,-0.09699,-0.16359,0.00138,-0.96936
217.48,ETH-27DEC19,1565607546822,open,1.78,0.0,1.688,1.89,1.78496,105.84,0.953,0.0,ETH-27DEC19-600-P,211.87,0.0,0.0,0.0,0.0,0.0,0.0,0.24576,-0.09501,-2.18389,0.00131,-0.89284
214.75,ETH-27SEP19,1565607546825,open,0.28,1240.0,0.226,0.336,0.282289,99.73,0.232,0.0,ETH-27SEP19-260-P,211.87,85.61,0.264,110.0,0.322,25.0,128.9,0.28426,-0.30897,-0.2495,0.00492,-0.64208
214.75,ETH-27SEP19,1565607546827,open,0.72,0.0,0.711,0.73,0.72074,125.0,0.01,0.0,ETH-27SEP19-60-C,211.87,0.0,0.003,10.0,0.0,0.0,0.0,0.0025,-0.0034,0.07511,3e-05,0.99903
217.48,ETH-27DEC19,1565607546832,open,1.6,0.0,1.513,1.707,1.606565,105.39,0.845,0.0,ETH-27DEC19-560-P,211.87,0.0,0.0,0.0,0.0,0.0,0.0,0.27653,-0.10646,-2.02258,0.00148,-0.87344
217.48,ETH-27DEC19,1565607546832,open,0.04,3089.0,0.016,0.059,0.035992,97.3,0.028,0.0,ETH-27DEC19-120-P,211.87,92.45,0.031,200.0,0.035,50.0,96.35,0.22945,-0.08155,-0.10888,0.00133,-0.09751
214.75,ETH-27SEP19,1565607546834,open,0.0,3419.0,0.001,0.011,0.001298,121.37,0.002,0.0,ETH-27SEP19-640-C,211.87,0.0,0.0,0.0,0.002,600.0,127.64,0.02047,-0.02708,0.00238,0.00029,0.0101
212.55,SYN.ETH-23AUG19,1565607546834,open,0.05,30.0,0.019,0.078,0.04868,92.43,0.051,0.0,ETH-23AUG19-220-C,211.87,88.5,0.046,150.0,0.051,387.0,95.83,0.14502,-0.61629,0.02516,0.01165,0.44589
212.99,SYN.ETH-30AUG19,1565607546834,open,0.02,619.0,0.006,0.043,0.022182,93.36,0.019,0.0,ETH-30AUG19-180-P,211.87,89.54,0.02,200.0,0.024,200.0,96.47,0.1234,-0.32226,-0.02102,0.00595,-0.17935
214.75,ETH-27SEP19,1565607546836,open,1.97,0.0,1.894,2.076,1.981647,122.78,None,0.0,ETH-27SEP19-640-P,211.87,0.0,0.0,0.0,0.0,0.0,0.0,0.02201,-0.02946,-0.80182,0.00031,-0.98902
217.48,ETH-27DEC19,1565607546838,open,0.49,0.0,0.452,0.513,0.484192,97.27,None,0.0,ETH-27DEC19-120-C,211.87,0.0,0.002,50.0,0.99,5.0,500.0,0.2294,-0.08151,0.34117,0.00133,0.90252
214.75,ETH-27SEP19,1565607546840,open,0.0,2698.0,0.001,0.011,0.000668,123.34,0.001,0.0,ETH-27SEP19-720-C,211.87,0.0,0.0,0.0,0.001,222.0,128.51,0.01182,-0.01589,0.00128,0.00017,0.00542
217.48,ETH-27DEC19,1565607546840,open,0.27,599.0,0.212,0.313,0.267127,97.28,0.269,0.0,ETH-27DEC19-200-C,211.87,94.08,0.26,30.0,0.275,200.0,100.84,0.4826,-0.1715,0.32815,0.0028,0.66949
214.75,ETH-27SEP19,1565607546840,open,0.45,47.0,0.426,0.466,0.446221,98.08,0.689,0.0,ETH-27SEP19-120-C,211.87,0.0,0.0,0.0,0.0,0.0,0.0,0.05511,-0.05892,0.14074,0.00097,0.96767
217.48,ETH-27DEC19,1565607546840,open,0.12,894.0,0.068,0.165,0.1185,101.01,0.114,0.0,ETH-27DEC19-320-C,211.87,99.5,0.115,110.0,0.12,200.0,101.66,0.50558,-0.18656,0.21029,0.00282,0.37635
217.48,ETH-27DEC19,1565607546840,open,0.1,278.0,0.048,0.138,0.093241,102.24,0.094,0.0,ETH-27DEC19-360-C,211.87,100.27,0.089,110.0,0.095,200.0,103.05,0.47075,-0.17581,0.17789,0.0026,0.31137
217.48,ETH-27DEC19,1565607546842,open,0.16,433.0,0.099,0.203,0.154036,100.18,0.156,0.0,ETH-27DEC19-280-C,211.87,98.1,0.149,120.0,0.155,200.0,100.57,0.52838,-0.19335,0.248,0.00297,0.45812
214.75,ETH-27SEP19,1565607546844,open,0.54,0.0,0.521,0.551,0.53605,103.8,None,0.0,ETH-27SEP19-100-C,211.87,0.0,0.003,10.0,0.0,0.0,0.0,0.02358,-0.02667,0.12202,0.00039,0.98812
217.48,ETH-27DEC19,1565607546846,open,0.02,633.0,0.005,0.041,0.018748,107.32,0.018,0.0,ETH-27DEC19-680-C,211.87,106.49,0.018,10.0,0.021,250.0,109.72,0.19775,-0.07753,0.04985,0.00104,0.07987
212.99,SYN.ETH-30AUG19,1565607546846,open,0.01,1202.0,0.002,0.029,0.012295,98.13,0.013,0.0,ETH-30AUG19-280-C,211.87,95.21,0.011,250.0,0.013,1.0,99.66,0.09695,-0.26611,0.01174,0.00445,0.12486
214.75,ETH-27SEP19,1565607546849,open,0.37,191.0,0.335,0.388,0.362581,97.81,0.5,0.0,ETH-27SEP19-140-C,211.87,0.0,0.0,0.0,0.0,0.0,0.0,0.11286,-0.12031,0.15054,0.00199,0.92031
214.75,ETH-27SEP19,1565607546849,open,0.06,5777.0,0.031,0.092,0.06073,97.18,0.07,0.0,ETH-27SEP19-180-P,211.87,93.83,0.057,300.0,0.064,388.0,100.09,0.24028,-0.25449,-0.083,0.00427,-0.24679
212.99,SYN.ETH-30AUG19,1565607546849,open,0.32,0.0,0.281,0.375,0.326959,98.26,None,0.0,ETH-30AUG19-280-P,211.87,0.0,0.0,0.0,0.0,0.0,0.0,0.09717,-0.26706,-0.12535,0.00445,-0.87475
214.75,ETH-27SEP19,1565607546854,open,0.35,1157.0,0.3,0.413,0.357056,100.37,0.359,0.0,ETH-27SEP19-280-P,211.87,85.54,0.34,110.0,0.4,25.0,133.83,0.25853,-0.28282,-0.28933,0.00444,-0.71487
217.49,ETH-27DEC19,1565607546857,open,0.36,3.0,0.314,0.4,0.360768,97.27,0.366,0.0,ETH-27DEC19-160-C,211.87,0.0,0.08,10.0,0.98,5.0,500.0,0.38174,-0.13564,0.35166,0.00221,0.79195
214.75,ETH-27SEP19,1565607546857,open,0.6,347.0,0.547,0.666,0.605024,101.99,0.565,0.0,ETH-27SEP19-340-P,211.87,83.8,0.593,110.0,0.669,25.0,162.79,0.16769,-0.18639,-0.39601,0.00284,-0.86214
214.75,ETH-27SEP19,1565607546857,open,0.01,2471.0,0.001,0.016,0.005805,106.22,0.01,0.0,ETH-27SEP19-440-C,211.87,100.01,0.004,610.0,0.007,200.0,109.7,0.06962,-0.0806,0.01005,0.00113,0.04304
214.75,ETH-27SEP19,1565607546859,open,0.02,2762.0,0.004,0.035,0.016197,102.42,0.017,0.0,ETH-27SEP19-360-C,211.87,98.94,0.014,610.0,0.018,200.0,105.1,0.14057,-0.15691,0.02457,0.00237,0.10724
217.49,ETH-27DEC19,1565607546859,open,0.02,1328.0,0.004,0.035,0.015514,107.32,0.02,0.0,ETH-27DEC19-720-C,211.87,102.61,0.012,350.0,0.018,50.0,110.29,0.17434,-0.06835,0.04259,0.00092,0.06773
212.99,SYN.ETH-30AUG19,1565607546859,open,0.0,3915.0,0.001,0.012,0.002508,105.76,0.005,0.0,ETH-30AUG19-340-C,211.87,92.67,0.001,370.0,0.004,450.0,114.28,0.03204,-0.09478,0.00286,0.00136,0.02996
214.75,ETH-27SEP19,1565607546861,open,0.01,1897.0,0.003,0.028,0.012234,103.12,0.016,0.0,ETH-27SEP19-380-C,211.87,98.82,0.01,610.0,0.014,200.0,106.24,0.1175,-0.13206,0.01939,0.00197,0.08407
214.75,ETH-27SEP19,1565607546861,open,1.78,27.0,1.713,1.885,1.796068,122.33,1.044,0.0,ETH-27SEP19-600-P,211.87,0.0,0.0,0.0,0.0,0.0,0.0,0.02996,-0.03995,-0.75046,0.00042,-0.98431
214.75,ETH-27SEP19,1565607546863,open,2.15,0.0,2.075,2.267,2.167615,125.18,None,0.0,ETH-27SEP19-680-P,211.87,0.0,0.0,0.0,0.0,0.0,0.0,0.01809,-0.02468,-0.85261,0.00025,-0.99123
214.75,ETH-27SEP19,1565607546863,open,0.02,1934.0,0.006,0.043,0.02172,101.9,0.021,0.0,ETH-27SEP19-340-C,211.87,98.31,0.019,604.0,0.024,200.0,104.76,0.16746,-0.18598,0.03127,0.00284,0.13758
212.99,SYN.ETH-30AUG19,1565607546863,open,0.41,0.0,0.37,0.465,0.416009,101.99,None,0.0,ETH-30AUG19-300-P,211.87,0.0,0.0,0.0,0.0,0.0,0.0,0.07011,-0.20001,-0.13936,0.00309,-0.91995
212.99,SYN.ETH-30AUG19,1565607546863,open,0.18,757.0,0.142,0.208,0.177041,93.3,0.25,0.0,ETH-30AUG19-180-C,211.87,86.12,0.173,120.0,0.221,15.0,159.62,0.12334,-0.32187,0.06715,0.00595,0.82079
217.49,ETH-27DEC19,1565607546865,open,2.5,0.0,2.397,2.629,2.507632,107.77,None,0.0,ETH-27DEC19-760-P,211.87,0.0,0.001,100.0,0.0,0.0,0.0,0.15595,-0.06139,-2.81292,0.00082,-0.9413
212.11,SYN.ETH-16AUG19,1565607546877,open,0.0,124.0,0.001,0.011,0.001865,93.31,0.002,0.0,ETH-16AUG19-250-C,211.87,94.59,0.002,6.0,0.003,600.0,102.86,0.02194,-0.26415,0.00105,0.00492,0.04834
