underlying_price,underlying_index,timestamp,state,settlement_price,open_interest,min_price,max_price,mark_price,mark_iv,last_price,interest_rate,instrument_name,index_price,bid_iv,best_bid_price,best_bid_amount,best_ask_price,best_ask_amount,ask_iv,vega,theta,rho,gamma,delta
183.46,SYN.ETH-20SEP19,1567940340061,open,0.05,26.0,0.016,0.077,0.046052,111.3,0.022,0.0,ETH-20SEP19-200-C,182.5,62.49,0.015,160.0,0.029,160.0,85.61,0.12503,-0.5859,0.01938,0.01026,0.37081
183.46,SYN.ETH-20SEP19,1567940340113,open,0.01,0.0,0.001,0.026,0.009612,111.34,None,0.0,ETH-20SEP19-240-C,182.5,71.52,0.001,1000.0,0.006,200.0,99.35,0.0614,-0.28783,0.00587,0.00504,0.10798
183.46,SYN.ETH-20SEP19,1567940340137,open,0.15,1.0,0.091,0.18,0.13623,111.3,0.14,0.0,ETH-20SEP19-200-P,182.5,56.63,0.102,40.0,0.12,40.0,86.89,0.12503,-0.5859,-0.04569,0.01026,-0.62919
10549.35,SYN.BTC-13SEP19,1567940340183,open,0.01,324.5,0.0015,0.031,0.01295736,72.6,0.012,0.0,BTC-13SEP19-10000-P,10524.67,69.97,0.012,1.0,0.014,12.1,75.43,3.86204,-28.75521,-0.36842,0.00036,-0.24849
186.71,ETH-27DEC19,1567940340193,open,0.01,2900.0,0.002,0.023,0.011608,81.03,0.016,0.0,ETH-27DEC19-100-P,182.5,72.15,0.007,40.0,0.015,40.0,86.5,0.10882,-0.04013,-0.03569,0.00128,-0.05189
188.75,SYN.ETH-27MAR20,1567940340209,open,0.06,254.0,0.024,0.093,0.056886,87.98,0.047,0.0,ETH-27MAR20-400-C,182.5,85.62,0.052,252.0,0.062,220.0,90.37,0.39773,-0.0871,0.15374,0.00231,0.20489
183.46,SYN.ETH-20SEP19,1567940340211,open,0.04,14.0,0.009,0.06,0.032021,111.3,0.018,0.0,ETH-20SEP19-210-C,182.5,63.09,0.007,160.0,0.017,160.0,84.97,0.11205,-0.52505,0.01501,0.00919,0.28341
184.02,ETH-27SEP19,1567940340218,open,0.64,853.0,0.583,0.686,0.632308,103.41,0.641,0.0,ETH-27SEP19-300-P,182.5,0.0,0.049,15.0,1.82,5.0,500.0,0.02442,-0.06689,-0.15296,0.00135,-0.97504
184.02,ETH-27SEP19,1567940340223,open,2.06,24.0,1.955,2.137,2.043153,125.0,1.356,0.0,ETH-27SEP19-560-P,182.5,0.0,0.0,0.0,0.0,0.0,0.0,0.00014,-0.00045,-0.28959,1e-05,-0.99992
186.71,ETH-27DEC19,1567940340223,open,0.0,2921.0,0.001,0.013,0.003328,96.89,0.003,0.0,ETH-27DEC19-640-C,182.5,84.3,0.001,120.0,0.005,65.0,102.32,0.04983,-0.02197,0.00943,0.00049,0.02011
186.71,ETH-27DEC19,1567940340223,open,0.76,101.0,0.682,0.818,0.748585,83.48,0.513,0.0,ETH-27DEC19-320-P,182.5,0.0,0.006,5.0,0.0,0.0,0.0,0.26094,-0.09913,-0.88626,0.00298,-0.82825
184.02,ETH-27SEP19,1567940340225,open,1.18,79.0,1.111,1.242,1.174074,125.0,0.351,0.0,ETH-27SEP19-400-P,182.5,0.0,0.0,0.0,0.0,0.0,0.0,0.00584,-0.01935,-0.20644,0.00027,-0.99519
186.71,ETH-27DEC19,1567940340228,open,2.88,0.0,2.745,2.984,2.859414,103.58,None,0.0,ETH-27DEC19-720-P,182.5,0.0,0.003,5.0,0.0,0.0,0.0,0.04593,-0.02165,-2.15892,0.00042,-0.98173
184.02,ETH-27SEP19,1567940340242,open,0.32,2550.0,0.269,0.357,0.311932,82.92,0.34,0.0,ETH-27SEP19-240-P,182.5,0.0,0.053,5.0,0.88,5.0,500.0,0.0704,-0.15463,-0.11587,0.00485,-0.90561
184.02,ETH-27SEP19,1567940340244,open,0.13,2697.0,0.084,0.162,0.123201,75.73,0.122,0.0,ETH-27SEP19-200-P,182.5,69.46,0.118,360.0,0.127,240.0,80.23,0.15427,-0.30946,-0.07401,0.01163,-0.65448
184.02,ETH-27SEP19,1567940340251,open,0.75,607.0,0.689,0.797,0.740422,109.32,0.761,0.0,ETH-27SEP19-320-P,182.5,0.0,0.0,0.0,1.39,1.0,500.0,0.01836,-0.05317,-0.16393,0.00096,-0.98219
10891.53,SYN.BTC-27MAR20,1567940340251,open,1.07,0.0,1.0065,1.1445,1.07325833,82.9,None,0.0,BTC-27MAR20-22000-P,10524.67,0.0,0.0005,11.1,0.0,0.0,0.0,22.73418,-4.69126,-112.18436,4e-05,-0.79832
186.71,ETH-27DEC19,1567940340257,open,2.24,0.0,2.121,2.324,2.218292,97.39,0.953,0.0,ETH-27DEC19-600-P,182.5,0.0,0.0,0.0,0.0,0.0,0.0,0.06502,-0.02882,-1.79334,0.00064,-0.97241
184.02,ETH-27SEP19,1567940340257,open,1.84,12.0,1.744,1.913,1.825795,125.0,1.193,0.0,ETH-27SEP19-520-P,182.5,0.0,0.0,0.0,0.0,0.0,0.0,0.00035,-0.00116,-0.26889,2e-05,-0.99978
184.02,ETH-27SEP19,1567940340261,open,0.56,0.0,0.552,0.578,0.565355,125.0,None,0.0,ETH-27SEP19-80-C,182.5,0.0,0.004,5.0,0.0,0.0,0.0,0.00149,-0.00493,0.04126,7e-05,0.99894
184.02,ETH-27SEP19,1567940340261,open,0.97,233.0,0.9,1.019,0.957391,123.33,0.634,0.0,ETH-27SEP19-360-P,182.5,0.0,0.5,44.0,0.0,0.0,0.0,0.01321,-0.04316,-0.18512,0.00061,-0.98785
184.02,ETH-27SEP19,1567940340261,open,0.0,7916.0,0.001,0.011,0.0,125.0,0.001,0.0,ETH-27SEP19-760-C,182.5,0.0,0.0,0.0,0.001,1.0,228.78,0.0,0.0,0.0,0.0,0.0
184.84,SYN.ETH-25OCT19,1567940340261,open,0.18,242.0,0.149,0.219,0.186574,79.97,0.154,0.0,ETH-25OCT19-160-C,182.5,68.02,0.173,240.0,0.2,240.0,91.38,0.21437,-0.18286,0.13165,0.00611,0.74117
186.71,ETH-27DEC19,1567940340263,open,1.81,37.0,1.706,1.886,1.791829,92.68,0.707,0.0,ETH-27DEC19-520-P,182.5,0.0,0.002,25.0,0.0,0.0,0.0,0.08685,-0.03663,-1.54712,0.00089,-0.96079
186.71,ETH-27DEC19,1567940340263,open,0.31,2.0,0.268,0.341,0.307018,79.43,0.275,0.0,ETH-27DEC19-140-C,182.5,0.0,0.0,0.0,0.0,0.0,0.0,0.27782,-0.10041,0.28281,0.00333,0.81019
184.02,ETH-27SEP19,1567940340265,open,0.0,3439.0,0.001,0.011,0.0,125.0,0.001,0.0,ETH-27SEP19-680-C,182.5,0.0,0.0,0.0,0.001,5.0,213.71,1e-05,-3e-05,0.0,0.0,0.0
186.71,ETH-27DEC19,1567940340267,open,0.38,2.0,0.355,0.414,0.385775,80.0,0.346,0.0,ETH-27DEC19-120-C,182.5,0.0,0.101,1.0,2.47,1.0,500.0,0.19261,-0.07012,0.28341,0.00229,0.89001
183.46,SYN.ETH-20SEP19,1567940340269,open,0.0,0.0,0.001,0.011,0.001731,121.04,None,0.0,ETH-20SEP19-120-P,182.5,0.0,0.0,0.0,0.0,0.0,0.0,0.01604,-0.08172,-0.0013,0.00121,-0.02002
184.02,ETH-27SEP19,1567940340279,open,0.0,5974.0,0.001,0.011,0.000986,121.82,0.001,0.0,ETH-27SEP19-100-P,182.5,0.0,0.0,0.0,0.004,15.0,152.49,0.0108,-0.03486,-0.00101,0.00051,-0.00964
186.71,ETH-27DEC19,1567940340279,open,0.38,694.0,0.31,0.431,0.372187,80.03,0.44,0.0,ETH-27DEC19-240-P,182.5,67.97,0.348,240.0,0.399,240.0,92.83,0.38409,-0.13988,-0.5676,0.00457,-0.63768
186.71,ETH-27DEC19,1567940340279,open,0.03,7508.0,0.012,0.049,0.028517,80.03,0.027,0.0,ETH-27DEC19-120-P,182.5,77.56,0.026,260.0,0.031,260.0,82.41,0.19269,-0.07018,-0.07788,0.00229,-0.11005
183.46,SYN.ETH-20SEP19,1567940340279,open,0.19,0.0,0.13,0.222,0.176708,111.3,None,0.0,ETH-20SEP19-210-P,182.5,0.0,0.0,0.0,0.265,1.0,240.23,0.11205,-0.52505,-0.05332,0.00919,-0.71659
182.89,SYN.ETH-13SEP19,1567940340281,open,0.0,204.0,0.001,0.011,0.000446,102.98,0.002,0.0,ETH-13SEP19-140-P,182.5,0.0,0.0,0.0,0.001,50.0,115.78,0.00592,-0.06251,-0.00027,0.00129,-0.01058
186.71,ETH-27DEC19,1567940340283,open,2.45,0.0,2.329,2.542,2.431288,97.57,None,0.0,ETH-27DEC19-640-P,182.5,0.0,0.0,0.0,0.0,0.0,0.0,0.05169,-0.02295,-1.91676,0.0005,-0.979
184.02,ETH-27SEP19,1567940340283,open,0.45,20.0,0.44,0.475,0.457567,121.82,0.441,0.0,ETH-27SEP19-100-C,182.5,0.0,0.447,1.0,0.465,1.0,177.68,0.0108,-0.03486,0.0507,0.00051,0.99036
186.71,ETH-27DEC19,1567940340283,open,0.1,2443.0,0.06,0.136,0.098107,79.28,0.117,0.0,ETH-27DEC19-160-P,182.5,75.98,0.092,260.0,0.102,260.0,81.37,0.34692,-0.12515,-0.21449,0.00417,-0.28352
184.02,ETH-27SEP19,1567940340283,open,2.27,27.0,2.166,2.361,2.260517,125.0,1.044,0.0,ETH-27SEP19-600-P,182.5,0.0,0.0,0.0,0.0,0.0,0.0,5e-05,-0.00017,-0.31028,0.0,-0.99997
186.71,ETH-27DEC19,1567940340285,open,0.03,1021.0,0.013,0.061,0.034605,83.41,0.037,0.0,ETH-27DEC19-320-C,182.5,80.78,0.031,220.0,0.038,252.0,85.8,0.26066,-0.09894,0.07693,0.00298,0.17147
184.02,ETH-27SEP19,1567940340287,open,0.0,3419.0,0.001,0.011,1e-06,125.0,0.001,0.0,ETH-27SEP19-640-C,182.5,0.0,0.0,0.0,0.001,237.0,205.4,2e-05,-7e-05,0.0,0.0,1e-05
186.71,ETH-27DEC19,1567940340289,open,2.02,0.0,1.913,2.104,2.004554,94.18,0.845,0.0,ETH-27DEC19-560-P,182.5,0.0,0.0,0.0,0.0,0.0,0.0,0.07149,-0.03064,-1.67133,0.00072,-0.96907
184.02,ETH-27SEP19,1567940340289,open,2.93,0.0,2.799,3.033,2.912618,125.0,None,0.0,ETH-27SEP19-720-P,182.5,0.0,0.0,0.0,0.0,0.0,0.0,0.0,-1e-05,-0.37234,0.0,-1.0
186.71,ETH-27DEC19,1567940340289,open,2.67,0.0,2.537,2.763,2.645251,100.34,None,0.0,ETH-27DEC19-680-P,182.5,0.0,0.002,10.0,0.0,0.0,0.0,0.04772,-0.02179,-2.03808,0.00045,-0.98089
184.02,ETH-27SEP19,1567940340296,open,2.49,0.0,2.377,2.585,2.477883,125.0,None,0.0,ETH-27SEP19-640-P,182.5,0.0,0.0,0.0,0.0,0.0,0.0,2e-05,-7e-05,-0.33097,0.0,-0.99999
186.71,ETH-27DEC19,1567940340298,open,0.96,257.0,0.882,1.025,0.951743,85.65,0.947,0.0,ETH-27DEC19-360-P,182.5,0.0,0.008,4.0,1.59,1.0,420.03,0.20804,-0.08109,-1.02807,0.00231,-0.8774
184.02,ETH-27SEP19,1567940340308,open,1.4,0.0,1.322,1.465,1.391176,125.0,None,0.0,ETH-27SEP19-440-P,182.5,0.0,0.0,0.0,0.0,0.0,0.0,0.00232,-0.00768,-0.22739,0.00011,-0.99828
184.02,ETH-27SEP19,1567940340315,open,3.15,0.0,3.01,3.257,3.129986,125.0,None,0.0,ETH-27SEP19-760-P,182.5,0.0,0.0,0.0,0.0,0.0,0.0,0.0,0.0,-0.39303,0.0,-1.0
184.02,ETH-27SEP19,1567940340317,open,1.62,0.0,1.533,1.689,1.608456,125.0,None,0.0,ETH-27SEP19-480-P,182.5,0.0,0.0,0.0,0.0,0.0,0.0,0.0009,-0.00299,-0.24817,4e-05,-0.99938
186.71,ETH-27DEC19,1567940340317,open,0.01,3093.0,0.001,0.018,0.006612,92.36,0.006,0.0,ETH-27DEC19-520-C,182.5,88.53,0.005,225.0,0.008,240.0,95.21,0.08564,-0.03599,0.01794,0.00088,0.03854
184.02,ETH-27SEP19,1567940340323,open,0.06,6287.0,0.028,0.088,0.057143,75.32,0.054,0.0,ETH-27SEP19-180-P,182.5,70.65,0.053,360.0,0.059,240.0,77.42,0.16315,-0.32552,-0.04494,0.01237,-0.41504
186.71,ETH-27DEC19,1567940340325,open,3.1,0.0,2.953,3.204,3.073291,105.33,None,0.0,ETH-27DEC19-760-P,182.5,0.0,0.0,0.0,0.0,0.0,0.0,0.0414,-0.01984,-2.28031,0.00037,-0.98382
184.02,ETH-27SEP19,1567940340325,open,2.71,0.0,2.588,2.809,2.695251,125.0,None,0.0,ETH-27SEP19-680-P,182.5,0.0,0.0,0.0,0.0,0.0,0.0,1e-05,-3e-05,-0.35166,0.0,-1.0
10667.21,SYN.BTC-25OCT19,1567940340372,open,0.07,85.3,0.0445,0.106,0.07464992,74.55,0.0795,0.0,BTC-25OCT19-10000-P,10524.67,71.44,0.0705,16.0,0.0775,16.0,76.69,14.21338,-11.303,-5.86827,0.00013,-0.35371
188.77,SYN.ETH-27MAR20,1567940340410,open,0.05,20.0,0.017,0.078,0.045081,88.54,0.043,0.0,ETH-27MAR20-440-C,182.5,85.74,0.04,252.0,0.05,220.0,91.11,0.35237,-0.07765,0.12823,0.00203,0.16851
184.85,SYN.ETH-25OCT19,1567940340410,open,0.12,474.0,0.087,0.16,0.125494,79.58,0.102,0.0,ETH-25OCT19-180-C,182.5,76.35,0.121,240.0,0.131,240.0,83.54,0.25703,-0.21817,0.11103,0.00736,0.5932
183.46,SYN.ETH-20SEP19,1567940340416,open,0.03,10.0,0.005,0.046,0.021816,111.3,0.003,0.0,ETH-20SEP19-220-C,182.5,58.48,0.002,200.0,0.01,5.0,85.77,0.09552,-0.4476,0.01127,0.00784,0.21057
186.71,ETH-27DEC19,1567940340464,open,0.16,132.0,0.103,0.195,0.150546,78.73,0.179,0.0,ETH-27DEC19-180-P,182.5,75.6,0.144,272.0,0.158,240.0,82.3,0.39061,-0.13994,-0.29922,0.00473,-0.38182
184.85,SYN.ETH-25OCT19,1567940340478,open,0.1,105.0,0.062,0.137,0.099285,79.59,0.115,0.0,ETH-25OCT19-180-P,182.5,75.79,0.094,240.0,0.104,240.0,82.98,0.25703,-0.2182,-0.12014,0.00736,-0.4068
10891.53,SYN.BTC-27MAR20,1567940340565,open,1.95,0.0,1.887,2.039,1.95877746,86.81,None,0.0,BTC-27MAR20-32000-P,10524.67,0.0,0.0005,10.0,0.0,0.0,0.0,12.93363,-2.7948,-172.06038,2e-05,-0.91172
184.85,SYN.ETH-25OCT19,1567940340611,open,0.17,211.0,0.118,0.207,0.163481,79.59,0.203,0.0,ETH-25OCT19-200-P,182.5,75.72,0.158,240.0,0.17,240.0,84.19,0.26192,-0.22236,-0.17012,0.0075,-0.55314
182.89,SYN.ETH-13SEP19,1567940340644,open,0.0,431.0,0.001,0.011,0.000892,87.97,0.006,0.0,ETH-13SEP19-150-P,182.5,0.0,0.0,0.0,0.002,203.0,101.62,0.01139,-0.10278,-0.00058,0.0029,-0.0227
10667.21,SYN.BTC-25OCT19,1567940340675,open,0.09,44.8,0.0605,0.125,0.09307234,74.58,0.093,0.0,BTC-25OCT19-11000-C,10524.67,73.13,0.091,21.4,0.0975,15.0,77.68,15.24798,-12.12945,5.67681,0.00014,0.50745
10667.21,SYN.BTC-25OCT19,1567940340680,open,0.0,254.1,0.0005,0.012,0.00200094,81.52,0.0015,0.0,BTC-25OCT19-6000-P,10524.67,73.48,0.001,67.0,0.003,25.0,87.28,1.62687,-1.41469,-0.26288,1e-05,-0.01719
10891.53,SYN.BTC-27MAR20,1567940340705,open,0.09,49.7,0.045,0.13,0.08613331,81.52,0.0905,0.0,BTC-27MAR20-18000-C,10524.67,80.11,0.0825,10.0,0.0895,6.0,82.83,28.03589,-5.68912,12.73855,5e-05,0.29865
10584.78,SYN.BTC-20SEP19,1567940340758,open,0.0,0.2,0.0005,0.011,0.00147418,86.47,0.002,0.0,BTC-20SEP19-14500-C,10524.67,81.6,0.001,0.1,0.002,0.4,90.82,1.16061,-4.2255,0.08516,4e-05,0.0262
10891.53,SYN.BTC-27MAR20,1567940340785,open,0.04,54.0,0.0165,0.0775,0.04306911,83.71,0.046,0.0,BTC-27MAR20-24000-C,10524.67,81.49,0.039,18.0,0.047,16.9,85.78,20.30021,-4.23002,7.49508,4e-05,0.16811
10891.53,SYN.BTC-27MAR20,1567940340788,open,0.02,20.4,0.007,0.0515,0.02451308,86.1,0.023,0.0,BTC-27MAR20-30000-C,10524.67,84.15,0.022,20.0,0.027,18.0,87.93,14.44783,-3.09641,4.68064,3e-05,0.1026
182.89,SYN.ETH-13SEP19,1567940340788,open,0.0,577.0,0.001,0.012,0.002188,75.27,0.004,0.0,ETH-13SEP19-160-P,182.5,0.0,0.0,0.0,0.004,200.0,86.93,0.02418,-0.18663,-0.00145,0.00719,-0.05698
188.77,SYN.ETH-27MAR20,1567940340809,open,1.8,0.0,1.688,1.892,1.785977,90.86,None,0.0,ETH-27MAR20-520-P,182.5,0.0,0.005,10.0,0.0,0.0,0.0,0.28299,-0.064,-2.76776,0.00159,-0.87825
10891.53,SYN.BTC-27MAR20,1567940340877,open,0.3,31.9,0.2385,0.356,0.29876267,79.83,0.3135,0.0,BTC-27MAR20-12000-P,10524.67,77.87,0.293,3.6,0.3055,12.0,82.13,31.95262,-6.34915,-44.72046,6e-05,-0.44731
10667.21,SYN.BTC-25OCT19,1567940340880,open,0.6,0.0,0.565,0.644,0.60235077,81.68,None,0.0,BTC-25OCT19-17000-P,10524.67,0.0,0.0,0.0,0.0,0.0,0.0,5.36319,-4.67276,-20.93594,4e-05,-0.92587
10584.78,SYN.BTC-20SEP19,1567940340888,open,0.32,0.0,0.297,0.3555,0.32471877,83.01,None,0.0,BTC-20SEP19-14000-P,10524.67,0.0,0.0,0.0,0.0,0.0,0.0,1.52692,-5.33628,-4.43647,5e-05,-0.9635
10584.78,SYN.BTC-20SEP19,1567940340910,open,0.0,0.0,0.0005,0.0105,0.00096749,92.07,None,0.0,BTC-20SEP19-7500-P,10524.67,0.0,0.0,0.0,0.002,0.6,103.56,0.74306,-2.88042,-0.05666,2e-05,-0.01548
186.71,ETH-27DEC19,1567940340934,open,0.0,3956.0,0.001,0.012,0.00259,104.32,0.002,0.0,ETH-27DEC19-760-C,182.5,94.02,0.001,400.0,0.004,40.0,110.07,0.03911,-0.01857,0.00706,0.00036,0.01514
182.89,SYN.ETH-13SEP19,1567940340936,open,0.01,266.0,0.001,0.027,0.00935,75.17,0.007,0.0,ETH-13SEP19-170-P,182.5,67.32,0.007,294.0,0.011,160.0,80.35,0.05701,-0.43951,-0.00482,0.01697,-0.18813
10620.04,BTC-27SEP19,1567940340938,open,0.02,58.8,0.0085,0.0455,0.02329565,72.71,0.026,0.0,BTC-27SEP19-9500-P,10524.66,70.79,0.022,21.1,0.0245,1.0,74.46,7.23581,-13.93545,-1.36146,0.00017,-0.2246
10620.04,BTC-27SEP19,1567940340938,open,0.12,18.0,0.087,0.152,0.11719073,71.95,0.1,0.0,BTC-27SEP19-11500-P,10524.66,68.11,0.114,25.0,0.121,18.0,76.48,8.87715,-16.91868,-4.25277,0.00021,-0.65716
10620.04,BTC-27SEP19,1567940340938,open,0.0,586.8,0.0005,0.0105,5e-08,120.0,0.0005,0.0,BTC-27SEP19-3000-P,10524.66,0.0,0.0,0.0,0.0005,32.0,221.14,0.00011,-0.00035,-1e-05,0.0,0.0
10620.04,BTC-27SEP19,1567940340938,open,0.13,0.0,0.1025,0.156,0.1287863,72.74,None,0.0,BTC-27SEP19-9500-C,10524.66,67.08,0.125,15.0,0.1355,15.0,82.34,7.23751,-13.946,3.55074,0.00017,0.77531
10772.99,BTC-27DEC19,1567940340938,open,0.0,498.5,0.0005,0.0125,0.00298448,93.97,0.004,0.0,BTC-27DEC19-36000-C,10524.66,89.48,0.002,60.0,0.004,54.0,97.63,2.69787,-1.15365,0.5083,1e-05,0.01866
10620.04,BTC-27SEP19,1567940340938,open,0.19,0.0,0.162,0.2265,0.19329073,74.26,None,0.0,BTC-27SEP19-12500-P,10524.66,0.0,0.1645,6.0,0.2235,6.0,115.77,6.53782,-12.86104,-5.51425,0.00015,-0.81075
10772.99,BTC-27DEC19,1567940340938,open,0.03,277.2,0.0115,0.049,0.02835589,78.41,0.0275,0.0,BTC-27DEC19-7000-P,10524.66,77.59,0.0275,10.0,0.0295,27.0,79.5,11.24106,-4.01101,-4.5438,4e-05,-0.11176
10620.04,BTC-27SEP19,1567940340938,open,0.0,146.6,0.0005,0.0105,5.795e-05,120.01,0.0005,0.0,BTC-27SEP19-26000-C,10524.66,0.0,0.0,0.0,0.0025,25.0,174.12,0.06868,-0.21832,0.00425,0.0,0.00083
10772.99,BTC-27DEC19,1567940340938,open,0.72,0.0,0.713,0.7325,0.72289231,105.06,None,0.0,BTC-27DEC19-3000-C,10524.66,0.0,0.0065,0.1,0.9505,0.5,500.0,1.02062,-0.48797,8.78857,0.0,0.99389
10620.04,BTC-27SEP19,1567940340938,open,0.0,350.4,0.0005,0.0105,8.286e-05,119.99,0.0005,0.0,BTC-27SEP19-4750-P,10524.66,0.0,0.0,0.0,0.0005,26.9,144.15,0.08263,-0.26265,-0.00604,0.0,-0.00102
10772.99,BTC-27DEC19,1567940340938,open,0.7,12.4,0.6545,0.7615,0.70612944,81.38,0.559,0.0,BTC-27DEC19-18000-P,10524.66,0.0,0.0045,5.0,1.4535,0.2,500.0,15.35358,-5.68614,-49.5852,5e-05,-0.82287
10620.04,BTC-27SEP19,1567940340938,open,0.02,232.9,0.004,0.035,0.01629261,74.3,0.0155,0.0,BTC-27SEP19-12500-C,10524.66,72.17,0.015,17.0,0.018,30.0,77.03,6.54072,-12.87291,0.95066,0.00015,0.18939
10772.99,BTC-27DEC19,1567940340938,open,0.04,233.0,0.0175,0.0625,0.03827424,77.42,0.039,0.0,BTC-27DEC19-7500-P,10524.66,76.39,0.037,0.5,0.04,25.0,78.8,13.37472,-4.71196,-5.89334,5e-05,-0.14345
10772.99,BTC-27DEC19,1567940340938,open,3.08,0.0,3.0045,3.1735,3.08576632,98.12,3.46,0.0,BTC-27DEC19-44000-P,10524.66,0.0,0.0005,10.0,0.0,0.0,0.0,1.50903,-0.67376,-132.19209,0.0,-0.99048
10620.04,BTC-27SEP19,1567940340938,open,0.69,1.0,0.662,0.7325,0.69559155,95.21,0.575,0.0,BTC-27SEP19-18000-P,10524.66,0.0,0.0045,0.3,0.0,0.0,0.0,0.6404,-1.6152,-9.25771,1e-05,-0.99006
10772.99,BTC-27DEC19,1567940340938,open,0.54,65.4,0.528,0.5555,0.54107516,81.35,0.5485,0.0,BTC-27DEC19-5000-C,10524.66,0.0,0.5295,12.0,0.5525,12.0,105.72,3.57075,-1.32181,14.03944,1e-05,0.97399
10620.04,BTC-27SEP19,1567940340938,open,0.0,671.3,0.0005,0.0105,0.00026364,113.61,0.0005,0.0,BTC-27SEP19-22000-C,10524.66,0.0,0.0,0.0,0.0005,1.0,121.13,0.25871,-0.77857,0.01819,0.0,0.00358
10772.99,BTC-27DEC19,1567940340938,open,0.0,427.1,0.0005,0.011,0.0014967,98.25,0.002,0.0,BTC-27DEC19-44000-C,10524.66,88.15,0.0005,74.5,0.0025,24.0,104.09,1.52307,-0.68097,0.26347,0.0,0.00962
10620.04,BTC-27SEP19,1567940340938,open,0.01,599.8,0.001,0.026,0.01091252,75.07,0.01,0.0,BTC-27SEP19-13000-C,10524.66,72.14,0.0095,55.0,0.0125,55.0,78.18,5.26659,-10.47301,0.68625,0.00012,0.13587
10772.99,BTC-27DEC19,1567940340938,open,0.02,757.9,0.007,0.0465,0.0230172,81.73,0.0225,0.0,BTC-27DEC19-20000-C,10524.66,80.82,0.022,51.0,0.024,0.2,82.6,12.0964,-4.49909,3.27348,4e-05,0.12396
10772.99,BTC-27DEC19,1567940340938,open,0.0,511.3,0.0005,0.015,0.00519671,81.34,0.005,0.0,BTC-27DEC19-5000-P,10524.66,79.15,0.0045,24.5,0.006,31.0,83.67,3.56992,-1.3214,-1.01172,1e-05,-0.026
10772.99,BTC-27DEC19,1567940340938,open,1.97,0.3,1.913,2.043,1.97463175,90.72,1.875,0.0,BTC-27DEC19-32000-P,10524.66,0.0,0.0005,10.0,0.0,0.0,0.0,3.60306,-1.48746,-95.61432,1e-05,-0.97371
10620.04,BTC-27SEP19,1567940340938,open,0.0,658.1,0.0005,0.0105,0.00074024,96.14,0.001,0.0,BTC-27SEP19-18000-C,10524.66,91.84,0.0005,148.6,0.001,5.0,99.79,0.6779,-1.72642,0.05422,1e-05,0.01061
10620.04,BTC-27SEP19,1567940340938,open,0.34,726.9,0.328,0.3585,0.34257728,94.3,0.3375,0.0,BTC-27SEP19-7000-C,10524.66,0.0,0.3355,10.1,0.3485,9.0,126.53,1.17588,-2.9372,3.50005,2e-05,0.97987
10772.99,BTC-27DEC19,1567940340938,open,1.6,0.1,1.55,1.6695,1.60633231,88.8,1.49,0.0,BTC-27DEC19-28000-P,10524.66,0.0,0.001,1.0,0.0,0.0,0.0,5.40105,-2.18252,-83.12845,2e-05,-0.957
10772.99,BTC-27DEC19,1567940340938,open,0.01,297.3,0.0005,0.0195,0.0089393,81.12,0.009,0.0,BTC-27DEC19-5500-P,10524.66,80.21,0.0085,0.2,0.0095,8.0,82.26,5.25301,-1.93923,-1.63734,2e-05,-0.04155
10620.04,BTC-27SEP19,1567940340938,open,1.26,0.2,1.216,1.3065,1.25996437,113.8,1.6,0.0,BTC-27SEP19-24000-P,10524.66,0.0,0.0,0.0,0.0,0.0,0.0,0.10045,-0.3028,-12.40497,0.0,-0.99874
10620.04,BTC-27SEP19,1567940340939,open,0.0,785.9,0.0005,0.0125,0.00273433,81.84,0.0025,0.0,BTC-27SEP19-15000-C,10524.66,77.65,0.002,18.0,0.0035,53.0,85.54,2.03911,-4.42057,0.19922,4e-05,0.03901
10620.04,BTC-27SEP19,1567940340939,open,0.17,454.4,0.1425,0.191,0.1669981,76.24,0.165,0.0,BTC-27SEP19-9000-C,10524.66,61.49,0.16,14.0,0.1725,14.0,86.14,5.60231,-11.31434,3.75737,0.00013,0.85114
10620.04,BTC-27SEP19,1567940340938,open,0.53,789.2,0.5195,0.539,0.5293745,121.48,0.5015,0.0,BTC-27SEP19-5000-C,10524.66,0.0,0.051,1.0,0.56,5.0,300.44,0.15903,-0.51176,2.57326,0.0,0.99791
10620.04,BTC-27SEP19,1567940340939,open,0.77,55.9,0.755,0.7745,0.76460663,180.78,0.689,0.0,BTC-27SEP19-2500-C,10524.66,0.0,0.0045,10.0,0.8075,5.0,500.0,0.00939,-0.04496,1.29226,0.0,0.9999
10772.99,BTC-27DEC19,1567940340938,open,0.08,487.5,0.0445,0.118,0.08057938,78.45,0.077,0.0,BTC-27DEC19-14000-C,10524.66,77.17,0.078,22.0,0.083,0.2,79.64,21.82342,-7.79083,8.63887,8e-05,0.34697
10772.99,BTC-27DEC19,1567940340938,open,0.01,281.3,0.0005,0.024,0.00919581,86.96,0.008,0.0,BTC-27DEC19-26000-C,10524.66,84.88,0.008,22.0,0.0105,53.0,89.04,6.47104,-2.56061,1.44978,2e-05,0.0539
10620.04,BTC-27SEP19,1567940340938,open,1.07,0.2,1.031,1.115,1.0717253,109.1,1.391,0.0,BTC-27SEP19-22000-P,10524.66,0.0,0.0045,10.0,0.0,0.0,0.0,0.18519,-0.53521,-11.36452,0.0,-0.99753
10772.99,BTC-27DEC19,1567940340938,open,0.77,0.0,0.759,0.7785,0.76880451,112.6,None,0.0,BTC-27DEC19-2500-C,10524.66,0.0,0.0205,0.1,0.956,0.5,500.0,0.6618,-0.33912,7.37584,0.0,0.99624
10772.99,BTC-27DEC19,1567940340939,open,3.82,0.8,3.7325,3.93,3.82801393,104.66,3.59,0.0,BTC-27DEC19-52000-P,10524.66,0.0,0.001,1.0,0.0,0.0,0.0,1.16056,-0.55276,-156.34284,0.0,-0.99294
10620.04,BTC-27SEP19,1567940340939,open,0.25,866.6,0.2325,0.27,0.2507481,79.99,0.237,0.0,BTC-27SEP19-8000-C,10524.66,0.0,0.235,8.0,0.2625,8.0,114.51,2.47614,-5.24637,3.84237,5e-05,0.95037
10620.04,BTC-27SEP19,1567940340939,open,0.01,244.6,0.0005,0.02,0.00795749,78.11,0.0075,0.0,BTC-27SEP19-8500-P,10524.66,75.44,0.007,2.2,0.009,56.0,80.87,3.91319,-8.09678,-0.53652,9e-05,-0.08973
10772.99,BTC-27DEC19,1567940340938,open,0.0,384.1,0.0005,0.011,0.00136834,105.08,0.003,0.0,BTC-27DEC19-3000-P,10524.66,92.66,0.0005,0.6,0.002,24.0,110.93,1.02152,-0.48849,-0.24257,0.0,-0.00611
10620.04,BTC-27SEP19,1567940340938,open,0.58,289.7,0.5665,0.586,0.57633165,123.93,0.588,0.0,BTC-27SEP19-4500-C,10524.66,0.0,0.002,1.1,0.5975,5.0,300.09,0.05989,-0.19661,2.32288,0.0,0.99928
10772.99,BTC-27DEC19,1567940340938,open,0.01,163.6,0.0005,0.0205,0.00725164,88.82,0.008,0.0,BTC-27DEC19-28000-C,10524.66,87.28,0.0065,15.0,0.008,7.0,90.27,5.40658,-2.18534,1.16113,2e-05,0.04306
10620.04,BTC-27SEP19,1567940340938,open,0.48,221.9,0.472,0.4935,0.48237718,111.34,0.446,0.0,BTC-27SEP19-5500-C,10524.66,0.0,0.4735,10.0,0.4915,10.0,194.32,0.23495,-0.69294,2.82518,0.0,0.99679
10620.04,BTC-27SEP19,1567940340939,open,0.01,1210.9,0.0035,0.0305,0.01441424,76.17,0.014,0.0,BTC-27SEP19-9000-P,10524.66,75.38,0.014,10.0,0.015,30.0,77.27,5.59749,-11.29383,-0.89565,0.00013,-0.14867
10772.99,BTC-27DEC19,1567940340939,open,0.01,393.5,0.0025,0.03,0.0124148,85.64,0.0105,0.0,BTC-27DEC19-24000-C,10524.66,83.67,0.011,22.0,0.014,53.0,87.7,8.0053,-3.1196,1.89322,3e-05,0.07079
10549.35,SYN.BTC-13SEP19,1567940340938,open,0.02,606.1,0.0025,0.0365,0.01687924,72.36,0.017,0.0,BTC-13SEP19-11000-C,10524.66,70.23,0.016,0.3,0.0185,4.0,76.24,4.3791,-32.49493,0.43187,0.00041,0.32334
10772.98,BTC-27DEC19,1567940340939,open,0.0,126.2,0.0005,0.0105,0.00045392,120.0,0.0005,0.0,BTC-27DEC19-2000-P,10524.66,0.0,0.0,0.0,0.0015,24.5,139.25,0.36555,-0.19962,-0.07783,0.0,-0.00195
10620.03,BTC-27SEP19,1567940340939,open,0.0,795.7,0.0005,0.0105,0.00049309,107.22,0.0005,0.0,BTC-27SEP19-20000-C,10524.66,0.0,0.0,0.0,0.001,25.0,116.3,0.45155,-1.28252,0.03398,1e-05,0.00668
10620.03,BTC-27SEP19,1567940340939,open,0.04,146.1,0.015,0.061,0.03438123,72.01,0.034,0.0,BTC-27SEP19-11500-C,10524.66,69.75,0.0325,14.0,0.0365,6.7,74.53,8.87879,-16.93566,1.69502,0.00021,0.34301
10772.98,BTC-27DEC19,1567940340939,open,0.24,78.3,0.1895,0.2875,0.23948108,77.03,0.25,0.0,BTC-27DEC19-12000-P,10524.66,75.67,0.2365,16.0,0.242,1.0,78.18,23.55764,-8.25785,-24.549,9e-05,-0.51751
10772.98,BTC-27DEC19,1567940340939,open,0.63,26.7,0.621,0.641,0.63068714,87.13,0.626,0.0,BTC-27DEC19-4000-C,10524.66,0.0,0.45,1.0,0.6555,0.2,150.72,1.63032,-0.64639,11.63944,1e-05,0.9896
10620.03,BTC-27SEP19,1567940340939,open,0.0,492.7,0.0005,0.0105,0.0,120.0,0.0005,0.0,BTC-27SEP19-2000-P,10524.66,0.0,0.0,0.0,0.0005,51.0,290.22,0.0,0.0,0.0,0.0,0.0
10620.03,BTC-27SEP19,1567940340939,open,0.44,713.5,0.424,0.447,0.43530449,97.98,0.454,0.0,BTC-27SEP19-6000-C,10524.66,0.0,0.426,10.0,0.4445,10.0,172.7,0.26993,-0.70059,3.08076,0.0,0.99625
10772.98,BTC-27DEC19,1567940340939,open,0.0,434.6,0.0005,0.012,0.00224668,97.12,0.003,0.0,BTC-27DEC19-40000-C,10524.66,92.76,0.0015,30.0,0.003,48.0,100.57,2.11749,-0.9358,0.38319,1e-05,0.01406
10620.03,BTC-27SEP19,1567940340939,open,0.0,392.7,0.0005,0.0105,3.972e-05,119.99,0.0005,0.0,BTC-27SEP19-4500-P,10524.66,0.0,0.0,0.0,0.0005,31.1,153.18,0.04397,-0.13976,-0.00304,0.0,-0.00051
10620.03,BTC-27SEP19,1567940340940,open,1.44,0.0,1.4005,1.498,1.44814901,0.0,None,0.0,BTC-27SEP19-26000-P,10524.66,0.0,0.0,0.0,0.0,0.0,0.0,0.0,0.0,-13.4457,0.0,-1.0
10620.03,BTC-27SEP19,1567940340940,open,0.0,406.8,0.0005,0.0105,0.0,120.0,0.0005,0.0,BTC-27SEP19-2500-P,10524.66,0.0,0.0,0.0,0.0005,30.0,252.02,0.0,-1e-05,0.0,0.0,0.0
10772.98,BTC-27DEC19,1567940340940,open,0.02,270.5,0.004,0.0355,0.01601098,83.01,0.0155,0.0,BTC-27DEC19-22000-C,10524.66,81.86,0.015,33.0,0.017,0.2,84.1,9.60866,-3.62967,2.40363,3e-05,0.09013
10772.98,BTC-27DEC19,1567940340940,open,0.18,240.7,0.1325,0.224,0.17903258,76.65,0.198,0.0,BTC-27DEC19-11000-P,10524.66,75.01,0.1755,23.4,0.184,17.0,78.95,23.27794,-8.11897,-19.9511,9e-05,-0.43618
10772.98,BTC-27DEC19,1567940340940,open,0.31,225.4,0.275,0.339,0.30787163,76.65,0.316,0.0,BTC-27DEC19-8000-C,10524.66,71.43,0.3005,12.2,0.318,12.2,83.57,15.47301,-5.39671,16.63021,6e-05,0.82068
10620.03,BTC-27SEP19,1567940340940,open,0.01,566.3,0.0005,0.0165,0.00560533,79.26,0.0065,0.0,BTC-27SEP19-14000-C,10524.66,77.31,0.005,2.0,0.006,30.0,80.47,3.40184,-7.14198,0.37847,7e-05,0.07452
10891.53,SYN.BTC-27MAR20,1567940340937,open,0.07,96.7,0.031,0.107,0.06646351,81.85,0.077,0.0,BTC-27MAR20-20000-C,10524.66,79.68,0.0615,17.0,0.071,6.0,83.78,25.27716,-5.14968,10.56991,5e-05,0.2428
10772.98,BTC-27DEC19,1567940340940,open,0.88,5.7,0.829,0.935,0.87952407,81.74,0.661,0.0,BTC-27DEC19-20000-P,10524.66,0.0,0.0045,5.0,1.466,1.0,383.02,12.09891,-4.50054,-56.93152,4e-05,-0.87601
10772.98,BTC-27DEC19,1567940340940,open,0.38,291.4,0.3275,0.4325,0.38011971,78.45,0.375,0.0,BTC-27DEC19-14000-P,10524.66,55.94,0.3375,6.0,0.424,1.0,99.42,21.82307,-7.79036,-33.50546,8e-05,-0.65305
10620.03,BTC-27SEP19,1567940340940,open,0.41,31.6,0.3855,0.448,0.41509455,81.5,0.42,0.0,BTC-27SEP19-15000-P,10524.66,0.0,0.3905,4.0,0.4365,4.0,135.75,2.00988,-4.33903,-7.56132,4e-05,-0.96168
10772.98,BTC-27DEC19,1567940340940,open,0.5,73.3,0.4825,0.516,0.4984056,81.13,0.4875,0.0,BTC-27DEC19-5500-C,10524.66,0.0,0.484,11.0,0.5115,11.0,102.33,5.25385,-1.93968,14.91891,2e-05,0.95844
10620.03,BTC-27SEP19,1567940340940,open,0.81,28.2,0.802,0.8215,0.8116853,205.56,0.755,0.0,BTC-27SEP19-2000-C,10524.66,0.0,0.01,1.0,0.0,0.0,0.0,0.00691,-0.03762,1.03385,0.0,0.99993
10772.98,BTC-27DEC19,1567940340940,open,0.42,63.0,0.3935,0.439,0.41609274,78.42,0.4965,0.0,BTC-27DEC19-6500-C,10524.66,37.45,0.397,11.0,0.4355,11.0,98.7,8.98111,-3.20478,16.2655,3e-05,0.91765
10620.03,BTC-27SEP19,1567940340940,open,0.21,4.0,0.186,0.2295,0.20762003,78.21,0.2155,0.0,BTC-27SEP19-8500-C,10524.66,43.52,0.2,9.1,0.2115,14.0,87.85,3.92103,-8.12337,3.85766,9e-05,0.91003
10772.98,BTC-27DEC19,1567940340940,open,0.16,617.3,0.115,0.1975,0.15796518,76.65,0.155,0.0,BTC-27DEC19-11000-C,10524.66,74.81,0.154,20.0,0.161,20.0,78.05,23.27791,-8.11924,13.16205,9e-05,0.56383
10667.21,SYN.BTC-25OCT19,1567940340938,open,0.51,0.0,0.475,0.554,0.51281923,80.79,None,0.0,BTC-25OCT19-16000-P,10524.66,0.0,0.0,0.0,0.0,0.0,0.0,6.93346,-5.97457,-19.29151,6e-05,-0.89537
10620.03,BTC-27SEP19,1567940340940,open,1.82,0.0,1.7695,1.882,1.82472802,0.0,None,0.0,BTC-27SEP19-30000-P,10524.66,0.0,0.0,0.0,0.0,0.0,0.0,0.0,0.0,-15.51427,0.0,-1.0
10772.98,BTC-27DEC19,1567940340940,open,0.0,248.0,0.0005,0.011,0.00132691,92.58,0.001,0.0,BTC-27DEC19-3500-P,10524.66,81.91,0.0005,45.1,0.002,24.0,98.18,1.12353,-0.47333,-0.26374,0.0,-0.00681
10620.03,BTC-27SEP19,1567940340940,open,0.69,0.5,0.684,0.7035,0.69398884,151.67,0.694,0.0,BTC-27SEP19-3250-C,10524.66,0.0,0.0045,10.0,0.7635,0.5,500.0,0.01449,-0.05821,1.67978,0.0,0.99984
10620.03,BTC-27SEP19,1567940340940,open,0.0,125.2,0.0005,0.0105,2.57e-06,119.99,0.0005,0.0,BTC-27SEP19-3750-P,10524.66,0.0,0.0,0.0,0.0005,30.0,183.66,0.00392,-0.01247,-0.00023,0.0,-4e-05
10772.98,BTC-27DEC19,1567940340940,open,0.2,478.5,0.1565,0.2375,0.19891125,76.65,0.2,0.0,BTC-27DEC19-10000-C,10524.66,74.72,0.195,8.0,0.2025,19.0,78.41,21.87635,-7.63015,14.65271,8e-05,0.65074
10891.53,SYN.BTC-27MAR20,1567940340937,open,0.01,77.9,0.0005,0.0165,0.00695312,80.95,0.008,0.0,BTC-27MAR20-4000-P,10524.66,77.32,0.0055,24.0,0.0085,20.0,84.38,4.64539,-0.93598,-1.88625,1e-05,-0.02452
10772.98,BTC-27DEC19,1567940340941,open,0.82,0.0,0.805,0.8245,0.8148053,120.03,None,0.0,BTC-27DEC19-2000-C,10524.66,0.0,0.0145,0.2,0.961,0.5,500.0,0.36615,-0.19999,5.94261,0.0,0.99805
10772.98,BTC-27DEC19,1567940340940,open,0.01,320.7,0.004,0.0275,0.01364154,79.98,0.014,0.0,BTC-27DEC19-6000-P,10524.66,78.99,0.013,0.5,0.0145,29.0,81.27,7.05883,-2.56917,-2.39447,3e-05,-0.06019
10772.98,BTC-27DEC19,1567940340940,open,1.42,0.0,1.3685,1.4835,1.42265424,86.98,None,0.0,BTC-27DEC19-26000-P,10524.66,0.0,0.0045,10.0,2.158,0.2,500.0,6.4764,-2.56337,-76.81643,2e-05,-0.94604
10891.53,SYN.BTC-27MAR20,1567940340937,open,0.15,148.2,0.098,0.198,0.14910347,80.85,0.152,0.0,BTC-27MAR20-14000-C,10524.66,77.4,0.139,15.0,0.149,6.0,80.81,32.00777,-6.44125,18.20073,6e-05,0.45275
10772.98,BTC-27DEC19,1567940340940,open,0.13,420.9,0.086,0.1675,0.12715938,76.65,0.126,0.0,BTC-27DEC19-10000-P,10524.66,74.84,0.1235,19.0,0.1305,19.0,78.29,21.87636,-7.63015,-15.45022,8e-05,-0.34926
10772.98,BTC-27DEC19,1567940340940,open,0.0,592.2,0.0005,0.0125,0.00291182,82.36,0.003,0.0,BTC-27DEC19-4500-P,10524.66,77.58,0.002,55.0,0.004,31.0,86.98,2.29851,-0.86143,-0.59611,1e-05,-0.01547
10620.03,BTC-27SEP19,1567940340940,open,0.0,49.2,0.0005,0.0105,2.3e-07,120.0,0.0015,0.0,BTC-27SEP19-3250-P,10524.66,0.0,0.0,0.0,0.0005,40.0,207.66,0.00043,-0.00137,-2e-05,0.0,0.0
10620.03,BTC-27SEP19,1567940340940,open,0.0,484.6,0.0005,0.0105,7.09e-06,119.99,0.0005,0.0,BTC-27SEP19-4000-P,10524.66,0.0,0.0,0.0,0.0005,34.1,172.86,0.00971,-0.03087,-0.0006,0.0,-0.0001
10772.98,BTC-27DEC19,1567940340941,open,0.0,323.2,0.0005,0.0115,0.00173473,104.87,0.0015,0.0,BTC-27DEC19-48000-C,10524.66,99.03,0.001,30.0,0.0025,49.0,109.26,1.63948,-0.78239,0.28323,0.0,0.01047
10772.98,BTC-27DEC19,1567940340941,open,0.02,243.5,0.007,0.0365,0.01945188,78.41,0.02,0.0,BTC-27DEC19-6500-P,10524.66,76.64,0.018,20.0,0.021,28.0,80.24,8.9807,-3.20453,-3.30117,3e-05,-0.08234
10772.98,BTC-27DEC19,1567940340940,open,0.86,0.1,0.851,0.8705,0.86085332,119.91,0.868,0.0,BTC-27DEC19-1500-C,10524.66,0.0,0.8525,1.0,0.869,1.0,218.78,0.09351,-0.05102,4.4982,0.0,0.99956
10549.35,SYN.BTC-13SEP19,1567940340938,open,0.0,59.7,0.0005,0.0105,5.003e-05,119.99,0.0005,0.0,BTC-13SEP19-7000-P,10524.66,0.0,0.0,0.0,0.001,17.0,168.37,0.04985,-0.52781,-0.00181,0.0,-0.00124
10620.03,BTC-27SEP19,1567940340941,open,0.32,54.0,0.294,0.357,0.3238082,79.07,0.466,0.0,BTC-27SEP19-14000-P,10524.66,0.0,0.2985,4.0,0.35,4.0,129.96,3.38269,-7.08471,-6.86421,7e-05,-0.92603
10620.03,BTC-27SEP19,1567940340941,open,0.0,761.0,0.0005,0.0105,2.79e-06,120.0,0.0005,0.0,BTC-27SEP19-32000-C,10524.66,0.0,0.0,0.0,0.008,1.0,243.05,0.0047,-0.01494,0.00024,0.0,5e-05
10772.98,BTC-27DEC19,1567940340941,open,0.59,6.6,0.5745,0.597,0.58519777,82.35,0.584,0.0,BTC-27DEC19-4500-C,10524.66,0.0,0.5755,12.0,0.594,12.0,108.34,2.29739,-0.86089,12.95056,1e-05,0.98454
10620.03,BTC-27SEP19,1567940340941,open,0.0,438.2,0.0005,0.0105,2.084e-05,120.01,0.0005,0.0,BTC-27SEP19-28000-C,10524.66,0.0,0.0,0.0,0.0055,29.0,207.54,0.02818,-0.08958,0.00163,0.0,0.00032
10620.03,BTC-27SEP19,1567940340941,open,0.5,34.4,0.4775,0.541,0.50777081,82.62,0.396,0.0,BTC-27SEP19-16000-P,10524.66,0.0,0.0045,10.0,0.0,0.0,0.0,1.09042,-2.38635,-8.1796,2e-05,-0.98158
10772.98,BTC-27DEC19,1567940340941,open,0.0,492.0,0.0005,0.0115,0.00198851,87.14,0.0015,0.0,BTC-27DEC19-4000-P,10524.66,79.11,0.001,34.0,0.003,24.0,92.97,1.6314,-0.64692,-0.40205,1e-05,-0.01041
10772.98,BTC-27DEC19,1567940340941,open,0.0,179.3,0.0005,0.014,0.0042536,90.76,0.005,0.0,BTC-27DEC19-32000-C,10524.66,88.37,0.0035,53.0,0.005,1.5,92.87,3.61064,-1.49125,0.71676,1e-05,0.02636
10772.98,BTC-27DEC19,1567940340941,open,2.71,0.0,2.6405,2.7965,2.71526029,97.22,2.58,0.0,BTC-27DEC19-40000-P,10524.66,0.0,0.0005,10.0,0.0,0.0,0.0,2.13112,-0.94284,-120.02579,1e-05,-0.98583
10620.03,BTC-27SEP19,1567940340941,open,0.0,422.0,0.0005,0.0105,8.2e-07,120.0,0.0005,0.0,BTC-27SEP19-3500-P,10524.66,0.0,0.0,0.0,0.0005,31.0,195.22,0.0014,-0.00445,-8e-05,0.0,-1e-05
10620.03,BTC-27SEP19,1567940340941,open,0.72,225.7,0.708,0.7275,0.71752801,160.64,0.693,0.0,BTC-27SEP19-3000-C,10524.66,0.0,0.0045,20.0,0.778,5.0,500.0,0.01264,-0.0538,1.55062,0.0,0.99987
10772.98,BTC-27DEC19,1567940340941,open,0.54,23.1,0.486,0.5925,0.53832636,80.18,0.5235,0.0,BTC-27DEC19-16000-P,10524.66,49.13,0.4955,4.0,0.581,4.0,102.79,18.72269,-6.831,-41.82898,7e-05,-0.7515
10620.03,BTC-27SEP19,1567940340941,open,0.0,556.3,0.0005,0.011,0.00125324,83.28,0.0015,0.0,BTC-27SEP19-16000-C,10524.66,73.94,0.0005,24.0,0.002,53.0,89.25,1.13234,-2.49803,0.09888,2e-05,0.01926
10891.53,SYN.BTC-27MAR20,1567940340937,open,0.64,0.0,0.628,0.6535,0.63969412,80.94,None,0.0,BTC-27MAR20-4000-C,10524.66,57.06,0.6335,0.1,0.0,0.0,0.0,4.64503,-0.93588,20.12772,1e-05,0.97549
10620.03,BTC-27SEP19,1567940340941,open,0.0,1212.1,0.0005,0.0115,0.00168592,94.09,0.001,0.0,BTC-27SEP19-7000-P,10524.66,86.8,0.001,2.0,0.0025,75.0,100.63,1.16627,-2.90687,-0.11876,2e-05,-0.01994
10772.98,BTC-27DEC19,1567940340941,open,0.0,212.0,0.0005,0.0105,0.00086528,112.59,0.0005,0.0,BTC-27DEC19-2500-P,10524.66,0.0,0.0,0.0,0.0015,24.0,121.07,0.66123,-0.33878,-0.14974,0.0,-0.00375
10772.98,BTC-27DEC19,1567940340941,open,0.34,91.7,0.3125,0.371,0.34208619,77.42,0.3515,0.0,BTC-27DEC19-7500-C,10524.66,53.46,0.3165,10.0,0.3665,10.0,95.85,13.37454,-4.7118,16.68401,5e-05,0.85655
10549.35,SYN.BTC-13SEP19,1567940340938,open,0.29,10.0,0.275,0.3045,0.28931462,119.69,0.2995,0.0,BTC-13SEP19-7500-C,10524.66,0.0,0.2785,6.0,0.301,6.0,238.27,0.19554,-2.40018,0.99357,1e-05,0.99438
10772.98,BTC-27DEC19,1567940340941,open,0.68,4.0,0.6665,0.686,0.67644174,92.6,0.666,0.0,BTC-27DEC19-3500-C,10524.66,0.0,0.0205,0.1,0.97,1.0,500.0,1.1245,-0.47382,10.27202,0.0,0.99319
10620.03,BTC-27SEP19,1567940340941,open,0.1,715.7,0.0685,0.124,0.09720848,72.56,0.1,0.0,BTC-27SEP19-10000-C,10524.66,68.64,0.094,6.0,0.0995,24.0,75.34,8.7184,-16.75663,3.16005,0.00021,0.67259
10620.03,BTC-27SEP19,1567940340941,open,0.86,42.8,0.849,0.8685,0.85876398,236.5,0.815,0.0,BTC-27SEP19-1500-C,10524.66,0.0,0.0,0.0,0.0,0.0,0.0,0.00465,-0.0291,0.77542,0.0,0.99995
10891.53,SYN.BTC-27MAR20,1567940340938,open,0.9,0.0,0.8365,0.9725,0.90275718,81.85,None,0.0,BTC-27MAR20-20000-P,10524.66,0.0,0.0015,1.0,0.0,0.0,0.0,25.27763,-5.14988,-99.49869,5e-05,-0.75719
10772.98,BTC-27DEC19,1567940340941,open,1.05,4.9,1.0075,1.115,1.05814661,83.0,1.0385,0.0,BTC-27DEC19-22000-P,10524.66,0.0,0.006,2.0,1.804,0.3,499.93,9.60538,-3.62791,-63.82382,3e-05,-0.90991
10549.35,SYN.BTC-13SEP19,1567940340938,open,0.11,37.5,0.0825,0.1265,0.10448057,77.23,0.106,0.0,BTC-13SEP19-9500-C,10524.66,0.0,0.0985,6.1,0.114,5.0,112.08,2.31552,-18.33877,1.10478,0.0002,0.88847
10772.98,BTC-27DEC19,1567940340942,open,0.07,445.0,0.0325,0.101,0.06550614,79.46,0.08,0.0,BTC-27DEC19-15000-C,10524.66,78.13,0.063,23.0,0.0675,16.0,80.52,20.36789,-7.36529,7.4159,7e-05,0.29418
10772.98,BTC-27DEC19,1567940340942,open,3.45,0.0,3.3685,3.553,3.45735123,105.03,None,0.0,BTC-27DEC19-48000-P,10524.66,0.0,0.0005,10.0,0.0,0.0,0.0,1.65642,-0.7917,-144.20761,0.0,-0.98941
10620.03,BTC-27SEP19,1567940340942,open,0.15,106.2,0.1215,0.1865,0.1539739,73.5,0.15,0.0,BTC-27SEP19-12000-P,10524.66,59.83,0.1445,6.0,0.162,6.0,84.05,7.81343,-15.21172,-4.9169,0.00018,-0.7413
10620.03,BTC-27SEP19,1567940340942,open,0.05,1056.5,0.025,0.075,0.04985345,71.79,0.05,0.0,BTC-27SEP19-11000-C,10524.66,69.17,0.0475,18.0,0.052,6.0,74.17,9.549,-18.1577,2.18013,0.00023,0.44681
10549.35,SYN.BTC-13SEP19,1567940340938,open,0.1,14.4,0.071,0.126,0.09804129,76.1,0.0885,0.0,BTC-13SEP19-11500-P,10524.66,66.98,0.0955,0.6,0.098,6.0,75.96,3.13575,-24.47095,-1.30163,0.00028,-0.82563
10620.03,BTC-27SEP19,1567940340942,open,0.55,13.5,0.543,0.5625,0.55283546,122.42,0.382,0.0,BTC-27SEP19-4750-C,10524.66,0.0,0.0045,10.0,0.5785,5.0,300.31,0.09799,-0.31778,2.44913,0.0,0.99877
10667.21,SYN.BTC-25OCT19,1567940340938,open,0.01,478.3,0.003,0.029,0.0129124,80.81,0.014,0.0,BTC-25OCT19-16000-C,10524.66,78.58,0.0115,15.0,0.0145,22.0,83.19,6.93786,-5.98032,1.25776,6e-05,0.10472
10772.98,BTC-27DEC19,1567940340942,open,0.01,445.6,0.0005,0.0165,0.00550067,89.79,0.005,0.0,BTC-27DEC19-30000-C,10524.66,87.18,0.0045,40.0,0.0065,30.0,92.11,4.39798,-1.79697,0.9057,1e-05,0.03343
10620.03,BTC-27SEP19,1567940340942,open,0.0,657.8,0.0005,0.0105,0.00016124,119.99,0.0005,0.0,BTC-27SEP19-5000-P,10524.66,0.0,0.0,0.0,0.0005,56.1,135.58,0.14498,-0.46083,-0.01123,0.0,-0.00188
10772.98,BTC-27DEC19,1567940340942,open,0.08,573.8,0.0505,0.1185,0.08406196,76.65,0.082,0.0,BTC-27DEC19-9000-P,10524.66,74.93,0.081,21.0,0.087,13.0,78.29,19.23979,-6.71057,-11.21566,7e-05,-0.26178
10620.03,BTC-27SEP19,1567940340942,open,2.01,0.0,1.9545,2.0745,2.01307197,0.0,None,0.0,BTC-27SEP19-32000-P,10524.66,0.0,0.0,0.0,0.0,0.0,0.0,0.0,0.0,-16.54855,0.0,-1.0
10620.03,BTC-27SEP19,1567940340942,open,0.6,9.1,0.59,0.6095,0.59984885,126.65,0.6095,0.0,BTC-27SEP19-4250-C,10524.66,0.0,0.005,0.1,0.617,5.0,299.81,0.03845,-0.12898,2.19522,0.0,0.99956
10772.98,BTC-27DEC19,1567940340942,open,0.05,265.1,0.024,0.0865,0.05312303,80.17,0.05,0.0,BTC-27DEC19-16000-C,10524.66,78.65,0.0505,24.0,0.056,19.2,81.82,18.72207,-6.83047,6.3354,7e-05,0.24848
10620.03,BTC-27SEP19,1567940340942,open,0.08,313.0,0.055,0.1155,0.08558429,71.73,0.083,0.0,BTC-27SEP19-11000-P,10524.66,68.3,0.0825,27.0,0.088,2.0,74.42,9.54872,-18.14372,-3.50865,0.00023,-0.55327
10772.98,BTC-27DEC19,1567940340942,open,0.0,1502.1,0.0005,0.011,0.00114976,104.87,0.0015,0.0,BTC-27DEC19-52000-C,10524.66,96.96,0.0005,161.4,0.0015,2.0,107.77,1.1776,-0.56197,0.19549,0.0,0.00718
10667.21,SYN.BTC-25OCT19,1567940340938,open,0.04,68.7,0.018,0.0675,0.04138588,76.43,0.039,0.0,BTC-25OCT19-13000-C,10524.66,74.85,0.0395,37.3,0.043,0.2,77.76,12.85104,-10.47641,3.25828,0.00012,0.27923
10772.98,BTC-27DEC19,1567940340942,open,0.13,296.2,0.0835,0.165,0.12557695,77.03,0.1215,0.0,BTC-27DEC19-12000-C,10524.66,75.85,0.123,21.0,0.129,13.0,78.59,23.55763,-8.25753,11.5745,9e-05,0.48249
10667.21,SYN.BTC-25OCT19,1567940340938,open,0.06,38.7,0.0345,0.0935,0.06371126,76.43,0.065,0.0,BTC-25OCT19-12000-C,10524.66,74.08,0.0605,29.3,0.067,17.2,78.82,14.61033,-11.91083,4.39879,0.00013,0.3848
10620.03,BTC-27SEP19,1567940340943,open,0.02,1327.6,0.0075,0.045,0.02408572,73.57,0.023,0.0,BTC-27SEP19-12000-C,10524.66,71.4,0.0225,18.0,0.0255,6.0,75.48,7.8174,-15.23412,1.28992,0.00018,0.25896
10772.98,BTC-27DEC19,1567940340943,open,0.38,50.5,0.352,0.405,0.37858573,78.41,0.382,0.0,BTC-27DEC19-7000-C,10524.66,71.29,0.3715,12.2,0.3815,10.0,81.16,11.24154,-4.01135,16.52792,4e-05,0.88824
10620.03,BTC-27SEP19,1567940340942,open,0.0,1660.1,0.0005,0.0105,0.0,120.0,0.0005,0.0,BTC-27SEP19-1500-P,10524.66,0.0,0.0,0.0,0.0005,97.1,340.3,0.0,0.0,0.0,0.0,0.0
10772.98,BTC-27DEC19,1567940340942,open,1.78,0.2,1.7315,1.856,1.79026098,89.83,2.03,0.0,BTC-27DEC19-30000-P,10524.66,0.0,0.0005,10.0,0.0,0.0,0.0,4.40591,-1.80097,-89.40122,1e-05,-0.9665
10620.03,BTC-27SEP19,1567940340943,open,0.62,227.5,0.6135,0.633,0.6233777,130.76,0.606,0.0,BTC-27SEP19-4000-C,10524.66,0.0,0.111,2.0,0.6375,5.0,302.12,0.02664,-0.09229,2.06679,0.0,0.9997
10772.98,BTC-27DEC19,1567940340942,open,0.03,488.1,0.013,0.0635,0.03527326,81.38,0.0345,0.0,BTC-27DEC19-18000-C,10524.66,79.76,0.033,38.3,0.0375,26.1,82.92,15.35174,-5.68493,4.59934,5e-05,0.1771
10620.03,BTC-27SEP19,1567940340943,open,1.63,0.0,1.585,1.69,1.63642659,0.0,None,0.0,BTC-27SEP19-28000-P,10524.66,0.0,0.0,0.0,0.0,0.0,0.0,0.0,0.0,-14.47998,0.0,-1.0
10584.78,SYN.BTC-20SEP19,1567940340938,open,0.03,14.2,0.0085,0.049,0.02690959,71.13,0.026,0.0,BTC-20SEP19-10000-P,10524.66,65.7,0.0235,11.0,0.027,10.0,71.28,6.69792,-20.06004,-1.14667,0.00026,-0.30605
10772.98,BTC-27DEC19,1567940340943,open,0.1,296.7,0.061,0.1395,0.10079742,77.91,0.0965,0.0,BTC-27DEC19-13000-C,10524.66,76.6,0.098,22.0,0.1035,14.0,79.17,22.98647,-8.14944,10.04853,8e-05,0.41065
10620.03,BTC-27SEP19,1567940340943,open,0.0,1233.1,0.0005,0.014,0.00400688,79.84,0.004,0.0,BTC-27SEP19-8000-P,10524.66,77.58,0.0035,1.0,0.0045,1.0,81.9,2.46518,-5.21359,-0.29307,5e-05,-0.04936
10620.03,BTC-27SEP19,1567940340943,open,0.0,300.4,0.0005,0.0105,0.0001625,120.01,0.0005,0.0,BTC-27SEP19-24000-C,10524.66,0.0,0.0,0.0,0.0025,29.0,161.38,0.16546,-0.52598,0.01107,0.0,0.00218
10620.03,BTC-27SEP19,1567940340943,open,0.0,1118.7,0.0005,0.0105,1.758e-05,119.99,0.0005,0.0,BTC-27SEP19-4250-P,10524.66,0.0,0.0,0.0,0.0005,40.0,162.73,0.02163,-0.06874,-0.00141,0.0,-0.00024
10584.78,SYN.BTC-20SEP19,1567940340937,open,0.37,0.0,0.3435,0.4025,0.37131522,86.01,None,0.0,BTC-20SEP19-14500-P,10524.66,0.0,0.0,0.0,0.0,0.0,0.0,1.13525,-4.11091,-4.63476,4e-05,-0.97448
10620.03,BTC-27SEP19,1567940340943,open,0.88,0.0,0.8465,0.924,0.88364005,105.03,0.691,0.0,BTC-27SEP19-20000-P,10524.66,0.0,0.0045,10.0,1.143,0.2,500.0,0.3919,-1.09036,-10.31381,1e-05,-0.99431
10891.53,SYN.BTC-27MAR20,1567940340937,open,0.05,64.4,0.0225,0.091,0.05334775,82.91,0.056,0.0,BTC-27MAR20-22000-C,10524.66,81.04,0.0495,18.0,0.057,6.0,84.63,22.73549,-4.69175,8.89207,4e-05,0.20169
10772.98,BTC-27DEC19,1567940340944,open,0.3,110.2,0.2555,0.358,0.30752688,77.91,0.288,0.0,BTC-27DEC19-13000-P,10524.66,68.9,0.2885,14.0,0.317,14.0,82.33,22.9866,-8.14982,-29.08517,8e-05,-0.58934
10772.98,BTC-27DEC19,1567940340944,open,0.46,122.9,0.4375,0.477,0.45668948,79.98,0.469,0.0,BTC-27DEC19-6000-C,10524.66,69.2,0.4505,15.0,0.4725,11.0,100.2,7.0581,-2.56875,15.66765,3e-05,0.93981
10891.53,SYN.BTC-27MAR20,1567940340937,open,0.11,172.6,0.0655,0.1585,0.11180533,80.85,0.111,0.0,BTC-27MAR20-16000-C,10524.66,78.22,0.1045,16.0,0.1155,14.9,82.17,30.40968,-6.11959,15.26149,6e-05,0.36641
10772.98,BTC-27DEC19,1567940340944,open,0.25,170.1,0.2095,0.2845,0.24864318,76.65,0.257,0.0,BTC-27DEC19-9000-C,10524.66,68.95,0.235,19.0,0.255,19.0,80.2,19.23988,-6.71083,15.87675,7e-05,0.73822
10772.98,BTC-27DEC19,1567940340944,open,2.34,1.3,2.277,2.419,2.34469685,94.04,2.2,0.0,BTC-27DEC19-36000-P,10524.66,0.0,0.0005,10.0,0.0,0.0,0.0,2.7094,-1.1595,-107.85981,1e-05,-0.98125
10620.03,BTC-27SEP19,1567940340944,open,0.0,1176.0,0.0005,0.0105,0.00024858,96.92,0.0005,0.0,BTC-27SEP19-6000-P,10524.66,0.0,0.0,0.0,0.0005,20.0,105.04,0.25111,-0.64467,-0.02036,0.0,-0.00346
10772.98,BTC-27DEC19,1567940340944,open,0.0,231.8,0.0005,0.0105,9.134e-05,120.0,0.0005,0.0,BTC-27DEC19-1500-P,10524.66,0.0,0.0,0.0,0.001,1.9,154.55,0.09413,-0.0514,-0.01737,0.0,-0.00044
10620.03,BTC-27SEP19,1567940340944,open,0.0,684.0,0.0005,0.0105,7.57e-06,120.0,0.0005,0.0,BTC-27SEP19-30000-C,10524.66,0.0,0.0,0.0,0.0005,24.0,164.15,0.01151,-0.03658,0.00063,0.0,0.00012
10891.53,SYN.BTC-27MAR20,1567940340937,open,0.26,69.3,0.2115,0.306,0.2611376,77.84,0.2565,0.0,BTC-27MAR20-10000-C,10524.66,75.74,0.2555,0.5,0.2625,7.0,78.34,29.30365,-5.67727,24.43582,6e-05,0.6688
10620.03,BTC-27SEP19,1567940340944,open,0.23,38.0,0.204,0.2675,0.23497047,74.98,0.237,0.0,BTC-27SEP19-13000-P,10524.66,0.0,0.2075,5.0,0.264,5.0,119.85,5.25786,-10.4433,-6.03816,0.00012,-0.86446
10620.03,BTC-27SEP19,1567940340944,open,0.0,605.0,0.0005,0.0105,0.00024841,110.53,0.0005,0.0,BTC-27SEP19-5500-P,10524.66,0.0,0.0,0.0,0.0005,20.0,119.64,0.22352,-0.6544,-0.01805,0.0,-0.00304
10891.53,SYN.BTC-27MAR20,1567940340937,open,1.24,0.0,1.1795,1.3195,1.24660672,83.71,None,0.0,BTC-27MAR20-24000-P,10524.66,0.0,0.0005,10.0,0.0,0.0,0.0,20.29818,-4.22932,-124.58852,4e-05,-0.83192
10584.78,SYN.BTC-20SEP19,1567940340938,open,0.07,0.3,0.045,0.103,0.07418897,71.27,0.0755,0.0,BTC-20SEP19-11000-P,10524.66,63.82,0.069,25.0,0.081,25.0,80.95,7.40932,-22.23244,-2.29742,0.00029,-0.59291
10667.21,SYN.BTC-25OCT19,1567940340938,open,0.27,0.0,0.2435,0.2915,0.26750994,75.93,None,0.0,BTC-25OCT19-8000-C,10524.66,0.0,0.25,10.0,0.0,0.0,0.0,7.48122,-6.05892,8.44102,7e-05,0.88366
10584.78,SYN.BTC-20SEP19,1567940340938,open,0.12,7.4,0.091,0.1405,0.11645669,72.06,0.1245,0.0,BTC-20SEP19-9500-C,10524.66,0.0,0.0945,1.0,0.141,6.0,116.72,5.0947,-15.45712,2.40604,0.00019,0.8151
10667.21,SYN.BTC-25OCT19,1567940340938,open,0.35,0.0,0.333,0.369,0.35054603,78.75,None,0.0,BTC-25OCT19-7000-C,10524.66,0.0,0.3435,10.0,0.0,0.0,0.0,4.01447,-3.37206,8.19653,3e-05,0.94885
10584.78,SYN.BTC-20SEP19,1567940340938,open,0.0,27.2,0.0005,0.011,0.00106387,77.99,0.001,0.0,BTC-20SEP19-8000-P,10524.66,69.82,0.0005,18.0,0.0015,0.4,82.52,0.91157,-2.99322,-0.07141,3e-05,-0.01967
10549.35,SYN.BTC-13SEP19,1567940340938,open,0.0,321.3,0.0005,0.0105,0.00047908,93.71,0.001,0.0,BTC-13SEP19-13500-C,10524.66,0.0,0.0,0.0,0.001,0.3,103.96,0.41114,-3.95098,0.0178,3e-05,0.01311
10891.53,SYN.BTC-27MAR20,1567940340937,open,0.09,161.1,0.055,0.1275,0.09075837,77.83,0.084,0.0,BTC-27MAR20-8000-P,10524.66,75.09,0.085,9.0,0.093,16.0,78.9,22.97285,-4.45073,-17.74224,5e-05,-0.20524
10667.21,SYN.BTC-25OCT19,1567940340938,open,0.03,163.4,0.01,0.051,0.02825628,78.33,0.0275,0.0,BTC-25OCT19-14000-C,10524.66,76.07,0.026,31.3,0.0305,20.2,80.51,10.82231,-9.04164,2.40432,9e-05,0.20376
10891.53,SYN.BTC-27MAR20,1567940340938,open,0.01,369.0,0.002,0.03,0.01177419,89.8,0.01,0.0,BTC-27MAR20-40000-C,10524.66,87.47,0.01,31.0,0.0135,19.0,91.88,8.68463,-1.9413,2.451,1e-05,0.05266
10667.21,SYN.BTC-25OCT19,1567940340938,open,0.2,0.0,0.165,0.224,0.19514003,74.57,None,0.0,BTC-25OCT19-9000-C,10524.66,46.44,0.1685,1.0,0.2235,7.0,99.99,11.342,-9.02179,8.0016,0.0001,0.77922
10549.35,SYN.BTC-13SEP19,1567940340938,open,0.0,58.2,0.0005,0.0105,0.00024351,118.84,0.0005,0.0,BTC-13SEP19-7500-P,10524.66,0.0,0.0,0.0,0.0005,0.4,129.86,0.18716,-2.28092,-0.00788,1e-05,-0.00535
10891.53,SYN.BTC-27MAR20,1567940340939,open,2.13,0.0,2.066,2.222,2.13942766,87.57,None,0.0,BTC-27MAR20-34000-P,10524.66,0.0,0.0005,10.0,0.0,0.0,0.0,11.63627,-2.53634,-183.58172,2e-05,-0.92328
10667.21,SYN.BTC-25OCT19,1567940340938,open,0.04,33.2,0.018,0.0635,0.03883763,74.56,0.0425,0.0,BTC-25OCT19-9000-P,10524.66,72.35,0.0365,19.0,0.04,0.2,75.65,11.34147,-9.02026,-3.55641,0.0001,-0.22076
10584.78,SYN.BTC-20SEP19,1567940340938,open,0.2,0.0,0.1815,0.22,0.20018763,78.04,None,0.0,BTC-20SEP19-8500-C,10524.66,0.0,0.0,0.0,0.0,0.0,0.0,2.02225,-6.64472,2.57641,7e-05,0.9483
10549.35,SYN.BTC-13SEP19,1567940340938,open,0.34,0.0,0.323,0.35,0.33651649,122.78,None,0.0,BTC-13SEP19-7000-C,10524.66,0.0,0.0,0.0,0.0,0.0,0.0,0.06063,-0.76339,0.93282,0.0,0.99847
10891.53,SYN.BTC-27MAR20,1567940340937,open,0.36,17.0,0.3155,0.394,0.35624584,77.84,0.3625,0.0,BTC-27MAR20-8000-C,10524.66,61.86,0.3235,7.0,0.3855,7.0,91.52,22.97295,-4.45084,26.28501,5e-05,0.79476
10584.78,SYN.BTC-20SEP19,1567940340938,open,0.0,1.7,0.0005,0.0135,0.00377013,83.34,0.0065,0.0,BTC-20SEP19-13500-C,10524.66,73.81,0.002,38.0,0.0055,17.0,90.46,2.31552,-8.12448,0.19844,8e-05,0.06139
10584.78,SYN.BTC-20SEP19,1567940340938,open,0.23,0.0,0.2055,0.2635,0.23311076,77.81,None,0.0,BTC-20SEP19-13000-P,10524.66,0.0,0.0,0.0,0.0,0.0,0.0,2.88168,-9.44024,-3.9656,0.0001,-0.91838
10549.35,SYN.BTC-13SEP19,1567940340939,open,0.28,0.0,0.255,0.308,0.28015092,92.98,None,0.0,BTC-13SEP19-13500-P,10524.66,0.0,0.0,0.0,0.0,0.0,0.0,0.39459,-3.76222,-1.78636,3e-05,-0.9875
10549.35,SYN.BTC-13SEP19,1567940340939,open,0.01,403.3,0.0005,0.0235,0.00793452,76.13,0.009,0.0,BTC-13SEP19-11500-C,10524.66,74.65,0.0075,0.2,0.0085,0.5,78.01,3.13681,-24.48779,0.23467,0.00028,0.17446
10549.35,SYN.BTC-13SEP19,1567940340938,open,0.07,176.0,0.0395,0.0885,0.06504044,72.63,0.0665,0.0,BTC-13SEP19-10000-C,10524.66,71.15,0.0645,0.2,0.069,6.0,83.17,3.86257,-28.76876,0.96728,0.00036,0.75145
10891.53,SYN.BTC-27MAR20,1567940340938,open,2.68,1.0,2.6035,2.775,2.68436384,89.82,2.7125,0.0,BTC-27MAR20-40000-P,10524.66,0.0,0.0005,10.0,0.0,0.0,0.0,8.68909,-1.94257,-217.6853,1e-05,-0.9473
10584.78,SYN.BTC-20SEP19,1567940340938,open,0.08,10.2,0.055,0.1075,0.08216745,71.15,0.081,0.0,BTC-20SEP19-10000-C,10524.66,66.11,0.079,25.0,0.0905,25.0,84.13,6.69823,-20.06571,2.1068,0.00026,0.69392
10549.35,SYN.BTC-13SEP19,1567940340938,open,0.18,0.0,0.162,0.2145,0.18664227,84.16,None,0.0,BTC-13SEP19-12500-P,10524.66,0.0,0.0,0.0,0.0,0.0,0.0,1.15507,-9.96844,-1.60883,9e-05,-0.95503
10549.35,SYN.BTC-13SEP19,1567940340938,open,0.01,267.0,0.0005,0.0175,0.00500592,77.21,0.0045,0.0,BTC-13SEP19-9500-P,10524.66,74.86,0.0045,18.8,0.0055,31.0,79.42,2.31473,-18.32797,-0.16415,0.0002,-0.11148
10891.53,SYN.BTC-27MAR20,1567940340938,open,1.42,0.0,1.355,1.4965,1.42214478,84.35,None,0.0,BTC-27MAR20-26000-P,10524.66,0.0,0.0005,10.0,0.0,0.0,0.0,18.03555,-3.78659,-136.75836,3e-05,-0.85941
10891.53,SYN.BTC-27MAR20,1567940340938,open,0.74,0.0,0.672,0.807,0.73878651,81.52,0.8095,0.0,BTC-27MAR20-18000-P,10524.66,0.0,0.0005,7.1,0.0,0.0,0.0,28.03527,-5.68879,-86.32383,5e-05,-0.70136
10549.35,SYN.BTC-13SEP19,1567940340938,open,0.15,5.7,0.13,0.1675,0.14812966,77.51,0.1645,0.0,BTC-13SEP19-9000-C,10524.66,0.0,0.1465,10.0,0.165,5.0,158.97,0.93208,-7.40896,1.15176,8e-05,0.96545
10549.35,SYN.BTC-13SEP19,1567940340938,open,0.0,255.5,0.0005,0.0105,0.00049018,86.51,0.0005,0.0,BTC-13SEP19-8500-P,10524.66,0.0,0.0,0.0,0.001,1.6,96.43,0.42279,-3.75071,-0.01977,3e-05,-0.01354
10891.53,SYN.BTC-27MAR20,1567940340937,open,0.03,36.5,0.012,0.0665,0.03496209,84.34,0.0375,0.0,BTC-27MAR20-26000-C,10524.66,82.52,0.032,19.0,0.038,19.0,86.14,18.03415,-3.78613,6.33056,3e-05,0.14058
10584.78,SYN.BTC-20SEP19,1567940340938,open,0.11,1.0,0.0775,0.1375,0.10763062,71.6,0.125,0.0,BTC-20SEP19-11500-P,10524.66,62.93,0.1025,6.0,0.1135,6.0,81.01,6.44669,-19.43317,-2.84414,0.00025,-0.71822
10549.35,SYN.BTC-13SEP19,1567940340938,open,0.0,495.3,0.0005,0.014,0.00324849,77.69,0.003,0.0,BTC-13SEP19-12000-C,10524.66,73.15,0.0025,13.1,0.004,0.4,81.76,1.85136,-14.75055,0.11136,0.00016,0.08227
10549.35,SYN.BTC-13SEP19,1567940340938,open,0.23,0.0,0.2085,0.261,0.23324474,89.75,None,0.0,BTC-13SEP19-13000-P,10524.66,0.0,0.0,0.0,0.0,0.0,0.0,0.70987,-6.53333,-1.70281,5e-05,-0.97511
10584.78,SYN.BTC-20SEP19,1567940340938,open,0.25,0.0,0.229,0.262,0.2452895,78.31,None,0.0,BTC-20SEP19-8000-C,10524.66,0.0,0.0,0.0,0.0,0.0,0.0,0.92645,-3.0546,2.53008,3e-05,0.97995
10667.21,SYN.BTC-25OCT19,1567940340940,open,0.01,133.7,0.0005,0.0165,0.00673843,78.68,0.008,0.0,BTC-25OCT19-7000-P,10524.66,76.66,0.006,10.0,0.0075,0.7,80.66,4.00717,-3.36315,-0.79139,3e-05,-0.05103
10891.53,SYN.BTC-27MAR20,1567940340938,open,0.02,20.9,0.0035,0.036,0.01503602,88.01,0.0175,0.0,BTC-27MAR20-36000-C,10524.66,85.78,0.013,25.0,0.017,19.0,90.0,10.39186,-2.27649,3.06715,2e-05,0.06621
10891.53,SYN.BTC-27MAR20,1567940340938,open,0.02,3.3,0.0045,0.0405,0.01774938,87.58,0.021,0.0,BTC-27MAR20-34000-C,10524.66,85.4,0.0155,7.0,0.02,19.0,89.62,11.64162,-2.53791,3.53728,2e-05,0.07676
10891.53,SYN.BTC-27MAR20,1567940340937,open,1.77,0.0,1.709,1.8575,1.77893509,86.09,None,0.0,BTC-27MAR20-30000-P,10524.66,0.0,0.0005,10.0,0.0,0.0,0.0,14.44394,-3.09523,-160.42419,3e-05,-0.89744
10549.35,SYN.BTC-13SEP19,1567940340938,open,0.0,403.4,0.0005,0.011,0.00124422,77.3,0.0015,0.0,BTC-13SEP19-9000-P,10524.66,74.33,0.001,70.8,0.0015,1.0,80.06,0.92405,-7.32502,-0.04993,8e-05,-0.03418
10584.78,SYN.BTC-20SEP19,1567940340938,open,0.19,0.0,0.16,0.219,0.18870694,75.04,None,0.0,BTC-20SEP19-12500-P,10524.66,0.0,0.0,0.0,0.0,0.0,0.0,3.88208,-12.26499,-3.6708,0.00014,-0.87718
10584.78,SYN.BTC-20SEP19,1567940340938,open,0.02,12.7,0.0055,0.0415,0.02117715,71.62,0.0235,0.0,BTC-20SEP19-11500-C,10524.66,69.67,0.02,12.0,0.0225,0.2,73.78,6.44743,-19.44087,0.8977,0.00025,0.28184
10891.53,SYN.BTC-27MAR20,1567940340937,open,0.43,51.6,0.3695,0.497,0.4345077,80.85,0.4435,0.0,BTC-27MAR20-14000-P,10524.66,79.48,0.4305,3.6,0.4505,4.0,86.28,32.00779,-6.44129,-58.84747,6e-05,-0.54725
10584.78,SYN.BTC-20SEP19,1567940340938,open,0.0,21.8,0.0005,0.016,0.00494794,77.87,0.0055,0.0,BTC-20SEP19-13000-C,10524.66,69.81,0.003,47.0,0.007,17.0,84.76,2.88629,-9.46238,0.26464,0.0001,0.08179
10667.21,SYN.BTC-25OCT19,1567940340938,open,0.19,14.4,0.1485,0.2275,0.18861251,76.4,0.171,0.0,BTC-25OCT19-12000-P,10524.66,0.0,0.1245,10.0,0.4645,1.5,273.49,14.60936,-11.90529,-11.01301,0.00013,-0.61528
10667.21,SYN.BTC-25OCT19,1567940340938,open,0.02,10.4,0.0055,0.034,0.01744753,75.89,0.021,0.0,BTC-25OCT19-8000-P,10524.66,73.05,0.0155,21.0,0.0195,45.0,78.76,7.47745,-6.05309,-1.83164,7e-05,-0.11625
10891.53,SYN.BTC-27MAR20,1567940340937,open,0.18,126.6,0.129,0.2275,0.17928509,77.84,0.175,0.0,BTC-27MAR20-10000-P,10524.66,76.24,0.175,7.0,0.1875,13.0,80.89,29.30363,-5.67733,-30.59874,6e-05,-0.3312
10891.53,SYN.BTC-27MAR20,1567940340938,open,2.31,0.0,2.245,2.4055,2.3203666,88.02,None,0.0,BTC-27MAR20-36000-P,10524.66,0.0,0.0005,10.0,0.0,0.0,0.0,10.3954,-2.2775,-195.05561,2e-05,-0.93377
188.77,SYN.ETH-27MAR20,1567940340975,open,2.01,0.0,1.89,2.102,1.991757,90.88,None,0.0,ETH-27MAR20-560-P,182.5,0.0,0.01,10.0,0.0,0.0,0.0,0.24759,-0.05601,-3.00306,0.00139,-0.89898
10772.98,BTC-27DEC19,1567940340978,open,1.23,0.0,1.188,1.299,1.24019823,85.62,None,0.0,BTC-27DEC19-24000-P,10524.66,0.0,0.006,1.0,1.981,0.2,500.0,8.00083,-3.11726,-70.35508,3e-05,-0.92926
184.02,ETH-27SEP19,1567940341046,open,0.0,6011.0,0.001,0.011,2e-06,125.0,0.002,0.0,ETH-27SEP19-600-C,182.5,0.0,0.0,0.0,0.001,299.0,196.47,5e-05,-0.00017,0.0,0.0,3e-05
182.89,SYN.ETH-13SEP19,1567940341170,open,0.02,1055.0,0.003,0.042,0.019181,75.04,0.018,0.0,ETH-13SEP19-190-C,182.5,60.19,0.013,160.0,0.018,2.0,72.26,0.07796,-0.59995,0.00798,0.02325,0.34597
188.77,SYN.ETH-27MAR20,1567940341176,open,2.22,0.0,2.094,2.315,2.199902,91.79,None,0.0,ETH-27MAR20-600-P,182.5,0.0,0.02,10.0,0.0,0.0,0.0,0.22224,-0.05078,-3.23359,0.00123,-0.91273
182.89,SYN.ETH-13SEP19,1567940341241,open,0.06,100.0,0.025,0.091,0.058042,75.04,0.091,0.0,ETH-13SEP19-190-P,182.5,55.53,0.05,120.0,0.06,120.0,79.61,0.07796,-0.59995,-0.0174,0.02325,-0.65403
182.9,SYN.ETH-13SEP19,1567940341475,open,0.0,453.0,0.001,0.014,0.003047,80.68,0.004,0.0,ETH-13SEP19-210-C,182.5,73.62,0.002,200.0,0.004,200.0,86.08,0.0301,-0.24901,0.00177,0.00835,0.07558
182.9,SYN.ETH-13SEP19,1567940341548,open,0.16,200.0,0.116,0.189,0.151262,80.77,0.265,0.0,ETH-13SEP19-210-P,182.5,0.0,0.148,100.0,0.175,11.0,162.02,0.03018,-0.24998,-0.02627,0.00836,-0.92416
182.9,SYN.ETH-13SEP19,1567940341621,open,0.0,15.0,0.001,0.011,0.001585,88.59,0.003,0.0,ETH-13SEP19-220-C,182.5,81.87,0.001,200.0,0.002,203.0,92.49,0.01815,-0.16484,0.00093,0.00458,0.03981
182.9,SYN.ETH-13SEP19,1567940341694,open,0.21,0.0,0.168,0.244,0.204477,88.76,None,0.0,ETH-13SEP19-220-P,182.5,0.0,0.0,0.0,0.0,0.0,0.0,0.01826,-0.1662,-0.02845,0.0046,-0.95988
186.71,ETH-27DEC19,1567940341718,open,0.24,172.0,0.196,0.279,0.241142,79.25,0.235,0.0,ETH-27DEC19-160-C,182.5,58.95,0.204,23.0,0.273,23.0,96.31,0.34691,-0.12511,0.26719,0.00417,0.71649
188.77,SYN.ETH-27MAR20,1567940341886,open,0.59,2.0,0.57,0.61,0.590598,83.01,0.597,0.0,ETH-27MAR20-80-C,182.5,0.0,0.574,1.0,0.602,1.0,97.31,0.13127,-0.02712,0.3792,0.00081,0.95562
183.46,SYN.ETH-20SEP19,1567940341907,open,0.29,0.0,0.271,0.32,0.295547,119.03,None,0.0,ETH-20SEP19-130-C,182.5,0.0,0.0,0.0,0.0,0.0,0.0,0.0305,-0.15285,0.03946,0.00234,0.95654
10584.66,SYN.BTC-20SEP19,1567940341946,open,0.0,12.5,0.0005,0.013,0.00321908,78.0,0.005,0.0,BTC-20SEP19-8500-P,10524.65,73.97,0.0025,3.0,0.004,17.0,81.86,2.01951,-6.63169,-0.18883,7e-05,-0.05161
10619.88,BTC-27SEP19,1567940341957,open,0.65,0.0,0.637,0.6565,0.64689622,128.2,None,0.0,BTC-27SEP19-3750-C,10524.65,0.0,0.0045,10.0,0.6575,10.0,299.22,0.00965,-0.03278,1.93869,0.0,0.9999
10667.09,SYN.BTC-25OCT19,1567940341949,open,0.12,18.1,0.088,0.161,0.12425477,74.56,0.1195,0.0,BTC-25OCT19-11000-P,10524.65,71.24,0.1195,6.0,0.127,1.0,76.48,15.24784,-12.12684,-8.45031,0.00014,-0.49258
10584.66,SYN.BTC-20SEP19,1567940341948,open,0.01,8.4,0.003,0.031,0.01394609,72.0,0.0145,0.0,BTC-20SEP19-9500-P,10524.65,67.87,0.012,37.0,0.016,2.0,76.19,5.0922,-15.43709,-0.68431,0.00019,-0.18476
188.77,SYN.ETH-27MAR20,1567940341965,open,0.02,422.0,0.005,0.027,0.014428,83.04,0.012,0.0,ETH-27MAR20-80-P,182.5,70.52,0.007,240.0,0.012,240.0,79.41,0.13137,-0.02715,-0.06114,0.00081,-0.04442
183.46,SYN.ETH-20SEP19,1567940341982,open,0.01,5.0,0.001,0.014,0.004163,119.17,0.003,0.0,ETH-20SEP19-130-P,182.5,0.0,0.0,0.0,0.002,4.0,103.55,0.0306,-0.15352,-0.00285,0.00234,-0.04363
183.46,SYN.ETH-20SEP19,1567940342065,open,0.24,0.0,0.216,0.274,0.245545,116.78,None,0.0,ETH-20SEP19-140-C,182.5,0.0,0.0,0.0,0.0,0.0,0.0,0.05033,-0.24745,0.04011,0.00394,0.91756
183.46,SYN.ETH-20SEP19,1567940342136,open,0.01,5.0,0.001,0.023,0.008669,116.88,0.007,0.0,ETH-20SEP19-140-P,182.5,0.0,0.0,0.0,0.005,200.0,101.85,0.05039,-0.24798,-0.00545,0.00394,-0.08259
186.71,ETH-27DEC19,1567940342174,open,0.0,3956.0,0.001,0.012,0.00259,104.32,0.002,0.0,ETH-27DEC19-760-C,182.5,94.02,0.001,200.0,0.004,40.0,110.07,0.03911,-0.01857,0.00706,0.00036,0.01514
183.46,SYN.ETH-20SEP19,1567940342203,open,0.2,0.0,0.165,0.229,0.198512,114.15,None,0.0,ETH-20SEP19-150-C,182.5,0.0,0.0,0.0,0.0,0.0,0.0,0.0736,-0.35373,0.03949,0.00589,0.86015
188.77,SYN.ETH-27MAR20,1567940342203,open,0.31,222.0,0.255,0.351,0.307398,83.03,0.313,0.0,ETH-27MAR20-160-C,182.5,69.71,0.274,20.0,0.322,15.0,88.86,0.47316,-0.09779,0.42637,0.00291,0.71782
183.46,SYN.ETH-20SEP19,1567940342263,open,0.02,101.0,0.003,0.036,0.016145,114.22,0.009,0.0,ETH-20SEP19-150-P,182.5,0.0,0.0,0.0,0.008,200.0,91.45,0.07365,-0.35415,-0.00932,0.00589,-0.13997
188.77,SYN.ETH-27MAR20,1567940342279,open,0.16,209.0,0.105,0.202,0.155058,83.05,0.145,0.0,ETH-27MAR20-160-P,182.5,78.64,0.144,32.0,0.161,240.0,85.42,0.47316,-0.09781,-0.45422,0.00291,-0.28217
10667.09,SYN.BTC-25OCT19,1567940342327,open,0.04,33.2,0.018,0.0635,0.03884349,74.56,0.0425,0.0,BTC-25OCT19-9000-P,10524.65,72.35,0.0365,38.3,0.04,0.2,75.65,11.34171,-9.02047,-3.55658,0.0001,-0.22078
183.46,SYN.ETH-20SEP19,1567940342336,open,0.16,0.0,0.118,0.189,0.155418,111.25,None,0.0,ETH-20SEP19-160-C,182.5,0.0,0.0,0.0,0.0,0.0,0.0,0.09723,-0.45541,0.03746,0.00798,0.78295
188.77,SYN.ETH-27MAR20,1567940342367,open,0.22,505.0,0.164,0.268,0.220415,83.03,0.21,0.0,ETH-27MAR20-200-C,182.5,79.1,0.209,24.0,0.231,240.0,86.7,0.546,-0.11285,0.37852,0.00335,0.58478
183.46,SYN.ETH-20SEP19,1567940342596,open,0.05,8.0,0.017,0.077,0.045805,111.31,0.023,0.0,ETH-20SEP19-170-P,182.5,60.43,0.015,160.0,0.029,160.0,84.54,0.11766,-0.55141,-0.02157,0.00965,-0.31563
10619.88,BTC-27SEP19,1567940342639,open,0.34,726.9,0.328,0.3585,0.3425461,94.19,0.3375,0.0,BTC-27SEP19-7000-C,10524.65,0.0,0.3355,10.1,0.349,9.0,128.49,1.17094,-2.9215,3.50066,2e-05,0.97997
10773.0,BTC-27DEC19,1567940342662,open,0.45,203.2,0.405,0.5115,0.45787751,79.47,0.42,0.0,BTC-27DEC19-15000-P,10524.65,70.51,0.4415,5.0,0.468,5.0,84.73,20.36814,-7.36549,-37.73836,7e-05,-0.70581
10584.56,SYN.BTC-20SEP19,1567940342711,open,0.11,1.0,0.0775,0.1375,0.10764912,71.6,0.125,0.0,BTC-20SEP19-11500-P,10524.65,62.9,0.1025,24.0,0.1135,6.0,80.98,6.44608,-19.43211,-2.8443,0.00025,-0.71827
10619.88,BTC-27SEP19,1567940342723,open,0.12,18.0,0.087,0.152,0.11723746,71.98,0.1,0.0,BTC-27SEP19-11500-P,10524.65,68.09,0.114,25.0,0.1215,18.0,77.05,8.87748,-16.92586,-4.25264,0.00021,-0.65711
182.9,SYN.ETH-13SEP19,1567940342768,open,0.34,0.0,0.324,0.363,0.343937,123.14,None,0.0,ETH-13SEP19-120-C,182.5,0.0,0.0,0.0,0.0,0.0,0.0,0.00085,-0.01073,0.016,0.00015,0.99879
184.85,SYN.ETH-25OCT19,1567940342841,open,0.46,6.0,0.443,0.48,0.461901,91.74,0.46,0.0,ETH-25OCT19-100-C,182.5,0.0,0.0,0.0,0.0,0.0,0.0,0.03345,-0.03273,0.12276,0.00083,0.97899
183.46,SYN.ETH-20SEP19,1567940342853,open,0.08,5.0,0.031,0.102,0.066336,105.94,0.063,0.0,ETH-20SEP19-180-P,182.5,60.04,0.034,120.0,0.052,120.0,85.63,0.12953,-0.57773,-0.02919,0.01116,-0.4226
182.9,SYN.ETH-13SEP19,1567940342891,open,0.0,0.0,0.001,0.011,6e-05,125.0,None,0.0,ETH-13SEP19-120-P,182.5,0.0,0.0,0.0,0.001,50.0,172.46,0.00097,-0.01091,-4e-05,0.00017,-0.0014
184.85,SYN.ETH-25OCT19,1567940342914,open,0.0,1700.0,0.001,0.012,0.002896,91.9,0.005,0.0,ETH-25OCT19-100-P,182.5,77.97,0.001,100.0,0.005,160.0,101.65,0.03365,-0.03298,-0.00571,0.00083,-0.02116
183.46,SYN.ETH-20SEP19,1567940342921,open,0.07,8.0,0.029,0.098,0.064777,111.27,0.02,0.0,ETH-20SEP19-190-C,182.5,60.89,0.029,120.0,0.047,120.0,86.42,0.13166,-0.61682,0.02422,0.0108,0.47047
188.77,SYN.ETH-27MAR20,1567940342960,open,0.8,1.0,0.704,0.868,0.78689,85.75,0.827,0.0,ETH-27MAR20-320-P,182.5,0.0,0.0,0.0,0.811,3.0,94.79,0.49014,-0.10462,-1.54003,0.00291,-0.69553
182.9,SYN.ETH-13SEP19,1567940342976,open,0.29,0.0,0.268,0.311,0.28957,124.57,None,0.0,ETH-13SEP19-130-C,182.5,0.0,0.0,0.0,0.0,0.0,0.0,0.00427,-0.05449,0.01718,0.00077,0.99272
184.85,SYN.ETH-25OCT19,1567940342986,open,0.35,6.0,0.334,0.38,0.357434,79.95,0.36,0.0,ETH-25OCT19-120-C,182.5,0.0,0.0,0.0,0.0,0.0,0.0,0.0676,-0.05765,0.14083,0.00193,0.95066
188.77,SYN.ETH-27MAR20,1567940343048,open,0.07,48.0,0.034,0.111,0.071806,87.0,0.066,0.0,ETH-27MAR20-360-C,182.5,84.06,0.065,252.0,0.078,220.0,89.6,0.44406,-0.09616,0.18409,0.0026,0.24901
182.9,SYN.ETH-13SEP19,1567940343050,open,0.0,600.0,0.001,0.011,0.00037,125.0,0.002,0.0,ETH-13SEP19-130-P,182.5,0.0,0.0,0.0,0.001,53.0,143.26,0.00435,-0.05574,-0.00019,0.00078,-0.00744
184.85,SYN.ETH-25OCT19,1567940343057,open,0.01,2304.0,0.001,0.016,0.006628,80.05,0.01,0.0,ETH-25OCT19-120-P,182.5,71.93,0.004,5.0,0.009,240.0,86.02,0.06778,-0.05787,-0.01333,0.00193,-0.0495
183.46,SYN.ETH-20SEP19,1567940343108,open,0.03,16.0,0.007,0.053,0.02756,111.31,0.01,0.0,ETH-20SEP19-160-P,182.5,60.14,0.005,200.0,0.015,200.0,85.99,0.09725,-0.45574,-0.01461,0.00798,-0.21713
186.71,ETH-27DEC19,1567940343121,open,0.47,0.0,0.453,0.498,0.476014,81.02,None,0.0,ETH-27DEC19-100-C,182.5,0.0,0.0,0.0,0.0,0.0,0.0,0.10881,-0.04012,0.26535,0.00128,0.94812
184.85,SYN.ETH-25OCT19,1567940343125,open,0.26,3.0,0.233,0.293,0.264529,80.0,0.271,0.0,ETH-25OCT19-140-C,182.5,0.0,0.0,0.0,0.0,0.0,0.0,0.14229,-0.12141,0.14305,0.00405,0.86711
188.77,SYN.ETH-27MAR20,1567940343125,open,0.99,0.0,0.893,1.065,0.97904,87.04,None,0.0,ETH-27MAR20-360-P,182.5,0.0,0.0,0.0,1.008,3.0,98.72,0.44426,-0.09625,-1.79704,0.0026,-0.75078
182.9,SYN.ETH-13SEP19,1567940343133,open,0.23,0.0,0.211,0.258,0.23497,102.65,None,0.0,ETH-13SEP19-140-C,182.5,0.0,0.0,0.0,0.0,0.0,0.0,0.00582,-0.06129,0.01844,0.00127,0.98962
183.46,SYN.ETH-20SEP19,1567940343148,open,0.35,0.0,0.326,0.369,0.347624,120.79,None,0.0,ETH-20SEP19-120-C,182.5,0.0,0.0,0.0,0.0,0.0,0.0,0.01591,-0.08089,0.03776,0.0012,0.98017
182.9,SYN.ETH-13SEP19,1567940343171,open,0.0,3.0,0.001,0.011,0.001052,98.6,0.003,0.0,ETH-13SEP19-230-C,182.5,0.0,0.0,0.0,0.002,5.0,109.81,0.0125,-0.1264,0.00059,0.00284,0.02535
184.85,SYN.ETH-25OCT19,1567940343193,open,0.02,17.0,0.008,0.04,0.021922,80.05,0.018,0.0,ETH-25OCT19-140-P,182.5,76.17,0.019,240.0,0.025,240.0,83.96,0.14237,-0.12156,-0.03678,0.00405,-0.13301
183.46,SYN.ETH-20SEP19,1567940343208,open,0.33,0.0,0.273,0.365,0.317825,111.46,None,0.0,ETH-20SEP19-240-P,182.5,0.0,0.0,0.0,0.0,0.0,0.0,0.06153,-0.28877,-0.0722,0.00504,-0.8917
184.03,ETH-27SEP19,1567940343214,open,0.02,2496.0,0.004,0.034,0.016189,78.45,0.017,0.0,ETH-27SEP19-220-C,182.5,74.7,0.014,400.0,0.019,450.0,83.02,0.1102,-0.22902,0.01569,0.00802,0.18102
186.71,ETH-27DEC19,1567940343214,open,0.09,2933.0,0.048,0.123,0.086717,80.0,0.085,0.0,ETH-27DEC19-240-C,182.5,77.21,0.081,240.0,0.093,240.0,83.04,0.38406,-0.13982,0.15485,0.00457,0.36222
184.03,ETH-27SEP19,1567940343217,open,0.0,2439.0,0.001,0.013,0.003654,86.28,0.004,0.0,ETH-27SEP19-260-C,182.5,77.7,0.002,200.0,0.006,200.0,95.18,0.04187,-0.0957,0.00423,0.00277,0.04813
184.03,ETH-27SEP19,1567940343219,open,0.0,839.0,0.001,0.011,1e-06,125.01,0.001,0.0,ETH-27SEP19-60-P,182.5,0.0,0.0,0.0,0.002,300.0,236.19,4e-05,-0.00013,0.0,0.0,-2e-05
184.03,ETH-27SEP19,1567940343221,open,0.02,8468.0,0.005,0.038,0.018696,75.49,0.021,0.0,ETH-27SEP19-160-P,182.5,70.94,0.016,400.0,0.021,240.0,79.24,0.11127,-0.22251,-0.01927,0.00842,-0.18382
184.03,ETH-27SEP19,1567940343225,open,0.0,11004.0,0.001,0.011,0.000954,88.18,0.003,0.0,ETH-27SEP19-120-P,182.5,0.0,0.0,0.0,0.002,200.0,98.97,0.01381,-0.03226,-0.00131,0.00089,-0.01279
184.03,ETH-27SEP19,1567940343228,open,0.04,2245.0,0.013,0.061,0.036362,75.71,0.036,0.0,ETH-27SEP19-200-C,182.5,71.67,0.033,400.0,0.039,240.0,78.84,0.15429,-0.30941,0.02943,0.01164,0.34558
184.03,ETH-27SEP19,1567940343242,open,0.08,1544.0,0.046,0.109,0.078988,75.29,0.086,0.0,ETH-27SEP19-180-C,182.5,70.79,0.075,120.0,0.081,250.0,77.56,0.16314,-0.32538,0.04817,0.01237,0.58509
184.03,ETH-27SEP19,1567940343244,open,0.0,5439.0,0.001,0.011,4.4e-05,124.99,0.001,0.0,ETH-27SEP19-480-C,182.5,0.0,0.0,0.0,0.1,10.0,395.72,0.0009,-0.00299,5e-05,4e-05,0.00062
186.71,ETH-27DEC19,1567940343247,open,0.01,1857.0,0.001,0.021,0.00814,89.74,0.007,0.0,ETH-27DEC19-480-C,182.5,87.54,0.007,15.0,0.009,300.0,91.28,0.10109,-0.04128,0.02202,0.00107,0.04731
184.03,ETH-27SEP19,1567940343249,open,0.22,1574.0,0.17,0.254,0.211712,78.56,0.227,0.0,ETH-27SEP19-220-P,182.5,43.59,0.197,240.0,0.228,240.0,102.71,0.11035,-0.22965,-0.09805,0.00802,-0.81859
184.03,ETH-27SEP19,1567940343249,open,0.0,1988.0,0.001,0.012,0.002574,94.71,0.003,0.0,ETH-27SEP19-280-C,182.5,82.35,0.001,1220.0,0.004,200.0,102.14,0.03066,-0.07693,0.00288,0.00185,0.03281
184.03,ETH-27SEP19,1567940343251,open,0.0,3216.0,0.001,0.011,0.001481,109.32,0.002,0.0,ETH-27SEP19-320-C,182.5,0.0,0.0,0.0,0.003,200.0,121.17,0.01836,-0.05318,0.00155,0.00096,0.01782
184.03,ETH-27SEP19,1567940343251,open,0.0,3828.0,0.001,0.011,5e-06,124.99,0.001,0.0,ETH-27SEP19-560-C,182.5,0.0,0.0,0.0,0.001,99.0,186.81,0.00014,-0.00045,1e-05,1e-05,8e-05
184.03,ETH-27SEP19,1567940343255,open,0.0,2907.0,0.001,0.011,0.000131,124.99,0.001,0.0,ETH-27SEP19-440-C,182.5,0.0,0.0,0.0,0.001,194.0,152.2,0.00232,-0.00768,0.00015,0.00011,0.00172
186.71,ETH-27DEC19,1567940343257,open,0.02,944.0,0.007,0.046,0.023521,85.57,0.022,0.0,ETH-27DEC19-360-C,182.5,83.24,0.021,100.0,0.026,260.0,87.74,0.20763,-0.08085,0.0555,0.00231,0.12226
186.71,ETH-27DEC19,1567940343259,open,1.59,21.0,1.498,1.667,1.578972,89.74,0.629,0.0,ETH-27DEC19-480-P,182.5,0.0,0.001,7.0,0.0,0.0,0.0,0.10109,-0.04128,-1.42292,0.00107,-0.95269
186.71,ETH-27DEC19,1567940343259,open,1.17,16.0,1.086,1.236,1.158178,86.74,1.195,0.0,ETH-27DEC19-400-P,182.5,0.0,0.001,8.0,0.0,0.0,0.0,0.16142,-0.06371,-1.16443,0.00177,-0.91357
184.03,ETH-27SEP19,1567940343261,open,1.07,259.0,1.005,1.13,1.065627,126.03,0.94,0.0,ETH-27SEP19-380-P,182.5,0.0,0.009,8.0,0.0,0.0,0.0,0.00968,-0.03231,-0.19578,0.00044,-0.9915
186.71,ETH-27DEC19,1567940343261,open,1.38,0.0,1.292,1.451,1.367783,88.27,None,0.0,ETH-27DEC19-440-P,182.5,0.0,0.001,8.0,0.0,0.0,0.0,0.12718,-0.05109,-1.29526,0.00137,-0.93674
184.03,ETH-27SEP19,1567940343261,open,0.35,116.0,0.328,0.369,0.348851,87.7,0.327,0.0,ETH-27SEP19-120-C,182.5,0.0,0.336,1.0,0.36,1.0,144.92,0.01347,-0.0313,0.06079,0.00088,0.98758
10772.58,BTC-27DEC19,1567940343266,open,0.05,265.1,0.024,0.0865,0.0531148,80.18,0.05,0.0,BTC-27DEC19-16000-C,10524.29,78.66,0.0505,17.0,0.056,19.2,81.82,18.72098,-6.8304,6.33486,7e-05,0.24847
186.71,ETH-27DEC19,1567940343285,open,0.01,820.0,0.002,0.026,0.011187,88.27,0.011,0.0,ETH-27DEC19-440-C,182.5,84.85,0.009,320.0,0.013,220.0,90.81,0.12718,-0.05109,0.02927,0.00137,0.06326
184.03,ETH-27SEP19,1567940343289,open,0.0,2060.0,0.001,0.011,9.1e-05,125.01,0.003,0.0,ETH-27SEP19-80-P,182.5,0.0,0.0,0.0,0.001,10.0,162.4,0.00149,-0.00493,-0.00011,7e-05,-0.00106
186.71,ETH-27DEC19,1567940343289,open,0.0,3347.0,0.001,0.014,0.004581,96.9,0.003,0.0,ETH-27DEC19-600-C,182.5,91.57,0.003,210.0,0.006,40.0,100.71,0.06347,-0.02799,0.01249,0.00062,0.0268
184.03,ETH-27SEP19,1567940343291,open,0.15,693.0,0.116,0.178,0.149226,75.42,0.138,0.0,ETH-27SEP19-160-C,182.5,52.07,0.137,240.0,0.159,240.0,90.71,0.11119,-0.22213,0.06349,0.00842,0.81638
186.71,ETH-27DEC19,1567940343291,open,0.02,2205.0,0.004,0.034,0.015818,86.74,0.017,0.0,ETH-27DEC19-400-C,182.5,84.57,0.014,220.0,0.017,624.0,88.08,0.16142,-0.06371,0.03969,0.00177,0.08643
184.03,ETH-27SEP19,1567940343298,open,0.0,5725.0,0.001,0.011,0.000397,124.99,0.001,0.0,ETH-27SEP19-400-C,182.5,0.0,0.0,0.0,0.001,106.0,138.08,0.00585,-0.01935,0.00042,0.00027,0.00481
184.03,ETH-27SEP19,1567940343298,open,0.0,2951.0,0.001,0.011,0.001082,123.32,0.006,0.0,ETH-27SEP19-360-C,182.5,0.0,0.0,0.0,0.002,200.0,133.53,0.01321,-0.04316,0.00105,0.00061,0.01215
186.71,ETH-27DEC19,1567940343298,open,0.0,2872.0,0.001,0.013,0.003045,99.57,0.002,0.0,ETH-27DEC19-680-C,182.5,87.76,0.001,250.0,0.005,40.0,106.25,0.04573,-0.02072,0.00851,0.00044,0.01818
184.03,ETH-27SEP19,1567940343300,open,0.67,0.0,0.664,0.683,0.67395,0.0,0.01,0.0,ETH-27SEP19-60-C,182.5,0.0,0.003,10.0,0.0,0.0,0.0,0.0,0.0,0.03103,0.0,1.0
184.03,ETH-27SEP19,1567940343316,open,0.53,730.0,0.478,0.574,0.524147,95.2,0.533,0.0,ETH-27SEP19-280-P,182.5,0.0,0.002,20.0,0.9,5.0,500.0,0.03127,-0.07885,-0.14186,0.00188,-0.9664
184.03,ETH-27SEP19,1567940343316,open,0.0,11401.0,0.001,0.014,0.004219,78.46,0.008,0.0,ETH-27SEP19-140-P,182.5,73.0,0.003,260.0,0.006,200.0,85.12,0.04481,-0.09313,-0.00539,0.00326,-0.05241
184.03,ETH-27SEP19,1567940343316,open,0.01,3875.0,0.001,0.02,0.007726,82.91,0.009,0.0,ETH-27SEP19-240-C,182.5,78.12,0.006,221.0,0.009,220.0,86.12,0.07041,-0.15462,0.00825,0.00485,0.0944
184.03,ETH-27SEP19,1567940343316,open,0.0,2337.0,0.001,0.011,0.001027,113.7,0.002,0.0,ETH-27SEP19-340-C,182.5,0.0,0.0,0.0,0.002,200.0,124.14,0.01344,-0.04049,0.00108,0.00067,0.01239
184.03,ETH-27SEP19,1567940343316,open,0.0,2698.0,0.001,0.011,0.0,125.0,0.001,0.0,ETH-27SEP19-720-C,182.5,0.0,0.0,0.0,0.001,222.0,221.48,0.0,-1e-05,0.0,0.0,0.0
184.03,ETH-27SEP19,1567940343316,open,0.0,1897.0,0.001,0.011,0.000634,123.77,0.001,0.0,ETH-27SEP19-380-C,182.5,0.0,0.0,0.0,0.001,72.0,130.37,0.00861,-0.02821,0.00065,0.0004,0.00744
186.71,ETH-27DEC19,1567940343316,open,0.56,432.0,0.489,0.618,0.553403,81.62,0.66,0.0,ETH-27DEC19-280-P,182.5,58.63,0.519,240.0,0.591,240.0,101.72,0.3241,-0.12038,-0.73374,0.00378,-0.75206
184.03,ETH-27SEP19,1567940343316,open,0.42,1241.0,0.373,0.464,0.416544,86.62,0.426,0.0,ETH-27SEP19-260-P,182.5,0.0,0.007,15.0,0.0,0.0,0.0,0.04237,-0.09722,-0.13016,0.00279,-0.95114
186.71,ETH-27DEC19,1567940343318,open,0.0,2673.0,0.001,0.015,0.00509,93.76,0.004,0.0,ETH-27DEC19-560-C,182.5,87.2,0.003,400.0,0.007,240.0,98.34,0.07008,-0.0299,0.01411,0.00071,0.0302
184.03,ETH-27SEP19,1567940343320,open,0.86,294.0,0.794,0.908,0.848652,115.03,1.024,0.0,ETH-27SEP19-340-P,182.5,0.0,0.827,6.0,0.883,6.0,220.26,0.01434,-0.04369,-0.17466,0.00071,-0.98665
184.03,ETH-27SEP19,1567940343320,open,0.0,3796.0,0.001,0.012,0.00205,103.4,0.002,0.0,ETH-27SEP19-300-C,182.5,93.57,0.001,1000.0,0.003,200.0,109.71,0.02442,-0.06689,0.00218,0.00135,0.02496
186.71,ETH-27DEC19,1567940343321,open,0.24,172.0,0.196,0.279,0.241142,79.27,0.235,0.0,ETH-27DEC19-160-C,182.5,58.39,0.203,23.0,0.273,23.0,96.31,0.34692,-0.12513,0.26717,0.00417,0.71649
186.71,ETH-27DEC19,1567940343323,open,0.05,1058.0,0.024,0.085,0.053751,81.62,0.059,0.0,ETH-27DEC19-280-C,182.5,79.44,0.05,240.0,0.057,240.0,83.48,0.3241,-0.12038,0.10914,0.00378,0.24794
184.03,ETH-27SEP19,1567940343325,open,0.24,214.0,0.218,0.268,0.243433,78.29,0.227,0.0,ETH-27SEP19-140-C,182.5,0.0,0.225,1.0,0.261,1.0,124.37,0.04458,-0.09246,0.06705,0.00325,0.94792
186.71,ETH-27DEC19,1567940343325,open,0.0,2613.0,0.001,0.012,0.00296,102.72,0.002,0.0,ETH-27DEC19-720-C,182.5,90.99,0.001,2050.0,0.005,40.0,109.91,0.04384,-0.02049,0.00806,0.00041,0.0173
182.9,SYN.ETH-13SEP19,1567940343328,open,0.26,0.0,0.221,0.299,0.258621,98.86,None,0.0,ETH-13SEP19-230-P,182.5,0.0,0.0,0.0,0.0,0.0,0.0,0.01263,-0.12807,-0.03012,0.00286,-0.97433
188.77,SYN.ETH-27MAR20,1567940343328,open,1.19,0.0,1.088,1.267,1.176044,88.04,None,0.0,ETH-27MAR20-400-P,182.5,0.0,0.001,10.0,1.211,3.0,103.21,0.39807,-0.08723,-2.04746,0.00231,-0.79483
186.71,ETH-27DEC19,1567940343331,open,0.06,444.0,0.029,0.086,0.056871,79.44,0.08,0.0,ETH-27DEC19-140-P,182.5,76.83,0.053,260.0,0.061,260.0,82.2,0.27785,-0.10045,-0.13867,0.00333,-0.18984
184.85,SYN.ETH-25OCT19,1567940343331,open,0.05,113.0,0.026,0.081,0.052175,79.99,0.055,0.0,ETH-25OCT19-160-P,182.5,76.37,0.048,240.0,0.057,240.0,84.13,0.21437,-0.18291,-0.07383,0.00611,-0.25881
186.71,ETH-27DEC19,1567940343388,open,0.0,3956.0,0.001,0.012,0.00259,104.33,0.002,0.0,ETH-27DEC19-760-C,182.5,94.02,0.001,400.0,0.004,40.0,110.07,0.03912,-0.01857,0.00706,0.00036,0.01515
182.9,SYN.ETH-13SEP19,1567940343395,open,0.18,300.0,0.155,0.206,0.180739,87.79,0.108,0.0,ETH-13SEP19-150-C,182.5,0.0,0.0,0.0,0.0,0.0,0.0,0.0113,-0.10175,0.01947,0.00288,0.97751
186.71,ETH-27DEC19,1567940343397,open,0.19,495.0,0.14,0.226,0.186455,78.72,0.196,0.0,ETH-27DEC19-180-C,182.5,75.15,0.179,240.0,0.192,240.0,81.37,0.39062,-0.13992,0.24265,0.00473,0.61817
188.77,SYN.ETH-27MAR20,1567940343482,open,1.39,0.0,1.285,1.472,1.376027,88.54,None,0.0,ETH-27MAR20-440-P,182.5,0.0,0.002,10.0,1.418,3.0,108.09,0.35239,-0.07766,-2.29328,0.00203,-0.83147
186.72,ETH-27DEC19,1567940343531,open,0.11,1291.0,0.069,0.15,0.111622,79.41,0.1,0.0,ETH-27DEC19-220-C,182.5,76.34,0.105,240.0,0.118,240.0,82.36,0.40359,-0.14585,0.18289,0.00484,0.437
184.85,SYN.ETH-25OCT19,1567940343547,open,0.08,247.0,0.047,0.114,0.081498,79.57,0.072,0.0,ETH-25OCT19-200-C,182.5,74.98,0.075,240.0,0.087,240.0,83.45,0.26194,-0.22232,0.08674,0.0075,0.44687
188.77,SYN.ETH-27MAR20,1567940343558,open,0.04,73.0,0.014,0.07,0.039009,90.77,0.035,0.0,ETH-27MAR20-480-C,182.5,89.57,0.037,100.0,0.04,200.0,91.34,0.32213,-0.07278,0.11219,0.00181,0.14701
183.46,SYN.ETH-20SEP19,1567940343591,open,0.23,0.0,0.175,0.267,0.221011,111.36,None,0.0,ETH-20SEP19-220-P,182.5,0.0,0.0,0.0,0.0,0.0,0.0,0.09558,-0.44815,-0.0603,0.00784,-0.78922
186.72,ETH-27DEC19,1567940343606,open,0.3,242.0,0.231,0.345,0.28992,79.44,0.371,0.0,ETH-27DEC19-220-P,182.5,76.24,0.283,264.0,0.3,240.0,84.1,0.40361,-0.14591,-0.47936,0.00484,-0.56291
188.77,SYN.ETH-27MAR20,1567940343640,open,1.6,0.0,1.486,1.683,1.581852,90.77,None,0.0,ETH-27MAR20-480-P,182.5,0.0,0.003,10.0,0.0,0.0,0.0,0.32213,-0.07278,-2.52946,0.00181,-0.853
183.46,SYN.ETH-20SEP19,1567940343667,open,0.02,4.0,0.002,0.035,0.014591,111.28,0.003,0.0,ETH-20SEP19-230-C,182.5,69.6,0.002,196.0,0.007,3.0,90.78,0.078,-0.36548,0.00823,0.0064,0.15248
186.72,ETH-27DEC19,1567940343689,open,0.07,2.0,0.034,0.102,0.067738,80.65,0.064,0.0,ETH-27DEC19-260-C,182.5,78.14,0.063,240.0,0.073,240.0,83.39,0.35572,-0.13055,0.13005,0.0042,0.29911
184.85,SYN.ETH-25OCT19,1567940343689,open,0.05,3.0,0.025,0.083,0.054009,81.67,0.05,0.0,ETH-25OCT19-220-C,182.5,78.55,0.05,24.0,0.057,220.0,83.97,0.23901,-0.20821,0.0648,0.00667,0.32694
182.9,SYN.ETH-13SEP19,1567940343715,open,0.12,2.0,0.099,0.154,0.127358,75.18,0.066,0.0,ETH-13SEP19-160-C,182.5,0.0,0.0,0.0,0.0,0.0,0.0,0.02411,-0.18586,0.01993,0.00718,0.94324
188.77,SYN.ETH-27MAR20,1567940343725,open,0.03,36.0,0.01,0.059,0.031088,90.77,0.026,0.0,ETH-27MAR20-520-C,182.5,87.21,0.026,200.0,0.034,200.0,92.67,0.28235,-0.06379,0.09378,0.00159,0.12136
183.46,SYN.ETH-20SEP19,1567940343730,open,0.28,0.0,0.223,0.315,0.268295,111.38,None,0.0,ETH-20SEP19-230-P,182.5,0.0,0.0,0.0,0.0,0.0,0.0,0.07809,-0.36623,-0.06659,0.0064,-0.84726
186.72,ETH-27DEC19,1567940343772,open,0.47,0.0,0.397,0.522,0.460272,80.69,None,0.0,ETH-27DEC19-260-P,182.5,64.28,0.431,240.0,0.492,240.0,96.66,0.35581,-0.13064,-0.65258,0.0042,-0.70073
184.85,SYN.ETH-25OCT19,1567940343774,open,0.25,0.0,0.194,0.292,0.244178,81.7,None,0.0,ETH-25OCT19-220-P,182.5,0.0,0.0,0.0,0.0,0.0,0.0,0.23904,-0.20832,-0.21773,0.00667,-0.67295
184.85,SYN.ETH-25OCT19,1567940343843,open,0.01,1043.0,0.003,0.029,0.013372,82.9,0.012,0.0,ETH-25OCT19-280-C,182.5,77.39,0.01,10.0,0.016,220.0,86.74,0.12113,-0.10711,0.02195,0.00333,0.10581
186.72,ETH-27DEC19,1567940343846,open,0.04,79.0,0.018,0.073,0.043809,83.07,0.046,0.0,ETH-27DEC19-300-C,182.5,81.26,0.041,5.0,0.046,230.0,84.45,0.29381,-0.11107,0.09244,0.00337,0.20826
184.85,SYN.ETH-25OCT19,1567940343852,open,0.03,43.0,0.013,0.058,0.033766,81.67,0.028,0.0,ETH-25OCT19-240-C,182.5,78.13,0.03,220.0,0.035,10.0,82.8,0.20014,-0.17435,0.0461,0.00558,0.22794
182.9,SYN.ETH-13SEP19,1567940343861,open,0.08,399.0,0.048,0.109,0.079843,75.14,0.076,0.0,ETH-13SEP19-170-C,182.5,57.91,0.075,40.0,0.083,40.0,84.87,0.05699,-0.43912,0.01789,0.01697,0.81201
188.77,SYN.ETH-27MAR20,1567940343894,open,0.02,324.0,0.008,0.05,0.024951,90.77,0.03,0.0,ETH-27MAR20-560-C,182.5,87.6,0.021,200.0,0.028,200.0,93.03,0.24679,-0.05576,0.07856,0.00139,0.10057
184.03,ETH-27SEP19,1567940343905,open,0.24,214.0,0.218,0.268,0.243471,78.29,0.227,0.0,ETH-27SEP19-140-C,182.5,0.0,0.225,1.0,0.26,1.0,122.32,0.04458,-0.09246,0.06705,0.00325,0.94792
184.85,SYN.ETH-25OCT19,1567940343922,open,0.34,0.0,0.281,0.383,0.332132,81.72,None,0.0,ETH-25OCT19-240-P,182.5,0.0,0.0,0.0,0.0,0.0,0.0,0.20023,-0.17452,-0.2621,0.00558,-0.77189
184.03,ETH-27SEP19,1567940343929,open,0.24,214.0,0.218,0.268,0.243471,78.29,0.227,0.0,ETH-27SEP19-140-C,182.5,0.0,0.225,1.0,0.261,1.0,124.37,0.04458,-0.09246,0.06705,0.00325,0.94792
186.72,ETH-27DEC19,1567940343933,open,0.66,0.0,0.584,0.718,0.650579,83.13,None,0.0,ETH-27DEC19-300-P,182.5,0.0,0.0,0.0,0.0,0.0,0.0,0.29401,-0.11121,-0.81057,0.00337,-0.7915
184.85,SYN.ETH-25OCT19,1567940343948,open,0.54,3.0,0.476,0.583,0.528132,82.99,0.645,0.0,ETH-25OCT19-280-P,182.5,0.0,0.0,0.0,0.0,0.0,0.0,0.12137,-0.10744,-0.33759,0.00333,-0.89389
10772.51,BTC-27DEC19,1567940343959,open,0.05,588.1,0.0255,0.078,0.05048177,76.65,0.051,0.0,BTC-27DEC19-8000-P,10524.07,74.91,0.048,35.3,0.053,24.0,78.39,15.47391,-5.3971,-7.45312,6e-05,-0.17935
10619.56,BTC-27SEP19,1567940343960,open,0.06,96.8,0.034,0.0905,0.0591298,71.69,0.071,0.0,BTC-27SEP19-10500-P,10524.07,68.76,0.0565,17.0,0.06,0.2,72.66,9.52517,-18.08898,-2.74114,0.00023,-0.44
10548.89,SYN.BTC-13SEP19,1567940343959,open,0.04,441.7,0.0125,0.058,0.03511865,71.21,0.0395,0.0,BTC-13SEP19-10500-C,10524.07,67.68,0.0335,5.0,0.037,0.2,75.31,4.84084,-35.35108,0.70985,0.00046,0.53887
10584.21,SYN.BTC-20SEP19,1567940343959,open,0.06,19.8,0.029,0.08,0.05504744,71.16,0.059,0.0,BTC-20SEP19-10500-C,10524.07,66.89,0.052,26.0,0.0595,8.0,77.4,7.55582,-22.63863,1.70549,0.00029,0.5503
10891.15,SYN.BTC-27MAR20,1567940343958,open,0.03,79.2,0.0145,0.0545,0.03266297,77.83,0.042,0.0,BTC-27MAR20-6000-P,10524.07,74.39,0.0285,19.0,0.034,7.0,78.91,13.4656,-2.60869,-7.5446,3e-05,-0.09321
10584.21,SYN.BTC-20SEP19,1567940343958,open,0.01,36.6,0.002,0.029,0.01243726,72.38,0.0125,0.0,BTC-20SEP19-12000-C,10524.07,71.47,0.012,14.0,0.013,0.2,73.54,5.09676,-15.53169,0.59439,0.00019,0.18504
10666.62,SYN.BTC-25OCT19,1567940343959,open,0.14,40.5,0.104,0.169,0.13720328,74.58,0.133,0.0,BTC-25OCT19-10000-C,10524.07,72.93,0.135,22.4,0.1435,15.0,79.3,14.21389,-11.30725,6.97269,0.00013,0.6462
10584.21,SYN.BTC-20SEP19,1567940343958,open,0.16,0.0,0.135,0.1805,0.15770544,78.07,None,0.0,BTC-20SEP19-9000-C,10524.07,0.0,0.0,0.0,0.0,0.0,0.0,3.61074,-11.86832,2.51873,0.00013,0.88911
10891.15,SYN.BTC-27MAR20,1567940343958,open,0.03,2.4,0.0095,0.0585,0.02928034,85.36,0.036,0.0,BTC-27MAR20-28000-C,10524.07,83.79,0.027,0.1,0.0315,18.0,86.82,16.17015,-3.43553,5.44245,3e-05,0.12008
10619.34,BTC-27SEP19,1567940343964,open,0.04,766.6,0.017,0.063,0.03881605,72.52,0.039,0.0,BTC-27SEP19-10000-P,10524.07,70.91,0.0375,6.0,0.04,0.2,73.96,8.71875,-16.74798,-2.01166,0.00021,-0.32749
10584.21,SYN.BTC-20SEP19,1567940343959,open,0.0,102.7,0.0005,0.012,0.00211162,83.34,0.0035,0.0,BTC-20SEP19-14000-C,10524.07,78.72,0.0015,38.0,0.0025,5.0,85.87,1.54733,-5.42945,0.12049,5e-05,0.0371
10891.15,SYN.BTC-27MAR20,1567940343958,open,1.59,0.0,1.5315,1.6765,1.60007422,85.29,None,0.0,BTC-27MAR20-28000-P,10524.07,0.0,0.0005,10.0,0.0,0.0,0.0,16.14294,-3.42703,-148.66514,3e-05,-0.88021
10666.62,SYN.BTC-25OCT19,1567940343958,open,0.34,0.0,0.3015,0.3815,0.34071051,78.28,None,0.0,BTC-25OCT19-14000-P,10524.07,0.0,0.0,0.0,0.0,0.0,0.0,10.81475,-9.03059,-15.57784,9e-05,-0.79646
10666.62,SYN.BTC-25OCT19,1567940343959,open,0.26,0.0,0.22,0.3005,0.26008496,76.39,None,0.0,BTC-25OCT19-13000-P,10524.07,0.0,0.2185,10.0,1.2705,3.2,500.0,12.84581,-10.46727,-13.43935,0.00012,-0.72098
10584.21,SYN.BTC-20SEP19,1567940343958,open,0.28,0.0,0.251,0.3105,0.27921051,83.15,None,0.0,BTC-20SEP19-13500-P,10524.07,0.0,0.0,0.0,0.0,0.0,0.0,2.30034,-8.05282,-4.19555,8e-05,-0.93912
10666.62,SYN.BTC-25OCT19,1567940343959,open,0.01,704.4,0.0005,0.022,0.00873693,81.8,0.0075,0.0,BTC-25OCT19-17000-C,10524.07,79.25,0.0075,35.0,0.01,18.0,84.21,5.38078,-4.69481,0.9002,5e-05,0.07445
10584.21,SYN.BTC-20SEP19,1567940343958,open,0.01,26.9,0.0005,0.021,0.00800025,77.99,0.0075,0.0,BTC-20SEP19-9000-P,10524.07,74.97,0.007,19.0,0.009,16.0,80.85,3.60564,-11.83891,-0.40868,0.00013,-0.11067
10666.62,SYN.BTC-25OCT19,1567940343959,open,0.44,0.0,0.4265,0.4535,0.43951928,81.65,None,0.0,BTC-25OCT19-6000-C,10524.07,0.0,0.0005,10.0,0.0,0.0,0.0,1.63731,-1.42601,7.44066,1e-05,0.98268
10666.62,SYN.BTC-25OCT19,1567940343958,open,0.02,267.3,0.0055,0.0375,0.01845047,78.88,0.0205,0.0,BTC-25OCT19-15000-C,10524.07,77.06,0.017,14.0,0.02,7.2,80.76,8.6519,-7.27966,1.71312,8e-05,0.14351
10891.15,SYN.BTC-27MAR20,1567940343958,open,0.48,0.1,0.456,0.508,0.48177856,77.85,0.4775,0.0,BTC-27MAR20-6000-C,10524.07,65.64,0.468,0.1,0.0,0.0,0.0,13.46854,-2.60985,25.47312,3e-05,0.90676
10584.21,SYN.BTC-20SEP19,1567940343959,open,0.14,0.0,0.117,0.1765,0.14616368,72.3,None,0.0,BTC-20SEP19-12000-P,10524.07,0.0,0.0,0.0,0.0,0.0,0.0,5.09165,-15.49924,-3.31085,0.00019,-0.81526
10891.15,SYN.BTC-27MAR20,1567940343959,open,0.2,83.2,0.144,0.2455,0.19699426,79.84,0.19,0.0,BTC-27MAR20-12000-C,10524.07,76.09,0.186,15.0,0.196,7.1,79.5,31.95162,-6.34943,21.31925,6e-05,0.55268
10548.89,SYN.BTC-13SEP19,1567940343959,open,0.0,372.8,0.0005,0.0115,0.00175956,84.4,0.0015,0.0,BTC-13SEP19-12500-C,10524.07,81.94,0.0015,18.5,0.002,1.0,86.5,1.16419,-10.07593,0.06151,9e-05,0.04541
10548.89,SYN.BTC-13SEP19,1567940343959,open,0.2,16.5,0.178,0.212,0.19474602,87.17,0.188,0.0,BTC-13SEP19-8500-C,10524.07,0.0,0.194,10.0,0.204,5.0,159.31,0.43843,-3.91937,1.1148,3e-05,0.98588
10666.62,SYN.BTC-25OCT19,1567940343959,open,0.42,0.0,0.3865,0.4655,0.42465734,78.82,None,0.0,BTC-25OCT19-15000-P,10524.07,0.0,0.0,0.0,0.0,0.0,0.0,8.64239,-7.26609,-17.55339,8e-05,-0.85673
10548.89,SYN.BTC-13SEP19,1567940343959,open,0.24,7.4,0.2265,0.258,0.24189629,99.59,0.2485,0.0,BTC-13SEP19-8000-C,10524.07,0.0,0.231,5.0,0.255,5.0,210.16,0.23568,-2.40684,1.05849,2e-05,0.99306
10548.89,SYN.BTC-13SEP19,1567940343959,open,0.03,251.7,0.009,0.054,0.03045023,71.14,0.031,0.0,BTC-13SEP19-10500-P,10524.07,65.8,0.028,0.6,0.0325,18.6,75.6,4.84083,-35.31454,-0.69269,0.00046,-0.46112
10584.21,SYN.BTC-20SEP19,1567940343959,open,0.01,105.4,0.0005,0.0215,0.00780264,75.16,0.0075,0.0,BTC-20SEP19-12500-C,10524.07,71.47,0.0065,15.0,0.0085,0.1,77.02,3.88917,-12.30654,0.3972,0.00014,0.12315
10891.15,SYN.BTC-27MAR20,1567940343961,open,0.02,21.2,0.0055,0.0455,0.02072734,86.83,0.018,0.0,BTC-27MAR20-32000-C,10524.07,84.44,0.018,5.0,0.0235,19.0,89.08,12.93764,-2.7961,4.05131,2e-05,0.08832
10548.89,SYN.BTC-13SEP19,1567940343959,open,0.0,480.3,0.0005,0.0105,0.00096742,90.15,0.001,0.0,BTC-13SEP19-13000-C,10524.07,81.84,0.0005,40.0,0.0015,0.3,96.89,0.72218,-6.67643,0.03443,5e-05,0.0254
10584.21,SYN.BTC-20SEP19,1567940343959,open,0.05,5.4,0.022,0.073,0.04705806,71.12,0.046,0.0,BTC-20SEP19-10500-P,10524.07,64.73,0.0425,8.0,0.047,0.1,71.04,7.55582,-22.62386,-1.7107,0.00029,-0.4497
10548.89,SYN.BTC-13SEP19,1567940343959,open,0.14,1.6,0.116,0.168,0.14076918,77.49,0.138,0.0,BTC-13SEP19-12000-P,10524.07,0.0,0.0,0.0,0.147,0.5,104.58,1.83987,-14.61991,-1.4925,0.00016,-0.9184
10891.15,SYN.BTC-27MAR20,1567940343958,open,0.58,0.4,0.5145,0.6465,0.58083264,80.83,0.5625,0.0,BTC-27MAR20-16000-P,10524.07,67.37,0.5445,3.0,0.63,3.0,97.99,30.40604,-6.11761,-72.79648,6e-05,-0.63368
10584.21,SYN.BTC-20SEP19,1567940343959,open,0.29,0.0,0.277,0.3085,0.29238945,92.41,None,0.0,BTC-20SEP19-7500-C,10524.07,0.0,0.0,0.0,0.0,0.0,0.0,0.75521,-2.9382,2.38245,2e-05,0.98422
10548.89,SYN.BTC-13SEP19,1567940343959,open,0.0,245.6,0.0005,0.0105,0.00024416,98.39,0.0005,0.0,BTC-13SEP19-8000-P,10524.07,0.0,0.0,0.0,0.0005,35.4,107.79,0.21968,-2.21668,-0.00937,2e-05,-0.00641
10666.62,SYN.BTC-25OCT19,1567940343974,open,0.27,0.0,0.2435,0.2915,0.26747478,75.93,None,0.0,BTC-25OCT19-8000-C,10524.07,0.0,0.2495,10.0,0.0,0.0,0.0,7.4824,-6.05972,8.44056,7e-05,0.88363
184.85,SYN.ETH-25OCT19,1567940344001,open,0.02,350.0,0.006,0.041,0.02131,82.33,0.017,0.0,ETH-25OCT19-260-C,182.5,78.35,0.018,220.0,0.024,220.0,85.39,0.15892,-0.13956,0.03211,0.0044,0.15659
10666.62,SYN.BTC-25OCT19,1567940344007,open,0.19,14.4,0.1485,0.228,0.18868649,76.4,0.171,0.0,BTC-25OCT19-12000-P,10524.07,0.0,0.125,10.0,0.4645,1.5,273.45,14.60774,-11.9042,-11.01403,0.00013,-0.61536
186.72,ETH-27DEC19,1567940344013,open,0.03,898.0,0.009,0.052,0.02811,84.27,0.026,0.0,ETH-27DEC19-340-C,182.5,81.7,0.025,220.0,0.031,260.0,86.55,0.23179,-0.08889,0.06482,0.00262,0.14343
182.9,SYN.ETH-13SEP19,1567940344013,open,0.04,1032.0,0.014,0.071,0.042795,75.01,0.036,0.0,ETH-13SEP19-180-C,182.5,59.82,0.036,125.0,0.046,120.0,82.13,0.08218,-0.63211,0.01337,0.02452,0.58995
184.85,SYN.ETH-25OCT19,1567940344069,open,0.44,3.0,0.377,0.481,0.427873,82.39,0.534,0.0,ETH-25OCT19-260-P,182.5,0.0,0.0,0.0,0.0,0.0,0.0,0.15907,-0.1398,-0.30175,0.0044,-0.84318
188.77,SYN.ETH-27MAR20,1567940344072,open,0.02,2489.0,0.006,0.044,0.021182,91.65,0.024,0.0,ETH-27MAR20-600-C,182.5,90.62,0.02,100.0,0.024,200.0,93.97,0.22129,-0.05048,0.06814,0.00123,0.08677
186.72,ETH-27DEC19,1567940344082,open,0.86,0.0,0.781,0.92,0.849116,84.35,None,0.0,ETH-27DEC19-340-P,182.5,0.0,0.0,0.0,0.0,0.0,0.0,0.23214,-0.0891,-0.95856,0.00262,-0.85625
182.9,SYN.ETH-13SEP19,1567940344091,open,0.03,354.0,0.006,0.054,0.026979,75.04,0.026,0.0,ETH-13SEP19-180-P,182.5,63.93,0.022,598.0,0.029,120.0,79.53,0.08218,-0.63238,-0.01068,0.02451,-0.41008
184.03,ETH-27SEP19,1567940344114,open,0.24,214.0,0.218,0.268,0.243471,78.29,0.227,0.0,ETH-27SEP19-140-C,182.5,0.0,0.225,1.0,0.26,1.0,122.32,0.04458,-0.09246,0.06705,0.00325,0.94792
184.03,ETH-27SEP19,1567940344130,open,0.24,214.0,0.218,0.268,0.243471,78.29,0.227,0.0,ETH-27SEP19-140-C,182.5,0.0,0.225,1.0,0.261,1.0,124.37,0.04458,-0.09246,0.06705,0.00325,0.94792
182.9,SYN.ETH-13SEP19,1567940344155,open,0.11,128.0,0.065,0.137,0.100641,75.09,0.177,0.0,ETH-13SEP19-200-P,182.5,49.22,0.095,40.0,0.103,40.0,82.96,0.05182,-0.39904,-0.02294,0.01545,-0.83813
186.72,ETH-27DEC19,1567940344158,open,0.02,10.0,0.006,0.04,0.019798,86.73,0.016,0.0,ETH-27DEC19-380-C,182.5,84.88,0.018,150.0,0.021,220.0,87.92,0.18589,-0.07337,0.04772,0.00204,0.1047
183.46,SYN.ETH-20SEP19,1567940344157,open,0.07,8.0,0.03,0.098,0.064791,111.27,0.02,0.0,ETH-20SEP19-190-C,182.5,60.89,0.029,120.0,0.046,120.0,85.01,0.13166,-0.61682,0.02422,0.0108,0.47047
182.89,SYN.ETH-13SEP19,1567940344175,open,0.06,100.0,0.025,0.091,0.058042,75.04,0.091,0.0,ETH-13SEP19-190-P,182.5,58.05,0.051,120.0,0.06,120.0,79.61,0.07796,-0.59995,-0.0174,0.02325,-0.65403
182.89,SYN.ETH-13SEP19,1567940344182,open,0.06,100.0,0.025,0.091,0.058042,75.04,0.091,0.0,ETH-13SEP19-190-P,182.5,58.05,0.051,120.0,0.061,120.0,81.92,0.07796,-0.59995,-0.0174,0.02325,-0.65403
183.46,SYN.ETH-20SEP19,1567940344189,open,0.09,3.0,0.047,0.119,0.085191,105.89,0.043,0.0,ETH-20SEP19-180-C,182.5,60.22,0.053,120.0,0.072,120.0,87.22,0.12953,-0.57747,0.02938,0.01117,0.5774
183.46,SYN.ETH-20SEP19,1567940344195,open,0.11,0.0,0.058,0.141,0.100424,111.32,None,0.0,ETH-20SEP19-190-P,182.5,59.98,0.064,120.0,0.082,120.0,85.53,0.13166,-0.6171,-0.0376,0.0108,-0.52948
186.72,ETH-27DEC19,1567940344247,open,1.07,0.0,0.984,1.131,1.05504,86.84,None,0.0,ETH-27DEC19-380-P,182.5,0.0,0.0,0.0,0.0,0.0,0.0,0.1864,-0.07366,-1.09603,0.00205,-0.89491
186.71,ETH-27DEC19,1567940344264,open,0.14,2076.0,0.099,0.185,0.144659,79.17,0.144,0.0,ETH-27DEC19-200-C,182.5,75.21,0.136,24.0,0.144,76.0,78.87,0.40797,-0.14698,0.21292,0.00491,0.52348
183.46,SYN.ETH-20SEP19,1567940344267,open,0.12,2.0,0.079,0.154,0.119172,111.26,0.05,0.0,ETH-20SEP19-170-C,182.5,59.73,0.088,40.0,0.104,40.0,87.18,0.11765,-0.55113,0.03374,0.00966,0.68442
184.03,ETH-27SEP19,1567940344277,open,0.08,1544.0,0.046,0.109,0.079015,75.29,0.086,0.0,ETH-27SEP19-180-C,182.5,69.66,0.074,360.0,0.081,250.0,77.56,0.16314,-0.32538,0.04817,0.01237,0.58509
184.03,ETH-27SEP19,1567940344287,open,0.13,2697.0,0.084,0.162,0.123158,75.78,0.122,0.0,ETH-27SEP19-200-P,182.5,70.73,0.119,120.0,0.127,240.0,80.28,0.15432,-0.30976,-0.07399,0.01163,-0.65423
188.77,SYN.ETH-27MAR20,1567940344292,open,0.61,81.0,0.524,0.679,0.603355,84.69,0.582,0.0,ETH-27MAR20-280-P,182.5,82.04,0.596,24.0,0.623,3.0,91.56,0.53188,-0.11212,-1.27412,0.0032,-0.62304
182.9,SYN.ETH-13SEP19,1567940344320,open,0.01,2144.0,0.001,0.023,0.007116,75.03,0.007,0.0,ETH-13SEP19-200-C,182.5,58.16,0.003,200.0,0.008,200.0,78.09,0.05178,-0.39845,0.00378,0.01545,0.16168
184.03,ETH-27SEP19,1567940344332,open,0.24,214.0,0.218,0.268,0.243471,78.29,0.227,0.0,ETH-27SEP19-140-C,182.5,0.0,0.225,1.0,0.26,1.0,122.32,0.04458,-0.09246,0.06705,0.00325,0.94792
186.71,ETH-27DEC19,1567940344645,open,0.0,3956.0,0.001,0.012,0.00259,104.33,0.002,0.0,ETH-27DEC19-760-C,182.5,94.02,0.001,200.0,0.004,40.0,110.07,0.03912,-0.01857,0.00706,0.00036,0.01515
10771.63,BTC-27DEC19,1567940344969,open,3.08,0.0,3.005,3.1735,3.08605012,96.36,3.46,0.0,BTC-27DEC19-44000-P,10523.46,0.0,0.0005,10.0,0.0,0.0,0.0,1.33197,-0.58409,-132.22554,0.0,-0.99174
10771.63,BTC-27DEC19,1567940344970,open,3.45,0.0,3.369,3.553,3.45752049,102.27,None,0.0,BTC-27DEC19-48000-P,10523.46,0.0,0.0005,10.0,0.0,0.0,0.0,1.38048,-0.64249,-144.25962,0.0,-0.9914
10618.77,BTC-27SEP19,1567940345022,open,0.53,789.2,0.5195,0.539,0.52929725,122.37,0.5015,0.0,BTC-27SEP19-5000-C,10523.46,0.0,0.051,1.0,0.5595,5.0,299.01,0.16797,-0.54446,2.57247,0.0,0.99778
188.78,SYN.ETH-27MAR20,1567940345050,open,0.43,37.0,0.389,0.462,0.42859,83.03,0.431,0.0,ETH-27MAR20-120-C,182.5,0.0,0.096,1.0,0.445,3.0,92.38,0.32412,-0.06698,0.43952,0.00199,0.85165
188.78,SYN.ETH-27MAR20,1567940345123,open,0.07,1179.0,0.035,0.095,0.064301,83.05,0.07,0.0,ETH-27MAR20-120-P,182.5,76.33,0.053,40.0,0.062,240.0,81.7,0.32415,-0.06701,-0.22095,0.00199,-0.14837
184.03,ETH-27SEP19,1567940345355,open,0.35,116.0,0.328,0.369,0.348885,87.7,0.327,0.0,ETH-27SEP19-120-C,182.5,0.0,0.335,1.0,0.36,1.0,144.92,0.01347,-0.0313,0.06079,0.00088,0.98758
188.78,SYN.ETH-27MAR20,1567940345459,open,0.29,964.0,0.216,0.339,0.279953,83.05,0.291,0.0,ETH-27MAR20-200-P,182.5,79.96,0.271,24.0,0.291,240.0,86.88,0.54601,-0.11288,-0.72215,0.00335,-0.41515
188.78,SYN.ETH-27MAR20,1567940345707,open,0.12,244.0,0.071,0.166,0.12003,84.66,0.113,0.0,ETH-27MAR20-280-C,182.5,82.51,0.114,220.0,0.126,220.0,86.77,0.53187,-0.11208,0.26684,0.0032,0.37687
184.03,ETH-27SEP19,1567940345793,open,2.93,0.0,2.799,3.033,2.912406,125.0,None,0.0,ETH-27SEP19-720-P,182.49,0.0,0.0,0.0,0.0,0.0,0.0,0.0,-1e-05,-0.37234,0.0,-1.0
186.72,ETH-27DEC19,1567940345793,open,0.31,2.0,0.268,0.341,0.307045,79.43,0.275,0.0,ETH-27DEC19-140-C,182.49,0.0,0.0,0.0,0.0,0.0,0.0,0.27781,-0.10041,0.28282,0.00333,0.81022
184.03,ETH-27SEP19,1567940345794,open,1.62,0.0,1.533,1.689,1.608314,125.0,None,0.0,ETH-27SEP19-480-P,182.49,0.0,0.0,0.0,0.0,0.0,0.0,0.0009,-0.003,-0.24817,4e-05,-0.99938
184.03,ETH-27SEP19,1567940345793,open,2.27,27.0,2.166,2.361,2.26034,125.0,1.044,0.0,ETH-27SEP19-600-P,182.49,0.0,0.0,0.0,0.0,0.0,0.0,5e-05,-0.00017,-0.31028,0.0,-0.99997
186.72,ETH-27DEC19,1567940345794,open,0.01,2900.0,0.002,0.023,0.011603,81.03,0.016,0.0,ETH-27DEC19-100-P,182.49,72.15,0.007,40.0,0.015,40.0,86.51,0.1088,-0.04012,-0.03568,0.00128,-0.05188
186.72,ETH-27DEC19,1567940345794,open,0.16,132.0,0.103,0.195,0.150517,78.73,0.179,0.0,ETH-27DEC19-180-P,182.49,75.62,0.144,272.0,0.158,240.0,82.31,0.39062,-0.13994,-0.29919,0.00473,-0.38177
186.72,ETH-27DEC19,1567940345794,open,0.1,2443.0,0.06,0.136,0.098085,79.28,0.117,0.0,ETH-27DEC19-160-P,182.49,75.99,0.092,260.0,0.102,260.0,81.38,0.34692,-0.12515,-0.21447,0.00417,-0.28348
184.03,ETH-27SEP19,1567940345794,open,0.32,2550.0,0.269,0.357,0.311865,82.92,0.34,0.0,ETH-27SEP19-240-P,182.49,0.0,0.053,5.0,0.88,5.0,500.0,0.07042,-0.15469,-0.11586,0.00485,-0.90556
184.03,ETH-27SEP19,1567940345794,open,2.06,24.0,1.955,2.136,2.042987,125.0,1.356,0.0,ETH-27SEP19-560-P,182.49,0.0,0.0,0.0,0.0,0.0,0.0,0.00014,-0.00045,-0.28959,1e-05,-0.99992
184.03,ETH-27SEP19,1567940345794,open,1.4,0.0,1.322,1.465,1.391046,125.0,None,0.0,ETH-27SEP19-440-P,182.49,0.0,0.0,0.0,0.0,0.0,0.0,0.00232,-0.00768,-0.22739,0.00011,-0.99827
182.9,SYN.ETH-13SEP19,1567940345794,open,0.0,431.0,0.001,0.011,0.000892,87.97,0.006,0.0,ETH-13SEP19-150-P,182.49,0.0,0.0,0.0,0.002,203.0,101.63,0.01139,-0.10277,-0.00058,0.0029,-0.0227
186.72,ETH-27DEC19,1567940345794,open,2.67,0.0,2.537,2.762,2.645057,100.34,None,0.0,ETH-27DEC19-680-P,182.49,0.0,0.002,10.0,0.0,0.0,0.0,0.04773,-0.0218,-2.03808,0.00045,-0.98088
184.03,ETH-27SEP19,1567940345794,open,0.0,5974.0,0.001,0.011,0.000986,121.82,0.001,0.0,ETH-27SEP19-100-P,182.49,0.0,0.0,0.0,0.004,15.0,152.5,0.0108,-0.03485,-0.00101,0.00051,-0.00964
186.72,ETH-27DEC19,1567940345794,open,2.45,0.0,2.329,2.542,2.431105,97.57,None,0.0,ETH-27DEC19-640-P,182.49,0.0,0.0,0.0,0.0,0.0,0.0,0.0517,-0.02295,-1.91676,0.0005,-0.979
184.02,ETH-27SEP19,1567940345794,open,0.0,3419.0,0.001,0.011,1e-06,125.01,0.001,0.0,ETH-27SEP19-640-C,182.49,0.0,0.0,0.0,0.001,237.0,205.4,2e-05,-7e-05,0.0,0.0,1e-05
188.78,SYN.ETH-27MAR20,1567940345793,open,0.06,254.0,0.024,0.093,0.056902,87.98,0.047,0.0,ETH-27MAR20-400-C,182.49,85.62,0.052,252.0,0.062,220.0,90.36,0.39782,-0.08712,0.15379,0.00231,0.20493
186.71,ETH-27DEC19,1567940345794,open,1.81,37.0,1.706,1.885,1.791681,92.36,0.707,0.0,ETH-27DEC19-520-P,182.49,0.0,0.002,25.0,0.0,0.0,0.0,0.08565,-0.036,-1.54741,0.00088,-0.96146
186.71,ETH-27DEC19,1567940345795,open,2.24,0.0,2.121,2.324,2.218121,96.9,0.953,0.0,ETH-27DEC19-600-P,182.49,0.0,0.0,0.0,0.0,0.0,0.0,0.06347,-0.02798,-1.79369,0.00062,-0.9732
186.71,ETH-27DEC19,1567940345794,open,0.96,257.0,0.882,1.025,0.951645,85.57,0.947,0.0,ETH-27DEC19-360-P,182.49,0.0,0.008,4.0,1.59,1.0,420.03,0.20763,-0.08085,-1.02821,0.00231,-0.87774
184.02,ETH-27SEP19,1567940345795,open,3.15,0.0,3.01,3.257,3.129761,0.0,None,0.0,ETH-27SEP19-760-P,182.49,0.0,0.0,0.0,0.0,0.0,0.0,0.0,0.0,-0.39303,0.0,-1.0
186.71,ETH-27DEC19,1567940345795,open,2.02,0.0,1.913,2.104,2.004394,93.76,0.845,0.0,ETH-27DEC19-560-P,182.49,0.0,0.0,0.0,0.0,0.0,0.0,0.07008,-0.0299,-1.67165,0.00071,-0.96981
186.71,ETH-27DEC19,1567940345795,open,0.01,3093.0,0.001,0.018,0.006613,92.36,0.006,0.0,ETH-27DEC19-520-C,182.49,88.53,0.005,225.0,0.008,240.0,95.21,0.08565,-0.036,0.01795,0.00088,0.03854
186.71,ETH-27DEC19,1567940345795,open,0.22,2369.0,0.162,0.266,0.215839,79.17,0.265,0.0,ETH-27DEC19-200-P,182.49,76.04,0.209,24.0,0.225,240.0,83.37,0.40797,-0.14698,-0.38914,0.00491,-0.47652
186.71,ETH-27DEC19,1567940345795,open,0.03,1021.0,0.013,0.061,0.034612,83.42,0.037,0.0,ETH-27DEC19-320-C,182.49,80.78,0.031,220.0,0.038,252.0,85.8,0.26068,-0.09896,0.07693,0.00298,0.17149
184.02,ETH-27SEP19,1567940345795,open,0.97,233.0,0.9,1.019,0.957286,121.81,0.634,0.0,ETH-27SEP19-360-P,182.49,0.0,0.5,44.0,0.0,0.0,0.0,0.01229,-0.03966,-0.1852,0.00058,-0.98882
184.02,ETH-27SEP19,1567940345795,open,0.56,0.0,0.552,0.578,0.565379,127.66,None,0.0,ETH-27SEP19-80-C,182.49,0.0,0.004,5.0,0.0,0.0,0.0,0.00178,-0.006,0.04124,8e-05,0.99871
186.71,ETH-27DEC19,1567940345796,open,2.88,0.0,2.745,2.983,2.859208,102.72,None,0.0,ETH-27DEC19-720-P,182.49,0.0,0.003,5.0,0.0,0.0,0.0,0.04384,-0.02049,-2.15935,0.00041,-0.9827
183.46,SYN.ETH-20SEP19,1567940345793,open,0.19,0.0,0.13,0.222,0.176674,111.29,None,0.0,ETH-20SEP19-210-P,182.49,0.0,0.0,0.0,0.265,1.0,240.27,0.11206,-0.52508,-0.05332,0.00919,-0.71654
186.71,ETH-27DEC19,1567940345796,open,0.03,7508.0,0.012,0.049,0.02851,80.03,0.027,0.0,ETH-27DEC19-120-P,182.49,77.56,0.026,260.0,0.031,260.0,82.41,0.19267,-0.07017,-0.07787,0.00229,-0.11004
186.71,ETH-27DEC19,1567940345796,open,3.1,0.0,2.953,3.203,3.073074,104.33,None,0.0,ETH-27DEC19-760-P,182.49,0.0,0.0,0.0,0.0,0.0,0.0,0.03912,-0.01857,-2.28077,0.00036,-0.98485
184.02,ETH-27SEP19,1567940345796,open,1.18,79.0,1.111,1.241,1.173956,120.79,0.351,0.0,ETH-27SEP19-400-P,182.49,0.0,0.0,0.0,0.0,0.0,0.0,0.00449,-0.01436,-0.20654,0.00021,-0.99642
184.02,ETH-27SEP19,1567940345796,open,2.49,0.0,2.377,2.585,2.477694,0.0,None,0.0,ETH-27SEP19-640-P,182.49,0.0,0.0,0.0,0.0,0.0,0.0,0.0,0.0,-0.33097,0.0,-1.0
184.02,ETH-27SEP19,1567940345797,open,0.75,607.0,0.689,0.797,0.740328,108.37,0.761,0.0,ETH-27SEP19-320-P,182.49,0.0,0.0,0.0,1.39,1.0,500.0,0.01757,-0.05045,-0.16401,0.00093,-0.98308
186.71,ETH-27DEC19,1567940345797,open,0.38,694.0,0.31,0.431,0.372133,80.01,0.44,0.0,ETH-27DEC19-240-P,182.49,67.97,0.348,240.0,0.399,240.0,92.83,0.38406,-0.13982,-0.56762,0.00457,-0.63778
186.71,ETH-27DEC19,1567940345797,open,0.0,2921.0,0.001,0.013,0.003329,96.9,0.003,0.0,ETH-27DEC19-640-C,182.49,84.3,0.001,120.0,0.005,65.0,102.32,0.04984,-0.02198,0.00943,0.00049,0.02012
184.02,ETH-27SEP19,1567940345797,open,0.64,853.0,0.583,0.686,0.63222,102.74,0.641,0.0,ETH-27SEP19-300-P,182.49,0.0,0.049,15.0,1.82,5.0,500.0,0.02374,-0.06462,-0.15303,0.00132,-0.97587
184.02,ETH-27SEP19,1567940345797,open,0.45,20.0,0.44,0.475,0.457596,122.31,0.441,0.0,ETH-27SEP19-100-C,182.49,0.0,0.447,1.0,0.465,1.0,177.68,0.01101,-0.03569,0.05068,0.00051,0.99014
184.02,ETH-27SEP19,1567940345798,open,2.71,0.0,2.588,2.809,2.69505,0.0,None,0.0,ETH-27SEP19-680-P,182.49,0.0,0.0,0.0,0.0,0.0,0.0,0.0,0.0,-0.35166,0.0,-1.0
183.46,SYN.ETH-20SEP19,1567940345794,open,0.03,10.0,0.005,0.046,0.021821,111.29,0.003,0.0,ETH-20SEP19-220-C,182.49,58.47,0.002,200.0,0.01,5.0,85.76,0.09553,-0.44765,0.01127,0.00784,0.2106
184.02,ETH-27SEP19,1567940345799,open,0.0,7916.0,0.001,0.011,0.0,125.0,0.001,0.0,ETH-27SEP19-760-C,182.49,0.0,0.0,0.0,0.001,1.0,228.78,0.0,0.0,0.0,0.0,0.0
183.46,SYN.ETH-20SEP19,1567940345793,open,0.15,1.0,0.091,0.18,0.1362,111.29,0.14,0.0,ETH-20SEP19-200-P,182.49,56.69,0.102,40.0,0.12,40.0,86.93,0.12504,-0.58592,-0.04568,0.01026,-0.62913
184.02,ETH-27SEP19,1567940345800,open,0.0,3439.0,0.001,0.011,0.0,125.0,0.001,0.0,ETH-27SEP19-680-C,182.49,0.0,0.0,0.0,0.001,5.0,213.71,1e-05,-3e-05,0.0,0.0,0.0
186.71,ETH-27DEC19,1567940345800,open,0.38,2.0,0.355,0.414,0.385802,80.03,0.346,0.0,ETH-27DEC19-120-C,182.49,0.0,0.101,1.0,2.47,1.0,500.0,0.19267,-0.07017,0.28337,0.00229,0.88996
182.9,SYN.ETH-13SEP19,1567940345794,open,0.0,577.0,0.001,0.012,0.002187,75.27,0.004,0.0,ETH-13SEP19-160-P,182.49,0.0,0.0,0.0,0.004,200.0,86.93,0.02417,-0.18659,-0.00145,0.00719,-0.05696
184.86,SYN.ETH-25OCT19,1567940345795,open,0.18,242.0,0.149,0.22,0.186613,79.97,0.154,0.0,ETH-25OCT19-160-C,182.49,67.98,0.173,240.0,0.2,240.0,91.35,0.21435,-0.18284,0.13167,0.00611,0.74125
182.9,SYN.ETH-13SEP19,1567940345793,open,0.0,204.0,0.001,0.011,0.000446,102.98,0.002,0.0,ETH-13SEP19-140-P,182.49,0.0,0.0,0.0,0.001,50.0,115.79,0.00592,-0.0625,-0.00027,0.00129,-0.01058
183.46,SYN.ETH-20SEP19,1567940345793,open,0.05,26.0,0.016,0.077,0.04606,111.29,0.022,0.0,ETH-20SEP19-200-C,182.49,62.47,0.015,160.0,0.029,160.0,85.59,0.12504,-0.58592,0.01939,0.01026,0.37087
10665.8,SYN.BTC-25OCT19,1567940345788,open,0.04,33.2,0.018,0.0635,0.03886039,74.55,0.0425,0.0,BTC-25OCT19-9000-P,10523.46,72.32,0.0365,19.0,0.04,0.2,75.62,11.34364,-9.02069,-3.55796,0.0001,-0.22089
184.02,ETH-27SEP19,1567940345801,open,1.84,12.0,1.744,1.912,1.825641,0.0,1.193,0.0,ETH-27SEP19-520-P,182.49,0.0,0.0,0.0,0.0,0.0,0.0,0.0,0.0,-0.26891,0.0,-1.0
188.78,SYN.ETH-27MAR20,1567940345793,open,0.05,20.0,0.017,0.078,0.045088,88.54,0.043,0.0,ETH-27MAR20-440-C,182.49,85.74,0.04,252.0,0.05,220.0,91.11,0.35242,-0.07766,0.12825,0.00203,0.16853
183.46,SYN.ETH-20SEP19,1567940345793,open,0.04,14.0,0.009,0.06,0.032027,111.29,0.018,0.0,ETH-20SEP19-210-C,182.49,63.08,0.007,160.0,0.017,160.0,84.96,0.11206,-0.52508,0.01501,0.00919,0.28346
184.86,SYN.ETH-25OCT19,1567940345793,open,0.12,474.0,0.087,0.16,0.125519,79.58,0.102,0.0,ETH-25OCT19-180-C,182.49,76.33,0.121,240.0,0.131,240.0,83.52,0.25703,-0.21817,0.11105,0.00736,0.59327
186.71,ETH-27DEC19,1567940345801,open,0.76,101.0,0.682,0.818,0.7485,83.42,0.513,0.0,ETH-27DEC19-320-P,182.49,0.0,0.006,5.0,0.0,0.0,0.0,0.26068,-0.09896,-0.88636,0.00298,-0.82851
184.86,SYN.ETH-25OCT19,1567940345794,open,0.17,211.0,0.118,0.207,0.163443,79.59,0.203,0.0,ETH-25OCT19-200-P,182.49,75.74,0.158,240.0,0.17,240.0,84.21,0.26194,-0.22238,-0.1701,0.0075,-0.55307
