underlying_price,underlying_index,timestamp,state,settlement_price,open_interest,min_price,max_price,mark_price,mark_iv,last_price,interest_rate,instrument_name,index_price,bid_iv,best_bid_price,best_bid_amount,best_ask_price,best_ask_amount,ask_iv,vega,theta,rho,gamma,delta
220.36,SYN.ETH-9AUG19,1564743540003,open,0.28,0.0,0.252,0.298,0.274881,113.6,None,0.0,ETH-9AUG19-160-C,220.08,0.0,0.0,0.0,0.0,0.0,0.0,0.01246,-0.10295,0.02941,0.0012,0.98345
224.98,ETH-27DEC19,1564743540060,open,0.11,242.0,0.054,0.155,0.108136,101.85,0.102,0.0,ETH-27DEC19-360-C,220.08,99.2,0.102,360.0,0.114,400.0,104.35,0.52461,-0.18189,0.21253,0.00253,0.34289
220.36,SYN.ETH-9AUG19,1564743540102,open,0.0,51.0,0.001,0.011,0.000976,113.6,0.003,0.0,ETH-9AUG19-160-P,220.08,0.0,0.0,0.0,0.002,250.0,127.82,0.01246,-0.10295,-0.00073,0.0012,-0.01655
220.36,SYN.ETH-9AUG19,1564743540154,open,0.0,8.0,0.001,0.011,0.001499,112.1,0.002,0.0,ETH-9AUG19-300-C,220.08,0.0,0.0,0.0,0.003,556.0,126.08,0.0188,-0.15322,0.00105,0.00183,0.0269
220.36,SYN.ETH-9AUG19,1564743540164,open,0.37,0.0,0.346,0.384,0.36484,125.0,None,0.0,ETH-9AUG19-140-C,220.08,0.0,0.0,0.0,0.0,0.0,0.0,0.00291,-0.02643,0.02623,0.00025,0.99683
220.64,SYN.ETH-16AUG19,1564743540189,open,1.0,0.038,0.109,0.076371,96.59,0.081,0.0,ETH-16AUG19-220-C,220.08,90.94,0.072,150.0,0.081,314.0,102.58,0.17059,-0.59378,0.03919,0.00954,0.54362
220.36,SYN.ETH-9AUG19,1564743540204,open,0.24,0.0,0.205,0.255,0.230502,106.8,None,0.0,ETH-9AUG19-170-C,220.08,0.0,0.0,0.0,0.0,0.0,0.0,0.02207,-0.17141,0.03059,0.00226,0.96735
220.36,SYN.ETH-9AUG19,1564743540288,open,0.0,238.0,0.001,0.011,0.001978,106.8,0.004,0.0,ETH-9AUG19-170-P,220.08,95.04,0.001,2.0,0.003,250.0,115.82,0.02207,-0.17141,-0.00144,0.00226,-0.03265
220.36,SYN.ETH-9AUG19,1564743540314,open,0.35,0.0,0.322,0.408,0.362927,112.1,None,0.0,ETH-9AUG19-300-P,220.08,0.0,0.0,0.0,0.0,0.0,0.0,0.0188,-0.15322,-0.05546,0.00183,-0.9731
220.36,SYN.ETH-9AUG19,1564743540329,open,0.0,0.0,0.001,0.011,0.000173,125.0,None,0.0,ETH-9AUG19-140-P,220.08,0.0,0.0,0.0,0.002,300.0,172.64,0.00291,-0.02643,-0.00014,0.00025,-0.00317
220.36,SYN.ETH-9AUG19,1564743540373,open,0.19,0.0,0.159,0.214,0.186985,99.94,None,0.0,ETH-9AUG19-180-C,220.08,0.0,0.0,0.0,0.0,0.0,0.0,0.03667,-0.26654,0.0312,0.00401,0.93862
10838.32,BTC-27DEC19,1564743540426,open,3.06,0.0,2.982,3.167,3.0691945,107.35,3.46,0.0,BTC-27DEC19-44000-P,10509.51,0.0,0.0,0.0,0.0,0.0,0.0,6.28056,-2.29517,-175.5963,1e-05,-0.95701
10645.39,BTC-27SEP19,1564743540427,open,0.01,461.9,0.0005,0.023,0.00843849,103.73,0.009,0.0,BTC-27SEP19-22000-C,10509.51,100.32,0.007,44.0,0.009,24.0,104.97,4.72689,-4.38771,0.78178,3e-05,0.05641
10645.39,BTC-27SEP19,1564743540428,open,0.46,29.6,0.405,0.508,0.45657947,99.51,0.58,0.0,BTC-27SEP19-15000-P,10509.51,0.0,0.0045,10.0,1.023,0.3,500.0,13.13125,-11.69244,-19.723,8e-05,-0.75369
10645.39,BTC-27SEP19,1564743540428,open,0.0,566.2,0.0005,0.013,0.00346719,104.42,0.006,0.0,BTC-27SEP19-5000-P,10509.51,98.8,0.0025,39.1,0.0045,39.0,109.46,2.01565,-1.88335,-0.38224,1e-05,-0.01999
10838.32,BTC-27DEC19,1564743540428,open,0.0,376.4,0.0005,0.013,0.00319727,103.71,0.004,0.0,BTC-27DEC19-3000-P,10509.51,96.38,0.002,26.0,0.0045,16.0,109.95,2.03244,-0.71756,-0.63066,0.0,-0.01126
10838.32,BTC-27DEC19,1564743540429,open,0.23,700.4,0.172,0.2805,0.23101322,94.92,0.208,0.0,BTC-27DEC19-11000-C,10509.51,93.28,0.227,5.0,0.2345,3.6,96.35,26.39988,-8.53076,16.48128,6e-05,0.60891
10544.09,SYN.BTC-16AUG19,1564743540426,open,0.0,0.227,0.2695,0.2478532,102.31,None,0.0,BTC-16AUG19-8000-C,10509.51,0.0,0.02,1.0,0.0,0.0,0.0,2.72704,-10.05342,2.7387,6e-05,0.93109
10645.39,BTC-27SEP19,1564743540429,open,0.0,671.4,0.0005,0.011,0.00149889,107.03,0.0025,0.0,BTC-27SEP19-30000-C,10509.51,95.22,0.0005,27.1,0.0025,26.9,113.93,1.27893,-1.22492,0.16732,1e-05,0.01177
10544.09,SYN.BTC-16AUG19,1564743540426,open,0.1,0.0025,0.035,0.0152276,99.25,0.015,0.0,BTC-16AUG19-13000-C,10509.51,95.55,0.0135,24.0,0.016,24.0,100.84,5.0476,-18.05138,0.58927,0.00012,0.16224
10838.32,BTC-27DEC19,1564743540430,open,0.1,401.2,0.0575,0.139,0.09926795,94.89,0.0965,0.0,BTC-27DEC19-8000-P,10509.51,92.56,0.095,4.9,0.0995,4.9,95.02,19.83076,-6.40608,-13.50088,4e-05,-0.21029
10838.32,BTC-27DEC19,1564743540431,open,0.59,7.1,0.5205,0.6635,0.59417658,97.63,0.491,0.0,BTC-27DEC19-16000-P,10509.51,0.0,0.0045,5.0,1.34,0.2,500.0,26.06545,-8.6629,-53.18285,6e-05,-0.62524
10838.32,BTC-27DEC19,1564743540431,open,0.3,101.4,0.2405,0.367,0.30728105,95.29,0.317,0.0,BTC-27DEC19-12000-P,10509.51,93.98,0.304,3.6,0.3125,3.6,97.37,27.184,-8.81826,-32.88719,6e-05,-0.44678
10577.86,SYN.BTC-30AUG19,1564743540427,open,0.27,17.1,0.226,0.3115,0.26924929,100.03,0.289,0.0,BTC-30AUG19-13000-P,10509.51,0.0,0.0,0.0,0.0,0.0,0.0,9.69629,-17.39807,-8.05851,0.00011,-0.72828
10527.2,SYN.BTC-9AUG19,1564743540426,open,0.16,20.4,0.129,0.1765,0.15245415,97.63,0.1505,0.0,BTC-9AUG19-9000-C,10509.51,0.0,0.02,1.0,0.0,0.0,0.0,2.68287,-19.04684,1.46639,0.00013,0.89191
10527.2,SYN.BTC-9AUG19,1564743540426,open,0.19,0.0,0.1655,0.2265,0.19438627,97.97,None,0.0,BTC-9AUG19-12500-P,10509.51,0.0,0.02,1.0,0.0,0.0,0.0,2.77143,-19.74444,-2.14426,0.00014,-0.8869
10838.32,BTC-27DEC19,1564743540431,open,0.01,289.6,0.0035,0.0265,0.01318309,96.98,0.0135,0.0,BTC-27DEC19-4500-P,10509.51,94.82,0.012,6.0,0.0145,6.0,99.27,6.07329,-2.00498,-2.37355,1e-05,-0.04124
10544.09,SYN.BTC-16AUG19,1564743540426,open,5.0,0.0005,0.0185,0.00657294,102.31,0.006,0.0,BTC-16AUG19-8000-P,10509.51,100.05,0.006,30.0,0.0075,13.0,105.78,2.72718,-10.0542,-0.30257,6e-05,-0.06891
10544.09,SYN.BTC-16AUG19,1564743540426,open,0.0,0.0095,0.057,0.03186752,95.73,None,0.0,BTC-16AUG19-9500-P,10509.51,92.74,0.03,24.0,0.0335,24.0,98.31,6.63116,-22.87363,-1.1587,0.00016,-0.2572
10838.32,BTC-27DEC19,1564743540432,open,0.01,242.8,0.0005,0.0235,0.00793801,109.36,0.0085,0.0,BTC-27DEC19-48000-C,10509.51,106.31,0.0065,10.0,0.009,6.0,111.39,5.44501,-2.02709,1.22682,1e-05,0.03607
10544.09,SYN.BTC-16AUG19,1564743540426,open,0.0,0.1705,0.2435,0.20672816,98.05,None,0.0,BTC-16AUG19-12500-P,10509.51,0.0,0.018,1.0,0.0,0.0,0.0,5.98189,-21.13572,-3.98142,0.00014,-0.78654
10644.28,BTC-27SEP19,1564743540433,open,0.3,40.5,0.248,0.3515,0.3014458,97.9,0.3275,0.0,BTC-27SEP19-13000-P,10509.51,80.57,0.2765,5.0,0.49,0.1,220.07,15.73185,-13.78141,-15.16898,9e-05,-0.62947
10527.2,SYN.BTC-9AUG19,1564743540426,open,0.0,167.1,0.0005,0.0125,0.00272286,104.47,0.003,0.0,BTC-9AUG19-13500-C,10509.51,94.01,0.0015,120.5,0.0035,30.5,109.73,1.44633,-10.98836,0.09012,7e-05,0.04817
10577.86,SYN.BTC-30AUG19,1564743540428,open,0.7,0.0,0.6695,0.751,0.70792606,109.61,None,0.0,BTC-30AUG19-18000-P,10509.51,0.0,0.0,0.0,0.0,0.0,0.0,3.22419,-6.33894,-13.35793,3e-05,-0.94559
10577.86,SYN.BTC-30AUG19,1564743540431,open,0.35,0.0,0.327,0.3665,0.34625863,104.53,None,0.0,BTC-30AUG19-7000-C,10509.51,0.0,0.0,0.0,0.0,0.0,0.0,3.3812,-6.33961,4.81439,4e-05,0.94221
10577.86,SYN.BTC-30AUG19,1564743540433,open,0.43,0.0,0.396,0.478,0.43580322,102.81,None,0.0,BTC-30AUG19-15000-P,10509.51,0.0,0.0,0.0,0.0,0.0,0.0,6.45769,-11.90889,-10.48057,7e-05,-0.86154
10577.86,SYN.BTC-30AUG19,1564743540431,open,0.02,194.0,0.004,0.038,0.01774235,102.81,0.019,0.0,BTC-30AUG19-15000-C,10509.51,99.89,0.016,24.0,0.0185,24.0,104.04,6.45707,-11.907,0.97507,7e-05,0.13844
10838.32,BTC-27DEC19,1564743540442,open,1.43,0.0,1.366,1.5165,1.43824345,102.02,None,0.0,BTC-27DEC19-26000-P,10509.51,0.0,0.0045,10.0,2.229,0.2,500.0,16.16305,-5.61357,-99.71632,3e-05,-0.84813
10838.32,BTC-27DEC19,1564743540450,open,1.26,0.0,1.19,1.339,1.26223699,101.24,None,0.0,BTC-27DEC19-24000-P,10509.51,0.0,0.0065,1.0,2.0505,0.2,500.0,18.01719,-6.20934,-90.82955,4e-05,-0.82037
10644.28,BTC-27SEP19,1564743540454,open,0.54,34.4,0.4895,0.5915,0.53961994,100.02,0.6695,0.0,BTC-27SEP19-16000-P,10509.51,0.0,0.0045,10.0,1.106,0.2,500.0,11.61856,-10.39894,-21.8477,7e-05,-0.80117
10838.32,BTC-27DEC19,1564743540467,open,0.09,381.6,0.045,0.14,0.0924492,98.66,0.093,0.0,BTC-27DEC19-18000-C,10509.51,97.11,0.089,4.9,0.095,4.9,99.8,24.23427,-8.13945,9.46093,5e-05,0.30938
10838.32,BTC-27DEC19,1564743540528,open,0.05,217.7,0.023,0.0785,0.0499491,94.9,0.049,0.0,BTC-27DEC19-6500-P,10509.51,93.01,0.0475,6.0,0.051,6.0,95.7,14.15319,-4.57216,-7.63021,3e-05,-0.125
10644.28,BTC-27SEP19,1564743540543,open,2.0,0.0,1.9475,2.072,2.00775635,112.07,None,0.0,BTC-27SEP19-32000-P,10509.51,0.0,0.0,0.0,0.0,0.0,0.0,1.20439,-1.20785,-48.83154,1e-05,-0.98902
10644.28,BTC-27SEP19,1564743540551,open,0.0,756.0,0.0005,0.0115,0.00174056,114.5,0.002,0.0,BTC-27SEP19-32000-C,10509.51,112.54,0.0015,5.0,0.002,24.0,116.41,1.37314,-1.40691,0.17979,1e-05,0.01277
220.64,SYN.ETH-16AUG19,1564743540556,open,0.0,0.057,0.139,0.10021,97.28,None,0.0,ETH-16AUG19-230-P,220.08,90.52,0.095,150.0,0.104,150.0,102.19,0.1703,-0.59698,-0.05449,0.00946,-0.54944
10527.2,SYN.BTC-9AUG19,1564743540571,open,0.12,53.8,0.085,0.1405,0.11378743,97.63,0.115,0.0,BTC-9AUG19-9500-C,10509.51,92.94,0.112,9.3,0.0,0.0,0.0,4.07355,-28.91984,1.35613,0.0002,0.79764
10838.32,BTC-27DEC19,1564743540585,open,0.06,170.2,0.0225,0.1005,0.05898113,100.47,0.055,0.0,BTC-27DEC19-22000-C,10509.51,99.11,0.0565,4.9,0.0605,4.9,101.28,20.04092,-6.85414,6.76601,4e-05,0.21412
10644.28,BTC-27SEP19,1564743540587,open,0.71,1.0,0.665,0.765,0.71285915,101.17,1.5815,0.0,BTC-27SEP19-18000-P,10509.51,0.0,0.0045,1.3,1.2725,0.3,500.0,8.78095,-7.94914,-25.80235,5e-05,-0.87062
10527.2,SYN.BTC-9AUG19,1564743540592,open,0.29,0.0,0.2735,0.3055,0.28855787,119.88,None,0.0,BTC-9AUG19-7500-C,10509.51,0.0,0.022,1.0,0.0,0.0,0.0,0.58005,-5.05653,1.379,2e-05,0.98394
10838.32,BTC-27DEC19,1564743540668,open,0.14,304.1,0.0915,0.188,0.14159107,94.89,0.1555,0.0,BTC-27DEC19-9000-P,10509.51,92.71,0.137,4.9,0.143,4.9,95.56,22.7755,-7.35715,-17.99515,5e-05,-0.27102
10838.32,BTC-27DEC19,1564743540683,open,0.08,157.7,0.044,0.117,0.08087062,94.89,0.08,0.0,BTC-27DEC19-7500-P,10509.51,92.57,0.077,4.9,0.0815,4.9,95.27,18.08598,-5.84251,-11.40883,4e-05,-0.18072
222.33,ETH-27SEP19,1564743540690,open,0.0,739.0,0.001,0.011,0.000282,125.0,0.001,0.0,ETH-27SEP19-60-P,220.08,0.0,0.0,0.0,0.002,550.0,159.22,0.00485,-0.00542,-0.00069,5e-05,-0.00174
224.99,ETH-27DEC19,1564743540692,open,0.02,1375.0,0.004,0.041,0.018723,108.55,0.019,0.0,ETH-27DEC19-760-C,220.08,102.98,0.014,350.0,0.023,350.0,112.94,0.20672,-0.07639,0.05303,0.00093,0.0773
222.33,ETH-27SEP19,1564743540692,open,0.1,1704.0,0.051,0.133,0.095412,99.22,0.091,0.0,ETH-27SEP19-260-C,220.08,96.32,0.091,327.0,0.099,120.0,101.56,0.33953,-0.30145,0.10952,0.00452,0.41719
222.33,ETH-27SEP19,1564743540694,open,0.0,5783.0,0.001,0.012,0.002684,111.07,0.002,0.0,ETH-27SEP19-600-C,220.08,98.67,0.001,1977.0,0.003,80.0,112.72,0.04098,-0.04073,0.00568,0.00049,0.01936
10577.86,SYN.BTC-30AUG19,1564743540683,open,0.04,337.8,0.018,0.07,0.04295954,98.93,0.044,0.0,BTC-30AUG19-9000-P,10509.51,97.8,0.042,47.6,0.0445,1.0,100.75,8.95025,-15.88256,-2.23295,0.00011,-0.23345
221.2,SYN.ETH-30AUG19,1564743540703,open,0.01,2351.0,0.001,0.014,0.004612,112.9,0.005,0.0,ETH-30AUG19-400-C,220.08,105.34,0.003,300.0,0.006,200.0,118.2,0.05343,-0.1082,0.0061,0.00127,0.0407
222.33,ETH-27SEP19,1564743540714,open,1.51,24.0,1.446,1.606,1.522856,111.07,1.356,0.0,ETH-27SEP19-560-P,220.08,0.0,0.0,0.0,0.0,0.0,0.0,0.05618,-0.05584,-0.84907,0.00067,-0.97183
224.99,ETH-27DEC19,1564743540730,open,2.2,0.0,2.113,2.339,2.221822,108.12,None,0.0,ETH-27DEC19-720-P,220.08,0.0,0.003,5.0,0.0,0.0,0.0,0.22795,-0.0839,-2.83722,0.00104,-0.91199
222.33,ETH-27SEP19,1564743540730,open,0.01,8193.0,0.001,0.016,0.006589,98.82,0.009,0.0,ETH-27SEP19-120-P,220.08,93.41,0.005,1.0,0.008,200.0,103.06,0.07013,-0.06202,-0.01479,0.00094,-0.03686
224.99,ETH-27DEC19,1564743540741,open,0.85,16.0,0.774,0.951,0.865312,102.86,1.195,0.0,ETH-27DEC19-400-P,220.08,69.58,0.804,110.0,0.931,110.0,131.15,0.48795,-0.17087,-1.4269,0.00233,-0.71074
222.33,ETH-27SEP19,1564743540741,open,0.81,79.0,0.753,0.885,0.81696,103.89,0.351,0.0,ETH-27SEP19-400-P,220.08,0.0,0.0,0.0,0.0,0.0,0.0,0.16055,-0.14926,-0.58192,0.00204,-0.89281
222.33,ETH-27SEP19,1564743540743,open,1.33,12.0,1.272,1.423,1.344117,108.04,1.193,0.0,ETH-27SEP19-520-P,220.08,0.0,0.0,0.0,0.0,0.0,0.0,0.06886,-0.06657,-0.78556,0.00084,-0.96396
224.99,ETH-27DEC19,1564743540752,open,1.18,21.0,1.098,1.285,1.191364,104.02,0.629,0.0,ETH-27DEC19-480-P,220.08,0.0,1.11,110.0,2.127,1.0,500.0,0.40736,-0.14426,-1.79694,0.00192,-0.79342
222.33,ETH-27SEP19,1564743540752,open,0.72,259.0,0.667,0.798,0.731477,103.15,0.94,0.0,ETH-27SEP19-380-P,220.08,0.0,0.009,8.0,0.0,0.0,0.0,0.18405,-0.16989,-0.54506,0.00236,-0.86997
224.99,ETH-27DEC19,1564743540752,open,0.03,1471.0,0.009,0.064,0.033701,105.83,0.023,0.0,ETH-27DEC19-600-C,220.08,103.0,0.03,410.0,0.037,110.0,108.23,0.30225,-0.10889,0.08737,0.0014,0.1302
224.99,ETH-27DEC19,1564743540757,open,1.01,0.0,0.934,1.116,1.026585,103.51,None,0.0,ETH-27DEC19-440-P,220.08,0.0,0.955,110.0,1.95,1.0,500.0,0.44778,-0.15778,-1.61379,0.00212,-0.7559
221.2,SYN.ETH-30AUG19,1564743540760,open,0.11,314.0,0.062,0.145,0.105737,98.93,0.121,0.0,ETH-30AUG19-220-P,220.08,94.58,0.101,262.0,0.111,262.0,103.76,0.2409,-0.42747,-0.09182,0.00652,-0.43777
10577.86,SYN.BTC-30AUG19,1564743540773,open,0.09,200.1,0.053,0.1235,0.09023133,97.26,0.089,0.0,BTC-30AUG19-11000-C,10509.51,96.14,0.089,14.4,0.092,3.0,98.86,11.6613,-20.3433,3.27421,0.00014,0.49553
224.99,ETH-27DEC19,1564743540780,open,0.09,536.0,0.039,0.132,0.087376,102.83,0.071,0.0,ETH-27DEC19-400-C,220.08,100.33,0.082,110.0,0.093,413.0,105.4,0.48784,-0.17077,0.18264,0.00233,0.28911
224.99,ETH-27DEC19,1564743540782,open,1.34,37.0,1.264,1.456,1.359198,104.67,0.707,0.0,ETH-27DEC19-520-P,220.08,0.0,0.002,25.0,0.0,0.0,0.0,0.36957,-0.13169,-1.97634,0.00173,-0.82375
221.2,SYN.ETH-30AUG19,1564743540784,open,0.16,222.0,0.112,0.207,0.162005,100.03,0.21,0.0,ETH-30AUG19-240-P,220.08,94.5,0.156,120.0,0.167,120.0,104.61,0.24089,-0.43219,-0.12236,0.00644,-0.56232
221.2,SYN.ETH-30AUG19,1564743540784,open,0.08,1672.0,0.038,0.11,0.077026,100.03,0.07,0.0,ETH-30AUG19-240-C,220.08,96.32,0.073,203.0,0.081,323.0,103.67,0.24089,-0.43219,0.06093,0.00644,0.43768
222.33,ETH-27SEP19,1564743540786,open,0.64,0.0,0.63,0.654,0.642041,124.62,None,0.0,ETH-27SEP19-80-C,220.08,0.0,0.003,10.0,0.0,0.0,0.0,0.02245,-0.02504,0.11855,0.00024,0.99036
224.99,ETH-27DEC19,1564743540791,open,0.07,624.0,0.028,0.112,0.070855,103.47,0.068,0.0,ETH-27DEC19-440-C,220.08,101.0,0.066,110.0,0.076,424.0,106.02,0.4476,-0.15765,0.15668,0.00212,0.24392
224.99,ETH-27DEC19,1564743540793,open,2.03,0.0,1.942,2.161,2.0477,107.75,None,0.0,ETH-27DEC19-680-P,220.08,0.0,0.0,0.0,0.0,0.0,0.0,0.25215,-0.09249,-2.66789,0.00115,-0.89908
224.99,ETH-27DEC19,1564743540793,open,1.86,0.0,1.771,1.983,1.873719,106.85,None,0.0,ETH-27DEC19-640-P,220.08,0.0,0.0,0.0,0.0,0.0,0.0,0.27598,-0.10038,-2.49818,0.00127,-0.88561
221.2,SYN.ETH-30AUG19,1564743540793,open,0.17,431.0,0.115,0.193,0.158346,98.93,0.151,0.0,ETH-30AUG19-200-C,220.08,93.4,0.153,120.0,0.165,122.0,105.76,0.21465,-0.38089,0.09037,0.00581,0.69331
221.2,SYN.ETH-30AUG19,1564743540793,open,0.3,0.0,0.26,0.318,0.290571,100.04,None,0.0,ETH-30AUG19-160-C,220.08,0.0,0.0,0.0,0.0,0.0,0.0,0.10343,-0.18559,0.10378,0.00277,0.90487
222.33,ETH-27SEP19,1564743540797,open,0.14,2067.0,0.095,0.193,0.147285,98.81,0.172,0.0,ETH-27SEP19-220-P,220.08,95.34,0.142,146.0,0.153,264.0,102.56,0.3387,-0.29946,-0.1906,0.00453,-0.41272
10644.42,BTC-27SEP19,1564743540799,open,0.04,270.5,0.012,0.066,0.03661205,100.15,0.0395,0.0,BTC-27SEP19-16000-C,10509.51,98.2,0.0345,33.5,0.038,19.3,101.41,11.63512,-10.42756,2.651,7e-05,0.1993
222.33,ETH-27SEP19,1564743540812,open,0.01,3439.0,0.001,0.015,0.005252,108.04,0.005,0.0,ETH-27SEP19-520-C,220.08,99.45,0.003,640.0,0.007,340.0,113.19,0.06885,-0.06657,0.01048,0.00084,0.03604
10644.42,BTC-27SEP19,1564743540814,open,0.38,61.0,0.3245,0.429,0.37785174,99.43,0.4995,0.0,BTC-27SEP19-14000-P,10509.51,76.48,0.3485,5.0,0.9405,0.3,499.56,14.5901,-12.98206,-17.48055,8e-05,-0.69491
222.33,ETH-27SEP19,1564743540814,open,0.0,4612.0,0.001,0.012,0.002203,101.84,0.004,0.0,ETH-27SEP19-100-P,220.08,90.81,0.001,501.0,0.003,200.0,107.09,0.03056,-0.02785,-0.00543,0.0004,-0.01375
224.99,ETH-27DEC19,1564743540817,open,0.04,1449.0,0.012,0.073,0.040195,105.36,0.028,0.0,ETH-27DEC19-560-C,220.08,102.47,0.036,407.0,0.044,160.0,107.86,0.33492,-0.12013,0.10073,0.00156,0.15146
221.2,SYN.ETH-30AUG19,1564743540820,open,0.54,0.0,0.496,0.605,0.548892,107.01,None,0.0,ETH-30AUG19-340-P,220.08,0.0,0.0,0.0,0.0,0.0,0.0,0.10397,-0.19955,-0.24548,0.0026,-0.90419
224.99,ETH-27DEC19,1564743540822,open,1.68,0.0,1.601,1.805,1.700605,105.92,0.953,0.0,ETH-27DEC19-600-P,220.08,0.0,0.0,0.0,0.0,0.0,0.0,0.30276,-0.10917,-2.32684,0.0014,-0.86948
222.33,ETH-27SEP19,1564743540824,open,0.26,1264.0,0.203,0.319,0.264844,99.22,0.357,0.0,ETH-27SEP19-260-P,220.08,94.72,0.258,120.0,0.271,120.0,103.24,0.33953,-0.30145,-0.2885,0.00452,-0.58281
222.33,ETH-27SEP19,1564743540828,open,0.73,0.0,0.721,0.74,0.730413,125.0,0.01,0.0,ETH-27SEP19-60-C,220.08,0.0,0.003,10.0,0.0,0.0,0.0,0.00485,-0.00542,0.09116,5e-05,0.99826
224.99,ETH-27DEC19,1564743540833,open,1.51,0.0,1.432,1.63,1.529305,105.43,0.845,0.0,ETH-27DEC19-560-P,220.08,0.0,0.0,0.0,0.0,0.0,0.0,0.33533,-0.12036,-2.15255,0.00156,-0.84826
224.99,ETH-27DEC19,1564743540833,open,0.04,2255.0,0.016,0.063,0.039271,101.13,0.038,0.0,ETH-27DEC19-120-P,220.08,99.96,0.038,249.0,0.04,140.0,101.8,0.24441,-0.08415,-0.12311,0.00119,-0.09671
10577.86,SYN.BTC-30AUG19,1564743540833,open,0.13,30.6,0.0885,0.1685,0.13014263,97.26,0.1285,0.0,BTC-30AUG19-11000-P,10509.51,95.32,0.128,14.4,0.132,3.0,98.95,11.6613,-20.34386,-5.12669,0.00014,-0.50447
222.33,ETH-27SEP19,1564743540837,open,1.86,0.0,1.795,1.973,1.880618,112.74,None,0.0,ETH-27SEP19-640-P,220.08,0.0,0.0,0.0,0.0,0.0,0.0,0.0325,-0.03279,-0.9754,0.00038,-0.98523
224.99,ETH-27DEC19,1564743540837,open,0.51,0.0,0.471,0.535,0.50589,101.11,None,0.0,ETH-27DEC19-120-C,220.08,0.0,0.001,1200.0,0.99,5.0,500.0,0.24436,-0.08411,0.35981,0.00119,0.90332
224.99,ETH-27DEC19,1564743540840,open,0.14,198.0,0.077,0.185,0.136231,101.08,0.121,0.0,ETH-27DEC19-320-C,220.08,98.55,0.13,446.0,0.142,236.0,103.42,0.55468,-0.19087,0.24744,0.00269,0.40953
222.33,ETH-27SEP19,1564743540840,open,0.47,47.0,0.446,0.487,0.46685,98.82,0.689,0.0,ETH-27SEP19-120-C,220.08,0.0,0.0,0.0,0.0,0.0,0.0,0.07013,-0.06201,0.16891,0.00094,0.96314
10577.86,SYN.BTC-30AUG19,1564743540835,open,0.08,165.4,0.0445,0.1135,0.07974688,98.05,0.079,0.0,BTC-30AUG19-10000-P,10509.51,96.37,0.078,19.3,0.082,10.0,100.22,10.99654,-19.34052,-3.59994,0.00013,-0.36587
222.33,ETH-27SEP19,1564743540844,open,0.56,0.0,0.537,0.568,0.552421,101.84,None,0.0,ETH-27SEP19-100-C,220.08,0.0,0.003,10.0,0.0,0.0,0.0,0.03056,-0.02785,0.14766,0.0004,0.98625
221.2,SYN.ETH-30AUG19,1564743540846,open,0.04,660.0,0.011,0.062,0.035726,102.22,0.042,0.0,ETH-30AUG19-280-C,220.08,97.85,0.032,423.0,0.039,423.0,105.95,0.19179,-0.35164,0.0352,0.00502,0.2441
10644.42,BTC-27SEP19,1564743540842,open,0.14,509.8,0.0895,0.1735,0.13450387,95.47,0.137,0.0,BTC-27SEP19-11000-C,10509.51,93.54,0.1315,14.4,0.1375,17.3,97.4,16.53399,-14.125,6.59694,0.0001,0.53935
222.33,ETH-27SEP19,1564743540854,open,0.06,3067.0,0.023,0.091,0.057851,100.37,0.052,0.0,ETH-27SEP19-300-C,220.08,98.21,0.055,251.0,0.06,160.0,101.98,0.29556,-0.26545,0.07747,0.00389,0.28548
224.99,ETH-27DEC19,1564743540856,open,0.39,0.0,0.335,0.426,0.386146,100.05,None,0.0,ETH-27DEC19-160-C,220.08,0.0,0.001,1000.0,0.98,5.0,500.0,0.39525,-0.13462,0.37792,0.00194,0.80357
222.33,ETH-27SEP19,1564743540861,open,1.68,27.0,1.621,1.789,1.701375,111.07,1.044,0.0,ETH-27SEP19-600-P,220.08,0.0,0.0,0.0,0.0,0.0,0.0,0.04098,-0.04073,-0.91283,0.00049,-0.98064
222.33,ETH-27SEP19,1564743540861,open,2.4,0.0,2.319,2.527,2.419341,117.98,None,0.0,ETH-27SEP19-760-P,220.08,0.0,0.0,0.0,0.0,0.0,0.0,0.01803,-0.01904,-1.16122,0.0002,-0.99249
222.33,ETH-27SEP19,1564743540863,open,2.04,0.0,1.97,2.157,2.059896,112.91,None,0.0,ETH-27SEP19-680-P,220.08,0.0,0.0,0.0,0.0,0.0,0.0,0.02409,-0.02434,-1.03788,0.00028,-0.98955
221.2,SYN.ETH-30AUG19,1564743540863,open,0.22,757.0,0.18,0.25,0.218222,98.93,0.25,0.0,ETH-30AUG19-180-C,220.08,71.69,0.2,120.0,0.238,120.0,124.16,0.16403,-0.29106,0.10055,0.00444,0.81344
10544.09,SYN.BTC-16AUG19,1564743540858,open,0.0,0.062,0.1345,0.09963054,95.87,None,0.0,BTC-16AUG19-11000-P,10509.51,90.51,0.0955,18.0,0.1015,18.0,98.3,8.12942,-28.08462,-2.61559,0.0002,-0.5529
10839.43,BTC-27DEC19,1564743540865,open,0.24,248.1,0.183,0.302,0.24583983,94.91,0.241,0.0,BTC-27DEC19-11000-P,10509.51,93.54,0.2425,4.9,0.25,4.9,96.62,26.40161,-8.53037,-27.77927,6e-05,-0.39104
221.2,SYN.ETH-30AUG19,1564743540867,open,0.12,667.0,0.068,0.146,0.111173,98.93,0.108,0.0,ETH-30AUG19-220-C,220.08,95.1,0.107,169.0,0.116,289.0,103.36,0.2409,-0.42747,0.0762,0.00652,0.56223
10544.09,SYN.BTC-16AUG19,1564743540867,open,5.1,0.037,0.103,0.07098909,94.26,0.067,0.0,BTC-16AUG19-10500-P,10509.51,91.04,0.0685,18.0,0.072,0.5,95.57,8.14786,-27.67401,-2.10575,0.0002,-0.45435
10544.09,SYN.BTC-16AUG19,1564743540876,open,0.0,0.0935,0.1675,0.13167516,96.28,None,0.0,BTC-16AUG19-11500-P,10509.51,90.5,0.1275,18.0,0.1335,18.0,98.78,7.66343,-26.58679,-3.10812,0.00019,-0.64373
10577.86,SYN.BTC-30AUG19,1564743540887,open,0.0,589.0,0.0005,0.0125,0.00257638,108.81,0.002,0.0,BTC-30AUG19-6000-P,10509.51,104.34,0.002,0.1,0.003,24.0,111.73,1.46794,-2.86505,-0.18949,2e-05,-0.02088
10577.86,SYN.BTC-30AUG19,1564743540883,open,0.06,502.9,0.0285,0.0925,0.06102098,99.08,0.06,0.0,BTC-30AUG19-12000-C,10509.51,96.19,0.058,19.3,0.063,29.3,100.97,11.06655,-19.66812,2.5208,0.00013,0.37306
10644.28,BTC-27SEP19,1564743540890,open,0.08,254.1,0.041,0.1175,0.08025101,97.98,0.08,0.0,BTC-27SEP19-13000-C,10509.51,95.77,0.077,31.9,0.082,19.3,99.16,15.73488,-13.79534,4.73361,9e-05,0.37075
10644.42,BTC-27SEP19,1564743540901,open,0.01,620.0,0.0005,0.021,0.00918071,99.98,0.012,0.0,BTC-27SEP19-6000-P,10509.51,98.22,0.0085,0.1,0.01,24.0,102.02,4.18168,-3.74124,-0.93744,2e-05,-0.04835
10645.39,BTC-27SEP19,1564743540897,open,0.23,73.0,0.179,0.279,0.23137118,96.91,0.239,0.0,BTC-27SEP19-12000-P,10509.51,95.38,0.229,14.4,0.2365,14.4,100.22,16.4844,-14.29574,-12.73762,0.0001,-0.55025
220.36,SYN.ETH-9AUG19,1564743540913,open,0.09,21.0,0.041,0.111,0.079231,98.12,0.083,0.0,ETH-9AUG19-210-C,220.08,89.61,0.075,20.0,0.083,150.0,105.62,0.11025,-0.78662,0.02429,0.01228,0.66451
220.64,SYN.ETH-16AUG19,1564743540976,open,0.0,0.118,0.208,0.164657,98.39,None,0.0,ETH-16AUG19-250-P,220.08,0.0,0.0,0.0,0.0,0.0,0.0,0.1471,-0.52155,-0.07342,0.00808,-0.71066
10544.09,SYN.BTC-16AUG19,1564743540979,open,0.0,0.001,0.028,0.01094205,100.55,None,0.0,BTC-16AUG19-13500-C,10509.51,96.8,0.0095,30.0,0.0115,30.0,101.95,4.17309,-15.12041,0.44725,0.0001,0.12252
10644.42,BTC-27SEP19,1564743541022,open,0.6,9.2,0.5925,0.613,0.60249869,111.89,0.574,0.0,BTC-27SEP19-4250-C,10509.51,0.0,0.005,1.1,0.6835,5.0,299.24,1.13665,-1.13805,6.30981,1e-05,0.98972
10576.81,SYN.BTC-30AUG19,1564743541031,open,0.19,27.2,0.1575,0.2225,0.19212471,99.0,0.136,0.0,BTC-30AUG19-9000-C,10509.51,90.45,0.185,5.0,0.0,0.0,0.0,8.95368,-15.89923,4.63842,0.00011,0.76635
220.64,SYN.ETH-16AUG19,1564743541059,open,66.0,0.004,0.046,0.022614,98.41,0.02,0.0,ETH-16AUG19-260-C,220.08,93.84,0.02,200.0,0.024,2.0,100.76,0.12861,-0.45604,0.01687,0.00706,0.22374
10644.42,BTC-27SEP19,1564743541066,open,0.89,0.0,0.8455,0.9445,0.89207272,102.05,None,0.0,BTC-27SEP19-20000-P,10509.51,0.0,0.0045,11.0,1.441,0.2,499.82,6.4126,-5.85612,-29.46545,4e-05,-0.91619
10838.32,BTC-27DEC19,1564743541072,open,0.04,156.3,0.012,0.075,0.03955217,102.16,0.0345,0.0,BTC-27DEC19-26000-C,10509.51,100.77,0.0375,10.0,0.041,6.0,103.12,16.20041,-5.6341,4.92161,3e-05,0.1524
220.36,SYN.ETH-9AUG19,1564743541097,open,0.06,507.0,0.018,0.082,0.052113,93.83,0.05,0.0,ETH-9AUG19-220-C,220.08,88.13,0.049,310.0,0.058,310.0,104.62,0.1203,-0.82084,0.01987,0.01402,0.53068
10838.42,BTC-27DEC19,1564743541132,open,3.79,1.0,3.7045,3.9145,3.80405953,110.25,4.454,0.0,BTC-27DEC19-52000-P,10509.51,0.0,0.001,1.0,0.0,0.0,0.0,4.57495,-1.71701,-208.24914,1e-05,-0.9708
10576.81,SYN.BTC-30AUG19,1564743541136,open,0.61,0.0,0.5775,0.6585,0.61569478,106.63,None,0.0,BTC-30AUG19-17000-P,10509.51,0.0,0.0,0.0,0.0,0.0,0.0,3.99895,-7.6486,-12.47167,4e-05,-0.92827
220.64,SYN.ETH-16AUG19,1564743541149,open,0.0,0.155,0.245,0.201011,98.41,None,0.0,ETH-16AUG19-260-P,220.08,0.0,0.0,0.0,0.0,0.0,0.0,0.12861,-0.45604,-0.08197,0.00706,-0.77626
10576.81,SYN.BTC-30AUG19,1564743541159,open,0.02,548.7,0.0055,0.039,0.02006949,100.97,0.019,0.0,BTC-30AUG19-8000-P,10509.51,99.1,0.019,24.0,0.0215,34.0,103.43,6.08752,-11.02517,-1.18885,7e-05,-0.12711
220.36,SYN.ETH-9AUG19,1564743541188,open,0.05,39.0,0.017,0.083,0.050494,93.83,0.046,0.0,ETH-9AUG19-220-P,220.08,85.6,0.046,295.0,0.055,150.0,102.09,0.1203,-0.82084,-0.02158,0.01402,-0.46932
10543.01,SYN.BTC-16AUG19,1564743541215,open,0.0,0.02,0.0775,0.04863647,94.45,None,0.0,BTC-16AUG19-10000-P,10509.51,91.49,0.0465,24.0,0.051,34.0,97.71,7.63181,-25.97329,-1.60679,0.00019,-0.35226
10526.11,SYN.BTC-9AUG19,1564743541344,open,0.08,128.2,0.0475,0.1075,0.07941604,94.76,0.081,0.0,BTC-9AUG19-10000-C,10509.51,93.92,0.079,13.2,0.08,0.2,95.94,5.18666,-35.74096,1.18488,0.00026,0.67698
10527.2,SYN.BTC-9AUG19,1564743541364,open,0.11,0.1,0.0795,0.147,0.11390234,97.86,0.11,0.0,BTC-9AUG19-11500-P,10509.51,86.91,0.109,0.1,0.1155,0.1,101.31,4.84081,-34.44919,-1.65904,0.00024,-0.7227
10577.86,SYN.BTC-30AUG19,1564743541368,open,0.04,337.8,0.018,0.07,0.04295883,98.93,0.044,0.0,BTC-30AUG19-9000-P,10509.51,97.8,0.042,47.6,0.0445,11.0,100.75,8.95025,-15.88256,-2.23295,0.00011,-0.23345
220.64,SYN.ETH-16AUG19,1564743541411,open,110.0,0.001,0.029,0.011829,100.22,0.009,0.0,ETH-16AUG19-280-C,220.08,93.0,0.009,545.0,0.014,250.0,105.27,0.09149,-0.3304,0.01,0.00493,0.13101
10838.42,BTC-27DEC19,1564743541426,open,2.33,1.3,2.2605,2.4265,2.33860312,105.65,2.2,0.0,BTC-27DEC19-36000-P,10509.15,0.0,0.0005,1.0,0.0,0.0,0.0,9.50342,-3.41813,-142.43819,2e-05,-0.9273
10644.42,BTC-27SEP19,1564743541428,open,1.81,0.0,1.7635,1.881,1.8198761,107.03,None,0.0,BTC-27SEP19-30000-P,10509.15,0.0,0.0,0.0,0.0,0.0,0.0,1.27822,-1.22425,-45.75801,1e-05,-0.98824
10838.06,BTC-27DEC19,1564743541429,open,1.97,0.3,1.901,2.0595,1.97586805,104.33,1.875,0.0,BTC-27DEC19-32000-P,10509.15,0.0,0.0,0.0,0.0,0.0,0.0,11.70611,-4.1577,-125.59951,2e-05,-0.90404
10838.06,BTC-27DEC19,1564743541430,open,3.42,0.0,3.3435,3.54,3.4366661,109.14,None,0.0,BTC-27DEC19-48000-P,10509.15,0.0,0.0,0.0,6.0,1.0,500.0,5.39637,-2.00502,-191.93715,1e-05,-0.96432
10526.11,SYN.BTC-9AUG19,1564743541426,open,0.01,130.0,0.0005,0.022,0.00738206,97.58,0.0075,0.0,BTC-9AUG19-9000-P,10509.15,94.03,0.0065,30.5,0.0075,1.0,98.04,2.6834,-19.04148,-0.22906,0.00013,-0.10814
10526.11,SYN.BTC-9AUG19,1564743541426,open,0.01,337.0,0.0005,0.016,0.0040991,100.05,0.0065,0.0,BTC-9AUG19-13000-C,10509.15,93.66,0.003,0.5,0.004,0.5,99.51,1.96049,-14.26374,0.1326,9e-05,0.07097
10526.11,SYN.BTC-9AUG19,1564743541426,open,0.38,0.0,0.37,0.396,0.38276286,138.97,None,0.0,BTC-9AUG19-6500-C,10509.15,0.0,0.024,1.0,0.0,0.0,0.0,0.18494,-1.86901,1.21524,1e-05,0.99564
10526.11,SYN.BTC-9AUG19,1564743541434,open,0.12,53.8,0.085,0.1405,0.11378749,97.81,0.115,0.0,BTC-9AUG19-9500-C,10509.15,91.8,0.1115,9.3,0.0,0.0,0.0,4.08019,-29.02146,1.35483,0.0002,0.79706
220.36,SYN.ETH-9AUG19,1564743541449,open,0.03,283.0,0.003,0.046,0.021798,96.84,0.02,0.0,ETH-9AUG19-240-C,220.08,88.5,0.018,442.0,0.022,5.0,97.28,0.10221,-0.71984,0.01081,0.01154,0.28232
10644.42,BTC-27SEP19,1564743541451,open,0.54,34.4,0.4895,0.5915,0.53973317,100.14,0.6695,0.0,BTC-27SEP19-16000-P,10509.15,0.0,0.0045,10.0,1.1055,0.2,500.0,11.63359,-10.42487,-21.84294,7e-05,-0.80074
10644.42,BTC-27SEP19,1564743541460,open,0.77,55.9,0.7555,0.775,0.76538527,136.21,0.689,0.0,BTC-27SEP19-2500-C,10509.15,0.0,0.0045,11.0,0.8955,5.0,500.0,0.19311,-0.23538,3.79991,0.0,0.99858
10838.06,BTC-27DEC19,1564743541515,open,0.05,271.4,0.0165,0.0865,0.04807145,101.36,0.047,0.0,BTC-27DEC19-24000-C,10509.15,99.8,0.0455,8.9,0.0495,4.9,102.21,18.04713,-6.22715,5.75843,4e-05,0.18011
220.36,SYN.ETH-9AUG19,1564743541541,open,0.11,11.0,0.069,0.15,0.11094,96.84,0.123,0.0,ETH-9AUG19-240-P,220.08,83.62,0.105,50.0,0.114,50.0,103.36,0.10221,-0.71984,-0.0344,0.01154,-0.71768
10576.81,SYN.BTC-30AUG19,1564743541555,open,0.01,166.7,0.0005,0.023,0.00856367,107.05,0.008,0.0,BTC-30AUG19-17000-C,10509.15,102.73,0.007,24.0,0.0095,24.0,109.43,4.03902,-7.75538,0.51784,4e-05,0.07267
10576.81,SYN.BTC-30AUG19,1564743541572,open,0.01,166.7,0.0005,0.023,0.00856367,107.05,0.008,0.0,BTC-30AUG19-17000-C,10509.15,102.73,0.007,34.0,0.0095,24.0,109.43,4.03902,-7.75538,0.51784,4e-05,0.07267
220.36,SYN.ETH-9AUG19,1564743541632,open,0.02,287.0,0.001,0.034,0.013613,98.6,0.01,0.0,ETH-9AUG19-250-C,220.08,91.43,0.011,200.0,0.016,473.0,104.78,0.083,-0.59518,0.00747,0.0092,0.19354
220.64,SYN.ETH-16AUG19,1564743541656,open,10.0,0.001,0.023,0.008468,101.0,0.006,0.0,ETH-16AUG19-290-C,220.08,93.1,0.006,550.0,0.01,252.0,105.35,0.07471,-0.27192,0.00756,0.004,0.09858
10838.06,BTC-27DEC19,1564743541906,open,0.2,166.1,0.1405,0.251,0.20016614,95.32,0.182,0.0,BTC-27DEC19-12000-C,10509.15,93.66,0.196,3.6,0.204,3.6,96.85,27.18295,-8.82073,15.39928,6e-05,0.55326
10838.06,BTC-27DEC19,1564743541908,open,0.19,446.8,0.1335,0.2425,0.19074764,94.9,0.188,0.0,BTC-27DEC19-10000-P,10509.15,93.06,0.1865,4.9,0.1925,0.4,95.66,24.95509,-8.06225,-22.79358,6e-05,-0.33189
10543.01,SYN.BTC-16AUG19,1564743541910,open,0.0,0.066,0.1305,0.10023768,94.58,None,0.0,BTC-16AUG19-10000-C,10509.15,91.49,0.098,18.0,0.1035,18.0,99.08,7.6326,-26.01276,2.19397,0.00019,0.64764
10838.06,BTC-27DEC19,1564743541920,open,0.27,603.6,0.211,0.316,0.26809542,94.91,0.265,0.0,BTC-27DEC19-10000-C,10509.15,92.27,0.262,3.6,0.2705,3.6,95.96,24.9549,-8.06301,17.44564,6e-05,0.66811
10543.01,SYN.BTC-16AUG19,1564743541922,open,2.0,0.025,0.086,0.05639116,95.92,0.0585,0.0,BTC-16AUG19-11000-C,10509.15,92.17,0.0535,18.0,0.058,18.0,98.01,8.12819,-28.0952,1.56537,0.0002,0.44695
220.36,SYN.ETH-9AUG19,1564743542323,open,0.0,12.0,0.001,0.012,0.002329,109.81,0.003,0.0,ETH-9AUG19-290-C,220.08,95.73,0.001,1.0,0.003,250.0,115.03,0.02624,-0.20957,0.00158,0.00261,0.04034
220.36,SYN.ETH-9AUG19,1564743542413,open,0.31,0.0,0.278,0.362,0.318376,109.88,None,0.0,ETH-9AUG19-290-P,220.08,0.0,0.0,0.0,0.0,0.0,0.0,0.02629,-0.21007,-0.05305,0.00262,-0.95957
10838.12,BTC-27DEC19,1564743542427,open,0.18,165.8,0.115,0.226,0.17451203,95.96,0.177,0.0,BTC-27DEC19-13000-C,10509.28,94.37,0.1705,3.6,0.178,3.6,97.33,27.42748,-8.95938,14.29184,6e-05,0.50221
10644.22,BTC-27SEP19,1564743542427,open,0.0,124.2,0.0005,0.011,0.00123441,119.78,0.004,0.0,BTC-27SEP19-3750-P,10509.28,106.97,0.0005,1.0,0.002,39.0,128.34,0.80543,-0.86333,-0.1332,0.0,-0.00694
10644.22,BTC-27SEP19,1564743542427,open,0.0,325.9,0.0005,0.0125,0.00260179,105.53,0.0025,0.0,BTC-27SEP19-4750-P,10509.28,96.96,0.0015,39.0,0.0035,24.0,110.94,1.60978,-1.52015,-0.29271,1e-05,-0.01536
10838.12,BTC-27DEC19,1564743542427,open,0.01,201.3,0.0005,0.0275,0.0098852,107.96,0.011,0.0,BTC-27DEC19-44000-C,10509.28,105.52,0.0085,16.0,0.011,6.0,109.78,6.42892,-2.36286,1.49866,1e-05,0.04425
10838.12,BTC-27DEC19,1564743542427,open,0.06,237.5,0.0325,0.097,0.06443819,94.91,0.0625,0.0,BTC-27DEC19-7000-P,10509.28,92.59,0.061,6.0,0.065,6.0,95.28,16.18445,-5.22906,-9.44712,4e-05,-0.15218
10838.12,BTC-27DEC19,1564743542427,open,0.73,0.0,0.7165,0.736,0.72640535,103.76,None,0.0,BTC-27DEC19-3000-C,10509.28,0.0,0.0055,0.1,0.9715,0.5,500.0,2.03585,-0.71908,11.43998,0.0,0.98871
10644.22,BTC-27SEP19,1564743542428,open,0.0,1060.6,0.0005,0.0115,0.00173362,111.55,0.0025,0.0,BTC-27SEP19-4250-P,10509.28,103.31,0.001,34.0,0.0025,24.0,117.99,1.12197,-1.11999,-0.19322,1e-05,-0.01012
10644.22,BTC-27SEP19,1564743542428,open,0.01,391.3,0.0005,0.015,0.00544135,100.8,0.005,0.0,BTC-27SEP19-5500-P,10509.28,97.15,0.0045,39.0,0.0065,25.0,104.52,2.88461,-2.60201,-0.58812,2e-05,-0.03065
10838.25,BTC-27DEC19,1564743542428,open,1.08,3.9,1.0165,1.164,1.08884684,100.48,0.752,0.0,BTC-27DEC19-22000-P,10509.28,0.0,0.0065,2.0,1.872,0.3,500.0,20.04292,-6.85552,-81.76092,4e-05,-0.78584
10838.25,BTC-27DEC19,1564743542429,open,0.01,334.6,0.002,0.033,0.01276171,106.73,0.0145,0.0,BTC-27DEC19-40000-C,10509.28,104.16,0.011,16.0,0.014,6.0,108.42,7.74742,-2.81498,1.88165,2e-05,0.05591
10838.25,BTC-27DEC19,1564743542428,open,1.79,0.2,1.722,1.877,1.79551319,103.62,2.03,0.0,BTC-27DEC19-30000-P,10509.28,0.0,0.0,0.0,0.0,0.0,0.0,13.02832,-4.59582,-117.07128,3e-05,-0.88881
10838.25,BTC-27DEC19,1564743542429,open,0.14,310.6,0.079,0.1865,0.13528546,97.65,0.13,0.0,BTC-27DEC19-15000-C,10509.28,96.92,0.1335,2.0,0.137,3.6,98.34,26.80196,-8.90922,12.1953,6e-05,0.41491
10644.22,BTC-27SEP19,1564743542428,open,0.0,370.8,0.0005,0.012,0.00222825,109.23,0.002,0.0,BTC-27SEP19-4500-P,10509.28,102.93,0.0015,2.0,0.003,24.0,114.61,1.38778,-1.35641,-0.24702,1e-05,-0.01293
10644.22,BTC-27SEP19,1564743542429,open,0.56,13.5,0.5455,0.569,0.55635859,105.58,0.382,0.0,BTC-27SEP19-4750-C,10509.28,0.0,0.0045,11.0,0.657,5.0,298.95,1.61297,-1.52396,6.97807,1e-05,0.9846
10838.25,BTC-27DEC19,1564743542428,open,0.56,63.4,0.537,0.5795,0.55799489,95.87,0.5,0.0,BTC-27DEC19-5000-C,10509.28,0.0,0.33,1.0,0.575,1.0,116.23,7.91947,-2.58456,16.77002,2e-05,0.94251
10838.25,BTC-27DEC19,1564743542429,open,0.12,267.2,0.0645,0.168,0.11803582,97.67,0.119,0.0,BTC-27DEC19-16000-C,10509.28,96.2,0.1145,4.9,0.121,4.9,98.9,26.06866,-8.66781,11.20319,6e-05,0.37491
10644.22,BTC-27SEP19,1564743542430,open,0.01,524.4,0.0025,0.032,0.01331869,102.33,0.012,0.0,BTC-27SEP19-20000-C,10509.28,100.09,0.012,39.0,0.0145,24.0,104.23,6.45441,-5.91016,1.16057,4e-05,0.08454
10838.25,BTC-27DEC19,1564743542430,open,0.42,52.5,0.3795,0.4535,0.41856615,94.9,0.414,0.0,BTC-27DEC19-7000-C,10509.28,63.31,0.3765,1.0,0.55,0.1,176.8,16.18388,-5.22855,18.72167,4e-05,0.84783
10838.25,BTC-27DEC19,1564743542430,open,0.01,128.4,0.0005,0.015,0.00521438,100.11,0.0055,0.0,BTC-27DEC19-3500-P,10509.28,95.45,0.004,16.0,0.0065,16.0,104.41,3.04035,-1.03614,-1.01149,1e-05,-0.01798
10644.22,BTC-27SEP19,1564743542429,open,0.02,388.7,0.0055,0.0455,0.02196587,101.35,0.0215,0.0,BTC-27SEP19-18000-C,10509.28,98.93,0.02,38.9,0.023,24.0,102.59,8.80903,-7.98949,1.76,5e-05,0.12998
10838.25,BTC-27DEC19,1564743542430,open,0.44,57.0,0.3725,0.51,0.44426137,96.51,0.45,0.0,BTC-27DEC19-14000-P,10509.28,94.81,0.44,3.6,0.45,3.6,98.79,27.25666,-8.95484,-43.12715,6e-05,-0.5446
10542.69,SYN.BTC-16AUG19,1564743542427,open,0.0,0.0415,0.1055,0.0751218,94.27,None,0.0,BTC-16AUG19-10500-C,10509.28,91.53,0.073,18.0,0.0785,18.0,98.65,8.14744,-27.6778,1.88471,0.0002,0.54537
10644.22,BTC-27SEP19,1564743542430,open,0.01,286.9,0.0005,0.0165,0.00539683,104.84,0.0035,0.0,BTC-27SEP19-24000-C,10509.28,101.89,0.0045,15.0,0.006,24.0,106.65,3.4263,-3.2144,0.52779,2e-05,0.03779
10525.77,SYN.BTC-9AUG19,1564743542427,open,0.34,0.0,0.3215,0.351,0.33554349,130.76,None,0.0,BTC-9AUG19-7000-C,10509.28,0.0,0.023,1.0,0.0,0.0,0.0,0.35356,-3.36187,1.2995,1e-05,0.99093
10644.22,BTC-27SEP19,1564743542430,open,0.04,529.8,0.017,0.067,0.04099043,95.46,0.04,0.0,BTC-27SEP19-8000-P,10509.28,93.44,0.039,19.3,0.042,19.3,96.47,10.56695,-9.0262,-3.44956,6e-05,-0.17071
10644.22,BTC-27SEP19,1564743542430,open,0.63,227.5,0.6155,0.635,0.62545018,112.9,0.7065,0.0,BTC-27SEP19-4000-C,10509.28,0.0,0.111,3.0,0.6975,5.0,299.55,0.85386,-0.86264,5.98232,0.0,0.99258
10644.22,BTC-27SEP19,1564743542430,open,0.0,416.0,0.0005,0.011,0.00123392,112.81,0.001,0.0,BTC-27SEP19-4000-P,10509.28,100.69,0.0005,30.0,0.002,34.0,120.92,0.85062,-0.8587,-0.14041,0.0,-0.00738
10644.22,BTC-27SEP19,1564743542431,open,0.65,0.0,0.639,0.6585,0.64892551,119.72,None,0.0,BTC-27SEP19-3750-C,10509.28,0.0,0.0045,12.0,0.7115,10.0,298.98,0.80324,-0.8605,5.60788,0.0,0.99308
10838.25,BTC-27DEC19,1564743542431,open,0.52,59.3,0.495,0.545,0.52015715,95.49,0.51,0.0,BTC-27DEC19-5500-C,10509.28,0.0,0.255,1.0,0.96,5.0,500.0,9.96916,-3.24062,17.55142,2e-05,0.92259
10644.22,BTC-27SEP19,1564743542431,open,0.12,272.0,0.0725,0.155,0.11538467,95.47,0.1205,0.0,BTC-27SEP19-10000-P,10509.28,93.5,0.1125,19.3,0.118,19.3,97.25,15.606,-13.33177,-7.77399,9e-05,-0.36171
10644.22,BTC-27SEP19,1564743542431,open,0.0,326.9,0.0005,0.012,0.00234015,106.83,0.0025,0.0,BTC-27SEP19-28000-C,10509.28,101.12,0.0015,15.0,0.003,24.0,110.38,1.81253,-1.73266,0.24938,1e-05,0.01764
10838.25,BTC-27DEC19,1564743542431,open,0.02,137.0,0.0055,0.0515,0.0233791,104.4,0.0195,0.0,BTC-27DEC19-32000-C,10509.28,102.62,0.0215,10.0,0.0245,6.0,105.42,11.72475,-4.16683,3.17424,2e-05,0.09616
10644.22,BTC-27SEP19,1564743542431,open,0.0,421.4,0.0005,0.011,0.00127595,127.82,0.0015,0.0,BTC-27SEP19-3500-P,10509.28,113.69,0.0005,0.1,0.002,15.0,136.3,0.77862,-0.89058,-0.12962,0.0,-0.00668
10644.22,BTC-27SEP19,1564743542432,open,0.49,221.9,0.474,0.505,0.4887387,100.84,0.51,0.0,BTC-27SEP19-5500-C,10509.28,0.0,0.483,3.0,0.8315,5.0,500.0,2.88744,-2.60548,7.83076,2e-05,0.96931
10542.69,SYN.BTC-16AUG19,1564743542427,open,0.0,0.0005,0.0135,0.00356976,105.8,None,0.0,BTC-16AUG19-7500-P,10509.28,102.23,0.003,30.0,0.0045,10.0,111.02,1.76135,-6.71502,-0.17351,4e-05,-0.03972
10838.25,BTC-27DEC19,1564743542432,open,0.01,288.9,0.0005,0.019,0.008636,98.57,0.01,0.0,BTC-27DEC19-4000-P,10509.28,95.71,0.0075,6.0,0.01,16.1,101.77,4.45359,-1.49447,-1.60984,1e-05,-0.02828
10542.69,SYN.BTC-16AUG19,1564743542427,open,35.0,0.004,0.0435,0.02120889,98.06,0.022,0.0,BTC-16AUG19-12500-C,10509.28,95.01,0.0195,24.0,0.022,24.0,99.45,5.9782,-21.12446,0.7698,0.00014,0.21328
10542.69,SYN.BTC-16AUG19,1564743542427,open,0.5,0.0005,0.0225,0.0078637,101.88,0.0065,0.0,BTC-16AUG19-14000-C,10509.28,97.44,0.0065,30.0,0.0085,30.0,103.82,3.39289,-12.45547,0.3372,8e-05,0.092
10576.53,SYN.BTC-30AUG19,1564743542431,open,0.03,136.6,0.0075,0.0505,0.02651858,101.22,0.027,0.0,BTC-30AUG19-14000-C,10509.28,98.52,0.0245,19.3,0.0275,19.3,102.5,8.03751,-14.592,1.35413,9e-05,0.19416
10525.77,SYN.BTC-9AUG19,1564743542427,open,0.0,169.0,0.0005,0.0105,0.00055642,130.11,0.0005,0.0,BTC-9AUG19-7000-P,10509.28,0.0,0.0,0.0,0.001,10.1,141.1,0.34457,-3.26008,-0.01857,1e-05,-0.00881
10576.53,SYN.BTC-30AUG19,1564743542427,open,0.01,648.8,0.0005,0.0185,0.00624828,109.6,0.008,0.0,BTC-30AUG19-18000-C,10509.28,105.23,0.005,34.0,0.007,24.0,111.99,3.22061,-6.33124,0.38847,3e-05,0.05434
10542.69,SYN.BTC-16AUG19,1564743542427,open,24.0,0.008,0.055,0.02967262,97.24,0.0275,0.0,BTC-16AUG19-12000-C,10509.28,93.11,0.027,24.0,0.031,24.0,99.26,6.89827,-24.17146,0.9962,0.00017,0.27823
10576.53,SYN.BTC-30AUG19,1564743542429,open,0.44,0.0,0.4215,0.4505,0.43530005,108.92,None,0.0,BTC-30AUG19-6000-C,10509.28,0.0,0.0,0.0,0.0,0.0,0.0,1.4739,-2.87939,4.39187,2e-05,0.97902
10576.53,SYN.BTC-30AUG19,1564743542427,open,0.04,210.6,0.0145,0.068,0.04024083,100.04,0.04,0.0,BTC-30AUG19-13000-C,10509.28,97.58,0.038,19.3,0.0415,19.3,101.41,9.69259,-17.39201,1.86866,0.00011,0.27158
10576.53,SYN.BTC-30AUG19,1564743542429,open,0.14,167.7,0.096,0.1675,0.13432535,98.07,0.1335,0.0,BTC-30AUG19-10000-C,10509.28,96.31,0.1325,14.4,0.1385,14.4,102.08,10.99694,-19.34351,4.03571,0.00013,0.63395
10644.22,BTC-27SEP19,1564743542458,open,0.38,61.0,0.3245,0.429,0.37794116,99.49,0.4995,0.0,BTC-27SEP19-14000-P,10509.28,76.47,0.3485,5.0,0.9415,0.3,500.0,14.59286,-12.99111,-17.47935,8e-05,-0.69477
10644.22,BTC-27SEP19,1564743542471,open,0.54,34.4,0.4895,0.5915,0.53973307,100.12,0.6695,0.0,BTC-27SEP19-16000-P,10509.28,0.0,0.0045,10.0,1.106,0.2,500.0,11.63009,-10.41932,-21.84405,7e-05,-0.80084
220.64,SYN.ETH-16AUG19,1564743542510,open,6.0,0.002,0.029,0.012518,97.7,0.01,0.0,ETH-16AUG19-180-P,220.08,91.06,0.01,250.0,0.015,250.0,103.78,0.08717,-0.30689,-0.0113,0.00482,-0.12222
220.64,SYN.ETH-16AUG19,1564743542607,open,0.0,0.124,0.192,0.160469,97.38,None,0.0,ETH-16AUG19-190-C,220.08,0.0,0.0,0.0,0.0,0.0,0.0,0.11628,-0.40805,0.05458,0.00645,0.81121
220.64,SYN.ETH-16AUG19,1564743542815,open,0.0,0.088,0.16,0.127859,96.74,None,0.0,ETH-16AUG19-200-C,220.08,0.0,0.0,0.0,0.0,0.0,0.0,0.14205,-0.49519,0.05057,0.00793,0.73073
220.64,SYN.ETH-16AUG19,1564743542913,open,19.0,0.01,0.061,0.034318,96.76,0.032,0.0,ETH-16AUG19-200-P,220.08,91.57,0.031,200.0,0.037,4.0,100.9,0.14206,-0.49529,-0.02547,0.00793,-0.26929
220.64,SYN.ETH-16AUG19,1564743543010,open,0.0,0.06,0.133,0.099937,96.74,0.105,0.0,ETH-16AUG19-210-C,220.08,89.96,0.095,150.0,0.105,150.0,103.66,0.16106,-0.56148,0.04523,0.009,0.63922
10838.25,BTC-27DEC19,1564743543360,open,0.02,257.7,0.0065,0.036,0.01933076,95.87,0.0195,0.0,BTC-27DEC19-5000-P,10509.28,94.03,0.018,6.0,0.021,6.0,98.12,7.92044,-2.58508,-3.35057,2e-05,-0.0575
220.64,SYN.ETH-16AUG19,1564743543363,open,0.0,0.035,0.109,0.073476,96.6,0.068,0.0,ETH-16AUG19-220-P,220.08,90.81,0.069,150.0,0.078,294.0,102.45,0.1706,-0.59383,-0.04444,0.00954,-0.45635
10644.49,BTC-27SEP19,1564743543427,open,0.53,789.2,0.5215,0.5475,0.53373114,104.36,0.5015,0.0,BTC-27SEP19-5000-C,10509.15,0.0,0.051,2.0,0.645,5.0,299.65,2.01238,-1.87922,7.27274,1e-05,0.98005
10838.34,BTC-27DEC19,1564743543427,open,0.39,93.7,0.346,0.4265,0.38890214,94.91,0.324,0.0,BTC-27DEC19-7500-C,10509.15,0.0,0.211,0.1,0.413,2.5,109.1,18.08661,-5.84345,18.76983,4e-05,0.81927
10644.49,BTC-27SEP19,1564743543427,open,0.0,586.8,0.0005,0.0105,0.0007438,134.94,0.0005,0.0,BTC-27SEP19-3000-P,10509.15,0.0,0.0,0.0,0.003,15.0,164.17,0.47966,-0.57919,-0.07528,0.0,-0.00388
10644.49,BTC-27SEP19,1564743543427,open,0.0,49.2,0.0005,0.011,0.0011919,134.65,0.0015,0.0,BTC-27SEP19-3250-P,10509.15,0.0,0.0,0.0,0.003,15.0,154.31,0.70247,-0.84641,-0.11631,0.0,-0.00595
10838.34,BTC-27DEC19,1564743543427,open,3.79,1.0,3.705,3.9145,3.80463647,111.5,4.454,0.0,BTC-27DEC19-52000-P,10509.15,0.0,0.001,1.0,0.0,0.0,0.0,4.83151,-1.83383,-208.18609,1e-05,-0.96881
10838.34,BTC-27DEC19,1564743543427,open,0.77,0.0,0.7615,0.781,0.77131534,109.39,None,0.0,BTC-27DEC19-2500-C,10509.15,0.0,0.0135,3.1,0.9745,0.5,500.0,1.32844,-0.49471,9.67135,0.0,0.99307
10838.34,BTC-27DEC19,1564743543427,open,0.01,949.1,0.0005,0.021,0.00675639,111.28,0.006,0.0,BTC-27DEC19-52000-C,10509.15,110.69,0.0065,2.5,0.007,1.2,111.82,4.78601,-1.81299,1.05025,1e-05,0.03084
10838.34,BTC-27DEC19,1564743543427,open,0.45,63.0,0.416,0.482,0.45023302,94.9,0.4965,0.0,BTC-27DEC19-6500-C,10509.15,0.0,0.355,1.0,0.9565,2.0,500.0,14.15367,-4.57258,18.52518,3e-05,0.87499
10644.49,BTC-27SEP19,1564743543427,open,1.63,0.0,1.5795,1.692,1.63287547,107.21,None,0.0,BTC-27SEP19-28000-P,10509.15,0.0,0.0,0.0,0.0,0.0,0.0,1.84756,-1.77249,-42.60872,1e-05,-0.98196
10838.21,BTC-27DEC19,1564743543428,open,0.04,277.6,0.0155,0.062,0.03751985,94.91,0.0395,0.0,BTC-27DEC19-6000-P,10509.15,93.07,0.0355,6.0,0.039,6.0,96.23,12.04047,-3.89018,-5.98506,3e-05,-0.09971
10644.49,BTC-27SEP19,1564743543428,open,0.58,289.7,0.569,0.591,0.57946389,109.15,0.588,0.0,BTC-27SEP19-4500-C,10509.15,0.0,0.054,1.1,0.67,5.0,299.03,1.3837,-1.35146,6.64265,1e-05,0.98711
10644.49,BTC-27SEP19,1564743543428,open,0.45,713.5,0.4275,0.4645,0.4455005,99.96,0.362,0.0,BTC-27SEP19-6000-C,10509.15,0.0,0.009,11.0,0.7585,0.3,499.07,4.1798,-3.73881,8.24818,2e-05,0.95168
10838.21,BTC-27DEC19,1564743543428,open,0.02,390.0,0.0035,0.041,0.01705474,105.62,0.014,0.0,BTC-27DEC19-36000-C,10509.15,103.8,0.0155,6.0,0.0185,6.0,107.23,9.49331,-3.41339,2.42249,2e-05,0.0726
10838.21,BTC-27DEC19,1564743543428,open,0.03,91.2,0.0105,0.0485,0.02762749,95.5,0.0285,0.0,BTC-27DEC19-5500-P,10509.15,94.26,0.0265,1.0,0.029,6.0,96.98,9.97026,-3.24128,-4.58139,2e-05,-0.07742
10525.92,SYN.BTC-9AUG19,1564743543427,open,0.03,99.1,0.007,0.0545,0.0293839,94.64,0.029,0.0,BTC-9AUG19-10000-P,10509.15,91.83,0.028,1.0,0.031,0.2,97.92,5.18594,-35.6923,-0.69857,0.00026,-0.32293
10644.49,BTC-27SEP19,1564743543429,open,0.7,0.0,0.686,0.7055,0.69586187,134.53,None,0.0,BTC-27SEP19-3250-C,10509.15,0.0,0.0045,11.0,0.877,5.0,500.0,0.6994,-0.84198,4.85953,0.0,0.99408
10542.86,SYN.BTC-16AUG19,1564743543427,open,0.0,0.3035,0.372,0.33579511,101.93,None,0.0,BTC-16AUG19-14000-P,10509.15,0.0,0.0005,1.0,0.0,0.0,0.0,3.39681,-12.47626,-4.98448,8e-05,-0.90786
10838.21,BTC-27DEC19,1564743543429,open,0.03,291.2,0.007,0.0575,0.02749153,103.58,0.024,0.0,BTC-27DEC19-30000-C,10509.15,101.89,0.0255,6.0,0.029,6.0,104.82,13.01697,-4.59009,3.64463,3e-05,0.11106
10644.49,BTC-27SEP19,1564743543429,open,0.11,710.2,0.061,0.143,0.10407927,96.9,0.106,0.0,BTC-27SEP19-12000-C,10509.15,94.91,0.101,11.9,0.1065,14.4,98.47,16.48244,-14.29269,5.63096,0.0001,0.44964
10644.49,BTC-27SEP19,1564743543430,open,0.29,899.9,0.256,0.32,0.28941278,95.45,0.2375,0.0,BTC-27SEP19-8000-C,10509.15,0.0,0.14,2.0,0.3165,5.0,121.21,10.56594,-9.02442,8.79785,6e-05,0.82932
10644.49,BTC-27SEP19,1564743543430,open,0.81,28.2,0.8025,0.822,0.81215138,133.86,0.755,0.0,BTC-27SEP19-2000-C,10509.15,0.0,0.01,2.0,0.91,5.0,500.0,0.04264,-0.05108,3.0565,0.0,0.99972
10838.21,BTC-27DEC19,1564743543430,open,0.0,208.8,0.0005,0.0115,0.00198254,109.43,0.0015,0.0,BTC-27DEC19-2500-P,10509.15,99.58,0.001,20.0,0.003,16.0,116.66,1.33041,-0.49561,-0.38934,0.0,-0.00694
10525.92,SYN.BTC-9AUG19,1564743543427,open,0.01,301.0,0.0005,0.022,0.00697171,97.96,0.006,0.0,BTC-9AUG19-12500-C,10509.15,94.14,0.006,0.5,0.007,0.6,98.07,2.76773,-19.71673,0.21005,0.00014,0.11291
10644.49,BTC-27SEP19,1564743543430,open,1.07,0.2,1.028,1.1285,1.0752826,103.85,1.391,0.0,BTC-27SEP19-22000-P,10509.15,0.0,0.0045,11.0,0.0,0.0,0.0,4.74148,-4.40614,-32.89386,3e-05,-0.94336
10542.86,SYN.BTC-16AUG19,1564743543427,open,0.0,0.1805,0.2295,0.20506108,98.47,None,0.0,BTC-16AUG19-8500-C,10509.15,0.0,0.021,1.0,0.0,0.0,0.0,3.9067,-13.86237,2.73858,9e-05,0.88835
10576.73,SYN.BTC-30AUG19,1564743543427,open,0.01,867.3,0.0005,0.0195,0.00802859,104.54,0.0075,0.0,BTC-30AUG19-7000-P,10509.15,104.45,0.008,5.0,0.0085,1.0,105.99,3.38343,-6.34438,-0.53211,4e-05,-0.05785
10542.86,SYN.BTC-16AUG19,1564743543427,open,0.0,0.137,0.193,0.16613321,97.32,None,0.0,BTC-16AUG19-9000-C,10509.15,0.0,0.01,1.0,0.0,0.0,0.0,5.32779,-18.68347,2.63463,0.00013,0.82349
10525.92,SYN.BTC-9AUG19,1564743543427,open,0.24,0.0,0.2115,0.2705,0.23915364,100.1,None,0.0,BTC-9AUG19-13000-P,10509.15,0.0,0.03,1.0,0.0,0.0,0.0,1.96232,-14.28405,-2.31612,9e-05,-0.92894
10576.73,SYN.BTC-30AUG19,1564743543430,open,0.35,0.0,0.309,0.3925,0.35019896,101.24,None,0.0,BTC-30AUG19-14000-P,10509.15,0.0,0.0,0.0,0.0,0.0,0.0,8.03991,-14.59961,-9.33734,9e-05,-0.80575
10525.92,SYN.BTC-9AUG19,1564743543427,open,0.0,371.9,0.0005,0.011,0.00100007,119.88,0.0005,0.0,BTC-9AUG19-7500-P,10509.15,108.72,0.0005,4.2,0.0015,1.0,127.8,0.58099,-5.06488,-0.03388,2e-05,-0.01609
10542.86,SYN.BTC-16AUG19,1564743543427,open,0.0,0.258,0.328,0.29143489,100.6,None,0.0,BTC-16AUG19-13500-P,10509.15,0.0,0.0,0.0,0.0,0.0,0.0,4.17269,-15.12582,-4.68491,0.0001,-0.87748
10576.73,SYN.BTC-30AUG19,1564743543429,open,0.27,21.0,0.237,0.2895,0.26369654,100.98,0.2375,0.0,BTC-30AUG19-8000-C,10509.15,0.0,0.0,0.0,0.0,0.0,0.0,6.08798,-11.02657,4.92075,7e-05,0.87288
10542.86,SYN.BTC-16AUG19,1564743543427,open,0.0,0.13,0.2045,0.16789409,97.25,None,0.0,BTC-16AUG19-12000-P,10509.15,0.0,0.02,1.0,0.0,0.0,0.0,6.89902,-24.17642,-3.56548,0.00017,-0.72171
10525.92,SYN.BTC-9AUG19,1564743543427,open,0.0,74.9,0.0005,0.016,0.00439213,107.73,0.005,0.0,BTC-9AUG19-8500-P,10509.15,105.4,0.004,6.0,0.005,10.5,111.14,1.81613,-14.22745,-0.13618,8e-05,-0.06429
10644.36,BTC-27SEP19,1564743543434,open,0.0,1660.1,0.0005,0.0105,4.78e-06,135.0,0.0005,0.0,BTC-27SEP19-1500-P,10509.15,0.0,0.0,0.0,0.001,92.1,215.38,0.00618,-0.00747,-0.00065,0.0,-4e-05
10542.86,SYN.BTC-16AUG19,1564743543428,open,0.0,0.2745,0.3115,0.29217788,105.75,None,0.0,BTC-16AUG19-7500-C,10509.15,0.0,0.0,0.0,0.0,0.0,0.0,1.75869,-6.70143,2.678,4e-05,0.96035
10525.92,SYN.BTC-9AUG19,1564743543427,open,0.0,15.7,0.0005,0.0105,0.00021128,135.0,0.0005,0.0,BTC-9AUG19-6500-P,10509.15,0.0,0.0,0.0,0.001,50.0,163.67,0.15289,-1.50096,-0.00741,1e-05,-0.00353
10542.86,SYN.BTC-16AUG19,1564743543427,open,1.0,0.0045,0.0405,0.01980511,97.34,0.019,0.0,BTC-16AUG19-9000-P,10509.15,94.74,0.0185,24.0,0.021,34.0,99.69,5.32878,-18.69202,-0.78703,0.00013,-0.17656
10542.86,SYN.BTC-16AUG19,1564743543427,open,0.0,0.2135,0.285,0.24828954,99.28,None,0.0,BTC-16AUG19-13000-P,10509.15,0.0,0.0,0.0,0.0,0.0,0.0,5.04608,-18.05227,-4.35301,0.00012,-0.83781
10525.92,SYN.BTC-9AUG19,1564743543427,open,0.2,2.4,0.1765,0.219,0.19685032,107.66,0.2,0.0,BTC-9AUG19-8500-C,10509.15,0.0,0.02,1.0,0.0,0.0,0.0,1.81382,-14.20076,1.46524,8e-05,0.93582
10542.86,SYN.BTC-16AUG19,1564743543427,open,0.0,0.098,0.16,0.13080729,95.71,None,0.0,BTC-16AUG19-9500-C,10509.15,0.0,0.001,1.0,0.0,0.0,0.0,6.63276,-22.87536,2.45211,0.00016,0.74262
10525.92,SYN.BTC-9AUG19,1564743543427,open,0.24,0.0,0.2245,0.261,0.24181383,110.53,None,0.0,BTC-9AUG19-8000-C,10509.15,0.0,0.021,1.0,0.0,0.0,0.0,0.97588,-7.84392,1.44438,4e-05,0.97026
10525.92,SYN.BTC-9AUG19,1564743543427,open,0.28,0.0,0.258,0.317,0.2852829,104.6,None,0.0,BTC-9AUG19-13500-P,10509.15,0.0,0.04,1.0,0.0,0.0,0.0,1.44928,-11.02389,-2.45272,7e-05,-0.9517
10644.36,BTC-27SEP19,1564743543432,open,1.26,0.2,1.2115,1.315,1.26014101,104.93,1.6,0.0,BTC-27SEP19-24000-P,10509.15,0.0,0.0,0.0,0.0,0.0,0.0,3.4378,-3.22792,-36.21034,2e-05,-0.96206
10644.49,BTC-27SEP19,1564743543441,open,0.38,61.0,0.3245,0.4295,0.37796119,99.52,0.4995,0.0,BTC-27SEP19-14000-P,10509.15,76.49,0.3485,5.0,0.941,0.3,500.0,14.59602,-12.99843,-17.47797,8e-05,-0.69463
10644.49,BTC-27SEP19,1564743543460,open,0.54,34.4,0.4895,0.5915,0.53975817,100.17,0.6695,0.0,BTC-27SEP19-16000-P,10509.15,0.0,0.0045,10.0,1.1055,0.2,500.0,11.63757,-10.43165,-21.84168,7e-05,-0.80063
220.64,SYN.ETH-16AUG19,1564743543463,open,0.0,0.023,0.089,0.057781,97.27,None,0.0,ETH-16AUG19-230-C,220.08,91.07,0.053,342.0,0.062,342.0,102.73,0.17031,-0.59695,0.03295,0.00946,0.45058
220.36,SYN.ETH-9AUG19,1564743543466,open,0.0,264.0,0.001,0.014,0.003842,99.95,0.002,0.0,ETH-9AUG19-180-P,220.08,76.79,0.001,251.0,0.004,1.0,100.89,0.03667,-0.26655,-0.00271,0.00401,-0.06138
220.36,SYN.ETH-9AUG19,1564743543565,open,0.15,200.0,0.114,0.176,0.14683,99.93,0.109,0.0,ETH-9AUG19-190-C,220.08,0.0,0.0,0.0,0.0,0.0,0.0,0.06233,-0.45296,0.03022,0.00682,0.87479
220.36,SYN.ETH-9AUG19,1564743543648,open,0.01,157.0,0.001,0.026,0.009068,99.95,0.008,0.0,ETH-9AUG19-190-P,220.08,96.08,0.008,3.0,0.01,250.0,103.18,0.06234,-0.45312,-0.00558,0.00682,-0.12524
220.64,SYN.ETH-16AUG19,1564743543650,open,1.0,0.014,0.072,0.043137,98.01,0.044,0.0,ETH-16AUG19-240-C,220.08,90.95,0.038,419.0,0.046,200.0,101.9,0.16173,-0.57122,0.02702,0.00892,0.36522
224.99,ETH-27DEC19,1564743543690,open,0.23,561.0,0.16,0.275,0.225272,100.06,0.205,0.0,ETH-27DEC19-240-C,220.08,99.14,0.223,100.0,0.23,203.0,101.97,0.5563,-0.18949,0.32601,0.00273,0.58536
221.21,SYN.ETH-30AUG19,1564743543690,open,0.02,479.0,0.003,0.036,0.016891,105.29,0.014,0.0,ETH-30AUG19-320-C,220.08,100.15,0.014,617.0,0.019,200.0,108.79,0.12975,-0.24503,0.01921,0.0033,0.13062
10644.5,BTC-27SEP19,1564743543694,open,0.36,748.2,0.3375,0.387,0.36243621,96.05,0.3185,0.0,BTC-27SEP19-7000-C,10509.15,0.0,0.2,1.0,0.4025,5.0,145.0,7.10739,-6.10874,8.82069,4e-05,0.90375
222.34,ETH-27SEP19,1564743543701,open,0.03,7464.0,0.013,0.06,0.035598,98.82,0.045,0.0,ETH-27SEP19-160-P,220.08,94.78,0.032,1.0,0.038,471.0,101.45,0.20117,-0.17788,-0.06255,0.00269,-0.14816
222.34,ETH-27SEP19,1564743543703,open,0.4,769.0,0.343,0.467,0.407196,100.4,0.45,0.0,ETH-27SEP19-300-P,220.08,0.0,0.048,1.0,0.97,5.0,499.47,0.29566,-0.26564,-0.38174,0.00389,-0.71436
222.34,ETH-27SEP19,1564743543709,open,0.48,497.0,0.421,0.546,0.484519,101.05,0.51,0.0,ETH-27SEP19-320-P,220.08,0.0,0.0,0.0,1.39,1.0,500.0,0.26717,-0.24158,-0.42538,0.00349,-0.76525
222.34,ETH-27SEP19,1564743543712,open,0.2,2475.0,0.144,0.252,0.202186,98.84,0.28,0.0,ETH-27SEP19-240-P,220.08,94.87,0.196,120.0,0.208,120.0,102.56,0.34705,-0.30694,-0.23958,0.00464,-0.50171
222.34,ETH-27SEP19,1564743543729,open,0.05,1793.0,0.016,0.075,0.045217,100.99,0.046,0.0,ETH-27SEP19-320-C,220.08,99.13,0.043,265.0,0.047,160.0,102.47,0.26706,-0.24135,0.06445,0.00349,0.23457
222.34,ETH-27SEP19,1564743543729,open,0.21,1287.0,0.152,0.24,0.201142,98.79,0.192,0.0,ETH-27SEP19-200-C,220.08,0.0,0.0,0.0,0.425,11.0,262.69,0.31117,-0.27508,0.16293,0.00416,0.67983
222.34,ETH-27SEP19,1564743543729,open,0.01,4710.0,0.001,0.02,0.007708,106.69,0.007,0.0,ETH-27SEP19-480-C,220.08,102.21,0.006,300.0,0.009,140.0,109.69,0.09119,-0.08705,0.01474,0.00113,0.05103
222.34,ETH-27SEP19,1564743543729,open,0.1,3345.0,0.057,0.14,0.100706,98.82,0.12,0.0,ETH-27SEP19-200-P,220.08,94.74,0.095,342.0,0.105,341.0,101.89,0.31117,-0.27516,-0.14326,0.00416,-0.32018
221.21,SYN.ETH-30AUG19,1564743543729,open,0.03,481.0,0.006,0.047,0.024449,103.69,0.024,0.0,ETH-30AUG19-300-C,220.08,98.78,0.021,563.0,0.027,443.0,107.16,0.15973,-0.29708,0.02607,0.00412,0.17879
222.34,ETH-27SEP19,1564743543741,open,0.0,7915.0,0.001,0.011,0.000998,117.98,0.001,0.0,ETH-27SEP19-760-C,220.08,0.0,0.0,0.0,0.002,100.0,127.4,0.01803,-0.01904,0.00222,0.0002,0.00751
221.21,SYN.ETH-30AUG19,1564743543741,open,0.22,0.0,0.175,0.276,0.227966,101.06,0.218,0.0,ETH-30AUG19-260-P,220.08,79.18,0.207,120.0,1.172,1.0,500.0,0.22148,-0.40147,-0.15164,0.00586,-0.66964
221.21,SYN.ETH-30AUG19,1564743543741,open,0.63,0.0,0.582,0.693,0.635834,108.71,None,0.0,ETH-30AUG19-360-P,220.08,0.0,0.0,0.0,0.0,0.0,0.0,0.08267,-0.1612,-0.26442,0.00204,-0.92934
222.34,ETH-27SEP19,1564743543743,open,0.64,233.0,0.583,0.712,0.647278,102.48,0.763,0.0,ETH-27SEP19-360-P,220.08,89.27,0.636,45.0,0.0,0.0,0.0,0.21022,-0.19279,-0.50679,0.00271,-0.84166
220.36,SYN.ETH-9AUG19,1564743543743,open,0.12,305.0,0.073,0.141,0.110083,98.11,0.106,0.0,ETH-9AUG19-200-C,220.08,0.0,0.0,0.0,0.334,3.0,500.0,0.08851,-0.63146,0.02799,0.00986,0.78442
224.99,ETH-27DEC19,1564743543746,open,0.06,746.0,0.021,0.096,0.057848,103.98,0.055,0.0,ETH-27DEC19-480-C,220.08,101.25,0.053,394.0,0.062,150.0,106.24,0.40713,-0.14411,0.13448,0.00192,0.20638
221.21,SYN.ETH-30AUG19,1564743543746,open,0.46,0.0,0.411,0.518,0.46353,105.34,None,0.0,ETH-30AUG19-320-P,220.08,0.0,0.0,0.0,0.0,0.0,0.0,0.12986,-0.24537,-0.22515,0.0033,-0.86922
224.99,ETH-27DEC19,1564743543750,open,0.55,83.0,0.472,0.635,0.558529,101.09,0.626,0.0,ETH-27DEC19-320-P,220.08,96.8,0.548,110.0,0.568,30.0,104.92,0.55468,-0.19088,-1.04024,0.00269,-0.59045
221.21,SYN.ETH-30AUG19,1564743543752,open,0.38,0.0,0.349,0.394,0.371789,101.03,None,0.0,ETH-30AUG19-140-C,220.08,0.0,0.0,0.0,0.0,0.0,0.0,0.0502,-0.09098,0.09976,0.00133,0.9623
220.64,SYN.ETH-16AUG19,1564743543756,open,0.0,0.085,0.173,0.130888,98.03,None,0.0,ETH-16AUG19-240-P,220.08,89.93,0.125,150.0,0.135,150.0,103.61,0.16174,-0.57133,-0.06422,0.00892,-0.63474
10838.21,BTC-27DEC19,1564743543771,open,0.91,5.7,0.8455,0.9925,0.91861494,99.55,1.085,0.0,BTC-27DEC19-20000-P,10509.15,0.0,0.0045,5.0,1.466,1.0,336.68,22.14063,-7.50308,-72.49353,5e-05,-0.74359
10644.5,BTC-27SEP19,1564743543773,open,0.23,377.8,0.1865,0.2625,0.22730807,95.45,0.2205,0.0,BTC-27SEP19-9000-C,10509.15,80.87,0.209,5.0,0.2855,0.1,140.06,13.57187,-11.59218,8.31591,8e-05,0.73764
10838.21,BTC-27DEC19,1564743543773,open,0.36,202.5,0.3145,0.4015,0.36117117,94.91,0.365,0.0,BTC-27DEC19-8000-C,10509.15,36.86,0.271,0.1,0.999,0.1,500.0,19.83138,-6.40736,18.68913,4e-05,0.78969
222.34,ETH-27SEP19,1564743543780,open,0.98,0.0,0.925,1.062,0.990633,105.48,None,0.0,ETH-27SEP19-440-P,220.08,0.0,0.0,0.0,0.0,0.0,0.0,0.12172,-0.11488,-0.6524,0.00152,-0.92613
222.34,ETH-27SEP19,1564743543780,open,0.26,779.0,0.209,0.29,0.253732,98.79,0.227,0.0,ETH-27SEP19-180-C,220.08,0.0,0.19,40.0,0.609,10.0,397.88,0.26396,-0.23334,0.17582,0.00353,0.77029
222.34,ETH-27SEP19,1564743543782,open,0.08,2100.0,0.035,0.11,0.07468,100.07,0.067,0.0,ETH-27SEP19-280-C,220.08,98.21,0.072,235.0,0.077,160.0,101.67,0.32123,-0.28764,0.09272,0.00424,0.34709
222.34,ETH-27SEP19,1564743543786,open,0.0,2794.0,0.001,0.014,0.004078,111.07,0.003,0.0,ETH-27SEP19-560-C,220.08,100.85,0.002,400.0,0.006,500.0,117.75,0.05618,-0.05584,0.0082,0.00067,0.02818
222.34,ETH-27SEP19,1564743543792,open,0.0,3439.0,0.001,0.011,0.001379,112.9,0.003,0.0,ETH-27SEP19-680-C,220.08,0.0,0.0,0.0,0.002,301.0,117.9,0.02409,-0.02434,0.00309,0.00028,0.01045
222.34,ETH-27SEP19,1564743543861,open,0.33,968.0,0.271,0.391,0.334069,100.1,0.38,0.0,ETH-27SEP19-280-P,220.08,0.0,0.001,20.0,0.0,0.0,0.0,0.32127,-0.28779,-0.3359,0.00424,-0.6528
222.34,ETH-27SEP19,1564743543862,open,0.02,4319.0,0.004,0.038,0.017832,103.88,0.013,0.0,ETH-27SEP19-400-C,220.08,101.28,0.016,300.0,0.019,200.0,105.48,0.16056,-0.14926,0.03042,0.00204,0.10719
222.34,ETH-27SEP19,1564743543862,open,0.32,392.0,0.278,0.347,0.315947,98.78,0.51,0.0,ETH-27SEP19-160-C,220.08,0.0,0.136,42.0,0.0,0.0,0.0,0.20112,-0.17777,0.18242,0.00269,0.85189
224.99,ETH-27DEC19,1564743543862,open,0.03,498.0,0.006,0.051,0.025212,107.64,0.025,0.0,ETH-27DEC19-680-C,220.08,103.68,0.021,300.0,0.029,352.0,110.9,0.25146,-0.09214,0.0682,0.00115,0.10054
222.34,ETH-27SEP19,1564743543862,open,2.22,0.0,2.145,2.342,2.239431,115.31,None,0.0,ETH-27SEP19-720-P,220.08,0.0,0.0,0.0,0.0,0.0,0.0,0.02049,-0.02114,-1.09964,0.00023,-0.99132
222.34,ETH-27SEP19,1564743543863,open,0.39,191.0,0.358,0.414,0.387427,98.77,0.5,0.0,ETH-27SEP19-140-C,220.08,0.0,0.0,0.0,0.0,0.0,0.0,0.13204,-0.1167,0.18051,0.00177,0.91777
224.99,ETH-27DEC19,1564743543862,open,0.18,2181.0,0.122,0.235,0.183565,100.06,0.174,0.0,ETH-27DEC19-200-P,220.08,96.23,0.175,140.0,0.188,336.0,102.05,0.50176,-0.17091,-0.44462,0.00246,-0.30753
221.21,SYN.ETH-30AUG19,1564743543862,open,0.03,611.0,0.011,0.056,0.031956,98.94,0.029,0.0,ETH-30AUG19-180-P,220.08,94.9,0.029,415.0,0.034,160.0,101.67,0.16403,-0.29108,-0.03691,0.00444,-0.18655
221.21,SYN.ETH-30AUG19,1564743543862,open,0.06,353.0,0.021,0.083,0.052572,101.03,0.048,0.0,ETH-30AUG19-260-C,220.08,97.44,0.049,236.0,0.056,396.0,104.44,0.22146,-0.40133,0.04692,0.00587,0.33029
222.34,ETH-27SEP19,1564743543863,open,0.02,7790.0,0.005,0.033,0.017121,98.81,0.019,0.0,ETH-27SEP19-140-P,220.08,93.34,0.014,301.0,0.019,200.0,101.91,0.13213,-0.11683,-0.03384,0.00177,-0.0823
224.99,ETH-27DEC19,1564743543863,open,0.29,798.0,0.218,0.354,0.291986,100.06,0.297,0.0,ETH-27DEC19-240-P,220.08,96.84,0.284,120.0,0.298,2.0,102.5,0.5563,-0.18949,-0.63975,0.00273,-0.41464
222.34,ETH-27SEP19,1564743543864,open,0.0,3419.0,0.001,0.012,0.002014,112.74,0.003,0.0,ETH-27SEP19-640-C,220.08,104.01,0.001,50.0,0.003,137.0,118.58,0.0325,-0.03279,0.00434,0.00038,0.01477
222.34,ETH-27SEP19,1564743543864,open,0.13,1827.0,0.074,0.162,0.122709,98.81,0.117,0.0,ETH-27SEP19-240-C,220.08,95.79,0.118,197.0,0.127,120.0,101.56,0.34705,-0.30685,0.12782,0.00464,0.49824
224.99,ETH-27DEC19,1564743543864,open,0.1,1570.0,0.054,0.136,0.097308,100.06,0.091,0.0,ETH-27DEC19-160-P,220.08,96.46,0.091,139.0,0.099,40.0,101.02,0.39526,-0.13464,-0.26594,0.00194,-0.19644
222.34,ETH-27SEP19,1564743543864,open,0.0,2060.0,0.001,0.011,0.001866,124.62,0.003,0.0,ETH-27SEP19-80-P,220.08,0.0,0.0,0.0,0.005,300.0,146.71,0.02245,-0.02504,-0.00392,0.00024,-0.00964
222.34,ETH-27SEP19,1564743543864,open,0.56,347.0,0.501,0.628,0.564761,101.73,0.565,0.0,ETH-27SEP19-340-P,220.08,0.0,0.0,0.0,1.19,1.0,500.0,0.2381,-0.21675,-0.46701,0.00309,-0.80733
220.36,SYN.ETH-9AUG19,1564743543863,open,0.02,352.0,0.002,0.04,0.017702,98.12,0.019,0.0,ETH-9AUG19-200-P,220.08,88.65,0.014,447.0,0.018,5.0,98.86,0.08851,-0.63159,-0.00968,0.00986,-0.2156
222.34,ETH-27SEP19,1564743543865,open,0.01,2471.0,0.002,0.027,0.011593,105.31,0.01,0.0,ETH-27SEP19-440-C,220.08,102.27,0.01,300.0,0.013,310.0,107.82,0.12121,-0.11423,0.02106,0.00152,0.07346
221.21,SYN.ETH-30AUG19,1564743543865,open,0.01,2560.0,0.001,0.022,0.008366,108.61,0.008,0.0,ETH-30AUG19-360-C,220.08,101.68,0.006,500.0,0.01,200.0,112.78,0.08248,-0.16067,0.01049,0.00203,0.07044
221.21,SYN.ETH-30AUG19,1564743543866,open,0.01,708.0,0.001,0.014,0.004694,101.1,0.008,0.0,ETH-30AUG19-140-P,220.08,92.72,0.003,450.0,0.006,200.0,106.47,0.05029,-0.09118,-0.00718,0.00133,-0.03778
222.34,ETH-27SEP19,1564743543871,open,0.03,2762.0,0.008,0.053,0.028063,102.41,0.028,0.0,ETH-27SEP19-360-C,220.08,100.19,0.026,288.0,0.03,160.0,104.43,0.21,-0.19244,0.04425,0.00271,0.15808
224.99,ETH-27DEC19,1564743543872,open,0.41,432.0,0.337,0.489,0.418786,100.55,0.441,0.0,ETH-27DEC19-280-P,220.08,97.08,0.41,120.0,0.426,120.0,103.4,0.56922,-0.19485,-0.84049,0.00278,-0.50957
221.21,SYN.ETH-30AUG19,1564743543871,open,0.3,0.0,0.248,0.352,0.301534,102.24,None,0.0,ETH-30AUG19-280-P,220.08,0.0,0.0,0.0,0.0,0.0,0.0,0.19184,-0.35182,-0.17863,0.00502,-0.7558
224.99,ETH-27DEC19,1564743543873,open,0.02,1224.0,0.005,0.046,0.02154,107.98,0.025,0.0,ETH-27DEC19-720-C,220.08,103.19,0.017,350.0,0.025,50.0,111.27,0.22715,-0.0835,0.05981,0.00103,0.0876
224.99,ETH-27DEC19,1564743543873,open,0.18,216.0,0.11,0.225,0.174286,100.55,0.157,0.0,ETH-27DEC19-280-C,220.08,99.25,0.171,100.0,0.18,339.0,102.81,0.56922,-0.19485,0.28622,0.00278,0.49043
224.99,ETH-27DEC19,1564743543873,open,2.38,0.0,2.284,2.518,2.396653,108.55,None,0.0,ETH-27DEC19-760-P,220.08,0.0,0.001,100.0,0.0,0.0,0.0,0.20674,-0.0764,-3.0052,0.00093,-0.9227
222.34,ETH-27SEP19,1564743543874,open,0.0,2697.0,0.001,0.011,0.001001,113.65,0.001,0.0,ETH-27SEP19-720-C,220.08,0.0,0.0,0.0,0.002,242.0,122.8,0.01856,-0.01887,0.0023,0.00022,0.00776
222.34,ETH-27SEP19,1564743543874,open,0.02,1897.0,0.005,0.044,0.022306,103.15,0.023,0.0,ETH-27SEP19-380-C,220.08,100.29,0.02,296.0,0.024,200.0,105.16,0.18406,-0.16989,0.03667,0.00236,0.13003
224.99,ETH-27DEC19,1564743543874,open,0.05,936.0,0.016,0.083,0.047887,104.61,0.036,0.0,ETH-27DEC19-520-C,220.08,101.57,0.043,401.0,0.052,150.0,107.08,0.36926,-0.1315,0.11601,0.00173,0.17602
10838.21,BTC-27DEC19,1564743543873,open,0.31,171.1,0.2585,0.356,0.31123837,94.91,0.286,0.0,BTC-27DEC19-9000-C,10509.15,83.6,0.2875,5.0,0.3255,0.2,101.7,22.77552,-7.35858,18.21883,5e-05,0.72898
221.21,SYN.ETH-30AUG19,1564743543874,open,0.37,0.0,0.327,0.433,0.380672,103.73,None,0.0,ETH-30AUG19-300-P,220.08,0.0,0.0,0.0,0.0,0.0,0.0,0.1598,-0.29734,-0.20302,0.00412,-0.82108
222.34,ETH-27SEP19,1564743543874,open,0.04,1836.0,0.011,0.063,0.035502,101.67,0.041,0.0,ETH-27SEP19-340-C,220.08,100.25,0.034,278.0,0.037,160.0,103.06,0.23793,-0.21646,0.05342,0.00309,0.19245
222.34,ETH-27SEP19,1564743543875,open,1.15,0.0,1.098,1.241,1.166661,106.92,None,0.0,ETH-27SEP19-480-P,220.08,0.0,0.0,0.0,0.0,0.0,0.0,0.09186,-0.08789,-0.71993,0.00114,-0.94849
224.99,ETH-27DEC19,1564743543875,open,0.7,241.0,0.619,0.789,0.708218,101.85,0.986,0.0,ETH-27DEC19-360-P,220.08,78.36,0.657,110.0,0.765,110.0,125.32,0.52465,-0.1819,-1.23609,0.00253,-0.65708
221.21,SYN.ETH-30AUG19,1564743543874,open,0.01,3355.0,0.002,0.028,0.011838,107.0,0.01,0.0,ETH-30AUG19-340-C,220.08,100.55,0.009,620.0,0.014,500.0,111.41,0.10397,-0.19955,0.01419,0.0026,0.09581
224.99,ETH-27DEC19,1564743543875,open,0.3,164.0,0.233,0.341,0.294637,100.06,0.288,0.0,ETH-27DEC19-200-C,220.08,0.0,0.001,1000.0,0.5,30.0,197.42,0.50176,-0.17091,0.36018,0.00246,0.69247
221.21,SYN.ETH-30AUG19,1564743543875,open,0.8,0.0,0.757,0.874,0.812909,113.07,None,0.0,ETH-30AUG19-400-P,220.08,0.0,0.0,0.0,0.0,0.0,0.0,0.05372,-0.10894,-0.29935,0.00127,-0.95903
10838.21,BTC-27DEC19,1564743543892,open,0.6,6.5,0.581,0.616,0.59799218,96.99,0.575,0.0,BTC-27DEC19-4500-C,10509.15,0.0,0.012,0.1,0.964,1.0,500.0,6.07476,-2.00569,15.73358,1e-05,0.95875
220.64,SYN.ETH-16AUG19,1564743543892,open,20.0,0.008,0.058,0.031583,98.39,0.027,0.0,ETH-16AUG19-250-C,220.08,91.4,0.027,444.0,0.034,200.0,101.99,0.1471,-0.52153,0.02162,0.00808,0.28935
221.2,SYN.ETH-30AUG19,1564743543858,open,0.01,2803.0,0.003,0.029,0.01389,100.04,0.019,0.0,ETH-30AUG19-160-P,220.08,95.88,0.012,297.0,0.016,200.0,104.43,0.10343,-0.18559,-0.01842,0.00277,-0.09513
10838.21,BTC-27DEC19,1564743543904,open,0.51,5.6,0.446,0.587,0.51927762,97.65,0.5485,0.0,BTC-27DEC19-15000-P,10509.15,68.33,0.45,0.2,1.2515,0.2,499.65,26.80184,-8.90921,-48.16467,6e-05,-0.58509
221.21,SYN.ETH-30AUG19,1564743543923,open,0.01,2803.0,0.003,0.029,0.01389,100.05,0.019,0.0,ETH-30AUG19-160-P,220.08,95.88,0.012,297.0,0.016,350.0,104.43,0.10342,-0.1856,-0.01842,0.00277,-0.09513
220.36,SYN.ETH-9AUG19,1564743544005,open,0.03,126.0,0.007,0.061,0.032231,98.12,0.031,0.0,ETH-9AUG19-210-P,220.08,95.66,0.031,393.0,0.034,204.0,101.65,0.11024,-0.78665,-0.01526,0.01228,-0.33548
10644.5,BTC-27SEP19,1564743544010,open,0.0,405.8,0.0005,0.0105,0.00022884,135.0,0.0005,0.0,BTC-27SEP19-2500-P,10509.15,0.0,0.0,0.0,0.001,25.0,159.52,0.18078,-0.21839,-0.02523,0.0,-0.00132
10644.5,BTC-27SEP19,1564743544010,open,0.0,142.4,0.0005,0.013,0.00339505,105.32,0.003,0.0,BTC-27SEP19-26000-C,10509.15,100.99,0.0025,15.0,0.004,24.0,107.83,2.42828,-2.28853,0.35089,1e-05,0.02493
10838.21,BTC-27DEC19,1564743544052,open,0.86,0.1,0.8525,0.872,0.86218677,125.56,0.84,0.0,BTC-27DEC19-1500-C,10509.15,0.0,0.019,0.2,0.981,0.5,500.0,0.43207,-0.18468,5.92405,0.0,0.99802
10644.5,BTC-27SEP19,1564743544134,open,0.67,261.1,0.6625,0.682,0.672467,127.81,0.714,0.0,BTC-27SEP19-3500-C,10509.15,0.0,0.161,2.0,0.7265,10.0,299.31,0.77836,-0.89024,5.22837,0.0,0.99332
220.64,SYN.ETH-16AUG19,1564743544236,open,61.0,0.002,0.037,0.016555,99.63,0.014,0.0,ETH-16AUG19-270-C,220.08,92.2,0.013,481.0,0.018,200.0,102.49,0.11011,-0.39533,0.01313,0.00597,0.17307
222.34,ETH-27SEP19,1564743544251,open,0.16,1113.0,0.107,0.197,0.157784,98.79,0.141,0.0,ETH-27SEP19-220-C,220.08,95.67,0.153,178.0,0.162,406.0,101.58,0.3387,-0.29943,0.1462,0.00453,0.58731
220.36,SYN.ETH-9AUG19,1564743544281,open,0.04,1352.0,0.008,0.063,0.035049,96.84,0.03,0.0,ETH-9AUG19-230-C,220.08,89.17,0.031,204.0,0.039,403.0,104.27,0.11677,-0.82234,0.01511,0.01318,0.39907
220.64,SYN.ETH-16AUG19,1564743544320,open,0.0,0.194,0.286,0.240275,99.66,None,0.0,ETH-16AUG19-270-P,220.08,0.0,0.0,0.0,0.0,0.0,0.0,0.11015,-0.39555,-0.08951,0.00597,-0.82685
220.36,SYN.ETH-9AUG19,1564743544368,open,0.08,3.0,0.039,0.116,0.07881,96.85,0.099,0.0,ETH-9AUG19-230-P,220.08,85.82,0.073,150.0,0.082,150.0,102.85,0.11678,-0.82245,-0.02822,0.01318,-0.60091
10644.5,BTC-27SEP19,1564743544427,open,0.72,225.7,0.709,0.7285,0.71890799,134.94,0.693,0.0,BTC-27SEP19-3000-C,10509.12,0.0,0.0045,21.0,0.883,5.0,500.0,0.47961,-0.57911,4.51726,0.0,0.99612
10838.29,BTC-27DEC19,1564743544428,open,0.82,0.0,0.8075,0.827,0.81742544,125.56,None,0.0,BTC-27DEC19-2000-C,10509.12,0.0,0.0135,3.4,0.9775,0.5,500.0,1.14632,-0.48999,7.7067,0.0,0.99413
10644.5,BTC-27SEP19,1564743544428,open,0.0,492.7,0.0005,0.0105,4.677e-05,135.0,0.0005,0.0,BTC-27SEP19-2000-P,10509.12,0.0,0.0,0.0,0.0025,15.0,209.02,0.04642,-0.05608,-0.00569,0.0,-0.0003
10838.26,BTC-27DEC19,1564743544429,open,0.0,98.9,0.0005,0.0115,0.00195564,125.56,0.001,0.0,BTC-27DEC19-2000-P,10509.12,105.3,0.0005,20.1,0.0035,10.0,137.58,1.14603,-0.48984,-0.34118,0.0,-0.00587
10644.5,BTC-27SEP19,1564743544428,open,0.05,418.5,0.018,0.08,0.04749362,99.5,0.046,0.0,BTC-27SEP19-15000-C,10509.12,97.46,0.045,33.1,0.049,19.3,100.72,13.12754,-11.68831,3.23827,8e-05,0.24622
10644.5,BTC-27SEP19,1564743544430,open,1.44,0.0,1.3955,1.5025,1.44597332,105.33,None,0.0,BTC-27SEP19-26000-P,10509.12,0.0,0.0,0.0,0.0,0.0,0.0,2.42937,-2.28976,-39.45079,1e-05,-0.97506
10838.26,BTC-27DEC19,1564743544430,open,0.64,27.2,0.626,0.6545,0.63957092,98.57,0.65,0.0,BTC-27DEC19-4000-C,10509.12,0.0,0.45,1.0,0.9665,1.0,500.0,4.45302,-1.49419,14.48641,1e-05,0.97173
10576.67,SYN.BTC-30AUG19,1564743544427,open,0.52,0.0,0.4865,0.5685,0.52545651,105.91,None,0.0,BTC-30AUG19-16000-P,10509.12,0.0,0.0,0.0,0.0,0.0,0.0,5.21949,-9.91534,-11.49478,6e-05,-0.89759
10644.47,BTC-27SEP19,1564743544431,open,0.86,42.8,0.8495,0.869,0.85908693,135.66,0.815,0.0,BTC-27SEP19-1500-C,10509.12,0.0,0.0,0.0,0.0,0.0,0.0,0.00661,-0.00802,2.29556,0.0,0.99996
10644.47,BTC-27SEP19,1564743544432,open,0.18,675.6,0.1315,0.214,0.17591259,95.46,0.174,0.0,BTC-27SEP19-10000-C,10509.12,92.11,0.171,19.4,0.1775,14.4,96.54,15.60602,-13.33122,7.53489,9e-05,0.63832
10838.26,BTC-27DEC19,1564743544432,open,0.0,173.8,0.0005,0.0105,0.00058601,125.56,0.001,0.0,BTC-27DEC19-1500-P,10509.12,0.0,0.0,0.0,0.001,7.0,134.09,0.43207,-0.18468,-0.11194,0.0,-0.00198
10542.76,SYN.BTC-16AUG19,1564743544427,open,0.2,0.0015,0.027,0.01130482,98.5,0.0105,0.0,BTC-16AUG19-8500-P,10509.12,96.3,0.0105,30.0,0.012,1.0,100.35,3.90817,-13.87121,-0.49303,9e-05,-0.11171
10525.81,SYN.BTC-9AUG19,1564743544427,open,0.15,0.1,0.121,0.1855,0.1525726,97.94,0.12,0.0,BTC-9AUG19-12000-P,10509.12,0.0,0.1,1.0,0.1555,1.0,105.73,3.81663,-27.18233,-1.92453,0.00019,-0.81804
220.64,SYN.ETH-16AUG19,1564743544498,open,0.0,0.236,0.327,0.280871,100.25,None,0.0,ETH-16AUG19-280-P,220.08,0.0,0.0,0.0,0.0,0.0,0.0,0.09154,-0.33068,-0.09644,0.00493,-0.8689
220.36,SYN.ETH-9AUG19,1564743544719,open,0.14,0.0,0.106,0.189,0.148136,98.62,None,0.0,ETH-9AUG19-250-P,220.08,0.0,0.0,0.0,0.0,0.0,0.0,0.08302,-0.59536,-0.03962,0.0092,-0.80641
220.64,SYN.ETH-16AUG19,1564743544751,open,0.0,0.278,0.369,0.32282,101.0,None,0.0,ETH-16AUG19-290-P,220.08,0.0,0.0,0.0,0.0,0.0,0.0,0.07472,-0.27193,-0.10269,0.004,-0.90141
220.36,SYN.ETH-9AUG19,1564743544800,open,0.01,121.0,0.001,0.024,0.008217,99.85,0.008,0.0,ETH-9AUG19-260-C,220.08,91.59,0.006,295.0,0.01,250.0,105.82,0.0631,-0.45819,0.00495,0.00691,0.12744
220.64,SYN.ETH-16AUG19,1564743544813,open,0.0,0.3,0.343,0.321637,100.39,None,0.0,ETH-16AUG19-150-C,220.08,0.0,0.0,0.0,0.0,0.0,0.0,0.02017,-0.07297,0.05528,0.00109,0.98074
220.64,SYN.ETH-16AUG19,1564743544845,open,38.0,0.001,0.019,0.006236,102.47,0.009,0.0,ETH-16AUG19-300-C,220.08,93.43,0.004,550.0,0.008,250.0,108.44,0.06103,-0.22535,0.00579,0.00322,0.07522
220.36,SYN.ETH-9AUG19,1564743544886,open,0.18,0.0,0.148,0.23,0.188115,99.85,None,0.0,ETH-9AUG19-260-P,220.08,0.0,0.0,0.0,0.0,0.0,0.0,0.0631,-0.45819,-0.04403,0.00691,-0.87256
220.64,SYN.ETH-16AUG19,1564743544898,open,0.0,0.001,0.011,0.001473,100.39,None,0.0,ETH-16AUG19-150-P,220.08,0.0,0.0,0.0,0.003,250.0,113.62,0.02017,-0.07297,-0.00174,0.00109,-0.01926
220.64,SYN.ETH-16AUG19,1564743544943,open,0.0,0.322,0.413,0.36591,102.47,None,0.0,ETH-16AUG19-300-P,220.08,0.0,0.0,0.0,0.0,0.0,0.0,0.06103,-0.22535,-0.10826,0.00322,-0.92478
220.36,SYN.ETH-9AUG19,1564743544967,open,0.01,818.0,0.001,0.018,0.005139,102.37,0.004,0.0,ETH-9AUG19-270-C,220.08,90.92,0.003,300.0,0.007,550.0,110.47,0.04683,-0.3486,0.00329,0.005,0.08444
220.64,SYN.ETH-16AUG19,1564743544994,open,0.0,0.253,0.302,0.277979,98.24,None,0.0,ETH-16AUG19-160-C,220.08,0.0,0.0,0.0,0.0,0.0,0.0,0.03561,-0.12606,0.05737,0.00196,0.96193
220.36,SYN.ETH-9AUG19,1564743545062,open,0.22,0.0,0.191,0.273,0.230417,102.37,None,0.0,ETH-9AUG19-270-P,220.08,0.0,0.0,0.0,0.0,0.0,0.0,0.04683,-0.3486,-0.04757,0.005,-0.91556
220.36,SYN.ETH-9AUG19,1564743545080,open,0.11,11.0,0.069,0.15,0.110936,96.85,0.123,0.0,ETH-9AUG19-240-P,220.08,83.63,0.105,50.0,0.115,50.0,105.46,0.10222,-0.71996,-0.03439,0.01154,-0.71764
220.64,SYN.ETH-16AUG19,1564743545081,open,0.0,0.001,0.013,0.003138,98.24,None,0.0,ETH-16AUG19-160-P,220.08,80.55,0.001,250.0,0.005,250.0,108.34,0.03561,-0.12606,-0.00346,0.00196,-0.03807
220.36,SYN.ETH-9AUG19,1564743545142,open,0.0,265.0,0.001,0.013,0.003122,104.16,0.002,0.0,ETH-9AUG19-280-C,220.08,85.45,0.001,251.0,0.005,550.0,115.01,0.03333,-0.25247,0.00213,0.0035,0.05435
220.64,SYN.ETH-16AUG19,1564743545198,open,0.0,0.208,0.263,0.236208,98.24,None,0.0,ETH-16AUG19-170-C,220.08,0.0,0.0,0.0,0.0,0.0,0.0,0.05938,-0.21019,0.05798,0.00327,0.92744
220.36,SYN.ETH-9AUG19,1564743545237,open,0.27,0.0,0.234,0.317,0.273781,104.16,None,0.0,ETH-9AUG19-280-P,220.08,0.0,0.0,0.0,0.0,0.0,0.0,0.03333,-0.25247,-0.05062,0.0035,-0.94565
222.34,ETH-27SEP19,1564743545309,open,0.01,4710.0,0.001,0.02,0.00771,106.69,0.007,0.0,ETH-27SEP19-480-C,220.08,102.21,0.006,440.0,0.009,140.0,109.69,0.09119,-0.08705,0.01474,0.00113,0.05103
220.64,SYN.ETH-16AUG19,1564743545318,open,0.0,0.001,0.019,0.006689,98.24,None,0.0,ETH-16AUG19-170-P,220.08,87.01,0.004,550.0,0.009,250.0,106.25,0.05938,-0.21019,-0.00665,0.00327,-0.07256
220.64,SYN.ETH-16AUG19,1564743545419,open,0.0,0.164,0.226,0.196712,97.69,None,0.0,ETH-16AUG19-180-C,220.08,0.0,0.0,0.0,0.0,0.0,0.0,0.08717,-0.30686,0.05713,0.00482,0.87779
10838.35,BTC-27DEC19,1564743545426,open,0.68,4.0,0.672,0.6945,0.68228475,100.1,0.64,0.0,BTC-27DEC19-3500-C,10509.13,0.0,0.0075,0.2,0.78,1.0,246.59,3.03961,-1.03581,13.07281,1e-05,0.98203
10644.6,BTC-27SEP19,1564743545427,open,0.01,461.9,0.0005,0.023,0.00843419,103.73,0.009,0.0,BTC-27SEP19-22000-C,10509.13,100.32,0.007,44.0,0.009,24.0,104.98,4.72493,-4.38582,0.78139,3e-05,0.05639
10838.35,BTC-27DEC19,1564743545427,open,0.49,122.9,0.454,0.512,0.48392486,94.91,0.46,0.0,BTC-27DEC19-6000-C,10509.13,69.7,0.46,4.0,0.0,0.0,0.0,12.03995,-3.88989,18.15937,3e-05,0.9003
10838.35,BTC-27DEC19,1564743545427,open,3.06,0.0,2.982,3.1675,3.06956568,108.0,3.46,0.0,BTC-27DEC19-44000-P,10509.13,0.0,0.0,0.0,0.0,0.0,0.0,6.43806,-2.367,-175.55454,1e-05,-0.95567
10838.35,BTC-27DEC19,1564743545427,open,1.61,0.1,1.5435,1.6965,1.61640714,103.01,2.035,0.0,BTC-27DEC19-28000-P,10509.13,0.0,0.001,1.0,0.0,0.0,0.0,14.5546,-5.10385,-108.43498,3e-05,-0.86987
10838.35,BTC-27DEC19,1564743545427,open,2.69,0.0,2.621,2.796,2.7033815,106.76,2.58,0.0,BTC-27DEC19-40000-P,10509.13,0.0,0.0005,3.0,0.0,0.0,0.0,7.75525,-2.81859,-159.07583,2e-05,-0.94402
10838.35,BTC-27DEC19,1564743545427,open,0.03,95.6,0.009,0.066,0.03297378,103.0,0.0335,0.0,BTC-27DEC19-28000-C,10509.13,101.51,0.031,10.0,0.0345,6.0,104.12,14.55158,-5.10226,4.23571,3e-05,0.13009
10542.76,SYN.BTC-16AUG19,1564743545426,open,0.0,0.014,0.0685,0.04097552,96.28,None,0.0,BTC-16AUG19-11500-C,10509.13,92.86,0.0385,24.0,0.0425,24.0,98.37,7.66055,-26.57622,1.26267,0.00019,0.35602
10525.79,SYN.BTC-9AUG19,1564743545426,open,0.08,15.0,0.045,0.1115,0.07930472,96.18,0.0735,0.0,BTC-9AUG19-11000-P,10509.13,87.04,0.0745,0.4,0.081,0.4,99.39,5.56037,-38.89232,-1.35797,0.00028,-0.60557
10542.76,SYN.BTC-16AUG19,1564743545426,open,0.1,0.0025,0.035,0.01520861,99.24,0.015,0.0,BTC-16AUG19-13000-C,10509.13,95.59,0.0135,24.0,0.016,24.0,100.88,5.04368,-18.03713,0.58862,0.00012,0.16207
10644.6,BTC-27SEP19,1564743545428,open,0.0,566.2,0.0005,0.013,0.00346904,104.42,0.006,0.0,BTC-27SEP19-5000-P,10509.13,98.79,0.0025,39.1,0.0045,39.0,109.45,2.01629,-1.88396,-0.38239,1e-05,-0.02
10525.79,SYN.BTC-9AUG19,1564743545426,open,0.19,0.0,0.1655,0.2265,0.19452945,97.96,None,0.0,BTC-9AUG19-12500-P,10509.13,0.0,0.02,1.0,0.0,0.0,0.0,2.76737,-19.714,-2.14467,0.00014,-0.88711
10644.6,BTC-27SEP19,1564743545429,open,0.46,29.6,0.405,0.5085,0.45667215,99.51,0.58,0.0,BTC-27SEP19-15000-P,10509.13,0.0,0.0045,10.0,1.023,0.3,500.0,13.12878,-11.69052,-19.7239,8e-05,-0.75374
10525.79,SYN.BTC-9AUG19,1564743545426,open,0.0,167.1,0.0005,0.0125,0.00271652,104.47,0.003,0.0,BTC-9AUG19-13500-C,10509.13,94.05,0.0015,120.5,0.0035,30.5,109.78,1.44381,-10.96901,0.08992,7e-05,0.04807
10838.35,BTC-27DEC19,1564743545431,open,0.75,12.4,0.6795,0.825,0.75321117,98.66,0.559,0.0,BTC-27DEC19-18000-P,10509.13,0.0,0.0045,5.0,1.517,0.2,500.0,24.23389,-8.13903,-62.97113,5e-05,-0.69064
10838.35,BTC-27DEC19,1564743545431,open,0.37,70.6,0.304,0.437,0.37396184,95.96,0.37,0.0,BTC-27DEC19-13000-P,10509.13,94.39,0.37,3.6,0.379,3.6,97.95,27.42806,-8.95951,-38.01945,6e-05,-0.49778
10576.71,SYN.BTC-30AUG19,1564743545428,open,0.19,1.6,0.1515,0.2365,0.19555849,99.09,0.3175,0.0,BTC-30AUG19-12000-P,10509.13,0.0,0.0,0.0,0.0,0.0,0.0,11.064,-19.66413,-6.64499,0.00013,-0.62708
10542.76,SYN.BTC-16AUG19,1564743545426,open,0.0,0.227,0.2695,0.24776813,102.31,None,0.0,BTC-16AUG19-8000-C,10509.13,0.0,0.02,1.0,0.0,0.0,0.0,2.72939,-10.06235,2.73835,6e-05,0.93101
10525.79,SYN.BTC-9AUG19,1564743545426,open,0.16,20.4,0.129,0.176,0.15235613,97.63,0.1505,0.0,BTC-9AUG19-9000-C,10509.13,0.0,0.02,1.0,0.0,0.0,0.0,2.68601,-19.07005,1.466,0.00013,0.89171
10542.76,SYN.BTC-16AUG19,1564743545426,open,0.0,0.1705,0.2435,0.20685154,98.05,None,0.0,BTC-16AUG19-12500-P,10509.13,0.0,0.018,1.0,0.0,0.0,0.0,5.97791,-21.12112,-3.9822,0.00014,-0.78674
10542.76,SYN.BTC-16AUG19,1564743545426,open,5.0,0.0005,0.0185,0.0065826,102.31,0.006,0.0,BTC-16AUG19-8000-P,10509.13,100.01,0.006,30.0,0.0075,13.0,105.75,2.72942,-10.06252,-0.30291,6e-05,-0.06899
10542.76,SYN.BTC-16AUG19,1564743545426,open,0.0,0.01,0.057,0.03190341,95.73,None,0.0,BTC-16AUG19-9500-P,10509.13,92.69,0.03,24.0,0.0335,24.0,98.25,6.63322,-22.88058,-1.15956,0.00016,-0.25742
10525.79,SYN.BTC-9AUG19,1564743545426,open,0.04,151.8,0.009,0.0605,0.03425402,96.19,0.0325,0.0,BTC-9AUG19-11000-C,10509.13,94.76,0.0335,0.5,0.036,19.8,99.49,5.56039,-38.8935,0.71416,0.00028,0.39443
10576.71,SYN.BTC-30AUG19,1564743545429,open,0.7,0.0,0.6695,0.7515,0.70810563,109.61,None,0.0,BTC-30AUG19-18000-P,10509.13,0.0,0.0,0.0,0.0,0.0,0.0,3.22212,-6.33496,-13.35823,3e-05,-0.94563
10576.71,SYN.BTC-30AUG19,1564743545431,open,0.02,194.0,0.004,0.038,0.01772855,102.81,0.019,0.0,BTC-30AUG19-15000-C,10509.13,99.91,0.016,24.0,0.0185,24.0,104.06,6.45358,-11.90043,0.97437,7e-05,0.13835
10576.71,SYN.BTC-30AUG19,1564743545432,open,0.27,17.1,0.226,0.3115,0.26935715,100.03,0.289,0.0,BTC-30AUG19-13000-P,10509.13,0.0,0.0,0.0,0.0,0.0,0.0,9.69292,-17.39198,-8.05956,0.00011,-0.72841
220.36,SYN.ETH-9AUG19,1564743545538,open,0.32,0.0,0.299,0.341,0.319771,121.13,None,0.0,ETH-9AUG19-150-C,220.08,0.0,0.0,0.0,0.0,0.0,0.0,0.00683,-0.06016,0.02789,0.00062,0.99172
220.64,SYN.ETH-16AUG19,1564743545704,open,69.0,0.004,0.044,0.021603,97.4,0.019,0.0,ETH-16AUG19-190-P,220.08,92.38,0.019,200.0,0.024,200.0,101.88,0.11629,-0.40814,-0.01765,0.00645,-0.18881
220.36,SYN.ETH-9AUG19,1564743545913,open,0.0,0.0,0.001,0.011,0.000482,121.13,None,0.0,ETH-9AUG19-150-P,220.08,0.0,0.0,0.0,0.001,3.0,133.96,0.00683,-0.06016,-0.00036,0.00062,-0.00828
220.36,SYN.ETH-9AUG19,1564743546003,open,0.28,0.0,0.252,0.298,0.274885,113.6,None,0.0,ETH-9AUG19-160-C,220.08,0.0,0.0,0.0,0.0,0.0,0.0,0.01246,-0.10295,0.02941,0.0012,0.98345
10576.71,SYN.BTC-30AUG19,1564743546067,open,0.08,165.4,0.0445,0.1135,0.07979425,98.05,0.079,0.0,BTC-30AUG19-10000-P,10509.13,96.33,0.078,19.3,0.082,10.0,100.17,10.99686,-19.34117,-3.60116,0.00013,-0.36602
10838.35,BTC-27DEC19,1564743546069,open,0.37,70.6,0.304,0.437,0.37395464,95.96,0.37,0.0,BTC-27DEC19-13000-P,10509.13,94.39,0.37,3.6,0.3795,3.6,98.14,27.42806,-8.95951,-38.01945,6e-05,-0.49778
220.64,SYN.ETH-16AUG19,1564743546094,open,1.0,0.02,0.084,0.051714,96.75,0.047,0.0,ETH-16AUG19-210-P,220.08,90.28,0.047,380.0,0.056,380.0,102.61,0.16107,-0.56153,-0.0346,0.009,-0.36079
220.36,SYN.ETH-9AUG19,1564743546102,open,0.0,51.0,0.001,0.011,0.000976,113.6,0.003,0.0,ETH-9AUG19-160-P,220.08,0.0,0.0,0.0,0.002,250.0,127.82,0.01246,-0.10295,-0.00073,0.0012,-0.01655
220.36,SYN.ETH-9AUG19,1564743546154,open,0.0,8.0,0.001,0.011,0.001499,112.1,0.002,0.0,ETH-9AUG19-300-C,220.08,0.0,0.0,0.0,0.003,556.0,126.08,0.0188,-0.15323,0.00105,0.00183,0.02691
220.36,SYN.ETH-9AUG19,1564743546164,open,0.37,0.0,0.346,0.384,0.364844,125.0,None,0.0,ETH-9AUG19-140-C,220.08,0.0,0.0,0.0,0.0,0.0,0.0,0.00291,-0.02642,0.02623,0.00025,0.99683
220.64,SYN.ETH-16AUG19,1564743546189,open,1.0,0.038,0.109,0.076376,96.59,0.081,0.0,ETH-16AUG19-220-C,220.08,90.93,0.072,150.0,0.081,314.0,102.57,0.1706,-0.59379,0.03919,0.00954,0.54364
220.36,SYN.ETH-9AUG19,1564743546204,open,0.24,0.0,0.205,0.255,0.230506,106.8,None,0.0,ETH-9AUG19-170-C,220.08,0.0,0.0,0.0,0.0,0.0,0.0,0.02207,-0.1714,0.03059,0.00226,0.96735
220.36,SYN.ETH-9AUG19,1564743546288,open,0.0,238.0,0.001,0.011,0.001978,106.8,0.004,0.0,ETH-9AUG19-170-P,220.08,95.04,0.001,2.0,0.003,250.0,115.82,0.02207,-0.1714,-0.00144,0.00226,-0.03265
220.36,SYN.ETH-9AUG19,1564743546314,open,0.35,0.0,0.322,0.408,0.36292,112.1,None,0.0,ETH-9AUG19-300-P,220.08,0.0,0.0,0.0,0.0,0.0,0.0,0.0188,-0.15323,-0.05546,0.00183,-0.97309
220.36,SYN.ETH-9AUG19,1564743546328,open,0.0,0.0,0.001,0.011,0.000173,125.0,None,0.0,ETH-9AUG19-140-P,220.08,0.0,0.0,0.0,0.002,300.0,172.64,0.00291,-0.02642,-0.00014,0.00025,-0.00317
220.36,SYN.ETH-9AUG19,1564743546373,open,0.19,0.0,0.159,0.214,0.186989,99.94,None,0.0,ETH-9AUG19-180-C,220.08,0.0,0.0,0.0,0.0,0.0,0.0,0.03667,-0.26653,0.0312,0.00401,0.93863
10838.42,BTC-27DEC19,1564743546528,open,0.3,101.4,0.2405,0.3675,0.30734795,95.32,0.317,0.0,BTC-27DEC19-12000-P,10509.13,93.99,0.304,3.6,0.3125,3.6,97.38,27.18367,-8.82087,-32.88764,6e-05,-0.44672
10644.73,BTC-27SEP19,1564743546543,open,2.0,0.0,1.9475,2.0725,2.00795614,114.75,None,0.0,BTC-27SEP19-32000-P,10509.13,0.0,0.0,0.0,0.0,0.0,0.0,1.39163,-1.42898,-48.80442,1e-05,-0.98703
10644.73,BTC-27SEP19,1564743546551,open,0.0,756.0,0.0005,0.0115,0.00173983,114.49,0.002,0.0,BTC-27SEP19-32000-C,10509.13,112.53,0.0015,5.0,0.002,24.0,116.41,1.37282,-1.40646,0.17974,1e-05,0.01277
220.64,SYN.ETH-16AUG19,1564743546555,open,0.0,0.057,0.139,0.100202,97.28,None,0.0,ETH-16AUG19-230-P,220.08,90.53,0.095,150.0,0.104,150.0,102.19,0.17031,-0.59698,-0.05449,0.00946,-0.54942
10838.42,BTC-27DEC19,1564743546561,open,3.42,0.0,3.343,3.5405,3.43665366,109.41,None,0.0,BTC-27DEC19-48000-P,10509.13,0.0,0.0,0.0,6.0,1.0,500.0,5.45655,-2.03234,-191.92184,1e-05,-0.96384
10576.78,SYN.BTC-30AUG19,1564743546565,open,0.43,0.0,0.396,0.4785,0.43593931,102.82,None,0.0,BTC-30AUG19-15000-P,10509.13,0.0,0.0,0.0,0.0,0.0,0.0,6.45515,-11.90499,-10.48108,7e-05,-0.8616
10838.42,BTC-27DEC19,1564743546585,open,1.43,0.0,1.366,1.517,1.43844119,102.17,None,0.0,BTC-27DEC19-26000-P,10509.13,0.0,0.0045,10.0,2.229,0.2,500.0,16.20341,-5.63567,-99.70103,3e-05,-0.84756
10644.73,BTC-27SEP19,1564743546587,open,0.71,1.0,0.665,0.765,0.71296543,101.37,1.5815,0.0,BTC-27SEP19-18000-P,10509.13,0.0,0.0045,1.3,1.2725,0.3,500.0,8.81368,-7.9953,-25.79395,5e-05,-0.86993
10525.82,SYN.BTC-9AUG19,1564743546592,open,0.29,0.0,0.273,0.3055,0.28846453,119.85,None,0.0,BTC-9AUG19-7500-C,10509.13,0.0,0.022,1.0,0.0,0.0,0.0,0.58036,-5.05795,1.37898,2e-05,0.98393
10838.42,BTC-27DEC19,1564743546643,open,2.33,1.3,2.2605,2.4265,2.33859401,105.64,2.2,0.0,BTC-27DEC19-36000-P,10509.13,0.0,0.0005,1.0,0.0,0.0,0.0,9.50052,-3.41675,-142.43905,2e-05,-0.92733
10644.73,BTC-27SEP19,1564743546655,open,0.14,509.8,0.0895,0.1735,0.13447716,95.44,0.137,0.0,BTC-27SEP19-11000-C,10509.13,93.53,0.1315,14.4,0.1375,17.3,97.39,16.53446,-14.12174,6.59761,0.0001,0.53935
10644.73,BTC-27SEP19,1564743546655,open,0.3,40.5,0.248,0.3515,0.30150666,97.96,0.3275,0.0,BTC-27SEP19-13000-P,10509.13,80.6,0.2765,5.0,0.49,0.1,220.09,15.73565,-13.79428,-15.16689,9e-05,-0.62924
10644.73,BTC-27SEP19,1564743546658,open,1.81,0.0,1.7635,1.8815,1.81982598,107.29,None,0.0,BTC-27SEP19-30000-P,10509.13,0.0,0.0,0.0,0.0,0.0,0.0,1.29752,-1.24577,-45.75519,1e-05,-0.98804
10576.78,SYN.BTC-30AUG19,1564743546668,open,0.35,0.0,0.327,0.3665,0.34619612,104.53,None,0.0,BTC-30AUG19-7000-C,10509.13,0.0,0.0,0.0,0.0,0.0,0.0,3.38234,-6.3414,4.81414,4e-05,0.94218
10838.42,BTC-27DEC19,1564743546683,open,0.08,157.7,0.044,0.117,0.08089343,94.91,0.08,0.0,BTC-27DEC19-7500-P,10509.13,92.57,0.077,4.9,0.0815,4.9,95.27,18.08672,-5.84368,-11.41032,4e-05,-0.18073
10838.42,BTC-27DEC19,1564743546687,open,0.06,170.2,0.0225,0.1005,0.0589669,100.46,0.055,0.0,BTC-27DEC19-22000-C,10509.13,99.11,0.0565,4.9,0.0605,4.9,101.28,20.03943,-6.85305,6.76534,4e-05,0.21409
222.34,ETH-27SEP19,1564743546690,open,0.0,739.0,0.001,0.011,0.000282,125.0,0.001,0.0,ETH-27SEP19-60-P,220.08,0.0,0.0,0.0,0.002,550.0,159.23,0.00485,-0.00542,-0.00069,5e-05,-0.00173
222.34,ETH-27SEP19,1564743546692,open,0.1,1704.0,0.051,0.133,0.095425,99.22,0.091,0.0,ETH-27SEP19-260-C,220.08,96.31,0.091,327.0,0.099,120.0,101.55,0.33955,-0.30147,0.10953,0.00452,0.41723
224.99,ETH-27DEC19,1564743546692,open,0.02,1375.0,0.004,0.041,0.018725,108.55,0.019,0.0,ETH-27DEC19-760-C,220.08,102.98,0.014,350.0,0.023,350.0,112.94,0.20674,-0.0764,0.05303,0.00093,0.0773
222.34,ETH-27SEP19,1564743546694,open,0.0,5783.0,0.001,0.012,0.002685,111.07,0.002,0.0,ETH-27SEP19-600-C,220.08,98.66,0.001,1977.0,0.003,80.0,112.72,0.04099,-0.04074,0.00568,0.00049,0.01937
221.21,SYN.ETH-30AUG19,1564743546701,open,0.06,398.0,0.029,0.095,0.062487,98.93,0.061,0.0,ETH-30AUG19-200-P,220.08,94.29,0.058,359.0,0.066,160.0,102.54,0.21465,-0.38088,-0.06236,0.00581,-0.30666
221.21,SYN.ETH-30AUG19,1564743546703,open,0.01,2351.0,0.001,0.014,0.004612,112.9,0.005,0.0,ETH-30AUG19-400-C,220.08,105.34,0.003,300.0,0.006,200.0,118.2,0.05344,-0.10822,0.0061,0.00127,0.04071
222.34,ETH-27SEP19,1564743546714,open,1.51,24.0,1.446,1.606,1.522744,111.07,1.356,0.0,ETH-27SEP19-560-P,220.08,0.0,0.0,0.0,0.0,0.0,0.0,0.05619,-0.05585,-0.84907,0.00067,-0.97182
224.99,ETH-27DEC19,1564743546730,open,0.03,1087.0,0.007,0.057,0.029026,106.75,0.027,0.0,ETH-27DEC19-640-C,220.08,103.33,0.025,300.0,0.033,350.0,109.89,0.27539,-0.10007,0.07698,0.00127,0.11405
222.34,ETH-27SEP19,1564743546730,open,0.01,8193.0,0.001,0.016,0.006587,98.82,0.009,0.0,ETH-27SEP19-120-P,220.08,93.41,0.005,1.0,0.008,200.0,103.07,0.07012,-0.062,-0.01479,0.00094,-0.03685
224.99,ETH-27DEC19,1564743546730,open,2.2,0.0,2.113,2.339,2.221682,107.98,None,0.0,ETH-27DEC19-720-P,220.08,0.0,0.003,5.0,0.0,0.0,0.0,0.22714,-0.0835,-2.83747,0.00103,-0.9124
10542.8,SYN.BTC-16AUG19,1564743546734,open,0.0,0.0935,0.168,0.13177102,96.28,None,0.0,BTC-16AUG19-11500-P,10509.13,90.36,0.1275,18.0,0.1335,18.0,98.65,7.6607,-26.57785,-3.10907,0.00019,-0.64396
224.99,ETH-27DEC19,1564743546741,open,0.85,16.0,0.774,0.951,0.865242,102.83,1.195,0.0,ETH-27DEC19-400-P,220.08,69.58,0.804,110.0,0.931,110.0,131.15,0.48785,-0.17078,-1.42695,0.00233,-0.71087
222.34,ETH-27SEP19,1564743546741,open,0.81,79.0,0.752,0.885,0.816883,103.89,0.351,0.0,ETH-27SEP19-400-P,220.08,0.0,0.0,0.0,0.0,0.0,0.0,0.16058,-0.14928,-0.58192,0.00204,-0.89279
222.34,ETH-27SEP19,1564743546743,open,1.33,12.0,1.272,1.423,1.344013,108.04,1.193,0.0,ETH-27SEP19-520-P,220.08,0.0,0.0,0.0,0.0,0.0,0.0,0.06887,-0.06658,-0.78555,0.00084,-0.96395
224.99,ETH-27DEC19,1564743546752,open,1.18,21.0,1.097,1.285,1.191275,103.98,0.629,0.0,ETH-27DEC19-480-P,220.08,0.0,1.11,110.0,2.127,1.0,500.0,0.40713,-0.14411,-1.79704,0.00192,-0.79362
10838.42,BTC-27DEC19,1564743546752,open,1.97,0.3,1.901,2.0595,1.97585955,104.41,1.875,0.0,BTC-27DEC19-32000-P,10509.13,0.0,0.0,0.0,0.0,0.0,0.0,11.73048,-4.16958,-125.59165,2e-05,-0.90378
222.34,ETH-27SEP19,1564743546752,open,0.72,259.0,0.667,0.798,0.731405,103.15,0.94,0.0,ETH-27SEP19-380-P,220.08,0.0,0.009,8.0,0.0,0.0,0.0,0.18408,-0.16991,-0.54505,0.00236,-0.86995
10838.42,BTC-27DEC19,1564743546752,open,0.09,381.6,0.0445,0.14,0.09242966,98.65,0.093,0.0,BTC-27DEC19-18000-C,10509.13,97.11,0.089,4.9,0.095,4.9,99.8,24.23335,-8.13835,9.46042,5e-05,0.30934
224.99,ETH-27DEC19,1564743546752,open,0.03,1471.0,0.009,0.064,0.033705,105.83,0.023,0.0,ETH-27DEC19-600-C,220.08,103.0,0.03,410.0,0.037,110.0,108.23,0.30227,-0.1089,0.08738,0.0014,0.13022
224.99,ETH-27DEC19,1564743546757,open,1.01,0.0,0.934,1.116,1.026506,103.47,None,0.0,ETH-27DEC19-440-P,220.08,0.0,0.955,110.0,1.95,1.0,500.0,0.44762,-0.15767,-1.61386,0.00212,-0.75607
221.21,SYN.ETH-30AUG19,1564743546760,open,0.11,314.0,0.062,0.145,0.105726,98.93,0.121,0.0,ETH-30AUG19-220-P,220.08,94.59,0.101,262.0,0.111,262.0,103.77,0.2409,-0.42748,-0.09181,0.00652,-0.43773
10838.42,BTC-27DEC19,1564743546772,open,0.01,289.6,0.0035,0.0265,0.01318791,96.99,0.0135,0.0,BTC-27DEC19-4500-P,10509.13,94.82,0.012,6.0,0.0145,6.0,99.27,6.07435,-2.00553,-2.37415,1e-05,-0.04125
10576.78,SYN.BTC-30AUG19,1564743546774,open,0.09,200.1,0.053,0.1235,0.09018874,97.26,0.089,0.0,BTC-30AUG19-11000-C,10509.13,96.18,0.089,14.4,0.092,3.0,98.9,11.66006,-20.34089,3.27299,0.00014,0.49538
224.99,ETH-27DEC19,1564743546780,open,0.09,536.0,0.039,0.132,0.087385,102.83,0.071,0.0,ETH-27DEC19-400-C,220.08,100.33,0.082,110.0,0.093,413.0,105.4,0.48785,-0.17078,0.18265,0.00233,0.28913
224.99,ETH-27DEC19,1564743546782,open,1.34,37.0,1.264,1.456,1.3591,104.61,0.707,0.0,ETH-27DEC19-520-P,220.08,0.0,0.002,25.0,0.0,0.0,0.0,0.36926,-0.1315,-1.97647,0.00173,-0.82398
221.21,SYN.ETH-30AUG19,1564743546784,open,0.08,1672.0,0.039,0.11,0.077034,100.02,0.07,0.0,ETH-30AUG19-240-C,220.08,96.32,0.073,203.0,0.081,323.0,103.66,0.2409,-0.43221,0.06093,0.00644,0.43772
222.34,ETH-27SEP19,1564743546786,open,0.64,0.0,0.63,0.654,0.642057,124.62,None,0.0,ETH-27SEP19-80-C,220.08,0.0,0.003,10.0,0.0,0.0,0.0,0.02245,-0.02503,0.11855,0.00024,0.99036
224.99,ETH-27DEC19,1564743546792,open,0.07,624.0,0.028,0.112,0.070863,103.47,0.068,0.0,ETH-27DEC19-440-C,220.08,101.0,0.066,110.0,0.076,424.0,106.02,0.44762,-0.15767,0.15669,0.00212,0.24393
221.21,SYN.ETH-30AUG19,1564743546792,open,0.3,0.0,0.26,0.318,0.290585,100.04,None,0.0,ETH-30AUG19-160-C,220.08,0.0,0.0,0.0,0.0,0.0,0.0,0.10342,-0.18558,0.10378,0.00277,0.90488
224.99,ETH-27DEC19,1564743546794,open,1.86,0.0,1.771,1.982,1.873597,106.75,None,0.0,ETH-27DEC19-640-P,220.08,0.0,0.0,0.0,0.0,0.0,0.0,0.27539,-0.10007,-2.49838,0.00127,-0.88595
224.99,ETH-27DEC19,1564743546794,open,2.03,0.0,1.942,2.161,2.047569,107.64,None,0.0,ETH-27DEC19-680-P,220.08,0.0,0.0,0.0,0.0,0.0,0.0,0.25146,-0.09214,-2.66811,0.00115,-0.89946
221.21,SYN.ETH-30AUG19,1564743546794,open,0.17,431.0,0.115,0.193,0.158358,98.93,0.151,0.0,ETH-30AUG19-200-C,220.08,93.39,0.153,120.0,0.165,122.0,105.75,0.21465,-0.38088,0.09038,0.00581,0.69334
222.34,ETH-27SEP19,1564743546798,open,0.14,2067.0,0.095,0.193,0.147259,98.81,0.172,0.0,ETH-27SEP19-220-P,220.08,95.36,0.142,146.0,0.153,264.0,102.58,0.3387,-0.29947,-0.19058,0.00453,-0.41268
10644.84,BTC-27SEP19,1564743546798,open,0.04,270.5,0.012,0.066,0.03660061,100.14,0.0395,0.0,BTC-27SEP19-16000-C,10509.13,98.2,0.0345,33.5,0.038,19.3,101.41,11.63459,-10.42538,2.65083,7e-05,0.19927
10576.78,SYN.BTC-30AUG19,1564743546803,open,0.04,337.8,0.018,0.07,0.04298914,98.93,0.044,0.0,BTC-30AUG19-9000-P,10509.13,97.76,0.042,47.6,0.0445,11.0,100.71,8.95181,-15.88562,-2.23391,0.00011,-0.23356
222.34,ETH-27SEP19,1564743546812,open,0.01,3439.0,0.001,0.015,0.005253,108.04,0.005,0.0,ETH-27SEP19-520-C,220.08,99.44,0.003,640.0,0.007,340.0,113.19,0.06887,-0.06658,0.01048,0.00084,0.03605
222.34,ETH-27SEP19,1564743546814,open,0.0,4612.0,0.001,0.012,0.002202,101.84,0.004,0.0,ETH-27SEP19-100-P,220.08,90.82,0.001,501.0,0.003,200.0,107.1,0.03055,-0.02784,-0.00543,0.0004,-0.01374
224.99,ETH-27DEC19,1564743546816,open,0.04,1449.0,0.012,0.073,0.040199,105.36,0.028,0.0,ETH-27DEC19-560-C,220.08,102.47,0.036,407.0,0.044,160.0,107.86,0.33494,-0.12014,0.10074,0.00156,0.15147
221.21,SYN.ETH-30AUG19,1564743546820,open,0.54,0.0,0.496,0.605,0.548858,107.0,None,0.0,ETH-30AUG19-340-P,220.08,0.0,0.0,0.0,0.0,0.0,0.0,0.10398,-0.19957,-0.24548,0.0026,-0.90418
224.99,ETH-27DEC19,1564743546822,open,1.68,0.0,1.601,1.805,1.70049,105.83,0.953,0.0,ETH-27DEC19-600-P,220.08,0.0,0.0,0.0,0.0,0.0,0.0,0.30227,-0.1089,-2.32702,0.0014,-0.86978
222.34,ETH-27SEP19,1564743546824,open,0.26,1264.0,0.203,0.319,0.264805,99.22,0.357,0.0,ETH-27SEP19-260-P,220.08,94.75,0.258,120.0,0.271,120.0,103.26,0.33955,-0.30147,-0.28849,0.00452,-0.58277
222.34,ETH-27SEP19,1564743546828,open,0.73,0.0,0.721,0.74,0.730425,125.0,0.01,0.0,ETH-27SEP19-60-C,220.08,0.0,0.003,10.0,0.0,0.0,0.0,0.00485,-0.00542,0.09116,5e-05,0.99827
224.99,ETH-27DEC19,1564743546832,open,0.04,2255.0,0.016,0.063,0.039265,101.13,0.038,0.0,ETH-27DEC19-120-P,220.08,99.96,0.038,249.0,0.04,140.0,101.8,0.2444,-0.08414,-0.1231,0.00119,-0.0967
224.99,ETH-27DEC19,1564743546832,open,1.51,0.0,1.432,1.63,1.529199,105.36,0.845,0.0,ETH-27DEC19-560-P,220.08,0.0,0.0,0.0,0.0,0.0,0.0,0.33494,-0.12014,-2.1527,0.00156,-0.84853
222.34,ETH-27SEP19,1564743546836,open,1.86,0.0,1.795,1.973,1.880489,112.74,None,0.0,ETH-27SEP19-640-P,220.08,0.0,0.0,0.0,0.0,0.0,0.0,0.03251,-0.0328,-0.9754,0.00038,-0.98523
224.99,ETH-27DEC19,1564743546838,open,0.51,0.0,0.471,0.535,0.505908,101.13,None,0.0,ETH-27DEC19-120-C,220.08,0.0,0.001,1200.0,0.99,5.0,500.0,0.2444,-0.08414,0.35978,0.00119,0.9033
224.99,ETH-27DEC19,1564743546840,open,0.14,198.0,0.077,0.185,0.136243,101.09,0.121,0.0,ETH-27DEC19-320-C,220.08,98.55,0.13,446.0,0.142,236.0,103.42,0.55468,-0.19088,0.24744,0.00269,0.40955
224.99,ETH-27DEC19,1564743546840,open,0.11,242.0,0.054,0.155,0.108146,101.85,0.102,0.0,ETH-27DEC19-360-C,220.08,99.2,0.102,360.0,0.114,400.0,104.34,0.52465,-0.1819,0.21255,0.00253,0.34292
222.34,ETH-27SEP19,1564743546840,open,0.47,47.0,0.446,0.487,0.466873,98.82,0.689,0.0,ETH-27SEP19-120-C,220.08,0.0,0.0,0.0,0.0,0.0,0.0,0.07012,-0.062,0.16892,0.00094,0.96315
222.34,ETH-27SEP19,1564743546844,open,0.56,0.0,0.537,0.568,0.55244,101.84,None,0.0,ETH-27SEP19-100-C,220.08,0.0,0.003,10.0,0.0,0.0,0.0,0.03055,-0.02784,0.14766,0.0004,0.98626
221.21,SYN.ETH-30AUG19,1564743546846,open,0.04,660.0,0.011,0.062,0.03573,102.22,0.042,0.0,ETH-30AUG19-280-C,220.08,97.85,0.032,423.0,0.039,423.0,105.94,0.1918,-0.35166,0.03521,0.00502,0.24412
222.34,ETH-27SEP19,1564743546850,open,0.06,5409.0,0.03,0.095,0.063326,98.81,0.076,0.0,ETH-27SEP19-180-P,220.08,95.14,0.059,390.0,0.067,390.0,101.89,0.26398,-0.2334,-0.09975,0.00353,-0.22973
222.34,ETH-27SEP19,1564743546854,open,0.06,3067.0,0.023,0.091,0.05786,100.37,0.052,0.0,ETH-27SEP19-300-C,220.08,98.2,0.055,251.0,0.06,160.0,101.97,0.2956,-0.26548,0.07749,0.00389,0.28552
224.99,ETH-27DEC19,1564743546856,open,0.39,0.0,0.335,0.426,0.386165,100.06,None,0.0,ETH-27DEC19-160-C,220.08,0.0,0.001,1000.0,0.98,5.0,500.0,0.39526,-0.13464,0.37789,0.00194,0.80356
222.34,ETH-27SEP19,1564743546860,open,2.4,0.0,2.319,2.527,2.419187,117.98,None,0.0,ETH-27SEP19-760-P,220.08,0.0,0.0,0.0,0.0,0.0,0.0,0.01804,-0.01904,-1.16122,0.0002,-0.99249
222.34,ETH-27SEP19,1564743546862,open,1.68,27.0,1.621,1.789,1.701255,111.07,1.044,0.0,ETH-27SEP19-600-P,220.08,0.0,0.0,0.0,0.0,0.0,0.0,0.04099,-0.04074,-0.91283,0.00049,-0.98063
222.34,ETH-27SEP19,1564743546862,open,2.04,0.0,1.97,2.157,2.059759,112.91,None,0.0,ETH-27SEP19-680-P,220.08,0.0,0.0,0.0,0.0,0.0,0.0,0.0241,-0.02435,-1.03788,0.00028,-0.98955
221.21,SYN.ETH-30AUG19,1564743546864,open,0.22,757.0,0.18,0.25,0.218236,98.93,0.25,0.0,ETH-30AUG19-180-C,220.08,71.66,0.2,120.0,0.238,120.0,124.14,0.16402,-0.29105,0.10056,0.00444,0.81346
221.21,SYN.ETH-30AUG19,1564743546867,open,0.12,667.0,0.068,0.146,0.111184,98.93,0.108,0.0,ETH-30AUG19-220-C,220.08,95.09,0.107,169.0,0.116,289.0,103.35,0.2409,-0.42748,0.07621,0.00652,0.56227
221.21,SYN.ETH-30AUG19,1564743546882,open,0.01,2803.0,0.003,0.029,0.013888,100.04,0.019,0.0,ETH-30AUG19-160-P,220.08,95.88,0.012,297.0,0.016,200.0,104.43,0.10342,-0.18558,-0.01842,0.00277,-0.09512
10838.42,BTC-27DEC19,1564743546885,open,0.07,543.0,0.0315,0.118,0.07330002,99.55,0.073,0.0,BTC-27DEC19-20000-C,10509.13,98.17,0.0705,4.9,0.0755,4.9,100.62,22.14193,-7.50369,7.98694,5e-05,0.25643
10576.78,SYN.BTC-30AUG19,1564743546887,open,0.06,502.9,0.0285,0.0925,0.06098725,99.08,0.06,0.0,BTC-30AUG19-12000-C,10509.13,96.22,0.058,19.3,0.063,29.3,101.0,11.06405,-19.66331,2.51964,0.00013,0.37291
10576.78,SYN.BTC-30AUG19,1564743546887,open,0.0,589.0,0.0005,0.0125,0.00257873,108.81,0.002,0.0,BTC-30AUG19-6000-P,10509.13,104.32,0.002,0.1,0.003,24.0,111.71,1.46879,-2.86669,-0.18962,2e-05,-0.0209
10644.84,BTC-27SEP19,1564743546902,open,0.01,620.0,0.0005,0.021,0.00918465,100.0,0.012,0.0,BTC-27SEP19-6000-P,10509.13,98.22,0.0085,0.1,0.01,24.0,102.03,4.18253,-3.7426,-0.93771,2e-05,-0.04836
220.36,SYN.ETH-9AUG19,1564743546913,open,0.09,21.0,0.041,0.111,0.079235,98.12,0.083,0.0,ETH-9AUG19-210-C,220.08,89.6,0.075,20.0,0.083,150.0,105.61,0.11024,-0.78662,0.0243,0.01228,0.66453
10644.84,BTC-27SEP19,1564743546925,open,0.08,254.1,0.041,0.1175,0.08023015,97.95,0.08,0.0,BTC-27SEP19-13000-C,10509.13,95.76,0.077,31.9,0.082,19.3,99.15,15.7355,-13.79244,4.73395,9e-05,0.37074
10644.84,BTC-27SEP19,1564743546939,open,0.0,671.4,0.0005,0.011,0.0014982,107.03,0.0025,0.0,BTC-27SEP19-30000-C,10509.13,95.23,0.0005,27.1,0.0025,26.9,113.93,1.2784,-1.2244,0.16725,1e-05,0.01176
10838.42,BTC-27DEC19,1564743546939,open,0.01,242.8,0.0005,0.0235,0.00793526,109.35,0.0085,0.0,BTC-27DEC19-48000-C,10509.13,106.31,0.0065,10.0,0.009,6.0,111.39,5.44386,-2.02655,1.22653,1e-05,0.03606
220.64,SYN.ETH-16AUG19,1564743546976,open,0.0,0.118,0.208,0.164646,98.39,None,0.0,ETH-16AUG19-250-P,220.08,0.0,0.0,0.0,0.0,0.0,0.0,0.1471,-0.52155,-0.07342,0.00808,-0.71065
10542.8,SYN.BTC-16AUG19,1564743546979,open,0.0,0.001,0.028,0.01092744,100.55,None,0.0,BTC-16AUG19-13500-C,10509.13,96.83,0.0095,30.0,0.0115,30.0,101.98,4.16939,-15.10663,0.44672,0.0001,0.12239
10838.42,BTC-27DEC19,1564743547001,open,0.23,700.4,0.172,0.2805,0.23098069,94.91,0.208,0.0,BTC-27DEC19-11000-C,10509.13,93.27,0.227,5.0,0.2345,3.6,96.35,26.40039,-8.52959,16.48226,6e-05,0.6089
10644.84,BTC-27SEP19,1564743547022,open,0.6,9.2,0.5925,0.613,0.60246997,111.47,0.574,0.0,BTC-27SEP19-4250-C,10509.13,0.0,0.005,1.1,0.6835,5.0,299.22,1.11814,-1.11536,6.31365,1e-05,0.98992
10838.42,BTC-27DEC19,1564743547031,open,0.24,248.1,0.183,0.302,0.24589532,94.91,0.241,0.0,BTC-27DEC19-11000-P,10509.13,93.52,0.2425,4.9,0.25,4.9,96.6,26.40032,-8.52981,-27.78178,6e-05,-0.3911
10576.83,SYN.BTC-30AUG19,1564743547031,open,0.19,27.2,0.1575,0.2225,0.19206292,98.92,0.136,0.0,BTC-30AUG19-9000-C,10509.13,90.45,0.185,5.0,0.0,0.0,0.0,8.95144,-15.88333,4.63978,0.00011,0.76646
10576.83,SYN.BTC-30AUG19,1564743547031,open,0.13,30.6,0.0885,0.1685,0.1302098,97.27,0.1285,0.0,BTC-30AUG19-11000-P,10509.13,95.26,0.128,14.4,0.132,3.0,98.89,11.66013,-20.34294,-5.12784,0.00014,-0.5046
10838.42,BTC-27DEC19,1564743547033,open,0.59,7.1,0.5205,0.6635,0.59428176,97.68,0.491,0.0,BTC-27DEC19-16000-P,10509.13,0.0,0.0045,5.0,1.34,0.2,500.0,26.06968,-8.6686,-53.17999,6e-05,-0.62506
220.64,SYN.ETH-16AUG19,1564743547059,open,66.0,0.004,0.046,0.022615,98.4,0.02,0.0,ETH-16AUG19-260-C,220.08,93.84,0.02,200.0,0.024,2.0,100.76,0.12861,-0.45605,0.01687,0.00706,0.22375
10644.84,BTC-27SEP19,1564743547066,open,0.89,0.0,0.8455,0.9445,0.89220675,102.39,None,0.0,BTC-27SEP19-20000-P,10509.13,0.0,0.0045,11.0,1.441,0.2,499.88,6.46605,-5.92458,-29.45368,4e-05,-0.91526
10838.42,BTC-27DEC19,1564743547072,open,0.1,401.2,0.0575,0.139,0.09929496,94.91,0.0965,0.0,BTC-27DEC19-8000-P,10509.13,92.56,0.095,4.9,0.0995,4.9,95.02,19.83126,-6.40734,-13.50243,4e-05,-0.2103
10838.42,BTC-27DEC19,1564743547072,open,0.04,156.3,0.012,0.075,0.03955188,102.16,0.0345,0.0,BTC-27DEC19-26000-C,10509.13,100.77,0.0375,10.0,0.041,6.0,103.12,16.20055,-5.6341,4.92167,3e-05,0.1524
220.36,SYN.ETH-9AUG19,1564743547097,open,0.06,507.0,0.018,0.082,0.052118,93.83,0.05,0.0,ETH-9AUG19-220-C,220.08,88.12,0.049,310.0,0.058,310.0,104.61,0.1203,-0.82088,0.01987,0.01402,0.5307
10644.84,BTC-27SEP19,1564743547130,open,0.23,73.0,0.1795,0.279,0.2314234,96.92,0.239,0.0,BTC-27SEP19-12000-P,10509.13,95.36,0.229,14.4,0.2365,14.4,100.2,16.48335,-14.29595,-12.73843,0.0001,-0.55029
10838.42,BTC-27DEC19,1564743547130,open,0.0,376.4,0.0005,0.013,0.00319863,103.72,0.004,0.0,BTC-27DEC19-3000-P,10509.13,96.38,0.002,26.0,0.0045,16.0,109.96,2.03297,-0.7178,-0.63087,0.0,-0.01127
10838.49,BTC-27DEC19,1564743547132,open,1.26,0.0,1.1905,1.3395,1.26241848,101.37,None,0.0,BTC-27DEC19-24000-P,10509.13,0.0,0.0065,1.0,2.0505,0.2,500.0,18.05057,-6.22876,-90.81596,4e-05,-0.81985
10576.83,SYN.BTC-30AUG19,1564743547136,open,0.61,0.0,0.5775,0.6585,0.61586143,107.08,None,0.0,BTC-30AUG19-17000-P,10509.13,0.0,0.0,0.0,0.0,0.0,0.0,4.04193,-7.76313,-12.4649,4e-05,-0.92726
220.64,SYN.ETH-16AUG19,1564743547149,open,0.0,0.155,0.245,0.200999,98.4,None,0.0,ETH-16AUG19-260-P,220.08,0.0,0.0,0.0,0.0,0.0,0.0,0.12861,-0.45605,-0.08197,0.00706,-0.77625
10576.83,SYN.BTC-30AUG19,1564743547159,open,0.02,548.7,0.0055,0.039,0.02008571,101.0,0.019,0.0,BTC-30AUG19-8000-P,10509.13,99.1,0.019,24.0,0.0215,34.0,103.43,6.08918,-11.0313,-1.18938,7e-05,-0.12716
220.36,SYN.ETH-9AUG19,1564743547188,open,0.05,39.0,0.017,0.083,0.050493,93.83,0.046,0.0,ETH-9AUG19-220-P,220.08,85.61,0.046,295.0,0.055,150.0,102.09,0.1203,-0.82088,-0.02158,0.01402,-0.4693
10542.83,SYN.BTC-16AUG19,1564743547215,open,0.0,0.02,0.0775,0.04868691,94.51,None,0.0,BTC-16AUG19-10000-P,10509.13,91.48,0.0465,24.0,0.051,34.0,97.7,7.6323,-25.99153,-1.60729,0.00019,-0.35234
10525.83,SYN.BTC-9AUG19,1564743547343,open,0.08,128.2,0.0475,0.1075,0.079336,94.63,0.081,0.0,BTC-9AUG19-10000-C,10509.13,93.95,0.079,13.2,0.08,0.2,95.98,5.18593,-35.68693,1.18518,0.00026,0.67707
220.64,SYN.ETH-16AUG19,1564743547412,open,110.0,0.001,0.029,0.01183,100.22,0.009,0.0,ETH-16AUG19-280-C,220.08,92.99,0.009,545.0,0.014,250.0,105.27,0.0915,-0.33042,0.01,0.00493,0.13101
10838.49,BTC-27DEC19,1564743547427,open,0.19,446.8,0.1335,0.2425,0.19074687,94.91,0.188,0.0,BTC-27DEC19-10000-P,10508.23,93.07,0.1865,4.9,0.1925,0.4,95.67,24.9552,-8.06302,-22.79317,6e-05,-0.33186
