underlying_price,underlying_index,timestamp,state,settlement_price,open_interest,min_price,max_price,mark_price,mark_iv,last_price,interest_rate,instrument_name,index_price,bid_iv,best_bid_price,best_bid_amount,best_ask_price,best_ask_amount,ask_iv,vega,theta,rho,gamma,delta
149.92,ETH-27DEC19,1575889140026,open,0.01,5144.0,0.002,0.029,0.0111,72.42,0.012,0.0,ETH-27DEC19-180-C,149.44,68.11,0.009,841.0,0.013,1040.0,76.11,0.0754,-0.15273,0.00979,0.00946,0.14438
149.9,ETH-27DEC19,1575889140032,open,0.03,5158.0,0.011,0.058,0.031697,65.2,0.038,0.0,ETH-27DEC19-160-C,149.44,61.87,0.029,375.0,0.034,340.0,67.97,0.12313,-0.22457,0.02352,0.01716,0.35206
149.92,ETH-27DEC19,1575889140035,open,0.01,5144.0,0.002,0.029,0.0111,72.42,0.012,0.0,ETH-27DEC19-180-C,149.44,68.11,0.009,1141.0,0.013,1040.0,76.11,0.0754,-0.15273,0.00979,0.00946,0.14438
149.91,ETH-27DEC19,1575889140326,open,4.08,1.0,3.923,4.227,4.070047,238.6,3.236,0.0,ETH-27DEC19-760-P,149.43,0.0,0.02,50.0,0.0,0.0,0.0,0.00255,-0.01703,-0.37205,0.0001,-0.99753
149.91,ETH-27DEC19,1575889140326,open,1.94,0.0,1.85,2.026,1.935293,160.04,None,0.0,ETH-27DEC19-440-P,149.43,0.0,0.002,50.0,0.0,0.0,0.0,0.0022,-0.00983,-0.21535,0.00012,-0.9979
149.91,ETH-27DEC19,1575889140326,open,0.01,6692.0,0.001,0.021,0.007226,78.15,0.006,0.0,ETH-27DEC19-120-P,149.43,74.43,0.006,800.0,0.008,200.0,80.35,0.05155,-0.11267,-0.00676,0.00599,-0.08483
149.91,ETH-27DEC19,1575889140326,open,0.06,318.0,0.032,0.092,0.056658,64.55,0.056,0.0,ETH-27DEC19-150-C,149.43,61.53,0.054,14.0,0.059,500.0,67.21,0.13205,-0.23842,0.03452,0.01859,0.5268
152.26,ETH-27MAR20,1575889140326,open,2.69,0.0,2.572,2.809,2.683925,110.15,None,0.0,ETH-27MAR20-560-P,149.43,0.0,0.02,50.0,0.0,0.0,0.0,0.05838,-0.02953,-1.659,0.00077,-0.96885
149.91,ETH-27DEC19,1575889140326,open,0.34,0.0,0.313,0.359,0.335886,103.97,None,0.0,ETH-27DEC19-100-C,149.43,0.0,0.332,1.0,0.0,0.0,0.0,0.02283,-0.06641,0.04652,0.002,0.96958
152.25,ETH-27MAR20,1575889140327,open,0.37,1.0,0.342,0.406,0.373864,79.49,0.337,0.0,ETH-27MAR20-100-C,149.43,0.0,0.343,31.0,0.0,0.0,0.0,0.16433,-0.05999,0.23079,0.00299,0.88204
149.9,ETH-27DEC19,1575889140327,open,3.54,1.0,3.405,3.676,3.536358,120.0,2.792,0.0,ETH-27DEC19-680-P,149.43,0.0,0.02,50.0,0.0,0.0,0.0,0.0,0.0,-0.33303,0.0,-1.0
152.25,ETH-27MAR20,1575889140328,open,0.03,100.0,0.013,0.055,0.030635,79.45,0.038,0.0,ETH-27MAR20-100-P,149.43,76.98,0.028,320.0,0.033,620.0,81.62,0.16426,-0.05994,-0.06745,0.00299,-0.11788
152.25,ETH-27MAR20,1575889140328,open,2.95,0.0,2.827,3.079,2.946134,112.53,None,0.0,ETH-27MAR20-600-P,149.43,0.0,0.03,50.0,0.0,0.0,0.0,0.05211,-0.02693,-1.77978,0.00067,-0.97283
149.54,SYN.ETH-13DEC19,1575889140327,open,0.03,169.0,0.005,0.055,0.024812,56.49,0.024,0.0,ETH-13DEC19-150-P,149.43,52.08,0.023,500.0,0.026,500.0,59.38,0.06146,-0.44792,-0.00848,0.04581,-0.50925
149.9,ETH-27DEC19,1575889140328,open,0.28,0.0,0.234,0.319,0.274702,77.1,None,0.0,ETH-27DEC19-190-P,149.43,55.99,0.269,340.0,0.294,340.0,114.17,0.05655,-0.12194,-0.08652,0.00666,-0.9039
149.9,ETH-27DEC19,1575889140328,open,1.54,0.0,1.461,1.613,1.534709,0.0,None,0.0,ETH-27DEC19-380-P,149.43,0.0,0.02,50.0,0.0,0.0,0.0,0.0,0.0,-0.1861,0.0,-1.0
152.25,ETH-27MAR20,1575889140328,open,2.43,0.0,2.317,2.54,2.422223,107.16,None,0.0,ETH-27MAR20-520-P,149.43,0.0,0.006,50.0,0.0,0.0,0.0,0.06494,-0.03196,-1.53808,0.00088,-0.96454
149.9,ETH-27DEC19,1575889140328,open,2.21,21.0,2.109,2.3,2.201708,0.0,0.629,0.0,ETH-27DEC19-480-P,149.43,0.0,0.002,50.0,0.0,0.0,0.0,0.0,0.0,-0.23508,0.0,-1.0
153.59,SYN.ETH-26JUN20,1575889140328,open,2.16,0.0,2.046,2.279,2.155371,97.83,None,0.0,ETH-26JUN20-480-P,149.43,0.0,0.01,50.0,0.0,0.0,0.0,0.21754,-0.05324,-2.55901,0.00172,-0.88724
149.9,ETH-27DEC19,1575889140329,open,0.0,2053.0,0.001,0.011,0.001129,120.0,0.003,0.0,ETH-27DEC19-280-C,149.43,118.21,0.001,561.0,0.002,701.0,129.43,0.01126,-0.03779,0.00089,0.00085,0.01321
149.9,ETH-27DEC19,1575889140328,open,0.01,139.0,0.003,0.033,0.01409,70.25,0.017,0.0,ETH-27DEC19-130-P,149.43,68.21,0.013,360.0,0.016,661.0,73.73,0.08076,-0.1587,-0.01279,0.01045,-0.16014
153.59,SYN.ETH-26JUN20,1575889140327,open,2.67,0.0,2.549,2.808,2.670209,101.96,None,0.0,ETH-26JUN20-560-P,149.43,0.0,0.01,50.0,0.0,0.0,0.0,0.18543,-0.0473,-3.01069,0.00141,-0.90943
149.9,ETH-27DEC19,1575889140329,open,0.1,13397.0,0.063,0.137,0.099076,65.18,0.115,0.0,ETH-27DEC19-160-P,149.43,60.17,0.095,120.0,0.104,340.0,71.12,0.12313,-0.22446,-0.05485,0.01717,-0.64801
152.25,ETH-27MAR20,1575889140329,open,0.06,852.0,0.029,0.101,0.061706,82.21,0.065,0.0,ETH-27MAR20-220-C,149.43,80.72,0.059,1.0,0.064,500.0,83.46,0.27785,-0.1049,0.09723,0.00489,0.2758
152.25,ETH-27MAR20,1575889140330,open,0.28,40.0,0.237,0.317,0.27764,77.04,0.459,0.0,ETH-27MAR20-120-C,149.43,39.66,0.225,1.0,0.0,0.0,0.0,0.24547,-0.08684,0.22867,0.00461,0.78116
153.59,SYN.ETH-26JUN20,1575889140326,open,1.9,0.0,1.796,2.017,1.899935,96.01,None,0.0,ETH-26JUN20-440-P,149.43,0.0,0.01,50.0,0.0,0.0,0.0,0.24052,-0.05777,-2.32962,0.00194,-0.86993
152.25,ETH-27MAR20,1575889140329,open,1.13,7.0,1.049,1.207,1.123535,91.81,1.28,0.0,ETH-27MAR20-320-P,149.43,0.0,0.011,5.0,1.14,2.0,105.78,0.15557,-0.06559,-0.91479,0.00245,-0.89077
149.9,ETH-27DEC19,1575889140330,open,0.09,102.0,0.063,0.127,0.095295,65.92,0.09,0.0,ETH-27DEC19-140-C,149.43,58.89,0.09,40.0,0.098,40.0,69.45,0.11431,-0.21078,0.04482,0.01576,0.70584
152.25,ETH-27MAR20,1575889140329,open,0.01,835.0,0.002,0.026,0.011997,84.17,0.011,0.0,ETH-27MAR20-80-P,149.43,82.41,0.011,824.0,0.013,4.0,85.87,0.08792,-0.03398,-0.02887,0.00151,-0.05158
149.9,ETH-27DEC19,1575889140329,open,2.47,37.0,2.368,2.576,2.468979,120.0,0.707,0.0,ETH-27DEC19-520-P,149.43,0.0,0.003,50.0,0.0,0.0,0.0,0.0,-1e-05,-0.25467,0.0,-1.0
149.9,ETH-27DEC19,1575889140329,open,1.67,15.0,1.591,1.75,1.668101,0.0,1.248,0.0,ETH-27DEC19-400-P,149.43,0.0,0.002,50.0,0.0,0.0,0.0,0.0,0.0,-0.1959,0.0,-1.0
149.9,ETH-27DEC19,1575889140329,open,0.0,4049.0,0.001,0.011,0.001987,116.61,0.001,0.0,ETH-27DEC19-260-C,149.43,106.31,0.001,500.0,0.003,701.0,124.06,0.01773,-0.05784,0.0015,0.00138,0.02248
149.9,ETH-27DEC19,1575889140330,open,3.01,0.0,2.886,3.125,3.002134,0.0,0.953,0.0,ETH-27DEC19-600-P,149.43,0.0,0.02,50.0,0.0,0.0,0.0,0.0,0.0,-0.29385,0.0,-1.0
149.54,SYN.ETH-13DEC19,1575889140326,open,0.21,1.0,0.169,0.244,0.20483,94.53,0.232,0.0,ETH-13DEC19-180-P,149.43,0.0,0.02,2.0,0.336,1.0,490.69,0.01102,-0.13437,-0.01863,0.00491,-0.96815
152.25,ETH-27MAR20,1575889140330,open,1.9,0.0,1.808,2.003,1.899855,101.73,None,0.0,ETH-27MAR20-440-P,149.43,0.0,0.003,50.0,0.0,0.0,0.0,0.08755,-0.0409,-1.29365,0.00124,-0.94869
149.9,ETH-27DEC19,1575889140330,open,0.02,406.0,0.005,0.042,0.01797,67.9,0.022,0.0,ETH-27DEC19-170-C,149.43,64.87,0.016,791.0,0.02,500.0,70.93,0.09898,-0.18798,0.01505,0.01325,0.22295
149.54,SYN.ETH-13DEC19,1575889140326,open,0.08,48.0,0.042,0.11,0.075268,63.72,0.08,0.0,ETH-13DEC19-160-P,149.43,41.54,0.071,40.0,0.079,40.0,77.3,0.03742,-0.30766,-0.01454,0.02473,-0.84046
152.25,ETH-27MAR20,1575889140331,open,2.16,0.0,2.063,2.272,2.161053,105.05,None,0.0,ETH-27MAR20-480-P,149.43,0.0,0.004,50.0,0.0,0.0,0.0,0.07629,-0.03681,-1.41595,0.00105,-0.95678
153.59,SYN.ETH-26JUN20,1575889140326,open,1.15,0.0,1.058,1.246,1.147235,90.18,1.06,0.0,ETH-26JUN20-320-P,149.43,0.0,0.015,2.0,1.171,1.0,100.4,0.33807,-0.07627,-1.61943,0.0029,-0.77823
149.54,SYN.ETH-13DEC19,1575889140327,open,0.0,507.0,0.001,0.011,0.00101,92.25,0.001,0.0,ETH-13DEC19-180-C,149.43,0.0,0.0,0.0,0.002,1001.0,104.03,0.01006,-0.11975,0.00044,0.00459,0.02855
149.54,SYN.ETH-13DEC19,1575889140328,open,0.07,26.0,0.038,0.097,0.068081,59.46,0.068,0.0,ETH-13DEC19-140-C,149.43,42.14,0.065,40.0,0.073,40.0,78.59,0.03331,-0.25553,0.01267,0.02359,0.86585
153.59,SYN.ETH-26JUN20,1575889140327,open,0.36,357.0,0.291,0.434,0.361164,84.63,0.405,0.0,ETH-26JUN20-180-P,149.43,72.71,0.326,210.0,0.398,1.0,97.17,0.45261,-0.09582,-0.70425,0.00414,-0.47617
149.54,SYN.ETH-13DEC19,1575889140326,open,0.34,1.0,0.299,0.381,0.338023,125.2,0.341,0.0,ETH-13DEC19-200-P,149.43,0.0,0.0,0.0,0.439,1.0,492.29,0.0056,-0.09047,-0.02102,0.00188,-0.9857
153.59,SYN.ETH-26JUN20,1575889140328,open,0.11,555.0,0.062,0.162,0.109305,85.67,0.109,0.0,ETH-26JUN20-240-C,149.43,84.46,0.106,464.0,0.112,500.0,86.65,0.42069,-0.09016,0.20189,0.0038,0.34934
153.59,SYN.ETH-26JUN20,1575889140330,open,1.65,0.0,1.548,1.757,1.64651,94.33,None,0.0,ETH-26JUN20-400-P,149.43,0.0,0.01,50.0,0.0,0.0,0.0,0.2689,-0.06345,-2.09691,0.00221,-0.84667
149.54,SYN.ETH-13DEC19,1575889140331,open,0.13,4.0,0.104,0.159,0.131971,78.55,0.14,0.0,ETH-13DEC19-130-C,149.43,0.0,0.13,1.0,0.136,40.0,108.9,0.01282,-0.12987,0.01318,0.00687,0.96171
153.59,SYN.ETH-26JUN20,1575889140327,open,0.12,521.0,0.071,0.158,0.112162,78.71,0.106,0.0,ETH-26JUN20-120-P,149.43,76.89,0.108,482.0,0.117,210.0,80.83,0.35117,-0.06915,-0.29394,0.00345,-0.23733
150.82,SYN.ETH-31JAN20,1575889140329,open,0.14,5.0,0.105,0.179,0.142693,70.51,0.137,0.0,ETH-31JAN20-140-C,149.43,66.42,0.137,96.0,0.147,96.0,73.59,0.21041,-0.14029,0.11295,0.00906,0.65968
153.59,SYN.ETH-26JUN20,1575889140332,open,0.19,798.0,0.133,0.245,0.189049,84.58,0.184,0.0,ETH-26JUN20-180-C,149.43,81.51,0.18,210.0,0.187,500.0,83.88,0.45262,-0.09576,0.28145,0.00414,0.52369
150.82,SYN.ETH-31JAN20,1575889140327,open,0.02,440.0,0.005,0.04,0.018251,79.28,0.025,0.0,ETH-31JAN20-220-C,149.43,76.49,0.016,980.0,0.021,1280.0,82.5,0.12502,-0.09373,0.02564,0.00479,0.13561
153.59,SYN.ETH-26JUN20,1575889140327,open,0.02,600.0,0.005,0.045,0.018072,103.62,0.018,0.0,ETH-26JUN20-640-C,149.43,101.45,0.016,640.0,0.02,141.0,105.51,0.15214,-0.03944,0.04344,0.00114,0.06972
153.59,SYN.ETH-26JUN20,1575889140330,open,0.04,667.0,0.012,0.071,0.034763,95.77,0.038,0.0,ETH-26JUN20-440-C,149.43,93.96,0.032,440.0,0.037,500.0,97.19,0.23927,-0.05732,0.07934,0.00193,0.12909
153.59,SYN.ETH-26JUN20,1575889140328,open,0.13,708.0,0.078,0.182,0.128376,84.58,0.125,0.0,ETH-26JUN20-220-C,149.43,83.04,0.124,460.0,0.131,500.0,85.5,0.43822,-0.09272,0.22591,0.00401,0.39697
149.54,SYN.ETH-13DEC19,1575889140332,open,0.02,1124.0,0.004,0.049,0.021629,56.17,0.028,0.0,ETH-13DEC19-150-C,149.43,52.2,0.02,501.0,0.024,500.0,61.93,0.06146,-0.44533,0.00745,0.04608,0.49056
153.59,SYN.ETH-26JUN20,1575889140328,open,2.42,0.0,2.297,2.543,2.412768,100.21,None,0.0,ETH-26JUN20-520-P,149.43,0.0,0.01,50.0,0.0,0.0,0.0,0.20142,-0.05049,-2.7851,0.00156,-0.89865
153.59,SYN.ETH-26JUN20,1575889140360,open,0.57,0.0,0.483,0.642,0.560962,84.65,None,0.0,ETH-26JUN20-220-P,149.43,0.0,0.432,51.0,0.606,1.0,100.18,0.4383,-0.09281,-0.97876,0.00401,-0.60276
149.91,ETH-27DEC19,1575889140447,open,0.01,5144.0,0.002,0.029,0.0111,72.47,0.012,0.0,ETH-27DEC19-180-C,149.43,70.24,0.01,500.0,0.013,1040.0,76.13,0.07543,-0.15291,0.00979,0.00946,0.14449
149.91,ETH-27DEC19,1575889140682,open,0.03,5158.0,0.011,0.058,0.031697,65.15,0.038,0.0,ETH-27DEC19-160-C,149.43,61.85,0.029,875.0,0.034,340.0,67.94,0.12315,-0.2244,0.02352,0.01717,0.35208
149.73,SYN.ETH-20DEC19,1575889140903,open,0.0,68.0,0.001,0.016,0.004271,72.4,0.005,0.0,ETH-20DEC19-180-C,149.43,71.36,0.004,500.0,0.005,2.0,75.18,0.03812,-0.12686,0.00334,0.00788,0.07915
7555.6,SYN.BTC-31JAN20,1575889140904,open,0.01,523.0,0.004,0.031,0.01392218,71.61,0.015,0.0,BTC-31JAN20-5500-P,7486.03,70.96,0.0135,37.0,0.015,27.0,73.24,4.91934,-3.33101,-1.20932,8e-05,-0.09657
7497.29,SYN.BTC-20DEC19,1575889140917,open,0.06,2.6,0.0365,0.0895,0.0567825,53.63,0.0565,0.0,BTC-20DEC19-7750-P,7486.03,50.92,0.055,12.0,0.0585,27.0,56.25,4.91798,-12.12635,-1.51723,0.00055,-0.6224
7504.58,BTC-27DEC19,1575889140918,open,5.41,0.0,5.271,5.5265,5.3960856,0.0,None,0.0,BTC-27DEC19-48000-P,7486.03,0.0,0.0005,1.0,0.0,0.0,0.0,0.0,0.0,-23.50776,0.0,-1.0
7490.02,SYN.BTC-13DEC19,1575889140918,open,0.04,237.1,0.022,0.067,0.041277,53.36,0.0385,0.0,BTC-13DEC19-7250-C,7486.03,51.03,0.0405,4.0,0.043,21.0,58.35,2.54098,-17.49293,0.54958,0.0008,0.73231
7555.6,SYN.BTC-31JAN20,1575889141013,open,0.01,523.0,0.004,0.031,0.01392218,71.61,0.015,0.0,BTC-31JAN20-5500-P,7486.03,70.96,0.0135,37.0,0.015,43.0,73.24,4.91934,-3.33101,-1.20932,8e-05,-0.09657
7497.29,SYN.BTC-20DEC19,1575889141015,open,0.06,2.6,0.0365,0.0895,0.0567825,53.63,0.0565,0.0,BTC-20DEC19-7750-P,7486.03,50.15,0.0545,27.0,0.0585,27.0,56.25,4.91798,-12.12635,-1.51723,0.00055,-0.6224
7497.29,SYN.BTC-20DEC19,1575889141017,open,0.06,2.6,0.0365,0.0895,0.0567825,53.63,0.0565,0.0,BTC-20DEC19-7750-P,7486.03,50.15,0.0545,27.0,0.058,12.0,55.5,4.91798,-12.12635,-1.51723,0.00055,-0.6224
7490.02,SYN.BTC-13DEC19,1575889141018,open,0.04,237.1,0.022,0.067,0.041277,53.36,0.0385,0.0,BTC-13DEC19-7250-C,7486.03,51.03,0.0405,4.0,0.043,17.0,58.35,2.54098,-17.49293,0.54958,0.0008,0.73231
7637.26,BTC-27MAR20,1575889141238,open,0.05,616.3,0.029,0.0835,0.05148787,68.52,0.05,0.0,BTC-27MAR20-6000-P,7486.03,67.22,0.0495,8.7,0.0535,28.5,69.82,11.7734,-3.70467,-5.79168,0.0001,-0.20274
7555.61,SYN.BTC-31JAN20,1575889141240,open,0.23,10.0,0.194,0.2705,0.22917664,65.04,0.2295,0.0,BTC-31JAN20-9000-P,7486.03,60.94,0.224,2.0,0.239,6.1,72.52,9.68047,-5.95413,-10.38913,0.00018,-0.72
7504.58,BTC-27DEC19,1575889141244,open,2.74,0.2,2.658,2.807,2.73104996,0.0,2.2765,0.0,BTC-27DEC19-28000-P,7486.03,0.0,0.0,0.0,0.0,0.0,0.0,0.0,0.0,-13.71286,0.0,-1.0
7637.26,BTC-27MAR20,1575889141267,open,0.09,264.7,0.057,0.1305,0.08886773,69.14,0.0885,0.0,BTC-27MAR20-9000-C,7486.62,68.02,0.0865,14.4,0.0905,13.0,69.92,16.14473,-5.12655,7.1531,0.00013,0.40286
7637.26,BTC-27MAR20,1575889141267,open,4.25,1.0,4.1355,4.3565,4.24012071,119.96,4.54,0.0,BTC-27MAR20-40000-P,7486.62,0.0,0.0015,10.0,0.0,0.0,0.0,1.48088,-0.81586,-119.05895,1e-05,-0.98608
7637.26,BTC-27MAR20,1575889141267,open,0.06,476.2,0.0355,0.102,0.06307618,70.91,0.0645,0.0,BTC-27MAR20-10000-C,7486.62,69.82,0.061,15.4,0.065,15.0,71.91,14.66776,-4.77643,5.57289,0.00012,0.3077
7504.58,BTC-27DEC19,1575889141267,open,4.34,0.0,4.226,4.4385,4.33007133,0.0,2.58,0.0,BTC-27DEC19-40000-P,7486.62,0.0,0.001,1.0,0.0,0.0,0.0,0.0,0.0,-19.5898,0.0,-1.0
7505.17,BTC-27DEC19,1575889141267,open,3.01,0.2,2.9195,3.079,2.99755883,207.05,2.51,0.0,BTC-27DEC19-30000-P,7486.62,0.0,0.0,0.0,0.0,0.0,0.0,0.13334,-0.77222,-14.68397,0.0,-0.9974
7505.17,BTC-27DEC19,1575889141267,open,1.94,4.9,1.8745,1.9915,1.93155353,162.56,2.217,0.0,BTC-27DEC19-22000-P,7486.62,0.0,0.0,0.0,0.0,0.0,0.0,0.12796,-0.58181,-10.76616,0.0,-0.99752
7505.17,BTC-27DEC19,1575889141268,open,5.94,0.8,5.7935,6.07,5.92909273,287.89,3.59,0.0,BTC-27DEC19-52000-P,7486.62,0.0,0.001,1.0,0.0,0.0,0.0,0.1641,-1.32141,-25.4567,0.0,-0.99673
7637.26,BTC-27MAR20,1575889141268,open,0.18,54.2,0.1505,0.2255,0.18523285,67.26,0.1895,0.0,BTC-27MAR20-7000-C,7486.62,65.14,0.181,18.0,0.187,10.0,68.15,15.23019,-4.70434,10.88569,0.00013,0.66307
7637.26,BTC-27MAR20,1575889141268,open,0.13,759.4,0.092,0.1685,0.12661771,67.26,0.1305,0.0,BTC-27MAR20-8000-C,7486.62,66.75,0.1255,0.5,0.129,2.0,68.36,16.61316,-5.13154,9.02705,0.00014,0.52287
7505.17,BTC-27DEC19,1575889141269,open,2.47,0.0,2.397,2.535,2.46455112,186.2,None,0.0,BTC-27DEC19-26000-P,7486.62,0.0,0.0,0.0,0.0,0.0,0.0,0.12806,-0.66695,-12.72525,0.0,-0.99752
7505.17,BTC-27DEC19,1575889141269,open,2.2,0.0,2.1355,2.263,2.19805617,175.09,None,0.0,BTC-27DEC19-24000-P,7486.62,0.0,0.0,0.0,0.0,0.0,0.0,0.12918,-0.63265,-11.74563,0.0,-0.99749
7637.85,BTC-27MAR20,1575889141269,open,2.42,0.0,2.339,2.492,2.4096414,103.83,None,0.0,BTC-27MAR20-26000-P,7486.62,0.0,0.0015,10.0,0.0,0.0,0.0,2.86091,-1.36419,-76.99151,2e-05,-0.96971
7637.85,BTC-27MAR20,1575889141269,open,0.27,21.4,0.2355,0.301,0.26586613,68.49,0.2745,0.0,BTC-27MAR20-6000-C,7486.62,66.62,0.263,8.0,0.2685,2.0,70.19,11.77056,-3.70235,12.10908,0.0001,0.79736
7505.17,BTC-27DEC19,1575889141270,open,0.27,69.4,0.253,0.289,0.26975125,81.04,0.29,0.0,BTC-27DEC19-5500-C,7486.62,0.0,0.267,10.1,0.2805,10.0,119.64,1.25776,-2.85087,2.55859,6e-05,0.96585
7490.05,SYN.BTC-13DEC19,1575889141268,open,0.07,87.5,0.0485,0.092,0.0693594,59.01,0.0695,0.0,BTC-13DEC19-7000-C,7486.62,54.8,0.0685,15.0,0.0705,15.0,64.09,1.60202,-12.19666,0.63955,0.00046,0.87351
7637.85,BTC-27MAR20,1575889141271,open,0.27,101.0,0.2235,0.3195,0.26729929,69.18,0.265,0.0,BTC-27MAR20-9000-P,7486.62,66.9,0.2625,10.0,0.2705,10.0,70.69,16.1479,-5.12985,-19.6902,0.00013,-0.59695
7505.17,BTC-27DEC19,1575889141271,open,5.41,0.0,5.271,5.5265,5.39609412,276.35,None,0.0,BTC-27DEC19-48000-P,7486.62,0.0,0.0005,1.0,0.0,0.0,0.0,0.16026,-1.23877,-23.49791,0.0,-0.99682
7505.17,BTC-27DEC19,1575889141272,open,3.81,1.3,3.7035,3.8945,3.79707059,233.77,3.212,0.0,BTC-27DEC19-36000-P,7486.62,0.0,0.0,0.0,0.0,0.0,0.0,0.14209,-0.92906,-17.62197,0.0,-0.99722
7497.32,SYN.BTC-20DEC19,1575889141267,open,0.11,0.0,0.085,0.1405,0.10966172,57.47,None,0.0,BTC-20DEC19-8250-P,7486.62,0.0,0.1,0.1,0.1225,0.1,82.07,3.3978,-8.97762,-2.07644,0.00035,-0.81984
7769.94,SYN.BTC-26JUN20,1575889141270,open,0.03,909.0,0.011,0.0655,0.02933335,85.68,0.029,0.0,BTC-26JUN20-20000-C,7486.62,84.42,0.0275,21.0,0.0305,5.0,86.46,11.51287,-2.46759,3.86465,4e-05,0.12016
7555.61,SYN.BTC-31JAN20,1575889141271,open,0.05,51.2,0.03,0.085,0.05065691,62.89,0.054,0.0,BTC-31JAN20-8500-C,7486.62,62.07,0.0495,23.0,0.052,3.0,63.83,10.70413,-6.36547,3.32907,0.00021,0.35481
7769.94,SYN.BTC-26JUN20,1575889141272,open,0.31,107.8,0.26,0.3745,0.31194249,71.23,0.327,0.0,BTC-26JUN20-9000-P,7486.62,69.22,0.306,8.0,0.318,8.0,73.29,22.93564,-4.08705,-34.80541,0.0001,-0.50607
7497.32,SYN.BTC-20DEC19,1575889141267,open,0.01,89.3,0.005,0.038,0.01457362,55.31,0.014,0.0,BTC-20DEC19-8000-C,7486.62,53.39,0.0135,35.0,0.016,18.0,57.82,4.22841,-10.75267,0.55655,0.00046,0.26371
7769.94,SYN.BTC-26JUN20,1575889141267,open,0.62,17.8,0.6095,0.6385,0.6219629,79.86,0.623,0.0,BTC-26JUN20-3000-C,7486.62,62.77,0.616,12.0,0.6345,12.0,100.04,3.73161,-0.74551,14.87909,1e-05,0.97166
7490.05,SYN.BTC-13DEC19,1575889141269,open,0.05,95.0,0.0235,0.0725,0.04338718,52.08,0.039,0.0,BTC-13DEC19-7750-P,7486.62,47.94,0.042,15.0,0.0445,4.0,55.3,2.55801,-17.18559,-0.61407,0.00082,-0.72872
7555.61,SYN.BTC-31JAN20,1575889141271,open,0.35,0.0,0.3285,0.3685,0.34679189,77.09,None,0.0,BTC-31JAN20-5000-C,7486.62,43.23,0.3385,10.1,0.363,10.0,104.52,3.43107,-2.50118,6.4916,5e-05,0.93988
7555.61,SYN.BTC-31JAN20,1575889141271,open,0.13,48.3,0.107,0.1695,0.1330033,62.79,0.134,0.0,BTC-31JAN20-7000-C,7486.62,60.25,0.1295,25.0,0.136,12.0,64.96,10.41827,-6.18602,5.87439,0.0002,0.6697
7769.94,SYN.BTC-26JUN20,1575889141267,open,0.15,261.3,0.109,0.2005,0.14965413,70.42,0.1445,0.0,BTC-26JUN20-7000-P,7486.62,68.86,0.1455,14.5,0.151,2.0,70.93,20.62773,-3.63393,-20.08813,9e-05,-0.32247
7505.17,BTC-27DEC19,1575889141304,open,0.2,135.2,0.1865,0.228,0.20597178,72.89,0.198,0.0,BTC-27DEC19-6000-C,7486.62,0.0,0.2005,10.1,0.2105,10.0,85.88,2.25463,-4.59648,2.65756,0.00011,0.929
149.72,SYN.ETH-20DEC19,1575889141333,open,0.04,2.0,0.016,0.073,0.041829,59.32,0.059,0.0,ETH-20DEC19-150-P,149.42,55.21,0.039,620.0,0.044,500.0,62.48,0.10305,-0.28104,-0.02359,0.02601,-0.48696
149.72,SYN.ETH-20DEC19,1575889141333,open,0.14,0.0,0.107,0.183,0.144078,67.31,None,0.0,ETH-20DEC19-170-P,149.42,48.53,0.138,1.0,0.16,1.0,99.74,0.06032,-0.18664,-0.04434,0.01342,-0.84978
149.72,SYN.ETH-20DEC19,1575889141333,open,0.02,203.0,0.004,0.042,0.019329,64.21,0.022,0.0,ETH-20DEC19-160-C,149.42,61.96,0.018,50.0,0.02,500.0,65.33,0.08892,-0.26249,0.01222,0.02074,0.29323
149.72,SYN.ETH-20DEC19,1575889141333,open,0.27,0.0,0.233,0.315,0.271967,81.28,None,0.0,ETH-20DEC19-190-P,149.42,0.0,0.01,50.0,0.527,1.0,500.0,0.02739,-0.10237,-0.05443,0.00505,-0.94825
149.72,SYN.ETH-20DEC19,1575889141333,open,0.2,0.0,0.175,0.228,0.201414,80.46,None,0.0,ETH-20DEC19-120-C,149.42,0.0,0.198,1.0,0.212,1.0,120.05,0.02589,-0.09575,0.03347,0.00482,0.95179
149.72,SYN.ETH-20DEC19,1575889141333,open,0.02,188.0,0.003,0.038,0.016388,61.44,0.017,0.0,ETH-20DEC19-140-P,149.42,56.99,0.014,660.0,0.019,500.0,66.18,0.0815,-0.23024,-0.01173,0.01986,-0.24647
149.72,SYN.ETH-20DEC19,1575889141333,open,0.01,227.0,0.001,0.021,0.006477,69.22,0.01,0.0,ETH-20DEC19-130-P,149.42,64.34,0.005,500.0,0.008,225.0,73.8,0.04771,-0.15183,-0.00507,0.01032,-0.10722
153.58,SYN.ETH-26JUN20,1575889141334,open,0.05,681.0,0.02,0.093,0.05084,92.15,0.055,0.0,ETH-26JUN20-360-C,149.42,90.68,0.048,478.0,0.053,500.0,93.25,0.30013,-0.06919,0.11018,0.00252,0.18185
7505.09,BTC-27DEC19,1575889142274,open,0.0,447.1,0.0005,0.0125,0.0026334,81.35,0.003,0.0,BTC-27DEC19-5500-P,7486.65,80.55,0.0025,20.5,0.003,0.5,83.44,1.27266,-2.89597,-0.13702,6e-05,-0.03464
7637.8,BTC-27MAR20,1575889142274,open,0.1,261.3,0.0695,0.143,0.10176098,67.26,0.0945,0.0,BTC-27MAR20-7000-P,7486.65,65.37,0.098,19.0,0.103,4.0,67.88,15.23003,-4.70429,-9.99298,0.00013,-0.33686
7505.09,BTC-27DEC19,1575889142274,open,0.21,862.4,0.1795,0.24,0.20747218,66.23,0.201,0.0,BTC-27DEC19-9000-P,7486.65,51.03,0.202,2.0,0.2355,6.0,111.74,3.35729,-6.2192,-3.9905,0.00018,-0.87821
7505.09,BTC-27DEC19,1575889142275,open,0.01,386.4,0.005,0.0365,0.01460167,62.24,0.014,0.0,BTC-27DEC19-8500-C,7486.65,61.27,0.014,0.4,0.0155,16.4,63.67,4.67639,-8.14181,0.68845,0.00027,0.20191
7505.09,BTC-27DEC19,1575889142274,open,0.0,1167.4,0.0005,0.0115,0.00180806,85.31,0.002,0.0,BTC-27DEC19-11000-C,7486.65,82.93,0.0015,35.5,0.002,0.3,86.67,1.02774,-2.45244,0.09173,4e-05,0.02677
7637.8,BTC-27MAR20,1575889142275,open,2.15,0.0,2.082,2.226,2.14832244,99.8,None,0.0,BTC-27MAR20-24000-P,7486.65,0.0,0.0015,10.0,0.0,0.0,0.0,3.12948,-1.43424,-70.95823,2e-05,-0.96624
7505.09,BTC-27DEC19,1575889142275,open,0.05,687.4,0.0285,0.076,0.05016813,56.5,0.0485,0.0,BTC-27DEC19-7500-C,7486.65,55.74,0.0495,12.4,0.0505,0.1,56.87,6.61072,-10.4464,1.75294,0.00042,0.52708
7505.09,BTC-27DEC19,1575889142275,open,0.02,950.3,0.009,0.045,0.02318416,58.39,0.0245,0.0,BTC-27DEC19-7000-P,7486.65,56.77,0.022,33.4,0.0245,18.5,60.17,5.52192,-9.01862,-1.08863,0.00034,-0.27299
7505.09,BTC-27DEC19,1575889142275,open,1.14,18.0,1.0905,1.178,1.13227785,125.48,1.261,0.0,BTC-27DEC19-16000-P,7486.65,0.0,0.0,0.0,0.0,0.0,0.0,0.23319,-0.81847,-7.81958,1e-05,-0.99516
7637.8,BTC-27MAR20,1575889142275,open,3.2,0.0,3.108,3.2905,3.19346999,111.57,None,0.0,BTC-27MAR20-32000-P,7486.65,0.0,0.0015,10.0,0.0,0.0,0.0,2.05052,-1.05064,-95.07497,1e-05,-0.97964
7505.09,BTC-27DEC19,1575889142275,open,0.74,98.8,0.6985,0.7725,0.73303171,104.32,0.7,0.0,BTC-27DEC19-13000-P,7486.65,0.0,0.0,0.0,0.0,0.0,0.0,0.51053,-1.48968,-6.3266,2e-05,-0.98822
7505.09,BTC-27DEC19,1575889142275,open,4.88,0.0,4.7475,4.9815,4.86265661,0.0,3.46,0.0,BTC-27DEC19-44000-P,7486.65,0.0,0.001,1.0,0.0,0.0,0.0,0.0,0.0,-21.54878,0.0,-1.0
7505.09,BTC-27DEC19,1575889142275,open,0.0,1554.7,0.0005,0.0145,0.00361974,76.56,0.003,0.0,BTC-27DEC19-10000-C,7486.65,76.06,0.0035,0.5,0.004,20.0,78.09,1.81513,-3.88698,0.18437,9e-05,0.05378
7637.83,BTC-27MAR20,1575889142275,open,3.73,0.0,3.6215,3.8225,3.71614172,114.38,None,0.0,BTC-27MAR20-36000-P,7486.65,0.0,0.0015,10.0,0.0,0.0,0.0,1.58188,-0.83094,-107.10487,1e-05,-0.98498
7505.09,BTC-27DEC19,1575889142276,open,0.4,21.6,0.3885,0.4155,0.4011315,102.41,0.5285,0.0,BTC-27DEC19-4500-C,7486.65,0.0,0.4,0.1,0.4075,11.0,151.46,0.39929,-1.14376,2.16852,1e-05,0.99111
7637.83,BTC-27MAR20,1575889142276,open,3.46,0.0,3.3645,3.5555,3.4545206,112.06,None,0.0,BTC-27MAR20-34000-P,7486.65,0.0,0.0015,10.0,0.0,0.0,0.0,1.70768,-0.87879,-101.11246,1e-05,-0.98357
7505.09,BTC-27DEC19,1575889142276,open,1.0,211.0,0.9595,1.0435,0.99907175,117.27,0.959,0.0,BTC-27DEC19-15000-P,7486.65,0.0,0.0,0.0,0.0,0.0,0.0,0.26418,-0.86653,-7.32729,1e-05,-0.99443
7505.09,BTC-27DEC19,1575889142276,open,5.41,0.0,5.27,5.5255,5.39559131,0.0,None,0.0,BTC-27DEC19-48000-P,7486.65,0.0,0.0005,1.0,0.0,0.0,0.0,0.0,0.0,-23.50776,0.0,-1.0
7505.12,BTC-27DEC19,1575889142276,open,3.27,0.3,3.18,3.35,3.26375026,0.0,2.744,0.0,BTC-27DEC19-32000-P,7486.65,0.0,0.0,0.0,0.0,0.0,0.0,0.0,0.0,-15.67184,0.0,-1.0
7637.83,BTC-27MAR20,1575889142277,open,1.63,5.2,1.57,1.698,1.62791063,93.68,1.108,0.0,BTC-27MAR20-20000-P,7486.65,0.0,0.0015,10.0,0.0,0.0,0.0,4.44047,-1.91044,-58.68599,3e-05,-0.94797
7637.83,BTC-27MAR20,1575889142278,open,1.89,5.6,1.826,1.9615,1.88770761,96.63,1.545,0.0,BTC-27MAR20-22000-P,7486.65,0.0,0.0015,10.0,0.0,0.0,0.0,3.65759,-1.62307,-64.85922,2e-05,-0.95914
7637.83,BTC-27MAR20,1575889142278,open,0.02,430.2,0.0075,0.049,0.02160907,79.68,0.021,0.0,BTC-27MAR20-14000-C,7486.65,78.19,0.02,29.0,0.023,19.0,80.94,8.34726,-3.05462,2.24285,6e-05,0.12005
7505.12,BTC-27DEC19,1575889142278,open,0.87,268.3,0.829,0.9085,0.86615327,114.19,0.78,0.0,BTC-27DEC19-14000-P,7486.65,0.0,0.0,0.0,0.0,0.0,0.0,0.42783,-1.36645,-6.82387,1e-05,-0.99038
7490.63,SYN.BTC-13DEC19,1575889142275,open,0.01,554.7,0.0005,0.0305,0.00868149,52.02,0.007,0.0,BTC-13DEC19-7750-C,7486.65,48.51,0.0075,46.0,0.009,1.0,52.95,2.55929,-17.17454,0.20905,0.00083,0.27151
7497.88,SYN.BTC-20DEC19,1575889142274,open,0.21,0.0,0.178,0.2335,0.20354605,67.53,None,0.0,BTC-20DEC19-9000-P,7486.65,0.0,0.0,0.0,0.218,0.1,108.04,1.65575,-5.14057,-2.54195,0.00015,-0.93425
7556.16,SYN.BTC-31JAN20,1575889142274,open,0.01,89.1,0.0005,0.0245,0.00850048,76.14,0.009,0.0,BTC-31JAN20-12000-C,7486.65,74.19,0.0075,53.0,0.0095,31.4,77.97,4.00301,-2.88212,0.70999,6e-05,0.07336
7770.47,SYN.BTC-26JUN20,1575889142277,open,2.88,0.0,2.7905,2.98,2.87639409,97.09,None,0.0,BTC-26JUN20-30000-P,7486.65,0.0,0.002,1.0,0.0,0.0,0.0,7.21411,-1.75205,-162.2178,2e-05,-0.93588
7497.88,SYN.BTC-20DEC19,1575889142274,open,0.08,0.5,0.0585,0.114,0.08162299,55.42,0.086,0.0,BTC-20DEC19-8000-P,7486.65,52.51,0.08,15.0,0.0835,17.0,58.7,4.23472,-10.79028,-1.82566,0.00046,-0.73556
7497.88,SYN.BTC-20DEC19,1575889142274,open,0.2,0.0,0.184,0.222,0.20184473,75.46,None,0.0,BTC-20DEC19-6000-C,7486.65,0.0,0.1995,0.1,0.2135,9.0,121.27,1.06629,-3.69894,1.69859,8e-05,0.96215
7497.88,SYN.BTC-20DEC19,1575889142274,open,0.11,0.7,0.0855,0.131,0.1072469,58.82,0.1065,0.0,BTC-20DEC19-6750-C,7486.65,44.06,0.1025,9.0,0.1115,9.0,69.1,2.86413,-7.74541,1.68437,0.00029,0.86118
7556.16,SYN.BTC-31JAN20,1575889142274,open,0.06,43.1,0.038,0.095,0.05946774,62.81,0.0575,0.0,BTC-31JAN20-7000-P,7486.65,61.38,0.0575,21.8,0.0615,42.8,64.29,10.41794,-6.18789,-4.26553,0.0002,-0.33021
7556.16,SYN.BTC-31JAN20,1575889142278,open,0.18,7.1,0.144,0.2195,0.17564905,62.93,0.196,0.0,BTC-31JAN20-8500-P,7486.65,24.8,0.13,2.1,0.2105,2.0,86.79,10.70774,-6.37188,-8.98221,0.00021,-0.64493
7770.47,SYN.BTC-26JUN20,1575889142275,open,2.37,0.0,2.2875,2.46,2.36505938,92.84,None,0.0,BTC-26JUN20-26000-P,7486.65,0.0,0.002,1.0,0.0,0.0,0.0,8.43653,-1.95938,-139.84286,3e-05,-0.92138
7770.47,SYN.BTC-26JUN20,1575889142274,open,0.63,7.8,0.5705,0.7,0.62867413,75.33,0.64,0.0,BTC-26JUN20-12000-P,7486.65,24.85,0.545,0.1,0.6545,2.0,84.96,20.23515,-3.81299,-56.18736,8e-05,-0.69178
7497.88,SYN.BTC-20DEC19,1575889142274,open,0.23,0.0,0.218,0.254,0.23471751,83.34,None,0.0,BTC-20DEC19-5750-C,7486.65,0.0,0.22,9.0,0.2475,9.0,139.64,0.82206,-3.14953,1.64802,6e-05,0.97238
7497.88,SYN.BTC-20DEC19,1575889142274,open,0.01,227.5,0.0035,0.035,0.01314408,56.1,0.0125,0.0,BTC-20DEC19-7000-P,7486.65,55.82,0.013,3.0,0.014,31.0,57.74,3.87408,-9.99136,-0.53031,0.00041,-0.22423
7497.88,SYN.BTC-20DEC19,1575889142274,open,0.17,0.0,0.146,0.201,0.17143885,64.18,None,0.0,BTC-20DEC19-8750-P,7486.65,0.0,0.0,0.0,0.183,0.1,94.09,2.10797,-6.22,-2.41524,0.0002,-0.90964
7770.47,SYN.BTC-26JUN20,1575889142278,open,2.63,0.0,2.539,2.7205,2.62094872,95.43,None,0.0,BTC-26JUN20-28000-P,7486.65,0.0,0.002,1.0,0.0,0.0,0.0,7.87827,-1.8808,-151.01862,2e-05,-0.92813
7497.88,SYN.BTC-20DEC19,1575889142274,open,0.0,91.0,0.0005,0.0135,0.00311645,67.12,0.0035,0.0,BTC-20DEC19-9000-C,7486.65,64.12,0.0025,35.0,0.0035,20.0,68.83,1.63089,-5.03239,0.1371,0.00015,0.06448
7490.63,SYN.BTC-13DEC19,1575889142277,open,0.02,417.1,0.0065,0.0465,0.02046274,51.26,0.02,0.0,BTC-13DEC19-7500-C,7486.65,48.92,0.0195,21.2,0.0205,5.0,51.35,3.07932,-20.36243,0.38229,0.00101,0.5011
7497.88,SYN.BTC-20DEC19,1575889142274,open,0.0,56.3,0.0005,0.0165,0.00435452,63.87,0.004,0.0,BTC-20DEC19-8750-C,7486.65,60.64,0.0035,35.0,0.005,20.0,66.11,2.08787,-6.13047,0.18956,0.0002,0.0892
7497.88,SYN.BTC-20DEC19,1575889142274,open,0.04,39.3,0.0205,0.0665,0.03653831,53.27,0.036,0.0,BTC-20DEC19-7500-C,7486.65,51.04,0.035,12.0,0.0375,1.0,54.67,5.15859,-12.63473,1.07365,0.00058,0.51711
7556.16,SYN.BTC-31JAN20,1575889142275,open,0.28,0.0,0.2645,0.311,0.28598638,71.54,None,0.0,BTC-31JAN20-5500-C,7486.65,42.99,0.2735,9.0,0.306,9.0,97.26,4.91187,-3.32287,6.76101,8e-05,0.90364
7497.88,SYN.BTC-20DEC19,1575889142274,open,0.01,718.5,0.0005,0.023,0.00756911,59.0,0.008,0.0,BTC-20DEC19-6750-P,7486.65,57.49,0.007,20.0,0.008,0.2,60.11,2.87334,-7.79376,-0.32851,0.00029,-0.13947
7770.47,SYN.BTC-26JUN20,1575889142276,open,3.14,0.0,3.042,3.24,3.13227583,98.74,None,0.0,BTC-26JUN20-32000-P,7486.65,0.0,0.002,1.0,0.0,0.0,0.0,6.66947,-1.64733,-173.36661,2e-05,-0.94201
153.58,SYN.ETH-26JUN20,1575889142684,open,0.05,681.0,0.02,0.093,0.050831,92.15,0.055,0.0,ETH-26JUN20-360-C,149.42,90.68,0.048,180.0,0.053,500.0,93.25,0.30013,-0.06919,0.11018,0.00252,0.18185
7637.8,BTC-27MAR20,1575889142775,open,0.06,476.2,0.0355,0.102,0.06309313,70.91,0.0645,0.0,BTC-27MAR20-10000-C,7486.65,69.82,0.061,15.4,0.065,23.0,71.9,14.67013,-4.77718,5.57434,0.00012,0.30777
7637.83,BTC-27MAR20,1575889142820,open,0.27,21.4,0.2355,0.301,0.26590719,68.52,0.2745,0.0,BTC-27MAR20-6000-C,7486.65,66.62,0.263,8.0,0.2685,10.0,70.19,11.7724,-3.70442,12.10689,0.0001,0.79731
149.89,ETH-27DEC19,1575889142876,open,0.01,5144.0,0.002,0.029,0.011073,72.49,0.012,0.0,ETH-27DEC19-180-C,149.42,68.16,0.009,841.0,0.013,1040.0,76.17,0.07538,-0.15284,0.00978,0.00945,0.14437
149.89,ETH-27DEC19,1575889142879,open,0.01,5144.0,0.002,0.029,0.011073,72.49,0.012,0.0,ETH-27DEC19-180-C,149.42,68.16,0.009,1141.0,0.013,1040.0,76.17,0.07538,-0.15284,0.00978,0.00945,0.14437
149.9,ETH-27DEC19,1575889142931,open,0.03,5158.0,0.011,0.058,0.031697,65.2,0.038,0.0,ETH-27DEC19-160-C,149.42,61.87,0.029,375.0,0.034,340.0,67.97,0.12313,-0.22456,0.02352,0.01716,0.35206
7770.47,SYN.BTC-26JUN20,1575889143206,open,0.15,261.3,0.109,0.2005,0.14965659,70.44,0.1445,0.0,BTC-26JUN20-7000-P,7486.65,68.87,0.1455,14.7,0.151,2.0,70.94,20.62779,-3.63461,-20.08743,9e-05,-0.32242
149.9,ETH-27DEC19,1575889143905,open,0.03,4527.0,0.01,0.055,0.029191,65.85,0.03,0.0,ETH-27DEC19-140-P,149.42,62.96,0.027,360.0,0.032,660.0,69.51,0.11428,-0.21047,-0.02373,0.01577,-0.294
152.24,ETH-27MAR20,1575889143905,open,0.05,5494.0,0.021,0.086,0.049069,84.71,0.049,0.0,ETH-27MAR20-240-C,149.42,83.44,0.047,500.0,0.051,500.0,85.88,0.24991,-0.09722,0.08029,0.00427,0.22587
149.9,ETH-27DEC19,1575889143905,open,1.14,100.0,1.073,1.202,1.135142,125.47,0.883,0.0,ETH-27DEC19-320-P,149.42,0.0,0.011,5.0,0.0,0.0,0.0,0.0046,-0.01613,-0.1564,0.00033,-0.99523
149.9,ETH-27DEC19,1575889143905,open,0.0,16677.0,0.001,0.011,0.0,119.99,0.001,0.0,ETH-27DEC19-640-C,149.42,0.0,0.0,0.0,0.001,500.0,239.68,0.0,0.0,0.0,0.0,0.0
150.8,SYN.ETH-31JAN20,1575889143905,open,0.05,85.0,0.021,0.077,0.046539,71.96,0.045,0.0,ETH-31JAN20-180-C,149.42,69.28,0.043,750.0,0.049,340.0,73.79,0.20112,-0.13685,0.05652,0.00848,0.30526
149.52,SYN.ETH-13DEC19,1575889143905,open,0.0,1249.0,0.001,0.013,0.002046,78.32,0.002,0.0,ETH-13DEC19-170-C,149.42,68.19,0.001,502.0,0.003,1001.0,85.27,0.0185,-0.1869,0.00093,0.00995,0.06059
149.9,ETH-27DEC19,1575889143907,open,0.15,0.0,0.114,0.195,0.152094,67.95,None,0.0,ETH-27DEC19-170-P,149.42,0.0,0.134,1.0,0.165,340.0,86.1,0.09903,-0.18823,-0.0682,0.01324,-0.77683
149.9,ETH-27DEC19,1575889143907,open,1.27,0.0,1.203,1.338,1.268442,129.31,None,0.0,ETH-27DEC19-340-P,149.42,0.0,0.003,9.0,0.0,0.0,0.0,0.00328,-0.01188,-0.16629,0.00023,-0.99672
149.9,ETH-27DEC19,1575889143907,open,0.0,6959.0,0.001,0.012,0.002031,102.9,0.003,0.0,ETH-27DEC19-240-C,149.42,93.17,0.001,831.0,0.003,762.0,109.4,0.01965,-0.05656,0.00172,0.00174,0.02541
149.9,ETH-27DEC19,1575889143907,open,3.81,0.0,3.664,3.952,3.803523,230.75,None,0.0,ETH-27DEC19-720-P,149.42,0.0,0.004,50.0,0.0,0.0,0.0,0.0025,-0.01613,-0.35246,0.0001,-0.99758
149.52,SYN.ETH-13DEC19,1575889143907,open,0.0,56.0,0.001,0.011,0.000566,104.86,0.002,0.0,ETH-13DEC19-190-C,149.42,0.0,0.0,0.0,0.001,501.0,113.83,0.00592,-0.08012,0.00023,0.00238,0.01526
152.24,ETH-27MAR20,1575889143958,open,0.0,5196.0,0.001,0.019,0.005503,113.27,0.008,0.0,ETH-27MAR20-600-C,149.42,108.56,0.004,720.0,0.007,1020.0,117.18,0.05378,-0.02797,0.01032,0.00069,0.02822
150.8,SYN.ETH-31JAN20,1575889143958,open,0.14,1.0,0.101,0.188,0.143117,70.49,0.148,0.0,ETH-31JAN20-160-P,149.42,67.1,0.138,96.0,0.148,340.0,73.71,0.22812,-0.15205,-0.14803,0.00982,-0.53451
149.9,ETH-27DEC19,1575889143961,open,0.01,202.0,0.001,0.022,0.007191,77.1,0.01,0.0,ETH-27DEC19-190-C,149.42,73.8,0.006,840.0,0.009,1340.0,81.64,0.05655,-0.12194,0.00653,0.00666,0.0961
152.24,ETH-27MAR20,1575889143961,open,0.02,1263.0,0.006,0.048,0.021856,91.94,0.022,0.0,ETH-27MAR20-320-C,149.42,90.09,0.02,260.0,0.024,500.0,93.98,0.156,-0.06587,0.03987,0.00245,0.10966
153.57,SYN.ETH-26JUN20,1575889143961,open,0.22,126.0,0.158,0.264,0.211565,78.02,0.22,0.0,ETH-26JUN20-160-C,149.42,77.83,0.211,265.0,0.227,500.0,83.39,0.44275,-0.08642,0.315,0.00439,0.58614
149.9,ETH-27DEC19,1575889143963,open,0.0,4535.0,0.001,0.011,0.0,120.0,0.002,0.0,ETH-27DEC19-760-C,149.42,0.0,0.0,0.0,0.001,500.0,263.06,0.0,0.0,0.0,0.0,0.0
149.9,ETH-27DEC19,1575889143963,open,0.0,3908.0,0.001,0.012,0.002915,103.71,0.002,0.0,ETH-27DEC19-100-P,149.42,96.98,0.002,512.0,0.004,1001.0,110.24,0.02267,-0.06575,-0.00243,0.00199,-0.03015
153.57,SYN.ETH-26JUN20,1575889143963,open,3.19,0.0,3.052,3.336,3.185324,103.35,None,0.0,ETH-26JUN20-640-P,149.42,0.0,0.01,50.0,0.0,0.0,0.0,0.15078,-0.03898,-3.46168,0.00113,-0.93107
149.52,SYN.ETH-13DEC19,1575889143963,open,0.01,652.0,0.001,0.02,0.004378,59.9,0.005,0.0,ETH-13DEC19-140-P,149.42,58.19,0.004,500.0,0.005,1.0,62.6,0.03367,-0.26023,-0.00223,0.02368,-0.1363
149.52,SYN.ETH-13DEC19,1575889143963,open,0.14,1.0,0.105,0.176,0.138927,77.84,0.167,0.0,ETH-13DEC19-170-P,149.42,0.0,0.002,50.0,0.142,1.0,97.23,0.01821,-0.18283,-0.01714,0.00985,-0.94062
153.57,SYN.ETH-26JUN20,1575889143963,open,0.02,111.0,0.007,0.055,0.023631,101.58,0.029,0.0,ETH-26JUN20-560-C,149.42,99.3,0.021,140.0,0.026,640.0,103.51,0.18339,-0.0466,0.05518,0.0014,0.08924
152.24,ETH-27MAR20,1575889143965,open,0.49,20.0,0.464,0.51,0.486519,84.18,0.613,0.0,ETH-27MAR20-80-C,149.42,0.0,0.474,1.0,0.0,0.0,0.0,0.08794,-0.034,0.20974,0.00151,0.94839
149.9,ETH-27DEC19,1575889143965,open,0.47,2830.0,0.426,0.521,0.470699,93.23,0.65,0.0,ETH-27DEC19-220-P,149.42,0.0,0.001,9.0,0.0,0.0,0.0,0.0283,-0.0738,-0.10507,0.00276,-0.96049
149.9,ETH-27DEC19,1575889143965,open,0.06,66.0,0.032,0.097,0.057359,64.62,0.057,0.0,ETH-27DEC19-150-P,149.42,59.68,0.053,1218.0,0.06,860.0,67.62,0.13205,-0.23869,-0.03896,0.01857,-0.47335
149.9,ETH-27DEC19,1575889143965,open,0.0,7615.0,0.001,0.013,0.003052,93.21,0.002,0.0,ETH-27DEC19-220-C,149.42,86.92,0.002,981.0,0.004,700.0,97.84,0.02829,-0.07375,0.00267,0.00276,0.03948
150.8,SYN.ETH-31JAN20,1575889143965,open,0.01,25.0,0.001,0.026,0.009586,88.16,0.015,0.0,ETH-31JAN20-260-C,149.42,84.99,0.008,820.0,0.011,620.0,90.74,0.07937,-0.06616,0.0138,0.00273,0.07274
153.57,SYN.ETH-26JUN20,1575889143965,open,0.16,964.0,0.102,0.211,0.155554,84.6,0.144,0.0,ETH-26JUN20-200-C,149.42,79.28,0.14,275.0,0.155,500.0,84.41,0.45068,-0.09538,0.25318,0.00413,0.45662
150.8,SYN.ETH-31JAN20,1575889143965,open,0.61,0.0,0.551,0.664,0.60418,83.47,None,0.0,ETH-31JAN20-240-P,149.42,0.0,0.01,50.0,0.0,0.0,0.0,0.09787,-0.07725,-0.32944,0.00356,-0.90385
150.8,SYN.ETH-31JAN20,1575889143965,open,0.07,11.0,0.04,0.107,0.071064,70.55,0.09,0.0,ETH-31JAN20-140-P,149.42,67.63,0.067,751.0,0.074,860.0,72.65,0.21043,-0.14039,-0.08992,0.00905,-0.34053
153.57,SYN.ETH-26JUN20,1575889143965,open,0.27,90.0,0.213,0.315,0.265328,78.51,0.271,0.0,ETH-26JUN20-140-C,149.42,80.26,0.27,211.0,0.29,210.0,87.79,0.40976,-0.08048,0.34329,0.00404,0.67354
152.24,ETH-27MAR20,1575889143967,open,1.38,6.0,1.302,1.472,1.38198,96.87,1.188,0.0,ETH-27MAR20-360-P,149.42,0.0,0.01,30.0,0.0,0.0,0.0,0.13116,-0.05835,-1.04239,0.00196,-0.91344
149.9,ETH-27DEC19,1575889143967,open,0.0,2179.0,0.001,0.011,0.000524,119.99,0.001,0.0,ETH-27DEC19-300-C,149.42,0.0,0.0,0.0,0.002,701.0,141.02,0.00611,-0.02051,0.00044,0.00046,0.00657
153.57,SYN.ETH-26JUN20,1575889143967,open,0.04,864.0,0.015,0.081,0.041816,94.15,0.045,0.0,ETH-26JUN20-400-C,149.42,92.51,0.039,440.0,0.044,500.0,95.38,0.26789,-0.06309,0.09308,0.0022,0.1525
149.52,SYN.ETH-13DEC19,1575889143967,open,0.26,0.0,0.242,0.287,0.264595,122.24,None,0.0,ETH-13DEC19-110-C,149.42,0.0,0.02,1.0,0.0,0.0,0.0,0.0027,-0.04258,0.01158,0.00093,0.99379
150.8,SYN.ETH-31JAN20,1575889143967,open,0.36,0.0,0.304,0.408,0.354055,75.01,None,0.0,ETH-31JAN20-200-P,149.42,0.0,0.326,1.0,0.925,1.0,490.66,0.16007,-0.11354,-0.25239,0.00648,-0.80128
150.8,SYN.ETH-31JAN20,1575889143967,open,0.03,130.0,0.01,0.053,0.027829,75.05,0.033,0.0,ETH-31JAN20-200-C,149.42,72.33,0.025,1242.0,0.03,10.0,77.06,0.16013,-0.11364,0.03736,0.00648,0.19885
152.24,ETH-27MAR20,1575889143969,open,0.2,36.0,0.157,0.246,0.202762,76.8,0.207,0.0,ETH-27MAR20-140-C,149.42,46.81,0.143,1.0,0.79,1.0,450.06,0.30503,-0.10758,0.20715,0.00574,0.65893
149.52,SYN.ETH-13DEC19,1575889143969,open,0.0,114.0,0.001,0.011,0.000461,97.74,0.001,0.0,ETH-13DEC19-120-P,149.42,0.0,0.0,0.0,0.001,2.0,109.85,0.00506,-0.06387,-0.00021,0.00218,-0.01273
149.9,ETH-27DEC19,1575889143971,open,0.0,6667.0,0.001,0.011,1e-06,119.99,0.001,0.0,ETH-27DEC19-480-C,149.42,0.0,0.0,0.0,0.001,514.0,199.3,2e-05,-5e-05,0.0,0.0,1e-05
7497.89,SYN.BTC-20DEC19,1575889143975,open,0.06,2.6,0.0365,0.0895,0.05672924,53.64,0.0565,0.0,BTC-20DEC19-7750-P,7486.8,51.0,0.055,12.0,0.058,12.0,55.58,4.91981,-12.13349,-1.51644,0.00055,-0.62204
152.24,ETH-27MAR20,1575889143976,open,0.51,30.0,0.442,0.576,0.506712,82.17,0.306,0.0,ETH-27MAR20-220-P,149.42,67.69,0.482,300.0,0.536,300.0,97.47,0.27773,-0.1048,-0.55907,0.00489,-0.72441
152.24,ETH-27MAR20,1575889143976,open,0.11,1410.0,0.065,0.151,0.107244,78.26,0.105,0.0,ETH-27MAR20-180-C,149.42,76.75,0.104,373.0,0.11,800.0,79.55,0.32649,-0.11735,0.14626,0.00603,0.42931
152.24,ETH-27MAR20,1575889143976,open,0.01,2330.0,0.001,0.022,0.007008,107.68,0.01,0.0,ETH-27MAR20-520-C,149.42,105.25,0.006,500.0,0.008,220.0,109.86,0.06628,-0.03278,0.01333,0.00089,0.03636
7497.89,SYN.BTC-20DEC19,1575889143977,open,0.06,2.6,0.0365,0.0895,0.05672924,53.64,0.0565,0.0,BTC-20DEC19-7750-P,7486.8,51.0,0.055,12.0,0.0585,27.0,56.33,4.91981,-12.13349,-1.51644,0.00055,-0.62204
7490.65,SYN.BTC-13DEC19,1575889143979,open,0.04,237.1,0.022,0.0675,0.04133325,53.34,0.0385,0.0,BTC-13DEC19-7250-C,7486.8,50.86,0.0405,4.0,0.043,21.0,58.18,2.53835,-17.46658,0.55006,0.0008,0.7329
152.24,ETH-27MAR20,1575889143979,open,0.0,386.0,0.001,0.017,0.004548,114.46,0.004,0.0,ETH-27MAR20-640-C,149.42,108.63,0.003,720.0,0.006,800.0,118.8,0.04629,-0.02433,0.00865,0.00059,0.0236
149.9,ETH-27DEC19,1575889143979,open,0.21,4509.0,0.172,0.255,0.211883,72.45,0.216,0.0,ETH-27DEC19-180-P,149.42,56.02,0.205,340.0,0.228,340.0,99.27,0.07537,-0.15275,-0.07837,0.00945,-0.85567
149.9,ETH-27DEC19,1575889143979,open,0.0,1347.0,0.001,0.011,2.4e-05,120.0,0.002,0.0,ETH-27DEC19-380-C,149.42,0.0,0.0,0.0,0.001,502.0,165.17,0.00045,-0.00152,3e-05,3e-05,0.00038
152.24,ETH-27MAR20,1575889143979,open,0.13,707.0,0.08,0.169,0.122363,76.8,0.148,0.0,ETH-27MAR20-140-P,149.42,72.63,0.114,256.0,0.125,820.0,78.12,0.30503,-0.10758,-0.21045,0.00574,-0.34107
149.9,ETH-27DEC19,1575889143979,open,0.21,22.0,0.178,0.235,0.206644,77.99,0.165,0.0,ETH-27DEC19-120-C,149.42,0.0,0.199,51.0,0.307,1.0,244.13,0.0514,-0.11213,0.05204,0.00599,0.91548
150.8,SYN.ETH-31JAN20,1575889143979,open,0.08,3.0,0.048,0.117,0.082136,70.5,0.084,0.0,ETH-31JAN20-160-C,149.42,67.11,0.077,702.0,0.084,340.0,71.74,0.22812,-0.15209,0.08375,0.00982,0.46553
153.57,SYN.ETH-26JUN20,1575889143979,open,0.01,196.0,0.004,0.028,0.01343,88.6,0.011,0.0,ETH-26JUN20-60-P,149.42,84.53,0.011,500.0,0.016,801.0,92.54,0.09613,-0.02131,-0.04417,0.00084,-0.0391
153.57,SYN.ETH-26JUN20,1575889143979,open,0.68,0.0,0.591,0.757,0.672038,85.65,None,0.0,ETH-26JUN20-240-P,149.42,21.9,0.563,1.0,1.484,1.0,500.0,0.42056,-0.09011,-1.11246,0.0038,-0.65082
152.24,ETH-27MAR20,1575889143980,open,0.01,1399.0,0.003,0.033,0.012579,98.99,0.013,0.0,ETH-27MAR20-400-C,149.42,96.61,0.011,260.0,0.014,503.0,100.99,0.10506,-0.04776,0.02367,0.00154,0.06471
153.57,SYN.ETH-26JUN20,1575889143980,open,0.03,330.0,0.009,0.064,0.029734,97.55,0.04,0.0,ETH-26JUN20-480-C,149.42,95.56,0.027,440.0,0.032,140.0,99.14,0.216,-0.05271,0.0689,0.00171,0.11167
150.8,SYN.ETH-31JAN20,1575889143980,open,0.24,0.0,0.192,0.29,0.240143,71.94,None,0.0,ETH-31JAN20-180-P,149.42,61.75,0.227,340.0,0.256,340.0,83.5,0.2011,-0.13679,-0.20425,0.00849,-0.69483
149.9,ETH-27DEC19,1575889143982,open,0.0,980.0,0.001,0.011,0.000112,119.99,0.001,0.0,ETH-27DEC19-340-C,149.42,0.0,0.0,0.0,0.001,7.0,148.41,0.0017,-0.0057,0.00011,0.00013,0.00158
152.24,ETH-27MAR20,1575889143982,open,0.4,747.0,0.332,0.459,0.393847,80.01,0.57,0.0,ETH-27MAR20-200-P,149.42,69.34,0.373,300.0,0.416,300.0,90.83,0.30548,-0.11225,-0.47748,0.00552,-0.6576
149.9,ETH-27DEC19,1575889143982,open,2.74,0.0,2.628,2.852,2.736073,194.46,0.845,0.0,ETH-27DEC19-560-P,149.42,0.0,0.02,50.0,0.0,0.0,0.0,0.0023,-0.01249,-0.27411,0.00011,-0.9978
149.9,ETH-27DEC19,1575889143984,open,0.0,2232.0,0.001,0.011,0.000243,120.0,0.002,0.0,ETH-27DEC19-320-C,149.42,0.0,0.0,0.0,0.002,800.0,151.69,0.00325,-0.01091,0.00022,0.00025,0.00324
153.57,SYN.ETH-26JUN20,1575889143984,open,0.02,288.0,0.005,0.05,0.020595,102.65,0.025,0.0,ETH-26JUN20-600-C,149.42,100.17,0.018,140.0,0.023,640.0,104.8,0.16678,-0.04283,0.04882,0.00126,0.07865
149.9,ETH-27DEC19,1575889143986,open,0.34,3551.0,0.297,0.385,0.33883,80.66,0.332,0.0,ETH-27DEC19-200-P,149.42,0.0,0.027,6.0,0.0,0.0,0.0,0.0413,-0.09317,-0.09363,0.00465,-0.93652
149.9,ETH-27DEC19,1575889143986,open,0.0,11489.0,0.001,0.011,3e-06,120.0,0.002,0.0,ETH-27DEC19-440-C,149.42,0.0,0.0,0.0,0.001,699.0,186.74,6e-05,-0.0002,0.0,0.0,4e-05
149.52,SYN.ETH-13DEC19,1575889143986,open,0.01,676.0,0.001,0.021,0.005214,63.26,0.004,0.0,ETH-13DEC19-160-C,149.42,58.13,0.004,715.0,0.006,500.0,66.36,0.03705,-0.30241,0.00241,0.02467,0.15717
153.57,SYN.ETH-26JUN20,1575889143986,open,0.07,272.0,0.028,0.109,0.063484,90.07,0.066,0.0,ETH-26JUN20-320-C,149.42,88.47,0.06,475.0,0.066,500.0,91.21,0.33752,-0.07605,0.13262,0.0029,0.22118
152.24,ETH-27MAR20,1575889143988,open,0.02,579.0,0.005,0.041,0.017293,96.87,0.02,0.0,ETH-27MAR20-360-C,149.42,96.53,0.017,2.0,0.018,500.0,97.68,0.13116,-0.05835,0.03146,0.00196,0.08656
149.9,ETH-27DEC19,1575889143988,open,0.0,1759.0,0.001,0.011,5.2e-05,120.0,0.001,0.0,ETH-27DEC19-360-C,149.42,0.0,0.0,0.0,0.002,800.0,170.74,0.00088,-0.00295,5e-05,7e-05,0.00077
149.9,ETH-27DEC19,1575889143988,open,0.61,2355.0,0.555,0.656,0.603205,103.7,0.606,0.0,ETH-27DEC19-240-P,149.42,0.0,0.001,15.0,0.0,0.0,0.0,0.02031,-0.0589,-0.11576,0.00178,-0.97358
150.8,SYN.ETH-31JAN20,1575889143988,open,0.01,166.0,0.002,0.026,0.011272,82.36,0.01,0.0,ETH-31JAN20-100-P,149.42,77.75,0.009,1162.0,0.013,1022.0,85.6,0.07806,-0.06079,-0.01801,0.00288,-0.07117
152.24,ETH-27MAR20,1575889143990,open,0.63,119.0,0.559,0.698,0.625436,84.65,0.835,0.0,ETH-27MAR20-240-P,149.42,64.74,0.597,300.0,0.661,300.0,104.54,0.24976,-0.0971,-0.63568,0.00427,-0.77437
149.9,ETH-27DEC19,1575889143990,open,0.0,21058.0,0.001,0.011,0.0,120.0,0.007,0.0,ETH-27DEC19-600-C,149.42,0.0,0.0,0.0,0.001,1100.0,230.76,0.0,0.0,0.0,0.0,0.0
149.9,ETH-27DEC19,1575889143990,open,1.4,257.0,1.332,1.476,1.401653,120.0,0.995,0.0,ETH-27DEC19-360-P,149.42,0.0,0.021,5.0,0.0,0.0,0.0,0.00088,-0.00295,-0.17626,7e-05,-0.99923
153.57,SYN.ETH-26JUN20,1575889143990,open,1.4,0.0,1.301,1.5,1.394909,92.07,None,0.0,ETH-26JUN20-360-P,149.42,0.0,0.015,2.0,1.412,1.0,100.32,0.29972,-0.06903,-1.86139,0.00252,-0.81853
150.8,SYN.ETH-31JAN20,1575889143990,open,0.48,0.0,0.425,0.534,0.477103,79.26,None,0.0,ETH-31JAN20-220-P,149.42,0.0,0.458,1.0,1.04,1.0,490.71,0.12489,-0.09361,-0.2931,0.00478,-0.86457
149.52,SYN.ETH-13DEC19,1575889143990,open,0.27,1.0,0.234,0.312,0.271198,103.1,0.286,0.0,ETH-13DEC19-190-P,149.42,0.0,0.01,50.0,0.386,1.0,490.07,0.00544,-0.07242,-0.01996,0.00222,-0.98616
153.57,SYN.ETH-26JUN20,1575889143990,open,0.91,0.0,0.82,0.998,0.905368,88.02,None,0.0,ETH-26JUN20-280-P,149.42,0.0,0.01,50.0,0.0,0.0,0.0,0.37948,-0.08356,-1.37069,0.00334,-0.72456
149.9,ETH-27DEC19,1575889143992,open,3.28,0.0,3.146,3.401,3.269513,120.0,None,0.0,ETH-27DEC19-640-P,149.42,0.0,0.02,50.0,0.0,0.0,0.0,0.0,0.0,-0.31344,0.0,-1.0
152.24,ETH-27MAR20,1575889143992,open,0.15,860.0,0.101,0.191,0.146067,76.81,0.15,0.0,ETH-27MAR20-160-C,149.42,74.48,0.141,564.0,0.15,800.0,78.62,0.33033,-0.11652,0.17723,0.00622,0.53635
152.24,ETH-27MAR20,1575889143992,open,0.08,2189.0,0.043,0.122,0.080149,80.02,0.082,0.0,ETH-27MAR20-200-C,149.42,78.45,0.077,281.0,0.083,800.0,81.44,0.30549,-0.11226,0.11911,0.00552,0.34244
152.24,ETH-27MAR20,1575889143992,open,0.01,1165.0,0.001,0.028,0.010059,102.06,0.01,0.0,ETH-27MAR20-440-C,149.42,98.27,0.008,760.0,0.012,760.0,105.22,0.08854,-0.0415,0.01907,0.00125,0.05205
149.9,ETH-27DEC19,1575889143992,open,0.0,13751.0,0.001,0.016,0.004607,80.66,0.005,0.0,ETH-27DEC19-200-C,149.42,78.37,0.004,820.0,0.005,95.0,82.05,0.0413,-0.09317,0.00432,0.00465,0.06348
149.9,ETH-27DEC19,1575889143992,open,1.0,1.0,0.944,1.065,1.001859,120.0,0.494,0.0,ETH-27DEC19-300-P,149.42,0.0,0.021,6.0,0.0,0.0,0.0,0.00611,-0.02052,-0.14648,0.00046,-0.99343
153.57,SYN.ETH-26JUN20,1575889143992,open,0.46,249.0,0.383,0.535,0.457819,84.57,0.601,0.0,ETH-26JUN20-200-P,149.42,18.6,0.304,1.0,0.467,210.0,87.7,0.45067,-0.09534,-0.84204,0.00413,-0.54348
153.57,SYN.ETH-26JUN20,1575889143992,open,0.18,1132.0,0.125,0.232,0.176914,78.49,0.169,0.0,ETH-26JUN20-140-P,149.42,76.65,0.172,252.0,0.182,210.0,80.4,0.40977,-0.08046,-0.42332,0.00404,-0.32647
149.52,SYN.ETH-13DEC19,1575889143992,open,0.0,31.0,0.001,0.011,0.000446,119.93,0.001,0.0,ETH-13DEC19-200-C,149.42,0.0,0.0,0.0,0.001,507.0,133.75,0.00445,-0.06672,0.00017,0.00156,0.01096
7497.89,SYN.BTC-20DEC19,1575889131295,open,0.01,227.5,0.0035,0.035,0.01312627,56.06,0.0125,0.0,BTC-20DEC19-7000-P,7486.8,55.82,0.013,3.0,0.014,31.0,57.74,3.87288,-9.98219,-0.53,0.00041,-0.22411
7490.65,SYN.BTC-13DEC19,1575889130923,open,0.01,554.7,0.0005,0.0305,0.00870177,52.07,0.007,0.0,BTC-13DEC19-7750-C,7486.8,48.51,0.0075,46.0,0.009,1.0,52.94,2.56051,-17.20158,0.20924,0.00083,0.27177
7490.65,SYN.BTC-13DEC19,1575889130965,open,0.01,375.9,0.0005,0.031,0.0092087,53.35,0.011,0.0,BTC-13DEC19-7250-P,7486.8,49.73,0.008,31.0,0.0105,31.1,57.11,2.53849,-17.47017,-0.21979,0.0008,-0.26713
7497.89,SYN.BTC-20DEC19,1575889131070,open,0.02,57.7,0.01,0.05,0.0220831,53.53,0.0225,0.0,BTC-20DEC19-7250-P,7486.8,51.02,0.0205,16.0,0.0235,35.0,55.77,4.74705,-11.68323,-0.81093,0.00053,-0.34089
7770.44,SYN.BTC-26JUN20,1575889113458,open,0.02,31.6,0.0085,0.058,0.02445693,87.89,0.027,0.0,BTC-26JUN20-22000-C,7486.8,86.76,0.023,33.0,0.0255,5.0,88.68,10.17732,-2.23764,3.26418,4e-05,0.10117
7770.44,SYN.BTC-26JUN20,1575889031690,open,0.01,119.1,0.0005,0.0195,0.00806209,79.86,0.009,0.0,BTC-26JUN20-3000-P,7486.8,77.56,0.007,41.0,0.0095,14.0,82.73,3.73063,-0.74527,-1.5485,1e-05,-0.02833
7770.44,SYN.BTC-26JUN20,1575889112840,open,0.02,59.5,0.006,0.0495,0.0188342,92.63,0.021,0.0,BTC-26JUN20-26000-C,7486.8,91.37,0.0175,34.0,0.02,12.7,93.7,8.38051,-1.94203,2.51463,3e-05,0.07793
7770.44,SYN.BTC-26JUN20,1575889105439,open,0.02,12.5,0.007,0.0535,0.02135558,90.41,0.0235,0.0,BTC-26JUN20-24000-C,7486.8,89.25,0.02,34.0,0.0225,5.0,91.36,9.20874,-2.08269,2.85,3e-05,0.08833
7770.44,SYN.BTC-26JUN20,1575889133596,open,0.19,166.5,0.1515,0.2455,0.1941609,70.42,0.192,0.0,BTC-26JUN20-8000-C,7486.8,69.5,0.1915,13.3,0.1955,6.0,70.89,22.46414,-3.95753,16.4647,0.0001,0.5811
7770.44,SYN.BTC-26JUN20,1575889113118,open,0.15,92.7,0.111,0.206,0.15365875,71.24,0.154,0.0,BTC-26JUN20-9000-C,7486.8,70.67,0.152,14.0,0.155,6.0,71.69,22.93717,-4.08741,14.48109,0.0001,0.49398
7505.23,BTC-27DEC19,1575889133136,open,0.0,707.6,0.0005,0.0105,0.00089231,104.59,0.0005,0.0,BTC-27DEC19-13000-C,7486.8,97.7,0.0005,98.8,0.0015,55.5,111.88,0.51799,-1.51529,0.04075,2e-05,0.01198
7505.23,BTC-27DEC19,1575888874924,open,0.0,820.7,0.0005,0.0105,0.00057355,120.0,0.0005,0.0,BTC-27DEC19-4000-P,7486.8,118.0,0.0005,34.9,0.001,65.8,129.04,0.28937,-0.97129,-0.02478,1e-05,-0.00617
7505.23,BTC-27DEC19,1575889131029,open,0.0,967.4,0.0005,0.011,0.00141477,97.41,0.0015,0.0,BTC-27DEC19-12000-C,7486.8,92.94,0.001,48.5,0.002,57.3,102.42,0.77877,-2.1218,0.06558,3e-05,0.01926
7637.78,BTC-27MAR20,1575889050346,open,0.03,1254.1,0.015,0.067,0.03447569,74.95,0.033,0.0,BTC-27MAR20-12000-C,7486.8,73.58,0.0325,38.1,0.036,2.0,75.99,11.10936,-3.82388,3.41387,9e-05,0.18432
7505.23,BTC-27DEC19,1575889131032,open,0.01,942.5,0.0005,0.0265,0.01049532,63.69,0.011,0.0,BTC-27DEC19-6500-P,7486.8,62.66,0.01,20.5,0.0115,40.5,65.72,3.65517,-6.51116,-0.54468,0.00021,-0.13769
7637.87,BTC-27MAR20,1575889031629,open,0.0,69.3,0.0005,0.0185,0.00454277,105.77,0.006,0.0,BTC-27MAR20-28000-C,7486.8,102.21,0.0035,63.0,0.0055,15.0,108.58,2.4377,-1.18406,0.46598,1e-05,0.025
7637.87,BTC-27MAR20,1575889112170,open,0.01,159.0,0.0005,0.022,0.00605644,99.79,0.006,0.0,BTC-27MAR20-24000-C,7486.8,97.06,0.005,49.8,0.007,22.0,101.99,3.12955,-1.43426,0.63128,2e-05,0.03376
7637.93,BTC-27MAR20,1575889049105,open,0.0,132.6,0.0005,0.0165,0.00379059,107.6,0.004,0.0,BTC-27MAR20-30000-C,7486.8,104.49,0.003,45.0,0.0045,11.1,110.03,2.10199,-1.03864,0.39127,1e-05,0.02096
7637.93,BTC-27MAR20,1575889031663,open,0.01,423.0,0.0015,0.0325,0.01133777,88.89,0.0115,0.0,BTC-27MAR20-18000-C,7486.8,86.87,0.01,41.0,0.0125,43.0,90.55,5.21878,-2.1305,1.19725,3e-05,0.06389
7637.87,BTC-27MAR20,1575889031652,open,0.0,115.7,0.0005,0.0205,0.00528086,103.12,0.0075,0.0,BTC-27MAR20-26000-C,7486.8,100.86,0.0045,15.0,0.006,21.6,105.02,2.77188,-1.31272,0.54393,2e-05,0.02916
7637.78,BTC-27MAR20,1575888788568,open,0.01,1367.0,0.0005,0.0215,0.00858813,78.13,0.009,0.0,BTC-27MAR20-4000-P,7486.8,75.83,0.0075,46.0,0.01,15.0,80.91,3.73233,-1.33924,-1.15018,3e-05,-0.0419
7556.14,SYN.BTC-31JAN20,1575889131046,open,0.01,246.7,0.0005,0.022,0.00854569,77.09,0.0085,0.0,BTC-31JAN20-5000-P,7486.8,75.87,0.008,53.0,0.009,12.1,78.08,3.42979,-2.50016,-0.75126,5e-05,-0.06009
7637.93,BTC-27MAR20,1575888788357,open,0.0,144.6,0.0005,0.014,0.00277339,114.44,0.0035,0.0,BTC-27MAR20-36000-C,7486.8,110.28,0.002,43.0,0.0035,25.1,117.66,1.58689,-0.83399,0.28035,1e-05,0.01508
7637.93,BTC-27MAR20,1575888788402,open,0.0,658.7,0.0005,0.0135,0.00264794,120.0,0.0025,0.0,BTC-27MAR20-40000-C,7486.8,119.22,0.0025,1.0,0.003,40.1,121.73,1.48412,-0.81788,0.2575,1e-05,0.01395
7637.78,BTC-27MAR20,1575888793871,open,0.0,97.3,0.0005,0.0145,0.00297697,111.98,0.003,0.0,BTC-27MAR20-34000-C,7486.8,106.96,0.002,58.0,0.004,63.1,116.11,1.70068,-0.87458,0.3046,1e-05,0.01635
7637.78,BTC-27MAR20,1575889133639,open,0.05,616.3,0.029,0.0835,0.05147025,68.52,0.05,0.0,BTC-27MAR20-6000-P,7486.8,67.24,0.0495,8.7,0.0535,28.5,69.83,11.77241,-3.70435,-5.7905,0.0001,-0.20269
7637.93,BTC-27MAR20,1575889113195,open,0.01,256.6,0.0005,0.025,0.00731577,96.64,0.008,0.0,BTC-27MAR20-22000-C,7486.8,94.88,0.0065,22.0,0.008,13.6,98.03,3.65998,-1.62438,0.76506,2e-05,0.0409
7637.78,BTC-27MAR20,1575888925887,open,0.02,239.5,0.0095,0.043,0.02183715,71.27,0.022,0.0,BTC-27MAR20-5000-P,7486.8,70.39,0.021,27.0,0.024,24.0,73.49,7.30655,-2.39139,-2.76971,6e-05,-0.09973
149.71,SYN.ETH-20DEC19,1575889031599,open,0.0,30.0,0.001,0.013,0.003025,82.01,0.003,0.0,ETH-20DEC19-190-C,149.42,75.87,0.002,500.0,0.004,1001.0,86.8,0.02807,-0.10584,0.00225,0.00513,0.05337
7556.14,SYN.BTC-31JAN20,1575889131068,open,0.04,33.2,0.0195,0.065,0.03730545,64.39,0.038,0.0,BTC-31JAN20-6500-P,7486.8,63.26,0.036,12.8,0.039,27.8,65.85,8.74565,-5.32532,-2.93262,0.00016,-0.23061
149.52,SYN.ETH-13DEC19,1575889031441,open,0.0,1249.0,0.001,0.013,0.002046,78.32,0.002,0.0,ETH-13DEC19-170-C,149.42,68.19,0.001,502.0,0.003,1001.0,85.27,0.0185,-0.1869,0.00093,0.00995,0.06059
7556.14,SYN.BTC-31JAN20,1575889131273,open,0.06,43.1,0.038,0.095,0.05943958,62.79,0.0575,0.0,BTC-31JAN20-7000-P,7486.8,61.38,0.0575,21.8,0.0615,42.8,64.28,10.41765,-6.18565,-4.26498,0.0002,-0.33019
149.52,SYN.ETH-13DEC19,1575889031597,open,0.0,507.0,0.001,0.011,0.001012,92.32,0.001,0.0,ETH-13DEC19-180-C,149.42,0.0,0.0,0.0,0.002,1001.0,104.09,0.01007,-0.11989,0.00044,0.00459,0.02857
153.57,SYN.ETH-26JUN20,1575889095768,open,0.07,272.0,0.028,0.109,0.063484,90.07,0.066,0.0,ETH-26JUN20-320-C,149.42,88.47,0.06,475.0,0.066,500.0,91.21,0.33752,-0.07605,0.13262,0.0029,0.22118
7637.93,BTC-27MAR20,1575889130706,open,0.1,261.3,0.0695,0.143,0.10176106,67.26,0.0945,0.0,BTC-27MAR20-7000-P,7486.8,65.38,0.098,19.0,0.103,4.0,67.88,15.23001,-4.70455,-9.99279,0.00013,-0.33684
7556.14,SYN.BTC-31JAN20,1575889131026,open,0.07,62.2,0.048,0.108,0.07096007,62.56,0.074,0.0,BTC-31JAN20-8000-C,7486.8,61.26,0.069,2.0,0.073,26.6,63.91,11.39018,-6.7384,4.17074,0.00022,0.45198
153.57,SYN.ETH-26JUN20,1575889115312,open,0.13,708.0,0.078,0.182,0.128395,84.6,0.125,0.0,ETH-26JUN20-220-C,149.42,83.06,0.124,460.0,0.131,500.0,85.51,0.43816,-0.09273,0.22586,0.00401,0.39697
149.9,ETH-27DEC19,1575888789530,open,0.0,1759.0,0.001,0.011,5.2e-05,120.0,0.001,0.0,ETH-27DEC19-360-C,149.42,0.0,0.0,0.0,0.002,800.0,170.74,0.00088,-0.00295,5e-05,7e-05,0.00077
153.58,SYN.ETH-26JUN20,1575889095779,open,0.03,92.0,0.008,0.06,0.026661,99.88,0.029,0.0,ETH-26JUN20-520-C,149.42,97.77,0.024,440.0,0.029,640.0,101.63,0.19969,-0.04989,0.06181,0.00155,0.10016
153.57,SYN.ETH-26JUN20,1575889095372,open,0.18,1132.0,0.125,0.232,0.176914,78.49,0.169,0.0,ETH-26JUN20-140-P,149.42,76.65,0.172,252.0,0.182,210.0,80.4,0.40977,-0.08046,-0.42332,0.00404,-0.32647
153.57,SYN.ETH-26JUN20,1575889126947,open,0.04,864.0,0.015,0.081,0.041816,94.15,0.045,0.0,ETH-26JUN20-400-C,149.42,92.51,0.039,440.0,0.044,500.0,95.38,0.26789,-0.06309,0.09308,0.0022,0.1525
153.57,SYN.ETH-26JUN20,1575889096619,open,0.12,521.0,0.071,0.158,0.112139,78.68,0.106,0.0,ETH-26JUN20-120-P,149.42,76.87,0.108,482.0,0.117,210.0,80.81,0.35117,-0.06912,-0.29393,0.00346,-0.23738
152.24,ETH-27MAR20,1575889095771,open,0.03,100.0,0.013,0.055,0.030655,79.46,0.038,0.0,ETH-27MAR20-100-P,149.42,76.97,0.028,320.0,0.033,620.0,81.61,0.16429,-0.05996,-0.06747,0.00299,-0.11793
153.58,SYN.ETH-26JUN20,1575889095735,open,0.03,5.0,0.014,0.056,0.032246,83.38,0.029,0.0,ETH-26JUN20-80-P,149.42,81.43,0.03,250.0,0.035,550.0,85.72,0.17847,-0.03722,-0.09947,0.00166,-0.08604
153.57,SYN.ETH-26JUN20,1575889095740,open,0.01,196.0,0.004,0.028,0.01343,88.6,0.011,0.0,ETH-26JUN20-60-P,149.42,84.53,0.011,500.0,0.016,801.0,92.54,0.09613,-0.02131,-0.04417,0.00084,-0.0391
7637.78,BTC-27MAR20,1575889119162,open,0.09,264.7,0.057,0.1305,0.0888893,69.14,0.0885,0.0,BTC-27MAR20-9000-C,7486.8,68.01,0.0865,14.4,0.0905,13.0,69.91,16.14655,-5.12714,7.15469,0.00013,0.40293
153.57,SYN.ETH-26JUN20,1575889130413,open,0.22,126.0,0.158,0.264,0.211565,78.02,0.22,0.0,ETH-26JUN20-160-C,149.42,77.83,0.211,265.0,0.227,500.0,83.39,0.44275,-0.08642,0.315,0.00439,0.58614
152.24,ETH-27MAR20,1575889100813,open,0.15,860.0,0.101,0.191,0.146067,76.81,0.15,0.0,ETH-27MAR20-160-C,149.42,74.48,0.141,564.0,0.15,800.0,78.62,0.33033,-0.11652,0.17723,0.00622,0.53635
153.57,SYN.ETH-26JUN20,1575889095777,open,0.03,330.0,0.009,0.064,0.029734,97.55,0.04,0.0,ETH-26JUN20-480-C,149.42,95.56,0.027,440.0,0.032,140.0,99.14,0.216,-0.05271,0.0689,0.00171,0.11167
149.9,ETH-27DEC19,1575889031450,open,0.0,3908.0,0.001,0.012,0.002915,103.71,0.002,0.0,ETH-27DEC19-100-P,149.42,96.98,0.002,512.0,0.004,1001.0,110.24,0.02267,-0.06575,-0.00243,0.00199,-0.03015
153.57,SYN.ETH-26JUN20,1575889128565,open,0.11,555.0,0.062,0.162,0.10932,85.69,0.109,0.0,ETH-26JUN20-240-C,149.42,84.47,0.106,464.0,0.112,500.0,86.66,0.42064,-0.09016,0.20185,0.0038,0.34934
153.57,SYN.ETH-26JUN20,1575889095739,open,0.04,667.0,0.012,0.071,0.034769,95.78,0.038,0.0,ETH-26JUN20-440-C,149.42,93.97,0.032,440.0,0.037,500.0,97.2,0.23925,-0.05733,0.07933,0.00193,0.1291
150.8,SYN.ETH-31JAN20,1575889095749,open,0.01,166.0,0.002,0.026,0.011272,82.36,0.01,0.0,ETH-31JAN20-100-P,149.42,77.75,0.009,1162.0,0.013,1022.0,85.6,0.07806,-0.06079,-0.01801,0.00288,-0.07117
152.24,ETH-27MAR20,1575889130451,open,0.11,1410.0,0.065,0.151,0.107244,78.26,0.105,0.0,ETH-27MAR20-180-C,149.42,76.75,0.104,373.0,0.11,800.0,79.55,0.32649,-0.11735,0.14626,0.00603,0.42931
152.24,ETH-27MAR20,1575889095763,open,0.0,5196.0,0.001,0.019,0.005503,113.27,0.008,0.0,ETH-27MAR20-600-C,149.42,108.56,0.004,720.0,0.007,1020.0,117.18,0.05378,-0.02797,0.01032,0.00069,0.02822
150.8,SYN.ETH-31JAN20,1575889095750,open,0.01,25.0,0.001,0.026,0.009586,88.16,0.015,0.0,ETH-31JAN20-260-C,149.42,84.99,0.008,820.0,0.011,620.0,90.74,0.07937,-0.06616,0.0138,0.00273,0.07274
152.24,ETH-27MAR20,1575889095747,open,0.0,386.0,0.001,0.017,0.004548,114.46,0.004,0.0,ETH-27MAR20-640-C,149.42,108.63,0.003,720.0,0.006,800.0,118.8,0.04629,-0.02433,0.00865,0.00059,0.0236
150.8,SYN.ETH-31JAN20,1575889095766,open,0.02,440.0,0.005,0.04,0.018255,79.32,0.025,0.0,ETH-31JAN20-220-C,149.42,76.51,0.016,980.0,0.021,1280.0,82.52,0.12504,-0.09379,0.02565,0.00479,0.13567
152.24,ETH-27MAR20,1575889130454,open,0.13,707.0,0.08,0.169,0.122363,76.8,0.148,0.0,ETH-27MAR20-140-P,149.42,72.63,0.114,256.0,0.125,820.0,78.12,0.30503,-0.10758,-0.21045,0.00574,-0.34107
149.9,ETH-27DEC19,1575889096314,open,0.02,406.0,0.005,0.041,0.017929,67.84,0.022,0.0,ETH-27DEC19-170-C,149.42,64.87,0.016,791.0,0.02,500.0,70.93,0.09891,-0.18769,0.01503,0.01325,0.22271
149.9,ETH-27DEC19,1575889048581,open,0.01,6692.0,0.001,0.021,0.007225,78.11,0.006,0.0,ETH-27DEC19-120-P,149.42,74.42,0.006,800.0,0.008,200.0,80.33,0.05153,-0.11259,-0.00676,0.00599,-0.08481
149.9,ETH-27DEC19,1575889031533,open,0.0,7615.0,0.001,0.013,0.003052,93.21,0.002,0.0,ETH-27DEC19-220-C,149.42,86.92,0.002,981.0,0.004,700.0,97.84,0.02829,-0.07375,0.00267,0.00276,0.03948
150.8,SYN.ETH-31JAN20,1575889129832,open,0.03,130.0,0.01,0.053,0.027829,75.05,0.033,0.0,ETH-31JAN20-200-C,149.42,72.33,0.025,1242.0,0.03,10.0,77.06,0.16013,-0.11364,0.03736,0.00648,0.19885
149.9,ETH-27DEC19,1575889031444,open,0.01,202.0,0.001,0.022,0.007191,77.1,0.01,0.0,ETH-27DEC19-190-C,149.42,73.8,0.006,840.0,0.009,1340.0,81.64,0.05655,-0.12194,0.00653,0.00666,0.0961
153.57,SYN.ETH-26JUN20,1575889095387,open,0.16,964.0,0.102,0.211,0.155554,84.6,0.144,0.0,ETH-26JUN20-200-C,149.42,79.28,0.14,275.0,0.155,500.0,84.41,0.45068,-0.09538,0.25318,0.00413,0.45662
150.8,SYN.ETH-31JAN20,1575889097422,open,0.07,11.0,0.04,0.107,0.071064,70.55,0.09,0.0,ETH-31JAN20-140-P,149.42,67.63,0.067,751.0,0.074,860.0,72.65,0.21043,-0.14039,-0.08992,0.00905,-0.34053
150.8,SYN.ETH-31JAN20,1575889100811,open,0.05,85.0,0.021,0.077,0.046539,71.96,0.045,0.0,ETH-31JAN20-180-C,149.42,69.28,0.043,750.0,0.049,340.0,73.79,0.20112,-0.13685,0.05652,0.00848,0.30526
150.8,SYN.ETH-31JAN20,1575889100794,open,0.08,3.0,0.048,0.117,0.082136,70.5,0.084,0.0,ETH-31JAN20-160-C,149.42,67.11,0.077,702.0,0.084,340.0,71.74,0.22812,-0.15209,0.08375,0.00982,0.46553
149.9,ETH-27DEC19,1575889095503,open,0.06,66.0,0.032,0.097,0.057359,64.62,0.057,0.0,ETH-27DEC19-150-P,149.42,59.68,0.053,1218.0,0.06,860.0,67.62,0.13205,-0.23869,-0.03896,0.01857,-0.47335
149.9,ETH-27DEC19,1575889143995,open,0.0,6174.0,0.001,0.011,0.0,120.0,0.001,0.0,ETH-27DEC19-720-C,149.42,0.0,0.0,0.0,0.001,500.0,255.76,0.0,0.0,0.0,0.0,0.0
149.9,ETH-27DEC19,1575889143995,open,0.0,11107.0,0.001,0.011,0.0,120.0,0.001,0.0,ETH-27DEC19-560-C,149.42,0.0,0.0,0.0,0.001,500.0,221.14,0.0,0.0,0.0,0.0,0.0
149.9,ETH-27DEC19,1575888790583,open,0.0,2232.0,0.001,0.011,0.000243,120.0,0.002,0.0,ETH-27DEC19-320-C,149.42,0.0,0.0,0.0,0.002,800.0,151.69,0.00325,-0.01091,0.00022,0.00025,0.00324
152.25,ETH-27MAR20,1575889095770,open,0.03,2263.0,0.011,0.061,0.030876,87.79,0.034,0.0,ETH-27MAR20-280-C,149.42,85.49,0.028,560.0,0.033,500.0,89.42,0.19498,-0.07861,0.05468,0.00321,0.15129
152.24,ETH-27MAR20,1575889095390,open,0.08,2189.0,0.043,0.122,0.080149,80.02,0.082,0.0,ETH-27MAR20-200-C,149.42,78.45,0.077,281.0,0.083,800.0,81.44,0.30549,-0.11226,0.11911,0.00552,0.34244
150.8,SYN.ETH-31JAN20,1575889143995,open,0.74,0.0,0.678,0.796,0.73368,88.07,None,0.0,ETH-31JAN20-260-P,149.42,0.0,0.01,50.0,0.0,0.0,0.0,0.07917,-0.06593,-0.36289,0.00273,-0.9275
153.57,SYN.ETH-26JUN20,1575889143995,open,0.03,5.0,0.014,0.056,0.032246,83.38,0.029,0.0,ETH-26JUN20-80-P,149.42,81.42,0.03,250.0,0.035,550.0,85.71,0.17848,-0.03723,-0.09949,0.00166,-0.08606
149.52,SYN.ETH-13DEC19,1575889143995,open,0.2,0.0,0.173,0.223,0.197957,98.95,None,0.0,ETH-13DEC19-120-C,149.42,0.0,0.002,50.0,0.0,0.0,0.0,0.00537,-0.06849,0.01252,0.00228,0.98639
149.52,SYN.ETH-13DEC19,1575889143995,open,0.0,597.0,0.001,0.011,0.001395,79.79,0.004,0.0,ETH-13DEC19-130-P,149.42,74.98,0.001,505.0,0.002,102.0,85.85,0.01346,-0.13851,-0.00067,0.0071,-0.04066
153.57,SYN.ETH-26JUN20,1575889143995,open,0.41,1.0,0.374,0.451,0.413022,80.2,0.38,0.0,ETH-26JUN20-100-C,149.42,28.03,0.35,1.0,0.949,1.0,500.0,0.26961,-0.05409,0.36413,0.0026,0.84603
152.24,ETH-27MAR20,1575889143996,open,3.21,0.0,3.083,3.347,3.208162,113.54,None,0.0,ETH-27MAR20-640-P,149.42,0.0,0.01,50.0,0.0,0.0,0.0,0.04438,-0.02314,-1.9008,0.00057,-0.97756
149.9,ETH-27DEC19,1575889143996,open,0.74,946.0,0.685,0.794,0.736477,116.61,0.715,0.0,ETH-27DEC19-260-P,149.42,0.0,0.001,9.0,0.0,0.0,0.0,0.01773,-0.05784,-0.12583,0.00138,-0.97752
153.57,SYN.ETH-26JUN20,1575889143996,open,0.33,144.0,0.283,0.376,0.33078,78.7,0.308,0.0,ETH-26JUN20-120-C,149.42,74.42,0.321,210.0,0.357,210.0,90.11,0.35118,-0.06914,0.36314,0.00346,0.76261
153.57,SYN.ETH-26JUN20,1575889143996,open,0.51,0.0,0.482,0.541,0.51134,83.41,None,0.0,ETH-26JUN20-80-C,149.42,0.0,0.479,1.0,0.0,0.0,0.0,0.17855,-0.03725,0.33853,0.00166,0.9139
152.24,ETH-27MAR20,1575889143998,open,1.64,4.0,1.555,1.736,1.639837,98.74,2.048,0.0,ETH-27MAR20-400-P,149.42,0.0,0.055,10.0,0.0,0.0,0.0,0.10423,-0.04726,-1.16971,0.00153,-0.93595
149.9,ETH-27DEC19,1575889143998,open,0.0,10814.0,0.001,0.011,1.1e-05,120.0,0.001,0.0,ETH-27DEC19-400-C,149.42,0.0,0.0,0.0,0.001,501.0,172.78,0.00023,-0.00078,1e-05,2e-05,0.00018
153.57,SYN.ETH-26JUN20,1575889143998,open,2.93,0.0,2.8,3.071,2.927391,102.41,None,0.0,ETH-26JUN20-600-P,149.42,0.0,0.01,50.0,0.0,0.0,0.0,0.16559,-0.04242,-3.23721,0.00125,-0.92209
153.57,SYN.ETH-26JUN20,1575889143998,open,0.62,1.0,0.604,0.644,0.622751,88.64,0.69,0.0,ETH-26JUN20-60-C,149.42,0.0,0.609,1.0,0.0,0.0,0.0,0.09622,-0.02133,0.28433,0.00084,0.96086
152.24,ETH-27MAR20,1575889144000,open,0.01,885.0,0.001,0.02,0.006004,110.15,0.009,0.0,ETH-27MAR20-560-C,149.42,107.37,0.005,500.0,0.007,720.0,112.62,0.05836,-0.02952,0.01142,0.00077,0.03115
152.24,ETH-27MAR20,1575889144000,open,0.01,1637.0,0.001,0.026,0.008549,105.46,0.013,0.0,ETH-27MAR20-480-C,149.42,102.22,0.007,720.0,0.01,720.0,108.18,0.07744,-0.03751,0.01611,0.00106,0.04403
149.9,ETH-27DEC19,1575889144000,open,0.87,310.0,0.814,0.93,0.869041,120.0,0.49,0.0,ETH-27DEC19-280-P,149.42,0.0,0.003,9.0,0.0,0.0,0.0,0.01126,-0.03779,-0.13624,0.00085,-0.98679
149.52,SYN.ETH-13DEC19,1575889144000,open,0.0,91.0,0.001,0.011,0.000224,119.98,0.001,0.0,ETH-13DEC19-110-P,149.42,0.0,0.0,0.0,0.001,502.0,146.45,0.00241,-0.03345,-9e-05,0.00085,-0.00547
149.9,ETH-27DEC19,1575889144002,open,0.0,12762.0,0.001,0.011,0.0,120.0,0.001,0.0,ETH-27DEC19-680-C,149.42,0.0,0.0,0.0,0.001,500.0,247.98,0.0,0.0,0.0,0.0,0.0
150.8,SYN.ETH-31JAN20,1575889144002,open,0.23,0.0,0.2,0.266,0.233777,74.1,None,0.0,ETH-31JAN20-120-C,149.42,0.0,0.203,1.0,0.334,1.0,162.2,0.14567,-0.10207,0.13008,0.00597,0.82922
152.24,ETH-27MAR20,1575889144006,open,0.07,1195.0,0.036,0.102,0.065851,77.05,0.078,0.0,ETH-27MAR20-120-P,149.42,75.27,0.063,320.0,0.069,500.0,78.99,0.24549,-0.08686,-0.12931,0.00461,-0.2189
152.24,ETH-27MAR20,1575889144006,open,0.29,1560.0,0.231,0.35,0.289531,78.24,0.36,0.0,ETH-27MAR20-180-P,149.42,73.78,0.28,300.0,0.308,300.0,86.81,0.32648,-0.1173,-0.39068,0.00604,-0.57077
149.9,ETH-27DEC19,1575889144006,open,0.0,13247.0,0.001,0.011,0.0,120.0,0.001,0.0,ETH-27DEC19-520-C,149.42,0.0,0.0,0.0,0.001,500.0,210.7,0.0,-1e-05,0.0,0.0,0.0
153.57,SYN.ETH-26JUN20,1575889144006,open,0.07,720.0,0.035,0.099,0.064154,80.18,0.081,0.0,ETH-26JUN20-100-P,149.42,78.37,0.061,250.0,0.068,250.0,82.36,0.26957,-0.05407,-0.18341,0.0026,-0.15394
152.24,ETH-27MAR20,1575889144008,open,0.03,2263.0,0.011,0.061,0.030876,87.79,0.034,0.0,ETH-27MAR20-280-C,149.42,85.5,0.028,560.0,0.033,500.0,89.43,0.19494,-0.0786,0.05467,0.00321,0.15125
153.57,SYN.ETH-26JUN20,1575889144008,open,0.03,92.0,0.008,0.06,0.026661,99.88,0.029,0.0,ETH-26JUN20-520-C,149.42,97.77,0.024,440.0,0.029,640.0,101.63,0.19965,-0.04988,0.0618,0.00155,0.10015
150.8,SYN.ETH-31JAN20,1575889144008,open,0.35,0.0,0.322,0.375,0.348159,82.4,None,0.0,ETH-31JAN20-100-C,149.42,0.0,0.336,1.0,0.446,2.0,198.17,0.07811,-0.06086,0.12684,0.00288,0.92876
153.57,SYN.ETH-26JUN20,1575889095779,open,0.03,92.0,0.008,0.06,0.026661,99.88,0.029,0.0,ETH-26JUN20-520-C,149.42,97.77,0.024,440.0,0.029,640.0,101.63,0.19965,-0.04988,0.0618,0.00155,0.10015
152.24,ETH-27MAR20,1575889095770,open,0.03,2263.0,0.011,0.061,0.030876,87.79,0.034,0.0,ETH-27MAR20-280-C,149.42,85.5,0.028,560.0,0.033,500.0,89.43,0.19494,-0.0786,0.05467,0.00321,0.15125
153.57,SYN.ETH-26JUN20,1575889095735,open,0.03,5.0,0.014,0.056,0.032246,83.38,0.029,0.0,ETH-26JUN20-80-P,149.42,81.42,0.03,250.0,0.035,550.0,85.71,0.17848,-0.03723,-0.09949,0.00166,-0.08606
149.9,ETH-27DEC19,1575889144261,open,0.01,5144.0,0.002,0.029,0.011073,72.44,0.012,0.0,ETH-27DEC19-180-C,149.42,70.26,0.01,500.0,0.013,1040.0,76.15,0.07535,-0.15267,0.00978,0.00945,0.14426
7505.18,BTC-27DEC19,1575889144288,open,0.15,3.0,0.1205,0.182,0.14716671,62.26,0.18,0.0,BTC-27DEC19-8500-P,7486.69,0.0,0.0,0.0,0.0,0.0,0.0,4.67793,-8.14695,-3.47403,0.00027,-0.79799
7505.18,BTC-27DEC19,1575889144288,open,0.14,141.6,0.122,0.1685,0.14441614,63.66,0.139,0.0,BTC-27DEC19-6500-C,7486.69,60.68,0.143,0.1,0.1465,0.1,67.81,3.6539,-6.50646,2.63896,0.00021,0.86238
7505.18,BTC-27DEC19,1575889144288,open,0.0,449.3,0.0005,0.0105,0.0,120.0,0.0005,0.0,BTC-27DEC19-44000-C,7486.69,0.0,0.0,0.0,0.0005,16.0,265.26,0.0,0.0,0.0,0.0,0.0
7637.87,BTC-27MAR20,1575889144288,open,0.02,1546.5,0.0045,0.039,0.01521227,84.58,0.015,0.0,BTC-27MAR20-16000-C,7486.69,83.13,0.014,1.0,0.0165,43.0,86.06,6.51333,-2.53007,1.59879,4e-05,0.08539
7505.18,BTC-27DEC19,1575889144288,open,0.47,248.6,0.4375,0.5025,0.46745285,85.24,0.49,0.0,BTC-27DEC19-11000-P,7486.69,0.0,0.412,2.0,0.55,0.1,236.57,1.02432,-2.44219,-5.29582,4e-05,-0.97334
7505.18,BTC-27DEC19,1575889144288,open,0.8,12.1,0.7905,0.81,0.80013937,182.41,0.8415,0.0,BTC-27DEC19-1500-C,7486.69,0.0,0.793,19.0,0.8065,20.0,418.6,0.00102,-0.0052,0.73456,0.0,0.99999
7637.87,BTC-27MAR20,1575889144288,open,0.03,1254.1,0.015,0.067,0.03447523,74.95,0.033,0.0,BTC-27MAR20-12000-C,7486.69,73.58,0.0325,38.1,0.036,2.0,75.99,11.1095,-3.82386,3.41393,9e-05,0.18432
7505.18,BTC-27DEC19,1575889144288,open,0.0,657.0,0.0005,0.0105,3e-08,120.0,0.0005,0.0,BTC-27DEC19-28000-C,7486.69,0.0,0.0,0.0,0.0005,15.0,206.54,6e-05,-0.0002,0.0,0.0,0.0
7505.18,BTC-27DEC19,1575889144288,open,0.0,832.1,0.0005,0.0105,1.174e-05,120.0,0.0005,0.0,BTC-27DEC19-3000-P,7486.69,0.0,0.0,0.0,0.0005,51.0,167.42,0.0107,-0.03591,-0.00066,0.0,-0.00017
7505.18,BTC-27DEC19,1575889144288,open,0.0,680.5,0.0005,0.0105,1.4e-07,120.0,0.0005,0.0,BTC-27DEC19-26000-C,7486.69,0.0,0.0,0.0,0.0005,44.0,196.6,0.00022,-0.00072,1e-05,0.0,0.0
7637.87,BTC-27MAR20,1575889144288,open,0.37,143.3,0.327,0.427,0.3723525,70.9,0.3805,0.0,BTC-27MAR20-10000-P,7486.69,68.36,0.3675,10.0,0.397,13.0,83.32,14.67004,-4.77686,-24.25467,0.00012,-0.69224
7505.18,BTC-27DEC19,1575889144288,open,0.27,0.0,0.243,0.3045,0.2712098,71.77,None,0.0,BTC-27DEC19-9500-P,7486.69,0.0,0.0,0.0,0.0,0.0,0.0,2.47063,-4.95942,-4.37822,0.00012,-0.91994
7505.18,BTC-27DEC19,1575889144288,open,0.0,1541.5,0.0005,0.0105,0.0,120.0,0.0005,0.0,BTC-27DEC19-52000-C,7486.69,0.0,0.0,0.0,0.0005,51.9,286.22,0.0,0.0,0.0,0.0,0.0
7637.87,BTC-27MAR20,1575889144288,open,1.37,0.0,1.3145,1.4335,1.36804335,88.94,1.23,0.0,BTC-27MAR20-18000-P,7486.69,0.0,0.0015,10.0,0.0,0.0,0.0,5.22598,-2.13442,-52.49291,3e-05,-0.936
7505.18,BTC-27DEC19,1575889144288,open,0.34,521.3,0.3075,0.3695,0.33605004,76.63,0.361,0.0,BTC-27DEC19-10000-P,7486.69,0.0,0.226,2.0,0.45,0.1,246.86,1.82001,-3.90093,-4.71247,9e-05,-0.94604
7637.87,BTC-27MAR20,1575889144288,open,0.0,97.3,0.0005,0.0145,0.00297694,111.98,0.003,0.0,BTC-27MAR20-34000-C,7486.69,106.96,0.002,58.0,0.004,63.1,116.11,1.7007,-0.87458,0.3046,1e-05,0.01635
7505.18,BTC-27DEC19,1575889144288,open,0.0,255.7,0.0005,0.0105,0.0,120.0,0.001,0.0,BTC-27DEC19-1500-P,7486.69,0.0,0.0,0.0,0.0005,52.9,287.71,0.0,0.0,0.0,0.0,0.0
7505.18,BTC-27DEC19,1575889144288,open,0.0,349.0,0.0005,0.0105,0.0,120.0,0.0005,0.0,BTC-27DEC19-48000-C,7486.69,0.0,0.0,0.0,0.0005,15.0,276.22,0.0,0.0,0.0,0.0,0.0
7637.76,BTC-27MAR20,1575889144289,open,0.02,239.5,0.0095,0.043,0.02183765,71.27,0.022,0.0,BTC-27MAR20-5000-P,7486.69,70.39,0.021,27.0,0.024,24.0,73.49,7.30661,-2.39141,-2.76974,6e-05,-0.09973
7637.76,BTC-27MAR20,1575889144289,open,0.01,1367.0,0.0005,0.0215,0.00858831,78.13,0.009,0.0,BTC-27MAR20-4000-P,7486.69,75.83,0.0075,46.0,0.01,15.0,80.91,3.73237,-1.33926,-1.15019,3e-05,-0.0419
7505.07,BTC-27DEC19,1575889144289,open,0.0,756.8,0.0005,0.0105,5.9e-07,120.0,0.0005,0.0,BTC-27DEC19-24000-C,7486.69,0.0,0.0,0.0,0.0005,44.0,185.75,0.00081,-0.00272,4e-05,0.0,1e-05
7505.07,BTC-27DEC19,1575889144288,open,0.0,793.0,0.0005,0.0105,0.00072146,102.35,0.001,0.0,BTC-27DEC19-4500-P,7486.69,97.64,0.0005,52.8,0.001,14.7,107.04,0.39813,-1.13977,-0.03521,1e-05,-0.00886
7505.07,BTC-27DEC19,1575889144289,open,0.0,43.1,0.0005,0.0125,0.00271101,82.13,0.0025,0.0,BTC-27DEC19-10500-C,7486.69,80.98,0.0025,0.5,0.003,20.0,83.61,1.41609,-3.25292,0.13515,6e-05,0.03948
7505.07,BTC-27DEC19,1575889144289,open,0.0,707.6,0.0005,0.0105,0.00089255,104.59,0.0005,0.0,BTC-27DEC19-13000-C,7486.69,97.71,0.0005,98.8,0.0015,55.5,111.88,0.51806,-1.5156,0.04076,2e-05,0.01198
7637.76,BTC-27MAR20,1575889144289,open,0.0,132.6,0.0005,0.0165,0.0037908,107.6,0.004,0.0,BTC-27MAR20-30000-C,7486.69,104.49,0.003,45.0,0.0045,11.1,110.03,2.102,-1.03867,0.39127,1e-05,0.02096
7490.8,SYN.BTC-13DEC19,1575889144289,open,0.17,0.3,0.149,0.1855,0.16630884,87.16,0.1885,0.0,BTC-13DEC19-6250-C,7486.69,0.0,0.1515,9.0,0.171,9.0,132.49,0.36801,-4.13805,0.6475,7e-05,0.98036
7505.07,BTC-27DEC19,1575889144289,open,0.0,820.7,0.0005,0.0105,0.00057343,120.0,0.0005,0.0,BTC-27DEC19-4000-P,7486.69,118.0,0.0005,34.9,0.001,65.8,129.04,0.28932,-0.97109,-0.02477,1e-05,-0.00617
7505.07,BTC-27DEC19,1575889144289,open,0.01,151.2,0.0005,0.0185,0.00540199,71.72,0.0055,0.0,BTC-27DEC19-9500-C,7486.69,70.48,0.005,1.5,0.0055,20.0,72.02,2.46699,-4.94911,0.27385,0.00012,0.07991
7505.07,BTC-27DEC19,1575889144289,open,0.6,73.0,0.568,0.638,0.6003001,97.08,0.64,0.0,BTC-27DEC19-12000-P,7486.69,0.0,0.0025,0.1,0.0,0.0,0.0,0.76635,-2.08103,-5.81256,3e-05,-0.9811
7637.76,BTC-27MAR20,1575889144289,open,0.0,658.7,0.0005,0.0135,0.00264808,120.0,0.0025,0.0,BTC-27MAR20-40000-C,7486.69,119.22,0.0025,1.0,0.003,40.1,121.73,1.48414,-0.8179,0.25751,1e-05,0.01395
7505.07,BTC-27DEC19,1575889144289,open,0.67,0.0,0.657,0.6765,0.66689953,139.04,None,0.0,BTC-27DEC19-2500-C,7486.69,0.0,0.66,16.0,0.673,16.0,288.13,0.0064,-0.02487,1.22398,0.0,0.9999
7505.07,BTC-27DEC19,1575889144289,open,0.0,590.4,0.0005,0.0105,5.8e-07,120.0,0.001,0.0,BTC-27DEC19-2500-P,7486.69,0.0,0.0,0.0,0.0005,165.0,198.76,0.00072,-0.00242,-4e-05,0.0,-1e-05
7505.07,BTC-27DEC19,1575889144289,open,0.0,1023.5,0.0005,0.0105,0.00076264,114.23,0.0005,0.0,BTC-27DEC19-14000-C,7486.69,108.92,0.0005,51.1,0.001,25.6,118.0,0.42886,-1.37029,0.03264,1e-05,0.00964
7505.07,BTC-27DEC19,1575889144290,open,0.01,1193.4,0.0005,0.0235,0.00829404,66.25,0.0085,0.0,BTC-27DEC19-9000-C,7486.69,65.58,0.008,0.5,0.009,20.0,67.8,3.35866,-6.22347,0.41743,0.00018,0.12186
7505.07,BTC-27DEC19,1575889144290,open,0.0,106.3,0.0005,0.0105,1e-08,120.0,0.0005,0.0,BTC-27DEC19-2000-P,7486.69,0.0,0.0,0.0,0.0005,26.1,237.36,1e-05,-5e-05,0.0,0.0,0.0
7505.07,BTC-27DEC19,1575889144290,open,0.0,526.9,0.0005,0.0105,2.58e-06,120.0,0.0005,0.0,BTC-27DEC19-22000-C,7486.69,0.0,0.0,0.0,0.0005,44.0,173.81,0.00309,-0.01037,0.00016,0.0,4e-05
7505.07,BTC-27DEC19,1575889144290,open,0.09,228.4,0.0665,0.1165,0.09049731,58.41,0.093,0.0,BTC-27DEC19-7000-C,7486.69,56.37,0.089,15.1,0.0925,17.1,61.12,5.52253,-9.02281,2.3393,0.00034,0.72694
7637.76,BTC-27MAR20,1575889144290,open,1.11,1.1,1.0595,1.172,1.11002206,84.53,1.08,0.0,BTC-27MAR20-16000-P,7486.69,0.0,0.0015,10.0,0.0,0.0,0.0,6.50293,-2.52448,-46.13065,4e-05,-0.91479
7556.25,SYN.BTC-31JAN20,1575889144288,open,0.54,0.0,0.4965,0.5755,0.5323503,74.18,None,0.0,BTC-31JAN20-11500-P,7486.69,0.0,0.0015,10.0,0.0,0.0,0.0,4.63626,-3.25235,-15.79813,8e-05,-0.91088
7505.07,BTC-27DEC19,1575889144290,open,0.6,11.0,0.5905,0.61,0.60029047,124.73,0.5835,0.0,BTC-27DEC19-3000-C,7486.69,0.0,0.5935,15.0,0.607,15.0,248.8,0.01666,-0.05812,1.46817,0.0,0.99973
7770.51,SYN.BTC-26JUN20,1575889144289,open,0.01,119.1,0.0005,0.0195,0.00806228,79.86,0.009,0.0,BTC-26JUN20-3000-P,7486.69,77.56,0.007,41.0,0.0095,14.0,82.73,3.73068,-0.74529,-1.54853,1e-05,-0.02833
7637.76,BTC-27MAR20,1575889144290,open,0.18,301.9,0.1345,0.222,0.1740564,67.25,0.1735,0.0,BTC-27MAR20-8000-P,7486.69,65.85,0.171,10.0,0.1765,2.0,68.38,16.61411,-5.13131,-14.83445,0.00014,-0.47707
7505.07,BTC-27DEC19,1575889144290,open,0.53,4.3,0.524,0.5435,0.53376566,120.99,0.5625,0.0,BTC-27DEC19-3500-C,7486.69,0.0,0.526,13.0,0.5395,14.0,205.26,0.0775,-0.26228,1.70843,0.0,0.99857
7505.07,BTC-27DEC19,1575889144290,open,0.73,0.0,0.724,0.7435,0.73351917,163.39,None,0.0,BTC-27DEC19-2000-C,7486.69,0.0,0.7265,18.0,0.74,18.0,346.89,0.00419,-0.01916,0.97924,0.0,0.99994
7505.07,BTC-27DEC19,1575889144290,open,1.4,9.4,1.3515,1.4485,1.39838069,97.85,1.1125,0.0,BTC-27DEC19-18000-P,7486.69,0.0,0.0,0.0,0.0,0.0,0.0,0.00291,-0.00798,-8.81526,0.0,-0.99996
7505.07,BTC-27DEC19,1575889144290,open,0.47,30.7,0.4565,0.4805,0.46761175,120.29,0.4745,0.0,BTC-27DEC19-4000-C,7486.69,0.0,0.459,12.0,0.4735,12.0,177.12,0.29329,-0.98679,1.93382,1e-05,0.99374
7637.76,BTC-27MAR20,1575889144290,open,2.68,0.0,2.595,2.757,2.67048638,105.6,None,0.0,BTC-27MAR20-28000-P,7486.69,0.0,0.0015,10.0,0.0,0.0,0.0,2.41868,-1.17299,-83.05919,1e-05,-0.97524
7505.07,BTC-27DEC19,1575889144290,open,1.67,3.6,1.613,1.7195,1.66481999,0.0,1.729,0.0,BTC-27DEC19-20000-P,7486.69,0.0,0.0,0.0,0.0,0.0,0.0,0.0,0.0,-9.7949,0.0,-1.0
7637.76,BTC-27MAR20,1575889144291,open,0.0,115.7,0.0005,0.0205,0.00528098,103.12,0.0075,0.0,BTC-27MAR20-26000-C,7486.69,100.86,0.0045,15.0,0.006,21.6,105.02,2.77187,-1.31273,0.54393,2e-05,0.02916
7505.07,BTC-27DEC19,1575889144291,open,0.0,1469.0,0.0005,0.0115,0.0016576,94.26,0.002,0.0,BTC-27DEC19-5000-P,7486.69,92.75,0.0015,20.5,0.002,5.5,97.26,0.80832,-2.13124,-0.08005,3e-05,-0.02012
7637.76,BTC-27MAR20,1575889144291,open,0.01,159.0,0.0005,0.022,0.00605657,99.8,0.006,0.0,BTC-27MAR20-24000-C,7486.69,97.06,0.005,49.8,0.007,22.0,101.99,3.12953,-1.43427,0.63128,2e-05,0.03377
7505.07,BTC-27DEC19,1575889144291,open,0.0,1572.5,0.0005,0.0175,0.00547689,73.07,0.0055,0.0,BTC-27DEC19-6000-P,7486.69,71.46,0.005,20.5,0.006,25.1,74.76,2.26574,-4.63074,-0.28279,0.00011,-0.07146
7637.76,BTC-27MAR20,1575889144291,open,0.0,144.6,0.0005,0.014,0.00277355,114.44,0.0035,0.0,BTC-27MAR20-36000-C,7486.69,110.28,0.002,43.0,0.0035,25.1,117.66,1.5869,-0.83402,0.28035,1e-05,0.01508
7505.07,BTC-27DEC19,1575889144291,open,0.0,1025.9,0.0005,0.0105,0.00044945,117.86,0.0005,0.0,BTC-27DEC19-15000-C,7486.69,0.0,0.0,0.0,0.0005,1.0,119.19,0.27378,-0.90257,0.01964,1e-05,0.00579
7490.8,SYN.BTC-13DEC19,1575889144289,open,0.0,186.3,0.0005,0.0105,0.0007875,87.95,0.001,0.0,BTC-13DEC19-9000-C,7486.69,82.25,0.0005,21.5,0.001,20.0,91.35,0.43374,-4.92157,0.01835,8e-05,0.02386
7505.07,BTC-27DEC19,1575889144291,open,0.33,66.8,0.3205,0.3525,0.3354555,94.39,0.4645,0.0,BTC-27DEC19-5000-C,7486.69,0.0,0.3335,0.1,0.3405,11.0,123.55,0.81259,-2.14547,2.36816,3e-05,0.97975
7556.25,SYN.BTC-31JAN20,1575889144290,open,0.04,139.2,0.0185,0.0665,0.03802484,65.04,0.037,0.0,BTC-31JAN20-9000-C,7486.69,64.24,0.037,2.1,0.039,12.8,65.8,9.68296,-5.95534,2.64985,0.00018,0.2801
7637.76,BTC-27MAR20,1575889144291,open,0.37,2.0,0.3445,0.3945,0.36720763,71.28,0.355,0.0,BTC-27MAR20-5000-C,7486.69,34.47,0.346,10.0,0.3885,9.0,90.94,7.30811,-2.39233,12.14382,6e-05,0.90024
7637.76,BTC-27MAR20,1575889144291,open,0.48,7.4,0.4695,0.5045,0.48488521,78.16,0.499,0.0,BTC-27MAR20-4000-C,7486.69,55.08,0.4775,11.0,0.499,11.0,100.5,3.73471,-1.34047,10.78041,3e-05,0.95807
7505.07,BTC-27DEC19,1575889144291,open,0.0,562.6,0.0005,0.0105,0.0,120.0,0.0005,0.0,BTC-27DEC19-40000-C,7486.69,0.0,0.0,0.0,0.0005,20.6,253.13,0.0,0.0,0.0,0.0,0.0
7637.76,BTC-27MAR20,1575889144292,open,2.94,0.0,2.8515,3.0225,2.93158729,107.39,None,0.0,BTC-27MAR20-30000-P,7486.69,0.0,0.0015,10.0,0.0,0.0,0.0,2.08047,-1.02605,-89.10008,1e-05,-0.97929
7637.76,BTC-27MAR20,1575889144291,open,0.01,256.6,0.0005,0.025,0.00731619,96.65,0.008,0.0,BTC-27MAR20-22000-C,7486.69,94.88,0.0065,22.0,0.008,13.6,98.03,3.65999,-1.62443,0.76506,2e-05,0.0409
7505.07,BTC-27DEC19,1575889144292,open,0.0,967.4,0.0005,0.011,0.00141505,97.41,0.0015,0.0,BTC-27DEC19-12000-C,7486.69,92.94,0.001,48.5,0.002,57.3,102.42,0.77883,-2.12213,0.06559,3e-05,0.01926
7505.07,BTC-27DEC19,1575889144292,open,0.0,690.8,0.0005,0.0105,0.0,120.0,0.0005,0.0,BTC-27DEC19-36000-C,7486.69,0.0,0.0,0.0,0.0005,15.0,239.57,0.0,0.0,0.0,0.0,0.0
7637.76,BTC-27MAR20,1575889144292,open,0.01,501.9,0.0005,0.029,0.00935588,93.67,0.009,0.0,BTC-27MAR20-20000-C,7486.69,92.15,0.0085,2.0,0.01,24.6,94.75,4.43759,-1.90887,0.97119,3e-05,0.05198
7770.51,SYN.BTC-26JUN20,1575889144289,open,1.36,2.7,1.288,1.432,1.35205789,83.01,1.33,0.0,BTC-26JUN20-18000-P,7486.69,0.0,1.3,0.1,1.45,0.1,126.15,13.07413,-2.71483,-93.93628,5e-05,-0.85552
7505.07,BTC-27DEC19,1575889144292,open,0.03,1355.6,0.011,0.05,0.02714708,59.07,0.028,0.0,BTC-27DEC19-8000-C,7486.69,58.27,0.0265,1.5,0.0285,16.4,60.74,6.0585,-10.01019,1.13553,0.00037,0.33609
7498.01,SYN.BTC-20DEC19,1575889144288,open,0.0,66.4,0.0005,0.0115,0.00165641,83.84,0.0015,0.0,BTC-20DEC19-5750-P,7486.69,82.4,0.0015,20.0,0.002,1.2,86.74,0.8389,-3.23359,-0.06692,6e-05,-0.0283
7505.07,BTC-27DEC19,1575889144292,open,0.4,0.0,0.3725,0.436,0.40173543,81.97,None,0.0,BTC-27DEC19-10500-P,7486.69,0.0,0.0,0.0,0.0,0.0,0.0,1.40678,-3.22529,-5.00824,6e-05,-0.96084
7490.8,SYN.BTC-13DEC19,1575889144288,open,0.07,38.7,0.049,0.099,0.0718409,56.38,0.071,0.0,BTC-13DEC19-8000-P,7486.69,23.26,0.068,15.0,0.0775,8.1,77.54,1.67592,-12.18884,-0.74516,0.0005,-0.865
7505.07,BTC-27DEC19,1575889144292,open,0.0,839.6,0.0005,0.0105,5.313e-05,120.0,0.0005,0.0,BTC-27DEC19-18000-C,7486.69,0.0,0.0,0.0,0.0005,18.6,145.65,0.04479,-0.15034,0.00269,0.0,0.00079
7637.76,BTC-27MAR20,1575889144292,open,0.0,64.3,0.0005,0.017,0.00378212,111.57,0.0035,0.0,BTC-27MAR20-32000-C,7486.69,110.49,0.0035,0.1,0.004,23.5,112.37,2.05061,-1.0507,0.37771,1e-05,0.02036
7637.76,BTC-27MAR20,1575889144293,open,0.01,423.0,0.0015,0.0325,0.01133823,88.9,0.0115,0.0,BTC-27MAR20-18000-C,7486.69,86.87,0.01,41.0,0.0125,43.0,90.55,5.21873,-2.13053,1.19724,3e-05,0.06389
7770.51,SYN.BTC-26JUN20,1575889144289,open,2.12,0.0,2.0365,2.2005,2.10998347,90.43,None,0.0,BTC-26JUN20-24000-P,7486.69,0.0,0.002,1.0,0.0,0.0,0.0,9.21531,-2.0847,-128.57271,3e-05,-0.91158
7637.76,BTC-27MAR20,1575889144292,open,0.61,54.9,0.5595,0.6625,0.60558448,74.93,0.77,0.0,BTC-27MAR20-12000-P,7486.69,0.0,0.571,0.1,0.88,1.0,209.76,11.10541,-3.8214,-32.38253,9e-05,-0.81578
7505.07,BTC-27DEC19,1575889144292,open,0.0,1038.8,0.0005,0.0105,1.158e-05,120.0,0.0015,0.0,BTC-27DEC19-20000-C,7486.69,0.0,0.0,0.0,0.0005,6.6,160.55,0.01181,-0.03965,0.00064,0.0,0.00019
7505.07,BTC-27DEC19,1575889144293,open,0.0,390.4,0.0005,0.0105,0.00024674,119.99,0.0005,0.0,BTC-27DEC19-16000-C,7486.69,0.0,0.0,0.0,0.0005,29.3,128.67,0.16487,-0.55335,0.01117,0.0,0.00328
7556.25,SYN.BTC-31JAN20,1575889144290,open,0.6,0.0,0.56,0.64,0.59661685,76.19,None,0.0,BTC-31JAN20-12000-P,7486.69,0.0,0.0015,10.0,0.0,0.0,0.0,4.00963,-2.8887,-16.67235,6e-05,-0.92648
7490.8,SYN.BTC-13DEC19,1575889144289,open,0.01,375.9,0.0005,0.031,0.00920793,53.36,0.011,0.0,BTC-13DEC19-7250-P,7486.69,49.75,0.008,31.0,0.0105,31.1,57.13,2.53822,-17.47257,-0.21974,0.0008,-0.26706
7505.07,BTC-27DEC19,1575889144293,open,0.01,942.5,0.0005,0.0265,0.01049322,63.68,0.011,0.0,BTC-27DEC19-6500-P,7486.69,62.65,0.01,20.5,0.0115,40.5,65.71,3.65505,-6.50985,-0.54465,0.00021,-0.13769
7505.07,BTC-27DEC19,1575889144293,open,0.0,488.2,0.0005,0.0105,0.00010713,120.0,0.0005,0.0,BTC-27DEC19-3500-P,7486.69,0.0,0.0,0.0,0.0005,10.0,140.96,0.07244,-0.24315,-0.00527,0.0,-0.00133
7498.01,SYN.BTC-20DEC19,1575889144288,open,0.24,0.0,0.21,0.2665,0.23624786,72.01,None,0.0,BTC-20DEC19-9250-P,7486.69,0.0,0.0,0.0,0.0,0.0,0.0,1.37408,-4.5491,-2.64611,0.00011,-0.94815
7637.76,BTC-27MAR20,1575889144294,open,0.0,69.3,0.0005,0.0185,0.00454287,105.77,0.006,0.0,BTC-27MAR20-28000-C,7486.69,102.21,0.0035,63.0,0.0055,15.0,108.58,2.43769,-1.18407,0.46598,1e-05,0.025
7505.07,BTC-27DEC19,1575889144293,open,0.0,530.9,0.0005,0.0105,0.0,120.0,0.0005,0.0,BTC-27DEC19-32000-C,7486.69,0.0,0.0,0.0,0.0005,15.4,224.22,0.0,-2e-05,0.0,0.0,0.0
7637.76,BTC-27MAR20,1575889144294,open,0.86,58.9,0.807,0.9135,0.85458167,79.66,1.1385,0.0,BTC-27MAR20-14000-P,7486.69,0.0,0.4,0.5,1.135,0.5,224.72,8.3425,-3.05201,-39.51931,6e-05,-0.88004
7556.25,SYN.BTC-31JAN20,1575889144289,open,0.03,121.2,0.0115,0.053,0.02755,65.98,0.027,0.0,BTC-31JAN20-9500-C,7486.69,65.03,0.0265,20.0,0.0285,12.8,66.83,8.42442,-5.25603,2.06207,0.00015,0.21593
7498.01,SYN.BTC-20DEC19,1575889144288,open,0.0,36.4,0.0005,0.012,0.0021281,75.86,0.0025,0.0,BTC-20DEC19-6000-P,7486.69,74.96,0.002,20.0,0.0025,21.0,78.32,1.08278,-3.77632,-0.09093,9e-05,-0.03857
7770.51,SYN.BTC-26JUN20,1575889144290,open,0.01,31.7,0.0035,0.041,0.01384264,98.41,0.0155,0.0,BTC-26JUN20-32000-C,7486.69,97.4,0.013,1.0,0.0145,16.7,99.18,6.58986,-1.62229,1.84132,2e-05,0.05712
7505.07,BTC-27DEC19,1575889144294,open,0.0,961.6,0.0005,0.0105,1e-08,120.0,0.001,0.0,BTC-27DEC19-30000-C,7486.69,0.0,0.0,0.0,0.0005,15.9,215.71,2e-05,-5e-05,0.0,0.0,0.0
7770.51,SYN.BTC-26JUN20,1575889144290,open,0.25,67.5,0.2075,0.297,0.2487764,70.42,0.2545,0.0,BTC-26JUN20-7000-C,7486.69,68.44,0.2435,16.0,0.2535,2.0,72.2,20.62791,-3.63394,18.2464,9e-05,0.67758
7556.25,SYN.BTC-31JAN20,1575889144289,open,0.09,107.2,0.065,0.131,0.09012305,62.15,0.088,0.0,BTC-31JAN20-7500-P,7486.69,61.07,0.0885,2.0,0.0915,5.0,63.07,11.34543,-6.66759,-5.80771,0.00022,-0.44044
7770.51,SYN.BTC-26JUN20,1575889144291,open,0.19,166.5,0.151,0.2455,0.19415945,70.42,0.192,0.0,BTC-26JUN20-8000-C,7486.69,69.5,0.1915,13.3,0.1955,6.0,70.89,22.4643,-3.95746,16.46507,0.0001,0.5811
7770.51,SYN.BTC-26JUN20,1575889144288,open,0.02,16.4,0.005,0.047,0.01732071,95.19,0.02,0.0,BTC-26JUN20-28000-C,7486.69,94.37,0.0165,0.5,0.018,13.6,95.86,7.81552,-1.86112,2.28928,2e-05,0.07112
7770.51,SYN.BTC-26JUN20,1575889144292,open,0.02,31.6,0.0085,0.058,0.02445657,87.89,0.027,0.0,BTC-26JUN20-22000-C,7486.69,86.76,0.023,33.0,0.0255,5.0,88.68,10.17735,-2.23762,3.2642,4e-05,0.10117
7770.51,SYN.BTC-26JUN20,1575889144290,open,0.87,11.5,0.8025,0.9365,0.8623272,78.06,0.99,0.0,BTC-26JUN20-14000-P,7486.69,0.0,0.5,1.0,2.0,1.0,500.0,17.57002,-3.43099,-69.3478,7e-05,-0.7674
7498.01,SYN.BTC-20DEC19,1575889144288,open,0.05,38.8,0.036,0.085,0.05514375,53.52,0.0525,0.0,BTC-20DEC19-7250-C,7486.69,50.91,0.0535,27.0,0.057,29.0,56.44,4.74659,-11.6785,1.34956,0.00053,0.65921
7490.8,SYN.BTC-13DEC19,1575889144292,open,0.0,285.6,0.0005,0.011,0.00133488,71.03,0.001,0.0,BTC-13DEC19-8500-C,7486.69,67.35,0.001,15.0,0.0015,20.0,72.65,0.73818,-6.76458,0.03513,0.00017,0.0455
7490.8,SYN.BTC-13DEC19,1575889144292,open,0.14,0.0,0.113,0.163,0.13608218,71.25,None,0.0,BTC-13DEC19-8500-P,7486.69,0.0,0.0,0.0,1.13,0.1,500.0,0.74488,-6.84673,-0.86704,0.00018,-0.95399
7556.25,SYN.BTC-31JAN20,1575889144292,open,0.04,33.2,0.0195,0.065,0.037306,64.4,0.038,0.0,BTC-31JAN20-6500-P,7486.69,63.26,0.036,12.8,0.039,27.8,65.85,8.74559,-5.32558,-2.93257,0.00016,-0.2306
7770.51,SYN.BTC-26JUN20,1575889144288,open,0.02,357.2,0.009,0.041,0.02070564,73.76,0.0245,0.0,BTC-26JUN20-4000-P,7486.69,72.51,0.0195,16.0,0.0225,8.0,75.57,7.56536,-1.39591,-3.78216,3e-05,-0.06818
7498.01,SYN.BTC-20DEC19,1575889144288,open,0.02,57.7,0.01,0.05,0.0220828,53.54,0.0225,0.0,BTC-20DEC19-7250-P,7486.69,51.03,0.0205,16.0,0.0235,35.0,55.78,4.74689,-11.6848,-0.81084,0.00053,-0.34085
7770.51,SYN.BTC-26JUN20,1575889144290,open,0.15,92.7,0.111,0.206,0.15365743,71.23,0.154,0.0,BTC-26JUN20-9000-C,7486.69,70.67,0.152,14.0,0.155,6.0,71.69,22.93738,-4.08736,14.48137,0.0001,0.49398
7498.01,SYN.BTC-20DEC19,1575889144288,open,0.02,50.4,0.0105,0.0505,0.02310426,53.63,0.023,0.0,BTC-20DEC19-7750-C,7486.69,51.95,0.022,16.0,0.0245,16.0,55.76,4.92006,-12.13189,0.79288,0.00055,0.378
7556.25,SYN.BTC-31JAN20,1575889144294,open,0.07,62.2,0.048,0.108,0.07095946,62.56,0.074,0.0,BTC-31JAN20-8000-C,7486.69,61.26,0.069,2.0,0.073,26.6,63.91,11.39038,-6.7381,4.17096,0.00022,0.452
7498.01,SYN.BTC-20DEC19,1575889144288,open,0.0,25.3,0.0005,0.0125,0.00256701,71.9,0.0025,0.0,BTC-20DEC19-9250-C,7486.69,68.57,0.002,15.0,0.003,43.0,74.17,1.36793,-4.52163,0.10946,0.00011,0.05156
7490.8,SYN.BTC-13DEC19,1575889144291,open,0.24,0.0,0.211,0.264,0.23545613,95.09,None,0.0,BTC-13DEC19-9250-P,7486.69,0.0,0.0,0.0,0.0,0.0,0.0,0.33676,-4.13125,-0.9686,6e-05,-0.9823
7498.01,SYN.BTC-20DEC19,1575889144288,open,0.0,66.8,0.0005,0.0165,0.00471318,63.87,0.005,0.0,BTC-20DEC19-6500-P,7486.69,63.09,0.0045,21.2,0.0055,35.4,66.62,2.07396,-6.09003,-0.20803,0.00019,-0.0884
7556.25,SYN.BTC-31JAN20,1575889144289,open,0.13,17.0,0.1005,0.1725,0.12970066,62.57,0.149,0.0,BTC-31JAN20-8000-P,7486.69,61.11,0.1275,2.0,0.133,10.0,64.76,11.39046,-6.73917,-7.41816,0.00022,-0.54798
7490.8,SYN.BTC-13DEC19,1575889144289,open,0.27,0.0,0.2435,0.298,0.26875586,103.28,None,0.0,BTC-13DEC19-9500-P,7486.69,0.0,0.0,0.0,0.0,0.0,0.0,0.28639,-3.81589,-0.99752,5e-05,-0.98535
7498.01,SYN.BTC-20DEC19,1575889144288,open,0.17,0.1,0.1505,0.1905,0.16953135,69.53,0.178,0.0,BTC-20DEC19-6250-C,7486.69,0.0,0.166,9.1,0.174,9.0,87.23,1.48925,-4.76042,1.72713,0.00013,0.94259
7490.8,SYN.BTC-13DEC19,1575889144291,open,0.0,184.6,0.0005,0.0105,0.00050819,99.86,0.0005,0.0,BTC-13DEC19-6000-P,7486.69,0.0,0.0,0.0,0.001,40.0,110.68,0.26898,-3.46514,-0.01124,5e-05,-0.01362
7490.8,SYN.BTC-13DEC19,1575889144292,open,0.2,0.2,0.183,0.218,0.19951009,99.43,0.172,0.0,BTC-13DEC19-6000-C,7486.69,0.0,0.1855,9.0,0.206,9.0,165.94,0.26368,-3.38236,0.62612,4e-05,0.98669
7770.51,SYN.BTC-26JUN20,1575889144292,open,0.4,0.0,0.375,0.438,0.40360588,71.48,None,0.0,BTC-26JUN20-5000-C,7486.69,54.7,0.379,10.0,0.4295,5.0,86.67,12.55431,-2.24481,19.58632,5e-05,0.8639
7498.01,SYN.BTC-20DEC19,1575889144288,open,0.04,27.2,0.0205,0.068,0.03685673,53.34,0.0395,0.0,BTC-20DEC19-7500-P,7486.69,52.82,0.0365,5.0,0.038,12.0,55.0,5.15862,-12.65032,-1.16096,0.00058,-0.48279
7556.25,SYN.BTC-31JAN20,1575889144291,open,0.02,290.3,0.008,0.044,0.02106132,68.04,0.0205,0.0,BTC-31JAN20-10000-C,7486.69,66.93,0.02,1.0,0.022,31.8,69.0,7.28866,-4.68927,1.63467,0.00013,0.1704
7498.01,SYN.BTC-20DEC19,1575889144288,open,0.08,6.4,0.0585,0.107,0.07952987,56.04,0.0805,0.0,BTC-20DEC19-7000-C,7486.69,52.03,0.0775,15.0,0.081,19.0,58.85,3.87165,-9.97496,1.55607,0.00041,0.77603
7556.25,SYN.BTC-31JAN20,1575889144290,open,0.18,0.0,0.1505,0.2085,0.17707877,64.39,None,0.0,BTC-31JAN20-6500-C,7486.69,40.26,0.152,10.0,0.185,10.0,71.12,8.7451,-5.32445,6.48403,0.00016,0.76942
7556.25,SYN.BTC-31JAN20,1575889144289,open,0.35,0.0,0.309,0.3865,0.34448783,68.06,None,0.0,BTC-31JAN20-10000-P,7486.69,0.0,0.0015,10.0,0.0,0.0,0.0,7.29095,-4.69203,-12.8511,0.00013,-0.82952
7770.51,SYN.BTC-26JUN20,1575889144293,open,1.61,0.1,1.5365,1.6865,1.60319526,85.69,1.765,0.0,BTC-26JUN20-20000-P,7486.69,0.0,0.1,1.0,2.05,0.1,253.68,11.51942,-2.46942,-105.65359,4e-05,-0.87975
7556.25,SYN.BTC-31JAN20,1575889144291,open,0.41,0.0,0.3705,0.4475,0.40549598,69.54,None,0.0,BTC-31JAN20-10500-P,7486.69,0.0,0.0015,10.0,0.0,0.0,0.0,6.19145,-4.07122,-13.92547,0.00011,-0.86666
7770.51,SYN.BTC-26JUN20,1575889144290,open,0.23,181.1,0.1765,0.2815,0.22370218,70.43,0.2205,0.0,BTC-26JUN20-8000-P,7486.69,69.66,0.2215,12.4,0.2275,8.0,71.74,22.46423,-3.95763,-27.34345,0.0001,-0.41889
7498.01,SYN.BTC-20DEC19,1575889144288,open,0.01,53.0,0.0005,0.0275,0.00927796,57.46,0.0105,0.0,BTC-20DEC19-8250-C,7486.69,55.72,0.0085,31.0,0.01,16.0,59.03,3.40032,-8.98226,0.3822,0.00035,0.18035
7490.8,SYN.BTC-13DEC19,1575889144292,open,0.0,759.9,0.0005,0.019,0.00384344,56.29,0.0035,0.0,BTC-13DEC19-8000-C,7486.69,54.72,0.0035,0.3,0.004,15.9,56.98,1.67248,-12.14441,0.104,0.0005,0.1346
7770.51,SYN.BTC-26JUN20,1575889144291,open,0.32,17.2,0.2815,0.36,0.31740896,70.42,0.313,0.0,BTC-26JUN20-6000-C,7486.69,67.29,0.3105,10.0,0.327,5.0,74.73,17.22817,-3.035,19.4883,7e-05,0.7754
7556.25,SYN.BTC-31JAN20,1575889144291,open,0.01,99.5,0.003,0.0315,0.012659,71.72,0.0135,0.0,BTC-31JAN20-11000-C,7486.69,70.04,0.0115,39.0,0.0135,37.0,72.9,5.32486,-3.61153,1.0399,9e-05,0.10766
7770.51,SYN.BTC-26JUN20,1575889144288,open,0.02,12.5,0.007,0.0535,0.02135529,90.41,0.0235,0.0,BTC-26JUN20-24000-C,7486.69,89.24,0.02,34.0,0.0225,5.0,91.36,9.20878,-2.08268,2.85002,3e-05,0.08833
7490.8,SYN.BTC-13DEC19,1575889144291,open,0.2,0.0,0.178,0.2305,0.20228464,88.34,None,0.0,BTC-13DEC19-9000-P,7486.69,0.0,0.0,0.0,1.196,0.1,500.0,0.44161,-5.03288,-0.93691,8e-05,-0.97563
7770.51,SYN.BTC-26JUN20,1575889144288,open,1.86,0.0,1.7855,1.9425,1.85569908,87.91,None,0.0,BTC-26JUN20-22000-P,7486.69,0.0,0.11,1.0,3.0,0.1,500.0,10.18289,-2.23934,-117.20669,4e-05,-0.89876
7556.25,SYN.BTC-31JAN20,1575889144291,open,0.29,4.8,0.2495,0.3265,0.28480517,65.99,0.3445,0.0,BTC-31JAN20-9500-P,7486.69,0.0,0.0015,10.0,1.2845,1.9,500.0,8.42601,-5.25824,-11.69952,0.00015,-0.784
7490.8,SYN.BTC-13DEC19,1575889144288,open,0.11,7.7,0.0805,0.1305,0.10376069,65.38,0.1095,0.0,BTC-13DEC19-8250-P,7486.69,0.0,0.0855,7.0,0.1125,7.1,103.58,1.15693,-9.75817,-0.81361,0.0003,-0.91913
7490.8,SYN.BTC-13DEC19,1575889144288,open,0.0,126.3,0.0005,0.0105,0.00068186,87.48,0.0005,0.0,BTC-13DEC19-6250-P,7486.69,83.46,0.0005,35.0,0.001,8.0,93.11,0.37348,-4.21486,-0.01644,7e-05,-0.01998
7498.01,SYN.BTC-20DEC19,1575889144288,open,0.14,0.0,0.114,0.169,0.13974962,60.21,None,0.0,BTC-20DEC19-8500-P,7486.69,0.0,0.0,0.0,0.1585,0.1,99.69,2.65045,-7.3366,-2.26917,0.00026,-0.87593
7498.01,SYN.BTC-20DEC19,1575889144288,open,0.0,85.3,0.0005,0.013,0.0030995,69.6,0.0035,0.0,BTC-20DEC19-6250-P,7486.69,69.1,0.003,20.0,0.0035,1.2,71.55,1.4927,-4.77628,-0.13556,0.00013,-0.05758
7490.8,SYN.BTC-13DEC19,1575889144288,open,0.02,337.4,0.0075,0.0495,0.02174914,51.37,0.024,0.0,BTC-13DEC19-7500-P,7486.69,51.98,0.022,0.1,0.023,27.0,54.41,3.07939,-20.40849,-0.41396,0.00101,-0.4987
7498.01,SYN.BTC-20DEC19,1575889144288,open,0.14,0.0,0.1175,0.16,0.13780231,63.82,0.1365,0.0,BTC-20DEC19-6500-C,7486.69,0.0,0.133,9.1,0.1555,9.0,108.66,2.0711,-6.07662,1.72913,0.00019,0.91176
7556.25,SYN.BTC-31JAN20,1575889144292,open,0.01,246.7,0.0005,0.022,0.0085458,77.09,0.0085,0.0,BTC-31JAN20-5000-P,7486.69,75.87,0.008,53.0,0.009,12.1,78.08,3.42979,-2.50024,-0.75126,5e-05,-0.06009
7556.25,SYN.BTC-31JAN20,1575889144291,open,0.01,33.5,0.0005,0.028,0.01040982,74.15,0.012,0.0,BTC-31JAN20-11500-C,7486.69,72.63,0.0095,15.0,0.011,16.0,75.1,4.63165,-3.24764,0.86026,8e-05,0.089
7490.8,SYN.BTC-13DEC19,1575889144291,open,0.0,148.9,0.0005,0.0105,0.00058407,94.57,0.0005,0.0,BTC-13DEC19-9250-C,7486.69,0.0,0.0,0.0,0.001,22.2,102.45,0.32819,-4.00387,0.01319,6e-05,0.01717
7556.25,SYN.BTC-31JAN20,1575889144291,open,0.23,0.0,0.204,0.2565,0.22847732,66.99,None,0.0,BTC-31JAN20-6000-C,7486.69,0.0,0.2035,9.0,0.238,9.1,77.12,6.73703,-4.26792,6.79185,0.00012,0.84894
7770.51,SYN.BTC-26JUN20,1575889144291,open,0.12,277.4,0.084,0.178,0.12518317,72.97,0.129,0.0,BTC-26JUN20-10000-C,7486.69,72.38,0.1235,2.1,0.126,6.0,73.25,22.4983,-4.10662,12.62323,9e-05,0.42184
7556.25,SYN.BTC-31JAN20,1575889144291,open,0.02,168.5,0.0095,0.044,0.02253323,67.01,0.0235,0.0,BTC-31JAN20-6000-P,7486.69,66.41,0.022,12.8,0.0235,0.1,68.08,6.738,-4.2693,-1.90052,0.00012,-0.15109
7490.8,SYN.BTC-13DEC19,1575889144290,open,0.0,153.1,0.0005,0.0105,0.00050887,102.64,0.0005,0.0,BTC-13DEC19-9500-C,7486.69,0.0,0.0,0.0,0.001,41.0,113.06,0.27767,-3.67686,0.01083,5e-05,0.01413
7490.8,SYN.BTC-13DEC19,1575889144288,open,0.0,752.5,0.0005,0.0125,0.00208852,68.59,0.0025,0.0,BTC-13DEC19-6750-P,7486.69,67.91,0.002,41.0,0.0025,11.0,71.58,0.9869,-8.73328,-0.05392,0.00024,-0.0657
7490.8,SYN.BTC-13DEC19,1575889144289,open,0.0,168.5,0.0005,0.0105,0.00081334,77.0,0.001,0.0,BTC-13DEC19-8750-C,7486.69,71.45,0.0005,38.5,0.001,20.0,79.68,0.48887,-4.85648,0.02124,0.00011,0.02752
7490.8,SYN.BTC-13DEC19,1575889144288,open,0.0,311.0,0.0005,0.0135,0.00238831,65.24,0.002,0.0,BTC-13DEC19-8250-C,7486.69,62.61,0.002,4.2,0.0025,20.1,65.96,1.15203,-9.69679,0.06206,0.0003,0.08041
7556.25,SYN.BTC-31JAN20,1575889144293,open,0.47,0.0,0.433,0.511,0.46842815,71.75,None,0.0,BTC-31JAN20-11000-P,7486.69,0.0,0.0015,10.0,0.0,0.0,0.0,5.32875,-3.61557,-14.89427,9e-05,-0.89223
7770.51,SYN.BTC-26JUN20,1575889144289,open,0.51,0.5,0.486,0.531,0.50593428,73.75,0.589,0.0,BTC-26JUN20-4000-C,7486.69,55.12,0.4915,9.0,0.525,10.0,90.91,7.56467,-1.3957,18.12257,3e-05,0.93183
7490.8,SYN.BTC-13DEC19,1575889144289,open,0.13,41.1,0.115,0.154,0.13339124,77.46,0.1405,0.0,BTC-13DEC19-6500-C,7486.69,0.0,0.117,8.0,0.138,8.0,112.33,0.59067,-5.90283,0.66179,0.00013,0.96541
7498.01,SYN.BTC-20DEC19,1575889144288,open,0.01,25.2,0.0005,0.02,0.00609694,60.16,0.007,0.0,BTC-20DEC19-8500-C,7486.69,58.43,0.0055,20.0,0.007,20.0,62.64,2.647,-7.32051,0.26305,0.00026,0.12384
7490.8,SYN.BTC-13DEC19,1575889144289,open,0.17,0.0,0.1455,0.196,0.16893556,77.34,None,0.0,BTC-13DEC19-8750-P,7486.69,0.0,0.0,0.0,1.1625,0.1,500.0,0.49704,-4.95904,-0.90744,0.00011,-0.97193
7490.8,SYN.BTC-13DEC19,1575889144290,open,0.0,595.8,0.0005,0.0175,0.00392171,59.02,0.0045,0.0,BTC-13DEC19-7000-P,7486.69,57.01,0.0035,22.1,0.0045,10.1,61.66,1.59955,-12.18006,-0.10349,0.00045,-0.12619
7556.25,SYN.BTC-31JAN20,1575889144290,open,0.02,97.6,0.0055,0.0365,0.01589815,69.51,0.0165,0.0,BTC-31JAN20-10500-C,7486.69,68.4,0.015,31.0,0.017,36.0,70.84,6.18833,-4.06782,1.28448,0.00011,0.13324
7770.51,SYN.BTC-26JUN20,1575889144292,open,1.11,5.0,1.043,1.1825,1.10508187,80.83,1.22,0.0,BTC-26JUN20-16000-P,7486.69,0.0,0.56,1.0,2.0,0.1,500.0,15.18512,-3.07054,-81.83707,6e-05,-0.81816
7770.51,SYN.BTC-26JUN20,1575889144290,open,0.06,524.0,0.031,0.1065,0.06062743,78.05,0.0615,0.0,BTC-26JUN20-14000-C,7486.69,77.33,0.059,5.0,0.0615,5.0,78.44,17.56847,-3.43037,7.31597,7e-05,0.23256
7770.51,SYN.BTC-26JUN20,1575889144290,open,0.08,256.2,0.049,0.134,0.08427491,75.29,0.084,0.0,BTC-26JUN20-12000-C,7486.69,74.61,0.0825,20.0,0.0855,7.0,75.76,20.2303,-3.81028,9.52181,8e-05,0.30805
7770.51,SYN.BTC-26JUN20,1575889144290,open,0.02,59.5,0.006,0.0495,0.01883395,92.63,0.021,0.0,BTC-26JUN20-26000-C,7486.69,91.37,0.0175,34.0,0.02,12.7,93.7,8.38055,-1.94202,2.51465,3e-05,0.07793
7770.51,SYN.BTC-26JUN20,1575889144294,open,0.02,80.2,0.0045,0.0435,0.01536343,96.8,0.0185,0.0,BTC-26JUN20-30000-C,7486.69,95.85,0.0145,0.5,0.016,12.0,97.49,7.14286,-1.7297,2.04007,2e-05,0.06331
149.9,ETH-27DEC19,1575889144308,open,0.03,5158.0,0.011,0.058,0.031697,65.17,0.038,0.0,ETH-27DEC19-160-C,149.42,61.87,0.029,875.0,0.034,340.0,67.97,0.12312,-0.22446,0.02351,0.01717,0.35198
149.71,SYN.ETH-20DEC19,1575889144692,open,0.0,6.0,0.001,0.012,0.002852,79.98,0.01,0.0,ETH-20DEC19-120-P,149.42,74.49,0.002,500.0,0.004,227.0,86.12,0.0255,-0.09378,-0.00224,0.00477,-0.04732
149.71,SYN.ETH-20DEC19,1575889144692,open,0.08,10.0,0.05,0.111,0.081312,61.53,0.077,0.0,ETH-20DEC19-140-C,149.42,53.37,0.077,40.0,0.085,40.0,68.17,0.08156,-0.23071,0.02997,0.01985,0.7532
149.71,SYN.ETH-20DEC19,1575889144692,open,0.0,26.0,0.001,0.011,0.00145,93.11,0.001,0.0,ETH-20DEC19-110-P,149.42,87.73,0.001,511.0,0.002,27.0,98.42,0.014,-0.05995,-0.00108,0.00225,-0.02285
149.71,SYN.ETH-20DEC19,1575889144692,open,0.14,40.0,0.108,0.167,0.138178,69.32,0.14,0.0,ETH-20DEC19-130-C,149.42,53.37,0.134,40.0,0.141,40.0,77.53,0.04781,-0.15239,0.03365,0.01033,0.89244
149.71,SYN.ETH-20DEC19,1575889144692,open,0.09,0.0,0.053,0.125,0.08799,64.12,None,0.0,ETH-20DEC19-160-P,149.42,55.48,0.083,40.0,0.092,40.0,70.77,0.08886,-0.26197,-0.03547,0.02075,-0.70715
149.71,SYN.ETH-20DEC19,1575889144692,open,0.27,0.0,0.243,0.291,0.266726,93.32,None,0.0,ETH-20DEC19-110-C,149.42,0.0,0.01,50.0,0.366,1.0,354.55,0.01412,-0.06057,0.03168,0.00227,0.97693
149.71,SYN.ETH-20DEC19,1575889144692,open,0.04,20.0,0.015,0.068,0.039988,59.42,0.041,0.0,ETH-20DEC19-150-C,149.42,55.08,0.037,500.0,0.043,500.0,63.8,0.10304,-0.28151,0.0211,0.02596,0.51298
149.71,SYN.ETH-20DEC19,1575889144694,open,0.21,0.0,0.169,0.247,0.20654,72.32,None,0.0,ETH-20DEC19-180-P,149.42,0.0,0.01,50.0,0.0,0.0,0.0,0.03797,-0.12624,-0.05031,0.00786,-0.92124
149.71,SYN.ETH-20DEC19,1575889144694,open,0.01,75.0,0.001,0.026,0.008701,67.58,0.009,0.0,ETH-20DEC19-170-C,149.42,63.2,0.007,550.0,0.01,740.0,70.71,0.06059,-0.18825,0.00636,0.01342,0.15126
149.9,ETH-27DEC19,1575889145847,open,0.01,5144.0,0.002,0.029,0.011082,72.44,0.012,0.0,ETH-27DEC19-180-C,149.42,68.14,0.009,1141.0,0.013,1040.0,76.15,0.07535,-0.15267,0.00978,0.00945,0.14426
149.71,SYN.ETH-20DEC19,1575889146017,open,0.0,30.0,0.001,0.013,0.003025,81.98,0.003,0.0,ETH-20DEC19-190-C,149.42,75.86,0.002,500.0,0.004,1001.0,86.79,0.02806,-0.10575,0.00224,0.00512,0.05334
149.9,ETH-27DEC19,1575889146043,open,0.03,5158.0,0.011,0.058,0.031697,65.17,0.038,0.0,ETH-27DEC19-160-C,149.42,61.87,0.029,375.0,0.034,340.0,67.97,0.12312,-0.22446,0.02351,0.01717,0.35198
149.9,ETH-27DEC19,1575889146368,open,0.15,3.0,0.115,0.177,0.146869,70.3,0.14,0.0,ETH-27DEC19-130-C,149.41,60.66,0.142,40.0,0.149,40.0,74.17,0.0808,-0.15889,0.05086,0.01045,0.83973
149.9,ETH-27DEC19,1575889146368,open,0.0,2053.0,0.001,0.011,0.001129,120.0,0.003,0.0,ETH-27DEC19-280-C,149.41,118.21,0.001,561.0,0.002,701.0,129.43,0.01126,-0.03779,0.00089,0.00085,0.01321
149.9,ETH-27DEC19,1575889146368,open,4.08,1.0,3.923,4.226,4.070047,120.0,3.236,0.0,ETH-27DEC19-760-P,149.41,0.0,0.02,50.0,0.0,0.0,0.0,0.0,0.0,-0.37221,0.0,-1.0
149.9,ETH-27DEC19,1575889146368,open,3.01,0.0,2.886,3.126,3.002668,120.0,0.953,0.0,ETH-27DEC19-600-P,149.41,0.0,0.02,50.0,0.0,0.0,0.0,0.0,0.0,-0.29385,0.0,-1.0
149.9,ETH-27DEC19,1575889146368,open,0.06,318.0,0.032,0.092,0.056656,64.58,0.056,0.0,ETH-27DEC19-150-C,149.41,61.57,0.054,14.0,0.059,500.0,67.24,0.13205,-0.23854,0.0345,0.01858,0.52663
149.9,ETH-27DEC19,1575889146368,open,0.0,4049.0,0.001,0.011,0.001987,116.61,0.001,0.0,ETH-27DEC19-260-C,149.41,106.31,0.001,500.0,0.003,701.0,124.06,0.01773,-0.05784,0.0015,0.00138,0.02248
149.9,ETH-27DEC19,1575889146368,open,0.02,406.0,0.005,0.041,0.017943,67.86,0.022,0.0,ETH-27DEC19-170-C,149.41,64.87,0.016,791.0,0.02,500.0,70.93,0.09893,-0.18778,0.01504,0.01325,0.22279
152.23,ETH-27MAR20,1575889146368,open,0.87,173.0,0.8,0.948,0.870069,87.7,1.157,0.0,ETH-27MAR20-280-P,149.41,0.0,0.002,50.0,0.904,1.0,110.3,0.19457,-0.07836,-0.78068,0.00321,-0.84916
152.23,ETH-27MAR20,1575889146368,open,1.13,7.0,1.05,1.207,1.1238,91.81,1.28,0.0,ETH-27MAR20-320-P,149.41,0.0,0.011,5.0,1.14,2.0,105.58,0.1555,-0.06556,-0.91481,0.00245,-0.89082
149.9,ETH-27DEC19,1575889146368,open,0.01,139.0,0.003,0.033,0.014114,70.3,0.017,0.0,ETH-27DEC19-130-P,149.41,68.21,0.013,360.0,0.016,661.0,73.73,0.0808,-0.15889,-0.0128,0.01045,-0.16027
152.23,ETH-27MAR20,1575889146368,open,0.28,40.0,0.237,0.317,0.27764,77.08,0.459,0.0,ETH-27MAR20-120-C,149.41,39.75,0.225,1.0,0.0,0.0,0.0,0.24553,-0.08691,0.22857,0.00461,0.78101
152.23,ETH-27MAR20,1575889146368,open,1.9,0.0,1.809,2.003,1.900229,101.73,None,0.0,ETH-27MAR20-440-P,149.41,0.0,0.003,50.0,0.0,0.0,0.0,0.0875,-0.04088,-1.29367,0.00124,-0.94871
149.9,ETH-27DEC19,1575889146368,open,1.54,0.0,1.462,1.613,1.535048,120.0,None,0.0,ETH-27DEC19-380-P,149.41,0.0,0.02,50.0,0.0,0.0,0.0,0.00045,-0.00152,-0.18608,3e-05,-0.99962
