underlying_price,underlying_index,timestamp,state,settlement_price,open_interest,min_price,max_price,mark_price,mark_iv,last_price,interest_rate,instrument_name,index_price,bid_iv,best_bid_price,best_bid_amount,best_ask_price,best_ask_amount,ask_iv,vega,theta,rho,gamma,delta
5552.72,BTC-27SEP19,1556017139991,open,0.03,710.0,0.00942032,0.04522527,0.02807044,69.64,0.0235,0.0,BTC-27SEP19-10000-C,5552.92,68.57,0.0265,12.0,0.0295,10.0,70.59,8.27796,-1.83736,2.77874,9e-05,0.1445
5548.97,BTC-28JUN19,1556017139991,open,0.0,515.7,2e-08,3.469e-05,0.00067687,100.0,0.0005,0.0,BTC-28JUN19-2000-P,5552.92,96.47,0.0005,113.7,0.001,109.6,105.05,0.30835,-0.23404,-0.05153,1e-05,-0.00447
5552.92,index_price,1556017139991,open,0.28,363.3,0.27965827,0.27965836,0.27966026,100.0,0.2775,0,BTC-26APR19-4000-C,5552.92,0.0,0.1105,4.6,0.3,1.0,354.48,0.0018,-0.03137,0.3151,0.0,0.99991
5548.97,BTC-28JUN19,1556017139993,open,0.01,1192.6,0.00439869,0.02364754,0.01484202,65.73,0.0145,0.0,BTC-28JUN19-8000-C,5552.92,64.73,0.014,0.1,0.0155,10.0,66.49,4.74107,-2.36537,1.06233,0.00013,0.12092
5548.97,BTC-28JUN19,1556017139993,open,0.46,24.6,0.44610769,0.46535655,0.45641853,65.58,0.609,0.0,BTC-28JUN19-8000-P,5552.92,0.0,0.0005,0.4,0.0,0.0,0.0,4.72202,-2.3503,-13.38175,0.00013,-0.87977
5552.92,index_price,1556017139993,open,0.5,10.2,0.50476506,0.50476506,0.50476506,101.93,0.006,0,BTC-26APR19-2750-C,5552.92,0.0,0.0005,25.2,0.0,0.0,0.0,0.0,0.0,0.21666,0.0,1.0
5552.92,index_price,1556017139995,open,0.09,4.0,0.08126826,0.08672248,0.08400622,71.18,0.0865,0,BTC-26APR19-6000-P,5552.92,61.43,0.0825,4.0,0.0855,4.1,79.15,0.96395,-11.92983,-0.4234,0.00056,-0.88377
5552.92,index_price,1556017140006,open,0.08,90.5,0.06875848,0.11320701,0.07734752,56.75,0.0715,0,BTC-31MAY19-5500-C,5552.92,54.12,0.074,20.0,0.0795,9.6,58.44,7.06278,-5.29125,2.76481,0.00039,0.55717
5552.72,BTC-27SEP19,1556017140006,open,0.07,97.3,0.04180883,0.15526063,0.0757324,65.9,0.072,0.0,BTC-27DEC19-4000-P,5552.92,61.97,0.067,19.6,0.0715,10.0,64.0,12.44365,-1.65417,-10.04522,9e-05,-0.19065
5552.92,index_price,1556017140015,open,0.0,484.8,5.6e-05,0.00200702,0.00140428,78.99,0.0005,0,BTC-26APR19-6250-C,5552.92,74.09,0.001,15.0,0.002,30.3,84.94,0.50267,-6.90349,0.02095,0.00026,0.0493
5552.92,index_price,1556017140015,open,0.46,5.9,0.4597437,0.4597437,0.4597437,100.0,0.4005,0,BTC-26APR19-3000-C,5552.92,0.0,0.0005,20.2,0.0,0.0,0.0,0.0,0.0,0.23636,0.0,1.0
5552.72,BTC-27SEP19,1556017140015,open,0.01,153.8,0.00273134,0.04638322,0.01268631,67.96,0.016,0.0,BTC-27DEC19-2500-P,5552.92,65.7,0.011,10.0,0.0145,22.1,70.25,4.26834,-0.58516,-2.14185,3e-05,-0.04411
5552.72,BTC-27SEP19,1556017140028,open,0.04,324.8,0.01767973,0.06318574,0.03827408,67.26,0.032,0.0,BTC-27SEP19-9000-C,5552.92,66.26,0.0365,9.6,0.04,10.0,68.22,9.90579,-2.12354,3.64141,0.00011,0.19086
5552.92,index_price,1556017140035,open,0.0,68.0,0.00104895,0.01300878,0.0038786,63.14,0.004,0,BTC-31MAY19-4000-P,5552.92,61.83,0.0035,25.3,0.0045,10.0,65.16,1.6414,-1.36817,-0.27142,8e-05,-0.04323
5552.72,BTC-27SEP19,1556017140035,open,0.04,74.5,0.02127079,0.11257508,0.04639257,65.9,0.0475,0.0,BTC-27DEC19-3500-P,5552.92,62.78,0.041,10.0,0.0455,22.0,65.39,9.73492,-1.29409,-6.69182,7e-05,-0.13107
5552.72,BTC-27SEP19,1556017140035,open,0.26,11.1,0.21302346,0.37422864,0.25400439,62.49,0.249,0.0,BTC-27DEC19-6000-P,5552.92,60.96,0.249,7.2,0.2585,7.2,63.87,18.15084,-2.28811,-26.8251,0.00014,-0.45736
5552.92,index_price,1556017140047,open,0.0,245.2,0.00012786,0.00268106,0.00164168,75.89,0.0025,0,BTC-26APR19-5000-P,5552.92,68.6,0.001,40.2,0.0025,57.2,83.56,0.55479,-7.32014,-0.02514,0.0003,-0.05583
5552.72,BTC-27SEP19,1556017140049,open,1.55,0.0,1.52405481,1.60254662,1.54868304,74.61,None,0.0,BTC-27DEC19-14000-P,5552.92,0.0,0.0005,0.2,0.0,0.0,0.0,8.92165,-1.3427,-91.74483,6e-05,-0.88428
5552.72,BTC-27SEP19,1556017140051,open,0.07,32.8,0.05384653,0.10689677,0.07212472,63.19,0.083,0.0,BTC-27SEP19-4500-P,5552.92,60.9,0.0675,9.6,0.073,9.6,63.62,11.25063,-2.266,-7.38799,0.00013,-0.23744
5552.72,BTC-27SEP19,1556017140051,open,0.06,936.8,0.03299994,0.08878575,0.05316088,64.23,0.055,0.0,BTC-27SEP19-8000-C,5552.92,64.39,0.0535,10.0,0.0565,10.0,65.8,11.70577,-2.3962,4.83333,0.00014,0.25569
5552.72,BTC-27SEP19,1556017140058,open,0.47,227.1,0.4639969,0.48201748,0.47226927,68.33,0.456,0.0,BTC-27SEP19-3000-C,5552.92,0.0,0.135,0.1,0.518,2.0,112.06,4.04798,-0.88154,11.28254,4e-05,0.94503
5552.92,index_price,1556017140060,open,0.37,33.6,0.36970099,0.36970099,0.36970099,100.0,0.35,0,BTC-26APR19-3500-C,5552.92,0.0,0.0005,20.2,0.0,0.0,0.0,0.0,-4e-05,0.27575,0.0,1.0
5549.0,BTC-28JUN19,1556017140068,open,0.0,388.1,1e-07,0.00012828,0.00089051,89.86,0.0005,0.0,BTC-28JUN19-15000-C,5552.92,84.67,0.0005,28.9,0.001,0.1,91.0,0.51026,-0.34801,0.07006,1e-05,0.00789
5552.72,BTC-27SEP19,1556017140068,open,0.01,336.1,0.00098146,0.00957589,0.00636132,73.33,0.0085,0.0,BTC-27SEP19-2500-P,5552.92,69.95,0.005,6.4,0.0075,12.0,75.86,2.38717,-0.55792,-0.83665,2e-05,-0.0287
5552.92,index_price,1556017140068,open,0.1,39.9,0.09345119,0.13540118,0.10224592,57.45,0.0985,0,BTC-31MAY19-5250-C,5552.92,54.29,0.0985,9.6,0.1035,5.9,58.5,6.59891,-5.00441,3.17829,0.00036,0.65382
5552.72,BTC-27SEP19,1556017140068,open,0.04,46.3,0.01152656,0.12580114,0.04476769,69.59,0.0415,0.0,BTC-27DEC19-11000-C,5552.92,68.54,0.0425,19.6,0.047,10.0,70.6,12.11689,-1.70079,5.19883,8e-05,0.18263
5552.72,BTC-27SEP19,1556017140068,open,0.03,10.4,0.00276795,0.08125976,0.02735985,74.59,0.029,0.0,BTC-27DEC19-14000-C,5552.92,73.41,0.0255,12.0,0.029,10.0,75.59,8.91579,-1.34141,3.32811,6e-05,0.11562
5549.0,BTC-28JUN19,1556017140070,open,0.55,24.4,0.54947131,0.54988933,0.55136818,91.49,0.5115,0.0,BTC-28JUN19-2500-C,5552.92,0.0,0.001,0.2,0.0,0.0,0.0,0.75553,-0.52466,4.3692,1e-05,0.98764
5552.72,BTC-27SEP19,1556017140070,open,0.03,24.3,0.00442069,0.0935425,0.03172153,73.02,0.031,0.0,BTC-27DEC19-13000-C,5552.92,72.03,0.03,12.0,0.0335,10.0,74.01,9.82833,-1.4476,3.81511,6e-05,0.13289
5552.92,index_price,1556017140072,open,0.14,874.0,0.14459642,0.14508403,0.14571194,97.33,0.1475,0,BTC-26APR19-4750-C,5552.92,0.0,0.135,0.2,0.1895,0.2,309.64,0.35456,-6.00029,0.35971,0.00015,0.96791
5549.0,BTC-28JUN19,1556017140084,open,0.0,333.9,5.091e-05,0.00251612,0.00393476,80.19,0.0045,0.0,BTC-28JUN19-11000-C,5552.92,76.94,0.003,20.0,0.005,12.0,83.34,1.73608,-1.05668,0.29122,4e-05,0.03301
5549.0,BTC-28JUN19,1556017140092,open,0.99,5.7,0.98239007,0.98485528,0.98610555,79.65,1.142,0.0,BTC-28JUN19-11000-P,5552.92,0.0,0.0005,0.4,0.0,0.0,0.0,1.68894,-1.02099,-19.5709,4e-05,-0.96807
5552.72,BTC-27SEP19,1556017140094,open,0.02,91.0,0.00885708,0.07604914,0.02500067,65.9,0.035,0.0,BTC-27DEC19-3000-P,5552.92,63.82,0.0225,22.0,0.0265,22.1,67.11,6.80147,-0.90413,-3.9587,5e-05,-0.07998
5552.92,index_price,1556017140101,open,0.01,348.9,0.00556478,0.01609348,0.00863387,60.97,0.007,0,BTC-26APR19-5750-C,5552.92,58.79,0.008,6.9,0.0095,21.0,63.9,1.62513,-17.22798,0.11369,0.0011,0.26849
5552.72,BTC-27SEP19,1556017140113,open,0.03,10.3,0.01941821,0.05557461,0.03219182,64.15,0.061,0.0,BTC-27SEP19-3750-P,5552.92,62.89,0.0305,17.6,0.034,10.0,65.47,7.5514,-1.54391,-3.78443,9e-05,-0.12638
5552.72,BTC-27SEP19,1556017140113,open,0.13,737.5,0.1093289,0.17720451,0.13025856,62.0,0.1265,0.0,BTC-27SEP19-6000-C,5552.92,60.57,0.1265,17.2,0.133,5.3,63.05,14.52153,-2.86977,8.94456,0.00018,0.50505
5552.92,index_price,1556017140113,open,0.0,44.8,7.77e-05,0.00408747,0.00159336,71.97,0.002,0,BTC-31MAY19-3500-P,5552.92,67.09,0.001,7.8,0.0025,26.0,77.58,0.77572,-0.73702,-0.11043,3e-05,-0.01757
5552.92,index_price,1556017140113,open,0.06,909.1,0.0566712,0.06427834,0.05880185,61.78,0.056,0,BTC-26APR19-5250-C,5552.92,57.7,0.058,5.6,0.06,4.0,67.4,1.13259,-12.16588,0.34756,0.00075,0.85323
5552.72,BTC-27SEP19,1556017140113,open,0.21,31.3,0.16724043,0.32294042,0.20677435,62.42,0.196,0.0,BTC-27DEC19-5500-C,5552.92,61.22,0.203,7.2,0.212,7.2,64.07,17.57431,-2.2126,15.15324,0.00013,0.60862
5552.92,index_price,1556017140113,open,0.16,26.6,0.15771251,0.18918136,0.16516295,59.34,0.128,0,BTC-31MAY19-4750-C,5552.92,49.03,0.157,5.0,0.0,0.0,0.0,4.70577,-3.68653,3.76907,0.00025,0.81926
5552.72,BTC-27SEP19,1556017140113,open,0.64,0.0,0.64033695,0.66397546,0.64523707,70.65,None,0.0,BTC-27DEC19-2000-C,5552.92,0.0,0.0005,0.2,0.0,0.0,0.0,2.25576,-0.32148,12.60746,2e-05,0.97957
5549.0,BTC-28JUN19,1556017140126,open,0.18,117.0,0.16470326,0.20993996,0.18178572,59.09,0.145,0.0,BTC-28JUN19-4750-C,5552.92,50.42,0.171,5.0,0.0,0.0,0.0,7.12634,-3.19612,5.90914,0.00022,0.77182
5552.92,index_price,1556017140126,open,0.32,0.0,0.30935675,0.33284449,0.31543555,62.36,None,0,BTC-31MAY19-7250-P,5552.92,0.0,0.0005,0.3,0.0,0.0,0.0,3.3608,-2.7665,-6.94669,0.00017,-0.89012
5552.92,index_price,1556017140126,open,0.59,0.0,0.59480778,0.59480778,0.59480778,132.81,0.429,0,BTC-26APR19-2250-C,5552.92,0.0,0.0005,20.2,0.0,0.0,0.0,0.0,0.0,0.17727,0.0,1.0
5552.92,index_price,1556017140126,open,0.0,2172.7,0.0,0.0,0.0,100.0,0.0005,0,BTC-26APR19-3500-P,5552.92,0.0,0.0,0.0,0.0005,25.0,221.8,0.0,-1e-05,0.0,0.0,0.0
5552.72,BTC-27SEP19,1556017140126,open,1.03,0.0,0.99253767,1.10681224,1.02580733,69.6,None,0.0,BTC-27DEC19-11000-P,5552.92,0.0,0.0005,0.2,0.0,0.0,0.0,12.11993,-1.70154,-69.50174,8e-05,-0.81729
5552.72,BTC-27SEP19,1556017140128,open,0.53,0.0,0.49101972,0.64562175,0.52984863,63.75,None,0.0,BTC-27DEC19-8000-P,5552.92,0.0,0.001,0.5,0.0,0.0,0.0,16.6263,-2.1381,-45.14184,0.00012,-0.66726
5549.0,BTC-28JUN19,1556017140130,open,0.29,19.5,0.27800757,0.30979937,0.29118799,61.33,0.7515,0.0,BTC-28JUN19-7000-P,5552.92,0.0,0.0015,0.2,0.0,0.0,0.0,7.03916,-3.27696,-10.69511,0.00021,-0.77673
5552.92,index_price,1556017140130,open,0.0,260.1,0.0,0.0,0.0,100.0,0.0005,0,BTC-26APR19-2250-P,5552.92,0.0,0.0,0.0,0.0005,15.0,411.6,0.0,0.0,0.0,0.0,0.0
5552.72,BTC-27SEP19,1556017140132,open,0.01,49.9,0.00052079,0.0241593,0.0054261,70.66,0.008,0.0,BTC-27DEC19-2000-P,5552.92,68.26,0.0045,10.0,0.0065,1.0,73.17,2.25698,-0.32171,-0.97545,2e-05,-0.02044
5552.92,index_price,1556017140136,open,0.19,3.0,0.18962671,0.19946259,0.19122215,71.91,0.1615,0,BTC-3MAY19-4500-C,5552.92,0.0,0.0005,5.2,0.0,0.0,0.0,0.67476,-2.4567,1.16535,0.00011,0.96686
5549.0,BTC-28JUN19,1556017140147,open,2.61,0.4,2.60425302,2.60425686,2.60422512,0.0,5.076,0.0,BTC-28JUN19-20000-P,5552.92,0.0,0.0005,0.2,0.0,0.0,0.0,0.0,0.0,-36.09627,0.0,-1.0
5549.0,BTC-28JUN19,1556017140147,open,0.01,250.0,0.00479136,0.02121773,0.01258625,63.74,0.011,0.0,BTC-28JUN19-4000-P,5552.92,62.87,0.012,12.0,0.0135,12.1,65.05,3.81022,-1.84321,-1.02171,0.00011,-0.08943
5552.72,BTC-27SEP19,1556017140147,open,0.29,9.9,0.26101759,0.39298501,0.30244257,65.9,0.246,0.0,BTC-27DEC19-4500-C,5552.92,56.79,0.2785,5.0,0.367,8.0,90.17,14.6958,-1.95344,16.68579,0.00011,0.74493
5552.72,BTC-27SEP19,1556017140147,open,0.86,0.3,0.81970081,0.94800802,0.85641224,67.99,1.4475,0.0,BTC-27DEC19-10000-P,5552.92,0.0,0.1,0.3,0.0,0.0,0.0,13.57418,-1.86171,-61.68075,0.0001,-0.77928
5552.72,BTC-27SEP19,1556017140147,open,0.38,0.0,0.34266983,0.50499618,0.38375622,62.97,None,0.0,BTC-27DEC19-7000-P,5552.92,0.0,0.001,0.5,0.0,0.0,0.0,17.93898,-2.27843,-36.12169,0.00014,-0.57415
5549.0,BTC-28JUN19,1556017140157,open,0.73,33.3,0.72968102,0.72968175,0.72976675,102.73,0.7165,0.0,BTC-28JUN19-1500-C,5552.92,0.0,0.007,0.1,0.0,0.0,0.0,0.05345,-0.04168,2.69984,0.0,0.99935
5552.72,BTC-27SEP19,1556017140162,open,0.66,0.0,0.638507,0.68401301,0.65896871,67.19,None,0.0,BTC-27SEP19-9000-P,5552.92,0.0,0.002,0.3,0.0,0.0,0.0,9.89317,-2.11849,-35.04655,0.00011,-0.80954
5552.72,BTC-27SEP19,1556017140162,open,0.26,290.4,0.2434329,0.29648314,0.26178499,63.23,0.2265,0.0,BTC-27SEP19-4500-C,5552.92,56.33,0.248,3.0,0.31,0.5,86.42,11.25202,-2.26759,11.94981,0.00013,0.7625
5549.0,BTC-28JUN19,1556017140169,open,1.53,1.3,1.52297758,1.52324411,1.52427,88.22,2.415,0.0,BTC-28JUN19-14000-P,5552.92,0.0,0.0005,0.2,0.0,0.0,0.0,0.69613,-0.46613,-25.16768,1e-05,-0.98875
5552.72,BTC-27SEP19,1556017140171,open,0.0,411.8,0.00011979,0.00299545,0.00273255,78.81,0.003,0.0,BTC-27SEP19-2000-P,5552.92,71.99,0.0015,35.2,0.004,20.4,84.03,1.19589,-0.30041,-0.36879,1e-05,-0.01272
5552.92,index_price,1556017140171,open,0.0,233.8,0.0,0.0,0.0,100.0,0.0005,0,BTC-26APR19-2500-P,5552.92,0.0,0.0,0.0,0.0005,25.0,366.51,0.0,0.0,0.0,0.0,0.0
5552.92,index_price,1556017140171,open,0.23,1352.0,0.23463691,0.23464014,0.23466527,100.0,0.234,0,BTC-26APR19-4250-C,5552.92,0.0,0.161,1.0,0.249,2.0,272.92,0.01838,-0.31959,0.33434,1e-05,0.99888
5552.72,BTC-27SEP19,1556017140173,open,1.01,3.1,0.9860295,1.01359168,1.00333689,72.69,1.9215,0.0,BTC-27SEP19-11000-P,5552.92,0.0,0.002,0.3,0.0,0.0,0.0,7.1006,-1.64502,-45.04692,7e-05,-0.8842
5552.72,BTC-27SEP19,1556017140173,open,0.01,616.4,0.00427265,0.02229324,0.01249541,68.26,0.0175,0.0,BTC-27SEP19-3000-P,5552.92,66.14,0.011,18.1,0.014,22.0,70.27,4.04055,-0.87904,-1.60712,4e-05,-0.05485
5549.0,BTC-28JUN19,1556017140173,open,0.42,0.1,0.41442044,0.42066621,0.41846114,73.36,0.395,0.0,BTC-28JUN19-3250-C,5552.92,0.0,0.0035,0.2,0.0,0.0,0.0,1.62988,-0.90757,5.51776,4e-05,0.96942
5552.92,index_price,1556017140176,open,0.0,1123.2,0.0,0.0,0.0,100.0,0.001,0,BTC-26APR19-3000-P,5552.92,0.0,0.0,0.0,0.0005,45.0,288.37,0.0,0.0,0.0,0.0,0.0
5552.72,BTC-27SEP19,1556017140178,open,1.18,6.1,1.16378546,1.18473588,1.17850032,74.68,1.9095,0.0,BTC-27SEP19-12000-P,5552.92,0.0,0.012,0.1,0.0,0.0,0.0,6.00388,-1.42911,-49.79751,6e-05,-0.9081
5552.72,BTC-27SEP19,1556017140178,open,0.11,113.0,0.07143123,0.20339864,0.11286788,65.9,0.1155,0.0,BTC-27DEC19-4500-P,5552.92,61.21,0.1005,14.6,0.1075,9.6,63.87,14.69587,-1.95358,-13.87476,0.00011,-0.25507
5552.92,index_price,1556017140181,open,0.0,432.1,2.31e-06,0.00054656,0.00065837,87.43,0.001,0,BTC-26APR19-6500-C,5552.92,0.0,0.0,0.0,0.0015,45.0,100.48,0.27119,-3.65587,0.00989,0.00013,0.02327
5552.92,index_price,1556017140181,open,0.26,0.0,0.26059803,0.26062328,0.26073963,100.0,None,0,BTC-26APR19-7000-P,5552.92,0.0,0.0005,50.3,0.343,0.1,465.31,0.07334,-1.27512,-0.54931,3e-05,-0.99484
5552.72,BTC-27SEP19,1556017140183,open,0.48,0.0,0.46858132,0.53577338,0.48471741,65.9,None,0.0,BTC-27DEC19-3000-C,5552.92,0.0,0.0005,0.1,0.0,0.0,0.0,6.8007,-0.90395,16.41538,5e-05,0.92003
5552.92,index_price,1556017140183,open,0.0,397.5,0.00075567,0.00620989,0.00349363,71.18,0.003,0,BTC-26APR19-6000-C,5552.92,68.24,0.003,11.1,0.004,40.0,74.01,0.96395,-11.92983,0.04932,0.00056,0.11623
5549.0,BTC-28JUN19,1556017140194,open,1.35,0.8,1.34276669,1.34332498,1.34481065,87.13,2.171,0.0,BTC-28JUN19-13000-P,5552.92,0.0,0.07,1.0,0.0,0.0,0.0,1.00492,-0.66457,-23.3106,2e-05,-0.98278
5552.72,BTC-27SEP19,1556017140216,open,0.39,261.1,0.38223804,0.41215666,0.39370316,65.33,0.38,0.0,BTC-27SEP19-3500-C,5552.92,0.0,0.161,1.0,0.4635,1.5,114.1,6.30549,-1.31294,12.12535,7e-05,0.90178
5549.0,BTC-28JUN19,1556017140216,open,0.01,875.7,0.00023663,0.0053472,0.00570346,75.86,0.006,0.0,BTC-28JUN19-10000-C,5552.92,76.55,0.006,0.4,0.0065,12.0,77.67,2.34604,-1.35078,0.42175,6e-05,0.04782
5549.0,BTC-28JUN19,1556017140216,open,0.21,208.2,0.2053371,0.23275315,0.21565533,60.19,0.2145,0.0,BTC-28JUN19-4500-C,5552.92,49.64,0.205,5.0,0.23,0.1,72.72,6.00435,-2.74299,6.13523,0.00018,0.82826
5552.92,index_price,1556017140216,open,0.41,25.7,0.41472234,0.41472234,0.41472234,100.0,0.351,0,BTC-26APR19-3250-C,5552.92,0.0,0.155,1.0,0.0,0.0,0.0,0.0,0.0,0.25605,0.0,1.0
5552.92,index_price,1556017140216,open,0.02,157.5,0.01326298,0.02542432,0.01626241,58.68,0.0155,0,BTC-26APR19-5500-P,5552.92,57.93,0.016,8.2,0.0175,12.0,62.25,1.9235,-19.6263,-0.1895,0.00135,-0.41688
5552.72,BTC-27SEP19,1556017140216,open,0.14,47.7,0.10442548,0.26761495,0.14571795,62.64,0.1505,0.0,BTC-27DEC19-6500-C,5552.92,61.82,0.143,7.2,0.15,5.0,63.95,18.23503,-2.30418,12.65276,0.00014,0.48125
5552.92,index_price,1556017140216,open,0.33,0.0,0.32500036,0.33228569,0.32721579,67.65,None,0,BTC-31MAY19-3750-C,5552.92,0.0,0.0005,0.2,0.0,0.0,0.0,1.15081,-1.02775,3.71513,5e-05,0.97196
5552.72,BTC-27SEP19,1556017140216,open,0.2,16.7,0.15774598,0.31344598,0.19729417,62.42,0.236,0.0,BTC-27DEC19-5500-P,5552.92,60.91,0.1925,14.6,0.2005,5.0,63.43,17.57422,-2.21275,-22.19818,0.00013,-0.39137
5552.92,index_price,1556017140219,open,0.0,290.4,0.0,0.0,0.0,100.0,0.0005,0,BTC-26APR19-2000-P,5552.92,0.0,0.0,0.0,0.0005,25.0,462.04,0.0,0.0,0.0,0.0,0.0
5552.92,index_price,1556017140219,open,0.16,0.0,0.14852213,0.18904433,0.15660596,57.52,None,0,BTC-31MAY19-6250-P,5552.92,0.0,0.0005,0.3,0.0,0.0,0.0,6.14941,-4.66953,-4.97811,0.00033,-0.70732
5552.92,index_price,1556017140269,open,0.0,41.8,1.115e-05,0.00984704,0.00160659,71.91,0.002,0,BTC-3MAY19-4500-P,5552.92,71.02,0.0015,12.6,0.002,0.2,74.95,0.67476,-2.4567,-0.0522,0.00011,-0.03314
5552.92,index_price,1556017140403,open,0.15,3.0,0.14477326,0.16252171,0.1481933,67.02,0.1175,0,BTC-3MAY19-4750-C,5552.92,0.0,0.0005,5.2,0.0,0.0,0.0,1.23354,-4.18558,1.17382,0.00022,0.92947
5552.92,index_price,1556017140512,open,0.0,13.4,0.00221215,0.01910862,0.00503428,64.44,0.0055,0,BTC-26APR19-5875-C,5552.92,62.01,0.0045,11.8,0.006,35.5,68.62,1.24367,-13.93363,0.07184,0.00079,0.16924
5552.72,BTC-27SEP19,1556017140513,open,0.02,17.6,0.00761801,0.03140019,0.01746961,66.62,0.0195,0.0,BTC-27SEP19-3250-P,5552.92,65.56,0.0165,5.2,0.019,10.0,68.25,5.11435,-1.08597,-2.18923,6e-05,-0.07426
5552.92,index_price,1556017140542,open,0.0,39.1,0.00017907,0.01792752,0.0035991,67.02,0.004,0,BTC-3MAY19-4750-P,5552.92,64.2,0.003,6.6,0.005,47.4,72.83,1.23354,-4.18558,-0.11138,0.00022,-0.07053
5552.92,index_price,1556017140604,open,0.0,14.0,0.00019743,0.02070076,0.00352853,64.69,0.005,0,BTC-3MAY19-6500-C,5552.92,59.97,0.0025,15.0,0.004,2.8,66.62,1.31705,-4.31387,0.11015,0.00024,0.07684
5552.92,index_price,1556017140686,open,0.11,13.9,0.10104359,0.12943644,0.10719752,61.99,0.0715,0,BTC-3MAY19-5000-C,5552.92,57.15,0.1055,8.3,0.1085,6.9,65.45,2.03452,-6.38528,1.13081,0.00039,0.85985
175.06,index_price,1556017140820,open,0.0,431.0,0.000114,0.004912,0.003414,104.93,0.002,0,ETH-26APR19-200-C,175.06,101.8,0.003,59.0,0.005,150.0,115.54,0.02381,-0.43441,0.0011,0.0094,0.08327
5552.92,index_price,1556017140822,open,0.01,144.7,0.00147075,0.0298636,0.00762468,61.99,0.0065,0,BTC-3MAY19-5000-P,5552.92,58.83,0.0065,2.7,0.0085,20.0,64.33,2.03452,-6.38528,-0.22203,0.00039,-0.14015
175.06,index_price,1556017140914,open,0.11,1.0,0.09931,0.126322,0.10452,72.28,0.09,0.2,ETH-3MAY19-160-C,175.06,56.56,0.098,50.0,0.108,50.0,79.74,0.07926,-0.35727,0.0332,0.01322,0.80554
5552.72,BTC-27SEP19,1556017140918,open,0.04,108.2,0.02846233,0.07069678,0.04285505,63.51,0.041,0.0,BTC-27SEP19-4000-P,5552.92,62.02,0.0405,15.4,0.045,10.1,64.85,8.84434,-1.79032,-4.83276,0.00011,-0.15964
175.06,index_price,1556017140940,open,0.01,338.0,0.001491,0.012722,0.006714,90.5,0.009,0,ETH-26APR19-190-C,175.06,87.18,0.006,146.0,0.008,200.0,96.19,0.03838,-0.60389,0.00217,0.01756,0.16371
175.06,index_price,1556017140943,open,0.02,797.0,0.010309,0.028693,0.015667,76.61,0.018,0,ETH-26APR19-180-C,175.06,77.62,0.016,117.0,0.018,1.0,83.63,0.05778,-0.76961,0.00466,0.03123,0.35375
175.06,index_price,1556017140946,open,0.09,95.0,0.086833,0.098064,0.092057,90.5,0.091,0,ETH-26APR19-190-P,175.06,75.02,0.089,184.0,0.092,50.0,90.24,0.03838,-0.60389,-0.0128,0.01756,-0.83629
180.62,ETH-27SEP19,1556017140957,open,0.02,983.0,0.0084,0.041221,0.015585,69.92,0.016,0.0,ETH-27SEP19-100-P,175.06,66.66,0.013,360.0,0.018,332.0,72.76,0.14904,-0.03321,-0.06208,0.00152,-0.06439
178.44,ETH-28JUN19,1556017140965,open,0.09,4772.0,0.077141,0.165678,0.087405,66.36,0.086,0.0,ETH-28JUN19-170-P,175.06,63.63,0.083,160.0,0.088,120.0,66.73,0.28798,-0.14506,-0.14963,0.00755,-0.3772
180.62,ETH-27SEP19,1556017140969,open,0.51,1.0,0.484121,0.565353,0.504955,69.81,0.573,0.0,ETH-27SEP19-260-P,175.06,0.0,0.014,1.0,0.553,1.0,90.06,0.40223,-0.0895,-0.94679,0.00411,-0.71467
175.06,index_price,1556017140969,open,0.04,28.0,0.038528,0.056912,0.043886,76.61,0.043,0,ETH-26APR19-180-P,175.06,70.86,0.042,151.0,0.045,150.0,79.97,0.05778,-0.76961,-0.00952,0.03123,-0.64625
5552.92,index_price,1556017140996,open,0.07,29.8,0.06155222,0.10072798,0.06990902,56.9,0.05,0,BTC-3MAY19-5250-C,5552.92,51.33,0.067,9.5,0.071,8.9,58.94,2.9574,-8.51975,1.00813,0.00062,0.74091
178.44,ETH-28JUN19,1556017141037,open,1.8,0.0,1.802065,1.807101,1.804821,105.8,None,0.0,ETH-28JUN19-500-P,175.06,0.0,0.002,2.0,0.0,0.0,0.0,0.03566,-0.02864,-0.89707,0.00059,-0.98067
180.62,ETH-27SEP19,1556017141042,open,0.46,0.0,0.454752,0.487573,0.461932,69.92,None,0.0,ETH-27SEP19-100-C,175.06,0.0,0.001,6.0,0.0,0.0,0.0,0.14902,-0.03321,0.36773,0.00152,0.93562
175.06,index_price,1556017141044,open,0.01,429.0,0.009581,0.027307,0.014727,76.61,0.014,0,ETH-26APR19-170-P,175.06,67.93,0.012,108.0,0.014,200.0,74.32,0.05563,-0.74101,-0.00463,0.03007,-0.32085
175.06,index_price,1556017141044,open,0.05,374.0,0.038485,0.056212,0.043631,76.61,0.045,0,ETH-26APR19-170-C,175.06,71.44,0.042,171.0,0.046,50.0,84.01,0.05563,-0.74101,0.00877,0.03007,0.67915
178.44,ETH-28JUN19,1556017141046,open,0.28,1136.0,0.265507,0.350929,0.278543,69.36,0.358,0.0,ETH-28JUN19-220-P,175.06,62.59,0.269,46.0,0.287,1.0,75.1,0.25807,-0.13586,-0.31944,0.00647,-0.71336
180.62,ETH-27SEP19,1556017141068,open,0.18,2073.0,0.153941,0.242375,0.173949,67.83,0.17,0.0,ETH-27SEP19-180-P,175.06,65.11,0.167,218.0,0.177,120.0,69.03,0.46006,-0.09946,-0.45255,0.00484,-0.40901
178.44,ETH-28JUN19,1556017141076,open,0.01,509.0,7.9e-05,0.014685,0.007852,102.23,0.007,0.0,ETH-28JUN19-400-C,175.06,100.22,0.007,3.0,0.008,198.0,102.56,0.07861,-0.06099,0.01368,0.00134,0.05034
175.06,index_price,1556017141076,open,0.15,154.0,0.143178,0.145833,0.1441,93.7,0.13,0,ETH-26APR19-150-C,175.06,91.93,0.144,181.0,0.148,50.0,132.79,0.01021,-0.16636,0.01141,0.00451,0.97123
5552.92,index_price,1556017141133,open,0.02,130.4,0.00700074,0.0461765,0.01535743,56.9,0.016,0,BTC-3MAY19-5250-P,5552.92,55.28,0.0145,10.0,0.0165,5.5,59.03,2.95739,-8.51972,-0.41234,0.00062,-0.25909
5552.92,index_price,1556017141140,open,0.18,0.0,0.17075274,0.19125608,0.17408376,64.69,None,0,BTC-3MAY19-6500-P,5552.92,0.0,0.0,0.0,0.2305,0.2,180.03,1.31703,-4.3138,-1.64854,0.00024,-0.92316
175.06,index_price,1556017141205,open,0.07,195.0,0.058128,0.09238,0.065543,72.12,0.073,0.2,ETH-3MAY19-170-C,175.06,66.36,0.062,4.0,0.07,150.0,79.32,0.10797,-0.44914,0.0271,0.01805,0.63764
5552.92,index_price,1556017141275,open,0.04,106.0,0.03115998,0.07660726,0.04120058,55.5,0.039,0,BTC-3MAY19-5500-C,5552.92,51.34,0.0385,9.4,0.043,10.1,58.28,3.60287,-10.12453,0.77921,0.00078,0.55983
5552.92,index_price,1556017141310,open,0.13,0.0,0.1265367,0.15511533,0.13192797,61.46,None,0,BTC-3MAY19-6250-P,5552.92,0.0,0.0005,1.2,0.18,0.3,151.95,1.94781,-6.06084,-1.50305,0.00038,-0.86848
5552.92,index_price,1556017141420,open,0.03,13.2,0.02162986,0.06707714,0.03167046,55.5,0.031,0,BTC-3MAY19-5500-P,5552.92,52.93,0.03,10.7,0.0335,9.1,58.32,3.60287,-10.12453,-0.70891,0.00078,-0.44017
175.05,index_price,1556017141560,open,0.01,300.0,0.001578,0.019446,0.007669,85.52,0.004,0.2,ETH-3MAY19-210-C,175.05,76.53,0.005,350.0,0.01,150.0,92.28,0.0569,-0.25695,0.00522,0.00803,0.11795
175.05,index_price,1556017141560,open,0.15,0.0,0.141199,0.166301,0.148208,78.9,None,0.2,ETH-3MAY19-200-P,175.05,65.55,0.143,144.0,0.154,50.0,91.5,0.07523,-0.20751,-0.04592,0.0115,-0.82125
5552.92,index_price,1556017141840,open,0.01,79.4,0.00402086,0.04147275,0.0121065,58.89,0.0135,0,BTC-3MAY19-6000-C,5552.92,56.62,0.011,10.0,0.0125,10.0,59.68,2.74848,-8.19423,0.32184,0.00056,0.22632
5552.92,index_price,1556017141844,open,0.12,15.6,0.12210355,0.12666502,0.12298391,80.46,0.0785,0,BTC-26APR19-4875-C,5552.92,0.0,0.007,0.1,0.178,0.1,320.2,0.34937,-4.88741,0.3699,0.00018,0.96848
5552.92,index_price,1556017141982,open,0.09,0.0,0.08453345,0.12198534,0.09261909,58.89,None,0,BTC-3MAY19-6000-P,5552.92,54.49,0.0905,4.0,0.096,4.0,65.5,2.74848,-8.19423,-1.30156,0.00056,-0.77368
5552.92,index_price,1556017142000,open,0.0,13.3,2.004e-05,0.00458151,0.00090039,80.46,0.0015,0,BTC-26APR19-4875-P,5552.92,72.95,0.0005,45.5,0.0015,0.8,88.61,0.34937,-4.88741,-0.01418,0.00018,-0.03152
5552.79,BTC-27SEP19,1556017142258,open,0.02,2.0,0.00174717,0.0709061,0.02412058,76.21,0.0255,0.0,BTC-27DEC19-15000-C,5552.92,75.09,0.0225,12.0,0.0255,10.0,77.13,8.16764,-1.25559,2.94988,5e-05,0.10235
5552.92,index_price,1556017142856,open,0.28,0.1,0.28070722,0.29266705,0.28353697,63.14,0.239,0,BTC-31MAY19-4000-C,5552.92,0.0,0.0005,0.4,0.0,0.0,0.0,1.64142,-1.3682,3.87933,8e-05,0.95677
5552.82,BTC-27SEP19,1556017142858,open,0.23,12.5,0.21494967,0.27242743,0.23479033,63.08,0.226,0.0,BTC-27SEP19-4750-C,5552.92,56.33,0.22,3.0,0.243,1.0,66.79,12.24327,-2.46153,11.59234,0.00015,0.72052
5552.92,index_price,1556017142858,open,0.02,939.9,0.0227931,0.03495444,0.02579347,58.69,0.023,0,BTC-26APR19-5500-C,5552.92,57.84,0.0255,5.8,0.0285,17.3,66.49,1.9235,-19.62725,0.24383,0.00135,0.58312
5552.82,BTC-27SEP19,1556017142858,open,0.12,28.9,0.08203142,0.24435829,0.1230991,62.96,0.119,0.0,BTC-27DEC19-7000-C,5552.92,62.31,0.121,7.2,0.128,5.0,64.47,17.9392,-2.27824,11.41636,0.00014,0.42584
5552.82,BTC-27SEP19,1556017142861,open,0.36,0.0,0.34408354,0.38023826,0.35684487,64.14,None,0.0,BTC-27SEP19-3750-C,5552.92,0.0,0.0315,0.1,0.0,0.0,0.0,7.55033,-1.54349,12.3339,9e-05,0.87365
5552.92,index_price,1556017142866,open,0.02,24.8,0.01311832,0.04458716,0.02056899,59.34,0.019,0,BTC-31MAY19-4750-P,5552.92,58.67,0.02,1.0,0.022,19.2,61.02,4.70578,-3.68656,-1.15997,0.00025,-0.18074
5552.92,index_price,1556017142870,open,0.0,321.0,1e-08,5.402e-05,0.00023858,100.0,0.0005,0,BTC-26APR19-4500-P,5552.92,0.0,0.0,0.0,0.001,25.5,122.7,0.10696,-1.32481,-0.00356,4e-05,-0.00791
5552.82,BTC-27SEP19,1556017142883,open,0.02,705.9,0.00268279,0.02363448,0.01758882,74.86,0.0175,0.0,BTC-27SEP19-12000-C,5552.92,73.84,0.0165,5.0,0.0185,10.0,75.68,6.03835,-1.44069,1.79049,6e-05,0.09261
5549.07,BTC-28JUN19,1556017142899,open,0.0,137.0,2.23e-06,0.00056059,0.00224732,88.2,0.0015,0.0,BTC-28JUN19-13000-C,5552.92,83.79,0.0015,12.0,0.003,20.3,91.73,1.07101,-0.71702,0.16334,2e-05,0.01856
5549.07,BTC-28JUN19,1556017142899,open,0.33,30.0,0.32537327,0.34129186,0.33274071,66.18,0.298,0.0,BTC-28JUN19-3750-C,5552.92,0.0,0.027,0.1,0.0,0.0,0.0,2.89778,-1.45551,6.05709,8e-05,0.93754
5549.07,BTC-28JUN19,1556017142899,open,0.01,426.4,0.00089437,0.00829427,0.00548052,68.35,0.006,0.0,BTC-28JUN19-3500-P,5552.92,65.62,0.0045,26.7,0.006,0.1,69.69,2.09719,-1.08794,-0.47152,6e-05,-0.0416
5549.07,BTC-28JUN19,1556017142899,open,0.29,360.3,0.28394916,0.30037447,0.29174121,63.73,0.285,0.0,BTC-28JUN19-4000-C,5552.92,39.34,0.2805,0.9,0.294,4.0,66.91,3.80975,-1.84289,6.19773,0.00011,0.91058
5552.92,index_price,1556017142899,open,0.17,0.0,0.17055763,0.17110187,0.17121373,87.43,None,0,BTC-26APR19-6500-P,5552.92,0.0,0.001,20.0,0.226,0.1,319.87,0.2712,-4.1226,-0.50222,0.00013,-0.97673
5549.07,BTC-28JUN19,1556017142901,open,0.0,312.6,4.7e-07,0.00026703,0.00151007,89.86,0.001,0.0,BTC-28JUN19-14000-C,5552.92,85.67,0.001,22.0,0.002,1.0,93.02,0.77665,-0.52969,0.11269,2e-05,0.01276
5549.07,BTC-28JUN19,1556017142918,open,0.25,4.5,0.2402869,0.2705208,0.25281555,62.07,0.2105,0.0,BTC-28JUN19-4250-C,5552.92,0.0,0.02,0.1,0.0,0.0,0.0,4.89244,-2.30499,6.21652,0.00014,0.87353
5549.07,BTC-28JUN19,1556017142918,open,0.37,143.7,0.37015805,0.37755795,0.37473284,68.32,0.375,0.0,BTC-28JUN19-3500-C,5552.92,0.0,0.003,0.4,0.0,0.0,0.0,2.09489,-1.08626,5.84601,6e-05,0.95846
5549.07,BTC-28JUN19,1556017142925,open,0.1,222.9,0.08031771,0.13880697,0.10224082,58.08,0.1,0.0,BTC-28JUN19-5500-C,5552.92,57.04,0.1005,6.6,0.1035,0.1,58.83,9.28605,-4.09374,4.61765,0.00029,0.56331
5549.07,BTC-28JUN19,1556017142925,open,1.71,2.0,1.70315576,1.70328397,1.70409498,90.38,2.658,0.0,BTC-28JUN19-15000-P,5552.92,0.0,0.0005,0.2,0.0,0.0,0.0,0.53044,-0.36386,-26.99907,1e-05,-0.99176
5552.82,BTC-27SEP19,1556017142929,open,0.02,332.2,0.01255828,0.04247533,0.02397821,65.29,0.024,0.0,BTC-27SEP19-3500-P,5552.92,63.97,0.0225,6.2,0.0255,10.0,66.62,6.30105,-1.31122,-2.91415,7e-05,-0.09813
5549.07,BTC-28JUN19,1556017142929,open,0.03,97.6,0.0162921,0.04370691,0.02656042,60.14,0.025,0.0,BTC-28JUN19-4500-P,5552.92,59.16,0.0255,0.1,0.028,9.7,61.46,6.00116,-2.73946,-1.98448,0.00018,-0.17159
5552.92,index_price,1556017142929,open,0.0,108.6,6e-08,0.00012664,0.00047226,99.81,0.0005,0,BTC-26APR19-6750-C,5552.92,0.0,0.0,0.0,0.001,15.0,111.57,0.19111,-2.62243,0.00654,8e-05,0.01542
5552.92,index_price,1556017142929,open,0.13,0.0,0.12558995,0.12754097,0.12693831,78.99,None,0,BTC-26APR19-6250-P,5552.92,0.0,0.001,0.3,0.181,0.1,284.58,0.50268,-6.90379,-0.47146,0.00026,-0.9507
5552.92,index_price,1556017142929,open,0.0,125.6,0.0,2.525e-05,0.00014161,100.0,0.0005,0,BTC-26APR19-7000-C,5552.92,0.0,0.0,0.0,0.0005,15.0,116.31,0.07334,-0.78632,0.0022,3e-05,0.00516
5552.82,BTC-27SEP19,1556017142934,open,0.5,2.5,0.47371229,0.52949954,0.49387699,64.23,1.278,0.0,BTC-27SEP19-8000-P,5552.92,0.0,0.004,0.3,0.0,0.0,0.0,11.7065,-2.3964,-29.54994,0.00014,-0.74429
5552.92,index_price,1556017142948,open,0.05,250.8,0.03889971,0.0808497,0.04769457,57.45,0.048,0,BTC-31MAY19-5250-P,5552.92,57.7,0.048,9.9,0.0505,19.4,59.8,6.59891,-5.00442,-2.26959,0.00036,-0.34618
5552.82,BTC-27SEP19,1556017142950,open,0.17,54.6,0.1324787,0.29368308,0.17344255,62.49,0.175,0.0,BTC-27DEC19-6000-C,5552.92,61.44,0.17,7.2,0.177,5.0,63.58,18.15116,-2.28796,13.92224,0.00014,0.54264
5552.92,index_price,1556017142960,open,0.06,72.0,0.04910205,0.09397386,0.05791413,56.9,0.0545,0,BTC-31MAY19-5750-C,5552.92,54.62,0.055,6.0,0.0595,9.6,58.14,7.10156,-5.33468,2.32108,0.00039,0.46073
5552.82,BTC-27SEP19,1556017142971,open,0.25,34.8,0.20979879,0.35587313,0.25619404,65.68,0.233,0.0,BTC-27DEC19-5000-C,5552.92,57.16,0.231,5.0,0.3275,8.0,90.09,16.38951,-2.17154,15.93691,0.00012,0.67881
5552.82,BTC-27SEP19,1556017142977,open,0.08,943.2,0.06079803,0.12530907,0.08142899,62.61,0.0805,0.0,BTC-27SEP19-7000-C,5552.92,62.02,0.08,19.6,0.084,10.0,63.65,13.61622,-2.71694,6.64279,0.00016,0.35977
5552.92,index_price,1556017142979,open,0.03,113.7,0.02298818,0.06351038,0.03107193,57.52,0.031,0,BTC-31MAY19-6250-C,5552.92,56.55,0.03,10.0,0.0325,12.8,58.81,6.14941,-4.66952,1.50745,0.00033,0.29268
5552.92,index_price,1556017142983,open,0.07,58.1,0.05922835,0.10367689,0.06781726,56.75,0.0665,0,BTC-31MAY19-5500-P,5552.92,55.32,0.066,9.6,0.0705,1.0,58.86,7.06278,-5.29124,-2.94248,0.00039,-0.44283
5552.82,BTC-27SEP19,1556017142987,open,0.15,70.3,0.11024217,0.2563165,0.15665364,65.69,0.1555,0.0,BTC-27DEC19-5000-P,5552.92,61.07,0.143,14.6,0.1505,14.6,63.61,16.38946,-2.17171,-18.01919,0.00012,-0.32118
5552.92,index_price,1556017142991,open,0.01,52.4,0.00373737,0.02722511,0.00981613,62.36,0.007,0,BTC-31MAY19-7250-C,5552.92,60.98,0.009,30.5,0.0105,16.0,63.47,3.3608,-2.76649,0.57656,0.00017,0.10988
5552.82,BTC-27SEP19,1556017142993,open,0.35,10.2,0.32141876,0.3859298,0.34207243,62.61,0.8,0.0,BTC-27SEP19-7000-P,5552.92,0.0,0.0025,0.3,0.0,0.0,0.0,13.61678,-2.71745,-23.44249,0.00016,-0.64019
5552.82,BTC-27SEP19,1556017142993,open,0.43,0.0,0.42232886,0.44610964,0.43217945,66.62,None,0.0,BTC-27SEP19-3250-C,5552.92,0.0,0.0005,0.3,0.0,0.0,0.0,5.1141,-1.08591,11.77931,6e-05,0.92574
5552.82,BTC-27SEP19,1556017142995,open,0.11,43.5,0.08947438,0.15060754,0.1107997,63.09,0.1095,0.0,BTC-27SEP19-5000-P,5552.92,60.41,0.1045,9.6,0.111,9.6,63.17,13.06282,-2.62661,-10.34422,0.00016,-0.32263
5552.92,index_price,1556017142995,open,0.0,28.7,0.00032074,0.00760606,0.00253627,67.65,0.003,0,BTC-31MAY19-3750-P,5552.92,64.88,0.002,26.6,0.0035,26.0,71.87,1.15084,-1.02779,-0.17622,5e-05,-0.02805
5552.92,index_price,1556017142995,open,0.64,0.0,0.63982913,0.63982913,0.63982913,125.0,None,0,BTC-26APR19-2000-C,5552.92,0.0,0.0005,50.2,0.0,0.0,0.0,0.0,0.0,0.15757,0.0,1.0
5552.92,index_price,1556017143006,open,0.23,0.0,0.22527453,0.25754682,0.23298543,60.05,None,0,BTC-31MAY19-6750-P,5552.92,0.0,0.0005,0.3,0.0,0.0,0.0,4.70621,-3.73077,-6.06313,0.00024,-0.81924
5552.92,index_price,1556017143006,open,0.32,217.7,0.32467963,0.32467963,0.3246797,100.0,0.3135,0,BTC-26APR19-3750-C,5552.92,0.0,0.0005,25.2,0.42,0.1,500.0,9e-05,-0.00159,0.29545,0.0,1.0
5552.82,BTC-27SEP19,1556017143024,open,0.09,41.4,0.05028793,0.20489149,0.08909611,63.75,0.0835,0.0,BTC-27DEC19-8000-C,5552.92,63.88,0.0895,10.0,0.094,10.0,65.37,16.62607,-2.13783,9.18688,0.00012,0.33272
5552.82,BTC-27SEP19,1556017143035,open,0.73,42.8,0.72987175,0.73040527,0.73114589,89.13,0.6235,0.0,BTC-27SEP19-1500-C,5552.92,0.0,0.1,0.1,0.8,1.0,229.63,0.58858,-0.1672,6.28113,0.0,0.99433
5549.07,BTC-28JUN19,1556017143051,open,0.01,515.2,0.00105556,0.01131411,0.00855607,70.61,0.0085,0.0,BTC-28JUN19-9000-C,5552.92,68.73,0.0075,16.2,0.0095,12.0,72.19,3.22921,-1.73061,0.63386,8e-05,0.07185
5549.07,BTC-28JUN19,1556017143051,open,0.15,784.7,0.13930824,0.17610369,0.15179484,58.66,0.144,0.0,BTC-28JUN19-5000-C,5552.92,57.43,0.15,0.1,0.154,0.1,60.16,8.11685,-3.61369,5.55377,0.00025,0.70634
5549.07,BTC-28JUN19,1556017143051,open,0.04,68.4,0.02071079,0.06594588,0.0377462,59.05,0.039,0.0,BTC-28JUN19-4750-P,5552.92,57.69,0.036,19.6,0.0395,9.6,60.41,7.12456,-3.19338,-2.6622,0.00022,-0.22807
5552.92,index_price,1556017143051,open,0.0,913.7,0.0,9e-08,1.99e-06,100.0,0.0005,0,BTC-26APR19-4000-P,5552.92,0.0,0.0,0.0,0.001,26.0,180.14,0.0018,-0.01103,-4e-05,0.0,-9e-05
5552.82,BTC-27SEP19,1556017143051,open,0.0,42.0,4.248e-05,0.00961555,0.00268531,79.03,0.002,0.0,BTC-27DEC19-1500-P,5552.92,68.64,0.001,10.0,0.0045,10.0,86.17,1.19419,-0.19036,-0.46938,1e-05,-0.00976
5552.92,index_price,1556017143056,open,0.01,127.1,0.00651199,0.03117547,0.01270494,60.8,0.0125,0,BTC-31MAY19-4500-P,5552.92,58.9,0.0115,26.0,0.014,16.0,62.76,3.59314,-2.8838,-0.76876,0.00018,-0.12071
5552.82,BTC-27SEP19,1556017143059,open,0.56,57.5,0.55075962,0.55935336,0.55613464,73.32,0.389,0.0,BTC-27SEP19-2500-C,5552.92,0.0,0.001,0.4,0.5815,1.0,110.35,2.38616,-0.55761,9.90873,2e-05,0.97132
5549.09,BTC-28JUN19,1556017143092,open,0.0,65.9,0.00011152,0.00635657,0.00410451,73.2,0.006,0.0,BTC-28JUN19-3250-P,5552.92,69.08,0.003,18.9,0.005,12.0,76.1,1.61928,-0.89969,-0.34501,4e-05,-0.03034
5549.09,BTC-28JUN19,1556017143101,open,0.0,871.5,8.554e-05,0.00236965,0.00286056,77.42,0.002,0.0,BTC-28JUN19-3000-P,5552.92,72.96,0.002,5.9,0.004,12.0,82.23,1.1878,-0.69801,-0.23859,3e-05,-0.02096
5552.82,BTC-27SEP19,1556017143113,open,0.21,777.6,0.189031,0.25016417,0.21033933,63.08,0.2135,0.0,BTC-27SEP19-5000-C,5552.92,59.53,0.202,4.1,0.2135,4.1,64.42,13.06278,-2.6263,11.14605,0.00016,0.67737
5552.82,BTC-27SEP19,1556017143113,open,0.73,0.0,0.72990947,0.73948254,0.73254745,79.0,None,0.0,BTC-27DEC19-1500-C,5552.92,0.0,0.007,0.2,0.0,0.0,0.0,1.19286,-0.1901,9.71795,1e-05,0.99025
5552.82,BTC-27SEP19,1556017143113,open,0.69,0.0,0.65151867,0.79382983,0.68751851,64.97,None,0.0,BTC-27DEC19-9000-P,5552.92,0.0,0.001,0.5,0.0,0.0,0.0,14.92868,-1.95636,-53.72082,0.00011,-0.73707
5552.82,BTC-27SEP19,1556017143126,open,0.16,15.5,0.13512467,0.20115348,0.15428862,61.5,0.155,0.0,BTC-27SEP19-5500-P,5552.92,60.4,0.1515,7.2,0.1585,7.2,63.15,14.15902,-2.7753,-13.48811,0.00017,-0.41088
5549.09,BTC-28JUN19,1556017143126,open,1.17,10.0,1.16252745,1.16370184,1.16555592,84.88,1.243,0.0,BTC-28JUN19-12000-P,5552.92,0.0,0.0005,0.4,0.0,0.0,0.0,1.38158,-0.89008,-21.437,3e-05,-0.97492
5552.92,index_price,1556017143126,open,0.01,152.4,0.00283059,0.02074036,0.00685473,61.02,0.0065,0,BTC-31MAY19-4250-P,5552.92,60.21,0.0065,36.0,0.0075,10.0,62.45,2.46312,-1.98424,-0.45633,0.00013,-0.07234
5549.09,BTC-28JUN19,1556017143128,open,0.0,686.3,2.94e-06,0.00042088,0.00186221,91.22,0.0015,0.0,BTC-28JUN19-2500-P,5552.92,83.48,0.001,32.3,0.003,37.5,98.45,0.74598,-0.51646,-0.14065,1e-05,-0.01218
5552.92,index_price,1556017143128,open,0.0,1347.7,0.0,0.0,7e-08,100.0,0.0005,0,BTC-26APR19-3750-P,5552.92,0.0,0.0,0.0,0.0005,25.2,191.7,9e-05,-0.00041,0.0,0.0,0.0
5552.82,BTC-27SEP19,1556017143130,open,0.56,0.0,0.55250931,0.59615918,0.56245576,67.95,None,0.0,BTC-27DEC19-2500-C,5552.92,0.0,0.0005,0.2,0.0,0.0,0.0,4.26694,-0.58488,14.83695,3e-05,0.95591
5552.82,BTC-27SEP19,1556017143130,open,0.41,5.8,0.39095838,0.48225971,0.4160699,65.9,0.385,0.0,BTC-27DEC19-3500-C,5552.92,22.55,0.37,1.0,0.595,1.0,154.98,9.73424,-1.2939,17.07805,7e-05,0.86895
5552.82,BTC-27SEP19,1556017143134,open,0.06,229.3,0.01878328,0.14709305,0.0554693,67.98,0.055,0.0,BTC-27DEC19-10000-C,5552.92,66.96,0.053,29.7,0.0575,10.0,68.81,13.57252,-1.86118,6.22937,0.0001,0.22066
5549.09,BTC-28JUN19,1556017143147,open,0.05,263.2,0.04035899,0.07715417,0.05286086,58.67,0.052,0.0,BTC-28JUN19-5000-P,5552.92,56.71,0.05,9.6,0.052,1.8,58.08,8.11705,-3.61443,-3.47059,0.00025,-0.29368
5552.92,index_price,1556017143157,open,0.22,0.0,0.21557673,0.21570331,0.21604893,99.81,None,0,BTC-26APR19-6750-P,5552.92,0.0,0.0005,20.2,0.28,0.1,379.98,0.19111,-3.31667,-0.52527,8e-05,-0.98458
5549.09,BTC-28JUN19,1556017143169,open,0.64,20.1,0.63958056,0.63961522,0.64025146,99.89,0.578,0.0,BTC-28JUN19-2000-C,5552.92,0.0,0.006,0.1,0.0,0.0,0.0,0.30646,-0.23236,3.55847,1e-05,0.99556
5552.92,index_price,1556017143169,open,0.09,47.8,0.08459329,0.1294651,0.09340533,56.9,0.091,0,BTC-31MAY19-5750-P,5552.92,55.02,0.091,9.6,0.0965,9.6,59.32,7.10156,-5.33468,-3.64564,0.00039,-0.53927
5552.92,index_price,1556017143169,open,0.0,3043.4,0.0,0.0,0.0,100.0,0.0005,0,BTC-26APR19-3250-P,5552.92,0.0,0.0,0.0,0.0005,32.0,253.89,0.0,0.0,0.0,0.0,0.0
5552.82,BTC-27SEP19,1556017143171,open,0.29,0.0,0.27451415,0.32243829,0.29096216,63.34,None,0.0,BTC-27SEP19-4250-C,5552.92,56.04,0.278,3.0,0.0,0.0,0.0,10.10621,-2.04014,12.21476,0.00012,0.80277
5552.82,BTC-27SEP19,1556017143173,open,0.09,30.0,0.07037088,0.12784864,0.09022622,63.09,0.086,0.0,BTC-27SEP19-4750-P,5552.92,60.71,0.085,9.6,0.0905,9.6,63.21,12.2434,-2.46182,-8.82348,0.00015,-0.27949
5552.82,BTC-27SEP19,1556017143177,open,0.35,35.5,0.32145052,0.43489937,0.35536294,65.9,0.3615,0.0,BTC-27DEC19-4000-C,5552.92,56.58,0.335,5.0,0.0,0.0,0.0,12.44327,-1.65401,17.12018,9e-05,0.80936
5552.82,BTC-27SEP19,1556017143181,open,0.21,2.4,0.18986769,0.2577432,0.21081534,62.01,0.284,0.0,BTC-27SEP19-6000-P,5552.92,60.55,0.207,7.2,0.215,7.2,63.61,14.52178,-2.87014,-16.84282,0.00018,-0.49491
5549.09,BTC-28JUN19,1556017143183,open,0.09,50.0,0.07147293,0.12996206,0.09341292,58.09,0.1075,0.0,BTC-28JUN19-5500-P,5552.92,57.25,0.092,5.8,0.0955,7.2,59.34,9.28604,-4.09444,-5.30888,0.00029,-0.43668
5549.09,BTC-28JUN19,1556017143183,open,0.15,35.5,0.13450946,0.17625269,0.14869916,58.59,0.204,0.0,BTC-28JUN19-6000-P,5552.92,56.96,0.146,7.2,0.1515,7.2,60.27,9.23751,-4.10772,-7.24917,0.00028,-0.57513
5552.92,index_price,1556017143183,open,0.2,9.7,0.19612754,0.22079102,0.20232051,60.8,0.14,0,BTC-31MAY19-4500-C,5552.92,35.75,0.191,5.0,0.0,0.0,0.0,3.59314,-2.8838,3.90085,0.00018,0.87929
5552.92,index_price,1556017143183,open,0.0,172.5,0.0,3.23e-06,2.836e-05,100.0,0.0005,0,BTC-26APR19-4250-P,5552.92,0.0,0.0,0.0,0.001,25.1,150.84,0.01838,-0.15746,-0.0005,1e-05,-0.00112
5552.92,index_price,1556017143183,open,0.28,0.0,0.26668147,0.29447196,0.27354369,61.08,None,0,BTC-31MAY19-7000-P,5552.92,0.0,0.0005,0.3,0.0,0.0,0.0,3.98841,-3.2158,-6.52962,0.0002,-0.85964
5549.09,BTC-28JUN19,1556017143187,open,0.01,82.8,0.00116213,0.01708038,0.00854133,66.2,0.011,0.0,BTC-28JUN19-3750-P,5552.92,63.11,0.007,17.9,0.0095,12.0,67.99,2.89966,-1.45696,-0.7116,8e-05,-0.06251
5549.09,BTC-28JUN19,1556017143187,open,0.03,1429.2,0.01652137,0.04831464,0.02979174,61.4,0.026,0.0,BTC-28JUN19-7000-C,5552.92,60.38,0.0285,0.1,0.031,9.6,62.35,7.04587,-3.28385,1.94138,0.00021,0.22364
5549.09,BTC-28JUN19,1556017143189,open,0.07,2341.1,0.0532511,0.09499432,0.06742326,58.58,0.0665,0.0,BTC-28JUN19-6000-C,5552.92,57.42,0.0655,6.2,0.069,7.7,59.52,9.23738,-4.10692,3.57958,0.00028,0.42484
5549.09,BTC-28JUN19,1556017143216,open,0.46,43.8,0.45945636,0.46174046,0.46222265,77.38,0.433,0.0,BTC-28JUN19-3000-C,5552.92,0.0,0.004,0.2,0.0,0.0,0.0,1.18562,-0.69637,5.17639,3e-05,0.97908
5552.92,index_price,1556017143216,open,0.02,51.8,0.00969786,0.04197015,0.01740872,60.05,0.015,0,BTC-31MAY19-6750-C,5552.92,58.97,0.0165,10.5,0.018,12.8,60.74,4.70621,-3.73077,0.94128,0.00024,0.18076
175.05,index_price,1556017143385,open,0.21,4.0,0.204849,0.213794,0.206617,80.96,0.188,0.2,ETH-3MAY19-140-C,175.05,0.0,0.202,137.0,0.21,50.0,99.93,0.02335,-0.16825,0.03582,0.00348,0.96287
175.05,index_price,1556017143649,open,0.16,0.0,0.149746,0.167051,0.152263,72.28,None,0.2,ETH-3MAY19-150-C,175.05,43.11,0.148,50.0,0.157,50.0,88.6,0.04287,-0.23051,0.03635,0.00715,0.91984
175.05,index_price,1556017143784,open,0.0,138.0,0.00202,0.019325,0.004537,72.28,0.004,0.2,ETH-3MAY19-150-P,175.05,59.88,0.002,600.0,0.005,130.0,74.13,0.04287,-0.14876,-0.00401,0.00715,-0.08016
180.61,ETH-27SEP19,1556017143818,open,0.11,211.0,0.084822,0.175132,0.108971,69.54,0.099,0.0,ETH-27SEP19-220-C,175.05,67.98,0.105,2.0,0.112,135.0,70.72,0.46257,-0.10252,0.24055,0.00474,0.41886
178.43,ETH-28JUN19,1556017143818,open,0.0,2226.0,3e-06,0.005037,0.002603,105.0,0.005,0.0,ETH-28JUN19-500-C,175.05,111.25,0.004,260.0,0.005,200.0,114.87,0.03427,-0.02732,0.0051,0.00057,0.01845
180.61,ETH-27SEP19,1556017143820,open,0.0,174.0,0.000169,0.005333,0.002267,82.18,0.001,0.0,ETH-27SEP19-60-P,175.05,73.2,0.001,1946.0,0.003,185.0,85.91,0.03242,-0.00849,-0.00977,0.00028,-0.01031
175.05,index_price,1556017143820,open,0.0,633.0,5e-06,0.001727,0.001024,104.99,0.001,0.2,ETH-26APR19-210-C,175.05,104.58,0.001,450.0,0.002,20.0,118.23,0.01039,-0.17932,0.00039,0.0041,0.02939
178.43,ETH-28JUN19,1556017143822,open,0.69,0.0,0.683846,0.727137,0.696266,84.17,None,0.0,ETH-28JUN19-300-P,175.05,0.0,0.002,15.0,0.0,0.0,0.0,0.13426,-0.08577,-0.51364,0.00278,-0.89873
178.43,ETH-28JUN19,1556017143822,open,0.17,1073.0,0.156431,0.239106,0.165724,66.35,0.164,0.0,ETH-28JUN19-160-C,175.05,63.13,0.161,60.0,0.166,113.0,66.53,0.2631,-0.13249,0.17243,0.0069,0.70116
178.43,ETH-28JUN19,1556017143824,open,0.14,1165.0,0.124412,0.212954,0.134649,66.35,0.125,0.0,ETH-28JUN19-170-C,175.05,63.47,0.13,60.0,0.137,118.0,67.8,0.28798,-0.14502,0.15718,0.00755,0.62272
178.43,ETH-28JUN19,1556017143824,open,0.19,1851.0,0.178519,0.270534,0.191339,67.88,0.21,0.0,ETH-28JUN19-200-P,175.05,64.0,0.185,64.0,0.194,154.0,69.5,0.29299,-0.15095,-0.25462,0.00751,-0.59931
180.61,ETH-27SEP19,1556017143831,open,0.12,1697.0,0.096788,0.177704,0.114847,67.82,0.112,0.0,ETH-27SEP19-160-P,175.05,64.43,0.107,107.0,0.116,120.0,68.32,0.41794,-0.09034,-0.33007,0.0044,-0.31036
178.43,ETH-28JUN19,1556017143831,open,0.44,0.0,0.44031,0.460288,0.442799,75.06,None,0.0,ETH-28JUN19-100-C,175.05,0.0,0.006,5.0,0.0,0.0,0.0,0.04299,-0.02449,0.17167,0.001,0.97588
180.61,ETH-27SEP19,1556017143831,open,0.81,1.0,0.788562,0.849895,0.814439,77.22,0.93,0.0,ETH-27SEP19-320-P,175.05,0.0,0.003,6.0,0.84,1.0,90.36,0.32165,-0.07916,-1.26073,0.00297,-0.80968
180.61,ETH-27SEP19,1556017143833,open,0.04,229.0,0.016789,0.078121,0.042666,77.22,0.042,0.0,ETH-27SEP19-320-C,175.05,75.71,0.04,120.0,0.045,149.0,78.52,0.32165,-0.07916,0.11462,0.00297,0.19032
178.43,ETH-28JUN19,1556017143833,open,0.55,0.0,0.551683,0.558377,0.553343,90.46,None,0.0,ETH-28JUN19-80-C,175.05,0.0,0.002,1.0,0.0,0.0,0.0,0.0225,-0.01545,0.14019,0.00043,0.98868
180.61,ETH-27SEP19,1556017143833,open,0.07,582.0,0.044625,0.125852,0.065389,69.78,0.071,0.0,ETH-27SEP19-260-C,175.05,70.5,0.067,60.0,0.074,136.0,73.59,0.40208,-0.08943,0.17058,0.00411,0.28514
178.43,ETH-28JUN19,1556017143838,open,0.03,2663.0,0.020507,0.084776,0.027108,66.67,0.033,0.0,ETH-28JUN19-140-P,175.05,64.6,0.025,60.0,0.028,120.0,67.53,0.18378,-0.09299,-0.05998,0.0048,-0.15913
175.05,index_price,1556017143838,open,0.0,247.0,2.7e-05,0.002686,0.00095,93.7,0.002,0,ETH-26APR19-150-P,175.05,0.0,0.0,0.0,0.002,250.0,107.91,0.01022,-0.16638,-0.00041,0.00452,-0.02882
180.61,ETH-27SEP19,1556017143840,open,0.37,77.0,0.360048,0.411558,0.370832,68.31,0.368,0.0,ETH-27SEP19-120-C,175.05,0.0,0.002,6.0,0.0,0.0,0.0,0.24752,-0.05389,0.3892,0.00258,0.87221
180.61,ETH-27SEP19,1556017143842,open,1.24,0.0,1.219338,1.2576,1.241015,83.82,None,0.0,ETH-27SEP19-400-P,175.05,0.0,0.001,9.0,0.0,0.0,0.0,0.23763,-0.06348,-1.64602,0.00202,-0.87944
175.05,index_price,1556017143844,open,0.09,115.0,0.086934,0.09612,0.088902,77.34,0.094,0,ETH-26APR19-160-C,175.05,78.02,0.089,113.0,0.094,50.0,105.43,0.02513,-0.33786,0.01133,0.01346,0.91051
178.43,ETH-28JUN19,1556017143848,open,0.01,1225.0,0.002212,0.031959,0.006139,72.93,0.007,0.0,ETH-28JUN19-110-P,175.05,69.84,0.005,62.0,0.006,259.0,72.57,0.06936,-0.0384,-0.01585,0.00166,-0.04307
178.43,ETH-28JUN19,1556017143848,open,0.25,337.0,0.235886,0.300154,0.242486,66.67,0.242,0.0,ETH-28JUN19-140-C,175.05,60.12,0.236,134.0,0.244,134.0,68.12,0.18378,-0.09299,0.1927,0.0048,0.84087
180.61,ETH-27SEP19,1556017143853,open,0.25,1044.0,0.223382,0.314643,0.245959,68.64,0.242,0.0,ETH-27SEP19-200-P,175.05,65.98,0.239,50.0,0.248,90.0,69.42,0.47237,-0.10334,-0.57956,0.00491,-0.50065
178.43,ETH-28JUN19,1556017143853,open,0.08,1827.0,0.057632,0.149646,0.07047,67.89,0.078,0.0,ETH-28JUN19-200-C,175.05,65.16,0.066,306.0,0.073,123.0,69.43,0.293,-0.15098,0.10635,0.00751,0.40072
180.61,ETH-27SEP19,1556017143855,open,1.13,1.0,1.110341,1.153614,1.133674,82.57,1.285,0.0,ETH-27SEP19-380-P,175.05,0.0,0.161,1.0,0.0,0.0,0.0,0.25695,-0.06762,-1.55156,0.00222,-0.8651
180.61,ETH-27SEP19,1556017143857,open,1.02,0.0,1.002019,1.050833,1.027177,81.35,None,0.0,ETH-27SEP19-360-P,175.05,0.0,0.01,4.0,1.042,1.0,90.22,0.27888,-0.07231,-1.45538,0.00245,-0.8477
178.43,ETH-28JUN19,1556017143857,open,0.01,270.0,0.001273,0.036302,0.013016,88.71,0.012,0.0,ETH-28JUN19-320-C,175.05,87.16,0.012,30.0,0.013,118.0,88.69,0.11969,-0.08059,0.02372,0.00235,0.08667
178.43,ETH-28JUN19,1556017143860,open,0.39,10.0,0.385724,0.415471,0.389651,72.93,0.265,0.0,ETH-28JUN19-110-C,175.05,0.0,0.002,8.0,0.0,0.0,0.0,0.06936,-0.0384,0.18268,0.00166,0.95693
178.43,ETH-28JUN19,1556017143863,open,1.02,0.0,1.017917,1.040562,1.026984,95.01,None,0.0,ETH-28JUN19-360-P,175.05,0.0,0.002,2.0,0.0,0.0,0.0,0.0928,-0.06693,-0.63274,0.0017,-0.93786
178.43,ETH-28JUN19,1556017143866,open,0.29,325.0,0.282546,0.335355,0.288361,68.01,0.268,0.0,ETH-28JUN19-130-C,175.05,0.0,0.14,50.0,0.685,1.0,420.38,0.1401,-0.07231,0.19459,0.00359,0.89261
175.05,index_price,1556017143884,open,0.0,6.0,0.0,0.00046,0.000228,105.0,0.002,0,ETH-26APR19-140-P,175.05,0.0,0.0,0.0,0.002,496.0,146.07,0.00313,-0.03998,-0.0001,0.00123,-0.00726
180.61,ETH-27SEP19,1556017143898,open,0.04,1638.0,0.024463,0.075973,0.035247,68.31,0.037,0.0,ETH-27SEP19-120-P,175.05,65.9,0.032,352.0,0.038,210.0,70.29,0.24752,-0.05389,-0.12656,0.00258,-0.12779
180.61,ETH-27SEP19,1556017143906,open,0.57,0.0,0.558867,0.575017,0.563475,74.8,None,0.0,ETH-27SEP19-80-C,175.05,0.0,0.001,4.0,0.0,0.0,0.0,0.07683,-0.01832,0.31686,0.00073,0.97167
180.61,ETH-27SEP19,1556017143914,open,0.02,57.0,0.001325,0.024469,0.0187,89.79,0.018,0.0,ETH-27SEP19-480-C,175.05,88.1,0.017,65.0,0.018,113.0,89.1,0.18579,-0.05317,0.0522,0.00148,0.08595
178.43,ETH-28JUN19,1556017143919,open,0.34,25.0,0.332817,0.373794,0.337613,69.82,0.315,0.0,ETH-28JUN19-120-C,175.05,0.0,0.002,10.0,0.0,0.0,0.0,0.1003,-0.05315,0.19119,0.0025,0.93132
180.61,ETH-27SEP19,1556017143919,open,0.42,121.0,0.390473,0.477115,0.413512,69.78,0.507,0.0,ETH-27SEP19-240-P,175.05,64.54,0.401,31.0,0.424,31.0,74.07,0.43732,-0.09727,-0.82767,0.00447,-0.65272
178.43,ETH-28JUN19,1556017143935,open,0.02,1716.0,0.011123,0.063932,0.016938,68.01,0.016,0.0,ETH-28JUN19-130-P,175.05,65.48,0.015,60.0,0.017,114.0,68.08,0.1401,-0.07231,-0.04004,0.00359,-0.10739
180.61,ETH-27SEP19,1556017143940,open,0.33,448.0,0.302916,0.393226,0.327014,69.52,0.322,0.0,ETH-27SEP19-220-P,175.05,65.98,0.318,99.0,0.33,39.0,70.68,0.46255,-0.10249,-0.70502,0.00475,-0.58122
178.43,ETH-28JUN19,1556017143940,open,0.5,0.0,0.495801,0.508035,0.49768,80.8,None,0.0,ETH-28JUN19-90-C,175.05,0.0,0.002,1.0,0.0,0.0,0.0,0.02899,-0.01778,0.15688,0.00062,0.98483
180.61,ETH-27SEP19,1556017143940,open,0.18,284.0,0.15735,0.245786,0.177325,67.82,0.183,0.0,ETH-27SEP19-180-C,175.05,67.3,0.176,1.0,0.181,60.0,69.26,0.46005,-0.09944,0.32106,0.00484,0.59092
175.05,index_price,1556017143940,open,0.0,146.0,0.000958,0.010145,0.002926,77.34,0.004,0,ETH-26APR19-160-P,175.05,70.32,0.002,10.0,0.004,250.0,84.3,0.02513,-0.33786,-0.00127,0.01346,-0.08949
180.61,ETH-27SEP19,1556017143942,open,0.14,367.0,0.116024,0.207285,0.1386,68.64,0.13,0.0,ETH-27SEP19-200-C,175.05,67.64,0.136,99.0,0.142,60.0,69.94,0.47237,-0.10334,0.28003,0.00491,0.49935
180.61,ETH-27SEP19,1556017143942,open,0.01,820.0,0.00181,0.017961,0.006396,74.74,0.012,0.0,ETH-27SEP19-80-P,175.05,68.36,0.004,300.0,0.008,146.0,78.29,0.07668,-0.01827,-0.02691,0.00073,-0.02827
178.43,ETH-28JUN19,1556017143949,open,0.24,1513.0,0.220484,0.309835,0.232959,68.2,0.232,0.0,ETH-28JUN19-210-P,175.05,64.98,0.228,54.0,0.238,54.0,71.42,0.27717,-0.14347,-0.28815,0.00707,-0.66183
175.05,index_price,1556017143949,open,0.0,10.0,0.0,2e-06,0.0,105.0,0.001,0,ETH-26APR19-120-P,175.05,0.0,0.0,0.0,0.001,30.0,203.8,1e-05,-8e-05,0.0,1e-05,-2e-05
175.05,index_price,1556017143949,open,0.2,160.0,0.200229,0.200688,0.200457,105.0,0.177,0,ETH-26APR19-140-C,175.05,0.0,0.2,140.0,0.203,50.0,155.87,0.00313,-0.05712,0.01093,0.00123,0.99274
178.43,ETH-28JUN19,1556017143963,open,0.21,372.0,0.193664,0.268115,0.201592,66.35,0.195,0.0,ETH-28JUN19-150-C,175.05,61.9,0.196,90.0,0.203,121.0,67.45,0.22712,-0.11438,0.18478,0.00596,0.77538
180.61,ETH-27SEP19,1556017143963,open,0.92,0.0,0.894637,0.949497,0.919684,78.93,None,0.0,ETH-27SEP19-340-P,175.05,0.0,0.003,6.0,0.94,1.0,90.23,0.29688,-0.07469,-1.36008,0.00268,-0.83242
180.61,ETH-27SEP19,1556017143968,open,0.03,854.0,0.00636,0.049633,0.029809,82.65,0.03,0.0,ETH-27SEP19-380-C,175.05,80.63,0.027,60.0,0.031,143.0,83.48,0.25741,-0.06781,0.08185,0.00222,0.13525
180.61,ETH-27SEP19,1556017143973,open,0.09,512.0,0.061643,0.148285,0.084696,69.79,0.079,0.0,ETH-27SEP19-240-C,175.05,68.67,0.082,180.0,0.09,141.0,71.97,0.43733,-0.09728,0.20385,0.00447,0.3473
178.43,ETH-28JUN19,1556017143973,open,0.0,1784.0,0.0002,0.012434,0.002051,80.62,0.006,0.0,ETH-28JUN19-90-P,175.05,72.56,0.001,5.0,0.003,327.0,85.83,0.02875,-0.01759,-0.0055,0.00062,-0.01502
180.61,ETH-27SEP19,1556017143975,open,0.67,0.0,0.667961,0.673125,0.670077,82.28,None,0.0,ETH-27SEP19-60-C,175.05,0.0,0.001,4.0,0.0,0.0,0.0,0.03258,-0.00854,0.24805,0.00028,0.98963
175.05,index_price,1556017143975,open,0.26,1.0,0.257355,0.2574,0.25737,105.0,0.232,0,ETH-26APR19-130-C,175.05,0.0,0.003,6.0,0.339,2.0,500.0,0.00033,-0.00596,0.01023,0.00013,0.9994
5552.92,index_price,1556017143980,open,0.06,0.0,0.06021407,0.07711053,0.06303638,64.44,None,0,BTC-26APR19-5875-P,5552.92,59.63,0.062,4.0,0.065,4.1,72.73,1.24368,-13.93396,-0.39103,0.00079,-0.83076
175.05,index_price,1556017144006,open,0.2,0.0,0.197774,0.199495,0.198793,104.99,None,0.2,ETH-26APR19-210-P,175.05,0.0,0.192,71.0,0.261,1.0,363.7,0.01039,-0.07759,-0.01613,0.0041,-0.97061
175.05,index_price,1556017144006,open,0.32,1.0,0.314482,0.314484,0.314482,105.0,0.291,0,ETH-26APR19-120-C,175.05,0.0,0.202,1.0,0.416,1.0,500.0,1e-05,-0.00026,0.00945,1e-05,0.99998
180.61,ETH-27SEP19,1556017144008,open,0.02,7.0,0.00246,0.032244,0.021955,86.96,0.018,0.0,ETH-27SEP19-440-C,175.05,85.23,0.02,210.0,0.022,133.0,87.0,0.20908,-0.05795,0.06124,0.00171,0.10084
178.43,ETH-28JUN19,1556017144010,open,0.0,1990.0,0.000754,0.020732,0.003241,75.05,0.005,0.0,ETH-28JUN19-100-P,175.05,69.15,0.002,60.0,0.004,278.0,78.01,0.04298,-0.02448,-0.00881,0.001,-0.02411
178.43,ETH-28JUN19,1556017144028,open,0.01,848.0,0.00535,0.046326,0.010141,69.81,0.009,0.0,ETH-28JUN19-120-P,175.05,67.73,0.009,60.0,0.01,150.0,69.56,0.10028,-0.05314,-0.02538,0.0025,-0.06866
178.43,ETH-28JUN19,1556017144030,open,0.38,1687.0,0.362853,0.43808,0.37808,73.56,0.449,0.0,ETH-28JUN19-240-P,175.05,63.07,0.366,35.0,0.383,1.0,77.44,0.22093,-0.12335,-0.37485,0.00523,-0.78593
180.61,ETH-27SEP19,1556017144037,open,0.04,407.0,0.012128,0.066987,0.037272,78.99,0.039,0.0,ETH-27SEP19-340-C,175.05,76.96,0.034,180.0,0.039,126.0,80.03,0.2972,-0.07482,0.10137,0.00268,0.16785
175.05,index_price,1556017144039,open,0.0,20.0,0.0,4.5e-05,1.5e-05,105.0,0.003,0,ETH-26APR19-130-P,175.05,0.0,0.0,0.0,0.001,110.0,165.46,0.00033,-0.00268,-1e-05,0.00013,-0.0006
180.61,ETH-27SEP19,1556017144042,open,0.06,314.0,0.032233,0.10708,0.057375,73.14,0.064,0.0,ETH-27SEP19-280-C,175.05,71.99,0.055,60.0,0.061,135.0,74.87,0.37624,-0.08771,0.1495,0.00367,0.24996
180.61,ETH-27SEP19,1556017144042,open,1.45,0.0,1.438648,1.468433,1.458144,86.96,None,0.0,ETH-27SEP19-440-P,175.05,0.0,0.001,1.0,0.0,0.0,0.0,0.20908,-0.05795,-1.82987,0.00171,-0.89916
175.05,index_price,1556017144047,open,0.01,14.0,0.008359,0.03538,0.013572,72.28,0.012,0.2,ETH-3MAY19-160-P,175.05,66.44,0.011,2.0,0.016,200.0,77.52,0.07929,-0.27017,-0.00986,0.01323,-0.19459
180.61,ETH-27SEP19,1556017144048,open,0.6,0.0,0.582535,0.657382,0.607677,73.14,None,0.0,ETH-27SEP19-280-P,175.05,0.0,0.004,5.0,0.646,2.0,90.25,0.37624,-0.08771,-1.05393,0.00367,-0.75004
178.43,ETH-28JUN19,1556017144050,open,0.16,2136.0,0.140271,0.233275,0.153074,67.59,0.15,0.0,ETH-28JUN19-190-P,175.05,63.99,0.147,132.0,0.154,90.0,68.14,0.30155,-0.1547,-0.21997,0.00776,-0.52998
180.61,ETH-27SEP19,1556017144050,open,1.67,0.0,1.658985,1.682129,1.676216,89.65,None,0.0,ETH-27SEP19-480-P,175.05,0.0,0.001,1.0,0.0,0.0,0.0,0.18502,-0.05287,-2.01108,0.00147,-0.91453
178.43,ETH-28JUN19,1556017144050,open,0.02,1315.0,0.004911,0.057917,0.018778,80.7,0.02,0.0,ETH-28JUN19-280-C,175.05,78.64,0.017,60.0,0.02,259.0,82.07,0.1574,-0.09642,0.03471,0.00339,0.12656
180.61,ETH-27SEP19,1556017144050,open,0.03,112.0,0.004621,0.042883,0.026298,83.82,0.026,0.0,ETH-27SEP19-400-C,175.05,82.03,0.024,210.0,0.027,117.0,84.35,0.23763,-0.06348,0.07317,0.00202,0.12056
178.43,ETH-28JUN19,1556017144054,open,0.07,2487.0,0.053141,0.135816,0.062434,66.35,0.064,0.0,ETH-28JUN19-160-P,175.05,64.69,0.06,60.0,0.063,244.0,66.73,0.2631,-0.13249,-0.11634,0.0069,-0.29884
180.61,ETH-27SEP19,1556017144058,open,0.3,155.0,0.278308,0.346654,0.292944,67.82,0.278,0.0,ETH-27SEP19-140-C,175.05,64.15,0.286,115.0,0.297,85.0,69.94,0.34434,-0.07443,0.38331,0.00362,0.78674
178.43,ETH-28JUN19,1556017144064,open,0.09,545.0,0.075428,0.168432,0.088231,67.59,0.087,0.0,ETH-28JUN19-190-C,175.05,67.45,0.088,9.0,0.09,90.0,68.64,0.30155,-0.1547,0.12295,0.00776,0.47002
178.43,ETH-28JUN19,1556017144068,open,0.05,3352.0,0.034329,0.108781,0.042242,66.34,0.042,0.0,ETH-28JUN19-150-P,175.05,64.57,0.04,60.0,0.042,120.0,66.15,0.22711,-0.11435,-0.08593,0.00596,-0.22459
178.43,ETH-28JUN19,1556017144068,open,0.0,1501.0,3.8e-05,0.006732,0.001698,90.45,0.004,0.0,ETH-28JUN19-80-P,175.05,83.94,0.001,1999.0,0.002,200.0,92.73,0.0225,-0.01545,-0.00419,0.00043,-0.01131
178.43,ETH-28JUN19,1556017144068,open,0.59,0.0,0.574154,0.62716,0.587933,80.6,None,0.0,ETH-28JUN19-280-P,175.05,0.0,0.004,12.0,0.0,0.0,0.0,0.15707,-0.09609,-0.47073,0.00339,-0.87382
180.61,ETH-27SEP19,1556017144068,open,0.03,120.0,0.008774,0.057588,0.033932,81.35,0.026,0.0,ETH-27SEP19-360-C,175.05,80.09,0.032,45.0,0.035,146.0,82.04,0.27888,-0.07231,0.09188,0.00245,0.1523
175.05,index_price,1556017144068,open,0.14,100.0,0.142644,0.147437,0.14594,104.93,0.153,0,ETH-26APR19-200-P,175.05,0.0,0.14,50.0,0.146,50.0,105.38,0.02379,-0.43401,-0.01466,0.00939,-0.91682
178.43,ETH-28JUN19,1556017144070,open,0.48,0.0,0.4666,0.530508,0.48154,77.12,None,0.0,ETH-28JUN19-260-P,175.05,0.0,0.002,15.0,0.0,0.0,0.0,0.18611,-0.10894,-0.42486,0.0042,-0.83777
180.61,ETH-27SEP19,1556017144072,open,0.07,1492.0,0.053459,0.121805,0.068095,67.82,0.074,0.0,ETH-27SEP19-140-P,175.05,65.13,0.063,186.0,0.07,120.0,68.82,0.34434,-0.07443,-0.21841,0.00362,-0.21326
180.61,ETH-27SEP19,1556017144072,open,0.23,107.0,0.210901,0.291817,0.22896,67.82,0.207,0.0,ETH-27SEP19-160-C,175.05,64.81,0.222,90.0,0.231,60.0,68.7,0.41794,-0.09034,0.3576,0.0044,0.68964
178.43,ETH-28JUN19,1556017144074,open,0.8,0.0,0.794693,0.829722,0.806437,88.71,None,0.0,ETH-28JUN19-320-P,175.05,0.0,0.002,15.0,0.0,0.0,0.0,0.11969,-0.08059,-0.55382,0.00235,-0.91333
180.61,ETH-27SEP19,1556017144090,open,0.05,492.0,0.023262,0.091343,0.050341,75.85,0.052,0.0,ETH-27SEP19-300-C,175.05,74.11,0.047,60.0,0.052,149.0,76.7,0.35068,-0.08478,0.13178,0.0033,0.2201
178.43,ETH-28JUN19,1556017144090,open,0.12,4460.0,0.106321,0.198263,0.116925,66.29,0.118,0.0,ETH-28JUN19-180-P,175.05,65.15,0.115,60.0,0.119,90.0,67.52,0.30059,-0.15124,-0.1846,0.00789,-0.45632
178.43,ETH-28JUN19,1556017144090,open,1.25,0.0,1.241855,1.256457,1.249627,102.23,None,0.0,ETH-28JUN19-400-P,175.05,0.0,0.002,2.0,0.0,0.0,0.0,0.0786,-0.06099,-0.70824,0.00134,-0.94966
5552.92,index_price,1556017144128,open,0.02,17.0,0.01262909,0.05697388,0.02259021,56.49,0.0245,0,BTC-3MAY19-5750-C,5552.92,53.11,0.0205,6.0,0.0235,9.8,57.95,3.45208,-9.8728,0.52364,0.00073,0.37112
5549.07,BTC-28JUN19,1556017144129,open,0.04,60.0,0.02362974,0.07621043,0.04350141,59.13,0.045,0.0,BTC-28JUN19-6500-C,5552.92,58.46,0.0425,6.6,0.046,9.6,60.8,8.2827,-3.7172,2.64005,0.00025,0.30711
5549.07,BTC-28JUN19,1556017144144,open,0.02,117.2,0.00618101,0.0364149,0.01872086,62.09,0.0225,0.0,BTC-28JUN19-4250-P,5552.92,61.26,0.018,0.1,0.0195,12.0,62.96,4.89368,-2.30616,-1.45453,0.00014,-0.12651
5552.92,index_price,1556017144144,open,0.01,55.9,0.00100275,0.02958138,0.00639368,61.46,0.0045,0,BTC-3MAY19-6250-C,5552.92,57.28,0.005,58.1,0.007,8.1,63.15,1.94777,-6.06062,0.18799,0.00038,0.13151
175.05,index_price,1556017144210,open,0.01,80.0,0.000225,0.007397,0.004566,89.16,0.006,0.2,ETH-3MAY19-220-C,175.05,81.6,0.003,350.0,0.006,55.0,94.97,0.04025,-0.18836,0.00328,0.00545,0.07379
5552.92,index_price,1556017144274,open,0.08,90.5,0.06875848,0.11320701,0.07734729,56.75,0.0715,0,BTC-31MAY19-5500-C,5552.92,54.12,0.074,9.6,0.0795,9.6,58.44,7.06278,-5.29124,2.76481,0.00039,0.55717
175.05,index_price,1556017144325,open,0.03,54.0,0.024004,0.058261,0.031421,72.12,0.025,0.2,ETH-3MAY19-170-P,175.05,64.93,0.027,123.0,0.034,200.0,76.3,0.10798,-0.35652,-0.01866,0.01806,-0.36254
5549.07,BTC-28JUN19,1556017144370,open,0.1,222.9,0.08031771,0.13880697,0.10224918,58.08,0.1,0.0,BTC-28JUN19-5500-C,5552.92,57.04,0.1005,6.5,0.1035,0.1,58.83,9.28605,-4.09374,4.61765,0.00029,0.56331
5549.07,BTC-28JUN19,1556017144441,open,0.04,60.0,0.02362974,0.07621043,0.04350141,59.13,0.045,0.0,BTC-28JUN19-6500-C,5552.92,58.46,0.0425,6.4,0.046,9.6,60.8,8.2827,-3.7172,2.64005,0.00025,0.30711
5549.07,BTC-28JUN19,1556017144444,open,0.01,426.4,0.00089437,0.00829427,0.00547955,68.35,0.006,0.0,BTC-28JUN19-3500-P,5552.92,65.62,0.0045,26.8,0.006,0.1,69.69,2.09719,-1.08794,-0.47152,6e-05,-0.0416
175.05,index_price,1556017144456,open,0.04,216.0,0.029467,0.06538,0.03733,72.12,0.046,0.2,ETH-3MAY19-180-C,175.05,63.92,0.032,272.0,0.042,272.0,79.29,0.1139,-0.45534,0.01946,0.01905,0.44824
5549.07,BTC-28JUN19,1556017144471,open,0.1,222.9,0.08031771,0.13880697,0.10224918,58.08,0.1,0.0,BTC-28JUN19-5500-C,5552.92,57.04,0.1005,6.1,0.1035,0.1,58.83,9.28605,-4.09374,4.61765,0.00029,0.56331
175.05,index_price,1556017144481,open,0.25,0.0,0.250226,0.257398,0.254567,89.16,None,0.2,ETH-3MAY19-220-P,175.05,0.0,0.25,55.0,0.334,4.0,249.83,0.04025,-0.06846,-0.05593,0.00545,-0.92621
5549.09,BTC-28JUN19,1556017144487,open,0.07,2341.1,0.0532511,0.09499432,0.06742904,58.58,0.0665,0.0,BTC-28JUN19-6000-C,5552.92,57.42,0.0655,6.1,0.069,7.7,59.52,9.23738,-4.10692,3.57958,0.00028,0.42484
5549.07,BTC-28JUN19,1556017144507,open,0.0,515.7,2e-08,3.468e-05,0.0006767,100.0,0.0005,0.0,BTC-28JUN19-2000-P,5552.92,96.47,0.0005,113.8,0.001,109.6,105.05,0.30832,-0.23402,-0.05152,1e-05,-0.00447
5549.09,BTC-28JUN19,1556017144535,open,0.09,50.0,0.07147293,0.12996206,0.09340435,58.09,0.1075,0.0,BTC-28JUN19-5500-P,5552.92,57.25,0.092,6.2,0.0955,7.2,59.34,9.28604,-4.09444,-5.30888,0.00029,-0.43668
5549.09,BTC-28JUN19,1556017144569,open,0.0,686.3,2.94e-06,0.00042088,0.00186202,91.22,0.0015,0.0,BTC-28JUN19-2500-P,5552.92,83.48,0.001,32.3,0.003,37.4,98.45,0.74598,-0.51646,-0.14065,1e-05,-0.01218
5549.09,BTC-28JUN19,1556017144571,open,0.01,82.8,0.00116213,0.01708038,0.0085401,66.2,0.011,0.0,BTC-28JUN19-3750-P,5552.92,63.11,0.007,18.0,0.0095,12.0,67.99,2.89966,-1.45696,-0.7116,8e-05,-0.06251
5549.09,BTC-28JUN19,1556017144574,open,0.07,2341.1,0.0532511,0.09499432,0.06742904,58.58,0.0665,0.0,BTC-28JUN19-6000-C,5552.92,57.42,0.0655,5.8,0.069,7.7,59.52,9.23738,-4.10692,3.57958,0.00028,0.42484
175.05,index_price,1556017144587,open,0.06,6.0,0.052195,0.088109,0.060058,72.12,0.073,0.2,ETH-3MAY19-180-P,175.05,65.88,0.056,150.0,0.065,150.0,79.71,0.1139,-0.35724,-0.02898,0.01905,-0.55176
5549.09,BTC-28JUN19,1556017144620,open,0.0,65.9,0.00011152,0.00635657,0.0041039,73.2,0.006,0.0,BTC-28JUN19-3250-P,5552.92,71.04,0.0035,4.4,0.005,12.0,76.1,1.61928,-0.89969,-0.34501,4e-05,-0.03034
5552.92,index_price,1556017144696,open,0.06,25.0,0.04812033,0.09246512,0.05808144,56.49,0.055,0,BTC-3MAY19-5750-P,5552.92,53.12,0.056,12.0,0.059,7.9,57.96,3.45207,-9.87265,-1.03212,0.00073,-0.62888
175.05,index_price,1556017144725,open,0.02,124.0,0.012858,0.044881,0.021743,76.51,0.02,0.2,ETH-3MAY19-190-C,175.05,66.06,0.016,454.0,0.025,342.0,82.2,0.09901,-0.40954,0.01284,0.01561,0.2928
175.05,index_price,1556017144852,open,0.1,2.0,0.092404,0.124428,0.101289,76.51,0.107,0.2,ETH-3MAY19-190-P,175.05,70.61,0.098,176.0,0.106,50.0,84.7,0.09901,-0.30599,-0.03829,0.01561,-0.7072
175.05,index_price,1556017144980,open,0.01,106.0,0.004834,0.029936,0.011899,79.03,0.012,0.2,ETH-3MAY19-200-C,175.05,71.97,0.009,477.0,0.015,150.0,85.96,0.07534,-0.31751,0.00792,0.0115,0.1792
5549.07,BTC-28JUN19,1556017145194,open,0.1,222.9,0.08031771,0.13880697,0.10224921,58.08,0.1,0.0,BTC-28JUN19-5500-C,5552.92,57.04,0.1005,6.2,0.1035,0.1,58.83,9.28605,-4.09374,4.61765,0.00029,0.56331
5552.92,index_price,1556017145232,open,0.08,32.2,0.07766016,0.08914249,0.07922152,65.63,0.052,0,BTC-26APR19-5125-C,5552.92,59.62,0.0785,5.7,0.0805,8.6,74.3,0.73205,-8.35336,0.36788,0.00046,0.9201
178.43,ETH-28JUN19,1556017145298,open,0.17,1073.0,0.156431,0.239106,0.165723,66.35,0.164,0.0,ETH-28JUN19-160-C,175.05,63.13,0.161,60.0,0.166,114.0,66.53,0.2631,-0.13249,0.17243,0.0069,0.70116
178.43,ETH-28JUN19,1556017145300,open,0.11,2976.0,0.097522,0.189464,0.108126,66.29,0.116,0.0,ETH-28JUN19-180-C,175.05,63.84,0.104,307.0,0.112,90.0,68.59,0.30059,-0.15124,0.14026,0.00789,0.54368
178.43,ETH-28JUN19,1556017145305,open,0.14,1165.0,0.124412,0.212954,0.134648,66.35,0.125,0.0,ETH-28JUN19-170-C,175.05,63.47,0.13,60.0,0.137,119.0,67.8,0.28798,-0.14502,0.15718,0.00755,0.62272
178.43,ETH-28JUN19,1556017145313,open,0.08,1827.0,0.057632,0.149646,0.070451,67.89,0.078,0.0,ETH-28JUN19-200-C,175.05,65.16,0.066,306.0,0.073,124.0,69.43,0.293,-0.15098,0.10635,0.00751,0.40072
178.43,ETH-28JUN19,1556017145350,open,0.16,2136.0,0.140271,0.233275,0.153074,67.59,0.15,0.0,ETH-28JUN19-190-P,175.05,63.99,0.147,133.0,0.154,90.0,68.14,0.30155,-0.1547,-0.21997,0.00776,-0.52998
5552.92,index_price,1556017145368,open,0.0,221.5,0.000598,0.01208033,0.00215936,65.63,0.003,0,BTC-26APR19-5125-P,5552.92,64.4,0.002,6.5,0.003,10.0,71.52,0.73205,-8.35336,-0.0359,0.00046,-0.0799
175.05,index_price,1556017145375,open,0.2,0.0,0.194761,0.212629,0.200846,85.5,None,0.2,ETH-3MAY19-210-P,175.05,61.59,0.195,70.0,0.268,3.0,213.31,0.05688,-0.14235,-0.05129,0.00802,-0.88211
5552.92,index_price,1556017145517,open,0.04,75.3,0.03792957,0.05809217,0.04033647,58.69,0.0435,0,BTC-26APR19-5375-C,5552.92,53.94,0.039,6.1,0.04,0.2,57.51,1.59067,-16.23207,0.30721,0.00112,0.74253
175.06,index_price,1556017145560,open,0.0,0.0,0.000304,0.009243,0.002073,80.97,None,0.2,ETH-3MAY19-140-P,175.06,0.0,0.0,0.0,0.004,500.0,92.88,0.02335,-0.09196,-0.00186,0.00348,-0.03712
175.06,index_price,1556017145560,open,0.26,0.0,0.26143,0.265155,0.26235,89.93,None,0.2,ETH-3MAY19-130-C,175.06,0.0,0.001,10.0,0.348,2.0,338.66,0.01208,-0.12415,0.03414,0.00162,0.9831
175.06,index_price,1556017145560,open,0.0,0.0,2.5e-05,0.00375,0.000987,90.53,None,0.2,ETH-3MAY19-130-P,175.06,0.0,0.0,0.0,0.002,5.0,101.8,0.01242,-0.05517,-0.00087,0.00165,-0.01746
5552.92,index_price,1556017145666,open,0.01,65.1,0.00588877,0.02605137,0.00829567,58.69,0.008,0,BTC-26APR19-5375-P,5552.92,57.65,0.008,0.6,0.0095,16.0,62.84,1.59067,-16.23207,-0.11627,0.00112,-0.25747
5552.92,index_price,1556017145810,open,0.01,43.7,0.01207554,0.03480487,0.01512137,58.86,0.0135,0,BTC-26APR19-5625-C,5552.92,57.06,0.0145,6.7,0.016,12.0,61.4,1.91901,-19.63947,0.17392,0.00134,0.41265
5549.0,BTC-28JUN19,1556017145848,open,0.0,780.7,0.0,3.84e-06,0.00028368,100.0,0.0005,0.0,BTC-28JUN19-20000-C,5552.92,0.0,0.0,0.0,0.001,12.3,112.57,0.18374,-0.13946,0.02232,0.0,0.00251
5552.89,BTC-27SEP19,1556017145848,open,1.73,0.0,1.70304347,1.77220475,1.72545259,76.23,None,0.0,BTC-27DEC19-15000-P,5552.92,0.0,0.0,0.0,0.0,0.0,0.0,8.17414,-1.25697,-98.91402,5e-05,-0.89754
5552.89,BTC-27SEP19,1556017145850,open,1.2,0.0,1.16815208,1.26924168,1.19829759,71.31,None,0.0,BTC-27DEC19-12000-P,5552.92,0.0,0.0005,0.2,0.0,0.0,0.0,10.87874,-1.56478,-77.07398,7e-05,-0.84555
5552.92,index_price,1556017145856,open,0.55,0.2,0.54978642,0.54978642,0.54978642,62.5,0.52,0,BTC-26APR19-2500-C,5552.92,0.0,0.0005,20.2,0.0,0.0,0.0,0.0,0.0,0.19697,0.0,1.0
5552.89,BTC-27SEP19,1556017145856,open,0.04,60.0,0.00711521,0.10820481,0.03723348,71.29,0.035,0.0,BTC-27DEC19-12000-C,5552.92,70.4,0.0355,9.6,0.039,10.0,72.19,10.87527,-1.56397,4.41761,7e-05,0.15438
5552.92,index_price,1556017145858,open,0.0,350.3,2.22e-06,0.00048983,0.00111796,97.34,0.001,0,BTC-26APR19-4750-P,5552.92,95.43,0.001,6.7,0.0015,39.1,102.81,0.3546,-6.00117,-0.01453,0.00015,-0.03209
5552.92,index_price,1556017145858,open,0.1,478.0,0.09970069,0.1022539,0.1012147,75.89,0.1,0,BTC-26APR19-5000-C,5552.92,59.19,0.1,7.0,0.102,6.4,82.97,0.55482,-7.32071,0.36879,0.0003,0.94417
5552.92,index_price,1556017145858,open,0.13,77.0,0.12322985,0.16070468,0.13169179,58.35,0.1275,0,BTC-31MAY19-5000-C,5552.92,52.29,0.1255,6.3,0.1315,6.5,58.17,5.76982,-4.44457,3.52128,0.00031,0.74279
5552.89,BTC-27SEP19,1556017145861,open,0.0,1666.6,4.76e-06,0.00053824,0.00128361,89.17,0.001,0.0,BTC-27SEP19-1500-P,5552.92,79.33,0.0005,10.1,0.002,22.4,94.96,0.59003,-0.1677,-0.16631,0.0,-0.00568
5552.89,BTC-27SEP19,1556017145861,open,0.16,263.5,0.14464246,0.2106708,0.16379069,61.49,0.146,0.0,BTC-27SEP19-5500-C,5552.92,60.2,0.1605,7.2,0.1655,5.5,62.16,14.15916,-2.77505,10.1512,0.00017,0.58913
5552.89,BTC-27SEP19,1556017145861,open,0.32,0.0,0.27499708,0.43818638,0.31630541,62.65,None,0.0,BTC-27DEC19-6500-P,5552.92,54.92,0.291,0.1,0.0,0.0,0.0,18.23568,-2.30443,-31.48854,0.00014,-0.51871
5549.0,BTC-28JUN19,1556017145870,open,0.0,355.3,1.071e-05,0.00118493,0.00300438,84.74,0.003,0.0,BTC-28JUN19-12000-C,5552.92,80.12,0.002,32.0,0.004,12.0,88.4,1.37118,-0.88193,0.21886,3e-05,0.02486
5549.0,BTC-28JUN19,1556017145875,open,0.22,0.0,0.19500934,0.24758878,0.21486885,59.12,None,0.0,BTC-28JUN19-6500-P,5552.92,0.0,0.0005,0.2,0.0,0.0,0.0,8.28214,-3.71667,-9.09155,0.00025,-0.69293
5552.89,BTC-27SEP19,1556017145883,open,0.06,801.0,0.0398883,0.08781128,0.05634763,63.34,0.064,0.0,BTC-27SEP19-4250-P,5552.92,61.49,0.053,18.7,0.0575,9.6,63.98,10.10646,-2.0404,-6.05196,0.00012,-0.19723
5549.0,BTC-28JUN19,1556017145885,open,0.0,1413.4,0.0,7.3e-07,6.238e-05,100.0,0.0005,0.0,BTC-28JUN19-1500-P,5552.92,0.0,0.0,0.0,0.0005,96.0,122.35,0.04174,-0.03168,-0.00561,0.0,-0.0005
5552.92,index_price,1556017145885,open,0.0,1796.1,0.0,0.0,0.0,100.0,0.0005,0,BTC-26APR19-2750-P,5552.92,0.0,0.0,0.0,0.0005,36.4,325.7,0.0,0.0,0.0,0.0,0.0
5549.0,BTC-28JUN19,1556017145899,open,0.63,6.6,0.62296925,0.63322702,0.63045057,70.58,0.704,0.0,BTC-28JUN19-9000-P,5552.92,0.0,0.0005,9.5,0.0,0.0,0.0,3.22521,-1.72768,-15.61043,8e-05,-0.92827
5552.92,index_price,1556017145899,open,0.03,101.8,0.02365701,0.06113185,0.03211896,58.35,0.032,0,BTC-31MAY19-5000-P,5552.92,57.76,0.0315,3.0,0.033,5.8,59.2,5.76982,-4.44457,-1.66717,0.00031,-0.25721
5552.92,index_price,1556017145899,open,0.05,77.3,0.04105602,0.05158472,0.04412572,60.97,0.0445,0,BTC-26APR19-5750-P,5552.92,58.82,0.0435,7.9,0.046,4.0,67.25,1.62516,-17.22881,-0.33933,0.0011,-0.7315
5552.92,index_price,1556017145901,open,0.24,7.2,0.2374675,0.25537727,0.24149172,61.02,0.2,0,BTC-31MAY19-4250-C,5552.92,43.72,0.236,0.8,0.0,0.0,0.0,2.46314,-1.98426,3.95385,0.00013,0.92766
5552.89,BTC-27SEP19,1556017145915,open,0.02,648.3,0.00501946,0.03258414,0.0223002,72.67,0.0215,0.0,BTC-27SEP19-11000-C,5552.92,71.63,0.021,10.0,0.0235,10.0,73.59,7.09702,-1.64369,2.22928,7e-05,0.11571
5552.89,BTC-27SEP19,1556017145918,open,0.32,238.2,0.30811171,0.35034326,0.32249655,63.51,0.2925,0.0,BTC-27SEP19-4000-C,5552.92,0.0,0.165,2.0,0.413,2.0,114.07,8.84348,-1.78997,12.36007,0.00011,0.84039
5552.92,index_price,1556017145918,open,0.2,0.0,0.18566941,0.2223162,0.19373101,58.74,None,0,BTC-31MAY19-6500-P,5552.92,0.0,0.0005,5.3,0.0,0.0,0.0,5.43622,-4.21518,-5.5512,0.00029,-0.76965
5552.92,index_price,1556017145922,open,0.37,0.0,0.36977869,0.37378846,0.37129456,71.97,None,0,BTC-31MAY19-3500-C,5552.92,0.0,0.0005,0.2,0.0,0.0,0.0,0.77578,-0.7371,3.52148,3e-05,0.98243
5552.89,BTC-27SEP19,1556017145929,open,0.83,2.0,0.81028619,0.84609391,0.8289485,69.65,1.8325,0.0,BTC-27SEP19-10000-P,5552.92,0.0,0.008,0.2,0.0,0.0,0.0,8.28015,-1.83803,-40.19995,9e-05,-0.85545
5552.92,index_price,1556017145931,open,0.19,779.8,0.18961556,0.18966958,0.18985413,100.0,0.1825,0,BTC-26APR19-4500-C,5552.92,0.0,0.0505,0.1,0.24,10.1,385.65,0.10696,-1.85968,0.35097,4e-05,0.99209
5549.0,BTC-28JUN19,1556017145939,open,0.81,43.0,0.80236314,0.80747371,0.80780486,75.8,0.89,0.0,BTC-28JUN19-10000-P,5552.92,0.0,0.0005,0.5,0.0,0.0,0.0,2.33995,-1.34622,-17.62769,6e-05,-0.95234
5552.89,BTC-27SEP19,1556017145942,open,1.38,0.0,1.34554479,1.4346711,1.37287764,73.04,None,0.0,BTC-27DEC19-13000-P,5552.92,0.0,0.0005,0.2,0.0,0.0,0.0,9.83348,-1.4487,-84.46691,6e-05,-0.86701
5552.89,BTC-27SEP19,1556017145965,open,0.64,28.2,0.63994694,0.64282213,0.64255636,78.8,0.608,0.0,BTC-27SEP19-2000-C,5552.92,0.0,0.001,0.3,0.662,1.0,122.69,1.19499,-0.30013,8.22748,1e-05,0.98729
5552.92,index_price,1556017145971,open,0.03,25.4,0.0250561,0.04778543,0.02810193,58.86,0.0295,0,BTC-26APR19-5625-P,5552.92,57.12,0.0275,8.7,0.03,12.0,64.34,1.91901,-19.63947,-0.26926,0.00134,-0.58735
5552.92,index_price,1556017145977,open,0.0,222.0,0.00211972,0.00972686,0.00425105,61.78,0.005,0,BTC-26APR19-5250-P,5552.92,60.54,0.004,4.6,0.0055,20.0,67.63,1.13266,-12.16723,-0.06608,0.00075,-0.14678
5552.89,BTC-27SEP19,1556017145991,open,0.03,710.0,0.00942213,0.04522985,0.02806174,69.63,0.0235,0.0,BTC-27SEP19-10000-C,5552.92,68.57,0.0265,12.0,0.0295,10.0,70.59,8.27723,-1.83698,2.77843,9e-05,0.14448
5552.92,index_price,1556017145991,open,0.28,363.3,0.27965827,0.27965836,0.27966026,100.0,0.2775,0,BTC-26APR19-4000-C,5552.92,0.0,0.1105,4.6,0.3,1.0,354.48,0.0018,-0.03137,0.3151,0.0,0.99991
5549.0,BTC-28JUN19,1556017145993,open,0.46,24.6,0.44610016,0.4653495,0.45651707,65.7,0.609,0.0,BTC-28JUN19-8000-P,5552.92,0.0,0.0005,0.4,0.0,0.0,0.0,4.73737,-2.3624,-13.37726,0.00013,-0.87922
5552.92,index_price,1556017145993,open,0.5,10.2,0.50476506,0.50476506,0.50476506,101.93,0.006,0,BTC-26APR19-2750-C,5552.92,0.0,0.0005,25.2,0.0,0.0,0.0,0.0,0.0,0.21666,0.0,1.0
5552.92,index_price,1556017145996,open,0.09,4.0,0.08126826,0.08672248,0.08400623,71.18,0.0865,0,BTC-26APR19-6000-P,5552.92,61.43,0.0825,4.0,0.0855,4.1,79.15,0.96395,-11.92986,-0.4234,0.00056,-0.88377
5552.89,BTC-27SEP19,1556017146006,open,0.07,97.3,0.04180271,0.15524948,0.07572684,65.9,0.072,0.0,BTC-27DEC19-4000-P,5552.92,61.97,0.067,19.6,0.0715,10.0,64.01,12.44348,-1.65418,-10.0448,9e-05,-0.19064
5552.92,index_price,1556017146016,open,0.46,5.9,0.4597437,0.4597437,0.4597437,100.0,0.4005,0,BTC-26APR19-3000-C,5552.92,0.0,0.0005,20.2,0.0,0.0,0.0,0.0,0.0,0.23636,0.0,1.0
5552.92,index_price,1556017146016,open,0.0,484.8,5.6e-05,0.00200702,0.00140443,78.99,0.0005,0,BTC-26APR19-6250-C,5552.92,74.09,0.001,15.0,0.002,30.3,84.94,0.5027,-6.90407,0.02096,0.00026,0.04931
5552.89,BTC-27SEP19,1556017146016,open,0.01,153.8,0.00273076,0.04637923,0.01268457,67.96,0.016,0.0,BTC-27DEC19-2500-P,5552.92,65.7,0.011,10.0,0.0145,22.1,70.25,4.26808,-0.58512,-2.14166,3e-05,-0.04411
5552.89,BTC-27SEP19,1556017146023,open,0.07,69.9,0.03072231,0.173035,0.06669485,64.96,0.073,0.0,BTC-27DEC19-9000-C,5552.92,65.44,0.068,10.0,0.0725,10.0,67.09,14.92731,-1.95586,7.39825,0.00011,0.26288
5552.89,BTC-27SEP19,1556017146028,open,0.04,324.8,0.01768279,0.06319161,0.03827899,67.26,0.032,0.0,BTC-27SEP19-9000-C,5552.92,66.25,0.0365,9.6,0.04,10.0,68.22,9.90672,-2.12374,3.64187,0.00011,0.19087
5552.92,index_price,1556017146035,open,0.0,68.0,0.00104895,0.01300878,0.0038788,63.14,0.004,0,BTC-31MAY19-4000-P,5552.92,61.83,0.0035,25.3,0.0045,10.0,65.16,1.64144,-1.36822,-0.27143,8e-05,-0.04323
5552.89,BTC-27SEP19,1556017146035,open,0.04,74.5,0.02126731,0.11256657,0.04638922,65.9,0.0475,0.0,BTC-27DEC19-3500-P,5552.92,62.78,0.041,10.0,0.0455,22.0,65.39,9.73472,-1.29409,-6.69153,7e-05,-0.13106
5552.89,BTC-27SEP19,1556017146035,open,0.26,11.1,0.21300185,0.37420569,0.25398118,62.49,0.249,0.0,BTC-27DEC19-6000-P,5552.92,60.97,0.249,7.2,0.2585,7.2,63.88,18.15128,-2.28815,-26.8242,0.00014,-0.45734
5552.92,index_price,1556017146048,open,0.0,245.2,0.00012786,0.00268106,0.00164186,75.89,0.0025,0,BTC-26APR19-5000-P,5552.92,68.6,0.001,40.2,0.0025,57.2,83.56,0.55482,-7.32071,-0.02514,0.0003,-0.05583
5552.89,BTC-27SEP19,1556017146048,open,1.55,0.0,1.52397818,1.60247425,1.54860398,74.61,None,0.0,BTC-27DEC19-14000-P,5552.92,0.0,0.0005,0.2,0.0,0.0,0.0,8.92171,-1.34266,-91.7448,6e-05,-0.88428
5552.89,BTC-27SEP19,1556017146051,open,0.07,32.8,0.05383813,0.10688573,0.07214441,63.21,0.083,0.0,BTC-27SEP19-4500-P,5552.92,60.91,0.0675,9.6,0.073,9.6,63.63,11.25093,-2.26658,-7.38865,0.00013,-0.23744
5552.89,BTC-27SEP19,1556017146051,open,0.06,936.8,0.03300495,0.0887932,0.05314464,64.22,0.055,0.0,BTC-27SEP19-8000-C,5552.92,64.38,0.0535,10.0,0.0565,10.0,65.79,11.70532,-2.39571,4.83305,0.00014,0.25565
5552.89,BTC-27SEP19,1556017146059,open,0.47,227.1,0.46401246,0.48203103,0.47223436,68.26,0.456,0.0,BTC-27SEP19-3000-C,5552.92,0.0,0.135,0.1,0.518,2.0,112.05,4.04027,-0.87898,11.28693,4e-05,0.94516
5552.92,index_price,1556017146061,open,0.37,33.6,0.36970099,0.36970099,0.36970099,100.0,0.35,0,BTC-26APR19-3500-C,5552.92,0.0,0.0005,20.2,0.0,0.0,0.0,0.0,-4e-05,0.27575,0.0,1.0
5548.89,BTC-28JUN19,1556017146068,open,0.0,388.1,1e-07,0.00012826,0.00089075,89.86,0.0005,0.0,BTC-28JUN19-15000-C,5552.92,84.68,0.0005,28.9,0.001,0.1,91.0,0.51035,-0.34808,0.07007,1e-05,0.00789
5552.89,BTC-27SEP19,1556017146068,open,0.01,336.1,0.0009812,0.00957445,0.00636371,73.34,0.0085,0.0,BTC-27SEP19-2500-P,5552.92,69.95,0.005,6.4,0.0075,12.0,75.86,2.38767,-0.5581,-0.83688,2e-05,-0.0287
5552.89,BTC-27SEP19,1556017146068,open,0.04,46.3,0.01152844,0.12580764,0.04477212,69.59,0.0415,0.0,BTC-27DEC19-11000-C,5552.92,68.53,0.0425,19.6,0.047,10.0,70.6,12.11787,-1.70094,5.19938,8e-05,0.18265
5552.92,index_price,1556017146068,open,0.1,39.9,0.09345119,0.13540118,0.10224618,57.45,0.0985,0,BTC-31MAY19-5250-C,5552.92,54.29,0.0985,9.6,0.1035,5.9,58.5,6.59891,-5.00443,3.17829,0.00036,0.65382
5552.89,BTC-27SEP19,1556017146068,open,0.03,10.4,0.0027685,0.08126458,0.02736252,74.59,0.029,0.0,BTC-27DEC19-14000-C,5552.92,73.41,0.0255,12.0,0.029,10.0,75.59,8.91658,-1.34153,3.32847,6e-05,0.11563
5548.89,BTC-28JUN19,1556017146071,open,0.55,24.4,0.54946238,0.54988048,0.55133773,91.33,0.5115,0.0,BTC-28JUN19-2500-C,5552.92,0.0,0.001,0.2,0.0,0.0,0.0,0.75007,-0.51996,4.37045,1e-05,0.98774
5552.92,index_price,1556017146071,open,0.14,874.0,0.14459642,0.14508403,0.14571215,97.34,0.1475,0,BTC-26APR19-4750-C,5552.92,0.0,0.135,0.2,0.1895,0.2,309.64,0.3546,-6.00117,0.35971,0.00015,0.96791
5552.89,BTC-27SEP19,1556017146071,open,0.03,24.3,0.00442152,0.09354783,0.03172486,73.02,0.031,0.0,BTC-27DEC19-13000-C,5552.92,72.03,0.03,12.0,0.0335,10.0,74.01,9.82921,-1.44774,3.81554,6e-05,0.13291
5548.89,BTC-28JUN19,1556017146084,open,0.0,333.9,5.089e-05,0.00251571,0.00393592,80.2,0.0045,0.0,BTC-28JUN19-11000-C,5552.92,76.95,0.003,20.0,0.005,12.0,83.35,1.73634,-1.05691,0.29127,4e-05,0.03302
5548.89,BTC-28JUN19,1556017146092,open,0.99,5.7,0.98242935,0.98489416,0.98624293,79.97,1.142,0.0,BTC-28JUN19-11000-P,5552.92,0.0,0.0005,0.4,0.0,0.0,0.0,1.71646,-1.04181,-19.56555,4e-05,-0.96744
5552.89,BTC-27SEP19,1556017146094,open,0.02,91.0,0.00885544,0.07604304,0.02499895,65.9,0.035,0.0,BTC-27DEC19-3000-P,5552.92,63.82,0.0225,22.0,0.0265,22.1,67.11,6.8013,-0.90413,-3.95853,5e-05,-0.07997
175.06,index_price,1556017146104,open,0.05,374.0,0.038485,0.056212,0.043596,76.5,0.045,0,ETH-26APR19-170-C,175.06,71.44,0.042,171.0,0.047,50.0,87.1,0.05561,-0.73975,0.00877,0.03011,0.67935
5552.89,BTC-27SEP19,1556017146113,open,0.13,737.5,0.10934035,0.17721579,0.13027044,62.0,0.1265,0.0,BTC-27SEP19-6000-C,5552.92,60.56,0.1265,17.2,0.133,5.3,63.05,14.52196,-2.86987,8.94528,0.00018,0.50508
5552.89,BTC-27SEP19,1556017146113,open,0.03,10.3,0.01941458,0.05556813,0.03218678,64.15,0.061,0.0,BTC-27SEP19-3750-P,5552.92,62.9,0.0305,17.6,0.034,10.0,65.47,7.55099,-1.54383,-3.78406,9e-05,-0.12637
5552.92,index_price,1556017146113,open,0.16,26.6,0.15771251,0.18918136,0.16516366,59.34,0.128,0,BTC-31MAY19-4750-C,5552.92,49.03,0.157,5.0,0.0,0.0,0.0,4.70581,-3.68661,3.76905,0.00025,0.81926
5552.92,index_price,1556017146113,open,0.0,44.8,7.77e-05,0.00408747,0.00159362,71.97,0.002,0,BTC-31MAY19-3500-P,5552.92,67.09,0.001,7.8,0.0025,26.0,77.58,0.77579,-0.73711,-0.11044,3e-05,-0.01757
5552.92,index_price,1556017146113,open,0.06,909.1,0.0566712,0.06427834,0.05880267,61.78,0.056,0,BTC-26APR19-5250-C,5552.92,57.7,0.058,5.6,0.06,4.0,67.4,1.13267,-12.16749,0.34755,0.00075,0.85322
5552.89,BTC-27SEP19,1556017146113,open,0.64,0.0,0.64034785,0.66398424,0.64524803,70.65,None,0.0,BTC-27DEC19-2000-C,5552.92,0.0,0.0005,0.2,0.0,0.0,0.0,2.25576,-0.32148,12.60747,2e-05,0.97957
5552.89,BTC-27SEP19,1556017146113,open,0.21,31.3,0.16725339,0.32295087,0.20678727,62.42,0.196,0.0,BTC-27DEC19-5500-C,5552.92,61.22,0.203,7.2,0.212,7.2,64.06,17.57455,-2.21264,15.15409,0.00013,0.60864
5548.89,BTC-28JUN19,1556017146126,open,0.18,117.0,0.1646903,0.20992956,0.18174426,59.07,0.145,0.0,BTC-28JUN19-4750-C,5552.92,50.43,0.171,5.0,0.0,0.0,0.0,7.12559,-3.19453,5.90978,0.00022,0.77185
5552.92,index_price,1556017146126,open,0.59,0.0,0.59480778,0.59480778,0.59480778,132.81,0.429,0,BTC-26APR19-2250-C,5552.92,0.0,0.0005,20.2,0.0,0.0,0.0,0.0,0.0,0.17727,0.0,1.0
5552.92,index_price,1556017146126,open,0.0,2172.7,0.0,0.0,0.0,100.0,0.0005,0,BTC-26APR19-3500-P,5552.92,0.0,0.0,0.0,0.0005,25.0,221.8,0.0,-1e-05,0.0,0.0,0.0
5552.89,BTC-27SEP19,1556017146126,open,1.03,0.0,0.9924789,1.1067581,1.02574755,69.6,None,0.0,BTC-27DEC19-11000-P,5552.92,0.0,0.0005,0.2,0.0,0.0,0.0,12.12054,-1.70159,-69.5014,8e-05,-0.81729
5552.92,index_price,1556017146126,open,0.32,0.0,0.30935675,0.33284449,0.31543544,62.36,None,0,BTC-31MAY19-7250-P,5552.92,0.0,0.0005,0.3,0.0,0.0,0.0,3.36079,-2.76648,-6.94669,0.00017,-0.89012
5552.89,BTC-27SEP19,1556017146128,open,0.53,0.0,0.49098167,0.6455863,0.52981007,63.75,None,0.0,BTC-27DEC19-8000-P,5552.92,0.0,0.001,0.5,0.0,0.0,0.0,16.62716,-2.13819,-45.1411,0.00012,-0.66724
5548.89,BTC-28JUN19,1556017146130,open,0.29,19.5,0.2780297,0.30981969,0.29126294,61.38,0.7515,0.0,BTC-28JUN19-7000-P,5552.92,0.0,0.0015,0.2,0.0,0.0,0.0,7.04239,-3.28073,-10.69377,0.00021,-0.77654
5552.92,index_price,1556017146130,open,0.0,260.1,0.0,0.0,0.0,100.0,0.0005,0,BTC-26APR19-2250-P,5552.92,0.0,0.0,0.0,0.0005,15.0,411.6,0.0,0.0,0.0,0.0,0.0
5552.89,BTC-27SEP19,1556017146133,open,0.01,49.9,0.00052066,0.02415705,0.00542539,70.66,0.008,0.0,BTC-27DEC19-2000-P,5552.92,68.27,0.0045,10.0,0.0065,1.0,73.18,2.25682,-0.32169,-0.97536,2e-05,-0.02044
5552.92,index_price,1556017146135,open,0.19,3.0,0.18962671,0.19946259,0.19122238,71.91,0.1615,0,BTC-3MAY19-4500-C,5552.92,0.0,0.0005,5.2,0.0,0.0,0.0,0.67481,-2.45697,1.16534,0.00011,0.96686
5548.89,BTC-28JUN19,1556017146147,open,2.61,0.4,2.60432447,2.60432831,2.60447825,95.09,5.076,0.0,BTC-28JUN19-20000-P,5552.92,0.0,0.0005,0.2,0.0,0.0,0.0,0.11366,-0.08204,-36.08298,0.0,-0.99852
5552.89,BTC-27SEP19,1556017146147,open,0.29,9.9,0.26103296,0.39299587,0.30246054,65.9,0.246,0.0,BTC-27DEC19-4500-C,5552.92,56.78,0.2785,5.0,0.367,8.0,90.17,14.69573,-1.95348,16.68627,0.00011,0.74495
5552.89,BTC-27SEP19,1556017146147,open,0.38,0.0,0.34263977,0.50496701,0.38372548,62.96,None,0.0,BTC-27DEC19-7000-P,5552.92,0.0,0.001,0.5,0.0,0.0,0.0,17.93971,-2.27851,-36.12084,0.00014,-0.57413
5552.89,BTC-27SEP19,1556017146147,open,0.86,0.3,0.8196485,0.94796006,0.85635884,67.99,1.4475,0.0,BTC-27DEC19-10000-P,5552.92,0.0,0.1,0.3,0.0,0.0,0.0,13.57489,-1.86177,-61.68031,0.0001,-0.77928
5548.89,BTC-28JUN19,1556017146157,open,0.73,33.3,0.72967566,0.72967639,0.72974779,101.22,0.7165,0.0,BTC-28JUN19-1500-C,5552.92,0.0,0.007,0.1,0.0,0.0,0.0,0.04674,-0.03591,2.70086,0.0,0.99944
5552.89,BTC-27SEP19,1556017146163,open,0.66,0.0,0.63846043,0.68396926,0.65907706,67.27,None,0.0,BTC-27SEP19-9000-P,5552.92,0.0,0.002,0.3,0.0,0.0,0.0,9.90866,-2.12452,-35.03884,0.00011,-0.80906
5552.89,BTC-27SEP19,1556017146163,open,0.26,290.4,0.24344931,0.29649691,0.26174484,63.2,0.2265,0.0,BTC-27SEP19-4500-C,5552.92,56.33,0.248,3.0,0.31,0.5,86.41,11.25073,-2.26635,11.95263,0.00013,0.76256
5548.89,BTC-28JUN19,1556017146169,open,1.53,1.3,1.52302759,1.52329407,1.52444649,89.2,2.415,0.0,BTC-28JUN19-14000-P,5552.92,0.0,0.0005,0.2,0.0,0.0,0.0,0.74353,-0.50338,-25.16006,2e-05,-0.98786
5552.89,BTC-27SEP19,1556017146171,open,0.0,411.8,0.00011975,0.00299494,0.00273372,78.82,0.003,0.0,BTC-27SEP19-2000-P,5552.92,71.99,0.0015,35.2,0.004,20.4,84.03,1.19622,-0.30052,-0.36891,1e-05,-0.01272
5552.92,index_price,1556017146171,open,0.0,233.8,0.0,0.0,0.0,100.0,0.0005,0,BTC-26APR19-2500-P,5552.92,0.0,0.0,0.0,0.0005,25.0,366.51,0.0,0.0,0.0,0.0,0.0
5552.92,index_price,1556017146171,open,0.23,1352.0,0.23463691,0.23464014,0.23466527,100.0,0.234,0,BTC-26APR19-4250-C,5552.92,0.0,0.161,1.0,0.249,2.0,272.92,0.01838,-0.31959,0.33434,1e-05,0.99888
5552.89,BTC-27SEP19,1556017146173,open,1.01,3.1,0.98596992,1.0135346,1.00327562,72.69,1.9215,0.0,BTC-27SEP19-11000-P,5552.92,0.0,0.002,0.3,0.0,0.0,0.0,7.10083,-1.64502,-45.04683,7e-05,-0.8842
5548.89,BTC-28JUN19,1556017146173,open,0.42,0.1,0.41440887,0.42065553,0.41842236,73.27,0.395,0.0,BTC-28JUN19-3250-C,5552.92,0.0,0.0035,0.2,0.0,0.0,0.0,1.62387,-0.90306,5.51939,4e-05,0.96955
5552.89,BTC-27SEP19,1556017146173,open,0.01,616.4,0.00427168,0.02229025,0.01250038,68.27,0.0175,0.0,BTC-27SEP19-3000-P,5552.92,66.14,0.011,18.1,0.014,22.0,70.27,4.04129,-0.87932,-1.60754,4e-05,-0.05486
5552.92,index_price,1556017146175,open,0.0,1123.2,0.0,0.0,0.0,100.0,0.001,0,BTC-26APR19-3000-P,5552.92,0.0,0.0,0.0,0.0005,45.0,288.37,0.0,0.0,0.0,0.0,0.0
5552.89,BTC-27SEP19,1556017146177,open,0.11,113.0,0.07142179,0.20338469,0.11285958,65.9,0.1155,0.0,BTC-27DEC19-4500-P,5552.92,61.22,0.1005,14.6,0.1075,9.6,63.88,14.6958,-1.95361,-13.87421,0.00011,-0.25506
5552.89,BTC-27SEP19,1556017146179,open,1.18,6.1,1.16371991,1.18467248,1.17865418,74.88,1.9095,0.0,BTC-27SEP19-12000-P,5552.92,0.0,0.012,0.1,0.0,0.0,0.0,6.04354,-1.44242,-49.7832,6e-05,-0.90728
5552.92,index_price,1556017146181,open,0.0,432.1,2.31e-06,0.00054656,0.00065851,87.43,0.001,0,BTC-26APR19-6500-C,5552.92,0.0,0.0,0.0,0.0015,45.0,100.48,0.27123,-3.65668,0.00989,0.00013,0.02327
5552.92,index_price,1556017146181,open,0.26,0.0,0.26059803,0.26062328,0.26073963,100.0,None,0,BTC-26APR19-7000-P,5552.92,0.0,0.0005,50.3,0.343,0.1,465.31,0.07334,-1.27512,-0.54931,3e-05,-0.99484
5552.92,index_price,1556017146183,open,0.0,397.5,0.00075567,0.00620989,0.00349364,71.18,0.003,0,BTC-26APR19-6000-C,5552.92,68.24,0.003,11.1,0.004,40.0,74.01,0.96395,-11.92986,0.04932,0.00056,0.11623
5552.89,BTC-27SEP19,1556017146183,open,0.48,0.0,0.46859623,0.53578382,0.4847332,65.9,None,0.0,BTC-27DEC19-3000-C,5552.92,0.0,0.0005,0.1,0.0,0.0,0.0,6.80063,-0.90397,16.41545,5e-05,0.92004
5548.89,BTC-28JUN19,1556017146194,open,1.35,0.8,1.34281314,1.34337131,1.34497414,87.77,2.171,0.0,BTC-28JUN19-13000-P,5552.92,0.0,0.07,1.0,0.0,0.0,0.0,1.04363,-0.69521,-23.30396,2e-05,-0.982
5552.89,BTC-27SEP19,1556017146216,open,0.39,261.1,0.38225483,0.41217078,0.39366567,65.28,0.38,0.0,BTC-27SEP19-3500-C,5552.92,0.0,0.161,1.0,0.4635,1.5,114.1,6.30007,-1.31087,12.12947,7e-05,0.9019
5548.89,BTC-28JUN19,1556017146216,open,0.01,875.7,0.00023656,0.0053464,0.00570139,75.86,0.006,0.0,BTC-28JUN19-10000-C,5552.92,76.55,0.006,0.4,0.0065,12.0,77.67,2.34546,-1.3504,0.42162,6e-05,0.0478
5548.89,BTC-28JUN19,1556017146216,open,0.21,208.2,0.20532407,0.23274204,0.21561258,60.16,0.2145,0.0,BTC-28JUN19-4500-C,5552.92,49.65,0.205,5.0,0.23,0.1,72.73,6.00282,-2.741,6.13616,0.00018,0.82833
5552.92,index_price,1556017146216,open,0.02,157.5,0.01326298,0.02542432,0.01626523,58.69,0.0155,0,BTC-26APR19-5500-P,5552.92,57.93,0.016,8.2,0.0175,12.0,62.25,1.9235,-19.62912,-0.1895,0.00135,-0.41689
5552.92,index_price,1556017146216,open,0.41,25.7,0.41472234,0.41472234,0.41472234,100.0,0.351,0,BTC-26APR19-3250-C,5552.92,0.0,0.155,1.0,0.0,0.0,0.0,0.0,0.0,0.25605,0.0,1.0
5552.89,BTC-27SEP19,1556017146216,open,0.14,47.7,0.10443545,0.26762474,0.14572905,62.64,0.1505,0.0,BTC-27DEC19-6500-C,5552.92,61.81,0.143,7.2,0.15,5.0,63.94,18.23564,-2.30427,12.65365,0.00014,0.48128
5552.92,index_price,1556017146216,open,0.33,0.0,0.32500036,0.33228569,0.32721613,67.65,None,0,BTC-31MAY19-3750-C,5552.92,0.0,0.0005,0.2,0.0,0.0,0.0,1.1509,-1.02786,3.71511,5e-05,0.97195
5552.89,BTC-27SEP19,1556017146216,open,0.2,16.7,0.15772862,0.3134261,0.19727498,62.42,0.236,0.0,BTC-27DEC19-5500-P,5552.92,60.91,0.1925,14.6,0.2005,5.0,63.44,17.57448,-2.21277,-22.19729,0.00013,-0.39135
5552.92,index_price,1556017146219,open,0.0,290.4,0.0,0.0,0.0,100.0,0.0005,0,BTC-26APR19-2000-P,5552.92,0.0,0.0,0.0,0.0005,25.0,462.04,0.0,0.0,0.0,0.0,0.0
5552.92,index_price,1556017146219,open,0.16,0.0,0.14852213,0.18904433,0.15660574,57.52,None,0,BTC-31MAY19-6250-P,5552.92,0.0,0.0005,0.3,0.0,0.0,0.0,6.1494,-4.6695,-4.97811,0.00033,-0.70732
5552.92,index_price,1556017146269,open,0.0,41.8,1.115e-05,0.00984704,0.00160683,71.91,0.002,0,BTC-3MAY19-4500-P,5552.92,71.02,0.0015,12.6,0.002,0.2,74.95,0.67481,-2.45697,-0.05221,0.00011,-0.03314
5552.92,index_price,1556017146403,open,0.15,3.0,0.14477326,0.16252171,0.14819395,67.02,0.1175,0,BTC-3MAY19-4750-C,5552.92,0.0,0.0005,5.2,0.0,0.0,0.0,1.23365,-4.18612,1.1738,0.00022,0.92946
5552.92,index_price,1556017146512,open,0.0,13.4,0.00221215,0.01910862,0.00503464,64.44,0.0055,0,BTC-26APR19-5875-C,5552.92,62.01,0.0045,11.8,0.006,35.5,68.62,1.2437,-13.93432,0.07184,0.00079,0.16924
5552.92,index_price,1556017146542,open,0.0,39.1,0.00017907,0.01792752,0.00359975,67.02,0.004,0,BTC-3MAY19-4750-P,5552.92,64.2,0.003,6.6,0.005,47.4,72.83,1.23365,-4.18612,-0.11139,0.00022,-0.07054
178.44,ETH-28JUN19,1556017146560,open,0.05,605.0,0.0326,0.118022,0.045566,69.31,0.048,0.0,ETH-28JUN19-220-C,175.05,68.22,0.044,60.0,0.049,116.0,71.67,0.25798,-0.13572,0.07757,0.00648,0.28644
180.62,ETH-27SEP19,1556017146560,open,0.18,2073.0,0.153941,0.242375,0.173947,67.83,0.17,0.0,ETH-27SEP19-180-P,175.05,65.11,0.167,218.0,0.177,120.0,69.03,0.46006,-0.09946,-0.45255,0.00484,-0.40901
178.44,ETH-28JUN19,1556017146560,open,1.8,0.0,1.802065,1.807101,1.804821,105.8,None,0.0,ETH-28JUN19-500-P,175.05,0.0,0.002,2.0,0.0,0.0,0.0,0.03566,-0.02864,-0.89707,0.00059,-0.98067
178.44,ETH-28JUN19,1556017146560,open,0.02,879.0,0.002516,0.045815,0.014934,84.16,0.013,0.0,ETH-28JUN19-300-C,175.05,81.5,0.013,62.0,0.016,257.0,85.55,0.13427,-0.08577,0.0278,0.00278,0.10127
178.44,ETH-28JUN19,1556017146560,open,0.28,1136.0,0.265507,0.350929,0.278543,69.36,0.358,0.0,ETH-28JUN19-220-P,175.05,62.59,0.269,46.0,0.287,1.0,75.1,0.25807,-0.13586,-0.31944,0.00647,-0.71336
180.62,ETH-27SEP19,1556017146561,open,0.51,1.0,0.484121,0.565353,0.504955,69.81,0.573,0.0,ETH-27SEP19-260-P,175.05,0.0,0.014,1.0,0.553,1.0,90.06,0.40223,-0.0895,-0.94679,0.00411,-0.71467
180.62,ETH-27SEP19,1556017146561,open,0.46,0.0,0.454752,0.487573,0.461906,69.88,None,0.0,ETH-27SEP19-100-C,175.05,0.0,0.001,6.0,0.0,0.0,0.0,0.14891,-0.03317,0.36779,0.00152,0.93569
175.05,index_price,1556017146560,open,0.11,1.0,0.099267,0.126288,0.10452,72.37,0.09,0.2,ETH-3MAY19-160-C,175.05,56.68,0.098,50.0,0.108,50.0,79.82,0.07935,-0.35792,0.03318,0.01323,0.80516
178.44,ETH-28JUN19,1556017146561,open,0.01,509.0,7.9e-05,0.014685,0.007851,102.22,0.007,0.0,ETH-28JUN19-400-C,175.05,100.22,0.007,3.0,0.008,198.0,102.56,0.0786,-0.06099,0.01368,0.00134,0.05034
178.44,ETH-28JUN19,1556017146561,open,0.06,522.0,0.043566,0.132921,0.056093,68.23,0.052,0.0,ETH-28JUN19-210-C,175.05,66.23,0.053,312.0,0.06,253.0,70.73,0.27725,-0.14358,0.09091,0.00707,0.33837
178.44,ETH-28JUN19,1556017146561,open,0.01,218.0,0.00032,0.02297,0.009386,95.01,0.009,0.0,ETH-28JUN19-360-C,175.05,92.22,0.008,60.0,0.01,176.0,96.17,0.09281,-0.06693,0.01699,0.0017,0.06214
178.44,ETH-28JUN19,1556017146562,open,0.04,1073.0,0.017795,0.09303,0.033089,73.61,0.034,0.0,ETH-28JUN19-240-C,175.05,71.08,0.03,60.0,0.034,121.0,74.34,0.22111,-0.12353,0.05837,0.00523,0.21435
175.05,index_price,1556017146560,open,0.15,154.0,0.143129,0.145788,0.1441,94.5,0.13,0,ETH-26APR19-150-C,175.05,92.78,0.144,181.0,0.148,50.0,133.11,0.01052,-0.17293,0.01139,0.00461,0.97016
178.43,ETH-28JUN19,1556017146562,open,0.03,1944.0,0.009446,0.073354,0.024393,77.13,0.021,0.0,ETH-28JUN19-260-C,175.05,74.79,0.022,60.0,0.026,246.0,78.65,0.18613,-0.10896,0.0444,0.0042,0.16226
175.05,index_price,1556017146561,open,0.0,431.0,0.000113,0.004907,0.003414,104.97,0.002,0,ETH-26APR19-200-C,175.05,101.83,0.003,59.0,0.005,150.0,115.58,0.0238,-0.43444,0.0011,0.00939,0.08325
175.05,index_price,1556017146560,open,0.01,338.0,0.001487,0.012709,0.006715,90.55,0.009,0,ETH-26APR19-190-C,175.05,87.22,0.006,146.0,0.008,200.0,96.23,0.03837,-0.60402,0.00216,0.01755,0.16366
180.61,ETH-27SEP19,1556017146563,open,0.02,983.0,0.008403,0.041229,0.015585,69.92,0.016,0.0,ETH-27SEP19-100-P,175.05,66.66,0.013,360.0,0.018,332.0,72.75,0.14904,-0.03321,-0.06208,0.00152,-0.06439
175.05,index_price,1556017146560,open,0.04,28.0,0.03857,0.056948,0.043888,76.5,0.043,0,ETH-26APR19-180-P,175.05,70.73,0.042,151.0,0.045,150.0,79.86,0.05774,-0.76798,-0.00953,0.03127,-0.64681
175.05,index_price,1556017146560,open,0.01,429.0,0.009598,0.02733,0.014728,76.56,0.014,0,ETH-26APR19-170-P,175.05,67.87,0.012,108.0,0.014,200.0,74.26,0.05564,-0.74062,-0.00463,0.03011,-0.32105
175.05,index_price,1556017146560,open,0.01,300.0,0.001578,0.019446,0.007669,85.52,0.004,0.2,ETH-3MAY19-210-C,175.05,76.53,0.005,350.0,0.01,150.0,92.28,0.0569,-0.25694,0.00522,0.00803,0.11795
175.05,index_price,1556017146560,open,0.07,195.0,0.058094,0.092351,0.065543,72.18,0.073,0.2,ETH-3MAY19-170-C,175.05,66.41,0.062,4.0,0.07,150.0,79.37,0.10799,-0.44947,0.02708,0.01805,0.6374
175.05,index_price,1556017146561,open,0.02,797.0,0.010292,0.028671,0.015669,76.68,0.018,0,ETH-26APR19-180-C,175.05,77.68,0.016,117.0,0.018,1.0,83.69,0.05776,-0.77007,0.00466,0.0312,0.35357
175.05,index_price,1556017146560,open,0.15,0.0,0.141199,0.166301,0.148208,78.9,None,0.2,ETH-3MAY19-200-P,175.05,65.55,0.143,144.0,0.154,50.0,91.5,0.07523,-0.20751,-0.04592,0.0115,-0.82125
175.05,index_price,1556017146562,open,0.09,95.0,0.086891,0.098114,0.092057,90.26,0.091,0,ETH-26APR19-190-P,175.05,74.7,0.089,184.0,0.092,50.0,90.0,0.03824,-0.60017,-0.01282,0.01755,-0.83716
5552.92,index_price,1556017146605,open,0.0,14.0,0.00019743,0.02070076,0.00352806,64.69,0.005,0,BTC-3MAY19-6500-C,5552.92,59.97,0.0025,15.0,0.004,2.8,66.62,1.31696,-4.31344,0.11014,0.00024,0.07683
5552.92,index_price,1556017146686,open,0.11,13.9,0.10104359,0.12943644,0.10719731,61.99,0.0715,0,BTC-3MAY19-5000-C,5552.92,57.15,0.1055,8.3,0.1085,6.9,65.45,2.0345,-6.38516,1.13081,0.00039,0.85985
5552.92,index_price,1556017146747,open,0.09,0.0,0.08453345,0.12198534,0.0926186,58.89,None,0,BTC-3MAY19-6000-P,5552.92,55.55,0.091,4.0,0.096,4.0,65.5,2.74846,-8.19408,-1.30156,0.00056,-0.77368
5552.92,index_price,1556017146751,open,0.09,47.8,0.08459329,0.1294651,0.09340519,56.9,0.091,0,BTC-31MAY19-5750-P,5552.92,55.41,0.0915,9.6,0.0965,9.6,59.32,7.10156,-5.33467,-3.64564,0.00039,-0.53927
5552.92,index_price,1556017146753,open,0.09,4.0,0.08126826,0.08672248,0.08400623,71.18,0.0865,0,BTC-26APR19-6000-P,5552.92,61.43,0.0825,4.0,0.0855,0.1,79.15,0.96395,-11.92986,-0.4234,0.00056,-0.88377
5552.92,index_price,1556017146822,open,0.01,144.7,0.00147075,0.0298636,0.00762447,61.99,0.0065,0,BTC-3MAY19-5000-P,5552.92,58.83,0.0065,2.7,0.0085,20.0,64.33,2.0345,-6.38516,-0.22202,0.00039,-0.14015
5552.92,index_price,1556017146996,open,0.07,29.8,0.06155222,0.10072798,0.06990838,56.9,0.05,0,BTC-3MAY19-5250-C,5552.92,51.33,0.067,9.5,0.071,8.9,58.94,2.95737,-8.51951,1.00814,0.00062,0.74091
5552.92,index_price,1556017147133,open,0.02,130.4,0.00700074,0.0461765,0.01535679,56.9,0.016,0,BTC-3MAY19-5250-P,5552.92,55.28,0.0145,10.0,0.0165,5.5,59.03,2.95737,-8.51946,-0.41234,0.00062,-0.25909
5552.92,index_price,1556017147140,open,0.18,0.0,0.17075274,0.19125608,0.17408329,64.69,None,0,BTC-3MAY19-6500-P,5552.92,0.0,0.0,0.0,0.2305,0.2,180.03,1.31695,-4.31338,-1.64855,0.00024,-0.92317
5552.92,index_price,1556017147275,open,0.04,106.0,0.03115998,0.07660726,0.04119997,55.5,0.039,0,BTC-3MAY19-5500-C,5552.92,51.34,0.0385,9.4,0.043,10.1,58.28,3.60287,-10.12436,0.77921,0.00078,0.55983
5552.92,index_price,1556017147310,open,0.13,0.0,0.1265367,0.15511533,0.1319273,61.46,None,0,BTC-3MAY19-6250-P,5552.92,0.0,0.0005,1.2,0.18,0.3,151.95,1.94773,-6.06039,-1.50306,0.00038,-0.86849
5552.92,index_price,1556017147420,open,0.03,13.2,0.02162986,0.06707714,0.03166984,55.5,0.031,0,BTC-3MAY19-5500-P,5552.92,52.93,0.03,10.7,0.0335,9.1,58.32,3.60287,-10.12436,-0.70891,0.00078,-0.44017
180.62,ETH-27SEP19,1556017147571,open,0.71,10.0,0.684214,0.7523,0.711378,75.89,0.781,0.0,ETH-27SEP19-300-P,175.06,0.0,0.004,4.0,0.72,1.0,80.21,0.35092,-0.08488,-1.15749,0.0033,-0.77966
5552.92,index_price,1556017147840,open,0.01,79.4,0.00402086,0.04147275,0.0121059,58.88,0.0135,0,BTC-3MAY19-6000-C,5552.92,56.62,0.011,10.0,0.0125,10.0,59.68,2.74844,-8.19394,0.32184,0.00056,0.22632
5552.92,index_price,1556017147844,open,0.12,15.6,0.12210355,0.12666502,0.12298407,80.46,0.0785,0,BTC-26APR19-4875-C,5552.92,0.0,0.007,0.1,0.178,0.1,320.2,0.34941,-4.88808,0.3699,0.00018,0.96848
5552.92,index_price,1556017148000,open,0.0,13.3,2.004e-05,0.00458151,0.00090055,80.46,0.0015,0,BTC-26APR19-4875-P,5552.92,72.95,0.0005,45.5,0.0015,0.8,88.61,0.34941,-4.88808,-0.01419,0.00018,-0.03152
5552.94,BTC-27SEP19,1556017148258,open,0.02,2.0,0.0017475,0.07090995,0.02412306,76.21,0.0255,0.0,BTC-27DEC19-15000-C,5552.92,75.09,0.0225,12.0,0.0255,10.0,77.13,8.16837,-1.2557,2.9502,5e-05,0.10236
5548.68,BTC-28JUN19,1556017148561,open,0.15,35.5,0.13456398,0.17630519,0.14871343,58.56,0.204,0.0,BTC-28JUN19-6000-P,5552.42,56.93,0.146,7.2,0.1515,7.2,60.24,9.236,-4.1054,-7.25063,0.00028,-0.57531
5552.96,BTC-27SEP19,1556017148561,open,0.56,57.5,0.55077075,0.55936353,0.55614716,73.32,0.389,0.0,BTC-27SEP19-2500-C,5552.42,0.0,0.001,0.4,0.5815,1.0,110.34,2.3864,-0.5577,9.90862,2e-05,0.97132
5548.68,BTC-28JUN19,1556017148561,open,0.29,360.3,0.28390233,0.30033357,0.29174481,63.8,0.285,0.0,BTC-28JUN19-4000-C,5552.42,39.57,0.2805,0.9,0.294,4.0,66.97,3.81672,-1.84824,6.19497,0.00011,0.91036
5552.96,BTC-27SEP19,1556017148561,open,0.02,17.6,0.00761571,0.03139453,0.01747584,66.63,0.0195,0.0,BTC-27SEP19-3250-P,5552.42,65.56,0.0165,5.2,0.019,10.0,68.26,5.11508,-1.0863,-2.18971,6e-05,-0.07427
5548.68,BTC-28JUN19,1556017148561,open,0.46,43.8,0.45941652,0.46170204,0.46221259,77.51,0.433,0.0,BTC-28JUN19-3000-C,5552.42,0.0,0.004,0.2,0.0,0.0,0.0,1.19306,-0.70193,5.17454,3e-05,0.97893
5552.96,BTC-27SEP19,1556017148561,open,0.21,777.6,0.18904343,0.25017495,0.21034971,63.08,0.2135,0.0,BTC-27SEP19-5000-C,5552.42,59.53,0.202,4.1,0.2135,4.1,64.42,13.06274,-2.62627,11.14661,0.00016,0.67739
5552.96,BTC-27SEP19,1556017148561,open,0.43,0.0,0.42234227,0.44612109,0.43219502,66.62,None,0.0,BTC-27SEP19-3250-C,5552.42,0.0,0.0005,0.3,0.0,0.0,0.0,5.11418,-1.08598,11.77926,6e-05,0.92574
5548.68,BTC-28JUN19,1556017148562,open,0.64,20.1,0.63955393,0.63958862,0.64024442,100.24,0.578,0.0,BTC-28JUN19-2000-C,5552.42,0.0,0.006,0.1,0.0,0.0,0.0,0.31266,-0.23788,3.55726,1e-05,0.99546
5552.96,BTC-27SEP19,1556017148561,open,0.73,42.8,0.72987856,0.730412,0.73115389,89.14,0.6235,0.0,BTC-27SEP19-1500-C,5552.42,0.0,0.1,0.1,0.8,1.0,229.63,0.58895,-0.16733,6.281,0.0,0.99433
5548.68,BTC-28JUN19,1556017148562,open,0.15,784.7,0.13926711,0.17606781,0.15179645,58.68,0.144,0.0,BTC-28JUN19-5000-C,5552.42,57.45,0.15,0.1,0.154,0.1,60.19,8.11813,-3.61597,5.55191,0.00025,0.70619
5548.68,BTC-28JUN19,1556017148562,open,1.71,2.0,1.70334576,1.70347386,1.7040804,88.05,2.658,0.0,BTC-28JUN19-15000-P,5552.42,0.0,0.0005,0.2,0.0,0.0,0.0,0.44331,-0.29625,-27.01223,1e-05,-0.99328
5552.96,BTC-27SEP19,1556017148562,open,0.09,30.0,0.07036234,0.12783816,0.09021123,63.08,0.086,0.0,BTC-27SEP19-4750-P,5552.42,60.72,0.085,9.6,0.0905,9.6,63.22,12.24322,-2.46168,-8.8228,0.00015,-0.27946
5552.42,index_price,1556017148561,open,0.32,217.7,0.32461881,0.32461882,0.3246797,152.65,0.3135,0,BTC-26APR19-3750-C,5552.42,0.0,0.0005,25.2,0.42,0.1,500.0,0.02429,-0.64457,0.29476,1e-05,0.99848
5552.46,BTC-27SEP19,1556017148562,open,0.36,0.0,0.34404745,0.3802082,0.3568608,64.18,None,0.0,BTC-27SEP19-3750-C,5552.42,0.0,0.0315,0.1,0.0,0.0,0.0,7.55471,-1.54526,12.32993,9e-05,0.87353
5552.42,index_price,1556017148561,open,0.02,51.8,0.00968713,0.04194851,0.0174085,60.07,0.015,0,BTC-31MAY19-6750-C,5552.42,58.99,0.0165,10.5,0.018,12.8,60.76,4.70514,-3.73098,0.94097,0.00024,0.18072
5552.46,BTC-27SEP19,1556017148562,open,0.35,10.2,0.32148391,0.38599185,0.34204159,62.58,0.8,0.0,BTC-27SEP19-7000-P,5552.42,0.0,0.0025,0.3,0.0,0.0,0.0,13.6128,-2.71499,-23.44587,0.00016,-0.64043
5548.68,BTC-28JUN19,1556017148562,open,0.0,137.0,2.23e-06,0.0005602,0.00224742,88.21,0.0015,0.0,BTC-28JUN19-13000-C,5552.42,83.79,0.0015,12.0,0.003,20.3,91.74,1.07092,-0.71701,0.16332,2e-05,0.01856
5552.46,BTC-27SEP19,1556017148562,open,0.11,43.5,0.0895008,0.15063819,0.11078174,63.07,0.1095,0.0,BTC-27SEP19-5000-P,5552.42,60.4,0.1045,9.6,0.111,9.6,63.16,13.06282,-2.62579,-10.34433,0.00016,-0.32268
5552.42,index_price,1556017148561,open,0.0,172.5,0.0,3.25e-06,2.836e-05,99.97,0.0005,0,BTC-26APR19-4250-P,5552.42,0.0,0.0,0.0,0.001,25.1,150.79,0.01838,-0.15744,-0.0005,1e-05,-0.00112
5552.46,BTC-27SEP19,1556017148562,open,0.16,15.5,0.13516062,0.20119178,0.15427123,61.48,0.155,0.0,BTC-27SEP19-5500-P,5552.42,60.39,0.1515,7.2,0.1585,7.2,63.14,14.15881,-2.7743,-13.48888,0.00017,-0.41096
5552.46,BTC-27SEP19,1556017148562,open,0.02,705.9,0.00268149,0.02362864,0.01759097,74.86,0.0175,0.0,BTC-27SEP19-12000-C,5552.42,73.84,0.0165,5.0,0.0185,10.0,75.69,6.03815,-1.44076,1.79042,6e-05,0.09262
5548.18,BTC-28JUN19,1556017148563,open,1.17,10.0,1.16288211,1.16405478,1.16559835,83.6,1.243,0.0,BTC-28JUN19-12000-P,5552.42,0.0,0.0005,0.4,0.0,0.0,0.0,1.28633,-0.81617,-21.45434,3e-05,-0.97696
5548.18,BTC-28JUN19,1556017148563,open,0.25,4.5,0.24017595,0.27043104,0.25281895,62.19,0.2105,0.0,BTC-28JUN19-4250-C,5552.42,0.0,0.02,0.1,0.0,0.0,0.0,4.90428,-2.31491,6.2108,0.00014,0.87307
5552.42,index_price,1556017148562,open,0.0,1347.7,0.0,0.0,7e-08,99.98,0.0005,0,BTC-26APR19-3750-P,5552.42,0.0,0.0,0.0,0.0005,25.2,191.66,9e-05,-0.00041,0.0,0.0,0.0
5552.46,BTC-27SEP19,1556017148564,open,0.21,2.4,0.1899135,0.25778938,0.21079351,61.99,0.284,0.0,BTC-27SEP19-6000-P,5552.42,60.53,0.207,7.2,0.215,7.2,63.59,14.52089,-2.86877,-16.84428,0.00018,-0.49504
5548.18,BTC-28JUN19,1556017148564,open,0.37,143.7,0.37005885,0.3774668,0.3747356,68.57,0.375,0.0,BTC-28JUN19-3500-C,5552.42,0.0,0.003,0.4,0.0,0.0,0.0,2.11601,-1.1013,5.83977,6e-05,0.95793
5552.46,BTC-27SEP19,1556017148564,open,0.02,332.2,0.01256359,0.0424863,0.02397451,65.28,0.024,0.0,BTC-27SEP19-3500-P,5552.42,63.97,0.0225,6.2,0.0255,10.0,66.61,6.30077,-1.31096,-2.91394,7e-05,-0.09813
5552.46,BTC-27SEP19,1556017148564,open,0.29,0.0,0.27447849,0.32240863,0.2909763,63.36,None,0.0,BTC-27SEP19-4250-C,5552.42,56.06,0.278,3.0,0.0,0.0,0.0,10.10843,-2.04142,12.21142,0.00012,0.80268
5552.46,BTC-27SEP19,1556017148564,open,0.04,108.2,0.02846998,0.07070887,0.04284862,63.5,0.041,0.0,BTC-27SEP19-4000-P,5552.42,62.01,0.0405,15.4,0.045,10.1,64.84,8.84397,-1.78991,-4.83234,0.00011,-0.15964
