underlying_price,underlying_index,timestamp,state,settlement_price,open_interest,min_price,max_price,mark_price,mark_iv,last_price,interest_rate,instrument_name,index_price,bid_iv,best_bid_price,best_bid_amount,best_ask_price,best_ask_amount,ask_iv,vega,theta,rho,gamma,delta
8027.23,SYN.BTC-29NOV19,1570445940721,open,0.21,10.6,0.1555,0.2395,0.19801733,80.15,0.1875,0.0,BTC-29NOV19-9000-P,8003.57,71.29,0.185,5.0,0.2065,24.2,85.85,11.89083,-9.01186,-9.14051,0.00016,-0.58802
8008.44,SYN.BTC-18OCT19,1570445940727,open,0.0,18.4,0.0005,0.013,0.00324117,102.18,0.006,0.0,BTC-18OCT19-6000-P,8003.57,97.07,0.0025,54.0,0.004,20.2,106.79,1.2453,-5.85018,-0.10855,6e-05,-0.04225
8110.6,BTC-27MAR20,1570445940743,open,0.11,508.3,0.063,0.157,0.10955486,87.23,0.1065,0.0,BTC-27MAR20-12000-C,8003.57,85.84,0.106,17.0,0.113,10.0,88.57,20.84663,-5.29001,9.61247,8e-05,0.36124
8011.57,SYN.BTC-25OCT19,1570445940743,open,1.16,0.0,1.0805,1.1675,1.1224374,128.14,None,0.0,BTC-25OCT19-17000-P,8003.57,0.0,0.0,0.0,0.0,0.0,0.0,0.30221,-1.08318,-8.30404,1e-05,-0.99398
8110.6,BTC-27MAR20,1570445940745,open,3.03,0.0,2.8715,3.0575,2.95909195,103.5,None,0.0,BTC-27MAR20-32000-P,8003.57,0.0,0.004,1.0,0.0,0.0,0.0,6.39862,-1.92655,-149.01623,2e-05,-0.94265
8110.6,BTC-27MAR20,1570445940747,open,0.06,828.9,0.0245,0.0965,0.05702349,89.67,0.0595,0.0,BTC-27MAR20-16000-C,8003.57,88.14,0.054,10.0,0.06,10.0,91.15,16.16825,-4.21756,5.95215,6e-05,0.21287
8027.23,SYN.BTC-29NOV19,1570445940747,open,0.18,1.0,0.156,0.2235,0.19109569,82.12,0.178,0.0,BTC-29NOV19-7000-C,8003.57,78.89,0.187,9.2,0.1955,16.2,85.57,10.21515,-7.93255,6.19541,0.00013,0.72387
8039.76,BTC-27DEC19,1570445940756,open,0.0,442.3,0.0005,0.0105,0.00050077,120.61,0.0005,0.0,BTC-27DEC19-44000-C,8003.57,0.0,0.0,0.0,0.001,13.9,128.49,0.38377,-0.28616,0.051,0.0,0.00336
8039.76,BTC-27DEC19,1570445940758,open,4.58,0.0,4.366,4.5875,4.47355963,125.2,3.46,0.0,BTC-27DEC19-44000-P,8003.57,0.0,0.001,2.0,0.0,0.0,0.0,0.5281,-0.40875,-97.42193,0.0,-0.9952
8005.3,SYN.BTC-11OCT19,1570445940761,open,0.33,0.0,0.286,0.3405,0.31195,108.43,None,0.0,BTC-11OCT19-10500-P,8003.57,0.0,0.0005,2.0,0.388,0.3,413.0,0.19754,-2.76339,-1.10768,3e-05,-0.99115
8011.57,SYN.BTC-25OCT19,1570445940776,open,0.17,579.6,0.1155,0.18,0.14748511,73.71,0.16,0.0,BTC-25OCT19-9000-P,8003.57,63.66,0.1405,5.0,0.156,13.0,85.09,5.794,-11.94573,-3.4672,0.00025,-0.73619
8005.3,SYN.BTC-11OCT19,1570445940776,open,0.09,5.1,0.077,0.1225,0.09953008,84.07,0.11,0.0,BTC-11OCT19-7250-C,8003.57,69.9,0.097,8.2,0.1015,0.1,93.16,1.6264,-17.64008,0.6655,0.00028,0.88244
8011.57,SYN.BTC-25OCT19,1570445940776,open,0.01,566.6,0.0005,0.022,0.00851969,76.74,0.009,0.0,BTC-25OCT19-10000-C,8003.57,75.49,0.008,1.0,0.009,6.0,77.88,3.35878,-7.21005,0.40268,0.00014,0.11115
8005.3,SYN.BTC-11OCT19,1570445940776,open,0.4,0.0,0.3475,0.4045,0.37449454,127.9,None,0.0,BTC-11OCT19-11000-P,8003.57,0.0,0.0005,2.0,0.0,0.0,0.0,0.21034,-3.47072,-1.16028,2e-05,-0.99049
8039.76,BTC-27DEC19,1570445940779,open,0.69,0.0,0.682,0.702,0.69183282,124.9,None,0.0,BTC-27DEC19-2500-C,8003.57,0.0,0.021,1.1,0.917,0.5,500.0,1.12025,-0.86502,5.28882,1e-05,0.98872
8039.76,BTC-27DEC19,1570445940779,open,2.05,0.0,1.9275,2.056,1.98855968,102.95,None,0.0,BTC-27DEC19-24000-P,8003.57,0.0,0.008,1.0,2.597,0.2,500.0,1.98514,-1.26354,-52.84739,1e-05,-0.97802
8011.57,SYN.BTC-25OCT19,1570445940793,open,0.0,655.3,0.0005,0.0105,0.00050109,119.11,0.001,0.0,BTC-25OCT19-16000-C,8003.57,0.0,0.0,0.0,0.001,8.0,128.76,0.31674,-1.05523,0.02293,1e-05,0.00634
8027.23,SYN.BTC-29NOV19,1570445940793,open,0.03,120.8,0.01,0.0515,0.02803767,80.44,0.0255,0.0,BTC-29NOV19-11000-C,8003.57,78.45,0.026,10.0,0.03,13.0,82.32,8.30538,-6.31779,1.88969,0.00011,0.19054
8005.3,SYN.BTC-11OCT19,1570445940793,open,0.02,120.9,0.002,0.035,0.0154872,70.85,0.016,0.0,BTC-11OCT19-7750-P,8003.57,66.77,0.014,49.1,0.017,0.4,74.96,2.93222,-26.8027,-0.28132,0.00061,-0.31546
8005.3,SYN.BTC-11OCT19,1570445940795,open,0.0,281.9,0.0005,0.0155,0.00373418,96.05,0.004,0.0,BTC-11OCT19-7000-P,8003.57,94.5,0.0035,5.0,0.004,2.5,97.76,1.22589,-15.19028,-0.07114,0.00019,-0.07996
8027.23,SYN.BTC-29NOV19,1570445940795,open,0.13,93.2,0.0815,0.1565,0.11932068,80.14,0.131,0.0,BTC-29NOV19-8000-P,8003.57,77.92,0.116,9.4,0.1235,16.4,82.93,12.02657,-9.11384,-6.44603,0.00016,-0.435
8110.6,BTC-27MAR20,1570445940798,open,0.15,176.5,0.1055,0.207,0.15773449,85.82,0.156,0.0,BTC-27MAR20-10000-C,8003.57,84.82,0.155,10.0,0.1625,10.0,87.56,22.16217,-5.53302,12.14103,8e-05,0.47563
8110.6,BTC-27MAR20,1570445940798,open,4.04,1.0,3.837,4.0565,3.94098618,108.84,2.7125,0.0,BTC-27MAR20-40000-P,8003.57,0.0,0.0055,1.0,0.0,0.0,0.0,4.69286,-1.48587,-187.21973,1e-05,-0.96106
8005.3,SYN.BTC-11OCT19,1570445940798,open,0.0,270.2,0.0005,0.011,0.00125658,78.2,0.0015,0.0,BTC-11OCT19-9250-C,8003.57,67.22,0.0005,66.6,0.002,40.5,85.51,0.70787,-7.14169,0.03276,0.00013,0.03979
8039.76,BTC-27DEC19,1570445940811,open,0.04,364.1,0.016,0.0615,0.03695235,91.95,0.041,0.0,BTC-27DEC19-5500-P,8003.57,90.04,0.035,13.0,0.039,9.8,93.91,8.30284,-4.71972,-3.10008,6e-05,-0.13707
8039.76,BTC-27DEC19,1570445940811,open,0.25,61.0,0.224,0.2965,0.26164655,87.14,0.3,0.0,BTC-27DEC19-6500-C,8003.57,0.0,0.19,2.0,0.8585,2.0,500.0,11.62211,-6.26117,8.97185,9e-05,0.76528
8011.57,SYN.BTC-25OCT19,1570445940811,open,0.05,609.7,0.0165,0.0635,0.03868329,77.03,0.0385,0.0,BTC-25OCT19-7500-P,8003.57,75.53,0.0375,10.0,0.04,6.0,78.7,6.32668,-13.63201,-1.4009,0.00026,-0.31836
8005.3,SYN.BTC-11OCT19,1570445940811,open,0.09,83.0,0.0445,0.0965,0.07038734,70.47,0.0765,0.0,BTC-11OCT19-8500-P,8003.57,56.44,0.0665,8.1,0.072,0.1,75.71,2.40993,-21.91029,-0.72715,0.0005,-0.78506
8005.3,SYN.BTC-11OCT19,1570445940811,open,0.0,27.6,0.0005,0.0105,0.00075355,92.73,0.0005,0.0,BTC-11OCT19-9750-C,8003.57,87.39,0.0005,0.8,0.001,44.6,96.89,0.43162,-5.16344,0.01799,7e-05,0.02192
8027.23,SYN.BTC-29NOV19,1570445940815,open,0.66,0.0,0.5915,0.675,0.63108477,83.99,None,0.0,BTC-29NOV19-13000-P,8003.57,0.0,0.0005,2.0,0.0,0.0,0.0,4.9118,-3.90117,-17.93478,6e-05,-0.91121
177.12,ETH-27MAR20,1570445941493,open,0.12,1804.0,0.071,0.157,0.115021,109.72,0.114,0.0,ETH-27MAR20-120-P,175.37,106.95,0.11,311.0,0.121,311.0,112.93,0.32528,-0.10383,-0.25094,0.00201,-0.18578
177.12,ETH-27MAR20,1570445941495,open,0.24,1269.0,0.164,0.285,0.227211,107.22,0.236,0.0,ETH-27MAR20-160-P,175.37,104.19,0.22,248.0,0.236,280.0,110.83,0.42661,-0.13307,-0.44516,0.00269,-0.30641
177.12,ETH-27MAR20,1570445941502,open,0.18,1277.0,0.126,0.245,0.189788,108.08,0.186,0.0,ETH-27MAR20-240-C,175.37,105.25,0.182,276.0,0.195,276.0,110.01,0.48452,-0.15234,0.24587,0.00303,0.48452
177.12,ETH-27MAR20,1570445941509,open,0.14,934.0,0.089,0.203,0.14907,108.73,0.14,0.0,ETH-27MAR20-280-C,175.37,106.09,0.142,281.0,0.155,313.0,110.98,0.47104,-0.14899,0.21341,0.00293,0.40489
177.12,ETH-27MAR20,1570445941516,open,0.05,1150.0,0.023,0.099,0.057968,113.57,0.06,0.0,ETH-27MAR20-480-C,175.37,111.4,0.054,32.0,0.063,330.0,116.27,0.32644,-0.10785,0.10752,0.00195,0.18685
175.39,SYN.ETH-11OCT19,1570445942517,open,0.02,395.0,0.003,0.048,0.022851,82.65,0.014,0.0,ETH-11OCT19-180-C,175.37,70.34,0.018,360.0,0.024,360.0,85.54,0.06967,-0.74285,0.00696,0.0258,0.3966
8110.46,BTC-27MAR20,1570445942776,open,1.3,1.7,1.195,1.337,1.26258962,91.11,1.3,0.0,BTC-27MAR20-18000-P,8003.55,0.0,1.2095,1.0,1.318,1.0,118.15,13.9727,-3.70361,-79.99873,5e-05,-0.83208
8110.46,BTC-27MAR20,1570445942776,open,1.07,1.1,0.9625,1.1015,1.02975418,89.66,1.08,0.0,BTC-27MAR20-16000-P,8003.55,51.71,0.978,1.0,1.085,1.0,114.27,16.16479,-4.21601,-69.3923,6e-05,-0.7872
8039.73,BTC-27DEC19,1570445942776,open,5.59,0.8,5.341,5.6015,5.46814996,124.16,3.59,0.0,BTC-27DEC19-52000-P,8003.55,0.0,0.001,2.0,0.0,0.0,0.0,0.22403,-0.17197,-115.19196,0.0,-0.99815
8039.73,BTC-27DEC19,1570445942776,open,0.07,522.2,0.0435,0.1155,0.07896753,83.66,0.076,0.0,BTC-27DEC19-10000-C,8003.55,81.97,0.076,18.9,0.08,0.2,84.25,14.16507,-7.3266,5.01523,0.00012,0.3605
8039.73,BTC-27DEC19,1570445942776,open,0.25,640.9,0.183,0.279,0.23178719,83.66,0.2335,0.0,BTC-27DEC19-9000-P,8003.55,80.3,0.2255,11.0,0.238,5.0,86.98,15.03733,-7.77756,-13.67217,0.00013,-0.5357
8039.73,BTC-27DEC19,1570445942776,open,1.29,9.4,1.197,1.304,1.24739565,93.48,1.1125,0.0,BTC-27DEC19-18000-P,8003.55,0.0,0.006,5.0,1.893,0.2,500.0,4.1195,-2.38065,-39.08232,3e-05,-0.94649
8110.46,BTC-27MAR20,1570445942776,open,0.11,239.7,0.062,0.1405,0.10119496,88.34,0.1075,0.0,BTC-27MAR20-6000-P,8003.55,86.48,0.0975,10.0,0.105,10.0,90.25,16.11913,-4.14236,-11.95267,6e-05,-0.21177
8110.46,BTC-27MAR20,1570445942776,open,0.01,552.0,0.0005,0.0265,0.00900506,108.56,0.0095,0.0,BTC-27MAR20-40000-C,8003.55,106.73,0.008,8.0,0.01,1.7,110.24,4.63863,-1.46488,1.12238,1e-05,0.03839
8110.46,BTC-27MAR20,1570445942777,open,0.83,58.8,0.7365,0.8735,0.80392065,88.37,0.809,0.0,BTC-27MAR20-14000-P,8003.55,62.87,0.7535,1.0,0.859,1.0,110.79,18.57818,-4.77575,-58.38312,7e-05,-0.72477
8039.73,BTC-27DEC19,1570445942776,open,0.45,260.6,0.3735,0.474,0.42351615,83.78,0.4475,0.0,BTC-27DEC19-11000-P,8003.55,53.81,0.3835,3.0,0.469,3.0,110.76,12.62771,-6.54059,-20.45989,0.00011,-0.725
8039.73,BTC-27DEC19,1570445942776,open,0.63,0.0,0.621,0.646,0.63234634,120.05,None,0.0,BTC-27DEC19-3000-C,8003.55,0.0,0.06,1.0,0.907,0.5,500.0,1.93539,-1.43647,6.16941,1e-05,0.97867
8039.73,BTC-27DEC19,1570445942776,open,0.02,482.8,0.006,0.0355,0.01843256,100.49,0.021,0.0,BTC-27DEC19-4500-P,8003.55,98.23,0.017,60.0,0.0195,15.0,102.13,5.17508,-3.21503,-1.60539,4e-05,-0.07169
8039.73,BTC-27DEC19,1570445942776,open,0.0,336.6,0.0005,0.011,0.00125211,110.66,0.0015,0.0,BTC-27DEC19-32000-C,8003.55,108.12,0.001,32.0,0.0015,5.0,112.81,0.86523,-0.59194,0.12721,1e-05,0.00839
8110.46,BTC-27MAR20,1570445942777,open,0.02,146.5,0.006,0.0485,0.02201215,95.46,0.02,0.0,BTC-27MAR20-24000-C,8003.55,93.63,0.02,28.0,0.024,10.0,97.17,9.18431,-2.5504,2.67184,3e-05,0.09197
8039.73,BTC-27DEC19,1570445942776,open,0.0,239.5,0.0005,0.0125,0.00280141,125.0,0.004,0.0,BTC-27DEC19-2500-P,8003.55,122.77,0.0025,39.1,0.004,16.0,132.66,1.12373,-0.86841,-0.25158,1e-05,-0.01132
8039.73,BTC-27DEC19,1570445942776,open,0.75,0.0,0.7425,0.762,0.75209349,125.02,None,0.0,BTC-27DEC19-2000-C,8003.55,0.0,0.02,2.0,0.927,0.5,500.0,0.44089,-0.34076,4.34632,0.0,0.99607
8039.73,BTC-27DEC19,1570445942776,open,1.79,4.9,1.6835,1.805,1.7409074,100.23,1.0385,0.0,BTC-27DEC19-22000-P,8003.55,0.0,0.008,2.0,2.3615,0.3,500.0,2.49392,-1.54536,-48.31289,2e-05,-0.97113
8039.73,BTC-27DEC19,1570445942776,open,0.0,1542.5,0.0005,0.0105,0.0002952,125.0,0.0005,0.0,BTC-27DEC19-52000-C,8003.55,0.0,0.0,0.0,0.001,16.0,138.86,0.23968,-0.18522,0.03033,0.0,0.002
8039.73,BTC-27DEC19,1570445942776,open,0.21,53.6,0.181,0.2575,0.22096082,84.58,0.2255,0.0,BTC-27DEC19-7000-C,8003.55,82.75,0.218,15.4,0.2255,7.4,87.39,13.00069,-6.79838,8.67221,0.00011,0.70777
8039.73,BTC-27DEC19,1570445942776,open,4.07,0.0,3.878,4.0805,3.97602412,118.9,2.58,0.0,BTC-27DEC19-40000-P,8003.55,0.0,0.001,2.0,0.0,0.0,0.0,0.53167,-0.39081,-88.55771,0.0,-0.99516
8039.73,BTC-27DEC19,1570445942776,open,1.04,22.0,0.955,1.0565,1.00262858,89.44,1.0275,0.0,BTC-27DEC19-16000-P,8003.55,0.0,0.42,0.2,1.661,0.2,500.0,5.47746,-3.02891,-34.29962,4e-05,-0.92278
8110.46,BTC-27MAR20,1570445942776,open,0.01,48.6,0.001,0.0295,0.01075606,105.9,0.0095,0.0,BTC-27MAR20-36000-C,8003.55,103.92,0.0095,11.0,0.012,10.0,107.72,5.34658,-1.64715,1.33671,2e-05,0.04576
8039.71,BTC-27DEC19,1570445942777,open,0.4,66.8,0.3785,0.4305,0.40430588,95.69,0.4155,0.0,BTC-27DEC19-5000-C,8003.55,63.1,0.3835,8.0,0.4245,8.0,117.77,6.65772,-3.9386,8.82447,5e-05,0.89967
8110.46,BTC-27MAR20,1570445942777,open,3.54,0.0,3.354,3.5565,3.44939192,105.79,None,0.0,BTC-27MAR20-36000-P,8003.55,0.0,0.005,1.0,0.0,0.0,0.0,5.32262,-1.63797,-168.19133,2e-05,-0.9545
8110.46,BTC-27MAR20,1570445942777,open,2.04,0.0,1.908,2.0635,1.98110272,95.41,None,0.0,BTC-27MAR20-24000-P,8003.55,0.0,0.0015,2.0,0.0,0.0,0.0,9.17287,-2.54602,-110.34628,3e-05,-0.90818
8110.46,BTC-27MAR20,1570445942777,open,0.03,366.2,0.0145,0.0555,0.03273351,96.4,0.0315,0.0,BTC-27MAR20-4000-P,8003.55,94.7,0.031,19.0,0.0345,0.2,98.1,8.34142,-2.33929,-4.33843,3e-05,-0.08086
8110.46,BTC-27MAR20,1570445942777,open,0.03,126.2,0.008,0.0555,0.02676445,93.89,0.028,0.0,BTC-27MAR20-22000-C,8003.55,92.09,0.0245,20.0,0.029,10.0,95.59,10.46318,-2.85784,3.17778,4e-05,0.10997
8005.3,SYN.BTC-11OCT19,1570445942776,open,0.0,321.4,0.0005,0.0125,0.00251384,76.4,0.002,0.0,BTC-11OCT19-9000-C,8003.55,72.62,0.002,1.7,0.003,46.5,79.62,1.15283,-11.362,0.06055,0.00022,0.07375
8039.71,BTC-27DEC19,1570445942777,open,0.0,244.9,0.0005,0.0105,0.00015561,125.0,0.001,0.0,BTC-27DEC19-1500-P,8003.55,140.98,0.0005,11.1,0.0015,27.0,161.84,0.10655,-0.08234,-0.01744,0.0,-0.00082
8027.21,SYN.BTC-29NOV19,1570445942776,open,0.12,89.8,0.086,0.1565,0.12268756,80.12,0.117,0.0,BTC-29NOV19-8000-C,8003.55,77.66,0.119,10.0,0.1255,8.0,82.0,12.02662,-9.11203,5.14327,0.00016,0.56498
8011.56,SYN.BTC-25OCT19,1570445942776,open,0.78,2.0,0.7135,0.7865,0.74822415,103.79,0.372,0.0,BTC-25OCT19-14000-P,8003.55,0.0,0.0,0.0,0.7765,0.1,201.14,0.48475,-1.40722,-6.81897,1e-05,-0.9897
8110.46,BTC-27MAR20,1570445942777,open,2.29,0.0,2.1485,2.3105,2.22444192,97.23,None,0.0,BTC-27MAR20-26000-P,8003.55,0.0,0.0015,2.0,0.0,0.0,0.0,8.18799,-2.31586,-120.13298,3e-05,-0.9211
8039.71,BTC-27DEC19,1570445942777,open,5.09,0.0,4.8535,5.0945,4.97079202,124.12,None,0.0,BTC-27DEC19-48000-P,8003.55,0.0,0.0005,2.0,0.0,0.0,0.0,0.32924,-0.25265,-106.31415,0.0,-0.99716
8110.44,BTC-27MAR20,1570445942778,open,0.35,10.5,0.318,0.4015,0.36142231,88.35,0.35,0.0,BTC-27MAR20-6000-C,8003.55,74.84,0.335,5.0,0.384,5.0,99.62,16.11934,-4.14274,16.30013,6e-05,0.78822
8039.71,BTC-27DEC19,1570445942778,open,3.06,0.3,2.9025,3.0665,2.98147042,110.43,1.875,0.0,BTC-27DEC19-32000-P,8003.55,0.0,0.002,1.0,0.0,0.0,0.0,0.85266,-0.58212,-70.77954,1e-05,-0.99175
8039.71,BTC-27DEC19,1570445942778,open,0.3,121.1,0.271,0.3375,0.30513813,89.18,0.3295,0.0,BTC-27DEC19-6000-C,8003.55,70.3,0.283,7.0,0.332,7.0,109.91,10.0067,-5.5174,9.13242,8e-05,0.81779
8039.71,BTC-27DEC19,1570445942778,open,0.0,545.7,0.0005,0.0105,0.00075123,119.18,0.0005,0.0,BTC-27DEC19-40000-C,8003.55,114.85,0.0005,32.0,0.001,10.0,122.48,0.54185,-0.39922,0.07471,0.0,0.00494
8039.71,BTC-27DEC19,1570445942778,open,0.02,663.4,0.0045,0.037,0.01677491,88.8,0.017,0.0,BTC-27DEC19-15000-C,8003.55,86.59,0.015,42.0,0.0185,25.0,90.84,6.62951,-3.6396,1.47813,5e-05,0.09975
8039.71,BTC-27DEC19,1570445942778,open,0.01,774.0,0.0005,0.0185,0.00625997,97.51,0.0075,0.0,BTC-27DEC19-20000-C,8003.55,94.15,0.005,42.0,0.0075,64.0,100.43,3.23122,-1.94794,0.593,2e-05,0.03955
8039.71,BTC-27DEC19,1570445942778,open,0.0,709.7,0.0005,0.0115,0.00150256,108.48,0.002,0.0,BTC-27DEC19-30000-C,8003.55,103.89,0.001,32.1,0.002,1.3,112.02,1.01521,-0.68083,0.15271,1e-05,0.01007
8039.71,BTC-27DEC19,1570445942778,open,0.45,4.1,0.437,0.4815,0.45871436,100.49,0.578,0.0,BTC-27DEC19-4500-C,8003.55,0.0,0.0125,1.1,0.8835,1.0,500.0,5.17549,-3.21544,8.36539,4e-05,0.92831
8039.71,BTC-27DEC19,1570445942778,open,2.81,0.2,2.6585,2.8135,2.73295723,108.29,2.03,0.0,BTC-27DEC19-30000-P,8003.55,0.0,0.0,0.0,0.0,0.0,0.0,1.00386,-0.67207,-66.32235,1e-05,-0.99005
8039.71,BTC-27DEC19,1570445942778,open,0.57,4.0,0.5585,0.59,0.57315091,112.52,0.666,0.0,BTC-27DEC19-3500-C,8003.55,0.0,0.021,1.1,0.936,1.0,500.0,2.80374,-1.95034,7.01158,2e-05,0.96675
8039.71,BTC-27DEC19,1570445942778,open,3.57,1.3,3.39,3.574,3.47874727,115.45,2.2,0.0,BTC-27DEC19-36000-P,8003.55,0.0,0.01,1.0,0.0,0.0,0.0,0.68536,-0.48916,-79.67038,0.0,-0.99356
8039.71,BTC-27DEC19,1570445942778,open,0.56,74.2,0.4835,0.5835,0.53213307,84.56,0.496,0.0,BTC-27DEC19-12000-P,8003.55,0.0,0.4925,3.0,0.577,3.0,113.79,10.90043,-5.69871,-23.55644,9e-05,-0.79021
8005.3,SYN.BTC-11OCT19,1570445942776,open,0.24,0.1,0.2355,0.268,0.25098421,125.01,0.26,0.0,BTC-11OCT19-6000-C,8003.55,0.0,0.238,1.0,0.2655,1.0,251.87,0.23214,-3.74373,0.62764,3e-05,0.98936
8039.71,BTC-27DEC19,1570445942778,open,0.01,497.4,0.003,0.0265,0.01273096,106.17,0.015,0.0,BTC-27DEC19-4000-P,8003.55,103.56,0.0115,15.0,0.014,10.0,108.73,3.89092,-2.55388,-1.11401,3e-05,-0.0498
8039.71,BTC-27DEC19,1570445942778,open,0.08,395.3,0.039,0.103,0.07015748,87.16,0.0745,0.0,BTC-27DEC19-6500-P,8003.55,85.32,0.0675,10.0,0.073,8.9,89.12,11.62273,-6.26286,-5.43161,9e-05,-0.23475
8039.71,BTC-27DEC19,1570445942778,open,0.0,604.7,0.0005,0.011,0.00100167,115.77,0.001,0.0,BTC-27DEC19-36000-C,8003.55,108.43,0.0005,639.0,0.0015,6.0,120.67,0.69991,-0.50095,0.09969,0.0,0.0066
8039.71,BTC-27DEC19,1570445942778,open,2.55,0.1,2.4145,2.561,2.48469437,107.09,1.49,0.0,BTC-27DEC19-28000-P,8003.55,0.0,0.0,0.0,0.0,0.0,0.0,1.27514,-0.84423,-61.84359,1e-05,-0.9869
8110.44,BTC-27MAR20,1570445942778,open,0.23,97.0,0.184,0.2845,0.23690708,85.83,0.225,0.0,BTC-27MAR20-8000-C,8003.55,83.95,0.232,10.0,0.2415,10.0,87.6,21.11002,-5.27085,14.80919,8e-05,0.62467
8110.44,BTC-27MAR20,1570445942778,open,0.61,44.5,0.522,0.656,0.58910511,87.22,0.585,0.0,BTC-27MAR20-12000-P,8003.55,67.05,0.54,2.0,0.643,2.0,107.58,20.84538,-5.28924,-46.89551,8e-05,-0.6388
8110.44,BTC-27MAR20,1570445942778,open,0.03,292.6,0.011,0.0655,0.03351755,92.45,0.0345,0.0,BTC-27MAR20-20000-C,8003.55,90.72,0.031,10.0,0.036,10.0,94.09,12.05055,-3.24085,3.85513,4e-05,0.13446
8039.71,BTC-27DEC19,1570445942778,open,0.68,99.0,0.598,0.697,0.64550319,85.38,0.638,0.0,BTC-27DEC19-13000-P,8003.55,0.0,0.6065,2.0,0.6895,2.0,117.17,9.20456,-4.85834,-26.46464,8e-05,-0.84009
8039.71,BTC-27DEC19,1570445942778,open,0.06,1069.0,0.0255,0.08,0.05142907,89.18,0.0575,0.0,BTC-27DEC19-6000-P,8003.55,87.22,0.049,20.4,0.054,9.4,91.24,10.00652,-5.51707,-4.16204,8e-05,-0.18221
8110.44,BTC-27MAR20,1570445942778,open,2.54,0.0,2.389,2.558,2.46853148,98.95,None,0.0,BTC-27MAR20-28000-P,8003.55,0.0,0.0025,1.0,0.0,0.0,0.0,7.36954,-2.12145,-129.84262,2e-05,-0.93125
8005.3,SYN.BTC-11OCT19,1570445942776,open,0.46,0.0,0.4085,0.4675,0.43665989,124.95,None,0.0,BTC-11OCT19-11500-P,8003.55,0.0,0.002,2.0,0.0,0.0,0.0,0.07523,-1.21273,-1.21866,1e-05,-0.99701
8110.44,BTC-27MAR20,1570445942778,open,1.79,6.0,1.669,1.8185,1.73926415,93.85,1.826,0.0,BTC-27MAR20-22000-P,8003.55,0.0,0.795,0.4,0.0,0.0,0.0,10.45253,-2.85367,-100.42244,4e-05,-0.89018
8110.44,BTC-27MAR20,1570445942779,open,0.01,34.5,0.003,0.0345,0.01350752,103.33,0.0125,0.0,BTC-27MAR20-32000-C,8003.55,102.02,0.0125,2.8,0.0145,10.0,104.57,6.3615,-1.91232,1.65818,2e-05,0.05693
8110.44,BTC-27MAR20,1570445942779,open,0.04,156.8,0.016,0.0785,0.04327169,91.14,0.04,0.0,BTC-27MAR20-18000-C,8003.55,89.51,0.0405,10.0,0.046,10.0,92.7,13.97786,-3.70589,4.76411,5e-05,0.16801
8039.71,BTC-27DEC19,1570445942779,open,0.8,268.3,0.7155,0.8145,0.76237617,86.43,0.7205,0.0,BTC-27DEC19-14000-P,8003.55,0.0,0.724,1.0,0.806,2.0,121.33,7.70423,-4.11649,-29.20362,6e-05,-0.87697
8005.3,SYN.BTC-11OCT19,1570445942777,open,0.12,1.2,0.1085,0.1515,0.12931077,96.03,0.134,0.0,BTC-11OCT19-7000-C,8003.55,0.0,0.1105,4.0,0.147,1.0,171.99,1.22543,-15.18139,0.67218,0.00019,0.92008
8110.44,BTC-27MAR20,1570445942779,open,0.02,32.6,0.0035,0.039,0.01625914,99.03,0.015,0.0,BTC-27MAR20-28000-C,8003.55,97.03,0.0145,18.0,0.018,10.0,100.89,7.38746,-2.12822,2.01291,2e-05,0.06896
8039.71,BTC-27DEC19,1570445942779,open,0.02,599.2,0.006,0.0435,0.02103065,86.44,0.02,0.0,BTC-27DEC19-14000-C,8003.55,85.35,0.02,24.0,0.022,0.2,87.44,7.70607,-4.11801,1.81775,6e-05,0.12307
8039.71,BTC-27DEC19,1570445942779,open,2.3,0.0,2.171,2.308,2.23643153,104.69,None,0.0,BTC-27DEC19-26000-P,8003.55,0.0,0.006,10.0,2.8335,0.2,500.0,1.54448,-0.99962,-57.36278,1e-05,-0.98363
8039.71,BTC-27DEC19,1570445942779,open,0.0,86.3,0.0005,0.0105,0.00085714,125.0,0.0015,0.0,BTC-27DEC19-2000-P,8003.55,127.47,0.001,7.0,0.002,1.0,140.27,0.44056,-0.34046,-0.08515,0.0,-0.00392
8039.71,BTC-27DEC19,1570445942779,open,0.0,407.9,0.0005,0.0145,0.00450731,100.26,0.004,0.0,BTC-27DEC19-22000-C,8003.55,96.75,0.0035,42.0,0.0055,6.0,103.25,2.49759,-1.54814,0.43484,2e-05,0.02892
8027.21,SYN.BTC-29NOV19,1570445942778,open,0.78,0.0,0.712,0.7965,0.75182509,85.82,None,0.0,BTC-29NOV19-14000-P,8003.55,0.0,0.0,0.0,0.0,0.0,0.0,3.72668,-3.02439,-19.65213,5e-05,-0.93816
8027.21,SYN.BTC-29NOV19,1570445942777,open,0.03,62.8,0.0125,0.0535,0.03095072,88.5,0.035,0.0,BTC-29NOV19-6000-P,8003.55,86.29,0.029,10.0,0.033,22.0,90.78,7.15201,-5.98509,-2.11467,9e-05,-0.1509
8011.56,SYN.BTC-25OCT19,1570445942776,open,0.02,332.2,0.0075,0.045,0.02406186,73.64,0.023,0.0,BTC-25OCT19-9000-C,8003.55,71.47,0.0225,21.0,0.025,6.0,74.94,5.79138,-11.92966,0.93977,0.00025,0.26358
8039.71,BTC-27DEC19,1570445942779,open,1.54,4.6,1.4405,1.554,1.49389642,97.47,1.466,0.0,BTC-27DEC19-20000-P,8003.55,0.0,0.006,5.0,2.127,0.2,500.0,3.22626,-1.94418,-43.7235,2e-05,-0.96053
8039.71,BTC-27DEC19,1570445942780,open,0.15,353.5,0.116,0.197,0.15819865,83.66,0.156,0.0,BTC-27DEC19-8000-C,8003.55,81.65,0.1545,7.9,0.161,12.4,85.19,14.77012,-7.63962,7.56685,0.00012,0.58296
8110.44,BTC-27MAR20,1570445942779,open,0.02,101.2,0.0045,0.043,0.01876046,97.28,0.018,0.0,BTC-27MAR20-26000-C,8003.55,95.49,0.017,18.0,0.0205,10.1,98.96,8.20151,-2.32099,2.30348,3e-05,0.07907
8039.71,BTC-27DEC19,1570445942779,open,0.01,373.9,0.0005,0.0195,0.00848729,112.51,0.009,0.0,BTC-27DEC19-3500-P,8003.55,109.59,0.0075,48.0,0.0095,10.0,115.33,2.80327,-1.94988,-0.74346,2e-05,-0.03325
8008.43,SYN.BTC-18OCT19,1570445942778,open,0.3,0.0,0.2995,0.332,0.31496886,113.92,None,0.0,BTC-18OCT19-5500-C,8003.55,0.0,0.3015,1.0,0.3285,5.0,184.42,0.73284,-3.83812,1.58152,3e-05,0.97774
8039.71,BTC-27DEC19,1570445942780,open,0.04,732.3,0.0155,0.0685,0.0395512,84.57,0.038,0.0,BTC-27DEC19-12000-C,8003.55,83.42,0.038,22.7,0.041,0.2,85.63,10.90129,-5.69961,3.03316,9e-05,0.20982
8039.71,BTC-27DEC19,1570445942780,open,0.34,73.3,0.323,0.382,0.35284712,91.95,0.491,0.0,BTC-27DEC19-5500-C,8003.55,0.0,0.01,0.2,0.4875,1.0,201.73,8.30279,-4.71959,9.0867,6e-05,0.86293
8110.44,BTC-27MAR20,1570445942780,open,0.02,102.7,0.0035,0.038,0.01550855,102.14,0.018,0.0,BTC-27MAR20-30000-C,8003.55,101.55,0.015,1.0,0.016,10.0,102.7,7.03877,-2.09145,1.88201,2e-05,0.06479
8039.71,BTC-27DEC19,1570445942780,open,0.92,210.2,0.835,0.9355,0.88250224,88.79,0.905,0.0,BTC-27DEC19-15000-P,8003.55,0.0,0.8435,1.0,0.925,2.0,125.88,6.62722,-3.63776,-31.75909,5e-05,-0.9003
8110.44,BTC-27MAR20,1570445942779,open,3.28,0.0,3.1125,3.307,3.20405171,104.54,None,0.0,BTC-27MAR20-34000-P,8003.55,0.0,0.0045,1.0,0.0,0.0,0.0,5.79354,-1.76188,-158.62685,2e-05,-0.94941
8008.43,SYN.BTC-18OCT19,1570445942776,open,0.21,0.0,0.1645,0.2225,0.19252083,75.38,None,0.0,BTC-18OCT19-9500-P,8003.55,0.0,0.01,1.0,0.0,0.0,0.0,2.53252,-8.77635,-2.59247,0.00018,-0.89391
8110.44,BTC-27MAR20,1570445942780,open,2.78,0.0,2.6305,2.809,2.71437176,102.06,None,0.0,BTC-27MAR20-30000-P,8003.55,0.0,0.0035,1.0,0.0,0.0,0.0,7.01927,-2.08394,-139.39172,2e-05,-0.93544
8110.44,BTC-27MAR20,1570445942780,open,0.08,322.5,0.0385,0.1215,0.07778448,88.38,0.0805,0.0,BTC-27MAR20-14000-C,8003.55,86.94,0.0745,18.0,0.081,10.0,89.77,18.58008,-4.77696,7.54289,7e-05,0.27529
8039.71,BTC-27DEC19,1570445942780,open,0.03,890.8,0.01,0.047,0.026215,95.68,0.029,0.0,BTC-27DEC19-5000-P,8003.55,93.59,0.0245,30.0,0.028,10.0,97.82,6.65738,-3.93821,-2.2542,5e-05,-0.10032
8110.44,BTC-27MAR20,1570445942780,open,1.55,0.0,1.4305,1.576,1.49942636,92.42,None,0.0,BTC-27MAR20-20000-P,8003.55,0.0,1.4455,1.0,1.5565,1.0,122.71,12.04234,-3.2375,-90.32657,4e-05,-0.86567
8005.3,SYN.BTC-11OCT19,1570445942777,open,0.01,541.6,0.0005,0.0255,0.00896759,77.31,0.0095,0.0,BTC-11OCT19-7500-P,8003.55,75.66,0.0085,0.1,0.0095,0.4,79.17,2.27699,-22.71031,-0.17369,0.00043,-0.19537
8008.43,SYN.BTC-18OCT19,1570445942776,open,0.18,0.5,0.1735,0.216,0.19433625,90.73,0.18,0.0,BTC-18OCT19-6500-C,8003.55,0.0,0.1755,5.0,0.2135,5.0,144.39,2.03874,-8.50453,1.73361,0.00012,0.92084
8005.3,SYN.BTC-11OCT19,1570445942777,open,0.0,130.1,0.0005,0.0105,5.499e-05,125.0,0.0005,0.0,BTC-11OCT19-5500-P,8003.55,0.0,0.0,0.0,0.0005,4.4,158.62,0.03898,-0.44018,-0.00128,0.0,-0.00145
8005.3,SYN.BTC-11OCT19,1570445942777,open,0.0,66.0,0.0005,0.0105,0.00048717,125.0,0.0015,0.0,BTC-11OCT19-6000-P,8003.55,0.0,0.0,0.0,0.001,5.5,138.69,0.23207,-3.74233,-0.00946,3e-05,-0.01064
8011.56,SYN.BTC-25OCT19,1570445942777,open,1.03,0.0,0.958,1.041,0.99761215,119.04,None,0.0,BTC-25OCT19-16000-P,8003.55,0.0,0.0,0.0,0.0,0.0,0.0,0.31557,-1.05077,-7.81309,1e-05,-0.99368
8011.56,SYN.BTC-25OCT19,1570445942776,open,0.4,27.9,0.347,0.4095,0.37652424,82.24,0.35,0.0,BTC-25OCT19-11000-P,8003.55,0.0,0.352,1.0,0.4045,3.0,144.5,1.81066,-4.16511,-5.20719,7e-05,-0.95061
8005.3,SYN.BTC-11OCT19,1570445942778,open,0.12,0.7,0.0725,0.124,0.09754788,72.77,0.098,0.0,BTC-11OCT19-8750-P,8003.55,44.45,0.0935,8.1,0.0995,0.1,81.3,1.70136,-15.97287,-0.8264,0.00034,-0.87466
8027.21,SYN.BTC-29NOV19,1570445942776,open,0.01,35.2,0.0005,0.0205,0.00776443,85.84,0.006,0.0,BTC-29NOV19-14000-C,8003.55,82.98,0.0065,58.0,0.009,10.0,88.39,3.72858,-3.02647,0.62935,5e-05,0.06188
8027.21,SYN.BTC-29NOV19,1570445942776,open,0.02,107.3,0.0045,0.03,0.01472579,99.11,0.014,0.0,BTC-29NOV19-5000-P,8003.55,96.78,0.0135,10.0,0.016,15.0,101.45,4.29984,-4.02985,-1.03678,5e-05,-0.07443
8011.56,SYN.BTC-25OCT19,1570445942778,open,0.25,16.3,0.2385,0.2815,0.2593133,98.96,0.27,0.0,BTC-25OCT19-6000-C,8003.55,0.0,0.24,6.0,0.2765,1.0,140.57,2.54547,-7.04607,2.60639,8e-05,0.9236
8005.3,SYN.BTC-11OCT19,1570445942780,open,0.18,0.2,0.172,0.209,0.18953084,112.38,0.17,0.0,BTC-11OCT19-6500-C,8003.55,0.0,0.1745,1.0,0.206,4.0,212.53,0.58723,-8.514,0.66199,8e-05,0.96832
8005.3,SYN.BTC-11OCT19,1570445942779,open,0.0,173.9,0.0005,0.0105,0.00011254,125.0,0.001,0.0,BTC-11OCT19-11500-C,8003.55,0.0,0.0,0.0,0.001,20.0,160.65,0.07545,-0.90091,0.00245,1e-05,0.003
8027.21,SYN.BTC-29NOV19,1570445942778,open,0.91,0.0,0.8335,0.9205,0.87431123,88.58,None,0.0,BTC-29NOV19-15000-P,8003.55,0.0,0.0,0.0,0.0,0.0,0.0,2.94289,-2.465,-21.26179,4e-05,-0.95409
8005.3,SYN.BTC-11OCT19,1570445942777,open,0.0,264.8,0.0005,0.011,0.00100609,86.35,0.001,0.0,BTC-11OCT19-9500-C,8003.55,77.54,0.0005,50.1,0.0015,40.5,92.54,0.56278,-6.26941,0.02473,0.0001,0.0301
8005.3,SYN.BTC-11OCT19,1570445942776,open,0.3,0.0,0.299,0.3265,0.3130106,125.04,None,0.0,BTC-11OCT19-5500-C,8003.55,0.0,0.0,0.0,0.0,0.0,0.0,0.0391,-0.63069,0.58273,0.0,0.99855
8011.56,SYN.BTC-25OCT19,1570445942779,open,0.91,0.0,0.836,0.914,0.87304339,114.57,None,0.0,BTC-25OCT19-15000-P,8003.55,0.0,0.0,0.0,0.0,0.0,0.0,0.45049,-1.44365,-7.31197,1e-05,-0.99053
8027.21,SYN.BTC-29NOV19,1570445942777,open,0.04,70.1,0.021,0.075,0.04664874,80.12,0.0435,0.0,BTC-29NOV19-10000-C,8003.55,77.67,0.0435,10.0,0.0485,21.0,81.55,10.37222,-7.85852,2.77145,0.00014,0.28498
8011.56,SYN.BTC-25OCT19,1570445942776,open,0.02,105.8,0.0025,0.028,0.0124686,87.62,0.014,0.0,BTC-25OCT19-6500-P,8003.55,85.39,0.0115,10.0,0.0135,6.0,89.91,3.54545,-8.68884,-0.51953,0.00013,-0.11994
8008.43,SYN.BTC-18OCT19,1570445942778,open,0.34,0.0,0.2855,0.343,0.31287381,82.24,None,0.0,BTC-18OCT19-10500-P,8003.55,0.0,0.013,1.0,0.0,0.0,0.0,1.02008,-3.85686,-3.05385,6e-05,-0.96691
8039.71,BTC-27DEC19,1570445942784,open,0.01,364.3,0.003,0.03,0.01251942,89.46,0.012,0.0,BTC-27DEC19-16000-C,8003.55,87.93,0.0115,57.0,0.0135,0.1,90.87,5.47918,-3.03024,1.15318,4e-05,0.07725
8011.56,SYN.BTC-25OCT19,1570445942778,open,0.01,143.6,0.003,0.0315,0.01428305,75.01,0.0145,0.0,BTC-25OCT19-9500-C,8003.55,72.7,0.013,55.0,0.0155,6.2,77.13,4.53203,-9.50877,0.62158,0.00019,0.1727
8005.3,SYN.BTC-11OCT19,1570445942780,open,0.01,378.4,0.0005,0.0245,0.00854415,70.32,0.0075,0.0,BTC-11OCT19-8500-C,8003.55,68.49,0.008,0.6,0.009,0.4,71.82,2.40626,-21.82829,0.17497,0.0005,0.21438
8005.3,SYN.BTC-11OCT19,1570445942778,open,0.21,1.9,0.1635,0.215,0.18771912,86.35,0.1905,0.0,BTC-11OCT19-9500-P,8003.55,0.0,0.1695,3.0,0.209,3.0,189.69,0.56266,-6.26768,-0.98402,0.0001,-0.96991
8008.43,SYN.BTC-18OCT19,1570445942778,open,0.0,5.3,0.0005,0.011,0.0012548,88.78,0.0015,0.0,BTC-18OCT19-11000-C,8003.55,78.26,0.0005,42.5,0.002,15.0,95.55,0.75459,-3.07994,0.052,4e-05,0.02305
8005.3,SYN.BTC-11OCT19,1570445942776,open,0.27,1.6,0.225,0.277,0.24953341,92.79,0.26,0.0,BTC-11OCT19-10000-P,8003.55,0.0,0.243,1.0,0.271,2.0,220.17,0.24524,-2.93584,-1.0525,4e-05,-0.98866
8005.3,SYN.BTC-11OCT19,1570445942779,open,0.0,325.2,0.0005,0.0105,0.00036166,92.8,0.0005,0.0,BTC-11OCT19-10000-C,8003.55,0.0,0.0,0.0,0.0005,1.0,96.83,0.24535,-2.89518,0.00933,4e-05,0.01134
8027.21,SYN.BTC-29NOV19,1570445942781,open,0.07,110.4,0.044,0.109,0.07679669,80.12,0.0685,0.0,BTC-29NOV19-9000-C,8003.55,77.55,0.073,10.0,0.0755,0.2,79.25,11.89036,-9.00876,3.89698,0.00016,0.41192
8008.43,SYN.BTC-18OCT19,1570445942779,open,0.0,4.1,0.0005,0.0115,0.00174437,113.91,0.002,0.0,BTC-18OCT19-5500-P,8003.55,111.12,0.0015,15.0,0.002,18.0,116.59,0.73269,-3.83713,-0.05727,3e-05,-0.02226
8005.3,SYN.BTC-11OCT19,1570445942778,open,0.06,11.6,0.0475,0.0955,0.07208889,77.31,0.0625,0.0,BTC-11OCT19-7500-C,8003.55,67.78,0.0695,8.2,0.0745,0.1,85.52,2.277,-22.71078,0.62268,0.00043,0.80463
8008.43,SYN.BTC-18OCT19,1570445942780,open,0.08,7.6,0.061,0.115,0.08892604,76.6,0.0775,0.0,BTC-18OCT19-7500-C,8003.55,66.33,0.083,14.0,0.093,14.0,83.46,4.70886,-16.58349,1.48917,0.00032,0.713
8011.56,SYN.BTC-25OCT19,1570445942779,open,0.14,9.3,0.121,0.175,0.14871447,82.03,0.165,0.0,BTC-25OCT19-7000-C,8003.55,37.7,0.128,6.0,0.169,6.0,112.27,4.9941,-11.45823,2.54736,0.00019,0.79795
8011.56,SYN.BTC-25OCT19,1570445942778,open,0.09,29.0,0.073,0.13,0.10252364,77.02,0.094,0.0,BTC-25OCT19-7500-C,8003.55,71.25,0.098,15.7,0.1035,6.0,78.25,6.32649,-13.62872,2.27232,0.00026,0.68166
8011.56,SYN.BTC-25OCT19,1570445942778,open,0.01,856.4,0.0005,0.021,0.00822986,98.96,0.0085,0.0,BTC-25OCT19-6000-P,8003.55,98.23,0.008,10.0,0.0085,6.2,99.8,2.54533,-7.04543,-0.33205,8e-05,-0.0764
8005.3,SYN.BTC-11OCT19,1570445942778,open,0.18,0.2,0.133,0.183,0.15674187,78.22,0.155,0.0,BTC-11OCT19-9250-P,8003.55,0.0,0.1365,3.0,0.1725,3.0,154.86,0.70827,-7.14691,-0.94942,0.00013,-0.96018
8005.3,SYN.BTC-11OCT19,1570445942778,open,0.24,0.6,0.1945,0.2465,0.21869673,92.74,0.2185,0.0,BTC-11OCT19-9750-P,8003.55,0.0,0.1985,2.0,0.24,2.0,205.4,0.4318,-5.1661,-1.01729,7e-05,-0.97807
8011.56,SYN.BTC-25OCT19,1570445942781,open,0.0,384.0,0.0005,0.012,0.00200592,90.69,0.0025,0.0,BTC-25OCT19-12000-C,8003.55,86.79,0.0015,57.3,0.0025,6.0,93.94,1.13557,-2.88064,0.10158,4e-05,0.02789
8008.43,SYN.BTC-18OCT19,1570445942780,open,0.0,104.6,0.0005,0.013,0.00326232,78.8,0.003,0.0,BTC-18OCT19-10000-C,8003.55,74.75,0.0025,10.0,0.004,2.5,82.24,1.6211,-5.87254,0.13255,0.00011,0.05881
8011.56,SYN.BTC-25OCT19,1570445942776,open,0.0,421.4,0.0005,0.0105,0.00075198,114.62,0.0015,0.0,BTC-25OCT19-15000-C,8003.55,109.48,0.0005,20.0,0.001,16.0,118.58,0.45159,-1.44776,0.0343,1e-05,0.00949
8011.56,SYN.BTC-25OCT19,1570445942779,open,0.01,106.3,0.0005,0.016,0.00526543,79.06,0.0055,0.0,BTC-25OCT19-10500-C,8003.55,76.44,0.0045,50.9,0.006,6.0,81.39,2.44133,-5.39844,0.26316,0.0001,0.07234
8011.56,SYN.BTC-25OCT19,1570445942777,open,0.12,33.8,0.07,0.133,0.10176115,73.64,0.1075,0.0,BTC-25OCT19-8500-P,8003.55,69.79,0.0985,6.8,0.1035,6.0,75.69,6.7981,-14.00309,-2.79618,0.00029,-0.61089
8027.21,SYN.BTC-29NOV19,1570445942780,open,0.07,129.1,0.0345,0.0935,0.06315819,82.14,0.068,0.0,BTC-29NOV19-7000-P,8003.55,80.84,0.0615,10.0,0.065,4.0,83.59,10.21567,-7.93522,-3.94583,0.00013,-0.27616
8008.43,SYN.BTC-18OCT19,1570445942776,open,0.04,17.8,0.0245,0.075,0.05014941,72.14,0.05,0.0,BTC-18OCT19-8000-C,8003.55,68.28,0.0475,10.0,0.0525,7.0,75.56,5.50115,-18.24527,1.14072,0.0004,0.52819
8008.43,SYN.BTC-18OCT19,1570445942779,open,0.4,0.0,0.347,0.406,0.37480582,88.77,None,0.0,BTC-18OCT19-11000-P,8003.55,0.0,0.015,1.0,0.0,0.0,0.0,0.75415,-3.07769,-3.22564,4e-05,-0.97697
8005.3,SYN.BTC-11OCT19,1570445942777,open,0.15,0.0,0.14,0.1805,0.15929563,105.44,None,0.0,BTC-11OCT19-6750-C,8003.55,0.0,0.1425,4.0,0.177,4.0,194.69,0.88015,-11.97288,0.67027,0.00012,0.94782
8011.56,SYN.BTC-25OCT19,1570445942780,open,0.04,285.8,0.0175,0.065,0.04079602,73.64,0.0375,0.0,BTC-25OCT19-8500-C,8003.55,70.34,0.038,19.0,0.0415,6.0,74.47,6.79812,-14.00346,1.36666,0.00029,0.38911
8008.43,SYN.BTC-18OCT19,1570445942776,open,0.13,13.2,0.113,0.162,0.13788411,81.72,0.1465,0.0,BTC-18OCT19-7000-C,8003.55,56.85,0.1295,5.0,0.148,5.0,104.21,3.26254,-12.25685,1.69267,0.00021,0.84724
8008.43,SYN.BTC-18OCT19,1570445942777,open,0.27,0.0,0.225,0.282,0.25194506,78.79,None,0.0,BTC-18OCT19-10000-P,8003.55,0.0,0.013,1.0,0.0,0.0,0.0,1.62082,-5.87112,-2.84712,0.00011,-0.9412
8011.56,SYN.BTC-25OCT19,1570445942776,open,0.0,435.0,0.0005,0.0105,0.00075217,103.83,0.0015,0.0,BTC-25OCT19-14000-C,8003.55,99.05,0.0005,50.0,0.001,6.0,107.51,0.48584,-1.41095,0.03755,1e-05,0.01032
8011.56,SYN.BTC-25OCT19,1570445942776,open,0.0,923.8,0.0005,0.0105,0.0003973,125.0,0.0005,0.0,BTC-25OCT19-17000-C,8003.55,0.0,0.0,0.0,0.001,46.8,138.19,0.25276,-0.88374,0.01775,1e-05,0.00492
8005.3,SYN.BTC-11OCT19,1570445942778,open,0.0,158.1,0.0005,0.017,0.00452272,72.77,0.004,0.0,BTC-11OCT19-8750-C,8003.55,70.25,0.004,0.1,0.005,0.5,74.97,1.70141,-15.97368,0.10271,0.00034,0.12535
8005.3,SYN.BTC-11OCT19,1570445942777,open,0.0,40.3,0.0005,0.0105,0.00025144,105.43,0.0005,0.0,BTC-11OCT19-10500-C,8003.55,0.0,0.0,0.0,0.0005,0.5,114.64,0.16663,-2.01286,0.00598,2e-05,0.00729
8005.3,SYN.BTC-11OCT19,1570445942778,open,0.06,81.9,0.0215,0.072,0.0467099,69.24,0.0685,0.0,BTC-11OCT19-8250-P,8003.55,63.4,0.0445,0.1,0.0485,0.4,73.91,3.05427,-27.28227,-0.59254,0.00065,-0.65037
8011.56,SYN.BTC-25OCT19,1570445942776,open,0.08,1237.0,0.036,0.0925,0.06417911,73.64,0.069,0.0,BTC-25OCT19-8000-P,8003.55,72.87,0.0635,9.6,0.066,6.0,75.71,7.04433,-14.51036,-2.0724,0.0003,-0.46401
8027.21,SYN.BTC-29NOV19,1570445942779,open,0.42,0.0,0.357,0.4415,0.39837684,80.44,None,0.0,BTC-29NOV19-11000-P,8003.55,0.0,0.0005,2.0,0.0,0.0,0.0,8.30536,-6.31783,-14.04546,0.00011,-0.80946
8005.3,SYN.BTC-11OCT19,1570445942778,open,0.04,34.5,0.0225,0.0705,0.04736351,70.81,0.0455,0.0,BTC-11OCT19-7750-C,8003.55,65.68,0.0455,24.0,0.0505,4.0,79.29,2.93188,-26.78364,0.54169,0.00061,0.68462
8027.21,SYN.BTC-29NOV19,1570445942780,open,0.38,0.0,0.3705,0.4145,0.39184698,99.12,None,0.0,BTC-29NOV19-5000-C,8003.55,0.0,0.012,1.0,0.0,0.0,0.0,4.30016,-4.03033,6.20635,5e-05,0.92556
8008.43,SYN.BTC-18OCT19,1570445942778,open,0.0,5.0,0.0005,0.0115,0.00175693,82.25,0.002,0.0,BTC-18OCT19-10500-C,8003.55,80.13,0.0015,10.0,0.002,15.7,84.08,1.02048,-3.85876,0.07481,6e-05,0.03311
8008.43,SYN.BTC-18OCT19,1570445942778,open,0.01,46.5,0.0005,0.0185,0.00627222,75.38,0.0065,0.0,BTC-18OCT19-9500-C,8003.55,71.15,0.005,10.0,0.0075,23.0,79.11,2.5327,-8.77735,0.23821,0.00018,0.1061
8008.43,SYN.BTC-18OCT19,1570445942779,open,0.03,118.6,0.0075,0.0475,0.0254381,76.6,0.028,0.0,BTC-18OCT19-7500-P,8003.55,73.29,0.0235,10.0,0.0275,14.0,80.09,4.70884,-16.58312,-0.74555,0.00032,-0.287
8005.3,SYN.BTC-11OCT19,1570445942779,open,0.0,192.5,0.0005,0.011,0.00149238,112.38,0.0015,0.0,BTC-11OCT19-6500-P,8003.55,104.86,0.001,40.0,0.002,0.7,118.72,0.58717,-8.51293,-0.0282,8e-05,-0.03168
8011.56,SYN.BTC-25OCT19,1570445942776,open,0.19,0.0,0.177,0.225,0.20114232,87.62,None,0.0,BTC-25OCT19-6500-C,8003.55,0.0,0.179,6.0,0.2215,6.0,126.1,3.54557,-8.68938,2.66379,0.00013,0.88005
8005.3,SYN.BTC-11OCT19,1570445942776,open,0.0,60.4,0.0005,0.0105,0.00033425,125.0,0.0005,0.0,BTC-11OCT19-11000-C,8003.55,0.0,0.0,0.0,0.001,7.0,144.0,0.1835,-2.67579,0.00663,2e-05,0.00814
8011.56,SYN.BTC-25OCT19,1570445942778,open,0.34,0.0,0.286,0.3485,0.31586941,79.05,None,0.0,BTC-25OCT19-10500-P,8003.55,0.0,0.2905,1.0,0.3445,3.0,135.17,2.4409,-5.39706,-4.87922,0.0001,-0.92768
8011.56,SYN.BTC-25OCT19,1570445942778,open,0.06,420.2,0.038,0.092,0.0656237,73.64,0.0615,0.0,BTC-25OCT19-8000-C,8003.55,70.66,0.063,10.0,0.067,6.0,75.21,7.04433,-14.51066,1.84556,0.0003,0.536
8027.21,SYN.BTC-29NOV19,1570445942779,open,0.27,0.0,0.2545,0.3115,0.28349615,88.5,None,0.0,BTC-29NOV19-6000-C,8003.55,0.0,0.055,0.1,0.0,0.0,0.0,7.1522,-5.98549,6.57712,9e-05,0.84909
8005.3,SYN.BTC-11OCT19,1570445942781,open,0.0,33.5,0.0005,0.0125,0.00248646,105.44,0.003,0.0,BTC-11OCT19-6750-P,8003.55,100.76,0.002,40.0,0.003,0.7,109.88,0.8801,-11.97197,-0.04646,0.00012,-0.05218
8008.43,SYN.BTC-18OCT19,1570445942783,open,0.01,163.8,0.002,0.029,0.01253914,72.52,0.011,0.0,BTC-18OCT19-9000-C,8003.55,69.19,0.011,21.0,0.014,5.0,75.57,3.77781,-12.59596,0.42869,0.00027,0.19219
175.62,SYN.ETH-29NOV19,1570445942810,open,0.02,42.0,0.008,0.048,0.0249,99.59,0.035,0.0,ETH-29NOV19-280-C,175.37,96.22,0.022,296.0,0.029,296.0,104.08,0.15509,-0.14605,0.03155,0.00349,0.1489
175.42,SYN.ETH-18OCT19,1570445942812,open,0.05,110.0,0.022,0.085,0.052529,98.72,0.058,0.0,ETH-18OCT19-170-P,175.37,79.79,0.04,160.0,0.049,341.0,93.4,0.1165,-0.52874,-0.02333,0.01287,-0.39381
177.15,ETH-27MAR20,1570445942814,open,0.11,555.0,0.065,0.171,0.119007,109.43,0.12,0.0,ETH-27MAR20-320-C,175.37,107.03,0.113,285.0,0.125,317.0,111.8,0.4455,-0.14182,0.18448,0.00275,0.34016
175.75,ETH-27DEC19,1570445942824,open,0.18,1016.0,0.138,0.238,0.191977,108.42,0.187,0.0,ETH-27DEC19-180-C,175.37,104.63,0.185,359.0,0.196,263.0,110.61,0.32295,-0.21647,0.15209,0.00435,0.58253
175.45,SYN.ETH-25OCT19,1570445942826,open,0.02,2347.0,0.004,0.036,0.017258,103.1,0.018,0.0,ETH-25OCT19-140-P,175.37,98.29,0.015,200.0,0.019,380.0,106.67,0.08427,-0.24303,-0.01308,0.00542,-0.13493
175.75,ETH-27DEC19,1570445942833,open,3.18,0.0,2.978,3.23,3.098799,118.92,None,0.0,ETH-27DEC19-720-P,175.37,0.0,0.003,5.0,0.0,0.0,0.0,0.0269,-0.01977,-1.59127,0.00033,-0.98743
177.15,ETH-27MAR20,1570445942835,open,1.82,0.0,1.658,1.884,1.767995,113.82,None,0.0,ETH-27MAR20-480-P,175.37,0.0,0.003,10.0,0.0,0.0,0.0,0.32763,-0.10849,-2.15227,0.00195,-0.81209
175.39,SYN.ETH-11OCT19,1570445942835,open,0.0,518.0,0.001,0.014,0.002925,101.99,0.003,0.0,ETH-11OCT19-150-P,175.37,82.28,0.001,200.0,0.004,200.0,109.89,0.02201,-0.28961,-0.0012,0.00661,-0.06173
175.75,ETH-27DEC19,1570445942839,open,1.23,0.0,1.108,1.269,1.185598,111.25,None,0.0,ETH-27DEC19-380-P,175.37,0.0,0.001,5.0,0.0,0.0,0.0,0.1586,-0.10908,-0.80711,0.00208,-0.88699
175.75,ETH-27DEC19,1570445942841,open,1.8,21.0,1.655,1.837,1.741747,114.67,0.629,0.0,ETH-27DEC19-480-P,175.37,0.0,0.001,7.0,0.0,0.0,0.0,0.09302,-0.06595,-1.04599,0.00119,-0.94425
177.15,ETH-27MAR20,1570445942845,open,2.05,0.0,1.872,2.106,1.985118,114.42,None,0.0,ETH-27MAR20-520-P,175.37,0.0,0.005,10.0,0.0,0.0,0.0,0.30038,-0.09999,-2.35347,0.00178,-0.83617
175.75,ETH-27DEC19,1570445942869,open,1.57,0.0,1.435,1.609,1.518383,114.13,None,0.0,ETH-27DEC19-440-P,175.37,0.0,0.001,8.0,0.0,0.0,0.0,0.11708,-0.08261,-0.95151,0.0015,-0.92502
175.75,ETH-27DEC19,1570445942869,open,1.34,16.0,1.218,1.384,1.297518,114.13,1.195,0.0,ETH-27DEC19-400-P,175.37,0.0,0.001,8.0,0.0,0.0,0.0,0.1488,-0.10499,-0.85443,0.0019,-0.89657
175.75,ETH-27DEC19,1570445942869,open,0.02,275.0,0.007,0.048,0.023436,111.25,0.021,0.0,ETH-27DEC19-380-C,175.37,108.48,0.021,640.0,0.024,150.0,111.87,0.1586,-0.10908,0.03488,0.00208,0.11301
177.15,ETH-27MAR20,1570445942869,open,2.27,0.0,2.088,2.333,2.205952,116.31,None,0.0,ETH-27MAR20-560-P,175.37,0.0,0.01,10.0,0.0,0.0,0.0,0.28153,-0.09526,-2.55049,0.00164,-0.85151
177.15,ETH-27MAR20,1570445942869,open,1.6,0.0,1.446,1.662,1.552199,112.78,None,0.0,ETH-27MAR20-440-P,175.37,0.0,0.002,10.0,0.0,0.0,0.0,0.35537,-0.1166,-1.9495,0.00213,-0.78482
175.39,SYN.ETH-11OCT19,1570445942869,open,0.03,218.0,0.003,0.046,0.020409,82.93,0.03,0.0,ETH-11OCT19-170-P,175.37,76.53,0.018,372.0,0.024,372.0,92.36,0.06635,-0.70984,-0.00674,0.02449,-0.34169
175.42,SYN.ETH-18OCT19,1570445942869,open,0.13,101.0,0.078,0.161,0.119881,98.73,0.126,0.0,ETH-18OCT19-190-P,175.37,76.35,0.106,120.0,0.118,120.0,95.78,0.11225,-0.5095,-0.0402,0.0124,-0.64923
175.75,ETH-27DEC19,1570445942874,open,2.49,0.0,2.316,2.53,2.417913,115.28,0.953,0.0,ETH-27DEC19-600-P,175.37,0.0,0.0,0.0,0.0,0.0,0.0,0.04545,-0.03239,-1.32197,0.00058,-0.97678
175.75,ETH-27DEC19,1570445942874,open,2.03,37.0,1.875,2.067,1.966458,115.26,0.707,0.0,ETH-27DEC19-520-P,175.37,0.0,0.002,25.0,0.0,0.0,0.0,0.07414,-0.05283,-1.13886,0.00094,-0.95802
177.15,ETH-27MAR20,1570445942883,open,0.39,1238.0,0.297,0.444,0.374009,107.22,0.384,0.0,ETH-27MAR20-200-P,175.37,102.76,0.362,24.0,0.383,24.0,110.58,0.47508,-0.14819,-0.66199,0.003,-0.41956
175.75,ETH-27DEC19,1570445942889,open,0.31,3557.0,0.226,0.351,0.29126,108.55,0.301,0.0,ETH-27DEC19-200-P,175.37,104.16,0.283,96.0,0.299,259.0,112.68,0.33004,-0.22149,-0.30774,0.00444,-0.49899
175.75,ETH-27DEC19,1570445942893,open,2.95,0.0,2.757,2.996,2.871527,116.95,None,0.0,ETH-27DEC19-680-P,175.37,0.0,0.002,10.0,0.0,0.0,0.0,0.03049,-0.02204,-1.502,0.00038,-0.98547
175.39,SYN.ETH-11OCT19,1570445942896,open,0.08,27.0,0.063,0.126,0.095946,92.84,0.072,0.0,ETH-11OCT19-160-C,175.37,63.42,0.09,40.0,0.098,40.0,100.85,0.0434,-0.51978,0.01392,0.01431,0.84319
175.75,ETH-27DEC19,1570445942898,open,2.26,0.0,2.095,2.298,2.191848,115.26,0.845,0.0,ETH-27DEC19-560-P,175.37,0.0,0.0,0.0,0.0,0.0,0.0,0.05801,-0.04133,-1.23086,0.00074,-0.96889
175.75,ETH-27DEC19,1570445942898,open,0.16,3023.0,0.1,0.199,0.151429,108.82,0.147,0.0,ETH-27DEC19-160-P,175.37,105.63,0.146,382.0,0.157,254.0,112.08,0.29967,-0.2016,-0.18755,0.00402,-0.33018
175.75,ETH-27DEC19,1570445942898,open,2.72,0.0,2.536,2.762,2.644536,115.83,None,0.0,ETH-27DEC19-640-P,175.37,0.0,0.0,0.0,0.0,0.0,0.0,0.03655,-0.02617,-1.41227,0.00046,-0.98204
177.15,ETH-27MAR20,1570445942912,open,2.5,0.0,2.304,2.558,2.425935,116.94,None,0.0,ETH-27MAR20-600-P,175.37,0.0,0.02,10.0,0.0,0.0,0.0,0.25928,-0.0882,-2.74813,0.0015,-0.86845
175.75,ETH-27DEC19,1570445942912,open,3.42,0.0,3.199,3.464,3.326393,122.6,None,0.0,ETH-27DEC19-760-P,175.37,0.0,0.0,0.0,0.0,0.0,0.0,0.02633,-0.01996,-1.68002,0.00031,-0.98774
175.75,ETH-27DEC19,1570445942919,open,1.12,257.0,1.001,1.158,1.077062,111.25,0.7,0.0,ETH-27DEC19-360-P,175.37,0.0,0.01,2.0,0.0,0.0,0.0,0.17876,-0.12295,-0.75665,0.00235,-0.86594
175.75,ETH-27DEC19,1570445942927,open,0.01,10821.0,0.001,0.021,0.00771,115.26,0.007,0.0,ETH-27DEC19-520-C,175.37,110.88,0.006,640.0,0.011,460.0,122.22,0.07414,-0.05283,0.01335,0.00094,0.04198
175.42,SYN.ETH-18OCT19,1570445942929,open,0.06,31.0,0.047,0.116,0.083433,98.72,0.06,0.0,ETH-18OCT19-170-C,175.37,73.86,0.067,120.0,0.079,220.0,92.04,0.1165,-0.52874,0.02732,0.01287,0.60619
175.45,SYN.ETH-25OCT19,1570445942939,open,0.12,554.0,0.093,0.163,0.130154,93.08,0.128,0.0,ETH-25OCT19-160-C,175.37,86.24,0.125,40.0,0.134,220.0,98.13,0.13312,-0.34658,0.04974,0.00949,0.70905
175.42,SYN.ETH-18OCT19,1570445942943,open,0.09,0.0,0.044,0.12,0.082478,98.51,None,0.0,ETH-18OCT19-180-P,175.37,77.39,0.068,120.0,0.08,120.0,94.9,0.12054,-0.5459,-0.03183,0.01334,-0.52651
175.39,SYN.ETH-11OCT19,1570445942943,open,0.07,510.0,0.018,0.082,0.049146,82.65,0.07,0.0,ETH-11OCT19-180-P,175.37,72.14,0.045,120.0,0.053,120.0,92.31,0.06966,-0.74282,-0.01215,0.02581,-0.6034
8039.73,BTC-27DEC19,1570445943237,open,0.25,640.9,0.183,0.279,0.23178719,83.66,0.2335,0.0,BTC-27DEC19-9000-P,8003.55,80.3,0.2255,11.0,0.238,11.0,86.98,15.03733,-7.77756,-13.67217,0.00013,-0.5357
8011.54,SYN.BTC-25OCT19,1570445943795,open,0.53,37.4,0.469,0.5345,0.49984092,90.66,0.533,0.0,BTC-25OCT19-12000-P,8003.55,0.0,0.475,1.0,0.528,2.0,165.37,1.13386,-2.87526,-5.77554,4e-05,-0.97216
8005.28,SYN.BTC-11OCT19,1570445943795,open,0.02,205.7,0.008,0.051,0.0287758,69.23,0.03,0.0,BTC-11OCT19-8000-C,8003.55,64.91,0.027,0.9,0.03,0.2,72.21,3.28758,-29.36267,0.41578,0.0007,0.51791
8011.54,SYN.BTC-25OCT19,1570445943795,open,0.65,32.0,0.591,0.66,0.6239083,98.24,0.6245,0.0,BTC-25OCT19-13000-P,8003.55,0.0,0.5985,1.0,0.653,2.0,185.78,0.75099,-2.06362,-6.30452,2e-05,-0.98291
8008.41,SYN.BTC-18OCT19,1570445943798,open,0.24,0.0,0.236,0.2735,0.25402945,102.19,None,0.0,BTC-18OCT19-6000-C,8003.55,0.0,0.2385,1.0,0.271,1.0,165.94,1.24545,-5.85107,1.67922,6e-05,0.95774
8110.32,BTC-27MAR20,1570445944790,open,0.01,22.4,0.0025,0.032,0.01200537,104.65,0.016,0.0,BTC-27MAR20-34000-C,8003.57,103.21,0.011,4.0,0.013,10.0,106.01,5.81775,-1.77118,1.48359,2e-05,0.05085
8039.68,BTC-27DEC19,1570445944790,open,0.16,618.2,0.109,0.196,0.15326067,83.66,0.1655,0.0,BTC-27DEC19-8000-P,8003.57,81.62,0.1495,6.8,0.158,13.8,86.24,14.77009,-7.63957,-10.15939,0.00012,-0.41704
8039.68,BTC-27DEC19,1570445944790,open,0.0,648.0,0.0005,0.013,0.00325495,102.38,0.003,0.0,BTC-27DEC19-24000-C,8003.57,101.28,0.003,2.0,0.0035,1.0,103.37,1.92921,-1.22104,0.32064,1e-05,0.02125
8039.68,BTC-27DEC19,1570445944790,open,0.1,248.7,0.056,0.128,0.09164305,84.59,0.1005,0.0,BTC-27DEC19-7000-P,8003.57,83.57,0.09,17.4,0.0935,2.0,85.73,13.00075,-6.7986,-6.83839,0.00011,-0.29223
8039.68,BTC-27DEC19,1570445944790,open,0.34,498.6,0.2725,0.3725,0.32279651,83.66,0.35,0.0,BTC-27DEC19-10000-P,8003.57,59.13,0.282,4.0,0.362,4.0,105.34,14.16491,-7.32652,-17.1426,0.00012,-0.63951
8039.68,BTC-27DEC19,1570445944790,open,0.01,518.0,0.0005,0.015,0.00549247,120.05,0.0055,0.0,BTC-27DEC19-3000-P,8003.57,117.95,0.005,32.0,0.006,10.0,122.11,1.93524,-1.43632,-0.47786,1e-05,-0.02133
8039.68,BTC-27DEC19,1570445944790,open,0.0,495.4,0.0005,0.012,0.00200307,107.23,0.0015,0.0,BTC-27DEC19-28000-C,8003.57,103.75,0.0015,40.4,0.0025,6.0,110.1,1.28485,-0.85173,0.19971,1e-05,0.01321
8039.68,BTC-27DEC19,1570445944790,open,0.0,458.1,0.0005,0.0125,0.00250381,104.79,0.002,0.0,BTC-27DEC19-26000-C,8003.57,101.98,0.002,32.0,0.003,6.0,107.2,1.55298,-1.00611,0.24882,1e-05,0.01647
8039.68,BTC-27DEC19,1570445944790,open,0.81,10.1,0.804,0.8235,0.81358126,125.02,0.8205,0.0,BTC-27DEC19-1500-C,8003.57,0.0,0.806,1.0,0.8225,1.0,220.62,0.10668,-0.08245,3.3062,0.0,0.99918
8039.68,BTC-27DEC19,1570445944790,open,0.51,31.1,0.497,0.535,0.51520089,106.17,0.6265,0.0,BTC-27DEC19-4000-C,8003.57,0.0,0.019,1.2,0.543,0.2,149.7,3.89123,-2.55418,7.74895,3e-05,0.95019
8110.32,BTC-27MAR20,1570445944790,open,0.41,174.0,0.3265,0.4525,0.39073244,85.83,0.4025,0.0,BTC-27MAR20-10000-P,8003.57,79.14,0.3725,3.0,0.4035,7.8,90.49,22.16138,-5.5331,-34.94904,8e-05,-0.52438
8039.68,BTC-27DEC19,1570445944791,open,0.11,194.6,0.072,0.151,0.11235025,83.66,0.1045,0.0,BTC-27DEC19-9000-C,8003.57,81.34,0.108,17.4,0.1145,8.4,84.81,15.03724,-7.7778,6.26969,0.00013,0.4643
8039.68,BTC-27DEC19,1570445944790,open,0.03,434.5,0.0095,0.054,0.02853627,85.38,0.029,0.0,BTC-27DEC19-13000-C,8003.57,84.47,0.0275,13.0,0.0295,0.2,86.22,9.2054,-4.85914,2.34069,8e-05,0.15993
8110.32,BTC-27MAR20,1570445944792,open,0.53,1.1,0.514,0.5655,0.53954218,96.41,0.5375,0.0,BTC-27MAR20-4000-C,8003.57,0.0,0.012,1.1,0.999,0.1,500.0,8.34206,-2.3396,14.49667,3e-05,0.91913
8039.7,BTC-27DEC19,1570445944792,open,0.0,342.0,0.0005,0.0105,0.00046452,125.0,0.0005,0.0,BTC-27DEC19-48000-C,8003.57,0.0,0.0,0.0,0.001,16.0,133.92,0.35128,-0.27146,0.04603,0.0,0.00305
8110.32,BTC-27MAR20,1570445944791,open,0.24,213.2,0.1675,0.2765,0.22329034,85.83,0.22,0.0,BTC-27MAR20-8000-P,8003.57,83.99,0.2185,8.9,0.2285,8.9,87.83,21.10995,-5.27064,-22.86239,8e-05,-0.37534
8011.54,SYN.BTC-25OCT19,1570445944790,open,0.03,1154.5,0.007,0.0425,0.02245408,82.03,0.024,0.0,BTC-25OCT19-7000-P,8003.57,81.3,0.022,1.0,0.023,6.0,82.9,4.99424,-11.45895,-0.88091,0.00019,-0.20206
8027.17,SYN.BTC-29NOV19,1570445944791,open,0.01,1018.3,0.002,0.027,0.01151881,83.87,0.0105,0.0,BTC-29NOV19-13000-C,8003.57,81.28,0.01,57.0,0.013,10.0,86.22,4.89484,-3.88181,0.8938,6e-05,0.08838
8027.17,SYN.BTC-29NOV19,1570445944790,open,0.31,0.0,0.2495,0.3355,0.29241127,80.12,None,0.0,BTC-29NOV19-10000-P,8003.57,0.0,0.009,1.0,0.9,1.0,500.0,10.37182,-7.85783,-11.71521,0.00014,-0.71504
8011.54,SYN.BTC-25OCT19,1570445944792,open,0.22,0.5,0.169,0.2325,0.20007041,75.01,0.225,0.0,BTC-25OCT19-9500-P,8003.57,0.0,0.1755,4.0,0.221,4.0,106.62,4.53168,-9.50754,-4.03107,0.00019,-0.82732
8005.28,SYN.BTC-11OCT19,1570445944790,open,0.01,187.9,0.002,0.0355,0.01613553,69.22,0.0155,0.0,BTC-11OCT19-8250-C,8003.57,64.91,0.0145,32.1,0.0175,0.4,72.78,3.05408,-27.27379,0.28343,0.00065,0.34957
8011.54,SYN.BTC-25OCT19,1570445944790,open,0.0,391.8,0.0005,0.011,0.00125336,98.29,0.002,0.0,BTC-25OCT19-13000-C,8003.57,95.39,0.001,10.0,0.0015,6.0,100.76,0.75293,-2.07001,0.06235,2e-05,0.01715
8027.17,SYN.BTC-29NOV19,1570445944791,open,0.01,21.5,0.0005,0.0165,0.00566513,88.57,0.006,0.0,BTC-29NOV19-15000-C,8003.57,86.69,0.005,1.0,0.006,0.5,89.47,2.94222,-2.4643,0.46782,4e-05,0.0459
8005.28,SYN.BTC-11OCT19,1570445944792,open,0.04,333.8,0.0075,0.0515,0.02810962,69.21,0.029,0.0,BTC-11OCT19-8000-P,8003.57,66.51,0.027,0.3,0.0295,0.4,72.6,3.28758,-29.35605,-0.43368,0.0007,-0.48209
8008.41,SYN.BTC-18OCT19,1570445944790,open,0.01,143.6,0.0005,0.018,0.00598164,90.74,0.0065,0.0,BTC-18OCT19-6500-P,8003.57,86.72,0.005,63.0,0.007,0.1,94.6,2.0389,-8.50541,-0.20318,0.00012,-0.07917
8005.28,SYN.BTC-11OCT19,1570445944793,open,0.15,8.1,0.1025,0.1535,0.12676787,76.37,0.125,0.0,BTC-11OCT19-9000-P,8003.57,0.0,0.1225,0.1,0.129,0.1,89.51,1.15194,-11.34953,-0.89516,0.00022,-0.92632
8027.17,SYN.BTC-29NOV19,1570445944793,open,0.02,149.7,0.0045,0.036,0.0170271,81.2,0.016,0.0,BTC-29NOV19-12000-C,8003.57,79.88,0.016,10.0,0.018,0.2,82.42,6.31755,-4.85086,1.26493,8e-05,0.12581
8008.41,SYN.BTC-18OCT19,1570445944790,open,0.02,146.7,0.002,0.0285,0.01196466,81.72,0.013,0.0,BTC-18OCT19-7000-P,8003.57,79.32,0.011,11.0,0.013,0.1,84.23,3.26272,-12.25807,-0.39311,0.00021,-0.15278
8005.28,SYN.BTC-11OCT19,1570445944792,open,0.01,123.1,0.0005,0.0185,0.00522389,84.29,0.0045,0.0,BTC-11OCT19-7250-P,8003.57,80.63,0.0045,50.4,0.006,0.5,87.99,1.6319,-17.74523,-0.10485,0.00028,-0.11813
8008.41,SYN.BTC-18OCT19,1570445944790,open,0.1,0.6,0.058,0.117,0.087598,72.14,0.11,0.0,BTC-18OCT19-8500-P,8003.57,58.99,0.0795,5.0,0.0955,29.0,84.45,5.05743,-16.77282,-1.78717,0.00037,-0.66135
8008.41,SYN.BTC-18OCT19,1570445944792,open,0.02,114.1,0.008,0.048,0.02621678,72.14,0.026,0.0,BTC-18OCT19-8500-C,8003.57,67.0,0.023,19.0,0.0275,15.0,74.17,5.05751,-16.77424,0.74556,0.00037,0.33866
8011.54,SYN.BTC-25OCT19,1570445944790,open,0.0,633.1,0.0005,0.0135,0.00350991,82.25,0.0035,0.0,BTC-25OCT19-11000-C,8003.57,79.89,0.003,50.0,0.004,6.0,84.33,1.81102,-4.16626,0.18005,7e-05,0.0494
8027.17,SYN.BTC-29NOV19,1570445944790,open,0.54,0.0,0.4725,0.555,0.51194804,81.2,None,0.0,BTC-29NOV19-12000-P,8003.57,0.0,0.0005,3.0,0.0,0.0,0.0,6.31728,-4.85052,-16.11893,8e-05,-0.8742
8011.54,SYN.BTC-25OCT19,1570445944792,open,0.28,325.4,0.2265,0.2895,0.25671826,76.74,0.272,0.0,BTC-25OCT19-10000-P,8003.57,0.0,0.23,3.0,0.264,4.9,91.82,3.35846,-7.20911,-4.49482,0.00014,-0.88886
8008.41,SYN.BTC-18OCT19,1570445944795,open,0.15,0.0,0.107,0.1665,0.13635233,72.51,0.124,0.0,BTC-18OCT19-9000-P,8003.57,48.09,0.127,4.0,0.1455,12.0,90.31,3.77723,-12.59218,-2.25308,0.00027,-0.80785
175.75,ETH-27DEC19,1570445945810,open,0.11,2341.0,0.059,0.14,0.100093,110.92,0.094,0.0,ETH-27DEC19-140-P,175.37,108.13,0.096,128.0,0.105,401.0,114.24,0.25893,-0.17755,-0.13361,0.00341,-0.24302
175.75,ETH-27DEC19,1570445945810,open,0.0,14470.0,0.001,0.012,0.003,115.83,0.004,0.0,ETH-27DEC19-640-C,175.37,110.32,0.002,460.0,0.004,3662.0,120.17,0.03655,-0.02617,0.00583,0.00046,0.01796
175.75,ETH-27DEC19,1570445945810,open,0.09,5002.0,0.053,0.14,0.097397,108.55,0.093,0.0,ETH-27DEC19-240-C,175.37,105.48,0.092,128.0,0.099,281.0,109.46,0.30997,-0.20802,0.10287,0.00417,0.36157
175.45,SYN.ETH-25OCT19,1570445945810,open,0.0,5488.0,0.001,0.012,0.002696,106.92,0.003,0.0,ETH-25OCT19-280-C,175.37,102.08,0.002,200.0,0.003,180.0,108.79,0.02762,-0.08259,0.00249,0.00171,0.03165
175.39,SYN.ETH-11OCT19,1570445945810,open,0.0,273.0,0.001,0.011,0.001403,95.27,0.001,0.0,ETH-11OCT19-210-C,175.37,0.0,0.0,0.0,0.002,200.0,101.68,0.01464,-0.17995,0.00066,0.00471,0.03708
175.39,SYN.ETH-11OCT19,1570445945810,open,0.0,155.0,0.001,0.011,0.001305,117.27,0.002,0.0,ETH-11OCT19-140-P,175.37,112.15,0.001,20.0,0.002,200.0,126.73,0.0113,-0.17095,-0.00053,0.00295,-0.0271
175.62,SYN.ETH-29NOV19,1570445945812,open,0.04,17.0,0.021,0.08,0.049238,98.56,0.05,0.0,ETH-29NOV19-240-C,175.37,95.08,0.045,263.0,0.053,263.0,101.58,0.21658,-0.20186,0.05348,0.00492,0.25947
175.45,SYN.ETH-25OCT19,1570445945820,open,0.11,1500.0,0.056,0.133,0.095268,91.47,0.103,0.0,ETH-25OCT19-180-P,175.37,88.9,0.093,120.0,0.098,180.0,94.57,0.15485,-0.3962,-0.05201,0.01123,-0.51003
177.18,ETH-27MAR20,1570445945824,open,0.04,841.0,0.02,0.066,0.041735,115.28,0.042,0.0,ETH-27MAR20-80-P,175.37,113.58,0.04,340.0,0.046,10.0,119.38,0.18187,-0.06099,-0.10211,0.00107,-0.08066
175.75,ETH-27DEC19,1570445945824,open,0.39,3038.0,0.305,0.438,0.373935,108.55,0.404,0.0,ETH-27DEC19-220-P,175.37,103.7,0.365,96.0,0.382,210.0,112.91,0.3245,-0.21778,-0.36875,0.00437,-0.57299
177.18,ETH-27MAR20,1570445945824,open,0.58,19.0,0.559,0.618,0.59014,115.21,0.542,0.0,ETH-27MAR20-80-C,175.37,0.0,0.07,20.0,0.0,0.0,0.0,0.18177,-0.06092,0.27471,0.00107,0.9194
175.75,ETH-27DEC19,1570445945824,open,0.04,3168.0,0.014,0.058,0.03431,119.49,0.035,0.0,ETH-27DEC19-100-P,175.37,116.66,0.032,160.0,0.037,459.0,122.72,0.14478,-0.10696,-0.05215,0.00177,-0.09962
175.42,SYN.ETH-18OCT19,1570445945826,open,0.0,18.0,0.001,0.014,0.003999,110.08,0.004,0.0,ETH-18OCT19-130-P,175.37,103.75,0.003,200.0,0.006,3.0,120.61,0.02985,-0.15109,-0.00268,0.00296,-0.04726
175.39,SYN.ETH-11OCT19,1570445945833,open,0.04,561.0,0.02,0.08,0.051131,82.93,0.041,0.0,ETH-11OCT19-170-C,175.37,69.19,0.046,120.0,0.054,217.0,90.48,0.06635,-0.70985,0.01131,0.02449,0.65831
175.42,SYN.ETH-18OCT19,1570445945833,open,0.25,0.0,0.237,0.288,0.262926,110.08,None,0.0,ETH-18OCT19-130-C,175.37,0.0,0.0,0.0,0.0,0.0,0.0,0.02985,-0.15109,0.03606,0.00296,0.95274
175.42,SYN.ETH-18OCT19,1570445945833,open,0.02,83.0,0.011,0.065,0.036772,98.73,0.021,0.0,ETH-18OCT19-190-C,175.37,76.53,0.023,236.0,0.031,396.0,89.61,0.11225,-0.50948,0.01641,0.0124,0.35077
175.42,SYN.ETH-18OCT19,1570445945833,open,0.1,0.0,0.081,0.151,0.118104,98.76,None,0.0,ETH-18OCT19-160-C,175.37,74.54,0.105,40.0,0.117,40.0,96.81,0.09937,-0.45119,0.03219,0.01097,0.73401
175.75,ETH-27DEC19,1570445945835,open,0.9,101.0,0.788,0.939,0.862376,109.84,0.513,0.0,ETH-27DEC19-320-P,175.37,0.0,0.006,5.0,0.0,0.0,0.0,0.22002,-0.14941,-0.65363,0.00293,-0.81608
175.75,ETH-27DEC19,1570445945835,open,1.01,0.0,0.894,1.048,0.96899,110.53,None,0.0,ETH-27DEC19-340-P,175.37,0.0,0.001,5.0,0.0,0.0,0.0,0.19855,-0.13568,-0.70575,0.00262,-0.84331
175.62,SYN.ETH-29NOV19,1570445945835,open,0.18,6.0,0.147,0.231,0.192875,99.96,0.185,0.0,ETH-29NOV19-160-C,175.37,0.0,0.005,10.0,0.0,0.0,0.0,0.24259,-0.22931,0.12094,0.00543,0.66823
175.62,SYN.ETH-29NOV19,1570445945835,open,0.09,41.0,0.058,0.136,0.098746,98.37,0.094,0.0,ETH-29NOV19-200-C,175.37,93.86,0.092,212.0,0.103,212.0,101.21,0.26327,-0.2449,0.08591,0.00599,0.43644
177.18,ETH-27MAR20,1570445945839,open,1.17,6.0,1.03,1.229,1.1293,110.55,1.165,0.0,ETH-27MAR20-360-P,175.37,0.0,0.0,0.0,0.0,0.0,0.0,0.41577,-0.13371,-1.53509,0.00254,-0.71062
175.39,SYN.ETH-11OCT19,1570445945839,open,0.0,764.0,0.001,0.015,0.003264,88.49,0.003,0.0,ETH-11OCT19-200-C,175.37,69.47,0.001,200.0,0.004,200.0,92.99,0.02727,-0.31125,0.00146,0.00943,0.08157
175.42,SYN.ETH-18OCT19,1570445945839,open,0.19,0.0,0.18,0.237,0.209419,102.24,None,0.0,ETH-18OCT19-140-C,175.37,0.0,0.0,0.0,0.0,0.0,0.0,0.0475,-0.22327,0.03683,0.00507,0.91408
175.45,SYN.ETH-25OCT19,1570445945839,open,0.06,1046.0,0.036,0.101,0.069358,91.47,0.061,0.0,ETH-25OCT19-180-C,175.37,86.53,0.065,300.0,0.071,180.0,93.33,0.15485,-0.3962,0.03614,0.01123,0.48997
175.75,ETH-27DEC19,1570445945841,open,0.23,2641.0,0.157,0.271,0.216157,108.42,0.233,0.0,ETH-27DEC19-180-P,175.37,105.07,0.21,96.0,0.22,213.0,110.51,0.32295,-0.21647,-0.24675,0.00435,-0.41748
175.75,ETH-27DEC19,1570445945841,open,0.0,4118.0,0.001,0.012,0.002068,122.6,0.002,0.0,ETH-27DEC19-760-C,175.37,113.5,0.001,164.0,0.003,1209.0,128.02,0.02633,-0.01996,0.00397,0.00031,0.01226
175.45,SYN.ETH-25OCT19,1570445945841,open,0.05,1612.0,0.017,0.071,0.042075,93.08,0.055,0.0,ETH-25OCT19-160-P,175.37,91.66,0.041,160.0,0.044,100.0,95.61,0.13312,-0.34658,-0.02862,0.00949,-0.29095
175.45,SYN.ETH-25OCT19,1570445945841,open,0.4,302.0,0.331,0.424,0.375763,96.57,0.432,0.0,ETH-25OCT19-240-P,175.37,0.0,0.0,0.0,0.0,0.0,0.0,0.06152,-0.16618,-0.11073,0.00423,-0.91292
175.39,SYN.ETH-11OCT19,1570445945841,open,0.17,0.0,0.108,0.181,0.143591,88.49,None,0.0,ETH-11OCT19-200-P,175.37,0.0,0.0,0.0,0.0,0.0,0.0,0.02727,-0.31125,-0.01978,0.00943,-0.91843
175.45,SYN.ETH-25OCT19,1570445945841,open,0.52,3.0,0.44,0.537,0.486334,101.81,0.534,0.0,ETH-25OCT19-260-P,175.37,0.0,0.0,0.0,0.0,0.0,0.0,0.04084,-0.1163,-0.12331,0.00266,-0.94876
175.75,ETH-27DEC19,1570445945845,open,0.01,5315.0,0.001,0.026,0.010595,114.67,0.01,0.0,ETH-27DEC19-480-C,175.37,111.51,0.009,340.0,0.013,160.0,118.95,0.09302,-0.06595,0.01759,0.00119,0.05575
175.75,ETH-27DEC19,1570445945849,open,0.37,2.0,0.337,0.415,0.378957,114.71,0.346,0.0,ETH-27DEC19-120-C,175.37,0.0,0.101,1.0,0.0,0.0,0.0,0.20485,-0.14527,0.17784,0.00261,0.83563
175.75,ETH-27DEC19,1570445945850,open,0.68,311.0,0.583,0.729,0.656249,109.15,0.71,0.0,ETH-27DEC19-280-P,175.38,0.0,0.001,8.0,0.0,0.0,0.0,0.26727,-0.18036,-0.54451,0.00358,-0.742
175.75,ETH-27DEC19,1570445945850,open,0.0,4670.0,0.001,0.012,0.00207,118.92,0.002,0.0,ETH-27DEC19-720-C,175.38,110.0,0.001,1156.0,0.003,8.0,124.22,0.02689,-0.01977,0.00409,0.00033,0.01257
175.75,ETH-27DEC19,1570445945850,open,0.23,447.0,0.188,0.285,0.241044,108.82,0.237,0.0,ETH-27DEC19-160-C,175.38,104.69,0.234,96.0,0.249,276.0,113.48,0.29967,-0.2016,0.16697,0.00402,0.66982
177.18,ETH-27MAR20,1570445945850,open,1.38,3.0,1.236,1.445,1.339715,112.15,1.39,0.0,ETH-27MAR20-400-P,175.38,0.0,0.001,10.0,0.0,0.0,0.0,0.38667,-0.12615,-1.7432,0.00233,-0.74963
175.75,ETH-27DEC19,1570445945850,open,0.58,946.0,0.485,0.628,0.557345,108.69,0.3,0.0,ETH-27DEC19-260-P,175.38,0.0,0.0,0.0,0.0,0.0,0.0,0.28985,-0.19476,-0.48763,0.0039,-0.69485
175.75,ETH-27DEC19,1570445945850,open,0.07,5133.0,0.031,0.094,0.061745,114.71,0.06,0.0,ETH-27DEC19-120-P,175.38,111.48,0.058,128.0,0.065,416.0,117.49,0.20485,-0.14527,-0.08805,0.00261,-0.16437
177.18,ETH-27MAR20,1570445945850,open,0.09,520.0,0.048,0.146,0.097124,110.41,0.09,0.0,ETH-27MAR20-360-C,175.38,107.77,0.091,289.0,0.103,321.0,112.89,0.41537,-0.13341,0.15991,0.00255,0.28879
177.18,ETH-27MAR20,1570445945850,open,0.06,1130.0,0.028,0.112,0.068032,112.57,0.056,0.0,ETH-27MAR20-440-C,175.38,110.02,0.063,32.0,0.073,327.0,115.02,0.35468,-0.11615,0.12212,0.00213,0.2144
175.75,ETH-27DEC19,1570445945850,open,0.01,7122.0,0.001,0.016,0.005504,115.26,0.005,0.0,ETH-27DEC19-560-C,175.38,113.68,0.005,160.0,0.006,962.0,116.72,0.05801,-0.04134,0.00997,0.00074,0.03111
175.75,ETH-27DEC19,1570445945850,open,0.79,1.0,0.684,0.833,0.757925,109.38,0.494,0.0,ETH-27DEC19-300-P,175.38,0.0,0.001,5.0,0.0,0.0,0.0,0.24326,-0.1645,-0.59993,0.00325,-0.78263
175.75,ETH-27DEC19,1570445945850,open,0.02,4408.0,0.006,0.045,0.021557,114.13,0.022,0.0,ETH-27DEC19-400-C,175.38,112.25,0.02,100.0,0.023,460.0,115.8,0.1488,-0.10499,0.03188,0.0019,0.10343
175.75,ETH-27DEC19,1570445945850,open,0.04,1444.0,0.015,0.073,0.041607,109.84,0.034,0.0,ETH-27DEC19-320-C,175.38,107.73,0.039,128.0,0.045,425.0,112.51,0.22002,-0.14941,0.05542,0.00293,0.18392
175.76,ETH-27DEC19,1570445945850,open,0.0,12462.0,0.001,0.012,0.002395,116.94,0.005,0.0,ETH-27DEC19-680-C,175.38,114.52,0.002,160.0,0.003,2399.0,120.16,0.03049,-0.02204,0.00473,0.00038,0.01453
175.39,SYN.ETH-11OCT19,1570445945849,open,0.11,35.0,0.056,0.128,0.09159,82.68,0.125,0.0,ETH-11OCT19-190-P,175.37,68.39,0.088,40.0,0.097,40.0,100.84,0.04823,-0.51449,-0.01688,0.01786,-0.81505
175.76,ETH-27DEC19,1570445945850,open,0.12,5011.0,0.073,0.167,0.122157,108.54,0.11,0.0,ETH-27DEC19-220-C,175.38,104.66,0.115,371.0,0.125,275.0,110.08,0.32452,-0.21777,0.11873,0.00437,0.42703
177.19,ETH-27MAR20,1570445945850,open,0.57,167.0,0.458,0.624,0.54462,108.19,0.548,0.0,ETH-27MAR20-240-P,175.38,102.47,0.529,24.0,0.554,24.0,111.62,0.48474,-0.15256,-0.88408,0.00303,-0.51495
177.19,ETH-27MAR20,1570445945850,open,0.76,149.0,0.637,0.817,0.729694,108.86,0.723,0.0,ETH-27MAR20-280-P,175.38,102.54,0.713,24.0,0.741,24.0,113.1,0.47142,-0.1493,-1.10482,0.00293,-0.59444
177.19,ETH-27MAR20,1570445945850,open,0.31,361.0,0.262,0.374,0.323932,107.14,0.325,0.0,ETH-27MAR20-160-C,175.38,102.61,0.313,24.0,0.335,24.0,111.75,0.4267,-0.13299,0.30854,0.00269,0.69371
177.19,ETH-27MAR20,1570445945850,open,0.24,1043.0,0.179,0.299,0.244889,107.15,0.25,0.0,ETH-27MAR20-200-C,175.38,104.21,0.237,269.0,0.25,269.0,109.05,0.47519,-0.14812,0.27995,0.003,0.5804
177.19,ETH-27MAR20,1570445945850,open,0.05,1725.0,0.018,0.088,0.049276,114.13,0.053,0.0,ETH-27MAR20-520-C,175.38,112.77,0.047,32.0,0.054,299.0,116.87,0.29918,-0.09933,0.0947,0.00177,0.16277
177.19,ETH-27MAR20,1570445945850,open,0.43,40.0,0.387,0.479,0.437579,109.64,0.459,0.0,ETH-27MAR20-120-C,175.38,76.47,0.379,20.0,0.0,0.0,0.0,0.32522,-0.10373,0.3144,0.00201,0.81439
177.19,ETH-27MAR20,1570445945850,open,0.08,988.0,0.037,0.129,0.081742,111.97,0.08,0.0,ETH-27MAR20-400-C,175.38,108.83,0.075,293.0,0.086,325.0,113.91,0.3861,-0.12576,0.1401,0.00233,0.24966
175.76,ETH-27DEC19,1570445945851,open,0.07,2531.0,0.038,0.118,0.077971,108.68,0.076,0.0,ETH-27DEC19-260-C,175.38,105.64,0.073,128.0,0.08,286.0,109.91,0.28987,-0.19476,0.08848,0.0039,0.30517
175.76,ETH-27DEC19,1570445945851,open,0.29,18.0,0.255,0.344,0.303507,110.9,0.305,0.0,ETH-27DEC19-140-C,175.38,0.0,0.0,0.0,0.0,0.0,0.0,0.25892,-0.17752,0.17662,0.00341,0.75703
175.76,ETH-27DEC19,1570445945850,open,0.15,6491.0,0.101,0.199,0.153279,108.54,0.141,0.0,ETH-27DEC19-200-C,175.38,104.67,0.146,365.0,0.157,269.0,110.52,0.33006,-0.22148,0.13543,0.00444,0.50104
175.42,SYN.ETH-18OCT19,1570445945850,open,0.14,1.0,0.126,0.191,0.160201,98.79,0.142,0.0,ETH-18OCT19-150-C,175.38,0.0,0.0,0.0,0.0,0.0,0.0,0.07303,-0.33169,0.03564,0.00806,0.84214
175.76,ETH-27DEC19,1570445945851,open,0.03,1033.0,0.009,0.055,0.028698,111.24,0.025,0.0,ETH-27DEC19-360-C,175.38,108.53,0.026,160.0,0.032,460.0,114.41,0.17877,-0.12295,0.04103,0.00235,0.13406
175.76,ETH-27DEC19,1570445945851,open,0.0,15549.0,0.001,0.013,0.003973,115.28,0.004,0.0,ETH-27DEC19-600-C,175.38,111.15,0.003,560.0,0.005,1356.0,118.95,0.04545,-0.03239,0.0075,0.00058,0.02322
175.76,ETH-27DEC19,1570445945851,open,0.49,2712.0,0.392,0.531,0.462973,108.59,0.503,0.0,ETH-27DEC19-240-P,175.38,97.05,0.443,99.0,0.473,99.0,114.23,0.31003,-0.20813,-0.42888,0.00417,-0.63828
175.62,SYN.ETH-29NOV19,1570445945850,open,0.11,20.0,0.063,0.144,0.103941,99.96,0.102,0.0,ETH-29NOV19-160-P,175.38,97.11,0.1,180.0,0.11,180.0,104.35,0.24259,-0.22931,-0.11085,0.00543,-0.33177
175.45,SYN.ETH-25OCT19,1570445945849,open,0.01,3229.0,0.001,0.019,0.007138,118.67,0.008,0.0,ETH-25OCT19-120-P,175.37,118.12,0.007,10.0,0.008,380.0,121.97,0.04461,-0.14808,-0.00554,0.00249,-0.0573
175.76,ETH-27DEC19,1570445945851,open,0.06,1631.0,0.028,0.1,0.063076,109.14,0.055,0.0,ETH-27DEC19-280-C,175.38,106.44,0.059,128.0,0.065,290.0,110.4,0.26729,-0.18036,0.07591,0.00358,0.25801
175.76,ETH-27DEC19,1570445945852,open,0.05,1087.0,0.02,0.085,0.050954,109.37,0.042,0.0,ETH-27DEC19-300-C,175.38,107.22,0.048,128.0,0.054,294.0,111.55,0.24328,-0.1645,0.06481,0.00325,0.21738
177.19,ETH-27MAR20,1570445945851,open,0.96,7.0,0.829,1.019,0.925423,109.58,0.945,0.0,ETH-27MAR20-320-P,175.38,0.0,0.0,0.0,0.0,0.0,0.0,0.44596,-0.14217,-1.3221,0.00275,-0.65912
175.76,ETH-27DEC19,1570445945852,open,0.46,0.0,0.433,0.495,0.46532,119.46,None,0.0,ETH-27DEC19-100-C,175.38,0.0,0.0,0.0,0.0,0.0,0.0,0.14474,-0.1069,0.16945,0.00177,0.90043
175.39,SYN.ETH-11OCT19,1570445945850,open,0.0,18.0,0.001,0.011,0.000585,100.48,0.001,0.0,ETH-11OCT19-220-C,175.38,0.0,0.0,0.0,0.001,3.0,108.71,0.00735,-0.09529,0.00029,0.00224,0.0163
175.76,ETH-27DEC19,1570445945851,open,0.01,7937.0,0.003,0.034,0.014827,114.12,0.012,0.0,ETH-27DEC19-440-C,175.38,109.63,0.012,640.0,0.017,160.0,117.26,0.11709,-0.08261,0.02343,0.0015,0.07498
175.62,SYN.ETH-29NOV19,1570445945849,open,0.25,1.0,0.222,0.299,0.263288,102.94,0.289,0.0,ETH-29NOV19-140-C,175.37,0.0,0.0,0.0,0.0,0.0,0.0,0.19757,-0.19232,0.13163,0.0043,0.78066
175.45,SYN.ETH-25OCT19,1570445945850,open,0.01,1311.0,0.001,0.021,0.007883,96.57,0.005,0.0,ETH-25OCT19-240-C,175.38,93.98,0.007,200.0,0.009,180.0,99.65,0.06152,-0.16618,0.00681,0.00423,0.08708
175.39,SYN.ETH-11OCT19,1570445945850,open,0.0,54.0,0.001,0.011,0.000568,116.51,0.007,0.0,ETH-11OCT19-230-C,175.38,0.0,0.0,0.0,0.001,202.0,126.13,0.00644,-0.09684,0.00025,0.00169,0.01398
175.45,SYN.ETH-25OCT19,1570445945850,open,0.29,483.0,0.225,0.316,0.269807,93.25,0.337,0.0,ETH-25OCT19-220-P,175.38,0.0,0.05,2.0,0.5,1.0,372.5,0.0946,-0.24675,-0.09534,0.00673,-0.83968
175.62,SYN.ETH-29NOV19,1570445945850,open,0.07,19.0,0.03,0.092,0.060471,102.94,0.065,0.0,ETH-29NOV19-140-P,175.38,99.84,0.057,241.0,0.065,241.0,106.94,0.19757,-0.19232,-0.07119,0.0043,-0.21934
175.62,SYN.ETH-29NOV19,1570445945850,open,0.03,41.0,0.013,0.062,0.03507,99.17,0.04,0.0,ETH-29NOV19-260-C,175.38,95.24,0.031,282.0,0.039,282.0,102.82,0.18569,-0.17414,0.04131,0.00419,0.19745
175.39,SYN.ETH-11OCT19,1570445945850,open,0.0,176.0,0.001,0.011,0.000292,149.9,0.001,0.0,ETH-11OCT19-120-P,175.38,0.0,0.0,0.0,0.001,100.0,176.34,0.00291,-0.05116,-0.00011,0.00059,-0.00564
175.42,SYN.ETH-18OCT19,1570445945850,open,0.0,2.0,0.001,0.016,0.004636,98.73,0.003,0.0,ETH-18OCT19-230-C,175.38,75.25,0.001,202.0,0.004,277.0,95.75,0.03896,-0.17686,0.00322,0.0043,0.06625
175.42,SYN.ETH-18OCT19,1570445945850,open,0.02,129.0,0.003,0.035,0.015286,98.79,0.023,0.0,ETH-18OCT19-150-P,175.38,87.96,0.011,447.0,0.017,447.0,102.84,0.07303,-0.33169,-0.00905,0.00806,-0.15786
175.42,SYN.ETH-18OCT19,1570445945851,open,0.01,113.0,0.002,0.033,0.013922,98.73,0.007,0.0,ETH-18OCT19-210-C,175.38,77.36,0.006,500.0,0.01,5.0,89.05,0.07543,-0.34237,0.00794,0.00833,0.16589
175.42,SYN.ETH-18OCT19,1570445945851,open,0.04,26.0,0.024,0.087,0.056372,98.51,0.035,0.0,ETH-18OCT19-180-C,175.38,76.08,0.041,184.0,0.048,99.0,86.31,0.12053,-0.54587,0.0218,0.01335,0.47348
175.39,SYN.ETH-11OCT19,1570445945851,open,0.0,39.0,0.001,0.011,0.000388,125.47,0.001,0.0,ETH-11OCT19-130-P,175.38,0.0,0.0,0.0,0.001,300.0,143.33,0.00424,-0.06805,-0.00017,0.00103,-0.00864
175.45,SYN.ETH-25OCT19,1570445945850,open,0.03,1558.0,0.011,0.059,0.033786,91.64,0.034,0.0,ETH-25OCT19-200-C,175.38,87.95,0.031,160.0,0.035,181.0,93.23,0.13358,-0.34238,0.02228,0.00967,0.29312
175.45,SYN.ETH-25OCT19,1570445945851,open,0.2,12.0,0.186,0.249,0.219328,103.1,0.192,0.0,ETH-25OCT19-140-C,175.38,0.0,0.0,0.0,0.0,0.0,0.0,0.08427,-0.24303,0.05549,0.00542,0.86507
175.42,SYN.ETH-18OCT19,1570445945850,open,0.29,0.0,0.22,0.307,0.262276,98.73,None,0.0,ETH-18OCT19-220-P,175.38,0.0,0.0,0.0,0.0,0.0,0.0,0.05576,-0.25308,-0.06039,0.00616,-0.89316
175.62,SYN.ETH-29NOV19,1570445945850,open,0.34,0.0,0.264,0.378,0.322592,98.41,None,0.0,ETH-29NOV19-220-P,175.38,0.0,0.0,0.0,0.0,0.0,0.0,0.24474,-0.22775,-0.25015,0.00557,-0.66065
175.62,SYN.ETH-29NOV19,1570445945850,open,0.18,20.0,0.113,0.209,0.162541,97.97,0.18,0.0,ETH-29NOV19-180-P,175.38,66.55,0.115,1.0,0.0,0.0,0.0,0.26474,-0.24525,-0.15637,0.00605,-0.4521
175.42,SYN.ETH-18OCT19,1570445945850,open,0.01,124.0,0.005,0.047,0.023028,98.73,0.014,0.0,ETH-18OCT19-200-C,175.38,76.75,0.012,437.0,0.018,437.0,89.21,0.09559,-0.43387,0.0117,0.01056,0.24692
175.42,SYN.ETH-18OCT19,1570445945850,open,0.18,0.0,0.12,0.206,0.163142,98.73,None,0.0,ETH-18OCT19-200-P,175.38,0.0,0.0,0.0,0.0,0.0,0.0,0.09559,-0.43387,-0.04789,0.01056,-0.75308
175.62,SYN.ETH-29NOV19,1570445945850,open,0.06,16.0,0.035,0.104,0.069876,98.41,0.07,0.0,ETH-29NOV19-220-C,175.38,94.17,0.064,240.0,0.074,240.0,101.36,0.24474,-0.22775,0.06856,0.00557,0.33935
175.62,SYN.ETH-29NOV19,1570445945850,open,0.44,0.0,0.357,0.474,0.415837,98.56,None,0.0,ETH-29NOV19-240-P,175.38,0.0,0.0,0.0,0.0,0.0,0.0,0.21658,-0.20186,-0.29419,0.00492,-0.74053
175.62,SYN.ETH-29NOV19,1570445945850,open,0.13,27.0,0.093,0.177,0.137591,97.97,0.143,0.0,ETH-29NOV19-180-C,175.38,94.26,0.132,182.0,0.144,182.0,102.22,0.26474,-0.24525,0.10439,0.00605,0.5479
175.45,SYN.ETH-25OCT19,1570445945850,open,0.31,6.0,0.297,0.348,0.323198,118.67,0.36,0.0,ETH-25OCT19-120-C,175.38,0.0,0.0,0.0,0.0,0.0,0.0,0.04461,-0.14808,0.05323,0.00249,0.9427
175.45,SYN.ETH-25OCT19,1570445945850,open,0.0,1290.0,0.001,0.014,0.004464,101.81,0.003,0.0,ETH-25OCT19-260-C,175.38,94.79,0.003,200.0,0.005,180.0,104.04,0.04084,-0.1163,0.00402,0.00266,0.05124
175.45,SYN.ETH-25OCT19,1570445945850,open,0.0,4093.0,0.001,0.012,0.002814,136.94,0.004,0.0,ETH-25OCT19-100-P,175.38,129.31,0.002,200.0,0.004,380.0,145.97,0.02068,-0.07922,-0.00217,0.001,-0.02239
175.39,SYN.ETH-11OCT19,1570445945850,open,0.01,954.0,0.001,0.026,0.008279,82.68,0.007,0.0,ETH-11OCT19-190-C,175.38,73.96,0.006,160.0,0.008,105.0,81.66,0.04823,-0.51449,0.00329,0.01786,0.18495
175.45,SYN.ETH-25OCT19,1570445945850,open,0.01,1874.0,0.003,0.035,0.015917,93.25,0.014,0.0,ETH-25OCT19-220-C,175.38,91.53,0.015,160.0,0.017,180.0,95.24,0.0946,-0.24675,0.01241,0.00673,0.16032
175.42,SYN.ETH-18OCT19,1570445945850,open,0.23,0.0,0.168,0.255,0.211042,98.73,None,0.0,ETH-18OCT19-210-P,175.38,0.0,0.0,0.0,0.0,0.0,0.0,0.07543,-0.34237,-0.05463,0.00833,-0.83411
175.45,SYN.ETH-25OCT19,1570445945850,open,0.42,18.0,0.413,0.451,0.432864,136.94,0.411,0.0,ETH-25OCT19-100-C,175.38,0.0,0.0,0.0,0.0,0.0,0.0,0.02068,-0.07922,0.04681,0.001,0.97761
175.42,SYN.ETH-18OCT19,1570445945850,open,0.0,75.0,0.001,0.023,0.008151,98.73,0.007,0.0,ETH-18OCT19-220-C,175.38,78.65,0.003,200.0,0.006,74.0,91.48,0.05576,-0.25308,0.00516,0.00616,0.10684
175.62,SYN.ETH-29NOV19,1570445945850,open,0.65,0.0,0.56,0.682,0.619266,99.59,None,0.0,ETH-29NOV19-280-P,175.38,0.0,0.0,0.0,0.0,0.0,0.0,0.15509,-0.14605,-0.37407,0.00349,-0.85109
175.42,SYN.ETH-18OCT19,1570445945851,open,0.01,2.0,0.001,0.021,0.007499,102.24,0.013,0.0,ETH-18OCT19-140-P,175.38,96.42,0.006,200.0,0.01,500.0,110.9,0.0475,-0.22327,-0.00488,0.00507,-0.08592
175.45,SYN.ETH-25OCT19,1570445945850,open,0.19,955.0,0.129,0.217,0.173686,91.64,0.178,0.0,ETH-25OCT19-200-P,175.38,0.0,0.0,0.0,0.0,0.0,0.0,0.13358,-0.34238,-0.07566,0.00967,-0.70688
175.42,SYN.ETH-18OCT19,1570445945850,open,0.34,0.0,0.274,0.361,0.315767,98.73,None,0.0,ETH-18OCT19-230-P,175.38,0.0,0.0,0.0,0.0,0.0,0.0,0.03896,-0.17686,-0.06531,0.0043,-0.93375
175.62,SYN.ETH-29NOV19,1570445945850,open,0.25,0.0,0.182,0.29,0.237579,98.37,None,0.0,ETH-29NOV19-200-P,175.38,0.0,0.0,0.0,0.0,0.0,0.0,0.26327,-0.2449,-0.20382,0.00599,-0.56356
175.39,SYN.ETH-11OCT19,1570445945850,open,0.34,0.0,0.274,0.354,0.311945,116.51,None,0.0,ETH-11OCT19-230-P,175.38,0.0,0.0,0.0,0.0,0.0,0.0,0.00644,-0.09684,-0.02417,0.00169,-0.98602
175.39,SYN.ETH-11OCT19,1570445945850,open,0.28,0.0,0.218,0.295,0.254945,100.48,None,0.0,ETH-11OCT19-220-P,175.38,0.0,0.0,0.0,0.0,0.0,0.0,0.00735,-0.09529,-0.02307,0.00224,-0.9837
175.45,SYN.ETH-25OCT19,1570445945850,open,0.63,3.0,0.55,0.651,0.598556,106.92,0.645,0.0,ETH-25OCT19-280-P,175.38,0.0,0.0,0.0,0.0,0.0,0.0,0.02762,-0.08259,-0.13464,0.00171,-0.96835
175.39,SYN.ETH-11OCT19,1570445945851,open,0.22,1.0,0.163,0.238,0.198747,95.27,0.215,0.0,ETH-11OCT19-210-P,175.38,0.0,0.0,0.0,0.0,0.0,0.0,0.01464,-0.17995,-0.02163,0.00471,-0.96292
175.62,SYN.ETH-29NOV19,1570445945850,open,0.02,146.0,0.005,0.031,0.015549,115.67,0.019,0.0,ETH-29NOV19-100-P,175.38,112.46,0.014,10.0,0.019,300.0,122.37,0.08667,-0.09481,-0.02098,0.00168,-0.06691
175.39,SYN.ETH-11OCT19,1570445945851,open,0.13,14.0,0.119,0.175,0.147679,101.98,0.112,0.0,ETH-11OCT19-150-C,175.38,0.0,0.0,0.0,0.0,0.0,0.0,0.02201,-0.28959,0.01472,0.00661,0.93828
175.42,SYN.ETH-18OCT19,1570445945850,open,0.03,21.0,0.009,0.057,0.030195,98.76,0.027,0.0,ETH-18OCT19-160-P,175.38,83.93,0.022,160.0,0.029,404.0,96.65,0.09937,-0.45119,-0.01548,0.01097,-0.26599
175.62,SYN.ETH-29NOV19,1570445945850,open,0.03,6.0,0.012,0.054,0.031565,107.35,0.035,0.0,ETH-29NOV19-120-P,175.38,104.09,0.029,287.0,0.036,287.0,112.81,0.13982,-0.14194,-0.04057,0.00292,-0.12791
175.39,SYN.ETH-11OCT19,1570445945850,open,0.3,0.0,0.295,0.337,0.316095,149.9,None,0.0,ETH-11OCT19-120-C,175.38,0.0,0.0,0.0,0.0,0.0,0.0,0.00291,-0.05622,0.01263,0.00059,0.99436
175.39,SYN.ETH-11OCT19,1570445945852,open,0.19,0.0,0.178,0.228,0.203076,117.27,None,0.0,ETH-11OCT19-140-C,175.38,0.0,0.0,0.0,0.0,0.0,0.0,0.0113,-0.17095,0.01434,0.00295,0.9729
175.39,SYN.ETH-11OCT19,1570445945850,open,0.01,319.0,0.001,0.026,0.008208,92.84,0.009,0.0,ETH-11OCT19-160-P,175.38,83.45,0.006,452.0,0.01,160.0,99.86,0.0434,-0.51977,-0.00307,0.01431,-0.15681
175.62,SYN.ETH-29NOV19,1570445945850,open,0.54,0.0,0.456,0.576,0.515552,99.17,None,0.0,ETH-29NOV19-260-P,175.38,0.0,0.0,0.0,0.0,0.0,0.0,0.18569,-0.17414,-0.33534,0.00419,-0.80255
175.62,SYN.ETH-29NOV19,1570445945853,open,0.34,0.0,0.314,0.379,0.348266,107.35,None,0.0,ETH-29NOV19-120-C,175.38,0.0,0.0,0.0,0.0,0.0,0.0,0.13982,-0.14194,0.13327,0.00292,0.87209
175.39,SYN.ETH-11OCT19,1570445945850,open,0.24,0.0,0.236,0.282,0.259175,125.47,None,0.0,ETH-11OCT19-130-C,175.38,0.0,0.0,0.0,0.0,0.0,0.0,0.00424,-0.06858,0.01364,0.00103,0.99136
175.62,SYN.ETH-29NOV19,1570445945851,open,0.43,0.0,0.42,0.471,0.446133,115.67,None,0.0,ETH-29NOV19-100-C,175.38,0.0,0.0,0.0,0.0,0.0,0.0,0.08667,-0.09481,0.12389,0.00168,0.93309
8027.18,SYN.BTC-29NOV19,1570445946722,open,0.21,10.6,0.1555,0.2395,0.1979874,80.12,0.1875,0.0,BTC-29NOV19-9000-P,8003.57,71.29,0.185,5.0,0.2065,24.2,85.85,11.89029,-9.00879,-9.14091,0.00016,-0.58809
8008.43,SYN.BTC-18OCT19,1570445946727,open,0.0,18.4,0.0005,0.013,0.00324068,102.18,0.006,0.0,BTC-18OCT19-6000-P,8003.57,97.07,0.0025,54.0,0.004,20.2,106.79,1.2452,-5.8495,-0.10854,6e-05,-0.04225
8110.24,BTC-27MAR20,1570445946743,open,0.11,508.3,0.063,0.157,0.10954573,87.23,0.1065,0.0,BTC-27MAR20-12000-C,8003.57,85.85,0.106,17.0,0.113,10.0,88.57,20.84523,-5.2897,9.61146,8e-05,0.36122
8011.55,SYN.BTC-25OCT19,1570445946743,open,1.16,0.0,1.0805,1.1675,1.12233753,125.13,None,0.0,BTC-25OCT19-17000-P,8003.57,0.0,0.0,0.0,0.0,0.0,0.0,0.2547,-0.89144,-8.30777,1e-05,-0.99504
8110.24,BTC-27MAR20,1570445946745,open,3.03,0.0,2.8715,3.0575,2.9590957,103.28,None,0.0,BTC-27MAR20-32000-P,8003.57,0.0,0.004,1.0,0.0,0.0,0.0,6.34962,-1.90781,-149.03092,2e-05,-0.94321
8110.24,BTC-27MAR20,1570445946747,open,0.06,828.9,0.0245,0.0965,0.05701944,89.67,0.0595,0.0,BTC-27MAR20-16000-C,8003.57,88.14,0.054,10.0,0.06,10.0,91.15,16.1669,-4.21728,5.9515,6e-05,0.21286
8027.18,SYN.BTC-29NOV19,1570445946747,open,0.18,1.0,0.156,0.2235,0.19113243,82.15,0.178,0.0,BTC-29NOV19-7000-C,8003.57,78.89,0.187,9.2,0.1955,16.2,85.57,10.21587,-7.93616,6.19444,0.00013,0.72382
8039.68,BTC-27DEC19,1570445946756,open,0.0,442.3,0.0005,0.0105,0.00050074,120.61,0.0005,0.0,BTC-27DEC19-44000-C,8003.57,0.0,0.0,0.0,0.001,13.9,128.49,0.38375,-0.28615,0.05099,0.0,0.00336
8039.68,BTC-27DEC19,1570445946758,open,4.58,0.0,4.366,4.587,4.47335538,120.61,3.46,0.0,BTC-27DEC19-44000-P,8003.57,0.0,0.001,2.0,0.0,0.0,0.0,0.38375,-0.28615,-97.443,0.0,-0.99664
8005.3,SYN.BTC-11OCT19,1570445946761,open,0.33,0.0,0.286,0.34,0.31188536,105.57,None,0.0,BTC-11OCT19-10500-P,8003.57,0.0,0.0005,2.0,0.388,0.3,413.0,0.16802,-2.28839,-1.10889,2e-05,-0.99264
8005.3,SYN.BTC-11OCT19,1570445946776,open,0.09,5.1,0.077,0.1225,0.09957321,84.29,0.11,0.0,BTC-11OCT19-7250-C,8003.57,69.91,0.097,8.2,0.1015,0.1,93.17,1.6318,-17.74369,0.66499,0.00028,0.88189
8011.55,SYN.BTC-25OCT19,1570445946776,open,0.17,579.6,0.115,0.18,0.14743653,73.64,0.16,0.0,BTC-25OCT19-9000-P,8003.57,63.66,0.1405,5.0,0.156,13.0,85.09,5.79118,-11.92858,-3.46799,0.00025,-0.73644
8005.3,SYN.BTC-11OCT19,1570445946776,open,0.4,0.0,0.3475,0.4045,0.37442709,125.14,None,0.0,BTC-11OCT19-11000-P,8003.57,0.0,0.0005,2.0,0.0,0.0,0.0,0.18476,-2.98288,-1.16134,2e-05,-0.9918
8011.55,SYN.BTC-25OCT19,1570445946776,open,0.01,566.6,0.0005,0.022,0.00852073,76.75,0.009,0.0,BTC-25OCT19-10000-C,8003.57,75.49,0.008,1.0,0.009,6.0,77.88,3.35894,-7.21069,0.40271,0.00014,0.11116
8039.68,BTC-27DEC19,1570445946779,open,2.05,0.0,1.9275,2.056,1.9884481,102.37,None,0.0,BTC-27DEC19-24000-P,8003.57,0.0,0.008,1.0,2.597,0.2,500.0,1.9291,-1.22095,-52.85792,1e-05,-0.97875
8039.68,BTC-27DEC19,1570445946779,open,0.69,0.0,0.682,0.702,0.6918439,125.0,None,0.0,BTC-27DEC19-2500-C,8003.57,0.0,0.021,1.1,0.917,0.5,500.0,1.12376,-0.86843,5.28785,1e-05,0.98868
8027.18,SYN.BTC-29NOV19,1570445946793,open,0.03,120.8,0.01,0.0515,0.02803756,80.44,0.0255,0.0,BTC-29NOV19-11000-C,8003.57,78.45,0.026,10.0,0.03,13.0,82.32,8.30527,-6.31779,1.88965,0.00011,0.19054
8005.3,SYN.BTC-11OCT19,1570445946793,open,0.02,120.9,0.002,0.035,0.01547542,70.82,0.016,0.0,BTC-11OCT19-7750-P,8003.57,66.77,0.014,49.1,0.017,0.4,74.96,2.93196,-26.78805,-0.28125,0.00061,-0.3154
8011.55,SYN.BTC-25OCT19,1570445946793,open,0.0,655.3,0.0005,0.0105,0.00050115,119.11,0.001,0.0,BTC-25OCT19-16000-C,8003.57,0.0,0.0,0.0,0.001,8.0,128.76,0.31677,-1.05534,0.02293,1e-05,0.00635
8005.3,SYN.BTC-11OCT19,1570445946795,open,0.0,281.9,0.0005,0.0155,0.00373313,96.04,0.004,0.0,BTC-11OCT19-7000-P,8003.57,94.5,0.0035,5.0,0.004,2.5,97.76,1.22574,-15.18717,-0.07113,0.00019,-0.07995
8110.24,BTC-27MAR20,1570445946798,open,4.04,1.0,3.837,4.0565,3.9409915,108.47,2.7125,0.0,BTC-27MAR20-40000-P,8003.57,0.0,0.0055,1.0,0.0,0.0,0.0,4.62179,-1.4584,-187.23914,1e-05,-0.96178
8110.24,BTC-27MAR20,1570445946798,open,0.15,176.5,0.1055,0.207,0.15774538,85.83,0.156,0.0,BTC-27MAR20-10000-C,8003.57,84.83,0.155,10.0,0.1625,10.0,87.57,22.16118,-5.53336,12.13999,8e-05,0.47563
8005.3,SYN.BTC-11OCT19,1570445946798,open,0.0,270.2,0.0005,0.011,0.00125717,78.21,0.0015,0.0,BTC-11OCT19-9250-C,8003.57,67.22,0.0005,66.6,0.002,40.5,85.51,0.70806,-7.14425,0.03277,0.00013,0.03981
8039.68,BTC-27DEC19,1570445946811,open,0.04,364.1,0.016,0.0615,0.03695427,91.95,0.041,0.0,BTC-27DEC19-5500-P,8003.57,90.04,0.035,13.0,0.039,9.8,93.91,8.30298,-4.71981,-3.10018,6e-05,-0.13708
8039.68,BTC-27DEC19,1570445946811,open,0.25,61.0,0.224,0.2965,0.26168007,87.17,0.3,0.0,BTC-27DEC19-6500-C,8003.57,0.0,0.19,2.0,0.8585,2.0,500.0,11.623,-6.26357,8.97051,9e-05,0.76524
8005.3,SYN.BTC-11OCT19,1570445946811,open,0.09,83.0,0.0445,0.0965,0.07033795,70.31,0.0765,0.0,BTC-11OCT19-8500-P,8003.57,56.44,0.0665,8.1,0.072,0.1,75.7,2.40605,-21.82364,-0.72762,0.0005,-0.78565
8011.55,SYN.BTC-25OCT19,1570445946811,open,0.05,609.7,0.0165,0.0635,0.03867937,77.03,0.0385,0.0,BTC-25OCT19-7500-P,8003.57,75.53,0.0375,10.0,0.04,6.0,78.7,6.32663,-13.63086,-1.40087,0.00026,-0.31835
8005.3,SYN.BTC-11OCT19,1570445946811,open,0.0,27.6,0.0005,0.0105,0.00075389,92.73,0.0005,0.0,BTC-11OCT19-9750-C,8003.57,87.39,0.0005,0.8,0.001,44.6,96.89,0.43174,-5.16525,0.018,7e-05,0.02193
8027.18,SYN.BTC-29NOV19,1570445946815,open,0.66,0.0,0.5915,0.675,0.63101722,83.87,None,0.0,BTC-29NOV19-13000-P,8003.57,0.0,0.0005,2.0,0.0,0.0,0.0,4.89491,-3.88188,-17.93863,6e-05,-0.91162
8005.3,SYN.BTC-11OCT19,1570445948432,open,0.01,378.4,0.0005,0.0245,0.00853835,70.3,0.0075,0.0,BTC-11OCT19-8500-C,8003.57,68.49,0.008,0.6,0.009,0.4,71.82,2.40594,-21.82119,0.17493,0.0005,0.21433
8008.43,SYN.BTC-18OCT19,1570445948433,open,0.06,112.8,0.0235,0.0755,0.04909711,72.14,0.058,0.0,BTC-18OCT19-8000-P,8003.57,69.09,0.047,9.7,0.0515,6.0,75.64,5.50115,-18.24576,-1.243,0.0004,-0.47181
8008.43,SYN.BTC-18OCT19,1570445948435,open,0.0,5.3,0.0005,0.011,0.00125415,88.78,0.0015,0.0,BTC-18OCT19-11000-C,8003.57,78.26,0.0005,42.5,0.002,15.0,95.55,0.75441,-3.07904,0.05199,4e-05,0.02304
8011.55,SYN.BTC-25OCT19,1570445948436,open,0.02,332.2,0.0075,0.045,0.02405599,73.64,0.023,0.0,BTC-25OCT19-9000-C,8003.57,71.47,0.0225,21.0,0.025,6.0,74.94,5.79112,-11.92817,0.9397,0.00025,0.26356
8027.18,SYN.BTC-29NOV19,1570445948437,open,0.18,1.0,0.156,0.2235,0.19113506,82.15,0.178,0.0,BTC-29NOV19-7000-C,8003.57,78.89,0.187,9.2,0.1955,7.0,85.57,10.21587,-7.93616,6.19444,0.00013,0.72382
8027.18,SYN.BTC-29NOV19,1570445948439,open,0.04,70.1,0.021,0.075,0.04664887,80.12,0.0435,0.0,BTC-29NOV19-10000-C,8003.57,77.67,0.0435,10.0,0.0485,11.0,81.55,10.37212,-7.85843,2.77141,0.00014,0.28498
8039.68,BTC-27DEC19,1570445948441,open,0.06,1069.0,0.0255,0.08,0.05144032,89.19,0.0575,0.0,BTC-27DEC19-6000-P,8003.57,87.22,0.049,11.0,0.054,9.4,91.24,10.00681,-5.51755,-4.16232,8e-05,-0.18222
177.21,ETH-27MAR20,1570445948810,open,0.18,1277.0,0.126,0.245,0.1899,108.09,0.186,0.0,ETH-27MAR20-240-C,175.38,105.2,0.182,276.0,0.195,276.0,109.95,0.48478,-0.15243,0.2461,0.00303,0.48482
175.63,SYN.ETH-29NOV19,1570445948810,open,0.02,42.0,0.008,0.048,0.024901,99.58,0.035,0.0,ETH-29NOV19-280-C,175.38,96.21,0.022,296.0,0.029,296.0,104.08,0.15511,-0.14606,0.03155,0.00349,0.14892
175.43,SYN.ETH-18OCT19,1570445948812,open,0.05,110.0,0.022,0.085,0.052526,98.76,0.058,0.0,ETH-18OCT19-170-P,175.38,79.83,0.04,160.0,0.049,341.0,93.44,0.11649,-0.52891,-0.02332,0.01286,-0.39369
177.21,ETH-27MAR20,1570445948814,open,0.11,555.0,0.065,0.171,0.119094,109.43,0.12,0.0,ETH-27MAR20-320-C,175.38,107.0,0.113,285.0,0.125,317.0,111.77,0.44574,-0.1419,0.18462,0.00275,0.34034
177.21,ETH-27MAR20,1570445948816,open,0.24,1269.0,0.163,0.285,0.227002,107.2,0.236,0.0,ETH-27MAR20-160-P,175.38,104.3,0.22,248.0,0.236,280.0,110.94,0.42669,-0.13306,-0.44493,0.00269,-0.30619
175.4,SYN.ETH-11OCT19,1570445948816,open,0.02,395.0,0.003,0.048,0.022849,82.59,0.014,0.0,ETH-11OCT19-180-C,175.38,70.29,0.018,360.0,0.024,360.0,85.49,0.06968,-0.74242,0.00696,0.02582,0.39676
175.76,ETH-27DEC19,1570445948824,open,0.18,1016.0,0.138,0.238,0.191994,108.42,0.187,0.0,ETH-27DEC19-180-C,175.38,104.62,0.185,359.0,0.196,263.0,110.6,0.32297,-0.21648,0.15211,0.00435,0.58257
175.46,SYN.ETH-25OCT19,1570445948826,open,0.02,2347.0,0.004,0.036,0.017258,103.12,0.018,0.0,ETH-25OCT19-140-P,175.38,98.31,0.015,200.0,0.019,380.0,106.69,0.08427,-0.24306,-0.01308,0.00542,-0.1349
175.76,ETH-27DEC19,1570445948833,open,3.18,0.0,2.978,3.23,3.098566,118.92,None,0.0,ETH-27DEC19-720-P,175.38,0.0,0.003,5.0,0.0,0.0,0.0,0.0269,-0.01978,-1.59127,0.00033,-0.98743
177.21,ETH-27MAR20,1570445948835,open,1.82,0.0,1.657,1.883,1.766976,113.74,None,0.0,ETH-27MAR20-480-P,175.38,0.0,0.003,10.0,0.0,0.0,0.0,0.32754,-0.10838,-2.15231,0.00195,-0.81229
175.4,SYN.ETH-11OCT19,1570445948835,open,0.0,518.0,0.001,0.014,0.002924,102.01,0.003,0.0,ETH-11OCT19-150-P,175.38,82.31,0.001,200.0,0.004,200.0,109.92,0.02201,-0.28961,-0.0012,0.0066,-0.0617
175.76,ETH-27DEC19,1570445948839,open,1.23,0.0,1.108,1.269,1.18548,111.25,None,0.0,ETH-27DEC19-380-P,175.38,0.0,0.001,5.0,0.0,0.0,0.0,0.15863,-0.1091,-0.8071,0.00208,-0.88697
175.76,ETH-27DEC19,1570445948841,open,1.8,21.0,1.654,1.837,1.741594,114.67,0.629,0.0,ETH-27DEC19-480-P,175.38,0.0,0.001,7.0,0.0,0.0,0.0,0.09305,-0.06596,-1.04598,0.00119,-0.94423
177.21,ETH-27MAR20,1570445948845,open,2.05,0.0,1.871,2.105,1.984005,114.33,None,0.0,ETH-27MAR20-520-P,175.38,0.0,0.005,10.0,0.0,0.0,0.0,0.30018,-0.09984,-2.35355,0.00178,-0.83641
175.76,ETH-27DEC19,1570445948851,open,0.03,926.0,0.011,0.063,0.034431,110.53,0.03,0.0,ETH-27DEC19-340-C,175.38,108.35,0.032,128.0,0.038,427.0,113.62,0.19858,-0.1357,0.04762,0.00262,0.15672
177.21,ETH-27MAR20,1570445948851,open,2.27,0.0,2.086,2.332,2.204744,116.2,None,0.0,ETH-27MAR20-560-P,175.38,0.0,0.01,10.0,0.0,0.0,0.0,0.28124,-0.09507,-2.5506,0.00164,-0.85181
177.21,ETH-27MAR20,1570445948856,open,1.6,0.0,1.445,1.661,1.551275,112.72,None,0.0,ETH-27MAR20-440-P,175.38,0.0,0.002,10.0,0.0,0.0,0.0,0.35536,-0.11652,-1.94951,0.00213,-0.78496
175.76,ETH-27DEC19,1570445948860,open,1.57,0.0,1.435,1.609,1.518244,114.13,None,0.0,ETH-27DEC19-440-P,175.38,0.0,0.001,8.0,0.0,0.0,0.0,0.11711,-0.08263,-0.95151,0.0015,-0.925
175.4,SYN.ETH-11OCT19,1570445948863,open,0.03,218.0,0.003,0.046,0.02041,82.99,0.03,0.0,ETH-11OCT19-170-P,175.38,76.58,0.018,372.0,0.024,372.0,92.42,0.06634,-0.71024,-0.00674,0.02447,-0.34152
175.76,ETH-27DEC19,1570445948865,open,1.34,16.0,1.217,1.384,1.297393,114.13,1.195,0.0,ETH-27DEC19-400-P,175.38,0.0,0.001,8.0,0.0,0.0,0.0,0.14882,-0.10501,-0.85442,0.00191,-0.89655
175.76,ETH-27DEC19,1570445948868,open,0.02,275.0,0.007,0.048,0.023441,111.25,0.021,0.0,ETH-27DEC19-380-C,175.38,108.47,0.021,640.0,0.024,150.0,111.87,0.15863,-0.1091,0.03489,0.00208,0.11303
175.43,SYN.ETH-18OCT19,1570445948868,open,0.13,101.0,0.078,0.161,0.119878,98.79,0.126,0.0,ETH-18OCT19-190-P,175.38,76.43,0.106,120.0,0.118,120.0,95.85,0.11228,-0.50999,-0.04019,0.01239,-0.64897
175.76,ETH-27DEC19,1570445948873,open,2.03,37.0,1.874,2.067,1.966293,115.26,0.707,0.0,ETH-27DEC19-520-P,175.38,0.0,0.002,25.0,0.0,0.0,0.0,0.07417,-0.05285,-1.13885,0.00094,-0.95801
175.76,ETH-27DEC19,1570445948873,open,2.49,0.0,2.315,2.53,2.41772,115.29,0.953,0.0,ETH-27DEC19-600-P,175.38,0.0,0.0,0.0,0.0,0.0,0.0,0.04546,-0.0324,-1.32196,0.00058,-0.97677
177.21,ETH-27MAR20,1570445948883,open,0.39,1238.0,0.296,0.444,0.373697,107.21,0.384,0.0,ETH-27MAR20-200-P,175.38,102.86,0.362,24.0,0.383,24.0,110.68,0.4752,-0.1482,-0.66183,0.003,-0.41941
175.76,ETH-27DEC19,1570445948889,open,0.31,3557.0,0.226,0.351,0.291213,108.55,0.301,0.0,ETH-27DEC19-200-P,175.38,104.18,0.283,96.0,0.299,259.0,112.7,0.33006,-0.22151,-0.30772,0.00444,-0.49894
175.76,ETH-27DEC19,1570445948893,open,2.95,0.0,2.757,2.996,2.871308,116.95,None,0.0,ETH-27DEC19-680-P,175.38,0.0,0.002,10.0,0.0,0.0,0.0,0.0305,-0.02205,-1.502,0.00038,-0.98546
175.4,SYN.ETH-11OCT19,1570445948896,open,0.08,27.0,0.063,0.126,0.095945,92.67,0.072,0.0,ETH-11OCT19-160-C,175.38,63.09,0.09,40.0,0.098,40.0,100.69,0.0433,-0.51763,0.01393,0.0143,0.84375
175.76,ETH-27DEC19,1570445948898,open,0.16,3023.0,0.1,0.199,0.151401,108.82,0.147,0.0,ETH-27DEC19-160-P,175.38,105.65,0.146,382.0,0.157,254.0,112.1,0.29967,-0.2016,-0.18753,0.00402,-0.33014
175.76,ETH-27DEC19,1570445948898,open,2.26,0.0,2.095,2.298,2.191669,115.26,0.845,0.0,ETH-27DEC19-560-P,175.38,0.0,0.0,0.0,0.0,0.0,0.0,0.05803,-0.04135,-1.23086,0.00074,-0.96888
175.76,ETH-27DEC19,1570445948898,open,2.72,0.0,2.536,2.762,2.64433,115.83,None,0.0,ETH-27DEC19-640-P,175.38,0.0,0.0,0.0,0.0,0.0,0.0,0.03656,-0.02618,-1.41227,0.00046,-0.98204
177.21,ETH-27MAR20,1570445948912,open,2.5,0.0,2.302,2.557,2.424634,116.81,None,0.0,ETH-27MAR20-600-P,175.38,0.0,0.02,10.0,0.0,0.0,0.0,0.25888,-0.08797,-2.74827,0.0015,-0.8688
175.76,ETH-27DEC19,1570445948912,open,3.42,0.0,3.199,3.464,3.326147,122.6,None,0.0,ETH-27DEC19-760-P,175.38,0.0,0.0,0.0,0.0,0.0,0.0,0.02634,-0.01996,-1.68002,0.00031,-0.98773
175.76,ETH-27DEC19,1570445948919,open,1.12,257.0,1.001,1.158,1.076952,111.25,0.7,0.0,ETH-27DEC19-360-P,175.38,0.0,0.01,2.0,0.0,0.0,0.0,0.17879,-0.12297,-0.75664,0.00235,-0.86592
177.21,ETH-27MAR20,1570445948927,open,0.14,934.0,0.089,0.203,0.14917,108.74,0.14,0.0,ETH-27MAR20-280-C,175.38,106.04,0.142,281.0,0.155,313.0,110.93,0.47136,-0.14911,0.21364,0.00293,0.40519
175.76,ETH-27DEC19,1570445948927,open,0.01,10821.0,0.001,0.021,0.007713,115.26,0.007,0.0,ETH-27DEC19-520-C,175.38,110.88,0.006,640.0,0.011,460.0,122.21,0.07417,-0.05285,0.01335,0.00094,0.04199
175.43,SYN.ETH-18OCT19,1570445948929,open,0.06,31.0,0.047,0.116,0.083429,98.67,0.06,0.0,ETH-18OCT19-170-C,175.38,73.81,0.067,120.0,0.079,220.0,92.0,0.11649,-0.52845,0.02733,0.01287,0.60634
175.46,SYN.ETH-25OCT19,1570445948937,open,0.12,554.0,0.093,0.163,0.130155,93.04,0.128,0.0,ETH-25OCT19-160-C,175.38,86.19,0.125,40.0,0.134,220.0,98.08,0.13309,-0.34636,0.04976,0.00949,0.70919
177.21,ETH-27MAR20,1570445948942,open,0.05,1150.0,0.023,0.099,0.05802,113.58,0.06,0.0,ETH-27MAR20-480-C,175.38,111.37,0.054,32.0,0.063,330.0,116.23,0.32683,-0.10799,0.10768,0.00195,0.18706
177.21,ETH-27MAR20,1570445948942,open,0.12,1804.0,0.071,0.157,0.114903,109.7,0.114,0.0,ETH-27MAR20-120-P,175.38,107.03,0.11,311.0,0.121,311.0,113.02,0.32524,-0.1038,-0.25075,0.002,-0.18559
175.4,SYN.ETH-11OCT19,1570445948942,open,0.07,510.0,0.018,0.082,0.049144,82.74,0.07,0.0,ETH-11OCT19-180-P,175.38,72.24,0.045,120.0,0.053,120.0,92.4,0.06969,-0.74386,-0.01215,0.02578,-0.603
175.43,SYN.ETH-18OCT19,1570445948944,open,0.09,0.0,0.044,0.12,0.082471,98.55,None,0.0,ETH-18OCT19-180-P,175.38,77.44,0.068,120.0,0.08,120.0,94.96,0.12055,-0.54617,-0.03182,0.01334,-0.52634
8039.64,BTC-27DEC19,1570445949179,open,0.04,732.3,0.0155,0.0685,0.03954189,84.56,0.038,0.0,BTC-27DEC19-12000-C,8003.57,83.42,0.038,22.7,0.041,0.2,85.63,10.90028,-5.6987,3.03277,9e-05,0.20979
8039.64,BTC-27DEC19,1570445949179,open,0.21,53.6,0.181,0.2575,0.2209733,84.59,0.2255,0.0,BTC-27DEC19-7000-C,8003.57,82.75,0.218,15.4,0.2255,7.4,87.39,13.00088,-6.79937,8.6716,0.00011,0.70776
8039.64,BTC-27DEC19,1570445949179,open,0.08,395.3,0.039,0.103,0.07017429,87.17,0.0745,0.0,BTC-27DEC19-6500-P,8003.57,85.31,0.0675,10.0,0.073,8.9,89.12,11.62311,-6.26376,-5.43217,9e-05,-0.23476
8011.54,SYN.BTC-25OCT19,1570445949179,open,0.14,9.3,0.121,0.175,0.14872034,82.04,0.165,0.0,BTC-25OCT19-7000-C,8003.57,37.71,0.128,6.0,0.169,6.0,112.27,4.99452,-11.46086,2.54721,0.00019,0.79792
8011.54,SYN.BTC-25OCT19,1570445949179,open,0.04,285.8,0.0175,0.065,0.04078791,73.64,0.0375,0.0,BTC-25OCT19-8500-C,8003.57,70.34,0.038,19.0,0.0415,6.0,74.47,6.79798,-14.00152,1.36659,0.00029,0.38909
8011.54,SYN.BTC-25OCT19,1570445949179,open,0.0,384.0,0.0005,0.012,0.00200496,90.69,0.0025,0.0,BTC-25OCT19-12000-C,8003.57,86.79,0.0015,57.3,0.0025,6.0,93.94,1.13522,-2.87956,0.10154,4e-05,0.02788
8011.54,SYN.BTC-25OCT19,1570445949179,open,0.02,105.8,0.0025,0.028,0.01247367,87.63,0.014,0.0,BTC-25OCT19-6500-P,8003.57,85.39,0.0115,10.0,0.0135,6.0,89.91,3.54599,-8.69124,-0.51965,0.00013,-0.11997
8027.16,SYN.BTC-29NOV19,1570445949179,open,0.12,89.8,0.086,0.1565,0.12268685,80.12,0.117,0.0,BTC-29NOV19-8000-C,8003.57,77.66,0.119,10.0,0.1255,8.0,82.0,12.02658,-9.11216,5.14316,0.00016,0.56497
8005.3,SYN.BTC-11OCT19,1570445949179,open,0.0,40.3,0.0005,0.0105,0.00025122,105.42,0.0005,0.0,BTC-11OCT19-10500-C,8003.57,0.0,0.0,0.0,0.0005,0.5,114.64,0.16652,-2.01107,0.00598,2e-05,0.00729
8110.1,BTC-27MAR20,1570445949181,open,0.02,32.6,0.0035,0.039,0.0162557,99.03,0.015,0.0,BTC-27MAR20-28000-C,8003.57,97.04,0.0145,18.0,0.018,10.0,100.89,7.38614,-2.12781,2.01249,2e-05,0.06895
8039.64,BTC-27DEC19,1570445949181,open,0.0,709.7,0.0005,0.0115,0.00150209,108.47,0.002,0.0,BTC-27DEC19-30000-C,8003.57,103.89,0.001,32.1,0.002,1.3,112.02,1.01497,-0.68065,0.15267,1e-05,0.01007
8110.1,BTC-27MAR20,1570445949186,open,2.78,0.0,2.6305,2.8095,2.71453273,102.06,None,0.0,BTC-27MAR20-30000-P,8003.57,0.0,0.0035,1.0,0.0,0.0,0.0,7.02048,-2.08449,-139.39135,2e-05,-0.93543
8011.54,SYN.BTC-25OCT19,1570445949189,open,0.09,29.0,0.073,0.13,0.1025344,77.03,0.094,0.0,BTC-25OCT19-7500-C,8003.57,71.26,0.098,15.7,0.1035,6.0,78.25,6.3267,-13.63186,2.27217,0.00026,0.68164
8005.3,SYN.BTC-11OCT19,1570445949189,open,0.0,173.9,0.0005,0.0105,0.00011254,125.0,0.001,0.0,BTC-11OCT19-11500-C,8003.57,0.0,0.0,0.0,0.001,20.0,160.65,0.07545,-0.9009,0.00245,1e-05,0.003
8011.54,SYN.BTC-25OCT19,1570445949189,open,0.25,16.3,0.2385,0.2815,0.25931469,98.97,0.27,0.0,BTC-25OCT19-6000-C,8003.57,0.0,0.24,6.0,0.2765,1.0,140.57,2.5459,-7.0479,2.60631,8e-05,0.92358
8005.3,SYN.BTC-11OCT19,1570445949189,open,0.0,321.4,0.0005,0.0125,0.00251169,76.38,0.002,0.0,BTC-11OCT19-9000-C,8003.57,72.62,0.002,1.7,0.003,46.5,79.62,1.15233,-11.35486,0.06052,0.00022,0.07371
8039.64,BTC-27DEC19,1570445949194,open,2.3,0.0,2.171,2.308,2.23646296,104.71,None,0.0,BTC-27DEC19-26000-P,8003.57,0.0,0.006,10.0,2.8335,0.2,500.0,1.54587,-1.00069,-57.36254,1e-05,-0.98362
8005.3,SYN.BTC-11OCT19,1570445949194,open,0.18,0.2,0.1715,0.2095,0.18953158,112.4,0.17,0.0,BTC-11OCT19-6500-C,8003.57,0.0,0.1745,1.0,0.206,4.0,212.53,0.58749,-8.51894,0.66198,8e-05,0.9683
8027.16,SYN.BTC-29NOV19,1570445949194,open,0.27,0.0,0.2545,0.3115,0.28349933,88.51,None,0.0,BTC-29NOV19-6000-C,8003.57,0.0,0.055,0.1,0.0,0.0,0.0,7.15275,-5.98647,6.57682,9e-05,0.84908
8110.1,BTC-27MAR20,1570445949196,open,0.83,58.8,0.7365,0.8735,0.80398434,88.36,0.809,0.0,BTC-27MAR20-14000-P,8003.57,62.83,0.7535,1.0,0.859,1.0,110.76,18.57627,-4.77517,-58.38421,7e-05,-0.7248
8039.64,BTC-27DEC19,1570445949196,open,0.56,74.2,0.4835,0.5835,0.53213861,84.56,0.496,0.0,BTC-27DEC19-12000-P,8003.57,0.0,0.4925,3.0,0.577,3.0,113.78,10.89959,-5.69797,-23.55677,9e-05,-0.79023
8027.16,SYN.BTC-29NOV19,1570445949196,open,0.42,0.0,0.3575,0.4415,0.39837924,80.44,None,0.0,BTC-29NOV19-11000-P,8003.57,0.0,0.0005,2.0,0.0,0.0,0.0,8.30459,-6.31682,-14.04571,0.00011,-0.80949
8027.16,SYN.BTC-29NOV19,1570445949196,open,0.38,0.0,0.3705,0.4145,0.39184666,99.12,None,0.0,BTC-29NOV19-5000-C,8003.57,0.0,0.012,1.0,0.0,0.0,0.0,4.30063,-4.03102,6.20619,5e-05,0.92555
8005.3,SYN.BTC-11OCT19,1570445949199,open,0.15,0.0,0.14,0.1805,0.15929727,105.46,None,0.0,BTC-11OCT19-6750-C,8003.57,0.0,0.1425,4.0,0.177,4.0,194.69,0.88053,-11.98018,0.67024,0.00012,0.94779
8008.42,SYN.BTC-18OCT19,1570445949201,open,0.01,163.8,0.002,0.029,0.01253293,72.51,0.011,0.0,BTC-18OCT19-9000-C,8003.57,69.19,0.011,21.0,0.014,5.0,75.57,3.77719,-12.59171,0.42859,0.00027,0.19214
8110.1,BTC-27MAR20,1570445949206,open,0.02,101.2,0.0045,0.043,0.01875652,97.28,0.018,0.0,BTC-27MAR20-26000-C,8003.57,95.49,0.017,18.0,0.0205,10.1,98.96,8.2001,-2.32056,2.30302,3e-05,0.07906
8008.42,SYN.BTC-18OCT19,1570445949206,open,0.4,0.0,0.347,0.406,0.37480714,88.76,None,0.0,BTC-18OCT19-11000-P,8003.57,0.0,0.015,1.0,0.0,0.0,0.0,0.75394,-3.07666,-3.22566,4e-05,-0.97698
8110.1,BTC-27MAR20,1570445949208,open,2.29,0.0,2.1485,2.3105,2.22458027,97.22,None,0.0,BTC-27MAR20-26000-P,8003.57,0.0,0.0015,2.0,0.0,0.0,0.0,8.18655,-2.31542,-120.13345,3e-05,-0.92111
8005.3,SYN.BTC-11OCT19,1570445949208,open,0.0,264.8,0.0005,0.011,0.00100515,86.34,0.001,0.0,BTC-11OCT19-9500-C,8003.57,77.54,0.0005,50.1,0.0015,40.5,92.54,0.56245,-6.26481,0.02471,0.0001,0.03008
8039.64,BTC-27DEC19,1570445949220,open,2.81,0.2,2.6585,2.8135,2.73299389,108.32,2.03,0.0,BTC-27DEC19-30000-P,8003.57,0.0,0.0,0.0,0.0,0.0,0.0,1.00589,-0.67364,-66.32201,1e-05,-0.99003
8027.16,SYN.BTC-29NOV19,1570445949224,open,0.78,0.0,0.712,0.7965,0.75183534,85.82,None,0.0,BTC-29NOV19-14000-P,8003.57,0.0,0.0,0.0,0.0,0.0,0.0,3.72633,-3.02405,-19.6522,5e-05,-0.93816
8008.42,SYN.BTC-18OCT19,1570445949226,open,0.0,104.6,0.0005,0.013,0.00326036,78.79,0.003,0.0,BTC-18OCT19-10000-C,8003.57,74.75,0.0025,10.0,0.004,2.5,82.24,1.62056,-5.8699,0.1325,0.00011,0.05879
8027.16,SYN.BTC-29NOV19,1570445949226,open,0.02,107.3,0.0045,0.03,0.01473004,99.12,0.014,0.0,BTC-29NOV19-5000-P,8003.57,96.78,0.0135,10.0,0.016,15.0,101.45,4.30038,-4.03063,-1.03697,5e-05,-0.07444
8110.1,BTC-27MAR20,1570445949233,open,2.54,0.0,2.389,2.5585,2.46868128,98.96,None,0.0,BTC-27MAR20-28000-P,8003.57,0.0,0.0025,1.0,0.0,0.0,0.0,7.37046,-2.12189,-129.84233,2e-05,-0.93124
8039.64,BTC-27DEC19,1570445949233,open,5.09,0.0,4.8535,5.0945,4.9708514,124.3,None,0.0,BTC-27DEC19-48000-P,8003.57,0.0,0.0005,2.0,0.0,0.0,0.0,0.33367,-0.25642,-106.31353,0.0,-0.99712
8110.1,BTC-27MAR20,1570445949245,open,0.35,10.5,0.318,0.4015,0.36141002,88.35,0.35,0.0,BTC-27MAR20-6000-C,8003.57,74.85,0.335,5.0,0.384,5.0,99.62,16.11963,-4.14295,16.29908,6e-05,0.7882
8110.1,BTC-27MAR20,1570445949245,open,0.03,292.6,0.011,0.0655,0.03351095,92.45,0.0345,0.0,BTC-27MAR20-20000-C,8003.57,90.72,0.031,10.0,0.036,10.0,94.09,12.04878,-3.24032,3.85443,4e-05,0.13444
8005.3,SYN.BTC-11OCT19,1570445949247,open,0.0,130.1,0.0005,0.0105,5.499e-05,125.0,0.0005,0.0,BTC-11OCT19-5500-P,8003.57,0.0,0.0,0.0,0.0005,4.4,158.62,0.03898,-0.44019,-0.00128,0.0,-0.00145
8039.64,BTC-27DEC19,1570445949251,open,3.57,1.3,3.3905,3.5735,3.47879153,115.51,2.2,0.0,BTC-27DEC19-36000-P,8003.57,0.0,0.01,1.0,0.0,0.0,0.0,0.68811,-0.49139,-79.66995,0.0,-0.99353
8008.42,SYN.BTC-18OCT19,1570445949272,open,0.08,7.6,0.061,0.115,0.08893448,76.62,0.0775,0.0,BTC-18OCT19-7500-C,8003.57,66.34,0.083,14.0,0.093,14.0,83.46,4.70911,-16.5878,1.48907,0.00032,0.71296
8039.64,BTC-27DEC19,1570445949277,open,0.0,336.6,0.0005,0.011,0.00125172,110.66,0.0015,0.0,BTC-27DEC19-32000-C,8003.57,108.12,0.001,32.0,0.0015,5.0,112.82,0.86502,-0.59178,0.12717,1e-05,0.00839
8008.42,SYN.BTC-18OCT19,1570445949291,open,0.3,0.0,0.2995,0.332,0.31496871,113.93,None,0.0,BTC-18OCT19-5500-C,8003.57,0.0,0.3015,1.0,0.3285,5.0,184.42,0.73304,-3.83944,1.5815,3e-05,0.97773
8005.3,SYN.BTC-11OCT19,1570445949297,open,0.06,11.6,0.0475,0.0955,0.07209342,77.33,0.0625,0.0,BTC-11OCT19-7500-C,8003.57,67.78,0.0695,8.2,0.0745,0.1,85.52,2.27735,-22.7193,0.62263,0.00043,0.80458
8039.64,BTC-27DEC19,1570445949301,open,0.03,890.8,0.01,0.047,0.02622145,95.69,0.029,0.0,BTC-27DEC19-5000-P,8003.57,93.59,0.0245,30.0,0.028,10.0,97.81,6.65796,-3.93882,-2.25453,5e-05,-0.10034
8039.64,BTC-27DEC19,1570445949301,open,0.3,121.1,0.271,0.3375,0.30514359,89.19,0.3295,0.0,BTC-27DEC19-6000-C,8003.57,70.3,0.283,7.0,0.332,7.0,109.91,10.0072,-5.51817,9.13194,8e-05,0.81777
8039.64,BTC-27DEC19,1570445949301,open,0.0,407.9,0.0005,0.0145,0.00450598,100.26,0.004,0.0,BTC-27DEC19-22000-C,8003.57,96.75,0.0035,42.0,0.0055,6.0,103.26,2.49708,-1.54777,0.43473,2e-05,0.02891
8008.42,SYN.BTC-18OCT19,1570445949301,open,0.01,46.5,0.0005,0.0185,0.00626869,75.37,0.0065,0.0,BTC-18OCT19-9500-C,8003.57,71.15,0.005,10.0,0.0075,23.0,79.11,2.53205,-8.77383,0.23813,0.00018,0.10606
8011.54,SYN.BTC-25OCT19,1570445949301,open,0.01,143.6,0.003,0.0315,0.01427767,75.0,0.0145,0.0,BTC-25OCT19-9500-C,8003.57,72.71,0.013,55.0,0.0155,6.2,77.13,4.53141,-9.50632,0.62145,0.00019,0.17267
8008.42,SYN.BTC-18OCT19,1570445949305,open,0.0,5.0,0.0005,0.0115,0.00175583,82.24,0.002,0.0,BTC-18OCT19-10500-C,8003.57,80.13,0.0015,10.0,0.002,15.7,84.08,1.02008,-3.85687,0.07478,6e-05,0.03309
8011.54,SYN.BTC-25OCT19,1570445949315,open,0.34,0.0,0.2865,0.3485,0.31587017,79.04,None,0.0,BTC-25OCT19-10500-P,8003.57,0.0,0.2905,1.0,0.3445,3.0,135.17,2.44036,-5.39544,-4.87929,0.0001,-0.9277
8039.64,BTC-27DEC19,1570445949318,open,0.0,239.5,0.0005,0.0125,0.00280155,125.0,0.004,0.0,BTC-27DEC19-2500-P,8003.57,122.77,0.0025,39.1,0.004,16.0,132.66,1.12376,-0.86843,-0.25159,1e-05,-0.01132
8039.64,BTC-27DEC19,1570445949318,open,0.01,497.4,0.003,0.0265,0.01273442,106.17,0.015,0.0,BTC-27DEC19-4000-P,8003.57,103.56,0.0115,15.0,0.014,10.0,108.73,3.89141,-2.55435,-1.11421,3e-05,-0.04981
8110.1,BTC-27MAR20,1570445949318,open,0.08,322.5,0.0385,0.121,0.07777155,88.38,0.0805,0.0,BTC-27MAR20-14000-C,8003.57,86.94,0.0745,18.0,0.081,10.0,89.78,18.57823,-4.77637,7.54184,7e-05,0.27525
8039.64,BTC-27DEC19,1570445949318,open,0.01,615.4,0.0005,0.023,0.00851896,93.49,0.009,0.0,BTC-27DEC19-18000-C,8003.57,91.42,0.0075,31.0,0.0095,0.5,95.34,4.1207,-2.3816,0.80186,3e-05,0.05353
8008.42,SYN.BTC-18OCT19,1570445949318,open,0.34,0.0,0.286,0.343,0.3128747,82.23,None,0.0,BTC-18OCT19-10500-P,8003.57,0.0,0.013,1.0,0.0,0.0,0.0,1.01977,-3.85537,-3.05387,6e-05,-0.96692
8039.64,BTC-27DEC19,1570445949320,open,0.4,66.8,0.3785,0.4305,0.40430615,95.7,0.4155,0.0,BTC-27DEC19-5000-C,8003.57,63.11,0.3835,8.0,0.4245,8.0,117.78,6.65824,-3.93914,8.82418,5e-05,0.89966
8008.42,SYN.BTC-18OCT19,1570445949320,open,0.0,4.1,0.0005,0.0115,0.00174527,113.92,0.002,0.0,BTC-18OCT19-5500-P,8003.57,111.12,0.0015,15.0,0.002,18.0,116.59,0.73292,-3.83865,-0.05729,3e-05,-0.02226
8011.54,SYN.BTC-25OCT19,1570445949320,open,0.06,420.2,0.038,0.092,0.06561502,73.64,0.0615,0.0,BTC-25OCT19-8000-C,8003.57,70.66,0.063,10.0,0.067,6.0,75.21,7.04433,-14.50895,1.84556,0.0003,0.53599
8008.42,SYN.BTC-18OCT19,1570445949320,open,0.03,118.6,0.0075,0.0475,0.02544796,76.62,0.028,0.0,BTC-18OCT19-7500-P,8003.57,73.29,0.0235,10.0,0.0275,14.0,80.09,4.7091,-16.58752,-0.74565,0.00032,-0.28703
8011.54,SYN.BTC-25OCT19,1570445949320,open,0.01,856.4,0.0005,0.021,0.00823312,98.97,0.0085,0.0,BTC-25OCT19-6000-P,8003.57,98.23,0.008,10.0,0.0085,6.2,99.8,2.54579,-7.04739,-0.33214,8e-05,-0.07642
8005.3,SYN.BTC-11OCT19,1570445949320,open,0.0,192.5,0.0005,0.011,0.00149356,112.4,0.0015,0.0,BTC-11OCT19-6500-P,8003.57,104.86,0.001,40.0,0.002,0.7,118.72,0.58745,-8.51808,-0.02821,8e-05,-0.0317
8039.64,BTC-27DEC19,1570445949324,open,1.54,4.6,1.4405,1.5545,1.49391935,97.48,1.466,0.0,BTC-27DEC19-20000-P,8003.57,0.0,0.006,5.0,2.127,0.2,500.0,3.22663,-1.94448,-43.72342,2e-05,-0.96052
8008.42,SYN.BTC-18OCT19,1570445949324,open,0.27,0.0,0.225,0.282,0.251945,78.78,None,0.0,BTC-18OCT19-10000-P,8003.57,0.0,0.013,1.0,0.0,0.0,0.0,1.62034,-5.86876,-2.84717,0.00011,-0.94122
8110.1,BTC-27MAR20,1570445949339,open,0.02,102.7,0.0035,0.038,0.01550533,102.14,0.018,0.0,BTC-27MAR20-30000-C,8003.57,101.55,0.015,1.0,0.016,10.0,102.7,7.03754,-2.09106,1.88163,2e-05,0.06478
8110.1,BTC-27MAR20,1570445949339,open,0.01,48.6,0.001,0.0295,0.01075378,105.9,0.0095,0.0,BTC-27MAR20-36000-C,8003.57,103.92,0.0095,11.0,0.012,10.0,107.73,5.34556,-1.64682,1.33642,2e-05,0.04575
8039.64,BTC-27DEC19,1570445949339,open,0.01,373.9,0.0005,0.0195,0.00848959,112.52,0.009,0.0,BTC-27DEC19-3500-P,8003.57,109.59,0.0075,48.0,0.0095,10.0,115.33,2.80367,-1.95026,-0.7436,2e-05,-0.03325
