underlying_price,underlying_index,timestamp,state,settlement_price,open_interest,min_price,max_price,mark_price,mark_iv,last_price,interest_rate,instrument_name,index_price,bid_iv,best_bid_price,best_bid_amount,best_ask_price,best_ask_amount,ask_iv,vega,theta,rho,gamma,delta
5254.72,index_price,1555671540006,open,0.05,77.1,0.04820329,0.09525266,0.05113959,52.21,0.052,0,BTC-31MAY19-5500-C,5254.72,50.6,0.049,2.0,0.0525,9.6,53.23,6.99923,-4.36305,2.30013,0.00042,0.43267
173.14,index_price,1555671540134,open,0.0,0.255043,0.263403,0.256807,83.43,None,0.2,ETH-3MAY19-130-C,173.14,0.0,0.0,0.0,0.335,2.0,269.48,0.02258,-0.13561,0.04698,0.00238,0.97061
173.14,index_price,1555671540269,open,0.0,0.000193,0.008553,0.001957,83.43,None,0.2,ETH-3MAY19-130-P,173.14,0.0,0.0,0.0,0.004,250.0,95.99,0.02258,-0.06491,-0.00206,0.00238,-0.02939
173.14,index_price,1555671540386,open,0.0,0.198745,0.214796,0.200675,71.98,None,0.2,ETH-3MAY19-140-C,173.14,0.0,0.0,0.0,0.273,1.0,223.13,0.0352,-0.16233,0.04927,0.00429,0.9493
173.14,index_price,1555671540521,open,0.0,0.001215,0.017266,0.003144,71.98,None,0.2,ETH-3MAY19-140-P,173.14,0.0,0.0,0.0,0.006,250.0,83.75,0.0352,-0.0862,-0.00354,0.00429,-0.0507
173.14,index_price,1555671540648,open,0.0,0.145235,0.171152,0.148743,69.94,None,0.2,ETH-3MAY19-150-C,173.14,47.16,0.142,50.0,0.152,50.0,77.8,0.06746,-0.23941,0.04814,0.00846,0.88019
173.14,index_price,1555671540784,open,0.0,0.005024,0.030941,0.008532,69.94,None,0.2,ETH-3MAY19-150-P,173.14,59.92,0.005,250.0,0.011,255.0,75.98,0.06745,-0.15784,-0.00845,0.00846,-0.11981
178.9,ETH-27SEP19,1555671540818,open,0.11,209.0,0.083928,0.175223,0.111524,70.78,0.106,0.0,ETH-27SEP19-220-C,173.14,68.26,0.105,150.0,0.116,150.0,72.51,0.46396,-0.10207,0.24225,0.00465,0.41875
176.66,ETH-28JUN19,1555671540818,open,0.0,1941.0,4e-06,0.005836,0.00307,105.0,0.006,0.0,ETH-28JUN19-500-C,173.14,108.85,0.004,150.0,0.008,150.0,120.82,0.03889,-0.02922,0.00604,0.00062,0.02093
173.14,index_price,1555671540820,open,0.0,528.0,0.000333,0.009734,0.004086,92.06,0.002,0.2,ETH-26APR19-210-C,173.14,79.39,0.002,250.0,0.006,250.0,100.91,0.03388,-0.23361,0.00234,0.00652,0.07571
173.14,index_price,1555671540820,open,0.01,271.0,0.001426,0.016581,0.006661,85.51,0.004,0,ETH-26APR19-200-C,173.14,79.12,0.005,250.0,0.008,250.0,90.17,0.04781,-0.29728,0.00373,0.0099,0.12097
176.66,ETH-28JUN19,1555671540824,open,0.21,1851.0,0.189511,0.284082,0.206813,70.35,0.21,0.0,ETH-28JUN19-200-P,173.14,66.9,0.201,90.0,0.211,90.0,72.82,0.29894,-0.15049,-0.27232,0.00711,-0.59841
178.9,ETH-27SEP19,1555671540831,open,0.13,1286.0,0.102459,0.185147,0.124684,69.39,0.126,0.0,ETH-27SEP19-160-P,173.14,65.73,0.116,180.0,0.127,180.0,70.37,0.42374,-0.09139,-0.34923,0.00433,-0.31821
176.66,ETH-28JUN19,1555671540833,open,0.55,0.0,0.547216,0.555318,0.552348,104.9,None,0.0,ETH-28JUN19-80-C,173.14,0.0,0.001,10.0,0.0,0.0,0.0,0.04557,-0.03421,0.14285,0.00073,0.97474
176.66,ETH-28JUN19,1555671540833,open,0.03,1940.0,0.009883,0.076187,0.028054,79.5,0.024,0.0,ETH-28JUN19-260-C,173.14,78.56,0.027,100.0,0.029,120.0,80.34,0.19879,-0.11309,0.04948,0.00419,0.17436
176.66,ETH-28JUN19,1555671540838,open,0.04,2650.0,0.023955,0.092463,0.033724,68.93,0.035,0.0,ETH-28JUN19-140-P,173.14,65.62,0.03,130.0,0.035,60.0,70.05,0.2016,-0.09944,-0.0717,0.0049,-0.17828
173.14,index_price,1555671540838,open,0.0,133.0,0.001263,0.014486,0.002645,69.91,0.002,0,ETH-26APR19-150-P,173.14,65.76,0.002,33.0,0.003,250.0,71.98,0.02882,-0.14655,-0.00209,0.0073,-0.0614
178.9,ETH-27SEP19,1555671540842,open,1.27,0.0,1.240604,1.279565,1.262305,83.53,None,0.0,ETH-27SEP19-400-P,173.14,0.0,0.001,9.0,0.0,0.0,0.0,0.23797,-0.06178,-1.68902,0.00202,-0.87973
176.66,ETH-28JUN19,1555671540849,open,0.24,337.0,0.231472,0.299981,0.241196,68.89,0.242,0.0,ETH-28JUN19-140-C,173.14,0.0,0.18,6.0,0.31,1.0,122.37,0.20153,-0.09935,0.19637,0.0049,0.82182
176.66,ETH-28JUN19,1555671540857,open,0.01,265.0,0.001431,0.038693,0.01394,88.52,0.01,0.0,ETH-28JUN19-320-C,173.14,85.68,0.012,150.0,0.015,60.0,89.98,0.12559,-0.07955,0.02575,0.00237,0.09007
176.66,ETH-28JUN19,1555671540866,open,0.29,325.0,0.277525,0.334593,0.285478,69.65,0.268,0.0,ETH-28JUN19-130-C,173.14,0.0,0.14,50.0,0.7,1.0,425.34,0.15757,-0.07853,0.19996,0.00379,0.87673
178.9,ETH-27SEP19,1555671540898,open,0.04,1627.0,0.026713,0.080313,0.039626,69.4,0.042,0.0,ETH-27SEP19-120-P,173.14,66.16,0.035,210.0,0.042,210.0,71.02,0.25958,-0.05599,-0.13872,0.00265,-0.1363
178.9,ETH-27SEP19,1555671540907,open,0.56,0.0,0.554931,0.572346,0.559489,73.66,None,0.0,ETH-27SEP19-80-C,173.14,0.0,0.001,4.0,0.0,0.0,0.0,0.07937,-0.01817,0.3242,0.00076,0.97064
173.14,index_price,1555671540914,open,0.0,0.097836,0.133273,0.103078,68.94,None,0.2,ETH-3MAY19-160-C,173.14,56.7,0.096,50.0,0.107,50.0,75.32,0.1046,-0.32233,0.04333,0.01331,0.76143
176.66,ETH-28JUN19,1555671540919,open,0.33,25.0,0.327427,0.372438,0.333466,70.62,0.315,0.0,ETH-28JUN19-120-C,173.14,0.0,0.002,10.0,0.0,0.0,0.0,0.11475,-0.05799,0.19841,0.00272,0.92015
178.9,ETH-27SEP19,1555671540919,open,0.43,121.0,0.402656,0.490145,0.428163,70.72,0.507,0.0,ETH-27SEP19-240-P,173.14,0.0,0.006,8.0,0.477,1.0,89.96,0.43895,-0.09648,-0.85181,0.0044,-0.65211
176.66,ETH-28JUN19,1555671540935,open,0.02,1476.0,0.013402,0.07047,0.021397,69.69,0.019,0.0,ETH-28JUN19-130-P,173.14,65.77,0.018,210.0,0.023,60.0,71.47,0.15767,-0.07863,-0.04896,0.00379,-0.12338
178.9,ETH-27SEP19,1555671540940,open,0.35,393.0,0.313665,0.404961,0.341123,70.73,0.332,0.0,ETH-27SEP19-220-P,173.14,55.72,0.303,60.0,0.389,60.0,88.97,0.46392,-0.10198,-0.72746,0.00465,-0.58145
173.14,index_price,1555671540940,open,0.01,137.0,0.005592,0.028356,0.011418,76.69,0.015,0,ETH-26APR19-190-C,173.14,72.96,0.01,200.0,0.013,10.0,80.69,0.06717,-0.37459,0.00626,0.01551,0.20322
173.14,index_price,1555671540944,open,0.02,489.0,0.017342,0.046268,0.021711,68.63,0.025,0,ETH-26APR19-180-C,173.14,65.28,0.02,200.0,0.026,200.0,76.93,0.08868,-0.44261,0.01095,0.02288,0.35741
173.14,index_price,1555671540946,open,0.11,95.0,0.102969,0.125734,0.108795,76.69,0.112,0,ETH-26APR19-190-P,173.14,56.68,0.102,50.0,0.108,50.0,74.62,0.06717,-0.37459,-0.02954,0.01551,-0.79678
173.14,index_price,1555671540949,open,0.0,10.0,0.0,0.000449,0.000209,105.0,0.001,0,ETH-26APR19-120-P,173.14,0.0,0.0,0.0,0.001,35.0,128.42,0.0031,-0.02364,-0.00015,0.00052,-0.00445
176.66,ETH-28JUN19,1555671540963,open,0.2,387.0,0.190016,0.2685,0.201984,68.9,0.173,0.0,ETH-28JUN19-150-C,173.14,64.5,0.196,30.0,0.204,60.0,70.36,0.24247,-0.11954,0.18736,0.00589,0.75597
176.66,ETH-28JUN19,1555671540965,open,0.02,876.0,0.002755,0.048392,0.016359,84.64,0.015,0.0,ETH-28JUN19-300-C,173.14,81.59,0.014,210.0,0.018,210.0,86.63,0.1421,-0.08606,0.03052,0.00281,0.1066
176.66,ETH-28JUN19,1555671540965,open,0.1,4152.0,0.084703,0.1766,0.099715,68.94,0.098,0.0,ETH-28JUN19-170-P,173.14,65.54,0.094,180.0,0.102,120.0,70.3,0.29666,-0.14634,-0.16576,0.0072,-0.39042
178.9,ETH-27SEP19,1555671540967,open,0.53,1.0,0.497691,0.579684,0.520688,70.71,0.573,0.0,ETH-27SEP19-260-P,173.14,0.0,0.014,1.0,0.567,1.0,89.99,0.40468,-0.08894,-0.97264,0.00406,-0.71283
176.66,ETH-28JUN19,1555671540973,open,0.0,1784.0,0.0003,0.01467,0.002478,79.65,0.006,0.0,ETH-28JUN19-90-P,173.14,69.51,0.001,5.0,0.004,150.0,86.58,0.03332,-0.01899,-0.00674,0.0007,-0.01745
176.66,ETH-28JUN19,1555671541004,open,0.05,604.0,0.032882,0.120671,0.047652,70.32,0.046,0.0,ETH-28JUN19-220-C,173.14,69.88,0.047,120.0,0.053,60.0,73.86,0.26372,-0.13269,0.08128,0.00628,0.28798
173.14,index_price,1555671541006,open,0.31,0.0,0.306919,0.307368,0.307128,105.0,0.309,0,ETH-26APR19-120-C,173.14,0.0,0.001,200.0,0.399,1.0,468.16,0.0031,-0.02364,0.02245,0.00052,0.99555
173.14,index_price,1555671541006,open,0.22,0.0,0.208664,0.218065,0.212416,92.06,None,0.2,ETH-26APR19-210-P,173.14,0.0,0.001,500.0,0.279,1.0,254.73,0.03388,-0.11898,-0.03707,0.00652,-0.92429
178.9,ETH-27SEP19,1555671541008,open,0.02,7.0,0.002534,0.032986,0.022233,86.75,0.018,0.0,ETH-27SEP19-440-C,173.14,84.8,0.02,150.0,0.023,60.0,87.4,0.2103,-0.0567,0.06229,0.00172,0.10123
176.66,ETH-28JUN19,1555671541028,open,0.01,598.0,0.006698,0.051708,0.012776,70.68,0.02,0.0,ETH-28JUN19-120-P,173.14,66.19,0.01,210.0,0.014,150.0,72.53,0.1149,-0.05811,-0.03137,0.00272,-0.07999
176.66,ETH-28JUN19,1555671541037,open,1.84,0.0,1.830299,1.836132,1.833526,105.71,None,0.0,ETH-28JUN19-500-P,173.14,0.0,0.002,2.0,0.0,0.0,0.0,0.04024,-0.03044,-0.95092,0.00064,-0.97821
178.9,ETH-27SEP19,1555671541037,open,0.04,396.0,0.012226,0.067795,0.038121,79.25,0.041,0.0,ETH-27SEP19-340-C,173.14,76.74,0.034,180.0,0.04,60.0,80.37,0.29966,-0.07381,0.10337,0.00268,0.16921
173.14,index_price,1555671541044,open,0.05,147.0,0.042414,0.071818,0.045623,66.06,0.05,0,ETH-26APR19-170-C,173.14,63.0,0.044,150.0,0.049,50.0,72.4,0.09195,-0.44168,0.018,0.02465,0.59762
176.66,ETH-28JUN19,1555671541049,open,0.04,976.0,0.018249,0.095837,0.036457,75.51,0.04,0.0,ETH-28JUN19-240-C,173.14,73.61,0.034,40.0,0.038,180.0,76.68,0.23062,-0.1246,0.06307,0.00511,0.22295
178.9,ETH-27SEP19,1555671541049,open,1.71,0.0,1.684441,1.708204,1.701606,89.13,None,0.0,ETH-27SEP19-480-P,173.14,0.0,0.0,0.0,0.0,0.0,0.0,0.18485,-0.05121,-2.06321,0.00147,-0.91498
178.9,ETH-27SEP19,1555671541049,open,0.63,0.0,0.597263,0.672835,0.62316,73.41,None,0.0,ETH-27SEP19-280-P,173.14,0.0,0.004,5.0,0.661,2.0,90.12,0.37717,-0.08605,-1.083,0.00364,-0.75032
176.66,ETH-28JUN19,1555671541049,open,0.17,1836.0,0.150245,0.246001,0.167604,70.01,0.162,0.0,ETH-28JUN19-190-P,173.14,66.21,0.161,90.0,0.17,90.0,71.39,0.30727,-0.15393,-0.23717,0.00735,-0.53366
176.66,ETH-28JUN19,1555671541054,open,0.06,491.0,0.043636,0.135422,0.059788,70.31,0.055,0.0,ETH-28JUN19-210-C,173.14,68.57,0.057,120.0,0.064,180.0,72.92,0.28373,-0.14275,0.09531,0.00675,0.3416
173.14,index_price,1555671541068,open,0.17,100.0,0.156561,0.171716,0.161795,85.51,0.153,0,ETH-26APR19-200-P,173.14,0.0,0.154,50.0,0.16,50.0,78.57,0.04781,-0.29728,-0.03395,0.0099,-0.87903
178.9,ETH-27SEP19,1555671541072,open,0.08,1111.0,0.057331,0.1277,0.075599,69.4,0.09,0.0,ETH-27SEP19-140-P,173.14,66.56,0.07,120.0,0.077,180.0,70.11,0.35429,-0.07642,-0.23535,0.00362,-0.22287
178.9,ETH-27SEP19,1555671541072,open,0.23,119.0,0.208104,0.290792,0.230429,69.44,0.225,0.0,ETH-27SEP19-160-C,173.14,65.88,0.222,90.0,0.233,60.0,70.52,0.42374,-0.09145,0.3559,0.00433,0.68179
173.14,index_price,1555671541076,open,0.13,59.0,0.134912,0.148136,0.136294,69.91,0.103,0,ETH-26APR19-150-C,173.14,68.1,0.136,50.0,0.141,50.0,91.46,0.02882,-0.14655,0.02617,0.0073,0.9386
178.9,ETH-27SEP19,1555671541090,open,0.05,491.0,0.023274,0.092065,0.051661,76.39,0.048,0.0,ETH-27SEP19-300-C,173.14,74.51,0.048,180.0,0.055,120.0,78.06,0.35342,-0.08391,0.13424,0.00328,0.22191
176.66,ETH-28JUN19,1555671541090,open,1.28,0.0,1.264336,1.28047,1.272961,102.07,None,0.0,ETH-28JUN19-400-P,173.14,0.0,0.002,2.0,0.0,0.0,0.0,0.08482,-0.06195,-0.75043,0.00139,-0.94594
173.14,index_price,1555671541205,open,4.0,0.059957,0.101495,0.064576,66.16,0.072,0.2,ETH-3MAY19-170-C,173.14,60.06,0.06,150.0,0.071,150.0,74.7,0.13002,-0.36121,0.03555,0.01724,0.60462
173.14,index_price,1555671541325,open,30.0,0.034384,0.075922,0.039003,66.16,0.04,0.2,ETH-3MAY19-170-P,173.14,60.82,0.035,200.0,0.04,1.0,67.49,0.13002,-0.26877,-0.02859,0.01724,-0.39538
173.14,index_price,1555671541456,open,0.0,0.03319,0.075684,0.040927,70.12,None,0.2,ETH-3MAY19-180-C,173.14,61.06,0.034,150.0,0.045,150.0,75.41,0.13296,-0.37344,0.02603,0.01664,0.43634
173.14,index_price,1555671541480,open,0.0,0.261677,0.273534,0.267399,83.63,None,0.2,ETH-3MAY19-220-P,173.14,0.0,0.0,0.0,0.351,2.0,222.26,0.05482,-0.05349,-0.0775,0.00575,-0.91001
173.14,index_price,1555671541587,open,2.0,0.064937,0.107431,0.072674,70.12,0.066,0.2,ETH-3MAY19-180-P,173.14,62.71,0.067,150.0,0.078,150.0,77.04,0.13296,-0.27556,-0.04188,0.01664,-0.56366
173.14,index_price,1555671541725,open,0.0,0.016577,0.055344,0.024869,72.74,None,0.2,ETH-3MAY19-190-C,173.14,65.39,0.02,200.0,0.028,200.0,77.33,0.11699,-0.33255,0.01797,0.01411,0.29783
173.14,index_price,1555671541980,open,2.0,0.007496,0.039751,0.014843,75.2,0.012,0.2,ETH-3MAY19-200-C,173.14,67.71,0.011,200.0,0.018,200.0,80.89,0.09316,-0.26956,0.01188,0.01087,0.19531
173.14,index_price,1555671542241,open,6.0,0.003087,0.028091,0.011378,83.63,0.011,0.2,ETH-3MAY19-210-C,173.14,82.78,0.011,294.0,0.012,250.0,85.01,0.07715,-0.24524,0.00883,0.0081,0.1456
178.9,ETH-27SEP19,1555671542302,open,0.19,1073.0,0.161447,0.25135,0.185886,69.39,0.177,0.0,ETH-27SEP19-180-P,173.14,65.98,0.177,150.0,0.19,90.0,71.01,0.4628,-0.09981,-0.47304,0.00473,-0.41409
173.14,index_price,1555671542375,open,0.0,0.206792,0.231795,0.215083,83.63,None,0.2,ETH-3MAY19-210-P,173.14,0.0,0.0,0.0,0.285,2.0,192.24,0.07715,-0.13105,-0.07039,0.0081,-0.8544
5253.01,BTC-28JUN19,1555671542557,open,0.2,0.01552822,0.06423668,0.03089063,57.56,0.032,0.0,BTC-28JUN19-6500-C,5254.82,56.14,0.029,9.6,0.0325,9.6,58.74,7.07611,-2.91423,2.06055,0.00023,0.23579
5253.01,BTC-28JUN19,1555671542557,open,0.0,0.25291403,0.30162248,0.26828821,57.56,None,0.0,BTC-28JUN19-6500-P,5254.82,0.0,0.0,0.0,0.0,0.0,0.0,7.07686,-2.91498,-10.38273,0.00023,-0.76416
5256.65,BTC-27SEP19,1555671542557,open,0.02,17.7,0.01161786,0.04064416,0.02237355,65.08,0.0205,0.0,BTC-27SEP19-3250-P,5254.82,63.81,0.021,12.0,0.0245,18.0,66.98,5.75695,-1.16437,-2.64822,7e-05,-0.09193
5256.65,BTC-27SEP19,1555671542557,open,1.3,6.1,1.28476659,1.30305948,1.29762478,74.91,1.9095,0.0,BTC-27SEP19-12000-P,5254.82,0.0,0.002,0.3,0.0,0.0,0.0,5.14432,-1.19766,-51.40078,6e-05,-0.92089
5253.01,BTC-28JUN19,1555671542557,open,0.53,24.4,0.5240957,0.52499644,0.52581012,82.06,0.5115,0.0,BTC-28JUN19-2500-C,5254.82,0.0,0.001,0.2,0.0,0.0,0.0,0.73371,-0.43084,4.64488,2e-05,0.98769
5253.01,BTC-28JUN19,1555671542557,open,0.39,0.1,0.38168039,0.39193309,0.38622206,67.16,0.395,0.0,BTC-28JUN19-3250-C,5254.82,0.0,0.0005,0.4,0.0,0.0,0.0,1.87735,-0.90213,5.79572,5e-05,0.96254
5253.01,BTC-28JUN19,1555671542557,open,2.81,0.4,2.80734093,2.80734418,2.80762488,100.67,5.076,0.0,BTC-28JUN19-20000-P,5254.82,0.0,0.0,0.0,0.0,0.0,0.0,0.17449,-0.1257,-38.26637,0.0,-0.99756
5256.65,BTC-27SEP19,1555671542557,open,0.26,0.0,0.24602671,0.2996698,0.26097456,61.46,None,0.0,BTC-27SEP19-4250-C,5254.82,0.0,0.0005,0.3,0.0,0.0,0.0,10.7049,-2.04484,11.69562,0.00014,0.76577
5256.65,BTC-27SEP19,1555671542557,open,0.36,261.1,0.35271929,0.3883648,0.36479165,63.8,0.38,0.0,BTC-27SEP19-3500-C,5254.82,0.0,0.161,1.0,0.4455,1.0,114.2,7.00574,-1.38926,11.92292,9e-05,0.8794
5253.01,BTC-28JUN19,1555671542557,open,0.43,43.8,0.42917164,0.4333114,0.43227056,71.3,0.433,0.0,BTC-28JUN19-3000-C,5254.82,0.0,0.0005,0.3,0.0,0.0,0.0,1.36548,-0.69668,5.45293,4e-05,0.97451
5253.01,BTC-28JUN19,1555671542557,open,0.13,46.2,0.10594323,0.1669188,0.12392872,55.36,0.13,0.0,BTC-28JUN19-5500-P,5254.82,54.25,0.122,7.2,0.127,7.2,57.12,9.14773,-3.62355,-6.54943,0.00031,-0.52734
5253.01,BTC-28JUN19,1555671542557,open,0.01,65.9,0.00037329,0.01062599,0.00491866,67.17,0.006,0.0,BTC-28JUN19-3250-P,5254.82,64.45,0.004,12.0,0.006,12.0,70.03,1.87812,-0.90264,-0.42632,5e-05,-0.03747
5253.01,BTC-28JUN19,1555671542557,open,0.02,244.8,0.00970588,0.03235333,0.01677329,59.0,0.0175,0.0,BTC-28JUN19-4000-P,5254.82,57.51,0.0155,12.0,0.0185,12.0,60.96,4.54544,-1.91902,-1.35605,0.00015,-0.11807
5253.01,BTC-28JUN19,1555671542557,open,1.1,5.7,1.09406719,1.0960135,1.09685514,78.77,1.142,0.0,BTC-28JUN19-11000-P,5254.82,0.0,0.0005,0.4,0.0,0.0,0.0,1.31167,-0.73934,-20.84239,3e-05,-0.9757
5256.65,BTC-27SEP19,1555671542557,open,0.23,290.4,0.2160464,0.27436803,0.2312821,60.88,0.2265,0.0,BTC-27SEP19-4500-C,5254.82,53.52,0.215,3.0,0.246,3.0,67.45,11.72183,-2.218,11.35244,0.00016,0.72127
5256.65,BTC-27SEP19,1555671542557,open,0.04,10.3,0.02785586,0.06998025,0.04104511,62.8,0.061,0.0,BTC-27SEP19-3750-P,5254.82,61.81,0.0395,9.6,0.0435,9.6,64.34,8.28757,-1.61745,-4.52366,0.00011,-0.1542
5253.01,BTC-28JUN19,1555671542557,open,0.18,208.2,0.17182885,0.20571659,0.17976304,56.18,0.1835,0.0,BTC-28JUN19-4500-C,5254.82,45.64,0.1665,5.0,0.189,5.0,63.06,6.90895,-2.77721,5.97678,0.00023,0.77409
5256.65,BTC-27SEP19,1555671542557,open,0.11,728.4,0.09173529,0.16026554,0.11848705,64.21,0.106,0.0,BTC-27SEP19-6000-C,5254.82,60.03,0.1075,24.7,0.114,7.2,62.5,13.85696,-2.76518,7.94259,0.00018,0.4613
5253.01,BTC-28JUN19,1555671542557,open,0.0,847.3,0.00014027,0.00421114,0.00402679,74.46,0.0045,0.0,BTC-28JUN19-10000-C,5254.82,72.83,0.0035,9.1,0.0045,12.0,75.82,1.77204,-0.94416,0.31053,5e-05,0.03491
5253.01,BTC-28JUN19,1555671542557,open,0.71,33.3,0.71444943,0.71445215,0.71458794,99.89,0.7165,0.0,BTC-28JUN19-1500-C,5254.82,0.0,0.001,0.1,0.0,0.0,0.0,0.07837,-0.05602,2.86002,0.0,0.99899
5253.01,BTC-28JUN19,1555671542558,open,1.48,0.8,1.4747729,1.47521356,1.4764892,87.1,2.171,0.0,BTC-28JUN19-13000-P,5254.82,0.0,0.07,1.0,0.0,0.0,0.0,0.83847,-0.52257,-24.76008,2e-05,-0.98564
5253.01,BTC-28JUN19,1555671542558,open,0.01,65.1,0.00294496,0.02617836,0.01108018,61.06,0.012,0.0,BTC-28JUN19-3750-P,5254.82,59.39,0.01,12.0,0.0125,12.0,63.16,3.46503,-1.51404,-0.93097,0.00011,-0.08149
5253.01,BTC-28JUN19,1555671542558,open,0.0,388.0,6e-08,0.00010249,0.00095019,91.91,0.0005,0.0,BTC-28JUN19-15000-C,5254.82,86.08,0.0005,17.0,0.001,0.1,92.42,0.50492,-0.33208,0.0711,1e-05,0.00802
5253.01,BTC-28JUN19,1555671542558,open,1.67,1.3,1.66513892,1.66535037,1.6667217,92.02,2.415,0.0,BTC-28JUN19-14000-P,5254.82,0.0,0.0,0.0,0.0,0.0,0.0,0.75719,-0.49857,-26.68922,2e-05,-0.98724
5256.65,BTC-27SEP19,1555671542558,open,0.18,778.6,0.16453469,0.22960503,0.18172255,60.84,0.1765,0.0,BTC-27SEP19-5000-C,5254.82,59.35,0.178,7.2,0.185,10.2,62.14,13.20255,-2.49627,10.3338,0.00018,0.62774
5253.01,BTC-28JUN19,1555671542558,open,0.0,873.6,0.00027278,0.00441254,0.00337507,71.32,0.0035,0.0,BTC-28JUN19-3000-P,5254.82,67.65,0.0025,12.0,0.0045,12.0,75.29,1.36627,-0.69722,-0.29049,4e-05,-0.02551
5253.01,BTC-28JUN19,1555671542558,open,0.01,509.2,0.0006437,0.00897223,0.00582626,68.99,0.005,0.0,BTC-28JUN19-9000-C,5254.82,67.12,0.005,2.5,0.0065,12.0,70.41,2.4181,-1.19376,0.45695,7e-05,0.05126
5254.82,index_price,1555671542557,open,0.1,876.0,0.09810566,0.10791191,0.09927136,55.89,0.098,0,BTC-26APR19-4750-C,5254.82,49.39,0.098,4.0,0.101,4.1,63.05,1.14897,-4.67002,0.80479,0.0004,0.91229
5253.01,BTC-28JUN19,1555671542558,open,0.19,35.5,0.18101856,0.22187964,0.18942337,55.36,0.204,0.0,BTC-28JUN19-6000-P,5254.82,0.0,0.0015,0.3,0.1955,1.0,59.14,8.3674,-3.3145,-8.59852,0.00029,-0.66561
5253.01,BTC-28JUN19,1555671542558,open,0.62,20.1,0.61926605,0.61935942,0.62000587,93.19,0.578,0.0,BTC-28JUN19-2000-C,5254.82,0.0,0.001,0.1,0.0,0.0,0.0,0.33548,-0.2237,3.77055,1e-05,0.99495
5253.01,BTC-28JUN19,1555671542558,open,0.07,222.9,0.06306833,0.10453165,0.07192458,55.36,0.067,0.0,BTC-28JUN19-5000-P,5254.82,54.19,0.07,9.6,0.0745,9.6,56.91,8.69784,-3.4453,-4.47056,0.0003,-0.37262
5256.65,BTC-27SEP19,1555671542558,open,0.01,336.1,0.0017003,0.01311933,0.0076576,70.68,0.0085,0.0,BTC-27SEP19-2500-P,5254.82,68.3,0.0065,12.0,0.009,6.0,73.22,2.66503,-0.58546,-0.97678,3e-05,-0.0345
5253.01,BTC-28JUN19,1555671542558,open,0.0,333.9,2.967e-05,0.00197599,0.00279769,78.69,0.003,0.0,BTC-28JUN19-11000-C,5254.82,77.45,0.0025,10.0,0.003,1.0,79.49,1.30559,-0.73516,0.21489,3e-05,0.02417
5256.65,BTC-27SEP19,1555671542557,open,0.4,0.0,0.39335338,0.42237968,0.40410031,65.07,None,0.0,BTC-27SEP19-3250-C,5254.82,0.0,0.0005,0.3,0.0,0.0,0.0,5.75611,-1.16406,11.67696,7e-05,0.90809
5253.01,BTC-28JUN19,1555671542558,open,0.05,2300.3,0.03881628,0.07967736,0.04721457,55.35,0.0485,0.0,BTC-28JUN19-6000-C,5254.82,55.53,0.0475,9.8,0.05,10.0,57.1,8.36722,-3.31419,2.88777,0.00029,0.33437
5253.01,BTC-28JUN19,1555671542558,open,1.29,10.0,1.28441076,1.28533569,1.28643786,82.47,1.243,0.0,BTC-28JUN19-12000-P,5254.82,0.0,0.0005,0.4,0.0,0.0,0.0,0.99219,-0.58553,-22.81752,2e-05,-0.98252
5256.65,BTC-27SEP19,1555671542559,open,0.03,324.4,0.01359093,0.05528528,0.03198942,67.28,0.0355,0.0,BTC-27SEP19-9000-C,5254.82,66.36,0.0305,15.0,0.0335,9.6,68.19,8.60895,-1.80021,3.04501,0.00011,0.16342
5256.65,BTC-27SEP19,1555671542559,open,0.09,25.2,0.07210492,0.13042655,0.08735364,60.89,0.0985,0.0,BTC-27SEP19-4500-P,5254.82,60.06,0.0855,9.6,0.091,12.6,62.52,11.72195,-2.21824,-8.48199,0.00016,-0.27874
5254.82,index_price,1555671542557,open,0.0,464.5,0.00013772,0.00383899,0.00078557,62.97,0.0015,0,BTC-26APR19-6250-C,5254.82,58.86,0.0005,10.0,0.001,1.0,65.46,0.41865,-1.91713,0.02377,0.00013,0.0248
5254.82,index_price,1555671542557,open,0.07,40.3,0.0679119,0.11486985,0.07038616,51.84,0.0715,0,BTC-31MAY19-5250-C,5254.82,49.69,0.0675,9.6,0.0725,9.6,53.41,7.07007,-4.37609,2.81343,0.00043,0.53706
5253.11,BTC-28JUN19,1555671542558,open,0.36,19.5,0.34369787,0.37204862,0.35284927,59.42,0.7515,0.0,BTC-28JUN19-7000-P,5254.82,0.0,0.0015,0.2,0.0,0.0,0.0,5.70433,-2.42527,-11.9462,0.00018,-0.83505
5253.11,BTC-28JUN19,1555671542559,open,0.02,1422.3,0.01115391,0.03950466,0.02026781,59.38,0.019,0.0,BTC-28JUN19-7000-C,5254.82,57.73,0.0185,9.6,0.0215,19.6,60.51,5.70034,-2.42216,1.4532,0.00018,0.16477
5254.82,index_price,1555671542557,open,0.0,0.07687484,0.10347495,0.07741723,51.83,None,0,BTC-26APR19-4875-C,5254.82,46.86,0.076,4.0,0.0795,4.0,58.31,1.58814,-5.98596,0.77683,0.00059,0.86219
5253.11,BTC-28JUN19,1555671542559,open,0.01,428.2,0.00220057,0.01378382,0.00764964,64.41,0.008,0.0,BTC-28JUN19-3500-P,5254.82,63.08,0.007,0.5,0.0085,12.0,66.07,2.62448,-1.20958,-0.64866,8e-05,-0.05685
5256.65,BTC-27SEP19,1555671542559,open,0.53,57.5,0.52611224,0.53753127,0.53206229,70.67,0.389,0.0,BTC-27SEP19-2500-C,5254.82,0.0,0.001,0.4,0.5635,1.0,110.2,2.66371,-0.58505,10.04275,3e-05,0.96552
5254.82,index_price,1555671542557,open,0.5,0.0034098,0.04207124,0.00862306,53.19,0.009,0,BTC-3MAY19-4750-P,5254.82,48.35,0.0065,20.0,0.0095,20.0,55.07,2.41521,-4.62893,-0.32186,0.00043,-0.15249
5253.11,BTC-28JUN19,1555671542560,open,0.34,146.9,0.3359286,0.34751184,0.34135863,64.37,0.374,0.0,BTC-28JUN19-3500-C,5254.82,0.0,0.037,0.1,0.374,0.1,107.22,2.62128,-1.2074,6.05283,8e-05,0.94324
5254.82,index_price,1555671542557,open,0.0,0.00038811,0.02759618,0.00365594,59.17,None,0,BTC-3MAY19-6250-C,5254.82,60.4,0.004,0.5,0.0045,20.0,62.1,1.43777,-3.06571,0.14082,0.00023,0.07415
5256.65,BTC-27SEP19,1555671542557,open,0.13,47.3,0.08879022,0.31753764,0.12926688,62.53,0.115,0.0,BTC-27DEC19-6500-C,5254.82,61.23,0.125,5.0,0.1325,7.2,63.52,17.22842,-2.13859,11.30002,0.00014,0.44078
5254.82,index_price,1555671542557,open,0.62,0.0,0.61939705,0.61939705,0.61938981,0.0,None,0,BTC-26APR19-2000-C,5254.82,0.0,0.5645,12.9,0.0,0.0,0.0,0.0,0.0,0.37675,0.0,1.0
5254.82,index_price,1555671542557,open,0.02,105.6,0.01526036,0.04932777,0.01826764,53.57,0.0205,0,BTC-31MAY19-4500-P,5254.82,52.09,0.017,12.8,0.02,27.8,55.55,4.542,-2.90519,-1.14854,0.00027,-0.17224
5256.75,BTC-27SEP19,1555671542561,open,0.01,705.9,0.00194416,0.02023827,0.01476732,74.87,0.0135,0.0,BTC-27SEP19-12000-C,5254.82,73.54,0.0135,9.3,0.016,12.0,76.1,5.13789,-1.19558,1.48762,6e-05,0.07897
5253.11,BTC-28JUN19,1555671542561,open,0.0,300.5,2.7e-07,0.00021176,0.00156779,91.91,0.001,0.0,BTC-28JUN19-14000-C,5254.82,81.21,0.0005,10.0,0.003,50.0,99.78,0.75207,-0.49462,0.11157,2e-05,0.01266
5254.82,index_price,1555671542557,open,0.01,30.7,0.00362415,0.02771277,0.00730903,58.1,0.006,0,BTC-31MAY19-7000-C,5254.82,55.54,0.006,16.0,0.0085,16.0,60.24,2.82099,-1.95702,0.48111,0.00015,0.08711
5254.82,index_price,1555671542557,open,10.2,0.041162,0.07525509,0.04024988,48.19,0.0395,0,BTC-26APR19-5125-C,5254.82,45.7,0.039,12.0,0.042,12.0,51.65,2.64394,-9.26568,0.61304,0.00105,0.65956
5256.75,BTC-27SEP19,1555671542558,open,0.3,10.0,0.25555514,0.48279955,0.29703893,62.54,0.288,0.0,BTC-27DEC19-6000-P,5254.82,56.34,0.2765,5.0,1.1425,0.2,500.0,17.4208,-2.16278,-28.83739,0.00015,-0.49792
5254.82,index_price,1555671542557,open,0.0,252.9,0.00074443,0.00794204,0.00227632,61.7,0.002,0,BTC-26APR19-6000-C,5254.82,60.03,0.002,2.2,0.0025,20.0,62.97,0.90133,-4.04416,0.0609,0.00028,0.0638
5256.75,BTC-27SEP19,1555671542561,open,0.0,1666.6,1.113e-05,0.00084237,0.00237416,92.37,0.0035,0.0,BTC-27SEP19-1500-P,5254.82,75.17,0.0005,1.0,0.005,81.2,104.66,0.87692,-0.25176,-0.27159,1e-05,-0.00935
5253.11,BTC-28JUN19,1555671542561,open,0.0,780.5,0.0,3.25e-06,0.00026219,100.0,0.0005,0.0,BTC-28JUN19-20000-C,5254.82,0.0,0.0,0.0,0.001,12.4,113.19,0.16399,-0.11734,0.02027,0.0,0.00228
5253.11,BTC-28JUN19,1555671542563,open,0.72,6.6,0.71391467,0.7222442,0.71914599,69.1,0.704,0.0,BTC-28JUN19-9000-P,5254.82,0.0,0.0005,9.5,0.0,0.0,0.0,2.42993,-1.20141,-16.77,7e-05,-0.94842
5256.75,BTC-27SEP19,1555671542561,open,0.0,409.3,0.00023464,0.00433345,0.00400068,78.87,0.0065,0.0,BTC-27SEP19-2000-P,5254.82,75.09,0.003,8.1,0.005,12.0,82.12,1.51133,-0.37046,-0.49913,2e-05,-0.01754
5256.75,BTC-27SEP19,1555671542563,open,0.14,263.6,0.12355875,0.19188691,0.14160765,60.83,0.1445,0.0,BTC-27SEP19-5500-C,5254.82,59.47,0.138,7.2,0.145,7.2,62.12,13.86661,-2.62172,9.13383,0.00019,0.53583
5254.82,index_price,1555671542558,open,0.33,0.0,0.33211058,0.33241696,0.33286674,95.37,None,0,BTC-26APR19-7000-P,5254.82,0.0,0.0005,50.3,0.4225,0.1,345.81,0.30064,-2.08496,-1.30277,6e-05,-0.98322
5256.75,BTC-27SEP19,1555671542563,open,0.75,0.0,0.72567691,0.76737302,0.74413251,67.32,None,0.0,BTC-27SEP19-9000-P,5254.82,0.0,0.002,0.3,0.0,0.0,0.0,8.61561,-1.80252,-36.61987,0.00011,-0.83639
5254.82,index_price,1555671542557,open,173.0,0.01645706,0.05055016,0.0155635,48.23,0.017,0,BTC-26APR19-5125-P,5254.82,46.11,0.0145,16.0,0.0175,16.0,52.06,2.64422,-9.27378,-0.35249,0.00105,-0.34053
5254.82,index_price,1555671542557,open,2.3,0.04060912,0.07570763,0.03970322,48.27,0.0395,0,BTC-26APR19-5375-P,5254.82,45.96,0.0385,12.4,0.042,12.0,52.65,2.7438,-9.63096,-0.65405,0.00109,-0.62104
5256.75,BTC-27SEP19,1555671542558,open,0.0,42.0,7.774e-05,0.02433942,0.00273881,75.49,0.002,0.0,BTC-27DEC19-1500-P,5254.82,65.35,0.001,12.0,0.0045,12.0,82.07,1.19974,-0.17979,-0.47496,1e-05,-0.01035
5254.82,index_price,1555671542557,open,0.4,0.01773869,0.0528372,0.01681333,48.23,0.0155,0,BTC-26APR19-5375-C,5254.82,45.71,0.0155,16.0,0.0185,16.0,51.45,2.74355,-9.62267,0.35837,0.00109,0.37885
5254.82,index_price,1555671542557,open,0.01,136.9,0.00763581,0.03451743,0.01091812,55.5,0.0105,0,BTC-31MAY19-4250-P,5254.82,54.84,0.0105,0.1,0.0115,6.0,56.4,3.3613,-2.22731,-0.73299,0.00019,-0.11066
5254.82,index_price,1555671542558,open,0.0,28.7,0.00123696,0.01435145,0.00345323,60.03,0.003,0,BTC-31MAY19-3750-P,5254.82,56.4,0.0025,36.0,0.0045,31.0,63.42,1.50637,-1.07973,-0.25668,8e-05,-0.03912
5253.11,BTC-28JUN19,1555671542564,open,0.0,690.3,1.331e-05,0.00091389,0.00173226,82.1,0.002,0.0,BTC-28JUN19-2500-P,5254.82,80.36,0.0015,40.0,0.002,1.0,83.93,0.73494,-0.43175,-0.14141,2e-05,-0.01233
5253.11,BTC-28JUN19,1555671542564,open,0.26,367.4,0.24825033,0.27089598,0.25529837,58.98,0.231,0.0,BTC-28JUN19-4000-C,5254.82,38.95,0.242,1.0,0.275,1.0,78.79,4.5433,-1.91741,6.30257,0.00015,0.88201
5256.75,BTC-27SEP19,1555671542565,open,1.11,3.1,1.09624787,1.12062283,1.11092223,72.41,1.9215,0.0,BTC-27SEP19-11000-P,5254.82,0.0,0.002,0.3,0.0,0.0,0.0,6.01464,-1.35358,-46.64861,7e-05,-0.90245
5254.82,index_price,1555671542557,open,5.1,0.00459453,0.03119464,0.00515458,51.89,0.0045,0,BTC-26APR19-4875-P,5254.82,49.67,0.0045,20.5,0.006,0.5,54.61,1.59012,-6.0002,-0.14177,0.00059,-0.13806
5256.75,BTC-27SEP19,1555671542559,open,0.37,0.0,0.32530122,0.5540487,0.36581289,62.54,None,0.0,BTC-27DEC19-6500-P,5254.82,0.0,0.002,0.3,0.0,0.0,0.0,17.22913,-2.13904,-33.55367,0.00014,-0.55916
5254.82,index_price,1555671542557,open,0.0,0.18977233,0.21698041,0.1930628,59.26,None,0,BTC-3MAY19-6250-P,5254.82,0.0,0.0,0.0,0.2515,0.4,161.25,1.4423,-3.07966,-2.23459,0.00023,-0.92554
5256.75,BTC-27SEP19,1555671542565,open,0.21,11.5,0.18891666,0.25105739,0.20521603,60.83,0.207,0.0,BTC-27SEP19-4750-C,5254.82,59.28,0.2015,7.2,0.2085,3.0,62.2,12.56549,-2.37566,10.87767,0.00017,0.6747
5256.75,BTC-27SEP19,1555671542564,open,0.45,227.1,0.43606491,0.45863836,0.44533689,66.66,0.456,0.0,BTC-27SEP19-3000-C,5254.82,0.0,0.135,0.1,0.5,2.0,112.3,4.59666,-0.95228,11.2693,6e-05,0.93172
5256.75,BTC-27SEP19,1555671542565,open,0.02,709.8,0.00708287,0.03925011,0.02377476,69.91,0.025,0.0,BTC-27SEP19-10000-C,5254.82,68.96,0.0225,14.0,0.025,12.0,70.8,7.15827,-1.55535,2.33042,8e-05,0.12436
5254.82,index_price,1555671542559,open,0.01,223.6,0.00917321,0.02519414,0.00870295,48.85,0.0085,0,BTC-26APR19-5000-P,5254.82,48.35,0.0085,16.0,0.01,10.0,51.99,2.13095,-7.56955,-0.22558,0.00084,-0.21918
5254.82,index_price,1555671542557,open,0.0,295.4,0.0,0.0,0.0,100.0,0.0005,0,BTC-26APR19-2000-P,5254.82,0.0,0.0,0.0,0.0005,15.0,283.52,0.0,0.0,0.0,0.0,0.0
5254.82,index_price,1555671542560,open,0.48,10.2,0.47667094,0.47667094,0.47666101,0.0,0.006,0,BTC-26APR19-2750-C,5254.82,0.0,0.415,9.6,0.0,0.0,0.0,0.0,0.0,0.51803,0.0,1.0
5256.75,BTC-27SEP19,1555671542558,open,0.32,34.5,0.29398318,0.46716428,0.32175544,61.76,0.3375,0.0,BTC-27DEC19-4000-C,5254.82,53.05,0.301,5.0,0.3415,5.0,69.8,12.76054,-1.56439,16.8031,0.00011,0.78497
5256.75,BTC-27SEP19,1555671542565,open,0.62,28.2,0.61977142,0.62387024,0.62352444,78.82,0.608,0.0,BTC-27SEP19-2000-C,5254.82,0.0,0.001,0.3,0.6465,1.0,122.08,1.50842,-0.36954,8.31719,2e-05,0.9825
5254.82,index_price,1555671542557,open,0.38,25.7,0.3815202,0.38152059,0.38151472,0.0,0.351,0,BTC-26APR19-3250-C,5254.82,0.0,0.3135,8.3,0.0,0.0,0.0,0.0,0.0,0.61222,0.0,1.0
5256.75,BTC-27SEP19,1555671542566,open,0.41,10.2,0.38098031,0.44352164,0.40868592,66.0,0.8,0.0,BTC-27SEP19-7000-P,5254.82,58.92,0.392,1.0,0.4685,1.0,89.68,12.66855,-2.59871,-24.94721,0.00016,-0.66804
5253.11,BTC-28JUN19,1555671542566,open,0.04,97.7,0.02847607,0.06236212,0.03642064,56.18,0.036,0.0,BTC-28JUN19-4500-P,5254.82,55.1,0.035,9.6,0.0385,9.6,57.76,6.90906,-2.77767,-2.63814,0.00023,-0.22591
5256.75,BTC-27SEP19,1555671542557,open,0.01,49.9,0.00085232,0.05022635,0.00660237,69.24,0.008,0.0,BTC-27DEC19-2000-P,5254.82,65.63,0.005,12.0,0.008,1.0,72.01,2.51378,-0.34552,-1.13014,2e-05,-0.02455
5254.82,index_price,1555671542557,open,0.2,0.012065,0.06130088,0.01817131,49.49,0.02,0,BTC-3MAY19-5000-P,5254.82,46.95,0.0165,16.0,0.02,0.8,52.23,3.4876,-6.21966,-0.6088,0.00067,-0.28659
5254.82,index_price,1555671542557,open,0.0,0.00501642,0.05003848,0.01055611,51.42,None,0,BTC-3MAY19-5750-C,5254.82,48.48,0.009,16.0,0.012,16.0,54.02,2.85251,-5.28489,0.37478,0.00053,0.19817
5254.82,index_price,1555671542562,open,0.06,465.4,0.05766583,0.07368676,0.05717746,48.8,0.0555,0,BTC-26APR19-5000-C,5254.82,45.85,0.056,4.0,0.058,1.0,50.81,2.12988,-7.55883,0.7165,0.00084,0.78101
5253.11,BTC-28JUN19,1555671542566,open,0.22,1.5,0.20364996,0.24316467,0.21588207,57.33,0.205,0.0,BTC-28JUN19-4250-C,5254.82,0.0,0.0015,0.2,0.0,0.0,0.0,5.7272,-2.34938,6.21643,0.00019,0.83403
5254.82,index_price,1555671542563,open,0.1,88.0,0.09290195,0.1375828,0.09526206,51.87,0.097,0,BTC-31MAY19-5000-C,5254.82,49.28,0.092,9.6,0.0975,9.6,53.65,6.62907,-4.10587,3.31177,0.0004,0.64459
5254.82,index_price,1555671542561,open,0.0,504.6,0.00203767,0.01184392,0.00322057,55.97,0.004,0,BTC-26APR19-4750-P,5254.82,52.49,0.0025,20.5,0.004,0.2,59.36,1.15177,-4.68798,-0.0903,0.0004,-0.088
5256.75,BTC-27SEP19,1555671542558,open,0.08,40.9,0.04123223,0.25854031,0.07439253,62.53,0.08,0.0,BTC-27DEC19-8000-C,5254.82,63.27,0.0765,5.0,0.0825,9.6,65.34,14.9863,-1.86022,7.87932,0.00013,0.2916
5254.82,index_price,1555671542561,open,0.19,0.0,0.18952194,0.19322322,0.19019243,63.25,None,0,BTC-26APR19-6250-P,5254.82,0.0,0.001,0.3,0.25,0.3,226.11,0.4262,-1.96044,-1.15307,0.00013,-0.97467
5254.82,index_price,1555671542557,open,0.16,9.7,0.15890372,0.19297113,0.1618947,53.55,0.14,0,BTC-31MAY19-4500-C,5254.82,0.0,0.01,15.0,0.169,5.0,61.4,4.54084,-2.90343,4.01473,0.00027,0.82783
5254.82,index_price,1555671542561,open,0.14,957.4,0.14390475,0.14825561,0.14525348,67.02,0.05,0,BTC-26APR19-4500-C,5254.82,0.0,0.05,8.0,0.155,5.0,111.09,0.64229,-3.13036,0.80486,0.00018,0.95834
5254.82,index_price,1555671542558,open,0.43,5.9,0.42909557,0.42909559,0.42908522,0.0,0.4005,0,BTC-26APR19-3000-C,5254.82,0.0,0.364,9.0,0.0,0.0,0.0,0.0,0.0,0.56513,0.0,1.0
5254.82,index_price,1555671542557,open,0.01,31.5,0.00589146,0.03441394,0.00975139,56.63,0.009,0,BTC-31MAY19-6750-C,5254.82,54.64,0.0085,16.0,0.011,16.0,58.5,3.41666,-2.31012,0.62379,0.00019,0.11322
5256.75,BTC-27SEP19,1555671542557,open,0.23,16.7,0.19244435,0.41415474,0.23022148,61.5,0.236,0.0,BTC-27DEC19-5500-P,5254.82,60.06,0.2255,7.2,0.234,12.2,62.66,17.18003,-2.09752,-24.08456,0.00015,-0.43372
5254.82,index_price,1555671542557,open,0.0,914.9,4.8e-07,0.00033197,0.00026759,82.76,0.0005,0,BTC-26APR19-4000-P,5254.82,0.0,0.0,0.0,0.0005,10.0,89.69,0.14,-0.84257,-0.00716,3e-05,-0.00697
5253.11,BTC-28JUN19,1555671542568,open,0.0,515.7,1.4e-07,9.35e-05,0.00074216,93.23,0.001,0.0,BTC-28JUN19-2000-P,5254.82,88.91,0.0005,119.2,0.001,109.6,96.85,0.33617,-0.22425,-0.0584,1e-05,-0.00506
5256.75,BTC-27SEP19,1555671542561,open,0.63,0.0,0.6203891,0.66976314,0.62612613,69.21,None,0.0,BTC-27DEC19-2000-C,5254.82,0.0,0.0,0.0,0.0,0.0,0.0,2.51107,-0.34501,12.67288,2e-05,0.97548
5256.75,BTC-27SEP19,1555671542557,open,0.39,5.8,0.36316148,0.50872408,0.38592253,62.67,0.385,0.0,BTC-27DEC19-3500-C,5254.82,54.03,0.37,1.0,0.495,1.0,113.77,10.12701,-1.25987,16.87818,8e-05,0.8512
5256.75,BTC-27SEP19,1555671542557,open,0.6,0.0,0.56308508,0.78039317,0.5962975,62.55,None,0.0,BTC-27DEC19-8000-P,5254.82,0.0,0.001,0.5,0.6495,1.0,80.09,14.98886,-1.86108,-47.32432,0.00013,-0.70829
5256.75,BTC-27SEP19,1555671542564,open,0.11,33.6,0.06886537,0.29595422,0.10742259,62.53,0.113,0.0,BTC-27DEC19-7000-C,5254.82,61.92,0.1055,5.0,0.1125,9.6,64.12,16.69567,-2.07239,10.07928,0.00014,0.38528
5254.82,index_price,1555671542565,open,0.0,233.8,0.0,0.0,0.0,100.0,0.0005,0,BTC-26APR19-2500-P,5254.82,0.0,0.0,0.0,0.0005,10.0,221.76,0.0,0.0,0.0,0.0,0.0
5256.75,BTC-27SEP19,1555671542557,open,0.46,0.0,0.44193422,0.55571137,0.45866838,63.96,None,0.0,BTC-27DEC19-3000-C,5254.82,0.0,0.0005,0.1,0.0,0.0,0.0,7.27664,-0.92386,16.2565,6e-05,0.90681
5254.82,index_price,1555671542557,open,0.0,0.03063503,0.08490182,0.03759948,48.97,None,0,BTC-3MAY19-5250-P,5254.82,46.26,0.0355,12.0,0.0405,12.0,52.7,4.0807,-7.2003,-1.02826,0.00079,-0.47713
5254.82,index_price,1555671542565,open,0.01,1059.2,0.01064445,0.02785739,0.01016312,48.92,0.0085,0,BTC-26APR19-5500-C,5254.82,46.27,0.009,16.4,0.011,25.5,50.79,2.33604,-8.31079,0.24659,0.00092,0.25928
5253.11,BTC-28JUN19,1555671542568,open,0.08,218.4,0.05893185,0.11990761,0.07690247,55.35,0.0745,0.0,BTC-28JUN19-5500-C,5254.82,53.97,0.0745,7.2,0.0785,5.0,56.27,9.14792,-3.62306,3.98005,0.00031,0.47267
5254.82,index_price,1555671542563,open,0.33,33.6,0.33394484,0.33395077,0.3339812,97.46,0.3345,0,BTC-26APR19-3500-C,5254.82,0.0,0.263,7.6,0.0,0.0,0.0,0.0232,-0.16439,0.65834,0.0,0.99905
5256.75,BTC-27SEP19,1555671542569,open,0.07,601.0,0.0545212,0.10816264,0.06948658,61.47,0.069,0.0,BTC-27SEP19-4250-P,5254.82,60.49,0.0675,15.6,0.072,25.0,62.7,10.7051,-2.04517,-7.03689,0.00014,-0.23423
5254.82,index_price,1555671542560,open,0.0,409.7,2.047e-05,0.00174616,0.0007541,74.17,0.0005,0,BTC-26APR19-6500-C,5254.82,69.96,0.0005,7.9,0.001,20.4,77.43,0.36056,-1.94472,0.01981,9e-05,0.02077
5254.82,index_price,1555671542561,open,0.0,703.0,1.693e-05,0.00142519,0.0007189,75.9,0.001,0,BTC-26APR19-4250-P,5254.82,71.94,0.0005,26.7,0.001,5.9,79.99,0.32444,-1.7908,-0.01887,8e-05,-0.01834
5254.82,index_price,1555671542557,open,0.5,0.06044828,0.11268024,0.0670192,49.49,0.0635,0,BTC-3MAY19-5500-P,5254.82,46.63,0.065,12.0,0.069,0.1,52.26,3.73546,-6.66135,-1.46102,0.00072,-0.66435
5254.82,index_price,1555671542561,open,0.57,0.0,0.57182168,0.57182168,0.57181353,0.0,0.429,0,BTC-26APR19-2250-C,5254.82,0.0,0.515,11.7,0.0,0.0,0.0,0.0,0.0,0.42384,0.0,1.0
5254.82,index_price,1555671542563,open,0.0,44.5,0.0003754,0.00833837,0.00197179,63.43,0.002,0,BTC-31MAY19-3500-P,5254.82,60.63,0.0015,0.1,0.0025,15.0,66.1,0.96279,-0.72912,-0.14935,5e-05,-0.0228
5256.75,BTC-27SEP19,1555671542557,open,0.08,87.3,0.05490961,0.22809071,0.08270792,61.77,0.08,0.0,BTC-27DEC19-4000-P,5254.82,60.86,0.0805,9.6,0.086,14.6,63.12,12.76102,-1.56472,-10.80116,0.00011,-0.21505
5256.75,BTC-27SEP19,1555671542557,open,0.02,7.6,0.00205245,0.12956673,0.02305336,74.13,0.0235,0.0,BTC-27DEC19-14000-C,5254.82,72.68,0.021,17.0,0.025,12.0,75.44,7.65094,-1.12584,2.78301,5e-05,0.09977
5254.82,index_price,1555671542557,open,0.5,0.00063189,0.02717921,0.00399217,57.68,0.0045,0,BTC-3MAY19-4500-P,5254.82,49.29,0.002,20.0,0.005,20.0,61.12,1.4595,-3.03335,-0.15904,0.00024,-0.07562
5256.75,BTC-27SEP19,1555671542569,open,0.57,2.5,0.54787816,0.60027911,0.56986528,66.01,1.278,0.0,BTC-27SEP19-8000-P,5254.82,0.0,0.004,0.3,0.0,0.0,0.0,10.59488,-2.17359,-31.04587,0.00013,-0.77009
5254.82,index_price,1555671542559,open,0.39,0.0,0.38187604,0.40192895,0.38533152,59.78,None,0,BTC-31MAY19-7250-P,5254.82,0.0,0.0005,0.3,0.0,0.0,0.0,2.34627,-1.67482,-7.93975,0.00012,-0.93165
5253.11,BTC-28JUN19,1555671542570,open,0.3,30.0,0.2890814,0.3123126,0.29719731,61.04,0.298,0.0,BTC-28JUN19-3750-C,5254.82,0.0,0.027,0.1,0.0,0.0,0.0,3.46228,-1.51215,6.24911,0.00011,0.91859
5254.82,index_price,1555671542557,open,0.0,0.06055762,0.1097935,0.06664582,49.46,None,0,BTC-3MAY19-5000-C,5254.82,44.66,0.0635,4.0,0.069,4.0,52.98,3.48709,-6.21533,1.29219,0.00067,0.7135
5256.75,BTC-27SEP19,1555671542570,open,0.06,98.2,0.03979518,0.08798771,0.05396373,62.04,0.053,0.0,BTC-27SEP19-4000-P,5254.82,60.96,0.052,9.6,0.0565,9.6,63.43,9.54213,-1.83999,-5.70697,0.00013,-0.19235
5254.82,index_price,1555671542564,open,0.01,50.8,0.00333652,0.02294813,0.00574148,56.45,0.007,0,BTC-31MAY19-4000-P,5254.82,54.64,0.005,16.0,0.0065,5.1,58.18,2.22745,-1.50123,-0.41994,0.00012,-0.06391
5254.82,index_price,1555671542561,open,0.04,71.2,0.03327553,0.07851041,0.03647486,52.6,0.038,0,BTC-31MAY19-5750-C,5254.82,50.59,0.034,12.8,0.038,12.8,53.83,6.51109,-4.08919,1.82121,0.00039,0.33856
5254.82,index_price,1555671542566,open,0.24,0.0,0.23698007,0.23870575,0.23773723,74.51,None,0,BTC-26APR19-6500-P,5254.82,0.0,0.001,20.0,0.3085,0.2,269.36,0.36778,-1.99277,-1.20416,9e-05,-0.97874
5253.11,BTC-28JUN19,1555671542569,open,0.03,78.2,0.01269451,0.05220922,0.02494972,57.35,0.0265,0.0,BTC-28JUN19-4250-P,5254.82,56.47,0.024,9.6,0.0265,9.6,58.76,5.72867,-2.35086,-1.92068,0.00019,-0.16604
5256.75,BTC-27SEP19,1555671542569,open,0.03,316.5,0.01854043,0.05418419,0.03062214,63.81,0.028,0.0,BTC-27SEP19-3500-P,5254.82,62.58,0.029,12.0,0.0325,12.0,65.21,7.00623,-1.38952,-3.50395,9e-05,-0.12061
5254.82,index_price,1555671542559,open,0.15,0.0,0.14255329,0.14975089,0.1441069,61.83,None,0,BTC-26APR19-6000-P,5254.82,0.0,0.002,0.1,0.1935,0.3,185.16,0.90585,-4.07277,-1.06896,0.00028,-0.93579
5254.82,index_price,1555671542557,open,0.06,139.3,0.05730256,0.07451551,0.05684115,48.97,0.0585,0,BTC-26APR19-5500-P,5254.82,45.91,0.0555,4.1,0.059,4.0,53.72,2.33702,-8.32191,-0.78928,0.00092,-0.74051
5254.82,index_price,1555671542567,open,0.0,428.5,0.00026139,0.00461225,0.00162642,67.15,0.001,0,BTC-26APR19-4500-P,5254.82,61.35,0.001,25.4,0.0025,20.0,73.44,0.64591,-3.15424,-0.04313,0.00018,-0.04195
5254.82,index_price,1555671542557,open,0.0,0.09947779,0.13813923,0.10467385,53.15,None,0,BTC-3MAY19-4750-C,5254.82,44.38,0.101,4.0,0.1065,4.0,57.0,2.4136,-4.6226,1.48423,0.00043,0.84766
5254.82,index_price,1555671542557,open,0.03,910.1,0.02782053,0.0469539,0.02666333,47.88,0.027,0,BTC-26APR19-5250-C,5254.82,44.84,0.025,12.0,0.028,1.0,50.33,2.87411,-10.00805,0.48703,0.00115,0.51867
5254.82,index_price,1555671542563,open,0.01,32.4,0.00219034,0.02224325,0.00561956,59.72,0.005,0,BTC-31MAY19-7250-C,5254.82,57.06,0.0045,26.0,0.007,16.0,62.65,2.34046,-1.66902,0.37686,0.00012,0.06813
5254.82,index_price,1555671542557,open,0.0,0.0992499,0.14427197,0.10481042,51.45,None,0,BTC-3MAY19-5750-P,5254.82,47.04,0.1025,4.0,0.108,4.0,57.1,2.85422,-5.29199,-1.81077,0.00053,-0.80164
5256.75,BTC-27SEP19,1555671542567,open,1.5,0.0,1.47633193,1.61672446,1.49988495,72.64,None,0.0,BTC-27DEC19-13000-P,5254.82,0.0,0.0,0.0,0.0,0.0,0.0,8.49114,-1.22434,-86.50193,6e-05,-0.88471
5254.82,index_price,1555671542565,open,0.0,1123.2,0.0,1e-08,5.1e-07,100.0,0.001,0,BTC-26APR19-3000-P,5254.82,0.0,0.0,0.0,0.001,10.0,187.39,0.00052,-0.00267,-2e-05,0.0,-2e-05
5256.75,BTC-27SEP19,1555671542572,open,0.33,0.0,0.31448431,0.3566069,0.32765216,62.78,None,0.0,BTC-27SEP19-3750-C,5254.82,0.0,0.0005,0.3,0.0,0.0,0.0,8.28628,-1.61686,12.00609,0.00011,0.84584
5254.82,index_price,1555671542557,open,0.0,0.07644983,0.10629042,0.07689195,51.26,None,0,BTC-26APR19-5625-P,5254.82,47.17,0.0755,4.0,0.0785,4.0,55.63,1.86295,-6.94463,-0.8922,0.0007,-0.82443
5256.75,BTC-27SEP19,1555671542568,open,0.05,72.5,0.02897211,0.1745347,0.05175595,62.68,0.063,0.0,BTC-27DEC19-3500-P,5254.82,61.5,0.0495,12.0,0.0545,12.0,64.1,10.12805,-1.26023,-7.27594,8e-05,-0.14882
5254.82,index_price,1555671542561,open,0.0,2173.6,0.0,5.94e-06,4.904e-05,100.0,0.0005,0,BTC-26APR19-3500-P,5254.82,0.0,0.0,0.0,0.001,11.0,140.63,0.02925,-0.21273,-0.00126,1e-05,-0.00123
5253.11,BTC-28JUN19,1555671542572,open,0.0,355.3,6.2e-06,0.00093129,0.00201155,82.36,0.0015,0.0,BTC-28JUN19-12000-C,5254.82,75.61,0.001,13.0,0.003,12.0,86.94,0.98499,-0.58046,0.15403,2e-05,0.01733
5254.82,index_price,1555671542557,open,51.0,0.00152175,0.0374,0.00616317,55.54,0.0065,0,BTC-3MAY19-6000-C,5254.82,49.5,0.004,20.0,0.007,20.0,57.61,2.06021,-4.12292,0.22918,0.00035,0.12089
5256.75,BTC-27SEP19,1555671542558,open,0.03,91.0,0.01262904,0.12640619,0.02938274,63.97,0.035,0.0,BTC-27DEC19-3000-P,5254.82,62.6,0.0275,12.0,0.032,17.0,65.83,7.27831,-0.92427,-4.44737,6e-05,-0.09322
5254.82,index_price,1555671542557,open,0.03,135.8,0.02236443,0.06434175,0.02557642,52.98,0.027,0,BTC-31MAY19-6000-C,5254.82,51.07,0.0235,12.8,0.0275,12.8,54.72,5.75139,-3.63839,1.40178,0.00034,0.25809
5254.82,index_price,1555671542561,open,0.1,21.7,0.09486861,0.14191837,0.09781764,52.22,0.099,0,BTC-31MAY19-5500-P,5254.82,50.48,0.0955,9.6,0.101,9.6,54.6,6.99956,-4.36405,-4.00958,0.00042,-0.56726
5254.82,index_price,1555671542561,open,0.3,0.0,0.29042642,0.3189489,0.29431079,56.66,None,0,BTC-31MAY19-6750-P,5254.82,0.0,0.0005,0.3,0.0,0.0,0.0,3.42049,-2.31425,-7.11941,0.00019,-0.8866
5256.75,BTC-27SEP19,1555671542558,open,0.95,0.3,0.91710794,1.10353623,0.94950297,67.54,1.4475,0.0,BTC-27DEC19-10000-P,5254.82,0.0,0.1,0.3,0.0,0.0,0.0,11.97765,-1.60594,-63.70481,9e-05,-0.80665
5256.75,BTC-27SEP19,1555671542563,open,0.03,56.3,0.00542119,0.16004545,0.03153933,70.9,0.035,0.0,BTC-27DEC19-12000-C,5254.82,69.74,0.0295,5.0,0.0335,12.0,71.97,9.43979,-1.32853,3.72198,7e-05,0.13414
5254.82,index_price,1555671542557,open,0.21,0.0,0.2040461,0.24184553,0.20766998,54.01,None,0,BTC-31MAY19-6250-P,5254.82,0.0,0.0005,0.3,0.0,0.0,0.0,4.92015,-3.17295,-6.10006,0.00029,-0.80416
5256.75,BTC-27SEP19,1555671542572,open,0.93,2.0,0.90939894,0.94156618,0.92615597,69.96,1.8325,0.0,BTC-27SEP19-10000-P,5254.82,0.0,0.002,0.3,0.0,0.0,0.0,7.1674,-1.5584,-41.74136,8e-05,-0.87542
5254.82,index_price,1555671542557,open,0.0,0.03155228,0.08581907,0.03849772,48.94,None,0,BTC-3MAY19-5250-C,5254.82,45.08,0.0355,12.0,0.041,12.0,52.16,4.0807,-7.1967,0.96758,0.00079,0.52286
5256.75,BTC-27SEP19,1555671542559,open,1.32,0.0,1.28820047,1.44282474,1.31439678,70.94,None,0.0,BTC-27DEC19-12000-P,5254.82,0.0,0.0,0.0,0.0,0.0,0.0,9.45066,-1.33088,-79.08115,7e-05,-0.86563
5256.75,BTC-27SEP19,1555671542561,open,1.13,0.0,1.10147021,1.27156763,1.130601,69.21,None,0.0,BTC-27DEC19-11000-P,5254.82,0.0,0.0,0.0,0.0,0.0,0.0,10.60033,-1.45641,-71.50464,8e-05,-0.84057
5256.75,BTC-27SEP19,1555671542558,open,0.54,0.0,0.5285522,0.60904154,0.53952283,66.25,None,0.0,BTC-27DEC19-2500-C,5254.82,0.0,0.0,0.0,0.0,0.0,0.0,4.64758,-0.61123,14.81709,4e-05,0.94799
5254.82,index_price,1555671542568,open,0.07,62.5,0.06699464,0.1139526,0.06948792,51.85,0.0725,0,BTC-31MAY19-5250-P,5254.82,50.38,0.0675,9.6,0.0725,14.6,54.09,7.07005,-4.37727,-3.20984,0.00043,-0.46294
5254.82,index_price,1555671542569,open,0.17,0.0,0.16417328,0.2061506,0.167407,53.0,None,0,BTC-31MAY19-6000-P,5254.82,0.0,0.0005,0.3,0.0,0.0,0.0,5.75255,-3.64049,-5.48142,0.00034,-0.74181
5254.82,index_price,1555671542569,open,0.24,0.1,0.24213062,0.26174223,0.24452109,56.41,0.239,0,BTC-31MAY19-4000-C,5254.82,0.0,0.0005,0.4,0.0,0.0,0.0,2.22471,-1.49847,4.16988,0.00012,0.93619
5256.75,BTC-27SEP19,1555671542559,open,0.72,0.0,0.71473033,0.73899201,0.71738163,75.45,None,0.0,BTC-27DEC19-1500-C,5254.82,0.0,0.0,0.0,0.0,0.0,0.0,1.19708,-0.17929,9.87741,1e-05,0.98967
5254.82,index_price,1555671542564,open,0.29,0.0,0.28453745,0.28528578,0.28506059,80.92,None,0,BTC-26APR19-6750-P,5254.82,0.0,0.0005,20.2,0.3635,0.2,304.29,0.25648,-1.50931,-1.25825,6e-05,-0.98606
5254.82,index_price,1555671542564,open,0.0,108.6,2.49e-06,0.00075082,0.00050118,80.42,0.001,0,BTC-26APR19-6750-C,5254.82,0.0,0.0,0.0,0.001,10.0,88.66,0.24834,-1.45222,0.0128,6e-05,0.01343
5254.82,index_price,1555671542559,open,0.13,26.6,0.12333492,0.16358344,0.1259481,52.42,0.128,0,BTC-31MAY19-4750-C,5254.82,49.69,0.123,3.2,0.128,3.2,54.29,5.71993,-3.58005,3.72977,0.00034,0.74461
5254.82,index_price,1555671542567,open,0.13,47.6,0.12750902,0.1727439,0.13072916,52.62,0.1435,0,BTC-31MAY19-5750-P,5254.82,51.22,0.129,9.6,0.1345,9.6,55.64,6.5116,-4.09082,-4.77535,0.00039,-0.66137
5254.82,index_price,1555671542561,open,0.03,22.3,0.02726693,0.06751545,0.02989731,52.43,0.031,0,BTC-31MAY19-4750-P,5254.82,51.15,0.0285,12.8,0.0325,17.8,54.81,5.72048,-3.58147,-1.72019,0.00034,-0.25543
5254.82,index_price,1555671542569,open,0.34,0.0,0.33432024,0.3422832,0.33590395,63.36,None,0,BTC-31MAY19-3500-C,5254.82,0.0,0.0005,0.2,0.0,0.0,0.0,0.95904,-0.72549,3.86684,5e-05,0.9773
5256.75,BTC-27SEP19,1555671542564,open,0.05,197.8,0.01479187,0.20122016,0.04712176,67.51,0.049,0.0,BTC-27DEC19-10000-C,5254.82,66.57,0.045,1.0,0.049,9.6,68.33,11.97139,-1.60442,5.29858,9e-05,0.19319
5256.75,BTC-27SEP19,1555671542559,open,0.18,69.8,0.13722757,0.34850084,0.17322025,61.51,0.1695,0.0,BTC-27DEC19-5000-P,5254.82,60.15,0.169,5.2,0.1765,14.6,62.56,16.36599,-1.99827,-19.41037,0.00014,-0.36187
5254.82,index_price,1555671542557,open,0.0,0.1433306,0.17920885,0.14799375,55.59,None,0,BTC-3MAY19-6000-P,5254.82,0.0,0.0,0.0,0.2,0.3,139.3,2.06328,-4.13318,-2.05129,0.00035,-0.87886
5254.82,index_price,1555671542565,open,0.03,214.6,0.02690328,0.04603665,0.02576509,47.92,0.0245,0,BTC-26APR19-5250-P,5254.82,45.61,0.0245,16.4,0.0275,12.0,51.09,2.87411,-10.01531,-0.50195,0.00115,-0.48132
5254.82,index_price,1555671542570,open,0.01,82.9,0.00939316,0.04257793,0.01360612,55.71,0.0125,0,BTC-31MAY19-6500-C,5254.82,54.29,0.0125,1.1,0.0145,16.0,56.82,4.16596,-2.7709,0.82752,0.00024,0.15087
5254.82,index_price,1555671542557,open,0.19,1364.1,0.19123566,0.19264392,0.19192224,75.65,0.19,0,BTC-26APR19-4250-C,5254.82,0.0,0.15,6.8,0.2,5.0,128.36,0.32,-1.76045,0.78203,8e-05,0.98195
5254.82,index_price,1555671542557,open,0.1,0.00600403,0.03584462,0.00642578,51.2,0.0055,0,BTC-26APR19-5625-C,5254.82,48.52,0.0055,17.9,0.0075,16.0,54.16,1.861,-6.92957,0.16714,0.0007,0.17528
5254.82,index_price,1555671542571,open,0.25,0.0,0.24635275,0.27953753,0.25058925,55.74,None,0,BTC-31MAY19-6500-P,5254.82,0.0,0.0005,5.3,0.0,0.0,0.0,4.16876,-2.77424,-6.62902,0.00024,-0.84898
5254.82,index_price,1555671542559,open,0.34,0.0,0.33573448,0.3598231,0.33944471,58.15,None,0,BTC-31MAY19-7000-P,5254.82,0.0,0.0005,0.3,0.0,0.0,0.0,2.82583,-1.96197,-7.54879,0.00015,-0.91269
5254.82,index_price,1555671542570,open,0.02,61.0,0.01466188,0.05246131,0.01826312,53.99,0.0195,0,BTC-31MAY19-6250-C,5254.82,52.07,0.0165,12.8,0.02,12.8,55.81,4.91819,-3.17026,1.06979,0.00029,0.19571
5256.75,BTC-27SEP19,1555671542558,open,0.04,45.9,0.00892253,0.17901995,0.03798167,69.18,0.0415,0.0,BTC-27DEC19-11000-C,5254.82,68.18,0.036,5.0,0.04,9.6,70.17,10.59179,-1.45449,4.39859,8e-05,0.15924
5254.82,index_price,1555671542557,open,0.2,0.01379016,0.06602213,0.02034116,49.46,0.0225,0,BTC-3MAY19-5500-C,5254.82,46.14,0.018,16.0,0.0225,16.0,52.48,3.73499,-6.65674,0.62966,0.00072,0.33554
5254.82,index_price,1555671542561,open,0.0,3043.3,0.0,3.8e-07,6.28e-06,100.0,0.0005,0,BTC-26APR19-3250-P,5254.82,0.0,0.0,0.0,0.0005,10.0,148.75,0.00493,-0.03301,-0.00018,0.0,-0.00018
5254.82,index_price,1555671542571,open,0.0,1796.1,0.0,0.0,2e-08,100.0,0.0005,0,BTC-26APR19-2750-P,5254.82,0.0,0.0,0.0,0.0005,10.4,195.33,3e-05,-0.00012,0.0,0.0,0.0
5256.75,BTC-27SEP19,1555671542569,open,0.02,153.8,0.00413122,0.08462056,0.01511814,66.27,0.016,0.0,BTC-27DEC19-2500-P,5254.82,64.39,0.0135,12.0,0.017,12.0,68.34,4.64984,-0.6117,-2.43641,4e-05,-0.05205
5254.82,index_price,1555671542557,open,0.29,0.0,0.28760643,0.30072092,0.28980912,59.98,None,0,BTC-31MAY19-3750-C,5254.82,0.0,0.0005,0.2,0.0,0.0,0.0,1.5031,-1.07653,4.04633,8e-05,0.96098
178.9,ETH-27SEP19,1555671542687,open,0.43,121.0,0.402656,0.490145,0.428285,70.72,0.507,0.0,ETH-27SEP19-240-P,173.14,0.0,0.006,8.0,0.478,1.0,90.35,0.43895,-0.09648,-0.85181,0.0044,-0.65211
178.9,ETH-27SEP19,1555671542689,open,0.53,1.0,0.497691,0.579684,0.520826,70.71,0.573,0.0,ETH-27SEP19-260-P,173.14,0.0,0.014,1.0,0.568,1.0,90.39,0.40468,-0.08894,-0.97264,0.00406,-0.71283
5253.11,BTC-28JUN19,1555671542885,open,0.0,1413.4,0.0,2.72e-06,0.00014011,100.0,0.0005,0.0,BTC-28JUN19-1500-P,5254.82,0.0,0.0,0.0,0.0005,108.0,113.99,0.07906,-0.05657,-0.0117,0.0,-0.00102
5254.82,index_price,1555671543006,open,0.29,225.9,0.28636947,0.28642426,0.28660829,98.85,0.282,0,BTC-26APR19-3750-C,5254.82,0.0,0.213,7.0,0.375,0.1,436.91,0.11012,-0.79157,0.70091,2e-05,0.99468
178.89,ETH-27SEP19,1555671543818,open,0.73,10.0,0.700276,0.769062,0.728556,76.34,0.781,0.0,ETH-27SEP19-300-P,173.14,0.0,0.004,4.0,0.736,1.0,80.02,0.35313,-0.08378,-1.18817,0.00328,-0.77838
178.89,ETH-27SEP19,1555671543820,open,0.0,120.0,0.000209,0.005948,0.00237,81.05,0.01,0.0,ETH-27SEP19-60-P,173.14,71.69,0.001,2000.0,0.004,150.0,88.34,0.03369,-0.00849,-0.01034,0.00029,-0.01074
176.66,ETH-28JUN19,1555671543822,open,0.72,0.0,0.700932,0.746569,0.714541,84.65,None,0.0,ETH-28JUN19-300-P,173.14,0.0,0.002,15.0,0.0,0.0,0.0,0.14212,-0.08608,-0.54379,0.00281,-0.89337
176.66,ETH-28JUN19,1555671543824,open,0.14,1098.0,0.122402,0.2143,0.137386,68.92,0.139,0.0,ETH-28JUN19-170-C,173.14,66.31,0.133,41.0,0.14,90.0,70.48,0.29666,-0.1463,0.15969,0.0072,0.60958
178.89,ETH-27SEP19,1555671543831,open,0.05,229.0,0.016854,0.078888,0.043568,77.54,0.042,0.0,ETH-27SEP19-320-C,173.14,75.53,0.04,120.0,0.046,60.0,78.87,0.32385,-0.07804,0.11665,0.00296,0.19151
178.89,ETH-27SEP19,1555671543831,open,0.84,1.0,0.805663,0.867697,0.832277,77.48,0.93,0.0,ETH-27SEP19-320-P,173.14,0.0,0.003,6.0,0.857,1.0,90.04,0.32357,-0.07792,-1.29391,0.00296,-0.80876
176.66,ETH-28JUN19,1555671543831,open,0.44,0.0,0.434991,0.457863,0.438457,76.37,None,0.0,ETH-28JUN19-100-C,173.14,0.0,0.006,5.0,0.0,0.0,0.0,0.05366,-0.02932,0.17952,0.00118,0.96926
178.89,ETH-27SEP19,1555671543833,open,0.07,581.0,0.044355,0.126343,0.067501,70.78,0.078,0.0,ETH-27SEP19-260-C,173.14,71.0,0.068,180.0,0.077,60.0,74.91,0.40486,-0.08906,0.17343,0.00406,0.28746
176.66,ETH-28JUN19,1555671543838,open,0.01,148.0,0.00038,0.024926,0.010551,95.35,0.01,0.0,ETH-28JUN19-360-C,173.14,92.5,0.009,70.0,0.012,210.0,97.81,0.10045,-0.06854,0.01913,0.00176,0.0671
178.89,ETH-27SEP19,1555671543840,open,0.37,77.0,0.355917,0.409524,0.36888,69.43,0.368,0.0,ETH-27SEP19-120-C,173.14,0.0,0.002,6.0,0.0,0.0,0.0,0.25968,-0.05604,0.39007,0.00265,0.8636
173.14,index_price,1555671543844,open,0.08,103.0,0.083023,0.105854,0.085121,66.05,0.08,0,ETH-26APR19-160-C,173.14,62.88,0.084,50.0,0.09,50.0,78.8,0.06232,-0.29937,0.02397,0.01671,0.82014
176.66,ETH-28JUN19,1555671543850,open,0.01,1225.0,0.002904,0.036212,0.00743,72.61,0.007,0.0,ETH-28JUN19-110-P,173.14,69.25,0.006,60.0,0.009,210.0,75.96,0.07905,-0.04107,-0.01924,0.00182,-0.04947
176.66,ETH-28JUN19,1555671543852,open,0.08,1735.0,0.057393,0.151964,0.074648,70.32,0.069,0.0,ETH-28JUN19-200-C,173.14,67.57,0.07,120.0,0.077,60.0,71.71,0.29892,-0.15042,0.11054,0.00711,0.40151
178.89,ETH-27SEP19,1555671543855,open,1.16,1.0,1.130674,1.174648,1.155953,83.64,1.285,0.0,ETH-27SEP19-380-P,173.14,0.0,0.161,1.0,0.0,0.0,0.0,0.26466,-0.0688,-1.58932,0.00224,-0.85975
176.66,ETH-28JUN19,1555671543860,open,0.38,10.0,0.380239,0.413547,0.384765,72.61,0.265,0.0,ETH-28JUN19-110-C,173.14,0.0,0.002,8.0,0.0,0.0,0.0,0.07905,-0.04107,0.19134,0.00182,0.95053
176.66,ETH-28JUN19,1555671543863,open,1.05,0.0,1.038192,1.062739,1.048363,95.35,None,0.0,ETH-28JUN19-360-P,173.14,0.0,0.002,2.0,0.0,0.0,0.0,0.10045,-0.06854,-0.67006,0.00176,-0.9329
5253.11,BTC-28JUN19,1555671543879,open,0.05,56.0,0.03629256,0.08976573,0.05199296,55.58,0.0685,0.0,BTC-28JUN19-4750-P,5254.82,54.59,0.0505,9.6,0.0545,9.6,57.23,7.94425,-3.15938,-3.50083,0.00027,-0.29612
173.14,index_price,1555671543883,open,0.0,2.0,0.000115,0.005842,0.00096,79.53,0.002,0,ETH-26APR19-140-P,173.14,0.0,0.0,0.0,0.002,350.0,90.6,0.0128,-0.07404,-0.00077,0.00285,-0.02269
178.89,ETH-27SEP19,1555671543914,open,0.02,57.0,0.001377,0.025136,0.018835,89.42,0.018,0.0,ETH-27SEP19-480-C,173.14,86.57,0.016,220.0,0.021,60.0,91.43,0.18641,-0.0518,0.05295,0.00148,0.08599
178.89,ETH-27SEP19,1555671543940,open,0.18,277.0,0.155275,0.245181,0.179738,69.42,0.184,0.0,ETH-27SEP19-180-C,173.14,69.53,0.18,1.0,0.184,150.0,71.07,0.46277,-0.09985,0.32025,0.00473,0.58591
176.66,ETH-28JUN19,1555671543940,open,0.49,0.0,0.490847,0.505217,0.493024,79.64,None,0.0,ETH-28JUN19-90-C,173.14,0.0,0.001,10.0,0.0,0.0,0.0,0.03331,-0.01898,0.16556,0.0007,0.98256
173.14,index_price,1555671543940,open,0.01,214.0,0.007131,0.029962,0.009229,66.05,0.01,0,ETH-26APR19-160-P,173.14,56.5,0.006,235.0,0.008,1.0,62.57,0.06232,-0.29937,-0.00617,0.01671,-0.17986
178.89,ETH-27SEP19,1555671543942,open,0.14,361.0,0.114599,0.207054,0.14005,69.62,0.138,0.0,ETH-27SEP19-200-C,173.14,67.71,0.135,101.0,0.145,60.0,71.49,0.47378,-0.10252,0.28059,0.00482,0.49592
178.89,ETH-27SEP19,1555671543942,open,0.01,820.0,0.002109,0.019527,0.00662,73.55,0.012,0.0,ETH-27SEP19-80-P,173.14,66.79,0.004,150.0,0.009,150.0,78.49,0.07908,-0.01808,-0.02826,0.00076,-0.02923
176.66,ETH-28JUN19,1555671543949,open,0.25,1413.0,0.23236,0.324146,0.248527,70.32,0.253,0.0,ETH-28JUN19-210-P,173.14,0.0,0.011,17.0,0.257,1.0,75.55,0.28374,-0.14278,-0.30671,0.00675,-0.65837
173.14,index_price,1555671543949,open,0.19,149.0,0.191521,0.197247,0.192365,79.53,0.187,0,ETH-26APR19-140-C,173.14,0.0,0.001,100.0,0.263,1.0,302.23,0.0128,-0.07404,0.0256,0.00285,0.97731
178.89,ETH-27SEP19,1555671543957,open,0.02,982.0,0.009419,0.044093,0.017851,70.73,0.022,0.0,ETH-27SEP19-100-P,173.14,68.61,0.016,60.0,0.02,210.0,73.08,0.16004,-0.03518,-0.06953,0.0016,-0.07033
173.14,index_price,1555671543967,open,0.06,4.0,0.056963,0.085889,0.061332,68.63,0.054,0,ETH-26APR19-180-P,173.14,58.06,0.056,150.0,0.062,150.0,69.94,0.08868,-0.44261,-0.02296,0.02288,-0.64259
178.89,ETH-27SEP19,1555671543969,open,0.03,818.0,0.006463,0.050437,0.031861,83.72,0.032,0.0,ETH-27SEP19-380-C,173.14,82.44,0.03,50.0,0.033,210.0,84.48,0.26511,-0.06898,0.08573,0.00225,0.1406
178.89,ETH-27SEP19,1555671543973,open,0.67,0.0,0.664807,0.670546,0.666987,81.15,None,0.0,ETH-27SEP19-60-C,173.14,0.0,0.001,4.0,0.0,0.0,0.0,0.03386,-0.00854,0.25405,0.0003,0.9892
173.14,index_price,1555671543975,open,0.25,0.0,0.249167,0.251035,0.250126,102.97,0.252,0,ETH-26APR19-130-C,173.14,0.0,0.001,200.0,0.335,1.0,391.65,0.01049,-0.07855,0.02387,0.0018,0.98206
176.66,ETH-28JUN19,1555671544010,open,0.0,1990.0,0.001051,0.023922,0.004517,76.37,0.005,0.0,ETH-28JUN19-100-P,173.14,70.79,0.003,60.0,0.006,150.0,80.87,0.05366,-0.02932,-0.01192,0.00118,-0.03074
176.66,ETH-28JUN19,1555671544028,open,0.4,1687.0,0.376791,0.454379,0.395009,75.52,0.449,0.0,ETH-28JUN19-240-P,173.14,0.0,0.006,12.0,0.398,1.0,77.78,0.23064,-0.12463,-0.39638,0.00511,-0.77702
173.14,index_price,1555671544039,open,0.0,20.0,5e-06,0.001873,0.000963,102.97,0.003,0,ETH-26APR19-130-P,173.14,0.0,0.0,0.0,0.002,50.0,116.37,0.01049,-0.07855,-0.00062,0.0018,-0.01794
178.89,ETH-27SEP19,1555671544042,open,1.49,0.0,1.462145,1.492592,1.481698,86.63,None,0.0,ETH-27SEP19-440-P,173.14,0.0,0.0,0.0,0.0,0.0,0.0,0.20957,-0.05643,-1.8773,0.00172,-0.89925
178.89,ETH-27SEP19,1555671544042,open,0.46,0.0,0.450416,0.485091,0.458879,70.77,None,0.0,ETH-27SEP19-100-C,173.14,0.0,0.001,6.0,0.0,0.0,0.0,0.16015,-0.03522,0.37115,0.0016,0.92961
178.89,ETH-27SEP19,1555671544042,open,0.06,314.0,0.032135,0.107701,0.05819,73.49,0.064,0.0,ETH-27SEP19-280-C,173.14,72.44,0.056,180.0,0.064,60.0,76.2,0.37743,-0.0862,0.15126,0.00364,0.25003
176.66,ETH-28JUN19,1555671544046,open,0.3,1136.0,0.278212,0.366001,0.292995,70.32,0.358,0.0,ETH-28JUN19-220-P,173.14,0.0,0.011,14.0,0.301,1.0,75.6,0.26373,-0.13271,-0.33988,0.00628,-0.71199
173.14,index_price,1555671544046,open,0.0,0.014944,0.050382,0.020186,68.94,None,0.2,ETH-3MAY19-160-P,173.14,61.85,0.016,200.0,0.024,200.0,75.15,0.1046,-0.23532,-0.01703,0.01331,-0.23857
176.66,ETH-28JUN19,1555671544049,open,0.02,1091.0,0.005254,0.060659,0.021443,82.41,0.022,0.0,ETH-28JUN19-280-C,173.14,80.88,0.02,74.0,0.022,150.0,82.99,0.16894,-0.09962,0.03885,0.00343,0.13631
178.89,ETH-27SEP19,1555671544051,open,0.03,112.0,0.004717,0.043672,0.026658,83.72,0.026,0.0,ETH-27SEP19-400-C,173.14,81.68,0.024,150.0,0.028,60.0,84.71,0.23899,-0.06218,0.0744,0.00202,0.12101
178.89,ETH-27SEP19,1555671544058,open,0.29,155.0,0.274742,0.345117,0.293072,69.43,0.26,0.0,ETH-27SEP19-140-C,173.14,0.0,0.12,75.0,0.739,1.0,314.74,0.35434,-0.07646,0.3816,0.00362,0.77705
176.66,ETH-28JUN19,1555671544068,open,0.0,1501.0,6.3e-05,0.008165,0.00522,104.99,0.004,0.0,ETH-28JUN19-80-P,173.14,80.57,0.001,1999.0,0.04,17.0,177.59,0.04569,-0.03432,-0.01033,0.00073,-0.02534
176.66,ETH-28JUN19,1555671544068,open,0.61,0.0,0.590219,0.645625,0.606409,82.41,None,0.0,ETH-28JUN19-280-P,173.14,0.0,0.004,12.0,0.0,0.0,0.0,0.16894,-0.09962,-0.49718,0.00343,-0.86369
178.89,ETH-27SEP19,1555671544068,open,0.03,120.0,0.008878,0.058397,0.034099,81.17,0.026,0.0,ETH-27SEP19-360-C,173.14,79.8,0.032,45.0,0.035,60.0,81.74,0.27922,-0.07044,0.09287,0.00244,0.15188
176.66,ETH-28JUN19,1555671544070,open,0.51,0.0,0.481636,0.547941,0.499816,79.51,None,0.0,ETH-28JUN19-260-P,173.14,0.0,0.002,15.0,0.0,0.0,0.0,0.19881,-0.11311,-0.44826,0.00419,-0.8256
176.66,ETH-28JUN19,1555671544074,open,0.83,0.0,0.81282,0.850082,0.825333,88.52,None,0.0,ETH-28JUN19-320-P,173.14,0.0,0.002,15.0,0.0,0.0,0.0,0.12561,-0.07956,-0.58686,0.00238,-0.90991
176.66,ETH-28JUN19,1555671544076,open,0.01,304.0,0.0001,0.016234,0.008599,101.8,0.009,0.0,ETH-28JUN19-400-C,173.14,98.24,0.007,60.0,0.01,210.0,104.62,0.0841,-0.06127,0.01518,0.00138,0.05348
173.14,index_price,1555671544210,open,0.0,0.000653,0.01251,0.006376,83.63,None,0.2,ETH-3MAY19-220-C,173.14,70.94,0.003,250.0,0.009,250.0,91.24,0.05482,-0.17312,0.0055,0.00575,0.08999
173.14,index_price,1555671544852,open,0.0,0.105643,0.14441,0.113935,72.74,None,0.2,ETH-3MAY19-190-P,173.14,63.74,0.108,50.0,0.12,50.0,81.55,0.11699,-0.22923,-0.05372,0.01411,-0.70217
173.14,index_price,1555671545108,open,0.0,0.153881,0.186136,0.161228,75.19,None,0.2,ETH-3MAY19-200-P,173.14,66.91,0.157,50.0,0.167,50.0,85.38,0.09316,-0.16079,-0.06358,0.01087,-0.80469
178.89,ETH-27SEP19,1555671545201,open,0.19,1073.0,0.16148,0.251386,0.18592,69.4,0.177,0.0,ETH-27SEP19-180-P,173.14,65.97,0.177,150.0,0.19,150.0,70.99,0.46278,-0.09982,-0.47309,0.00473,-0.41412
5253.14,BTC-28JUN19,1555671545557,open,0.12,787.8,0.11124596,0.15270807,0.1200966,55.35,0.118,0.0,BTC-28JUN19-5000-C,5254.59,53.48,0.117,12.2,0.122,7.2,56.5,8.69775,-3.44507,5.10192,0.0003,0.62742
5256.79,BTC-27SEP19,1555671545558,open,0.19,15.5,0.16982766,0.23815568,0.18789518,60.84,0.1945,0.0,BTC-27SEP19-5500-P,5254.59,59.55,0.1845,7.2,0.192,10.2,62.4,13.86664,-2.62203,-15.10764,0.00019,-0.46415
5256.79,BTC-27SEP19,1555671545558,open,0.05,940.8,0.02602633,0.07842794,0.04796827,65.99,0.047,0.0,BTC-27SEP19-8000-C,5254.59,63.99,0.044,25.0,0.0475,9.6,65.75,10.59193,-2.17224,4.2129,0.00013,0.2298
5254.59,index_price,1555671545557,open,0.0,0.14423873,0.17079517,0.14763359,57.79,None,0,BTC-3MAY19-4500-C,5254.59,0.0,0.0,0.0,0.207,0.3,170.07,1.46577,-3.05248,1.55073,0.00024,0.92395
5256.79,BTC-27SEP19,1555671545557,open,0.15,50.2,0.11416809,0.3414122,0.15562829,62.53,0.153,0.0,BTC-27DEC19-6000-C,5254.59,60.84,0.15,5.0,0.158,7.2,63.25,17.42094,-2.16256,12.56706,0.00015,0.50206
5256.79,BTC-27SEP19,1555671545559,open,0.11,29.0,0.09251363,0.15465388,0.10883241,60.84,0.1165,0.0,BTC-27SEP19-4750-P,5254.59,59.86,0.1065,9.6,0.112,12.6,62.16,12.56552,-2.37598,-10.05856,0.00017,-0.3253
5253.14,BTC-28JUN19,1555671545559,open,0.01,1173.9,0.00280026,0.01898699,0.00996345,63.93,0.0095,0.0,BTC-28JUN19-8000-C,5254.59,61.72,0.0085,22.0,0.0105,12.0,64.7,3.61826,-1.6553,0.76794,0.00011,0.08633
5254.59,index_price,1555671545557,open,0.0,100.6,2.5e-07,0.00030628,0.00073137,94.94,0.0005,0,BTC-26APR19-7000-C,5254.59,0.0,0.0,0.0,0.0015,9.4,105.6,0.29393,-2.02927,0.01545,6e-05,0.01634
5253.14,BTC-28JUN19,1555671545559,open,0.54,24.6,0.52569895,0.54188567,0.53287083,63.95,0.609,0.0,BTC-28JUN19-8000-P,5254.59,0.0,0.0005,0.4,0.0,0.0,0.0,3.61986,-1.65636,-14.54685,0.00011,-0.91362
5256.79,BTC-27SEP19,1555671545559,open,0.26,2.4,0.23312512,0.30165572,0.25989069,64.21,0.284,0.0,BTC-27SEP19-6000-P,5254.59,57.97,0.2435,1.0,0.323,1.0,88.07,13.85747,-2.7655,-18.50209,0.00018,-0.53866
5256.79,BTC-27SEP19,1555671545559,open,0.29,238.2,0.27887292,0.32706474,0.29302912,62.04,0.2925,0.0,BTC-27SEP19-4000-C,5254.59,0.0,0.162,0.1,0.395,2.0,114.0,9.54164,-1.8397,11.92395,0.00013,0.80767
5256.79,BTC-27SEP19,1555671545560,open,0.07,925.7,0.04936072,0.11190252,0.07702987,65.99,0.068,0.0,BTC-27SEP19-7000-C,5254.59,62.19,0.068,6.6,0.072,9.6,63.89,12.66763,-2.59792,5.90497,0.00016,0.33189
5256.79,BTC-27SEP19,1555671545557,open,0.44,0.0,0.40047835,0.62756752,0.43905932,62.54,None,0.0,BTC-27DEC19-7000-P,5254.59,0.0,0.001,0.5,0.4635,1.0,70.14,16.69634,-2.07272,-38.22496,0.00014,-0.61468
5252.91,BTC-28JUN19,1555671545561,open,0.0,137.0,1.29e-06,0.00044187,0.00170381,87.01,0.0015,0.0,BTC-28JUN19-13000-C,5254.59,81.72,0.001,10.0,0.0025,12.0,91.38,0.83377,-0.51913,0.12636,2e-05,0.01427
5252.91,BTC-28JUN19,1555671545560,open,1.86,2.0,1.85556012,1.85566253,1.85640184,90.74,2.658,0.0,BTC-28JUN19-15000-P,5254.59,0.0,0.0,0.0,0.0,0.0,0.0,0.46217,-0.30007,-28.65156,1e-05,-0.99275
5256.79,BTC-27SEP19,1555671545561,open,0.02,648.3,0.0037004,0.02807594,0.01830555,72.35,0.017,0.0,BTC-27SEP19-11000-C,5254.59,71.18,0.017,11.9,0.0195,12.0,73.38,6.00318,-1.34986,1.83019,7e-05,0.0973
5252.91,BTC-28JUN19,1555671545561,open,0.91,43.0,0.90384694,0.90791724,0.90766176,74.25,0.89,0.0,BTC-28JUN19-10000-P,5254.59,0.0,0.0005,0.5,0.0,0.0,0.0,1.75226,-0.93097,-18.83754,4e-05,-0.96557
5256.79,BTC-27SEP19,1555671545557,open,1.69,0.0,1.66527479,1.79279037,1.68629844,74.14,None,0.0,BTC-27DEC19-14000-P,5254.59,0.0,0.0,0.0,0.0,0.0,0.0,7.65497,-1.12667,-93.82508,5e-05,-0.90016
5254.59,index_price,1555671545557,open,0.0,306.3,0.00317838,0.01538452,0.00445794,54.9,0.005,0,BTC-26APR19-5750-C,5254.59,53.22,0.004,6.1,0.005,20.5,56.79,1.47133,-5.87365,0.11774,0.00052,0.12341
5252.91,BTC-28JUN19,1555671545561,open,0.15,117.0,0.13204357,0.18552072,0.14776673,55.59,0.145,0.0,BTC-28JUN19-4750-C,5254.59,53.76,0.145,7.4,0.15,2.4,57.07,7.94493,-3.16045,5.59157,0.00027,0.7038
5254.59,index_price,1555671545560,open,0.52,0.0,0.52422549,0.52422549,0.52424631,164.71,None,0,BTC-26APR19-2500-C,5254.59,0.0,0.465,10.6,0.0,0.0,0.0,0.00892,-0.10686,0.47058,0.0,0.99966
5256.56,BTC-27SEP19,1555671545564,open,0.72,42.8,0.71465341,0.71548483,0.71702664,92.43,0.6235,0.0,BTC-27SEP19-1500-C,5254.59,0.0,0.0015,0.3,0.0,0.0,0.0,0.87928,-0.25259,6.33883,1e-05,0.99062
5254.59,index_price,1555671545557,open,0.0,1361.5,0.0,5.486e-05,0.00023883,98.84,0.0015,0,BTC-26APR19-3750-P,5254.59,0.0,0.0,0.0,0.0005,10.0,108.26,0.11013,-0.79154,-0.0055,2e-05,-0.00532
5256.56,BTC-27SEP19,1555671545558,open,0.77,0.0,0.73680177,0.93953573,0.77216516,65.8,None,0.0,BTC-27DEC19-9000-P,5254.59,0.0,0.001,0.5,0.812,1.0,80.1,13.53433,-1.76783,-55.62509,0.00011,-0.76131
5256.56,BTC-27SEP19,1555671545562,open,0.18,31.3,0.1461563,0.36786981,0.18392858,61.5,0.165,0.0,BTC-27DEC19-5500-C,5254.59,60.3,0.18,7.2,0.1885,5.0,62.9,17.17964,-2.09742,13.86836,0.00015,0.56625
5256.56,BTC-27SEP19,1555671545558,open,0.13,111.0,0.09110146,0.28631669,0.12366243,61.55,0.1275,0.0,BTC-27DEC19-4500-P,5254.59,60.25,0.12,9.6,0.127,9.6,62.72,14.89576,-1.81992,-14.92835,0.00013,-0.28788
5254.59,index_price,1555671545560,open,0.05,77.1,0.04819392,0.09524279,0.05114688,52.22,0.052,0,BTC-31MAY19-5500-C,5254.59,50.61,0.049,2.0,0.0525,9.6,53.24,6.99899,-4.36394,2.29989,0.00042,0.43265
5254.59,index_price,1555671545560,open,0.05,64.4,0.04442671,0.08911052,0.04677998,51.87,0.045,0,BTC-31MAY19-5000-P,5254.59,50.85,0.0455,12.8,0.0495,17.8,54.02,6.62934,-4.1056,-2.4251,0.0004,-0.35549
5254.59,index_price,1555671545563,open,0.1,76.3,0.09745976,0.1096659,0.09869142,54.73,0.0955,0,BTC-26APR19-5750-P,5254.59,45.7,0.0965,4.0,0.1,4.0,59.17,1.46475,-5.82913,-0.96615,0.00051,-0.87738
5256.56,BTC-27SEP19,1555671545560,open,0.06,70.4,0.02465543,0.22738938,0.06008069,65.82,0.0625,0.0,BTC-27DEC19-9000-C,5254.59,64.81,0.0575,5.0,0.0625,9.6,66.76,13.53874,-1.76906,6.48416,0.00011,0.23884
5254.59,index_price,1555671545562,open,0.2,0.0,0.19882343,0.22571055,0.20213461,55.54,None,0,BTC-31MAY19-4250-C,5254.59,0.0,0.191,1.0,0.0,0.0,0.0,3.36544,-2.2318,4.14159,0.00019,0.88914
5254.59,index_price,1555671545557,open,0.0,259.9,0.0,0.0,0.0,99.99,0.0005,0,BTC-26APR19-2250-P,5254.59,0.0,0.0,0.0,0.0005,30.0,250.9,0.0,0.0,0.0,0.0,0.0
5254.59,index_price,1555671545561,open,0.24,485.7,0.23876126,0.23909313,0.23906153,83.94,0.2335,0,BTC-26APR19-4000-C,5254.59,0.0,0.1625,6.4,0.239,1.0,81.64,0.15189,-0.92721,0.74564,3e-05,0.99236
5256.56,BTC-27SEP19,1555671545558,open,0.03,23.7,0.00332028,0.14370644,0.02679236,72.59,0.028,0.0,BTC-27DEC19-13000-C,5254.59,71.46,0.025,5.0,0.0285,12.0,73.63,8.47793,-1.22162,3.20113,6e-05,0.11504
5256.56,BTC-27SEP19,1555671545562,open,0.22,33.8,0.18605354,0.39733156,0.22204389,61.51,0.223,0.0,BTC-27DEC19-5000-C,5254.59,60.21,0.218,12.2,0.227,7.2,63.1,16.36583,-1.99822,15.09227,0.00014,0.63811
5256.79,BTC-27SEP19,1555671545645,open,0.29,238.2,0.27887292,0.32706474,0.29302912,62.04,0.2925,0.0,BTC-27SEP19-4000-C,5254.59,0.0,0.162,0.1,0.3955,2.0,114.25,9.54164,-1.8397,11.92395,0.00013,0.80767
176.66,ETH-28JUN19,1555671545779,open,0.11,2805.0,0.096232,0.191199,0.111519,68.78,0.113,0.0,ETH-28JUN19-180-C,173.14,66.76,0.108,1.0,0.115,90.0,70.78,0.30717,-0.15118,0.14327,0.00747,0.53516
173.14,index_price,1555671546134,open,0.0,0.255043,0.263403,0.256807,83.43,None,0.2,ETH-3MAY19-130-C,173.14,0.0,0.0,0.0,0.335,2.0,269.48,0.02258,-0.13561,0.04698,0.00238,0.97061
5254.59,index_price,1555671546143,open,0.0,0.09944236,0.13811383,0.10465477,53.25,None,0,BTC-3MAY19-4750-C,5254.59,44.47,0.101,4.0,0.106,4.0,56.04,2.41884,-4.64138,1.48312,0.00043,0.84715
5254.59,index_price,1555671546145,open,0.1,21.7,0.09489785,0.14194672,0.09783412,52.21,0.099,0,BTC-31MAY19-5500-P,5254.59,50.83,0.096,9.6,0.101,9.6,54.58,6.99889,-4.36283,-4.01024,0.00042,-0.56738
5256.56,BTC-27SEP19,1555671546149,open,0.15,50.2,0.11415314,0.34139901,0.155633,62.54,0.153,0.0,BTC-27DEC19-6000-C,5254.59,60.84,0.15,5.0,0.1575,7.2,63.1,17.42018,-2.16267,12.56583,0.00015,0.50205
5254.59,index_price,1555671546159,open,0.0,0.07684011,0.10344839,0.07739793,51.99,None,0,BTC-26APR19-4875-C,5254.59,46.99,0.076,4.0,0.079,4.0,56.92,1.59466,-6.02945,0.77595,0.00059,0.86135
5254.59,index_price,1555671546161,open,0.0,0.07648955,0.10632299,0.07691434,51.21,None,0,BTC-26APR19-5625-P,5254.59,47.05,0.0755,4.0,0.079,4.0,56.84,1.86015,-6.92767,-0.89258,0.0007,-0.82484
5254.59,index_price,1555671546162,open,0.0,0.09929223,0.14430554,0.10483278,51.35,None,0,BTC-3MAY19-5750-P,5254.59,47.95,0.103,4.0,0.108,4.0,57.03,2.84834,-5.27033,-1.81197,0.00053,-0.8023
5254.59,index_price,1555671546164,open,0.1,76.3,0.09745976,0.1096659,0.09873412,54.88,0.0955,0,BTC-26APR19-5750-P,5254.59,48.03,0.097,4.0,0.1,4.0,59.17,1.47062,-5.86884,-0.9655,0.00052,-0.87668
5256.56,BTC-27SEP19,1555671546202,open,0.29,238.2,0.27884895,0.32704482,0.29303311,62.05,0.2925,0.0,BTC-27SEP19-4000-C,5254.59,0.0,0.162,0.1,0.395,2.0,114.01,9.543,-1.8404,11.92198,0.00013,0.80761
176.66,ETH-28JUN19,1555671546266,open,0.08,2337.0,0.059308,0.145694,0.073098,68.92,0.078,0.0,ETH-28JUN19-160-P,173.14,65.64,0.068,120.0,0.076,120.0,70.78,0.27491,-0.13558,-0.13155,0.00668,-0.31588
173.14,index_price,1555671546269,open,0.0,0.000193,0.008553,0.001957,83.43,None,0.2,ETH-3MAY19-130-P,173.14,0.0,0.0,0.0,0.004,250.0,95.99,0.02258,-0.06492,-0.00206,0.00238,-0.02939
173.14,index_price,1555671546385,open,0.0,0.198745,0.214796,0.200675,71.98,None,0.2,ETH-3MAY19-140-C,173.14,0.0,0.0,0.0,0.273,1.0,223.13,0.0352,-0.16233,0.04928,0.00429,0.94931
173.14,index_price,1555671546521,open,0.0,0.001215,0.017266,0.003144,71.98,None,0.2,ETH-3MAY19-140-P,173.14,0.0,0.0,0.0,0.006,250.0,83.75,0.0352,-0.0862,-0.00354,0.00429,-0.05069
178.88,ETH-27SEP19,1555671546566,open,0.94,0.0,0.912934,0.968491,0.938706,79.19,None,0.0,ETH-27SEP19-340-P,173.08,0.0,0.003,6.0,0.959,1.0,90.3,0.29919,-0.07363,-1.39541,0.00268,-0.83117
176.6,ETH-28JUN19,1555671546565,open,0.02,876.0,0.002746,0.048336,0.016364,84.68,0.015,0.0,ETH-28JUN19-300-C,173.08,81.63,0.014,210.0,0.018,210.0,86.67,0.14204,-0.08607,0.0305,0.00281,0.10659
178.88,ETH-27SEP19,1555671546566,open,0.11,209.0,0.083896,0.175188,0.111475,70.78,0.106,0.0,ETH-27SEP19-220-C,173.08,68.28,0.105,150.0,0.116,150.0,72.52,0.46388,-0.10204,0.24217,0.00465,0.41863
178.88,ETH-27SEP19,1555671546566,open,0.02,7.0,0.002532,0.032974,0.022218,86.75,0.018,0.0,ETH-27SEP19-440-C,173.08,84.81,0.02,150.0,0.023,60.0,87.41,0.2102,-0.05667,0.06225,0.00172,0.10117
176.6,ETH-28JUN19,1555671546566,open,0.05,604.0,0.032811,0.120567,0.047664,70.38,0.046,0.0,ETH-28JUN19-220-C,173.08,69.93,0.047,120.0,0.053,60.0,73.91,0.26358,-0.13274,0.08121,0.00627,0.28787
178.88,ETH-27SEP19,1555671546566,open,0.04,396.0,0.012218,0.067775,0.038097,79.25,0.041,0.0,ETH-27SEP19-340-C,173.08,76.75,0.034,180.0,0.04,60.0,80.37,0.29954,-0.07378,0.10331,0.00268,0.16913
178.88,ETH-27SEP19,1555671546566,open,1.71,0.0,1.68474,1.708495,1.702045,89.27,None,0.0,ETH-27SEP19-480-P,173.08,0.0,0.0,0.0,0.0,0.0,0.0,0.18557,-0.05149,-2.06296,0.00147,-0.91452
176.6,ETH-28JUN19,1555671546566,open,0.01,598.0,0.006719,0.051778,0.012769,70.62,0.02,0.0,ETH-28JUN19-120-P,173.08,66.14,0.01,210.0,0.014,150.0,72.48,0.11489,-0.05806,-0.03137,0.00272,-0.08002
178.88,ETH-27SEP19,1555671546567,open,0.35,393.0,0.31377,0.405062,0.341281,70.75,0.332,0.0,ETH-27SEP19-220-P,173.08,55.68,0.303,60.0,0.389,60.0,88.93,0.46386,-0.102,-0.72752,0.00465,-0.58147
176.6,ETH-28JUN19,1555671546567,open,0.0,1784.0,0.000302,0.014694,0.002477,79.6,0.006,0.0,ETH-28JUN19-90-P,173.08,69.48,0.001,5.0,0.004,150.0,86.54,0.03331,-0.01898,-0.00674,0.0007,-0.01745
176.6,ETH-28JUN19,1555671546566,open,0.2,387.0,0.189817,0.268347,0.202013,69.06,0.173,0.0,ETH-28JUN19-150-C,173.08,64.64,0.196,30.0,0.204,60.0,70.5,0.24273,-0.11994,0.18707,0.00589,0.75533
176.6,ETH-28JUN19,1555671546567,open,1.28,0.0,1.265105,1.281216,1.272835,100.18,None,0.0,ETH-28JUN19-400-P,173.08,0.0,0.002,2.0,0.0,0.0,0.0,0.07952,-0.057,-0.75155,0.00133,-0.95013
176.6,ETH-28JUN19,1555671546566,open,0.02,1476.0,0.01344,0.07056,0.021387,69.63,0.019,0.0,ETH-28JUN19-130-P,173.08,65.72,0.018,210.0,0.023,60.0,71.41,0.15768,-0.07856,-0.04897,0.00379,-0.12345
176.6,ETH-28JUN19,1555671546567,open,0.1,4152.0,0.084864,0.176786,0.099686,68.82,0.098,0.0,ETH-28JUN19-170-P,173.08,65.44,0.094,180.0,0.102,120.0,70.2,0.29665,-0.14609,-0.16585,0.00722,-0.39087
178.88,ETH-27SEP19,1555671546567,open,0.05,491.0,0.023262,0.092041,0.051632,76.39,0.048,0.0,ETH-27SEP19-300-C,173.08,74.52,0.048,180.0,0.055,120.0,78.07,0.3533,-0.08387,0.13418,0.00328,0.22182
176.6,ETH-28JUN19,1555671546567,open,0.06,491.0,0.04355,0.13531,0.059802,70.38,0.055,0.0,ETH-28JUN19-210-C,173.08,68.63,0.057,120.0,0.064,180.0,72.98,0.28358,-0.14282,0.09522,0.00675,0.34145
176.6,ETH-28JUN19,1555671546567,open,0.24,337.0,0.231264,0.299823,0.241228,69.09,0.242,0.0,ETH-28JUN19-140-C,173.08,0.0,0.18,6.0,0.31,1.0,122.49,0.20201,-0.09987,0.19603,0.0049,0.82105
176.6,ETH-28JUN19,1555671546567,open,0.04,976.0,0.018205,0.095747,0.036467,75.56,0.04,0.0,ETH-28JUN19-240-C,173.08,73.65,0.034,40.0,0.038,180.0,76.73,0.2305,-0.12463,0.06303,0.00511,0.22289
176.6,ETH-28JUN19,1555671546567,open,1.84,0.0,1.831261,1.837084,1.833367,100.09,None,0.0,ETH-28JUN19-500-P,173.08,0.0,0.002,2.0,0.0,0.0,0.0,0.03007,-0.02154,-0.95268,0.0005,-0.98452
173.08,index_price,1555671546565,open,0.0,0.14497,0.170939,0.148742,70.59,None,0.2,ETH-3MAY19-150-C,173.08,48.6,0.142,50.0,0.152,50.0,78.35,0.06838,-0.24308,0.04797,0.00851,0.87778
178.82,ETH-27SEP19,1555671546568,open,0.63,0.0,0.597899,0.673428,0.623384,73.22,None,0.0,ETH-27SEP19-280-P,173.08,0.0,0.004,5.0,0.661,2.0,89.87,0.37602,-0.08557,-1.08366,0.00364,-0.75154
178.82,ETH-27SEP19,1555671546567,open,0.56,0.0,0.554737,0.57218,0.55942,73.91,None,0.0,ETH-27SEP19-80-C,173.08,0.0,0.001,4.0,0.0,0.0,0.0,0.08021,-0.01843,0.3238,0.00077,0.97025
178.82,ETH-27SEP19,1555671546568,open,0.08,1111.0,0.05745,0.127865,0.075649,69.36,0.09,0.0,ETH-27SEP19-140-P,173.08,66.49,0.07,120.0,0.077,180.0,70.04,0.35434,-0.07638,-0.23547,0.00363,-0.22311
176.6,ETH-28JUN19,1555671546568,open,0.17,1836.0,0.150486,0.24624,0.167562,69.85,0.162,0.0,ETH-28JUN19-190-P,173.08,66.07,0.161,90.0,0.17,90.0,71.25,0.30711,-0.1535,-0.23734,0.00736,-0.53446
178.82,ETH-27SEP19,1555671546568,open,0.04,1627.0,0.026776,0.080426,0.039656,69.37,0.042,0.0,ETH-27SEP19-120-P,173.08,66.11,0.035,210.0,0.042,210.0,70.97,0.25965,-0.05598,-0.1388,0.00266,-0.13645
176.6,ETH-28JUN19,1555671546568,open,0.55,0.0,0.547062,0.555178,0.552372,105.54,None,0.0,ETH-28JUN19-80-C,173.08,0.0,0.001,10.0,0.0,0.0,0.0,0.04644,-0.03507,0.1426,0.00074,0.97415
173.08,index_price,1555671546565,open,0.22,0.0,0.209078,0.218441,0.212416,89.98,None,0.2,ETH-26APR19-210-P,173.08,0.0,0.001,500.0,0.279,1.0,254.1,0.03201,-0.10117,-0.03724,0.0063,-0.92967
176.6,ETH-28JUN19,1555671546568,open,0.21,1851.0,0.189791,0.284348,0.206766,70.16,0.21,0.0,ETH-28JUN19-200-P,173.08,66.74,0.201,90.0,0.211,90.0,72.66,0.29864,-0.14993,-0.27256,0.00713,-0.59942
173.08,index_price,1555671546566,open,0.01,271.0,0.001412,0.016517,0.00666,85.65,0.004,0,ETH-26APR19-200-C,173.08,79.26,0.005,250.0,0.008,250.0,90.32,0.04775,-0.29739,0.00372,0.00988,0.12081
178.82,ETH-27SEP19,1555671546568,open,0.23,119.0,0.207891,0.290614,0.230353,69.49,0.225,0.0,ETH-27SEP19-160-C,173.08,65.96,0.222,90.0,0.233,60.0,70.61,0.42375,-0.09152,0.35553,0.00433,0.68144
173.08,index_price,1555671546567,open,0.01,137.0,0.005546,0.02826,0.011418,76.86,0.015,0,ETH-26APR19-190-C,173.08,73.13,0.01,200.0,0.013,10.0,80.87,0.06708,-0.37493,0.00624,0.01546,0.20288
176.6,ETH-28JUN19,1555671546568,open,0.03,1940.0,0.009856,0.07611,0.028062,79.55,0.024,0.0,ETH-28JUN19-260-C,173.08,78.6,0.027,100.0,0.029,120.0,80.38,0.19869,-0.11311,0.04945,0.00418,0.17433
178.82,ETH-27SEP19,1555671546568,open,1.05,0.0,1.022056,1.071533,1.046502,80.68,None,0.0,ETH-27SEP19-360-P,173.08,0.0,0.01,4.0,1.062,1.0,89.91,0.27621,-0.06926,-1.49512,0.00243,-0.85048
173.08,index_price,1555671546565,open,30.0,0.034531,0.076091,0.039003,65.96,0.04,0.2,ETH-3MAY19-170-P,173.08,60.63,0.035,200.0,0.04,1.0,67.29,0.13005,-0.26783,-0.02864,0.01731,-0.39626
176.6,ETH-28JUN19,1555671546569,open,0.17,1073.0,0.15343,0.239853,0.167404,69.03,0.147,0.0,ETH-28JUN19-160-C,173.08,65.56,0.162,90.0,0.17,90.0,70.7,0.275,-0.13584,0.17452,0.00667,0.68362
173.08,index_price,1555671546567,open,0.0,0.033057,0.075541,0.040926,70.29,None,0.2,ETH-3MAY19-180-C,173.08,61.24,0.034,150.0,0.045,150.0,75.59,0.13287,-0.374,0.02597,0.0166,0.43564
176.6,ETH-28JUN19,1555671546569,open,0.01,265.0,0.001426,0.038646,0.013943,88.56,0.01,0.0,ETH-28JUN19-320-C,173.08,85.72,0.012,150.0,0.015,60.0,90.02,0.12554,-0.07955,0.02573,0.00237,0.09006
173.08,index_price,1555671546566,open,4.0,0.059766,0.101325,0.064575,66.41,0.072,0.2,ETH-3MAY19-170-C,173.08,60.31,0.06,150.0,0.071,150.0,74.94,0.13008,-0.36239,0.03545,0.0172,0.60339
173.08,index_price,1555671546566,open,0.17,100.0,0.156947,0.172052,0.161795,84.18,0.153,0,ETH-26APR19-200-P,173.08,0.0,0.154,50.0,0.16,50.0,77.0,0.04649,-0.28462,-0.03409,0.00979,-0.88365
173.08,index_price,1555671546566,open,0.31,0.0,0.306679,0.307131,0.307128,114.92,0.309,0,ETH-26APR19-120-C,173.08,0.0,0.001,200.0,0.399,1.0,468.55,0.00531,-0.04435,0.02232,0.00082,0.99182
173.08,index_price,1555671546567,open,0.11,95.0,0.103304,0.126019,0.108796,75.88,0.112,0,ETH-26APR19-190-P,173.08,55.45,0.102,50.0,0.108,50.0,73.78,0.0664,-0.36636,-0.02965,0.01551,-0.80054
176.6,ETH-28JUN19,1555671546569,open,0.29,325.0,0.277313,0.334433,0.285511,69.91,0.268,0.0,ETH-28JUN19-130-C,173.08,0.0,0.14,50.0,0.7,1.0,425.4,0.1583,-0.07919,0.19959,0.00379,0.87586
176.6,ETH-28JUN19,1555671546569,open,0.33,25.0,0.327217,0.372277,0.333498,70.98,0.315,0.0,ETH-28JUN19-120-C,173.08,0.0,0.002,10.0,0.0,0.0,0.0,0.11578,-0.0588,0.198,0.00273,0.91917
173.08,index_price,1555671546565,open,0.0,0.005057,0.031026,0.008531,69.83,None,0.2,ETH-3MAY19-150-P,173.08,59.82,0.005,250.0,0.011,255.0,75.86,0.0675,-0.15765,-0.00846,0.00849,-0.11997
173.08,index_price,1555671546568,open,0.0,133.0,0.001277,0.014548,0.002644,69.78,0.002,0,ETH-26APR19-150-P,173.08,65.63,0.002,33.0,0.003,250.0,71.84,0.02885,-0.1464,-0.00209,0.00733,-0.06151
178.82,ETH-27SEP19,1555671546570,open,1.27,0.0,1.241591,1.280509,1.262663,83.08,None,0.0,ETH-27SEP19-400-P,173.08,0.0,0.001,9.0,0.0,0.0,0.0,0.23501,-0.06068,-1.69015,0.00201,-0.88177
173.08,index_price,1555671546567,open,0.13,59.0,0.134625,0.147896,0.136294,71.53,0.103,0,ETH-26APR19-150-C,173.08,69.82,0.136,50.0,0.141,50.0,92.42,0.03045,-0.15841,0.02601,0.00754,0.93407
178.82,ETH-27SEP19,1555671546570,open,0.13,1286.0,0.102646,0.185369,0.124758,69.34,0.126,0.0,ETH-27SEP19-160-P,173.08,65.65,0.116,180.0,0.127,180.0,70.29,0.42374,-0.09132,-0.3494,0.00434,-0.31856
173.08,index_price,1555671546567,open,0.0,0.262108,0.273928,0.267399,82.32,None,0.2,ETH-3MAY19-220-P,173.08,0.0,0.0,0.0,0.351,2.0,221.81,0.05289,-0.04483,-0.07774,0.00564,-0.91418
176.6,ETH-28JUN19,1555671546570,open,0.0,1941.0,4e-06,0.005826,0.003071,105.03,0.006,0.0,ETH-28JUN19-500-C,173.08,108.88,0.004,150.0,0.008,150.0,120.85,0.03888,-0.02922,0.00604,0.00062,0.02093
173.08,index_price,1555671546568,open,0.03,378.0,0.024424,0.053847,0.027486,65.77,0.025,0,ETH-26APR19-170-P,173.08,57.31,0.023,200.0,0.028,200.0,66.74,0.09199,-0.43998,-0.01406,0.02478,-0.4036
173.08,index_price,1555671546565,open,0.0,0.097597,0.13308,0.103078,69.32,None,0.2,ETH-3MAY19-160-C,173.08,57.14,0.096,50.0,0.107,50.0,75.68,0.10499,-0.32452,0.0432,0.0133,0.75967
173.08,index_price,1555671546568,open,0.02,489.0,0.017233,0.046134,0.02171,68.86,0.025,0,ETH-26APR19-180-C,173.08,65.5,0.02,200.0,0.026,200.0,77.17,0.08858,-0.44356,0.01092,0.0228,0.35661
173.08,index_price,1555671546567,open,0.0,10.0,0.0,0.000452,0.000209,104.91,0.001,0,ETH-26APR19-120-P,173.08,0.0,0.0,0.0,0.001,35.0,128.32,0.0031,-0.02363,-0.00015,0.00052,-0.00445
173.08,index_price,1555671546569,open,0.05,147.0,0.042219,0.071643,0.045622,66.41,0.05,0,ETH-26APR19-170-C,173.08,63.36,0.044,150.0,0.049,50.0,72.76,0.09202,-0.44442,0.01794,0.02455,0.59583
173.08,index_price,1555671546569,open,0.0,528.0,0.000329,0.009692,0.004086,92.19,0.002,0.2,ETH-26APR19-210-C,173.08,79.51,0.002,250.0,0.006,250.0,101.05,0.03384,-0.23364,0.00233,0.0065,0.07562
178.82,ETH-27SEP19,1555671546572,open,0.63,0.0,0.597899,0.673428,0.623384,73.22,None,0.0,ETH-27SEP19-280-P,173.08,0.0,0.004,5.0,0.661,1.0,89.87,0.37602,-0.08557,-1.08366,0.00364,-0.75154
178.88,ETH-27SEP19,1555671546578,open,0.19,1073.0,0.161513,0.251421,0.18592,69.4,0.177,0.0,ETH-27SEP19-180-P,173.08,65.96,0.177,150.0,0.19,90.0,70.98,0.46277,-0.09982,-0.47312,0.00473,-0.41417
178.82,ETH-27SEP19,1555671546579,open,0.63,0.0,0.597899,0.673428,0.623384,73.22,None,0.0,ETH-27SEP19-280-P,173.08,0.0,0.004,5.0,0.662,2.0,90.28,0.37602,-0.08557,-1.08366,0.00364,-0.75154
178.82,ETH-27SEP19,1555671546582,open,0.73,10.0,0.700889,0.769634,0.72864,76.08,0.781,0.0,ETH-27SEP19-300-P,173.08,0.0,0.004,4.0,0.737,1.0,80.23,0.35162,-0.08314,-1.18896,0.00328,-0.77989
5254.5,index_price,1555671547338,open,0.0,0.0994285,0.1381039,0.10464187,53.21,None,0,BTC-3MAY19-4750-C,5254.5,43.15,0.1005,4.0,0.106,4.0,56.06,2.41735,-4.63474,1.48343,0.00043,0.84729
5256.59,BTC-27SEP19,1555671547342,open,0.19,15.5,0.16985234,0.23818104,0.18791515,60.83,0.1945,0.0,BTC-27SEP19-5500-P,5254.5,59.73,0.185,7.2,0.192,10.2,62.39,13.8663,-2.62148,-15.10835,0.00019,-0.46421
5254.5,index_price,1555671547346,open,0.07,62.5,0.06702699,0.11398643,0.06951039,51.84,0.0725,0,BTC-31MAY19-5250-P,5254.5,50.72,0.068,9.6,0.0725,14.6,54.07,7.06987,-4.37596,-3.21061,0.00043,-0.46308
5254.5,index_price,1555671547348,open,0.07,40.3,0.0678834,0.11484284,0.0703668,51.85,0.0715,0,BTC-31MAY19-5250-C,5254.5,49.72,0.0675,9.6,0.072,9.6,53.06,7.06985,-4.37702,2.81255,0.00043,0.53693
5256.5,BTC-27SEP19,1555671547353,open,0.18,31.3,0.14615181,0.3678663,0.18391032,61.5,0.165,0.0,BTC-27DEC19-5500-C,5254.5,60.3,0.18,7.2,0.1885,12.2,62.9,17.17956,-2.09731,13.86815,0.00015,0.56624
5254.5,index_price,1555671547375,open,0.06,139.3,0.05735087,0.07455843,0.05687472,48.9,0.0585,0,BTC-26APR19-5500-P,5254.5,46.95,0.056,4.0,0.059,4.0,53.62,2.33409,-8.30051,-0.78985,0.00092,-0.74111
5254.5,index_price,1555671547386,open,0.1,76.3,0.09747683,0.10968084,0.09875085,54.82,0.0955,0,BTC-26APR19-5750-P,5254.5,47.95,0.097,4.0,0.1005,4.0,60.71,1.46792,-5.85166,-0.9658,0.00051,-0.877
5254.5,index_price,1555671547399,open,0.1,876.0,0.09805476,0.10786841,0.09923737,56.03,0.098,0,BTC-26APR19-4750-C,5254.5,46.6,0.0975,4.0,0.101,4.1,63.23,1.15491,-4.70543,0.80415,0.0004,0.91167
5252.87,BTC-28JUN19,1555671547557,open,0.2,0.0155243,0.06422954,0.03088926,57.56,0.032,0.0,BTC-28JUN19-6500-C,5253.83,56.14,0.029,9.6,0.0325,9.6,58.75,7.07564,-2.91419,2.06034,0.00023,0.23577
5252.87,BTC-28JUN19,1555671547557,open,0.0,0.25294308,0.30164832,0.26829391,57.55,None,0.0,BTC-28JUN19-6500-P,5253.83,0.0,0.0,0.0,0.0,0.0,0.0,7.07473,-2.91329,-10.38368,0.00023,-0.76428
5256.53,BTC-27SEP19,1555671547557,open,0.36,261.1,0.35270667,0.38835429,0.36479086,63.81,0.38,0.0,BTC-27SEP19-3500-C,5253.83,0.0,0.161,1.0,0.4455,1.0,114.2,7.00681,-1.38965,11.92197,9e-05,0.87937
5252.87,BTC-28JUN19,1555671547557,open,0.43,43.8,0.42915653,0.43329711,0.43226557,71.34,0.433,0.0,BTC-28JUN19-3000-C,5253.83,0.0,0.0005,0.3,0.0,0.0,0.0,1.3679,-0.69827,5.45228,4e-05,0.97445
5256.53,BTC-27SEP19,1555671547557,open,0.02,17.7,0.01161959,0.04064785,0.02237429,65.07,0.0205,0.0,BTC-27SEP19-3250-P,5253.83,63.8,0.021,12.0,0.0245,18.0,66.98,5.75705,-1.16436,-2.64829,7e-05,-0.09193
5252.87,BTC-28JUN19,1555671547557,open,0.18,208.2,0.17181229,0.20570242,0.17975784,56.18,0.1835,0.0,BTC-28JUN19-4500-C,5253.83,45.65,0.1665,5.0,0.189,5.0,63.07,6.90971,-2.77792,5.97612,0.00023,0.77404
5252.87,BTC-28JUN19,1555671547557,open,0.0,847.3,0.00014022,0.00421029,0.00402646,74.46,0.0045,0.0,BTC-28JUN19-10000-C,5253.83,72.83,0.0035,9.1,0.0045,12.0,75.82,1.77186,-0.94409,0.31049,5e-05,0.0349
5256.53,BTC-27SEP19,1555671547557,open,1.3,6.1,1.28481836,1.30310981,1.29761631,74.85,1.9095,0.0,BTC-27SEP19-12000-P,5253.83,0.0,0.002,0.3,0.0,0.0,0.0,5.13268,-1.19398,-51.40483,6e-05,-0.92113
5252.87,BTC-28JUN19,1555671547558,open,0.0,873.6,0.00027289,0.00441347,0.00337541,71.31,0.0035,0.0,BTC-28JUN19-3000-P,5253.83,67.65,0.0025,12.0,0.0045,12.0,75.28,1.36636,-0.69725,-0.29051,4e-05,-0.02551
5253.83,index_price,1555671547557,open,0.4,0.01766979,0.05275782,0.01679868,48.33,0.0155,0,BTC-26APR19-5375-C,5253.83,45.84,0.0155,16.0,0.0185,16.0,51.58,2.7413,-9.6352,0.35755,0.00109,0.37807
5256.53,BTC-27SEP19,1555671547558,open,0.23,290.4,0.21603467,0.27435805,0.23128404,60.89,0.2265,0.0,BTC-27SEP19-4500-C,5253.83,53.53,0.215,3.0,0.246,3.0,67.45,11.72207,-2.21826,11.35155,0.00016,0.72124
5253.83,index_price,1555671547557,open,0.0,0.00499248,0.04997685,0.01054818,51.47,None,0,BTC-3MAY19-5750-C,5253.83,48.54,0.009,16.0,0.012,16.0,54.09,2.84968,-5.28483,0.3742,0.00053,0.1979
5256.53,BTC-27SEP19,1555671547558,open,0.04,10.3,0.02785948,0.06998604,0.041045,62.79,0.061,0.0,BTC-27SEP19-3750-P,5253.83,61.81,0.0395,9.6,0.0435,9.6,64.34,8.28761,-1.61739,-4.5237,0.00011,-0.15421
5252.87,BTC-28JUN19,1555671547558,open,0.39,0.1,0.38166406,0.39191851,0.38621669,67.18,0.395,0.0,BTC-28JUN19-3250-C,5253.83,0.0,0.0005,0.4,0.0,0.0,0.0,1.87967,-0.90362,5.79503,5e-05,0.96249
5252.87,BTC-28JUN19,1555671547558,open,0.01,65.1,0.00294598,0.02618246,0.01108129,61.06,0.012,0.0,BTC-28JUN19-3750-P,5253.83,59.39,0.01,12.0,0.0125,12.0,63.16,3.46524,-1.51408,-0.93105,0.00011,-0.0815
5253.83,index_price,1555671547557,open,0.03,135.8,0.02232298,0.06428309,0.02556635,53.01,0.027,0,BTC-31MAY19-6000-C,5253.83,51.11,0.0235,12.8,0.0275,12.8,54.77,5.74819,-3.63848,1.40047,0.00034,0.25791
5256.53,BTC-27SEP19,1555671547558,open,0.18,778.6,0.16452417,0.22959565,0.18172455,60.84,0.1765,0.0,BTC-27SEP19-5000-C,5253.83,59.36,0.178,7.2,0.185,10.2,62.14,13.20246,-2.49645,10.33308,0.00018,0.62772
5252.87,BTC-28JUN19,1555671547559,open,0.05,2300.3,0.03880908,0.0796687,0.04721205,55.36,0.0485,0.0,BTC-28JUN19-6000-C,5253.83,55.54,0.0475,9.8,0.05,10.0,57.1,8.36675,-3.31419,2.88746,0.00029,0.33435
5252.87,BTC-28JUN19,1555671547558,open,1.48,0.8,1.47483886,1.47527941,1.47651271,86.83,2.171,0.0,BTC-28JUN19-13000-P,5253.83,0.0,0.07,1.0,0.0,0.0,0.0,0.82398,-0.51197,-24.76254,2e-05,-0.98593
5252.87,BTC-28JUN19,1555671547558,open,0.53,24.4,0.52408302,0.52498398,0.5258075,82.13,0.5115,0.0,BTC-28JUN19-2500-C,5253.83,0.0,0.001,0.2,0.0,0.0,0.0,0.73644,-0.43281,4.64425,2e-05,0.98764
5256.53,BTC-27SEP19,1555671547559,open,0.26,0.0,0.24601452,0.29965958,0.26097686,61.47,None,0.0,BTC-27SEP19-4250-C,5253.83,0.0,0.0005,0.3,0.0,0.0,0.0,10.70536,-2.04515,11.69465,0.00014,0.76574
5252.87,BTC-28JUN19,1555671547558,open,0.02,244.8,0.00970847,0.03235846,0.01677489,59.0,0.0175,0.0,BTC-28JUN19-4000-P,5253.83,57.5,0.0155,12.0,0.0185,12.0,60.96,4.54567,-1.91904,-1.35617,0.00015,-0.11809
5252.87,BTC-28JUN19,1555671547558,open,0.01,65.9,0.00037345,0.0106279,0.00491901,67.16,0.006,0.0,BTC-28JUN19-3250-P,5253.83,64.45,0.004,12.0,0.006,12.0,70.03,1.87821,-0.90265,-0.42635,5e-05,-0.03748
5256.53,BTC-27SEP19,1555671547559,open,0.4,0.0,0.39334099,0.42236925,0.40410275,65.08,None,0.0,BTC-27SEP19-3250-C,5253.83,0.0,0.0005,0.3,0.0,0.0,0.0,5.75773,-1.16461,11.67576,7e-05,0.90805
5252.87,BTC-28JUN19,1555671547559,open,0.0,333.9,2.966e-05,0.00197555,0.0027975,78.69,0.003,0.0,BTC-28JUN19-11000-C,5253.83,77.45,0.0025,10.0,0.003,1.0,79.49,1.30547,-0.73511,0.21486,3e-05,0.02416
5253.83,index_price,1555671547557,open,0.5,0.00342765,0.04213226,0.00862893,53.13,0.009,0,BTC-3MAY19-4750-P,5253.83,48.28,0.0065,20.0,0.0095,20.0,55.0,2.41697,-4.62767,-0.32223,0.00043,-0.1527
5252.87,BTC-28JUN19,1555671547558,open,0.07,222.9,0.06307984,0.10454447,0.07192904,55.35,0.067,0.0,BTC-28JUN19-5000-P,5253.83,54.19,0.07,9.6,0.0745,9.6,56.9,8.6979,-3.44505,-4.47087,0.0003,-0.37266
5256.53,BTC-27SEP19,1555671547557,open,0.13,47.3,0.08878356,0.31753091,0.12927118,62.53,0.115,0.0,BTC-27DEC19-6500-C,5253.83,61.23,0.125,5.0,0.1325,7.2,63.52,17.22801,-2.13866,11.29951,0.00014,0.44078
5252.87,BTC-28JUN19,1555671547558,open,0.71,33.3,0.71444182,0.71444454,0.71458523,100.21,0.7165,0.0,BTC-28JUN19-1500-C,5253.83,0.0,0.001,0.1,0.0,0.0,0.0,0.08047,-0.0577,2.85967,0.0,0.99896
5256.53,BTC-27SEP19,1555671547559,open,0.01,336.1,0.00170062,0.01312072,0.00765757,70.68,0.0085,0.0,BTC-27SEP19-2500-P,5253.83,68.3,0.0065,12.0,0.009,6.0,73.22,2.66502,-0.58544,-0.97678,3e-05,-0.0345
5252.87,BTC-28JUN19,1555671547559,open,0.36,19.5,0.34375403,0.37210041,0.35285568,59.37,0.7515,0.0,BTC-28JUN19-7000-P,5253.83,0.0,0.0015,0.2,0.0,0.0,0.0,5.698,-2.42078,-11.94845,0.00018,-0.83532
5253.83,index_price,1555671547557,open,0.16,9.7,0.15877513,0.19286571,0.16186715,53.66,0.14,0,BTC-31MAY19-4500-C,5253.83,0.0,0.01,15.0,0.169,5.0,61.53,4.55135,-2.91629,4.01006,0.00027,0.82715
5252.87,BTC-28JUN19,1555671547559,open,0.62,20.1,0.6192559,0.6193493,0.62000231,93.29,0.578,0.0,BTC-28JUN19-2000-C,5253.83,0.0,0.001,0.1,0.0,0.0,0.0,0.33754,-0.22532,3.77013,1e-05,0.99491
5252.87,BTC-28JUN19,1555671547559,open,2.81,0.4,2.80744241,2.80744565,2.8076611,98.51,5.076,0.0,BTC-28JUN19-20000-P,5253.83,0.0,0.0,0.0,0.0,0.0,0.0,0.14227,-0.10028,-38.27066,0.0,-0.99805
5253.83,index_price,1555671547557,open,0.29,0.0,0.28747576,0.3006069,0.28978109,60.32,None,0,BTC-31MAY19-3750-C,5253.83,0.0,0.0005,0.2,0.0,0.0,0.0,1.52873,-1.10111,4.04074,8e-05,0.96015
5253.83,index_price,1555671547557,open,0.38,25.7,0.38140366,0.38140405,0.38148883,122.82,0.351,0,BTC-26APR19-3250-C,5253.83,0.0,0.3135,8.3,0.0,0.0,0.0,0.03892,-0.3476,0.61048,1e-05,0.99832
5252.87,BTC-28JUN19,1555671547559,open,1.29,10.0,1.28447164,1.28539635,1.28648968,82.43,1.243,0.0,BTC-28JUN19-12000-P,5253.83,0.0,0.0005,0.4,0.0,0.0,0.0,0.98913,-0.5834,-22.81806,2e-05,-0.98259
5252.87,BTC-28JUN19,1555671547559,open,0.01,509.2,0.00064347,0.00897061,0.00582511,68.99,0.005,0.0,BTC-28JUN19-9000-C,5253.83,67.12,0.005,2.5,0.0065,12.0,70.41,2.41771,-1.19357,0.45686,7e-05,0.05126
5253.83,index_price,1555671547557,open,5.1,0.0046199,0.03125515,0.00516071,51.82,0.0045,0,BTC-26APR19-4875-P,5253.83,49.59,0.0045,20.5,0.006,0.5,54.52,1.59206,-5.99955,-0.14203,0.00059,-0.13835
5252.87,BTC-28JUN19,1555671547560,open,1.67,1.3,1.66520996,1.66542134,1.66674721,91.7,2.415,0.0,BTC-28JUN19-14000-P,5253.83,0.0,0.0,0.0,0.0,0.0,0.0,0.74177,-0.48674,-26.69177,2e-05,-0.98754
5253.83,index_price,1555671547558,open,10.2,0.04104643,0.07515742,0.04022444,48.37,0.0395,0,BTC-26APR19-5125-C,5253.83,45.93,0.039,12.0,0.042,12.0,51.88,2.64791,-9.31444,0.61145,0.00105,0.65805
5252.87,BTC-28JUN19,1555671547560,open,0.19,35.5,0.1810418,0.22190142,0.18943172,55.35,0.204,0.0,BTC-28JUN19-6000-P,5253.83,0.0,0.0015,0.3,0.1955,1.0,59.12,8.36639,-3.31356,-8.59918,0.00029,-0.66569
5256.53,BTC-27SEP19,1555671547560,open,0.03,324.4,0.01358912,0.05528135,0.03198993,67.28,0.0355,0.0,BTC-27SEP19-9000-C,5253.83,66.36,0.0305,15.0,0.0335,9.6,68.2,8.6087,-1.80021,3.0449,0.00011,0.16341
5253.83,index_price,1555671547557,open,0.0,0.03146029,0.08573269,0.03847766,49.03,None,0,BTC-3MAY19-5250-C,5253.83,45.2,0.0355,12.0,0.041,12.0,52.28,4.08037,-7.20959,0.96593,0.00079,0.5221
5253.83,index_price,1555671547557,open,0.0,0.06042766,0.109695,0.06661853,49.61,None,0,BTC-3MAY19-5000-C,5253.83,44.85,0.0635,4.0,0.069,4.0,53.16,3.49289,-6.24356,1.28976,0.00067,0.71238
5253.83,index_price,1555671547557,open,0.5,0.00063604,0.02722264,0.0039948,57.63,0.0045,0,BTC-3MAY19-4500-P,5253.83,49.24,0.002,20.0,0.005,20.0,61.06,1.46059,-3.03328,-0.1592,0.00024,-0.07572
5253.83,index_price,1555671547557,open,2.3,0.04073296,0.07582099,0.03973141,48.08,0.0395,0,BTC-26APR19-5375-P,5253.83,45.71,0.0385,12.4,0.042,12.0,52.41,2.73963,-9.5795,-0.65557,0.0011,-0.62267
5252.87,BTC-28JUN19,1555671547560,open,0.02,1422.3,0.01114919,0.03949556,0.02026606,59.39,0.019,0.0,BTC-28JUN19-7000-C,5253.83,57.73,0.0185,9.6,0.0215,19.6,60.51,5.69963,-2.42204,1.45295,0.00018,0.16475
5253.83,index_price,1555671547557,open,0.0,0.03073129,0.0850037,0.03762125,48.87,None,0,BTC-3MAY19-5250-P,5253.83,46.14,0.0355,12.0,0.0405,12.0,52.58,4.0804,-7.18551,-1.02974,0.0008,-0.47795
5252.87,BTC-28JUN19,1555671547560,open,0.13,46.2,0.10596081,0.16693611,0.12393515,55.35,0.13,0.0,BTC-28JUN19-5500-P,5253.83,54.24,0.122,7.2,0.127,7.2,57.11,9.14739,-3.623,-6.5499,0.00031,-0.5274
5253.83,index_price,1555671547557,open,0.0,0.18999381,0.21716424,0.19311044,58.65,None,0,BTC-3MAY19-6250-P,5253.83,0.0,0.0,0.0,0.2515,0.4,161.02,1.40551,-2.97058,-2.23916,0.00023,-0.928
5253.83,index_price,1555671547557,open,173.0,0.01652527,0.05063626,0.0155789,48.13,0.017,0,BTC-26APR19-5125-P,5253.83,45.98,0.0145,16.0,0.0175,16.0,51.92,2.64602,-9.26029,-0.35321,0.00106,-0.34131
5253.83,index_price,1555671547557,open,0.0,0.14353696,0.17937368,0.14803582,55.2,None,0,BTC-3MAY19-6000-P,5253.83,0.0,0.0,0.0,0.2,0.3,139.09,2.03703,-4.05207,-2.05528,0.00035,-0.88101
5253.83,index_price,1555671547559,open,0.02,105.6,0.01529314,0.04938371,0.01827594,53.54,0.0205,0,BTC-31MAY19-4500-P,5253.83,52.05,0.017,12.8,0.02,27.8,55.51,4.54364,-2.90451,-1.14928,0.00027,-0.17239
5256.53,BTC-27SEP19,1555671547560,open,0.11,728.4,0.09172769,0.16025764,0.11849212,64.21,0.106,0.0,BTC-27SEP19-6000-C,5253.83,60.03,0.1075,24.7,0.114,7.2,62.51,13.85662,-2.76532,7.94216,0.00018,0.46129
5253.83,index_price,1555671547557,open,51.0,0.00151295,0.03734967,0.00615743,55.58,0.0065,0,BTC-3MAY19-6000-C,5253.83,49.55,0.004,20.0,0.007,20.0,57.67,2.05788,-4.12125,0.22882,0.00035,0.12073
5252.2,BTC-28JUN19,1555671547561,open,1.1,5.7,1.09439005,1.09633392,1.09690242,77.64,1.142,0.0,BTC-28JUN19-11000-P,5253.83,0.0,0.0005,0.4,0.0,0.0,0.0,1.2255,-0.68087,-20.85857,3e-05,-0.97758
5252.2,BTC-28JUN19,1555671547561,open,0.0,388.0,6e-08,0.00010232,0.0009502,91.92,0.0005,0.0,BTC-28JUN19-15000-C,5253.83,86.09,0.0005,17.0,0.001,0.1,92.43,0.5048,-0.33204,0.07108,1e-05,0.00802
5253.83,index_price,1555671547558,open,0.0,464.5,0.00013655,0.0038253,0.00078452,63.02,0.0015,0,BTC-26APR19-6250-C,5253.83,58.92,0.0005,10.0,0.001,1.0,65.52,0.41794,-1.91523,0.02372,0.00013,0.02475
5256.53,BTC-27SEP19,1555671547558,open,0.46,0.0,0.44191336,0.55569882,0.45866292,63.97,None,0.0,BTC-27DEC19-3000-C,5253.83,0.0,0.0005,0.1,0.0,0.0,0.0,7.27823,-0.9242,16.25482,6e-05,0.90678
5256.53,BTC-27SEP19,1555671547557,open,0.23,16.7,0.19247168,0.41418568,0.23022255,61.5,0.236,0.0,BTC-27DEC19-5500-P,5253.83,60.05,0.2255,7.2,0.234,12.2,62.65,17.17968,-2.0972,-24.08541,0.00015,-0.43377
5253.83,index_price,1555671547557,open,0.5,0.06059304,0.11280363,0.06704975,49.34,0.0635,0,BTC-3MAY19-5500-P,5253.83,46.43,0.065,12.0,0.069,0.1,52.07,3.7291,-6.6297,-1.46339,0.00072,-0.66564
5253.83,index_price,1555671547559,open,0.34,0.0,0.33597604,0.36004222,0.33949707,57.8,None,0,BTC-31MAY19-7000-P,5253.83,0.0,0.0005,0.3,0.0,0.0,0.0,2.78626,-1.92305,-7.55739,0.00015,-0.9143
5256.53,BTC-27SEP19,1555671547559,open,0.3,10.0,0.2555886,0.48283471,0.29705985,62.54,0.288,0.0,BTC-27DEC19-6000-P,5253.83,56.33,0.2765,5.0,1.1425,0.2,500.0,17.42008,-2.16257,-28.83855,0.00015,-0.49797
5253.83,index_price,1555671547559,open,0.0,914.9,4.8e-07,0.0003336,0.00026787,82.72,0.0005,0,BTC-26APR19-4000-P,5253.83,0.0,0.0,0.0,0.0005,10.0,89.64,0.14014,-0.84304,-0.00717,3e-05,-0.00698
5256.53,BTC-27SEP19,1555671547558,open,0.32,34.5,0.29396173,0.46715118,0.32175003,61.76,0.3375,0.0,BTC-27DEC19-4000-C,5253.83,53.05,0.301,5.0,0.3415,5.0,69.8,12.76109,-1.5646,16.80146,0.00011,0.78494
5253.83,index_price,1555671547557,open,0.0,295.4,0.0,0.0,0.0,99.99,0.0005,0,BTC-26APR19-2000-P,5253.83,0.0,0.0,0.0,0.0005,15.0,283.47,0.0,0.0,0.0,0.0,0.0
5253.83,index_price,1555671547557,open,0.1,0.00597336,0.03578315,0.00641881,51.27,0.0055,0,BTC-26APR19-5625-C,5253.83,48.61,0.0055,17.9,0.0075,16.0,54.25,1.85838,-6.92929,0.16678,0.0007,0.17494
5256.53,BTC-27SEP19,1555671547562,open,0.01,705.9,0.00194354,0.02023498,0.01476644,74.87,0.0135,0.0,BTC-27SEP19-12000-C,5253.83,73.55,0.0135,9.3,0.016,12.0,76.11,5.13741,-1.19549,1.48746,6e-05,0.07897
5253.83,index_price,1555671547557,open,0.2,0.01211434,0.06138167,0.01818385,49.42,0.02,0,BTC-3MAY19-5000-P,5253.83,46.87,0.0165,16.0,0.02,0.8,52.14,3.48953,-6.21459,-0.60961,0.00067,-0.28704
5256.53,BTC-27SEP19,1555671547558,open,0.04,45.9,0.00892047,0.17901052,0.03798215,69.18,0.0415,0.0,BTC-27DEC19-11000-C,5253.83,68.18,0.036,5.0,0.04,9.6,70.17,10.59124,-1.45447,4.3983,8e-05,0.15924
5256.53,BTC-27SEP19,1555671547559,open,0.02,7.6,0.00205188,0.12955901,0.02305227,74.13,0.0235,0.0,BTC-27DEC19-14000-C,5253.83,72.68,0.021,17.0,0.025,12.0,75.44,7.65031,-1.12577,2.78273,5e-05,0.09977
5252.2,BTC-28JUN19,1555671547562,open,0.01,428.2,0.00220524,0.01380016,0.00765125,64.39,0.008,0.0,BTC-28JUN19-3500-P,5253.83,63.06,0.007,0.5,0.0085,12.0,66.05,2.62497,-1.20945,-0.64882,8e-05,-0.05688
5253.83,index_price,1555671547557,open,0.2,0.0137377,0.06594829,0.02032789,49.53,0.0225,0,BTC-3MAY19-5500-C,5253.83,46.22,0.018,16.0,0.0225,16.0,52.56,3.73227,-6.66062,0.62865,0.00072,0.33508
5253.83,index_price,1555671547560,open,0.15,0.0,0.14276316,0.14994112,0.1441521,60.89,None,0,BTC-26APR19-6000-P,5253.83,0.0,0.002,0.1,0.1935,0.3,184.85,0.86894,-3.84747,-1.07209,0.00027,-0.93911
5253.83,index_price,1555671547557,open,0.21,0.0,0.20424027,0.24201863,0.20771233,53.85,None,0,BTC-31MAY19-6250-P,5253.83,0.0,0.0005,0.3,0.0,0.0,0.0,4.90195,-3.15191,-6.10598,0.00029,-0.80529
5255.86,BTC-27SEP19,1555671547559,open,0.01,49.9,0.00085341,0.05024689,0.00660265,69.23,0.008,0.0,BTC-27DEC19-2000-P,5253.83,65.62,0.005,12.0,0.008,1.0,72.0,2.51377,-0.34547,-1.13013,2e-05,-0.02456
5252.2,BTC-28JUN19,1555671547563,open,0.34,146.9,0.33581782,0.34741275,0.34134503,64.55,0.374,0.0,BTC-28JUN19-3500-C,5253.83,0.0,0.037,0.1,0.374,0.1,107.31,2.63853,-1.21876,6.04701,8e-05,0.94275
5255.86,BTC-27SEP19,1555671547563,open,0.0,1666.6,1.115e-05,0.00084325,0.00237481,92.36,0.0035,0.0,BTC-27SEP19-1500-P,5253.83,75.16,0.0005,1.0,0.005,81.2,104.65,0.87703,-0.25177,-0.27164,1e-05,-0.00935
5253.83,index_price,1555671547557,open,0.01,31.5,0.00587719,0.03437635,0.00974706,56.65,0.009,0,BTC-31MAY19-6750-C,5253.83,54.67,0.0085,16.0,0.011,16.0,58.53,3.41434,-2.3095,0.62323,0.00019,0.11314
5255.86,BTC-27SEP19,1555671547560,open,0.08,40.9,0.04120351,0.25849422,0.07439854,62.54,0.08,0.0,BTC-27DEC19-8000-C,5253.83,63.28,0.0765,5.0,0.0825,9.6,65.35,14.98318,-1.86028,7.8769,0.00013,0.29158
5253.83,index_price,1555671547558,open,0.19,1364.1,0.19108343,0.19249749,0.19188922,77.46,0.19,0,BTC-26APR19-4250-C,5253.83,0.0,0.15,6.8,0.2,5.0,128.91,0.3535,-1.99115,0.77969,9e-05,0.9797
5255.86,BTC-27SEP19,1555671547558,open,0.03,91.0,0.01264127,0.12645204,0.02938489,63.96,0.035,0.0,BTC-27DEC19-3000-P,5253.83,62.58,0.0275,12.0,0.032,17.0,65.82,7.27855,-0.92411,-4.44762,6e-05,-0.09324
5253.83,index_price,1555671547558,open,0.01,136.9,0.00765431,0.03455959,0.01092333,55.47,0.0105,0,BTC-31MAY19-4250-P,5253.83,54.8,0.0105,0.1,0.0115,6.0,56.36,3.36266,-2.2271,-0.73344,0.00019,-0.11076
5252.2,BTC-28JUN19,1555671547564,open,0.0,780.5,0.0,3.24e-06,0.00026215,100.01,0.0005,0.0,BTC-28JUN19-20000-C,5253.83,0.0,0.0,0.0,0.001,12.4,113.2,0.16392,-0.1173,0.02026,0.0,0.00228
5252.2,BTC-28JUN19,1555671547564,open,0.0,300.5,2.7e-07,0.00021138,0.00156778,91.92,0.001,0.0,BTC-28JUN19-14000-C,5253.83,81.22,0.0005,10.0,0.003,50.0,99.79,0.75186,-0.49455,0.11153,2e-05,0.01266
5255.86,BTC-27SEP19,1555671547564,open,0.14,263.6,0.12349144,0.19182263,0.14160272,60.86,0.1445,0.0,BTC-27SEP19-5500-C,5253.83,59.49,0.138,7.2,0.145,7.2,62.14,13.86463,-2.62236,9.12965,0.00019,0.53571
5255.86,BTC-27SEP19,1555671547558,open,0.54,0.0,0.52847625,0.60899342,0.53951758,66.32,None,0.0,BTC-27DEC19-2500-C,5253.83,0.0,0.0,0.0,0.0,0.0,0.0,4.65796,-0.61326,14.80907,4e-05,0.94783
5253.83,index_price,1555671547560,open,0.62,0.0,0.61932533,0.61932533,0.61937387,226.14,None,0,BTC-26APR19-2000-C,5253.83,0.0,0.5645,12.9,0.0,0.0,0.0,0.01385,-0.22772,0.37616,0.0,0.99946
5255.86,BTC-27SEP19,1555671547560,open,0.08,87.3,0.05495166,0.22816657,0.08270755,61.75,0.08,0.0,BTC-27DEC19-4000-P,5253.83,60.84,0.0805,9.6,0.086,14.6,63.1,12.76124,-1.56422,-10.80183,0.00011,-0.21512
5253.83,index_price,1555671547560,open,0.01,223.6,0.00921723,0.02525812,0.00871325,48.77,0.0085,0,BTC-26APR19-5000-P,5253.83,48.24,0.0085,16.0,0.01,10.0,51.88,2.13326,-7.56528,-0.22603,0.00084,-0.21967
5255.86,BTC-27SEP19,1555671547561,open,1.32,0.0,1.28858158,1.4431756,1.31442576,70.75,None,0.0,BTC-27DEC19-12000-P,5253.83,0.0,0.0,0.0,0.0,0.0,0.0,9.39858,-1.32,-79.10664,7e-05,-0.86668
5255.86,BTC-27SEP19,1555671547560,open,0.39,5.8,0.36307357,0.50867177,0.38591667,62.71,0.385,0.0,BTC-27DEC19-3500-C,5253.83,54.08,0.37,1.0,0.495,1.0,113.79,10.13203,-1.26125,16.87016,8e-05,0.85105
5253.83,index_price,1555671547559,open,0.43,5.9,0.428988,0.42898801,0.42906131,139.87,0.4005,0,BTC-26APR19-3000-C,5253.83,0.0,0.364,9.0,0.0,0.0,0.0,0.03056,-0.31081,0.56378,0.0,0.99871
