underlying_price,underlying_index,timestamp,state,settlement_price,open_interest,min_price,max_price,mark_price,mark_iv,last_price,interest_rate,instrument_name,index_price,bid_iv,best_bid_price,best_bid_amount,best_ask_price,best_ask_amount,ask_iv,vega,theta,rho,gamma,delta
186.58,SYN.ETH-27MAR20,1568372340048,open,0.07,49.0,0.034,0.113,0.07294,89.48,0.078,0.0,ETH-27MAR20-360-C,179.08,87.33,0.068,520.0,0.078,332.0,91.63,0.4342,-0.09917,0.17713,0.0026,0.24985
181.52,SYN.ETH-25OCT19,1568372340058,open,0.01,2304.0,0.001,0.015,0.005541,78.54,0.009,0.0,ETH-25OCT19-120-P,179.08,69.42,0.003,660.0,0.008,660.0,85.41,0.05894,-0.05528,-0.01066,0.00199,-0.04564
10722.17,SYN.BTC-27MAR20,1568372340079,open,0.19,105.0,0.1335,0.2335,0.18557778,78.82,0.19,0.0,BTC-27MAR20-12000-C,10299.93,78.62,0.185,9.5,0.191,26.0,80.69,31.19819,-6.27721,20.24001,6e-05,0.53733
10722.17,SYN.BTC-27MAR20,1568372340093,open,0.02,23.2,0.005,0.044,0.01966102,87.9,0.019,0.0,BTC-27MAR20-32000-C,10299.93,86.4,0.018,5.0,0.0205,16.0,88.63,12.15733,-2.72784,3.72486,2e-05,0.0844
179.61,SYN.ETH-20SEP19,1568372340113,open,0.0,1002.0,0.001,0.011,0.000992,100.01,0.001,0.0,ETH-20SEP19-240-C,179.08,0.0,0.0,0.0,0.002,508.0,111.68,0.0122,-0.08873,0.00066,0.00201,0.02052
184.6,ETH-27DEC19,1568372340121,open,0.47,0.0,0.446,0.49,0.468617,79.39,None,0.0,ETH-27DEC19-100-C,179.08,0.0,0.0,0.0,0.0,0.0,0.0,0.10064,-0.03809,0.25579,0.00129,0.95087
181.52,SYN.ETH-25OCT19,1568372340125,open,0.25,3.0,0.217,0.276,0.248225,77.5,0.271,0.0,ETH-25OCT19-140-C,179.08,0.0,0.0,0.0,0.0,0.0,0.0,0.13091,-0.12114,0.12923,0.00447,0.86878
179.61,SYN.ETH-20SEP19,1568372340137,open,0.12,1.0,0.085,0.157,0.120528,71.01,0.14,0.0,ETH-20SEP19-200-P,179.08,0.0,0.0,0.0,0.119,1.0,65.91,0.0564,-0.29122,-0.03298,0.01307,-0.85419
179.61,SYN.ETH-20SEP19,1568372340148,open,0.33,0.0,0.312,0.352,0.332199,119.86,None,0.0,ETH-20SEP19-120-C,179.08,0.0,0.0,0.0,0.0,0.0,0.0,0.00397,-0.0346,0.0224,0.00054,0.99436
10331.54,SYN.BTC-20SEP19,1568372340167,open,0.13,0.0,0.1115,0.1515,0.13156959,68.05,None,0.0,BTC-20SEP19-9000-C,10299.93,0.0,0.1285,10.0,0.0,0.0,0.0,1.77139,-8.76642,1.56604,0.00013,0.93623
10722.17,SYN.BTC-27MAR20,1568372340179,open,0.47,3.7,0.447,0.4995,0.47320472,77.31,0.46,0.0,BTC-27MAR20-6000-C,10299.93,66.22,0.4605,6.0,0.4845,6.0,85.97,13.31629,-2.62793,24.82287,3e-05,0.90461
186.58,SYN.ETH-27MAR20,1568372340208,open,0.06,379.0,0.025,0.095,0.058136,90.52,0.064,0.0,ETH-27MAR20-400-C,179.08,88.51,0.054,520.0,0.062,32.0,92.35,0.39008,-0.09013,0.1486,0.00231,0.20654
179.61,SYN.ETH-20SEP19,1568372340212,open,0.0,104.0,0.001,0.013,0.003287,75.87,0.003,0.0,ETH-20SEP19-210-C,179.08,68.27,0.002,500.0,0.004,20.0,79.4,0.03441,-0.18985,0.00238,0.00746,0.07364
180.15,ETH-27SEP19,1568372340214,open,0.01,2408.0,0.001,0.023,0.008909,81.97,0.012,0.0,ETH-27SEP19-220-C,179.08,79.6,0.008,1.0,0.01,200.0,84.69,0.07064,-0.20866,0.00767,0.00698,0.12092
10438.98,SYN.BTC-25OCT19,1568372340259,open,0.01,259.2,0.0025,0.028,0.01232182,78.08,0.0125,0.0,BTC-25OCT19-15000-C,10299.93,75.92,0.011,10.0,0.012,50.0,77.57,6.55213,-6.10868,1.14331,7e-05,0.10779
184.6,ETH-27DEC19,1568372340285,open,0.04,1031.0,0.013,0.064,0.036507,87.9,0.032,0.0,ETH-27DEC19-320-C,179.08,86.07,0.034,100.0,0.039,332.0,89.68,0.25571,-0.10717,0.07382,0.00297,0.17569
180.15,ETH-27SEP19,1568372340289,open,2.99,0.0,2.881,3.12,2.996669,120.0,None,0.0,ETH-27SEP19-720-P,179.08,0.0,0.0,0.0,0.0,0.0,0.0,0.0,0.0,-0.27371,0.0,-1.0
180.15,ETH-27SEP19,1568372340291,open,0.13,647.0,0.095,0.156,0.126956,72.87,0.125,0.0,ETH-27SEP19-160-C,179.08,66.96,0.124,40.0,0.131,40.0,80.45,0.09296,-0.24409,0.04729,0.01034,0.81752
180.15,ETH-27SEP19,1568372340314,open,0.0,3873.0,0.001,0.013,0.003512,86.35,0.003,0.0,ETH-27SEP19-240-C,179.08,77.95,0.002,701.0,0.005,200.0,92.76,0.03775,-0.11746,0.00337,0.00354,0.05266
180.15,ETH-27SEP19,1568372340316,open,3.21,0.0,3.096,3.348,3.218707,120.0,None,0.0,ETH-27SEP19-760-P,179.08,0.0,0.0,0.0,0.0,0.0,0.0,0.0,0.0,-0.28892,0.0,-1.0
184.6,ETH-27DEC19,1568372340323,open,0.06,1478.0,0.024,0.087,0.054687,85.39,0.054,0.0,ETH-27DEC19-280-C,179.08,83.2,0.051,240.0,0.058,332.0,87.33,0.31301,-0.12743,0.10246,0.00374,0.24786
180.15,ETH-27SEP19,1568372340325,open,2.77,0.0,2.665,2.891,2.774632,120.0,None,0.0,ETH-27SEP19-680-P,179.08,0.0,0.0,0.0,0.0,0.0,0.0,0.0,0.0,-0.25851,0.0,-1.0
184.6,ETH-27DEC19,1568372340331,open,0.06,1130.0,0.029,0.086,0.056877,79.39,0.054,0.0,ETH-27DEC19-140-P,179.08,76.74,0.053,106.0,0.057,32.0,79.47,0.27211,-0.10299,-0.13316,0.0035,-0.19417
181.52,SYN.ETH-25OCT19,1568372340331,open,0.05,110.0,0.024,0.078,0.050015,77.5,0.05,0.0,ETH-25OCT19-160-P,179.08,73.9,0.046,768.0,0.053,400.0,80.16,0.2034,-0.18822,-0.0667,0.00694,-0.27028
10331.56,SYN.BTC-20SEP19,1568372340356,open,0.16,1.0,0.1395,0.1915,0.16413847,69.99,0.2095,0.0,BTC-20SEP19-12000-P,10299.93,0.0,0.161,9.0,0.1835,6.0,131.19,1.80782,-9.20063,-2.13826,0.00013,-0.93454
10363.77,BTC-27SEP19,1568372340504,open,0.05,84.5,0.0225,0.071,0.04691334,68.03,0.047,0.0,BTC-27SEP19-10500-C,10299.93,65.57,0.045,0.1,0.0475,0.1,68.79,8.05721,-19.75114,1.73461,0.00029,0.48718
10331.56,SYN.BTC-20SEP19,1568372340511,open,0.0,123.9,0.0005,0.0105,0.00046617,93.99,0.001,0.0,BTC-20SEP19-14000-C,10299.93,0.0,0.0,0.0,0.001,10.8,104.14,0.4102,-2.8038,0.02047,2e-05,0.01099
181.52,SYN.ETH-25OCT19,1568372340547,open,0.07,428.0,0.037,0.099,0.068527,79.28,0.07,0.0,ETH-25OCT19-200-C,179.08,75.83,0.064,379.0,0.073,379.0,82.67,0.23906,-0.22629,0.07117,0.00798,0.41029
10331.56,SYN.BTC-20SEP19,1568372340555,open,0.0,126.9,0.0005,0.0125,0.00269144,68.07,0.003,0.0,BTC-20SEP19-9000-P,10299.93,63.74,0.002,11.0,0.0035,30.0,72.48,1.77232,-8.77332,-0.12943,0.00013,-0.06381
10722.18,SYN.BTC-27MAR20,1568372340565,open,2.0,0.0,1.932,2.085,2.00414043,87.91,None,0.0,BTC-27MAR20-32000-P,10299.93,0.0,0.0005,10.0,0.0,0.0,0.0,12.16115,-2.72901,-168.00039,2e-05,-0.91557
10331.56,SYN.BTC-20SEP19,1568372340570,open,0.01,97.2,0.0005,0.023,0.00821066,64.35,0.008,0.0,BTC-20SEP19-11250-C,10299.93,59.39,0.0065,31.0,0.009,24.0,66.52,3.70472,-17.33655,0.33193,0.00029,0.17876
10363.77,BTC-27SEP19,1568372340599,open,0.06,155.2,0.033,0.0875,0.0600637,68.04,0.0605,0.0,BTC-27SEP19-10500-P,10299.93,65.39,0.058,0.1,0.0625,0.9,71.17,8.05721,-19.75474,-2.25702,0.00029,-0.51281
10439.02,SYN.BTC-25OCT19,1568372340644,open,0.45,0.0,0.4135,0.4885,0.44924999,78.1,None,0.0,BTC-25OCT19-15000-P,10299.93,0.0,0.0,0.0,0.0,0.0,0.0,6.55496,-6.11267,-16.06524,7e-05,-0.89215
10722.18,SYN.BTC-27MAR20,1568372340656,open,0.03,80.5,0.015,0.0545,0.03279511,77.31,0.036,0.0,BTC-27MAR20-6000-P,10299.93,75.85,0.031,30.0,0.0335,6.0,77.88,13.31657,-2.62805,-7.37615,3e-05,-0.0954
10439.02,SYN.BTC-25OCT19,1568372340675,open,0.08,66.0,0.045,0.104,0.0751266,72.05,0.0785,0.0,BTC-25OCT19-11000-C,10299.93,71.21,0.074,7.0,0.076,0.1,72.7,14.04581,-12.08275,4.64722,0.00016,0.46316
10439.02,SYN.BTC-25OCT19,1568372340680,open,0.0,255.1,0.0005,0.0115,0.00188987,82.61,0.0025,0.0,BTC-25OCT19-6000-P,10299.93,79.69,0.0015,10.0,0.003,52.0,89.29,1.49396,-1.47362,-0.22675,1e-05,-0.01704
184.6,ETH-27DEC19,1568372340689,open,0.07,208.0,0.033,0.102,0.067675,83.93,0.072,0.0,ETH-27DEC19-260-C,179.08,81.38,0.063,300.0,0.072,332.0,86.25,0.34187,-0.13679,0.12103,0.00416,0.29586
181.52,SYN.ETH-25OCT19,1568372340689,open,0.04,26.0,0.018,0.069,0.042305,80.51,0.045,0.0,ETH-25OCT19-220-C,179.08,77.61,0.039,652.0,0.046,434.0,83.69,0.20866,-0.20058,0.0505,0.00686,0.28478
10722.18,SYN.BTC-27MAR20,1568372340705,open,0.08,103.8,0.043,0.127,0.08328067,82.73,0.085,0.0,BTC-27MAR20-18000-C,10299.93,81.62,0.0805,6.0,0.085,14.9,83.41,26.91078,-5.6831,11.92646,5e-05,0.29055
186.58,SYN.ETH-27MAR20,1568372340725,open,0.03,46.0,0.011,0.063,0.03323,94.06,0.033,0.0,ETH-27MAR20-520-C,179.08,91.88,0.03,200.0,0.036,40.0,95.84,0.28374,-0.06813,0.09341,0.00161,0.12652
10331.56,SYN.BTC-20SEP19,1568372340758,open,0.0,3.5,0.0005,0.0105,0.00050371,104.21,0.001,0.0,BTC-20SEP19-14500-C,10299.93,0.0,0.0,0.0,0.001,10.0,114.09,0.40332,-3.05645,0.01999,2e-05,0.01077
10331.56,SYN.BTC-20SEP19,1568372340772,open,0.0,128.7,0.0005,0.011,0.0012174,73.05,0.0025,0.0,BTC-20SEP19-12500-C,10299.93,70.72,0.001,11.6,0.0015,31.0,75.73,1.02179,-5.42826,0.06021,7e-05,0.03215
10722.18,SYN.BTC-27MAR20,1568372340785,open,0.04,55.5,0.0155,0.0755,0.04155201,85.0,0.042,0.0,BTC-27MAR20-24000-C,10299.93,83.85,0.0395,6.0,0.0425,14.9,85.53,19.33663,-4.1957,6.98251,4e-05,0.1629
10363.77,BTC-27SEP19,1568372340788,open,0.05,84.5,0.0225,0.071,0.04691334,68.03,0.047,0.0,BTC-27SEP19-10500-C,10299.93,64.93,0.0445,2.3,0.0475,0.1,68.79,8.05721,-19.75114,1.73461,0.00029,0.48718
10363.77,BTC-27SEP19,1568372340789,open,0.05,84.5,0.0225,0.071,0.04691334,68.03,0.047,0.0,BTC-27SEP19-10500-C,10299.93,64.93,0.0445,13.0,0.0475,0.1,68.79,8.05721,-19.75114,1.73461,0.00029,0.48718
10331.56,SYN.BTC-20SEP19,1568372340833,open,0.02,152.2,0.002,0.03,0.01234506,63.31,0.014,0.0,BTC-20SEP19-11000-C,10299.93,60.18,0.011,5.2,0.013,1.0,64.81,4.49537,-20.6968,0.46035,0.00035,0.24888
10722.18,SYN.BTC-27MAR20,1568372340877,open,0.3,33.8,0.245,0.3615,0.30475773,78.82,0.315,0.0,BTC-27MAR20-12000-P,10299.93,75.13,0.294,16.0,0.308,4.9,79.94,31.19819,-6.27732,-44.15748,6e-05,-0.46266
10439.02,SYN.BTC-25OCT19,1568372340880,open,0.63,0.0,0.598,0.6735,0.63380308,81.13,None,0.0,BTC-25OCT19-17000-P,10299.93,0.0,0.0,0.0,0.0,0.0,0.0,3.6928,-3.57724,-18.95885,4e-05,-0.94921
10331.56,SYN.BTC-20SEP19,1568372340888,open,0.35,0.0,0.329,0.385,0.35554339,94.16,None,0.0,BTC-20SEP19-14000-P,10299.93,0.0,0.0,0.0,0.0,0.0,0.0,0.41415,-2.83566,-2.61656,2e-05,-0.98889
10331.56,SYN.BTC-20SEP19,1568372340910,open,0.0,0.0,0.0005,0.0105,0.00077768,109.91,None,0.0,BTC-20SEP19-7500-P,10299.93,0.0,0.0,0.0,0.0015,10.0,121.72,0.50448,-4.03217,-0.02866,2e-05,-0.01395
10331.56,SYN.BTC-20SEP19,1568372340960,open,0.09,9.1,0.065,0.111,0.08757892,62.36,0.09,0.0,BTC-20SEP19-9500-C,10299.93,49.96,0.084,9.0,0.0905,15.0,70.85,3.35132,-15.19642,1.47782,0.00027,0.84691
10439.02,SYN.BTC-25OCT19,1568372340979,open,0.34,2.0,0.3175,0.3535,0.33516951,76.86,0.337,0.0,BTC-25OCT19-7000-C,10299.93,40.7,0.3295,6.0,0.3485,6.0,105.33,3.52612,-3.23617,7.38818,4e-05,0.95206
10608.33,BTC-27DEC19,1568372341016,open,0.0,384.1,0.0005,0.011,0.001019,102.21,0.003,0.0,BTC-27DEC19-3000-P,10299.95,93.74,0.0005,19.1,0.0015,10.0,107.68,0.8152,-0.39725,-0.182,0.0,-0.00495
10363.81,BTC-27SEP19,1568372341016,open,1.5,0.0,1.46,1.56,1.50876009,136.84,None,0.0,BTC-27SEP19-26000-P,10299.95,0.0,0.0,0.0,0.0,0.0,0.0,0.03324,-0.16388,-9.88236,0.0,-0.99954
10363.81,BTC-27SEP19,1568372341016,open,0.01,1396.2,0.0005,0.025,0.01044153,71.23,0.0115,0.0,BTC-27SEP19-9000-P,10299.95,71.36,0.0105,7.8,0.0125,68.7,75.85,4.47273,-11.47957,-0.58824,0.00015,-0.13886
10363.81,BTC-27SEP19,1568372341016,open,0.0,406.8,0.0005,0.0105,0.0,120.0,0.0005,0.0,BTC-27SEP19-2500-P,10299.95,0.0,0.0,0.0,0.0005,30.0,289.09,0.0,0.0,0.0,0.0,0.0
10363.81,BTC-27SEP19,1568372341016,open,0.59,9.1,0.58,0.5995,0.58991723,0.0,0.6095,0.0,BTC-27SEP19-4250-C,10299.95,0.0,0.005,0.1,0.8005,2.0,500.0,0.0,0.0,1.61566,0.0,1.0
10608.33,BTC-27DEC19,1568372341016,open,0.13,473.0,0.0875,0.1685,0.12840132,75.34,0.1225,0.0,BTC-27DEC19-10000-P,10299.95,73.4,0.1245,21.0,0.131,20.6,76.63,21.35145,-7.6693,-15.00468,9e-05,-0.36386
10608.33,BTC-27DEC19,1568372341016,open,0.01,414.5,0.0005,0.024,0.0094388,84.44,0.0095,0.0,BTC-27DEC19-24000-C,10299.95,81.99,0.008,44.0,0.01,24.0,85.33,6.53671,-2.63136,1.46,2e-05,0.05734
10608.33,BTC-27DEC19,1568372341016,open,0.08,578.9,0.0505,0.1185,0.08398291,75.34,0.083,0.0,BTC-27DEC19-9000-P,10299.95,73.38,0.0805,24.0,0.0855,16.0,76.19,18.84521,-6.76906,-10.82779,8e-05,-0.27125
10608.33,BTC-27DEC19,1568372341016,open,0.03,265.7,0.0105,0.046,0.02621524,76.05,0.0265,0.0,BTC-27DEC19-7000-P,10299.95,74.34,0.0245,32.9,0.0275,32.3,77.31,10.73053,-3.89065,-4.16863,4e-05,-0.11055
10363.81,BTC-27SEP19,1568372341016,open,0.57,289.7,0.556,0.5755,0.56579903,112.14,0.588,0.0,BTC-27SEP19-4500-C,10299.95,0.0,0.002,1.1,0.0,0.0,0.0,0.00364,-0.01471,1.71052,0.0,0.99996
10608.33,BTC-27DEC19,1568372341016,open,0.41,63.0,0.3835,0.4285,0.40562782,76.99,0.4965,0.0,BTC-27DEC19-6500-C,10299.95,46.16,0.389,8.0,0.426,8.0,98.62,8.59503,-3.15501,15.62445,3e-05,0.91822
10608.33,BTC-27DEC19,1568372341016,open,1.27,0.0,1.2205,1.3295,1.27181825,84.45,None,0.0,BTC-27DEC19-24000-P,10299.95,0.0,0.006,1.0,1.999,0.2,500.0,6.53928,-2.63271,-67.49868,2e-05,-0.94263
10363.81,BTC-27SEP19,1568372341016,open,0.76,55.9,0.749,0.7685,0.75877341,0.0,0.689,0.0,BTC-27SEP19-2500-C,10299.95,0.0,0.0045,10.0,0.859,2.0,500.0,0.0,0.0,0.95039,0.0,1.0
10363.81,BTC-27SEP19,1568372341016,open,0.23,860.2,0.213,0.2495,0.23067611,79.03,0.211,0.0,BTC-27SEP19-8000-C,10299.95,0.0,0.2195,6.0,0.2435,6.0,124.13,1.72185,-4.90347,2.8756,5e-05,0.96055
10363.81,BTC-27SEP19,1568372341016,open,0.0,49.2,0.0005,0.0105,1e-08,120.0,0.0015,0.0,BTC-27SEP19-3250-P,10299.95,0.0,0.0,0.0,0.0005,40.0,237.42,2e-05,-9e-05,0.0,0.0,0.0
10363.81,BTC-27SEP19,1568372341016,open,0.66,261.1,0.6525,0.672,0.66228282,0.0,0.714,0.0,BTC-27SEP19-3500-C,10299.95,0.0,0.161,1.0,0.7435,0.1,500.0,0.0,0.0,1.33055,0.0,1.0
10363.81,BTC-27SEP19,1568372341016,open,0.0,684.0,0.0005,0.0105,2.2e-07,120.0,0.0005,0.0,BTC-27SEP19-30000-C,10299.95,0.0,0.0,0.0,0.001,38.0,209.66,0.00045,-0.00194,2e-05,0.0,0.0
10363.81,BTC-27SEP19,1568372341016,open,0.19,4.1,0.1645,0.2055,0.18488447,73.94,0.169,0.0,BTC-27SEP19-8500-C,10299.95,0.0,0.1775,6.0,0.193,10.1,97.48,2.82871,-7.53685,2.92024,9e-05,0.92609
10363.81,BTC-27SEP19,1568372341016,open,0.02,234.5,0.0045,0.037,0.01839134,69.92,0.0185,0.0,BTC-27SEP19-11500-C,10299.95,67.62,0.017,13.6,0.019,24.0,70.91,6.33228,-15.95484,0.88716,0.00022,0.24357
10363.81,BTC-27SEP19,1568372341016,open,0.52,789.2,0.508,0.5275,0.51758768,118.71,0.5015,0.0,BTC-27SEP19-5000-C,10299.95,0.0,0.051,1.0,0.0,0.0,0.0,0.03908,-0.16718,1.89848,0.0,0.99945
10363.81,BTC-27SEP19,1568372341016,open,0.0,146.6,0.0005,0.0105,3.56e-06,120.0,0.0005,0.0,BTC-27SEP19-26000-C,10299.95,0.0,0.0,0.0,0.001,34.0,185.7,0.00559,-0.02417,0.00026,0.0,7e-05
10608.35,BTC-27DEC19,1568372341016,open,0.0,126.2,0.0005,0.0105,0.00039919,120.0,0.0005,0.0,BTC-27DEC19-2000-P,10299.95,0.0,0.0,0.0,0.001,10.0,133.78,0.32356,-0.18511,-0.06629,0.0,-0.00178
10363.81,BTC-27SEP19,1568372341016,open,0.0,670.6,0.0005,0.0105,5.888e-05,120.0,0.0005,0.0,BTC-27SEP19-22000-C,10299.95,0.0,0.0,0.0,0.001,34.0,156.92,0.06597,-0.28525,0.00358,0.0,0.00097
10363.81,BTC-27SEP19,1568372341016,open,0.01,295.5,0.0005,0.015,0.00505488,73.97,0.0055,0.0,BTC-27SEP19-8500-P,10299.95,75.57,0.0055,30.1,0.006,1.0,77.29,2.83101,-7.54623,-0.31144,9e-05,-0.07399
10363.81,BTC-27SEP19,1568372341016,open,0.0,586.8,0.0005,0.0105,0.0,120.0,0.0005,0.0,BTC-27SEP19-3000-P,10299.95,0.0,0.0,0.0,0.0005,32.0,253.12,0.0,-1e-05,0.0,0.0,0.0
10608.35,BTC-27DEC19,1568372341016,open,0.77,0.0,0.7555,0.775,0.76516995,113.52,None,0.0,BTC-27DEC19-2500-C,10299.95,0.0,0.0205,0.1,0.952,0.5,500.0,0.62619,-0.3389,7.04549,0.0,0.99631
10608.35,BTC-27DEC19,1568372341016,open,0.33,91.7,0.3,0.3575,0.32932818,75.34,0.327,0.0,BTC-27DEC19-7500-C,10299.95,60.28,0.3125,8.0,0.355,8.0,94.96,12.92768,-4.64336,16.0397,5e-05,0.85555
10608.35,BTC-27DEC19,1568372341016,open,0.05,585.4,0.025,0.077,0.04963937,75.34,0.0475,0.0,BTC-27DEC19-8000-P,10299.95,73.48,0.047,36.3,0.05,1.0,75.59,15.12127,-5.43146,-7.11778,6e-05,-0.18388
10608.35,BTC-27DEC19,1568372341016,open,1.09,4.9,1.0375,1.1435,1.08756334,83.52,1.0385,0.0,BTC-27DEC19-22000-P,10299.95,0.0,0.006,2.0,1.82,0.3,499.83,8.45029,-3.36483,-61.19396,3e-05,-0.92004
10363.81,BTC-27SEP19,1568372341016,open,0.93,0.0,0.892,0.971,0.93005064,120.96,0.691,0.0,BTC-27SEP19-20000-P,10299.95,0.0,0.0045,10.0,1.119,0.2,500.0,0.22845,-0.9957,-7.58918,0.0,-0.9962
10608.35,BTC-27DEC19,1568372341016,open,0.01,247.0,0.0005,0.0155,0.00496726,86.78,0.0055,0.0,BTC-27DEC19-28000-C,10299.95,84.08,0.004,38.0,0.0055,0.7,88.13,4.06914,-1.68358,0.82044,1e-05,0.03188
10608.35,BTC-27DEC19,1568372341016,open,0.86,0.1,0.849,0.8685,0.85867765,119.91,0.868,0.0,BTC-27DEC19-1500-C,10299.95,0.0,0.8505,1.0,0.867,1.0,223.02,0.07894,-0.04513,4.29598,0.0,0.99962
10363.81,BTC-27SEP19,1568372341017,open,0.45,26.6,0.4195,0.4805,0.44835822,86.54,0.44,0.0,BTC-27SEP19-15000-P,10299.95,0.0,0.4245,5.0,0.468,3.0,158.08,0.87597,-2.73158,-5.63714,2e-05,-0.98244
10608.35,BTC-27DEC19,1568372341017,open,0.01,273.0,0.0035,0.032,0.0137155,83.51,0.015,0.0,BTC-27DEC19-22000-C,10299.95,82.6,0.013,1.0,0.014,24.0,83.86,8.44705,-3.36305,2.01785,3e-05,0.07992
10363.81,BTC-27SEP19,1568372341017,open,0.0,573.4,0.0005,0.0105,0.00057771,92.2,0.0005,0.0,BTC-27SEP19-16000-C,10299.95,0.0,0.0,0.0,0.001,45.0,98.84,0.53931,-1.79183,0.03719,1e-05,0.01002
10608.35,BTC-27DEC19,1568372341017,open,0.0,440.1,0.0005,0.011,0.00148615,95.76,0.002,0.0,BTC-27DEC19-40000-C,10299.95,91.83,0.001,30.5,0.002,34.0,99.01,1.50663,-0.68787,0.25746,0.0,0.00993
10608.35,BTC-27DEC19,1568372341017,open,0.15,668.3,0.1035,0.184,0.14516453,75.34,0.1475,0.0,BTC-27DEC19-11000-C,10299.95,73.85,0.142,16.1,0.147,29.4,76.2,22.54331,-8.09724,12.17668,9e-05,0.54465
10608.35,BTC-27DEC19,1568372341017,open,0.09,300.2,0.0525,0.1275,0.09001624,76.79,0.096,0.0,BTC-27DEC19-13000-C,10299.95,75.56,0.0875,8.0,0.0915,36.3,77.51,21.76333,-7.9677,9.04125,9e-05,0.38664
10608.35,BTC-27DEC19,1568372341017,open,0.01,331.1,0.0005,0.0195,0.00693331,85.96,0.007,0.0,BTC-27DEC19-26000-C,10299.95,83.98,0.006,52.0,0.0075,24.0,87.09,5.21136,-2.13571,1.10416,2e-05,0.04316
10608.35,BTC-27DEC19,1568372341017,open,0.81,0.0,0.802,0.8215,0.81186756,119.97,None,0.0,BTC-27DEC19-2000-C,10299.95,0.0,0.0145,0.2,0.958,0.5,500.0,0.32304,-0.18477,5.68045,0.0,0.99823
10608.35,BTC-27DEC19,1568372341017,open,0.01,295.5,0.0005,0.0185,0.00813022,79.69,0.0085,0.0,BTC-27DEC19-5500-P,10299.95,77.15,0.007,38.0,0.0095,51.0,82.54,4.89458,-1.85964,-1.46534,2e-05,-0.03994
10608.35,BTC-27DEC19,1568372341017,open,1.64,0.1,1.589,1.7065,1.64440996,86.82,1.49,0.0,BTC-27DEC19-28000-P,10299.95,0.0,0.001,1.0,0.0,0.0,0.0,4.07568,-1.68692,-79.63064,1e-05,-0.96805
10608.35,BTC-27DEC19,1568372341017,open,0.32,111.9,0.2645,0.3655,0.31547178,76.79,0.358,0.0,BTC-27DEC19-13000-P,10299.95,73.63,0.309,16.0,0.324,5.0,80.93,21.76349,-7.96805,-28.31161,9e-05,-0.61336
10363.81,BTC-27SEP19,1568372341017,open,0.0,680.9,0.0005,0.0105,0.00048443,110.97,0.001,0.0,BTC-27SEP19-18000-C,10299.95,0.0,0.0,0.0,0.001,34.0,120.91,0.40756,-1.62979,0.02677,1e-05,0.00728
10363.81,BTC-27SEP19,1568372341017,open,1.12,0.2,1.0815,1.1665,1.12285287,123.1,1.391,0.0,BTC-27SEP19-22000-P,10299.95,0.0,0.0045,10.0,0.0,0.0,0.0,0.0853,-0.37835,-8.35871,0.0,-0.99872
10363.81,BTC-27SEP19,1568372341017,open,0.09,318.0,0.0615,0.1205,0.09118839,68.86,0.09,0.0,BTC-27SEP19-11000-P,10299.95,63.73,0.0875,27.0,0.0945,18.0,73.4,7.50946,-18.63236,-2.90747,0.00027,-0.64677
10363.81,BTC-27SEP19,1568372341017,open,0.0,125.2,0.0005,0.0105,2.1e-07,120.0,0.0005,0.0,BTC-27SEP19-3750-P,10299.95,0.0,0.0,0.0,0.0005,30.0,209.44,0.00038,-0.00166,-2e-05,0.0,0.0
10608.35,BTC-27DEC19,1568372341017,open,0.19,478.9,0.144,0.2235,0.18574321,75.34,0.1835,0.0,BTC-27DEC19-10000-C,10299.95,73.98,0.183,8.0,0.1865,14.0,75.72,21.35147,-7.66913,13.72853,9e-05,0.63614
10608.35,BTC-27DEC19,1568372341017,open,2.77,0.0,2.697,2.853,2.77211858,95.89,2.58,0.0,BTC-27DEC19-40000-P,10299.95,0.0,0.0005,10.0,0.0,0.0,0.0,1.51964,-0.69471,-114.67236,0.0,-0.98997
10608.35,BTC-27DEC19,1568372341017,open,0.3,224.4,0.2625,0.3265,0.29551289,75.34,0.291,0.0,BTC-27DEC19-8000-C,10299.95,70.34,0.2885,8.0,0.3055,14.2,82.22,15.12105,-5.43121,15.86892,6e-05,0.81613
10363.81,BTC-27SEP19,1568372341017,open,0.0,761.0,0.0005,0.0105,6e-08,120.0,0.0005,0.0,BTC-27SEP19-32000-C,10299.95,0.0,0.0,0.0,0.001,34.0,220.27,0.00013,-0.00055,0.0,0.0,0.0
10608.35,BTC-27DEC19,1568372341017,open,0.0,479.0,0.0005,0.012,0.00203002,88.18,0.002,0.0,BTC-27DEC19-4000-P,10299.95,84.35,0.0015,34.0,0.0025,1.0,91.07,1.61146,-0.67746,-0.38891,1e-05,-0.01073
10363.81,BTC-27SEP19,1568372341017,open,0.0,608.8,0.0005,0.0145,0.00443438,75.61,0.004,0.0,BTC-27SEP19-13000-C,10299.95,71.89,0.0035,15.0,0.0045,30.0,75.86,2.76262,-7.52729,0.26488,9e-05,0.07167
10363.81,BTC-27SEP19,1568372341017,open,0.0,795.8,0.0005,0.0105,0.00023793,120.0,0.0005,0.0,BTC-27SEP19-20000-C,10299.95,0.0,0.0,0.0,0.001,34.0,140.03,0.21467,-0.92824,0.01302,0.0,0.00354
10363.81,BTC-27SEP19,1568372341017,open,1.31,0.2,1.2705,1.363,1.31578972,128.38,1.6,0.0,BTC-27SEP19-24000-P,10299.95,0.0,0.0,0.0,0.0,0.0,0.0,0.0438,-0.20261,-9.12146,0.0,-0.99938
10363.81,BTC-27SEP19,1568372341017,open,0.0,1107.7,0.0005,0.0105,2.43e-06,120.0,0.001,0.0,BTC-27SEP19-4250-P,10299.95,0.0,0.0,0.0,0.001,34.0,201.69,0.00361,-0.01563,-0.00018,0.0,-4e-05
10363.81,BTC-27SEP19,1568372341017,open,0.17,108.2,0.14,0.2,0.16922621,71.6,0.1675,0.0,BTC-27SEP19-12000-P,10299.95,40.99,0.159,8.1,0.179,7.0,89.76,4.98627,-12.86511,-3.96245,0.00017,-0.83651
10608.35,BTC-27DEC19,1568372341017,open,0.0,513.5,0.0005,0.012,0.00213084,93.24,0.0015,0.0,BTC-27DEC19-36000-C,10299.95,89.54,0.0015,40.0,0.0025,24.0,95.05,2.03999,-0.90681,0.36439,1e-05,0.01409
10363.81,BTC-27SEP19,1568372341017,open,0.0,350.4,0.0005,0.0105,1.757e-05,120.0,0.0005,0.0,BTC-27SEP19-4750-P,10299.95,0.0,0.0,0.0,0.0005,26.9,163.37,0.02088,-0.09027,-0.00117,0.0,-0.00028
10722.18,SYN.BTC-27MAR20,1568372341016,open,1.28,0.0,1.213,1.3535,1.27991161,85.01,None,0.0,BTC-27MAR20-24000-P,10299.95,0.0,0.0005,10.0,0.0,0.0,0.0,19.33832,-4.19629,-121.8117,4e-05,-0.83708
10608.35,BTC-27DEC19,1568372341017,open,0.06,456.9,0.0265,0.0895,0.05641736,78.19,0.056,0.0,BTC-27DEC19-15000-C,10299.95,76.81,0.054,29.3,0.0575,19.3,78.8,18.75411,-6.99101,6.46857,7e-05,0.26863
10608.35,BTC-27DEC19,1568372341017,open,1.83,0.2,1.7735,1.8975,1.8323299,89.91,2.03,0.0,BTC-27DEC19-30000-P,10299.95,0.0,0.001,1.0,0.0,0.0,0.0,3.61834,-1.55095,-85.48876,1e-05,-0.97232
10608.35,BTC-27DEC19,1568372341017,open,0.0,323.2,0.0005,0.0105,0.00098377,102.07,0.0015,0.0,BTC-27DEC19-48000-C,10299.95,95.78,0.0005,59.0,0.0015,29.0,106.57,1.03346,-0.50291,0.16719,0.0,0.00647
10608.35,BTC-27DEC19,1568372341017,open,0.73,12.4,0.6765,0.7795,0.72586889,80.21,0.559,0.0,BTC-27DEC19-18000-P,10299.95,0.0,0.0045,5.0,1.465,0.2,500.0,13.55645,-5.1841,-47.87834,5e-05,-0.84489
10608.35,BTC-27DEC19,1568372341018,open,0.9,5.7,0.8555,0.9595,0.90478009,81.69,0.661,0.0,BTC-27DEC19-20000-P,10299.95,0.0,0.01,1.0,1.466,1.0,376.11,10.65712,-4.1503,-54.72221,4e-05,-0.89051
10363.81,BTC-27SEP19,1568372341018,open,0.01,1311.0,0.0015,0.027,0.01133858,71.58,0.011,0.0,BTC-27SEP19-12000-C,10299.95,68.73,0.01,14.5,0.0115,24.1,71.91,4.98432,-12.85549,0.59908,0.00017,0.16339
10363.81,BTC-27SEP19,1568372341017,open,2.08,0.0,2.0275,2.1505,2.0877004,165.25,None,0.0,BTC-27SEP19-32000-P,10299.95,0.0,0.0,0.0,0.0,0.0,0.0,0.03067,-0.18263,-12.16346,0.0,-0.99958
10608.35,BTC-27DEC19,1568372341017,open,0.67,4.0,0.661,0.6805,0.67091809,88.16,0.666,0.0,BTC-27DEC19-3500-C,10299.95,0.0,0.0205,0.1,0.967,1.0,500.0,0.80756,-0.33942,9.88141,0.0,0.9951
10608.35,BTC-27DEC19,1568372341018,open,0.58,4.1,0.568,0.591,0.57892647,83.91,0.578,0.0,BTC-27DEC19-4500-C,10299.95,0.0,0.57,15.0,0.588,15.0,110.21,2.33951,-0.93588,12.33117,1e-05,0.98348
10608.35,BTC-27DEC19,1568372341018,open,0.01,305.4,0.003,0.0255,0.01257769,78.43,0.012,0.0,BTC-27DEC19-6000-P,10299.95,77.5,0.012,26.0,0.0135,24.0,79.87,6.65823,-2.4895,-2.17253,3e-05,-0.0587
10608.35,BTC-27DEC19,1568372341018,open,0.37,50.4,0.3405,0.392,0.36635457,76.05,0.3615,0.0,BTC-27DEC19-7000-C,10299.95,70.01,0.3605,10.2,0.372,12.0,81.45,10.7301,-3.89035,15.9448,4e-05,0.88946
10363.81,BTC-27SEP19,1568372341017,open,0.71,225.7,0.701,0.7205,0.71052809,0.0,0.693,0.0,BTC-27SEP19-3000-C,10299.95,0.0,0.0045,20.0,0.0,0.0,0.0,0.0,0.0,1.14047,0.0,1.0
10363.81,BTC-27SEP19,1568372341017,open,0.54,34.4,0.514,0.578,0.54442788,92.51,0.396,0.0,BTC-27SEP19-16000-P,10299.95,0.0,0.0045,10.0,0.0,0.0,0.0,0.54998,-1.83349,-6.04448,1e-05,-0.98976
10608.35,BTC-27DEC19,1568372341018,open,3.15,0.0,3.0665,3.2365,3.148698,97.52,3.46,0.0,BTC-27DEC19-44000-P,10299.95,0.0,0.0005,10.0,0.0,0.0,0.0,1.10045,-0.51161,-126.24495,0.0,-0.99305
10608.35,BTC-27DEC19,1568372341017,open,3.9,0.8,3.806,4.0055,3.90255977,103.96,3.59,0.0,BTC-27DEC19-52000-P,10299.95,0.0,0.001,1.0,0.0,0.0,0.0,0.82649,-0.40965,-149.28185,0.0,-0.99497
10363.81,BTC-27SEP19,1568372341018,open,0.0,828.2,0.0005,0.0105,0.00099868,86.36,0.001,0.0,BTC-27SEP19-15000-C,10299.95,78.96,0.0005,50.1,0.0015,30.0,91.57,0.86712,-2.69829,0.06444,2e-05,0.01736
10608.35,BTC-27DEC19,1568372341018,open,2.02,0.3,1.958,2.0875,2.01967731,90.33,1.875,0.0,BTC-27DEC19-32000-P,10299.95,0.0,0.0005,10.0,0.0,0.0,0.0,2.84276,-1.22426,-91.40984,1e-05,-0.97923
10363.81,BTC-27SEP19,1568372341018,open,1.89,0.0,1.838,1.9535,1.89471929,156.11,None,0.0,BTC-27SEP19-30000-P,10299.95,0.0,0.0,0.0,0.0,0.0,0.0,0.0305,-0.17158,-11.40315,0.0,-0.99958
10608.35,BTC-27DEC19,1568372341018,open,0.45,122.9,0.428,0.467,0.44698283,78.42,0.4475,0.0,BTC-27DEC19-6000-C,10299.95,70.54,0.4425,8.0,0.464,8.0,100.61,6.65758,-2.48912,15.06761,3e-05,0.94131
10608.35,BTC-27DEC19,1568372341018,open,0.0,607.2,0.0005,0.013,0.00312262,83.92,0.0025,0.0,BTC-27DEC19-4500-P,10299.95,80.9,0.0025,10.0,0.0045,52.0,89.49,2.34042,-0.93634,-0.599,1e-05,-0.01653
10608.35,BTC-27DEC19,1568372341018,open,0.72,0.0,0.7085,0.728,0.71822157,102.2,None,0.0,BTC-27DEC19-3000-C,10299.95,0.0,0.0065,0.1,0.946,0.5,500.0,0.81447,-0.39683,8.43811,0.0,0.99505
10608.35,BTC-27DEC19,1568372341018,open,0.0,231.8,0.0005,0.0105,7.637e-05,120.0,0.0005,0.0,BTC-27DEC19-1500-P,10299.95,0.0,0.0,0.0,0.001,16.9,156.93,0.07948,-0.04547,-0.01409,0.0,-0.00039
10363.81,BTC-27SEP19,1568372341018,open,0.0,392.7,0.0005,0.0105,6.89e-06,120.0,0.0005,0.0,BTC-27SEP19-4500-P,10299.95,0.0,0.0,0.0,0.0005,31.1,173.91,0.00916,-0.03959,-0.00048,0.0,-0.00012
10363.81,BTC-27SEP19,1568372341018,open,0.0,484.6,0.0005,0.0105,7.6e-07,120.0,0.0005,0.0,BTC-27SEP19-4000-P,10299.95,0.0,0.0,0.0,0.0005,34.1,196.85,0.00126,-0.00546,-6e-05,0.0,-1e-05
10608.35,BTC-27DEC19,1568372341018,open,0.0,248.0,0.0005,0.0105,0.00084843,88.18,0.001,0.0,BTC-27DEC19-3500-P,10299.95,82.74,0.0005,25.0,0.001,28.4,90.06,0.80858,-0.33993,-0.17543,0.0,-0.00491
10608.35,BTC-27DEC19,1568372341018,open,0.49,73.3,0.474,0.507,0.48966826,79.69,0.475,0.0,BTC-27DEC19-5500-C,10299.95,0.0,0.4775,13.0,0.5035,13.0,102.67,4.89382,-1.85923,14.33815,2e-05,0.96006
10608.35,BTC-27DEC19,1568372341018,open,0.12,310.0,0.074,0.153,0.11459523,76.24,0.1175,0.0,BTC-27DEC19-12000-C,10299.95,75.02,0.112,58.1,0.1155,16.0,76.66,22.57835,-8.20621,10.56596,9e-05,0.46124
10608.35,BTC-27DEC19,1568372341018,open,0.0,213.2,0.0005,0.0105,0.00083448,113.54,0.0005,0.0,BTC-27DEC19-2500-P,10299.95,0.0,0.0,0.0,0.0015,10.0,122.65,0.62676,-0.33927,-0.13793,0.0,-0.00369
10363.81,BTC-27SEP19,1568372341018,open,0.54,13.5,0.532,0.5515,0.54168705,117.26,0.382,0.0,BTC-27SEP19-4750-C,10299.95,0.0,0.0045,10.0,0.7865,2.0,500.0,0.01605,-0.06783,1.80486,0.0,0.99979
10608.35,BTC-27DEC19,1568372341018,open,0.55,23.1,0.5025,0.6055,0.55276245,78.58,0.5235,0.0,BTC-27DEC19-16000-P,10299.95,38.67,0.5105,3.0,0.592,3.0,100.84,16.93086,-6.34314,-40.55861,7e-05,-0.77786
10363.81,BTC-27SEP19,1568372341018,open,0.0,521.6,0.0005,0.0115,0.00186685,80.06,0.002,0.0,BTC-27SEP19-14000-C,10299.95,77.28,0.0015,22.8,0.0025,30.0,84.16,1.4602,-4.21259,0.11976,4e-05,0.03226
10363.81,BTC-27SEP19,1568372341018,open,0.47,221.9,0.4585,0.4805,0.46947659,119.61,0.446,0.0,BTC-27SEP19-5500-C,10299.95,0.0,0.4615,12.0,0.478,12.0,215.62,0.14557,-0.6274,2.08112,0.0,0.9977
10363.81,BTC-27SEP19,1568372341018,open,0.86,42.8,0.8455,0.865,0.85526405,0.0,0.815,0.0,BTC-27SEP19-1500-C,10299.95,0.0,0.0005,0.1,0.0,0.0,0.0,0.0,0.0,0.57023,0.0,1.0
10608.35,BTC-27DEC19,1568372341018,open,0.05,273.9,0.019,0.075,0.04450948,78.58,0.0515,0.0,BTC-27DEC19-16000-C,10299.95,77.31,0.0425,23.5,0.0455,19.3,79.2,16.93,-6.34246,5.41391,7e-05,0.22213
10331.56,SYN.BTC-20SEP19,1568372341016,open,0.08,13.5,0.051,0.1045,0.0770474,63.32,0.1,0.0,BTC-20SEP19-11000-P,10299.95,54.84,0.0735,8.0,0.0805,6.0,71.03,4.49569,-20.70124,-1.61172,0.00035,-0.75108
10363.81,BTC-27SEP19,1568372341019,open,0.07,723.6,0.0445,0.0965,0.07137793,68.04,0.0785,0.0,BTC-27SEP19-10000-C,10299.95,63.43,0.068,2.0,0.0735,30.0,70.92,7.6197,-18.681,2.20662,0.00027,0.63145
10608.35,BTC-27DEC19,1568372341019,open,0.39,291.4,0.3395,0.442,0.39081632,77.49,0.375,0.0,BTC-27DEC19-14000-P,10299.95,59.02,0.3575,4.0,0.401,7.0,82.71,20.40591,-7.53841,-32.55796,8e-05,-0.67732
10363.81,BTC-27SEP19,1568372341019,open,0.03,989.3,0.0105,0.0515,0.0297914,68.84,0.0295,0.0,BTC-27SEP19-11000-C,10299.95,66.36,0.028,14.2,0.029,1.0,67.75,7.50913,-18.62734,1.27412,0.00027,0.35318
10363.81,BTC-27SEP19,1568372341018,open,0.14,449.4,0.1185,0.165,0.14202581,71.2,0.124,0.0,BTC-27SEP19-9000-C,10299.95,34.48,0.132,6.0,0.158,6.0,102.75,4.47135,-11.4726,2.83344,0.00015,0.8612
10608.35,BTC-27DEC19,1568372341019,open,0.03,490.1,0.01,0.055,0.0290843,80.2,0.03,0.0,BTC-27DEC19-18000-C,10299.95,78.55,0.027,32.9,0.03,24.0,80.92,13.5549,-5.1831,3.84061,5e-05,0.15508
10608.35,BTC-27DEC19,1568372341019,open,0.0,1502.8,0.0005,0.0105,0.00073761,103.66,0.001,0.0,BTC-27DEC19-52000-C,10299.95,100.06,0.0005,67.1,0.001,10.4,106.72,0.8074,-0.39903,0.12684,0.0,0.0049
10608.35,BTC-27DEC19,1568372341019,open,0.63,26.7,0.615,0.6355,0.62496677,88.17,0.626,0.0,BTC-27DEC19-4000-C,10299.95,0.0,0.45,1.0,0.6485,0.2,150.04,1.61056,-0.67699,11.10458,1e-05,0.98928
10608.35,BTC-27DEC19,1568372341019,open,0.0,429.1,0.0005,0.011,0.00100233,97.33,0.001,0.0,BTC-27DEC19-44000-C,10299.95,91.07,0.0005,79.0,0.0015,10.0,101.49,1.0848,-0.50335,0.17774,0.0,0.00683
10363.81,BTC-27SEP19,1568372341019,open,0.0,492.7,0.0005,0.0105,0.0,120.0,0.0005,0.0,BTC-27SEP19-2000-P,10299.95,0.0,0.0,0.0,0.0005,51.0,333.59,0.0,0.0,0.0,0.0,0.0
10363.81,BTC-27SEP19,1568372341019,open,0.0,438.2,0.0005,0.0105,8.8e-07,120.0,0.0005,0.0,BTC-27SEP19-28000-C,10299.95,0.0,0.0,0.0,0.001,34.0,198.18,0.00159,-0.00687,7e-05,0.0,2e-05
10363.81,BTC-27SEP19,1568372341019,open,0.26,37.0,0.231,0.2895,0.25881265,75.66,0.2795,0.0,BTC-27SEP19-13000-P,10299.95,0.0,0.2345,4.0,0.2805,4.0,125.55,2.76692,-7.54399,-4.67662,9e-05,-0.92819
10363.81,BTC-27SEP19,1568372341019,open,0.42,713.5,0.4095,0.4345,0.42156492,117.8,0.454,0.0,BTC-27SEP19-6000-C,10299.95,0.0,0.414,8.0,0.43,8.0,191.56,0.35906,-1.52411,2.25411,1e-05,0.99369
10363.81,BTC-27SEP19,1568372341019,open,0.0,657.8,0.0005,0.0105,4.085e-05,120.0,0.0005,0.0,BTC-27SEP19-5000-P,10299.95,0.0,0.0,0.0,0.0005,56.1,153.38,0.04343,-0.18782,-0.00258,0.0,-0.00061
10363.81,BTC-27SEP19,1568372341019,open,0.0,1254.9,0.0005,0.0105,0.00073044,91.77,0.001,0.0,BTC-27SEP19-7000-P,10299.95,95.98,0.001,15.0,0.0015,10.0,102.16,0.59569,-1.96983,-0.04711,2e-05,-0.01123
10363.81,BTC-27SEP19,1568372341019,open,0.0,422.0,0.0005,0.0105,5e-08,120.0,0.0005,0.0,BTC-27SEP19-3500-P,10299.95,0.0,0.0,0.0,0.0005,31.0,222.92,0.0001,-0.00043,0.0,0.0,0.0
10363.81,BTC-27SEP19,1568372341019,open,0.69,0.5,0.6765,0.696,0.68640544,0.0,0.694,0.0,BTC-27SEP19-3250-C,10299.95,0.0,0.0045,10.0,0.782,0.5,500.0,0.0,0.0,1.23551,0.0,1.0
10608.35,BTC-27DEC19,1568372341019,open,1.46,0.0,1.4045,1.5175,1.45784439,85.98,None,0.0,BTC-27DEC19-26000-P,10299.95,0.0,0.0045,10.0,2.1785,0.2,500.0,5.21667,-2.13847,-73.6005,2e-05,-0.95679
10363.81,BTC-27SEP19,1568372341019,open,0.04,836.5,0.015,0.06,0.03628429,68.05,0.036,0.0,BTC-27SEP19-10000-P,10299.95,66.3,0.035,0.1,0.0365,10.0,68.34,7.61981,-18.6851,-1.59504,0.00027,-0.36856
10608.35,BTC-27DEC19,1568372341019,open,0.53,65.4,0.5205,0.5485,0.5338515,81.72,0.533,0.0,BTC-27DEC19-5000-C,10299.95,0.0,0.524,9.0,0.5455,14.0,106.7,3.48054,-1.35599,13.40343,1e-05,0.97358
10363.81,BTC-27SEP19,1568372341019,open,1.7,0.0,1.649,1.7565,1.70173868,146.52,None,0.0,BTC-27SEP19-28000-P,10299.95,0.0,0.0,0.0,0.0,0.0,0.0,0.03086,-0.16291,-10.64281,0.0,-0.99958
10608.35,BTC-27DEC19,1568372341019,open,0.01,617.9,0.0005,0.015,0.00518056,81.72,0.0045,0.0,BTC-27DEC19-5000-P,10299.95,77.86,0.004,60.0,0.0065,52.0,85.49,3.48137,-1.35642,-0.9634,1e-05,-0.02643
10608.35,BTC-27DEC19,1568372341019,open,0.0,537.2,0.0005,0.014,0.00435558,89.87,0.0045,0.0,BTC-27DEC19-30000-C,10299.95,88.79,0.004,4.0,0.0045,24.0,90.29,3.61111,-1.54718,0.70882,1e-05,0.02761
10363.81,BTC-27SEP19,1568372341019,open,0.81,28.2,0.7975,0.817,0.80701873,0.0,0.755,0.0,BTC-27SEP19-2000-C,10299.95,0.0,0.01,1.0,0.0,0.0,0.0,0.0,0.0,0.76031,0.0,1.0
10608.35,BTC-27DEC19,1568372341019,open,0.04,229.9,0.0165,0.0595,0.03632176,75.34,0.0405,0.0,BTC-27DEC19-7500-P,10299.95,73.84,0.0345,30.6,0.0375,12.5,76.3,12.928,-4.64365,-5.51036,5e-05,-0.14446
10722.18,SYN.BTC-27MAR20,1568372341015,open,0.07,174.1,0.03,0.106,0.06542074,83.63,0.0725,0.0,BTC-27MAR20-20000-C,10299.95,82.56,0.063,6.0,0.0665,14.9,84.1,24.33199,-5.19429,9.95642,5e-05,0.23846
10608.35,BTC-27DEC19,1568372341020,open,0.18,241.0,0.136,0.2265,0.18208844,75.34,0.177,0.0,BTC-27DEC19-11000-P,10299.95,73.65,0.1785,19.0,0.1875,11.0,77.89,22.54329,-8.09747,-19.42974,9e-05,-0.45535
10608.35,BTC-27DEC19,1568372341020,open,0.47,207.4,0.4195,0.5225,0.47040452,78.19,0.5265,0.0,BTC-27DEC19-15000-P,10299.95,68.79,0.4545,7.1,0.478,6.0,82.42,18.75468,-6.99156,-36.63074,7e-05,-0.73135
10722.18,SYN.BTC-27MAR20,1568372341015,open,0.35,17.0,0.305,0.384,0.3461676,77.31,0.3625,0.0,BTC-27MAR20-8000-C,10299.95,67.67,0.326,6.0,0.3555,6.0,81.69,22.74887,-4.48946,25.43634,5e-05,0.78823
10363.81,BTC-27SEP19,1568372341020,open,0.0,1182.5,0.0005,0.0105,0.00050873,117.97,0.0005,0.0,BTC-27SEP19-6000-P,10299.95,0.0,0.0,0.0,0.001,26.0,128.94,0.36211,-1.53935,-0.02709,1e-05,-0.00637
10331.56,SYN.BTC-20SEP19,1568372341015,open,0.4,0.0,0.376,0.435,0.40397454,104.33,None,0.0,BTC-20SEP19-14500-P,10299.95,0.0,0.0005,0.1,0.0,0.0,0.0,0.40594,-3.07987,-2.7113,2e-05,-0.98915
10608.35,BTC-27DEC19,1568372341020,open,0.02,747.1,0.0055,0.041,0.01946387,81.68,0.021,0.0,BTC-27DEC19-20000-C,10299.95,79.67,0.0175,26.0,0.02,24.0,82.21,10.65474,-4.14893,2.74316,4e-05,0.10946
10363.83,BTC-27SEP19,1568372341020,open,0.0,1231.1,0.0005,0.0125,0.0026012,79.08,0.003,0.0,BTC-27SEP19-8000-P,10299.95,81.38,0.003,30.0,0.004,27.0,86.51,1.72487,-4.91516,-0.16601,5e-05,-0.03954
10608.35,BTC-27DEC19,1568372341020,open,0.0,316.8,0.0005,0.013,0.00317137,90.28,0.0025,0.0,BTC-27DEC19-32000-C,10299.95,87.56,0.0025,15.0,0.004,24.0,93.14,2.83416,-1.21984,0.53414,1e-05,0.0207
10363.83,BTC-27SEP19,1568372341020,open,0.33,725.9,0.311,0.3405,0.32529599,91.62,0.335,0.0,BTC-27SEP19-7000-C,10299.95,0.0,0.319,7.0,0.332,11.1,139.59,0.59108,-1.95145,2.61441,2e-05,0.98887
10608.35,BTC-27DEC19,1568372341020,open,2.39,1.3,2.3275,2.47,2.39570002,93.32,2.2,0.0,BTC-27DEC19-36000-P,10299.95,0.0,0.0005,10.0,0.0,0.0,0.0,2.05074,-0.9124,-103.07251,1e-05,-0.98583
10363.83,BTC-27SEP19,1568372341020,open,0.61,227.5,0.6045,0.624,0.61403822,0.0,0.606,0.0,BTC-27SEP19-4000-C,10299.95,0.0,0.111,2.0,0.0,0.0,0.0,0.0,0.0,1.52062,0.0,1.0
10722.18,SYN.BTC-27MAR20,1568372341016,open,0.02,21.6,0.004,0.039,0.01669461,88.55,0.0155,0.0,BTC-27MAR20-34000-C,10299.95,86.82,0.015,5.0,0.0175,16.0,89.33,10.87562,-2.45818,3.23186,2e-05,0.07286
10439.02,SYN.BTC-25OCT19,1568372341015,open,0.2,15.4,0.1595,0.235,0.19743061,73.54,0.1835,0.0,BTC-25OCT19-12000-P,10299.95,49.56,0.17,4.0,0.2055,4.0,80.03,12.83322,-11.26893,-10.36694,0.00014,-0.66818
10363.83,BTC-27SEP19,1568372341020,open,0.35,54.0,0.325,0.384,0.35273575,80.18,0.466,0.0,BTC-27SEP19-14000-P,10299.95,0.0,0.329,3.0,0.3735,5.0,142.2,1.46832,-4.24234,-5.20164,4e-05,-0.96752
10331.56,SYN.BTC-20SEP19,1568372341015,open,0.04,145.5,0.0165,0.0625,0.03753622,61.33,0.0385,0.0,BTC-20SEP19-10250-C,10299.95,57.58,0.0355,5.0,0.039,30.4,64.03,5.60476,-24.99839,1.00551,0.00045,0.55419
10363.83,BTC-27SEP19,1568372341021,open,0.0,605.0,0.0005,0.0105,0.00017508,120.0,0.0005,0.0,BTC-27SEP19-5500-P,10299.95,0.0,0.0,0.0,0.0005,20.0,134.77,0.14915,-0.64495,-0.01001,0.0,-0.00237
10608.35,BTC-27DEC19,1568372341021,open,3.52,0.0,3.4365,3.6215,3.52574268,102.29,None,0.0,BTC-27DEC19-48000-P,10299.95,0.0,0.0005,10.0,0.0,0.0,0.0,1.05011,-0.5121,-137.74859,0.0,-0.99341
10608.35,BTC-27DEC19,1568372341021,open,0.24,170.6,0.197,0.271,0.23559061,75.34,0.223,0.0,BTC-27DEC19-9000-C,10299.95,73.6,0.2325,8.0,0.2465,13.0,81.45,18.84514,-6.76886,15.03217,8e-05,0.72876
10363.83,BTC-27SEP19,1568372341021,open,0.73,1.0,0.703,0.775,0.73731587,111.52,0.575,0.0,BTC-27SEP19-18000-P,10299.95,0.0,0.0045,0.3,0.0,0.0,0.0,0.42069,-1.69054,-6.81508,1e-05,-0.99245
10363.83,BTC-27SEP19,1568372341021,open,0.64,0.0,0.6285,0.648,0.63816032,0.0,None,0.0,BTC-27SEP19-3750-C,10299.95,0.0,0.0045,10.0,0.816,2.0,500.0,0.0,0.0,1.42559,0.0,1.0
10331.56,SYN.BTC-20SEP19,1568372341017,open,0.21,0.0,0.1865,0.2385,0.21110608,73.1,None,0.0,BTC-20SEP19-12500-P,10299.95,0.0,0.0,0.0,0.0,0.0,0.0,1.02388,-5.44245,-2.29434,7e-05,-0.96777
10722.18,SYN.BTC-27MAR20,1568372341015,open,0.76,0.0,0.695,0.8305,0.76205037,82.73,0.8095,0.0,BTC-27MAR20-18000-P,10299.95,0.0,0.0005,6.0,0.0,0.0,0.0,26.9113,-5.68339,-84.66945,5e-05,-0.70944
10363.83,BTC-27SEP19,1568372341021,open,0.0,1660.1,0.0005,0.0105,0.0,120.0,0.0005,0.0,BTC-27SEP19-1500-P,10299.95,0.0,0.0,0.0,0.0005,97.1,391.9,0.0,0.0,0.0,0.0,0.0
10331.56,SYN.BTC-20SEP19,1568372341016,open,0.23,0.0,0.21,0.243,0.22620666,85.47,None,0.0,BTC-20SEP19-8000-C,10299.95,0.0,0.0005,0.1,0.0,0.0,0.0,0.46142,-2.86789,1.48148,3e-05,0.98742
10722.18,SYN.BTC-27MAR20,1568372341017,open,2.19,0.0,2.114,2.271,2.18769817,88.55,None,0.0,BTC-27MAR20-34000-P,10299.95,0.0,0.0005,10.0,0.0,0.0,0.0,10.87788,-2.45886,-179.22691,2e-05,-0.92712
10722.18,SYN.BTC-27MAR20,1568372341017,open,0.01,48.7,0.0035,0.0345,0.01421472,89.08,0.013,0.0,BTC-27MAR20-36000-C,10299.95,87.71,0.013,5.0,0.015,16.5,89.94,9.7261,-2.21173,2.80997,2e-05,0.06305
10722.18,SYN.BTC-27MAR20,1568372341015,open,0.09,190.8,0.0565,0.129,0.09228689,77.31,0.092,0.0,BTC-27MAR20-8000-P,10299.95,75.76,0.089,7.0,0.0925,4.9,77.41,22.74893,-4.48954,-17.4955,5e-05,-0.21177
10331.56,SYN.BTC-20SEP19,1568372341015,open,0.01,40.2,0.002,0.031,0.01214219,61.88,0.012,0.0,BTC-20SEP19-9750-P,10299.95,56.68,0.01,49.0,0.0135,24.0,65.07,4.35076,-19.57794,-0.4797,0.00035,-0.23434
10363.83,BTC-27SEP19,1568372341022,open,0.0,300.4,0.0005,0.0105,1.447e-05,120.0,0.0005,0.0,BTC-27SEP19-24000-C,10299.95,0.0,0.0,0.0,0.001,34.0,172.03,0.01944,-0.08404,0.00096,0.0,0.00026
10722.18,SYN.BTC-27MAR20,1568372341015,open,1.82,0.0,1.751,1.9005,1.82140713,87.32,None,0.0,BTC-27MAR20-30000-P,10299.95,0.0,0.0005,10.0,0.0,0.0,0.0,13.65832,-3.04422,-156.66216,3e-05,-0.90125
10331.56,SYN.BTC-20SEP19,1568372341016,open,0.01,121.1,0.0005,0.022,0.00709537,62.37,0.0075,0.0,BTC-20SEP19-9500-P,10299.95,57.24,0.0055,45.0,0.0085,26.0,66.57,3.35198,-15.20256,-0.31184,0.00027,-0.15314
10608.35,BTC-27DEC19,1568372341022,open,0.02,277.5,0.0065,0.0345,0.01835559,77.0,0.0205,0.0,BTC-27DEC19-6500-P,10299.95,75.93,0.0175,32.0,0.0195,24.0,78.39,8.59536,-3.15522,-3.05222,3e-05,-0.08178
10439.02,SYN.BTC-25OCT19,1568372341016,open,0.01,168.3,0.0005,0.0155,0.00573589,76.88,0.0065,0.0,BTC-25OCT19-7000-P,10299.95,76.17,0.0055,10.1,0.007,48.0,80.43,3.52774,-3.2383,-0.64317,4e-05,-0.04797
10439.02,SYN.BTC-25OCT19,1568372341017,open,0.05,52.3,0.023,0.0745,0.04789098,73.54,0.0475,0.0,BTC-25OCT19-12000-C,10299.95,73.22,0.0475,0.9,0.0485,0.1,74.03,12.83296,-11.26796,3.40029,0.00014,0.3318
10722.18,SYN.BTC-27MAR20,1568372341016,open,0.14,172.7,0.091,0.189,0.14091176,80.67,0.14,0.0,BTC-27MAR20-14000-C,10299.95,79.66,0.138,6.0,0.1435,27.0,81.57,30.95707,-6.37476,17.09791,6e-05,0.43806
10363.81,BTC-27SEP19,1568372341371,open,0.05,84.5,0.0225,0.071,0.04691484,68.03,0.047,0.0,BTC-27SEP19-10500-C,10299.95,65.57,0.045,0.1,0.0475,0.1,68.79,8.05725,-19.75213,1.73465,0.00029,0.4872
10363.81,BTC-27SEP19,1568372341790,open,0.05,84.5,0.0225,0.071,0.04691484,68.03,0.047,0.0,BTC-27SEP19-10500-C,10299.95,64.93,0.0445,2.3,0.0475,0.1,68.79,8.05725,-19.75213,1.73465,0.00029,0.4872
10363.81,BTC-27SEP19,1568372341792,open,0.05,84.5,0.0225,0.071,0.04691484,68.03,0.047,0.0,BTC-27SEP19-10500-C,10299.95,64.93,0.0445,13.0,0.0475,0.1,68.79,8.05725,-19.75213,1.73465,0.00029,0.4872
10363.81,BTC-27SEP19,1568372341844,open,0.05,84.5,0.0225,0.071,0.04691484,68.03,0.047,0.0,BTC-27SEP19-10500-C,10299.95,65.57,0.045,0.1,0.0475,0.1,68.79,8.05725,-19.75213,1.73465,0.00029,0.4872
186.58,SYN.ETH-27MAR20,1568372341886,open,0.58,2.0,0.565,0.606,0.585789,83.29,0.597,0.0,ETH-27MAR20-80-C,179.08,0.0,0.07,20.0,0.0,0.0,0.0,0.13008,-0.02765,0.36946,0.00084,0.95478
179.61,SYN.ETH-20SEP19,1568372341907,open,0.28,0.0,0.254,0.3,0.277211,115.03,None,0.0,ETH-20SEP19-130-C,179.08,0.0,0.0,0.0,0.0,0.0,0.0,0.01025,-0.08576,0.02389,0.00147,0.98327
180.15,ETH-27SEP19,1568372341955,open,0.0,0.257,0.302,0.27971,85.36,None,0.0,ETH-27SEP19-130-C,179.08,0.0,0.0,0.0,0.0,0.0,0.0,0.01737,-0.05341,0.04793,0.00165,0.9795
186.58,SYN.ETH-27MAR20,1568372341965,open,0.01,422.0,0.005,0.027,0.014556,83.29,0.012,0.0,ETH-27MAR20-80-P,179.08,77.85,0.011,50.0,0.013,40.0,81.0,0.13008,-0.02765,-0.05986,0.00084,-0.04522
179.61,SYN.ETH-20SEP19,1568372341982,open,0.0,5.0,0.001,0.011,0.001001,115.03,0.003,0.0,ETH-20SEP19-130-P,179.08,0.0,0.0,0.0,0.002,504.0,128.9,0.01025,-0.08576,-0.0006,0.00147,-0.01673
180.15,ETH-27SEP19,1568372342013,open,0.0,0.001,0.011,0.00133,85.36,None,0.0,ETH-27SEP19-130-P,179.08,81.62,0.001,100.0,0.002,200.0,91.45,0.01737,-0.05341,-0.00149,0.00165,-0.0205
186.58,SYN.ETH-27MAR20,1568372342049,open,0.42,37.0,0.383,0.456,0.422272,83.29,0.431,0.0,ETH-27MAR20-120-C,179.08,0.0,0.096,1.0,0.438,3.0,92.24,0.32131,-0.06831,0.42641,0.00207,0.84814
179.61,SYN.ETH-20SEP19,1568372342065,open,0.22,0.0,0.197,0.246,0.22154,91.86,None,0.0,ETH-20SEP19-140-C,179.08,0.0,0.0,0.0,0.0,0.0,0.0,0.0123,-0.08217,0.02564,0.0022,0.97928
180.15,ETH-27SEP19,1568372342069,open,0.0,0.145,0.2,0.173502,73.23,None,0.0,ETH-27SEP19-150-C,179.08,0.0,0.0,0.0,0.0,0.0,0.0,0.05602,-0.14782,0.05059,0.0062,0.91216
186.58,SYN.ETH-27MAR20,1568372342123,open,0.07,1184.0,0.036,0.096,0.065423,83.29,0.052,0.0,ETH-27MAR20-120-P,179.08,75.92,0.053,300.0,0.062,40.0,81.29,0.32131,-0.06831,-0.21756,0.00207,-0.15186
179.61,SYN.ETH-20SEP19,1568372342136,open,0.0,5.0,0.001,0.011,0.001006,91.86,0.007,0.0,ETH-20SEP19-140-P,179.08,0.0,0.0,0.0,0.002,3.0,103.45,0.0123,-0.08217,-0.00074,0.0022,-0.02072
180.15,ETH-27SEP19,1568372342192,open,100.0,0.012,0.061,0.035621,73.88,0.035,0.0,ETH-27SEP19-190-C,179.09,68.99,0.032,534.0,0.039,534.0,78.4,0.13406,-0.35688,0.02379,0.01471,0.38302
180.15,ETH-27SEP19,1568372342193,open,0.0,0.054,0.126,0.090297,73.88,None,0.0,ETH-27SEP19-190-P,179.09,68.07,0.086,120.0,0.094,120.0,78.83,0.13406,-0.35688,-0.04844,0.01471,-0.61698
179.61,SYN.ETH-20SEP19,1568372342192,open,0.17,0.0,0.14,0.192,0.166321,74.47,None,0.0,ETH-20SEP19-150-C,179.09,0.0,0.0,0.0,0.0,0.0,0.0,0.01899,-0.10284,0.02703,0.0042,0.96513
186.58,SYN.ETH-27MAR20,1568372342192,open,0.29,984.0,0.221,0.345,0.285817,83.29,0.28,0.0,ETH-27MAR20-200-P,179.09,79.18,0.274,24.0,0.295,24.0,86.49,0.5354,-0.11383,-0.7109,0.00344,-0.42417
180.15,ETH-27SEP19,1568372342193,open,10.0,0.001,0.016,0.005038,82.3,0.004,0.0,ETH-27SEP19-230-C,179.09,73.88,0.003,700.0,0.006,200.0,85.65,0.04954,-0.14692,0.00477,0.00488,0.07464
186.58,SYN.ETH-27MAR20,1568372342192,open,0.16,289.0,0.105,0.208,0.159818,85.63,0.148,0.0,ETH-27MAR20-240-C,179.09,83.63,0.154,300.0,0.166,324.0,87.76,0.54319,-0.11874,0.30563,0.0034,0.46506
180.15,ETH-27SEP19,1568372342193,open,5.0,0.002,0.03,0.012954,77.02,0.014,0.0,ETH-27SEP19-210-C,179.09,72.98,0.011,634.0,0.015,160.0,81.03,0.08959,-0.24863,0.0109,0.00943,0.1721
181.52,SYN.ETH-25OCT19,1568372342193,open,0.02,20.0,0.006,0.037,0.019493,77.5,0.017,0.0,ETH-25OCT19-140-P,179.09,73.96,0.017,883.0,0.019,1.0,76.81,0.13091,-0.12114,-0.03139,0.00447,-0.13122
186.58,SYN.ETH-27MAR20,1568372342192,open,1.01,0.0,0.915,1.09,1.002394,89.48,None,0.0,ETH-27MAR20-360-P,179.09,0.0,0.0,0.0,1.045,3.0,106.54,0.4342,-0.09917,-1.75479,0.0026,-0.75015
179.61,SYN.ETH-20SEP19,1568372342192,open,0.02,271.0,0.002,0.036,0.015888,67.52,0.014,0.0,ETH-20SEP19-190-C,179.09,61.23,0.013,406.0,0.019,416.0,74.06,0.08405,-0.41266,0.00919,0.02048,0.28756
186.58,SYN.ETH-27MAR20,1568372342192,open,0.45,130.0,0.372,0.515,0.446121,85.63,0.417,0.0,ETH-27MAR20-240-P,179.09,80.77,0.432,240.0,0.455,24.0,88.68,0.54319,-0.11874,-0.98232,0.0034,-0.53494
179.61,SYN.ETH-20SEP19,1568372342192,open,0.0,101.0,0.001,0.011,0.001463,74.47,0.009,0.0,ETH-20SEP19-150-P,179.09,0.0,0.0,0.0,0.002,3.0,79.1,0.01899,-0.10284,-0.00123,0.0042,-0.03487
186.58,SYN.ETH-27MAR20,1568372342192,open,0.81,1.0,0.722,0.888,0.805613,87.37,0.827,0.0,ETH-27MAR20-320-P,179.09,0.0,0.0,0.0,0.843,3.0,101.45,0.47562,-0.10607,-1.50701,0.00291,-0.69947
186.58,SYN.ETH-27MAR20,1568372342192,open,0.16,224.0,0.108,0.205,0.15817,83.29,0.149,0.0,ETH-27MAR20-160-P,179.09,78.43,0.146,540.0,0.159,300.0,83.62,0.46694,-0.09927,-0.44752,0.003,-0.28877
179.61,SYN.ETH-20SEP19,1568372342192,open,0.01,519.0,0.001,0.02,0.006094,74.02,0.005,0.0,ETH-20SEP19-160-P,179.09,69.81,0.005,1.0,0.007,230.0,77.28,0.04851,-0.2611,-0.00417,0.01078,-0.11724
179.61,SYN.ETH-20SEP19,1568372342192,open,0.12,0.0,0.085,0.143,0.115276,74.02,None,0.0,ETH-20SEP19-160-C,179.09,0.0,0.108,40.0,0.119,40.0,86.56,0.04851,-0.2611,0.02597,0.01078,0.88276
179.61,SYN.ETH-20SEP19,1568372342193,open,0.08,50.0,0.04,0.108,0.073735,67.52,0.07,0.0,ETH-20SEP19-190-P,179.09,52.35,0.067,40.0,0.073,3.0,65.94,0.08405,-0.41266,-0.0266,0.02048,-0.71244
179.61,SYN.ETH-20SEP19,1568372342193,open,0.01,133.0,0.001,0.022,0.007005,71.01,0.005,0.0,ETH-20SEP19-200-C,179.09,64.2,0.005,478.0,0.008,2.0,74.1,0.0564,-0.29121,0.0047,0.01307,0.1458
186.58,SYN.ETH-27MAR20,1568372342192,open,0.63,81.0,0.541,0.697,0.621,86.91,0.582,0.0,ETH-27MAR20-280-P,179.09,0.0,0.0,0.0,0.651,3.0,97.54,0.51819,-0.11496,-1.24783,0.00319,-0.62523
180.16,ETH-27SEP19,1568372342202,open,0.0,5439.0,0.001,0.011,1e-06,119.99,0.001,0.0,ETH-27SEP19-480-C,179.09,0.0,0.0,0.0,0.002,510.0,212.41,4e-05,-0.00015,0.0,0.0,2e-05
180.16,ETH-27SEP19,1568372342203,open,0.0,6011.0,0.001,0.011,0.0,119.99,0.002,0.0,ETH-27SEP19-600-C,179.09,0.0,0.0,0.0,0.001,299.0,232.58,0.0,0.0,0.0,0.0,0.0
180.16,ETH-27SEP19,1568372342204,open,0.0,3828.0,0.001,0.011,0.0,119.99,0.001,0.0,ETH-27SEP19-560-C,179.09,0.0,0.0,0.0,0.001,99.0,221.36,0.0,-1e-05,0.0,0.0,0.0
180.16,ETH-27SEP19,1568372342207,open,0.0,3685.0,0.001,0.011,0.000713,119.99,0.001,0.0,ETH-27SEP19-320-C,179.09,0.0,0.0,0.0,0.002,700.0,137.14,0.0091,-0.03934,0.00061,0.00061,0.00968
180.16,ETH-27SEP19,1568372342211,open,0.0,6399.0,0.001,0.011,0.0,119.99,0.001,0.0,ETH-27SEP19-520-C,179.09,0.0,0.0,0.0,0.001,240.0,209.18,1e-05,-4e-05,0.0,0.0,1e-05
10722.22,SYN.BTC-27MAR20,1568372342677,open,0.01,99.9,0.0005,0.017,0.00703306,80.99,0.007,0.0,BTC-27MAR20-4000-P,10299.95,79.72,0.0065,60.0,0.008,6.0,83.17,4.60325,-0.95168,-1.8479,1e-05,-0.02508
10722.22,SYN.BTC-27MAR20,1568372342677,open,0.05,65.2,0.0215,0.0885,0.05154224,84.2,0.0525,0.0,BTC-27MAR20-22000-C,10299.95,82.68,0.0485,28.0,0.0525,14.9,84.67,21.70698,-4.6653,8.29808,4e-05,0.19576
10439.1,SYN.BTC-25OCT19,1568372342685,open,0.04,60.9,0.017,0.061,0.03769298,72.15,0.037,0.0,BTC-25OCT19-9000-P,10299.95,71.0,0.0365,0.1,0.04,47.3,74.37,10.81337,-9.3159,-3.24145,0.00012,-0.23296
10331.63,SYN.BTC-20SEP19,1568372342689,open,0.02,36.7,0.004,0.039,0.01833685,62.52,0.0185,0.0,BTC-20SEP19-10750-C,10299.95,57.82,0.016,15.0,0.019,0.5,63.84,5.18015,-23.55201,0.62088,0.00041,0.33736
10331.63,SYN.BTC-20SEP19,1568372342705,open,0.0,33.8,0.0005,0.0105,0.00083283,72.27,0.001,0.0,BTC-20SEP19-8500-P,10299.95,66.86,0.0005,59.8,0.0015,2.0,79.97,0.74012,-3.88988,-0.04416,5e-05,-0.02186
10363.81,BTC-27SEP19,1568372342794,open,0.05,84.5,0.0225,0.071,0.04691471,68.03,0.047,0.0,BTC-27SEP19-10500-C,10299.95,64.93,0.0445,2.3,0.0475,0.1,68.79,8.05725,-19.75213,1.73465,0.00029,0.4872
10363.81,BTC-27SEP19,1568372342796,open,0.05,84.5,0.0225,0.071,0.04691471,68.03,0.047,0.0,BTC-27SEP19-10500-C,10299.95,64.93,0.0445,13.0,0.0475,0.1,68.79,8.05725,-19.75213,1.73465,0.00029,0.4872
10363.81,BTC-27SEP19,1568372342842,open,0.05,84.5,0.0225,0.071,0.04691471,68.03,0.047,0.0,BTC-27SEP19-10500-C,10299.95,65.57,0.045,0.1,0.0475,0.1,68.79,8.05725,-19.75213,1.73465,0.00029,0.4872
10331.63,SYN.BTC-20SEP19,1568372342853,open,0.11,1.5,0.0875,0.13,0.10881177,63.99,0.111,0.0,BTC-20SEP19-9250-C,10299.95,0.0,0.0925,9.0,0.1295,9.0,123.59,2.42019,-11.26148,1.54709,0.00019,0.90373
10439.1,SYN.BTC-25OCT19,1568372342925,open,0.36,0.0,0.323,0.3985,0.3597176,75.78,None,0.0,BTC-25OCT19-14000-P,10299.95,0.0,0.0,0.0,0.0,0.0,0.0,8.4271,-7.6254,-14.42788,9e-05,-0.84496
10331.63,SYN.BTC-20SEP19,1568372343005,open,0.03,159.2,0.0085,0.05,0.02650326,61.67,0.0285,0.0,BTC-20SEP19-10500-C,10299.95,57.04,0.024,15.0,0.026,0.2,60.74,5.5949,-25.09181,0.80653,0.00045,0.44091
10331.63,SYN.BTC-20SEP19,1568372343018,open,0.3,0.0,0.2815,0.3355,0.30720722,85.91,None,0.0,BTC-20SEP19-13500-P,10299.95,0.0,0.0,0.0,0.0,0.0,0.0,0.49244,-3.07632,-2.51772,3e-05,-0.98644
10439.1,SYN.BTC-25OCT19,1568372343018,open,0.12,49.0,0.085,0.1475,0.11756401,72.05,0.119,0.0,BTC-25OCT19-10000-C,10299.95,71.22,0.1165,8.0,0.1205,13.0,74.32,13.49303,-11.60705,5.98384,0.00015,0.61719
10331.63,SYN.BTC-20SEP19,1568372343029,open,0.1,0.0,0.071,0.1245,0.09710734,64.37,None,0.0,BTC-20SEP19-11250-P,10299.97,53.32,0.0935,14.0,0.1005,6.0,73.3,3.70593,-17.34692,-1.78713,0.00029,-0.82115
10722.22,SYN.BTC-27MAR20,1568372343029,open,1.1,0.0,1.0365,1.175,1.10336414,84.2,None,0.0,BTC-27MAR20-22000-P,10299.97,0.0,0.0005,10.0,0.0,0.0,0.0,21.70823,-4.66578,-109.76337,4e-05,-0.80423
10439.1,SYN.BTC-25OCT19,1568372343030,open,0.43,8.3,0.414,0.441,0.4271231,82.58,0.431,0.0,BTC-25OCT19-6000-C,10299.97,0.0,0.419,6.0,0.4335,6.0,109.48,1.49158,-1.47068,6.65736,1e-05,0.98299
10331.63,SYN.BTC-20SEP19,1568372343029,open,0.01,56.0,0.0005,0.015,0.00412636,64.01,0.0045,0.0,BTC-20SEP19-9250-P,10299.97,58.87,0.003,53.0,0.0055,30.0,69.51,2.42162,-11.27235,-0.19554,0.00019,-0.09634
10331.63,SYN.BTC-20SEP19,1568372343029,open,0.04,52.7,0.02,0.0695,0.04280631,61.68,0.041,0.0,BTC-20SEP19-10500-P,10299.97,56.49,0.04,13.0,0.043,0.2,62.04,5.59493,-25.09673,-1.17139,0.00045,-0.55907
10722.22,SYN.BTC-27MAR20,1568372343029,open,1.64,0.0,1.5705,1.717,1.63972807,86.75,None,0.0,BTC-27MAR20-28000-P,10299.97,0.0,0.0005,10.0,0.0,0.0,0.0,15.38528,-3.40682,-145.18849,3e-05,-0.88352
10439.1,SYN.BTC-25OCT19,1568372343030,open,0.01,799.2,0.0005,0.0155,0.0052846,81.09,0.005,0.0,BTC-25OCT19-17000-C,10299.97,78.77,0.0045,10.0,0.0055,24.0,81.7,3.68782,-3.57081,0.54401,4e-05,0.05071
10439.1,SYN.BTC-25OCT19,1568372343030,open,0.07,101.9,0.0455,0.106,0.07550869,72.05,0.071,0.0,BTC-25OCT19-10000-P,10299.97,69.72,0.0725,8.0,0.0765,0.1,72.82,13.49305,-11.60808,-5.48908,0.00015,-0.38281
10722.22,SYN.BTC-27MAR20,1568372343029,open,0.6,0.1,0.5335,0.6665,0.60011762,81.88,0.62,0.0,BTC-27MAR20-16000-P,10299.97,60.29,0.545,2.0,0.63,2.0,92.61,29.29087,-6.12232,-71.5483,6e-05,-0.64333
10722.22,SYN.BTC-27MAR20,1568372343029,open,0.02,24.7,0.0065,0.05,0.02345752,87.31,0.023,0.0,BTC-27MAR20-30000-C,10299.97,85.73,0.0215,15.0,0.024,10.0,87.73,13.65513,-3.04321,4.33035,3e-05,0.09872
10439.1,SYN.BTC-25OCT19,1568372343030,open,0.13,20.0,0.093,0.164,0.12886874,72.05,0.122,0.0,BTC-25OCT19-11000-P,10299.97,68.06,0.1235,24.4,0.133,24.4,75.12,14.04601,-12.084,-7.97264,0.00016,-0.53682
10331.63,SYN.BTC-20SEP19,1568372343029,open,0.07,1.4,0.045,0.093,0.06843082,61.87,0.0715,0.0,BTC-20SEP19-9750-C,10299.97,52.12,0.0645,10.0,0.0705,6.0,66.7,4.35011,-19.5707,1.35709,0.00035,0.76573
10331.63,SYN.BTC-20SEP19,1568372343030,open,0.28,0.0,0.2595,0.2915,0.27484685,109.82,None,0.0,BTC-20SEP19-7500-C,10299.97,0.0,0.0,0.0,0.0,0.0,0.0,0.50252,-4.01309,1.38428,2e-05,0.98611
10331.63,SYN.BTC-20SEP19,1568372343031,open,0.06,1.1,0.0335,0.0865,0.05883758,62.53,0.0605,0.0,BTC-20SEP19-10750-P,10299.97,55.79,0.0555,10.0,0.0595,1.2,63.85,5.18038,-23.55791,-1.40409,0.00041,-0.66261
184.61,ETH-27DEC19,1568372343193,open,0.01,3142.0,0.001,0.021,0.010328,79.39,0.006,0.0,ETH-27DEC19-100-P,179.09,70.38,0.006,300.0,0.01,40.0,78.79,0.10064,-0.03809,-0.03154,0.00129,-0.04913
179.62,SYN.ETH-20SEP19,1568372343208,open,0.34,0.0,0.298,0.38,0.337219,101.06,None,0.0,ETH-20SEP19-240-P,179.09,0.0,0.0,0.0,0.0,0.0,0.0,0.01279,-0.09398,-0.04451,0.00208,-0.9783
184.61,ETH-27DEC19,1568372343212,open,0.0,3956.0,0.001,0.012,0.002721,108.11,0.002,0.0,ETH-27DEC19-760-C,179.09,96.88,0.001,2100.0,0.004,340.0,113.38,0.03896,-0.02008,0.00688,0.00037,0.01569
184.61,ETH-27DEC19,1568372343214,open,0.09,3222.0,0.047,0.123,0.086147,83.15,0.089,0.0,ETH-27DEC19-240-C,179.09,81.07,0.082,540.0,0.09,332.0,85.07,0.36922,-0.14636,0.14379,0.00453,0.35723
180.16,ETH-27SEP19,1568372343217,open,0.0,2439.0,0.001,0.011,0.001987,95.02,0.004,0.0,ETH-27SEP19-260-C,179.09,85.81,0.001,25.0,0.003,200.0,101.79,0.02361,-0.08083,0.00189,0.00201,0.02956
180.16,ETH-27SEP19,1568372343219,open,0.0,839.0,0.001,0.011,0.0,120.01,0.001,0.0,ETH-27SEP19-60-P,179.09,0.0,0.0,0.0,0.002,800.0,270.55,0.0,-1e-05,0.0,0.0,0.0
180.16,ETH-27SEP19,1568372343219,open,0.66,853.0,0.617,0.72,0.666162,112.75,0.673,0.0,ETH-27SEP19-300-P,179.09,0.0,0.4,5.0,0.68,10.0,180.62,0.0122,-0.04955,-0.11318,0.00088,-0.98644
180.16,ETH-27SEP19,1568372343221,open,0.02,8513.0,0.003,0.033,0.015094,72.87,0.013,0.0,ETH-27SEP19-160-P,179.09,68.72,0.013,620.0,0.016,2.0,74.61,0.09293,-0.24401,-0.01352,0.01034,-0.18238
184.61,ETH-27DEC19,1568372343223,open,0.78,101.0,0.701,0.841,0.769898,87.9,0.513,0.0,ETH-27DEC19-320-P,179.09,0.0,0.006,5.0,0.0,0.0,0.0,0.25575,-0.10718,-0.84562,0.00297,-0.82428
184.61,ETH-27DEC19,1568372343223,open,0.0,10321.0,0.001,0.015,0.004979,105.42,0.004,0.0,ETH-27DEC19-640-C,179.09,102.33,0.004,1000.0,0.006,640.0,108.24,0.0628,-0.03156,0.01199,0.00061,0.02759
180.16,ETH-27SEP19,1568372343223,open,2.1,24.0,2.018,2.204,2.108348,120.0,1.356,0.0,ETH-27SEP19-560-P,179.09,0.0,0.0,0.0,0.0,0.0,0.0,0.0,-1e-05,-0.21289,0.0,-1.0
180.16,ETH-27SEP19,1568372343223,open,1.22,79.0,1.156,1.289,1.220278,120.0,0.351,0.0,ETH-27SEP19-400-P,179.09,0.0,0.0,0.0,0.0,0.0,0.0,0.00062,-0.00269,-0.15203,4e-05,-0.9995
180.16,ETH-27SEP19,1568372343223,open,0.0,11094.0,0.001,0.011,0.001034,99.48,0.001,0.0,ETH-27SEP19-120-P,179.09,0.0,0.0,0.0,0.002,600.0,110.44,0.01268,-0.04546,-0.00104,0.00103,-0.01419
184.61,ETH-27DEC19,1568372343228,open,2.92,0.0,2.787,3.03,2.903622,108.11,None,0.0,ETH-27DEC19-720-P,179.09,0.0,0.003,5.0,0.0,0.0,0.0,0.04741,-0.02444,-2.06016,0.00045,-0.98025
180.16,ETH-27SEP19,1568372343228,open,0.02,2524.0,0.005,0.043,0.021549,75.16,0.02,0.0,ETH-27SEP19-200-C,179.09,71.08,0.019,591.0,0.024,160.0,78.98,0.11421,-0.30931,0.01641,0.01232,0.2612
180.16,ETH-27SEP19,1568372343242,open,0.06,1582.0,0.027,0.085,0.056956,72.74,0.061,0.0,ETH-27SEP19-180-C,179.09,68.93,0.054,307.0,0.061,427.0,77.96,0.13972,-0.36624,0.03245,0.01557,0.53076
180.16,ETH-27SEP19,1568372343242,open,0.34,2550.0,0.294,0.38,0.335664,86.35,0.322,0.0,ETH-27SEP19-240-P,179.09,0.0,0.053,5.0,0.88,5.0,500.0,0.03777,-0.11753,-0.08787,0.00355,-0.94731
180.16,ETH-27SEP19,1568372343244,open,0.13,2697.0,0.093,0.17,0.131673,75.16,0.122,0.0,ETH-27SEP19-200-P,179.09,0.0,0.098,1.0,0.24,45.0,220.72,0.11421,-0.30931,-0.05962,0.01232,-0.7388
184.61,ETH-27DEC19,1568372343247,open,0.01,1857.0,0.001,0.025,0.010528,96.88,0.009,0.0,ETH-27DEC19-480-C,179.09,94.28,0.009,802.0,0.012,240.0,99.19,0.11326,-0.05232,0.02466,0.00119,0.05702
180.16,ETH-27SEP19,1568372343249,open,0.0,2008.0,0.001,0.011,0.001516,106.04,0.002,0.0,ETH-27SEP19-280-C,179.09,100.11,0.001,1003.0,0.002,200.0,110.49,0.01788,-0.06832,0.00135,0.00137,0.02122
180.16,ETH-27SEP19,1568372343249,open,0.23,1574.0,0.189,0.272,0.230052,81.97,0.227,0.0,ETH-27SEP19-220-P,179.09,0.0,0.077,5.0,0.0,0.0,0.0,0.07067,-0.20876,-0.07596,0.00699,-0.87901
180.16,ETH-27SEP19,1568372343251,open,0.77,606.0,0.725,0.833,0.776912,120.0,0.715,0.0,ETH-27SEP19-320-P,179.09,0.0,0.0,0.0,1.39,1.0,500.0,0.0091,-0.03937,-0.12104,0.00061,-0.99032
180.16,ETH-27SEP19,1568372343255,open,0.0,2907.0,0.001,0.011,6e-06,120.0,0.001,0.0,ETH-27SEP19-440-C,179.09,0.0,0.0,0.0,0.001,194.0,181.14,0.00015,-0.00065,1e-05,1e-05,0.00011
184.61,ETH-27DEC19,1568372343255,open,0.03,956.0,0.008,0.048,0.024658,89.65,0.024,0.0,ETH-27DEC19-360-C,179.09,87.18,0.022,820.0,0.027,40.0,91.72,0.2039,-0.08715,0.05332,0.00232,0.12517
184.61,ETH-27DEC19,1568372343255,open,2.27,0.0,2.157,2.364,2.25606,103.77,0.953,0.0,ETH-27DEC19-600-P,179.09,0.0,0.0,0.0,0.0,0.0,0.0,0.07251,-0.03587,-1.70974,0.00071,-0.96719
180.16,ETH-27SEP19,1568372343255,open,1.88,12.0,1.803,1.975,1.886324,120.0,1.193,0.0,ETH-27SEP19-520-P,179.09,0.0,0.0,0.0,0.0,0.0,0.0,1e-05,-4e-05,-0.19768,0.0,-0.99999
184.61,ETH-27DEC19,1568372343259,open,1.62,21.0,1.528,1.701,1.610604,96.88,0.629,0.0,ETH-27DEC19-480-P,179.09,0.0,0.001,7.0,0.0,0.0,0.0,0.11326,-0.05232,-1.35452,0.00119,-0.94298
184.61,ETH-27DEC19,1568372343259,open,1.19,16.0,1.11,1.265,1.184784,92.3,1.195,0.0,ETH-27DEC19-400-P,179.09,0.0,0.001,8.0,0.0,0.0,0.0,0.16617,-0.07312,-1.10895,0.00184,-0.90583
180.16,ETH-27SEP19,1568372343261,open,1.11,259.0,1.048,1.174,1.109301,120.0,0.94,0.0,ETH-27SEP19-380-P,179.09,0.0,0.009,8.0,0.0,0.0,0.0,0.00125,-0.0054,-0.14439,8e-05,-0.99894
180.16,ETH-27SEP19,1568372343261,open,0.56,0.0,0.543,0.569,0.55596,120.0,None,0.0,ETH-27SEP19-80-C,179.09,0.0,0.004,5.0,0.0,0.0,0.0,0.00023,-0.00097,0.0304,2e-05,0.99983
184.61,ETH-27DEC19,1568372343261,open,1.41,0.0,1.319,1.482,1.397073,94.77,None,0.0,ETH-27DEC19-440-P,179.09,0.0,0.001,8.0,0.0,0.0,0.0,0.13683,-0.06182,-1.23293,0.00147,-0.92727
180.16,ETH-27SEP19,1568372343261,open,0.34,116.0,0.314,0.356,0.334924,98.96,0.327,0.0,ETH-27SEP19-120-C,179.09,0.0,0.017,12.0,0.0,0.0,0.0,0.01239,-0.0442,0.0446,0.00101,0.98618
180.16,ETH-27SEP19,1568372343261,open,0.0,7916.0,0.001,0.011,0.0,120.0,0.001,0.0,ETH-27SEP19-760-C,179.09,0.0,0.0,0.0,0.001,1.0,270.16,0.0,0.0,0.0,0.0,0.0
180.16,ETH-27SEP19,1568372343261,open,1.0,233.0,0.94,1.06,0.998369,120.0,0.634,0.0,ETH-27SEP19-360-P,179.09,0.0,0.5,44.0,0.0,0.0,0.0,0.00247,-0.01069,-0.13671,0.00017,-0.99776
181.53,SYN.ETH-25OCT19,1568372343261,open,0.17,162.0,0.131,0.201,0.168566,77.47,0.167,0.0,ETH-25OCT19-160-C,179.09,74.28,0.165,240.0,0.177,32.0,84.93,0.20337,-0.18812,0.11689,0.00694,0.72983
184.61,ETH-27DEC19,1568372343263,open,1.84,37.0,1.737,1.921,1.824782,98.34,0.707,0.0,ETH-27DEC19-520-P,179.09,0.0,0.002,25.0,0.0,0.0,0.0,0.0929,-0.04356,-1.47479,0.00096,-0.95553
184.61,ETH-27DEC19,1568372343263,open,0.3,2.0,0.259,0.332,0.298508,79.39,0.275,0.0,ETH-27DEC19-140-C,179.09,0.0,0.0,0.0,0.0,0.0,0.0,0.27209,-0.10298,0.26913,0.0035,0.80587
180.16,ETH-27SEP19,1568372343265,open,0.0,3439.0,0.001,0.011,0.0,120.0,0.001,0.0,ETH-27SEP19-680-C,179.09,0.0,0.0,0.0,0.001,5.0,252.63,0.0,0.0,0.0,0.0,0.0
184.61,ETH-27DEC19,1568372343267,open,0.38,2.0,0.346,0.406,0.377506,79.39,0.346,0.0,ETH-27DEC19-120-C,179.09,0.0,0.101,1.0,0.0,0.0,0.0,0.18642,-0.07056,0.2717,0.0024,0.88972
179.62,SYN.ETH-20SEP19,1568372343269,open,0.0,0.0,0.001,0.011,0.000312,119.88,None,0.0,ETH-20SEP19-120-P,179.09,0.0,0.0,0.0,0.002,500.0,155.89,0.00397,-0.0346,-0.0002,0.00054,-0.00564
184.61,ETH-27DEC19,1568372343279,open,0.03,8337.0,0.011,0.047,0.027525,79.39,0.025,0.0,ETH-27DEC19-120-P,179.09,74.77,0.023,301.0,0.026,40.0,77.86,0.18642,-0.07056,-0.0731,0.0024,-0.11028
184.61,ETH-27DEC19,1568372343279,open,0.39,694.0,0.323,0.446,0.386185,83.15,0.44,0.0,ETH-27DEC19-240-P,179.09,77.49,0.375,240.0,1.0,5.0,416.61,0.36922,-0.14636,-0.5458,0.00453,-0.64277
180.16,ETH-27SEP19,1568372343279,open,0.0,5974.0,0.001,0.011,0.000331,120.0,0.001,0.0,ETH-27SEP19-100-P,179.09,0.0,0.0,0.0,0.002,515.0,152.89,0.00438,-0.01892,-0.00031,0.0003,-0.00423
179.62,SYN.ETH-20SEP19,1568372343279,open,0.17,0.0,0.136,0.211,0.172485,76.18,None,0.0,ETH-20SEP19-210-P,179.09,0.0,0.0,0.0,0.265,1.0,283.54,0.03476,-0.19259,-0.03715,0.00751,-0.92538
180.16,ETH-27SEP19,1568372343283,open,2.33,27.0,2.234,2.433,2.330373,120.0,1.044,0.0,ETH-27SEP19-600-P,179.09,0.0,0.0,0.0,0.0,0.0,0.0,0.0,0.0,-0.22809,0.0,-1.0
184.61,ETH-27DEC19,1568372343283,open,0.1,2442.0,0.061,0.137,0.099286,79.4,0.095,0.0,ETH-27DEC19-160-P,179.09,75.43,0.092,560.0,0.103,32.0,81.42,0.33956,-0.12854,-0.2073,0.00437,-0.29152
184.61,ETH-27DEC19,1568372343283,open,2.48,0.0,2.367,2.586,2.471746,105.42,None,0.0,ETH-27DEC19-640-P,179.09,0.0,0.0,0.0,0.0,0.0,0.0,0.0628,-0.03156,-1.82692,0.00061,-0.97241
180.16,ETH-27SEP19,1568372343283,open,0.45,20.0,0.428,0.462,0.445268,120.0,0.441,0.0,ETH-27SEP19-100-C,179.09,0.0,0.011,15.0,0.0,0.0,0.0,0.00438,-0.01892,0.0377,0.0003,0.99577
184.61,ETH-27DEC19,1568372343285,open,0.01,820.0,0.003,0.031,0.013544,94.6,0.011,0.0,ETH-27DEC19-440-C,179.09,92.43,0.012,500.0,0.015,40.0,96.52,0.13613,-0.06139,0.03114,0.00147,0.07224
184.61,ETH-27DEC19,1568372343287,open,0.23,2379.0,0.168,0.274,0.222861,80.61,0.21,0.0,ETH-27DEC19-200-P,179.09,77.4,0.216,24.0,0.232,24.0,84.89,0.39459,-0.15165,-0.37693,0.005,-0.48774
180.16,ETH-27SEP19,1568372343287,open,0.0,3419.0,0.001,0.011,0.0,120.0,0.001,0.0,ETH-27SEP19-640-C,179.09,0.0,0.0,0.0,0.001,237.0,242.96,0.0,0.0,0.0,0.0,0.0
184.61,ETH-27DEC19,1568372343289,open,2.7,0.0,2.577,2.807,2.687203,105.42,None,0.0,ETH-27DEC19-680-P,179.09,0.0,0.002,10.0,0.0,0.0,0.0,0.05083,-0.02555,-1.94447,0.00049,-0.97855
184.61,ETH-27DEC19,1568372343289,open,2.05,0.0,1.947,2.141,2.039478,99.24,0.845,0.0,ETH-27DEC19-560-P,179.09,0.0,0.0,0.0,0.0,0.0,0.0,0.07535,-0.03565,-1.59403,0.00078,-0.96562
180.16,ETH-27SEP19,1568372343289,open,0.0,2060.0,0.001,0.011,1e-05,120.0,0.003,0.0,ETH-27SEP19-80-P,179.09,0.0,0.0,0.0,0.001,10.0,184.93,0.00023,-0.00097,-1e-05,2e-05,-0.00017
184.61,ETH-27DEC19,1568372343289,open,0.01,8412.0,0.001,0.017,0.005965,103.77,0.005,0.0,ETH-27DEC19-600-C,179.09,101.17,0.005,100.0,0.007,40.0,106.27,0.07251,-0.03587,0.01424,0.00071,0.03281
184.61,ETH-27DEC19,1568372343291,open,0.02,1585.0,0.005,0.038,0.018054,92.3,0.017,0.0,ETH-27DEC19-400-C,179.09,89.94,0.016,720.0,0.02,40.0,94.4,0.16617,-0.07312,0.04037,0.00184,0.09417
180.16,ETH-27SEP19,1568372343296,open,2.55,0.0,2.449,2.662,2.552398,120.0,None,0.0,ETH-27SEP19-640-P,179.09,0.0,0.0,0.0,0.0,0.0,0.0,0.0,0.0,-0.2433,0.0,-1.0
184.61,ETH-27DEC19,1568372343298,open,0.98,257.0,0.904,1.05,0.974715,89.65,0.947,0.0,ETH-27DEC19-360-P,179.09,0.0,0.008,4.0,1.59,1.0,416.43,0.2039,-0.08715,-0.98107,0.00232,-0.87483
184.61,ETH-27DEC19,1568372343298,open,0.0,5902.0,0.001,0.013,0.003762,105.42,0.003,0.0,ETH-27DEC19-680-C,179.09,97.58,0.002,2250.0,0.005,840.0,109.49,0.05083,-0.02555,0.00938,0.00049,0.02145
180.16,ETH-27SEP19,1568372343298,open,0.0,5725.0,0.001,0.011,2.9e-05,119.99,0.001,0.0,ETH-27SEP19-400-C,179.09,0.0,0.0,0.0,0.001,106.0,164.75,0.00062,-0.00268,3e-05,4e-05,0.0005
180.16,ETH-27SEP19,1568372343298,open,0.0,2951.0,0.001,0.011,0.000145,119.99,0.006,0.0,ETH-27SEP19-360-C,179.09,0.0,0.0,0.0,0.003,500.0,169.22,0.00247,-0.01068,0.00014,0.00017,0.00224
180.16,ETH-27SEP19,1568372343300,open,0.67,0.0,0.657,0.676,0.666963,120.0,0.01,0.0,ETH-27SEP19-60-C,179.09,0.0,0.003,10.0,0.0,0.0,0.0,0.0,-1e-05,0.02281,0.0,1.0
180.16,ETH-27SEP19,1568372343308,open,1.44,0.0,1.372,1.517,1.442279,120.0,None,0.0,ETH-27SEP19-440-P,179.09,0.0,0.0,0.0,0.0,0.0,0.0,0.00015,-0.00065,-0.16726,1e-05,-0.99989
180.16,ETH-27SEP19,1568372343314,open,0.0,2698.0,0.001,0.011,0.0,120.0,0.001,0.0,ETH-27SEP19-720-C,179.09,0.0,0.0,0.0,0.001,222.0,261.67,0.0,0.0,0.0,0.0,0.0
180.16,ETH-27SEP19,1568372343314,open,0.55,730.0,0.51,0.606,0.555777,106.9,0.533,0.0,ETH-27SEP19-280-P,179.09,0.0,0.35,8.0,0.9,5.0,500.0,0.01854,-0.0714,-0.10504,0.00141,-0.97786
184.61,ETH-27DEC19,1568372343314,open,0.14,2128.0,0.094,0.179,0.139496,80.61,0.129,0.0,ETH-27DEC19-200-C,179.09,77.57,0.133,300.0,0.145,377.0,83.18,0.39459,-0.15165,0.19773,0.005,0.51226
180.16,ETH-27SEP19,1568372343314,open,0.0,1897.0,0.001,0.011,6.5e-05,120.0,0.001,0.0,ETH-27SEP19-380-C,179.09,0.0,0.0,0.0,0.003,500.0,179.78,0.00125,-0.0054,7e-05,8e-05,0.00106
180.16,ETH-27SEP19,1568372343314,open,0.0,2663.0,0.001,0.011,0.000323,120.0,0.001,0.0,ETH-27SEP19-340-C,179.09,0.0,0.0,0.0,0.003,500.0,157.89,0.0048,-0.02077,0.0003,0.00032,0.0047
180.16,ETH-27SEP19,1568372343316,open,0.0,11621.0,0.001,0.012,0.002075,74.08,0.003,0.0,ETH-27SEP19-140-P,179.09,65.29,0.001,400.0,0.003,200.0,79.65,0.02683,-0.07162,-0.00251,0.00294,-0.03451
184.61,ETH-27DEC19,1568372343316,open,0.58,432.0,0.505,0.637,0.571408,85.39,0.66,0.0,ETH-27DEC19-280-P,179.09,77.79,0.559,240.0,1.0,1.0,296.96,0.31305,-0.12745,-0.70205,0.00374,-0.75211
180.16,ETH-27SEP19,1568372343316,open,0.44,1241.0,0.402,0.492,0.445148,95.02,0.426,0.0,ETH-27SEP19-260-P,179.09,0.0,0.3,5.0,0.0,0.0,0.0,0.02361,-0.08083,-0.09695,0.00201,-0.97044
180.16,ETH-27SEP19,1568372343316,open,1.66,0.0,1.587,1.746,1.6643,120.0,None,0.0,ETH-27SEP19-480-P,179.09,0.0,0.0,0.0,0.0,0.0,0.0,4e-05,-0.00015,-0.18247,0.0,-0.99998
184.61,ETH-27DEC19,1568372343318,open,0.01,3693.0,0.001,0.021,0.008033,98.34,0.007,0.0,ETH-27DEC19-520-C,179.09,93.93,0.006,700.0,0.01,240.0,101.99,0.0929,-0.04356,0.01933,0.00096,0.04447
184.61,ETH-27DEC19,1568372343318,open,0.01,4983.0,0.001,0.017,0.006056,99.24,0.005,0.0,ETH-27DEC19-560-C,179.09,93.52,0.004,1000.0,0.008,240.0,103.59,0.07535,-0.03565,0.01502,0.00078,0.03438
184.61,ETH-27DEC19,1568372343320,open,0.23,157.0,0.188,0.27,0.232573,79.39,0.214,0.0,ETH-27DEC19-160-C,179.09,72.53,0.22,24.0,0.235,24.0,80.71,0.33956,-0.12852,0.25245,0.00437,0.70849
180.16,ETH-27SEP19,1568372343320,open,0.89,294.0,0.833,0.947,0.887639,123.52,1.024,0.0,ETH-27SEP19-340-P,179.09,0.0,0.0,0.0,1.19,1.0,500.0,0.00591,-0.02629,-0.12888,0.00039,-0.99408
180.16,ETH-27SEP19,1568372343320,open,0.0,4896.0,0.001,0.011,0.000976,112.75,0.001,0.0,ETH-27SEP19-300-C,179.09,0.0,0.0,0.0,0.002,700.0,124.41,0.0122,-0.04955,0.00086,0.00088,0.01356
180.16,ETH-27SEP19,1568372343323,open,0.06,6454.0,0.026,0.087,0.056067,72.74,0.058,0.0,ETH-27SEP19-180-P,179.09,67.5,0.052,416.0,0.059,1.0,76.53,0.13972,-0.36624,-0.03598,0.01557,-0.46924
184.61,ETH-27DEC19,1568372343325,open,3.13,0.0,2.998,3.252,3.119508,108.11,None,0.0,ETH-27DEC19-760-P,179.09,0.0,0.0,0.0,0.0,0.0,0.0,0.03896,-0.02008,-2.17683,0.00037,-0.98431
180.16,ETH-27SEP19,1568372343325,open,0.23,214.0,0.2,0.249,0.224988,74.08,0.227,0.0,ETH-27SEP19-140-C,179.09,0.0,0.007,20.0,0.0,0.0,0.0,0.02683,-0.07162,0.05072,0.00294,0.96549
184.61,ETH-27DEC19,1568372343325,open,0.0,3653.0,0.001,0.013,0.003508,108.11,0.002,0.0,ETH-27DEC19-720-C,179.09,101.05,0.002,2000.0,0.005,340.0,113.23,0.04741,-0.02444,0.00862,0.00045,0.01975
186.59,SYN.ETH-27MAR20,1568372343328,open,1.21,0.0,1.112,1.295,1.201973,90.57,None,0.0,ETH-27MAR20-400-P,179.09,0.0,0.001,10.0,1.253,3.0,112.31,0.3904,-0.09026,-1.99783,0.00231,-0.79319
184.61,ETH-27DEC19,1568372343397,open,0.18,506.0,0.133,0.219,0.179143,79.38,0.182,0.0,ETH-27DEC19-180-C,179.09,76.4,0.173,240.0,0.184,24.0,81.73,0.38043,-0.14396,0.22709,0.00489,0.60726
181.53,SYN.ETH-25OCT19,1568372343410,open,0.11,474.0,0.071,0.141,0.108227,77.48,0.113,0.0,ETH-25OCT19-180-C,179.09,75.06,0.105,240.0,0.114,317.0,81.81,0.24204,-0.22392,0.09511,0.00826,0.56492
186.59,SYN.ETH-27MAR20,1568372343410,open,0.05,20.0,0.018,0.081,0.047172,91.56,0.043,0.0,ETH-27MAR20-440-C,179.09,89.29,0.043,520.0,0.051,32.0,93.57,0.34938,-0.08166,0.12568,0.00204,0.17269
179.62,SYN.ETH-20SEP19,1568372343416,open,0.0,14.0,0.001,0.011,0.001995,83.84,0.004,0.0,ETH-20SEP19-220-C,179.09,0.0,0.0,0.0,0.004,700.0,96.53,0.023,-0.14022,0.00143,0.00451,0.04412
184.61,ETH-27DEC19,1568372343464,open,0.16,159.0,0.106,0.199,0.154224,79.4,0.168,0.0,ETH-27DEC19-180-P,179.09,76.38,0.148,553.0,0.161,281.0,82.69,0.38042,-0.14401,-0.29012,0.00489,-0.39272
181.53,SYN.ETH-25OCT19,1568372343478,open,0.1,106.0,0.062,0.137,0.099857,77.52,0.1,0.0,ETH-25OCT19-180-P,179.09,73.88,0.095,626.0,0.102,2.0,79.13,0.24204,-0.22404,-0.1114,0.00826,-0.43506
186.59,SYN.ETH-27MAR20,1568372343482,open,1.41,0.0,1.312,1.503,1.405394,91.63,None,0.0,ETH-27MAR20-440-P,179.09,0.0,0.002,10.0,1.465,3.0,118.45,0.34978,-0.08181,-2.23538,0.00204,-0.82701
184.61,ETH-27DEC19,1568372343531,open,0.11,1308.0,0.066,0.148,0.108892,81.73,0.111,0.0,ETH-27DEC19-220-C,179.09,79.4,0.104,540.0,0.114,324.0,84.15,0.38835,-0.15132,0.1693,0.00485,0.42807
186.59,SYN.ETH-27MAR20,1568372343558,open,0.04,173.0,0.014,0.072,0.040019,93.26,0.039,0.0,ETH-27MAR20-480-C,179.09,91.45,0.037,200.0,0.043,40.0,94.98,0.31702,-0.07547,0.10894,0.00182,0.14882
179.62,SYN.ETH-20SEP19,1568372343591,open,0.23,0.0,0.19,0.267,0.22687,84.37,None,0.0,ETH-20SEP19-220-P,179.09,0.0,0.0,0.0,0.0,0.0,0.0,0.02345,-0.14385,-0.03998,0.00457,-0.95481
184.61,ETH-27DEC19,1568372343606,open,0.3,242.0,0.241,0.357,0.300658,81.76,0.371,0.0,ETH-27DEC19-220-P,179.09,78.59,0.294,264.0,0.311,24.0,86.66,0.38836,-0.15138,-0.46281,0.00485,-0.57184
181.53,SYN.ETH-25OCT19,1568372343611,open,0.17,211.0,0.125,0.214,0.170338,79.31,0.167,0.0,ETH-25OCT19-200-P,179.09,72.95,0.162,96.0,0.177,96.0,84.35,0.23909,-0.22642,-0.15826,0.00797,-0.58955
186.59,SYN.ETH-27MAR20,1568372343641,open,1.62,0.0,1.516,1.715,1.612624,93.34,None,0.0,ETH-27MAR20-480-P,179.09,0.0,0.003,10.0,0.0,0.0,0.0,0.31752,-0.07565,-2.46674,0.00182,-0.85083
179.62,SYN.ETH-20SEP19,1568372343667,open,0.0,200.0,0.001,0.011,0.001602,94.58,0.001,0.0,ETH-20SEP19-230-C,179.09,0.0,0.0,0.0,0.003,700.0,105.94,0.01811,-0.12452,0.00106,0.00315,0.0329
179.62,SYN.ETH-20SEP19,1568372343730,open,0.28,0.0,0.244,0.324,0.282152,95.27,None,0.0,ETH-20SEP19-230-P,179.09,0.0,0.0,0.0,0.0,0.0,0.0,0.01859,-0.1288,-0.04223,0.00321,-0.96602
184.61,ETH-27DEC19,1568372343771,open,0.48,0.0,0.412,0.539,0.476062,83.93,None,0.0,ETH-27DEC19-260-P,179.09,0.0,0.0,0.0,1.0,5.0,350.88,0.34191,-0.13681,-0.62601,0.00416,-0.7041
181.53,SYN.ETH-25OCT19,1568372343773,open,0.26,0.0,0.206,0.302,0.254298,80.56,None,0.0,ETH-25OCT19-220-P,179.09,0.0,0.0,0.0,0.0,0.0,0.0,0.20875,-0.20079,-0.20187,0.00685,-0.71499
10363.94,BTC-27SEP19,1568372343797,open,0.05,84.5,0.0225,0.071,0.0469201,68.03,0.047,0.0,BTC-27SEP19-10500-C,10299.97,64.92,0.0445,2.3,0.0475,0.1,68.78,8.05737,-19.75087,1.7348,0.00029,0.48723
10363.94,BTC-27SEP19,1568372343799,open,0.05,84.5,0.0225,0.071,0.0469201,68.03,0.047,0.0,BTC-27SEP19-10500-C,10299.97,64.92,0.0445,13.0,0.0475,0.1,68.78,8.05737,-19.75087,1.7348,0.00029,0.48723
186.59,SYN.ETH-27MAR20,1568372343809,open,1.83,0.0,1.72,1.928,1.820219,94.15,None,0.0,ETH-27MAR20-520-P,179.09,0.0,0.005,10.0,0.0,0.0,0.0,0.28439,-0.06835,-2.69689,0.00162,-0.87308
181.53,SYN.ETH-25OCT19,1568372343843,open,0.01,2064.0,0.001,0.025,0.010854,86.06,0.008,0.0,ETH-25OCT19-280-C,179.09,82.53,0.009,500.0,0.013,663.0,89.79,0.09983,-0.10259,0.01648,0.00307,0.08998
184.61,ETH-27DEC19,1568372343846,open,0.04,683.0,0.018,0.074,0.044039,86.39,0.048,0.0,ETH-27DEC19-300-C,179.09,84.38,0.041,220.0,0.047,32.0,88.3,0.28277,-0.11646,0.08643,0.00334,0.20698
181.53,SYN.ETH-25OCT19,1568372343852,open,0.03,70.0,0.009,0.049,0.026813,82.68,0.033,0.0,ETH-25OCT19-240-C,179.09,81.81,0.026,2.0,0.028,3.0,83.94,0.1699,-0.16773,0.03518,0.00544,0.19572
186.59,SYN.ETH-27MAR20,1568372343894,open,0.03,324.0,0.009,0.055,0.028077,94.95,0.03,0.0,ETH-27MAR20-560-C,179.09,92.63,0.025,200.0,0.031,40.0,97.03,0.25522,-0.06186,0.08096,0.00144,0.10893
181.53,SYN.ETH-25OCT19,1568372343922,open,0.35,0.0,0.299,0.399,0.348987,82.76,None,0.0,ETH-25OCT19-240-P,179.09,0.0,0.0,0.0,0.0,0.0,0.0,0.17006,-0.16804,-0.24012,0.00544,-0.80398
184.61,ETH-27DEC19,1568372343934,open,0.68,0.0,0.602,0.737,0.669175,86.45,None,0.0,ETH-27DEC19-300-P,179.09,0.0,0.0,0.0,0.0,0.0,0.0,0.28296,-0.11662,-0.77548,0.00334,-0.79278
181.53,SYN.ETH-25OCT19,1568372343948,open,0.55,3.0,0.502,0.608,0.553391,86.22,0.645,0.0,ETH-25OCT19-280-P,179.09,0.0,0.0,0.0,0.0,0.0,0.0,0.10022,-0.10317,-0.30468,0.00307,-0.90955
186.59,SYN.ETH-27MAR20,1568372343975,open,2.04,0.0,1.925,2.142,2.02945,95.07,None,0.0,ETH-27MAR20-560-P,179.09,0.0,0.01,10.0,0.0,0.0,0.0,0.25598,-0.06212,-2.92397,0.00144,-0.89062
181.53,SYN.ETH-25OCT19,1568372344000,open,0.02,350.0,0.005,0.035,0.016934,84.38,0.015,0.0,ETH-25OCT19-260-C,179.09,81.65,0.015,220.0,0.019,658.0,87.16,0.13188,-0.13287,0.02409,0.00413,0.13262
184.61,ETH-27DEC19,1568372344013,open,0.03,900.0,0.01,0.056,0.030222,89.06,0.031,0.0,ETH-27DEC19-340-C,179.09,87.24,0.028,100.0,0.032,40.0,90.47,0.22974,-0.09754,0.06302,0.00263,0.14904
10608.4,BTC-27DEC19,1568372344037,open,0.25,87.4,0.1965,0.2935,0.24577836,76.24,0.248,0.0,BTC-27DEC19-12000-P,10299.99,74.22,0.2415,8.0,0.252,23.4,79.16,22.5785,-8.20638,-23.91356,9e-05,-0.53876
10608.4,BTC-27DEC19,1568372344037,open,0.07,496.3,0.0375,0.1065,0.07109613,77.48,0.07,0.0,BTC-27DEC19-14000-C,10299.99,76.13,0.0685,19.0,0.0725,19.3,78.21,20.40577,-7.53804,7.66824,8e-05,0.32267
10363.97,BTC-27SEP19,1568372344037,open,0.13,16.6,0.098,0.1585,0.12801454,69.93,0.131,0.0,BTC-27SEP19-11500-P,10299.99,51.85,0.118,9.1,0.137,8.0,83.94,6.33342,-15.96008,-3.48437,0.00022,-0.75636
10439.16,SYN.BTC-25OCT19,1568372344037,open,0.03,95.9,0.011,0.0525,0.02972155,74.46,0.032,0.0,BTC-25OCT19-13000-C,10299.99,73.26,0.0285,7.0,0.0305,19.4,75.22,10.69804,-9.51164,2.381,0.00011,0.22853
10722.25,SYN.BTC-27MAR20,1568372344037,open,0.01,419.3,0.001,0.028,0.01073242,90.39,0.01,0.0,BTC-27MAR20-40000-C,10299.99,87.92,0.009,51.1,0.0115,16.0,91.4,7.93709,-1.83132,2.18675,1e-05,0.04874
10331.67,SYN.BTC-20SEP19,1568372344037,open,0.0,92.4,0.0005,0.0105,0.00073791,78.88,0.0015,0.0,BTC-20SEP19-13000-C,10299.99,74.71,0.0005,0.6,0.001,31.0,82.55,0.66672,-3.82421,0.03617,4e-05,0.01932
10722.25,SYN.BTC-27MAR20,1568372344036,open,0.04,40.7,0.0115,0.065,0.03375212,85.67,0.035,0.0,BTC-27MAR20-26000-C,10299.99,83.92,0.031,30.0,0.0345,10.0,86.14,17.15802,-3.75236,5.8951,3e-05,0.1362
10439.16,SYN.BTC-25OCT19,1568372344037,open,0.25,0.0,0.226,0.2725,0.24932244,73.28,None,0.0,BTC-25OCT19-8000-C,10299.99,0.0,0.2335,10.0,0.9215,4.0,500.0,6.89656,-6.03396,7.60386,8e-05,0.88421
10331.67,SYN.BTC-20SEP19,1568372344037,open,0.0,66.1,0.0005,0.0105,0.00053523,85.53,0.0005,0.0,BTC-20SEP19-8000-P,10299.99,0.0,0.0,0.0,0.001,30.4,93.87,0.46281,-2.87847,-0.02561,3e-05,-0.01262
181.53,SYN.ETH-25OCT19,1568372344069,open,0.45,3.0,0.399,0.502,0.449289,84.49,0.534,0.0,ETH-25OCT19-260-P,179.09,0.0,0.0,0.0,0.0,0.0,0.0,0.13214,-0.13331,-0.27413,0.00414,-0.86699
186.59,SYN.ETH-27MAR20,1568372344072,open,0.03,2885.0,0.007,0.051,0.025042,96.66,0.023,0.0,ETH-27MAR20-600-C,179.09,95.01,0.023,299.0,0.027,40.0,98.18,0.23563,-0.05814,0.07264,0.0013,0.09758
184.61,ETH-27DEC19,1568372344082,open,0.88,0.0,0.802,0.945,0.872043,89.14,None,0.0,ETH-27DEC19-340-P,179.09,0.0,0.0,0.0,0.0,0.0,0.0,0.23006,-0.09777,-0.91379,0.00264,-0.85065
184.61,ETH-27DEC19,1568372344158,open,0.02,11.0,0.006,0.042,0.020615,90.6,0.018,0.0,ETH-27DEC19-380-C,179.09,87.86,0.018,1219.0,0.023,40.0,92.95,0.18218,-0.07869,0.04572,0.00205,0.10681
186.59,SYN.ETH-27MAR20,1568372344176,open,2.25,0.0,2.131,2.359,2.240799,96.8,None,0.0,ETH-27MAR20-600-P,179.09,0.0,0.02,10.0,0.0,0.0,0.0,0.2365,-0.05844,-3.14692,0.00131,-0.90192
184.61,ETH-27DEC19,1568372344247,open,1.09,0.0,1.007,1.156,1.079115,90.71,None,0.0,ETH-27DEC19-380-P,179.09,0.0,0.0,0.0,0.0,0.0,0.0,0.18264,-0.07899,-1.04599,0.00206,-0.89281
10363.97,BTC-27SEP19,1568372344371,open,0.05,84.5,0.0225,0.071,0.04692118,68.03,0.047,0.0,BTC-27SEP19-10500-C,10299.99,65.56,0.045,0.1,0.0475,0.1,68.78,8.0574,-19.75249,1.73484,0.00029,0.48724
10363.97,BTC-27SEP19,1568372344798,open,0.05,84.5,0.0225,0.071,0.04692118,68.03,0.047,0.0,BTC-27SEP19-10500-C,10299.99,64.92,0.0445,2.3,0.0475,0.1,68.78,8.0574,-19.75249,1.73484,0.00029,0.48724
10363.97,BTC-27SEP19,1568372344802,open,0.05,84.5,0.0225,0.071,0.04692118,68.03,0.047,0.0,BTC-27SEP19-10500-C,10299.99,64.92,0.0445,13.0,0.0475,0.1,68.78,8.0574,-19.75249,1.73484,0.00029,0.48724
10331.7,SYN.BTC-20SEP19,1568372345046,open,0.01,124.0,0.0005,0.0185,0.00590519,67.22,0.0055,0.0,BTC-20SEP19-11500-C,10299.99,65.82,0.0055,1.0,0.006,30.0,67.54,3.03799,-14.84994,0.2462,0.00022,0.13241
10722.28,SYN.BTC-27MAR20,1568372345052,open,2.37,0.0,2.2955,2.457,2.37171948,89.09,None,0.0,BTC-27MAR20-36000-P,10299.99,0.0,0.0005,10.0,0.0,0.0,0.0,9.7301,-2.21289,-190.38115,2e-05,-0.93692
10439.2,SYN.BTC-25OCT19,1568372345079,open,0.02,42.7,0.005,0.031,0.01567121,73.28,0.0165,0.0,BTC-25OCT19-8000-P,10299.99,73.02,0.0155,0.1,0.017,0.1,75.26,6.89706,-6.03487,-1.57455,8e-05,-0.1158
10364.03,BTC-27SEP19,1568372345112,open,0.11,4.3,0.077,0.1275,0.10315327,68.5,0.0875,0.0,BTC-27SEP19-9500-C,10299.99,62.29,0.0995,10.0,0.1065,16.0,73.98,6.22738,-15.37143,2.60287,0.00022,0.76379
10722.28,SYN.BTC-27MAR20,1568372345112,open,0.25,89.9,0.201,0.2955,0.25072025,77.31,0.2625,0.0,BTC-27MAR20-10000-C,10299.99,76.3,0.248,7.0,0.258,15.0,80.02,28.85305,-5.69417,23.42044,6e-05,0.65774
10722.28,SYN.BTC-27MAR20,1568372345143,open,0.63,0.0,0.622,0.6475,0.6339769,80.99,None,0.0,BTC-27MAR20-4000-C,10299.99,71.33,0.6305,1.0,0.999,0.1,500.0,4.60285,-0.95157,19.61815,1e-05,0.97492
10364.03,BTC-27SEP19,1568372345162,open,0.01,335.6,0.0005,0.0195,0.00687619,73.05,0.007,0.0,BTC-27SEP19-12500-C,10299.99,69.02,0.0055,31.0,0.007,30.0,73.4,3.71669,-9.78363,0.3932,0.00012,0.10667
10331.7,SYN.BTC-20SEP19,1568372345162,open,0.06,92.0,0.0285,0.0765,0.05170944,61.68,0.0535,0.0,BTC-20SEP19-10000-C,10299.99,56.22,0.049,4.8,0.0535,29.2,65.25,5.16242,-23.15525,1.19478,0.00042,0.6656
10722.28,SYN.BTC-27MAR20,1568372345183,open,0.45,55.6,0.382,0.509,0.44661033,80.67,0.4405,0.0,BTC-27MAR20-14000-P,10299.99,74.89,0.43,7.0,0.4445,2.1,79.94,30.95749,-6.37494,-58.03208,6e-05,-0.56193
10331.7,SYN.BTC-20SEP19,1568372345188,open,0.18,13.3,0.161,0.196,0.17811948,72.24,0.1795,0.0,BTC-20SEP19-8500-C,10299.99,0.0,0.171,9.0,0.193,4.0,145.51,0.73849,-3.87925,1.55715,5e-05,0.9782
10722.28,SYN.BTC-27MAR20,1568372345191,open,0.93,0.0,0.8635,1.001,0.93070179,83.63,None,0.0,BTC-27MAR20-20000-P,10299.99,0.0,0.0,0.0,0.0,0.0,0.0,24.33303,-5.19463,-97.37216,5e-05,-0.76153
186.59,SYN.ETH-27MAR20,1568372345203,open,0.3,222.0,0.248,0.344,0.300636,83.28,0.313,0.0,ETH-27MAR20-160-C,179.09,76.24,0.283,24.0,0.305,24.0,85.02,0.46694,-0.09926,0.41117,0.003,0.71125
10331.7,SYN.BTC-20SEP19,1568372345220,open,0.26,0.0,0.234,0.2865,0.25900524,78.94,None,0.0,BTC-20SEP19-13000-P,10299.99,0.0,0.0,0.0,0.0,0.0,0.0,0.66927,-3.84204,-2.41255,4e-05,-0.98059
10331.7,SYN.BTC-20SEP19,1568372345224,open,0.03,41.2,0.0105,0.0545,0.02963747,61.34,0.029,0.0,BTC-20SEP19-10250-P,10299.99,55.55,0.0265,23.0,0.0315,18.2,64.77,5.60472,-24.99992,-0.92522,0.00045,-0.44575
180.16,ETH-27SEP19,1568372345238,open,1.0,0.055,0.117,0.087752,72.86,0.086,0.0,ETH-27SEP19-170-C,179.09,67.42,0.084,120.0,0.092,120.0,78.95,0.12491,-0.32797,0.04085,0.01389,0.68425
10439.2,SYN.BTC-25OCT19,1568372345252,open,0.01,521.0,0.0005,0.0205,0.00793871,79.46,0.009,0.0,BTC-25OCT19-16000-C,10299.99,77.4,0.007,17.0,0.0085,24.0,80.63,4.91548,-4.66353,0.78213,5e-05,0.07324
10722.28,SYN.BTC-27MAR20,1568372345272,open,1.46,0.0,1.391,1.5335,1.45861655,85.68,None,0.0,BTC-27MAR20-26000-P,10299.99,0.0,0.0005,10.0,0.0,0.0,0.0,17.15971,-3.75291,-133.63207,3e-05,-0.86378
10439.2,SYN.BTC-25OCT19,1568372345288,open,0.27,1.1,0.2375,0.3135,0.27503393,74.47,0.2985,0.0,BTC-25OCT19-13000-P,10299.99,30.47,0.246,3.0,0.2985,3.0,95.57,10.69876,-9.51294,-12.53339,0.00011,-0.77145
180.16,ETH-27SEP19,1568372345295,open,44.0,0.01,0.057,0.031357,72.86,0.028,0.0,ETH-27SEP19-170-P,179.09,67.99,0.028,546.0,0.034,160.0,76.66,0.12491,-0.32797,-0.02377,0.01389,-0.31575
186.59,SYN.ETH-27MAR20,1568372345367,open,0.21,530.0,0.158,0.261,0.213899,83.28,0.209,0.0,ETH-27MAR20-200-C,179.09,81.57,0.209,300.0,0.223,324.0,86.46,0.53543,-0.11382,0.36243,0.00344,0.57585
10363.97,BTC-27SEP19,1568372345371,open,0.05,84.5,0.0225,0.071,0.04692098,68.03,0.047,0.0,BTC-27SEP19-10500-C,10299.99,65.56,0.045,0.1,0.0475,0.1,68.78,8.0574,-19.75249,1.73484,0.00029,0.48724
10439.23,SYN.BTC-25OCT19,1568372345379,open,0.18,0.3,0.146,0.2035,0.17555112,72.15,0.176,0.0,BTC-25OCT19-9000-C,10299.99,66.71,0.17,11.0,0.185,6.0,81.09,10.81281,-9.31466,7.08446,0.00012,0.76707
10331.72,SYN.BTC-20SEP19,1568372345480,open,0.12,1.0,0.093,0.1465,0.11898772,67.24,0.125,0.0,BTC-20SEP19-11500-P,10299.99,0.0,0.113,17.0,0.1345,4.0,107.91,3.03923,-14.86017,-1.91997,0.00022,-0.86752
10722.29,SYN.BTC-27MAR20,1568372345516,open,2.74,1.0,2.66,2.832,2.74129292,90.41,2.7125,0.0,BTC-27MAR20-40000-P,10299.99,0.0,0.0005,10.0,0.0,0.0,0.0,7.94345,-1.83316,-212.46954,1e-05,-0.95122
179.62,SYN.ETH-20SEP19,1568372345526,open,0.07,2.0,0.038,0.097,0.068923,67.56,0.05,0.0,ETH-20SEP19-170-C,179.09,56.13,0.064,212.0,0.07,170.0,69.96,0.08014,-0.39371,0.02267,0.01952,0.73892
10331.72,SYN.BTC-20SEP19,1568372345577,open,0.02,121.4,0.005,0.042,0.01960716,61.69,0.018,0.0,BTC-20SEP19-10000-P,10299.99,56.43,0.017,26.0,0.021,24.0,64.47,5.16248,-23.15833,-0.689,0.00042,-0.33441
10722.29,SYN.BTC-27MAR20,1568372345580,open,0.19,127.9,0.133,0.2315,0.1833606,77.31,0.1765,0.0,BTC-27MAR20-10000-P,10299.99,74.95,0.177,19.0,0.1865,10.0,78.48,28.85303,-5.69425,-30.24424,6e-05,-0.34225
180.16,ETH-27SEP19,1568372345587,open,0.0,0.139,0.219,0.178594,77.02,None,0.0,ETH-27SEP19-210-P,179.09,0.0,0.0,0.0,0.0,0.0,0.0,0.08962,-0.24873,-0.06893,0.00943,-0.8278
179.62,SYN.ETH-20SEP19,1568372345596,open,0.02,155.0,0.002,0.036,0.015417,67.68,0.014,0.0,ETH-20SEP19-170-P,179.09,59.85,0.012,441.0,0.018,2.0,73.39,0.08019,-0.39464,-0.00937,0.01949,-0.26139
10331.72,SYN.BTC-20SEP19,1568372345600,open,0.0,46.5,0.0005,0.0105,0.00053198,85.73,0.0005,0.0,BTC-20SEP19-13500-C,10299.99,0.0,0.0,0.0,0.001,55.0,93.65,0.48746,-3.03906,0.02506,3e-05,0.01341
10439.23,SYN.BTC-25OCT19,1568372345603,open,0.02,190.8,0.0055,0.0375,0.01859657,75.77,0.022,0.0,BTC-25OCT19-14000-C,10299.99,74.39,0.0175,10.1,0.019,0.1,76.27,8.42555,-7.62257,1.63362,9e-05,0.155
10364.03,BTC-27SEP19,1568372345611,open,0.02,111.1,0.0055,0.039,0.01979049,68.51,0.02,0.0,BTC-27SEP19-9500-P,10299.99,68.03,0.0195,0.1,0.0205,10.0,69.69,6.22772,-15.37428,-1.00872,0.00022,-0.23623
10439.23,SYN.BTC-25OCT19,1568372345637,open,0.54,0.0,0.505,0.58,0.5406297,79.48,None,0.0,BTC-25OCT19-16000-P,10299.99,0.0,0.0,0.0,0.0,0.0,0.0,4.91908,-4.66828,-17.57363,5e-05,-0.92669
10364.03,BTC-27SEP19,1568372345666,open,0.21,1.0,0.1845,0.2435,0.21297753,73.07,0.2115,0.0,BTC-27SEP19-12500-P,10299.99,0.0,0.206,26.0,0.2245,6.0,98.61,3.71836,-9.79055,-4.35851,0.00012,-0.89326
179.62,SYN.ETH-20SEP19,1568372345668,open,0.04,416.0,0.011,0.061,0.035169,66.1,0.032,0.0,ETH-20SEP19-180-C,179.09,60.31,0.032,300.0,0.038,5.0,71.27,0.09833,-0.47261,0.01603,0.02448,0.50881
10722.29,SYN.BTC-27MAR20,1568372345704,open,0.11,203.2,0.062,0.1545,0.10788442,81.88,0.11,0.0,BTC-27MAR20-16000-C,10299.99,80.64,0.1045,6.0,0.1095,33.9,82.47,29.29088,-6.12215,14.31503,6e-05,0.35667
186.59,SYN.ETH-27MAR20,1568372345707,open,0.12,245.0,0.071,0.166,0.120314,86.9,0.128,0.0,ETH-27MAR20-280-C,179.09,84.98,0.115,300.0,0.126,335.0,88.94,0.51822,-0.11496,0.25481,0.00319,0.37478
180.16,ETH-27SEP19,1568372345710,open,0.0,0.241,0.325,0.281684,82.3,None,0.0,ETH-27SEP19-230-P,179.09,0.0,0.0,0.0,0.0,0.0,0.0,0.04956,-0.14699,-0.08267,0.00488,-0.92532
10722.29,SYN.BTC-27MAR20,1568372345778,open,0.03,5.5,0.009,0.057,0.02831807,86.74,0.029,0.0,BTC-27MAR20-28000-C,10299.99,85.09,0.026,5.0,0.0285,10.0,86.87,15.38269,-3.40595,5.07128,3e-05,0.11645
10363.97,BTC-27SEP19,1568372345809,open,0.05,84.5,0.0225,0.071,0.04692098,68.03,0.047,0.0,BTC-27SEP19-10500-C,10299.99,64.92,0.0445,2.3,0.0475,0.1,68.78,8.0574,-19.75249,1.73484,0.00029,0.48724
10363.97,BTC-27SEP19,1568372345819,open,0.05,84.5,0.0225,0.071,0.04692098,68.03,0.047,0.0,BTC-27SEP19-10500-C,10299.99,64.92,0.0445,13.0,0.0475,0.1,68.78,8.0574,-19.75249,1.73484,0.00029,0.48724
181.53,SYN.ETH-25OCT19,1568372345841,open,0.45,6.0,0.433,0.469,0.451104,88.87,0.46,0.0,ETH-25OCT19-100-C,179.09,0.0,0.0,0.0,0.0,0.0,0.0,0.02531,-0.02686,0.11087,0.00075,0.98347
179.62,SYN.ETH-20SEP19,1568372345852,open,0.04,8.0,0.012,0.066,0.03734,66.2,0.035,0.0,ETH-20SEP19-180-P,179.09,56.45,0.032,297.0,0.043,297.0,76.54,0.09833,-0.47334,-0.01788,0.02444,-0.49115
10363.97,BTC-27SEP19,1568372345853,open,0.05,84.5,0.0225,0.071,0.04692098,68.03,0.047,0.0,BTC-27SEP19-10500-C,10299.99,65.56,0.045,0.1,0.0475,0.1,68.78,8.0574,-19.75249,1.73484,0.00029,0.48724
186.59,SYN.ETH-27MAR20,1568372345881,open,0.09,229.0,0.047,0.133,0.090542,87.36,0.092,0.0,ETH-27MAR20-320-C,179.09,85.97,0.087,520.0,0.094,3.0,88.71,0.47565,-0.10607,0.21028,0.00291,0.30054
10331.72,SYN.BTC-20SEP19,1568372345898,open,0.0,177.8,0.0005,0.0125,0.00264445,69.95,0.003,0.0,BTC-20SEP19-12000-C,10299.99,65.99,0.002,17.1,0.003,30.0,71.92,1.80621,-9.18807,0.12211,0.00013,0.06538
181.53,SYN.ETH-25OCT19,1568372345914,open,0.0,1760.0,0.001,0.012,0.00201,89.09,0.002,0.0,ETH-25OCT19-100-P,179.09,80.29,0.001,700.0,0.003,660.0,95.27,0.02556,-0.02718,-0.0039,0.00076,-0.01672
181.53,SYN.ETH-25OCT19,1568372345986,open,0.34,6.0,0.321,0.367,0.344487,78.54,0.36,0.0,ETH-25OCT19-120-C,179.09,0.0,0.0,0.0,0.0,0.0,0.0,0.05892,-0.05526,0.12702,0.00198,0.95438
186.59,SYN.ETH-27MAR20,1568372346048,open,0.07,49.0,0.034,0.113,0.07295,89.48,0.078,0.0,ETH-27MAR20-360-C,179.09,87.33,0.068,520.0,0.078,332.0,91.62,0.43425,-0.09918,0.17716,0.0026,0.24987
181.53,SYN.ETH-25OCT19,1568372346058,open,0.01,2304.0,0.001,0.015,0.005538,78.54,0.009,0.0,ETH-25OCT19-120-P,179.09,69.43,0.003,660.0,0.008,660.0,85.42,0.05892,-0.05526,-0.01065,0.00198,-0.04562
10722.29,SYN.BTC-27MAR20,1568372346080,open,0.19,105.0,0.1335,0.2335,0.18558065,78.82,0.19,0.0,BTC-27MAR20-12000-C,10299.99,78.62,0.185,9.5,0.191,26.0,80.69,31.19849,-6.27725,20.24046,6e-05,0.53734
10722.29,SYN.BTC-27MAR20,1568372346093,open,0.02,23.2,0.005,0.044,0.01966106,87.9,0.019,0.0,BTC-27MAR20-32000-C,10299.99,86.4,0.018,5.0,0.0205,16.0,88.63,12.15753,-2.72787,3.72493,2e-05,0.0844
179.62,SYN.ETH-20SEP19,1568372346113,open,0.0,1002.0,0.001,0.011,0.000993,100.01,0.001,0.0,ETH-20SEP19-240-C,179.09,0.0,0.0,0.0,0.002,508.0,111.66,0.01221,-0.08881,0.00066,0.00201,0.02054
184.61,ETH-27DEC19,1568372346121,open,0.47,0.0,0.446,0.49,0.468642,79.39,None,0.0,ETH-27DEC19-100-C,179.09,0.0,0.0,0.0,0.0,0.0,0.0,0.10062,-0.03808,0.2558,0.00129,0.95088
181.53,SYN.ETH-25OCT19,1568372346125,open,0.25,3.0,0.217,0.276,0.248259,77.5,0.271,0.0,ETH-25OCT19-140-C,179.09,0.0,0.0,0.0,0.0,0.0,0.0,0.13089,-0.12112,0.12924,0.00447,0.86882
179.62,SYN.ETH-20SEP19,1568372346137,open,0.12,1.0,0.085,0.157,0.120473,71.01,0.14,0.0,ETH-20SEP19-200-P,179.09,0.0,0.0,0.0,0.119,1.0,66.1,0.05643,-0.29138,-0.03297,0.01308,-0.85407
179.62,SYN.ETH-20SEP19,1568372346148,open,0.33,0.0,0.312,0.352,0.332235,119.86,None,0.0,ETH-20SEP19-120-C,179.09,0.0,0.0,0.0,0.0,0.0,0.0,0.00397,-0.03457,0.0224,0.00054,0.99436
10331.72,SYN.BTC-20SEP19,1568372346167,open,0.13,0.0,0.112,0.1515,0.13158243,68.05,None,0.0,BTC-20SEP19-9000-C,10299.99,0.0,0.1285,10.0,0.0,0.0,0.0,1.77042,-8.76054,1.56613,0.00013,0.93628
10722.29,SYN.BTC-27MAR20,1568372346178,open,0.47,3.7,0.447,0.4995,0.47321011,77.31,0.46,0.0,BTC-27MAR20-6000-C,10299.99,66.21,0.4605,6.0,0.4845,6.0,85.97,13.31616,-2.62792,24.823,3e-05,0.90461
186.59,SYN.ETH-27MAR20,1568372346208,open,0.06,379.0,0.025,0.095,0.058144,90.52,0.064,0.0,ETH-27MAR20-400-C,179.09,88.51,0.054,520.0,0.062,32.0,92.34,0.39013,-0.09014,0.14862,0.00231,0.20657
179.62,SYN.ETH-20SEP19,1568372346212,open,0.0,104.0,0.001,0.013,0.00329,75.86,0.003,0.0,ETH-20SEP19-210-C,179.09,68.26,0.002,500.0,0.004,20.0,79.38,0.03444,-0.18999,0.00238,0.00747,0.07371
180.16,ETH-27SEP19,1568372346214,open,0.01,2408.0,0.001,0.023,0.008915,81.97,0.012,0.0,ETH-27SEP19-220-C,179.09,79.58,0.008,1.0,0.01,200.0,84.67,0.07067,-0.20876,0.00768,0.00699,0.12099
10439.23,SYN.BTC-25OCT19,1568372346259,open,0.01,259.2,0.0025,0.028,0.0123226,78.08,0.0125,0.0,BTC-25OCT19-15000-C,10299.99,75.92,0.011,10.0,0.012,50.0,77.56,6.55265,-6.10897,1.14343,7e-05,0.10779
184.61,ETH-27DEC19,1568372346285,open,0.04,1031.0,0.014,0.064,0.036514,87.9,0.032,0.0,ETH-27DEC19-320-C,179.09,86.06,0.034,100.0,0.039,332.0,89.68,0.25575,-0.10718,0.07384,0.00297,0.17572
180.16,ETH-27SEP19,1568372346289,open,2.99,0.0,2.881,3.12,2.996448,120.0,None,0.0,ETH-27SEP19-720-P,179.09,0.0,0.0,0.0,0.0,0.0,0.0,0.0,0.0,-0.27371,0.0,-1.0
180.16,ETH-27SEP19,1568372346291,open,0.13,647.0,0.095,0.156,0.126994,72.86,0.125,0.0,ETH-27SEP19-160-C,179.09,66.88,0.124,40.0,0.131,40.0,80.38,0.09293,-0.24401,0.0473,0.01034,0.81762
180.16,ETH-27SEP19,1568372346315,open,0.0,3873.0,0.001,0.013,0.003514,86.35,0.003,0.0,ETH-27SEP19-240-C,179.09,77.94,0.002,701.0,0.005,200.0,92.75,0.03777,-0.11753,0.00337,0.00355,0.05269
180.16,ETH-27SEP19,1568372346315,open,3.21,0.0,3.096,3.348,3.218472,120.0,None,0.0,ETH-27SEP19-760-P,179.09,0.0,0.0,0.0,0.0,0.0,0.0,0.0,0.0,-0.28892,0.0,-1.0
184.61,ETH-27DEC19,1568372346323,open,0.06,1478.0,0.024,0.087,0.054697,85.39,0.054,0.0,ETH-27DEC19-280-C,179.09,83.19,0.051,240.0,0.058,332.0,87.32,0.31305,-0.12745,0.10248,0.00374,0.24789
180.16,ETH-27SEP19,1568372346325,open,2.77,0.0,2.665,2.89,2.774423,120.0,None,0.0,ETH-27SEP19-680-P,179.09,0.0,0.0,0.0,0.0,0.0,0.0,0.0,0.0,-0.25851,0.0,-1.0
184.61,ETH-27DEC19,1568372346331,open,0.06,1130.0,0.029,0.086,0.056863,79.39,0.054,0.0,ETH-27DEC19-140-P,179.09,76.75,0.053,106.0,0.057,32.0,79.48,0.27209,-0.10298,-0.13314,0.0035,-0.19413
181.53,SYN.ETH-25OCT19,1568372346331,open,0.05,110.0,0.024,0.078,0.049997,77.5,0.05,0.0,ETH-25OCT19-160-P,179.09,73.92,0.046,768.0,0.053,400.0,80.17,0.20338,-0.18821,-0.06669,0.00694,-0.27021
10331.74,SYN.BTC-20SEP19,1568372346356,open,0.16,1.0,0.139,0.1915,0.16412187,70.0,0.2095,0.0,BTC-20SEP19-12000-P,10299.99,0.0,0.161,9.0,0.1835,6.0,131.23,1.809,-9.20808,-2.13816,0.00013,-0.93449
10331.74,SYN.BTC-20SEP19,1568372346511,open,0.0,123.9,0.0005,0.0105,0.00046638,93.99,0.001,0.0,BTC-20SEP19-14000-C,10299.99,0.0,0.0,0.0,0.001,10.8,104.14,0.41035,-2.80485,0.02048,2e-05,0.01099
181.53,SYN.ETH-25OCT19,1568372346547,open,0.07,428.0,0.037,0.099,0.068545,79.28,0.07,0.0,ETH-25OCT19-200-C,179.09,75.82,0.064,379.0,0.073,379.0,82.65,0.23908,-0.22631,0.07119,0.00798,0.41037
10331.74,SYN.BTC-20SEP19,1568372346555,open,0.0,126.9,0.0005,0.0125,0.00269055,68.07,0.003,0.0,BTC-20SEP19-9000-P,10299.99,63.74,0.002,11.0,0.0035,30.0,72.49,1.77194,-8.7716,-0.12939,0.00013,-0.06379
10722.29,SYN.BTC-27MAR20,1568372346565,open,2.0,0.0,1.932,2.085,2.00410948,87.91,None,0.0,BTC-27MAR20-32000-P,10299.99,0.0,0.0005,10.0,0.0,0.0,0.0,12.16129,-2.72902,-168.00034,2e-05,-0.91557
10331.74,SYN.BTC-20SEP19,1568372346570,open,0.01,97.2,0.0005,0.023,0.00821242,64.35,0.008,0.0,BTC-20SEP19-11250-C,10299.99,59.39,0.0065,31.0,0.009,24.0,66.51,3.70527,-17.33827,0.332,0.00029,0.1788
10364.06,BTC-27SEP19,1568372346599,open,0.06,155.2,0.033,0.0875,0.06004613,68.04,0.0605,0.0,BTC-27SEP19-10500-P,10299.99,65.41,0.058,0.1,0.0625,0.9,71.2,8.05749,-19.75484,-2.25669,0.00029,-0.51272
10439.25,SYN.BTC-25OCT19,1568372346644,open,0.45,0.0,0.4135,0.4885,0.44922023,78.1,None,0.0,BTC-25OCT19-15000-P,10299.99,0.0,0.0,0.0,0.0,0.0,0.0,6.55589,-6.11358,-16.06503,7e-05,-0.89213
10722.29,SYN.BTC-27MAR20,1568372346655,open,0.03,80.5,0.015,0.0545,0.0327943,77.31,0.036,0.0,BTC-27MAR20-6000-P,10299.99,75.86,0.031,30.0,0.0335,6.0,77.88,13.31646,-2.62804,-7.37604,3e-05,-0.09539
10439.25,SYN.BTC-25OCT19,1568372346675,open,0.08,66.0,0.045,0.104,0.07513468,72.05,0.0785,0.0,BTC-25OCT19-11000-C,10299.99,71.2,0.074,7.0,0.076,0.1,72.69,14.04624,-12.08304,4.64766,0.00016,0.46319
10439.25,SYN.BTC-25OCT19,1568372346680,open,0.0,255.1,0.0005,0.0115,0.00189004,82.61,0.0025,0.0,BTC-25OCT19-6000-P,10299.99,79.69,0.0015,10.0,0.003,52.0,89.3,1.49403,-1.47376,-0.22677,1e-05,-0.01704
184.61,ETH-27DEC19,1568372346689,open,0.07,208.0,0.033,0.102,0.067687,83.93,0.072,0.0,ETH-27DEC19-260-C,179.09,81.38,0.063,300.0,0.072,332.0,86.24,0.34191,-0.13681,0.12105,0.00416,0.2959
181.53,SYN.ETH-25OCT19,1568372346689,open,0.04,26.0,0.018,0.069,0.042319,80.51,0.045,0.0,ETH-25OCT19-220-C,179.09,77.6,0.039,652.0,0.046,434.0,83.68,0.20869,-0.20062,0.05051,0.00686,0.28485
10722.29,SYN.BTC-27MAR20,1568372346705,open,0.08,103.8,0.043,0.127,0.08328193,82.73,0.085,0.0,BTC-27MAR20-18000-C,10299.99,81.62,0.0805,6.0,0.085,14.9,83.41,26.91124,-5.68318,11.92675,5e-05,0.29056
186.59,SYN.ETH-27MAR20,1568372346725,open,0.03,46.0,0.011,0.063,0.033235,94.06,0.033,0.0,ETH-27MAR20-520-C,179.09,91.88,0.03,200.0,0.036,40.0,95.84,0.28378,-0.06814,0.09342,0.00161,0.12653
10331.74,SYN.BTC-20SEP19,1568372346758,open,0.0,3.5,0.0005,0.0105,0.00050386,104.21,0.001,0.0,BTC-20SEP19-14500-C,10299.99,0.0,0.0,0.0,0.001,10.0,114.09,0.40342,-3.05719,0.01999,2e-05,0.01078
10331.74,SYN.BTC-20SEP19,1568372346772,open,0.0,128.7,0.0005,0.011,0.00121791,73.05,0.0025,0.0,BTC-20SEP19-12500-C,10299.99,70.72,0.001,11.6,0.0015,31.0,75.73,1.02212,-5.43001,0.06023,7e-05,0.03217
10722.29,SYN.BTC-27MAR20,1568372346784,open,0.04,55.5,0.0155,0.0755,0.04155234,85.0,0.042,0.0,BTC-27MAR20-24000-C,10299.99,83.85,0.0395,6.0,0.0425,14.9,85.53,19.33697,-4.19575,6.98267,4e-05,0.1629
10364.06,BTC-27SEP19,1568372346809,open,0.05,84.5,0.0225,0.071,0.04692467,68.03,0.047,0.0,BTC-27SEP19-10500-C,10299.99,64.91,0.0445,2.3,0.0475,0.1,68.77,8.05749,-19.75159,1.73494,0.00029,0.48726
10364.06,BTC-27SEP19,1568372346810,open,0.05,84.5,0.0225,0.071,0.04692467,68.03,0.047,0.0,BTC-27SEP19-10500-C,10299.99,64.91,0.0445,13.0,0.0475,0.1,68.77,8.05749,-19.75159,1.73494,0.00029,0.48726
10331.74,SYN.BTC-20SEP19,1568372346833,open,0.02,152.2,0.002,0.03,0.012348,63.31,0.014,0.0,BTC-20SEP19-11000-C,10299.99,60.17,0.011,5.2,0.013,1.0,64.8,4.49594,-20.69868,0.46045,0.00035,0.24893
10364.06,BTC-27SEP19,1568372346853,open,0.05,84.5,0.0225,0.071,0.04692467,68.03,0.047,0.0,BTC-27SEP19-10500-C,10299.99,65.56,0.045,0.1,0.0475,0.1,68.77,8.05749,-19.75159,1.73494,0.00029,0.48726
10722.29,SYN.BTC-27MAR20,1568372346877,open,0.3,33.8,0.245,0.3615,0.30474867,78.82,0.315,0.0,BTC-27MAR20-12000-P,10299.99,75.13,0.294,16.0,0.308,4.9,79.94,31.19846,-6.27735,-44.15706,6e-05,-0.46266
10439.25,SYN.BTC-25OCT19,1568372346880,open,0.63,0.0,0.598,0.6735,0.63376912,81.14,None,0.0,BTC-25OCT19-17000-P,10299.99,0.0,0.0,0.0,0.0,0.0,0.0,3.69404,-3.57864,-18.95864,4e-05,-0.94919
10331.74,SYN.BTC-20SEP19,1568372346888,open,0.35,0.0,0.3285,0.385,0.35552343,94.22,None,0.0,BTC-20SEP19-14000-P,10299.99,0.0,0.0,0.0,0.0,0.0,0.0,0.41588,-2.84954,-2.61646,2e-05,-0.98884
10331.74,SYN.BTC-20SEP19,1568372346910,open,0.0,0.0,0.0005,0.0105,0.00077741,109.91,None,0.0,BTC-20SEP19-7500-P,10299.99,0.0,0.0,0.0,0.0015,10.0,121.72,0.50436,-4.03118,-0.02865,2e-05,-0.01395
10331.74,SYN.BTC-20SEP19,1568372346958,open,0.09,9.1,0.065,0.111,0.08759006,62.35,0.09,0.0,BTC-20SEP19-9500-C,10299.99,49.91,0.084,9.0,0.0905,15.0,70.82,3.35044,-15.19122,1.47795,0.00027,0.84697
10439.25,SYN.BTC-25OCT19,1568372346979,open,0.34,2.0,0.3175,0.3535,0.3351834,76.86,0.337,0.0,BTC-25OCT19-7000-C,10299.99,39.69,0.3295,6.0,0.3485,6.0,105.31,3.5257,-3.23579,7.38828,4e-05,0.95207
10608.43,BTC-27DEC19,1568372347058,open,0.13,473.0,0.0875,0.1685,0.12839614,75.34,0.1225,0.0,BTC-27DEC19-10000-P,10300.0,73.41,0.1245,21.0,0.131,20.6,76.63,21.35148,-7.66928,-15.0044,9e-05,-0.36385
10364.08,BTC-27SEP19,1568372347058,open,0.03,989.3,0.0105,0.0515,0.02979828,68.84,0.0295,0.0,BTC-27SEP19-11000-C,10300.0,66.35,0.028,14.2,0.029,1.0,67.74,7.50983,-18.6285,1.27438,0.00027,0.35325
10364.08,BTC-27SEP19,1568372347058,open,0.0,670.6,0.0005,0.0105,5.891e-05,120.0,0.0005,0.0,BTC-27SEP19-22000-C,10300.0,0.0,0.0,0.0,0.001,34.0,156.91,0.06599,-0.28536,0.00358,0.0,0.00097
10364.08,BTC-27SEP19,1568372347058,open,0.0,586.8,0.0005,0.0105,0.0,120.0,0.0005,0.0,BTC-27SEP19-3000-P,10300.0,0.0,0.0,0.0,0.0005,32.0,253.13,0.0,-1e-05,0.0,0.0,0.0
10364.08,BTC-27SEP19,1568372347058,open,0.09,318.0,0.0615,0.1205,0.09116557,68.85,0.09,0.0,BTC-27SEP19-11000-P,10300.0,63.75,0.0875,27.0,0.0945,18.0,73.43,7.5101,-18.63261,-2.90723,0.00027,-0.64672
10364.08,BTC-27SEP19,1568372347058,open,0.0,146.6,0.0005,0.0105,3.56e-06,120.0,0.0005,0.0,BTC-27SEP19-26000-C,10300.0,0.0,0.0,0.0,0.001,34.0,185.7,0.00559,-0.02418,0.00026,0.0,7e-05
10364.08,BTC-27SEP19,1568372347058,open,0.02,234.5,0.0045,0.037,0.01839698,69.92,0.0185,0.0,BTC-27SEP19-11500-C,10300.0,67.61,0.017,13.6,0.019,24.0,70.91,6.33327,-15.95725,0.88739,0.00022,0.24362
10608.43,BTC-27DEC19,1568372347058,open,0.67,4.0,0.661,0.6805,0.67092173,88.17,0.666,0.0,BTC-27DEC19-3500-C,10300.0,0.0,0.0205,0.1,0.967,1.0,500.0,0.80832,-0.3398,9.88121,0.0,0.99509
10364.08,BTC-27SEP19,1568372347058,open,1.5,0.0,1.4595,1.56,1.50868989,135.22,None,0.0,BTC-27SEP19-26000-P,10300.0,0.0,0.0,0.0,0.0,0.0,0.0,0.02881,-0.14037,-9.8826,0.0,-0.99961
10364.08,BTC-27SEP19,1568372347058,open,0.0,684.0,0.0005,0.0105,2.2e-07,120.0,0.0005,0.0,BTC-27SEP19-30000-C,10300.0,0.0,0.0,0.0,0.001,38.0,209.65,0.00045,-0.00195,2e-05,0.0,0.0
10364.08,BTC-27SEP19,1568372347058,open,0.57,289.7,0.556,0.5755,0.56581118,114.22,0.588,0.0,BTC-27SEP19-4500-C,10300.0,0.0,0.002,1.1,0.0,0.0,0.0,0.00473,-0.01948,1.71046,0.0,0.99994
10608.43,BTC-27DEC19,1568372347058,open,0.0,607.2,0.0005,0.013,0.003123,83.92,0.0025,0.0,BTC-27DEC19-4500-P,10300.0,80.9,0.0025,10.0,0.0045,52.0,89.49,2.34059,-0.93643,-0.59905,1e-05,-0.01653
10364.08,BTC-27SEP19,1568372347058,open,0.0,795.8,0.0005,0.0105,0.00023802,120.0,0.0005,0.0,BTC-27SEP19-20000-C,10300.0,0.0,0.0,0.0,0.001,34.0,140.03,0.21474,-0.92857,0.01302,0.0,0.00354
10608.43,BTC-27DEC19,1568372347058,open,0.72,0.0,0.7085,0.728,0.71822467,102.21,None,0.0,BTC-27DEC19-3000-C,10300.0,0.0,0.0065,0.1,0.946,0.5,500.0,0.815,-0.39714,8.43797,0.0,0.99505
10608.43,BTC-27DEC19,1568372347058,open,0.73,12.4,0.6765,0.7795,0.72585014,80.21,0.559,0.0,BTC-27DEC19-18000-P,10300.0,0.0,0.0045,5.0,1.465,0.2,500.0,13.55545,-5.18337,-47.87871,5e-05,-0.84491
10608.43,BTC-27DEC19,1568372347058,open,0.19,478.9,0.144,0.2235,0.1857487,75.34,0.1835,0.0,BTC-27DEC19-10000-C,10300.0,73.98,0.183,8.0,0.1865,14.0,75.71,21.35148,-7.66923,13.72869,9e-05,0.63615
10608.43,BTC-27DEC19,1568372347058,open,0.55,23.1,0.5025,0.6055,0.55274655,78.58,0.5235,0.0,BTC-27DEC19-16000-P,10300.0,38.7,0.5105,3.0,0.592,3.0,100.85,16.93051,-6.34271,-40.55877,7e-05,-0.77787
10364.08,BTC-27SEP19,1568372347058,open,0.86,42.8,0.8455,0.865,0.8552681,0.0,0.815,0.0,BTC-27SEP19-1500-C,10300.0,0.0,0.0005,0.1,0.0,0.0,0.0,0.0,0.0,0.57023,0.0,1.0
10608.43,BTC-27DEC19,1568372347058,open,0.03,265.7,0.0105,0.046,0.02621334,76.05,0.0265,0.0,BTC-27DEC19-7000-P,10300.0,74.34,0.0245,32.9,0.0275,32.3,77.31,10.73025,-3.89052,-4.16844,4e-05,-0.11054
10364.08,BTC-27SEP19,1568372347058,open,0.01,1396.2,0.0005,0.025,0.01043909,71.23,0.0115,0.0,BTC-27SEP19-9000-P,10300.0,71.37,0.0105,7.8,0.0125,68.7,75.86,4.47216,-11.47864,-0.58812,0.00015,-0.13883
10608.43,BTC-27DEC19,1568372347058,open,0.01,331.1,0.0005,0.0195,0.00693341,85.96,0.007,0.0,BTC-27DEC19-26000-C,10300.0,83.97,0.006,52.0,0.0075,24.0,87.09,5.21146,-2.13574,1.10419,2e-05,0.04316
10364.08,BTC-27SEP19,1568372347058,open,0.14,449.4,0.1185,0.165,0.14204767,71.21,0.124,0.0,BTC-27SEP19-9000-C,10300.0,34.2,0.132,6.0,0.158,6.0,102.72,4.47103,-11.47291,2.83351,0.00015,0.86122
10608.43,BTC-27DEC19,1568372347058,open,0.01,295.5,0.0005,0.0185,0.00812988,79.69,0.0085,0.0,BTC-27DEC19-5500-P,10300.0,77.15,0.007,38.0,0.0095,51.0,82.54,4.89447,-1.85959,-1.46529,2e-05,-0.03994
10364.08,BTC-27SEP19,1568372347058,open,0.01,295.5,0.0005,0.015,0.00505379,73.98,0.0055,0.0,BTC-27SEP19-8500-P,10300.0,75.58,0.0055,30.1,0.006,1.0,77.3,2.8306,-7.54549,-0.31137,9e-05,-0.07398
10364.08,BTC-27SEP19,1568372347058,open,0.17,108.2,0.14,0.2,0.16919707,71.6,0.1675,0.0,BTC-27SEP19-12000-P,10300.0,41.17,0.159,8.1,0.179,7.0,89.8,4.98685,-12.86551,-3.96235,0.00017,-0.83648
10608.43,BTC-27DEC19,1568372347058,open,0.33,91.7,0.3,0.3575,0.32933437,75.34,0.327,0.0,BTC-27DEC19-7500-C,10300.0,60.28,0.3125,8.0,0.355,8.0,94.96,12.92774,-4.6435,16.03965,5e-05,0.85555
10608.43,BTC-27DEC19,1568372347058,open,0.41,63.0,0.3835,0.4285,0.40563386,77.0,0.4965,0.0,BTC-27DEC19-6500-C,10300.0,46.14,0.389,8.0,0.426,8.0,98.62,8.59507,-3.15508,15.62443,3e-05,0.91823
10608.43,BTC-27DEC19,1568372347058,open,0.0,479.0,0.0005,0.012,0.00202982,88.18,0.002,0.0,BTC-27DEC19-4000-P,10300.0,84.35,0.0015,34.0,0.0025,1.0,91.07,1.61136,-0.67741,-0.38889,1e-05,-0.01073
