underlying_price,underlying_index,timestamp,state,settlement_price,open_interest,min_price,max_price,mark_price,mark_iv,last_price,interest_rate,instrument_name,index_price,bid_iv,best_bid_price,best_bid_amount,best_ask_price,best_ask_amount,ask_iv,vega,theta,rho,gamma,delta
10418.84,SYN.BTC-20SEP19,1567853940018,open,0.3,0.0,0.271,0.331,0.29935654,83.36,None,0.0,BTC-20SEP19-13500-P,10373.32,0.0,0.0,0.0,0.0,0.0,0.0,2.25294,-7.2926,-4.56443,7e-05,-0.94255
174.1,SYN.ETH-27MAR20,1567853940048,open,0.07,48.0,0.028,0.102,0.063777,89.21,0.066,0.0,ETH-27MAR20-360-C,169.86,87.02,0.059,220.0,0.069,220.0,91.53,0.386,-0.08528,0.15297,0.00258,0.22264
10394.09,SYN.BTC-13SEP19,1567853940055,open,0.16,1.6,0.1325,0.1875,0.15872599,81.78,0.138,0.0,BTC-13SEP19-12000-P,10373.32,0.0,0.0,0.0,0.0,0.0,0.0,2.16454,-15.06316,-1.78603,0.00015,-0.9087
171.05,SYN.ETH-25OCT19,1567853940058,open,0.01,2304.0,0.004,0.028,0.013714,81.45,0.015,0.0,ETH-25OCT19-120-P,169.86,74.64,0.01,160.0,0.015,240.0,83.62,0.09947,-0.08462,-0.02297,0.00318,-0.08864
170.27,SYN.ETH-20SEP19,1567853940061,open,0.01,18.0,0.001,0.026,0.010475,77.01,0.017,0.0,ETH-20SEP19-200-C,169.86,65.61,0.006,160.0,0.013,3.0,82.56,0.07428,-0.22212,0.00833,0.00943,0.14913
10684.44,SYN.BTC-27MAR20,1567853940093,open,0.02,11.3,0.0055,0.0455,0.02059916,87.59,0.0245,0.0,BTC-27MAR20-32000-C,10373.32,84.84,0.0175,30.0,0.023,19.0,89.56,12.60133,-2.73368,3.93463,2e-05,0.08718
10443.58,BTC-27SEP19,1567853940103,open,0.07,20.0,0.039,0.094,0.065002,72.58,0.064,0.0,BTC-27SEP19-10500-C,10373.32,68.81,0.0615,29.0,0.0675,24.0,75.27,9.70884,-17.72668,2.59371,0.00023,0.52108
172.3,ETH-27DEC19,1567853940162,open,0.0,3856.0,0.001,0.012,0.002982,110.44,0.003,0.0,ETH-27DEC19-760-C,169.86,98.03,0.001,100.0,0.005,40.0,117.84,0.03889,-0.01937,0.00704,0.00039,0.01643
172.3,ETH-27DEC19,1567853940193,open,0.02,2899.0,0.007,0.036,0.019581,82.93,0.014,0.0,ETH-27DEC19-100-P,169.86,78.29,0.016,1.0,0.023,40.0,87.05,0.13846,-0.05178,-0.05106,0.00185,-0.07797
171.05,SYN.ETH-25OCT19,1567853940193,open,0.04,12.0,0.017,0.064,0.03926,81.45,0.028,0.0,ETH-25OCT19-140-P,169.86,76.25,0.034,368.0,0.04,240.0,82.17,0.17562,-0.1494,-0.05463,0.00562,-0.20423
174.1,SYN.ETH-27MAR20,1567853940208,open,0.05,254.0,0.02,0.085,0.050111,89.98,0.047,0.0,ETH-27MAR20-400-C,169.86,87.32,0.045,220.0,0.055,220.0,92.42,0.34188,-0.07619,0.12681,0.00227,0.18181
170.27,SYN.ETH-20SEP19,1567853940212,open,0.01,14.0,0.001,0.019,0.006445,80.88,0.008,0.0,ETH-20SEP19-210-C,169.86,62.95,0.002,200.0,0.011,200.0,93.39,0.05449,-0.17114,0.00538,0.00659,0.09604
170.5,ETH-27SEP19,1567853940214,open,0.01,2386.0,0.001,0.024,0.009882,83.52,0.012,0.0,ETH-27SEP19-220-C,169.86,79.12,0.008,240.0,0.012,440.0,88.05,0.07631,-0.16033,0.00958,0.00577,0.11308
172.3,ETH-27DEC19,1567853940214,open,0.08,3222.0,0.039,0.111,0.075073,84.11,0.082,0.0,ETH-27DEC19-240-C,169.86,80.98,0.069,240.0,0.081,330.0,87.12,0.33713,-0.12788,0.12533,0.00444,0.31453
170.5,ETH-27SEP19,1567853940218,open,0.0,2439.0,0.001,0.012,0.002042,89.34,0.004,0.0,ETH-27SEP19-260-C,169.86,0.0,0.0,0.0,0.004,200.0,99.96,0.02515,-0.05652,0.00236,0.00178,0.02746
170.5,ETH-27SEP19,1567853940220,open,0.04,8470.0,0.018,0.071,0.043414,77.64,0.04,0.0,ETH-27SEP19-160-P,169.86,73.58,0.04,160.0,0.046,240.0,80.7,0.14399,-0.28124,-0.03462,0.01172,-0.32946
170.5,ETH-27SEP19,1567853940225,open,0.0,11004.0,0.001,0.011,0.001682,79.01,0.003,0.0,ETH-27SEP19-120-P,169.86,0.0,0.0,0.0,0.003,200.0,87.67,0.0216,-0.04293,-0.00228,0.00173,-0.0229
170.5,ETH-27SEP19,1567853940228,open,0.02,2145.0,0.006,0.043,0.022007,80.03,0.025,0.0,ETH-27SEP19-200-C,169.86,75.63,0.019,400.0,0.024,240.0,82.86,0.11881,-0.2392,0.01869,0.00938,0.22329
172.3,ETH-27DEC19,1567853940257,open,0.02,944.0,0.006,0.042,0.020502,89.27,0.022,0.0,ETH-27DEC19-360-C,169.86,86.7,0.018,320.0,0.023,220.0,91.69,0.1731,-0.06968,0.04441,0.00215,0.10535
172.3,ETH-27DEC19,1567853940257,open,2.47,0.0,2.382,2.601,2.486766,101.3,0.953,0.0,ETH-27DEC19-600-P,169.86,0.0,0.0,0.0,0.0,0.0,0.0,0.05599,-0.02558,-1.81173,0.00061,-0.97474
170.27,SYN.ETH-20SEP19,1567853940269,open,0.0,0.0,0.001,0.011,0.001787,98.86,None,0.0,ETH-20SEP19-120-P,169.86,0.0,0.0,0.0,0.004,200.0,114.99,0.01806,-0.06934,-0.00155,0.00179,-0.024
172.3,ETH-27DEC19,1567853940279,open,0.04,7314.0,0.021,0.071,0.04481,82.14,0.035,0.0,ETH-27DEC19-120-P,169.86,79.18,0.041,260.0,0.049,40.0,85.33,0.22395,-0.08295,-0.10332,0.00302,-0.15258
170.05,SYN.ETH-13SEP19,1567853940281,open,0.0,204.0,0.001,0.011,0.001498,86.23,0.002,0.0,ETH-13SEP19-140-P,169.86,0.0,0.0,0.0,0.003,250.0,99.1,0.01607,-0.11794,-0.00096,0.004,-0.03348
170.5,ETH-27SEP19,1567853940283,open,2.51,27.0,2.417,2.628,2.519063,125.0,1.044,0.0,ETH-27SEP19-600-P,169.86,0.0,0.0,0.0,0.0,0.0,0.0,3e-05,-8e-05,-0.32672,0.0,-0.99998
172.3,ETH-27DEC19,1567853940283,open,2.7,0.0,2.607,2.837,2.717742,101.3,None,0.0,ETH-27DEC19-640-P,169.86,0.0,0.0,0.0,0.0,0.0,0.0,0.04436,-0.02027,-1.93581,0.00049,-0.98083
172.3,ETH-27DEC19,1567853940285,open,0.03,1076.0,0.01,0.056,0.03042,87.55,0.035,0.0,ETH-27DEC19-320-C,169.86,85.62,0.028,320.0,0.033,850.0,89.53,0.22019,-0.08693,0.06194,0.00279,0.14876
172.3,ETH-27DEC19,1567853940285,open,0.01,820.0,0.001,0.026,0.010689,93.15,0.011,0.0,ETH-27DEC19-440-C,169.86,90.38,0.009,320.0,0.013,220.0,96.55,0.11055,-0.04644,0.0249,0.00132,0.05827
172.3,ETH-27DEC19,1567853940289,open,2.94,0.0,2.833,3.077,2.950032,105.56,None,0.0,ETH-27DEC19-680-P,169.86,0.0,0.002,10.0,0.0,0.0,0.0,0.04458,-0.02122,-2.05733,0.00047,-0.98072
172.3,ETH-27DEC19,1567853940289,open,0.0,3347.0,0.001,0.014,0.004468,101.3,0.003,0.0,ETH-27DEC19-600-C,169.86,91.55,0.002,150.0,0.007,240.0,107.97,0.05599,-0.02558,0.01088,0.00061,0.02526
172.3,ETH-27DEC19,1567853940291,open,0.02,2205.0,0.004,0.033,0.014952,91.74,0.017,0.0,ETH-27DEC19-400-C,169.86,89.24,0.013,320.0,0.017,622.0,94.18,0.13964,-0.05777,0.03345,0.00169,0.07885
170.5,ETH-27SEP19,1567853940291,open,0.11,693.0,0.07,0.136,0.104998,77.64,0.138,0.0,ETH-27SEP19-160-C,169.86,71.69,0.1,360.0,0.108,240.0,81.19,0.14399,-0.28124,0.05251,0.01172,0.67054
172.3,ETH-27DEC19,1567853940296,open,0.0,2872.0,0.001,0.013,0.003427,105.56,0.002,0.0,ETH-27DEC19-680-C,169.86,91.87,0.001,250.0,0.006,40.0,113.69,0.04458,-0.02122,0.0083,0.00047,0.01928
170.5,ETH-27SEP19,1567853940315,open,0.01,3875.0,0.001,0.015,0.004966,88.49,0.007,0.0,ETH-27SEP19-240-C,169.86,80.43,0.003,220.0,0.007,200.0,95.11,0.04756,-0.10587,0.00513,0.0034,0.06027
172.3,ETH-27DEC19,1567853940315,open,0.12,1476.0,0.08,0.165,0.124808,82.84,0.136,0.0,ETH-27DEC19-200-C,169.86,80.64,0.12,25.0,0.13,240.0,85.21,0.37703,-0.14084,0.17589,0.00505,0.46086
170.5,ETH-27SEP19,1567853940317,open,0.01,11403.0,0.002,0.026,0.011508,77.64,0.008,0.0,ETH-27SEP19-140-P,169.86,71.99,0.009,460.0,0.013,260.0,80.78,0.07927,-0.15482,-0.01215,0.00645,-0.11931
172.3,ETH-27DEC19,1567853940317,open,0.01,2893.0,0.001,0.015,0.00553,94.89,0.006,0.0,ETH-27DEC19-520-C,169.86,90.62,0.004,200.0,0.007,200.0,98.32,0.06835,-0.02925,0.01391,0.0008,0.03211
172.3,ETH-27DEC19,1567853940320,open,0.21,162.0,0.162,0.25,0.209828,81.74,0.238,0.0,ETH-27DEC19-160-C,169.86,76.92,0.2,24.0,0.217,24.0,85.26,0.35115,-0.12944,0.23122,0.00476,0.6516
170.5,ETH-27SEP19,1567853940320,open,0.99,294.0,0.937,1.059,0.99517,122.4,1.024,0.0,ETH-27SEP19-340-P,169.86,0.0,0.965,5.0,1.031,5.0,233.89,0.01197,-0.03686,-0.18417,0.00062,-0.98851
170.5,ETH-27SEP19,1567853940320,open,0.0,3796.0,0.001,0.011,0.001461,108.22,0.002,0.0,ETH-27SEP19-300-C,169.86,0.0,0.0,0.0,0.003,200.0,120.11,0.01709,-0.04652,0.00148,0.001,0.01737
172.3,ETH-27DEC19,1567853940323,open,0.05,1048.0,0.019,0.076,0.046107,85.32,0.062,0.0,ETH-27DEC19-280-C,169.86,82.72,0.042,240.0,0.05,240.0,87.72,0.27568,-0.10607,0.08715,0.00358,0.21262
172.3,ETH-27DEC19,1567853940325,open,0.0,2613.0,0.001,0.012,0.002948,107.06,0.002,0.0,ETH-27DEC19-720-C,169.86,95.05,0.001,2050.0,0.005,40.0,114.47,0.03932,-0.01898,0.00717,0.00041,0.01664
170.5,ETH-27SEP19,1567853940325,open,0.19,214.0,0.16,0.218,0.190394,77.64,0.227,0.0,ETH-27SEP19-140-C,169.86,0.0,0.168,17.0,0.214,17.0,118.91,0.07927,-0.15482,0.06409,0.00645,0.88069
171.05,SYN.ETH-25OCT19,1567853940331,open,0.08,112.0,0.049,0.119,0.084038,81.45,0.071,0.0,ETH-25OCT19-160-P,169.86,76.22,0.077,368.0,0.09,240.0,85.88,0.23046,-0.19604,-0.09833,0.00737,-0.35422
170.5,ETH-27SEP19,1567853940338,open,0.0,1939.0,0.001,0.011,0.001589,98.3,0.001,0.0,ETH-27SEP19-280-C,169.86,92.34,0.001,1.0,0.002,1.0,101.63,0.0195,-0.04823,0.00174,0.00125,0.02029
170.05,SYN.ETH-13SEP19,1567853940395,open,0.13,300.0,0.092,0.15,0.122278,77.28,0.108,0.0,ETH-13SEP19-150-C,169.86,39.7,0.118,300.0,0.125,40.0,88.94,0.03561,-0.23421,0.02151,0.0099,0.90799
172.3,ETH-27DEC19,1567853940397,open,0.16,495.0,0.113,0.202,0.160699,81.74,0.196,0.0,ETH-27DEC19-180-C,169.86,78.67,0.154,240.0,0.167,240.0,84.63,0.37575,-0.1385,0.20429,0.0051,0.55101
170.27,SYN.ETH-20SEP19,1567853940416,open,0.0,10.0,0.001,0.014,0.004204,85.19,0.003,0.0,ETH-20SEP19-220-C,169.86,66.03,0.001,100.0,0.008,200.0,98.67,0.04011,-0.13269,0.0036,0.0046,0.06409
171.05,SYN.ETH-25OCT19,1567853940478,open,0.15,104.0,0.104,0.191,0.148258,81.45,0.126,0.0,ETH-25OCT19-180-P,169.86,75.73,0.14,336.0,0.156,240.0,86.81,0.24707,-0.21017,-0.14771,0.0079,-0.5101
10394.09,SYN.BTC-13SEP19,1567853940611,open,0.18,16.5,0.166,0.2015,0.18329809,83.63,0.188,0.0,BTC-13SEP19-8500-C,10373.32,0.0,0.182,10.0,0.193,5.0,141.93,0.78733,-5.60278,1.32362,5e-05,0.97436
170.05,SYN.ETH-13SEP19,1567853940644,open,0.0,431.0,0.001,0.016,0.004375,77.28,0.006,0.0,ETH-13SEP19-150-P,169.86,55.62,0.001,200.0,0.006,200.0,84.51,0.03561,-0.23421,-0.00264,0.0099,-0.09201
170.27,SYN.ETH-20SEP19,1567853940667,open,0.0,0.0,0.001,0.012,0.002945,89.97,None,0.0,ETH-20SEP19-230-C,169.86,0.0,0.0,0.0,0.006,205.0,103.78,0.03034,-0.106,0.00253,0.0033,0.04505
172.3,ETH-27DEC19,1567853940689,open,0.06,2.0,0.026,0.091,0.057645,84.16,0.064,0.0,ETH-27DEC19-260-C,169.86,80.93,0.052,32.0,0.063,240.0,87.14,0.30569,-0.11601,0.10392,0.00403,0.2562
170.05,SYN.ETH-13SEP19,1567853940715,open,0.08,2.0,0.042,0.104,0.074581,77.28,0.066,0.0,ETH-13SEP19-160-C,169.86,62.86,0.069,40.0,0.077,40.0,83.18,0.06876,-0.45216,0.01845,0.01911,0.74866
172.3,ETH-27DEC19,1567853940772,open,0.56,0.0,0.5,0.633,0.566641,84.16,None,0.0,ETH-27DEC19-260-P,169.86,0.0,0.0,0.0,1.504,1.0,500.0,0.30569,-0.11601,-0.68588,0.00403,-0.7438
170.05,SYN.ETH-13SEP19,1567853940788,open,0.02,358.0,0.002,0.037,0.015485,77.28,0.014,0.0,ETH-13SEP19-160-P,169.86,71.03,0.013,198.0,0.018,160.0,83.41,0.06876,-0.45216,-0.0073,0.01911,-0.25134
10394.09,SYN.BTC-13SEP19,1567853940824,open,0.04,240.2,0.0175,0.0685,0.0425339,73.18,0.042,0.0,BTC-13SEP19-10500-P,10373.32,69.15,0.0405,17.8,0.043,0.8,74.1,5.25079,-32.69951,-0.94964,0.00041,-0.52502
171.05,SYN.ETH-25OCT19,1567853940852,open,0.02,34.0,0.008,0.046,0.024279,84.41,0.037,0.0,ETH-25OCT19-240-C,169.86,79.56,0.02,220.0,0.028,220.0,88.36,0.15665,-0.13809,0.03265,0.00484,0.1698
170.05,SYN.ETH-13SEP19,1567853940861,open,0.04,400.0,0.012,0.066,0.038486,75.79,0.031,0.0,ETH-13SEP19-170-C,169.86,66.92,0.034,1.0,0.042,120.0,82.74,0.08596,-0.55438,0.01319,0.02437,0.52037
170.05,SYN.ETH-13SEP19,1567853940936,open,0.04,254.0,0.012,0.068,0.038196,75.79,0.037,0.0,ETH-13SEP19-170-P,169.86,69.47,0.035,300.0,0.042,120.0,83.31,0.08596,-0.55438,-0.01418,0.02437,-0.47963
170.05,SYN.ETH-13SEP19,1567853941013,open,0.02,847.0,0.002,0.038,0.01691,75.79,0.017,0.0,ETH-13SEP19-180-C,169.86,66.62,0.013,305.0,0.019,180.0,80.52,0.07426,-0.47893,0.00757,0.02105,0.29345
170.05,SYN.ETH-13SEP19,1567853941091,open,0.07,349.0,0.041,0.11,0.075428,75.79,0.088,0.0,ETH-13SEP19-180-P,169.86,62.91,0.07,640.0,0.08,40.0,86.04,0.07426,-0.47893,-0.02141,0.02105,-0.70655
170.05,SYN.ETH-13SEP19,1567853941170,open,0.01,976.0,0.001,0.021,0.006359,76.15,0.006,0.0,ETH-13SEP19-190-C,169.86,66.8,0.004,200.0,0.009,200.0,85.06,0.047,-0.30457,0.00354,0.01326,0.13567
10394.09,SYN.BTC-13SEP19,1567853941170,open,0.02,547.9,0.0025,0.0365,0.01677414,75.34,0.018,0.0,BTC-13SEP19-11000-C,10373.32,70.06,0.0145,10.0,0.0175,0.8,77.0,4.53526,-29.07688,0.46203,0.00035,0.29291
10567.54,BTC-27DEC19,1567853941175,open,0.0,179.3,0.0005,0.0135,0.00390992,90.55,0.005,0.0,BTC-27DEC19-32000-C,10373.32,85.4,0.0025,52.0,0.005,6.0,93.73,3.33492,-1.36184,0.65763,1e-05,0.0244
10567.54,BTC-27DEC19,1567853941175,open,0.05,265.2,0.0225,0.084,0.05094779,80.69,0.0505,0.0,BTC-27DEC19-16000-C,10373.32,79.54,0.049,19.3,0.053,0.2,81.88,18.05378,-6.56906,6.02791,7e-05,0.23873
10443.58,BTC-27SEP19,1567853941177,open,0.05,762.7,0.0235,0.074,0.04782383,73.55,0.048,0.0,BTC-27SEP19-10000-P,10373.32,69.2,0.044,12.0,0.0495,24.0,75.46,9.18047,-16.9869,-2.36148,0.00021,-0.36742
10443.58,BTC-27SEP19,1567853941177,open,0.01,1227.6,0.0005,0.0155,0.0055625,79.82,0.0065,0.0,BTC-27SEP19-8000-P,10373.32,75.98,0.0045,5.0,0.006,6.5,81.29,3.0429,-6.10976,-0.39404,6e-05,-0.06373
10443.58,BTC-27SEP19,1567853941188,open,1.3,0.2,1.2535,1.346,1.29823823,119.87,1.6,0.0,BTC-27SEP19-24000-P,10373.32,0.0,0.0,0.0,0.0,0.0,0.0,0.17489,-0.52739,-13.05691,0.0,-0.99771
10567.54,BTC-27DEC19,1567853941190,open,0.04,233.0,0.02,0.0675,0.04227797,77.35,0.039,0.0,BTC-27DEC19-7500-P,10373.32,74.82,0.039,19.3,0.0435,25.0,78.28,13.8474,-4.83027,-6.31585,5e-05,-0.15447
10443.58,BTC-27SEP19,1567853941190,open,0.26,38.0,0.2245,0.2895,0.25592985,77.71,0.237,0.0,BTC-27SEP19-13000-P,10373.32,0.0,0.2275,5.0,0.2845,5.0,121.54,5.21104,-10.18683,-6.39153,0.00011,-0.86797
10443.58,BTC-27SEP19,1567853941190,open,0.01,565.4,0.0005,0.016,0.00526934,79.66,0.007,0.0,BTC-27SEP19-14000-C,10373.32,73.32,0.0035,51.1,0.006,36.0,81.94,3.23472,-6.48249,0.36221,7e-05,0.06896
10443.58,BTC-27SEP19,1567853941190,open,1.87,0.0,1.8165,1.931,1.87258459,117.53,None,0.0,BTC-27SEP19-30000-P,10373.32,0.0,0.0,0.0,0.0,0.0,0.0,0.00997,-0.02947,-16.33563,0.0,-0.9999
10443.58,BTC-27SEP19,1567853941190,open,0.33,726.9,0.3165,0.3465,0.33104896,85.05,0.3375,0.0,BTC-27SEP19-7000-C,10373.32,0.0,0.3245,10.1,0.338,9.0,121.58,1.03847,-2.2219,3.70639,2e-05,0.98279
10567.54,BTC-27DEC19,1567853941190,open,0.02,270.5,0.0045,0.0375,0.01682014,85.12,0.022,0.0,BTC-27DEC19-22000-C,10373.32,83.06,0.015,50.0,0.0185,28.0,86.92,9.61643,-3.69147,2.41451,3e-05,0.09204
10443.58,BTC-27SEP19,1567853941192,open,0.81,28.2,0.7985,0.818,0.80849497,161.02,0.755,0.0,BTC-27SEP19-2000-C,10373.32,0.0,0.01,1.0,0.839,5.0,500.0,0.00026,-0.00106,1.08907,0.0,1.0
10443.58,BTC-27SEP19,1567853941192,open,0.0,1194.1,0.0005,0.011,0.00131656,85.05,0.001,0.0,BTC-27SEP19-7000-P,10373.32,74.17,0.0005,57.0,0.002,24.0,91.04,1.03815,-2.22105,-0.10534,2e-05,-0.01721
10567.54,BTC-27DEC19,1567853941195,open,0.01,496.3,0.0005,0.0155,0.00566625,80.52,0.0045,0.0,BTC-27DEC19-5000-P,10373.32,77.03,0.0045,47.0,0.0065,31.0,82.77,3.76256,-1.36621,-1.08661,1e-05,-0.02818
10567.54,BTC-27DEC19,1567853941203,open,2.4,1.3,2.3405,2.4855,2.40966584,94.83,2.2,0.0,BTC-27DEC19-36000-P,10373.32,0.0,0.0005,10.0,0.0,0.0,0.0,2.65026,-1.1334,-108.8566,1e-05,-0.98141
10684.43,SYN.BTC-27MAR20,1567853941203,open,0.77,0.0,0.7015,0.8375,0.76878515,82.1,0.8095,0.0,BTC-27MAR20-18000-P,10373.32,0.0,0.0005,7.1,0.0,0.0,0.0,27.26518,-5.544,-87.29843,5e-05,-0.7085
10567.54,BTC-27DEC19,1567853941207,open,0.53,65.4,0.519,0.5475,0.53251969,80.52,0.5215,0.0,BTC-27DEC19-5000-C,10373.32,0.0,0.5215,11.0,0.5445,12.0,104.65,3.76273,-1.36629,14.10178,1e-05,0.97182
10567.54,BTC-27DEC19,1567853941211,open,0.0,212.0,0.0005,0.0105,0.00092581,111.58,0.0005,0.0,BTC-27DEC19-2500-P,10373.32,0.0,0.0,0.0,0.0085,1.0,159.82,0.69124,-0.34783,-0.15838,0.0,-0.00401
10443.58,BTC-27SEP19,1567853941211,open,0.09,714.8,0.061,0.1175,0.09029869,73.55,0.091,0.0,BTC-27SEP19-10000-C,10373.32,68.65,0.086,0.4,0.092,18.0,75.49,9.18048,-16.98714,3.08391,0.00021,0.63258
10443.58,BTC-27SEP19,1567853941216,open,0.69,0.5,0.679,0.6985,0.68880485,122.8,0.694,0.0,BTC-27SEP19-3250-C,10373.32,0.0,0.0045,10.0,0.7655,5.0,500.0,0.00134,-0.00413,1.76968,0.0,0.99999
10443.58,BTC-27SEP19,1567853941222,open,1.68,0.0,1.629,1.736,1.68109476,119.12,None,0.0,BTC-27SEP19-28000-P,10373.32,0.0,0.0,0.0,0.0,0.0,0.0,0.02914,-0.08731,-15.24538,0.0,-0.99967
10567.54,BTC-27DEC19,1567853941234,open,0.04,478.9,0.013,0.0635,0.03486641,82.62,0.034,0.0,BTC-27DEC19-18000-C,10373.32,80.92,0.0325,19.3,0.037,26.0,84.11,14.91086,-5.55545,4.43802,5e-05,0.17312
10443.58,BTC-27SEP19,1567853941234,open,0.0,657.8,0.0005,0.0105,0.00025021,119.74,0.0005,0.0,BTC-27SEP19-5000-P,10373.32,0.0,0.0,0.0,0.0005,56.1,129.4,0.20644,-0.62187,-0.01709,0.0,-0.00275
10443.58,BTC-27SEP19,1567853941239,open,0.16,455.4,0.1305,0.181,0.15639443,75.57,0.1605,0.0,BTC-27SEP19-9000-C,10373.32,70.65,0.1535,0.6,0.1575,0.6,77.39,6.29862,-11.97383,3.79819,0.00014,0.82427
10567.54,BTC-27DEC19,1567853941239,open,0.0,492.0,0.0005,0.012,0.00239454,87.65,0.0015,0.0,BTC-27DEC19-4000-P,10373.32,77.32,0.001,34.0,0.0035,24.0,93.28,1.83807,-0.72653,-0.4667,1e-05,-0.01214
10567.54,BTC-27DEC19,1567853941247,open,0.24,170.1,0.201,0.278,0.24120953,77.35,0.257,0.0,BTC-27DEC19-9000-C,10373.32,58.51,0.207,11.0,0.249,19.1,81.56,19.52643,-6.81127,15.44445,7e-05,0.72233
10567.54,BTC-27DEC19,1567853941247,open,0.0,248.0,0.0005,0.0115,0.00162774,93.31,0.001,0.0,BTC-27DEC19-3500-P,10373.32,80.21,0.0005,45.1,0.0025,24.0,99.51,1.28595,-0.54109,-0.31119,0.0,-0.00807
10443.58,BTC-27SEP19,1567853941247,open,0.0,556.3,0.0005,0.011,0.00142363,85.44,0.0015,0.0,BTC-27SEP19-16000-C,10373.32,74.58,0.0005,23.0,0.002,30.0,89.86,1.2135,-2.60814,0.10946,2e-05,0.02067
10567.54,BTC-27DEC19,1567853941257,open,0.02,315.7,0.005,0.0305,0.01544384,80.07,0.0165,0.0,BTC-27DEC19-6000-P,10373.32,77.99,0.014,5.0,0.0165,53.0,81.53,7.50596,-2.71011,-2.62654,3e-05,-0.06638
10567.54,BTC-27DEC19,1567853941257,open,1.65,0.1,1.599,1.7205,1.65632628,88.66,1.49,0.0,BTC-27DEC19-28000-P,10373.32,0.0,0.001,1.0,0.0,0.0,0.0,5.02746,-2.0101,-83.98381,2e-05,-0.95992
10684.43,SYN.BTC-27MAR20,1567853941264,open,1.83,0.0,1.7615,1.913,1.83294121,87.47,None,0.0,BTC-27MAR20-30000-P,10373.32,0.0,0.0005,10.0,0.0,0.0,0.0,14.29859,-3.09762,-161.29342,3e-05,-0.8965
10567.54,BTC-27DEC19,1567853941268,open,0.48,203.2,0.4295,0.5375,0.48299295,80.37,0.42,0.0,BTC-27DEC19-15000-P,10373.32,70.92,0.466,6.1,0.493,5.0,85.62,19.75953,-7.16112,-38.47032,7e-05,-0.71543
10567.54,BTC-27DEC19,1567853941277,open,0.03,757.8,0.0075,0.048,0.02389972,83.86,0.023,0.0,BTC-27DEC19-20000-C,10373.32,82.16,0.022,44.0,0.0255,21.5,85.25,12.00726,-4.54103,3.25388,4e-05,0.12526
10567.54,BTC-27DEC19,1567853941303,open,0.73,12.4,0.686,0.7945,0.73819405,82.62,0.559,0.0,BTC-27DEC19-18000-P,10373.32,0.0,0.0045,5.0,1.4865,0.2,500.0,14.9106,-5.55527,-50.24051,5e-05,-0.82689
10567.54,BTC-27DEC19,1567853941317,open,2.02,0.3,1.9695,2.101,2.03204795,90.54,1.875,0.0,BTC-27DEC19-32000-P,10373.32,0.0,0.0005,10.0,0.0,0.0,0.0,3.3333,-1.36104,-96.54882,1e-05,-0.97562
10567.54,BTC-27DEC19,1567853941317,open,0.0,323.2,0.0005,0.011,0.00124595,101.88,0.0015,0.0,BTC-27DEC19-48000-C,10373.32,93.35,0.0005,24.0,0.002,24.0,107.15,1.25939,-0.57859,0.21286,0.0,0.00788
10567.54,BTC-27DEC19,1567853941317,open,0.1,293.8,0.0585,0.1375,0.09837186,79.17,0.119,0.0,BTC-27DEC19-13000-C,10373.32,77.35,0.0945,19.3,0.1015,22.0,80.64,22.48332,-8.02718,9.64249,8e-05,0.39875
10567.54,BTC-27DEC19,1567853941325,open,0.08,487.6,0.0425,0.116,0.07862665,79.63,0.096,0.0,BTC-27DEC19-14000-C,10373.32,78.07,0.0755,19.3,0.081,15.0,80.8,21.26077,-7.6342,8.28437,8e-05,0.3367
10567.54,BTC-27DEC19,1567853941325,open,0.16,619.2,0.109,0.1925,0.15254297,77.35,0.1545,0.0,BTC-27DEC19-11000-C,10373.32,75.73,0.149,14.4,0.1565,20.0,79.17,23.07152,-8.04787,12.67514,9e-05,0.5474
10443.58,BTC-27SEP19,1567853941325,open,0.24,866.6,0.22,0.2595,0.23954238,79.82,0.2415,0.0,BTC-27SEP19-8000-C,10373.32,57.4,0.235,0.6,0.2405,0.6,82.98,3.04309,-6.11034,3.96224,6e-05,0.93627
10567.54,BTC-27DEC19,1567853941325,open,2.78,0.0,2.7115,2.87,2.78741953,97.81,2.58,0.0,BTC-27DEC19-40000-P,10373.32,0.0,0.0005,10.0,0.0,0.0,0.0,2.06804,-0.91219,-121.13284,1e-05,-0.98608
10443.58,BTC-27SEP19,1567853941346,open,0.02,1195.7,0.005,0.036,0.01816706,75.57,0.0185,0.0,BTC-27SEP19-9000-P,10373.32,73.61,0.017,0.5,0.018,0.5,75.29,6.29854,-11.97346,-1.10264,0.00014,-0.17572
10567.54,BTC-27DEC19,1567853941382,open,0.09,571.8,0.0575,0.129,0.09287335,77.35,0.0915,0.0,BTC-27DEC19-9000-P,10373.32,74.44,0.0875,19.3,0.095,32.3,78.5,19.52642,-6.81123,-11.89473,7e-05,-0.27767
10567.54,BTC-27DEC19,1567853941382,open,1.09,4.9,1.0465,1.157,1.09866503,85.12,1.0385,0.0,BTC-27DEC19-22000-P,10373.32,0.0,0.006,2.0,1.844,0.3,499.62,9.61584,-3.69115,-64.41486,3e-05,-0.90797
10443.58,BTC-27SEP19,1567853941382,open,1.49,0.0,1.441,1.541,1.4896309,119.67,None,0.0,BTC-27SEP19-26000-P,10373.32,0.0,0.0,0.0,0.0,0.0,0.0,0.07326,-0.22052,-14.15336,0.0,-0.99912
10443.58,BTC-27SEP19,1567853941382,open,0.0,783.9,0.0005,0.0125,0.00255283,81.86,0.0025,0.0,BTC-27SEP19-15000-C,10373.32,70.91,0.001,103.0,0.0035,53.0,86.52,1.9248,-3.96391,0.18991,4e-05,0.03595
10567.54,BTC-27DEC19,1567853941392,open,0.14,413.4,0.096,0.1805,0.13876803,77.35,0.1425,0.0,BTC-27DEC19-10000-P,10373.32,74.81,0.1335,19.3,0.1415,19.0,78.67,21.91095,-7.643,-16.20135,8e-05,-0.36593
10443.58,BTC-27SEP19,1567853941396,open,0.76,55.9,0.751,0.7705,0.76061872,141.01,0.689,0.0,BTC-27SEP19-2500-C,10373.32,0.0,0.0045,10.0,0.808,5.0,500.0,0.00037,-0.00132,1.36133,0.0,1.0
10567.54,BTC-27DEC19,1567853941399,open,3.15,0.0,3.0825,3.2545,3.16519629,98.95,3.46,0.0,BTC-27DEC19-44000-P,10373.32,0.0,0.0005,10.0,0.0,0.0,0.0,1.49363,-0.66648,-133.39945,0.0,-0.99043
10567.54,BTC-27DEC19,1567853941399,open,1.28,0.0,1.23,1.343,1.28312366,86.21,None,0.0,BTC-27DEC19-24000-P,10373.32,0.0,0.006,1.0,2.0245,0.2,499.97,7.67083,-2.98212,-71.09883,3e-05,-0.93173
10567.54,BTC-27DEC19,1567853941407,open,3.91,0.8,3.8245,4.0255,3.92170938,103.81,3.59,0.0,BTC-27DEC19-52000-P,10373.32,0.0,0.001,1.0,0.0,0.0,0.0,1.02326,-0.479,-157.79151,0.0,-0.99377
172.3,ETH-27DEC19,1567853941443,open,0.0,3856.0,0.001,0.012,0.002982,110.44,0.003,0.0,ETH-27DEC19-760-C,169.86,98.03,0.001,300.0,0.005,40.0,117.84,0.03888,-0.01937,0.00704,0.00039,0.01643
170.5,ETH-27SEP19,1567853941516,open,0.0,1939.0,0.001,0.011,0.001589,98.3,0.001,0.0,ETH-27SEP19-280-C,169.86,92.34,0.001,221.0,0.002,1.0,101.63,0.0195,-0.04823,0.00174,0.00125,0.02029
10684.43,SYN.BTC-27MAR20,1567853941534,open,2.19,0.0,2.125,2.2845,2.20010387,88.57,None,0.0,BTC-27MAR20-34000-P,10373.32,0.0,0.0005,10.0,0.0,0.0,0.0,11.43338,-2.508,-184.57843,2e-05,-0.92337
10443.57,BTC-27SEP19,1567853941619,open,0.03,58.8,0.012,0.0535,0.02995387,73.77,0.0295,0.0,BTC-27SEP19-9500-P,10373.37,69.86,0.027,14.0,0.031,24.0,75.15,7.94145,-14.73824,-1.66227,0.00018,-0.26234
10443.57,BTC-27SEP19,1567853941619,open,0.01,244.5,0.0005,0.023,0.00972,76.07,0.01,0.0,BTC-27SEP19-8500-P,10373.37,71.88,0.008,50.0,0.011,55.0,78.99,4.45785,-8.53055,-0.65733,0.0001,-0.10587
10443.57,BTC-27SEP19,1567853941619,open,0.02,232.9,0.004,0.0335,0.01592019,76.34,0.0155,0.0,BTC-27SEP19-12500-C,10373.37,72.25,0.0135,42.1,0.0165,30.0,77.28,6.368,-12.22896,0.92629,0.00014,0.1788
10443.57,BTC-27SEP19,1567853941619,open,0.14,18.0,0.1015,0.1675,0.13403505,74.29,0.1,0.0,BTC-27SEP19-11500-P,10373.37,61.24,0.1235,7.0,0.1425,8.1,84.26,8.70904,-16.27535,-4.6324,0.0002,-0.68053
10443.57,BTC-27SEP19,1567853941620,open,0.12,0.0,0.0925,0.148,0.12030471,73.78,None,0.0,BTC-27SEP19-9500-C,10373.37,68.04,0.116,15.0,0.1225,12.0,76.65,7.94152,-14.73875,3.51082,0.00018,0.73765
10418.84,SYN.BTC-20SEP19,1567853941619,open,0.08,10.2,0.049,0.103,0.07701014,74.39,0.074,0.0,BTC-20SEP19-10000-C,10373.37,70.09,0.074,0.4,0.0795,8.0,77.94,7.3076,-21.11129,2.07611,0.00026,0.64189
10684.43,SYN.BTC-27MAR20,1567853941619,open,0.26,69.3,0.203,0.298,0.25314279,77.57,0.2565,0.0,BTC-27MAR20-10000-C,10373.37,76.05,0.249,0.5,0.2585,7.0,79.53,29.22517,-5.61448,23.84164,6e-05,0.6566
10394.09,SYN.BTC-13SEP19,1567853941619,open,0.01,387.0,0.0005,0.024,0.00834602,78.1,0.0085,0.0,BTC-13SEP19-11500-C,10373.37,77.0,0.008,0.3,0.009,0.8,80.14,3.28416,-21.82686,0.26349,0.00024,0.16582
10481.72,SYN.BTC-25OCT19,1567853941619,open,0.04,67.2,0.0185,0.0695,0.0422866,79.77,0.0435,0.0,BTC-25OCT19-13000-C,10373.37,77.44,0.0395,19.3,0.045,18.0,82.0,12.64302,-10.53235,3.18515,0.00011,0.27396
10481.72,SYN.BTC-25OCT19,1567853941620,open,0.03,163.4,0.01,0.052,0.02850583,80.73,0.038,0.0,BTC-25OCT19-14000-C,10373.37,78.72,0.0265,19.3,0.031,20.2,83.16,10.6092,-8.94489,2.3498,9e-05,0.19942
10394.09,SYN.BTC-13SEP19,1567853941619,open,0.1,37.4,0.0705,0.1175,0.09434708,74.77,0.098,0.0,BTC-13SEP19-9500-C,10373.37,68.54,0.0925,6.8,0.0955,0.8,78.43,3.20535,-20.39562,1.24807,0.00025,0.84026
10481.72,SYN.BTC-25OCT19,1567853941619,open,0.26,0.0,0.2325,0.2835,0.25836199,77.25,None,0.0,BTC-25OCT19-8000-C,10373.37,0.0,0.2365,10.0,0.0,0.0,0.0,8.2189,-6.6309,8.34798,7e-05,0.86555
10418.84,SYN.BTC-20SEP19,1567853941619,open,0.13,1.0,0.0935,0.156,0.12477359,74.87,0.125,0.0,BTC-20SEP19-11500-P,10373.37,70.28,0.122,0.4,0.1285,0.4,80.83,6.39421,-18.5906,-3.16453,0.00022,-0.73624
10684.43,SYN.BTC-27MAR20,1567853941619,open,0.19,125.5,0.138,0.238,0.18908285,77.56,0.196,0.0,BTC-27MAR20-10000-P,10373.37,76.62,0.1865,4.9,0.19,0.2,77.9,29.22518,-5.61446,-31.46674,6e-05,-0.3434
10418.84,SYN.BTC-20SEP19,1567853941619,open,0.04,14.0,0.0145,0.0615,0.03680973,74.39,0.043,0.0,BTC-20SEP19-10000-P,10373.37,71.09,0.0345,0.4,0.0395,10.0,78.22,7.30759,-21.11104,-1.45147,0.00026,-0.35811
10481.72,SYN.BTC-25OCT19,1567853941619,open,0.02,9.7,0.0075,0.04,0.02159466,77.25,0.0225,0.0,BTC-25OCT19-8000-P,10373.37,73.87,0.019,37.0,0.0235,21.0,79.65,8.21881,-6.63075,-2.14528,7e-05,-0.13444
10394.09,SYN.BTC-13SEP19,1567853941619,open,0.11,14.4,0.0875,0.1435,0.11474362,78.1,0.0885,0.0,BTC-13SEP19-11500-P,10373.37,64.97,0.111,0.8,0.115,0.8,78.91,3.28411,-21.82629,-1.58776,0.00024,-0.83418
10481.72,SYN.BTC-25OCT19,1567853941619,open,0.21,14.4,0.1655,0.247,0.20665068,78.24,0.171,0.0,BTC-25OCT19-12000-P,10373.37,0.0,0.1445,10.0,0.3095,3.1,150.4,14.31469,-11.69688,-11.52265,0.00013,-0.63145
10684.43,SYN.BTC-27MAR20,1567853941619,open,0.93,0.0,0.871,1.009,0.93837363,83.11,None,0.0,BTC-27MAR20-20000-P,10373.37,0.0,0.0005,3.1,0.0,0.0,0.0,24.71848,-5.08792,-100.34607,5e-05,-0.7597
174.1,SYN.ETH-27MAR20,1567853941886,open,0.56,2.0,0.537,0.583,0.561041,83.54,0.597,0.0,ETH-27MAR20-80-C,169.86,53.36,0.543,1.0,0.576,1.0,98.79,0.15246,-0.03155,0.36576,0.00109,0.94088
170.27,SYN.ETH-20SEP19,1567853941907,open,0.24,0.0,0.214,0.263,0.239019,84.27,None,0.0,ETH-20SEP19-130-C,169.86,0.0,0.0,0.0,0.0,0.0,0.0,0.02597,-0.08499,0.04348,0.00301,0.96281
10394.09,SYN.BTC-13SEP19,1567853941990,open,0.04,240.2,0.0175,0.0685,0.04253453,73.18,0.042,0.0,BTC-13SEP19-10500-P,10373.37,69.15,0.0405,17.8,0.042,0.1,72.13,5.25079,-32.70007,-0.94964,0.00041,-0.52502
174.1,SYN.ETH-27MAR20,1567853942049,open,0.4,37.0,0.352,0.433,0.395662,83.54,0.431,0.0,ETH-27MAR20-120-C,169.86,0.0,0.096,1.0,0.423,3.0,97.24,0.34154,-0.07067,0.40715,0.00244,0.81849
170.27,SYN.ETH-20SEP19,1567853942065,open,0.19,0.0,0.155,0.21,0.18323,77.44,None,0.0,ETH-20SEP19-140-C,169.86,0.0,0.0,0.0,0.0,0.0,0.0,0.04664,-0.14026,0.04438,0.00589,0.92201
174.1,SYN.ETH-27MAR20,1567853942621,open,0.52,130.0,0.446,0.597,0.523912,86.38,0.417,0.0,ETH-27MAR20-240-P,169.86,82.28,0.512,240.0,0.535,240.0,90.17,0.50838,-0.10876,-1.05416,0.00351,-0.57084
170.5,ETH-27SEP19,1567853942661,open,0.0,1939.0,0.001,0.011,0.001589,98.3,0.001,0.0,ETH-27SEP19-280-C,169.86,92.34,0.001,1.0,0.002,1.0,101.63,0.0195,-0.04823,0.00174,0.00125,0.02029
10684.49,SYN.BTC-27MAR20,1567853942705,open,0.11,167.6,0.0615,0.1535,0.10727327,80.75,0.129,0.0,BTC-27MAR20-16000-C,10373.37,77.92,0.0995,14.9,0.114,14.9,83.17,29.57946,-5.91591,14.63341,6e-05,0.3549
172.3,ETH-27DEC19,1567853942782,open,0.0,3856.0,0.001,0.012,0.002982,110.44,0.003,0.0,ETH-27DEC19-760-C,169.86,98.03,0.001,100.0,0.005,40.0,117.84,0.03888,-0.01937,0.00704,0.00039,0.01643
10394.14,SYN.BTC-13SEP19,1567853942849,open,0.23,7.4,0.215,0.2475,0.2308342,93.52,0.2485,0.0,BTC-13SEP19-8000-C,10373.37,0.0,0.219,5.0,0.2435,5.0,182.96,0.40398,-3.21494,1.26735,2e-05,0.98827
170.5,ETH-27SEP19,1567853942903,open,0.99,294.0,0.937,1.058,0.99517,122.4,1.024,0.0,ETH-27SEP19-340-P,169.86,0.0,0.965,5.0,1.03,5.0,232.13,0.01197,-0.03686,-0.18417,0.00062,-0.98851
10418.88,SYN.BTC-20SEP19,1567853942923,open,0.01,34.9,0.0025,0.03,0.01296688,75.95,0.012,0.0,BTC-20SEP19-12000-C,10373.37,72.9,0.0115,14.0,0.0145,0.2,79.01,5.11702,-15.09175,0.61026,0.00018,0.17901
174.1,SYN.ETH-27MAR20,1567853942961,open,0.91,1.0,0.834,1.006,0.919916,88.14,0.827,0.0,ETH-27MAR20-320-P,169.86,0.0,0.0,0.0,0.937,3.0,94.85,0.43121,-0.09413,-1.58494,0.00292,-0.72605
170.05,SYN.ETH-13SEP19,1567853942976,open,0.24,0.0,0.212,0.259,0.236011,95.57,None,0.0,ETH-13SEP19-130-C,169.86,0.0,0.0,0.0,0.0,0.0,0.0,0.00647,-0.05258,0.0206,0.00145,0.98856
171.05,SYN.ETH-25OCT19,1567853942986,open,0.31,6.0,0.284,0.338,0.312181,81.45,0.36,0.0,ETH-25OCT19-120-C,169.86,0.0,0.0,0.0,0.0,0.0,0.0,0.09947,-0.08462,0.13443,0.00318,0.91136
170.27,SYN.ETH-20SEP19,1567853942989,open,0.14,0.0,0.096,0.175,0.135584,77.01,None,0.0,ETH-20SEP19-190-P,169.86,0.0,0.0,0.0,0.0,0.0,0.0,0.10087,-0.30163,-0.0534,0.01281,-0.7535
10418.88,SYN.BTC-20SEP19,1567853943005,open,0.05,21.4,0.026,0.077,0.05180789,73.99,0.054,0.0,BTC-20SEP19-10500-C,10373.37,70.25,0.049,0.4,0.054,9.0,76.92,7.80601,-22.43,1.66732,0.00028,0.50546
10481.76,SYN.BTC-25OCT19,1567853943018,open,0.13,40.6,0.098,0.165,0.13285624,77.0,0.1345,0.0,BTC-25OCT19-10000-C,10373.37,74.93,0.13,14.4,0.1385,16.0,81.1,14.44225,-11.61417,6.71153,0.00013,0.62102
170.05,SYN.ETH-13SEP19,1567853943050,open,0.0,600.0,0.001,0.011,0.000496,95.57,0.002,0.0,ETH-13SEP19-130-P,169.86,0.0,0.0,0.0,0.001,53.0,105.91,0.00647,-0.05258,-0.00033,0.00145,-0.01144
10684.49,SYN.BTC-27MAR20,1567853943080,open,0.19,83.2,0.138,0.2395,0.19090736,79.86,0.19,0.0,BTC-27MAR20-12000-C,10373.37,77.86,0.185,0.1,0.192,9.1,80.24,31.53718,-6.23828,20.65395,6e-05,0.54042
172.3,ETH-27DEC19,1567853943121,open,0.44,0.0,0.412,0.464,0.439198,82.93,None,0.0,ETH-27DEC19-100-C,169.86,0.0,0.0,0.0,0.0,0.0,0.0,0.13846,-0.05178,0.25271,0.00185,0.92203
171.05,SYN.ETH-25OCT19,1567853943125,open,0.22,3.0,0.184,0.253,0.220804,81.45,0.271,0.0,ETH-25OCT19-140-C,169.86,0.0,0.0,0.0,0.0,0.0,0.0,0.17562,-0.1494,0.129,0.00562,0.79577
174.1,SYN.ETH-27MAR20,1567853943125,open,1.12,0.0,1.043,1.223,1.131554,89.21,None,0.0,ETH-27MAR20-360-P,169.86,0.0,0.0,0.0,1.151,3.0,97.58,0.386,-0.08528,-1.83813,0.00258,-0.77736
170.05,SYN.ETH-13SEP19,1567853943133,open,0.18,0.0,0.152,0.204,0.178207,86.23,None,0.0,ETH-13SEP19-140-C,169.86,0.0,0.0,0.0,0.0,0.0,0.0,0.01607,-0.11794,0.02158,0.004,0.96652
170.27,SYN.ETH-20SEP19,1567853943137,open,0.18,1.0,0.146,0.225,0.185049,77.01,0.15,0.0,ETH-20SEP19-200-P,169.86,0.0,0.14,1.0,0.0,0.0,0.0,0.07428,-0.22212,-0.06222,0.00943,-0.85087
170.27,SYN.ETH-20SEP19,1567853943148,open,0.3,0.0,0.274,0.32,0.297044,98.86,None,0.0,ETH-20SEP19-120-C,169.86,0.0,0.0,0.0,0.0,0.0,0.0,0.01806,-0.06934,0.04078,0.00179,0.976
10418.87,SYN.BTC-20SEP19,1567853943167,open,0.15,0.0,0.123,0.17,0.14672393,76.08,None,0.0,BTC-20SEP19-9000-C,10373.37,0.0,0.04,1.0,0.0,0.0,0.0,4.28207,-12.65105,2.63421,0.00015,0.86345
170.05,SYN.ETH-13SEP19,1567853943171,open,0.0,3.0,0.001,0.011,0.000514,102.41,0.003,0.0,ETH-13SEP19-230-C,169.86,0.0,0.0,0.0,0.001,50.0,112.08,0.00671,-0.05844,0.00031,0.00141,0.01193
10684.48,SYN.BTC-27MAR20,1567853943179,open,0.48,0.1,0.447,0.501,0.4740716,78.01,0.4775,0.0,BTC-27MAR20-6000-C,10373.37,0.0,0.283,1.0,0.0,0.0,0.0,13.88905,-2.68355,25.20236,3e-05,0.90055
10684.48,SYN.BTC-27MAR20,1567853943217,open,0.6,0.4,0.5385,0.671,0.60477864,80.75,0.5625,0.0,BTC-27MAR20-16000-P,10373.37,62.09,0.556,3.0,0.6565,3.0,98.87,29.57969,-5.91611,-73.85987,6e-05,-0.64509
170.5,ETH-27SEP19,1567853943219,open,0.0,6011.0,0.001,0.011,1e-06,125.0,0.002,0.0,ETH-27SEP19-600-C,169.86,0.0,0.0,0.0,0.001,299.0,201.74,3e-05,-8e-05,0.0,0.0,2e-05
170.5,ETH-27SEP19,1567853943219,open,0.76,853.0,0.709,0.818,0.760992,108.22,0.641,0.0,ETH-27SEP19-300-P,169.86,0.0,0.049,15.0,1.82,5.0,500.0,0.01709,-0.04652,-0.16188,0.001,-0.98263
170.5,ETH-27SEP19,1567853943219,open,0.0,839.0,0.001,0.011,7e-06,125.0,0.001,0.0,ETH-27SEP19-60-P,169.86,0.0,0.0,0.0,0.002,300.0,215.41,0.00015,-0.00048,-1e-05,1e-05,-0.0001
170.5,ETH-27SEP19,1567853943223,open,2.28,24.0,2.189,2.386,2.28446,125.0,1.356,0.0,ETH-27SEP19-560-P,169.86,0.0,0.0,0.0,0.0,0.0,0.0,7e-05,-0.00022,-0.30494,0.0,-0.99996
172.3,ETH-27DEC19,1567853943223,open,0.0,2921.0,0.001,0.013,0.00329,101.3,0.003,0.0,ETH-27DEC19-640-C,169.86,88.47,0.001,120.0,0.003,25.0,100.14,0.04436,-0.02027,0.00831,0.00049,0.01917
172.3,ETH-27DEC19,1567853943223,open,0.88,101.0,0.818,0.961,0.887646,87.55,0.513,0.0,ETH-27DEC19-320-P,169.86,0.0,0.006,5.0,0.0,0.0,0.0,0.22019,-0.08693,-0.91012,0.00279,-0.85124
170.5,ETH-27SEP19,1567853943225,open,1.34,79.0,1.278,1.419,1.346262,125.0,0.351,0.0,ETH-27SEP19-400-P,169.86,0.0,0.0,0.0,0.0,0.0,0.0,0.00335,-0.01054,-0.21758,0.00017,-0.99726
172.3,ETH-27DEC19,1567853943228,open,3.17,0.0,3.058,3.316,3.181706,107.06,None,0.0,ETH-27DEC19-720-P,169.86,0.0,0.003,5.0,0.0,0.0,0.0,0.03932,-0.01898,-2.17997,0.00041,-0.98335
170.5,ETH-27SEP19,1567853943242,open,0.41,2550.0,0.368,0.46,0.412591,88.49,0.34,0.0,ETH-27SEP19-240-P,169.86,0.0,0.053,5.0,0.88,5.0,500.0,0.04756,-0.10587,-0.12556,0.0034,-0.93973
170.5,ETH-27SEP19,1567853943242,open,0.05,1524.0,0.022,0.077,0.049598,77.62,0.047,0.0,ETH-27SEP19-180-C,169.86,73.66,0.046,360.0,0.05,10.0,78.06,0.1553,-0.30324,0.03414,0.01264,0.4173
170.5,ETH-27SEP19,1567853943244,open,0.0,5439.0,0.001,0.011,2.3e-05,125.0,0.001,0.0,ETH-27SEP19-480-C,169.86,0.0,0.0,0.0,0.1,10.0,402.19,0.00049,-0.00153,3e-05,2e-05,0.00033
170.5,ETH-27SEP19,1567853943244,open,0.19,2693.0,0.152,0.237,0.195027,80.03,0.16,0.0,ETH-27SEP19-200-P,169.86,75.59,0.192,1.0,0.211,240.0,101.27,0.11881,-0.2392,-0.09022,0.00938,-0.77671
172.3,ETH-27DEC19,1567853943247,open,0.01,1857.0,0.001,0.019,0.007404,93.62,0.007,0.0,ETH-27DEC19-480-C,169.86,90.59,0.006,495.0,0.009,500.0,96.66,0.08519,-0.03597,0.01812,0.00101,0.04203
170.5,ETH-27SEP19,1567853943249,open,0.3,1574.0,0.257,0.345,0.300205,83.52,0.227,0.0,ETH-27SEP19-220-P,169.86,0.0,0.28,240.0,0.32,240.0,117.84,0.07631,-0.16033,-0.11022,0.00577,-0.88692
170.5,ETH-27SEP19,1567853943251,open,0.87,607.0,0.823,0.937,0.877536,108.22,0.761,0.0,ETH-27SEP19-320-P,169.86,0.0,0.0,0.0,1.39,1.0,500.0,0.00964,-0.02625,-0.17349,0.00056,-0.99103
170.5,ETH-27SEP19,1567853943251,open,0.0,2203.0,0.001,0.011,0.000704,108.22,0.002,0.0,ETH-27SEP19-320-C,169.86,0.0,0.0,0.0,0.001,22.0,112.82,0.00964,-0.02625,0.00077,0.00056,0.00897
170.5,ETH-27SEP19,1567853943251,open,0.0,3828.0,0.001,0.011,3e-06,125.0,0.001,0.0,ETH-27SEP19-560-C,169.86,0.0,0.0,0.0,0.001,99.0,192.45,7e-05,-0.00022,0.0,0.0,4e-05
10684.48,SYN.BTC-27MAR20,1567853943251,open,1.11,0.0,1.0445,1.1845,1.11196204,83.84,None,0.0,BTC-27MAR20-22000-P,10373.37,0.0,0.0005,11.1,0.0,0.0,0.0,22.1527,-4.60009,-113.06775,4e-05,-0.80139
170.5,ETH-27SEP19,1567853943255,open,0.0,2907.0,0.001,0.011,7.1e-05,125.0,0.001,0.0,ETH-27SEP19-440-C,169.86,0.0,0.0,0.0,0.001,194.0,159.15,0.00128,-0.00403,8e-05,6e-05,0.00095
170.5,ETH-27SEP19,1567853943257,open,2.04,12.0,1.962,2.144,2.049861,125.0,1.193,0.0,ETH-27SEP19-520-P,169.86,0.0,0.0,0.0,0.0,0.0,0.0,0.00018,-0.00058,-0.28315,1e-05,-0.99988
172.3,ETH-27DEC19,1567853943259,open,1.33,16.0,1.259,1.42,1.336484,91.74,1.195,0.0,ETH-27DEC19-400-P,169.86,0.0,0.001,8.0,0.0,0.0,0.0,0.13964,-0.05777,-1.18163,0.00169,-0.92115
172.3,ETH-27DEC19,1567853943259,open,1.78,21.0,1.707,1.888,1.793243,93.62,0.629,0.0,ETH-27DEC19-480-P,169.86,0.0,0.001,7.0,0.0,0.0,0.0,0.08519,-0.03597,-1.43997,0.00101,-0.95797
10684.48,SYN.BTC-27MAR20,1567853943259,open,1.64,0.0,1.5805,1.7285,1.65044221,86.67,None,0.0,BTC-27MAR20-28000-P,10373.37,0.0,0.0005,10.0,0.0,0.0,0.0,15.94437,-3.42273,-149.50315,3e-05,-0.87947
10481.75,SYN.BTC-25OCT19,1567853943259,open,0.02,267.3,0.0055,0.0385,0.01890472,81.27,0.0205,0.0,BTC-25OCT19-15000-C,10373.37,79.51,0.0175,24.0,0.0205,21.2,83.19,8.53809,-7.24645,1.69476,7e-05,0.14217
172.3,ETH-27DEC19,1567853943261,open,1.56,0.0,1.483,1.653,1.564374,93.15,None,0.0,ETH-27DEC19-440-P,169.86,0.0,0.001,8.0,0.0,0.0,0.0,0.11056,-0.04644,-1.31168,0.00132,-0.94173
170.5,ETH-27SEP19,1567853943261,open,1.11,233.0,1.05,1.178,1.112121,124.82,0.634,0.0,ETH-27SEP19-360-P,169.86,0.0,0.5,44.0,0.0,0.0,0.0,0.00848,-0.02664,-0.19538,0.00043,-0.99225
170.5,ETH-27SEP19,1567853943261,open,0.0,7916.0,0.001,0.011,0.0,125.0,0.001,0.0,ETH-27SEP19-760-C,169.86,0.0,0.0,0.0,0.001,1.0,232.9,0.0,0.0,0.0,0.0,0.0
170.5,ETH-27SEP19,1567853943261,open,1.22,259.0,1.164,1.298,1.22913,125.0,0.94,0.0,ETH-27SEP19-380-P,169.86,0.0,0.009,8.0,0.0,0.0,0.0,0.00538,-0.01692,-0.20653,0.00027,-0.99536
170.5,ETH-27SEP19,1567853943261,open,0.53,0.0,0.517,0.545,0.531087,125.0,None,0.0,ETH-27SEP19-80-C,169.86,0.0,0.004,5.0,0.0,0.0,0.0,0.00372,-0.01169,0.04325,0.00019,0.99693
170.5,ETH-27SEP19,1567853943261,open,0.3,116.0,0.275,0.32,0.297869,79.01,0.327,0.0,ETH-27SEP19-120-C,169.86,0.0,0.283,1.0,0.313,1.0,133.42,0.0216,-0.04293,0.06306,0.00173,0.9771
171.05,SYN.ETH-25OCT19,1567853943261,open,0.15,242.0,0.109,0.183,0.14866,81.45,0.154,0.0,ETH-25OCT19-160-C,169.86,75.76,0.141,240.0,0.155,240.0,86.16,0.23046,-0.19604,0.11154,0.00737,0.64578
172.3,ETH-27DEC19,1567853943263,open,0.27,2.0,0.228,0.309,0.271739,81.74,0.275,0.0,ETH-27DEC19-140-C,169.86,0.0,0.0,0.0,0.0,0.0,0.0,0.29941,-0.11036,0.25223,0.00406,0.75366
172.3,ETH-27DEC19,1567853943263,open,2.01,37.0,1.932,2.124,2.023521,94.89,0.707,0.0,ETH-27DEC19-520-P,169.86,0.0,0.002,25.0,0.0,0.0,0.0,0.06835,-0.02925,-1.56569,0.0008,-0.96789
170.5,ETH-27SEP19,1567853943265,open,0.0,3439.0,0.001,0.011,0.0,125.0,0.001,0.0,ETH-27SEP19-680-C,169.86,0.0,0.0,0.0,0.001,5.0,218.37,0.0,-1e-05,0.0,0.0,0.0
172.3,ETH-27DEC19,1567853943267,open,0.35,2.0,0.312,0.38,0.348351,82.14,0.346,0.0,ETH-27DEC19-120-C,169.86,0.0,0.101,1.0,2.47,1.0,500.0,0.22395,-0.08295,0.26121,0.00302,0.84742
170.5,ETH-27SEP19,1567853943279,open,0.0,5974.0,0.001,0.011,0.001756,114.67,0.001,0.0,ETH-27SEP19-100-P,169.86,0.0,0.0,0.0,0.004,15.0,132.31,0.0165,-0.04761,-0.00171,0.00091,-0.01668
172.3,ETH-27DEC19,1567853943279,open,0.46,694.0,0.403,0.531,0.467993,84.11,0.44,0.0,ETH-27DEC19-240-P,169.86,67.33,0.437,240.0,0.0,0.0,0.0,0.33713,-0.12788,-0.60372,0.00444,-0.68547
170.27,SYN.ETH-20SEP19,1567853943279,open,0.24,0.0,0.2,0.282,0.239747,80.88,None,0.0,ETH-20SEP19-210-P,169.86,0.0,0.0,0.0,0.0,0.0,0.0,0.05449,-0.17114,-0.0687,0.00659,-0.90396
172.3,ETH-27DEC19,1567853943283,open,0.14,2443.0,0.092,0.182,0.138441,81.74,0.117,0.0,ETH-27DEC19-160-P,169.86,78.09,0.131,260.0,0.144,260.0,84.47,0.35115,-0.12944,-0.25481,0.00476,-0.3484
170.5,ETH-27SEP19,1567853943283,open,0.42,20.0,0.396,0.434,0.415246,114.67,0.441,0.0,ETH-27SEP19-100-C,169.86,0.0,0.403,1.0,0.424,1.0,163.11,0.0165,-0.04761,0.05274,0.00091,0.98332
170.5,ETH-27SEP19,1567853943287,open,0.0,3419.0,0.001,0.011,0.0,125.0,0.001,0.0,ETH-27SEP19-640-C,169.86,0.0,0.0,0.0,0.001,237.0,210.35,1e-05,-3e-05,0.0,0.0,1e-05
172.3,ETH-27DEC19,1567853943287,open,0.28,2369.0,0.226,0.342,0.285574,82.84,0.265,0.0,ETH-27DEC19-200-P,169.86,78.91,0.277,240.0,0.293,240.0,86.23,0.37703,-0.14084,-0.43165,0.00505,-0.53914
170.5,ETH-27SEP19,1567853943289,open,3.21,0.0,3.1,3.353,3.222874,125.0,None,0.0,ETH-27SEP19-720-P,169.86,0.0,0.0,0.0,0.0,0.0,0.0,0.0,-1e-05,-0.39207,0.0,-1.0
170.5,ETH-27SEP19,1567853943289,open,0.0,2060.0,0.001,0.011,0.000295,125.0,0.003,0.0,ETH-27SEP19-80-P,169.86,0.0,0.0,0.0,0.001,10.0,144.83,0.00372,-0.01169,-0.00031,0.00019,-0.00307
172.3,ETH-27DEC19,1567853943289,open,2.24,0.0,2.157,2.362,2.255112,98.3,0.845,0.0,ETH-27DEC19-560-P,169.86,0.0,0.0,0.0,0.0,0.0,0.0,0.06176,-0.02738,-1.68884,0.0007,-0.97159
170.5,ETH-27SEP19,1567853943296,open,2.75,0.0,2.645,2.869,2.753666,125.0,None,0.0,ETH-27SEP19-640-P,169.86,0.0,0.0,0.0,0.0,0.0,0.0,1e-05,-3e-05,-0.3485,0.0,-0.99999
170.5,ETH-27SEP19,1567853943298,open,0.0,5725.0,0.001,0.011,0.000221,125.0,0.001,0.0,ETH-27SEP19-400-C,169.86,0.0,0.0,0.0,0.001,106.0,145.6,0.00335,-0.01054,0.00023,0.00017,0.00274
172.3,ETH-27DEC19,1567853943298,open,1.1,257.0,1.037,1.188,1.109881,89.27,0.947,0.0,ETH-27DEC19-360-P,169.86,0.0,0.008,4.0,1.59,1.0,332.46,0.1731,-0.06968,-1.04916,0.00215,-0.89465
170.5,ETH-27SEP19,1567853943298,open,0.0,2951.0,0.001,0.011,0.000684,124.82,0.006,0.0,ETH-27SEP19-360-C,169.86,0.0,0.0,0.0,0.16,3.0,408.19,0.00848,-0.02664,0.00066,0.00043,0.00775
170.5,ETH-27SEP19,1567853943300,open,0.65,0.0,0.638,0.658,0.648101,125.0,0.01,0.0,ETH-27SEP19-60-C,169.86,0.0,0.003,10.0,0.0,0.0,0.0,0.00015,-0.00048,0.03266,1e-05,0.9999
170.5,ETH-27SEP19,1567853943308,open,1.58,0.0,1.506,1.66,1.580716,125.0,None,0.0,ETH-27SEP19-440-P,169.86,0.0,0.0,0.0,0.0,0.0,0.0,0.00128,-0.00403,-0.23952,6e-05,-0.99905
170.5,ETH-27SEP19,1567853943315,open,0.0,2698.0,0.001,0.011,0.0,125.0,0.001,0.0,ETH-27SEP19-720-C,169.86,0.0,0.0,0.0,0.001,222.0,225.86,0.0,-1e-05,0.0,0.0,0.0
170.5,ETH-27SEP19,1567853943315,open,0.64,730.0,0.595,0.697,0.643818,98.3,0.533,0.0,ETH-27SEP19-280-P,169.86,0.0,0.002,20.0,0.9,5.0,448.22,0.0195,-0.04822,-0.15073,0.00125,-0.97971
170.5,ETH-27SEP19,1567853943315,open,0.0,2337.0,0.001,0.011,0.001035,122.4,0.002,0.0,ETH-27SEP19-340-C,169.86,0.0,0.0,0.0,0.008,1.0,165.78,0.01197,-0.03686,0.00097,0.00062,0.01149
170.5,ETH-27SEP19,1567853943315,open,0.0,1897.0,0.001,0.011,0.000391,125.0,0.004,0.0,ETH-27SEP19-380-C,169.86,0.0,0.0,0.0,0.001,82.0,138.21,0.00538,-0.01692,0.00039,0.00027,0.00464
172.3,ETH-27DEC19,1567853943315,open,0.67,432.0,0.604,0.74,0.671179,85.32,0.66,0.0,ETH-27DEC19-280-P,169.86,49.04,0.63,240.0,1.62,1.0,500.0,0.27568,-0.10607,-0.7634,0.00358,-0.78738
170.5,ETH-27SEP19,1567853943315,open,3.45,0.0,3.328,3.595,3.457478,125.0,None,0.0,ETH-27SEP19-760-P,169.86,0.0,0.0,0.0,0.0,0.0,0.0,0.0,0.0,-0.41385,0.0,-1.0
170.5,ETH-27SEP19,1567853943317,open,0.52,1241.0,0.481,0.577,0.526968,89.34,0.426,0.0,ETH-27SEP19-260-P,169.86,0.0,0.007,15.0,0.0,0.0,0.0,0.02515,-0.05652,-0.13922,0.00178,-0.97254
170.5,ETH-27SEP19,1567853943317,open,1.81,0.0,1.734,1.902,1.815273,125.0,None,0.0,ETH-27SEP19-480-P,169.86,0.0,0.0,0.0,0.0,0.0,0.0,0.00049,-0.00153,-0.26135,2e-05,-0.99967
172.3,ETH-27DEC19,1567853943317,open,0.0,2473.0,0.001,0.014,0.004966,98.3,0.004,0.0,ETH-27DEC19-560-C,169.86,91.87,0.003,400.0,0.007,200.0,103.35,0.06176,-0.02738,0.01227,0.0007,0.02841
170.5,ETH-27SEP19,1567853943325,open,0.0,6399.0,0.001,0.011,8e-06,125.0,0.001,0.0,ETH-27SEP19-520-C,169.86,0.0,0.0,0.0,0.001,240.0,182.36,0.00018,-0.00058,1e-05,1e-05,0.00012
170.5,ETH-27SEP19,1567853943325,open,2.98,0.0,2.873,3.111,2.98827,125.0,None,0.0,ETH-27SEP19-680-P,169.86,0.0,0.0,0.0,0.0,0.0,0.0,0.0,-1e-05,-0.37029,0.0,-1.0
172.3,ETH-27DEC19,1567853943325,open,3.4,0.0,3.283,3.555,3.413893,110.44,None,0.0,ETH-27DEC19-760-P,169.86,0.0,0.0,0.0,0.0,0.0,0.0,0.03888,-0.01937,-2.30161,0.00039,-0.98357
170.05,SYN.ETH-13SEP19,1567853943328,open,0.35,0.0,0.314,0.396,0.353064,102.41,None,0.0,ETH-13SEP19-230-P,169.86,0.0,0.0,0.0,0.0,0.0,0.0,0.00671,-0.05844,-0.03671,0.00141,-0.98807
174.1,SYN.ETH-27MAR20,1567853943328,open,1.34,0.0,1.256,1.444,1.347641,89.98,None,0.0,ETH-27MAR20-400-P,169.86,0.0,0.001,10.0,1.371,3.0,100.98,0.34188,-0.07619,-2.08552,0.00227,-0.81819
172.3,ETH-27DEC19,1567853943331,open,0.08,444.0,0.049,0.12,0.084276,81.74,0.08,0.0,ETH-27DEC19-140-P,169.86,78.11,0.078,260.0,0.088,260.0,83.88,0.29941,-0.11036,-0.17304,0.00406,-0.24634
10418.87,SYN.BTC-20SEP19,1567853943356,open,0.17,0.0,0.1345,0.196,0.16472712,75.96,None,0.0,BTC-20SEP19-12000-P,10373.37,0.0,0.0,0.0,0.0,0.0,0.0,5.11756,-15.09502,-3.62275,0.00018,-0.82096
10481.75,SYN.BTC-25OCT19,1567853943368,open,0.43,0.0,0.4165,0.4445,0.42998883,80.94,None,0.0,BTC-25OCT19-6000-C,10373.37,0.0,0.0005,10.0,0.0,0.0,0.0,1.85358,-1.56689,7.5591,2e-05,0.9798
10481.75,SYN.BTC-25OCT19,1567853943372,open,0.09,85.2,0.054,0.12,0.08689799,77.0,0.0915,0.0,BTC-25OCT19-10000-P,10373.37,73.45,0.082,19.3,0.089,16.0,78.53,14.44226,-11.61455,-6.40517,0.00013,-0.37898
10481.75,SYN.BTC-25OCT19,1567853943399,open,0.01,696.7,0.0005,0.023,0.00927368,84.24,0.012,0.0,BTC-25OCT19-17000-C,10373.37,80.62,0.0075,29.2,0.011,15.0,87.42,5.42812,-4.77545,0.91737,4e-05,0.076
174.1,SYN.ETH-27MAR20,1567853943410,open,0.04,20.0,0.014,0.071,0.039872,90.65,0.043,0.0,ETH-27MAR20-440-C,169.86,87.76,0.035,220.0,0.045,220.0,93.54,0.30136,-0.06766,0.10567,0.00198,0.14961
171.05,SYN.ETH-25OCT19,1567853943410,open,0.1,474.0,0.059,0.13,0.095958,81.45,0.102,0.0,ETH-25OCT19-180-C,169.86,77.33,0.09,240.0,0.103,240.0,86.33,0.24707,-0.21018,0.08839,0.0079,0.4899
10418.87,SYN.BTC-20SEP19,1567853943416,open,0.28,0.0,0.266,0.2975,0.28116828,85.49,None,0.0,BTC-20SEP19-7500-C,10373.37,0.0,0.0,0.0,0.0,0.0,0.0,0.81217,-2.69633,2.58061,2e-05,0.98331
10418.87,SYN.BTC-20SEP19,1567853943430,open,0.06,4.8,0.032,0.0875,0.05959798,74.0,0.0645,0.0,BTC-20SEP19-10500-P,10373.37,69.86,0.0565,0.4,0.0625,8.0,77.87,7.80601,-22.4315,-2.03665,0.00028,-0.49454
172.3,ETH-27DEC19,1567853943464,open,0.2,102.0,0.151,0.256,0.205388,81.74,0.18,0.0,ETH-27DEC19-180-P,169.86,78.81,0.199,240.0,0.213,240.0,85.23,0.37575,-0.1385,-0.3425,0.0051,-0.44899
174.1,SYN.ETH-27MAR20,1567853943482,open,1.56,0.0,1.472,1.668,1.567155,90.65,None,0.0,ETH-27MAR20-440-P,169.86,0.0,0.002,10.0,0.0,0.0,0.0,0.30136,-0.06766,-2.3279,0.00198,-0.85039
10394.13,SYN.BTC-13SEP19,1567853943498,open,0.03,431.8,0.0105,0.0555,0.03234436,73.18,0.0375,0.0,BTC-13SEP19-10500-C,10373.37,71.51,0.0315,10.0,0.033,0.8,74.48,5.25082,-32.69794,0.74065,0.00041,0.47499
10418.87,SYN.BTC-20SEP19,1567853943511,open,0.0,102.7,0.0005,0.012,0.0021513,83.91,0.0035,0.0,BTC-20SEP19-14000-C,10373.37,67.65,0.0005,18.5,0.004,19.0,94.09,1.55656,-5.07196,0.12536,5e-05,0.03626
172.3,ETH-27DEC19,1567853943531,open,0.1,1293.0,0.054,0.134,0.095239,82.84,0.114,0.0,ETH-27DEC19-220-C,169.86,80.33,0.09,240.0,0.1,4.0,85.1,0.36141,-0.13501,0.14874,0.00484,0.37942
171.05,SYN.ETH-25OCT19,1567853943547,open,0.06,247.0,0.03,0.091,0.060919,82.24,0.072,0.0,ETH-25OCT19-200-C,169.86,77.81,0.055,240.0,0.066,240.0,86.0,0.23028,-0.1978,0.06564,0.0073,0.35348
10418.87,SYN.BTC-20SEP19,1567853943555,open,0.01,25.9,0.001,0.0255,0.0105441,76.09,0.0145,0.0,BTC-20SEP19-9000-P,10373.37,72.23,0.009,2.0,0.012,20.0,79.55,4.28251,-12.65358,-0.5407,0.00015,-0.13657
174.1,SYN.ETH-27MAR20,1567853943558,open,0.03,73.0,0.011,0.061,0.032152,91.29,0.035,0.0,ETH-27MAR20-480-C,169.86,88.48,0.028,200.0,0.037,200.0,94.37,0.26534,-0.06,0.08864,0.00173,0.1242
10684.48,SYN.BTC-27MAR20,1567853943565,open,2.01,0.0,1.943,2.0975,2.01560968,87.6,None,0.0,BTC-27MAR20-32000-P,10373.37,0.0,0.0005,10.0,0.0,0.0,0.0,12.60497,-2.73475,-173.05093,2e-05,-0.91278
10394.13,SYN.BTC-13SEP19,1567853943571,open,0.0,475.3,0.0005,0.0115,0.00157313,94.05,0.0015,0.0,BTC-13SEP19-13000-C,10373.37,87.35,0.001,5.4,0.0025,47.1,102.28,1.01336,-8.1106,0.05553,6e-05,0.03476
170.27,SYN.ETH-20SEP19,1567853943591,open,0.29,0.0,0.256,0.34,0.296235,85.19,None,0.0,ETH-20SEP19-220-P,169.86,0.0,0.0,0.0,0.0,0.0,0.0,0.04011,-0.13269,-0.07401,0.0046,-0.93591
10443.61,BTC-27SEP19,1567853943599,open,0.07,96.8,0.043,0.102,0.07040301,72.58,0.071,0.0,BTC-27SEP19-10500-P,10373.37,68.92,0.067,28.0,0.073,6.0,75.37,9.70886,-17.72677,-3.12392,0.00023,-0.47891
172.3,ETH-27DEC19,1567853943606,open,0.37,242.0,0.309,0.432,0.372082,82.84,0.371,0.0,ETH-27DEC19-220-P,169.86,70.62,0.347,240.0,1.273,1.0,500.0,0.36141,-0.13501,-0.51956,0.00484,-0.62058
171.05,SYN.ETH-25OCT19,1567853943611,open,0.23,210.0,0.18,0.278,0.230141,82.24,0.207,0.0,ETH-25OCT19-200-P,169.86,66.83,0.21,240.0,0.234,241.0,85.1,0.23028,-0.1978,-0.19669,0.0073,-0.64652
174.1,SYN.ETH-27MAR20,1567853943641,open,1.78,0.0,1.69,1.895,1.789188,91.29,None,0.0,ETH-27MAR20-480-P,169.86,0.0,0.003,10.0,0.0,0.0,0.0,0.26534,-0.06,-2.56617,0.00173,-0.8758
10481.75,SYN.BTC-25OCT19,1567853943644,open,0.45,0.0,0.411,0.492,0.44996735,81.27,None,0.0,BTC-25OCT19-15000-P,10373.37,0.0,0.0,0.0,0.0,0.0,0.0,8.53894,-7.24766,-17.97996,7e-05,-0.85781
10684.48,SYN.BTC-27MAR20,1567853943656,open,0.04,79.2,0.0165,0.0585,0.03563617,78.01,0.042,0.0,BTC-27MAR20-6000-P,10373.37,74.77,0.0315,18.0,0.038,7.0,79.81,13.88931,-2.68365,-7.98296,3e-05,-0.09945
10481.75,SYN.BTC-25OCT19,1567853943675,open,0.09,27.7,0.057,0.1225,0.09062152,77.02,0.094,0.0,BTC-25OCT19-11000-C,10373.37,75.55,0.0885,14.4,0.094,9.0,79.35,15.13598,-12.17424,5.44434,0.00014,0.48662
10481.75,SYN.BTC-25OCT19,1567853943680,open,0.0,254.1,0.0005,0.012,0.00241388,80.95,0.0015,0.0,BTC-25OCT19-6000-P,10373.37,70.71,0.001,67.0,0.0035,25.0,86.42,1.85442,-1.5678,-0.31105,2e-05,-0.02021
10394.13,SYN.BTC-13SEP19,1567853943685,open,0.0,359.0,0.0005,0.012,0.00208847,84.87,0.0025,0.0,BTC-13SEP19-12500-C,10373.37,74.5,0.001,46.1,0.0035,46.1,94.37,1.32779,-9.5896,0.07768,9e-05,0.04852
171.05,SYN.ETH-25OCT19,1567853943689,open,0.04,2.0,0.015,0.064,0.038271,83.15,0.056,0.0,ETH-25OCT19-220-C,169.86,79.35,0.034,220.0,0.042,220.0,86.37,0.19544,-0.16971,0.04675,0.00612,0.24663
10684.48,SYN.BTC-27MAR20,1567853943705,open,0.09,49.4,0.0435,0.128,0.08409168,82.1,0.0915,0.0,BTC-27MAR20-18000-C,10373.37,80.48,0.08,0.2,0.084,0.2,82.06,27.26533,-5.54401,12.2568,5e-05,0.2915
174.1,SYN.ETH-27MAR20,1567853943725,open,0.03,36.0,0.008,0.052,0.026035,91.75,0.026,0.0,ETH-27MAR20-520-C,169.86,88.6,0.022,200.0,0.03,200.0,94.61,0.23283,-0.05291,0.07449,0.00151,0.1034
170.27,SYN.ETH-20SEP19,1567853943730,open,0.35,0.0,0.312,0.398,0.353704,89.97,None,0.0,ETH-20SEP19-230-P,169.86,0.0,0.0,0.0,0.0,0.0,0.0,0.03034,-0.10601,-0.07861,0.0033,-0.95495
10418.87,SYN.BTC-20SEP19,1567853943758,open,0.0,0.2,0.0005,0.0115,0.00195383,90.4,0.002,0.0,BTC-20SEP19-14500-C,10373.37,0.0,0.0,0.0,0.004,30.0,102.64,1.37957,-4.84296,0.10791,4e-05,0.03131
10418.87,SYN.BTC-20SEP19,1567853943772,open,0.01,104.9,0.0005,0.022,0.00806928,77.6,0.0085,0.0,BTC-20SEP19-12500-C,10373.37,73.22,0.0065,16.0,0.01,16.7,82.51,3.90692,-11.77306,0.41017,0.00013,0.11967
171.05,SYN.ETH-25OCT19,1567853943774,open,0.32,0.0,0.273,0.375,0.324415,83.15,None,0.0,ETH-25OCT19-220-P,169.86,0.0,0.0,0.0,0.0,0.0,0.0,0.19544,-0.16971,-0.24182,0.00612,-0.75337
170.5,ETH-27SEP19,1567853943776,open,0.0,1939.0,0.001,0.011,0.001589,98.3,0.001,0.0,ETH-27SEP19-280-C,169.86,92.34,0.001,221.0,0.002,1.0,101.63,0.0195,-0.04822,0.00174,0.00125,0.02029
10684.48,SYN.BTC-27MAR20,1567853943785,open,0.05,48.0,0.016,0.0775,0.04289129,84.69,0.051,0.0,BTC-27MAR20-24000-C,10373.37,82.55,0.039,12.0,0.0465,18.0,86.6,19.80477,-4.15425,7.27724,4e-05,0.16604
10684.48,SYN.BTC-27MAR20,1567853943788,open,0.03,19.4,0.0075,0.0525,0.02512088,87.47,0.029,0.0,BTC-27MAR20-30000-C,10373.37,85.85,0.023,1.0,0.027,18.0,88.85,14.29941,-3.09785,4.63212,3e-05,0.10351
174.1,SYN.ETH-27MAR20,1567853943809,open,2.0,0.0,1.91,2.124,2.012825,91.75,None,0.0,ETH-27MAR20-520-P,169.86,0.0,0.005,10.0,0.0,0.0,0.0,0.23283,-0.05291,-2.80154,0.00151,-0.8966
10418.87,SYN.BTC-20SEP19,1567853943833,open,0.04,14.8,0.0125,0.057,0.03382158,74.68,0.036,0.0,BTC-20SEP19-11000-C,10373.37,69.99,0.0305,0.4,0.036,11.0,77.73,7.42454,-21.5306,1.25645,0.00026,0.37568
171.05,SYN.ETH-25OCT19,1567853943843,open,0.01,373.0,0.001,0.023,0.009951,86.72,0.014,0.0,ETH-25OCT19-280-C,169.86,82.85,0.008,220.0,0.012,220.0,90.38,0.0912,-0.08259,0.01548,0.00274,0.07897
172.3,ETH-27DEC19,1567853943846,open,0.04,19.0,0.014,0.065,0.037341,86.51,0.052,0.0,ETH-27DEC19-300-C,169.86,84.14,0.034,220.0,0.041,220.0,89.01,0.24706,-0.09638,0.07339,0.00317,0.17757
10684.48,SYN.BTC-27MAR20,1567853943877,open,0.31,31.9,0.253,0.372,0.3140363,79.87,0.3135,0.0,BTC-27MAR20-12000-P,10373.37,77.99,0.3085,3.6,0.3215,12.0,82.4,31.53713,-6.23839,-45.71622,6e-05,-0.45958
10481.75,SYN.BTC-25OCT19,1567853943880,open,0.63,0.0,0.593,0.6735,0.63114466,84.25,None,0.0,BTC-25OCT19-17000-P,10373.37,0.0,0.0,0.0,0.0,0.0,0.0,5.4297,-4.77741,-21.38057,4e-05,-0.92397
10418.87,SYN.BTC-20SEP19,1567853943888,open,0.34,0.0,0.318,0.377,0.34587157,83.94,None,0.0,BTC-20SEP19-14000-P,10373.37,0.0,0.0,0.0,0.0,0.0,0.0,1.55864,-5.08067,-4.81306,5e-05,-0.96368
174.1,SYN.ETH-27MAR20,1567853943894,open,0.02,324.0,0.006,0.045,0.021818,92.62,0.03,0.0,ETH-27MAR20-560-C,169.86,89.24,0.018,200.0,0.026,200.0,95.97,0.2072,-0.04753,0.06396,0.00133,0.08824
10418.87,SYN.BTC-20SEP19,1567853943910,open,0.0,0.0,0.0005,0.011,0.00101842,85.53,None,0.0,BTC-20SEP19-7500-P,10373.37,0.0,0.0,0.0,0.002,0.5,95.55,0.81347,-2.7017,-0.0652,2e-05,-0.01672
171.05,SYN.ETH-25OCT19,1567853943922,open,0.42,0.0,0.375,0.481,0.427345,84.41,None,0.0,ETH-25OCT19-240-P,169.86,0.0,0.0,0.0,0.0,0.0,0.0,0.15665,-0.13809,-0.28215,0.00484,-0.83021
172.3,ETH-27DEC19,1567853943934,open,0.77,0.0,0.71,0.85,0.77849,86.51,None,0.0,ETH-27DEC19-300-P,169.86,0.0,0.0,0.0,0.0,0.0,0.0,0.24706,-0.09638,-0.83791,0.00317,-0.82243
171.05,SYN.ETH-25OCT19,1567853943948,open,0.64,3.0,0.593,0.705,0.646862,86.72,0.645,0.0,ETH-25OCT19-280-P,169.86,0.0,0.0,0.0,0.0,0.0,0.0,0.0912,-0.08259,-0.35178,0.00274,-0.92103
10418.87,SYN.BTC-20SEP19,1567853943959,open,0.11,7.4,0.0815,0.134,0.10859672,74.51,0.1245,0.0,BTC-20SEP19-9500-C,10373.37,69.93,0.106,0.4,0.1115,7.0,79.5,5.9821,-17.30986,2.42062,0.00021,0.76721
10394.13,SYN.BTC-13SEP19,1567853943963,open,0.0,321.3,0.0005,0.0105,0.00068105,94.05,0.001,0.0,BTC-13SEP19-13500-C,10373.37,0.0,0.0,0.0,0.0015,27.0,105.91,0.54295,-4.34561,0.02653,3e-05,0.01653
174.1,SYN.ETH-27MAR20,1567853943975,open,2.23,0.0,2.131,2.355,2.238361,92.62,None,0.0,ETH-27MAR20-560-P,169.86,0.0,0.01,10.0,0.0,0.0,0.0,0.2072,-0.04753,-3.03331,0.00133,-0.91176
10481.75,SYN.BTC-25OCT19,1567853943980,open,0.34,0.0,0.322,0.3605,0.34078297,79.7,None,0.0,BTC-25OCT19-7000-C,10373.37,0.0,0.332,10.0,0.0,0.0,0.0,4.60507,-3.83299,8.21895,4e-05,0.93859
10481.75,SYN.BTC-25OCT19,1567853943982,open,0.14,18.1,0.1015,0.1775,0.14006745,77.02,0.1195,0.0,BTC-25OCT19-11000-P,10373.37,73.16,0.1345,14.4,0.1445,20.4,80.09,15.13599,-12.17461,-8.98395,0.00014,-0.51338
10394.13,SYN.BTC-13SEP19,1567853943985,open,0.25,0.0,0.2265,0.2815,0.25228382,94.11,None,0.0,BTC-13SEP19-13000-P,10373.37,0.0,0.0,0.0,0.0,0.0,0.0,1.01542,-8.13173,-2.03704,6e-05,-0.96515
171.05,SYN.ETH-25OCT19,1567853944001,open,0.02,350.0,0.004,0.033,0.015525,85.66,0.017,0.0,ETH-25OCT19-260-C,169.86,81.95,0.013,220.0,0.018,220.0,89.04,0.1211,-0.10834,0.02258,0.00368,0.11615
172.3,ETH-27DEC19,1567853944013,open,0.03,898.0,0.008,0.048,0.025021,88.56,0.026,0.0,ETH-27DEC19-340-C,169.86,86.74,0.023,220.0,0.028,220.0,91.11,0.19588,-0.07823,0.05252,0.00245,0.12537
172.3,ETH-27DEC19,1567853944025,open,0.0,3856.0,0.001,0.012,0.002982,110.44,0.003,0.0,ETH-27DEC19-760-C,169.86,98.03,0.001,300.0,0.005,40.0,117.84,0.03888,-0.01937,0.00704,0.00039,0.01643
10684.48,SYN.BTC-27MAR20,1567853944063,open,0.02,3.3,0.0045,0.041,0.01790738,88.57,0.021,0.0,BTC-27MAR20-34000-C,10373.37,86.23,0.0155,16.0,0.0195,5.0,90.02,11.43441,-2.50829,3.47053,2e-05,0.07664
10394.13,SYN.BTC-13SEP19,1567853944065,open,0.2,0.0,0.1795,0.233,0.20469491,84.91,None,0.0,BTC-13SEP19-12500-P,10373.37,0.0,0.0,0.0,0.0,0.0,0.0,1.32962,-9.6073,-1.93441,9e-05,-0.9514
171.05,SYN.ETH-25OCT19,1567853944069,open,0.53,3.0,0.483,0.591,0.535515,85.66,0.534,0.0,ETH-25OCT19-260-P,169.86,0.0,0.0,0.0,0.0,0.0,0.0,0.1211,-0.10834,-0.31846,0.00368,-0.88385
174.1,SYN.ETH-27MAR20,1567853944072,open,0.02,1278.0,0.005,0.04,0.018455,93.43,0.021,0.0,ETH-27MAR20-600-C,169.86,91.02,0.016,200.0,0.022,200.0,96.6,0.1849,-0.04279,0.05529,0.00118,0.07587
172.3,ETH-27DEC19,1567853944082,open,0.99,0.0,0.927,1.074,0.998323,88.56,None,0.0,ETH-27DEC19-340-P,169.86,0.0,0.0,0.0,0.0,0.0,0.0,0.19588,-0.07823,-0.98029,0.00245,-0.87463
10443.61,BTC-27SEP19,1567853944087,open,0.04,108.4,0.013,0.0565,0.03288133,74.29,0.0305,0.0,BTC-27SEP19-11500-C,10373.37,70.2,0.0295,39.0,0.034,6.0,75.63,8.70922,-16.27598,1.62986,0.0002,0.31948
10443.61,BTC-27SEP19,1567853944113,open,0.47,221.9,0.463,0.486,0.47403053,118.03,0.446,0.0,BTC-27SEP19-5500-C,10373.37,0.0,0.4645,10.0,0.4815,10.0,179.35,0.46487,-1.38027,2.95231,1e-05,0.99317
10443.61,BTC-27SEP19,1567853944113,open,0.03,1316.7,0.007,0.0435,0.02291151,75.22,0.024,0.0,BTC-27SEP19-12000-C,10373.37,71.15,0.02,40.1,0.0235,6.0,76.03,7.59047,-14.36363,1.23931,0.00017,0.24083
10443.61,BTC-27SEP19,1567853944113,open,0.0,438.2,0.0005,0.0105,2.436e-05,120.0,0.0005,0.0,BTC-27SEP19-28000-C,10373.37,0.0,0.0,0.0,0.0055,24.0,204.98,0.03193,-0.0964,0.00191,0.0,0.00036
10567.58,BTC-27DEC19,1567853944113,open,0.02,243.5,0.0085,0.04,0.02197021,78.59,0.018,0.0,BTC-27DEC19-6500-P,10373.37,76.35,0.02,0.1,0.0235,52.0,80.27,9.48556,-3.3616,-3.60562,4e-05,-0.09035
10567.58,BTC-27DEC19,1567853944113,open,0.12,296.3,0.0795,0.1615,0.12161236,77.96,0.1195,0.0,BTC-27DEC19-12000-C,10373.37,76.54,0.1185,14.4,0.1255,23.2,79.73,23.15965,-8.14179,11.11018,9e-05,0.46771
10567.58,BTC-27DEC19,1567853944113,open,0.26,78.3,0.206,0.3065,0.25715982,77.96,0.25,0.0,BTC-27DEC19-12000-P,10373.37,75.6,0.252,14.4,0.262,15.0,80.16,23.15964,-8.14174,-25.34211,9e-05,-0.53229
10567.58,BTC-27DEC19,1567853944113,open,0.01,442.6,0.0005,0.016,0.00510274,89.69,0.0065,0.0,BTC-27DEC19-30000-C,10373.37,85.03,0.0035,72.0,0.0065,29.0,93.02,4.09224,-1.65511,0.83728,1e-05,0.03119
10443.61,BTC-27SEP19,1567853944116,open,0.0,1118.7,0.0005,0.0105,3.153e-05,120.0,0.0005,0.0,BTC-27SEP19-4250-P,10373.37,0.0,0.0,0.0,0.0005,40.0,155.86,0.03547,-0.10706,-0.00247,0.0,-0.0004
10443.61,BTC-27SEP19,1567853944116,open,0.0,291.4,0.0005,0.0105,0.0001779,120.0,0.0005,0.0,BTC-27SEP19-24000-C,10373.37,0.0,0.0,0.0,0.008,1.0,191.07,0.17659,-0.53309,0.01217,0.0,0.00232
10443.61,BTC-27SEP19,1567853944116,open,0.0,761.0,0.0005,0.0105,3.49e-06,120.0,0.0005,0.0,BTC-27SEP19-32000-C,10373.37,0.0,0.0,0.0,0.008,1.0,239.6,0.00568,-0.01715,0.0003,0.0,6e-05
10567.58,BTC-27DEC19,1567853944121,open,1.46,0.0,1.4145,1.531,1.4693816,87.7,None,0.0,BTC-27DEC19-26000-P,10373.37,0.0,0.0045,10.0,2.205,0.2,499.86,6.24672,-2.47054,-77.58373,2e-05,-0.94748
10443.61,BTC-27SEP19,1567853944125,open,0.64,0.0,0.631,0.6505,0.64093424,120.49,None,0.0,BTC-27SEP19-3750-C,10373.37,0.0,0.0045,10.0,0.654,10.0,301.54,0.00758,-0.02296,2.04155,0.0,0.99992
10443.61,BTC-27SEP19,1567853944125,open,2.06,0.0,2.0045,2.1265,2.06408981,130.6,None,0.0,BTC-27SEP19-32000-P,10373.37,0.0,0.0,0.0,0.0,0.0,0.0,0.0197,-0.06471,-17.42413,0.0,-0.99979
10443.61,BTC-27SEP19,1567853944131,open,0.0,1660.1,0.0005,0.0105,0.0,120.0,0.0005,0.0,BTC-27SEP19-1500-P,10373.37,0.0,0.0,0.0,0.0005,97.1,328.76,0.0,0.0,0.0,0.0,0.0
10684.48,SYN.BTC-27MAR20,1567853944133,open,0.35,17.0,0.3065,0.387,0.34863797,78.01,0.3625,0.0,BTC-27MAR20-8000-C,10373.37,63.38,0.3175,7.0,0.3795,7.0,92.05,23.22423,-4.48726,25.78004,5e-05,0.78489
10567.58,BTC-27DEC19,1567853944136,open,1.84,0.2,1.7845,1.9105,1.84397139,89.68,2.03,0.0,BTC-27DEC19-30000-P,10373.37,0.0,0.0005,10.0,0.0,0.0,0.0,4.09084,-1.65442,-90.29376,1e-05,-0.96883
10567.58,BTC-27DEC19,1567853944138,open,3.53,0.0,3.4535,3.64,3.54343582,101.84,None,0.0,BTC-27DEC19-48000-P,10373.37,0.0,0.0005,10.0,0.0,0.0,0.0,1.25621,-0.57693,-145.59686,0.0,-0.99215
10443.61,BTC-27SEP19,1567853944147,open,0.72,1.0,0.69,0.764,0.72497705,104.67,0.575,0.0,BTC-27SEP19-18000-P,10373.37,0.0,0.0045,0.3,1.017,0.3,500.0,1.0572,-2.78383,-9.70991,2e-05,-0.98242
10443.61,BTC-27SEP19,1567853944147,open,0.0,422.0,0.0005,0.0105,1.75e-06,120.0,0.0005,0.0,BTC-27SEP19-3500-P,10373.37,0.0,0.0,0.0,0.0005,31.0,187.51,0.00273,-0.00825,-0.00016,0.0,-3e-05
10443.61,BTC-27SEP19,1567853944149,open,0.2,4.0,0.1735,0.218,0.1958221,76.06,0.2155,0.0,BTC-27SEP19-8500-C,10373.37,66.18,0.192,0.6,0.197,0.6,78.76,4.45726,-8.52873,3.97138,0.0001,0.89415
10443.61,BTC-27SEP19,1567853944151,open,0.0,484.6,0.0005,0.0105,1.339e-05,120.0,0.0005,0.0,BTC-27SEP19-4000-P,10373.37,0.0,0.0,0.0,0.0005,34.1,165.73,0.01677,-0.05063,-0.0011,0.0,-0.00018
10443.61,BTC-27SEP19,1567853944151,open,0.55,13.5,0.5355,0.555,0.54531307,120.04,0.382,0.0,BTC-27SEP19-4750-C,10373.37,0.0,0.0045,10.0,0.575,5.0,300.76,0.12434,-0.37546,2.57683,0.0,0.99842
10443.61,BTC-27SEP19,1567853944153,open,0.62,227.5,0.6075,0.627,0.61700443,120.23,0.606,0.0,BTC-27SEP19-4000-C,10373.37,0.0,0.111,2.0,0.6335,5.0,301.36,0.01715,-0.05186,2.17703,0.0,0.99982
172.3,ETH-27DEC19,1567853944158,open,0.02,10.0,0.005,0.037,0.017359,90.45,0.016,0.0,ETH-27DEC19-380-C,169.86,87.73,0.015,320.0,0.02,220.0,93.28,0.15493,-0.06319,0.03831,0.0019,0.09056
10443.61,BTC-27SEP19,1567853944176,open,0.05,952.9,0.0225,0.072,0.04682612,73.64,0.0505,0.0,BTC-27SEP19-11000-C,10373.37,71.07,0.0445,13.0,0.048,7.0,74.93,9.49794,-17.59392,2.09057,0.00022,0.41443
10567.58,BTC-27DEC19,1567853944176,open,0.07,445.0,0.031,0.099,0.06355383,80.37,0.08,0.0,BTC-27DEC19-15000-C,10373.37,78.72,0.0605,19.3,0.066,18.2,81.67,19.75978,-7.16126,7.09517,7e-05,0.28458
10567.58,BTC-27DEC19,1567853944176,open,0.33,110.2,0.2755,0.3805,0.3285535,79.17,0.288,0.0,BTC-27DEC19-13000-P,10373.37,56.42,0.282,6.0,0.342,14.0,85.45,22.48353,-8.0274,-29.84732,8e-05,-0.60124
174.1,SYN.ETH-27MAR20,1567853944176,open,2.45,0.0,2.352,2.587,2.464751,93.43,None,0.0,ETH-27MAR20-600-P,169.86,0.0,0.02,10.0,0.0,0.0,0.0,0.1849,-0.04279,-3.26322,0.00118,-0.92413
10567.58,BTC-27DEC19,1567853944190,open,0.45,122.9,0.4275,0.469,0.44766964,80.07,0.469,0.0,BTC-27DEC19-6000-C,10373.37,70.39,0.4415,11.0,0.4635,11.0,99.15,7.50597,-2.71013,15.59959,3e-05,0.93362
170.05,SYN.ETH-13SEP19,1567853944241,open,0.12,100.0,0.088,0.161,0.123683,76.15,0.091,0.0,ETH-13SEP19-190-P,169.86,0.0,0.117,300.0,0.0,0.0,0.0,0.047,-0.30457,-0.02705,0.01326,-0.86433
10443.61,BTC-27SEP19,1567853944247,open,0.35,54.0,0.3155,0.379,0.34580043,79.66,0.466,0.0,BTC-27SEP19-14000-P,10373.37,0.0,0.32,4.0,0.372,4.0,130.73,3.23425,-6.48109,-7.26141,7e-05,-0.93105
172.3,ETH-27DEC19,1567853944247,open,1.22,0.0,1.148,1.304,1.222814,90.45,None,0.0,ETH-27DEC19-380-P,169.86,0.0,0.0,0.0,0.0,0.0,0.0,0.15493,-0.06319,-1.11601,0.0019,-0.90944
10443.61,BTC-27SEP19,1567853944247,open,0.0,790.9,0.0005,0.0105,0.00051562,107.38,0.0005,0.0,BTC-27SEP19-20000-C,10373.37,0.0,0.0,0.0,0.001,24.0,115.85,0.46284,-1.25025,0.03573,1e-05,0.0068
10567.58,BTC-27DEC19,1567853944247,open,0.0,498.5,0.0005,0.013,0.00301062,94.85,0.004,0.0,BTC-27DEC19-36000-C,10373.37,92.68,0.0025,0.3,0.0035,30.0,96.7,2.65226,-1.13441,0.50067,1e-05,0.01861
10567.58,BTC-27DEC19,1567853944255,open,0.91,5.7,0.865,0.9735,0.91647908,83.86,0.661,0.0,BTC-27DEC19-20000-P,10373.37,0.0,0.0045,5.0,1.466,1.0,362.0,12.00696,-4.54082,-57.50002,4e-05,-0.87474
10567.58,BTC-27DEC19,1567853944257,open,0.0,434.6,0.0005,0.012,0.00224704,97.83,0.002,0.0,BTC-27DEC19-40000-C,10373.37,93.45,0.0015,10.0,0.003,24.0,101.29,2.07041,-0.9134,0.37525,1e-05,0.01394
10567.58,BTC-27DEC19,1567853944257,open,0.49,73.3,0.4725,0.507,0.48913541,80.06,0.4875,0.0,BTC-27DEC19-5500-C,10373.37,0.0,0.4755,11.0,0.5025,11.0,100.7,5.47247,-1.97581,14.97039,2e-05,0.95549
10567.58,BTC-27DEC19,1567853944257,open,0.62,26.7,0.614,0.6345,0.62387854,87.65,0.626,0.0,BTC-27DEC19-4000-C,10373.37,0.0,0.45,1.0,0.6505,0.2,151.05,1.83815,-0.72657,11.68403,1e-05,0.98786
10567.58,BTC-27DEC19,1567853944257,open,0.4,291.4,0.35,0.4565,0.40343269,79.62,0.375,0.0,BTC-27DEC19-14000-P,10373.37,54.47,0.357,5.0,0.4455,5.0,99.81,21.26085,-7.63415,-34.24324,8e-05,-0.6633
10443.61,BTC-27SEP19,1567853944264,open,0.53,34.4,0.5025,0.568,0.53345936,85.42,0.396,0.0,BTC-27SEP19-16000-P,10373.37,0.0,0.0045,10.0,0.856,0.2,500.0,1.21263,-2.60585,-8.60326,2e-05,-0.97935
10443.61,BTC-27SEP19,1567853944264,open,0.0,1176.0,0.0005,0.0105,0.00050232,99.68,0.0005,0.0,BTC-27SEP19-6000-P,10373.37,0.0,0.0,0.0,0.001,15.0,109.1,0.42817,-1.07364,-0.03826,1e-05,-0.00623
10567.58,BTC-27DEC19,1567853944270,open,0.3,225.4,0.265,0.332,0.29960909,77.35,0.316,0.0,BTC-27DEC19-8000-C,10373.37,72.25,0.292,10.0,0.3095,12.2,83.8,15.96917,-5.57041,16.28047,6e-05,0.80677
10443.61,BTC-27SEP19,1567853944270,open,0.86,42.8,0.8465,0.866,0.85637164,186.54,0.815,0.0,BTC-27SEP19-1500-C,10373.37,0.0,0.0,0.0,0.0,0.0,0.0,0.00017,-0.00082,0.8168,0.0,1.0
10567.58,BTC-27DEC19,1567853944280,open,0.58,6.6,0.5665,0.5895,0.57732094,81.41,0.584,0.0,BTC-27DEC19-4500-C,10373.37,0.0,0.5685,12.0,0.587,12.0,108.08,2.41932,-0.88816,13.03212,1e-05,0.98329
10443.61,BTC-27SEP19,1567853944280,open,0.43,713.5,0.414,0.4385,0.42598888,99.69,0.454,0.0,BTC-27SEP19-6000-C,10373.37,0.0,0.416,10.0,0.4345,10.0,162.26,0.4285,-1.0746,3.22894,1e-05,0.99377
10684.48,SYN.BTC-27MAR20,1567853944282,open,1.28,0.0,1.2215,1.363,1.28914952,84.7,None,0.0,BTC-27MAR20-24000-P,10373.37,0.0,0.0005,10.0,0.0,0.0,0.0,19.80644,-4.15482,-125.46216,4e-05,-0.83394
10567.58,BTC-27DEC19,1567853944312,open,0.0,592.2,0.0005,0.013,0.00315133,81.41,0.003,0.0,BTC-27DEC19-4500-P,10373.37,75.67,0.002,24.0,0.004,23.0,84.85,2.41918,-0.88809,-0.63745,1e-05,-0.01671
10443.61,BTC-27SEP19,1567853944312,open,0.0,350.4,0.0005,0.0105,0.00013621,120.0,0.0005,0.0,BTC-27SEP19-4750-P,10373.37,0.0,0.0,0.0,0.0005,26.9,137.75,0.12404,-0.37445,-0.00971,0.0,-0.00157
10443.61,BTC-27SEP19,1567853944312,open,1.11,0.2,1.0655,1.1515,1.106913,116.45,1.391,0.0,BTC-27SEP19-22000-P,10373.37,0.0,0.0045,10.0,0.0,0.0,0.0,0.32606,-0.95521,-11.95586,0.0,-0.99542
10443.61,BTC-27SEP19,1567853944314,open,0.44,31.6,0.4085,0.4725,0.43883625,81.85,0.45,0.0,BTC-27SEP19-15000-P,10373.37,0.0,0.414,4.0,0.464,4.0,142.52,1.92411,-3.96206,-7.97826,4e-05,-0.96407
10567.58,BTC-27DEC19,1567853944314,open,0.72,0.0,0.708,0.7275,0.71787478,106.84,None,0.0,BTC-27DEC19-3000-C,10373.37,0.0,0.0065,0.1,0.951,0.5,500.0,1.2049,-0.58051,8.81605,0.0,0.99251
10567.58,BTC-27DEC19,1567853944317,open,0.01,163.3,0.0005,0.019,0.00670567,88.67,0.0075,0.0,BTC-27DEC19-28000-C,10373.37,85.97,0.0055,23.0,0.008,29.0,91.24,5.02872,-2.01072,1.07183,2e-05,0.04009
10567.58,BTC-27DEC19,1567853944317,open,0.0,231.8,0.0005,0.0105,0.00010756,120.0,0.0005,0.0,BTC-27DEC19-1500-P,10373.37,0.0,0.0,0.0,0.0005,1.0,140.05,0.10625,-0.0575,-0.01996,0.0,-0.00051
10443.61,BTC-27SEP19,1567853944317,open,0.1,310.0,0.068,0.1315,0.10010075,73.63,0.074,0.0,BTC-27SEP19-11000-P,10373.37,69.11,0.096,26.0,0.103,18.0,76.82,9.49793,-17.59362,-3.89938,0.00022,-0.58557
10443.61,BTC-27SEP19,1567853944317,open,0.0,605.0,0.0005,0.0105,0.00066787,118.02,0.0005,0.0,BTC-27SEP19-5500-P,10373.37,0.0,0.0,0.0,0.0025,29.0,142.97,0.46464,-1.37946,-0.04263,1e-05,-0.00683
10443.61,BTC-27SEP19,1567853944317,open,0.71,225.7,0.703,0.7225,0.71274341,126.53,0.693,0.0,BTC-27SEP19-3000-C,10373.37,0.0,0.0045,20.0,0.7795,5.0,500.0,0.00069,-0.00218,1.63358,0.0,0.99999
170.05,SYN.ETH-13SEP19,1567853944320,open,0.0,2074.0,0.001,0.012,0.002472,79.38,0.002,0.0,ETH-13SEP19-200-C,169.86,67.04,0.001,602.0,0.004,200.0,88.3,0.02547,-0.17207,0.00156,0.00689,0.05932
10443.61,BTC-27SEP19,1567853944325,open,0.0,657.1,0.0005,0.011,0.00143674,104.69,0.001,0.0,BTC-27SEP19-18000-C,10373.37,91.94,0.0005,118.6,0.0035,26.2,119.48,1.05801,-2.7864,0.09188,2e-05,0.01759
10443.61,BTC-27SEP19,1567853944325,open,0.01,598.5,0.0015,0.0265,0.01114675,77.71,0.0135,0.0,BTC-27SEP19-13000-C,10373.37,73.21,0.009,19.1,0.0115,36.0,78.41,5.21123,-10.18733,0.68751,0.00011,0.13204
10443.61,BTC-27SEP19,1567853944325,open,0.0,406.8,0.0005,0.0105,0.0,120.0,0.0005,0.0,BTC-27SEP19-2500-P,10373.37,0.0,0.0,0.0,0.0005,30.0,242.82,1e-05,-3e-05,0.0,0.0,0.0
10567.58,BTC-27DEC19,1567853944325,open,0.0,126.2,0.0005,0.0105,0.00050682,119.58,0.0005,0.0,BTC-27DEC19-2000-P,10373.37,0.0,0.0,0.0,0.001,24.0,129.81,0.39424,-0.21259,-0.08527,0.0,-0.00215
10443.61,BTC-27SEP19,1567853944325,open,0.0,684.0,0.0005,0.0105,9.16e-06,120.0,0.0005,0.0,BTC-27SEP19-30000-C,10373.37,0.0,0.0,0.0,0.0005,24.0,162.17,0.01346,-0.04065,0.00076,0.0,0.00014
10481.75,SYN.BTC-25OCT19,1567853944327,open,0.06,38.0,0.0325,0.0915,0.06180133,78.24,0.0645,0.0,BTC-25OCT19-12000-C,10373.37,76.18,0.059,19.3,0.0645,17.0,80.21,14.31478,-11.69692,4.21735,0.00013,0.36855
10418.87,SYN.BTC-20SEP19,1567853944335,open,0.21,0.0,0.1785,0.239,0.20781956,77.61,None,0.0,BTC-20SEP19-12500-P,10373.37,0.0,0.0,0.0,0.0,0.0,0.0,3.90782,-11.77752,-3.99918,0.00013,-0.88029
10394.13,SYN.BTC-13SEP19,1567853944337,open,0.33,0.0,0.313,0.341,0.32672488,119.8,None,0.0,BTC-13SEP19-7000-C,10373.37,0.0,0.0,0.0,0.0,0.0,0.0,0.14624,-1.49081,1.12032,1e-05,0.99628
10443.61,BTC-27SEP19,1567853944345,open,0.0,125.2,0.0005,0.0105,5.14e-06,120.0,0.0005,0.0,BTC-27SEP19-3750-P,10373.37,0.0,0.0,0.0,0.0005,30.0,176.25,0.00718,-0.02167,-0.00044,0.0,-7e-05
10443.61,BTC-27SEP19,1567853944345,open,0.0,146.6,0.0005,0.0105,6.552e-05,120.0,0.0005,0.0,BTC-27SEP19-26000-C,10373.37,0.0,0.0,0.0,0.0025,25.0,172.26,0.07546,-0.2278,0.00482,0.0,0.00091
10443.61,BTC-27SEP19,1567853944345,open,0.0,392.7,0.0005,0.0105,6.805e-05,120.0,0.0005,0.0,BTC-27SEP19-4500-P,10373.37,0.0,0.0,0.0,0.0005,31.1,146.55,0.06883,-0.20779,-0.00508,0.0,-0.00083
10567.58,BTC-27DEC19,1567853944349,open,0.2,477.7,0.1495,0.2315,0.19247408,77.35,0.191,0.0,BTC-27DEC19-10000-C,10373.37,75.92,0.1895,0.5,0.196,19.0,79.05,21.91098,-7.64293,14.1757,8e-05,0.63407
10567.58,BTC-27DEC19,1567853944349,open,0.0,1502.1,0.0005,0.0105,0.0009851,103.85,0.0015,0.0,BTC-27DEC19-52000-C,10373.37,97.52,0.0005,131.4,0.0015,2.0,108.35,1.0269,-0.48093,0.16904,0.0,0.00625
10567.58,BTC-27DEC19,1567853944361,open,0.67,4.0,0.6605,0.68,0.67042473,93.29,0.666,0.0,BTC-27DEC19-3500-C,10373.37,0.0,0.0205,0.1,0.97,1.0,500.0,1.28525,-0.54073,10.32093,0.0,0.99194
10567.58,BTC-27DEC19,1567853944361,open,0.19,240.7,0.1455,0.2395,0.1934656,77.35,0.198,0.0,BTC-27DEC19-11000-P,10373.37,75.08,0.1885,14.4,0.197,17.0,78.97,23.07158,-8.04797,-20.73935,9e-05,-0.4526
10418.87,SYN.BTC-20SEP19,1567853944361,open,0.23,0.0,0.217,0.254,0.23509538,85.51,None,0.0,BTC-20SEP19-8000-C,10373.37,0.0,0.0,0.0,0.0,0.0,0.0,1.76263,-5.85293,2.65603,5e-05,0.95776
10567.58,BTC-27DEC19,1567853944367,open,0.56,23.1,0.512,0.62,0.56501183,80.69,0.5235,0.0,BTC-27DEC19-16000-P,10373.37,43.42,0.519,4.0,0.6065,4.0,102.94,18.0538,-6.569,-42.57513,7e-05,-0.76127
10443.61,BTC-27SEP19,1567853944367,open,0.59,9.1,0.5835,0.603,0.59308451,120.11,0.6095,0.0,BTC-27SEP19-4250-C,10373.37,0.0,0.005,0.1,0.613,5.0,299.15,0.03581,-0.10822,2.3118,0.0,0.99959
10481.75,SYN.BTC-25OCT19,1567853944376,open,0.01,133.7,0.0005,0.0195,0.00861216,79.7,0.008,0.0,BTC-25OCT19-7000-P,10373.37,77.09,0.0075,10.0,0.0095,23.0,81.68,4.6056,-3.83366,-0.96284,4e-05,-0.06142
10443.61,BTC-27SEP19,1567853944382,open,0.0,492.7,0.0005,0.0105,0.0,120.0,0.0005,0.0,BTC-27SEP19-2000-P,10373.37,0.0,0.0,0.0,0.0005,50.0,280.01,0.0,0.0,0.0,0.0,0.0
10443.61,BTC-27SEP19,1567853944382,open,0.0,662.8,0.0005,0.0105,0.00035365,116.19,0.0005,0.0,BTC-27SEP19-22000-C,10373.37,0.0,0.0,0.0,0.0005,24.0,120.37,0.32062,-0.93716,0.02356,0.0,0.0045
10567.58,BTC-27DEC19,1567853944388,open,0.81,0.0,0.8015,0.821,0.81124891,119.58,None,0.0,BTC-27DEC19-2000-C,10373.37,0.0,0.0145,0.2,0.961,0.5,500.0,0.39434,-0.21265,5.99008,0.0,0.99785
10567.58,BTC-27DEC19,1567853944388,open,0.86,0.1,0.8485,0.868,0.85816412,120.01,0.868,0.0,BTC-27DEC19-1500-C,10373.37,0.0,0.85,1.0,0.8665,1.0,216.7,0.10635,-0.05756,4.53655,0.0,0.99949
10567.58,BTC-27DEC19,1567853944390,open,0.01,281.5,0.0005,0.024,0.00902869,87.71,0.009,0.0,BTC-27DEC19-26000-C,10373.37,84.97,0.0075,25.0,0.01,7.0,89.3,6.24764,-2.47101,1.39646,2e-05,0.05253
10567.58,BTC-27DEC19,1567853944390,open,0.34,91.7,0.3015,0.3625,0.33255738,77.35,0.3515,0.0,BTC-27DEC19-7500-C,10373.37,55.38,0.307,10.0,0.358,10.0,95.7,13.84716,-4.83009,16.46704,5e-05,0.84553
10567.58,BTC-27DEC19,1567853944390,open,0.06,585.5,0.03,0.086,0.05664191,77.35,0.0455,0.0,BTC-27DEC19-8000-P,10373.37,74.93,0.053,19.3,0.0575,24.0,77.92,15.96919,-5.57044,-8.02108,6e-05,-0.19323
10567.58,BTC-27DEC19,1567853944392,open,0.0,384.1,0.0005,0.0115,0.00176169,106.84,0.003,0.0,BTC-27DEC19-3000-P,10373.37,90.9,0.0005,0.1,0.009,1.0,142.1,1.2048,-0.58045,-0.297,0.0,-0.00749
10567.58,BTC-27DEC19,1567853944392,open,0.03,297.2,0.013,0.0525,0.03073467,77.67,0.03,0.0,BTC-27DEC19-7000-P,10373.37,75.15,0.028,42.0,0.0325,50.0,79.26,11.63425,-4.07489,-4.83086,4e-05,-0.11975
10443.61,BTC-27SEP19,1567853944396,open,0.52,789.2,0.5115,0.5315,0.521489,119.77,0.5015,0.0,BTC-27SEP19-5000-C,10373.37,0.0,0.051,1.0,0.5565,5.0,300.48,0.20672,-0.62281,2.70559,0.0,0.99724
10684.48,SYN.BTC-27MAR20,1567853944396,open,0.02,20.4,0.0035,0.0365,0.01521443,89.0,0.018,0.0,BTC-27MAR20-36000-C,10373.37,86.0,0.0125,15.0,0.0175,19.0,91.29,10.22638,-2.2543,3.0166,2e-05,0.06626
10443.61,BTC-27SEP19,1567853944398,open,0.91,0.0,0.878,0.9565,0.91556041,107.34,0.691,0.0,BTC-27SEP19-20000-P,10373.37,0.0,0.0045,11.0,1.1825,0.2,500.0,0.46164,-1.24654,-10.85516,1e-05,-0.99322
170.05,SYN.ETH-13SEP19,1567853944402,open,0.18,128.0,0.143,0.217,0.178602,79.38,0.177,0.0,ETH-13SEP19-200-P,169.86,0.0,0.176,299.0,0.0,0.0,0.0,0.02547,-0.17207,-0.03064,0.00689,-0.94068
10567.58,BTC-27DEC19,1567853944407,open,0.01,393.6,0.0025,0.029,0.01201987,86.21,0.014,0.0,BTC-27DEC19-24000-C,10373.37,84.04,0.0105,46.0,0.013,7.0,87.53,7.67154,-2.98248,1.80593,3e-05,0.06828
10567.58,BTC-27DEC19,1567853944417,open,0.76,0.0,0.7545,0.774,0.76435357,111.59,None,0.0,BTC-27DEC19-2500-C,10373.37,0.0,0.0205,0.1,0.956,0.5,500.0,0.69143,-0.34794,7.4358,0.0,0.99599
10443.61,BTC-27SEP19,1567853944421,open,0.57,289.7,0.5595,0.579,0.56918298,120.06,0.588,0.0,BTC-27SEP19-4500-C,10373.37,0.0,0.002,1.1,0.594,5.0,301.0,0.06916,-0.20888,2.44532,0.0,0.99917
10443.61,BTC-27SEP19,1567853944421,open,0.0,586.8,0.0005,0.0105,1.3e-07,120.0,0.0005,0.0,BTC-27SEP19-3000-P,10373.37,0.0,0.0,0.0,0.0005,32.0,212.75,0.00025,-0.00077,-1e-05,0.0,0.0
10443.61,BTC-27SEP19,1567853944423,open,0.67,261.1,0.655,0.6745,0.66486731,111.95,0.714,0.0,BTC-27SEP19-3500-C,10373.37,0.0,0.161,1.0,0.675,10.0,301.85,0.00088,-0.00248,1.90584,0.0,0.99999
10443.61,BTC-27SEP19,1567853944423,open,0.0,49.2,0.0005,0.0105,5.2e-07,120.0,0.0015,0.0,BTC-27SEP19-3250-P,10373.37,0.0,0.0,0.0,0.0005,40.0,199.63,0.0009,-0.00273,-5e-05,0.0,-1e-05
10567.58,BTC-27DEC19,1567853944423,open,0.0,427.1,0.0005,0.0115,0.00150649,98.98,0.002,0.0,BTC-27DEC19-44000-C,10373.37,88.77,0.0005,44.0,0.0025,24.0,104.77,1.49647,-0.66793,0.25946,0.0,0.00959
10567.58,BTC-27DEC19,1567853944426,open,0.41,63.0,0.3835,0.431,0.40687956,78.58,0.4965,0.0,BTC-27DEC19-6500-C,10373.37,47.71,0.3875,11.0,0.4265,11.0,97.97,9.48525,-3.3614,16.13956,4e-05,0.90965
10567.58,BTC-27DEC19,1567853944436,open,0.01,297.3,0.0005,0.021,0.00959712,80.07,0.009,0.0,BTC-27DEC19-5500-P,10373.37,76.84,0.008,24.0,0.0105,30.0,81.77,5.47303,-1.9761,-1.73715,2e-05,-0.04452
10418.87,SYN.BTC-20SEP19,1567853944472,open,0.02,5.5,0.0055,0.04,0.02040699,74.52,0.0195,0.0,BTC-20SEP19-9500-P,10373.37,72.93,0.0195,0.1,0.022,12.3,77.27,5.9823,-17.3118,-0.93065,0.00021,-0.23281
10418.87,SYN.BTC-20SEP19,1567853944475,open,0.39,0.0,0.365,0.426,0.39366412,90.44,None,0.0,BTC-20SEP19-14500-P,10373.37,0.0,0.0,0.0,0.0,0.0,0.0,1.38173,-4.85254,-5.0069,4e-05,-0.96863
170.05,SYN.ETH-13SEP19,1567853944475,open,0.0,350.0,0.001,0.011,0.001933,93.07,0.002,0.0,ETH-13SEP19-210-C,169.86,83.23,0.001,150.0,0.003,250.0,101.29,0.01934,-0.15317,0.0011,0.00446,0.04199
10394.13,SYN.BTC-13SEP19,1567853944482,open,0.14,5.7,0.117,0.1595,0.13789272,82.52,0.1645,0.0,BTC-13SEP19-9000-C,10373.37,0.0,0.134,10.0,0.155,5.0,144.18,1.89824,-13.32978,1.31423,0.00013,0.92334
170.05,SYN.ETH-13SEP19,1567853944548,open,0.23,200.0,0.2,0.277,0.236869,93.07,0.265,0.0,ETH-13SEP19-210-P,169.86,0.0,0.234,100.0,0.257,10.0,173.8,0.01934,-0.15317,-0.03271,0.00446,-0.95801
10684.48,SYN.BTC-27MAR20,1567853944609,open,0.1,156.2,0.0605,0.135,0.09739048,78.01,0.1045,0.0,BTC-27MAR20-8000-P,10373.37,75.76,0.0925,4.9,0.1005,7.0,79.44,23.22429,-4.48734,-18.46689,5e-05,-0.21511
170.05,SYN.ETH-13SEP19,1567853944621,open,0.0,15.0,0.001,0.011,0.000961,97.59,0.003,0.0,ETH-13SEP19-220-C,169.86,0.0,0.0,0.0,0.002,253.0,109.84,0.01124,-0.09331,0.00057,0.00247,0.0218
10684.48,SYN.BTC-27MAR20,1567853944658,open,0.14,148.2,0.091,0.189,0.14104575,79.86,0.152,0.0,BTC-27MAR20-14000-C,10373.37,76.6,0.1315,12.6,0.147,6.0,81.89,31.30649,-6.19265,17.50144,6e-05,0.43721
10567.58,BTC-27DEC19,1567853944677,open,0.53,65.4,0.519,0.5475,0.53252121,80.52,0.5215,0.0,BTC-27DEC19-5000-C,10373.37,0.0,0.521,12.0,0.5445,12.0,104.65,3.76263,-1.36625,14.10182,1e-05,0.97182
10684.48,SYN.BTC-27MAR20,1567853944694,open,0.07,96.7,0.031,0.1075,0.06649335,83.11,0.077,0.0,BTC-27MAR20-20000-C,10373.37,81.36,0.0625,12.0,0.0705,6.0,84.82,24.7188,-5.08801,10.27092,5e-05,0.2403
170.05,SYN.ETH-13SEP19,1567853944694,open,0.29,0.0,0.257,0.336,0.294705,97.59,None,0.0,ETH-13SEP19-220-P,169.86,0.0,0.0,0.0,0.0,0.0,0.0,0.01124,-0.09331,-0.03484,0.00247,-0.9782
10394.13,SYN.BTC-13SEP19,1567853944727,open,0.3,0.0,0.2735,0.3285,0.29949603,94.16,None,0.0,BTC-13SEP19-13500-P,10373.37,0.0,0.0,0.0,0.0,0.0,0.0,0.54587,-4.3739,-2.14651,3e-05,-0.98336
10684.48,SYN.BTC-27MAR20,1567853944750,open,0.04,36.5,0.012,0.067,0.03511532,85.45,0.039,0.0,BTC-27MAR20-26000-C,10373.37,83.2,0.0315,13.0,0.0385,19.0,87.45,17.65873,-3.73711,6.17934,3e-05,0.13968
10418.87,SYN.BTC-20SEP19,1567853944761,open,0.0,3.0,0.0005,0.0125,0.00293554,85.53,0.003,0.0,BTC-20SEP19-8000-P,10373.37,70.54,0.001,10.0,0.005,33.1,96.02,1.76352,-5.85701,-0.16615,5e-05,-0.04227
10418.87,SYN.BTC-20SEP19,1567853944767,open,0.01,21.8,0.0005,0.0165,0.00517012,79.83,0.0055,0.0,BTC-20SEP19-13000-C,10373.37,73.28,0.0035,17.0,0.007,17.0,85.86,2.92485,-9.06686,0.27712,0.0001,0.08057
170.5,ETH-27SEP19,1567853944890,open,0.0,1939.0,0.001,0.011,0.001589,98.3,0.001,0.0,ETH-27SEP19-280-C,169.86,92.34,0.001,1.0,0.002,1.0,101.63,0.0195,-0.04822,0.00174,0.00125,0.02029
10684.48,SYN.BTC-27MAR20,1567853944950,open,0.01,155.0,0.002,0.03,0.0116727,90.43,0.012,0.0,BTC-27MAR20-40000-C,10373.37,88.22,0.01,200.0,0.013,5.0,92.06,8.44456,-1.89144,2.37831,1e-05,0.05192
10394.13,SYN.BTC-13SEP19,1567853944962,open,0.28,10.0,0.264,0.294,0.27868402,104.06,0.2995,0.0,BTC-13SEP19-7500-C,10373.37,0.0,0.268,6.0,0.29,6.0,207.84,0.2102,-1.86135,1.19759,1e-05,0.99442
174.1,SYN.ETH-27MAR20,1567853944965,open,0.02,422.0,0.008,0.036,0.020548,83.54,0.013,0.0,ETH-27MAR20-80-P,169.86,74.08,0.013,240.0,0.019,240.0,81.75,0.15246,-0.03155,-0.07671,0.00109,-0.05912
170.27,SYN.ETH-20SEP19,1567853944982,open,0.0,5.0,0.001,0.012,0.002492,84.27,0.003,0.0,ETH-20SEP19-130-P,169.86,0.0,0.0,0.0,0.005,200.0,97.67,0.02597,-0.08499,-0.00238,0.00301,-0.03719
10418.87,SYN.BTC-20SEP19,1567853945046,open,0.02,10.0,0.0055,0.0415,0.0210037,74.87,0.021,0.0,BTC-20SEP19-11500-C,10373.37,70.73,0.0185,12.4,0.023,13.0,78.09,6.3943,-18.59066,0.89222,0.00022,0.26376
10684.48,SYN.BTC-27MAR20,1567853945052,open,2.38,0.0,2.3075,2.471,2.38460184,89.02,None,0.0,BTC-27MAR20-36000-P,10373.37,0.0,0.0005,10.0,0.0,0.0,0.0,10.23135,-2.25574,-196.09197,2e-05,-0.9337
174.1,SYN.ETH-27MAR20,1567853945123,open,0.09,1179.0,0.05,0.12,0.084922,83.54,0.07,0.0,ETH-27MAR20-120-P,169.86,77.92,0.074,32.0,0.086,240.0,84.09,0.34154,-0.07067,-0.25655,0.00244,-0.18151
170.27,SYN.ETH-20SEP19,1567853945137,open,0.01,5.0,0.001,0.016,0.005431,77.44,0.007,0.0,ETH-20SEP19-140-P,169.86,54.57,0.001,200.0,0.009,200.0,89.01,0.04664,-0.14025,-0.00501,0.00589,-0.07799
10684.47,SYN.BTC-27MAR20,1567853945143,open,0.63,0.0,0.621,0.648,0.63365855,81.73,None,0.0,BTC-27MAR20-4000-C,10373.37,0.0,0.2,1.0,0.0,0.0,0.0,5.01464,-1.01505,20.02918,1e-05,0.9726
10684.47,SYN.BTC-27MAR20,1567853945183,open,0.45,50.1,0.3865,0.514,0.45135808,79.86,0.452,0.0,BTC-27MAR20-14000-P,10373.37,63.58,0.4045,3.0,0.491,3.0,93.3,31.30644,-6.19261,-59.93039,6e-05,-0.56279
10418.87,SYN.BTC-20SEP19,1567853945188,open,0.19,0.0,0.169,0.2095,0.18901328,77.55,None,0.0,BTC-20SEP19-8500-C,10373.37,0.0,0.09,1.0,0.0,0.0,0.0,2.64853,-7.97585,2.72069,9e-05,0.92927
174.1,SYN.ETH-27MAR20,1567853945203,open,0.28,222.0,0.222,0.322,0.276637,83.54,0.29,0.0,ETH-27MAR20-160-C,169.86,78.85,0.264,24.0,0.289,24.0,88.16,0.46752,-0.09674,0.3811,0.00334,0.67241
170.27,SYN.ETH-20SEP19,1567853945203,open,0.14,0.0,0.101,0.162,0.133353,77.17,None,0.0,ETH-20SEP19-150-C,169.86,57.32,0.125,40.0,0.14,40.0,90.31,0.08147,-0.24412,0.04174,0.01032,0.82823
10418.87,SYN.BTC-20SEP19,1567853945220,open,0.25,0.0,0.2245,0.284,0.25290549,79.82,None,0.0,BTC-20SEP19-13000-P,10373.37,0.0,0.0,0.0,0.0,0.0,0.0,2.9245,-9.0653,-4.30878,0.0001,-0.91944
10481.74,SYN.BTC-25OCT19,1567853945252,open,0.01,378.3,0.0035,0.0305,0.01365709,83.54,0.0175,0.0,BTC-25OCT19-16000-C,10373.37,82.54,0.013,0.5,0.0145,15.0,84.79,6.96235,-6.07429,1.27309,6e-05,0.10626
170.27,SYN.ETH-20SEP19,1567853945263,open,0.02,101.0,0.003,0.032,0.014283,77.17,0.009,0.0,ETH-20SEP19-150-P,169.86,65.35,0.009,160.0,0.019,160.0,86.62,0.08147,-0.24412,-0.01118,0.01032,-0.17177
10684.47,SYN.BTC-27MAR20,1567853945272,open,1.46,0.0,1.4,1.5445,1.46855074,85.44,None,0.0,BTC-27MAR20-26000-P,10373.37,0.0,0.0005,10.0,0.0,0.0,0.0,17.65774,-3.73679,-137.62295,3e-05,-0.86033
174.1,SYN.ETH-27MAR20,1567853945279,open,0.2,167.0,0.14,0.247,0.19565,83.54,0.198,0.0,ETH-27MAR20-160-P,169.86,80.33,0.187,240.0,0.205,240.0,87.03,0.46752,-0.09674,-0.50384,0.00334,-0.32759
10481.74,SYN.BTC-25OCT19,1567853945288,open,0.28,0.0,0.241,0.324,0.28253647,79.76,None,0.0,BTC-25OCT19-13000-P,10373.37,0.0,0.24,10.0,0.0,0.0,0.0,12.64295,-10.53205,-13.8665,0.00011,-0.72605
172.3,ETH-27DEC19,1567853945304,open,0.0,3856.0,0.001,0.012,0.002982,110.44,0.003,0.0,ETH-27DEC19-760-C,169.86,98.03,0.001,100.0,0.005,40.0,117.84,0.03888,-0.01937,0.00704,0.00039,0.01643
170.27,SYN.ETH-20SEP19,1567853945336,open,0.09,0.0,0.057,0.121,0.091258,77.14,None,0.0,ETH-20SEP19-160-C,169.86,62.84,0.082,120.0,0.099,120.0,88.73,0.11248,-0.33695,0.03609,0.01426,0.69217
174.1,SYN.ETH-27MAR20,1567853945367,open,0.2,505.0,0.142,0.248,0.199098,85.28,0.218,0.0,ETH-27MAR20-200-C,169.86,81.52,0.188,240.0,0.209,240.0,88.63,0.51405,-0.10857,0.32749,0.0036,0.5392
10481.74,SYN.BTC-25OCT19,1567853945379,open,0.19,0.0,0.1565,0.2185,0.18862784,77.0,None,0.0,BTC-25OCT19-9000-C,10373.37,53.6,0.1635,7.0,0.2165,7.0,100.64,11.96968,-9.62608,7.76788,0.00011,0.75363
170.27,SYN.ETH-20SEP19,1567853945439,open,0.03,14.0,0.01,0.056,0.030917,77.14,0.02,0.0,ETH-20SEP19-160-P,169.86,64.95,0.023,160.0,0.038,160.0,87.75,0.11248,-0.33695,-0.02035,0.01426,-0.30783
174.1,SYN.ETH-27MAR20,1567853945459,open,0.35,774.0,0.278,0.412,0.347863,85.28,0.32,0.0,ETH-27MAR20-200-P,169.86,81.6,0.337,240.0,0.359,240.0,89.05,0.51405,-0.10857,-0.77868,0.0036,-0.4608
10684.47,SYN.BTC-27MAR20,1567853945516,open,2.74,1.0,2.6735,2.8475,2.75541892,90.43,2.7125,0.0,BTC-27MAR20-40000-P,10373.37,0.0,0.0005,10.0,0.0,0.0,0.0,8.44147,-1.89057,-218.85632,1e-05,-0.9481
170.27,SYN.ETH-20SEP19,1567853945526,open,0.06,2.0,0.028,0.087,0.057903,76.32,0.05,0.0,ETH-20SEP19-170-C,169.86,63.07,0.048,120.0,0.066,120.0,87.17,0.12715,-0.37685,0.02854,0.01629,0.53305
174.1,SYN.ETH-27MAR20,1567853945535,open,0.15,280.0,0.092,0.193,0.145394,86.38,0.153,0.0,ETH-27MAR20-240-C,169.86,83.15,0.136,240.0,0.155,240.0,89.66,0.50838,-0.10876,0.27325,0.00351,0.42916
170.27,SYN.ETH-20SEP19,1567853945596,open,0.06,3.0,0.026,0.088,0.056291,76.32,0.039,0.0,ETH-20SEP19-170-P,169.86,63.89,0.047,120.0,0.065,120.0,87.99,0.12715,-0.37685,-0.03143,0.01629,-0.46695
10418.87,SYN.BTC-20SEP19,1567853945600,open,0.0,1.7,0.0005,0.0135,0.00362904,83.36,0.0065,0.0,BTC-20SEP19-13500-C,10373.37,71.02,0.0015,18.0,0.0055,18.0,91.06,2.25362,-7.29553,0.19789,7e-05,0.05747
10481.74,SYN.BTC-25OCT19,1567853945637,open,0.54,0.0,0.5015,0.5825,0.54011762,83.53,None,0.0,BTC-25OCT19-16000-P,10373.37,0.0,0.0,0.0,0.0,0.0,0.0,6.96164,-6.07335,-19.71368,6e-05,-0.89376
10394.13,SYN.BTC-13SEP19,1567853945655,open,0.0,427.4,0.0005,0.016,0.00422589,81.79,0.004,0.0,BTC-13SEP19-12000-C,10373.37,80.69,0.004,68.9,0.0045,1.0,83.08,2.165,-15.0676,0.14574,0.00015,0.09133
10443.59,BTC-27SEP19,1567853945666,open,0.22,0.0,0.1805,0.2465,0.2128236,76.33,None,0.0,BTC-27SEP19-12500-P,10373.37,0.0,0.1835,6.0,0.2425,6.0,117.07,6.36762,-12.22736,-5.88053,0.00014,-0.82122
170.27,SYN.ETH-20SEP19,1567853945668,open,0.04,0.0,0.012,0.061,0.035049,77.01,None,0.0,ETH-20SEP19-180-C,169.86,64.15,0.026,160.0,0.043,160.0,88.05,0.12153,-0.36344,0.02058,0.01543,0.37763
10684.47,SYN.BTC-27MAR20,1567853945677,open,0.01,77.9,0.0005,0.018,0.00803316,81.72,0.008,0.0,BTC-27MAR20-4000-P,10373.37,77.05,0.006,10.0,0.01,20.0,85.68,5.0144,-1.01498,-2.09404,1e-05,-0.0274
10684.47,SYN.BTC-27MAR20,1567853945677,open,0.06,64.1,0.022,0.0905,0.05289257,83.84,0.0575,0.0,BTC-27MAR20-22000-C,10373.37,81.68,0.0485,12.0,0.057,22.9,85.79,22.15154,-4.59966,8.61016,4e-05,0.1986
10481.74,SYN.BTC-25OCT19,1567853945685,open,0.05,32.2,0.0235,0.0735,0.04726189,77.0,0.0445,0.0,BTC-25OCT19-9000-P,10373.37,73.69,0.0435,19.3,0.049,18.0,78.52,11.96962,-9.62585,-4.03703,0.00011,-0.24637
10418.87,SYN.BTC-20SEP19,1567853945705,open,0.0,12.5,0.0005,0.015,0.00484003,77.54,0.005,0.0,BTC-20SEP19-8500-P,10373.37,71.86,0.0035,20.0,0.006,19.0,81.88,2.64826,-7.97462,-0.27772,9e-05,-0.07072
174.1,SYN.ETH-27MAR20,1567853945707,open,0.11,244.0,0.061,0.155,0.109135,87.67,0.113,0.0,ETH-27MAR20-280-C,169.86,85.05,0.102,220.0,0.116,220.0,90.17,0.4763,-0.10343,0.22574,0.00324,0.34357
170.05,SYN.ETH-13SEP19,1567853945769,open,0.3,0.0,0.273,0.316,0.294816,120.39,None,0.0,ETH-13SEP19-120-C,169.86,0.0,0.0,0.0,0.0,0.0,0.0,0.00533,-0.05463,0.01905,0.00095,0.99083
10684.47,SYN.BTC-27MAR20,1567853945778,open,0.03,2.4,0.0095,0.0595,0.02980795,86.67,0.036,0.0,BTC-27MAR20-28000-C,10373.37,84.74,0.027,0.1,0.0325,18.0,88.43,15.94185,-3.42194,5.35937,3e-05,0.1205
174.1,SYN.ETH-27MAR20,1567853945790,open,0.71,81.0,0.634,0.798,0.717406,87.67,0.582,0.0,ETH-27MAR20-280-P,169.86,0.0,0.0,0.0,0.731,3.0,92.59,0.4763,-0.10343,-1.3229,0.00324,-0.65643
171.05,SYN.ETH-25OCT19,1567853945841,open,0.42,6.0,0.399,0.439,0.419385,85.68,0.46,0.0,ETH-25OCT19-100-C,169.86,0.0,0.0,0.0,0.0,0.0,0.0,0.04182,-0.03742,0.1236,0.00127,0.97029
170.27,SYN.ETH-20SEP19,1567853945853,open,0.09,0.0,0.055,0.128,0.092165,77.01,None,0.0,ETH-20SEP19-180-P,169.86,63.98,0.083,120.0,0.101,120.0,89.27,0.12153,-0.36344,-0.04292,0.01543,-0.62237
10394.13,SYN.BTC-13SEP19,1567853945873,open,0.06,130.1,0.033,0.0835,0.05911193,74.77,0.0585,0.0,BTC-13SEP19-10000-C,10373.37,69.01,0.0565,18.9,0.0585,36.2,73.43,4.74402,-30.18576,1.03121,0.00036,0.67541
174.1,SYN.ETH-27MAR20,1567853945881,open,0.08,208.0,0.041,0.124,0.081892,88.13,0.106,0.0,ETH-27MAR20-320-C,169.86,85.32,0.075,220.0,0.088,223.0,90.58,0.43121,-0.09413,0.18493,0.00292,0.27395
170.05,SYN.ETH-13SEP19,1567853945891,open,0.0,0.0,0.001,0.011,0.000494,120.39,None,0.0,ETH-13SEP19-120-P,169.86,0.0,0.0,0.0,0.001,50.0,132.91,0.00533,-0.05463,-0.00026,0.00095,-0.00917
10481.74,SYN.BTC-25OCT19,1567853945910,open,0.36,0.0,0.324,0.406,0.3641596,80.73,None,0.0,BTC-25OCT19-14000-P,10373.37,0.0,0.0,0.0,0.0,0.0,0.0,10.60902,-8.94451,-16.01354,9e-05,-0.80059
171.05,SYN.ETH-25OCT19,1567853945914,open,0.0,1700.0,0.001,0.013,0.003996,85.68,0.005,0.0,ETH-25OCT19-100-P,169.86,68.3,0.001,100.0,0.007,160.0,96.1,0.04182,-0.03742,-0.00756,0.00127,-0.02971
170.27,SYN.ETH-20SEP19,1567853945921,open,0.02,3.0,0.004,0.04,0.019739,77.01,0.029,0.0,ETH-20SEP19-190-C,169.86,65.02,0.013,160.0,0.02,2.0,77.45,0.10087,-0.30163,0.01362,0.01281,0.2465
10418.87,SYN.BTC-20SEP19,1567853946018,open,0.3,0.0,0.271,0.331,0.29935388,83.36,None,0.0,BTC-20SEP19-13500-P,10373.37,0.0,0.0,0.0,0.0,0.0,0.0,2.25307,-7.2931,-4.56441,7e-05,-0.94255
170.5,ETH-27SEP19,1567853946029,open,0.0,1939.0,0.001,0.011,0.001589,98.3,0.001,0.0,ETH-27SEP19-280-C,169.86,92.34,0.001,221.0,0.002,1.0,101.63,0.0195,-0.04822,0.00174,0.00125,0.02029
174.1,SYN.ETH-27MAR20,1567853946048,open,0.07,48.0,0.028,0.102,0.063777,89.21,0.066,0.0,ETH-27MAR20-360-C,169.86,87.02,0.059,220.0,0.069,220.0,91.53,0.386,-0.08528,0.15297,0.00258,0.22264
10394.13,SYN.BTC-13SEP19,1567853946055,open,0.16,1.6,0.1325,0.1875,0.15872285,81.78,0.138,0.0,BTC-13SEP19-12000-P,10373.37,0.0,0.0,0.0,0.0,0.0,0.0,2.16483,-15.06587,-1.78601,0.00015,-0.90868
171.05,SYN.ETH-25OCT19,1567853946058,open,0.01,2304.0,0.004,0.028,0.013715,81.45,0.015,0.0,ETH-25OCT19-120-P,169.86,74.64,0.01,160.0,0.015,240.0,83.62,0.09947,-0.08462,-0.02297,0.00318,-0.08865
170.27,SYN.ETH-20SEP19,1567853946061,open,0.01,18.0,0.001,0.026,0.010475,77.01,0.017,0.0,ETH-20SEP19-200-C,169.86,65.61,0.006,160.0,0.013,3.0,82.56,0.07428,-0.22212,0.00833,0.00943,0.14913
10684.47,SYN.BTC-27MAR20,1567853946093,open,0.02,11.3,0.0055,0.0455,0.02059877,87.59,0.0245,0.0,BTC-27MAR20-32000-C,10373.37,84.84,0.0175,30.0,0.023,19.0,89.56,12.60123,-2.73365,3.9346,2e-05,0.08718
10443.59,BTC-27SEP19,1567853946103,open,0.07,20.0,0.039,0.094,0.06500093,72.58,0.064,0.0,BTC-27SEP19-10500-C,10373.37,68.81,0.0615,29.0,0.0675,24.0,75.27,9.70884,-17.7263,2.59372,0.00023,0.52108
172.3,ETH-27DEC19,1567853946193,open,0.02,2899.0,0.007,0.036,0.019581,82.93,0.014,0.0,ETH-27DEC19-100-P,169.86,78.29,0.016,1.0,0.023,40.0,87.05,0.13846,-0.05178,-0.05106,0.00185,-0.07797
171.05,SYN.ETH-25OCT19,1567853946193,open,0.04,12.0,0.017,0.064,0.03926,81.45,0.028,0.0,ETH-25OCT19-140-P,169.86,76.25,0.034,368.0,0.04,240.0,82.17,0.17562,-0.1494,-0.05463,0.00562,-0.20423
174.1,SYN.ETH-27MAR20,1567853946208,open,0.05,254.0,0.02,0.085,0.05011,89.98,0.047,0.0,ETH-27MAR20-400-C,169.86,87.32,0.045,220.0,0.055,220.0,92.42,0.34188,-0.07619,0.12681,0.00227,0.18181
170.27,SYN.ETH-20SEP19,1567853946212,open,0.01,14.0,0.001,0.019,0.006445,80.88,0.008,0.0,ETH-20SEP19-210-C,169.86,62.95,0.002,200.0,0.011,200.0,93.39,0.05449,-0.17114,0.00538,0.00659,0.09604
170.5,ETH-27SEP19,1567853946214,open,0.01,2386.0,0.001,0.024,0.009882,83.52,0.012,0.0,ETH-27SEP19-220-C,169.86,79.12,0.008,240.0,0.012,440.0,88.05,0.07631,-0.16033,0.00958,0.00577,0.11308
172.3,ETH-27DEC19,1567853946214,open,0.08,3222.0,0.039,0.111,0.075073,84.11,0.082,0.0,ETH-27DEC19-240-C,169.86,80.98,0.069,240.0,0.081,330.0,87.12,0.33713,-0.12788,0.12533,0.00444,0.31453
170.5,ETH-27SEP19,1567853946217,open,0.0,2439.0,0.001,0.012,0.002041,89.34,0.004,0.0,ETH-27SEP19-260-C,169.86,0.0,0.0,0.0,0.004,200.0,99.96,0.02515,-0.05652,0.00236,0.00178,0.02745
170.5,ETH-27SEP19,1567853946221,open,0.04,8470.0,0.018,0.071,0.043413,77.64,0.04,0.0,ETH-27SEP19-160-P,169.86,73.58,0.04,160.0,0.046,240.0,80.7,0.14399,-0.28123,-0.03462,0.01172,-0.32946
170.5,ETH-27SEP19,1567853946225,open,0.0,11004.0,0.001,0.011,0.001682,79.01,0.003,0.0,ETH-27SEP19-120-P,169.86,0.0,0.0,0.0,0.003,200.0,87.67,0.0216,-0.04293,-0.00228,0.00173,-0.0229
170.5,ETH-27SEP19,1567853946228,open,0.02,2145.0,0.006,0.043,0.022006,80.03,0.025,0.0,ETH-27SEP19-200-C,169.86,75.63,0.019,400.0,0.024,240.0,82.86,0.11881,-0.2392,0.01869,0.00938,0.22329
172.3,ETH-27DEC19,1567853946257,open,2.47,0.0,2.382,2.601,2.486766,101.3,0.953,0.0,ETH-27DEC19-600-P,169.86,0.0,0.0,0.0,0.0,0.0,0.0,0.05599,-0.02558,-1.81173,0.00061,-0.97474
172.3,ETH-27DEC19,1567853946257,open,0.02,944.0,0.006,0.041,0.020502,89.27,0.022,0.0,ETH-27DEC19-360-C,169.86,86.7,0.018,320.0,0.023,220.0,91.69,0.1731,-0.06968,0.04441,0.00215,0.10535
170.27,SYN.ETH-20SEP19,1567853946269,open,0.0,0.0,0.001,0.011,0.001788,98.86,None,0.0,ETH-20SEP19-120-P,169.86,0.0,0.0,0.0,0.004,200.0,114.99,0.01806,-0.06935,-0.00155,0.00179,-0.024
172.3,ETH-27DEC19,1567853946279,open,0.04,7314.0,0.021,0.071,0.044811,82.14,0.035,0.0,ETH-27DEC19-120-P,169.86,79.18,0.041,260.0,0.049,40.0,85.33,0.22395,-0.08295,-0.10332,0.00302,-0.15259
170.05,SYN.ETH-13SEP19,1567853946281,open,0.0,204.0,0.001,0.011,0.001498,86.23,0.002,0.0,ETH-13SEP19-140-P,169.86,0.0,0.0,0.0,0.003,250.0,99.1,0.01607,-0.11794,-0.00096,0.004,-0.03348
170.5,ETH-27SEP19,1567853946283,open,2.51,27.0,2.417,2.627,2.519063,125.0,1.044,0.0,ETH-27SEP19-600-P,169.86,0.0,0.0,0.0,0.0,0.0,0.0,3e-05,-8e-05,-0.32672,0.0,-0.99998
172.3,ETH-27DEC19,1567853946283,open,2.7,0.0,2.607,2.838,2.717742,101.3,None,0.0,ETH-27DEC19-640-P,169.86,0.0,0.0,0.0,0.0,0.0,0.0,0.04436,-0.02027,-1.93581,0.00049,-0.98083
172.3,ETH-27DEC19,1567853946285,open,0.01,820.0,0.001,0.026,0.010689,93.15,0.011,0.0,ETH-27DEC19-440-C,169.86,90.38,0.009,320.0,0.013,220.0,96.55,0.11056,-0.04644,0.0249,0.00132,0.05827
172.3,ETH-27DEC19,1567853946285,open,0.03,1076.0,0.01,0.056,0.03042,87.55,0.035,0.0,ETH-27DEC19-320-C,169.86,85.62,0.028,320.0,0.033,850.0,89.53,0.22019,-0.08693,0.06194,0.00279,0.14876
172.3,ETH-27DEC19,1567853946289,open,0.0,3347.0,0.001,0.014,0.004468,101.3,0.003,0.0,ETH-27DEC19-600-C,169.86,91.55,0.002,150.0,0.007,240.0,107.97,0.05599,-0.02558,0.01088,0.00061,0.02526
172.3,ETH-27DEC19,1567853946289,open,2.94,0.0,2.833,3.078,2.950032,105.56,None,0.0,ETH-27DEC19-680-P,169.86,0.0,0.002,10.0,0.0,0.0,0.0,0.04458,-0.02122,-2.05733,0.00047,-0.98071
172.3,ETH-27DEC19,1567853946291,open,0.02,2205.0,0.004,0.033,0.014952,91.74,0.017,0.0,ETH-27DEC19-400-C,169.86,89.24,0.013,320.0,0.017,622.0,94.18,0.13965,-0.05777,0.03345,0.00169,0.07885
170.5,ETH-27SEP19,1567853946291,open,0.11,693.0,0.07,0.136,0.104997,77.64,0.138,0.0,ETH-27SEP19-160-C,169.86,71.69,0.1,360.0,0.108,240.0,81.19,0.14399,-0.28123,0.05251,0.01172,0.67054
172.3,ETH-27DEC19,1567853946296,open,0.0,2872.0,0.001,0.013,0.003427,105.56,0.002,0.0,ETH-27DEC19-680-C,169.86,91.87,0.001,250.0,0.006,40.0,113.69,0.04458,-0.02122,0.0083,0.00047,0.01929
172.3,ETH-27DEC19,1567853946315,open,0.12,1476.0,0.08,0.165,0.124808,82.84,0.136,0.0,ETH-27DEC19-200-C,169.86,80.64,0.12,25.0,0.13,240.0,85.21,0.37703,-0.14084,0.17589,0.00505,0.46086
170.5,ETH-27SEP19,1567853946315,open,0.01,3875.0,0.001,0.015,0.004966,88.49,0.007,0.0,ETH-27SEP19-240-C,169.86,80.43,0.003,220.0,0.007,200.0,95.11,0.04756,-0.10587,0.00513,0.0034,0.06027
170.5,ETH-27SEP19,1567853946317,open,0.01,11403.0,0.002,0.026,0.011508,77.64,0.008,0.0,ETH-27SEP19-140-P,169.86,71.99,0.009,460.0,0.013,260.0,80.78,0.07927,-0.15482,-0.01215,0.00645,-0.11931
172.3,ETH-27DEC19,1567853946317,open,0.01,2893.0,0.001,0.015,0.00553,94.89,0.006,0.0,ETH-27DEC19-520-C,169.86,90.62,0.004,200.0,0.007,200.0,98.32,0.06835,-0.02925,0.01391,0.0008,0.03211
172.3,ETH-27DEC19,1567853946320,open,0.21,162.0,0.162,0.25,0.209828,81.74,0.238,0.0,ETH-27DEC19-160-C,169.86,76.92,0.2,24.0,0.217,24.0,85.26,0.35115,-0.12944,0.23122,0.00476,0.6516
170.5,ETH-27SEP19,1567853946320,open,0.0,3796.0,0.001,0.011,0.001461,108.22,0.002,0.0,ETH-27SEP19-300-C,169.86,0.0,0.0,0.0,0.003,200.0,120.11,0.01709,-0.04652,0.00148,0.001,0.01737
172.3,ETH-27DEC19,1567853946323,open,0.05,1048.0,0.019,0.076,0.046107,85.32,0.062,0.0,ETH-27DEC19-280-C,169.86,82.72,0.042,240.0,0.05,240.0,87.72,0.27568,-0.10607,0.08715,0.00358,0.21262
170.5,ETH-27SEP19,1567853946325,open,0.19,214.0,0.16,0.218,0.190393,77.64,0.227,0.0,ETH-27SEP19-140-C,169.86,0.0,0.168,17.0,0.214,17.0,118.91,0.07927,-0.15482,0.06409,0.00645,0.88069
172.3,ETH-27DEC19,1567853946325,open,0.0,2613.0,0.001,0.012,0.002948,107.06,0.002,0.0,ETH-27DEC19-720-C,169.86,95.05,0.001,2050.0,0.005,40.0,114.47,0.03932,-0.01898,0.00717,0.00041,0.01665
171.05,SYN.ETH-25OCT19,1567853946331,open,0.08,112.0,0.049,0.119,0.084038,81.45,0.071,0.0,ETH-25OCT19-160-P,169.86,76.22,0.077,368.0,0.09,240.0,85.88,0.23046,-0.19604,-0.09833,0.00737,-0.35422
170.05,SYN.ETH-13SEP19,1567853946395,open,0.13,300.0,0.092,0.15,0.122278,77.28,0.108,0.0,ETH-13SEP19-150-C,169.86,39.7,0.118,300.0,0.125,40.0,88.94,0.03561,-0.23421,0.02151,0.0099,0.90799
172.3,ETH-27DEC19,1567853946397,open,0.16,495.0,0.113,0.202,0.160699,81.74,0.196,0.0,ETH-27DEC19-180-C,169.86,78.67,0.154,240.0,0.167,240.0,84.63,0.37575,-0.1385,0.20429,0.0051,0.55101
170.27,SYN.ETH-20SEP19,1567853946416,open,0.0,10.0,0.001,0.014,0.004205,85.19,0.003,0.0,ETH-20SEP19-220-C,169.86,66.03,0.001,100.0,0.008,200.0,98.67,0.04011,-0.1327,0.0036,0.0046,0.0641
171.05,SYN.ETH-25OCT19,1567853946478,open,0.15,104.0,0.104,0.191,0.148258,81.45,0.126,0.0,ETH-25OCT19-180-P,169.86,75.73,0.14,336.0,0.156,240.0,86.81,0.24707,-0.21018,-0.14771,0.0079,-0.51009
172.3,ETH-27DEC19,1567853946559,open,0.0,3856.0,0.001,0.012,0.002982,110.44,0.003,0.0,ETH-27DEC19-760-C,169.86,98.03,0.001,300.0,0.005,40.0,117.84,0.03888,-0.01937,0.00704,0.00039,0.01643
10394.13,SYN.BTC-13SEP19,1567853946610,open,0.18,16.5,0.166,0.2015,0.1833001,83.61,0.188,0.0,BTC-13SEP19-8500-C,10373.37,0.0,0.182,10.0,0.193,5.0,141.92,0.78689,-5.59887,1.32365,5e-05,0.97437
170.05,SYN.ETH-13SEP19,1567853946644,open,0.0,431.0,0.001,0.016,0.004375,77.28,0.006,0.0,ETH-13SEP19-150-P,169.86,55.62,0.001,200.0,0.006,200.0,84.51,0.03561,-0.23421,-0.00264,0.0099,-0.09201
10567.57,BTC-27DEC19,1567853946654,open,1.28,0.0,1.23,1.343,1.283117,86.21,None,0.0,BTC-27DEC19-24000-P,10373.32,0.0,0.006,1.0,2.0245,0.2,499.97,7.67078,-2.98208,-71.09884,3e-05,-0.93173
10443.59,BTC-27SEP19,1567853946654,open,0.12,0.0,0.0925,0.148,0.12030397,73.77,None,0.0,BTC-27SEP19-9500-C,10373.32,68.04,0.116,15.0,0.1225,12.0,76.64,7.94139,-14.73801,3.51088,0.00018,0.73766
10567.57,BTC-27DEC19,1567853946654,open,3.91,0.8,3.8245,4.0255,3.92169545,103.81,3.59,0.0,BTC-27DEC19-52000-P,10373.32,0.0,0.001,1.0,0.0,0.0,0.0,1.02329,-0.47902,-157.79151,0.0,-0.99377
10567.57,BTC-27DEC19,1567853946654,open,2.02,0.3,1.9695,2.101,2.03203918,90.54,1.875,0.0,BTC-27DEC19-32000-P,10373.32,0.0,0.0005,10.0,0.0,0.0,0.0,3.33321,-1.36099,-96.54884,1e-05,-0.97562
10443.59,BTC-27SEP19,1567853946654,open,0.03,58.8,0.012,0.0535,0.02995227,73.77,0.0295,0.0,BTC-27SEP19-9500-P,10373.32,69.86,0.027,14.0,0.031,24.0,75.15,7.94137,-14.73781,-1.66223,0.00018,-0.26234
10443.59,BTC-27SEP19,1567853946654,open,0.18,106.2,0.139,0.205,0.1719383,75.22,0.15,0.0,BTC-27SEP19-12000-P,10373.32,58.84,0.161,7.1,0.1805,6.0,86.53,7.59015,-14.36224,-5.29525,0.00017,-0.75918
10443.59,BTC-27SEP19,1567853946654,open,1.49,0.0,1.441,1.541,1.48962613,119.32,None,0.0,BTC-27SEP19-26000-P,10373.32,0.0,0.0,0.0,0.0,0.0,0.0,0.07103,-0.21321,-14.15351,0.0,-0.99915
10567.57,BTC-27DEC19,1567853946654,open,0.0,323.2,0.0005,0.011,0.00124597,101.88,0.0015,0.0,BTC-27DEC19-48000-C,10373.32,93.35,0.0005,24.0,0.002,24.0,107.15,1.25941,-0.5786,0.21287,0.0,0.00788
10567.57,BTC-27DEC19,1567853946654,open,0.73,12.4,0.686,0.7945,0.73818944,82.62,0.559,0.0,BTC-27DEC19-18000-P,10373.32,0.0,0.0045,5.0,1.4865,0.2,500.0,14.9107,-5.5553,-50.24047,5e-05,-0.82689
10443.59,BTC-27SEP19,1567853946655,open,0.76,55.9,0.751,0.7705,0.76061918,145.68,0.689,0.0,BTC-27SEP19-2500-C,10373.32,0.0,0.0045,10.0,0.808,5.0,500.0,0.00068,-0.00248,1.36131,0.0,0.99999
10443.59,BTC-27SEP19,1567853946655,open,0.02,1195.7,0.005,0.036,0.01816576,75.57,0.0185,0.0,BTC-27SEP19-9000-P,10373.32,73.61,0.017,0.5,0.018,0.5,75.29,6.2984,-11.97291,-1.1026,0.00014,-0.17572
10567.57,BTC-27DEC19,1567853946655,open,0.01,496.3,0.0005,0.0155,0.00566593,80.52,0.0045,0.0,BTC-27DEC19-5000-P,10373.32,77.03,0.0045,47.0,0.0065,31.0,82.77,3.76244,-1.36615,-1.08656,1e-05,-0.02818
10567.57,BTC-27DEC19,1567853946655,open,0.0,212.0,0.0005,0.0105,0.00092607,111.59,0.0005,0.0,BTC-27DEC19-2500-P,10373.32,0.0,0.0,0.0,0.0085,1.0,159.82,0.69137,-0.34791,-0.15841,0.0,-0.00401
10443.59,BTC-27SEP19,1567853946655,open,0.0,657.8,0.0005,0.0105,0.0002502,119.74,0.0005,0.0,BTC-27SEP19-5000-P,10373.32,0.0,0.0,0.0,0.0005,56.1,129.4,0.20644,-0.62186,-0.01709,0.0,-0.00275
10443.59,BTC-27SEP19,1567853946654,open,0.02,232.9,0.004,0.0335,0.01591905,76.34,0.0155,0.0,BTC-27SEP19-12500-C,10373.32,72.25,0.0135,42.1,0.0165,30.0,77.28,6.36788,-12.22836,0.92627,0.00014,0.1788
10567.57,BTC-27DEC19,1567853946654,open,0.08,487.6,0.0425,0.116,0.07862686,79.63,0.096,0.0,BTC-27DEC19-14000-C,10373.32,78.07,0.0755,19.3,0.081,15.0,80.8,21.26087,-7.63421,8.28443,8e-05,0.3367
10443.59,BTC-27SEP19,1567853946655,open,0.01,244.5,0.0005,0.023,0.00971958,76.07,0.01,0.0,BTC-27SEP19-8500-P,10373.32,71.88,0.008,50.0,0.011,55.0,78.99,4.45776,-8.53032,-0.65731,0.0001,-0.10586
10567.57,BTC-27DEC19,1567853946654,open,0.14,413.4,0.096,0.1805,0.13876593,77.35,0.1425,0.0,BTC-27DEC19-10000-P,10373.32,74.81,0.1335,19.3,0.1415,19.0,78.67,21.91097,-7.64298,-16.20125,8e-05,-0.36593
10443.59,BTC-27SEP19,1567853946654,open,0.14,18.0,0.1015,0.1675,0.13403269,74.29,0.1,0.0,BTC-27SEP19-11500-P,10373.32,61.24,0.1235,7.0,0.1425,8.1,84.26,8.70907,-16.27519,-4.63239,0.0002,-0.68053
10567.57,BTC-27DEC19,1567853946655,open,1.09,4.9,1.0465,1.157,1.09865924,85.12,1.0385,0.0,BTC-27DEC19-22000-P,10373.32,0.0,0.006,2.0,1.844,0.3,499.62,9.61591,-3.69117,-64.41484,3e-05,-0.90797
10443.59,BTC-27SEP19,1567853946655,open,0.0,783.9,0.0005,0.0125,0.00255246,81.86,0.0025,0.0,BTC-27SEP19-15000-C,10373.32,70.91,0.001,103.0,0.0035,53.0,86.52,1.92463,-3.96346,0.18989,4e-05,0.03594
