underlying_price,underlying_index,timestamp,state,settlement_price,open_interest,min_price,max_price,mark_price,mark_iv,last_price,interest_rate,instrument_name,index_price,bid_iv,best_bid_price,best_bid_amount,best_ask_price,best_ask_amount,ask_iv,vega,theta,rho,gamma,delta
5074.97,BTC-28JUN19,1554980339995,open,0.22,35.5,0.21652823,0.25815918,0.23692338,62.66,0.204,0.0,BTC-28JUN19-6000-P,5078.75,57.87,0.229,0.2,0.242,0.2,65.66,8.51194,-3.42424,-9.79616,0.00025,-0.66779
5078.75,index_price,1554980340010,open,0.0,22.1,0.00143526,0.02205688,0.00414489,64.03,0.004,0,BTC-19APR19-4500-P,5078.75,56.41,0.0025,20.0,0.005,4.7,67.43,1.22337,-4.97276,-0.10448,0.00034,-0.09119
5078.75,index_price,1554980340012,open,0.0,172.3,8.83e-05,0.00476749,0.00134872,80.24,0.0015,0,BTC-12APR19-5375-C,5078.75,74.96,0.001,30.0,0.0015,5.8,82.31,0.36062,-6.85012,0.00926,0.00073,0.07738
5084.31,BTC-27SEP19,1554980340028,open,0.07,889.3,0.0452086,0.10773445,0.0679062,64.01,0.072,0.0,BTC-27SEP19-7000-C,5078.75,65.72,0.072,8.0,0.0725,8.3,65.93,12.07271,-2.28797,5.5228,0.00016,0.30268
5078.75,index_price,1554980340037,open,0.0,133.4,0.00031921,0.01565082,0.00311673,73.56,0.005,0,BTC-19APR19-6000-C,5078.75,70.18,0.0025,10.0,0.004,8.4,77.83,0.98266,-4.58892,0.07141,0.00024,0.06828
5078.75,index_price,1554980340038,open,0.01,121.3,0.01503264,0.02741601,0.01766999,64.17,0.018,0,BTC-12APR19-5125-P,5078.75,57.93,0.0165,5.7,0.019,8.2,71.21,0.9562,-35.03661,-0.07617,0.00241,-0.60745
5078.75,index_price,1554980340040,open,0.1,13.7,0.07171648,0.10252905,0.07699021,62.94,0.0945,0,BTC-19APR19-4750-C,5078.75,57.07,0.0745,5.5,0.0785,6.0,66.36,2.21258,-8.84111,0.7697,0.00063,0.77937
5078.75,index_price,1554980340050,open,0.01,0.5,0.00227488,0.02393718,0.01185578,69.95,0.016,0,BTC-31MAY19-7250-C,5078.75,67.1,0.01,20.0,0.014,8.4,72.99,3.44072,-2.41274,0.65438,0.00014,0.10615
5084.31,BTC-27SEP19,1554980340051,open,0.04,320.7,0.01247276,0.05355895,0.03209171,68.32,0.0335,0.0,BTC-27SEP19-9000-C,5078.75,67.35,0.0305,14.9,0.036,17.8,70.63,8.39759,-1.69867,2.99728,0.0001,0.15951
5084.31,BTC-27SEP19,1554980340061,open,0.97,0.3,0.98025852,1.16629711,1.01999384,71.14,1.4475,0.0,BTC-27DEC19-10000-P,5078.75,0.0,0.1,0.3,0.0,0.0,0.0,12.16048,-1.6644,-65.73167,9e-05,-0.79581
5078.75,index_price,1554980340098,open,0.09,8.0,0.11044618,0.13725478,0.11460342,64.24,0.0845,0,BTC-19APR19-5625-P,5078.75,0.0,0.0005,0.3,0.23,8.0,278.87,1.7413,-7.10166,-1.0568,0.00049,-0.84976
5078.75,index_price,1554980340090,open,0.09,226.1,0.06475306,0.06786155,0.06574336,86.75,0.0525,0,BTC-12APR19-4750-C,5078.75,0.0,0.064,10.1,0.066,5.5,91.17,0.27763,-13.75164,0.10711,0.00052,0.94477
5084.31,BTC-27SEP19,1554980340101,open,0.01,373.2,0.00258061,0.01677137,0.01010891,70.52,0.0095,0.0,BTC-27SEP19-2500-P,5078.75,65.99,0.0075,21.3,0.012,6.0,73.45,3.14495,-0.65667,-1.24334,4e-05,-0.04275
5078.75,index_price,1554980340103,open,0.01,123.9,0.0022543,0.01636562,0.00838529,68.64,0.01,0,BTC-26APR19-6000-C,5078.75,65.25,0.007,40.0,0.0095,5.8,71.2,2.15121,-4.96313,0.24855,0.0003,0.12847
5084.31,BTC-27SEP19,1554980340105,open,0.05,936.4,0.02381954,0.0756965,0.04664644,66.66,0.0515,0.0,BTC-27SEP19-8000-C,5078.75,65.58,0.0445,10.0,0.049,7.2,67.82,10.23359,-2.01972,4.07232,0.00013,0.21976
5078.75,index_price,1554980340115,open,0.02,66.5,0.00592607,0.01830944,0.00847996,63.73,0.009,0,BTC-12APR19-5125-C,5078.75,61.17,0.008,1.0,0.0095,7.2,69.13,0.95565,-34.77436,0.0467,0.00242,0.39173
170.63,ETH-28JUN19,1554980340116,open,0.01,1106.0,6e-06,0.00704,0.005228,109.94,0.003,0.0,ETH-28JUN19-500-C,165.45,105.83,0.004,150.0,0.006,124.0,112.22,0.05543,-0.03913,0.00946,0.00081,0.03122
170.63,ETH-28JUN19,1554980340116,open,0.18,1045.0,0.140772,0.235526,0.164343,73.66,0.2,0.0,ETH-28JUN19-160-C,165.45,71.15,0.16,90.0,0.172,214.0,78.1,0.29479,-0.13942,0.17326,0.00644,0.64027
174.4,ETH-27SEP19,1554980340116,open,0.09,411.0,0.042685,0.205764,0.078688,76.25,0.124,0.0,ETH-27SEP19-260-C,165.45,76.8,0.08,120.0,0.085,124.0,78.88,0.41541,-0.09378,0.18246,0.00387,0.30481
170.63,ETH-28JUN19,1554980340116,open,0.15,603.0,0.111864,0.210914,0.136344,73.47,0.173,0.0,ETH-28JUN19-170-C,165.45,71.07,0.132,90.0,0.144,214.0,77.7,0.30934,-0.14592,0.15848,0.00678,0.57165
174.4,ETH-27SEP19,1554980340116,open,0.14,40.0,0.080379,0.254488,0.122828,76.25,0.138,0.0,ETH-27SEP19-220-C,165.45,74.81,0.119,90.0,0.127,124.0,77.81,0.46492,-0.10496,0.24402,0.00433,0.42524
170.63,ETH-28JUN19,1554980340117,open,0.44,0.0,0.416101,0.446696,0.424331,82.27,None,0.0,ETH-28JUN19-100-C,165.45,72.77,0.42,30.0,0.43,30.0,92.17,0.08798,-0.04648,0.18946,0.00172,0.94476
165.45,index_price,1554980340116,open,0.3,88.0,0.274705,0.274705,0.274705,120.0,0.32,0,ETH-12APR19-120-C,165.45,0.0,0.272,50.0,0.278,109.0,394.68,0.0,0.0,0.00288,0.0,1.0
165.45,index_price,1554980340117,open,0.06,377.0,0.087961,0.090816,0.089516,112.5,0.092,0,ETH-12APR19-180-P,165.45,0.0,0.083,50.0,0.091,50.0,132.14,0.01046,-0.67219,-0.00406,0.01416,-0.93345
170.63,ETH-28JUN19,1554980340120,open,0.13,1955.0,0.087867,0.188807,0.112751,73.51,0.136,0.0,ETH-28JUN19-180-C,165.45,70.93,0.108,90.0,0.12,214.0,77.44,0.3144,-0.14839,0.14277,0.00689,0.50492
170.63,ETH-28JUN19,1554980340120,open,0.03,1141.0,0.020756,0.088395,0.037981,75.85,0.021,0.0,ETH-28JUN19-130-P,165.45,72.4,0.034,120.0,0.042,120.0,79.24,0.19996,-0.09738,-0.07597,0.00424,-0.17069
174.4,ETH-27SEP19,1554980340121,open,0.14,95.0,0.117127,0.275901,0.157313,76.16,0.113,0.0,ETH-27SEP19-160-P,165.45,73.62,0.151,120.0,0.164,124.0,78.86,0.43232,-0.09749,-0.39747,0.00403,-0.33528
174.4,ETH-27SEP19,1554980340122,open,0.17,104.0,0.109697,0.284324,0.152384,75.78,0.183,0.0,ETH-27SEP19-200-C,165.45,74.16,0.148,90.0,0.158,124.0,77.85,0.47324,-0.10617,0.27791,0.00444,0.4968
174.4,ETH-27SEP19,1554980340122,open,0.05,228.0,0.03259,0.146469,0.062136,78.58,0.054,0.0,ETH-27SEP19-120-P,165.45,76.13,0.058,120.0,0.067,124.0,81.42,0.29659,-0.069,-0.18476,0.00268,-0.16684
170.63,ETH-28JUN19,1554980340122,open,0.71,0.0,0.761,0.809062,0.776365,85.97,None,0.0,ETH-28JUN19-300-P,165.45,0.0,0.002,15.0,0.0,0.0,0.0,0.14894,-0.08221,-0.60637,0.00279,-0.88923
174.4,ETH-27SEP19,1554980340123,open,0.01,120.0,0.000329,0.023478,0.005165,88.33,0.01,0.0,ETH-27SEP19-60-P,165.45,80.34,0.003,150.0,0.008,124.0,96.27,0.05482,-0.01434,-0.01944,0.00044,-0.01893
174.4,ETH-27SEP19,1554980340123,open,0.72,0.0,0.742755,0.888426,0.777704,79.56,None,0.0,ETH-27SEP19-300-P,165.45,0.0,0.003,2.0,0.801,2.0,90.18,0.36209,-0.08529,-1.2471,0.00323,-0.76784
165.45,index_price,1554980340122,open,0.02,600.0,0.008312,0.043024,0.01565,77.13,0.022,0,ETH-19APR19-180-C,165.45,75.72,0.015,133.0,0.02,97.0,86.26,0.07656,-0.3749,0.00822,0.01681,0.24595
165.45,index_price,1554980340122,open,0.23,0.0,0.269369,0.280146,0.272851,99.72,None,0,ETH-19APR19-210-P,165.45,0.0,0.26,50.0,0.271,50.0,86.99,0.02896,-0.18338,-0.0433,0.00492,-0.93996
5078.75,index_price,1554980340125,open,0.0,6.7,8.42e-06,0.00610735,0.00117666,83.91,0.003,0,BTC-19APR19-6500-C,5078.75,74.18,0.0005,15.0,0.002,20.3,91.67,0.45321,-2.41439,0.0274,0.0001,0.02618
170.63,ETH-28JUN19,1554980340137,open,0.3,325.0,0.258874,0.326513,0.276143,75.89,0.325,0.0,ETH-28JUN19-130-C,165.45,72.3,0.272,30.0,0.282,97.0,80.8,0.20002,-0.09746,0.20135,0.00424,0.82923
170.63,ETH-28JUN19,1554980340137,open,0.34,26.0,0.307922,0.363181,0.322007,77.21,0.191,0.0,ETH-28JUN19-120-C,165.45,72.8,0.318,30.0,0.329,30.0,84.4,0.15945,-0.07904,0.20243,0.00332,0.87806
170.63,ETH-28JUN19,1554980340137,open,0.04,2259.0,0.034841,0.113613,0.054622,74.72,0.033,0.0,ETH-28JUN19-140-P,165.45,71.38,0.05,244.0,0.059,120.0,77.83,0.23808,-0.11421,-0.10284,0.00513,-0.22788
174.4,ETH-27SEP19,1554980340137,open,0.02,0.0,0.001416,0.075911,0.021463,91.26,None,0.0,ETH-27SEP19-480-C,165.45,90.85,0.021,5.0,0.022,124.0,91.73,0.19788,-0.05347,0.05798,0.00154,0.09332
170.63,ETH-28JUN19,1554980340138,open,0.02,180.0,0.00151,0.041201,0.01434,87.89,0.018,0.0,ETH-28JUN19-320-C,165.45,87.43,0.014,150.0,0.016,124.0,90.05,0.12708,-0.07171,0.02723,0.00233,0.08915
165.45,index_price,1554980340137,open,0.0,272.0,0.000103,0.01088,0.003585,99.72,0.007,0,ETH-19APR19-210-C,165.45,96.22,0.003,4.0,0.005,124.0,107.1,0.02896,-0.18338,0.00202,0.00492,0.06004
165.45,index_price,1554980340137,open,0.0,1396.0,1.9e-05,0.002874,0.001574,112.5,0.003,0,ETH-12APR19-180-C,165.45,102.34,0.001,174.0,0.003,374.0,131.48,0.01046,-0.26037,0.00026,0.01416,0.06655
165.45,index_price,1554980340147,open,0.12,819.0,0.150738,0.176353,0.156506,82.29,0.117,0,ETH-19APR19-190-P,165.45,0.0,0.146,50.0,0.156,174.0,80.72,0.05387,-0.28144,-0.03632,0.01108,-0.86085
170.63,ETH-28JUN19,1554980340151,open,0.55,0.0,0.531328,0.543429,0.534359,87.45,None,0.0,ETH-28JUN19-80-C,165.45,0.0,0.002,9.0,0.0,0.0,0.0,0.03636,-0.02042,0.16264,0.00067,0.9811
5074.97,BTC-28JUN19,1554980340145,open,0.1,191.6,0.08405602,0.12924036,0.10580523,62.01,0.11,0.0,BTC-28JUN19-5000-P,5078.75,60.18,0.1025,5.0,0.108,7.2,63.23,9.17542,-3.65312,-5.7218,0.00027,-0.42263
174.4,ETH-27SEP19,1554980340153,open,1.13,1.0,1.185312,1.294687,1.214958,86.24,1.285,0.0,ETH-27SEP19-380-P,165.45,0.0,0.002,3.0,0.0,0.0,0.0,0.27716,-0.07077,-1.66584,0.00228,-0.84953
165.45,index_price,1554980340153,open,0.0,656.0,0.0,1e-06,0.0,120.0,0.002,0,ETH-12APR19-130-P,165.45,0.0,0.0,0.0,0.001,124.0,250.04,1e-05,-4e-05,0.0,1e-05,-2e-05
5084.31,BTC-27SEP19,1554980340156,open,0.02,611.4,0.00943298,0.03605091,0.02182455,67.75,0.0215,0.0,BTC-27SEP19-3000-P,5078.75,64.99,0.019,21.6,0.0235,10.0,69.31,5.35909,-1.07491,-2.50181,7e-05,-0.08453
5084.31,BTC-27SEP19,1554980340158,open,0.03,16.5,0.01568543,0.04917326,0.03001329,66.31,0.0225,0.0,BTC-27SEP19-3250-P,5078.75,63.94,0.027,21.4,0.032,16.0,67.83,6.57391,-1.2907,-3.33314,8e-05,-0.11168
165.45,index_price,1554980340159,open,0.08,629.0,0.096254,0.130966,0.103592,77.13,0.094,0,ETH-19APR19-180-P,165.45,56.67,0.095,116.0,0.101,124.0,71.41,0.07656,-0.37486,-0.03062,0.01681,-0.75407
170.63,ETH-28JUN19,1554980340170,open,0.09,1336.0,0.052595,0.151244,0.076359,73.78,0.085,0.0,ETH-28JUN19-200-C,165.45,72.44,0.074,120.0,0.082,144.0,76.96,0.30098,-0.14257,0.1119,0.00657,0.38374
170.63,ETH-28JUN19,1554980340170,open,0.03,712.0,0.009517,0.078176,0.028895,80.26,0.03,0.0,ETH-28JUN19-260-C,165.45,80.35,0.029,18.0,0.034,120.0,84.48,0.2001,-0.10311,0.05169,0.00401,0.17087
174.4,ETH-27SEP19,1554980340170,open,0.82,0.0,0.851293,0.987577,0.884567,80.95,None,0.0,ETH-27SEP19-320-P,165.45,0.0,0.003,2.0,0.903,1.0,89.99,0.3362,-0.08058,-1.35595,0.00295,-0.79587
165.45,index_price,1554980340178,open,0.24,94.0,0.214338,0.222575,0.215712,88.7,0.265,0,ETH-19APR19-130-C,165.45,112.72,0.219,124.0,0.223,110.0,131.8,0.01547,-0.08713,0.02701,0.00295,0.97231
165.45,index_price,1554980340184,open,0.05,89.0,0.023556,0.064136,0.032373,75.43,0.04,0,ETH-19APR19-170-C,165.45,78.26,0.034,107.0,0.04,274.0,88.63,0.09523,-0.45604,0.01401,0.02138,0.42487
165.45,index_price,1554980340190,open,0.02,664.0,0.020565,0.059488,0.030031,77.39,0.024,0,ETH-19APR19-160-P,165.45,68.21,0.025,110.0,0.03,307.0,77.34,0.09115,-0.44783,-0.01402,0.01994,-0.36261
174.4,ETH-27SEP19,1554980340195,open,1.03,0.0,1.072974,1.190926,1.101855,83.27,None,0.0,ETH-27SEP19-360-P,165.45,0.0,0.001,2.0,1.115,1.0,90.73,0.28808,-0.07102,-1.56727,0.00246,-0.84047
170.63,ETH-28JUN19,1554980340203,open,0.39,10.0,0.360662,0.403233,0.371834,79.5,0.265,0.0,ETH-28JUN19-110-C,165.45,73.82,0.368,30.0,0.378,30.0,87.61,0.12147,-0.062,0.19813,0.00246,0.91608
174.4,ETH-27SEP19,1554980340203,open,0.35,0.0,0.341847,0.515956,0.384223,76.22,None,0.0,ETH-27SEP19-220-P,165.45,73.13,0.376,90.0,0.394,53.0,79.88,0.4649,-0.10492,-0.77388,0.00433,-0.57486
170.63,ETH-28JUN19,1554980340203,open,0.26,399.0,0.214352,0.293124,0.234182,74.75,0.273,0.0,ETH-28JUN19-140-C,165.45,71.73,0.23,30.0,0.241,112.0,79.59,0.23811,-0.11428,0.19582,0.00513,0.77207
170.63,ETH-28JUN19,1554980340203,open,0.5,0.0,0.473257,0.493495,0.47871,85.2,None,0.0,ETH-28JUN19-90-C,165.45,0.0,0.002,9.0,0.0,0.0,0.0,0.05978,-0.0327,0.17732,0.00113,0.96579
174.4,ETH-27SEP19,1554980340203,open,0.57,0.0,0.544217,0.594353,0.556149,83.92,None,0.0,ETH-27SEP19-80-C,165.45,0.0,0.0,0.0,0.0,0.0,0.0,0.12117,-0.03011,0.31828,0.00103,0.9506
174.4,ETH-27SEP19,1554980340203,open,0.39,76.0,0.344517,0.458395,0.374102,78.6,0.427,0.0,ETH-27SEP19-120-C,165.45,74.97,0.368,30.0,0.382,30.0,83.19,0.29663,-0.06903,0.37039,0.00268,0.83313
170.63,ETH-28JUN19,1554980340203,open,1.04,0.0,1.11026,1.137088,1.120107,93.11,None,0.0,ETH-28JUN19-360-P,165.45,0.0,0.002,2.0,0.0,0.0,0.0,0.0989,-0.05912,-0.74848,0.00171,-0.93586
174.4,ETH-27SEP19,1554980340202,open,0.07,311.0,0.031038,0.185814,0.063145,76.25,0.095,0.0,ETH-27SEP19-280-C,165.45,77.54,0.066,120.0,0.071,124.0,79.77,0.38226,-0.0863,0.1562,0.00356,0.25672
165.45,index_price,1554980340203,open,0.12,1122.0,0.093385,0.095004,0.094453,119.23,0.108,0,ETH-12APR19-150-C,165.45,107.71,0.094,124.0,0.098,124.0,169.59,0.00752,-0.51202,0.00342,0.0096,0.95616
165.45,index_price,1554980340203,open,0.18,199.0,0.209367,0.226496,0.213482,88.8,0.222,0,ETH-19APR19-200-P,165.45,0.0,0.202,50.0,0.212,50.0,81.52,0.03697,-0.20839,-0.04038,0.00705,-0.91754
165.45,index_price,1554980340203,open,0.29,50.0,0.329723,0.336254,0.332218,107.1,0.341,0,ETH-19APR19-220-P,165.45,0.0,0.318,50.0,0.33,50.0,78.57,0.02161,-0.14696,-0.04608,0.00342,-0.95842
165.45,index_price,1554980340203,open,0.11,69.0,0.148383,0.148743,0.14858,120.0,0.16,0,ETH-12APR19-190-P,165.45,0.0,0.143,50.0,0.151,50.0,184.11,0.00217,-0.14862,-0.00452,0.00275,-0.98995
165.45,index_price,1554980340200,open,0.08,369.0,0.053506,0.092428,0.062972,77.39,0.07,0,ETH-19APR19-160-C,165.45,81.07,0.065,110.0,0.07,150.0,90.08,0.09115,-0.44783,0.02051,0.01994,0.63739
170.63,ETH-28JUN19,1554980340212,open,0.01,1223.0,0.005331,0.047903,0.016466,79.44,0.014,0.0,ETH-28JUN19-110-P,165.45,75.86,0.014,150.0,0.02,274.0,84.22,0.12136,-0.0619,-0.03651,0.00246,-0.08382
174.4,ETH-27SEP19,1554980340216,open,0.03,102.0,0.004711,0.106024,0.030668,86.32,0.035,0.0,ETH-27SEP19-400-C,165.45,84.43,0.028,150.0,0.032,124.0,87.23,0.25267,-0.06457,0.08119,0.00208,0.13129
174.4,ETH-27SEP19,1554980340216,open,0.03,856.0,0.012115,0.09453,0.032731,80.5,0.029,0.0,ETH-27SEP19-100-P,165.45,77.28,0.029,150.0,0.037,124.0,84.04,0.20607,-0.04911,-0.10598,0.00182,-0.09861
174.4,ETH-27SEP19,1554980340216,open,1.45,0.0,1.525501,1.612338,1.548224,88.81,None,0.0,ETH-27SEP19-440-P,165.45,0.0,0.0,0.0,0.0,0.0,0.0,0.22216,-0.05842,-1.96791,0.00178,-0.89062
170.63,ETH-28JUN19,1554980340217,open,0.11,3616.0,0.108172,0.207222,0.132593,73.44,0.106,0.0,ETH-28JUN19-170-P,165.45,69.8,0.126,214.0,0.138,90.0,76.42,0.30935,-0.14586,-0.20422,0.00678,-0.42838
170.63,ETH-28JUN19,1554980340216,open,0.07,489.0,0.040168,0.135379,0.063814,74.66,0.094,0.0,ETH-28JUN19-210-C,165.45,73.58,0.062,120.0,0.068,20.0,77.14,0.28672,-0.13745,0.09828,0.00618,0.33376
174.4,ETH-27SEP19,1554980340217,open,0.48,0.0,0.438721,0.521135,0.459369,80.53,None,0.0,ETH-27SEP19-100-C,165.45,74.94,0.453,30.0,0.468,30.0,87.56,0.20613,-0.04915,0.35663,0.00182,0.90135
165.45,index_price,1554980340217,open,0.01,236.0,0.002355,0.02797,0.008123,82.29,0.018,0,ETH-19APR19-190-C,165.45,75.37,0.006,472.0,0.011,124.0,90.61,0.05387,-0.28144,0.00468,0.01108,0.13915
165.45,index_price,1554980340216,open,0.0,100.0,0.0,0.0,0.0,120.0,0.001,0,ETH-12APR19-100-P,165.45,0.0,0.0,0.0,0.001,124.0,476.83,0.0,0.0,0.0,0.0,0.0
165.45,index_price,1554980340211,open,0.04,490.0,0.051057,0.091637,0.059874,75.43,0.054,0,ETH-19APR19-170-P,165.45,65.18,0.054,98.0,0.059,103.0,73.91,0.09523,-0.45604,-0.02267,0.02138,-0.57513
174.4,ETH-27SEP19,1554980340218,open,0.01,820.0,0.002933,0.053068,0.014838,83.88,0.016,0.0,ETH-27SEP19-80-P,165.45,79.59,0.012,150.0,0.018,124.0,88.24,0.12108,-0.03007,-0.05179,0.00103,-0.04935
165.45,index_price,1554980340218,open,0.0,71.0,7.4e-05,0.008311,0.001447,88.7,0.003,0,ETH-19APR19-130-P,165.45,0.0,0.0,0.0,0.003,124.0,101.91,0.01547,-0.08713,-0.00104,0.00295,-0.02769
165.45,index_price,1554980340218,open,0.0,236.0,2e-06,0.00386,0.001987,115.58,0.003,0,ETH-19APR19-230-C,165.45,104.09,0.001,424.0,0.003,124.0,124.06,0.01734,-0.12726,0.00106,0.00254,0.03178
165.45,index_price,1554980340218,open,0.01,631.0,0.000542,0.017671,0.004657,88.8,0.004,0,ETH-19APR19-200-C,165.45,80.55,0.003,274.0,0.007,124.0,98.26,0.03697,-0.20839,0.00278,0.00705,0.08246
165.45,index_price,1554980340218,open,0.35,110.0,0.39015,0.394008,0.392135,115.58,0.402,0,ETH-19APR19-230-P,165.45,0.0,0.378,50.0,0.39,50.0,0.0,0.01734,-0.12726,-0.04856,0.00254,-0.96822
174.4,ETH-27SEP19,1554980340245,open,0.05,358.0,0.01198,0.138947,0.042957,82.07,0.059,0.0,ETH-27SEP19-340-C,165.45,81.53,0.042,120.0,0.045,124.0,83.2,0.31087,-0.07554,0.11028,0.00269,0.17963
170.63,ETH-28JUN19,1554980340245,open,1.26,0.0,1.344377,1.362504,1.352531,98.86,None,0.0,ETH-28JUN19-400-P,165.45,0.0,0.002,2.0,0.0,0.0,0.0,0.08229,-0.05223,-0.83796,0.00134,-0.94922
170.63,ETH-28JUN19,1554980340261,open,0.09,1512.0,0.078473,0.173227,0.101989,73.63,0.094,0.0,ETH-28JUN19-160-P,165.45,70.17,0.096,244.0,0.107,120.0,76.53,0.29479,-0.13936,-0.16809,0.00644,-0.35973
170.63,ETH-28JUN19,1554980340261,open,0.04,734.0,0.017189,0.097252,0.038018,77.32,0.052,0.0,ETH-28JUN19-240-C,165.45,76.56,0.037,120.0,0.041,124.0,79.48,0.23256,-0.11544,0.06577,0.00484,0.21867
170.63,ETH-28JUN19,1554980340261,open,0.14,4307.0,0.142781,0.243721,0.167603,73.48,0.143,0.0,ETH-28JUN19-180-P,165.45,69.35,0.16,214.0,0.173,90.0,76.4,0.3144,-0.14832,-0.24127,0.00689,-0.49514
165.45,index_price,1554980340261,open,0.0,1231.0,0.0,0.0,0.0,120.0,0.003,0,ETH-12APR19-220-C,165.45,0.0,0.0,0.0,0.001,124.0,276.62,0.0,0.0,0.0,0.0,0.0
165.45,index_price,1554980340261,open,0.0,1639.0,3e-06,0.001622,0.001071,119.23,0.001,0,ETH-12APR19-150-P,165.45,0.0,0.0,0.0,0.002,124.0,136.29,0.00752,-0.17717,-0.00018,0.0096,-0.04384
174.4,ETH-27SEP19,1554980340279,open,0.2,141.0,0.18083,0.350814,0.222736,75.65,0.16,0.0,ETH-27SEP19-180-P,165.45,73.12,0.216,120.0,0.23,117.0,78.38,0.46426,-0.10399,-0.52053,0.00436,-0.42236
174.4,ETH-27SEP19,1554980340279,open,0.67,0.0,0.656292,0.679441,0.661148,88.39,None,0.0,ETH-27SEP19-60-C,165.45,0.0,0.0,0.0,0.0,0.0,0.0,0.05494,-0.01438,0.2581,0.00044,0.98102
170.63,ETH-28JUN19,1554980340279,open,0.18,1597.0,0.18182,0.282507,0.206198,73.49,0.165,0.0,ETH-28JUN19-190-P,165.45,70.09,0.2,90.0,0.213,214.0,77.22,0.31105,-0.14677,-0.27837,0.00681,-0.55844
170.63,ETH-28JUN19,1554980340279,open,0.82,0.0,0.876913,0.916604,0.889633,87.74,None,0.0,ETH-28JUN19-320-P,165.45,0.0,0.002,15.0,0.0,0.0,0.0,0.12658,-0.07131,-0.65565,0.00232,-0.91133
170.63,ETH-28JUN19,1554980340279,open,0.11,542.0,0.068299,0.168987,0.092743,73.53,0.13,0.0,ETH-28JUN19-190-C,165.45,72.02,0.09,90.0,0.098,20.0,76.41,0.31106,-0.14684,0.12702,0.00681,0.44165
170.63,ETH-28JUN19,1554980340279,open,0.02,335.0,0.00281,0.050872,0.018278,86.09,0.022,0.0,ETH-28JUN19-300-C,165.45,85.77,0.018,100.0,0.019,124.0,86.91,0.14935,-0.08255,0.03382,0.00279,0.11119
165.45,index_price,1554980340281,open,0.0,867.0,0.0,0.00036,0.000197,120.0,0.001,0,ETH-12APR19-190-C,165.45,152.49,0.001,30.0,0.002,374.0,173.87,0.00217,-0.03253,4e-05,0.00275,0.01005
165.45,index_price,1554980340281,open,0.07,969.0,0.034773,0.044828,0.03864,90.76,0.04,0,ETH-12APR19-160-C,165.45,93.23,0.039,124.0,0.042,50.0,112.73,0.02393,-1.24015,0.00295,0.04015,0.78103
165.45,index_price,1554980340281,open,0.29,193.0,0.329707,0.329707,0.329707,120.0,0.343,0,ETH-12APR19-220-P,165.45,0.0,0.323,50.0,0.332,50.0,316.05,0.0,-2e-05,-0.00528,0.0,-1.0
170.63,ETH-28JUN19,1554980340283,open,0.01,1839.0,0.000714,0.020952,0.006136,85.12,0.004,0.0,ETH-28JUN19-90-P,165.45,78.28,0.004,300.0,0.008,124.0,90.08,0.05961,-0.03258,-0.01465,0.00113,-0.0341
170.63,ETH-28JUN19,1554980340283,open,0.06,2935.0,0.054004,0.141954,0.076243,74.22,0.056,0.0,ETH-28JUN19-150-P,165.45,70.27,0.07,120.0,0.08,120.0,76.58,0.27069,-0.12899,-0.13409,0.00587,-0.29209
165.45,index_price,1554980340289,open,0.23,170.0,0.269266,0.269267,0.269266,120.0,0.282,0,ETH-12APR19-210-P,165.45,0.0,0.263,50.0,0.272,50.0,283.41,1e-05,-0.00067,-0.00504,1e-05,-0.99997
174.4,ETH-27SEP19,1554980340300,open,0.04,119.0,0.006413,0.115788,0.036184,86.32,0.037,0.0,ETH-27SEP19-380-C,165.45,86.2,0.036,5.0,0.037,124.0,86.83,0.27759,-0.07094,0.09249,0.00229,0.15081
165.45,index_price,1554980340300,open,0.24,31.0,0.214264,0.214265,0.214264,120.0,0.287,0,ETH-12APR19-130-C,165.45,0.0,0.214,124.0,0.217,124.0,299.88,1e-05,-0.00043,0.00312,1e-05,0.99998
165.45,index_price,1554980340300,open,0.17,361.0,0.208824,0.208853,0.208835,120.0,0.221,0,ETH-12APR19-200-P,165.45,0.0,0.203,50.0,0.211,50.0,226.46,0.00019,-0.01336,-0.0048,0.00025,-0.99931
174.4,ETH-27SEP19,1554980340303,open,0.04,54.0,0.008754,0.126705,0.037753,83.34,0.042,0.0,ETH-27SEP19-360-C,165.45,82.27,0.036,120.0,0.04,124.0,84.68,0.28846,-0.07118,0.09853,0.00246,0.15986
170.63,ETH-28JUN19,1554980340303,open,0.01,1984.0,0.002164,0.032759,0.01036,82.21,0.007,0.0,ETH-28JUN19-100-P,165.45,77.34,0.008,150.0,0.013,150.0,87.06,0.08784,-0.04636,-0.02384,0.00172,-0.05513
174.4,ETH-27SEP19,1554980340303,open,0.52,0.0,0.533511,0.69659,0.569428,76.21,None,0.0,ETH-27SEP19-260-P,165.45,0.0,0.013,1.0,0.604,1.0,90.17,0.41531,-0.09372,-1.02056,0.00387,-0.69536
5078.75,index_price,1554980340305,open,0.14,5.1,0.10821754,0.1558677,0.12643233,63.52,0.13,0,BTC-31MAY19-4750-C,5078.75,59.89,0.1215,8.1,0.1295,6.2,65.78,6.90722,-4.39855,3.67727,0.00031,0.65631
174.4,ETH-27SEP19,1554980340312,open,0.11,326.0,0.058645,0.228495,0.098242,76.25,0.107,0.0,ETH-27SEP19-240-C,165.45,75.76,0.097,120.0,0.103,124.0,78.11,0.44415,-0.10027,0.21187,0.00414,0.36082
170.63,ETH-28JUN19,1554980340314,open,1.82,0.0,1.930323,1.937357,1.935373,109.41,None,0.0,ETH-28JUN19-500-P,165.45,0.0,0.002,2.0,0.0,0.0,0.0,0.05425,-0.03811,-1.05756,0.0008,-0.96958
174.4,ETH-27SEP19,1554980340314,open,0.62,0.0,0.636542,0.791319,0.668558,76.21,None,0.0,ETH-27SEP19-280-P,165.45,0.0,0.056,9.0,0.701,2.0,90.17,0.3821,-0.08621,-1.13938,0.00356,-0.74349
165.45,index_price,1554980340314,open,0.0,150.0,0.0,0.0,0.0,120.0,0.001,0,ETH-12APR19-110-P,165.45,0.0,0.0,0.0,0.001,124.0,395.61,0.0,0.0,0.0,0.0,0.0
174.4,ETH-27SEP19,1554980340325,open,0.09,634.0,0.067361,0.207387,0.103392,77.05,0.079,0.0,ETH-27SEP19-140-P,165.45,74.54,0.098,120.0,0.109,124.0,79.65,0.37524,-0.0856,-0.28342,0.00346,-0.24785
170.63,ETH-28JUN19,1554980340325,open,0.03,263.0,0.005197,0.062983,0.021768,82.31,0.023,0.0,ETH-28JUN19-280-C,165.45,81.53,0.021,150.0,0.024,4.0,84.51,0.1693,-0.08947,0.04046,0.00331,0.13292
170.63,ETH-28JUN19,1554980340327,open,0.6,0.0,0.646174,0.70396,0.662649,82.21,None,0.0,ETH-28JUN19-280-P,165.45,0.0,0.002,15.0,0.0,0.0,0.0,0.16897,-0.08919,-0.55704,0.00331,-0.86746
170.63,ETH-28JUN19,1554980340327,open,0.3,790.0,0.319793,0.410544,0.343256,75.82,0.261,0.0,ETH-28JUN19-220-P,165.45,71.16,0.336,90.0,0.35,90.0,80.02,0.27021,-0.13154,-0.38309,0.00574,-0.70903
170.63,ETH-28JUN19,1554980340327,open,0.06,606.0,0.030454,0.121204,0.053992,75.87,0.063,0.0,ETH-28JUN19-220-C,165.45,73.97,0.051,120.0,0.06,20.0,79.62,0.2703,-0.13166,0.08634,0.00574,0.29117
170.63,ETH-28JUN19,1554980340328,open,0.01,2.0,0.000123,0.01825,0.008415,99.15,0.01,0.0,ETH-28JUN19-400-C,165.45,98.28,0.008,150.0,0.009,124.0,100.32,0.0831,-0.0529,0.01565,0.00135,0.05141
165.45,index_price,1554980340327,open,0.42,111.0,0.395588,0.395588,0.395588,133.79,0.399,0,ETH-12APR19-100-C,165.45,0.0,0.394,50.0,0.398,76.0,500.0,0.0,0.0,0.0024,0.0,1.0
165.45,index_price,1554980340327,open,0.0,650.0,0.0,0.0,0.0,120.0,0.001,0,ETH-12APR19-120-P,165.45,0.0,0.0,0.0,0.001,124.0,320.48,0.0,0.0,0.0,0.0,0.0
174.4,ETH-27SEP19,1554980340330,open,0.06,129.0,0.022571,0.168242,0.057619,79.61,0.074,0.0,ETH-27SEP19-300-C,165.45,78.82,0.056,120.0,0.06,124.0,80.75,0.36229,-0.08539,0.14102,0.00323,0.23239
174.4,ETH-27SEP19,1554980340329,open,0.92,0.0,0.961521,1.088489,0.992387,82.01,None,0.0,ETH-27SEP19-340-P,165.45,0.0,0.003,2.0,1.009,1.0,90.75,0.31055,-0.0754,-1.46296,0.00269,-0.82067
170.63,ETH-28JUN19,1554980340329,open,0.5,0.0,0.533282,0.601941,0.552571,80.18,None,0.0,ETH-28JUN19-260-P,165.45,0.0,0.002,15.0,0.0,0.0,0.0,0.19986,-0.10289,-0.50313,0.00401,-0.82945
165.45,index_price,1554980340329,open,0.0,325.0,1.7e-05,0.006547,0.002511,107.1,0.006,0,ETH-19APR19-220-C,165.45,92.24,0.001,324.0,0.004,124.0,117.0,0.02161,-0.14696,0.00139,0.00342,0.04158
165.45,index_price,1554980340329,open,0.3,0.0,0.274708,0.277803,0.275881,109.58,None,0,ETH-19APR19-120-C,165.45,0.0,0.274,50.0,0.282,105.0,157.05,0.01125,-0.07823,0.02517,0.00174,0.98104
165.45,index_price,1554980340329,open,0.18,712.0,0.153823,0.153903,0.153859,120.0,0.209,0,ETH-12APR19-140-C,165.45,0.0,0.153,124.0,0.157,124.0,230.35,0.00052,-0.03593,0.00335,0.00067,0.99795
165.45,index_price,1554980340329,open,0.0,912.0,0.0,8e-05,3.6e-05,120.0,0.003,0,ETH-12APR19-140-P,165.45,0.0,0.0,0.0,0.001,10.0,182.97,0.00052,-0.00591,-1e-05,0.00067,-0.00205
170.63,ETH-28JUN19,1554980340347,open,0.02,398.0,0.011198,0.066457,0.025242,77.16,0.024,0.0,ETH-28JUN19-120-P,165.45,73.61,0.022,150.0,0.028,150.0,80.07,0.15936,-0.07895,-0.05355,0.00332,-0.12184
170.63,ETH-28JUN19,1554980340347,open,0.0,1666.0,0.000179,0.01228,0.003182,87.32,0.003,0.0,ETH-28JUN19-80-P,165.45,73.23,0.001,2149.0,0.005,124.0,94.78,0.03618,-0.02028,-0.008,0.00067,-0.01878
165.45,index_price,1554980340347,open,0.0,299.0,0.0,2e-06,0.0,120.0,0.001,0,ETH-12APR19-210-C,165.45,0.0,0.0,0.0,0.001,124.0,238.54,1e-05,-6e-05,0.0,1e-05,3e-05
165.45,index_price,1554980340347,open,0.36,1.0,0.335147,0.335147,0.335147,119.96,0.386,0,ETH-12APR19-110-C,165.45,0.0,0.333,50.0,0.338,89.0,470.04,0.0,0.0,0.00264,0.0,1.0
170.63,ETH-28JUN19,1554980340522,open,0.06,2935.0,0.054004,0.141954,0.076243,74.22,0.056,0.0,ETH-28JUN19-150-P,165.45,70.27,0.07,240.0,0.08,120.0,76.58,0.27069,-0.12899,-0.13409,0.00587,-0.29209
5078.75,index_price,1554980340556,open,0.04,42.6,0.02509799,0.06316189,0.03009244,58.48,0.03,0,BTC-19APR19-5125-C,5078.75,54.97,0.028,5.5,0.031,0.4,60.1,2.9704,-11.02891,0.48765,0.00091,0.47505
5078.75,index_price,1554980340557,open,0.0,187.8,0.00385057,0.01539401,0.00614888,64.05,0.014,0,BTC-12APR19-5000-P,5078.75,57.09,0.005,4.0,0.0065,0.4,65.94,0.86969,-31.35786,-0.03776,0.00219,-0.30369
5078.75,index_price,1554980340558,open,0.01,121.3,0.01503264,0.02741601,0.01761842,64.17,0.018,0,BTC-12APR19-5125-P,5078.75,57.93,0.0165,5.7,0.019,8.6,71.21,0.9562,-35.03661,-0.07617,0.00241,-0.60745
5078.75,index_price,1554980340559,open,0.04,42.6,0.02509799,0.06316189,0.03009244,58.48,0.03,0,BTC-19APR19-5125-C,5078.75,54.97,0.028,5.9,0.031,0.4,60.1,2.9704,-11.02891,0.48765,0.00091,0.47505
5078.75,index_price,1554980340561,open,0.07,478.5,0.04817014,0.07587687,0.05747587,61.72,0.0625,0,BTC-26APR19-5000-C,5078.75,59.28,0.0555,5.3,0.058,0.4,62.44,4.0189,-8.3378,1.07015,0.00062,0.57445
5078.75,index_price,1554980340576,open,0.11,8.8,0.08107321,0.13177399,0.09902686,62.34,0.1035,0,BTC-31MAY19-5000-C,5078.75,59.94,0.0955,7.8,0.1035,15.5,65.46,7.36529,-4.60331,3.28693,0.00034,0.57262
5078.75,index_price,1554980340586,open,0.0,288.8,2.257e-05,0.00313106,0.00108528,88.14,0.0015,0,BTC-12APR19-4750-P,5078.75,75.55,0.0005,0.2,0.0015,12.6,94.76,0.2886,-5.53719,-0.0072,0.00053,-0.05801
5078.75,index_price,1554980340588,open,0.0,210.0,3.86e-06,0.00208058,0.00065899,90.34,0.002,0,BTC-12APR19-5500-C,5078.75,86.14,0.0005,101.0,0.001,25.7,97.88,0.20402,-3.33081,0.00451,0.00036,0.03764
5078.75,index_price,1554980340589,open,0.01,144.4,0.00100928,0.00983588,0.00278765,67.42,0.004,0,BTC-12APR19-5250-C,5078.75,55.62,0.0015,11.2,0.0035,6.4,73.23,0.60934,-14.09262,0.01936,0.00146,0.16165
5078.75,index_price,1554980340591,open,0.01,144.4,0.00100928,0.00983588,0.00278765,67.42,0.004,0,BTC-12APR19-5250-C,5078.75,55.62,0.0015,11.2,0.0035,5.9,73.23,0.60934,-14.09262,0.01936,0.00146,0.16165
5078.75,index_price,1554980340600,open,0.02,138.0,0.03472821,0.0435548,0.03650658,68.13,0.036,0,BTC-12APR19-5250-P,5078.75,71.52,0.037,4.0,0.0375,5.2,75.37,0.61573,-23.95247,-0.10629,0.00146,-0.83573
5078.75,index_price,1554980340616,open,0.02,421.1,0.01483272,0.0387493,0.02366766,63.54,0.026,0,BTC-26APR19-4750-P,5078.75,61.03,0.022,0.4,0.0255,0.4,66.19,3.44537,-7.35845,-0.62652,0.00052,-0.279
5078.75,index_price,1554980340619,open,0.05,7.1,0.04348705,0.0911372,0.06174496,63.58,0.056,0,BTC-31MAY19-4750-P,5078.75,60.06,0.057,28.4,0.0635,5.6,64.84,6.90764,-4.40279,-2.81434,0.00031,-0.34375
5078.75,index_price,1554980340629,open,0.05,7.1,0.04348705,0.0911372,0.06174496,63.58,0.056,0,BTC-31MAY19-4750-P,5078.75,60.06,0.057,28.4,0.0635,5.7,64.84,6.90764,-4.40279,-2.81434,0.00031,-0.34375
5078.75,index_price,1554980340635,open,0.01,380.4,0.00534114,0.02283352,0.0123324,65.9,0.0135,0,BTC-26APR19-4500-P,5078.75,63.16,0.011,16.4,0.014,16.4,69.15,2.54075,-5.62822,-0.36618,0.00037,-0.16456
5078.75,index_price,1554980340670,open,0.03,60.0,0.00880754,0.04353402,0.02258376,66.17,0.0225,0,BTC-31MAY19-6500-C,5078.75,63.01,0.0195,18.8,0.0245,6.0,68.08,5.05671,-3.35458,1.14607,0.00022,0.18771
5078.75,index_price,1554980340684,open,0.0,52.6,5.689e-05,0.00989047,0.00163662,76.96,0.0065,0,BTC-19APR19-6250-C,5078.75,70.9,0.001,11.1,0.0025,15.3,83.28,0.61135,-2.98691,0.03942,0.00014,0.03761
5078.75,index_price,1554980340686,open,0.0,52.6,5.689e-05,0.00989047,0.00163662,76.96,0.0065,0,BTC-19APR19-6250-C,5078.75,70.9,0.001,11.1,0.0025,15.2,83.28,0.61135,-2.98691,0.03942,0.00014,0.03761
5078.75,index_price,1554980340695,open,0.04,143.4,0.01935635,0.0308998,0.02165466,63.57,0.02,0,BTC-12APR19-5000-C,5078.75,54.01,0.02,6.5,0.0215,0.4,62.99,0.86807,-31.50856,0.08237,0.00221,0.69758
5084.31,BTC-27SEP19,1554980340709,open,0.2,15.2,0.1959693,0.26635117,0.21897752,62.47,0.2155,0.0,BTC-27SEP19-5500-P,5078.75,59.91,0.212,3.2,0.2255,3.0,64.89,13.7916,-2.55098,-16.65425,0.00018,-0.48902
5078.75,index_price,1554980340714,open,0.03,28.0,0.03420456,0.07226846,0.03919901,58.63,0.03,0,BTC-19APR19-5125-P,5078.75,57.35,0.0385,6.0,0.0405,5.3,60.77,2.97047,-11.05617,-0.61811,0.00091,-0.5248
5078.75,index_price,1554980340724,open,0.03,28.0,0.03420456,0.07226846,0.03919901,58.63,0.03,0,BTC-19APR19-5125-P,5078.75,57.35,0.0385,6.0,0.0405,5.7,60.77,2.97047,-11.05617,-0.61811,0.00091,-0.5248
5078.75,index_price,1554980340735,open,0.12,0.2,0.09271097,0.11856852,0.09656279,62.89,0.0855,0,BTC-19APR19-4625-C,5078.75,58.21,0.095,4.7,0.098,4.3,67.22,1.69819,-6.77987,0.83151,0.00049,0.85528
5078.75,index_price,1554980340742,open,0.12,0.2,0.09271097,0.11856852,0.09656279,62.89,0.0855,0,BTC-19APR19-4625-C,5078.75,58.21,0.095,4.7,0.0985,5.9,68.61,1.69819,-6.77987,0.83151,0.00049,0.85528
5078.75,index_price,1554980340750,open,0.0,22.1,0.00143526,0.02205688,0.00413679,64.03,0.004,0,BTC-19APR19-4500-P,5078.75,56.41,0.0025,20.0,0.005,4.8,67.43,1.22337,-4.97276,-0.10448,0.00034,-0.09119
5078.75,index_price,1554980340780,open,0.0,172.3,8.83e-05,0.00476749,0.00135496,80.24,0.0015,0,BTC-12APR19-5375-C,5078.75,74.96,0.001,30.0,0.002,26.0,88.54,0.36062,-6.85012,0.00926,0.00073,0.07738
5078.75,index_price,1554980340797,open,0.07,13.2,0.06556743,0.11626821,0.08352107,62.4,0.1,0,BTC-31MAY19-5000-P,5078.75,59.6,0.0795,18.9,0.087,6.2,64.77,7.36523,-4.60742,-3.5458,0.00033,-0.42737
5078.75,index_price,1554980340813,open,0.08,11.8,0.05311168,0.08794372,0.05815463,59.9,0.0495,0,BTC-19APR19-4875-C,5078.75,56.77,0.0565,4.5,0.0585,0.4,60.67,2.61419,-9.94202,0.69765,0.00078,0.69473
5078.75,index_price,1554980340826,open,0.0,13.5,0.00053236,0.01620804,0.00262988,67.31,0.0035,0,BTC-19APR19-4375-P,5078.75,55.48,0.001,27.8,0.0035,4.2,71.93,0.88431,-3.77909,-0.06823,0.00024,-0.05962
5078.75,index_price,1554980340828,open,0.0,13.5,0.00053236,0.01620804,0.00262988,67.31,0.0035,0,BTC-19APR19-4375-P,5078.75,55.48,0.001,27.8,0.0035,4.3,71.93,0.88431,-3.77909,-0.06823,0.00024,-0.05962
5078.75,index_price,1554980340829,open,0.06,177.5,0.04058791,0.04764852,0.04210917,70.15,0.0285,0,BTC-12APR19-4875-C,5078.75,48.03,0.0405,6.3,0.0425,5.9,74.83,0.47801,-19.1475,0.10291,0.0011,0.88662
5078.75,index_price,1554980340835,open,0.06,177.5,0.04058791,0.04764852,0.04210917,70.15,0.0285,0,BTC-12APR19-4875-C,5078.75,48.03,0.0405,6.3,0.0425,3.8,74.83,0.47801,-19.1475,0.10291,0.0011,0.88662
5078.75,index_price,1554980340840,open,0.02,51.5,0.02196929,0.05932173,0.02728597,59.39,0.028,0,BTC-19APR19-5000-P,5078.75,58.83,0.027,6.0,0.0285,5.4,61.45,2.90329,-10.9473,-0.48129,0.00088,-0.41187
5078.75,index_price,1554980340845,open,0.02,51.5,0.02196929,0.05932173,0.02728597,59.39,0.028,0,BTC-19APR19-5000-P,5078.75,58.83,0.027,6.0,0.0285,5.7,61.45,2.90329,-10.9473,-0.48129,0.00088,-0.41187
5078.75,index_price,1554980340849,open,0.03,0.1,0.01341022,0.05286137,0.02882493,65.3,0.04,0,BTC-31MAY19-6250-C,5078.75,62.3,0.0255,29.8,0.0305,6.5,66.79,5.6999,-3.73119,1.39586,0.00025,0.22995
5078.75,index_price,1554980340851,open,0.03,0.1,0.01341022,0.05286137,0.02882493,65.3,0.04,0,BTC-31MAY19-6250-C,5078.75,62.3,0.0255,29.8,0.0305,6.4,66.79,5.6999,-3.73119,1.39586,0.00025,0.22995
5078.75,index_price,1554980340863,open,0.01,121.5,0.00070158,0.01950527,0.00352521,68.28,0.008,0,BTC-19APR19-5875-C,5078.75,60.35,0.002,40.2,0.0045,4.9,72.48,1.11385,-4.8281,0.08431,0.00029,0.08045
5078.75,index_price,1554980340872,open,0.01,121.5,0.00070158,0.01950527,0.00352521,68.28,0.008,0,BTC-19APR19-5875-C,5078.75,60.35,0.002,40.2,0.0045,4.8,72.48,1.11385,-4.8281,0.08431,0.00029,0.08045
5078.75,index_price,1554980340880,open,0.05,74.6,0.05997739,0.08767687,0.06930408,61.98,0.075,0,BTC-26APR19-5250-P,5078.75,60.26,0.068,0.4,0.071,5.8,64.06,4.00737,-8.34903,-1.34453,0.00062,-0.58022
5078.75,index_price,1554980340891,open,0.0,38.5,8.319e-05,0.00399568,0.00373074,83.83,0.0055,0,BTC-26APR19-6750-C,5078.75,82.8,0.0035,26.1,0.004,4.8,85.02,1.14386,-3.22295,0.10655,0.00013,0.0552
5078.75,index_price,1554980340893,open,0.14,993.9,0.11929634,0.13678872,0.12628761,65.76,0.1325,0,BTC-26APR19-4500-C,5078.75,61.15,0.124,6.3,0.1285,6.0,70.19,2.53609,-5.60543,1.46893,0.00037,0.8359
5078.75,index_price,1554980340901,open,0.14,993.9,0.11929634,0.13678872,0.12628761,65.76,0.1325,0,BTC-26APR19-4500-C,5078.75,61.15,0.124,6.3,0.1285,5.5,70.19,2.53609,-5.60543,1.46893,0.00037,0.8359
5078.75,index_price,1554980340910,open,0.04,63.3,0.04963178,0.08661735,0.05437484,58.79,0.055,0,BTC-19APR19-5250-P,5078.75,55.28,0.0525,12.4,0.055,0.5,59.82,2.80829,-10.48217,-0.75374,0.00086,-0.63338
5078.75,index_price,1554980340933,open,0.0,74.0,2.374e-05,0.00240129,0.00269474,86.71,0.004,0,BTC-26APR19-7000-C,5078.75,85.59,0.0025,15.0,0.003,13.7,88.41,0.89179,-2.59908,0.07818,0.0001,0.04046
5078.75,index_price,1554980340934,open,0.1,27.0,0.0929302,0.1445017,0.11191185,62.93,0.091,0,BTC-31MAY19-5250-P,5078.75,58.88,0.106,11.6,0.114,6.2,64.31,7.48713,-4.72328,-4.31964,0.00034,-0.51047
5078.75,index_price,1554980340950,open,0.1,27.0,0.0929302,0.1445017,0.11191185,62.93,0.091,0,BTC-31MAY19-5250-P,5078.75,58.88,0.106,11.6,0.114,6.4,64.31,7.48713,-4.72328,-4.31964,0.00034,-0.51047
5078.75,index_price,1554980340964,open,0.0,187.8,0.00385057,0.01539401,0.00614888,64.05,0.014,0,BTC-12APR19-5000-P,5078.75,54.04,0.0045,8.4,0.0065,0.4,65.94,0.86969,-31.35786,-0.03776,0.00219,-0.30369
5078.75,index_price,1554980340970,open,0.06,42.6,0.0294043,0.07715547,0.04694019,63.4,0.055,0,BTC-31MAY19-5750-C,5078.75,61.24,0.044,12.0,0.0495,6.6,65.3,6.87896,-4.37233,2.03397,0.00031,0.34
5078.75,index_price,1554980340972,open,0.06,42.6,0.0294043,0.07715547,0.04694019,63.4,0.055,0,BTC-31MAY19-5750-C,5078.75,61.24,0.044,12.0,0.0495,6.4,65.3,6.87896,-4.37233,2.03397,0.00031,0.34
5078.75,index_price,1554980340980,open,0.01,33.3,0.00698599,0.03779855,0.01231758,63.12,0.0135,0,BTC-19APR19-4750-P,5078.75,60.01,0.011,10.0,0.013,5.7,64.63,2.21582,-8.87893,-0.25592,0.00063,-0.2212
5078.75,index_price,1554980340981,open,0.01,33.3,0.00698599,0.03779855,0.01231758,63.12,0.0135,0,BTC-19APR19-4750-P,5078.75,60.01,0.011,10.0,0.013,5.9,64.63,2.21582,-8.87893,-0.25592,0.00063,-0.2212
5078.75,index_price,1554980340983,open,0.01,121.3,0.01503264,0.02741601,0.01761842,64.17,0.018,0,BTC-12APR19-5125-P,5078.75,57.93,0.0165,4.7,0.019,8.6,71.21,0.9562,-35.03661,-0.07617,0.00241,-0.60745
5078.75,index_price,1554980340999,open,0.01,121.3,0.01503264,0.02741601,0.01761842,64.17,0.018,0,BTC-12APR19-5125-P,5078.75,57.93,0.0165,4.7,0.0185,3.8,68.57,0.9562,-35.03661,-0.07617,0.00241,-0.60745
5078.75,index_price,1554980341001,open,0.07,24.5,0.04220622,0.09266413,0.06124223,63.4,0.08,0,BTC-31MAY19-5500-C,5078.75,60.46,0.057,8.0,0.063,5.9,64.64,7.30608,-4.64364,2.43331,0.00033,0.41184
5084.31,BTC-27SEP19,1554980341011,open,0.02,611.4,0.00943298,0.03605091,0.02182715,67.75,0.0215,0.0,BTC-27SEP19-3000-P,5078.75,64.99,0.019,6.6,0.0235,10.0,69.31,5.35909,-1.07491,-2.50181,7e-05,-0.08453
5084.31,BTC-27SEP19,1554980341013,open,0.03,16.5,0.01568543,0.04917326,0.03001106,66.31,0.0225,0.0,BTC-27SEP19-3250-P,5078.75,63.94,0.027,6.5,0.032,16.0,67.83,6.57391,-1.2907,-3.33314,8e-05,-0.11168
5084.31,BTC-27SEP19,1554980341015,open,0.04,303.4,0.02433622,0.06467498,0.04086515,65.47,0.039,0.0,BTC-27SEP19-3500-P,5078.75,62.93,0.037,6.0,0.0445,6.0,67.79,7.85728,-1.52308,-4.3563,0.0001,-0.14432
5078.75,index_price,1554980341009,open,0.07,24.5,0.04220622,0.09266413,0.06124223,63.4,0.08,0,BTC-31MAY19-5500-C,5078.75,60.46,0.057,8.0,0.063,5.8,64.64,7.30608,-4.64364,2.43331,0.00033,0.41184
5078.75,index_price,1554980341019,open,0.1,13.7,0.07171648,0.10252905,0.07704807,62.94,0.0945,0,BTC-19APR19-4750-C,5078.75,57.07,0.0745,6.1,0.0785,6.0,66.36,2.21258,-8.84111,0.7697,0.00063,0.77937
5078.75,index_price,1554980341028,open,0.1,13.7,0.07171648,0.10252905,0.07704807,62.94,0.0945,0,BTC-19APR19-4750-C,5078.75,57.07,0.0745,6.1,0.0785,5.5,66.36,2.21258,-8.84111,0.7697,0.00063,0.77937
5078.75,index_price,1554980341035,open,0.0,0.0,3.04e-06,0.00476079,0.00099415,86.95,None,0,BTC-19APR19-6625-C,5078.75,79.03,0.0005,14.0,0.0015,17.2,92.72,0.38911,-2.14781,0.02284,8e-05,0.02184
5078.75,index_price,1554980341037,open,0.0,13.5,0.0001691,0.01156452,0.00176064,71.44,0.0025,0,BTC-19APR19-4250-P,5078.75,57.72,0.0005,7.5,0.0025,4.3,76.69,0.64365,-2.91937,-0.04583,0.00016,-0.04006
5074.97,BTC-28JUN19,1554980341046,open,0.16,41.0,0.11615156,0.15890824,0.14510014,61.99,0.165,0.0,BTC-28JUN19-4750-C,5078.75,60.17,0.142,5.0,0.1485,7.2,63.95,8.71923,-3.4701,5.42245,0.00026,0.6459
5078.75,index_price,1554980341050,open,0.0,13.5,0.0001691,0.01156452,0.00176064,71.44,0.0025,0,BTC-19APR19-4250-P,5078.75,57.72,0.0005,7.5,0.0025,4.4,76.69,0.64365,-2.91937,-0.04583,0.00016,-0.04006
5078.75,index_price,1554980341052,open,0.01,0.0,0.00333806,0.02383505,0.01122352,66.9,None,0,BTC-31MAY19-3750-P,5078.75,62.96,0.009,20.0,0.0125,4.9,68.99,3.01067,-2.01925,-0.69209,0.00013,-0.08849
5078.75,index_price,1554980341062,open,0.01,460.0,0.00081675,0.01045104,0.00635321,74.39,0.007,0,BTC-26APR19-6250-C,5078.75,68.56,0.0045,20.5,0.007,5.9,76.26,1.74186,-4.35548,0.18488,0.00022,0.09566
5078.75,index_price,1554980341064,open,0.01,460.0,0.00081675,0.01045104,0.00635321,74.39,0.007,0,BTC-26APR19-6250-C,5078.75,68.56,0.0045,20.5,0.007,5.8,76.26,1.74186,-4.35548,0.18488,0.00022,0.09566
5078.75,index_price,1554980341069,open,0.02,0.8,0.00757583,0.03569698,0.01810213,65.27,0.019,0,BTC-31MAY19-4000-P,5078.75,61.24,0.015,21.7,0.02,6.1,67.6,4.04409,-2.64633,-1.05189,0.00018,-0.13346
5078.75,index_price,1554980341072,open,0.03,149.7,0.03266436,0.06037108,0.04197009,61.83,0.045,0,BTC-26APR19-5000-P,5078.75,59.29,0.04,17.4,0.045,17.4,65.6,4.01898,-8.35184,-0.96787,0.00062,-0.42559
5078.75,index_price,1554980341084,open,0.03,149.7,0.03266436,0.06037108,0.04197009,61.83,0.045,0,BTC-26APR19-5000-P,5078.75,59.29,0.04,17.4,0.045,17.7,65.6,4.01898,-8.35184,-0.96787,0.00062,-0.42559
5078.75,index_price,1554980341091,open,0.0,925.8,0.00027,0.00567519,0.00284105,72.75,0.003,0,BTC-26APR19-4000-P,5078.75,64.41,0.0015,27.5,0.004,10.0,78.28,0.96572,-2.36154,-0.0983,0.00013,-0.04465
5078.75,index_price,1554980341095,open,0.01,43.8,0.00289019,0.02969879,0.00696747,63.97,0.005,0,BTC-19APR19-5625-C,5078.75,59.51,0.0055,10.0,0.008,5.7,66.95,1.73277,-7.03744,0.15581,0.00049,0.14914
5078.75,index_price,1554980341097,open,0.01,43.8,0.00289019,0.02969879,0.00696747,63.97,0.005,0,BTC-19APR19-5625-C,5078.75,59.51,0.0055,10.0,0.008,5.5,66.95,1.73277,-7.03744,0.15581,0.00049,0.14914
5078.75,index_price,1554980341099,open,0.01,37.5,0.01299354,0.04782558,0.01803649,60.06,0.026,0,BTC-19APR19-4875-P,5078.75,57.0,0.0165,6.0,0.019,0.4,61.87,2.61562,-9.97297,-0.35474,0.00078,-0.30564
5078.75,index_price,1554980341118,open,0.0,89.1,0.0014379,0.01212651,0.00616693,69.36,0.004,0,BTC-26APR19-4250-P,5078.75,63.88,0.0045,5.7,0.0075,20.0,73.24,1.66174,-3.87423,-0.19858,0.00023,-0.08976
5078.75,index_price,1554980341121,open,0.09,226.1,0.06475306,0.06786155,0.06581578,86.75,0.0525,0,BTC-12APR19-4750-C,5078.75,0.0,0.064,13.6,0.066,5.5,91.17,0.27763,-13.75164,0.10711,0.00052,0.94477
5078.75,index_price,1554980341139,open,0.09,226.1,0.06475306,0.06786155,0.06581578,86.75,0.0525,0,BTC-12APR19-4750-C,5078.75,0.0,0.064,13.6,0.0665,12.0,98.63,0.27763,-13.75164,0.10711,0.00052,0.94477
5078.75,index_price,1554980341142,open,0.02,52.5,0.00953724,0.04396382,0.01407758,59.63,0.0145,0,BTC-19APR19-5375-C,5078.75,59.51,0.014,10.0,0.015,0.4,61.55,2.48075,-9.39101,0.28387,0.00075,0.2731
5078.75,index_price,1554980341150,open,0.0,1123.2,0.0,3.944e-05,0.00049867,109.86,0.001,0,BTC-26APR19-3000-P,5078.75,0.0,0.0,0.0,0.001,20.2,120.41,0.18674,-0.68955,-0.01446,2e-05,-0.00648
5078.75,index_price,1554980341152,open,0.02,40.4,0.00540058,0.03626574,0.01004862,62.18,0.008,0,BTC-19APR19-5500-C,5078.75,59.66,0.009,10.0,0.011,6.0,64.47,2.11472,-8.34819,0.21278,0.00061,0.2042
5078.75,index_price,1554980341154,open,0.02,40.4,0.00540058,0.03626574,0.01004862,62.18,0.008,0,BTC-19APR19-5500-C,5078.75,59.66,0.009,10.0,0.011,5.8,64.47,2.11472,-8.34819,0.21278,0.00061,0.2042
5078.75,index_price,1554980341155,open,0.04,10.1,0.0267626,0.06928396,0.04361631,64.44,0.0285,0,BTC-31MAY19-4500-P,5078.75,60.15,0.0385,23.8,0.0455,5.8,65.97,6.15302,-3.97466,-2.14415,0.00027,-0.26532
5078.75,index_price,1554980341157,open,0.04,10.1,0.0267626,0.06928396,0.04361631,64.44,0.0285,0,BTC-31MAY19-4500-P,5078.75,60.15,0.0385,23.8,0.0455,5.9,65.97,6.15302,-3.97466,-2.14415,0.00027,-0.26532
5078.75,index_price,1554980341158,open,0.0,1360.0,3.255e-05,0.00227668,0.00176699,81.23,0.002,0,BTC-26APR19-3750-P,5078.75,73.97,0.001,5.0,0.0025,16.9,86.5,0.63328,-1.72908,-0.05894,7e-05,-0.02671
5078.75,index_price,1554980341161,open,0.01,311.6,0.00027124,0.00652777,0.00487895,79.5,0.0045,0,BTC-26APR19-6500-C,5078.75,78.13,0.0045,32.0,0.0055,6.9,81.68,1.41497,-3.78111,0.14008,0.00017,0.07255
5078.75,index_price,1554980341165,open,0.01,4.8,0.00124943,0.01496858,0.00645664,68.28,0.0065,0,BTC-31MAY19-3500-P,5078.75,63.04,0.0045,22.0,0.008,17.3,71.84,2.07834,-1.42264,-0.4242,9e-05,-0.05466
5078.75,index_price,1554980341166,open,0.01,4.8,0.00124943,0.01496858,0.00645664,68.28,0.0065,0,BTC-31MAY19-3500-P,5078.75,63.04,0.0045,22.0,0.008,17.4,71.84,2.07834,-1.42264,-0.4242,9e-05,-0.05466
5078.75,index_price,1554980341168,open,0.06,64.1,0.06786852,0.1022951,0.07240886,59.81,0.031,0,BTC-19APR19-5375-P,5078.75,55.71,0.0705,4.0,0.0735,6.1,61.89,2.48385,-9.43096,-0.87525,0.00075,-0.72622
5078.75,index_price,1554980341183,open,0.06,64.1,0.06786852,0.1022951,0.07240886,59.81,0.031,0,BTC-19APR19-5375-P,5078.75,55.71,0.0705,4.0,0.0735,6.7,61.89,2.48385,-9.43096,-0.87525,0.00075,-0.72622
5078.75,index_price,1554980341190,open,0.0,17.8,0.00013807,0.01247924,0.00200045,73.56,0.0085,0,BTC-19APR19-6125-C,5078.75,69.8,0.0015,7.0,0.0025,11.0,76.86,0.72636,-3.39214,0.0488,0.00018,0.04653
5078.75,index_price,1554980341194,open,0.01,123.9,0.0022543,0.01636562,0.00839515,68.64,0.01,0,BTC-26APR19-6000-C,5078.75,65.25,0.007,40.0,0.0095,5.7,71.2,2.15121,-4.96313,0.24855,0.0003,0.12847
5078.75,index_price,1554980341197,open,0.02,138.6,0.00566166,0.02501657,0.01294883,65.13,0.014,0,BTC-26APR19-5750-C,5078.75,62.46,0.0115,16.0,0.0145,21.7,67.94,2.78122,-6.08864,0.36625,0.00041,0.18988
5078.75,index_price,1554980341199,open,0.06,48.3,0.03747508,0.07482752,0.04279175,59.25,0.0405,0,BTC-19APR19-5000-C,5078.75,54.44,0.04,8.4,0.0405,0.5,55.31,2.90308,-10.92007,0.5978,0.00088,0.58826
5078.75,index_price,1554980341218,open,0.0,16.2,0.00336812,0.02922567,0.00721994,63.11,0.0105,0,BTC-19APR19-4625-P,5078.75,59.32,0.006,10.0,0.008,4.5,65.36,1.70437,-6.82884,-0.16738,0.00049,-0.14551
5078.75,index_price,1554980341225,open,0.0,16.2,0.00336812,0.02922567,0.00721994,63.11,0.0105,0,BTC-19APR19-4625-P,5078.75,59.32,0.006,10.0,0.008,4.6,65.36,1.70437,-6.82884,-0.16738,0.00049,-0.14551
5078.75,index_price,1554980341257,open,0.14,204.3,0.11395521,0.11425529,0.11417122,104.29,0.1035,0,BTC-12APR19-4500-C,5078.75,0.0,0.113,8.6,0.1155,8.6,152.21,0.0565,-3.36433,0.10693,9e-05,0.99167
5078.75,index_price,1554980341273,open,0.02,66.5,0.00592607,0.01830944,0.00851185,63.73,0.009,0,BTC-12APR19-5125-C,5078.75,61.17,0.008,1.0,0.0095,6.5,69.13,0.95565,-34.77436,0.0467,0.00242,0.39173
5078.75,index_price,1554980341283,open,0.01,45.5,0.0014631,0.02415027,0.00499694,66.35,0.0065,0,BTC-19APR19-5750-C,5078.75,62.6,0.004,10.0,0.006,6.8,69.86,1.40558,-5.92083,0.11541,0.00038,0.1103
5078.75,index_price,1554980341294,open,0.01,0.5,0.00227488,0.02393718,0.01186365,69.95,0.016,0,BTC-31MAY19-7250-C,5078.75,67.1,0.01,22.0,0.014,8.4,72.99,3.44072,-2.41274,0.65438,0.00014,0.10615
5078.75,index_price,1554980341297,open,0.01,45.5,0.0014631,0.02415027,0.00499694,66.35,0.0065,0,BTC-19APR19-5750-C,5078.75,62.6,0.004,10.0,0.006,6.6,69.86,1.40558,-5.92083,0.11541,0.00038,0.1103
5078.75,index_price,1554980341301,open,0.1,890.4,0.07956322,0.10347979,0.08839815,63.43,0.094,0,BTC-26APR19-4750-C,5078.75,60.69,0.0865,4.8,0.09,4.0,65.85,3.44371,-7.34169,1.31009,0.00052,0.72128
5078.75,index_price,1554980341333,open,0.04,42.6,0.02509799,0.06316189,0.03009244,58.48,0.03,0,BTC-19APR19-5125-C,5078.75,54.97,0.028,6.3,0.031,0.4,60.1,2.9704,-11.02891,0.48765,0.00091,0.47505
5078.75,index_price,1554980341375,open,0.11,232.1,0.08934321,0.09042166,0.08987011,98.35,0.09,0,BTC-12APR19-4625-C,5078.75,0.0,0.088,10.9,0.091,10.9,125.92,0.14343,-8.05441,0.10791,0.00024,0.9754
5078.75,index_price,1554980341385,open,0.14,5.1,0.10821754,0.1558677,0.12647545,63.52,0.13,0,BTC-31MAY19-4750-C,5078.75,59.89,0.1215,8.3,0.1295,6.2,65.78,6.90722,-4.39855,3.67727,0.00031,0.65631
5078.75,index_price,1554980341393,open,0.14,5.1,0.10821754,0.1558677,0.12647545,63.52,0.13,0,BTC-31MAY19-4750-C,5078.75,59.89,0.1215,8.3,0.1295,6.0,65.78,6.90722,-4.39855,3.67727,0.00031,0.65631
5078.75,index_price,1554980341402,open,0.09,22.8,0.05921127,0.11078278,0.07819292,62.87,0.079,0,BTC-31MAY19-5250-C,5078.75,60.39,0.0745,8.0,0.081,15.4,64.8,7.48708,-4.71889,2.85419,0.00034,0.48943
5078.75,index_price,1554980341408,open,0.09,22.8,0.05921127,0.11078278,0.07819292,62.87,0.079,0,BTC-31MAY19-5250-C,5078.75,60.39,0.0745,8.0,0.081,15.3,64.8,7.48708,-4.71889,2.85419,0.00034,0.48943
5078.75,index_price,1554980341414,open,0.0,37.5,2.238e-05,0.00779355,0.00118262,78.48,0.0035,0,BTC-19APR19-6375-C,5078.75,76.45,0.001,7.3,0.0015,1.0,81.64,0.47636,-2.37338,0.02916,0.00011,0.02779
5078.75,index_price,1554980341427,open,0.0,0.2,4.52e-05,0.00798756,0.00128747,76.72,0.0015,0,BTC-19APR19-4125-P,5078.75,66.05,0.0005,1.0,0.002,18.8,83.18,0.48768,-2.37538,-0.03274,0.00011,-0.02859
5078.75,index_price,1554980341428,open,0.03,52.1,0.01504322,0.05080537,0.02875882,64.64,0.0255,0,BTC-31MAY19-4250-P,5078.75,61.37,0.0255,20.1,0.029,0.1,64.86,5.15227,-3.33897,-1.54276,0.00023,-0.19353
5078.75,index_price,1554980341453,open,0.0,133.4,0.00031921,0.01565082,0.00312219,73.56,0.005,0,BTC-19APR19-6000-C,5078.75,70.18,0.0025,10.0,0.004,8.3,77.83,0.98266,-4.58892,0.07141,0.00024,0.06828
5078.75,index_price,1554980341455,open,0.0,198.3,0.00046977,0.00753038,0.00199103,70.99,0.002,0,BTC-12APR19-4875-P,5078.75,59.0,0.001,1.5,0.0025,6.7,75.97,0.48602,-10.16219,-0.01439,0.00111,-0.11606
5078.75,index_price,1554980341457,open,0.0,198.3,0.00046977,0.00753038,0.00199103,70.99,0.002,0,BTC-12APR19-4875-P,5078.75,59.0,0.001,1.5,0.0025,7.0,75.97,0.48602,-10.16219,-0.01439,0.00111,-0.11606
5078.75,index_price,1554980341458,open,0.17,4.7,0.1407178,0.18323917,0.15757151,64.38,0.162,0,BTC-31MAY19-4500-C,5078.75,61.03,0.1535,5.4,0.1605,5.6,66.82,6.15161,-3.97002,4.00625,0.00027,0.7348
5078.75,index_price,1554980341464,open,0.14,0.0,0.11539047,0.13601209,0.11809199,63.72,0.1585,0,BTC-19APR19-4500-C,5078.75,56.64,0.1165,6.5,0.12,6.5,71.27,1.21366,-4.9097,0.86765,0.00034,0.90978
5078.75,index_price,1554980341470,open,0.14,0.0,0.11539047,0.13601209,0.11809199,63.72,0.1585,0,BTC-19APR19-4500-C,5078.75,56.64,0.1165,6.5,0.12,5.7,71.27,1.21366,-4.9097,0.86765,0.00034,0.90978
5078.75,index_price,1554980341478,open,0.05,927.2,0.02625846,0.05395794,0.03558515,61.88,0.0335,0,BTC-26APR19-5250-C,5078.75,58.0,0.0325,6.0,0.037,17.1,63.71,4.0069,-8.33346,0.79484,0.00062,0.41956
5078.75,index_price,1554980341486,open,0.05,927.2,0.02625846,0.05395794,0.03558498,61.88,0.0335,0,BTC-26APR19-5250-C,5078.75,58.0,0.0325,6.0,0.037,12.0,63.71,4.0069,-8.33346,0.79484,0.00062,0.41956
5078.75,index_price,1554980341492,open,0.02,0.4,0.00362219,0.02928532,0.01458433,68.69,0.019,0,BTC-31MAY19-7000-C,5078.75,65.91,0.0125,22.0,0.0165,8.0,71.11,3.92564,-2.70317,0.78605,0.00016,0.12784
5078.75,index_price,1554980341494,open,0.02,0.4,0.00362219,0.02928532,0.01458433,68.69,0.019,0,BTC-31MAY19-7000-C,5078.75,65.91,0.0125,22.0,0.0165,7.9,71.11,3.92564,-2.70317,0.78605,0.00016,0.12784
5078.75,index_price,1554980341512,open,0.04,29.2,0.02005361,0.06398002,0.03748518,64.93,0.047,0,BTC-31MAY19-6000-C,5078.75,61.72,0.0335,12.0,0.038,5.8,65.35,6.35021,-4.13332,1.70262,0.00028,0.2828
5078.75,index_price,1554980341514,open,0.04,29.2,0.02005361,0.06398002,0.03748518,64.93,0.047,0,BTC-31MAY19-6000-C,5078.75,61.72,0.0335,12.0,0.0385,6.6,65.75,6.35021,-4.13332,1.70262,0.00028,0.2828
5078.75,index_price,1554980341535,open,0.02,8.0,0.00569043,0.03575047,0.01793816,67.27,0.0205,0,BTC-31MAY19-6750-C,5078.75,64.42,0.0155,21.7,0.02,6.7,69.58,4.45335,-3.00321,0.94392,0.00019,0.15394
5078.75,index_price,1554980341536,open,0.07,478.5,0.04817014,0.07587687,0.05747576,61.72,0.0625,0,BTC-26APR19-5000-C,5078.75,59.28,0.0555,5.6,0.058,0.4,62.44,4.0189,-8.3378,1.07015,0.00062,0.57445
5078.75,index_price,1554980341549,open,0.11,8.8,0.08107321,0.13177399,0.09902697,62.34,0.1035,0,BTC-31MAY19-5000-C,5078.75,59.94,0.0955,8.0,0.1035,15.5,65.46,7.36529,-4.60331,3.28693,0.00034,0.57262
5078.75,index_price,1554980341564,open,0.0,288.8,2.257e-05,0.00313106,0.00108524,88.14,0.0015,0,BTC-12APR19-4750-P,5078.75,75.55,0.0005,0.2,0.0015,12.7,94.76,0.2886,-5.53719,-0.0072,0.00053,-0.05801
5078.75,index_price,1554980341584,open,0.01,144.4,0.00100928,0.00983588,0.00278749,67.42,0.004,0,BTC-12APR19-5250-C,5078.75,55.62,0.0015,11.5,0.0035,5.9,73.23,0.60934,-14.09262,0.01936,0.00146,0.16165
5078.75,index_price,1554980341586,open,0.02,138.0,0.03472821,0.0435548,0.03650641,68.13,0.036,0,BTC-12APR19-5250-P,5078.75,71.52,0.037,4.0,0.0375,6.3,75.37,0.61573,-23.95247,-0.10629,0.00146,-0.83573
5078.75,index_price,1554980341628,open,0.05,7.1,0.04348705,0.0911372,0.06174427,63.58,0.056,0,BTC-31MAY19-4750-P,5078.75,60.06,0.057,28.4,0.0635,5.8,64.84,6.90764,-4.40279,-2.81434,0.00031,-0.34375
5078.75,index_price,1554980341656,open,0.09,226.1,0.06475306,0.06786155,0.06581573,86.75,0.0525,0,BTC-12APR19-4750-C,5078.75,0.0,0.064,13.6,0.0665,11.9,98.63,0.27763,-13.75164,0.10711,0.00052,0.94477
5084.31,BTC-27SEP19,1554980341673,open,0.0,409.4,0.00040173,0.00585758,0.0042338,75.3,0.004,0.0,BTC-27SEP19-2000-P,5078.75,70.96,0.003,15.0,0.0055,5.1,79.04,1.59356,-0.35527,-0.54344,2e-05,-0.01887
174.4,ETH-27SEP19,1554980341698,open,0.17,104.0,0.109697,0.284324,0.152365,75.78,0.183,0.0,ETH-27SEP19-200-C,165.45,74.16,0.148,90.0,0.159,124.0,78.21,0.47324,-0.10617,0.27791,0.00444,0.4968
5084.4,BTC-27SEP19,1554980341732,open,0.0,2082.3,2.288e-05,0.00123835,0.00186448,84.75,0.002,0.0,BTC-27SEP19-1500-P,5078.75,77.77,0.001,15.0,0.002,8.1,85.62,0.76362,-0.1916,-0.23365,1e-05,-0.00807
5084.31,BTC-27SEP19,1554980341776,open,0.04,320.7,0.01247276,0.05355895,0.03210286,68.32,0.0335,0.0,BTC-27SEP19-9000-C,5078.75,67.35,0.0305,14.9,0.0355,6.9,70.34,8.39759,-1.69867,2.99728,0.0001,0.15951
5084.31,BTC-27SEP19,1554980341801,open,0.1,18.7,0.08730142,0.14958941,0.10726374,62.37,0.0895,0.0,BTC-27SEP19-4500-P,5078.75,60.79,0.1035,11.5,0.1105,3.0,63.72,12.17636,-2.24856,-9.78252,0.00016,-0.30858
5084.17,BTC-27SEP19,1554980342225,open,0.33,0.0,0.29809725,0.34496129,0.31568715,64.27,None,0.0,BTC-27SEP19-3750-C,5078.75,0.0,0.0005,0.3,0.0,0.0,0.0,9.07913,-1.72775,11.85953,0.00012,0.81985
5078.75,index_price,1554980342225,open,0.16,12.2,0.13856756,0.13863316,0.13860985,110.0,0.19,0,BTC-12APR19-4375-C,5078.75,0.0,0.0015,0.3,0.26,0.1,500.0,0.01995,-1.25302,0.10464,3e-05,0.99741
5074.79,BTC-28JUN19,1554980342229,open,0.0,1371.2,0.0,1.011e-05,0.00073419,110.0,0.001,0.0,BTC-28JUN19-1500-P,5078.75,114.36,0.001,74.5,0.0015,9.4,120.78,0.27707,-0.19567,-0.05115,0.0,-0.00399
5078.75,index_price,1554980342229,open,0.0,1796.1,0.0,5.45e-06,0.00014022,110.0,0.0005,0,BTC-26APR19-2750-P,5078.75,0.0,0.0,0.0,0.001,25.0,138.22,0.06587,-0.24356,-0.00449,1e-05,-0.00203
5074.79,BTC-28JUN19,1554980342239,open,0.0,367.3,8.2e-06,0.00110701,0.00509609,92.01,0.0045,0.0,BTC-28JUN19-12000-C,5078.75,85.11,0.003,30.0,0.007,30.0,96.83,1.80924,-1.06878,0.32326,4e-05,0.03495
5078.75,index_price,1554980342250,open,0.52,0.0,0.50775289,0.50775337,0.50778249,110.0,None,0,BTC-26APR19-2500-C,5078.75,0.0,0.0005,0.2,0.0,0.0,0.0,0.0175,-0.06471,1.01783,0.0,0.99952
5074.79,BTC-28JUN19,1554980342252,open,0.26,356.6,0.22783616,0.25633512,0.2430336,64.15,0.2555,0.0,BTC-28JUN19-4000-C,5078.75,0.0,0.065,2.0,0.285,1.0,96.46,5.94783,-2.44976,6.34758,0.00017,0.82928
5084.17,BTC-27SEP19,1554980342252,open,1.34,0.0,1.36518148,1.51925833,1.39736383,74.63,None,0.0,BTC-27DEC19-12000-P,5078.75,0.0,0.0,0.0,0.0,0.0,0.0,9.87397,-1.41781,-81.45564,7e-05,-0.85287
5084.17,BTC-27SEP19,1554980342252,open,0.04,44.2,0.00491422,0.15899107,0.03720334,74.69,0.038,0.0,BTC-27DEC19-12000-C,5078.75,67.83,0.025,10.0,0.0445,10.0,78.29,9.88675,-1.42069,3.98937,7e-05,0.14741
5078.75,index_price,1554980342264,open,0.18,0.0,0.20614348,0.21848466,0.20800592,73.59,None,0,BTC-19APR19-6125-P,5078.75,0.0,0.001,0.3,0.0,0.0,0.0,0.72714,-3.39702,-1.27274,0.00018,-0.95341
5084.15,BTC-27SEP19,1554980342273,open,0.02,690.9,0.00182199,0.01990472,0.01768369,78.02,0.0185,0.0,BTC-27SEP19-12000-C,5078.75,74.93,0.0145,25.0,0.0185,25.0,78.76,5.5249,-1.27624,1.65516,6e-05,0.08805
5078.75,index_price,1554980342299,open,0.21,0.0,0.17822314,0.21398529,0.19193789,64.62,None,0,BTC-31MAY19-4250-C,5078.75,0.0,0.0005,0.2,0.0,0.0,0.0,5.15141,-3.3374,4.26518,0.00023,0.80653
5074.79,BTC-28JUN19,1554980342333,open,0.0,123.6,1.9e-06,0.00055198,0.00369771,94.12,0.005,0.0,BTC-28JUN19-13000-C,5078.75,86.71,0.002,30.0,0.0055,20.0,99.8,1.40701,-0.85026,0.2394,3e-05,0.02581
5074.79,BTC-28JUN19,1554980342342,open,0.74,6.6,0.77412296,0.78280119,0.78308313,75.45,0.704,0.0,BTC-28JUN19-9000-P,5078.75,0.0,0.0005,0.4,0.0,0.0,0.0,3.17608,-1.53866,-18.53935,8e-05,-0.92917
5084.15,BTC-27SEP19,1554980342342,open,0.21,11.0,0.17616759,0.24183092,0.19737929,62.37,0.221,0.0,BTC-27SEP19-4750-C,5078.75,60.25,0.192,4.6,0.2035,3.0,64.79,12.87231,-2.37705,10.53386,0.00017,0.64519
5074.79,BTC-28JUN19,1554980342342,open,0.22,2.5,0.18325409,0.21637344,0.20694149,63.32,0.166,0.0,BTC-28JUN19-4250-C,5078.75,0.0,0.1,1.0,0.37,1.0,170.93,7.04465,-2.8638,6.14178,0.0002,0.77418
5078.75,index_price,1554980342342,open,0.0,70.8,0.0,0.0,0.0,110.0,0.0005,0,BTC-12APR19-3625-P,5078.75,0.0,0.0,0.0,0.0005,25.0,303.25,0.0,0.0,0.0,0.0,0.0
5084.15,BTC-27SEP19,1554980342344,open,0.18,35.5,0.15754188,0.375904,0.19232632,60.72,0.1675,0.0,BTC-27DEC19-5000-P,5078.75,58.76,0.186,14.3,0.2125,14.3,66.99,16.41579,-1.91764,-20.94876,0.00015,-0.38639
5078.75,index_price,1554980342344,open,0.15,0.0,0.18139306,0.18142004,0.18140906,110.0,None,0,BTC-12APR19-6000-P,5078.75,0.0,0.001,0.3,0.0,0.0,0.0,0.009,-0.56525,-0.14382,1e-05,-0.99892
5084.15,BTC-27SEP19,1554980342371,open,0.95,2.0,0.97342914,1.00508678,0.99299782,72.28,1.8325,0.0,BTC-27SEP19-10000-P,5078.75,0.0,0.002,0.3,0.0,0.0,0.0,7.28611,-1.55933,-43.84116,8e-05,-0.87076
5084.15,BTC-27SEP19,1554980342390,open,0.02,637.1,0.0034372,0.02745738,0.02246254,76.28,0.026,0.0,BTC-27SEP19-11000-C,5078.75,73.02,0.0185,12.0,0.0225,25.0,76.31,6.49075,-1.46589,2.0525,7e-05,0.10972
5078.75,index_price,1554980342395,open,0.3,0.0,0.32906824,0.33275969,0.33004298,91.78,None,0,BTC-19APR19-6750-P,5078.75,0.0,0.001,0.3,0.0,0.0,0.0,0.36947,-2.15278,-1.43502,7e-05,-0.97946
5078.75,index_price,1554980342395,open,0.23,0.0,0.2124146,0.21772726,0.21345401,83.32,None,0,BTC-19APR19-4000-C,5078.75,0.0,0.001,0.3,0.0,0.0,0.0,0.39314,-2.07962,0.83772,8e-05,0.97789
5074.79,BTC-28JUN19,1554980342397,open,0.04,42.7,0.02072717,0.05384651,0.04436836,63.28,0.042,0.0,BTC-28JUN19-4250-P,5078.75,60.84,0.041,26.9,0.0475,6.0,65.53,7.04337,-2.86177,-2.92465,0.0002,-0.22575
5084.15,BTC-27SEP19,1554980342450,open,0.02,153.8,0.00555235,0.09424045,0.02499339,72.24,0.0185,0.0,BTC-27DEC19-2500-P,5078.75,64.21,0.0165,16.0,0.03,16.5,76.47,5.81544,-0.80828,-3.47036,4e-05,-0.07088
5078.75,index_price,1554980342466,open,0.62,0.0,0.60620231,0.60620231,0.60620272,110.0,None,0,BTC-26APR19-2000-C,5078.75,0.0,0.0005,0.2,0.0,0.0,0.0,0.00038,-0.00141,0.81509,0.0,0.99999
5078.75,index_price,1554980342496,open,0.17,0.0,0.18364736,0.19775868,0.18978804,68.66,None,0,BTC-26APR19-6000-P,5078.75,0.0,0.001,0.3,0.0,0.0,0.0,2.15224,-4.96716,-2.1966,0.0003,-0.87144
5074.79,BTC-28JUN19,1554980342518,open,0.56,24.8,0.57906779,0.59544798,0.59060381,69.62,0.525,0.0,BTC-28JUN19-8000-P,5078.75,0.0,0.0005,0.4,0.0,0.0,0.0,4.25746,-1.90318,-16.08715,0.00011,-0.89517
5084.15,BTC-27SEP19,1554980342518,open,0.14,24.0,0.13638114,0.20448695,0.15723601,61.91,0.149,0.0,BTC-27SEP19-5000-P,5078.75,60.3,0.153,9.6,0.1615,3.0,63.53,13.3713,-2.45093,-13.1366,0.00018,-0.40122
5074.79,BTC-28JUN19,1554980342518,open,0.02,1028.4,0.00264787,0.01902807,0.01427087,69.73,0.02,0.0,BTC-28JUN19-8000-C,5078.75,66.92,0.012,46.6,0.017,18.4,72.84,4.26997,-1.91161,0.98517,0.00011,0.10526
5078.75,index_price,1554980342518,open,0.42,4.9,0.40930347,0.40934291,0.40980214,109.84,0.3695,0,BTC-26APR19-3000-C,5078.75,0.0,0.0005,0.2,0.0,0.0,0.0,0.18659,-0.6889,1.20822,2e-05,0.99352
5078.75,index_price,1554980342546,open,0.28,225.9,0.26166188,0.26390602,0.26339631,81.21,0.282,0,BTC-26APR19-3750-C,5078.75,0.0,0.0005,0.2,0.0,0.0,0.0,0.63277,-1.72728,1.46944,7e-05,0.97332
5078.75,index_price,1554980342563,open,0.13,60.2,0.12514986,0.17560777,0.14418466,63.42,0.1355,0,BTC-31MAY19-5500-P,5078.75,58.75,0.1375,11.6,0.149,9.6,66.76,7.3063,-4.64517,-5.08203,0.00033,-0.58811
5078.75,index_price,1554980342570,open,0.13,0.0,0.1567807,0.15687352,0.1568415,110.0,None,0,BTC-12APR19-5875-P,5078.75,0.0,0.001,0.3,0.0,0.0,0.0,0.02764,-1.73593,-0.1405,4e-05,-0.99628
5078.75,index_price,1554980342573,open,0.47,10.2,0.45852818,0.45853363,0.4586684,110.0,0.006,0,BTC-26APR19-2750-C,5078.75,0.0,0.0005,0.2,0.0,0.0,0.0,0.06587,-0.24356,1.11628,1e-05,0.99797
5084.15,BTC-27SEP19,1554980342586,open,0.09,87.3,0.06564249,0.24822999,0.10417701,65.05,0.0885,0.0,BTC-27DEC19-4000-P,5078.75,58.04,0.086,10.0,0.115,10.0,69.18,13.28839,-1.66312,-12.40158,0.00011,-0.23842
5074.7,BTC-28JUN19,1554980342600,open,0.03,236.5,0.01604863,0.04454932,0.03120393,64.11,0.0275,0.0,BTC-28JUN19-4000-P,5078.75,62.21,0.029,10.0,0.033,9.6,65.64,5.94594,-2.44758,-2.18541,0.00017,-0.17064
5078.75,index_price,1554980342606,open,0.06,11.1,0.0829475,0.08502422,0.08360273,90.42,0.105,0,BTC-12APR19-5500-P,5078.75,63.87,0.083,4.0,0.088,4.0,146.86,0.20462,-10.56359,-0.12743,0.00037,-0.96222
5074.7,BTC-28JUN19,1554980342617,open,0.19,209.7,0.15476896,0.19399664,0.17467056,62.88,0.211,0.0,BTC-28JUN19-4500-C,5078.75,61.18,0.172,6.0,0.179,10.1,65.62,7.99859,-3.22925,5.81705,0.00023,0.71193
5074.7,BTC-28JUN19,1554980342617,open,0.01,58.1,0.00094842,0.00986228,0.00952363,69.39,0.0115,0.0,BTC-28JUN19-3250-P,5078.75,65.53,0.0075,30.0,0.0115,12.0,72.8,2.81094,-1.25239,-0.7583,7e-05,-0.06051
5084.15,BTC-27SEP19,1554980342617,open,0.42,10.2,0.42203026,0.48455398,0.44471003,64.0,0.8,0.0,BTC-27SEP19-7000-P,5078.75,59.84,0.435,0.2,0.0,0.0,0.0,12.07123,-2.28744,-26.86538,0.00016,-0.69738
5078.75,index_price,1554980342649,open,0.23,0.0,0.2552525,0.26302367,0.25641282,78.5,None,0,BTC-19APR19-6375-P,5078.75,0.0,0.001,0.3,0.0,0.0,0.0,0.47694,-2.37701,-1.34634,0.00011,-0.97217
5078.75,index_price,1554980342649,open,0.0,48.2,0.0,0.0,0.0,110.0,0.0005,0,BTC-12APR19-3250-P,5078.75,0.0,0.0,0.0,0.0005,25.0,389.99,0.0,0.0,0.0,0.0,0.0
5084.15,BTC-27SEP19,1554980342649,open,0.54,0.0,0.51382807,0.60251617,0.53328361,72.25,None,0.0,BTC-27DEC19-2500-C,5078.75,0.0,0.0,0.0,0.0,0.0,0.0,5.81673,-0.80861,14.32808,4e-05,0.9291
5084.15,BTC-27SEP19,1554980342663,open,0.06,53.9,0.02242485,0.22517686,0.06628439,69.42,0.0715,0.0,BTC-27DEC19-9000-C,5078.75,66.64,0.059,0.5,0.071,20.0,71.17,13.56299,-1.8116,6.56372,0.00011,0.24761
5074.7,BTC-28JUN19,1554980342671,open,0.15,38.8,0.1345047,0.17980345,0.1655821,62.23,0.1455,0.0,BTC-28JUN19-5500-P,5078.75,59.45,0.1605,5.0,0.1685,7.2,63.83,9.26498,-3.70203,-7.7931,0.00027,-0.55418
5074.7,BTC-28JUN19,1554980342678,open,0.01,335.4,3.558e-05,0.00223991,0.00560936,85.97,0.005,0.0,BTC-28JUN19-11000-C,5078.75,82.99,0.0045,30.0,0.007,12.0,89.22,2.0235,-1.11688,0.37329,4e-05,0.04009
5078.75,index_price,1554980342693,open,0.13,4.0,0.15748228,0.17628597,0.16030561,68.3,0.103,0,BTC-19APR19-5875-P,5078.75,0.0,0.001,0.3,0.27,4.0,288.92,1.11475,-4.83385,-1.18327,0.00029,-0.91946
5084.15,BTC-27SEP19,1554980342693,open,0.04,89.8,0.01613587,0.13942352,0.04131907,67.8,0.0305,0.0,BTC-27DEC19-3000-P,5078.75,61.5,0.0315,16.0,0.048,16.5,71.83,8.24928,-1.07607,-5.6041,7e-05,-0.1135
5078.75,index_price,1554980342695,open,0.0,144.9,0.0,6.559e-05,4.229e-05,110.0,0.0005,0,BTC-12APR19-4375-P,5078.75,0.0,0.0,0.0,0.0005,15.0,148.51,0.01995,-0.21478,-0.00032,3e-05,-0.00259
5084.15,BTC-27SEP19,1554980342705,open,0.4,0.0,0.37644689,0.40993755,0.39077986,66.32,None,0.0,BTC-27SEP19-3250-C,5078.75,0.0,0.0005,0.3,0.0,0.0,0.0,6.57453,-1.29088,11.70319,8e-05,0.8883
5074.7,BTC-28JUN19,1554980342713,open,0.43,43.8,0.40952562,0.41625349,0.41572947,73.79,0.433,0.0,BTC-28JUN19-3000-C,5078.75,0.0,0.0005,0.3,0.0,0.0,0.0,2.15752,-1.02217,5.85627,5e-05,0.95661
5074.7,BTC-28JUN19,1554980342715,open,0.01,900.7,0.00069357,0.00742144,0.00686597,73.72,0.004,0.0,BTC-28JUN19-3000-P,5078.75,70.31,0.0055,22.0,0.008,12.0,76.29,2.15243,-1.01874,-0.54276,5e-05,-0.04326
5084.15,BTC-27SEP19,1554980342726,open,1.72,0.0,1.75552094,1.88267056,1.78279241,78.61,None,0.0,BTC-27DEC19-14000-P,5078.75,0.0,0.0,0.0,0.0,0.0,0.0,8.37702,-1.26704,-96.53494,6e-05,-0.88403
5078.75,index_price,1554980342728,open,0.0,138.8,0.0,0.0,0.0,110.0,0.0005,0,BTC-12APR19-3375-P,5078.75,0.0,0.0,0.0,0.0005,25.0,360.16,0.0,0.0,0.0,0.0,0.0
5078.75,index_price,1554980342728,open,0.18,175.2,0.16317992,0.16319087,0.16318604,110.0,0.2175,0,BTC-12APR19-4250-C,5078.75,0.0,0.1,0.4,0.269,0.1,500.0,0.00384,-0.24097,0.10191,1e-05,0.99957
5078.75,index_price,1554980342737,open,0.29,0.0,0.2649674,0.28546439,0.27285247,66.89,None,0,BTC-31MAY19-3750-C,5078.75,0.0,0.0005,0.2,0.0,0.0,0.0,3.00968,-2.01814,4.43246,0.00013,0.91154
5078.75,index_price,1554980342763,open,0.11,6.0,0.13363145,0.15631862,0.13716529,66.38,0.158,0,BTC-19APR19-5750-P,5078.75,59.82,0.1355,0.4,0.139,0.4,72.56,1.40666,-5.9282,-1.12516,0.00038,-0.88958
5084.15,BTC-27SEP19,1554980342765,open,0.13,21.7,0.08182704,0.31381331,0.12710131,63.98,0.1425,0.0,BTC-27DEC19-6500-C,5078.75,60.92,0.117,10.0,0.1385,15.0,67.41,16.82366,-2.07091,10.83974,0.00014,0.42655
5074.7,BTC-28JUN19,1554980342773,open,0.07,31.1,0.05213836,0.09489841,0.08109757,61.98,0.076,0.0,BTC-28JUN19-4750-P,5078.75,59.89,0.0775,17.7,0.0835,9.6,63.38,8.71934,-3.46986,-4.71268,0.00026,-0.35416
5078.75,index_price,1554980342773,open,0.2,0.0,0.20144667,0.24537308,0.21887723,64.94,None,0,BTC-31MAY19-6000-P,5078.75,0.0,0.0005,0.3,0.0,0.0,0.0,6.35084,-4.13461,-6.49584,0.00028,-0.71714
5084.15,BTC-27SEP19,1554980342787,open,0.63,0.0,0.60785015,0.66329379,0.6209265,78.4,None,0.0,BTC-27DEC19-2000-C,5078.75,0.0,0.0,0.0,0.0,0.0,0.0,3.75923,-0.56705,12.24381,3e-05,0.95917
5078.75,index_price,1554980342787,open,0.33,6.0,0.31085405,0.31085405,0.31085405,110.02,0.287,0,BTC-12APR19-3500-C,5078.75,0.0,0.011,5.0,0.4055,0.1,500.0,0.0,0.0,0.08397,0.0,1.0
5078.75,index_price,1554980342787,open,0.38,24.7,0.36007884,0.36027813,0.36085185,100.21,0.37,0,BTC-26APR19-3250-C,5078.75,0.0,0.0005,0.2,0.0,0.0,0.0,0.28532,-0.96108,1.3012,3e-05,0.98949
5074.7,BTC-28JUN19,1554980342792,open,0.38,0.1,0.36051647,0.36943033,0.36912575,69.46,0.395,0.0,BTC-28JUN19-3250-C,5078.75,0.0,0.0005,0.4,0.0,0.0,0.0,2.81569,-1.25562,6.17405,7e-05,0.93936
5084.15,BTC-27SEP19,1554980342792,open,0.0,42.1,0.00012463,0.02799024,0.00523558,80.96,0.006,0.0,BTC-27DEC19-1500-P,5078.75,69.02,0.002,10.0,0.0085,10.0,89.06,1.77654,-0.27671,-0.79214,1e-05,-0.01665
5078.75,index_price,1554980342803,open,0.0,376.6,0.0,0.0,0.0,110.0,0.0005,0,BTC-12APR19-3750-P,5078.75,0.0,0.0,0.0,0.0005,25.0,275.99,0.0,0.0,0.0,0.0,0.0
5078.75,index_price,1554980342803,open,0.2,0.0,0.23061777,0.2306195,0.23061859,110.0,None,0,BTC-12APR19-6250-P,5078.75,0.0,0.001,0.3,0.0,0.0,0.0,0.00066,-0.04154,-0.14994,0.0,-0.99993
5078.75,index_price,1554980342815,open,0.25,0.0,0.27984248,0.27984256,0.27984251,110.0,None,0,BTC-12APR19-6500-P,5078.75,0.0,0.001,0.3,0.0,0.0,0.0,3e-05,-0.00197,-0.15595,0.0,-1.0
5078.75,index_price,1554980342815,open,0.08,2.0,0.10755608,0.10837352,0.10800561,104.04,0.092,0,BTC-12APR19-5625-P,5078.75,0.0,0.0315,0.1,0.0,0.0,0.0,0.14,-8.31637,-0.1321,0.00022,-0.9761
5084.15,BTC-27SEP19,1554980342820,open,0.46,0.0,0.42606673,0.54935439,0.45126851,67.81,None,0.0,BTC-27DEC19-3000-C,5078.75,0.0,0.0,0.0,0.0,0.0,0.0,8.25035,-1.07639,15.75412,7e-05,0.88648
5078.75,index_price,1554980342820,open,0.0,82.9,0.0,1e-08,0.0,110.0,0.001,0,BTC-12APR19-3875-P,5078.75,0.0,0.0,0.0,0.0005,25.0,249.43,0.0,-1e-05,0.0,0.0,0.0
5084.15,BTC-27SEP19,1554980342820,open,0.31,10.0,0.28580374,0.51744993,0.33252109,63.97,0.288,0.0,BTC-27DEC19-6000-P,5078.75,58.16,0.313,5.0,0.3405,5.0,66.34,17.10282,-2.10492,-30.67002,0.00015,-0.51475
5084.15,BTC-27SEP19,1554980342838,open,0.59,2.5,0.59733337,0.64920754,0.6201284,66.64,1.278,0.0,BTC-27SEP19-8000-P,5078.75,0.0,0.004,0.3,0.0,0.0,0.0,10.23054,-2.01866,-32.94323,0.00013,-0.78034
5084.15,BTC-27SEP19,1554980342838,open,0.26,0.0,0.231182,0.28916932,0.24955554,62.37,None,0.0,BTC-27SEP19-4250-C,5078.75,0.0,0.0005,0.3,0.258,2.0,66.16,11.28065,-2.08317,11.46932,0.00015,0.73713
5074.7,BTC-28JUN19,1554980342838,open,0.93,43.0,0.97071344,0.97512333,0.97835396,82.26,0.89,0.0,BTC-28JUN19-10000-P,5078.75,0.0,0.0005,0.5,0.0,0.0,0.0,2.61984,-1.38365,-20.82114,6e-05,-0.94467
5078.75,index_price,1554980342841,open,0.0,59.4,0.0,7.14e-06,3.8e-06,110.0,0.001,0,BTC-12APR19-6125-C,5078.75,0.0,0.0,0.0,0.0005,25.0,176.03,0.00259,-0.01928,3e-05,0.0,0.00028
5078.75,index_price,1554980342841,open,0.16,44.3,0.16157264,0.20932382,0.1791074,63.42,0.1515,0,BTC-31MAY19-5750-P,5078.75,0.0,0.0005,0.3,0.33,12.0,167.3,6.87945,-4.37378,-5.82288,0.00031,-0.65994
5084.15,BTC-27SEP19,1554980342859,open,0.01,34.4,0.00122957,0.05667322,0.01429355,78.38,0.013,0.0,BTC-27DEC19-2000-P,5078.75,68.68,0.008,23.0,0.0195,10.0,84.93,3.75772,-0.5667,-1.99478,3e-05,-0.04081
5084.15,BTC-27SEP19,1554980342861,open,0.36,261.1,0.33592661,0.37626835,0.3524727,65.48,0.38,0.0,BTC-27SEP19-3500-C,5078.75,0.0,0.161,1.0,0.394,2.5,90.12,7.85806,-1.52337,11.83639,0.0001,0.85566
5084.15,BTC-27SEP19,1554980342861,open,0.03,750.3,0.00653202,0.03818966,0.02616278,72.33,0.0285,0.0,BTC-27SEP19-10000-C,5078.75,70.42,0.0235,10.0,0.0295,25.0,74.59,7.2941,-1.56198,2.42951,8e-05,0.12945
5074.7,BTC-28JUN19,1554980342867,open,0.06,2333.1,0.03424264,0.07587009,0.05462423,62.65,0.053,0.0,BTC-28JUN19-6000-C,5078.77,62.87,0.055,10.0,0.0585,11.4,64.95,8.51052,-3.4233,3.00441,0.00025,0.33211
5084.15,BTC-27SEP19,1554980342867,open,0.53,57.5,0.51085695,0.52504943,0.51839753,70.54,0.389,0.0,BTC-27SEP19-2500-C,5078.77,0.0,0.001,0.4,0.0,0.0,0.0,3.14693,-0.65725,10.3224,4e-05,0.95722
5074.7,BTC-28JUN19,1554980342868,open,1.12,5.7,1.1676514,1.16985572,1.17310986,85.68,1.142,0.0,BTC-28JUN19-11000-P,5078.77,0.0,0.0005,0.4,0.0,0.0,0.0,1.9978,-1.09896,-23.10162,4e-05,-0.96054
5074.7,BTC-28JUN19,1554980342868,open,0.38,19.5,0.38945218,0.41780917,0.40631397,66.24,0.7515,0.0,BTC-28JUN19-7000-P,5078.77,0.0,0.0005,0.4,0.0,0.0,0.0,6.24659,-2.65648,-13.22884,0.00017,-0.81549
5074.7,BTC-28JUN19,1554980342868,open,1.31,10.0,1.36468,1.36577865,1.36964145,91.65,1.243,0.0,BTC-28JUN19-12000-P,5078.77,0.0,0.0005,0.4,0.0,0.0,0.0,1.78073,-1.04788,-25.28558,4e-05,-0.96572
5078.77,index_price,1554980342867,open,0.0,32.7,0.0,1e-08,0.0,110.0,0.0005,0,BTC-12APR19-6625-C,5078.77,0.0,0.0,0.0,0.0005,25.0,237.01,1e-05,-2e-05,0.0,0.0,0.0
5074.7,BTC-28JUN19,1554980342868,open,1.51,0.8,1.56172968,1.56227968,1.5652888,93.62,2.171,0.0,BTC-28JUN19-13000-P,5078.77,0.0,0.07,1.0,0.0,0.0,0.0,1.37254,-0.82504,-27.50382,3e-05,-0.97494
5074.7,BTC-28JUN19,1554980342868,open,0.01,882.8,0.0001536,0.0045635,0.00789896,82.46,0.0075,0.0,BTC-28JUN19-10000-C,5078.77,81.68,0.0075,3.0,0.0085,12.0,83.59,2.64014,-1.3978,0.51942,6e-05,0.05587
5084.15,BTC-27SEP19,1554980342868,open,0.76,0.0,0.78267788,0.82376117,0.80225519,68.3,None,0.0,BTC-27SEP19-9000-P,5078.77,0.0,0.002,0.3,0.0,0.0,0.0,8.39244,-1.69703,-38.6457,0.0001,-0.84064
5074.7,BTC-28JUN19,1554980342868,open,2.85,0.4,2.94111967,2.94112549,2.9419535,107.55,5.076,0.0,BTC-28JUN19-20000-P,5078.77,0.0,0.0,0.0,0.0,0.0,0.0,0.39843,-0.27513,-42.6157,1e-05,-0.994
5078.77,index_price,1554980342867,open,0.41,0.0,0.429786,0.45144873,0.43938042,69.97,None,0,BTC-31MAY19-7250-P,5078.77,0.0,0.0005,0.3,0.0,0.0,0.0,3.44261,-2.41473,-9.25197,0.00014,-0.89377
5074.7,BTC-28JUN19,1554980342869,open,0.01,568.6,0.00065041,0.00932773,0.00970738,75.61,0.0095,0.0,BTC-28JUN19-9000-C,5078.77,73.62,0.0085,30.0,0.011,6.2,77.59,3.1933,-1.55019,0.66725,8e-05,0.07133
5084.15,BTC-27SEP19,1554980342869,open,0.27,2.2,0.26456757,0.33427638,0.28721405,62.55,0.8415,0.0,BTC-27SEP19-6000-P,5078.77,60.41,0.2815,0.2,0.293,3.0,64.72,13.58309,-2.51567,-20.16567,0.00018,-0.57006
5084.15,BTC-27SEP19,1554980342867,open,0.24,17.1,0.21776647,0.44518861,0.26246032,63.32,0.2345,0.0,BTC-27DEC19-5500-P,5078.77,57.95,0.2445,5.0,0.27,5.0,65.58,16.99177,-2.07001,-25.87139,0.00015,-0.45225
5078.77,index_price,1554980342868,open,0.0,97.0,0.0,1.2e-07,5e-08,110.0,0.0005,0,BTC-12APR19-4000-P,5078.77,0.0,0.0,0.0,0.0005,25.0,223.48,5e-05,-0.00024,0.0,0.0,0.0
5074.72,BTC-28JUN19,1554980342869,open,0.02,61.5,0.00577019,0.02592798,0.02159316,65.58,0.0225,0.0,BTC-28JUN19-3750-P,5078.77,63.34,0.0195,10.0,0.023,12.0,67.04,4.82658,-2.03228,-1.58772,0.00013,-0.12505
5084.15,BTC-27SEP19,1554980342868,open,0.72,0.0,0.70509007,0.73295567,0.7102103,80.98,None,0.0,BTC-27DEC19-1500-C,5078.77,0.0,0.0,0.0,0.0,0.0,0.0,1.77833,-0.27708,9.88663,1e-05,0.98333
5078.77,index_price,1554980342867,open,0.27,0.0,0.30445274,0.30921074,0.30544899,87.03,None,0,BTC-19APR19-6625-P,5078.77,0.0,0.001,0.3,0.0,0.0,0.0,0.39084,-2.1596,-1.40653,8e-05,-0.97805
5084.15,BTC-27SEP19,1554980342867,open,0.62,0.0,0.61115653,0.8292997,0.65586718,66.78,None,0.0,BTC-27DEC19-8000-P,5078.77,0.0,0.0,0.0,0.0,0.0,0.0,14.92901,-1.91817,-49.05933,0.00012,-0.69942
5074.72,BTC-28JUN19,1554980342870,open,1.7,1.3,1.75877334,1.75905097,1.76197986,98.06,2.415,0.0,BTC-28JUN19-14000-P,5078.77,0.0,0.0,0.0,0.0,0.0,0.0,1.23046,-0.77466,-29.66661,2e-05,-0.978
5078.77,index_price,1554980342868,open,0.36,0.0,0.38190885,0.40757244,0.39287619,68.71,None,0,BTC-31MAY19-7000-P,5078.77,0.0,0.0005,0.3,0.0,0.0,0.0,3.92739,-2.70509,-8.77869,0.00016,-0.87208
5078.77,index_price,1554980342868,open,0.25,0.0,0.27984586,0.2859451,0.28102132,83.99,None,0,BTC-19APR19-6500-P,5078.77,0.0,0.001,0.3,0.0,0.0,0.0,0.45497,-2.42604,-1.37499,0.0001,-0.9737
5078.77,index_price,1554980342867,open,0.0,23.8,0.0,3.8e-07,1.6e-07,110.0,0.0005,0,BTC-12APR19-6375-C,5078.77,0.0,0.0,0.0,0.0005,25.0,207.46,0.00015,-0.00081,0.0,0.0,1e-05
5078.77,index_price,1554980342867,open,0.09,137.0,0.09579484,0.12019691,0.10418402,62.84,0.0765,0,BTC-26APR19-5500-P,5078.77,59.63,0.102,4.0,0.109,4.0,69.72,3.4876,-7.36636,-1.69321,0.00053,-0.71385
5084.15,BTC-27SEP19,1554980342869,open,0.04,13.6,0.00808769,0.1776398,0.04230988,72.16,0.046,0.0,BTC-27DEC19-11000-C,5078.77,65.08,0.0285,10.0,0.0515,10.0,76.33,10.76364,-1.49438,4.54096,8e-05,0.16776
5078.77,index_price,1554980342867,open,0.0,295.4,0.0,0.0,4.1e-07,110.0,0.0005,0,BTC-26APR19-2000-P,5078.77,0.0,0.0,0.0,0.0005,86.3,186.34,0.00038,-0.00141,-2e-05,0.0,-1e-05
5084.15,BTC-27SEP19,1554980342867,open,0.05,74.5,0.01342114,0.19945445,0.0530847,71.11,0.0595,0.0,BTC-27DEC19-10000-C,5078.77,66.04,0.0415,20.5,0.0575,10.0,72.93,12.15374,-1.6628,5.46316,9e-05,0.20401
5078.77,index_price,1554980342867,open,0.0,2172.6,2.28e-06,0.00075642,0.00103416,88.95,0.0015,0,BTC-26APR19-3500-P,5078.77,80.38,0.0005,21.1,0.0015,10.0,94.25,0.39416,-1.17841,-0.03374,4e-05,-0.01526
5078.77,index_price,1554980342868,open,0.0,0.0,9.97e-06,0.00532235,0.00104935,83.32,None,0,BTC-19APR19-4000-P,5078.77,74.52,0.0005,1.0,0.0015,18.5,88.52,0.39313,-2.07959,-0.02537,8e-05,-0.02211
5084.15,BTC-27SEP19,1554980342868,open,1.16,0.0,1.17167452,1.34122663,1.20582863,72.13,None,0.0,BTC-27DEC19-11000-P,5078.77,0.0,0.0,0.0,0.0,0.0,0.0,10.75637,-1.49271,-73.78164,8e-05,-0.83242
5084.15,BTC-27SEP19,1554980342867,open,0.79,0.0,0.79263226,0.99538427,0.83643609,69.4,None,0.0,BTC-27DEC19-9000-P,5078.77,0.0,0.0,0.0,0.0,0.0,0.0,13.55945,-1.81058,-57.51757,0.00011,-0.75251
5078.77,index_price,1554980342869,open,0.3,0.0,0.32914516,0.33305785,0.33279796,83.87,None,0,BTC-26APR19-6750-P,5078.77,0.0,0.0005,0.2,0.0,0.0,0.0,1.1455,-3.22915,-2.64425,0.00013,-0.9447
5078.77,index_price,1554980342868,open,0.35,0.0,0.37831021,0.3806879,0.38098671,86.76,None,0,BTC-26APR19-7000-P,5078.77,0.0,0.0005,0.3,0.0,0.0,0.0,0.8935,-2.60553,-2.77452,0.0001,-0.95944
5074.72,BTC-28JUN19,1554980342872,open,0.13,756.1,0.09880524,0.14399111,0.12053973,62.0,0.151,0.0,BTC-28JUN19-5000-C,5078.77,60.6,0.118,5.1,0.1235,7.2,63.64,9.1753,-3.65257,4.94549,0.00027,0.5773
5078.77,index_price,1554980342869,open,0.18,0.0,0.20600067,0.20600781,0.20600921,116.53,None,0,BTC-12APR19-6125-P,5078.77,0.0,0.001,0.3,0.0,0.0,0.0,0.005,-0.33236,-0.14688,1e-05,-0.99943
5078.77,index_price,1554980342867,open,0.19,1624.0,0.16462097,0.17530916,0.16934666,69.33,0.205,0,BTC-26APR19-4250-C,5078.77,0.0,0.1405,1.0,0.205,5.0,140.91,1.66037,-3.86914,1.53375,0.00023,0.91034
5074.72,BTC-28JUN19,1554980342873,open,0.03,1412.9,0.01006065,0.03841802,0.02699547,66.3,0.0325,0.0,BTC-28JUN19-7000-C,5078.77,65.07,0.0255,10.0,0.029,9.6,67.9,6.25271,-2.66145,1.70858,0.00017,0.1848
5084.15,BTC-27SEP19,1554980342868,open,0.19,21.6,0.13597305,0.3633952,0.18070095,63.33,0.2065,0.0,BTC-27DEC19-5500-C,5078.77,59.83,0.169,10.0,0.1925,15.0,66.86,16.99164,-2.07032,13.28769,0.00015,0.54778
5078.77,index_price,1554980342869,open,0.07,30.9,0.08834051,0.11920634,0.09299221,62.23,0.066,0,BTC-19APR19-5500-P,5078.77,0.0,0.0005,20.0,0.11,0.8,97.74,2.11601,-8.35955,-0.97376,0.00061,-0.79559
5078.77,index_price,1554980342868,open,0.26,21.6,0.23701999,0.23701999,0.23701698,0.0,0.2515,0,BTC-12APR19-3875-C,5078.77,0.0,0.003,0.2,0.0,0.0,0.0,0.0,0.0,0.09297,0.0,1.0
5078.77,index_price,1554980342869,open,0.28,6.0,0.26163225,0.26163225,0.26162934,0.0,0.1135,0,BTC-12APR19-3750-C,5078.77,0.0,0.001,0.3,0.4,0.1,500.0,0.0,0.0,0.08997,0.0,1.0
5078.77,index_price,1554980342872,open,0.38,0.1,0.36008128,0.36008128,0.36007876,0.0,0.367,0,BTC-12APR19-3250-C,5078.77,0.0,0.0015,0.4,0.0,0.0,0.0,0.0,0.0,0.07797,0.0,1.0
5084.15,BTC-27SEP19,1554980342871,open,0.27,9.9,0.22136003,0.42496023,0.26532024,64.77,0.283,0.0,BTC-27DEC19-4500-C,5078.77,49.88,0.221,8.0,0.3105,1.0,80.02,15.12928,-1.88523,15.3821,0.00013,0.69026
5078.77,index_price,1554980342874,open,0.0,233.8,0.0,4.8e-07,2.96e-05,110.0,0.0005,0,BTC-26APR19-2500-P,5078.77,0.0,0.0,0.0,0.001,25.0,157.65,0.0175,-0.06471,-0.00105,0.0,-0.00048
5078.77,index_price,1554980342869,open,0.21,0.2,0.18784066,0.19578263,0.1890797,76.66,0.206,0,BTC-19APR19-4125-C,5078.77,0.0,0.0005,0.3,0.0,0.0,0.0,0.48638,-2.36726,0.85743,0.00011,0.9715
174.4,ETH-27SEP19,1554980342880,open,1.67,0.0,1.753709,1.828205,1.773752,91.26,None,0.0,ETH-27SEP19-480-P,165.41,0.0,0.0,0.0,0.0,0.0,0.0,0.19786,-0.05346,-2.16285,0.00154,-0.90669
170.63,ETH-28JUN19,1554980342880,open,0.4,1650.0,0.423741,0.503804,0.444562,77.31,0.342,0.0,ETH-28JUN19-240-P,165.41,64.9,0.429,47.0,0.455,47.0,84.68,0.23254,-0.11542,-0.4463,0.00484,-0.78136
170.63,ETH-28JUN19,1554980342881,open,0.01,0.0,0.000432,0.02726,0.0104,93.32,None,0.0,ETH-28JUN19-360-C,165.41,92.62,0.01,150.0,0.011,124.0,94.33,0.09956,-0.05965,0.01976,0.00172,0.06468
174.36,ETH-27SEP19,1554980342881,open,1.24,0.0,1.298808,1.400086,1.324241,85.96,None,0.0,ETH-27SEP19-400-P,165.41,0.0,0.0,0.0,0.0,0.0,0.0,0.25052,-0.06376,-1.77036,0.00207,-0.87028
174.36,ETH-27SEP19,1554980342881,open,0.03,0.0,0.002562,0.089364,0.025428,88.94,None,0.0,ETH-27SEP19-440-C,165.41,88.6,0.025,5.0,0.026,124.0,89.38,0.22271,-0.05865,0.06806,0.00178,0.10979
174.36,ETH-27SEP19,1554980342882,open,0.27,1.0,0.256672,0.431303,0.299154,75.7,0.278,0.0,ETH-27SEP19-200-P,165.41,73.06,0.292,90.0,0.306,67.0,78.22,0.47313,-0.10604,-0.64758,0.00444,-0.50358
170.63,ETH-28JUN19,1554980342882,open,0.22,484.0,0.174908,0.262859,0.197169,74.23,0.229,0.0,ETH-28JUN19-150-C,165.41,70.96,0.192,90.0,0.204,90.0,78.52,0.2707,-0.12901,0.18593,0.00587,0.7079
170.63,ETH-28JUN19,1554980342882,open,0.26,760.0,0.270901,0.366112,0.294533,74.66,0.221,0.0,ETH-28JUN19-210-P,165.41,70.73,0.288,90.0,0.302,90.0,79.06,0.28671,-0.13743,-0.34978,0.00618,-0.66627
170.59,ETH-28JUN19,1554980342882,open,0.22,1153.0,0.224931,0.323567,0.248469,73.65,0.18,0.0,ETH-28JUN19-200-P,165.41,69.96,0.242,90.0,0.255,80.0,77.34,0.30075,-0.14222,-0.31498,0.00658,-0.61693
165.41,index_price,1554980342882,open,0.0,1049.0,0.0,2.8e-05,1.1e-05,120.14,0.002,0,ETH-12APR19-200-C,165.41,0.0,0.0,0.0,0.001,124.0,197.63,0.00019,-0.00179,0.0,0.00025,0.00069
165.41,index_price,1554980342880,open,0.0,119.0,2e-06,0.003107,0.001175,109.5,0.002,0,ETH-19APR19-120-P,165.41,0.0,0.0,0.0,0.001,124.0,106.79,0.01124,-0.07816,-0.00072,0.00174,-0.01896
174.36,ETH-27SEP19,1554980342885,open,0.82,0.0,0.851695,0.987944,0.884663,80.8,None,0.0,ETH-27SEP19-320-P,165.41,0.0,0.003,2.0,0.904,1.0,90.27,0.33529,-0.08022,-1.35639,0.00295,-0.79671
5078.77,index_price,1554980342944,open,0.05,7.1,0.0434856,0.09113544,0.06174358,63.55,0.056,0,BTC-31MAY19-4750-P,5078.77,60.06,0.057,15.6,0.0635,5.8,64.84,6.90743,-4.40089,-2.81388,0.00031,-0.34372
5078.77,index_price,1554980342963,open,0.13,60.2,0.12514687,0.17560496,0.14418466,63.42,0.1355,0,BTC-31MAY19-5500-P,5078.77,58.76,0.1375,11.6,0.1485,9.6,66.41,7.30638,-4.64536,-5.08196,0.00033,-0.58809
5078.77,index_price,1554980342968,open,0.09,22.8,0.05921287,0.11078439,0.07819162,62.89,0.079,0,BTC-31MAY19-5250-C,5078.77,60.39,0.0745,8.0,0.081,5.7,64.8,7.48713,-4.72047,2.85426,0.00034,0.48947
5078.77,index_price,1554980343030,open,0.02,138.0,0.03472449,0.04355183,0.03650625,67.55,0.036,0,BTC-12APR19-5250-P,5078.77,67.5,0.0365,4.0,0.0375,6.3,75.4,0.61062,-23.55283,-0.10654,0.00146,-0.83783
5078.77,index_price,1554980343032,open,0.06,11.1,0.08294324,0.08502027,0.08360273,90.52,0.105,0,BTC-12APR19-5500-P,5078.77,0.0,0.0825,4.0,0.088,4.0,146.89,0.2054,-10.61586,-0.12741,0.00037,-0.96205
5074.72,BTC-28JUN19,1554980343046,open,0.15,38.8,0.13450176,0.17980063,0.1655821,62.24,0.1455,0.0,BTC-28JUN19-5500-P,5078.77,59.45,0.1605,5.0,0.168,7.2,63.56,9.26505,-3.70215,-7.79303,0.00027,-0.55417
5078.77,index_price,1554980343077,open,0.09,137.0,0.09579484,0.12019691,0.10418402,62.84,0.0765,0,BTC-26APR19-5500-P,5078.77,59.63,0.102,4.0,0.1085,4.0,69.02,3.4876,-7.36636,-1.69321,0.00053,-0.71385
5074.72,BTC-28JUN19,1554980343078,open,0.01,440.3,0.00434694,0.0206418,0.01461317,67.44,0.013,0.0,BTC-28JUN19-3500-P,5078.77,64.5,0.0125,30.1,0.017,8.0,70.55,3.76752,-1.63125,-1.11929,0.0001,-0.08876
5074.72,BTC-28JUN19,1554980343085,open,0.01,440.3,0.00434694,0.0206418,0.01461317,67.44,0.013,0.0,BTC-28JUN19-3500-P,5078.77,64.5,0.0125,30.1,0.017,8.1,70.55,3.76752,-1.63125,-1.11929,0.0001,-0.08876
5078.77,index_price,1554980343079,open,0.03,149.7,0.03266258,0.06036915,0.04196987,61.78,0.045,0,BTC-26APR19-5000-P,5078.77,59.29,0.04,5.4,0.045,17.7,65.61,4.01894,-8.34541,-0.96773,0.00062,-0.42556
5078.77,index_price,1554980343094,open,0.04,143.4,0.0193592,0.03090212,0.02165497,63.89,0.02,0,BTC-12APR19-5000-C,5078.77,57.03,0.0205,12.0,0.0215,0.4,62.98,0.86909,-31.70172,0.08226,0.0022,0.69679
5074.72,BTC-28JUN19,1554980343107,open,0.09,207.6,0.05069812,0.09599699,0.08183185,62.26,0.0855,0.0,BTC-28JUN19-5500-C,5078.77,61.81,0.081,5.0,0.085,6.5,64.0,9.2653,-3.70399,3.94194,0.00027,0.44591
5078.77,index_price,1554980343109,open,0.03,869.2,0.01285547,0.03725754,0.02124038,62.83,0.019,0,BTC-26APR19-5500-C,5078.77,59.54,0.019,16.0,0.022,0.4,63.94,3.48747,-7.36535,0.54829,0.00053,0.28613
5074.72,BTC-28JUN19,1554980343137,open,0.02,1028.4,0.00264747,0.01902658,0.01427087,69.73,0.02,0.0,BTC-28JUN19-8000-C,5078.77,66.92,0.012,46.6,0.017,18.3,72.84,4.26986,-1.91161,0.98513,0.00011,0.10526
5074.72,BTC-28JUN19,1554980343138,open,0.01,568.6,0.00065044,0.00932797,0.00970738,75.61,0.0095,0.0,BTC-28JUN19-9000-C,5078.77,73.62,0.0085,30.0,0.011,6.1,77.59,3.19332,-1.5502,0.66726,8e-05,0.07133
5074.72,BTC-28JUN19,1554980343201,open,0.06,2333.1,0.03424357,0.07587128,0.05462423,62.65,0.053,0.0,BTC-28JUN19-6000-C,5078.77,62.87,0.055,10.0,0.0585,11.2,64.95,8.51058,-3.42329,3.00445,0.00025,0.33211
165.41,index_price,1554980343407,open,0.0,1754.0,0.001863,0.01196,0.005699,90.38,0.004,0,ETH-12APR19-160-P,165.41,85.48,0.005,122.0,0.006,200.0,92.45,0.02397,-0.94269,-0.00089,0.0404,-0.21968
165.41,index_price,1554980343415,open,0.02,600.0,0.008271,0.042946,0.015653,77.26,0.022,0,ETH-19APR19-180-C,165.41,75.84,0.015,133.0,0.02,98.0,86.39,0.0765,-0.37522,0.00821,0.01677,0.2457
165.41,index_price,1554980343433,open,0.08,629.0,0.096476,0.131151,0.103595,76.69,0.094,0,ETH-19APR19-180-P,165.41,56.05,0.095,119.0,0.101,124.0,70.93,0.07618,-0.37092,-0.03069,0.01683,-0.75617
165.41,index_price,1554980343441,open,0.01,1743.0,0.030573,0.041968,0.034738,88.18,0.032,0,ETH-12APR19-170-P,165.41,77.15,0.033,79.0,0.035,50.0,89.8,0.0268,-1.3494,-0.00303,0.0463,-0.72977
165.41,index_price,1554980343457,open,0.12,1122.0,0.093166,0.094799,0.094452,123.56,0.108,0,ETH-12APR19-150-C,165.41,113.51,0.094,124.0,0.097,86.0,160.55,0.00834,-0.58834,0.0034,0.01028,0.95013
165.41,index_price,1554980343464,open,0.24,94.0,0.214148,0.222409,0.215712,90.58,0.265,0,ETH-19APR19-130-C,165.41,113.68,0.219,124.0,0.223,117.0,132.5,0.01665,-0.09577,0.02691,0.00311,0.96974
165.41,index_price,1554980343472,open,0.05,89.0,0.023466,0.064035,0.032375,75.6,0.04,0,ETH-19APR19-170-C,165.41,78.42,0.034,107.0,0.039,97.0,87.07,0.09518,-0.45682,0.01399,0.02133,0.42428
165.41,index_price,1554980343478,open,0.02,664.0,0.020652,0.059597,0.030033,77.22,0.024,0,ETH-19APR19-160-P,165.41,68.04,0.025,111.0,0.03,307.0,77.16,0.09118,-0.44701,-0.01404,0.02,-0.36322
165.41,index_price,1554980343485,open,0.04,490.0,0.051215,0.091785,0.059876,75.17,0.054,0,ETH-19APR19-170-P,165.41,64.91,0.054,99.0,0.059,103.0,73.64,0.09515,-0.45406,-0.02271,0.02144,-0.5764
5074.72,BTC-28JUN19,1554980343495,open,0.09,207.6,0.05069812,0.09599699,0.08183187,62.26,0.0855,0.0,BTC-28JUN19-5500-C,5078.77,61.81,0.081,5.0,0.085,6.6,64.0,9.2653,-3.70399,3.94194,0.00027,0.44591
5078.77,index_price,1554980343893,open,0.04,143.4,0.0193592,0.03090212,0.02165503,63.89,0.02,0,BTC-12APR19-5000-C,5078.77,53.99,0.02,6.5,0.0215,0.4,62.98,0.86909,-31.70172,0.08226,0.0022,0.69679
5078.77,index_price,1554980343902,open,0.03,869.2,0.01285547,0.03725754,0.02124047,62.83,0.019,0,BTC-26APR19-5500-C,5078.77,58.79,0.0185,0.4,0.022,0.4,63.94,3.48747,-7.36535,0.54829,0.00053,0.28613
165.41,index_price,1554980344137,open,0.05,89.0,0.023466,0.064035,0.032375,75.6,0.04,0,ETH-19APR19-170-C,165.41,78.42,0.034,103.0,0.039,97.0,87.07,0.09518,-0.45682,0.01399,0.02133,0.42428
165.41,index_price,1554980344144,open,0.02,664.0,0.020652,0.059597,0.030033,77.22,0.024,0,ETH-19APR19-160-P,165.41,68.04,0.025,111.0,0.03,303.0,77.16,0.09118,-0.44701,-0.01404,0.02,-0.36322
165.41,index_price,1554980344153,open,0.08,369.0,0.053358,0.092304,0.062973,77.65,0.07,0,ETH-19APR19-160-C,165.41,81.32,0.065,103.0,0.07,150.0,90.32,0.09122,-0.44967,0.02046,0.0199,0.6363
165.41,index_price,1554980344157,open,0.04,490.0,0.051215,0.091785,0.059876,75.17,0.054,0,ETH-19APR19-170-P,165.41,64.91,0.054,100.0,0.059,103.0,73.64,0.09515,-0.45406,-0.02271,0.02144,-0.5764
165.41,index_price,1554980344162,open,0.04,490.0,0.051215,0.091785,0.059876,75.17,0.054,0,ETH-19APR19-170-P,165.41,64.91,0.054,100.0,0.059,97.0,73.64,0.09515,-0.45406,-0.02271,0.02144,-0.5764
165.41,index_price,1554980344173,open,0.0,21.0,0.000914,0.018469,0.003972,80.89,0.004,0,ETH-19APR19-140-P,165.41,69.41,0.002,124.0,0.006,369.0,90.02,0.03324,-0.17071,-0.0027,0.00696,-0.07173
165.41,index_price,1554980344493,open,0.18,247.0,0.154532,0.172088,0.157608,81.9,0.207,0,ETH-19APR19-140-C,165.41,99.13,0.162,118.0,0.166,50.0,112.39,0.03405,-0.17703,0.02742,0.00704,0.92599
165.41,index_price,1554980344498,open,0.02,659.0,0.002824,0.014219,0.007172,89.71,0.008,0,ETH-12APR19-170-C,165.41,88.25,0.007,121.0,0.009,200.0,100.3,0.02698,-1.19706,0.00106,0.04582,0.27394
170.59,ETH-28JUN19,1554980344528,open,0.22,1153.0,0.224931,0.323567,0.248673,73.65,0.18,0.0,ETH-28JUN19-200-P,165.41,69.96,0.242,90.0,0.255,79.0,77.34,0.30075,-0.14222,-0.31498,0.00658,-0.61693
165.41,index_price,1554980344539,open,0.08,629.0,0.096476,0.131151,0.103804,76.69,0.094,0,ETH-19APR19-180-P,165.41,56.05,0.095,120.0,0.101,124.0,70.93,0.07618,-0.37092,-0.03069,0.01683,-0.75617
165.41,index_price,1554980344550,open,0.01,1743.0,0.030573,0.041968,0.034922,88.18,0.032,0,ETH-12APR19-170-P,165.41,77.15,0.033,80.0,0.035,50.0,89.8,0.0268,-1.3494,-0.00303,0.0463,-0.72977
165.41,index_price,1554980344575,open,0.13,153.0,0.09881,0.128374,0.104841,77.84,0.153,0,ETH-19APR19-150-C,165.41,87.74,0.109,123.0,0.113,50.0,97.06,0.06393,-0.31594,0.02549,0.01391,0.81922
165.41,index_price,1554980344585,open,0.12,1122.0,0.093166,0.094799,0.094244,123.56,0.108,0,ETH-12APR19-150-C,165.41,113.51,0.094,124.0,0.097,84.0,160.55,0.00834,-0.58834,0.0034,0.01028,0.95013
165.41,index_price,1554980344590,open,0.24,94.0,0.214148,0.222409,0.215529,90.58,0.265,0,ETH-19APR19-130-C,165.41,113.68,0.219,124.0,0.223,114.0,132.5,0.01665,-0.09577,0.02691,0.00311,0.96974
5074.72,BTC-28JUN19,1554980344596,open,0.01,440.3,0.00434694,0.0206418,0.01462045,67.44,0.013,0.0,BTC-28JUN19-3500-P,5078.77,64.5,0.0125,30.1,0.017,8.0,70.55,3.76752,-1.63125,-1.11929,0.0001,-0.08876
5074.72,BTC-28JUN19,1554980344600,open,0.09,207.6,0.05069812,0.09599699,0.08181389,62.26,0.0855,0.0,BTC-28JUN19-5500-C,5078.77,61.81,0.081,5.0,0.085,6.8,64.0,9.2653,-3.70399,3.94194,0.00027,0.44591
5074.72,BTC-28JUN19,1554980344612,open,0.02,1028.4,0.00264747,0.01902658,0.01426486,69.73,0.02,0.0,BTC-28JUN19-8000-C,5078.77,66.92,0.012,46.6,0.017,18.4,72.84,4.26986,-1.91161,0.98513,0.00011,0.10526
5074.72,BTC-28JUN19,1554980344619,open,0.01,568.6,0.00065044,0.00932797,0.00970439,75.61,0.0095,0.0,BTC-28JUN19-9000-C,5078.77,73.62,0.0085,30.0,0.011,6.2,77.59,3.19332,-1.5502,0.66726,8e-05,0.07133
5074.72,BTC-28JUN19,1554980344660,open,0.06,2333.1,0.03424357,0.07587128,0.05461095,62.65,0.053,0.0,BTC-28JUN19-6000-C,5078.77,62.87,0.055,10.0,0.0585,11.4,64.95,8.51058,-3.42329,3.00445,0.00025,0.33211
5078.77,index_price,1554980345223,open,0.25,0.1,0.2199832,0.24810386,0.23050792,65.26,0.239,0,BTC-31MAY19-4000-C,5078.77,0.0,0.0005,0.2,0.0,0.0,0.0,4.04296,-2.64487,4.41442,0.00018,0.8666
5074.57,BTC-28JUN19,1554980345225,open,1.89,2.0,1.95591558,1.95605713,1.9586418,101.21,2.658,0.0,BTC-28JUN19-15000-P,5078.77,0.0,0.0,0.0,0.0,0.0,0.0,1.06452,-0.69171,-31.8324,2e-05,-0.98145
5084.15,BTC-27SEP19,1554980345227,open,0.15,257.5,0.11419817,0.18458027,0.13716225,62.46,0.146,0.0,BTC-27SEP19-5500-C,5078.77,62.04,0.136,5.0,0.142,3.5,64.25,13.79122,-2.55055,8.79211,0.00018,0.51093
5078.77,index_price,1554980345227,open,0.25,0.0,0.28010871,0.28636554,0.28471692,79.52,None,0,BTC-26APR19-6500-P,5078.77,0.0,0.0005,0.2,0.0,0.0,0.0,1.41592,-3.78465,-2.5089,0.00017,-0.92739
5084.15,BTC-27SEP19,1554980345227,open,0.38,0.0,0.36031017,0.59229644,0.40557122,63.97,None,0.0,BTC-27DEC19-6500-P,5078.77,0.0,0.002,5.3,0.416,5.0,67.12,16.82352,-2.07076,-35.43966,0.00014,-0.57346
5074.57,BTC-28JUN19,1554980345239,open,0.0,789.6,0.0,5.81e-06,0.0010432,110.0,0.001,0.0,BTC-28JUN19-20000-C,5078.77,102.45,0.0005,32.9,0.0025,20.0,121.11,0.47052,-0.33231,0.06709,1e-05,0.00724
5084.15,BTC-27SEP19,1554980345246,open,0.11,21.1,0.06322521,0.2925709,0.1111441,65.55,0.1195,0.0,BTC-27DEC19-7000-C,5078.77,61.12,0.097,10.0,0.119,16.0,67.99,16.35386,-2.06266,9.78651,0.00014,0.3815
5074.57,BTC-28JUN19,1554980345252,open,0.0,302.4,4.4e-07,0.00027799,0.0033418,98.61,0.002,0.0,BTC-28JUN19-14000-C,5078.77,89.13,0.0015,10.0,0.005,20.0,104.4,1.26478,-0.80074,0.20996,2e-05,0.02273
5078.77,index_price,1554980345252,open,0.27,0.0,0.3044497,0.30444971,0.3044497,110.0,None,0,BTC-12APR19-6625-P,5078.77,0.0,0.001,0.3,0.0,0.0,0.0,1e-05,-0.00037,-0.15894,0.0,-1.0
5074.57,BTC-28JUN19,1554980345271,open,0.3,30.0,0.26679325,0.28695391,0.28264296,65.61,0.298,0.0,BTC-28JUN19-3750-C,5078.77,0.0,0.0005,0.3,0.0,0.0,0.0,4.82882,-2.03402,6.41199,0.00013,0.87486
5078.77,index_price,1554980345247,open,0.04,143.4,0.0193592,0.03090212,0.02165775,63.89,0.02,0,BTC-12APR19-5000-C,5078.77,57.03,0.0205,12.0,0.0215,0.4,62.98,0.86909,-31.70172,0.08226,0.0022,0.69679
5078.77,index_price,1554980345276,open,0.03,869.2,0.01285547,0.03725754,0.0212416,62.83,0.019,0,BTC-26APR19-5500-C,5078.77,59.54,0.019,16.0,0.022,0.4,63.94,3.48747,-7.36535,0.54829,0.00053,0.28613
5078.77,index_price,1554980345334,open,0.13,72.0,0.137826,0.15718139,0.14511353,65.16,0.09,0,BTC-26APR19-5750-P,5078.77,0.0,0.1,0.1,0.255,12.0,213.06,2.78233,-6.09358,-1.97696,0.00041,-0.81
5074.57,BTC-28JUN19,1554980345341,open,0.34,147.1,0.3146347,0.33093195,0.32492722,67.47,0.3395,0.0,BTC-28JUN19-3500-C,5078.77,0.0,0.037,0.1,0.374,0.2,116.6,3.77048,-1.63333,6.34693,0.0001,0.91114
5078.77,index_price,1554980345343,open,0.21,0.0,0.23142976,0.24106443,0.23696511,74.41,None,0,BTC-26APR19-6250-P,5078.77,0.0,0.001,0.3,0.0,0.0,0.0,1.74266,-4.35845,-2.36222,0.00022,-0.90428
5078.77,index_price,1554980345346,open,0.33,0.0,0.31210612,0.32582493,0.3173127,68.27,None,0,BTC-31MAY19-3500-C,5078.77,0.0,0.0005,0.2,0.0,0.0,0.0,2.07739,-1.42171,4.35866,9e-05,0.94537
5084.14,BTC-27SEP19,1554980345347,open,0.29,239.2,0.26314624,0.31595369,0.28216392,63.66,0.3,0.0,BTC-27SEP19-4000-C,5078.77,0.0,0.162,0.1,0.2885,2.0,66.78,10.25393,-1.93261,11.69795,0.00013,0.77946
5078.77,index_price,1554980345349,open,0.18,0.0,0.16335228,0.17474719,0.16494308,71.41,None,0,BTC-19APR19-4250-C,5078.77,0.0,0.001,0.3,0.0,0.0,0.0,0.64271,-2.91373,0.87128,0.00016,0.96001
5078.77,index_price,1554980345395,open,0.23,0.0,0.25522518,0.25522557,0.25522534,110.0,None,0,BTC-12APR19-6375-P,5078.77,0.0,0.001,0.3,0.0,0.0,0.0,0.00015,-0.00952,-0.15294,0.0,-0.99999
5078.77,index_price,1554980345397,open,0.0,94.3,0.0,0.00030003,0.00021597,109.9,0.0005,0,BTC-12APR19-4500-P,5078.77,0.0,0.0,0.0,0.0005,4.6,124.17,0.07469,-1.09685,-0.00142,0.00011,-0.01147
5078.77,index_price,1554980345414,open,0.28,0.0,0.28864537,0.32337234,0.30242055,66.19,None,0,BTC-31MAY19-6500-P,5078.77,0.0,0.0005,0.3,0.0,0.0,0.0,5.0577,-3.35584,-7.73558,0.00022,-0.81223
5084.14,BTC-27SEP19,1554980345546,open,0.08,19.3,0.03763852,0.25578147,0.08238668,66.79,0.088,0.0,BTC-27DEC19-8000-C,5078.77,61.96,0.0685,16.0,0.0905,16.0,69.53,14.93058,-1.91874,7.90094,0.00012,0.30065
5078.77,index_price,1554980345557,open,0.32,0.0,0.33475266,0.36481318,0.34700024,67.28,None,0,BTC-31MAY19-6750-P,5078.77,0.0,0.0005,0.3,0.0,0.0,0.0,4.45447,-3.00451,-8.27934,0.00019,-0.846
5078.77,index_price,1554980345600,open,0.16,0.0,0.18170766,0.19703988,0.18451121,73.59,None,0,BTC-19APR19-6000-P,5078.77,0.0,0.001,0.3,0.0,0.0,0.0,0.98367,-4.59552,-1.22313,0.00024,-0.93163
5078.77,index_price,1554980345600,open,0.3,6.0,0.2862445,0.2862445,0.2862445,110.0,0.11,0,BTC-12APR19-3625-C,5078.77,0.0,0.0015,0.3,0.373,0.1,500.0,0.0,0.0,0.08697,0.0,1.0
5078.77,index_price,1554980345637,open,0.24,0.0,0.24402368,0.28347529,0.25943635,65.31,None,0,BTC-31MAY19-6250-P,5078.77,0.0,0.0005,0.3,0.0,0.0,0.0,5.70075,-3.73243,-7.14418,0.00025,-0.77
5078.77,index_price,1554980345649,open,0.2,0.0,0.23066982,0.24050386,0.23224999,76.99,None,0,BTC-19APR19-6250-P,5078.77,0.0,0.001,0.3,0.0,0.0,0.0,0.61215,-2.9919,-1.3091,0.00014,-0.96234
165.41,index_price,1554980345655,open,0.18,247.0,0.154532,0.172088,0.157608,81.9,0.207,0,ETH-19APR19-140-C,165.41,99.13,0.162,119.0,0.166,50.0,112.39,0.03405,-0.17703,0.02742,0.00704,0.92599
5084.14,BTC-27SEP19,1554980345658,open,0.16,40.0,0.10566483,0.33731107,0.15240369,63.97,0.155,0.0,BTC-27DEC19-6000-C,5078.77,60.28,0.14,10.0,0.1625,15.0,66.97,17.10282,-2.10513,12.04927,0.00015,0.48527
165.41,index_price,1554980345657,open,0.18,247.0,0.154532,0.172088,0.157608,81.9,0.207,0,ETH-19APR19-140-C,165.41,99.13,0.162,119.0,0.166,137.0,112.39,0.03405,-0.17703,0.02742,0.00704,0.92599
5074.5,BTC-28JUN19,1554980345671,open,0.0,590.5,9e-07,0.00023703,0.00215194,98.9,0.001,0.0,BTC-28JUN19-2000-P,5078.77,88.66,0.001,32.9,0.003,9.0,104.29,0.71657,-0.455,-0.15005,1e-05,-0.01171
5078.77,index_price,1554980345671,open,0.23,487.8,0.21267769,0.21808262,0.21524834,72.73,0.239,0,BTC-26APR19-4000-C,5078.77,0.0,0.11,10.0,0.2215,2.7,96.27,0.9649,-2.35881,1.53202,0.00013,0.9554
165.41,index_price,1554980345667,open,0.0,1754.0,0.001863,0.01196,0.005753,90.38,0.004,0,ETH-12APR19-160-P,165.41,85.48,0.005,124.0,0.006,200.0,92.45,0.02397,-0.94269,-0.00089,0.0404,-0.21968
165.41,index_price,1554980345673,open,0.02,600.0,0.008271,0.042946,0.0156,77.26,0.022,0,ETH-19APR19-180-C,165.41,75.84,0.015,133.0,0.02,100.0,86.39,0.0765,-0.37522,0.00821,0.01677,0.2457
165.41,index_price,1554980345679,open,0.08,629.0,0.096476,0.131151,0.103805,76.69,0.094,0,ETH-19APR19-180-P,165.41,56.05,0.095,124.0,0.101,124.0,70.93,0.07618,-0.37092,-0.03069,0.01683,-0.75617
165.41,index_price,1554980345687,open,0.01,1743.0,0.030573,0.041968,0.034922,88.18,0.032,0,ETH-12APR19-170-P,165.41,77.15,0.033,90.0,0.035,50.0,89.8,0.0268,-1.3494,-0.00303,0.0463,-0.72977
165.41,index_price,1554980345692,open,0.13,153.0,0.09881,0.128374,0.104841,77.84,0.153,0,ETH-19APR19-150-C,165.41,87.74,0.109,124.0,0.113,50.0,97.06,0.06393,-0.31594,0.02549,0.01391,0.81922
5084.14,BTC-27SEP19,1554980345695,open,0.22,33.8,0.17409248,0.39245484,0.20889548,60.72,0.2245,0.0,BTC-27DEC19-5000-C,5078.77,50.43,0.1755,5.0,0.228,5.0,66.66,16.41567,-1.91781,14.65022,0.00015,0.61361
165.41,index_price,1554980345702,open,0.12,1122.0,0.093166,0.094799,0.094244,123.56,0.108,0,ETH-12APR19-150-C,165.41,113.51,0.094,124.0,0.097,115.0,160.55,0.00834,-0.58834,0.0034,0.01028,0.95013
165.41,index_price,1554980345707,open,0.24,94.0,0.214148,0.222409,0.215529,90.58,0.265,0,ETH-19APR19-130-C,165.41,113.68,0.219,124.0,0.223,124.0,132.5,0.01665,-0.09577,0.02691,0.00311,0.96974
5084.14,BTC-27SEP19,1554980345713,open,0.45,0.0,0.44005546,0.66940103,0.4879698,65.55,None,0.0,BTC-27DEC19-7000-P,5078.77,0.0,0.0,0.0,0.0,0.0,0.0,16.35372,-2.0626,-40.0528,0.00014,-0.61851
165.41,index_price,1554980345712,open,0.05,89.0,0.023466,0.064035,0.032281,75.6,0.04,0,ETH-19APR19-170-C,165.41,78.42,0.034,103.0,0.039,100.0,87.07,0.09518,-0.45682,0.01399,0.02133,0.42428
165.41,index_price,1554980345716,open,0.02,664.0,0.020652,0.059597,0.030129,77.22,0.024,0,ETH-19APR19-160-P,165.41,68.04,0.025,114.0,0.03,303.0,77.16,0.09118,-0.44701,-0.01404,0.02,-0.36322
165.41,index_price,1554980345732,open,0.08,369.0,0.053358,0.092304,0.062835,77.65,0.07,0,ETH-19APR19-160-C,165.41,81.32,0.065,104.0,0.07,150.0,90.32,0.09122,-0.44967,0.02046,0.0199,0.6363
5078.77,index_price,1554980345737,open,0.21,58.0,0.18779547,0.18779683,0.18779611,110.0,0.25,0,BTC-12APR19-4125-C,5078.77,0.0,0.0025,0.3,0.3195,0.1,500.0,0.00052,-0.03259,0.09896,0.0,0.99995
165.41,index_price,1554980345738,open,0.08,369.0,0.053358,0.092304,0.062835,77.65,0.07,0,ETH-19APR19-160-C,165.41,81.32,0.065,104.0,0.07,247.0,90.32,0.09122,-0.44967,0.02046,0.0199,0.6363
165.41,index_price,1554980345743,open,0.04,490.0,0.051215,0.091785,0.06003,75.17,0.054,0,ETH-19APR19-170-P,165.41,64.91,0.054,104.0,0.059,97.0,73.64,0.09515,-0.45406,-0.02271,0.02144,-0.5764
5078.77,index_price,1554980345755,open,0.0,32.3,0.0,1.73e-06,8.2e-07,110.0,0.0005,0,BTC-12APR19-6250-C,5078.77,0.0,0.0,0.0,0.0005,25.0,192.0,0.00066,-0.00415,1e-05,0.0,7e-05
5084.14,BTC-27SEP19,1554980345757,open,0.06,72.5,0.03564906,0.19107913,0.0681108,66.09,0.058,0.0,BTC-27DEC19-3500-P,5078.77,60.11,0.0555,16.0,0.0755,16.0,69.5,10.91641,-1.38817,-8.67291,9e-05,-0.17148
5078.77,index_price,1554980345777,open,0.0,198.8,0.0,9.284e-05,6.081e-05,110.0,0.0015,0,BTC-12APR19-5875-C,5078.77,0.0,0.0,0.0,0.0005,25.0,142.34,0.02764,-0.30883,0.00045,4e-05,0.00372
5084.14,BTC-27SEP19,1554980345820,open,1.13,3.1,1.16702824,1.19104827,1.18604217,76.27,1.9215,0.0,BTC-27SEP19-11000-P,5078.77,0.0,0.002,0.3,0.0,0.0,0.0,6.48909,-1.46535,-48.84218,7e-05,-0.89032
5084.14,BTC-27SEP19,1554980345838,open,0.62,28.2,0.60702166,0.61247836,0.61085528,75.3,0.5015,0.0,BTC-27SEP19-2000-C,5078.77,0.0,0.001,0.3,0.0,0.0,0.0,1.59379,-0.35533,8.70992,2e-05,0.98113
5078.77,index_price,1554980345859,open,0.35,2.0,0.33546902,0.33546902,0.33546902,0.0,0.3695,0,BTC-12APR19-3375-C,5078.77,0.0,0.0015,0.3,0.0,0.0,0.0,0.0,0.0,0.08097,0.0,1.0
5084.14,BTC-27SEP19,1554980345861,open,1.32,6.1,1.36210315,1.38018576,1.37795535,78.01,1.9095,0.0,BTC-27SEP19-12000-P,5078.77,0.0,0.002,0.3,0.0,0.0,0.0,5.5233,-1.27573,-53.8662,6e-05,-0.91199
5078.77,index_price,1554980345861,open,0.0,91.9,0.0,1.095e-05,6.12e-06,110.0,0.0005,0,BTC-12APR19-4250-P,5078.77,0.0,0.0,0.0,0.0005,25.0,173.11,0.00384,-0.03108,-5e-05,1e-05,-0.00043
5078.77,index_price,1554980345876,open,0.0,138.0,0.0,0.00028975,0.00018776,108.6,0.0005,0,BTC-12APR19-5750-C,5078.77,0.0,0.0,0.0,0.0005,27.8,124.48,0.06936,-0.95357,0.00126,0.0001,0.01053
5078.77,index_price,1554980345880,open,0.0,41.5,0.0,0.0,0.0,110.0,0.0005,0,BTC-12APR19-3500-P,5078.77,0.0,0.0,0.0,0.0005,25.0,331.28,0.0,0.0,0.0,0.0,0.0
5084.14,BTC-27SEP19,1554980345885,open,1.53,0.0,1.55998426,1.69990263,1.5884703,76.04,None,0.0,BTC-27DEC19-13000-P,5078.77,0.0,0.0,0.0,0.0,0.0,0.0,8.91199,-1.30383,-89.1143,6e-05,-0.87335
5078.77,index_price,1554980345887,open,0.16,0.0,0.13910324,0.15477827,0.14119949,67.28,None,0,BTC-19APR19-4375-C,5078.77,0.0,0.0005,0.4,0.0,0.0,0.0,0.88311,-3.77182,0.8759,0.00024,0.94048
5078.77,index_price,1554980345889,open,0.0,168.9,0.0,2.699e-05,1.6e-05,110.0,0.001,0,BTC-12APR19-6000-C,5078.77,0.0,0.0,0.0,0.0005,25.0,159.5,0.009,-0.08127,0.00013,1e-05,0.00108
5084.14,BTC-27SEP19,1554980345907,open,0.12,26.0,0.11044464,0.17610808,0.13163969,62.36,0.12,0.0,BTC-27SEP19-4750-P,5078.77,60.93,0.128,2.0,0.135,8.0,63.69,12.87233,-2.3768,-11.44281,0.00017,-0.35481
5078.77,index_price,1554980345927,open,0.04,143.4,0.0193592,0.03090212,0.02165781,63.9,0.02,0,BTC-12APR19-5000-C,5078.77,53.99,0.02,6.5,0.0215,0.4,62.98,0.86915,-31.71177,0.08226,0.0022,0.69674
5078.77,index_price,1554980345934,open,0.03,869.2,0.01285547,0.03725754,0.02124162,62.84,0.019,0,BTC-26APR19-5500-C,5078.77,58.79,0.0185,0.4,0.022,0.4,63.94,3.48751,-7.36564,0.5483,0.00053,0.28614
