underlying_price,underlying_index,timestamp,state,settlement_price,open_interest,min_price,max_price,mark_price,mark_iv,last_price,interest_rate,instrument_name,index_price,bid_iv,best_bid_price,best_bid_amount,best_ask_price,best_ask_amount,ask_iv,vega,theta,rho,gamma,delta
269.1,index_price,1560682739992,open,0.01,1352.0,0.001,0.047,0.007589,87.12,0.007,0,ETH-21JUN19-300-C,269.1,76.82,0.005,241.0,0.01,240.0,95.55,0.07306,-0.65273,0.00518,0.00867,0.15169
9200.28,BTC-28JUN19,1560682739990,open,0.06,28.8,0.0155,0.095,0.05517045,79.61,0.066,0.0,BTC-26JUL19-10500-C,9099.42,74.97,0.0495,7.0,0.06,19.3,83.51,11.32647,-11.30668,3.01833,0.00015,0.35547
269.1,index_price,1560682740025,open,0.21,61.0,0.144,0.223,0.18357,92.48,0.115,0,ETH-21JUN19-220-C,269.1,0.0,0.174,60.0,0.203,1.0,194.72,0.01897,-0.17988,0.0284,0.00212,0.9737
9200.28,BTC-28JUN19,1560682740061,open,0.01,67.1,0.0005,0.0575,0.01695713,78.55,0.015,0.0,BTC-26JUL19-7000-P,9099.42,73.88,0.014,7.0,0.019,24.0,81.61,6.02933,-5.93876,-1.3615,8e-05,-0.1185
271.38,ETH-28JUN19,1560682740086,open,0.43,0.0,0.374,0.453,0.413098,86.08,None,0.0,ETH-26JUL19-160-C,269.1,0.0,0.352,48.0,0.488,48.0,225.68,0.0485,-0.05234,0.16725,0.0007,0.97721
269.1,index_price,1560682740095,open,0.35,0.0,0.292,0.371,0.331126,110.0,None,0,ETH-21JUN19-180-C,269.1,0.0,0.321,60.0,0.35,2.0,309.31,0.00068,-0.00768,0.02402,6e-05,0.99937
9306.31,BTC-27SEP19,1560682740125,open,0.06,112.3,0.026,0.111,0.06854013,74.88,0.0825,0.0,BTC-27DEC19-6500-P,9099.42,71.65,0.0625,8.0,0.074,4.9,77.75,17.55039,-3.38911,-12.0908,5e-05,-0.17605
269.1,index_price,1560682740184,open,0.0,4.0,0.001,0.04,2.2e-05,110.0,0.001,0,ETH-21JUN19-180-P,269.1,0.0,0.0,0.0,0.002,100.0,184.64,0.00068,-0.00593,-2e-05,6e-05,-0.00063
9306.31,BTC-27SEP19,1560682740197,open,0.05,210.3,0.011,0.0945,0.05266256,75.81,0.067,0.0,BTC-27DEC19-6000-P,9099.42,72.31,0.047,8.0,0.0575,6.0,78.73,15.25377,-2.98237,-9.63038,4e-05,-0.14216
271.38,ETH-28JUN19,1560682740203,open,0.06,333.0,0.016,0.095,0.055769,87.88,0.065,0.0,ETH-26JUL19-320-C,269.1,83.05,0.05,150.0,0.063,150.0,93.82,0.32734,-0.36071,0.08322,0.00463,0.33646
271.38,ETH-28JUN19,1560682740228,open,0.01,0.0,0.001,0.044,0.004547,89.71,None,0.0,ETH-28JUN19-350-C,269.1,76.51,0.002,420.0,0.007,420.0,98.93,0.06422,-0.24257,0.0056,0.00299,0.06793
9306.31,BTC-27SEP19,1560682740266,open,0.13,83.1,0.0895,0.18,0.13471689,73.89,0.133,0.0,BTC-27DEC19-8000-P,9099.42,70.2,0.1255,5.0,0.1415,4.9,76.6,23.25873,-4.43217,-21.04986,7e-05,-0.29112
271.38,ETH-28JUN19,1560682740274,open,0.01,122.0,0.001,0.045,0.005761,86.41,0.007,0.0,ETH-28JUN19-340-C,269.1,79.6,0.004,300.0,0.007,120.0,90.6,0.07658,-0.27862,0.00705,0.0037,0.08561
9200.28,BTC-28JUN19,1560682740311,open,0.12,17.2,0.0705,0.15,0.11027697,76.12,0.121,0.0,BTC-26JUL19-9000-C,9099.42,73.19,0.1065,7.0,0.12,14.4,83.66,11.85882,-11.31846,4.76593,0.00017,0.58444
279.22,ETH-27SEP19,1560682740328,open,0.72,0.0,0.698,0.838,0.767759,96.23,None,0.0,ETH-27SEP19-480-P,269.1,0.0,0.711,12.0,0.817,12.0,124.78,0.42768,-0.20002,-1.22559,0.00202,-0.78962
9200.28,BTC-28JUN19,1560682740347,open,0.04,74.1,0.001,0.084,0.04259728,76.38,0.035,0.0,BTC-26JUL19-8000-P,9099.42,71.46,0.0375,5.0,0.046,19.3,79.61,9.62758,-9.22016,-2.92346,0.00014,-0.24826
269.1,index_price,1560682740350,open,0.01,454.0,0.001,0.043,0.003949,87.31,0.002,0,ETH-21JUN19-310-C,269.1,74.99,0.002,301.0,0.006,300.0,97.32,0.04977,-0.44557,0.00303,0.00589,0.08823
269.1,index_price,1560682740382,open,0.17,132.0,0.108,0.187,0.1473,83.99,0.15,0,ETH-21JUN19-230-C,269.1,0.0,0.138,60.0,0.168,62.0,172.88,0.03098,-0.26684,0.02893,0.00381,0.95213
271.38,ETH-28JUN19,1560682740394,open,0.2,0.0,0.186,0.284,0.234971,87.92,None,0.0,ETH-26JUL19-320-P,269.1,0.0,0.154,144.0,0.285,144.0,127.57,0.32738,-0.3609,-0.26636,0.00463,-0.66343
9200.27,BTC-28JUN19,1560682740420,open,0.15,0.0,0.1135,0.2055,0.15955163,86.28,None,0.0,BTC-28JUN19-10500-P,9099.46,0.0,0.1375,6.0,0.181,6.0,122.37,4.91726,-17.86259,-2.81164,0.00021,-0.77973
9306.29,BTC-27SEP19,1560682740420,open,0.0,335.8,0.0005,0.041,0.00123553,110.0,0.0015,0.0,BTC-27SEP19-2500-P,9099.46,0.0,0.0,0.0,0.2035,12.0,500.0,0.77755,-0.4157,-0.17666,0.0,-0.0055
9200.27,BTC-28JUN19,1560682740421,open,0.65,0.1,0.607,0.6865,0.64674912,0.0,0.395,0.0,BTC-28JUN19-3250-C,9099.46,0.0,0.625,6.0,0.6685,6.0,451.07,0.0,0.0,1.05742,0.0,1.0
9306.29,BTC-27SEP19,1560682740420,open,0.84,42.8,0.799,0.8785,0.83887373,110.0,0.815,0.0,BTC-27SEP19-1500-C,9099.46,0.0,0.7945,1.3,0.883,1.3,335.26,0.05736,-0.03067,4.21803,0.0,0.99968
9099.46,index_price,1560682740420,open,0.02,40.6,0.0005,0.063,0.022443,85.51,0.017,0,BTC-21JUN19-8750-P,9099.46,67.3,0.015,24.0,0.0225,2.1,85.64,3.79896,-33.31119,-0.42586,0.0004,-0.32791
9200.27,BTC-28JUN19,1560682740421,open,0.31,504.3,0.2545,0.334,0.29448422,93.01,0.295,0.0,BTC-28JUN19-6500-C,9099.46,0.0,0.2745,6.0,0.3155,6.0,186.72,0.64956,-2.5436,2.06524,3e-05,0.98441
9306.29,BTC-27SEP19,1560682740420,open,0.74,0.0,0.6955,0.775,0.73530659,95.59,None,0.0,BTC-27DEC19-2500-C,9099.46,0.0,0.686,1.3,0.7865,1.3,187.85,2.22617,-0.5488,12.45615,1e-05,0.98729
9200.31,BTC-28JUN19,1560682740421,open,0.26,840.2,0.2025,0.282,0.24206256,91.41,0.26,0.0,BTC-28JUN19-7000-C,9099.46,0.0,0.2215,6.0,0.263,6.0,162.05,1.45669,-5.6063,2.14634,6e-05,0.95908
9200.31,BTC-28JUN19,1560682740421,open,0.09,970.5,0.0295,0.109,0.06947669,81.48,0.066,0.0,BTC-28JUN19-9000-C,9099.46,76.52,0.066,18.0,0.0705,0.6,82.94,6.45761,-22.15319,1.55316,0.00029,0.58833
9200.31,BTC-28JUN19,1560682740422,open,0.39,0.8,0.3585,0.471,0.41483307,96.66,2.171,0.0,BTC-28JUN19-13000-P,9099.46,0.0,0.392,6.0,0.4365,6.0,170.0,1.09806,-4.46886,-4.14837,4e-05,-0.97099
9200.31,BTC-28JUN19,1560682740423,open,0.55,10.5,0.4985,0.578,0.53805807,0.0,0.428,0.0,BTC-28JUN19-4250-C,9099.46,0.0,0.5165,6.0,0.5595,6.0,346.61,0.0,0.0,1.38279,0.0,1.0
9200.31,BTC-28JUN19,1560682740422,open,0.84,33.8,0.797,0.8765,0.83696148,0.0,0.7145,0.0,BTC-28JUN19-1500-C,9099.46,0.0,0.814,6.0,0.8445,2.0,500.0,0.0,0.0,0.48804,0.0,1.0
9200.31,BTC-28JUN19,1560682740423,open,0.73,24.4,0.6885,0.768,0.72826855,0.0,0.5115,0.0,BTC-28JUN19-2500-C,9099.46,0.0,0.706,6.0,0.7505,6.0,500.0,0.0,0.0,0.8134,0.0,1.0
9306.33,BTC-27SEP19,1560682740423,open,0.0,75.8,0.0005,0.044,0.0041786,93.98,0.005,0.0,BTC-27SEP19-3750-P,9099.46,75.43,0.001,3.5,0.0075,6.0,105.2,2.30744,-1.05395,-0.61239,1e-05,-0.01917
9306.33,BTC-27SEP19,1560682740420,open,0.95,0.0,0.9115,1.0705,0.99086717,82.82,None,0.0,BTC-27DEC19-18000-P,9099.46,0.0,0.0055,5.0,1.0325,1.3,100.6,19.78736,-4.22625,-87.81306,5e-05,-0.78557
9306.33,BTC-27SEP19,1560682740423,open,0.76,0.0,0.72,0.8625,0.79118157,80.45,None,0.0,BTC-27DEC19-16000-P,9099.46,0.0,0.7165,1.3,0.8375,1.3,98.6,22.17426,-4.60094,-75.49048,6e-05,-0.73597
9306.33,BTC-27SEP19,1560682740420,open,0.02,81.8,0.0005,0.056,0.0160075,99.1,0.0175,0.0,BTC-27DEC19-36000-C,9099.46,96.84,0.014,10.0,0.018,1.0,101.17,8.62715,-2.20482,2.43493,2e-05,0.06527
9099.46,index_price,1560682740420,open,0.0,238.0,0.0005,0.04,0.00013547,110.0,0.0005,0,BTC-21JUN19-6500-P,9099.46,0.0,0.0,0.0,0.001,0.4,141.43,0.10677,-1.20443,-0.00426,1e-05,-0.00337
9099.46,index_price,1560682740420,open,0.0,10.0,0.0005,0.042,0.00201632,94.6,0.0035,0,BTC-21JUN19-11000-C,9099.46,0.0,0.0,0.0,0.004,1.0,108.99,1.02284,-9.92284,0.05403,0.0001,0.04646
9099.46,index_price,1560682740420,open,0.03,314.6,0.0005,0.0625,0.02288487,87.5,0.0205,0,BTC-21JUN19-9500-C,9099.46,80.73,0.02,0.1,0.024,0.6,90.09,3.91017,-35.08516,0.40209,0.0004,0.35368
9099.46,index_price,1560682740420,open,0.3,6.1,0.246,0.3255,0.28580423,109.73,0.204,0,BTC-21JUN19-6500-C,9099.46,0.0,0.274,6.0,0.3095,0.1,292.57,0.10495,-1.18095,0.8641,1e-05,0.9967
9306.33,BTC-27SEP19,1560682740420,open,0.02,103.7,0.0005,0.061,0.02120829,94.11,0.0235,0.0,BTC-27DEC19-30000-C,9099.46,89.22,0.016,6.0,0.0265,6.0,98.45,10.67961,-2.59207,3.22014,2e-05,0.08635
9306.33,BTC-27SEP19,1560682740421,open,1.35,0.0,1.3045,1.4965,1.40051246,86.17,None,0.0,BTC-27DEC19-22000-P,9099.46,0.0,1.3175,1.3,1.448,1.3,109.73,15.49476,-3.4434,-111.47002,4e-05,-0.8545
9306.33,BTC-27SEP19,1560682740420,open,2.8,0.0,2.729,3.0395,2.88435059,99.11,None,0.0,BTC-27DEC19-36000-P,9099.46,0.0,2.764,1.3,2.9465,1.3,139.6,8.62978,-2.20569,-188.78407,2e-05,-0.93471
9306.33,BTC-27SEP19,1560682740423,open,0.0,87.9,0.0005,0.043,0.00291593,105.84,0.001,0.0,BTC-27DEC19-2000-P,9099.46,0.0,0.0,0.0,0.006,6.0,120.08,1.59718,-0.43596,-0.57323,0.0,-0.00868
9306.33,BTC-27SEP19,1560682740424,open,0.5,58.5,0.4515,0.531,0.49132699,78.31,0.4475,0.0,BTC-27DEC19-5000-C,9099.46,0.0,0.4465,1.3,0.512,14.0,94.92,10.52998,-2.12666,20.95593,3e-05,0.91526
9200.31,BTC-28JUN19,1560682740421,open,0.22,0.0,0.1885,0.2875,0.23800604,79.62,None,0.0,BTC-26JUL19-11000-P,9099.46,0.0,0.195,14.4,0.265,14.4,102.27,10.44399,-10.42619,-9.50777,0.00014,-0.70793
9306.33,BTC-27SEP19,1560682740437,open,0.05,196.9,0.0065,0.086,0.04621181,80.12,0.053,0.0,BTC-27SEP19-14000-C,9099.46,75.82,0.0395,14.9,0.052,4.9,83.66,14.90713,-5.80467,4.75274,8e-05,0.22741
9200.31,BTC-28JUN19,1560682740464,open,0.11,43.0,0.0725,0.161,0.11673743,85.53,0.139,0.0,BTC-28JUN19-10000-P,9099.46,70.81,0.1075,0.6,0.1165,0.6,85.16,5.9474,-21.41752,-2.38004,0.00025,-0.67835
271.38,ETH-28JUN19,1560682740474,open,0.26,0.0,0.243,0.346,0.294299,89.91,None,0.0,ETH-28JUN19-350-P,269.1,0.0,0.271,60.0,0.312,60.0,137.64,0.06458,-0.24445,-0.10824,0.003,-0.93158
271.38,ETH-28JUN19,1560682740480,open,0.36,0.0,0.304,0.383,0.343408,83.37,None,0.0,ETH-26JUL19-180-C,269.1,0.0,0.286,48.0,0.417,48.0,194.13,0.09515,-0.09947,0.17931,0.00142,0.9482
279.22,ETH-27SEP19,1560682740499,open,0.85,12.0,0.825,0.977,0.900967,97.5,1.193,0.0,ETH-27SEP19-520-P,269.1,0.0,0.84,12.0,0.953,12.0,129.79,0.37927,-0.17972,-1.35992,0.00177,-0.82705
9200.31,BTC-28JUN19,1560682740510,open,0.02,34.1,0.0005,0.068,0.02740258,77.06,0.027,0.0,BTC-26JUL19-7500-P,9099.46,73.01,0.024,5.0,0.03,19.3,80.06,7.87537,-7.60952,-2.04735,0.00011,-0.17629
9306.33,BTC-27SEP19,1560682740556,open,0.31,93.6,0.264,0.3435,0.3037923,74.03,0.273,0.0,BTC-27DEC19-7500-C,9099.46,67.2,0.288,5.0,0.353,0.1,95.07,21.6225,-4.12815,21.98204,6e-05,0.74848
271.38,ETH-28JUN19,1560682740563,open,0.22,0.0,0.209,0.309,0.258663,86.58,None,0.0,ETH-28JUN19-340-P,269.1,0.0,0.236,60.0,0.277,60.0,131.42,0.07688,-0.28025,-0.10354,0.00371,-0.91394
269.1,index_price,1560682740563,open,0.0,282.0,0.001,0.042,0.002,83.99,0.001,0,ETH-21JUN19-230-P,269.1,0.0,0.0,0.0,0.003,105.0,91.75,0.03098,-0.26684,-0.00179,0.00381,-0.04787
271.38,ETH-28JUN19,1560682740598,open,0.05,1290.0,0.001,0.08,0.040508,87.88,0.048,0.0,ETH-26JUL19-340-C,269.1,81.73,0.034,150.0,0.046,150.0,92.88,0.29328,-0.32318,0.06628,0.00415,0.26407
9306.33,BTC-27SEP19,1560682740626,open,0.35,58.1,0.2955,0.375,0.33532421,74.29,0.348,0.0,BTC-27DEC19-7000-C,9099.46,66.24,0.3185,5.0,0.385,1.3,97.29,19.70035,-3.77443,22.33652,6e-05,0.78719
9306.33,BTC-27SEP19,1560682740701,open,0.08,593.8,0.0355,0.115,0.07543964,77.38,0.075,0.0,BTC-27SEP19-12000-C,9099.46,73.78,0.0685,10.0,0.084,4.9,81.74,18.09632,-6.8059,6.93055,0.0001,0.33966
279.22,ETH-27SEP19,1560682740733,open,1.11,27.0,1.087,1.26,1.173199,98.99,1.519,0.0,ETH-27SEP19-600-P,269.1,0.0,1.104,12.0,1.232,12.0,140.6,0.29035,-0.13969,-1.61861,0.00133,-0.88352
269.1,index_price,1560682740735,open,0.14,76.0,0.074,0.153,0.113275,82.93,0.104,0,ETH-21JUN19-240-C,269.1,90.54,0.115,60.0,0.123,60.0,119.43,0.05738,-0.48798,0.02802,0.00715,0.89287
271.38,ETH-28JUN19,1560682740765,open,0.04,12.0,0.016,0.099,0.057438,83.6,0.048,0.0,ETH-28JUN19-270-P,269.1,77.39,0.053,100.0,0.06,100.0,87.18,0.19412,-0.68325,-0.04538,0.00969,-0.45652
9306.29,BTC-27SEP19,1560682740762,open,0.11,622.2,0.06,0.1395,0.0998021,76.89,0.1,0.0,BTC-27SEP19-11000-C,9099.46,72.63,0.091,13.6,0.1085,3.6,81.07,19.29863,-7.21202,8.36179,0.0001,0.41859
271.38,ETH-28JUN19,1560682740792,open,0.26,0.0,0.242,0.345,0.29341,87.92,None,0.0,ETH-26JUL19-340-P,269.1,0.0,0.21,48.0,0.344,48.0,130.56,0.29336,-0.32342,-0.30513,0.00415,-0.73578
269.1,index_price,1560682740805,open,0.0,35.0,0.001,0.042,0.002744,93.7,0.003,0,ETH-21JUN19-320-C,269.1,87.91,0.002,1.0,0.004,300.0,101.81,0.03759,-0.36117,0.0021,0.00415,0.06111
9306.33,BTC-27SEP19,1560682740806,open,0.1,82.7,0.0655,0.154,0.10969593,74.03,0.132,0.0,BTC-27DEC19-7500-P,9099.46,70.28,0.101,5.0,0.1165,4.9,76.95,21.62252,-4.1282,-17.85554,6e-05,-0.25152
9306.29,BTC-27SEP19,1560682740818,open,0.01,399.7,0.0005,0.0505,0.01055017,81.47,0.011,0.0,BTC-27SEP19-5000-P,9099.46,79.48,0.0095,10.2,0.0155,6.0,89.8,5.03126,-1.99228,-1.56749,3e-05,-0.04921
271.38,ETH-28JUN19,1560682740858,open,0.3,0.0,0.239,0.318,0.278911,83.36,None,0.0,ETH-26JUL19-200-C,269.1,0.0,0.26,1.0,0.322,100.0,139.01,0.16476,-0.17221,0.18222,0.00246,0.89352
9306.29,BTC-27SEP19,1560682740920,open,0.01,281.9,0.0005,0.05,0.0098873,85.83,0.008,0.0,BTC-27SEP19-4750-P,9099.46,79.5,0.007,10.0,0.0135,6.0,92.56,4.61629,-1.9256,-1.41882,2e-05,-0.0442
269.1,index_price,1560682740932,open,0.0,222.0,0.001,0.045,0.005137,82.93,0.002,0,ETH-21JUN19-240-P,269.1,65.22,0.002,300.0,0.006,102.0,86.85,0.05738,-0.48798,-0.00404,0.00715,-0.10713
271.38,ETH-28JUN19,1560682740981,open,0.04,2686.0,0.001,0.069,0.029618,88.38,0.032,0.0,ETH-26JUL19-360-C,269.1,84.45,0.026,151.0,0.033,150.0,91.91,0.2554,-0.28303,0.05222,0.00359,0.20574
9306.29,BTC-27SEP19,1560682740980,open,0.01,225.5,0.0005,0.0485,0.00826899,88.12,0.0065,0.0,BTC-27SEP19-4500-P,9099.46,80.97,0.0055,10.0,0.0115,6.0,95.03,3.99198,-1.70968,-1.18637,2e-05,-0.03696
9200.31,BTC-28JUN19,1560682741028,open,0.08,71.5,0.031,0.1105,0.07071791,79.27,0.0765,0.0,BTC-26JUL19-10000-C,9099.46,74.84,0.065,7.0,0.075,0.9,82.57,11.92113,-11.84887,3.56885,0.00016,0.42578
9306.33,BTC-27SEP19,1560682741042,open,1.32,0.0,1.2795,1.469,1.37431773,90.14,None,0.0,BTC-27SEP19-22000-P,9099.46,0.0,1.3165,1.3,1.428,1.3,138.22,5.85171,-2.56373,-60.71609,3e-05,-0.94044
9306.29,BTC-27SEP19,1560682741089,open,0.19,464.0,0.1435,0.223,0.1833089,73.37,0.1895,0.0,BTC-27DEC19-10000-C,9099.46,73.26,0.183,12.0,0.2005,3.6,79.34,26.82052,-5.07464,18.26751,8e-05,0.55286
9200.31,BTC-28JUN19,1560682741096,open,0.15,25.6,0.0995,0.179,0.1390555,76.12,0.1025,0.0,BTC-26JUL19-8500-C,9099.46,72.3,0.1345,21.4,0.149,14.4,84.39,11.01003,-10.50817,5.33871,0.00016,0.67021
9306.29,BTC-27SEP19,1560682741126,open,0.01,1038.2,0.0005,0.047,0.00679931,90.34,0.0115,0.0,BTC-27SEP19-4250-P,9099.46,83.34,0.0045,15.0,0.0095,6.0,97.07,3.40478,-1.49491,-0.97741,2e-05,-0.03046
9200.31,BTC-28JUN19,1560682741152,open,0.1,13.4,0.0465,0.126,0.0863732,76.2,0.1045,0.0,BTC-26JUL19-9500-C,9099.46,74.4,0.084,7.0,0.096,14.4,83.5,12.13165,-11.59075,4.15203,0.00017,0.49946
9200.31,BTC-28JUN19,1560682741205,open,0.07,24.9,0.0365,0.1225,0.07938173,84.5,0.075,0.0,BTC-28JUN19-9500-P,9099.46,76.24,0.0735,18.0,0.0785,0.6,83.26,6.56132,-23.34319,-1.89399,0.00028,-0.55334
271.38,ETH-28JUN19,1560682741204,open,0.32,0.0,0.302,0.41,0.356178,88.39,None,0.0,ETH-26JUL19-360-P,269.1,0.0,0.275,48.0,0.402,48.0,130.41,0.25542,-0.28307,-0.34107,0.00359,-0.79424
271.38,ETH-28JUN19,1560682741239,open,0.24,20.0,0.182,0.261,0.221068,83.4,0.171,0.0,ETH-26JUL19-220-C,269.1,60.62,0.203,100.0,0.258,100.0,121.86,0.23883,-0.24975,0.17631,0.00356,0.81575
9306.29,BTC-27SEP19,1560682741228,open,0.0,386.5,0.0005,0.0455,0.00562362,92.94,0.0055,0.0,BTC-27SEP19-4000-P,9099.46,82.98,0.003,14.1,0.0085,6.0,101.14,2.89829,-1.30915,-0.80615,1e-05,-0.02511
279.2,ETH-27SEP19,1560682741282,open,0.03,832.0,0.001,0.07,0.030627,98.34,0.035,0.0,ETH-27SEP19-560-C,269.1,95.21,0.027,60.0,0.035,60.0,101.9,0.33286,-0.1591,0.08752,0.00154,0.14185
271.38,ETH-28JUN19,1560682741285,open,0.08,0.0,0.059,0.147,0.103056,84.6,None,0.0,ETH-28JUN19-290-P,269.1,75.53,0.097,100.0,0.105,100.0,87.47,0.18313,-0.65231,-0.06561,0.00903,-0.64003
269.1,index_price,1560682741295,open,0.01,580.0,0.001,0.052,0.011735,82.93,0.011,0,ETH-21JUN19-250-P,269.1,71.07,0.008,240.0,0.013,242.0,86.71,0.08894,-0.75637,-0.00787,0.01109,-0.20724
9306.33,BTC-27SEP19,1560682741376,open,0.08,67.2,0.0445,0.131,0.08750111,74.29,0.1005,0.0,BTC-27DEC19-7000-P,9099.46,70.97,0.0805,5.0,0.093,4.9,76.88,19.7004,-3.77448,-14.84524,6e-05,-0.21281
9306.29,BTC-27SEP19,1560682741377,open,0.24,227.8,0.182,0.2615,0.22153561,72.41,0.23,0.0,BTC-27DEC19-9000-C,9099.46,71.3,0.2185,10.6,0.2405,3.6,79.31,25.64747,-4.78917,20.10545,8e-05,0.62827
9306.3,BTC-27SEP19,1560682741419,open,0.66,0.0,0.614,0.6935,0.6538222,101.86,None,0.0,BTC-27SEP19-3250-C,9099.26,0.0,0.611,1.3,0.695,1.3,193.21,1.69232,-0.83778,8.73004,1e-05,0.98665
9200.29,BTC-28JUN19,1560682741419,open,0.79,20.1,0.743,0.8225,0.78261602,201.24,0.578,0.0,BTC-28JUN19-2000-C,9099.26,0.0,0.76,6.0,0.799,1.0,500.0,0.00044,-0.00373,0.6507,0.0,0.99999
9200.29,BTC-28JUN19,1560682741419,open,0.0,1867.2,0.0005,0.0405,0.00074623,107.38,0.0005,0.0,BTC-28JUN19-6000-P,9099.26,0.0,0.0,0.0,0.0015,30.0,119.01,0.46584,-2.10599,-0.034,2e-05,-0.01061
9200.29,BTC-28JUN19,1560682741419,open,0.0,266.4,0.0005,0.04,1.54e-06,110.0,0.0005,0.0,BTC-28JUN19-4250-P,9099.26,0.0,0.0,0.0,0.0005,3.0,174.94,0.0023,-0.01064,-0.0001,0.0,-3e-05
9306.3,BTC-27SEP19,1560682741419,open,0.39,717.9,0.3415,0.421,0.38139677,79.85,0.302,0.0,BTC-27SEP19-6000-C,9099.26,0.0,0.342,1.3,0.4,1.0,97.29,9.05406,-3.51389,13.44199,5e-05,0.89386
9200.29,BTC-28JUN19,1560682741419,open,0.02,782.1,0.0005,0.051,0.01145617,88.38,0.008,0.0,BTC-28JUN19-11000-C,9099.26,78.13,0.0075,30.0,0.014,30.0,94.23,3.85109,-14.33023,0.41155,0.00016,0.14894
9200.29,BTC-28JUN19,1560682741419,open,0.03,290.1,0.0005,0.058,0.01828006,86.28,0.0155,0.0,BTC-28JUN19-10500-C,9099.26,78.97,0.0145,24.0,0.018,0.6,85.75,4.91724,-17.86204,0.60465,0.00021,0.22027
9200.29,BTC-28JUN19,1560682741419,open,0.0,884.7,0.0005,0.04,0.00022871,110.0,0.0005,0.0,BTC-28JUN19-5500-P,9099.26,0.0,0.0,0.0,0.0015,0.5,140.15,0.17663,-0.81801,-0.01131,1e-05,-0.00355
9200.29,BTC-28JUN19,1560682741418,open,0.05,48.0,0.0205,0.105,0.06293741,76.12,0.054,0.0,BTC-26JUL19-8500-P,9099.26,69.04,0.0545,1.0,0.0665,19.3,79.09,11.01005,-10.50826,-3.94745,0.00016,-0.3298
9200.29,BTC-28JUN19,1560682741420,open,0.47,688.1,0.417,0.4965,0.45658291,110.25,0.45,0.0,BTC-28JUN19-5000-C,9099.26,0.0,0.4355,6.0,0.4775,6.0,283.3,0.04411,-0.20475,1.62436,0.0,0.99923
9200.29,BTC-28JUN19,1560682741420,open,0.0,539.6,0.0005,0.04,3.8e-07,110.0,0.0005,0.0,BTC-28JUN19-4000-P,9099.26,0.0,0.0,0.0,0.0005,3.4,187.71,0.00065,-0.003,-3e-05,0.0,-1e-05
9200.29,BTC-28JUN19,1560682741420,open,0.0,793.3,0.0005,0.0405,0.0005603,109.88,0.0005,0.0,BTC-28JUN19-15000-C,9099.26,0.0,0.0,0.0,0.0015,40.0,124.62,0.40179,-1.85871,0.02514,1e-05,0.00896
9200.29,BTC-28JUN19,1560682741420,open,0.0,133.4,0.0005,0.04,8e-08,110.0,0.0005,0.0,BTC-28JUN19-3750-P,9099.26,0.0,0.0,0.0,0.0155,1.0,361.57,0.00015,-0.0007,-1e-05,0.0,0.0
9200.09,BTC-28JUN19,1560682741421,open,0.0,520.6,0.0005,0.04,0.0,110.0,0.0005,0.0,BTC-28JUN19-2000-P,9099.26,0.0,0.0,0.0,0.001,4.8,364.06,0.0,0.0,0.0,0.0,0.0
9099.26,index_price,1560682741419,open,0.0,290.0,0.0005,0.0405,0.00051685,103.33,0.0005,0,BTC-21JUN19-7000-P,9099.26,0.0,0.0,0.0,0.001,2.0,113.92,0.32943,-3.49095,-0.01526,3e-05,-0.01204
9200.09,BTC-28JUN19,1560682741422,open,0.0,1139.9,0.0005,0.041,0.00098587,93.01,0.0005,0.0,BTC-28JUN19-6500-P,9099.26,0.0,0.0,0.0,0.0015,11.4,99.34,0.64985,-2.54485,-0.04964,3e-05,-0.0156
9306.3,BTC-27SEP19,1560682741419,open,2.39,0.0,2.3195,2.596,2.45773495,95.92,None,0.0,BTC-27DEC19-32000-P,9099.26,0.0,2.348,1.3,2.5155,1.3,131.68,9.91284,-2.45217,-167.05601,2e-05,-0.92178
9200.09,BTC-28JUN19,1560682741422,open,0.0,402.3,0.0005,0.04,1e-08,110.0,0.0005,0.0,BTC-28JUN19-3500-P,9099.26,0.0,0.0,0.0,0.011,1.0,355.59,3e-05,-0.00012,0.0,0.0,0.0
9306.3,BTC-27SEP19,1560682741421,open,0.04,40.2,0.0005,0.0765,0.03652524,86.17,0.039,0.0,BTC-27DEC19-22000-C,9099.26,82.72,0.031,6.0,0.042,6.0,89.35,15.49377,-3.44307,5.38613,4e-05,0.14549
9306.3,BTC-27SEP19,1560682741423,open,0.0,427.9,0.0005,0.0435,0.0034903,97.38,0.0015,0.0,BTC-27SEP19-3500-P,9099.26,74.15,0.0005,105.1,0.0065,6.0,109.18,1.95357,-0.92459,-0.50528,1e-05,-0.01577
9306.1,BTC-27SEP19,1560682741419,open,0.55,6.6,0.497,0.5765,0.53673782,80.23,0.4515,0.0,BTC-27DEC19-4500-C,9099.26,0.0,0.491,1.3,0.587,1.3,123.93,8.33061,-1.72375,19.81508,2e-05,0.9376
9200.09,BTC-28JUN19,1560682741418,open,0.05,66.2,0.0025,0.082,0.04239089,79.62,0.0485,0.0,BTC-26JUL19-11000-C,9099.26,73.89,0.036,19.3,0.0475,19.3,84.07,10.44336,-10.42587,2.5093,0.00014,0.29205
9200.09,BTC-28JUN19,1560682741424,open,0.01,652.8,0.0005,0.0465,0.00644374,87.12,0.0065,0.0,BTC-28JUN19-7500-P,9099.26,77.37,0.004,31.0,0.008,5.0,92.45,2.55925,-9.38719,-0.2707,0.00011,-0.08399
9200.09,BTC-28JUN19,1560682741424,open,0.01,724.3,0.0005,0.0435,0.00386026,89.62,0.001,0.0,BTC-28JUN19-12000-C,9099.26,70.86,0.001,140.0,0.006,0.5,98.53,1.95256,-7.36774,0.16524,8e-05,0.05906
9306.1,BTC-27SEP19,1560682741420,open,0.0,102.2,0.0005,0.041,0.00118169,110.0,0.0005,0.0,BTC-27DEC19-1500-P,9099.26,0.0,0.0,0.0,0.0025,0.1,122.53,0.75075,-0.21298,-0.2417,0.0,-0.00371
9306.1,BTC-27SEP19,1560682741421,open,0.01,96.6,0.0005,0.0495,0.00952903,86.14,0.011,0.0,BTC-27DEC19-3500-P,9099.26,79.53,0.0065,34.6,0.013,6.0,92.48,4.69486,-1.04293,-1.98503,1e-05,-0.03063
9200.09,BTC-28JUN19,1560682741419,open,0.11,33.0,0.0745,0.1635,0.1189471,76.19,0.098,0.0,BTC-26JUL19-9500-P,9099.26,67.5,0.1075,14.4,0.12,0.1,76.98,12.13136,-11.58888,-6.22696,0.00017,-0.50059
9306.1,BTC-27SEP19,1560682741419,open,0.03,186.7,0.0005,0.0665,0.02680083,90.22,0.0235,0.0,BTC-27DEC19-26000-C,9099.26,86.09,0.0215,6.0,0.032,6.0,93.87,12.63867,-2.94056,4.04469,3e-05,0.10863
9099.26,index_price,1560682741418,open,0.15,119.4,0.0855,0.165,0.12540439,87.66,0.1395,0,BTC-21JUN19-8000-C,9099.26,0.0,0.1135,6.1,0.151,6.2,175.42,1.75227,-15.75225,0.9498,0.00018,0.90682
9099.26,index_price,1560682741419,open,0.08,29.4,0.021,0.1005,0.0608457,85.53,0.0605,0,BTC-21JUN19-8750-C,9099.26,85.9,0.061,18.0,0.0655,0.6,96.58,3.79944,-33.3263,0.74281,0.0004,0.67197
9306.1,BTC-27SEP19,1560682741419,open,0.03,19.0,0.0005,0.0635,0.02375419,92.27,0.017,0.0,BTC-27DEC19-28000-C,9099.26,87.77,0.0185,7.0,0.029,6.0,96.26,11.59576,-2.75934,3.59554,3e-05,0.09649
9306.1,BTC-27SEP19,1560682741419,open,0.84,0.0,0.8005,0.88,0.84000105,110.05,None,0.0,BTC-27DEC19-1500-C,9099.26,0.0,0.7885,1.3,0.892,1.3,263.48,0.75244,-0.21355,7.72514,0.0,0.99628
9306.1,BTC-27SEP19,1560682741580,open,0.16,301.6,0.1145,0.194,0.1541499,74.85,0.1405,0.0,BTC-27DEC19-11000-C,9099.26,73.77,0.151,7.1,0.1675,3.6,79.44,27.0424,-5.2202,16.4296,8e-05,0.48653
271.38,ETH-28JUN19,1560682741619,open,0.19,400.0,0.132,0.211,0.171115,83.4,0.174,0.0,ETH-26JUL19-240-C,269.1,79.68,0.167,120.0,0.189,120.0,99.25,0.30181,-0.3156,0.16281,0.0045,0.72026
9306.3,BTC-27SEP19,1560682741660,open,0.02,305.5,0.0005,0.067,0.02612144,79.85,0.0325,0.0,BTC-27SEP19-6000-P,9099.26,76.03,0.0225,6.0,0.0305,6.0,84.23,9.05407,-3.5139,-3.46909,5e-05,-0.10614
269.1,index_price,1560682741660,open,0.01,258.0,0.001,0.063,0.023061,82.93,0.013,0,ETH-21JUN19-260-P,269.1,66.02,0.016,240.0,0.022,2.0,80.42,0.11422,-0.97139,-0.01312,0.01424,-0.34206
271.38,ETH-28JUN19,1560682741775,open,0.13,0.0,0.114,0.206,0.159974,85.46,None,0.0,ETH-28JUN19-310-P,269.1,0.0,0.139,60.0,0.178,60.0,116.37,0.14339,-0.51593,-0.08336,0.007,-0.78407
279.2,ETH-27SEP19,1560682741877,open,0.31,863.0,0.259,0.338,0.298943,92.51,0.323,0.0,ETH-27SEP19-220-C,269.1,69.64,0.263,100.0,0.332,100.0,112.61,0.45277,-0.20358,0.36875,0.00223,0.76754
271.38,ETH-28JUN19,1560682741877,open,0.43,924.0,0.371,0.45,0.410602,110.0,0.35,0.0,ETH-28JUN19-160-C,269.1,0.0,0.391,60.0,0.432,60.0,254.89,0.00431,-0.01994,0.05179,0.00016,0.99713
279.2,ETH-27SEP19,1560682741877,open,0.22,85.0,0.192,0.29,0.241022,92.73,0.262,0.0,ETH-27SEP19-300-P,269.1,87.5,0.23,36.0,0.248,36.0,96.04,0.58838,-0.26517,-0.55173,0.00289,-0.4601
271.38,ETH-28JUN19,1560682741877,open,0.1,171.0,0.086,0.175,0.130223,84.87,0.268,0.0,ETH-28JUN19-300-P,269.1,34.78,0.107,60.0,0.151,60.0,117.07,0.1652,-0.5903,-0.07494,0.00812,-0.71851
279.2,ETH-27SEP19,1560682741877,open,0.02,5682.0,0.001,0.064,0.023368,92.48,0.023,0.0,ETH-27SEP19-160-P,269.1,85.59,0.018,60.0,0.025,60.0,94.45,0.22836,-0.10264,-0.08439,0.00112,-0.08388
279.2,ETH-27SEP19,1560682741877,open,0.24,1232.0,0.184,0.263,0.223616,92.51,0.189,0.0,ETH-27SEP19-260-C,269.1,88.63,0.216,100.0,0.23,100.0,95.76,0.5479,-0.24634,0.33708,0.0027,0.65196
279.2,ETH-27SEP19,1560682741877,open,0.0,190.0,0.001,0.04,0.000146,100.98,0.001,0.0,ETH-27SEP19-60-P,269.1,0.0,0.0,0.0,0.0,0.0,0.0,0.00433,-0.00212,-0.00079,2e-05,-0.00086
279.2,ETH-27SEP19,1560682741880,open,0.0,8190.0,0.001,0.045,0.005538,92.67,0.005,0.0,ETH-27SEP19-120-P,269.1,82.99,0.003,100.0,0.008,60.0,99.84,0.08621,-0.03883,-0.02392,0.00042,-0.02485
271.38,ETH-28JUN19,1560682741890,open,0.64,0.0,0.592,0.671,0.631513,110.0,None,0.0,ETH-28JUN19-100-C,269.1,0.0,0.61,60.0,0.654,60.0,438.73,0.0,0.0,0.03254,0.0,1.0
271.38,ETH-28JUN19,1560682741890,open,0.36,3454.0,0.298,0.377,0.337757,108.51,0.289,0.0,ETH-28JUN19-180-C,269.1,0.0,0.318,60.0,0.358,60.0,208.99,0.01754,-0.08012,0.05723,0.00067,0.98594
271.38,ETH-28JUN19,1560682741897,open,0.39,1119.0,0.335,0.414,0.374056,110.0,0.37,0.0,ETH-28JUN19-170-C,269.1,0.0,0.355,60.0,0.395,60.0,231.32,0.00956,-0.04425,0.05465,0.00036,0.99299
279.2,ETH-27SEP19,1560682741897,open,0.36,1723.0,0.305,0.384,0.344152,92.52,0.337,0.0,ETH-27SEP19-200-C,269.1,59.99,0.304,100.0,0.381,100.0,118.12,0.38558,-0.17337,0.3764,0.0019,0.82247
271.38,ETH-28JUN19,1560682741918,open,0.57,50.0,0.518,0.597,0.557816,110.0,0.547,0.0,ETH-28JUN19-120-C,269.1,0.0,0.537,60.0,0.58,60.0,366.72,3e-05,-0.00013,0.03904,0.0,0.99999
279.2,ETH-27SEP19,1560682741918,open,0.11,1666.0,0.074,0.163,0.1184,92.47,0.11,0.0,ETH-27SEP19-240-P,269.1,88.4,0.111,100.0,0.121,100.0,93.9,0.50732,-0.22801,-0.32132,0.0025,-0.28992
271.38,ETH-28JUN19,1560682741918,open,0.0,6718.0,0.001,0.043,0.003036,89.72,0.005,0.0,ETH-28JUN19-360-C,269.1,74.59,0.001,313.0,0.004,100.0,94.66,0.04881,-0.18437,0.00396,0.00227,0.04793
279.2,ETH-27SEP19,1560682741918,open,0.27,647.0,0.238,0.341,0.289504,92.74,0.287,0.0,ETH-27SEP19-320-P,269.1,87.77,0.279,36.0,0.298,36.0,96.75,0.59106,-0.2664,-0.63097,0.0029,-0.51231
271.38,ETH-28JUN19,1560682741929,open,0.1,2165.0,0.043,0.122,0.082142,83.57,0.095,0.0,ETH-28JUN19-260-C,269.1,77.41,0.078,300.0,0.087,120.0,90.75,0.18306,-0.6441,0.04929,0.00914,0.64041
279.2,ETH-27SEP19,1560682741929,open,0.16,1751.0,0.104,0.183,0.143454,92.78,0.125,0.0,ETH-27SEP19-320-C,269.1,90.67,0.139,120.0,0.151,120.0,96.34,0.59106,-0.26652,0.27096,0.0029,0.48778
9306.1,BTC-27SEP19,1560682741973,open,0.08,106.3,0.032,0.1115,0.07191285,80.45,0.0555,0.0,BTC-27DEC19-16000-C,9099.26,77.72,0.0655,8.0,0.0785,4.9,83.18,22.17276,-4.60053,9.49522,6e-05,0.264
271.38,ETH-28JUN19,1560682741998,open,0.0,8261.0,0.001,0.04,7.7e-05,110.0,0.002,0.0,ETH-28JUN19-500-C,269.1,0.0,0.0,0.0,0.002,474.0,155.93,0.0023,-0.01065,0.00012,9e-05,0.00144
279.2,ETH-27SEP19,1560682742016,open,0.59,47.0,0.536,0.615,0.575769,92.77,0.564,0.0,ETH-27SEP19-120-C,269.1,0.0,0.527,12.0,0.608,2.0,151.37,0.08648,-0.03899,0.31421,0.00042,0.97505
271.38,ETH-28JUN19,1560682742028,open,0.5,335.0,0.445,0.524,0.484134,110.0,0.481,0.0,ETH-28JUN19-140-C,269.1,0.0,0.464,60.0,0.506,60.0,306.68,0.00054,-0.00248,0.04552,2e-05,0.9997
269.1,index_price,1560682742033,open,0.03,24.0,0.001,0.081,0.039982,82.93,0.036,0,ETH-21JUN19-270-P,269.1,63.45,0.031,180.0,0.038,1.0,78.63,0.12407,-1.05512,-0.01922,0.01547,-0.49478
271.38,ETH-28JUN19,1560682742053,open,0.0,4695.0,0.001,0.04,0.0,110.0,0.001,0.0,ETH-28JUN19-110-P,269.1,0.0,0.0,0.0,0.002,100.0,243.46,0.0,-2e-05,0.0,0.0,0.0
279.2,ETH-27SEP19,1560682742064,open,0.21,2089.0,0.153,0.232,0.192819,92.5,0.186,0.0,ETH-27SEP19-280-C,269.1,89.19,0.186,100.0,0.2,100.0,96.0,0.57459,-0.25833,0.31627,0.00283,0.59473
279.2,ETH-27SEP19,1560682742066,open,0.08,2645.0,0.044,0.13,0.086853,92.48,0.071,0.0,ETH-27SEP19-220-P,269.1,88.23,0.08,100.0,0.089,148.0,93.8,0.45274,-0.20349,-0.25125,0.00223,-0.23243
279.2,ETH-27SEP19,1560682742080,open,0.0,1744.0,0.001,0.04,0.000742,98.17,0.002,0.0,ETH-27SEP19-80-P,269.1,0.0,0.0,0.0,0.0,0.0,0.0,0.01725,-0.00823,-0.00367,8e-05,-0.00392
271.38,ETH-28JUN19,1560682742080,open,0.0,7876.0,0.001,0.04,0.000483,110.0,0.001,0.0,ETH-28JUN19-170-P,269.1,0.0,0.0,0.0,0.001,200.0,121.23,0.00956,-0.04425,-0.00066,0.00036,-0.00701
279.2,ETH-27SEP19,1560682742090,open,0.14,1001.0,0.086,0.165,0.125646,93.83,0.127,0.0,ETH-27SEP19-340-C,269.1,91.13,0.12,120.0,0.131,120.0,96.38,0.58503,-0.26678,0.24877,0.00284,0.44178
279.2,ETH-27SEP19,1560682742090,open,0.07,1055.0,0.023,0.102,0.062959,95.47,0.052,0.0,ETH-27SEP19-440-C,269.1,92.56,0.058,198.0,0.068,150.0,98.37,0.4806,-0.223,0.1549,0.00229,0.2598
271.38,ETH-28JUN19,1560682742090,open,0.43,60.0,0.417,0.534,0.475263,101.01,0.683,0.0,ETH-28JUN19-400-P,269.1,0.0,0.449,60.0,0.494,60.0,174.93,0.02447,-0.10407,-0.12843,0.00101,-0.97923
279.2,ETH-27SEP19,1560682742090,open,0.09,2155.0,0.044,0.123,0.083103,95.12,0.088,0.0,ETH-27SEP19-400-C,269.1,92.95,0.079,150.0,0.09,48.0,98.71,0.53209,-0.24598,0.18873,0.00255,0.32294
9306.1,BTC-27SEP19,1560682742095,open,0.26,3.2,0.231,0.333,0.28179742,76.88,0.481,0.0,BTC-27SEP19-11000-P,9099.26,71.41,0.2705,3.6,0.291,3.6,81.3,19.29775,-7.21085,-22.6426,0.0001,-0.58146
271.38,ETH-28JUN19,1560682742132,open,0.0,5711.0,0.001,0.04,0.000182,110.0,0.001,0.0,ETH-28JUN19-160-P,269.1,0.0,0.0,0.0,0.002,100.0,150.17,0.00431,-0.01994,-0.00027,0.00016,-0.00287
271.38,ETH-28JUN19,1560682742200,open,0.16,81.0,0.144,0.239,0.191415,85.63,0.347,0.0,ETH-28JUN19-320-P,269.1,0.0,0.17,60.0,0.21,60.0,121.23,0.11966,-0.43139,-0.09097,0.00583,-0.83886
9306.1,BTC-27SEP19,1560682742219,open,0.09,227.0,0.043,0.1225,0.08253462,79.45,0.0755,0.0,BTC-27DEC19-15000-C,9099.26,76.62,0.0755,8.0,0.09,4.9,82.38,23.45027,-4.80471,10.56841,6e-05,0.29634
271.38,ETH-28JUN19,1560682742239,open,0.0,7787.0,0.001,0.04,5.9e-05,110.0,0.001,0.0,ETH-28JUN19-150-P,269.1,0.0,0.0,0.0,0.001,619.0,149.99,0.00166,-0.0077,-9e-05,6e-05,-0.00101
271.38,ETH-28JUN19,1560682742239,open,0.79,120.0,0.769,0.916,0.842512,110.0,1.102,0.0,ETH-28JUN19-500-P,269.1,0.0,0.813,60.0,0.864,60.0,242.55,0.0023,-0.01065,-0.16256,9e-05,-0.99856
271.38,ETH-28JUN19,1560682742241,open,0.0,4787.0,0.001,0.045,0.00505,83.57,0.005,0.0,ETH-28JUN19-220-P,269.1,74.13,0.003,420.0,0.006,100.0,87.29,0.0665,-0.234,-0.00672,0.00332,-0.07108
279.2,ETH-27SEP19,1560682742243,open,0.59,47.0,0.536,0.615,0.575741,92.77,0.564,0.0,ETH-27SEP19-120-C,269.1,0.0,0.527,12.0,0.607,2.0,150.01,0.08648,-0.03899,0.31421,0.00042,0.97505
271.38,ETH-28JUN19,1560682742249,open,0.0,7937.0,0.001,0.041,0.001076,96.4,0.001,0.0,ETH-28JUN19-190-P,269.1,0.0,0.0,0.0,0.002,400.0,106.64,0.0199,-0.08077,-0.00153,0.00086,-0.01629
279.18,ETH-27SEP19,1560682742249,open,0.31,236.0,0.29,0.397,0.343324,93.75,0.38,0.0,ETH-27SEP19-340-P,269.1,87.85,0.331,36.0,0.351,36.0,97.41,0.58493,-0.26653,-0.7096,0.00284,-0.55848
9306.1,BTC-27SEP19,1560682742271,open,0.05,299.6,0.0055,0.085,0.04522334,84.65,0.045,0.0,BTC-27DEC19-20000-C,9099.26,80.68,0.038,4.9,0.049,10.0,86.62,17.53228,-3.82755,6.45321,5e-05,0.17577
271.38,ETH-28JUN19,1560682742308,open,0.18,0.0,0.123,0.202,0.162031,83.57,None,0.0,ETH-28JUN19-230-C,269.1,0.0,0.146,100.0,0.181,100.0,126.24,0.09816,-0.34539,0.06336,0.0049,0.87958
271.38,ETH-28JUN19,1560682742321,open,0.25,770.0,0.189,0.268,0.228812,85.02,0.225,0.0,ETH-28JUN19-210-C,269.1,0.0,0.211,60.0,0.248,100.0,150.15,0.04233,-0.15154,0.06455,0.00208,0.95982
279.18,ETH-27SEP19,1560682742321,open,0.27,2210.0,0.219,0.298,0.258863,92.53,0.23,0.0,ETH-27SEP19-240-C,269.1,88.2,0.251,100.0,0.265,100.0,95.9,0.50733,-0.22815,0.35501,0.0025,0.71002
279.18,ETH-27SEP19,1560682742321,open,0.18,2707.0,0.127,0.206,0.1666,92.78,0.146,0.0,ETH-27SEP19-300-C,269.1,90.12,0.161,120.0,0.176,36.0,97.24,0.58833,-0.26529,0.29376,0.00289,0.53993
271.38,ETH-28JUN19,1560682742321,open,0.0,8702.0,0.001,0.041,0.001034,108.51,0.001,0.0,ETH-28JUN19-180-P,269.1,0.0,0.0,0.0,0.002,200.0,120.45,0.01754,-0.08012,-0.00133,0.00067,-0.01406
279.18,ETH-27SEP19,1560682742321,open,0.01,7505.0,0.001,0.052,0.012318,92.47,0.008,0.0,ETH-27SEP19-140-P,269.1,85.89,0.009,60.0,0.014,60.0,95.49,0.15123,-0.06797,-0.04851,0.00074,-0.04933
9306.1,BTC-27SEP19,1560682742345,open,0.04,158.1,0.0005,0.075,0.0353485,80.42,0.039,0.0,BTC-27SEP19-15000-C,9099.26,77.25,0.031,4.9,0.04,0.5,83.65,13.09123,-5.11689,3.8683,7e-05,0.18283
271.38,ETH-28JUN19,1560682742349,open,0.22,1522.0,0.155,0.234,0.194379,83.57,0.154,0.0,ETH-28JUN19-220-C,269.1,0.0,0.179,100.0,0.213,100.0,135.4,0.0665,-0.234,0.06486,0.00332,0.92892
269.1,index_price,1560682742403,open,0.04,72.0,0.022,0.106,0.063616,85.41,0.057,0,ETH-21JUN19-280-P,269.1,60.07,0.053,180.0,0.062,180.0,81.66,0.11659,-1.02111,-0.02522,0.01411,-0.63792
9200.08,BTC-28JUN19,1560682742420,open,0.13,131.6,0.065,0.1445,0.10452909,85.1,0.1075,0.0,BTC-28JUN19-8500-C,9099.27,75.79,0.099,6.0,0.104,0.6,84.22,5.55501,-19.90227,1.8519,0.00024,0.7232
9200.08,BTC-28JUN19,1560682742420,open,0.03,366.9,0.0005,0.0695,0.02841301,85.06,0.0265,0.0,BTC-28JUN19-8500-P,9099.27,77.66,0.024,24.0,0.029,0.6,86.03,5.55442,-19.89197,-0.91343,0.00024,-0.27674
9200.08,BTC-28JUN19,1560682742420,open,0.24,0.0,0.207,0.307,0.25686283,89.52,None,0.0,BTC-28JUN19-11500-P,9099.27,0.0,0.2345,6.0,0.278,6.0,138.02,2.83984,-10.70378,-3.47303,0.00012,-0.90339
9200.08,BTC-28JUN19,1560682742420,open,0.05,1456.7,0.0005,0.0695,0.02981251,85.54,0.025,0.0,BTC-28JUN19-10000-C,9099.27,77.19,0.0245,24.0,0.0285,0.6,83.5,5.94688,-21.41651,0.87342,0.00025,0.3216
9200.08,BTC-28JUN19,1560682742420,open,0.36,1687.6,0.309,0.3885,0.34859285,107.66,0.3365,0.0,BTC-28JUN19-6000-C,9099.27,0.0,0.328,6.0,0.367,5.0,208.55,0.47202,-2.1396,1.91764,2e-05,0.98923
9200.08,BTC-28JUN19,1560682742422,open,0.52,216.1,0.471,0.5505,0.51089029,118.81,0.529,0.0,BTC-28JUN19-4500-C,9099.27,0.0,0.4895,6.0,0.532,6.0,323.6,0.01758,-0.08791,1.46322,0.0,0.99971
9200.08,BTC-28JUN19,1560682742423,open,0.0,578.6,0.0005,0.0405,0.00077278,100.4,0.001,0.0,BTC-28JUN19-14000-C,9099.27,0.0,0.0,0.0,0.0015,10.0,109.91,0.5537,-2.34064,0.03645,2e-05,0.01295
9099.27,index_price,1560682742420,open,0.01,136.9,0.0005,0.045,0.00501258,93.53,0.0055,0,BTC-21JUN19-10500-C,9099.27,82.57,0.003,0.6,0.007,20.0,102.48,1.87203,-17.95619,0.11784,0.00018,0.10197
9099.27,index_price,1560682742420,open,0.0,64.9,0.0005,0.04,1.439e-05,110.0,0.0005,0,BTC-21JUN19-6000-P,9099.27,0.0,0.0,0.0,0.0035,0.3,210.6,0.01591,-0.13093,-0.00053,0.0,-0.00042
9306.11,BTC-27SEP19,1560682742420,open,0.02,15.2,0.0005,0.059,0.0192137,95.93,0.0195,0.0,BTC-27DEC19-32000-C,9099.27,90.59,0.014,6.0,0.0245,6.0,100.56,9.91539,-2.45306,2.91808,2e-05,0.07825
9306.11,BTC-27SEP19,1560682742420,open,0.38,63.1,0.3305,0.41,0.37007889,74.88,0.311,0.0,BTC-27DEC19-6500-C,9099.27,50.42,0.328,1.3,0.42,1.3,100.29,17.55061,-3.38912,22.4346,5e-05,0.82394
9099.27,index_price,1560682742420,open,0.0,331.5,0.0005,0.041,0.00114409,89.76,0.001,0,BTC-21JUN19-7500-P,9099.27,87.73,0.001,12.0,0.0015,4.0,94.21,0.67061,-6.17315,-0.03512,7e-05,-0.02775
9200.09,BTC-28JUN19,1560682742420,open,0.4,0.0,0.372,0.486,0.42895221,82.83,None,0.0,BTC-26JUL19-13000-P,9099.27,0.0,0.3885,4.9,0.4525,4.9,110.38,6.43578,-6.68408,-13.05485,8e-05,-0.86991
9306.1,BTC-27SEP19,1560682742462,open,0.62,0.0,0.5815,0.713,0.64715986,80.4,None,0.0,BTC-27SEP19-15000-P,9099.27,0.0,0.602,1.3,0.6915,1.3,107.49,13.0864,-5.11343,-38.41131,7e-05,-0.81728
9200.09,BTC-28JUN19,1560682742464,open,0.0,10.3,0.0005,0.043,0.00306781,86.16,0.004,0.0,BTC-26JUL19-5500-P,9099.27,65.72,0.0005,100.1,0.005,0.3,94.6,1.8159,-1.96176,-0.28864,2e-05,-0.02565
9306.11,BTC-27SEP19,1560682742472,open,0.43,0.0,0.4,0.516,0.45806431,80.12,None,0.0,BTC-27SEP19-13000-P,9099.27,44.18,0.4065,1.3,0.502,1.3,103.09,16.72389,-6.51221,-30.81472,9e-05,-0.71675
9200.09,BTC-28JUN19,1560682742483,open,0.0,10.3,0.0005,0.043,0.00306781,86.16,0.004,0.0,BTC-26JUL19-5500-P,9099.27,76.48,0.0015,7.0,0.005,0.3,94.6,1.8159,-1.96176,-0.28864,2e-05,-0.02565
271.38,ETH-28JUN19,1560682742518,open,0.01,9.0,0.001,0.049,0.009552,83.57,0.012,0.0,ETH-28JUN19-230-P,269.09,76.09,0.007,420.0,0.011,220.0,87.47,0.09816,-0.34539,-0.01148,0.0049,-0.12042
271.38,ETH-28JUN19,1560682742518,open,0.13,9.0,0.066,0.145,0.105429,83.57,0.106,0.0,ETH-28JUN19-250-C,269.09,77.73,0.102,60.0,0.11,120.0,91.17,0.16116,-0.56706,0.05535,0.00805,0.73229
271.38,ETH-28JUN19,1560682742518,open,0.0,270.0,0.001,0.042,0.002698,86.19,0.003,0.0,ETH-26JUL19-160-P,269.09,73.78,0.001,221.0,0.004,100.0,92.62,0.04872,-0.05265,-0.00759,0.0007,-0.02291
279.17,ETH-27SEP19,1560682742520,open,0.04,907.0,0.001,0.078,0.038636,97.51,0.028,0.0,ETH-27SEP19-520-C,269.09,94.78,0.035,48.0,0.043,48.0,100.66,0.37917,-0.1797,0.10567,0.00177,0.17293
269.09,index_price,1560682742519,open,0.24,0.0,0.181,0.26,0.220623,109.06,None,0,ETH-21JUN19-210-C,269.09,0.0,0.211,60.0,0.239,1.0,219.56,0.01581,-0.17677,0.02725,0.0015,0.97882
269.09,index_price,1560682742518,open,0.02,1627.0,0.001,0.053,0.013841,87.06,0.019,0,ETH-21JUN19-290-C,269.09,79.0,0.011,240.0,0.017,240.0,95.56,0.09756,-0.87105,0.00827,0.01159,0.24403
269.09,index_price,1560682742518,open,0.19,60.0,0.179,0.276,0.227691,93.18,0.286,0,ETH-21JUN19-330-P,269.09,0.0,0.203,60.0,0.234,60.0,134.64,0.0228,-0.21787,-0.04295,0.00253,-0.96717
269.09,index_price,1560682742518,open,0.0,108.0,0.001,0.041,0.00111,92.47,0.001,0,ETH-21JUN19-220-P,269.09,0.0,0.0,0.0,0.002,400.0,102.95,0.01897,-0.17986,-0.00099,0.00212,-0.0263
269.09,index_price,1560682742518,open,0.0,68.0,0.001,0.041,0.001381,93.72,0.003,0,ETH-21JUN19-330-C,269.09,0.0,0.0,0.0,0.003,300.0,108.34,0.02327,-0.22361,0.00116,0.00257,0.03365
271.37,ETH-28JUN19,1560682742519,open,0.15,0.0,0.135,0.228,0.181416,87.87,None,0.0,ETH-26JUL19-300-P,269.09,65.48,0.153,144.0,0.18,144.0,86.77,0.35074,-0.38642,-0.22553,0.00496,-0.57932
269.09,index_price,1560682742519,open,0.1,1.0,0.078,0.167,0.122416,86.99,0.097,0,ETH-21JUN19-300-P,269.09,0.0,0.099,60.0,0.13,60.0,111.55,0.0729,-0.6503,-0.03491,0.00866,-0.8488
271.37,ETH-28JUN19,1560682742518,open,0.03,5.0,0.001,0.061,0.021216,88.39,0.02,0.0,ETH-26JUL19-380-C,269.09,82.85,0.017,150.0,0.024,150.0,91.81,0.21566,-0.23903,0.04029,0.00303,0.15713
9306.11,BTC-27SEP19,1560682742514,open,0.05,299.6,0.0055,0.085,0.04522334,84.65,0.045,0.0,BTC-27DEC19-20000-C,9099.27,82.91,0.042,8.0,0.049,10.0,86.62,17.53231,-3.82755,6.45322,5e-05,0.17577
9306.11,BTC-27SEP19,1560682742573,open,0.1,229.9,0.056,0.1355,0.09579556,78.54,0.0855,0.0,BTC-27DEC19-14000-C,9099.27,74.62,0.0855,4.9,0.1035,4.9,81.42,24.69764,-5.00257,11.80432,7e-05,0.3346
9306.11,BTC-27SEP19,1560682742589,open,0.1,229.9,0.056,0.1355,0.09579556,78.54,0.0855,0.0,BTC-27DEC19-14000-C,9099.27,75.58,0.088,8.0,0.1035,4.9,81.42,24.69764,-5.00257,11.80432,7e-05,0.3346
9306.11,BTC-27SEP19,1560682742650,open,0.12,133.2,0.074,0.1535,0.11375872,78.24,0.113,0.0,BTC-27DEC19-13000-C,9099.27,75.8,0.107,8.1,0.1205,4.9,80.66,25.85878,-5.21789,13.24325,7e-05,0.38167
9306.11,BTC-27SEP19,1560682742808,open,0.06,192.2,0.017,0.0965,0.05669291,82.82,0.055,0.0,BTC-27DEC19-18000-C,9099.27,81.54,0.054,0.1,0.061,4.9,84.82,19.78584,-4.22584,7.79608,5e-05,0.21441
9306.11,BTC-27SEP19,1560682742958,open,0.14,211.2,0.093,0.1725,0.13271962,76.93,0.115,0.0,BTC-27DEC19-12000-C,9099.27,72.82,0.121,3.6,0.1415,3.6,79.99,26.65561,-5.28869,14.75852,8e-05,0.43129
9306.11,BTC-27SEP19,1560682742992,open,0.14,211.2,0.093,0.1725,0.13271962,76.93,0.115,0.0,BTC-27DEC19-12000-C,9099.27,73.7,0.1235,8.0,0.1415,3.6,79.99,26.65561,-5.28869,14.75852,8e-05,0.43129
9200.09,BTC-28JUN19,1560682743266,open,0.32,0.0,0.264,0.3435,0.30365029,80.86,None,0.0,BTC-26JUL19-6500-C,9099.27,0.0,0.2915,5.0,0.336,4.9,130.42,4.34149,-4.40157,6.23666,6e-05,0.92415
9200.08,BTC-28JUN19,1560682743420,open,0.0,1060.7,0.0005,0.043,0.00290979,91.42,0.0015,0.0,BTC-28JUN19-7000-P,9099.13,75.64,0.001,4.0,0.0045,16.0,100.3,1.45765,-5.61084,-0.1313,6e-05,-0.04095
9306.1,BTC-27SEP19,1560682743420,open,0.03,94.3,0.0005,0.0685,0.02880475,82.07,0.0265,0.0,BTC-27SEP19-16000-C,9099.13,78.08,0.024,4.9,0.034,4.9,86.08,11.64422,-4.64443,3.24314,6e-05,0.15245
9306.1,BTC-27SEP19,1560682743420,open,1.53,0.0,1.484,1.6905,1.58734791,93.46,None,0.0,BTC-27SEP19-24000-P,9099.13,0.0,1.526,1.3,1.6435,1.3,146.76,4.95933,-2.25276,-66.59673,2e-05,-0.95167
9306.1,BTC-27SEP19,1560682743420,open,0.13,73.7,0.097,0.188,0.14240963,76.53,0.1325,0.0,BTC-27SEP19-9000-P,9099.13,71.41,0.132,4.9,0.15,4.9,80.26,18.92312,-7.03827,-13.903,0.0001,-0.38765
9306.1,BTC-27SEP19,1560682743422,open,0.79,28.2,0.7455,0.825,0.78543146,110.0,0.755,0.0,BTC-27SEP19-2000-C,9099.13,0.0,0.7415,1.3,0.829,1.3,277.24,0.2736,-0.14627,5.58279,0.0,0.99828
9200.08,BTC-28JUN19,1560682743422,open,0.0,318.6,0.0005,0.04,1.601e-05,110.0,0.0015,0.0,BTC-28JUN19-4750-P,9099.13,0.0,0.0,0.0,0.001,12.5,165.57,0.0184,-0.08521,-0.00095,0.0,-0.0003
9305.96,BTC-27SEP19,1560682743423,open,0.0,1646.2,0.0005,0.04,5.505e-05,110.0,0.0005,0.0,BTC-27SEP19-1500-P,9099.13,0.0,0.0,0.0,0.01,77.2,217.59,0.05737,-0.03067,-0.00973,0.0,-0.00032
9199.94,BTC-28JUN19,1560682743423,open,0.0,685.1,0.0005,0.04,0.0,110.0,0.001,0.0,BTC-28JUN19-2500-P,9099.13,0.0,0.0,0.0,0.0005,8.0,287.05,0.0,0.0,0.0,0.0,0.0
9305.96,BTC-27SEP19,1560682743423,open,0.52,0.0,0.489,0.6125,0.55059656,80.1,None,0.0,BTC-27SEP19-14000-P,9099.13,0.0,0.502,1.3,0.596,1.3,105.64,14.90342,-5.80231,-34.7081,8e-05,-0.77268
9305.96,BTC-27SEP19,1560682743423,open,0.02,228.6,0.0005,0.0595,0.0195779,84.89,0.0125,0.0,BTC-27SEP19-18000-C,9099.13,79.93,0.015,6.1,0.0245,6.0,89.62,9.15389,-3.77676,2.31309,4e-05,0.10777
9199.94,BTC-28JUN19,1560682743423,open,0.6,30.0,0.5525,0.632,0.59239493,138.34,0.298,0.0,BTC-28JUN19-3750-C,9099.13,0.0,0.571,6.0,0.614,6.0,395.07,0.00652,-0.03797,1.21979,0.0,0.9999
9199.94,BTC-28JUN19,1560682743424,open,1.13,0.4,1.087,1.2605,1.17389482,0.0,5.076,0.0,BTC-28JUN19-20000-P,9099.13,0.0,1.1465,6.0,1.2005,6.0,300.54,0.0,0.0,-6.50723,0.0,-1.0
9199.94,BTC-28JUN19,1560682743424,open,0.28,13.4,0.256,0.3605,0.30819516,89.53,0.506,0.0,BTC-28JUN19-12000-P,9099.13,0.0,0.286,6.0,0.33,6.0,148.32,1.94653,-7.33705,-3.73973,8e-05,-0.94117
9305.96,BTC-27SEP19,1560682743424,open,0.19,13.9,0.159,0.255,0.20682988,76.52,0.202,0.0,BTC-27SEP19-10000-P,9099.13,71.41,0.196,3.6,0.2125,0.1,79.2,19.70306,-7.32788,-18.26665,0.00011,-0.4896
9199.94,BTC-28JUN19,1560682743424,open,0.5,97.0,0.444,0.5235,0.48371615,113.32,0.1965,0.0,BTC-28JUN19-4750-C,9099.13,0.0,0.4625,6.0,0.505,6.0,304.0,0.02535,-0.12096,1.54412,0.0,0.99958
9199.94,BTC-28JUN19,1560682743424,open,0.0,481.8,0.0005,0.0415,0.00182893,96.6,0.003,0.0,BTC-28JUN19-13000-C,9099.13,80.58,0.0005,12.0,0.003,9.4,104.98,1.09485,-4.45302,0.08105,4e-05,0.02891
9305.96,BTC-27SEP19,1560682743424,open,0.56,0.2,0.5105,0.59,0.55011049,90.36,0.26,0.0,BTC-27SEP19-4250-C,9099.13,0.0,0.5085,1.3,0.5905,1.3,153.94,3.40687,-1.49613,11.00047,2e-05,0.96951
9199.94,BTC-28JUN19,1560682743425,open,0.6,4.4,0.566,0.696,0.63098074,109.3,0.8465,0.0,BTC-28JUN19-15000-P,9099.13,0.0,0.607,6.0,0.6535,6.0,212.18,0.38895,-1.78991,-4.85618,1e-05,-0.99137
9305.96,BTC-27SEP19,1560682743425,open,0.61,0.0,0.5615,0.641,0.60121804,94.0,None,0.0,BTC-27SEP19-3750-C,9099.13,0.0,0.5595,1.3,0.6425,1.3,171.79,2.30969,-1.05525,9.95627,1e-05,0.98081
9199.94,BTC-28JUN19,1560682743425,open,0.0,278.7,0.0005,0.04,5.31e-06,110.0,0.0005,0.0,BTC-28JUN19-4500-P,9099.13,0.0,0.0,0.0,0.0025,0.5,203.92,0.00696,-0.03223,-0.00033,0.0,-0.00011
9305.96,BTC-27SEP19,1560682743420,open,0.25,11.8,0.208,0.308,0.25786342,73.36,0.265,0.0,BTC-27DEC19-10000-P,9099.13,68.73,0.2445,3.6,0.267,3.6,76.53,26.8199,-5.07419,-34.85025,8e-05,-0.44718
9305.96,BTC-27SEP19,1560682743422,open,0.49,0.5,0.4505,0.571,0.51068495,78.23,0.584,0.0,BTC-27DEC19-13000-P,9099.13,50.03,0.4385,3.6,0.5565,3.6,94.39,25.8574,-5.21705,-55.80952,7e-05,-0.61837
9305.96,BTC-27SEP19,1560682743422,open,0.42,122.6,0.368,0.4475,0.4079287,75.82,0.39,0.0,BTC-27DEC19-6000-C,9099.13,43.69,0.365,1.3,0.45,0.1,99.91,15.25475,-2.98271,22.23822,4e-05,0.85782
9099.13,index_price,1560682743420,open,0.2,17.6,0.137,0.2165,0.17690214,89.93,0.149,0,BTC-21JUN19-7500-C,9099.13,0.0,0.1755,0.3,0.202,6.1,209.04,0.67508,-6.22573,0.96645,7e-05,0.97203
9099.13,index_price,1560682743419,open,0.36,2.9,0.301,0.3805,0.34062083,114.63,0.2535,0,BTC-21JUN19-6000-C,9099.13,0.0,0.328,6.0,0.3645,6.0,342.37,0.02434,-0.28608,0.80065,0.0,0.99933
9199.94,BTC-28JUN19,1560682743420,open,0.31,0.0,0.2765,0.3825,0.32950797,80.4,None,0.0,BTC-26JUL19-12000-P,9099.13,0.0,0.291,4.9,0.3525,4.9,103.17,8.33062,-8.3984,-11.42309,0.00011,-0.80703
9199.94,BTC-28JUN19,1560682743419,open,0.02,0.0,0.0005,0.0555,0.01592265,82.83,None,0.0,BTC-26JUL19-13000-C,9099.13,77.68,0.0125,24.0,0.02,24.0,88.38,6.43559,-6.6841,1.14741,8e-05,0.13008
9305.96,BTC-27SEP19,1560682743423,open,0.66,0.0,0.627,0.762,0.69437917,79.44,None,0.0,BTC-27DEC19-15000-P,9099.13,41.33,0.621,3.6,0.7415,3.6,97.18,23.44802,-4.80371,-69.10801,6e-05,-0.70372
9099.13,index_price,1560682743421,open,0.01,73.8,0.0005,0.054,0.01388265,85.49,0.0095,0,BTC-21JUN19-8500-P,9099.13,77.06,0.011,0.4,0.014,1.8,85.82,3.19352,-27.99712,-0.29646,0.00034,-0.23003
9305.96,BTC-27SEP19,1560682743423,open,0.64,4.0,0.5935,0.673,0.63343311,86.15,0.59,0.0,BTC-27DEC19-3500-C,9099.13,0.0,0.586,1.3,0.684,1.3,148.04,4.69664,-1.04348,16.60475,1e-05,0.96936
9305.96,BTC-27SEP19,1560682743420,open,0.59,27.1,0.543,0.6225,0.58295888,80.89,0.542,0.0,BTC-27DEC19-4000-C,9099.13,0.0,0.5375,1.3,0.6345,1.3,134.42,6.08952,-1.27029,18.53451,2e-05,0.95792
9305.96,BTC-27SEP19,1560682743422,open,0.57,0.0,0.5365,0.664,0.60018378,78.53,None,0.0,BTC-27DEC19-14000-P,9099.13,46.93,0.528,3.6,0.6475,3.6,95.73,24.69593,-5.00174,-62.56021,7e-05,-0.66545
9305.96,BTC-27SEP19,1560682743420,open,0.79,0.0,0.7485,0.828,0.78800368,105.86,None,0.0,BTC-27DEC19-2000-C,9099.13,0.0,0.737,1.3,0.839,1.3,218.44,1.59843,-0.43638,10.04953,0.0,0.99131
9305.96,BTC-27SEP19,1560682743422,open,0.18,21.6,0.1415,0.236,0.1886338,72.4,0.182,0.0,BTC-27DEC19-9000-P,9099.13,62.06,0.16,0.1,0.1995,4.9,76.35,25.64722,-4.78887,-27.70045,8e-05,-0.37176
9305.96,BTC-27SEP19,1560682743423,open,0.46,56.9,0.4085,0.488,0.44821924,76.82,0.42,0.0,BTC-27DEC19-5500-C,9099.13,0.0,0.4045,1.3,0.4755,1.5,95.12,12.86737,-2.54937,21.76919,4e-05,0.88862
9099.13,index_price,1560682743419,open,0.05,0.2,0.0245,0.1095,0.06691848,87.47,0.174,0,BTC-21JUN19-9500-P,9099.13,55.85,0.054,18.0,0.064,0.6,80.63,3.90931,-35.06786,-0.86714,0.0004,-0.6465
9199.94,BTC-28JUN19,1560682743420,open,0.35,0.0,0.3235,0.4335,0.37861733,81.57,None,0.0,BTC-26JUL19-12500-P,9099.13,0.0,0.339,4.9,0.402,4.9,106.73,7.34177,-7.50883,-12.26692,0.0001,-0.84188
9199.94,BTC-28JUN19,1560682743422,open,0.04,2.5,0.0005,0.0725,0.0326754,79.98,0.0325,0.0,BTC-26JUL19-11500-C,9099.13,77.33,0.03,1.0,0.0365,0.5,83.66,9.41531,-9.44223,2.06615,0.00013,0.23825
9199.94,BTC-28JUN19,1560682743420,open,0.14,0.0,0.1115,0.2035,0.15765571,79.26,None,0.0,BTC-26JUL19-10000-P,9099.13,66.69,0.1415,14.4,0.1575,14.4,79.14,11.9202,-11.84668,-7.35668,0.00016,-0.57429
9305.96,BTC-27SEP19,1560682743423,open,0.0,179.7,0.0005,0.044,0.00394193,95.59,0.0075,0.0,BTC-27DEC19-2500-P,9099.13,71.65,0.0005,100.1,0.0075,6.0,107.78,2.22609,-0.54876,-0.82297,1e-05,-0.01271
9199.94,BTC-28JUN19,1560682743431,open,0.27,6.8,0.2165,0.296,0.25609742,78.57,0.223,0.0,BTC-26JUL19-7000-C,9099.13,61.63,0.2465,5.0,0.2885,4.9,119.51,6.03132,-5.9418,6.28518,8e-05,0.88144
9305.96,BTC-27SEP19,1560682743449,open,0.12,133.2,0.074,0.1535,0.11375325,78.24,0.113,0.0,BTC-27DEC19-13000-C,9099.13,75.8,0.107,8.0,0.1205,4.9,80.66,25.85811,-5.21773,13.24269,7e-05,0.38166
269.09,index_price,1560682743631,open,0.13,30.0,0.11,0.202,0.155977,87.31,0.203,0,ETH-21JUN19-310-P,269.09,0.0,0.132,60.0,0.163,60.0,116.75,0.04974,-0.44534,-0.03838,0.00589,-0.91183
271.37,ETH-28JUN19,1560682743672,open,0.01,390.0,0.001,0.046,0.006708,83.43,0.009,0.0,ETH-26JUL19-180-P,269.09,74.69,0.004,120.0,0.008,220.0,86.95,0.09532,-0.09972,-0.01738,0.00142,-0.05192
271.38,ETH-28JUN19,1560682743780,open,0.01,6016.0,0.001,0.057,0.016561,83.57,0.015,0.0,ETH-28JUN19-240-P,269.09,78.16,0.014,340.0,0.018,100.0,86.51,0.13136,-0.46218,-0.01794,0.00656,-0.18658
269.09,index_price,1560682743976,open,0.16,0.0,0.145,0.239,0.191935,93.7,None,0,ETH-21JUN19-320-P,269.09,0.0,0.167,60.0,0.198,60.0,124.89,0.03757,-0.36099,-0.04065,0.00414,-0.93892
271.37,ETH-28JUN19,1560682744051,open,0.01,403.0,0.001,0.056,0.015912,83.4,0.015,0.0,ETH-26JUL19-200-P,269.09,76.61,0.012,100.0,0.017,100.0,85.16,0.16487,-0.1724,-0.03632,0.00246,-0.10658
269.09,index_price,1560682744122,open,0.11,121.0,0.043,0.122,0.082686,82.93,0.093,0,ETH-21JUN19-250-C,269.09,86.85,0.084,60.0,0.092,60.0,109.17,0.08896,-0.75658,0.02552,0.01109,0.79265
9199.95,BTC-28JUN19,1560682744419,open,0.19,25.8,0.159,0.255,0.20709392,88.34,0.4515,0.0,BTC-28JUN19-11000-P,9099.11,0.0,0.1845,6.0,0.228,6.0,129.2,3.84796,-14.31244,-3.1679,0.00016,-0.85123
9305.96,BTC-27SEP19,1560682744419,open,0.01,310.5,0.0005,0.057,0.01665132,79.98,0.017,0.0,BTC-27SEP19-5500-P,9099.11,75.52,0.0135,6.0,0.022,6.0,86.8,6.8794,-2.67404,-2.36199,4e-05,-0.0734
9199.95,BTC-28JUN19,1560682744420,open,0.21,181.5,0.1515,0.231,0.19123532,87.16,0.218,0.0,BTC-28JUN19-7500-C,9099.11,0.0,0.171,6.0,0.213,6.0,142.93,2.56169,-9.4008,2.16915,0.00011,0.9159
9199.95,BTC-28JUN19,1560682744419,open,0.49,2.2,0.462,0.583,0.52249839,100.04,0.777,0.0,BTC-28JUN19-14000-P,9099.11,0.0,0.499,6.0,0.5445,6.0,191.09,0.54291,-2.28672,-4.51941,2e-05,-0.98734
9199.93,BTC-28JUN19,1560682744420,open,0.05,96.6,0.006,0.0895,0.04771507,81.47,0.05,0.0,BTC-28JUN19-9000-P,9099.11,76.17,0.044,18.0,0.049,0.6,83.3,6.45773,-22.15032,-1.37538,0.00029,-0.41177
9199.93,BTC-28JUN19,1560682744421,open,0.42,148.2,0.3625,0.442,0.40239886,110.03,0.36,0.0,BTC-28JUN19-5500-C,9099.11,0.0,0.3815,6.0,0.4235,6.0,248.73,0.17707,-0.82032,1.77815,1e-05,0.99644
9305.96,BTC-27SEP19,1560682744421,open,0.91,1.0,0.876,1.0315,0.95382082,84.89,1.5815,0.0,BTC-27SEP19-18000-P,9099.11,0.0,0.903,1.3,1.0015,1.3,120.31,9.15357,-3.77656,-48.42023,4e-05,-0.89224
9305.94,BTC-27SEP19,1560682744421,open,0.71,0.0,0.6785,0.818,0.7481312,82.06,None,0.0,BTC-27SEP19-16000-P,9099.11,0.0,0.7005,1.3,0.793,1.3,111.45,11.64296,-4.64377,-41.85351,6e-05,-0.84757
9305.94,BTC-27SEP19,1560682744418,open,1.97,0.0,1.9115,2.1535,2.03257575,92.26,None,0.0,BTC-27DEC19-28000-P,9099.11,0.0,1.9335,1.3,2.086,1.3,123.17,11.59307,-2.75851,-145.13201,3e-05,-0.90354
9199.93,BTC-28JUN19,1560682744419,open,0.37,0.0,0.3145,0.394,0.35405073,84.83,None,0.0,BTC-26JUL19-6000-C,9099.11,0.0,0.3265,4.9,0.386,4.9,144.15,3.03499,-3.2282,6.00997,4e-05,0.95201
9305.94,BTC-27SEP19,1560682744419,open,0.32,13.2,0.283,0.3895,0.33617453,74.85,0.321,0.0,BTC-27DEC19-11000-P,9099.11,68.76,0.3185,3.6,0.342,3.6,76.85,27.04188,-5.21985,-41.99935,8e-05,-0.5135
9305.94,BTC-27SEP19,1560682744419,open,1.15,0.0,1.107,1.282,1.19438185,84.65,None,0.0,BTC-27DEC19-20000-P,9099.11,0.0,1.1155,1.3,1.2385,1.3,105.02,17.53086,-3.82714,-99.78072,5e-05,-0.82424
271.37,ETH-28JUN19,1560682744427,open,0.03,211.0,0.001,0.073,0.031747,83.4,0.029,0.0,ETH-26JUL19-220-P,269.09,75.5,0.025,100.0,0.034,100.0,85.93,0.23885,-0.24976,-0.06405,0.00356,-0.18429
269.09,index_price,1560682744485,open,0.08,140.0,0.017,0.096,0.056855,82.93,0.07,0,ETH-21JUN19-260-C,269.09,80.91,0.056,180.0,0.065,182.0,101.89,0.11424,-0.97151,0.0216,0.01424,0.6578
271.37,ETH-28JUN19,1560682744518,open,0.0,1214.0,0.001,0.04,0.000613,109.97,0.001,0.0,ETH-28JUN19-440-C,269.08,0.0,0.0,0.0,0.002,200.0,128.71,0.01272,-0.05888,0.0008,0.00048,0.00971
271.37,ETH-28JUN19,1560682744518,open,0.0,4769.0,0.001,0.04,1e-06,110.0,0.001,0.0,ETH-28JUN19-120-P,269.08,0.0,0.0,0.0,0.001,199.0,200.85,3e-05,-0.00013,0.0,0.0,-1e-05
271.37,ETH-28JUN19,1560682744518,open,0.06,501.0,0.036,0.121,0.078694,84.2,0.072,0.0,ETH-28JUN19-280-P,269.08,76.2,0.073,100.0,0.081,100.0,87.43,0.19363,-0.68642,-0.05567,0.0096,-0.55179
279.14,ETH-27SEP19,1560682744518,open,0.1,1403.0,0.055,0.134,0.094806,94.53,0.102,0.0,ETH-27SEP19-380-C,269.08,92.1,0.09,150.0,0.1,150.0,97.14,0.55337,-0.25424,0.2071,0.00267,0.35804
271.37,ETH-28JUN19,1560682744518,open,0.57,60.0,0.558,0.686,0.621956,108.65,0.85,0.0,ETH-28JUN19-440-P,269.08,0.0,0.595,60.0,0.642,60.0,204.28,0.01183,-0.0541,-0.14242,0.00045,-0.99106
271.37,ETH-28JUN19,1560682744518,open,0.02,121.0,0.001,0.057,0.017664,85.48,0.021,0.0,ETH-28JUN19-310-C,269.08,82.28,0.016,240.0,0.02,120.0,89.82,0.14337,-0.51597,0.0175,0.007,0.2159
279.14,ETH-27SEP19,1560682744518,open,0.98,24.0,0.956,1.117,1.036486,98.11,1.356,0.0,ETH-27SEP19-560-P,269.08,0.0,0.971,12.0,1.092,12.0,135.05,0.33128,-0.15796,-1.49137,0.00154,-0.8591
271.37,ETH-28JUN19,1560682744518,open,0.0,3084.0,0.001,0.04,0.0,110.0,0.001,0.0,ETH-28JUN19-100-P,269.08,0.0,0.0,0.0,0.002,100.0,267.18,0.0,0.0,0.0,0.0,0.0
279.14,ETH-27SEP19,1560682744518,open,0.52,191.0,0.471,0.55,0.510842,92.58,0.5,0.0,ETH-27SEP19-140-C,269.08,0.0,0.464,12.0,0.558,12.0,152.25,0.15161,-0.06821,0.34591,0.00075,0.95051
279.14,ETH-27SEP19,1560682744518,open,0.14,813.0,0.109,0.201,0.154853,92.45,0.16,0.0,ETH-27SEP19-260-P,269.08,88.46,0.147,100.0,0.159,100.0,94.57,0.54789,-0.24619,-0.3958,0.0027,-0.34822
271.37,ETH-28JUN19,1560682744518,open,0.0,5193.0,0.001,0.042,0.002635,85.01,0.001,0.0,ETH-28JUN19-210-P,269.08,71.57,0.001,799.0,0.004,404.0,92.78,0.04233,-0.15152,-0.00378,0.00208,-0.04018
279.14,ETH-27SEP19,1560682744518,open,0.18,626.0,0.148,0.243,0.195698,92.45,0.247,0.0,ETH-27SEP19-280-P,269.08,88.71,0.188,100.0,0.202,148.0,95.51,0.57455,-0.25816,-0.473,0.00283,-0.4055
271.37,ETH-28JUN19,1560682744519,open,0.0,1541.0,0.001,0.04,0.0,110.0,0.001,0.0,ETH-28JUN19-80-P,269.08,0.0,0.0,0.0,0.001,14.0,293.44,0.0,0.0,0.0,0.0,0.0
279.14,ETH-27SEP19,1560682744519,open,0.03,5034.0,0.001,0.08,0.039316,92.47,0.046,0.0,ETH-27SEP19-180-P,269.08,88.5,0.035,100.0,0.04,100.0,93.09,0.30898,-0.13886,-0.13109,0.00152,-0.12731
271.37,ETH-28JUN19,1560682744519,open,0.32,553.0,0.261,0.34,0.30095,96.74,0.28,0.0,ETH-28JUN19-190-C,269.08,0.0,0.282,60.0,0.322,60.0,190.68,0.0202,-0.08229,0.06026,0.00087,0.98342
279.14,ETH-27SEP19,1560682744519,open,0.12,1434.0,0.07,0.149,0.10905,94.19,0.108,0.0,ETH-27SEP19-360-C,269.08,91.72,0.104,150.0,0.115,150.0,97.09,0.57176,-0.26175,0.22729,0.00276,0.39794
271.37,ETH-28JUN19,1560682744519,open,0.01,30.0,0.001,0.048,0.008471,86.09,0.011,0.0,ETH-28JUN19-330-C,269.08,81.8,0.007,300.0,0.01,120.0,90.21,0.09711,-0.35196,0.00972,0.00471,0.11859
271.37,ETH-28JUN19,1560682744519,open,0.0,5956.0,0.001,0.041,0.001315,101.02,0.002,0.0,ETH-28JUN19-400-C,269.08,0.0,0.0,0.0,0.003,400.0,115.05,0.02447,-0.10408,0.00172,0.00101,0.02077
269.08,index_price,1560682744518,open,0.0,313.0,0.001,0.04,0.000362,109.98,0.002,0,ETH-21JUN19-200-P,269.08,0.0,0.0,0.0,0.002,100.0,142.31,0.00701,-0.07901,-0.00031,0.00066,-0.00825
279.14,ETH-27SEP19,1560682744519,open,0.41,743.0,0.355,0.434,0.394554,92.54,0.337,0.0,ETH-27SEP19-180-C,269.08,0.0,0.352,100.0,0.435,100.0,125.77,0.30915,-0.13904,0.3761,0.00152,0.87259
271.37,ETH-28JUN19,1560682744520,open,0.03,5754.0,0.001,0.064,0.024763,84.88,0.022,0.0,ETH-28JUN19-300-C,269.08,80.29,0.022,240.0,0.028,120.0,90.14,0.16519,-0.59036,0.02266,0.00812,0.28146
271.37,ETH-28JUN19,1560682744520,open,0.71,0.0,0.666,0.745,0.70521,193.39,None,0.0,ETH-28JUN19-80-C,269.08,0.0,0.683,60.0,0.728,60.0,500.0,0.00023,-0.00185,0.02602,0.0,0.99988
271.37,ETH-28JUN19,1560682744520,open,0.61,214.0,0.555,0.634,0.594664,147.57,0.552,0.0,ETH-28JUN19-110-C,269.08,0.0,0.574,60.0,0.617,60.0,400.98,0.00039,-0.00243,0.03577,1e-05,0.99979
279.13,ETH-27SEP19,1560682744520,open,0.0,4106.0,0.001,0.042,0.002518,96.53,0.004,0.0,ETH-27SEP19-100-P,269.08,84.53,0.001,101.0,0.004,60.0,104.27,0.04607,-0.02161,-0.01137,0.00022,-0.01193
271.37,ETH-28JUN19,1560682744519,open,0.02,4826.0,0.001,0.052,0.012251,85.63,0.011,0.0,ETH-28JUN19-320-C,269.08,80.33,0.01,240.0,0.014,120.0,89.5,0.11963,-0.43127,0.01314,0.00583,0.16108
271.37,ETH-28JUN19,1560682744518,open,0.11,10.0,0.057,0.136,0.096175,83.4,0.096,0.0,ETH-26JUL19-280-C,269.08,80.23,0.092,120.0,0.112,120.0,95.41,0.35773,-0.37407,0.12259,0.00533,0.50967
271.37,ETH-28JUN19,1560682744520,open,0.03,2658.0,0.001,0.081,0.040222,83.57,0.042,0.0,ETH-28JUN19-260-P,269.08,77.29,0.036,100.0,0.043,100.0,87.68,0.18307,-0.64413,-0.03531,0.00914,-0.35968
271.37,ETH-28JUN19,1560682744518,open,0.02,0.0,0.001,0.055,0.015099,88.39,None,0.0,ETH-26JUL19-400-C,269.08,77.97,0.009,241.0,0.02,240.0,95.4,0.17797,-0.19725,0.03069,0.0025,0.11862
271.37,ETH-28JUN19,1560682744520,open,0.54,386.0,0.481,0.56,0.52097,124.33,0.534,0.0,ETH-28JUN19-130-C,269.08,0.0,0.501,60.0,0.543,60.0,335.54,0.00062,-0.00322,0.04226,2e-05,0.99966
271.37,ETH-28JUN19,1560682744520,open,0.29,2185.0,0.225,0.304,0.264259,86.33,0.28,0.0,ETH-28JUN19-200-C,269.08,0.0,0.246,60.0,0.278,1.0,150.04,0.02449,-0.08903,0.06313,0.00118,0.97921
271.37,ETH-28JUN19,1560682744520,open,0.68,0.0,0.629,0.708,0.668349,110.0,None,0.0,ETH-28JUN19-90-C,269.08,0.0,0.647,60.0,0.691,60.0,481.14,0.0,0.0,0.02928,0.0,1.0
271.37,ETH-28JUN19,1560682744518,open,0.45,0.0,0.43,0.548,0.489098,88.39,None,0.0,ETH-26JUL19-400-P,269.08,0.0,0.4,48.0,0.54,48.0,143.55,0.17795,-0.19722,-0.40631,0.0025,-0.8814
279.13,ETH-27SEP19,1560682744520,open,0.79,0.0,0.746,0.825,0.785223,102.82,0.01,0.0,ETH-27SEP19-60-C,269.08,0.0,0.732,12.0,0.838,12.0,297.68,0.005,-0.0025,0.16818,2e-05,0.999
279.13,ETH-27SEP19,1560682744520,open,0.05,3166.0,0.019,0.102,0.060467,92.46,0.058,0.0,ETH-27SEP19-200-P,269.08,88.47,0.055,100.0,0.062,148.0,93.57,0.38557,-0.17327,-0.18729,0.0019,-0.1776
279.13,ETH-27SEP19,1560682744520,open,0.48,0.0,0.456,0.576,0.51588,95.02,None,0.0,ETH-27SEP19-400-P,269.08,63.3,0.462,36.0,0.563,36.0,118.73,0.53159,-0.2455,-0.93895,0.00255,-0.6776
271.37,ETH-28JUN19,1560682744520,open,0.46,481.0,0.408,0.487,0.447308,110.0,0.46,0.0,ETH-28JUN19-150-C,269.08,0.0,0.428,60.0,0.469,60.0,279.99,0.00166,-0.00771,0.04871,6e-05,0.99899
271.37,ETH-28JUN19,1560682744520,open,0.0,10453.0,0.001,0.04,1.6e-05,110.0,0.001,0.0,ETH-28JUN19-140-P,269.08,0.0,0.0,0.0,0.001,599.0,165.75,0.00054,-0.00248,-3e-05,2e-05,-0.0003
271.37,ETH-28JUN19,1560682744521,open,0.0,2027.0,0.001,0.04,0.0,110.0,0.001,0.0,ETH-28JUN19-90-P,269.08,0.0,0.0,0.0,0.002,100.0,293.49,0.0,0.0,0.0,0.0,0.0
279.13,ETH-27SEP19,1560682744521,open,0.59,0.0,0.574,0.704,0.639024,95.35,None,0.0,ETH-27SEP19-440-P,269.08,51.32,0.583,12.0,0.689,12.0,122.19,0.47987,-0.22238,-1.08559,0.00229,-0.74085
279.13,ETH-27SEP19,1560682744521,open,0.42,28.0,0.398,0.514,0.455974,94.43,0.419,0.0,ETH-27SEP19-380-P,269.08,66.28,0.404,36.0,0.502,36.0,117.0,0.55316,-0.25388,-0.86407,0.00267,-0.64233
279.13,ETH-27SEP19,1560682744521,open,0.47,400.0,0.411,0.49,0.450259,92.57,0.45,0.0,ETH-27SEP19-160-C,269.08,0.0,0.404,12.0,0.453,1.0,95.85,0.22874,-0.10292,0.36634,0.00113,0.91591
271.36,ETH-28JUN19,1560682744520,open,0.05,26.0,0.014,0.097,0.055495,83.38,0.077,0.0,ETH-26JUL19-240-P,269.08,73.84,0.045,100.0,0.058,100.0,85.63,0.30183,-0.31558,-0.09941,0.0045,-0.27982
271.36,ETH-28JUN19,1560682744521,open,0.15,1012.0,0.093,0.172,0.132192,83.67,0.129,0.0,ETH-28JUN19-240-C,269.08,76.89,0.129,60.0,0.136,120.0,91.32,0.13151,-0.4633,0.06011,0.00656,0.81304
279.13,ETH-27SEP19,1560682744521,open,0.66,0.0,0.605,0.684,0.644326,96.92,None,0.0,ETH-27SEP19-100-C,269.08,0.0,0.594,12.0,0.694,12.0,200.89,0.04679,-0.02204,0.27026,0.00022,0.98785
271.36,ETH-28JUN19,1560682744521,open,0.0,9803.0,0.001,0.04,3e-06,109.99,0.001,0.0,ETH-28JUN19-130-P,269.08,0.0,0.0,0.0,0.002,100.0,201.93,0.00014,-0.00064,-1e-05,1e-05,-7e-05
269.08,index_price,1560682744519,open,0.05,416.0,0.001,0.076,0.03662,82.97,0.049,0,ETH-21JUN19-270-C,269.08,85.96,0.038,212.0,0.044,180.0,98.98,0.12406,-1.05553,0.01683,0.01546,0.50493
279.13,ETH-27SEP19,1560682744522,open,0.37,81.0,0.343,0.454,0.39854,94.08,0.428,0.0,ETH-27SEP19-360-P,269.08,87.42,0.385,36.0,0.406,36.0,97.71,0.5716,-0.26138,-0.78749,0.00277,-0.60242
279.13,ETH-27SEP19,1560682744522,open,0.72,0.0,0.675,0.754,0.714189,98.98,None,0.0,ETH-27SEP19-80-C,269.08,0.0,0.663,12.0,0.766,12.0,241.2,0.01808,-0.0087,0.2216,8e-05,0.99587
269.08,index_price,1560682744518,open,0.03,306.0,0.001,0.063,0.023099,85.44,0.033,0,ETH-21JUN19-280-C,269.08,80.57,0.021,10.0,0.026,15.0,92.1,0.11655,-1.02117,0.01218,0.01411,0.36186
271.36,ETH-28JUN19,1560682744522,open,0.29,60.0,0.277,0.382,0.329589,89.19,0.516,0.0,ETH-28JUN19-360-P,269.08,0.0,0.306,60.0,0.348,60.0,144.99,0.04789,-0.17983,-0.11326,0.00224,-0.95319
269.08,index_price,1560682744518,open,0.28,0.0,0.218,0.297,0.257117,111.02,None,0,ETH-21JUN19-200-C,269.08,0.0,0.247,60.0,0.276,2.0,248.65,0.00737,-0.08389,0.02639,0.00069,0.99126
279.13,ETH-27SEP19,1560682744523,open,0.05,2342.0,0.009,0.088,0.048655,96.28,0.057,0.0,ETH-27SEP19-480-C,269.08,93.86,0.045,198.0,0.052,150.0,98.44,0.42757,-0.20007,0.12725,0.00202,0.2104
271.36,ETH-28JUN19,1560682744523,open,0.0,10421.0,0.001,0.041,0.00126,86.31,0.001,0.0,ETH-28JUN19-200-P,269.08,0.0,0.0,0.0,0.002,1100.0,93.38,0.02449,-0.08898,-0.00195,0.00118,-0.02078
269.08,index_price,1560682744518,open,0.0,6.0,0.001,0.04,0.0001,109.99,0.001,0,ETH-21JUN19-190-P,269.08,0.0,0.0,0.0,0.002,100.0,163.02,0.00246,-0.0269,-0.0001,0.00023,-0.00255
269.08,index_price,1560682744518,open,0.31,0.0,0.255,0.334,0.294017,112.62,None,0,ETH-21JUN19-190-C,269.08,0.0,0.284,60.0,0.313,1.0,278.53,0.00292,-0.03371,0.02526,0.00027,0.99691
271.36,ETH-28JUN19,1560682744519,open,0.15,252.0,0.09,0.169,0.129555,83.41,0.135,0.0,ETH-26JUL19-260-C,269.08,79.8,0.125,120.0,0.147,120.0,97.22,0.34279,-0.35851,0.14398,0.00511,0.61523
271.36,ETH-28JUN19,1560682744519,open,0.08,507.0,0.045,0.131,0.087657,83.38,0.08,0.0,ETH-26JUL19-260-P,269.08,71.77,0.073,100.0,0.091,100.0,86.03,0.34279,-0.35839,-0.14005,0.00511,-0.38477
9199.93,BTC-28JUN19,1560682744571,open,0.17,655.4,0.105,0.1845,0.14483424,85.84,0.13,0.0,BTC-28JUN19-8000-C,9099.11,0.0,0.124,6.0,0.16,0.2,116.44,4.09571,-14.80254,2.07024,0.00017,0.83646
9305.94,BTC-27SEP19,1560682744576,open,0.58,231.5,0.536,0.6155,0.57579275,92.94,0.5145,0.0,BTC-27SEP19-4000-C,9099.11,0.0,0.5335,1.3,0.59,0.1,124.33,2.89892,-1.30949,10.46767,1e-05,0.97488
9199.93,BTC-28JUN19,1560682744576,open,0.63,143.0,0.58,0.6595,0.61956854,148.52,0.55,0.0,BTC-28JUN19-3500-C,9099.11,0.0,0.598,6.0,0.6415,6.0,423.34,0.00604,-0.03777,1.13847,0.0,0.99991
9305.94,BTC-27SEP19,1560682744671,open,0.08,241.8,0.0465,0.133,0.08959642,76.53,0.08,0.0,BTC-27SEP19-8000-P,9099.11,72.0,0.0815,9.9,0.0965,4.9,80.36,16.70339,-6.21263,-9.76061,9e-05,-0.28254
9305.94,BTC-27SEP19,1560682744762,open,0.05,160.8,0.009,0.093,0.05098028,77.44,0.042,0.0,BTC-27SEP19-7000-P,9099.11,73.52,0.0455,9.9,0.056,4.9,80.96,13.16781,-4.95611,-6.17778,7e-05,-0.18455
9199.93,BTC-28JUN19,1560682744762,open,0.02,901.5,0.0005,0.0545,0.01440461,85.84,0.0145,0.0,BTC-28JUN19-8000-P,9099.11,79.09,0.0115,24.0,0.015,1.5,87.17,4.09558,-14.8015,-0.53263,0.00017,-0.16354
9305.94,BTC-27SEP19,1560682745035,open,0.69,0.0,0.643,0.7225,0.68297644,87.68,None,0.0,BTC-27DEC19-3000-C,9099.11,0.0,0.6355,1.3,0.7345,1.3,165.07,3.03969,-0.68735,14.76776,1e-05,0.98174
9305.94,BTC-27SEP19,1560682745191,open,0.69,226.1,0.6405,0.72,0.68037747,107.3,0.585,0.0,BTC-27SEP19-3000-C,9099.11,0.0,0.637,1.3,0.7215,1.3,205.85,1.49166,-0.77789,8.08066,1e-05,0.98846
9099.11,index_price,1560682745246,open,0.0,208.9,0.0005,0.0445,0.00458023,87.57,0.005,0,BTC-21JUN19-8000-P,9099.11,75.26,0.0025,0.1,0.005,1.2,89.71,1.74958,-15.71112,-0.11859,0.00018,-0.09298
9305.95,BTC-27SEP19,1560682745419,open,0.01,201.7,0.0005,0.048,0.00839392,93.46,0.004,0.0,BTC-27SEP19-24000-C,9099.1,86.06,0.005,10.0,0.0125,6.0,100.27,4.95907,-2.25265,1.04749,2e-05,0.04833
9305.95,BTC-27SEP19,1560682745419,open,0.01,308.1,0.0005,0.05,0.01032365,90.13,0.004,0.0,BTC-27SEP19-22000-C,9099.1,83.2,0.0065,6.0,0.0145,6.0,96.14,5.84751,-2.56145,1.29008,3e-05,0.05951
9305.95,BTC-27SEP19,1560682745419,open,0.01,259.9,0.0005,0.0535,0.01375514,87.35,0.012,0.0,BTC-27SEP19-20000-C,9099.1,82.07,0.01,6.0,0.0185,6.0,92.99,7.21171,-3.06152,1.68746,3e-05,0.07809
9199.93,BTC-28JUN19,1560682745419,open,0.0,850.0,0.0005,0.04,0.0,110.0,0.0005,0.0,BTC-28JUN19-3000-P,9099.1,0.0,0.0,0.0,0.002,3.0,297.73,0.0,0.0,0.0,0.0,0.0
9199.93,BTC-28JUN19,1560682745419,open,0.0,94.5,0.0005,0.04,0.0,110.0,0.0005,0.0,BTC-28JUN19-3250-P,9099.1,0.0,0.0,0.0,0.356,2.5,500.0,0.0,-2e-05,0.0,0.0,0.0
9305.95,BTC-27SEP19,1560682745420,open,1.12,0.0,1.0765,1.249,1.16291547,87.34,None,0.0,BTC-27SEP19-20000-P,9099.1,0.0,1.1085,1.3,1.214,1.3,129.48,7.21106,-3.06114,-54.68297,3e-05,-0.92192
9305.95,BTC-27SEP19,1560682745420,open,0.0,604.2,0.0005,0.0425,0.00275152,107.29,0.0015,0.0,BTC-27SEP19-3000-P,9099.1,85.21,0.0005,8.0,0.005,6.0,118.86,1.49143,-0.77774,-0.3748,1e-05,-0.01154
9305.95,BTC-27SEP19,1560682745420,open,0.74,55.9,0.693,0.7725,0.73259073,110.0,0.689,0.0,BTC-27SEP19-2500-C,9099.1,0.0,0.689,1.3,0.775,1.3,236.42,0.77777,-0.41583,6.86957,0.0,0.9945
9199.93,BTC-28JUN19,1560682745420,open,0.0,1430.2,0.0005,0.04,3.04e-06,110.0,0.0005,0.0,BTC-28JUN19-20000-C,9099.1,0.0,0.0,0.0,0.0005,7.9,161.35,0.00458,-0.02123,0.0002,0.0,7e-05
9199.93,BTC-28JUN19,1560682745420,open,0.68,43.6,0.634,0.7135,0.67391127,151.55,0.6755,0.0,BTC-28JUN19-3000-C,9099.1,0.0,0.652,6.0,0.696,6.0,484.46,0.00084,-0.00536,0.97605,0.0,0.99999
9199.93,BTC-28JUN19,1560682745420,open,0.0,990.2,0.0005,0.04,4.289e-05,110.0,0.0005,0.0,BTC-28JUN19-5000-P,9099.1,0.0,0.0,0.0,0.0015,35.1,163.11,0.04321,-0.2001,-0.00239,0.0,-0.00076
9305.95,BTC-27SEP19,1560682745420,open,0.34,6.1,0.3105,0.4195,0.36492624,77.38,1.781,0.0,BTC-27SEP19-12000-P,9099.1,49.97,0.3165,3.6,0.4125,3.6,100.94,18.09486,-6.80538,-26.89253,0.0001,-0.66037
9305.95,BTC-27SEP19,1560682745420,open,0.63,261.1,0.5875,0.667,0.62738794,97.38,0.612,0.0,BTC-27SEP19-3500-C,9099.1,0.0,0.585,1.3,0.648,0.1,149.27,1.95393,-0.92478,9.3594,1e-05,0.98422
9305.95,BTC-27SEP19,1560682745421,open,0.48,793.4,0.4335,0.513,0.47326428,81.48,0.361,0.0,BTC-27SEP19-5000-C,9099.1,0.0,0.4345,1.3,0.515,1.3,133.36,5.03249,-1.99291,12.52453,3e-05,0.95077
9305.95,BTC-27SEP19,1560682745421,open,0.0,419.5,0.0005,0.04,0.00034429,110.0,0.001,0.0,BTC-27SEP19-2000-P,9099.1,0.0,0.0,0.0,0.214,4.2,500.0,0.27361,-0.14628,-0.05424,0.0,-0.00172
9199.92,BTC-28JUN19,1560682745420,open,0.06,275.8,0.007,0.0865,0.04678577,84.49,0.0445,0.0,BTC-28JUN19-9500-C,9099.1,77.07,0.0415,18.0,0.0455,0.6,82.69,6.56077,-23.33928,1.1966,0.00028,0.44654
9099.1,index_price,1560682745419,open,0.18,0.0,0.1625,0.259,0.21092423,94.59,None,0,BTC-21JUN19-11000-P,9099.1,0.0,0.181,6.0,0.2195,6.0,140.22,1.02186,-9.91226,-1.41542,0.0001,-0.95359
9199.92,BTC-28JUN19,1560682745421,open,0.26,840.2,0.2025,0.282,0.24203662,91.44,0.26,0.0,BTC-28JUN19-7000-C,9099.1,0.0,0.2215,6.0,0.263,6.0,162.12,1.45851,-5.61503,2.14613,6e-05,0.95902
9305.95,BTC-27SEP19,1560682745419,open,1.76,0.0,1.708,1.9335,1.82071177,90.22,None,0.0,BTC-27DEC19-26000-P,9099.1,0.0,1.727,1.3,1.872,1.3,118.67,12.63828,-2.94049,-134.0587,3e-05,-0.89138
9305.95,BTC-27SEP19,1560682745422,open,0.0,47.1,0.0005,0.043,0.00304747,101.85,0.003,0.0,BTC-27SEP19-3250-P,9099.1,79.46,0.0005,0.6,0.0055,6.0,113.03,1.69214,-0.83764,-0.43006,1e-05,-0.01335
9305.95,BTC-27SEP19,1560682745421,open,0.84,42.8,0.799,0.8785,0.83886803,110.03,0.815,0.0,BTC-27SEP19-1500-C,9099.1,0.0,0.7945,1.3,0.883,1.3,335.27,0.05752,-0.03076,4.21801,0.0,0.99968
9199.92,BTC-28JUN19,1560682745421,open,0.09,970.5,0.0295,0.109,0.06945358,81.48,0.066,0.0,BTC-28JUN19-9000-C,9099.1,76.56,0.066,18.0,0.0705,0.6,82.97,6.45775,-22.15325,1.55283,0.00029,0.58822
9199.92,BTC-28JUN19,1560682745421,open,0.0,1255.2,0.0005,0.04,0.0,110.0,0.0005,0.0,BTC-28JUN19-1500-P,9099.1,0.0,0.0,0.0,0.0005,3.0,397.36,0.0,0.0,0.0,0.0,0.0
9305.95,BTC-27SEP19,1560682745421,open,0.31,802.7,0.259,0.3385,0.29877417,77.44,0.301,0.0,BTC-27SEP19-7000-C,9099.1,64.3,0.281,5.0,0.338,1.3,103.73,13.16785,-4.95617,13.55176,7e-05,0.81545
9305.95,BTC-27SEP19,1560682745422,open,0.53,289.7,0.485,0.5645,0.52470977,88.12,0.51,0.0,BTC-27SEP19-4500-C,9099.1,0.0,0.4835,1.3,0.565,1.3,146.38,3.99258,-1.70997,11.49669,2e-05,0.96303
9199.92,BTC-28JUN19,1560682745423,open,0.31,504.3,0.2545,0.334,0.29446082,93.05,0.295,0.0,BTC-28JUN19-6500-C,9099.1,0.0,0.2745,6.0,0.3155,6.0,186.78,0.65106,-2.55056,2.0651,3e-05,0.98437
9199.92,BTC-28JUN19,1560682745423,open,0.57,322.4,0.5255,0.605,0.56521541,119.38,0.495,0.0,BTC-28JUN19-4000-C,9099.1,0.0,0.544,6.0,0.587,6.0,371.27,0.00245,-0.01231,1.30134,0.0,0.99996
9305.94,BTC-27SEP19,1560682745420,open,2.8,0.0,2.7295,3.0395,2.88450243,99.1,None,0.0,BTC-27DEC19-36000-P,9099.1,0.0,2.764,1.3,2.9465,1.3,139.52,8.62607,-2.20455,-188.78528,2e-05,-0.93474
9199.92,BTC-28JUN19,1560682745423,open,0.55,10.5,0.4985,0.578,0.5380415,111.78,0.428,0.0,BTC-28JUN19-4250-C,9099.1,0.0,0.5165,6.0,0.5595,6.0,346.68,0.00292,-0.01373,1.38265,0.0,0.99996
9305.94,BTC-27SEP19,1560682745424,open,0.44,230.7,0.386,0.4655,0.42563281,79.98,0.4375,0.0,BTC-27SEP19-5500-C,9099.1,0.0,0.387,1.3,0.467,1.3,123.08,6.87972,-2.67424,13.13966,4e-05,0.92659
9099.1,index_price,1560682745419,open,0.25,2.8,0.1915,0.271,0.23121131,103.36,0.163,0,BTC-21JUN19-7000-C,9099.1,0.0,0.2195,6.0,0.255,0.2,247.62,0.33,-3.49795,0.91977,3e-05,0.98794
9305.94,BTC-27SEP19,1560682745420,open,0.03,76.8,0.0005,0.071,0.0310139,88.25,0.0215,0.0,BTC-27DEC19-24000-C,9099.1,84.4,0.0255,6.0,0.0365,6.0,91.77,13.9453,-3.17397,4.63544,3e-05,0.12479
9305.94,BTC-27SEP19,1560682745424,open,0.14,964.8,0.0925,0.172,0.13226013,76.53,0.129,0.0,BTC-27SEP19-10000-C,9099.1,73.1,0.125,15.0,0.141,3.6,80.66,19.703,-7.32837,9.9184,0.00011,0.51041
9305.94,BTC-27SEP19,1560682745424,open,0.51,13.5,0.4595,0.539,0.49946404,85.83,0.382,0.0,BTC-27SEP19-4750-C,9099.1,0.0,0.4585,1.3,0.54,1.3,139.74,4.61706,-1.92598,11.96879,2e-05,0.95578
9099.1,index_price,1560682745420,open,0.0,10.0,0.0005,0.042,0.00201479,94.6,0.0035,0,BTC-21JUN19-11000-C,9099.1,0.0,0.0,0.0,0.004,1.0,109.01,1.02224,-9.91724,0.05399,0.0001,0.04643
9305.94,BTC-27SEP19,1560682745420,open,0.29,209.3,0.2355,0.315,0.27506614,73.89,0.2495,0.0,BTC-27DEC19-8000-C,9099.1,68.46,0.2615,5.0,0.3005,7.0,84.07,23.25875,-4.4321,21.44233,7e-05,0.70886
9305.94,BTC-27SEP19,1560682745422,open,0.4,5.4,0.3655,0.479,0.42221301,76.93,0.59,0.0,BTC-27DEC19-12000-P,9099.1,68.76,0.399,3.6,0.4235,3.6,77.38,26.65487,-5.28839,-48.98217,8e-05,-0.56873
9199.92,BTC-28JUN19,1560682745419,open,0.18,0.0,0.149,0.244,0.19647148,79.61,None,0.0,BTC-26JUL19-10500-P,9099.1,39.32,0.1525,14.4,0.224,14.4,101.43,11.32535,-11.30536,-8.45334,0.00015,-0.64459
9099.1,index_price,1560682745420,open,0.13,2.1,0.113,0.205,0.15896999,93.53,0.2735,0,BTC-21JUN19-10500-P,9099.1,0.0,0.129,6.0,0.168,6.0,127.99,1.8714,-17.94917,-1.2848,0.00018,-0.89808
9305.94,BTC-27SEP19,1560682745421,open,0.01,168.7,0.0005,0.0455,0.00535118,87.68,0.0095,0.0,BTC-27DEC19-3000-P,9099.1,67.55,0.001,56.3,0.0095,6.0,98.41,3.03969,-0.68735,-1.16723,1e-05,-0.01826
9099.1,index_price,1560682745419,open,0.09,11.4,0.0655,0.154,0.10965727,89.55,0.079,0,BTC-21JUN19-10000-P,9099.1,0.0,0.0805,6.0,0.1205,6.2,120.15,2.8975,-26.60888,-1.112,0.00029,-0.80522
9099.1,index_price,1560682745419,open,0.12,6.0,0.062,0.1415,0.10162014,86.76,0.099,0,BTC-21JUN19-8250-C,9099.1,0.0,0.089,6.0,0.1275,6.2,162.67,2.47571,-22.02613,0.90697,0.00026,0.84782
9305.94,BTC-27SEP19,1560682745420,open,1.56,0.0,1.506,1.714,1.61001183,88.25,None,0.0,BTC-27DEC19-24000-P,9099.1,0.0,1.5215,1.3,1.659,1.3,114.08,13.9453,-3.17397,-122.84447,3e-05,-0.87521
9099.1,index_price,1560682745419,open,0.04,6.9,0.007,0.0905,0.04891546,86.24,0.038,0,BTC-21JUN19-9250-P,9099.1,61.19,0.0375,18.0,0.047,0.7,82.06,4.16773,-36.86101,-0.72291,0.00044,-0.54584
9199.92,BTC-28JUN19,1560682745419,open,0.26,0.0,0.2315,0.3335,0.28268165,79.98,None,0.0,BTC-26JUL19-11500-P,9099.1,0.0,0.241,4.9,0.309,4.9,103.73,9.41491,-9.44135,-10.49757,0.00013,-0.76177
9305.94,BTC-27SEP19,1560682745421,open,1.35,0.0,1.305,1.4965,1.40060209,86.17,None,0.0,BTC-27DEC19-22000-P,9099.1,0.0,1.3175,1.3,1.448,1.3,109.69,15.49209,-3.44269,-111.47118,4e-05,-0.85453
9199.92,BTC-28JUN19,1560682745419,open,0.42,0.0,0.3655,0.445,0.40523782,86.16,None,0.0,BTC-26JUL19-5500-C,9099.1,0.0,0.378,4.9,0.438,4.9,161.2,1.81636,-1.96235,5.71993,2e-05,0.97434
9099.1,index_price,1560682745420,open,0.17,0.1,0.111,0.1905,0.15056985,88.05,0.1165,0,BTC-21JUN19-7750-C,9099.1,0.0,0.1395,6.0,0.2105,0.1,288.52,1.11533,-10.07132,0.96951,0.00011,0.94822
9099.1,index_price,1560682745420,open,0.0,36.7,0.0005,0.042,0.0023015,88.05,0.0025,0,BTC-21JUN19-7750-P,9099.1,67.03,0.0005,1.0,0.004,0.1,99.96,1.11509,-10.06828,-0.06572,0.00011,-0.05177
9199.92,BTC-28JUN19,1560682745419,open,0.02,1.1,0.0005,0.0595,0.01993261,81.59,0.023,0.0,BTC-26JUL19-12500-C,9099.1,76.45,0.016,19.3,0.024,19.3,86.5,7.34459,-7.51403,1.38987,0.0001,0.15822
9199.92,BTC-28JUN19,1560682745420,open,0.06,28.8,0.0155,0.095,0.05515845,79.61,0.066,0.0,BTC-26JUL19-10500-C,9099.1,74.98,0.0495,7.0,0.06,19.3,83.52,11.32539,-11.30554,3.01776,0.00015,0.35541
9305.94,BTC-27SEP19,1560682745419,open,2.18,0.0,2.1155,2.3745,2.24495317,94.11,None,0.0,BTC-27DEC19-30000-P,9099.1,0.0,2.1405,1.3,2.3005,1.3,127.46,10.67831,-2.59176,-156.13021,2e-05,-0.91366
9099.1,index_price,1560682745419,open,0.02,23.1,0.0005,0.075,0.03398556,85.5,0.029,0,BTC-21JUN19-9000-P,9099.1,64.62,0.0245,24.0,0.0325,0.6,82.23,4.14195,-36.31539,-0.57168,0.00044,-0.43635
9305.94,BTC-27SEP19,1560682745421,open,0.95,0.0,0.9115,1.0705,0.99093892,82.82,None,0.0,BTC-27DEC19-18000-P,9099.1,0.0,0.0055,5.0,1.0325,1.3,100.57,19.78511,-4.2257,-87.81424,5e-05,-0.7856
9199.92,BTC-28JUN19,1560682745426,open,0.22,0.0,0.189,0.2875,0.23804115,79.61,None,0.0,BTC-26JUL19-11000-P,9099.1,0.0,0.195,14.4,0.265,14.4,102.23,10.44237,-10.42399,-9.50844,0.00014,-0.708
9305.94,BTC-27SEP19,1560682745424,open,0.01,156.7,0.0005,0.053,0.012785,80.88,0.018,0.0,BTC-27DEC19-4000-P,9099.1,77.22,0.0105,10.0,0.015,10.0,84.14,6.08817,-1.26986,-2.71127,2e-05,-0.04207
9099.1,index_price,1560682745421,open,0.01,68.4,0.0005,0.0485,0.00830223,86.75,0.0075,0,BTC-21JUN19-8250-P,9099.1,75.72,0.0055,0.5,0.01,32.0,92.8,2.47561,-22.02433,-0.19505,0.00026,-0.15218
9199.92,BTC-28JUN19,1560682745419,open,0.03,27.0,0.0005,0.065,0.02517003,80.42,0.025,0.0,BTC-26JUL19-12000-C,9099.1,76.26,0.0215,19.3,0.029,0.5,84.55,8.33266,-8.40261,1.68733,0.00011,0.19305
9199.92,BTC-28JUN19,1560682745419,open,0.08,10.3,0.045,0.132,0.08852651,76.12,0.0845,0.0,BTC-26JUL19-9000-P,9099.1,67.95,0.078,19.3,0.092,19.3,78.81,11.85875,-11.31825,-5.06703,0.00017,-0.41562
9305.94,BTC-27SEP19,1560682745423,open,0.05,210.3,0.011,0.0945,0.05266973,75.81,0.067,0.0,BTC-27DEC19-6000-P,9099.1,72.31,0.047,8.0,0.0575,6.0,78.73,15.25427,-2.98244,-9.63108,4e-05,-0.14217
9305.94,BTC-27SEP19,1560682745420,open,0.74,0.0,0.6955,0.775,0.73529665,95.59,None,0.0,BTC-27DEC19-2500-C,9099.1,0.0,0.686,1.3,0.7865,1.3,187.86,2.2262,-0.54879,12.45614,1e-05,0.98729
271.37,ETH-28JUN19,1560682745451,open,0.08,0.0,0.059,0.147,0.103083,84.56,None,0.0,ETH-28JUN19-290-P,269.08,75.49,0.097,100.0,0.107,180.0,90.37,0.18309,-0.65185,-0.06563,0.00904,-0.64022
9199.92,BTC-28JUN19,1560682745480,open,0.84,33.8,0.797,0.8765,0.83695564,240.29,0.7145,0.0,BTC-28JUN19-1500-C,9099.1,0.0,0.814,6.0,0.8445,2.0,500.0,0.00041,-0.00416,0.48802,0.0,0.99999
271.37,ETH-28JUN19,1560682745506,open,0.08,0.0,0.059,0.147,0.103083,84.56,None,0.0,ETH-28JUN19-290-P,269.08,75.49,0.097,100.0,0.106,100.0,88.91,0.18309,-0.65185,-0.06563,0.00904,-0.64022
271.37,ETH-28JUN19,1560682745543,open,0.0,648.0,0.001,0.04,0.000155,110.0,0.001,0.0,ETH-28JUN19-480-C,269.08,0.0,0.0,0.0,0.002,200.0,147.36,0.00415,-0.01924,0.00023,0.00016,0.00276
271.37,ETH-28JUN19,1560682745584,open,0.11,145.0,0.083,0.173,0.127999,83.41,0.166,0.0,ETH-26JUL19-280-P,269.08,69.76,0.11,100.0,0.127,100.0,82.66,0.35773,-0.37415,-0.18331,0.00533,-0.49031
271.37,ETH-28JUN19,1560682745592,open,0.19,0.0,0.176,0.273,0.224519,86.08,None,0.0,ETH-28JUN19-330-P,269.08,0.0,0.202,60.0,0.243,60.0,126.03,0.09709,-0.35184,-0.09765,0.00471,-0.88144
9305.94,BTC-27SEP19,1560682745620,open,0.04,63.9,0.0005,0.0805,0.03923156,76.82,0.07,0.0,BTC-27DEC19-5500-P,9099.1,73.33,0.0345,10.0,0.044,6.0,80.21,12.86671,-2.54907,-7.44423,4e-05,-0.11137
9199.92,BTC-28JUN19,1560682745639,open,0.23,14.0,0.1725,0.252,0.21218617,77.06,0.1925,0.0,BTC-26JUL19-7500-C,9099.1,68.96,0.2055,7.0,0.2445,4.9,111.35,7.87622,-7.61027,6.14588,0.00011,0.82367
269.08,index_price,1560682745762,open,0.0,108.0,0.001,0.041,0.001003,108.58,0.003,0,ETH-21JUN19-210-P,269.08,0.0,0.0,0.0,0.002,430.0,122.34,0.01554,-0.17307,-0.00078,0.00148,-0.02076
269.08,index_price,1560682745768,open,0.07,1.0,0.048,0.135,0.091571,87.04,0.069,0,ETH-21JUN19-290-P,269.08,41.4,0.079,60.0,0.088,60.0,76.82,0.09752,-0.87044,-0.03047,0.01158,-0.75615
271.37,ETH-28JUN19,1560682745794,open,0.71,120.0,0.699,0.839,0.768958,110.0,1.018,0.0,ETH-28JUN19-480-P,269.08,0.0,0.74,60.0,0.79,60.0,230.36,0.00415,-0.01924,-0.15594,0.00016,-0.99724
271.37,ETH-28JUN19,1560682745794,open,0.08,43.0,0.036,0.115,0.07593,87.88,0.081,0.0,ETH-26JUL19-300-C,269.08,82.5,0.069,150.0,0.084,150.0,94.1,0.35074,-0.38648,0.10222,0.00496,0.42071
271.37,ETH-28JUN19,1560682745852,open,0.38,0.0,0.365,0.478,0.42156,88.44,None,0.0,ETH-26JUL19-380-P,269.08,0.0,0.336,48.0,0.47,48.0,136.71,0.21583,-0.23936,-0.37481,0.00303,-0.84269
9099.1,index_price,1560682745856,open,0.18,0.0,0.1625,0.259,0.21092551,94.59,None,0,BTC-21JUN19-11000-P,9099.1,0.0,0.1815,6.0,0.2195,6.0,140.22,1.02186,-9.91226,-1.41542,0.0001,-0.95359
279.11,ETH-27SEP19,1560682745943,open,0.03,2901.0,0.001,0.064,0.02433,99.0,0.028,0.0,ETH-27SEP19-600-C,269.08,95.68,0.021,60.0,0.028,60.0,102.41,0.29003,-0.13955,0.0724,0.00133,0.11636
269.08,index_price,1560682745993,open,0.01,1352.0,0.001,0.047,0.007578,87.12,0.007,0,ETH-21JUN19-300-C,269.08,76.86,0.005,241.0,0.01,240.0,95.59,0.073,-0.65218,0.00517,0.00866,0.15152
9199.92,BTC-28JUN19,1560682746014,open,0.12,17.2,0.0705,0.15,0.11025753,76.12,0.121,0.0,BTC-26JUL19-9000-C,9099.1,73.2,0.1065,7.0,0.12,14.4,83.68,11.85875,-11.3183,4.76533,0.00017,0.58438
269.08,index_price,1560682746025,open,0.21,61.0,0.144,0.223,0.183511,92.48,0.115,0,ETH-21JUN19-220-C,269.08,0.0,0.174,60.0,0.203,1.0,194.9,0.01899,-0.18009,0.0284,0.00212,0.97366
271.37,ETH-28JUN19,1560682746086,open,0.43,0.0,0.374,0.453,0.413077,86.07,None,0.0,ETH-26JUL19-160-C,269.08,0.0,0.352,48.0,0.488,48.0,225.7,0.0485,-0.05235,0.16725,0.0007,0.97721
269.08,index_price,1560682746095,open,0.35,0.0,0.292,0.371,0.331076,110.0,None,0,ETH-21JUN19-180-C,269.08,0.0,0.321,60.0,0.35,2.0,309.52,0.00068,-0.00769,0.02402,6e-05,0.99937
269.08,index_price,1560682746184,open,0.0,4.0,0.001,0.04,2.2e-05,110.0,0.001,0,ETH-21JUN19-180-P,269.08,0.0,0.0,0.0,0.002,100.0,184.61,0.00068,-0.00594,-2e-05,6e-05,-0.00063
271.37,ETH-28JUN19,1560682746203,open,0.06,333.0,0.016,0.095,0.05576,87.88,0.065,0.0,ETH-26JUL19-320-C,269.08,83.06,0.05,150.0,0.063,150.0,93.83,0.32731,-0.36068,0.08321,0.00463,0.33642
271.37,ETH-28JUN19,1560682746229,open,0.01,0.0,0.001,0.044,0.004547,89.72,None,0.0,ETH-28JUN19-350-C,269.08,76.52,0.002,420.0,0.007,420.0,98.94,0.06422,-0.24257,0.0056,0.00299,0.06793
271.37,ETH-28JUN19,1560682746274,open,0.01,122.0,0.001,0.045,0.00576,86.42,0.007,0.0,ETH-28JUN19-340-C,269.08,79.61,0.004,300.0,0.007,120.0,90.61,0.07657,-0.27861,0.00705,0.0037,0.0856
269.08,index_price,1560682746350,open,0.01,454.0,0.001,0.043,0.003943,87.31,0.002,0,ETH-21JUN19-310-C,269.08,75.02,0.002,301.0,0.006,300.0,97.35,0.04971,-0.4451,0.00303,0.00589,0.08812
269.08,index_price,1560682746382,open,0.17,132.0,0.108,0.187,0.14724,83.99,0.15,0,ETH-21JUN19-230-C,269.08,0.0,0.138,60.0,0.168,62.0,173.03,0.03102,-0.26714,0.02893,0.00382,0.95206
271.37,ETH-28JUN19,1560682746394,open,0.2,0.0,0.186,0.284,0.235006,87.92,None,0.0,ETH-26JUL19-320-P,269.08,0.0,0.154,144.0,0.285,144.0,127.55,0.32735,-0.36087,-0.26637,0.00463,-0.66347
9199.93,BTC-28JUN19,1560682746419,open,0.15,0.0,0.1135,0.2055,0.15958189,86.27,None,0.0,BTC-28JUN19-10500-P,9099.09,0.0,0.1375,6.0,0.181,6.0,122.32,4.91584,-17.85569,-2.81192,0.00021,-0.77982
9305.94,BTC-27SEP19,1560682746420,open,0.01,281.9,0.0005,0.05,0.00988977,85.83,0.008,0.0,BTC-27SEP19-4750-P,9099.09,79.49,0.007,10.0,0.0135,6.0,92.56,4.61684,-1.92585,-1.41905,2e-05,-0.04421
9305.94,BTC-27SEP19,1560682746420,open,1.32,0.0,1.2795,1.469,1.37440254,90.12,None,0.0,BTC-27SEP19-22000-P,9099.09,0.0,1.3165,1.3,1.428,1.3,138.16,5.84667,-2.56098,-60.7174,3e-05,-0.9405
9305.94,BTC-27SEP19,1560682746420,open,0.0,75.8,0.0005,0.044,0.00417957,93.98,0.005,0.0,BTC-27SEP19-3750-P,9099.09,75.43,0.001,3.5,0.0075,6.0,105.19,2.30774,-1.05408,-0.61249,1e-05,-0.01917
9199.93,BTC-28JUN19,1560682746420,open,0.65,0.1,0.607,0.6865,0.64673644,110.0,0.395,0.0,BTC-28JUN19-3250-C,9099.09,0.0,0.625,6.0,0.6685,6.0,451.13,0.0,-2e-05,1.05742,0.0,1.0
9305.94,BTC-27SEP19,1560682746420,open,0.0,335.8,0.0005,0.041,0.00123578,110.0,0.0015,0.0,BTC-27SEP19-2500-P,9099.09,0.0,0.0,0.0,0.2035,12.0,500.0,0.77765,-0.41575,-0.17668,0.0,-0.0055
9199.93,BTC-28JUN19,1560682746420,open,0.47,688.1,0.417,0.4965,0.45656049,110.0,0.45,0.0,BTC-28JUN19-5000-C,9099.09,0.0,0.4355,6.0,0.4775,6.0,283.37,0.04321,-0.20011,1.62442,0.0,0.99924
9199.93,BTC-28JUN19,1560682746420,open,0.79,20.1,0.743,0.8225,0.78260704,109.38,0.578,0.0,BTC-28JUN19-2000-C,9099.09,0.0,0.76,6.0,0.799,1.0,500.0,0.0,0.0,0.65072,0.0,1.0
9199.93,BTC-28JUN19,1560682746420,open,0.07,24.9,0.0365,0.1225,0.07940054,84.49,0.075,0.0,BTC-28JUN19-9500-P,9099.09,76.2,0.0735,18.0,0.0785,0.6,83.23,6.56078,-23.33844,-1.89433,0.00028,-0.55346
9199.93,BTC-28JUN19,1560682746420,open,0.0,133.4,0.0005,0.04,8e-08,110.0,0.0005,0.0,BTC-28JUN19-3750-P,9099.09,0.0,0.0,0.0,0.0155,1.0,361.56,0.00015,-0.0007,-1e-05,0.0,0.0
9305.94,BTC-27SEP19,1560682746420,open,0.24,941.1,0.19,0.2695,0.2299324,76.53,0.201,0.0,BTC-27SEP19-8000-C,9099.09,67.87,0.2145,5.0,0.274,1.3,100.85,16.70341,-6.21272,12.78741,9e-05,0.71746
9199.93,BTC-28JUN19,1560682746420,open,0.0,793.3,0.0005,0.0405,0.00055999,109.88,0.0005,0.0,BTC-28JUN19-15000-C,9099.09,0.0,0.0,0.0,0.0015,40.0,124.63,0.40159,-1.85781,0.02513,1e-05,0.00896
9199.93,BTC-28JUN19,1560682746421,open,0.39,0.8,0.3585,0.471,0.41488416,96.61,2.171,0.0,BTC-28JUN19-13000-P,9099.09,0.0,0.392,6.0,0.4365,6.0,169.89,1.09522,-4.45493,-4.14862,4e-05,-0.97108
9199.93,BTC-28JUN19,1560682746421,open,0.73,24.4,0.6885,0.768,0.72825851,0.0,0.5115,0.0,BTC-28JUN19-2500-C,9099.09,0.0,0.706,6.0,0.7505,6.0,500.0,0.0,0.0,0.8134,0.0,1.0
9199.93,BTC-28JUN19,1560682746421,open,0.02,782.1,0.0005,0.051,0.01144936,88.38,0.008,0.0,BTC-28JUN19-11000-C,9099.09,78.15,0.0075,30.0,0.014,30.0,94.24,3.84977,-14.32475,0.41135,0.00016,0.14887
9305.94,BTC-27SEP19,1560682746421,open,0.01,1038.2,0.0005,0.047,0.00680099,90.34,0.0115,0.0,BTC-27SEP19-4250-P,9099.09,83.33,0.0045,15.0,0.0095,6.0,97.07,3.40524,-1.49513,-0.97759,2e-05,-0.03047
9305.94,BTC-27SEP19,1560682746421,open,0.01,225.5,0.0005,0.0485,0.00827096,88.12,0.0065,0.0,BTC-27SEP19-4500-P,9099.09,80.96,0.0055,10.0,0.0115,6.0,95.02,3.99248,-1.7099,-1.18657,2e-05,-0.03697
9305.94,BTC-27SEP19,1560682746421,open,0.11,622.2,0.06,0.1395,0.09979039,76.89,0.1,0.0,BTC-27SEP19-11000-C,9099.09,72.64,0.091,13.6,0.1085,3.6,81.08,19.29754,-7.21163,8.36085,0.0001,0.41856
9199.92,BTC-28JUN19,1560682746422,open,0.0,1867.2,0.0005,0.0405,0.00074667,107.38,0.0005,0.0,BTC-28JUN19-6000-P,9099.09,0.0,0.0,0.0,0.0015,30.0,119.0,0.46604,-2.10688,-0.03402,2e-05,-0.01062
9199.92,BTC-28JUN19,1560682746422,open,0.03,290.1,0.0005,0.058,0.01826886,86.27,0.0155,0.0,BTC-28JUN19-10500-C,9099.09,78.98,0.0145,24.0,0.018,0.6,85.77,4.91583,-17.85573,0.60437,0.00021,0.22018
9305.94,BTC-27SEP19,1560682746422,open,0.39,717.9,0.3415,0.421,0.38137857,79.85,0.302,0.0,BTC-27SEP19-6000-C,9099.09,0.0,0.342,1.3,0.4,1.0,97.31,9.05493,-3.5143,13.44143,5e-05,0.89384
9305.94,BTC-27SEP19,1560682746421,open,0.0,87.9,0.0005,0.043,0.00291653,105.84,0.001,0.0,BTC-27DEC19-2000-P,9099.09,0.0,0.0,0.0,0.006,6.0,120.08,1.59736,-0.43601,-0.57331,0.0,-0.00868
9099.09,index_price,1560682746419,open,0.0,238.0,0.0005,0.04,0.0001356,110.0,0.0005,0,BTC-21JUN19-6500-P,9099.09,0.0,0.0,0.0,0.001,0.4,141.42,0.10685,-1.20528,-0.00426,1e-05,-0.00337
9199.92,BTC-28JUN19,1560682746419,open,0.05,66.2,0.0025,0.082,0.04237943,79.61,0.0485,0.0,BTC-26JUL19-11000-C,9099.09,73.89,0.036,19.3,0.0475,19.3,84.07,10.44241,-10.42414,2.50892,0.00014,0.292
9199.92,BTC-28JUN19,1560682746422,open,0.0,539.6,0.0005,0.04,3.8e-07,110.0,0.0005,0.0,BTC-28JUN19-4000-P,9099.09,0.0,0.0,0.0,0.0005,3.4,187.7,0.00065,-0.003,-3e-05,0.0,-1e-05
9305.94,BTC-27SEP19,1560682746422,open,0.66,0.0,0.614,0.6935,0.65380854,101.85,None,0.0,BTC-27SEP19-3250-C,9099.09,0.0,0.611,1.3,0.695,1.3,193.23,1.69226,-0.83772,8.73006,1e-05,0.98665
9199.92,BTC-28JUN19,1560682746422,open,0.0,402.3,0.0005,0.04,1e-08,110.0,0.0005,0.0,BTC-28JUN19-3500-P,9099.09,0.0,0.0,0.0,0.011,1.0,355.59,3e-05,-0.00012,0.0,0.0,0.0
9305.94,BTC-27SEP19,1560682746422,open,0.01,399.7,0.0005,0.0505,0.01055495,81.48,0.011,0.0,BTC-27SEP19-5000-P,9099.09,79.48,0.0095,10.2,0.0155,6.0,89.8,5.03249,-1.9929,-1.56803,3e-05,-0.04923
9305.94,BTC-27SEP19,1560682746422,open,0.05,196.9,0.0065,0.086,0.04620574,80.12,0.053,0.0,BTC-27SEP19-14000-C,9099.09,75.83,0.0395,14.9,0.052,4.9,83.67,14.90556,-5.80413,4.75203,8e-05,0.22738
9199.92,BTC-28JUN19,1560682746423,open,0.0,884.7,0.0005,0.04,0.00022885,110.0,0.0005,0.0,BTC-28JUN19-5500-P,9099.09,0.0,0.0,0.0,0.0015,0.5,140.14,0.17671,-0.8184,-0.01132,1e-05,-0.00355
9199.92,BTC-28JUN19,1560682746422,open,0.0,520.6,0.0005,0.04,0.0,110.0,0.0005,0.0,BTC-28JUN19-2000-P,9099.09,0.0,0.0,0.0,0.001,4.8,364.05,0.0,0.0,0.0,0.0,0.0
9199.92,BTC-28JUN19,1560682746419,open,0.04,74.1,0.001,0.084,0.04260723,76.37,0.035,0.0,BTC-26JUL19-8000-P,9099.09,71.45,0.0375,5.0,0.046,19.3,79.6,9.62815,-9.22049,-2.9239,0.00014,-0.24831
9199.92,BTC-28JUN19,1560682746423,open,0.0,266.4,0.0005,0.04,1.54e-06,110.0,0.0005,0.0,BTC-28JUN19-4250-P,9099.09,0.0,0.0,0.0,0.0005,3.0,174.93,0.0023,-0.01064,-0.0001,0.0,-3e-05
9199.92,BTC-28JUN19,1560682746423,open,0.0,1139.9,0.0005,0.041,0.00098642,93.02,0.0005,0.0,BTC-28JUN19-6500-P,9099.09,0.0,0.0,0.0,0.0015,11.4,99.34,0.65009,-2.54589,-0.04966,3e-05,-0.0156
9305.93,BTC-27SEP19,1560682746421,open,0.55,6.6,0.497,0.5765,0.53672097,80.22,0.4515,0.0,BTC-27DEC19-4500-C,9099.09,0.0,0.491,1.3,0.587,1.3,123.94,8.32925,-1.72324,19.81612,2e-05,0.93761
9199.92,BTC-28JUN19,1560682746424,open,0.01,724.3,0.0005,0.0435,0.00385741,89.61,0.001,0.0,BTC-28JUN19-12000-C,9099.09,70.87,0.001,140.0,0.006,0.5,98.53,1.95167,-7.36366,0.16514,8e-05,0.05903
9199.92,BTC-28JUN19,1560682746420,open,0.08,71.5,0.031,0.1105,0.07070188,79.27,0.0765,0.0,BTC-26JUL19-10000-C,9099.09,74.86,0.065,7.0,0.075,0.9,82.58,11.92025,-11.84795,3.56821,0.00016,0.42572
9099.09,index_price,1560682746419,open,0.0,290.0,0.0005,0.0405,0.00051733,103.34,0.0005,0,BTC-21JUN19-7000-P,9099.09,0.0,0.0,0.0,0.001,2.0,113.91,0.32965,-3.49341,-0.01527,3e-05,-0.01205
9305.93,BTC-27SEP19,1560682746420,open,0.02,96.2,0.0005,0.061,0.02028309,80.22,0.0385,0.0,BTC-27DEC19-4500-P,9099.09,75.81,0.0165,10.0,0.024,6.0,84.23,8.32916,-1.72321,-4.08629,2e-05,-0.06239
9305.93,BTC-27SEP19,1560682746419,open,0.02,103.7,0.0005,0.061,0.02120584,94.11,0.0235,0.0,BTC-27DEC19-30000-C,9099.09,89.22,0.016,6.0,0.0265,6.0,98.45,10.67833,-2.59177,3.21969,2e-05,0.08634
9305.93,BTC-27SEP19,1560682746422,open,0.35,58.1,0.2955,0.375,0.33530491,74.29,0.348,0.0,BTC-27DEC19-7000-C,9099.09,66.25,0.3185,5.0,0.385,1.3,97.29,19.70076,-3.77451,22.33537,6e-05,0.78716
9305.93,BTC-27SEP19,1560682746421,open,0.0,102.2,0.0005,0.041,0.00118187,110.0,0.0005,0.0,BTC-27DEC19-1500-P,9099.09,0.0,0.0,0.0,0.0025,0.1,122.53,0.75083,-0.213,-0.24173,0.0,-0.00371
9099.09,index_price,1560682746420,open,0.02,40.6,0.0005,0.063,0.02245392,85.5,0.017,0,BTC-21JUN19-8750-P,9099.09,67.27,0.015,24.0,0.0225,2.1,85.61,3.79945,-33.31235,-0.42602,0.0004,-0.32805
9099.09,index_price,1560682746420,open,0.03,314.6,0.0005,0.0625,0.02287177,87.5,0.0205,0,BTC-21JUN19-9500-C,9099.09,80.76,0.02,0.1,0.024,0.6,90.12,3.90942,-35.07883,0.40191,0.0004,0.35353
9305.93,BTC-27SEP19,1560682746421,open,0.24,227.8,0.182,0.2615,0.22151907,72.4,0.23,0.0,BTC-27DEC19-9000-C,9099.09,71.31,0.2185,10.6,0.2405,3.6,79.31,25.64711,-4.78906,20.10414,8e-05,0.62824
9305.93,BTC-27SEP19,1560682746420,open,0.76,0.0,0.72,0.8625,0.7912416,80.45,None,0.0,BTC-27DEC19-16000-P,9099.09,0.0,0.7165,1.3,0.8375,1.3,98.58,22.17178,-4.60028,-75.49197,6e-05,-0.73601
9305.93,BTC-27SEP19,1560682746420,open,0.03,186.7,0.0005,0.0665,0.02679734,90.21,0.0235,0.0,BTC-27DEC19-26000-C,9099.09,86.09,0.0215,6.0,0.032,6.0,93.87,12.63752,-2.94025,4.04425,3e-05,0.10862
9199.92,BTC-28JUN19,1560682746419,open,0.19,19.1,0.1335,0.213,0.17303446,76.37,0.139,0.0,BTC-26JUL19-8000-C,9099.09,71.03,0.1675,7.0,0.2085,4.9,108.87,9.62815,-9.22049,5.81598,0.00014,0.75169
9199.92,BTC-28JUN19,1560682746420,open,0.11,33.0,0.0745,0.1635,0.11897227,76.2,0.098,0.0,BTC-26JUL19-9500-P,9099.09,67.49,0.1075,14.4,0.12,0.1,76.97,12.13113,-11.59024,-6.22725,0.00017,-0.50061
9199.92,BTC-28JUN19,1560682746420,open,0.15,25.6,0.0995,0.179,0.13903229,76.12,0.1025,0.0,BTC-26JUL19-8500-C,9099.09,72.32,0.1345,21.4,0.149,14.4,84.41,11.01039,-10.50861,5.33808,0.00016,0.67014
9305.93,BTC-27SEP19,1560682746421,open,0.06,112.3,0.026,0.111,0.06854936,74.88,0.0825,0.0,BTC-27DEC19-6500-P,9099.09,71.64,0.0625,8.0,0.074,4.9,77.75,17.55084,-3.38917,-12.09165,5e-05,-0.17607
9099.09,index_price,1560682746419,open,0.3,6.1,0.246,0.3255,0.28577923,110.07,0.204,0,BTC-21JUN19-6500-C,9099.09,0.0,0.274,6.0,0.3095,0.1,292.67,0.1073,-1.21114,0.86399,1e-05,0.99661
9305.93,BTC-27SEP19,1560682746419,open,0.02,81.8,0.0005,0.056,0.01600553,99.1,0.0175,0.0,BTC-27DEC19-36000-C,9099.09,96.85,0.014,10.0,0.018,1.0,101.17,8.62606,-2.20455,2.43458,2e-05,0.06526
9199.92,BTC-28JUN19,1560682746420,open,0.01,67.1,0.0005,0.0575,0.01696166,78.55,0.015,0.0,BTC-26JUL19-7000-P,9099.09,73.87,0.014,7.0,0.019,24.0,81.6,6.03002,-5.9393,-1.36175,8e-05,-0.11853
9305.93,BTC-27SEP19,1560682746420,open,0.84,0.0,0.8,0.8795,0.8399945,110.0,None,0.0,BTC-27DEC19-1500-C,9099.09,0.0,0.7885,1.3,0.892,1.3,263.48,0.7509,-0.21302,7.72573,0.0,0.99629
9305.93,BTC-27SEP19,1560682746420,open,0.08,67.2,0.0445,0.131,0.08751264,74.29,0.1005,0.0,BTC-27DEC19-7000-P,9099.09,70.96,0.0805,5.0,0.093,4.9,76.87,19.70073,-3.77448,-14.8462,6e-05,-0.21284
9199.92,BTC-28JUN19,1560682746419,open,0.01,27.0,0.0005,0.0505,0.01016657,80.85,0.009,0.0,BTC-26JUL19-6500-P,9099.09,76.02,0.008,9.0,0.012,24.0,84.6,4.34181,-4.40187,-0.86458,6e-05,-0.07586
9305.93,BTC-27SEP19,1560682746420,open,0.31,93.6,0.264,0.3435,0.30377289,74.03,0.273,0.0,BTC-27DEC19-7500-C,9099.09,67.21,0.288,5.0,0.353,0.1,95.08,21.62272,-4.12819,21.9808,6e-05,0.74846
9305.93,BTC-27SEP19,1560682746424,open,0.04,40.2,0.0005,0.0765,0.03652065,86.17,0.039,0.0,BTC-27DEC19-22000-C,9099.09,82.73,0.031,6.0,0.042,6.0,89.36,15.49206,-3.44269,5.38539,4e-05,0.14547
9305.93,BTC-27SEP19,1560682746422,open,0.5,58.5,0.4515,0.531,0.49131039,78.31,0.4475,0.0,BTC-27DEC19-5000-C,9099.09,0.0,0.4465,1.3,0.512,14.0,94.93,10.53083,-2.12687,20.95516,3e-05,0.91525
9305.93,BTC-27SEP19,1560682746420,open,2.39,0.0,2.32,2.596,2.45787663,95.93,None,0.0,BTC-27DEC19-32000-P,9099.09,0.0,2.348,1.3,2.5155,1.3,131.62,9.91377,-2.45258,-167.05569,2e-05,-0.92177
9305.93,BTC-27SEP19,1560682746421,open,0.01,96.6,0.0005,0.0495,0.00953102,86.14,0.011,0.0,BTC-27DEC19-3500-P,9099.09,79.53,0.0065,34.6,0.013,6.0,92.48,4.69535,-1.04307,-1.98531,1e-05,-0.03063
9305.93,BTC-27SEP19,1560682746422,open,0.13,83.1,0.0895,0.18,0.13473177,73.89,0.133,0.0,BTC-27DEC19-8000-P,9099.09,70.19,0.1255,5.0,0.1415,4.9,76.6,23.25875,-4.43208,-21.05097,7e-05,-0.29114
9305.93,BTC-27SEP19,1560682746419,open,0.03,19.0,0.0005,0.0635,0.02375114,92.27,0.017,0.0,BTC-27DEC19-28000-C,9099.09,87.77,0.0185,7.0,0.029,6.0,96.26,11.59469,-2.75905,3.59515,3e-05,0.09648
9199.92,BTC-28JUN19,1560682746419,open,0.1,13.4,0.0465,0.126,0.08635459,76.2,0.1045,0.0,BTC-26JUL19-9500-C,9099.09,74.41,0.084,7.0,0.096,14.4,83.51,12.13113,-11.59024,4.15135,0.00017,0.49939
9199.92,BTC-28JUN19,1560682746420,open,0.05,48.0,0.0205,0.105,0.06295337,76.12,0.054,0.0,BTC-26JUL19-8500-P,9099.09,69.02,0.0545,1.0,0.0665,19.3,79.08,11.01039,-10.50861,-3.94804,0.00016,-0.32986
9305.93,BTC-27SEP19,1560682746422,open,0.1,82.7,0.0655,0.154,0.10970974,74.03,0.132,0.0,BTC-27DEC19-7500-P,9099.09,70.27,0.101,5.0,0.1165,4.9,76.95,21.62271,-4.12817,-17.85662,6e-05,-0.25154
9099.09,index_price,1560682746420,open,0.15,119.4,0.0855,0.165,0.12537226,87.57,0.1395,0,BTC-21JUN19-8000-C,9099.09,0.0,0.1135,6.1,0.151,6.2,175.45,1.74973,-15.71305,0.95004,0.00018,0.907
9099.09,index_price,1560682746422,open,0.08,29.4,0.021,0.1005,0.06082036,85.5,0.0605,0,BTC-21JUN19-8750-C,9099.09,85.93,0.061,18.0,0.0655,0.6,96.61,3.79946,-33.3135,0.7428,0.0004,0.67195
9305.93,BTC-27SEP19,1560682746423,open,0.19,464.0,0.1435,0.223,0.18329206,73.36,0.1895,0.0,BTC-27DEC19-10000-C,9099.09,73.26,0.183,12.0,0.2005,3.6,79.35,26.81977,-5.0744,18.26614,8e-05,0.55283
271.37,ETH-28JUN19,1560682746474,open,0.26,0.0,0.243,0.346,0.294299,89.72,None,0.0,ETH-28JUN19-350-P,269.08,0.0,0.271,60.0,0.312,60.0,137.55,0.06422,-0.24257,-0.10828,0.00299,-0.93207
271.37,ETH-28JUN19,1560682746480,open,0.36,0.0,0.304,0.383,0.343384,83.37,None,0.0,ETH-26JUL19-180-C,269.08,0.0,0.286,48.0,0.417,48.0,194.15,0.09516,-0.09947,0.17931,0.00142,0.9482
279.1,ETH-27SEP19,1560682746498,open,0.85,12.0,0.826,0.977,0.901463,97.31,1.193,0.0,ETH-27SEP19-520-P,269.08,0.0,0.84,12.0,0.953,12.0,129.4,0.37783,-0.1787,-1.36044,0.00177,-0.82796
271.37,ETH-28JUN19,1560682746518,open,0.04,12.0,0.016,0.099,0.057437,83.57,0.048,0.0,ETH-28JUN19-270-P,269.07,77.37,0.053,100.0,0.06,100.0,87.15,0.19412,-0.68302,-0.04539,0.00969,-0.45662
271.37,ETH-28JUN19,1560682746518,open,0.22,0.0,0.209,0.309,0.258662,86.42,None,0.0,ETH-28JUN19-340-P,269.07,0.0,0.236,60.0,0.277,60.0,131.34,0.07657,-0.27861,-0.10357,0.0037,-0.9144
279.1,ETH-27SEP19,1560682746518,open,1.11,27.0,1.087,1.26,1.173789,98.7,1.519,0.0,ETH-27SEP19-600-P,269.07,0.0,1.104,12.0,1.232,12.0,140.1,0.28823,-0.13827,-1.61926,0.00133,-0.88465
279.1,ETH-27SEP19,1560682746519,open,0.03,832.0,0.001,0.07,0.030596,98.35,0.035,0.0,ETH-27SEP19-560-C,269.07,95.25,0.027,60.0,0.035,60.0,101.94,0.33254,-0.15895,0.08741,0.00154,0.14172
269.07,index_price,1560682746518,open,0.01,580.0,0.001,0.052,0.011751,82.9,0.011,0,ETH-21JUN19-250-P,269.07,71.0,0.008,240.0,0.013,242.0,86.63,0.089,-0.75665,-0.00788,0.0111,-0.20751
269.07,index_price,1560682746519,open,0.0,222.0,0.001,0.045,0.005145,82.91,0.002,0,ETH-21JUN19-240-P,269.07,65.17,0.002,300.0,0.006,102.0,86.79,0.05744,-0.48835,-0.00404,0.00716,-0.10729
271.36,ETH-28JUN19,1560682746520,open,0.24,20.0,0.182,0.261,0.221045,83.42,0.171,0.0,ETH-26JUL19-220-C,269.07,60.69,0.203,100.0,0.258,100.0,121.89,0.23891,-0.2499,0.17627,0.00356,0.81563
271.36,ETH-28JUN19,1560682746518,open,0.04,2686.0,0.001,0.069,0.029612,88.39,0.032,0.0,ETH-26JUL19-360-C,269.07,84.47,0.026,151.0,0.033,150.0,91.92,0.25535,-0.28299,0.0522,0.00359,0.20569
271.36,ETH-28JUN19,1560682746519,open,0.05,1290.0,0.001,0.08,0.040501,87.89,0.048,0.0,ETH-26JUL19-340-C,269.07,81.74,0.034,150.0,0.046,150.0,92.9,0.29323,-0.32315,0.06626,0.00415,0.26402
269.07,index_price,1560682746518,open,0.0,282.0,0.001,0.042,0.002004,83.97,0.001,0,ETH-21JUN19-230-P,269.07,0.0,0.0,0.0,0.003,105.0,91.7,0.03102,-0.26712,-0.0018,0.00382,-0.04795
271.36,ETH-28JUN19,1560682746519,open,0.32,0.0,0.303,0.41,0.356263,88.39,None,0.0,ETH-26JUL19-360-P,269.07,0.0,0.275,48.0,0.402,48.0,130.34,0.25535,-0.28299,-0.3411,0.00359,-0.79431
269.07,index_price,1560682746519,open,0.14,76.0,0.074,0.153,0.113217,83.07,0.104,0,ETH-21JUN19-240-C,269.07,90.9,0.115,60.0,0.123,60.0,119.68,0.05759,-0.49057,0.028,0.00717,0.89231
271.36,ETH-28JUN19,1560682746519,open,0.26,0.0,0.242,0.345,0.293411,87.85,None,0.0,ETH-26JUL19-340-P,269.07,0.0,0.21,48.0,0.344,48.0,130.5,0.29316,-0.32295,-0.30521,0.00415,-0.7361
271.36,ETH-28JUN19,1560682746520,open,0.3,0.0,0.239,0.318,0.278888,83.4,None,0.0,ETH-26JUL19-200-C,269.07,0.0,0.26,1.0,0.322,100.0,139.05,0.16489,-0.17242,0.18217,0.00246,0.89339
269.07,index_price,1560682746518,open,0.0,35.0,0.001,0.042,0.00274,93.72,0.003,0,ETH-21JUN19-320-C,269.07,87.96,0.002,1.0,0.004,300.0,101.86,0.03754,-0.36081,0.0021,0.00414,0.06103
271.36,ETH-28JUN19,1560682746541,open,0.1,2165.0,0.043,0.122,0.0821,83.57,0.095,0.0,ETH-28JUN19-260-C,269.07,78.96,0.079,180.0,0.087,120.0,90.81,0.18308,-0.64416,0.04928,0.00914,0.64023
279.1,ETH-27SEP19,1560682746601,open,0.31,236.0,0.29,0.397,0.343679,93.8,0.38,0.0,ETH-27SEP19-340-P,269.07,87.25,0.33,36.0,0.351,36.0,97.29,0.58474,-0.26658,-0.70976,0.00284,-0.55858
9305.93,BTC-27SEP19,1560682747311,open,0.19,464.0,0.1435,0.223,0.18329107,73.36,0.1895,0.0,BTC-27DEC19-10000-C,9099.09,73.26,0.183,12.0,0.2,3.6,79.17,26.81977,-5.0744,18.26614,8e-05,0.55283
9199.93,BTC-28JUN19,1560682747374,open,0.49,2.2,0.462,0.583,0.52252298,100.4,0.777,0.0,BTC-28JUN19-14000-P,9099.09,0.0,0.4995,6.0,0.5445,6.0,191.08,0.55343,-2.33938,-4.51863,2e-05,-0.98706
9305.94,BTC-27SEP19,1560682747419,open,0.04,158.1,0.0005,0.075,0.03534301,80.42,0.039,0.0,BTC-27SEP19-15000-C,9099.12,77.25,0.031,4.9,0.04,0.5,83.65,13.09012,-5.11632,3.86786,7e-05,0.18281
9199.92,BTC-28JUN19,1560682747419,open,0.01,652.8,0.0005,0.0465,0.00644681,87.12,0.0065,0.0,BTC-28JUN19-7500-P,9099.12,77.37,0.004,31.0,0.008,5.0,92.44,2.55987,-9.39,-0.27079,0.00011,-0.08402
9305.94,BTC-27SEP19,1560682747420,open,0.0,386.5,0.0005,0.0455,0.00562498,92.94,0.0055,0.0,BTC-27SEP19-4000-P,9099.12,82.98,0.003,14.1,0.0085,6.0,101.14,2.8987,-1.30935,-0.8063,1e-05,-0.02512
9305.94,BTC-27SEP19,1560682747420,open,0.02,305.5,0.0005,0.067,0.0261276,79.85,0.0325,0.0,BTC-27SEP19-6000-P,9099.12,76.03,0.0225,6.0,0.0305,6.0,84.23,9.05488,-3.51426,-3.46961,5e-05,-0.10615
9305.94,BTC-27SEP19,1560682747421,open,0.26,3.2,0.231,0.333,0.28183075,76.89,0.481,0.0,BTC-27SEP19-11000-P,9099.12,71.4,0.2705,3.6,0.291,3.6,81.3,19.29753,-7.21161,-22.64279,0.0001,-0.58145
9305.94,BTC-27SEP19,1560682747421,open,0.0,427.9,0.0005,0.0435,0.00349104,97.38,0.0015,0.0,BTC-27SEP19-3500-P,9099.12,74.15,0.0005,105.1,0.0065,6.0,109.18,1.95381,-0.9247,-0.50536,1e-05,-0.01578
9305.97,BTC-27SEP19,1560682747421,open,0.08,593.8,0.0355,0.115,0.07542993,77.38,0.075,0.0,BTC-27SEP19-12000-C,9099.12,73.79,0.0685,10.0,0.084,4.9,81.75,18.09497,-6.80545,6.92968,0.0001,0.33963
9199.95,BTC-28JUN19,1560682747419,open,0.02,34.1,0.0005,0.0685,0.02740975,77.06,0.027,0.0,BTC-26JUL19-7500-P,9099.12,73.01,0.024,5.0,0.03,19.3,80.05,7.87613,-7.61016,-2.04772,0.00011,-0.17633
9305.97,BTC-27SEP19,1560682747423,open,0.16,301.6,0.1145,0.194,0.15413494,74.85,0.1405,0.0,BTC-27DEC19-11000-C,9099.12,73.77,0.151,7.1,0.1675,3.6,79.44,27.04197,-5.21987,16.42906,8e-05,0.4865
271.36,ETH-28JUN19,1560682747517,open,0.13,0.0,0.114,0.206,0.160009,85.4,None,0.0,ETH-28JUN19-310-P,269.08,0.0,0.139,60.0,0.178,60.0,116.26,0.14324,-0.51502,-0.08338,0.007,-0.78442
271.36,ETH-28JUN19,1560682747517,open,0.18,0.0,0.123,0.202,0.162005,83.64,None,0.0,ETH-28JUN19-230-C,269.08,0.0,0.146,100.0,0.181,100.0,126.33,0.09831,-0.34621,0.06333,0.00491,0.87931
271.36,ETH-28JUN19,1560682747517,open,0.22,1522.0,0.155,0.234,0.194352,83.68,0.154,0.0,ETH-28JUN19-220-C,269.08,0.0,0.179,100.0,0.213,100.0,135.51,0.06672,-0.23505,0.06483,0.00333,0.92862
279.09,ETH-27SEP19,1560682747518,open,0.27,2210.0,0.219,0.298,0.258668,92.5,0.23,0.0,ETH-27SEP19-240-C,269.08,88.28,0.251,100.0,0.265,100.0,95.98,0.50735,-0.22809,0.35487,0.0025,0.7098
271.36,ETH-28JUN19,1560682747517,open,0.43,60.0,0.417,0.534,0.475317,100.41,0.683,0.0,ETH-28JUN19-400-P,269.08,0.0,0.449,60.0,0.494,60.0,174.68,0.02379,-0.10059,-0.12848,0.00099,-0.9799
271.36,ETH-28JUN19,1560682747518,open,0.0,7876.0,0.001,0.04,0.000484,109.99,0.001,0.0,ETH-28JUN19-170-P,269.08,0.0,0.0,0.0,0.001,200.0,121.21,0.00956,-0.04427,-0.00066,0.00036,-0.00702
279.09,ETH-27SEP19,1560682747518,open,0.72,0.0,0.698,0.839,0.768428,96.23,None,0.0,ETH-27SEP19-480-P,269.08,0.0,0.711,12.0,0.817,12.0,124.41,0.42716,-0.19978,-1.22579,0.00202,-0.78988
