underlying_price,underlying_index,timestamp,state,settlement_price,open_interest,min_price,max_price,mark_price,mark_iv,last_price,interest_rate,instrument_name,index_price,bid_iv,best_bid_price,best_bid_amount,best_ask_price,best_ask_amount,ask_iv,vega,theta,rho,gamma,delta
156.47,index_price,1556621940134,open,0.16,100.0,0.16917,0.170157,0.170146,109.79,0.14,0,ETH-3MAY19-130-C,156.47,0.0,0.168,60.0,0.172,60.0,134.57,0.00827,-0.15786,0.00992,0.0039,0.97444
156.47,index_price,1556621940386,open,0.1,583.0,0.10529,0.111118,0.107917,88.73,0.087,0,ETH-3MAY19-140-C,156.47,68.15,0.106,120.0,0.109,120.0,96.79,0.01932,-0.29803,0.01009,0.01129,0.9267
156.47,index_price,1556621940648,open,0.05,84.0,0.044268,0.062315,0.051789,75.18,0.042,0,ETH-3MAY19-150-C,156.47,65.03,0.049,164.0,0.052,120.0,75.92,0.04438,-0.58008,0.00857,0.03061,0.74737
5188.84,index_price,1556621940823,open,0.01,355.0,0.00266744,0.02275148,0.0080872,62.07,0.009,0,BTC-3MAY19-5000-P,5188.84,58.09,0.007,38.5,0.0095,8.1,67.09,1.43773,-15.51679,-0.10217,0.00109,-0.24184
158.23,ETH-27SEP19,1556621940831,open,1.06,1.0,1.029474,1.073785,1.044568,75.8,0.93,0.0,ETH-27SEP19-320-P,156.47,0.0,0.0,0.0,1.066,1.0,90.48,0.19522,-0.04937,-1.25453,0.00251,-0.8863
158.23,ETH-27SEP19,1556621940831,open,0.17,4367.0,0.158954,0.24613,0.163911,61.97,0.171,0.0,ETH-27SEP19-160-P,156.47,59.62,0.158,254.0,0.167,108.0,63.19,0.39866,-0.08241,-0.38737,0.00626,-0.4323
157.78,ETH-28JUN19,1556621940833,open,0.49,0.0,0.493087,0.503075,0.494906,83.96,None,0.0,ETH-28JUN19-80-C,156.47,0.0,0.0,0.0,0.0,0.0,0.0,0.02335,-0.01665,0.12485,0.00069,0.98547
5188.84,index_price,1556621940844,open,0.01,379.0,0.0015571,0.01637485,0.00487662,69.52,0.006,0,BTC-3MAY19-4875-P,5188.84,65.11,0.004,20.0,0.0055,4.9,72.48,1.06767,-12.90464,-0.06279,0.00072,-0.14871
158.23,ETH-27SEP19,1556621940853,open,0.36,1713.0,0.335081,0.421808,0.346839,64.95,0.353,0.0,ETH-27SEP19-200-P,156.47,57.82,0.33,60.0,0.351,42.0,66.68,0.37983,-0.08231,-0.64026,0.00569,-0.6386
158.23,ETH-27SEP19,1556621940907,open,0.5,0.0,0.498515,0.522077,0.502954,69.62,None,0.0,ETH-27SEP19-80-C,156.47,0.0,0.0,0.0,0.0,0.0,0.0,0.0872,-0.02025,0.29702,0.00122,0.9601
158.23,ETH-27SEP19,1556621940957,open,0.02,1291.0,0.017163,0.061398,0.022777,65.42,0.023,0.0,ETH-27SEP19-100-P,156.47,64.7,0.022,4.0,0.024,180.0,66.52,0.17278,-0.03771,-0.07721,0.00257,-0.09607
157.78,ETH-28JUN19,1556621940963,open,0.12,539.0,0.120235,0.203834,0.122184,61.28,0.118,0.0,ETH-28JUN19-150-C,156.47,58.53,0.118,144.0,0.124,120.0,62.48,0.23952,-0.12466,0.12892,0.00973,0.62874
5188.84,index_price,1556621940996,open,0.01,291.8,0.00912248,0.03355389,0.01538913,58.27,0.0145,0,BTC-3MAY19-5250-C,5188.84,51.36,0.013,5.7,0.0145,2.4,55.7,1.80077,-18.24369,0.1656,0.00146,0.42046
158.23,ETH-27SEP19,1556621941008,open,0.01,312.0,0.000762,0.018824,0.012205,87.52,0.014,0.0,ETH-27SEP19-440-C,156.47,85.92,0.011,180.0,0.013,123.0,88.52,0.12297,-0.0359,0.03196,0.00137,0.06139
5188.84,index_price,1556621941010,open,0.1,6.2,0.0846866,0.09703379,0.0864213,66.11,0.0875,0,BTC-3MAY19-5625-P,5188.84,63.03,0.086,5.0,0.0905,5.0,88.41,0.74263,-8.53665,-0.4077,0.00053,-0.91085
157.78,ETH-28JUN19,1556621941037,open,2.2,0.0,2.16897,2.170595,2.170059,110.0,None,0.0,ETH-28JUN19-500-P,156.47,0.0,0.0,0.0,0.0,0.0,0.0,0.01454,-0.01358,-0.80465,0.00033,-0.99157
158.23,ETH-27SEP19,1556621941042,open,0.03,357.0,0.015323,0.073733,0.031342,72.01,0.031,0.0,ETH-27SEP19-280-C,156.47,70.47,0.029,204.0,0.031,120.0,71.79,0.24384,-0.05858,0.08176,0.00329,0.15718
158.23,ETH-27SEP19,1556621941049,open,0.81,0.0,0.784899,0.843309,0.800918,72.01,None,0.0,ETH-27SEP19-280-P,156.47,0.0,0.0,0.0,0.834,2.0,90.46,0.24384,-0.05858,-1.06797,0.00329,-0.84282
158.23,ETH-27SEP19,1556621941051,open,0.01,169.0,0.001579,0.025994,0.014226,83.81,0.014,0.0,ETH-27SEP19-400-C,156.47,82.38,0.013,240.0,0.015,3.0,84.67,0.13965,-0.03904,0.03777,0.00162,0.07236
157.78,ETH-28JUN19,1556621941054,open,0.02,857.0,0.015957,0.085877,0.023668,67.83,0.021,0.0,ETH-28JUN19-210-C,156.47,66.23,0.022,192.0,0.024,120.0,68.14,0.1666,-0.09597,0.03993,0.00612,0.18055
157.78,ETH-28JUN19,1556621941054,open,0.11,3007.0,0.103775,0.191037,0.105619,61.15,0.13,0.0,ETH-28JUN19-160-P,156.47,58.89,0.102,231.0,0.108,120.0,62.64,0.25226,-0.13101,-0.14744,0.01027,-0.47372
157.78,ETH-28JUN19,1556621941064,open,0.04,594.0,0.033296,0.114912,0.037352,63.08,0.035,0.0,ETH-28JUN19-190-C,156.47,62.82,0.037,329.0,0.039,120.0,64.31,0.2103,-0.11267,0.05972,0.0083,0.27201
157.78,ETH-28JUN19,1556621941068,open,0.08,5481.0,0.070926,0.154525,0.072875,61.28,0.071,0.0,ETH-28JUN19-150-P,156.47,59.39,0.07,192.0,0.075,120.0,62.68,0.23952,-0.12466,-0.11304,0.00973,-0.37126
158.23,ETH-27SEP19,1556621941090,open,0.03,496.0,0.010422,0.061466,0.026447,74.15,0.028,0.0,ETH-27SEP19-300-C,156.47,72.35,0.024,240.0,0.027,120.0,74.55,0.21877,-0.05412,0.06973,0.00287,0.13378
5188.84,index_price,1556621941132,open,0.03,170.5,0.02090932,0.04534073,0.02717596,58.27,0.032,0,BTC-3MAY19-5250-P,5188.84,53.43,0.0255,15.0,0.03,15.0,66.38,1.80077,-18.24369,-0.24803,0.00146,-0.57954
5188.84,index_price,1556621941140,open,0.26,0.9,0.25268846,0.2530796,0.25295714,104.98,0.2715,0,BTC-3MAY19-6500-P,5188.84,0.0,0.0005,10.0,0.3255,0.1,430.98,0.11049,-2.01679,-0.5086,5e-05,-0.99113
5188.84,index_price,1556621941144,open,0.0,162.0,0.0,0.00116596,0.00058642,98.82,0.0005,0,BTC-3MAY19-6250-C,5188.84,0.0,0.0,0.0,0.001,26.0,107.25,0.21232,-3.04286,0.00748,0.0001,0.01888
5188.84,index_price,1556621941230,open,0.01,153.5,0.00439009,0.03673146,0.0089436,62.3,0.0085,0,BTC-10MAY19-5750-C,5188.84,58.73,0.0075,9.0,0.009,10.0,62.43,2.16659,-6.83357,0.22728,0.00048,0.17083
5188.84,index_price,1556621941275,open,0.0,361.5,0.000772,0.01704205,0.00428061,62.3,0.0045,0,BTC-3MAY19-5500-C,5188.84,55.77,0.003,12.1,0.005,46.8,65.64,1.08596,-11.76274,0.06061,0.00082,0.15255
5188.84,index_price,1556621941305,open,0.09,9.9,0.07189449,0.11123281,0.07868321,62.3,0.1045,0,BTC-10MAY19-5500-P,5188.84,60.22,0.0775,5.0,0.0835,5.0,70.53,2.9789,-9.39565,-1.08964,0.00066,-0.69745
5188.84,index_price,1556621941310,open,0.21,0.1,0.20450814,0.20567409,0.20509456,98.82,0.222,0,BTC-3MAY19-6250-P,5188.84,0.0,0.0015,1.0,0.2695,0.1,373.91,0.21232,-3.64796,-0.48494,0.0001,-0.98112
156.47,index_price,1556621941325,open,0.1,186.0,0.086758,0.097666,0.090229,76.27,0.123,0,ETH-3MAY19-170-P,156.47,49.61,0.087,60.0,0.094,60.0,94.91,0.02725,-0.36143,-0.012,0.01853,-0.88321
5188.84,index_price,1556621941330,open,0.02,123.7,0.02442667,0.04690283,0.02730471,58.46,0.0235,0,BTC-3MAY19-5125-C,5188.84,50.22,0.0245,15.0,0.0265,5.3,56.1,1.77423,-18.03331,0.23589,0.00143,0.60431
5122.51,BTC-27SEP19,1556621941374,open,0.02,156.9,0.00434118,0.05591767,0.01669034,67.49,0.016,0.0,BTC-27DEC19-2500-P,5188.84,66.74,0.016,11.9,0.018,15.1,68.88,4.74599,-0.6649,-2.48319,4e-05,-0.05677
5122.51,BTC-27SEP19,1556621941374,open,0.04,354.5,0.01161958,0.12463949,0.04438278,69.47,0.0425,0.0,BTC-27DEC19-10000-C,5188.84,68.59,0.0425,10.9,0.045,0.1,69.75,11.04107,-1.59214,4.6933,9e-05,0.18322
5122.51,BTC-27SEP19,1556621941398,open,0.07,901.0,0.05812085,0.11173849,0.0724552,61.12,0.075,0.0,BTC-27SEP19-4250-P,5188.84,60.41,0.071,3.0,0.075,5.9,62.37,10.44435,-2.12966,-6.79526,0.00016,-0.25061
5188.84,index_price,1556621941419,open,0.07,87.2,0.06073916,0.07700921,0.06424777,62.3,0.065,0,BTC-3MAY19-5500-P,5188.84,58.6,0.0635,5.0,0.0675,5.0,76.31,1.08596,-11.76274,-0.37271,0.00082,-0.84745
5122.51,BTC-27SEP19,1556621941487,open,0.03,97.0,0.01344774,0.09098285,0.03141048,64.51,0.0305,0.0,BTC-27DEC19-3000-P,5188.84,63.16,0.0295,10.0,0.0335,20.1,65.97,7.2901,-0.97624,-4.43413,7e-05,-0.09976
5188.84,index_price,1556621941500,open,0.0,105.7,0.0003685,0.01779151,0.00311015,71.43,0.003,0,BTC-10MAY19-6250-C,5188.84,68.28,0.0025,25.9,0.003,13.5,70.89,1.0645,-3.84962,0.08497,0.0002,0.06364
5188.84,index_price,1556621941564,open,0.0,230.4,2.079e-05,0.00774633,0.00153997,72.02,0.001,0,BTC-3MAY19-5750-C,5188.84,66.12,0.001,0.6,0.0015,10.0,71.63,0.53202,-6.66189,0.02296,0.00035,0.05769
158.23,ETH-27SEP19,1556621941647,open,1.18,0.0,1.153622,1.191917,1.168878,78.46,None,0.0,ETH-27SEP19-340-P,156.46,0.0,0.0,0.0,1.185,1.0,90.59,0.18061,-0.04728,-1.34285,0.00224,-0.89794
157.78,ETH-28JUN19,1556621941647,open,0.42,1138.0,0.405205,0.468564,0.413352,69.81,0.428,0.0,ETH-28JUN19-220-P,156.46,51.68,0.4,37.0,0.414,1.0,70.51,0.14638,-0.08679,-0.32206,0.00522,-0.85208
158.23,ETH-27SEP19,1556621941647,open,0.05,393.0,0.033163,0.107178,0.048044,68.09,0.048,0.0,ETH-27SEP19-240-C,156.46,67.04,0.046,144.0,0.048,120.0,68.07,0.30839,-0.07005,0.11866,0.00441,0.23068
157.78,ETH-28JUN19,1556621941647,open,0.8,0.0,0.775544,0.80571,0.782806,84.11,None,0.0,ETH-28JUN19-280-P,156.46,0.0,0.0,0.0,0.0,0.0,0.0,0.07854,-0.05611,-0.43767,0.00233,-0.93687
158.23,ETH-27SEP19,1556621941647,open,1.81,0.0,1.781524,1.799586,1.792967,87.52,None,0.0,ETH-27SEP19-440-P,156.46,0.0,0.0,0.0,0.0,0.0,0.0,0.12297,-0.0359,-1.77476,0.00137,-0.93861
158.23,ETH-27SEP19,1556621941647,open,0.02,1012.0,0.002287,0.030682,0.016271,82.59,0.018,0.0,ETH-27SEP19-380-C,156.46,81.25,0.015,60.0,0.018,300.0,84.32,0.15374,-0.04236,0.04278,0.00181,0.08212
157.78,ETH-28JUN19,1556621941647,open,0.67,0.0,0.650008,0.689339,0.658331,79.84,None,0.0,ETH-28JUN19-260-P,156.46,0.0,0.0,0.0,0.0,0.0,0.0,0.09524,-0.06458,-0.40139,0.00297,-0.91883
157.78,ETH-28JUN19,1556621941647,open,0.0,1501.0,0.000122,0.01011,0.001941,83.96,0.004,0.0,ETH-28JUN19-80-P,156.46,76.21,0.001,1999.0,0.003,360.0,90.17,0.02335,-0.01665,-0.00419,0.00069,-0.01453
157.77,ETH-28JUN19,1556621941647,open,0.55,1723.0,0.526092,0.576636,0.534532,74.45,0.536,0.0,ETH-28JUN19-240-P,156.46,45.25,0.522,29.0,0.535,1.0,75.09,0.11524,-0.07286,-0.36379,0.00386,-0.89497
156.46,index_price,1556621941647,open,0.05,451.0,0.02989,0.051718,0.038448,71.38,0.045,0,ETH-3MAY19-160-P,156.46,64.05,0.036,300.0,0.039,118.0,73.02,0.05261,-0.653,-0.00819,0.03822,-0.62606
156.46,index_price,1556621941647,open,0.11,80.0,0.091613,0.126224,0.102925,69.71,0.105,0,ETH-10MAY19-170-P,156.46,62.0,0.099,120.0,0.105,120.0,73.61,0.08222,-0.29021,-0.036,0.01781,-0.74744
156.46,index_price,1556621941647,open,0.29,0.0,0.296945,0.298422,0.298073,105.39,None,0,ETH-10MAY19-110-C,156.46,0.0,0.0,0.0,0.388,10.0,379.32,0.01087,-0.05801,0.02899,0.00156,0.98296
157.77,ETH-28JUN19,1556621941648,open,0.0,1785.0,0.000608,0.018624,0.002849,75.51,0.004,0.0,ETH-28JUN19-90-P,156.46,64.12,0.001,240.0,0.004,360.0,80.32,0.03404,-0.02183,-0.00648,0.00112,-0.02262
156.46,index_price,1556621941647,open,0.01,2.0,0.002043,0.028139,0.009461,69.44,0.014,0,ETH-10MAY19-140-P,156.46,62.74,0.007,504.0,0.011,120.0,73.33,0.06039,-0.2123,-0.00681,0.01313,-0.15143
156.46,index_price,1556621941647,open,0.01,977.0,0.007265,0.029092,0.015888,71.58,0.015,0,ETH-3MAY19-160-C,156.46,65.94,0.014,240.0,0.017,120.0,74.87,0.05263,-0.655,0.00442,0.03813,0.37433
156.46,index_price,1556621941647,open,0.06,181.0,0.054123,0.093144,0.067208,67.7,0.06,0,ETH-10MAY19-150-C,156.46,63.99,0.065,10.0,0.07,120.0,72.36,0.09343,-0.32025,0.02543,0.02084,0.66797
158.22,ETH-27SEP19,1556621941648,open,0.02,185.0,0.003323,0.03632,0.018052,80.64,0.02,0.0,ETH-27SEP19-360-C,156.46,78.62,0.016,180.0,0.019,120.0,81.53,0.16642,-0.04477,0.0476,0.00201,0.09131
157.77,ETH-28JUN19,1556621941648,open,0.31,10.0,0.308693,0.349984,0.311477,65.81,0.265,0.0,ETH-28JUN19-110-C,156.46,0.0,0.0,0.0,0.0,0.0,0.0,0.08249,-0.0461,0.15811,0.00312,0.93275
157.77,ETH-28JUN19,1556621941648,open,0.0,512.0,5e-06,0.005885,0.003351,105.82,0.007,0.0,ETH-28JUN19-400-C,156.46,98.82,0.002,370.0,0.004,120.0,108.51,0.03585,-0.03222,0.00527,0.00084,0.02405
158.22,ETH-27SEP19,1556621941648,open,0.1,3598.0,0.093203,0.172203,0.097594,61.95,0.094,0.0,ETH-27SEP19-140-P,156.46,59.46,0.092,317.0,0.1,144.0,63.02,0.35575,-0.07353,-0.26233,0.00559,-0.30619
156.46,index_price,1556621941647,open,0.0,728.0,3e-05,0.005866,0.002657,88.69,0.005,0,ETH-3MAY19-140-P,156.46,82.99,0.002,300.0,0.004,570.0,98.52,0.01932,-0.29797,-0.00094,0.0113,-0.07333
158.22,ETH-27SEP19,1556621941648,open,0.39,0.0,0.385138,0.42938,0.390786,65.44,None,0.0,ETH-27SEP19-100-C,156.46,0.0,0.0,0.0,0.0,0.0,0.0,0.1729,-0.03775,0.33332,0.00257,0.90384
157.77,ETH-28JUN19,1556621941648,open,0.05,5490.0,0.045022,0.12166,0.046734,61.29,0.045,0.0,ETH-28JUN19-140-P,156.46,59.23,0.044,316.0,0.049,120.0,62.99,0.21006,-0.10934,-0.08097,0.00854,-0.27142
156.46,index_price,1556621941647,open,0.29,0.0,0.278292,0.2865,0.280313,81.76,None,0,ETH-10MAY19-200-P,156.46,0.0,0.272,57.0,0.289,57.0,117.98,0.02188,-0.09057,-0.05253,0.00404,-0.96066
157.77,ETH-28JUN19,1556621941649,open,0.92,0.0,0.901892,0.924858,0.909339,90.9,None,0.0,ETH-28JUN19-300-P,156.46,0.0,0.0,0.0,0.0,0.0,0.0,0.07281,-0.05621,-0.47132,0.002,-0.94269
157.77,ETH-28JUN19,1556621941649,open,0.15,5296.0,0.143097,0.2309,0.146405,62.1,0.164,0.0,ETH-28JUN19-170-P,156.46,59.3,0.142,211.0,0.147,120.0,62.48,0.24896,-0.1313,-0.18214,0.00999,-0.56932
158.22,ETH-27SEP19,1556621941649,open,0.0,174.0,0.000436,0.008564,0.002934,77.75,0.003,0.0,ETH-27SEP19-60-P,156.46,66.38,0.001,1946.0,0.004,120.0,81.96,0.03634,-0.00943,-0.01105,0.00045,-0.01407
158.22,ETH-27SEP19,1556621941649,open,0.46,745.0,0.439124,0.52031,0.451605,65.9,0.38,0.0,ETH-27SEP19-220-P,156.46,58.46,0.436,60.0,0.458,33.0,68.81,0.34394,-0.07562,-0.75822,0.00508,-0.71546
157.77,ETH-28JUN19,1556621941649,open,1.56,0.0,1.535341,1.541221,1.538527,105.1,None,0.0,ETH-28JUN19-400-P,156.46,0.0,0.0,0.0,0.0,0.0,0.0,0.0347,-0.03098,-0.64014,0.00082,-0.97686
157.77,ETH-28JUN19,1556621941649,open,1.3,0.0,1.281831,1.291908,1.285975,99.26,None,0.0,ETH-28JUN19-360-P,156.46,0.0,0.0,0.0,0.0,0.0,0.0,0.044,-0.03709,-0.57393,0.0011,-0.96926
156.46,index_price,1556621941647,open,0.0,0.0,0.0,0.001478,0.001083,104.73,None,0,ETH-10MAY19-110-P,156.46,0.0,0.0,0.0,0.002,420.0,115.77,0.0106,-0.05618,-0.00075,0.00153,-0.01653
156.46,index_price,1556621941647,open,0.23,0.0,0.233034,0.238029,0.234727,88.32,None,0,ETH-10MAY19-120-C,156.46,0.0,0.231,60.0,0.239,60.0,114.76,0.01692,-0.07567,0.03118,0.00289,0.97121
158.22,ETH-27SEP19,1556621941649,open,0.02,257.0,0.007099,0.051404,0.022196,75.8,0.021,0.0,ETH-27SEP19-320-C,156.46,74.82,0.021,180.0,0.023,120.0,76.45,0.1952,-0.04937,0.05945,0.00251,0.1137
157.77,ETH-28JUN19,1556621941649,open,0.37,0.0,0.368318,0.397031,0.371356,70.83,None,0.0,ETH-28JUN19-100-C,156.46,0.0,0.0,0.0,0.0,0.0,0.0,0.05514,-0.03317,0.14968,0.00194,0.95951
156.46,index_price,1556621941647,open,0.06,17.0,0.042523,0.084769,0.056295,66.43,0.073,0,ETH-10MAY19-160-P,156.46,61.34,0.053,120.0,0.059,120.0,70.59,0.10152,-0.34144,-0.02608,0.02307,-0.55967
156.46,index_price,1556621941647,open,0.0,0.0,0.0,8.6e-05,8.5e-05,109.98,None,0,ETH-3MAY19-120-P,156.46,0.0,0.0,0.0,0.001,120.0,149.81,0.00121,-0.01336,-4e-05,0.00057,-0.00283
156.46,index_price,1556621941647,open,0.42,0.0,0.40611,0.406112,0.406027,0.0,None,0,ETH-3MAY19-220-P,156.46,0.0,0.397,39.0,0.415,39.0,263.36,0.0,0.0,-0.01733,0.0,-1.0
156.46,index_price,1556621941647,open,0.01,2619.0,0.002927,0.020986,0.010439,75.12,0.011,0,ETH-3MAY19-150-P,156.46,62.5,0.007,120.0,0.01,103.0,73.56,0.04439,-0.57976,-0.00324,0.03064,-0.25279
157.77,ETH-28JUN19,1556621941649,open,0.09,1374.0,0.089677,0.176941,0.091549,61.17,0.09,0.0,ETH-28JUN19-160-C,156.46,58.95,0.088,204.0,0.094,120.0,62.7,0.25224,-0.13104,0.11061,0.01027,0.5262
157.77,ETH-28JUN19,1556621941650,open,0.16,495.0,0.157654,0.234292,0.159423,61.33,0.142,0.0,ETH-28JUN19-140-C,156.46,58.75,0.156,48.0,0.161,120.0,62.51,0.21009,-0.10943,0.14482,0.00853,0.7285
156.46,index_price,1556621941647,open,0.23,60.0,0.233031,0.233116,0.233165,115.31,0.22,0,ETH-3MAY19-120-C,156.46,0.0,0.23,60.0,0.235,60.0,168.14,0.00168,-0.03376,0.0094,0.00076,0.99589
156.46,index_price,1556621941647,open,0.0,581.0,0.0,2e-06,7e-06,110.02,0.001,0,ETH-3MAY19-220-C,156.46,0.0,0.0,0.0,0.001,220.0,177.24,0.00015,-0.0011,0.0,7e-05,0.00029
156.46,index_price,1556621941647,open,0.03,30.0,0.012835,0.051856,0.025858,67.6,0.034,0,ETH-10MAY19-150-P,156.46,61.09,0.022,120.0,0.028,120.0,71.17,0.09341,-0.31969,-0.01514,0.02086,-0.33185
156.46,index_price,1556621941647,open,0.03,246.0,0.019897,0.062143,0.033735,66.53,0.034,0,ETH-10MAY19-160-C,156.46,62.31,0.031,120.0,0.036,120.0,70.02,0.10153,-0.34198,0.01722,0.02304,0.44049
156.46,index_price,1556621941647,open,0.0,3.0,3e-06,0.004998,0.001647,87.86,0.001,0,ETH-10MAY19-120-P,156.46,0.0,0.0,0.0,0.003,120.0,98.43,0.01663,-0.07398,-0.00126,0.00286,-0.02819
156.46,index_price,1556621941647,open,0.02,14.0,0.005073,0.039684,0.016454,69.84,0.012,0,ETH-10MAY19-170-C,156.46,65.09,0.014,360.0,0.019,120.0,74.6,0.0823,-0.29104,0.01001,0.01779,0.25303
156.46,index_price,1556621941647,open,0.0,1323.0,2e-06,0.003547,0.00156,92.25,0.001,0,ETH-3MAY19-180-C,156.46,85.04,0.001,120.0,0.002,392.0,96.92,0.01372,-0.22008,0.00056,0.00771,0.04739
156.46,index_price,1556621941647,open,0.0,267.0,0.0,0.000989,0.000977,109.76,0.002,0,ETH-3MAY19-130-P,156.46,0.0,0.0,0.0,0.002,120.0,125.15,0.00827,-0.1528,-0.00033,0.00391,-0.02557
156.46,index_price,1556621941648,open,0.0,5.0,1e-05,0.008218,0.002113,82.34,0.003,0,ETH-10MAY19-200-C,156.46,81.54,0.002,120.0,0.003,80.0,87.91,0.02239,-0.09336,0.00162,0.00411,0.04048
5122.51,BTC-27SEP19,1556621941694,open,0.12,232.7,0.10854001,0.17487192,0.12541628,60.6,0.12,0.0,BTC-27SEP19-5500-C,5188.84,59.46,0.1225,10.7,0.128,3.4,61.61,13.09439,-2.64739,7.97188,0.0002,0.50442
5188.84,index_price,1556621941695,open,0.12,25.6,0.10816827,0.11589381,0.10968745,72.02,0.139,0,BTC-3MAY19-5750-P,5188.84,0.0,0.0005,10.2,0.139,0.2,194.5,0.53202,-6.66189,-0.43006,0.00035,-0.94231
5122.51,BTC-27SEP19,1556621941698,open,0.07,901.0,0.05812085,0.11173849,0.0724552,61.12,0.075,0.0,BTC-27SEP19-4250-P,5188.84,60.41,0.071,3.0,0.075,5.8,62.37,10.44435,-2.12966,-6.79526,0.00016,-0.25061
5122.51,BTC-27SEP19,1556621941706,open,0.06,116.8,0.04224161,0.09056062,0.05614238,61.82,0.0605,0.0,BTC-27SEP19-4000-P,5188.84,60.92,0.0545,10.0,0.055,5.5,61.2,9.33755,-1.9259,-5.50157,0.00014,-0.20541
5122.51,BTC-27SEP19,1556621942009,open,0.1,50.8,0.07708731,0.13513598,0.09164344,60.58,0.0785,0.0,BTC-27SEP19-4500-P,5188.84,59.39,0.089,17.0,0.095,3.0,62.08,11.39208,-2.30218,-8.21235,0.00017,-0.29879
5122.51,BTC-27SEP19,1556621942156,open,0.12,232.7,0.10854001,0.17487192,0.12541631,60.6,0.12,0.0,BTC-27SEP19-5500-C,5188.84,59.46,0.1225,5.7,0.128,3.4,61.61,13.09439,-2.64739,7.97188,0.0002,0.50442
5122.51,BTC-27SEP19,1556621942158,open,0.12,62.5,0.09911084,0.1606425,0.11469591,60.58,0.094,0.0,BTC-27SEP19-4750-P,5188.84,59.44,0.112,5.0,0.118,3.0,61.97,12.14291,-2.45396,-9.74896,0.00019,-0.34879
5122.42,BTC-27SEP19,1556621942483,open,0.08,10.0,0.04537299,0.11624597,0.08089715,63.17,0.0815,0.0,BTC-27DEC19-7500-C,5188.84,63.38,0.0815,10.0,0.0855,10.0,64.76,14.74911,-1.93402,7.85793,0.00013,0.31335
5122.51,BTC-27SEP19,1556621942484,open,0.16,797.6,0.14800419,0.21205163,0.16430144,60.58,0.1645,0.0,BTC-27SEP19-5000-C,5188.84,59.44,0.1615,5.0,0.1665,3.0,61.47,12.67159,-2.56086,9.1896,0.00019,0.6012
5133.15,BTC-28JUN19,1556621942487,open,0.01,86.7,0.00257092,0.02369931,0.01188587,64.24,0.0105,0.0,BTC-28JUN19-3750-P,5188.84,62.86,0.011,20.0,0.013,15.8,65.93,3.32513,-1.81416,-0.83681,0.00012,-0.08918
5133.15,BTC-28JUN19,1556621942493,open,0.06,152.1,0.03826307,0.08907782,0.0565182,57.79,0.062,0.0,BTC-28JUN19-4750-P,5188.84,56.74,0.055,5.0,0.059,27.3,59.5,7.4317,-3.64731,-3.16929,0.0003,-0.32625
5122.51,BTC-27SEP19,1556621942495,open,0.09,42.6,0.05956536,0.21544217,0.09488709,62.14,0.0945,0.0,BTC-27DEC19-7000-C,5188.84,62.67,0.0965,10.0,0.1005,10.0,63.98,15.52436,-2.00229,8.86358,0.00014,0.35709
5122.51,BTC-27SEP19,1556621942499,open,0.09,106.1,0.05900275,0.18341416,0.08850885,62.27,0.0925,0.0,BTC-27DEC19-4000-P,5188.84,61.45,0.0865,5.0,0.091,5.0,63.28,12.60734,-1.62964,-10.736,0.00012,-0.22908
5122.51,BTC-27SEP19,1556621942500,open,0.1,50.8,0.07708731,0.13513598,0.09164344,60.58,0.0785,0.0,BTC-27SEP19-4500-P,5188.84,59.61,0.0895,5.0,0.095,3.0,62.08,11.39208,-2.30218,-8.21235,0.00017,-0.29879
5122.51,BTC-27SEP19,1556621942513,open,0.06,76.5,0.03105155,0.13377992,0.05541516,63.21,0.056,0.0,BTC-27DEC19-3500-P,5188.84,62.75,0.0545,10.0,0.057,5.0,64.01,10.08443,-1.32317,-7.249,9e-05,-0.15902
5122.51,BTC-27SEP19,1556621942514,open,0.19,105.3,0.14733181,0.29979214,0.18509898,62.12,0.188,0.0,BTC-27DEC19-5000-P,5188.84,61.29,0.1825,5.0,0.188,5.0,63.06,15.8694,-2.04642,-19.17,0.00015,-0.38197
5122.51,BTC-27SEP19,1556621942518,open,0.05,76.4,0.01999831,0.14845361,0.05544994,67.25,0.0585,0.0,BTC-27DEC19-9000-C,5188.84,66.24,0.053,20.0,0.057,14.0,67.89,12.452,-1.73827,5.7012,0.00011,0.2241
5122.51,BTC-27SEP19,1556621942525,open,0.15,61.5,0.12408818,0.18813562,0.14038543,60.58,0.1405,0.0,BTC-27SEP19-5000-P,5188.84,59.41,0.1375,5.0,0.1435,3.0,61.84,12.67161,-2.56074,-11.34121,0.00019,-0.3988
5188.84,index_price,1556621942540,open,0.08,499.3,0.06438802,0.11074147,0.07366561,58.0,0.081,0,BTC-31MAY19-5250-P,5188.84,60.01,0.076,12.3,0.08,6.0,63.46,6.01997,-5.6539,-2.49195,0.00046,-0.49407
5188.84,index_price,1556621942542,open,0.04,547.7,0.03443307,0.07989625,0.04508688,59.57,0.04,0,BTC-31MAY19-5500-C,5188.84,53.23,0.038,22.4,0.04,0.1,55.03,5.83611,-5.62992,1.56432,0.00043,0.40148
5188.84,index_price,1556621942560,open,0.04,547.7,0.03443307,0.07989625,0.04508688,59.57,0.04,0,BTC-31MAY19-5500-C,5188.84,53.23,0.038,37.1,0.04,0.1,55.03,5.83611,-5.62992,1.56432,0.00043,0.40148
5122.51,BTC-27SEP19,1556621942562,open,0.09,42.6,0.05956536,0.21544217,0.09488709,62.14,0.0945,0.0,BTC-27DEC19-7000-C,5188.84,62.67,0.0965,10.0,0.1,10.0,63.81,15.52436,-2.00229,8.86358,0.00014,0.35709
5188.84,index_price,1556621942569,open,0.08,499.3,0.06438802,0.11074147,0.07366561,58.0,0.081,0,BTC-31MAY19-5250-P,5188.84,60.01,0.076,12.3,0.0805,6.0,63.89,6.01997,-5.6539,-2.49195,0.00046,-0.49407
5133.13,BTC-28JUN19,1556621942648,open,0.02,436.3,0.00908595,0.03020891,0.01782452,61.6,0.0205,0.0,BTC-28JUN19-4000-P,5188.62,60.61,0.017,20.0,0.019,16.1,62.97,4.33409,-2.26719,-1.21433,0.00017,-0.12883
5133.13,BTC-28JUN19,1556621942648,open,0.0,681.3,5.86e-06,0.00058673,0.00188243,88.02,0.0015,0.0,BTC-28JUN19-2500-P,5188.62,85.06,0.0015,7.0,0.003,29.7,94.93,0.71249,-0.53259,-0.12727,2e-05,-0.01349
5133.13,BTC-28JUN19,1556621942648,open,0.02,458.7,0.0091105,0.04832477,0.02560413,61.99,0.026,0.0,BTC-28JUN19-6500-C,5188.62,60.56,0.024,20.0,0.027,40.9,63.2,5.85767,-3.08351,1.48545,0.00022,0.20501
5122.42,BTC-27SEP19,1556621942648,open,0.34,261.1,0.33613923,0.37193789,0.34803473,63.58,0.38,0.0,BTC-27SEP19-3500-C,5188.62,0.0,0.161,1.0,0.4285,1.5,114.09,6.84854,-1.45253,11.03271,0.0001,0.87256
5122.42,BTC-27SEP19,1556621942648,open,0.21,21.0,0.18224462,0.24857664,0.1991087,60.6,0.2035,0.0,BTC-27SEP19-5500-P,5188.62,59.19,0.1955,9.0,0.2035,3.0,62.32,13.09418,-2.64711,-14.6125,0.0002,-0.49561
5133.13,BTC-28JUN19,1556621942648,open,0.0,515.7,3e-08,4.475e-05,0.00096096,102.61,0.001,0.0,BTC-28JUN19-2000-P,5188.62,94.67,0.0005,57.0,0.0015,5.0,109.05,0.36748,-0.32022,-0.06036,1e-05,-0.00633
5133.13,BTC-28JUN19,1556621942648,open,0.03,162.0,0.01254306,0.04996852,0.02721321,60.18,0.028,0.0,BTC-28JUN19-4250-P,5188.62,60.45,0.0275,3.0,0.028,17.2,60.92,5.47597,-2.79873,-1.74503,0.00021,-0.18354
5122.42,BTC-27SEP19,1556621942648,open,0.02,657.3,0.00484338,0.03154432,0.02097109,72.18,0.0205,0.0,BTC-27SEP19-10000-C,5188.62,71.79,0.0205,49.6,0.0215,10.0,72.61,6.25843,-1.50693,1.9179,8e-05,0.11215
5133.13,BTC-28JUN19,1556621942649,open,0.01,421.4,0.00179287,0.01193857,0.00813395,67.92,0.0075,0.0,BTC-28JUN19-3500-P,5188.62,67.64,0.008,20.0,0.0085,4.7,68.66,2.51138,-1.44851,-0.57856,9e-05,-0.06174
5132.91,BTC-28JUN19,1556621942650,open,0.04,108.7,0.02887653,0.06113795,0.03962149,58.65,0.0425,0.0,BTC-28JUN19-4500-P,5188.62,58.56,0.0395,10.0,0.0405,5.4,59.34,6.5424,-3.25873,-2.39283,0.00026,-0.24938
5122.2,BTC-27SEP19,1556621942650,open,0.31,0.0,0.29729354,0.33960311,0.31038668,62.64,None,0.0,BTC-27SEP19-3750-C,5188.62,0.0,0.032,0.1,0.0,0.0,0.0,8.12042,-1.69698,11.05194,0.00012,0.83585
5122.2,BTC-27SEP19,1556621942649,open,0.07,35.7,0.03452372,0.17810725,0.0695069,64.16,0.0695,0.0,BTC-27DEC19-8000-C,5188.62,64.16,0.0695,32.0,0.074,10.0,65.8,13.90903,-1.85247,6.9799,0.00013,0.27599
5188.62,index_price,1556621942648,open,0.27,0.0,0.2569903,0.28417479,0.26334243,62.69,None,0,BTC-31MAY19-6500-P,5188.62,0.0,0.0005,0.3,0.0,0.0,0.0,3.12657,-3.17397,-4.99122,0.00022,-0.87384
5122.2,BTC-27SEP19,1556621942651,open,0.61,2.5,0.58179667,0.62847975,0.60137312,66.24,1.278,0.0,BTC-27SEP19-8000-P,5188.62,0.0,0.004,0.3,0.0,0.0,0.0,9.21645,-2.03682,-29.45381,0.00013,-0.79901
5132.91,BTC-28JUN19,1556621942651,open,0.77,6.6,0.75359532,0.75818484,0.75807174,74.69,0.704,0.0,BTC-28JUN19-9000-P,5188.62,0.0,0.0005,0.4,0.0,0.0,0.0,1.86728,-1.18444,-14.20386,6e-05,-0.95746
5122.2,BTC-27SEP19,1556621942652,open,0.0,1669.2,8.88e-06,0.00074414,0.00170753,89.32,0.002,0.0,BTC-27SEP19-1500-P,5188.62,87.69,0.0015,150.0,0.002,0.1,91.41,0.68058,-0.2028,-0.19388,1e-05,-0.00751
5132.91,BTC-28JUN19,1556621942653,open,0.0,312.6,2e-08,5.568e-05,0.00066121,92.82,0.001,0.0,BTC-28JUN19-14000-C,5188.62,0.0,0.0,0.0,0.001,45.9,96.98,0.35674,-0.28121,0.0452,1e-05,0.00612
5132.91,BTC-28JUN19,1556621942653,open,0.0,1413.4,0.0,7.9e-07,0.00018738,110.0,0.0005,0.0,BTC-28JUN19-1500-P,5188.62,0.0,0.0,0.0,0.0005,93.0,121.98,0.08984,-0.08392,-0.01252,0.0,-0.00133
5122.2,BTC-27SEP19,1556621942648,open,1.01,0.3,0.96390191,1.0769127,0.99655058,69.42,1.4475,0.0,BTC-27DEC19-10000-P,5188.62,0.0,0.1,0.3,0.0,0.0,0.0,11.02856,-1.58917,-61.30696,9e-05,-0.8171
5188.62,index_price,1556621942651,open,0.06,95.7,0.05258235,0.09893618,0.06187877,58.01,0.0545,0,BTC-31MAY19-5250-C,5188.62,53.38,0.0565,11.0,0.0575,7.5,54.24,6.01973,-5.65523,1.94863,0.00046,0.50585
5188.62,index_price,1556621942652,open,0.08,105.6,0.07691852,0.12142899,0.08577055,58.02,0.078,0,BTC-31MAY19-5000-C,5188.62,51.44,0.0785,5.0,0.083,0.3,55.51,5.74883,-5.40113,2.34201,0.00044,0.61937
5122.2,BTC-27SEP19,1556621942650,open,1.39,0.1,1.34674408,1.43234039,1.37331816,73.45,0.001,0.0,BTC-27DEC19-12000-P,5188.62,0.0,0.002,1.0,0.0,0.0,0.0,8.78179,-1.33886,-75.8461,7e-05,-0.87044
5122.2,BTC-27SEP19,1556621942648,open,0.01,51.0,0.00087366,0.02938712,0.0080842,72.01,0.0095,0.0,BTC-27DEC19-2000-P,5188.62,69.9,0.007,1.0,0.0095,25.0,74.55,2.72958,-0.408,-1.24366,2e-05,-0.02871
5122.2,BTC-27SEP19,1556621942650,open,1.78,0.0,1.73462783,1.79910665,1.75613086,77.11,None,0.0,BTC-27DEC19-14000-P,5188.62,0.0,0.0005,0.2,0.0,0.0,0.0,7.20499,-1.15319,-89.84712,5e-05,-0.90182
5188.62,index_price,1556621942650,open,0.03,171.2,0.02160318,0.06395582,0.03106685,59.58,0.027,0,BTC-31MAY19-5750-C,5188.62,56.05,0.0275,10.0,0.029,8.6,57.54,5.29643,-5.11028,1.20829,0.00039,0.30636
157.77,ETH-28JUN19,1556621943428,open,0.2,4550.0,0.187999,0.273707,0.192463,63.0,0.21,0.0,ETH-28JUN19-180-P,156.46,60.0,0.188,144.0,0.192,120.0,62.72,0.23386,-0.12511,-0.21525,0.00925,-0.6534
5122.2,BTC-27SEP19,1556621943631,open,0.1,746.6,0.07856751,0.14406386,0.09842083,62.0,0.0975,0.0,BTC-27SEP19-6000-C,5188.62,60.83,0.0955,15.0,0.0985,5.6,62.03,12.83634,-2.65488,6.78316,0.00019,0.42093
5132.92,BTC-28JUN19,1556621943647,open,0.01,5.2,0.00141516,0.02248955,0.01150524,66.85,0.0115,0.0,BTC-28JUN19-7500-C,5188.19,65.4,0.0105,6.4,0.012,0.3,67.54,3.63362,-2.06295,0.73762,0.00013,0.10059
5132.92,BTC-28JUN19,1556621943647,open,0.49,0.0,0.46257177,0.48364616,0.47260208,66.77,None,0.0,BTC-28JUN19-7500-P,5188.19,0.0,0.0005,0.5,0.0,0.0,0.0,3.62453,-2.05519,-11.36248,0.00013,-0.89975
5188.19,index_price,1556621943647,open,0.1,0.5,0.10861579,0.11483083,0.11031925,82.91,0.1005,0,BTC-3MAY19-4625-C,5188.19,0.0,0.1075,5.0,0.1115,5.0,93.32,0.51228,-7.38503,0.34118,0.00029,0.945
5188.19,index_price,1556621943647,open,0.22,0.0,0.20502594,0.22242937,0.20766659,70.96,None,0,BTC-10MAY19-6250-P,5188.19,0.0,0.0,0.0,0.271,0.2,204.05,1.04515,-3.7549,-1.608,0.0002,-0.93784
5188.19,index_price,1556621943647,open,0.0,253.3,1.8e-07,0.00315305,0.00082595,84.83,0.001,0,BTC-3MAY19-6000-C,5188.19,78.43,0.0005,72.3,0.001,15.0,87.61,0.30623,-4.28521,0.01159,0.00017,0.02918
5188.19,index_price,1556621943647,open,0.13,0.0,0.11266274,0.14498143,0.11713117,62.11,None,0,BTC-10MAY19-5750-P,5188.19,0.0,0.0005,0.3,0.1625,0.2,143.7,2.15721,-6.78339,-1.32994,0.00048,-0.83029
5188.19,index_price,1556621943647,open,0.0,223.5,0.0,0.00066768,0.00064497,109.42,0.0005,0,BTC-3MAY19-4250-P,5188.19,105.38,0.0005,27.4,0.0015,50.0,125.93,0.20158,-3.34621,-0.00753,9e-05,-0.01776
5188.19,index_price,1556621943647,open,0.17,3.9,0.15647286,0.15962573,0.15720279,83.15,0.1715,0,BTC-3MAY19-6000-P,5188.19,0.0,0.0005,10.3,0.2115,0.1,307.91,0.28373,-4.10191,-0.46213,0.00016,-0.97337
5188.19,index_price,1556621943647,open,0.13,0.0,0.13394526,0.15560201,0.13831911,70.33,None,0,BTC-10MAY19-4500-C,5188.19,0.0,0.0005,0.3,0.1955,0.1,192.83,1.48538,-5.28899,1.07079,0.00029,0.90112
5188.19,index_price,1556621943647,open,0.01,197.9,0.00545759,0.02589521,0.00786057,58.74,0.005,0,BTC-3MAY19-5375-C,5188.19,52.04,0.006,39.8,0.007,0.2,55.69,1.48498,-15.16557,0.10186,0.00119,0.25706
5121.71,BTC-27SEP19,1556621943647,open,0.56,0.0,0.50970195,0.58056492,0.54509763,63.13,None,0.0,BTC-27DEC19-7500-P,5188.19,0.0,0.0005,0.5,0.0,0.0,0.0,14.74031,-1.93157,-41.64422,0.00013,-0.68698
5188.19,index_price,1556621943647,open,0.04,51.6,0.03895865,0.05906899,0.04445056,62.29,0.0355,0,BTC-3MAY19-5000-C,5188.19,51.15,0.0415,5.0,0.0455,5.0,66.01,1.44205,-15.61689,0.29116,0.00109,0.75677
5121.71,BTC-27SEP19,1556621943647,open,0.02,14.0,0.00086433,0.05694017,0.02053092,78.97,0.0195,0.0,BTC-27DEC19-15000-C,5188.19,77.77,0.019,15.0,0.0215,10.0,79.71,6.63517,-1.08768,2.27486,5e-05,0.08783
5188.19,index_price,1556621943647,open,0.0,23.0,0.00018747,0.01280797,0.00260341,75.7,0.0035,0,BTC-10MAY19-4250-P,5188.19,75.06,0.0025,1.0,0.003,1.0,78.02,0.85241,-3.26683,-0.07108,0.00015,-0.04803
5188.19,index_price,1556621943647,open,0.02,43.2,0.01189723,0.05122003,0.01870396,62.34,0.015,0,BTC-10MAY19-5500-C,5188.19,57.56,0.016,16.9,0.0175,18.5,60.23,2.97727,-9.39666,0.39804,0.00066,0.30226
5188.19,index_price,1556621943647,open,0.03,84.8,0.01726431,0.05725198,0.02273693,59.26,0.027,0,BTC-10MAY19-5000-P,5188.19,61.36,0.024,6.8,0.026,6.0,64.68,3.1069,-9.32146,-0.50134,0.00072,-0.33441
5188.19,index_price,1556621943647,open,0.17,0.0,0.15784115,0.18224483,0.16097608,64.65,None,0,BTC-10MAY19-6000-P,5188.19,0.0,0.001,0.5,0.215,0.2,171.9,1.43629,-4.70143,-1.49713,0.00031,-0.90555
5188.19,index_price,1556621943647,open,0.05,60.6,0.05353708,0.09352475,0.05908956,59.39,0.055,0,BTC-10MAY19-5000-C,5188.19,50.79,0.054,15.0,0.059,15.0,59.24,3.10788,-9.34541,0.851,0.00072,0.66532
5188.19,index_price,1556621943675,open,0.03,66.4,0.02738152,0.06999272,0.03342843,59.25,0.0335,0,BTC-10MAY19-5250-C,5188.19,53.24,0.0295,19.8,0.0325,8.2,57.83,3.39557,-10.18604,0.61422,0.00079,0.47099
5132.49,BTC-28JUN19,1556621943719,open,0.22,35.4,0.19608533,0.23124267,0.20926028,59.85,0.2,0.0,BTC-28JUN19-6000-P,5188.19,56.75,0.205,0.2,0.2135,1.5,62.86,7.14775,-3.63287,-7.54242,0.00028,-0.70178
5122.14,BTC-27SEP19,1556621943807,open,0.1,746.6,0.07856388,0.14405993,0.09842083,62.0,0.0975,0.0,BTC-27SEP19-6000-C,5188.19,60.83,0.0955,5.0,0.0985,5.6,62.03,12.83615,-2.6549,6.78296,0.00019,0.42092
158.22,ETH-27SEP19,1556621943818,open,0.06,391.0,0.048655,0.129841,0.061207,65.94,0.059,0.0,ETH-27SEP19-220-C,156.46,65.38,0.06,100.0,0.061,120.0,65.84,0.34404,-0.07568,0.1452,0.00508,0.2847
158.22,ETH-27SEP19,1556621943818,open,0.94,1.0,0.906512,0.95755,0.922534,74.15,1.018,0.0,ETH-27SEP19-300-P,156.46,0.0,0.0,0.0,0.949,2.0,90.47,0.21872,-0.05411,-1.16214,0.00287,-0.86625
157.77,ETH-28JUN19,1556621943818,open,0.0,2497.0,0.0,0.001625,0.001089,110.0,0.001,0.0,ETH-28JUN19-500-C,156.46,109.0,0.001,170.0,0.002,120.0,117.83,0.01453,-0.01358,0.00187,0.00033,0.00842
157.77,ETH-28JUN19,1556621943823,open,0.31,1942.0,0.290853,0.367006,0.29781,66.04,0.314,0.0,ETH-28JUN19-200-P,156.46,53.42,0.284,51.0,0.303,52.0,70.26,0.18914,-0.10607,-0.27349,0.00713,-0.77688
157.77,ETH-28JUN19,1556621943823,open,0.07,1342.0,0.065579,0.153382,0.068931,62.13,0.06,0.0,ETH-28JUN19-170-C,156.46,60.27,0.066,263.0,0.069,120.0,62.17,0.24897,-0.13136,0.09208,0.00998,0.43075
157.77,ETH-28JUN19,1556621943833,open,0.01,2097.0,0.002143,0.041465,0.010467,79.85,0.012,0.0,ETH-28JUN19-260-C,156.46,77.32,0.009,60.0,0.012,360.0,82.3,0.09523,-0.06458,0.01799,0.00297,0.08116
158.22,ETH-27SEP19,1556621943833,open,0.04,654.0,0.022541,0.088734,0.038384,70.08,0.039,0.0,ETH-27SEP19-260-C,156.46,68.68,0.036,205.0,0.038,120.0,69.85,0.27423,-0.06411,0.09785,0.00381,0.189
157.77,ETH-28JUN19,1556621943835,open,0.05,2428.0,0.047097,0.132806,0.051561,63.03,0.05,0.0,ETH-28JUN19-180-C,156.46,61.3,0.049,321.0,0.051,120.0,62.65,0.2339,-0.1252,0.07512,0.00924,0.34674
157.77,ETH-28JUN19,1556621943838,open,0.0,436.0,2.9e-05,0.010105,0.004314,99.77,0.004,0.0,ETH-28JUN19-360-C,156.46,89.55,0.002,520.0,0.005,120.0,102.06,0.04495,-0.03808,0.00693,0.00112,0.03155
158.22,ETH-27SEP19,1556621943840,open,0.29,147.0,0.287387,0.351565,0.291895,62.64,0.283,0.0,ETH-27SEP19-120-C,156.46,60.36,0.288,36.0,0.298,36.0,66.15,0.27232,-0.05691,0.33864,0.00423,0.81313
158.22,ETH-27SEP19,1556621943842,open,1.56,0.0,1.529704,1.554114,1.542347,83.81,None,0.0,ETH-27SEP19-400-P,156.46,0.0,0.0,0.0,0.0,0.0,0.0,0.13961,-0.03903,-1.60471,0.00162,-0.92766
157.77,ETH-28JUN19,1556621943848,open,0.01,2193.0,0.005911,0.047201,0.008655,65.74,0.012,0.0,ETH-28JUN19-110-P,156.46,62.41,0.007,10.0,0.01,180.0,68.23,0.08231,-0.04595,-0.01927,0.00312,-0.06707
157.77,ETH-28JUN19,1556621943853,open,0.03,2186.0,0.023185,0.099338,0.030142,66.04,0.026,0.0,ETH-28JUN19-200-C,156.46,64.23,0.028,335.0,0.03,120.0,65.92,0.18914,-0.10607,0.04911,0.00713,0.22312
158.22,ETH-27SEP19,1556621943855,open,1.43,1.0,1.404005,1.432395,1.417986,82.59,1.285,0.0,ETH-27SEP19-380-P,156.46,0.0,0.0,0.0,0.0,0.0,0.0,0.15371,-0.04235,-1.51758,0.00181,-0.9179
157.77,ETH-28JUN19,1556621943857,open,0.01,330.0,0.000164,0.017605,0.005959,93.15,0.009,0.0,ETH-28JUN19-320-C,156.46,90.46,0.005,60.0,0.007,360.0,95.79,0.05927,-0.04689,0.00975,0.00158,0.04427
158.22,ETH-27SEP19,1556621943857,open,1.31,0.0,1.278636,1.311632,1.293359,80.63,None,0.0,ETH-27SEP19-360-P,156.46,0.0,0.0,0.0,1.305,1.0,90.31,0.1664,-0.04476,-1.43064,0.00201,-0.9087
157.77,ETH-28JUN19,1556621943866,open,0.2,402.0,0.20204,0.268682,0.204354,62.19,0.194,0.0,ETH-28JUN19-130-C,156.46,58.03,0.2,48.0,0.208,48.0,65.55,0.1686,-0.08904,0.15564,0.00675,0.81595
158.22,ETH-27SEP19,1556621943898,open,0.05,3282.0,0.045824,0.110003,0.050333,62.64,0.047,0.0,ETH-27SEP19-120-P,156.46,60.1,0.046,339.0,0.052,144.0,63.61,0.27232,-0.05691,-0.15411,0.00423,-0.18687
158.22,ETH-27SEP19,1556621943914,open,0.01,531.0,0.000374,0.013782,0.011008,91.33,0.012,0.0,ETH-27SEP19-480-C,156.46,89.87,0.01,180.0,0.011,120.0,91.32,0.11181,-0.03407,0.02819,0.00119,0.0544
158.22,ETH-27SEP19,1556621943919,open,0.58,142.0,0.550029,0.624037,0.564822,68.05,0.527,0.0,ETH-27SEP19-240-P,156.46,58.21,0.547,27.0,0.571,27.0,71.16,0.30817,-0.06996,-0.86694,0.00441,-0.76959
157.77,ETH-28JUN19,1556621943919,open,0.25,25.0,0.25277,0.307202,0.255545,63.67,0.315,0.0,ETH-28JUN19-120-C,156.46,57.5,0.251,48.0,0.259,48.0,67.94,0.12335,-0.0667,0.16007,0.00482,0.88453
157.77,ETH-28JUN19,1556621943935,open,0.03,4141.0,0.026025,0.092666,0.028339,62.19,0.031,0.0,ETH-28JUN19-130-P,156.46,59.98,0.026,330.0,0.029,120.0,62.81,0.1686,-0.08904,-0.05405,0.00675,-0.18405
158.22,ETH-27SEP19,1556621943940,open,0.11,279.0,0.103064,0.192324,0.110137,62.79,0.106,0.0,ETH-27SEP19-180-C,156.46,61.55,0.107,229.0,0.113,120.0,63.92,0.4016,-0.08413,0.22242,0.00622,0.4525
157.77,ETH-28JUN19,1556621943940,open,0.43,0.0,0.430157,0.448174,0.4324,75.52,None,0.0,ETH-28JUN19-90-C,156.46,0.0,0.0,0.0,0.0,0.0,0.0,0.03405,-0.02184,0.13869,0.00112,0.97738
158.22,ETH-27SEP19,1556621943942,open,0.01,1700.0,0.00411,0.027677,0.008547,69.61,0.011,0.0,ETH-27SEP19-80-P,156.46,64.57,0.006,180.0,0.01,300.0,72.15,0.08719,-0.02025,-0.03148,0.00122,-0.0399
158.22,ETH-27SEP19,1556621943942,open,0.08,845.0,0.071081,0.157806,0.082834,64.95,0.074,0.0,ETH-27SEP19-200-C,156.46,63.35,0.079,60.0,0.081,120.0,64.19,0.37979,-0.0823,0.18093,0.00569,0.36133
157.77,ETH-28JUN19,1556621943949,open,0.36,1514.0,0.347001,0.416912,0.354709,67.83,0.37,0.0,ETH-28JUN19-210-P,156.46,52.73,0.341,43.0,0.358,1.0,70.88,0.16655,-0.09594,-0.29883,0.00612,-0.81951
157.77,ETH-28JUN19,1556621943965,open,0.01,1367.0,0.00039,0.023356,0.007957,91.16,0.008,0.0,ETH-28JUN19-300-C,156.46,89.03,0.007,1.0,0.008,120.0,91.25,0.07345,-0.05686,0.01272,0.00201,0.05795
158.22,ETH-27SEP19,1556621943968,open,0.69,1.0,0.665822,0.732015,0.681571,70.02,0.573,0.0,ETH-27SEP19-260-P,156.46,0.0,0.067,19.0,0.721,1.0,90.01,0.27398,-0.064,-0.96988,0.00381,-0.81128
158.22,ETH-27SEP19,1556621943975,open,0.62,0.0,0.621218,0.629346,0.623738,77.85,0.01,0.0,ETH-27SEP19-60-C,156.46,0.0,0.0,0.0,0.0,0.0,0.0,0.03652,-0.00948,0.23526,0.00046,0.98585
157.77,ETH-28JUN19,1556621944004,open,0.02,649.0,0.010852,0.074202,0.019005,69.82,0.017,0.0,ETH-28JUN19-220-C,156.46,68.73,0.018,240.0,0.019,120.0,69.82,0.14636,-0.08679,0.0328,0.00522,0.14791
157.77,ETH-28JUN19,1556621944010,open,0.01,2531.0,0.002152,0.030865,0.00515,70.72,0.007,0.0,ETH-28JUN19-100-P,156.46,67.19,0.004,100.0,0.006,120.0,73.06,0.05491,-0.03298,-0.01156,0.00193,-0.04028
157.77,ETH-28JUN19,1556621944028,open,0.02,2102.0,0.013371,0.067802,0.016098,63.61,0.021,0.0,ETH-28JUN19-120-P,156.46,60.86,0.014,388.0,0.017,120.0,64.76,0.12322,-0.06656,-0.03344,0.00482,-0.11529
158.22,ETH-27SEP19,1556621944037,open,0.02,492.0,0.004849,0.043138,0.020101,78.46,0.022,0.0,ETH-27SEP19-340-C,156.46,76.57,0.018,240.0,0.021,120.0,79.24,0.18057,-0.04727,0.05323,0.00224,0.10204
157.77,ETH-28JUN19,1556621944049,open,0.01,1315.0,0.00092,0.031079,0.008183,84.12,0.009,0.0,ETH-28JUN19-280-C,156.46,81.64,0.007,60.0,0.009,240.0,85.72,0.07853,-0.0561,0.01398,0.00233,0.06313
157.77,ETH-28JUN19,1556621944049,open,0.01,1555.0,0.00489,0.055434,0.013426,74.58,0.014,0.0,ETH-28JUN19-240-C,156.46,72.58,0.012,241.0,0.014,120.0,75.36,0.11563,-0.07324,0.02344,0.00386,0.10552
158.22,ETH-27SEP19,1556621944049,open,2.07,0.0,2.034124,2.047533,2.044759,91.33,None,0.0,ETH-27SEP19-480-P,156.46,0.0,0.0,0.0,0.0,0.0,0.0,0.11181,-0.03407,-1.94278,0.00119,-0.9456
157.77,ETH-28JUN19,1556621944049,open,0.25,2407.0,0.237566,0.319177,0.241621,63.08,0.261,0.0,ETH-28JUN19-190-P,156.46,53.14,0.229,120.0,0.248,120.0,67.78,0.21026,-0.11264,-0.24678,0.0083,-0.72808
158.22,ETH-27SEP19,1556621944058,open,0.21,201.0,0.208359,0.287359,0.212775,61.97,0.216,0.0,ETH-27SEP19-140-C,156.46,59.84,0.208,108.0,0.217,120.0,63.84,0.35575,-0.07354,0.31251,0.00559,0.6938
158.22,ETH-27SEP19,1556621944072,open,0.15,263.0,0.147741,0.234919,0.152698,61.97,0.146,0.0,ETH-27SEP19-160-C,156.46,60.5,0.149,108.0,0.158,228.0,64.07,0.39865,-0.08241,0.26958,0.00626,0.56764
157.77,ETH-28JUN19,1556621944074,open,1.05,0.0,1.028433,1.045874,1.034228,93.15,None,0.0,ETH-28JUN19-320-P,156.46,0.0,0.0,0.0,0.0,0.0,0.0,0.05927,-0.04689,-0.50642,0.00158,-0.95573
156.46,index_price,1556621944205,open,0.0,1278.0,0.000286,0.011183,0.003751,76.27,0.005,0,ETH-3MAY19-170-C,156.46,71.75,0.003,120.0,0.004,200.0,77.68,0.02722,-0.36099,0.00139,0.01851,0.1166
156.46,index_price,1556621944587,open,0.16,173.0,0.150456,0.154001,0.152011,92.21,0.192,0,ETH-3MAY19-180-P,156.46,0.0,0.148,60.0,0.155,60.0,116.94,0.01371,-0.21976,-0.01362,0.00771,-0.95268
5121.71,BTC-27SEP19,1556621944608,open,0.07,901.0,0.05816712,0.11179772,0.07250588,61.11,0.075,0.0,BTC-27SEP19-4250-P,5188.19,60.38,0.071,3.0,0.075,5.7,62.34,10.44503,-2.12927,-6.79682,0.00016,-0.25071
5122.14,BTC-27SEP19,1556621944641,open,0.04,20.8,0.02940284,0.07171351,0.04246474,62.61,0.045,0.0,BTC-27SEP19-3750-P,5188.19,61.37,0.0405,10.0,0.045,47.3,64.21,8.11858,-1.69586,-4.34419,0.00012,-0.16409
156.44,index_price,1556621944647,open,0.0,610.0,0.0,4.1e-05,4.1e-05,110.04,0.001,0,ETH-3MAY19-210-C,156.44,0.0,0.0,0.0,0.001,220.0,156.86,0.00068,-0.00642,2e-05,0.00032,0.00151
156.44,index_price,1556621944647,open,0.01,61.0,0.000888,0.024304,0.008065,74.02,0.01,0,ETH-10MAY19-180-C,156.44,70.99,0.007,120.0,0.009,30.0,76.55,0.05659,-0.21209,0.00548,0.01155,0.13756
156.44,index_price,1556621944647,open,0.29,50.0,0.278445,0.278656,0.278493,94.74,0.206,0,ETH-3MAY19-200-P,156.44,0.0,0.27,57.0,0.287,57.0,206.02,0.00088,-0.01446,-0.01573,0.00048,-0.99801
156.44,index_price,1556621944647,open,0.0,31.0,0.00011,0.014359,0.004585,80.46,0.006,0,ETH-10MAY19-190-C,156.44,78.0,0.004,120.0,0.006,100.0,85.85,0.03841,-0.15646,0.00321,0.00721,0.08042
156.44,index_price,1556621944647,open,0.0,101.0,0.000135,0.013111,0.002904,72.96,0.004,0,ETH-10MAY19-130-P,156.44,67.5,0.002,420.0,0.004,5.0,78.51,0.02842,-0.105,-0.00243,0.00588,-0.05451
156.44,index_price,1556621944647,open,0.35,0.0,0.342368,0.342409,0.342237,0.0,None,0,ETH-3MAY19-210-P,156.44,0.0,0.334,46.0,0.351,46.0,235.18,0.0,0.0,-0.01655,0.0,-1.0
156.44,index_price,1556621944647,open,0.17,0.0,0.169145,0.182121,0.172021,73.54,None,0,ETH-10MAY19-130-C,156.44,59.32,0.17,60.0,0.178,60.0,97.53,0.02896,-0.10783,0.03268,0.00595,0.94419
5132.52,BTC-28JUN19,1556621944651,open,0.16,216.2,0.15213353,0.18440146,0.16294067,58.7,0.164,0.0,BTC-28JUN19-4500-C,5187.74,54.38,0.1575,5.0,0.1655,5.5,60.7,6.54488,-3.26256,4.86356,0.00026,0.7504
5121.66,BTC-27SEP19,1556621944651,open,1.38,6.1,1.34417426,1.35838464,1.35594638,77.32,1.9095,0.0,BTC-27SEP19-12000-P,5187.74,0.0,0.012,0.1,0.0,0.0,0.0,4.43982,-1.14526,-48.06008,5e-05,-0.92931
156.44,index_price,1556621944647,open,0.23,0.0,0.214633,0.228882,0.218952,79.82,None,0,ETH-10MAY19-190-P,156.44,0.0,0.211,120.0,0.227,120.0,105.22,0.03775,-0.15256,-0.04827,0.00714,-0.9214
156.44,index_price,1556621944647,open,0.17,0.0,0.151489,0.174905,0.158519,73.61,None,0,ETH-10MAY19-180-P,156.44,48.79,0.152,60.0,0.162,60.0,82.62,0.05618,-0.20937,-0.04328,0.01153,-0.86391
5132.52,BTC-28JUN19,1556621944651,open,0.61,20.1,0.6103279,0.61037269,0.61131955,103.02,0.578,0.0,BTC-28JUN19-2000-C,5187.74,0.0,0.006,0.1,0.0,0.0,0.0,0.3754,-0.32843,3.16418,1e-05,0.99352
5132.52,BTC-28JUN19,1556621944651,open,0.71,33.3,0.7077459,0.70774669,0.70795612,111.24,0.7165,0.0,BTC-28JUN19-1500-C,5187.74,0.0,0.007,0.1,0.0,0.0,0.0,0.09791,-0.0925,2.40575,0.0,0.99854
5121.66,BTC-27SEP19,1556621944651,open,0.02,640.7,0.00238578,0.02193961,0.01606667,74.69,0.016,0.0,BTC-27SEP19-11000-C,5187.74,74.12,0.0155,25.0,0.0165,10.0,75.11,5.20757,-1.29755,1.49692,6e-05,0.08725
156.44,index_price,1556621944647,open,0.11,60.0,0.107139,0.133262,0.114673,69.71,0.11,0,ETH-10MAY19-140-C,156.44,62.43,0.112,180.0,0.117,120.0,75.49,0.06067,-0.21411,0.03102,0.01314,0.84748
5121.66,BTC-27SEP19,1556621944651,open,0.21,290.4,0.1985272,0.25658771,0.2131325,60.6,0.205,0.0,BTC-27SEP19-4500-C,5187.74,53.08,0.1965,3.0,0.2235,3.5,65.25,11.39306,-2.30321,10.26096,0.00017,0.70104
5121.66,BTC-27SEP19,1556621944651,open,0.43,227.1,0.42116391,0.4437007,0.43045392,66.65,0.456,0.0,BTC-27SEP19-3000-C,5187.74,0.0,0.135,0.1,0.4845,2.0,112.18,4.47135,-0.99423,10.47748,6e-05,0.92866
5132.52,BTC-28JUN19,1556621944651,open,2.93,0.4,2.8967213,2.89672168,2.89666419,0.0,5.076,0.0,BTC-28JUN19-20000-P,5187.74,0.0,0.0005,0.2,0.0,0.0,0.0,0.0,0.0,-32.26065,0.0,-1.0
5132.52,BTC-28JUN19,1556621944651,open,0.41,43.8,0.41566817,0.41889571,0.41939228,76.93,0.433,0.0,BTC-28JUN19-3000-C,5187.74,0.0,0.004,0.2,0.0,0.0,0.0,1.37205,-0.89639,4.56494,4e-05,0.97079
5132.52,BTC-28JUN19,1556621944651,open,0.08,288.1,0.06670258,0.10570295,0.07882643,57.77,0.0865,0.0,BTC-28JUN19-5000-P,5187.74,56.28,0.0765,5.0,0.081,5.0,59.16,8.01123,-3.93027,-4.04307,0.00033,-0.40953
5132.52,BTC-28JUN19,1556621944651,open,0.3,6.0,0.2755327,0.31473132,0.29193142,61.91,0.285,0.0,BTC-28JUN19-6500-P,5187.74,0.0,0.0005,0.2,0.0,0.0,0.0,5.84837,-3.07488,-9.00274,0.00022,-0.7955
5132.52,BTC-28JUN19,1556621944651,open,0.0,852.0,3.273e-05,0.00195472,0.00326817,80.77,0.003,0.0,BTC-28JUN19-10000-C,5187.74,75.24,0.002,40.8,0.0045,40.0,84.93,1.36795,-0.93827,0.21394,4e-05,0.02911
156.44,index_price,1556621944647,open,0.0,722.0,0.0,0.000936,0.000751,106.32,0.001,0,ETH-3MAY19-190-C,156.44,0.0,0.0,0.0,0.001,170.0,111.16,0.00731,-0.11753,0.00026,0.00357,0.0221
5121.66,BTC-27SEP19,1556621944652,open,0.61,28.2,0.60971533,0.6135901,0.61347739,79.6,0.608,0.0,BTC-27SEP19-2000-C,5187.74,0.0,0.001,0.3,0.635,1.0,121.46,1.44817,-0.38459,7.75164,2e-05,0.98207
5121.66,BTC-27SEP19,1556621944652,open,0.27,238.2,0.26128293,0.30961704,0.2752365,61.85,0.2725,0.0,BTC-27SEP19-4000-C,5187.74,0.0,0.165,2.0,0.274,2.0,61.17,9.34058,-1.92734,10.9186,0.00014,0.79442
5132.52,BTC-28JUN19,1556621944651,open,0.58,24.6,0.55987368,0.570298,0.5669755,69.6,0.609,0.0,BTC-28JUN19-8000-P,5187.74,0.0,0.0005,0.4,0.0,0.0,0.0,2.88223,-1.7036,-12.36189,0.0001,-0.9262
5132.52,BTC-28JUN19,1556621944651,open,0.0,137.0,1.2e-07,0.00013378,0.00119746,92.82,0.0015,0.0,BTC-28JUN19-13000-C,5187.74,84.53,0.0005,64.2,0.002,20.0,98.74,0.57504,-0.45327,0.07732,1e-05,0.01054
5121.66,BTC-27SEP19,1556621944652,open,0.0,411.8,0.00021373,0.00408849,0.00397014,79.58,0.0045,0.0,BTC-27SEP19-2000-P,5187.74,75.86,0.003,20.0,0.0045,4.0,81.39,1.44695,-0.38417,-0.46024,2e-05,-0.01791
5132.52,BTC-28JUN19,1556621944651,open,0.01,70.2,0.00026305,0.00884529,0.00585951,72.82,0.006,0.0,BTC-28JUN19-3250-P,5187.74,71.83,0.0055,20.0,0.0065,15.6,74.49,1.9101,-1.18117,-0.41073,6e-05,-0.04375
5121.66,BTC-27SEP19,1556621944651,open,0.38,0.0,0.37748442,0.40658948,0.38813512,64.9,None,0.0,BTC-27SEP19-3250-C,5187.74,0.0,0.003,0.2,0.0,0.0,0.0,5.61245,-1.21514,10.83784,8e-05,0.90347
5132.52,BTC-28JUN19,1556621944651,open,0.0,871.5,0.00017636,0.00340391,0.00385492,76.76,0.0035,0.0,BTC-28JUN19-3000-P,5187.74,73.31,0.003,40.0,0.005,9.9,80.76,1.36291,-0.88845,-0.27184,4e-05,-0.02898
5132.07,BTC-28JUN19,1556621944652,open,0.0,563.8,0.00020342,0.00478719,0.0047605,74.93,0.004,0.0,BTC-28JUN19-9000-C,5187.74,71.17,0.0035,78.0,0.0055,10.1,76.85,1.88578,-1.19996,0.31711,6e-05,0.04307
5121.66,BTC-27SEP19,1556621944652,open,0.8,0.0,0.76708181,0.80290936,0.78454214,68.75,None,0.0,BTC-27SEP19-9000-P,5187.74,0.0,0.002,0.3,0.0,0.0,0.0,7.47023,-1.71333,-34.48643,0.0001,-0.85529
5121.66,BTC-27SEP19,1556621944651,open,0.04,938.4,0.01995593,0.06662944,0.03962685,66.3,0.0375,0.0,BTC-27SEP19-8000-C,5187.74,65.39,0.038,30.4,0.0405,10.0,66.78,9.22171,-2.03969,3.39833,0.00013,0.20122
5121.66,BTC-27SEP19,1556621944651,open,0.52,57.5,0.51354316,0.52473622,0.51995941,71.82,0.389,0.0,BTC-27SEP19-2500-C,5187.74,0.0,0.001,0.4,0.55,1.0,109.98,2.64558,-0.63391,9.32039,3e-05,0.96314
5132.07,BTC-28JUN19,1556621944652,open,0.02,1574.5,0.00616518,0.02744734,0.01636731,63.86,0.0145,0.0,BTC-28JUN19-7000-C,5187.74,62.3,0.015,20.1,0.017,0.9,64.57,4.57976,-2.48389,1.02051,0.00017,0.13964
5132.07,BTC-28JUN19,1556621944652,open,0.04,2366.8,0.02704394,0.06219536,0.04035061,59.94,0.038,0.0,BTC-28JUN19-6000-C,5187.74,58.97,0.039,0.1,0.042,31.1,61.12,7.15058,-3.64018,2.13726,0.00028,0.29853
156.44,index_price,1556621944648,open,0.23,931.0,0.214523,0.215459,0.215119,102.75,0.182,0,ETH-3MAY19-190-P,156.44,0.0,0.207,120.0,0.223,120.0,174.19,0.0063,-0.11249,-0.01475,0.00318,-0.98148
5132.07,BTC-28JUN19,1556621944652,open,1.75,1.3,1.7279441,1.72799965,1.72815332,83.31,2.415,0.0,BTC-28JUN19-14000-P,5187.74,0.0,0.0005,0.2,0.0,0.0,0.0,0.14913,-0.10552,-22.56504,0.0,-0.99769
5132.07,BTC-28JUN19,1556621944652,open,1.56,0.8,1.53309105,1.53322458,1.53408111,90.85,2.171,0.0,BTC-28JUN19-13000-P,5187.74,0.0,0.07,1.0,0.0,0.0,0.0,0.50183,-0.38717,-20.90298,1e-05,-0.99098
5132.07,BTC-28JUN19,1556621944652,open,0.0,321.9,5.06e-06,0.00079498,0.00230229,85.55,0.001,0.0,BTC-28JUN19-11000-C,5187.74,80.88,0.0015,0.2,0.003,21.0,88.79,1.01186,-0.73517,0.14922,3e-05,0.02033
5121.66,BTC-27SEP19,1556621944652,open,0.99,2.0,0.95733026,0.98401913,0.97327352,72.03,1.8325,0.0,BTC-27SEP19-10000-P,5187.74,0.0,0.008,0.2,0.0,0.0,0.0,6.2295,-1.49697,-39.15497,8e-05,-0.88855
5132.07,BTC-28JUN19,1556621944652,open,1.36,10.0,1.33823856,1.33856251,1.33949711,86.61,1.243,0.0,BTC-28JUN19-12000-P,5187.74,0.0,0.0005,0.4,0.0,0.0,0.0,0.62844,-0.46226,-19.2702,2e-05,-0.98833
156.44,index_price,1556621944647,open,0.0,818.0,0.0,0.00021,0.000211,110.05,0.001,0,ETH-3MAY19-200-C,156.44,0.0,0.0,0.0,0.001,220.0,134.92,0.00265,-0.03305,8e-05,0.00125,0.00683
5121.66,BTC-27SEP19,1556621944652,open,0.24,0.1,0.22836093,0.28199234,0.24274743,61.14,0.225,0.0,BTC-27SEP19-4250-C,5187.74,53.57,0.2275,3.0,0.258,3.0,68.55,10.44634,-2.13088,10.65146,0.00016,0.74922
5121.66,BTC-27SEP19,1556621944652,open,0.44,10.2,0.40678719,0.46453556,0.42764052,64.01,0.8,0.0,BTC-27SEP19-7000-P,5187.74,59.76,0.4185,1.5,0.4365,1.5,68.0,11.21438,-2.3949,-23.948,0.00016,-0.71109
5132.07,BTC-28JUN19,1556621944652,open,0.13,117.0,0.11278219,0.16361649,0.13109095,57.82,0.137,0.0,BTC-28JUN19-4750-C,5187.74,55.69,0.128,5.0,0.1335,12.0,59.48,7.43359,-3.65036,4.48913,0.0003,0.67337
5132.07,BTC-28JUN19,1556621944652,open,0.1,772.4,0.09247853,0.13148209,0.10468132,57.82,0.102,0.0,BTC-28JUN19-5000-C,5187.74,57.06,0.1035,0.1,0.107,17.0,59.3,8.01122,-3.93366,4.02025,0.00033,0.59032
5121.66,BTC-27SEP19,1556621944653,open,0.18,12.5,0.17175135,0.23329246,0.18738252,60.6,0.226,0.0,BTC-27SEP19-4750-C,5187.74,58.75,0.183,12.0,0.19,3.0,61.7,12.14291,-2.4547,9.75117,0.00019,0.65105
5187.74,index_price,1556621944650,open,0.18,0.0,0.18076079,0.18143011,0.18147835,111.19,None,0,BTC-3MAY19-4250-C,5187.74,0.0,0.0005,10.0,0.2485,0.1,438.65,0.21578,-4.17147,0.32668,9e-05,0.98076
5121.66,BTC-27SEP19,1556621944651,open,0.83,0.0,0.7772248,0.90565682,0.81264897,67.24,None,0.0,BTC-27DEC19-9000-P,5187.74,0.0,0.001,0.5,0.0,0.0,0.0,12.44585,-1.73724,-53.69663,0.00011,-0.77603
5132.07,BTC-28JUN19,1556621944653,open,0.39,19.5,0.37013722,0.39141938,0.38021741,63.73,0.7515,0.0,BTC-28JUN19-7000-P,5187.74,0.0,0.0015,0.2,0.0,0.0,0.0,4.56552,-2.47087,-10.27499,0.00017,-0.86099
5132.07,BTC-28JUN19,1556621944653,open,0.51,24.4,0.51287301,0.51345512,0.51479159,88.3,0.5115,0.0,BTC-28JUN19-2500-C,5187.74,0.0,0.001,0.2,0.0,0.0,0.0,0.72252,-0.5418,3.90314,2e-05,0.98629
5121.66,BTC-27SEP19,1556621944652,open,1.59,0.0,1.54061613,1.61486492,1.56458563,75.39,None,0.0,BTC-27DEC19-13000-P,5187.74,0.0,0.0005,0.2,0.0,0.0,0.0,7.93702,-1.24206,-82.88832,6e-05,-0.88776
5132.07,BTC-28JUN19,1556621944653,open,0.28,30.0,0.27187928,0.29303186,0.28125941,64.33,0.298,0.0,BTC-28JUN19-3750-C,5187.74,0.0,0.027,0.1,0.0,0.0,0.0,3.33422,-1.82142,5.20871,0.00012,0.91047
5132.07,BTC-28JUN19,1556621944653,open,0.0,405.2,0.0,2.338e-05,0.00051842,95.88,0.001,0.0,BTC-28JUN19-15000-C,5187.74,0.0,0.0,0.0,0.001,25.1,102.56,0.28541,-0.23241,0.03514,1e-05,0.00476
5132.07,BTC-28JUN19,1556621944654,open,0.01,1307.5,0.00118373,0.01160235,0.00827787,69.59,0.0085,0.0,BTC-28JUN19-8000-C,5187.74,67.21,0.007,57.4,0.009,0.1,70.85,2.88004,-1.70216,0.54187,0.0001,0.07373
5187.74,index_price,1556621944652,open,0.11,198.0,0.09455356,0.14000686,0.10514206,59.52,0.112,0,BTC-31MAY19-5500-P,5187.74,61.61,0.1075,0.3,0.113,0.3,66.47,5.83252,-5.62129,-3.09065,0.00043,-0.59914
5121.66,BTC-27SEP19,1556621944652,open,0.61,0.0,0.61037598,0.63889804,0.61759545,72.02,None,0.0,BTC-27DEC19-2000-C,5187.74,0.0,0.0005,0.2,0.0,0.0,0.0,2.73125,-0.40831,11.95398,2e-05,0.97127
5132.07,BTC-28JUN19,1556621944653,open,0.0,780.7,0.0,3.8e-07,0.0002464,110.01,0.0005,0.0,BTC-28JUN19-20000-C,5187.74,0.0,0.0,0.0,0.001,12.3,125.1,0.13853,-0.12941,0.01562,0.0,0.00213
5132.07,BTC-28JUN19,1556621944653,open,0.32,143.4,0.31981184,0.32997103,0.32621279,68.02,0.36,0.0,BTC-28JUN19-3500-C,5187.74,0.0,0.003,0.4,0.0,0.0,0.0,2.5212,-1.45638,5.06394,9e-05,0.93793
5132.07,BTC-28JUN19,1556621944653,open,0.97,43.0,0.94856417,0.95048467,0.95163805,80.16,0.89,0.0,BTC-28JUN19-10000-P,5187.74,0.0,0.0005,2.5,0.0,0.0,0.0,1.32408,-0.90135,-15.9243,4e-05,-0.97201
5132.07,BTC-28JUN19,1556621944654,open,0.37,0.1,0.36699073,0.37557831,0.37264276,72.95,0.395,0.0,BTC-28JUN19-3250-C,5187.74,0.0,0.0035,0.2,0.0,0.0,0.0,1.91969,-1.18935,4.8289,6e-05,0.95597
5187.74,index_price,1556621944652,open,0.19,0.0,0.16957455,0.20733933,0.17732702,59.48,None,0,BTC-31MAY19-6000-P,5187.74,0.0,0.0005,0.3,0.0,0.0,0.0,4.52894,-4.36252,-4.1777,0.00033,-0.77467
5132.07,BTC-28JUN19,1556621944654,open,0.0,334.8,7.7e-07,0.00032472,0.00164546,89.48,0.001,0.0,BTC-28JUN19-12000-C,5187.74,84.32,0.001,20.0,0.0025,23.0,94.46,0.75746,-0.57559,0.10629,2e-05,0.01448
5187.74,index_price,1556621944650,open,0.0,228.8,7.178e-05,0.00932708,0.00299899,76.71,0.0035,0,BTC-3MAY19-4750-P,5187.74,76.72,0.003,1.6,0.0035,5.8,80.01,0.75989,-10.13531,-0.03882,0.00047,-0.09197
5121.66,BTC-27SEP19,1556621944651,open,0.47,0.0,0.4262722,0.58213789,0.46148419,62.1,None,0.0,BTC-27DEC19-7000-P,5187.74,0.0,0.001,0.5,0.4805,0.2,68.29,15.51709,-2.00022,-37.33855,0.00014,-0.64322
5187.74,index_price,1556621944651,open,0.02,288.4,0.01300155,0.05076633,0.02085434,59.6,0.0185,0,BTC-31MAY19-6000-C,5187.74,56.86,0.0185,26.4,0.0205,9.5,59.19,4.53504,-4.37682,0.89967,0.00033,0.22587
5132.07,BTC-28JUN19,1556621944654,open,0.19,4.5,0.18444627,0.22189989,0.19918249,60.23,0.2105,0.0,BTC-28JUN19-4250-C,5187.74,0.0,0.02,0.1,0.0,0.0,0.0,5.48167,-2.8039,5.10689,0.00021,0.81609
5121.21,BTC-27SEP19,1556621944654,open,0.71,42.8,0.70710937,0.70784552,0.70886187,89.71,0.6235,0.0,BTC-27SEP19-1500-C,5187.74,0.0,0.1,0.1,0.8,1.0,251.23,0.69442,-0.20782,5.96061,1e-05,0.99231
5187.74,index_price,1556621944651,open,0.18,0.0,0.18094887,0.19358075,0.1834395,76.12,None,0,BTC-10MAY19-4250-C,5187.74,0.0,0.0025,0.2,0.0,0.0,0.0,0.86565,-3.33636,1.07741,0.00016,0.95103
5132.07,BTC-28JUN19,1556621944654,open,0.14,72.4,0.11582065,0.1710826,0.13692934,58.54,0.14,0.0,BTC-28JUN19-5500-P,5187.74,56.36,0.1335,12.0,0.1395,5.0,60.17,8.09515,-4.02433,-5.85399,0.00033,-0.57023
5187.74,index_price,1556621944650,open,0.09,1.0,0.09008427,0.12203251,0.0959185,64.49,0.0835,0,BTC-10MAY19-4750-C,5187.74,48.31,0.0895,5.0,0.0945,5.0,61.24,2.30309,-7.51974,1.00465,0.00049,0.81167
5132.07,BTC-28JUN19,1556621944654,open,1.95,2.0,1.92279724,1.92282062,1.92307612,90.52,2.658,0.0,BTC-28JUN19-15000-P,5187.74,0.0,0.0005,0.2,0.0,0.0,0.0,0.17814,-0.13694,-24.17449,0.0,-0.99718
5121.21,BTC-27SEP19,1556621944651,open,0.64,0.0,0.59662537,0.74018682,0.63145286,64.11,None,0.0,BTC-27DEC19-8000-P,5187.74,0.0,0.001,0.5,0.0,0.0,0.0,13.89557,-1.84914,-45.82456,0.00013,-0.72444
5121.21,BTC-27SEP19,1556621944652,open,0.3,37.5,0.27800523,0.40245589,0.30756942,62.29,0.303,0.0,BTC-27DEC19-4000-C,5187.74,53.6,0.2865,5.0,0.3235,5.0,68.71,12.60948,-1.63039,15.65396,0.00012,0.77075
5187.74,index_price,1556621944651,open,0.15,15.2,0.1443161,0.17741186,0.15333163,62.27,0.132,0,BTC-31MAY19-4500-C,5187.74,47.2,0.1425,5.0,0.151,5.0,59.28,4.10204,-4.13679,2.87917,0.00029,0.80943
5132.07,BTC-28JUN19,1556621944655,open,0.23,355.5,0.22969378,0.25083642,0.23849466,61.66,0.236,0.0,BTC-28JUN19-4000-C,5187.74,39.34,0.224,0.9,0.2455,2.0,69.48,4.34165,-2.27343,5.23437,0.00017,0.8708
5187.74,index_price,1556621944650,open,0.0,161.4,2.3e-07,0.00293741,0.00128217,92.37,0.001,0,BTC-3MAY19-4500-P,5187.74,88.24,0.001,12.5,0.002,22.6,100.98,0.37976,-6.09921,-0.01601,0.00019,-0.0379
5187.74,index_price,1556621944651,open,0.32,0.0,0.32545624,0.33154601,0.32848548,78.18,None,0,BTC-31MAY19-3500-C,5187.74,0.0,0.001,2.0,0.0,0.0,0.0,1.09871,-1.39105,2.80394,6e-05,0.96744
5187.74,index_price,1556621944651,open,0.0,60.5,0.00136494,0.02575269,0.0045916,65.0,0.0045,0,BTC-10MAY19-6000-C,5187.74,62.81,0.004,131.0,0.0045,5.0,64.67,1.4489,-4.76805,0.12773,0.00031,0.09559
5187.74,index_price,1556621944652,open,0.37,0.0,0.35055114,0.36831662,0.35507318,66.19,None,0,BTC-31MAY19-7000-P,5187.74,0.0,0.0005,0.3,0.0,0.0,0.0,2.07329,-2.22239,-5.62997,0.00014,-0.92786
5187.74,index_price,1556621944651,open,0.23,0.0,0.21231577,0.2448152,0.21946053,60.99,None,0,BTC-31MAY19-6250-P,5187.74,0.0,0.0005,0.3,0.0,0.0,0.0,3.79189,-3.74545,-4.61338,0.00027,-0.83182
5187.74,index_price,1556621944651,open,0.08,19.0,0.08445149,0.09370679,0.08745812,77.25,0.0805,0,BTC-3MAY19-4750-C,5187.74,0.0,0.084,5.0,0.0885,5.0,83.84,0.76879,-10.32608,0.33479,0.00047,0.90657
5187.74,index_price,1556621944651,open,0.01,47.6,0.00130321,0.02297574,0.00561045,70.08,0.007,0,BTC-10MAY19-4500-P,5187.74,69.69,0.0055,0.8,0.0065,10.0,73.1,1.4786,-5.24595,-0.14581,0.00029,-0.09827
5121.21,BTC-27SEP19,1556621944651,open,1.78,0.0,1.73515425,1.79960855,1.7565459,77.04,None,0.0,BTC-27DEC19-14000-P,5187.74,0.0,0.0005,0.2,0.0,0.0,0.0,7.18444,-1.14885,-89.85583,5e-05,-0.90218
5187.74,index_price,1556621944654,open,0.23,0.1,0.23082664,0.24824256,0.23603944,66.69,0.239,0,BTC-31MAY19-4000-C,5187.74,0.0,0.04,20.0,0.0,0.0,0.0,2.14235,-2.31376,3.02209,0.00014,0.9247
5187.74,index_price,1556621944652,open,0.03,146.5,0.02320272,0.06311351,0.03073093,57.97,0.035,0,BTC-31MAY19-4750-P,5187.74,59.28,0.032,0.4,0.034,7.9,61.33,5.00612,-4.69946,-1.32793,0.00038,-0.27187
5187.74,index_price,1556621944651,open,0.13,5.2,0.13257048,0.13550766,0.13392766,93.38,0.134,0,BTC-3MAY19-4500-C,5187.74,0.0,0.0005,10.2,0.191,0.1,342.16,0.39226,-6.36893,0.33786,0.0002,0.96056
5121.21,BTC-27SEP19,1556621944652,open,0.04,229.2,0.00678258,0.10530588,0.03655786,71.6,0.0385,0.0,BTC-27DEC19-11000-C,5187.74,70.25,0.034,32.0,0.0385,10.0,72.6,9.83027,-1.46107,3.93666,8e-05,0.15304
5121.21,BTC-27SEP19,1556621944651,open,0.37,5.8,0.34765945,0.45043008,0.37208331,63.23,0.37,0.0,BTC-27DEC19-3500-C,5187.74,0.0,0.255,1.0,0.68,3.0,210.9,10.08871,-1.32424,15.8415,9e-05,0.84081
5187.74,index_price,1556621944650,open,0.05,106.0,0.03934547,0.0819557,0.04530576,59.12,0.066,0,BTC-10MAY19-5250-P,5187.74,59.42,0.0455,1.0,0.05,15.0,66.29,3.39496,-10.16159,-0.80684,0.00079,-0.52952
5187.74,index_price,1556621944652,open,0.19,8.0,0.18589397,0.21106388,0.19344593,64.81,0.1625,0,BTC-31MAY19-4250-C,5187.74,0.0,0.1805,0.8,0.0,0.0,0.0,3.10035,-3.2541,2.99233,0.00021,0.87532
5187.74,index_price,1556621944650,open,0.05,7.0,0.04153571,0.06196082,0.04384663,58.43,0.045,0,BTC-3MAY19-5375-P,5187.74,53.6,0.0425,5.0,0.047,5.0,69.09,1.47958,-15.03024,-0.32229,0.00119,-0.74468
5187.74,index_price,1556621944651,open,0.32,0.0,0.30344787,0.32562035,0.30879088,64.26,None,0,BTC-31MAY19-6750-P,5187.74,0.0,0.0005,0.3,0.0,0.0,0.0,2.53494,-2.63774,-5.32993,0.00017,-0.90577
5121.21,BTC-27SEP19,1556621944651,open,0.03,41.4,0.00237518,0.07661193,0.02637086,75.41,0.0255,0.0,BTC-27DEC19-13000-C,5187.74,74.18,0.0245,15.0,0.028,10.0,76.44,7.93981,-1.24284,2.90426,6e-05,0.1123
5187.74,index_price,1556621944652,open,0.41,0.0,0.39815091,0.41217896,0.40235845,69.47,None,0,BTC-31MAY19-7250-P,5187.74,0.0,0.0005,0.3,0.0,0.0,0.0,1.79501,-2.01926,-5.89119,0.00011,-0.9401
5187.74,index_price,1556621944651,open,0.11,62.5,0.10758243,0.14749322,0.11519006,58.05,0.105,0,BTC-31MAY19-4750-C,5187.74,49.91,0.1075,5.0,0.1125,0.1,55.25,5.008,-4.70791,2.68888,0.00038,0.72792
5187.74,index_price,1556621944652,open,0.15,75.7,0.12994469,0.17228183,0.13931856,59.5,0.148,0,BTC-31MAY19-5750-P,5187.74,0.0,0.05,0.2,0.17,0.1,87.96,5.29038,-5.09737,-3.65828,0.00039,-0.69431
5187.74,index_price,1556621944652,open,0.28,0.0,0.27769256,0.28857413,0.28175519,71.93,None,0,BTC-31MAY19-3750-C,5187.74,0.0,0.1,30.0,0.0,0.0,0.0,1.52786,-1.77963,2.93748,9e-05,0.95114
5187.74,index_price,1556621944651,open,0.0,71.1,0.00012383,0.00621359,0.00309455,77.9,0.003,0,BTC-31MAY19-3500-P,5187.74,77.45,0.003,1.0,0.0035,11.0,79.77,1.08707,-1.37142,-0.15465,6e-05,-0.03215
5187.74,index_price,1556621944651,open,0.0,185.1,6.388e-05,0.00628945,0.00169765,82.15,0.002,0,BTC-3MAY19-4625-P,5187.74,80.04,0.0015,25.0,0.002,1.0,85.14,0.50175,-7.16699,-0.02259,0.00029,-0.05358
5187.74,index_price,1556621944652,open,0.01,179.8,0.00423761,0.03139909,0.01063938,62.78,0.011,0,BTC-31MAY19-6500-C,5187.74,60.85,0.0095,20.4,0.0115,20.9,64.19,3.13001,-3.18236,0.50795,0.00022,0.12639
5187.74,index_price,1556621944651,open,0.0,140.1,0.0,0.00038869,0.00026758,105.02,0.0005,0,BTC-3MAY19-6500-C,5187.74,0.0,0.0,0.0,0.0005,25.0,113.71,0.11008,-1.38816,0.0035,5e-05,0.00883
5121.21,BTC-27SEP19,1556621944651,open,1.97,0.0,1.929859,1.98592348,1.94923377,78.75,None,0.0,BTC-27DEC19-15000-P,5187.74,0.0,0.0,0.0,0.0,0.0,0.0,6.58282,-1.07607,-96.73644,5e-05,-0.91308
5121.21,BTC-27SEP19,1556621944653,open,0.44,0.0,0.4276684,0.50524332,0.44568917,64.54,None,0.0,BTC-27DEC19-3000-C,5187.74,0.0,0.1,10.0,0.0,0.0,0.0,7.29621,-0.97753,15.35732,7e-05,0.90009
5187.74,index_price,1556621944653,open,0.0,84.5,0.00055068,0.01143226,0.00455062,71.71,0.0065,0,BTC-31MAY19-3750-P,5187.74,67.87,0.0035,26.4,0.0055,5.6,74.8,1.51697,-1.76171,-0.23249,9e-05,-0.04843
5187.74,index_price,1556621944654,open,0.01,114.4,0.00187531,0.01929122,0.00702123,66.53,0.0065,0,BTC-31MAY19-4000-P,5187.74,65.24,0.0065,5.3,0.008,20.0,68.84,2.13302,-2.29807,-0.35937,0.00014,-0.07487
5187.74,index_price,1556621944651,open,0.06,0.1,0.0618582,0.07671667,0.06526169,69.84,0.068,0,BTC-3MAY19-4875-C,5187.74,51.08,0.062,5.0,0.066,5.0,73.32,1.07638,-13.07133,0.3205,0.00073,0.84942
5121.21,BTC-27SEP19,1556621944653,open,0.25,10.2,0.21930594,0.36045065,0.2537994,62.14,0.2335,0.0,BTC-27DEC19-4500-C,5187.74,55.53,0.235,5.0,0.267,5.0,66.77,14.58376,-1.88109,14.89324,0.00014,0.69447
5121.21,BTC-27SEP19,1556621944654,open,0.39,0.1,0.34720271,0.50685562,0.38468868,62.1,0.311,0.0,BTC-27DEC19-6500-P,5187.74,57.43,0.37,1.6,0.3925,0.2,64.57,16.19919,-2.08828,-32.84597,0.00015,-0.58718
5121.21,BTC-27SEP19,1556621944651,open,0.52,0.0,0.51618262,0.56779104,0.52858384,67.54,None,0.0,BTC-27DEC19-2500-C,5187.74,0.0,0.0005,0.2,0.0,0.0,0.0,4.75332,-0.66636,14.00939,4e-05,0.9431
5187.74,index_price,1556621944650,open,0.0,111.1,0.00062177,0.01293057,0.00235304,66.16,0.0025,0,BTC-3MAY19-5625-C,5187.74,59.53,0.0015,43.0,0.003,59.5,70.44,0.73997,-8.51273,0.03531,0.00053,0.08874
5121.21,BTC-27SEP19,1556621944653,open,0.0,57.0,7.604e-05,0.01182244,0.00466296,82.79,0.005,0.0,BTC-27DEC19-1500-P,5187.74,82.27,0.0045,50.0,0.005,10.0,83.85,1.60336,-0.27555,-0.67498,1e-05,-0.01531
5121.21,BTC-27SEP19,1556621944652,open,1.2,0.0,1.15471246,1.25323576,1.18427806,71.49,None,0.0,BTC-27DEC19-11000-P,5187.74,0.0,0.0005,0.2,0.0,0.0,0.0,9.80557,-1.45517,-68.66851,8e-05,-0.84754
5187.74,index_price,1556621944651,open,0.01,67.3,0.00121598,0.01898146,0.00585505,66.48,0.007,0,BTC-31MAY19-7000-C,5187.74,65.59,0.0055,20.4,0.006,10.0,66.84,2.09527,-2.25583,0.29528,0.00014,0.07314
5121.21,BTC-27SEP19,1556621944653,open,0.02,20.7,0.0014253,0.0658796,0.02308384,77.23,0.022,0.0,BTC-27DEC19-14000-C,5187.74,76.08,0.0215,15.0,0.0245,10.0,78.21,7.22834,-1.15872,2.55345,5e-05,0.09864
5187.74,index_price,1556621944655,open,0.05,140.5,0.04063586,0.08515742,0.04943074,57.96,0.055,0,BTC-31MAY19-5000-P,5187.74,58.93,0.0505,12.3,0.0535,8.3,61.63,5.74939,-5.3966,-1.88874,0.00044,-0.38097
5187.74,index_price,1556621944653,open,0.0,77.9,0.0006252,0.01465326,0.00495396,69.81,0.005,0,BTC-31MAY19-7250-C,5187.74,68.49,0.0045,4.4,0.005,23.9,69.94,1.81958,-2.05714,0.24573,0.00011,0.06095
5121.21,BTC-27SEP19,1556621944652,open,0.71,0.0,0.70717651,0.71892291,0.71179202,82.88,None,0.0,BTC-27DEC19-1500-C,5187.74,0.0,0.007,0.2,0.0,0.0,0.0,1.60905,-0.27683,9.22091,1e-05,0.98463
5132.07,BTC-28JUN19,1556621944664,open,0.06,187.0,0.04412833,0.09939028,0.06538393,58.63,0.063,0.0,BTC-28JUN19-5500-C,5187.74,58.39,0.065,5.0,0.0665,6.3,59.34,8.09608,-4.0312,3.0186,0.00033,0.43003
5121.66,BTC-27SEP19,1556621944694,open,0.44,10.2,0.40678719,0.46453556,0.42764052,64.01,0.8,0.0,BTC-27SEP19-7000-P,5187.74,59.76,0.4185,1.5,0.437,1.5,68.22,11.21438,-2.3949,-23.948,0.00016,-0.71109
5121.66,BTC-27SEP19,1556621944718,open,0.44,10.2,0.40678719,0.46453556,0.42764052,64.01,0.8,0.0,BTC-27SEP19-7000-P,5187.74,60.0,0.419,1.5,0.437,1.5,68.22,11.21438,-2.3949,-23.948,0.00016,-0.71109
5132.07,BTC-28JUN19,1556621944761,open,0.02,1574.5,0.00616518,0.02744734,0.01636731,63.86,0.0145,0.0,BTC-28JUN19-7000-C,5187.74,62.3,0.015,20.0,0.017,0.9,64.57,4.57976,-2.48389,1.02051,0.00017,0.13964
5132.07,BTC-28JUN19,1556621944770,open,0.04,2366.8,0.02704394,0.06219536,0.04035061,59.94,0.038,0.0,BTC-28JUN19-6000-C,5187.74,58.61,0.0385,40.0,0.042,31.1,61.12,7.15058,-3.64018,2.13726,0.00028,0.29853
5132.07,BTC-28JUN19,1556621944771,open,0.04,2366.8,0.02704394,0.06219536,0.04035061,59.94,0.038,0.0,BTC-28JUN19-6000-C,5187.74,58.61,0.0385,40.1,0.042,31.1,61.12,7.15058,-3.64018,2.13726,0.00028,0.29853
5132.07,BTC-28JUN19,1556621944773,open,0.1,772.4,0.09247853,0.13148209,0.10468132,57.82,0.102,0.0,BTC-28JUN19-5000-C,5187.74,55.78,0.1015,5.0,0.107,17.0,59.3,8.01122,-3.93366,4.02025,0.00033,0.59032
5132.07,BTC-28JUN19,1556621944775,open,0.1,772.4,0.09247853,0.13148209,0.10468132,57.82,0.102,0.0,BTC-28JUN19-5000-C,5187.74,56.74,0.103,0.1,0.107,17.0,59.3,8.01122,-3.93366,4.02025,0.00033,0.59032
5121.18,BTC-27SEP19,1556621945648,open,0.28,9.5,0.25011085,0.31560211,0.26986796,61.96,0.235,0.0,BTC-27SEP19-6000-P,5187.72,59.61,0.264,1.5,0.277,1.5,64.8,12.83157,-2.65229,-17.85905,0.00019,-0.57941
5132.11,BTC-28JUN19,1556621945650,open,1.16,5.7,1.14337299,1.14416298,1.14549758,84.65,1.142,0.0,BTC-28JUN19-11000-P,5187.72,0.0,0.0005,0.4,0.0,0.0,0.0,0.96039,-0.69044,-17.60275,3e-05,-0.98088
5121.18,BTC-27SEP19,1556621945650,open,1.18,3.1,1.15032652,1.16987397,1.16380114,74.49,1.9215,0.0,BTC-27SEP19-11000-P,5187.72,0.0,0.002,0.3,0.0,0.0,0.0,5.17112,-1.28504,-43.6838,6e-05,-0.91356
156.43,index_price,1556621945646,open,0.16,100.0,0.168957,0.169952,0.169992,110.74,0.14,0,ETH-3MAY19-130-C,156.43,0.0,0.168,60.0,0.172,60.0,136.57,0.00857,-0.16502,0.0099,0.00401,0.97332
156.43,index_price,1556621945646,open,0.1,583.0,0.105062,0.11092,0.10776,89.15,0.087,0,ETH-3MAY19-140-C,156.43,71.43,0.106,120.0,0.109,120.0,98.18,0.01959,-0.30363,0.01008,0.0114,0.92533
5121.16,BTC-27SEP19,1556621945651,open,1.39,0.1,1.34721473,1.43278145,1.37388747,73.51,0.001,0.0,BTC-27DEC19-12000-P,5187.72,0.0,0.002,1.0,0.0,0.0,0.0,8.79205,-1.34164,-75.84127,7e-05,-0.87019
157.75,ETH-28JUN19,1556621945661,open,0.55,1723.0,0.526279,0.576804,0.534622,74.33,0.536,0.0,ETH-28JUN19-240-P,156.43,43.72,0.522,29.0,0.536,1.0,76.18,0.11479,-0.07246,-0.36391,0.00385,-0.89553
158.19,ETH-27SEP19,1556621945662,open,0.69,1.0,0.666112,0.732286,0.681665,69.91,0.573,0.0,ETH-27SEP19-260-P,156.43,0.0,0.067,19.0,0.722,1.0,90.34,0.27332,-0.06375,-0.97019,0.0038,-0.81196
5121.18,BTC-27SEP19,1556621945674,open,0.12,232.7,0.10844175,0.17477535,0.1253535,60.62,0.12,0.0,BTC-27SEP19-5500-C,5187.72,59.3,0.122,19.7,0.128,3.4,61.65,13.09108,-2.64731,7.96625,0.0002,0.50418
5132.17,BTC-28JUN19,1556621946147,open,2.93,0.4,2.89698704,2.89698742,2.89727887,111.58,5.076,0.0,BTC-28JUN19-20000-P,5187.72,0.0,0.0005,0.2,0.0,0.0,0.0,0.15808,-0.14979,-32.24264,0.0,-0.99753
5121.16,BTC-27SEP19,1556621946382,open,0.07,35.7,0.03449308,0.17805341,0.06945226,64.16,0.0695,0.0,BTC-27DEC19-8000-C,5187.72,64.17,0.0695,22.0,0.074,10.0,65.82,13.90231,-1.85144,6.97501,0.00013,0.27584
156.43,index_price,1556621946648,open,0.05,84.0,0.04406,0.062156,0.051609,75.17,0.042,0,ETH-3MAY19-150-C,156.43,65.73,0.049,164.0,0.052,120.0,76.54,0.04448,-0.58133,0.00856,0.03069,0.74616
5132.17,BTC-28JUN19,1556621946772,open,0.06,187.0,0.04413497,0.09939766,0.06535689,58.61,0.063,0.0,BTC-28JUN19-5500-C,5187.72,58.7,0.0655,5.0,0.0665,6.3,59.33,8.09614,-4.02974,3.01866,0.00033,0.43
156.43,index_price,1556621946780,open,0.0,0.0,0.0,8.6e-05,8.6e-05,110.0,None,0,ETH-3MAY19-120-P,156.43,0.0,0.0,0.0,0.001,120.0,149.72,0.00121,-0.01347,-4e-05,0.00057,-0.00285
156.43,index_price,1556621946784,open,0.01,2619.0,0.002955,0.021051,0.010504,75.17,0.011,0,ETH-3MAY19-150-P,156.43,62.33,0.007,120.0,0.01,103.0,73.38,0.04448,-0.58131,-0.00326,0.03069,-0.25384
158.19,ETH-27SEP19,1556621946821,open,0.0,174.0,0.000437,0.008571,0.002937,77.75,0.003,0.0,ETH-27SEP19-60-P,156.43,66.37,0.001,1946.0,0.004,120.0,81.95,0.03636,-0.00943,-0.01106,0.00046,-0.01409
157.74,ETH-28JUN19,1556621946821,open,0.92,0.0,0.902253,0.925201,0.909691,90.9,None,0.0,ETH-28JUN19-300-P,156.43,0.0,0.0,0.0,0.0,0.0,0.0,0.07273,-0.05615,-0.47134,0.00199,-0.94275
157.74,ETH-28JUN19,1556621946823,open,0.09,1374.0,0.089594,0.176865,0.091464,61.17,0.09,0.0,ETH-28JUN19-160-C,156.43,59.0,0.088,204.0,0.094,120.0,62.76,0.25221,-0.13102,0.11053,0.01027,0.52589
5187.72,index_price,1556621946823,open,0.01,355.0,0.00269929,0.02282862,0.00814151,62.07,0.009,0,BTC-3MAY19-5000-P,5187.72,57.9,0.007,38.5,0.0095,8.1,66.88,1.44137,-15.55626,-0.10267,0.0011,-0.24306
157.74,ETH-28JUN19,1556621946831,open,0.37,0.0,0.368202,0.396937,0.371244,70.83,None,0.0,ETH-28JUN19-100-C,156.43,0.0,0.0,0.0,0.0,0.0,0.0,0.05519,-0.0332,0.14967,0.00194,0.95946
158.19,ETH-27SEP19,1556621946831,open,0.17,4367.0,0.159104,0.24629,0.164061,61.97,0.171,0.0,ETH-27SEP19-160-P,156.43,59.56,0.158,254.0,0.167,108.0,63.13,0.3986,-0.0824,-0.38753,0.00626,-0.43255
158.19,ETH-27SEP19,1556621946831,open,1.06,1.0,1.029974,1.07426,1.045056,75.8,0.93,0.0,ETH-27SEP19-320-P,156.43,0.0,0.0,0.0,1.066,1.0,90.19,0.19505,-0.04932,-1.25459,0.0025,-0.8864
158.19,ETH-27SEP19,1556621946833,open,0.02,257.0,0.00709,0.051376,0.022172,75.8,0.021,0.0,ETH-27SEP19-320-C,156.43,74.84,0.021,180.0,0.023,120.0,76.47,0.19505,-0.04932,0.05939,0.0025,0.1136
157.74,ETH-28JUN19,1556621946833,open,0.49,0.0,0.492959,0.50296,0.494813,84.17,None,0.0,ETH-28JUN19-80-C,156.43,0.0,0.0,0.0,0.0,0.0,0.0,0.02361,-0.01688,0.12479,0.0007,0.98527
157.74,ETH-28JUN19,1556621946838,open,0.05,5490.0,0.045082,0.121742,0.046794,61.29,0.045,0.0,ETH-28JUN19-140-P,156.43,59.18,0.044,316.0,0.049,120.0,62.94,0.21012,-0.10936,-0.08103,0.00854,-0.27167
5187.72,index_price,1556621946844,open,0.01,379.0,0.00157406,0.01643327,0.00490963,69.51,0.006,0,BTC-3MAY19-4875-P,5187.72,64.95,0.004,20.0,0.0055,4.9,72.32,1.07132,-12.94847,-0.06312,0.00073,-0.14952
157.75,ETH-28JUN19,1556621946848,open,0.11,3007.0,0.103885,0.191154,0.105727,61.11,0.13,0.0,ETH-28JUN19-160-P,156.43,58.82,0.102,231.0,0.108,120.0,62.57,0.25222,-0.13089,-0.14752,0.01028,-0.47409
157.74,ETH-28JUN19,1556621946849,open,0.16,495.0,0.157545,0.234206,0.159277,61.3,0.142,0.0,ETH-28JUN19-140-C,156.43,58.83,0.156,48.0,0.161,120.0,62.59,0.21013,-0.1094,0.14478,0.00854,0.7283
158.19,ETH-27SEP19,1556621946853,open,0.36,1713.0,0.335333,0.422049,0.34708,64.95,0.353,0.0,ETH-27SEP19-200-P,156.43,57.71,0.33,60.0,0.351,42.0,66.58,0.37965,-0.08226,-0.64041,0.00569,-0.63885
157.74,ETH-28JUN19,1556621946860,open,0.31,10.0,0.308572,0.34989,0.311359,65.81,0.265,0.0,ETH-28JUN19-110-C,156.43,0.0,0.0,0.0,0.0,0.0,0.0,0.08256,-0.04614,0.15808,0.00313,0.93266
157.74,ETH-28JUN19,1556621946863,open,1.3,0.0,1.282265,1.292332,1.286402,99.26,None,0.0,ETH-28JUN19-360-P,156.43,0.0,0.0,0.0,0.0,0.0,0.0,0.04394,-0.03704,-0.57394,0.0011,-0.9693
5187.72,index_price,1556621946865,open,0.05,60.6,0.05347961,0.0934776,0.05898423,59.31,0.055,0,BTC-10MAY19-5000-C,5187.72,50.89,0.054,15.0,0.059,23.9,59.33,3.10824,-9.33386,0.85082,0.00072,0.66515
158.19,ETH-27SEP19,1556621946906,open,0.5,0.0,0.498395,0.521976,0.502838,69.62,None,0.0,ETH-27SEP19-80-C,156.43,0.0,0.0,0.0,0.0,0.0,0.0,0.08726,-0.02027,0.29699,0.00122,0.96005
156.43,index_price,1556621946914,open,0.01,977.0,0.00721,0.029016,0.015794,71.5,0.015,0,ETH-3MAY19-160-C,156.43,66.14,0.014,240.0,0.017,120.0,75.08,0.05256,-0.65347,0.0044,0.03813,0.37304
158.19,ETH-27SEP19,1556621946957,open,0.02,1291.0,0.017188,0.06145,0.022808,65.42,0.023,0.0,ETH-27SEP19-100-P,156.43,64.67,0.022,4.0,0.024,180.0,66.5,0.17288,-0.03773,-0.07728,0.00257,-0.09617
158.19,ETH-27SEP19,1556621946963,open,1.18,0.0,1.154158,1.192428,1.169399,78.46,None,0.0,ETH-27SEP19-340-P,156.43,0.0,0.0,0.0,1.185,1.0,90.24,0.18044,-0.04723,-1.34291,0.00224,-0.89803
157.74,ETH-28JUN19,1556621946963,open,0.12,539.0,0.120106,0.203725,0.122087,61.3,0.118,0.0,ETH-28JUN19-150-C,156.43,58.61,0.118,144.0,0.124,120.0,62.56,0.23955,-0.12472,0.12881,0.00974,0.62834
157.74,ETH-28JUN19,1556621946965,open,0.15,5296.0,0.143234,0.231034,0.146539,62.1,0.164,0.0,ETH-28JUN19-170-P,156.43,59.22,0.142,211.0,0.147,120.0,62.39,0.24888,-0.13125,-0.18222,0.00999,-0.56963
158.19,ETH-27SEP19,1556621946968,open,0.02,1012.0,0.002283,0.030657,0.016255,82.59,0.018,0.0,ETH-27SEP19-380-C,156.43,81.27,0.015,60.0,0.018,300.0,84.33,0.1536,-0.04232,0.04274,0.00181,0.08205
156.43,index_price,1556621946971,open,0.06,17.0,0.042647,0.084884,0.056452,66.49,0.073,0,ETH-10MAY19-160-P,156.43,61.16,0.053,120.0,0.059,120.0,70.41,0.10148,-0.3416,-0.0261,0.02305,-0.56027
158.19,ETH-27SEP19,1556621946973,open,0.05,393.0,0.033125,0.107116,0.047996,68.09,0.048,0.0,ETH-27SEP19-240-C,156.43,67.06,0.046,144.0,0.048,120.0,68.09,0.30818,-0.07,0.11855,0.0044,0.2305
157.74,ETH-28JUN19,1556621946973,open,0.0,1785.0,0.000609,0.018642,0.002853,75.51,0.004,0.0,ETH-28JUN19-90-P,156.43,64.1,0.001,240.0,0.004,360.0,80.3,0.03407,-0.02185,-0.00649,0.00112,-0.02265
158.19,ETH-27SEP19,1556621947008,open,0.01,312.0,0.000761,0.018808,0.012192,87.52,0.014,0.0,ETH-27SEP19-440-C,156.43,85.94,0.011,180.0,0.013,123.0,88.54,0.12285,-0.03587,0.03192,0.00137,0.06134
5187.72,index_price,1556621947010,open,0.1,6.2,0.084913,0.0972211,0.0866365,66.11,0.0875,0,BTC-3MAY19-5625-P,5187.72,61.3,0.086,5.0,0.0905,5.0,87.48,0.73878,-8.49215,-0.40794,0.00053,-0.91145
157.74,ETH-28JUN19,1556621947037,open,2.2,0.0,2.169773,2.171396,2.170661,107.66,None,0.0,ETH-28JUN19-500-P,156.43,0.0,0.0,0.0,0.0,0.0,0.0,0.01251,-0.01143,-0.80493,0.00029,-0.9929
158.19,ETH-27SEP19,1556621947042,open,0.39,0.0,0.385037,0.429299,0.390657,65.42,None,0.0,ETH-27SEP19-100-C,156.43,0.0,0.0,0.0,0.0,0.0,0.0,0.17288,-0.03773,0.33334,0.00257,0.90383
158.19,ETH-27SEP19,1556621947042,open,1.81,0.0,1.782226,1.800273,1.793658,87.52,None,0.0,ETH-27SEP19-440-P,156.43,0.0,0.0,0.0,0.0,0.0,0.0,0.12285,-0.03587,-1.7748,0.00137,-0.93866
158.19,ETH-27SEP19,1556621947042,open,0.03,357.0,0.015302,0.073685,0.031308,72.01,0.031,0.0,ETH-27SEP19-280-C,156.43,70.49,0.029,204.0,0.031,120.0,71.81,0.24363,-0.05853,0.08167,0.00329,0.15704
5132.17,BTC-28JUN19,1556621947042,open,0.02,1574.5,0.00616651,0.02745049,0.01634901,63.84,0.0145,0.0,BTC-28JUN19-7000-C,5187.72,62.3,0.015,20.1,0.017,0.9,64.56,4.57771,-2.48184,1.0199,0.00017,0.13955
156.43,index_price,1556621947042,open,0.23,0.0,0.232886,0.237894,0.234538,87.88,None,0,ETH-10MAY19-120-C,156.43,0.0,0.231,60.0,0.239,60.0,115.38,0.01668,-0.07421,0.0312,0.00287,0.9717
157.74,ETH-28JUN19,1556621947046,open,0.42,1138.0,0.405535,0.468857,0.413592,69.73,0.428,0.0,ETH-28JUN19-220-P,156.43,51.02,0.4,37.0,0.414,1.0,70.17,0.14595,-0.08642,-0.32219,0.00522,-0.85267
156.43,index_price,1556621947046,open,0.05,451.0,0.030031,0.051838,0.038615,71.5,0.045,0,ETH-3MAY19-160-P,156.43,63.66,0.036,300.0,0.039,118.0,72.64,0.05256,-0.65347,-0.0082,0.03813,-0.62696
158.19,ETH-27SEP19,1556621947049,open,0.81,0.0,0.785325,0.843708,0.801332,72.01,None,0.0,ETH-27SEP19-280-P,156.43,0.0,0.0,0.0,0.834,2.0,90.26,0.24363,-0.05853,-1.06806,0.00329,-0.84296
158.19,ETH-27SEP19,1556621947051,open,0.01,169.0,0.001576,0.025973,0.014211,83.8,0.014,0.0,ETH-27SEP19-400-C,156.43,82.4,0.013,240.0,0.015,3.0,84.69,0.13951,-0.03901,0.03773,0.00162,0.07229
157.74,ETH-28JUN19,1556621947054,open,0.02,857.0,0.015925,0.085811,0.023637,67.84,0.021,0.0,ETH-28JUN19-210-C,156.43,66.27,0.022,192.0,0.024,120.0,68.18,0.16644,-0.09589,0.03987,0.00611,0.18035
5132.17,BTC-28JUN19,1556621947056,open,0.04,2366.8,0.02704827,0.0622011,0.0403344,59.93,0.038,0.0,BTC-28JUN19-6000-C,5187.72,58.61,0.0385,40.0,0.042,31.1,61.12,7.15022,-3.63899,2.13707,0.00028,0.29848
5132.17,BTC-28JUN19,1556621947057,open,0.04,2366.8,0.02704827,0.0622011,0.0403344,59.93,0.038,0.0,BTC-28JUN19-6000-C,5187.72,58.97,0.039,0.1,0.042,31.1,61.12,7.15022,-3.63899,2.13707,0.00028,0.29848
5132.17,BTC-28JUN19,1556621947059,open,0.1,772.4,0.09248825,0.1314911,0.1046512,57.79,0.102,0.0,BTC-28JUN19-5000-C,5187.72,55.77,0.1015,5.0,0.107,17.0,59.3,8.01122,-3.93168,4.02089,0.00033,0.59036
5132.17,BTC-28JUN19,1556621947060,open,0.1,772.4,0.09248825,0.1314911,0.1046512,57.79,0.102,0.0,BTC-28JUN19-5000-C,5187.72,57.06,0.1035,0.1,0.107,17.0,59.3,8.01122,-3.93168,4.02089,0.00033,0.59036
157.74,ETH-28JUN19,1556621947064,open,0.04,594.0,0.033239,0.114832,0.037305,63.09,0.035,0.0,ETH-28JUN19-190-C,156.43,62.86,0.037,329.0,0.039,120.0,64.36,0.21014,-0.1126,0.05964,0.0083,0.27172
158.19,ETH-27SEP19,1556621947068,open,0.02,185.0,0.003319,0.036298,0.018037,80.63,0.02,0.0,ETH-27SEP19-360-C,156.43,78.64,0.016,180.0,0.019,120.0,81.54,0.16631,-0.04474,0.04756,0.00201,0.09125
157.74,ETH-28JUN19,1556621947068,open,0.08,5481.0,0.071038,0.154657,0.072959,61.27,0.071,0.0,ETH-28JUN19-150-P,156.43,59.32,0.07,192.0,0.075,120.0,62.61,0.23954,-0.12463,-0.11312,0.00974,-0.37164
157.74,ETH-28JUN19,1556621947068,open,0.8,0.0,0.775991,0.806128,0.783133,83.89,None,0.0,ETH-28JUN19-280-P,156.43,0.0,0.0,0.0,0.0,0.0,0.0,0.07785,-0.05546,-0.43782,0.00231,-0.93757
157.74,ETH-28JUN19,1556621947068,open,0.0,1501.0,0.000122,0.010124,0.001944,83.95,0.004,0.0,ETH-28JUN19-80-P,156.43,76.19,0.001,1999.0,0.003,360.0,90.14,0.02337,-0.01666,-0.0042,0.00069,-0.01455
158.19,ETH-27SEP19,1556621947068,open,0.25,4380.0,0.240872,0.330131,0.247922,62.78,0.255,0.0,ETH-27SEP19-180-P,156.43,60.05,0.241,117.0,0.25,111.0,63.6,0.4015,-0.08409,-0.51681,0.00622,-0.54772
157.74,ETH-28JUN19,1556621947070,open,0.67,0.0,0.65042,0.689717,0.658631,79.68,None,0.0,ETH-28JUN19-260-P,156.43,0.0,0.0,0.0,0.0,0.0,0.0,0.09464,-0.06404,-0.40154,0.00296,-0.91949
158.19,ETH-27SEP19,1556621947072,open,0.1,3598.0,0.093278,0.172294,0.097695,61.97,0.094,0.0,ETH-27SEP19-140-P,156.43,59.43,0.092,317.0,0.1,144.0,62.99,0.35577,-0.07355,-0.26246,0.00559,-0.30637
157.74,ETH-28JUN19,1556621947076,open,0.0,512.0,5e-06,0.005879,0.003347,105.82,0.007,0.0,ETH-28JUN19-400-C,156.43,98.84,0.002,370.0,0.004,120.0,108.53,0.03581,-0.03218,0.00526,0.00084,0.02402
157.74,ETH-28JUN19,1556621947090,open,1.56,0.0,1.535823,1.541697,1.539004,105.1,None,0.0,ETH-28JUN19-400-P,156.43,0.0,0.0,0.0,0.0,0.0,0.0,0.03466,-0.03094,-0.64014,0.00082,-0.97689
158.19,ETH-27SEP19,1556621947090,open,0.03,496.0,0.010407,0.061424,0.026419,74.15,0.028,0.0,ETH-27SEP19-300-C,156.43,72.36,0.024,240.0,0.027,120.0,74.57,0.21858,-0.05407,0.06966,0.00287,0.13366
156.43,index_price,1556621947099,open,0.29,0.0,0.29681,0.298292,0.297897,104.75,None,0,ETH-10MAY19-110-C,156.43,0.0,0.0,0.0,0.388,10.0,379.5,0.01062,-0.05634,0.02901,0.00153,0.98341
5187.72,index_price,1556621947140,open,0.26,0.9,0.25295891,0.25334756,0.25322571,104.98,0.2715,0,BTC-3MAY19-6500-P,5187.72,0.0,0.0005,10.0,0.3255,0.1,430.33,0.10985,-2.00512,-0.50862,5e-05,-0.99119
5187.72,index_price,1556621947144,open,0.0,162.0,0.0,0.00115939,0.00058234,98.81,0.0005,0,BTC-3MAY19-6250-C,5187.72,0.0,0.0,0.0,0.001,26.0,107.35,0.21115,-3.02102,0.00743,0.0001,0.01876
156.43,index_price,1556621947210,open,0.0,581.0,0.0,1e-06,7e-06,110.0,0.001,0,ETH-3MAY19-220-C,156.43,0.0,0.0,0.0,0.001,220.0,177.32,0.00015,-0.00109,0.0,7e-05,0.00029
5187.72,index_price,1556621947275,open,0.0,361.5,0.00076094,0.01698277,0.00424826,62.29,0.0045,0,BTC-3MAY19-5500-C,5187.72,55.92,0.003,12.1,0.005,46.8,65.8,1.08134,-11.71229,0.06023,0.00082,0.15162
156.43,index_price,1556621947301,open,0.02,14.0,0.005047,0.039624,0.016393,69.81,0.012,0,ETH-10MAY19-170-C,156.43,65.17,0.014,360.0,0.019,120.0,74.69,0.08218,-0.29047,0.00999,0.01778,0.25239
5187.72,index_price,1556621947305,open,0.09,9.9,0.0720715,0.11138306,0.07885064,62.3,0.1045,0,BTC-10MAY19-5500-P,5187.72,59.93,0.0775,5.0,0.0835,5.0,70.26,2.975,-9.3833,-1.09067,0.00066,-0.69819
5187.72,index_price,1556621947310,open,0.21,0.1,0.20476818,0.20592757,0.20535052,98.81,0.222,0,BTC-3MAY19-6250-P,5187.72,0.0,0.0015,1.0,0.2695,0.1,373.3,0.21115,-3.62783,-0.48498,0.0001,-0.98124
156.43,index_price,1556621947325,open,0.1,186.0,0.08703,0.097893,0.090477,76.27,0.123,0,ETH-3MAY19-170-P,156.43,44.25,0.087,60.0,0.094,60.0,93.86,0.02712,-0.35969,-0.01201,0.01845,-0.88396
156.43,index_price,1556621947367,open,0.0,3.0,3e-06,0.00501,0.001655,87.88,0.001,0,ETH-10MAY19-120-P,156.43,0.0,0.0,0.0,0.003,120.0,98.38,0.01668,-0.07421,-0.00127,0.00287,-0.0283
156.43,index_price,1556621947419,open,0.0,0.0,0.0,0.001482,0.001087,104.75,None,0,ETH-10MAY19-110-P,156.43,0.0,0.0,0.0,0.002,420.0,115.71,0.01062,-0.05634,-0.00075,0.00153,-0.01659
5187.72,index_price,1556621947419,open,0.07,87.2,0.06095694,0.07717877,0.06444426,62.29,0.065,0,BTC-3MAY19-5500-P,5187.72,57.55,0.0635,5.0,0.0675,5.0,75.57,1.08134,-11.71229,-0.37309,0.00082,-0.84838
156.43,index_price,1556621947456,open,0.0,1323.0,2e-06,0.003532,0.001548,92.21,0.001,0,ETH-3MAY19-180-C,156.43,85.14,0.001,120.0,0.002,392.0,97.02,0.01365,-0.21885,0.00056,0.00768,0.04709
156.43,index_price,1556621947480,open,0.42,0.0,0.40638,0.406381,0.406387,110.0,None,0,ETH-3MAY19-220-P,156.43,0.0,0.397,39.0,0.415,39.0,261.58,0.00015,-0.00282,-0.01733,7e-05,-0.99971
5187.72,index_price,1556621947500,open,0.0,105.7,0.00036574,0.01775502,0.0030965,71.43,0.003,0,BTC-10MAY19-6250-C,5187.72,68.34,0.0025,25.9,0.003,13.5,70.95,1.06118,-3.83747,0.08464,0.0002,0.0634
5121.16,BTC-27SEP19,1556621947526,open,0.21,21.0,0.1824157,0.24874933,0.19929191,60.6,0.2035,0.0,BTC-27SEP19-5500-P,5187.72,59.12,0.1955,12.0,0.2035,3.0,62.25,13.09104,-2.64665,-14.61782,0.0002,-0.49586
5132.17,BTC-28JUN19,1556621947545,open,0.08,288.1,0.06673501,0.10573786,0.07889796,57.8,0.0865,0.0,BTC-28JUN19-5000-P,5187.72,56.58,0.077,5.0,0.081,5.0,59.14,8.01122,-3.93218,-4.04437,0.00033,-0.40964
5121.16,BTC-27SEP19,1556621947546,open,0.14,117.2,0.09800843,0.23915436,0.13245893,62.12,0.1305,0.0,BTC-27DEC19-4500-P,5187.72,61.44,0.1305,5.0,0.135,5.0,63.02,14.58376,-1.88063,-14.80253,0.00014,-0.30553
5121.16,BTC-27SEP19,1556621947554,open,0.14,81.9,0.10184528,0.26277065,0.14085543,62.13,0.1415,0.0,BTC-27DEC19-6000-C,5187.72,60.94,0.137,10.0,0.1435,5.0,62.95,16.5657,-2.13656,11.31042,0.00015,0.47552
5121.16,BTC-27SEP19,1556621947557,open,0.04,229.2,0.00678219,0.10530401,0.03654511,71.6,0.0385,0.0,BTC-27DEC19-11000-C,5187.72,70.25,0.034,32.0,0.038,10.0,72.35,9.82866,-1.46071,3.93585,8e-05,0.153
5132.17,BTC-28JUN19,1556621947560,open,0.04,108.7,0.02891314,0.06118692,0.03967717,58.66,0.0425,0.0,BTC-28JUN19-4500-P,5187.72,58.92,0.04,10.0,0.0405,5.4,59.31,6.54462,-3.26058,-2.39485,0.00026,-0.24961
5187.72,index_price,1556621947564,open,0.0,230.4,2.036e-05,0.00771396,0.00152739,72.01,0.001,0,BTC-3MAY19-5750-C,5187.72,66.24,0.001,0.6,0.0015,10.0,71.74,0.52899,-6.6235,0.02279,0.00035,0.05729
5132.17,BTC-28JUN19,1556621947585,open,0.04,108.7,0.02891314,0.06118692,0.03967717,58.66,0.0425,0.0,BTC-28JUN19-4500-P,5187.72,58.52,0.0395,10.0,0.0405,5.4,59.31,6.54462,-3.26058,-2.39485,0.00026,-0.24961
156.43,index_price,1556621947626,open,0.11,80.0,0.091795,0.126372,0.103141,69.81,0.105,0,ETH-10MAY19-170-P,156.43,61.66,0.099,120.0,0.105,120.0,73.31,0.08218,-0.29047,-0.03601,0.01778,-0.74761
156.42,index_price,1556621947647,open,0.0,267.0,0.0,0.000996,0.000983,109.76,0.002,0,ETH-3MAY19-130-P,156.42,0.0,0.0,0.0,0.002,120.0,125.01,0.00831,-0.15383,-0.00033,0.00393,-0.02572
156.42,index_price,1556621947647,open,0.06,181.0,0.053951,0.093008,0.067054,67.7,0.06,0,ETH-10MAY19-150-C,156.42,64.25,0.065,10.0,0.07,120.0,72.61,0.0935,-0.32048,0.0254,0.02086,0.66714
156.42,index_price,1556621947647,open,0.0,728.0,3.1e-05,0.005897,0.002677,88.69,0.005,0,ETH-3MAY19-140-P,156.42,82.84,0.002,300.0,0.004,570.0,98.35,0.01941,-0.29935,-0.00094,0.01135,-0.07379
156.42,index_price,1556621947647,open,0.03,30.0,0.012908,0.051965,0.025949,67.6,0.034,0,ETH-10MAY19-150-P,156.42,60.94,0.022,120.0,0.028,120.0,71.02,0.09348,-0.31993,-0.01518,0.02089,-0.33268
156.42,index_price,1556621947647,open,0.03,246.0,0.019801,0.062035,0.03363,66.53,0.034,0,ETH-10MAY19-160-C,156.42,62.47,0.031,120.0,0.036,120.0,70.18,0.10147,-0.34176,0.01718,0.02304,0.43957
156.42,index_price,1556621947647,open,0.29,0.0,0.278619,0.286803,0.280631,81.76,None,0,ETH-10MAY19-200-P,156.42,0.0,0.272,57.0,0.289,57.0,117.07,0.0218,-0.09025,-0.05254,0.00403,-0.96082
156.42,index_price,1556621947647,open,0.0,5.0,1e-05,0.008194,0.002103,82.34,0.003,0,ETH-10MAY19-200-C,156.42,81.6,0.002,120.0,0.003,80.0,87.98,0.02232,-0.09305,0.00162,0.00409,0.04033
156.42,index_price,1556621947647,open,0.01,2.0,0.002059,0.028208,0.009501,69.44,0.014,0,ETH-10MAY19-140-P,156.42,62.64,0.007,504.0,0.011,120.0,73.22,0.06051,-0.21272,-0.00683,0.01316,-0.15195
156.42,index_price,1556621947647,open,0.23,60.0,0.232835,0.232921,0.23297,115.28,0.22,0,ETH-3MAY19-120-C,156.42,0.0,0.23,60.0,0.235,60.0,171.0,0.00169,-0.03391,0.0094,0.00076,0.99587
5187.72,index_price,1556621947696,open,0.12,25.6,0.10840709,0.11610068,0.10991412,72.01,0.139,0,BTC-3MAY19-5750-P,5187.72,0.0,0.0005,10.2,0.139,0.2,193.92,0.52899,-6.6235,-0.43023,0.00035,-0.94271
5121.16,BTC-27SEP19,1556621947842,open,0.04,229.2,0.00678219,0.10530401,0.03654511,71.6,0.0385,0.0,BTC-27DEC19-11000-C,5187.72,70.25,0.034,32.0,0.0385,10.0,72.6,9.82866,-1.46071,3.93585,8e-05,0.153
5121.16,BTC-27SEP19,1556621947845,open,0.14,81.9,0.10184528,0.26277065,0.14085543,62.13,0.1415,0.0,BTC-27DEC19-6000-C,5187.72,60.94,0.137,10.0,0.144,5.0,63.11,16.5657,-2.13656,11.31042,0.00015,0.47552
5121.16,BTC-27SEP19,1556621947846,open,0.14,117.2,0.09800843,0.23915436,0.13245893,62.12,0.1305,0.0,BTC-27DEC19-4500-P,5187.72,61.26,0.13,5.0,0.135,5.0,63.02,14.58376,-1.88063,-14.80253,0.00014,-0.30553
5132.17,BTC-28JUN19,1556621947848,open,0.08,288.1,0.06673501,0.10573786,0.07889796,57.8,0.0865,0.0,BTC-28JUN19-5000-P,5187.72,56.26,0.0765,5.0,0.081,5.0,59.14,8.01122,-3.93218,-4.04437,0.00033,-0.40964
157.74,ETH-28JUN19,1556621948139,open,0.08,5481.0,0.071038,0.154657,0.072986,61.27,0.071,0.0,ETH-28JUN19-150-P,156.42,59.32,0.07,299.0,0.075,120.0,62.61,0.23954,-0.12463,-0.11312,0.00974,-0.37164
5121.09,BTC-27SEP19,1556621948260,open,0.08,10.0,0.04532481,0.11617904,0.08083561,63.17,0.0815,0.0,BTC-27DEC19-7500-C,5187.72,63.4,0.0815,10.0,0.0855,10.0,64.78,14.7416,-1.93303,7.85183,0.00013,0.31317
5132.17,BTC-28JUN19,1556621948347,open,0.01,1307.5,0.00118405,0.01160393,0.00827348,69.58,0.0085,0.0,BTC-28JUN19-8000-C,5187.72,67.21,0.007,57.4,0.0095,38.0,71.69,2.87923,-1.70141,0.54168,0.0001,0.07371
5132.17,BTC-28JUN19,1556621948348,open,0.01,1307.5,0.00118405,0.01160393,0.00827348,69.58,0.0085,0.0,BTC-28JUN19-8000-C,5187.72,67.21,0.007,57.4,0.0095,38.1,71.69,2.87923,-1.70141,0.54168,0.0001,0.07371
5132.17,BTC-28JUN19,1556621948474,open,0.01,421.4,0.00179739,0.01195531,0.00814747,67.92,0.0075,0.0,BTC-28JUN19-3500-P,5187.72,67.62,0.008,20.0,0.0085,4.7,68.63,2.51374,-1.44993,-0.57931,9e-05,-0.06183
5132.17,BTC-28JUN19,1556621948486,open,0.06,187.0,0.04413497,0.09939766,0.06536118,58.61,0.063,0.0,BTC-28JUN19-5500-C,5187.72,58.7,0.0655,5.0,0.0665,6.4,59.33,8.09614,-4.02974,3.01866,0.00033,0.43
5132.17,BTC-28JUN19,1556621948497,open,0.04,108.7,0.02891314,0.06118692,0.03967726,58.66,0.0425,0.0,BTC-28JUN19-4500-P,5187.72,58.52,0.0395,10.0,0.0405,5.3,59.31,6.54462,-3.26058,-2.39485,0.00026,-0.24961
5132.17,BTC-28JUN19,1556621948499,open,0.01,1307.5,0.00118405,0.01160393,0.00827348,69.58,0.0085,0.0,BTC-28JUN19-8000-C,5187.72,67.21,0.007,57.4,0.0095,38.2,71.69,2.87923,-1.70141,0.54168,0.0001,0.07371
5132.17,BTC-28JUN19,1556621948501,open,0.06,152.1,0.03832801,0.08916051,0.05659183,57.79,0.062,0.0,BTC-28JUN19-4750-P,5187.72,56.69,0.055,5.0,0.059,27.3,59.45,7.4331,-3.64832,-3.17187,0.0003,-0.32656
5132.17,BTC-28JUN19,1556621948508,open,0.06,152.1,0.03832801,0.08916051,0.05659183,57.79,0.062,0.0,BTC-28JUN19-4750-P,5187.72,56.69,0.055,5.0,0.059,27.2,59.45,7.4331,-3.64832,-3.17187,0.0003,-0.32656
5132.17,BTC-28JUN19,1556621948544,open,0.01,86.7,0.00257788,0.02372821,0.01190534,64.25,0.0105,0.0,BTC-28JUN19-3750-P,5187.72,62.83,0.011,20.0,0.013,15.8,65.9,3.32804,-1.81584,-0.83788,0.00012,-0.08931
5132.17,BTC-28JUN19,1556621948638,open,0.03,162.0,0.01256941,0.05002037,0.02725431,60.19,0.028,0.0,BTC-28JUN19-4250-P,5187.72,60.41,0.0275,3.0,0.028,17.1,60.88,5.47896,-2.80043,-1.74685,0.00021,-0.18376
158.11,ETH-27SEP19,1556621948648,open,1.06,1.0,1.030976,1.07521,1.045056,75.0,0.93,0.0,ETH-27SEP19-320-P,156.35,0.0,0.0,0.0,1.066,1.0,89.62,0.19046,-0.04765,-1.25632,0.00247,-0.89004
5132.27,BTC-28JUN19,1556621948649,open,0.49,0.0,0.46275418,0.48381457,0.47284502,66.87,None,0.0,BTC-28JUN19-7500-P,5186.05,0.0,0.0005,0.5,0.0,0.0,0.0,3.63239,-2.06267,-11.36044,0.00013,-0.89943
5121.09,BTC-27SEP19,1556621948649,open,0.34,261.1,0.33599317,0.37181605,0.34789676,63.57,0.38,0.0,BTC-27SEP19-3500-C,5186.05,0.0,0.161,1.0,0.4285,1.5,114.15,6.85162,-1.45315,11.03001,0.0001,0.87243
5132.27,BTC-28JUN19,1556621948649,open,0.02,458.7,0.00909328,0.04828547,0.02556731,61.98,0.026,0.0,BTC-28JUN19-6500-C,5186.05,60.59,0.024,20.0,0.027,40.9,63.22,5.85295,-3.08073,1.48368,0.00022,0.20479
5130.6,BTC-28JUN19,1556621948649,open,0.77,6.6,0.75438328,0.75895699,0.75839879,73.43,0.704,0.0,BTC-28JUN19-9000-P,5186.05,0.0,0.0005,0.4,0.0,0.0,0.0,1.75216,-1.0926,-14.22655,6e-05,-0.96065
5130.6,BTC-28JUN19,1556621948649,open,0.01,5.2,0.00140573,0.02243018,0.01148912,66.89,0.0115,0.0,BTC-28JUN19-7500-C,5186.05,65.46,0.0105,6.4,0.012,0.3,67.6,3.62782,-2.06071,0.73612,0.00013,0.10044
5130.6,BTC-28JUN19,1556621948650,open,2.93,0.4,2.89817955,2.89817993,2.89723333,0.0,5.076,0.0,BTC-28JUN19-20000-P,5186.05,0.0,0.0005,0.2,0.0,0.0,0.0,0.0,0.0,-32.26065,0.0,-1.0
5121.09,BTC-27SEP19,1556621948650,open,0.02,657.3,0.00483447,0.0315143,0.02094714,72.18,0.0205,0.0,BTC-27SEP19-10000-C,5186.05,71.81,0.0205,49.6,0.0215,10.0,72.63,6.25249,-1.5055,1.91563,8e-05,0.11205
5130.6,BTC-28JUN19,1556621948650,open,1.36,10.0,1.33890849,1.33923146,1.339837,83.65,1.243,0.0,BTC-28JUN19-12000-P,5186.05,0.0,0.0005,0.4,0.0,0.0,0.0,0.50608,-0.3595,-19.28871,1e-05,-0.99089
5130.6,BTC-28JUN19,1556621948650,open,1.95,2.0,1.92363467,1.92365796,1.92325806,0.0,2.658,0.0,BTC-28JUN19-15000-P,5186.05,0.0,0.0005,0.2,0.0,0.0,0.0,0.0,0.0,-24.19549,0.0,-1.0
5121.09,BTC-27SEP19,1556621948650,open,0.61,2.5,0.58211086,0.62877426,0.60174163,66.28,1.278,0.0,BTC-27SEP19-8000-P,5186.05,0.0,0.004,0.3,0.0,0.0,0.0,9.21583,-2.03779,-29.45412,0.00013,-0.79896
5119.42,BTC-27SEP19,1556621948651,open,0.31,0.0,0.29698882,0.33934972,0.31024859,62.73,None,0.0,BTC-27SEP19-3750-C,5186.05,0.0,0.032,0.1,0.0,0.0,0.0,8.13348,-1.70222,11.03739,0.00012,0.83531
5130.6,BTC-28JUN19,1556621948651,open,0.0,312.6,2e-08,5.537e-05,0.00066022,92.84,0.001,0.0,BTC-28JUN19-14000-C,5186.05,0.0,0.0,0.0,0.001,45.9,97.02,0.35609,-0.28076,0.04511,1e-05,0.00611
5119.42,BTC-27SEP19,1556621948649,open,0.02,156.9,0.00435859,0.05601101,0.01671029,67.47,0.016,0.0,BTC-27DEC19-2500-P,5186.05,66.69,0.016,11.9,0.018,15.1,68.83,4.74837,-0.66497,-2.48506,4e-05,-0.05685
5186.05,index_price,1556621948649,open,0.27,0.0,0.25757871,0.284696,0.26358766,62.15,None,0,BTC-31MAY19-6500-P,5186.05,0.0,0.0005,0.3,0.0,0.0,0.0,3.07459,-3.09463,-5.00256,0.00022,-0.87674
5186.05,index_price,1556621948649,open,0.0,23.0,0.00019038,0.01286504,0.0026124,75.62,0.0035,0,BTC-10MAY19-4250-P,5186.05,74.93,0.0025,1.0,0.003,1.0,77.89,0.85466,-3.27235,-0.07132,0.00016,-0.04822
5119.42,BTC-27SEP19,1556621948648,open,1.97,0.0,1.93088087,1.98690471,1.94954078,78.2,None,0.0,BTC-27DEC19-15000-P,5186.05,0.0,0.0,0.0,0.0,0.0,0.0,6.45155,-1.04731,-96.78963,5e-05,-0.91535
5130.6,BTC-28JUN19,1556621948652,open,1.75,1.3,1.7287257,1.72878106,1.72855115,0.0,2.415,0.0,BTC-28JUN19-14000-P,5186.05,0.0,0.0005,0.2,0.0,0.0,0.0,0.0,0.0,-22.58246,0.0,-1.0
5130.6,BTC-28JUN19,1556621948653,open,1.16,5.7,1.14400378,1.14479149,1.14564247,81.85,1.142,0.0,BTC-28JUN19-11000-P,5186.05,0.0,0.0005,0.4,0.0,0.0,0.0,0.80515,-0.55968,-17.62822,2e-05,-0.98444
5119.42,BTC-27SEP19,1556621948652,open,0.8,0.0,0.76782324,0.80361098,0.78485563,68.47,None,0.0,BTC-27SEP19-9000-P,5186.05,0.0,0.002,0.3,0.0,0.0,0.0,7.41091,-1.69285,-34.51172,0.0001,-0.8569
5119.42,BTC-27SEP19,1556621948648,open,0.56,0.0,0.51027406,0.58110472,0.54534756,63.02,None,0.0,BTC-27DEC19-7500-P,5186.05,0.0,0.0005,0.5,0.0,0.0,0.0,14.71548,-1.92512,-41.66438,0.00013,-0.68788
5119.42,BTC-27SEP19,1556621948649,open,0.01,51.0,0.00087734,0.0294351,0.00809416,71.99,0.0095,0.0,BTC-27DEC19-2000-P,5186.05,69.86,0.007,1.0,0.0095,25.0,74.52,2.73113,-0.40812,-1.24462,2e-05,-0.02875
5119.42,BTC-27SEP19,1556621948649,open,1.01,0.3,0.96492803,1.07785693,0.99702761,69.18,1.4475,0.0,BTC-27DEC19-10000-P,5186.05,0.0,0.1,0.3,0.0,0.0,0.0,10.96288,-1.57432,-61.34325,9e-05,-0.81868
5186.05,index_price,1556621948648,open,0.13,0.0,0.13360376,0.15533562,0.13818719,70.96,None,0,BTC-10MAY19-4500-C,5186.05,0.0,0.0005,0.3,0.1955,0.1,193.23,1.51154,-5.43046,1.06709,0.00029,0.89867
5186.05,index_price,1556621948649,open,0.17,0.0,0.15830164,0.18262959,0.16116043,63.71,None,0,BTC-10MAY19-6000-P,5186.05,0.0,0.001,0.5,0.215,0.2,171.32,1.38902,-4.48046,-1.50256,0.0003,-0.90967
5119.42,BTC-27SEP19,1556621948649,open,0.03,97.0,0.01349467,0.09112442,0.0314452,64.48,0.0305,0.0,BTC-27DEC19-3000-P,5186.05,63.1,0.0295,10.0,0.0335,20.1,65.91,7.29304,-0.97616,-4.43727,7e-05,-0.09989
5119.42,BTC-27SEP19,1556621948654,open,0.0,1669.2,8.93e-06,0.00074672,0.00171003,89.3,0.002,0.0,BTC-27SEP19-1500-P,5186.05,87.66,0.0015,150.0,0.002,0.1,91.37,0.68113,-0.20292,-0.19407,1e-05,-0.00752
5186.05,index_price,1556621948649,open,0.0,253.3,1.7e-07,0.00312356,0.00082094,84.95,0.001,0,BTC-3MAY19-6000-C,5186.05,78.62,0.0005,72.3,0.001,15.0,87.81,0.30445,-4.25746,0.01151,0.00017,0.02899
5186.05,index_price,1556621948652,open,0.03,171.2,0.02148376,0.06379105,0.03100703,59.66,0.027,0,BTC-31MAY19-5750-C,5186.05,56.18,0.0275,10.0,0.029,8.6,57.68,5.28844,-5.10897,1.20487,0.00039,0.30566
5119.42,BTC-27SEP19,1556621948652,open,0.09,106.1,0.05916427,0.18366897,0.08859289,62.23,0.0925,0.0,BTC-27DEC19-4000-P,5186.05,61.38,0.0865,5.0,0.091,5.0,63.2,12.60934,-1.62875,-10.74288,0.00012,-0.22939
5186.05,index_price,1556621948649,open,0.04,51.6,0.03862244,0.05881911,0.04432703,62.89,0.0355,0,BTC-3MAY19-5000-C,5186.05,52.38,0.0415,5.0,0.0455,5.0,67.02,1.455,-15.91065,0.28935,0.00109,0.7525
5186.05,index_price,1556621948649,open,0.13,0.0,0.11307531,0.14531924,0.11729526,61.56,None,0,BTC-10MAY19-5750-P,5186.05,0.0,0.0005,0.3,0.1625,0.2,143.18,2.12843,-6.63354,-1.33439,0.00048,-0.83369
5119.42,BTC-27SEP19,1556621948650,open,1.78,0.0,1.73610657,1.80051655,1.75683127,76.57,None,0.0,BTC-27DEC19-14000-P,5186.05,0.0,0.0005,0.2,0.0,0.0,0.0,7.06928,-1.12364,-89.90445,5e-05,-0.90426
5186.05,index_price,1556621948649,open,0.01,73.7,0.00574985,0.03775887,0.01147745,64.2,0.0125,0,BTC-10MAY19-4750-P,5186.05,61.97,0.0105,5.7,0.0125,10.0,66.48,2.30159,-7.48166,-0.28023,0.00049,-0.18823
5119.42,BTC-27SEP19,1556621948650,open,0.83,0.0,0.77795082,0.90632146,0.81281914,67.03,None,0.0,BTC-27DEC19-9000-P,5186.05,0.0,0.001,0.5,0.0,0.0,0.0,12.39298,-1.72429,-53.7295,0.00011,-0.77753
5186.05,index_price,1556621948653,open,0.04,547.7,0.03425209,0.07969009,0.04500952,59.67,0.04,0,BTC-31MAY19-5500-C,5186.05,53.4,0.038,37.1,0.04,0.1,55.19,5.82949,-5.6331,1.55978,0.00043,0.40056
5119.42,BTC-27SEP19,1556621948651,open,1.2,0.0,1.15544959,1.25392001,1.18449588,71.23,None,0.0,BTC-27DEC19-11000-P,5186.05,0.0,0.0005,0.2,0.0,0.0,0.0,9.73755,-1.43986,-68.70285,8e-05,-0.84905
5186.05,index_price,1556621948649,open,0.0,223.5,0.0,0.00067552,0.0006482,109.31,0.0005,0,BTC-3MAY19-4250-P,5186.05,105.19,0.0005,27.4,0.0015,50.0,125.72,0.20243,-3.36158,-0.00756,9e-05,-0.01786
5119.42,BTC-27SEP19,1556621948651,open,0.05,76.4,0.01993917,0.14830981,0.05540481,67.27,0.0585,0.0,BTC-27DEC19-9000-C,5186.05,66.28,0.053,20.0,0.057,14.0,67.93,12.43831,-1.73696,5.69268,0.00011,0.2239
5186.05,index_price,1556621948649,open,0.22,0.0,0.20551781,0.22285683,0.20786459,69.55,None,0,BTC-10MAY19-6250-P,5186.05,0.0,0.0,0.0,0.271,0.2,203.42,0.98624,-3.47299,-1.6138,0.00019,-0.94224
5186.05,index_price,1556621948649,open,0.02,43.2,0.01179852,0.05106997,0.0186546,62.46,0.015,0,BTC-10MAY19-5500-C,5186.05,57.76,0.016,16.9,0.0175,18.5,60.43,2.97164,-9.3966,0.39656,0.00065,0.30127
5119.42,BTC-27SEP19,1556621948651,open,1.39,0.1,1.3480026,1.43351982,1.37390922,73.08,0.001,0.0,BTC-27DEC19-12000-P,5186.05,0.0,0.002,1.0,0.0,0.0,0.0,8.68208,-1.31703,-75.89297,7e-05,-0.87246
5186.05,index_price,1556621948649,open,0.17,3.9,0.15695006,0.16007345,0.1573984,77.38,0.1715,0,BTC-3MAY19-6000-P,5186.05,0.0,0.0005,10.3,0.2115,0.1,306.82,0.20747,-2.79115,-0.46539,0.00013,-0.98162
5186.05,index_price,1556621948649,open,0.1,0.5,0.10824985,0.11451511,0.11017426,84.86,0.1005,0,BTC-3MAY19-4625-C,5186.05,0.0,0.1075,5.0,0.1115,5.0,95.86,0.54579,-8.05272,0.3392,0.0003,0.94036
5186.05,index_price,1556621948650,open,0.08,499.3,0.06469374,0.1110518,0.07378771,57.84,0.081,0,BTC-31MAY19-5250-P,5186.05,59.74,0.076,12.3,0.0805,6.0,63.62,6.01702,-5.63567,-2.49747,0.00046,-0.49551
5186.05,index_price,1556621948653,open,0.08,105.6,0.0766456,0.12118838,0.08565484,58.15,0.078,0,BTC-31MAY19-5000-C,5186.05,51.68,0.0785,5.0,0.083,0.3,55.75,5.75161,-5.41621,2.33594,0.00043,0.61813
5186.05,index_price,1556621948649,open,0.01,197.9,0.00536995,0.02574784,0.00781703,58.94,0.005,0,BTC-3MAY19-5375-C,5186.05,52.38,0.006,39.8,0.007,0.2,56.04,1.47911,-15.15861,0.10113,0.00118,0.25532
5119.42,BTC-27SEP19,1556621948651,open,1.59,0.0,1.54171978,1.61590866,1.56484888,74.86,None,0.0,BTC-27DEC19-13000-P,5186.05,0.0,0.0005,0.2,0.0,0.0,0.0,7.80313,-1.21257,-82.9477,6e-05,-0.89033
5119.42,BTC-27SEP19,1556621948658,open,0.32,11.2,0.27374296,0.43466939,0.31246484,62.05,0.2565,0.0,BTC-27DEC19-6000-P,5186.05,60.2,0.3065,5.0,0.317,5.0,63.45,16.55855,-2.13261,-28.29583,0.00015,-0.52507
157.66,ETH-28JUN19,1556621948659,open,0.42,1138.0,0.406195,0.469444,0.413672,69.11,0.428,0.0,ETH-28JUN19-220-P,156.35,49.62,0.4,37.0,0.415,1.0,70.55,0.1438,-0.0844,-0.32284,0.00519,-0.85578
158.18,ETH-27SEP19,1556621948661,open,1.31,0.0,1.279206,1.31218,1.293776,80.5,None,0.0,ETH-27SEP19-360-P,156.35,0.0,0.0,0.0,1.306,1.0,90.64,0.16557,-0.04446,-1.43092,0.002,-0.90929
5119.42,BTC-27SEP19,1556621948661,open,0.21,45.8,0.17098703,0.32350007,0.20890653,62.17,0.207,0.0,BTC-27DEC19-5000-C,5186.05,60.75,0.2045,10.0,0.2125,14.0,63.33,15.86481,-2.0473,13.8085,0.00015,0.61763
5130.6,BTC-28JUN19,1556621948664,open,0.06,187.0,0.04403079,0.09928182,0.06536118,58.68,0.063,0.0,BTC-28JUN19-5500-C,5186.05,58.45,0.065,5.0,0.0665,6.4,59.4,8.09254,-4.03299,3.01516,0.00032,0.42969
5119.42,BTC-27SEP19,1556621948675,open,0.47,0.0,0.42677136,0.58260766,0.461695,62.01,None,0.0,BTC-27DEC19-7000-P,5186.05,0.0,0.001,0.5,0.481,0.2,68.3,15.49813,-1.99488,-37.3562,0.00014,-0.64402
5130.6,BTC-28JUN19,1556621948685,open,0.22,35.4,0.19643428,0.23156499,0.20943051,59.73,0.2,0.0,BTC-28JUN19-6000-P,5186.05,56.5,0.205,0.2,0.214,1.5,62.98,7.13349,-3.61842,-7.54985,0.00028,-0.70285
5119.42,BTC-27SEP19,1556621948691,open,0.44,10.2,0.40730098,0.46501805,0.42776274,63.84,0.8,0.0,BTC-27SEP19-7000-P,5186.05,59.76,0.419,1.5,0.4375,1.5,68.22,11.18652,-2.38253,-23.96644,0.00016,-0.71234
5186.05,index_price,1556621948691,open,0.19,8.0,0.18565297,0.21086746,0.19338453,65.08,0.1625,0,BTC-31MAY19-4250-C,5186.05,0.0,0.18,0.8,0.0,0.0,0.0,3.11965,-3.28789,2.98648,0.00021,0.87415
5119.42,BTC-27SEP19,1556621948692,open,0.39,0.1,0.34755125,0.50719201,0.38479246,62.03,0.311,0.0,BTC-27DEC19-6500-P,5186.05,57.32,0.37,1.6,0.393,0.2,64.62,16.18793,-2.08432,-32.85859,0.00015,-0.58779
5186.05,index_price,1556621948697,open,0.05,106.0,0.03953497,0.08214136,0.04535786,58.91,0.066,0,BTC-10MAY19-5250-P,5186.05,59.89,0.046,1.0,0.05,15.0,66.0,3.39283,-10.11966,-0.80886,0.00079,-0.53109
5130.6,BTC-28JUN19,1556621948707,open,0.23,355.5,0.22949886,0.25066881,0.23845539,61.83,0.236,0.0,BTC-28JUN19-4000-C,5186.05,39.85,0.224,0.9,0.245,2.0,69.14,4.35778,-2.28806,5.22701,0.00017,0.87006
5119.42,BTC-27SEP19,1556621948714,open,0.03,61.0,0.00398707,0.08950429,0.03069011,73.55,0.029,0.0,BTC-27DEC19-12000-C,5186.05,72.25,0.0285,15.0,0.0325,10.0,74.59,8.79093,-1.34205,3.35021,7e-05,0.12985
5119.42,BTC-27SEP19,1556621948723,open,0.44,10.2,0.40730098,0.46501805,0.42776274,63.84,0.8,0.0,BTC-27SEP19-7000-P,5186.05,59.99,0.4195,1.5,0.4375,1.5,68.22,11.18652,-2.38253,-23.96644,0.00016,-0.71234
5130.6,BTC-28JUN19,1556621948781,open,0.01,5.2,0.00140573,0.02243018,0.01148912,66.89,0.0115,0.0,BTC-28JUN19-7500-C,5186.05,65.46,0.0105,6.3,0.012,0.3,67.6,3.62782,-2.06071,0.73612,0.00013,0.10044
