underlying_price,underlying_index,timestamp,state,settlement_price,open_interest,min_price,max_price,mark_price,mark_iv,last_price,interest_rate,instrument_name,index_price,bid_iv,best_bid_price,best_bid_amount,best_ask_price,best_ask_amount,ask_iv,vega,theta,rho,gamma,delta
265.25,ETH-28JUN19,1560596339992,open,0.2,0.0,0.149,0.244,0.196252,84.39,None,0.0,ETH-26JUL19-300-P,263.78,0.0,0.002,20.0,0.538,144.0,349.46,0.33907,-0.35002,-0.24125,0.0051,-0.6159
263.78,index_price,1560596340025,open,0.17,61.0,0.128,0.207,0.167942,85.83,0.115,0,ETH-21JUN19-220-C,263.78,0.0,0.086,60.0,0.257,61.0,349.69,0.03037,-0.22182,0.03352,0.00316,0.95737
271.1,ETH-27SEP19,1560596340074,open,0.06,831.0,0.016,0.095,0.055201,118.73,0.021,0.0,ETH-27SEP19-560-C,263.78,88.59,0.018,224.0,0.048,60.0,113.83,0.40931,-0.23392,0.11454,0.00165,0.20366
265.25,ETH-28JUN19,1560596340086,open,0.4,0.0,0.361,0.44,0.400574,87.11,None,0.0,ETH-26JUL19-160-C,263.78,0.0,0.193,48.0,0.616,48.0,394.78,0.06051,-0.06447,0.16913,0.00088,0.96993
265.25,ETH-28JUN19,1560596340087,open,0.0,122.0,0.001,0.044,0.004317,83.63,0.005,0.0,ETH-28JUN19-340-C,263.78,72.05,0.002,370.0,0.006,200.0,89.98,0.06433,-0.20893,0.00582,0.0031,0.06655
265.25,ETH-28JUN19,1560596340102,open,0.09,0.0,0.053,0.132,0.092369,81.5,None,0.0,ETH-28JUN19-250-C,263.78,74.97,0.088,332.0,0.095,231.0,85.4,0.17852,-0.56499,0.05484,0.00883,0.67845
265.25,ETH-28JUN19,1560596340117,open,0.02,5765.0,0.001,0.059,0.019178,81.13,0.018,0.0,ETH-28JUN19-300-C,263.78,75.45,0.016,338.0,0.021,50.0,84.27,0.15207,-0.47912,0.01993,0.00755,0.23218
263.78,index_price,1560596340166,open,0.0,55.0,0.001,0.041,0.001505,93.44,0.001,0,ETH-21JUN19-330-C,263.78,0.0,0.0,0.0,0.002,253.0,98.22,0.02502,-0.19894,0.00136,0.00239,0.03362
263.78,index_price,1560596340200,open,0.0,58.0,0.001,0.042,0.001971,85.83,0.002,0,ETH-21JUN19-220-P,263.78,75.76,0.001,50.0,0.003,272.0,93.77,0.03037,-0.22182,-0.00189,0.00316,-0.04263
265.25,ETH-28JUN19,1560596340229,open,0.0,0.0,0.001,0.043,0.003005,84.72,None,0.0,ETH-28JUN19-350-C,263.78,70.51,0.001,300.0,0.005,250.0,93.85,0.04987,-0.16408,0.00423,0.00237,0.04817
263.78,index_price,1560596340332,open,0.25,60.0,0.203,0.302,0.252547,93.44,0.286,0,ETH-21JUN19-330-P,263.78,0.0,0.164,60.0,0.329,1.0,311.68,0.02502,-0.19893,-0.05176,0.00239,-0.96638
263.78,index_price,1560596340350,open,0.01,454.0,0.001,0.043,0.003723,86.53,0.002,0,ETH-21JUN19-310-C,263.78,66.78,0.001,250.0,0.005,250.0,92.9,0.04901,-0.36084,0.00317,0.00506,0.07842
263.78,index_price,1560596340382,open,0.14,132.0,0.093,0.172,0.132317,81.98,0.125,0,ETH-21JUN19-230-C,263.78,80.35,0.132,250.0,0.137,250.0,101.86,0.05227,-0.36465,0.03322,0.00569,0.91458
265.25,ETH-28JUN19,1560596340394,open,0.25,0.0,0.204,0.303,0.253198,84.39,None,0.0,ETH-26JUL19-320-P,263.78,0.0,0.0,0.0,0.568,144.0,327.09,0.30882,-0.31878,-0.28303,0.00464,-0.6996
265.25,ETH-28JUN19,1560596340474,open,0.32,0.0,0.27,0.375,0.322515,84.72,None,0.0,ETH-28JUN19-350-P,263.78,0.0,0.233,60.0,0.411,60.0,250.64,0.04987,-0.16408,-0.11924,0.00237,-0.95183
265.25,ETH-28JUN19,1560596340480,open,0.33,0.0,0.291,0.37,0.330317,84.23,None,0.0,ETH-26JUL19-180-C,263.78,0.0,0.115,48.0,0.554,48.0,355.45,0.11215,-0.11555,0.17971,0.00169,0.9353
8693.07,BTC-28JUN19,1560596340514,open,0.11,0.0,0.071,0.1595,0.1153013,71.29,None,0.0,BTC-26JUL19-9000-P,8681.82,67.7,0.1105,14.4,0.1185,22.4,73.69,11.60168,-10.11769,-6.09161,0.00019,-0.51043
265.25,ETH-28JUN19,1560596340563,open,0.28,0.0,0.235,0.337,0.286127,83.63,None,0.0,ETH-28JUN19-340-P,263.78,0.0,0.195,60.0,0.377,60.0,244.55,0.06433,-0.20893,-0.11412,0.0031,-0.93345
263.78,index_price,1560596340563,open,0.0,282.0,0.001,0.044,0.004256,81.98,0.006,0,ETH-21JUN19-230-P,263.78,75.13,0.003,159.0,0.007,350.0,94.32,0.05227,-0.36465,-0.00381,0.00569,-0.08542
8681.82,index_price,1560596340626,open,0.01,35.2,0.0005,0.0445,0.00466761,73.07,0.005,0,BTC-21JUN19-7750-P,8681.82,74.52,0.005,0.2,0.0055,30.0,76.63,1.95937,-12.18364,-0.14889,0.00022,-0.10186
263.78,index_price,1560596340631,open,0.18,30.0,0.132,0.226,0.178945,86.53,0.203,0,ETH-21JUN19-310-P,263.78,0.0,0.085,60.0,0.261,1.0,289.6,0.04901,-0.36084,-0.04673,0.00506,-0.92158
263.78,index_price,1560596340735,open,0.1,76.0,0.06,0.139,0.099614,80.9,0.094,0,ETH-21JUN19-240-C,263.78,82.12,0.1,187.0,0.105,242.0,96.81,0.08327,-0.57327,0.0312,0.00919,0.83441
265.25,ETH-28JUN19,1560596340792,open,0.31,0.0,0.263,0.368,0.315604,85.02,None,0.0,ETH-26JUL19-340-P,263.78,0.0,0.02,48.0,0.593,48.0,301.13,0.27121,-0.28204,-0.32171,0.00405,-0.76743
263.78,index_price,1560596340805,open,0.0,35.0,0.001,0.042,0.002251,89.3,0.003,0,ETH-21JUN19-320-C,263.78,0.0,0.0,0.0,0.003,220.0,94.61,0.03431,-0.26072,0.00201,0.00343,0.04962
265.25,ETH-28JUN19,1560596340858,open,0.27,0.0,0.226,0.305,0.265593,83.36,None,0.0,ETH-26JUL19-200-C,263.78,0.0,0.041,48.0,0.499,48.0,327.61,0.18246,-0.18605,0.1811,0.00278,0.87526
8743.61,BTC-27SEP19,1560596340930,open,0.02,19.0,0.0005,0.061,0.02108562,93.39,0.017,0.0,BTC-27DEC19-28000-C,8681.82,91.06,0.0185,7.0,0.0235,6.0,95.43,10.0479,-2.40758,3.04044,3e-05,0.08622
263.78,index_price,1560596340932,open,0.01,111.0,0.001,0.049,0.009463,80.9,0.017,0,ETH-21JUN19-240-P,263.78,76.14,0.008,192.0,0.011,101.0,85.66,0.08327,-0.57327,-0.00743,0.00919,-0.16559
271.1,ETH-27SEP19,1560596340979,open,0.0,1744.0,0.001,0.041,0.001538,105.08,0.002,0.0,ETH-27SEP19-80-P,263.78,0.0,0.0,0.0,0.003,250.0,116.25,0.02817,-0.01425,-0.00658,0.00013,-0.007
265.25,ETH-28JUN19,1560596340981,open,0.02,2386.0,0.001,0.064,0.024207,85.48,0.021,0.0,ETH-26JUL19-360-C,263.78,80.48,0.02,150.0,0.028,250.0,89.73,0.23094,-0.24148,0.04556,0.00343,0.17757
8681.82,index_price,1560596341005,open,0.04,27.0,0.0005,0.0715,0.03163276,69.73,0.035,0,BTC-21JUN19-8750-C,8681.82,67.49,0.0305,6.8,0.033,0.2,72.43,4.39016,-26.04972,0.62995,0.00052,0.48238
263.78,index_price,1560596341122,open,0.07,83.0,0.032,0.111,0.071302,80.9,0.07,0,ETH-21JUN19-250-C,263.78,77.85,0.07,226.0,0.076,239.0,91.67,0.11323,-0.77956,0.02742,0.0125,0.71703
265.25,ETH-28JUN19,1560596341204,open,0.38,0.0,0.327,0.436,0.381417,85.48,None,0.0,ETH-26JUL19-360-P,263.78,0.0,0.132,48.0,0.612,48.0,270.81,0.23094,-0.24148,-0.3576,0.00343,-0.82243
8693.07,BTC-28JUN19,1560596341216,open,0.06,68.6,0.0145,0.099,0.05675081,71.29,0.058,0.0,BTC-26JUL19-8000-P,8681.82,67.31,0.052,32.6,0.0585,19.3,72.75,10.40409,-9.07331,-3.66833,0.00017,-0.32006
265.25,ETH-28JUN19,1560596341240,open,0.21,20.0,0.168,0.247,0.20762,82.41,0.171,0.0,ETH-26JUL19-220-C,263.78,58.89,0.187,100.0,0.451,48.0,308.19,0.25381,-0.25584,0.17382,0.00391,0.79279
263.78,index_price,1560596341295,open,0.02,326.0,0.001,0.059,0.019061,80.9,0.019,0,ETH-21JUN19-250-P,263.78,73.68,0.016,208.0,0.021,184.0,85.39,0.11323,-0.77956,-0.01283,0.0125,-0.28297
8681.82,index_price,1560596341305,open,0.0,331.3,0.0005,0.042,0.00210586,73.07,0.0035,0,BTC-21JUN19-7500-P,8681.82,63.22,0.001,6.9,0.0035,36.7,82.04,1.17419,-7.30138,-0.07578,0.00013,-0.05212
8693.07,BTC-28JUN19,1560596341369,open,0.0,1430.2,0.0005,0.04,5.123e-05,135.0,0.0005,0.0,BTC-28JUN19-20000-C,8681.82,0.0,0.0,0.0,0.0005,19.9,164.6,0.0443,-0.23225,0.00227,0.0,0.00079
8743.61,BTC-27SEP19,1560596341369,open,0.48,5.4,0.425,0.543,0.48386039,75.49,0.59,0.0,BTC-27DEC19-12000-P,8681.82,62.64,0.449,3.6,0.51,3.6,84.75,24.38016,-4.72236,-51.39982,8e-05,-0.61719
8693.07,BTC-28JUN19,1560596341397,open,0.0,1255.2,0.0005,0.04,0.0,135.0,0.0005,0.0,BTC-28JUN19-1500-P,8681.82,0.0,0.0,0.0,0.0005,15.0,369.7,0.0,0.0,0.0,0.0,0.0
8693.07,BTC-28JUN19,1560596341399,open,0.0,578.1,0.0005,0.0405,0.00056748,103.4,0.001,0.0,BTC-28JUN19-14000-C,8681.82,0.0,0.0,0.0,0.001,12.0,110.92,0.40545,-1.62806,0.02654,1e-05,0.00922
265.25,ETH-28JUN19,1560596341428,open,0.04,11.0,0.001,0.078,0.037026,82.41,0.032,0.0,ETH-26JUL19-220-P,263.78,77.07,0.032,350.0,0.042,350.0,87.54,0.25381,-0.25584,-0.07255,0.00391,-0.20721
8743.61,BTC-27SEP19,1560596341447,open,0.01,74.7,0.0005,0.0545,0.01465959,100.61,0.016,0.0,BTC-27DEC19-36000-C,8681.82,99.84,0.014,10.0,0.015,1.0,101.0,7.57953,-1.95664,2.10202,2e-05,0.05969
8693.07,BTC-28JUN19,1560596341493,open,0.51,10.5,0.4715,0.551,0.5112297,135.06,0.428,0.0,BTC-28JUN19-4250-C,8681.82,0.0,0.5005,6.0,0.522,6.0,261.72,0.08448,-0.44308,1.49394,0.0,0.9984
265.25,ETH-28JUN19,1560596341536,open,0.01,2.0,0.001,0.053,0.013396,81.73,0.011,0.0,ETH-28JUN19-310-C,263.78,74.32,0.01,370.0,0.016,250.0,86.97,0.12791,-0.40597,0.01502,0.00631,0.17391
8743.61,BTC-27SEP19,1560596341609,open,0.53,0.0,0.467,0.589,0.52788522,75.18,None,0.0,BTC-27SEP19-13000-P,8681.82,60.57,0.5075,1.3,0.552,1.3,89.52,13.63763,-4.93515,-32.66343,8e-05,-0.78477
8693.07,BTC-28JUN19,1560596341609,open,0.16,43.0,0.117,0.2095,0.16321967,75.35,0.177,0.0,BTC-28JUN19-10000-P,8681.82,44.09,0.152,5.0,0.174,6.0,95.16,4.27053,-12.4963,-3.01791,0.00021,-0.82092
265.25,ETH-28JUN19,1560596341619,open,0.16,400.0,0.119,0.198,0.158289,81.98,0.14,0.0,ETH-26JUL19-240-C,263.78,80.03,0.156,120.0,0.166,250.0,88.5,0.31223,-0.3131,0.15857,0.00483,0.6921
8743.61,BTC-27SEP19,1560596341690,open,0.02,156.7,0.0005,0.0565,0.0160384,79.9,0.018,0.0,BTC-27DEC19-4000-P,8681.82,76.48,0.0135,6.0,0.0185,6.0,83.0,6.73623,-1.38099,-3.14844,2e-05,-0.05141
8743.61,BTC-27SEP19,1560596341725,open,1.07,1.0,0.9885,1.1535,1.07105386,81.61,1.5815,0.0,BTC-27SEP19-18000-P,8681.82,0.0,1.048,1.3,1.101,1.3,109.47,6.58996,-2.5886,-49.6736,4e-05,-0.92519
8743.61,BTC-27SEP19,1560596341725,open,0.31,58.1,0.2645,0.344,0.30439704,72.82,0.2385,0.0,BTC-27DEC19-7000-C,8681.82,65.67,0.288,5.0,0.311,0.2,75.68,20.17107,-3.76893,20.94308,7e-05,0.75302
8743.61,BTC-27SEP19,1560596341842,open,0.68,0.0,0.614,0.7475,0.68074857,77.51,None,0.0,BTC-27DEC19-14000-P,8681.82,61.88,0.6445,1.3,0.707,1.3,87.61,21.93372,-4.36173,-64.83839,7e-05,-0.70817
271.1,ETH-27SEP19,1560596341877,open,0.0,190.0,0.001,0.04,0.000455,110.73,0.001,0.0,ETH-27SEP19-60-P,263.78,0.0,0.0,0.0,0.002,250.0,133.88,0.00998,-0.00532,-0.00205,4e-05,-0.0022
271.1,ETH-27SEP19,1560596341880,open,0.56,0.0,0.486,0.609,0.547149,92.19,None,0.0,ETH-27SEP19-400-P,263.78,0.0,0.337,36.0,0.751,36.0,190.88,0.49733,-0.22068,-0.96772,0.00258,-0.70714
265.25,ETH-28JUN19,1560596341890,open,0.62,0.0,0.584,0.663,0.623001,140.0,None,0.0,ETH-28JUN19-100-C,263.78,0.0,0.54,60.0,0.706,60.0,500.0,0.00012,-0.00068,0.03527,0.0,0.99994
271.1,ETH-27SEP19,1560596341897,open,0.35,1728.0,0.288,0.367,0.327287,90.14,0.32,0.0,ETH-27SEP19-200-C,263.78,64.87,0.293,100.0,0.337,5.0,96.75,0.39416,-0.17102,0.37139,0.00209,0.80866
263.78,index_price,1560596341902,open,0.28,0.0,0.241,0.32,0.28019,113.87,None,0,ETH-21JUN19-190-C,263.78,0.0,0.203,60.0,0.363,61.0,449.89,0.00858,-0.08311,0.03016,0.00067,0.99044
265.25,ETH-28JUN19,1560596341910,open,0.0,10453.0,0.001,0.04,0.000471,140.0,0.001,0.0,ETH-28JUN19-140-P,263.78,0.0,0.0,0.0,0.001,849.0,154.18,0.00747,-0.0406,-0.00053,0.00021,-0.00521
265.25,ETH-28JUN19,1560596341910,open,0.51,386.0,0.471,0.55,0.510083,140.0,0.321,0.0,ETH-28JUN19-130-C,263.78,0.0,0.427,60.0,0.511,2.0,172.73,0.00349,-0.01896,0.04563,0.0001,0.99777
271.1,ETH-27SEP19,1560596341918,open,0.31,646.0,0.257,0.36,0.308437,89.75,0.324,0.0,ETH-27SEP19-320-P,263.78,67.03,0.261,36.0,0.355,36.0,111.66,0.57367,-0.24783,-0.65659,0.00306,-0.54259
265.25,ETH-28JUN19,1560596341918,open,0.0,9803.0,0.001,0.04,0.000186,140.0,0.001,0.0,ETH-28JUN19-130-P,263.78,0.0,0.0,0.0,0.001,349.0,170.41,0.00349,-0.01896,-0.00023,0.0001,-0.00223
265.25,ETH-28JUN19,1560596341918,open,0.0,6715.0,0.001,0.042,0.002001,85.14,0.002,0.0,ETH-28JUN19-360-C,263.78,76.43,0.001,263.0,0.003,3.0,91.4,0.03724,-0.12312,0.00296,0.00176,0.03361
265.25,ETH-28JUN19,1560596341918,open,0.7,0.0,0.659,0.738,0.698398,140.0,None,0.0,ETH-28JUN19-80-C,263.78,0.0,0.615,60.0,0.782,60.0,500.0,0.0,-2e-05,0.02822,0.0,1.0
265.25,ETH-28JUN19,1560596341918,open,0.55,50.0,0.508,0.587,0.54766,140.0,0.547,0.0,ETH-28JUN19-120-C,263.78,0.0,0.465,60.0,0.63,60.0,500.0,0.0014,-0.00762,0.04225,4e-05,0.99918
8693.07,BTC-28JUN19,1560596341935,open,0.27,25.8,0.219,0.32,0.2693902,79.07,0.4515,0.0,BTC-28JUN19-11000-P,8681.82,0.0,0.258,6.0,0.2805,6.0,110.97,2.08092,-6.38931,-3.692,0.0001,-0.93457
8743.61,BTC-27SEP19,1560596341937,open,0.06,106.3,0.02,0.0995,0.05952064,79.74,0.064,0.0,BTC-27DEC19-16000-C,8681.82,78.13,0.056,10.0,0.063,4.9,81.3,19.3007,-3.94887,7.86103,6e-05,0.22791
8743.61,BTC-27SEP19,1560596341944,open,0.34,717.9,0.3015,0.381,0.34123779,72.24,0.302,0.0,BTC-27SEP19-6000-C,8681.82,70.13,0.339,6.4,0.3485,6.4,78.75,9.38747,-3.26421,13.38052,6e-05,0.87896
8743.61,BTC-27SEP19,1560596341953,open,0.02,91.5,0.0005,0.059,0.01905933,78.97,0.017,0.0,BTC-27SEP19-16000-C,8681.82,76.34,0.0165,6.0,0.021,6.0,80.85,8.80071,-3.34521,2.27593,5e-05,0.11052
271.1,ETH-27SEP19,1560596341967,open,0.44,81.0,0.367,0.48,0.423695,91.24,0.428,0.0,ETH-27SEP19-360-P,263.78,0.0,0.199,36.0,0.644,36.0,196.19,0.54469,-0.23921,-0.81513,0.00285,-0.63282
271.1,ETH-27SEP19,1560596341984,open,0.5,28.0,0.426,0.543,0.484399,91.69,0.419,0.0,ETH-27SEP19-380-P,263.78,0.0,0.266,36.0,0.697,36.0,193.52,0.52239,-0.23056,-0.89229,0.00272,-0.67212
8743.61,BTC-27SEP19,1560596341984,open,0.78,0.0,0.713,0.855,0.78387844,78.56,None,0.0,BTC-27DEC19-15000-P,8681.82,61.26,0.7475,1.3,0.8105,1.3,89.34,20.59171,-4.15077,-71.28694,6e-05,-0.74318
265.25,ETH-28JUN19,1560596341998,open,0.0,8261.0,0.001,0.04,0.000942,139.98,0.001,0.0,ETH-28JUN19-500-C,263.78,0.0,0.0,0.0,0.002,475.0,154.32,0.01478,-0.08033,0.00097,0.00043,0.01131
8693.07,BTC-28JUN19,1560596341998,open,0.29,0.0,0.2405,0.3435,0.29218163,75.51,None,0.0,BTC-26JUL19-11000-P,8681.82,53.12,0.274,4.9,0.306,4.9,88.93,8.39295,-7.75214,-10.53158,0.00013,-0.78962
265.25,ETH-28JUN19,1560596342012,open,0.12,201.0,0.079,0.158,0.118204,81.98,0.121,0.0,ETH-26JUL19-260-C,263.78,80.29,0.116,120.0,0.125,250.0,87.18,0.3464,-0.34736,0.13812,0.00536,0.58318
271.1,ETH-27SEP19,1560596342016,open,0.57,47.0,0.526,0.605,0.56521,95.9,0.564,0.0,ETH-27SEP19-120-C,263.78,0.0,0.424,12.0,0.599,2.0,151.22,0.10445,-0.04822,0.31058,0.00052,0.96776
265.25,ETH-28JUN19,1560596342016,open,0.0,1214.0,0.001,0.04,0.000994,116.59,0.001,0.0,ETH-28JUN19-440-C,263.78,0.0,0.0,0.0,0.002,200.0,128.35,0.01761,-0.07971,0.0012,0.00061,0.01384
8743.61,BTC-27SEP19,1560596342020,open,0.42,56.9,0.378,0.4575,0.4175474,74.68,0.368,0.0,BTC-27DEC19-5500-C,8681.82,58.82,0.395,1.3,0.42,0.1,76.25,13.57626,-2.60128,21.08209,4e-05,0.86915
8743.61,BTC-27SEP19,1560596342020,open,0.51,6.6,0.469,0.5485,0.50897359,77.69,0.4515,0.0,BTC-27DEC19-4500-C,8681.82,33.2,0.4855,1.3,0.535,1.3,99.97,8.85636,-1.76527,19.51587,3e-05,0.92703
265.25,ETH-28JUN19,1560596342028,open,0.47,335.0,0.433,0.512,0.472667,140.0,0.481,0.0,ETH-28JUN19-140-C,263.78,0.0,0.39,60.0,0.555,60.0,468.85,0.00747,-0.0406,0.04886,0.00021,0.99479
8693.07,BTC-28JUN19,1560596342033,open,0.43,688.1,0.3855,0.465,0.42536116,124.49,0.37,0.0,BTC-28JUN19-5000-C,8681.82,0.0,0.4145,6.0,0.4355,6.0,209.55,0.299,-1.44542,1.74215,1e-05,0.99348
263.78,index_price,1560596342033,open,0.05,17.0,0.015,0.099,0.057075,86.53,0.046,0,ETH-21JUN19-270-P,263.78,68.27,0.048,250.0,0.057,1.0,86.38,0.13187,-0.97101,-0.02631,0.01361,-0.56254
271.1,ETH-27SEP19,1560596342048,open,0.4,743.0,0.339,0.418,0.378418,90.27,0.337,0.0,ETH-27SEP19-180-C,263.78,53.7,0.344,100.0,0.5,1.0,180.06,0.31813,-0.13823,0.37341,0.00168,0.8624
271.1,ETH-27SEP19,1560596342053,open,1.11,24.0,1.037,1.205,1.120855,118.73,1.356,0.0,ETH-27SEP19-560-P,263.78,0.0,0.926,12.0,1.247,12.0,186.57,0.40929,-0.2339,-1.47918,0.00165,-0.79636
265.25,ETH-28JUN19,1560596342053,open,0.0,4695.0,0.001,0.04,1.8e-05,140.0,0.001,0.0,ETH-28JUN19-110-P,263.78,0.0,0.0,0.0,0.001,349.0,206.92,0.00047,-0.00254,-3e-05,1e-05,-0.00025
265.25,ETH-28JUN19,1560596342064,open,0.0,5201.0,0.001,0.044,0.003894,82.17,0.004,0.0,ETH-28JUN19-210-P,263.78,71.63,0.002,80.0,0.005,150.0,87.07,0.05609,-0.17897,-0.00559,0.00275,-0.05585
8743.61,BTC-27SEP19,1560596342066,open,0.74,0.0,0.67,0.809,0.73951281,77.47,None,0.0,BTC-27SEP19-15000-P,8681.82,50.54,0.7185,1.3,0.7665,1.3,97.05,10.16869,-3.79176,-39.90593,6e-05,-0.8642
263.78,index_price,1560596342076,open,0.0,6.0,0.001,0.04,0.000488,113.87,0.001,0,ETH-21JUN19-190-P,263.78,0.0,0.0,0.0,0.001,350.0,126.04,0.00858,-0.08311,-0.00043,0.00067,-0.00956
265.25,ETH-28JUN19,1560596342080,open,0.0,7876.0,0.001,0.04,0.000489,101.12,0.001,0.0,ETH-28JUN19-170-P,263.78,0.0,0.0,0.0,0.001,450.0,111.35,0.01019,-0.04002,-0.00074,0.00041,-0.0074
265.25,ETH-28JUN19,1560596342090,open,0.44,481.0,0.395,0.474,0.434986,126.68,0.46,0.0,ETH-28JUN19-150-C,263.78,0.0,0.352,60.0,0.517,60.0,431.1,0.00841,-0.04139,0.05231,0.00027,0.99405
265.25,ETH-28JUN19,1560596342132,open,0.0,5711.0,0.001,0.04,0.00049,113.53,0.001,0.0,ETH-28JUN19-160-P,263.78,0.0,0.0,0.0,0.001,350.0,124.79,0.00924,-0.04074,-0.00067,0.00033,-0.00662
271.1,ETH-27SEP19,1560596342160,open,0.45,401.0,0.395,0.474,0.434972,90.27,0.38,0.0,ETH-27SEP19-160-C,263.78,0.0,0.287,12.0,0.581,12.0,215.1,0.23643,-0.10274,0.36587,0.00125,0.90918
265.25,ETH-28JUN19,1560596342186,open,0.29,576.0,0.245,0.324,0.284675,86.14,0.233,0.0,ETH-28JUN19-190-C,263.78,0.0,0.2,60.0,0.37,60.0,312.73,0.02,-0.0669,0.06543,0.00094,0.98395
8743.6,BTC-27SEP19,1560596342192,open,0.1,133.2,0.054,0.1335,0.09373081,76.5,0.1,0.0,BTC-27DEC19-13000-C,8681.82,74.71,0.089,10.0,0.098,4.9,78.1,23.23687,-4.56112,11.19719,7e-05,0.33359
271.1,ETH-27SEP19,1560596342196,open,0.51,191.0,0.46,0.539,0.499068,94.05,0.5,0.0,ETH-27SEP19-140-C,263.78,0.0,0.354,12.0,0.639,12.0,235.88,0.16875,-0.07639,0.3414,0.00086,0.94156
265.25,ETH-28JUN19,1560596342200,open,0.21,81.0,0.167,0.264,0.21549,81.9,0.347,0.0,ETH-28JUN19-320-P,263.78,0.0,0.12,60.0,0.312,60.0,234.03,0.10343,-0.32896,-0.10189,0.00509,-0.87347
265.25,ETH-28JUN19,1560596342200,open,0.0,3084.0,0.001,0.04,4e-06,140.0,0.001,0.0,ETH-28JUN19-100-P,263.78,0.0,0.0,0.0,0.001,349.0,227.77,0.00012,-0.00068,-1e-05,0.0,-6e-05
265.25,ETH-28JUN19,1560596342204,open,0.1,11.0,0.055,0.142,0.098411,81.98,0.115,0.0,ETH-26JUL19-260-P,263.78,74.78,0.089,350.0,0.102,250.0,84.73,0.3464,-0.34736,-0.15305,0.00536,-0.41682
8693.07,BTC-28JUN19,1560596342206,open,0.05,41.3,0.007,0.0865,0.04657562,73.51,0.0455,0.0,BTC-26JUL19-10000-C,8681.82,72.2,0.045,7.0,0.0475,8.1,74.27,10.50528,-9.44624,2.73654,0.00017,0.32767
8693.07,BTC-28JUN19,1560596342213,open,0.32,0.0,0.276,0.3555,0.31573241,73.73,None,0.0,BTC-26JUL19-6000-C,8681.82,0.0,0.3005,4.9,0.3315,4.9,105.08,3.09384,-2.79022,6.15559,5e-05,0.94803
8743.6,BTC-27SEP19,1560596342215,open,0.17,76.1,0.121,0.214,0.167696,71.09,0.2155,0.0,BTC-27SEP19-9000-P,8681.82,68.87,0.163,3.6,0.173,3.6,73.6,18.48921,-6.32663,-15.49124,0.00012,-0.45485
8743.6,BTC-27SEP19,1560596342215,open,0.0,336.8,0.0005,0.0435,0.00382607,124.04,0.0005,0.0,BTC-27SEP19-2500-P,8681.82,107.29,0.0015,1.0,0.002,10.7,111.84,1.57259,-0.9389,-0.42137,1e-05,-0.01311
8743.6,BTC-27SEP19,1560596342217,open,0.77,0.0,0.7345,0.814,0.77400612,100.4,None,0.0,BTC-27DEC19-2000-C,8681.82,0.0,0.748,1.3,0.8005,1.3,168.55,1.50936,-0.38882,10.14326,0.0,0.99129
263.78,index_price,1560596342222,open,0.02,301.0,0.001,0.06,0.020873,86.53,0.019,0,ETH-21JUN19-280-C,263.78,73.1,0.015,252.0,0.021,241.0,86.81,0.11849,-0.87246,0.01238,0.01223,0.31254
271.1,ETH-27SEP19,1560596342239,open,0.01,4106.0,0.001,0.043,0.003139,96.93,0.004,0.0,ETH-27SEP19-100-P,263.78,81.87,0.001,221.0,0.005,250.0,105.19,0.05277,-0.02462,-0.0135,0.00026,-0.01436
265.25,ETH-28JUN19,1560596342239,open,0.0,7787.0,0.001,0.04,0.00049,126.68,0.001,0.0,ETH-28JUN19-150-P,263.78,0.0,0.0,0.0,0.001,869.0,139.03,0.00841,-0.04139,-0.0006,0.00027,-0.00595
8743.6,BTC-27SEP19,1560596342246,open,0.52,0.2,0.4795,0.559,0.51929497,79.68,0.26,0.0,BTC-27SEP19-4250-C,8681.82,0.0,0.4965,1.3,0.5385,1.3,115.2,3.0044,-1.15225,11.2628,2e-05,0.97192
265.25,ETH-28JUN19,1560596342248,open,0.0,5956.0,0.001,0.04,0.000996,97.88,0.002,0.0,ETH-28JUN19-400-C,263.78,0.0,0.0,0.0,0.002,360.0,108.27,0.02002,-0.07609,0.00141,0.00082,0.01607
271.1,ETH-27SEP19,1560596342248,open,0.36,236.0,0.309,0.417,0.363345,89.83,0.38,0.0,ETH-27SEP19-340-P,263.78,66.74,0.317,36.0,0.41,36.0,112.04,0.56153,-0.24281,-0.73714,0.00299,-0.59209
265.25,ETH-28JUN19,1560596342250,open,0.0,7937.0,0.001,0.041,0.00098,86.14,0.001,0.0,ETH-28JUN19-190-P,263.78,0.0,0.0,0.0,0.002,350.0,96.77,0.02,-0.0669,-0.00159,0.00094,-0.01605
265.25,ETH-28JUN19,1560596342274,open,0.66,60.0,0.594,0.726,0.659807,116.59,0.85,0.0,ETH-28JUN19-440-P,263.78,0.0,0.574,60.0,0.744,60.0,321.76,0.01761,-0.07971,-0.15401,0.00061,-0.98616
265.25,ETH-28JUN19,1560596342274,open,0.0,1541.0,0.001,0.04,0.0,140.0,0.001,0.0,ETH-28JUN19-80-P,263.78,0.0,0.0,0.0,0.001,364.0,276.78,0.0,-2e-05,0.0,0.0,0.0
265.25,ETH-28JUN19,1560596342274,open,0.0,2027.0,0.001,0.04,1e-06,140.0,0.001,0.0,ETH-28JUN19-90-P,263.78,0.0,0.0,0.0,0.001,349.0,250.87,2e-05,-0.00013,0.0,0.0,-1e-05
265.25,ETH-28JUN19,1560596342290,open,0.05,2653.0,0.009,0.092,0.050813,81.22,0.056,0.0,ETH-28JUN19-260-P,263.78,76.02,0.047,100.0,0.054,250.0,85.56,0.19452,-0.6135,-0.04386,0.00965,-0.41788
265.25,ETH-28JUN19,1560596342323,open,0.0,4769.0,0.001,0.04,6.3e-05,140.0,0.001,0.0,ETH-28JUN19-120-P,263.78,0.0,0.0,0.0,0.001,449.0,187.91,0.0014,-0.00762,-8e-05,4e-05,-0.00082
265.25,ETH-28JUN19,1560596342323,open,0.21,771.0,0.173,0.252,0.212188,82.17,0.153,0.0,ETH-28JUN19-210-C,263.78,0.0,0.123,60.0,0.303,60.0,272.32,0.05609,-0.17897,0.06849,0.00275,0.94415
271.1,ETH-27SEP19,1560596342323,open,0.85,0.0,0.779,0.926,0.852342,118.72,None,0.0,ETH-27SEP19-480-P,263.78,0.0,0.646,12.0,0.971,12.0,178.15,0.48613,-0.27781,-1.21375,0.00196,-0.72084
8743.6,BTC-27SEP19,1560596342345,open,0.28,93.6,0.234,0.3135,0.27358583,72.72,0.273,0.0,BTC-27DEC19-7500-C,8681.82,66.48,0.258,5.0,0.3015,1.3,83.89,21.8569,-4.07825,20.3893,7e-05,0.71035
8743.6,BTC-27SEP19,1560596342347,open,0.83,0.0,0.7905,0.87,0.83044464,114.07,None,0.0,BTC-27DEC19-1500-C,8681.82,0.0,0.803,1.3,0.8565,1.3,200.03,1.03379,-0.30256,7.6504,0.0,0.99433
265.25,ETH-28JUN19,1560596342352,open,0.01,0.0,0.001,0.046,0.006433,83.28,None,0.0,ETH-28JUN19-330-C,263.78,74.63,0.004,370.0,0.009,250.0,90.81,0.08336,-0.26956,0.00817,0.00403,0.09371
8743.6,BTC-27SEP19,1560596342421,open,0.72,55.9,0.678,0.7575,0.71790331,124.04,0.689,0.0,BTC-27SEP19-2500-C,8681.82,0.0,0.692,1.3,0.736,1.3,181.17,1.57275,-0.93902,6.69335,1e-05,0.98689
8743.6,BTC-27SEP19,1560596342421,open,0.44,793.4,0.3995,0.479,0.43942165,75.42,0.361,0.0,BTC-27SEP19-5000-C,8681.82,0.0,0.417,1.3,0.458,1.3,99.86,5.25561,-1.90806,12.5582,3e-05,0.9441
8693.06,BTC-28JUN19,1560596342422,open,0.31,1689.9,0.271,0.3505,0.31061598,92.1,0.309,0.0,BTC-28JUN19-6000-C,8681.82,0.0,0.309,5.0,0.3115,7.3,103.1,0.54222,-1.93933,2.07453,2e-05,0.98712
263.78,index_price,1560596342424,open,0.0,313.0,0.001,0.04,0.000488,97.94,0.002,0,ETH-21JUN19-200-P,263.78,0.0,0.0,0.0,0.001,350.0,108.72,0.00971,-0.08093,-0.00049,0.00089,-0.01102
8681.82,index_price,1560596342463,open,0.08,5.0,0.0365,0.1225,0.07940924,72.88,0.0955,0,BTC-21JUN19-9250-P,8681.82,60.4,0.0745,6.0,0.08,6.0,74.3,3.58213,-22.21495,-1.14338,0.00041,-0.7387
8743.6,BTC-27SEP19,1560596342475,open,1.99,0.0,1.8775,2.117,1.99732192,91.32,None,0.0,BTC-27DEC19-26000-P,8681.82,0.0,1.949,1.3,2.028,1.3,110.81,10.95425,-2.56657,-135.40066,3e-05,-0.90313
8693.06,BTC-28JUN19,1560596342510,open,0.08,44.7,0.04,0.1265,0.08321061,71.29,0.0795,0.0,BTC-26JUL19-8500-P,8681.82,67.3,0.078,14.4,0.0855,14.4,73.05,11.3443,-9.89317,-4.85502,0.00019,-0.4155
8743.62,BTC-27SEP19,1560596342527,open,2.44,0.0,2.3125,2.588,2.45009081,95.37,None,0.0,BTC-27DEC19-30000-P,8681.82,0.0,2.3965,1.3,2.484,1.3,118.91,9.28902,-2.2729,-157.43256,2e-05,-0.92232
8743.61,BTC-27SEP19,1560596342528,open,0.39,231.0,0.3495,0.429,0.3891709,73.92,0.3605,0.0,BTC-27SEP19-5500-C,8681.82,0.0,0.3665,1.3,0.407,1.3,92.66,7.25242,-2.58033,13.08675,5e-05,0.91509
8743.61,BTC-27SEP19,1560596342530,open,0.78,0.0,0.713,0.855,0.78387844,78.56,None,0.0,BTC-27DEC19-15000-P,8681.82,61.26,0.7475,1.3,0.81,1.3,89.15,20.59171,-4.15077,-71.28694,6e-05,-0.74318
8743.6,BTC-27SEP19,1560596342533,open,0.01,168.7,0.0005,0.047,0.00676364,86.81,0.0095,0.0,BTC-27DEC19-3000-P,8681.82,80.37,0.0045,6.0,0.009,6.0,92.08,3.42485,-0.76282,-1.36882,1e-05,-0.02256
8743.61,BTC-27SEP19,1560596342536,open,0.67,0.0,0.624,0.7035,0.66365632,86.81,None,0.0,BTC-27DEC19-3000-C,8681.82,0.0,0.639,1.3,0.69,1.3,129.32,3.42496,-0.76286,14.6483,1e-05,0.97744
8743.6,BTC-27SEP19,1560596342548,open,1.77,0.0,1.6615,1.8825,1.77198605,89.15,None,0.0,BTC-27DEC19-24000-P,8681.82,0.0,1.726,1.3,1.801,1.3,106.57,12.04555,-2.75529,-124.24922,3e-05,-0.88959
8743.6,BTC-27SEP19,1560596342550,open,0.83,0.0,0.7905,0.87,0.83044464,114.07,None,0.0,BTC-27DEC19-1500-C,8681.82,0.0,0.8035,1.3,0.8565,1.3,200.03,1.03379,-0.30256,7.6504,0.0,0.99433
8693.08,BTC-28JUN19,1560596342551,open,0.48,216.2,0.443,0.5225,0.48260047,134.34,0.435,0.0,BTC-28JUN19-4500-C,8681.82,0.0,0.4715,6.0,0.493,6.0,242.47,0.15436,-0.80525,1.57709,0.0,0.99689
8743.6,BTC-27SEP19,1560596342564,open,1.54,0.0,1.446,1.649,1.54754343,86.75,None,0.0,BTC-27DEC19-22000-P,8681.82,0.0,1.505,1.3,1.5755,1.3,102.44,13.32596,-2.9659,-112.97938,4e-05,-0.87262
8743.61,BTC-27SEP19,1560596342569,open,1.1,0.0,1.021,1.189,1.10509403,82.07,None,0.0,BTC-27DEC19-18000-P,8681.82,56.39,1.068,1.3,1.1305,1.3,94.1,16.93584,-3.56629,-89.73079,5e-05,-0.81705
8743.62,BTC-27SEP19,1560596342572,open,0.6,261.1,0.5625,0.642,0.60248124,87.78,0.549,0.0,BTC-27SEP19-3500-C,8681.82,0.0,0.5795,1.3,0.612,1.2,117.56,1.69439,-0.71596,9.53601,1e-05,0.98571
8693.06,BTC-28JUN19,1560596342574,open,0.71,24.4,0.6725,0.752,0.71241494,161.09,0.5115,0.0,BTC-28JUN19-2500-C,8681.82,0.0,0.701,6.0,0.7235,6.0,432.22,0.00071,-0.00447,0.88186,0.0,0.99999
8743.6,BTC-27SEP19,1560596342575,open,1.77,0.0,1.6615,1.8825,1.77198605,89.15,None,0.0,BTC-27DEC19-24000-P,8681.82,0.0,1.7265,1.3,1.801,1.3,106.57,12.04555,-2.75529,-124.24922,3e-05,-0.88959
8693.08,BTC-28JUN19,1560596342577,open,0.39,0.0,0.3395,0.451,0.39524152,76.49,None,0.0,BTC-26JUL19-12000-P,8681.82,0.0,0.3775,4.9,0.4105,4.9,95.04,6.11911,-5.72535,-12.32778,9e-05,-0.87106
8743.6,BTC-27SEP19,1560596342578,open,0.52,0.2,0.4795,0.559,0.51929497,79.68,0.26,0.0,BTC-27SEP19-4250-C,8681.82,0.0,0.4965,1.3,0.538,1.3,114.5,3.0044,-1.15225,11.2628,2e-05,0.97192
8693.06,BTC-28JUN19,1560596342579,open,0.0,94.5,0.0005,0.04,1.86e-06,135.0,0.0005,0.0,BTC-28JUN19-3250-P,8681.82,0.0,0.0,0.0,0.0005,12.0,210.8,0.00212,-0.01113,-0.0001,0.0,-3e-05
8743.61,BTC-27SEP19,1560596342580,open,0.58,0.5,0.5175,0.6435,0.58053061,76.5,0.584,0.0,BTC-27DEC19-13000-P,8681.82,62.46,0.545,3.6,0.6065,3.6,86.05,23.23682,-4.56107,-58.21062,7e-05,-0.66641
8743.6,BTC-27SEP19,1560596342592,open,0.0,47.1,0.0005,0.0415,0.00176778,87.98,0.003,0.0,BTC-27SEP19-3250-P,8681.82,74.63,0.0005,100.6,0.003,13.3,95.53,1.19484,-0.50598,-0.28178,1e-05,-0.00956
8743.6,BTC-27SEP19,1560596342592,open,0.34,63.1,0.299,0.3785,0.33871406,73.18,0.311,0.0,BTC-27DEC19-6500-C,8681.82,62.51,0.317,1.3,0.364,1.3,85.15,18.18213,-3.41379,21.27418,6e-05,0.79443
8743.6,BTC-27SEP19,1560596342594,open,0.72,55.9,0.678,0.7575,0.71790331,124.04,0.689,0.0,BTC-27SEP19-2500-C,8681.82,0.0,0.692,1.3,0.7355,1.3,180.02,1.57275,-0.93902,6.69335,1e-05,0.98689
263.78,index_price,1560596342594,open,0.01,1555.0,0.001,0.052,0.012351,86.53,0.012,0,ETH-21JUN19-290-C,263.78,73.84,0.008,214.0,0.013,250.0,88.29,0.09631,-0.70915,0.00837,0.00994,0.20946
8743.61,BTC-27SEP19,1560596342596,open,0.58,0.0,0.534,0.6135,0.5736519,80.53,None,0.0,BTC-27SEP19-3750-C,8681.82,0.0,0.5515,1.3,0.5935,1.3,128.28,1.70837,-0.66219,10.25001,1e-05,0.98557
8743.61,BTC-27SEP19,1560596342599,open,0.47,13.5,0.426,0.5055,0.46566833,76.78,0.382,0.0,BTC-27SEP19-4750-C,8681.82,0.0,0.443,1.3,0.484,1.3,103.85,4.42834,-1.63666,12.17406,3e-05,0.95491
8743.6,BTC-27SEP19,1560596342600,open,0.61,4.0,0.571,0.6505,0.61070249,83.62,0.59,0.0,BTC-27DEC19-3500-C,8681.82,0.0,0.586,1.3,0.6365,1.3,116.74,5.00881,-1.07469,16.51038,1e-05,0.96438
8743.61,BTC-27SEP19,1560596342602,open,0.63,0.0,0.5905,0.67,0.63006777,87.98,None,0.0,BTC-27SEP19-3250-C,8681.82,0.0,0.6075,1.3,0.65,1.3,145.74,1.19521,-0.50617,8.96732,1e-05,0.99044
8743.61,BTC-27SEP19,1560596342605,open,2.22,0.0,2.0945,2.352,2.22342412,93.39,None,0.0,BTC-27DEC19-28000-P,8681.82,0.0,2.1725,1.3,2.2555,1.3,114.79,10.04693,-2.40727,-146.45359,3e-05,-0.9138
263.78,index_price,1560596342762,open,0.0,108.0,0.001,0.041,0.00098,91.71,0.003,0,ETH-21JUN19-210-P,263.78,0.0,0.0,0.0,0.002,380.0,103.93,0.01744,-0.13607,-0.00097,0.0017,-0.02181
263.78,index_price,1560596342768,open,0.11,0.0,0.068,0.156,0.111752,86.53,None,0,ETH-21JUN19-290-P,263.78,0.0,0.085,60.0,0.125,1.0,119.27,0.09631,-0.70915,-0.03831,0.00994,-0.79054
8681.82,index_price,1560596342783,open,0.0,208.0,0.0005,0.043,0.00324456,75.84,0.004,0,BTC-21JUN19-10000-C,8681.82,71.54,0.0025,7.6,0.004,0.2,79.73,1.60148,-10.33577,0.10403,0.00017,0.07768
265.25,ETH-28JUN19,1560596342793,open,0.07,36.0,0.026,0.105,0.065243,84.39,0.072,0.0,ETH-26JUL19-300-C,263.78,81.06,0.061,161.0,0.068,250.0,86.54,0.33907,-0.35001,0.09472,0.0051,0.3841
265.25,ETH-28JUN19,1560596342795,open,0.81,120.0,0.739,0.883,0.810607,133.2,1.018,0.0,ETH-28JUN19-480-P,263.78,0.0,0.724,60.0,0.895,60.0,349.71,0.01597,-0.08259,-0.16826,0.00048,-0.98764
263.78,index_price,1560596342992,open,0.01,1273.0,0.001,0.046,0.006948,86.53,0.008,0,ETH-21JUN19-300-C,263.78,74.4,0.004,171.0,0.008,250.0,90.3,0.07154,-0.52678,0.00531,0.00738,0.13198
263.78,index_price,1560596343095,open,0.32,0.0,0.279,0.358,0.3181,130.48,None,0,ETH-21JUN19-180-C,263.78,0.0,0.241,60.0,0.4,61.0,489.99,0.00766,-0.08501,0.0286,0.00052,0.9916
8693.06,BTC-28JUN19,1560596343157,open,0.04,29.0,0.0005,0.0775,0.0361131,71.29,0.044,0.0,BTC-26JUL19-7500-P,8681.82,68.71,0.0335,12.5,0.0375,19.3,72.65,8.83873,-7.70814,-2.59307,0.00015,-0.23025
263.78,index_price,1560596343173,open,0.14,0.0,0.099,0.19,0.144259,86.53,None,0,ETH-21JUN19-300-P,263.78,0.0,0.045,60.0,0.231,1.0,284.06,0.07154,-0.52678,-0.04298,0.00738,-0.86802
263.78,index_price,1560596343184,open,0.0,4.0,0.001,0.04,0.000487,130.48,0.001,0,ETH-21JUN19-180-P,263.78,0.0,0.0,0.0,0.001,350.0,144.1,0.00766,-0.08501,-0.00038,0.00052,-0.0084
265.25,ETH-28JUN19,1560596343204,open,0.05,328.0,0.007,0.086,0.046789,84.39,0.047,0.0,ETH-26JUL19-320-C,263.78,79.35,0.041,150.0,0.051,250.0,87.98,0.30881,-0.31878,0.07533,0.00464,0.3004
271.1,ETH-27SEP19,1560596343224,open,0.0,1744.0,0.001,0.041,0.001538,105.08,0.002,0.0,ETH-27SEP19-80-P,263.78,99.14,0.001,120.0,0.003,250.0,116.25,0.02817,-0.01425,-0.00658,0.00013,-0.007
8693.06,BTC-28JUN19,1560596343241,open,0.45,0.0,0.3915,0.507,0.44935471,77.67,None,0.0,BTC-26JUL19-12500-P,8681.82,0.0,0.431,4.9,0.465,4.9,98.83,5.19815,-4.93857,-13.11189,8e-05,-0.8975
265.25,ETH-28JUN19,1560596343281,open,0.0,270.0,0.001,0.043,0.003779,87.11,0.003,0.0,ETH-26JUL19-160-P,263.78,77.85,0.002,120.0,0.006,310.0,95.62,0.06051,-0.06448,-0.01005,0.00088,-0.03007
8693.06,BTC-28JUN19,1560596343286,open,0.27,0.0,0.224,0.3035,0.26398135,72.41,None,0.0,BTC-26JUL19-6500-C,8681.82,0.0,0.2515,5.0,0.2795,4.9,95.73,4.85066,-4.29651,6.2573,8e-05,0.90673
8743.59,BTC-27SEP19,1560596343420,open,1.29,0.0,1.2045,1.3875,1.29598302,84.27,None,0.0,BTC-27SEP19-20000-P,8681.73,0.0,1.2715,1.3,1.328,1.3,117.99,5.04525,-2.04658,-55.81109,3e-05,-0.94692
8743.59,BTC-27SEP19,1560596343420,open,1.52,0.0,1.4215,1.623,1.52229071,86.65,None,0.0,BTC-27SEP19-22000-P,8681.73,0.0,1.4965,1.3,1.5565,1.3,126.39,3.92034,-1.6352,-61.7981,2e-05,-0.96121
8693.06,BTC-28JUN19,1560596343420,open,0.02,255.1,0.0005,0.063,0.02312255,74.24,0.021,0.0,BTC-28JUN19-9500-C,8681.73,70.88,0.021,5.4,0.0245,0.1,76.38,5.54665,-15.99009,0.80424,0.00028,0.28538
8681.73,index_price,1560596343419,open,0.02,224.9,0.0005,0.0605,0.02090957,70.52,0.019,0,BTC-21JUN19-9000-C,8681.73,67.54,0.0195,8.2,0.0215,0.3,71.77,4.12217,-24.73857,0.47433,0.00048,0.36031
8692.97,BTC-28JUN19,1560596343419,open,0.34,0.0,0.289,0.396,0.3425184,75.58,None,0.0,BTC-26JUL19-11500-P,8681.73,44.87,0.325,4.9,0.3575,4.9,91.86,7.18071,-6.63885,-11.47716,0.00011,-0.83643
8743.59,BTC-27SEP19,1560596343423,open,0.55,231.5,0.5065,0.586,0.54639289,80.53,0.5145,0.0,BTC-27SEP19-4000-C,8681.73,0.0,0.524,1.3,0.566,1.3,121.58,2.34581,-0.90928,10.76685,1e-05,0.97908
8692.97,BTC-28JUN19,1560596343419,open,0.06,6.8,0.0225,0.102,0.06222224,73.24,0.0535,0.0,BTC-26JUL19-9500-C,8681.73,72.29,0.061,0.1,0.063,8.7,73.83,11.27686,-10.10218,3.33973,0.00018,0.40528
8743.59,BTC-27SEP19,1560596343424,open,0.77,28.2,0.7335,0.813,0.77306931,129.1,0.755,0.0,BTC-27SEP19-2000-C,8681.73,0.0,0.7485,1.3,0.793,1.3,211.69,0.84602,-0.52573,5.48622,0.0,0.99355
8692.97,BTC-28JUN19,1560596343424,open,0.72,4.4,0.657,0.795,0.72601094,113.88,0.8465,0.0,BTC-28JUN19-15000-P,8681.73,0.0,0.713,6.0,0.7375,6.0,187.48,0.32902,-1.45507,-5.27055,1e-05,-0.99273
8743.59,BTC-27SEP19,1560596343419,open,3.12,0.0,2.967,3.297,3.13195197,100.6,None,0.0,BTC-27DEC19-36000-P,8681.73,0.0,3.07,1.3,3.1705,1.3,129.94,7.57654,-1.95566,-190.1051,2e-05,-0.94034
8681.73,index_price,1560596343419,open,0.02,53.2,0.0005,0.056,0.0155758,70.86,0.016,0,BTC-21JUN19-8250-P,8681.73,68.28,0.0145,7.1,0.017,24.0,74.23,3.64328,-21.96946,-0.39936,0.00042,-0.27017
8681.73,index_price,1560596343419,open,0.0,133.5,0.0005,0.041,0.00132063,80.0,0.001,0,BTC-21JUN19-10500-C,8681.73,68.83,0.0005,118.2,0.002,17.0,86.21,0.83472,-5.68265,0.04592,9e-05,0.03418
8743.5,BTC-27SEP19,1560596343423,open,0.08,112.3,0.039,0.125,0.08211347,73.18,0.0825,0.0,BTC-27DEC19-6500-P,8681.73,71.43,0.0785,12.9,0.085,4.9,74.56,18.18211,-3.41368,-13.42965,6e-05,-0.20557
8692.97,BTC-28JUN19,1560596343420,open,0.01,26.0,0.0005,0.052,0.01170265,72.41,0.0145,0.0,BTC-26JUL19-6500-P,8681.73,70.2,0.0105,7.4,0.013,24.0,74.68,4.85043,-4.29602,-1.02186,8e-05,-0.09326
8692.97,BTC-28JUN19,1560596343420,open,0.22,6.8,0.176,0.2555,0.21594096,71.41,0.187,0.0,BTC-26JUL19-7000-C,8681.73,56.74,0.2055,5.0,0.2315,4.9,89.58,6.85664,-5.98902,6.14865,0.00011,0.84754
8681.73,index_price,1560596343419,open,0.09,120.0,0.0475,0.127,0.08719795,71.37,0.0865,0,BTC-21JUN19-8000-C,8681.73,69.18,0.0865,7.6,0.0905,11.6,81.1,2.80262,-17.02023,1.03609,0.00032,0.82855
8681.73,index_price,1560596343420,open,0.07,0.7,0.0255,0.105,0.06531422,70.89,0.0745,0,BTC-21JUN19-8250-C,8681.73,70.14,0.065,5.8,0.0675,0.1,76.04,3.64367,-21.97907,0.92862,0.00042,0.72977
8681.73,index_price,1560596343420,open,0.21,2.1,0.1625,0.259,0.21074446,79.87,0.2735,0,BTC-21JUN19-10500-P,8681.73,0.0,0.1995,6.0,0.218,6.0,120.36,0.82994,-5.64086,-1.64466,9e-05,-0.96606
8681.73,index_price,1560596343420,open,0.14,17.6,0.0985,0.178,0.13823188,73.14,0.12,0,BTC-21JUN19-7500-C,8681.73,0.0,0.133,12.0,0.145,12.0,106.43,1.17693,-7.32473,1.13133,0.00013,0.94773
8743.5,BTC-27SEP19,1560596343419,open,2.67,0.0,2.5305,2.824,2.67715549,97.22,None,0.0,BTC-27DEC19-32000-P,8681.73,0.0,2.6205,1.3,2.7125,1.3,122.65,8.63655,-2.15434,-168.36049,2e-05,-0.92938
8743.59,BTC-27SEP19,1560596343468,open,0.19,907.8,0.151,0.2305,0.19082003,71.3,0.193,0.0,BTC-27SEP19-8000-C,8681.73,68.82,0.186,5.0,0.193,3.6,72.42,17.00984,-5.8379,11.7784,0.00011,0.66416
271.1,ETH-27SEP19,1560596343498,open,0.98,12.0,0.906,1.064,0.985142,118.72,1.193,0.0,ETH-27SEP19-520-P,263.78,0.0,0.785,12.0,1.108,12.0,182.4,0.44787,-0.25595,-1.34772,0.0018,-0.76168
265.25,ETH-28JUN19,1560596343598,open,0.03,1281.0,0.001,0.073,0.033794,85.02,0.04,0.0,ETH-26JUL19-340-C,263.78,80.22,0.029,160.0,0.038,250.0,89.06,0.27121,-0.28204,0.05905,0.00405,0.23257
265.25,ETH-28JUN19,1560596343672,open,0.01,390.0,0.001,0.049,0.008922,84.23,0.009,0.0,ETH-26JUL19-180-P,263.78,76.66,0.006,370.0,0.013,350.0,93.05,0.11215,-0.11556,-0.02187,0.00169,-0.06471
271.1,ETH-27SEP19,1560596343733,open,1.25,27.0,1.169,1.349,1.258851,118.72,1.519,0.0,ETH-27SEP19-600-P,263.78,0.0,1.069,12.0,1.389,12.0,191.33,0.37173,-0.21243,-1.60836,0.0015,-0.82579
8743.59,BTC-27SEP19,1560596343820,open,0.63,0.0,0.567,0.697,0.63207664,76.13,None,0.0,BTC-27SEP19-14000-P,8681.73,57.39,0.6115,1.3,0.6575,1.3,92.89,11.78192,-4.31722,-36.39361,7e-05,-0.83049
8743.59,BTC-27SEP19,1560596343821,open,3.12,0.0,2.967,3.297,3.13195197,100.6,None,0.0,BTC-27DEC19-36000-P,8681.73,0.0,3.07,1.3,3.17,1.3,129.65,7.57654,-1.95566,-190.1051,2e-05,-0.94034
8681.73,index_price,1560596343823,open,0.1,0.2,0.059,0.147,0.10309846,74.05,0.174,0,BTC-21JUN19-9500-P,8681.73,0.0,0.091,6.0,0.1105,6.0,94.12,2.89999,-18.27364,-1.28876,0.00032,-0.81904
8692.97,BTC-28JUN19,1560596343824,open,0.2,0.0,0.1495,0.2445,0.1969178,73.5,None,0.0,BTC-26JUL19-10000-P,8681.73,55.75,0.1765,14.4,0.213,14.4,86.51,10.50459,-9.44462,-8.46261,0.00017,-0.67237
8743.59,BTC-27SEP19,1560596343867,open,0.74,0.0,0.67,0.809,0.73951465,77.47,None,0.0,BTC-27SEP19-15000-P,8681.73,50.53,0.7185,1.3,0.766,1.3,96.73,10.16825,-3.79152,-39.90609,6e-05,-0.8642
8743.59,BTC-27SEP19,1560596343868,open,2.44,0.0,2.3125,2.588,2.45009852,95.37,None,0.0,BTC-27DEC19-30000-P,8681.73,0.0,2.3965,1.3,2.4835,1.3,118.62,9.29104,-2.27357,-157.43186,2e-05,-0.92229
8692.97,BTC-28JUN19,1560596343870,open,0.1,662.9,0.0625,0.142,0.10227918,74.03,0.101,0.0,BTC-28JUN19-8000-C,8681.73,70.2,0.1,13.7,0.104,6.0,76.88,5.21457,-14.9912,1.97891,0.00026,0.74761
263.78,index_price,1560596343976,open,0.21,0.0,0.167,0.263,0.215383,89.3,None,0,ETH-21JUN19-320-P,263.78,0.0,0.124,60.0,0.294,1.0,299.33,0.03431,-0.26069,-0.0495,0.00343,-0.95038
265.25,ETH-28JUN19,1560596344050,open,0.02,403.0,0.001,0.06,0.019599,83.36,0.022,0.0,ETH-26JUL19-200-P,263.78,77.95,0.016,244.0,0.024,344.0,89.54,0.18246,-0.18606,-0.04288,0.00278,-0.12474
265.25,ETH-28JUN19,1560596344285,open,0.12,0.0,0.076,0.165,0.120748,81.08,None,0.0,ETH-28JUN19-290-P,263.78,72.16,0.115,100.0,0.128,250.0,91.88,0.17454,-0.54955,-0.07632,0.00867,-0.69486
8692.97,BTC-28JUN19,1560596344418,open,0.21,0.0,0.1665,0.2635,0.2150565,77.15,None,0.0,BTC-28JUN19-10500-P,8681.68,0.0,0.2035,6.0,0.226,6.0,102.32,3.05323,-9.14677,-3.39125,0.00015,-0.89084
8743.5,BTC-27SEP19,1560596344418,open,1.74,0.0,1.64,1.8595,1.7497114,89.54,None,0.0,BTC-27SEP19-24000-P,8681.68,0.0,1.7225,1.3,1.786,1.3,134.6,3.20817,-1.38272,-67.66537,2e-05,-0.96961
8692.97,BTC-28JUN19,1560596344419,open,0.63,0.1,0.5865,0.666,0.62614041,144.37,0.395,0.0,BTC-28JUN19-3250-C,8681.68,0.0,0.615,6.0,0.6375,6.0,349.64,0.00546,-0.03063,1.14619,0.0,0.99992
8743.5,BTC-27SEP19,1560596344419,open,0.03,305.5,0.0005,0.0685,0.02745297,72.24,0.0325,0.0,BTC-27SEP19-6000-P,8681.68,70.4,0.0255,11.6,0.0295,6.0,74.12,9.38748,-3.26412,-3.69494,6e-05,-0.12104
8692.97,BTC-28JUN19,1560596344419,open,0.46,97.0,0.414,0.4935,0.45395184,129.3,0.1965,0.0,BTC-28JUN19-4750-C,8681.68,0.0,0.443,6.0,0.4645,6.0,226.9,0.21604,-1.08475,1.66059,1e-05,0.99547
8692.97,BTC-28JUN19,1560596344419,open,0.49,0.8,0.4365,0.556,0.49619456,92.41,2.171,0.0,BTC-28JUN19-13000-P,8681.68,0.0,0.484,6.0,0.5075,6.0,150.79,0.5396,-1.93633,-4.54883,2e-05,-0.98719
8692.97,BTC-28JUN19,1560596344419,open,0.0,685.1,0.0005,0.04,1e-08,135.0,0.001,0.0,BTC-28JUN19-2500-P,8681.68,0.0,0.0,0.0,0.0005,12.0,264.1,2e-05,-0.0001,0.0,0.0,0.0
8743.5,BTC-27SEP19,1560596344419,open,0.01,201.7,0.0005,0.0445,0.00484344,89.62,0.004,0.0,BTC-27SEP19-24000-C,8681.68,83.81,0.003,1.0,0.0065,13.7,93.7,3.22032,-1.38914,0.63921,2e-05,0.03053
8743.5,BTC-27SEP19,1560596344419,open,0.85,0.0,0.7755,0.9225,0.84897081,78.95,None,0.0,BTC-27SEP19-16000-P,8681.68,0.0,0.827,1.3,0.8765,1.3,100.85,8.79622,-3.34274,-43.26008,5e-05,-0.88955
8692.97,BTC-28JUN19,1560596344419,open,0.2,844.8,0.159,0.2385,0.19896181,78.76,0.2,0.0,BTC-28JUN19-7000-C,8681.68,68.83,0.197,7.6,0.2005,8.3,84.95,1.99536,-6.10283,2.26628,0.0001,0.938
8743.5,BTC-27SEP19,1560596344419,open,0.83,42.8,0.7895,0.869,0.82911026,135.02,0.815,0.0,BTC-27SEP19-1500-C,8681.68,0.0,0.8055,1.3,0.851,1.3,256.56,0.36151,-0.23495,4.19017,0.0,0.9975
8743.5,BTC-27SEP19,1560596344419,open,0.01,259.9,0.0005,0.0485,0.00859816,84.28,0.007,0.0,BTC-27SEP19-20000-C,8681.68,80.34,0.0065,6.0,0.0105,13.8,87.39,5.04694,-2.0475,1.10754,3e-05,0.05311
8692.97,BTC-28JUN19,1560596344419,open,0.01,583.3,0.0005,0.05,0.00964757,74.3,0.0095,0.0,BTC-28JUN19-7500-P,8681.68,71.34,0.0085,13.2,0.011,30.0,77.63,3.44942,-9.95259,-0.42748,0.00017,-0.12976
8743.5,BTC-27SEP19,1560596344419,open,0.01,228.6,0.0005,0.052,0.01240961,81.61,0.0125,0.0,BTC-27SEP19-18000-C,8681.68,78.22,0.01,6.0,0.0145,13.5,84.27,6.59041,-2.58889,1.55289,4e-05,0.07482
8743.5,BTC-27SEP19,1560596344420,open,0.11,226.4,0.062,0.15,0.10577519,71.3,0.101,0.0,BTC-27SEP19-8000-P,8681.68,68.59,0.1005,17.2,0.109,4.9,72.96,17.00984,-5.83768,-10.98897,0.00011,-0.33585
8743.5,BTC-27SEP19,1560596344419,open,0.66,226.1,0.619,0.6985,0.65868242,94.83,0.585,0.0,BTC-27SEP19-3000-C,8681.68,0.0,0.6355,1.3,0.6785,1.3,156.08,1.12866,-0.51516,8.27028,1e-05,0.99105
8692.97,BTC-28JUN19,1560596344420,open,0.0,884.7,0.0005,0.0405,0.0005053,104.18,0.0005,0.0,BTC-28JUN19-5500-P,8681.68,0.0,0.0,0.0,0.0005,7.8,104.04,0.33406,-1.35147,-0.02424,1e-05,-0.0074
8743.5,BTC-27SEP19,1560596344419,open,0.04,177.4,0.0015,0.081,0.04108597,75.18,0.045,0.0,BTC-27SEP19-13000-C,8681.68,73.51,0.0385,0.1,0.043,4.9,76.4,13.63746,-4.93521,4.33331,8e-05,0.21523
8743.5,BTC-27SEP19,1560596344419,open,0.0,75.8,0.0005,0.0425,0.00253652,80.52,0.005,0.0,BTC-27SEP19-3750-P,8681.68,64.44,0.0005,114.4,0.004,6.0,87.0,1.70816,-0.66207,-0.42209,1e-05,-0.01443
8743.5,BTC-27SEP19,1560596344419,open,0.01,386.5,0.0005,0.044,0.00386986,80.52,0.0055,0.0,BTC-27SEP19-4000-P,8681.68,74.74,0.0025,8.1,0.005,6.0,84.43,2.34545,-0.90908,-0.61667,1e-05,-0.02091
8743.5,BTC-27SEP19,1560596344419,open,0.08,574.1,0.0365,0.116,0.07606289,73.95,0.0725,0.0,BTC-27SEP19-11000-C,8681.68,73.41,0.075,1.0,0.077,4.9,74.43,17.28118,-6.15158,6.82237,0.00011,0.35024
8692.97,BTC-28JUN19,1560596344420,open,0.0,133.4,0.0005,0.04,1.981e-05,135.0,0.0005,0.0,BTC-28JUN19-3750-P,8681.68,0.0,0.0,0.0,0.0005,12.0,181.85,0.01739,-0.09115,-0.00094,0.0,-0.00029
8743.5,BTC-27SEP19,1560596344419,open,0.0,1642.1,0.0005,0.0405,0.00066451,134.98,0.0005,0.0,BTC-27SEP19-1500-P,8681.68,130.59,0.0005,1.0,0.001,13.0,141.99,0.36084,-0.23444,-0.07852,0.0,-0.00249
8681.68,index_price,1560596344418,open,0.25,6.1,0.212,0.2915,0.2516309,96.98,0.204,0,BTC-21JUN19-6500-C,8681.68,0.0,0.2435,6.0,0.261,6.0,180.53,0.23879,-1.97077,1.03485,2e-05,0.9921
8692.97,BTC-28JUN19,1560596344420,open,0.07,109.6,0.0325,0.118,0.07504465,72.99,0.073,0.0,BTC-28JUN19-9000-P,8681.68,70.21,0.073,4.5,0.077,1.0,75.64,6.40346,-18.15072,-1.98799,0.00033,-0.57324
8743.5,BTC-27SEP19,1560596344420,open,0.33,3.2,0.281,0.387,0.33412737,73.95,0.481,0.0,BTC-27SEP19-11000-P,8681.68,60.53,0.3085,3.6,0.3575,3.6,85.54,17.28072,-6.15087,-24.48295,0.00011,-0.64979
8692.97,BTC-28JUN19,1560596344420,open,0.0,402.3,0.0005,0.04,6.56e-06,135.0,0.0005,0.0,BTC-28JUN19-3500-P,8681.68,0.0,0.0,0.0,0.0005,12.0,195.8,0.00657,-0.03442,-0.00033,0.0,-0.0001
8743.5,BTC-27SEP19,1560596344420,open,0.0,420.5,0.0005,0.0415,0.00180767,129.09,0.0005,0.0,BTC-27SEP19-2000-P,8681.68,119.08,0.001,1.0,0.0015,12.0,125.72,0.84582,-0.52558,-0.20554,0.0,-0.00645
8692.97,BTC-28JUN19,1560596344420,open,0.0,1046.7,0.0005,0.044,0.00420254,78.73,0.004,0.0,BTC-28JUN19-7000-P,8681.68,75.52,0.0035,1.0,0.005,30.0,82.06,1.99355,-6.09471,-0.20278,9e-05,-0.06193
8743.5,BTC-27SEP19,1560596344420,open,0.24,5.7,0.1945,0.2935,0.24421178,71.71,0.334,0.0,BTC-27SEP19-10000-P,8681.68,69.7,0.24,3.6,0.2505,3.6,74.69,18.37234,-6.34133,-20.09745,0.00012,-0.56346
8692.97,BTC-28JUN19,1560596344420,open,0.0,266.4,0.0005,0.04,0.00012434,135.0,0.0005,0.0,BTC-28JUN19-4250-P,8681.68,0.0,0.0,0.0,0.0005,15.0,156.53,0.08421,-0.44144,-0.00527,0.0,-0.00159
8692.97,BTC-28JUN19,1560596344420,open,0.6,143.0,0.5575,0.637,0.59738237,135.0,0.55,0.0,BTC-28JUN19-3500-C,8681.68,0.0,0.5865,6.0,0.6085,6.0,324.36,0.00657,-0.03442,1.23432,0.0,0.9999
8692.97,BTC-28JUN19,1560596344420,open,0.04,1062.9,0.0005,0.0795,0.03972531,72.99,0.0375,0.0,BTC-28JUN19-9000-C,8681.68,70.65,0.038,5.4,0.041,0.2,74.72,6.40346,-18.15072,1.18684,0.00033,0.42676
8692.97,BTC-28JUN19,1560596344420,open,0.11,23.1,0.0715,0.1605,0.11595652,74.24,0.1185,0.0,BTC-28JUN19-9500-P,8681.68,71.94,0.1145,5.0,0.1195,0.4,79.71,5.54634,-15.98905,-2.54705,0.00028,-0.71464
8743.5,BTC-27SEP19,1560596344420,open,0.14,432.7,0.0985,0.178,0.13837319,71.09,0.1355,0.0,BTC-27SEP19-9000-C,8681.68,68.79,0.1335,10.0,0.142,3.6,72.81,18.48903,-6.32683,10.1216,0.00012,0.54514
8692.97,BTC-28JUN19,1560596344420,open,0.0,1103.9,0.0005,0.0415,0.00176605,84.19,0.002,0.0,BTC-28JUN19-6500-P,8681.68,76.63,0.001,19.0,0.0025,40.9,89.73,1.03588,-3.38655,-0.08999,5e-05,-0.02758
8743.5,BTC-27SEP19,1560596344419,open,0.38,122.6,0.3365,0.416,0.37632397,73.71,0.41,0.0,BTC-27DEC19-6000-C,8681.68,61.21,0.3545,1.3,0.402,1.3,87.36,15.94674,-3.01585,21.34598,5e-05,0.83359
8692.97,BTC-28JUN19,1560596344420,open,0.0,793.3,0.0005,0.04,0.00049847,114.4,0.0005,0.0,BTC-28JUN19-15000-C,8681.68,0.0,0.0,0.0,0.001,42.0,124.27,0.33876,-1.50488,0.02152,1e-05,0.00752
8743.5,BTC-27SEP19,1560596344421,open,0.01,266.9,0.0005,0.049,0.00892237,76.78,0.01,0.0,BTC-27SEP19-4750-P,8681.68,74.91,0.008,5.0,0.01,6.0,78.85,4.42825,-1.63658,-1.34397,3e-05,-0.04509
8681.68,index_price,1560596344419,open,0.02,9.6,0.0005,0.0535,0.01396176,72.88,0.018,0,BTC-21JUN19-9250-C,8681.68,68.05,0.012,7.3,0.0155,24.1,76.57,3.58174,-22.21352,0.3456,0.00041,0.26125
8692.97,BTC-28JUN19,1560596344421,open,0.0,1865.5,0.0005,0.0405,0.00082028,92.08,0.0005,0.0,BTC-28JUN19-6000-P,8681.68,86.07,0.0005,1.6,0.001,10.7,94.78,0.54159,-1.93656,-0.04196,2e-05,-0.01286
8743.5,BTC-27SEP19,1560596344421,open,0.03,200.9,0.0005,0.0705,0.03090704,76.13,0.0355,0.0,BTC-27SEP19-14000-C,8681.68,74.31,0.0285,10.0,0.0335,4.9,78.02,11.78224,-4.31753,3.44924,7e-05,0.16952
8692.97,BTC-28JUN19,1560596344421,open,0.77,20.1,0.73,0.8095,0.76992903,135.0,0.578,0.0,BTC-28JUN19-2000-C,8681.68,0.0,0.7585,6.0,0.7815,6.0,500.0,0.0,0.0,0.70552,0.0,1.0
8692.97,BTC-28JUN19,1560596344421,open,0.61,2.2,0.547,0.6755,0.61106407,103.4,0.777,0.0,BTC-28JUN19-14000-P,8681.68,0.0,0.5985,6.0,0.6225,6.0,170.11,0.40535,-1.62765,-4.91209,1e-05,-0.99078
8692.97,BTC-28JUN19,1560596344421,open,0.37,148.2,0.328,0.4075,0.36781014,104.18,0.36,0.0,BTC-28JUN19-5500-C,8681.68,0.0,0.365,0.4,0.371,0.4,141.95,0.33406,-1.35147,1.91594,1e-05,0.9926
8692.97,BTC-28JUN19,1560596344421,open,0.02,891.2,0.0005,0.063,0.0225556,74.02,0.022,0.0,BTC-28JUN19-8000-P,8681.68,72.25,0.0215,0.8,0.0235,24.0,75.59,5.21426,-14.9878,-0.84305,0.00026,-0.25237
8743.5,BTC-27SEP19,1560596344421,open,0.03,131.0,0.0005,0.0635,0.02397585,77.47,0.026,0.0,BTC-27SEP19-15000-C,8681.68,75.29,0.0215,6.0,0.0265,6.0,79.59,10.16878,-3.79192,2.78274,6e-05,0.13581
8743.5,BTC-27SEP19,1560596344421,open,0.0,428.9,0.0005,0.0425,0.00277315,87.77,0.003,0.0,BTC-27SEP19-3500-P,8681.68,83.37,0.002,1.0,0.0035,12.6,91.26,1.69357,-0.71551,-0.42442,1e-05,-0.01428
8743.5,BTC-27SEP19,1560596344421,open,0.01,228.5,0.0005,0.0475,0.00725601,78.87,0.007,0.0,BTC-27SEP19-4500-P,8681.68,77.06,0.0065,3.0,0.008,6.0,80.56,3.7553,-1.42562,-1.09624,2e-05,-0.0368
8743.5,BTC-27SEP19,1560596344421,open,0.1,956.5,0.061,0.1405,0.10051679,71.71,0.104,0.0,BTC-27SEP19-10000-C,8681.68,69.32,0.0955,10.0,0.104,3.6,73.37,18.37247,-6.34187,8.36177,0.00012,0.43656
8692.92,BTC-28JUN19,1560596344422,open,0.0,318.6,0.0005,0.04,0.00036477,129.07,0.0015,0.0,BTC-28JUN19-4750-P,8681.68,0.0,0.0,0.0,0.0005,12.0,133.97,0.2137,-1.07113,-0.01483,1e-05,-0.00447
8692.92,BTC-28JUN19,1560596344422,open,0.0,792.6,0.0005,0.044,0.00401511,79.07,0.0035,0.0,BTC-28JUN19-11000-C,8681.68,71.93,0.0025,39.0,0.0055,40.0,84.77,2.081,-6.39012,0.18836,0.0001,0.06544
8743.5,BTC-27SEP19,1560596344421,open,0.01,384.1,0.0005,0.0515,0.0112674,75.42,0.015,0.0,BTC-27SEP19-5000-P,8681.68,73.25,0.01,2.0,0.0125,6.0,77.42,5.25538,-1.9079,-1.67124,3e-05,-0.0559
8692.92,BTC-28JUN19,1560596344421,open,0.57,30.0,0.529,0.6085,0.56863675,136.18,0.298,0.0,BTC-28JUN19-3750-C,8681.68,0.0,0.558,6.0,0.5795,6.0,301.0,0.01912,-0.1011,1.3218,0.0,0.99968
8743.5,BTC-27SEP19,1560596344419,open,0.23,15.1,0.1785,0.2765,0.22756979,72.72,0.2735,0.0,BTC-27DEC19-9000-P,8681.68,70.07,0.22,3.6,0.2315,3.6,74.1,24.92499,-4.6507,-30.05886,8e-05,-0.41634
8692.92,BTC-28JUN19,1560596344422,open,0.0,278.7,0.0005,0.04,0.00025363,134.2,0.0005,0.0,BTC-28JUN19-4500-P,8681.68,0.0,0.0,0.0,0.0005,12.0,144.95,0.15334,-0.7991,-0.01025,0.0,-0.00309
8743.5,BTC-27SEP19,1560596344422,open,0.06,162.8,0.0165,0.1005,0.05835263,71.35,0.0585,0.0,BTC-27SEP19-7000-P,8681.68,69.53,0.0555,12.2,0.0605,4.9,72.7,13.78494,-4.73398,-6.90834,9e-05,-0.21928
8743.5,BTC-27SEP19,1560596344420,open,0.46,58.5,0.422,0.5015,0.46187393,76.0,0.4475,0.0,BTC-27DEC19-5000-C,8681.68,54.56,0.439,1.3,0.488,1.3,94.67,11.17621,-2.17931,20.47313,4e-05,0.90044
8743.5,BTC-27SEP19,1560596344419,open,0.56,27.1,0.519,0.5985,0.55856061,79.91,0.542,0.0,BTC-27DEC19-4000-C,8681.68,0.0,0.535,1.3,0.585,1.3,107.47,6.73714,-1.38126,18.20717,2e-05,0.94859
8692.92,BTC-28JUN19,1560596344422,open,0.38,13.4,0.327,0.437,0.3818996,84.63,0.506,0.0,BTC-28JUN19-12000-P,8681.68,0.0,0.37,6.0,0.393,6.0,130.35,0.97529,-3.20523,-4.15891,4e-05,-0.97434
8743.5,BTC-27SEP19,1560596344422,open,0.02,300.5,0.0005,0.0585,0.01820196,73.91,0.0185,0.0,BTC-27SEP19-5500-P,8681.68,72.44,0.017,1.0,0.0195,6.0,75.46,7.25239,-2.58025,-2.56573,5e-05,-0.08491
8743.5,BTC-27SEP19,1560596344420,open,0.13,82.7,0.0865,0.1765,0.13135988,72.72,0.132,0.0,BTC-27DEC19-7500-P,8681.68,70.38,0.1255,9.9,0.132,0.9,72.98,21.85691,-4.07823,-19.65394,7e-05,-0.28966
8743.5,BTC-27SEP19,1560596344419,open,0.16,461.3,0.1215,0.201,0.16139915,73.31,0.16,0.0,BTC-27DEC19-10000-C,8681.68,72.49,0.159,9.0,0.168,3.6,75.58,25.48376,-4.79363,16.12684,9e-05,0.50686
8692.92,BTC-28JUN19,1560596344423,open,0.15,183.8,0.107,0.1865,0.14688145,74.31,0.148,0.0,BTC-28JUN19-7500-C,8681.68,72.05,0.146,6.6,0.15,7.2,81.78,3.4501,-9.95596,2.21808,0.00017,0.87021
8681.68,index_price,1560596344418,open,0.0,238.0,0.0005,0.04,0.0003296,96.83,0.0005,0,BTC-21JUN19-6500-P,8681.68,0.0,0.0,0.0,0.0005,7.6,102.21,0.23665,-1.94995,-0.01139,2e-05,-0.00782
8743.45,BTC-27SEP19,1560596344419,open,0.2,186.1,0.1585,0.238,0.19823768,72.73,0.196,0.0,BTC-27DEC19-9000-C,8681.68,71.41,0.1945,9.0,0.2055,3.6,75.28,24.92485,-4.65081,17.99237,8e-05,0.58366
8692.92,BTC-28JUN19,1560596344423,open,0.0,465.6,0.0005,0.0405,0.00074864,92.65,0.0005,0.0,BTC-28JUN19-13000-C,8681.68,0.0,0.0,0.0,0.0015,13.0,101.93,0.54732,-1.96926,0.03763,2e-05,0.01302
8692.92,BTC-28JUN19,1560596344423,open,0.54,322.4,0.5,0.5795,0.53991054,135.56,0.495,0.0,BTC-28JUN19-4000-C,8681.68,0.0,0.529,6.0,0.551,6.0,282.25,0.04201,-0.22117,1.40858,0.0,0.99925
8681.68,index_price,1560596344419,open,0.0,64.9,0.0005,0.0405,0.000538,128.24,0.0005,0,BTC-21JUN19-6000-P,8681.68,0.0,0.0,0.0,0.0005,12.0,127.02,0.27644,-3.01668,-0.0138,2e-05,-0.00933
8692.92,BTC-28JUN19,1560596344423,open,0.0,520.6,0.0005,0.04,0.0,135.0,0.0005,0.0,BTC-28JUN19-2000-P,8681.68,0.0,0.0,0.0,0.0005,12.0,309.86,0.0,0.0,0.0,0.0,0.0
8692.92,BTC-28JUN19,1560596344419,open,0.02,24.0,0.0005,0.0545,0.01483157,76.49,0.0115,0.0,BTC-26JUL19-12000-C,8681.68,73.81,0.013,24.0,0.016,8.5,78.12,6.11856,-5.72486,1.11067,9e-05,0.12892
8743.45,BTC-27SEP19,1560596344420,open,0.05,192.2,0.0065,0.086,0.04644969,82.07,0.05,0.0,BTC-27DEC19-18000-C,8681.68,80.53,0.0435,14.9,0.0495,4.9,83.63,16.9357,-3.56636,6.37223,5e-05,0.18295
8743.45,BTC-27SEP19,1560596344419,open,0.03,186.7,0.0005,0.0635,0.02372418,91.32,0.026,0.0,BTC-27DEC19-26000-C,8681.68,89.08,0.021,6.0,0.0265,6.0,93.48,10.95541,-2.567,3.41534,3e-05,0.09689
8692.92,BTC-28JUN19,1560596344419,open,0.02,63.0,0.0005,0.062,0.02118202,71.4,0.0225,0.0,BTC-26JUL19-7000-P,8681.68,69.24,0.0195,15.3,0.0225,24.0,73.05,6.85596,-5.98754,-1.69023,0.00011,-0.15244
8743.45,BTC-27SEP19,1560596344419,open,0.0,101.2,0.0005,0.042,0.0019984,114.06,0.0025,0.0,BTC-27DEC19-1500-P,8681.68,109.46,0.0015,1.0,0.0025,1.1,118.01,1.03369,-0.30252,-0.35815,0.0,-0.00567
8743.45,BTC-27SEP19,1560596344419,open,0.04,292.6,0.0005,0.0775,0.03768373,84.47,0.0415,0.0,BTC-27DEC19-20000-C,8681.68,82.87,0.035,10.0,0.0405,6.0,86.09,14.96367,-3.24292,5.29099,4e-05,0.15103
8743.45,BTC-27SEP19,1560596344424,open,0.26,842.7,0.218,0.2975,0.25776614,71.35,0.2465,0.0,BTC-27SEP19-7000-C,8681.68,69.91,0.2555,5.0,0.2665,7.0,76.83,13.78544,-4.73463,13.01235,9e-05,0.78071
8743.45,BTC-27SEP19,1560596344419,open,0.08,229.9,0.04,0.1195,0.07957832,77.51,0.0855,0.0,BTC-27DEC19-14000-C,8681.68,75.87,0.0755,10.0,0.084,4.9,79.26,21.93314,-4.36168,9.90807,7e-05,0.29183
8681.68,index_price,1560596344419,open,0.0,290.0,0.0005,0.0405,0.00081502,84.77,0.001,0,BTC-21JUN19-7000-P,8681.68,78.8,0.0005,71.6,0.001,3.0,87.6,0.53128,-3.83242,-0.02896,5e-05,-0.01991
8743.45,BTC-27SEP19,1560596344419,open,0.16,75.2,0.1145,0.207,0.16082212,72.72,0.161,0.0,BTC-27DEC19-8000-P,8681.68,70.15,0.154,9.9,0.164,4.9,73.92,23.20749,-4.33006,-23.03093,8e-05,-0.33254
8743.45,BTC-27SEP19,1560596344419,open,0.02,96.2,0.0005,0.0645,0.02363483,77.68,0.0385,0.0,BTC-27DEC19-4500-P,8681.68,75.02,0.021,6.0,0.026,6.0,79.98,8.85631,-1.76521,-4.50986,3e-05,-0.07297
8692.92,BTC-28JUN19,1560596344419,open,0.15,0.0,0.109,0.201,0.15505532,73.23,None,0.0,BTC-26JUL19-9500-P,8681.68,67.76,0.148,14.4,0.1565,14.4,74.34,11.27662,-10.10108,-7.29932,0.00018,-0.59474
8743.45,BTC-27SEP19,1560596344422,open,0.03,40.1,0.0005,0.071,0.03142282,86.75,0.035,0.0,BTC-27DEC19-22000-C,8681.68,84.79,0.0285,6.0,0.0345,6.0,88.72,13.32676,-2.96624,4.48028,4e-05,0.1274
8692.92,BTC-28JUN19,1560596344419,open,0.0,10.3,0.0005,0.0425,0.00274759,75.4,0.004,0.0,BTC-26JUL19-5500-P,8681.68,68.13,0.0015,26.4,0.004,24.0,80.9,1.76647,-1.62922,-0.2815,3e-05,-0.02617
8692.92,BTC-28JUN19,1560596344421,open,0.04,7.0,0.0005,0.074,0.03428309,73.55,0.0305,0.0,BTC-26JUL19-10500-C,8681.68,71.43,0.032,7.0,0.036,8.2,75.13,9.43057,-8.48484,2.19456,0.00015,0.25971
8743.45,BTC-27SEP19,1560596344420,open,0.07,184.2,0.0285,0.108,0.0683413,78.57,0.074,0.0,BTC-27DEC19-15000-C,8681.68,76.92,0.0645,10.0,0.0725,4.9,80.32,20.59134,-4.1508,8.79874,6e-05,0.25682
8692.92,BTC-28JUN19,1560596344419,open,0.11,25.3,0.0655,0.145,0.10541525,71.3,0.106,0.0,BTC-26JUL19-8500-C,8681.68,70.6,0.1045,7.0,0.109,14.4,74.04,11.34428,-9.89357,4.66368,0.00019,0.58448
8743.45,BTC-27SEP19,1560596344419,open,0.25,207.8,0.206,0.2855,0.24586614,72.73,0.252,0.0,BTC-27DEC19-8000-C,8681.68,71.27,0.242,5.0,0.2525,3.6,75.23,23.20742,-4.33037,19.681,8e-05,0.66747
8681.68,index_price,1560596344419,open,0.31,2.9,0.2695,0.349,0.3094315,128.36,0.2535,0,BTC-21JUN19-6000-C,8681.68,0.0,0.301,6.0,0.3185,6.0,217.87,0.27783,-3.03475,0.95199,2e-05,0.99061
8681.68,index_price,1560596344419,open,0.12,0.1,0.072,0.1515,0.11199012,73.09,0.1165,0,BTC-21JUN19-7750-C,8681.68,70.87,0.1115,5.9,0.115,7.1,85.07,1.96069,-12.19565,1.09855,0.00022,0.89804
8743.45,BTC-27SEP19,1560596344419,open,0.14,301.6,0.095,0.1745,0.13475846,74.85,0.1405,0.0,BTC-27DEC19-11000-C,8681.68,73.37,0.1305,9.0,0.139,3.6,76.32,25.21594,-4.84253,14.33452,8e-05,0.44183
8743.45,BTC-27SEP19,1560596344422,open,1.32,0.0,1.2325,1.418,1.32507369,84.45,None,0.0,BTC-27DEC19-20000-P,8681.68,0.0,1.285,1.3,1.3515,1.3,98.15,14.95721,-3.2407,-101.49307,4e-05,-0.84907
8743.45,BTC-27SEP19,1560596344425,open,0.06,601.7,0.017,0.0965,0.05652119,74.99,0.061,0.0,BTC-27SEP19-12000-C,8681.68,74.41,0.0555,0.2,0.0575,4.9,75.53,15.62243,-5.63882,5.48911,0.0001,0.27712
8743.45,BTC-27SEP19,1560596344419,open,0.0,86.9,0.0005,0.0425,0.00274449,100.4,0.003,0.0,BTC-27DEC19-2000-P,8681.68,86.94,0.001,1.0,0.0045,6.0,109.08,1.50922,-0.38877,-0.5348,0.0,-0.00871
8681.68,index_price,1560596344419,open,0.01,217.9,0.0005,0.049,0.00866547,71.34,0.01,0,BTC-21JUN19-8000-P,8681.68,69.25,0.008,5.6,0.0085,0.1,70.82,2.8019,-17.0093,-0.25163,0.00032,-0.17138
8692.92,BTC-28JUN19,1560596344418,open,0.03,26.6,0.0005,0.0665,0.02680442,75.51,0.0265,0.0,BTC-26JUL19-11000-C,8681.68,72.56,0.024,19.3,0.0275,8.8,76.23,8.39251,-7.75191,1.78698,0.00013,0.21037
8743.45,BTC-27SEP19,1560596344419,open,0.02,88.7,0.0005,0.059,0.01901743,95.38,0.017,0.0,BTC-27DEC19-30000-C,8681.68,92.91,0.0165,6.0,0.0215,6.0,97.63,9.29191,-2.27389,2.74024,2e-05,0.07772
8743.45,BTC-27SEP19,1560596344422,open,0.89,0.0,0.814,0.965,0.88944912,79.74,None,0.0,BTC-27DEC19-16000-P,8681.68,60.09,0.8525,1.3,0.9155,1.3,90.85,19.29883,-3.94827,-77.56496,6e-05,-0.77212
8743.45,BTC-27SEP19,1560596344419,open,0.01,96.6,0.0005,0.051,0.010995,83.62,0.011,0.0,BTC-27DEC19-3500-P,8681.68,79.97,0.009,34.6,0.013,6.0,86.98,5.00874,-1.07465,-2.17629,1e-05,-0.03562
8743.45,BTC-27SEP19,1560596344419,open,0.39,13.1,0.3375,0.4485,0.3928261,74.84,0.413,0.0,BTC-27DEC19-11000-P,8681.68,70.9,0.3815,3.6,0.3945,3.6,75.42,25.21574,-4.84211,-44.39536,8e-05,-0.55819
8743.45,BTC-27SEP19,1560596344425,open,0.03,124.5,0.0005,0.075,0.03372142,75.99,0.0415,0.0,BTC-27DEC19-5000-P,8681.68,73.84,0.031,6.0,0.0365,6.0,78.14,11.17558,-2.17903,-6.22153,4e-05,-0.09955
8743.45,BTC-27SEP19,1560596344423,open,0.0,179.7,0.0005,0.044,0.00425291,92.23,0.0075,0.0,BTC-27DEC19-2500-P,8681.68,81.65,0.002,6.0,0.0065,6.0,99.77,2.29291,-0.54262,-0.85639,1e-05,-0.01409
263.78,index_price,1560596344485,open,0.05,140.0,0.009,0.088,0.048205,80.9,0.05,0,ETH-21JUN19-260-C,263.78,76.46,0.046,197.0,0.079,1.0,142.69,0.13108,-0.90242,0.02242,0.01447,0.5761
263.78,index_price,1560596344660,open,0.03,254.0,0.001,0.075,0.033875,80.9,0.045,0,ETH-21JUN19-260-P,263.78,71.08,0.029,248.0,0.035,9.0,83.17,0.13108,-0.90242,-0.01944,0.01447,-0.4239
265.25,ETH-28JUN19,1560596344775,open,0.18,0.0,0.135,0.229,0.182104,81.73,None,0.0,ETH-28JUN19-310-P,263.78,62.07,0.174,250.0,0.191,250.0,98.61,0.12791,-0.40596,-0.09434,0.00631,-0.82609
265.25,ETH-28JUN19,1560596344801,open,0.06,26.0,0.021,0.105,0.063095,81.98,0.077,0.0,ETH-26JUL19-240-P,263.78,75.92,0.056,338.0,0.067,250.0,85.29,0.31223,-0.31309,-0.1102,0.00483,-0.3079
8743.45,BTC-27SEP19,1560596344842,open,3.12,0.0,2.967,3.297,3.13196124,100.54,None,0.0,BTC-27DEC19-36000-P,8681.68,0.0,3.07,1.3,3.1705,1.3,129.9,7.55877,-1.94981,-190.11076,2e-05,-0.94052
265.25,ETH-28JUN19,1560596344876,open,0.4,924.0,0.358,0.437,0.397285,113.53,0.35,0.0,ETH-28JUN19-160-C,263.78,0.0,0.314,60.0,0.48,60.0,398.36,0.00924,-0.04074,0.05578,0.00033,0.99338
271.1,ETH-27SEP19,1560596344876,open,0.25,85.0,0.205,0.304,0.254786,88.74,0.262,0.0,ETH-27SEP19-300-P,263.78,80.85,0.238,245.0,0.257,227.0,89.78,0.57682,-0.24638,-0.57535,0.00311,-0.49094
271.1,ETH-27SEP19,1560596344876,open,0.21,1232.0,0.165,0.244,0.204521,88.77,0.189,0.0,ETH-27SEP19-260-C,263.78,85.55,0.198,100.0,0.206,219.0,89.51,0.54727,-0.23385,0.32629,0.00295,0.62743
265.25,ETH-28JUN19,1560596344876,open,0.15,171.0,0.105,0.196,0.150186,81.13,0.268,0.0,ETH-28JUN19-300-P,263.78,61.47,0.14,250.0,0.159,250.0,95.76,0.15207,-0.4791,-0.0859,0.00755,-0.76783
271.1,ETH-27SEP19,1560596344880,open,0.01,8200.0,0.001,0.048,0.00785,95.9,0.008,0.0,ETH-27SEP19-120-P,263.78,90.75,0.006,5.0,0.009,230.0,98.78,0.10445,-0.04821,-0.03093,0.00052,-0.03224
265.25,ETH-28JUN19,1560596344890,open,0.32,3454.0,0.282,0.361,0.321884,89.34,0.289,0.0,ETH-28JUN19-180-C,263.78,0.0,0.238,60.0,0.406,60.0,338.52,0.0113,-0.03921,0.06267,0.00051,0.99168
265.25,ETH-28JUN19,1560596344897,open,0.36,1120.0,0.32,0.399,0.359585,101.12,0.328,0.0,ETH-28JUN19-170-C,263.78,0.0,0.276,60.0,0.41,1.0,292.71,0.01019,-0.04002,0.05923,0.00041,0.9926
271.1,ETH-27SEP19,1560596344918,open,0.12,1706.0,0.08,0.169,0.124777,88.77,0.123,0.0,ETH-27SEP19-240-P,263.78,86.24,0.12,110.0,0.126,221.0,89.42,0.51067,-0.21821,-0.33592,0.00275,-0.31062
271.1,ETH-27SEP19,1560596344929,open,0.13,1751.0,0.089,0.168,0.128059,89.75,0.125,0.0,ETH-27SEP19-320-C,263.78,88.3,0.125,120.0,0.128,227.0,89.72,0.57367,-0.24783,0.2541,0.00306,0.45741
265.25,ETH-28JUN19,1560596344929,open,0.07,2326.0,0.031,0.11,0.070606,81.22,0.055,0.0,ETH-28JUN19-260-C,263.78,74.93,0.066,120.0,0.073,229.0,84.48,0.19452,-0.6135,0.04786,0.00965,0.58212
265.25,ETH-28JUN19,1560596344929,open,0.25,2189.0,0.208,0.287,0.247959,83.71,0.22,0.0,ETH-28JUN19-200-C,263.78,0.0,0.161,60.0,0.267,1.0,152.13,0.0343,-0.11152,0.06752,0.00165,0.96956
8743.5,BTC-27SEP19,1560596344939,open,0.74,0.0,0.67,0.809,0.73951832,77.45,None,0.0,BTC-27SEP19-15000-P,8681.68,50.48,0.7185,1.3,0.7665,1.3,97.04,10.16546,-3.78994,-39.90707,6e-05,-0.86426
265.25,ETH-28JUN19,1560596345016,open,0.36,60.0,0.305,0.413,0.359211,85.14,0.516,0.0,ETH-28JUN19-360-P,263.78,0.0,0.272,60.0,0.446,60.0,257.45,0.03724,-0.12312,-0.12404,0.00176,-0.96639
265.25,ETH-28JUN19,1560596345028,open,0.59,214.0,0.546,0.625,0.585315,140.0,0.552,0.0,ETH-28JUN19-110-C,263.78,0.0,0.502,60.0,0.668,60.0,500.0,0.00047,-0.00254,0.03878,1e-05,0.99975
271.1,ETH-27SEP19,1560596345064,open,0.18,2052.0,0.135,0.214,0.174196,88.74,0.158,0.0,ETH-27SEP19-280-C,263.78,87.21,0.171,100.0,0.177,237.0,90.07,0.56884,-0.24297,0.30297,0.00306,0.56689
271.1,ETH-27SEP19,1560596345066,open,0.09,2645.0,0.048,0.134,0.091221,88.82,0.086,0.0,ETH-27SEP19-220-P,263.78,86.32,0.087,100.0,0.094,234.0,90.46,0.45858,-0.19605,-0.26247,0.00247,-0.24898
271.1,ETH-27SEP19,1560596345072,open,0.0,1744.0,0.001,0.041,0.001538,105.08,0.002,0.0,ETH-27SEP19-80-P,263.78,0.0,0.0,0.0,0.003,250.0,116.25,0.02817,-0.01425,-0.00658,0.00013,-0.007
265.25,ETH-28JUN19,1560596345072,open,0.66,0.0,0.621,0.7,0.660698,140.0,None,0.0,ETH-28JUN19-90-C,263.78,0.0,0.577,60.0,0.744,60.0,500.0,2e-05,-0.00013,0.03175,0.0,0.99999
271.1,ETH-27SEP19,1560596345090,open,0.1,2083.0,0.032,0.111,0.071677,92.19,0.069,0.0,ETH-27SEP19-400-C,263.78,88.5,0.065,150.0,0.073,231.0,92.91,0.49732,-0.22068,0.17065,0.00258,0.29286
265.25,ETH-28JUN19,1560596345090,open,0.51,60.0,0.449,0.569,0.509007,97.88,0.683,0.0,ETH-28JUN19-400-P,263.78,0.0,0.424,60.0,0.593,60.0,289.6,0.02002,-0.07609,-0.13969,0.00082,-0.98393
271.1,ETH-27SEP19,1560596345090,open,0.12,1001.0,0.07,0.149,0.109194,89.83,0.107,0.0,ETH-27SEP19-340-C,263.78,88.29,0.106,120.0,0.111,248.0,90.71,0.56153,-0.24281,0.23047,0.00299,0.40791
271.1,ETH-27SEP19,1560596345090,open,0.71,0.0,0.667,0.746,0.706444,105.08,None,0.0,ETH-27SEP19-80-C,263.78,0.0,0.569,12.0,0.842,12.0,372.28,0.02817,-0.01425,0.22109,0.00013,0.993
271.1,ETH-27SEP19,1560596345186,open,0.16,814.0,0.118,0.21,0.163577,88.77,0.175,0.0,ETH-27SEP19-260-P,263.78,86.51,0.159,100.0,0.166,243.0,89.97,0.54727,-0.23385,-0.41365,0.00295,-0.37257
271.1,ETH-27SEP19,1560596345200,open,0.12,1434.0,0.056,0.135,0.095769,91.24,0.101,0.0,ETH-27SEP19-360-C,263.78,87.85,0.089,150.0,0.096,241.0,91.35,0.54468,-0.2392,0.2094,0.00285,0.36717
271.1,ETH-27SEP19,1560596345209,open,0.11,1451.0,0.043,0.122,0.0827,91.69,0.086,0.0,ETH-27SEP19-380-C,263.78,88.18,0.076,150.0,0.084,239.0,92.36,0.52239,-0.23055,0.18916,0.00272,0.32787
271.1,ETH-27SEP19,1560596345238,open,0.06,5034.0,0.001,0.084,0.042378,90.27,0.046,0.0,ETH-27SEP19-180-P,263.78,86.49,0.038,100.0,0.043,211.0,90.8,0.31812,-0.13823,-0.13885,0.00168,-0.1376
265.25,ETH-28JUN19,1560596345238,open,0.88,120.0,0.811,0.961,0.885956,139.98,1.102,0.0,ETH-28JUN19-500-P,263.78,0.0,0.799,60.0,0.971,60.0,363.23,0.01478,-0.08033,-0.17541,0.00043,-0.98869
271.1,ETH-27SEP19,1560596345248,open,0.64,0.0,0.595,0.674,0.634271,96.93,None,0.0,ETH-27SEP19-100-C,263.78,0.0,0.496,12.0,0.771,12.0,308.87,0.05276,-0.02462,0.27109,0.00026,0.98564
271.1,ETH-27SEP19,1560596345248,open,0.78,0.0,0.74,0.819,0.779134,110.73,0.01,0.0,ETH-27SEP19-60-C,263.78,0.0,0.642,12.0,0.915,12.0,479.84,0.00998,-0.00532,0.16871,4e-05,0.9978
265.25,ETH-28JUN19,1560596345248,open,0.09,500.0,0.051,0.137,0.093977,80.94,0.118,0.0,ETH-28JUN19-280-P,263.78,74.0,0.089,348.0,0.097,250.0,85.13,0.19111,-0.60072,-0.06589,0.00951,-0.61024
263.78,index_price,1560596345248,open,0.24,0.0,0.203,0.282,0.242281,97.94,None,0,ETH-21JUN19-200-C,263.78,0.0,0.164,60.0,0.325,1.0,408.64,0.00971,-0.08093,0.03171,0.00089,0.98898
271.1,ETH-27SEP19,1560596345250,open,0.72,0.0,0.655,0.792,0.72324,118.72,None,0.0,ETH-27SEP19-440-P,263.78,0.0,0.486,12.0,0.862,12.0,185.78,0.52188,-0.29823,-1.07717,0.0021,-0.67292
265.25,ETH-28JUN19,1560596345290,open,0.02,5913.0,0.001,0.063,0.022517,81.61,0.027,0.0,ETH-28JUN19-240-P,263.78,75.38,0.019,350.0,0.026,350.0,87.59,0.15234,-0.48278,-0.0239,0.00752,-0.23292
265.25,ETH-28JUN19,1560596345308,open,0.15,0.0,0.107,0.186,0.146678,82.17,None,0.0,ETH-28JUN19-230-C,263.78,73.66,0.143,250.0,0.15,250.0,89.24,0.12041,-0.38421,0.06503,0.0059,0.84162
265.25,ETH-28JUN19,1560596345320,open,0.0,8702.0,0.001,0.04,0.000489,89.34,0.001,0.0,ETH-28JUN19-180-P,263.78,0.0,0.0,0.0,0.001,325.0,98.59,0.0113,-0.03921,-0.00082,0.00051,-0.00832
265.25,ETH-28JUN19,1560596345320,open,0.12,1054.0,0.078,0.157,0.11771,81.61,0.095,0.0,ETH-28JUN19-240-C,263.78,75.03,0.114,230.0,0.121,250.0,87.26,0.15234,-0.48278,0.06076,0.00752,0.76708
271.1,ETH-27SEP19,1560596345320,open,0.02,7505.0,0.001,0.056,0.015482,94.05,0.023,0.0,ETH-27SEP19-140-P,263.78,89.9,0.013,10.0,0.016,202.0,94.87,0.16875,-0.07639,-0.05703,0.00086,-0.05843
271.1,ETH-27SEP19,1560596345320,open,0.24,2210.0,0.2,0.279,0.239494,88.77,0.23,0.0,ETH-27SEP19-240-C,263.78,85.32,0.233,100.0,0.241,231.0,89.57,0.51067,-0.21821,0.3471,0.00275,0.68938
271.1,ETH-27SEP19,1560596345320,open,0.15,2707.0,0.109,0.188,0.148183,88.74,0.146,0.0,ETH-27SEP19-300-C,263.78,88.18,0.147,120.0,0.151,246.0,90.06,0.57682,-0.24638,0.27843,0.00311,0.50906
271.1,ETH-27SEP19,1560596345320,open,0.2,626.0,0.159,0.255,0.207025,88.74,0.247,0.0,ETH-27SEP19-280-P,263.78,86.34,0.202,100.0,0.21,239.0,90.16,0.56884,-0.24297,-0.49388,0.00306,-0.43311
265.25,ETH-28JUN19,1560596345349,open,0.18,1522.0,0.139,0.218,0.178271,82.17,0.154,0.0,ETH-28JUN19-220-C,263.78,70.94,0.175,236.0,0.181,250.0,90.01,0.08658,-0.27626,0.06766,0.00425,0.90133
265.25,ETH-28JUN19,1560596345399,open,0.09,3.0,0.05,0.129,0.089264,84.06,0.091,0.0,ETH-26JUL19-280-C,263.78,78.61,0.082,120.0,0.092,246.0,86.11,0.35365,-0.36362,0.11588,0.00534,0.47937
263.78,index_price,1560596345403,open,0.08,60.0,0.04,0.125,0.082367,86.53,0.105,0,ETH-21JUN19-280-P,263.78,0.0,0.049,180.0,0.104,181.0,132.32,0.11849,-0.87254,-0.03269,0.01223,-0.68745
265.25,ETH-28JUN19,1560596345406,open,0.02,5765.0,0.001,0.059,0.019177,81.13,0.018,0.0,ETH-28JUN19-300-C,263.78,75.45,0.016,338.0,0.021,50.0,84.27,0.15207,-0.4791,0.01993,0.00755,0.23217
8692.93,BTC-28JUN19,1560596345419,open,0.07,135.6,0.026,0.1055,0.06586426,73.0,0.0625,0.0,BTC-28JUN19-8500-C,8681.7,70.44,0.064,5.4,0.0685,18.4,76.61,6.34018,-17.9722,1.61288,0.00033,0.59183
8692.93,BTC-28JUN19,1560596345419,open,0.04,250.8,0.002,0.085,0.04366586,72.99,0.04,0.0,BTC-28JUN19-8500-P,8681.7,70.02,0.0415,13.2,0.0455,18.0,75.5,6.34017,-17.97064,-1.38555,0.00033,-0.40817
8692.93,BTC-28JUN19,1560596345419,open,0.01,1376.3,0.0005,0.0525,0.01287743,75.36,0.013,0.0,BTC-28JUN19-10000-C,8681.7,72.5,0.0115,5.0,0.0145,24.0,78.59,4.27025,-12.49614,0.50963,0.00021,0.17907
8692.93,BTC-28JUN19,1560596345420,open,0.66,43.6,0.615,0.6945,0.65489399,146.38,0.6755,0.0,BTC-28JUN19-3000-C,8681.7,0.0,0.644,6.0,0.666,6.0,373.4,0.00212,-0.01207,1.05818,0.0,0.99997
8692.93,BTC-28JUN19,1560596345420,open,0.0,539.6,0.0005,0.04,5.247e-05,135.0,0.0005,0.0,BTC-28JUN19-4000-P,8681.7,0.0,0.0,0.0,0.0005,15.4,168.8,0.04043,-0.21195,-0.00236,0.0,-0.00072
8692.93,BTC-28JUN19,1560596345420,open,1.29,0.4,1.209,1.3925,1.30076088,132.73,5.076,0.0,BTC-28JUN19-20000-P,8681.7,0.0,1.2855,6.0,1.3145,6.0,262.81,0.03676,-0.18946,-7.05332,0.0,-0.99935
8692.93,BTC-28JUN19,1560596345420,open,0.0,850.0,0.0005,0.04,4.4e-07,135.0,0.0005,0.0,BTC-28JUN19-3000-P,8681.7,0.0,0.0,0.0,0.0005,12.0,227.02,0.00057,-0.00299,-2e-05,0.0,-1e-05
8692.93,BTC-28JUN19,1560596345420,open,0.01,288.6,0.0005,0.047,0.00719532,77.18,0.0055,0.0,BTC-28JUN19-10500-C,8681.7,72.06,0.0055,37.0,0.0085,30.0,80.75,3.05536,-9.15716,0.31301,0.00015,0.10927
8743.46,BTC-27SEP19,1560596345420,open,0.43,6.1,0.372,0.486,0.42896702,74.98,1.781,0.0,BTC-27SEP19-12000-P,8681.7,59.94,0.404,1.3,0.453,1.3,87.87,15.62187,-5.63825,-28.6621,0.0001,-0.7229
8692.93,BTC-28JUN19,1560596345420,open,0.83,33.8,0.7875,0.867,0.82744678,228.14,0.7145,0.0,BTC-28JUN19-1500-C,8681.7,0.0,0.816,6.0,0.8385,2.0,500.0,0.00059,-0.00523,0.52911,0.0,0.99999
8743.46,BTC-27SEP19,1560596345420,open,0.49,289.7,0.453,0.5325,0.49258842,78.87,0.51,0.0,BTC-27SEP19-4500-C,8681.7,0.0,0.4695,1.3,0.511,1.3,109.11,3.75606,-1.42602,11.71005,2e-05,0.96319
8743.46,BTC-27SEP19,1560596345420,open,0.0,604.2,0.0005,0.0415,0.00179101,94.8,0.0015,0.0,BTC-27SEP19-3000-P,8681.7,87.46,0.001,8.0,0.0025,8.6,99.72,1.12726,-0.51438,-0.26705,1e-05,-0.00894
8692.93,BTC-28JUN19,1560596345420,open,0.0,990.2,0.0005,0.0405,0.00053058,124.45,0.0005,0.0,BTC-28JUN19-5000-P,8681.7,0.0,0.0,0.0,0.0005,11.6,123.54,0.29846,-1.44235,-0.02159,1e-05,-0.00651
8692.93,BTC-28JUN19,1560596345419,open,0.02,0.0,0.0005,0.0595,0.01962287,75.6,None,0.0,BTC-26JUL19-11500-C,8681.7,72.97,0.0175,19.3,0.021,8.8,77.24,7.18238,-6.6418,1.40194,0.00011,0.16363
8743.46,BTC-27SEP19,1560596345421,open,0.01,308.1,0.0005,0.046,0.00616701,86.67,0.004,0.0,BTC-27SEP19-22000-C,8681.7,81.17,0.004,6.0,0.008,13.5,90.43,3.92234,-1.63627,0.81239,2e-05,0.03882
8692.93,BTC-28JUN19,1560596345420,open,0.24,0.0,0.1925,0.2915,0.24216123,73.55,None,0.0,BTC-26JUL19-10500-P,8681.7,53.99,0.223,4.9,0.259,4.9,88.35,9.43059,-8.48483,-9.56419,0.00015,-0.74029
8681.7,index_price,1560596345419,open,0.06,2.7,0.0155,0.0995,0.05756958,70.52,0.0875,0,BTC-21JUN19-9000-P,8681.7,66.14,0.0555,7.2,0.0595,18.0,74.57,4.12206,-24.73632,-0.9745,0.00048,-0.63972
8681.7,index_price,1560596345419,open,0.15,5.9,0.109,0.201,0.15509416,75.86,0.2135,0,BTC-21JUN19-10000-P,8681.7,0.0,0.1435,6.0,0.1625,6.0,105.25,1.60174,-10.33931,-1.50573,0.00017,-0.9223
8743.48,BTC-27SEP19,1560596345421,open,0.11,211.2,0.0715,0.151,0.11142564,75.49,0.115,0.0,BTC-27DEC19-12000-C,8681.7,73.72,0.1065,10.0,0.116,4.9,77.13,24.37961,-4.72225,12.66842,8e-05,0.3828
8743.48,BTC-27SEP19,1560596345424,open,0.01,1038.2,0.0005,0.0455,0.00536403,79.67,0.0115,0.0,BTC-27SEP19-4250-P,8681.7,77.03,0.0045,5.0,0.006,6.0,81.47,3.00417,-1.15211,-0.83223,2e-05,-0.02808
8692.95,BTC-28JUN19,1560596345420,open,0.01,0.1,0.0005,0.051,0.01142759,77.67,0.011,0.0,BTC-26JUL19-12500-C,8681.7,75.21,0.01,24.0,0.0125,8.7,79.43,5.19835,-4.93905,0.88668,8e-05,0.10251
8681.7,index_price,1560596345420,open,0.2,2.8,0.155,0.2345,0.19451957,84.74,0.163,0,BTC-21JUN19-7000-C,8681.7,0.0,0.1865,6.0,0.204,6.0,147.06,0.53055,-3.82593,1.09793,5e-05,0.98012
8692.95,BTC-28JUN19,1560596345419,open,0.08,16.0,0.04,0.1195,0.07998969,71.3,0.069,0.0,BTC-26JUL19-9000-C,8681.7,69.06,0.077,7.0,0.0835,8.7,73.93,11.60151,-10.1177,3.98711,0.00019,0.48955
8692.95,BTC-28JUN19,1560596345425,open,0.0,725.2,0.0005,0.041,0.00147367,84.7,0.002,0.0,BTC-28JUN19-12000-C,8681.7,72.89,0.0005,212.5,0.0025,48.9,92.36,0.97859,-3.21868,0.07449,4e-05,0.02576
8692.95,BTC-28JUN19,1560596345420,open,0.14,18.6,0.0965,0.176,0.13647158,71.3,0.142,0.0,BTC-26JUL19-8000-C,8681.7,68.81,0.1335,7.0,0.14,14.4,74.24,10.40425,-9.0736,5.2905,0.00017,0.67992
8692.95,BTC-28JUN19,1560596345421,open,0.37,0.0,0.3305,0.41,0.37004896,75.39,None,0.0,BTC-26JUL19-5500-C,8681.7,0.0,0.355,4.9,0.386,4.9,117.62,1.76571,-1.62831,5.87801,3e-05,0.97385
8692.95,BTC-28JUN19,1560596345419,open,0.01,13.9,0.0005,0.046,0.00593749,73.73,0.008,0.0,BTC-26JUL19-6000-P,8681.7,69.4,0.0045,15.2,0.007,24.0,76.59,3.0939,-2.7902,-0.56371,5e-05,-0.05197
8692.95,BTC-28JUN19,1560596345426,open,0.26,504.3,0.2145,0.294,0.25403127,84.17,0.2295,0.0,BTC-28JUN19-6500-C,8681.7,0.0,0.252,8.5,0.2545,5.5,87.83,1.03504,-3.38296,2.20303,5e-05,0.97245
8743.48,BTC-27SEP19,1560596345420,open,0.02,11.1,0.0005,0.057,0.0173389,97.27,0.0195,0.0,BTC-27DEC19-32000-C,8681.7,94.8,0.015,6.0,0.0195,5.0,99.38,8.64953,-2.15859,2.49378,2e-05,0.07076
8743.48,BTC-27SEP19,1560596345421,open,0.1,67.2,0.061,0.149,0.10498479,72.82,0.1005,0.0,BTC-27DEC19-7000-P,8681.7,70.66,0.1,9.9,0.1085,4.9,74.35,20.17113,-3.76889,-16.43062,7e-05,-0.24698
8743.48,BTC-27SEP19,1560596345420,open,0.3,11.6,0.253,0.357,0.30510688,73.31,0.3765,0.0,BTC-27DEC19-10000-P,8681.7,70.36,0.2965,3.6,0.309,3.6,74.65,25.48371,-4.7936,-37.26384,9e-05,-0.49314
8692.95,BTC-28JUN19,1560596345419,open,0.18,13.0,0.1335,0.213,0.17334686,71.29,0.1705,0.0,BTC-26JUL19-7500-C,8681.7,69.47,0.1715,7.0,0.179,8.4,76.78,8.8389,-7.70812,5.80594,0.00015,0.76974
8743.48,BTC-27SEP19,1560596345420,open,0.03,76.8,0.0005,0.067,0.02712558,89.16,0.0215,0.0,BTC-27DEC19-24000-C,8681.7,86.82,0.024,6.0,0.0295,6.0,90.84,12.04631,-2.75558,3.88852,3e-05,0.11042
8743.48,BTC-27SEP19,1560596345420,open,0.72,0.0,0.6785,0.758,0.71832469,92.23,None,0.0,BTC-27DEC19-2500-C,8681.7,0.0,0.693,1.3,0.745,1.3,146.3,2.29263,-0.54253,12.49139,1e-05,0.98591
265.25,ETH-28JUN19,1560596345544,open,0.0,648.0,0.001,0.04,0.000993,133.2,0.001,0.0,ETH-28JUN19-480-C,263.78,0.0,0.0,0.0,0.002,200.0,146.14,0.01597,-0.08259,0.00106,0.00048,0.01236
265.25,ETH-28JUN19,1560596345553,open,0.01,2.0,0.001,0.054,0.013784,82.17,0.014,0.0,ETH-28JUN19-230-P,263.78,78.15,0.012,5.0,0.017,350.0,89.02,0.12041,-0.38421,-0.01611,0.0059,-0.15838
265.25,ETH-28JUN19,1560596345584,open,0.14,145.0,0.1,0.19,0.144872,84.06,0.166,0.0,ETH-26JUL19-280-P,263.78,73.64,0.131,100.0,0.211,144.0,133.66,0.35365,-0.36362,-0.19769,0.00534,-0.52063
263.78,index_price,1560596345590,open,0.21,0.0,0.165,0.244,0.204862,91.71,None,0,ETH-21JUN19-210-C,263.78,0.0,0.125,60.0,0.291,61.0,379.13,0.01744,-0.13607,0.03284,0.0017,0.97819
265.25,ETH-28JUN19,1560596345592,open,0.25,0.0,0.201,0.3,0.250542,83.28,None,0.0,ETH-28JUN19-330-P,263.78,0.0,0.157,60.0,0.344,60.0,239.06,0.08336,-0.26956,-0.10824,0.00403,-0.90629
271.1,ETH-27SEP19,1560596345714,open,0.07,907.0,0.028,0.107,0.067026,118.72,0.028,0.0,ETH-27SEP19-520-C,263.78,87.97,0.024,211.0,0.056,60.0,111.85,0.44786,-0.25593,0.13215,0.0018,0.23831
265.25,ETH-28JUN19,1560596345992,open,0.2,0.0,0.149,0.244,0.19625,84.39,None,0.0,ETH-26JUL19-300-P,263.78,0.0,0.002,20.0,0.538,144.0,349.46,0.33907,-0.35001,-0.24125,0.0051,-0.6159
263.78,index_price,1560596346025,open,0.17,61.0,0.128,0.207,0.167942,85.83,0.115,0,ETH-21JUN19-220-C,263.78,0.0,0.086,60.0,0.257,61.0,349.69,0.03037,-0.22182,0.03352,0.00316,0.95737
265.25,ETH-28JUN19,1560596346038,open,0.03,8.0,0.001,0.076,0.034875,81.5,0.043,0.0,ETH-28JUN19-250-P,263.78,75.71,0.031,312.0,0.038,250.0,86.12,0.17852,-0.56498,-0.03335,0.00883,-0.32155
265.25,ETH-28JUN19,1560596346086,open,0.4,0.0,0.361,0.44,0.400574,87.11,None,0.0,ETH-26JUL19-160-C,263.78,0.0,0.193,48.0,0.616,48.0,394.78,0.06051,-0.06448,0.16913,0.00088,0.96993
263.78,index_price,1560596346166,open,0.0,55.0,0.001,0.041,0.001504,93.43,0.001,0,ETH-21JUN19-330-C,263.78,0.0,0.0,0.0,0.002,253.0,98.22,0.02501,-0.19887,0.00136,0.00239,0.03361
263.78,index_price,1560596346200,open,0.0,58.0,0.001,0.042,0.001971,85.83,0.002,0,ETH-21JUN19-220-P,263.78,75.76,0.001,50.0,0.003,272.0,93.77,0.03037,-0.22182,-0.00189,0.00316,-0.04263
265.25,ETH-28JUN19,1560596346229,open,0.0,0.0,0.001,0.043,0.003005,84.72,None,0.0,ETH-28JUN19-350-C,263.78,70.51,0.001,300.0,0.005,250.0,93.85,0.04987,-0.16408,0.00423,0.00237,0.04817
265.25,ETH-28JUN19,1560596346274,open,0.0,122.0,0.001,0.044,0.004317,83.63,0.005,0.0,ETH-28JUN19-340-C,263.78,72.05,0.002,370.0,0.006,200.0,89.98,0.06433,-0.20892,0.00582,0.0031,0.06654
263.78,index_price,1560596346332,open,0.25,60.0,0.203,0.302,0.252547,93.43,0.286,0,ETH-21JUN19-330-P,263.78,0.0,0.164,60.0,0.329,1.0,311.68,0.02501,-0.19886,-0.05176,0.00239,-0.96639
263.78,index_price,1560596346350,open,0.01,454.0,0.001,0.043,0.003725,86.53,0.002,0,ETH-21JUN19-310-C,263.78,66.78,0.001,250.0,0.005,250.0,92.9,0.04902,-0.36095,0.00317,0.00506,0.07844
263.78,index_price,1560596346382,open,0.14,132.0,0.093,0.172,0.132318,81.98,0.125,0,ETH-21JUN19-230-C,263.78,80.35,0.132,250.0,0.137,250.0,101.86,0.05228,-0.36472,0.03322,0.00569,0.91457
265.25,ETH-28JUN19,1560596346394,open,0.25,0.0,0.204,0.303,0.253197,84.39,None,0.0,ETH-26JUL19-320-P,263.78,0.0,0.0,0.0,0.568,144.0,327.09,0.30881,-0.31878,-0.28303,0.00464,-0.6996
265.25,ETH-28JUN19,1560596346470,open,0.05,0.0,0.013,0.092,0.052513,80.83,None,0.0,ETH-28JUN19-270-C,263.78,74.8,0.048,120.0,0.055,250.0,84.15,0.19858,-0.62334,0.04034,0.0099,0.48365
265.25,ETH-28JUN19,1560596346474,open,0.32,0.0,0.27,0.375,0.322515,84.72,None,0.0,ETH-28JUN19-350-P,263.78,0.0,0.233,60.0,0.411,60.0,250.64,0.04987,-0.16408,-0.11924,0.00237,-0.95183
265.25,ETH-28JUN19,1560596346480,open,0.33,0.0,0.291,0.37,0.330318,84.23,None,0.0,ETH-26JUL19-180-C,263.78,0.0,0.115,48.0,0.554,48.0,355.45,0.11216,-0.11556,0.17971,0.00169,0.93529
8692.95,BTC-28JUN19,1560596346514,open,0.11,0.0,0.071,0.1595,0.11531043,71.29,None,0.0,BTC-26JUL19-9000-P,8681.7,67.69,0.1105,14.4,0.1185,22.4,73.68,11.60151,-10.11759,-6.09183,0.00019,-0.51045
265.25,ETH-28JUN19,1560596346562,open,0.28,0.0,0.235,0.337,0.286126,83.63,None,0.0,ETH-28JUN19-340-P,263.78,0.0,0.195,60.0,0.377,60.0,244.55,0.06433,-0.20891,-0.11412,0.0031,-0.93346
263.78,index_price,1560596346562,open,0.0,282.0,0.001,0.044,0.004257,81.98,0.006,0,ETH-21JUN19-230-P,263.78,75.13,0.003,159.0,0.007,350.0,94.32,0.05228,-0.36472,-0.00381,0.00569,-0.08543
8681.7,index_price,1560596346626,open,0.01,35.2,0.0005,0.0445,0.00467003,73.08,0.005,0,BTC-21JUN19-7750-P,8681.7,74.52,0.005,0.2,0.0055,30.0,76.63,1.95988,-12.18752,-0.14894,0.00022,-0.1019
263.78,index_price,1560596346631,open,0.18,30.0,0.132,0.226,0.178947,86.53,0.203,0,ETH-21JUN19-310-P,263.78,0.0,0.085,60.0,0.261,1.0,289.6,0.04902,-0.36095,-0.04673,0.00506,-0.92156
263.78,index_price,1560596346735,open,0.1,76.0,0.06,0.139,0.099614,80.9,0.094,0,ETH-21JUN19-240-C,263.78,82.12,0.1,187.0,0.105,242.0,96.81,0.08327,-0.57329,0.0312,0.00919,0.8344
265.25,ETH-28JUN19,1560596346766,open,0.07,1.0,0.028,0.113,0.07042,80.83,0.093,0.0,ETH-28JUN19-270-P,263.78,74.93,0.066,100.0,0.073,238.0,84.28,0.19858,-0.62334,-0.0549,0.0099,-0.51635
265.25,ETH-28JUN19,1560596346792,open,0.31,0.0,0.263,0.368,0.315603,85.01,None,0.0,ETH-26JUL19-340-P,263.78,0.0,0.02,48.0,0.593,48.0,301.13,0.27121,-0.28203,-0.32171,0.00405,-0.76743
263.78,index_price,1560596346805,open,0.0,35.0,0.001,0.042,0.00225,89.3,0.003,0,ETH-21JUN19-320-C,263.78,0.0,0.0,0.0,0.003,220.0,94.61,0.0343,-0.26066,0.00201,0.00343,0.04961
265.25,ETH-28JUN19,1560596346858,open,0.27,0.0,0.226,0.305,0.265593,83.36,None,0.0,ETH-26JUL19-200-C,263.78,0.0,0.041,48.0,0.499,48.0,327.61,0.18246,-0.18606,0.1811,0.00278,0.87526
8743.48,BTC-27SEP19,1560596346930,open,0.02,19.0,0.0005,0.061,0.02108444,93.39,0.017,0.0,BTC-27DEC19-28000-C,8681.7,91.06,0.0185,7.0,0.0235,6.0,95.43,10.04738,-2.40745,3.04026,3e-05,0.08621
263.78,index_price,1560596346932,open,0.01,111.0,0.001,0.049,0.009464,80.9,0.017,0,ETH-21JUN19-240-P,263.78,76.14,0.008,192.0,0.011,101.0,85.66,0.08327,-0.57329,-0.00743,0.00919,-0.1656
265.25,ETH-28JUN19,1560596346981,open,0.02,2386.0,0.001,0.064,0.024206,85.48,0.021,0.0,ETH-26JUL19-360-C,263.78,80.48,0.02,150.0,0.028,250.0,89.73,0.23094,-0.24148,0.04556,0.00343,0.17757
265.25,ETH-28JUN19,1560596347042,open,0.03,20.0,0.001,0.067,0.027439,81.08,0.019,0.0,ETH-28JUN19-290-C,263.78,74.23,0.023,361.0,0.03,250.0,84.94,0.17454,-0.54954,0.02598,0.00867,0.30514
263.78,index_price,1560596347122,open,0.07,83.0,0.032,0.111,0.071303,80.9,0.07,0,ETH-21JUN19-250-C,263.78,77.85,0.07,226.0,0.076,239.0,91.67,0.11324,-0.77958,0.02742,0.0125,0.71703
265.25,ETH-28JUN19,1560596347204,open,0.38,0.0,0.327,0.436,0.381417,85.48,None,0.0,ETH-26JUL19-360-P,263.78,0.0,0.132,48.0,0.612,48.0,270.81,0.23094,-0.24148,-0.3576,0.00343,-0.82243
8692.95,BTC-28JUN19,1560596347217,open,0.06,68.6,0.0145,0.099,0.05675624,71.29,0.058,0.0,BTC-26JUL19-8000-P,8681.7,67.31,0.052,32.6,0.0585,19.3,72.75,10.40423,-9.07345,-3.66854,0.00017,-0.32008
265.25,ETH-28JUN19,1560596347239,open,0.21,20.0,0.168,0.247,0.20762,82.41,0.171,0.0,ETH-26JUL19-220-C,263.78,58.89,0.187,100.0,0.451,48.0,308.19,0.25381,-0.25584,0.17382,0.00391,0.79279
271.1,ETH-27SEP19,1560596347283,open,0.06,831.0,0.016,0.095,0.055186,118.72,0.021,0.0,ETH-27SEP19-560-C,263.78,88.59,0.018,224.0,0.048,60.0,113.83,0.40926,-0.23387,0.11452,0.00165,0.20361
263.78,index_price,1560596347295,open,0.02,326.0,0.001,0.059,0.019062,80.9,0.019,0,ETH-21JUN19-250-P,263.78,73.68,0.016,208.0,0.021,184.0,85.39,0.11324,-0.77958,-0.01283,0.0125,-0.28297
8681.7,index_price,1560596347305,open,0.0,331.3,0.0005,0.042,0.00210717,73.08,0.0035,0,BTC-21JUN19-7500-P,8681.7,63.21,0.001,6.9,0.0035,36.7,82.04,1.17463,-7.3045,-0.07582,0.00013,-0.05214
8692.95,BTC-28JUN19,1560596347369,open,0.0,1430.2,0.0005,0.04,5.122e-05,135.0,0.0005,0.0,BTC-28JUN19-20000-C,8681.7,0.0,0.0,0.0,0.0005,19.9,164.6,0.04429,-0.2322,0.00227,0.0,0.00079
8743.48,BTC-27SEP19,1560596347369,open,0.48,5.4,0.425,0.543,0.48387772,75.49,0.59,0.0,BTC-27DEC19-12000-P,8681.7,62.64,0.449,3.6,0.51,3.6,84.74,24.37963,-4.72228,-51.40028,8e-05,-0.6172
8692.95,BTC-28JUN19,1560596347397,open,0.0,1255.2,0.0005,0.04,0.0,135.0,0.0005,0.0,BTC-28JUN19-1500-P,8681.7,0.0,0.0,0.0,0.0005,15.0,369.69,0.0,0.0,0.0,0.0,0.0
8692.95,BTC-28JUN19,1560596347399,open,0.0,578.1,0.0005,0.0405,0.00056723,103.4,0.001,0.0,BTC-28JUN19-14000-C,8681.7,0.0,0.0,0.0,0.001,12.0,110.92,0.40531,-1.62746,0.02653,1e-05,0.00922
265.25,ETH-28JUN19,1560596347427,open,0.04,11.0,0.001,0.078,0.037026,82.41,0.032,0.0,ETH-26JUL19-220-P,263.78,77.07,0.032,350.0,0.042,350.0,87.54,0.25381,-0.25584,-0.07255,0.00391,-0.20721
8743.48,BTC-27SEP19,1560596347447,open,0.01,74.7,0.0005,0.0545,0.01465861,100.61,0.016,0.0,BTC-27DEC19-36000-C,8681.7,99.84,0.014,10.0,0.015,1.0,101.0,7.57906,-1.95651,2.10187,2e-05,0.05968
8692.95,BTC-28JUN19,1560596347493,open,0.51,10.5,0.4715,0.551,0.51122129,134.88,0.428,0.0,BTC-28JUN19-4250-C,8681.7,0.0,0.5005,6.0,0.522,6.0,261.76,0.08363,-0.43807,1.494,0.0,0.99842
8681.7,index_price,1560596347530,open,0.04,27.0,0.0005,0.0715,0.03162717,69.73,0.035,0,BTC-21JUN19-8750-C,8681.7,67.5,0.0305,6.8,0.033,0.2,72.44,4.39007,-26.0494,0.62987,0.00052,0.48232
265.25,ETH-28JUN19,1560596347536,open,0.01,2.0,0.001,0.053,0.013395,81.73,0.011,0.0,ETH-28JUN19-310-C,263.78,74.32,0.01,370.0,0.016,250.0,86.97,0.12791,-0.40596,0.01502,0.00631,0.1739
8743.48,BTC-27SEP19,1560596347609,open,0.53,0.0,0.467,0.589,0.52790868,75.18,None,0.0,BTC-27SEP19-13000-P,8681.7,60.55,0.5075,1.3,0.552,1.3,89.51,13.63747,-4.93525,-32.66351,8e-05,-0.78477
8692.95,BTC-28JUN19,1560596347609,open,0.16,43.0,0.117,0.2095,0.16323459,75.36,0.177,0.0,BTC-28JUN19-10000-P,8681.7,44.01,0.152,5.0,0.174,6.0,95.14,4.27024,-12.49589,-3.01796,0.00021,-0.82093
265.25,ETH-28JUN19,1560596347619,open,0.16,400.0,0.119,0.198,0.158288,81.98,0.14,0.0,ETH-26JUL19-240-C,263.78,80.03,0.156,120.0,0.166,250.0,88.5,0.31223,-0.31309,0.15857,0.00483,0.6921
8743.48,BTC-27SEP19,1560596347690,open,0.02,156.7,0.0005,0.0565,0.01603941,79.9,0.018,0.0,BTC-27DEC19-4000-P,8681.7,76.48,0.0135,6.0,0.0185,6.0,83.0,6.73641,-1.38102,-3.14857,2e-05,-0.05141
8743.48,BTC-27SEP19,1560596347725,open,1.07,1.0,0.9885,1.1535,1.07108555,81.61,1.5815,0.0,BTC-27SEP19-18000-P,8681.7,0.0,1.048,1.3,1.101,1.3,109.44,6.59013,-2.58875,-49.67356,4e-05,-0.92519
8743.48,BTC-27SEP19,1560596347725,open,0.31,58.1,0.2645,0.344,0.30438863,72.82,0.2385,0.0,BTC-27DEC19-7000-C,8681.7,65.68,0.288,5.0,0.311,0.2,75.68,20.17114,-3.7689,20.94278,7e-05,0.75302
8743.48,BTC-27SEP19,1560596347842,open,0.68,0.0,0.614,0.748,0.6807711,77.51,None,0.0,BTC-27DEC19-14000-P,8681.7,61.87,0.6445,1.3,0.707,1.3,87.61,21.93321,-4.36167,-64.83873,7e-05,-0.70817
263.78,index_price,1560596347861,open,0.03,316.0,0.001,0.073,0.033499,86.54,0.036,0,ETH-21JUN19-270-C,263.78,73.49,0.027,226.0,0.061,1.0,141.13,0.13187,-0.9711,0.01715,0.01361,0.43747
271.1,ETH-27SEP19,1560596347877,open,0.04,5682.0,0.001,0.066,0.025158,90.27,0.028,0.0,ETH-27SEP19-160-P,263.78,81.55,0.018,209.0,0.028,240.0,93.47,0.23643,-0.10273,-0.08947,0.00125,-0.09081
271.1,ETH-27SEP19,1560596347877,open,0.09,2342.0,0.042,0.121,0.081765,118.72,0.039,0.0,ETH-27SEP19-480-C,263.78,91.54,0.038,12.0,0.066,48.0,109.66,0.48611,-0.27778,0.15228,0.00196,0.27914
271.1,ETH-27SEP19,1560596347877,open,0.0,190.0,0.001,0.04,0.000455,110.73,0.001,0.0,ETH-27SEP19-60-P,263.78,0.0,0.0,0.0,0.002,250.0,133.88,0.00999,-0.00532,-0.00205,4e-05,-0.0022
271.1,ETH-27SEP19,1560596347877,open,0.28,863.0,0.24,0.319,0.279712,88.82,0.2,0.0,ETH-27SEP19-220-C,263.78,83.64,0.271,100.0,0.282,219.0,90.17,0.45858,-0.19605,0.36363,0.00247,0.75102
265.25,ETH-28JUN19,1560596347877,open,0.0,7933.0,0.001,0.042,0.001965,83.71,0.003,0.0,ETH-28JUN19-200-P,263.78,74.72,0.001,595.0,0.003,318.0,90.76,0.03431,-0.11152,-0.00303,0.00165,-0.03044
271.1,ETH-27SEP19,1560596347880,open,0.56,0.0,0.486,0.609,0.547145,92.18,None,0.0,ETH-27SEP19-400-P,263.78,0.0,0.337,36.0,0.751,36.0,190.88,0.49732,-0.22067,-0.96772,0.00258,-0.70715
265.25,ETH-28JUN19,1560596347890,open,0.62,0.0,0.584,0.663,0.623001,140.0,None,0.0,ETH-28JUN19-100-C,263.78,0.0,0.54,60.0,0.706,60.0,500.0,0.00012,-0.00068,0.03527,0.0,0.99994
265.25,ETH-28JUN19,1560596347897,open,0.01,4826.0,0.001,0.049,0.00908,81.9,0.006,0.0,ETH-28JUN19-320-C,263.78,73.29,0.006,370.0,0.011,223.0,86.63,0.10343,-0.32894,0.01099,0.00509,0.12652
271.1,ETH-27SEP19,1560596347897,open,0.35,1728.0,0.288,0.367,0.327284,90.14,0.32,0.0,ETH-27SEP19-200-C,263.78,64.87,0.293,100.0,0.337,5.0,96.75,0.39415,-0.17102,0.3714,0.00209,0.80866
263.78,index_price,1560596347902,open,0.28,0.0,0.241,0.32,0.28019,113.87,None,0,ETH-21JUN19-190-C,263.78,0.0,0.203,60.0,0.363,61.0,449.89,0.00858,-0.08311,0.03016,0.00067,0.99044
265.25,ETH-28JUN19,1560596347910,open,0.51,386.0,0.471,0.55,0.510083,140.0,0.321,0.0,ETH-28JUN19-130-C,263.78,0.0,0.427,60.0,0.511,2.0,172.73,0.00349,-0.01896,0.04563,0.0001,0.99777
265.25,ETH-28JUN19,1560596347910,open,0.0,10453.0,0.001,0.04,0.000471,140.0,0.001,0.0,ETH-28JUN19-140-P,263.78,0.0,0.0,0.0,0.001,849.0,154.18,0.00747,-0.0406,-0.00053,0.00021,-0.00521
271.1,ETH-27SEP19,1560596347910,open,0.08,3173.0,0.023,0.107,0.065019,90.14,0.06,0.0,ETH-27SEP19-200-P,263.78,86.66,0.06,100.0,0.066,227.0,90.81,0.39415,-0.17102,-0.19779,0.00209,-0.19134
271.1,ETH-27SEP19,1560596347918,open,0.31,646.0,0.257,0.36,0.308435,89.75,0.324,0.0,ETH-27SEP19-320-P,263.78,67.03,0.261,36.0,0.355,36.0,111.66,0.57367,-0.24783,-0.65659,0.00306,-0.54259
265.25,ETH-28JUN19,1560596347918,open,0.0,9803.0,0.001,0.04,0.000186,140.0,0.001,0.0,ETH-28JUN19-130-P,263.78,0.0,0.0,0.0,0.001,349.0,170.41,0.00349,-0.01896,-0.00023,0.0001,-0.00223
265.25,ETH-28JUN19,1560596347918,open,0.55,50.0,0.508,0.587,0.54766,140.0,0.547,0.0,ETH-28JUN19-120-C,263.78,0.0,0.465,60.0,0.63,60.0,500.0,0.0014,-0.00762,0.04225,4e-05,0.99918
265.25,ETH-28JUN19,1560596347918,open,0.7,0.0,0.659,0.738,0.698398,140.0,None,0.0,ETH-28JUN19-80-C,263.78,0.0,0.615,60.0,0.782,60.0,500.0,0.0,-2e-05,0.02822,0.0,1.0
265.25,ETH-28JUN19,1560596347918,open,0.0,6715.0,0.001,0.042,0.002001,85.14,0.002,0.0,ETH-28JUN19-360-C,263.78,76.43,0.001,263.0,0.003,3.0,91.4,0.03724,-0.12312,0.00296,0.00176,0.03361
8692.95,BTC-28JUN19,1560596347935,open,0.27,25.8,0.219,0.32,0.26941095,79.08,0.4515,0.0,BTC-28JUN19-11000-P,8681.7,0.0,0.258,6.0,0.2805,6.0,110.94,2.08174,-6.39321,-3.69191,0.0001,-0.93453
8743.48,BTC-27SEP19,1560596347937,open,0.06,106.3,0.02,0.0995,0.05951791,79.74,0.064,0.0,BTC-27DEC19-16000-C,8681.7,78.13,0.056,10.0,0.063,4.9,81.3,19.30001,-3.94873,7.86065,6e-05,0.22791
8743.48,BTC-27SEP19,1560596347944,open,0.34,717.9,0.3015,0.381,0.34122803,72.24,0.302,0.0,BTC-27SEP19-6000-C,8681.7,70.13,0.339,6.4,0.3485,6.4,78.76,9.38757,-3.26417,13.38045,6e-05,0.87896
8743.48,BTC-27SEP19,1560596347953,open,0.02,91.5,0.0005,0.059,0.01905723,78.97,0.017,0.0,BTC-27SEP19-16000-C,8681.7,76.34,0.0165,6.0,0.021,6.0,80.85,8.80002,-3.34492,2.2757,5e-05,0.11051
271.1,ETH-27SEP19,1560596347967,open,0.44,81.0,0.367,0.48,0.42369,91.24,0.428,0.0,ETH-27SEP19-360-P,263.78,0.0,0.199,36.0,0.644,36.0,196.19,0.54468,-0.2392,-0.81513,0.00285,-0.63283
271.1,ETH-27SEP19,1560596347984,open,0.5,28.0,0.426,0.543,0.484394,91.69,0.419,0.0,ETH-27SEP19-380-P,263.78,0.0,0.266,36.0,0.697,36.0,193.52,0.52239,-0.23055,-0.89229,0.00272,-0.67213
265.25,ETH-28JUN19,1560596347998,open,0.0,8261.0,0.001,0.04,0.000942,139.98,0.001,0.0,ETH-28JUN19-500-C,263.78,0.0,0.0,0.0,0.002,475.0,154.32,0.01478,-0.08033,0.00097,0.00043,0.01131
8692.95,BTC-28JUN19,1560596347998,open,0.29,0.0,0.241,0.3435,0.29219604,75.51,None,0.0,BTC-26JUL19-11000-P,8681.7,53.09,0.274,4.9,0.306,4.9,88.91,8.39241,-7.75159,-10.53175,0.00013,-0.78964
265.25,ETH-28JUN19,1560596348012,open,0.12,201.0,0.079,0.158,0.118203,81.98,0.121,0.0,ETH-26JUL19-260-C,263.78,80.29,0.116,120.0,0.125,250.0,87.18,0.3464,-0.34735,0.13812,0.00536,0.58318
265.25,ETH-28JUN19,1560596348016,open,0.0,1214.0,0.001,0.04,0.000994,116.59,0.001,0.0,ETH-28JUN19-440-C,263.78,0.0,0.0,0.0,0.002,200.0,128.35,0.01761,-0.07971,0.0012,0.00061,0.01384
271.1,ETH-27SEP19,1560596348016,open,0.57,47.0,0.526,0.605,0.565209,95.9,0.564,0.0,ETH-27SEP19-120-C,263.78,0.0,0.424,12.0,0.599,2.0,151.22,0.10444,-0.04821,0.31058,0.00052,0.96776
8743.48,BTC-27SEP19,1560596348020,open,0.51,6.6,0.469,0.5485,0.50896667,77.69,0.4515,0.0,BTC-27DEC19-4500-C,8681.7,33.35,0.4855,1.3,0.535,1.3,99.97,8.85646,-1.76527,19.51579,3e-05,0.92703
8743.48,BTC-27SEP19,1560596348020,open,0.42,56.9,0.378,0.4575,0.41754003,74.68,0.368,0.0,BTC-27DEC19-5500-C,8681.7,58.82,0.395,1.3,0.42,0.1,76.25,13.57642,-2.6013,21.08188,4e-05,0.86915
271.1,ETH-27SEP19,1560596348025,open,0.0,1744.0,0.001,0.041,0.001538,105.08,0.002,0.0,ETH-27SEP19-80-P,263.78,99.14,0.001,120.0,0.003,250.0,116.25,0.02817,-0.01425,-0.00658,0.00013,-0.007
265.25,ETH-28JUN19,1560596348028,open,0.47,335.0,0.433,0.512,0.472667,140.0,0.481,0.0,ETH-28JUN19-140-C,263.78,0.0,0.39,60.0,0.555,60.0,468.85,0.00747,-0.0406,0.04886,0.00021,0.99479
8692.95,BTC-28JUN19,1560596348033,open,0.43,688.1,0.3855,0.465,0.42535041,124.4,0.37,0.0,BTC-28JUN19-5000-C,8681.7,0.0,0.4145,6.0,0.4355,6.0,209.58,0.2979,-1.43916,1.74225,1e-05,0.9935
263.78,index_price,1560596348033,open,0.05,17.0,0.015,0.099,0.057079,86.54,0.046,0,ETH-21JUN19-270-P,263.78,68.27,0.048,250.0,0.057,1.0,86.38,0.13187,-0.9711,-0.02631,0.01361,-0.56253
271.1,ETH-27SEP19,1560596348049,open,0.4,743.0,0.339,0.418,0.378415,90.27,0.337,0.0,ETH-27SEP19-180-C,263.78,53.7,0.344,100.0,0.5,1.0,180.06,0.31812,-0.13823,0.37341,0.00168,0.86241
271.1,ETH-27SEP19,1560596348053,open,1.11,24.0,1.037,1.205,1.120843,118.72,1.356,0.0,ETH-27SEP19-560-P,263.78,0.0,0.926,12.0,1.247,12.0,186.57,0.40925,-0.23386,-1.4792,0.00165,-0.79639
265.25,ETH-28JUN19,1560596348053,open,0.0,4695.0,0.001,0.04,1.8e-05,140.0,0.001,0.0,ETH-28JUN19-110-P,263.78,0.0,0.0,0.0,0.001,349.0,206.92,0.00047,-0.00254,-3e-05,1e-05,-0.00025
265.25,ETH-28JUN19,1560596348064,open,0.0,5201.0,0.001,0.044,0.003894,82.17,0.004,0.0,ETH-28JUN19-210-P,263.78,71.63,0.002,80.0,0.005,150.0,87.07,0.05609,-0.17899,-0.00559,0.00275,-0.05585
263.78,index_price,1560596348077,open,0.0,6.0,0.001,0.04,0.000488,113.87,0.001,0,ETH-21JUN19-190-P,263.78,0.0,0.0,0.0,0.001,350.0,126.04,0.00858,-0.08311,-0.00043,0.00067,-0.00956
265.25,ETH-28JUN19,1560596348080,open,0.0,7876.0,0.001,0.04,0.000489,101.12,0.001,0.0,ETH-28JUN19-170-P,263.78,0.0,0.0,0.0,0.001,450.0,111.35,0.01019,-0.04002,-0.00074,0.00041,-0.0074
265.25,ETH-28JUN19,1560596348090,open,0.44,481.0,0.395,0.474,0.434986,126.68,0.46,0.0,ETH-28JUN19-150-C,263.78,0.0,0.352,60.0,0.517,60.0,431.1,0.00841,-0.04139,0.05231,0.00027,0.99405
271.1,ETH-27SEP19,1560596348090,open,0.1,1055.0,0.061,0.14,0.100215,118.72,0.052,0.0,ETH-27SEP19-440-C,263.78,87.95,0.046,150.0,0.085,48.0,110.67,0.52187,-0.29822,0.17502,0.0021,0.32707
265.25,ETH-28JUN19,1560596348132,open,0.0,5711.0,0.001,0.04,0.00049,113.53,0.001,0.0,ETH-28JUN19-160-P,263.78,0.0,0.0,0.0,0.001,350.0,124.79,0.00924,-0.04074,-0.00067,0.00033,-0.00662
271.1,ETH-27SEP19,1560596348160,open,0.45,401.0,0.395,0.474,0.43497,90.27,0.38,0.0,ETH-27SEP19-160-C,263.78,0.0,0.287,12.0,0.581,12.0,215.1,0.23643,-0.10273,0.36587,0.00125,0.90919
265.25,ETH-28JUN19,1560596348186,open,0.29,576.0,0.245,0.324,0.284675,86.15,0.233,0.0,ETH-28JUN19-190-C,263.78,0.0,0.2,60.0,0.37,60.0,312.73,0.02,-0.06691,0.06543,0.00094,0.98395
8743.48,BTC-27SEP19,1560596348191,open,0.1,133.2,0.054,0.1335,0.09372659,76.5,0.1,0.0,BTC-27DEC19-13000-C,8681.7,74.72,0.089,10.0,0.098,4.9,78.1,23.23626,-4.56098,11.19674,7e-05,0.33358
271.1,ETH-27SEP19,1560596348196,open,0.51,191.0,0.46,0.539,0.499067,94.04,0.5,0.0,ETH-27SEP19-140-C,263.78,0.0,0.354,12.0,0.639,12.0,235.88,0.16874,-0.07639,0.3414,0.00086,0.94157
265.25,ETH-28JUN19,1560596348200,open,0.21,81.0,0.167,0.264,0.21549,81.9,0.347,0.0,ETH-28JUN19-320-P,263.78,0.0,0.12,60.0,0.312,60.0,234.03,0.10343,-0.32894,-0.10189,0.00509,-0.87348
265.25,ETH-28JUN19,1560596348200,open,0.0,3084.0,0.001,0.04,4e-06,140.0,0.001,0.0,ETH-28JUN19-100-P,263.78,0.0,0.0,0.0,0.001,349.0,227.77,0.00012,-0.00068,-1e-05,0.0,-6e-05
265.25,ETH-28JUN19,1560596348204,open,0.1,11.0,0.055,0.142,0.09841,81.98,0.115,0.0,ETH-26JUL19-260-P,263.78,74.78,0.089,350.0,0.102,250.0,84.73,0.3464,-0.34735,-0.15305,0.00536,-0.41682
8692.95,BTC-28JUN19,1560596348206,open,0.05,41.3,0.007,0.0865,0.04657088,73.51,0.0455,0.0,BTC-26JUL19-10000-C,8681.7,72.21,0.045,7.0,0.0475,8.1,74.28,10.50484,-9.44575,2.73632,0.00017,0.32765
8692.95,BTC-28JUN19,1560596348213,open,0.32,0.0,0.276,0.3555,0.31572264,73.73,None,0.0,BTC-26JUL19-6000-C,8681.7,0.0,0.3005,4.9,0.3315,4.9,105.09,3.0938,-2.79008,6.1556,5e-05,0.94803
8743.48,BTC-27SEP19,1560596348215,open,0.0,336.8,0.0005,0.0435,0.00382488,124.03,0.0005,0.0,BTC-27SEP19-2500-P,8681.7,107.29,0.0015,1.0,0.002,10.7,111.84,1.5723,-0.93866,-0.42126,1e-05,-0.0131
8743.48,BTC-27SEP19,1560596348215,open,0.17,76.1,0.121,0.214,0.16770757,71.09,0.2155,0.0,BTC-27SEP19-9000-P,8681.7,68.86,0.163,3.6,0.173,3.6,73.59,18.48902,-6.32669,-15.49162,0.00012,-0.45487
8743.48,BTC-27SEP19,1560596348217,open,0.77,0.0,0.7345,0.814,0.77400265,100.4,None,0.0,BTC-27DEC19-2000-C,8681.7,0.0,0.748,1.3,0.8005,1.3,168.55,1.50923,-0.38878,10.14331,0.0,0.99129
263.78,index_price,1560596348222,open,0.02,301.0,0.001,0.06,0.020877,86.54,0.019,0,ETH-21JUN19-280-C,263.78,73.1,0.015,252.0,0.021,241.0,86.81,0.11849,-0.87257,0.01239,0.01222,0.31256
271.1,ETH-27SEP19,1560596348239,open,0.01,4106.0,0.001,0.043,0.003139,96.93,0.004,0.0,ETH-27SEP19-100-P,263.78,81.87,0.001,221.0,0.005,250.0,105.19,0.05276,-0.02462,-0.0135,0.00026,-0.01436
265.25,ETH-28JUN19,1560596348239,open,0.0,7787.0,0.001,0.04,0.00049,126.68,0.001,0.0,ETH-28JUN19-150-P,263.78,0.0,0.0,0.0,0.001,869.0,139.03,0.00841,-0.04139,-0.0006,0.00027,-0.00595
265.25,ETH-28JUN19,1560596348241,open,0.01,4787.0,0.001,0.047,0.007678,82.17,0.011,0.0,ETH-28JUN19-220-P,263.78,73.21,0.005,355.0,0.008,150.0,83.15,0.08658,-0.27627,-0.00995,0.00425,-0.09867
265.25,ETH-28JUN19,1560596348248,open,0.04,1787.0,0.001,0.078,0.038368,80.94,0.036,0.0,ETH-28JUN19-280-C,263.78,74.85,0.034,120.0,0.04,5.0,83.2,0.19111,-0.60071,0.03288,0.00951,0.38975
265.25,ETH-28JUN19,1560596348249,open,0.0,5956.0,0.001,0.04,0.000996,97.88,0.002,0.0,ETH-28JUN19-400-C,263.78,0.0,0.0,0.0,0.002,360.0,108.27,0.02002,-0.07609,0.00141,0.00082,0.01607
271.1,ETH-27SEP19,1560596348249,open,0.36,236.0,0.309,0.417,0.363343,89.83,0.38,0.0,ETH-27SEP19-340-P,263.78,66.74,0.317,36.0,0.41,36.0,112.04,0.56153,-0.24281,-0.73714,0.00299,-0.59209
265.25,ETH-28JUN19,1560596348250,open,0.0,7937.0,0.001,0.041,0.00098,86.15,0.001,0.0,ETH-28JUN19-190-P,263.78,0.0,0.0,0.0,0.002,350.0,96.77,0.02,-0.06691,-0.00159,0.00094,-0.01605
265.25,ETH-28JUN19,1560596348274,open,0.0,2027.0,0.001,0.04,1e-06,140.0,0.001,0.0,ETH-28JUN19-90-P,263.78,0.0,0.0,0.0,0.001,349.0,250.87,2e-05,-0.00013,0.0,0.0,-1e-05
265.25,ETH-28JUN19,1560596348274,open,0.0,1541.0,0.001,0.04,0.0,140.0,0.001,0.0,ETH-28JUN19-80-P,263.78,0.0,0.0,0.0,0.001,364.0,276.78,0.0,-2e-05,0.0,0.0,0.0
265.25,ETH-28JUN19,1560596348274,open,0.66,60.0,0.594,0.726,0.659807,116.59,0.85,0.0,ETH-28JUN19-440-P,263.78,0.0,0.574,60.0,0.744,60.0,321.76,0.01761,-0.07971,-0.15401,0.00061,-0.98616
265.25,ETH-28JUN19,1560596348290,open,0.05,2653.0,0.009,0.092,0.050813,81.22,0.056,0.0,ETH-28JUN19-260-P,263.78,76.02,0.047,100.0,0.054,250.0,85.56,0.19452,-0.6135,-0.04386,0.00965,-0.41788
271.1,ETH-27SEP19,1560596348320,open,0.85,0.0,0.779,0.926,0.852327,118.72,None,0.0,ETH-27SEP19-480-P,263.78,0.0,0.646,12.0,0.971,12.0,178.15,0.4861,-0.27777,-1.21376,0.00196,-0.72087
265.25,ETH-28JUN19,1560596348320,open,0.21,771.0,0.173,0.252,0.212188,82.17,0.153,0.0,ETH-28JUN19-210-C,263.78,0.0,0.123,60.0,0.303,60.0,272.32,0.0561,-0.17899,0.06849,0.00275,0.94415
265.25,ETH-28JUN19,1560596348320,open,0.0,4769.0,0.001,0.04,6.3e-05,140.0,0.001,0.0,ETH-28JUN19-120-P,263.78,0.0,0.0,0.0,0.001,449.0,187.91,0.0014,-0.00762,-8e-05,4e-05,-0.00082
8743.48,BTC-27SEP19,1560596348345,open,0.28,93.6,0.234,0.3135,0.27357876,72.72,0.273,0.0,BTC-27DEC19-7500-C,8681.7,66.48,0.258,5.0,0.3015,1.3,83.89,21.85691,-4.07823,20.38894,7e-05,0.71034
265.25,ETH-28JUN19,1560596348352,open,0.01,0.0,0.001,0.046,0.006433,83.28,None,0.0,ETH-28JUN19-330-C,263.78,74.63,0.004,370.0,0.009,250.0,90.81,0.08336,-0.26957,0.00817,0.00403,0.09371
8743.48,BTC-27SEP19,1560596348419,open,0.44,793.4,0.3995,0.479,0.43941354,75.42,0.361,0.0,BTC-27SEP19-5000-C,8681.65,0.0,0.417,1.3,0.458,1.3,99.86,5.25557,-1.908,12.55823,3e-05,0.9441
8692.96,BTC-28JUN19,1560596348419,open,0.48,216.2,0.443,0.5225,0.48259277,134.17,0.435,0.0,BTC-28JUN19-4500-C,8681.65,0.0,0.4715,6.0,0.493,6.0,242.51,0.15307,-0.79755,1.57719,0.0,0.99692
8743.48,BTC-27SEP19,1560596348419,open,0.0,47.1,0.0005,0.0415,0.00176793,87.98,0.003,0.0,BTC-27SEP19-3250-P,8681.65,74.63,0.0005,100.6,0.003,13.3,95.52,1.1949,-0.50601,-0.2818,1e-05,-0.00956
8692.96,BTC-28JUN19,1560596348420,open,0.0,94.5,0.0005,0.04,1.86e-06,135.0,0.0005,0.0,BTC-28JUN19-3250-P,8681.65,0.0,0.0,0.0,0.0005,12.0,210.8,0.00212,-0.01114,-0.0001,0.0,-3e-05
8743.48,BTC-27SEP19,1560596348420,open,0.6,261.1,0.5625,0.642,0.60247506,87.77,0.549,0.0,BTC-27SEP19-3500-C,8681.65,0.0,0.5795,1.3,0.612,1.2,117.57,1.69364,-0.71555,9.53624,1e-05,0.98572
8692.91,BTC-28JUN19,1560596348420,open,0.02,255.1,0.0005,0.063,0.02311842,74.24,0.021,0.0,BTC-28JUN19-9500-C,8681.65,70.89,0.021,5.4,0.0245,0.1,76.39,5.54618,-15.98887,0.80412,0.00028,0.28534
8692.91,BTC-28JUN19,1560596348419,open,0.06,6.8,0.0225,0.102,0.0622172,73.23,0.0535,0.0,BTC-26JUL19-9500-C,8681.65,72.29,0.061,0.1,0.063,8.7,73.84,11.27667,-10.10173,3.3396,0.00018,0.40527
8743.43,BTC-27SEP19,1560596348421,open,0.58,0.0,0.534,0.6135,0.57364562,80.54,None,0.0,BTC-27SEP19-3750-C,8681.65,0.0,0.5515,1.3,0.5935,1.3,128.29,1.70923,-0.66259,10.24974,1e-05,0.98556
8743.43,BTC-27SEP19,1560596348421,open,0.52,0.2,0.4795,0.559,0.5192865,79.68,0.26,0.0,BTC-27SEP19-4250-C,8681.65,0.0,0.4965,1.3,0.538,1.3,114.51,3.00471,-1.15238,11.26269,2e-05,0.97191
8681.65,index_price,1560596348419,open,0.0,133.5,0.0005,0.041,0.00132008,80.0,0.001,0,BTC-21JUN19-10500-C,8681.65,68.83,0.0005,118.2,0.002,17.0,86.22,0.83448,-5.68082,0.04591,9e-05,0.03417
8692.91,BTC-28JUN19,1560596348421,open,0.31,1689.9,0.271,0.3505,0.31060574,92.13,0.309,0.0,BTC-28JUN19-6000-C,8681.65,0.0,0.309,5.0,0.3115,7.3,103.22,0.54295,-1.94244,2.07447,2e-05,0.9871
8692.91,BTC-28JUN19,1560596348421,open,0.71,24.4,0.6725,0.752,0.71240998,161.09,0.5115,0.0,BTC-28JUN19-2500-C,8681.65,0.0,0.701,6.0,0.7235,6.0,432.26,0.00071,-0.00447,0.88186,0.0,0.99999
8681.65,index_price,1560596348419,open,0.02,224.9,0.0005,0.0605,0.02090431,70.52,0.019,0,BTC-21JUN19-9000-C,8681.65,67.55,0.0195,8.2,0.0215,0.3,71.77,4.12194,-24.73561,0.47427,0.00048,0.36026
8681.65,index_price,1560596348420,open,0.08,5.0,0.0365,0.1225,0.0794202,72.87,0.0955,0,BTC-21JUN19-9250-P,8681.65,60.35,0.0745,6.0,0.08,6.0,74.26,3.58129,-22.20601,-1.14352,0.00041,-0.73881
8681.65,index_price,1560596348419,open,0.09,120.0,0.0475,0.127,0.08718712,71.35,0.0865,0,BTC-21JUN19-8000-C,8681.65,69.2,0.0865,7.6,0.0905,11.6,81.12,2.80247,-17.01635,1.03611,0.00032,0.82856
8692.91,BTC-28JUN19,1560596348419,open,0.04,29.0,0.0005,0.0775,0.03611694,71.29,0.044,0.0,BTC-26JUL19-7500-P,8681.65,68.7,0.0335,12.5,0.0375,19.3,72.65,8.83901,-7.7083,-2.59326,0.00015,-0.23027
8692.91,BTC-28JUN19,1560596348420,open,0.27,0.0,0.224,0.3035,0.26397181,72.41,None,0.0,BTC-26JUL19-6500-C,8681.65,0.0,0.2515,5.0,0.2795,4.9,95.74,4.8513,-4.29724,6.2571,8e-05,0.90671
