underlying_price,underlying_index,timestamp,state,settlement_price,open_interest,min_price,max_price,mark_price,mark_iv,last_price,interest_rate,instrument_name,index_price,bid_iv,best_bid_price,best_bid_amount,best_ask_price,best_ask_amount,ask_iv,vega,theta,rho,gamma,delta
10761.71,BTC-27SEP19,1563620340039,open,1.43,0.0,1.3305,1.5245,1.42742532,114.37,None,0.0,BTC-27SEP19-26000-P,10591.68,0.0,0.0005,2.3,0.0,0.0,0.0,5.81202,-4.82564,-48.0077,2e-05,-0.93662
229.92,ETH-27DEC19,1563620340049,open,0.04,163.0,0.001,0.08,0.04038,113.15,0.047,0.0,ETH-27DEC19-680-C,226.27,110.12,0.036,50.0,0.045,50.0,116.19,0.34118,-0.12074,0.10185,0.0013,0.14152
226.51,SYN.ETH-2AUG19,1563620340132,open,0.13,0.0,0.081,0.171,0.126011,121.11,None,0.0,ETH-2AUG19-240-P,226.27,118.4,0.124,150.0,0.129,164.0,125.13,0.16805,-0.79034,-0.05449,0.00767,-0.55591
227.03,SYN.ETH-30AUG19,1563620340167,open,0.08,266.0,0.042,0.121,0.081295,117.61,0.073,0.0,ETH-30AUG19-280-C,226.27,115.79,0.079,160.0,0.082,211.0,118.17,0.28646,-0.41212,0.073,0.00422,0.36843
10623.46,SYN.BTC-2AUG19,1563620340173,open,0.09,50.1,0.0515,0.131,0.09120938,114.69,0.09,0.0,BTC-2AUG19-10500-C,10591.68,112.38,0.0895,18.0,0.0935,3.0,117.79,7.8563,-34.9907,1.77305,0.00017,0.56434
10901.75,BTC-27DEC19,1563620340231,open,0.34,172.0,0.296,0.3755,0.33574684,101.09,0.33,0.0,BTC-27DEC19-9000-C,10591.68,95.7,0.324,8.0,0.336,5.2,101.21,23.73541,-7.50427,18.95585,5e-05,0.73272
229.92,ETH-27DEC19,1563620340231,open,1.49,0.0,1.397,1.596,1.496755,111.61,0.845,0.0,ETH-27DEC19-560-P,226.27,0.0,0.001,100.0,0.0,0.0,0.0,0.4281,-0.14943,-2.31138,0.00166,-0.79837
10901.75,BTC-27DEC19,1563620340257,open,0.38,205.5,0.3435,0.423,0.38300987,101.09,0.359,0.0,BTC-27DEC19-8000-C,10591.68,91.4,0.3645,8.0,0.383,8.0,101.09,20.95008,-6.62366,19.30545,4e-05,0.7873
226.51,SYN.ETH-2AUG19,1563620340270,open,0.02,339.0,0.001,0.06,0.019462,128.35,0.021,0.0,ETH-2AUG19-180-P,226.27,122.37,0.017,250.0,0.021,166.0,131.96,0.09534,-0.47521,-0.01286,0.0041,-0.14143
10606.19,SYN.BTC-26JUL19,1563620340272,open,0.0,375.4,0.0005,0.04,6.33e-06,145.0,0.001,0.0,BTC-26JUL19-21000-C,10591.68,0.0,0.0,0.0,0.0005,12.0,205.48,0.00763,-0.06717,0.00024,0.0,0.00015
227.03,SYN.ETH-30AUG19,1563620340287,open,0.62,0.0,0.553,0.681,0.617067,120.31,None,0.0,ETH-30AUG19-360-P,226.27,0.0,0.001,100.0,0.0,0.0,0.0,0.19415,-0.28572,-0.36724,0.0028,-0.82737
226.38,SYN.ETH-26JUL19,1563620340295,open,1.12,0.0,1.036,1.205,1.120329,0.0,None,0.0,ETH-26JUL19-480-P,226.27,0.0,0.0,0.0,0.0,0.0,0.0,0.0,0.0,-0.07727,0.0,-1.0
229.92,ETH-27DEC19,1563620340323,open,0.17,168.0,0.133,0.212,0.17212,108.34,0.165,0.0,ETH-27DEC19-320-C,226.27,105.62,0.165,140.0,0.179,110.0,110.95,0.60387,-0.2046,0.28906,0.00241,0.45915
226.51,SYN.ETH-2AUG19,1563620340334,open,0.34,0.0,0.302,0.381,0.341954,133.05,None,0.0,ETH-2AUG19-150-C,226.27,0.0,0.0,0.0,0.0,0.0,0.0,0.03517,-0.18169,0.04954,0.00146,0.96199
10901.75,BTC-27DEC19,1563620340337,open,0.38,205.5,0.3435,0.423,0.38300987,101.09,0.359,0.0,BTC-27DEC19-8000-C,10591.68,91.14,0.364,8.0,0.383,8.0,101.09,20.95008,-6.62366,19.30545,4e-05,0.7873
10761.69,BTC-27SEP19,1563620340338,open,0.81,28.2,0.7745,0.854,0.8144046,142.06,0.755,0.0,BTC-27SEP19-2000-C,10591.68,0.0,0.801,8.0,0.8325,8.0,283.47,0.18606,-0.19188,3.74461,0.0,0.9988
10761.71,BTC-27SEP19,1563620340359,open,0.0,490.7,0.0005,0.04,0.00024902,142.13,0.0005,0.0,BTC-27SEP19-2000-P,10591.68,0.0,0.0,0.0,0.0005,5.6,153.13,0.18673,-0.19266,-0.02953,0.0,-0.0012
229.92,ETH-27DEC19,1563620340395,open,0.03,733.0,0.001,0.071,0.031789,114.33,0.028,0.0,ETH-27DEC19-760-C,226.27,111.28,0.028,50.0,0.036,50.0,117.51,0.29485,-0.10542,0.08352,0.00111,0.11472
227.03,SYN.ETH-30AUG19,1563620340402,open,0.31,0.0,0.262,0.367,0.314582,117.59,None,0.0,ETH-30AUG19-280-P,226.27,0.0,0.0,0.0,0.0,0.0,0.0,0.28644,-0.41201,-0.24057,0.00422,-0.63163
226.51,SYN.ETH-2AUG19,1563620340428,open,0.34,0.0,0.285,0.391,0.338104,121.26,None,0.0,ETH-2AUG19-300-P,226.27,0.0,0.001,100.0,0.0,0.0,0.0,0.09066,-0.4269,-0.09642,0.00413,-0.86862
10761.71,BTC-27SEP19,1563620340440,open,0.07,173.2,0.025,0.1045,0.06486772,109.71,0.0685,0.0,BTC-27SEP19-16000-C,10591.68,107.37,0.0615,8.0,0.0675,0.2,111.51,15.6346,-12.45179,4.29344,7e-05,0.27629
229.92,ETH-27DEC19,1563620340442,open,0.05,536.0,0.014,0.093,0.05331,112.38,0.054,0.0,ETH-27DEC19-600-C,226.27,109.84,0.049,110.0,0.057,40.0,114.48,0.39838,-0.14001,0.12694,0.00153,0.17935
10606.19,SYN.BTC-26JUL19,1563620340448,open,0.0,503.9,0.0005,0.04,0.00032351,133.79,0.0005,0.0,BTC-26JUL19-7000-P,10591.68,0.0,0.0,0.0,0.0005,3.2,141.14,0.21723,-2.47323,-0.01021,1e-05,-0.00566
10761.71,BTC-27SEP19,1563620340460,open,0.02,382.9,0.0005,0.062,0.02221482,113.02,0.024,0.0,BTC-27SEP19-22000-C,10591.68,109.65,0.0195,29.0,0.024,32.0,115.12,8.95799,-7.34941,1.84243,4e-05,0.11294
10901.75,BTC-27DEC19,1563620340468,open,0.02,246.9,0.0005,0.062,0.02240362,112.78,0.025,0.0,BTC-27DEC19-40000-C,10591.71,109.87,0.0195,12.0,0.0245,14.0,114.76,11.28697,-3.98119,3.01789,2e-05,0.0856
10761.71,BTC-27SEP19,1563620340468,open,0.01,532.8,0.0005,0.046,0.00602636,115.08,0.006,0.0,BTC-27SEP19-30000-C,10591.71,110.2,0.0045,24.0,0.007,10.0,117.79,3.68471,-3.07818,0.6058,1e-05,0.03586
10901.75,BTC-27DEC19,1563620340468,open,0.53,59.5,0.4925,0.572,0.53208455,101.09,0.49,0.0,BTC-27DEC19-5500-C,10591.71,0.0,0.4715,8.0,0.546,8.0,113.67,11.4609,-3.62353,18.17144,2e-05,0.91263
10901.75,BTC-27DEC19,1563620340468,open,0.73,0.0,0.6885,0.768,0.72840497,101.78,None,0.0,BTC-27DEC19-3000-C,10591.71,0.0,0.6625,8.0,0.7425,8.0,141.86,2.27819,-0.72518,12.38878,0.0,0.98785
10901.75,BTC-27DEC19,1563620340468,open,1.98,0.3,1.8535,2.091,1.97236166,110.36,2.435,0.0,BTC-27DEC19-32000-P,10591.71,0.0,0.0005,3.0,0.0,0.0,0.0,15.55986,-5.37017,-135.55096,3e-05,-0.86632
10761.71,BTC-27SEP19,1563620340468,open,0.5,224.0,0.46,0.5395,0.49952421,106.43,0.5225,0.0,BTC-27SEP19-5500-C,10591.71,0.0,0.4425,8.0,0.51,11.0,127.41,4.52463,-3.49586,9.22549,2e-05,0.95382
10901.75,BTC-27DEC19,1563620340468,open,0.86,0.1,0.8235,0.903,0.86321159,125.4,0.84,0.0,BTC-27DEC19-1500-C,10591.71,0.0,0.8525,8.0,0.934,8.0,374.95,0.5633,-0.22091,6.41167,0.0,0.99748
10761.71,BTC-27SEP19,1563620340468,open,0.86,42.8,0.821,0.9005,0.86067071,144.89,0.815,0.0,BTC-27SEP19-1500-C,10591.71,0.0,0.8505,8.0,0.9305,8.0,500.0,0.04929,-0.05184,2.82363,0.0,0.99972
10761.71,BTC-27SEP19,1563620340468,open,0.03,454.6,0.0005,0.072,0.03231853,113.02,0.034,0.0,BTC-27SEP19-20000-C,10591.71,111.73,0.031,2.0,0.0335,24.0,114.15,11.12074,-9.12382,2.48328,5e-05,0.1546
10901.75,BTC-27DEC19,1563620340468,open,0.3,460.0,0.255,0.3345,0.29455384,101.09,0.293,0.0,BTC-27DEC19-10000-C,10591.71,97.91,0.287,13.0,0.2945,0.2,101.07,25.85149,-8.17329,18.3351,5e-05,0.67852
10761.71,BTC-27SEP19,1563620340468,open,0.02,597.1,0.0005,0.057,0.01666556,106.44,0.02,0.0,BTC-27SEP19-6000-P,10591.71,99.62,0.013,10.0,0.0165,24.0,106.14,6.10215,-4.7149,-1.70886,3e-05,-0.06748
10761.71,BTC-27SEP19,1563620340468,open,0.0,549.0,0.0005,0.044,0.00434831,115.08,0.006,0.0,BTC-27SEP19-32000-C,10591.71,109.44,0.003,29.0,0.005,10.0,117.39,2.89605,-2.41934,0.45598,1e-05,0.0268
10901.75,BTC-27DEC19,1563620340468,open,0.03,187.2,0.0005,0.0685,0.02870898,111.8,0.0315,0.0,BTC-27DEC19-36000-C,10591.71,109.51,0.026,6.0,0.0305,6.0,113.25,13.26809,-4.63907,3.72169,2e-05,0.10665
10606.19,SYN.BTC-26JUL19,1563620340468,open,0.34,4.8,0.3005,0.38,0.34033105,133.78,0.455,0.0,BTC-26JUL19-7000-C,10591.71,0.0,0.29,4.0,0.3865,4.0,398.09,0.21713,-2.47191,1.11664,1e-05,0.99434
10761.74,BTC-27SEP19,1563620340470,open,0.01,103.7,0.0005,0.051,0.01143896,114.35,0.012,0.0,BTC-27SEP19-26000-C,10591.71,110.56,0.0095,29.0,0.013,8.0,117.14,5.80814,-4.82136,1.05361,2e-05,0.06332
10761.74,BTC-27SEP19,1563620340469,open,0.0,1657.1,0.0005,0.04,5.428e-05,145.0,0.0005,0.0,BTC-27SEP19-1500-P,10591.71,0.0,0.0,0.0,0.0005,10.6,179.37,0.04966,-0.05227,-0.00694,0.0,-0.00029
10901.78,BTC-27DEC19,1563620340469,open,0.23,217.9,0.19,0.2695,0.22973962,101.93,0.232,0.0,BTC-27DEC19-12000-C,10591.71,99.33,0.223,8.0,0.232,14.8,102.8,28.24186,-9.00292,16.59713,5e-05,0.57731
10761.74,BTC-27SEP19,1563620340470,open,0.32,901.1,0.279,0.3585,0.31853204,106.43,0.32,0.0,BTC-27SEP19-8000-C,10591.71,53.99,0.2665,8.0,0.32,12.2,107.67,12.74495,-9.84724,9.95119,5e-05,0.80856
10901.78,BTC-27DEC19,1563620340470,open,0.16,291.7,0.115,0.2075,0.16129783,101.09,0.177,0.0,BTC-27DEC19-9000-P,10591.71,97.97,0.1545,4.9,0.1615,5.0,101.19,23.73542,-7.50416,-20.46534,5e-05,-0.26728
10761.74,BTC-27SEP19,1563620340470,open,0.65,0.0,0.613,0.6925,0.65285071,109.82,None,0.0,BTC-27SEP19-3750-C,10591.71,0.0,0.5905,8.0,0.6655,8.0,168.92,0.93085,-0.74209,6.90405,0.0,0.99283
10606.19,SYN.BTC-26JUL19,1563620340468,open,0.79,0.0,0.72,0.863,0.79145937,145.19,None,0.0,BTC-26JUL19-19000-P,10591.71,0.0,0.0005,2.3,0.0,0.0,0.0,0.04782,-0.59085,-3.05686,0.0,-0.99894
10606.19,SYN.BTC-26JUL19,1563620340468,open,0.48,0.0,0.4415,0.521,0.48144025,144.6,0.4,0.0,BTC-26JUL19-5500-C,10591.71,0.0,0.4255,4.0,0.534,4.0,500.0,0.00636,-0.07821,0.88516,0.0,0.99988
10761.74,BTC-27SEP19,1563620340470,open,0.1,183.2,0.0545,0.142,0.09814115,106.44,0.1005,0.0,BTC-27SEP19-9000-P,10591.71,102.49,0.0925,19.3,0.099,0.2,107.04,15.40955,-11.9065,-7.44235,7e-05,-0.26834
10761.74,BTC-27SEP19,1563620340471,open,0.0,1054.8,0.0005,0.042,0.00235511,106.44,0.0045,0.0,BTC-27SEP19-4250-P,10591.71,94.09,0.001,10.0,0.0025,3.0,107.45,1.51531,-1.17082,-0.30217,1e-05,-0.01252
10901.78,BTC-27DEC19,1563620340471,open,0.64,27.2,0.605,0.6845,0.64453258,101.09,0.634,0.0,BTC-27DEC19-4000-C,10591.71,0.0,0.632,8.0,0.6785,8.0,149.94,5.36413,-1.69596,15.37942,1e-05,0.9666
10761.74,BTC-27SEP19,1563620340471,open,1.98,0.0,1.859,2.0965,1.97786451,115.15,None,0.0,BTC-27SEP19-32000-P,10591.71,0.0,0.0005,2.6,0.0,0.0,0.0,2.90454,-2.42794,-59.92668,1e-05,-0.9731
10901.78,BTC-27DEC19,1563620340472,open,0.27,55.6,0.2175,0.318,0.26772737,101.09,0.27,0.0,BTC-27DEC19-11000-P,10591.71,99.01,0.2625,4.9,0.2725,0.2,103.0,27.33758,-8.64304,-30.64624,5e-05,-0.37406
10901.78,BTC-27DEC19,1563620340472,open,0.2,187.6,0.164,0.2435,0.20364071,102.29,0.205,0.0,BTC-27DEC19-13000-C,10591.71,99.96,0.1975,8.0,0.207,0.2,103.57,28.69559,-9.17973,15.64497,5e-05,0.53127
10623.47,SYN.BTC-2AUG19,1563620340468,open,0.03,2.4,0.0005,0.0715,0.03161307,116.88,0.0345,0.0,BTC-2AUG19-12500-C,10591.71,113.41,0.0295,3.0,0.0325,0.1,118.32,6.52218,-29.60264,0.87067,0.00014,0.26395
10901.78,BTC-27DEC19,1563620340472,open,0.05,90.6,0.0095,0.089,0.04944757,108.96,0.0525,0.0,BTC-27DEC19-28000-C,10591.71,106.88,0.046,8.0,0.052,8.9,110.46,18.37412,-6.26124,5.83735,3e-05,0.17169
10692.59,SYN.BTC-30AUG19,1563620340468,open,0.04,62.6,0.0005,0.081,0.03959908,111.08,0.042,0.0,BTC-30AUG19-8000-P,10591.71,108.56,0.0375,19.3,0.0415,3.3,113.34,8.94994,-12.16078,-2.47327,6e-05,-0.16695
10606.19,SYN.BTC-26JUL19,1563620340468,open,0.01,263.9,0.0005,0.0515,0.01166222,119.56,0.011,0.0,BTC-26JUL19-12500-C,10591.71,113.95,0.01,8.0,0.0125,30.2,122.27,3.23269,-32.88953,0.248,0.00015,0.15692
10901.78,BTC-27DEC19,1563620340472,open,0.1,552.3,0.0575,0.137,0.09737004,105.72,0.1,0.0,BTC-27DEC19-20000-C,10591.71,104.04,0.0935,8.0,0.1005,2.0,107.07,25.17847,-8.32516,9.79292,5e-05,0.30245
10901.78,BTC-27DEC19,1563620340472,open,0.94,5.7,0.855,1.009,0.93192779,105.72,1.085,0.0,BTC-27DEC19-20000-P,10591.71,94.27,0.9065,2.5,0.9685,2.5,120.96,25.17814,-8.32487,-77.81038,5e-05,-0.69756
10761.74,BTC-27SEP19,1563620340472,open,0.0,597.1,0.0005,0.0405,0.00062475,120.0,0.0005,0.0,BTC-27SEP19-3000-P,10591.71,0.0,0.0,0.0,0.001,4.6,127.2,0.47282,-0.4119,-0.08079,0.0,-0.00335
10901.78,BTC-27DEC19,1563620340472,open,0.07,253.7,0.029,0.1085,0.06868162,107.72,0.0715,0.0,BTC-27DEC19-24000-C,10591.71,106.36,0.066,1.0,0.0705,4.9,108.63,21.72007,-7.31714,7.53572,4e-05,0.22649
10606.19,SYN.BTC-26JUL19,1563620340470,open,0.12,275.3,0.0695,0.158,0.11387633,119.56,0.1155,0.0,BTC-26JUL19-11500-P,10591.71,105.31,0.1075,18.0,0.116,18.0,124.19,4.835,-49.19189,-1.34921,0.00022,-0.67635
10623.47,SYN.BTC-2AUG19,1563620340472,open,0.08,5.1,0.0365,0.1225,0.07958861,114.69,0.085,0.0,BTC-2AUG19-10500-P,10591.71,110.52,0.0765,18.0,0.0815,2.7,117.28,7.8563,-34.99114,-1.93091,0.00017,-0.43566
10761.74,BTC-27SEP19,1563620340474,open,0.55,34.4,0.49,0.6135,0.55162621,109.72,0.6695,0.0,BTC-27SEP19-16000-P,10591.71,89.66,0.5245,2.5,0.564,0.2,118.04,15.63529,-12.45307,-25.89837,7e-05,-0.72369
10623.47,SYN.BTC-2AUG19,1563620340468,open,0.04,37.6,0.0005,0.0815,0.04027875,116.76,0.039,0.0,BTC-2AUG19-9500-P,10591.71,111.43,0.037,26.5,0.042,0.2,119.54,6.57088,-29.79362,-1.15471,0.00014,-0.26785
10606.19,SYN.BTC-26JUL19,1563620340468,open,0.0,214.7,0.0005,0.04,3.731e-05,145.0,0.0005,0.0,BTC-26JUL19-6000-P,10591.71,0.0,0.0,0.0,0.0005,8.1,187.88,0.03328,-0.39568,-0.00128,0.0,-0.00071
10623.47,SYN.BTC-2AUG19,1563620340468,open,0.14,1.0,0.0925,0.183,0.13758342,116.16,0.1445,0.0,BTC-2AUG19-11500-P,10591.71,109.13,0.1325,20.6,0.139,2.8,118.11,7.70676,-34.76391,-2.7655,0.00017,-0.60037
10692.59,SYN.BTC-30AUG19,1563620340468,open,0.45,0.0,0.406,0.4855,0.44597281,111.07,None,0.0,BTC-30AUG19-6000-C,10591.71,0.0,0.3915,4.0,0.498,4.0,210.72,3.13995,-4.26617,6.14436,2e-05,0.9591
10761.74,BTC-27SEP19,1563620340475,open,0.12,208.5,0.0775,0.157,0.11736411,108.34,0.116,0.0,BTC-27SEP19-13000-C,10591.71,105.49,0.1125,8.0,0.12,0.2,109.88,18.39427,-14.4669,6.43024,8e-05,0.43401
10606.19,SYN.BTC-26JUL19,1563620340468,open,0.0,564.7,0.0005,0.04,0.0001409,145.0,0.0005,0.0,BTC-26JUL19-18000-C,10591.71,0.0,0.0,0.0,0.0005,5.5,164.97,0.11166,-1.37779,0.00436,0.0,0.00269
10692.59,SYN.BTC-30AUG19,1563620340472,open,0.11,45.6,0.068,0.1565,0.11240842,110.95,0.119,0.0,BTC-30AUG19-10000-P,10591.71,107.82,0.1085,22.3,0.115,0.2,113.03,13.35027,-18.11897,-5.62307,9e-05,-0.35718
10606.19,SYN.BTC-26JUL19,1563620340471,open,0.0,58.3,0.0005,0.0405,0.00076477,130.85,0.001,0.0,BTC-26JUL19-15500-C,10591.71,0.0,0.0,0.0,0.001,2.9,135.63,0.47488,-5.28757,0.02229,2e-05,0.01382
10692.59,SYN.BTC-30AUG19,1563620340472,open,0.05,106.5,0.0065,0.086,0.04628372,114.33,0.0485,0.0,BTC-30AUG19-15000-C,10591.71,111.66,0.0435,19.3,0.0485,0.2,116.43,11.22469,-15.69829,2.3679,8e-05,0.24403
10623.47,SYN.BTC-2AUG19,1563620340468,open,0.01,71.1,0.0005,0.045,0.00508811,120.54,0.005,0.0,BTC-2AUG19-7500-P,10591.71,117.38,0.0045,1.0,0.0055,5.0,122.65,2.03711,-9.53579,-0.20408,4e-05,-0.04937
10606.19,SYN.BTC-26JUL19,1563620340468,open,0.0,589.5,0.0005,0.042,0.002172,126.09,0.0025,0.0,BTC-26JUL19-8000-P,10591.71,118.04,0.0015,3.0,0.003,2.1,134.21,0.98289,-10.54607,-0.05951,4e-05,-0.03269
10692.59,SYN.BTC-30AUG19,1563620340468,open,0.45,0.0,0.3915,0.507,0.449128,114.34,None,0.0,BTC-30AUG19-15000-P,10591.71,0.0,0.0005,2.3,0.0,0.0,0.0,11.22492,-15.69905,-14.43026,8e-05,-0.75596
10606.19,SYN.BTC-26JUL19,1563620340474,open,0.0,126.8,0.0005,0.04,5.84e-06,145.0,0.001,0.0,BTC-26JUL19-5500-P,10591.71,0.0,0.0,0.0,0.0005,12.0,214.05,0.00659,-0.06195,-0.00022,0.0,-0.00013
229.92,ETH-27DEC19,1563620340477,open,0.04,791.0,0.001,0.075,0.035746,113.76,0.039,0.0,ETH-27DEC19-720-C,226.27,110.97,0.032,50.0,0.04,50.0,116.76,0.31707,-0.11281,0.0921,0.0012,0.1272
10606.19,SYN.BTC-26JUL19,1563620340474,open,0.07,179.9,0.0245,0.104,0.06436854,117.71,0.062,0.0,BTC-26JUL19-10500-C,10591.71,111.99,0.0615,0.5,0.0665,2.5,121.97,5.3146,-53.2357,0.84021,0.00025,0.55648
10606.19,SYN.BTC-26JUL19,1563620340473,open,0.02,449.3,0.0005,0.061,0.02060397,122.31,0.0215,0.0,BTC-26JUL19-9500-P,10591.71,119.32,0.0195,0.2,0.0215,24.0,124.71,3.93761,-40.98316,-0.40317,0.00018,-0.21553
10606.19,SYN.BTC-26JUL19,1563620340468,open,0.46,0.0,0.404,0.5205,0.46217666,130.86,None,0.0,BTC-26JUL19-15500-P,10591.71,0.0,0.0005,1.3,0.0,0.0,0.0,0.47508,-5.29017,-2.47286,2e-05,-0.98617
10623.47,SYN.BTC-2AUG19,1563620340468,open,0.26,0.0,0.217,0.2965,0.25662767,119.99,None,0.0,BTC-2AUG19-8000-C,10591.71,0.0,0.209,1.5,0.2995,0.5,221.49,3.1093,-14.48846,2.46665,7e-05,0.91484
10623.47,SYN.BTC-2AUG19,1563620340468,open,0.02,0.7,0.0005,0.0565,0.01631393,118.14,0.0165,0.0,BTC-2AUG19-8500-P,10591.71,112.23,0.014,32.0,0.0175,0.2,121.05,4.27051,-19.59128,-0.55662,9e-05,-0.13222
10623.47,SYN.BTC-2AUG19,1563620340473,open,0.34,0.0,0.3035,0.383,0.34344245,120.7,None,0.0,BTC-2AUG19-7000-C,10591.71,0.0,0.293,1.5,0.39,0.5,275.39,1.18096,-5.53523,2.36535,2e-05,0.97462
10606.19,SYN.BTC-26JUL19,1563620340468,open,0.0,625.9,0.0005,0.04,0.00025726,139.08,0.0005,0.0,BTC-26JUL19-17000-C,10591.71,0.0,0.0,0.0,0.0005,3.2,149.54,0.18985,-2.24683,0.00786,1e-05,0.00486
10606.19,SYN.BTC-26JUL19,1563620340468,open,0.08,386.7,0.038,0.124,0.08117329,118.08,0.086,0.0,BTC-26JUL19-11000-P,10591.71,111.71,0.078,2.5,0.083,2.1,121.73,5.29286,-53.18239,-1.10647,0.00025,-0.56689
10606.19,SYN.BTC-26JUL19,1563620340468,open,0.29,17.0,0.254,0.3335,0.29373219,129.45,0.246,0.0,BTC-26JUL19-7500-C,10591.71,0.0,0.2795,4.0,0.338,4.0,347.83,0.48576,-5.35088,1.18163,2e-05,0.98581
10606.19,SYN.BTC-26JUL19,1563620340469,open,0.0,580.1,0.0005,0.0405,0.00086698,129.45,0.0025,0.0,BTC-26JUL19-7500-P,10591.71,119.95,0.0005,5.1,0.0015,3.6,140.93,0.48584,-5.35199,-0.02571,2e-05,-0.01419
10623.47,SYN.BTC-2AUG19,1563620340475,open,0.18,0.0,0.14,0.2195,0.17962979,118.14,None,0.0,BTC-2AUG19-9000-C,10591.71,0.0,0.135,1.5,0.2205,0.5,189.36,5.50706,-25.26377,2.3423,0.00012,0.80466
10692.59,SYN.BTC-30AUG19,1563620340468,open,0.14,59.0,0.0955,0.175,0.13545025,110.95,0.137,0.0,BTC-30AUG19-11000-C,10591.71,109.48,0.1335,14.4,0.138,3.3,112.87,14.19007,-19.2584,4.88641,0.0001,0.54352
10606.19,SYN.BTC-26JUL19,1563620340470,open,0.98,0.0,0.901,1.059,0.97998405,146.23,None,0.0,BTC-26JUL19-21000-P,10591.71,0.0,0.0005,2.3,0.0,0.0,0.0,0.00857,-0.10663,-3.38027,0.0,-0.99983
10606.19,SYN.BTC-26JUL19,1563620340472,open,0.37,10.8,0.314,0.423,0.36862085,122.54,0.166,0.0,BTC-26JUL19-14500-P,10591.71,0.0,0.316,2.5,0.4085,2.5,276.28,0.82803,-8.6347,-2.29134,4e-05,-0.97341
10606.19,SYN.BTC-26JUL19,1563620340472,open,0.25,41.7,0.208,0.2875,0.24789479,126.08,0.1785,0.0,BTC-26JUL19-8000-C,10591.71,0.0,0.2005,4.0,0.29,4.0,302.08,0.9828,-10.54476,1.22832,4e-05,0.96732
10606.19,SYN.BTC-26JUL19,1563620340475,open,0.06,313.2,0.0125,0.0965,0.0543574,117.71,0.0535,0.0,BTC-26JUL19-10500-P,10591.71,116.0,0.0535,1.0,0.056,2.1,120.99,5.3146,-53.23613,-0.85006,0.00025,-0.44352
10606.19,SYN.BTC-26JUL19,1563620340475,open,0.0,512.6,0.0005,0.0405,0.00051576,133.39,0.0005,0.0,BTC-26JUL19-16000-C,10591.71,0.0,0.0,0.0,0.001,3.8,145.08,0.34351,-3.89909,0.01537,1e-05,0.00952
10761.74,BTC-27SEP19,1563620340482,open,0.55,34.4,0.49,0.6135,0.55162621,109.72,0.6695,0.0,BTC-27SEP19-16000-P,10591.71,89.25,0.524,2.5,0.564,0.2,118.04,15.63529,-12.45307,-25.89837,7e-05,-0.72369
226.51,SYN.ETH-2AUG19,1563620340488,open,0.19,0.0,0.151,0.23,0.190742,127.71,None,0.0,ETH-2AUG19-190-C,226.27,0.0,0.0,0.0,0.0,0.0,0.0,0.11799,-0.58514,0.04893,0.0051,0.80309
229.92,ETH-27DEC19,1563620340563,open,0.56,82.0,0.502,0.626,0.563908,108.34,0.64,0.0,ETH-27DEC19-320-P,226.27,103.79,0.552,30.0,0.572,30.0,111.41,0.60387,-0.2046,-1.11259,0.00241,-0.54085
226.51,SYN.ETH-2AUG19,1563620340577,open,0.16,0.0,0.11,0.202,0.155874,121.11,None,0.0,ETH-2AUG19-250-P,226.27,0.0,0.0,0.0,0.0,0.0,0.0,0.16125,-0.75832,-0.06244,0.00736,-0.62555
227.03,SYN.ETH-30AUG19,1563620340583,open,0.06,263.0,0.024,0.103,0.063779,118.22,0.065,0.0,ETH-30AUG19-300-C,226.27,116.7,0.062,160.0,0.065,213.0,119.26,0.26659,-0.38551,0.06163,0.00391,0.3062
226.38,SYN.ETH-26JUL19,1563620340603,open,0.13,0.0,0.085,0.175,0.129898,121.89,None,0.0,ETH-26JUL19-250-P,226.27,0.0,0.001,22.0,1.15,1.0,500.0,0.09771,-1.01352,-0.03075,0.00972,-0.71377
229.92,ETH-27DEC19,1563620340652,open,1.66,0.0,1.557,1.769,1.662914,112.38,0.953,0.0,ETH-27DEC19-600-P,226.27,0.0,0.001,100.0,0.0,0.0,0.0,0.39838,-0.14001,-2.50116,0.00153,-0.82065
226.51,SYN.ETH-2AUG19,1563620340774,open,0.04,2.0,0.001,0.08,0.040556,121.12,0.038,0.0,ETH-2AUG19-260-C,226.27,115.72,0.037,200.0,0.042,200.0,123.29,0.15034,-0.70711,0.02163,0.00686,0.31121
229.92,ETH-27DEC19,1563620340785,open,0.14,230.0,0.102,0.181,0.141006,108.65,0.142,0.0,ETH-27DEC19-360-C,226.27,106.29,0.135,110.0,0.148,110.0,111.38,0.58627,-0.19921,0.25669,0.00233,0.39589
227.03,SYN.ETH-30AUG19,1563620340793,open,0.38,0.0,0.33,0.44,0.385158,118.19,None,0.0,ETH-30AUG19-300-P,226.27,0.0,0.0,0.0,0.0,0.0,0.0,0.26656,-0.38537,-0.27434,0.00391,-0.69388
226.38,SYN.ETH-26JUL19,1563620340797,open,0.0,1186.0,0.001,0.04,0.0,145.0,0.001,0.0,ETH-26JUL19-520-C,226.27,0.0,0.0,0.0,0.001,300.0,262.22,1e-05,-4e-05,0.0,0.0,0.0
226.38,SYN.ETH-26JUL19,1563620340845,open,0.0,1076.0,0.001,0.04,0.0,145.0,0.005,0.0,ETH-26JUL19-600-C,226.27,0.0,0.0,0.0,0.001,300.0,299.62,0.0,0.0,0.0,0.0,0.0
229.92,ETH-27DEC19,1563620340889,open,0.05,424.0,0.007,0.086,0.046072,112.65,0.039,0.0,ETH-27DEC19-640-C,226.27,110.05,0.042,40.0,0.05,40.0,115.06,0.36806,-0.12967,0.11329,0.00141,0.15856
227.03,SYN.ETH-30AUG19,1563620340910,open,0.33,0.0,0.291,0.37,0.330386,119.87,None,0.0,ETH-30AUG19-160-C,226.27,0.0,0.0,0.0,0.0,0.0,0.0,0.17046,-0.24994,0.13423,0.00246,0.85834
226.38,SYN.ETH-26JUL19,1563620340924,open,0.2,0.0,0.156,0.251,0.203385,121.9,None,0.0,ETH-26JUL19-270-P,226.27,0.0,0.002,40.0,0.0,0.0,0.0,0.0652,-0.67628,-0.0386,0.00648,-0.85588
226.51,SYN.ETH-2AUG19,1563620340975,open,0.19,0.0,0.141,0.235,0.188409,121.12,None,0.0,ETH-2AUG19-260-P,226.27,0.0,0.0,0.0,0.0,0.0,0.0,0.15034,-0.70709,-0.07009,0.00686,-0.6888
227.03,SYN.ETH-30AUG19,1563620340998,open,0.05,255.0,0.011,0.09,0.050108,118.84,0.052,0.0,ETH-30AUG19-320-C,226.27,116.86,0.048,160.0,0.051,193.0,119.67,0.24309,-0.35336,0.05165,0.00354,0.25326
227.03,SYN.ETH-30AUG19,1563620341100,open,0.04,558.0,0.001,0.076,0.03514,119.87,0.043,0.0,ETH-30AUG19-160-P,226.27,115.63,0.032,200.0,0.037,200.0,122.33,0.17046,-0.24994,-0.04495,0.00246,-0.14166
229.92,ETH-27DEC19,1563620341125,open,0.53,0.0,0.488,0.567,0.527594,108.45,None,0.0,ETH-27DEC19-120-C,226.27,0.0,0.001,1200.0,2.47,1.0,500.0,0.2728,-0.09252,0.37206,0.00109,0.89704
227.03,SYN.ETH-30AUG19,1563620341221,open,0.46,0.0,0.402,0.518,0.459616,118.84,None,0.0,ETH-30AUG19-320-P,226.27,0.0,0.0,0.0,0.0,0.0,0.0,0.24309,-0.35336,-0.30671,0.00354,-0.74674
226.51,SYN.ETH-2AUG19,1563620341266,open,0.16,0.0,0.12,0.199,0.15913,126.03,None,0.0,ETH-2AUG19-200-C,226.27,112.46,0.151,169.0,0.159,155.0,125.82,0.13792,-0.67499,0.04644,0.00605,0.74027
229.92,ETH-27DEC19,1563620341320,open,0.12,498.0,0.078,0.157,0.117243,109.28,0.109,0.0,ETH-27DEC19-400-C,226.27,106.7,0.111,110.0,0.124,150.0,112.04,0.55948,-0.1912,0.22745,0.00221,0.34309
229.92,ETH-27DEC19,1563620341325,open,0.05,1058.0,0.008,0.091,0.049514,108.45,0.043,0.0,ETH-27DEC19-120-P,226.27,105.45,0.046,227.0,0.053,140.0,111.36,0.2728,-0.09252,-0.15356,0.00109,-0.10296
226.38,SYN.ETH-26JUL19,1563620341351,open,0.24,867.0,0.194,0.293,0.243519,121.88,0.42,0.0,ETH-26JUL19-280-P,226.27,0.0,0.223,30.0,0.268,30.0,198.89,0.04939,-0.51223,-0.04177,0.00491,-0.90275
226.51,SYN.ETH-2AUG19,1563620341383,open,0.22,0.0,0.175,0.272,0.223236,121.12,None,0.0,ETH-2AUG19-270-P,226.27,0.0,0.0,0.0,0.0,0.0,0.0,0.13665,-0.64271,-0.07735,0.00623,-0.74485
226.38,SYN.ETH-26JUL19,1563620341399,open,0.34,0.0,0.298,0.377,0.337953,141.92,None,0.0,ETH-26JUL19-150-C,226.27,0.0,0.0,0.0,0.0,0.0,0.0,0.00682,-0.0823,0.02381,0.00058,0.99124
226.38,SYN.ETH-26JUL19,1563620341405,open,1.29,0.0,1.206,1.388,1.297031,144.78,None,0.0,ETH-26JUL19-520-P,226.27,0.0,0.0,0.0,0.0,0.0,0.0,1e-05,-8e-05,-0.08371,0.0,-1.0
227.03,SYN.ETH-30AUG19,1563620341424,open,0.04,1060.0,0.001,0.079,0.039621,119.62,0.041,0.0,ETH-30AUG19-340-C,226.27,116.87,0.037,160.0,0.041,218.0,121.05,0.21855,-0.31979,0.04315,0.00317,0.20933
226.51,SYN.ETH-2AUG19,1563620341458,open,0.04,3.0,0.001,0.083,0.042096,126.03,0.059,0.0,ETH-2AUG19-200-P,226.27,120.92,0.039,200.0,0.044,150.0,129.15,0.13792,-0.67499,-0.02412,0.00605,-0.25973
10901.76,BTC-27DEC19,1563620341470,open,0.04,275.2,0.003,0.0825,0.04260119,109.64,0.0445,0.0,BTC-27DEC19-30000-C,10591.71,107.27,0.039,14.0,0.045,10.0,111.17,16.89665,-5.79382,5.17583,3e-05,0.15099
10901.76,BTC-27DEC19,1563620341494,open,0.06,224.5,0.021,0.1055,0.0630365,101.09,0.0845,0.0,BTC-27DEC19-6500-P,10591.71,96.47,0.0565,6.0,0.062,5.0,100.37,15.5897,-4.92885,-9.41126,3e-05,-0.13405
10606.22,SYN.BTC-26JUL19,1563620341496,open,0.02,593.8,0.0005,0.0585,0.01889153,119.56,0.02,0.0,BTC-26JUL19-12000-C,10591.71,113.24,0.0165,0.2,0.02,24.0,122.41,4.08844,-41.59547,0.36083,0.00019,0.23023
10692.63,SYN.BTC-30AUG19,1563620341522,open,0.23,6.4,0.1895,0.269,0.22904825,111.08,0.2395,0.0,BTC-30AUG19-9000-C,10591.71,103.11,0.2205,9.0,0.2325,0.2,114.26,11.56074,-15.70752,6.14213,8e-05,0.74198
10623.5,SYN.BTC-2AUG19,1563620341530,open,0.21,0.0,0.16,0.2565,0.20825366,116.88,None,0.0,BTC-2AUG19-12500-P,10591.71,0.0,0.01,10.0,0.0,0.0,0.0,6.52241,-29.60496,-3.53876,0.00014,-0.73604
229.91,ETH-27DEC19,1563620341543,open,0.86,16.0,0.783,0.931,0.856979,109.25,1.195,0.0,ETH-27DEC19-400-P,226.27,81.58,0.795,110.0,0.925,110.0,136.09,0.55937,-0.19112,-1.52468,0.00221,-0.65704
10901.76,BTC-27DEC19,1563620341576,open,0.02,75.9,0.0005,0.0585,0.01794135,101.09,0.025,0.0,BTC-27DEC19-4500-P,10591.71,94.04,0.0135,11.0,0.0185,16.0,101.92,7.29295,-2.30574,-3.18481,1e-05,-0.04875
10761.71,BTC-27SEP19,1563620341581,open,0.2,152.5,0.1485,0.2435,0.19611946,106.44,0.2025,0.0,BTC-27SEP19-11000-P,10591.71,103.73,0.1915,14.4,0.201,14.4,109.3,18.33755,-14.16883,-12.65564,8e-05,-0.42708
10623.5,SYN.BTC-2AUG19,1563620341599,open,0.01,156.7,0.0005,0.0495,0.00974162,119.11,0.01,0.0,BTC-2AUG19-14500-C,10591.71,116.83,0.009,5.0,0.01,5.0,119.89,3.51454,-16.25603,0.34013,7e-05,0.1005
10761.76,BTC-27SEP19,1563620341614,open,0.0,423.0,0.0005,0.0415,0.00161527,106.64,0.002,0.0,BTC-27SEP19-4000-P,10591.71,0.0,0.0,0.0,0.002,3.5,110.05,1.12942,-0.8743,-0.21431,0.0,-0.00894
227.03,SYN.ETH-30AUG19,1563620341614,open,0.54,0.0,0.476,0.598,0.537222,119.62,None,0.0,ETH-30AUG19-340-P,226.27,0.0,0.0,0.0,0.0,0.0,0.0,0.21855,-0.31979,-0.33761,0.00317,-0.79067
10761.76,BTC-27SEP19,1563620341645,open,0.63,227.5,0.59,0.6695,0.62992715,106.62,0.7065,0.0,BTC-27SEP19-4000-C,10591.71,0.0,0.5685,8.0,0.6925,8.0,257.71,1.12865,-0.87357,7.33389,0.0,0.99107
226.51,SYN.ETH-2AUG19,1563620341653,open,0.13,0.0,0.091,0.17,0.130835,124.61,None,0.0,ETH-2AUG19-210-C,226.27,116.0,0.125,150.0,0.131,186.0,124.86,0.15404,-0.7454,0.04309,0.00683,0.67017
10761.77,BTC-27SEP19,1563620341669,open,0.0,432.4,0.0005,0.0405,0.00090278,111.02,0.003,0.0,BTC-27SEP19-3500-P,10591.71,0.0,0.0,0.0,0.0015,4.7,118.84,0.68582,-0.55273,-0.12153,0.0,-0.00508
10692.63,SYN.BTC-30AUG19,1563620341675,open,0.36,0.0,0.3245,0.404,0.36419458,111.08,None,0.0,BTC-30AUG19-7000-C,10591.71,0.0,0.313,4.0,0.371,4.0,122.63,5.92956,-8.05648,6.50591,4e-05,0.90751
10623.5,SYN.BTC-2AUG19,1563620341675,open,0.0,30.0,0.0005,0.042,0.00236176,120.7,0.0035,0.0,BTC-2AUG19-7000-P,10591.71,111.88,0.0015,2.0,0.003,2.7,126.05,1.18114,-5.5364,-0.10398,2e-05,-0.02538
10761.77,BTC-27SEP19,1563620341698,open,0.61,9.2,0.5675,0.647,0.60743745,106.43,0.574,0.0,BTC-27SEP19-4250-C,10591.71,0.0,0.547,8.0,0.669,8.0,243.65,1.51482,-1.17036,7.71772,1e-05,0.98748
10692.63,SYN.BTC-30AUG19,1563620341698,open,0.3,17.1,0.2435,0.3465,0.29511643,112.78,0.289,0.0,BTC-30AUG19-13000-P,10591.71,70.58,0.2455,2.5,0.3035,0.2,119.36,13.52295,-18.65497,-11.06504,9e-05,-0.62894
10761.74,BTC-27SEP19,1563620341724,open,0.14,202.9,0.0975,0.1885,0.14313717,106.44,0.15,0.0,BTC-27SEP19-10000-P,10591.71,102.93,0.1375,19.3,0.146,5.0,108.22,17.28456,-13.35523,-9.97957,7e-05,-0.34828
10623.5,SYN.BTC-2AUG19,1563620341733,open,0.12,10.0,0.0765,0.156,0.11647519,115.6,0.109,0.0,BTC-2AUG19-10000-C,10591.71,112.03,0.114,18.0,0.1185,2.6,118.51,7.38536,-33.15254,2.00192,0.00016,0.65067
10623.5,SYN.BTC-2AUG19,1563620341736,open,0.29,0.0,0.2375,0.34,0.28886844,118.81,None,0.0,BTC-2AUG19-13500-P,10591.71,0.0,0.01,10.0,0.0,0.0,0.0,5.01025,-23.11616,-4.20062,0.00011,-0.83204
10606.22,SYN.BTC-26JUL19,1563620341736,open,0.0,279.1,0.0005,0.04,0.00017245,145.0,0.0005,0.0,BTC-26JUL19-6500-P,10591.71,0.0,0.0,0.0,0.0005,5.0,163.69,0.12121,-1.49564,-0.00533,0.0,-0.00295
10692.59,SYN.BTC-30AUG19,1563620341750,open,0.23,1.3,0.1775,0.275,0.2262175,112.02,0.244,0.0,BTC-30AUG19-12000-P,10591.71,108.45,0.2215,14.4,0.231,14.4,115.62,14.17219,-19.41925,-9.26934,0.0001,-0.54787
229.91,ETH-27DEC19,1563620341760,open,0.11,586.0,0.069,0.157,0.11262,107.85,0.167,0.0,ETH-27DEC19-160-P,226.27,105.3,0.108,40.0,0.116,140.0,109.71,0.41766,-0.14088,-0.30836,0.00167,-0.19358
10901.76,BTC-27DEC19,1563620341778,open,2.34,1.3,2.198,2.464,2.33092167,111.79,2.792,0.0,BTC-27DEC19-36000-P,10591.71,0.0,0.001,2.1,0.0,0.0,0.0,13.26657,-4.63832,-153.96444,2e-05,-0.89337
226.51,SYN.ETH-2AUG19,1563620341782,open,0.26,0.0,0.21,0.31,0.260023,121.15,None,0.0,ETH-2AUG19-280-P,226.27,0.0,0.0,0.0,0.0,0.0,0.0,0.12147,-0.57148,-0.08416,0.00554,-0.7933
10761.77,BTC-27SEP19,1563620341789,open,0.72,1.0,0.65,0.787,0.71853773,111.91,1.5815,0.0,BTC-27SEP19-18000-P,10591.71,0.0,0.0055,0.5,1.3195,0.3,500.0,13.37914,-10.86905,-30.68498,5e-05,-0.79248
10623.5,SYN.BTC-2AUG19,1563620341825,open,0.07,21.4,0.0315,0.111,0.07119409,115.35,0.0705,0.0,BTC-2AUG19-11000-C,10591.71,112.41,0.069,18.0,0.073,2.6,117.76,7.94913,-35.60574,1.5286,0.00017,0.47909
227.03,SYN.ETH-30AUG19,1563620341840,open,0.1,208.0,0.053,0.14,0.096586,119.29,0.109,0.0,ETH-30AUG19-200-P,226.27,115.36,0.092,160.0,0.1,486.0,122.21,0.26516,-0.38691,-0.10147,0.00385,-0.30253
10901.78,BTC-27DEC19,1563620341855,open,0.16,241.9,0.123,0.2025,0.16263845,103.46,0.1575,0.0,BTC-27DEC19-15000-C,10591.71,101.31,0.157,12.0,0.166,3.8,104.75,28.56482,-9.24292,13.75969,5e-05,0.45079
10692.63,SYN.BTC-30AUG19,1563620341866,open,0.04,57.6,0.0005,0.075,0.03531511,114.92,0.0345,0.0,BTC-30AUG19-16000-C,10591.71,112.39,0.033,19.3,0.037,0.2,116.72,9.89839,-13.91402,1.92495,7e-05,0.19607
227.55,ETH-27SEP19,1563620341890,open,0.15,1656.0,0.105,0.184,0.144057,113.12,0.141,0.0,ETH-27SEP19-260-C,226.27,110.2,0.139,120.0,0.15,230.0,116.55,0.39421,-0.32373,0.14845,0.00357,0.48979
10692.63,SYN.BTC-30AUG19,1563620341893,open,0.17,17.3,0.118,0.2105,0.16420107,110.95,0.172,0.0,BTC-30AUG19-11000-P,10591.71,108.17,0.1605,14.4,0.167,3.3,113.06,14.1901,-19.25886,-7.43225,0.0001,-0.45647
227.55,ETH-27SEP19,1563620341896,open,0.0,489.0,0.001,0.041,0.001351,137.94,0.002,0.0,ETH-27SEP19-60-P,226.27,0.0,0.0,0.0,0.003,300.0,155.3,0.0163,-0.01632,-0.00307,0.00012,-0.0058
226.38,SYN.ETH-26JUL19,1563620341896,open,0.3,0.0,0.255,0.334,0.294729,141.22,None,0.0,ETH-26JUL19-160-C,226.27,0.0,0.0,0.0,0.0,0.0,0.0,0.0147,-0.17668,0.02492,0.00126,0.97864
227.55,ETH-27SEP19,1563620341898,open,0.25,1291.0,0.209,0.288,0.248721,112.95,0.194,0.0,ETH-27SEP19-200-C,226.27,107.88,0.241,221.0,0.259,228.0,119.7,0.34654,-0.28414,0.19137,0.00314,0.6944
227.55,ETH-27SEP19,1563620341906,open,0.01,4420.0,0.001,0.049,0.00963,119.0,0.01,0.0,ETH-27SEP19-600-C,226.27,115.32,0.008,200.0,0.011,150.0,121.8,0.10665,-0.09213,0.01859,0.00092,0.05292
227.55,ETH-27SEP19,1563620341906,open,0.42,769.0,0.363,0.475,0.418985,113.78,0.391,0.0,ETH-27SEP19-300-P,226.27,93.85,0.387,110.0,0.455,110.0,135.19,0.37559,-0.31023,-0.44721,0.00338,-0.62253
226.38,SYN.ETH-26JUL19,1563620341915,open,0.68,504.0,0.612,0.745,0.678771,145.0,0.168,0.0,ETH-26JUL19-380-P,226.27,0.0,0.0,0.0,0.0,0.0,0.0,0.00281,-0.03466,-0.06106,0.00023,-0.99677
10761.77,BTC-27SEP19,1563620341917,open,0.1,172.0,0.056,0.1355,0.09586146,108.66,0.102,0.0,BTC-27SEP19-14000-C,10591.71,106.31,0.092,8.0,0.099,0.2,110.56,17.71181,-13.9712,5.6481,7e-05,0.37399
10761.77,BTC-27SEP19,1563620341934,open,0.0,122.0,0.0005,0.041,0.00130957,109.84,0.0015,0.0,BTC-27SEP19-3750-P,10591.71,105.94,0.001,3.0,0.0015,3.6,111.94,0.93189,-0.74309,-0.17245,0.0,-0.00718
226.38,SYN.ETH-26JUL19,1563620341959,open,0.21,100.0,0.172,0.251,0.211724,137.47,0.143,0.0,ETH-26JUL19-180-C,226.27,0.0,0.0,0.0,0.0,0.0,0.0,0.04291,-0.502,0.02579,0.00378,0.91948
10901.78,BTC-27DEC19,1563620341961,open,0.15,163.1,0.1055,0.185,0.14502534,103.61,0.1385,0.0,BTC-27DEC19-16000-C,10591.71,101.66,0.14,8.0,0.149,3.8,105.15,28.11639,-9.11053,12.85532,5e-05,0.41424
227.55,ETH-27SEP19,1563620341962,open,0.08,1841.0,0.045,0.124,0.084229,114.09,0.079,0.0,ETH-27SEP19-320-C,226.27,111.38,0.08,160.0,0.089,270.0,117.1,0.35793,-0.29644,0.10549,0.00321,0.3299
229.91,ETH-27DEC19,1563620341962,open,0.33,90.0,0.29,0.369,0.32954,107.44,0.324,0.0,ETH-27DEC19-200-C,226.27,101.48,0.316,252.0,0.341,250.0,112.5,0.52139,-0.17519,0.3825,0.0021,0.70937
227.55,ETH-27SEP19,1563620341964,open,0.49,496.0,0.431,0.55,0.490513,114.09,0.44,0.0,ETH-27SEP19-320-P,226.27,82.73,0.445,30.0,0.504,110.0,122.54,0.35793,-0.29644,-0.49835,0.00321,-0.6701
227.55,ETH-27SEP19,1563620341964,open,0.23,2368.0,0.179,0.276,0.227601,112.95,0.237,0.0,ETH-27SEP19-240-P,226.27,109.11,0.221,120.0,0.232,120.0,115.51,0.39067,-0.32033,-0.28907,0.00354,-0.44561
226.38,SYN.ETH-26JUL19,1563620341966,open,0.1,1348.0,0.055,0.141,0.098045,121.9,0.135,0.0,ETH-26JUL19-240-P,226.27,117.66,0.096,150.0,0.101,131.0,127.99,0.10953,-1.13615,-0.0261,0.01089,-0.61808
226.38,SYN.ETH-26JUL19,1563620341968,open,0.0,3965.0,0.001,0.04,0.000432,144.96,0.001,0.0,ETH-26JUL19-360-C,226.27,0.0,0.0,0.0,0.001,300.0,160.53,0.00598,-0.07374,0.00026,0.0005,0.00754
227.55,ETH-27SEP19,1563620341970,open,0.72,259.0,0.653,0.789,0.720875,115.62,0.94,0.0,ETH-27SEP19-380-P,226.27,0.0,0.009,8.0,0.0,0.0,0.0,0.2932,-0.2461,-0.64416,0.0026,-0.77931
227.55,ETH-27SEP19,1563620341970,open,1.3,12.0,1.211,1.394,1.302875,118.85,1.193,0.0,ETH-27SEP19-520-P,226.27,0.0,0.0,0.0,0.0,0.0,0.0,0.16009,-0.13812,-0.95032,0.00138,-0.91032
227.55,ETH-27SEP19,1563620341976,open,0.49,47.0,0.449,0.528,0.488408,112.98,0.689,0.0,ETH-27SEP19-120-C,226.27,0.0,0.001,100.0,0.0,0.0,0.0,0.11878,-0.09742,0.19362,0.00108,0.93933
227.55,ETH-27SEP19,1563620341976,open,0.17,2078.0,0.128,0.221,0.174275,112.85,0.178,0.0,ETH-27SEP19-220-P,226.27,109.05,0.168,160.0,0.179,160.0,115.72,0.37538,-0.30753,-0.23662,0.0034,-0.37678
227.55,ETH-27SEP19,1563620341978,open,0.64,233.0,0.577,0.707,0.641948,115.02,0.763,0.0,ETH-27SEP19-360-P,226.27,0.0,0.0,0.0,0.99,1.0,324.34,0.31541,-0.26335,-0.59685,0.00281,-0.74804
227.55,ETH-27SEP19,1563620341978,open,0.3,779.0,0.257,0.336,0.296993,112.96,0.227,0.0,ETH-27SEP19-180-C,226.27,54.75,0.227,99.0,0.609,10.0,354.06,0.30363,-0.249,0.20103,0.00275,0.76518
226.38,SYN.ETH-26JUL19,1563620341986,open,0.0,1920.0,0.001,0.04,0.000172,145.0,0.001,0.0,ETH-26JUL19-380-C,226.27,0.0,0.0,0.0,0.001,300.0,176.11,0.00281,-0.03466,0.00011,0.00023,0.00323
227.55,ETH-27SEP19,1563620342000,open,0.0,2060.0,0.001,0.042,0.002633,120.85,0.002,0.0,ETH-27SEP19-80-P,226.27,105.1,0.001,196.0,0.004,200.0,129.59,0.03111,-0.02729,-0.00633,0.00026,-0.0121
226.38,SYN.ETH-26JUL19,1563620342003,open,0.0,1872.0,0.001,0.04,0.000556,133.37,0.001,0.0,ETH-26JUL19-340-C,226.27,0.0,0.0,0.0,0.001,220.0,143.77,0.00779,-0.08836,0.00035,0.00071,0.0102
227.55,ETH-27SEP19,1563620342009,open,0.01,1934.0,0.001,0.053,0.013038,119.0,0.012,0.0,ETH-27SEP19-560-C,226.27,115.29,0.011,200.0,0.015,140.0,122.27,0.13117,-0.11331,0.024,0.00113,0.06894
10692.63,SYN.BTC-30AUG19,1563620342012,open,0.01,157.1,0.0005,0.047,0.00711088,111.08,0.006,0.0,BTC-30AUG19-6000-P,10591.71,107.13,0.006,24.0,0.007,3.1,110.7,3.14034,-4.26695,-0.57502,2e-05,-0.04091
10761.71,BTC-27SEP19,1563620342013,open,0.26,377.8,0.222,0.3015,0.26184139,106.43,0.267,0.0,BTC-27SEP19-9000-C,10591.71,102.0,0.2555,3.5,0.265,5.0,108.64,15.40954,-11.9063,9.54072,7e-05,0.73166
227.55,ETH-27SEP19,1563620342039,open,0.01,4110.0,0.001,0.046,0.006178,112.98,0.012,0.0,ETH-27SEP19-100-P,226.27,104.06,0.004,374.0,0.008,200.0,119.17,0.06235,-0.05114,-0.01441,0.00056,-0.02739
226.38,SYN.ETH-26JUL19,1563620342039,open,0.17,867.0,0.119,0.211,0.165274,121.9,0.163,0.0,ETH-26JUL19-260-P,226.27,0.0,0.148,30.0,0.202,30.0,207.81,0.082,-0.85064,-0.03493,0.00815,-0.79332
227.03,SYN.ETH-30AUG19,1563620342039,open,0.17,114.0,0.13,0.209,0.169437,117.52,0.154,0.0,ETH-30AUG19-220-C,226.27,114.84,0.166,120.0,0.17,223.0,117.95,0.29172,-0.41934,0.11175,0.0043,0.60896
227.55,ETH-27SEP19,1563620342041,open,0.57,0.0,0.527,0.606,0.566714,112.98,None,0.0,ETH-27SEP19-100-C,226.27,0.0,0.003,10.0,0.0,0.0,0.0,0.06235,-0.05114,0.17429,0.00056,0.97261
226.38,SYN.ETH-26JUL19,1563620342041,open,0.41,519.0,0.358,0.471,0.41457,125.83,0.465,0.0,ETH-26JUL19-320-P,226.27,0.0,0.051,5.0,0.0,0.0,0.0,0.01295,-0.13866,-0.05088,0.00125,-0.98161
226.38,SYN.ETH-26JUL19,1563620342041,open,0.0,1986.0,0.001,0.041,0.001013,125.83,0.001,0.0,ETH-26JUL19-320-C,226.27,0.0,0.0,0.0,0.002,561.0,139.44,0.01295,-0.13866,0.00063,0.00125,0.01839
227.55,ETH-27SEP19,1563620342043,open,0.04,4202.0,0.004,0.083,0.04317,115.98,0.041,0.0,ETH-27SEP19-400-C,226.27,113.27,0.04,358.0,0.046,270.0,118.33,0.27062,-0.22784,0.06423,0.00239,0.19276
227.55,ETH-27SEP19,1563620342046,open,0.35,392.0,0.313,0.392,0.352939,112.97,0.51,0.0,ETH-27SEP19-160-C,226.27,0.0,0.1,10.0,0.0,0.0,0.0,0.24801,-0.20338,0.20581,0.00225,0.83224
226.38,SYN.ETH-26JUL19,1563620342071,open,0.04,1115.0,0.001,0.077,0.037877,121.9,0.035,0.0,ETH-26JUL19-240-C,226.27,113.85,0.034,200.0,0.039,165.0,124.22,0.10953,-1.13615,0.01254,0.01089,0.38192
226.38,SYN.ETH-26JUL19,1563620342071,open,0.01,1311.0,0.001,0.047,0.00685,137.47,0.008,0.0,ETH-26JUL19-180-P,226.27,127.01,0.005,251.0,0.008,119.0,143.33,0.04291,-0.502,-0.00318,0.00378,-0.08052
10901.76,BTC-27DEC19,1563620342075,open,0.04,85.9,0.0005,0.078,0.03658926,101.09,0.0325,0.0,BTC-27DEC19-5500-P,10591.71,95.63,0.031,11.0,0.0365,16.0,101.01,11.46076,-3.62344,-5.91928,2e-05,-0.08737
10606.22,SYN.BTC-26JUL19,1563620342077,open,0.0,634.0,0.0005,0.041,0.00103755,126.4,0.001,0.0,BTC-26JUL19-15000-C,10591.71,114.8,0.0005,20.0,0.0015,0.6,133.43,0.61586,-6.62451,0.03018,3e-05,0.01872
10623.5,SYN.BTC-2AUG19,1563620342079,open,0.01,4.4,0.0005,0.05,0.00967808,120.0,0.01,0.0,BTC-2AUG19-8000-P,10591.71,117.64,0.009,5.0,0.0105,3.1,122.76,3.10936,-14.48906,-0.35543,7e-05,-0.08516
10761.74,BTC-27SEP19,1563620342080,open,0.07,173.2,0.025,0.1045,0.06486939,109.71,0.0685,0.0,BTC-27SEP19-16000-C,10591.71,107.37,0.0615,8.0,0.068,19.3,111.85,15.63466,-12.45179,4.29347,7e-05,0.27629
226.38,SYN.ETH-26JUL19,1563620342092,open,0.02,7475.0,0.001,0.062,0.021223,132.69,0.021,0.0,ETH-26JUL19-200-P,226.27,126.46,0.019,200.0,0.023,137.0,137.56,0.08186,-0.92435,-0.00828,0.00748,-0.20608
227.55,ETH-27SEP19,1563620342105,open,0.09,4976.0,0.045,0.131,0.088028,112.96,0.094,0.0,ETH-27SEP19-180-P,226.27,109.19,0.083,160.0,0.091,300.0,115.19,0.30363,-0.249,-0.13863,0.00275,-0.23482
227.55,ETH-27SEP19,1563620342105,open,0.06,1729.0,0.02,0.099,0.059878,115.02,0.051,0.0,ETH-27SEP19-360-C,226.27,112.19,0.056,160.0,0.064,270.0,117.96,0.31541,-0.26335,0.08248,0.00281,0.25196
10692.63,SYN.BTC-30AUG19,1563620342105,open,0.03,19.5,0.0005,0.067,0.0270268,115.5,0.026,0.0,BTC-30AUG19-17000-C,10591.71,112.3,0.0245,19.3,0.029,27.3,117.92,8.60397,-12.15628,1.55805,6e-05,0.15714
227.55,ETH-27SEP19,1563620342110,open,0.03,7577.0,0.001,0.073,0.032092,112.98,0.038,0.0,ETH-27SEP19-140-P,226.27,109.09,0.029,401.0,0.034,340.0,115.32,0.18392,-0.15085,-0.06033,0.00167,-0.1084
10761.77,BTC-27SEP19,1563620342113,open,0.06,464.6,0.0195,0.104,0.06190937,106.44,0.0575,0.0,BTC-27SEP19-8000-P,10591.71,101.83,0.0565,19.3,0.0615,0.2,106.09,12.74505,-9.84762,-5.14497,5e-05,-0.19144
10692.59,SYN.BTC-30AUG19,1563620342119,open,0.11,45.6,0.068,0.1565,0.11240675,110.95,0.119,0.0,BTC-30AUG19-10000-P,10591.71,107.82,0.1085,22.3,0.1155,3.4,113.43,13.35027,-18.11897,-5.62307,9e-05,-0.35718
227.55,ETH-27SEP19,1563620342122,open,0.17,1656.0,0.133,0.212,0.172888,112.95,0.153,0.0,ETH-27SEP19-240-C,226.27,110.1,0.168,120.0,0.179,230.0,116.51,0.39067,-0.32033,0.16381,0.00354,0.55439
227.55,ETH-27SEP19,1563620342132,open,0.1,3017.0,0.061,0.14,0.100593,113.78,0.092,0.0,ETH-27SEP19-300-C,226.27,110.99,0.096,160.0,0.105,110.0,116.44,0.37559,-0.31023,0.11889,0.00338,0.37747
226.38,SYN.ETH-26JUL19,1563620342132,open,0.02,642.0,0.001,0.056,0.016759,121.9,0.02,0.0,ETH-26JUL19-260-C,226.27,111.12,0.013,200.0,0.017,373.0,122.56,0.082,-0.85064,0.00692,0.00815,0.20668
10761.77,BTC-27SEP19,1563620342144,open,0.17,408.1,0.134,0.2135,0.17397818,106.43,0.178,0.0,BTC-27SEP19-11000-C,10591.71,103.81,0.1695,13.0,0.178,0.2,108.8,18.33763,-14.16862,8.10154,8e-05,0.57292
10761.77,BTC-27SEP19,1563620342157,open,0.06,464.6,0.0195,0.104,0.06190937,106.44,0.0575,0.0,BTC-27SEP19-8000-P,10591.71,101.83,0.0565,19.3,0.062,19.3,106.51,12.74505,-9.84762,-5.14497,5e-05,-0.19144
10623.5,SYN.BTC-2AUG19,1563620342169,open,0.04,11.6,0.0025,0.082,0.04205631,116.7,0.0395,0.0,BTC-2AUG19-12000-C,10591.71,112.91,0.0395,3.0,0.0435,0.2,118.82,7.2056,-32.65478,1.07046,0.00016,0.3277
10606.22,SYN.BTC-26JUL19,1563620342179,open,0.0,493.2,0.0005,0.042,0.00230028,119.56,0.0035,0.0,BTC-26JUL19-14000-C,10591.71,104.49,0.001,10.8,0.003,30.0,125.5,1.15233,-11.72372,0.06384,5e-05,0.03969
10901.75,BTC-27DEC19,1563620342193,open,0.6,6.5,0.5655,0.645,0.60516355,101.09,0.575,0.0,BTC-27DEC19-4500-C,10591.71,0.0,0.543,8.0,0.665,8.0,166.81,7.29294,-2.30574,16.52589,1e-05,0.95125
10901.76,BTC-27DEC19,1563620342208,open,0.27,55.6,0.2175,0.318,0.26772889,101.09,0.27,0.0,BTC-27DEC19-11000-P,10591.71,99.01,0.2625,4.9,0.273,3.8,103.2,27.33757,-8.64299,-30.64626,5e-05,-0.37406
10692.64,SYN.BTC-30AUG19,1563620342208,open,0.07,50.0,0.028,0.1135,0.07075268,111.08,0.077,0.0,BTC-30AUG19-9000-P,10591.71,108.06,0.0675,19.3,0.073,0.2,113.15,11.56079,-15.70803,-3.93688,8e-05,-0.25802
10606.22,SYN.BTC-26JUL19,1563620342270,open,0.01,765.6,0.0005,0.0465,0.00698016,119.56,0.0075,0.0,BTC-26JUL19-13000-C,10591.71,110.16,0.005,13.9,0.0075,30.0,121.81,2.40967,-24.51584,0.1636,0.00011,0.1028
226.51,SYN.ETH-2AUG19,1563620342284,open,0.08,2.0,0.035,0.12,0.077289,123.42,0.093,0.0,ETH-2AUG19-220-P,226.27,118.9,0.074,150.0,0.079,165.0,125.77,0.16484,-0.78999,-0.0385,0.00738,-0.40451
10623.5,SYN.BTC-2AUG19,1563620342311,open,0.03,0.7,0.0005,0.064,0.0244807,118.8,0.0255,0.0,BTC-2AUG19-13000-C,10591.71,117.0,0.0235,19.8,0.0255,24.1,120.65,5.81165,-26.81169,0.70961,0.00012,0.21383
10623.5,SYN.BTC-2AUG19,1563620342326,open,0.0,6.1,0.0005,0.041,0.00100275,121.69,0.0015,0.0,BTC-2AUG19-6500-P,10591.71,110.91,0.0005,47.0,0.0015,3.9,129.2,0.61409,-2.90199,-0.04797,1e-05,-0.0118
226.38,SYN.ETH-26JUL19,1563620342340,open,0.94,0.0,0.866,1.021,0.943651,145.0,None,0.0,ETH-26JUL19-440-P,226.27,0.0,0.0,0.0,0.0,0.0,0.0,0.00023,-0.00288,-0.07082,2e-05,-0.99978
10761.77,BTC-27SEP19,1563620342347,open,0.68,261.1,0.636,0.7155,0.67567566,110.99,0.714,0.0,BTC-27SEP19-3500-C,10591.71,0.0,0.6125,8.0,0.688,8.0,176.71,0.68487,-0.55183,6.48318,0.0,0.99493
10606.22,SYN.BTC-26JUL19,1563620342351,open,0.42,10.0,0.359,0.4715,0.41530666,126.48,0.17,0.0,BTC-26JUL19-15000-P,10591.71,0.0,0.361,2.5,0.4565,2.5,295.22,0.61755,-6.64662,-2.38439,3e-05,-0.98122
10692.64,SYN.BTC-30AUG19,1563620342373,open,0.06,69.6,0.021,0.1005,0.06084032,113.81,0.0635,0.0,BTC-30AUG19-14000-C,10591.71,111.8,0.0585,0.8,0.0625,0.2,115.23,12.48819,-17.38545,2.89394,9e-05,0.30252
10761.77,BTC-27SEP19,1563620342396,open,0.05,313.3,0.006,0.0855,0.04594104,111.9,0.048,0.0,BTC-27SEP19-18000-C,10591.71,110.73,0.0445,4.0,0.047,19.3,112.75,13.37818,-10.86753,3.2808,5e-05,0.2075
10623.5,SYN.BTC-2AUG19,1563620342418,open,0.01,61.9,0.0005,0.053,0.01326081,118.8,0.0125,0.0,BTC-2AUG19-14000-C,10591.71,111.51,0.0105,33.0,0.013,0.1,118.14,4.22609,-19.49683,0.43834,9e-05,0.13023
227.03,SYN.ETH-30AUG19,1563620342440,open,0.14,509.0,0.094,0.173,0.133471,117.61,0.138,0.0,ETH-30AUG19-240-C,226.27,115.0,0.13,120.0,0.133,214.0,117.25,0.30263,-0.43536,0.09883,0.00446,0.52218
10761.77,BTC-27SEP19,1563620342445,open,1.8,0.0,1.682,1.905,1.79367978,115.1,None,0.0,BTC-27SEP19-30000-P,10591.71,0.0,0.0005,2.1,0.0,0.0,0.0,3.68779,-3.08136,-56.00378,1e-05,-0.96411
10901.78,BTC-27DEC19,1563620342456,open,0.38,205.5,0.3435,0.423,0.38300857,101.09,0.359,0.0,BTC-27DEC19-8000-C,10591.71,91.14,0.364,8.0,0.3825,0.2,100.83,20.95006,-6.62362,19.30557,4e-05,0.7873
229.91,ETH-27DEC19,1563620342463,open,0.26,433.0,0.223,0.302,0.262092,107.29,0.26,0.0,ETH-27DEC19-240-C,226.27,104.89,0.256,30.0,0.269,120.0,110.03,0.58126,-0.19505,0.35624,0.00234,0.61584
10692.64,SYN.BTC-30AUG19,1563620342492,open,0.53,0.0,0.4705,0.5925,0.5316787,114.92,None,0.0,BTC-30AUG19-16000-P,10591.71,0.0,0.0005,2.6,0.0,0.0,0.0,9.89905,-13.9158,-15.99298,7e-05,-0.80391
10761.77,BTC-27SEP19,1563620342498,open,0.0,49.2,0.0005,0.0405,0.00085781,117.23,0.0025,0.0,BTC-27SEP19-3250-P,10591.71,109.88,0.0005,5.0,0.001,3.9,119.55,0.62537,-0.5322,-0.11047,0.0,-0.00458
10901.78,BTC-27DEC19,1563620342498,open,0.23,217.9,0.19,0.2695,0.22973812,101.93,0.232,0.0,BTC-27DEC19-12000-C,10591.71,99.33,0.223,8.0,0.2315,0.2,102.61,28.24186,-9.00292,16.59713,5e-05,0.57731
10606.22,SYN.BTC-26JUL19,1563620342500,open,0.43,1.0,0.3945,0.474,0.43432966,144.44,0.354,0.0,BTC-26JUL19-6000-C,10591.71,0.0,0.38,4.0,0.4845,4.0,500.0,0.03206,-0.39401,0.96463,0.0,0.99931
10901.75,BTC-27DEC19,1563620342512,open,0.77,0.0,0.7325,0.812,0.77243946,103.49,None,0.0,BTC-27DEC19-2500-C,10591.71,0.0,0.7555,8.0,0.8395,8.0,254.73,1.28823,-0.41693,10.56356,0.0,0.99366
226.51,SYN.ETH-2AUG19,1563620342523,open,0.09,22.0,0.044,0.123,0.083753,121.12,0.076,0.0,ETH-2AUG19-230-C,226.27,116.1,0.08,150.0,0.085,196.0,122.78,0.16954,-0.79738,0.03474,0.00773,0.51855
10623.5,SYN.BTC-2AUG19,1563620342525,open,0.11,1.0,0.0625,0.1505,0.10663756,115.35,0.1125,0.0,BTC-2AUG19-11000-P,10591.71,109.82,0.1025,18.0,0.1085,2.8,117.84,7.94913,-35.60709,-2.35174,0.00017,-0.52091
10606.22,SYN.BTC-26JUL19,1563620342536,open,0.51,5.0,0.449,0.569,0.50906949,133.53,0.2255,0.0,BTC-26JUL19-16000-P,10591.71,0.0,0.0005,1.2,0.0,0.0,0.0,0.34567,-3.9278,-2.56017,1e-05,-0.99041
10901.75,BTC-27DEC19,1563620342541,open,0.0,343.0,0.0005,0.0435,0.00358914,101.78,0.0065,0.0,BTC-27DEC19-3000-P,10591.71,95.98,0.0025,10.0,0.0045,5.0,105.85,2.27781,-0.72502,-0.75153,0.0,-0.01215
10761.77,BTC-27SEP19,1563620342541,open,0.26,86.1,0.2075,0.3075,0.25756712,107.28,0.26,0.0,BTC-27SEP19-12000-P,10591.71,104.35,0.2525,14.4,0.2625,0.2,110.12,18.65006,-14.52431,-15.38992,8e-05,-0.50028
10623.5,SYN.BTC-2AUG19,1563620342570,open,0.38,0.0,0.32,0.4295,0.37464455,119.12,None,0.0,BTC-2AUG19-14500-P,10591.71,0.0,0.0005,2.3,0.0,0.0,0.0,3.51531,-16.26146,-4.77478,7e-05,-0.89947
10692.64,SYN.BTC-30AUG19,1563620342581,open,0.1,48.1,0.064,0.1435,0.10394465,112.02,0.107,0.0,BTC-30AUG19-12000-C,10591.71,110.17,0.1015,14.4,0.105,3.1,112.81,14.17225,-19.41876,4.16928,0.0001,0.45213
10761.76,BTC-27SEP19,1563620342582,open,0.32,901.1,0.279,0.3585,0.31853602,106.43,0.32,0.0,BTC-27SEP19-8000-C,10591.71,53.98,0.2665,8.0,0.3195,0.2,107.25,12.74501,-9.84745,9.95113,5e-05,0.80856
10761.76,BTC-27SEP19,1563620342625,open,0.14,578.1,0.103,0.1825,0.14250435,107.27,0.141,0.0,BTC-27SEP19-12000-C,10591.71,104.68,0.138,8.0,0.146,0.2,109.29,18.65004,-14.52374,7.25413,8e-05,0.49972
10901.75,BTC-27DEC19,1563620342653,open,0.0,205.7,0.0005,0.0415,0.00175984,103.48,0.002,0.0,BTC-27DEC19-2500-P,10591.71,88.13,0.0005,11.2,0.003,5.0,112.25,1.28795,-0.41681,-0.38672,0.0,-0.00634
10761.79,BTC-27SEP19,1563620342682,open,1.61,0.0,1.506,1.7145,1.6102237,115.1,None,0.0,BTC-27SEP19-28000-P,10591.71,0.0,0.0005,2.6,0.0,0.0,0.0,4.68382,-3.91376,-52.02805,2e-05,-0.95178
10761.79,BTC-27SEP19,1563620342701,open,1.25,0.2,1.1565,1.3355,1.24589549,113.62,1.6,0.0,BTC-27SEP19-24000-P,10591.71,0.0,0.0005,2.3,0.0,0.0,0.0,7.21383,-5.94995,-43.90168,3e-05,-0.91594
10761.79,BTC-27SEP19,1563620342728,open,0.38,748.2,0.3445,0.424,0.38438648,106.43,0.3315,0.0,BTC-27SEP19-7000-C,10591.71,71.56,0.359,8.0,0.3875,0.2,109.91,9.50101,-7.34085,10.00916,4e-05,0.87727
10761.79,BTC-27SEP19,1563620342733,open,0.04,350.9,0.0005,0.076,0.03483935,106.44,0.031,0.0,BTC-27SEP19-7000-P,10591.71,100.83,0.03,34.1,0.034,0.2,105.48,9.5013,-7.34134,-3.20005,4e-05,-0.12274
10761.79,BTC-27SEP19,1563620342735,open,0.08,381.2,0.039,0.1185,0.07865721,109.14,0.076,0.0,BTC-27SEP19-15000-C,10591.71,106.77,0.075,8.0,0.082,19.5,111.27,16.75165,-13.27168,4.93257,7e-05,0.32155
10901.75,BTC-27DEC19,1563620342749,open,0.69,4.0,0.646,0.7255,0.6856295,101.1,0.64,0.0,BTC-27DEC19-3500-C,10591.71,0.0,0.621,8.0,0.697,8.0,126.64,3.64734,-1.15317,14.00673,1e-05,0.97896
226.38,SYN.ETH-26JUL19,1563620342760,open,0.11,177.0,0.066,0.145,0.105852,129.75,0.106,0.0,ETH-26JUL19-210-C,226.27,116.22,0.1,182.0,0.106,131.0,130.08,0.09912,-1.09434,0.02183,0.00926,0.7049
10692.64,SYN.BTC-30AUG19,1563620342760,open,0.62,0.0,0.5525,0.6815,0.61691313,115.51,None,0.0,BTC-30AUG19-17000-P,10591.71,0.0,0.0005,2.6,0.0,0.0,0.0,8.60489,-12.15849,-17.47972,6e-05,-0.84283
226.38,SYN.ETH-26JUL19,1563620342766,open,1.47,0.0,1.375,1.572,1.473726,143.28,None,0.0,ETH-26JUL19-560-P,226.27,0.0,0.0,0.0,0.0,0.0,0.0,0.0,-1e-05,-0.09015,0.0,-1.0
10901.75,BTC-27DEC19,1563620342777,open,0.0,148.7,0.0005,0.0405,0.0008034,125.38,0.0005,0.0,BTC-27DEC19-1500-P,10591.71,118.51,0.0005,0.1,0.001,5.3,128.91,0.56293,-0.22074,-0.15844,0.0,-0.00251
10623.5,SYN.BTC-2AUG19,1563620342785,open,0.22,0.0,0.1765,0.256,0.21619809,118.13,None,0.0,BTC-2AUG19-8500-C,10591.71,0.0,0.1705,1.5,0.2585,0.5,203.42,4.27023,-19.58898,2.44189,9e-05,0.8678
229.91,ETH-27DEC19,1563620342801,open,1.33,37.0,1.24,1.425,1.332596,110.93,0.707,0.0,ETH-27DEC19-520-P,226.27,0.0,0.001,500.0,0.0,0.0,0.0,0.46009,-0.15962,-2.11914,0.00179,-0.77172
10901.75,BTC-27DEC19,1563620342820,open,0.21,173.7,0.1635,0.26,0.21183394,101.09,0.2155,0.0,BTC-27DEC19-10000-P,10591.71,98.63,0.206,4.9,0.214,0.2,102.01,25.85153,-8.17317,-25.46633,5e-05,-0.32148
10901.75,BTC-27DEC19,1563620342824,open,0.01,227.9,0.0005,0.0515,0.01144433,101.09,0.018,0.0,BTC-27DEC19-4000-P,10591.71,94.66,0.0085,10.0,0.012,11.0,102.21,5.36394,-1.69587,-2.1411,1e-05,-0.03339
226.51,SYN.ETH-2AUG19,1563620342863,open,0.01,2.0,0.001,0.053,0.012565,130.46,0.012,0.0,ETH-2AUG19-170-P,226.27,122.18,0.01,250.0,0.014,410.0,134.79,0.0735,-0.37234,-0.00882,0.00311,-0.09787
10901.75,BTC-27DEC19,1563620342868,open,0.54,5.5,0.4775,0.6,0.53856041,103.46,0.64,0.0,BTC-27DEC19-15000-P,10591.71,100.96,0.532,3.6,0.5455,0.2,106.11,28.56469,-9.24277,-51.94275,5e-05,-0.54921
227.55,ETH-27SEP19,1563620342901,open,0.01,2455.0,0.001,0.048,0.00848,122.29,0.01,0.0,ETH-27SEP19-640-C,226.27,115.77,0.006,240.0,0.011,414.0,127.8,0.096,-0.08522,0.01627,0.0008,0.04638
227.55,ETH-27SEP19,1563620342928,open,0.0,4334.0,0.001,0.044,0.004636,125.77,0.004,0.0,ETH-27SEP19-760-C,226.27,118.72,0.003,650.0,0.005,50.0,127.1,0.06074,-0.05546,0.00941,0.00049,0.02654
10606.22,SYN.BTC-26JUL19,1563620342930,open,0.6,0.0,0.539,0.667,0.60309559,139.35,None,0.0,BTC-26JUL19-17000-P,10591.71,0.0,0.0005,1.6,0.0,0.0,0.0,0.19251,-2.28285,-2.72864,1e-05,-0.99506
10761.79,BTC-27SEP19,1563620342939,open,0.77,55.9,0.7285,0.808,0.76819512,133.07,0.689,0.0,BTC-27SEP19-2500-C,10591.71,0.0,0.7455,8.0,0.79,8.0,259.12,0.35547,-0.34339,4.65776,0.0,0.99756
10901.75,BTC-27DEC19,1563620342939,open,0.03,236.7,0.0005,0.067,0.02629844,101.09,0.025,0.0,BTC-27DEC19-5000-P,10591.71,95.28,0.0215,10.0,0.0265,16.0,101.33,9.35069,-2.95631,-4.44852,2e-05,-0.06686
226.51,SYN.ETH-2AUG19,1563620342943,open,0.07,0.0,0.027,0.106,0.066458,121.12,None,0.0,ETH-2AUG19-240-C,226.27,116.45,0.063,150.0,0.067,178.0,121.85,0.16805,-0.79039,0.03017,0.00767,0.4441
10623.5,SYN.BTC-2AUG19,1563620342943,open,0.3,0.0,0.2595,0.339,0.2991037,120.53,None,0.0,BTC-2AUG19-7500-C,10591.71,0.0,0.25,1.5,0.3435,0.5,245.23,2.03659,-9.53243,2.44168,4e-05,0.95065
10901.75,BTC-27DEC19,1563620342954,open,3.79,1.0,3.5905,3.9725,3.78159374,115.24,4.454,0.0,BTC-27DEC19-52000-P,10591.71,0.0,0.0015,0.2,0.0,0.0,0.0,7.17257,-2.58506,-226.04748,1e-05,-0.95225
10761.79,BTC-27SEP19,1563620342954,open,1.07,0.2,0.984,1.149,1.06649464,113.03,1.391,0.0,BTC-27SEP19-22000-P,10591.71,0.0,0.005,1.2,1.8,0.1,500.0,8.9601,-7.35189,-39.67115,4e-05,-0.88702
10606.22,SYN.BTC-26JUL19,1563620342962,open,0.03,393.2,0.0005,0.0695,0.02960304,119.56,0.032,0.0,BTC-26JUL19-11500-C,10591.71,117.13,0.0285,0.2,0.031,2.4,122.61,4.83503,-49.19112,0.50204,0.00022,0.32365
227.03,SYN.ETH-30AUG19,1563620342971,open,0.25,0.0,0.2,0.299,0.249635,117.61,None,0.0,ETH-30AUG19-260-P,226.27,115.61,0.247,120.0,0.257,120.0,123.18,0.2998,-0.4313,-0.20552,0.00442,-0.55873
10606.22,SYN.BTC-26JUL19,1563620342979,open,0.7,0.0,0.6295,0.765,0.69726385,145.49,None,0.0,BTC-26JUL19-18000-P,10591.71,0.0,0.0005,1.7,0.0,0.0,0.0,0.11479,-1.42114,-2.89311,0.0,-0.99722
10606.22,SYN.BTC-26JUL19,1563620342979,open,0.28,32.3,0.226,0.3275,0.27690222,119.58,0.29,0.0,BTC-26JUL19-13500-P,10591.71,0.0,0.2285,2.5,0.3155,2.5,242.62,1.70598,-17.36009,-2.06918,8e-05,-0.93501
10692.64,SYN.BTC-30AUG19,1563620342985,open,0.29,20.0,0.2515,0.331,0.29141649,111.08,0.2245,0.0,BTC-30AUG19-8000-C,10591.71,0.0,0.2425,4.0,0.2975,4.0,118.22,8.9497,-12.16005,6.48592,6e-05,0.83306
10901.75,BTC-27DEC19,1563620342988,open,0.57,62.4,0.528,0.6075,0.56765774,101.09,0.533,0.0,BTC-27DEC19-5000-C,10591.71,82.05,0.5535,8.0,0.5785,8.0,112.94,9.35086,-2.9564,17.45212,2e-05,0.93314
10606.22,SYN.BTC-26JUL19,1563620342993,open,0.01,514.2,0.0005,0.045,0.00499713,123.55,0.006,0.0,BTC-26JUL19-8500-P,10591.71,117.24,0.004,0.2,0.006,1.8,129.3,1.76745,-18.58171,-0.12468,8e-05,-0.06803
229.91,ETH-27DEC19,1563620343018,open,0.06,164.0,0.022,0.101,0.061125,111.61,0.063,0.0,ETH-27DEC19-560-C,226.27,109.37,0.057,110.0,0.065,40.0,113.67,0.42807,-0.14943,0.14149,0.00166,0.20163
10623.5,SYN.BTC-2AUG19,1563620343035,open,0.25,0.0,0.1985,0.298,0.24818683,118.81,None,0.0,BTC-2AUG19-13000-P,10591.71,0.0,0.01,10.0,0.0,0.0,0.0,5.81194,-26.81475,-3.8762,0.00012,-0.78615
10901.75,BTC-27DEC19,1563620343064,open,0.08,244.8,0.036,0.122,0.07914335,101.09,0.073,0.0,BTC-27DEC19-7000-P,10591.71,96.93,0.0725,4.9,0.0775,0.2,100.07,17.51645,-5.538,-11.39371,3e-05,-0.15946
226.38,SYN.ETH-26JUL19,1563620343066,open,0.0,2112.0,0.001,0.04,0.0,145.0,0.001,0.0,ETH-26JUL19-500-C,226.27,0.0,0.0,0.0,0.001,300.0,251.78,2e-05,-0.00011,0.0,0.0,1e-05
226.51,SYN.ETH-2AUG19,1563620343071,open,0.23,0.0,0.185,0.264,0.224793,128.35,None,0.0,ETH-2AUG19-180-C,226.27,0.0,0.0,0.0,0.0,0.0,0.0,0.09535,-0.47523,0.05064,0.0041,0.85857
227.03,SYN.ETH-30AUG19,1563620343095,open,0.05,255.0,0.011,0.09,0.050108,118.84,0.052,0.0,ETH-30AUG19-320-C,226.27,116.86,0.048,160.0,0.051,194.0,119.67,0.24309,-0.35336,0.05165,0.00354,0.25326
227.03,SYN.ETH-30AUG19,1563620343105,open,0.03,1419.0,0.001,0.071,0.031408,120.35,0.033,0.0,ETH-30AUG19-360-C,226.27,118.69,0.03,1.0,0.032,197.0,121.04,0.19424,-0.28595,0.03594,0.0028,0.17275
229.91,ETH-27DEC19,1563620343116,open,0.43,441.0,0.372,0.486,0.429157,107.79,0.454,0.0,ETH-27DEC19-280-P,226.27,103.93,0.419,30.0,0.437,150.0,110.77,0.60507,-0.20397,-0.90343,0.00242,-0.46796
227.03,SYN.ETH-30AUG19,1563620343114,open,0.1,208.0,0.053,0.14,0.096585,119.29,0.109,0.0,ETH-30AUG19-200-P,226.27,115.36,0.092,160.0,0.1,487.0,122.21,0.26516,-0.38691,-0.10147,0.00385,-0.30253
10901.73,BTC-27DEC19,1563620343125,open,0.0,88.9,0.0005,0.041,0.00124885,113.38,0.003,0.0,BTC-27DEC19-2000-P,10591.71,110.11,0.001,10.0,0.002,4.9,121.16,0.89385,-0.31694,-0.26042,0.0,-0.0042
226.51,SYN.ETH-2AUG19,1563620343151,open,0.13,0.0,0.091,0.17,0.130834,124.61,None,0.0,ETH-2AUG19-210-C,226.27,116.0,0.125,150.0,0.131,187.0,124.86,0.15404,-0.7454,0.04309,0.00683,0.67017
226.38,SYN.ETH-26JUL19,1563620343153,open,0.0,0.0,0.001,0.04,0.000558,141.92,None,0.0,ETH-26JUL19-150-P,226.27,0.0,0.0,0.0,0.001,142.0,153.85,0.00682,-0.0823,-0.00034,0.00058,-0.00876
10901.73,BTC-27DEC19,1563620343181,open,0.41,93.7,0.3695,0.449,0.4091375,101.09,0.346,0.0,BTC-27DEC19-7500-C,10591.71,66.09,0.351,8.0,0.4085,0.2,100.73,19.30958,-6.10495,19.34315,4e-05,0.81422
226.51,SYN.ETH-2AUG19,1563620343183,open,0.0,250.0,0.001,0.044,0.004173,133.01,0.006,0.0,ETH-2AUG19-150-P,226.27,124.75,0.003,250.0,0.005,129.0,138.08,0.03514,-0.18151,-0.00337,0.00146,-0.03797
226.38,SYN.ETH-26JUL19,1563620343193,open,0.1,1348.0,0.055,0.141,0.098045,121.9,0.135,0.0,ETH-26JUL19-240-P,226.27,117.66,0.096,150.0,0.101,132.0,127.99,0.10953,-1.13615,-0.0261,0.01089,-0.61808
226.51,SYN.ETH-2AUG19,1563620343195,open,0.03,2.0,0.001,0.063,0.02387,121.15,0.023,0.0,ETH-2AUG19-280-C,226.27,117.62,0.022,200.0,0.025,176.0,123.24,0.12147,-0.57148,0.01461,0.00554,0.2067
226.51,SYN.ETH-2AUG19,1563620343204,open,0.04,3.0,0.001,0.083,0.042095,126.03,0.059,0.0,ETH-2AUG19-200-P,226.27,120.92,0.039,200.0,0.044,151.0,129.15,0.13792,-0.67499,-0.02412,0.00605,-0.25973
226.51,SYN.ETH-2AUG19,1563620343211,open,0.1,137.0,0.056,0.143,0.099163,121.12,0.1,0.0,ETH-2AUG19-230-P,226.27,119.56,0.098,150.0,0.103,195.0,126.24,0.16954,-0.79738,-0.04639,0.00773,-0.48145
226.51,SYN.ETH-2AUG19,1563620343218,open,0.02,137.0,0.001,0.053,0.013665,121.29,0.012,0.0,ETH-2AUG19-300-C,226.27,117.01,0.012,250.0,0.015,205.0,124.56,0.09068,-0.42711,0.00941,0.00413,0.13144
10623.5,SYN.BTC-2AUG19,1563620343221,open,0.33,0.0,0.278,0.384,0.33109818,118.81,None,0.0,BTC-2AUG19-14000-P,10591.71,0.0,0.01,10.0,0.0,0.0,0.0,4.22675,-19.50189,-4.50019,9e-05,-0.86974
226.38,SYN.ETH-26JUL19,1563620343223,open,0.03,296.0,0.001,0.065,0.025559,121.9,0.03,0.0,ETH-26JUL19-250-C,226.27,111.13,0.021,200.0,0.026,138.0,122.92,0.09771,-1.0136,0.0095,0.00972,0.28624
10606.22,SYN.BTC-26JUL19,1563620343245,open,0.39,0.0,0.3475,0.427,0.3873225,144.83,0.3665,0.0,BTC-26JUL19-6500-C,10591.71,0.0,0.368,4.0,0.4355,4.0,453.93,0.12019,-1.48123,1.04108,0.0,0.99708
226.51,SYN.ETH-2AUG19,1563620343249,open,0.01,2.0,0.001,0.047,0.007692,132.55,0.014,0.0,ETH-2AUG19-160-P,226.27,124.94,0.006,250.0,0.009,415.0,137.89,0.0534,-0.27484,-0.00574,0.00223,-0.06416
229.91,ETH-27DEC19,1563620343255,open,1.99,0.0,1.879,2.117,1.997931,113.07,None,0.0,ETH-27DEC19-680-P,226.27,0.0,0.001,100.0,0.0,0.0,0.0,0.34065,-0.12046,-2.87684,0.0013,-0.8588
227.03,SYN.ETH-30AUG19,1563620343255,open,0.14,509.0,0.094,0.173,0.133471,117.61,0.138,0.0,ETH-30AUG19-240-C,226.27,115.0,0.13,120.0,0.133,215.0,117.25,0.30263,-0.43536,0.09883,0.00446,0.52218
10901.73,BTC-27DEC19,1563620343267,open,0.26,433.8,0.219,0.2985,0.25871812,101.09,0.254,0.0,BTC-27DEC19-11000-C,10591.71,99.01,0.2535,13.0,0.2635,0.2,103.0,27.33749,-8.64307,17.53531,5e-05,0.62594
226.51,SYN.ETH-2AUG19,1563620343268,open,0.04,2.0,0.001,0.08,0.040554,121.12,0.038,0.0,ETH-2AUG19-260-C,226.27,115.72,0.037,200.0,0.041,155.0,121.79,0.15034,-0.70711,0.02163,0.00686,0.31121
226.51,SYN.ETH-2AUG19,1563620343274,open,0.02,339.0,0.001,0.06,0.019463,128.35,0.021,0.0,ETH-2AUG19-180-P,226.27,122.37,0.017,250.0,0.021,167.0,131.96,0.09535,-0.47523,-0.01286,0.0041,-0.14143
227.55,ETH-27SEP19,1563620343279,open,0.01,4110.0,0.001,0.046,0.006178,112.98,0.012,0.0,ETH-27SEP19-100-P,226.27,104.06,0.004,373.0,0.008,200.0,119.17,0.06235,-0.05114,-0.01441,0.00056,-0.02739
226.38,SYN.ETH-26JUL19,1563620343287,open,0.01,1836.0,0.001,0.046,0.006656,121.9,0.005,0.0,ETH-26JUL19-280-C,226.27,108.23,0.004,9.0,0.006,135.0,118.82,0.0494,-0.51247,0.0033,0.00491,0.09729
227.03,SYN.ETH-30AUG19,1563620343293,open,0.11,113.0,0.065,0.144,0.10441,117.61,0.113,0.0,ETH-30AUG19-260-C,226.27,115.78,0.102,120.0,0.104,208.0,117.3,0.2998,-0.4313,0.08565,0.00442,0.44127
10606.22,SYN.BTC-26JUL19,1563620343304,open,0.2,44.9,0.164,0.2435,0.20357797,123.53,0.22,0.0,BTC-26JUL19-8500-C,10591.71,0.0,0.158,4.0,0.232,4.0,229.6,1.76701,-18.57475,1.24367,8e-05,0.93199
226.51,SYN.ETH-2AUG19,1563620343316,open,0.13,0.0,0.081,0.171,0.126017,121.12,None,0.0,ETH-2AUG19-240-P,226.27,118.4,0.124,150.0,0.129,165.0,125.13,0.16805,-0.79039,-0.05449,0.00767,-0.5559
10761.79,BTC-27SEP19,1563620343327,open,0.7,0.0,0.659,0.7385,0.69886201,117.2,None,0.0,BTC-27SEP19-3250-C,10591.71,0.0,0.6745,8.0,0.7035,8.0,155.81,0.62465,-0.53148,6.02244,0.0,0.99542
10901.73,BTC-27DEC19,1563620343327,open,0.08,157.7,0.0415,0.121,0.08114078,106.66,0.09,0.0,BTC-27DEC19-22000-C,10591.71,104.48,0.0765,8.0,0.0845,4.9,108.21,23.42765,-7.81462,8.56599,4e-05,0.26053
226.38,SYN.ETH-26JUL19,1563620343322,open,0.03,2838.0,0.001,0.074,0.033499,129.74,0.035,0.0,ETH-26JUL19-210-P,226.27,124.01,0.031,200.0,0.036,152.0,135.43,0.09912,-1.09431,-0.01197,0.00926,-0.2951
226.51,SYN.ETH-2AUG19,1563620343336,open,0.05,4.0,0.013,0.092,0.052173,121.12,0.05,0.0,ETH-2AUG19-250-C,226.27,116.64,0.049,200.0,0.053,184.0,122.28,0.16125,-0.75839,0.02575,0.00736,0.37447
226.38,SYN.ETH-26JUL19,1563620343335,open,0.04,1115.0,0.001,0.077,0.037877,121.9,0.035,0.0,ETH-26JUL19-240-C,226.27,113.85,0.034,200.0,0.039,166.0,124.22,0.10953,-1.13615,0.01254,0.01089,0.38192
226.38,SYN.ETH-26JUL19,1563620343341,open,0.06,77.0,0.015,0.094,0.054461,121.9,0.051,0.0,ETH-26JUL19-230-C,226.27,115.06,0.051,150.0,0.055,130.0,122.96,0.11455,-1.18823,0.01587,0.01139,0.48992
226.38,SYN.ETH-26JUL19,1563620343349,open,1.21,0.0,1.121,1.297,1.208684,144.92,None,0.0,ETH-26JUL19-500-P,226.27,0.0,0.0,0.0,0.0,0.0,0.0,2e-05,-0.00019,-0.08049,0.0,-0.99999
10623.5,SYN.BTC-2AUG19,1563620343353,open,0.06,10.5,0.0155,0.095,0.05507295,116.16,0.0535,0.0,BTC-2AUG19-11500-C,10591.71,112.6,0.0525,18.0,0.056,0.2,117.43,7.70679,-34.76303,1.29124,0.00017,0.39963
10901.73,BTC-27DEC19,1563620343373,open,0.47,17.7,0.407,0.524,0.46539899,102.71,0.6235,0.0,BTC-27DEC19-14000-P,10591.71,100.47,0.4595,3.6,0.47,0.2,104.45,28.77257,-9.24205,-46.63448,5e-05,-0.51121
10761.79,BTC-27SEP19,1563620343386,open,0.01,366.2,0.0005,0.051,0.01059705,106.44,0.011,0.0,BTC-27SEP19-5500-P,10591.71,97.0,0.007,29.1,0.011,27.4,107.39,4.52497,-3.49628,-1.15316,2e-05,-0.04619
10901.73,BTC-27DEC19,1563620343386,open,0.01,115.5,0.0005,0.0465,0.00667798,101.09,0.01,0.0,BTC-27DEC19-3500-P,10591.71,91.93,0.004,5.0,0.0075,5.0,103.47,3.64707,-1.15305,-1.32369,1e-05,-0.02104
227.55,ETH-27SEP19,1563620343398,open,1.82,0.0,1.709,1.933,1.821049,122.29,None,0.0,ETH-27SEP19-640-P,226.27,0.0,0.0,0.0,0.0,0.0,0.0,0.096,-0.08522,-1.19141,0.0008,-0.95362
10692.65,SYN.BTC-30AUG19,1563620343410,open,0.02,224.2,0.0005,0.0605,0.02052903,115.75,0.0185,0.0,BTC-30AUG19-18000-C,10591.71,111.97,0.018,24.0,0.0225,32.0,118.56,7.36185,-10.42373,1.24979,5e-05,0.1249
10901.73,BTC-27DEC19,1563620343434,open,0.06,151.9,0.018,0.0975,0.05783071,108.24,0.0615,0.0,BTC-27DEC19-26000-C,10591.71,106.12,0.054,12.9,0.06,4.9,109.42,19.96905,-6.75976,6.60904,4e-05,0.19624
10901.76,BTC-27DEC19,1563620343435,open,1.45,0.0,1.3455,1.54,1.44276647,108.24,None,0.0,BTC-27DEC19-26000-P,10591.71,86.85,1.4095,2.5,1.465,2.5,119.63,19.96859,-6.75946,-107.27521,4e-05,-0.80377
10761.79,BTC-27SEP19,1563620343438,open,0.4,78.2,0.341,0.4525,0.39676976,108.66,0.4915,0.0,BTC-27SEP19-14000-P,10591.71,98.65,0.3805,7.5,0.4035,0.2,112.74,17.71209,-13.97211,-20.76982,7e-05,-0.62599
10606.22,SYN.BTC-26JUL19,1563620343437,open,0.29,17.0,0.254,0.3335,0.29373458,129.41,0.246,0.0,BTC-26JUL19-7500-C,10591.71,0.0,0.279,4.0,0.338,4.0,347.82,0.48508,-5.34177,1.18167,2e-05,0.98584
10901.78,BTC-27DEC19,1563620343439,open,0.94,5.7,0.855,1.009,0.93193197,105.72,1.085,0.0,BTC-27DEC19-20000-P,10591.71,94.04,0.906,2.5,0.9685,2.5,120.96,25.17814,-8.32487,-77.81038,5e-05,-0.69756
10761.79,BTC-27SEP19,1563620343462,open,0.0,383.8,0.0005,0.0405,0.0005002,133.12,0.0005,0.0,BTC-27SEP19-2500-P,10591.71,0.0,0.0,0.0,0.001,6.9,144.74,0.35635,-0.34436,-0.05993,0.0,-0.00245
226.38,SYN.ETH-26JUL19,1563620343462,open,0.01,0.0,0.001,0.05,0.010696,121.9,None,0.0,ETH-26JUL19-270-C,226.27,107.97,0.007,250.0,0.011,397.0,122.95,0.0652,-0.67628,0.00486,0.00648,0.14412
227.55,ETH-27SEP19,1563620343475,open,2.34,0.0,2.211,2.478,2.344561,125.77,None,0.0,ETH-27SEP19-760-P,226.27,0.0,0.001,100.0,0.0,0.0,0.0,0.06074,-0.05546,-1.42472,0.00049,-0.97346
10901.73,BTC-27DEC19,1563620343485,open,0.01,93.4,0.0005,0.054,0.01409312,114.16,0.0155,0.0,BTC-27DEC19-48000-C,10591.71,111.24,0.012,8.0,0.016,12.0,116.6,8.20855,-2.93072,2.02922,1e-05,0.05659
226.38,SYN.ETH-26JUL19,1563620343530,open,0.0,412.0,0.001,0.043,0.003429,139.71,0.003,0.0,ETH-26JUL19-170-P,226.27,125.83,0.002,250.0,0.005,200.0,151.66,0.02681,-0.31873,-0.00173,0.00233,-0.04415
10901.73,BTC-27DEC19,1563620343602,open,0.3,460.0,0.255,0.3345,0.29455246,101.09,0.293,0.0,BTC-27DEC19-10000-C,10591.71,97.91,0.287,13.0,0.295,2.6,101.28,25.85148,-8.17327,18.33508,5e-05,0.67852
10901.73,BTC-27DEC19,1563620343642,open,2.7,0.0,2.544,2.839,2.6915287,112.77,None,0.0,BTC-27DEC19-40000-P,10591.71,0.0,0.001,1.6,0.0,0.0,0.0,11.2821,-3.97888,-172.18988,2e-05,-0.91445
226.38,SYN.ETH-26JUL19,1563620343644,open,0.38,0.0,0.342,0.421,0.381772,145.0,None,0.0,ETH-26JUL19-140-C,226.27,0.0,0.0,0.0,0.0,0.0,0.0,0.00296,-0.03652,0.0224,0.00025,0.99658
10901.73,BTC-27DEC19,1563620343653,open,1.62,2.0,1.5135,1.7225,1.61783478,108.95,1.563,0.0,BTC-27DEC19-28000-P,10591.71,89.81,1.5905,2.5,1.6445,2.5,123.38,18.37204,-6.26012,-116.80785,3e-05,-0.82834
10901.73,BTC-27DEC19,1563620343677,open,0.26,433.8,0.219,0.2985,0.25871812,101.09,0.254,0.0,BTC-27DEC19-11000-C,10591.71,99.01,0.2535,13.0,0.264,20.5,103.2,27.33749,-8.64307,17.53531,5e-05,0.62594
229.91,ETH-27DEC19,1563620343684,open,2.16,0.0,2.041,2.293,2.16727,113.66,None,0.0,ETH-27DEC19-720-P,226.27,0.0,0.003,5.0,0.0,0.0,0.0,0.31646,-0.11249,-3.06183,0.0012,-0.87315
10761.8,BTC-27SEP19,1563620343722,open,0.0,318.1,0.0005,0.043,0.00335828,106.43,0.006,0.0,BTC-27SEP19-4500-P,10591.71,93.8,0.0015,7.0,0.0035,3.4,107.19,1.98366,-1.53269,-0.41604,1e-05,-0.01713
10606.22,SYN.BTC-26JUL19,1563620343724,open,0.0,319.6,0.0005,0.044,0.00406002,119.56,0.004,0.0,BTC-26JUL19-13500-C,10591.71,108.56,0.0025,10.5,0.005,30.1,125.09,1.70511,-17.34775,0.10395,8e-05,0.06494
10901.73,BTC-27DEC19,1563620343731,open,0.47,17.7,0.407,0.524,0.46539899,102.71,0.6235,0.0,BTC-27DEC19-14000-P,10591.71,100.47,0.4595,3.6,0.4705,5.0,104.64,28.77257,-9.24205,-46.63448,5e-05,-0.51121
10901.73,BTC-27DEC19,1563620343759,open,0.05,279.6,0.007,0.0905,0.04883829,101.09,0.0555,0.0,BTC-27DEC19-6000-P,10591.71,95.9,0.0425,16.0,0.048,5.0,100.42,13.55782,-4.28642,-7.57984,3e-05,-0.1099
10761.8,BTC-27SEP19,1563620343796,open,0.86,42.8,0.821,0.9005,0.86067187,144.89,0.815,0.0,BTC-27SEP19-1500-C,10591.71,0.0,0.85,8.0,0.9305,8.0,500.0,0.04928,-0.05184,2.82363,0.0,0.99972
10901.73,BTC-27DEC19,1563620343798,open,0.86,0.1,0.8235,0.903,0.86321118,125.39,0.84,0.0,BTC-27DEC19-1500-C,10591.71,0.0,0.852,8.0,0.934,8.0,374.95,0.56322,-0.22087,6.41169,0.0,0.99748
10901.73,BTC-27DEC19,1563620343799,open,0.77,12.4,0.699,0.84,0.76946647,104.81,0.559,0.0,BTC-27DEC19-18000-P,10591.71,96.97,0.7505,2.5,0.803,2.5,118.15,26.81833,-8.7903,-67.61828,5e-05,-0.64659
10901.78,BTC-27DEC19,1563620343799,open,0.64,27.2,0.605,0.6845,0.64453163,101.09,0.634,0.0,BTC-27DEC19-4000-C,10591.71,0.0,0.6315,8.0,0.6785,8.0,149.94,5.36413,-1.69596,15.37942,1e-05,0.9666
10901.73,BTC-27DEC19,1563620343819,open,0.47,63.0,0.427,0.5065,0.46680293,101.09,0.4965,0.0,BTC-27DEC19-6500-C,10591.71,44.82,0.4075,8.0,0.519,8.0,135.64,15.58981,-4.92894,19.05959,3e-05,0.86595
10692.64,SYN.BTC-30AUG19,1563620343830,open,0.06,69.6,0.021,0.1005,0.0608413,113.81,0.0635,0.0,BTC-30AUG19-14000-C,10591.71,111.8,0.0585,0.8,0.063,3.4,115.65,12.48819,-17.38545,2.89394,9e-05,0.30252
10761.77,BTC-27SEP19,1563620343833,open,0.68,261.1,0.636,0.7155,0.67567742,110.99,0.714,0.0,BTC-27SEP19-3500-C,10591.71,0.0,0.6125,8.0,0.6885,8.0,178.28,0.68487,-0.55183,6.48318,0.0,0.99493
10901.75,BTC-27DEC19,1563620343835,open,0.69,4.0,0.646,0.7255,0.68562868,101.1,0.64,0.0,BTC-27DEC19-3500-C,10591.71,0.0,0.621,8.0,0.6975,8.0,127.55,3.64734,-1.15317,14.00673,1e-05,0.97896
10901.75,BTC-27DEC19,1563620343837,open,0.57,62.4,0.528,0.6075,0.5676567,101.09,0.533,0.0,BTC-27DEC19-5000-C,10591.71,81.23,0.553,8.0,0.5785,8.0,112.94,9.35086,-2.9564,17.45212,2e-05,0.93314
227.55,ETH-27SEP19,1563620343904,open,0.01,2828.0,0.001,0.046,0.006979,123.83,0.005,0.0,ETH-27SEP19-680-C,226.27,117.81,0.005,300.0,0.009,401.0,128.94,0.08288,-0.0745,0.01361,0.00069,0.03868
227.55,ETH-27SEP19,1563620343835,open,0.09,4976.0,0.045,0.131,0.088028,112.96,0.094,0.0,ETH-27SEP19-180-P,226.27,109.94,0.084,160.0,0.091,300.0,115.19,0.30363,-0.249,-0.13863,0.00275,-0.23482
10761.76,BTC-27SEP19,1563620343960,open,0.65,0.0,0.613,0.6925,0.6528535,109.81,None,0.0,BTC-27SEP19-3750-C,10591.71,0.0,0.5905,8.0,0.666,8.0,170.38,0.93055,-0.7418,6.90412,0.0,0.99283
227.03,SYN.ETH-30AUG19,1563620343960,open,0.1,208.0,0.053,0.14,0.096585,119.29,0.109,0.0,ETH-30AUG19-200-P,226.27,115.36,0.092,160.0,0.1,327.0,122.21,0.26516,-0.38691,-0.10147,0.00385,-0.30253
10901.76,BTC-27DEC19,1563620343962,open,0.73,0.0,0.6885,0.768,0.72840418,101.78,None,0.0,BTC-27DEC19-3000-C,10591.71,0.0,0.6625,8.0,0.743,8.0,142.89,2.27809,-0.72514,12.38882,0.0,0.98785
10901.76,BTC-27DEC19,1563620343964,open,0.53,59.5,0.4925,0.572,0.53208336,101.09,0.49,0.0,BTC-27DEC19-5500-C,10591.71,0.0,0.4715,8.0,0.5465,8.0,114.1,11.46071,-3.62341,18.17163,2e-05,0.91263
10901.75,BTC-27DEC19,1563620343969,open,0.57,62.4,0.528,0.6075,0.5676567,101.09,0.533,0.0,BTC-27DEC19-5000-C,10591.71,81.23,0.553,8.0,0.579,8.0,113.45,9.35086,-2.9564,17.45212,2e-05,0.93314
10901.73,BTC-27DEC19,1563620343973,open,0.2,187.6,0.164,0.2435,0.20363897,102.29,0.205,0.0,BTC-27DEC19-13000-C,10591.71,99.96,0.1975,8.0,0.2075,5.0,103.76,28.69547,-9.17968,15.64484,5e-05,0.53127
10901.73,BTC-27DEC19,1563620343994,open,1.8,2.1,1.683,1.906,1.79444534,109.63,1.95,0.0,BTC-27DEC19-30000-P,10591.71,0.0,1.7425,2.5,1.876,2.5,150.85,16.89431,-5.79259,-126.22973,3e-05,-0.84904
10606.22,SYN.BTC-26JUL19,1563620343996,open,0.0,163.5,0.0005,0.04,5.097e-05,145.0,0.0005,0.0,BTC-26JUL19-19000-C,10591.71,0.0,0.0,0.0,0.0005,7.7,179.34,0.0472,-0.54056,0.0017,0.0,0.00105
229.91,ETH-27DEC19,1563620344004,open,2.33,0.0,2.204,2.47,2.337287,114.22,None,0.0,ETH-27DEC19-760-P,226.27,0.0,0.001,100.0,0.0,0.0,0.0,0.29415,-0.10507,-3.24563,0.00111,-0.88565
10606.22,SYN.BTC-26JUL19,1563620344009,open,0.05,348.7,0.0045,0.084,0.04404257,118.07,0.045,0.0,BTC-26JUL19-11000-C,10591.71,114.98,0.0425,0.2,0.046,2.1,121.99,5.29289,-53.18154,0.6643,0.00025,0.43312
10901.75,BTC-27DEC19,1563620344012,open,0.18,214.4,0.1415,0.221,0.1812015,102.71,0.1835,0.0,BTC-27DEC19-14000-C,10591.71,100.55,0.1755,8.0,0.1845,5.0,103.96,28.77263,-9.24217,14.68776,5e-05,0.48879
10692.65,SYN.BTC-30AUG19,1563620344012,open,0.71,0.0,0.636,0.772,0.70393817,115.77,None,0.0,BTC-30AUG19-18000-P,10591.71,0.0,0.0005,2.4,0.0,0.0,0.0,7.36339,-10.42714,-18.90775,5e-05,-0.87506
229.91,ETH-27DEC19,1563620344019,open,0.71,241.0,0.639,0.775,0.706768,108.63,0.986,0.0,ETH-27DEC19-360-P,226.27,103.59,0.694,30.0,0.715,30.0,111.84,0.5862,-0.19915,-1.32021,0.00233,-0.60421
10606.22,SYN.BTC-26JUL19,1563620344026,open,0.23,28.7,0.1835,0.2815,0.23268009,119.58,0.3305,0.0,BTC-26JUL19-13000-P,10591.71,0.0,0.1855,2.5,0.2705,2.5,227.04,2.4103,-24.52585,-1.92905,0.00011,-0.89716
10606.22,SYN.BTC-26JUL19,1563620344058,open,0.16,60.4,0.1225,0.202,0.16224012,122.96,0.1745,0.0,BTC-26JUL19-9000-C,10591.71,0.0,0.1415,4.0,0.202,4.0,236.77,2.83311,-29.64321,1.20994,0.00013,0.8709
229.91,ETH-27DEC19,1563620344082,open,1.83,0.0,1.717,1.942,1.829649,112.58,None,0.0,ETH-27DEC19-640-P,226.27,0.0,0.001,100.0,0.0,0.0,0.0,0.36761,-0.12943,-2.69018,0.00141,-0.84172
10692.65,SYN.BTC-30AUG19,1563620344082,open,0.08,12.5,0.0395,0.119,0.07932062,112.77,0.08,0.0,BTC-30AUG19-13000-C,10591.71,110.54,0.0765,19.3,0.081,3.4,114.1,13.52287,-18.65413,3.49338,9e-05,0.37106
10901.73,BTC-27DEC19,1563620344110,open,0.23,217.9,0.19,0.2695,0.22973785,101.93,0.232,0.0,BTC-27DEC19-12000-C,10591.71,99.33,0.223,8.0,0.232,14.8,102.8,28.24177,-9.00288,16.59701,5e-05,0.57731
10761.8,BTC-27SEP19,1563620344123,open,0.54,790.2,0.502,0.5815,0.54164663,106.43,0.498,0.0,BTC-27SEP19-5000-C,10591.71,0.0,0.5205,8.0,0.5465,8.0,120.62,3.13071,-2.41884,8.71038,1e-05,0.97057
10761.8,BTC-27SEP19,1563620344170,open,0.02,287.9,0.0005,0.0555,0.0157729,113.6,0.017,0.0,BTC-27SEP19-24000-C,10591.71,110.07,0.0135,29.0,0.0175,8.0,116.11,7.21132,-5.94707,1.38587,3e-05,0.08402
226.51,SYN.ETH-2AUG19,1563620344184,open,0.03,5.0,0.001,0.071,0.031232,121.12,0.03,0.0,ETH-2AUG19-270-C,226.27,115.68,0.028,200.0,0.032,162.0,122.38,0.13665,-0.64271,0.01789,0.00623,0.25515
10623.51,SYN.BTC-2AUG19,1563620344212,open,0.39,0.0,0.3495,0.429,0.38915158,121.69,None,0.0,BTC-2AUG19-6500-C,10591.71,0.0,0.337,1.5,0.438,0.5,311.2,0.6139,-2.90091,2.24498,1e-05,0.98821
10606.22,SYN.BTC-26JUL19,1563620344227,open,0.89,0.0,0.8105,0.961,0.88570463,145.32,None,0.0,BTC-26JUL19-20000-P,10591.71,0.0,0.0005,1.6,0.0,0.0,0.0,0.01977,-0.24444,-3.2189,0.0,-0.99959
10761.8,BTC-27SEP19,1563620344249,open,0.46,714.8,0.4195,0.499,0.45913516,106.43,0.434,0.0,BTC-27SEP19-6000-C,10591.71,76.99,0.4465,8.0,0.473,8.0,127.89,6.1017,-4.71439,9.61336,3e-05,0.93252
10761.8,BTC-27SEP19,1563620344254,open,0.0,299.6,0.0005,0.0445,0.00464481,106.43,0.007,0.0,BTC-27SEP19-4750-P,10591.71,92.3,0.002,29.0,0.0045,3.1,105.81,2.52356,-1.94986,-0.55623,1e-05,-0.02275
10901.72,BTC-27DEC19,1563620344258,open,0.33,118.8,0.2775,0.3835,0.33047663,101.93,0.3255,0.0,BTC-27DEC19-12000-P,10591.71,99.62,0.3245,3.6,0.3345,0.2,103.48,28.2418,-9.00273,-35.96483,5e-05,-0.42269
10901.72,BTC-27DEC19,1563620344263,open,0.01,624.5,0.0005,0.0515,0.01171725,115.24,0.0105,0.0,BTC-27DEC19-52000-C,10591.71,111.65,0.0095,14.0,0.0135,8.0,117.83,7.17251,-2.58503,1.72062,1e-05,0.04775
10606.22,SYN.BTC-26JUL19,1563620344286,open,0.04,487.3,0.0005,0.0755,0.03425783,119.01,0.0385,0.0,BTC-26JUL19-10000-P,10591.71,114.02,0.032,0.2,0.036,2.1,122.83,4.81774,-48.78973,-0.60632,0.00022,-0.32086
10901.72,BTC-27DEC19,1563620344289,open,0.44,54.4,0.3975,0.477,0.4370449,101.09,0.4345,0.0,BTC-27DEC19-7000-C,10591.71,59.28,0.378,8.0,0.434,0.2,99.19,17.51653,-5.53808,19.26723,3e-05,0.84054
227.03,SYN.ETH-30AUG19,1563620344297,open,0.27,557.0,0.229,0.308,0.268634,119.65,0.233,0.0,ETH-30AUG19-180-C,226.27,91.3,0.242,120.0,0.288,120.0,138.92,0.22361,-0.32726,0.13059,0.00324,0.78228
226.38,SYN.ETH-26JUL19,1563620344297,open,0.17,0.0,0.134,0.213,0.173175,134.96,None,0.0,ETH-26JUL19-190-C,226.27,0.0,0.0,0.0,0.0,0.0,0.0,0.06197,-0.71171,0.02526,0.00557,0.86623
226.38,SYN.ETH-26JUL19,1563620344308,open,0.0,0.0,0.001,0.04,0.000203,145.0,None,0.0,ETH-26JUL19-140-P,226.27,0.0,0.0,0.0,0.001,284.0,176.57,0.00296,-0.03652,-0.00013,0.00025,-0.00342
10901.75,BTC-27DEC19,1563620344311,open,0.62,7.1,0.5485,0.677,0.61267844,103.61,0.491,0.0,BTC-27DEC19-16000-P,10591.71,95.32,0.5915,2.5,0.627,0.2,109.14,28.1162,-9.11033,-57.22731,5e-05,-0.58577
10901.73,BTC-27DEC19,1563620344312,open,1.62,2.0,1.5135,1.7225,1.61784587,108.95,1.563,0.0,BTC-27DEC19-28000-P,10591.71,89.37,1.59,2.5,1.6445,2.5,123.38,18.37204,-6.26012,-116.80785,3e-05,-0.82834
226.38,SYN.ETH-26JUL19,1563620344320,open,1.65,0.0,1.545,1.756,1.65042,0.0,None,0.0,ETH-26JUL19-600-P,226.27,0.0,0.001,100.0,0.0,0.0,0.0,0.0,0.0,-0.09659,0.0,-1.0
10901.75,BTC-27DEC19,1563620344314,open,0.57,62.4,0.528,0.6075,0.56765669,101.09,0.533,0.0,BTC-27DEC19-5000-C,10591.71,81.23,0.553,8.0,0.5695,8.0,103.21,9.35086,-2.9564,17.45212,2e-05,0.93314
10901.73,BTC-27DEC19,1563620344330,open,1.62,2.0,1.5135,1.7225,1.61784587,108.95,1.563,0.0,BTC-27DEC19-28000-P,10591.71,89.37,1.59,2.5,1.645,2.5,123.63,18.37204,-6.26012,-116.80785,3e-05,-0.82834
10761.8,BTC-27SEP19,1563620344338,open,0.56,13.5,0.5235,0.603,0.56326719,106.43,0.382,0.0,BTC-27SEP19-4750-C,10591.71,0.0,0.504,8.0,0.6225,8.0,219.09,2.52305,-1.94934,8.40719,1e-05,0.97726
10901.76,BTC-27DEC19,1563620344351,open,0.15,163.1,0.1055,0.185,0.14502441,103.61,0.1385,0.0,BTC-27DEC19-16000-C,10591.71,101.66,0.14,8.0,0.1485,0.2,104.95,28.11632,-9.11051,12.85527,5e-05,0.41424
10761.8,BTC-27SEP19,1563620344368,open,0.01,193.2,0.0005,0.048,0.00841394,115.08,0.0125,0.0,BTC-27SEP19-28000-C,10591.71,110.32,0.0065,24.0,0.01,8.0,118.54,4.67976,-3.90942,0.80729,2e-05,0.04817
10606.22,SYN.BTC-26JUL19,1563620344379,open,0.15,306.4,0.1045,0.196,0.15030418,119.56,0.179,0.0,BTC-26JUL19-12000-P,10591.71,0.0,0.1255,2.5,0.187,2.5,202.72,4.08851,-41.59706,-1.57089,0.00019,-0.76976
227.55,ETH-27SEP19,1563620344381,open,1.99,0.0,1.876,2.115,1.995333,123.83,None,0.0,ETH-27SEP19-680-P,226.27,0.0,0.0,0.0,0.0,0.0,0.0,0.08288,-0.0745,-1.26955,0.00069,-0.96132
10761.77,BTC-27SEP19,1563620344395,open,0.14,202.9,0.0975,0.1885,0.14313569,106.44,0.15,0.0,BTC-27SEP19-10000-P,10591.71,102.93,0.1375,19.3,0.1455,0.2,107.91,17.28457,-13.35516,-9.97951,7e-05,-0.34828
10761.77,BTC-27SEP19,1563620344436,open,0.33,31.5,0.2725,0.378,0.32534554,108.34,0.406,0.0,BTC-27SEP19-13000-P,10591.71,101.97,0.3145,5.0,0.3305,0.2,111.35,18.39438,-14.46731,-18.10076,8e-05,-0.56598
10901.72,BTC-27DEC19,1563620344437,open,3.42,0.0,3.2405,3.5935,3.41705181,114.14,None,0.0,BTC-27DEC19-48000-P,10591.71,0.0,0.0005,3.0,0.0,0.0,0.0,8.20278,-2.92811,-208.2199,1e-05,-0.94346
227.03,SYN.ETH-30AUG19,1563620344471,open,0.06,952.0,0.02,0.103,0.061482,119.65,0.074,0.0,ETH-30AUG19-180-P,226.27,116.1,0.058,161.0,0.064,280.0,122.2,0.22361,-0.32726,-0.07099,0.00324,-0.21772
10901.75,BTC-27DEC19,1563620344480,open,0.1,162.9,0.0535,0.1405,0.09710036,101.09,0.1075,0.0,BTC-27DEC19-7500-P,10591.71,97.35,0.0905,4.9,0.095,0.2,99.91,19.30954,-6.10488,-13.50789,4e-05,-0.18578
10901.73,BTC-27DEC19,1563620344520,open,0.16,291.7,0.115,0.2075,0.16130067,101.09,0.177,0.0,BTC-27DEC19-9000-P,10591.71,97.97,0.1545,4.9,0.161,0.2,100.95,23.73542,-7.50412,-20.4654,5e-05,-0.26728
10606.22,SYN.BTC-26JUL19,1563620344525,open,0.0,313.8,0.0005,0.04,1.81e-05,145.0,0.001,0.0,BTC-26JUL19-20000-C,10591.71,0.0,0.0,0.0,0.0005,10.5,192.81,0.01925,-0.19192,0.00064,0.0,0.0004
229.91,ETH-27DEC19,1563620344537,open,0.42,0.0,0.377,0.456,0.416708,107.86,None,0.0,ETH-27DEC19-160-C,226.27,0.0,0.001,1100.0,1.6,1.0,500.0,0.41767,-0.14089,0.39245,0.00167,0.80641
10901.72,BTC-27DEC19,1563620344562,open,0.27,55.6,0.2175,0.318,0.2677312,101.09,0.27,0.0,BTC-27DEC19-11000-P,10591.71,99.01,0.2625,4.9,0.2725,0.2,103.0,27.33753,-8.64295,-30.64634,5e-05,-0.37406
10761.79,BTC-27SEP19,1563620344603,open,0.26,377.8,0.222,0.3015,0.26184478,106.43,0.267,0.0,BTC-27SEP19-9000-C,10591.71,101.99,0.2555,3.5,0.2645,0.2,108.29,15.40947,-11.90597,9.54093,7e-05,0.73166
10761.79,BTC-27SEP19,1563620344645,open,0.07,173.2,0.025,0.1045,0.06487027,109.71,0.0685,0.0,BTC-27SEP19-16000-C,10591.71,107.37,0.0615,8.0,0.0675,0.2,111.51,15.63487,-12.452,4.29355,7e-05,0.2763
227.03,SYN.ETH-30AUG19,1563620344658,open,0.22,145.0,0.176,0.255,0.215643,119.29,0.168,0.0,ETH-30AUG19-200-C,226.27,109.29,0.204,120.0,0.215,211.0,118.74,0.26516,-0.38691,0.1225,0.00385,0.69747
10692.65,SYN.BTC-30AUG19,1563620344686,open,0.04,62.6,0.0005,0.081,0.03959713,111.08,0.042,0.0,BTC-30AUG19-8000-P,10591.71,108.56,0.0375,19.3,0.041,0.2,112.75,8.94988,-12.16076,-2.47324,6e-05,-0.16694
10692.65,SYN.BTC-30AUG19,1563620344728,open,0.11,45.6,0.068,0.1565,0.11240398,110.95,0.119,0.0,BTC-30AUG19-10000-P,10591.71,107.82,0.1085,22.3,0.115,0.2,113.03,13.35027,-18.11907,-5.62301,9e-05,-0.35718
229.91,ETH-27DEC19,1563620344744,open,0.1,578.0,0.058,0.137,0.09702,109.29,0.092,0.0,ETH-27DEC19-440-C,226.27,107.52,0.093,110.0,0.101,100.0,111.02,0.52588,-0.17974,0.20045,0.00208,0.29607
10692.65,SYN.BTC-30AUG19,1563620344771,open,0.23,1.3,0.1775,0.275,0.22621291,112.02,0.244,0.0,BTC-30AUG19-12000-P,10591.71,108.46,0.2215,14.4,0.2305,0.2,115.25,14.1723,-19.41959,-9.26927,0.0001,-0.54787
10901.72,BTC-27DEC19,1563620344782,open,0.02,181.4,0.0005,0.057,0.01749108,113.34,0.024,0.0,BTC-27DEC19-44000-C,10591.71,110.37,0.015,14.0,0.0195,12.0,115.56,9.55512,-3.38683,2.44818,2e-05,0.06876
10606.22,SYN.BTC-26JUL19,1563620344827,open,0.39,0.0,0.3475,0.427,0.38732447,144.83,0.3665,0.0,BTC-26JUL19-6500-C,10591.71,0.0,0.3675,4.0,0.4355,4.0,453.93,0.12019,-1.48123,1.04108,0.0,0.99708
10606.22,SYN.BTC-26JUL19,1563620344829,open,0.16,60.4,0.1225,0.202,0.16224246,122.96,0.1745,0.0,BTC-26JUL19-9000-C,10591.71,0.0,0.141,4.0,0.202,4.0,236.77,2.83311,-29.64321,1.20994,0.00013,0.8709
10606.22,SYN.BTC-26JUL19,1563620344831,open,0.32,10.8,0.2695,0.375,0.322281,119.59,0.484,0.0,BTC-26JUL19-14000-P,10591.71,0.0,0.278,2.5,0.3615,2.5,258.88,1.1535,-11.73919,-2.18977,5e-05,-0.96026
10901.73,BTC-27DEC19,1563620344832,open,1.8,2.1,1.683,1.906,1.7944573,109.63,1.95,0.0,BTC-27DEC19-30000-P,10591.71,0.0,1.742,2.5,1.876,2.5,150.85,16.89431,-5.79259,-126.22973,3e-05,-0.84904
10901.75,BTC-27DEC19,1563620344834,open,0.77,0.0,0.7325,0.812,0.77243885,103.49,None,0.0,BTC-27DEC19-2500-C,10591.71,0.0,0.755,8.0,0.8395,8.0,254.73,1.28823,-0.41693,10.56356,0.0,0.99366
10761.79,BTC-27SEP19,1563620344836,open,0.77,55.9,0.7285,0.808,0.76819682,133.07,0.689,0.0,BTC-27SEP19-2500-C,10591.71,0.0,0.745,8.0,0.79,8.0,259.12,0.35547,-0.34339,4.65776,0.0,0.99756
10761.79,BTC-27SEP19,1563620344838,open,0.77,55.9,0.7285,0.808,0.76819682,133.07,0.689,0.0,BTC-27SEP19-2500-C,10591.71,0.0,0.745,8.0,0.7905,8.0,260.74,0.35547,-0.34339,4.65776,0.0,0.99756
227.55,ETH-27SEP19,1563620344843,open,0.01,1985.0,0.001,0.045,0.005961,125.77,0.007,0.0,ETH-27SEP19-720-C,226.27,118.86,0.004,80.0,0.008,408.0,131.52,0.0732,-0.06683,0.01171,0.0006,0.03323
226.38,SYN.ETH-26JUL19,1563620344853,open,0.0,1117.0,0.001,0.04,1e-05,145.0,0.001,0.0,ETH-26JUL19-440-C,226.27,0.0,0.0,0.0,0.001,300.0,217.16,0.00023,-0.00215,1e-05,2e-05,0.00022
227.55,ETH-27SEP19,1563620344892,open,1.47,24.0,1.376,1.572,1.474035,119.0,1.356,0.0,ETH-27SEP19-560-P,226.27,0.0,0.0,0.0,0.0,0.0,0.0,0.13117,-0.11331,-1.03272,0.00113,-0.93106
227.55,ETH-27SEP19,1563620344892,open,0.8,79.0,0.729,0.873,0.801025,115.98,0.351,0.0,ETH-27SEP19-400-P,226.27,0.0,0.01,1.0,0.0,0.0,0.0,0.27062,-0.22784,-0.69057,0.00239,-0.80724
226.38,SYN.ETH-26JUL19,1563620344896,open,0.59,1047.0,0.528,0.654,0.590684,144.96,0.2,0.0,ETH-26JUL19-360-P,226.27,0.0,0.0,0.0,0.0,0.0,0.0,0.00598,-0.07374,-0.05769,0.0005,-0.99246
227.55,ETH-27SEP19,1563620344907,open,0.06,6158.0,0.014,0.098,0.056081,112.97,0.056,0.0,ETH-27SEP19-160-P,226.27,110.12,0.053,160.0,0.058,1.0,114.72,0.24801,-0.20338,-0.09611,0.00225,-0.16775
227.55,ETH-27SEP19,1563620344912,open,0.02,8191.0,0.001,0.056,0.015765,112.98,0.039,0.0,ETH-27SEP19-120-P,226.27,107.46,0.013,393.0,0.017,198.0,115.31,0.11878,-0.09742,-0.03282,0.00108,-0.06067
226.38,SYN.ETH-26JUL19,1563620344925,open,0.0,2263.0,0.001,0.041,0.001508,141.22,0.003,0.0,ETH-26JUL19-160-P,226.27,132.39,0.001,3.0,0.003,265.0,159.62,0.0147,-0.17669,-0.00083,0.00126,-0.02136
226.38,SYN.ETH-26JUL19,1563620344928,open,0.0,1142.0,0.001,0.042,0.002407,121.9,0.001,0.0,ETH-26JUL19-300-C,226.27,105.73,0.001,7.0,0.003,465.0,126.91,0.02507,-0.2601,0.00139,0.00249,0.04064
229.91,ETH-27DEC19,1563620344941,open,1.01,0.0,0.931,1.091,1.010813,109.29,None,0.0,ETH-27DEC19-440-P,226.27,71.62,0.939,110.0,1.906,1.0,500.0,0.52588,-0.17974,-1.72682,0.00208,-0.70393
226.38,SYN.ETH-26JUL19,1563620344969,open,0.0,1780.0,0.001,0.04,6.6e-05,145.0,0.001,0.0,ETH-26JUL19-400-C,226.27,0.0,0.0,0.0,0.001,300.0,190.65,0.00126,-0.01505,5e-05,0.00011,0.00134
226.38,SYN.ETH-26JUL19,1563620344974,open,0.14,151.0,0.098,0.177,0.137749,132.69,0.116,0.0,ETH-26JUL19-200-C,226.27,116.18,0.132,141.0,0.138,157.0,133.38,0.08186,-0.92434,0.02391,0.00748,0.79392
227.55,ETH-27SEP19,1563620344978,open,0.65,0.0,0.612,0.691,0.651062,120.85,None,0.0,ETH-27SEP19-80-C,226.27,0.0,0.003,10.0,0.0,0.0,0.0,0.03111,-0.02729,0.14463,0.00026,0.9879
226.51,SYN.ETH-2AUG19,1563620344980,open,0.02,10.0,0.001,0.058,0.018142,121.27,0.016,0.0,ETH-2AUG19-290-C,226.27,116.58,0.016,200.0,0.019,159.0,123.09,0.10592,-0.49881,0.0118,0.00483,0.16577
226.38,SYN.ETH-26JUL19,1563620344980,open,0.5,1130.0,0.443,0.562,0.502461,133.37,0.6,0.0,ETH-26JUL19-340-P,226.27,0.0,0.462,30.0,0.543,30.0,320.86,0.00779,-0.08836,-0.05438,0.00071,-0.9898
10901.72,BTC-27DEC19,1563620344991,open,0.04,102.3,0.0005,0.077,0.03706791,110.37,0.0395,0.0,BTC-27DEC19-32000-C,10591.71,107.81,0.0335,14.0,0.039,6.0,111.7,15.56279,-5.3717,4.61508,3e-05,0.13372
227.55,ETH-27SEP19,1563620345002,open,0.12,1919.0,0.081,0.16,0.120291,113.44,0.114,0.0,ETH-27SEP19-280-C,226.27,110.34,0.115,120.0,0.126,230.0,116.78,0.38838,-0.31985,0.1333,0.0035,0.43073
226.38,SYN.ETH-26JUL19,1563620345012,open,0.01,79.0,0.001,0.052,0.012475,134.96,0.014,0.0,ETH-26JUL19-190-P,226.27,129.45,0.011,250.0,0.014,132.0,140.42,0.06197,-0.71171,-0.00533,0.00557,-0.13377
226.38,SYN.ETH-26JUL19,1563620345037,open,0.07,284.0,0.028,0.113,0.070455,121.9,0.108,0.0,ETH-26JUL19-230-P,226.27,119.02,0.069,150.0,0.074,164.0,128.9,0.11455,-1.18822,-0.02116,0.01139,-0.51008
227.55,ETH-27SEP19,1563620345039,open,0.96,0.0,0.887,1.044,0.965412,117.13,None,0.0,ETH-27SEP19-440-P,226.27,0.0,0.0,0.0,0.0,0.0,0.0,0.22924,-0.19492,-0.78003,0.002,-0.8512
227.55,ETH-27SEP19,1563620345039,open,0.07,1835.0,0.031,0.11,0.070899,114.54,0.068,0.0,ETH-27SEP19-340-C,226.27,111.9,0.067,160.0,0.075,270.0,117.29,0.33744,-0.28059,0.09336,0.00302,0.28833
227.55,ETH-27SEP19,1563620345041,open,0.03,2575.0,0.001,0.071,0.031771,117.13,0.032,0.0,ETH-27SEP19-440-C,226.27,114.32,0.029,200.0,0.034,310.0,119.31,0.22924,-0.19492,0.05025,0.002,0.1488
226.38,SYN.ETH-26JUL19,1563620345041,open,0.33,659.0,0.275,0.38,0.327618,121.9,0.34,0.0,ETH-26JUL19-300-P,226.27,0.0,0.03,1.0,3.4,5.0,500.0,0.02507,-0.2601,-0.0469,0.00249,-0.95936
226.51,SYN.ETH-2AUG19,1563620345041,open,0.11,36.0,0.067,0.146,0.106025,123.42,0.107,0.0,ETH-2AUG19-220-C,226.27,116.51,0.101,150.0,0.106,192.0,123.38,0.16484,-0.78999,0.03911,0.00738,0.59549
227.55,ETH-27SEP19,1563620345043,open,1.64,27.0,1.541,1.752,1.646413,119.0,1.044,0.0,ETH-27SEP19-600-P,226.27,0.0,0.0,0.0,0.0,0.0,0.0,0.10665,-0.09213,-1.11362,0.00092,-0.94708
226.38,SYN.ETH-26JUL19,1563620345043,open,0.77,985.0,0.697,0.837,0.767013,145.0,0.205,0.0,ETH-26JUL19-400-P,226.27,0.0,0.0,0.0,0.0,0.0,0.0,0.00126,-0.0156,-0.06434,0.00011,-0.99866
10901.72,BTC-27DEC19,1563620345075,open,0.4,65.7,0.3405,0.4515,0.39610614,102.29,0.405,0.0,BTC-27DEC19-13000-P,10591.71,99.97,0.39,3.6,0.401,0.2,104.15,28.69547,-9.17952,-41.29719,5e-05,-0.46873
227.55,ETH-27SEP19,1563620345092,open,0.74,0.0,0.698,0.777,0.737673,137.94,0.01,0.0,ETH-27SEP19-60-C,226.27,0.0,0.003,10.0,0.0,0.0,0.0,0.0163,-0.01632,0.11015,0.00012,0.9942
227.55,ETH-27SEP19,1563620345104,open,0.42,191.0,0.377,0.456,0.416842,112.98,0.5,0.0,ETH-27SEP19-140-C,226.27,0.0,0.01,50.0,0.0,0.0,0.0,0.18392,-0.15085,0.20386,0.00167,0.8916
227.55,ETH-27SEP19,1563620345104,open,0.05,1723.0,0.011,0.09,0.050913,115.62,0.043,0.0,ETH-27SEP19-380-C,226.27,113.34,0.048,161.0,0.054,270.0,117.99,0.2932,-0.2461,0.0729,0.0026,0.22069
227.55,ETH-27SEP19,1563620345104,open,0.29,1373.0,0.236,0.338,0.286663,113.12,0.288,0.0,ETH-27SEP19-260-P,226.27,108.7,0.279,120.0,0.292,120.0,116.2,0.39421,-0.32372,-0.34217,0.00357,-0.51021
227.55,ETH-27SEP19,1563620345108,open,0.02,2302.0,0.001,0.057,0.017663,118.84,0.015,0.0,ETH-27SEP19-520-C,226.27,114.9,0.015,200.0,0.02,200.0,122.06,0.16009,-0.13812,0.03092,0.00138,0.08968
227.55,ETH-27SEP19,1563620345110,open,0.35,981.0,0.297,0.404,0.35079,113.44,0.48,0.0,ETH-27SEP19-280-P,226.27,108.87,0.343,120.0,0.356,120.0,116.49,0.38838,-0.31985,-0.39506,0.0035,-0.56927
226.38,SYN.ETH-26JUL19,1563620345110,open,0.08,1049.0,0.038,0.117,0.077675,125.54,0.077,0.0,ETH-26JUL19-220-C,226.27,115.98,0.073,150.0,0.077,130.0,124.16,0.1108,-1.18371,0.01912,0.0107,0.60222
226.51,SYN.ETH-2AUG19,1563620345122,open,0.3,0.0,0.262,0.341,0.301319,132.55,None,0.0,ETH-2AUG19-160-C,226.27,0.0,0.0,0.0,0.0,0.0,0.0,0.0534,-0.27484,0.0507,0.00223,0.93585
227.55,ETH-27SEP19,1563620345129,open,0.56,345.0,0.503,0.627,0.565076,114.54,0.76,0.0,ETH-27SEP19-340-P,226.27,83.63,0.524,110.0,0.611,110.0,143.77,0.33744,-0.28059,-0.54822,0.00302,-0.71167
227.55,ETH-27SEP19,1563620345129,open,1.13,0.0,1.048,1.217,1.132607,117.58,None,0.0,ETH-27SEP19-480-P,226.27,0.0,0.0,0.0,0.0,0.0,0.0,0.19057,-0.16266,-0.8668,0.00166,-0.88609
226.38,SYN.ETH-26JUL19,1563620345129,open,0.05,2567.0,0.008,0.091,0.049496,125.54,0.049,0.0,ETH-26JUL19-220-P,226.27,120.44,0.047,150.0,0.051,134.0,128.61,0.1108,-1.18371,-0.0163,0.0107,-0.39778
229.91,ETH-27DEC19,1563620345137,open,0.08,624.0,0.044,0.123,0.083228,110.45,0.081,0.0,ETH-27DEC19-480-C,226.27,107.99,0.078,110.0,0.089,150.0,113.11,0.49414,-0.17069,0.17862,0.00193,0.26059
226.51,SYN.ETH-2AUG19,1563620345189,open,0.3,0.0,0.247,0.35,0.298443,121.27,None,0.0,ETH-2AUG19-290-P,226.27,0.0,0.0,0.0,0.0,0.0,0.0,0.10592,-0.49881,-0.0905,0.00483,-0.83423
10623.51,SYN.BTC-2AUG19,1563620345221,open,0.03,2.8,0.0005,0.0675,0.02681023,118.14,0.0255,0.0,BTC-2AUG19-9000-P,10591.71,114.61,0.025,0.1,0.028,24.2,120.42,5.507,-25.26358,-0.83251,0.00012,-0.19534
226.38,SYN.ETH-26JUL19,1563620345241,open,0.0,1183.0,0.001,0.04,0.0,145.0,0.001,0.0,ETH-26JUL19-560-C,226.27,0.0,0.0,0.0,0.001,324.0,281.71,0.0,-1e-05,0.0,0.0,0.0
227.03,SYN.ETH-30AUG19,1563620345265,open,0.14,237.0,0.093,0.184,0.138473,117.52,0.166,0.0,ETH-30AUG19-220-P,226.27,115.59,0.136,160.0,0.143,201.0,121.04,0.29172,-0.41934,-0.13463,0.0043,-0.39104
10692.67,SYN.BTC-30AUG19,1563620345287,open,0.02,100.4,0.0005,0.0595,0.01885307,111.08,0.022,0.0,BTC-30AUG19-7000-P,10591.71,108.6,0.0175,24.0,0.0195,3.3,112.24,5.92979,-8.0571,-1.33334,4e-05,-0.0925
10606.22,SYN.BTC-26JUL19,1563620345320,open,0.19,56.1,0.143,0.2375,0.19021684,119.56,0.219,0.0,BTC-26JUL19-12500-P,10591.71,0.0,0.145,2.5,0.193,0.2,128.33,3.23284,-32.89157,-1.7642,0.00015,-0.84307
10901.7,BTC-27DEC19,1563620345358,open,1.27,0.0,1.1795,1.3605,1.27016157,107.71,None,0.0,BTC-27DEC19-24000-P,10591.71,89.03,1.237,2.5,1.296,2.5,119.98,21.7186,-7.31629,-97.58869,4e-05,-0.77353
227.55,ETH-27SEP19,1563620345358,open,2.16,0.0,2.044,2.296,2.170101,125.77,None,0.0,ETH-27SEP19-720-P,226.27,0.0,0.0,0.0,0.0,0.0,0.0,0.0732,-0.06683,-1.34693,0.0006,-0.96677
229.91,ETH-27DEC19,1563620345373,open,1.17,21.0,1.085,1.257,1.171001,110.45,0.629,0.0,ETH-27DEC19-480-P,226.27,46.49,1.089,110.0,2.079,1.0,500.0,0.49414,-0.17069,-1.92386,0.00193,-0.73941
10761.82,BTC-27SEP19,1563620345467,open,0.59,289.7,0.5455,0.625,0.58521143,106.42,0.588,0.0,BTC-27SEP19-4500-C,10591.71,0.0,0.56,8.0,0.59,8.0,126.03,1.98297,-1.53201,8.07567,1e-05,0.98288
226.51,SYN.ETH-2AUG19,1563620345466,open,0.07,0.0,0.027,0.106,0.066458,121.12,None,0.0,ETH-2AUG19-240-C,226.27,116.45,0.063,150.0,0.067,179.0,121.85,0.16805,-0.79039,0.03017,0.00767,0.4441
10623.51,SYN.BTC-2AUG19,1563620345473,open,0.06,55.2,0.0155,0.1,0.05778537,115.6,0.0565,0.0,BTC-2AUG19-10000-P,10591.71,110.87,0.0545,24.0,0.0595,0.2,118.06,7.38536,-33.15302,-1.52567,0.00016,-0.34933
226.38,SYN.ETH-26JUL19,1563620345476,open,0.08,1049.0,0.038,0.117,0.077675,125.54,0.077,0.0,ETH-26JUL19-220-C,226.27,115.98,0.073,150.0,0.077,131.0,124.16,0.1108,-1.18371,0.01912,0.0107,0.60222
10761.82,BTC-27SEP19,1563620345486,open,0.89,0.0,0.8155,0.966,0.89074993,113.02,None,0.0,BTC-27SEP19-20000-P,10591.71,0.0,0.005,0.2,1.489,0.2,500.0,11.12232,-9.12578,-35.25637,5e-05,-0.84537
226.38,SYN.ETH-26JUL19,1563620345493,open,0.07,284.0,0.028,0.113,0.070455,121.9,0.108,0.0,ETH-26JUL19-230-P,226.27,119.02,0.069,150.0,0.074,165.0,128.9,0.11455,-1.18822,-0.02116,0.01139,-0.51008
226.38,SYN.ETH-26JUL19,1563620345502,open,0.0,412.0,0.001,0.043,0.003429,139.71,0.003,0.0,ETH-26JUL19-170-P,226.27,125.83,0.002,250.0,0.005,201.0,151.66,0.02681,-0.31873,-0.00173,0.00233,-0.04415
226.38,SYN.ETH-26JUL19,1563620345529,open,0.01,79.0,0.001,0.052,0.012475,134.96,0.014,0.0,ETH-26JUL19-190-P,226.27,129.45,0.011,250.0,0.014,133.0,140.42,0.06197,-0.71171,-0.00533,0.00557,-0.13377
226.51,SYN.ETH-2AUG19,1563620345539,open,0.16,0.0,0.12,0.199,0.159129,126.03,None,0.0,ETH-2AUG19-200-C,226.27,112.46,0.151,169.0,0.159,156.0,125.82,0.13792,-0.67499,0.04644,0.00605,0.74027
10606.22,SYN.BTC-26JUL19,1563620345548,open,0.0,432.0,0.0005,0.041,0.0014937,122.54,0.0025,0.0,BTC-26JUL19-14500-C,10591.71,105.13,0.0005,11.9,0.0025,32.0,133.43,0.82792,-8.63318,0.04283,4e-05,0.02658
226.38,SYN.ETH-26JUL19,1563620345546,open,0.11,177.0,0.066,0.145,0.105852,129.75,0.106,0.0,ETH-26JUL19-210-C,226.27,116.22,0.1,181.0,0.106,131.0,130.08,0.09912,-1.09434,0.02183,0.00926,0.7049
226.51,SYN.ETH-2AUG19,1563620345556,open,0.26,0.0,0.223,0.302,0.262044,130.46,None,0.0,ETH-2AUG19-170-C,226.27,0.0,0.0,0.0,0.0,0.0,0.0,0.0735,-0.37234,0.05114,0.00311,0.90213
226.38,SYN.ETH-26JUL19,1563620345552,open,0.11,177.0,0.066,0.145,0.105852,129.75,0.106,0.0,ETH-26JUL19-210-C,226.27,116.22,0.1,181.0,0.106,132.0,130.08,0.09912,-1.09434,0.02183,0.00926,0.7049
226.51,SYN.ETH-2AUG19,1563620345566,open,0.11,36.0,0.067,0.146,0.106025,123.42,0.107,0.0,ETH-2AUG19-220-C,226.27,116.51,0.101,150.0,0.106,193.0,123.38,0.16484,-0.78999,0.03911,0.00738,0.59549
229.91,ETH-27DEC19,1563620345582,open,0.07,513.0,0.031,0.11,0.070932,110.98,0.073,0.0,ETH-27DEC19-520-C,226.27,108.48,0.066,110.0,0.076,150.0,113.48,0.4603,-0.15976,0.15864,0.00179,0.22846
10623.5,SYN.BTC-2AUG19,1563620345592,open,0.04,37.6,0.0005,0.0815,0.04027621,116.76,0.039,0.0,BTC-2AUG19-9500-P,10591.71,111.43,0.037,26.5,0.042,0.2,119.54,6.57084,-29.7935,-1.15469,0.00014,-0.26784
10623.5,SYN.BTC-2AUG19,1563620345603,open,0.08,5.1,0.0365,0.1225,0.07958575,114.7,0.085,0.0,BTC-2AUG19-10500-P,10591.71,110.52,0.0765,18.0,0.0815,2.8,117.28,7.85631,-34.99162,-1.93089,0.00017,-0.43566
10901.7,BTC-27DEC19,1563620345630,open,0.12,407.6,0.0785,0.158,0.11835897,104.81,0.121,0.0,BTC-27DEC19-18000-C,10591.71,102.62,0.113,8.0,0.1225,12.7,106.49,26.81851,-8.79061,11.22465,5e-05,0.35342
10901.7,BTC-27DEC19,1563620345630,open,0.12,237.4,0.0725,0.1615,0.1168345,101.09,0.1125,0.0,BTC-27DEC19-8000-P,10591.71,97.79,0.1105,4.9,0.1155,0.2,100.4,20.95006,-6.62352,-15.73567,4e-05,-0.2127
10606.22,SYN.BTC-26JUL19,1563620345632,open,0.09,388.6,0.0515,0.131,0.09141454,119.01,0.0925,0.0,BTC-26JUL19-10000-C,10591.71,113.67,0.089,2.1,0.0935,2.2,123.59,4.81773,-48.78927,1.00346,0.00022,0.67914
10761.82,BTC-27SEP19,1563620345643,open,0.47,29.6,0.414,0.531,0.4724812,109.14,0.58,0.0,BTC-27SEP19-15000-P,10591.71,88.16,0.4415,2.5,0.4835,0.2,116.13,16.75204,-13.27254,-23.37233,7e-05,-0.67843
229.91,ETH-27DEC19,1563620345657,open,0.31,692.0,0.254,0.358,0.305963,107.29,0.452,0.0,ETH-27DEC19-240-P,226.27,104.14,0.298,40.0,0.312,120.0,109.68,0.58126,-0.19504,-0.69499,0.00234,-0.38417
227.03,SYN.ETH-30AUG19,1563620345701,open,0.4,0.0,0.361,0.44,0.400792,120.27,None,0.0,ETH-30AUG19-140-C,226.27,0.0,0.0,0.0,0.0,0.0,0.0,0.11338,-0.1668,0.1319,0.00163,0.9196
10901.7,BTC-27DEC19,1563620345705,open,1.1,3.9,1.0155,1.183,1.09916505,106.65,0.752,0.0,BTC-27DEC19-22000-P,10591.71,90.47,1.067,2.5,1.1275,2.5,119.26,23.42672,-7.814,-87.7979,4e-05,-0.73949
10606.22,SYN.BTC-26JUL19,1563620345725,open,0.13,93.3,0.085,0.1645,0.124902,122.31,0.1275,0.0,BTC-26JUL19-9500-C,10591.71,118.5,0.1235,2.2,0.128,1.0,130.52,3.93753,-40.98193,1.12613,0.00018,0.78448
226.38,SYN.ETH-26JUL19,1563620345808,open,0.0,1074.0,0.001,0.04,1e-06,145.0,0.001,0.0,ETH-26JUL19-480-C,226.27,0.0,0.0,0.0,0.001,300.0,240.83,4e-05,-0.00029,0.0,0.0,3e-05
10901.7,BTC-27DEC19,1563620345830,open,3.06,0.0,2.8915,3.2155,3.05354022,113.32,None,0.0,BTC-27DEC19-44000-P,10591.71,0.0,0.0005,2.3,0.0,0.0,0.0,9.54915,-3.38408,-190.28045,2e-05,-0.9313
226.38,SYN.ETH-26JUL19,1563620345833,open,0.25,0.0,0.213,0.292,0.252477,139.71,None,0.0,ETH-26JUL19-170-C,226.27,0.0,0.0,0.0,0.0,0.0,0.0,0.02681,-0.31874,0.02563,0.00233,0.95585
10761.83,BTC-27SEP19,1563620345841,open,0.21,818.0,0.174,0.2535,0.2139213,106.43,0.215,0.0,BTC-27SEP19-10000-C,10591.71,102.44,0.2075,22.4,0.2155,0.2,107.42,17.2846,-13.35494,8.89069,7e-05,0.65172
10692.67,SYN.BTC-30AUG19,1563620345841,open,0.18,40.2,0.1375,0.217,0.17718134,110.95,0.18,0.0,BTC-30AUG19-10000-C,10591.71,108.8,0.1745,14.4,0.18,3.2,113.21,13.35027,-18.11856,5.57588,9e-05,0.64283
10901.7,BTC-27DEC19,1563620345874,open,0.82,0.0,0.778,0.8575,0.81779227,113.39,None,0.0,BTC-27DEC19-2000-C,10591.71,0.0,0.7485,8.0,0.8865,8.0,301.04,0.89435,-0.31715,8.49971,0.0,0.99579
10623.51,SYN.BTC-2AUG19,1563620345911,open,0.15,0.0,0.1065,0.186,0.14603252,116.76,None,0.0,BTC-2AUG19-9500-C,10591.71,111.01,0.1425,2.8,0.1485,2.7,120.73,6.57079,-29.79241,2.19654,0.00014,0.73216
227.03,SYN.ETH-30AUG19,1563620345914,open,0.02,166.0,0.001,0.058,0.017452,120.27,0.023,0.0,ETH-30AUG19-140-P,226.27,115.21,0.015,200.0,0.019,200.0,123.32,0.11338,-0.1668,-0.02488,0.00163,-0.0804
10761.83,BTC-27SEP19,1563620345939,open,0.01,452.0,0.0005,0.0465,0.00625454,106.43,0.0055,0.0,BTC-27SEP19-5000-P,10591.71,97.72,0.004,10.0,0.0065,3.5,107.27,3.13115,-2.41931,-0.72478,1e-05,-0.02944
10623.51,SYN.BTC-2AUG19,1563620345946,open,0.17,0.0,0.125,0.218,0.17162776,116.7,None,0.0,BTC-2AUG19-12000-P,10591.71,0.0,0.0005,2.1,0.0,0.0,0.0,7.20565,-32.65542,-3.16263,0.00016,-0.67229
10692.67,SYN.BTC-30AUG19,1563620345971,open,0.37,0.0,0.3155,0.4245,0.37015362,113.81,None,0.0,BTC-30AUG19-14000-P,10591.71,57.77,0.3175,2.5,0.3805,2.5,122.53,12.48844,-17.38631,-12.78432,9e-05,-0.69747
10901.7,BTC-27DEC19,1563620345978,open,0.5,122.9,0.4585,0.538,0.49846836,101.09,0.502,0.0,BTC-27DEC19-6000-C,10591.71,94.11,0.49,8.0,0.5175,8.0,115.76,13.55803,-4.28657,18.70084,3e-05,0.8901
10761.83,BTC-27SEP19,1563620346039,open,1.43,0.0,1.3305,1.524,1.42739424,114.36,None,0.0,BTC-27SEP19-26000-P,10591.71,0.0,0.0005,2.3,0.0,0.0,0.0,5.81092,-4.82436,-48.00793,2e-05,-0.93664
229.91,ETH-27DEC19,1563620346049,open,0.04,163.0,0.001,0.08,0.040376,113.15,0.047,0.0,ETH-27DEC19-680-C,226.27,110.12,0.036,50.0,0.045,50.0,116.19,0.34114,-0.12072,0.10184,0.0013,0.14151
227.03,SYN.ETH-30AUG19,1563620346167,open,0.08,266.0,0.042,0.121,0.081286,117.61,0.073,0.0,ETH-30AUG19-280-C,226.27,115.79,0.079,160.0,0.082,211.0,118.17,0.28645,-0.4121,0.073,0.00422,0.36842
10623.51,SYN.BTC-2AUG19,1563620346173,open,0.09,50.1,0.0515,0.131,0.09121121,114.69,0.09,0.0,BTC-2AUG19-10500-C,10591.71,112.38,0.0895,18.0,0.0935,3.0,117.79,7.85631,-34.99062,1.77309,0.00017,0.56434
229.91,ETH-27DEC19,1563620346231,open,1.49,0.0,1.397,1.596,1.496854,111.61,0.845,0.0,ETH-27DEC19-560-P,226.27,0.0,0.001,100.0,0.0,0.0,0.0,0.42806,-0.14942,-2.3114,0.00166,-0.79838
10901.69,BTC-27DEC19,1563620346231,open,0.34,172.0,0.296,0.3755,0.33574356,101.09,0.33,0.0,BTC-27DEC19-9000-C,10591.71,95.7,0.324,8.0,0.336,5.2,101.21,23.7354,-7.50423,18.95577,5e-05,0.73271
10606.22,SYN.BTC-26JUL19,1563620346272,open,0.0,375.4,0.0005,0.04,6.33e-06,145.0,0.001,0.0,BTC-26JUL19-21000-C,10591.71,0.0,0.0,0.0,0.0005,12.0,205.48,0.00763,-0.06717,0.00024,0.0,0.00015
227.03,SYN.ETH-30AUG19,1563620346287,open,0.62,0.0,0.553,0.681,0.617104,120.35,None,0.0,ETH-30AUG19-360-P,226.27,0.0,0.001,100.0,0.0,0.0,0.0,0.19424,-0.28595,-0.36722,0.0028,-0.82725
226.38,SYN.ETH-26JUL19,1563620346295,open,1.12,0.0,1.036,1.205,1.120337,144.97,None,0.0,ETH-26JUL19-480-P,226.27,0.0,0.0,0.0,0.0,0.0,0.0,4e-05,-0.00049,-0.07727,0.0,-0.99997
10623.5,SYN.BTC-2AUG19,1563620346297,open,0.02,0.7,0.0005,0.058,0.01809726,118.8,0.016,0.0,BTC-2AUG19-13500-C,10591.71,113.14,0.0155,3.0,0.018,0.1,118.6,5.00984,-23.1126,0.56156,0.00011,0.16794
229.91,ETH-27DEC19,1563620346323,open,0.17,168.0,0.133,0.212,0.172105,108.33,0.165,0.0,ETH-27DEC19-320-C,226.27,105.63,0.165,140.0,0.179,110.0,110.96,0.60384,-0.20459,0.28904,0.00241,0.45912
226.51,SYN.ETH-2AUG19,1563620346334,open,0.34,0.0,0.302,0.381,0.341949,133.01,None,0.0,ETH-2AUG19-150-C,226.27,0.0,0.0,0.0,0.0,0.0,0.0,0.03514,-0.18151,0.04955,0.00146,0.96203
10761.83,BTC-27SEP19,1563620346359,open,0.0,490.7,0.0005,0.04,0.00024901,142.13,0.0005,0.0,BTC-27SEP19-2000-P,10591.71,0.0,0.0,0.0,0.0005,5.6,153.13,0.18673,-0.19265,-0.02952,0.0,-0.0012
10606.22,SYN.BTC-26JUL19,1563620346364,open,0.01,797.6,0.0005,0.051,0.01080131,122.97,0.0115,0.0,BTC-26JUL19-9000-P,10591.71,119.92,0.01,1.0,0.012,30.0,127.37,2.83333,-29.64762,-0.23889,0.00013,-0.12912
229.91,ETH-27DEC19,1563620346395,open,0.03,733.0,0.001,0.071,0.031786,114.33,0.028,0.0,ETH-27DEC19-760-C,226.27,111.28,0.028,50.0,0.036,50.0,117.51,0.29482,-0.10541,0.08351,0.00111,0.11471
227.03,SYN.ETH-30AUG19,1563620346402,open,0.31,0.0,0.263,0.367,0.314606,117.61,None,0.0,ETH-30AUG19-280-P,226.27,0.0,0.0,0.0,0.0,0.0,0.0,0.28645,-0.4121,-0.24057,0.00422,-0.63158
226.51,SYN.ETH-2AUG19,1563620346428,open,0.34,0.0,0.285,0.391,0.338114,121.29,None,0.0,ETH-2AUG19-300-P,226.27,0.0,0.001,100.0,0.0,0.0,0.0,0.09068,-0.42711,-0.09642,0.00413,-0.86856
229.91,ETH-27DEC19,1563620346442,open,0.05,536.0,0.014,0.093,0.053304,112.38,0.054,0.0,ETH-27DEC19-600-C,226.27,109.85,0.049,110.0,0.057,40.0,114.48,0.39834,-0.14,0.12692,0.00153,0.17934
