underlying_price,underlying_index,timestamp,state,settlement_price,open_interest,min_price,max_price,mark_price,mark_iv,last_price,interest_rate,instrument_name,index_price,bid_iv,best_bid_price,best_bid_amount,best_ask_price,best_ask_amount,ask_iv,vega,theta,rho,gamma,delta
198.73,ETH-27SEP19,1568717940291,open,0.2,647.0,0.171,0.225,0.198827,88.62,0.125,0.0,ETH-27SEP19-160-C,198.2,0.0,0.194,300.0,0.0,0.0,0.0,0.03863,-0.1733,0.03989,0.00408,0.94062
198.73,ETH-27SEP19,1568717940318,open,0.0,6011.0,0.001,0.011,0.0,110.0,0.002,0.0,ETH-27SEP19-600-C,198.2,0.0,0.0,0.0,0.001,530.0,256.74,0.0,0.0,0.0,0.0,0.0
200.26,SYN.ETH-25OCT19,1568717940319,open,0.24,0.0,0.188,0.28,0.23436,76.4,None,0.0,ETH-25OCT19-240-P,198.2,68.16,0.226,200.0,0.0,0.0,0.0,0.21336,-0.2152,-0.20041,0.00671,-0.72986
198.73,ETH-27SEP19,1568717940337,open,0.0,8110.0,0.001,0.014,0.003903,88.41,0.007,0.0,ETH-27SEP19-160-P,198.2,83.45,0.003,200.0,0.005,200.0,93.75,0.03842,-0.17199,-0.00338,0.00407,-0.05899
198.35,SYN.ETH-20SEP19,1568717940350,open,0.01,275.0,0.001,0.024,0.006677,71.96,0.009,0.0,ETH-20SEP19-210-C,198.2,64.77,0.005,269.0,0.008,200.0,77.21,0.04847,-0.60643,0.00294,0.02173,0.19453
198.36,SYN.ETH-20SEP19,1568717940355,open,0.0,16.0,0.001,0.012,0.002141,77.77,0.002,0.0,ETH-20SEP19-220-C,198.2,66.57,0.001,201.0,0.004,200.0,90.87,0.02399,-0.3244,0.00108,0.00995,0.07136
198.36,SYN.ETH-20SEP19,1568717940360,open,0.0,16.0,0.001,0.012,0.002141,77.77,0.002,0.0,ETH-20SEP19-220-C,198.2,66.57,0.001,201.0,0.003,200.0,84.36,0.02399,-0.3244,0.00108,0.00995,0.07136
198.36,SYN.ETH-20SEP19,1568717940372,open,0.0,101.0,0.001,0.011,5.2e-05,110.0,0.009,0.0,ETH-20SEP19-150-P,198.2,0.0,0.0,0.0,0.001,204.0,156.69,0.00102,-0.01038,-3e-05,0.0003,-0.0018
203.68,ETH-27DEC19,1568717940378,open,0.01,3142.0,0.001,0.015,0.005602,80.54,0.006,0.0,ETH-27DEC19-100-P,198.2,75.54,0.004,40.0,0.007,200.0,84.3,0.07136,-0.02849,-0.01962,0.00077,-0.02926
198.73,ETH-27SEP19,1568717940385,open,0.0,11094.0,0.001,0.011,0.000111,109.99,0.001,0.0,ETH-27SEP19-120-P,198.2,0.0,0.0,0.0,0.001,300.0,142.23,0.00207,-0.01152,-0.00011,0.00018,-0.002
198.73,ETH-27SEP19,1568717940391,open,0.0,5439.0,0.001,0.011,0.0,110.01,0.001,0.0,ETH-27SEP19-480-C,198.2,0.0,0.0,0.0,0.001,200.0,212.47,0.0,-1e-05,0.0,0.0,0.0
10228.52,BTC-27SEP19,1568717940403,open,0.95,0.0,0.917,0.995,0.95533685,118.36,0.691,0.0,BTC-27SEP19-20000-P,10169.82,0.0,0.0045,10.0,1.0835,0.2,500.0,0.02479,-0.14855,-5.41026,0.0,-0.99959
10228.52,BTC-27SEP19,1568717940403,open,0.75,1.0,0.7255,0.796,0.75985607,111.69,0.575,0.0,BTC-27SEP19-18000-P,10169.82,0.0,0.0045,0.3,0.0,0.0,0.0,0.07812,-0.44174,-4.86647,0.0,-0.99858
10472.02,BTC-27DEC19,1568717940403,open,0.32,91.7,0.2905,0.348,0.31974625,74.55,0.327,0.0,BTC-27DEC19-7500-C,10169.82,56.35,0.3,16.0,0.345,16.0,93.98,12.68606,-4.68748,15.42208,6e-05,0.85261
10472.02,BTC-27DEC19,1568717940403,open,0.48,73.3,0.4665,0.4985,0.4818786,77.53,0.475,0.0,BTC-27DEC19-5500-C,10169.82,0.0,0.471,13.0,0.494,13.0,99.09,4.47496,-1.71966,13.91772,2e-05,0.96277
10228.52,BTC-27SEP19,1568717940403,open,0.85,42.8,0.8435,0.863,0.85335021,0.0,0.815,0.0,BTC-27SEP19-1500-C,10169.82,0.0,0.845,1.0,0.8615,22.0,500.0,0.0,0.0,0.40585,0.0,1.0
10228.52,BTC-27SEP19,1568717940403,open,0.68,0.5,0.6725,0.692,0.6822588,0.0,0.694,0.0,BTC-27SEP19-3250-C,10169.82,0.0,0.675,17.0,0.6885,17.0,404.78,0.0,0.0,0.87934,0.0,1.0
10228.52,BTC-27SEP19,1568717940403,open,0.56,34.4,0.534,0.5975,0.5645116,102.45,0.396,0.0,BTC-27SEP19-16000-P,10169.82,0.0,0.0045,10.0,0.0,0.0,0.0,0.24654,-1.2788,-4.31574,1e-05,-0.99492
10228.52,BTC-27SEP19,1568717940403,open,0.13,442.4,0.1055,0.152,0.12889788,74.51,0.133,0.0,BTC-27SEP19-9000-C,10169.82,49.48,0.122,13.0,0.147,13.0,116.18,3.64385,-13.74555,2.03852,0.00017,0.86549
10228.52,BTC-27SEP19,1568717940403,open,0.51,789.2,0.5015,0.521,0.51116848,0.0,0.5015,0.0,BTC-27SEP19-5000-C,10169.82,0.0,0.504,13.0,0.5175,13.0,265.26,0.0,0.0,1.35283,0.0,1.0
10228.52,BTC-27SEP19,1568717940403,open,0.36,54.0,0.342,0.401,0.36995861,92.11,0.466,0.0,BTC-27SEP19-14000-P,10169.82,0.0,0.0045,10.0,0.3765,1.0,129.71,0.91585,-4.271,-3.72778,4e-05,-0.97703
10228.52,BTC-27SEP19,1568717940403,open,0.18,4.1,0.153,0.1935,0.17282487,77.72,0.169,0.0,BTC-27SEP19-8500-C,10169.82,0.0,0.166,9.0,0.1805,9.0,105.35,2.14008,-8.42053,2.10858,0.0001,0.93473
10472.06,BTC-27DEC19,1568717940403,open,0.57,4.1,0.5625,0.585,0.57301166,82.51,0.578,0.0,BTC-27DEC19-4500-C,10169.82,0.0,0.565,15.0,0.5805,15.0,106.41,2.11172,-0.86359,11.91718,1e-05,0.98477
10228.52,BTC-27SEP19,1568717940403,open,1.53,0.0,1.4925,1.5935,1.54192962,158.37,None,0.0,BTC-27SEP19-26000-P,10169.82,0.0,0.0,0.0,0.0,0.0,0.0,0.01741,-0.13963,-7.03402,0.0,-0.99972
10228.52,BTC-27SEP19,1568717940403,open,0.59,9.1,0.5745,0.594,0.58449229,0.0,0.6095,0.0,BTC-27SEP19-4250-C,10169.82,0.0,0.5765,14.0,0.591,14.0,319.79,0.0,0.0,1.14991,0.0,1.0
10228.52,BTC-27SEP19,1568717940403,open,1.73,0.0,1.684,1.793,1.73744393,110.0,None,0.0,BTC-27SEP19-28000-P,10169.82,0.0,0.0,0.0,0.0,0.0,0.0,0.0,-1e-05,-7.57588,0.0,-1.0
10472.06,BTC-27DEC19,1568717940403,open,3.18,0.0,3.1195,3.29,3.20223338,94.8,3.46,0.0,BTC-27DEC19-44000-P,10169.82,0.0,0.001,1.0,0.0,0.0,0.0,0.68956,-0.32403,-121.49707,0.0,-0.99574
10472.06,BTC-27DEC19,1568717940404,open,1.1,4.9,1.063,1.1665,1.11156616,82.15,1.0385,0.0,BTC-27DEC19-22000-P,10169.82,0.0,0.09,0.1,1.834,0.3,500.0,7.0977,-2.8899,-59.19045,3e-05,-0.93359
10472.06,BTC-27DEC19,1568717940404,open,1.67,0.1,1.622,1.7385,1.67736862,85.32,1.49,0.0,BTC-27DEC19-28000-P,10169.82,0.0,0.001,1.0,0.0,0.0,0.0,3.16514,-1.33857,-76.7784,1e-05,-0.97548
10228.52,BTC-27SEP19,1568717940404,open,0.46,221.9,0.4515,0.473,0.46229435,106.73,0.446,0.0,BTC-27SEP19-5500-C,10169.82,0.0,0.4565,12.0,0.4695,12.0,240.89,0.00952,-0.05145,1.4877,0.0,0.99985
10472.06,BTC-27DEC19,1568717940404,open,0.48,207.4,0.4325,0.5335,0.48216092,77.38,0.5265,0.0,BTC-27DEC19-15000-P,10169.82,67.78,0.467,1.1,0.49,0.1,81.99,17.43016,-6.6853,-35.7109,7e-05,-0.75172
10472.06,BTC-27DEC19,1568717940404,open,0.53,65.4,0.514,0.5415,0.52706124,79.96,0.533,0.0,BTC-27DEC19-5000-C,10169.82,0.0,0.518,14.0,0.537,14.0,103.06,3.16214,-1.25328,12.97899,1e-05,0.97551
10228.56,BTC-27SEP19,1568717940405,open,0.54,13.5,0.526,0.5455,0.53561249,0.0,0.382,0.0,BTC-27SEP19-4750-C,10169.82,0.0,0.5285,13.0,0.542,13.0,282.42,0.0,0.0,1.28519,0.0,1.0
10228.56,BTC-27SEP19,1568717940404,open,0.63,0.0,0.6235,0.643,0.63337554,0.0,None,0.0,BTC-27SEP19-3750-C,10169.82,0.0,0.6265,16.0,0.64,16.0,362.08,0.0,0.0,1.01463,0.0,1.0
10472.06,BTC-27DEC19,1568717940404,open,0.67,4.0,0.6565,0.676,0.66644262,86.28,0.666,0.0,BTC-27DEC19-3500-C,10169.82,0.0,0.659,16.0,0.6735,17.0,126.74,0.66826,-0.2858,9.5348,0.0,0.99589
10472.06,BTC-27DEC19,1568717940404,open,0.81,0.0,0.7995,0.819,0.80916433,109.91,None,0.0,BTC-27DEC19-2000-C,10169.82,0.0,0.801,21.0,0.8165,21.0,187.11,0.15186,-0.08273,5.49983,0.0,0.99919
10472.06,BTC-27DEC19,1568717940404,open,0.72,0.0,0.7045,0.724,0.71402109,94.59,None,0.0,BTC-27DEC19-3000-C,10169.82,0.0,0.707,18.0,0.721,18.0,142.38,0.48346,-0.22666,8.19378,0.0,0.99713
10472.06,BTC-27DEC19,1568717940404,open,0.92,5.7,0.878,0.98,0.92626337,81.21,0.661,0.0,BTC-27DEC19-20000-P,10169.82,0.0,0.14,0.3,1.466,1.0,370.26,9.41038,-3.78815,-52.95765,4e-05,-0.90353
10472.06,BTC-27DEC19,1568717940404,open,0.32,111.9,0.273,0.372,0.32284647,75.89,0.358,0.0,BTC-27DEC19-13000-P,10169.82,71.89,0.315,18.0,0.338,10.0,83.46,20.71148,-7.79062,-27.69362,9e-05,-0.63403
10472.06,BTC-27DEC19,1568717940405,open,0.74,12.4,0.6955,0.7955,0.74334752,79.25,0.559,0.0,BTC-27DEC19-18000-P,10169.82,0.0,0.18,0.1,1.475,0.2,500.0,12.10069,-4.75305,-46.47774,5e-05,-0.86256
10228.56,BTC-27SEP19,1568717940405,open,1.34,0.2,1.3005,1.394,1.34639664,149.7,1.6,0.0,BTC-27SEP19-24000-P,10169.82,0.0,0.0,0.0,0.0,0.0,0.0,0.02533,-0.19197,-6.49252,0.0,-0.99958
10472.06,BTC-27DEC19,1568717940405,open,2.42,1.3,2.3705,2.5125,2.43899099,90.44,2.2,0.0,BTC-27DEC19-36000-P,10169.82,0.0,0.0,0.0,0.0,0.0,0.0,1.35805,-0.60879,-99.26574,0.0,-0.99085
10228.56,BTC-27SEP19,1568717940405,open,0.76,55.9,0.746,0.7655,0.75558369,0.0,0.689,0.0,BTC-27SEP19-2500-C,10169.82,0.0,0.7495,19.0,0.7625,19.0,500.0,0.0,0.0,0.67642,0.0,1.0
10472.06,BTC-27DEC19,1568717940405,open,0.86,0.1,0.847,0.8665,0.85678206,109.64,0.868,0.0,BTC-27DEC19-1500-C,10169.82,0.0,0.8485,22.0,0.865,1.0,224.9,0.02713,-0.01474,4.14133,0.0,0.99987
10472.06,BTC-27DEC19,1568717940405,open,1.29,0.0,1.2485,1.355,1.29889945,82.86,None,0.0,BTC-27DEC19-24000-P,10169.82,0.0,0.006,1.0,2.015,0.2,500.0,5.30188,-2.1776,-65.20595,2e-05,-0.9541
10228.56,BTC-27SEP19,1568717940405,open,1.14,0.2,1.109,1.1945,1.15086418,135.24,1.391,0.0,BTC-27SEP19-22000-P,10169.82,0.0,0.0045,10.0,0.0,0.0,0.0,0.0261,-0.17872,-5.95134,0.0,-0.99957
10228.56,BTC-27SEP19,1568717940405,open,2.12,0.0,2.0675,2.192,2.12852876,198.24,None,0.0,BTC-27SEP19-32000-P,10169.82,0.0,0.0,0.0,0.0,0.0,0.0,0.02584,-0.25933,-8.65705,0.0,-0.99957
10228.56,BTC-27SEP19,1568717940405,open,0.32,725.9,0.302,0.332,0.31637684,105.63,0.335,0.0,BTC-27SEP19-7000-C,10169.82,0.0,0.3095,15.1,0.3225,14.0,157.95,0.51069,-2.73114,1.8598,2e-05,0.98839
10472.06,BTC-27DEC19,1568717940405,open,3.57,0.0,3.494,3.6805,3.58440374,102.46,None,0.0,BTC-27DEC19-48000-P,10169.82,0.0,0.0005,1.0,0.0,0.0,0.0,0.83519,-0.42416,-132.52825,0.0,-0.99472
10228.56,BTC-27SEP19,1568717940406,open,1.92,0.0,1.8755,1.9925,1.93299571,187.34,None,0.0,BTC-27SEP19-30000-P,10169.82,0.0,0.0,0.0,0.0,0.0,0.0,0.02557,-0.24249,-8.11593,0.0,-0.99958
10472.06,BTC-27DEC19,1568717940406,open,2.8,0.0,2.745,2.9015,2.82071042,94.61,2.58,0.0,BTC-27DEC19-40000-P,10169.82,0.0,0.001,1.0,0.0,0.0,0.0,1.10376,-0.51763,-110.36907,0.0,-0.99277
10472.06,BTC-27DEC19,1568717940406,open,0.56,23.1,0.518,0.619,0.5670316,78.07,0.5235,0.0,BTC-27DEC19-16000-P,10169.82,0.0,0.0045,5.0,1.2965,0.2,500.0,15.59377,-6.03394,-39.4503,7e-05,-0.79606
10228.56,BTC-27SEP19,1568717940406,open,0.71,225.7,0.697,0.7165,0.70670043,0.0,0.693,0.0,BTC-27SEP19-3000-C,10169.82,0.0,0.699,17.0,0.714,17.0,444.77,0.0,0.0,0.8117,0.0,1.0
10228.56,BTC-27SEP19,1568717940406,open,0.27,37.0,0.2465,0.304,0.27366137,84.62,0.2795,0.0,BTC-27SEP19-13000-P,10169.82,50.12,0.271,1.0,0.285,7.0,125.44,1.71203,-7.33455,-3.38881,7e-05,-0.95084
10472.06,BTC-27DEC19,1568717940406,open,0.44,122.9,0.4205,0.459,0.43904369,77.53,0.4475,0.0,BTC-27DEC19-6000-C,10169.82,70.27,0.435,13.0,0.4535,13.0,97.14,6.4009,-2.4597,14.55146,3e-05,0.94183
10228.56,BTC-27SEP19,1568717940407,open,0.81,28.2,0.7945,0.814,0.80446695,0.0,0.755,0.0,BTC-27SEP19-2000-C,10169.82,0.0,0.7965,20.0,0.812,20.0,500.0,0.0,0.0,0.54113,0.0,1.0
10692.22,SYN.BTC-27MAR20,1568717940402,open,1.81,0.0,1.7575,1.9035,1.82628414,85.95,None,0.0,BTC-27MAR20-30000-P,10169.82,0.0,0.0,0.0,0.0,0.0,0.0,12.53599,-2.80778,-153.82859,2e-05,-0.91051
10228.56,BTC-27SEP19,1568717940407,open,0.61,227.5,0.599,0.6185,0.60893658,0.0,0.606,0.0,BTC-27SEP19-4000-C,10169.82,0.0,0.6025,21.5,0.616,21.5,345.3,0.0,0.0,1.08227,0.0,1.0
10692.22,SYN.BTC-27MAR20,1568717940402,open,1.27,0.0,1.2165,1.353,1.28136436,83.31,None,0.0,BTC-27MAR20-24000-P,10169.82,0.0,0.0,0.0,0.0,0.0,0.0,18.07133,-3.92295,-119.80157,4e-05,-0.85005
10228.56,BTC-27SEP19,1568717940408,open,0.22,860.2,0.2025,0.2385,0.21987416,85.31,0.211,0.0,BTC-27SEP19-8000-C,10169.82,0.0,0.2075,13.0,0.232,13.0,137.77,1.27807,-5.52053,2.06413,5e-05,0.96572
10472.06,BTC-27DEC19,1568717940408,open,0.36,50.4,0.3315,0.383,0.35728686,75.28,0.3615,0.0,BTC-27DEC19-7000-C,10169.82,69.25,0.3515,16.0,0.3635,16.0,81.26,10.48982,-3.91406,15.3583,5e-05,0.88795
10472.06,BTC-27DEC19,1568717940408,open,2.05,0.3,1.9965,2.125,2.05781128,88.01,1.875,0.0,BTC-27DEC19-32000-P,10169.82,0.0,0.0,0.0,0.0,0.0,0.0,2.02711,-0.88426,-88.07844,1e-05,-0.98548
10228.56,BTC-27SEP19,1568717940408,open,0.46,26.6,0.438,0.4995,0.46723204,101.45,0.459,0.0,BTC-27SEP19-15000-P,10169.82,0.0,0.33,5.0,0.4745,1.0,151.2,0.58256,-2.99214,-4.02317,2e-05,-0.98648
10472.06,BTC-27DEC19,1568717940409,open,0.62,26.7,0.61,0.6295,0.61960423,85.52,0.626,0.0,BTC-27DEC19-4000-C,10169.82,0.0,0.6125,15.0,0.626,15.0,113.28,1.33857,-0.5674,10.74877,1e-05,0.991
10228.56,BTC-27SEP19,1568717940409,open,0.42,713.5,0.4015,0.4255,0.41346819,109.64,0.454,0.0,BTC-27SEP19-6000-C,10169.82,0.0,0.4055,11.0,0.421,11.0,214.32,0.06451,-0.35811,1.62004,0.0,0.99885
10692.22,SYN.BTC-27MAR20,1568717940403,open,0.01,21.6,0.003,0.0335,0.01373943,86.51,0.0155,0.0,BTC-27MAR20-34000-C,10169.82,84.49,0.012,25.0,0.0155,14.0,88.4,9.5833,-2.16036,2.76399,2e-05,0.06291
10186.88,SYN.BTC-20SEP19,1568717940403,open,0.22,0.0,0.199,0.2315,0.21485822,109.63,None,0.0,BTC-20SEP19-8000-C,10169.82,0.0,0.2045,6.0,0.2255,6.0,232.35,0.14621,-2.78704,0.62559,2e-05,0.99433
10692.22,SYN.BTC-27MAR20,1568717940403,open,0.01,49.2,0.0025,0.0305,0.01213447,87.73,0.0115,0.0,BTC-27MAR20-36000-C,10169.82,86.3,0.011,19.6,0.0135,20.0,89.35,8.73073,-1.996,2.45799,2e-05,0.05587
10472.06,BTC-27DEC19,1568717940410,open,1.86,0.2,1.809,1.932,1.86777697,87.98,2.03,0.0,BTC-27DEC19-30000-P,10169.82,0.0,0.001,1.0,0.0,0.0,0.0,2.71701,-1.18478,-82.40664,1e-05,-0.97954
10692.22,SYN.BTC-27MAR20,1568717940402,open,0.75,0.0,0.6945,0.826,0.75910498,80.7,0.8095,0.0,BTC-27MAR20-18000-P,10169.82,0.0,0.0825,2.0,0.865,0.1,120.04,25.8704,-5.44067,-83.4142,5e-05,-0.72493
10692.22,SYN.BTC-27MAR20,1568717940402,open,0.35,17.0,0.3025,0.381,0.34350339,77.44,0.371,0.0,BTC-27MAR20-8000-C,10169.82,63.09,0.314,9.5,0.373,9.5,91.27,22.50482,-4.54116,24.94953,5e-05,0.78739
10186.88,SYN.BTC-20SEP19,1568717940403,open,0.22,0.0,0.2035,0.254,0.22731632,95.67,None,0.0,BTC-20SEP19-12500-P,10169.82,0.0,0.0005,0.1,0.0,0.0,0.0,0.21892,-3.64157,-0.97784,3e-05,-0.99104
198.73,ETH-27SEP19,1568717940412,open,0.05,2894.0,0.018,0.073,0.045802,74.41,0.048,0.0,ETH-27SEP19-200-C,198.2,68.58,0.042,285.0,0.048,200.0,77.72,0.1304,-0.49127,0.02462,0.0164,0.50365
200.25,SYN.ETH-25OCT19,1568717940428,open,0.01,650.0,0.001,0.018,0.007919,79.67,0.009,0.0,ETH-25OCT19-140-P,198.2,74.6,0.006,240.0,0.01,660.0,84.56,0.0807,-0.08487,-0.01492,0.00243,-0.06388
198.73,ETH-27SEP19,1568717940437,open,0.01,46.0,0.001,0.022,0.007656,82.11,0.009,0.0,ETH-27SEP19-170-P,198.2,76.53,0.006,200.0,0.009,200.0,86.32,0.06168,-0.2564,-0.00635,0.00703,-0.11053
198.73,ETH-27SEP19,1568717940451,open,0.03,35.0,0.009,0.056,0.029773,75.77,0.034,0.0,ETH-27SEP19-190-P,198.2,71.17,0.027,160.0,0.033,568.0,81.16,0.11926,-0.45754,-0.01968,0.01473,-0.33624
203.68,ETH-27DEC19,1568717940459,open,0.01,2664.0,0.002,0.026,0.0112,92.14,0.009,0.0,ETH-27DEC19-480-C,198.2,88.56,0.009,99.0,0.013,200.0,94.78,0.13304,-0.06076,0.02934,0.00126,0.06333
198.73,ETH-27SEP19,1568717940463,open,0.0,7916.0,0.001,0.011,0.0,110.0,0.001,0.0,ETH-27SEP19-760-C,198.2,0.0,0.0,0.0,0.001,200.0,301.92,0.0,0.0,0.0,0.0,0.0
198.73,ETH-27SEP19,1568717940472,open,0.0,3439.0,0.001,0.011,0.0,110.0,0.001,0.0,ETH-27SEP19-680-C,198.2,0.0,0.0,0.0,0.001,200.0,280.86,0.0,0.0,0.0,0.0,0.0
200.25,SYN.ETH-25OCT19,1568717940477,open,0.0,2304.0,0.001,0.012,0.002476,84.78,0.009,0.0,ETH-25OCT19-120-P,198.2,73.61,0.001,600.0,0.004,660.0,92.51,0.03402,-0.03808,-0.00511,0.00096,-0.02213
198.73,ETH-27SEP19,1568717940484,open,0.0,1.0,0.001,0.012,0.002105,96.48,0.005,0.0,ETH-27SEP19-150-P,198.2,85.04,0.001,300.0,0.003,200.0,103.31,0.02347,-0.11467,-0.00183,0.00228,-0.03202
198.73,ETH-27SEP19,1568717940494,open,0.01,15.0,0.001,0.025,0.009213,79.26,0.008,0.0,ETH-27SEP19-230-C,198.2,75.92,0.008,200.0,0.011,400.0,83.83,0.0747,-0.29973,0.00733,0.00882,0.14555
203.69,ETH-27DEC19,1568717940505,open,0.05,713.0,0.024,0.086,0.054221,83.33,0.05,0.0,ETH-27DEC19-300-C,198.2,80.8,0.05,220.0,0.058,232.0,85.57,0.34249,-0.14145,0.11196,0.00358,0.25308
200.25,SYN.ETH-25OCT19,1568717940509,open,0.0,2460.0,0.001,0.011,0.00099,96.82,0.002,0.0,ETH-25OCT19-100-P,198.2,0.0,0.0,0.0,0.002,600.0,107.29,0.01507,-0.01926,-0.00199,0.00037,-0.0086
203.69,ETH-27DEC19,1568717940519,open,0.02,491.0,0.008,0.048,0.025012,87.59,0.023,0.0,ETH-27DEC19-380-C,198.2,84.8,0.022,3.0,0.028,240.0,90.19,0.22713,-0.09861,0.05938,0.00226,0.1305
198.35,SYN.ETH-20SEP19,1568717940524,open,0.0,0.0,0.001,0.011,0.0,110.0,None,0.0,ETH-20SEP19-120-P,198.2,0.0,0.0,0.0,0.001,200.0,262.69,0.0,0.0,0.0,0.0,0.0
198.73,ETH-27SEP19,1568717940528,open,0.0,3828.0,0.001,0.011,0.0,110.01,0.001,0.0,ETH-27SEP19-560-C,198.2,0.0,0.0,0.0,0.001,299.0,243.23,0.0,0.0,0.0,0.0,0.0
198.73,ETH-27SEP19,1568717940536,open,0.0,3051.0,0.001,0.011,0.001199,98.65,0.003,0.0,ETH-27SEP19-280-C,198.2,0.0,0.0,0.0,0.002,200.0,106.73,0.01656,-0.08272,0.00107,0.00157,0.0211
203.68,ETH-27DEC19,1568717940560,open,0.01,12160.0,0.001,0.016,0.005795,98.46,0.003,0.0,ETH-27DEC19-600-C,198.2,96.34,0.005,80.0,0.006,200.0,98.97,0.08029,-0.03919,0.01573,0.00071,0.03375
10472.06,BTC-27DEC19,1568717940559,open,0.03,253.1,0.0105,0.0455,0.02573761,75.28,0.025,0.0,BTC-27DEC19-7000-P,10169.82,74.04,0.0245,55.0,0.027,28.0,76.53,10.49057,-3.91462,-3.98821,5e-05,-0.11206
200.25,SYN.ETH-25OCT19,1568717940571,open,0.1,494.0,0.062,0.128,0.096903,75.14,0.09,0.0,ETH-25OCT19-200-C,198.2,71.3,0.092,167.0,0.101,200.0,78.36,0.25531,-0.25325,0.0942,0.00817,0.55023
198.73,ETH-27SEP19,1568717940575,open,0.0,5725.0,0.001,0.011,3e-06,110.01,0.001,0.0,ETH-27SEP19-400-C,198.2,0.0,0.0,0.0,0.001,306.0,174.88,0.0001,-0.00058,0.0,1e-05,8e-05
198.73,ETH-27SEP19,1568717940581,open,0.0,2663.0,0.001,0.011,0.000101,110.01,0.001,0.0,ETH-27SEP19-340-C,198.2,0.0,0.0,0.0,0.001,200.0,140.02,0.00208,-0.01158,0.0001,0.00018,0.00201
198.74,ETH-27SEP19,1568717940584,open,0.0,100.0,0.001,0.011,0.000466,110.0,0.001,0.0,ETH-27SEP19-130-P,198.2,0.0,0.0,0.0,0.001,200.0,121.95,0.0067,-0.03734,-0.00042,0.00057,-0.00742
198.73,ETH-27SEP19,1568717940590,open,0.0,5411.0,0.001,0.011,0.000871,110.01,0.002,0.0,ETH-27SEP19-300-C,198.2,0.0,0.0,0.0,0.002,700.0,123.88,0.01197,-0.06669,0.00073,0.00102,0.01443
10228.52,BTC-27SEP19,1568717940594,open,0.0,413.4,0.0005,0.0135,0.00384032,77.74,0.004,0.0,BTC-27SEP19-8500-P,10169.82,73.48,0.003,41.1,0.0045,30.0,80.77,2.14164,-8.42964,-0.19142,0.0001,-0.06533
10228.56,BTC-27SEP19,1568717940607,open,0.0,1660.1,0.0005,0.0105,0.0,110.0,0.0005,0.0,BTC-27SEP19-1500-P,10169.82,0.0,0.0,0.0,0.0005,105.1,461.34,0.0,0.0,0.0,0.0,0.0
198.73,ETH-27SEP19,1568717940905,open,0.17,0.0,0.128,0.206,0.166562,79.24,None,0.0,ETH-27SEP19-230-P,198.17,0.0,0.0,0.0,0.0,0.0,0.0,0.07467,-0.29958,-0.0549,0.00882,-0.85451
198.73,ETH-27SEP19,1568717940905,open,0.15,105.0,0.122,0.18,0.152224,82.13,0.116,0.0,ETH-27SEP19-170-C,198.17,0.0,0.0,0.0,0.0,0.0,0.0,0.0617,-0.25654,0.03964,0.00703,0.88942
203.68,ETH-27DEC19,1568717940905,open,0.71,0.0,0.639,0.773,0.70501,85.16,None,0.0,ETH-27DEC19-340-P,198.17,0.0,0.0,0.0,0.0,0.0,0.0,0.27961,-0.11803,-0.85923,0.00286,-0.82138
203.68,ETH-27DEC19,1568717940905,open,0.89,0.0,0.823,0.963,0.890592,87.51,None,0.0,ETH-27DEC19-380-P,198.17,0.0,0.0,0.0,0.0,0.0,0.0,0.22671,-0.09833,-0.99097,0.00226,-0.86984
198.73,ETH-27SEP19,1568717940906,open,0.35,0.0,0.326,0.366,0.346345,110.94,None,0.0,ETH-27SEP19-130-C,198.17,0.0,0.0,0.0,0.0,0.0,0.0,0.00703,-0.03947,0.03473,0.00059,0.99218
198.73,ETH-27SEP19,1568717940906,open,0.25,0.0,0.223,0.271,0.247349,96.81,None,0.0,ETH-27SEP19-150-C,198.17,0.0,0.0,0.0,0.0,0.0,0.0,0.02372,-0.11626,0.03873,0.00229,0.96757
205.82,SYN.ETH-27MAR20,1568717940905,open,1.95,0.0,1.843,2.058,1.946562,96.56,None,0.0,ETH-27MAR20-600-P,198.17,0.0,0.02,10.0,0.0,0.0,0.0,0.29742,-0.07484,-3.05895,0.00138,-0.88062
198.35,SYN.ETH-20SEP19,1568717940905,open,0.15,173.0,0.117,0.17,0.143898,93.59,0.1,0.0,ETH-20SEP19-170-C,198.17,0.0,0.08,1.0,0.0,0.0,0.0,0.01159,-0.18857,0.01293,0.00399,0.97118
198.73,ETH-27SEP19,1568717940907,open,0.08,0.0,0.048,0.119,0.083583,74.48,None,0.0,ETH-27SEP19-210-P,198.17,68.54,0.08,120.0,0.088,120.0,81.68,0.12091,-0.45592,-0.03952,0.01519,-0.65136
198.35,SYN.ETH-20SEP19,1568717940905,open,0.1,722.0,0.065,0.123,0.094905,77.75,0.096,0.0,ETH-20SEP19-180-C,198.17,0.0,0.092,300.0,0.098,40.0,97.8,0.02485,-0.33592,0.01298,0.01031,0.92528
200.25,SYN.ETH-25OCT19,1568717940905,open,0.41,3.0,0.365,0.464,0.413551,82.34,0.645,0.0,ETH-25OCT19-280-P,198.17,0.0,0.0,0.0,0.0,0.0,0.0,0.13572,-0.14752,-0.26693,0.00396,-0.87102
205.82,SYN.ETH-27MAR20,1568717940905,open,0.18,471.0,0.126,0.227,0.180348,82.72,0.185,0.0,ETH-27MAR20-240-C,198.17,81.22,0.176,211.0,0.192,211.0,86.76,0.59477,-0.12821,0.36473,0.00323,0.51745
198.35,SYN.ETH-20SEP19,1568717940905,open,0.3,0.0,0.273,0.315,0.294206,120.89,None,0.0,ETH-20SEP19-140-C,198.17,0.0,0.0,0.0,0.0,0.0,0.0,0.0003,-0.00636,0.01102,8e-05,0.99952
205.82,SYN.ETH-27MAR20,1568717940905,open,0.11,1543.0,0.071,0.153,0.112499,81.27,0.118,0.0,ETH-27MAR20-160-P,198.17,76.55,0.102,240.0,0.114,32.0,81.95,0.45874,-0.09716,-0.37614,0.00253,-0.23515
205.82,SYN.ETH-27MAR20,1568717940906,open,0.04,1600.0,0.021,0.067,0.04276,81.28,0.036,0.0,ETH-27MAR20-120-P,198.17,76.29,0.036,240.0,0.044,326.0,82.16,0.28625,-0.06063,-0.16864,0.00158,-0.1131
205.82,SYN.ETH-27MAR20,1568717940905,open,0.14,313.0,0.088,0.187,0.139872,85.34,0.138,0.0,ETH-27MAR20-280-C,198.17,82.56,0.132,231.0,0.148,231.0,88.19,0.5849,-0.13007,0.30894,0.00308,0.4254
205.82,SYN.ETH-27MAR20,1568717940905,open,0.46,40.0,0.426,0.49,0.459759,81.3,0.459,0.0,ETH-27MAR20-120-C,198.17,0.0,0.416,300.0,0.0,0.0,0.0,0.2863,-0.06065,0.46212,0.00158,0.88686
198.35,SYN.ETH-20SEP19,1568717940905,open,0.25,0.0,0.221,0.266,0.243841,112.01,None,0.0,ETH-20SEP19-150-C,198.17,0.0,0.0,0.0,0.0,0.0,0.0,0.00118,-0.02289,0.01178,0.00034,0.99788
198.35,SYN.ETH-20SEP19,1568717940905,open,0.2,0.0,0.169,0.218,0.193787,109.88,None,0.0,ETH-20SEP19-160-C,198.17,0.0,0.193,300.0,0.0,0.0,0.0,0.00556,-0.10631,0.01241,0.00163,0.98784
205.82,SYN.ETH-27MAR20,1568717940905,open,0.5,124.0,0.424,0.571,0.500274,85.34,0.52,0.0,ETH-27MAR20-280-P,198.17,76.71,0.476,24.0,0.5,24.0,85.24,0.5849,-0.13007,-1.16298,0.00308,-0.5746
205.82,SYN.ETH-27MAR20,1568717940905,open,1.76,0.0,1.657,1.864,1.756893,95.39,None,0.0,ETH-27MAR20-560-P,198.17,0.0,0.01,10.0,0.0,0.0,0.0,0.32457,-0.08068,-2.83645,0.00153,-0.86466
205.82,SYN.ETH-27MAR20,1568717940906,open,0.33,222.0,0.288,0.375,0.335164,81.29,0.32,0.0,ETH-27MAR20-160-C,198.17,0.0,0.2,5.0,0.338,3.0,82.56,0.45875,-0.09718,0.4649,0.00253,0.76484
205.82,SYN.ETH-27MAR20,1568717940906,open,0.62,2.0,0.603,0.636,0.61976,81.79,0.597,0.0,ETH-27MAR20-80-C,198.17,0.0,0.071,10.0,0.0,0.0,0.0,0.09978,-0.02127,0.37963,0.00055,0.97062
205.82,SYN.ETH-27MAR20,1568717940905,open,0.21,2222.0,0.157,0.267,0.214595,81.28,0.204,0.0,ETH-27MAR20-200-P,198.17,77.04,0.203,137.0,0.219,32.0,82.9,0.56126,-0.11888,-0.62783,0.0031,-0.36567
205.82,SYN.ETH-27MAR20,1568717940905,open,0.35,154.0,0.278,0.409,0.346407,82.72,0.336,0.0,ETH-27MAR20-240-P,198.17,79.12,0.336,240.0,0.35,24.0,83.97,0.59477,-0.12821,-0.89691,0.00323,-0.48255
200.25,SYN.ETH-25OCT19,1568717940906,open,0.32,3.0,0.274,0.371,0.322672,80.67,0.534,0.0,ETH-25OCT19-260-P,198.17,0.0,0.0,0.0,0.0,0.0,0.0,0.17552,-0.18691,-0.2352,0.00523,-0.80917
205.82,SYN.ETH-27MAR20,1568717940905,open,0.01,673.0,0.001,0.018,0.008427,81.75,0.011,0.0,ETH-27MAR20-80-P,198.17,76.28,0.006,240.0,0.011,340.0,86.7,0.09966,-0.02123,-0.04086,0.00055,-0.02933
205.82,SYN.ETH-27MAR20,1568717940905,open,0.24,685.0,0.189,0.288,0.242879,81.28,0.253,0.0,ETH-27MAR20-200-C,198.17,79.5,0.238,189.0,0.255,189.0,85.74,0.56126,-0.11888,0.42354,0.0031,0.63433
198.35,SYN.ETH-20SEP19,1568717940905,open,0.35,0.0,0.325,0.364,0.344617,141.14,None,0.0,ETH-20SEP19-130-C,198.17,0.0,0.0,0.0,0.0,0.0,0.0,0.00019,-0.00472,0.01024,4e-05,0.9997
205.82,SYN.ETH-27MAR20,1568717940905,open,0.03,3934.0,0.01,0.06,0.031557,96.66,0.027,0.0,ETH-27MAR20-600-C,198.17,94.13,0.028,40.0,0.035,300.0,98.98,0.2981,-0.07509,0.09543,0.00138,0.11976
198.73,ETH-27SEP19,1568717941323,open,0.02,5932.0,0.003,0.036,0.016282,79.85,0.016,0.0,ETH-27SEP19-180-P,198.17,77.11,0.015,130.0,0.018,627.0,83.49,0.09322,-0.37687,-0.01197,0.01093,-0.20629
10186.88,SYN.BTC-20SEP19,1568717941346,open,0.01,290.1,0.001,0.029,0.01151328,66.17,0.011,0.0,BTC-20SEP19-10500-C,10169.82,62.94,0.0105,15.3,0.0125,3.4,69.3,3.20535,-36.87953,0.24234,0.00059,0.31346
10228.56,BTC-27SEP19,1568717941363,open,0.03,1029.3,0.0135,0.059,0.03517409,70.12,0.034,0.0,BTC-27SEP19-10000-P,10169.82,69.06,0.0345,5.3,0.036,1.0,71.42,6.49976,-23.07656,-1.20409,0.00033,-0.39991
10228.56,BTC-27SEP19,1568717941375,open,0.02,1034.0,0.0045,0.04,0.0202247,71.99,0.021,0.0,BTC-27SEP19-11000-C,10169.82,69.8,0.019,11.8,0.021,31.1,73.36,5.7546,-20.97418,0.74523,0.00028,0.2895
10228.52,BTC-27SEP19,1568717941390,open,0.05,10.1,0.0205,0.0685,0.04460047,69.51,0.0455,0.0,BTC-27SEP19-10250-C,10169.82,67.84,0.0435,6.0,0.046,0.8,71.65,6.70707,-23.60545,1.30318,0.00034,0.51549
10472.09,BTC-27DEC19,1568717941407,open,3.95,0.8,3.8685,4.0705,3.96634191,106.74,3.59,0.0,BTC-27DEC19-52000-P,10169.82,0.0,0.001,2.0,0.0,0.0,0.0,0.79734,-0.42185,-143.5904,0.0,-0.99499
10472.09,BTC-27DEC19,1568717941404,open,0.04,238.0,0.0165,0.059,0.03594123,74.55,0.035,0.0,BTC-27DEC19-7500-P,10169.82,73.35,0.0345,53.8,0.037,0.2,75.42,12.68611,-4.6876,-5.30584,6e-05,-0.14739
10472.09,BTC-27DEC19,1568717941417,open,0.76,0.0,0.752,0.7715,0.76176815,107.93,None,0.0,BTC-27DEC19-2500-C,10169.82,0.0,0.7535,19.0,0.769,19.0,163.3,0.4259,-0.22785,6.82278,0.0,0.99751
10228.56,BTC-27SEP19,1568717941417,open,0.18,110.6,0.152,0.21,0.1798957,76.81,0.177,0.0,BTC-27SEP19-12000-P,10169.82,0.0,0.17,7.0,0.19,8.1,102.61,3.26299,-12.6888,-2.94749,0.00015,-0.88514
10228.56,BTC-27SEP19,1568717941420,open,0.56,289.7,0.5505,0.57,0.56005544,110.0,0.588,0.0,BTC-27SEP19-4500-C,10169.82,0.0,0.5535,20.5,0.5665,20.5,300.56,0.00015,-0.00083,1.21755,0.0,1.0
10228.56,BTC-27SEP19,1568717941423,open,0.66,261.1,0.648,0.6675,0.65781951,0.0,0.714,0.0,BTC-27SEP19-3500-C,10169.82,0.0,0.65,16.0,0.665,16.0,391.17,0.0,0.0,0.94698,0.0,1.0
10472.09,BTC-27DEC19,1568717941426,open,0.4,63.0,0.375,0.42,0.39730412,76.44,0.4965,0.0,BTC-27DEC19-6500-C,10169.82,47.84,0.3815,12.0,0.4155,12.0,96.17,8.38505,-3.17685,15.05231,4e-05,0.91739
10228.56,BTC-27SEP19,1568717941460,open,0.0,1298.1,0.0005,0.0105,0.00074238,105.77,0.001,0.0,BTC-27SEP19-7000-P,10169.82,100.3,0.0005,10.4,0.001,54.0,110.41,0.51401,-2.75267,-0.03443,2e-05,-0.0117
10186.92,SYN.BTC-20SEP19,1568717941475,open,0.42,0.0,0.3955,0.4525,0.42340315,116.29,None,0.0,BTC-20SEP19-14500-P,10169.82,0.0,0.001,1.0,0.0,0.0,0.0,0.01239,-0.25045,-1.1421,0.0,-0.99962
10472.09,BTC-27DEC19,1568717941479,open,0.03,502.9,0.008,0.048,0.0244772,79.24,0.0255,0.0,BTC-27DEC19-18000-C,10169.82,77.94,0.023,63.2,0.0255,0.5,80.11,12.09838,-4.75157,3.26838,5e-05,0.13741
10228.56,BTC-27SEP19,1568717941491,open,0.0,657.8,0.0005,0.0105,1.09e-06,110.0,0.0005,0.0,BTC-27SEP19-5000-P,10169.82,0.0,0.0,0.0,0.0005,62.9,178.77,0.00187,-0.01041,-8e-05,0.0,-3e-05
10303.44,SYN.BTC-25OCT19,1568717941505,open,0.0,258.1,0.0005,0.012,0.00201806,85.95,0.0025,0.0,BTC-25OCT19-6000-P,10169.82,82.02,0.0015,21.0,0.0025,32.0,89.07,1.48655,-1.68673,-0.21669,2e-05,-0.01825
10472.09,BTC-27DEC19,1568717941511,open,0.0,213.2,0.0005,0.0105,0.00049954,107.97,0.0005,0.0,BTC-27DEC19-2500-P,10169.82,0.0,0.0,0.0,0.001,57.0,117.42,0.42687,-0.22845,-0.08674,0.0,-0.0025
10472.09,BTC-27DEC19,1568717941516,open,0.0,479.0,0.0005,0.0115,0.00157554,85.54,0.0015,0.0,BTC-27DEC19-4000-P,10169.82,80.35,0.001,34.0,0.002,5.3,88.6,1.33998,-0.56813,-0.30648,1e-05,-0.00901
10228.56,BTC-27SEP19,1568717941520,open,0.06,727.3,0.0315,0.0825,0.05751937,70.12,0.0625,0.0,BTC-27SEP19-10000-C,10169.82,69.31,0.057,4.6,0.0585,1.0,71.67,6.49976,-23.07656,1.50158,0.00033,0.60009
10692.29,SYN.BTC-27MAR20,1568717941534,open,2.18,0.0,2.1215,2.275,2.19362206,86.53,None,0.0,BTC-27MAR20-34000-P,10169.82,0.0,0.0,0.0,0.0,0.0,0.0,9.59224,-2.16298,-175.96653,2e-05,-0.93701
10228.52,BTC-27SEP19,1568717941534,open,0.04,106.2,0.013,0.0575,0.03437172,69.88,0.035,0.0,BTC-27SEP19-10500-C,10169.82,68.54,0.0335,4.9,0.0355,1.1,71.63,6.61537,-23.40559,1.10139,0.00033,0.43234
10472.09,BTC-27DEC19,1568717941563,open,0.0,616.5,0.0005,0.011,0.00124903,90.26,0.002,0.0,BTC-27DEC19-36000-C,10169.82,82.32,0.0005,11.0,0.002,81.1,95.17,1.34025,-0.59962,0.2248,0.0,0.00902
10228.56,BTC-27SEP19,1568717941586,open,0.0,811.8,0.0005,0.0105,6.37e-06,110.0,0.0005,0.0,BTC-27SEP19-20000-C,10169.82,0.0,0.0,0.0,0.0005,8.0,155.99,0.00974,-0.05422,0.0004,0.0,0.00015
10303.44,SYN.BTC-25OCT19,1568717941601,open,0.07,119.1,0.046,0.106,0.07586529,71.1,0.0735,0.0,BTC-25OCT19-10000-P,10169.82,68.8,0.073,5.8,0.078,25.0,72.81,12.84956,-12.06102,-5.12226,0.00016,-0.40322
10692.29,SYN.BTC-27MAR20,1568717941609,open,0.09,200.0,0.056,0.1285,0.09171541,77.44,0.094,0.0,BTC-27MAR20-8000-P,10169.82,77.1,0.091,7.0,0.094,9.9,78.52,22.50493,-4.54136,-17.10574,5e-05,-0.21261
10303.44,SYN.BTC-25OCT19,1568717941606,open,0.07,119.1,0.046,0.106,0.07586529,71.1,0.0735,0.0,BTC-25OCT19-10000-P,10169.82,68.8,0.073,5.8,0.078,30.8,72.81,12.84956,-12.06102,-5.12226,0.00016,-0.40322
10472.09,BTC-27DEC19,1568717941612,open,0.0,470.1,0.0005,0.0105,0.00099712,94.37,0.001,0.0,BTC-27DEC19-40000-C,10169.82,88.27,0.0005,2.0,0.0015,28.7,98.53,1.08338,-0.50675,0.176,0.0,0.00708
10186.88,SYN.BTC-20SEP19,1568717941618,open,0.01,258.5,0.0015,0.0345,0.0148167,65.08,0.0125,0.0,BTC-20SEP19-10000-P,10169.82,62.61,0.014,0.3,0.016,46.0,68.61,3.39361,-38.3983,-0.30354,0.00064,-0.36338
10228.55,BTC-27SEP19,1568717941630,open,0.13,20.3,0.107,0.1655,0.1355802,73.42,0.129,0.0,BTC-27SEP19-11500-P,10169.82,46.44,0.1265,7.0,0.144,7.0,91.12,4.43742,-16.49483,-2.64051,0.00021,-0.81853
10472.09,BTC-27DEC19,1568717941629,open,0.0,627.2,0.0005,0.0125,0.00272937,82.52,0.0025,0.0,BTC-27DEC19-4500-P,10169.82,78.55,0.002,44.0,0.0035,38.2,86.05,2.11307,-0.86428,-0.51996,1e-05,-0.01524
10303.49,SYN.BTC-25OCT19,1568717941640,open,0.2,15.4,0.167,0.2405,0.20404568,72.99,0.2255,0.0,BTC-25OCT19-12000-P,10169.82,35.7,0.17,6.0,0.234,6.0,98.47,11.50212,-11.08341,-9.68916,0.00014,-0.70218
10692.29,SYN.BTC-27MAR20,1568717941658,open,0.13,219.9,0.0835,0.1785,0.13180581,78.6,0.1345,0.0,BTC-27MAR20-14000-C,10169.82,77.44,0.1285,12.0,0.1355,16.0,79.9,30.38567,-6.2237,16.50429,6e-05,0.42543
10692.29,SYN.BTC-27MAR20,1568717941695,open,0.06,189.9,0.026,0.097,0.05880394,81.71,0.057,0.0,BTC-27MAR20-20000-C,10169.82,80.41,0.056,15.9,0.0615,13.0,82.95,23.15603,-4.93056,9.25136,5e-05,0.2234
10303.49,SYN.BTC-25OCT19,1568717941740,open,0.24,0.0,0.2155,0.262,0.23891863,73.81,0.2665,0.0,BTC-25OCT19-8000-C,10169.82,39.21,0.2245,8.0,0.2605,8.0,102.66,6.57649,-6.40831,6.87155,8e-05,0.88161
10692.29,SYN.BTC-27MAR20,1568717941750,open,0.03,60.6,0.0095,0.0585,0.02967274,84.09,0.0275,0.0,BTC-27MAR20-26000-C,10169.82,82.6,0.0275,13.0,0.032,23.0,85.62,15.91638,-3.48756,5.33161,3e-05,0.12453
10186.92,SYN.BTC-20SEP19,1568717941761,open,0.0,74.1,0.0005,0.0105,0.0001871,110.0,0.0005,0.0,BTC-20SEP19-8000-P,10169.82,0.0,0.0,0.0,0.0005,0.3,124.63,0.14926,-1.90598,-0.00481,2e-05,-0.0058
10186.92,SYN.BTC-20SEP19,1568717941767,open,0.0,109.6,0.0005,0.0105,0.00022256,110.0,0.0005,0.0,BTC-20SEP19-13000-C,10169.82,0.0,0.0,0.0,0.001,50.3,134.1,0.17996,-2.26724,0.00558,2e-05,0.00717
205.79,SYN.ETH-27MAR20,1568717941912,open,0.11,289.0,0.062,0.154,0.109234,86.97,0.104,0.0,ETH-27MAR20-320-C,198.2,84.26,0.102,249.0,0.117,281.0,89.85,0.55278,-0.12528,0.26068,0.00285,0.3502
200.22,SYN.ETH-25OCT19,1568717941913,open,0.5,6.0,0.486,0.517,0.501621,97.78,0.46,0.0,ETH-25OCT19-100-C,198.2,0.0,0.0,0.0,0.0,0.0,0.0,0.01583,-0.02043,0.10166,0.00039,0.9909
10692.29,SYN.BTC-27MAR20,1568717942052,open,2.37,0.0,2.304,2.463,2.37906897,87.76,None,0.0,BTC-27MAR20-36000-P,10169.82,0.0,0.0,0.0,0.0,0.0,0.0,8.7407,-1.99892,-186.78602,2e-05,-0.94405
10692.32,SYN.BTC-27MAR20,1568717942112,open,0.25,104.3,0.197,0.2905,0.24610842,76.81,0.2495,0.0,BTC-27MAR20-10000-C,10169.82,75.28,0.242,12.5,0.249,18.0,77.9,28.56501,-5.71767,22.979,6e-05,0.65493
10692.32,SYN.BTC-27MAR20,1568717942144,open,0.63,1.0,0.621,0.648,0.63361286,83.18,0.6305,0.0,BTC-27MAR20-4000-C,10169.82,60.2,0.627,8.0,0.64,8.0,95.27,4.785,-1.03713,19.09405,1e-05,0.97332
10692.32,SYN.BTC-27MAR20,1568717942184,open,0.44,60.6,0.378,0.5025,0.4411691,78.61,0.44,0.0,BTC-27MAR20-14000-P,10169.82,77.67,0.4385,3.0,0.454,3.6,83.1,30.38601,-6.2241,-57.09154,6e-05,-0.57455
10186.92,SYN.BTC-20SEP19,1568717942188,open,0.17,14.3,0.149,0.1845,0.16606807,96.04,0.164,0.0,BTC-20SEP19-8500-C,10169.82,0.0,0.158,6.0,0.178,6.0,196.99,0.34522,-5.76468,0.65715,4e-05,0.98486
10692.32,SYN.BTC-27MAR20,1568717942191,open,0.92,0.0,0.8645,0.998,0.92932285,81.72,None,0.0,BTC-27MAR20-20000-P,10169.82,0.0,0.0,0.0,0.0,0.0,0.0,23.15851,-4.93157,-95.88468,5e-05,-0.77656
10186.92,SYN.BTC-20SEP19,1568717942220,open,0.27,0.0,0.2515,0.304,0.27637329,110.26,None,0.0,BTC-20SEP19-13000-P,10169.82,0.0,0.0,0.0,0.0,0.0,0.0,0.18263,-3.50112,-1.01855,2e-05,-0.99271
10692.32,SYN.BTC-27MAR20,1568717942272,open,1.45,0.0,1.3955,1.5345,1.46134736,84.1,None,0.0,BTC-27MAR20-26000-P,10169.82,0.0,0.0,0.0,0.0,0.0,0.0,15.92242,-3.48952,-131.34448,3e-05,-0.8754
10303.49,SYN.BTC-25OCT19,1568717942289,open,0.28,3.0,0.249,0.322,0.28483904,73.84,0.2465,0.0,BTC-25OCT19-13000-P,10169.82,30.02,0.262,7.0,0.312,7.0,100.75,9.16017,-8.92846,-11.64895,0.00011,-0.80468
10228.55,BTC-27SEP19,1568717942340,open,0.04,47.0,0.0215,0.0725,0.04670033,69.52,0.047,0.0,BTC-27SEP19-10250-P,10169.82,67.69,0.0455,6.4,0.047,0.2,69.98,6.70708,-23.60777,-1.47011,0.00034,-0.4845
10228.56,BTC-27SEP19,1568717942350,open,0.0,125.2,0.0005,0.0105,0.0,110.0,0.0005,0.0,BTC-27SEP19-3750-P,10169.82,0.0,0.0,0.0,0.0005,38.0,245.22,0.0,0.0,0.0,0.0,0.0
10228.56,BTC-27SEP19,1568717942354,open,0.01,12.8,0.002,0.029,0.01248458,72.22,0.012,0.0,BTC-27SEP19-9250-P,10169.82,69.92,0.0115,57.6,0.0125,0.1,72.25,4.45291,-16.28114,-0.53958,0.00022,-0.18248
10303.49,SYN.BTC-25OCT19,1568717942370,open,0.01,300.5,0.0005,0.0155,0.00574937,78.69,0.0065,0.0,BTC-25OCT19-7000-P,10169.82,76.33,0.005,70.0,0.0065,48.5,80.91,3.38467,-3.51611,-0.58854,4e-05,-0.0493
10472.09,BTC-27DEC19,1568717942381,open,0.01,463.3,0.0005,0.0155,0.00523922,84.77,0.0045,0.0,BTC-27DEC19-26000-C,10169.82,82.84,0.0045,20.0,0.006,28.2,86.58,4.20837,-1.76818,0.84814,2e-05,0.03454
10472.09,BTC-27DEC19,1568717942387,open,0.13,486.8,0.089,0.169,0.12928872,74.02,0.124,0.0,BTC-27DEC19-10000-P,10169.82,72.62,0.1265,49.3,0.1285,5.0,73.62,20.91232,-7.67228,-14.65591,9e-05,-0.3771
10303.49,SYN.BTC-25OCT19,1568717942398,open,0.02,182.6,0.0075,0.0435,0.0231257,73.83,0.0255,0.0,BTC-25OCT19-13000-C,10169.82,71.98,0.0215,43.8,0.0245,19.3,75.36,9.15934,-8.92681,1.84078,0.00011,0.19529
10472.09,BTC-27DEC19,1568717942415,open,0.03,253.1,0.0105,0.0455,0.02573538,75.28,0.025,0.0,BTC-27DEC19-7000-P,10169.82,74.04,0.0245,59.3,0.027,28.0,76.54,10.49031,-3.91445,-3.98804,5e-05,-0.11206
10228.55,BTC-27SEP19,1568717942434,open,0.03,13.8,0.008,0.048,0.02636023,70.74,0.0285,0.0,BTC-27SEP19-10750-C,10169.82,68.51,0.025,22.7,0.027,0.1,71.78,6.27006,-22.45631,0.91231,0.00031,0.35601
10303.44,SYN.BTC-25OCT19,1568717942447,open,0.04,115.0,0.017,0.06,0.03695513,71.52,0.0345,0.0,BTC-25OCT19-9000-P,10169.82,69.56,0.035,53.0,0.039,35.3,73.54,10.34749,-9.76944,-2.97461,0.00013,-0.24126
10228.56,BTC-27SEP19,1568717942475,open,0.0,49.2,0.0005,0.0105,0.0,110.0,0.0015,0.0,BTC-27SEP19-3250-P,10169.82,0.0,0.0,0.0,0.0005,48.0,278.37,0.0,0.0,0.0,0.0,0.0
10186.92,SYN.BTC-20SEP19,1568717942480,open,0.13,1.0,0.107,0.156,0.13018655,79.23,0.13,0.0,BTC-20SEP19-11500-P,10169.82,0.0,0.1285,19.0,0.1395,4.0,136.07,0.86668,-11.93952,-0.87045,0.00013,-0.95437
10228.52,BTC-27SEP19,1568717942480,open,0.02,219.1,0.004,0.0375,0.01810446,71.24,0.0185,0.0,BTC-27SEP19-9500-P,10169.82,69.1,0.017,5.7,0.0195,31.0,73.92,5.2935,-19.09354,-0.72919,0.00026,-0.24538
198.7,ETH-27SEP19,1568717942512,open,0.0,2907.0,0.001,0.011,0.0,110.02,0.001,0.0,ETH-27SEP19-440-C,198.2,0.0,0.0,0.0,0.001,394.0,194.74,1e-05,-6e-05,0.0,0.0,1e-05
10692.32,SYN.BTC-27MAR20,1568717942516,open,2.73,1.0,2.67,2.84,2.75028047,89.39,2.7125,0.0,BTC-27MAR20-40000-P,10169.82,0.0,0.0005,3.0,0.0,0.0,0.0,7.14926,-1.6654,-208.35158,1e-05,-0.95651
198.73,ETH-27SEP19,1568717942513,open,0.0,5974.0,0.001,0.011,2e-06,110.0,0.001,0.0,ETH-27SEP19-100-P,198.2,0.0,0.0,0.0,0.001,200.0,187.99,7e-05,-0.00038,0.0,1e-05,-5e-05
198.73,ETH-27SEP19,1568717942521,open,0.07,204.0,0.041,0.103,0.073613,75.66,0.049,0.0,ETH-27SEP19-190-C,198.2,69.6,0.07,120.0,0.077,259.0,81.28,0.11924,-0.45674,0.03174,0.01475,0.66393
198.73,ETH-27SEP19,1568717942527,open,0.07,204.0,0.041,0.103,0.073613,75.66,0.049,0.0,ETH-27SEP19-190-C,198.2,69.6,0.07,120.0,0.076,200.0,79.62,0.11924,-0.45674,0.03174,0.01475,0.66393
203.68,ETH-27DEC19,1568717942535,open,0.08,462.0,0.046,0.12,0.083457,80.87,0.069,0.0,ETH-27DEC19-260-C,198.2,78.08,0.078,236.0,0.089,268.0,83.68,0.40013,-0.16038,0.15499,0.00432,0.3588
203.68,ETH-27DEC19,1568717942541,open,0.08,462.0,0.046,0.12,0.083457,80.87,0.069,0.0,ETH-27DEC19-260-C,198.2,78.08,0.078,236.0,0.089,468.0,83.68,0.40013,-0.16038,0.15499,0.00432,0.3588
200.22,SYN.ETH-25OCT19,1568717942550,open,0.06,340.0,0.031,0.089,0.059898,75.73,0.063,0.0,ETH-25OCT19-220-C,198.2,73.35,0.057,433.0,0.065,341.0,79.79,0.24849,-0.24842,0.06979,0.00789,0.39584
200.22,SYN.ETH-25OCT19,1568717942558,open,0.06,340.0,0.031,0.089,0.059898,75.73,0.063,0.0,ETH-25OCT19-220-C,198.2,73.35,0.057,433.0,0.063,200.0,78.19,0.24849,-0.24842,0.06979,0.00789,0.39584
198.7,ETH-27SEP19,1568717942563,open,0.0,100.0,0.001,0.013,0.003476,86.01,0.003,0.0,ETH-27SEP19-250-C,198.2,77.29,0.002,400.0,0.005,200.0,92.99,0.03907,-0.17014,0.00305,0.00425,0.06027
198.7,ETH-27SEP19,1568717942571,open,0.0,100.0,0.001,0.013,0.003476,86.01,0.003,0.0,ETH-27SEP19-250-C,198.2,77.29,0.002,400.0,0.005,400.0,92.99,0.03907,-0.17014,0.00305,0.00425,0.06027
10692.32,SYN.BTC-27MAR20,1568717942579,open,0.18,141.9,0.1315,0.2295,0.18136787,76.82,0.18,0.0,BTC-27MAR20-10000-P,10169.82,76.12,0.1795,6.0,0.1855,9.8,78.36,28.56494,-5.7179,-29.59004,6e-05,-0.34507
203.68,ETH-27DEC19,1568717942576,open,0.29,1340.0,0.226,0.339,0.284322,80.24,0.292,0.0,ETH-27DEC19-240-P,198.2,77.59,0.279,240.0,0.294,24.0,84.85,0.42045,-0.16721,-0.48136,0.00457,-0.57068
198.32,SYN.ETH-20SEP19,1568717942588,open,0.0,5.0,0.001,0.011,0.0,109.96,0.003,0.0,ETH-20SEP19-130-P,198.2,0.0,0.0,0.0,0.001,200.0,225.01,0.0,-2e-05,0.0,0.0,-1e-05
198.32,SYN.ETH-20SEP19,1568717942592,open,0.0,247.0,0.001,0.011,0.000954,93.52,0.001,0.0,ETH-20SEP19-170-P,198.2,0.0,0.0,0.0,0.002,203.0,107.73,0.01159,-0.18834,-0.00047,0.004,-0.02884
10186.92,SYN.BTC-20SEP19,1568717942600,open,0.0,51.5,0.0005,0.0105,6.426e-05,110.0,0.0005,0.0,BTC-20SEP19-13500-C,10169.82,0.0,0.0,0.0,0.001,39.0,151.14,0.06482,-0.65458,0.00179,1e-05,0.00229
203.68,ETH-27DEC19,1568717942599,open,0.02,9078.0,0.005,0.029,0.015255,79.2,0.015,0.0,ETH-27DEC19-120-P,198.2,75.88,0.013,300.0,0.018,540.0,82.97,0.14313,-0.05619,-0.04776,0.00158,-0.06959
203.68,ETH-27DEC19,1568717942604,open,0.0,10452.0,0.001,0.013,0.003492,100.01,0.003,0.0,ETH-27DEC19-680-C,198.2,93.33,0.002,210.0,0.005,500.0,104.99,0.05442,-0.02698,0.00996,0.00047,0.02118
198.32,SYN.ETH-20SEP19,1568717942609,open,0.02,1073.0,0.002,0.046,0.02145,71.78,0.018,0.0,ETH-20SEP19-200-C,198.2,61.78,0.018,372.0,0.023,3.0,75.98,0.06988,-0.87203,0.00685,0.03142,0.46009
198.32,SYN.ETH-20SEP19,1568717942619,open,0.02,1073.0,0.002,0.046,0.02145,71.78,0.018,0.0,ETH-20SEP19-200-C,198.2,61.78,0.018,372.0,0.023,203.0,75.98,0.06988,-0.87203,0.00685,0.03142,0.46009
198.73,ETH-27SEP19,1568717942624,open,0.0,2951.0,0.001,0.011,3.3e-05,110.0,0.006,0.0,ETH-27SEP19-360-C,198.2,0.0,0.0,0.0,0.001,200.0,152.45,0.0008,-0.00443,4e-05,7e-05,0.0007
198.73,ETH-27SEP19,1568717942629,open,0.0,6399.0,0.001,0.011,0.0,109.98,0.001,0.0,ETH-27SEP19-520-C,198.2,0.0,0.0,0.0,0.001,440.0,228.55,0.0,0.0,0.0,0.0,0.0
10303.49,SYN.BTC-25OCT19,1568717942637,open,0.55,0.0,0.524,0.5965,0.55835547,79.34,None,0.0,BTC-25OCT19-16000-P,10169.82,0.0,0.0,0.0,0.0,0.0,0.0,3.7153,-3.89112,-16.06897,4e-05,-0.94456
203.68,ETH-27DEC19,1568717942638,open,0.07,1603.0,0.034,0.102,0.06743,82.37,0.056,0.0,ETH-27DEC19-280-C,198.2,79.93,0.063,240.0,0.071,200.0,84.3,0.37346,-0.15247,0.13208,0.00395,0.30207
10228.55,BTC-27SEP19,1568717942666,open,0.22,1.0,0.199,0.2555,0.22587974,79.02,0.2115,0.0,BTC-27SEP19-12500-P,10169.82,0.0,0.222,21.0,0.2395,6.0,119.66,2.25198,-9.00962,-3.19969,0.0001,-0.93028
10692.32,SYN.BTC-27MAR20,1568717942677,open,0.01,215.9,0.0005,0.0175,0.00771664,83.18,0.0085,0.0,BTC-27MAR20-4000-P,10169.82,80.34,0.0065,10.0,0.009,21.0,85.94,4.78618,-1.03748,-1.93407,1e-05,-0.02669
10692.32,SYN.BTC-27MAR20,1568717942677,open,0.05,112.6,0.0185,0.081,0.04607485,82.48,0.0495,0.0,BTC-27MAR20-22000-C,10169.82,81.12,0.0435,16.9,0.0485,10.0,83.73,20.48827,-4.40354,7.64382,4e-05,0.18207
10186.92,SYN.BTC-20SEP19,1568717942704,open,0.0,41.8,0.0005,0.0105,0.00047432,96.13,0.0005,0.0,BTC-20SEP19-8500-P,10169.82,0.0,0.0,0.0,0.001,30.0,108.07,0.34667,-4.83185,-0.01259,4e-05,-0.01522
10692.32,SYN.BTC-27MAR20,1568717942704,open,0.1,237.7,0.0555,0.1435,0.09887633,79.63,0.098,0.0,BTC-27MAR20-16000-C,10169.82,78.54,0.096,10.0,0.102,14.7,80.8,28.44045,-5.90134,13.61467,6e-05,0.3411
10692.32,SYN.BTC-27MAR20,1568717942778,open,0.02,15.0,0.007,0.0505,0.02421255,84.8,0.027,0.0,BTC-27MAR20-28000-C,10169.82,83.07,0.022,6.0,0.0265,29.0,86.51,14.01437,-3.09702,4.49343,3e-05,0.10416
10186.92,SYN.BTC-20SEP19,1568717942853,open,0.1,1.5,0.074,0.1145,0.09391104,73.74,0.111,0.0,BTC-20SEP19-9250-C,10169.82,64.42,0.093,6.0,0.097,6.1,94.89,1.15925,-14.86321,0.6743,0.00019,0.93406
10186.92,SYN.BTC-20SEP19,1568717942898,open,0.0,307.9,0.0005,0.0105,0.00076593,92.49,0.0005,0.0,BTC-20SEP19-12000-C,10169.82,86.73,0.0005,19.1,0.001,0.6,96.59,0.53455,-7.80244,0.01973,7e-05,0.02534
10303.49,SYN.BTC-25OCT19,1568717942910,open,0.37,0.0,0.338,0.4105,0.3729973,75.91,None,0.0,BTC-25OCT19-14000-P,10169.82,0.0,0.0,0.0,0.0,0.0,0.0,6.9814,-6.99608,-13.30133,8e-05,-0.87107
203.68,ETH-27DEC19,1568717942919,open,0.34,2.0,0.312,0.375,0.34558,78.09,0.275,0.0,ETH-27DEC19-140-C,198.19,0.0,0.312,300.0,0.0,0.0,0.0,0.22854,-0.08846,0.29426,0.00255,0.86832
198.73,ETH-27SEP19,1568717942919,open,0.26,0.0,0.223,0.303,0.261654,86.88,None,0.0,ETH-27SEP19-250-P,198.19,0.0,0.0,0.0,0.0,0.0,0.0,0.04017,-0.1767,-0.06448,0.00433,-0.93756
198.73,ETH-27SEP19,1568717942919,open,2.62,0.0,2.519,2.736,2.623553,274.9,None,0.0,ETH-27SEP19-720-P,198.19,0.0,0.0,0.0,0.0,0.0,0.0,0.00421,-0.05853,-0.1946,0.00014,-0.99561
203.68,ETH-27DEC19,1568717942919,open,0.8,257.0,0.73,0.867,0.797042,86.23,0.947,0.0,ETH-27DEC19-360-P,198.19,0.0,0.008,4.0,1.59,1.0,500.0,0.25141,-0.10746,-0.92625,0.00254,-0.84842
203.67,ETH-27DEC19,1568717942920,open,0.43,2.0,0.401,0.45,0.426095,79.24,0.346,0.0,ETH-27DEC19-120-C,198.19,0.0,0.101,1.0,0.0,0.0,0.0,0.14325,-0.05626,0.28383,0.00158,0.93033
203.68,ETH-27DEC19,1568717942920,open,0.44,432.0,0.38,0.503,0.442303,82.46,0.66,0.0,ETH-27DEC19-280-P,198.19,71.53,0.423,240.0,1.0,1.0,376.97,0.37366,-0.15272,-0.64164,0.00395,-0.69756
203.67,ETH-27DEC19,1568717942920,open,0.17,2138.0,0.125,0.209,0.169992,77.92,0.158,0.0,ETH-27DEC19-200-C,198.19,74.98,0.164,175.0,0.176,199.0,80.88,0.41409,-0.15993,0.24115,0.00464,0.5984
203.67,ETH-27DEC19,1568717942920,open,0.28,157.0,0.236,0.311,0.276443,78.18,0.239,0.0,ETH-27DEC19-160-C,198.19,0.0,0.214,300.0,0.0,0.0,0.0,0.31199,-0.12089,0.28683,0.00348,0.78602
198.73,ETH-27SEP19,1568717942920,open,2.22,0.0,2.128,2.321,2.220936,250.53,None,0.0,ETH-27SEP19-640-P,198.19,0.0,0.0,0.0,0.0,0.0,0.0,0.00408,-0.0518,-0.17296,0.00015,-0.99576
198.73,ETH-27SEP19,1568717942920,open,0.41,730.0,0.369,0.456,0.410355,101.03,0.533,0.0,ETH-27SEP19-280-P,198.19,0.0,0.002,20.0,0.9,5.0,500.0,0.01837,-0.09395,-0.07455,0.0017,-0.97615
198.73,ETH-27SEP19,1568717942920,open,1.41,0.0,1.346,1.49,1.415702,191.27,None,0.0,ETH-27SEP19-480-P,198.19,0.0,0.0,0.0,0.0,0.0,0.0,0.00394,-0.03815,-0.12967,0.00019,-0.99592
203.67,ETH-27DEC19,1568717942920,open,0.22,527.0,0.174,0.256,0.218153,78.13,0.199,0.0,ETH-27DEC19-180-C,198.19,74.8,0.212,240.0,0.222,179.0,80.22,0.3758,-0.14554,0.26764,0.0042,0.69362
198.73,ETH-27SEP19,1568717942920,open,0.01,3877.0,0.001,0.018,0.005469,82.11,0.003,0.0,ETH-27SEP19-240-C,198.19,76.28,0.004,200.0,0.007,201.0,87.43,0.05388,-0.224,0.00464,0.00614,0.09183
198.73,ETH-27SEP19,1568717942920,open,0.5,20.0,0.482,0.511,0.496731,0.0,0.441,0.0,ETH-27SEP19-100-C,198.19,0.0,0.011,15.0,0.0,0.0,0.0,0.0,0.0,0.02706,0.0,1.0
198.73,ETH-27SEP19,1568717942920,open,2.82,0.0,2.714,2.943,2.824862,286.12,None,0.0,ETH-27SEP19-760-P,198.19,0.0,0.0,0.0,0.0,0.0,0.0,0.00427,-0.06188,-0.20542,0.00014,-0.99554
198.73,ETH-27SEP19,1568717942920,open,0.12,1574.0,0.085,0.16,0.122407,75.9,0.227,0.0,ETH-27SEP19-220-P,198.19,0.0,0.077,5.0,0.0,0.0,0.0,0.09829,-0.37775,-0.0482,0.01212,-0.77396
203.67,ETH-27DEC19,1568717942920,open,0.01,6178.0,0.001,0.017,0.00644,95.07,0.004,0.0,ETH-27DEC19-560-C,198.19,88.59,0.004,40.0,0.009,40.0,100.35,0.08857,-0.04174,0.01779,0.00081,0.03804
198.73,ETH-27SEP19,1568717942920,open,0.31,1241.0,0.271,0.353,0.31064,90.08,0.426,0.0,ETH-27SEP19-260-P,198.19,0.0,0.007,15.0,0.0,0.0,0.0,0.02872,-0.13097,-0.06827,0.00298,-0.95904
198.73,ETH-27SEP19,1568717942920,open,1.21,0.0,1.151,1.283,1.214394,173.39,None,0.0,ETH-27SEP19-440-P,198.19,0.0,0.0,0.0,0.0,0.0,0.0,0.00395,-0.03471,-0.11885,0.00021,-0.99591
198.73,ETH-27SEP19,1568717942921,open,0.71,294.0,0.662,0.764,0.711223,124.33,1.024,0.0,ETH-27SEP19-340-P,198.19,0.0,0.0,0.0,1.19,1.0,500.0,0.0054,-0.03399,-0.0917,0.00041,-0.99419
198.73,ETH-27SEP19,1568717942920,open,0.7,0.0,0.689,0.708,0.698037,0.0,0.01,0.0,ETH-27SEP19-60-C,198.19,0.0,0.003,10.0,0.0,0.0,0.0,0.0,0.0,0.01623,0.0,1.0
203.67,ETH-27DEC19,1568717942921,open,2.15,0.0,2.052,2.249,2.146402,97.96,None,0.0,ETH-27DEC19-640-P,198.19,0.0,0.0,0.0,0.0,0.0,0.0,0.06186,-0.03004,-1.75719,0.00055,-0.97534
203.67,ETH-27DEC19,1568717942921,open,0.36,319.0,0.299,0.418,0.360117,80.92,0.374,0.0,ETH-27DEC19-260-P,198.19,0.0,0.276,300.0,1.0,5.0,441.76,0.40016,-0.1605,-0.56355,0.00431,-0.64107
203.67,ETH-27DEC19,1568717942921,open,0.01,7005.0,0.001,0.023,0.009188,95.08,0.006,0.0,ETH-27DEC19-520-C,198.19,92.87,0.008,15.0,0.011,40.0,98.14,0.11401,-0.05373,0.02412,0.00105,0.05204
198.73,ETH-27SEP19,1568717942921,open,1.61,12.0,1.541,1.697,1.616616,110.0,1.193,0.0,ETH-27SEP19-520-P,198.19,0.0,0.0,0.0,0.0,0.0,0.0,0.0,0.0,-0.14069,0.0,-1.0
198.73,ETH-27SEP19,1568717942921,open,0.21,2550.0,0.174,0.254,0.21315,82.16,0.322,0.0,ETH-27SEP19-240-P,198.19,0.0,0.053,5.0,0.88,5.0,500.0,0.05394,-0.22439,-0.06029,0.00614,-0.90803
198.73,ETH-27SEP19,1568717942921,open,0.11,1568.0,0.077,0.14,0.110428,79.65,0.11,0.0,ETH-27SEP19-180-C,198.19,69.82,0.106,40.0,0.113,40.0,85.04,0.09309,-0.37543,0.03677,0.01094,0.79419
205.82,SYN.ETH-27MAR20,1568717942919,open,0.66,1.0,0.584,0.742,0.664174,87.03,0.827,0.0,ETH-27MAR20-320-P,198.19,0.0,0.0,0.0,0.758,3.0,120.37,0.55306,-0.12543,-1.42132,0.00285,-0.64946
198.73,ETH-27SEP19,1568717942921,open,0.91,259.0,0.857,0.971,0.912153,110.0,0.94,0.0,ETH-27SEP19-380-P,198.19,0.0,0.009,8.0,0.0,0.0,0.0,0.00029,-0.00163,-0.1028,2e-05,-0.99976
203.67,ETH-27DEC19,1568717942921,open,1.37,21.0,1.292,1.451,1.367838,91.97,0.629,0.0,ETH-27DEC19-480-P,198.19,0.0,0.001,7.0,0.0,0.0,0.0,0.13223,-0.06028,-1.29746,0.00125,-0.93717
203.67,ETH-27DEC19,1568717942921,open,0.51,0.0,0.496,0.533,0.514636,80.61,None,0.0,ETH-27DEC19-100-C,198.19,0.0,0.0,0.0,0.0,0.0,0.0,0.07155,-0.02859,0.25668,0.00077,0.97065
203.67,ETH-27DEC19,1568717942920,open,2.74,0.0,2.623,2.852,2.733355,99.28,None,0.0,ETH-27DEC19-760-P,198.19,0.0,0.0,0.0,0.0,0.0,0.0,0.03307,-0.01627,-2.09479,0.00029,-0.98815
198.73,ETH-27SEP19,1568717942921,open,0.4,116.0,0.378,0.414,0.396277,110.0,0.327,0.0,ETH-27SEP19-120-C,198.19,0.0,0.017,12.0,0.0,0.0,0.0,0.00207,-0.01153,0.03235,0.00018,0.998
198.73,ETH-27SEP19,1568717942921,open,0.0,1897.0,0.001,0.011,1e-05,109.98,0.001,0.0,ETH-27SEP19-380-C,198.19,0.0,0.0,0.0,0.005,300.0,206.34,0.00029,-0.00163,1e-05,2e-05,0.00024
203.67,ETH-27DEC19,1568717942921,open,1.76,0.0,1.671,1.849,1.755856,94.77,0.845,0.0,ETH-27DEC19-560-P,198.19,0.0,0.0,0.0,0.0,0.0,0.0,0.08744,-0.04107,-1.53015,0.0008,-0.96255
198.35,SYN.ETH-20SEP19,1568717942919,open,0.06,0.0,0.032,0.099,0.06552,72.48,None,0.0,ETH-20SEP19-210-P,198.19,44.01,0.06,40.0,0.07,40.0,89.39,0.04875,-0.6144,-0.01358,0.0217,-0.80361
205.82,SYN.ETH-27MAR20,1568717942919,open,0.07,772.0,0.033,0.111,0.070948,90.09,0.055,0.0,ETH-27MAR20-400-C,198.19,87.44,0.065,220.0,0.077,307.0,92.71,0.469,-0.1101,0.18819,0.00234,0.24488
198.73,ETH-27SEP19,1568717942922,open,0.51,853.0,0.466,0.559,0.510456,110.0,0.673,0.0,ETH-27SEP19-300-P,198.19,0.0,0.4,5.0,1.82,5.0,500.0,0.01197,-0.06665,-0.08044,0.00102,-0.98558
198.73,ETH-27SEP19,1568717942922,open,2.02,27.0,1.933,2.113,2.019628,237.21,1.044,0.0,ETH-27SEP19-600-P,198.19,0.0,0.0,0.0,0.0,0.0,0.0,0.00403,-0.04842,-0.16214,0.00016,-0.99582
203.67,ETH-27DEC19,1568717942922,open,0.99,16.0,0.915,1.059,0.984753,88.34,1.195,0.0,ETH-27DEC19-400-P,198.19,0.0,0.001,8.0,0.0,0.0,0.0,0.20267,-0.08874,-1.0547,0.002,-0.88898
198.72,ETH-27SEP19,1568717942922,open,0.3,214.0,0.274,0.318,0.296417,101.78,0.227,0.0,ETH-27SEP19-140-C,198.19,0.0,0.007,20.0,0.0,0.0,0.0,0.01223,-0.063,0.03703,0.00112,0.98522
205.82,SYN.ETH-27MAR20,1568717942919,open,0.04,346.0,0.015,0.075,0.042039,94.23,0.04,0.0,ETH-27MAR20-520-C,198.19,91.84,0.038,240.0,0.046,299.0,96.48,0.35571,-0.08735,0.1223,0.0017,0.15507
203.67,ETH-27DEC19,1568717942922,open,1.56,37.0,1.481,1.651,1.562213,94.85,0.707,0.0,ETH-27DEC19-520-P,198.19,0.0,0.002,25.0,0.0,0.0,0.0,0.11308,-0.05316,-1.41324,0.00104,-0.94849
198.72,ETH-27SEP19,1568717942922,open,2.42,0.0,2.324,2.528,2.422245,253.5,None,0.0,ETH-27SEP19-680-P,198.19,0.0,0.0,0.0,0.0,0.0,0.0,0.00304,-0.03902,-0.18384,0.00011,-0.99695
203.67,ETH-27DEC19,1568717942922,open,2.54,0.0,2.432,2.652,2.537558,99.18,None,0.0,ETH-27DEC19-720-P,198.19,0.0,0.003,5.0,0.0,0.0,0.0,0.04135,-0.02033,-1.98261,0.00036,-0.98466
198.72,ETH-27SEP19,1568717942923,open,0.6,0.0,0.586,0.609,0.597444,166.57,None,0.0,ETH-27SEP19-80-C,198.19,0.0,0.004,5.0,0.0,0.0,0.0,0.00033,-0.00279,0.02163,2e-05,0.99973
198.72,ETH-27SEP19,1568717942923,open,0.05,2741.0,0.022,0.084,0.052192,74.33,0.057,0.0,ETH-27SEP19-200-P,198.19,69.47,0.049,120.0,0.056,315.0,80.13,0.1304,-0.49074,-0.0295,0.01642,-0.49656
205.82,SYN.ETH-27MAR20,1568717942919,open,0.84,0.0,0.753,0.919,0.83644,88.62,None,0.0,ETH-27MAR20-360-P,198.19,0.0,0.0,0.0,0.946,3.0,128.79,0.5121,-0.11826,-1.67153,0.00259,-0.70844
205.82,SYN.ETH-27MAR20,1568717942919,open,1.02,0.0,0.928,1.102,1.014667,90.21,None,0.0,ETH-27MAR20-400-P,198.19,0.0,0.001,10.0,1.14,3.0,137.65,0.4696,-0.11039,-1.91423,0.00234,-0.75453
203.67,ETH-27DEC19,1568717942923,open,1.95,0.0,1.861,2.05,1.951592,98.09,0.953,0.0,ETH-27DEC19-600-P,198.19,0.0,0.0,0.0,0.0,0.0,0.0,0.07898,-0.0384,-1.64279,0.0007,-0.96692
198.72,ETH-27SEP19,1568717942923,open,1.01,79.0,0.954,1.074,1.012784,0.0,0.351,0.0,ETH-27SEP19-400-P,198.19,0.0,0.0,0.0,0.0,0.0,0.0,0.0,0.0,-0.10823,0.0,-1.0
198.72,ETH-27SEP19,1568717942923,open,1.82,24.0,1.736,1.904,1.817894,0.0,1.356,0.0,ETH-27SEP19-560-P,198.19,0.0,0.0,0.0,0.0,0.0,0.0,0.0,0.0,-0.15152,0.0,-1.0
203.67,ETH-27DEC19,1568717942923,open,1.18,0.0,1.103,1.253,1.174959,89.73,None,0.0,ETH-27DEC19-440-P,198.19,0.0,0.001,8.0,0.0,0.0,0.0,0.16098,-0.0716,-1.17855,0.00156,-0.9188
203.67,ETH-27DEC19,1568717942923,open,0.62,101.0,0.55,0.681,0.614845,84.16,0.513,0.0,ETH-27DEC19-320-P,198.19,0.0,0.006,5.0,0.0,0.0,0.0,0.31017,-0.12938,-0.78973,0.00321,-0.78816
203.67,ETH-27DEC19,1568717942923,open,2.34,0.0,2.242,2.451,2.342063,99.39,None,0.0,ETH-27DEC19-680-P,198.19,0.0,0.002,10.0,0.0,0.0,0.0,0.05267,-0.02595,-1.86973,0.00046,-0.97962
205.82,SYN.ETH-27MAR20,1568717942919,open,0.09,207.0,0.045,0.13,0.087093,88.52,0.08,0.0,ETH-27MAR20-360-C,198.19,86.04,0.081,263.0,0.094,295.0,91.27,0.51171,-0.11803,0.22071,0.0026,0.29108
205.82,SYN.ETH-27MAR20,1568717942919,open,0.06,402.0,0.025,0.096,0.058637,91.5,0.056,0.0,ETH-27MAR20-440-C,198.19,89.23,0.054,32.0,0.064,317.0,94.04,0.42759,-0.10195,0.16155,0.0021,0.20794
205.82,SYN.ETH-27MAR20,1568717942919,open,0.05,436.0,0.019,0.084,0.049316,92.9,0.047,0.0,ETH-27MAR20-480-C,198.19,90.58,0.045,232.0,0.054,293.0,95.33,0.38979,-0.09436,0.13998,0.00188,0.17869
198.72,ETH-27SEP19,1568717942923,open,0.61,606.0,0.564,0.662,0.610527,106.51,0.715,0.0,ETH-27SEP19-320-P,198.19,0.0,0.0,0.0,1.39,1.0,500.0,0.00409,-0.02204,-0.08636,0.00036,-0.99575
200.25,SYN.ETH-25OCT19,1568717942920,open,0.31,3.0,0.283,0.333,0.30871,79.45,0.271,0.0,ETH-25OCT19-140-C,198.19,0.0,0.0,0.0,0.0,0.0,0.0,0.08026,-0.08417,0.13047,0.00243,0.93657
198.72,ETH-27SEP19,1568717942924,open,0.81,233.0,0.759,0.867,0.811536,0.0,0.634,0.0,ETH-27SEP19-360-P,198.19,0.0,0.5,44.0,0.0,0.0,0.0,0.0,0.0,-0.0974,0.0,-1.0
200.25,SYN.ETH-25OCT19,1568717942920,open,0.04,73.0,0.014,0.06,0.035889,76.23,0.036,0.0,ETH-25OCT19-240-C,198.19,74.45,0.034,472.0,0.036,1.0,76.34,0.21307,-0.21443,0.04853,0.00672,0.26944
205.82,SYN.ETH-27MAR20,1568717942919,open,1.38,0.0,1.289,1.479,1.381778,93.08,None,0.0,ETH-27MAR20-480-P,198.19,0.0,0.003,10.0,0.0,0.0,0.0,0.3909,-0.09482,-2.38281,0.00189,-0.8205
205.82,SYN.ETH-27MAR20,1568717942919,open,1.57,0.0,1.473,1.671,1.568873,94.45,None,0.0,ETH-27MAR20-520-P,198.19,0.0,0.005,10.0,0.0,0.0,0.0,0.3571,-0.08789,-2.61067,0.0017,-0.844
200.25,SYN.ETH-25OCT19,1568717942920,open,0.15,472.0,0.114,0.182,0.150604,75.05,0.147,0.0,ETH-25OCT19-180-C,198.19,70.83,0.146,377.0,0.156,169.0,79.94,0.21976,-0.21772,0.11685,0.00704,0.71292
198.35,SYN.ETH-20SEP19,1568717942919,open,0.03,12.0,0.006,0.059,0.0299,71.83,0.06,0.0,ETH-20SEP19-200-P,198.19,69.28,0.029,5.0,0.034,258.0,83.45,0.0699,-0.87306,-0.00889,0.03139,-0.53892
205.82,SYN.ETH-27MAR20,1568717942919,open,0.04,364.0,0.012,0.067,0.036202,95.46,0.034,0.0,ETH-27MAR20-560-C,198.19,92.72,0.032,240.0,0.04,300.0,97.81,0.32506,-0.08086,0.10759,0.00153,0.13564
198.35,SYN.ETH-20SEP19,1568717942919,open,0.11,0.0,0.078,0.147,0.111424,79.15,None,0.0,ETH-20SEP19-220-P,198.19,0.0,0.0,0.0,0.0,0.0,0.0,0.02494,-0.34316,-0.0162,0.01016,-0.92495
200.25,SYN.ETH-25OCT19,1568717942920,open,0.16,0.0,0.115,0.2,0.158673,75.78,None,0.0,ETH-25OCT19-220-P,198.19,71.19,0.153,96.0,0.166,96.0,81.66,0.24859,-0.24869,-0.15844,0.00788,-0.60379
198.35,SYN.ETH-20SEP19,1568717942919,open,0.16,0.0,0.127,0.198,0.160871,93.51,None,0.0,ETH-20SEP19-230-P,198.19,0.0,0.0,0.0,0.0,0.0,0.0,0.01541,-0.2505,-0.0175,0.00532,-0.95923
200.25,SYN.ETH-25OCT19,1568717942921,open,0.4,6.0,0.383,0.423,0.403148,84.27,0.36,0.0,ETH-25OCT19-120-C,198.19,0.0,0.0,0.0,0.0,0.0,0.0,0.03331,-0.03706,0.11954,0.00095,0.97842
200.25,SYN.ETH-25OCT19,1568717942920,open,0.22,162.0,0.19,0.251,0.222207,75.97,0.167,0.0,ETH-25OCT19-160-C,198.19,43.79,0.204,240.0,0.0,0.0,0.0,0.14995,-0.15039,0.1306,0.00474,0.85068
198.35,SYN.ETH-20SEP19,1568717942919,open,0.21,0.0,0.176,0.249,0.210906,108.49,None,0.0,ETH-20SEP19-240-P,198.19,0.0,0.0,0.0,0.0,0.0,0.0,0.01089,-0.20536,-0.01851,0.00324,-0.97326
205.82,SYN.ETH-27MAR20,1568717942920,open,1.2,0.0,1.107,1.289,1.196728,91.65,None,0.0,ETH-27MAR20-440-P,198.19,0.0,0.002,10.0,1.339,3.0,147.05,0.42844,-0.10232,-2.15106,0.0021,-0.79136
198.35,SYN.ETH-20SEP19,1568717942921,open,0.4,0.0,0.377,0.412,0.394931,0.0,None,0.0,ETH-20SEP19-120-C,198.19,0.0,0.0,0.0,0.0,0.0,0.0,0.0,0.0,0.00945,0.0,1.0
10186.92,SYN.BTC-20SEP19,1568717943018,open,0.32,0.0,0.2995,0.353,0.32529771,110.73,None,0.0,BTC-20SEP19-13500-P,10169.82,0.0,0.001,1.0,0.0,0.0,0.0,0.06848,-1.31856,-1.06172,1e-05,-0.99757
10692.32,SYN.BTC-27MAR20,1568717943080,open,0.18,148.1,0.13,0.229,0.1815805,78.59,0.18,0.0,BTC-27MAR20-12000-C,10169.82,76.31,0.175,9.6,0.1825,18.0,78.91,30.82267,-6.31248,19.74407,7e-05,0.53285
10692.32,SYN.BTC-27MAR20,1568717943093,open,0.02,33.2,0.004,0.0385,0.01673286,86.24,0.0175,0.0,BTC-27MAR20-32000-C,10169.82,84.5,0.015,2.0,0.0185,30.0,87.92,10.95992,-2.46313,3.26803,2e-05,0.07487
200.25,SYN.ETH-25OCT19,1568717943014,open,0.02,499.0,0.007,0.04,0.021316,76.13,0.03,0.0,ETH-25OCT19-160-P,198.19,71.59,0.018,879.0,0.024,439.0,79.64,0.15021,-0.15097,-0.03554,0.00474,-0.14971
198.73,ETH-27SEP19,1568717943118,open,0.0,8110.0,0.001,0.014,0.003903,88.43,0.007,0.0,ETH-27SEP19-160-P,198.19,83.45,0.003,200.0,0.005,400.0,93.75,0.03844,-0.1721,-0.00338,0.00407,-0.05902
10186.92,SYN.BTC-20SEP19,1568717943167,open,0.12,0.0,0.099,0.137,0.11756586,79.42,None,0.0,BTC-20SEP19-9000-C,10169.82,0.0,0.1165,10.0,0.1315,5.0,163.96,0.72336,-9.98811,0.67893,0.00011,0.96349
10692.34,SYN.BTC-27MAR20,1568717943179,open,0.47,3.7,0.446,0.499,0.47238066,78.42,0.46,0.0,BTC-27MAR20-6000-C,10169.82,73.1,0.466,8.5,0.4835,9.5,86.97,13.27704,-2.7131,24.22011,3e-05,0.90328
10692.34,SYN.BTC-27MAR20,1568717943217,open,0.59,0.1,0.531,0.66,0.5952915,79.63,0.62,0.0,BTC-27MAR20-16000-P,10169.82,0.0,0.0005,5.0,0.0,0.0,0.0,28.44144,-5.90201,-70.49449,6e-05,-0.65888
10692.34,SYN.BTC-27MAR20,1568717943251,open,1.1,0.0,1.039,1.1735,1.10364563,82.49,None,0.0,BTC-27MAR20-22000-P,10169.82,0.0,0.0,0.0,0.0,0.0,0.0,20.4925,-4.4051,-108.00524,4e-05,-0.81787
10692.34,SYN.BTC-27MAR20,1568717943259,open,1.63,0.0,1.576,1.718,1.64293905,84.83,None,0.0,BTC-27MAR20-28000-P,10169.82,0.0,0.0,0.0,0.0,0.0,0.0,14.02331,-3.09983,-142.69542,3e-05,-0.89575
10228.55,BTC-27SEP19,1568717943342,open,0.03,13.8,0.008,0.048,0.0263611,70.74,0.0285,0.0,BTC-27SEP19-10750-C,10169.82,68.51,0.025,28.9,0.027,0.1,71.78,6.27006,-22.45631,0.91231,0.00031,0.35601
10186.92,SYN.BTC-20SEP19,1568717943356,open,0.17,10.0,0.155,0.2055,0.17875121,92.58,0.161,0.0,BTC-20SEP19-12000-P,10169.82,0.0,0.0,0.0,0.0,0.0,0.0,0.53642,-8.63425,-0.92563,7e-05,-0.97455
198.35,SYN.ETH-20SEP19,1568717943359,open,0.05,807.0,0.021,0.08,0.051783,72.77,0.048,0.0,ETH-20SEP19-190-C,198.19,66.6,0.05,200.0,0.054,200.0,80.96,0.05504,-0.69636,0.01103,0.0244,0.75756
10228.56,BTC-27SEP19,1568717943354,open,0.0,484.6,0.0005,0.0105,0.0,110.0,0.0005,0.0,BTC-27SEP19-4000-P,10169.82,0.0,0.0,0.0,0.0005,40.0,230.3,1e-05,-2e-05,0.0,0.0,0.0
10472.09,BTC-27DEC19,1568717943360,open,0.04,277.6,0.0155,0.068,0.03914771,78.06,0.041,0.0,BTC-27DEC19-16000-C,10169.82,76.95,0.0375,36.7,0.0405,23.3,78.96,15.59259,-6.03298,4.76868,7e-05,0.20391
10303.5,SYN.BTC-25OCT19,1568717943367,open,0.42,8.3,0.4065,0.434,0.41968844,85.93,0.431,0.0,BTC-25OCT19-6000-C,10169.82,0.0,0.412,8.0,0.429,8.0,121.7,1.48499,-1.6845,6.00973,2e-05,0.98177
10472.09,BTC-27DEC19,1568717943372,open,0.01,334.8,0.0025,0.025,0.01200003,77.53,0.012,0.0,BTC-27DEC19-6000-P,10169.82,75.86,0.011,0.1,0.013,54.0,79.14,6.40172,-2.4602,-2.03122,3e-05,-0.05818
198.35,SYN.ETH-20SEP19,1568717943386,open,0.06,0.0,0.032,0.099,0.065389,72.48,None,0.0,ETH-20SEP19-210-P,198.19,32.9,0.059,40.0,0.07,40.0,89.39,0.04875,-0.6144,-0.01358,0.0217,-0.80361
10228.56,BTC-27SEP19,1568717943383,open,0.07,17.3,0.0455,0.0975,0.07239413,70.57,0.0775,0.0,BTC-27SEP19-9750-C,10169.82,68.2,0.071,6.7,0.074,18.0,73.31,6.00797,-21.46691,1.68465,0.0003,0.68111
198.35,SYN.ETH-20SEP19,1568717943388,open,0.06,0.0,0.032,0.099,0.065389,72.48,None,0.0,ETH-20SEP19-210-P,198.19,32.9,0.059,40.0,0.069,40.0,85.8,0.04875,-0.6144,-0.01358,0.0217,-0.80361
10228.56,BTC-27SEP19,1568717943394,open,0.02,35.9,0.0075,0.0475,0.02560749,70.59,0.025,0.0,BTC-27SEP19-9750-P,10169.82,68.69,0.0245,5.2,0.027,30.5,72.95,6.00816,-21.47165,-0.95346,0.0003,-0.31891
10303.5,SYN.BTC-25OCT19,1568717943399,open,0.0,842.0,0.0005,0.013,0.00348454,80.93,0.0035,0.0,BTC-25OCT19-17000-C,10169.82,78.97,0.003,0.1,0.004,24.0,82.84,2.66635,-2.84867,0.35515,3e-05,0.0367
10228.56,BTC-27SEP19,1568717943405,open,0.0,1192.5,0.0005,0.0105,6.331e-05,110.0,0.0005,0.0,BTC-27SEP19-6000-P,10169.82,0.0,0.0,0.0,0.0005,98.0,136.48,0.06637,-0.36962,-0.00346,0.0,-0.00119
200.25,SYN.ETH-25OCT19,1568717943403,open,0.15,472.0,0.114,0.182,0.150688,75.05,0.147,0.0,ETH-25OCT19-180-C,198.19,70.83,0.146,377.0,0.156,137.0,79.94,0.21976,-0.21772,0.11685,0.00704,0.71292
10472.09,BTC-27DEC19,1568717943410,open,0.02,796.0,0.0045,0.036,0.01640753,81.2,0.0175,0.0,BTC-27DEC19-20000-C,10169.82,80.74,0.016,0.1,0.017,28.0,81.86,9.40687,-3.78608,2.31563,4e-05,0.09642
10186.92,SYN.BTC-20SEP19,1568717943416,open,0.27,0.0,0.249,0.2785,0.26377881,108.73,None,0.0,BTC-20SEP19-7500-C,10169.82,0.0,0.2565,6.0,0.2735,6.0,269.78,0.02015,-0.38093,0.59037,0.0,0.99936
10228.55,BTC-27SEP19,1568717943420,open,0.11,2.8,0.086,0.145,0.11538681,73.41,0.129,0.0,BTC-27SEP19-11250-P,10169.82,53.7,0.1065,12.0,0.124,12.0,89.59,5.1501,-19.14188,-2.44106,0.00025,-0.76666
10228.56,BTC-27SEP19,1568717943421,open,0.09,306.6,0.066,0.125,0.09564583,71.99,0.093,0.0,BTC-27SEP19-11000-P,10169.82,69.94,0.0945,6.2,0.098,10.0,76.13,5.75466,-20.97494,-2.23099,0.00028,-0.71049
205.82,SYN.ETH-27MAR20,1568717943425,open,0.07,772.0,0.033,0.111,0.070974,90.09,0.055,0.0,ETH-27MAR20-400-C,198.19,87.44,0.065,220.0,0.077,275.0,92.71,0.469,-0.1101,0.18819,0.00234,0.24488
10228.56,BTC-27SEP19,1568717943425,open,0.09,306.6,0.066,0.125,0.09564583,71.99,0.093,0.0,BTC-27SEP19-11000-P,10169.82,69.94,0.0945,6.2,0.0975,5.8,75.26,5.75466,-20.97494,-2.23099,0.00028,-0.71049
10186.92,SYN.BTC-20SEP19,1568717943430,open,0.04,94.5,0.018,0.0665,0.0422504,66.19,0.0435,0.0,BTC-20SEP19-10500-P,10169.82,55.6,0.039,22.4,0.043,0.2,68.56,3.20565,-36.89132,-0.58486,0.00059,-0.68647
198.72,ETH-27SEP19,1568717943429,open,0.11,1568.0,0.077,0.14,0.110497,79.73,0.11,0.0,ETH-27SEP19-180-C,198.19,72.2,0.107,40.0,0.113,40.0,85.11,0.09317,-0.37607,0.03675,0.01094,0.7939
10472.09,BTC-27DEC19,1568717943430,open,0.0,239.8,0.0005,0.0105,2.131e-05,110.0,0.0005,0.0,BTC-27DEC19-1500-P,10169.82,0.0,0.0,0.0,0.0005,37.0,146.14,0.02815,-0.01535,-0.00442,0.0,-0.00013
198.72,ETH-27SEP19,1568717943435,open,0.05,2894.0,0.018,0.073,0.045778,74.3,0.048,0.0,ETH-27SEP19-200-C,198.19,70.14,0.043,120.0,0.048,200.0,77.76,0.1304,-0.49055,0.02461,0.01643,0.50342
10303.44,SYN.BTC-25OCT19,1568717943435,open,0.13,21.0,0.0975,0.1675,0.133078,72.07,0.1375,0.0,BTC-25OCT19-11000-P,10169.82,68.84,0.129,6.2,0.1355,18.4,73.97,13.06062,-12.42552,-7.47238,0.00016,-0.56581
10228.55,BTC-27SEP19,1568717943443,open,0.11,1.0,0.083,0.132,0.10815382,72.21,0.115,0.0,BTC-27SEP19-9250-C,10169.82,65.91,0.1055,6.0,0.11,6.0,76.37,4.45275,-16.27964,1.96319,0.00022,0.81753
10303.44,SYN.BTC-25OCT19,1568717943440,open,0.13,21.0,0.0975,0.1675,0.133078,72.07,0.1375,0.0,BTC-25OCT19-11000-P,10169.82,68.84,0.129,6.2,0.1345,6.6,73.18,13.06062,-12.42552,-7.47238,0.00016,-0.56581
10228.56,BTC-27SEP19,1568717943451,open,0.0,350.4,0.0005,0.0105,3e-07,110.0,0.0005,0.0,BTC-27SEP19-4750-P,10169.82,0.0,0.0,0.0,0.0005,34.9,190.62,0.00057,-0.00303,-2e-05,0.0,-1e-05
10186.88,SYN.BTC-20SEP19,1568717943455,open,0.0,133.2,0.0005,0.011,0.00105482,79.46,0.001,0.0,BTC-20SEP19-9000-P,10169.82,69.91,0.0005,49.5,0.001,0.6,78.68,0.72481,-10.01435,-0.03022,0.00011,-0.0366
10228.56,BTC-27SEP19,1568717943459,open,0.0,717.6,0.0005,0.0125,0.00270548,84.59,0.0025,0.0,BTC-27SEP19-13000-C,10169.82,83.33,0.0025,2.1,0.003,32.0,86.3,1.71031,-7.32474,0.1284,7e-05,0.0491
10228.56,BTC-27SEP19,1568717943465,open,0.0,717.6,0.0005,0.0125,0.00270548,84.59,0.0025,0.0,BTC-27SEP19-13000-C,10169.82,83.33,0.0025,2.1,0.003,37.5,86.3,1.71031,-7.32474,0.1284,7e-05,0.0491
10472.09,BTC-27DEC19,1568717943471,open,0.0,334.4,0.0005,0.0105,0.00074776,102.07,0.001,0.0,BTC-27DEC19-48000-C,10169.82,98.37,0.0005,1.0,0.001,55.9,104.99,0.81028,-0.40995,0.12598,0.0,0.0051
10228.55,BTC-27SEP19,1568717943479,open,0.09,11.9,0.063,0.114,0.08933084,71.24,0.089,0.0,BTC-27SEP19-9500-C,10169.82,68.65,0.088,7.0,0.091,6.0,74.44,5.29331,-19.09182,1.84125,0.00026,0.75464
10228.55,BTC-27SEP19,1568717943489,open,0.09,11.9,0.063,0.114,0.08933084,71.24,0.089,0.0,BTC-27SEP19-9500-C,10169.82,68.65,0.088,7.0,0.091,11.3,74.44,5.29331,-19.09182,1.84125,0.00026,0.75464
10228.56,BTC-27SEP19,1568717943497,open,0.0,680.9,0.0005,0.0105,5.866e-05,110.0,0.001,0.0,BTC-27SEP19-18000-C,10169.82,0.0,0.0,0.0,0.001,67.0,146.18,0.06746,-0.37569,0.00319,0.0,0.00121
10228.56,BTC-27SEP19,1568717943502,open,0.0,392.7,0.0005,0.0105,7e-08,110.0,0.0005,0.0,BTC-27SEP19-4500-P,10169.82,0.0,0.0,0.0,0.0005,38.3,203.11,0.00015,-0.0007,-1e-05,0.0,0.0
10186.92,SYN.BTC-20SEP19,1568717943511,open,0.0,123.9,0.0005,0.0105,1.715e-05,110.0,0.001,0.0,BTC-20SEP19-14000-C,10169.82,0.0,0.0,0.0,0.001,20.8,167.25,0.02103,-0.17474,0.00052,0.0,0.00067
10228.56,BTC-27SEP19,1568717943508,open,0.0,605.0,0.0005,0.0105,1.023e-05,110.0,0.0005,0.0,BTC-27SEP19-5500-P,10169.82,0.0,0.0,0.0,0.0005,28.0,156.7,0.01371,-0.07637,-0.00063,0.0,-0.00022
10303.44,SYN.BTC-25OCT19,1568717943514,open,0.13,21.0,0.0975,0.1675,0.133078,72.07,0.1375,0.0,BTC-25OCT19-11000-P,10169.82,68.84,0.129,10.2,0.1345,6.6,73.18,13.06062,-12.42552,-7.47238,0.00016,-0.56581
10472.09,BTC-27DEC19,1568717943514,open,0.0,287.0,0.0005,0.0135,0.00356942,85.26,0.003,0.0,BTC-27DEC19-28000-C,10169.82,83.26,0.003,20.0,0.004,0.3,86.64,3.15477,-1.33326,0.60344,1e-05,0.02442
198.72,ETH-27SEP19,1568717943533,open,0.0,1897.0,0.001,0.011,1e-05,110.01,0.001,0.0,ETH-27SEP19-380-C,198.19,0.0,0.0,0.0,0.001,200.0,164.04,0.00029,-0.00163,1e-05,2e-05,0.00024
198.72,ETH-27SEP19,1568717943542,open,0.01,3877.0,0.001,0.018,0.005482,82.17,0.003,0.0,ETH-27SEP19-240-C,198.19,76.3,0.004,200.0,0.007,401.0,87.45,0.05394,-0.2244,0.00465,0.00614,0.09196
198.35,SYN.ETH-20SEP19,1568717943555,open,0.01,163.0,0.001,0.03,0.009665,73.29,0.01,0.0,ETH-20SEP19-190-P,198.19,67.05,0.008,16.0,0.011,160.0,77.89,0.05521,-0.70356,-0.00396,0.0243,-0.24385
198.35,SYN.ETH-20SEP19,1568717943561,open,0.01,163.0,0.001,0.03,0.009665,73.29,0.01,0.0,ETH-20SEP19-190-P,198.19,67.05,0.008,16.0,0.011,360.0,77.89,0.05521,-0.70356,-0.00396,0.0243,-0.24385
10692.34,SYN.BTC-27MAR20,1568717943565,open,2.0,0.0,1.939,2.0885,2.00956313,86.28,None,0.0,BTC-27MAR20-32000-P,10169.82,0.0,0.001,1.0,0.0,0.0,0.0,10.97258,-2.46693,-164.94731,2e-05,-0.92501
203.67,ETH-27DEC19,1568717943583,open,0.01,6178.0,0.001,0.017,0.006444,95.07,0.004,0.0,ETH-27DEC19-560-C,198.19,88.59,0.004,40.0,0.008,200.0,98.41,0.0886,-0.04175,0.01779,0.00081,0.03806
200.25,SYN.ETH-25OCT19,1568717943590,open,0.02,539.0,0.008,0.045,0.024371,80.7,0.021,0.0,ETH-25OCT19-260-C,198.19,79.15,0.023,40.0,0.026,128.0,82.57,0.1756,-0.18708,0.03462,0.00523,0.19096
10228.55,BTC-27SEP19,1568717943599,open,0.06,161.2,0.0335,0.0885,0.06091081,69.88,0.0585,0.0,BTC-27SEP19-10500-P,10169.82,66.93,0.059,18.0,0.063,3.5,73.11,6.61543,-23.40689,-1.73953,0.00033,-0.56764
200.25,SYN.ETH-25OCT19,1568717943595,open,0.02,539.0,0.008,0.045,0.024371,80.7,0.021,0.0,ETH-25OCT19-260-C,198.19,79.15,0.023,40.0,0.025,200.0,81.45,0.1756,-0.18708,0.03462,0.00523,0.19096
198.35,SYN.ETH-20SEP19,1568717943608,open,0.0,1107.0,0.001,0.011,0.00077,104.93,0.001,0.0,ETH-20SEP19-240-C,198.19,0.0,0.0,0.0,0.001,200.0,109.38,0.00951,-0.15215,0.00034,0.00292,0.02276
203.67,ETH-27DEC19,1568717943619,open,0.01,7005.0,0.001,0.023,0.009186,95.07,0.006,0.0,ETH-27DEC19-520-C,198.19,92.87,0.008,15.0,0.01,200.0,96.49,0.11399,-0.05372,0.02412,0.00105,0.05204
10228.55,BTC-27SEP19,1568717943634,open,0.06,161.2,0.0335,0.0885,0.06091081,69.88,0.0585,0.0,BTC-27SEP19-10500-P,10169.82,68.48,0.06,4.9,0.063,3.5,73.11,6.61543,-23.40689,-1.73953,0.00033,-0.56764
10228.55,BTC-27SEP19,1568717943636,open,0.06,161.2,0.0335,0.0885,0.06091081,69.88,0.0585,0.0,BTC-27SEP19-10500-P,10169.82,68.48,0.06,4.9,0.063,9.0,73.11,6.61543,-23.40689,-1.73953,0.00033,-0.56764
10303.5,SYN.BTC-25OCT19,1568717943645,open,0.46,0.0,0.43,0.5015,0.4640536,76.57,None,0.0,BTC-25OCT19-15000-P,10169.82,0.0,0.0,0.0,0.0,0.0,0.0,4.97493,-5.02891,-14.78876,6e-05,-0.91913
10186.92,SYN.BTC-20SEP19,1568717943649,open,0.05,7.9,0.027,0.072,0.05018281,65.06,0.0535,0.0,BTC-20SEP19-9750-C,10169.82,62.4,0.0495,6.0,0.053,6.1,75.49,2.64449,-29.91398,0.58948,0.0005,0.78465
10692.34,SYN.BTC-27MAR20,1568717943656,open,0.03,107.7,0.015,0.0555,0.03353633,78.42,0.0325,0.0,BTC-27MAR20-6000-P,10169.82,76.77,0.0315,22.0,0.0355,6.0,79.99,13.27787,-2.71345,-7.32193,3e-05,-0.09673
10692.34,SYN.BTC-27MAR20,1568717943705,open,0.08,105.2,0.038,0.117,0.07562388,80.7,0.0735,0.0,BTC-27MAR20-18000-C,10169.82,79.61,0.073,11.0,0.0785,16.3,81.88,25.86947,-5.44002,11.20886,5e-05,0.27504
10186.92,SYN.BTC-20SEP19,1568717943758,open,0.0,11.5,0.0005,0.0105,4.27e-06,110.0,0.0005,0.0,BTC-20SEP19-14500-C,10169.82,0.0,0.0,0.0,0.001,24.0,182.54,0.00623,-0.04345,0.00014,0.0,0.00018
10186.92,SYN.BTC-20SEP19,1568717943772,open,0.0,150.5,0.0005,0.0105,0.00023995,95.27,0.0005,0.0,BTC-20SEP19-12500-C,10169.82,0.0,0.0,0.0,0.0005,2.5,104.7,0.21373,-2.44438,0.0068,3e-05,0.00872
10228.55,BTC-27SEP19,1568717943784,open,0.06,161.2,0.0335,0.0885,0.06091081,69.88,0.0585,0.0,BTC-27SEP19-10500-P,10169.82,68.48,0.06,4.9,0.063,13.0,73.11,6.61543,-23.40689,-1.73953,0.00033,-0.56764
10692.34,SYN.BTC-27MAR20,1568717943785,open,0.04,55.6,0.013,0.0685,0.03672133,83.29,0.04,0.0,BTC-27MAR20-24000-C,10169.82,81.96,0.0345,6.0,0.039,22.0,84.62,18.06717,-3.92145,6.36143,4e-05,0.1499
10692.34,SYN.BTC-27MAR20,1568717943788,open,0.02,45.0,0.0055,0.045,0.02047965,85.93,0.0225,0.0,BTC-27MAR20-30000-C,10169.82,84.64,0.019,0.1,0.022,40.0,87.2,12.5276,-2.80515,3.87436,2e-05,0.08941
10692.34,SYN.BTC-27MAR20,1568717943877,open,0.3,47.0,0.2445,0.3605,0.30389196,78.6,0.31,0.0,BTC-27MAR20-12000-P,10169.82,78.29,0.303,7.0,0.312,5.0,81.41,30.82265,-6.31282,-43.33838,7e-05,-0.46714
10303.5,SYN.BTC-25OCT19,1568717943880,open,0.65,0.0,0.6185,0.692,0.65341843,80.97,None,0.0,BTC-25OCT19-17000-P,10169.82,0.0,0.0,0.0,0.0,0.0,0.0,2.67066,-2.85453,-17.28491,3e-05,-0.96323
10186.92,SYN.BTC-20SEP19,1568717943888,open,0.37,0.0,0.3475,0.403,0.37433332,112.17,None,0.0,BTC-20SEP19-14000-P,10169.82,0.0,0.001,1.0,0.0,0.0,0.0,0.02578,-0.50282,-1.10235,0.0,-0.99917
10186.92,SYN.BTC-20SEP19,1568717943910,open,0.0,8.0,0.0005,0.0105,1.962e-05,110.0,0.0005,0.0,BTC-20SEP19-7500-P,10169.82,0.0,0.0,0.0,0.0005,0.5,153.59,0.02262,-0.19984,-0.0006,0.0,-0.00072
203.67,ETH-27DEC19,1568717943926,open,0.53,0.0,0.463,0.591,0.52711,83.31,None,0.0,ETH-27DEC19-300-P,198.22,0.0,0.0,0.0,0.0,0.0,0.0,0.34234,-0.14136,-0.71722,0.00358,-0.74708
10303.5,SYN.BTC-25OCT19,1568717943980,open,0.33,2.0,0.3085,0.345,0.32636508,78.68,0.3455,0.0,BTC-25OCT19-7000-C,10169.82,0.0,0.3205,18.0,0.341,8.0,110.32,3.38352,-3.51441,6.67555,4e-05,0.95072
10186.92,SYN.BTC-20SEP19,1568717944000,open,0.1,2.0,0.083,0.1315,0.10621302,73.02,0.099,0.0,BTC-20SEP19-11250-P,10169.82,0.0,0.0885,4.2,0.1215,4.0,145.24,1.1725,-14.8853,-0.83413,0.0002,-0.93309
10472.16,BTC-27DEC19,1568717944113,open,0.25,87.4,0.202,0.298,0.25089156,75.24,0.233,0.0,BTC-27DEC19-12000-P,10169.82,73.61,0.2475,26.4,0.2555,14.4,77.46,21.72861,-8.10357,-23.41801,0.0001,-0.55824
10228.55,BTC-27SEP19,1568717944113,open,0.0,438.2,0.0005,0.0105,0.0,110.0,0.0005,0.0,BTC-27SEP19-28000-C,10169.82,0.0,0.0,0.0,0.001,59.0,237.52,0.0,-1e-05,0.0,0.0,0.0
10228.55,BTC-27SEP19,1568717944116,open,0.0,1107.7,0.0005,0.0105,1e-08,110.0,0.001,0.0,BTC-27SEP19-4250-P,10169.82,0.0,0.0,0.0,0.001,59.0,235.79,3e-05,-0.00014,0.0,0.0,0.0
10472.16,BTC-27DEC19,1568717944121,open,1.48,0.0,1.4355,1.547,1.4880292,84.81,None,0.0,BTC-27DEC19-26000-P,10169.82,0.0,0.0045,10.0,2.1965,0.2,500.0,4.21689,-1.77262,-71.00654,2e-05,-0.96537
10228.55,BTC-27SEP19,1568717944146,open,0.0,422.0,0.0005,0.0105,0.0,110.0,0.0005,0.0,BTC-27SEP19-3500-P,10169.82,0.0,0.0,0.0,0.0005,31.0,261.19,0.0,0.0,0.0,0.0,0.0
10472.16,BTC-27DEC19,1568717944176,open,0.0,325.0,0.0005,0.012,0.00204073,87.9,0.002,0.0,BTC-27DEC19-32000-C,10169.82,84.78,0.0015,20.0,0.0025,24.0,90.12,2.01316,-0.87712,0.35775,1e-05,0.0144
10228.55,BTC-27SEP19,1568717944176,open,0.0,1548.7,0.0005,0.012,0.00200595,85.38,0.0015,0.0,BTC-27SEP19-8000-P,10169.82,81.0,0.0015,15.5,0.0025,37.0,89.08,1.28101,-5.53737,-0.10069,5e-05,-0.03438
10228.55,BTC-27SEP19,1568717944190,open,0.0,537.6,0.0005,0.011,0.00122754,92.01,0.0015,0.0,BTC-27SEP19-14000-C,10169.82,89.28,0.001,2.5,0.0015,31.0,94.87,0.91151,-4.24604,0.05982,3e-05,0.02284
10228.55,BTC-27SEP19,1568717944325,open,0.0,406.8,0.0005,0.0105,0.0,110.0,0.0005,0.0,BTC-27SEP19-2500-P,10169.82,0.0,0.0,0.0,0.0005,10.0,339.59,0.0,0.0,0.0,0.0,0.0
10472.16,BTC-27DEC19,1568717944325,open,0.0,134.2,0.0005,0.0105,0.00014998,110.0,0.0005,0.0,BTC-27DEC19-2000-P,10169.82,0.0,0.0,0.0,0.001,49.0,135.36,0.15284,-0.08333,-0.0278,0.0,-0.00081
10228.55,BTC-27SEP19,1568717944325,open,0.0,684.0,0.0005,0.0105,0.0,110.0,0.0005,0.0,BTC-27SEP19-30000-C,10169.82,0.0,0.0,0.0,0.0005,29.0,233.94,0.0,0.0,0.0,0.0,0.0
10472.16,BTC-27DEC19,1568717944325,open,0.14,661.3,0.0945,0.1735,0.13523788,74.52,0.1405,0.0,BTC-27DEC19-11000-C,10169.82,73.21,0.1325,19.0,0.1375,0.4,75.6,21.9088,-8.09204,11.36852,0.0001,0.52804
10472.16,BTC-27DEC19,1568717944325,open,0.06,499.1,0.032,0.0975,0.06370496,76.74,0.0635,0.0,BTC-27DEC19-14000-C,10169.82,75.8,0.062,23.0,0.065,1.8,77.44,19.2055,-7.30477,6.90331,8e-05,0.30223
10228.55,BTC-27SEP19,1568717944346,open,0.01,1557.5,0.0005,0.023,0.00878968,74.51,0.008,0.0,BTC-27SEP19-9000-P,10169.82,72.25,0.008,22.0,0.009,0.1,75.09,3.64369,-13.74472,-0.39655,0.00017,-0.1345
10228.55,BTC-27SEP19,1568717944346,open,0.0,146.6,0.0005,0.0105,1e-08,110.0,0.0005,0.0,BTC-27SEP19-26000-C,10169.82,0.0,0.0,0.0,0.001,59.0,222.76,2e-05,-7e-05,0.0,0.0,0.0
10472.16,BTC-27DEC19,1568717944346,open,0.08,313.3,0.046,0.1175,0.08144213,75.88,0.085,0.0,BTC-27DEC19-13000-C,10169.82,74.9,0.0795,30.0,0.083,0.4,76.67,20.71155,-7.79021,8.23476,9e-05,0.36597
10472.16,BTC-27DEC19,1568717944349,open,0.0,1540.9,0.0005,0.0105,0.00074776,106.55,0.0005,0.0,BTC-27DEC19-52000-C,10169.82,102.73,0.0005,1.0,0.001,50.0,109.55,0.78606,-0.41515,0.12103,0.0,0.00493
10472.16,BTC-27DEC19,1568717944361,open,0.18,242.6,0.14,0.2295,0.18564902,74.52,0.185,0.0,BTC-27DEC19-11000-P,10169.82,73.02,0.1825,24.4,0.1895,13.0,76.36,21.90878,-8.0924,-19.03241,0.0001,-0.47195
10186.92,SYN.BTC-20SEP19,1568717944361,open,0.04,94.5,0.018,0.0665,0.04224776,66.19,0.0435,0.0,BTC-20SEP19-10500-P,10169.82,55.6,0.039,22.4,0.043,6.0,68.56,3.20565,-36.89132,-0.58486,0.00059,-0.68647
10303.5,SYN.BTC-25OCT19,1568717944376,open,0.07,125.2,0.037,0.0935,0.06547579,72.06,0.0735,0.0,BTC-25OCT19-11000-C,10169.82,70.5,0.0635,12.0,0.0675,11.0,73.66,13.06067,-12.42457,3.94226,0.00016,0.43419
10228.55,BTC-27SEP19,1568717944382,open,0.0,492.7,0.0005,0.0105,0.0,110.0,0.0005,0.0,BTC-27SEP19-2000-P,10169.82,0.0,0.0,0.0,0.0005,51.0,392.29,0.0,0.0,0.0,0.0,0.0
10228.55,BTC-27SEP19,1568717944382,open,0.0,935.6,0.0005,0.0105,0.00073434,101.17,0.001,0.0,BTC-27SEP19-15000-C,10169.82,96.43,0.0005,2.4,0.001,45.1,105.42,0.57425,-2.94141,0.03476,2e-05,0.0133
10228.55,BTC-27SEP19,1568717944382,open,0.0,670.6,0.0005,0.0105,6.6e-07,110.0,0.0005,0.0,BTC-27SEP19-22000-C,10169.82,0.0,0.0,0.0,0.001,41.0,188.73,0.00126,-0.00672,5e-05,0.0,2e-05
10303.5,SYN.BTC-25OCT19,1568717944382,open,0.07,125.2,0.037,0.0935,0.06547579,72.06,0.0735,0.0,BTC-25OCT19-11000-C,10169.82,70.5,0.0635,12.0,0.0675,17.3,73.66,13.06067,-12.42457,3.94226,0.00016,0.43419
10472.16,BTC-27DEC19,1568717944392,open,0.0,384.2,0.0005,0.0105,0.00049956,94.63,0.0005,0.0,BTC-27DEC19-3000-P,10169.82,0.0,0.0,0.0,0.001,49.0,102.95,0.48477,-0.22737,-0.09767,0.0,-0.00288
10472.16,BTC-27DEC19,1568717944387,open,0.18,242.6,0.14,0.2295,0.18564902,74.52,0.185,0.0,BTC-27DEC19-11000-P,10169.82,73.02,0.1825,29.5,0.1895,13.0,76.36,21.90878,-8.0924,-19.03241,0.0001,-0.47195
10228.55,BTC-27SEP19,1568717944420,open,0.0,586.8,0.0005,0.0105,0.0,110.0,0.0005,0.0,BTC-27SEP19-3000-P,10169.82,0.0,0.0,0.0,0.0005,32.0,296.98,0.0,0.0,0.0,0.0,0.0
10228.55,BTC-27SEP19,1568717944411,open,0.0,492.7,0.0005,0.0105,0.0,110.0,0.0005,0.0,BTC-27SEP19-2000-P,10169.82,0.0,0.0,0.0,0.0005,59.0,392.29,0.0,0.0,0.0,0.0,0.0
10472.16,BTC-27DEC19,1568717944423,open,0.0,429.1,0.0005,0.0105,0.00054873,94.37,0.001,0.0,BTC-27DEC19-44000-C,10169.82,0.0,0.0,0.0,0.001,49.0,99.96,0.66388,-0.31053,0.1022,0.0,0.00408
10303.49,SYN.BTC-25OCT19,1568717944421,open,0.11,74.7,0.074,0.1345,0.10531866,71.1,0.106,0.0,BTC-25OCT19-10000-C,10169.82,69.64,0.1035,13.0,0.1085,9.0,73.65,12.84956,-12.0602,5.2548,0.00016,0.59679
10228.55,BTC-27SEP19,1568717944431,open,0.07,12.0,0.0485,0.106,0.07734085,70.74,0.0765,0.0,BTC-27SEP19-10750-P,10169.83,67.73,0.0755,18.0,0.08,22.0,75.06,6.27008,-22.45678,-1.99628,0.00031,-0.64399
10186.92,SYN.BTC-20SEP19,1568717944430,open,0.01,125.9,0.0005,0.021,0.00637138,68.19,0.007,0.0,BTC-20SEP19-10750-C,10169.83,64.55,0.0055,44.9,0.007,1.0,70.72,2.49516,-29.5841,0.15162,0.00045,0.19528
10186.92,SYN.BTC-20SEP19,1568717944430,open,0.04,117.7,0.011,0.055,0.03316464,65.07,0.032,0.0,BTC-20SEP19-10000-C,10169.83,60.05,0.0315,22.4,0.035,0.2,70.56,3.39351,-38.39294,0.48435,0.00064,0.63665
10186.92,SYN.BTC-20SEP19,1568717944430,open,0.0,299.9,0.0005,0.0155,0.00371232,68.8,0.003,0.0,BTC-20SEP19-9500-P,10169.83,64.63,0.003,30.0,0.004,0.5,70.4,1.81156,-21.67153,-0.0995,0.00032,-0.12026
10692.36,SYN.BTC-27MAR20,1568717944431,open,0.01,419.5,0.0005,0.025,0.00924287,89.34,0.0085,0.0,BTC-27MAR20-40000-C,10169.83,88.2,0.0085,20.0,0.01,15.0,90.45,7.13213,-1.66042,1.91789,1e-05,0.04336
10303.51,SYN.BTC-25OCT19,1568717944431,open,0.01,280.6,0.0005,0.0205,0.00822992,76.56,0.0075,0.0,BTC-25OCT19-15000-C,10169.83,73.9,0.007,58.0,0.009,24.0,78.12,4.97252,-5.0254,0.77612,6e-05,0.08082
10303.49,SYN.BTC-25OCT19,1568717944428,open,0.11,74.7,0.074,0.1345,0.10531866,71.1,0.106,0.0,BTC-25OCT19-10000-C,10169.82,69.64,0.1035,13.0,0.1085,15.7,73.65,12.84956,-12.0602,5.2548,0.00016,0.59679
10186.92,SYN.BTC-20SEP19,1568717944431,open,0.06,23.8,0.037,0.087,0.06164604,68.19,0.0625,0.0,BTC-20SEP19-10750-P,10169.83,56.48,0.059,6.0,0.0625,6.0,71.61,2.49516,-29.5841,-0.69533,0.00045,-0.80472
10303.51,SYN.BTC-25OCT19,1568717944431,open,0.02,83.4,0.0045,0.0305,0.01535738,73.82,0.0145,0.0,BTC-25OCT19-8000-P,10169.83,71.66,0.014,65.0,0.0165,40.0,75.59,6.57695,-6.40918,-1.43012,8e-05,-0.1184
10186.92,SYN.BTC-20SEP19,1568717944430,open,0.02,223.9,0.003,0.0405,0.01998453,64.61,0.019,0.0,BTC-20SEP19-10250-C,10169.83,61.82,0.019,0.6,0.022,18.0,70.32,3.59604,-40.39939,0.36,0.00068,0.46853
10186.92,SYN.BTC-20SEP19,1568717944443,open,0.0,299.9,0.0005,0.0155,0.00371232,68.8,0.003,0.0,BTC-20SEP19-9500-P,10169.83,64.63,0.003,35.3,0.004,0.5,70.4,1.81156,-21.67153,-0.0995,0.00032,-0.12026
10228.56,BTC-27SEP19,1568717944467,open,0.0,670.6,0.0005,0.0105,6.6e-07,110.0,0.0005,0.0,BTC-27SEP19-22000-C,10169.83,0.0,0.0,0.0,0.0005,8.0,174.84,0.00126,-0.00672,5e-05,0.0,2e-05
10472.17,BTC-27DEC19,1568717944489,open,0.0,384.2,0.0005,0.0105,0.00049956,94.63,0.0005,0.0,BTC-27DEC19-3000-P,10169.83,0.0,0.0,0.0,0.001,57.0,102.95,0.48477,-0.22737,-0.09767,0.0,-0.00288
10472.17,BTC-27DEC19,1568717944495,open,0.01,508.3,0.0005,0.0195,0.00707173,82.83,0.0065,0.0,BTC-27DEC19-24000-C,10169.83,81.67,0.0065,20.0,0.0075,1.2,83.67,5.29517,-2.17404,1.12161,2e-05,0.04583
10472.17,BTC-27DEC19,1568717944508,open,0.0,429.1,0.0005,0.0105,0.00054873,94.37,0.001,0.0,BTC-27DEC19-44000-C,10169.83,0.0,0.0,0.0,0.001,55.2,99.96,0.66388,-0.31053,0.1022,0.0,0.00408
10228.55,BTC-27SEP19,1568717944514,open,0.0,586.8,0.0005,0.0105,0.0,110.0,0.0005,0.0,BTC-27SEP19-3000-P,10169.83,0.0,0.0,0.0,0.0005,40.0,296.98,0.0,0.0,0.0,0.0,0.0
10186.92,SYN.BTC-20SEP19,1568717944520,open,0.02,212.7,0.006,0.049,0.02617651,64.61,0.0255,0.0,BTC-20SEP19-10250-P,10169.83,57.03,0.0235,24.9,0.027,0.7,66.95,3.59604,-40.39917,-0.44756,0.00068,-0.53147
10186.92,SYN.BTC-20SEP19,1568717944528,open,0.04,117.7,0.011,0.055,0.03316464,65.07,0.032,0.0,BTC-20SEP19-10000-C,10169.83,63.07,0.0325,6.3,0.035,0.2,70.56,3.39351,-38.39294,0.48435,0.00064,0.63665
10472.17,BTC-27DEC19,1568717944544,open,0.25,87.4,0.202,0.298,0.25088608,75.24,0.233,0.0,BTC-27DEC19-12000-P,10169.83,73.61,0.2475,31.5,0.2555,14.4,77.46,21.72858,-8.10331,-23.41804,0.0001,-0.55825
10472.17,BTC-27DEC19,1568717944549,open,0.25,87.4,0.202,0.298,0.25088608,75.24,0.233,0.0,BTC-27DEC19-12000-P,10169.83,73.61,0.2475,31.5,0.255,4.9,77.22,21.72858,-8.10331,-23.41804,0.0001,-0.55825
10228.55,BTC-27SEP19,1568717944555,open,0.07,12.0,0.0485,0.106,0.07734085,70.74,0.0765,0.0,BTC-27SEP19-10750-P,10169.83,68.55,0.076,6.0,0.08,22.0,75.06,6.27008,-22.45678,-1.99628,0.00031,-0.64399
10228.55,BTC-27SEP19,1568717944563,open,0.07,12.0,0.0485,0.106,0.07734085,70.74,0.0765,0.0,BTC-27SEP19-10750-P,10169.83,68.55,0.076,6.0,0.079,5.0,73.44,6.27008,-22.45678,-1.99628,0.00031,-0.64399
10228.56,BTC-27SEP19,1568717944568,open,0.0,1107.7,0.0005,0.0105,1e-08,110.0,0.001,0.0,BTC-27SEP19-4250-P,10169.83,0.0,0.0,0.0,0.0005,8.0,216.3,3e-05,-0.00014,0.0,0.0,0.0
10228.55,BTC-27SEP19,1568717944574,open,0.0,430.6,0.0005,0.014,0.00380672,79.0,0.004,0.0,BTC-27SEP19-12500-C,10169.83,77.58,0.0035,15.0,0.004,0.1,79.87,2.25093,-9.00363,0.18229,0.0001,0.06967
10472.16,BTC-27DEC19,1568717944595,open,0.01,296.6,0.001,0.0265,0.01072437,82.12,0.01,0.0,BTC-27DEC19-22000-C,10169.83,81.03,0.01,10.0,0.0115,24.0,83.25,7.0928,-2.88718,1.61,3e-05,0.06635
10228.55,BTC-27SEP19,1568717944612,open,0.0,684.0,0.0005,0.0105,0.0,110.0,0.0005,0.0,BTC-27SEP19-30000-C,10169.83,0.0,0.0,0.0,0.0005,37.0,233.94,0.0,0.0,0.0,0.0,0.0
10228.56,BTC-27SEP19,1568717944619,open,0.0,406.8,0.0005,0.0105,0.0,110.0,0.0005,0.0,BTC-27SEP19-2500-P,10169.83,0.0,0.0,0.0,0.0005,18.0,339.59,0.0,0.0,0.0,0.0,0.0
10472.17,BTC-27DEC19,1568717944638,open,0.0,134.2,0.0005,0.0105,0.00014998,110.0,0.0005,0.0,BTC-27DEC19-2000-P,10169.83,0.0,0.0,0.0,0.001,57.0,135.36,0.15284,-0.08333,-0.0278,0.0,-0.00081
10472.16,BTC-27DEC19,1568717944645,open,0.06,499.1,0.032,0.0975,0.06370496,76.74,0.0635,0.0,BTC-27DEC19-14000-C,10169.83,75.8,0.062,27.6,0.065,1.8,77.44,19.2055,-7.30477,6.90331,8e-05,0.30223
10303.51,SYN.BTC-25OCT19,1568717944655,open,0.01,245.7,0.0035,0.0305,0.01422879,75.9,0.0155,0.0,BTC-25OCT19-14000-C,10169.83,74.81,0.0135,1.0,0.015,24.0,77.03,6.9801,-6.99392,1.22603,8e-05,0.1289
10303.51,SYN.BTC-25OCT19,1568717944670,open,0.02,83.4,0.0045,0.0305,0.01535738,73.82,0.0145,0.0,BTC-25OCT19-8000-P,10169.83,71.66,0.014,71.3,0.0165,40.0,75.59,6.57695,-6.40918,-1.43012,8e-05,-0.1184
10228.56,BTC-27SEP19,1568717944707,open,0.0,438.2,0.0005,0.0105,0.0,110.0,0.0005,0.0,BTC-27SEP19-28000-C,10169.83,0.0,0.0,0.0,0.0005,8.0,221.06,0.0,-1e-05,0.0,0.0,0.0
10228.56,BTC-27SEP19,1568717944715,open,0.0,422.0,0.0005,0.0105,0.0,110.0,0.0005,0.0,BTC-27SEP19-3500-P,10169.83,0.0,0.0,0.0,0.0005,39.0,261.19,0.0,0.0,0.0,0.0,0.0
10472.17,BTC-27DEC19,1568717944722,open,0.0,325.0,0.0005,0.012,0.00204073,87.9,0.002,0.0,BTC-27DEC19-32000-C,10169.83,84.78,0.0015,20.0,0.0025,29.1,90.12,2.01316,-0.87712,0.35775,1e-05,0.0144
10228.56,BTC-27SEP19,1568717944734,open,0.0,537.6,0.0005,0.011,0.00122754,92.01,0.0015,0.0,BTC-27SEP19-14000-C,10169.83,89.28,0.001,2.5,0.0015,36.8,94.87,0.91151,-4.24604,0.05982,3e-05,0.02284
10472.17,BTC-27DEC19,1568717944821,open,0.25,87.4,0.202,0.298,0.25088608,75.24,0.233,0.0,BTC-27DEC19-12000-P,10169.83,73.61,0.2475,31.5,0.255,7.9,77.22,21.72858,-8.10331,-23.41804,0.0001,-0.55825
10228.55,BTC-27SEP19,1568717944824,open,0.07,12.0,0.0485,0.106,0.07734085,70.74,0.0765,0.0,BTC-27SEP19-10750-P,10169.83,68.55,0.076,6.0,0.079,9.0,73.44,6.27008,-22.45678,-1.99628,0.00031,-0.64399
10228.56,BTC-27SEP19,1568717945367,open,0.0,146.6,0.0005,0.0105,1e-08,110.0,0.0005,0.0,BTC-27SEP19-26000-C,10169.83,0.0,0.0,0.0,0.0005,8.0,207.06,2e-05,-7e-05,0.0,0.0,0.0
10472.16,BTC-27DEC19,1568717945369,open,0.0,1540.9,0.0005,0.0105,0.00074779,106.55,0.0005,0.0,BTC-27DEC19-52000-C,10169.83,102.73,0.0005,1.0,0.001,57.4,109.55,0.78606,-0.41515,0.12103,0.0,0.00493
10228.55,BTC-27SEP19,1568717945376,open,0.01,1557.5,0.0005,0.023,0.00878974,74.51,0.008,0.0,BTC-27SEP19-9000-P,10169.83,72.25,0.008,26.8,0.009,0.1,75.09,3.64369,-13.74472,-0.39655,0.00017,-0.1345
10186.92,SYN.BTC-20SEP19,1568717945388,open,0.01,125.9,0.0005,0.021,0.00637134,68.19,0.007,0.0,BTC-20SEP19-10750-C,10169.83,64.55,0.0055,50.8,0.007,1.0,70.72,2.49516,-29.5841,0.15162,0.00045,0.19528
10303.51,SYN.BTC-25OCT19,1568717945399,open,0.01,280.6,0.0005,0.0205,0.0082299,76.56,0.0075,0.0,BTC-25OCT19-15000-C,10169.83,73.9,0.007,63.1,0.009,24.0,78.12,4.97252,-5.0254,0.77612,6e-05,0.08082
10186.92,SYN.BTC-20SEP19,1568717945412,open,0.02,223.9,0.003,0.0405,0.01998428,64.61,0.019,0.0,BTC-20SEP19-10250-C,10169.83,61.82,0.019,7.9,0.022,18.0,70.32,3.59604,-40.39939,0.36,0.00068,0.46853
10186.92,SYN.BTC-20SEP19,1568717945418,open,0.06,23.8,0.037,0.087,0.06164601,68.19,0.0625,0.0,BTC-20SEP19-10750-P,10169.83,56.48,0.059,6.0,0.0625,14.0,71.61,2.49516,-29.5841,-0.69533,0.00045,-0.80472
10472.17,BTC-27DEC19,1568717945422,open,0.18,492.2,0.1335,0.2115,0.17437175,74.02,0.18,0.0,BTC-27DEC19-10000-C,10169.83,72.83,0.172,26.0,0.1775,18.0,75.58,20.91237,-7.67199,12.98163,9e-05,0.62291
10303.51,SYN.BTC-25OCT19,1568717945438,open,0.0,842.0,0.0005,0.013,0.00348475,80.93,0.0035,0.0,BTC-25OCT19-17000-C,10169.83,78.97,0.003,0.1,0.004,29.8,82.84,2.66644,-2.84879,0.35516,3e-05,0.0367
10228.55,BTC-27SEP19,1568717945444,open,0.0,935.6,0.0005,0.0105,0.00073433,101.17,0.001,0.0,BTC-27SEP19-15000-C,10169.83,96.43,0.0005,2.4,0.001,50.7,105.42,0.57425,-2.94141,0.03476,2e-05,0.0133
10472.17,BTC-27DEC19,1568717945449,open,0.05,580.9,0.025,0.076,0.04920166,74.35,0.0505,0.0,BTC-27DEC19-8000-P,10169.83,73.15,0.0475,23.0,0.051,23.3,75.61,14.85471,-5.47434,-6.87243,7e-05,-0.18825
10186.92,SYN.BTC-20SEP19,1568717945459,open,0.05,7.9,0.027,0.072,0.05018555,65.07,0.0535,0.0,BTC-20SEP19-9750-C,10169.83,64.35,0.05,7.0,0.053,6.1,75.49,2.64473,-29.92154,0.58945,0.0005,0.78462
10228.55,BTC-27SEP19,1568717945525,open,0.0,1548.7,0.0005,0.012,0.00200598,85.38,0.0015,0.0,BTC-27SEP19-8000-P,10169.83,81.0,0.0015,15.5,0.0025,45.0,89.08,1.28101,-5.53737,-0.10069,5e-05,-0.03438
10186.92,SYN.BTC-20SEP19,1568717945609,open,0.02,223.9,0.003,0.0405,0.01998428,64.61,0.019,0.0,BTC-20SEP19-10250-C,10169.83,61.82,0.019,14.4,0.022,18.0,70.32,3.59604,-40.39939,0.36,0.00068,0.46853
200.26,SYN.ETH-25OCT19,1568717945914,open,0.0,2460.0,0.001,0.011,0.00099,96.84,0.002,0.0,ETH-25OCT19-100-P,198.22,0.0,0.0,0.0,0.002,600.0,107.3,0.01508,-0.01928,-0.00199,0.00037,-0.00861
203.69,ETH-27DEC19,1568717945940,open,0.05,713.0,0.024,0.086,0.05423,83.35,0.05,0.0,ETH-27DEC19-300-C,198.21,80.8,0.05,220.0,0.058,232.0,85.57,0.34256,-0.14152,0.11199,0.00358,0.25317
198.74,ETH-27SEP19,1568717945940,open,0.03,228.0,0.007,0.051,0.026856,74.43,0.021,0.0,ETH-27SEP19-210-C,198.21,69.7,0.024,160.0,0.029,200.0,77.93,0.12092,-0.45562,0.0173,0.0152,0.34865
203.69,ETH-27DEC19,1568717945940,open,0.01,3142.0,0.001,0.015,0.005599,80.54,0.006,0.0,ETH-27DEC19-100-P,198.21,75.55,0.004,40.0,0.007,200.0,84.3,0.07135,-0.02849,-0.01962,0.00077,-0.02925
203.69,ETH-27DEC19,1568717945940,open,0.71,0.0,0.639,0.773,0.704934,85.16,None,0.0,ETH-27DEC19-340-P,198.21,0.0,0.0,0.0,0.0,0.0,0.0,0.27965,-0.11804,-0.85921,0.00286,-0.82136
198.74,ETH-27SEP19,1568717945940,open,0.0,100.0,0.001,0.011,0.000466,109.99,0.001,0.0,ETH-27SEP19-130-P,198.21,0.0,0.0,0.0,0.001,200.0,121.95,0.0067,-0.03731,-0.00042,0.00057,-0.00741
203.69,ETH-27DEC19,1568717945940,open,0.13,1792.0,0.09,0.174,0.134896,79.45,0.141,0.0,ETH-27DEC19-220-C,198.21,76.64,0.129,438.0,0.139,222.0,81.41,0.42707,-0.16819,0.21102,0.00469,0.50975
198.74,ETH-27SEP19,1568717945940,open,0.03,35.0,0.009,0.056,0.029791,75.87,0.034,0.0,ETH-27SEP19-190-P,198.21,71.2,0.027,160.0,0.033,568.0,81.19,0.11927,-0.45811,-0.01968,0.01471,-0.33623
203.69,ETH-27DEC19,1568717945940,open,0.01,1251.0,0.004,0.032,0.014714,89.86,0.012,0.0,ETH-27DEC19-440-C,198.21,86.26,0.012,578.0,0.017,200.0,92.63,0.16167,-0.07201,0.03768,0.00157,0.08165
198.74,ETH-27SEP19,1568717945941,open,0.0,2060.0,0.001,0.011,0.0,110.01,0.003,0.0,ETH-27SEP19-80-P,198.21,0.0,0.0,0.0,0.001,210.0,243.71,0.0,0.0,0.0,0.0,0.0
203.69,ETH-27DEC19,1568717945940,open,0.04,995.0,0.013,0.063,0.035813,85.22,0.025,0.0,ETH-27DEC19-340-C,198.21,82.39,0.032,539.0,0.039,32.0,87.5,0.2799,-0.11823,0.08055,0.00286,0.17889
198.74,ETH-27SEP19,1568717945940,open,0.01,15.0,0.001,0.025,0.009207,79.2,0.008,0.0,ETH-27SEP19-230-C,198.21,75.9,0.008,200.0,0.011,400.0,83.81,0.07467,-0.29942,0.00733,0.00882,0.14545
198.74,ETH-27SEP19,1568717945940,open,0.0,2698.0,0.001,0.011,0.0,109.99,0.001,0.0,ETH-27SEP19-720-C,198.21,0.0,0.0,0.0,0.001,459.0,291.72,0.0,0.0,0.0,0.0,0.0
198.74,ETH-27SEP19,1568717945940,open,0.0,5411.0,0.001,0.011,0.000869,109.98,0.002,0.0,ETH-27SEP19-300-C,198.21,0.0,0.0,0.0,0.002,700.0,123.86,0.01196,-0.06661,0.00073,0.00102,0.01441
198.74,ETH-27SEP19,1568717945941,open,0.15,105.0,0.122,0.18,0.152261,82.12,0.116,0.0,ETH-27SEP19-170-C,198.21,0.0,0.0,0.0,0.0,0.0,0.0,0.06167,-0.25643,0.03964,0.00703,0.88949
198.74,ETH-27SEP19,1568717945941,open,0.0,1.0,0.001,0.012,0.002104,96.5,0.005,0.0,ETH-27SEP19-150-P,198.21,85.06,0.001,300.0,0.003,200.0,103.33,0.02347,-0.11468,-0.00183,0.00228,-0.03202
198.74,ETH-27SEP19,1568717945941,open,0.0,11624.0,0.001,0.011,0.000996,102.9,0.001,0.0,ETH-27SEP19-140-P,198.21,0.0,0.0,0.0,0.002,400.0,115.21,0.01281,-0.06672,-0.00089,0.00116,-0.0156
198.74,ETH-27SEP19,1568717945941,open,0.0,5725.0,0.001,0.011,3e-06,109.99,0.001,0.0,ETH-27SEP19-400-C,198.21,0.0,0.0,0.0,0.001,306.0,174.87,0.0001,-0.00058,0.0,1e-05,8e-05
198.74,ETH-27SEP19,1568717945941,open,0.0,3419.0,0.001,0.011,0.0,109.99,0.001,0.0,ETH-27SEP19-640-C,198.21,0.0,0.0,0.0,0.001,437.0,269.23,0.0,0.0,0.0,0.0,0.0
203.69,ETH-27DEC19,1568717945941,open,0.03,998.0,0.01,0.054,0.029576,86.24,0.033,0.0,ETH-27DEC19-360-C,198.21,83.26,0.026,555.0,0.033,240.0,88.95,0.25147,-0.10749,0.06871,0.00254,0.15163
203.69,ETH-27DEC19,1568717945941,open,0.89,0.0,0.822,0.963,0.890506,87.51,None,0.0,ETH-27DEC19-380-P,198.21,0.0,0.0,0.0,0.0,0.0,0.0,0.22675,-0.09835,-0.99096,0.00226,-0.86981
205.83,SYN.ETH-27MAR20,1568717945940,open,0.5,124.0,0.424,0.572,0.500327,85.37,0.52,0.0,ETH-27MAR20-280-P,198.21,76.73,0.476,24.0,0.5,24.0,85.26,0.58498,-0.13014,-1.16291,0.00308,-0.57443
198.74,ETH-27SEP19,1568717945941,open,0.08,0.0,0.048,0.119,0.08362,74.6,None,0.0,ETH-27SEP19-210-P,198.21,68.6,0.08,120.0,0.088,120.0,81.73,0.12097,-0.4569,-0.0395,0.01517,-0.6509
205.83,SYN.ETH-27MAR20,1568717945940,open,0.14,313.0,0.088,0.187,0.139858,85.33,0.138,0.0,ETH-27MAR20-280-C,198.21,82.55,0.132,231.0,0.148,231.0,88.18,0.58493,-0.13006,0.30896,0.00308,0.4254
203.69,ETH-27DEC19,1568717945941,open,0.01,2664.0,0.002,0.026,0.011205,92.14,0.009,0.0,ETH-27DEC19-480-C,198.21,88.55,0.009,99.0,0.013,200.0,94.78,0.13307,-0.06078,0.02935,0.00126,0.06334
203.69,ETH-27DEC19,1568717945941,open,0.0,4371.0,0.001,0.012,0.002601,100.01,0.002,0.0,ETH-27DEC19-720-C,198.21,89.82,0.001,550.0,0.004,500.0,105.63,0.04339,-0.02151,0.00767,0.00038,0.01623
203.69,ETH-27DEC19,1568717945941,open,0.02,491.0,0.008,0.048,0.025017,87.59,0.023,0.0,ETH-27DEC19-380-C,198.21,84.8,0.022,3.0,0.028,240.0,90.19,0.22713,-0.09861,0.05938,0.00226,0.1305
198.74,ETH-27SEP19,1568717945941,open,0.01,46.0,0.001,0.022,0.00765,82.12,0.009,0.0,ETH-27SEP19-170-P,198.21,76.55,0.006,200.0,0.009,200.0,86.34,0.06167,-0.25643,-0.00635,0.00703,-0.11051
198.74,ETH-27SEP19,1568717945942,open,0.0,2663.0,0.001,0.011,0.000101,109.98,0.001,0.0,ETH-27SEP19-340-C,198.21,0.0,0.0,0.0,0.001,200.0,140.01,0.00208,-0.01156,0.0001,0.00018,0.002
205.83,SYN.ETH-27MAR20,1568717945940,open,0.33,222.0,0.288,0.375,0.335185,81.29,0.32,0.0,ETH-27MAR20-160-C,198.21,0.0,0.2,5.0,0.338,3.0,82.55,0.45875,-0.09718,0.46493,0.00253,0.76487
198.74,ETH-27SEP19,1568717945942,open,0.17,0.0,0.128,0.206,0.166614,79.51,None,0.0,ETH-27SEP19-230-P,198.21,0.0,0.0,0.0,0.0,0.0,0.0,0.07503,-0.30205,-0.05485,0.00883,-0.85349
198.74,ETH-27SEP19,1568717945942,open,0.35,0.0,0.326,0.366,0.346378,110.94,None,0.0,ETH-27SEP19-130-C,198.21,0.0,0.0,0.0,0.0,0.0,0.0,0.00702,-0.03945,0.03473,0.00059,0.99218
198.74,ETH-27SEP19,1568717945942,open,0.0,3439.0,0.001,0.011,0.0,109.99,0.001,0.0,ETH-27SEP19-680-C,198.21,0.0,0.0,0.0,0.001,200.0,280.85,0.0,0.0,0.0,0.0,0.0
203.69,ETH-27DEC19,1568717945942,open,0.0,14121.0,0.001,0.014,0.00422,98.46,0.003,0.0,ETH-27DEC19-640-C,198.21,89.47,0.002,5590.0,0.005,200.0,100.83,0.06344,-0.03096,0.01193,0.00056,0.02541
198.73,ETH-27SEP19,1568717945943,open,0.0,7916.0,0.001,0.011,0.0,110.0,0.001,0.0,ETH-27SEP19-760-C,198.21,0.0,0.0,0.0,0.001,200.0,301.92,0.0,0.0,0.0,0.0,0.0
198.73,ETH-27SEP19,1568717945943,open,0.0,11094.0,0.001,0.011,0.000111,110.01,0.001,0.0,ETH-27SEP19-120-P,198.21,0.0,0.0,0.0,0.001,300.0,142.23,0.00207,-0.01154,-0.00011,0.00018,-0.002
198.73,ETH-27SEP19,1568717945943,open,0.0,2857.0,0.001,0.012,0.002138,88.7,0.002,0.0,ETH-27SEP19-260-C,198.21,78.45,0.001,400.0,0.003,200.0,94.36,0.02728,-0.12251,0.00195,0.00288,0.03845
198.73,ETH-27SEP19,1568717945943,open,0.25,0.0,0.223,0.272,0.247385,97.11,None,0.0,ETH-27SEP19-150-C,198.21,0.0,0.0,0.0,0.0,0.0,0.0,0.02395,-0.11775,0.0387,0.00231,0.96719
198.73,ETH-27SEP19,1568717945943,open,0.2,647.0,0.171,0.225,0.198753,88.23,0.125,0.0,ETH-27SEP19-160-C,198.21,0.0,0.194,300.0,0.0,0.0,0.0,0.03825,-0.17089,0.03993,0.00406,0.94134
200.26,SYN.ETH-25OCT19,1568717945940,open,0.01,650.0,0.001,0.018,0.007923,79.7,0.009,0.0,ETH-25OCT19-140-P,198.21,74.61,0.006,240.0,0.01,660.0,84.57,0.08073,-0.08494,-0.01493,0.00243,-0.06391
203.68,ETH-27DEC19,1568717945943,open,0.02,1631.0,0.006,0.042,0.020897,88.44,0.023,0.0,ETH-27DEC19-400-C,198.21,85.43,0.018,220.0,0.024,240.0,91.45,0.20318,-0.08907,0.05095,0.002,0.1114
205.83,SYN.ETH-27MAR20,1568717945940,open,0.01,673.0,0.001,0.018,0.008426,81.75,0.011,0.0,ETH-27MAR20-80-P,198.21,76.29,0.006,240.0,0.011,340.0,86.7,0.09965,-0.02123,-0.04085,0.00055,-0.02933
203.68,ETH-27DEC19,1568717945944,open,0.0,4096.0,0.001,0.012,0.002012,100.37,0.002,0.0,ETH-27DEC19-760-C,198.21,0.0,0.0,0.0,0.004,500.0,109.2,0.03541,-0.01762,0.00608,0.00031,0.01282
198.37,SYN.ETH-20SEP19,1568717945942,open,0.0,16.0,0.001,0.012,0.002137,77.8,0.002,0.0,ETH-20SEP19-220-C,198.21,66.54,0.001,201.0,0.003,200.0,84.32,0.02405,-0.32531,0.00109,0.00997,0.07158
200.26,SYN.ETH-25OCT19,1568717945940,open,0.0,2304.0,0.001,0.012,0.002477,84.8,0.009,0.0,ETH-25OCT19-120-P,198.21,73.62,0.001,600.0,0.004,660.0,92.52,0.03404,-0.03811,-0.00512,0.00096,-0.02214
205.83,SYN.ETH-27MAR20,1568717945940,open,0.62,2.0,0.603,0.636,0.619777,81.79,0.597,0.0,ETH-27MAR20-80-C,198.21,0.0,0.071,10.0,0.0,0.0,0.0,0.09977,-0.02126,0.37963,0.00055,0.97063
203.68,ETH-27DEC19,1568717945944,open,0.01,12160.0,0.001,0.016,0.005798,98.46,0.003,0.0,ETH-27DEC19-600-C,198.21,96.34,0.005,80.0,0.006,200.0,98.97,0.0803,-0.03919,0.01574,0.00071,0.03375
198.73,ETH-27SEP19,1568717945945,open,0.0,839.0,0.001,0.011,0.0,109.99,0.001,0.0,ETH-27SEP19-60-P,198.21,0.0,0.0,0.0,0.001,200.0,315.78,0.0,0.0,0.0,0.0,0.0
198.37,SYN.ETH-20SEP19,1568717945940,open,0.3,0.0,0.273,0.314,0.294267,120.91,None,0.0,ETH-20SEP19-140-C,198.21,0.0,0.0,0.0,0.0,0.0,0.0,0.0003,-0.00636,0.01102,8e-05,0.99952
205.83,SYN.ETH-27MAR20,1568717945940,open,0.03,3934.0,0.01,0.06,0.031548,96.65,0.027,0.0,ETH-27MAR20-600-C,198.21,94.13,0.028,40.0,0.035,300.0,98.98,0.29807,-0.07507,0.09542,0.00138,0.11974
205.83,SYN.ETH-27MAR20,1568717945940,open,1.76,0.0,1.657,1.864,1.75715,95.63,None,0.0,ETH-27MAR20-560-P,198.21,0.0,0.01,10.0,0.0,0.0,0.0,0.32625,-0.0813,-2.83577,0.00153,-0.86364
205.83,SYN.ETH-27MAR20,1568717945940,open,0.04,1600.0,0.021,0.067,0.042753,81.28,0.036,0.0,ETH-27MAR20-120-P,198.21,76.3,0.036,240.0,0.044,326.0,82.17,0.28623,-0.06062,-0.16863,0.00158,-0.11309
198.73,ETH-27SEP19,1568717945945,open,0.0,3051.0,0.001,0.011,0.001201,98.66,0.003,0.0,ETH-27SEP19-280-C,198.21,0.0,0.0,0.0,0.002,200.0,106.73,0.01657,-0.08276,0.00107,0.00157,0.02111
200.26,SYN.ETH-25OCT19,1568717945940,open,0.41,3.0,0.365,0.464,0.413678,82.62,0.645,0.0,ETH-25OCT19-280-P,198.21,0.0,0.0,0.0,0.0,0.0,0.0,0.13649,-0.14886,-0.26676,0.00397,-0.86997
205.83,SYN.ETH-27MAR20,1568717945940,open,1.95,0.0,1.843,2.058,1.94684,96.85,None,0.0,ETH-27MAR20-600-P,198.21,0.0,0.02,10.0,0.0,0.0,0.0,0.29942,-0.07557,-3.05818,0.00139,-0.8795
198.37,SYN.ETH-20SEP19,1568717945940,open,0.1,722.0,0.065,0.122,0.094864,76.83,0.096,0.0,ETH-20SEP19-180-C,198.21,0.0,0.092,300.0,0.098,40.0,97.43,0.02423,-0.32361,0.01302,0.01017,0.92774
200.26,SYN.ETH-25OCT19,1568717945940,open,0.24,0.0,0.188,0.28,0.234455,76.36,None,0.0,ETH-25OCT19-240-P,198.21,68.16,0.226,200.0,0.0,0.0,0.0,0.21329,-0.21499,-0.20043,0.00671,-0.73003
198.37,SYN.ETH-20SEP19,1568717945940,open,0.0,5.0,0.001,0.011,4e-06,110.0,0.007,0.0,ETH-20SEP19-140-P,198.21,0.0,0.0,0.0,0.001,200.0,189.94,0.0001,-0.00072,0.0,3e-05,-0.00015
198.37,SYN.ETH-20SEP19,1568717945940,open,0.0,101.0,0.001,0.011,5.2e-05,109.99,0.009,0.0,ETH-20SEP19-150-P,198.21,0.0,0.0,0.0,0.001,204.0,156.72,0.00101,-0.01035,-3e-05,0.0003,-0.0018
198.37,SYN.ETH-20SEP19,1568717945940,open,0.25,0.0,0.221,0.265,0.243906,112.01,None,0.0,ETH-20SEP19-150-C,198.21,0.0,0.0,0.0,0.0,0.0,0.0,0.00117,-0.02284,0.01178,0.00034,0.99789
200.26,SYN.ETH-25OCT19,1568717945940,open,0.1,494.0,0.062,0.128,0.096857,75.09,0.09,0.0,ETH-25OCT19-200-C,198.21,71.28,0.092,167.0,0.101,200.0,78.34,0.25532,-0.25308,0.09423,0.00817,0.55028
198.37,SYN.ETH-20SEP19,1568717945940,open,0.0,523.0,0.001,0.011,0.000425,109.95,0.001,0.0,ETH-20SEP19-160-P,198.21,0.0,0.0,0.0,0.001,203.0,125.05,0.00557,-0.08422,-0.0002,0.00163,-0.01217
198.37,SYN.ETH-20SEP19,1568717945940,open,0.15,173.0,0.117,0.17,0.143856,91.58,0.1,0.0,ETH-20SEP19-170-C,198.21,0.0,0.08,1.0,0.0,0.0,0.0,0.01071,-0.1706,0.01297,0.00377,0.97377
198.37,SYN.ETH-20SEP19,1568717945940,open,0.0,346.0,0.001,0.011,0.001157,91.16,0.002,0.0,ETH-20SEP19-230-C,198.21,0.0,0.0,0.0,0.002,200.0,101.11,0.01421,-0.22524,0.00056,0.00503,0.03691
205.83,SYN.ETH-27MAR20,1568717945940,open,0.24,685.0,0.189,0.288,0.24286,81.27,0.253,0.0,ETH-27MAR20-200-C,198.21,79.49,0.238,189.0,0.255,189.0,85.73,0.56128,-0.11886,0.4236,0.0031,0.63435
205.83,SYN.ETH-27MAR20,1568717945940,open,0.11,1543.0,0.071,0.153,0.112482,81.27,0.118,0.0,ETH-27MAR20-160-P,198.21,76.56,0.102,240.0,0.114,32.0,81.96,0.45874,-0.09716,-0.37612,0.00253,-0.23512
198.37,SYN.ETH-20SEP19,1568717945940,open,0.35,0.0,0.325,0.363,0.344673,141.16,None,0.0,ETH-20SEP19-130-C,198.21,0.0,0.0,0.0,0.0,0.0,0.0,0.00019,-0.00472,0.01024,4e-05,0.9997
198.37,SYN.ETH-20SEP19,1568717945940,open,0.01,275.0,0.001,0.024,0.006668,71.84,0.009,0.0,ETH-20SEP19-210-C,198.21,64.71,0.005,269.0,0.008,200.0,77.15,0.04847,-0.60541,0.00294,0.02176,0.19449
198.37,SYN.ETH-20SEP19,1568717945940,open,0.2,0.0,0.169,0.218,0.193747,105.62,None,0.0,ETH-20SEP19-160-C,198.21,0.0,0.193,300.0,0.0,0.0,0.0,0.00455,-0.0835,0.01245,0.00139,0.99035
200.26,SYN.ETH-25OCT19,1568717945940,open,0.02,2368.0,0.004,0.032,0.015378,82.41,0.011,0.0,ETH-25OCT19-280-C,198.21,80.34,0.014,20.0,0.016,200.0,83.32,0.13596,-0.14791,0.02367,0.00396,0.1293
200.26,SYN.ETH-25OCT19,1568717945941,open,0.32,3.0,0.275,0.371,0.322785,80.86,0.534,0.0,ETH-25OCT19-260-P,198.21,0.0,0.0,0.0,0.0,0.0,0.0,0.17597,-0.18784,-0.23507,0.00523,-0.80838
205.83,SYN.ETH-27MAR20,1568717945940,open,0.35,154.0,0.278,0.409,0.346448,82.75,0.336,0.0,ETH-27MAR20-240-P,198.21,79.14,0.336,240.0,0.35,24.0,83.98,0.59479,-0.12826,-0.89688,0.00323,-0.48244
198.37,SYN.ETH-20SEP19,1568717945942,open,0.0,0.0,0.001,0.011,0.0,110.03,None,0.0,ETH-20SEP19-120-P,198.21,0.0,0.0,0.0,0.001,200.0,262.73,0.0,0.0,0.0,0.0,0.0
205.83,SYN.ETH-27MAR20,1568717945940,open,0.46,40.0,0.426,0.49,0.45978,81.3,0.459,0.0,ETH-27MAR20-120-C,198.21,0.0,0.416,300.0,0.0,0.0,0.0,0.28629,-0.06065,0.46214,0.00158,0.88688
205.83,SYN.ETH-27MAR20,1568717945940,open,0.21,2222.0,0.157,0.268,0.214623,81.3,0.204,0.0,ETH-27MAR20-200-P,198.21,77.05,0.203,137.0,0.219,32.0,82.91,0.56126,-0.11891,-0.62783,0.0031,-0.36561
10186.93,SYN.BTC-20SEP19,1568717946959,open,0.07,8.1,0.0495,0.0925,0.07114393,68.8,0.0855,0.0,BTC-20SEP19-9500-C,10169.83,67.98,0.071,3.6,0.074,0.1,83.13,1.81141,-21.66866,0.64898,0.00032,0.87975
10692.41,SYN.BTC-27MAR20,1568717947063,open,0.01,21.6,0.003,0.0335,0.01374058,86.51,0.0155,0.0,BTC-27MAR20-34000-C,10169.83,84.49,0.012,25.0,0.0155,14.0,88.4,9.584,-2.16053,2.76423,2e-05,0.06292
10228.55,BTC-27SEP19,1568717947087,open,0.01,292.4,0.0015,0.0275,0.01127334,73.41,0.012,0.0,BTC-27SEP19-11500-C,10169.83,71.61,0.0105,0.2,0.0115,0.1,73.93,4.43705,-16.492,0.47096,0.00021,0.18145
10186.93,SYN.BTC-20SEP19,1568717947098,open,0.01,136.9,0.0005,0.0225,0.00729517,65.07,0.007,0.0,BTC-20SEP19-9750-P,10169.83,61.96,0.0065,31.0,0.008,0.4,67.75,2.64473,-29.92193,-0.17872,0.0005,-0.21538
