underlying_price,underlying_index,timestamp,state,settlement_price,open_interest,min_price,max_price,mark_price,mark_iv,last_price,interest_rate,instrument_name,index_price,bid_iv,best_bid_price,best_bid_amount,best_ask_price,best_ask_amount,ask_iv,vega,theta,rho,gamma,delta
175.94,ETH-27MAR20,1574333940132,open,1.04,7.0,1.001,1.165,1.078681,91.65,1.004,0.0,ETH-27MAR20-360-P,170.92,0.0,1.034,8.0,1.127,8.0,120.87,0.23726,-0.0857,-1.18213,0.00241,-0.85424
175.94,ETH-27MAR20,1574333940134,open,1.26,9.0,1.217,1.389,1.297898,93.74,1.34,0.0,ETH-27MAR20-400-P,170.92,0.0,1.244,7.0,1.349,7.0,127.57,0.19906,-0.07354,-1.3362,0.00197,-0.88682
173.02,ETH-27DEC19,1574333940182,open,0.01,2159.0,0.001,0.021,0.006663,109.26,0.004,0.0,ETH-27DEC19-320-C,170.92,100.11,0.004,668.0,0.009,300.0,115.66,0.0579,-0.08817,0.00775,0.0018,0.0522
173.01,ETH-27DEC19,1574333940417,open,0.0,1219.0,0.001,0.012,0.002969,109.99,0.002,0.0,ETH-27DEC19-360-C,170.92,104.1,0.002,427.0,0.007,300.0,126.1,0.03217,-0.04931,0.00382,0.00099,0.02544
173.01,ETH-27DEC19,1574333940461,open,0.02,3269.0,0.008,0.044,0.022286,76.53,0.017,0.0,ETH-27DEC19-140-P,170.92,72.08,0.019,709.0,0.026,349.0,81.33,0.13094,-0.13965,-0.03067,0.00582,-0.15809
8295.31,SYN.BTC-26JUN20,1574333940534,open,0.26,109.5,0.2325,0.352,0.28542847,75.99,0.2775,0.0,BTC-26JUN20-9000-P,7907.62,72.24,0.274,2.0,0.2855,16.5,76.01,25.26422,-4.40571,-35.84834,8e-05,-0.43854
177.47,SYN.ETH-26JUN20,1574333940577,open,0.22,393.0,0.154,0.268,0.211382,83.96,0.216,0.0,ETH-26JUN20-200-C,170.92,79.58,0.198,210.0,0.215,267.0,85.14,0.54165,-0.10437,0.36472,0.00343,0.5557
177.47,SYN.ETH-26JUN20,1574333940583,open,0.22,393.0,0.154,0.268,0.211382,83.96,0.216,0.0,ETH-26JUN20-200-C,170.92,79.91,0.199,267.0,0.215,267.0,85.14,0.54165,-0.10437,0.36472,0.00343,0.5557
173.01,ETH-27DEC19,1574333940586,open,0.02,6974.0,0.004,0.034,0.014792,82.43,0.014,0.0,ETH-27DEC19-240-C,170.92,79.62,0.013,770.0,0.017,302.0,85.7,0.11334,-0.13022,0.0192,0.00467,0.12772
175.94,ETH-27MAR20,1574333940614,open,1.26,9.0,1.217,1.389,1.297898,93.74,1.34,0.0,ETH-27MAR20-400-P,170.92,0.0,1.244,7.0,1.35,7.0,128.12,0.19906,-0.07354,-1.3362,0.00197,-0.88682
175.94,ETH-27MAR20,1574333940681,open,2.14,0.0,2.094,2.311,2.195868,105.37,None,0.0,ETH-27MAR20-560-P,170.93,0.0,0.02,50.0,0.0,0.0,0.0,0.12389,-0.05144,-1.9177,0.00109,-0.9398
175.94,ETH-27MAR20,1574333940681,open,1.7,0.0,1.655,1.851,1.746962,101.81,None,0.0,ETH-27MAR20-480-P,170.93,0.0,0.004,50.0,0.0,0.0,0.0,0.16146,-0.06478,-1.62797,0.00147,-0.91497
175.95,ETH-27MAR20,1574333940681,open,2.58,0.0,2.535,2.774,2.647522,109.66,None,0.0,ETH-27MAR20-640-P,170.93,0.0,0.01,50.0,0.0,0.0,0.0,0.10195,-0.04406,-2.20207,0.00086,-0.95293
173.03,ETH-27DEC19,1574333940681,open,0.0,16677.0,0.001,0.011,1.1e-05,109.99,0.001,0.0,ETH-27DEC19-640-C,170.93,0.0,0.0,0.0,0.003,300.0,175.59,0.00031,-0.00047,2e-05,1e-05,0.00015
171.38,SYN.ETH-29NOV19,1574333940681,open,0.6,0.0,0.587,0.685,0.633951,118.94,None,0.0,ETH-29NOV19-280-P,170.93,0.0,0.01,50.0,0.0,0.0,0.0,0.00247,-0.01865,-0.0603,0.00033,-0.99676
175.95,ETH-27MAR20,1574333940681,open,0.46,0.0,0.425,0.479,0.451816,80.59,None,0.0,ETH-27MAR20-100-C,170.93,0.0,0.431,31.0,0.0,0.0,0.0,0.14955,-0.0475,0.28829,0.00172,0.92318
173.03,ETH-27DEC19,1574333940682,open,0.94,0.0,0.909,1.038,0.969564,110.23,None,0.0,ETH-27DEC19-340-P,170.93,0.0,0.002,50.0,0.0,0.0,0.0,0.04424,-0.06797,-0.32861,0.00136,-0.96261
173.03,ETH-27DEC19,1574333940683,open,1.5,0.0,1.469,1.624,1.543622,112.66,None,0.0,ETH-27DEC19-440-P,170.93,0.0,0.002,50.0,0.0,0.0,0.0,0.01035,-0.01626,-0.43143,0.00031,-0.99316
173.03,ETH-27DEC19,1574333940683,open,0.0,4534.0,0.001,0.011,1e-06,110.0,0.002,0.0,ETH-27DEC19-760-C,170.93,0.0,0.0,0.0,0.002,300.0,184.97,4e-05,-7e-05,0.0,0.0,2e-05
173.03,ETH-27DEC19,1574333940683,open,0.83,101.0,0.798,0.922,0.856264,109.89,0.513,0.0,ETH-27DEC19-320-P,170.93,0.0,0.01,50.0,0.0,0.0,0.0,0.05899,-0.09035,-0.30661,0.00182,-0.94656
171.38,SYN.ETH-29NOV19,1574333940681,open,0.0,448.0,0.001,0.011,6.9e-05,109.99,0.001,0.0,ETH-29NOV19-280-C,170.93,0.0,0.0,0.0,0.001,1.0,145.41,0.00127,-0.00884,5e-05,0.00018,0.00155
171.38,SYN.ETH-29NOV19,1574333940681,open,0.0,2585.0,0.001,0.011,1.4e-05,110.01,0.001,0.0,ETH-29NOV19-100-P,170.93,0.0,0.0,0.0,0.001,99.0,168.94,0.0003,-0.00206,-1e-05,4e-05,-0.00032
173.03,ETH-27DEC19,1574333940685,open,1.16,0.0,1.133,1.27,1.198356,111.79,None,0.0,ETH-27DEC19-380-P,170.93,0.0,0.02,50.0,0.0,0.0,0.0,0.02542,-0.03961,-0.3706,0.00077,-0.98075
173.03,ETH-27DEC19,1574333940688,open,0.08,1269.0,0.039,0.102,0.069448,69.21,0.069,0.0,ETH-27DEC19-180-C,170.93,64.84,0.064,299.0,0.075,321.0,73.66,0.21583,-0.2082,0.06824,0.0106,0.47071
177.48,SYN.ETH-26JUN20,1574333940682,open,2.14,0.0,2.08,2.324,2.194392,99.87,None,0.0,ETH-26JUN20-560-P,170.93,0.0,0.01,50.0,0.0,0.0,0.0,0.29761,-0.06821,-3.24114,0.00158,-0.86507
177.48,SYN.ETH-26JUN20,1574333940683,open,1.92,0.0,1.863,2.095,1.971935,97.28,None,0.0,ETH-26JUN20-520-P,170.93,0.0,0.01,50.0,0.0,0.0,0.0,0.31371,-0.07003,-2.99395,0.00172,-0.85418
171.38,SYN.ETH-29NOV19,1574333940683,open,0.0,1948.0,0.001,0.011,0.001262,109.66,0.001,0.0,ETH-29NOV19-240-C,170.93,106.03,0.001,492.0,0.002,2.0,117.79,0.01332,-0.09274,0.00077,0.00192,0.02221
171.38,SYN.ETH-29NOV19,1574333940684,open,0.31,50.0,0.279,0.322,0.300283,105.6,0.344,0.0,ETH-29NOV19-120-C,170.93,0.0,0.0,0.0,0.0,0.0,0.0,0.00598,-0.04012,0.02555,0.00089,0.99123
171.38,SYN.ETH-29NOV19,1574333940683,open,0.1,125.0,0.049,0.112,0.079807,66.5,0.083,0.0,ETH-29NOV19-160-C,170.93,71.39,0.082,8.0,0.311,35.0,499.24,0.07568,-0.31954,0.02567,0.01796,0.77405
171.38,SYN.ETH-29NOV19,1574333940683,open,0.01,2557.0,0.001,0.022,0.006338,82.69,0.006,0.0,ETH-29NOV19-200-C,170.93,77.68,0.005,1.0,0.008,350.0,88.29,0.04826,-0.25334,0.00394,0.00921,0.11301
177.48,SYN.ETH-26JUN20,1574333940683,open,1.71,0.0,1.65,1.874,1.755206,97.11,None,0.0,ETH-26JUN20-480-P,170.93,0.0,0.01,50.0,0.0,0.0,0.0,0.34806,-0.07757,-2.73785,0.00191,-0.82917
171.38,SYN.ETH-29NOV19,1574333940688,open,0.83,0.0,0.813,0.925,0.867297,142.1,None,0.0,ETH-29NOV19-320-P,170.93,0.0,0.0,0.0,0.0,0.0,0.0,0.00156,-0.01403,-0.06898,0.00017,-0.99806
177.48,SYN.ETH-26JUN20,1574333940711,open,0.87,1.0,0.81,0.992,0.897385,88.11,0.674,0.0,ETH-26JUN20-320-P,170.93,31.96,0.804,1.0,0.931,1.0,100.18,0.47645,-0.09634,-1.69268,0.00288,-0.70041
173.03,ETH-27DEC19,1574333940719,open,0.0,1027.0,0.001,0.011,0.001951,109.99,0.002,0.0,ETH-27DEC19-380-C,170.93,101.28,0.001,101.0,0.006,300.0,129.75,0.02341,-0.03588,0.00264,0.00072,0.01747
171.38,SYN.ETH-29NOV19,1574333940745,open,0.1,2.0,0.081,0.154,0.116195,66.11,0.058,0.0,ETH-29NOV19-190-P,170.93,42.56,0.11,10.0,0.169,1.0,172.07,0.0601,-0.25224,-0.03553,0.01434,-0.84458
173.03,ETH-27DEC19,1574333940751,open,0.43,0.0,0.405,0.445,0.42508,95.72,None,0.0,ETH-27DEC19-100-C,170.93,0.0,0.422,30.0,0.0,0.0,0.0,0.03065,-0.04088,0.09369,0.00109,0.97599
173.03,ETH-27DEC19,1574333940757,open,0.43,0.0,0.405,0.445,0.42508,95.72,None,0.0,ETH-27DEC19-100-C,170.93,0.0,0.422,31.0,0.0,0.0,0.0,0.03065,-0.04088,0.09369,0.00109,0.97599
177.48,SYN.ETH-26JUN20,1574333940782,open,0.41,41.0,0.362,0.445,0.403905,80.48,0.469,0.0,ETH-26JUN20-120-C,170.93,68.6,0.381,210.0,0.0,0.0,0.0,0.35158,-0.06493,0.44765,0.00232,0.82646
173.03,ETH-27DEC19,1574333940812,open,0.0,4109.0,0.001,0.013,0.00308,96.08,0.005,0.0,ETH-27DEC19-100-P,170.93,80.42,0.001,1070.0,0.004,1.0,100.83,0.03104,-0.04156,-0.00467,0.0011,-0.02437
173.03,ETH-27DEC19,1574333940855,open,0.0,1027.0,0.001,0.011,0.001951,109.99,0.002,0.0,ETH-27DEC19-380-C,170.93,101.28,0.001,421.0,0.006,300.0,129.75,0.02341,-0.03588,0.00264,0.00072,0.01747
175.95,ETH-27MAR20,1574333940913,open,0.62,186.0,0.58,0.725,0.649341,84.32,0.62,0.0,ETH-27MAR20-280-P,170.93,48.23,0.599,12.0,0.671,13.0,95.44,0.3271,-0.1087,-0.85807,0.0036,-0.75362
171.38,SYN.ETH-29NOV19,1574333940952,open,0.02,4584.0,0.004,0.046,0.018789,64.74,0.014,0.0,ETH-29NOV19-180-C,170.93,49.28,0.011,109.0,0.021,57.0,68.91,0.09,-0.36987,0.01113,0.02194,0.31973
170.97,SYN.ETH-22NOV19,1574333940953,open,0.01,218.0,0.001,0.04,0.012351,77.09,0.013,0.0,ETH-22NOV19-170-P,170.93,43.84,0.006,140.0,0.014,332.0,85.64,0.03293,-1.26935,-0.00183,0.06091,-0.4326
171.38,SYN.ETH-29NOV19,1574333940958,open,0.02,4584.0,0.004,0.046,0.018789,64.74,0.014,0.0,ETH-29NOV19-180-C,170.93,49.28,0.011,109.0,0.021,7.0,68.91,0.09,-0.36987,0.01113,0.02194,0.31973
173.03,ETH-27DEC19,1574333940977,open,0.0,4109.0,0.001,0.013,0.00308,96.08,0.005,0.0,ETH-27DEC19-100-P,170.93,80.42,0.001,1430.0,0.004,1.0,100.83,0.03104,-0.04156,-0.00467,0.0011,-0.02437
177.48,SYN.ETH-26JUN20,1574333941001,open,0.12,327.0,0.067,0.17,0.116201,85.26,0.126,0.0,ETH-26JUN20-280-C,170.93,81.7,0.106,180.0,0.122,293.0,87.26,0.51218,-0.10022,0.25655,0.0032,0.35837
177.48,SYN.ETH-26JUN20,1574333941004,open,0.12,327.0,0.067,0.17,0.116201,85.26,0.126,0.0,ETH-26JUN20-280-C,170.93,82.05,0.107,283.0,0.122,293.0,87.26,0.51218,-0.10022,0.25655,0.0032,0.35837
177.48,SYN.ETH-26JUN20,1574333941123,open,0.09,239.0,0.049,0.147,0.094214,88.07,0.102,0.0,ETH-26JUN20-320-C,170.93,83.83,0.083,180.0,0.103,289.0,91.31,0.47632,-0.09627,0.21738,0.00288,0.29941
177.48,SYN.ETH-26JUN20,1574333941126,open,0.09,239.0,0.049,0.147,0.094214,88.07,0.102,0.0,ETH-26JUN20-320-C,170.93,84.21,0.084,289.0,0.103,289.0,91.31,0.47632,-0.09627,0.21738,0.00288,0.29941
177.48,SYN.ETH-26JUN20,1574333941464,open,0.08,687.0,0.037,0.128,0.077707,90.35,0.075,0.0,ETH-26JUN20-360-C,170.93,86.34,0.068,180.0,0.086,293.0,93.65,0.43876,-0.09098,0.18602,0.00258,0.2533
177.48,SYN.ETH-26JUN20,1574333941470,open,0.08,687.0,0.037,0.128,0.077707,90.35,0.075,0.0,ETH-26JUN20-360-C,170.93,86.76,0.069,293.0,0.086,293.0,93.65,0.43876,-0.09098,0.18602,0.00258,0.2533
173.03,ETH-27DEC19,1574333941498,open,0.01,6427.0,0.001,0.024,0.009634,87.57,0.009,0.0,ETH-27DEC19-120-P,170.93,80.9,0.007,660.0,0.012,351.0,92.87,0.07342,-0.0896,-0.01367,0.00285,-0.07073
177.48,SYN.ETH-26JUN20,1574333941553,open,0.16,262.0,0.099,0.21,0.153379,83.95,0.161,0.0,ETH-26JUN20-240-C,170.93,81.21,0.145,456.0,0.158,286.0,85.47,0.54161,-0.10435,0.30783,0.00343,0.44394
171.38,SYN.ETH-29NOV19,1574333941561,open,0.02,284.0,0.01,0.064,0.033897,64.82,0.028,0.0,ETH-29NOV19-170-P,170.93,52.89,0.027,241.0,0.038,251.0,71.83,0.09955,-0.40967,-0.01779,0.02423,-0.44726
8153.2,BTC-27MAR20,1574333941650,open,0.03,1502.4,0.0095,0.0575,0.02527507,82.54,0.0285,0.0,BTC-27MAR20-16000-C,7907.62,80.64,0.023,38.8,0.0275,20.0,84.32,9.98885,-3.24899,2.87441,5e-05,0.1267
7989.49,BTC-27DEC19,1574333941652,open,2.93,0.3,2.927,3.0875,3.00541407,137.94,2.744,0.0,BTC-27DEC19-32000-P,7907.62,0.0,0.0,0.0,0.0,0.0,0.0,0.11358,-0.21837,-31.44299,0.0,-0.99862
8295.4,SYN.BTC-26JUN20,1574333941652,open,0.05,244.2,0.0195,0.091,0.04460501,86.9,0.0445,0.0,BTC-26JUN20-20000-C,7907.62,86.05,0.043,0.5,0.047,20.0,88.13,15.89347,-3.16939,5.94893,4e-05,0.16474
8153.2,BTC-27MAR20,1574333941667,open,1.89,0.0,1.8895,2.035,1.95482797,97.54,None,0.0,BTC-27MAR20-24000-P,7907.62,0.0,0.0005,5.0,0.0,0.0,0.0,5.4182,-2.08263,-82.15754,2e-05,-0.94408
7989.49,BTC-27DEC19,1574333941682,open,0.02,501.5,0.013,0.053,0.02868093,64.01,0.029,0.0,BTC-27DEC19-7000-P,7907.62,62.75,0.0275,2.0,0.03,48.0,65.41,7.49087,-6.68288,-1.98328,0.00019,-0.22388
7989.49,BTC-27DEC19,1574333941682,open,0.0,728.8,0.0005,0.0105,6.125e-05,105.0,0.0005,0.0,BTC-27DEC19-24000-C,7907.62,0.0,0.0,0.0,0.001,46.0,134.19,0.06429,-0.09408,0.00536,0.0,0.00074
7989.49,BTC-27DEC19,1574333941682,open,0.0,868.9,0.0005,0.0105,8.307e-05,105.0,0.0005,0.0,BTC-27DEC19-3000-P,7907.62,0.0,0.0,0.0,0.0005,31.7,125.76,0.07222,-0.10568,-0.00728,0.0,-0.00084
7989.49,BTC-27DEC19,1574333941690,open,0.69,0.0,0.6775,0.697,0.68708663,0.0,None,0.0,BTC-27DEC19-2500-C,7907.62,0.0,0.6805,11.0,0.695,15.0,225.47,0.0,0.0,2.45724,0.0,1.0
7925.59,SYN.BTC-29NOV19,1574333941713,open,0.0,682.9,0.0005,0.015,0.003126,87.74,0.003,0.0,BTC-29NOV19-6500-P,7907.62,83.65,0.0025,17.1,0.0035,24.4,89.98,1.2851,-7.15829,-0.09849,0.00011,-0.05446
8295.4,SYN.BTC-26JUN20,1574333941720,open,1.63,0.0,1.617,1.78,1.68891835,88.44,None,0.0,BTC-26JUN20-22000-P,7907.62,0.0,0.11,1.0,0.0,0.0,0.0,14.18216,-2.87851,-126.27363,4e-05,-0.86119
7989.49,BTC-27DEC19,1574333941756,open,0.0,449.3,0.0005,0.0105,2e-08,105.0,0.0005,0.0,BTC-27DEC19-44000-C,7907.62,0.0,0.0,0.0,0.0005,1.0,181.63,3e-05,-5e-05,0.0,0.0,0.0
7925.59,SYN.BTC-29NOV19,1574333941795,open,0.0,1093.8,0.0005,0.0105,3.536e-05,105.0,0.0005,0.0,BTC-29NOV19-13000-C,7907.62,0.0,0.0,0.0,0.0005,9.9,134.57,0.03449,-0.2299,0.00143,0.0,0.00087
7989.49,BTC-27DEC19,1574333941836,open,5.38,0.8,5.3815,5.6415,5.50879501,185.46,3.59,0.0,BTC-27DEC19-52000-P,7907.62,0.0,0.001,1.0,0.0,0.0,0.0,0.13629,-0.35226,-51.09922,0.0,-0.99831
7925.59,SYN.BTC-29NOV19,1574333941836,open,0.06,324.1,0.06,0.116,0.0826699,57.97,0.079,0.0,BTC-29NOV19-8500-P,7907.62,38.44,0.0755,14.2,0.09,7.0,73.73,3.42862,-12.6179,-1.47878,0.00044,-0.78205
177.48,SYN.ETH-26JUN20,1574333941840,open,0.03,84.0,0.009,0.066,0.030218,101.62,0.03,0.0,ETH-26JUN20-640-C,170.93,99.3,0.027,140.0,0.034,303.0,104.19,0.25322,-0.05905,0.08164,0.00133,0.10727
8153.2,BTC-27MAR20,1574333941938,open,0.06,1105.1,0.0295,0.098,0.0565122,75.45,0.0585,0.0,BTC-27MAR20-12000-C,7907.62,74.65,0.055,17.6,0.0585,17.7,76.49,15.56118,-4.62694,5.73874,9e-05,0.259
8295.4,SYN.BTC-26JUN20,1574333941940,open,0.03,8.8,0.009,0.065,0.02631165,95.23,0.027,0.0,BTC-26JUN20-28000-C,7907.62,94.25,0.025,0.5,0.0285,33.0,96.82,11.1907,-2.44566,3.61443,3e-05,0.09931
8153.2,BTC-27MAR20,1574333941962,open,0.02,200.0,0.009,0.042,0.02059201,72.36,0.0205,0.0,BTC-27MAR20-5000-P,7907.62,70.62,0.019,45.0,0.0215,0.2,73.32,7.61076,-2.17016,-3.04899,5e-05,-0.08699
7989.49,BTC-27DEC19,1574333941981,open,0.0,255.7,0.0005,0.0105,0.0,105.0,0.001,0.0,BTC-27DEC19-1500-P,7907.62,0.0,0.0,0.0,0.0005,37.9,210.9,1e-05,-2e-05,0.0,0.0,0.0
7925.59,SYN.BTC-29NOV19,1574333941988,open,0.0,233.0,0.0005,0.0105,5.55e-06,105.0,0.001,0.0,BTC-29NOV19-14000-C,7907.62,0.0,0.0,0.0,0.0005,10.0,151.7,0.00683,-0.04397,0.00025,0.0,0.00015
7989.49,BTC-27DEC19,1574333942024,open,0.57,4.3,0.5525,0.5725,0.56233031,104.53,0.5625,0.0,BTC-27DEC19-3500-C,7907.62,0.0,0.5555,12.0,0.57,12.0,166.02,0.2737,-0.39873,3.40825,0.0,0.99635
7925.59,SYN.BTC-29NOV19,1574333942038,open,0.0,554.8,0.0005,0.0115,0.00150523,100.89,0.0015,0.0,BTC-29NOV19-6000-P,7907.62,94.36,0.001,12.1,0.002,21.3,106.09,0.69079,-4.42461,-0.04611,5e-05,-0.02546
7989.49,BTC-27DEC19,1574333942045,open,1.95,0.0,1.9455,2.066,2.00412048,113.84,None,0.0,BTC-27DEC19-24000-P,7907.62,0.0,0.0,0.0,0.0,0.0,0.0,0.14761,-0.23419,-23.57637,0.0,-0.99815
7989.49,BTC-27DEC19,1574333942045,open,4.4,0.0,4.3995,4.6195,4.50744195,168.97,3.46,0.0,BTC-27DEC19-44000-P,7907.62,0.0,0.001,1.0,0.0,0.0,0.0,0.12664,-0.29822,-43.23679,0.0,-0.99844
8153.2,BTC-27MAR20,1574333942051,open,1.18,0.0,1.1725,1.297,1.2277337,87.29,1.23,0.0,BTC-27MAR20-18000-P,7907.62,0.0,0.0,0.0,0.0,0.0,0.0,8.43661,-2.90221,-60.30168,4e-05,-0.89999
7925.59,SYN.BTC-29NOV19,1574333942075,open,0.3,5.0,0.299,0.359,0.32637394,97.65,0.25,0.0,BTC-29NOV19-10500-P,7907.62,0.0,0.0,0.0,0.0,0.0,0.0,0.77951,-4.83226,-2.21795,6e-05,-0.97058
7925.59,SYN.BTC-29NOV19,1574333942075,open,0.48,0.0,0.4845,0.5475,0.51431595,106.28,None,0.0,BTC-29NOV19-12000-P,7907.62,0.0,0.0,0.0,0.0,0.0,0.0,0.16699,-1.12676,-2.5812,1e-05,-0.99504
7989.49,BTC-27DEC19,1574333942077,open,0.82,12.1,0.8025,0.822,0.8122463,0.0,0.8415,0.0,BTC-27DEC19-1500-C,7907.62,0.0,0.805,14.0,0.82,18.0,319.24,0.0,0.0,1.47434,0.0,1.0
8153.2,BTC-27MAR20,1574333942083,open,1.41,5.2,1.411,1.5415,1.46895458,90.93,1.108,0.0,BTC-27MAR20-20000-P,7907.62,0.0,0.0,0.0,0.0,0.0,0.0,7.13953,-2.55837,-67.70798,3e-05,-0.9201
8295.4,SYN.BTC-26JUN20,1574333942083,open,0.03,11.6,0.012,0.073,0.03199419,90.56,0.0345,0.0,BTC-26JUN20-24000-C,7907.62,89.26,0.03,33.0,0.035,33.0,92.45,12.91842,-2.68479,4.42218,3e-05,0.1213
177.48,SYN.ETH-26JUN20,1574333942121,open,0.04,41.0,0.015,0.083,0.041787,97.18,0.038,0.0,ETH-26JUN20-520-C,170.93,94.4,0.037,140.0,0.047,301.0,100.06,0.31313,-0.06984,0.10979,0.00171,0.14542
8153.2,BTC-27MAR20,1574333942141,open,0.0,608.9,0.0005,0.012,0.00212615,105.0,0.004,0.0,BTC-27MAR20-40000-C,7907.62,109.2,0.003,45.0,0.005,1.0,116.29,1.49277,-0.61769,0.27758,1e-05,0.01192
7925.59,SYN.BTC-29NOV19,1574333942171,open,0.0,538.1,0.0005,0.0105,0.00093055,102.62,0.001,0.0,BTC-29NOV19-11000-C,7907.62,94.54,0.0005,28.4,0.0015,28.3,110.09,0.5129,-3.34154,0.02902,4e-05,0.0179
173.03,ETH-27DEC19,1574333942176,open,0.05,13305.0,0.025,0.083,0.051615,69.92,0.048,0.0,ETH-27DEC19-160-P,170.93,66.69,0.048,655.0,0.055,10.0,72.93,0.19408,-0.18913,-0.06326,0.00943,-0.32034
171.39,SYN.ETH-29NOV19,1574333942206,open,0.01,486.0,0.001,0.024,0.007498,65.93,0.008,0.0,ETH-29NOV19-190-C,170.93,61.47,0.006,345.0,0.01,20.0,72.71,0.05995,-0.25091,0.00545,0.01435,0.15483
171.39,SYN.ETH-29NOV19,1574333942206,open,0.32,0.0,0.304,0.391,0.344429,109.5,None,0.0,ETH-29NOV19-230-P,170.93,0.0,0.01,50.0,0.0,0.0,0.0,0.02179,-0.15147,-0.04823,0.00314,-0.95979
171.39,SYN.ETH-29NOV19,1574333942206,open,0.0,3697.0,0.001,0.019,0.004857,94.39,0.004,0.0,ETH-29NOV19-210-C,170.93,84.95,0.003,246.0,0.009,350.0,110.37,0.03791,-0.22715,0.00283,0.00634,0.08136
171.39,SYN.ETH-29NOV19,1574333942206,open,0.01,11.0,0.001,0.024,0.007371,81.15,0.003,0.0,ETH-29NOV19-150-P,170.93,68.23,0.004,350.0,0.011,350.0,92.62,0.05019,-0.25857,-0.00469,0.00976,-0.11941
171.39,SYN.ETH-29NOV19,1574333942206,open,0.0,101.0,0.001,0.013,0.00239,108.88,0.002,0.0,ETH-29NOV19-230-C,170.93,94.71,0.001,102.0,0.004,300.0,119.89,0.02138,-0.14776,0.00136,0.0031,0.03928
7925.59,SYN.BTC-29NOV19,1574333942236,open,0.14,7.5,0.101,0.1455,0.12200546,69.58,0.135,0.0,BTC-29NOV19-7000-C,7907.62,0.0,0.105,5.0,0.1425,5.0,125.27,2.08366,-9.20442,1.3258,0.00022,0.89727
7989.59,BTC-27DEC19,1574333942243,open,0.75,0.0,0.74,0.7595,0.74966501,0.0,None,0.0,BTC-27DEC19-2000-C,7907.62,0.0,0.743,12.0,0.7575,16.0,265.73,0.0,0.0,1.96579,0.0,1.0
170.98,SYN.ETH-22NOV19,1574333942248,open,0.14,0.0,0.096,0.149,0.122785,103.66,None,0.0,ETH-22NOV19-150-C,170.93,0.0,0.0,0.0,0.0,0.0,0.0,0.00113,-0.05836,0.00358,0.00155,0.99539
170.98,SYN.ETH-22NOV19,1574333942248,open,0.03,181.0,0.001,0.046,0.018005,76.79,0.043,0.0,ETH-22NOV19-170-C,170.93,0.0,0.005,94.0,0.042,1.0,200.56,0.03292,-1.264,0.00226,0.06113,0.56821
170.98,SYN.ETH-22NOV19,1574333942248,open,0.0,51.0,0.001,0.011,0.0,109.98,0.001,0.0,ETH-22NOV19-230-C,170.93,0.0,0.0,0.0,0.001,1.0,285.94,0.0,0.0,0.0,0.0,0.0
170.98,SYN.ETH-22NOV19,1574333942248,open,0.0,378.0,0.001,0.018,0.002047,101.72,0.002,0.0,ETH-22NOV19-160-P,170.93,0.0,0.0,0.0,0.004,364.0,123.16,0.0133,-0.35007,-0.00037,0.01864,-0.08736
170.98,SYN.ETH-22NOV19,1574333942248,open,0.0,336.0,0.001,0.011,1e-06,109.97,0.001,0.0,ETH-22NOV19-210-C,170.93,210.97,0.001,27.0,0.002,650.0,237.58,3e-05,-0.00016,0.0,3e-05,8e-05
170.98,SYN.ETH-22NOV19,1574333942248,open,0.0,1215.0,0.001,0.011,3e-05,109.96,0.001,0.0,ETH-22NOV19-200-C,170.93,168.85,0.001,14.0,0.002,651.0,191.74,0.00052,-0.0052,1e-05,0.00068,0.00197
170.98,SYN.ETH-22NOV19,1574333942248,open,0.0,676.0,0.001,0.018,0.002179,84.44,0.001,0.0,ETH-22NOV19-180-C,170.93,69.49,0.001,34.0,0.004,300.0,101.66,0.01583,-0.3725,0.00045,0.02673,0.11082
170.98,SYN.ETH-22NOV19,1574333942248,open,0.0,887.0,0.001,0.011,0.000528,109.59,0.001,0.0,ETH-22NOV19-190-C,170.93,122.43,0.001,117.0,0.002,856.0,140.94,0.00511,-0.0902,0.00011,0.00665,0.02631
170.98,SYN.ETH-22NOV19,1574333942248,open,0.0,189.0,0.001,0.011,0.000126,110.04,0.001,0.0,ETH-22NOV19-150-P,170.93,0.0,0.0,0.0,0.001,3.0,149.26,0.00164,-0.02151,-3e-05,0.00212,-0.00703
170.98,SYN.ETH-22NOV19,1574333942248,open,0.0,23.0,0.001,0.011,0.0,109.98,0.001,0.0,ETH-22NOV19-220-C,170.93,0.0,0.0,0.0,0.001,1.0,249.8,0.0,0.0,0.0,0.0,0.0
170.98,SYN.ETH-22NOV19,1574333942250,open,0.26,0.0,0.25,0.327,0.286766,183.25,None,0.0,ETH-22NOV19-220-P,170.93,0.0,0.01,50.0,0.0,0.0,0.0,0.00073,-0.06723,-0.00527,0.00057,-0.99714
170.98,SYN.ETH-22NOV19,1574333942250,open,0.0,86.0,0.001,0.011,0.0,109.98,0.001,0.0,ETH-22NOV19-240-C,170.93,0.0,0.0,0.0,0.001,2.0,319.81,0.0,0.0,0.0,0.0,0.0
170.98,SYN.ETH-22NOV19,1574333942250,open,0.32,0.0,0.306,0.387,0.345255,212.72,None,0.0,ETH-22NOV19-230-P,170.93,0.0,0.001,55.0,0.0,0.0,0.0,0.00067,-0.07174,-0.00551,0.00045,-0.9974
170.98,SYN.ETH-22NOV19,1574333942250,open,0.38,0.0,0.363,0.447,0.403745,240.72,None,0.0,ETH-22NOV19-240-P,170.93,0.0,0.01,50.0,0.0,0.0,0.0,0.00063,-0.07609,-0.00575,0.00037,-0.99758
170.98,SYN.ETH-22NOV19,1574333942250,open,0.15,131.0,0.136,0.207,0.169818,123.56,0.123,0.0,ETH-22NOV19-200-P,170.93,0.0,0.01,35.0,0.2,1.0,431.27,0.00126,-0.07794,-0.00478,0.00146,-0.99476
7989.59,BTC-27DEC19,1574333942305,open,3.91,0.0,3.9085,4.1085,4.00670906,160.01,2.58,0.0,BTC-27DEC19-40000-P,7907.62,0.0,0.001,1.0,0.0,0.0,0.0,0.12508,-0.27894,-39.30527,0.0,-0.99846
7925.59,SYN.BTC-29NOV19,1574333942317,open,0.24,33.5,0.2375,0.294,0.26322605,83.06,0.268,0.0,BTC-29NOV19-10000-P,7907.62,0.0,0.241,4.0,0.2845,4.0,161.02,0.84736,-4.46803,-2.10462,8e-05,-0.96745
7989.59,BTC-27DEC19,1574333942328,open,0.0,1544.5,0.0005,0.0105,0.0,105.0,0.001,0.0,BTC-27DEC19-52000-C,7907.62,0.0,0.0,0.0,0.0005,35.0,196.53,0.0,0.0,0.0,0.0,0.0
8153.2,BTC-27MAR20,1574333942328,open,0.01,216.6,0.0035,0.0385,0.0131271,94.29,0.0115,0.0,BTC-27MAR20-22000-C,7907.62,92.76,0.012,18.0,0.015,40.2,96.68,6.15542,-2.28732,1.49372,3e-05,0.06583
7989.59,BTC-27DEC19,1574333942328,open,0.01,703.9,0.0005,0.0185,0.00522923,87.33,0.0045,0.0,BTC-27DEC19-13000-C,7907.62,83.25,0.004,68.2,0.0065,54.9,90.99,2.59879,-3.1629,0.35452,5e-05,0.05037
8153.2,BTC-27MAR20,1574333942328,open,0.01,1261.0,0.0005,0.0225,0.00894202,79.34,0.0075,0.0,BTC-27MAR20-4000-P,7907.62,76.34,0.0075,34.0,0.0105,38.0,82.31,4.10173,-1.28242,-1.37341,2e-05,-0.03952
7989.59,BTC-27DEC19,1574333942328,open,0.97,19.0,0.964,1.054,1.00544639,104.67,1.2,0.0,BTC-27DEC19-16000-P,7907.62,0.0,0.0,0.0,0.0,0.0,0.0,1.48628,-2.16811,-15.54874,2e-05,-0.97454
8153.2,BTC-27MAR20,1574333942328,open,0.42,1.1,0.386,0.4345,0.40732007,72.34,0.4535,0.0,BTC-27MAR20-5000-C,7907.62,49.17,0.391,12.0,0.4295,13.0,92.98,7.6085,-2.16901,14.33267,5e-05,0.91304
7925.59,SYN.BTC-29NOV19,1574333942330,open,0.12,285.9,0.115,0.169,0.1396484,64.05,0.1595,0.0,BTC-29NOV19-9000-P,7907.62,0.0,0.1295,12.0,0.14,0.2,65.43,1.98433,-8.06899,-1.78461,0.00023,-0.90391
7925.59,SYN.BTC-29NOV19,1574333942330,open,0.02,1137.4,0.021,0.0715,0.03599606,52.8,0.0335,0.0,BTC-29NOV19-8000-P,7907.62,48.52,0.0335,1.0,0.037,27.6,54.51,4.62903,-15.51578,-0.97231,0.00065,-0.53256
7925.59,SYN.BTC-29NOV19,1574333942330,open,0.0,229.9,0.0005,0.0105,0.00045727,104.29,0.001,0.0,BTC-29NOV19-11500-C,7907.62,0.0,0.0,0.0,0.001,20.1,115.3,0.29123,-1.92814,0.01512,2e-05,0.0093
7989.59,BTC-27DEC19,1574333942362,open,1.7,4.9,1.7,1.8115,1.75384666,109.79,1.0385,0.0,BTC-27DEC19-22000-P,7907.62,0.0,0.0,0.0,0.0,0.0,0.0,0.21524,-0.32936,-21.6038,0.0,-0.9972
8153.2,BTC-27MAR20,1574333942415,open,0.13,138.9,0.0895,0.1735,0.12656878,70.72,0.126,0.0,BTC-27MAR20-9000-C,7907.62,70.05,0.125,1.1,0.1295,13.1,71.97,19.16922,-5.34243,10.26101,0.00012,0.48863
8295.49,SYN.BTC-26JUN20,1574333942448,open,0.35,114.2,0.3165,0.445,0.37360734,77.24,0.355,0.0,BTC-26JUN20-10000-P,7907.62,72.5,0.359,8.0,0.395,4.0,84.19,25.56601,-4.53203,-43.54971,8e-05,-0.50588
7925.61,SYN.BTC-29NOV19,1574333942458,open,0.61,0.0,0.6085,0.6745,0.64030079,107.82,None,0.0,BTC-29NOV19-13000-P,7907.62,0.0,0.0,0.0,0.0,0.0,0.0,0.04498,-0.30789,-2.80314,0.0,-0.99884
8295.28,SYN.BTC-26JUN20,1574333942491,open,0.19,164.0,0.1615,0.2705,0.2094018,75.99,0.2055,0.0,BTC-26JUN20-8000-P,7907.62,72.05,0.198,2.0,0.2065,6.0,74.98,24.00435,-4.18594,-28.25365,8e-05,-0.36119
8295.28,SYN.BTC-26JUN20,1574333942494,open,0.19,164.0,0.1615,0.2705,0.2094018,75.99,0.2055,0.0,BTC-26JUN20-8000-P,7907.62,72.05,0.198,2.0,0.2065,20.6,74.98,24.00435,-4.18594,-28.25365,8e-05,-0.36119
8295.49,SYN.BTC-26JUN20,1574333942595,open,0.09,201.8,0.0495,0.1415,0.08641232,80.04,0.09,0.0,BTC-26JUN20-14000-C,7907.62,79.13,0.084,7.0,0.09,18.7,81.37,22.13371,-4.06537,10.35737,7e-05,0.29558
8295.49,SYN.BTC-26JUN20,1574333942601,open,0.53,10.6,0.502,0.6395,0.56331216,77.96,0.55,0.0,BTC-26JUN20-12000-P,7907.62,72.52,0.5475,2.0,0.567,3.0,79.21,24.35573,-4.35748,-58.71332,8e-05,-0.6224
8153.29,BTC-27MAR20,1574333942678,open,3.8,1.0,3.8105,4.0165,3.90828366,105.86,2.7125,0.0,BTC-27MAR20-40000-P,7907.62,0.0,0.0005,2.0,0.0,0.0,0.0,1.57385,-0.65659,-138.74762,1e-05,-0.98733
173.05,ETH-27DEC19,1574333942696,open,3.32,1.0,3.264,3.527,3.392303,161.27,3.236,0.0,ETH-27DEC19-760-P,170.94,0.0,0.02,50.0,0.0,0.0,0.0,0.00606,-0.01363,-0.74645,0.00013,-0.99625
170.98,SYN.ETH-22NOV19,1574333942694,open,0.2,0.0,0.156,0.205,0.18115,0.0,None,0.0,ETH-22NOV19-140-C,170.94,0.0,0.0,0.0,0.0,0.0,0.0,0.0,0.0,0.00336,0.0,1.0
170.98,SYN.ETH-22NOV19,1574333942695,open,0.0,3.0,0.001,0.011,1e-06,110.03,0.001,0.0,ETH-22NOV19-140-P,170.94,0.0,0.0,0.0,0.001,1.0,213.02,3e-05,-0.00021,0.0,4e-05,-9e-05
7989.59,BTC-27DEC19,1574333942704,open,0.14,935.6,0.13,0.198,0.16111605,62.59,0.156,0.0,BTC-27DEC19-9000-P,7907.62,58.34,0.1565,2.0,0.166,9.0,66.98,8.77988,-7.65915,-6.71933,0.00022,-0.69453
177.49,SYN.ETH-26JUN20,1574333942710,open,0.67,0.0,0.611,0.781,0.693899,85.29,None,0.0,ETH-26JUN20-280-P,170.94,33.89,0.583,1.0,0.705,10.0,89.11,0.51229,-0.10027,-1.41473,0.00319,-0.64146
173.05,ETH-27DEC19,1574333942715,open,0.38,2287.0,0.354,0.454,0.401848,82.66,0.302,0.0,ETH-27DEC19-240-P,170.94,0.0,0.386,50.0,0.455,1.0,140.63,0.11398,-0.1313,-0.21655,0.00468,-0.8713
8295.49,SYN.BTC-26JUN20,1574333942721,open,2.09,0.0,2.0845,2.2615,2.162794,92.78,None,0.0,BTC-26JUN20-26000-P,7907.62,0.0,0.0,0.0,0.0,0.0,0.0,11.92355,-2.53884,-151.24676,3e-05,-0.89162
173.04,ETH-27DEC19,1574333942721,open,0.49,946.0,0.464,0.57,0.514054,90.12,0.3,0.0,ETH-27DEC19-260-P,170.94,0.0,0.502,50.0,0.805,1.0,350.59,0.09299,-0.1168,-0.24104,0.00351,-0.90316
177.49,SYN.ETH-26JUN20,1574333942742,open,0.04,108.0,0.013,0.079,0.038847,99.77,0.046,0.0,ETH-26JUN20-560-C,170.94,96.13,0.033,140.0,0.047,300.0,104.42,0.29698,-0.06799,0.10135,0.00158,0.13451
171.39,SYN.ETH-29NOV19,1574333942742,open,0.21,0.0,0.191,0.274,0.23013,94.47,None,0.0,ETH-29NOV19-210-P,170.94,0.0,0.225,30.0,0.443,1.0,500.0,0.03799,-0.22784,-0.04248,0.00634,-0.91841
173.05,ETH-27DEC19,1574333942761,open,0.38,2287.0,0.354,0.454,0.401848,82.66,0.302,0.0,ETH-27DEC19-240-P,170.94,0.0,0.386,55.0,0.455,1.0,140.63,0.11398,-0.1313,-0.21655,0.00468,-0.8713
7925.61,SYN.BTC-29NOV19,1574333942903,open,0.09,11.8,0.085,0.1385,0.11010708,60.07,0.11,0.0,BTC-29NOV19-8750-P,7907.62,0.0,0.1035,14.2,0.1195,7.0,83.94,2.59945,-9.91273,-1.65789,0.00032,-0.85935
7925.61,SYN.BTC-29NOV19,1574333942903,open,0.0,65.0,0.0005,0.0155,0.00347082,76.02,0.0035,0.0,BTC-29NOV19-6750-P,7907.62,67.29,0.002,53.9,0.004,30.0,78.68,1.52221,-7.34646,-0.12159,0.00015,-0.06763
7909.61,SYN.BTC-22NOV19,1574333233222,open,0.0,181.3,0.0005,0.0105,0.0,105.0,0.001,0.0,BTC-22NOV19-11000-C,7907.62,0.0,0.0,0.0,0.001,37.0,312.49,0.0,0.0,0.0,0.0,0.0
7909.61,SYN.BTC-22NOV19,1574333233197,open,0.0,190.5,0.0005,0.0105,0.0,105.0,0.0005,0.0,BTC-22NOV19-10500-C,7907.62,0.0,0.0,0.0,0.001,33.0,275.27,0.0,0.0,0.0,0.0,0.0
7909.61,SYN.BTC-22NOV19,1574333233186,open,0.0,346.9,0.0005,0.0105,0.0,105.0,0.001,0.0,BTC-22NOV19-10250-C,7907.62,0.0,0.0,0.0,0.001,37.0,255.65,1e-05,-2e-05,0.0,0.0,0.0
7909.61,SYN.BTC-22NOV19,1574333233170,open,0.0,311.5,0.0005,0.0105,3e-08,105.0,0.0005,0.0,BTC-22NOV19-10000-C,7907.62,0.0,0.0,0.0,0.001,33.0,235.27,5e-05,-0.00024,0.0,0.0,0.0
7909.61,SYN.BTC-22NOV19,1574333405625,open,0.0,209.4,0.0005,0.0165,0.00204007,86.23,0.002,0.0,BTC-22NOV19-7500-P,7907.62,79.51,0.0015,0.5,0.0025,20.1,91.32,0.68111,-16.14382,-0.01941,0.00053,-0.10024
7909.61,SYN.BTC-22NOV19,1574332356770,open,0.0,532.7,0.0005,0.0105,1.819e-05,104.99,0.0005,0.0,BTC-22NOV19-9250-C,7907.62,0.0,0.0,0.0,0.001,46.9,168.66,0.01625,-0.14375,0.00024,1e-05,0.00127
7909.61,SYN.BTC-22NOV19,1574333233204,open,0.0,98.2,0.0005,0.0105,0.0,105.0,0.001,0.0,BTC-22NOV19-10750-C,7907.62,0.0,0.0,0.0,0.001,37.0,294.2,0.0,0.0,0.0,0.0,0.0
7909.61,SYN.BTC-22NOV19,1574333233223,open,0.0,176.8,0.0005,0.0105,0.0,105.0,0.0005,0.0,BTC-22NOV19-11250-C,7907.62,0.0,0.0,0.0,0.001,35.0,330.19,0.0,0.0,0.0,0.0,0.0
7909.61,SYN.BTC-22NOV19,1574333823185,open,0.0,145.7,0.0005,0.0125,0.00089932,104.64,0.001,0.0,BTC-22NOV19-7250-P,7907.62,94.05,0.0005,16.5,0.0015,21.5,116.36,0.3494,-7.11626,-0.0082,0.00022,-0.04231
7909.61,SYN.BTC-22NOV19,1574328543912,open,0.0,401.5,0.0005,0.0105,2.57e-06,105.0,0.001,0.0,BTC-22NOV19-9500-C,7907.62,0.0,0.0,0.0,0.001,33.0,191.89,0.00297,-0.02029,4e-05,0.0,0.0002
7909.61,SYN.BTC-22NOV19,1574333792019,open,0.0,309.1,0.0005,0.023,0.00489343,64.5,0.0045,0.0,BTC-22NOV19-7750-P,7907.62,58.67,0.004,0.5,0.005,20.4,65.16,1.24219,-38.72645,-0.04918,0.00128,-0.25427
8295.31,SYN.BTC-26JUN20,1574333922507,open,0.12,206.5,0.0745,0.1745,0.11670672,77.95,0.1175,0.0,BTC-26JUN20-12000-C,7907.62,77.2,0.1145,2.0,0.1195,18.0,78.9,24.3539,-4.35652,12.9155,8e-05,0.37754
8295.49,SYN.BTC-26JUN20,1574333771493,open,0.05,241.1,0.0255,0.1035,0.05419422,84.82,0.0555,0.0,BTC-26JUN20-18000-C,7907.62,84.26,0.053,1.0,0.056,19.7,85.66,17.74936,-3.45498,7.04335,5e-05,0.19643
8295.4,SYN.BTC-26JUN20,1574333693723,open,0.03,11.6,0.012,0.073,0.0319962,90.56,0.0345,0.0,BTC-26JUN20-24000-C,7907.62,89.26,0.03,33.0,0.035,33.0,92.45,12.91842,-2.68479,4.42218,3e-05,0.1213
8295.31,SYN.BTC-26JUN20,1574333906672,open,0.03,49.0,0.01,0.068,0.02848042,92.73,0.029,0.0,BTC-26JUN20-26000-C,7907.62,91.32,0.0265,33.0,0.031,33.0,94.45,11.90565,-2.53352,3.94528,3e-05,0.10816
8295.4,SYN.BTC-26JUN20,1574333691759,open,0.03,8.8,0.009,0.065,0.0263133,95.23,0.027,0.0,BTC-26JUN20-28000-C,7907.62,94.25,0.025,0.5,0.0285,33.0,96.82,11.1907,-2.44566,3.61443,3e-05,0.09931
8295.49,SYN.BTC-26JUN20,1574333825871,open,0.07,121.6,0.0335,0.117,0.06558298,81.76,0.066,0.0,BTC-26JUN20-16000-C,7907.62,80.67,0.063,35.3,0.068,1.0,82.78,19.67407,-3.69163,8.36633,6e-05,0.23454
8295.31,SYN.BTC-26JUN20,1574333690254,open,0.01,91.4,0.0005,0.018,0.00710306,79.16,0.006,0.0,BTC-26JUN20-3000-P,7907.62,76.56,0.006,42.0,0.008,20.0,81.11,3.68091,-0.66866,-1.56414,1e-05,-0.02449
8295.4,SYN.BTC-26JUN20,1574333758394,open,0.05,244.2,0.0195,0.091,0.04460762,86.9,0.0445,0.0,BTC-26JUN20-20000-C,7907.62,86.05,0.043,0.5,0.047,20.0,88.13,15.89347,-3.16939,5.94893,4e-05,0.16474
8295.49,SYN.BTC-26JUN20,1574333924316,open,0.09,201.8,0.0495,0.1415,0.08641232,80.04,0.09,0.0,BTC-26JUN20-14000-C,7907.62,79.13,0.084,7.0,0.09,18.7,81.37,22.13371,-4.06537,10.35737,7e-05,0.29558
8295.28,SYN.BTC-26JUN20,1574333691672,open,0.04,25.8,0.0145,0.08,0.03679103,88.41,0.041,0.0,BTC-26JUN20-22000-C,7907.62,87.05,0.0345,33.0,0.0395,20.0,89.97,14.17191,-2.87541,5.04423,4e-05,0.13866
8295.31,SYN.BTC-26JUN20,1574333691705,open,0.02,13.7,0.0065,0.0565,0.02094917,97.98,0.0225,0.0,BTC-26JUN20-32000-C,7907.62,96.69,0.0195,21.0,0.023,14.9,99.71,9.5286,-2.14242,2.92433,2e-05,0.08001
8295.28,SYN.BTC-26JUN20,1574333932500,open,0.2,60.8,0.154,0.2585,0.20046988,75.99,0.209,0.0,BTC-26JUN20-9000-C,7907.62,73.7,0.1935,18.5,0.202,16.5,76.49,25.26422,-4.40553,17.87444,8e-05,0.56145
7989.59,BTC-27DEC19,1574333694274,open,0.0,964.9,0.0005,0.0175,0.00451826,95.02,0.005,0.0,BTC-27DEC19-14000-C,7907.62,93.09,0.004,40.0,0.0055,54.0,98.35,2.22253,-2.94336,0.29016,4e-05,0.04147
8295.31,SYN.BTC-26JUN20,1574333765372,open,0.02,78.9,0.007,0.059,0.02256062,95.98,0.0205,0.0,BTC-26JUN20-30000-C,7907.62,95.1,0.0215,20.0,0.0245,14.5,97.54,10.10372,-2.22558,3.16569,3e-05,0.08649
7989.59,BTC-27DEC19,1574333834065,open,0.01,703.9,0.0005,0.0185,0.00523099,87.33,0.0045,0.0,BTC-27DEC19-13000-C,7907.62,83.25,0.004,68.2,0.0065,54.9,90.99,2.59879,-3.1629,0.35452,5e-05,0.05037
8295.31,SYN.BTC-26JUN20,1574333693057,open,0.04,205.6,0.0265,0.0805,0.04776484,75.99,0.0425,0.0,BTC-26JUN20-5000-P,7907.62,71.95,0.0415,27.6,0.047,30.6,75.5,13.1096,-2.28608,-8.49876,4e-05,-0.12387
8295.4,SYN.BTC-26JUN20,1574333690208,open,0.02,232.4,0.009,0.041,0.02034513,75.99,0.017,0.0,BTC-26JUN20-4000-P,7907.62,73.45,0.018,28.0,0.02,0.1,75.62,7.85995,-1.37065,-4.09115,3e-05,-0.06227
8295.31,SYN.BTC-26JUN20,1574333933854,open,0.26,109.5,0.2325,0.352,0.28542202,75.99,0.2775,0.0,BTC-26JUN20-9000-P,7907.62,72.24,0.274,2.0,0.2855,16.5,76.01,25.26422,-4.40571,-35.84834,8e-05,-0.43854
7989.39,BTC-27DEC19,1574333690223,open,0.0,964.7,0.0005,0.0125,0.00281576,96.62,0.0035,0.0,BTC-27DEC19-15000-C,7907.62,91.97,0.002,62.0,0.0035,0.4,99.9,1.55773,-2.09774,0.18934,3e-05,0.02693
7989.49,BTC-27DEC19,1574333233485,open,0.0,496.8,0.0005,0.0105,0.00015676,105.0,0.001,0.0,BTC-27DEC19-22000-C,7907.62,116.56,0.0005,2.1,0.0015,31.4,131.11,0.14377,-0.21038,0.01285,0.0,0.00179
7989.59,BTC-27DEC19,1574333233092,open,0.0,657.0,0.0005,0.0105,9.95e-06,105.0,0.0005,0.0,BTC-27DEC19-28000-C,7907.62,0.0,0.0,0.0,0.001,30.0,149.75,0.01302,-0.01905,0.00097,0.0,0.00013
7989.59,BTC-27DEC19,1574333233099,open,0.0,680.5,0.0005,0.0105,2.443e-05,105.0,0.0005,0.0,BTC-27DEC19-26000-C,7907.62,0.0,0.0,0.0,0.001,30.0,142.31,0.02883,-0.04219,0.00227,0.0,0.00031
7989.59,BTC-27DEC19,1574333834187,open,0.02,1055.5,0.006,0.038,0.01715807,67.08,0.016,0.0,BTC-27DEC19-10000-C,7907.62,65.59,0.016,27.0,0.0185,29.1,68.76,6.2908,-5.88141,1.18463,0.00015,0.16801
7989.39,BTC-27DEC19,1574333619539,open,0.0,979.0,0.0005,0.0105,0.00040858,105.0,0.0015,0.0,BTC-27DEC19-20000-C,7907.62,115.26,0.001,7.5,0.0015,34.1,120.81,0.32039,-0.46884,0.03101,0.0,0.00436
7989.59,BTC-27DEC19,1574333834124,open,0.0,712.2,0.0005,0.013,0.0033093,101.32,0.0025,0.0,BTC-27DEC19-4500-P,7907.62,92.99,0.002,48.0,0.0045,51.1,107.32,1.44646,-2.04248,-0.21952,2e-05,-0.02464
7989.39,BTC-27DEC19,1574333834066,open,0.0,812.1,0.0005,0.011,0.00148389,105.0,0.001,0.0,BTC-27DEC19-4000-P,7907.62,99.29,0.001,55.0,0.003,49.0,117.43,0.76657,-1.12182,-0.1037,1e-05,-0.01172
7989.39,BTC-27DEC19,1574333690345,open,0.0,418.1,0.0005,0.013,0.00276313,104.25,0.002,0.0,BTC-27DEC19-16000-C,7907.62,99.62,0.002,2.0,0.004,54.0,110.23,1.45955,-2.12057,0.17393,2e-05,0.02491
7989.49,BTC-27DEC19,1574333576580,open,0.0,728.8,0.0005,0.0105,6.128e-05,105.0,0.0005,0.0,BTC-27DEC19-24000-C,7907.62,0.0,0.0,0.0,0.001,46.0,134.19,0.06429,-0.09408,0.00536,0.0,0.00074
7989.39,BTC-27DEC19,1574333233280,open,0.0,483.6,0.0005,0.0105,0.00042218,105.0,0.0005,0.0,BTC-27DEC19-3500-P,7907.62,107.08,0.0005,26.1,0.002,49.0,128.96,0.28158,-0.41208,-0.03294,0.0,-0.00377
7989.49,BTC-27DEC19,1574333834113,open,0.01,432.6,0.0005,0.02,0.00705616,82.38,0.007,0.0,BTC-27DEC19-5500-P,7907.62,79.34,0.006,52.0,0.008,33.4,84.9,2.89197,-3.32054,-0.50821,6e-05,-0.05766
7989.39,BTC-27DEC19,1574333834163,open,0.01,1519.9,0.0005,0.025,0.00994984,72.98,0.0095,0.0,BTC-27DEC19-6000-P,7907.62,71.0,0.009,81.0,0.0105,1.0,74.08,3.931,-3.9982,-0.75327,9e-05,-0.08597
7989.28,BTC-27DEC19,1574333890622,open,0.01,969.8,0.0005,0.021,0.00667582,79.83,0.0065,0.0,BTC-27DEC19-12000-C,7907.62,78.12,0.006,54.0,0.007,0.6,80.62,3.24309,-3.60842,0.47199,6e-05,0.06678
7989.49,BTC-27DEC19,1574333927931,open,0.07,976.8,0.0505,0.1095,0.07651414,60.72,0.076,0.0,BTC-27DEC19-8000-P,7907.62,59.08,0.0745,19.0,0.079,15.9,62.7,9.95385,-8.42293,-4.25125,0.00026,-0.46483
7989.49,BTC-27DEC19,1574333929287,open,0.02,501.5,0.013,0.053,0.02867146,64.01,0.029,0.0,BTC-27DEC19-7000-P,7907.62,62.75,0.0275,2.0,0.03,48.0,65.41,7.49087,-6.68288,-1.98328,0.00019,-0.22388
8153.11,BTC-27MAR20,1574333769585,open,0.02,459.9,0.0045,0.043,0.01586779,90.86,0.015,0.0,BTC-27MAR20-20000-C,7907.62,89.25,0.0145,17.1,0.0175,37.0,92.68,7.12393,-2.55077,1.80821,3e-05,0.07967
7989.39,BTC-27DEC19,1574333834131,open,0.0,1549.6,0.0005,0.016,0.00504651,92.33,0.0045,0.0,BTC-27DEC19-5000-P,7907.62,88.11,0.004,53.0,0.006,33.3,95.77,2.10908,-2.71396,-0.34494,4e-05,-0.03888
7989.39,BTC-27DEC19,1574333233509,open,0.0,690.8,0.0005,0.0105,3.3e-07,105.0,0.0005,0.0,BTC-27DEC19-36000-C,7907.62,0.0,0.0,0.0,0.001,55.0,174.4,0.0006,-0.00088,4e-05,0.0,1e-05
8153.2,BTC-27MAR20,1574333710901,open,0.03,1502.4,0.0095,0.0575,0.02527768,82.54,0.0285,0.0,BTC-27MAR20-16000-C,7907.62,80.64,0.023,38.8,0.0275,20.0,84.32,9.98885,-3.24899,2.87441,5e-05,0.1267
8153.11,BTC-27MAR20,1574333692626,open,0.01,92.5,0.0005,0.0315,0.00948312,100.08,0.009,0.0,BTC-27MAR20-26000-C,7907.62,97.4,0.008,38.0,0.0115,38.0,103.34,4.75223,-1.87429,1.07523,2e-05,0.04742
8153.2,BTC-27MAR20,1574333724828,open,0.01,216.6,0.0035,0.0385,0.01312856,94.29,0.0115,0.0,BTC-27MAR20-22000-C,7907.62,92.76,0.012,18.0,0.015,40.2,96.68,6.15542,-2.28732,1.49372,3e-05,0.06583
7989.59,BTC-27DEC19,1574333233514,open,0.0,349.0,0.0005,0.0105,0.0,105.0,0.0005,0.0,BTC-27DEC19-48000-C,7907.62,0.0,0.0,0.0,0.001,49.0,201.65,1e-05,-1e-05,0.0,0.0,0.0
8153.11,BTC-27MAR20,1574333692838,open,0.01,57.8,0.0005,0.0225,0.00561976,104.99,0.008,0.0,BTC-27MAR20-32000-C,7907.62,104.68,0.0055,20.0,0.0075,19.0,109.39,3.15689,-1.30612,0.65545,1e-05,0.02875
8153.11,BTC-27MAR20,1574333710851,open,0.02,267.7,0.0065,0.0495,0.01995597,87.24,0.021,0.0,BTC-27MAR20-18000-C,7907.62,86.3,0.019,0.5,0.0215,25.0,88.7,8.42408,-2.89608,2.26305,4e-05,0.09981
8153.2,BTC-27MAR20,1574333691064,open,0.02,200.0,0.009,0.042,0.02058914,72.36,0.0205,0.0,BTC-27MAR20-5000-P,7907.62,70.62,0.019,45.0,0.0215,0.2,73.32,7.61076,-2.17016,-3.04899,5e-05,-0.08699
8153.02,BTC-27MAR20,1574333693009,open,0.01,56.7,0.0005,0.0285,0.00809488,102.3,0.0075,0.0,BTC-27MAR20-28000-C,7907.62,100.07,0.007,38.0,0.0095,18.5,104.9,4.19047,-1.6894,0.92048,2e-05,0.04057
8153.11,BTC-27MAR20,1574333692902,open,0.01,124.2,0.0005,0.0265,0.00719579,104.77,0.0085,0.0,BTC-27MAR20-30000-C,7907.62,102.05,0.006,38.0,0.009,38.0,108.38,3.79346,-1.56627,0.81384,2e-05,0.03591
8153.2,BTC-27MAR20,1574333691096,open,0.01,1261.0,0.0005,0.0225,0.00894079,79.34,0.0075,0.0,BTC-27MAR20-4000-P,7907.62,76.34,0.0075,34.0,0.0105,38.0,82.31,4.10173,-1.28242,-1.37341,2e-05,-0.03952
8153.11,BTC-27MAR20,1574333701999,open,0.01,155.5,0.0015,0.0345,0.01112335,97.42,0.01,0.0,BTC-27MAR20-24000-C,7907.62,94.85,0.0095,45.0,0.013,38.0,100.13,5.39625,-2.07178,1.2616,2e-05,0.05564
8153.2,BTC-27MAR20,1574333692982,open,0.0,88.6,0.0005,0.019,0.00436564,105.0,0.0065,0.0,BTC-27MAR20-34000-C,7907.62,105.42,0.0045,39.0,0.007,39.0,111.97,2.61006,-1.08,0.5254,1e-05,0.0229
7925.55,SYN.BTC-29NOV19,1574333689253,open,0.0,351.4,0.0005,0.0115,0.00152955,97.41,0.002,0.0,BTC-29NOV19-10500-C,7907.62,91.25,0.001,19.0,0.0025,37.3,105.92,0.77235,-4.77659,0.04715,6e-05,0.0291
7925.59,SYN.BTC-29NOV19,1574333690191,open,0.0,554.8,0.0005,0.0115,0.00150477,100.89,0.0015,0.0,BTC-29NOV19-6000-P,7907.62,94.36,0.001,12.1,0.002,21.3,106.09,0.69079,-4.42461,-0.04611,5e-05,-0.02546
7925.57,SYN.BTC-29NOV19,1574333233082,open,0.0,150.7,0.0005,0.0105,8.674e-05,105.0,0.001,0.0,BTC-29NOV19-12500-C,7907.62,0.0,0.0,0.0,0.001,20.0,136.59,0.07404,-0.49354,0.00328,1e-05,0.00201
7925.59,SYN.BTC-29NOV19,1574333689253,open,0.0,538.1,0.0005,0.0105,0.00093086,102.62,0.001,0.0,BTC-29NOV19-11000-C,7907.62,94.54,0.0005,28.4,0.0015,28.3,110.09,0.5129,-3.34154,0.02902,4e-05,0.0179
8153.2,BTC-27MAR20,1574333930645,open,0.13,138.9,0.0895,0.1735,0.12656892,70.72,0.126,0.0,BTC-27MAR20-9000-C,7907.62,70.05,0.125,1.1,0.1295,13.1,71.97,19.16922,-5.34243,10.26101,0.00012,0.48863
8153.11,BTC-27MAR20,1574333696712,open,0.0,116.4,0.0005,0.016,0.00341228,105.0,0.0045,0.0,BTC-27MAR20-36000-C,7907.62,107.1,0.004,39.0,0.0065,39.0,114.2,2.16128,-0.8943,0.42283,1e-05,0.01833
7925.57,SYN.BTC-29NOV19,1574333689253,open,0.0,398.8,0.0005,0.0105,0.00020772,105.0,0.001,0.0,BTC-29NOV19-12000-C,7907.62,0.0,0.0,0.0,0.001,27.9,126.24,0.1531,-1.02052,0.00733,1e-05,0.0045
7925.55,SYN.BTC-29NOV19,1574333689253,open,0.0,432.4,0.0005,0.0105,4.894e-05,105.0,0.001,0.0,BTC-29NOV19-5000-P,7907.62,0.0,0.0,0.0,0.001,22.0,146.86,0.04253,-0.28352,-0.00195,0.0,-0.00109
7925.61,SYN.BTC-29NOV19,1574333806204,open,0.0,1281.3,0.0005,0.0195,0.00523401,69.63,0.005,0.0,BTC-29NOV19-7000-P,7907.62,64.68,0.004,34.2,0.006,20.0,72.46,2.08597,-9.22172,-0.1849,0.00022,-0.10289
7925.61,SYN.BTC-29NOV19,1574333769197,open,0.0,65.0,0.0005,0.0155,0.00347082,76.02,0.0035,0.0,BTC-29NOV19-6750-P,7907.62,67.29,0.002,53.9,0.004,30.0,78.68,1.52221,-7.34646,-0.12159,0.00015,-0.06763
7925.59,SYN.BTC-29NOV19,1574333689253,open,0.0,229.9,0.0005,0.0105,0.00045743,104.29,0.001,0.0,BTC-29NOV19-11500-C,7907.62,0.0,0.0,0.0,0.001,20.1,115.3,0.29123,-1.92814,0.01512,2e-05,0.0093
7925.61,SYN.BTC-29NOV19,1574333806251,open,0.01,777.6,0.0085,0.049,0.02102259,53.24,0.0185,0.0,BTC-29NOV19-7750-P,7907.62,50.49,0.0195,12.0,0.0235,37.9,57.68,4.4047,-14.88738,-0.67272,0.00061,-0.37235
7925.59,SYN.BTC-29NOV19,1574333690865,open,0.0,682.9,0.0005,0.015,0.00312497,87.74,0.003,0.0,BTC-29NOV19-6500-P,7907.62,83.65,0.0025,17.1,0.0035,24.4,89.98,1.2851,-7.15829,-0.09849,0.00011,-0.05446
7925.57,SYN.BTC-29NOV19,1574333806202,open,0.01,424.4,0.0025,0.038,0.01202486,56.06,0.012,0.0,BTC-29NOV19-7500-P,7907.62,50.36,0.0095,43.5,0.0135,29.4,59.26,3.60618,-12.83488,-0.4283,0.00047,-0.23842
7925.61,SYN.BTC-29NOV19,1574333649612,open,0.0,73.2,0.0005,0.011,0.00145669,89.83,0.0015,0.0,BTC-29NOV19-10250-C,7907.62,84.69,0.001,20.0,0.0025,20.0,98.64,0.78884,-4.49881,0.04855,6e-05,0.02985
8153.2,BTC-27MAR20,1574333692939,open,0.0,608.9,0.0005,0.012,0.0021264,105.0,0.004,0.0,BTC-27MAR20-40000-C,7907.62,109.2,0.003,45.0,0.005,1.0,116.29,1.49277,-0.61769,0.27758,1e-05,0.01192
7925.55,SYN.BTC-29NOV19,1574333806193,open,0.01,925.1,0.0005,0.0335,0.01017903,57.93,0.01,0.0,BTC-29NOV19-8500-C,7907.62,57.52,0.01,28.0,0.0115,24.8,60.94,3.4268,-12.60241,0.35498,0.00044,0.21775
170.98,SYN.ETH-22NOV19,1574333569082,open,0.0,336.0,0.001,0.011,1e-06,110.0,0.001,0.0,ETH-22NOV19-210-C,170.94,210.97,0.001,27.0,0.002,650.0,237.58,3e-05,-0.00016,0.0,3e-05,8e-05
170.98,SYN.ETH-22NOV19,1574333569095,open,0.0,1215.0,0.001,0.011,3.1e-05,110.0,0.001,0.0,ETH-22NOV19-200-C,170.94,168.85,0.001,14.0,0.002,651.0,191.74,0.00052,-0.00522,1e-05,0.00068,0.00197
170.98,SYN.ETH-22NOV19,1574333524803,open,0.0,676.0,0.001,0.018,0.002185,84.51,0.001,0.0,ETH-22NOV19-180-C,170.94,69.49,0.001,34.0,0.004,300.0,101.65,0.01585,-0.3736,0.00045,0.02675,0.11102
170.98,SYN.ETH-22NOV19,1574328442752,open,0.0,378.0,0.001,0.018,0.002042,101.65,0.002,0.0,ETH-22NOV19-160-P,170.94,0.0,0.0,0.0,0.004,364.0,123.16,0.01329,-0.34918,-0.00037,0.01863,-0.08722
7925.61,SYN.BTC-29NOV19,1574333690765,open,0.01,171.5,0.0005,0.0235,0.00762961,62.21,0.005,0.0,BTC-29NOV19-7250-P,7907.62,57.34,0.006,30.8,0.009,20.0,66.04,2.75869,-10.89534,-0.27589,0.00033,-0.15369
177.49,SYN.ETH-26JUN20,1574330245423,open,0.01,185.0,0.001,0.023,0.0106,91.41,0.01,0.0,ETH-26JUN20-60-P,170.94,88.2,0.009,10.0,0.012,300.0,94.04,0.09192,-0.01928,-0.04245,0.00053,-0.02946
173.05,ETH-27DEC19,1574333924618,open,0.1,4721.0,0.072,0.15,0.109753,69.29,0.101,0.0,ETH-27DEC19-180-P,170.94,63.87,0.103,246.0,0.117,256.0,75.1,0.21587,-0.20847,-0.10864,0.01058,-0.52895
173.05,ETH-27DEC19,1574330527277,open,0.08,1269.0,0.039,0.102,0.069471,69.2,0.069,0.0,ETH-27DEC19-180-C,170.94,64.81,0.064,299.0,0.075,321.0,73.63,0.21586,-0.20817,0.06828,0.0106,0.47089
173.05,ETH-27DEC19,1574330245597,open,0.0,16677.0,0.001,0.011,1.1e-05,109.99,0.001,0.0,ETH-27DEC19-640-C,170.94,0.0,0.0,0.0,0.003,300.0,175.58,0.00031,-0.00047,2e-05,1e-05,0.00015
173.04,ETH-27DEC19,1574331691175,open,0.0,13024.0,0.001,0.011,0.000113,109.99,0.001,0.0,ETH-27DEC19-520-C,170.94,0.0,0.0,0.0,0.003,300.0,152.81,0.00228,-0.00349,0.0002,7e-05,0.00127
173.05,ETH-27DEC19,1574332185178,open,0.0,6668.0,0.001,0.011,0.000251,109.99,0.002,0.0,ETH-27DEC19-480-C,170.94,0.0,0.0,0.0,0.002,315.0,136.53,0.00446,-0.00684,0.00041,0.00014,0.00267
173.04,ETH-27DEC19,1574330245637,open,0.0,11107.0,0.001,0.011,5.2e-05,110.0,0.001,0.0,ETH-27DEC19-560-C,170.94,0.0,0.0,0.0,0.004,300.0,167.24,0.00116,-0.00178,0.0001,4e-05,0.00061
173.05,ETH-27DEC19,1574330245713,open,0.0,12762.0,0.001,0.011,6e-06,109.99,0.001,0.0,ETH-27DEC19-680-C,170.94,0.0,0.0,0.0,0.004,300.0,188.79,0.00016,-0.00025,1e-05,0.0,7e-05
173.05,ETH-27DEC19,1574330245668,open,0.0,6174.0,0.001,0.011,3e-06,109.99,0.001,0.0,ETH-27DEC19-720-C,170.94,0.0,0.0,0.0,0.004,300.0,195.0,8e-05,-0.00013,1e-05,0.0,4e-05
173.05,ETH-27DEC19,1574331447238,open,0.0,836.0,0.001,0.016,0.004475,109.77,0.003,0.0,ETH-27DEC19-340-C,170.94,97.37,0.002,380.0,0.007,300.0,118.46,0.04358,-0.06668,0.00548,0.00135,0.0367
175.96,ETH-27MAR20,1574333930724,open,0.07,368.0,0.043,0.114,0.075685,75.37,0.07,0.0,ETH-27MAR20-140-P,170.94,69.36,0.065,280.0,0.082,290.0,78.88,0.31552,-0.09372,-0.18738,0.00389,-0.23067
173.05,ETH-27DEC19,1574330245739,open,0.0,4534.0,0.001,0.011,1e-06,109.99,0.002,0.0,ETH-27DEC19-760-C,170.94,0.0,0.0,0.0,0.002,300.0,184.96,4e-05,-7e-05,0.0,0.0,2e-05
175.95,ETH-27MAR20,1574333930663,open,0.17,1571.0,0.138,0.244,0.189575,75.36,0.187,0.0,ETH-27MAR20-180-P,170.94,72.1,0.182,218.0,0.198,228.0,79.0,0.40785,-0.12113,-0.38024,0.00503,-0.43213
175.96,ETH-27MAR20,1574333537875,open,0.17,64.0,0.12,0.212,0.166557,75.35,0.179,0.0,ETH-27MAR20-180-C,170.94,71.67,0.158,260.0,0.174,270.0,78.57,0.40786,-0.12112,0.24548,0.00503,0.5679
171.39,SYN.ETH-29NOV19,1574331460425,open,0.01,485.0,0.002,0.037,0.01344,66.63,0.012,0.0,ETH-29NOV19-160-P,170.94,58.58,0.01,336.0,0.016,2.0,72.32,0.07572,-0.32032,-0.00886,0.01793,-0.22612
171.39,SYN.ETH-29NOV19,1574331813166,open,0.0,2222.0,0.001,0.018,0.004675,97.85,0.003,0.0,ETH-29NOV19-140-P,170.94,71.76,0.001,350.0,0.008,300.0,112.69,0.03362,-0.20884,-0.00274,0.00542,-0.0695
171.39,SYN.ETH-29NOV19,1574330859416,open,0.01,11.0,0.001,0.024,0.007363,81.13,0.003,0.0,ETH-29NOV19-150-P,170.94,68.24,0.004,350.0,0.011,350.0,92.62,0.05017,-0.2584,-0.00469,0.00976,-0.11934
171.39,SYN.ETH-29NOV19,1574331139228,open,0.01,486.0,0.001,0.024,0.007507,65.95,0.008,0.0,ETH-29NOV19-190-C,170.94,61.46,0.006,345.0,0.01,20.0,72.7,0.05998,-0.2511,0.00545,0.01435,0.15494
171.39,SYN.ETH-29NOV19,1574330860280,open,0.0,3697.0,0.001,0.019,0.004862,94.4,0.004,0.0,ETH-29NOV19-210-C,170.94,84.95,0.003,246.0,0.009,350.0,110.37,0.03793,-0.22731,0.00283,0.00634,0.08141
171.39,SYN.ETH-29NOV19,1574330245692,open,0.0,2085.0,0.001,0.019,0.004436,108.02,0.003,0.0,ETH-29NOV19-220-C,170.94,99.74,0.003,31.0,0.007,300.0,119.82,0.03289,-0.22559,0.00233,0.0048,0.06757
171.39,SYN.ETH-29NOV19,1574330245643,open,0.0,101.0,0.001,0.013,0.002392,108.89,0.002,0.0,ETH-29NOV19-230-C,170.94,94.7,0.001,102.0,0.004,300.0,119.89,0.02139,-0.14786,0.00137,0.0031,0.03931
171.39,SYN.ETH-29NOV19,1574331646845,open,0.01,2557.0,0.001,0.022,0.006344,82.68,0.006,0.0,ETH-29NOV19-200-C,170.94,77.66,0.005,1.0,0.008,350.0,88.26,0.04829,-0.2535,0.00395,0.00921,0.11311
177.49,SYN.ETH-26JUN20,1574333943039,open,0.05,624.0,0.023,0.101,0.055339,94.02,0.05,0.0,ETH-26JUN20-440-C,170.94,91.4,0.05,140.0,0.065,299.0,98.52,0.36927,-0.07968,0.14017,0.00209,0.18765
8153.29,BTC-27MAR20,1574333943078,open,2.13,0.0,2.129,2.282,2.19848506,100.26,None,0.0,BTC-27MAR20-26000-P,7907.62,0.0,0.0,0.0,0.0,0.0,0.0,4.78485,-1.89055,-89.29347,2e-05,-0.95217
8153.29,BTC-27MAR20,1574333943125,open,2.61,0.0,2.6095,2.7785,2.68681358,105.03,None,0.0,BTC-27MAR20-30000-P,7907.62,0.0,0.0,0.0,0.0,0.0,0.0,3.83476,-1.58724,-103.45747,2e-05,-0.96361
8295.49,SYN.BTC-26JUN20,1574333943127,open,2.56,0.0,2.554,2.7445,2.63907639,96.06,None,0.0,BTC-26JUN20-30000-P,7907.62,0.0,0.0,0.0,0.0,0.0,0.0,10.12722,-2.23252,-175.90159,3e-05,-0.91324
8153.29,BTC-27MAR20,1574333943130,open,0.24,12.6,0.1975,0.275,0.2326926,69.98,0.242,0.0,BTC-27MAR20-7000-C,7907.62,68.88,0.2305,2.0,0.24,14.0,73.64,16.24635,-4.48035,13.74494,0.0001,0.71767
8153.29,BTC-27MAR20,1574333943151,open,2.37,0.0,2.369,2.53,2.44240512,102.52,None,0.0,BTC-27MAR20-28000-P,7907.62,0.0,0.0,0.0,0.0,0.0,0.0,4.22772,-1.70807,-96.39946,2e-05,-0.95898
7909.62,SYN.BTC-22NOV19,1574333943248,open,0.07,20.9,0.033,0.077,0.05382683,86.2,0.0747,0.0,BTC-22NOV19-7500-C,7907.62,88.18,0.054,0.1,0.057,0.1,116.11,0.68083,-29.34564,0.16054,0.00053,0.89982
7909.62,SYN.BTC-22NOV19,1574333943248,open,0.0,145.7,0.0005,0.0125,0.00089932,104.64,0.001,0.0,BTC-22NOV19-7250-P,7907.62,94.05,0.0005,16.5,0.0015,21.5,116.36,0.34932,-7.11325,-0.0082,0.00022,-0.0423
7909.62,SYN.BTC-22NOV19,1574333943248,open,0.0,309.1,0.0005,0.023,0.00489343,64.48,0.0045,0.0,BTC-22NOV19-7750-P,7907.62,58.67,0.004,0.5,0.005,20.4,65.16,1.24204,-38.70517,-0.04917,0.00128,-0.25421
7909.62,SYN.BTC-22NOV19,1574333943248,open,0.08,204.2,0.085,0.132,0.10650395,94.79,0.1055,0.0,BTC-22NOV19-8750-P,7907.62,0.0,0.1035,0.1,0.1065,0.1,94.58,0.15269,-7.23638,-0.20699,0.00011,-0.98429
7909.62,SYN.BTC-22NOV19,1574333943248,open,0.04,29.4,0.005,0.0475,0.02507308,64.47,0.028,0.0,BTC-22NOV19-7750-C,7907.62,57.47,0.024,0.1,0.027,0.1,76.35,1.24199,-40.03832,0.13677,0.00128,0.74581
7909.62,SYN.BTC-22NOV19,1574333943248,open,0.05,379.7,0.054,0.0995,0.07504252,76.36,0.074,0.0,BTC-22NOV19-8500-P,7907.62,0.0,0.072,0.1,0.075,0.1,74.98,0.25135,-9.59651,-0.19863,0.00022,-0.97167
7925.61,SYN.BTC-29NOV19,1574333943291,open,0.04,362.0,0.014,0.0595,0.02659557,52.77,0.027,0.0,BTC-29NOV19-8000-C,7907.62,51.75,0.026,11.9,0.029,0.6,56.89,4.62903,-15.509,0.75387,0.00065,0.46742
177.49,SYN.ETH-26JUN20,1574333943355,open,0.03,152.0,0.011,0.073,0.034624,101.04,0.029,0.0,ETH-26JUN20-600-C,170.94,98.64,0.031,140.0,0.041,300.0,104.97,0.27591,-0.06397,0.0915,0.00145,0.12099
7989.75,BTC-27DEC19,1574333943448,open,2.68,0.2,2.6815,2.8325,2.75498418,133.7,2.51,0.0,BTC-27DEC19-30000-P,7907.62,0.0,0.0,0.0,0.0,0.0,0.0,0.13001,-0.24225,-29.47563,0.0,-0.9984
8295.58,SYN.BTC-26JUN20,1574333943484,open,0.03,49.0,0.01,0.068,0.02848049,92.73,0.029,0.0,BTC-26JUN20-26000-C,7907.62,91.32,0.0265,33.0,0.031,33.0,94.44,11.90638,-2.53364,3.94556,3e-05,0.10816
8295.58,SYN.BTC-26JUN20,1574333943521,open,0.74,11.5,0.7105,0.854,0.77411451,80.06,0.75,0.0,BTC-26JUN20-14000-P,7907.62,72.66,0.755,2.0,0.8015,2.0,89.98,22.13767,-4.06714,-73.20874,7e-05,-0.70431
8153.37,BTC-27MAR20,1574333943534,open,0.02,459.9,0.0045,0.043,0.01586783,90.86,0.015,0.0,BTC-27MAR20-20000-C,7907.62,89.25,0.0145,17.1,0.0175,37.0,92.67,7.12451,-2.55095,1.80839,3e-05,0.07967
7989.75,BTC-27DEC19,1574333943598,open,0.0,1549.6,0.0005,0.016,0.0050465,92.33,0.0045,0.0,BTC-27DEC19-5000-P,7907.62,88.12,0.004,53.0,0.006,33.3,95.78,2.10879,-2.71368,-0.34488,4e-05,-0.03887
8295.58,SYN.BTC-26JUN20,1574333943628,open,2.79,0.0,2.7895,2.9885,2.87855214,98.09,None,0.0,BTC-26JUN20-32000-P,7907.62,0.0,0.0,0.0,0.0,0.0,0.0,9.56202,-2.15235,-188.07802,2e-05,-0.91963
175.96,ETH-27MAR20,1574333943650,open,0.62,186.0,0.579,0.725,0.649182,84.32,0.62,0.0,ETH-27MAR20-280-P,170.94,47.01,0.598,12.0,0.671,13.0,95.48,0.32714,-0.10871,-0.85804,0.0036,-0.75358
170.98,SYN.ETH-22NOV19,1574333943658,open,0.08,6.0,0.036,0.096,0.066268,101.64,0.079,0.0,ETH-22NOV19-160-C,170.94,0.0,0.064,24.0,0.084,21.0,236.8,0.01328,-0.67496,0.00347,0.01863,0.91282
7989.75,BTC-27DEC19,1574333943668,open,0.0,812.1,0.0005,0.011,0.00148389,105.01,0.001,0.0,BTC-27DEC19-4000-P,7907.62,99.3,0.001,55.0,0.003,49.0,117.44,0.76645,-1.12168,-0.10368,1e-05,-0.01172
173.05,ETH-27DEC19,1574333943703,open,0.0,11107.0,0.001,0.011,5.2e-05,110.0,0.001,0.0,ETH-27DEC19-560-C,170.93,0.0,0.0,0.0,0.004,300.0,167.24,0.00116,-0.00178,0.0001,4e-05,0.00061
173.05,ETH-27DEC19,1574333943703,open,0.0,6174.0,0.001,0.011,3e-06,110.0,0.001,0.0,ETH-27DEC19-720-C,170.93,0.0,0.0,0.0,0.004,300.0,195.0,8e-05,-0.00013,1e-05,0.0,4e-05
173.05,ETH-27DEC19,1574333943703,open,0.0,836.0,0.001,0.016,0.004479,109.79,0.003,0.0,ETH-27DEC19-340-C,170.93,97.37,0.002,380.0,0.007,300.0,118.46,0.04361,-0.06672,0.00548,0.00135,0.03672
175.96,ETH-27MAR20,1574333943703,open,0.17,64.0,0.12,0.212,0.16658,75.36,0.179,0.0,ETH-27MAR20-180-C,170.93,71.67,0.158,260.0,0.174,270.0,78.57,0.40786,-0.12113,0.24548,0.00503,0.56792
173.05,ETH-27DEC19,1574333943703,open,0.0,11090.0,0.001,0.011,0.000564,110.0,0.001,0.0,ETH-27DEC19-440-C,170.93,116.9,0.001,280.0,0.003,392.0,133.84,0.00874,-0.0134,0.00086,0.00027,0.00565
175.96,ETH-27MAR20,1574333943703,open,2.36,0.0,2.314,2.544,2.422148,108.95,None,0.0,ETH-27MAR20-600-P,170.93,0.0,0.03,50.0,0.0,0.0,0.0,0.11719,-0.05031,-2.05884,0.001,-0.94392
173.05,ETH-27DEC19,1574333943703,open,0.0,12762.0,0.001,0.011,6e-06,110.0,0.001,0.0,ETH-27DEC19-680-C,170.93,0.0,0.0,0.0,0.004,300.0,188.79,0.00016,-0.00025,1e-05,0.0,7e-05
175.96,ETH-27MAR20,1574333943703,open,0.37,40.0,0.324,0.394,0.359147,77.02,0.459,0.0,ETH-27MAR20-120-C,170.93,34.6,0.32,1.0,0.0,0.0,0.0,0.23348,-0.07086,0.30493,0.00282,0.85769
173.05,ETH-27DEC19,1574333943703,open,1.05,257.0,1.02,1.153,1.083298,110.0,0.995,0.0,ETH-27DEC19-360-P,170.93,0.0,0.02,50.0,0.0,0.0,0.0,0.03223,-0.04941,-0.35001,0.001,-0.97451
175.96,ETH-27MAR20,1574333943703,open,0.83,7.0,0.787,0.94,0.859377,87.06,0.725,0.0,ETH-27MAR20-320-P,170.93,0.0,0.01,50.0,0.882,1.0,100.39,0.27392,-0.09398,-1.02609,0.00292,-0.81821
175.96,ETH-27MAR20,1574333943703,open,0.29,0.0,0.238,0.32,0.280032,75.36,None,0.0,ETH-27MAR20-140-C,170.93,37.75,0.22,31.0,0.29,10.0,80.88,0.31552,-0.09371,0.29928,0.00389,0.76934
173.05,ETH-27DEC19,1574333943703,open,2.41,0.0,2.366,2.575,2.46723,110.0,0.953,0.0,ETH-27DEC19-600-P,170.93,0.0,0.02,50.0,0.0,0.0,0.0,0.0006,-0.00092,-0.58969,2e-05,-0.9997
173.05,ETH-27DEC19,1574333943703,open,2.64,0.0,2.591,2.813,2.698365,110.0,None,0.0,ETH-27DEC19-640-P,170.93,0.0,0.02,50.0,0.0,0.0,0.0,0.00031,-0.00047,-0.62903,1e-05,-0.99985
175.96,ETH-27MAR20,1574333943703,open,0.17,1571.0,0.138,0.244,0.189575,75.38,0.187,0.0,ETH-27MAR20-180-P,170.93,72.11,0.182,218.0,0.198,228.0,79.02,0.40786,-0.12116,-0.38022,0.00503,-0.43206
171.4,SYN.ETH-29NOV19,1574333943703,open,0.49,0.0,0.473,0.566,0.51729,113.1,None,0.0,ETH-29NOV19-260-P,170.93,0.0,0.01,50.0,0.0,0.0,0.0,0.00531,-0.03813,-0.05583,0.00074,-0.99234
173.05,ETH-27DEC19,1574333943704,open,1.95,37.0,1.918,2.1,2.005025,110.0,0.707,0.0,ETH-27DEC19-520-P,170.93,0.0,0.003,50.0,0.0,0.0,0.0,0.00228,-0.00349,-0.51091,7e-05,-0.99873
173.05,ETH-27DEC19,1574333943703,open,0.71,1.0,0.686,0.804,0.741318,103.23,0.494,0.0,ETH-27DEC19-300-P,170.93,0.0,0.02,50.0,0.0,0.0,0.0,0.0663,-0.09539,-0.28564,0.00218,-0.93801
173.05,ETH-27DEC19,1574333943703,open,3.09,0.0,3.039,3.289,3.16065,110.0,None,0.0,ETH-27DEC19-720-P,170.93,0.0,0.004,50.0,0.0,0.0,0.0,8e-05,-0.00013,-0.70768,0.0,-0.99996
173.05,ETH-27DEC19,1574333943703,open,0.0,13024.0,0.001,0.011,0.000113,109.99,0.001,0.0,ETH-27DEC19-520-C,170.93,0.0,0.0,0.0,0.003,300.0,152.81,0.00228,-0.00349,0.0002,7e-05,0.00127
177.5,SYN.ETH-26JUN20,1574333943703,open,0.04,511.0,0.024,0.077,0.046989,82.79,0.043,0.0,ETH-26JUN20-100-P,170.93,77.21,0.039,548.0,0.055,298.0,88.13,0.26093,-0.04957,-0.16827,0.00168,-0.11183
173.05,ETH-27DEC19,1574333943705,open,2.18,0.0,2.142,2.337,2.236111,110.0,0.845,0.0,ETH-27DEC19-560-P,170.93,0.0,0.02,50.0,0.0,0.0,0.0,0.00116,-0.00178,-0.55033,4e-05,-0.99939
173.05,ETH-27DEC19,1574333943704,open,0.0,10059.0,0.001,0.011,0.001288,109.99,0.001,0.0,ETH-27DEC19-400-C,170.93,106.79,0.001,1391.0,0.004,300.0,127.93,0.01694,-0.02596,0.00182,0.00052,0.01199
173.05,ETH-27DEC19,1574333943705,open,1.27,15.0,1.245,1.388,1.312759,110.0,1.248,0.0,ETH-27DEC19-400-P,170.93,0.0,0.002,50.0,0.0,0.0,0.0,0.01694,-0.02598,-0.39134,0.00052,-0.988
173.05,ETH-27DEC19,1574333943705,open,0.33,2.0,0.29,0.343,0.316174,87.54,0.346,0.0,ETH-27DEC19-120-C,170.93,0.0,0.306,51.0,0.0,0.0,0.0,0.07335,-0.08949,0.1043,0.00285,0.92937
170.99,SYN.ETH-22NOV19,1574333943703,open,0.09,339.0,0.079,0.148,0.11176,111.68,0.095,0.0,ETH-22NOV19-190-P,170.93,0.0,0.093,22.0,0.13,22.0,283.24,0.0055,-0.30714,-0.00444,0.00702,-0.97125
175.95,ETH-27MAR20,1574333943705,open,1.48,0.0,1.436,1.619,1.521734,97.76,None,0.0,ETH-27MAR20-440-P,170.93,0.0,0.003,50.0,0.0,0.0,0.0,0.17729,-0.0683,-1.48333,0.00169,-0.90355
173.04,ETH-27DEC19,1574333943705,open,0.1,4721.0,0.072,0.15,0.109679,69.2,0.101,0.0,ETH-27DEC19-180-P,170.93,63.84,0.103,246.0,0.117,256.0,75.07,0.21585,-0.20818,-0.10866,0.0106,-0.52921
173.04,ETH-27DEC19,1574333943705,open,0.0,6668.0,0.001,0.011,0.000251,110.01,0.002,0.0,ETH-27DEC19-480-C,170.93,0.0,0.0,0.0,0.002,315.0,136.53,0.00447,-0.00685,0.00041,0.00014,0.00267
173.04,ETH-27DEC19,1574333943705,open,0.18,3454.0,0.151,0.241,0.19516,73.14,0.196,0.0,ETH-27DEC19-200-P,170.93,0.0,0.025,30.0,0.198,1.0,75.72,0.18938,-0.19305,-0.1518,0.0088,-0.69734
175.95,ETH-27MAR20,1574333943705,open,1.92,0.0,1.874,2.081,1.971099,103.94,None,0.0,ETH-27MAR20-520-P,170.93,0.0,0.006,50.0,0.0,0.0,0.0,0.14217,-0.05823,-1.77319,0.00127,-0.92811
175.95,ETH-27MAR20,1574333943705,open,0.07,368.0,0.043,0.114,0.075668,75.35,0.07,0.0,ETH-27MAR20-140-P,170.93,69.35,0.065,280.0,0.082,290.0,78.87,0.31552,-0.0937,-0.18737,0.00389,-0.23069
173.04,ETH-27DEC19,1574333943706,open,1.73,21.0,1.693,1.862,1.774016,101.14,0.629,0.0,ETH-27DEC19-480-P,170.93,0.0,0.002,50.0,0.0,0.0,0.0,0.00201,-0.00283,-0.47162,7e-05,-0.99889
173.04,ETH-27DEC19,1574333943706,open,0.22,19.0,0.181,0.245,0.21323,76.58,0.205,0.0,ETH-27DEC19-140-C,170.93,24.54,0.191,1.0,0.612,26.0,500.0,0.13093,-0.13973,0.10694,0.00581,0.84197
173.04,ETH-27DEC19,1574333943706,open,0.0,21058.0,0.001,0.011,2.4e-05,110.0,0.001,0.0,ETH-27DEC19-600-C,170.93,0.0,0.0,0.0,0.001,40.0,148.69,0.0006,-0.00092,5e-05,2e-05,0.0003
173.04,ETH-27DEC19,1574333943706,open,2.86,1.0,2.815,3.051,2.929506,0.0,2.792,0.0,ETH-27DEC19-680-P,170.93,0.0,0.02,50.0,0.0,0.0,0.0,0.0,0.0,-0.66837,0.0,-1.0
171.4,SYN.ETH-29NOV19,1574333943703,open,0.15,0.0,0.101,0.162,0.132181,80.98,None,0.0,ETH-29NOV19-150-C,170.93,0.0,0.124,55.0,0.218,25.0,270.1,0.05002,-0.25716,0.0277,0.00974,0.88116
177.5,SYN.ETH-26JUN20,1574333943703,open,0.49,0.0,0.449,0.518,0.483562,82.77,None,0.0,ETH-26JUN20-100-C,170.93,30.19,0.437,1.0,0.0,0.0,0.0,0.26088,-0.04955,0.42871,0.00168,0.8882
171.4,SYN.ETH-29NOV19,1574333943703,open,0.0,1027.0,0.001,0.011,0.000517,106.74,0.001,0.0,ETH-29NOV19-120-P,170.93,0.0,0.0,0.0,0.001,1.0,117.09,0.00632,-0.0428,-0.00036,0.00093,-0.00933
171.4,SYN.ETH-29NOV19,1574333943703,open,0.0,421.0,0.001,0.011,1.4e-05,109.99,0.004,0.0,ETH-29NOV19-300-C,170.93,0.0,0.0,0.0,0.001,1.0,162.37,0.00033,-0.00229,1e-05,5e-05,0.00036
177.5,SYN.ETH-26JUN20,1574333943703,open,1.49,0.0,1.434,1.646,1.534425,94.09,None,0.0,ETH-26JUN20-440-P,170.93,0.0,0.01,50.0,0.0,0.0,0.0,0.3697,-0.07983,-2.48607,0.00209,-0.81202
175.95,ETH-27MAR20,1574333943708,open,0.56,20.0,0.536,0.578,0.556171,90.54,0.613,0.0,ETH-27MAR20-80-C,170.93,0.0,0.545,1.0,0.0,0.0,0.0,0.09054,-0.03231,0.2466,0.00093,0.95937
170.99,SYN.ETH-22NOV19,1574333943703,open,0.21,0.0,0.193,0.267,0.228204,152.22,None,0.0,ETH-22NOV19-210-P,170.93,0.0,0.001,51.0,0.259,1.0,500.0,0.00083,-0.06313,-0.00503,0.00078,-0.99672
177.5,SYN.ETH-26JUN20,1574333943703,open,0.49,0.0,0.428,0.586,0.505619,83.98,None,0.0,ETH-26JUN20-240-P,170.93,35.03,0.373,1.0,0.516,10.0,87.37,0.54171,-0.1044,-1.12468,0.00343,-0.5559
171.4,SYN.ETH-29NOV19,1574333943703,open,0.26,0.0,0.247,0.334,0.288039,108.41,None,0.0,ETH-29NOV19-220-P,170.93,0.0,0.01,50.0,0.0,0.0,0.0,0.03321,-0.22858,-0.04511,0.00483,-0.9316
171.4,SYN.ETH-29NOV19,1574333943703,open,0.15,100.0,0.135,0.215,0.173259,82.93,0.149,0.0,ETH-29NOV19-200-P,170.93,0.0,0.02,55.0,0.977,5.0,500.0,0.04855,-0.25563,-0.03918,0.00924,-0.88604
171.4,SYN.ETH-29NOV19,1574333943704,open,0.38,0.0,0.36,0.448,0.401554,110.69,None,0.0,ETH-29NOV19-240-P,170.93,0.0,0.01,50.0,0.0,0.0,0.0,0.01389,-0.09763,-0.05097,0.00198,-0.97665
171.4,SYN.ETH-29NOV19,1574333943703,open,0.05,14.0,0.015,0.071,0.041991,64.72,0.054,0.0,ETH-29NOV19-170-C,170.93,59.57,0.039,1.0,0.109,11.0,180.19,0.09955,-0.40902,0.01891,0.02426,0.5533
177.5,SYN.ETH-26JUN20,1574333943706,open,1.28,0.0,1.224,1.428,1.320831,93.23,None,0.0,ETH-26JUN20-400-P,170.93,0.0,0.01,50.0,0.0,0.0,0.0,0.40741,-0.08717,-2.22447,0.00232,-0.7787
177.5,SYN.ETH-26JUN20,1574333943703,open,0.17,973.0,0.13,0.24,0.18364,79.65,0.168,0.0,ETH-26JUN20-160-P,170.93,75.06,0.171,466.0,0.188,266.0,81.24,0.48841,-0.08928,-0.53035,0.00326,-0.31692
177.5,SYN.ETH-26JUN20,1574333943703,open,0.58,0.0,0.549,0.601,0.574315,86.92,None,0.0,ETH-26JUN20-80-C,170.93,0.0,0.549,1.0,0.0,0.0,0.0,0.17169,-0.03425,0.38326,0.00105,0.93605
177.5,SYN.ETH-26JUN20,1574333943705,open,0.05,0.0,0.019,0.095,0.050465,97.04,None,0.0,ETH-26JUN20-480-C,170.93,95.24,0.047,13.0,0.056,300.0,99.8,0.3477,-0.07743,0.1272,0.00191,0.17052
177.5,SYN.ETH-26JUN20,1574333943703,open,0.4,0.0,0.345,0.496,0.419398,83.97,None,0.0,ETH-26JUN20-220-P,170.93,35.86,0.278,1.0,0.469,11.0,100.1,0.54707,-0.10543,-0.97685,0.00346,-0.50259
171.4,SYN.ETH-29NOV19,1574333943705,open,0.43,1.0,0.399,0.433,0.41656,0.0,0.46,0.0,ETH-29NOV19-100-C,170.93,0.0,0.0,0.0,0.49,1.0,500.0,0.0,0.0,0.02158,0.0,1.0
171.4,SYN.ETH-29NOV19,1574333943703,open,0.0,1522.0,0.001,0.011,0.00031,109.98,0.001,0.0,ETH-29NOV19-260-C,170.93,0.0,0.0,0.0,0.001,1.0,126.72,0.00443,-0.03094,0.00022,0.00064,0.00624
177.5,SYN.ETH-26JUN20,1574333943703,open,1.07,0.0,1.014,1.207,1.106063,90.4,None,0.0,ETH-26JUN20-360-P,170.93,0.0,0.01,50.0,1.132,1.0,100.43,0.43906,-0.09109,-1.96272,0.00258,-0.74642
171.4,SYN.ETH-29NOV19,1574333943704,open,0.0,2085.0,0.001,0.019,0.004441,108.02,0.003,0.0,ETH-29NOV19-220-C,170.93,99.73,0.003,31.0,0.007,300.0,119.8,0.03292,-0.22576,0.00234,0.00481,0.06763
7989.75,BTC-27DEC19,1574333943711,open,0.0,690.8,0.0005,0.0105,3.3e-07,105.0,0.0005,0.0,BTC-27DEC19-36000-C,7907.62,0.0,0.0,0.0,0.001,55.0,174.4,0.0006,-0.00088,4e-05,0.0,1e-05
7989.75,BTC-27DEC19,1574333943711,open,0.0,530.9,0.0005,0.0105,1.75e-06,105.0,0.0005,0.0,BTC-27DEC19-32000-C,7907.62,0.0,0.0,0.0,0.0005,0.9,152.45,0.00273,-0.004,0.00019,0.0,3e-05
171.4,SYN.ETH-29NOV19,1574333943704,open,0.05,528.0,0.038,0.108,0.069045,64.85,0.051,0.0,ETH-29NOV19-180-P,170.93,40.04,0.057,2.0,0.083,59.0,90.44,0.09011,-0.371,-0.02768,0.02192,-0.67942
177.5,SYN.ETH-26JUN20,1574333943705,open,2.57,0.0,2.512,2.777,2.636154,101.76,None,0.0,ETH-26JUN20-640-P,170.93,0.0,0.0,0.0,0.0,0.0,0.0,0.25419,-0.05936,-3.73828,0.00133,-0.89217
171.4,SYN.ETH-29NOV19,1574333943704,open,0.0,569.0,0.001,0.011,3e-06,109.99,0.003,0.0,ETH-29NOV19-320-C,170.93,0.0,0.0,0.0,0.001,1.0,177.97,8e-05,-0.00049,0.0,1e-05,8e-05
7989.75,BTC-27DEC19,1574333943712,open,0.04,880.4,0.027,0.077,0.04813926,61.84,0.048,0.0,BTC-27DEC19-7500-P,7907.62,61.71,0.048,22.0,0.0505,35.1,63.9,9.13695,-7.87426,-3.01719,0.00024,-0.33606
7989.75,BTC-27DEC19,1574333943712,open,0.0,604.5,0.0005,0.0105,9.46e-06,105.0,0.0005,0.0,BTC-27DEC19-2500-P,7907.62,0.0,0.0,0.0,0.0005,12.5,147.92,0.01088,-0.01592,-0.00094,0.0,-0.00011
177.5,SYN.ETH-26JUN20,1574333943705,open,0.68,1.0,0.656,0.691,0.672541,91.38,0.69,0.0,ETH-26JUN20-60-C,170.93,0.0,0.661,1.0,0.0,0.0,0.0,0.09183,-0.01926,0.31577,0.00053,0.97057
171.4,SYN.ETH-29NOV19,1574333943705,open,0.0,2222.0,0.001,0.018,0.00467,97.84,0.003,0.0,ETH-29NOV19-140-P,170.93,71.77,0.001,350.0,0.008,300.0,112.72,0.0336,-0.2087,-0.00274,0.00542,-0.06944
177.5,SYN.ETH-26JUN20,1574333943703,open,0.01,185.0,0.001,0.023,0.010597,91.41,0.01,0.0,ETH-26JUN20-60-P,170.93,88.2,0.009,10.0,0.012,300.0,94.04,0.09191,-0.01928,-0.04244,0.00053,-0.02946
171.4,SYN.ETH-29NOV19,1574333943703,open,0.72,0.0,0.7,0.805,0.750375,129.43,None,0.0,ETH-29NOV19-300-P,170.93,0.0,0.01,50.0,0.0,0.0,0.0,0.00173,-0.01425,-0.06465,0.00021,-0.99781
171.4,SYN.ETH-29NOV19,1574333943707,open,0.01,485.0,0.002,0.037,0.013423,66.63,0.012,0.0,ETH-29NOV19-160-P,170.93,58.61,0.01,336.0,0.016,2.0,72.35,0.07568,-0.32014,-0.00885,0.01792,-0.22591
177.5,SYN.ETH-26JUN20,1574333943703,open,2.36,0.0,2.296,2.551,2.41519,101.16,None,0.0,ETH-26JUN20-600-P,170.93,0.0,0.0,0.0,0.0,0.0,0.0,0.27672,-0.06424,-3.48969,0.00145,-0.87851
170.99,SYN.ETH-22NOV19,1574333943703,open,0.04,753.0,0.023,0.089,0.054931,85.1,0.05,0.0,ETH-22NOV19-180-P,170.93,0.0,0.036,19.0,0.069,2.0,183.68,0.01605,-0.68297,-0.00386,0.02689,-0.88704
7925.65,SYN.BTC-29NOV19,1574333943713,open,0.0,599.3,0.0005,0.011,0.00146959,82.85,0.002,0.0,BTC-29NOV19-10000-C,7907.62,77.89,0.001,75.1,0.002,0.2,87.4,0.84003,-4.41865,0.05256,7e-05,0.03221
177.5,SYN.ETH-26JUN20,1574333943732,open,0.49,0.0,0.428,0.586,0.505619,83.98,None,0.0,ETH-26JUN20-240-P,170.93,34.5,0.372,1.0,0.516,10.0,87.37,0.54171,-0.1044,-1.12468,0.00343,-0.5559
7925.65,SYN.BTC-29NOV19,1574333943743,open,0.18,117.2,0.176,0.2315,0.20133834,76.07,0.1985,0.0,BTC-29NOV19-9500-P,7907.62,0.0,0.184,7.0,0.223,3.0,142.36,1.36335,-6.58381,-1.95406,0.00013,-0.94129
7925.65,SYN.BTC-29NOV19,1574333943759,open,0.85,0.0,0.8555,0.932,0.892609,126.63,None,0.0,BTC-29NOV19-15000-P,7907.62,0.0,0.0,0.0,0.0,0.0,0.0,0.01776,-0.14276,-3.2359,0.0,-0.99958
7989.75,BTC-27DEC19,1574333943765,open,0.0,483.6,0.0005,0.0105,0.00042218,105.01,0.0005,0.0,BTC-27DEC19-3500-P,7907.62,107.08,0.0005,26.1,0.002,49.0,128.97,0.28153,-0.41201,-0.03294,0.0,-0.00377
8295.49,SYN.BTC-26JUN20,1574333943803,open,0.13,218.7,0.1025,0.197,0.14334187,75.99,0.138,0.0,BTC-26JUN20-7000-P,7907.62,71.82,0.1325,2.0,0.139,5.0,74.32,21.57556,-3.76256,-20.96449,7e-05,-0.28002
7989.75,BTC-27DEC19,1574333943805,open,0.0,964.7,0.0005,0.0125,0.00281574,96.62,0.0035,0.0,BTC-27DEC19-15000-C,7907.62,91.97,0.002,62.0,0.0035,0.4,99.89,1.55806,-2.09812,0.18939,3e-05,0.02693
8153.37,BTC-27MAR20,1574333943805,open,0.01,155.5,0.0015,0.0345,0.01112338,97.42,0.01,0.0,BTC-27MAR20-24000-C,7907.62,94.85,0.0095,45.0,0.013,38.0,100.13,5.39671,-2.07194,1.26173,2e-05,0.05564
7989.75,BTC-27DEC19,1574333943805,open,0.0,801.2,0.0005,0.011,0.00108257,105.0,0.0015,0.0,BTC-27DEC19-18000-C,7907.62,104.03,0.001,10.0,0.0015,0.2,109.2,0.70491,-1.03151,0.07508,1e-05,0.01064
8153.37,BTC-27MAR20,1574333943838,open,0.0,116.4,0.0005,0.016,0.00341228,105.0,0.0045,0.0,BTC-27MAR20-36000-C,7907.62,107.09,0.004,39.0,0.0065,39.0,114.2,2.16152,-0.8944,0.42288,1e-05,0.01833
175.96,ETH-27MAR20,1574333943850,open,1.26,9.0,1.217,1.389,1.297774,93.74,1.34,0.0,ETH-27MAR20-400-P,170.93,0.0,1.245,7.0,1.35,7.0,128.25,0.19914,-0.07356,-1.33617,0.00197,-0.88678
7989.75,BTC-27DEC19,1574333943858,open,1.21,9.4,1.209,1.3045,1.2540706,106.11,1.1125,0.0,BTC-27DEC19-18000-P,7907.62,0.0,0.0,0.0,0.0,0.0,0.0,0.75099,-1.1106,-17.61153,1e-05,-0.98855
8295.58,SYN.BTC-26JUN20,1574333943870,open,0.04,205.6,0.0265,0.0805,0.04776503,75.99,0.0425,0.0,BTC-26JUN20-5000-P,7907.62,71.95,0.0415,27.6,0.047,30.6,75.51,13.10951,-2.28615,-8.49863,4e-05,-0.12386
175.95,ETH-27MAR20,1574333943893,open,1.04,7.0,1.001,1.165,1.078462,91.57,1.004,0.0,ETH-27MAR20-360-P,170.93,0.0,1.034,8.0,1.126,8.0,120.4,0.23695,-0.08551,-1.18224,0.0024,-0.85454
7925.65,SYN.BTC-29NOV19,1574333943931,open,0.0,150.7,0.0005,0.0105,8.674e-05,105.0,0.001,0.0,BTC-29NOV19-12500-C,7907.62,0.0,0.0,0.0,0.001,20.0,136.58,0.07406,-0.49368,0.00328,1e-05,0.00201
8153.37,BTC-27MAR20,1574333943939,open,0.01,57.8,0.0005,0.0225,0.00561976,104.99,0.008,0.0,BTC-27MAR20-32000-C,7907.62,104.67,0.0055,20.0,0.0075,19.0,109.39,3.15715,-1.30622,0.65552,1e-05,0.02875
7989.75,BTC-27DEC19,1574333943939,open,0.33,73.5,0.3005,0.3405,0.31864394,82.3,0.266,0.0,BTC-27DEC19-5500-C,7907.62,0.0,0.304,7.0,0.3355,9.0,116.41,2.88522,-3.30933,4.89933,6e-05,0.94252
7925.65,SYN.BTC-29NOV19,1574333943944,open,0.2,0.6,0.164,0.2055,0.18299489,87.69,0.243,0.0,BTC-29NOV19-6500-C,7907.62,0.0,0.174,5.0,0.2,5.0,150.44,1.28315,-7.14305,1.30423,0.00011,0.94564
7989.75,BTC-27DEC19,1574333943960,open,0.72,268.3,0.7195,0.802,0.75684285,95.3,0.7205,0.0,BTC-27DEC19-14000-P,7907.62,0.0,0.0,0.0,0.0,0.0,0.0,2.24606,-2.98334,-13.46675,4e-05,-0.95799
8295.58,SYN.BTC-26JUN20,1574333943967,open,1.86,0.0,1.8505,2.02,1.92519751,90.62,None,0.0,BTC-26JUN20-24000-P,7907.62,0.0,0.0,0.0,0.0,0.0,0.0,12.93817,-2.6907,-138.83038,3e-05,-0.87844
8295.58,SYN.BTC-26JUN20,1574333944009,open,0.17,254.4,0.1215,0.2275,0.16810349,77.23,0.166,0.0,BTC-26JUN20-10000-C,7907.62,76.39,0.1655,2.0,0.168,17.0,77.2,25.56627,-4.53145,16.14258,8e-05,0.4941
7925.65,SYN.BTC-29NOV19,1574333944009,open,0.0,458.4,0.0005,0.0105,8.2e-07,105.0,0.0005,0.0,BTC-29NOV19-15000-C,7907.62,0.0,0.0,0.0,0.0005,8.4,167.36,0.00123,-0.0065,4e-05,0.0,2e-05
7989.75,BTC-27DEC19,1574333944038,open,0.01,1519.9,0.0005,0.025,0.00994979,72.98,0.0095,0.0,BTC-27DEC19-6000-P,7907.62,71.01,0.009,81.0,0.0105,1.0,74.09,3.93041,-3.99779,-0.75311,9e-05,-0.08595
7989.75,BTC-27DEC19,1574333944056,open,2.44,0.2,2.436,2.577,2.50465799,127.27,2.2765,0.0,BTC-27DEC19-28000-P,7907.62,0.0,0.0,0.0,0.0,0.0,0.0,0.13137,-0.23302,-27.50965,0.0,-0.99838
7989.75,BTC-27DEC19,1574333944092,open,0.0,979.0,0.0005,0.0105,0.00040858,105.0,0.0015,0.0,BTC-27DEC19-20000-C,7907.62,115.26,0.001,7.5,0.0015,34.1,120.81,0.32047,-0.46895,0.03102,0.0,0.00436
7989.75,BTC-27DEC19,1574333944092,open,0.45,21.6,0.4265,0.457,0.44006189,101.18,0.5285,0.0,BTC-27DEC19-4500-C,7907.62,0.0,0.4295,8.0,0.4515,10.0,140.56,1.43985,-2.03034,4.20477,2e-05,0.97549
7989.75,BTC-27DEC19,1574333944092,open,0.84,211.2,0.8415,0.926,0.88030576,97.05,0.9295,0.0,BTC-27DEC19-15000-P,7907.62,0.0,0.0,0.0,0.0,0.0,0.0,1.58794,-2.14787,-14.54984,3e-05,-0.97245
7989.75,BTC-27DEC19,1574333944094,open,0.51,30.9,0.4895,0.5145,0.50081988,104.77,0.5735,0.0,BTC-27DEC19-4000-C,7907.62,0.0,0.4925,9.0,0.5105,11.0,153.14,0.75889,-1.10812,3.82912,1e-05,0.98841
8295.58,SYN.BTC-26JUN20,1574333944094,open,0.01,91.4,0.0005,0.018,0.00710303,79.16,0.006,0.0,BTC-26JUN20-3000-P,7907.62,76.56,0.006,42.0,0.008,20.0,81.12,3.68083,-0.66865,-1.5641,1e-05,-0.02448
7925.65,SYN.BTC-29NOV19,1574333944111,open,0.55,0.0,0.5465,0.611,0.57726022,106.57,None,0.0,BTC-29NOV19-12500-P,7907.62,0.0,0.0,0.0,0.0,0.0,0.0,0.08417,-0.5695,-2.69338,1e-05,-0.99769
8153.37,BTC-27MAR20,1574333944115,open,0.02,267.7,0.0065,0.0495,0.01995605,87.24,0.021,0.0,BTC-27MAR20-18000-C,7907.62,86.3,0.019,0.5,0.0215,25.0,88.7,8.42491,-2.89635,2.26332,4e-05,0.09981
8153.37,BTC-27MAR20,1574333944115,open,0.53,9.4,0.5035,0.538,0.51833101,79.31,0.585,0.0,BTC-27MAR20-4000-C,7907.62,0.0,0.507,7.0,0.5325,7.0,101.25,4.09793,-1.28074,12.53252,2e-05,0.96053
173.05,ETH-27DEC19,1574333944137,open,0.0,1027.0,0.001,0.011,0.001955,110.0,0.002,0.0,ETH-27DEC19-380-C,170.93,101.27,0.001,101.0,0.006,300.0,129.73,0.02344,-0.03594,0.00264,0.00072,0.0175
8295.58,SYN.BTC-26JUN20,1574333944141,open,0.45,0.0,0.4165,0.481,0.44501458,75.98,None,0.0,BTC-26JUN20-5000-C,7907.62,62.35,0.425,6.0,0.4675,6.0,89.53,13.10807,-2.28552,21.3493,4e-05,0.87616
8153.37,BTC-27MAR20,1574333944196,open,0.5,54.1,0.4785,0.5905,0.5283463,75.47,0.545,0.0,BTC-27MAR20-12000-P,7907.62,71.0,0.52,2.0,0.54,4.0,81.42,15.56546,-4.62969,-35.9715,9e-05,-0.74087
8153.37,BTC-27MAR20,1574333944227,open,0.01,124.2,0.0005,0.0265,0.00719582,104.77,0.0085,0.0,BTC-27MAR20-30000-C,7907.62,102.05,0.006,38.0,0.009,38.0,108.37,3.79381,-1.5664,0.81393,2e-05,0.03591
8295.58,SYN.BTC-26JUN20,1574333944229,open,0.12,206.5,0.0745,0.1745,0.1167068,77.95,0.1175,0.0,BTC-26JUN20-12000-C,7907.62,77.19,0.1145,2.0,0.1195,18.0,78.9,24.35495,-4.3566,12.91639,8e-05,0.37755
8295.58,SYN.BTC-26JUN20,1574333944232,open,0.37,11.1,0.329,0.4105,0.36568634,75.98,0.37,0.0,BTC-26JUN20-6000-C,7907.62,72.63,0.3585,2.0,0.3685,7.0,77.28,17.88647,-3.11878,21.55843,6e-05,0.80105
7989.89,BTC-27DEC19,1574333944240,open,0.0,562.6,0.0005,0.0105,7e-08,105.0,0.0005,0.0,BTC-27DEC19-40000-C,7907.62,0.0,0.0,0.0,0.0005,9.8,173.01,0.00014,-0.0002,1e-05,0.0,0.0
8153.37,BTC-27MAR20,1574333944246,open,3.32,0.0,3.3295,3.52,3.41890527,105.52,None,0.0,BTC-27MAR20-36000-P,7907.62,0.0,0.0,0.0,0.0,0.0,0.0,2.22293,-0.9244,-124.7014,1e-05,-0.98105
7989.49,BTC-27DEC19,1574333944255,open,0.02,501.5,0.013,0.053,0.02867149,64.01,0.029,0.0,BTC-27DEC19-7000-P,7907.62,62.75,0.0275,2.0,0.03,48.0,65.41,7.49087,-6.68288,-1.98328,0.00019,-0.22388
8295.58,SYN.BTC-26JUN20,1574333944270,open,0.08,106.6,0.0575,0.133,0.08898688,75.99,0.084,0.0,BTC-26JUN20-6000-P,7907.62,71.56,0.0795,20.3,0.0865,27.3,74.84,17.88704,-3.11934,-14.25845,6e-05,-0.19896
173.04,ETH-27DEC19,1574333944275,open,0.0,1027.0,0.001,0.011,0.001955,110.01,0.002,0.0,ETH-27DEC19-380-C,170.93,101.27,0.001,421.0,0.006,300.0,129.74,0.02344,-0.03594,0.00264,0.00072,0.0175
177.5,SYN.ETH-26JUN20,1574333944279,open,0.29,53.0,0.229,0.333,0.282157,79.63,0.295,0.0,ETH-26JUN20-160-C,170.93,80.66,0.285,1.0,0.293,10.0,83.58,0.48842,-0.08926,0.42476,0.00326,0.68306
7989.89,BTC-27DEC19,1574333944286,open,0.39,66.8,0.3635,0.399,0.37922377,92.21,0.4645,0.0,BTC-27DEC19-5000-C,7907.62,0.0,0.367,7.0,0.3935,10.0,129.09,2.10159,-2.70095,4.57113,4e-05,0.96129
8295.58,SYN.BTC-26JUN20,1574333944309,open,0.55,0.5,0.519,0.5635,0.5381458,75.97,0.589,0.0,BTC-26JUN20-4000-C,7907.62,62.94,0.5275,7.0,0.556,8.0,92.52,7.85733,-1.36991,19.78778,3e-05,0.93775
7989.89,BTC-27DEC19,1574333944319,open,0.63,10.0,0.615,0.6345,0.62458974,102.71,0.618,0.0,BTC-27DEC19-3000-C,7907.62,0.0,0.618,10.0,0.6325,13.0,193.04,0.05915,-0.08468,2.94284,0.0,0.99932
8295.58,SYN.BTC-26JUN20,1574333944321,open,2.33,0.0,2.3195,2.5045,2.40171513,95.31,None,0.0,BTC-26JUN20-28000-P,7907.62,0.0,0.0,0.0,0.0,0.0,0.0,11.21648,-2.45341,-163.51323,3e-05,-0.90038
8295.58,SYN.BTC-26JUN20,1574333944331,open,0.02,78.9,0.007,0.059,0.02256074,95.98,0.0205,0.0,BTC-26JUN20-30000-C,7907.62,95.1,0.0215,20.0,0.0245,14.5,97.54,10.1044,-2.22571,3.16594,3e-05,0.0865
7989.89,BTC-27DEC19,1574333944380,open,0.27,112.3,0.2385,0.2825,0.25896198,72.91,0.27,0.0,BTC-27DEC19-6000-C,7907.62,0.0,0.242,7.0,0.28,14.0,106.28,3.92374,-3.98688,5.1461,9e-05,0.91425
7989.89,BTC-27DEC19,1574333944407,open,1.45,3.6,1.4545,1.5575,1.50369733,107.81,1.729,0.0,BTC-27DEC19-20000-P,7907.62,0.0,0.0,0.0,0.0,0.0,0.0,0.39137,-0.58808,-19.61927,1e-05,-0.99455
175.96,ETH-27MAR20,1574333944410,open,1.26,9.0,1.217,1.389,1.297774,93.74,1.34,0.0,ETH-27MAR20-400-P,170.93,0.0,1.245,7.0,1.349,7.0,127.7,0.19914,-0.07356,-1.33617,0.00197,-0.88678
7989.89,BTC-27DEC19,1574333944540,open,0.0,496.8,0.0005,0.0105,0.00015676,105.0,0.001,0.0,BTC-27DEC19-22000-C,7907.62,116.56,0.0005,2.1,0.0015,31.4,131.11,0.14382,-0.21046,0.01285,0.0,0.00179
173.04,ETH-27DEC19,1574333944564,open,0.0,4109.0,0.001,0.013,0.003076,96.06,0.005,0.0,ETH-27DEC19-100-P,170.93,80.43,0.001,1070.0,0.004,1.0,100.84,0.031,-0.04151,-0.00466,0.0011,-0.02434
7989.89,BTC-27DEC19,1574333944582,open,0.01,432.6,0.0005,0.02,0.00705613,82.39,0.007,0.0,BTC-27DEC19-5500-P,7907.62,79.35,0.006,52.0,0.008,33.4,84.91,2.89127,-3.31976,-0.50804,6e-05,-0.05764
8153.44,BTC-27MAR20,1574333944582,open,0.04,524.8,0.026,0.079,0.04696056,70.36,0.044,0.0,BTC-27MAR20-6000-P,7907.62,69.72,0.046,13.0,0.0485,0.5,71.38,12.25098,-3.39689,-6.20265,8e-05,-0.17189
8153.44,BTC-27MAR20,1574333944582,open,0.0,88.6,0.0005,0.019,0.00436564,105.0,0.0065,0.0,BTC-27MAR20-34000-C,7907.62,105.41,0.0045,39.0,0.007,39.0,111.97,2.61043,-1.08015,0.52548,1e-05,0.02291
8295.66,SYN.BTC-26JUN20,1574333944582,open,0.02,232.4,0.009,0.041,0.02034537,75.99,0.017,0.0,BTC-26JUN20-4000-P,7907.62,73.45,0.018,28.0,0.02,0.1,75.62,7.85975,-1.37064,-4.09098,3e-05,-0.06227
7989.89,BTC-27DEC19,1574333944682,open,0.12,288.6,0.083,0.14,0.1094015,61.8,0.111,0.0,BTC-27DEC19-7500-C,7907.62,59.69,0.107,2.0,0.113,13.6,64.94,9.1362,-7.86863,4.35556,0.00024,0.66402
173.04,ETH-27DEC19,1574333944686,open,0.0,4109.0,0.001,0.013,0.003076,96.06,0.005,0.0,ETH-27DEC19-100-P,170.93,80.43,0.001,1430.0,0.004,1.0,100.84,0.031,-0.04151,-0.00466,0.0011,-0.02434
8153.44,BTC-27MAR20,1574333944711,open,0.14,324.4,0.113,0.2015,0.15190179,69.65,0.1515,0.0,BTC-27MAR20-8000-P,7907.62,68.59,0.1495,14.3,0.152,15.0,69.69,18.58018,-5.09969,-15.66121,0.00012,-0.40068
7925.68,SYN.BTC-29NOV19,1574333944758,open,0.0,499.9,0.0005,0.014,0.00268679,76.0,0.003,0.0,BTC-29NOV19-9500-C,7907.62,74.89,0.0025,0.1,0.004,40.5,82.85,1.36018,-6.56254,0.0955,0.00013,0.05853
170.99,SYN.ETH-22NOV19,1574333944765,open,0.08,6.0,0.036,0.096,0.066318,101.01,0.079,0.0,ETH-22NOV19-160-C,170.93,0.0,0.064,24.0,0.085,21.0,242.78,0.01312,-0.66239,0.00348,0.01851,0.91428
175.95,ETH-27MAR20,1574333944803,open,1.26,9.0,1.217,1.389,1.297775,93.63,1.34,0.0,ETH-27MAR20-400-P,170.93,0.0,1.244,7.0,1.349,7.0,127.64,0.1986,-0.07328,-1.33635,0.00197,-0.8872
175.95,ETH-27MAR20,1574333944864,open,1.04,7.0,1.001,1.165,1.078572,91.57,1.004,0.0,ETH-27MAR20-360-P,170.93,0.0,1.034,8.0,1.127,8.0,120.92,0.23695,-0.08551,-1.18224,0.0024,-0.85454
175.95,ETH-27MAR20,1574333944879,open,1.26,9.0,1.217,1.389,1.297775,93.63,1.34,0.0,ETH-27MAR20-400-P,170.93,0.0,1.244,7.0,1.35,7.0,128.18,0.1986,-0.07328,-1.33635,0.00197,-0.8872
7989.89,BTC-27DEC19,1574333945024,open,0.07,976.8,0.0505,0.1095,0.07651472,60.72,0.076,0.0,BTC-27DEC19-8000-P,7907.62,59.11,0.0745,19.0,0.079,15.9,62.72,9.9541,-8.424,-4.25046,0.00026,-0.46472
175.95,ETH-27MAR20,1574333945243,open,0.62,186.0,0.58,0.725,0.649262,84.24,0.62,0.0,ETH-27MAR20-280-P,170.93,48.23,0.599,12.0,0.671,13.0,95.44,0.32683,-0.1085,-0.8582,0.00361,-0.754
8153.44,BTC-27MAR20,1574333945315,open,2.84,0.0,2.849,3.025,2.93045934,105.28,None,0.0,BTC-27MAR20-32000-P,7907.62,0.0,0.001,1.0,0.0,0.0,0.0,3.20002,-1.32769,-110.56792,1e-05,-0.97078
7990.03,BTC-27DEC19,1574333945593,open,0.22,66.1,0.18,0.23,0.20334827,67.87,0.355,0.0,BTC-27DEC19-6500-C,7907.62,0.0,0.1825,7.0,0.228,14.0,98.3,5.59898,-5.2958,5.15009,0.00013,0.85913
7990.03,BTC-27DEC19,1574333945593,open,0.01,1200.1,0.0005,0.0275,0.01010367,73.43,0.009,0.0,BTC-27DEC19-11000-C,7907.62,72.32,0.0095,28.0,0.0115,30.0,75.86,4.44051,-4.54416,0.71687,0.0001,0.10139
7990.03,BTC-27DEC19,1574333945593,open,0.0,657.0,0.0005,0.0105,9.95e-06,105.0,0.0005,0.0,BTC-27DEC19-28000-C,7907.62,0.0,0.0,0.0,0.001,30.0,149.74,0.01302,-0.01906,0.00097,0.0,0.00013
7990.03,BTC-27DEC19,1574333945595,open,0.0,106.3,0.0005,0.0105,4.5e-07,105.0,0.0005,0.0,BTC-27DEC19-2000-P,7907.62,0.0,0.0,0.0,0.0005,13.1,175.24,0.00071,-0.00103,-5e-05,0.0,-1e-05
8295.73,SYN.BTC-26JUN20,1574333945593,open,0.3,10.6,0.257,0.351,0.29951056,75.98,0.2965,0.0,BTC-26JUN20-7000-C,7907.62,72.52,0.2905,2.0,0.302,7.0,76.94,21.57557,-3.76214,20.82182,7e-05,0.71999
8295.73,SYN.BTC-26JUN20,1574333945595,open,0.05,241.1,0.0255,0.1035,0.05419813,84.82,0.0555,0.0,BTC-26JUN20-18000-C,7907.62,84.26,0.053,1.0,0.056,19.7,85.66,17.75051,-3.4552,7.04394,5e-05,0.19645
7925.71,SYN.BTC-29NOV19,1574333945595,open,0.0,1281.3,0.0005,0.0195,0.00523289,69.64,0.005,0.0,BTC-29NOV19-7000-P,7907.62,64.68,0.004,34.2,0.006,20.0,72.47,2.08571,-9.22068,-0.18487,0.00022,-0.10287
8153.51,BTC-27MAR20,1574333945621,open,3.08,0.0,3.0895,3.2725,3.1744616,105.35,None,0.0,BTC-27MAR20-34000-P,7907.62,0.0,0.0,0.0,0.0,0.0,0.0,2.65596,-1.10264,-117.64982,1e-05,-0.97662
7990.03,BTC-27DEC19,1574333945624,open,0.0,349.0,0.0005,0.0105,0.0,105.0,0.0005,0.0,BTC-27DEC19-48000-C,7907.62,0.0,0.0,0.0,0.001,49.0,201.65,1e-05,-1e-05,0.0,0.0,0.0
7990.03,BTC-27DEC19,1574333945670,open,0.0,964.9,0.0005,0.0175,0.00451988,95.02,0.005,0.0,BTC-27DEC19-14000-C,7907.62,93.08,0.004,40.0,0.0055,54.0,98.34,2.22324,-2.94426,0.29027,4e-05,0.04148
8295.73,SYN.BTC-26JUN20,1574333945674,open,0.65,14.5,0.634,0.6615,0.64545999,79.13,0.682,0.0,BTC-26JUN20-3000-C,7907.62,58.54,0.6395,7.0,0.6585,7.0,101.01,3.67765,-0.66787,16.34531,1e-05,0.97554
7990.03,BTC-27DEC19,1574333945676,open,0.25,533.9,0.237,0.307,0.26879268,67.17,0.255,0.0,BTC-27DEC19-10000-P,7907.62,35.1,0.2525,16.0,0.287,8.0,87.4,6.30165,-5.89897,-8.64142,0.00015,-0.83155
8153.51,BTC-27MAR20,1574333945678,open,0.95,1.1,0.9355,1.0535,0.98767677,82.58,1.08,0.0,BTC-27MAR20-16000-P,7907.62,0.0,0.0,0.0,0.0,0.0,0.0,9.99982,-3.25426,-52.73836,5e-05,-0.87311
7990.03,BTC-27DEC19,1574333945689,open,5.38,0.8,5.3805,5.6405,5.50822477,175.32,3.59,0.0,BTC-27DEC19-52000-P,7907.64,0.0,0.001,1.0,0.0,0.0,0.0,0.07386,-0.18047,-51.10468,0.0,-0.99913
8153.51,BTC-27MAR20,1574333945689,open,0.21,106.7,0.186,0.2855,0.23043152,70.73,0.221,0.0,BTC-27MAR20-9000-P,7907.64,68.85,0.226,2.0,0.2355,11.2,72.89,19.17004,-5.34362,-21.02232,0.00012,-0.51131
8153.51,BTC-27MAR20,1574333945689,open,0.01,56.7,0.0005,0.0285,0.00809609,102.3,0.0075,0.0,BTC-27MAR20-28000-C,7907.64,100.07,0.007,38.0,0.0095,18.5,104.9,4.19129,-1.68972,0.92068,2e-05,0.04058
7990.03,BTC-27DEC19,1574333945689,open,0.0,680.5,0.0005,0.0105,2.444e-05,105.0,0.0005,0.0,BTC-27DEC19-26000-C,7907.64,0.0,0.0,0.0,0.001,30.0,142.31,0.02885,-0.04221,0.00227,0.0,0.00031
7990.03,BTC-27DEC19,1574333945689,open,0.6,99.0,0.597,0.675,0.63231661,87.5,0.638,0.0,BTC-27DEC19-13000-P,7907.64,0.0,0.0,0.0,0.0,0.0,0.0,2.61619,-3.19046,-12.42027,5e-05,-0.94921
7925.71,SYN.BTC-29NOV19,1574333945689,open,0.01,171.5,0.0005,0.0235,0.00762812,62.21,0.005,0.0,BTC-29NOV19-7250-P,7907.64,57.34,0.006,30.8,0.009,20.0,66.04,2.75841,-10.89445,-0.27584,0.00033,-0.15367
7909.63,SYN.BTC-22NOV19,1574333945689,open,0.02,115.4,0.0005,0.0255,0.00578937,53.59,0.0065,0.0,BTC-22NOV19-8000-C,7907.64,54.76,0.006,0.2,0.0075,0.4,63.01,1.4153,-37.92063,0.06292,0.00176,0.33735
7909.63,SYN.BTC-22NOV19,1574333945689,open,0.39,0.0,0.3945,0.451,0.42231851,189.48,None,0.0,BTC-22NOV19-11250-P,7907.64,0.0,0.0,0.0,0.0,0.0,0.0,0.00137,-0.12976,-0.26989,0.0,-0.99991
8153.51,BTC-27MAR20,1574333945690,open,0.72,60.0,0.703,0.818,0.75378481,79.2,0.755,0.0,BTC-27MAR20-14000-P,7907.64,0.0,0.7095,3.0,0.7945,2.0,102.16,12.51034,-3.90453,-44.67059,7e-05,-0.82234
7990.03,BTC-27DEC19,1574333945690,open,0.02,1055.5,0.006,0.038,0.01716399,67.08,0.016,0.0,BTC-27DEC19-10000-C,7907.64,65.58,0.016,27.0,0.0185,29.1,68.75,6.29241,-5.88265,1.18506,0.00015,0.16806
7909.63,SYN.BTC-22NOV19,1574333945689,open,0.0,281.5,0.0005,0.0105,0.00025523,94.73,0.0005,0.0,BTC-22NOV19-8750-C,7907.64,0.0,0.0,0.0,0.001,12.8,118.22,0.1523,-2.01881,0.00292,0.00011,0.01567
7990.03,BTC-27DEC19,1574333945692,open,0.01,621.4,0.0065,0.0365,0.01690692,67.93,0.0155,0.0,BTC-27DEC19-6500-P,7907.64,65.9,0.0155,36.2,0.018,49.0,69.47,5.60387,-5.30542,-1.24051,0.00013,-0.14105
7990.03,BTC-27DEC19,1574333945692,open,0.0,712.2,0.0005,0.013,0.00330817,101.32,0.0025,0.0,BTC-27DEC19-4500-P,7907.64,92.99,0.002,48.0,0.0045,51.1,107.33,1.44615,-2.04209,-0.21946,2e-05,-0.02464
7909.63,SYN.BTC-22NOV19,1574333945689,open,0.0,310.3,0.0005,0.0135,0.00131947,63.92,0.002,0.0,BTC-22NOV19-8250-C,7907.64,59.7,0.001,20.6,0.002,0.4,71.56,0.63813,-10.43656,0.01716,0.00067,0.09174
7909.63,SYN.BTC-22NOV19,1574333945689,open,0.33,0.0,0.3325,0.387,0.35910435,166.15,None,0.0,BTC-22NOV19-10750-P,7907.64,0.0,0.0,0.0,0.0,0.0,0.0,0.00148,-0.12257,-0.25789,0.0,-0.9999
8153.51,BTC-27MAR20,1574333945692,open,0.32,19.3,0.2815,0.3465,0.31106405,70.35,0.406,0.0,BTC-27MAR20-6000-C,7907.64,57.63,0.293,11.0,0.3285,13.0,81.56,12.24995,-3.39612,14.65476,8e-05,0.82813
7990.05,BTC-27DEC19,1574333945693,open,0.17,71.0,0.127,0.1815,0.1525283,63.96,0.1575,0.0,BTC-27DEC19-7000-C,7907.64,61.24,0.15,19.0,0.157,14.0,68.67,7.48701,-6.67439,4.89915,0.00019,0.77636
7941.79,SYN.BTC-6DEC19,1574333945689,open,0.0,0.1975,0.234,0.21494354,67.54,None,0.0,BTC-6DEC19-6250-C,7907.64,0.0,0.0,0.0,0.0,0.0,0.0,1.2095,-2.74578,2.43097,7e-05,0.96601
8153.51,BTC-27MAR20,1574333945693,open,1.65,5.6,1.65,1.7875,1.71140074,94.36,1.545,0.0,BTC-27MAR20-22000-P,7907.64,0.0,0.0,0.0,0.0,0.0,0.0,6.16896,-2.29387,-74.97543,3e-05,-0.93398
7909.63,SYN.BTC-22NOV19,1574333945689,open,0.01,616.6,0.0015,0.0415,0.01721587,53.59,0.0175,0.0,BTC-22NOV19-8000-P,7907.64,40.85,0.015,0.4,0.0155,2.3,43.8,1.41533,-37.92704,-0.12901,0.00176,-0.66262
7990.05,BTC-27DEC19,1574333945694,open,2.19,0.0,2.1905,2.322,2.25419385,119.37,None,0.0,BTC-27DEC19-26000-P,7907.64,0.0,0.0,0.0,0.0,0.0,0.0,0.12302,-0.20466,-25.54458,0.0,-0.99849
8295.73,SYN.BTC-26JUN20,1574333945692,open,1.4,0.0,1.386,1.5445,1.45555784,86.93,None,0.0,BTC-26JUN20-20000-P,7907.64,0.0,0.1,1.0,1.88,0.1,235.94,15.90583,-3.1732,-113.42921,4e-05,-0.83507
8295.73,SYN.BTC-26JUN20,1574333945689,open,0.26,109.5,0.232,0.352,0.28539926,75.99,0.2775,0.0,BTC-26JUN20-9000-P,7907.64,72.25,0.274,2.0,0.2855,16.5,76.02,25.26512,-4.40602,-35.84673,8e-05,-0.4385
7990.05,BTC-27DEC19,1574333945693,open,0.48,73.0,0.475,0.5495,0.50863242,80.04,0.3805,0.0,BTC-27DEC19-12000-P,7907.64,0.0,0.479,4.0,0.5305,4.0,115.33,3.2671,-3.64445,-11.31845,7e-05,-0.93259
7990.05,BTC-27DEC19,1574333945694,open,0.0,418.1,0.0005,0.013,0.00276425,104.25,0.002,0.0,BTC-27DEC19-16000-C,7907.64,99.61,0.002,2.0,0.004,54.0,110.22,1.46037,-2.12175,0.17404,2e-05,0.02493
7990.05,BTC-27DEC19,1574333945694,open,3.42,1.3,3.4175,3.5975,3.50577336,149.31,3.212,0.0,BTC-27DEC19-36000-P,7907.64,0.0,0.0,0.0,0.0,0.0,0.0,0.11728,-0.24406,-35.37432,0.0,-0.99857
7925.71,SYN.BTC-29NOV19,1574333945689,open,0.15,15.0,0.145,0.2005,0.17048267,70.78,0.148,0.0,BTC-29NOV19-9250-P,7907.64,0.0,0.159,12.0,0.1825,7.0,109.12,1.66108,-7.46465,-1.8721,0.00017,-0.92422
7925.71,SYN.BTC-29NOV19,1574333945689,open,0.21,2.0,0.2065,0.262,0.23201494,78.51,0.161,0.0,BTC-29NOV19-9750-P,7907.64,0.0,0.219,7.0,0.2535,7.0,151.5,1.0248,-5.1082,-2.03671,0.0001,-0.95894
7990.05,BTC-27DEC19,1574333945695,open,0.01,969.8,0.0005,0.021,0.006678,79.83,0.0065,0.0,BTC-27DEC19-12000-C,7907.64,78.11,0.006,54.0,0.007,0.6,80.61,3.24447,-3.60961,0.47224,6e-05,0.06681
7909.63,SYN.BTC-22NOV19,1574333945689,open,0.0,190.5,0.0005,0.0105,0.0,105.0,0.0005,0.0,BTC-22NOV19-10500-C,7907.64,0.0,0.0,0.0,0.001,33.0,275.27,0.0,0.0,0.0,0.0,0.0
7990.05,BTC-27DEC19,1574333945695,open,4.89,0.0,4.89,5.13,5.00781768,183.66,None,0.0,BTC-27DEC19-48000-P,7907.64,0.0,0.0005,1.0,0.0,0.0,0.0,0.18429,-0.47173,-47.1632,0.0,-0.99764
7990.05,BTC-27DEC19,1574333945695,open,0.0,961.6,0.0005,0.0105,4.13e-06,105.0,0.001,0.0,BTC-27DEC19-30000-C,7907.64,0.0,0.0,0.0,0.0005,0.9,146.39,0.00593,-0.00868,0.00042,0.0,6e-05
7909.63,SYN.BTC-22NOV19,1574333945689,open,0.0,364.0,0.0005,0.0105,0.00040096,76.33,0.0005,0.0,BTC-22NOV19-8500-C,7907.64,79.24,0.0005,20.1,0.001,0.5,90.33,0.251,-3.17141,0.00529,0.00022,0.02828
7925.71,SYN.BTC-29NOV19,1574333945692,open,0.38,0.3,0.3565,0.382,0.36918303,103.47,0.3885,0.0,BTC-29NOV19-5000-C,7907.64,0.0,0.3605,7.0,0.3795,7.0,228.93,0.03723,-0.24459,1.07717,0.0,0.99905
7909.63,SYN.BTC-22NOV19,1574333945689,open,0.36,0.0,0.3635,0.419,0.39071143,177.97,None,0.0,BTC-22NOV19-11000-P,7907.64,0.0,0.0,0.0,0.0,0.0,0.0,0.00142,-0.12619,-0.26389,0.0,-0.99991
7925.71,SYN.BTC-29NOV19,1574333945693,open,0.0,351.4,0.0005,0.0115,0.00152996,97.42,0.002,0.0,BTC-29NOV19-10500-C,7907.64,91.24,0.001,19.0,0.0025,37.3,105.91,0.77268,-4.7788,0.04717,6e-05,0.02911
7925.71,SYN.BTC-29NOV19,1574333945689,open,0.0,92.1,0.0005,0.0115,0.00182643,78.4,0.002,0.0,BTC-29NOV19-9750-C,7907.64,75.71,0.0015,24.0,0.0025,1.0,83.16,1.01991,-5.07632,0.06668,0.0001,0.04082
8153.53,BTC-27MAR20,1574333945696,open,0.01,92.5,0.0005,0.0315,0.00948455,100.08,0.009,0.0,BTC-27MAR20-26000-C,7907.64,97.4,0.008,38.0,0.0115,38.0,103.34,4.75322,-1.87469,1.07549,2e-05,0.04743
7909.63,SYN.BTC-22NOV19,1574333945689,open,0.3,0.0,0.3015,0.3545,0.32749728,154.03,None,0.0,BTC-22NOV19-10500-P,7907.64,0.0,0.0,0.0,0.0,0.0,0.0,0.00154,-0.11892,-0.25189,0.0,-0.9999
7925.71,SYN.BTC-29NOV19,1574333945692,open,0.36,13.1,0.361,0.422,0.38883595,102.88,0.233,0.0,BTC-29NOV19-11000-P,7907.64,0.0,0.0155,0.1,0.0,0.0,0.0,0.51922,-3.39131,-2.34407,4e-05,-0.98184
7925.71,SYN.BTC-29NOV19,1574333945689,open,0.27,0.0,0.2685,0.3265,0.29473226,89.99,None,0.0,BTC-29NOV19-10250-P,7907.64,0.0,0.0,0.0,0.0,0.0,0.0,0.79429,-4.5379,-2.16272,7e-05,-0.9699
7925.71,SYN.BTC-29NOV19,1574333945689,open,0.01,205.2,0.0005,0.021,0.00608398,60.04,0.008,0.0,BTC-29NOV19-8750-C,7907.64,58.22,0.0055,22.3,0.008,22.8,65.58,2.59831,-9.90366,0.22997,0.00032,0.14056
7925.71,SYN.BTC-29NOV19,1574333945689,open,0.01,777.6,0.0085,0.049,0.02101962,53.24,0.0185,0.0,BTC-29NOV19-7750-P,7907.64,50.5,0.0195,12.0,0.0235,37.9,57.69,4.40455,-14.8878,-0.67264,0.00061,-0.3723
7925.71,SYN.BTC-29NOV19,1574333945695,open,0.01,925.1,0.0005,0.0335,0.01018128,57.93,0.01,0.0,BTC-29NOV19-8500-C,7907.64,57.51,0.01,28.0,0.0115,24.8,60.93,3.42759,-12.60572,0.35511,0.00044,0.21783
8295.73,SYN.BTC-26JUN20,1574333945689,open,0.2,60.8,0.154,0.2585,0.20048039,75.98,0.209,0.0,BTC-26JUN20-9000-C,7907.64,73.69,0.1935,18.5,0.202,16.5,76.48,25.26529,-4.4056,17.87636,8e-05,0.56148
7909.63,SYN.BTC-22NOV19,1574333945689,open,0.0,346.9,0.0005,0.0105,0.0,105.0,0.001,0.0,BTC-22NOV19-10250-C,7907.64,0.0,0.0,0.0,0.001,37.0,255.65,1e-05,-2e-05,0.0,0.0,0.0
8295.73,SYN.BTC-26JUN20,1574333945689,open,0.07,121.6,0.0335,0.117,0.06558726,81.76,0.066,0.0,BTC-26JUN20-16000-C,7907.64,80.67,0.063,35.3,0.068,1.0,82.77,19.67524,-3.69183,8.36699,6e-05,0.23455
7925.71,SYN.BTC-29NOV19,1574333945689,open,0.17,0.0,0.132,0.1745,0.15180083,75.96,None,0.0,BTC-29NOV19-6750-C,7907.64,0.0,0.143,5.0,0.171,6.0,137.81,1.51971,-7.32911,1.33514,0.00015,0.93251
8295.73,SYN.BTC-26JUN20,1574333945689,open,0.02,13.7,0.0065,0.0565,0.02095138,97.97,0.0225,0.0,BTC-26JUN20-32000-C,7907.64,96.69,0.0195,21.0,0.023,14.9,99.71,9.52998,-2.14273,2.92483,2e-05,0.08002
7909.63,SYN.BTC-22NOV19,1574333945689,open,0.0,176.8,0.0005,0.0105,0.0,105.0,0.0005,0.0,BTC-22NOV19-11250-C,7907.64,0.0,0.0,0.0,0.001,35.0,330.19,0.0,0.0,0.0,0.0,0.0
7909.63,SYN.BTC-22NOV19,1574333945689,open,0.18,24.8,0.178,0.226,0.20107153,108.49,0.176,0.0,BTC-22NOV19-9500-P,7907.64,0.0,0.182,3.0,0.217,3.0,368.19,0.00444,-0.24091,-0.22786,0.0,-0.99969
7909.63,SYN.BTC-22NOV19,1574333945690,open,0.0,335.5,0.0005,0.0105,0.00010501,104.86,0.0005,0.0,BTC-22NOV19-9000-C,7907.64,0.0,0.0,0.0,0.0005,5.5,128.68,0.06987,-0.8306,0.0012,4e-05,0.00641
7909.63,SYN.BTC-22NOV19,1574333945689,open,0.27,0.0,0.2705,0.323,0.2958902,141.59,None,0.0,BTC-22NOV19-10250-P,7907.64,0.0,0.0,0.0,0.0,0.0,0.0,0.00163,-0.11532,-0.24589,0.0,-0.99989
7909.63,SYN.BTC-22NOV19,1574333945689,open,0.0,98.2,0.0005,0.0105,0.0,105.0,0.001,0.0,BTC-22NOV19-10750-C,7907.64,0.0,0.0,0.0,0.001,37.0,294.2,0.0,0.0,0.0,0.0,0.0
8295.73,SYN.BTC-26JUN20,1574333945692,open,0.95,3.0,0.9295,1.077,0.99434612,81.79,0.95,0.0,BTC-26JUN20-16000-P,7907.64,44.08,0.9335,2.0,1.0,1.0,84.14,19.6809,-3.69398,-87.13694,6e-05,-0.76533
7925.71,SYN.BTC-29NOV19,1574333945690,open,0.06,31.5,0.025,0.0725,0.04317747,53.22,0.045,0.0,BTC-29NOV19-7750-C,7907.64,50.19,0.0415,12.1,0.0475,1.0,60.96,4.40441,-14.88133,0.99969,0.00061,0.62774
7909.63,SYN.BTC-22NOV19,1574333945689,open,0.0,532.7,0.0005,0.0105,1.819e-05,105.0,0.0005,0.0,BTC-22NOV19-9250-C,7907.64,0.0,0.0,0.0,0.001,46.9,168.66,0.01626,-0.14385,0.00024,1e-05,0.00127
7909.63,SYN.BTC-22NOV19,1574333945689,open,0.13,0.0,0.097,0.1345,0.11514347,104.89,None,0.0,BTC-22NOV19-7000-C,7907.64,0.0,0.115,0.1,0.118,0.1,178.0,0.08601,-4.51101,0.16637,5e-05,0.99188
7925.71,SYN.BTC-29NOV19,1574333945689,open,0.11,12.0,0.0705,0.117,0.09287257,62.18,0.119,0.0,BTC-29NOV19-7250-C,7907.64,0.0,0.0845,9.8,0.1165,6.0,116.43,2.75706,-10.88351,1.28872,0.00033,0.84645
7909.63,SYN.BTC-22NOV19,1574333945689,open,0.0,401.5,0.0005,0.0105,2.57e-06,105.0,0.001,0.0,BTC-22NOV19-9500-C,7907.64,0.0,0.0,0.0,0.001,33.0,191.89,0.00297,-0.0203,4e-05,0.0,0.0002
7925.71,SYN.BTC-29NOV19,1574333945689,open,0.0,174.4,0.0005,0.0155,0.00338075,70.72,0.0035,0.0,BTC-29NOV19-9250-C,7907.64,68.84,0.003,0.1,0.0045,20.3,75.69,1.65757,-7.44171,0.12346,0.00017,0.07557
7909.63,SYN.BTC-22NOV19,1574333945689,open,0.0,103.0,0.0005,0.0105,0.00014166,105.0,0.0005,0.0,BTC-22NOV19-7000-P,7907.64,0.0,0.0,0.0,0.0005,0.5,125.2,0.08652,-1.12046,-0.00158,5e-05,-0.00817
7909.63,SYN.BTC-22NOV19,1574333945689,open,0.12,133.8,0.116,0.1635,0.13795982,105.04,0.1095,0.0,BTC-22NOV19-9000-P,7907.64,0.0,0.123,4.0,0.155,4.0,305.71,0.07059,-3.70751,-0.21471,4e-05,-0.99351
7941.79,SYN.BTC-6DEC19,1574333945689,open,0.0,0.0005,0.0115,0.00193776,67.66,None,0.0,BTC-6DEC19-6250-P,7907.64,0.0,0.0,0.0,0.009,13.0,96.23,1.21604,-2.76545,-0.11702,7e-05,-0.03422
7925.71,SYN.BTC-29NOV19,1574333945696,open,0.0,819.5,0.0005,0.0175,0.00407025,63.98,0.0065,0.0,BTC-29NOV19-9000-C,7907.64,61.62,0.0035,45.8,0.0065,53.6,72.68,1.98076,-8.04552,0.15696,0.00023,0.09585
7925.71,SYN.BTC-29NOV19,1574333945694,open,0.42,0.0,0.423,0.4845,0.45144266,104.59,None,0.0,BTC-29NOV19-11500-P,7907.64,0.0,0.0,0.0,0.0,0.0,0.0,0.29637,-1.96793,-2.46596,2e-05,-0.99051
7925.71,SYN.BTC-29NOV19,1574333945689,open,0.02,94.1,0.005,0.041,0.01540186,53.12,0.016,0.0,BTC-29NOV19-8250-C,7907.64,51.39,0.0145,11.0,0.017,1.0,56.15,4.14929,-13.99347,0.51651,0.00058,0.31743
7909.63,SYN.BTC-22NOV19,1574333945689,open,0.21,10.3,0.209,0.258,0.23267634,116.77,0.097,0.0,BTC-22NOV19-9750-P,7907.64,0.0,0.213,3.0,0.248,3.0,395.63,0.00214,-0.12477,-0.23389,0.0,-0.99986
7925.71,SYN.BTC-29NOV19,1574333945693,open,0.26,22.5,0.228,0.264,0.24446561,100.78,0.2095,0.0,BTC-29NOV19-6000-C,7907.64,0.0,0.2355,5.0,0.259,5.0,175.85,0.68807,-4.40249,1.24875,5e-05,0.97466
7909.63,SYN.BTC-22NOV19,1574333945689,open,0.0,311.5,0.0005,0.0105,3e-08,105.0,0.0005,0.0,BTC-22NOV19-10000-C,7907.64,0.0,0.0,0.0,0.001,33.0,235.27,5e-05,-0.00024,0.0,0.0,0.0
7909.63,SYN.BTC-22NOV19,1574333945689,open,0.03,630.5,0.023,0.0685,0.04435305,63.93,0.0415,0.0,BTC-22NOV19-8250-P,7907.64,0.0,0.043,0.4,0.0445,0.1,65.71,0.63844,-20.40872,-0.18076,0.00067,-0.9082
7909.63,SYN.BTC-22NOV19,1574333945689,open,0.0,331.5,0.0005,0.0105,3e-07,105.0,0.0005,0.0,BTC-22NOV19-9750-C,7907.64,0.0,0.0,0.0,0.0005,10.1,193.31,0.00044,-0.00239,0.0,0.0,3e-05
7909.63,SYN.BTC-22NOV19,1574333945689,open,0.1,20.2,0.065,0.107,0.08429403,104.61,0.101,0.0,BTC-22NOV19-7250-C,7907.64,109.01,0.0845,0.1,0.087,0.1,144.89,0.34904,-18.25655,0.16575,0.00022,0.95774
7925.71,SYN.BTC-29NOV19,1574333945694,open,0.01,424.4,0.0025,0.038,0.01202193,56.06,0.012,0.0,BTC-29NOV19-7500-P,7907.64,50.37,0.0095,43.5,0.0135,29.4,59.27,3.60554,-12.83141,-0.42815,0.00047,-0.23834
8295.73,SYN.BTC-26JUN20,1574333945696,open,0.04,25.8,0.0145,0.08,0.03679382,88.41,0.041,0.0,BTC-26JUN20-22000-C,7907.64,87.05,0.0345,33.0,0.0395,20.0,89.97,14.17357,-2.8757,5.04496,4e-05,0.13867
8295.73,SYN.BTC-26JUN20,1574333945692,open,1.18,0.0,1.1565,1.31,1.22405185,84.85,None,0.0,BTC-26JUN20-18000-P,7907.64,0.0,0.09,1.0,1.35,1.0,132.13,17.75857,-3.45798,-100.39748,5e-05,-0.80341
7909.63,SYN.BTC-22NOV19,1574333945689,open,0.24,5.1,0.2395,0.2905,0.26428315,128.9,0.124,0.0,BTC-22NOV19-10000-P,7907.64,0.0,0.2445,3.0,0.281,3.0,438.0,0.00175,-0.11311,-0.23989,0.0,-0.99988
7925.71,SYN.BTC-29NOV19,1574333945689,open,0.0,73.2,0.0005,0.011,0.00145716,89.83,0.0015,0.0,BTC-29NOV19-10250-C,7907.64,84.69,0.001,20.0,0.0025,20.0,98.64,0.78904,-4.49997,0.04857,6e-05,0.02986
7925.71,SYN.BTC-29NOV19,1574333945695,open,0.73,0.0,0.732,0.803,0.76643007,116.76,None,0.0,BTC-29NOV19-14000-P,7907.64,0.0,0.0,0.0,0.0,0.0,0.0,0.02507,-0.18584,-3.01981,0.0,-0.99938
7925.71,SYN.BTC-29NOV19,1574333945694,open,0.0,398.8,0.0005,0.0105,0.00020776,105.0,0.001,0.0,BTC-29NOV19-12000-C,7907.64,0.0,0.0,0.0,0.001,27.9,126.24,0.15316,-1.02096,0.00734,1e-05,0.0045
7909.63,SYN.BTC-22NOV19,1574333945689,open,0.0,209.4,0.0005,0.0165,0.00203994,86.22,0.002,0.0,BTC-22NOV19-7500-P,7907.64,79.52,0.0015,0.5,0.0025,20.1,91.33,0.68094,-16.13518,-0.0194,0.00053,-0.10021
7909.63,SYN.BTC-22NOV19,1574333945689,open,0.0,181.3,0.0005,0.0105,0.0,105.0,0.001,0.0,BTC-22NOV19-11000-C,7907.64,0.0,0.0,0.0,0.001,37.0,312.49,0.0,0.0,0.0,0.0,0.0
8295.73,SYN.BTC-26JUN20,1574333945696,open,0.25,55.5,0.1995,0.301,0.24500882,75.98,0.2505,0.0,BTC-26JUN20-8000-C,7907.64,74.77,0.2415,2.0,0.2655,8.0,83.09,24.00499,-4.18581,19.50206,8e-05,0.63884
7909.63,SYN.BTC-22NOV19,1574333945689,open,0.15,50.8,0.147,0.1945,0.16948007,105.74,0.14,0.0,BTC-22NOV19-9250-P,7907.64,0.0,0.154,3.0,0.1855,3.0,334.62,0.01735,-0.91724,-0.22167,1e-05,-0.99863
7925.71,SYN.BTC-29NOV19,1574333945695,open,0.0,432.4,0.0005,0.0105,4.893e-05,105.0,0.001,0.0,BTC-29NOV19-5000-P,7907.64,0.0,0.0,0.0,0.001,22.0,146.87,0.04252,-0.28342,-0.00195,0.0,-0.00109
175.95,ETH-27MAR20,1574333945717,open,0.04,1180.0,0.019,0.069,0.04113,77.02,0.042,0.0,ETH-27MAR20-120-P,170.92,73.86,0.037,615.0,0.043,25.0,78.42,0.2335,-0.07087,-0.11221,0.00282,-0.14234
175.95,ETH-27MAR20,1574333945717,open,0.22,779.0,0.171,0.261,0.216928,75.36,0.239,0.0,ETH-27MAR20-160-C,170.92,68.38,0.202,300.0,0.289,10.0,109.25,0.37632,-0.11177,0.27624,0.00464,0.66859
175.95,ETH-27MAR20,1574333945717,open,2.58,0.0,2.534,2.774,2.647112,108.95,None,0.0,ETH-27MAR20-640-P,170.92,0.0,0.01,50.0,0.0,0.0,0.0,0.09937,-0.04267,-2.20272,0.00085,-0.9544
173.04,ETH-27DEC19,1574333945717,open,0.04,13336.0,0.017,0.068,0.03941,73.19,0.044,0.0,ETH-27DEC19-200-C,170.92,70.05,0.036,651.0,0.043,331.0,76.44,0.18942,-0.19323,0.0448,0.00879,0.30283
173.04,ETH-27DEC19,1574333945717,open,0.14,1389.0,0.092,0.161,0.126952,69.92,0.115,0.0,ETH-27DEC19-160-C,170.92,59.15,0.115,340.0,0.137,10.0,78.82,0.19407,-0.18912,0.09402,0.00943,0.67976
175.95,ETH-27MAR20,1574333945717,open,0.01,393.0,0.001,0.029,0.009715,108.95,0.008,0.0,ETH-27MAR20-640-C,170.92,103.64,0.007,220.0,0.011,300.0,111.13,0.09937,-0.04267,0.02194,0.00085,0.0456
175.95,ETH-27MAR20,1574333945717,open,0.43,125.0,0.382,0.516,0.447601,80.2,0.37,0.0,ETH-27MAR20-240-P,170.92,63.81,0.414,300.0,0.504,11.0,105.32,0.3789,-0.11975,-0.67913,0.00439,-0.66279
175.95,ETH-27MAR20,1574333945717,open,0.04,1031.0,0.016,0.076,0.040774,87.06,0.048,0.0,ETH-27MAR20-320-C,170.92,83.24,0.035,558.0,0.046,298.0,90.34,0.27387,-0.09396,0.08623,0.00292,0.18176
175.94,ETH-27MAR20,1574333945718,open,0.25,755.0,0.21,0.328,0.268098,77.18,0.207,0.0,ETH-27MAR20-200-P,170.92,66.89,0.244,300.0,0.298,10.0,89.9,0.41322,-0.12568,-0.48296,0.00498,-0.52159
173.03,ETH-27DEC19,1574333945717,open,0.6,310.0,0.574,0.686,0.62695,95.75,0.49,0.0,ETH-27DEC19-280-P,170.92,0.0,0.002,50.0,0.962,1.0,400.18,0.07528,-0.10047,-0.26427,0.00267,-0.92692
173.03,ETH-27DEC19,1574333945717,open,0.01,1935.0,0.001,0.023,0.007712,103.24,0.006,0.0,ETH-27DEC19-300-C,170.92,95.28,0.005,670.0,0.01,350.0,108.79,0.06627,-0.09535,0.00923,0.00218,0.06197
173.03,ETH-27DEC19,1574333945717,open,0.03,7511.0,0.008,0.048,0.02416,78.58,0.023,0.0,ETH-27DEC19-220-C,170.92,77.24,0.023,24.0,0.026,345.0,80.67,0.15059,-0.16492,0.02943,0.00651,0.1972
173.03,ETH-27DEC19,1574333945717,open,0.01,1740.0,0.001,0.024,0.008827,95.97,0.009,0.0,ETH-27DEC19-280-C,170.92,91.53,0.007,933.0,0.011,355.0,100.65,0.07571,-0.10127,0.01102,0.00268,0.07363
175.94,ETH-27MAR20,1574333945718,open,2.14,0.0,2.094,2.311,2.19569,105.11,None,0.0,ETH-27MAR20-560-P,170.92,0.0,0.02,50.0,0.0,0.0,0.0,0.12288,-0.0509,-1.91797,0.00109,-0.94042
175.94,ETH-27MAR20,1574333945718,open,0.34,30.0,0.292,0.42,0.354547,78.68,0.306,0.0,ETH-27MAR20-220-P,170.92,65.47,0.325,300.0,0.404,11.0,100.01,0.40111,-0.12436,-0.58295,0.00474,-0.59865
173.03,ETH-27DEC19,1574333945719,open,0.01,2159.0,0.001,0.021,0.006668,109.28,0.004,0.0,ETH-27DEC19-320-C,170.92,100.1,0.004,668.0,0.009,300.0,115.65,0.05796,-0.08827,0.00775,0.0018,0.05227
173.03,ETH-27DEC19,1574333945719,open,0.28,2728.0,0.249,0.346,0.295542,78.5,0.274,0.0,ETH-27DEC19-220-P,170.92,0.0,0.271,55.0,0.297,1.0,80.16,0.15044,-0.16458,-0.18685,0.00651,-0.80312
175.94,ETH-27MAR20,1574333945719,open,1.7,0.0,1.655,1.851,1.746812,101.64,None,0.0,ETH-27MAR20-480-P,170.92,0.0,0.004,50.0,0.0,0.0,0.0,0.16076,-0.06439,-1.62818,0.00147,-0.91546
173.03,ETH-27DEC19,1574333945719,open,1.5,0.0,1.469,1.623,1.543329,106.76,None,0.0,ETH-27DEC19-440-P,170.92,0.0,0.002,50.0,0.0,0.0,0.0,0.00697,-0.01038,-0.4318,0.00022,-0.99562
173.03,ETH-27DEC19,1574333945719,open,0.0,1219.0,0.001,0.012,0.002973,110.01,0.002,0.0,ETH-27DEC19-360-C,170.92,104.09,0.002,427.0,0.007,300.0,126.08,0.03221,-0.04939,0.00383,0.001,0.02548
177.49,SYN.ETH-26JUN20,1574333945717,open,0.32,80.0,0.269,0.41,0.338276,83.96,0.262,0.0,ETH-26JUN20-200-P,170.92,70.5,0.297,210.0,0.381,11.0,98.05,0.5417,-0.10437,-0.82904,0.00343,-0.44425
173.03,ETH-27DEC19,1574333945719,open,0.08,1269.0,0.039,0.102,0.069495,69.25,0.069,0.0,ETH-27DEC19-180-C,170.92,64.84,0.064,299.0,0.075,321.0,73.66,0.21583,-0.20831,0.06824,0.01059,0.47077
175.94,ETH-27MAR20,1574333945720,open,0.46,0.0,0.425,0.479,0.451842,80.65,None,0.0,ETH-27MAR20-100-C,170.92,0.0,0.431,31.0,0.0,0.0,0.0,0.14973,-0.04759,0.28818,0.00173,0.92305
177.49,SYN.ETH-26JUN20,1574333945717,open,0.07,431.0,0.046,0.119,0.080053,80.48,0.072,0.0,ETH-26JUN20-120-P,170.92,76.9,0.073,210.0,0.09,287.0,85.46,0.35158,-0.06494,-0.26865,0.00232,-0.17352
177.49,SYN.ETH-26JUN20,1574333945717,open,0.34,60.0,0.288,0.384,0.337043,79.65,0.378,0.0,ETH-26JUN20-140-C,170.92,71.35,0.317,210.0,0.347,10.0,83.75,0.43021,-0.07864,0.44377,0.00287,0.75591
175.94,ETH-27MAR20,1574333945720,open,0.02,2344.0,0.004,0.04,0.015714,103.95,0.012,0.0,ETH-27MAR20-520-C,170.92,97.51,0.011,280.0,0.021,300.0,109.96,0.14216,-0.05823,0.03436,0.00127,0.07189
