underlying_price,underlying_index,timestamp,state,settlement_price,open_interest,min_price,max_price,mark_price,mark_iv,last_price,interest_rate,instrument_name,index_price,bid_iv,best_bid_price,best_bid_amount,best_ask_price,best_ask_amount,ask_iv,vega,theta,rho,gamma,delta
124.68,SYN.ETH-3JAN20,1577271540013,open,0.0,1.0,0.001,0.011,0.001422,98.26,0.001,0.0,ETH-3JAN20-170-C,124.58,93.22,0.001,351.0,0.002,551.0,103.79,0.01165,-0.0645,0.00074,0.00314,0.02576
125.61,ETH-27MAR20,1577271540627,open,0.39,20.0,0.357,0.417,0.387078,83.44,0.613,0.0,ETH-27MAR20-80-C,124.58,46.32,0.365,43.0,0.406,43.0,102.69,0.11109,-0.0499,0.16397,0.00332,0.90014
7456.64,BTC-26JUN20,1577271540811,open,0.18,232.9,0.131,0.225,0.17355283,71.65,0.19,0.0,BTC-26JUN20-8000-C,7223.04,70.75,0.171,11.5,0.1785,23.5,73.42,20.97237,-4.08636,13.99717,0.0001,0.54617
7456.64,BTC-26JUN20,1577271540822,open,0.14,187.9,0.096,0.19,0.13764513,73.44,0.142,0.0,BTC-26JUN20-9000-C,7223.04,71.97,0.1335,12.2,0.1405,28.2,74.45,21.00802,-4.19521,12.11129,0.0001,0.46006
124.6,ETH-27DEC19,1577271541086,open,0.19,1230.0,0.169,0.244,0.204373,120.0,0.123,0.0,ETH-27DEC19-150-P,124.58,0.0,0.198,3.0,0.226,20.0,285.18,0.00382,-0.1221,-0.0076,0.00399,-0.98273
124.6,ETH-27DEC19,1577271541215,open,0.19,1230.0,0.169,0.244,0.204373,120.0,0.123,0.0,ETH-27DEC19-150-P,124.58,0.0,0.198,3.0,0.227,20.0,289.98,0.00382,-0.1221,-0.0076,0.00399,-0.98273
127.44,ETH-26JUN20,1577271541293,open,0.55,1.0,0.527,0.579,0.55274,88.6,0.69,0.0,ETH-26JUN20-60-C,124.58,60.93,0.534,51.0,0.566,51.0,102.09,0.115,-0.02771,0.24528,0.00159,0.93477
127.44,ETH-26JUN20,1577271541425,open,0.55,1.0,0.527,0.579,0.55274,88.6,0.69,0.0,ETH-26JUN20-60-C,124.58,58.36,0.533,51.0,0.566,51.0,102.09,0.115,-0.02771,0.24528,0.00159,0.93477
124.6,ETH-27DEC19,1577271541854,open,0.2,2.0,0.173,0.222,0.197561,120.0,0.229,0.0,ETH-27DEC19-100-C,124.58,0.0,0.182,31.0,0.207,31.0,258.73,0.00121,-0.03884,0.00511,0.00127,0.99534
124.6,ETH-27DEC19,1577271542091,open,0.35,1.0,0.325,0.407,0.36437,120.0,0.283,0.0,ETH-27DEC19-170-P,124.58,0.0,0.001,10.0,1.442,10.0,500.0,6e-05,-0.00196,-0.00873,6e-05,-0.99982
127.44,ETH-26JUN20,1577271542091,open,0.16,188.0,0.1,0.206,0.152236,83.04,0.169,0.0,ETH-26JUN20-160-C,124.58,82.25,0.15,1.0,0.157,210.0,84.73,0.35935,-0.08115,0.19991,0.00529,0.46363
127.44,ETH-26JUN20,1577271542091,open,0.02,667.0,0.006,0.053,0.022714,101.95,0.029,0.0,ETH-26JUN20-440-C,124.58,100.42,0.021,350.0,0.025,140.0,103.91,0.14497,-0.04019,0.04219,0.00174,0.08842
127.44,ETH-26JUN20,1577271542096,open,0.01,287.0,0.004,0.041,0.015298,107.8,0.02,0.0,ETH-26JUN20-560-C,124.58,106.23,0.014,350.0,0.017,140.0,109.74,0.10819,-0.03171,0.0289,0.00123,0.06032
127.44,ETH-26JUN20,1577271542103,open,0.19,496.0,0.139,0.245,0.192453,81.45,0.213,0.0,ETH-26JUN20-140-C,124.58,79.87,0.188,616.0,0.197,210.0,83.07,0.35798,-0.07929,0.22975,0.00537,0.55032
124.6,ETH-27DEC19,1577271542103,open,0.13,127.0,0.09,0.15,0.119712,118.7,0.128,0.0,ETH-27DEC19-110-C,124.58,0.0,0.117,40.0,0.123,40.0,147.56,0.01145,-0.36216,0.00521,0.01209,0.93411
7228.08,BTC-27DEC19,1577271542143,open,0.17,3.0,0.153,0.2055,0.17670493,112.82,0.12,0.0,BTC-27DEC19-8500-P,7223.03,0.0,0.001,10.0,0.2555,0.1,490.61,0.30053,-9.03799,-0.42788,0.0001,-0.97523
7228.08,BTC-27DEC19,1577271542143,open,0.0,501.9,0.0005,0.0105,8.66e-06,115.0,0.0005,0.0,BTC-27DEC19-5500-P,7223.03,0.0,0.0,0.0,0.0005,19.9,171.93,0.00742,-0.0626,-0.00015,0.0,-0.0004
7456.68,BTC-26JUN20,1577271542143,open,0.01,19.9,0.0035,0.0405,0.01378184,97.58,0.0165,0.0,BTC-26JUN20-28000-C,7223.03,95.99,0.0125,5.0,0.015,15.0,99.0,6.21301,-1.6485,1.69448,2e-05,0.05889
7456.68,BTC-26JUN20,1577271542143,open,0.61,17.8,0.5935,0.624,0.60658534,81.74,0.623,0.0,BTC-26JUN20-3000-C,7223.03,61.48,0.5995,6.0,0.618,6.0,99.96,3.74731,-0.83288,13.59599,2e-05,0.96852
7456.68,BTC-26JUN20,1577271542143,open,0.45,136.4,0.3945,0.5165,0.44979022,74.38,0.42,0.0,BTC-26JUN20-10000-P,7223.03,66.04,0.4275,7.0,0.524,10.0,101.01,20.23326,-4.09238,-39.99181,0.0001,-0.61483
7228.08,BTC-27DEC19,1577271542143,open,0.02,261.0,0.003,0.0415,0.01653842,52.28,0.0175,0.0,BTC-27DEC19-7250-P,7223.03,48.64,0.0155,10.0,0.0175,11.0,55.65,2.06315,-28.75272,-0.20105,0.00147,-0.52474
7456.68,BTC-26JUN20,1577271542143,open,0.02,490.4,0.0105,0.0445,0.02298102,75.27,0.0235,0.0,BTC-26JUN20-4000-P,7223.03,73.28,0.021,17.0,0.025,34.0,77.23,7.56296,-1.5479,-3.71575,4e-05,-0.07594
7308.6,BTC-27MAR20,1577271542143,open,1.19,1.2,1.1495,1.2585,1.1987314,87.15,1.4,0.0,BTC-27MAR20-16000-P,7223.03,0.0,0.0015,10.0,0.0,0.0,0.0,4.33894,-2.03571,-39.79112,4e-05,-0.94092
7228.08,BTC-27DEC19,1577271542143,open,0.1,293.3,0.0825,0.1235,0.10186887,88.0,0.1035,0.0,BTC-27DEC19-6500-C,7223.03,69.15,0.101,10.0,0.103,10.0,102.07,0.47531,-11.14939,0.31756,0.0002,0.95679
7228.08,BTC-27DEC19,1577271542143,open,0.0,756.8,0.0005,0.0105,0.0,115.0,0.0005,0.0,BTC-27DEC19-24000-C,7223.03,0.0,0.0,0.0,0.0005,31.0,500.0,0.0,0.0,0.0,0.0,0.0
7228.08,BTC-27DEC19,1577271542144,open,2.31,0.0,2.2555,2.388,2.32037465,0.0,None,0.0,BTC-27DEC19-24000-P,7223.03,0.0,0.0005,1.0,0.0,0.0,0.0,0.0,0.0,-1.23333,0.0,-1.0
7228.08,BTC-27DEC19,1577271542143,open,0.0,449.3,0.0005,0.0105,0.0,115.0,0.0005,0.0,BTC-27DEC19-44000-C,7223.03,0.0,0.0,0.0,0.0005,11.0,500.0,0.0,0.0,0.0,0.0,0.0
7228.08,BTC-27DEC19,1577271542143,open,0.38,493.1,0.3565,0.4115,0.38349035,0.0,0.397,0.0,BTC-27DEC19-10000-P,7223.03,0.0,0.21,0.1,1.22,1.5,500.0,0.0,0.0,-0.51389,0.0,-1.0
7308.6,BTC-27MAR20,1577271542144,open,0.05,598.1,0.0295,0.083,0.05163822,66.35,0.0525,0.0,BTC-27MAR20-6000-P,7223.03,65.26,0.05,28.2,0.053,1.0,67.25,11.04499,-3.94506,-5.1367,0.00012,-0.22457
7228.08,BTC-27DEC19,1577271542143,open,0.31,0.0,0.289,0.3415,0.3143263,111.86,None,0.0,BTC-27DEC19-9500-P,7223.03,0.0,0.0,0.0,0.0,0.0,0.0,0.0071,-0.21182,-0.48806,0.0,-0.99962
7308.6,BTC-27MAR20,1577271542144,open,1.46,0.0,1.417,1.5345,1.47037446,92.97,1.23,0.0,BTC-27MAR20-18000-P,7223.03,0.0,0.0015,10.0,0.0,0.0,0.0,3.54219,-1.77292,-45.09052,3e-05,-0.95424
7456.68,BTC-26JUN20,1577271542144,open,0.02,11.5,0.005,0.0445,0.01654817,92.09,0.018,0.0,BTC-26JUN20-24000-C,7223.03,91.52,0.016,13.0,0.017,0.1,92.55,7.25588,-1.81697,2.08026,3e-05,0.07193
7456.68,BTC-26JUN20,1577271542144,open,0.25,168.9,0.198,0.305,0.24642227,71.66,0.243,0.0,BTC-26JUN20-8000-P,7223.03,67.6,0.235,9.0,0.256,10.0,75.07,20.97243,-4.0865,-26.30425,0.0001,-0.45382
7308.6,BTC-27MAR20,1577271542144,open,0.01,1535.5,0.0005,0.0285,0.00953863,87.16,0.011,0.0,BTC-27MAR20-16000-C,7223.03,85.36,0.0085,25.0,0.0105,10.1,88.74,4.3413,-2.03717,0.92211,4e-05,0.05912
7228.08,BTC-27DEC19,1577271542144,open,0.24,802.0,0.221,0.2725,0.24525166,114.63,0.2615,0.0,BTC-27DEC19-9000-P,7223.03,0.0,0.18,0.2,0.2655,0.1,306.11,0.06556,-2.00318,-0.46094,2e-05,-0.99569
7228.08,BTC-27DEC19,1577271542144,open,1.21,18.0,1.1705,1.2585,1.2135831,0.0,1.261,0.0,BTC-27DEC19-16000-P,7223.03,0.0,0.0,0.0,0.0,0.0,0.0,0.0,0.0,-0.82222,0.0,-1.0
7228.08,BTC-27DEC19,1577271542144,open,0.72,0.0,0.7135,0.733,0.72330211,437.78,None,0.0,BTC-27DEC19-2000-C,7223.03,0.0,0.7165,7.0,0.7305,7.0,500.0,0.00025,-0.02874,0.10277,0.0,0.99999
7308.6,BTC-27MAR20,1577271542144,open,4.46,1.0,4.366,4.589,4.47362053,114.63,4.54,0.0,BTC-27MAR20-40000-P,7223.03,0.0,0.0015,10.0,0.0,0.0,0.0,0.43853,-0.27063,-101.71832,0.0,-0.99598
7456.68,BTC-26JUN20,1577271542144,open,0.3,23.9,0.257,0.3385,0.29453581,71.6,0.3125,0.0,BTC-26JUN20-6000-C,7223.03,68.23,0.287,5.0,0.301,5.0,74.47,16.7352,-3.25814,17.19628,8e-05,0.75232
7308.6,BTC-27MAR20,1577271542144,open,0.46,7.4,0.445,0.48,0.46061479,78.22,0.4255,0.0,BTC-27MAR20-4000-C,7223.03,52.82,0.4535,5.0,0.475,5.0,102.22,3.32204,-1.39884,9.24497,3e-05,0.95774
7228.08,BTC-27DEC19,1577271542144,open,0.0,1034.3,0.0005,0.0105,0.0,115.0,0.0005,0.0,BTC-27DEC19-15000-C,7223.03,0.0,0.0,0.0,0.0005,72.0,385.05,0.0,0.0,0.0,0.0,0.0
7308.6,BTC-27MAR20,1577271542144,open,0.0,157.7,0.0005,0.012,0.00226294,112.23,0.003,0.0,BTC-27MAR20-30000-C,7223.03,110.66,0.002,5.0,0.0025,2.0,113.54,1.2758,-0.77086,0.20915,1e-05,0.01351
7228.08,BTC-27DEC19,1577271542144,open,1.48,9.4,1.4415,1.541,1.49028099,0.0,1.559,0.0,BTC-27DEC19-18000-P,7223.03,0.0,0.0,0.0,0.0,0.0,0.0,0.0,0.0,-0.925,0.0,-1.0
7456.68,BTC-26JUN20,1577271542144,open,0.02,899.4,0.0085,0.0575,0.02428365,88.17,0.023,0.0,BTC-26JUN20-20000-C,7223.03,86.33,0.022,13.0,0.0265,15.0,89.87,9.50268,-2.27838,2.96384,4e-05,0.10318
7456.68,BTC-26JUN20,1577271542144,open,1.96,0.0,1.9,2.057,1.97041755,90.39,None,0.0,BTC-26JUN20-22000-P,7223.03,0.0,0.11,1.0,2.22,0.1,199.5,8.30997,-2.04251,-108.35055,3e-05,-0.91397
7228.08,BTC-27DEC19,1577271542144,open,0.0,680.5,0.0005,0.0105,0.0,115.0,0.0005,0.0,BTC-27DEC19-26000-C,7223.03,0.0,0.0,0.0,0.0005,10.0,500.0,0.0,0.0,0.0,0.0,0.0
7228.08,BTC-27DEC19,1577271542144,open,0.0,657.0,0.0005,0.0105,0.0,115.0,0.0005,0.0,BTC-27DEC19-28000-C,7223.03,0.0,0.0,0.0,0.0005,10.0,500.0,0.0,0.0,0.0,0.0,0.0
7228.08,BTC-27DEC19,1577271542144,open,0.52,246.2,0.4925,0.5525,0.52183838,0.0,0.537,0.0,BTC-27DEC19-11000-P,7223.03,0.0,0.4095,0.3,0.77,0.1,500.0,0.0,0.0,-0.56528,0.0,-1.0
7308.6,BTC-27MAR20,1577271542144,open,0.02,1473.7,0.008,0.0485,0.02190943,75.56,0.0215,0.0,BTC-27MAR20-12000-C,7223.03,75.18,0.0215,15.2,0.022,0.2,75.64,7.9393,-3.22936,2.07342,8e-05,0.1334
7228.08,BTC-27DEC19,1577271542144,open,0.21,0.4,0.1885,0.2215,0.20455435,115.4,0.2195,0.0,BTC-27DEC19-5750-C,7223.03,0.0,0.1955,3.0,0.216,3.0,281.48,0.04024,-1.23776,0.29453,1e-05,0.9975
7228.08,BTC-27DEC19,1577271542144,open,0.0,491.2,0.0005,0.0105,0.0,115.0,0.0005,0.0,BTC-27DEC19-3500-P,7223.03,0.0,0.0,0.0,0.0005,10.1,415.22,0.0,0.0,0.0,0.0,0.0
7308.59,BTC-27MAR20,1577271542144,open,2.55,0.0,2.4885,2.643,2.56069842,107.56,None,0.0,BTC-27MAR20-26000-P,7223.03,0.0,0.0015,10.0,0.0,0.0,0.0,1.73414,-1.00412,-65.85881,1e-05,-0.98067
7308.59,BTC-27MAR20,1577271542145,open,0.01,1375.5,0.0005,0.0205,0.00791299,78.21,0.0075,0.0,BTC-27MAR20-4000-P,7223.03,76.14,0.007,41.0,0.0085,0.1,79.48,3.32155,-1.39854,-0.93301,3e-05,-0.04226
7228.08,BTC-27DEC19,1577271542145,open,0.14,28.9,0.118,0.157,0.13602524,104.91,0.1585,0.0,BTC-27DEC19-6250-C,7223.03,0.0,0.125,3.0,0.1495,3.0,220.37,0.29646,-8.29101,0.31186,0.00011,0.97563
7456.68,BTC-26JUN20,1577271542145,open,2.76,0.0,2.686,2.8685,2.76882433,97.6,None,0.0,BTC-26JUN20-28000-P,7223.03,0.0,0.002,1.0,0.0,0.0,0.0,6.21845,-1.65036,-139.35914,2e-05,-0.94104
7308.59,BTC-27MAR20,1577271542145,open,3.37,0.0,3.293,3.4775,3.38039201,114.65,None,0.0,BTC-27MAR20-32000-P,7223.03,0.0,0.0015,10.0,0.0,0.0,0.0,1.13317,-0.69941,-81.24306,1e-05,-0.98822
7228.08,BTC-27DEC19,1577271542145,open,0.0,617.1,0.0005,0.0105,0.00073891,112.89,0.0005,0.0,BTC-27DEC19-8500-C,7223.03,106.44,0.0005,137.8,0.001,35.0,118.57,0.30137,-5.34091,0.00896,0.0001,0.02486
7308.59,BTC-27MAR20,1577271542145,open,0.41,135.3,0.368,0.4625,0.41076979,70.33,0.39,0.0,BTC-27MAR20-10000-P,7223.03,62.81,0.3995,11.0,0.4325,10.0,83.4,11.4599,-4.3388,-21.77357,0.00012,-0.76004
7308.59,BTC-27MAR20,1577271542145,open,2.01,5.6,1.9525,2.088,2.01491218,101.25,1.545,0.0,BTC-27MAR20-22000-P,7223.03,0.0,0.0015,10.0,0.0,0.0,0.0,2.4087,-1.31295,-55.53702,2e-05,-0.97143
7308.59,BTC-27MAR20,1577271542145,open,0.01,434.1,0.0005,0.0245,0.00753258,92.99,0.008,0.0,BTC-27MAR20-18000-C,7223.03,91.87,0.007,1.1,0.008,10.0,93.94,3.54508,-1.77477,0.71187,3e-05,0.04581
7308.59,BTC-27MAR20,1577271542144,open,0.01,506.7,0.0005,0.02,0.00551826,96.4,0.0055,0.0,BTC-27MAR20-20000-C,7223.03,94.99,0.005,20.1,0.006,0.8,97.64,2.77178,-1.43854,0.52694,2e-05,0.03385
7228.08,BTC-27DEC19,1577271542144,open,0.0,1038.8,0.0005,0.0105,0.0,115.0,0.0015,0.0,BTC-27DEC19-20000-C,7223.03,0.0,0.0,0.0,0.0005,24.9,500.0,0.0,0.0,0.0,0.0,0.0
7228.08,BTC-27DEC19,1577271542144,open,0.0,255.7,0.0005,0.0105,0.0,115.0,0.001,0.0,BTC-27DEC19-1500-P,7223.03,0.0,0.0,0.0,0.0005,47.9,500.0,0.0,0.0,0.0,0.0,0.0
7228.08,BTC-27DEC19,1577271542145,open,0.0,767.5,0.0005,0.0105,0.0,115.0,0.0005,0.0,BTC-27DEC19-13000-C,7223.03,0.0,0.0,0.0,0.0005,30.9,319.28,0.0,0.0,0.0,0.0,0.0
7228.08,BTC-27DEC19,1577271542145,open,0.07,207.7,0.0475,0.0905,0.06829635,72.05,0.069,0.0,BTC-27DEC19-6750-C,7223.03,64.37,0.0675,10.0,0.069,10.0,77.79,0.83023,-15.94574,0.31324,0.00043,0.91161
7259.05,SYN.BTC-31JAN20,1577271542144,open,0.45,0.0,0.42,0.4895,0.45199627,70.38,None,0.0,BTC-31JAN20-10500-P,7223.03,0.0,0.0015,10.0,0.0,0.0,0.0,2.81987,-2.69099,-10.19391,8e-05,-0.938
7228.08,BTC-27DEC19,1577271542144,open,3.14,0.2,3.0695,3.235,3.15046831,0.0,2.51,0.0,BTC-27DEC19-30000-P,7223.03,0.0,0.0005,1.0,0.0,0.0,0.0,0.0,0.0,-1.54167,0.0,-1.0
7228.08,BTC-27DEC19,1577271542145,open,0.0,1541.5,0.0005,0.0105,0.0,115.0,0.0005,0.0,BTC-27DEC19-52000-C,7223.03,0.0,0.0,0.0,0.0005,46.9,500.0,0.0,0.0,0.0,0.0,0.0
7228.08,BTC-27DEC19,1577271542144,open,0.0,1735.0,0.0005,0.0105,0.0003098,115.0,0.0005,0.0,BTC-27DEC19-6000-P,7223.03,0.0,0.0,0.0,0.001,35.0,137.04,0.14675,-2.23929,-0.0041,5e-05,-0.01072
7308.59,BTC-27MAR20,1577271542144,open,0.29,92.2,0.2535,0.346,0.2955257,68.61,0.2505,0.0,BTC-27MAR20-9000-P,7223.03,60.52,0.281,10.0,0.311,10.0,76.89,13.41776,-4.95583,-17.87873,0.00014,-0.66585
7228.08,BTC-27DEC19,1577271542145,open,0.0,832.1,0.0005,0.0105,0.0,115.0,0.0005,0.0,BTC-27DEC19-3000-P,7223.03,0.0,0.0,0.0,0.0005,61.0,496.9,0.0,0.0,0.0,0.0,0.0
7228.08,BTC-27DEC19,1577271542146,open,0.0,283.2,0.0005,0.0105,6.078e-05,115.0,0.0005,0.0,BTC-27DEC19-5750-P,7223.03,0.0,0.0,0.0,0.0005,1.1,147.08,0.03918,-0.43932,-0.00092,1e-05,-0.00243
7456.67,BTC-26JUN20,1577271542146,open,0.01,69.9,0.004,0.042,0.0148135,94.72,0.014,0.0,BTC-26JUN20-26000-C,7223.03,94.36,0.0145,10.0,0.0155,0.1,95.48,6.63355,-1.70854,1.84921,3e-05,0.06404
7308.59,BTC-27MAR20,1577271542146,open,1.73,5.2,1.6845,1.81,1.74200923,96.36,2.035,0.0,BTC-27MAR20-20000-P,7223.03,0.0,0.0015,10.0,0.0,0.0,0.0,2.76698,-1.43546,-50.3649,2e-05,-0.96622
7308.59,BTC-27MAR20,1577271542145,open,0.0,139.3,0.0005,0.0115,0.00150564,115.0,0.0015,0.0,BTC-27MAR20-34000-C,7223.03,110.3,0.001,66.2,0.0025,35.0,121.6,0.90804,-0.56217,0.14192,1e-05,0.00914
7228.08,BTC-27DEC19,1577271542146,open,0.07,20.2,0.0515,0.099,0.07386237,67.28,0.062,0.0,BTC-27DEC19-7750-P,7223.03,0.0,0.0555,3.0,0.09,3.0,151.92,0.75277,-13.50132,-0.37005,0.00042,-0.9224
7228.08,BTC-27DEC19,1577271542146,open,0.0,775.8,0.0005,0.0105,0.0,115.0,0.0005,0.0,BTC-27DEC19-4500-P,7223.03,0.0,0.0,0.0,0.0005,49.2,281.26,0.0,0.0,0.0,0.0,0.0
7456.67,BTC-26JUN20,1577271542146,open,0.11,369.4,0.07,0.16,0.10870362,74.38,0.1055,0.0,BTC-26JUN20-10000-C,7223.03,73.38,0.106,12.9,0.1115,4.9,75.41,20.23305,-4.09219,10.38492,0.0001,0.38516
7456.67,BTC-26JUN20,1577271542146,open,0.68,8.2,0.624,0.7525,0.68176211,77.27,0.8905,0.0,BTC-26JUN20-12000-P,7223.03,0.0,0.1,10.0,0.91,0.1,160.73,17.70644,-3.72046,-52.78831,8e-05,-0.72351
7228.08,BTC-27DEC19,1577271542146,open,2.86,0.2,2.798,2.9525,2.87377042,0.0,2.2765,0.0,BTC-27DEC19-28000-P,7223.03,0.0,0.0005,1.0,0.0,0.0,0.0,0.0,0.0,-1.43889,0.0,-1.0
7456.67,BTC-26JUN20,1577271542145,open,2.49,0.0,2.4235,2.596,2.50163866,94.73,None,0.0,BTC-26JUN20-26000-P,7223.03,0.0,0.002,1.0,0.0,0.0,0.0,6.63723,-1.70977,-129.12955,3e-05,-0.93591
7228.08,BTC-27DEC19,1577271542146,open,0.0,1306.3,0.0005,0.0105,0.00011116,115.0,0.0005,0.0,BTC-27DEC19-9000-C,7223.03,0.0,0.0,0.0,0.0005,46.0,137.47,0.0671,-0.8035,0.0016,2e-05,0.00442
7228.08,BTC-27DEC19,1577271542146,open,0.45,1.0,0.4245,0.482,0.45266397,0.0,0.422,0.0,BTC-27DEC19-10500-P,7223.03,0.0,0.0,0.0,0.0,0.0,0.0,0.0,0.0,-0.53958,0.0,-1.0
7228.08,BTC-27DEC19,1577271542146,open,3.96,1.3,3.883,4.082,3.98056197,0.0,3.212,0.0,BTC-27DEC19-36000-P,7223.03,0.0,0.0005,1.0,0.0,0.0,0.0,0.0,0.0,-1.85,0.0,-1.0
7228.08,BTC-27DEC19,1577271542145,open,4.51,0.0,4.4255,4.6465,4.53395775,0.0,2.58,0.0,BTC-27DEC19-40000-P,7223.03,0.0,0.001,1.0,0.0,0.0,0.0,0.0,0.0,-2.05556,0.0,-1.0
7228.08,BTC-27DEC19,1577271542146,open,0.0,590.4,0.0005,0.0105,0.0,115.0,0.001,0.0,BTC-27DEC19-2500-P,7223.03,0.0,0.0,0.0,0.0005,160.0,500.0,0.0,0.0,0.0,0.0,0.0
7228.08,BTC-27DEC19,1577271542146,open,0.0,1776.0,0.0005,0.0105,9.1e-07,115.0,0.0005,0.0,BTC-27DEC19-10000-C,7223.03,0.0,0.0,0.0,0.0005,35.1,192.1,0.00104,-0.00659,2e-05,0.0,5e-05
7228.08,BTC-27DEC19,1577271542146,open,2.58,0.0,2.527,2.67,2.59707254,0.0,None,0.0,BTC-27DEC19-26000-P,7223.03,0.0,0.0005,1.0,0.0,0.0,0.0,0.0,0.0,-1.33611,0.0,-1.0
7308.59,BTC-27MAR20,1577271542146,open,0.0,115.2,0.0005,0.015,0.00326015,107.64,0.004,0.0,BTC-27MAR20-26000-C,7223.03,104.15,0.0025,21.0,0.004,32.0,110.53,1.74128,-1.00902,0.30059,1e-05,0.01942
7308.59,BTC-27MAR20,1577271542146,open,0.19,272.8,0.1515,0.2375,0.19056225,65.89,0.195,0.0,BTC-27MAR20-8000-P,7223.03,60.6,0.18,11.0,0.1975,11.0,69.35,14.62577,-5.18802,-13.62569,0.00016,-0.54212
7308.59,BTC-27MAR20,1577271542146,open,0.15,532.6,0.118,0.1905,0.15132111,65.85,0.161,0.0,BTC-27MAR20-7000-C,7223.03,64.91,0.1495,12.7,0.1525,0.5,66.47,14.07757,-4.99087,8.64851,0.00016,0.61637
7228.08,BTC-27DEC19,1577271542146,open,0.52,4.3,0.506,0.5255,0.5157787,258.48,0.5625,0.0,BTC-27DEC19-3500-C,7223.03,0.0,0.509,5.0,0.5225,5.0,500.0,0.00068,-0.04655,0.17985,0.0,0.99997
7228.08,BTC-27DEC19,1577271542146,open,0.0,526.9,0.0005,0.0105,0.0,115.0,0.0005,0.0,BTC-27DEC19-22000-C,7223.03,0.0,0.0,0.0,0.0005,11.0,500.0,0.0,0.0,0.0,0.0,0.0
7456.67,BTC-26JUN20,1577271542146,open,2.22,0.0,2.1615,2.325,2.23515602,92.1,None,0.0,BTC-26JUN20-24000-P,7223.03,0.0,0.002,1.0,0.0,0.0,0.0,7.2591,-1.81804,-118.82323,3e-05,-0.92803
7228.08,BTC-27DEC19,1577271542146,open,0.0,110.2,0.0005,0.0105,6e-08,115.0,0.0005,0.0,BTC-27DEC19-10500-C,7223.03,0.0,0.0,0.0,0.0005,10.0,216.57,9e-05,-0.00043,0.0,0.0,0.0
124.6,ETH-27DEC19,1577271542147,open,0.0,4519.0,0.001,0.011,0.000129,120.0,0.001,0.0,ETH-27DEC19-100-P,124.58,0.0,0.0,0.0,0.001,378.0,157.89,0.00121,-0.01611,-3e-05,0.00127,-0.00466
7259.05,SYN.BTC-31JAN20,1577271542144,open,0.13,34.6,0.115,0.184,0.13685819,56.42,0.1055,0.0,BTC-31JAN20-8000-P,7223.03,33.47,0.113,3.0,0.17,3.0,84.06,8.30981,-6.35713,-5.95011,0.00028,-0.67447
7228.07,BTC-27DEC19,1577271542147,open,0.01,1421.2,0.0005,0.0225,0.0057868,60.9,0.0065,0.0,BTC-27DEC19-7000-P,7223.03,59.55,0.0055,11.0,0.0065,30.0,64.17,1.55297,-25.20882,-0.08563,0.00095,-0.22474
7308.59,BTC-27MAR20,1577271542146,open,0.0,76.6,0.0005,0.012,0.00200646,114.8,0.003,0.0,BTC-27MAR20-32000-C,7223.03,111.22,0.0015,15.0,0.0025,10.0,117.71,1.14298,-0.70641,0.18395,1e-05,0.0119
7456.67,BTC-26JUN20,1577271542146,open,0.34,108.2,0.292,0.4085,0.34462334,73.44,0.3455,0.0,BTC-26JUN20-9000-P,7223.03,67.52,0.328,8.0,0.3635,8.0,80.13,21.00815,-4.19536,-33.22776,0.0001,-0.53993
7308.59,BTC-27MAR20,1577271542147,open,3.91,0.0,3.8295,4.0325,3.92680599,114.72,None,0.0,BTC-27MAR20-36000-P,7223.03,0.0,0.0015,10.0,0.0,0.0,0.0,0.7033,-0.43437,-91.49671,0.0,-0.99317
7308.59,BTC-27MAR20,1577271542147,open,0.01,251.8,0.0005,0.0185,0.00477211,101.3,0.004,0.0,BTC-27MAR20-22000-C,7223.03,98.83,0.004,5.0,0.0055,10.0,103.4,2.41415,-1.31657,0.44399,2e-05,0.02865
7228.07,BTC-27DEC19,1577271542147,open,1.76,3.6,1.713,1.823,1.76697887,0.0,1.729,0.0,BTC-27DEC19-20000-P,7223.03,0.0,0.0005,1.0,0.0,0.0,0.0,0.0,0.0,-1.02778,0.0,-1.0
7228.07,BTC-27DEC19,1577271542147,open,0.0,530.9,0.0005,0.0105,0.0,115.0,0.0005,0.0,BTC-27DEC19-32000-C,7223.03,0.0,0.0,0.0,0.0005,10.4,500.0,0.0,0.0,0.0,0.0,0.0
7456.67,BTC-26JUN20,1577271542146,open,0.03,268.2,0.0115,0.066,0.03006799,85.69,0.033,0.0,BTC-26JUN20-18000-C,7223.03,84.26,0.028,24.0,0.032,15.0,86.98,10.96343,-2.55459,3.60852,5e-05,0.12613
7456.67,BTC-26JUN20,1577271542147,open,1.18,5.0,1.123,1.2605,1.18402056,82.9,1.22,0.0,BTC-26JUN20-16000-P,7223.03,0.0,0.56,1.0,1.35,0.1,151.61,12.76417,-2.87748,-76.11147,5e-05,-0.84214
7228.07,BTC-27DEC19,1577271542147,open,0.0,562.6,0.0005,0.0105,0.0,115.0,0.0005,0.0,BTC-27DEC19-40000-C,7223.03,0.0,0.0,0.0,0.0005,16.9,500.0,0.0,0.0,0.0,0.0,0.0
7228.07,BTC-27DEC19,1577271542147,open,0.0,1809.4,0.0005,0.0195,0.00431339,57.84,0.0045,0.0,BTC-27DEC19-7500-C,7223.03,56.22,0.004,0.1,0.0045,30.0,58.78,1.4158,-21.82789,0.06977,0.00091,0.19215
7456.67,BTC-26JUN20,1577271542147,open,0.23,131.8,0.185,0.2755,0.22652022,71.6,0.2315,0.0,BTC-26JUN20-7000-C,7223.03,71.02,0.225,1.0,0.2295,6.0,72.73,19.65485,-3.82659,15.81206,0.0001,0.64745
7228.07,BTC-27DEC19,1577271542147,open,3.41,0.3,3.3405,3.5175,3.4271662,0.0,2.744,0.0,BTC-27DEC19-32000-P,7223.03,0.0,0.0005,1.0,0.0,0.0,0.0,0.0,0.0,-1.64444,0.0,-1.0
7228.07,BTC-27DEC19,1577271542147,open,0.0,349.0,0.0005,0.0105,0.0,115.0,0.0005,0.0,BTC-27DEC19-48000-C,7223.03,0.0,0.0,0.0,0.0005,10.0,500.0,0.0,0.0,0.0,0.0,0.0
7228.07,BTC-27DEC19,1577271542147,open,0.0,838.8,0.0005,0.0105,0.0,115.0,0.0005,0.0,BTC-27DEC19-18000-C,7223.03,0.0,0.0,0.0,0.0005,20.2,466.15,0.0,0.0,0.0,0.0,0.0
7259.05,SYN.BTC-31JAN20,1577271542145,open,0.58,0.0,0.554,0.6255,0.58733011,75.21,None,0.0,BTC-31JAN20-11500-P,7223.03,0.0,0.0015,10.0,0.0,0.0,0.0,1.80446,-1.84003,-11.38063,5e-05,-0.96448
7308.59,BTC-27MAR20,1577271542147,open,0.92,59.0,0.8835,0.985,0.92909291,81.41,0.877,0.0,BTC-27MAR20-14000-P,7223.03,0.0,0.4,0.5,1.255,0.5,267.5,5.69432,-2.49552,-34.31019,5e-05,-0.91584
7308.59,BTC-27MAR20,1577271542147,open,0.01,465.3,0.004,0.0355,0.01354923,81.42,0.0155,0.0,BTC-27MAR20-14000-C,7223.03,80.04,0.0125,32.0,0.0145,13.0,82.62,5.69664,-2.49695,1.31402,5e-05,0.08421
7228.07,BTC-27DEC19,1577271542147,open,0.66,0.0,0.6445,0.664,0.65412764,375.51,None,0.0,BTC-27DEC19-2500-C,7223.03,0.0,0.648,6.0,0.6615,6.0,500.0,0.0005,-0.05052,0.12846,0.0,0.99998
7228.07,BTC-27DEC19,1577271542147,open,0.0,368.6,0.0005,0.0105,1.134e-05,115.0,0.0005,0.0,BTC-27DEC19-9500-C,7223.03,0.0,0.0,0.0,0.0005,10.1,165.85,0.00972,-0.08194,0.00019,0.0,0.00053
7456.67,BTC-26JUN20,1577271542147,open,0.92,13.4,0.869,1.002,0.92832779,79.89,1.1,0.0,BTC-26JUN20-14000-P,7223.03,0.0,0.5,3.0,1.25,0.1,200.39,14.99357,-3.25723,-64.77339,7e-05,-0.796
7228.07,BTC-27DEC19,1577271542147,open,0.0,719.0,0.0005,0.0145,0.00215172,72.03,0.002,0.0,BTC-27DEC19-6750-P,7223.03,70.68,0.002,19.9,0.0025,0.2,74.96,0.82978,-15.5528,-0.03361,0.00043,-0.08833
7456.67,BTC-26JUN20,1577271542147,open,3.02,0.0,2.948,3.14,3.03562399,99.51,None,0.0,BTC-26JUN20-30000-P,7223.03,0.0,0.002,1.0,0.0,0.0,0.0,5.70511,-1.54381,-149.61022,2e-05,-0.94714
7456.67,BTC-26JUN20,1577271542147,open,1.7,0.1,1.6395,1.7895,1.70645685,88.18,1.85,0.0,BTC-26JUN20-20000-P,7223.03,0.0,0.0,0.0,1.88,0.1,166.74,9.50485,-2.27912,-97.78915,4e-05,-0.89678
7228.07,BTC-27DEC19,1577271542147,open,0.0,428.5,0.0005,0.0105,0.00070614,104.85,0.0005,0.0,BTC-27DEC19-6250-P,7223.03,99.27,0.0005,10.0,0.001,25.0,111.29,0.29585,-5.10401,-0.00929,0.00011,-0.02431
7259.05,SYN.BTC-31JAN20,1577271542144,open,0.38,0.0,0.3535,0.4205,0.38437622,66.06,None,0.0,BTC-31JAN20-10000-P,7223.03,0.0,0.0015,10.0,0.0,0.0,0.0,3.35596,-3.00611,-9.58269,0.0001,-0.92228
7228.07,BTC-27DEC19,1577271542147,open,0.0,96.5,0.0005,0.0105,0.00027201,112.89,0.0005,0.0,BTC-27DEC19-8750-C,7223.03,0.0,0.0,0.0,0.0005,1.1,122.33,0.13995,-1.96613,0.00367,5e-05,0.01015
7308.59,BTC-27MAR20,1577271542147,open,0.66,54.9,0.6205,0.717,0.66380401,75.55,0.77,0.0,BTC-27MAR20-12000-P,7223.03,0.0,0.6265,1.0,0.697,1.0,100.38,7.93784,-3.22842,-28.46155,8e-05,-0.86663
7456.67,BTC-26JUN20,1577271542148,open,1.44,2.9,1.38,1.5235,1.44402387,85.7,1.35,0.0,BTC-26JUN20-18000-P,7223.03,0.0,1.3,0.1,1.55,0.1,135.65,10.96513,-2.55518,-87.06922,5e-05,-0.87384
7228.07,BTC-27DEC19,1577271542148,open,0.93,268.3,0.899,0.976,0.93688521,0.0,0.9355,0.0,BTC-27DEC19-14000-P,7223.03,0.0,0.0,0.0,0.0,0.0,0.0,0.0,0.0,-0.71944,0.0,-1.0
7228.07,BTC-27DEC19,1577271542148,open,0.21,0.0,0.187,0.2385,0.21082527,112.63,0.211,0.0,BTC-27DEC19-8750-P,7223.03,0.0,0.0,0.0,0.0,0.0,0.0,0.13815,-4.14781,-0.44604,5e-05,-0.99
7308.59,BTC-27MAR20,1577271542148,open,3.64,0.0,3.561,3.755,3.65354029,114.79,None,0.0,BTC-27MAR20-34000-P,7223.03,0.0,0.0015,10.0,0.0,0.0,0.0,0.89678,-0.55421,-86.37436,1e-05,-0.99099
7228.07,BTC-27DEC19,1577271542147,open,0.0,1300.0,0.0005,0.0105,5e-08,115.0,0.0005,0.0,BTC-27DEC19-5000-P,7223.03,0.0,0.0,0.0,0.0005,10.6,224.3,8e-05,-0.0004,0.0,0.0,0.0
7234.27,SYN.BTC-3JAN20,1577271542144,open,0.14,0.0,0.1195,0.172,0.14389689,59.45,None,0.0,BTC-3JAN20-8250-P,7223.03,0.0,0.0,0.0,0.0,0.0,0.0,1.7587,-5.88999,-1.86239,0.00023,-0.91479
7308.59,BTC-27MAR20,1577271542148,open,0.0,159.1,0.0005,0.017,0.00401836,105.03,0.004,0.0,BTC-27MAR20-24000-C,7223.03,103.12,0.0035,10.0,0.0045,10.0,106.66,2.07422,-1.17285,0.36958,1e-05,0.02389
7308.59,BTC-27MAR20,1577271542148,open,0.0,73.2,0.0005,0.0135,0.0027588,110.34,0.0025,0.0,BTC-27MAR20-28000-C,7223.03,106.23,0.002,29.0,0.0035,25.0,113.65,1.50616,-0.8947,0.25343,1e-05,0.01639
7228.07,BTC-27DEC19,1577271542148,open,0.24,77.5,0.224,0.2545,0.23908947,117.7,0.2495,0.0,BTC-27DEC19-5500-C,7223.03,0.0,0.229,3.0,0.25,3.0,316.19,0.00952,-0.29877,0.28244,0.0,0.99948
7228.07,BTC-27DEC19,1577271542148,open,2.03,4.9,1.9845,2.1055,2.04367676,0.0,2.217,0.0,BTC-27DEC19-22000-P,7223.03,0.0,0.0005,1.0,0.0,0.0,0.0,0.0,0.0,-1.13056,0.0,-1.0
7456.67,BTC-26JUN20,1577271542148,open,0.49,0.5,0.4655,0.513,0.48654637,75.26,0.589,0.0,BTC-26JUN20-4000-C,7223.03,53.75,0.4695,5.0,0.505,5.0,91.5,7.56268,-1.54779,16.43522,4e-05,0.92407
7234.27,SYN.BTC-3JAN20,1577271542146,open,0.0,96.6,0.0005,0.012,0.00223081,62.93,0.002,0.0,BTC-3JAN20-8500-C,7223.03,61.57,0.002,25.0,0.0025,1.0,64.43,1.26363,-4.47997,0.09368,0.00016,0.05548
7228.07,BTC-27DEC19,1577271542148,open,0.14,0.1,0.1195,0.1695,0.14212124,95.37,0.141,0.0,BTC-27DEC19-8250-P,7223.03,0.0,0.0,0.0,0.2305,0.1,490.74,0.33987,-8.63991,-0.41357,0.00013,-0.9713
7308.59,BTC-27MAR20,1577271542148,open,0.34,2.1,0.3145,0.3655,0.33773454,71.1,0.3115,0.0,BTC-27MAR20-5000-C,7223.03,51.13,0.3225,4.0,0.36,4.0,92.12,6.83746,-2.61734,10.30931,7e-05,0.89209
7259.05,SYN.BTC-31JAN20,1577271542146,open,0.0,297.2,0.0005,0.0145,0.00414688,73.0,0.0045,0.0,BTC-31JAN20-11000-C,7223.03,70.82,0.0035,25.0,0.0045,8.0,74.11,2.26257,-2.23961,0.31386,6e-05,0.04694
7456.67,BTC-26JUN20,1577271542148,open,0.01,42.1,0.0015,0.0355,0.01126365,101.38,0.01,0.0,BTC-26JUN20-32000-C,7223.03,99.53,0.01,2.4,0.0125,25.0,103.07,5.28292,-1.45633,1.37981,2e-05,0.048
7228.07,BTC-27DEC19,1577271542148,open,0.0,1025.2,0.0005,0.0105,0.0,115.0,0.0005,0.0,BTC-27DEC19-14000-C,7223.03,0.0,0.0,0.0,0.0005,10.0,353.6,0.0,0.0,0.0,0.0,0.0
7228.07,BTC-27DEC19,1577271542148,open,0.38,11.6,0.365,0.3895,0.37742975,178.54,0.3855,0.0,BTC-27DEC19-4500-C,7223.03,0.0,0.369,4.0,0.386,4.0,458.36,0.00172,-0.08167,0.23122,0.0,0.99992
7456.67,BTC-26JUN20,1577271542148,open,0.38,0.0,0.351,0.4165,0.38078152,72.24,None,0.0,BTC-26JUN20-5000-C,7223.03,56.03,0.356,5.0,0.4085,5.0,88.2,12.34709,-2.42535,17.621,6e-05,0.84987
7228.07,BTC-27DEC19,1577271542148,open,0.0,1051.9,0.0005,0.011,0.001137,87.96,0.001,0.0,BTC-27DEC19-6500-P,7223.03,85.8,0.001,10.4,0.0015,25.9,93.07,0.47473,-8.21833,-0.01645,0.0002,-0.04314
7228.07,BTC-27DEC19,1577271542149,open,0.0,690.8,0.0005,0.0105,0.0,115.0,0.0005,0.0,BTC-27DEC19-36000-C,7223.03,0.0,0.0,0.0,0.0005,10.0,500.0,0.0,0.0,0.0,0.0,0.0
7228.07,BTC-27DEC19,1577271542149,open,1.07,211.0,1.035,1.1175,1.07523416,0.0,0.959,0.0,BTC-27DEC19-15000-P,7223.03,0.0,0.0,0.0,0.0,0.0,0.0,0.0,0.0,-0.77083,0.0,-1.0
7228.07,BTC-27DEC19,1577271542149,open,0.0,986.6,0.0005,0.0105,0.0,115.0,0.0005,0.0,BTC-27DEC19-12000-C,7223.03,0.0,0.0,0.0,0.0005,21.0,281.52,0.0,0.0,0.0,0.0,0.0
7228.07,BTC-27DEC19,1577271542149,open,0.79,98.8,0.7635,0.835,0.79853627,0.0,0.792,0.0,BTC-27DEC19-13000-P,7223.03,0.0,0.0,0.0,0.0,0.0,0.0,0.0,0.0,-0.66806,0.0,-1.0
7234.27,SYN.BTC-3JAN20,1577271542147,open,0.21,0.1,0.1895,0.2255,0.20639485,77.86,0.2405,0.0,BTC-3JAN20-5750-C,7223.03,0.0,0.1945,3.0,0.2205,3.0,142.21,0.66974,-2.93767,1.35127,7e-05,0.97453
7228.07,BTC-27DEC19,1577271542149,open,0.45,36.8,0.4355,0.457,0.44660423,219.2,0.456,0.0,BTC-27DEC19-4000-C,7223.03,0.0,0.4395,4.0,0.447,0.5,335.01,0.00128,-0.0747,0.20553,0.0,0.99994
7234.27,SYN.BTC-3JAN20,1577271542143,open,0.21,0.0,0.1865,0.2395,0.21105578,66.85,None,0.0,BTC-3JAN20-8750-P,7223.03,0.0,0.0,0.0,0.0,0.0,0.0,0.93519,-3.52179,-2.06334,0.00011,-0.96186
7228.07,BTC-27DEC19,1577271542149,open,0.0,394.4,0.0005,0.0105,0.0,115.0,0.0005,0.0,BTC-27DEC19-16000-C,7223.03,0.0,0.0,0.0,0.0005,10.0,414.07,0.0,0.0,0.0,0.0,0.0
7228.07,BTC-27DEC19,1577271542149,open,0.0,106.3,0.0005,0.0105,0.0,115.0,0.0005,0.0,BTC-27DEC19-2000-P,7223.03,0.0,0.0,0.0,0.0005,20.1,500.0,0.0,0.0,0.0,0.0,0.0
7308.59,BTC-27MAR20,1577271542149,open,0.0,705.8,0.0005,0.0105,0.00063859,115.0,0.001,0.0,BTC-27MAR20-40000-C,7223.03,112.54,0.0005,463.6,0.0015,20.0,124.83,0.45073,-0.27905,0.06517,0.0,0.00414
7308.59,BTC-27MAR20,1577271542149,open,2.82,0.0,2.7565,2.921,2.83384616,110.24,None,0.0,BTC-27MAR20-28000-P,7223.03,0.0,0.0015,10.0,0.0,0.0,0.0,1.49817,-0.88912,-70.99518,1e-05,-0.98372
7228.07,BTC-27DEC19,1577271542149,open,0.31,78.7,0.2945,0.3215,0.30825534,141.65,0.317,0.0,BTC-27DEC19-5000-C,7223.03,0.0,0.299,4.0,0.3175,4.0,381.05,0.00237,-0.08941,0.2569,0.0,0.99988
7228.07,BTC-27DEC19,1577271542149,open,0.59,11.0,0.575,0.5945,0.58495317,315.84,0.5835,0.0,BTC-27DEC19-3000-C,7223.03,0.0,0.5785,5.0,0.592,5.0,500.0,0.0007,-0.05905,0.15415,0.0,0.99997
7228.07,BTC-27DEC19,1577271542149,open,5.07,0.0,4.9685,5.2115,5.08735352,0.0,3.46,0.0,BTC-27DEC19-44000-P,7223.03,0.0,0.001,1.0,0.0,0.0,0.0,0.0,0.0,-2.26111,0.0,-1.0
7228.07,BTC-27DEC19,1577271542149,open,0.0,1495.3,0.0005,0.0105,0.0007476,76.92,0.001,0.0,BTC-27DEC19-8000-C,7223.03,71.89,0.0005,47.9,0.001,3.1,81.09,0.39981,-5.40371,0.0127,0.00019,0.03494
7228.07,BTC-27DEC19,1577271542149,open,0.0,410.8,0.0005,0.0105,0.00074246,95.47,0.0005,0.0,BTC-27DEC19-8250-C,7223.03,89.69,0.0005,14.5,0.001,55.0,100.43,0.34121,-5.36655,0.01044,0.00013,0.02884
7228.07,BTC-27DEC19,1577271542150,open,0.02,383.4,0.0015,0.037,0.01350858,52.29,0.016,0.0,BTC-27DEC19-7250-C,7223.03,50.51,0.013,0.7,0.0145,10.0,55.77,2.06315,-28.75924,0.17151,0.00147,0.47525
7228.07,BTC-27DEC19,1577271542149,open,0.79,12.1,0.7825,0.802,0.79247658,500.0,0.8415,0.0,BTC-27DEC19-1500-C,7223.03,0.0,0.7855,8.0,0.8,8.0,500.0,6e-05,-0.00817,0.07708,0.0,1.0
7308.59,BTC-27MAR20,1577271542150,open,0.0,156.2,0.0005,0.011,0.00112224,115.0,0.002,0.0,BTC-27MAR20-36000-C,7223.03,113.7,0.001,25.2,0.002,25.0,122.15,0.71615,-0.44338,0.10884,0.0,0.00697
7308.59,BTC-27MAR20,1577271542150,open,2.28,0.0,2.2205,2.3655,2.28780752,104.97,None,0.0,BTC-27MAR20-24000-P,7223.03,0.0,0.0015,10.0,0.0,0.0,0.0,2.068,-1.16862,-60.70061,1e-05,-0.97619
7456.67,BTC-26JUN20,1577271542150,open,3.29,0.0,3.2105,3.4115,3.30274077,101.4,None,0.0,BTC-26JUN20-32000-P,7223.03,0.0,0.002,1.0,0.0,0.0,0.0,5.28796,-1.45807,-159.82477,2e-05,-0.95195
7456.67,BTC-26JUN20,1577271542150,open,0.01,145.4,0.0005,0.0215,0.00891132,81.74,0.008,0.0,BTC-26JUN20-3000-P,7223.03,78.81,0.0075,34.0,0.01,10.0,83.84,3.74778,-0.83303,-1.51734,2e-05,-0.03148
7228.07,BTC-27DEC19,1577271542150,open,0.0,1169.0,0.0005,0.0105,0.0,115.0,0.0005,0.0,BTC-27DEC19-11000-C,7223.03,0.0,0.0,0.0,0.0005,31.0,239.51,1e-05,-2e-05,0.0,0.0,0.0
7228.07,BTC-27DEC19,1577271542150,open,0.0,833.8,0.0005,0.0105,0.0,115.0,0.0005,0.0,BTC-27DEC19-4000-P,7223.03,0.0,0.0,0.0,0.0005,23.2,344.26,0.0,0.0,0.0,0.0,0.0
7308.59,BTC-27MAR20,1577271542150,open,0.23,24.9,0.2005,0.2655,0.23069093,66.35,0.2305,0.0,BTC-27MAR20-6000-C,7223.03,63.56,0.2265,13.0,0.235,0.5,69.18,11.04516,-3.94528,10.13034,0.00012,0.77542
7228.07,BTC-27DEC19,1577271542150,open,0.0,961.6,0.0005,0.0105,0.0,115.0,0.001,0.0,BTC-27DEC19-30000-C,7223.03,0.0,0.0,0.0,0.0005,10.9,500.0,0.0,0.0,0.0,0.0,0.0
7456.67,BTC-26JUN20,1577271542151,open,0.01,90.7,0.0025,0.0375,0.01236418,99.49,0.0125,0.0,BTC-26JUN20-30000-C,7223.03,98.34,0.0115,11.0,0.0135,44.0,100.94,5.70055,-1.54224,1.51909,2e-05,0.0528
7259.05,SYN.BTC-31JAN20,1577271542148,open,0.32,7.4,0.2995,0.3365,0.3164073,75.72,0.329,0.0,BTC-31JAN20-5000-C,7223.03,47.89,0.3115,4.0,0.331,4.0,107.81,2.28501,-2.34601,4.66477,6e-05,0.95248
124.6,ETH-27DEC19,1577271542151,open,1.55,100.0,1.494,1.647,1.568218,125.0,0.883,0.0,ETH-27DEC19-320-P,124.58,0.0,0.011,5.0,0.0,0.0,0.0,0.0,0.0,-0.01644,0.0,-1.0
7259.05,SYN.BTC-31JAN20,1577271542147,open,0.25,10.4,0.2255,0.2945,0.25414294,60.73,0.272,0.0,BTC-31JAN20-9000-P,7223.03,0.0,0.017,1.0,0.0,0.0,0.0,5.48728,-4.51855,-8.06421,0.00017,-0.84546
7228.07,BTC-27DEC19,1577271542151,open,0.0,475.6,0.0005,0.013,0.00165806,67.31,0.002,0.0,BTC-27DEC19-7750-C,7223.03,65.76,0.0015,3.0,0.002,45.0,70.44,0.75343,-11.98454,0.02824,0.00042,0.07769
7308.59,BTC-27MAR20,1577271542151,open,3.09,0.0,3.025,3.199,3.1069994,112.1,None,0.0,BTC-27MAR20-30000-P,7223.03,0.0,0.0015,10.0,0.0,0.0,0.0,1.2668,-0.76454,-76.12867,1e-05,-0.9866
7228.07,BTC-27DEC19,1577271542151,open,0.65,73.0,0.628,0.694,0.66018732,0.0,0.7025,0.0,BTC-27DEC19-12000-P,7223.03,0.0,0.0025,0.1,0.0,0.0,0.0,0.0,0.0,-0.61667,0.0,-1.0
7234.27,SYN.BTC-3JAN20,1577271542148,open,0.18,0.3,0.1545,0.1935,0.17282463,73.26,0.2165,0.0,BTC-3JAN20-6000-C,7223.03,0.0,0.16,3.0,0.188,3.0,129.08,1.07078,-4.41926,1.37583,0.00011,0.95492
124.6,ETH-27DEC19,1577271542151,open,0.51,0.0,0.481,0.572,0.52488,120.0,0.438,0.0,ETH-27DEC19-190-P,124.58,0.0,0.17,30.0,0.0,0.0,0.0,0.0,-1e-05,-0.00976,0.0,-1.0
7259.05,SYN.BTC-31JAN20,1577271542147,open,0.01,194.1,0.0005,0.0175,0.0055306,70.39,0.006,0.0,BTC-31JAN20-10500-C,7223.03,68.99,0.005,4.0,0.006,36.0,71.57,2.8212,-2.69272,0.4144,8e-05,0.06204
7228.07,BTC-27DEC19,1577271542151,open,0.17,139.7,0.153,0.1895,0.17021614,115.17,0.178,0.0,BTC-27DEC19-6000-C,7223.03,0.0,0.159,3.0,0.1825,3.0,250.05,0.14786,-4.53912,0.3042,5e-05,0.98919
7228.07,BTC-27DEC19,1577271542151,open,0.04,371.4,0.016,0.06,0.03734419,60.91,0.038,0.0,BTC-27DEC19-7000-C,7223.03,56.91,0.0365,2.9,0.038,10.0,63.93,1.55323,-25.22074,0.27407,0.00095,0.7752
7259.05,SYN.BTC-31JAN20,1577271542147,open,0.01,531.0,0.0045,0.038,0.01431522,60.74,0.014,0.0,BTC-31JAN20-9000-C,7223.03,59.65,0.0135,0.1,0.015,16.0,61.63,5.48787,-4.51944,1.02858,0.00017,0.15457
7259.05,SYN.BTC-31JAN20,1577271542149,open,0.04,290.6,0.024,0.073,0.03478911,56.42,0.036,0.0,BTC-31JAN20-8000-C,7223.03,55.29,0.0335,15.0,0.0365,16.0,57.91,8.30995,-6.35759,2.1323,0.00028,0.32554
7234.27,SYN.BTC-3JAN20,1577271542143,open,0.24,0.1,0.2245,0.259,0.2407129,87.47,0.2735,0.0,BTC-3JAN20-5500-C,7223.03,0.0,0.2305,3.0,0.253,3.0,154.35,0.5199,-2.56175,1.30251,5e-05,0.98113
7234.27,SYN.BTC-3JAN20,1577271542148,open,0.08,3.4,0.059,0.113,0.0808868,52.8,0.084,0.0,BTC-3JAN20-7750-P,7223.03,0.0,0.055,3.0,0.104,3.0,96.26,3.28044,-9.75687,-1.52633,0.00049,-0.78676
7259.05,SYN.BTC-31JAN20,1577271542149,open,0.01,471.0,0.0005,0.02,0.00678987,66.07,0.0075,0.0,BTC-31JAN20-10000-C,7223.03,64.31,0.006,36.0,0.0075,30.0,67.57,3.35711,-3.00758,0.52047,0.0001,0.07776
7259.05,SYN.BTC-31JAN20,1577271542149,open,0.19,15.2,0.1675,0.237,0.19241954,57.81,0.2965,0.0,BTC-31JAN20-8500-P,7223.03,17.78,0.171,0.1,0.0,0.0,0.0,6.85933,-5.3769,-7.12011,0.00022,-0.77845
7234.27,SYN.BTC-3JAN20,1577271542149,open,0.17,0.0,0.1525,0.2055,0.17718987,62.92,None,0.0,BTC-3JAN20-8500-P,7223.03,0.0,0.0,0.0,0.0,0.0,0.0,1.26258,-4.47489,-1.97336,0.00016,-0.94457
7259.05,SYN.BTC-31JAN20,1577271542149,open,0.65,0.0,0.6215,0.695,0.65561679,78.04,None,0.0,BTC-31JAN20-12000-P,7223.03,0.0,0.0015,10.0,0.0,0.0,0.0,1.5074,-1.59515,-11.9324,4e-05,-0.97143
7259.05,SYN.BTC-31JAN20,1577271542150,open,0.01,215.9,0.0005,0.027,0.00953407,63.11,0.011,0.0,BTC-31JAN20-9500-C,7223.03,61.31,0.0085,35.0,0.0105,29.0,64.72,4.26273,-3.64794,0.71726,0.00013,0.10734
7259.05,SYN.BTC-31JAN20,1577271542151,open,0.51,0.0,0.487,0.5575,0.51949187,72.99,None,0.0,BTC-31JAN20-11000-P,7223.03,0.0,0.0015,10.0,0.0,0.0,0.0,2.26099,-2.23756,-10.79963,6e-05,-0.9531
7259.05,SYN.BTC-31JAN20,1577271542150,open,0.31,4.8,0.2885,0.356,0.3182411,63.11,0.3445,0.0,BTC-31JAN20-9500-P,7223.03,0.0,0.0015,10.0,0.0,0.0,0.0,4.26185,-3.64676,-8.88072,0.00013,-0.89269
7234.27,SYN.BTC-3JAN20,1577271542154,open,0.02,669.6,0.007,0.0445,0.0169543,50.57,0.018,0.0,BTC-3JAN20-7500-C,7223.03,48.0,0.0155,20.0,0.0185,36.0,53.27,4.12395,-11.74785,0.5647,0.00064,0.33796
125.61,ETH-27MAR20,1577271542155,open,1.23,161.0,1.17,1.33,1.244988,97.91,1.397,0.0,ETH-27MAR20-280-P,124.58,0.0,0.002,50.0,0.0,0.0,0.0,0.09807,-0.05169,-0.69057,0.00249,-0.91561
124.99,SYN.ETH-31JAN20,1577271542155,open,0.29,1.0,0.254,0.348,0.299076,72.65,0.148,0.0,ETH-31JAN20-160-P,124.58,56.56,0.288,340.0,0.311,340.0,86.2,0.10055,-0.09906,-0.14257,0.00877,-0.82994
125.61,ETH-27MAR20,1577271542157,open,1.86,7.0,1.785,1.976,1.874927,107.64,1.702,0.0,ETH-27MAR20-360-P,124.58,0.0,0.01,30.0,0.0,0.0,0.0,0.06293,-0.03646,-0.90364,0.00146,-0.95231
124.6,ETH-27DEC19,1577271542157,open,0.75,2830.0,0.715,0.82,0.76565,120.0,0.65,0.0,ETH-27DEC19-220-P,124.58,0.0,0.001,9.0,0.0,0.0,0.0,0.0,0.0,-0.01131,0.0,-1.0
125.61,ETH-27MAR20,1577271542162,open,0.77,30.0,0.715,0.857,0.782344,90.04,0.306,0.0,ETH-27MAR20-220-P,124.58,0.0,0.001,9.0,0.0,0.0,0.0,0.15226,-0.0738,-0.51949,0.00421,-0.84301
127.44,ETH-26JUN20,1577271542162,open,0.07,539.0,0.032,0.115,0.068639,88.52,0.078,0.0,ETH-26JUN20-240-C,124.58,86.87,0.065,642.0,0.073,180.0,90.46,0.28376,-0.06831,0.11262,0.00392,0.24406
124.6,ETH-27DEC19,1577271542162,open,0.43,4507.0,0.403,0.489,0.444623,120.0,0.432,0.0,ETH-27DEC19-180-P,124.58,0.0,0.002,25.0,1.2,5.0,500.0,0.0,-0.00015,-0.00925,0.0,-0.99999
127.44,ETH-26JUN20,1577271542162,open,0.12,2383.0,0.073,0.174,0.121484,84.28,0.138,0.0,ETH-26JUN20-180-C,124.58,82.26,0.116,280.0,0.128,280.0,86.66,0.34716,-0.07956,0.17267,0.00503,0.39043
124.6,ETH-27DEC19,1577271542162,open,2.02,0.0,1.961,2.144,2.049759,0.0,None,0.0,ETH-27DEC19-380-P,124.58,0.0,0.02,50.0,0.0,0.0,0.0,0.0,0.0,-0.01953,0.0,-1.0
124.6,ETH-27DEC19,1577271542162,open,2.18,15.0,2.117,2.309,2.210273,125.0,1.248,0.0,ETH-27DEC19-400-P,124.58,0.0,0.002,50.0,0.0,0.0,0.0,0.0,0.0,-0.02056,0.0,-1.0
124.6,ETH-27DEC19,1577271542162,open,0.05,758.0,0.014,0.073,0.043943,72.63,0.064,0.0,ETH-27DEC19-120-C,124.58,58.11,0.041,40.0,0.047,40.0,86.2,0.02693,-0.52132,0.00467,0.04647,0.77293
127.44,ETH-26JUN20,1577271542162,open,3.99,0.0,3.879,4.209,4.034321,110.97,None,0.0,ETH-26JUN20-640-P,124.58,0.0,0.011,1.0,0.0,0.0,0.0,0.09172,-0.02768,-3.20063,0.00101,-0.95105
124.6,ETH-27DEC19,1577271542162,open,0.0,2462.0,0.001,0.017,0.002537,118.7,0.002,0.0,ETH-27DEC19-110-P,124.58,97.91,0.001,791.0,0.002,350.0,112.5,0.01145,-0.31615,-0.00044,0.01209,-0.06589
127.44,ETH-26JUN20,1577271542162,open,0.8,0.0,0.726,0.895,0.807581,86.92,None,0.0,ETH-26JUN20-220-P,124.58,0.0,0.726,50.0,0.0,0.0,0.0,0.3056,-0.07223,-0.97935,0.0043,-0.71788
127.44,ETH-26JUN20,1577271542162,open,3.37,0.0,3.271,3.566,3.409522,107.8,None,0.0,ETH-26JUN20-560-P,124.58,0.0,0.01,50.0,0.0,0.0,0.0,0.10819,-0.03171,-2.7922,0.00123,-0.93968
127.44,ETH-26JUN20,1577271542164,open,0.01,626.0,0.003,0.035,0.01235,110.97,0.012,0.0,ETH-26JUN20-640-C,124.58,109.03,0.011,350.0,0.014,140.0,113.17,0.09172,-0.02768,0.0235,0.00101,0.04895
124.6,ETH-27DEC19,1577271542162,open,1.71,0.0,1.65,1.813,1.728732,125.0,None,0.0,ETH-27DEC19-340-P,124.58,0.0,0.003,9.0,0.0,0.0,0.0,0.0,0.0,-0.01747,0.0,-1.0
125.61,ETH-27MAR20,1577271542164,open,0.27,2.0,0.225,0.303,0.26458,78.07,0.275,0.0,ETH-27MAR20-100-C,124.58,68.77,0.251,43.0,0.294,43.0,97.28,0.18708,-0.07863,0.16509,0.00597,0.78109
124.6,ETH-27DEC19,1577271542164,open,0.0,1657.0,0.001,0.011,4e-06,120.0,0.001,0.0,ETH-27DEC19-170-C,124.58,0.0,0.0,0.0,0.001,375.0,203.13,6e-05,-0.00047,0.0,6e-05,0.00018
125.61,ETH-27MAR20,1577271542168,open,0.18,118.0,0.13,0.217,0.173895,76.99,0.19,0.0,ETH-27MAR20-120-C,124.58,60.39,0.142,47.0,0.207,47.0,94.32,0.24078,-0.0998,0.14336,0.00779,0.62242
124.6,ETH-27DEC19,1577271542168,open,2.82,21.0,2.741,2.971,2.852327,125.0,2.37,0.0,ETH-27DEC19-480-P,124.58,0.0,0.002,50.0,0.0,0.0,0.0,0.0,0.0,-0.02467,0.0,-1.0
124.99,SYN.ETH-31JAN20,1577271542167,open,0.59,0.0,0.556,0.662,0.605996,85.62,None,0.0,ETH-31JAN20-200-P,124.58,0.0,0.01,50.0,0.0,0.0,0.0,0.04469,-0.05188,-0.19575,0.00331,-0.94422
124.6,ETH-27DEC19,1577271542170,open,2.5,0.0,2.429,2.64,2.5313,125.0,None,0.0,ETH-27DEC19-440-P,124.58,0.0,0.002,50.0,0.0,0.0,0.0,0.0,0.0,-0.02261,0.0,-1.0
127.44,ETH-26JUN20,1577271542170,open,0.1,1420.0,0.054,0.149,0.098305,85.48,0.111,0.0,ETH-26JUN20-200-C,124.58,84.19,0.095,285.0,0.104,180.0,87.68,0.32764,-0.07616,0.14886,0.00468,0.33017
127.44,ETH-26JUN20,1577271542170,open,0.03,777.0,0.01,0.067,0.032126,97.17,0.03,0.0,ETH-26JUN20-360-C,124.58,95.68,0.03,350.0,0.035,180.0,99.12,0.18397,-0.04861,0.05825,0.00231,0.12286
127.44,ETH-26JUN20,1577271542170,open,1.83,1.0,1.756,1.972,1.856985,97.17,1.827,0.0,ETH-26JUN20-360-P,124.58,0.0,0.015,2.0,0.0,0.0,0.0,0.18397,-0.04861,-1.75532,0.00231,-0.87714
125.61,ETH-27MAR20,1577271542172,open,1.54,10.0,1.477,1.652,1.55921,103.16,1.59,0.0,ETH-27MAR20-320-P,124.58,0.0,0.011,5.0,0.0,0.0,0.0,0.0776,-0.0431,-0.7981,0.00187,-0.93783
127.44,ETH-26JUN20,1577271542174,open,0.01,308.0,0.003,0.037,0.013592,109.32,0.017,0.0,ETH-26JUN20-600-C,124.58,107.19,0.012,350.0,0.015,140.0,111.08,0.09892,-0.02941,0.02583,0.00111,0.05383
125.61,ETH-27MAR20,1577271542177,open,0.62,747.0,0.568,0.704,0.633085,87.27,0.57,0.0,ETH-27MAR20-200-P,124.58,0.0,0.001,9.0,0.0,0.0,0.0,0.17815,-0.0837,-0.45759,0.00508,-0.79857
127.44,ETH-26JUN20,1577271542177,open,0.02,330.0,0.005,0.048,0.019743,104.15,0.025,0.0,ETH-26JUN20-480-C,124.58,102.41,0.018,350.0,0.022,141.0,106.28,0.13087,-0.03706,0.03688,0.00154,0.07718
127.44,ETH-26JUN20,1577271542177,open,2.14,0.0,2.057,2.288,2.165668,99.83,None,0.0,ETH-26JUN20-400-P,124.58,0.0,0.01,50.0,0.0,0.0,0.0,0.16317,-0.0443,-1.9657,0.002,-0.89615
124.68,SYN.ETH-3JAN20,1577271542177,open,0.2,0.0,0.169,0.247,0.206276,75.3,None,0.0,ETH-3JAN20-150-P,124.58,0.0,0.0,0.0,0.0,0.0,0.0,0.02459,-0.1043,-0.03461,0.00864,-0.93522
127.44,ETH-26JUN20,1577271542179,open,0.52,426.0,0.458,0.613,0.533913,84.28,0.47,0.0,ETH-26JUN20-180-P,124.58,68.02,0.491,210.0,0.584,200.0,102.32,0.34716,-0.07956,-0.73412,0.00503,-0.60957
125.61,ETH-27MAR20,1577271542231,open,0.92,118.0,0.866,1.013,0.9354,93.35,0.978,0.0,ETH-27MAR20-240-P,124.58,0.0,0.004,9.0,0.0,0.0,0.0,0.13205,-0.06636,-0.57793,0.00352,-0.87277
124.68,SYN.ETH-3JAN20,1577271542231,open,0.21,1.0,0.174,0.228,0.20106,90.07,0.208,0.0,ETH-3JAN20-100-C,124.58,0.0,0.0,0.0,0.0,0.0,0.0,0.02019,-0.10246,0.02269,0.00593,0.94956
127.44,ETH-26JUN20,1577271542233,open,0.04,334.0,0.014,0.078,0.039773,94.5,0.033,0.0,ETH-26JUN20-320-C,124.58,92.79,0.037,350.0,0.043,280.0,96.41,0.2107,-0.05414,0.07063,0.00273,0.14979
127.44,ETH-26JUN20,1577271542233,open,0.02,247.0,0.01,0.044,0.02355,88.64,0.017,0.0,ETH-26JUN20-60-P,124.58,85.75,0.021,350.0,0.026,435.0,91.3,0.11506,-0.02773,-0.05702,0.00159,-0.06527
124.99,SYN.ETH-31JAN20,1577271542233,open,0.75,1.0,0.71,0.824,0.76409,92.12,0.739,0.0,ETH-31JAN20-220-P,124.58,0.0,0.01,50.0,0.0,0.0,0.0,0.03224,-0.04027,-0.21807,0.00222,-0.96284
124.99,SYN.ETH-31JAN20,1577271542233,open,0.44,25.0,0.402,0.502,0.449887,78.96,0.35,0.0,ETH-31JAN20-180-P,124.58,0.0,0.012,5.0,0.0,0.0,0.0,0.06563,-0.07027,-0.17145,0.00527,-0.90789
124.6,ETH-27DEC19,1577271542235,open,4.09,0.0,3.987,4.295,4.136437,250.0,None,0.0,ETH-27DEC19-640-P,124.58,0.0,0.02,50.0,0.0,0.0,0.0,0.0,0.0,-0.03289,0.0,-1.0
127.44,ETH-26JUN20,1577271542235,open,0.43,0.0,0.389,0.463,0.426241,81.95,None,0.0,ETH-26JUN20-80-C,124.58,38.21,0.376,1.0,1.48,5.0,500.0,0.19893,-0.04433,0.28004,0.00297,0.86244
124.6,ETH-27DEC19,1577271542235,open,0.59,3511.0,0.559,0.654,0.605136,120.0,0.726,0.0,ETH-27DEC19-200-P,124.58,0.0,0.025,5.0,0.0,0.0,0.0,0.0,0.0,-0.01028,0.0,-1.0
124.6,ETH-27DEC19,1577271542235,open,4.41,1.0,4.299,4.626,4.457464,250.0,2.792,0.0,ETH-27DEC19-680-P,124.58,0.0,0.02,50.0,0.0,0.0,0.0,0.0,0.0,-0.03494,0.0,-1.0
124.6,ETH-27DEC19,1577271542235,open,1.87,257.0,1.806,1.978,1.889246,125.0,0.995,0.0,ETH-27DEC19-360-P,124.58,0.0,0.02,50.0,0.0,0.0,0.0,0.0,0.0,-0.0185,0.0,-1.0
124.6,ETH-27DEC19,1577271542237,open,0.28,0.0,0.256,0.299,0.27769,120.0,None,0.0,ETH-27DEC19-90-C,124.58,0.0,0.0,0.0,0.0,0.0,0.0,2e-05,-0.00076,0.00462,2e-05,0.99993
124.6,ETH-27DEC19,1577271542237,open,0.91,2287.0,0.871,0.985,0.926164,117.19,1.068,0.0,ETH-27DEC19-240-P,124.58,0.0,0.001,15.0,0.0,0.0,0.0,0.0,0.0,-0.01233,0.0,-1.0
127.44,ETH-26JUN20,1577271542237,open,0.11,543.0,0.07,0.157,0.111034,80.87,0.107,0.0,ETH-26JUN20-100-P,124.58,79.49,0.108,350.0,0.114,250.0,82.21,0.28057,-0.0617,-0.22474,0.00424,-0.23903
127.44,ETH-26JUN20,1577271542237,open,0.05,1006.0,0.028,0.086,0.053988,81.95,0.055,0.0,ETH-26JUN20-80-P,124.58,81.32,0.053,350.0,0.054,2.0,81.96,0.19893,-0.04433,-0.12298,0.00297,-0.13756
124.6,ETH-27DEC19,1577271542239,open,5.05,1.0,4.922,5.288,5.099518,250.0,3.236,0.0,ETH-27DEC19-760-P,124.58,0.0,0.02,50.0,0.0,0.0,0.0,0.0,0.0,-0.03906,0.0,-1.0
127.44,ETH-26JUN20,1577271542239,open,0.02,110.0,0.004,0.045,0.017769,106.57,0.024,0.0,ETH-26JUN20-520-C,124.58,104.64,0.016,350.0,0.02,490.0,108.85,0.12055,-0.03493,0.0331,0.00138,0.06933
124.99,SYN.ETH-31JAN20,1577271542239,open,0.23,1.0,0.189,0.252,0.220719,76.14,0.225,0.0,ETH-31JAN20-100-C,124.58,41.02,0.202,37.0,0.24,37.0,99.84,0.09203,-0.095,0.07965,0.00766,0.85146
127.44,ETH-26JUN20,1577271542239,open,0.4,833.0,0.337,0.481,0.407729,83.04,0.354,0.0,ETH-26JUN20-160-P,124.58,74.24,0.383,236.0,0.415,210.0,85.62,0.35935,-0.08115,-0.60612,0.00529,-0.53637
124.99,SYN.ETH-31JAN20,1577271542239,open,1.07,0.0,1.02,1.152,1.082619,105.4,None,0.0,ETH-31JAN20-260-P,124.58,0.0,0.01,50.0,0.0,0.0,0.0,0.02065,-0.02951,-0.26024,0.00124,-0.97825
124.6,ETH-27DEC19,1577271542241,open,1.23,310.0,1.182,1.316,1.247191,125.0,0.49,0.0,ETH-27DEC19-280-P,124.58,0.0,0.003,9.0,0.0,0.0,0.0,0.0,0.0,-0.01439,0.0,-1.0
124.6,ETH-27DEC19,1577271542241,open,0.27,13324.0,0.247,0.325,0.284161,120.0,0.302,0.0,ETH-27DEC19-160-P,124.58,0.0,0.003,11.0,0.5,3.0,500.0,0.00059,-0.01887,-0.00821,0.00062,-0.99791
127.44,ETH-26JUN20,1577271542243,open,0.28,1331.0,0.227,0.357,0.291009,81.45,0.254,0.0,ETH-26JUN20-140-P,124.58,79.31,0.285,350.0,0.296,210.0,83.23,0.35798,-0.07929,-0.47553,0.00537,-0.44968
124.6,ETH-27DEC19,1577271542245,open,1.07,944.0,1.026,1.151,1.086677,130.86,1.042,0.0,ETH-27DEC19-260-P,124.58,0.0,0.001,9.0,0.0,0.0,0.0,0.0,0.0,-0.01336,0.0,-1.0
127.44,ETH-26JUN20,1577271542245,open,0.33,1.0,0.279,0.372,0.326351,80.87,0.38,0.0,ETH-26JUN20-100-C,124.58,39.65,0.242,1.0,1.375,5.0,500.0,0.28057,-0.0617,0.27903,0.00424,0.76097
127.44,ETH-26JUN20,1577271542245,open,2.45,0.0,2.36,2.606,2.475319,101.95,None,0.0,ETH-26JUN20-440-P,124.58,0.0,0.01,50.0,0.0,0.0,0.0,0.14497,-0.04019,-2.1744,0.00174,-0.91158
127.44,ETH-26JUN20,1577271542245,open,3.68,0.0,3.575,3.887,3.72169,109.32,None,0.0,ETH-26JUN20-600-P,124.58,0.0,0.01,50.0,0.0,0.0,0.0,0.09892,-0.02941,-2.99678,0.00111,-0.94617
124.6,ETH-27DEC19,1577271542247,open,1.39,1.0,1.338,1.482,1.407705,125.0,0.494,0.0,ETH-27DEC19-300-P,124.58,0.0,0.02,50.0,0.0,0.0,0.0,0.0,0.0,-0.01542,0.0,-1.0
124.68,SYN.ETH-3JAN20,1577271542247,open,0.27,0.0,0.247,0.327,0.284721,82.12,None,0.0,ETH-3JAN20-160-P,124.58,0.0,0.0,0.0,0.0,0.0,0.0,0.01315,-0.06084,-0.03805,0.00424,-0.97021
7456.67,BTC-26JUN20,1577271528440,open,0.04,133.1,0.016,0.0775,0.038282,82.9,0.041,0.0,BTC-26JUN20-16000-C,7223.03,81.55,0.036,9.0,0.04,15.0,83.89,12.76294,-2.87703,4.49103,5e-05,0.15784
7456.67,BTC-26JUN20,1577271528404,open,0.11,369.4,0.07,0.16,0.10870362,74.38,0.1055,0.0,BTC-26JUN20-10000-C,7223.03,73.38,0.106,12.9,0.1115,4.9,75.41,20.23305,-4.09219,10.38492,0.0001,0.38516
7456.67,BTC-26JUN20,1577271528425,open,0.05,553.8,0.024,0.094,0.05080655,79.89,0.0515,0.0,BTC-26JUN20-14000-C,7223.03,78.48,0.048,9.0,0.053,14.6,80.97,14.99276,-3.2569,5.75386,7e-05,0.20398
7456.67,BTC-26JUN20,1577271528421,open,0.07,402.2,0.04,0.12,0.07245819,77.27,0.0765,0.0,BTC-26JUN20-12000-C,7223.03,76.02,0.0695,8.0,0.075,13.9,78.33,17.70603,-3.72025,7.66372,8e-05,0.27647
7456.67,BTC-26JUN20,1577271528442,open,0.03,268.2,0.0115,0.066,0.03006799,85.69,0.033,0.0,BTC-26JUN20-18000-C,7223.03,84.26,0.028,24.0,0.032,15.0,86.98,10.96343,-2.55459,3.60852,5e-05,0.12613
7456.67,BTC-26JUN20,1577271528949,open,0.01,145.4,0.0005,0.0215,0.00891132,81.74,0.008,0.0,BTC-26JUN20-3000-P,7223.03,78.81,0.0075,34.0,0.01,10.0,83.84,3.74778,-0.83303,-1.51734,2e-05,-0.03148
7456.67,BTC-26JUN20,1577271528455,open,0.02,24.9,0.0065,0.0505,0.02002702,90.38,0.021,0.0,BTC-26JUN20-22000-C,7223.03,88.98,0.0185,13.0,0.0215,15.1,91.67,8.30637,-2.04131,2.47737,3e-05,0.08598
7456.68,BTC-26JUN20,1577271528489,open,0.02,490.4,0.0105,0.0445,0.02298102,75.27,0.0235,0.0,BTC-26JUN20-4000-P,7223.03,73.28,0.021,17.0,0.025,34.0,77.23,7.56296,-1.5479,-3.71575,4e-05,-0.07594
7456.67,BTC-26JUN20,1577271528485,open,0.01,42.1,0.0015,0.0355,0.01126365,101.38,0.01,0.0,BTC-26JUN20-32000-C,7223.03,99.53,0.01,2.4,0.0125,25.0,103.07,5.28292,-1.45633,1.37981,2e-05,0.048
7456.67,BTC-26JUN20,1577271528482,open,0.01,90.7,0.0025,0.0375,0.01236418,99.49,0.0125,0.0,BTC-26JUN20-30000-C,7223.03,98.34,0.0115,11.0,0.0135,44.0,100.94,5.70055,-1.54224,1.51909,2e-05,0.0528
7456.68,BTC-26JUN20,1577271528464,open,0.01,19.9,0.0035,0.0405,0.01378184,97.58,0.0165,0.0,BTC-26JUN20-28000-C,7223.03,95.99,0.0125,5.0,0.015,15.0,99.0,6.21301,-1.6485,1.69448,2e-05,0.05889
7456.67,BTC-26JUN20,1577271528492,open,0.05,290.4,0.029,0.084,0.05132482,72.24,0.0525,0.0,BTC-26JUN20-5000-P,7223.03,70.52,0.0485,22.1,0.054,22.1,73.85,12.34725,-2.42543,-7.56766,6e-05,-0.15013
7456.68,BTC-26JUN20,1577271528449,open,0.02,899.4,0.0085,0.0575,0.02428365,88.17,0.023,0.0,BTC-26JUN20-20000-C,7223.03,86.33,0.022,13.0,0.0265,15.0,89.87,9.50268,-2.27838,2.96384,4e-05,0.10318
7456.67,BTC-26JUN20,1577271528495,open,0.1,335.8,0.066,0.143,0.09918777,71.6,0.0915,0.0,BTC-26JUN20-6000-P,7223.03,69.95,0.0955,12.3,0.1015,28.0,72.63,16.73525,-3.25823,-13.03009,8e-05,-0.24769
7308.59,BTC-27MAR20,1577271530546,open,0.01,465.3,0.004,0.0355,0.01354923,81.42,0.0155,0.0,BTC-27MAR20-14000-C,7223.03,80.04,0.0125,32.0,0.0145,13.0,82.62,5.69664,-2.49695,1.31402,5e-05,0.08421
7308.59,BTC-27MAR20,1577271530556,open,0.01,506.7,0.0005,0.02,0.00551826,96.4,0.0055,0.0,BTC-27MAR20-20000-C,7223.03,94.99,0.005,20.1,0.006,0.8,97.64,2.77178,-1.43854,0.52694,2e-05,0.03385
7308.59,BTC-27MAR20,1577271529601,open,0.04,621.6,0.0205,0.076,0.0425243,70.33,0.0445,0.0,BTC-27MAR20-10000-C,7223.03,69.03,0.0405,26.0,0.0445,0.9,71.58,11.46048,-4.33932,3.6721,0.00012,0.23998
7308.59,BTC-27MAR20,1577271530568,open,0.0,73.2,0.0005,0.0135,0.0027588,110.34,0.0025,0.0,BTC-27MAR20-28000-C,7223.03,106.23,0.002,29.0,0.0035,25.0,113.65,1.50616,-0.8947,0.25343,1e-05,0.01639
7308.59,BTC-27MAR20,1577271530590,open,0.0,156.2,0.0005,0.011,0.00112224,115.0,0.002,0.0,BTC-27MAR20-36000-C,7223.03,113.7,0.001,25.2,0.002,25.0,122.15,0.71615,-0.44338,0.10884,0.0,0.00697
7308.59,BTC-27MAR20,1577271530565,open,0.0,115.2,0.0005,0.015,0.00326015,107.64,0.004,0.0,BTC-27MAR20-26000-C,7223.03,104.15,0.0025,21.0,0.004,32.0,110.53,1.74128,-1.00902,0.30059,1e-05,0.01942
7308.59,BTC-27MAR20,1577271530576,open,0.0,139.3,0.0005,0.0115,0.00150564,115.0,0.0015,0.0,BTC-27MAR20-34000-C,7223.03,110.3,0.001,66.2,0.0025,35.0,121.6,0.90804,-0.56217,0.14192,1e-05,0.00914
7308.6,BTC-27MAR20,1577271530549,open,0.01,1535.5,0.0005,0.0285,0.00953863,87.16,0.011,0.0,BTC-27MAR20-16000-C,7223.03,85.36,0.0085,25.0,0.0105,10.1,88.74,4.3413,-2.03717,0.92211,4e-05,0.05912
7308.6,BTC-27MAR20,1577271530657,open,0.06,338.8,0.037,0.1015,0.06410477,68.61,0.0615,0.0,BTC-27MAR20-9000-C,7223.03,67.46,0.062,8.0,0.066,23.0,69.64,13.41803,-4.95618,5.0223,0.00014,0.33416
7259.05,SYN.BTC-31JAN20,1577271530713,open,0.04,290.6,0.024,0.073,0.03478911,56.42,0.036,0.0,BTC-31JAN20-8000-C,7223.03,55.29,0.0335,15.0,0.0365,16.0,57.91,8.30995,-6.35759,2.1323,0.00028,0.32554
7308.59,BTC-27MAR20,1577271530593,open,0.01,1375.5,0.0005,0.0205,0.00791299,78.21,0.0075,0.0,BTC-27MAR20-4000-P,7223.03,76.14,0.007,41.0,0.0085,0.1,79.48,3.32155,-1.39854,-0.93301,3e-05,-0.04226
7234.27,SYN.BTC-3JAN20,1577271530731,open,0.0,127.0,0.0005,0.012,0.00220749,73.25,0.0025,0.0,BTC-3JAN20-6000-P,7223.03,67.95,0.0015,51.0,0.003,47.5,78.17,1.07015,-4.41569,-0.08312,0.00011,-0.04504
7259.05,SYN.BTC-31JAN20,1577271530669,open,0.0,99.7,0.0005,0.013,0.00310581,75.23,0.003,0.0,BTC-31JAN20-11500-C,7223.03,72.63,0.0025,30.0,0.004,35.0,78.55,1.80631,-1.84243,0.23803,5e-05,0.03556
7308.6,BTC-27MAR20,1577271530645,open,0.05,598.1,0.0295,0.083,0.05163822,66.35,0.0525,0.0,BTC-27MAR20-6000-P,7223.03,65.26,0.05,28.2,0.053,1.0,67.25,11.04499,-3.94506,-5.1367,0.00012,-0.22457
7308.59,BTC-27MAR20,1577271530961,open,0.11,298.7,0.0765,0.15,0.10909295,65.85,0.11,0.0,BTC-27MAR20-7000-P,7223.03,64.25,0.106,12.4,0.1115,10.0,67.1,14.07758,-4.99066,-9.16318,0.00016,-0.38363
7259.05,SYN.BTC-31JAN20,1577271530660,open,0.01,471.0,0.0005,0.02,0.00678987,66.07,0.0075,0.0,BTC-31JAN20-10000-C,7223.03,64.31,0.006,36.0,0.0075,30.0,67.57,3.35711,-3.00758,0.52047,0.0001,0.07776
127.44,ETH-26JUN20,1577271527122,open,0.08,803.0,0.041,0.129,0.081278,86.92,0.092,0.0,ETH-26JUN20-220-C,124.58,85.54,0.078,639.0,0.086,180.0,88.87,0.3056,-0.07223,0.12894,0.0043,0.28212
7259.05,SYN.BTC-31JAN20,1577271530723,open,0.01,215.9,0.0005,0.027,0.00953407,63.11,0.011,0.0,BTC-31JAN20-9500-C,7223.03,61.31,0.0085,35.0,0.0105,29.0,64.72,4.26273,-3.64794,0.71726,0.00013,0.10734
127.44,ETH-26JUN20,1577271528561,open,0.12,2383.0,0.073,0.174,0.121484,84.28,0.138,0.0,ETH-26JUN20-180-C,124.58,82.26,0.116,280.0,0.128,280.0,86.66,0.34716,-0.07956,0.17267,0.00503,0.39043
7259.05,SYN.BTC-31JAN20,1577271530704,open,0.05,258.2,0.0395,0.0955,0.05325408,56.0,0.0495,0.0,BTC-31JAN20-7000-P,7223.03,54.56,0.0515,37.0,0.055,27.9,57.44,8.81765,-6.69565,-3.21189,0.0003,-0.38471
127.44,ETH-26JUN20,1577271527106,open,0.19,496.0,0.139,0.245,0.192453,81.45,0.213,0.0,ETH-26JUN20-140-C,124.58,79.87,0.188,616.0,0.197,210.0,83.07,0.35798,-0.07929,0.22975,0.00537,0.55032
127.44,ETH-26JUN20,1577271527125,open,0.07,539.0,0.032,0.115,0.068639,88.52,0.078,0.0,ETH-26JUN20-240-C,124.58,86.87,0.065,642.0,0.073,180.0,90.46,0.28376,-0.06831,0.11262,0.00392,0.24406
125.61,ETH-27MAR20,1577271532801,open,0.12,1475.0,0.086,0.176,0.129233,76.99,0.13,0.0,ETH-27MAR20-120-P,124.58,74.27,0.124,603.0,0.133,200.0,78.96,0.24078,-0.0998,-0.16199,0.00779,-0.37758
124.6,ETH-27DEC19,1577271531721,open,0.0,5477.0,0.001,0.011,0.000521,120.0,0.001,0.0,ETH-27DEC19-150-C,124.58,132.47,0.001,689.0,0.002,873.0,149.64,0.00382,-0.06491,0.00011,0.00399,0.01727
127.44,ETH-26JUN20,1577271527118,open,0.1,1420.0,0.054,0.149,0.098305,85.48,0.111,0.0,ETH-26JUN20-200-C,124.58,84.19,0.095,285.0,0.104,180.0,87.68,0.32764,-0.07616,0.14886,0.00468,0.33017
125.61,ETH-27MAR20,1577271532820,open,0.06,2009.0,0.024,0.09,0.053124,82.78,0.055,0.0,ETH-27MAR20-180-C,124.58,80.84,0.05,589.0,0.057,650.0,85.14,0.20426,-0.09102,0.06514,0.00615,0.25692
124.99,SYN.ETH-31JAN20,1577271532888,open,0.05,355.0,0.021,0.075,0.043887,68.43,0.053,0.0,ETH-31JAN20-140-C,124.58,65.93,0.041,755.0,0.047,468.0,71.09,0.14555,-0.13504,0.03738,0.01348,0.3399
125.61,ETH-27MAR20,1577271532836,open,0.03,7575.0,0.008,0.053,0.024724,93.35,0.026,0.0,ETH-27MAR20-240-C,124.58,92.65,0.024,1.0,0.026,650.0,94.55,0.13205,-0.06636,0.03276,0.00352,0.12723
124.99,SYN.ETH-31JAN20,1577271532903,open,0.0,1278.0,0.001,0.014,0.003927,92.12,0.005,0.0,ETH-31JAN20-220-C,124.58,88.22,0.003,810.0,0.005,160.0,95.98,0.03224,-0.04027,0.0042,0.00222,0.03716
124.99,SYN.ETH-31JAN20,1577271532885,open,0.06,1454.0,0.038,0.103,0.065622,67.79,0.065,0.0,ETH-31JAN20-120-P,124.58,65.63,0.063,739.0,0.069,710.0,70.58,0.15166,-0.13941,-0.05669,0.01417,-0.38333
125.61,ETH-27MAR20,1577271532879,open,0.02,1037.0,0.009,0.046,0.023969,83.39,0.022,0.0,ETH-27MAR20-80-P,124.58,79.95,0.021,670.0,0.026,650.0,85.66,0.11102,-0.04984,-0.03955,0.00332,-0.09977
125.61,ETH-27MAR20,1577271542654,open,0.39,20.0,0.357,0.417,0.387077,83.39,0.613,0.0,ETH-27MAR20-80-C,124.58,41.3,0.364,43.0,0.406,43.0,102.69,0.11102,-0.04984,0.16401,0.00332,0.90023
124.68,SYN.ETH-3JAN20,1577271543014,open,0.35,0.0,0.324,0.41,0.364938,98.26,None,0.0,ETH-3JAN20-170-P,124.58,0.0,0.0,0.0,0.0,0.0,0.0,0.01165,-0.0645,-0.0406,0.00314,-0.97424
124.6,ETH-27DEC19,1577271543260,open,0.19,1230.0,0.169,0.244,0.204373,120.0,0.123,0.0,ETH-27DEC19-150-P,124.58,0.0,0.198,3.0,0.228,20.0,294.73,0.00382,-0.1221,-0.0076,0.00399,-0.98273
127.44,ETH-26JUN20,1577271543457,open,0.55,1.0,0.527,0.579,0.55274,88.64,0.69,0.0,ETH-26JUN20-60-C,124.58,55.37,0.532,51.0,0.566,51.0,102.09,0.11506,-0.02773,0.24524,0.00159,0.93473
124.6,ETH-27DEC19,1577271543863,open,0.2,2.0,0.173,0.222,0.197561,120.0,0.229,0.0,ETH-27DEC19-100-C,124.58,0.0,0.181,31.0,0.207,31.0,258.73,0.00121,-0.03884,0.00511,0.00127,0.99534
124.6,ETH-27DEC19,1577271545082,open,0.19,1230.0,0.169,0.244,0.204373,120.0,0.123,0.0,ETH-27DEC19-150-P,124.58,0.0,0.198,3.0,0.226,20.0,285.18,0.00382,-0.1221,-0.0076,0.00399,-0.98273
125.61,ETH-27MAR20,1577271545091,open,0.03,7575.0,0.008,0.053,0.024724,93.35,0.026,0.0,ETH-27MAR20-240-C,124.58,92.65,0.024,1.0,0.026,650.0,94.55,0.13205,-0.06636,0.03276,0.00352,0.12723
124.6,ETH-27DEC19,1577271545091,open,0.0,16676.0,0.001,0.011,0.0,120.0,0.002,0.0,ETH-27DEC19-640-C,124.58,0.0,0.0,0.0,0.001,350.0,500.0,0.0,0.0,0.0,0.0,0.0
124.6,ETH-27DEC19,1577271545094,open,0.0,7053.0,0.001,0.011,0.0,120.0,0.001,0.0,ETH-27DEC19-240-C,124.58,0.0,0.0,0.0,0.001,350.0,379.95,0.0,0.0,0.0,0.0,0.0
124.6,ETH-27DEC19,1577271545094,open,0.12,4828.0,0.091,0.162,0.124671,91.86,0.116,0.0,ETH-27DEC19-140-P,124.58,0.0,0.12,390.0,0.127,40.0,117.6,0.00789,-0.19316,-0.00694,0.01076,-0.95877
124.99,SYN.ETH-31JAN20,1577271545094,open,0.01,1470.0,0.001,0.025,0.009754,78.96,0.009,0.0,ETH-31JAN20-180-C,124.58,77.49,0.009,350.0,0.011,487.0,81.26,0.06564,-0.07027,0.0104,0.00527,0.09212
124.6,ETH-27DEC19,1577271545099,open,0.04,696.0,0.018,0.084,0.049748,73.5,0.052,0.0,ETH-27DEC19-130-P,124.58,37.38,0.044,390.0,0.051,40.0,79.29,0.02631,-0.5155,-0.00533,0.04487,-0.78197
125.61,ETH-27MAR20,1577271545099,open,0.34,3922.0,0.291,0.411,0.349493,79.83,0.32,0.0,ETH-27MAR20-160-P,124.58,62.66,0.319,324.0,0.385,24.0,98.39,0.23338,-0.1003,-0.32114,0.00728,-0.65528
124.6,ETH-27DEC19,1577271545099,open,0.0,1104.0,0.001,0.011,0.0,120.0,0.001,0.0,ETH-27DEC19-190-C,124.58,0.0,0.0,0.0,0.001,351.0,262.4,0.0,0.0,0.0,0.0,0.0
124.68,SYN.ETH-3JAN20,1577271545101,open,0.13,1.0,0.095,0.155,0.125598,74.7,0.15,0.0,ETH-3JAN20-110-C,124.58,62.41,0.122,40.0,0.129,40.0,84.42,0.0408,-0.17168,0.02261,0.01445,0.8715
125.61,ETH-27MAR20,1577271545145,open,0.0,5597.0,0.001,0.011,0.001965,120.0,0.003,0.0,ETH-27MAR20-600-C,124.58,120.23,0.002,578.0,0.004,353.0,130.38,0.01876,-0.01212,0.00298,0.00039,0.01128
125.61,ETH-27MAR20,1577271545145,open,2.8,0.0,2.711,2.955,2.826694,119.99,None,0.0,ETH-27MAR20-480-P,124.58,0.0,0.004,50.0,0.0,0.0,0.0,0.04062,-0.02624,-1.21416,0.00084,-0.97207
124.6,ETH-27DEC19,1577271545155,open,0.0,5519.0,0.001,0.011,0.0,120.0,0.001,0.0,ETH-27DEC19-180-C,124.58,0.0,0.0,0.0,0.001,350.0,233.92,0.0,-3e-05,0.0,0.0,1e-05
124.99,SYN.ETH-31JAN20,1577271545155,open,0.16,446.0,0.124,0.21,0.163991,68.43,0.12,0.0,ETH-31JAN20-140-P,124.58,65.84,0.161,446.0,0.168,690.0,71.85,0.14555,-0.13504,-0.10406,0.01348,-0.6601
124.99,SYN.ETH-31JAN20,1577271545155,open,0.91,0.0,0.865,0.987,0.923103,98.6,None,0.0,ETH-31JAN20-240-P,124.58,0.0,0.01,50.0,0.0,0.0,0.0,0.02485,-0.03322,-0.23942,0.0016,-0.97289
125.61,ETH-27MAR20,1577271545157,open,0.02,1037.0,0.009,0.046,0.023969,83.39,0.022,0.0,ETH-27MAR20-80-P,124.58,79.95,0.021,670.0,0.026,650.0,85.66,0.11102,-0.04984,-0.03955,0.00332,-0.09977
124.6,ETH-27DEC19,1577271545157,open,0.0,6665.0,0.001,0.011,0.0,120.0,0.001,0.0,ETH-27DEC19-480-C,124.58,0.0,0.0,0.0,0.001,362.0,500.0,0.0,0.0,0.0,0.0,0.0
124.6,ETH-27DEC19,1577271545157,open,0.0,7679.0,0.001,0.011,0.0,120.0,0.001,0.0,ETH-27DEC19-220-C,124.58,0.0,0.0,0.0,0.001,600.0,337.07,0.0,0.0,0.0,0.0,0.0
124.68,SYN.ETH-3JAN20,1577271545157,open,0.02,43.0,0.006,0.053,0.025623,68.39,0.017,0.0,ETH-3JAN20-120-P,124.58,62.01,0.022,350.0,0.025,160.0,67.3,0.07126,-0.27454,-0.01109,0.02756,-0.34022
124.99,SYN.ETH-31JAN20,1577271545157,open,0.0,1097.0,0.001,0.012,0.002427,105.4,0.002,0.0,ETH-31JAN20-260-C,124.58,102.65,0.002,350.0,0.003,160.0,108.63,0.02065,-0.02951,0.00244,0.00124,0.02175
124.68,SYN.ETH-3JAN20,1577271545157,open,0.0,114.0,0.001,0.011,0.001412,82.12,0.002,0.0,ETH-3JAN20-160-C,124.58,77.78,0.001,366.0,0.002,200.0,87.11,0.01315,-0.06085,0.00086,0.00424,0.02979
124.6,ETH-27DEC19,1577271545159,open,0.19,1230.0,0.169,0.244,0.204373,120.0,0.123,0.0,ETH-27DEC19-150-P,124.58,0.0,0.198,3.0,0.227,20.0,289.98,0.00382,-0.1221,-0.0076,0.00399,-0.98273
125.61,ETH-27MAR20,1577271545160,open,0.12,157.0,0.072,0.156,0.113491,77.87,0.117,0.0,ETH-27MAR20-140-C,124.58,75.63,0.109,268.0,0.118,350.0,80.12,0.25198,-0.10563,0.11338,0.00806,0.46823
125.61,ETH-27MAR20,1577271545161,open,0.01,1464.0,0.002,0.031,0.011642,103.16,0.013,0.0,ETH-27MAR20-320-C,124.58,100.39,0.01,260.0,0.013,350.0,105.29,0.0776,-0.0431,0.01615,0.00187,0.06217
125.61,ETH-27MAR20,1577271545161,open,2.48,0.0,2.403,2.629,2.509334,116.93,None,0.0,ETH-27MAR20-440-P,124.58,0.0,0.003,50.0,0.0,0.0,0.0,0.04733,-0.0298,-1.11092,0.00101,-0.96641
124.6,ETH-27DEC19,1577271545161,open,4.73,0.0,4.611,4.957,4.778491,250.0,None,0.0,ETH-27DEC19-720-P,124.58,0.0,0.004,50.0,0.0,0.0,0.0,0.0,0.0,-0.037,0.0,-1.0
124.99,SYN.ETH-31JAN20,1577271545161,open,0.01,884.0,0.001,0.018,0.005848,85.63,0.007,0.0,ETH-31JAN20-200-C,124.58,83.15,0.005,350.0,0.007,630.0,88.68,0.04469,-0.05188,0.00631,0.00331,0.05578
124.6,ETH-27DEC19,1577271545163,open,0.0,4535.0,0.001,0.011,0.0,120.0,0.002,0.0,ETH-27DEC19-760-C,124.58,0.0,0.0,0.0,0.001,350.0,500.0,0.0,0.0,0.0,0.0,0.0
125.61,ETH-27MAR20,1577271545163,open,0.06,2009.0,0.024,0.09,0.053124,82.78,0.055,0.0,ETH-27MAR20-180-C,124.58,80.84,0.05,589.0,0.057,650.0,85.14,0.20426,-0.09102,0.06514,0.00615,0.25692
127.44,ETH-26JUN20,1577271545163,open,0.08,803.0,0.041,0.129,0.08128,86.92,0.092,0.0,ETH-26JUN20-220-C,124.58,85.54,0.078,639.0,0.086,180.0,88.87,0.3056,-0.07223,0.12894,0.0043,0.28212
127.44,ETH-26JUN20,1577271545163,open,3.06,0.0,2.967,3.246,3.098121,106.57,None,0.0,ETH-26JUN20-520-P,124.58,0.0,0.01,50.0,0.0,0.0,0.0,0.12055,-0.03494,-2.5865,0.00138,-0.93067
127.44,ETH-26JUN20,1577271545163,open,0.94,4.0,0.868,1.044,0.951879,88.52,0.934,0.0,ETH-26JUN20-240-P,124.58,0.0,0.01,50.0,0.0,0.0,0.0,0.28376,-0.06831,-1.09642,0.00392,-0.75594
124.6,ETH-27DEC19,1577271545163,open,0.0,2179.0,0.001,0.011,0.0,120.0,0.001,0.0,ETH-27DEC19-300-C,124.58,0.0,0.0,0.0,0.001,350.0,486.06,0.0,0.0,0.0,0.0,0.0
124.6,ETH-27DEC19,1577271545163,open,3.14,36.0,3.052,3.302,3.173355,250.0,2.65,0.0,ETH-27DEC19-520-P,124.58,0.0,0.003,50.0,0.0,0.0,0.0,0.0,0.0,-0.02672,0.0,-1.0
125.61,ETH-27MAR20,1577271545163,open,0.0,2330.0,0.001,0.015,0.003782,120.0,0.007,0.0,ETH-27MAR20-520-C,124.58,120.86,0.004,10.0,0.005,350.0,124.43,0.03128,-0.02021,0.00533,0.00065,0.02046
124.6,ETH-27DEC19,1577271545163,open,0.0,1346.0,0.001,0.011,0.0,120.0,0.001,0.0,ETH-27DEC19-380-C,124.58,0.0,0.0,0.0,0.001,352.0,500.0,0.0,0.0,0.0,0.0,0.0
124.68,SYN.ETH-3JAN20,1577271545163,open,0.01,338.0,0.001,0.025,0.008148,68.93,0.02,0.0,ETH-3JAN20-140-C,124.58,62.75,0.006,350.0,0.008,200.0,68.52,0.04589,-0.17817,0.00438,0.01761,0.15277
124.68,SYN.ETH-3JAN20,1577271545163,open,0.03,2369.0,0.006,0.052,0.025659,68.86,0.023,0.0,ETH-3JAN20-130-C,124.58,59.12,0.02,350.0,0.024,510.0,66.03,0.07332,-0.28442,0.0104,0.02817,0.36859
124.68,SYN.ETH-3JAN20,1577271545163,open,0.06,920.0,0.035,0.104,0.068347,68.86,0.062,0.0,ETH-3JAN20-130-P,124.58,59.67,0.063,350.0,0.067,120.0,66.57,0.07332,-0.28442,-0.02121,0.02817,-0.63141
124.68,SYN.ETH-3JAN20,1577271545163,open,0.0,361.0,0.001,0.014,0.003174,75.31,0.005,0.0,ETH-3JAN20-150-C,124.58,74.41,0.003,350.0,0.004,200.0,79.24,0.02459,-0.10431,0.00187,0.00864,0.06478
127.44,ETH-26JUN20,1577271545168,open,0.03,1120.0,0.008,0.06,0.026936,99.83,0.031,0.0,ETH-26JUN20-400-C,124.58,97.47,0.024,490.0,0.03,141.0,102.16,0.16317,-0.0443,0.04938,0.002,0.10385
127.44,ETH-26JUN20,1577271545168,open,2.75,0.0,2.663,2.925,2.786221,104.15,None,0.0,ETH-26JUN20-480-P,124.58,0.0,0.01,50.0,0.0,0.0,0.0,0.13087,-0.03706,-2.38121,0.00154,-0.92282
124.68,SYN.ETH-3JAN20,1577271545168,open,0.0,81.0,0.001,0.014,0.003128,90.07,0.003,0.0,ETH-3JAN20-100-P,124.58,82.26,0.002,550.0,0.004,575.0,95.11,0.02019,-0.10245,-0.00162,0.00593,-0.05044
124.6,ETH-27DEC19,1577271545170,open,0.0,21055.0,0.001,0.011,0.0,120.0,0.001,0.0,ETH-27DEC19-600-C,124.58,0.0,0.0,0.0,0.001,947.0,500.0,0.0,0.0,0.0,0.0,0.0
124.6,ETH-27DEC19,1577271545170,open,0.0,2428.0,0.001,0.011,0.001075,91.86,0.001,0.0,ETH-27DEC19-140-C,124.58,0.0,0.0,0.0,0.002,550.0,103.98,0.00789,-0.13394,0.00026,0.01076,0.04123
124.99,SYN.ETH-31JAN20,1577271545170,open,0.02,1470.0,0.007,0.042,0.020793,76.13,0.021,0.0,ETH-31JAN20-100-P,124.58,73.67,0.019,160.0,0.022,510.0,77.76,0.09203,-0.095,-0.02138,0.00766,-0.14854
124.99,SYN.ETH-31JAN20,1577271545172,open,0.02,1404.0,0.006,0.04,0.018959,72.65,0.018,0.0,ETH-31JAN20-160-C,124.58,71.45,0.018,350.0,0.021,468.0,75.14,0.10056,-0.09906,0.01908,0.00877,0.17006
125.61,ETH-27MAR20,1577271545175,open,0.06,369.0,0.032,0.095,0.060695,78.07,0.057,0.0,ETH-27MAR20-100-P,124.58,75.58,0.057,670.0,0.064,320.0,80.28,0.18708,-0.07863,-0.08937,0.00597,-0.21891
127.44,ETH-26JUN20,1577271545175,open,0.18,1652.0,0.132,0.241,0.184917,78.45,0.181,0.0,ETH-26JUN20-120-P,124.58,78.86,0.186,350.0,0.194,210.0,81.91,0.33489,-0.07144,-0.34315,0.00522,-0.34959
125.61,ETH-27MAR20,1577271545177,open,3.43,0.0,3.329,3.606,3.460954,120.0,None,0.0,ETH-27MAR20-560-P,124.58,0.0,0.02,50.0,0.0,0.0,0.0,0.02417,-0.01562,-1.42097,0.0005,-0.98487
125.61,ETH-27MAR20,1577271545177,open,3.11,0.0,3.02,3.28,3.14358,120.0,None,0.0,ETH-27MAR20-520-P,124.58,0.0,0.006,50.0,0.0,0.0,0.0,0.03128,-0.02021,-1.31783,0.00065,-0.97954
125.61,ETH-27MAR20,1577271545179,open,0.03,1226.0,0.011,0.061,0.030891,90.04,0.031,0.0,ETH-27MAR20-220-C,124.58,89.3,0.03,100.0,0.032,350.0,90.94,0.15226,-0.0738,0.0403,0.00421,0.15699
124.6,ETH-27DEC19,1577271545179,open,0.01,1635.0,0.001,0.026,0.006409,73.5,0.006,0.0,ETH-27DEC19-130-C,124.58,66.6,0.005,25.0,0.007,510.0,76.27,0.02631,-0.5155,0.00136,0.04487,0.21803
124.6,ETH-27DEC19,1577271545179,open,0.0,11488.0,0.001,0.011,0.0,120.0,0.001,0.0,ETH-27DEC19-440-C,124.58,0.0,0.0,0.0,0.001,548.0,500.0,0.0,0.0,0.0,0.0,0.0
124.6,ETH-27DEC19,1577271545231,open,0.0,980.0,0.001,0.011,0.0,120.0,0.001,0.0,ETH-27DEC19-340-C,124.58,0.0,0.0,0.0,0.001,358.0,500.0,0.0,0.0,0.0,0.0,0.0
127.44,ETH-26JUN20,1577271545231,open,1.23,0.0,1.159,1.348,1.248319,91.69,None,0.0,ETH-26JUN20-280-P,124.58,0.0,0.011,3.0,0.0,0.0,0.0,0.24411,-0.06086,-1.32253,0.00325,-0.81169
125.61,ETH-27MAR20,1577271545231,open,0.0,1222.0,0.001,0.011,0.00144,120.0,0.003,0.0,ETH-27MAR20-640-C,124.58,124.25,0.002,590.0,0.004,350.0,134.61,0.01463,-0.00945,0.00225,0.0003,0.00849
124.99,SYN.ETH-31JAN20,1577271545231,open,0.0,824.0,0.001,0.012,0.002925,98.6,0.006,0.0,ETH-31JAN20-240-C,124.58,93.36,0.002,510.0,0.004,255.0,103.48,0.02485,-0.03322,0.00305,0.0016,0.02711
124.6,ETH-27DEC19,1577271545233,open,3.78,0.0,3.676,3.964,3.815409,250.0,0.953,0.0,ETH-27DEC19-600-P,124.58,0.0,0.02,50.0,0.0,0.0,0.0,0.0,0.0,-0.03083,0.0,-1.0
124.6,ETH-27DEC19,1577271545233,open,3.46,0.0,3.364,3.633,3.494382,250.0,0.845,0.0,ETH-27DEC19-560-P,124.58,0.0,0.02,50.0,0.0,0.0,0.0,0.0,0.0,-0.02878,0.0,-1.0
124.6,ETH-27DEC19,1577271545233,open,0.0,4550.0,0.001,0.011,0.0,120.0,0.001,0.0,ETH-27DEC19-260-C,124.58,0.0,0.0,0.0,0.001,351.0,418.6,0.0,0.0,0.0,0.0,0.0
125.61,ETH-27MAR20,1577271545233,open,0.01,1403.0,0.001,0.023,0.007431,112.44,0.007,0.0,ETH-27MAR20-400-C,124.58,111.42,0.007,10.0,0.008,350.0,113.74,0.05386,-0.0326,0.0102,0.00119,0.03933
124.99,SYN.ETH-31JAN20,1577271545233,open,0.05,355.0,0.021,0.075,0.043887,68.43,0.053,0.0,ETH-31JAN20-140-C,124.58,65.93,0.041,755.0,0.047,468.0,71.09,0.14555,-0.13504,0.03738,0.01348,0.3399
124.6,ETH-27DEC19,1577271545235,open,0.0,2232.0,0.001,0.011,0.0,120.0,0.001,0.0,ETH-27DEC19-320-C,124.58,0.0,0.0,0.0,0.001,359.0,500.0,0.0,0.0,0.0,0.0,0.0
125.61,ETH-27MAR20,1577271545235,open,0.01,657.0,0.001,0.026,0.008913,107.64,0.009,0.0,ETH-27MAR20-360-C,124.58,105.76,0.008,310.0,0.01,350.0,109.74,0.06293,-0.03647,0.01239,0.00146,0.04769
125.61,ETH-27MAR20,1577271545235,open,0.22,642.0,0.174,0.284,0.228051,77.87,0.239,0.0,ETH-27MAR20-140-P,124.58,74.85,0.222,350.0,0.233,670.0,80.34,0.25198,-0.10563,-0.24285,0.00806,-0.53177
127.44,ETH-26JUN20,1577271545235,open,1.53,0.0,1.456,1.658,1.550759,94.5,1.06,0.0,ETH-26JUN20-320-P,124.58,0.0,0.015,2.0,0.0,0.0,0.0,0.2107,-0.05414,-1.54143,0.00273,-0.85021
124.6,ETH-27DEC19,1577271545235,open,0.0,300.0,0.001,0.011,1e-06,120.0,0.002,0.0,ETH-27DEC19-90-P,124.58,0.0,0.0,0.0,0.001,375.0,221.43,2e-05,-0.00017,0.0,2e-05,-7e-05
125.61,ETH-27MAR20,1577271545235,open,0.04,2424.0,0.016,0.075,0.040856,87.27,0.048,0.0,ETH-27MAR20-200-C,124.58,86.66,0.04,30.0,0.042,350.0,88.07,0.17815,-0.0837,0.05132,0.00508,0.20143
124.6,ETH-27DEC19,1577271545235,open,0.0,10814.0,0.001,0.011,0.0,120.0,0.001,0.0,ETH-27DEC19-400-C,124.58,0.0,0.0,0.0,0.001,351.0,500.0,0.0,0.0,0.0,0.0,0.0
127.44,ETH-26JUN20,1577271545235,open,0.66,245.0,0.589,0.751,0.667672,85.48,0.71,0.0,ETH-26JUN20-200-P,124.58,0.0,0.001,10.0,0.0,0.0,0.0,0.32764,-0.07616,-0.85868,0.00468,-0.66983
124.68,SYN.ETH-3JAN20,1577271545235,open,0.01,65.0,0.001,0.024,0.007873,74.7,0.006,0.0,ETH-3JAN20-110-P,124.58,71.97,0.007,350.0,0.009,200.0,78.06,0.0408,-0.17168,-0.00413,0.01445,-0.1285
125.61,ETH-27MAR20,1577271545237,open,0.08,1328.0,0.04,0.116,0.075709,79.83,0.095,0.0,ETH-27MAR20-160-C,124.58,77.28,0.071,930.0,0.08,350.0,82.13,0.23338,-0.1003,0.08598,0.00728,0.34472
124.6,ETH-27DEC19,1577271545237,open,0.0,1759.0,0.001,0.011,0.0,120.0,0.001,0.0,ETH-27DEC19-360-C,124.58,0.0,0.0,0.0,0.001,350.0,500.0,0.0,0.0,0.0,0.0,0.0
127.44,ETH-26JUN20,1577271545237,open,0.25,176.0,0.191,0.293,0.243297,78.45,0.279,0.0,ETH-26JUN20-120-C,124.58,66.59,0.212,50.0,0.265,260.0,86.74,0.33489,-0.07144,0.26137,0.00522,0.65041
125.61,ETH-27MAR20,1577271545237,open,2.17,5.0,2.094,2.302,2.191891,112.44,2.004,0.0,ETH-27MAR20-400-P,124.58,0.0,0.046,50.0,0.0,0.0,0.0,0.05386,-0.0326,-1.00762,0.00119,-0.96067
124.6,ETH-27DEC19,1577271545237,open,0.01,8081.0,0.001,0.028,0.007025,72.63,0.008,0.0,ETH-27DEC19-120-P,124.58,67.8,0.006,122.0,0.008,510.0,77.07,0.02693,-0.52132,-0.0015,0.04647,-0.22707
125.61,ETH-27MAR20,1577271545237,open,0.48,1550.0,0.424,0.552,0.486131,82.78,0.47,0.0,ETH-27MAR20-180-P,124.58,65.12,0.46,30.0,1.393,1.0,500.0,0.20426,-0.09102,-0.39288,0.00615,-0.74308
124.6,ETH-27DEC19,1577271545237,open,0.0,12762.0,0.001,0.011,0.0,120.0,0.001,0.0,ETH-27DEC19-680-C,124.58,0.0,0.0,0.0,0.001,350.0,500.0,0.0,0.0,0.0,0.0,0.0
125.61,ETH-27MAR20,1577271545237,open,0.0,885.0,0.001,0.012,0.002711,120.0,0.004,0.0,ETH-27MAR20-560-C,124.58,115.9,0.002,1020.0,0.005,350.0,129.48,0.02417,-0.01562,0.00397,0.0005,0.01513
124.99,SYN.ETH-31JAN20,1577271545237,open,0.0,1278.0,0.001,0.014,0.003927,92.12,0.005,0.0,ETH-31JAN20-220-C,124.58,88.22,0.003,810.0,0.005,160.0,95.98,0.03224,-0.04027,0.0042,0.00222,0.03716
124.99,SYN.ETH-31JAN20,1577271545237,open,0.06,1454.0,0.038,0.103,0.065622,67.79,0.065,0.0,ETH-31JAN20-120-P,124.58,65.63,0.063,739.0,0.069,710.0,70.58,0.15166,-0.13941,-0.05669,0.01417,-0.38333
124.6,ETH-27DEC19,1577271545239,open,0.0,12837.0,0.001,0.011,0.0,120.0,0.001,0.0,ETH-27DEC19-200-C,124.58,0.0,0.0,0.0,0.001,611.0,288.91,0.0,0.0,0.0,0.0,0.0
125.61,ETH-27MAR20,1577271545239,open,0.12,1475.0,0.086,0.176,0.129232,76.99,0.13,0.0,ETH-27MAR20-120-P,124.58,74.27,0.124,603.0,0.133,200.0,78.96,0.24078,-0.0998,-0.16199,0.00779,-0.37758
125.61,ETH-27MAR20,1577271545239,open,0.01,1637.0,0.001,0.019,0.005342,119.99,0.013,0.0,ETH-27MAR20-480-C,124.58,118.91,0.005,10.0,0.006,350.0,121.95,0.04062,-0.02624,0.00722,0.00084,0.02793
125.61,ETH-27MAR20,1577271545239,open,0.02,2403.0,0.004,0.039,0.015866,97.91,0.023,0.0,ETH-27MAR20-280-C,124.58,96.78,0.015,510.0,0.017,350.0,99.34,0.09807,-0.05169,0.0219,0.00249,0.08439
125.61,ETH-27MAR20,1577271545239,open,3.74,0.0,3.638,3.932,3.778655,120.0,None,0.0,ETH-27MAR20-600-P,124.58,0.0,0.03,50.0,0.0,0.0,0.0,0.01876,-0.01212,-1.52375,0.00039,-0.98872
124.6,ETH-27DEC19,1577271545240,open,0.0,2113.0,0.001,0.011,0.0,120.0,0.001,0.0,ETH-27DEC19-280-C,124.58,0.0,0.0,0.0,0.001,351.0,453.78,0.0,0.0,0.0,0.0,0.0
124.6,ETH-27DEC19,1577271545240,open,0.0,11105.0,0.001,0.011,0.0,120.0,0.002,0.0,ETH-27DEC19-560-C,124.58,0.0,0.0,0.0,0.001,350.0,500.0,0.0,0.0,0.0,0.0,0.0
124.68,SYN.ETH-3JAN20,1577271545241,open,0.12,76.0,0.095,0.17,0.131043,68.93,0.107,0.0,ETH-3JAN20-140-P,124.58,52.64,0.126,390.0,0.133,40.0,74.03,0.04589,-0.17817,-0.02966,0.01761,-0.84723
124.6,ETH-27DEC19,1577271545243,open,0.0,6339.0,0.001,0.011,5.2e-05,120.0,0.001,0.0,ETH-27DEC19-160-C,124.58,0.0,0.0,0.0,0.001,375.0,169.55,0.00059,-0.00642,1e-05,0.00062,0.00209
125.61,ETH-27MAR20,1577271545243,open,4.06,0.0,3.947,4.259,4.096576,120.0,None,0.0,ETH-27MAR20-640-P,124.58,0.0,0.01,50.0,0.0,0.0,0.0,0.01463,-0.00945,-1.62625,0.0003,-0.99151
124.68,SYN.ETH-3JAN20,1577271545243,open,0.07,853.0,0.032,0.094,0.063141,68.39,0.076,0.0,ETH-3JAN20-120-C,124.58,57.52,0.057,120.0,0.063,120.0,68.15,0.07126,-0.27454,0.01809,0.02756,0.65978
124.99,SYN.ETH-31JAN20,1577271545245,open,0.11,282.0,0.073,0.142,0.105534,67.79,0.125,0.0,ETH-31JAN20-120-C,124.58,64.88,0.102,96.0,0.109,96.0,70.65,0.15166,-0.13941,0.06454,0.01417,0.61667
124.6,ETH-27DEC19,1577271545247,open,0.0,6174.0,0.001,0.011,0.0,120.0,0.001,0.0,ETH-27DEC19-720-C,124.58,0.0,0.0,0.0,0.001,350.0,500.0,0.0,0.0,0.0,0.0,0.0
124.6,ETH-27DEC19,1577271545247,open,0.0,13244.0,0.001,0.011,0.0,120.0,0.002,0.0,ETH-27DEC19-520-C,124.58,0.0,0.0,0.0,0.001,350.0,500.0,0.0,0.0,0.0,0.0,0.0
125.61,ETH-27MAR20,1577271545247,open,0.01,1168.0,0.001,0.022,0.006428,116.93,0.009,0.0,ETH-27MAR20-440-C,124.58,115.77,0.006,10.0,0.007,610.0,118.4,0.04733,-0.0298,0.00868,0.00101,0.03359
124.6,ETH-27DEC19,1577271545247,open,0.0,5477.0,0.001,0.011,0.000521,120.0,0.001,0.0,ETH-27DEC19-150-C,124.58,132.47,0.001,689.0,0.002,873.0,149.64,0.00382,-0.06491,0.00011,0.00399,0.01727
127.44,ETH-26JUN20,1577271545280,open,0.55,1.0,0.527,0.579,0.55274,88.64,0.69,0.0,ETH-26JUN20-60-C,124.58,60.93,0.534,51.0,0.566,51.0,102.09,0.11506,-0.02773,0.24524,0.00159,0.93473
127.44,ETH-26JUN20,1577271545352,open,0.55,1.0,0.527,0.579,0.55274,88.64,0.69,0.0,ETH-26JUN20-60-C,124.58,58.36,0.533,51.0,0.566,51.0,102.09,0.11506,-0.02773,0.24524,0.00159,0.93473
7456.75,BTC-26JUN20,1577271545579,open,0.02,24.9,0.0065,0.0505,0.02002751,90.38,0.021,0.0,BTC-26JUN20-22000-C,7223.03,88.97,0.0185,13.0,0.0215,15.1,91.67,8.3066,-2.04136,2.47745,3e-05,0.08598
7228.06,BTC-27DEC19,1577271545581,open,5.62,0.0,5.511,5.776,5.64077686,0.0,None,0.0,BTC-27DEC19-48000-P,7223.03,0.0,0.0005,1.0,0.0,0.0,0.0,0.0,0.0,-2.46667,0.0,-1.0
7259.03,SYN.BTC-31JAN20,1577271545581,open,0.19,10.5,0.168,0.2175,0.18927152,61.97,0.1275,0.0,BTC-31JAN20-6000-C,7223.03,45.07,0.179,4.0,0.213,4.0,90.47,5.21718,-4.38351,4.89475,0.00016,0.8567
7259.03,SYN.BTC-31JAN20,1577271545581,open,0.0,99.7,0.0005,0.013,0.00310594,75.23,0.003,0.0,BTC-31JAN20-11500-C,7223.03,72.63,0.0025,30.0,0.004,35.0,78.55,1.80634,-1.84249,0.23803,5e-05,0.03556
7259.03,SYN.BTC-31JAN20,1577271545589,open,0.0,361.0,0.0005,0.0155,0.00520031,75.71,0.006,0.0,BTC-31JAN20-5000-P,7223.03,73.4,0.0045,10.0,0.0055,20.0,76.65,2.28445,-2.34519,-0.38657,6e-05,-0.04751
7456.75,BTC-26JUN20,1577271545596,open,0.1,335.8,0.066,0.143,0.09918455,71.6,0.0915,0.0,BTC-26JUN20-6000-P,7223.03,69.95,0.0955,12.3,0.1015,28.0,72.63,16.7352,-3.25823,-13.02986,8e-05,-0.24768
7234.25,SYN.BTC-3JAN20,1577271545596,open,0.05,52.7,0.0325,0.0805,0.04986861,50.71,0.05,0.0,BTC-3JAN20-7000-C,7223.03,49.16,0.049,10.0,0.052,15.0,54.49,4.05647,-11.5886,1.10098,0.00063,0.67573
7234.25,SYN.BTC-3JAN20,1577271545596,open,0.0,127.0,0.0005,0.012,0.0022077,73.25,0.0025,0.0,BTC-3JAN20-6000-P,7223.03,67.95,0.0015,51.0,0.003,47.5,78.16,1.07021,-4.41598,-0.08313,0.00011,-0.04505
7234.25,SYN.BTC-3JAN20,1577271545600,open,0.01,236.1,0.0005,0.032,0.00959984,52.8,0.01,0.0,BTC-3JAN20-7750-C,7223.03,50.34,0.0085,20.0,0.0105,38.0,54.76,3.28062,-9.75858,0.35826,0.00049,0.21326
7234.25,SYN.BTC-3JAN20,1577271545600,open,0.11,1.5,0.0875,0.1415,0.11130864,55.35,0.112,0.0,BTC-3JAN20-8000-P,7223.03,0.0,0.1055,3.1,0.1195,3.0,75.85,2.39698,-7.47438,-1.72481,0.00034,-0.86917
7234.25,SYN.BTC-3JAN20,1577271545602,open,0.05,53.6,0.035,0.0875,0.05368502,50.56,0.054,0.0,BTC-3JAN20-7500-P,7223.03,47.59,0.052,15.0,0.055,1.0,52.86,4.12379,-11.74624,-1.25912,0.00064,-0.66207
7259.03,SYN.BTC-31JAN20,1577271545602,open,0.02,521.3,0.006,0.037,0.01582605,61.96,0.015,0.0,BTC-31JAN20-6000-P,7223.03,60.8,0.015,18.0,0.0165,20.0,62.89,5.21694,-4.38308,-1.16692,0.00016,-0.14329
7259.03,SYN.BTC-31JAN20,1577271545602,open,0.03,511.7,0.0185,0.0625,0.02902866,57.63,0.0275,0.0,BTC-31JAN20-6500-P,7223.03,57.09,0.0285,10.0,0.03,0.5,58.6,7.23202,-5.65082,-1.99988,0.00024,-0.24367
7234.25,SYN.BTC-3JAN20,1577271545604,open,0.0,148.1,0.0005,0.015,0.00349522,59.46,0.004,0.0,BTC-3JAN20-8250-C,7223.03,57.35,0.003,25.0,0.004,20.0,61.47,1.75943,-5.89374,0.14383,0.00023,0.08526
7259.03,SYN.BTC-31JAN20,1577271545604,open,0.06,277.1,0.043,0.0985,0.05641492,55.77,0.0565,0.0,BTC-31JAN20-7500-C,7223.03,54.65,0.055,10.0,0.057,6.0,56.24,9.1628,-6.92908,2.97392,0.00031,0.46193
7234.25,SYN.BTC-3JAN20,1577271545606,open,0.03,139.7,0.0165,0.061,0.02960158,49.27,0.0295,0.0,BTC-3JAN20-7250-C,7223.03,47.5,0.0285,10.0,0.0305,0.5,50.72,4.50025,-12.49094,0.8346,0.00072,0.50404
7259.03,SYN.BTC-31JAN20,1577271545606,open,0.09,159.7,0.0725,0.131,0.0889419,56.01,0.09,0.0,BTC-31JAN20-7000-C,7223.03,54.41,0.087,10.0,0.0895,0.5,56.46,8.81768,-6.69596,3.86008,0.0003,0.61529
7308.58,BTC-27MAR20,1577271545608,open,0.04,621.6,0.0205,0.076,0.04252318,70.33,0.0445,0.0,BTC-27MAR20-10000-C,7223.03,69.03,0.0405,26.0,0.0445,0.9,71.58,11.46037,-4.33924,3.67205,0.00012,0.23998
7228.06,BTC-27DEC19,1577271545608,open,0.1,877.5,0.0855,0.133,0.10754361,76.89,0.05,0.0,BTC-27DEC19-8000-P,7223.03,0.0,0.0905,2.0,0.1135,2.0,128.97,0.39928,-8.18351,-0.39843,0.00019,-0.96512
7234.25,SYN.BTC-3JAN20,1577271545608,open,0.01,156.1,0.0005,0.019,0.00540654,59.46,0.005,0.0,BTC-3JAN20-6500-P,7223.03,58.09,0.005,10.0,0.006,0.8,61.38,2.18879,-7.33109,-0.2117,0.00029,-0.11493
7234.25,SYN.BTC-3JAN20,1577271545608,open,0.14,0.3,0.1195,0.161,0.13948998,66.42,0.1535,0.0,BTC-3JAN20-6250-C,7223.03,0.0,0.136,3.1,0.157,3.0,118.59,1.54182,-5.76925,1.38775,0.00018,0.92836
7456.75,BTC-26JUN20,1577271545610,open,0.07,402.2,0.04,0.12,0.07245948,77.27,0.0765,0.0,BTC-26JUN20-12000-C,7223.03,76.02,0.0695,8.0,0.075,13.9,78.33,17.70636,-3.7203,7.66392,8e-05,0.27648
7308.58,BTC-27MAR20,1577271545610,open,0.11,298.7,0.0765,0.15,0.10909454,65.85,0.11,0.0,BTC-27MAR20-7000-P,7223.03,64.25,0.106,12.4,0.1115,10.0,67.1,14.07757,-4.9907,-9.16322,0.00016,-0.38363
7234.25,SYN.BTC-3JAN20,1577271545610,open,0.01,176.5,0.0005,0.022,0.00546164,55.36,0.006,0.0,BTC-3JAN20-8000-C,7223.03,53.94,0.005,25.0,0.006,19.0,56.96,2.39752,-7.47731,0.22062,0.00034,0.13087
7234.25,SYN.BTC-3JAN20,1577271545610,open,0.11,0.3,0.086,0.13,0.10690585,59.46,0.106,0.0,BTC-3JAN20-6500-C,7223.03,56.36,0.106,10.0,0.1085,10.0,64.47,2.18919,-7.33343,1.36885,0.00029,0.88504
7308.58,BTC-27MAR20,1577271545612,open,0.02,259.7,0.0095,0.0435,0.02185781,71.1,0.021,0.0,BTC-27MAR20-5000-P,7223.03,69.63,0.0205,10.0,0.023,10.0,72.31,6.8371,-2.61707,-2.41318,7e-05,-0.1079
7456.75,BTC-26JUN20,1577271545612,open,0.04,133.1,0.016,0.0775,0.03828249,82.9,0.041,0.0,BTC-26JUN20-16000-C,7223.03,81.55,0.036,9.0,0.04,15.0,83.89,12.76319,-2.87707,4.49114,5e-05,0.15784
7456.75,BTC-26JUN20,1577271545612,open,0.05,290.4,0.029,0.084,0.05132308,72.24,0.0525,0.0,BTC-26JUN20-5000-P,7223.03,70.52,0.0485,22.1,0.054,22.1,73.85,12.34713,-2.42542,-7.56751,6e-05,-0.15013
7234.25,SYN.BTC-3JAN20,1577271545612,open,0.08,3.8,0.056,0.1035,0.07665658,54.77,0.0785,0.0,BTC-3JAN20-6750-C,7223.03,53.24,0.076,10.0,0.079,10.0,60.04,3.12552,-9.64361,1.27849,0.00045,0.80342
7234.25,SYN.BTC-3JAN20,1577271545612,open,0.0,53.1,0.0005,0.0145,0.00343295,66.41,0.0035,0.0,BTC-3JAN20-6250-P,7223.03,64.31,0.003,10.0,0.004,28.0,68.98,1.5413,-5.76634,-0.132,0.00018,-0.07161
7234.25,SYN.BTC-3JAN20,1577271545612,open,0.01,106.1,0.0005,0.0305,0.00971498,54.76,0.0095,0.0,BTC-3JAN20-6750-P,7223.03,53.09,0.009,10.0,0.0105,20.3,56.56,3.12529,-9.64186,-0.36286,0.00045,-0.19655
7259.03,SYN.BTC-31JAN20,1577271545612,open,0.02,709.5,0.0115,0.053,0.02147012,57.82,0.0245,0.0,BTC-31JAN20-8500-C,7223.03,56.24,0.02,49.0,0.0225,0.5,58.9,6.85954,-5.3774,1.46745,0.00022,0.22157
7456.75,BTC-26JUN20,1577271545614,open,0.05,553.8,0.024,0.094,0.05080727,79.89,0.0515,0.0,BTC-26JUN20-14000-C,7223.03,78.48,0.048,9.0,0.053,14.6,80.97,14.99305,-3.25694,5.75401,7e-05,0.20398
7259.03,SYN.BTC-31JAN20,1577271545614,open,0.05,258.2,0.0395,0.0955,0.05325551,56.0,0.0495,0.0,BTC-31JAN20-7000-P,7223.03,54.56,0.0515,37.0,0.055,27.9,57.44,8.81767,-6.69569,-3.21194,0.0003,-0.38471
7234.25,SYN.BTC-3JAN20,1577271545615,open,0.03,45.2,0.0175,0.065,0.03177542,49.27,0.033,0.0,BTC-3JAN20-7250-P,7223.03,47.22,0.0305,25.0,0.033,2.3,51.24,4.50025,-12.48981,-0.92838,0.00072,-0.49597
7228.06,BTC-27DEC19,1577271545618,open,6.17,0.8,6.0535,6.341,6.19417493,0.0,6.1425,0.0,BTC-27DEC19-52000-P,7223.03,0.0,0.001,1.0,0.0,0.0,0.0,0.0,0.0,-2.67222,0.0,-1.0
7259.03,SYN.BTC-31JAN20,1577271545618,open,0.01,719.7,0.0005,0.0225,0.00890703,68.16,0.008,0.0,BTC-31JAN20-5500-P,7223.03,67.31,0.0085,10.0,0.0095,20.0,69.37,3.50748,-3.24179,-0.66961,0.0001,-0.0824
7234.25,SYN.BTC-3JAN20,1577271545618,open,0.02,178.2,0.0075,0.0455,0.01748474,50.71,0.0205,0.0,BTC-3JAN20-7000-P,7223.03,49.84,0.017,10.0,0.0185,5.0,52.51,4.0564,-11.58732,-0.60118,0.00063,-0.32426
7234.25,SYN.BTC-3JAN20,1577271545618,open,0.0,97.6,0.0005,0.0115,0.00153893,66.88,0.0015,0.0,BTC-3JAN20-8750-C,7223.03,62.17,0.001,85.0,0.002,1.0,70.17,0.93637,-3.52761,0.06449,0.00011,0.0382
7259.03,SYN.BTC-31JAN20,1577271545620,open,0.0,231.1,0.0005,0.0125,0.00251306,78.07,0.0025,0.0,BTC-31JAN20-12000-C,7223.03,75.42,0.002,110.0,0.003,14.0,80.28,1.50942,-1.59781,0.19141,4e-05,0.02861
7234.25,SYN.BTC-3JAN20,1577271545620,open,0.0,122.9,0.0005,0.011,0.00122022,77.84,0.0015,0.0,BTC-3JAN20-5750-P,7223.03,75.31,0.001,10.0,0.0015,0.3,80.68,0.66903,-2.93364,-0.0469,7e-05,-0.02544
7259.03,SYN.BTC-31JAN20,1577271545622,open,0.09,173.8,0.072,0.1365,0.08960808,55.77,0.087,0.0,BTC-31JAN20-7500-P,7223.03,54.1,0.0875,10.0,0.0905,1.1,56.48,9.1628,-6.9288,-4.60329,0.00031,-0.53808
7259.03,SYN.BTC-31JAN20,1577271545622,open,0.14,36.4,0.1145,0.1705,0.13359459,57.63,0.136,0.0,BTC-31JAN20-6500-C,7223.03,56.53,0.1325,10.0,0.1375,12.0,61.51,7.23213,-5.65114,4.56695,0.00024,0.75633
7234.25,SYN.BTC-3JAN20,1577271545622,open,0.0,148.8,0.0005,0.0105,0.00098062,87.44,0.001,0.0,BTC-3JAN20-5500-P,7223.03,79.26,0.0005,23.1,0.0015,35.4,93.74,0.5192,-2.55744,-0.03487,5e-05,-0.01884
7259.03,SYN.BTC-31JAN20,1577271545622,open,0.25,2.0,0.2315,0.274,0.25123205,68.17,0.257,0.0,BTC-31JAN20-5500-C,7223.03,41.02,0.243,4.0,0.27,4.0,98.26,3.50785,-3.24234,4.8869,0.0001,0.91759
7308.58,BTC-27MAR20,1577271545629,open,0.06,338.8,0.037,0.1015,0.06410312,68.61,0.0615,0.0,BTC-27MAR20-9000-C,7223.03,67.46,0.062,8.0,0.066,23.0,69.64,13.41791,-4.9561,5.02223,0.00014,0.33416
124.6,ETH-27DEC19,1577271545679,open,0.2,2.0,0.173,0.222,0.197561,120.0,0.229,0.0,ETH-27DEC19-100-C,124.58,0.0,0.183,31.0,0.207,31.0,258.73,0.00121,-0.03884,0.00511,0.00127,0.99534
124.68,SYN.ETH-3JAN20,1577271546014,open,0.0,1.0,0.001,0.011,0.001422,98.26,0.001,0.0,ETH-3JAN20-170-C,124.58,93.22,0.001,351.0,0.002,551.0,103.79,0.01165,-0.0645,0.00074,0.00314,0.02576
7234.25,SYN.BTC-3JAN20,1577271546017,open,0.24,0.0,0.22,0.2745,0.24532882,72.18,None,0.0,BTC-3JAN20-9000-P,7223.03,0.0,0.0,0.0,0.0,0.0,0.0,0.76288,-3.10199,-2.13834,8e-05,-0.97022
7234.25,SYN.BTC-3JAN20,1577271546017,open,0.0,120.5,0.0005,0.011,0.00124923,72.2,0.0015,0.0,BTC-3JAN20-9000-C,7223.03,69.67,0.001,25.0,0.0015,0.5,74.44,0.76358,-3.10559,0.05025,8e-05,0.02981
7234.25,SYN.BTC-3JAN20,1577271546020,open,0.0,50.6,0.0005,0.011,0.00100605,76.91,0.001,0.0,BTC-3JAN20-9250-C,7223.03,69.65,0.0005,52.2,0.0015,46.0,81.95,0.62195,-2.69464,0.03926,6e-05,0.02332
7234.25,SYN.BTC-3JAN20,1577271546020,open,0.28,0.0,0.254,0.309,0.2796434,76.89,None,0.0,BTC-3JAN20-9250-P,7223.03,0.0,0.0,0.0,0.0,0.0,0.0,0.6212,-2.6906,-2.21012,6e-05,-0.97671
125.61,ETH-27MAR20,1577271546325,open,0.39,20.0,0.357,0.417,0.387076,83.39,0.613,0.0,ETH-27MAR20-80-C,124.58,46.32,0.365,43.0,0.406,43.0,102.69,0.11102,-0.04984,0.16401,0.00332,0.90023
124.6,ETH-27DEC19,1577271546915,open,0.19,1230.0,0.169,0.244,0.204373,120.0,0.123,0.0,ETH-27DEC19-150-P,124.58,0.0,0.198,3.0,0.228,20.0,294.73,0.00382,-0.1221,-0.0076,0.00399,-0.98273
127.44,ETH-26JUN20,1577271547118,open,0.55,1.0,0.527,0.579,0.55274,88.64,0.69,0.0,ETH-26JUN20-60-C,124.58,55.37,0.532,51.0,0.566,51.0,102.09,0.11506,-0.02773,0.24524,0.00159,0.93473
124.6,ETH-27DEC19,1577271547526,open,0.2,2.0,0.173,0.222,0.197561,120.0,0.229,0.0,ETH-27DEC19-100-C,124.58,0.0,0.182,31.0,0.207,31.0,258.73,0.00121,-0.03884,0.00511,0.00127,0.99534
127.44,ETH-26JUN20,1577271548091,open,0.16,188.0,0.1,0.206,0.15224,83.05,0.169,0.0,ETH-26JUN20-160-C,124.58,82.25,0.15,1.0,0.157,210.0,84.73,0.35935,-0.08115,0.19991,0.00529,0.46363
124.6,ETH-27DEC19,1577271548091,open,0.35,1.0,0.325,0.407,0.36437,120.0,0.283,0.0,ETH-27DEC19-170-P,124.58,0.0,0.001,10.0,1.442,10.0,500.0,6e-05,-0.00196,-0.00873,6e-05,-0.99982
127.44,ETH-26JUN20,1577271548091,open,0.02,667.0,0.006,0.053,0.022715,101.96,0.029,0.0,ETH-26JUN20-440-C,124.58,100.42,0.021,350.0,0.025,140.0,103.91,0.14497,-0.04019,0.04219,0.00174,0.08843
127.44,ETH-26JUN20,1577271548096,open,0.01,287.0,0.004,0.041,0.015298,107.8,0.02,0.0,ETH-26JUN20-560-C,124.58,106.23,0.014,350.0,0.017,140.0,109.74,0.1082,-0.03172,0.0289,0.00123,0.06032
124.6,ETH-27DEC19,1577271548103,open,0.13,127.0,0.09,0.15,0.119711,118.69,0.128,0.0,ETH-27DEC19-110-C,124.58,0.0,0.117,40.0,0.123,40.0,147.56,0.01144,-0.36206,0.00521,0.01208,0.93413
127.44,ETH-26JUN20,1577271548103,open,0.19,496.0,0.139,0.245,0.192451,81.45,0.213,0.0,ETH-26JUN20-140-C,124.58,79.87,0.188,616.0,0.197,210.0,83.07,0.35798,-0.07929,0.22975,0.00537,0.55032
124.6,ETH-27DEC19,1577271548145,open,0.0,4519.0,0.001,0.011,0.000129,120.0,0.001,0.0,ETH-27DEC19-100-P,124.58,0.0,0.0,0.0,0.001,378.0,157.89,0.00121,-0.01611,-3e-05,0.00127,-0.00466
124.6,ETH-27DEC19,1577271548151,open,0.51,0.0,0.481,0.572,0.52488,120.0,0.438,0.0,ETH-27DEC19-190-P,124.58,0.0,0.17,30.0,0.0,0.0,0.0,0.0,-1e-05,-0.00976,0.0,-1.0
124.6,ETH-27DEC19,1577271548151,open,1.55,100.0,1.494,1.647,1.568218,125.0,0.883,0.0,ETH-27DEC19-320-P,124.58,0.0,0.011,5.0,0.0,0.0,0.0,0.0,0.0,-0.01644,0.0,-1.0
125.61,ETH-27MAR20,1577271548155,open,1.23,161.0,1.17,1.33,1.244988,97.91,1.397,0.0,ETH-27MAR20-280-P,124.58,0.0,0.002,50.0,0.0,0.0,0.0,0.09807,-0.05169,-0.69057,0.00249,-0.9156
124.99,SYN.ETH-31JAN20,1577271548155,open,0.29,1.0,0.254,0.348,0.299078,72.65,0.148,0.0,ETH-31JAN20-160-P,124.58,56.56,0.288,340.0,0.311,340.0,86.2,0.10056,-0.09906,-0.14257,0.00877,-0.82993
124.6,ETH-27DEC19,1577271548157,open,0.75,2830.0,0.715,0.82,0.76565,120.0,0.65,0.0,ETH-27DEC19-220-P,124.58,0.0,0.001,9.0,0.0,0.0,0.0,0.0,0.0,-0.01131,0.0,-1.0
125.61,ETH-27MAR20,1577271548157,open,1.86,7.0,1.785,1.976,1.874927,107.64,1.702,0.0,ETH-27MAR20-360-P,124.58,0.0,0.01,30.0,0.0,0.0,0.0,0.06293,-0.03647,-0.90364,0.00146,-0.95231
124.6,ETH-27DEC19,1577271548162,open,2.18,15.0,2.117,2.309,2.210273,125.0,1.248,0.0,ETH-27DEC19-400-P,124.58,0.0,0.002,50.0,0.0,0.0,0.0,0.0,0.0,-0.02056,0.0,-1.0
127.44,ETH-26JUN20,1577271548162,open,0.12,2383.0,0.073,0.174,0.121486,84.28,0.138,0.0,ETH-26JUN20-180-C,124.58,82.26,0.116,280.0,0.128,280.0,86.66,0.34716,-0.07956,0.17267,0.00503,0.39044
125.61,ETH-27MAR20,1577271548162,open,0.77,30.0,0.715,0.857,0.782344,90.04,0.306,0.0,ETH-27MAR20-220-P,124.58,0.0,0.001,9.0,0.0,0.0,0.0,0.15226,-0.0738,-0.51949,0.00421,-0.84301
127.44,ETH-26JUN20,1577271548162,open,0.8,0.0,0.726,0.895,0.807583,86.92,None,0.0,ETH-26JUN20-220-P,124.58,0.0,0.726,50.0,0.0,0.0,0.0,0.3056,-0.07223,-0.97935,0.0043,-0.71788
127.44,ETH-26JUN20,1577271548162,open,3.37,0.0,3.271,3.566,3.409523,107.8,None,0.0,ETH-26JUN20-560-P,124.58,0.0,0.01,50.0,0.0,0.0,0.0,0.1082,-0.03172,-2.7922,0.00123,-0.93968
127.44,ETH-26JUN20,1577271548162,open,0.07,539.0,0.032,0.115,0.06864,88.52,0.078,0.0,ETH-26JUN20-240-C,124.58,86.87,0.065,642.0,0.073,180.0,90.46,0.28377,-0.06831,0.11262,0.00392,0.24406
124.6,ETH-27DEC19,1577271548162,open,2.02,0.0,1.961,2.144,2.049759,0.0,None,0.0,ETH-27DEC19-380-P,124.58,0.0,0.02,50.0,0.0,0.0,0.0,0.0,0.0,-0.01953,0.0,-1.0
124.6,ETH-27DEC19,1577271548162,open,1.71,0.0,1.65,1.813,1.728732,125.0,None,0.0,ETH-27DEC19-340-P,124.58,0.0,0.003,9.0,0.0,0.0,0.0,0.0,0.0,-0.01747,0.0,-1.0
124.6,ETH-27DEC19,1577271548162,open,0.43,4507.0,0.403,0.489,0.444623,120.0,0.432,0.0,ETH-27DEC19-180-P,124.58,0.0,0.002,25.0,1.2,5.0,500.0,0.0,-0.00015,-0.00925,0.0,-0.99999
127.44,ETH-26JUN20,1577271548162,open,3.99,0.0,3.879,4.208,4.034322,110.97,None,0.0,ETH-26JUN20-640-P,124.58,0.0,0.011,1.0,0.0,0.0,0.0,0.09172,-0.02768,-3.20063,0.00101,-0.95105
124.6,ETH-27DEC19,1577271548162,open,0.0,2462.0,0.001,0.017,0.002536,118.69,0.002,0.0,ETH-27DEC19-110-P,124.58,97.91,0.001,791.0,0.002,350.0,112.5,0.01144,-0.31603,-0.00044,0.01208,-0.06587
124.6,ETH-27DEC19,1577271548162,open,0.05,758.0,0.014,0.073,0.043943,72.63,0.064,0.0,ETH-27DEC19-120-C,124.58,58.11,0.041,40.0,0.047,40.0,86.2,0.02693,-0.52133,0.00467,0.04647,0.77293
125.61,ETH-27MAR20,1577271548164,open,0.27,2.0,0.225,0.303,0.26458,78.07,0.275,0.0,ETH-27MAR20-100-C,124.58,68.77,0.251,43.0,0.294,43.0,97.28,0.18708,-0.07863,0.16509,0.00597,0.78109
127.44,ETH-26JUN20,1577271548164,open,0.01,626.0,0.003,0.035,0.012351,110.97,0.012,0.0,ETH-26JUN20-640-C,124.58,109.03,0.011,350.0,0.014,140.0,113.17,0.09172,-0.02768,0.0235,0.00101,0.04895
124.6,ETH-27DEC19,1577271548164,open,0.0,1657.0,0.001,0.011,4e-06,120.0,0.001,0.0,ETH-27DEC19-170-C,124.58,0.0,0.0,0.0,0.001,375.0,203.13,6e-05,-0.00047,0.0,6e-05,0.00018
125.61,ETH-27MAR20,1577271548168,open,0.18,118.0,0.13,0.217,0.173894,76.99,0.19,0.0,ETH-27MAR20-120-C,124.58,60.39,0.142,47.0,0.207,47.0,94.32,0.24078,-0.0998,0.14336,0.00779,0.62242
124.6,ETH-27DEC19,1577271548168,open,2.82,21.0,2.741,2.971,2.852327,125.0,2.37,0.0,ETH-27DEC19-480-P,124.58,0.0,0.002,50.0,0.0,0.0,0.0,0.0,0.0,-0.02467,0.0,-1.0
124.99,SYN.ETH-31JAN20,1577271548168,open,0.59,0.0,0.556,0.662,0.605996,85.63,None,0.0,ETH-31JAN20-200-P,124.58,0.0,0.01,50.0,0.0,0.0,0.0,0.04469,-0.05189,-0.19575,0.00331,-0.94422
127.44,ETH-26JUN20,1577271548170,open,0.1,1420.0,0.054,0.149,0.098308,85.48,0.111,0.0,ETH-26JUN20-200-C,124.58,84.19,0.095,285.0,0.104,180.0,87.68,0.32764,-0.07616,0.14886,0.00468,0.33017
124.6,ETH-27DEC19,1577271548170,open,2.5,0.0,2.429,2.64,2.5313,125.0,None,0.0,ETH-27DEC19-440-P,124.58,0.0,0.002,50.0,0.0,0.0,0.0,0.0,0.0,-0.02261,0.0,-1.0
127.44,ETH-26JUN20,1577271548170,open,0.03,777.0,0.01,0.067,0.032128,97.17,0.03,0.0,ETH-26JUN20-360-C,124.58,95.68,0.03,350.0,0.035,180.0,99.12,0.18397,-0.04861,0.05825,0.00231,0.12287
127.44,ETH-26JUN20,1577271548170,open,1.83,1.0,1.756,1.972,1.856986,97.17,1.827,0.0,ETH-26JUN20-360-P,124.58,0.0,0.015,2.0,0.0,0.0,0.0,0.18397,-0.04861,-1.75531,0.00231,-0.87713
125.61,ETH-27MAR20,1577271548172,open,1.54,10.0,1.477,1.652,1.55921,103.16,1.59,0.0,ETH-27MAR20-320-P,124.58,0.0,0.011,5.0,0.0,0.0,0.0,0.0776,-0.0431,-0.7981,0.00187,-0.93783
127.44,ETH-26JUN20,1577271548175,open,0.02,330.0,0.005,0.048,0.019744,104.15,0.025,0.0,ETH-26JUN20-480-C,124.58,102.41,0.018,350.0,0.022,141.0,106.28,0.13087,-0.03707,0.03688,0.00154,0.07718
127.44,ETH-26JUN20,1577271548175,open,0.01,308.0,0.003,0.037,0.013592,109.32,0.017,0.0,ETH-26JUN20-600-C,124.58,107.19,0.012,350.0,0.015,140.0,111.08,0.09892,-0.0294,0.02583,0.00111,0.05383
127.44,ETH-26JUN20,1577271548177,open,2.14,0.0,2.057,2.288,2.165668,99.83,None,0.0,ETH-26JUN20-400-P,124.58,0.0,0.01,50.0,0.0,0.0,0.0,0.16317,-0.0443,-1.9657,0.002,-0.89615
125.61,ETH-27MAR20,1577271548177,open,0.62,747.0,0.568,0.704,0.633086,87.27,0.57,0.0,ETH-27MAR20-200-P,124.58,0.0,0.001,9.0,0.0,0.0,0.0,0.17815,-0.0837,-0.45759,0.00508,-0.79857
124.68,SYN.ETH-3JAN20,1577271548177,open,0.2,0.0,0.169,0.247,0.206277,75.31,None,0.0,ETH-3JAN20-150-P,124.58,0.0,0.0,0.0,0.0,0.0,0.0,0.02459,-0.10432,-0.03461,0.00864,-0.93521
127.44,ETH-26JUN20,1577271548179,open,0.52,426.0,0.458,0.613,0.533915,84.28,0.47,0.0,ETH-26JUN20-180-P,124.58,68.02,0.491,210.0,0.584,200.0,102.32,0.34716,-0.07956,-0.73412,0.00503,-0.60956
125.61,ETH-27MAR20,1577271548232,open,0.92,118.0,0.866,1.014,0.935401,93.35,0.978,0.0,ETH-27MAR20-240-P,124.58,0.0,0.004,9.0,0.0,0.0,0.0,0.13205,-0.06636,-0.57793,0.00352,-0.87277
127.44,ETH-26JUN20,1577271548232,open,0.02,247.0,0.01,0.044,0.02355,88.64,0.017,0.0,ETH-26JUN20-60-P,124.58,85.75,0.021,350.0,0.026,435.0,91.3,0.11506,-0.02773,-0.05702,0.00159,-0.06527
124.68,SYN.ETH-3JAN20,1577271548232,open,0.21,1.0,0.174,0.228,0.20106,90.07,0.208,0.0,ETH-3JAN20-100-C,124.58,0.0,0.0,0.0,0.0,0.0,0.0,0.02019,-0.10245,0.02269,0.00593,0.94956
124.99,SYN.ETH-31JAN20,1577271548232,open,0.75,1.0,0.71,0.824,0.76409,92.12,0.739,0.0,ETH-31JAN20-220-P,124.58,0.0,0.01,50.0,0.0,0.0,0.0,0.03224,-0.04027,-0.21807,0.00222,-0.96284
127.44,ETH-26JUN20,1577271548234,open,0.04,334.0,0.014,0.078,0.039774,94.5,0.033,0.0,ETH-26JUN20-320-C,124.58,92.79,0.037,350.0,0.043,280.0,96.41,0.2107,-0.05414,0.07063,0.00273,0.14979
124.6,ETH-27DEC19,1577271548234,open,0.59,3511.0,0.559,0.654,0.605136,120.0,0.726,0.0,ETH-27DEC19-200-P,124.58,0.0,0.025,5.0,0.0,0.0,0.0,0.0,0.0,-0.01028,0.0,-1.0
124.99,SYN.ETH-31JAN20,1577271548234,open,0.44,25.0,0.402,0.502,0.449887,78.96,0.35,0.0,ETH-31JAN20-180-P,124.58,0.0,0.012,5.0,0.0,0.0,0.0,0.06564,-0.07027,-0.17145,0.00527,-0.90788
124.6,ETH-27DEC19,1577271548235,open,4.09,0.0,3.987,4.295,4.136437,250.0,None,0.0,ETH-27DEC19-640-P,124.58,0.0,0.02,50.0,0.0,0.0,0.0,0.0,0.0,-0.03289,0.0,-1.0
124.6,ETH-27DEC19,1577271548236,open,4.41,1.0,4.299,4.626,4.457464,250.0,2.792,0.0,ETH-27DEC19-680-P,124.58,0.0,0.02,50.0,0.0,0.0,0.0,0.0,0.0,-0.03494,0.0,-1.0
124.6,ETH-27DEC19,1577271548236,open,1.87,257.0,1.806,1.978,1.889246,125.0,0.995,0.0,ETH-27DEC19-360-P,124.58,0.0,0.02,50.0,0.0,0.0,0.0,0.0,0.0,-0.0185,0.0,-1.0
127.44,ETH-26JUN20,1577271548236,open,0.43,0.0,0.389,0.463,0.42624,81.95,None,0.0,ETH-26JUN20-80-C,124.58,38.21,0.376,1.0,1.48,5.0,500.0,0.19893,-0.04433,0.28004,0.00297,0.86244
124.6,ETH-27DEC19,1577271548236,open,0.28,0.0,0.256,0.299,0.27769,120.0,None,0.0,ETH-27DEC19-90-C,124.58,0.0,0.0,0.0,0.0,0.0,0.0,2e-05,-0.00076,0.00462,2e-05,0.99993
124.6,ETH-27DEC19,1577271548236,open,0.91,2287.0,0.871,0.985,0.926164,117.19,1.068,0.0,ETH-27DEC19-240-P,124.58,0.0,0.001,15.0,0.0,0.0,0.0,0.0,0.0,-0.01233,0.0,-1.0
127.44,ETH-26JUN20,1577271548236,open,0.11,543.0,0.07,0.157,0.111034,80.87,0.107,0.0,ETH-26JUN20-100-P,124.58,79.49,0.108,350.0,0.114,250.0,82.21,0.28057,-0.0617,-0.22474,0.00424,-0.23903
127.44,ETH-26JUN20,1577271548238,open,0.05,1006.0,0.028,0.086,0.053986,81.95,0.055,0.0,ETH-26JUN20-80-P,124.58,81.32,0.053,350.0,0.054,2.0,81.96,0.19893,-0.04433,-0.12297,0.00297,-0.13756
124.6,ETH-27DEC19,1577271548238,open,5.05,1.0,4.922,5.288,5.099518,250.0,3.236,0.0,ETH-27DEC19-760-P,124.58,0.0,0.02,50.0,0.0,0.0,0.0,0.0,0.0,-0.03906,0.0,-1.0
124.99,SYN.ETH-31JAN20,1577271548238,open,1.07,0.0,1.02,1.152,1.082619,105.4,None,0.0,ETH-31JAN20-260-P,124.58,0.0,0.01,50.0,0.0,0.0,0.0,0.02065,-0.02951,-0.26024,0.00124,-0.97825
124.6,ETH-27DEC19,1577271548240,open,1.23,310.0,1.182,1.316,1.247191,125.0,0.49,0.0,ETH-27DEC19-280-P,124.58,0.0,0.003,9.0,0.0,0.0,0.0,0.0,0.0,-0.01439,0.0,-1.0
127.44,ETH-26JUN20,1577271548240,open,0.02,110.0,0.004,0.045,0.01777,106.57,0.024,0.0,ETH-26JUN20-520-C,124.58,104.64,0.016,350.0,0.02,490.0,108.85,0.12055,-0.03494,0.0331,0.00138,0.06933
124.6,ETH-27DEC19,1577271548240,open,0.27,13324.0,0.247,0.325,0.284161,120.0,0.302,0.0,ETH-27DEC19-160-P,124.58,0.0,0.003,11.0,0.5,3.0,500.0,0.00059,-0.01887,-0.00821,0.00062,-0.99791
127.44,ETH-26JUN20,1577271548240,open,0.4,833.0,0.337,0.481,0.407733,83.05,0.354,0.0,ETH-26JUN20-160-P,124.58,74.24,0.383,236.0,0.415,210.0,85.62,0.35935,-0.08115,-0.60612,0.00529,-0.53637
124.99,SYN.ETH-31JAN20,1577271548240,open,0.23,1.0,0.189,0.252,0.220718,76.13,0.225,0.0,ETH-31JAN20-100-C,124.58,41.02,0.202,37.0,0.24,37.0,99.84,0.09202,-0.095,0.07965,0.00766,0.85146
127.44,ETH-26JUN20,1577271548242,open,0.28,1331.0,0.227,0.357,0.291007,81.45,0.254,0.0,ETH-26JUN20-140-P,124.58,79.31,0.285,350.0,0.296,210.0,83.23,0.35798,-0.07929,-0.47553,0.00537,-0.44968
127.44,ETH-26JUN20,1577271548244,open,0.33,1.0,0.279,0.372,0.326351,80.87,0.38,0.0,ETH-26JUN20-100-C,124.58,39.65,0.242,1.0,1.375,5.0,500.0,0.28057,-0.0617,0.27903,0.00424,0.76097
127.44,ETH-26JUN20,1577271548246,open,3.68,0.0,3.575,3.887,3.721689,109.32,None,0.0,ETH-26JUN20-600-P,124.58,0.0,0.01,50.0,0.0,0.0,0.0,0.09892,-0.0294,-2.99678,0.00111,-0.94617
124.6,ETH-27DEC19,1577271548246,open,1.07,944.0,1.026,1.151,1.086677,130.86,1.042,0.0,ETH-27DEC19-260-P,124.58,0.0,0.001,9.0,0.0,0.0,0.0,0.0,0.0,-0.01336,0.0,-1.0
127.44,ETH-26JUN20,1577271548246,open,2.45,0.0,2.36,2.606,2.47532,101.96,None,0.0,ETH-26JUN20-440-P,124.58,0.0,0.01,50.0,0.0,0.0,0.0,0.14497,-0.04019,-2.1744,0.00174,-0.91157
124.6,ETH-27DEC19,1577271548248,open,1.39,1.0,1.338,1.482,1.407705,125.0,0.494,0.0,ETH-27DEC19-300-P,124.58,0.0,0.02,50.0,0.0,0.0,0.0,0.0,0.0,-0.01542,0.0,-1.0
124.68,SYN.ETH-3JAN20,1577271548248,open,0.27,0.0,0.247,0.327,0.284722,82.12,None,0.0,ETH-3JAN20-160-P,124.58,0.0,0.0,0.0,0.0,0.0,0.0,0.01315,-0.06085,-0.03805,0.00424,-0.97021
125.61,ETH-27MAR20,1577271548385,open,0.39,20.0,0.357,0.417,0.387076,83.39,0.613,0.0,ETH-27MAR20-80-C,124.58,41.3,0.364,43.0,0.406,43.0,102.69,0.11101,-0.04984,0.16401,0.00332,0.90023
7228.05,BTC-27DEC19,1577271548579,open,0.04,371.4,0.016,0.06,0.03734081,60.91,0.038,0.0,BTC-27DEC19-7000-C,7223.03,56.92,0.0365,2.9,0.038,10.0,63.94,1.55321,-25.21793,0.27407,0.00095,0.7752
7456.8,BTC-26JUN20,1577271548579,open,0.14,187.9,0.096,0.19,0.13765097,73.44,0.142,0.0,BTC-26JUN20-9000-C,7223.03,71.96,0.1335,12.2,0.1405,28.2,74.45,21.00856,-4.19534,12.11191,0.0001,0.46008
7228.05,BTC-27DEC19,1577271548579,open,0.65,73.0,0.628,0.694,0.66019651,0.0,0.7025,0.0,BTC-27DEC19-12000-P,7223.03,0.0,0.0025,0.1,0.0,0.0,0.0,0.0,0.0,-0.61667,0.0,-1.0
7456.8,BTC-26JUN20,1577271548579,open,1.7,0.1,1.6395,1.7895,1.70641833,88.19,1.85,0.0,BTC-26JUN20-20000-P,7223.03,0.0,0.0,0.0,1.88,0.1,166.76,9.50673,-2.27971,-97.78844,4e-05,-0.89676
7308.56,BTC-27MAR20,1577271548579,open,0.15,532.6,0.118,0.1905,0.15131572,65.85,0.161,0.0,BTC-27MAR20-7000-C,7223.03,64.91,0.1495,12.7,0.1525,0.5,66.47,14.07757,-4.99073,8.64848,0.00016,0.61636
7228.05,BTC-27DEC19,1577271548579,open,0.0,986.6,0.0005,0.0105,0.0,115.0,0.0005,0.0,BTC-27DEC19-12000-C,7223.03,0.0,0.0,0.0,0.0005,21.0,281.52,0.0,0.0,0.0,0.0,0.0
7308.56,BTC-27MAR20,1577271548579,open,2.82,0.0,2.7565,2.921,2.83387225,110.29,None,0.0,BTC-27MAR20-28000-P,7223.03,0.0,0.0015,10.0,0.0,0.0,0.0,1.50212,-0.89188,-70.99444,1e-05,-0.98367
7228.05,BTC-27DEC19,1577271548581,open,0.0,1051.9,0.0005,0.011,0.00113761,87.97,0.001,0.0,BTC-27DEC19-6500-P,7223.03,85.8,0.001,10.4,0.0015,25.9,93.06,0.47488,-8.22272,-0.01645,0.0002,-0.04316
7228.05,BTC-27DEC19,1577271548581,open,0.0,475.6,0.0005,0.013,0.00165794,67.31,0.002,0.0,BTC-27DEC19-7750-C,7223.03,65.76,0.0015,3.0,0.002,45.0,70.45,0.75339,-11.98365,0.02824,0.00042,0.07769
7308.56,BTC-27MAR20,1577271548581,open,0.92,59.0,0.8835,0.985,0.92910537,81.41,0.877,0.0,BTC-27MAR20-14000-P,7223.03,0.0,0.4,0.5,1.255,0.5,267.5,5.6953,-2.49614,-34.30991,5e-05,-0.91582
7308.56,BTC-27MAR20,1577271548581,open,2.55,0.0,2.4885,2.643,2.56072261,107.6,None,0.0,BTC-27MAR20-26000-P,7223.03,0.0,0.0015,10.0,0.0,0.0,0.0,1.73765,-1.00653,-65.85814,1e-05,-0.98062
7308.56,BTC-27MAR20,1577271548581,open,3.09,0.0,3.025,3.199,3.10702736,112.17,None,0.0,BTC-27MAR20-30000-P,7223.03,0.0,0.0015,10.0,0.0,0.0,0.0,1.27125,-0.76766,-76.12786,1e-05,-0.98655
