underlying_price,underlying_index,timestamp,state,settlement_price,open_interest,min_price,max_price,mark_price,mark_iv,last_price,interest_rate,instrument_name,index_price,bid_iv,best_bid_price,best_bid_amount,best_ask_price,best_ask_amount,ask_iv,vega,theta,rho,gamma,delta
166.33,index_price,1555498739991,open,0.28,0.0,0.278547,0.280601,0.279025,92.11,None,0,ETH-26APR19-120-C,166.33,0.0,0.0,0.0,0.366,1.0,374.64,0.00662,-0.03435,0.02878,0.00107,0.99048
5230.36,index_price,1555498739993,open,0.01,54.6,0.00630408,0.02346195,0.00543027,46.33,0.006,0,BTC-19APR19-5125-P,5230.36,42.29,0.0045,10.0,0.006,5.9,48.73,1.22705,-15.15307,-0.07257,0.00188,-0.26455
5234.85,BTC-28JUN19,1555498740007,open,0.01,441.1,0.00248583,0.01483012,0.00781541,63.39,0.0075,0.0,BTC-28JUN19-3500-P,5230.36,60.72,0.0065,33.8,0.009,5.1,65.61,2.69435,-1.18808,-0.67839,8e-05,-0.05799
5241.96,BTC-27SEP19,1555498740015,open,0.06,98.1,0.04097334,0.0898256,0.05458744,61.62,0.061,0.0,BTC-27SEP19-4000-P,5230.36,60.48,0.0525,6.0,0.0575,5.0,63.2,9.62868,-1.8214,-5.81824,0.00013,-0.19415
5230.36,index_price,1555498740023,open,0.05,43.1,0.04779081,0.09386986,0.05323398,54.17,0.058,0,BTC-31MAY19-5000-P,5230.36,52.08,0.0505,4.6,0.0555,17.2,55.9,6.84261,-4.22397,-2.65653,0.00038,-0.36929
5234.85,BTC-28JUN19,1555498740037,open,0.03,74.1,0.01373982,0.04171293,0.02739452,58.11,0.0285,0.0,BTC-28JUN19-4250-P,5230.36,55.54,0.0245,27.9,0.029,14.0,59.51,5.97382,-2.41497,-2.0796,0.00019,-0.17434
5230.36,index_price,1555498740051,open,0.0,249.0,0.00174813,0.01481351,0.00137432,46.9,0.002,0,BTC-19APR19-5000-P,5230.36,43.37,0.001,10.0,0.002,15.5,51.93,0.59603,-7.18817,-0.02388,0.0009,-0.08746
5234.85,BTC-28JUN19,1555498740093,open,0.08,217.3,0.05869624,0.10281157,0.07899343,56.53,0.077,0.0,BTC-28JUN19-5500-C,5230.36,55.41,0.077,4.4,0.08,5.0,57.1,9.24375,-3.63538,4.04608,0.0003,0.4715
168.52,ETH-28JUN19,1555498740116,open,0.42,0.0,0.408522,0.437317,0.412858,74.75,None,0.0,ETH-28JUN19-100-C,166.33,0.0,0.005,5.0,0.0,0.0,0.0,0.06575,-0.03419,0.18124,0.00157,0.959
5230.36,index_price,1555498740113,open,0.03,196.5,0.03306931,0.05483822,0.03236626,48.87,0.034,0,BTC-26APR19-5250-P,5230.36,46.67,0.031,6.2,0.034,6.6,51.5,3.25364,-8.95733,-0.68272,0.001,-0.50442
168.52,ETH-28JUN19,1555498740120,open,0.24,1711.0,0.232157,0.325598,0.247267,69.46,0.286,0.0,ETH-28JUN19-200-P,166.33,66.22,0.242,54.0,0.251,54.0,71.74,0.27524,-0.133,-0.29974,0.00709,-0.65596
170.96,ETH-27SEP19,1555498740120,open,1.36,0.0,1.343412,1.378942,1.36282,83.56,None,0.0,ETH-27SEP19-400-P,166.33,0.0,0.001,9.0,0.0,0.0,0.0,0.21025,-0.05393,-1.72107,0.00193,-0.89319
170.96,ETH-27SEP19,1555498740123,open,0.79,10.0,0.773861,0.838777,0.799329,76.02,0.781,0.0,ETH-27SEP19-300-P,166.33,0.0,0.004,4.0,0.807,1.0,80.04,0.31651,-0.07386,-1.22263,0.00319,-0.80332
166.33,index_price,1555498740123,open,0.0,1001.0,0.000583,0.00773,0.002465,81.42,0.008,0,ETH-19APR19-180-C,166.33,66.41,0.001,300.0,0.004,450.0,92.91,0.0198,-0.41007,0.00077,0.0171,0.09275
5230.36,index_price,1555498740121,open,0.03,196.5,0.03306931,0.05483822,0.03236422,48.87,0.034,0,BTC-26APR19-5250-P,5230.36,46.67,0.031,6.2,0.034,6.2,51.5,3.25364,-8.95733,-0.68272,0.001,-0.50442
5230.36,index_price,1555498740130,open,0.14,967.5,0.14037934,0.14750073,0.14145381,58.91,0.138,0,BTC-26APR19-4500-C,5230.36,44.8,0.14,9.1,0.143,6.4,67.53,0.78936,-2.61973,1.03322,0.0002,0.95382
168.52,ETH-28JUN19,1555498740137,open,0.26,325.0,0.248905,0.314614,0.258053,68.98,0.268,0.0,ETH-28JUN19-130-C,166.33,0.0,0.14,50.0,0.7,1.0,427.2,0.18079,-0.08676,0.19363,0.00469,0.84155
168.52,ETH-28JUN19,1555498740137,open,0.31,25.0,0.29863,0.351966,0.305797,69.74,0.315,0.0,ETH-28JUN19-120-C,166.33,0.0,0.002,10.0,0.0,0.0,0.0,0.13626,-0.0661,0.19543,0.00349,0.89471
170.96,ETH-27SEP19,1555498740137,open,0.29,635.0,0.270086,0.362987,0.298409,70.74,0.303,0.0,ETH-27SEP19-200-P,166.33,69.08,0.294,44.0,0.306,104.0,73.6,0.45352,-0.09849,-0.63818,0.00492,-0.53813
5230.36,index_price,1555498740136,open,0.02,39.6,0.01628111,0.03485232,0.01504386,45.66,0.0145,0,BTC-19APR19-5250-P,5230.36,40.23,0.0135,9.3,0.0155,0.1,47.26,1.48862,-18.11985,-0.14894,0.00232,-0.53909
166.33,index_price,1555498740147,open,0.14,841.0,0.14232,0.144288,0.143368,102.0,0.144,0,ETH-19APR19-190-P,166.33,0.0,0.139,50.0,0.146,50.0,132.32,0.0097,-0.26381,-0.00945,0.00669,-0.96272
170.96,ETH-27SEP19,1555498740151,open,1.24,1.0,1.227833,1.268158,1.248712,82.27,1.285,0.0,ETH-27SEP19-380-P,166.33,0.0,0.161,1.0,0.0,0.0,0.0,0.22748,-0.05745,-1.62451,0.00212,-0.88073
166.33,index_price,1555498740162,open,0.08,684.0,0.082769,0.089916,0.084651,81.42,0.076,0,ETH-19APR19-180-P,166.33,0.0,0.08,50.0,0.087,50.0,98.23,0.0198,-0.42973,-0.00848,0.0171,-0.90725
5230.36,index_price,1555498740163,open,0.08,48.0,0.07109533,0.11925226,0.07684651,54.17,0.079,0,BTC-31MAY19-5250-P,5230.36,52.83,0.075,10.2,0.0795,14.2,56.09,7.21472,-4.4537,-3.44149,0.00041,-0.47053
170.96,ETH-27SEP19,1555498740170,open,0.91,1.0,0.885445,0.943496,0.910795,78.1,0.93,0.0,ETH-27SEP19-320-P,166.33,0.0,0.003,6.0,0.934,1.0,90.44,0.2927,-0.07018,-1.32541,0.00287,-0.82657
5230.36,index_price,1555498740175,open,0.01,265.5,0.01252611,0.03109732,0.01128886,45.65,0.008,0,BTC-19APR19-5250-C,5230.36,42.88,0.0105,5.4,0.0125,6.3,49.91,1.48862,-18.11442,0.12085,0.00232,0.4609
5230.36,index_price,1555498740183,open,0.01,265.5,0.01252611,0.03109732,0.01128886,45.65,0.008,0,BTC-19APR19-5250-C,5230.36,42.88,0.0105,5.4,0.0125,5.6,49.91,1.48862,-18.11442,0.12085,0.00232,0.4609
5230.36,index_price,1555498740189,open,0.11,21.7,0.09957876,0.14767223,0.1053266,54.23,0.135,0,BTC-31MAY19-5500-P,5230.36,52.52,0.103,4.5,0.1085,4.2,56.56,7.12661,-4.40436,-4.23847,0.0004,-0.5688
170.96,ETH-27SEP19,1555498740195,open,1.13,0.0,1.112812,1.158495,1.134861,80.68,None,0.0,ETH-27SEP19-360-P,166.33,0.0,0.01,4.0,1.149,1.0,89.66,0.24547,-0.0608,-1.52716,0.00233,-0.86696
5230.36,index_price,1555498740196,open,0.11,21.7,0.09957876,0.14767223,0.1053266,54.23,0.135,0,BTC-31MAY19-5500-P,5230.36,52.52,0.103,4.5,0.1085,4.1,56.56,7.12661,-4.40436,-4.23847,0.0004,-0.5688
170.96,ETH-27SEP19,1555498740203,open,0.35,77.0,0.332443,0.391581,0.348211,70.09,0.368,0.0,ETH-27SEP19-120-C,166.33,0.0,0.002,6.0,0.0,0.0,0.0,0.27909,-0.06005,0.37435,0.00305,0.83892
170.96,ETH-27SEP19,1555498740203,open,0.54,0.0,0.53508,0.555761,0.54206,75.94,None,0.0,ETH-27SEP19-80-C,166.33,0.0,0.001,4.0,0.0,0.0,0.0,0.09843,-0.02295,0.31883,0.00099,0.95999
168.52,ETH-28JUN19,1555498740203,open,1.14,0.0,1.136492,1.158218,1.14493,95.1,None,0.0,ETH-28JUN19-360-P,166.33,0.0,0.002,2.0,0.0,0.0,0.0,0.08459,-0.05596,-0.69315,0.00159,-0.94383
170.96,ETH-27SEP19,1555498740203,open,0.38,356.0,0.359164,0.449438,0.386025,70.76,0.385,0.0,ETH-27SEP19-220-P,166.33,67.2,0.377,35.0,0.397,60.0,75.04,0.43592,-0.09469,-0.76507,0.00472,-0.61684
166.33,index_price,1555498740203,open,0.2,199.0,0.202429,0.202827,0.202622,105.0,0.225,0,ETH-19APR19-200-P,166.33,0.0,0.194,74.0,0.208,20.0,186.08,0.0026,-0.07271,-0.01021,0.00174,-0.99206
166.33,index_price,1555498740203,open,0.22,94.0,0.218421,0.21845,0.218431,105.0,0.2,0,ETH-19APR19-130-C,166.33,0.0,0.001,100.0,0.303,1.0,500.0,0.0002,-0.00553,0.00668,0.00013,0.99954
166.33,index_price,1555498740203,open,0.32,50.0,0.322672,0.32268,0.322674,105.0,0.341,0,ETH-19APR19-220-P,166.33,0.0,0.313,46.0,0.33,46.0,269.69,5e-05,-0.00154,-0.0113,4e-05,-0.99988
170.96,ETH-27SEP19,1555498740216,open,0.44,0.0,0.427756,0.467322,0.43881,71.72,None,0.0,ETH-27SEP19-100-C,166.33,0.0,0.001,6.0,0.0,0.0,0.0,0.18097,-0.03984,0.36168,0.00193,0.91291
166.33,index_price,1555498740217,open,0.0,774.0,1.3e-05,0.00198,0.001061,102.0,0.002,0,ETH-19APR19-190-C,166.33,0.0,0.0,0.0,0.002,245.0,115.24,0.0097,-0.17647,0.00031,0.00669,0.03728
5241.96,BTC-27SEP19,1555498740224,open,0.07,903.0,0.0494758,0.11237626,0.07408281,64.65,0.069,0.0,BTC-27SEP19-7000-C,5230.36,61.47,0.0665,10.0,0.0705,5.2,63.16,12.60339,-2.50147,5.86992,0.00016,0.32502
5230.36,index_price,1555498740241,open,0.0,110.6,3.769e-05,0.00469665,0.00071936,74.5,0.0005,0,BTC-19APR19-4750-P,5230.36,69.96,0.0005,127.7,0.001,13.3,79.25,0.28008,-3.76316,-0.00922,0.00027,-0.03359
168.52,ETH-28JUN19,1555498740245,open,1.37,0.0,1.373669,1.387849,1.37982,99.17,None,0.0,ETH-28JUN19-400-P,166.33,0.0,0.002,2.0,0.0,0.0,0.0,0.06518,-0.04497,-0.77628,0.00118,-0.95943
166.33,index_price,1555498740247,open,0.22,0.0,0.21853,0.224555,0.21934,78.95,None,0,ETH-26APR19-130-C,166.33,0.0,0.0,0.0,0.295,1.0,298.37,0.01232,-0.05479,0.03078,0.00232,0.98045
166.33,index_price,1555498740253,open,0.0,10.0,5e-06,0.002058,0.000482,92.11,0.001,0,ETH-26APR19-120-P,166.33,0.0,0.0,0.0,0.001,5.0,102.11,0.00662,-0.03435,-0.0004,0.00107,-0.00952
5230.36,index_price,1555498740251,open,0.05,71.4,0.04802591,0.09611938,0.05377374,54.23,0.055,0,BTC-31MAY19-5500-C,5230.36,51.82,0.0505,4.9,0.0565,18.2,56.23,7.12659,-4.4041,2.37291,0.0004,0.43119
5230.36,index_price,1555498740256,open,0.05,71.4,0.04802591,0.09611938,0.05377374,54.23,0.055,0,BTC-31MAY19-5500-C,5230.36,51.82,0.0505,4.9,0.0565,18.1,56.23,7.12659,-4.4041,2.37291,0.0004,0.43119
168.52,ETH-28JUN19,1555498740279,open,0.9,0.0,0.89985,0.933199,0.910241,88.32,None,0.0,ETH-28JUN19-320-P,166.33,0.0,0.002,15.0,0.0,0.0,0.0,0.10575,-0.06497,-0.60906,0.00214,-0.9251
5241.96,BTC-27SEP19,1555498740281,open,0.14,35.4,0.11793425,0.18353077,0.13405315,60.36,0.1505,0.0,BTC-27SEP19-5000-P,5230.36,58.76,0.13,3.5,0.138,4.9,61.91,13.27747,-2.46014,-11.90612,0.00018,-0.37494
166.33,index_price,1555498740300,open,0.0,120.0,0.0,1e-06,0.0,105.0,0.001,0,ETH-19APR19-120-P,166.33,0.0,0.0,0.0,0.002,201.0,248.89,0.0,-2e-05,0.0,0.0,-1e-05
168.52,ETH-28JUN19,1555498740312,open,0.45,1686.0,0.437706,0.510636,0.453463,75.18,0.449,0.0,ETH-28JUN19-240-P,166.33,63.61,0.441,31.0,0.462,31.0,82.05,0.20024,-0.10473,-0.42063,0.00476,-0.81406
168.52,ETH-28JUN19,1555498740314,open,1.96,0.0,1.967009,1.972088,1.969607,105.0,None,0.0,ETH-28JUN19-500-P,166.33,0.0,0.002,2.0,0.0,0.0,0.0,0.03281,-0.02397,-0.97955,0.00056,-0.98218
170.96,ETH-27SEP19,1555498740314,open,0.69,0.0,0.664443,0.736443,0.691339,74.81,None,0.0,ETH-27SEP19-280-P,166.33,0.0,0.003,6.0,0.725,2.0,90.16,0.34716,-0.07973,-1.11448,0.00356,-0.76955
5230.36,index_price,1555498740314,open,0.01,12.4,0.00234762,0.02326965,0.00682403,61.51,0.006,0,BTC-31MAY19-7250-C,5230.36,57.58,0.005,20.5,0.008,4.5,63.76,2.62295,-1.83857,0.44219,0.00013,0.07716
5230.36,index_price,1555498740318,open,0.0,15.0,0.00153844,0.01604799,0.00397523,59.67,0.004,0,BTC-31MAY19-3750-P,5230.36,56.38,0.003,25.5,0.0045,4.0,61.25,1.67143,-1.13647,-0.29827,9e-05,-0.04346
168.52,ETH-28JUN19,1555498740327,open,0.34,1136.0,0.330629,0.414989,0.345961,71.65,0.358,0.0,ETH-28JUN19-220-P,166.33,63.5,0.335,40.0,0.351,1.0,75.18,0.23684,-0.11804,-0.36422,0.00591,-0.75158
168.52,ETH-28JUN19,1555498740327,open,0.67,0.0,0.665224,0.715731,0.677853,80.99,None,0.0,ETH-28JUN19-280-P,166.33,0.0,0.002,15.0,0.0,0.0,0.0,0.1395,-0.0786,-0.52069,0.00308,-0.89121
5234.83,BTC-28JUN19,1555498740328,open,0.01,1186.0,0.00292911,0.0195919,0.01120793,65.15,0.0125,0.0,BTC-28JUN19-8000-C,5230.36,63.47,0.01,10.0,0.013,4.2,67.49,3.86602,-1.75221,0.84346,0.00011,0.09303
168.52,ETH-28JUN19,1555498740329,open,0.56,0.0,0.549979,0.611237,0.564132,77.88,None,0.0,ETH-28JUN19-260-P,166.33,0.0,0.002,15.0,0.0,0.0,0.0,0.16617,-0.09003,-0.47271,0.00382,-0.86034
170.96,ETH-27SEP19,1555498740329,open,1.02,0.0,0.998577,1.050182,1.021839,79.12,None,0.0,ETH-27SEP19-340-P,166.33,0.0,0.003,6.0,1.04,1.0,89.71,0.26625,-0.06467,-1.42801,0.00258,-0.85002
166.33,index_price,1555498740329,open,0.0,216.0,0.0,0.000502,0.000261,105.0,0.002,0,ETH-19APR19-140-P,166.33,0.0,0.0,0.0,0.001,111.0,128.35,0.00317,-0.04334,-9e-05,0.00212,-0.00998
166.33,index_price,1555498740329,open,0.0,325.0,0.0,8e-06,2e-06,105.0,0.001,0,ETH-19APR19-220-C,166.33,0.0,0.0,0.0,0.001,350.0,186.07,5e-05,-0.00035,0.0,4e-05,0.00012
166.33,index_price,1555498740329,open,0.28,1.0,0.278543,0.278543,0.278543,105.0,0.268,0,ETH-19APR19-120-C,166.33,0.0,0.001,100.0,0.37,1.0,500.0,0.0,-9e-05,0.00617,0.0,0.99999
5241.96,BTC-27SEP19,1555498740339,open,0.03,324.4,0.01373862,0.05579716,0.03111472,66.55,0.034,0.0,BTC-27SEP19-9000-C,5230.36,65.24,0.029,25.0,0.033,5.0,67.7,8.52811,-1.74239,3.0203,0.0001,0.16023
5230.36,index_price,1555498740341,open,0.0,464.5,0.00032658,0.00599817,0.00194181,66.22,0.0015,0,BTC-26APR19-6250-C,5230.36,63.13,0.0015,8.0,0.002,5.0,66.6,0.8028,-2.99495,0.05751,0.00018,0.04716
5230.36,index_price,1555498740344,open,0.01,30.8,0.00397684,0.02524213,0.0071789,57.5,0.008,0,BTC-31MAY19-4000-P,5230.36,54.98,0.006,50.0,0.008,4.7,59.14,2.54717,-1.66909,-0.51192,0.00013,-0.07424
5230.36,index_price,1555498740345,open,0.01,212.4,0.01332586,0.03260571,0.01274507,48.87,0.0115,0,BTC-26APR19-5000-P,5230.36,45.4,0.011,6.4,0.013,0.6,49.37,2.66955,-7.34913,-0.35277,0.00082,-0.26462
170.96,ETH-27SEP19,1555498740347,open,1.82,0.0,1.808719,1.830022,1.823442,88.63,None,0.0,ETH-27SEP19-480-P,166.33,0.0,0.0,0.0,0.0,0.0,0.0,0.15978,-0.04347,-2.09761,0.00138,-0.92614
166.33,index_price,1555498740347,open,0.0,1780.0,0.00011,0.003929,0.000824,80.93,0.001,0,ETH-19APR19-150-P,166.33,0.0,0.0,0.0,0.002,400.0,97.04,0.00924,-0.13713,-0.00031,0.00803,-0.03514
5234.85,BTC-28JUN19,1555498740348,open,0.01,537.2,0.00069273,0.00939075,0.00662734,70.02,0.005,0.0,BTC-28JUN19-9000-C,5230.36,66.51,0.005,48.3,0.008,5.5,72.61,2.62363,-1.27791,0.50965,7e-05,0.05607
5234.85,BTC-28JUN19,1555498740363,open,0.01,537.2,0.00069273,0.00939075,0.00662734,70.02,0.005,0.0,BTC-28JUN19-9000-C,5230.36,66.51,0.005,48.3,0.008,5.4,72.61,2.62363,-1.27791,0.50965,7e-05,0.05607
5234.85,BTC-28JUN19,1555498740374,open,0.06,56.0,0.03831298,0.07706521,0.05580718,56.48,0.0685,0.0,BTC-28JUN19-4750-P,5230.36,55.63,0.0545,5.0,0.0595,9.6,58.85,8.12428,-3.19185,-3.70842,0.00027,-0.30393
5230.36,index_price,1555498740382,open,0.0,914.9,5.06e-06,0.0009228,0.00083854,83.76,0.001,0,BTC-26APR19-4000-P,5230.36,77.75,0.0005,22.1,0.0015,43.9,92.02,0.34499,-1.62786,-0.02277,6e-05,-0.01707
5234.85,BTC-28JUN19,1555498740384,open,0.13,45.2,0.10934717,0.1534625,0.12965112,56.54,0.1645,0.0,BTC-28JUN19-5500-P,5230.36,55.32,0.1275,4.5,0.133,5.0,58.43,9.24379,-3.63606,-6.78445,0.0003,-0.52848
5230.36,index_price,1555498740394,open,0.14,47.6,0.13270362,0.1788859,0.13808306,54.28,0.1435,0,BTC-31MAY19-5750-P,5230.36,53.03,0.1365,5.0,0.142,4.1,57.33,6.65329,-4.11519,-5.0104,0.00037,-0.65882
5230.36,index_price,1555498740409,open,0.14,47.6,0.13270362,0.1788859,0.13808306,54.28,0.1435,0,BTC-31MAY19-5750-P,5230.36,53.03,0.1365,5.0,0.1425,4.9,57.72,6.65329,-4.11519,-5.0104,0.00037,-0.65882
5241.98,BTC-27SEP19,1555498740425,open,0.12,701.7,0.09167698,0.16061215,0.11479975,62.78,0.1065,0.0,BTC-27SEP19-6000-C,5230.36,59.83,0.107,10.0,0.112,5.0,61.72,13.88176,-2.67525,7.96401,0.00018,0.45526
5230.36,index_price,1555498740436,open,0.0,687.2,8.424e-05,0.00300307,0.00103985,69.53,0.0015,0,BTC-26APR19-4250-P,5230.36,62.1,0.0005,36.0,0.002,15.4,78.22,0.46879,-1.83626,-0.03249,0.0001,-0.02451
5230.36,index_price,1555498740440,open,0.0,123.0,0.00467519,0.02131395,0.00429604,48.23,0.0025,0,BTC-19APR19-5375-C,5230.36,44.38,0.0035,0.1,0.005,7.0,51.48,1.11061,-14.27875,0.05802,0.00164,0.22015
5234.85,BTC-28JUN19,1555498740457,open,0.02,1419.4,0.01139612,0.0402576,0.02162847,60.23,0.0215,0.0,BTC-28JUN19-7000-C,5230.36,58.76,0.02,5.0,0.023,12.0,61.44,5.88204,-2.46452,1.53119,0.00018,0.17016
5230.36,index_price,1555498740468,open,0.0,112.4,0.00134035,0.01402773,0.0019014,54.69,0.002,0,BTC-19APR19-5500-C,5230.36,46.67,0.001,45.0,0.0025,12.9,59.06,0.67417,-9.82921,0.02728,0.00088,0.10339
5230.36,index_price,1555498740471,open,0.0,112.4,0.00134035,0.01402773,0.0019014,54.69,0.002,0,BTC-19APR19-5500-C,5230.36,46.67,0.001,45.0,0.0025,12.2,59.06,0.67417,-9.82921,0.02728,0.00088,0.10339
166.33,index_price,1555498740486,open,0.0,20.0,0.000109,0.006134,0.000919,78.96,0.003,0,ETH-26APR19-130-P,166.33,0.0,0.0,0.0,0.002,450.0,90.22,0.01232,-0.05479,-0.00083,0.00232,-0.01955
5230.36,index_price,1555498740490,open,0.02,66.0,0.01709158,0.05290509,0.02188948,55.28,0.0235,0,BTC-31MAY19-4500-P,5230.36,53.24,0.02,5.1,0.023,3.9,56.45,4.90936,-3.09261,-1.32763,0.00027,-0.18927
5234.85,BTC-28JUN19,1555498740492,open,0.12,787.9,0.11061855,0.15284661,0.12110419,56.21,0.118,0.0,BTC-28JUN19-5000-C,5230.36,55.57,0.12,4.2,0.1235,0.1,57.64,8.83612,-3.45542,5.15568,0.00029,0.62124
166.33,index_price,1555498740511,open,0.01,270.0,0.000942,0.01549,0.005053,83.51,0.006,0,ETH-26APR19-200-C,166.33,79.06,0.004,251.0,0.006,200.0,87.15,0.04158,-0.19561,0.00337,0.0074,0.08845
5230.36,index_price,1555498740524,open,0.0,1361.5,1.4e-07,0.00021752,0.00041358,91.83,0.0015,0,BTC-26APR19-3750-P,5230.36,0.0,0.0,0.0,0.001,20.1,103.82,0.18484,-0.95626,-0.01109,3e-05,-0.00831
5241.98,BTC-27SEP19,1555498740533,open,0.11,29.0,0.09448836,0.15719485,0.1099294,60.41,0.1165,0.0,BTC-27SEP19-4750-P,5230.36,59.4,0.1075,5.0,0.114,8.0,62.1,12.6472,-2.34545,-10.2393,0.00017,-0.3278
5230.36,index_price,1555498740544,open,0.0,399.6,6.899e-05,0.00312135,0.00108137,70.25,0.001,0,BTC-26APR19-6500-C,5230.36,62.72,0.0005,67.0,0.0015,13.6,74.14,0.50618,-2.00312,0.03279,0.00011,0.02686
5230.36,index_price,1555498740546,open,0.0,40.5,0.000492,0.00950992,0.00239584,63.46,0.0025,0,BTC-31MAY19-3500-P,5230.36,61.49,0.002,4.5,0.0025,3.6,63.94,1.11089,-0.80337,-0.18133,5e-05,-0.02644
5230.36,index_price,1555498740566,open,0.03,42.7,0.03232912,0.04896788,0.03194997,48.25,0.0365,0,BTC-19APR19-5375-P,5230.36,41.03,0.0305,0.1,0.0325,9.7,50.78,1.11088,-14.28762,-0.21817,0.00164,-0.77976
5241.98,BTC-27SEP19,1555498740580,open,0.09,25.2,0.07380438,0.13272799,0.0887596,60.68,0.0985,0.0,BTC-27SEP19-4500-P,5230.36,59.23,0.0855,3.5,0.0925,5.0,62.34,11.81253,-2.20049,-8.65475,0.00016,-0.28123
5241.98,BTC-27SEP19,1555498740586,open,0.01,336.1,0.00181173,0.0136242,0.00727287,69.26,0.0085,0.0,BTC-27SEP19-2500-P,5230.36,65.43,0.0055,27.9,0.009,11.3,72.53,2.60975,-0.55484,-0.95364,3e-05,-0.0335
5241.98,BTC-27SEP19,1555498740588,open,0.01,336.1,0.00181173,0.0136242,0.00727287,69.26,0.0085,0.0,BTC-27SEP19-2500-P,5230.36,65.43,0.0055,27.9,0.009,11.2,72.53,2.60975,-0.55484,-0.95364,3e-05,-0.0335
5230.36,index_price,1555498740590,open,0.0,238.9,0.00131458,0.01103004,0.00285469,58.61,0.004,0,BTC-26APR19-6000-C,5230.36,54.28,0.002,9.0,0.0035,8.6,61.46,1.12701,-3.72137,0.08879,0.00029,0.07267
5230.36,index_price,1555498740602,open,0.0,238.9,0.00131458,0.01103004,0.00285469,58.61,0.004,0,BTC-26APR19-6000-C,5230.36,54.28,0.002,9.0,0.0035,8.3,61.46,1.12701,-3.72137,0.08879,0.00029,0.07267
5230.36,index_price,1555498740606,open,0.01,196.5,0.00444636,0.01934616,0.00547621,53.16,0.0055,0,BTC-26APR19-5750-C,5230.36,50.17,0.0045,0.5,0.006,9.5,54.68,1.77459,-5.31442,0.16527,0.0005,0.13542
5230.36,index_price,1555498740613,open,0.04,63.1,0.04579099,0.05885636,0.04541687,46.87,0.0405,0,BTC-19APR19-5000-C,5230.36,36.71,0.0445,9.7,0.047,12.3,58.48,0.5953,-7.43718,0.23311,0.0009,0.91268
5230.36,index_price,1555498740619,open,0.04,63.1,0.04579099,0.05885636,0.04541687,46.87,0.0405,0,BTC-19APR19-5000-C,5230.36,36.71,0.0445,9.7,0.047,11.6,58.48,0.5953,-7.43718,0.23311,0.0009,0.91268
5234.85,BTC-28JUN19,1555498740648,open,0.0,690.3,1.725e-05,0.0010481,0.00196438,82.17,0.002,0.0,BTC-28JUN19-2500-P,5230.36,78.9,0.0015,40.0,0.0025,5.2,85.38,0.80763,-0.46165,-0.16027,2e-05,-0.01358
5230.36,index_price,1555498740659,open,0.09,875.6,0.09571229,0.10906195,0.09638547,52.34,0.0955,0,BTC-26APR19-4750-C,5230.36,49.22,0.0955,0.9,0.098,6.8,57.49,1.54403,-4.55301,1.00805,0.00044,0.88896
5230.36,index_price,1555498740665,open,0.09,875.6,0.09571229,0.10906195,0.09638547,52.34,0.0955,0,BTC-26APR19-4750-C,5230.36,49.22,0.0955,0.9,0.098,6.5,57.49,1.54403,-4.55301,1.00805,0.00044,0.88896
5230.36,index_price,1555498740672,open,0.02,121.1,0.02644801,0.04360588,0.02557313,46.31,0.0265,0,BTC-19APR19-5125-C,5230.36,41.65,0.0245,6.7,0.0265,3.0,50.22,1.2269,-15.14589,0.19082,0.00188,0.73551
5234.83,BTC-28JUN19,1555498740683,open,0.01,1186.0,0.00292911,0.0195919,0.01120793,65.15,0.0125,0.0,BTC-28JUN19-8000-C,5230.36,63.47,0.01,10.1,0.013,4.2,67.49,3.86602,-1.75221,0.84346,0.00011,0.09303
5230.36,index_price,1555498740678,open,0.02,121.1,0.02644801,0.04360588,0.02557313,46.31,0.0265,0,BTC-19APR19-5125-C,5230.36,41.65,0.0245,6.7,0.027,8.0,52.28,1.2269,-15.14589,0.19082,0.00188,0.73551
5234.85,BTC-28JUN19,1555498740698,open,0.04,97.6,0.03020852,0.06503358,0.04009215,57.43,0.04,0.0,BTC-28JUN19-4500-P,5230.36,55.51,0.0375,5.6,0.042,5.0,58.82,7.14634,-2.85489,-2.84058,0.00023,-0.23546
5230.36,index_price,1555498740736,open,0.13,10.8,0.12170777,0.1635569,0.12645267,54.17,0.105,0,BTC-31MAY19-4750-C,5230.36,51.59,0.1235,5.0,0.128,3.9,55.51,6.01774,-3.71455,3.78231,0.00034,0.72803
166.33,index_price,1555498740753,open,0.26,0.0,0.256678,0.26609,0.259552,88.34,None,0.2,ETH-26APR19-210-P,166.33,0.0,0.253,57.0,0.27,57.0,126.74,0.02931,-0.03619,-0.04867,0.00493,-0.94389
5230.36,index_price,1555498740743,open,0.07,37.4,0.06734033,0.11549726,0.07309151,54.17,0.0695,0,BTC-31MAY19-5250-C,5230.36,52.29,0.0705,4.1,0.075,5.0,55.55,7.21473,-4.45348,2.8694,0.00041,0.52947
166.33,index_price,1555498740774,open,0.21,0.0,0.203371,0.217919,0.207482,83.51,None,0,ETH-26APR19-200-P,166.33,0.0,0.195,73.0,0.211,73.0,95.86,0.04158,-0.19561,-0.04526,0.0074,-0.91155
5234.85,BTC-28JUN19,1555498740776,open,0.01,64.4,0.00330779,0.01884346,0.0120879,61.2,0.015,0.0,BTC-28JUN19-3750-P,5230.36,58.86,0.0105,10.0,0.0135,14.8,63.17,3.65522,-1.55619,-1.01396,0.00011,-0.08627
5230.36,index_price,1555498740785,open,0.01,131.1,0.00879293,0.03744939,0.0128525,56.18,0.014,0,BTC-31MAY19-4250-P,5230.36,54.22,0.0115,5.0,0.014,4.8,57.79,3.679,-2.3555,-0.85054,0.0002,-0.12243
5241.98,BTC-27SEP19,1555498740793,open,0.18,779.6,0.1640943,0.22969063,0.18021315,60.35,0.1715,0.0,BTC-27SEP19-5000-C,5230.36,58.69,0.176,3.0,0.1845,7.8,62.05,13.2775,-2.46,10.40587,0.00018,0.62506
5234.85,BTC-28JUN19,1555498740799,open,0.05,2323.7,0.03897776,0.08036095,0.04938992,56.54,0.051,0.0,BTC-28JUN19-6000-C,5230.36,55.99,0.0485,5.4,0.0515,11.0,57.84,8.49097,-3.33937,2.97364,0.00028,0.33785
5234.83,BTC-28JUN19,1555498740819,open,0.02,245.6,0.01055985,0.03417745,0.01841923,59.48,0.024,0.0,BTC-28JUN19-4000-P,5230.36,57.9,0.017,10.5,0.02,4.9,61.18,4.77662,-1.97632,-1.47639,0.00015,-0.1248
5234.83,BTC-28JUN19,1555498740826,open,0.08,213.3,0.06575744,0.10798568,0.07624313,56.22,0.0805,0.0,BTC-28JUN19-5000-P,5230.36,55.48,0.075,4.9,0.078,1.0,57.26,8.83616,-3.45596,-4.69056,0.00029,-0.37877
5230.36,index_price,1555498740852,open,0.16,9.7,0.15673015,0.19254366,0.16152805,55.27,0.14,0,BTC-31MAY19-4500-C,5230.36,51.43,0.158,5.0,0.1625,4.7,56.31,4.90917,-3.0923,4.0818,0.00027,0.81074
5234.83,BTC-28JUN19,1555498740863,open,0.0,869.7,0.00032555,0.00487179,0.00343704,70.17,0.0015,0.0,BTC-28JUN19-3000-P,5230.36,66.34,0.0025,23.9,0.0045,3.3,73.84,1.40184,-0.6843,-0.30319,4e-05,-0.02597
5230.36,index_price,1555498740865,open,0.03,911.5,0.02931431,0.05108322,0.02860922,48.86,0.0275,0,BTC-26APR19-5250-C,5230.36,47.08,0.0275,5.2,0.0295,0.1,50.3,3.25364,-8.95619,0.59392,0.001,0.49558
5230.36,index_price,1555498740881,open,0.01,8.5,0.00382894,0.02881232,0.00920416,60.71,0.008,0,BTC-31MAY19-7000-C,5230.36,58.68,0.008,2.5,0.0105,10.3,62.77,3.19212,-2.2086,0.57346,0.00016,0.10041
5234.83,BTC-28JUN19,1555498740885,open,0.0,66.2,0.00044317,0.00656859,0.00504332,66.16,0.004,0.0,BTC-28JUN19-3250-P,5230.36,63.15,0.004,10.0,0.0065,14.4,69.84,1.93348,-0.88987,-0.44711,5e-05,-0.03833
5241.98,BTC-27SEP19,1555498740895,open,0.02,616.4,0.007092,0.03023336,0.0156131,65.5,0.0175,0.0,BTC-27SEP19-3000-P,5230.36,63.61,0.014,6.0,0.018,4.7,68.15,4.57441,-0.9198,-1.94541,6e-05,-0.06755
5234.83,BTC-28JUN19,1555498740907,open,0.18,208.2,0.17058268,0.20540808,0.18046643,57.42,0.1745,0.0,BTC-28JUN19-4500-C,5230.36,55.24,0.1775,9.4,0.1825,5.0,58.91,7.14601,-2.8543,6.02112,0.00023,0.76456
5241.96,BTC-27SEP19,1555498740947,open,0.02,17.5,0.0121155,0.04176528,0.02211611,64.15,0.0225,0.0,BTC-27SEP19-3250-P,5230.36,62.19,0.02,6.0,0.025,10.9,66.71,5.77033,-1.13638,-2.66457,7e-05,-0.0918
5230.36,index_price,1555498740949,open,0.07,134.4,0.06407961,0.08382398,0.06486836,51.52,0.0705,0,BTC-26APR19-5500-P,5230.36,46.91,0.0625,6.1,0.066,0.4,53.66,2.74126,-7.95598,-0.9994,0.0008,-0.7209
5230.36,index_price,1555498740957,open,0.01,16.5,0.00614271,0.03556895,0.01169616,58.87,0.0115,0,BTC-31MAY19-6750-C,5230.36,57.16,0.0105,5.5,0.013,4.2,60.65,3.7447,-2.51216,0.71591,0.00019,0.12556
170.96,ETH-27SEP19,1555498740959,open,0.0,120.0,0.000328,0.007474,0.003376,81.98,0.01,0.0,ETH-27SEP19-60-P,166.33,75.43,0.002,258.0,0.005,414.0,87.86,0.04179,-0.01052,-0.01357,0.00039,-0.01441
170.96,ETH-27SEP19,1555498740961,open,0.0,120.0,0.000328,0.007474,0.003376,81.98,0.01,0.0,ETH-27SEP19-60-P,166.33,75.43,0.002,258.0,0.005,413.0,87.86,0.04179,-0.01052,-0.01357,0.00039,-0.01441
166.33,index_price,1555498740973,open,0.0,508.0,0.000253,0.009665,0.003127,88.34,0.006,0.2,ETH-26APR19-210-C,166.33,81.13,0.002,450.0,0.004,250.0,92.96,0.02931,-0.1507,0.00214,0.00493,0.05611
168.52,ETH-28JUN19,1555498740977,open,0.0,1791.0,2e-06,0.005081,0.0026,105.0,0.004,0.0,ETH-28JUN19-500-C,166.33,106.96,0.003,261.0,0.005,171.0,114.73,0.03281,-0.02397,0.00505,0.00056,0.01782
168.52,ETH-28JUN19,1555498740978,open,0.0,1791.0,2e-06,0.005081,0.0026,105.0,0.004,0.0,ETH-28JUN19-500-C,166.33,106.96,0.003,261.0,0.005,170.0,114.73,0.03281,-0.02397,0.00505,0.00056,0.01782
168.52,ETH-28JUN19,1555498740984,open,0.15,1069.0,0.13045,0.22258,0.144968,68.64,0.134,0.0,ETH-28JUN19-160-C,166.33,66.28,0.141,98.0,0.148,90.0,70.45,0.28321,-0.13524,0.1598,0.00738,0.62651
5241.98,BTC-27SEP19,1555498741000,open,0.17,66.5,0.13928768,0.35166285,0.1739433,61.01,0.1715,0.0,BTC-27DEC19-5000-P,5230.36,60.07,0.171,5.0,0.178,5.0,62.31,16.42015,-1.97313,-19.62041,0.00014,-0.36418
170.96,ETH-27SEP19,1555498741006,open,0.09,208.0,0.072313,0.162587,0.099174,70.76,0.092,0.0,ETH-27SEP19-220-C,166.33,69.51,0.096,101.0,0.104,180.0,72.65,0.43592,-0.09469,0.21665,0.00472,0.38316
170.96,ETH-27SEP19,1555498741028,open,0.06,566.0,0.037212,0.11618,0.061078,71.74,0.065,0.0,ETH-27SEP19-260-C,166.33,71.71,0.061,102.0,0.068,180.0,74.88,0.37238,-0.08201,0.15379,0.00398,0.26266
168.52,ETH-28JUN19,1555498741050,open,0.09,2264.0,0.07877,0.175895,0.094256,68.78,0.097,0.0,ETH-28JUN19-180-C,166.33,67.51,0.092,84.0,0.098,90.0,70.9,0.29774,-0.14246,0.12627,0.00774,0.47476
168.52,ETH-28JUN19,1555498741065,open,0.12,685.0,0.102038,0.197923,0.117246,68.64,0.11,0.0,ETH-28JUN19-170-C,166.33,66.8,0.114,108.0,0.121,90.0,70.78,0.29607,-0.14138,0.14334,0.00771,0.54919
170.96,ETH-27SEP19,1555498741084,open,0.14,1251.0,0.123756,0.21022,0.148705,70.03,0.138,0.0,ETH-27SEP19-160-P,166.33,68.94,0.146,110.0,0.15,180.0,70.55,0.42458,-0.09127,-0.38323,0.00465,-0.35363
168.52,ETH-28JUN19,1555498741100,open,0.03,1425.0,0.020326,0.086036,0.029475,68.98,0.034,0.0,ETH-28JUN19-130-P,166.33,66.65,0.027,120.0,0.032,229.0,71.31,0.18079,-0.08676,-0.06236,0.00469,-0.15845
166.33,index_price,1555498741117,open,0.15,95.0,0.145797,0.167741,0.151322,77.99,0.189,0,ETH-26APR19-190-P,166.33,60.83,0.146,50.0,0.152,50.0,79.82,0.06068,-0.26659,-0.04047,0.01156,-0.84924
170.96,ETH-27SEP19,1555498741109,open,0.05,1627.0,0.034361,0.093499,0.05013,70.09,0.05,0.0,ETH-27SEP19-120-P,166.33,69.4,0.049,111.0,0.052,180.0,71.23,0.27909,-0.06005,-0.16113,0.00305,-0.16108
170.96,ETH-27SEP19,1555498741130,open,0.02,57.0,0.001044,0.022348,0.015767,88.63,0.018,0.0,ETH-27SEP19-480-C,166.33,85.51,0.013,438.0,0.018,168.0,90.93,0.15978,-0.04347,0.04432,0.00138,0.07386
170.96,ETH-27SEP19,1555498741147,open,0.02,57.0,0.001044,0.022348,0.015767,88.63,0.018,0.0,ETH-27SEP19-480-C,166.33,85.51,0.013,438.0,0.018,167.0,90.93,0.15978,-0.04347,0.04432,0.00138,0.07386
168.52,ETH-28JUN19,1555498741179,open,0.01,255.0,0.000966,0.034315,0.011357,88.32,0.015,0.0,ETH-28JUN19-320-C,166.33,86.08,0.01,10.0,0.013,498.0,90.84,0.10575,-0.06497,0.02109,0.00214,0.0749
168.52,ETH-28JUN19,1555498741185,open,0.04,2650.0,0.034714,0.111474,0.045896,68.65,0.058,0.0,ETH-28JUN19-140-P,166.33,65.69,0.042,222.0,0.048,120.0,70.23,0.22334,-0.10667,-0.08935,0.00582,-0.22335
166.33,index_price,1555498741199,open,0.0,1.0,0.001101,0.01472,0.002257,68.83,0.008,0,ETH-26APR19-140-P,166.33,59.0,0.001,161.0,0.004,400.0,78.3,0.02612,-0.10129,-0.00205,0.00564,-0.04853
168.52,ETH-28JUN19,1555498741235,open,0.01,69.0,0.000248,0.021973,0.008685,95.1,0.009,0.0,ETH-28JUN19-360-C,166.33,93.7,0.008,4.0,0.009,92.0,95.72,0.08459,-0.05596,0.01576,0.00159,0.05617
168.52,ETH-28JUN19,1555498741252,open,0.06,1734.0,0.045354,0.138795,0.060464,69.46,0.062,0.0,ETH-28JUN19-200-C,166.33,67.95,0.058,205.0,0.064,120.0,71.62,0.27524,-0.133,0.0941,0.00709,0.34404
168.52,ETH-28JUN19,1555498741262,open,0.02,1940.0,0.007136,0.068393,0.021289,77.88,0.023,0.0,ETH-28JUN19-260-C,166.33,75.51,0.019,264.0,0.024,300.0,80.56,0.16617,-0.09003,0.03928,0.00382,0.13966
168.52,ETH-28JUN19,1555498741291,open,0.01,1225.0,0.004942,0.045606,0.010334,71.18,0.013,0.0,ETH-28JUN19-110-P,166.33,66.82,0.008,300.0,0.012,108.0,74.01,0.09563,-0.04735,-0.02524,0.0024,-0.06572
168.52,ETH-28JUN19,1555498741295,open,0.22,339.0,0.203952,0.280712,0.215134,68.65,0.19,0.0,ETH-28JUN19-140-C,166.33,66.27,0.212,111.0,0.219,112.0,71.55,0.22334,-0.10667,0.18634,0.00582,0.77665
168.52,ETH-28JUN19,1555498741300,open,0.22,339.0,0.203952,0.280712,0.215134,68.65,0.19,0.0,ETH-28JUN19-140-C,166.33,66.27,0.212,111.0,0.219,110.0,71.55,0.22334,-0.10667,0.18634,0.00582,0.77665
166.33,index_price,1555498741306,open,0.06,15.0,0.058731,0.090745,0.06159,65.08,0.059,0,ETH-26APR19-160-C,166.33,64.03,0.061,241.0,0.064,95.0,69.31,0.09421,-0.34538,0.02451,0.02152,0.66752
166.33,index_price,1555498741313,open,0.06,15.0,0.058731,0.090745,0.06159,65.08,0.059,0,ETH-26APR19-160-C,166.33,64.03,0.061,241.0,0.064,94.0,69.31,0.09421,-0.34538,0.02451,0.02152,0.66752
168.52,ETH-28JUN19,1555498741322,open,0.18,392.0,0.164386,0.250101,0.177545,68.65,0.179,0.0,ETH-28JUN19-150-C,166.33,66.34,0.174,92.0,0.181,94.0,70.9,0.25863,-0.12352,0.17453,0.00674,0.70349
168.52,ETH-28JUN19,1555498741333,open,0.18,392.0,0.164386,0.250101,0.177545,68.65,0.179,0.0,ETH-28JUN19-150-C,166.33,66.34,0.174,92.0,0.181,92.0,70.9,0.25863,-0.12352,0.17453,0.00674,0.70349
170.96,ETH-27SEP19,1555498741344,open,0.38,356.0,0.359164,0.449438,0.386025,70.76,0.385,0.0,ETH-27SEP19-220-P,166.33,67.99,0.379,35.0,0.397,60.0,75.04,0.43592,-0.09469,-0.76507,0.00472,-0.61684
166.33,index_price,1555498741357,open,0.02,352.0,0.010809,0.040366,0.015485,69.82,0.015,0,ETH-26APR19-180-C,166.33,66.8,0.014,292.0,0.017,149.0,72.84,0.08262,-0.32497,0.00953,0.01759,0.25112
166.33,index_price,1555498741363,open,0.02,352.0,0.010809,0.040366,0.015485,69.82,0.015,0,ETH-26APR19-180-C,166.33,66.8,0.014,292.0,0.017,146.0,72.84,0.08262,-0.32497,0.00953,0.01759,0.25112
166.33,index_price,1555498741383,open,0.02,105.0,0.020675,0.052688,0.023533,65.08,0.025,0,ETH-26APR19-160-P,166.33,60.58,0.021,200.0,0.024,170.0,65.9,0.09421,-0.34538,-0.0144,0.02152,-0.33248
170.96,ETH-27SEP19,1555498741385,open,0.16,274.0,0.137922,0.229945,0.164507,70.03,0.16,0.0,ETH-27SEP19-180-C,166.33,69.08,0.162,107.0,0.167,60.0,70.97,0.45213,-0.09719,0.2935,0.00495,0.54924
166.33,index_price,1555498741399,open,0.01,101.0,0.00349,0.025434,0.009015,77.99,0.011,0,ETH-26APR19-190-C,166.33,75.15,0.008,1.0,0.009,122.0,77.95,0.06068,-0.26659,0.00573,0.01156,0.15076
166.33,index_price,1555498741403,open,0.01,736.0,0.008501,0.023367,0.009376,63.42,0.01,0,ETH-19APR19-170-C,166.33,61.96,0.009,88.0,0.011,91.0,69.66,0.04285,-0.72433,0.00269,0.04752,0.32372
166.33,index_price,1555498741417,open,0.01,736.0,0.008501,0.023367,0.009376,63.42,0.01,0,ETH-19APR19-170-C,166.33,61.96,0.009,88.0,0.011,86.0,69.66,0.04285,-0.72433,0.00269,0.04752,0.32372
170.96,ETH-27SEP19,1555498741439,open,0.01,820.0,0.003025,0.023707,0.010006,75.94,0.012,0.0,ETH-27SEP19-80-P,166.33,74.15,0.009,78.0,0.012,150.0,79.25,0.09843,-0.02295,-0.03815,0.00099,-0.04001
168.52,ETH-28JUN19,1555498741455,open,0.12,3977.0,0.11082,0.206705,0.126028,68.64,0.149,0.0,ETH-28JUN19-170-P,166.33,66.92,0.123,83.0,0.128,90.0,69.77,0.29607,-0.14138,-0.19142,0.00771,-0.45081
170.96,ETH-27SEP19,1555498741473,open,0.02,982.0,0.012688,0.052254,0.023743,71.72,0.026,0.0,ETH-27SEP19-100-P,166.33,71.01,0.023,84.0,0.026,210.0,73.81,0.18097,-0.03984,-0.08455,0.00193,-0.08709
170.96,ETH-27SEP19,1555498741480,open,0.02,5.0,0.001948,0.029459,0.018863,86.21,0.025,0.0,ETH-27SEP19-440-C,166.33,84.41,0.017,89.0,0.021,60.0,88.15,0.18226,-0.04823,0.05268,0.00162,0.08792
166.33,index_price,1555498741497,open,0.05,255.0,0.049778,0.0838,0.052606,64.62,0.081,0,ETH-26APR19-170-P,166.33,60.36,0.05,150.0,0.053,170.0,65.26,0.10206,-0.3715,-0.02502,0.02348,-0.566
5230.36,index_price,1555498741502,open,0.02,39.6,0.01628111,0.03485232,0.01504387,45.66,0.0145,0,BTC-19APR19-5250-P,5230.36,40.23,0.0135,9.2,0.0155,0.1,47.26,1.48862,-18.11985,-0.14894,0.00232,-0.53909
5230.36,index_price,1555498741504,open,0.02,121.1,0.02644801,0.04360588,0.02557313,46.31,0.0265,0,BTC-19APR19-5125-C,5230.36,41.65,0.0245,6.7,0.027,8.1,52.28,1.2269,-15.14589,0.19082,0.00188,0.73551
168.52,ETH-28JUN19,1555498741531,open,0.24,1711.0,0.232157,0.325598,0.247267,69.46,0.286,0.0,ETH-28JUN19-200-P,166.33,67.46,0.244,54.0,0.251,54.0,71.74,0.27524,-0.133,-0.29974,0.00709,-0.65596
166.33,index_price,1555498741546,open,0.1,685.0,0.098289,0.102107,0.099003,80.93,0.074,0,ETH-19APR19-150-C,166.33,0.0,0.098,188.0,0.102,50.0,114.13,0.00924,-0.19942,0.0074,0.00803,0.96486
166.33,index_price,1555498741550,open,0.0,1.0,0.001101,0.01472,0.002257,68.83,0.008,0,ETH-26APR19-140-P,166.33,59.0,0.001,158.0,0.004,400.0,78.3,0.02612,-0.10129,-0.00205,0.00564,-0.04853
166.33,index_price,1555498741558,open,0.06,15.0,0.058731,0.090745,0.06159,65.08,0.059,0,ETH-26APR19-160-C,166.33,64.03,0.061,241.0,0.065,178.0,71.06,0.09421,-0.34538,0.02451,0.02152,0.66752
166.33,index_price,1555498741567,open,0.02,352.0,0.010809,0.040366,0.015485,69.82,0.015,0,ETH-26APR19-180-C,166.33,66.8,0.014,292.0,0.017,139.0,72.84,0.08262,-0.32497,0.00953,0.01759,0.25112
166.33,index_price,1555498741575,open,0.01,101.0,0.00349,0.025434,0.009014,77.99,0.011,0,ETH-26APR19-190-C,166.33,75.15,0.008,1.0,0.009,118.0,77.95,0.06068,-0.26659,0.00573,0.01156,0.15076
166.33,index_price,1555498741593,open,0.01,736.0,0.008501,0.023367,0.009376,63.42,0.01,0,ETH-19APR19-170-C,166.33,61.96,0.009,88.0,0.011,71.0,69.66,0.04285,-0.72433,0.00269,0.04752,0.32372
168.52,ETH-28JUN19,1555498741604,open,0.12,3977.0,0.11082,0.206705,0.126028,68.64,0.149,0.0,ETH-28JUN19-170-P,166.33,66.35,0.122,113.0,0.128,90.0,69.77,0.29607,-0.14138,-0.19142,0.00771,-0.45081
166.33,index_price,1555498741614,open,0.05,255.0,0.049778,0.0838,0.052606,64.62,0.081,0,ETH-26APR19-170-P,166.33,60.36,0.05,150.0,0.053,171.0,65.26,0.10206,-0.3715,-0.02502,0.02348,-0.566
168.52,ETH-28JUN19,1555498741625,open,0.16,4309.0,0.146892,0.244018,0.162379,68.78,0.183,0.0,ETH-28JUN19-180-P,166.33,66.87,0.159,98.0,0.165,90.0,70.27,0.29774,-0.14246,-0.22818,0.00774,-0.52524
168.52,ETH-28JUN19,1555498741636,open,0.03,846.0,0.013542,0.086473,0.0293,75.18,0.032,0.0,ETH-28JUN19-240-C,166.33,73.22,0.027,10.0,0.032,289.0,77.42,0.20024,-0.10473,0.05198,0.00476,0.18594
168.52,ETH-28JUN19,1555498741640,open,0.09,2253.0,0.079892,0.172022,0.09441,68.64,0.106,0.0,ETH-28JUN19-160-P,166.33,66.02,0.09,98.0,0.096,120.0,69.59,0.28321,-0.13524,-0.15527,0.00738,-0.37349
166.33,index_price,1555498741645,open,0.03,96.0,0.027713,0.061735,0.030542,64.62,0.034,0,ETH-26APR19-170-C,166.33,63.73,0.03,241.0,0.034,184.0,70.24,0.10206,-0.3715,0.01632,0.02348,0.434
166.33,index_price,1555498741660,open,0.04,407.0,0.042277,0.054787,0.04293,63.42,0.044,0,ETH-19APR19-160-C,166.33,52.77,0.041,153.0,0.044,188.0,68.76,0.03241,-0.54783,0.00655,0.03594,0.80953
166.33,index_price,1555498741666,open,0.04,407.0,0.042277,0.054787,0.04293,63.42,0.044,0,ETH-19APR19-160-C,166.33,52.77,0.041,153.0,0.044,154.0,68.76,0.03241,-0.54783,0.00655,0.03594,0.80953
168.52,ETH-28JUN19,1555498741671,open,0.08,544.0,0.060089,0.156262,0.075259,68.91,0.064,0.0,ETH-28JUN19-190-C,166.33,67.01,0.072,99.0,0.08,258.0,71.66,0.2899,-0.13896,0.10955,0.00752,0.40538
168.52,ETH-28JUN19,1555498741682,open,0.08,544.0,0.060089,0.156262,0.075259,68.91,0.064,0.0,ETH-28JUN19-190-C,166.33,67.01,0.072,99.0,0.08,257.0,71.66,0.2899,-0.13896,0.10955,0.00752,0.40538
166.33,index_price,1555498741693,open,0.03,673.0,0.030565,0.045432,0.031441,63.42,0.035,0,ETH-19APR19-170-P,166.33,57.76,0.03,112.0,0.033,184.0,69.41,0.04285,-0.72433,-0.00605,0.04752,-0.67628
168.52,ETH-28JUN19,1555498741701,open,0.07,2999.0,0.054488,0.140203,0.067647,68.65,0.082,0.0,ETH-28JUN19-150-P,166.33,66.27,0.064,84.0,0.07,120.0,70.18,0.25863,-0.12352,-0.12085,0.00674,-0.29651
168.52,ETH-28JUN19,1555498741705,open,0.2,1747.0,0.187551,0.283725,0.202722,68.91,0.237,0.0,ETH-28JUN19-190-P,166.33,66.74,0.199,89.0,0.206,90.0,70.81,0.2899,-0.13896,-0.2646,0.00752,-0.59462
166.33,index_price,1555498741721,open,0.11,59.0,0.104217,0.127965,0.106038,65.4,0.103,0,ETH-26APR19-150-C,166.33,65.29,0.106,177.0,0.111,50.0,78.3,0.05873,-0.21637,0.03035,0.01335,0.85641
168.52,ETH-28JUN19,1555498741727,open,0.01,876.0,0.001897,0.04307,0.013831,85.29,0.015,0.0,ETH-28JUN19-300-C,166.33,82.67,0.012,510.0,0.016,485.0,88.16,0.12244,-0.07264,0.02561,0.00257,0.091
168.52,ETH-28JUN19,1555498741733,open,0.01,211.0,6.3e-05,0.014243,0.006215,99.17,0.006,0.0,ETH-28JUN19-400-C,166.33,95.82,0.005,300.0,0.007,83.0,101.13,0.06518,-0.04497,0.0114,0.00118,0.04057
168.52,ETH-28JUN19,1555498741744,open,0.04,604.0,0.025146,0.109506,0.040478,71.65,0.046,0.0,ETH-28JUN19-220-C,166.33,69.87,0.038,120.0,0.044,222.0,74.12,0.23684,-0.11804,0.069,0.00591,0.24842
166.33,index_price,1555498741749,open,0.1,1.0,0.092995,0.122552,0.097671,69.82,0.143,0,ETH-26APR19-180-P,166.33,60.01,0.093,50.0,0.096,111.0,66.41,0.08262,-0.32497,-0.03424,0.01759,-0.74888
166.33,index_price,1555498741754,open,0.1,1.0,0.092995,0.122552,0.097671,69.82,0.143,0,ETH-26APR19-180-P,166.33,60.01,0.093,50.0,0.096,113.0,66.41,0.08262,-0.32497,-0.03424,0.01759,-0.74888
168.52,ETH-28JUN19,1555498741790,open,0.24,1711.0,0.232157,0.325598,0.247267,69.46,0.286,0.0,ETH-28JUN19-200-P,166.33,66.84,0.243,54.0,0.251,54.0,71.74,0.27524,-0.133,-0.29974,0.00709,-0.65596
166.33,index_price,1555498741803,open,0.1,685.0,0.098289,0.102107,0.099003,80.93,0.074,0,ETH-19APR19-150-C,166.33,0.0,0.098,178.0,0.102,50.0,114.13,0.00924,-0.19942,0.0074,0.00803,0.96486
168.52,ETH-28JUN19,1555498741815,open,0.01,255.0,0.000966,0.034315,0.011357,88.32,0.015,0.0,ETH-28JUN19-320-C,166.33,86.08,0.01,10.0,0.013,497.0,90.84,0.10575,-0.06497,0.02109,0.00214,0.0749
168.52,ETH-28JUN19,1555498741826,open,0.22,339.0,0.203952,0.280712,0.215134,68.65,0.19,0.0,ETH-28JUN19-140-C,166.33,66.27,0.212,111.0,0.219,109.0,71.55,0.22334,-0.10667,0.18634,0.00582,0.77665
166.33,index_price,1555498741831,open,0.06,15.0,0.058731,0.090745,0.06159,65.08,0.059,0,ETH-26APR19-160-C,166.33,64.03,0.061,237.0,0.065,178.0,71.06,0.09421,-0.34538,0.02451,0.02152,0.66752
168.52,ETH-28JUN19,1555498741846,open,0.18,392.0,0.164386,0.250101,0.177545,68.65,0.179,0.0,ETH-28JUN19-150-C,166.33,66.34,0.174,91.0,0.181,92.0,70.9,0.25863,-0.12352,0.17453,0.00674,0.70349
168.52,ETH-28JUN19,1555498741857,open,0.18,392.0,0.164386,0.250101,0.177545,68.65,0.179,0.0,ETH-28JUN19-150-C,166.33,66.34,0.174,91.0,0.181,91.0,70.9,0.25863,-0.12352,0.17453,0.00674,0.70349
166.33,index_price,1555498741861,open,0.02,352.0,0.010809,0.040366,0.015485,69.82,0.015,0,ETH-26APR19-180-C,166.33,66.8,0.014,201.0,0.017,139.0,72.84,0.08262,-0.32497,0.00953,0.01759,0.25112
166.33,index_price,1555498741866,open,0.02,105.0,0.020675,0.052688,0.023533,65.08,0.025,0,ETH-26APR19-160-P,166.33,60.58,0.021,200.0,0.024,168.0,65.9,0.09421,-0.34538,-0.0144,0.02152,-0.33248
166.33,index_price,1555498741871,open,0.01,736.0,0.008501,0.023367,0.009376,63.42,0.01,0,ETH-19APR19-170-C,166.33,61.96,0.009,85.0,0.011,71.0,69.66,0.04285,-0.72433,0.00269,0.04752,0.32372
166.33,index_price,1555498741875,open,0.16,150.0,0.159401,0.17302,0.160556,68.83,0.136,0,ETH-26APR19-140-C,166.33,71.52,0.161,176.0,0.165,50.0,89.59,0.02612,-0.10129,0.03199,0.00564,0.95147
166.33,index_price,1555498741884,open,0.05,255.0,0.049778,0.0838,0.052606,64.62,0.081,0,ETH-26APR19-170-P,166.33,60.36,0.05,150.0,0.053,167.0,65.26,0.10206,-0.3715,-0.02502,0.02348,-0.566
166.33,index_price,1555498741886,open,0.01,1427.0,0.00422,0.01673,0.004873,63.42,0.006,0,ETH-19APR19-160-P,166.33,53.11,0.003,10.0,0.005,156.0,64.07,0.03241,-0.54783,-0.00167,0.03594,-0.19047
166.33,index_price,1555498741891,open,0.03,96.0,0.027713,0.061735,0.030542,64.62,0.034,0,ETH-26APR19-170-C,166.33,63.73,0.03,150.0,0.034,184.0,70.24,0.10206,-0.3715,0.01632,0.02348,0.434
166.33,index_price,1555498741895,open,0.04,407.0,0.042277,0.054787,0.04293,63.42,0.044,0,ETH-19APR19-160-C,166.33,52.77,0.041,144.0,0.044,154.0,68.76,0.03241,-0.54783,0.00655,0.03594,0.80953
166.33,index_price,1555498741900,open,0.04,407.0,0.042277,0.054787,0.04293,63.42,0.044,0,ETH-19APR19-160-C,166.33,52.77,0.041,144.0,0.044,153.0,68.76,0.03241,-0.54783,0.00655,0.03594,0.80953
166.33,index_price,1555498741904,open,0.03,673.0,0.030565,0.045432,0.031441,63.42,0.035,0,ETH-19APR19-170-P,166.33,57.76,0.03,113.0,0.033,184.0,69.41,0.04285,-0.72433,-0.00605,0.04752,-0.67628
166.33,index_price,1555498741911,open,0.03,673.0,0.030565,0.045432,0.031441,63.42,0.035,0,ETH-19APR19-170-P,166.33,57.76,0.03,113.0,0.033,177.0,69.41,0.04285,-0.72433,-0.00605,0.04752,-0.67628
166.33,index_price,1555498741914,open,0.11,59.0,0.104217,0.127965,0.106038,65.4,0.103,0,ETH-26APR19-150-C,166.33,65.29,0.106,171.0,0.111,50.0,78.3,0.05873,-0.21637,0.03035,0.01335,0.85641
166.33,index_price,1555498741918,open,0.1,1.0,0.092995,0.122552,0.097671,69.82,0.143,0,ETH-26APR19-180-P,166.33,60.01,0.093,50.0,0.096,107.0,66.41,0.08262,-0.32497,-0.03424,0.01759,-0.74888
5234.88,BTC-28JUN19,1555498742225,open,1.87,2.0,1.86539527,1.86551339,1.86663757,93.59,2.658,0.0,BTC-28JUN19-15000-P,5230.36,0.0,0.0,0.0,0.0,0.0,0.0,0.61822,-0.40251,-29.44785,1e-05,-0.99002
5241.98,BTC-27SEP19,1555498742225,open,0.32,0.0,0.31340243,0.35619315,0.32572506,62.1,None,0.0,BTC-27SEP19-3750-C,5230.36,0.0,0.0005,0.3,0.0,0.0,0.0,8.34745,-1.59135,12.14443,0.00011,0.84491
5241.98,BTC-27SEP19,1555498742227,open,0.37,0.0,0.32859218,0.55821703,0.36430153,61.04,None,0.0,BTC-27DEC19-6500-P,5230.36,53.72,0.3405,2.5,0.3805,2.5,65.96,17.19653,-2.06732,-33.94515,0.00015,-0.56671
5234.88,BTC-28JUN19,1555498742239,open,0.0,780.5,0.0,4.06e-06,0.00030168,100.0,0.0005,0.0,BTC-28JUN19-20000-C,5230.36,0.0,0.0,0.0,0.001,1.1,111.85,0.18455,-0.12838,0.02334,0.0,0.00257
5230.36,index_price,1555498742250,open,0.52,0.0,0.52202143,0.52202143,0.52202145,100.0,None,0,BTC-26APR19-2500-C,5230.36,0.0,0.0005,0.2,0.0,0.0,0.0,3e-05,-0.00017,0.60792,0.0,1.0
5234.88,BTC-28JUN19,1555498742252,open,0.0,310.4,3.5e-07,0.00024012,0.00147957,90.27,0.0015,0.0,BTC-28JUN19-14000-C,5230.36,80.31,0.0005,10.0,0.0025,20.0,96.31,0.72824,-0.45729,0.10898,1e-05,0.01205
5234.88,BTC-28JUN19,1555498742252,open,0.25,367.4,0.24645347,0.27007016,0.25430897,59.47,0.231,0.0,BTC-28JUN19-4000-C,5230.36,39.44,0.24,1.0,0.275,1.0,79.4,4.77598,-1.97585,6.40072,0.00015,0.87523
5241.98,BTC-27SEP19,1555498742252,open,0.03,55.6,0.00546557,0.16094533,0.02951794,69.64,0.032,0.0,BTC-27DEC19-12000-C,5230.36,67.86,0.0265,5.0,0.0345,10.5,72.39,9.15181,-1.25515,3.59247,7e-05,0.12805
5241.98,BTC-27SEP19,1555498742252,open,1.32,0.0,1.29467689,1.45015666,1.31872927,69.64,None,0.0,BTC-27DEC19-12000-P,5230.36,0.0,0.0,0.0,0.0,0.0,0.0,9.15181,-1.25515,-79.87351,7e-05,-0.87195
5230.36,index_price,1555498742264,open,0.17,0.0,0.17104754,0.17199443,0.17131098,95.38,None,0,BTC-19APR19-6125-P,5230.36,0.0,0.001,0.3,0.0,0.0,0.0,0.11242,-2.85841,-0.31175,8e-05,-0.98855
5234.88,BTC-28JUN19,1555498742271,open,0.29,30.0,0.28695875,0.30249393,0.29573495,61.19,0.298,0.0,BTC-28JUN19-3750-C,5230.36,0.0,0.026,0.1,0.0,0.0,0.0,3.65447,-1.55568,6.37084,0.00011,0.91375
5241.98,BTC-27SEP19,1555498742273,open,0.01,705.5,0.00199559,0.02059096,0.01456655,74.39,0.014,0.0,BTC-27SEP19-12000-C,5230.36,71.61,0.012,15.0,0.0205,15.0,79.92,5.11006,-1.16693,1.48527,6e-05,0.07806
5230.36,index_price,1555498742273,open,0.11,14.6,0.11574222,0.11805158,0.11614182,83.2,0.11,0,BTC-19APR19-4625-C,5230.36,0.0,0.1155,8.1,0.1175,8.1,108.31,0.16765,-3.7182,0.23267,0.00014,0.98179
5230.36,index_price,1555498742286,open,0.01,910.4,0.01252675,0.03227113,0.01331518,51.51,0.014,0,BTC-26APR19-5500-C,5230.36,48.0,0.0115,2.4,0.014,2.9,52.81,2.7411,-7.95433,0.338,0.0008,0.27906
5230.36,index_price,1555498742299,open,0.2,0.0,0.19622935,0.22488581,0.20028887,56.18,None,0,BTC-31MAY19-4250-C,5230.36,0.0,0.187,1.0,0.0,0.0,0.0,3.67892,-2.35541,4.2583,0.0002,0.87758
5230.36,index_price,1555498742308,open,0.0,53.6,0.0,0.00049226,0.00016462,99.99,0.001,0,BTC-19APR19-6250-C,5230.36,0.0,0.0,0.0,0.0005,25.0,115.25,0.07461,-0.86101,0.00188,5e-05,0.00717
5230.36,index_price,1555498742327,open,0.0,63.9,1e-07,0.00102564,0.00019843,89.92,0.0005,0,BTC-19APR19-4500-P,5230.36,0.0,0.0,0.0,0.0005,11.2,102.2,0.09116,-1.03784,-0.00247,7e-05,-0.009
5234.89,BTC-28JUN19,1555498742333,open,0.0,141.9,1.59e-06,0.00049298,0.00195865,87.57,0.002,0.0,BTC-28JUN19-13000-C,5230.36,80.83,0.001,10.0,0.003,41.4,92.63,0.92596,-0.56409,0.14394,2e-05,0.01592
5230.36,index_price,1555498742333,open,0.11,72.0,0.10379708,0.11869687,0.10482679,53.16,0.0915,0,BTC-26APR19-5750-P,5230.36,0.0,0.0975,9.1,0.0,0.0,0.0,1.77463,-5.31464,-1.23296,0.0005,-0.86458
5234.89,BTC-28JUN19,1555498742342,open,0.21,1.5,0.20187833,0.22985063,0.21552543,58.11,0.205,0.0,BTC-28JUN19-4250-C,5230.36,0.0,0.0005,0.3,0.0,0.0,0.0,5.97329,-2.4145,6.28984,0.00019,0.82568
5241.98,BTC-27SEP19,1555498742342,open,0.2,11.5,0.18834221,0.2510487,0.20378353,60.41,0.175,0.0,BTC-27SEP19-4750-C,5230.36,58.84,0.2,3.0,0.208,7.3,62.16,12.64719,-2.34538,10.95697,0.00017,0.6722
5234.89,BTC-28JUN19,1555498742342,open,0.73,6.6,0.71992664,0.72862506,0.72587424,70.04,0.704,0.0,BTC-28JUN19-9000-P,5230.36,0.0,0.0005,9.5,0.0,0.0,0.0,2.6268,-1.27994,-17.21238,7e-05,-0.94385
5234.89,BTC-28JUN19,1555498742342,open,0.34,147.1,0.33389467,0.34623843,0.33921868,63.38,0.3395,0.0,BTC-28JUN19-3500-C,5230.36,0.0,0.037,0.1,0.374,0.2,107.46,2.69338,-1.18745,6.21414,8e-05,0.94203
5230.36,index_price,1555498742344,open,0.33,0.0,0.331322,0.34033992,0.33322575,63.46,None,0,BTC-31MAY19-3500-C,5230.36,0.0,0.0005,0.2,0.0,0.0,0.0,1.11082,-0.80331,4.02594,5e-05,0.97356
5241.98,BTC-27SEP19,1555498742348,open,0.29,238.2,0.27790207,0.32675397,0.29151254,61.62,0.2925,0.0,BTC-27SEP19-4000-C,5230.36,0.0,0.162,0.1,0.0,0.0,0.0,9.62852,-1.82131,12.03139,0.00013,0.80586
5230.36,index_price,1555498742348,open,0.19,0.0,0.18743643,0.18757727,0.18747197,100.0,None,0,BTC-19APR19-4250-C,5230.36,0.0,0.001,0.3,0.255,0.1,500.0,0.02037,-0.54311,0.21794,1e-05,0.99831
5230.36,index_price,1555498742395,open,0.29,0.0,0.29054214,0.29056771,0.29054591,100.0,None,0,BTC-19APR19-6750-P,5230.36,0.0,0.001,0.3,0.374,0.1,500.0,0.00303,-0.08068,-0.34682,0.0,-0.99979
5230.36,index_price,1555498742395,open,0.23,0.0,0.23523429,0.23524523,0.23523565,100.0,None,0,BTC-19APR19-4000-C,5230.36,0.0,0.002,1.0,0.313,0.1,500.0,0.00119,-0.03184,0.20553,0.0,0.99992
5230.36,index_price,1555498742399,open,0.0,143.1,6e-06,0.00313305,0.00080315,87.01,0.0015,0,BTC-19APR19-5875-C,5230.36,80.5,0.0005,23.7,0.001,25.0,90.46,0.27925,-4.20077,0.00878,0.00023,0.03347
5230.36,index_price,1555498742416,open,0.0,37.0,0.0,0.00040527,0.00013501,100.0,0.0005,0,BTC-19APR19-4375-P,5230.36,0.0,0.0,0.0,0.001,25.0,132.27,0.06143,-0.70617,-0.00158,4e-05,-0.00575
5230.36,index_price,1555498742416,open,0.26,0.0,0.25242167,0.2865068,0.25759365,56.73,None,0,BTC-31MAY19-6500-P,5230.36,0.0,0.0005,5.3,0.0,0.0,0.0,4.3587,-2.8176,-6.91943,0.00023,-0.84295
5230.36,index_price,1555498742425,open,0.0,93.6,2e-06,0.00075088,0.00078823,85.57,0.0005,0,BTC-26APR19-7000-C,5230.36,80.54,0.0005,7.0,0.001,25.0,88.53,0.34595,-1.66774,0.02077,6e-05,0.01712
5241.98,BTC-27SEP19,1555498742446,open,0.03,303.5,0.01923986,0.05554138,0.03055551,63.05,0.0325,0.0,BTC-27SEP19-3500-P,5230.36,61.51,0.0285,6.0,0.0335,4.6,65.21,7.04895,-1.36439,-3.54689,9e-05,-0.12108
5241.98,BTC-27SEP19,1555498742446,open,0.02,153.8,0.00429909,0.08589035,0.01672137,67.56,0.0185,0.0,BTC-27DEC19-2500-P,5230.36,66.77,0.016,0.1,0.0215,10.5,72.41,4.88137,-0.64945,-2.62446,4e-05,-0.05526
5230.36,index_price,1555498742466,open,0.62,0.0,0.61761714,0.61761714,0.61761714,100.0,None,0,BTC-26APR19-2000-C,5230.36,0.0,0.0005,0.2,0.0,0.0,0.0,0.0,0.0,0.48634,0.0,1.0
5230.36,index_price,1555498742472,open,0.0,30.4,0.0,0.00014084,3.554e-05,100.0,0.0005,0,BTC-19APR19-4250-P,5230.36,0.0,0.0,0.0,0.001,25.0,150.28,0.02037,-0.18588,-0.00046,1e-05,-0.00169
5230.36,index_price,1555498742497,open,0.15,0.0,0.14846315,0.15817861,0.15000321,58.62,None,0,BTC-26APR19-6000-P,5230.36,0.0,0.0015,0.1,0.0,0.0,0.0,1.12705,-3.72154,-1.37022,0.00029,-0.92733
5230.36,index_price,1555498742518,open,0.43,5.9,0.42642571,0.42642601,0.42643103,100.0,0.4005,0,BTC-26APR19-3000-C,5230.36,0.0,0.0005,0.2,0.0,0.0,0.0,0.00428,-0.02409,0.72933,0.0,0.99987
5230.36,index_price,1555498742543,open,0.0,107.6,1.256e-05,0.00155967,0.00096138,78.77,0.001,0,BTC-26APR19-6750-C,5230.36,71.88,0.0005,117.0,0.0015,26.0,84.45,0.4272,-1.89564,0.02669,8e-05,0.02195
5230.36,index_price,1555498742545,open,0.28,225.9,0.28303228,0.28324966,0.28344577,91.83,0.282,0,BTC-26APR19-3750-C,5230.36,0.0,0.0005,25.2,0.0,0.0,0.0,0.18486,-0.95632,0.90079,3e-05,0.99169
5230.36,index_price,1555498742557,open,0.31,0.0,0.29668485,0.3261111,0.30223833,58.87,None,0,BTC-31MAY19-6750-P,5230.36,0.0,0.0005,0.3,0.0,0.0,0.0,3.74476,-2.51223,-7.39807,0.00019,-0.87443
5241.98,BTC-27SEP19,1555498742586,open,0.08,87.3,0.0560663,0.23052557,0.08414546,61.77,0.0885,0.0,BTC-27DEC19-4000-P,5230.36,59.04,0.0775,15.5,0.087,5.0,62.93,12.84147,-1.56217,-10.97867,0.00011,-0.21697
5241.98,BTC-27SEP19,1555498742617,open,0.41,10.2,0.3848499,0.44775061,0.40946295,64.66,0.8,0.0,BTC-27SEP19-7000-P,5230.36,58.95,0.396,1.0,0.4725,1.5,89.53,12.60377,-2.50169,-25.36623,0.00016,-0.67496
5241.98,BTC-27SEP19,1555498742658,open,0.15,49.2,0.11385847,0.34203704,0.15050664,61.04,0.134,0.0,BTC-27DEC19-6000-C,5230.36,59.39,0.145,5.0,0.155,5.0,62.39,17.43992,-2.09658,12.58611,0.00015,0.4957
5241.98,BTC-27SEP19,1555498742662,open,0.06,69.9,0.02470298,0.2282526,0.05762651,64.8,0.059,0.0,BTC-27DEC19-9000-C,5230.36,63.76,0.055,5.0,0.061,20.5,66.11,13.36157,-1.7052,6.3833,0.00011,0.2327
5230.36,index_price,1555498742671,open,0.23,485.7,0.23523934,0.23615709,0.23607292,83.76,0.2335,0,BTC-26APR19-4000-C,5230.36,0.0,0.1105,4.6,0.2375,1.4,99.14,0.345,-1.62795,0.94991,6e-05,0.98293
5241.98,BTC-27SEP19,1555498742693,open,0.03,91.0,0.01303149,0.12807014,0.02969419,63.69,0.035,0.0,BTC-27DEC19-3000-P,5230.36,61.37,0.0265,10.0,0.032,5.5,65.32,7.33467,-0.92008,-4.51184,6e-05,-0.09405
5241.98,BTC-27SEP19,1555498742705,open,0.4,0.0,0.39212047,0.42176991,0.40211923,64.15,None,0.0,BTC-27SEP19-3250-C,5230.36,0.0,0.0005,0.3,0.0,0.0,0.0,5.77004,-1.13628,11.83827,7e-05,0.90821
5241.98,BTC-27SEP19,1555498742713,open,0.44,0.0,0.40413183,0.63206,0.43892336,61.31,None,0.0,BTC-27DEC19-7000-P,5230.36,0.0,0.001,0.5,0.0,0.0,0.0,16.6229,-2.00716,-38.67113,0.00014,-0.6217
5241.98,BTC-27SEP19,1555498742757,open,0.05,72.5,0.02971484,0.1765887,0.05246709,62.51,0.063,0.0,BTC-27DEC19-3500-P,5230.36,60.19,0.048,15.5,0.055,6.0,63.8,10.20314,-1.25609,-7.39005,9e-05,-0.15022
5241.98,BTC-27SEP19,1555498742765,open,0.13,47.3,0.08860271,0.31822756,0.12431088,61.04,0.115,0.0,BTC-27DEC19-6500-C,5230.36,59.88,0.1205,5.0,0.13,10.0,62.77,17.19652,-2.06731,11.26557,0.00015,0.43329
5230.36,index_price,1555498742773,open,0.18,0.0,0.16973813,0.2126192,0.17528003,54.99,None,0,BTC-31MAY19-6000-P,5230.36,0.0,0.0005,0.3,0.0,0.0,0.0,5.95226,-3.73036,-5.71624,0.00033,-0.7339
5241.98,BTC-27SEP19,1555498742787,open,0.63,0.0,0.61936273,0.66957298,0.62659439,71.78,None,0.0,BTC-27DEC19-2000-C,5230.36,0.0,0.0,0.0,0.0,0.0,0.0,2.82056,-0.39874,12.58859,2e-05,0.97186
5234.89,BTC-28JUN19,1555498742792,open,0.38,0.1,0.37960865,0.38573355,0.38420188,66.14,0.395,0.0,BTC-28JUN19-3250-C,5230.36,0.0,0.0005,0.4,0.0,0.0,0.0,1.93191,-0.88889,5.95325,5e-05,0.96171
5230.36,index_price,1555498742792,open,0.0,1123.2,0.0,3e-07,5.32e-06,100.0,0.001,0,BTC-26APR19-3000-P,5230.36,0.0,0.0,0.0,0.0005,12.0,149.48,0.00428,-0.02409,-0.00018,0.0,-0.00013
5241.98,BTC-27SEP19,1555498742792,open,0.0,42.0,8.349e-05,0.02485917,0.0029886,76.09,0.002,0.0,BTC-27DEC19-1500-P,5230.36,64.95,0.001,10.0,0.005,10.0,83.14,1.27015,-0.19035,-0.51151,1e-05,-0.01104
170.96,ETH-27SEP19,1555498742803,open,0.06,566.0,0.037212,0.11618,0.061079,71.74,0.065,0.0,ETH-27SEP19-260-C,166.33,71.71,0.061,101.0,0.068,180.0,74.88,0.37238,-0.08201,0.15379,0.00398,0.26266
5241.98,BTC-27SEP19,1555498742820,open,1.12,3.1,1.1022215,1.12692969,1.11645827,71.84,1.9215,0.0,BTC-27SEP19-11000-P,5230.36,0.0,0.002,0.3,0.0,0.0,0.0,5.96578,-1.31571,-47.26086,7e-05,-0.90397
5241.98,BTC-27SEP19,1555498742820,open,0.3,10.0,0.25846414,0.48664271,0.29511535,61.04,0.288,0.0,BTC-27DEC19-6000-P,5230.36,57.7,0.284,9.8,0.3055,10.3,64.16,17.43992,-2.09661,-29.14688,0.00015,-0.50429
5241.98,BTC-27SEP19,1555498742820,open,0.46,0.0,0.44072866,0.55576731,0.45738965,63.69,None,0.0,BTC-27DEC19-3000-C,5230.36,0.0,0.0005,0.1,0.0,0.0,0.0,7.33453,-0.92005,16.35481,6e-05,0.90595
170.96,ETH-27SEP19,1555498742822,open,0.02,57.0,0.001044,0.022348,0.015767,88.63,0.018,0.0,ETH-27SEP19-480-C,166.33,85.51,0.013,437.0,0.018,167.0,90.93,0.15978,-0.04347,0.04432,0.00138,0.07386
5241.98,BTC-27SEP19,1555498742838,open,0.62,28.2,0.61872072,0.62301552,0.62196337,76.37,0.608,0.0,BTC-27SEP19-2000-C,5230.36,0.0,0.001,0.3,0.0,0.0,0.0,1.40369,-0.3291,8.46796,1e-05,0.98397
5234.89,BTC-28JUN19,1555498742838,open,0.92,43.0,0.91041558,0.91473466,0.91501008,75.74,0.89,0.0,BTC-28JUN19-10000-P,5230.36,0.0,0.0005,0.5,0.0,0.0,0.0,1.97766,-1.04203,-19.33471,5e-05,-0.96059
170.96,ETH-27SEP19,1555498742851,open,0.16,274.0,0.137922,0.229945,0.164508,70.03,0.16,0.0,ETH-27SEP19-180-C,166.33,69.08,0.162,106.0,0.167,60.0,70.97,0.45213,-0.09719,0.2935,0.00495,0.54924
5230.36,index_price,1555498742857,open,0.0,5.2,0.0,4.246e-05,7.74e-06,100.0,0.0005,0,BTC-19APR19-4125-P,5230.36,0.0,0.0,0.0,0.001,25.0,168.58,0.00551,-0.04048,-0.00011,0.0,-0.00041
5241.98,BTC-27SEP19,1555498742861,open,0.02,697.8,0.00719416,0.03971658,0.02319119,69.26,0.0245,0.0,BTC-27SEP19-10000-C,5230.36,67.21,0.0205,20.0,0.029,15.0,73.33,7.08911,-1.50719,2.31266,8e-05,0.12206
170.96,ETH-27SEP19,1555498742869,open,0.27,155.0,0.252277,0.327706,0.273506,70.03,0.26,0.0,ETH-27SEP19-140-C,166.33,68.85,0.271,93.0,0.277,30.0,71.65,0.3662,-0.07872,0.36022,0.00401,0.74569
5234.89,BTC-28JUN19,1555498742880,open,0.71,33.3,0.71346103,0.71346464,0.71362626,99.87,0.7165,0.0,BTC-28JUN19-1500-C,5230.35,0.0,0.0005,1.0,0.0,0.0,0.0,0.09076,-0.06306,2.93997,0.0,0.99882
5234.89,BTC-28JUN19,1555498742880,open,2.83,0.4,2.82051963,2.82052369,2.8208505,100.8,5.076,0.0,BTC-28JUN19-20000-P,5230.35,0.0,0.0,0.0,0.0,0.0,0.0,0.19825,-0.13902,-39.35872,0.0,-0.99722
5241.98,BTC-27SEP19,1555498742880,open,0.53,57.5,0.52489271,0.53670517,0.53035383,69.25,0.389,0.0,BTC-27SEP19-2500-C,5230.35,0.0,0.001,0.4,0.0,0.0,0.0,2.60966,-0.55481,10.20228,3e-05,0.96651
5241.98,BTC-27SEP19,1555498742880,open,0.44,227.1,0.43478917,0.45793053,0.44331049,65.5,0.456,0.0,BTC-27SEP19-3000-C,5230.35,0.0,0.135,0.1,0.0,0.0,0.0,4.57433,-0.91977,11.44168,6e-05,0.93245
5241.98,BTC-27SEP19,1555498742880,open,0.19,15.5,0.17255004,0.24133465,0.18954972,60.39,0.1945,0.0,BTC-27SEP19-5500-P,5230.35,58.87,0.1855,3.0,0.194,4.7,62.07,13.92211,-2.5811,-15.35957,0.00019,-0.46708
5241.98,BTC-27SEP19,1555498742880,open,0.71,42.8,0.71386118,0.71474856,0.71511374,83.65,0.6235,0.0,BTC-27SEP19-1500-C,5230.35,0.0,0.0015,0.3,0.0,0.0,0.0,0.5858,-0.15043,6.52612,1e-05,0.99411
5241.98,BTC-27SEP19,1555498742880,open,0.26,2.4,0.23628264,0.30521782,0.25940761,62.78,0.284,0.0,BTC-27SEP19-6000-P,5230.35,57.89,0.2465,1.5,0.327,1.5,88.18,13.8818,-2.67537,-18.81003,0.00018,-0.54473
5234.88,BTC-28JUN19,1555498742880,open,0.62,20.1,0.61794752,0.61806086,0.61867381,91.37,0.578,0.0,BTC-28JUN19-2000-C,5230.35,0.0,0.0005,1.0,0.0,0.0,0.0,0.33582,-0.21344,3.87938,1e-05,0.995
5234.88,BTC-28JUN19,1555498742880,open,0.2,35.5,0.18513738,0.22652088,0.19555459,56.54,0.204,0.0,BTC-28JUN19-6000-P,5230.35,0.0,0.0005,0.4,0.203,1.0,61.08,8.49136,-3.33989,-8.84128,0.00028,-0.66211
5241.98,BTC-27SEP19,1555498742880,open,0.26,9.9,0.23424007,0.43064721,0.26552534,61.01,0.234,0.0,BTC-27DEC19-4500-C,5230.35,54.16,0.246,5.5,0.281,5.0,66.43,14.95674,-1.79726,16.21798,0.00013,0.71033
5230.35,index_price,1555498742880,open,0.08,4.0,0.07574533,0.08431613,0.07661158,64.16,0.0835,0,BTC-19APR19-5625-P,5230.35,0.0,0.0695,12.6,0.112,0.2,228.43,0.44407,-7.59537,-0.27337,0.00049,-0.94044
5241.97,BTC-27SEP19,1555498742880,open,0.03,45.8,0.00897527,0.17991642,0.03579014,67.97,0.0335,0.0,BTC-27DEC19-11000-C,5230.35,66.27,0.0325,5.0,0.041,10.5,70.54,10.32446,-1.38216,4.27041,8e-05,0.15291
5230.35,index_price,1555498742880,open,0.0,4.0,0.0,1.094e-05,1.37e-06,100.0,0.0005,0,BTC-19APR19-4000-P,5230.35,0.0,0.0,0.0,0.0005,15.0,169.13,0.00119,-0.00715,-2e-05,0.0,-8e-05
5230.35,index_price,1555498742880,open,0.0,73.0,0.00029149,0.00886229,0.00115979,64.19,0.001,0,BTC-19APR19-5625-C,5230.35,54.61,0.0005,45.0,0.0015,15.0,67.92,0.44449,-6.06611,0.01572,0.00049,0.05963
5234.88,BTC-28JUN19,1555498742884,open,1.68,1.3,1.67436919,1.67460897,1.67586374,90.38,2.415,0.0,BTC-28JUN19-14000-P,5230.35,0.0,0.0,0.0,0.0,0.0,0.0,0.73355,-0.46119,-27.4589,2e-05,-0.98785
5230.35,index_price,1555498742880,open,0.0,21.8,4e-08,0.00094687,0.00026348,95.38,0.0005,0,BTC-19APR19-6125-C,5230.35,0.0,0.0,0.0,0.0005,25.0,104.11,0.11242,-1.37811,0.00301,8e-05,0.01145
5241.97,BTC-27SEP19,1555498742880,open,0.72,0.0,0.71393153,0.73870734,0.71683719,76.09,None,0.0,BTC-27DEC19-1500-C,5230.35,0.0,0.0,0.0,0.0,0.0,0.0,1.27029,-0.19037,9.92166,1e-05,0.98896
5241.97,BTC-27SEP19,1555498742880,open,1.14,0.0,1.10742299,1.27836414,1.13423386,67.97,None,0.0,BTC-27DEC19-11000-P,5230.35,0.0,0.0,0.0,0.0,0.0,0.0,10.32396,-1.38205,-72.24033,8e-05,-0.8471
5230.35,index_price,1555498742880,open,0.27,0.0,0.26664564,0.26670183,0.26665358,98.08,None,0,BTC-19APR19-6625-P,5230.35,0.0,0.001,0.3,0.341,0.1,500.0,0.00591,-0.1546,-0.34034,0.0,-0.99956
5241.97,BTC-27SEP19,1555498742880,open,0.32,34.5,0.29299488,0.46745453,0.32107502,61.77,0.3375,0.0,BTC-27DEC19-4000-C,5230.35,52.15,0.298,5.5,0.3385,5.0,68.81,12.8415,-1.56218,16.84323,0.00011,0.78303
5230.35,index_price,1555498742880,open,0.0,160.7,5.7e-07,0.0017555,0.00033555,87.38,0.0005,0,BTC-19APR19-6000-C,5230.35,0.0,0.0,0.0,0.0005,15.0,92.55,0.14501,-1.75506,0.00404,0.00012,0.01537
5241.97,BTC-27SEP19,1555498742880,open,0.03,23.6,0.00335597,0.1446077,0.02528549,71.51,0.036,0.0,BTC-27DEC19-13000-C,5230.35,69.34,0.022,5.1,0.03,10.5,74.38,8.23813,-1.16019,3.10073,6e-05,0.11033
5230.35,index_price,1555498742882,open,0.0,44.5,0.0,0.00024695,6.864e-05,100.0,0.0005,0,BTC-19APR19-6375-C,5230.35,0.0,0.0,0.0,0.0005,30.0,126.02,0.03652,-0.35903,0.00085,3e-05,0.00322
5241.97,BTC-27SEP19,1555498742881,open,0.96,0.3,0.92252717,1.10978224,0.95219996,66.28,1.4475,0.0,BTC-27DEC19-10000-P,5230.35,0.0,0.1,0.3,0.0,0.0,0.0,11.71464,-1.52908,-64.391,9e-05,-0.81385
5241.97,BTC-27SEP19,1555498742880,open,0.6,0.0,0.56737425,0.78548938,0.59948539,62.13,None,0.0,BTC-27DEC19-8000-P,5230.35,0.0,0.001,0.5,0.0,0.0,0.0,14.93642,-1.82761,-47.78714,0.00013,-0.71117
5230.35,index_price,1555498742881,open,0.34,0.0,0.33834455,0.33909341,0.33912823,85.54,None,0,BTC-26APR19-7000-P,5230.35,0.0,0.0005,0.3,0.0,0.0,0.0,0.34521,-1.66339,-1.68147,6e-05,-0.98292
5230.36,index_price,1555498742879,open,0.21,0.2,0.21133536,0.21137782,0.2113431,100.0,0.206,0,BTC-19APR19-4125-C,5230.36,0.0,0.0005,11.3,0.2845,0.1,500.0,0.00551,-0.14692,0.21187,0.0,0.99959
5230.35,index_price,1555498742883,open,0.0,233.8,0.0,0.0,2e-08,100.0,0.0005,0,BTC-26APR19-2500-P,5230.35,0.0,0.0,0.0,0.0005,25.0,194.04,3e-05,-0.00012,0.0,0.0,0.0
5241.97,BTC-27SEP19,1555498742880,open,0.04,86.1,0.01484742,0.20210249,0.04452385,66.28,0.045,0.0,BTC-27DEC19-10000-C,5230.35,65.13,0.042,10.0,0.048,10.5,67.81,11.715,-1.52916,5.16419,9e-05,0.18616
5230.35,index_price,1555498742880,open,0.29,0.0,0.29055717,0.29210422,0.29150352,78.74,None,0,BTC-26APR19-6750-P,5230.35,0.0,0.0005,0.2,0.0,0.0,0.0,0.42649,-1.89178,-1.61476,8e-05,-0.9781
5241.97,BTC-27SEP19,1555498742883,open,1.52,0.0,1.48333964,1.62459137,1.50526443,71.5,None,0.0,BTC-27DEC19-13000-P,5230.35,0.0,0.0,0.0,0.0,0.0,0.0,8.23737,-1.16004,-87.3211,6e-05,-0.88969
5241.97,BTC-27SEP19,1555498742880,open,0.78,0.0,0.74161454,0.94516388,0.77453567,64.8,None,0.0,BTC-27DEC19-9000-P,5230.35,0.0,0.001,0.5,0.0,0.0,0.0,13.36134,-1.70515,-56.21633,0.00011,-0.76731
5230.35,index_price,1555498742886,open,0.25,0.0,0.24274666,0.2428664,0.24277157,99.24,None,0,BTC-19APR19-6500-P,5230.35,0.0,0.001,0.3,0.3165,0.1,500.0,0.01568,-0.41466,-0.33369,1e-05,-0.99873
5230.35,index_price,1555498742880,open,0.14,1.3,0.13963702,0.14066263,0.139837,90.01,0.136,0,BTC-19APR19-4500-C,5230.35,0.0,0.1385,6.8,0.1415,6.8,128.88,0.09168,-2.19989,0.22876,7e-05,0.99094
5230.35,index_price,1555498742880,open,0.33,33.6,0.33082872,0.33086581,0.33103093,100.07,0.3345,0,BTC-26APR19-3500-C,5230.35,0.0,0.0005,0.2,0.0,0.0,0.0,0.09655,-0.5443,0.84575,1e-05,0.996
5230.35,index_price,1555498742881,open,0.19,1379.5,0.18751912,0.19043805,0.18847639,69.55,0.1905,0,BTC-26APR19-4250-C,5230.35,0.0,0.15,1.0,0.211,5.0,155.21,0.46923,-1.83847,1.00094,0.0001,0.97547
5241.97,BTC-27SEP19,1555498742882,open,0.03,7.6,0.00207896,0.13044932,0.0218807,73.17,0.0235,0.0,BTC-27DEC19-14000-C,5230.35,71.06,0.019,5.1,0.027,10.5,76.58,7.44582,-1.07296,2.70213,5e-05,0.09599
5230.35,index_price,1555498742880,open,0.4,0.0,0.38848806,0.40940988,0.39296171,61.5,None,0,BTC-31MAY19-7250-P,5230.35,0.0,0.0005,0.3,0.0,0.0,0.0,2.62241,-1.83803,-8.27296,0.00013,-0.92287
170.96,ETH-27SEP19,1555498742902,open,0.07,353.0,0.051941,0.137245,0.078781,71.74,0.077,0.0,ETH-27SEP19-240-C,166.33,70.58,0.076,98.0,0.084,180.0,73.92,0.40832,-0.08993,0.1839,0.00436,0.31984
170.96,ETH-27SEP19,1555498742930,open,0.65,0.0,0.649369,0.656515,0.652417,81.98,None,0.0,ETH-27SEP19-60-C,166.28,0.0,0.001,4.0,0.0,0.0,0.0,0.04179,-0.01052,0.25417,0.00039,0.98559
168.52,ETH-28JUN19,1555498742931,open,0.79,0.0,0.782102,0.823274,0.794035,85.29,None,0.0,ETH-28JUN19-300-P,166.28,0.0,0.002,15.0,0.0,0.0,0.0,0.12244,-0.07264,-0.56515,0.00257,-0.909
170.96,ETH-27SEP19,1555498742931,open,1.59,0.0,1.575649,1.603161,1.592564,86.21,None,0.0,ETH-27SEP19-440-P,166.28,0.0,0.0,0.0,0.0,0.0,0.0,0.18226,-0.04823,-1.91075,0.00162,-0.91208
170.96,ETH-27SEP19,1555498742931,open,0.57,1.0,0.558036,0.637004,0.581903,71.75,0.573,0.0,ETH-27SEP19-260-P,166.28,0.0,0.014,1.0,0.625,1.0,90.18,0.37238,-0.08202,-1.00642,0.00398,-0.73733
168.52,ETH-28JUN19,1555498742931,open,0.29,1364.0,0.280054,0.36942,0.294657,70.0,0.309,0.0,ETH-28JUN19-210-P,166.28,63.49,0.285,46.0,0.303,1.0,75.4,0.25603,-0.12468,-0.33336,0.00654,-0.70989
168.52,ETH-28JUN19,1555498742931,open,0.53,0.0,0.525418,0.536302,0.527316,83.24,None,0.0,ETH-28JUN19-80-C,166.28,0.0,0.001,10.0,0.0,0.0,0.0,0.02643,-0.0153,0.15227,0.00057,0.98616
168.47,ETH-28JUN19,1555498742931,open,0.47,0.0,0.466382,0.48508,0.469354,78.42,None,0.0,ETH-28JUN19-90-C,166.28,0.0,0.001,10.0,0.0,0.0,0.0,0.04236,-0.02311,0.16805,0.00097,0.9759
168.47,ETH-28JUN19,1555498742931,open,0.36,10.0,0.352021,0.392726,0.357592,71.48,0.265,0.0,ETH-28JUN19-110-C,166.28,0.0,0.002,8.0,0.0,0.0,0.0,0.09646,-0.04796,0.19106,0.00241,0.93352
166.28,index_price,1555498742930,open,0.0,236.0,0.0,1e-06,0.0,105.09,0.001,0,ETH-19APR19-230-C,166.28,0.0,0.0,0.0,0.001,210.0,210.59,1e-05,-3e-05,0.0,0.0,1e-05
166.28,index_price,1555498742931,open,0.0,335.0,0.0,6.3e-05,2.3e-05,105.12,0.001,0,ETH-19APR19-210-C,166.28,0.0,0.0,0.0,0.001,355.0,160.15,0.00044,-0.00379,1e-05,0.00029,0.00111
166.28,index_price,1555498742932,open,0.0,948.0,0.0,0.000394,0.000193,105.15,0.001,0,ETH-19APR19-200-C,166.28,0.0,0.0,0.0,0.001,200.0,131.96,0.00259,-0.03215,7e-05,0.00174,0.00793
166.28,index_price,1555498742931,open,0.0,72.0,0.0,2.9e-05,9e-06,104.88,0.001,0,ETH-19APR19-130-P,166.28,0.0,0.0,0.0,0.001,101.0,173.89,0.0002,-0.00155,0.0,0.00013,-0.00046
166.28,index_price,1555498742932,open,0.38,120.0,0.383209,0.38321,0.382793,0.0,0.38,0,ETH-19APR19-230-P,166.28,0.0,0.373,39.0,0.39,39.0,295.74,0.0,0.0,-0.01182,0.0,-1.0
166.28,index_price,1555498742933,open,0.26,0.0,0.26293,0.262993,0.262573,0.0,None,0,ETH-19APR19-210-P,166.28,0.0,0.253,57.0,0.27,57.0,234.38,0.0,0.0,-0.01079,0.0,-1.0
168.47,ETH-28JUN19,1555498742936,open,0.34,1136.0,0.330967,0.415292,0.345961,71.41,0.358,0.0,ETH-28JUN19-220-P,166.28,63.24,0.335,40.0,0.352,1.0,75.64,0.23609,-0.11729,-0.36455,0.00592,-0.7529
170.91,ETH-27SEP19,1555498742946,open,1.13,0.0,1.113416,1.159069,1.13486,80.27,None,0.0,ETH-27SEP19-360-P,166.28,0.0,0.01,4.0,1.151,1.0,90.49,0.24295,-0.05987,-1.52817,0.00232,-0.86888
170.91,ETH-27SEP19,1555498743815,open,0.79,10.0,0.774347,0.839232,0.799798,75.76,0.781,0.0,ETH-27SEP19-300-P,166.28,0.0,0.004,4.0,0.808,1.0,80.31,0.31503,-0.07327,-1.22336,0.00319,-0.80474
170.91,ETH-27SEP19,1555498743820,open,0.69,0.0,0.664886,0.736857,0.691765,74.6,None,0.0,ETH-27SEP19-280-P,166.28,0.0,0.003,6.0,0.725,1.0,89.98,0.34601,-0.07924,-1.1151,0.00356,-0.77079
170.91,ETH-27SEP19,1555498743821,open,0.69,0.0,0.664886,0.736857,0.691765,74.6,None,0.0,ETH-27SEP19-280-P,166.28,0.0,0.003,6.0,0.726,2.0,90.41,0.34601,-0.07924,-1.1151,0.00356,-0.77079
170.91,ETH-27SEP19,1555498743822,open,1.02,0.0,0.999142,1.050717,1.022386,78.77,None,0.0,ETH-27SEP19-340-P,166.28,0.0,0.003,6.0,1.042,1.0,90.49,0.26408,-0.06386,-1.42893,0.00257,-0.85178
170.92,ETH-27SEP19,1555498743939,open,0.69,0.0,0.664797,0.736774,0.691765,74.85,None,0.0,ETH-27SEP19-280-P,166.29,0.0,0.003,6.0,0.725,1.0,90.02,0.34713,-0.07977,-1.1145,0.00356,-0.76948
170.92,ETH-27SEP19,1555498743950,open,0.69,0.0,0.664797,0.736774,0.691765,74.85,None,0.0,ETH-27SEP19-280-P,166.29,0.0,0.003,6.0,0.725,2.0,90.02,0.34713,-0.07977,-1.1145,0.00356,-0.76948
170.92,ETH-27SEP19,1555498743952,open,1.02,0.0,0.999029,1.05061,1.022386,79.19,None,0.0,ETH-27SEP19-340-P,166.29,0.0,0.003,6.0,1.041,1.0,90.02,0.26644,-0.06477,-1.42793,0.00258,-0.8498
170.93,ETH-27SEP19,1555498743969,open,1.13,0.0,1.113174,1.15884,1.135446,80.85,None,0.0,ETH-27SEP19-360-P,166.29,0.0,0.01,4.0,1.15,1.0,90.04,0.24625,-0.06112,-1.52684,0.00234,-0.86632
166.29,index_price,1555498744880,open,0.1,685.0,0.098074,0.101915,0.098795,79.99,0.074,0,ETH-19APR19-150-C,166.29,53.29,0.098,148.0,0.102,50.0,115.68,0.00897,-0.19122,0.00741,0.00789,0.96612
166.29,index_price,1555498744884,open,0.0,1.0,0.001109,0.014759,0.002269,68.85,0.008,0,ETH-26APR19-140-P,166.29,58.94,0.001,161.0,0.004,400.0,78.21,0.02623,-0.10176,-0.00207,0.00567,-0.04881
166.29,index_price,1555498744895,open,0.06,15.0,0.058583,0.090618,0.061444,65.01,0.059,0,ETH-26APR19-160-C,166.29,64.29,0.061,237.0,0.064,86.0,69.56,0.09427,-0.34527,0.02448,0.02156,0.66678
166.29,index_price,1555498744902,open,0.02,352.0,0.010761,0.040288,0.015427,69.79,0.015,0,ETH-26APR19-180-C,166.29,66.91,0.014,201.0,0.017,144.0,72.96,0.08246,-0.32419,0.0095,0.01757,0.25031
166.29,index_price,1555498744928,open,0.01,101.0,0.00347,0.025378,0.00898,77.97,0.011,0,ETH-26APR19-190-C,166.29,75.24,0.008,1.0,0.009,122.0,78.04,0.06052,-0.26579,0.00571,0.01154,0.15021
168.49,ETH-28JUN19,1555498744934,open,0.34,1136.0,0.330832,0.415171,0.346222,71.69,0.358,0.0,ETH-28JUN19-220-P,166.28,63.35,0.335,40.0,0.351,1.0,75.04,0.23681,-0.1181,-0.36423,0.00591,-0.75156
166.28,index_price,1555498744938,open,0.01,736.0,0.00841,0.02325,0.009302,63.5,0.01,0,ETH-19APR19-170-C,166.28,62.32,0.009,85.0,0.011,79.0,70.04,0.04271,-0.72299,0.00267,0.04734,0.32157
170.92,ETH-27SEP19,1555498744946,open,1.13,0.0,1.113295,1.158955,1.135212,80.6,None,0.0,ETH-27SEP19-360-P,166.28,0.0,0.01,4.0,1.151,1.0,90.56,0.24484,-0.06058,-1.52741,0.00233,-0.86742
166.28,index_price,1555498744946,open,0.16,150.0,0.159157,0.172815,0.160366,69.13,0.136,0,ETH-26APR19-140-C,166.28,72.85,0.161,178.0,0.165,50.0,90.42,0.02653,-0.10333,0.03195,0.00571,0.95049
166.28,index_price,1555498744960,open,0.03,96.0,0.027593,0.061607,0.030445,64.66,0.034,0,ETH-26APR19-170-C,166.28,63.93,0.03,150.0,0.033,95.0,68.82,0.10198,-0.37144,0.01627,0.02346,0.43289
166.28,index_price,1555498744966,open,0.04,407.0,0.042043,0.054595,0.042746,63.66,0.044,0,ETH-19APR19-160-C,166.28,54.21,0.041,145.0,0.044,153.0,69.84,0.03267,-0.55439,0.00653,0.03612,0.80689
166.28,index_price,1555498744972,open,0.04,407.0,0.042043,0.054595,0.042746,63.66,0.044,0,ETH-19APR19-160-C,166.28,54.21,0.041,145.0,0.044,171.0,69.84,0.03267,-0.55439,0.00653,0.03612,0.80689
166.28,index_price,1555498744978,open,0.03,673.0,0.030781,0.045622,0.031612,63.26,0.035,0,ETH-19APR19-170-P,166.28,56.89,0.03,126.0,0.033,177.0,68.62,0.04268,-0.71962,-0.00607,0.04748,-0.67912
166.28,index_price,1555498745003,open,0.11,59.0,0.103985,0.127779,0.105858,65.53,0.103,0,ETH-26APR19-150-C,166.28,65.93,0.106,172.0,0.111,50.0,78.81,0.05901,-0.21784,0.0303,0.0134,0.85531
166.28,index_price,1555498745008,open,0.1,1.0,0.09326,0.12278,0.097874,69.72,0.143,0,ETH-26APR19-180-P,166.28,59.42,0.093,143.0,0.096,107.0,65.88,0.08237,-0.32352,-0.03429,0.01757,-0.75013
166.28,index_price,1555498745013,open,0.1,1.0,0.09326,0.12278,0.097874,69.72,0.143,0,ETH-26APR19-180-P,166.28,59.42,0.093,143.0,0.096,106.0,65.88,0.08237,-0.32352,-0.03429,0.01757,-0.75013
166.28,index_price,1555498745072,open,0.06,15.0,0.058545,0.090586,0.061444,65.14,0.059,0,ETH-26APR19-160-C,166.28,64.36,0.061,237.0,0.064,90.0,69.63,0.09432,-0.34611,0.02446,0.02154,0.66633
166.28,index_price,1555498745078,open,0.01,736.0,0.00841,0.02325,0.009302,63.5,0.01,0,ETH-19APR19-170-C,166.28,62.32,0.009,85.0,0.011,82.0,70.04,0.04271,-0.72299,0.00267,0.04734,0.32157
166.28,index_price,1555498745082,open,0.04,407.0,0.042043,0.054595,0.042746,63.66,0.044,0,ETH-19APR19-160-C,166.28,54.21,0.041,145.0,0.044,179.0,69.84,0.03267,-0.55439,0.00653,0.03612,0.80689
166.28,index_price,1555498745097,open,0.03,673.0,0.030781,0.045622,0.031612,63.26,0.035,0,ETH-19APR19-170-P,166.28,56.89,0.03,133.0,0.033,177.0,68.62,0.04268,-0.71962,-0.00607,0.04748,-0.67912
166.28,index_price,1555498745108,open,0.11,59.0,0.103985,0.127779,0.105858,65.53,0.103,0,ETH-26APR19-150-C,166.28,65.93,0.106,173.0,0.111,50.0,78.81,0.05901,-0.21784,0.0303,0.0134,0.85531
5230.35,index_price,1555498745223,open,0.24,0.1,0.23920977,0.26047528,0.24241163,57.5,0.239,0,BTC-31MAY19-4000-C,5230.35,0.0,0.0005,0.4,0.0,0.0,0.0,2.5471,-1.66901,4.29639,0.00013,0.92576
166.28,index_price,1555498745227,open,0.1,685.0,0.09802,0.101867,0.098795,81.85,0.074,0,ETH-19APR19-150-C,166.28,58.63,0.098,158.0,0.102,50.0,116.06,0.00966,-0.21078,0.00738,0.00831,0.9629
5230.35,index_price,1555498745227,open,0.25,0.0,0.24281565,0.2458679,0.24382786,70.25,None,0,BTC-26APR19-6500-P,5230.35,0.0,0.0005,10.3,0.0,0.0,0.0,0.50615,-2.00299,-1.54782,0.00011,-0.97314
5230.35,index_price,1555498745227,open,0.0,482.0,0.00387178,0.01722168,0.00454492,52.35,0.005,0,BTC-26APR19-4750-P,5230.35,50.46,0.004,3.0,0.005,0.5,53.87,1.54448,-4.55522,-0.14707,0.00044,-0.11109
5234.9,BTC-28JUN19,1555498745229,open,0.0,1413.4,0.0,3.62e-06,0.00016742,100.0,0.0005,0.0,BTC-28JUN19-1500-P,5230.35,0.0,0.0,0.0,0.0005,109.0,112.1,0.09166,-0.06377,-0.01398,0.0,-0.00119
5230.35,index_price,1555498745229,open,0.01,62.4,0.00967717,0.04376206,0.01484901,56.73,0.015,0,BTC-31MAY19-6500-C,5230.35,55.69,0.014,5.0,0.0155,0.5,57.5,4.35864,-2.81756,0.89403,0.00023,0.15705
5230.35,index_price,1555498745229,open,0.0,1796.1,0.0,1e-08,4.6e-07,100.0,0.0005,0,BTC-26APR19-2750-P,5230.35,0.0,0.0,0.0,0.0005,25.0,170.78,0.00048,-0.00243,-2e-05,0.0,-1e-05
5234.9,BTC-28JUN19,1555498745241,open,0.0,375.3,7.36e-06,0.00102166,0.00244304,83.61,0.0025,0.0,BTC-28JUN19-12000-C,5230.35,78.51,0.0015,20.0,0.003,1.0,86.01,1.13253,-0.6587,0.18267,3e-05,0.02016
166.28,index_price,1555498745244,open,0.0,1.0,0.00111,0.014768,0.002269,68.81,0.008,0,ETH-26APR19-140-P,166.28,58.92,0.001,160.0,0.004,400.0,78.19,0.02622,-0.10164,-0.00206,0.00567,-0.04878
5241.98,BTC-27SEP19,1555498745246,open,0.11,32.8,0.06875855,0.29668673,0.10355043,61.31,0.0965,0.0,BTC-27DEC19-7000-C,5230.35,61.29,0.1035,5.0,0.1095,10.0,63.18,16.62291,-2.00716,10.01736,0.00014,0.3783
5230.35,index_price,1555498745342,open,0.2,0.0,0.19527527,0.2009467,0.19689016,66.22,None,0,BTC-26APR19-6250-P,5230.35,0.0,0.001,0.3,0.0,0.0,0.0,0.80274,-2.99467,-1.4623,0.00018,-0.95284
5241.98,BTC-27SEP19,1555498745371,open,0.93,2.0,0.91487027,0.94739269,0.93087241,69.26,1.8325,0.0,BTC-27SEP19-10000-P,5230.35,0.0,0.002,0.3,0.0,0.0,0.0,7.08984,-1.50743,-42.31052,8e-05,-0.87792
166.28,index_price,1555498745384,open,0.1,685.0,0.09802,0.101867,0.098795,81.85,0.074,0,ETH-19APR19-150-C,166.28,58.63,0.098,137.0,0.102,50.0,116.06,0.00966,-0.21078,0.00738,0.00831,0.9629
166.28,index_price,1555498745386,open,0.0,1.0,0.00111,0.014768,0.002269,68.81,0.008,0,ETH-26APR19-140-P,166.28,58.92,0.001,161.0,0.004,400.0,78.19,0.02622,-0.10164,-0.00206,0.00567,-0.04878
5241.98,BTC-27SEP19,1555498745390,open,0.02,656.4,0.00377778,0.02848597,0.01800792,71.84,0.0185,0.0,BTC-27SEP19-11000-C,5230.35,69.55,0.0155,120.0,0.0235,15.0,76.34,5.96466,-1.31535,1.82455,7e-05,0.09601
166.28,index_price,1555498745390,open,0.06,15.0,0.058545,0.090586,0.061444,65.14,0.059,0,ETH-26APR19-160-C,166.28,64.36,0.061,238.0,0.064,90.0,69.63,0.09432,-0.34611,0.02446,0.02154,0.66633
5230.35,index_price,1555498745397,open,0.07,31.9,0.06826426,0.07663387,0.06897655,61.99,0.063,0,BTC-19APR19-4875-C,5230.35,0.0,0.0675,13.6,0.07,13.6,72.73,0.41216,-6.81026,0.23568,0.00047,0.94582
166.28,index_price,1555498745399,open,0.06,15.0,0.058545,0.090586,0.061444,65.14,0.059,0,ETH-26APR19-160-C,166.28,64.36,0.061,238.0,0.064,93.0,69.63,0.09432,-0.34611,0.02446,0.02154,0.66633
166.28,index_price,1555498745403,open,0.03,96.0,0.027593,0.061607,0.030445,64.66,0.034,0,ETH-26APR19-170-C,166.28,63.93,0.03,150.0,0.033,97.0,68.82,0.10198,-0.37144,0.01627,0.02346,0.43289
166.28,index_price,1555498745407,open,0.04,407.0,0.042043,0.054595,0.042746,63.66,0.044,0,ETH-19APR19-160-C,166.28,54.21,0.041,145.0,0.044,188.0,69.84,0.03267,-0.55439,0.00653,0.03612,0.80689
5230.35,index_price,1555498745425,open,0.02,60.3,0.01494581,0.05363987,0.02039431,55.8,0.02,0,BTC-31MAY19-6250-C,5230.35,54.37,0.019,5.5,0.021,1.0,56.42,5.15277,-3.27682,1.16084,0.00028,0.20503
5230.35,index_price,1555498745472,open,0.09,30.2,0.09187667,0.09653585,0.09255845,74.5,0.088,0,BTC-19APR19-4750-C,5230.35,0.0,0.0915,6.2,0.094,10.2,93.56,0.28008,-5.56226,0.23488,0.00027,0.96641
5234.9,BTC-28JUN19,1555498745518,open,0.54,24.6,0.53113448,0.54779837,0.53941712,65.16,0.609,0.0,BTC-28JUN19-8000-P,5230.35,0.0,0.0005,0.4,0.0,0.0,0.0,3.86705,-1.75284,-14.90983,0.00011,-0.90694
5241.98,BTC-27SEP19,1555498745546,open,0.07,31.7,0.04123078,0.2593461,0.07334474,62.13,0.0775,0.0,BTC-27DEC19-8000-C,5230.35,62.53,0.0745,5.0,0.08,10.0,64.44,14.93661,-1.82766,7.857,0.00013,0.28884
166.28,index_price,1555498745557,open,0.02,352.0,0.010749,0.040269,0.015413,69.85,0.015,0,ETH-26APR19-180-C,166.28,66.94,0.014,201.0,0.017,146.0,72.98,0.08246,-0.32445,0.0095,0.01756,0.25033
166.28,index_price,1555498745560,open,0.03,96.0,0.027593,0.061607,0.030421,64.66,0.034,0,ETH-26APR19-170-C,166.28,63.93,0.03,150.0,0.033,95.0,68.82,0.10198,-0.37144,0.01627,0.02346,0.43289
5230.35,index_price,1555498745568,open,0.0,1.0,0.0,5.619e-05,1.037e-05,100.0,0.0005,0,BTC-19APR19-6625-C,5230.35,0.0,0.0,0.0,0.0005,25.0,146.54,0.00733,-0.05422,0.00015,1e-05,0.00055
166.28,index_price,1555498745567,open,0.03,673.0,0.030781,0.045622,0.031655,63.26,0.035,0,ETH-19APR19-170-P,166.28,56.89,0.03,140.0,0.033,177.0,68.62,0.04268,-0.71962,-0.00607,0.04748,-0.67912
5230.35,index_price,1555498745573,open,0.47,10.2,0.47422257,0.47422258,0.47422303,100.0,0.006,0,BTC-26APR19-2750-C,5230.35,0.0,0.0005,25.2,0.0,0.0,0.0,0.00048,-0.0027,0.6687,0.0,0.99999
166.28,index_price,1555498745576,open,0.1,1.0,0.09326,0.12278,0.097924,69.72,0.143,0,ETH-26APR19-180-P,166.28,59.42,0.093,149.0,0.096,106.0,65.88,0.08237,-0.32352,-0.03429,0.01757,-0.75013
5230.35,index_price,1555498745600,open,0.15,0.0,0.14715134,0.14890626,0.14748628,87.38,None,0,BTC-19APR19-6000-P,5230.35,0.0,0.001,0.3,0.2045,0.2,381.0,0.145,-3.37726,-0.30429,0.00012,-0.98463
5230.35,index_price,1555498745637,open,0.22,0.0,0.20989453,0.24858858,0.21534303,55.8,None,0,BTC-31MAY19-6250-P,5230.35,0.0,0.0005,0.3,0.0,0.0,0.0,5.15277,-3.27682,-6.35212,0.00028,-0.79497
5241.98,BTC-27SEP19,1555498745649,open,0.54,0.0,0.52738006,0.60897132,0.53980322,67.56,None,0.0,BTC-27DEC19-2500-C,5230.35,0.0,0.0,0.0,0.0,0.0,0.0,4.88148,-0.64948,14.76419,4e-05,0.94474
5230.35,index_price,1555498745649,open,0.2,0.0,0.19494872,0.19544094,0.19511332,99.99,None,0,BTC-19APR19-6250-P,5230.35,0.0,0.001,0.3,0.2595,0.1,452.8,0.0746,-1.98856,-0.3193,5e-05,-0.99283
5230.35,index_price,1555498745649,open,0.22,0.0,0.21884769,0.21909464,0.21891633,100.0,None,0,BTC-19APR19-6375-P,5230.35,0.0,0.001,0.3,0.288,0.1,491.23,0.03652,-0.97355,-0.32676,3e-05,-0.99678
5230.35,index_price,1555498745671,open,0.0,6.7,0.0,0.00011974,2.729e-05,100.0,0.003,0,BTC-19APR19-6500-C,5230.35,0.0,0.0,0.0,0.0005,25.0,136.44,0.01683,-0.14271,0.00036,1e-05,0.00137
5234.9,BTC-28JUN19,1555498745678,open,0.0,333.9,3.407e-05,0.00213319,0.00346515,80.35,0.003,0.0,BTC-28JUN19-11000-C,5230.35,74.35,0.002,30.0,0.006,20.0,87.65,1.51231,-0.84535,0.25752,3e-05,0.02845
5230.35,index_price,1555498745694,open,0.13,4.0,0.12325779,0.12638468,0.12405483,87.01,0.125,0,BTC-19APR19-5875-P,5230.35,0.0,0.001,0.3,0.1795,0.1,352.92,0.27922,-6.47654,-0.29313,0.00023,-0.96654
5241.98,BTC-27SEP19,1555498745695,open,0.22,33.8,0.18544963,0.39782479,0.22010335,61.01,0.1965,0.0,BTC-27DEC19-5000-C,5230.35,58.75,0.213,5.0,0.2245,5.0,62.42,16.42017,-1.97309,15.15719,0.00014,0.63582
166.28,index_price,1555498745708,open,0.1,685.0,0.09802,0.101867,0.098743,81.85,0.074,0,ETH-19APR19-150-C,166.28,58.63,0.098,178.0,0.102,50.0,116.06,0.00966,-0.21078,0.00738,0.00831,0.9629
166.28,index_price,1555498745711,open,0.0,1.0,0.00111,0.014768,0.002272,68.81,0.008,0,ETH-26APR19-140-P,166.28,58.92,0.001,158.0,0.004,400.0,78.19,0.02622,-0.10164,-0.00206,0.00567,-0.04878
5234.9,BTC-28JUN19,1555498745713,open,0.43,43.8,0.42724864,0.43179444,0.43035884,70.17,0.433,0.0,BTC-28JUN19-3000-C,5230.35,0.0,0.0005,0.3,0.0,0.0,0.0,1.40143,-0.68405,5.60452,4e-05,0.97404
5241.98,BTC-27SEP19,1555498745726,open,1.7,0.0,1.67282554,1.80119623,1.69263312,73.17,None,0.0,BTC-27DEC19-14000-P,5230.35,0.0,0.0,0.0,0.0,0.0,0.0,7.4469,-1.07318,-94.67438,5e-05,-0.90399
166.28,index_price,1555498745730,open,0.06,15.0,0.058545,0.090586,0.061408,65.14,0.059,0,ETH-26APR19-160-C,166.28,64.36,0.061,237.0,0.064,93.0,69.63,0.09432,-0.34611,0.02446,0.02154,0.66633
166.28,index_price,1555498745732,open,0.06,15.0,0.058545,0.090586,0.061408,65.14,0.059,0,ETH-26APR19-160-C,166.28,64.36,0.061,237.0,0.065,178.0,71.37,0.09432,-0.34611,0.02446,0.02154,0.66633
5230.35,index_price,1555498745738,open,0.29,0.0,0.28456926,0.29907899,0.28700577,59.66,None,0,BTC-31MAY19-3750-C,5230.35,0.0,0.0005,0.2,0.0,0.0,0.0,1.67132,-1.13637,4.20954,9e-05,0.95654
166.28,index_price,1555498745741,open,0.02,352.0,0.010749,0.040269,0.015413,69.85,0.015,0,ETH-26APR19-180-C,166.28,66.94,0.014,201.0,0.017,139.0,72.98,0.08246,-0.32445,0.0095,0.01756,0.25033
166.28,index_price,1555498745757,open,0.01,101.0,0.003465,0.025364,0.008971,78.01,0.011,0,ETH-26APR19-190-C,166.28,75.26,0.008,1.0,0.009,118.0,78.07,0.06052,-0.26599,0.00571,0.01154,0.15025
5241.98,BTC-27SEP19,1555498745763,open,0.23,290.4,0.21535013,0.27427374,0.23030548,60.68,0.2265,0.0,BTC-27SEP19-4500-C,5230.35,58.77,0.226,3.0,0.2345,6.8,62.54,11.8125,-2.20042,11.42595,0.00016,0.71877
166.28,index_price,1555498745761,open,0.01,736.0,0.00841,0.02325,0.009283,63.5,0.01,0,ETH-19APR19-170-C,166.28,62.32,0.009,85.0,0.011,71.0,70.04,0.04271,-0.72299,0.00267,0.04734,0.32157
5230.35,index_price,1555498745763,open,0.1,8.3,0.0994008,0.10472875,0.10015914,73.72,0.1,0,BTC-19APR19-5750-P,5230.35,0.0,0.093,9.6,0.147,1.2,295.93,0.3146,-6.18255,-0.2853,0.0003,-0.96129
166.28,index_price,1555498745765,open,0.16,150.0,0.159157,0.172815,0.160319,69.13,0.136,0,ETH-26APR19-140-C,166.28,72.85,0.161,176.0,0.165,50.0,90.42,0.02653,-0.10333,0.03195,0.00571,0.95049
166.28,index_price,1555498745773,open,0.03,96.0,0.027593,0.061607,0.030421,64.66,0.034,0,ETH-26APR19-170-C,166.28,63.93,0.03,150.0,0.034,184.0,70.44,0.10198,-0.37144,0.01627,0.02346,0.43289
5230.35,index_price,1555498745787,open,0.38,25.7,0.37862667,0.37863092,0.3786657,100.0,0.351,0,BTC-26APR19-3250-C,5230.35,0.0,0.155,1.0,0.0,0.0,0.0,0.02432,-0.137,0.78914,0.0,0.99912
166.28,index_price,1555498745786,open,0.04,407.0,0.042043,0.054595,0.0427,63.66,0.044,0,ETH-19APR19-160-C,166.28,54.21,0.041,144.0,0.044,188.0,69.84,0.03267,-0.55439,0.00653,0.03612,0.80689
166.28,index_price,1555498745797,open,0.04,407.0,0.042043,0.054595,0.0427,63.66,0.044,0,ETH-19APR19-160-C,166.28,54.21,0.041,144.0,0.044,153.0,69.84,0.03267,-0.55439,0.00653,0.03612,0.80689
166.28,index_price,1555498745802,open,0.03,673.0,0.030781,0.045622,0.031655,63.26,0.035,0,ETH-19APR19-170-P,166.28,56.89,0.03,114.0,0.033,177.0,68.62,0.04268,-0.71962,-0.00607,0.04748,-0.67912
166.28,index_price,1555498745806,open,0.03,673.0,0.030781,0.045622,0.031655,63.26,0.035,0,ETH-19APR19-170-P,166.28,56.89,0.03,114.0,0.033,108.0,68.62,0.04268,-0.71962,-0.00607,0.04748,-0.67912
166.28,index_price,1555498745813,open,0.11,59.0,0.103985,0.127779,0.105813,65.4,0.103,0,ETH-26APR19-150-C,166.28,65.93,0.106,50.0,0.111,50.0,78.81,0.0589,-0.21698,0.03032,0.01339,0.85573
166.28,index_price,1555498745818,open,0.1,1.0,0.09326,0.12278,0.097924,69.72,0.143,0,ETH-26APR19-180-P,166.28,59.42,0.093,50.0,0.096,106.0,65.88,0.08237,-0.32352,-0.03429,0.01757,-0.75013
166.28,index_price,1555498745823,open,0.1,1.0,0.09326,0.12278,0.097924,69.72,0.143,0,ETH-26APR19-180-P,166.28,59.42,0.093,50.0,0.097,167.0,67.94,0.08237,-0.32352,-0.03429,0.01757,-0.75013
5241.98,BTC-27SEP19,1555498745838,open,0.26,0.0,0.24519795,0.29947556,0.26019486,61.39,None,0.0,BTC-27SEP19-4250-C,5230.35,0.0,0.0005,0.3,0.0,0.0,0.0,10.80632,-2.03645,11.76583,0.00014,0.76319
5241.98,BTC-27SEP19,1555498745838,open,0.58,2.5,0.5523296,0.60508879,0.57175438,64.66,1.278,0.0,BTC-27SEP19-8000-P,5230.35,0.0,0.004,0.3,0.0,0.0,0.0,10.44368,-2.07302,-31.55397,0.00013,-0.77719
5241.98,BTC-27SEP19,1555498745842,open,0.05,947.6,0.02618872,0.07894791,0.04561092,64.66,0.0465,0.0,BTC-27SEP19-8000-C,5230.35,64.1,0.0445,10.0,0.0465,4.8,65.1,10.44349,-2.07294,4.1447,0.00013,0.2228
5241.98,BTC-27SEP19,1555498745859,open,0.01,48.9,0.00089795,0.0511082,0.00812978,71.78,0.008,0.0,BTC-27DEC19-2000-P,5230.35,71.54,0.008,1.0,0.0085,1.0,72.46,2.82059,-0.39875,-1.32242,2e-05,-0.02814
5241.98,BTC-27SEP19,1555498745861,open,1.31,6.1,1.29120692,1.30980228,1.30377924,74.39,1.9095,0.0,BTC-27SEP19-12000-P,5230.35,0.0,0.002,0.3,0.0,0.0,0.0,5.11031,-1.16701,-52.06281,6e-05,-0.92193
5241.98,BTC-27SEP19,1555498745861,open,0.36,261.1,0.35155322,0.38785474,0.36286866,63.05,0.38,0.0,BTC-27SEP19-3500-C,5230.35,0.0,0.161,1.0,0.4045,2.5,90.25,7.04893,-1.36438,12.07134,9e-05,0.87892
5230.35,index_price,1555498745886,open,0.16,0.0,0.1635359,0.1639412,0.16367093,100.0,None,0,BTC-19APR19-4375-C,5230.35,0.0,0.0005,10.4,0.0,0.0,0.0,0.06143,-1.6375,0.22324,4e-05,0.99425
5230.35,index_price,1555498745908,open,0.0,3043.3,0.0,4.25e-06,3.903e-05,100.0,0.0005,0,BTC-26APR19-3250-P,5230.35,0.0,0.0,0.0,0.0005,11.0,129.77,0.02432,-0.137,-0.00116,0.0,-0.00088
166.28,index_price,1555498745908,open,0.0,508.0,0.00025,0.009632,0.003111,88.35,0.006,0.2,ETH-26APR19-210-C,166.28,81.22,0.002,444.0,0.004,250.0,93.05,0.02922,-0.15024,0.00213,0.00492,0.0559
166.28,index_price,1555498745913,open,0.16,195.0,0.158047,0.158554,0.15831,107.45,0.11,0,ETH-19APR19-140-C,166.28,0.0,0.157,188.0,0.162,50.0,169.61,0.0036,-0.10311,0.00709,0.00236,0.98846
166.28,index_price,1555498745918,open,0.26,0.0,0.26293,0.262993,0.262952,0.0,None,0,ETH-19APR19-210-P,166.28,0.0,0.255,57.0,0.27,57.0,234.38,0.0,0.0,-0.01079,0.0,-1.0
168.49,ETH-28JUN19,1555498745930,open,0.67,0.0,0.665514,0.715996,0.678133,80.99,None,0.0,ETH-28JUN19-280-P,166.31,0.0,0.002,15.0,0.0,0.0,0.0,0.13939,-0.07854,-0.52072,0.00308,-0.8913
168.49,ETH-28JUN19,1555498745930,open,0.56,0.0,0.550243,0.611474,0.564386,77.88,None,0.0,ETH-28JUN19-260-P,166.31,0.0,0.002,15.0,0.0,0.0,0.0,0.16605,-0.08997,-0.47275,0.00381,-0.86045
168.49,ETH-28JUN19,1555498745930,open,0.05,491.0,0.033874,0.123223,0.048471,70.0,0.055,0.0,ETH-28JUN19-210-C,166.31,68.37,0.046,357.0,0.053,209.0,72.96,0.2559,-0.12462,0.08011,0.00654,0.28991
168.49,ETH-28JUN19,1555498745930,open,0.45,1686.0,0.437941,0.510846,0.453689,75.18,0.449,0.0,ETH-28JUN19-240-P,166.31,63.37,0.441,31.0,0.462,31.0,81.87,0.20011,-0.10466,-0.42067,0.00476,-0.8142
168.49,ETH-28JUN19,1555498745930,open,0.01,1994.0,0.001927,0.030741,0.006267,74.75,0.01,0.0,ETH-28JUN19-100-P,166.31,71.31,0.005,4.0,0.007,73.0,76.57,0.0658,-0.03421,-0.0157,0.00157,-0.04105
170.92,ETH-27SEP19,1555498745930,open,0.21,510.0,0.190955,0.282984,0.217503,70.01,0.222,0.0,ETH-27SEP19-180-P,166.31,69.44,0.216,102.0,0.22,90.0,70.96,0.45205,-0.09716,-0.50986,0.00495,-0.45099
168.49,ETH-28JUN19,1555498745930,open,0.0,1784.0,0.000601,0.019289,0.00342,77.81,0.006,0.0,ETH-28JUN19-90-P,166.31,71.07,0.002,300.0,0.005,445.0,83.56,0.04129,-0.02235,-0.00889,0.00095,-0.02337
168.49,ETH-28JUN19,1555498745930,open,1.96,0.0,1.967537,1.972612,1.970132,105.0,None,0.0,ETH-28JUN19-500-P,166.31,0.0,0.002,2.0,0.0,0.0,0.0,0.03278,-0.02395,-0.97955,0.00056,-0.9822
168.49,ETH-28JUN19,1555498745930,open,0.31,25.0,0.29852,0.351883,0.305692,69.74,0.315,0.0,ETH-28JUN19-120-C,166.31,0.0,0.002,10.0,0.0,0.0,0.0,0.13633,-0.06614,0.19539,0.0035,0.8946
168.49,ETH-28JUN19,1555498745930,open,1.37,0.0,1.374091,1.38826,1.380236,99.17,None,0.0,ETH-28JUN19-400-P,166.31,0.0,0.002,2.0,0.0,0.0,0.0,0.06513,-0.04493,-0.77629,0.00117,-0.95947
170.95,ETH-27SEP19,1555498745931,open,0.91,1.0,0.88555,0.943595,0.911201,78.28,0.93,0.0,ETH-27SEP19-320-P,166.31,0.0,0.003,6.0,0.934,1.0,90.39,0.29357,-0.07055,-1.32501,0.00288,-0.82575
170.95,ETH-27SEP19,1555498745930,open,1.82,0.0,1.808882,1.830182,1.823924,88.97,None,0.0,ETH-27SEP19-480-P,166.31,0.0,0.0,0.0,0.0,0.0,0.0,0.16156,-0.04413,-2.09703,0.00139,-0.92505
166.31,index_price,1555498745930,open,0.01,270.0,0.000939,0.015471,0.005028,83.45,0.006,0,ETH-26APR19-200-C,166.31,79.1,0.004,251.0,0.006,200.0,87.19,0.04146,-0.19492,0.00336,0.00739,0.08813
168.49,ETH-28JUN19,1555498745931,open,0.9,0.0,0.900186,0.933515,0.910568,88.32,None,0.0,ETH-28JUN19-320-P,166.31,0.0,0.002,15.0,0.0,0.0,0.0,0.10566,-0.06492,-0.60908,0.00214,-0.92516
168.49,ETH-28JUN19,1555498745931,open,0.0,1501.0,0.00014,0.011033,0.002039,83.24,0.004,0.0,ETH-28JUN19-80-P,166.31,75.06,0.001,1999.0,0.003,300.0,88.64,0.02645,-0.01532,-0.00528,0.00057,-0.01386
168.49,ETH-28JUN19,1555498745931,open,0.26,325.0,0.248795,0.314532,0.257949,68.98,0.268,0.0,ETH-28JUN19-130-C,166.31,0.0,0.14,50.0,0.7,1.0,427.23,0.18087,-0.08679,0.19359,0.00469,0.84141
170.95,ETH-27SEP19,1555498745931,open,0.35,77.0,0.332412,0.391556,0.348126,70.06,0.368,0.0,ETH-27SEP19-120-C,166.31,0.0,0.002,6.0,0.0,0.0,0.0,0.27904,-0.06001,0.37442,0.00305,0.83895
170.95,ETH-27SEP19,1555498745931,open,0.54,0.0,0.535054,0.555739,0.541963,75.82,None,0.0,ETH-27SEP19-80-C,166.31,0.0,0.001,4.0,0.0,0.0,0.0,0.09809,-0.02283,0.31902,0.00099,0.96016
168.49,ETH-28JUN19,1555498745931,open,0.02,598.0,0.010728,0.064091,0.017901,69.74,0.02,0.0,ETH-28JUN19-120-P,166.31,67.34,0.016,150.0,0.02,258.0,72.28,0.13633,-0.06614,-0.04091,0.0035,-0.1054
166.31,index_price,1555498745930,open,0.28,0.0,0.278461,0.280518,0.278811,88.54,None,0,ETH-26APR19-120-C,166.31,0.0,0.0,0.0,0.366,1.0,374.76,0.00537,-0.02676,0.02886,0.0009,0.99251
166.31,index_price,1555498745930,open,0.0,216.0,0.0,0.000504,0.000264,105.1,0.002,0,ETH-19APR19-140-P,166.31,0.0,0.0,0.0,0.001,111.0,128.28,0.0032,-0.04385,-9e-05,0.00214,-0.01008
170.95,ETH-27SEP19,1555498745931,open,0.47,121.0,0.455848,0.541148,0.482892,71.83,0.507,0.0,ETH-27SEP19-240-P,166.31,68.49,0.475,28.0,0.497,28.0,77.64,0.40849,-0.09008,-0.88694,0.00436,-0.67979
168.49,ETH-28JUN19,1555498745932,open,1.14,0.0,1.136872,1.158583,1.145301,95.1,None,0.0,ETH-28JUN19-360-P,166.31,0.0,0.002,2.0,0.0,0.0,0.0,0.08451,-0.05591,-0.69317,0.00159,-0.94387
170.95,ETH-27SEP19,1555498745931,open,0.02,112.0,0.003682,0.039206,0.023077,83.56,0.026,0.0,ETH-27SEP19-400-C,166.31,81.83,0.021,111.0,0.025,60.0,85.09,0.21016,-0.05391,0.06384,0.00193,0.10676
170.95,ETH-27SEP19,1555498745931,open,0.29,635.0,0.270135,0.363036,0.298606,70.8,0.303,0.0,ETH-27SEP19-200-P,166.31,69.06,0.294,44.0,0.306,104.0,73.58,0.45351,-0.09856,-0.6382,0.00491,-0.538
170.95,ETH-27SEP19,1555498745931,open,0.44,0.0,0.427726,0.467298,0.438701,71.64,None,0.0,ETH-27SEP19-100-C,166.31,0.0,0.001,6.0,0.0,0.0,0.0,0.18075,-0.03975,0.36185,0.00193,0.91304
170.95,ETH-27SEP19,1555498745931,open,0.21,117.0,0.187837,0.274306,0.212713,69.99,0.198,0.0,ETH-27SEP19-160-C,166.31,68.5,0.209,113.0,0.215,60.0,70.92,0.42459,-0.09123,0.33076,0.00465,0.6463
166.31,index_price,1555498745930,open,0.26,0.0,0.256828,0.266228,0.259913,89.55,None,0.2,ETH-26APR19-210-P,166.31,0.0,0.253,57.0,0.27,57.0,126.36,0.03037,-0.04372,-0.04858,0.00504,-0.9413
170.95,ETH-27SEP19,1555498745932,open,1.24,1.0,1.227961,1.26828,1.24921,82.55,1.285,0.0,ETH-27SEP19-380-P,166.31,0.0,0.161,1.0,0.0,0.0,0.0,0.22901,-0.05803,-1.62392,0.00213,-0.87957
168.52,ETH-28JUN19,1555498745932,open,0.42,0.0,0.408522,0.437317,0.412728,74.42,None,0.0,ETH-28JUN19-100-C,166.31,0.0,0.005,5.0,0.0,0.0,0.0,0.06503,-0.03366,0.18146,0.00156,0.95955
166.31,index_price,1555498745931,open,0.0,774.0,1.2e-05,0.001974,0.00105,101.88,0.002,0,ETH-19APR19-190-C,166.31,0.0,0.0,0.0,0.002,245.0,115.32,0.00964,-0.17463,0.00031,0.00666,0.03698
166.31,index_price,1555498745930,open,0.22,0.0,0.218436,0.224471,0.219111,77.01,None,0,ETH-26APR19-130-C,166.31,0.0,0.0,0.0,0.295,1.0,298.49,0.01114,-0.04834,0.03088,0.00215,0.98262
170.95,ETH-27SEP19,1555498745933,open,1.36,0.0,1.343548,1.379072,1.363348,83.89,None,0.0,ETH-27SEP19-400-P,166.31,0.0,0.001,9.0,0.0,0.0,0.0,0.21201,-0.0546,-1.72041,0.00194,-0.89193
166.31,index_price,1555498745930,open,0.21,0.0,0.203513,0.218044,0.207818,84.32,None,0,ETH-26APR19-200-P,166.31,0.0,0.195,73.0,0.211,73.0,95.45,0.04231,-0.20099,-0.04518,0.00746,-0.90942
166.31,index_price,1555498745930,open,0.0,10.0,5e-06,0.002062,0.000485,92.15,0.001,0,ETH-26APR19-120-P,166.31,0.0,0.0,0.0,0.001,5.0,102.08,0.00665,-0.03451,-0.00041,0.00107,-0.00957
166.31,index_price,1555498745930,open,0.0,120.0,0.0,1e-06,0.0,105.06,0.001,0,ETH-19APR19-120-P,166.31,0.0,0.0,0.0,0.002,201.0,248.81,0.0,-2e-05,0.0,0.0,-1e-05
166.31,index_price,1555498745930,open,0.32,50.0,0.322831,0.322839,0.323072,154.91,0.341,0,ETH-19APR19-220-P,166.31,0.0,0.313,46.0,0.33,46.0,268.38,0.00229,-0.0944,-0.01125,0.00104,-0.99313
166.31,index_price,1555498745931,open,0.0,325.0,0.0,8e-06,2e-06,104.94,0.001,0,ETH-19APR19-220-C,166.31,0.0,0.0,0.0,0.001,350.0,186.14,5e-05,-0.00034,0.0,4e-05,0.00012
166.31,index_price,1555498745930,open,0.28,1.0,0.278456,0.278456,0.278326,0.0,0.268,0,ETH-19APR19-120-C,166.31,0.0,0.001,100.0,0.37,1.0,500.0,0.0,0.0,0.00617,0.0,1.0
166.31,index_price,1555498745930,open,0.0,1780.0,0.000111,0.003941,0.000836,81.06,0.001,0,ETH-19APR19-150-P,166.31,0.0,0.0,0.0,0.002,400.0,96.95,0.00932,-0.13897,-0.00031,0.00809,-0.0355
166.31,index_price,1555498745930,open,0.0,20.0,0.000109,0.006143,0.000925,79.01,0.003,0,ETH-26APR19-130-P,166.31,0.0,0.0,0.0,0.002,450.0,90.19,0.01237,-0.05507,-0.00083,0.00233,-0.01966
166.31,index_price,1555498745932,open,0.08,684.0,0.082895,0.090025,0.08495,82.91,0.076,0,ETH-19APR19-180-P,166.31,0.0,0.08,50.0,0.087,50.0,97.51,0.0204,-0.45077,-0.00845,0.01731,-0.90342
166.31,index_price,1555498745932,open,0.14,841.0,0.142457,0.144418,0.143701,105.25,0.144,0,ETH-19APR19-190-P,166.31,0.0,0.139,50.0,0.146,50.0,131.19,0.0107,-0.30026,-0.00942,0.00715,-0.95794
166.31,index_price,1555498745933,open,0.0,1001.0,0.000578,0.007709,0.002438,81.29,0.008,0,ETH-19APR19-180-C,166.31,66.49,0.001,300.0,0.004,450.0,93.01,0.01968,-0.40554,0.00077,0.01704,0.09202
166.31,index_price,1555498745933,open,0.22,94.0,0.218327,0.218356,0.218196,0.0,0.2,0,ETH-19APR19-130-C,166.31,0.0,0.001,100.0,0.303,1.0,500.0,0.0,0.0,0.00668,0.0,1.0
5241.98,BTC-27SEP19,1555498745937,open,0.38,5.8,0.3620282,0.50890206,0.38477876,62.51,0.385,0.0,BTC-27DEC19-3500-C,5230.35,0.0,0.255,1.0,0.0,0.0,0.0,10.20306,-1.25607,16.95432,9e-05,0.84978
168.49,ETH-28JUN19,1555498745925,open,0.15,1069.0,0.130361,0.222505,0.144881,68.63,0.134,0.0,ETH-28JUN19-160-C,166.28,66.33,0.141,97.0,0.148,90.0,70.5,0.28321,-0.13521,0.15974,0.00738,0.62629
5241.98,BTC-27SEP19,1555498745947,open,0.75,0.0,0.73064743,0.77270631,0.74802658,66.56,None,0.0,BTC-27SEP19-9000-P,5230.35,0.0,0.002,0.3,0.0,0.0,0.0,8.52864,-1.74255,-37.14058,0.0001,-0.83975
5234.9,BTC-28JUN19,1555498745947,open,0.36,19.5,0.34857643,0.37743883,0.35881357,60.24,0.7515,0.0,BTC-28JUN19-7000-P,5230.35,0.0,0.0005,0.4,0.0,0.0,0.0,5.883,-2.46517,-12.25284,0.00018,-0.8298
168.52,ETH-28JUN19,1555498745943,open,0.09,2264.0,0.07877,0.175895,0.094189,68.74,0.097,0.0,ETH-28JUN19-180-C,166.31,67.51,0.092,83.0,0.098,90.0,70.9,0.29774,-0.14238,0.12627,0.00774,0.47468
170.95,ETH-27SEP19,1555498745949,open,1.13,0.0,1.112933,1.15861,1.135329,80.93,None,0.0,ETH-27SEP19-360-P,166.31,0.0,0.01,4.0,1.15,1.0,90.18,0.24679,-0.06131,-1.52662,0.00234,-0.86591
5230.35,index_price,1555498745953,open,0.35,0.0,0.3421714,0.36715455,0.3475466,60.72,None,0,BTC-31MAY19-7000-P,5230.35,0.0,0.0005,0.3,0.0,0.0,0.0,3.19214,-2.20864,-7.84105,0.00016,-0.89958
5230.35,index_price,1555498745953,open,0.0,4.0,0.0,2.556e-05,3.77e-06,100.0,0.0005,0,BTC-19APR19-6750-C,5230.35,0.0,0.0,0.0,0.0005,25.0,156.36,0.00303,-0.01973,6e-05,0.0,0.00021
5234.9,BTC-28JUN19,1555498745960,open,0.0,848.1,0.00015577,0.00447491,0.00472912,75.69,0.0055,0.0,BTC-28JUN19-10000-C,5230.35,70.44,0.003,30.0,0.0075,20.0,82.04,1.97228,-1.03842,0.35612,5e-05,0.03928
168.49,ETH-28JUN19,1555498745961,open,0.12,685.0,0.10196,0.197852,0.117168,68.64,0.11,0.0,ETH-28JUN19-170-C,166.31,66.84,0.114,107.0,0.121,90.0,70.83,0.29603,-0.14136,0.14326,0.00771,0.54895
168.52,ETH-28JUN19,1555498745966,open,0.03,1425.0,0.020326,0.086036,0.029509,69.01,0.034,0.0,ETH-28JUN19-130-P,166.31,66.65,0.027,120.0,0.032,228.0,71.31,0.18085,-0.08682,-0.0624,0.00469,-0.15852
5234.9,BTC-28JUN19,1555498745971,open,0.0,388.0,8e-08,0.0001182,0.00122602,93.45,0.001,0.0,BTC-28JUN19-15000-C,5230.35,85.11,0.0005,19.6,0.002,20.1,98.96,0.61237,-0.39811,0.08916,1e-05,0.00987
166.31,index_price,1555498745971,open,0.1,685.0,0.098181,0.102011,0.098743,77.97,0.074,0,ETH-19APR19-150-C,166.31,0.0,0.097,200.0,0.102,50.0,114.91,0.00821,-0.17054,0.00744,0.0074,0.96958
5230.35,index_price,1555498745984,open,0.0,78.4,4.798e-05,0.00537594,0.00080632,73.72,0.0005,0,BTC-19APR19-5750-C,5230.35,67.9,0.0005,0.5,0.001,15.0,76.74,0.3146,-4.21736,0.01019,0.0003,0.03871
5234.9,BTC-28JUN19,1555498745987,open,1.3,10.0,1.29231476,1.29332905,1.2947592,83.65,1.243,0.0,BTC-28JUN19-12000-P,5230.35,0.0,0.0005,0.4,0.0,0.0,0.0,1.13525,-0.6606,-23.4472,3e-05,-0.97978
5230.35,index_price,1555498745991,open,0.04,65.8,0.03335236,0.07953451,0.03873207,54.27,0.04,0,BTC-31MAY19-5750-C,5230.35,52.91,0.037,5.0,0.0385,0.3,54.09,6.65319,-4.11496,1.90146,0.00037,0.34116
5234.9,BTC-28JUN19,1555498745994,open,1.11,5.7,1.10131585,1.10341497,1.10475496,80.38,1.142,0.0,BTC-28JUN19-11000-P,5230.35,0.0,0.0005,0.4,0.0,0.0,0.0,1.51456,-0.8469,-21.40321,3e-05,-0.9715
5241.98,BTC-27SEP19,1555498745994,open,0.18,31.3,0.14572025,0.3684409,0.18205905,61.01,0.165,0.0,BTC-27DEC19-5500-C,5230.35,58.26,0.173,5.0,0.186,5.0,62.21,17.21912,-2.06909,13.90965,0.00015,0.56356
166.31,index_price,1555498745995,open,0.0,1.0,0.001105,0.014739,0.002272,68.89,0.008,0,ETH-26APR19-140-P,166.31,58.97,0.001,161.0,0.004,400.0,78.26,0.02623,-0.10179,-0.00206,0.00566,-0.04879
5230.35,index_price,1555498746014,open,0.0,145.4,0.00032425,0.00869386,0.00103654,61.99,0.0015,0,BTC-19APR19-4875-P,5230.35,61.52,0.001,6.0,0.0015,15.0,67.3,0.41216,-5.42148,-0.01484,0.00047,-0.05418
5241.98,BTC-27SEP19,1555498746014,open,0.23,17.2,0.19494211,0.41766276,0.23128291,61.01,0.2505,0.0,BTC-27DEC19-5500-P,5230.35,58.34,0.2225,5.0,0.2365,5.0,62.6,17.21911,-2.06911,-24.34561,0.00015,-0.43644
5230.35,index_price,1555498746019,open,0.0,44.3,2.58e-06,0.00231206,0.00040229,83.2,0.001,0,BTC-19APR19-4625-P,5230.35,0.0,0.0,0.0,0.001,25.0,96.85,0.16768,-2.10409,-0.005,0.00014,-0.01822
168.49,ETH-28JUN19,1555498746022,open,0.06,1734.0,0.045308,0.138736,0.060414,69.46,0.062,0.0,ETH-28JUN19-200-C,166.31,67.98,0.058,204.0,0.064,120.0,71.65,0.27512,-0.13295,0.09403,0.00708,0.34382
168.49,ETH-28JUN19,1555498746028,open,0.02,1940.0,0.007125,0.068356,0.021268,77.88,0.023,0.0,ETH-28JUN19-260-C,166.31,75.53,0.019,263.0,0.024,300.0,80.59,0.16605,-0.08997,0.03924,0.00381,0.13955
5234.9,BTC-28JUN19,1555498746036,open,0.52,24.4,0.52245321,0.52348397,0.52439847,82.16,0.5115,0.0,BTC-28JUN19-2500-C,5230.35,0.0,0.0005,1.0,0.0,0.0,0.0,0.80708,-0.46127,4.76286,2e-05,0.98643
5234.9,BTC-28JUN19,1555498746036,open,1.49,0.8,1.48333461,1.48382601,1.48530126,87.63,2.171,0.0,BTC-28JUN19-13000-P,5230.35,0.0,0.07,1.0,0.0,0.0,0.0,0.92908,-0.56634,-25.45507,2e-05,-0.98402
168.49,ETH-28JUN19,1555498746032,open,0.01,1225.0,0.00495,0.045639,0.010347,71.18,0.013,0.0,ETH-28JUN19-110-P,166.31,66.8,0.008,300.0,0.012,107.0,73.99,0.09569,-0.04738,-0.02526,0.0024,-0.06579
168.49,ETH-28JUN19,1555498746038,open,0.22,339.0,0.203846,0.280632,0.215034,68.65,0.19,0.0,ETH-28JUN19-140-C,166.31,66.35,0.212,109.0,0.219,109.0,71.62,0.2234,-0.10669,0.18628,0.00582,0.77648
166.31,index_price,1555498746052,open,0.06,15.0,0.058657,0.090681,0.061408,64.88,0.059,0,ETH-26APR19-160-C,166.31,64.16,0.061,150.0,0.065,178.0,71.19,0.09421,-0.34435,0.02451,0.02159,0.66745
166.31,index_price,1555498746057,open,0.06,15.0,0.058657,0.090681,0.061408,64.88,0.059,0,ETH-26APR19-160-C,166.31,64.16,0.061,150.0,0.064,88.0,69.44,0.09421,-0.34435,0.02451,0.02159,0.66745
5230.35,index_price,1555498746061,open,0.0,295.4,0.0,0.0,0.0,100.0,0.0005,0,BTC-26APR19-2000-P,5230.35,0.0,0.0,0.0,0.0005,30.0,248.4,0.0,0.0,0.0,0.0,0.0
5230.35,index_price,1555498746065,open,0.57,0.0,0.56981846,0.56981846,0.56981846,100.0,0.429,0,BTC-26APR19-2250-C,5230.35,0.0,0.0005,0.2,0.0,0.0,0.0,0.0,-1e-05,0.54713,0.0,1.0
5241.98,BTC-27SEP19,1555498746065,open,0.12,108.0,0.09269432,0.28910146,0.12397977,61.01,0.1295,0.0,BTC-27DEC19-4500-P,5230.35,58.92,0.118,5.0,0.1285,5.0,62.6,14.95674,-1.79726,-15.08177,0.00013,-0.28967
166.31,index_price,1555498746063,open,0.32,50.0,0.322831,0.322839,0.323072,154.91,0.341,0,ETH-19APR19-220-P,166.31,0.0,0.313,46.0,0.331,46.0,276.89,0.00229,-0.0944,-0.01125,0.00104,-0.99313
168.49,ETH-28JUN19,1555498746068,open,0.18,392.0,0.164288,0.250024,0.177451,68.65,0.179,0.0,ETH-28JUN19-150-C,166.31,66.4,0.174,90.0,0.181,91.0,70.96,0.25866,-0.12353,0.17447,0.00674,0.70329
166.31,index_price,1555498746077,open,0.02,352.0,0.010785,0.040327,0.015413,69.73,0.015,0,ETH-26APR19-180-C,166.31,66.85,0.014,201.0,0.017,142.0,72.9,0.08249,-0.32406,0.00951,0.01759,0.25045
5234.9,BTC-28JUN19,1555498746098,open,0.15,117.0,0.13093828,0.16968974,0.14843051,56.47,0.145,0.0,BTC-28JUN19-4750-C,5230.35,55.23,0.1465,5.0,0.1495,0.2,57.16,8.12411,-3.1915,5.64556,0.00027,0.69609
5230.35,index_price,1555498746098,open,0.06,5.4,0.05289506,0.06558208,0.05345586,54.69,0.0605,0,BTC-19APR19-5500-P,5230.35,0.0,0.0515,0.1,0.055,0.1,65.17,0.67415,-9.82907,-0.25536,0.00088,-0.89662
