underlying_price,underlying_index,timestamp,state,settlement_price,open_interest,min_price,max_price,mark_price,mark_iv,last_price,interest_rate,instrument_name,index_price,bid_iv,best_bid_price,best_bid_amount,best_ask_price,best_ask_amount,ask_iv,vega,theta,rho,gamma,delta
8067.32,SYN.BTC-25OCT19,1569841139977,open,0.36,0.0,0.283,0.3565,0.31844738,88.98,None,0.0,BTC-25OCT19-10500-P,8060.36,0.0,0.2955,3.0,0.3495,3.0,129.84,5.0021,-8.94621,-6.40094,0.00013,-0.84576
172.92,SYN.ETH-29NOV19,1569841139986,open,0.61,0.0,0.485,0.614,0.54924,104.46,None,0.0,ETH-29NOV19-260-P,172.78,0.0,0.0,0.0,0.0,0.0,0.0,0.21051,-0.18363,-0.37538,0.00411,-0.77412
172.84,SYN.ETH-25OCT19,1569841139986,open,0.3,6.0,0.29,0.345,0.318056,112.16,0.36,0.0,ETH-25OCT19-120-C,172.78,0.0,0.0,0.0,0.0,0.0,0.0,0.06827,-0.15391,0.07068,0.00299,0.91811
8077.11,SYN.BTC-29NOV19,1569841140014,open,0.16,14.2,0.096,0.18,0.13859749,89.61,0.1615,0.0,BTC-29NOV19-8000-P,8060.36,87.34,0.135,14.4,0.1445,20.3,93.35,12.77199,-9.5578,-7.37024,0.00013,-0.41765
172.8,SYN.ETH-11OCT19,1569841140016,open,0.01,0.0,0.001,0.015,0.004548,133.01,None,0.0,ETH-11OCT19-120-P,172.78,122.33,0.003,150.0,0.007,651.0,146.51,0.0279,-0.17063,-0.00251,0.00236,-0.04427
172.79,SYN.ETH-4OCT19,1569841140029,open,0.0,675.0,0.001,0.014,0.003097,94.79,0.002,0.0,ETH-4OCT19-200-C,172.78,75.84,0.001,10.0,0.003,150.0,94.12,0.02488,-0.30431,0.0013,0.00828,0.07375
8063.4,SYN.BTC-11OCT19,1569841140037,open,0.01,41.9,0.002,0.0295,0.01206289,88.72,0.01,0.0,BTC-11OCT19-9500-C,8060.36,83.64,0.01,6.8,0.012,31.0,88.57,3.38811,-13.81959,0.3557,0.0002,0.16011
8177.5,BTC-27MAR20,1569841140079,open,0.11,262.6,0.0705,0.169,0.11970865,88.55,0.123,0.0,BTC-27MAR20-12000-C,8060.36,86.97,0.1155,20.0,0.12,3.1,88.66,21.77543,-5.39004,10.38221,8e-05,0.37877
8061.44,SYN.BTC-4OCT19,1569841140090,open,0.0,110.0,0.0005,0.0115,0.00181705,104.27,0.0015,0.0,BTC-4OCT19-9750-C,8060.36,94.06,0.001,30.2,0.002,0.5,106.16,0.75998,-10.22344,0.03531,0.00011,0.04307
8177.5,BTC-27MAR20,1569841140093,open,0.01,33.5,0.003,0.0375,0.01498525,102.63,0.0105,0.0,BTC-27MAR20-32000-C,8060.36,100.84,0.0135,6.0,0.0155,0.5,103.23,6.97985,-2.00236,1.87659,2e-05,0.06181
172.98,ETH-27DEC19,1569841140121,open,0.43,0.0,0.421,0.481,0.452551,107.89,None,0.0,ETH-27DEC19-100-C,172.78,0.0,0.0,0.0,0.0,0.0,0.0,0.14548,-0.08931,0.18767,0.00187,0.90318
173.82,ETH-27MAR20,1569841140125,open,1.21,6.0,1.054,1.245,1.148859,101.36,1.165,0.0,ETH-27MAR20-360-P,172.78,79.5,1.106,7.0,1.187,7.0,117.44,0.38752,-0.10979,-1.61666,0.00258,-0.74898
172.84,SYN.ETH-25OCT19,1569841140125,open,0.2,12.0,0.185,0.253,0.221144,105.0,0.192,0.0,ETH-25OCT19-140-C,172.78,0.0,0.0,0.0,0.0,0.0,0.0,0.11944,-0.25208,0.07024,0.00559,0.81746
8063.4,SYN.BTC-11OCT19,1569841140137,open,0.3,0.0,0.3045,0.34,0.32104805,128.53,None,0.0,BTC-11OCT19-5500-C,8060.36,0.0,0.01,1.0,0.0,0.0,0.0,1.03052,-6.08949,1.55142,4e-05,0.96677
172.79,SYN.ETH-4OCT19,1569841140137,open,0.11,33.0,0.106,0.167,0.137542,111.65,0.11,0.0,ETH-4OCT19-150-C,172.78,0.0,0.0,0.0,0.0,0.0,0.0,0.03103,-0.44701,0.01401,0.00877,0.90093
172.79,SYN.ETH-4OCT19,1569841140141,open,0.2,187.0,0.125,0.199,0.160643,95.23,0.164,0.0,ETH-4OCT19-200-P,172.78,0.0,0.0,0.0,0.0,0.0,0.0,0.02514,-0.30891,-0.01992,0.00833,-0.92524
8061.44,SYN.BTC-4OCT19,1569841140150,open,0.02,132.0,0.006,0.0515,0.02732123,91.1,0.025,0.0,BTC-4OCT19-8250-C,8060.36,82.83,0.024,19.4,0.0275,1.4,91.54,3.24879,-38.18167,0.33698,0.00052,0.42099
172.92,SYN.ETH-29NOV19,1569841140152,open,0.04,32.0,0.012,0.061,0.033799,104.59,0.03,0.0,ETH-29NOV19-280-C,172.78,98.87,0.028,693.0,0.034,1.0,104.78,0.18198,-0.15893,0.04068,0.00355,0.17722
8077.11,SYN.BTC-29NOV19,1569841140157,open,0.03,15.7,0.0105,0.0565,0.03060211,89.63,0.029,0.0,BTC-29NOV19-12000-C,8060.36,86.67,0.0275,34.3,0.0295,0.1,88.59,8.63379,-6.46177,2.00154,9e-05,0.18166
8177.5,BTC-27MAR20,1569841140180,open,0.35,8.4,0.3255,0.41,0.36980425,89.02,0.3495,0.0,BTC-27MAR20-6000-C,8060.36,51.88,0.3,2.0,0.68,1.0,252.73,16.47171,-4.09871,16.86283,6e-05,0.79058
172.8,SYN.ETH-11OCT19,1569841140182,open,0.23,0.0,0.227,0.282,0.254714,120.26,None,0.0,ETH-11OCT19-130-C,172.78,0.0,0.0,0.0,0.0,0.0,0.0,0.0401,-0.22174,0.03476,0.00375,0.92988
172.98,ETH-27DEC19,1569841140193,open,0.03,3136.0,0.012,0.052,0.030619,107.85,0.035,0.0,ETH-27DEC19-100-P,172.78,105.91,0.029,120.0,0.035,420.0,112.95,0.14542,-0.08924,-0.05305,0.00187,-0.09678
172.98,ETH-27DEC19,1569841140212,open,0.0,4118.0,0.001,0.011,0.001994,118.17,0.002,0.0,ETH-27DEC19-760-C,172.78,109.87,0.001,120.0,0.003,1503.0,123.88,0.02616,-0.01759,0.00409,0.00031,0.01182
172.98,ETH-27DEC19,1569841140223,open,0.0,14460.0,0.001,0.013,0.003083,112.59,0.004,0.0,ETH-27DEC19-640-C,172.78,106.9,0.002,120.0,0.004,3872.0,116.4,0.03797,-0.02433,0.00631,0.00047,0.01822
172.98,ETH-27DEC19,1569841140223,open,0.95,101.0,0.813,0.962,0.886251,102.91,0.513,0.0,ETH-27DEC19-320-P,172.78,0.0,0.006,5.0,0.0,0.0,0.0,0.21242,-0.12439,-0.71596,0.00287,-0.8329
172.98,ETH-27DEC19,1569841140229,open,3.32,0.0,3.042,3.297,3.164216,113.92,None,0.0,ETH-27DEC19-720-P,172.78,0.0,0.003,5.0,0.0,0.0,0.0,0.02565,-0.01662,-1.72941,0.00031,-0.98845
172.79,SYN.ETH-4OCT19,1569841140237,open,0.17,40.0,0.165,0.219,0.191925,121.57,0.136,0.0,ETH-4OCT19-140-C,172.78,0.0,0.0,0.0,0.0,0.0,0.0,0.01557,-0.24415,0.01408,0.00404,0.95928
172.98,ETH-27DEC19,1569841140257,open,0.02,953.0,0.007,0.05,0.025238,104.92,0.017,0.0,ETH-27DEC19-360-C,172.78,101.54,0.022,740.0,0.028,420.0,107.63,0.17151,-0.10239,0.04019,0.00227,0.12174
172.98,ETH-27DEC19,1569841140257,open,2.6,0.0,2.369,2.586,2.472536,111.56,0.953,0.0,ETH-27DEC19-600-P,172.78,0.0,0.0,0.0,0.0,0.0,0.0,0.04596,-0.02918,-1.43666,0.00057,-0.97717
172.79,SYN.ETH-4OCT19,1569841140257,open,0.0,555.0,0.001,0.011,0.000989,95.87,0.002,0.0,ETH-4OCT19-210-C,172.78,0.0,0.0,0.0,0.001,150.0,96.03,0.01114,-0.13776,0.00048,0.00367,0.02712
172.98,ETH-27DEC19,1569841140259,open,1.41,16.0,1.251,1.416,1.330056,106.27,1.195,0.0,ETH-27DEC19-400-P,172.78,0.0,0.001,8.0,0.0,0.0,0.0,0.13668,-0.08265,-0.93331,0.00179,-0.911
172.98,ETH-27DEC19,1569841140259,open,1.88,21.0,1.697,1.881,1.784868,110.17,0.629,0.0,ETH-27DEC19-480-P,172.78,0.0,0.001,7.0,0.0,0.0,0.0,0.09149,-0.05735,-1.13777,0.00115,-0.94714
8067.32,SYN.BTC-25OCT19,1569841140259,open,0.0,434.7,0.0005,0.012,0.00203665,109.33,0.002,0.0,BTC-25OCT19-15000-C,8060.36,99.59,0.001,39.0,0.003,63.0,115.7,1.0698,-2.351,0.10517,2e-05,0.02116
172.84,SYN.ETH-25OCT19,1569841140261,open,0.12,511.0,0.103,0.178,0.143322,101.97,0.132,0.0,ETH-25OCT19-160-C,172.78,94.27,0.136,369.0,0.145,72.0,103.74,0.1646,-0.33738,0.06131,0.00793,0.66385
172.98,ETH-27DEC19,1569841140263,open,0.27,10.0,0.241,0.328,0.288,101.09,0.26,0.0,ETH-27DEC19-140-C,172.78,95.29,0.279,300.0,0.294,300.0,104.92,0.26972,-0.15513,0.1924,0.0037,0.75
172.98,ETH-27DEC19,1569841140267,open,0.35,2.0,0.324,0.399,0.363858,103.69,0.346,0.0,ETH-27DEC19-120-C,172.78,0.0,0.101,1.0,0.0,0.0,0.0,0.21089,-0.12442,0.19611,0.00282,0.83476
172.92,SYN.ETH-29NOV19,1569841140267,open,0.72,0.0,0.589,0.719,0.65311,104.61,None,0.0,ETH-29NOV19-280-P,172.78,0.0,0.0,0.0,0.0,0.0,0.0,0.18204,-0.15903,-0.41862,0.00355,-0.82269
8063.4,SYN.BTC-11OCT19,1569841140267,open,0.05,257.1,0.0115,0.0595,0.0336515,94.14,0.046,0.0,BTC-11OCT19-7500-P,8060.36,89.7,0.031,39.0,0.0355,5.0,97.22,4.8329,-20.91739,-0.79948,0.00026,-0.2991
172.98,ETH-27DEC19,1569841140279,open,0.52,4199.0,0.404,0.54,0.473492,100.14,0.693,0.0,ETH-27DEC19-240-P,172.78,84.82,0.447,500.0,0.0,0.0,0.0,0.30992,-0.1766,-0.47331,0.0043,-0.66302
172.8,SYN.ETH-11OCT19,1569841140281,open,0.0,40.0,0.001,0.022,0.007376,100.8,0.004,0.0,ETH-11OCT19-220-C,172.78,87.66,0.004,150.0,0.008,150.0,102.87,0.05107,-0.23667,0.0046,0.00569,0.09667
172.98,ETH-27DEC19,1569841140283,open,2.84,0.0,2.593,2.822,2.702719,111.6,None,0.0,ETH-27DEC19-640-P,172.78,0.0,0.0,0.0,0.0,0.0,0.0,0.03613,-0.02294,-1.53487,0.00045,-0.98281
172.98,ETH-27DEC19,1569841140285,open,0.01,7937.0,0.003,0.031,0.013478,108.85,0.013,0.0,ETH-27DEC19-440-C,172.78,104.84,0.011,440.0,0.016,420.0,112.52,0.1131,-0.07005,0.02325,0.00144,0.06931
172.98,ETH-27DEC19,1569841140285,open,0.03,1425.0,0.013,0.066,0.036433,103.0,0.033,0.0,ETH-27DEC19-320-C,172.78,100.15,0.033,396.0,0.04,396.0,105.85,0.21267,-0.12464,0.05455,0.00287,0.16741
172.98,ETH-27DEC19,1569841140289,open,3.08,0.0,2.817,3.06,2.933675,114.29,None,0.0,ETH-27DEC19-680-P,172.78,0.0,0.002,10.0,0.0,0.0,0.0,0.0328,-0.02133,-1.63182,0.0004,-0.98464
172.98,ETH-27DEC19,1569841140289,open,0.0,15281.0,0.001,0.014,0.004128,112.3,0.005,0.0,ETH-27DEC19-600-C,172.78,107.75,0.003,120.0,0.005,5505.0,115.27,0.04753,-0.03037,0.00818,0.00059,0.02376
172.98,ETH-27DEC19,1569841140292,open,0.02,4411.0,0.005,0.038,0.017783,106.44,0.014,0.0,ETH-27DEC19-400-C,172.78,102.77,0.015,740.0,0.02,21.0,109.15,0.13723,-0.08311,0.02986,0.00179,0.08947
172.98,ETH-27DEC19,1569841140297,open,0.0,12462.0,0.001,0.012,0.002812,115.45,0.003,0.0,ETH-27DEC19-680-C,172.78,110.92,0.002,120.0,0.004,2700.0,120.65,0.03479,-0.02286,0.00568,0.00042,0.01645
172.98,ETH-27DEC19,1569841140297,open,1.18,257.0,1.031,1.187,1.106283,104.79,0.7,0.0,ETH-27DEC19-360-P,172.78,0.0,0.01,2.0,0.0,0.0,0.0,0.17112,-0.10204,-0.82664,0.00227,-0.87866
172.8,SYN.ETH-11OCT19,1569841140315,open,0.01,17.0,0.001,0.02,0.007046,120.43,0.01,0.0,ETH-11OCT19-130-P,172.78,115.76,0.006,150.0,0.01,176.0,132.11,0.04021,-0.22261,-0.00399,0.00375,-0.07036
172.98,ETH-27DEC19,1569841140318,open,0.01,10816.0,0.001,0.021,0.00787,112.17,0.008,0.0,ETH-27DEC19-520-C,172.78,107.58,0.006,120.0,0.01,420.0,116.63,0.07654,-0.04885,0.01434,0.00095,0.0423
172.98,ETH-27DEC19,1569841140318,open,0.0,6842.0,0.001,0.016,0.005648,112.17,0.006,0.0,ETH-27DEC19-560-C,172.78,106.88,0.004,120.0,0.007,1502.0,115.79,0.06013,-0.03838,0.01077,0.00074,0.0315
172.98,ETH-27DEC19,1569841140320,open,0.21,406.0,0.175,0.27,0.226684,100.18,0.211,0.0,ETH-27DEC19-160-C,172.78,95.37,0.218,712.0,0.231,300.0,102.58,0.31201,-0.17786,0.17924,0.00432,0.65706
172.98,ETH-27DEC19,1569841140326,open,0.0,4490.0,0.001,0.012,0.002126,115.48,0.002,0.0,ETH-27DEC19-720-C,172.78,106.52,0.001,1120.0,0.003,10.0,120.24,0.02795,-0.01836,0.00443,0.00034,0.01275
172.98,ETH-27DEC19,1569841140331,open,0.11,3074.0,0.057,0.136,0.097296,101.06,0.1,0.0,ETH-27DEC19-140-P,172.78,98.94,0.094,96.0,0.104,396.0,105.34,0.26971,-0.15508,-0.14463,0.0037,-0.24999
172.79,SYN.ETH-4OCT19,1569841140346,open,0.22,0.0,0.225,0.272,0.248434,132.45,None,0.0,ETH-4OCT19-130-C,172.78,0.0,0.0,0.0,0.0,0.0,0.0,0.007,-0.11954,0.0135,0.00167,0.98434
8067.32,SYN.BTC-25OCT19,1569841140368,open,0.25,15.3,0.2475,0.297,0.27207159,103.06,0.286,0.0,BTC-25OCT19-6000-C,8060.36,0.0,0.2535,6.0,0.2845,6.0,125.98,3.91922,-8.1183,3.40611,9e-05,0.89158
8067.32,SYN.BTC-25OCT19,1569841140372,open,0.3,328.2,0.2275,0.3025,0.26414047,88.78,0.245,0.0,BTC-25OCT19-10000-P,8060.36,78.73,0.257,6.9,0.2855,6.9,114.66,6.04843,-10.79307,-5.80262,0.00015,-0.79125
172.79,SYN.ETH-4OCT19,1569841140393,open,0.26,2.0,0.181,0.255,0.216413,96.89,0.263,0.0,ETH-4OCT19-210-P,172.78,0.0,0.0,0.0,0.0,0.0,0.0,0.0116,-0.14503,-0.0218,0.00378,-0.97152
172.98,ETH-27DEC19,1569841140397,open,0.16,1049.0,0.126,0.222,0.177772,99.84,0.17,0.0,ETH-27DEC19-180-C,172.78,96.34,0.171,640.0,0.182,300.0,102.03,0.3341,-0.18979,0.16128,0.00465,0.56503
8067.32,SYN.BTC-25OCT19,1569841140399,open,0.0,908.1,0.0005,0.011,0.00110379,117.61,0.0015,0.0,BTC-25OCT19-17000-C,8060.36,107.63,0.0005,34.5,0.0015,9.7,122.13,0.63268,-1.49558,0.05701,1e-05,0.01147
173.82,ETH-27MAR20,1569841140410,open,0.05,1129.0,0.021,0.093,0.054205,104.62,0.052,0.0,ETH-27MAR20-440-C,172.78,102.32,0.05,284.0,0.059,300.0,107.15,0.32322,-0.09452,0.11018,0.00209,0.18355
8063.4,SYN.BTC-11OCT19,1569841140410,open,0.23,0.0,0.159,0.2235,0.19019459,88.65,None,0.0,BTC-11OCT19-9500-P,8060.36,0.0,0.001,1.0,0.0,0.0,0.0,3.3849,-13.79507,-2.47545,0.0002,-0.84012
172.8,SYN.ETH-11OCT19,1569841140415,open,0.38,0.0,0.294,0.381,0.335249,101.13,None,0.0,ETH-11OCT19-230-P,172.78,0.0,0.0,0.0,0.0,0.0,0.0,0.03577,-0.16629,-0.06564,0.00397,-0.9395
8061.44,SYN.BTC-4OCT19,1569841140422,open,0.23,0.0,0.241,0.2755,0.25689404,145.3,None,0.0,BTC-4OCT19-6000-C,8060.36,0.0,0.0,0.0,0.0,0.0,0.0,0.40748,-7.63808,0.61871,4e-05,0.97969
8061.44,SYN.BTC-4OCT19,1569841140425,open,0.0,81.1,0.0005,0.0105,3.533e-05,145.01,0.0015,0.0,BTC-4OCT19-13000-C,8060.36,0.0,0.0,0.0,0.0005,10.0,186.16,0.02524,-0.28477,0.00074,0.0,0.00089
8077.11,SYN.BTC-29NOV19,1569841140425,open,0.02,25.4,0.0065,0.0385,0.02002077,102.87,0.022,0.0,BTC-29NOV19-5000-P,8060.36,101.26,0.019,39.0,0.022,28.8,105.9,5.1801,-4.44971,-1.41806,5e-05,-0.087
172.8,SYN.ETH-11OCT19,1569841140458,open,0.18,0.0,0.17,0.234,0.203316,115.77,None,0.0,ETH-11OCT19-140-C,172.78,0.0,0.0,0.0,0.0,0.0,0.0,0.06119,-0.32568,0.03462,0.00594,0.87562
172.84,SYN.ETH-25OCT19,1569841140478,open,0.15,508.0,0.085,0.172,0.129395,101.34,0.139,0.0,ETH-25OCT19-180-P,172.78,100.0,0.128,72.0,0.136,196.0,107.68,0.17997,-0.36657,-0.07514,0.00872,-0.50847
173.82,ETH-27MAR20,1569841140483,open,1.67,0.0,1.484,1.693,1.58556,104.62,None,0.0,ETH-27MAR20-440-P,172.78,0.0,0.002,10.0,0.0,0.0,0.0,0.32322,-0.09452,-2.04613,0.00209,-0.81645
8061.44,SYN.BTC-4OCT19,1569841140499,open,0.0,22.2,0.0005,0.0105,8.892e-05,145.01,0.0005,0.0,BTC-4OCT19-12500-C,8060.36,0.0,0.0,0.0,0.0005,5.1,172.97,0.05536,-0.71682,0.00173,1e-05,0.00211
172.79,SYN.ETH-4OCT19,1569841140512,open,0.28,0.0,0.284,0.327,0.305868,148.14,None,0.0,ETH-4OCT19-120-C,172.78,0.0,0.0,0.0,0.0,0.0,0.0,0.00341,-0.06511,0.01261,0.00073,0.99314
172.84,SYN.ETH-25OCT19,1569841140547,open,0.04,1435.0,0.022,0.082,0.051622,101.32,0.046,0.0,ETH-25OCT19-200-C,172.78,97.5,0.048,96.0,0.054,431.0,103.8,0.16484,-0.33569,0.03366,0.00799,0.33738
8063.4,SYN.BTC-11OCT19,1569841140556,open,0.0,69.3,0.0005,0.013,0.00312429,128.39,0.0035,0.0,BTC-11OCT19-5500-P,8060.36,118.42,0.002,53.0,0.0035,0.8,131.25,1.0272,-6.06321,-0.08703,4e-05,-0.0331
173.82,ETH-27MAR20,1569841140558,open,0.04,1147.0,0.017,0.083,0.046747,106.36,0.049,0.0,ETH-27MAR20-480-C,172.78,104.13,0.043,24.0,0.052,300.0,109.37,0.29683,-0.08825,0.09701,0.00188,0.16063
8061.44,SYN.BTC-4OCT19,1569841140558,open,0.0,368.5,0.0005,0.0205,0.005929,91.35,0.006,0.0,BTC-4OCT19-9000-C,8060.36,86.96,0.005,31.0,0.0065,11.8,93.91,1.7643,-20.79326,0.10685,0.00028,0.13075
8077.11,SYN.BTC-29NOV19,1569841140562,open,0.56,0.0,0.4705,0.565,0.51624943,89.6,None,0.0,BTC-29NOV19-12000-P,8060.36,0.0,0.0005,1.0,0.0,0.0,0.0,8.63049,-6.45717,-17.68467,9e-05,-0.81845
172.92,SYN.ETH-29NOV19,1569841140585,open,0.42,0.0,0.413,0.466,0.440027,111.31,None,0.0,ETH-29NOV19-100-C,172.78,0.0,0.0,0.0,0.0,0.0,0.0,0.09905,-0.09207,0.13759,0.00181,0.92509
172.8,SYN.ETH-11OCT19,1569841140596,open,0.32,0.0,0.238,0.325,0.280485,100.79,None,0.0,ETH-11OCT19-220-P,172.78,0.0,0.0,0.0,0.0,0.0,0.0,0.05106,-0.23657,-0.06096,0.00569,-0.90336
8063.41,SYN.BTC-11OCT19,1569841140600,open,0.0,10.3,0.0005,0.011,0.00143536,99.36,0.002,0.0,BTC-11OCT19-11500-C,8060.36,86.13,0.0005,0.5,0.002,30.8,104.62,0.77573,-3.54366,0.05331,4e-05,0.02362
172.8,SYN.ETH-11OCT19,1569841140600,open,0.02,9.0,0.002,0.032,0.013512,115.86,0.032,0.0,ETH-11OCT19-140-P,172.78,114.41,0.013,10.0,0.016,488.0,122.67,0.06125,-0.32624,-0.00711,0.00594,-0.12454
8061.45,SYN.BTC-4OCT19,1569841140602,open,0.25,0.0,0.186,0.24,0.21124507,103.93,None,0.0,BTC-4OCT19-9750-P,8060.36,0.0,0.2085,1.0,0.2175,1.0,145.65,0.75209,-10.08377,-1.00042,0.0001,-0.95749
172.84,SYN.ETH-25OCT19,1569841140611,open,0.24,960.0,0.16,0.256,0.208765,101.3,0.21,0.0,ETH-25OCT19-200-P,172.78,72.7,0.183,20.0,0.239,20.0,131.99,0.16483,-0.3356,-0.10265,0.00799,-0.66267
8061.45,SYN.BTC-4OCT19,1569841140613,open,0.35,1.9,0.2775,0.3325,0.30318397,117.03,0.332,0.0,BTC-4OCT19-10500-P,8060.36,0.0,0.302,1.0,0.31,1.0,181.05,0.34205,-5.16425,-1.10136,4e-05,-0.98346
173.82,ETH-27MAR20,1569841140641,open,1.9,0.0,1.702,1.921,1.808225,106.36,None,0.0,ETH-27MAR20-480-P,172.78,0.0,0.003,10.0,0.0,0.0,0.0,0.29683,-0.08825,-2.25533,0.00188,-0.83937
8067.33,SYN.BTC-25OCT19,1569841140645,open,0.92,0.0,0.8235,0.9035,0.86134384,109.0,None,0.0,BTC-25OCT19-15000-P,8060.36,0.0,0.05,1.0,0.0,0.0,0.0,1.0544,-2.31004,-10.11945,2e-05,-0.97919
8063.41,SYN.BTC-11OCT19,1569841140655,open,0.05,38.0,0.035,0.093,0.0648155,88.73,0.0565,0.0,BTC-11OCT19-8000-C,8060.36,82.41,0.0605,37.0,0.0675,22.0,92.66,5.50739,-22.46613,1.16805,0.00032,0.55098
8063.41,SYN.BTC-11OCT19,1569841140665,open,0.24,0.1,0.2415,0.2835,0.26146873,117.23,0.26,0.0,BTC-11OCT19-6000-C,8060.36,0.0,0.244,3.0,0.2675,3.0,141.79,1.63978,-8.83736,1.63227,7e-05,0.94084
8067.33,SYN.BTC-25OCT19,1569841140680,open,0.02,945.4,0.004,0.033,0.01579453,103.02,0.02,0.0,BTC-25OCT19-6000-P,8060.36,101.37,0.015,15.0,0.017,24.0,105.47,3.91749,-8.11178,-0.68258,9e-05,-0.10835
8067.33,SYN.BTC-25OCT19,1569841140701,open,0.11,26.5,0.0975,0.1625,0.13133952,91.74,0.126,0.0,BTC-25OCT19-7500-C,8060.36,86.12,0.126,21.8,0.132,14.4,92.44,7.679,-14.16045,2.93023,0.00019,0.66429
172.79,SYN.ETH-4OCT19,1569841140701,open,0.0,11.0,0.001,0.011,0.000838,133.43,0.003,0.0,ETH-4OCT19-130-P,172.78,0.0,0.0,0.0,0.001,100.0,137.1,0.00722,-0.12434,-0.00031,0.00171,-0.01625
8177.5,BTC-27MAR20,1569841140705,open,0.05,155.5,0.02,0.089,0.05063147,92.79,0.049,0.0,BTC-27MAR20-18000-C,8060.36,91.1,0.0475,14.9,0.053,18.0,94.04,15.37184,-3.987,5.45624,5e-05,0.18678
8063.41,SYN.BTC-11OCT19,1569841140772,open,0.0,162.2,0.0005,0.019,0.00616493,88.72,0.0045,0.0,BTC-11OCT19-10000-C,8060.36,82.42,0.0045,22.0,0.0065,30.0,89.88,2.29614,-9.36543,0.20606,0.00013,0.09193
8061.45,SYN.BTC-4OCT19,1569841140774,open,0.11,27.0,0.1145,0.162,0.13752286,112.6,0.116,0.0,BTC-4OCT19-7000-C,8060.36,93.4,0.1345,1.0,0.1385,1.0,117.79,1.47051,-21.36143,0.65165,0.00019,0.89881
8177.5,BTC-27MAR20,1569841140785,open,0.02,131.0,0.008,0.0565,0.02691963,97.08,0.026,0.0,BTC-27MAR20-24000-C,8060.36,95.56,0.025,6.0,0.0285,10.0,98.29,10.52958,-2.85742,3.19643,3e-05,0.10668
8177.5,BTC-27MAR20,1569841140788,open,0.02,102.7,0.004,0.0415,0.01724378,101.56,0.0185,0.0,BTC-27MAR20-30000-C,8060.36,99.65,0.0155,6.0,0.0185,10.0,102.86,7.72051,-2.19168,2.13043,2e-05,0.0704
8061.45,SYN.BTC-4OCT19,1569841140801,open,0.67,0.0,0.5815,0.6455,0.61260614,0.0,None,0.0,BTC-4OCT19-13000-P,8060.36,0.0,0.05,1.0,0.0,0.0,0.0,0.0,0.0,-1.38038,0.0,-1.0
173.82,ETH-27MAR20,1569841140809,open,2.13,0.0,1.921,2.151,2.032359,107.95,None,0.0,ETH-27MAR20-520-P,172.78,0.0,0.005,10.0,0.0,0.0,0.0,0.27323,-0.08245,-2.46227,0.00171,-0.85817
8077.14,SYN.BTC-29NOV19,1569841140866,open,0.28,0.0,0.267,0.3305,0.29959107,96.03,None,0.0,BTC-29NOV19-6000-C,8060.36,0.0,0.055,0.1,0.0,0.0,0.0,8.2421,-6.60976,7.0433,8e-05,0.83116
8177.5,BTC-27MAR20,1569841140877,open,0.63,44.2,0.518,0.655,0.58710798,88.54,0.565,0.0,BTC-27MAR20-12000-P,8060.36,74.99,0.552,3.0,0.6375,3.0,107.04,21.77432,-5.38881,-48.42707,8e-05,-0.62129
8067.33,SYN.BTC-25OCT19,1569841140880,open,1.18,0.0,1.0665,1.154,1.10831858,116.96,None,0.0,BTC-25OCT19-17000-P,8060.36,0.0,0.05,1.0,0.0,0.0,0.0,0.61234,-1.43949,-11.53098,1e-05,-0.98895
8061.45,SYN.BTC-4OCT19,1569841140883,open,0.0,294.0,0.0005,0.011,0.0011575,144.9,0.002,0.0,BTC-4OCT19-6000-P,8060.36,141.6,0.001,30.5,0.0025,56.5,165.72,0.40314,-7.53612,-0.01816,4e-05,-0.02005
8063.41,SYN.BTC-11OCT19,1569841140970,open,0.0,12.2,0.0005,0.013,0.00337763,90.75,0.003,0.0,BTC-11OCT19-10500-C,8060.36,82.37,0.002,53.1,0.004,30.0,93.88,1.52596,-6.36629,0.12162,9e-05,0.054
8061.45,SYN.BTC-4OCT19,1569841140974,open,0.6,0.0,0.5205,0.582,0.55063778,137.42,None,0.0,BTC-4OCT19-12500-P,8060.36,0.0,0.01,2.0,0.0,0.0,0.0,0.03397,-0.60225,-1.32628,0.0,-0.99876
8061.45,SYN.BTC-4OCT19,1569841140974,open,0.0,154.5,0.0005,0.0105,0.00058267,131.31,0.0005,0.0,BTC-4OCT19-11000-C,8060.36,0.0,0.0,0.0,0.001,13.5,141.35,0.27611,-4.67731,0.01054,3e-05,0.01289
8067.33,SYN.BTC-25OCT19,1569841140979,open,0.15,9.3,0.1405,0.202,0.17231078,94.29,0.185,0.0,BTC-25OCT19-7000-C,8060.36,85.8,0.1655,20.1,0.1755,20.1,98.17,6.57802,-12.46622,3.21972,0.00016,0.75792
8067.33,SYN.BTC-25OCT19,1569841140982,open,0.42,28.0,0.341,0.4135,0.37577197,90.65,0.383,0.0,BTC-25OCT19-11000-P,8060.36,0.0,0.3545,3.0,0.404,3.0,132.52,4.12903,-7.52299,-6.92287,0.0001,-0.88337
8061.45,SYN.BTC-4OCT19,1569841141005,open,0.16,101.0,0.0955,0.1515,0.12232413,91.22,0.127,0.0,BTC-4OCT19-9000-P,8060.36,87.33,0.1215,0.1,0.1255,0.1,104.53,1.76069,-20.7196,-0.84911,0.00028,-0.86964
8077.14,SYN.BTC-29NOV19,1569841141005,open,0.02,13.4,0.006,0.043,0.02091866,90.41,0.0225,0.0,BTC-29NOV19-13000-C,8060.36,87.54,0.0185,44.0,0.0225,23.0,92.2,6.99669,-5.28217,1.47283,7e-05,0.13208
172.98,ETH-27DEC19,1569841141014,open,0.03,1216.0,0.01,0.058,0.030557,104.29,0.029,0.0,ETH-27DEC19-340-C,172.78,101.0,0.027,740.0,0.033,120.0,106.45,0.1921,-0.11399,0.04704,0.00256,0.1435
8063.41,SYN.BTC-11OCT19,1569841141054,open,0.01,5.6,0.0005,0.0175,0.00555191,117.13,0.0065,0.0,BTC-11OCT19-6000-P,8060.36,111.68,0.0045,45.0,0.0065,7.0,121.62,1.63697,-8.81517,-0.15516,7e-05,-0.05903
8177.5,BTC-27MAR20,1569841141063,open,0.01,22.4,0.003,0.035,0.01356877,104.2,0.011,0.0,BTC-27MAR20-34000-C,8060.36,102.14,0.012,6.0,0.0145,10.0,105.35,6.4644,-1.88282,1.70264,2e-05,0.05605
8061.45,SYN.BTC-4OCT19,1569841141089,open,0.01,97.7,0.0005,0.0285,0.01030648,91.09,0.008,0.0,BTC-4OCT19-8750-C,8060.36,84.73,0.0085,25.4,0.0105,6.2,91.75,2.35563,-27.68216,0.16608,0.00037,0.20433
8063.41,SYN.BTC-11OCT19,1569841141092,open,0.48,0.0,0.3985,0.46,0.42759477,98.98,None,0.0,BTC-11OCT19-11500-P,8060.36,0.0,0.002,1.0,0.0,0.0,0.0,0.76291,-3.47159,-3.3743,4e-05,-0.97684
8067.33,SYN.BTC-25OCT19,1569841141103,open,0.07,245.7,0.032,0.091,0.06099312,91.72,0.0765,0.0,BTC-25OCT19-7500-P,8060.36,90.15,0.0595,15.0,0.063,19.3,93.83,7.67885,-14.15658,-2.181,0.00019,-0.33569
8084.98,BTC-27DEC19,1569841141113,open,0.0,714.8,0.0005,0.0125,0.00255783,110.24,0.0035,0.0,BTC-27DEC19-30000-C,8060.36,107.09,0.002,24.0,0.003,1.0,112.41,1.55708,-0.97669,0.25461,1e-05,0.01564
8084.98,BTC-27DEC19,1569841141113,open,0.05,692.1,0.0235,0.0875,0.05340275,89.75,0.051,0.0,BTC-27DEC19-12000-C,8060.36,87.87,0.0505,35.0,0.0555,54.3,91.09,12.58853,-6.42831,3.81384,9e-05,0.24934
8084.98,BTC-27DEC19,1569841141113,open,0.22,56.9,0.196,0.278,0.23892029,90.21,0.2705,0.0,BTC-27DEC19-7000-C,8060.36,87.88,0.235,20.0,0.2435,30.0,92.92,13.62813,-6.99485,9.12607,0.0001,0.70776
8084.98,BTC-27DEC19,1569841141113,open,0.59,74.2,0.4845,0.593,0.53761427,89.73,0.496,0.0,BTC-27DEC19-12000-P,8060.36,64.81,0.504,4.0,0.577,4.0,113.15,12.58702,-6.42652,-25.07746,9e-05,-0.75072
8084.98,BTC-27DEC19,1569841141136,open,2.85,0.2,2.6385,2.794,2.7130733,109.88,2.03,0.0,BTC-27DEC19-30000-P,8060.36,0.0,0.05,1.0,0.0,0.0,0.0,1.52763,-0.95508,-71.97734,1e-05,-0.98471
8063.41,SYN.BTC-11OCT19,1569841141147,open,0.29,0.0,0.2175,0.2785,0.24630355,88.61,None,0.0,BTC-11OCT19-10000-P,8060.36,0.0,0.003,1.0,0.0,0.0,0.0,2.29041,-9.33024,-2.77425,0.00013,-0.90838
8084.98,BTC-27DEC19,1569841141176,open,0.02,355.8,0.005,0.042,0.01939634,93.86,0.0185,0.0,BTC-27DEC19-16000-C,8060.36,91.68,0.0175,44.0,0.0205,38.0,95.07,7.22823,-3.86006,1.67205,5e-05,0.1053
8084.98,BTC-27DEC19,1569841141176,open,0.7,99.0,0.596,0.704,0.64827638,90.49,0.638,0.0,BTC-27DEC19-13000-P,8060.36,55.41,0.6135,3.0,0.6865,3.0,115.35,11.04953,-5.68909,-28.22366,8e-05,-0.80169
8084.98,BTC-27DEC19,1569841141176,open,0.02,605.8,0.007,0.049,0.02414472,92.44,0.0225,0.0,BTC-27DEC19-15000-C,8060.36,90.81,0.0225,24.0,0.025,21.9,93.26,8.30287,-4.367,2.02177,6e-05,0.12801
8084.98,BTC-27DEC19,1569841141176,open,0.0,315.6,0.0005,0.0125,0.00254466,114.53,0.003,0.0,BTC-27DEC19-32000-C,8060.36,107.87,0.0015,24.0,0.0035,65.0,119.09,1.51232,-0.98554,0.2447,1e-05,0.01512
8084.98,BTC-27DEC19,1569841141190,open,0.3,123.1,0.281,0.351,0.3172326,92.62,0.2965,0.0,BTC-27DEC19-6000-C,8060.36,89.79,0.3135,11.0,0.3235,11.0,97.31,10.71234,-5.6456,9.62117,7e-05,0.81151
8084.98,BTC-27DEC19,1569841141190,open,0.15,218.8,0.09,0.176,0.13335718,89.29,0.133,0.0,BTC-27DEC19-7500-P,8060.36,87.99,0.131,0.1,0.1365,19.0,91.02,14.66447,-7.45034,-9.37135,0.0001,-0.34809
8084.98,BTC-27DEC19,1569841141190,open,0.01,390.5,0.0005,0.02,0.00679206,101.89,0.0055,0.0,BTC-27DEC19-22000-C,8060.36,98.63,0.0055,44.5,0.0075,26.0,103.52,3.40927,-1.97657,0.64379,2e-05,0.03987
8084.98,BTC-27DEC19,1569841141195,open,0.04,755.8,0.012,0.0525,0.03015166,97.1,0.035,0.0,BTC-27DEC19-5000-P,8060.36,95.24,0.0285,44.0,0.0315,17.0,98.58,7.27368,-4.01844,-2.65435,5e-05,-0.10621
8061.45,SYN.BTC-4OCT19,1569841141199,open,0.14,0.0,0.146,0.19,0.16673952,121.7,0.1465,0.0,BTC-4OCT19-6750-C,8060.36,88.56,0.1635,1.0,0.1685,1.0,133.39,1.11096,-17.44304,0.65365,0.00013,0.93036
8177.5,BTC-27MAR20,1569841141203,open,1.33,0.0,1.1815,1.3285,1.25178684,92.79,0.8095,0.0,BTC-27MAR20-18000-P,8060.36,76.3,1.225,1.0,1.3015,1.0,115.89,15.37107,-3.98666,-82.75679,5e-05,-0.81323
8084.98,BTC-27DEC19,1569841141207,open,0.39,66.8,0.3845,0.439,0.4117193,97.09,0.4155,0.0,BTC-27DEC19-5000-C,8060.36,73.54,0.3935,9.0,0.425,9.0,111.0,7.27355,-4.01829,9.3835,5e-05,0.89379
8061.45,SYN.BTC-4OCT19,1569841141207,open,0.17,0.0,0.1775,0.2185,0.1965787,131.38,None,0.0,BTC-4OCT19-6500-C,8060.36,0.0,0.0,0.0,0.0,0.0,0.0,0.83835,-14.20897,0.64607,9e-05,0.95134
8084.98,BTC-27DEC19,1569841141211,open,0.0,227.3,0.0005,0.0125,0.00272927,119.96,0.006,0.0,BTC-27DEC19-2500-P,8060.36,114.35,0.002,24.0,0.0035,41.0,124.95,1.15416,-0.78778,-0.26838,1e-05,-0.01106
8084.98,BTC-27DEC19,1569841141234,open,0.01,483.7,0.003,0.0315,0.01286206,96.37,0.012,0.0,BTC-27DEC19-18000-C,8060.36,94.29,0.0115,24.0,0.0135,19.0,97.29,5.48117,-3.00538,1.16397,4e-05,0.07266
8084.98,BTC-27DEC19,1569841141239,open,0.02,416.2,0.0035,0.028,0.01349242,104.05,0.016,0.0,BTC-27DEC19-4000-P,8060.36,102.09,0.0125,44.0,0.015,53.0,106.9,4.16701,-2.46689,-1.2585,3e-05,-0.05116
8084.98,BTC-27DEC19,1569841141247,open,0.12,187.9,0.086,0.172,0.13035691,88.46,0.117,0.0,BTC-27DEC19-9000-C,8060.36,86.23,0.126,20.0,0.1325,20.0,89.55,15.81909,-7.96191,6.96212,0.00011,0.48803
8084.98,BTC-27DEC19,1569841141247,open,0.01,248.1,0.0005,0.0195,0.00866468,109.07,0.0085,0.0,BTC-27DEC19-3500-P,8060.36,105.76,0.0075,44.0,0.0095,20.0,111.3,2.95493,-1.83379,-0.8202,2e-05,-0.03347
8084.98,BTC-27DEC19,1569841141247,open,0.0,594.7,0.0005,0.0115,0.00156797,115.95,0.0015,0.0,BTC-27DEC19-36000-C,8060.36,110.7,0.001,24.0,0.002,1.5,119.07,1.02275,-0.67476,0.15686,1e-05,0.00963
8084.98,BTC-27DEC19,1569841141255,open,1.57,4.6,1.4275,1.5455,1.48270369,98.87,1.466,0.0,BTC-27DEC19-20000-P,8060.36,0.0,0.05,1.0,2.1415,0.2,500.0,4.23067,-2.38005,-47.31083,3e-05,-0.94785
8084.98,BTC-27DEC19,1569841141257,open,0.35,73.3,0.331,0.3935,0.36259496,94.53,0.491,0.0,BTC-27DEC19-5500-C,8060.36,0.0,0.03,1.0,0.4875,1.0,192.17,8.99994,-4.84094,9.60404,6e-05,0.85599
8084.98,BTC-27DEC19,1569841141257,open,0.82,268.3,0.711,0.8185,0.76242062,91.28,0.7205,0.0,BTC-27DEC19-14000-P,8060.36,0.0,0.728,3.0,0.8005,3.0,118.45,9.57984,-4.97525,-31.22676,7e-05,-0.84183
8084.98,BTC-27DEC19,1569841141257,open,0.07,1130.5,0.0305,0.0905,0.0593357,92.61,0.0675,0.0,BTC-27DEC19-6000-P,8060.36,91.22,0.0575,19.3,0.0615,24.0,94.24,10.71188,-5.64473,-4.82363,7e-05,-0.18847
8084.98,BTC-27DEC19,1569841141257,open,0.5,31.1,0.5005,0.539,0.51874532,104.04,0.6265,0.0,BTC-27DEC19-4000-C,8060.36,0.0,0.03,1.0,0.5505,0.2,150.4,4.16665,-2.46656,8.37187,3e-05,0.94884
8084.98,BTC-27DEC19,1569841141257,open,0.0,505.6,0.0005,0.0105,0.00089895,115.95,0.001,0.0,BTC-27DEC19-40000-C,8060.36,109.85,0.0005,24.1,0.001,19.0,117.16,0.65175,-0.43,0.09486,0.0,0.00577
8084.98,BTC-27DEC19,1569841141267,open,0.94,210.2,0.828,0.936,0.87940246,92.41,0.905,0.0,BTC-27DEC19-15000-P,8060.36,0.0,0.846,2.0,0.9175,2.0,122.12,8.29743,-4.36256,-34.0932,6e-05,-0.87211
8084.98,BTC-27DEC19,1569841141270,open,0.16,238.3,0.131,0.2175,0.17620823,88.46,0.1735,0.0,BTC-27DEC19-8000-C,8060.36,86.51,0.1725,20.0,0.179,19.0,89.93,15.37187,-7.73689,8.15886,0.00011,0.59536
8085.02,BTC-27DEC19,1569841141277,open,0.01,793.4,0.0005,0.0245,0.00902552,98.96,0.007,0.0,BTC-27DEC19-20000-C,8060.36,95.89,0.0075,44.0,0.01,26.0,100.76,4.24321,-2.38915,0.84315,3e-05,0.05234
8085.02,BTC-27DEC19,1569841141280,open,0.45,4.1,0.4415,0.4875,0.46393255,100.21,0.578,0.0,BTC-27DEC19-4500-C,8060.36,0.0,0.0125,2.1,0.896,1.0,500.0,5.63234,-3.2116,8.96902,4e-05,0.92471
8177.5,BTC-27MAR20,1569841141283,open,2.06,0.0,1.8865,2.0465,1.96172153,97.02,None,0.0,BTC-27MAR20-24000-P,8060.36,0.0,0.0005,6.0,0.0,0.0,0.0,10.51336,-2.85118,-114.42637,3e-05,-0.89355
8085.02,BTC-27DEC19,1569841141312,open,0.02,545.3,0.007,0.0385,0.02050988,100.2,0.0235,0.0,BTC-27DEC19-4500-P,8060.36,98.74,0.0195,20.0,0.022,52.0,102.31,5.63152,-3.21078,-1.86454,4e-05,-0.07528
8085.02,BTC-27DEC19,1569841141314,open,0.62,0.0,0.623,0.6475,0.63424704,115.01,None,0.0,BTC-27DEC19-3000-C,8060.36,0.0,0.04,1.0,0.917,0.5,500.0,1.97962,-1.29542,6.71601,1e-05,0.97928
8085.02,BTC-27DEC19,1569841141317,open,0.04,477.3,0.0155,0.0715,0.04038634,90.51,0.037,0.0,BTC-27DEC19-13000-C,8060.36,88.75,0.038,39.3,0.0415,16.0,91.32,11.05252,-5.69197,3.07567,8e-05,0.1984
8085.02,BTC-27DEC19,1569841141317,open,0.0,334.4,0.0005,0.0105,0.0008244,125.84,0.0005,0.0,BTC-27DEC19-48000-C,8060.36,0.0,0.0,0.0,0.0015,20.0,133.34,0.57336,-0.41053,0.08123,0.0,0.005
8085.02,BTC-27DEC19,1569841141317,open,0.0,241.9,0.0005,0.0105,0.0007119,141.43,0.001,0.0,BTC-27DEC19-1500-P,8060.36,135.7,0.0005,1.6,0.001,27.9,147.54,0.33715,-0.2713,-0.06767,0.0,-0.00276
8085.02,BTC-27DEC19,1569841141317,open,0.0,490.6,0.0005,0.013,0.00340297,109.38,0.0035,0.0,BTC-27DEC19-28000-C,8060.36,105.24,0.0025,45.0,0.004,26.3,111.72,1.95083,-1.21411,0.33026,1e-05,0.02037
8085.02,BTC-27DEC19,1569841141325,open,0.06,763.7,0.0365,0.109,0.07149703,89.17,0.068,0.0,BTC-27DEC19-11000-C,8060.36,86.86,0.0675,53.3,0.0735,27.3,90.32,14.07105,-7.13947,4.71804,0.0001,0.31388
8085.02,BTC-27DEC19,1569841141325,open,4.13,0.0,3.8515,4.0505,3.94825305,115.09,2.58,0.0,BTC-27DEC19-40000-P,8060.36,0.0,0.001,1.0,0.0,0.0,0.0,0.61473,-0.40257,-96.21312,0.0,-0.9946
8085.02,BTC-27DEC19,1569841141325,open,0.0,98.3,0.0005,0.011,0.00120371,125.79,0.0025,0.0,BTC-27DEC19-2000-P,8060.36,112.9,0.0005,46.0,0.002,20.0,135.09,0.57958,-0.41481,-0.12189,0.0,-0.00506
8085.02,BTC-27DEC19,1569841141325,open,0.03,581.5,0.0105,0.0585,0.03084673,91.3,0.03,0.0,BTC-27DEC19-14000-C,8060.36,89.72,0.029,19.3,0.031,0.5,91.43,9.58404,-4.97888,2.48041,7e-05,0.15828
8067.33,SYN.BTC-25OCT19,1569841141327,open,0.01,373.1,0.0005,0.019,0.00680959,94.53,0.005,0.0,BTC-25OCT19-12000-C,8060.36,90.52,0.0055,39.0,0.0075,24.0,96.48,2.78686,-5.29527,0.34021,7e-05,0.06869
8061.45,SYN.BTC-4OCT19,1569841141333,open,0.41,2.8,0.338,0.3955,0.36506567,130.22,0.3815,0.0,BTC-4OCT19-11000-P,8060.36,0.0,0.3625,1.0,0.3715,1.0,200.53,0.26416,-4.43762,-1.158,3e-05,-0.98775
8085.02,BTC-27DEC19,1569841141349,open,0.09,508.5,0.056,0.1365,0.09660434,88.85,0.0925,0.0,BTC-27DEC19-10000-C,8060.36,86.94,0.093,20.0,0.099,61.3,90.12,15.26141,-7.71539,5.78359,0.00011,0.39373
8085.02,BTC-27DEC19,1569841141349,open,0.0,1542.5,0.0005,0.0105,0.0006115,127.09,0.0015,0.0,BTC-27DEC19-52000-C,8060.36,0.0,0.0,0.0,0.0005,1.0,124.9,0.44456,-0.32147,0.06127,0.0,0.00376
8063.41,SYN.BTC-11OCT19,1569841141353,open,0.35,0.0,0.2775,0.337,0.30552319,90.57,None,0.0,BTC-11OCT19-10500-P,8060.36,0.0,0.01,1.0,0.0,0.0,0.0,1.51749,-6.31855,-3.00784,9e-05,-0.94638
8085.02,BTC-27DEC19,1569841141360,open,0.56,4.0,0.561,0.5925,0.57575942,109.05,0.666,0.0,BTC-27DEC19-3500-C,8060.36,0.0,0.04,1.0,0.9445,1.0,500.0,2.9539,-1.83288,7.60663,2e-05,0.96654
8085.02,BTC-27DEC19,1569841141360,open,0.47,261.6,0.378,0.4865,0.4320564,89.18,0.478,0.0,BTC-27DEC19-11000-P,8060.36,71.2,0.4025,4.0,0.4725,4.0,111.44,14.07179,-7.1407,-21.76465,0.0001,-0.68608
172.92,SYN.ETH-29NOV19,1569841141360,open,0.18,0.0,0.151,0.239,0.198282,102.45,None,0.0,ETH-29NOV19-160-C,172.78,94.9,0.187,642.0,0.201,322.0,104.26,0.25848,-0.22112,0.1291,0.00514,0.65342
8067.33,SYN.BTC-25OCT19,1569841141376,open,0.05,1131.1,0.017,0.066,0.03998747,94.26,0.049,0.0,BTC-25OCT19-7000-P,8060.36,93.05,0.039,15.0,0.0415,19.3,96.11,6.57746,-12.46181,-1.55064,0.00016,-0.24205
8085.02,BTC-27DEC19,1569841141382,open,1.82,4.9,1.6695,1.794,1.72790989,101.98,1.0385,0.0,BTC-27DEC19-22000-P,8060.36,0.0,0.055,1.0,2.3755,0.3,499.89,3.42059,-1.98479,-52.31991,2e-05,-0.95997
8085.02,BTC-27DEC19,1569841141388,open,0.75,0.0,0.744,0.7635,0.75382945,125.74,None,0.0,BTC-27DEC19-2000-C,8060.36,0.0,0.02,1.3,0.935,0.5,500.0,0.57854,-0.41393,4.69348,0.0,0.99495
8085.02,BTC-27DEC19,1569841141388,open,0.81,0.9,0.8055,0.825,0.81518107,141.37,0.8065,0.0,BTC-27DEC19-1500-C,8060.36,0.0,0.807,15.0,0.8215,15.0,201.43,0.33631,-0.27051,3.54386,0.0,0.99724
8085.02,BTC-27DEC19,1569841141390,open,0.0,458.3,0.0005,0.015,0.00445384,107.98,0.003,0.0,BTC-27DEC19-26000-C,8060.36,104.52,0.0035,20.0,0.0055,65.0,111.25,2.41164,-1.48167,0.42336,1e-05,0.0262
8085.02,BTC-27DEC19,1569841141390,open,0.19,126.6,0.161,0.246,0.20570307,89.29,0.207,0.0,BTC-27DEC19-7500-C,8060.36,87.24,0.202,20.0,0.208,19.0,90.55,14.6645,-7.44988,8.68556,0.0001,0.65191
8085.02,BTC-27DEC19,1569841141392,open,0.01,395.0,0.0005,0.015,0.00529929,114.99,0.0065,0.0,BTC-27DEC19-3000-P,8060.36,111.57,0.0045,24.0,0.0065,64.0,119.62,1.9787,-1.29462,-0.50634,1e-05,-0.02071
8085.02,BTC-27DEC19,1569841141392,open,0.12,269.2,0.0655,0.144,0.10473079,90.21,0.114,0.0,BTC-27DEC19-7000-P,8060.36,88.59,0.102,19.3,0.1075,11.0,91.85,13.62816,-6.9953,-7.72695,0.0001,-0.29223
8177.5,BTC-27MAR20,1569841141396,open,0.01,66.0,0.0025,0.0325,0.01215043,105.37,0.0095,0.0,BTC-27MAR20-36000-C,8060.36,103.0,0.0105,6.0,0.013,10.0,106.51,5.94699,-1.7516,1.53509,2e-05,0.05046
8085.02,BTC-27DEC19,1569841141407,open,0.0,642.0,0.0005,0.0175,0.00549791,105.25,0.004,0.0,BTC-27DEC19-24000-C,8060.36,102.25,0.0045,20.0,0.0065,70.0,107.92,2.86563,-1.71605,0.52071,2e-05,0.03225
8063.41,SYN.BTC-11OCT19,1569841141414,open,0.18,0.2,0.18,0.2285,0.20390234,107.29,0.17,0.0,BTC-11OCT19-6500-C,8060.36,0.0,0.183,3.0,0.2105,3.0,126.32,2.52186,-12.43881,1.66168,0.00012,0.89552
8085.02,BTC-27DEC19,1569841141417,open,0.68,0.0,0.684,0.7035,0.69351161,119.93,None,0.0,BTC-27DEC19-2500-C,8060.36,0.0,0.04,1.0,0.926,0.5,500.0,1.15316,-0.78693,5.7508,1e-05,0.98895
8085.02,BTC-27DEC19,1569841141423,open,0.0,432.2,0.0005,0.0105,0.00069304,118.77,0.0005,0.0,BTC-27DEC19-44000-C,8060.36,115.37,0.0005,24.0,0.001,10.0,122.93,0.51732,-0.34961,0.07319,0.0,0.00445
8085.02,BTC-27DEC19,1569841141426,open,0.26,63.0,0.236,0.3125,0.27591496,91.19,0.345,0.0,BTC-27DEC19-6500-C,8060.36,88.94,0.2725,20.0,0.281,20.0,94.52,12.28797,-6.37564,9.45362,9e-05,0.76158
8077.14,SYN.BTC-29NOV19,1569841141430,open,0.68,0.0,0.586,0.679,0.63036993,90.37,None,0.0,BTC-29NOV19-13000-P,8060.36,0.0,0.05,1.0,0.0,0.0,0.0,6.99221,-5.27675,-19.85398,7e-05,-0.86805
8061.45,SYN.BTC-4OCT19,1569841141430,open,0.0,478.1,0.0005,0.0125,0.0023105,97.29,0.002,0.0,BTC-4OCT19-9500-C,8060.36,94.52,0.002,30.2,0.0025,0.1,98.88,0.93973,-11.79525,0.04611,0.00014,0.05618
8085.02,BTC-27DEC19,1569841141436,open,0.05,292.7,0.0195,0.0695,0.04286122,94.53,0.0475,0.0,BTC-27DEC19-5500-P,8060.36,93.3,0.0415,24.5,0.0445,25.0,95.99,8.99953,-4.84041,-3.63716,6e-05,-0.14399
8061.45,SYN.BTC-4OCT19,1569841141442,open,0.09,11.6,0.084,0.135,0.10957014,105.21,0.078,0.0,BTC-4OCT19-7250-C,8060.36,93.93,0.107,7.1,0.1105,1.1,109.0,1.94414,-26.38758,0.63307,0.00027,0.84915
172.8,SYN.ETH-11OCT19,1569841141462,open,0.06,134.0,0.041,0.11,0.077198,100.82,0.065,0.0,ETH-11OCT19-170-C,172.78,90.2,0.07,418.0,0.081,418.0,106.43,0.11707,-0.54262,0.02547,0.01305,0.57183
8061.45,SYN.BTC-4OCT19,1569841141500,open,0.01,402.9,0.0005,0.0205,0.00583023,112.47,0.0065,0.0,BTC-4OCT19-7000-P,8060.36,110.64,0.0055,30.5,0.007,11.5,118.65,1.46805,-21.30156,-0.09141,0.00019,-0.10096
8067.33,SYN.BTC-25OCT19,1569841141506,open,0.06,221.7,0.0395,0.1005,0.0703428,88.82,0.0625,0.0,BTC-25OCT19-8500-C,8060.36,84.62,0.066,24.0,0.0705,14.4,88.97,8.35187,-14.91079,2.12289,0.00021,0.45646
8177.5,BTC-27MAR20,1569841141609,open,0.25,204.9,0.1705,0.2815,0.22720799,87.47,0.25,0.0,BTC-27MAR20-8000-P,8060.36,86.06,0.2235,4.9,0.233,23.3,89.67,21.54074,-5.26671,-23.78005,8e-05,-0.36617
172.92,SYN.ETH-29NOV19,1569841141616,open,0.15,0.0,0.098,0.186,0.14548,100.87,None,0.0,ETH-29NOV19-180-C,172.78,95.6,0.137,681.0,0.149,361.0,103.06,0.27783,-0.23403,0.11254,0.00562,0.54221
8067.34,SYN.BTC-25OCT19,1569841141640,open,0.54,37.4,0.46,0.5325,0.49429264,94.54,0.533,0.0,BTC-25OCT19-12000-P,8060.36,0.0,0.475,3.0,0.5255,3.0,149.67,2.78775,-5.2976,-7.83796,7e-05,-0.93128
8177.5,BTC-27MAR20,1569841141658,open,0.08,311.5,0.045,0.134,0.08799701,90.22,0.083,0.0,BTC-27MAR20-14000-C,8060.36,88.14,0.083,20.0,0.091,1.4,91.46,19.78767,-4.9903,8.34216,7e-05,0.29616
8061.44,SYN.BTC-4OCT19,1569841141676,open,0.02,356.2,0.0005,0.0265,0.00889298,105.11,0.009,0.0,BTC-4OCT19-7250-P,8060.36,103.48,0.0085,24.4,0.01,0.4,109.63,1.94236,-26.33796,-0.13656,0.00027,-0.15064
8177.5,BTC-27MAR20,1569841141695,open,0.04,292.7,0.014,0.0755,0.04015481,94.26,0.0395,0.0,BTC-27MAR20-20000-C,8060.36,92.62,0.0375,4.9,0.0425,22.0,95.66,13.49928,-3.55665,4.50513,4e-05,0.15257
8061.45,SYN.BTC-4OCT19,1569841141695,open,0.0,66.0,0.0005,0.0105,0.00030243,136.11,0.0005,0.0,BTC-4OCT19-11500-C,8060.36,0.0,0.0,0.0,0.0005,9.0,144.37,0.1597,-2.43801,0.00564,2e-05,0.00689
8061.44,SYN.BTC-4OCT19,1569841141698,open,0.01,167.3,0.002,0.039,0.01720343,91.09,0.015,0.0,BTC-4OCT19-8500-C,8060.36,83.44,0.0145,25.4,0.0155,2.0,86.29,2.89881,-34.06674,0.24415,0.00046,0.30244
8063.41,SYN.BTC-11OCT19,1569841141717,open,0.0,11.9,0.0005,0.0115,0.00198219,93.74,0.003,0.0,BTC-11OCT19-11000-C,8060.36,84.33,0.001,8.0,0.003,30.0,100.77,1.02492,-4.41716,0.07454,6e-05,0.03301
8077.16,SYN.BTC-29NOV19,1569841141717,open,0.2,0.0,0.1755,0.25,0.21440061,91.9,None,0.0,BTC-29NOV19-7000-C,8060.36,86.49,0.207,14.9,0.218,14.9,94.52,11.09013,-8.51073,6.64462,0.00011,0.71588
172.92,SYN.ETH-29NOV19,1569841141740,open,0.23,0.0,0.133,0.236,0.186405,100.85,None,0.0,ETH-29NOV19-180-P,172.78,96.86,0.18,320.0,0.196,204.0,106.82,0.27784,-0.23397,-0.18274,0.00562,-0.45782
8177.5,BTC-27MAR20,1569841141750,open,0.02,65.1,0.006,0.05,0.02266897,98.46,0.0215,0.0,BTC-27MAR20-26000-C,8060.36,96.97,0.021,6.0,0.024,18.0,99.6,9.38595,-2.58314,2.74525,3e-05,0.09117
8077.16,SYN.BTC-29NOV19,1569841141772,open,0.34,0.0,0.2585,0.355,0.30689019,89.63,None,0.0,BTC-29NOV19-10000-P,8060.36,0.0,0.0005,11.0,0.0,0.0,0.0,12.01496,-8.99262,-12.78353,0.00013,-0.6579
8085.02,BTC-27DEC19,1569841141833,open,0.04,477.3,0.0155,0.0715,0.04038402,90.51,0.037,0.0,BTC-27DEC19-13000-C,8060.36,88.75,0.038,39.3,0.042,35.3,91.68,11.05252,-5.69197,3.07567,8e-05,0.1984
8061.45,SYN.BTC-4OCT19,1569841141885,open,0.22,99.2,0.1555,0.2095,0.18075813,97.29,0.1895,0.0,BTC-4OCT19-9500-P,8060.36,0.0,0.167,3.0,0.204,3.0,195.6,0.93956,-11.79232,-0.96264,0.00014,-0.94383
172.8,SYN.ETH-11OCT19,1569841141885,open,0.12,0.0,0.053,0.132,0.093528,100.81,None,0.0,ETH-11OCT19-180-P,172.78,95.62,0.09,90.0,0.101,181.0,111.75,0.11771,-0.54556,-0.03358,0.01312,-0.5586
8067.34,SYN.BTC-25OCT19,1569841141894,open,0.15,3.5,0.087,0.16,0.12396781,88.82,0.145,0.0,BTC-25OCT19-8500-P,8060.36,85.46,0.1205,23.1,0.127,14.4,91.74,8.35187,-14.90973,-3.67008,0.00021,-0.54355
173.81,ETH-27MAR20,1569841141914,open,0.2,1112.0,0.152,0.264,0.212712,95.7,0.204,0.0,ETH-27MAR20-200-C,172.76,93.28,0.206,300.0,0.222,318.0,99.06,0.48161,-0.12883,0.28724,0.0034,0.54993
173.81,ETH-27MAR20,1569841141914,open,2.6,0.0,2.363,2.614,2.483827,110.72,None,0.0,ETH-27MAR20-600-P,172.76,0.0,0.02,10.0,0.0,0.0,0.0,0.23317,-0.07216,-2.87128,0.00142,-0.88705
173.81,ETH-27MAR20,1569841141914,open,0.15,1266.0,0.102,0.211,0.159631,97.1,0.168,0.0,ETH-27MAR20-240-C,172.76,95.06,0.154,600.0,0.167,18.0,99.76,0.48102,-0.13056,0.24424,0.00335,0.44637
173.81,ETH-27MAR20,1569841141914,open,0.03,5035.0,0.01,0.063,0.031786,110.72,0.032,0.0,ETH-27MAR20-600-C,172.76,109.37,0.03,30.0,0.035,300.0,113.06,0.23319,-0.07217,0.06915,0.00142,0.11296
173.81,ETH-27MAR20,1569841141914,open,0.03,1172.0,0.011,0.068,0.035582,109.21,0.031,0.0,ETH-27MAR20-560-C,172.76,107.39,0.033,30.0,0.04,300.0,112.18,0.25114,-0.07667,0.07657,0.00155,0.12548
173.81,ETH-27MAR20,1569841141914,open,0.78,129.0,0.646,0.817,0.733255,98.35,0.74,0.0,ETH-27MAR20-280-P,172.76,79.11,0.685,10.0,0.767,10.0,110.94,0.45685,-0.12559,-1.16649,0.00314,-0.6362
172.98,ETH-27DEC19,1569841141914,open,0.1,3192.0,0.063,0.151,0.109332,99.92,0.106,0.0,ETH-27DEC19-220-C,172.76,96.58,0.103,620.0,0.114,300.0,102.37,0.32857,-0.18681,0.12235,0.00456,0.40312
173.81,ETH-27MAR20,1569841141915,open,0.07,496.0,0.036,0.121,0.077752,101.37,0.065,0.0,ETH-27MAR20-360-C,172.76,99.21,0.073,560.0,0.084,300.0,104.13,0.38749,-0.10979,0.14758,0.00258,0.25102
173.81,ETH-27MAR20,1569841141915,open,0.23,1509.0,0.154,0.269,0.213893,95.64,0.241,0.0,ETH-27MAR20-160-P,172.76,92.9,0.207,274.0,0.222,274.0,98.87,0.437,-0.11682,-0.4576,0.00309,-0.32333
173.81,ETH-27MAR20,1569841141915,open,2.37,0.0,2.142,2.382,2.257305,109.08,None,0.0,ETH-27MAR20-560-P,172.76,0.0,0.01,10.0,0.0,0.0,0.0,0.25049,-0.07638,-2.66806,0.00155,-0.87499
172.98,ETH-27DEC19,1569841141915,open,1.3,0.0,1.141,1.301,1.21796,105.75,None,0.0,ETH-27DEC19-380-P,172.76,0.0,0.001,5.0,0.0,0.0,0.0,0.15363,-0.09244,-0.88024,0.00202,-0.89566
172.98,ETH-27DEC19,1569841141915,open,1.07,0.0,0.922,1.075,0.996096,104.28,None,0.0,ETH-27DEC19-340-P,172.76,0.0,0.001,5.0,0.0,0.0,0.0,0.19208,-0.11398,-0.77154,0.00256,-0.85652
172.98,ETH-27DEC19,1569841141915,open,0.06,1921.0,0.032,0.106,0.068473,100.72,0.05,0.0,ETH-27DEC19-260-C,172.76,98.0,0.064,300.0,0.073,396.0,103.43,0.2866,-0.16424,0.08884,0.00395,0.2818
172.96,ETH-27DEC19,1569841141915,open,1.65,0.0,1.474,1.648,1.557122,108.4,None,0.0,ETH-27DEC19-440-P,172.76,0.0,0.001,8.0,0.0,0.0,0.0,0.11166,-0.06887,-1.03642,0.00143,-0.93182
172.96,ETH-27DEC19,1569841141915,open,0.06,9598.0,0.029,0.088,0.057553,103.65,0.068,0.0,ETH-27DEC19-120-P,172.76,101.55,0.055,96.0,0.062,396.0,107.27,0.21087,-0.12436,-0.09278,0.00282,-0.16525
173.81,ETH-27MAR20,1569841141915,open,0.11,1793.0,0.06,0.138,0.099496,96.31,0.1,0.0,ETH-27MAR20-120-P,172.76,94.45,0.096,300.0,0.106,24.0,99.75,0.32766,-0.08821,-0.24459,0.0023,-0.18765
172.96,ETH-27DEC19,1569841141915,open,0.04,818.0,0.017,0.077,0.044787,102.37,0.041,0.0,ETH-27DEC19-300-C,172.76,99.56,0.041,716.0,0.048,396.0,104.69,0.23687,-0.13797,0.06421,0.00321,0.19899
172.96,ETH-27DEC19,1569841141915,open,2.12,37.0,1.921,2.116,2.013996,111.38,0.707,0.0,ETH-27DEC19-520-P,172.76,0.0,0.002,25.0,0.0,0.0,0.0,0.07439,-0.04714,-1.23805,0.00093,-0.95915
172.96,ETH-27DEC19,1569841141915,open,3.56,0.0,3.267,3.535,3.395565,114.45,None,0.0,ETH-27DEC19-760-P,172.76,0.0,0.0,0.0,0.0,0.0,0.0,0.02114,-0.01377,-1.82651,0.00026,-0.99074
172.96,ETH-27DEC19,1569841141915,open,0.33,3987.0,0.232,0.355,0.295581,99.78,0.306,0.0,ETH-27DEC19-200-P,172.76,96.41,0.289,412.0,0.306,72.0,105.11,0.33811,-0.19196,-0.3399,0.0047,-0.52069
173.81,ETH-27MAR20,1569841141915,open,0.04,937.0,0.014,0.075,0.040759,107.96,0.037,0.0,ETH-27MAR20-520-C,172.76,106.17,0.038,30.0,0.046,300.0,111.2,0.27321,-0.08245,0.08609,0.00171,0.14183
172.96,ETH-27DEC19,1569841141915,open,0.62,946.0,0.501,0.641,0.571537,100.63,0.3,0.0,ETH-27DEC19-260-P,172.76,0.0,0.0,0.0,0.0,0.0,0.0,0.28637,-0.16396,-0.53723,0.00395,-0.7186
172.79,SYN.ETH-4OCT19,1569841141914,open,0.05,303.0,0.006,0.061,0.031113,94.82,0.053,0.0,ETH-4OCT19-170-P,172.76,89.55,0.029,344.0,0.037,90.0,109.45,0.0694,-0.84895,-0.00818,0.02309,-0.41473
173.81,ETH-27MAR20,1569841141916,open,0.06,941.0,0.027,0.105,0.064129,102.92,0.061,0.0,ETH-27MAR20-400-C,172.76,100.87,0.06,584.0,0.069,300.0,105.29,0.35345,-0.10169,0.12668,0.00232,0.21285
172.96,ETH-27DEC19,1569841141916,open,0.24,4314.0,0.16,0.272,0.218333,99.79,0.253,0.0,ETH-27DEC19-180-P,172.76,97.03,0.213,340.0,0.226,204.0,103.76,0.33408,-0.18969,-0.27211,0.00465,-0.43513
172.96,ETH-27DEC19,1569841141916,open,2.36,0.0,2.145,2.351,2.243015,111.08,0.845,0.0,ETH-27DEC19-560-P,172.76,0.0,0.0,0.0,0.0,0.0,0.0,0.05748,-0.03633,-1.338,0.00072,-0.97016
173.79,ETH-27MAR20,1569841141916,open,0.58,132.0,0.458,0.617,0.54037,97.02,0.583,0.0,ETH-27MAR20-240-P,172.76,93.63,0.531,300.0,0.554,18.0,101.94,0.48092,-0.13043,-0.93202,0.00335,-0.55395
172.92,SYN.ETH-29NOV19,1569841141914,open,0.14,0.0,0.078,0.167,0.123567,102.43,None,0.0,ETH-29NOV19-160-P,172.76,97.37,0.116,619.0,0.129,299.0,106.07,0.25848,-0.22109,-0.13336,0.00514,-0.34658
172.84,SYN.ETH-25OCT19,1569841141915,open,0.01,5057.0,0.001,0.018,0.006656,109.03,0.008,0.0,ETH-25OCT19-280-C,172.76,103.29,0.005,120.0,0.008,620.0,113.12,0.05393,-0.11818,0.00631,0.00243,0.06025
172.96,ETH-27DEC19,1569841141917,open,0.05,1719.0,0.024,0.09,0.055454,101.74,0.05,0.0,ETH-27DEC19-280-C,172.76,98.77,0.051,716.0,0.059,396.0,104.06,0.26213,-0.15175,0.07568,0.00358,0.2372
172.79,SYN.ETH-4OCT19,1569841141915,open,0.38,0.0,0.293,0.375,0.33178,124.78,0.093,0.0,ETH-4OCT19-230-P,172.76,0.0,0.0,0.0,0.0,0.0,0.0,0.00689,-0.1109,-0.02415,0.00174,-0.98462
172.96,ETH-27DEC19,1569841141917,open,0.17,4489.0,0.101,0.199,0.151622,100.14,0.165,0.0,ETH-27DEC19-160-P,172.76,97.58,0.147,96.0,0.159,385.0,104.23,0.31201,-0.17777,-0.20598,0.00433,-0.34304
172.96,ETH-27DEC19,1569841141917,open,0.84,1.0,0.707,0.853,0.779091,102.22,0.494,0.0,ETH-27DEC19-300-P,172.76,0.0,0.001,5.0,0.0,0.0,0.0,0.23648,-0.13755,-0.6582,0.00321,-0.80155
172.96,ETH-27DEC19,1569841141917,open,0.01,5495.0,0.001,0.025,0.010139,110.48,0.009,0.0,ETH-27DEC19-480-C,172.76,106.18,0.008,120.0,0.013,420.0,115.44,0.09234,-0.05804,0.01805,0.00116,0.05348
172.96,ETH-27DEC19,1569841141918,open,0.02,510.0,0.006,0.044,0.021174,105.76,0.023,0.0,ETH-27DEC19-380-C,172.76,102.04,0.018,740.0,0.024,420.0,108.85,0.1536,-0.09244,0.03463,0.00202,0.10433
172.92,SYN.ETH-29NOV19,1569841141914,open,0.02,48.0,0.006,0.035,0.018323,111.28,0.019,0.0,ETH-29NOV19-100-P,172.76,107.1,0.016,500.0,0.022,510.0,117.46,0.09901,-0.092,-0.02643,0.00181,-0.07487
172.84,SYN.ETH-25OCT19,1569841141915,open,0.04,2243.0,0.011,0.055,0.031183,105.04,0.042,0.0,ETH-25OCT19-140-P,172.76,103.32,0.03,96.0,0.034,438.0,109.07,0.11946,-0.25222,-0.02518,0.00559,-0.1826
172.79,SYN.ETH-4OCT19,1569841141914,open,0.0,133.0,0.001,0.011,0.000675,124.78,0.001,0.0,ETH-4OCT19-230-C,172.76,0.0,0.0,0.0,0.001,100.0,131.89,0.00689,-0.1109,0.00027,0.00174,0.01538
172.84,SYN.ETH-25OCT19,1569841141916,open,0.34,483.0,0.253,0.353,0.302891,102.44,0.337,0.0,ETH-25OCT19-220-P,172.76,0.0,0.269,17.0,0.342,17.0,147.15,0.13398,-0.27586,-0.12743,0.00642,-0.77891
172.8,SYN.ETH-11OCT19,1569841141914,open,0.08,0.0,0.027,0.095,0.060961,100.81,None,0.0,ETH-11OCT19-170-P,172.76,97.92,0.059,90.0,0.068,264.0,111.2,0.11707,-0.54257,-0.02518,0.01305,-0.42817
172.79,SYN.ETH-4OCT19,1569841141917,open,0.0,21.0,0.001,0.011,0.00052,150.0,0.007,0.0,ETH-4OCT19-250-C,172.76,0.0,0.0,0.0,0.002,500.0,181.0,0.0049,-0.08989,0.00018,0.00103,0.01037
172.84,SYN.ETH-25OCT19,1569841141915,open,0.68,3.0,0.575,0.683,0.626684,109.03,0.645,0.0,ETH-25OCT19-280-P,172.76,0.0,0.0,0.0,0.0,0.0,0.0,0.05393,-0.11818,-0.18451,0.00243,-0.93975
172.96,ETH-27DEC19,1569841141919,open,0.08,5064.0,0.045,0.126,0.086114,100.2,0.079,0.0,ETH-27DEC19-240-C,172.76,97.33,0.081,620.0,0.09,301.0,102.36,0.30992,-0.17669,0.1045,0.00429,0.33707
172.79,SYN.ETH-4OCT19,1569841141917,open,0.0,970.0,0.001,0.011,0.000396,150.0,0.002,0.0,ETH-4OCT19-120-P,172.76,0.0,0.0,0.0,0.002,650.0,190.3,0.00365,-0.06835,-0.00014,0.00077,-0.00743
172.8,SYN.ETH-11OCT19,1569841141915,open,0.05,7.0,0.013,0.068,0.038292,104.42,0.05,0.0,ETH-11OCT19-160-P,172.76,100.6,0.036,120.0,0.044,356.0,113.83,0.1041,-0.49973,-0.01755,0.0112,-0.30249
172.84,SYN.ETH-25OCT19,1569841141916,open,0.01,3750.0,0.003,0.027,0.012379,112.22,0.013,0.0,ETH-25OCT19-120-P,172.76,108.65,0.011,620.0,0.015,620.0,118.59,0.06833,-0.15414,-0.01112,0.00299,-0.08199
172.84,SYN.ETH-25OCT19,1569841141916,open,0.01,873.0,0.001,0.026,0.010737,106.69,0.007,0.0,ETH-25OCT19-260-C,172.76,102.49,0.009,120.0,0.012,620.0,109.53,0.07465,-0.16008,0.00961,0.00344,0.09229
172.79,SYN.ETH-4OCT19,1569841141916,open,0.06,589.0,0.053,0.119,0.087737,102.13,0.075,0.0,ETH-4OCT19-160-C,172.76,85.66,0.083,39.0,0.088,30.0,103.0,0.05227,-0.68868,0.01276,0.01614,0.78327
172.92,SYN.ETH-29NOV19,1569841141914,open,0.1,6.0,0.039,0.108,0.073442,103.58,0.078,0.0,ETH-29NOV19-140-P,172.76,99.21,0.068,390.0,0.079,390.0,107.99,0.21667,-0.1874,-0.08831,0.00426,-0.23789
172.79,SYN.ETH-4OCT19,1569841141915,open,0.14,54.0,0.071,0.146,0.108606,94.82,0.139,0.0,ETH-4OCT19-190-P,172.76,88.64,0.107,30.0,0.116,30.0,119.76,0.04639,-0.56753,-0.01707,0.01543,-0.82199
172.92,SYN.ETH-29NOV19,1569841141914,open,0.33,0.0,0.309,0.377,0.344888,106.15,None,0.0,ETH-29NOV19-120-C,172.76,0.0,0.0,0.0,0.0,0.0,0.0,0.15852,-0.14052,0.14512,0.00304,0.85649
172.79,SYN.ETH-4OCT19,1569841141917,open,0.09,290.0,0.028,0.099,0.064073,94.82,0.104,0.0,ETH-4OCT19-180-P,172.76,89.39,0.062,90.0,0.071,90.0,112.62,0.06634,-0.81153,-0.01299,0.02207,-0.64416
172.8,SYN.ETH-11OCT19,1569841141915,open,0.0,0.0,0.001,0.015,0.004202,100.82,None,0.0,ETH-11OCT19-230-C,172.76,78.71,0.001,150.0,0.006,650.0,108.75,0.03547,-0.1644,0.00287,0.00395,0.05986
172.84,SYN.ETH-25OCT19,1569841141916,open,0.01,1244.0,0.004,0.037,0.017754,104.42,0.015,0.0,ETH-25OCT19-240-C,172.76,101.38,0.016,120.0,0.019,500.0,106.51,0.10177,-0.21361,0.01473,0.00479,0.14277
172.8,SYN.ETH-11OCT19,1569841141914,open,0.04,92.0,0.021,0.083,0.051897,100.82,0.05,0.0,ETH-11OCT19-180-C,172.76,90.67,0.045,90.0,0.054,385.0,103.91,0.11771,-0.54563,0.02006,0.01312,0.44141
172.79,SYN.ETH-4OCT19,1569841141915,open,0.0,339.0,0.001,0.011,0.000717,109.13,0.001,0.0,ETH-4OCT19-220-C,172.76,0.0,0.0,0.0,0.001,100.0,114.61,0.00796,-0.11213,0.00032,0.0023,0.01822
172.84,SYN.ETH-25OCT19,1569841141917,open,0.45,302.0,0.356,0.459,0.406349,104.42,0.432,0.0,ETH-25OCT19-240-P,172.76,0.0,0.386,14.0,0.441,14.0,151.39,0.10177,-0.21361,-0.14884,0.00479,-0.85723
172.92,SYN.ETH-29NOV19,1569841141915,open,0.05,2.0,0.017,0.064,0.038866,106.15,0.043,0.0,ETH-29NOV19-120-P,172.76,101.87,0.035,462.0,0.044,462.0,111.66,0.15852,-0.14052,-0.05173,0.00304,-0.14351
172.79,SYN.ETH-4OCT19,1569841141915,open,0.0,80.0,0.001,0.011,0.001095,150.0,0.001,0.0,ETH-4OCT19-240-C,172.76,0.0,0.0,0.0,0.004,500.0,186.22,0.00872,-0.16865,0.00035,0.00183,0.02026
172.84,SYN.ETH-25OCT19,1569841141915,open,0.57,3.0,0.464,0.569,0.515048,106.69,0.534,0.0,ETH-25OCT19-260-P,172.76,0.0,0.0,0.0,0.0,0.0,0.0,0.07465,-0.16008,-0.16759,0.00344,-0.90771
172.8,SYN.ETH-11OCT19,1569841141915,open,0.13,0.0,0.118,0.187,0.154811,108.99,None,0.0,ETH-11OCT19-150-C,172.76,0.0,0.0,0.0,0.0,0.0,0.0,0.08318,-0.41678,0.03329,0.00858,0.80132
172.8,SYN.ETH-11OCT19,1569841141915,open,0.16,0.0,0.09,0.175,0.133054,100.81,None,0.0,ETH-11OCT19-190-P,172.76,95.84,0.13,90.0,0.143,90.0,116.54,0.10714,-0.49656,-0.04169,0.01195,-0.67658
172.79,SYN.ETH-4OCT19,1569841141915,open,0.0,327.0,0.001,0.012,0.002205,122.04,0.003,0.0,ETH-4OCT19-140-P,172.76,105.77,0.001,153.0,0.003,81.0,130.04,0.01574,-0.24774,-0.0008,0.00407,-0.04126
172.79,SYN.ETH-4OCT19,1569841141916,open,0.44,0.0,0.349,0.436,0.39007,149.93,None,0.0,ETH-4OCT19-240-P,172.76,0.0,0.0,0.0,0.0,0.0,0.0,0.0087,-0.16822,-0.02513,0.00183,-0.97979
172.8,SYN.ETH-11OCT19,1569841141915,open,0.01,242.0,0.002,0.031,0.012615,100.82,0.005,0.0,ETH-11OCT19-210-C,172.76,88.35,0.008,650.0,0.013,150.0,101.76,0.06978,-0.32344,0.00711,0.00778,0.15076
172.84,SYN.ETH-25OCT19,1569841141915,open,0.08,1971.0,0.036,0.103,0.069073,102.0,0.075,0.0,ETH-25OCT19-160-P,172.76,99.82,0.067,96.0,0.073,324.0,106.12,0.1646,-0.33746,-0.04773,0.00793,-0.33616
172.84,SYN.ETH-25OCT19,1569841141916,open,0.07,1014.0,0.05,0.122,0.087923,101.31,0.076,0.0,ETH-25OCT19-180-C,172.76,95.62,0.082,441.0,0.09,441.0,103.31,0.17997,-0.36648,0.04754,0.00873,0.4915
172.79,SYN.ETH-4OCT19,1569841141914,open,0.32,13.0,0.237,0.315,0.273947,109.13,0.071,0.0,ETH-4OCT19-220-P,172.76,0.0,0.0,0.0,0.0,0.0,0.0,0.00796,-0.11213,-0.02304,0.0023,-0.98178
172.79,SYN.ETH-4OCT19,1569841141918,open,0.03,771.0,0.016,0.077,0.047255,94.82,0.04,0.0,ETH-4OCT19-170-C,172.76,79.21,0.041,339.0,0.048,90.0,96.68,0.0694,-0.84901,0.00987,0.02309,0.58527
172.8,SYN.ETH-11OCT19,1569841141914,open,0.03,22.0,0.005,0.047,0.022843,108.99,0.029,0.0,ETH-11OCT19-150-P,172.76,105.12,0.021,120.0,0.027,554.0,117.45,0.08318,-0.41678,-0.01141,0.00858,-0.19868
172.92,SYN.ETH-29NOV19,1569841141914,open,0.26,0.0,0.22,0.301,0.263802,103.58,None,0.0,ETH-29NOV19-140-C,172.76,94.87,0.253,291.0,0.268,291.0,106.92,0.21667,-0.1874,0.14135,0.00426,0.76211
8067.34,SYN.BTC-25OCT19,1569841141944,open,0.0,375.2,0.0005,0.014,0.00425118,99.46,0.0035,0.0,BTC-25OCT19-13000-C,8060.36,93.75,0.003,70.0,0.005,48.0,102.41,1.95489,-3.90816,0.21769,4e-05,0.04385
8177.5,BTC-27MAR20,1569841141948,open,0.11,163.4,0.064,0.1435,0.10351354,89.01,0.104,0.0,BTC-27MAR20-6000-P,8060.36,87.77,0.101,4.9,0.1075,19.0,90.99,16.47143,-4.09818,-12.54034,6e-05,-0.20941
8177.5,BTC-27MAR20,1569841141950,open,0.01,546.9,0.0005,0.028,0.00979258,107.31,0.0085,0.0,BTC-27MAR20-40000-C,8060.36,105.12,0.0085,7.3,0.0105,6.0,108.43,5.04643,-1.51367,1.25604,1e-05,0.04113
8067.33,SYN.BTC-25OCT19,1569841141951,open,0.01,616.4,0.0025,0.0285,0.0122774,90.71,0.0095,0.0,BTC-25OCT19-11000-C,8060.36,88.15,0.011,24.0,0.013,24.0,92.1,4.13394,-7.53718,0.57481,0.0001,0.11683
8063.4,SYN.BTC-11OCT19,1569841141957,open,0.02,23.8,0.0055,0.0445,0.02239555,88.72,0.02,0.0,BTC-11OCT19-9000-C,8060.36,80.67,0.018,44.0,0.022,24.0,88.0,4.5217,-18.44384,0.57272,0.00026,0.26078
8077.14,SYN.BTC-29NOV19,1569841141966,open,0.05,15.2,0.019,0.069,0.04241887,96.02,0.049,0.0,BTC-29NOV19-6000-P,8060.36,94.13,0.0405,19.3,0.045,23.1,98.54,8.24145,-6.6083,-2.79883,8e-05,-0.16882
8077.14,SYN.BTC-29NOV19,1569841141973,open,0.05,15.2,0.019,0.069,0.04241887,96.02,0.049,0.0,BTC-29NOV19-6000-P,8060.36,94.13,0.0405,34.3,0.045,23.1,98.54,8.24145,-6.6083,-2.79883,8e-05,-0.16882
8085.02,BTC-27DEC19,1569841141972,open,0.19,564.4,0.1185,0.211,0.16568695,88.46,0.18,0.0,BTC-27DEC19-8000-P,8060.36,86.78,0.1625,14.4,0.1705,17.0,90.99,15.37191,-7.73691,-11.10148,0.00011,-0.40463
8085.02,BTC-27DEC19,1569841141981,open,0.19,564.4,0.1185,0.211,0.16568695,88.46,0.18,0.0,BTC-27DEC19-8000-P,8060.36,86.78,0.1625,30.1,0.1705,17.0,90.99,15.37191,-7.73691,-11.10148,0.00011,-0.40463
8061.45,SYN.BTC-4OCT19,1569841142049,open,0.47,0.0,0.399,0.458,0.42684608,136.15,None,0.0,BTC-4OCT19-11500-P,8060.36,0.0,0.011,26.0,0.0,0.0,0.0,0.16002,-2.8108,-1.21545,2e-05,-0.99309
8177.5,BTC-27MAR20,1569841142052,open,3.57,0.0,3.319,3.5215,3.41446838,105.36,None,0.0,BTC-27MAR20-36000-P,8060.36,0.0,0.06,1.0,0.0,0.0,0.0,5.94532,-1.75098,-174.89074,2e-05,-0.94956
8063.41,SYN.BTC-11OCT19,1569841142083,open,0.41,0.0,0.338,0.398,0.36617127,93.76,None,0.0,BTC-11OCT19-11000-P,8060.36,0.0,0.01,1.0,0.0,0.0,0.0,1.02565,-4.42115,-3.203,6e-05,-0.96696
8177.5,BTC-27MAR20,1569841142112,open,0.16,161.8,0.116,0.2215,0.17058426,87.79,0.162,0.0,BTC-27MAR20-10000-C,8060.36,85.97,0.1655,10.0,0.173,3.3,88.65,22.83348,-5.60313,12.88018,8e-05,0.49198
8061.45,SYN.BTC-4OCT19,1569841142122,open,0.0,271.8,0.0005,0.016,0.00376003,94.75,0.0035,0.0,BTC-4OCT19-9250-C,8060.36,89.84,0.003,30.0,0.004,1.3,96.2,1.3148,-16.07202,0.07121,0.0002,0.08695
8063.41,SYN.BTC-11OCT19,1569841142132,open,0.13,0.0,0.122,0.1775,0.15033047,99.58,None,0.0,BTC-11OCT19-7000-C,8060.36,0.0,0.1295,3.0,0.167,3.0,133.18,3.67443,-16.82138,1.60476,0.00019,0.81826
8177.5,BTC-27MAR20,1569841142143,open,0.53,1.1,0.5175,0.5685,0.5426602,94.49,0.5375,0.0,BTC-27MAR20-4000-C,8060.36,0.0,0.05,1.0,0.999,0.1,500.0,8.43093,-2.22691,15.1617,3e-05,0.92099
8077.16,SYN.BTC-29NOV19,1569841142150,open,0.09,72.8,0.047,0.116,0.08104962,91.9,0.0935,0.0,BTC-29NOV19-7000-P,8060.36,89.68,0.078,34.3,0.085,26.0,94.78,11.09021,-8.51133,-4.83856,0.00011,-0.28412
172.84,SYN.ETH-25OCT19,1569841142159,open,0.34,483.0,0.253,0.353,0.302891,102.44,0.337,0.0,ETH-25OCT19-220-P,172.76,0.0,0.27,17.0,0.342,17.0,147.15,0.13398,-0.27586,-0.12743,0.00642,-0.77891
8177.5,BTC-27MAR20,1569841142184,open,0.85,57.8,0.73,0.8715,0.80000959,90.22,0.81,0.0,BTC-27MAR20-14000-P,8060.36,79.66,0.7755,2.0,0.8495,2.0,109.62,19.78756,-4.99022,-60.26776,7e-05,-0.70385
8177.5,BTC-27MAR20,1569841142191,open,1.57,0.0,1.4145,1.565,1.48588707,94.25,None,0.0,BTC-27MAR20-20000-P,8060.36,70.28,1.456,1.0,1.536,1.0,119.55,13.49884,-3.55646,-93.50913,4e-05,-0.84744
8067.34,SYN.BTC-25OCT19,1569841142252,open,0.0,626.4,0.0005,0.0115,0.00159159,114.71,0.0015,0.0,BTC-25OCT19-16000-C,8060.36,100.08,0.0005,41.0,0.0025,56.0,122.01,0.85682,-1.97563,0.0809,2e-05,0.01631
8177.5,BTC-27MAR20,1569841142272,open,2.31,0.0,2.1245,2.29,2.2021209,98.45,None,0.0,BTC-27MAR20-26000-P,8060.36,0.0,0.0005,1.0,0.0,0.0,0.0,9.38508,-2.58281,-124.67335,3e-05,-0.90884
8067.34,SYN.BTC-25OCT19,1569841142288,open,0.67,32.0,0.581,0.655,0.615693,99.49,0.6245,0.0,BTC-25OCT19-13000-P,8060.36,0.0,0.5965,2.0,0.6455,2.0,161.62,1.95658,-3.91255,-8.64192,4e-05,-0.95611
8067.34,SYN.BTC-25OCT19,1569841142288,open,0.03,56.0,0.0135,0.061,0.03550701,88.81,0.031,0.0,BTC-25OCT19-9500-C,8060.36,84.17,0.0315,45.3,0.035,0.5,88.23,7.06347,-12.60919,1.33265,0.00018,0.27789
8061.45,SYN.BTC-4OCT19,1569841142297,open,0.0,405.5,0.0005,0.011,0.00123565,107.87,0.001,0.0,BTC-4OCT19-10000-C,8060.36,94.24,0.0005,69.5,0.0015,10.5,111.44,0.56283,-7.83253,0.02449,8e-05,0.02985
8077.16,SYN.BTC-29NOV19,1569841142309,open,0.04,15.3,0.0195,0.0765,0.04605196,89.62,0.042,0.0,BTC-29NOV19-11000-C,8060.36,86.05,0.0415,19.0,0.0455,5.0,89.19,10.43156,-7.80687,2.72384,0.00011,0.25162
8061.45,SYN.BTC-4OCT19,1569841142315,open,0.05,230.4,0.0095,0.06,0.03359563,91.07,0.034,0.0,BTC-4OCT19-8000-P,8060.36,89.61,0.033,1.3,0.0355,0.4,95.74,3.28676,-38.6171,-0.41301,0.00052,-0.44889
8061.45,SYN.BTC-4OCT19,1569841142317,open,0.06,19.5,0.056,0.11,0.08365588,99.52,0.0605,0.0,BTC-4OCT19-7500-C,8060.36,90.66,0.081,1.1,0.0845,1.1,102.17,2.49173,-31.99128,0.59172,0.00036,0.77494
8061.45,SYN.BTC-4OCT19,1569841142319,open,0.16,101.0,0.0955,0.1515,0.1223506,91.22,0.127,0.0,BTC-4OCT19-9000-P,8060.36,87.33,0.1215,0.1,0.125,0.1,102.57,1.76069,-20.7196,-0.84911,0.00028,-0.86964
8177.5,BTC-27MAR20,1569841142377,open,2.82,0.0,2.6015,2.781,2.68584652,101.56,None,0.0,BTC-27MAR20-30000-P,8061.85,0.0,0.04,1.0,0.0,0.0,0.0,7.72046,-2.19166,-144.8907,2e-05,-0.9296
8177.5,BTC-27MAR20,1569841142377,open,4.08,1.0,3.7975,4.0165,3.90125709,107.3,2.7125,0.0,BTC-27MAR20-40000-P,8061.85,0.0,0.08,1.0,0.0,0.0,0.0,5.04445,-1.51294,-194.77267,1e-05,-0.95889
8177.5,BTC-27MAR20,1569841142378,open,2.56,0.0,2.3625,2.5345,2.44334879,99.73,None,0.0,BTC-27MAR20-28000-P,8061.85,0.0,0.0005,1.0,0.0,0.0,0.0,8.40548,-2.34316,-134.84014,3e-05,-0.9213
8086.54,BTC-27DEC19,1569841142380,open,1.82,4.9,1.669,1.794,1.72787324,103.06,1.0385,0.0,BTC-27DEC19-22000-P,8061.85,0.0,0.055,1.0,2.3755,0.3,500.0,3.56745,-2.09201,-52.28776,2e-05,-0.95785
8086.54,BTC-27DEC19,1569841142380,open,2.85,0.2,2.6385,2.795,2.71314189,113.63,2.03,0.0,BTC-27DEC19-30000-P,8061.85,0.0,0.05,1.0,0.0,0.0,0.0,1.84793,-1.19477,-71.91836,1e-05,-0.98089
8067.34,SYN.BTC-25OCT19,1569841142378,open,0.2,559.8,0.128,0.2035,0.16604173,88.82,0.189,0.0,BTC-25OCT19-9000-P,8061.85,85.18,0.1625,14.4,0.1695,18.5,92.34,7.88635,-14.07862,-4.42644,0.0002,-0.63904
8061.45,SYN.BTC-4OCT19,1569841142377,open,0.1,164.3,0.042,0.101,0.0716051,91.07,0.0755,0.0,BTC-4OCT19-8500-P,8061.85,86.57,0.07,1.0,0.0735,0.1,96.3,2.89861,-34.0566,-0.65844,0.00046,-0.69761
8086.54,BTC-27DEC19,1569841142380,open,4.13,0.0,3.851,4.0525,3.94832028,124.63,2.58,0.0,BTC-27DEC19-40000-P,8061.85,0.0,0.001,1.0,0.0,0.0,0.0,1.10208,-0.7815,-96.13361,1e-05,-0.98952
8086.54,BTC-27DEC19,1569841142381,open,2.59,0.1,2.396,2.5445,2.46661464,111.97,1.49,0.0,BTC-27DEC19-28000-P,8061.85,0.0,0.06,1.0,0.0,0.0,0.0,2.2029,-1.40342,-67.0329,1e-05,-0.97648
8086.54,BTC-27DEC19,1569841142381,open,3.1,0.3,2.881,3.0475,2.96048184,118.15,1.875,0.0,BTC-27DEC19-32000-P,8061.85,0.0,0.0,0.0,0.0,0.0,0.0,1.8086,-1.21582,-76.74306,1e-05,-0.98137
8086.54,BTC-27DEC19,1569841142381,open,2.08,0.0,1.9115,2.044,1.97395104,106.76,None,0.0,BTC-27DEC19-24000-P,8061.85,0.0,0.05,1.0,2.611,0.2,500.0,3.04986,-1.85261,-57.22213,2e-05,-0.96522
8178.99,BTC-27MAR20,1569841142381,open,3.32,0.0,3.0795,3.2745,3.17131856,105.13,None,0.0,BTC-27MAR20-34000-P,8061.85,0.0,0.05,1.0,0.0,0.0,0.0,6.68177,-1.96355,-164.85545,2e-05,-0.94155
8086.54,BTC-27DEC19,1569841142381,open,3.61,1.3,3.366,3.5495,3.4542692,121.7,2.2,0.0,BTC-27DEC19-36000-P,8061.85,0.0,0.0,0.0,0.0,0.0,0.0,1.40061,-0.96984,-86.45004,1e-05,-0.98618
8061.45,SYN.BTC-4OCT19,1569841142377,open,0.28,76.6,0.2165,0.271,0.24170813,107.88,0.245,0.0,BTC-4OCT19-10000-P,8061.85,0.0,0.239,1.0,0.248,1.0,156.38,0.56296,-7.83492,-1.03734,8e-05,-0.97014
8086.54,BTC-27DEC19,1569841142382,open,2.33,0.0,2.1535,2.2945,2.22029379,109.96,None,0.0,BTC-27DEC19-26000-P,8061.85,0.0,0.06,1.0,2.847,0.2,500.0,2.62872,-1.64463,-62.12958,2e-05,-0.97095
8086.54,BTC-27DEC19,1569841142384,open,5.15,0.0,4.821,5.062,4.93775921,137.14,None,0.0,BTC-27DEC19-48000-P,8061.85,0.0,0.0005,1.0,0.0,0.0,0.0,1.09751,-0.85638,-115.39775,1e-05,-0.98957
8063.41,SYN.BTC-11OCT19,1569841142377,open,0.08,0.7,0.0725,0.1325,0.10353165,94.16,0.084,0.0,BTC-11OCT19-7500-C,8061.85,85.68,0.0985,9.0,0.105,3.0,96.6,4.83302,-20.92082,1.43519,0.00026,0.70088
8086.54,BTC-27DEC19,1569841142405,open,1.32,9.4,1.186,1.2995,1.23920235,96.96,1.1125,0.0,BTC-27DEC19-18000-P,8061.85,0.0,0.04,1.0,1.908,0.2,500.0,5.58063,-3.07883,-42.14663,4e-05,-0.92563
8086.54,BTC-27DEC19,1569841142415,open,2.33,0.0,2.153,2.2955,2.22029379,109.96,None,0.0,BTC-27DEC19-26000-P,8061.85,0.0,0.06,1.0,2.8465,0.2,500.0,2.62872,-1.64463,-62.12958,2e-05,-0.97095
8086.54,BTC-27DEC19,1569841142420,open,1.57,4.6,1.427,1.546,1.4827487,99.84,1.466,0.0,BTC-27DEC19-20000-P,8061.85,0.0,0.05,1.0,2.141,0.2,500.0,4.37604,-2.48586,-47.27689,3e-05,-0.9456
8086.54,BTC-27DEC19,1569841142421,open,2.08,0.0,1.911,2.0445,1.97395104,106.76,None,0.0,BTC-27DEC19-24000-P,8061.85,0.0,0.05,1.0,2.6105,0.2,500.0,3.04986,-1.85261,-57.22213,2e-05,-0.96522
8178.99,BTC-27MAR20,1569841142516,open,4.08,1.0,3.7975,4.0165,3.90125709,108.69,2.7125,0.0,BTC-27MAR20-40000-P,8061.85,0.0,0.08,1.0,0.0,0.0,0.0,5.33349,-1.62043,-194.69101,1e-05,-0.95596
172.96,ETH-27DEC19,1569841142565,open,0.73,311.0,0.603,0.746,0.674304,101.62,0.71,0.0,ETH-27DEC19-280-P,172.76,67.0,0.632,16.0,0.714,16.0,125.86,0.26186,-0.15141,-0.59855,0.00358,-0.76326
172.84,SYN.ETH-25OCT19,1569841142578,open,0.34,483.0,0.253,0.353,0.302891,102.44,0.337,0.0,ETH-25OCT19-220-P,172.76,0.0,0.27,17.0,0.341,17.0,146.09,0.13398,-0.27586,-0.12743,0.00642,-0.77891
173.81,ETH-27MAR20,1569841142592,open,1.44,3.0,1.267,1.467,1.365484,102.86,1.39,0.0,ETH-27MAR20-400-P,172.76,53.76,1.304,6.0,1.405,5.0,120.72,0.35318,-0.10154,-1.83373,0.00232,-0.78743
173.81,ETH-27MAR20,1569841142628,open,0.56,19.0,0.544,0.599,0.572514,102.07,0.542,0.0,ETH-27MAR20-80-C,172.76,80.4,0.554,32.0,0.586,32.0,114.96,0.17133,-0.04888,0.30067,0.00113,0.92552
8061.45,SYN.BTC-4OCT19,1569841142705,open,0.04,79.6,0.032,0.087,0.06054865,94.7,0.0425,0.0,BTC-4OCT19-7750-C,8061.85,86.43,0.0575,19.4,0.0615,1.4,97.26,2.99146,-36.54896,0.52559,0.00046,0.67456
8064.91,SYN.BTC-11OCT19,1569841142715,open,0.17,0.0,0.1055,0.172,0.13854872,89.0,None,0.0,BTC-11OCT19-9000-P,8061.85,79.75,0.1335,6.0,0.1415,6.0,94.18,4.53324,-18.54874,-2.10644,0.00026,-0.73802
8063.41,SYN.BTC-11OCT19,1569841142737,open,0.12,20.1,0.06,0.126,0.0934265,88.71,0.092,0.0,BTC-11OCT19-8500-P,8061.85,82.78,0.0895,3.0,0.096,18.0,92.58,5.35724,-21.84952,-1.6794,0.00031,-0.60556
8077.16,SYN.BTC-29NOV19,1569841142741,open,0.24,0.0,0.1685,0.262,0.21600521,89.62,None,0.0,BTC-29NOV19-9000-P,8061.85,85.88,0.21,14.4,0.222,8.0,93.35,12.9628,-9.70156,-10.10172,0.00014,-0.54638
172.84,SYN.ETH-25OCT19,1569841142787,open,0.34,483.0,0.253,0.353,0.302891,102.44,0.337,0.0,ETH-25OCT19-220-P,172.76,0.0,0.269,17.0,0.341,17.0,146.09,0.13398,-0.27586,-0.12743,0.00642,-0.77891
172.84,SYN.ETH-25OCT19,1569841142862,open,0.34,483.0,0.253,0.353,0.302891,102.44,0.337,0.0,ETH-25OCT19-220-P,172.76,0.0,0.269,17.0,0.342,17.0,147.15,0.13398,-0.27586,-0.12743,0.00642,-0.77891
173.81,ETH-27MAR20,1569841142907,open,1.44,3.0,1.267,1.467,1.365484,102.86,1.39,0.0,ETH-27MAR20-400-P,172.76,50.51,1.303,6.0,1.405,5.0,120.72,0.35318,-0.10154,-1.83373,0.00232,-0.78743
172.96,ETH-27DEC19,1569841142921,open,0.42,4626.0,0.314,0.444,0.381155,99.86,0.393,0.0,ETH-27DEC19-220-P,172.79,96.08,0.374,72.0,0.394,72.0,106.59,0.32848,-0.18664,-0.40737,0.00457,-0.59715
172.77,SYN.ETH-4OCT19,1569841142921,open,0.01,418.0,0.001,0.021,0.005697,111.82,0.006,0.0,ETH-4OCT19-150-P,172.79,107.84,0.005,487.0,0.008,151.0,123.7,0.03114,-0.44924,-0.00193,0.00879,-0.09955
172.77,SYN.ETH-4OCT19,1569841142941,open,0.0,327.0,0.001,0.012,0.002205,121.98,0.003,0.0,ETH-4OCT19-140-P,172.79,105.72,0.001,153.0,0.003,76.0,129.98,0.01574,-0.24768,-0.0008,0.00407,-0.04128
172.96,ETH-27DEC19,1569841143060,open,0.27,10.0,0.241,0.328,0.287922,101.07,0.26,0.0,ETH-27DEC19-140-C,172.79,95.97,0.28,300.0,0.294,300.0,104.96,0.26972,-0.15511,0.19239,0.00371,0.74993
172.96,ETH-27DEC19,1569841143070,open,0.27,10.0,0.241,0.328,0.287922,101.07,0.26,0.0,ETH-27DEC19-140-C,172.79,95.33,0.279,300.0,0.294,300.0,104.96,0.26972,-0.15511,0.19239,0.00371,0.74993
8178.9,BTC-27MAR20,1569841143259,open,2.56,0.0,2.3625,2.5345,2.4433487,100.28,None,0.0,BTC-27MAR20-28000-P,8061.85,0.0,0.0005,1.0,0.0,0.0,0.0,8.54959,-2.3966,-134.79228,3e-05,-0.91953
173.83,ETH-27MAR20,1569841143281,open,0.56,19.0,0.544,0.599,0.572514,102.01,0.542,0.0,ETH-27MAR20-80-C,172.79,78.89,0.553,32.0,0.586,32.0,114.92,0.1712,-0.04881,0.30079,0.00113,0.9256
8061.45,SYN.BTC-4OCT19,1569841143366,open,0.05,230.4,0.0095,0.06,0.03359526,91.07,0.034,0.0,BTC-4OCT19-8000-P,8061.85,89.61,0.033,1.3,0.036,6.4,96.97,3.28676,-38.6171,-0.41301,0.00052,-0.44889
8061.45,SYN.BTC-4OCT19,1569841143367,open,0.02,356.2,0.0005,0.0265,0.00889299,105.13,0.009,0.0,BTC-4OCT19-7250-P,8061.85,103.48,0.0085,24.4,0.0105,10.4,111.61,1.94271,-26.34785,-0.1366,0.00027,-0.15068
8061.45,SYN.BTC-4OCT19,1569841143368,open,0.16,101.0,0.0955,0.1515,0.12235033,91.34,0.127,0.0,BTC-4OCT19-9000-P,8061.85,87.33,0.1215,0.1,0.1255,0.1,104.53,1.76392,-20.7854,-0.84884,0.00028,-0.86929
8061.45,SYN.BTC-4OCT19,1569841143370,open,0.01,167.3,0.002,0.039,0.01720353,91.07,0.015,0.0,BTC-4OCT19-8500-C,8061.85,83.44,0.0145,25.0,0.0155,2.0,86.29,2.89859,-34.05595,0.24411,0.00046,0.30239
8064.91,SYN.BTC-11OCT19,1569841143384,open,0.08,0.7,0.0725,0.1325,0.10353219,93.97,0.084,0.0,BTC-11OCT19-7500-C,8061.85,85.49,0.0985,9.0,0.1055,9.0,97.25,4.82918,-20.86338,1.43701,0.00027,0.70152
8178.9,BTC-27MAR20,1569841143565,open,3.07,0.0,2.8405,3.027,2.92815992,103.39,None,0.0,BTC-27MAR20-32000-P,8061.85,0.0,0.04,1.0,0.0,0.0,0.0,7.16435,-2.07057,-154.88859,2e-05,-0.9361
8062.94,SYN.BTC-4OCT19,1569841143614,open,0.07,108.1,0.022,0.079,0.05070004,91.36,0.0545,0.0,BTC-4OCT19-8250-P,8061.85,85.89,0.0485,1.4,0.0525,0.4,95.82,3.25119,-38.31962,-0.53819,0.00052,-0.57791
8064.9,SYN.BTC-11OCT19,1569841144023,open,0.08,55.8,0.028,0.0865,0.05693892,88.85,0.059,0.0,BTC-11OCT19-8000-P,8061.85,85.28,0.0545,30.1,0.0605,3.0,94.06,5.50753,-22.4965,-1.21468,0.00032,-0.44854
8086.47,BTC-27DEC19,1569841144114,open,0.09,422.0,0.046,0.115,0.07981805,91.19,0.0935,0.0,BTC-27DEC19-6500-P,8061.85,89.66,0.0775,19.3,0.083,60.3,93.28,12.28674,-6.37519,-6.19319,9e-05,-0.23829
8086.47,BTC-27DEC19,1569841144121,open,2.33,0.0,2.1525,2.2945,2.21967763,107.89,None,0.0,BTC-27DEC19-26000-P,8061.85,0.0,0.06,1.0,2.8465,0.2,500.0,2.40385,-1.47563,-62.17457,1e-05,-0.9739
8178.84,BTC-27MAR20,1569841144133,open,0.24,90.2,0.195,0.2975,0.24891482,87.45,0.23,0.0,BTC-27MAR20-8000-C,8061.85,85.39,0.2435,10.0,0.253,27.0,89.0,21.54283,-5.26581,15.43101,8e-05,0.6339
8086.47,BTC-27DEC19,1569841144136,open,2.85,0.2,2.637,2.7955,2.71242856,110.07,2.03,0.0,BTC-27DEC19-30000-P,8061.85,0.0,0.05,1.0,0.0,0.0,0.0,1.54473,-0.96747,-71.97423,1e-05,-0.98451
8086.47,BTC-27DEC19,1569841144138,open,5.15,0.0,4.8185,5.0595,4.93661466,125.1,None,0.0,BTC-27DEC19-48000-P,8061.85,0.0,0.0005,1.0,0.0,0.0,0.0,0.54644,-0.38895,-115.48546,0.0,-0.99527
8086.47,BTC-27DEC19,1569841144203,open,3.61,1.3,3.364,3.5505,3.45341173,115.65,2.2,0.0,BTC-27DEC19-36000-P,8061.85,0.0,0.0,0.0,0.0,0.0,0.0,1.00538,-0.66155,-86.51798,1e-05,-0.99056
8086.47,BTC-27DEC19,1569841144257,open,2.59,0.1,2.3945,2.545,2.46594973,109.25,1.49,0.0,BTC-27DEC19-28000-P,8061.85,0.0,0.06,1.0,0.0,0.0,0.0,1.9407,-1.20643,-67.08316,1e-05,-0.97976
8178.84,BTC-27MAR20,1569841144265,open,2.82,0.0,2.6015,2.781,2.68584639,102.18,None,0.0,BTC-27MAR20-30000-P,8061.85,0.0,0.04,1.0,0.0,0.0,0.0,7.87623,-2.24955,-144.84066,2e-05,-0.92776
8086.47,BTC-27DEC19,1569841144285,open,1.57,4.6,1.427,1.545,1.48227969,98.92,1.466,0.0,BTC-27DEC19-20000-P,8061.85,0.0,0.05,1.0,2.1415,0.2,500.0,4.24074,-2.38681,-47.30849,3e-05,-0.94771
8086.41,BTC-27DEC19,1569841144317,open,3.1,0.3,2.8795,3.048,2.95974022,114.19,1.875,0.0,BTC-27DEC19-32000-P,8061.85,0.0,0.0,0.0,0.0,0.0,0.0,1.48705,-0.96618,-76.80154,1e-05,-0.98518
8086.41,BTC-27DEC19,1569841144325,open,4.13,0.0,3.849,4.054,3.94739122,114.93,2.58,0.0,BTC-27DEC19-40000-P,8061.85,0.0,0.001,1.0,0.0,0.0,0.0,0.60851,-0.39794,-96.2141,0.0,-0.99466
8078.63,SYN.BTC-29NOV19,1569841144335,open,0.06,8.1,0.0355,0.1035,0.06882258,89.59,0.065,0.0,BTC-29NOV19-10000-C,8061.85,85.31,0.0625,19.0,0.0685,18.2,89.37,12.01792,-8.99089,3.62233,0.00013,0.34216
172.9,SYN.ETH-29NOV19,1569841144340,open,0.14,0.0,0.078,0.167,0.123621,102.4,None,0.0,ETH-29NOV19-160-P,172.79,97.34,0.116,299.0,0.129,299.0,106.03,0.25847,-0.22102,-0.13338,0.00515,-0.34669
8086.41,BTC-27DEC19,1569841144368,open,1.07,22.0,0.9465,1.056,0.99800752,93.82,1.0275,0.0,BTC-27DEC19-16000-P,8061.85,0.0,0.4,0.2,1.6765,0.2,500.0,7.22701,-3.85792,-36.84915,5e-05,-0.89475
8086.41,BTC-27DEC19,1569841144382,open,1.82,4.9,1.6685,1.794,1.72736782,101.79,1.0385,0.0,BTC-27DEC19-22000-P,8061.85,0.0,0.055,1.0,2.3755,0.3,500.0,3.39817,-1.96811,-52.3248,2e-05,-0.9603
8178.84,BTC-27MAR20,1569841144391,open,2.56,0.0,2.3615,2.5345,2.44277268,99.7,None,0.0,BTC-27MAR20-28000-P,8061.87,0.0,0.0005,1.0,0.0,0.0,0.0,8.40357,-2.34206,-134.84077,3e-05,-0.92134
8178.84,BTC-27MAR20,1569841144391,open,2.31,0.0,2.1245,2.29,2.20212461,98.9,None,0.0,BTC-27MAR20-26000-P,8061.87,0.0,0.0005,1.0,0.0,0.0,0.0,9.50379,-2.62728,-124.63221,3e-05,-0.9073
8178.84,BTC-27MAR20,1569841144392,open,3.57,0.0,3.319,3.5215,3.41447349,106.34,None,0.0,BTC-27MAR20-36000-P,8061.87,0.0,0.06,1.0,0.0,0.0,0.0,6.16338,-1.83196,-174.82635,2e-05,-0.94724
8178.84,BTC-27MAR20,1569841144392,open,1.09,1.1,0.9515,1.096,1.02183916,91.34,0.911,0.0,BTC-27MAR20-16000-P,8061.87,80.42,1.0,2.0,1.072,2.0,112.71,17.50307,-4.46898,-71.7087,6e-05,-0.76721
8086.41,BTC-27DEC19,1569841144392,open,2.08,0.0,1.9105,2.044,1.9733981,105.11,None,0.0,BTC-27DEC19-24000-P,8061.87,0.0,0.05,1.0,2.6105,0.2,500.0,2.85209,-1.70579,-57.26337,2e-05,-0.96794
8178.84,BTC-27MAR20,1569841144392,open,4.08,1.0,3.796,4.0165,3.90037748,107.16,2.7125,0.0,BTC-27MAR20-40000-P,8061.87,0.0,0.08,1.0,0.0,0.0,0.0,5.01966,-1.5036,-194.77964,1e-05,-0.95914
8178.84,BTC-27MAR20,1569841144392,open,3.07,0.0,2.839,3.027,2.92749798,102.6,None,0.0,BTC-27MAR20-32000-P,8061.87,0.0,0.04,1.0,0.0,0.0,0.0,6.97507,-2.0003,-154.94742,2e-05,-0.93826
8178.84,BTC-27MAR20,1569841144392,open,1.82,6.0,1.649,1.8045,1.72242147,95.68,1.826,0.0,BTC-27MAR20-22000-P,8061.87,0.0,1.6805,1.0,1.774,1.0,123.7,11.8934,-3.18071,-104.04467,4e-05,-0.87337
8086.41,BTC-27DEC19,1569841144392,open,5.66,0.8,5.306,5.5655,5.43223522,139.9,3.59,0.0,BTC-27DEC19-52000-P,8061.87,0.0,0.001,1.0,0.0,0.0,0.0,0.95938,-0.7637,-125.05156,0.0,-0.99105
8068.82,SYN.BTC-25OCT19,1569841144391,open,0.03,42.2,0.0085,0.047,0.0254128,98.09,0.0315,0.0,BTC-25OCT19-6500-P,8061.87,96.68,0.0245,15.0,0.027,19.3,100.52,5.23809,-10.32792,-1.04957,0.00012,-0.16545
8086.41,BTC-27DEC19,1569841144394,open,0.37,509.5,0.2795,0.3865,0.3334516,88.93,0.33,0.0,BTC-27DEC19-10000-P,8061.87,85.77,0.3275,2.0,0.3375,2.0,91.07,15.26831,-7.72594,-18.28715,0.00011,-0.60587
8178.84,BTC-27MAR20,1569841144393,open,3.32,0.0,3.0785,3.2745,3.17056868,104.1,None,0.0,BTC-27MAR20-34000-P,8061.87,0.0,0.05,1.0,0.0,0.0,0.0,6.44584,-1.87569,-164.9269,2e-05,-0.94416
8086.41,BTC-27DEC19,1569841144394,open,4.64,0.0,4.3355,4.5565,4.44283637,128.9,3.46,0.0,BTC-27DEC19-44000-P,8061.87,0.0,0.001,1.0,0.0,0.0,0.0,0.97219,-0.71301,-105.78683,0.0,-0.99092
8062.94,SYN.BTC-4OCT19,1569841144392,open,0.0,81.6,0.0005,0.0105,0.00072555,117.83,0.001,0.0,BTC-4OCT19-10500-C,8061.87,112.05,0.0005,30.0,0.001,8.5,123.43,0.35451,-5.38898,0.01414,4e-05,0.01724
8064.9,SYN.BTC-11OCT19,1569841144391,open,0.01,63.5,0.0005,0.026,0.00999534,107.3,0.0105,0.0,BTC-11OCT19-6500-P,8061.87,104.04,0.009,45.0,0.011,7.0,110.45,2.5195,-12.42836,-0.2747,0.00012,-0.10432
8068.82,SYN.BTC-25OCT19,1569841144392,open,0.04,344.2,0.0235,0.0785,0.05043066,88.76,0.0435,0.0,BTC-25OCT19-9000-C,8061.87,83.68,0.0455,44.3,0.05,19.3,88.31,7.8889,-14.07364,1.70842,0.0002,0.3611
8062.94,SYN.BTC-4OCT19,1569841144393,open,0.01,305.4,0.0005,0.017,0.00403842,121.66,0.006,0.0,BTC-4OCT19-6750-P,8061.87,121.38,0.004,30.0,0.0055,0.5,131.52,1.10791,-17.38866,-0.06285,0.00013,-0.06938
8068.82,SYN.BTC-25OCT19,1569841144392,open,0.11,1117.5,0.0545,0.121,0.08779195,88.91,0.0975,0.0,BTC-25OCT19-8000-P,8061.87,89.11,0.088,0.2,0.0915,21.4,92.51,8.30579,-14.84276,-2.89808,0.00021,-0.43922
172.9,SYN.ETH-29NOV19,1569841144405,open,0.23,0.0,0.133,0.236,0.186505,100.82,None,0.0,ETH-29NOV19-180-P,172.79,0.0,0.0,0.0,0.196,204.0,106.78,0.27781,-0.23388,-0.18277,0.00562,-0.45797
8062.94,SYN.BTC-4OCT19,1569841144405,open,0.03,208.5,0.015,0.067,0.04121764,90.84,0.0415,0.0,BTC-4OCT19-8000-C,8061.87,84.17,0.0385,1.4,0.042,1.4,92.76,3.28649,-38.51554,0.43724,0.00052,0.55192
172.9,SYN.ETH-29NOV19,1569841144407,open,0.23,0.0,0.133,0.236,0.186505,100.82,None,0.0,ETH-29NOV19-180-P,172.79,93.71,0.175,204.0,0.196,204.0,106.78,0.27781,-0.23388,-0.18277,0.00562,-0.45797
8064.9,SYN.BTC-11OCT19,1569841144411,open,0.03,48.2,0.0145,0.0655,0.0392821,88.61,0.0365,0.0,BTC-11OCT19-8500-C,8061.87,80.62,0.034,43.0,0.0395,24.0,88.94,5.35927,-21.83304,0.85413,0.00031,0.39472
8062.94,SYN.BTC-4OCT19,1569841144412,open,0.02,476.0,0.0015,0.0345,0.01401046,99.61,0.017,0.0,BTC-4OCT19-7500-P,8061.87,99.57,0.014,10.0,0.0155,0.4,104.37,2.48984,-31.9944,-0.20436,0.00036,-0.22469
8068.82,SYN.BTC-25OCT19,1569841144420,open,0.02,547.8,0.0075,0.047,0.02463273,88.81,0.022,0.0,BTC-25OCT19-10000-C,8061.87,85.24,0.022,46.3,0.024,5.0,87.97,6.05555,-10.81014,1.01442,0.00015,0.2091
8064.9,SYN.BTC-11OCT19,1569841144431,open,0.03,84.1,0.004,0.039,0.0184505,99.66,0.025,0.0,BTC-11OCT19-7000-P,8061.87,96.44,0.017,24.0,0.02,35.0,103.02,3.67359,-16.83164,-0.48079,0.00019,-0.18162
8068.82,SYN.BTC-25OCT19,1569841144432,open,0.08,189.6,0.063,0.127,0.09613928,88.73,0.084,0.0,BTC-25OCT19-8000-C,8061.87,84.23,0.0915,37.4,0.0975,17.6,90.05,8.30599,-14.81364,2.55479,0.00021,0.56072
172.9,SYN.ETH-29NOV19,1569841144434,open,0.23,0.0,0.133,0.236,0.186505,100.82,None,0.0,ETH-29NOV19-180-P,172.79,95.57,0.178,320.0,0.196,204.0,106.78,0.27781,-0.23388,-0.18277,0.00562,-0.45797
173.8,ETH-27MAR20,1569841144778,open,0.58,132.0,0.459,0.617,0.540496,97.11,0.583,0.0,ETH-27MAR20-240-P,172.79,91.84,0.526,18.0,0.554,18.0,101.96,0.481,-0.13057,-0.93195,0.00335,-0.55361
173.8,ETH-27MAR20,1569841144785,open,0.58,132.0,0.459,0.617,0.540496,97.11,0.583,0.0,ETH-27MAR20-240-P,172.79,93.29,0.53,300.0,0.554,18.0,101.96,0.481,-0.13057,-0.93195,0.00335,-0.55361
172.92,SYN.ETH-29NOV19,1569841144859,open,0.12,0.0,0.068,0.153,0.112521,104.32,None,0.0,ETH-29NOV19-200-C,172.79,95.85,0.099,617.0,0.11,397.0,102.74,0.27694,-0.24125,0.0949,0.00541,0.44706
172.8,SYN.ETH-4OCT19,1569841144894,open,0.5,0.0,0.406,0.494,0.447539,157.54,None,0.0,ETH-4OCT19-250-P,172.79,0.0,0.0,0.0,0.0,0.0,0.0,0.0064,-0.13008,-0.0263,0.00128,-0.98588
173.84,ETH-27MAR20,1569841144935,open,0.28,338.0,0.235,0.341,0.293357,95.61,0.28,0.0,ETH-27MAR20-160-C,172.81,91.9,0.284,600.0,0.302,300.0,99.06,0.43704,-0.1168,0.32662,0.00309,0.67674
173.84,ETH-27MAR20,1569841144935,open,0.04,1068.0,0.014,0.054,0.032794,102.07,0.032,0.0,ETH-27MAR20-80-P,172.81,100.23,0.031,320.0,0.036,30.0,105.27,0.17131,-0.04888,-0.09137,0.00113,-0.07445
173.84,ETH-27MAR20,1569841144935,open,0.39,1917.0,0.29,0.43,0.363422,95.76,0.365,0.0,ETH-27MAR20-200-P,172.81,92.0,0.353,300.0,0.376,18.0,100.31,0.48166,-0.12893,-0.69284,0.0034,-0.44983
172.8,SYN.ETH-4OCT19,1569841144935,open,0.0,8.0,0.001,0.011,0.000109,149.95,0.001,0.0,ETH-4OCT19-270-C,172.81,0.0,0.0,0.0,0.004,500.0,236.56,0.00137,-0.01877,4e-05,0.00029,0.00247
173.86,ETH-27MAR20,1569841144937,open,0.39,40.0,0.362,0.449,0.409082,96.24,0.459,0.0,ETH-27MAR20-120-C,172.81,76.55,0.373,20.0,0.0,0.0,0.0,0.32759,-0.08813,0.34373,0.0023,0.8125
172.84,SYN.ETH-25OCT19,1569841144936,open,0.41,18.0,0.405,0.447,0.425954,123.72,0.411,0.0,ETH-25OCT19-100-C,172.81,0.0,0.0,0.0,0.0,0.0,0.0,0.03217,-0.08,0.06388,0.00128,0.96826
173.86,ETH-27MAR20,1569841144938,open,0.09,528.0,0.049,0.143,0.096031,99.68,0.104,0.0,ETH-27MAR20-320-C,172.81,97.59,0.091,560.0,0.103,24.0,102.52,0.42296,-0.11784,0.17349,0.00286,0.29965
172.92,SYN.ETH-29NOV19,1569841144936,open,0.5,0.0,0.386,0.512,0.449862,104.55,None,0.0,ETH-29NOV19-240-P,172.81,0.0,0.0,0.0,0.0,0.0,0.0,0.23853,-0.20825,-0.32989,0.00465,-0.71309
172.84,SYN.ETH-25OCT19,1569841144936,open,0.01,3915.0,0.001,0.014,0.004602,124.2,0.006,0.0,ETH-25OCT19-100-P,172.81,120.88,0.004,120.0,0.006,120.0,131.09,0.03253,-0.08121,-0.00433,0.00129,-0.03217
173.0,ETH-27DEC19,1569841144939,open,3.56,0.0,3.265,3.536,3.395312,119.77,None,0.0,ETH-27DEC19-760-P,172.81,0.0,0.0,0.0,0.0,0.0,0.0,0.02851,-0.01943,-1.82524,0.00033,-0.98695
172.8,SYN.ETH-4OCT19,1569841144937,open,0.68,0.0,0.574,0.67,0.620711,179.04,None,0.0,ETH-4OCT19-280-P,172.81,0.0,0.0,0.0,0.0,0.0,0.0,0.00294,-0.06789,-0.02963,0.00052,-0.9942
172.8,SYN.ETH-4OCT19,1569841144937,open,0.01,717.0,0.003,0.048,0.022301,94.67,0.024,0.0,ETH-4OCT19-180-C,172.81,83.34,0.018,437.0,0.022,120.0,93.89,0.06634,-0.81026,0.00612,0.0221,0.35577
172.8,SYN.ETH-4OCT19,1569841144937,open,0.0,327.0,0.001,0.027,0.008978,94.71,0.006,0.0,ETH-4OCT19-190-C,172.81,78.39,0.005,650.0,0.008,150.0,91.0,0.04637,-0.56661,0.0031,0.01544,0.17786
172.81,SYN.ETH-11OCT19,1569841144938,open,0.21,0.0,0.135,0.222,0.178406,101.12,None,0.0,ETH-11OCT19-200-P,172.81,0.0,0.0,0.0,0.0,0.0,0.0,0.08985,-0.41771,-0.04901,0.00998,-0.77329
172.92,SYN.ETH-29NOV19,1569841144935,open,0.05,20.0,0.018,0.077,0.045571,104.42,0.042,0.0,ETH-29NOV19-260-C,172.81,97.14,0.037,676.0,0.045,20.0,103.95,0.21044,-0.18349,0.05111,0.00411,0.22574
172.8,SYN.ETH-4OCT19,1569841144936,open,0.0,27.0,0.001,0.011,0.00024,149.95,0.001,0.0,ETH-4OCT19-260-C,172.81,0.0,0.0,0.0,0.002,500.0,196.46,0.00263,-0.04151,9e-05,0.00055,0.00513
172.8,SYN.ETH-4OCT19,1569841144936,open,0.62,0.0,0.518,0.611,0.562891,169.95,None,0.0,ETH-4OCT19-270-P,172.81,0.0,0.0,0.0,0.0,0.0,0.0,0.00344,-0.0754,-0.02855,0.00064,-0.99307
172.81,SYN.ETH-11OCT19,1569841144936,open,0.27,0.0,0.185,0.272,0.227985,101.26,None,0.0,ETH-11OCT19-210-P,172.81,0.0,0.0,0.0,0.0,0.0,0.0,0.07019,-0.32675,-0.0554,0.00779,-0.84793
172.81,SYN.ETH-11OCT19,1569841144935,open,0.01,57.0,0.004,0.044,0.020897,100.75,0.018,0.0,ETH-11OCT19-200-C,172.81,90.95,0.016,120.0,0.021,91.0,100.95,0.08962,-0.41511,0.01054,0.01,0.22568
172.81,SYN.ETH-11OCT19,1569841144935,open,0.02,76.0,0.01,0.061,0.03352,100.74,0.028,0.0,ETH-11OCT19-190-C,172.81,90.04,0.027,120.0,0.035,556.0,103.12,0.10714,-0.49622,0.01493,0.01195,0.32338
172.81,SYN.ETH-11OCT19,1569841144936,open,0.29,0.0,0.285,0.335,0.310046,132.33,None,0.0,ETH-11OCT19-120-C,172.81,0.0,0.0,0.0,0.0,0.0,0.0,0.02754,-0.16752,0.03329,0.00234,0.95645
172.92,SYN.ETH-29NOV19,1569841144935,open,0.09,0.0,0.044,0.121,0.083401,104.32,None,0.0,ETH-29NOV19-220-C,172.81,97.39,0.073,428.0,0.082,428.0,103.4,0.262,-0.22824,0.07844,0.00512,0.35993
172.8,SYN.ETH-4OCT19,1569841144938,open,0.02,313.0,0.001,0.036,0.013748,102.26,0.014,0.0,ETH-4OCT19-160-P,172.81,96.39,0.012,513.0,0.017,120.0,112.74,0.05228,-0.68974,-0.00423,0.01613,-0.21682
172.92,SYN.ETH-29NOV19,1569841144935,open,0.41,0.0,0.293,0.415,0.35584,104.43,None,0.0,ETH-29NOV19-220-P,172.81,0.0,0.0,0.0,0.0,0.0,0.0,0.26208,-0.22856,-0.28241,0.00512,-0.63976
172.92,SYN.ETH-29NOV19,1569841144936,open,0.07,12.0,0.028,0.096,0.061746,104.41,0.053,0.0,ETH-29NOV19-240-C,172.81,96.44,0.051,675.0,0.061,455.0,103.87,0.23836,-0.20783,0.06375,0.00465,0.28648
172.8,SYN.ETH-4OCT19,1569841144936,open,0.0,20.0,0.001,0.011,4.8e-05,149.95,0.007,0.0,ETH-4OCT19-280-C,172.81,0.0,0.0,0.0,0.004,500.0,251.58,0.00069,-0.00831,2e-05,0.00014,0.00116
172.8,SYN.ETH-4OCT19,1569841144937,open,0.56,0.0,0.462,0.552,0.505141,162.65,None,0.0,ETH-4OCT19-260-P,172.81,0.0,0.0,0.0,0.0,0.0,0.0,0.00445,-0.09339,-0.02745,0.00086,-0.99071
172.92,SYN.ETH-29NOV19,1569841144935,open,0.31,0.0,0.21,0.325,0.269284,104.41,None,0.0,ETH-29NOV19-200-P,172.81,0.0,0.0,0.0,0.0,0.0,0.0,0.27696,-0.24149,-0.23318,0.00541,-0.55274
172.8,SYN.ETH-4OCT19,1569841144962,open,0.0,327.0,0.001,0.012,0.002203,122.03,0.003,0.0,ETH-4OCT19-140-P,172.81,105.8,0.001,153.0,0.003,81.0,130.06,0.01572,-0.24754,-0.0008,0.00406,-0.04122
8086.41,BTC-27DEC19,1569841145032,open,0.27,635.6,0.1915,0.2935,0.24339249,88.45,0.2795,0.0,BTC-27DEC19-9000-P,8061.87,86.21,0.239,14.4,0.247,7.0,90.3,15.82205,-7.96256,-14.70272,0.00011,-0.51183
8178.8,BTC-27MAR20,1569841145052,open,3.57,0.0,3.3175,3.5215,3.41375839,105.34,None,0.0,BTC-27MAR20-36000-P,8061.87,0.0,0.06,1.0,0.0,0.0,0.0,5.94342,-1.75005,-174.8913,2e-05,-0.94959
8068.82,SYN.BTC-25OCT19,1569841145160,open,0.01,32.9,0.004,0.036,0.01695421,88.99,0.0155,0.0,BTC-25OCT19-10500-C,8061.87,86.64,0.0155,19.3,0.018,19.3,90.69,5.0075,-8.95644,0.75621,0.00013,0.15444
8078.63,SYN.BTC-29NOV19,1569841145205,open,0.03,15.7,0.0105,0.0565,0.03062691,89.62,0.029,0.0,BTC-29NOV19-12000-C,8061.87,86.64,0.0275,34.3,0.0295,0.1,88.56,8.63919,-6.46564,2.00326,9e-05,0.18179
8178.8,BTC-27MAR20,1569841145272,open,2.31,0.0,2.1235,2.29,2.20161488,98.44,None,0.0,BTC-27MAR20-26000-P,8061.87,0.0,0.0005,1.0,0.0,0.0,0.0,9.38687,-2.58303,-124.67273,3e-05,-0.90884
172.92,SYN.ETH-29NOV19,1569841145276,open,0.23,0.0,0.133,0.236,0.186504,100.91,None,0.0,ETH-29NOV19-180-P,172.81,96.25,0.179,204.0,0.196,204.0,106.83,0.27783,-0.23413,-0.18274,0.00561,-0.45772
8086.41,BTC-27DEC19,1569841145287,open,0.09,508.5,0.0565,0.1365,0.09665067,88.82,0.0925,0.0,BTC-27DEC19-10000-C,8061.87,86.91,0.093,20.0,0.099,52.3,90.09,15.26471,-7.71455,5.78588,0.00011,0.39379
8178.8,BTC-27MAR20,1569841145398,open,0.04,335.0,0.014,0.054,0.0317886,94.49,0.0305,0.0,BTC-27MAR20-4000-P,8061.86,92.74,0.03,135.8,0.0335,6.0,96.14,8.42932,-2.22646,-4.43961,3e-05,-0.07897
8178.8,BTC-27MAR20,1569841145399,open,0.35,8.4,0.326,0.41,0.36986254,89.02,0.3495,0.0,BTC-27MAR20-6000-C,8061.86,51.83,0.3,2.0,0.68,1.0,252.71,16.47081,-4.09829,16.86622,6e-05,0.79066
8178.8,BTC-27MAR20,1569841145399,open,0.11,262.6,0.0705,0.169,0.11974109,88.55,0.123,0.0,BTC-27MAR20-12000-C,8061.86,86.95,0.1155,20.0,0.12,3.1,88.65,21.78038,-5.39107,10.38595,8e-05,0.37886
8178.8,BTC-27MAR20,1569841145399,open,0.02,25.2,0.0045,0.0445,0.0193289,99.73,0.02,0.0,BTC-27MAR20-28000-C,8061.86,98.41,0.018,6.0,0.02,0.9,100.38,8.40954,-2.34429,2.38092,3e-05,0.07873
8178.8,BTC-27MAR20,1569841145399,open,0.01,33.5,0.003,0.0375,0.01499092,102.63,0.0105,0.0,BTC-27MAR20-32000-C,8061.86,100.83,0.0135,6.0,0.0155,0.5,103.22,6.98286,-2.00318,1.87753,2e-05,0.06183
8178.79,BTC-27MAR20,1569841145399,open,0.03,143.9,0.0105,0.065,0.03257236,95.69,0.0295,0.0,BTC-27MAR20-22000-C,8061.86,93.88,0.03,6.0,0.034,18.0,96.66,11.89666,-3.18203,3.77208,4e-05,0.12668
8178.79,BTC-27MAR20,1569841145400,open,0.06,339.2,0.0295,0.108,0.06558442,91.35,0.0645,0.0,BTC-27MAR20-16000-C,8061.86,89.42,0.0615,14.9,0.068,0.1,92.47,17.50409,-4.46955,6.70308,6e-05,0.23282
8086.42,BTC-27DEC19,1569841145400,open,5.66,0.8,5.3035,5.5635,5.43113814,126.94,3.59,0.0,BTC-27DEC19-52000-P,8061.86,0.0,0.001,1.0,0.0,0.0,0.0,0.44043,-0.31811,-125.13211,0.0,-0.99628
8178.79,BTC-27MAR20,1569841145400,open,2.82,0.0,2.6005,2.781,2.68525397,101.53,None,0.0,BTC-27MAR20-30000-P,8061.86,0.0,0.04,1.0,0.0,0.0,0.0,7.71843,-2.19058,-144.89135,2e-05,-0.92963
8068.82,SYN.BTC-25OCT19,1569841145399,open,0.0,908.1,0.0005,0.011,0.00110531,117.6,0.0015,0.0,BTC-25OCT19-17000-C,8061.86,107.61,0.0005,34.5,0.0015,9.7,122.1,0.63351,-1.49746,0.0571,1e-05,0.01149
8086.42,BTC-27DEC19,1569841145401,open,4.64,0.0,4.334,4.5565,4.44190829,118.67,3.46,0.0,BTC-27DEC19-44000-P,8061.86,0.0,0.001,1.0,0.0,0.0,0.0,0.51404,-0.34709,-105.85966,0.0,-0.99558
8062.95,SYN.BTC-4OCT19,1569841145398,open,0.19,2.0,0.125,0.18,0.15100003,94.77,0.166,0.0,BTC-4OCT19-9250-P,8061.86,0.0,0.143,3.0,0.173,3.0,178.05,1.31882,-16.12338,-0.9107,0.0002,-0.91271
8068.82,SYN.BTC-25OCT19,1569841145398,open,0.36,0.0,0.2825,0.356,0.31825983,89.03,None,0.0,BTC-25OCT19-10500-P,8061.86,0.0,0.2955,3.0,0.3495,3.0,130.07,5.01046,-8.96589,-6.39919,0.00013,-0.84542
8068.82,SYN.BTC-25OCT19,1569841145400,open,0.25,15.3,0.248,0.297,0.27217159,103.02,0.286,0.0,BTC-25OCT19-6000-C,8061.86,0.0,0.2535,6.0,0.2845,6.0,125.8,3.91517,-8.10744,3.4072,9e-05,0.89176
8062.95,SYN.BTC-4OCT19,1569841145399,open,0.04,119.0,0.0035,0.0455,0.02185048,94.71,0.0225,0.0,BTC-4OCT19-7750-P,8061.86,91.05,0.0205,1.4,0.0235,0.4,99.14,2.98944,-36.52557,-0.29675,0.00046,-0.32476
8068.82,SYN.BTC-25OCT19,1569841145399,open,0.25,0.0,0.175,0.251,0.21292438,88.81,None,0.0,BTC-25OCT19-9500-P,8061.86,61.66,0.1915,4.0,0.2325,12.0,110.14,7.06813,-12.61775,-5.14036,0.00018,-0.72184
8062.95,SYN.BTC-4OCT19,1569841145400,open,0.0,110.0,0.0005,0.0115,0.00182311,104.26,0.0015,0.0,BTC-4OCT19-9750-C,8061.86,93.98,0.001,30.2,0.002,0.5,106.08,0.76199,-10.24876,0.03542,0.00011,0.0432
8068.82,SYN.BTC-25OCT19,1569841145399,open,0.8,2.0,0.7015,0.7785,0.73775314,103.39,0.372,0.0,BTC-25OCT19-14000-P,8061.86,0.0,0.01,1.0,1.5,0.5,500.0,1.36498,-2.83671,-9.40054,3e-05,-0.97171
8078.6,SYN.BTC-29NOV19,1569841145398,open,0.16,14.2,0.096,0.18,0.13850502,89.62,0.1615,0.0,BTC-29NOV19-8000-P,8061.86,87.41,0.135,14.4,0.1445,20.3,93.42,12.77297,-9.55921,-7.36769,0.00013,-0.41745
8062.95,SYN.BTC-4OCT19,1569841145399,open,0.54,0.0,0.4595,0.521,0.48851033,145.22,None,0.0,BTC-4OCT19-12000-P,8061.86,0.0,0.05,2.0,0.0,0.0,0.0,0.11812,-2.21294,-1.27019,1e-05,-0.99509
8064.91,SYN.BTC-11OCT19,1569841145398,open,0.3,0.0,0.3045,0.34,0.32115021,128.39,None,0.0,BTC-11OCT19-5500-C,8061.86,0.0,0.01,1.0,0.0,0.0,0.0,1.02569,-6.05409,1.55194,4e-05,0.96697
8068.82,SYN.BTC-25OCT19,1569841145399,open,0.0,418.5,0.0005,0.0125,0.00267898,103.39,0.0025,0.0,BTC-25OCT19-14000-C,8061.86,98.99,0.002,39.0,0.0035,41.0,107.84,1.36477,-2.83617,0.1408,3e-05,0.02828
8064.91,SYN.BTC-11OCT19,1569841145399,open,0.05,257.1,0.0115,0.0595,0.03359811,94.16,0.046,0.0,BTC-11OCT19-7500-P,8061.86,89.8,0.031,39.0,0.0355,5.0,97.32,4.83102,-20.91247,-0.79859,0.00026,-0.29873
8062.95,SYN.BTC-4OCT19,1569841145399,open,0.0,208.8,0.0005,0.0105,0.00021869,145.0,0.0005,0.0,BTC-4OCT19-12000-C,8061.86,0.0,0.0,0.0,0.0005,10.1,159.0,0.11686,-1.76328,0.00396,1e-05,0.00485
8068.82,SYN.BTC-25OCT19,1569841145399,open,0.2,0.0,0.1915,0.2475,0.21984322,98.1,None,0.0,BTC-25OCT19-6500-C,8061.86,56.14,0.1985,6.0,0.231,6.0,114.45,5.23811,-10.32801,3.38035,0.00012,0.83455
8068.82,SYN.BTC-25OCT19,1569841145401,open,0.0,434.7,0.0005,0.012,0.00203968,109.33,0.002,0.0,BTC-25OCT19-15000-C,8061.86,99.56,0.001,39.0,0.003,63.0,115.67,1.07123,-2.35405,0.10533,2e-05,0.02119
8068.82,SYN.BTC-25OCT19,1569841145401,open,1.05,0.0,0.9445,1.029,0.98453616,114.72,None,0.0,BTC-25OCT19-16000-P,8061.86,0.0,0.04,1.0,0.0,0.0,0.0,0.85836,-1.9793,-10.82334,2e-05,-0.98366
8078.6,SYN.BTC-29NOV19,1569841145398,open,0.13,5.0,0.107,0.186,0.14823753,89.62,0.15,0.0,BTC-29NOV19-8000-C,8061.86,86.0,0.1425,15.0,0.151,23.0,91.37,12.77296,-9.55937,5.75573,0.00013,0.58255
8064.91,SYN.BTC-11OCT19,1569841145399,open,0.01,41.9,0.002,0.0295,0.01208625,88.71,0.01,0.0,BTC-11OCT19-9500-C,8061.86,83.58,0.01,6.8,0.012,31.0,88.51,3.3924,-13.83549,0.35634,0.0002,0.16037
8062.95,SYN.BTC-4OCT19,1569841145402,open,0.0,524.4,0.0005,0.014,0.00285617,131.18,0.004,0.0,BTC-4OCT19-6500-P,8061.86,127.62,0.0025,30.5,0.0035,0.8,137.08,0.8335,-14.10607,-0.04379,9e-05,-0.0483
8078.6,SYN.BTC-29NOV19,1569841145403,open,0.38,0.0,0.3775,0.4255,0.40108654,102.87,None,0.0,BTC-29NOV19-5000-C,8061.86,0.0,0.0,0.0,0.0,0.0,0.0,5.17837,-4.44851,6.78483,5e-05,0.91306
8062.95,SYN.BTC-4OCT19,1569841145399,open,0.02,132.0,0.006,0.0515,0.02738336,91.07,0.025,0.0,BTC-4OCT19-8250-C,8061.86,82.65,0.024,19.4,0.0275,1.4,91.36,3.25062,-38.19116,0.33763,0.00052,0.42174
8078.6,SYN.BTC-29NOV19,1569841145398,open,0.45,0.0,0.3605,0.4565,0.40770874,89.62,None,0.0,BTC-29NOV19-11000-P,8061.86,0.0,0.0005,1.0,0.0,0.0,0.0,10.43678,-7.81069,-15.31884,0.00011,-0.74822
8068.82,SYN.BTC-25OCT19,1569841145400,open,0.3,328.2,0.227,0.302,0.26397103,88.81,0.245,0.0,BTC-25OCT19-10000-P,8061.86,79.03,0.257,6.9,0.2855,6.9,114.87,6.05556,-10.81017,-5.80083,0.00015,-0.7909
172.84,SYN.ETH-25OCT19,1569841145644,open,0.34,483.0,0.253,0.353,0.302847,102.42,0.337,0.0,ETH-25OCT19-220-P,172.81,0.0,0.27,17.0,0.342,17.0,147.19,0.13398,-0.2758,-0.12743,0.00642,-0.77893
172.84,SYN.ETH-25OCT19,1569841145657,open,0.34,483.0,0.253,0.353,0.302847,102.42,0.337,0.0,ETH-25OCT19-220-P,172.81,0.0,0.27,17.0,0.34,17.0,145.08,0.13398,-0.2758,-0.12743,0.00642,-0.77893
173.87,ETH-27MAR20,1569841145942,open,0.99,7.0,0.846,1.027,0.936663,99.74,0.945,0.0,ETH-27MAR20-320-P,172.83,80.81,0.894,8.0,0.973,8.0,114.1,0.42318,-0.11799,-1.3946,0.00286,-0.70003
173.87,ETH-27MAR20,1569841145942,open,0.05,1129.0,0.021,0.093,0.054221,104.61,0.052,0.0,ETH-27MAR20-440-C,172.83,102.3,0.05,284.0,0.059,300.0,107.13,0.32337,-0.09456,0.11025,0.00209,0.18361
173.87,ETH-27MAR20,1569841145942,open,2.13,0.0,1.921,2.151,2.032028,108.27,None,0.0,ETH-27MAR20-520-P,172.83,0.0,0.005,10.0,0.0,0.0,0.0,0.27499,-0.08322,-2.4616,0.00171,-0.85688
173.87,ETH-27MAR20,1569841145942,open,1.67,0.0,1.483,1.692,1.585007,104.69,None,0.0,ETH-27MAR20-440-P,172.83,0.0,0.002,10.0,0.0,0.0,0.0,0.32377,-0.09475,-2.0459,0.00209,-0.81604
173.0,ETH-27DEC19,1569841145942,open,0.03,3136.0,0.012,0.052,0.030614,107.86,0.035,0.0,ETH-27DEC19-100-P,172.83,105.92,0.029,120.0,0.035,420.0,112.96,0.14541,-0.08924,-0.05305,0.00187,-0.09675
173.0,ETH-27DEC19,1569841145943,open,0.16,1049.0,0.126,0.222,0.17775,99.81,0.17,0.0,ETH-27DEC19-180-C,172.83,96.31,0.171,640.0,0.182,300.0,102.01,0.33413,-0.18975,0.16133,0.00465,0.56508
173.0,ETH-27DEC19,1569841145943,open,0.03,1425.0,0.013,0.066,0.036425,102.98,0.033,0.0,ETH-27DEC19-320-C,172.83,100.14,0.033,396.0,0.04,396.0,105.84,0.21269,-0.12463,0.05455,0.00287,0.1674
173.0,ETH-27DEC19,1569841145943,open,0.0,14460.0,0.001,0.013,0.003082,112.58,0.004,0.0,ETH-27DEC19-640-C,172.83,106.89,0.002,120.0,0.004,3872.0,116.4,0.03797,-0.02432,0.00631,0.00047,0.01822
173.87,ETH-27MAR20,1569841145943,open,1.21,6.0,1.054,1.244,1.148642,101.51,1.165,0.0,ETH-27MAR20-360-P,172.83,79.85,1.106,7.0,1.187,7.0,117.66,0.38825,-0.11016,-1.61628,0.00258,-0.74821
173.0,ETH-27DEC19,1569841145943,open,2.6,0.0,2.368,2.586,2.472337,112.3,0.953,0.0,ETH-27DEC19-600-P,172.83,0.0,0.0,0.0,0.0,0.0,0.0,0.04755,-0.03038,-1.43635,0.00059,-0.97624
173.87,ETH-27MAR20,1569841145943,open,1.9,0.0,1.701,1.921,1.807617,106.45,None,0.0,ETH-27MAR20-480-P,172.83,0.0,0.003,10.0,0.0,0.0,0.0,0.29746,-0.08851,-2.25507,0.00189,-0.83892
173.0,ETH-27DEC19,1569841145943,open,0.02,953.0,0.007,0.05,0.025243,104.91,0.017,0.0,ETH-27DEC19-360-C,172.83,101.53,0.022,740.0,0.028,420.0,107.62,0.17156,-0.10241,0.0402,0.00227,0.12176
173.0,ETH-27DEC19,1569841145943,open,0.35,2.0,0.323,0.399,0.363832,103.63,0.346,0.0,ETH-27DEC19-120-C,172.83,0.0,0.101,1.0,0.0,0.0,0.0,0.21081,-0.1243,0.1962,0.00282,0.83489
173.0,ETH-27DEC19,1569841145943,open,0.0,6842.0,0.001,0.016,0.005647,112.16,0.006,0.0,ETH-27DEC19-560-C,172.83,106.88,0.004,120.0,0.007,1502.0,115.79,0.06013,-0.03837,0.01077,0.00074,0.03149
173.0,ETH-27DEC19,1569841145943,open,0.43,0.0,0.421,0.481,0.452528,107.8,None,0.0,ETH-27DEC19-100-C,172.83,0.0,0.0,0.0,0.0,0.0,0.0,0.14533,-0.08914,0.18776,0.00187,0.90332
173.87,ETH-27MAR20,1569841145943,open,2.37,0.0,2.141,2.382,2.256946,109.58,None,0.0,ETH-27MAR20-560-P,172.83,0.0,0.01,10.0,0.0,0.0,0.0,0.25322,-0.07756,-2.66706,0.00156,-0.87309
173.0,ETH-27DEC19,1569841145943,open,3.08,0.0,2.817,3.06,2.933449,115.45,None,0.0,ETH-27DEC19-680-P,172.83,0.0,0.002,10.0,0.0,0.0,0.0,0.03481,-0.02287,-1.63145,0.00042,-0.98354
173.0,ETH-27DEC19,1569841145943,open,0.0,12462.0,0.001,0.012,0.002812,115.44,0.003,0.0,ETH-27DEC19-680-C,172.83,110.91,0.002,120.0,0.004,2700.0,120.65,0.03479,-0.02285,0.00568,0.00042,0.01645
173.0,ETH-27DEC19,1569841145943,open,1.88,21.0,1.697,1.881,1.785027,111.05,0.629,0.0,ETH-27DEC19-480-P,172.83,0.0,0.001,7.0,0.0,0.0,0.0,0.0941,-0.05946,-1.13718,0.00118,-0.94524
173.02,ETH-27DEC19,1569841145943,open,2.84,0.0,2.593,2.822,2.702932,116.15,None,0.0,ETH-27DEC19-640-P,172.83,0.0,0.0,0.0,0.0,0.0,0.0,0.0449,-0.02967,-1.53323,0.00054,-0.9778
173.02,ETH-27DEC19,1569841145943,open,0.21,406.0,0.175,0.27,0.226711,100.14,0.211,0.0,ETH-27DEC19-160-C,172.83,95.32,0.218,712.0,0.231,300.0,102.52,0.31203,-0.17779,0.17933,0.00432,0.65722
173.02,ETH-27DEC19,1569841145943,open,1.18,257.0,1.031,1.187,1.106397,105.37,0.7,0.0,ETH-27DEC19-360-P,172.83,0.0,0.01,2.0,0.0,0.0,0.0,0.1731,-0.10378,-0.82607,0.00228,-0.8767
173.02,ETH-27DEC19,1569841145943,open,0.0,4490.0,0.001,0.012,0.002125,115.45,0.002,0.0,ETH-27DEC19-720-C,172.83,106.5,0.001,1120.0,0.003,10.0,120.23,0.02795,-0.01836,0.00443,0.00034,0.01275
173.02,ETH-27DEC19,1569841145943,open,0.0,15281.0,0.001,0.014,0.004129,112.29,0.005,0.0,ETH-27DEC19-600-C,172.83,107.73,0.003,120.0,0.005,5505.0,115.26,0.04755,-0.03038,0.00818,0.00059,0.02377
173.02,ETH-27DEC19,1569841145943,open,0.11,3074.0,0.057,0.136,0.097318,101.12,0.1,0.0,ETH-27DEC19-140-P,172.83,98.99,0.094,96.0,0.104,396.0,105.4,0.26971,-0.15518,-0.14463,0.0037,-0.24987
173.02,ETH-27DEC19,1569841145943,open,1.41,16.0,1.251,1.416,1.329926,106.76,1.195,0.0,ETH-27DEC19-400-P,172.83,0.0,0.001,8.0,0.0,0.0,0.0,0.13838,-0.08405,-0.93286,0.0018,-0.90955
173.02,ETH-27DEC19,1569841145943,open,0.95,101.0,0.813,0.963,0.88635,103.32,0.513,0.0,ETH-27DEC19-320-P,172.83,0.0,0.006,5.0,0.0,0.0,0.0,0.21374,-0.12565,-0.71551,0.00287,-0.83134
173.02,ETH-27DEC19,1569841145944,open,0.01,10816.0,0.001,0.021,0.007872,112.16,0.008,0.0,ETH-27DEC19-520-C,172.83,107.56,0.006,120.0,0.01,420.0,116.62,0.07658,-0.04887,0.01435,0.00095,0.04232
173.02,ETH-27DEC19,1569841145944,open,3.32,0.0,3.041,3.297,3.163976,118.23,None,0.0,ETH-27DEC19-720-P,172.83,0.0,0.003,5.0,0.0,0.0,0.0,0.03231,-0.02173,-1.72824,0.00038,-0.98492
173.02,ETH-27DEC19,1569841145944,open,2.12,37.0,1.92,2.116,2.013653,112.93,0.707,0.0,ETH-27DEC19-520-P,172.83,0.0,0.002,25.0,0.0,0.0,0.0,0.07866,-0.05054,-1.23713,0.00097,-0.95626
173.02,ETH-27DEC19,1569841145944,open,0.13,3187.0,0.09,0.183,0.139378,99.79,0.132,0.0,ETH-27DEC19-200-C,172.83,96.52,0.133,640.0,0.143,300.0,101.64,0.33824,-0.19205,0.14172,0.0047,0.47961
173.02,ETH-27DEC19,1569841145944,open,0.0,4118.0,0.001,0.011,0.001995,118.15,0.002,0.0,ETH-27DEC19-760-C,172.83,109.86,0.001,120.0,0.003,1503.0,123.86,0.02618,-0.0176,0.00409,0.00031,0.01182
173.89,ETH-27MAR20,1569841145944,open,2.6,0.0,2.362,2.614,2.482858,111.15,None,0.0,ETH-27MAR20-600-P,172.83,0.0,0.02,10.0,0.0,0.0,0.0,0.23563,-0.07321,-2.87041,0.00143,-0.88545
172.94,SYN.ETH-29NOV19,1569841145942,open,0.04,32.0,0.012,0.061,0.0338,104.57,0.03,0.0,ETH-29NOV19-280-C,172.83,98.86,0.028,693.0,0.034,1.0,104.76,0.18202,-0.15894,0.04069,0.00355,0.17724
173.02,ETH-27DEC19,1569841145944,open,0.02,4411.0,0.005,0.038,0.017779,106.41,0.014,0.0,ETH-27DEC19-400-C,172.83,102.75,0.015,740.0,0.02,21.0,109.12,0.13726,-0.0831,0.02986,0.00179,0.08947
173.02,ETH-27DEC19,1569841145945,open,0.01,7937.0,0.003,0.031,0.013482,108.84,0.013,0.0,ETH-27DEC19-440-C,172.83,104.82,0.011,440.0,0.016,420.0,112.5,0.11315,-0.07007,0.02327,0.00144,0.06934
172.83,SYN.ETH-11OCT19,1569841145942,open,0.01,17.0,0.001,0.02,0.007039,120.45,0.01,0.0,ETH-11OCT19-130-P,172.83,115.82,0.006,150.0,0.01,176.0,132.17,0.04018,-0.22252,-0.00398,0.00375,-0.07029
172.83,SYN.ETH-11OCT19,1569841145942,open,0.0,40.0,0.001,0.022,0.007385,100.78,0.004,0.0,ETH-11OCT19-220-C,172.83,87.62,0.004,150.0,0.008,150.0,102.82,0.05112,-0.23687,0.0046,0.0057,0.09679
172.94,SYN.ETH-29NOV19,1569841145942,open,0.61,0.0,0.485,0.614,0.549185,104.56,None,0.0,ETH-29NOV19-260-P,172.83,0.0,0.0,0.0,0.0,0.0,0.0,0.21076,-0.18403,-0.37529,0.00411,-0.77369
172.86,SYN.ETH-25OCT19,1569841145943,open,0.2,12.0,0.185,0.253,0.221195,104.94,0.192,0.0,ETH-25OCT19-140-C,172.83,0.0,0.0,0.0,0.0,0.0,0.0,0.11936,-0.25175,0.07028,0.00558,0.81771
172.83,SYN.ETH-11OCT19,1569841145943,open,0.38,0.0,0.293,0.381,0.335119,101.53,None,0.0,ETH-11OCT19-230-P,172.83,0.0,0.0,0.0,0.0,0.0,0.0,0.0362,-0.16898,-0.06559,0.00401,-0.93857
172.86,SYN.ETH-25OCT19,1569841145943,open,0.02,1026.0,0.01,0.055,0.030021,102.41,0.025,0.0,ETH-25OCT19-220-C,172.83,99.78,0.028,96.0,0.032,476.0,104.94,0.13403,-0.27589,0.02252,0.00643,0.22118
172.83,SYN.ETH-11OCT19,1569841145943,open,0.32,0.0,0.238,0.325,0.280434,101.28,None,0.0,ETH-11OCT19-220-P,172.83,0.0,0.0,0.0,0.0,0.0,0.0,0.0516,-0.24027,-0.06089,0.00572,-0.90197
172.82,SYN.ETH-4OCT19,1569841145943,open,0.22,0.0,0.225,0.272,0.248515,131.32,None,0.0,ETH-4OCT19-130-C,172.83,0.0,0.0,0.0,0.0,0.0,0.0,0.00672,-0.11387,0.01352,0.00161,0.98506
172.82,SYN.ETH-4OCT19,1569841145943,open,0.28,0.0,0.285,0.327,0.305944,145.93,None,0.0,ETH-4OCT19-120-C,172.83,0.0,0.0,0.0,0.0,0.0,0.0,0.00312,-0.05865,0.01262,0.00067,0.9938
172.82,SYN.ETH-4OCT19,1569841145943,open,0.17,40.0,0.165,0.218,0.19201,121.05,0.136,0.0,ETH-4OCT19-140-C,172.83,0.0,0.0,0.0,0.0,0.0,0.0,0.01534,-0.23962,0.01409,0.004,0.96001
172.86,SYN.ETH-25OCT19,1569841145943,open,0.24,960.0,0.16,0.256,0.208744,101.42,0.21,0.0,ETH-25OCT19-200-P,172.83,72.88,0.183,20.0,0.239,20.0,132.12,0.16495,-0.33626,-0.1026,0.00799,-0.66215
172.86,SYN.ETH-25OCT19,1569841145943,open,0.12,511.0,0.103,0.178,0.143366,101.94,0.132,0.0,ETH-25OCT19-160-C,172.83,94.18,0.136,369.0,0.145,72.0,103.65,0.16458,-0.33721,0.06135,0.00793,0.66409
172.82,SYN.ETH-4OCT19,1569841145946,open,0.0,675.0,0.001,0.014,0.003105,94.76,0.002,0.0,ETH-4OCT19-200-C,172.83,75.76,0.001,10.0,0.003,150.0,94.03,0.02493,-0.30482,0.0013,0.0083,0.07393
172.83,SYN.ETH-11OCT19,1569841145942,open,0.18,0.0,0.171,0.234,0.203385,115.65,None,0.0,ETH-11OCT19-140-C,172.83,0.0,0.0,0.0,0.0,0.0,0.0,0.06107,-0.32472,0.03464,0.00593,0.87599
172.83,SYN.ETH-11OCT19,1569841145943,open,0.23,0.0,0.227,0.282,0.254783,120.08,None,0.0,ETH-11OCT19-130-C,172.83,0.0,0.0,0.0,0.0,0.0,0.0,0.03995,-0.22054,0.03479,0.00374,0.93025
172.86,SYN.ETH-25OCT19,1569841145943,open,0.15,508.0,0.085,0.172,0.129343,101.39,0.139,0.0,ETH-25OCT19-180-P,172.83,100.1,0.128,72.0,0.136,196.0,107.78,0.18,-0.3668,-0.07511,0.00872,-0.50818
172.86,SYN.ETH-25OCT19,1569841145943,open,0.3,6.0,0.29,0.345,0.318107,112.05,0.36,0.0,ETH-25OCT19-120-C,172.83,0.0,0.0,0.0,0.0,0.0,0.0,0.06813,-0.15344,0.07072,0.00299,0.91835
172.82,SYN.ETH-4OCT19,1569841145942,open,0.0,555.0,0.001,0.011,0.000992,95.84,0.002,0.0,ETH-4OCT19-210-C,172.83,0.0,0.0,0.0,0.001,150.0,95.96,0.01117,-0.13806,0.00048,0.00367,0.02719
172.83,SYN.ETH-11OCT19,1569841145942,open,0.02,9.0,0.002,0.032,0.013507,115.92,0.032,0.0,ETH-11OCT19-140-P,172.83,114.47,0.013,10.0,0.016,488.0,122.74,0.06123,-0.32629,-0.0071,0.00593,-0.12446
172.82,SYN.ETH-4OCT19,1569841145943,open,0.2,187.0,0.124,0.199,0.160523,95.68,0.164,0.0,ETH-4OCT19-200-P,172.83,0.0,0.0,0.0,0.0,0.0,0.0,0.02547,-0.31442,-0.0199,0.00839,-0.92397
172.82,SYN.ETH-4OCT19,1569841145944,open,0.26,2.0,0.18,0.256,0.216281,97.93,0.263,0.0,ETH-4OCT19-210-P,172.83,0.0,0.0,0.0,0.0,0.0,0.0,0.01212,-0.15313,-0.02177,0.0039,-0.96999
172.83,SYN.ETH-11OCT19,1569841145943,open,0.01,0.0,0.001,0.015,0.004544,133.03,None,0.0,ETH-11OCT19-120-P,172.83,122.38,0.003,150.0,0.007,651.0,146.56,0.02789,-0.17056,-0.00251,0.00236,-0.04423
