underlying_price,underlying_index,timestamp,state,settlement_price,open_interest,min_price,max_price,mark_price,mark_iv,last_price,interest_rate,instrument_name,index_price,bid_iv,best_bid_price,best_bid_amount,best_ask_price,best_ask_amount,ask_iv,vega,theta,rho,gamma,delta
210.21,SYN.ETH-23AUG19,1565348340047,open,60.0,0.004,0.037,0.017425,91.39,0.009,0.0,ETH-23AUG19-180-P,209.26,81.98,0.013,200.0,0.018,496.0,92.56,0.10316,-0.33971,-0.01486,0.00672,-0.16857
11762.87,SYN.BTC-23AUG19,1565348340076,open,5.5,0.0135,0.0645,0.0374827,96.97,0.039,0.0,BTC-23AUG19-13000-C,11693.26,93.44,0.035,24.0,0.0405,24.0,101.21,8.32586,-29.09203,1.31701,0.00016,0.332
11762.87,SYN.BTC-23AUG19,1565348340078,open,5.5,0.0135,0.0645,0.0374827,96.97,0.039,0.0,BTC-23AUG19-13000-C,11693.26,93.44,0.035,34.0,0.0405,24.0,101.21,8.32586,-29.09203,1.31701,0.00016,0.332
209.73,SYN.ETH-16AUG19,1565348340094,open,0.03,113.0,0.016,0.076,0.044745,80.53,0.046,0.0,ETH-16AUG19-210-P,209.26,73.69,0.041,150.0,0.049,201.0,88.31,0.11473,-0.67188,-0.02083,0.01719,-0.48258
210.21,SYN.ETH-23AUG19,1565348340156,open,0.0,0.09,0.158,0.12623,91.43,None,0.0,ETH-23AUG19-190-C,209.26,77.94,0.118,50.0,0.127,50.0,92.65,0.13184,-0.43434,0.04938,0.00858,0.74415
209.73,SYN.ETH-16AUG19,1565348340189,open,0.04,981.0,0.005,0.05,0.025282,81.43,0.025,0.0,ETH-16AUG19-220-C,209.26,72.96,0.021,200.0,0.028,166.0,86.72,0.10717,-0.6346,0.01303,0.01588,0.35501
12197.68,BTC-27DEC19,1565348340234,open,0.44,25.3,0.385,0.5165,0.45172717,95.65,0.431,0.0,BTC-27DEC19-16000-P,11693.26,92.47,0.444,3.6,0.4585,3.6,98.42,29.73022,-10.16485,-47.49928,5e-05,-0.56443
12197.68,BTC-27DEC19,1565348340239,open,0.21,102.2,0.1605,0.2695,0.21629352,92.83,0.215,0.0,BTC-27DEC19-12000-P,11693.26,91.0,0.212,4.9,0.2225,9.9,95.47,28.65902,-9.50982,-27.69041,5e-05,-0.37609
12197.68,BTC-27DEC19,1565348340250,open,0.26,206.7,0.2095,0.3265,0.26939889,93.46,0.2605,0.0,BTC-27DEC19-13000-P,11693.26,91.45,0.2645,3.6,0.276,8.6,96.18,29.64424,-9.90378,-32.64111,6e-05,-0.4289
11797.98,SYN.BTC-30AUG19,1565348340252,open,0.13,187.6,0.0905,0.1555,0.12459201,94.19,0.14,0.0,BTC-30AUG19-11000-C,11693.26,92.36,0.123,18.0,0.1305,5.4,100.94,10.29054,-23.21402,3.64011,0.00014,0.66405
11762.87,SYN.BTC-23AUG19,1565348340271,open,98.3,0.022,0.079,0.0499962,96.56,0.0525,0.0,BTC-23AUG19-12500-C,11693.26,92.6,0.047,28.0,0.053,18.4,100.52,8.91344,-31.01352,1.60781,0.00018,0.40955
210.21,SYN.ETH-23AUG19,1565348340359,open,0.0,0.06,0.128,0.096252,91.41,None,0.0,ETH-23AUG19-200-C,209.26,78.61,0.087,150.0,0.096,3.0,91.07,0.15278,-0.50325,0.04375,0.00995,0.64375
209.73,SYN.ETH-16AUG19,1565348340363,open,0.06,172.0,0.039,0.109,0.074229,81.4,0.065,0.0,ETH-16AUG19-220-P,209.26,73.04,0.07,150.0,0.079,141.0,90.65,0.10716,-0.63435,-0.02842,0.01589,-0.64505
210.21,SYN.ETH-23AUG19,1565348340379,open,0.0,0.001,0.011,0.000779,95.54,None,0.0,ETH-23AUG19-140-P,209.26,0.0,0.0,0.0,0.002,250.0,110.47,0.01229,-0.0423,-0.00098,0.00077,-0.01145
209.73,SYN.ETH-16AUG19,1565348340446,open,0.01,95.0,0.001,0.029,0.010942,81.3,0.011,0.0,ETH-16AUG19-190-P,209.26,72.53,0.008,499.0,0.012,3.0,84.26,0.07374,-0.43593,-0.00728,0.01095,-0.17328
11762.87,SYN.BTC-23AUG19,1565348340447,open,0.0,0.009,0.0515,0.02805059,93.72,None,0.0,BTC-23AUG19-10500-P,11693.26,87.76,0.0245,24.0,0.029,34.0,95.29,7.09654,-23.96599,-1.18951,0.00014,-0.23796
209.73,SYN.ETH-16AUG19,1565348340448,open,0.02,381.0,0.001,0.022,0.007056,82.97,0.006,0.0,ETH-16AUG19-240-C,209.26,71.17,0.004,511.0,0.009,511.0,89.34,0.06086,-0.36723,0.00485,0.00885,0.1299
11762.87,SYN.BTC-23AUG19,1565348340450,open,0.0,0.0335,0.0935,0.06388924,93.72,None,0.0,BTC-23AUG19-12000-C,11693.26,91.93,0.0625,28.0,0.0695,28.0,100.93,9.14819,-30.89451,1.91831,0.00019,0.49288
209.73,SYN.ETH-16AUG19,1565348340462,open,0.03,628.0,0.002,0.034,0.014062,82.96,0.01,0.0,ETH-16AUG19-230-C,209.26,72.64,0.01,418.0,0.016,418.0,87.58,0.08647,-0.52162,0.00836,0.01258,0.22563
11797.98,SYN.BTC-30AUG19,1565348340459,open,0.06,212.3,0.0255,0.084,0.05400675,96.55,0.0555,0.0,BTC-30AUG19-13000-C,11693.26,94.34,0.052,24.0,0.057,10.4,99.82,10.74543,-24.84758,2.20156,0.00014,0.38028
210.21,SYN.ETH-23AUG19,1565348340472,open,13.0,0.019,0.078,0.047651,91.38,0.041,0.0,ETH-23AUG19-200-P,209.26,79.41,0.039,200.0,0.047,230.0,90.48,0.15277,-0.50304,-0.03227,0.00995,-0.35622
11797.98,SYN.BTC-30AUG19,1565348340469,open,0.02,266.6,0.003,0.0325,0.01408033,101.5,0.015,0.0,BTC-30AUG19-16000-C,11693.26,103.31,0.015,89.2,0.016,45.0,105.23,5.91994,-14.39237,0.77186,7e-05,0.12847
11938.42,BTC-27SEP19,1565348340477,open,0.09,172.3,0.0595,0.133,0.09629548,94.56,0.0935,0.0,BTC-27SEP19-11000-P,11693.26,91.36,0.092,11.3,0.0985,30.6,96.2,16.026,-15.50286,-6.99149,9e-05,-0.34105
11938.42,BTC-27SEP19,1565348340487,open,0.14,724.5,0.0945,0.1725,0.13514986,94.56,0.1345,0.0,BTC-27SEP19-12000-C,11693.26,93.76,0.134,3.0,0.138,15.6,96.54,17.2118,-16.64987,6.837,0.0001,0.56283
11762.87,SYN.BTC-23AUG19,1565348340498,open,5.5,0.0135,0.0645,0.0374827,96.97,0.039,0.0,BTC-23AUG19-13000-C,11693.26,93.44,0.035,34.0,0.0405,34.0,101.21,8.32586,-29.09203,1.31701,0.00016,0.332
11762.87,SYN.BTC-23AUG19,1565348340512,open,0.0,0.009,0.0515,0.02805059,93.72,None,0.0,BTC-23AUG19-10500-P,11693.26,87.76,0.0245,24.0,0.029,24.0,95.29,7.09654,-23.96599,-1.18951,0.00014,-0.23796
11762.87,SYN.BTC-23AUG19,1565348340514,open,5.5,0.0135,0.0645,0.0374827,96.97,0.039,0.0,BTC-23AUG19-13000-C,11693.26,93.44,0.035,24.0,0.0405,34.0,101.21,8.32586,-29.09203,1.31701,0.00016,0.332
11762.82,SYN.BTC-23AUG19,1565348340516,open,11.0,0.0025,0.034,0.01470038,98.08,0.0165,0.0,BTC-23AUG19-14500-C,11693.26,95.5,0.0135,24.0,0.016,1.0,100.79,5.55871,-19.64622,0.64552,0.00011,0.15906
11938.27,BTC-27SEP19,1565348340625,open,0.63,289.7,0.615,0.6345,0.62468892,125.05,0.588,0.0,BTC-27SEP19-4500-C,11692.99,0.0,0.002,2.1,0.686,5.0,299.76,1.07374,-1.37364,5.85403,0.0,0.99088
12197.67,BTC-27DEC19,1565348340625,open,0.32,497.4,0.26,0.3505,0.30764945,92.83,0.319,0.0,BTC-27DEC19-10000-C,11692.99,38.81,0.205,1.0,0.3275,5.0,102.64,24.65443,-8.18108,20.05288,5e-05,0.73664
12197.67,BTC-27DEC19,1565348340625,open,0.28,559.5,0.2165,0.3135,0.26750327,92.83,0.2695,0.0,BTC-27DEC19-11000-C,11692.99,89.9,0.261,3.6,0.272,5.0,94.86,27.00963,-8.9626,19.27302,5e-05,0.67981
12197.67,BTC-27DEC19,1565348340625,open,0.06,417.3,0.0325,0.093,0.06128316,92.83,0.0575,0.0,BTC-27DEC19-8000-P,11692.99,89.89,0.057,10.0,0.0615,5.0,92.98,17.88133,-5.93354,-10.04207,3e-05,-0.15355
12197.67,BTC-27DEC19,1565348340625,open,0.12,343.1,0.083,0.1715,0.12747716,92.83,0.1285,0.0,BTC-27DEC19-10000-P,11692.99,90.61,0.123,10.0,0.13,9.9,94.08,24.65443,-8.18104,-18.26917,5e-05,-0.26336
12197.67,BTC-27DEC19,1565348340625,open,0.85,3.9,0.806,0.9455,0.87406614,98.47,0.752,0.0,BTC-27DEC19-22000-P,11692.99,0.0,0.0055,2.0,1.6425,0.3,500.0,24.18372,-8.51233,-75.74083,4e-05,-0.74627
12197.67,BTC-27DEC19,1565348340625,open,0.5,63.0,0.4705,0.521,0.49539195,92.83,0.4965,0.0,BTC-27DEC19-6500-C,11692.99,0.0,0.355,1.0,0.955,2.0,500.0,11.58204,-3.84329,19.68964,2e-05,0.91661
11938.27,BTC-27SEP19,1565348340626,open,0.43,748.2,0.4045,0.4405,0.42167655,97.62,0.4315,0.0,BTC-27SEP19-7000-C,11692.99,0.0,0.2,1.0,0.458,0.1,162.02,4.29984,-4.29407,8.49119,2e-05,0.95284
11938.27,BTC-27SEP19,1565348340625,open,0.02,662.6,0.0045,0.038,0.01736704,100.84,0.019,0.0,BTC-27SEP19-20000-C,11692.99,98.84,0.016,39.0,0.019,5.0,103.13,8.34274,-8.60619,1.51929,4e-05,0.11241
12197.4,BTC-27DEC19,1565348340626,open,0.64,6.5,0.6255,0.65,0.63675297,92.85,0.575,0.0,BTC-27DEC19-4500-C,11692.99,0.0,0.012,0.1,0.963,1.0,500.0,3.89924,-1.29422,15.97049,1e-05,0.97842
11938.27,BTC-27SEP19,1565348340626,open,0.0,492.7,0.0005,0.0105,1.97e-06,125.0,0.0005,0.0,BTC-27SEP19-2000-P,11692.99,0.0,0.0,0.0,0.0025,15.0,238.84,0.00338,-0.00432,-0.00032,0.0,-2e-05
11938.27,BTC-27SEP19,1565348340626,open,0.29,372.7,0.2505,0.31,0.28089745,94.57,0.286,0.0,BTC-27SEP19-9000-C,11692.99,81.14,0.2695,8.7,0.286,13.7,100.17,10.68237,-10.33461,8.91827,6e-05,0.83878
11938.27,BTC-27SEP19,1565348340626,open,0.0,49.2,0.0005,0.0105,0.00015285,125.0,0.0015,0.0,BTC-27SEP19-3250-P,11692.99,0.0,0.0,0.0,0.0025,15.0,174.99,0.15503,-0.19824,-0.01937,0.0,-0.00106
12197.4,BTC-27DEC19,1565348340627,open,0.0,382.0,0.0005,0.0115,0.00177209,105.62,0.001,0.0,BTC-27DEC19-3000-P,11692.99,97.7,0.001,10.0,0.0025,10.0,111.2,1.41843,-0.53552,-0.39673,0.0,-0.00672
12197.4,BTC-27DEC19,1565348340626,open,0.05,161.4,0.0175,0.0845,0.04701954,100.1,0.0515,0.0,BTC-27DEC19-26000-C,11692.99,98.54,0.0445,14.9,0.05,4.9,101.91,19.88255,-7.11453,6.26287,3e-05,0.181
12197.4,BTC-27DEC19,1565348340627,open,0.0,99.9,0.0005,0.0105,0.00096842,124.99,0.0005,0.0,BTC-27DEC19-2000-P,11692.99,115.42,0.0005,1.0,0.0025,10.0,142.89,0.73801,-0.32974,-0.19617,0.0,-0.00323
11938.27,BTC-27SEP19,1565348340627,open,0.0,372.8,0.0005,0.0115,0.00162291,125.0,0.001,0.0,BTC-27SEP19-4500-P,11692.99,116.93,0.001,1.0,0.0035,15.0,141.04,1.07157,-1.37024,-0.17132,0.0,-0.00909
11938.27,BTC-27SEP19,1565348340627,open,0.75,225.7,0.739,0.7585,0.74879063,125.44,0.693,0.0,BTC-27SEP19-3000-C,11692.99,0.0,0.004,20.0,0.878,5.0,500.0,0.09207,-0.11815,4.00624,0.0,0.9994
11938.27,BTC-27SEP19,1565348340628,open,0.0,550.0,0.0005,0.0115,0.00155597,111.74,0.002,0.0,BTC-27SEP19-5000-P,11692.99,105.1,0.001,34.0,0.002,29.0,116.0,1.14688,-1.31105,-0.18199,1e-05,-0.00983
11938.27,BTC-27SEP19,1565348340628,open,0.0,563.0,0.0005,0.013,0.00322656,101.38,0.0035,0.0,BTC-27SEP19-6000-P,11692.99,97.09,0.0025,15.1,0.004,29.0,105.36,2.17569,-2.25649,-0.38212,1e-05,-0.02068
11938.27,BTC-27SEP19,1565348340628,open,0.0,681.9,0.0005,0.0115,0.00192537,107.1,0.004,0.0,BTC-27SEP19-30000-C,11692.99,99.1,0.001,15.0,0.003,15.0,113.51,1.70841,-1.87177,0.21815,1e-05,0.01557
12197.4,BTC-27DEC19,1565348340628,open,0.05,158.1,0.024,0.077,0.04866423,92.83,0.0455,0.0,BTC-27DEC19-7500-P,11692.99,89.58,0.0445,10.0,0.049,11.0,93.08,15.84333,-5.2571,-8.28009,3e-05,-0.12848
12197.4,BTC-27DEC19,1565348340629,open,0.12,373.5,0.0635,0.1605,0.11158248,97.29,0.11,0.0,BTC-27DEC19-18000-C,11692.99,96.61,0.11,0.5,0.115,4.9,98.75,28.3825,-9.87027,11.84707,5e-05,0.36503
12197.4,BTC-27DEC19,1565348340629,open,1.92,1.3,1.899,2.0515,1.9706601,102.8,2.2,0.0,BTC-27DEC19-36000-P,11692.99,0.0,0.0005,1.0,0.0,0.0,0.0,11.58259,-4.25605,-134.95953,2e-05,-0.91661
11797.91,SYN.BTC-30AUG19,1565348340626,open,0.51,0.0,0.497,0.57,0.53118176,103.57,None,0.0,BTC-30AUG19-18000-P,11692.99,0.0,0.0,0.0,0.0,0.0,0.0,3.22187,-7.99218,-9.94826,4e-05,-0.94315
12197.4,BTC-27DEC19,1565348340629,open,0.17,366.2,0.1045,0.208,0.15791559,94.87,0.1585,0.0,BTC-27DEC19-15000-C,11692.99,93.08,0.1535,13.6,0.164,3.6,97.34,30.07175,-10.19826,14.89959,6e-05,0.47667
12197.4,BTC-27DEC19,1565348340630,open,0.09,542.2,0.0445,0.134,0.08789914,97.73,0.09,0.0,BTC-27DEC19-20000-C,11692.99,96.16,0.0845,10.0,0.092,8.9,99.62,26.3844,-9.21768,10.07016,5e-05,0.30334
11938.0,BTC-27SEP19,1565348340630,open,0.01,434.4,0.0005,0.019,0.00801831,97.59,0.008,0.0,BTC-27SEP19-7000-P,11692.99,94.67,0.007,25.0,0.0085,5.0,98.91,4.29775,-4.29087,-0.88164,2e-05,-0.04713
12197.4,BTC-27DEC19,1565348340630,open,0.57,59.3,0.5455,0.5825,0.56326683,92.84,0.51,0.0,BTC-27DEC19-5500-C,11692.99,0.0,0.255,1.0,0.959,5.0,500.0,7.43046,-2.46603,18.21033,1e-05,0.95285
12197.4,BTC-27DEC19,1565348340630,open,0.03,147.0,0.008,0.057,0.0272463,102.09,0.027,0.0,BTC-27DEC19-32000-C,11692.99,100.15,0.025,16.0,0.0295,4.0,103.95,14.48316,-5.28522,4.01297,2e-05,0.1131
12197.4,BTC-27DEC19,1565348340630,open,0.38,8.6,0.3225,0.45,0.38765738,94.86,0.386,0.0,BTC-27DEC19-15000-P,11692.99,92.16,0.381,3.6,0.3945,3.6,97.63,30.07161,-10.19697,-42.5837,6e-05,-0.52336
11938.0,BTC-27SEP19,1565348340630,open,0.24,71.0,0.205,0.3,0.2530521,96.07,0.25,0.0,BTC-27SEP19-14000-P,11692.99,0.0,0.004,10.0,0.2705,5.0,108.37,16.76973,-16.48121,-13.78503,9e-05,-0.60928
11797.91,SYN.BTC-30AUG19,1565348340625,open,0.35,0.0,0.334,0.41,0.37024443,101.49,0.403,0.0,BTC-30AUG19-16000-P,11692.99,0.0,0.03,1.0,0.0,0.0,0.0,5.91841,-14.3866,-8.37939,7e-05,-0.87158
12197.4,BTC-27DEC19,1565348340631,open,0.08,181.2,0.0325,0.114,0.07044447,98.47,0.075,0.0,BTC-27DEC19-22000-C,11692.99,96.72,0.067,14.9,0.0745,8.9,100.5,24.18318,-8.51238,8.56755,4e-05,0.25373
11762.82,SYN.BTC-23AUG19,1565348340625,open,0.0,0.105,0.164,0.13541132,93.72,None,0.0,BTC-23AUG19-10500-C,11692.99,0.0,0.005,1.0,0.0,0.0,0.0,7.09676,-23.96792,2.80205,0.00014,0.76203
11797.91,SYN.BTC-30AUG19,1565348340628,open,0.01,606.8,0.002,0.0265,0.01165954,95.93,0.0085,0.0,BTC-30AUG19-9000-P,11692.99,91.78,0.01,50.0,0.011,20.0,94.31,4.86869,-11.18619,-0.73803,6e-05,-0.09772
11797.91,SYN.BTC-30AUG19,1565348340625,open,0.0,639.8,0.0005,0.014,0.0040715,98.9,0.004,0.0,BTC-30AUG19-8000-P,11692.99,95.96,0.0035,30.0,0.0045,1.0,100.96,2.38894,-5.65897,-0.2916,3e-05,-0.03914
11797.91,SYN.BTC-30AUG19,1565348340628,open,0.42,0.0,0.395,0.424,0.4087694,112.92,None,0.0,BTC-30AUG19-7000-C,11692.99,0.0,0.08,1.0,0.0,0.0,0.0,1.32659,-3.58795,3.85906,1e-05,0.98068
212.6,ETH-27SEP19,1565348340690,open,0.14,994.0,0.08,0.16,0.122384,94.12,0.152,0.0,ETH-27SEP19-220-C,209.26,90.43,0.117,173.0,0.127,230.0,97.29,0.30954,-0.29805,0.11577,0.00543,0.52905
212.6,ETH-27SEP19,1565348340690,open,0.0,839.0,0.001,0.011,0.000203,124.99,0.001,0.0,ETH-27SEP19-60-P,209.26,0.0,0.0,0.0,0.002,550.0,164.67,0.0035,-0.00448,-0.00045,5e-05,-0.00137
214.84,ETH-27DEC19,1565348340690,open,0.21,710.0,0.138,0.243,0.195095,96.89,0.225,0.0,ETH-27DEC19-240-C,209.26,93.59,0.187,202.0,0.202,321.0,99.7,0.52707,-0.18254,0.2888,0.00308,0.54587
212.6,ETH-27SEP19,1565348340701,open,0.03,7898.0,0.014,0.058,0.034002,94.08,0.035,0.0,ETH-27SEP19-160-P,209.26,89.49,0.03,282.0,0.035,140.0,95.2,0.18866,-0.18157,-0.055,0.00331,-0.15919
210.69,SYN.ETH-30AUG19,1565348340701,open,0.05,479.0,0.03,0.093,0.060541,89.95,0.063,0.0,ETH-30AUG19-200-P,209.26,86.0,0.057,200.0,0.065,333.0,94.91,0.1891,-0.40739,-0.05108,0.00828,-0.36334
212.6,ETH-27SEP19,1565348340709,open,0.49,502.0,0.475,0.592,0.532717,97.97,0.455,0.0,ETH-27SEP19-320-P,209.26,0.0,0.0,0.0,0.578,110.0,138.79,0.19552,-0.19596,-0.38846,0.0033,-0.83181
212.6,ETH-27SEP19,1565348340712,open,0.2,2496.0,0.167,0.27,0.219984,94.95,0.171,0.0,ETH-27SEP19-240-P,209.26,90.07,0.213,120.0,0.226,110.0,99.12,0.30564,-0.29686,-0.22476,0.00532,-0.56954
212.6,ETH-27SEP19,1565348340714,open,1.55,24.0,1.558,1.72,1.635733,109.71,1.356,0.0,ETH-27SEP19-560-P,209.26,0.0,0.0,0.0,0.0,0.0,0.0,0.02689,-0.03018,-0.74651,0.0004,-0.98651
212.6,ETH-27SEP19,1565348340730,open,0.18,1290.0,0.121,0.202,0.164379,94.13,0.19,0.0,ETH-27SEP19-200-C,209.26,88.03,0.156,120.0,0.168,120.0,96.76,0.29197,-0.28115,0.13446,0.00512,0.63668
212.6,ETH-27SEP19,1565348340730,open,0.0,5010.0,0.001,0.014,0.004039,107.31,0.009,0.0,ETH-27SEP19-480-C,209.26,102.76,0.003,70.0,0.005,200.0,110.89,0.05326,-0.05847,0.00745,0.00082,0.03022
212.6,ETH-27SEP19,1565348340740,open,0.0,7916.0,0.001,0.011,0.000677,125.01,0.001,0.0,ETH-27SEP19-760-C,209.26,0.0,0.0,0.0,0.002,400.0,140.26,0.01183,-0.01513,0.00131,0.00016,0.00529
214.84,ETH-27DEC19,1565348340740,open,0.88,16.0,0.848,1.019,0.93349,101.99,1.195,0.0,ETH-27DEC19-400-P,209.26,0.0,0.001,8.0,1.49,1.0,349.93,0.42425,-0.15467,-1.38454,0.00235,-0.74818
212.6,ETH-27SEP19,1565348340742,open,1.37,12.0,1.375,1.528,1.448533,108.83,1.193,0.0,ETH-27SEP19-520-P,209.26,0.0,0.0,0.0,0.0,0.0,0.0,0.0382,-0.04253,-0.69127,0.00058,-0.97966
212.6,ETH-27SEP19,1565348340742,open,0.83,79.0,0.83,0.956,0.890243,100.66,0.351,0.0,ETH-27SEP19-400-P,209.26,0.0,0.01,10.0,0.0,0.0,0.0,0.09603,-0.09889,-0.52024,0.00158,-0.9372
210.69,SYN.ETH-30AUG19,1565348340742,open,0.66,0.0,0.66,0.765,0.709966,99.12,None,0.0,ETH-30AUG19-360-P,209.26,0.0,0.0,0.0,0.0,0.0,0.0,0.02029,-0.04817,-0.20411,0.00081,-0.98389
210.69,SYN.ETH-30AUG19,1565348340744,open,0.48,0.0,0.476,0.572,0.521842,92.06,None,0.0,ETH-30AUG19-320-P,209.26,0.0,0.0,0.0,0.0,0.0,0.0,0.04063,-0.08959,-0.17894,0.00174,-0.96313
214.84,ETH-27DEC19,1565348340749,open,0.57,101.0,0.524,0.679,0.603279,99.25,0.513,0.0,ETH-27DEC19-320-P,209.26,0.0,0.006,5.0,1.58,1.0,500.0,0.50056,-0.17758,-1.01831,0.00285,-0.63356
214.84,ETH-27DEC19,1565348340752,open,0.03,1681.0,0.007,0.049,0.023927,103.62,0.026,0.0,ETH-27DEC19-600-C,209.26,99.84,0.02,400.0,0.027,110.0,106.36,0.23377,-0.08659,0.0628,0.00128,0.10021
210.69,SYN.ETH-30AUG19,1565348340752,open,0.36,0.0,0.316,0.36,0.338504,97.27,None,0.0,ETH-30AUG19-140-C,209.26,0.0,0.0,0.0,0.0,0.0,0.0,0.03476,-0.08099,0.07603,0.00141,0.96949
209.73,SYN.ETH-16AUG19,1565348340755,open,0.12,49.0,0.114,0.19,0.15137,82.92,0.084,0.0,ETH-16AUG19-240-P,209.26,0.0,0.0,0.0,0.0,0.0,0.0,0.0608,-0.36663,-0.04036,0.00885,-0.87028
214.84,ETH-27DEC19,1565348340757,open,1.04,0.0,1.017,1.193,1.103945,101.99,None,0.0,ETH-27DEC19-440-P,209.26,0.0,0.001,8.0,2.047,1.0,500.0,0.37917,-0.13824,-1.56245,0.0021,-0.79382
210.69,SYN.ETH-30AUG19,1565348340760,open,0.09,513.0,0.071,0.151,0.111389,89.93,0.091,0.0,ETH-30AUG19-220-P,209.26,85.31,0.107,150.0,0.116,262.0,94.78,0.20013,-0.43108,-0.07816,0.00877,-0.53728
212.6,ETH-27SEP19,1565348340780,open,1.01,0.0,1.011,1.145,1.075031,102.83,None,0.0,ETH-27SEP19-440-P,209.26,0.0,0.0,0.0,0.0,0.0,0.0,0.06774,-0.07126,-0.57919,0.00109,-0.95949
212.6,ETH-27SEP19,1565348340782,open,0.06,2088.0,0.022,0.081,0.050169,96.63,0.05,0.0,ETH-27SEP19-280-C,209.26,92.33,0.045,401.0,0.054,270.0,99.75,0.25893,-0.25596,0.0636,0.00443,0.27359
214.84,ETH-27DEC19,1565348340782,open,1.38,37.0,1.365,1.553,1.456009,102.59,0.707,0.0,ETH-27DEC19-520-P,209.26,0.0,0.002,25.0,0.0,0.0,0.0,0.29797,-0.10928,-1.90568,0.00164,-0.85864
210.69,SYN.ETH-30AUG19,1565348340784,open,0.05,1571.0,0.015,0.066,0.038932,90.75,0.049,0.0,ETH-30AUG19-240-C,209.26,86.05,0.035,413.0,0.043,413.0,95.52,0.17812,-0.38716,0.03284,0.00773,0.31146
212.6,ETH-27SEP19,1565348340786,open,0.0,2894.0,0.001,0.011,0.001926,111.57,0.004,0.0,ETH-27SEP19-560-C,209.26,103.33,0.001,824.0,0.003,500.0,118.15,0.02959,-0.03378,0.00374,0.00044,0.01508
212.6,ETH-27SEP19,1565348340786,open,0.64,0.0,0.613,0.637,0.625337,125.29,None,0.0,ETH-27SEP19-80-C,209.26,0.0,0.003,10.0,0.0,0.0,0.0,0.01911,-0.0245,0.10407,0.00025,0.99089
214.84,ETH-27DEC19,1565348340792,open,0.06,624.0,0.023,0.093,0.05591,101.99,0.068,0.0,ETH-27DEC19-440-C,209.26,97.98,0.049,316.0,0.06,40.0,104.28,0.37917,-0.13824,0.12372,0.0021,0.20618
210.69,SYN.ETH-30AUG19,1565348340792,open,0.27,0.0,0.222,0.277,0.250101,91.68,None,0.0,ETH-30AUG19-160-C,209.26,0.0,0.0,0.0,0.0,0.0,0.0,0.07921,-0.17392,0.07998,0.0034,0.91384
210.69,SYN.ETH-30AUG19,1565348340794,open,0.13,462.0,0.074,0.144,0.111302,89.99,0.13,0.0,ETH-30AUG19-200-C,209.26,87.42,0.109,10.0,0.117,150.0,96.33,0.1891,-0.40759,0.0633,0.00828,0.63664
212.6,ETH-27SEP19,1565348340798,open,0.14,1948.0,0.109,0.202,0.157093,94.06,0.12,0.0,ETH-27SEP19-220-P,209.26,91.93,0.154,145.0,0.162,110.0,97.43,0.30955,-0.29784,-0.17882,0.00544,-0.47103
212.6,ETH-27SEP19,1565348340804,open,0.01,5245.0,0.001,0.022,0.008952,101.05,0.015,0.0,ETH-27SEP19-400-C,209.26,93.85,0.006,500.0,0.011,200.0,105.28,0.09711,-0.10039,0.01559,0.00159,0.06371
214.84,ETH-27DEC19,1565348340804,open,0.72,242.0,0.683,0.848,0.766694,101.33,0.61,0.0,ETH-27DEC19-360-P,209.26,0.0,0.008,4.0,0.83,110.0,128.86,0.46605,-0.16881,-1.2032,0.0026,-0.69472
210.69,SYN.ETH-30AUG19,1565348340806,open,0.0,3500.0,0.001,0.011,0.001336,99.82,0.005,0.0,ETH-30AUG19-360-C,209.26,0.0,0.0,0.0,0.003,250.0,112.29,0.02103,-0.05029,0.00186,0.00083,0.01681
210.69,SYN.ETH-30AUG19,1565348340806,open,0.84,0.0,0.844,0.96,0.899363,108.96,None,0.0,ETH-30AUG19-400-P,209.26,0.0,0.0,0.0,0.0,0.0,0.0,0.01332,-0.03476,-0.22768,0.00048,-0.99009
212.6,ETH-27SEP19,1565348340808,open,0.01,7889.0,0.005,0.03,0.015092,94.08,0.016,0.0,ETH-27SEP19-140-P,209.26,88.28,0.012,301.0,0.017,340.0,97.41,0.11884,-0.11437,-0.0279,0.00209,-0.08293
212.6,ETH-27SEP19,1565348340811,open,0.0,2060.0,0.001,0.011,0.001595,124.89,0.003,0.0,ETH-27SEP19-80-P,209.26,0.0,0.0,0.0,0.005,300.0,150.54,0.01884,-0.02407,-0.00301,0.00025,-0.00896
212.6,ETH-27SEP19,1565348340811,open,0.0,4039.0,0.001,0.012,0.002856,110.07,0.008,0.0,ETH-27SEP19-520-C,209.26,105.02,0.002,100.0,0.004,500.0,115.43,0.04041,-0.04551,0.00537,0.00061,0.02173
212.6,ETH-27SEP19,1565348340814,open,0.3,392.0,0.246,0.313,0.281486,94.16,0.329,0.0,ETH-27SEP19-160-C,209.26,0.0,0.001,1.0,0.0,0.0,0.0,0.18876,-0.18182,0.15919,0.00331,0.84068
212.6,ETH-27SEP19,1565348340814,open,0.0,4762.0,0.001,0.011,0.001702,99.31,0.002,0.0,ETH-27SEP19-100-P,209.26,0.0,0.0,0.0,0.003,500.0,108.7,0.0243,-0.02468,-0.0039,0.0004,-0.012
214.83,ETH-27DEC19,1565348340817,open,0.03,1570.0,0.009,0.056,0.028857,102.96,0.041,0.0,ETH-27DEC19-560-C,209.26,98.81,0.024,349.0,0.032,110.0,105.46,0.26304,-0.09681,0.07347,0.00144,0.11809
212.6,ETH-27SEP19,1565348340820,open,2.27,0.0,2.288,2.493,2.387236,118.98,None,0.0,ETH-27SEP19-720-P,209.26,0.0,0.0,0.0,0.0,0.0,0.0,0.01101,-0.01341,-0.9629,0.00015,-0.99512
210.69,SYN.ETH-30AUG19,1565348340820,open,0.56,0.0,0.568,0.668,0.615815,96.61,None,0.0,ETH-30AUG19-340-P,209.26,0.0,0.0,0.0,0.0,0.0,0.0,0.02969,-0.06871,-0.19166,0.00121,-0.97475
214.83,ETH-27DEC19,1565348340822,open,1.72,0.0,1.72,1.921,1.816703,103.5,0.953,0.0,ETH-27DEC19-600-P,209.26,0.0,0.0,0.0,0.0,0.0,0.0,0.23309,-0.08624,-2.23674,0.00127,-0.90018
212.6,ETH-27SEP19,1565348340822,open,1.19,0.0,1.193,1.336,1.261587,106.45,None,0.0,ETH-27SEP19-480-P,209.26,0.0,0.0,0.0,0.0,0.0,0.0,0.05144,-0.05602,-0.63559,0.0008,-0.97101
212.6,ETH-27SEP19,1565348340827,open,0.73,0.0,0.709,0.728,0.718009,126.53,0.01,0.0,ETH-27SEP19-60-C,209.26,0.0,0.003,10.0,0.0,0.0,0.0,0.00384,-0.00497,0.07985,5e-05,0.99848
214.83,ETH-27DEC19,1565348340832,open,0.04,2788.0,0.017,0.06,0.037021,95.66,0.037,0.0,ETH-27DEC19-120-P,209.26,90.95,0.032,295.0,0.039,140.0,97.47,0.23402,-0.08002,-0.11311,0.00138,-0.10036
212.6,ETH-27SEP19,1565348340834,open,0.0,3419.0,0.001,0.011,0.001204,117.5,0.001,0.0,ETH-27SEP19-640-C,209.26,0.0,0.0,0.0,0.002,100.0,124.59,0.01971,-0.02369,0.00234,0.00028,0.00943
210.69,SYN.ETH-30AUG19,1565348340834,open,0.02,619.0,0.009,0.05,0.027252,90.59,0.029,0.0,ETH-30AUG19-180-P,209.26,87.21,0.025,200.0,0.03,396.0,94.62,0.14186,-0.30778,-0.02761,0.00617,-0.20188
210.21,SYN.ETH-23AUG19,1565348340834,open,0.0,0.022,0.081,0.05171,91.39,None,0.0,ETH-23AUG19-220-C,209.26,79.99,0.043,150.0,0.051,164.0,90.47,0.16126,-0.53108,0.03054,0.0105,0.43392
212.6,ETH-27SEP19,1565348340836,open,1.91,0.0,1.923,2.106,2.011269,114.14,None,0.0,ETH-27SEP19-640-P,209.26,0.0,0.0,0.0,0.0,0.0,0.0,0.01622,-0.01894,-0.85511,0.00023,-0.99244
214.83,ETH-27DEC19,1565348340838,open,0.5,0.0,0.446,0.507,0.478466,95.69,None,0.0,ETH-27DEC19-120-C,209.26,0.0,0.002,50.0,0.99,5.0,500.0,0.23407,-0.08006,0.34671,0.00138,0.89961
214.83,ETH-27DEC19,1565348340840,open,0.1,254.0,0.046,0.135,0.091028,101.34,0.096,0.0,ETH-27DEC19-360-C,209.26,99.93,0.088,2.0,0.095,402.0,103.16,0.46602,-0.16881,0.17638,0.0026,0.30527
214.83,ETH-27DEC19,1565348340840,open,0.13,651.0,0.064,0.16,0.113799,99.25,0.125,0.0,ETH-27DEC19-320-C,209.26,95.45,0.105,237.0,0.12,237.0,101.9,0.50053,-0.17758,0.20798,0.00285,0.36643
212.6,ETH-27SEP19,1565348340840,open,0.0,2698.0,0.001,0.011,0.000913,124.18,0.001,0.0,ETH-27SEP19-720-C,209.26,0.0,0.0,0.0,0.002,542.0,135.38,0.01516,-0.01926,0.00173,0.0002,0.007
212.6,ETH-27SEP19,1565348340840,open,0.46,47.0,0.42,0.461,0.44111,95.56,0.689,0.0,ETH-27SEP19-120-C,209.26,0.0,0.0,0.0,0.0,0.0,0.0,0.06028,-0.05893,0.14911,0.00104,0.96488
214.83,ETH-27DEC19,1565348340842,open,0.18,2179.0,0.135,0.244,0.191872,95.66,0.195,0.0,ETH-27DEC19-200-P,209.26,93.07,0.186,158.0,0.199,140.0,98.81,0.4864,-0.16632,-0.43655,0.00287,-0.33838
212.6,ETH-27SEP19,1565348340844,open,0.55,0.0,0.516,0.547,0.53138,99.69,None,0.0,ETH-27SEP19-100-C,209.26,0.0,0.003,10.0,0.0,0.0,0.0,0.0247,-0.02519,0.12993,0.00041,0.98777
214.83,ETH-27DEC19,1565348340846,open,0.02,503.0,0.004,0.038,0.016919,104.93,0.026,0.0,ETH-27DEC19-680-C,209.26,100.05,0.013,305.0,0.021,50.0,109.36,0.18565,-0.06963,0.0467,0.001,0.07365
210.69,SYN.ETH-30AUG19,1565348340846,open,0.02,1192.0,0.002,0.027,0.011499,91.62,0.017,0.0,ETH-30AUG19-280-C,209.26,86.02,0.009,533.0,0.014,370.0,96.7,0.09919,-0.21767,0.01275,0.00426,0.11731
214.83,ETH-27DEC19,1565348340849,open,0.04,937.0,0.012,0.066,0.035603,102.6,0.032,0.0,ETH-27DEC19-520-C,209.26,98.4,0.03,348.0,0.04,160.0,105.68,0.29795,-0.10927,0.08707,0.00164,0.14136
212.6,ETH-27SEP19,1565348340849,open,0.38,191.0,0.329,0.383,0.35664,94.19,0.5,0.0,ETH-27SEP19-140-C,209.26,0.0,0.0,0.0,0.0,0.0,0.0,0.11904,-0.1147,0.15949,0.00209,0.91688
212.6,ETH-27SEP19,1565348340849,open,0.06,5420.0,0.033,0.096,0.063794,94.07,0.064,0.0,ETH-27SEP19-180-P,209.26,90.84,0.06,240.0,0.066,300.0,95.94,0.25033,-0.24091,-0.09105,0.0044,-0.25602
210.69,SYN.ETH-30AUG19,1565348340849,open,0.3,0.0,0.295,0.388,0.340434,91.5,None,0.0,ETH-30AUG19-280-P,209.26,0.0,0.0,0.0,0.0,0.0,0.0,0.09899,-0.21694,-0.14743,0.00426,-0.88303
210.69,SYN.ETH-30AUG19,1565348340849,open,0.01,3109.0,0.001,0.023,0.009492,91.6,0.011,0.0,ETH-30AUG19-160-P,209.26,87.48,0.008,250.0,0.012,700.0,97.95,0.07909,-0.17352,-0.01151,0.0034,-0.086
212.6,ETH-27SEP19,1565348340854,open,0.05,3646.0,0.014,0.064,0.037256,97.42,0.045,0.0,ETH-27SEP19-300-C,209.26,93.37,0.033,419.0,0.04,160.0,99.96,0.22758,-0.22681,0.05072,0.00386,0.21543
212.6,ETH-27SEP19,1565348340854,open,0.33,1127.0,0.31,0.423,0.367073,96.53,0.289,0.0,ETH-27SEP19-280-P,209.26,0.0,0.001,22.0,1.318,1.0,500.0,0.25877,-0.25553,-0.31139,0.00443,-0.72674
214.83,ETH-27DEC19,1565348340857,open,0.37,0.0,0.307,0.394,0.354491,95.68,None,0.0,ETH-27DEC19-160-C,209.26,85.88,0.337,172.0,0.367,172.0,102.58,0.38721,-0.13243,0.3555,0.00229,0.7863
212.6,ETH-27SEP19,1565348340857,open,0.01,2471.0,0.001,0.016,0.005611,103.44,0.01,0.0,ETH-27SEP19-440-C,209.26,97.97,0.004,50.0,0.007,200.0,107.42,0.06921,-0.07324,0.01025,0.00111,0.0416
212.6,ETH-27SEP19,1565348340857,open,0.57,347.0,0.562,0.681,0.619731,98.6,0.565,0.0,ETH-27SEP19-340-P,209.26,0.0,0.0,0.0,0.671,110.0,148.25,0.16559,-0.16703,-0.42377,0.00277,-0.86884
212.6,ETH-27SEP19,1565348340859,open,0.11,1847.0,0.052,0.127,0.09121,95.02,0.126,0.0,ETH-27SEP19-240-C,209.26,91.39,0.086,198.0,0.095,110.0,97.65,0.30566,-0.29712,0.09662,0.00531,0.43062
212.6,ETH-27SEP19,1565348340859,open,0.02,2763.0,0.004,0.034,0.015692,99.82,0.014,0.0,ETH-27SEP19-360-C,209.26,95.55,0.013,297.0,0.018,200.0,103.2,0.14044,-0.14341,0.02513,0.00232,0.10396
214.83,ETH-27DEC19,1565348340859,open,0.02,1226.0,0.003,0.033,0.014138,105.21,0.032,0.0,ETH-27DEC19-720-C,209.26,99.23,0.01,355.0,0.018,50.0,109.9,0.16425,-0.06177,0.0401,0.00088,0.06284
212.6,ETH-27SEP19,1565348340862,open,1.73,27.0,1.741,1.914,1.82379,115.35,1.044,0.0,ETH-27SEP19-600-P,209.26,0.0,0.0,0.0,0.0,0.0,0.0,0.02487,-0.02935,-0.80038,0.00036,-0.98767
212.6,ETH-27SEP19,1565348340862,open,0.03,1935.0,0.006,0.041,0.020634,98.79,0.036,0.0,ETH-27SEP19-340-C,209.26,93.94,0.017,486.0,0.023,200.0,101.75,0.16613,-0.1679,0.03164,0.00278,0.13178
212.6,ETH-27SEP19,1565348340862,open,2.46,0.0,2.471,2.687,2.575129,117.32,None,0.0,ETH-27SEP19-760-P,209.26,0.0,0.0,0.0,0.0,0.0,0.0,0.00702,-0.00843,-1.01694,0.0001,-0.99705
212.6,ETH-27SEP19,1565348340862,open,0.02,1897.0,0.002,0.027,0.011851,100.5,0.016,0.0,ETH-27SEP19-380-C,209.26,94.95,0.009,500.0,0.014,200.0,104.23,0.11724,-0.12054,0.01982,0.00193,0.08146
212.6,ETH-27SEP19,1565348340862,open,2.09,0.0,2.106,2.3,2.199117,114.74,None,0.0,ETH-27SEP19-680-P,209.26,0.0,0.0,0.0,0.0,0.0,0.0,0.01174,-0.01378,-0.90924,0.00017,-0.99476
210.69,SYN.ETH-30AUG19,1565348340862,open,0.2,757.0,0.138,0.204,0.172937,90.64,0.25,0.0,ETH-30AUG19-180-C,209.26,0.0,0.0,0.0,0.188,120.0,111.94,0.1419,-0.30805,0.07532,0.00617,0.79802
210.69,SYN.ETH-30AUG19,1565348340862,open,0.39,0.0,0.384,0.478,0.429727,91.43,None,0.0,ETH-30AUG19-300-P,209.26,0.0,0.0,0.0,0.0,0.0,0.0,0.06459,-0.14145,-0.16434,0.00278,-0.93408
214.83,ETH-27DEC19,1565348340865,open,2.43,0.0,2.438,2.672,2.549854,105.9,None,0.0,ETH-27DEC19-760-P,209.26,0.0,0.001,100.0,0.0,0.0,0.0,0.14762,-0.05588,-2.87735,0.00079,-0.94515
210.69,SYN.ETH-30AUG19,1565348340867,open,0.08,380.0,0.034,0.098,0.067226,89.98,0.091,0.0,ETH-30AUG19-220-C,209.26,85.52,0.063,316.0,0.072,166.0,95.0,0.20014,-0.4313,0.04766,0.00876,0.46278
209.73,SYN.ETH-16AUG19,1565348340877,open,0.01,97.0,0.001,0.014,0.003551,84.31,0.01,0.0,ETH-16AUG19-250-C,209.26,74.84,0.002,10.0,0.005,350.0,91.34,0.03956,-0.24255,0.00271,0.00566,0.07215
209.73,SYN.ETH-16AUG19,1565348340948,open,0.06,102.0,0.015,0.071,0.04347,80.56,0.056,0.0,ETH-16AUG19-210-C,209.26,70.55,0.038,283.0,0.048,283.0,88.83,0.11473,-0.67209,0.01872,0.01719,0.51743
209.73,SYN.ETH-16AUG19,1565348340977,open,0.16,0.0,0.158,0.235,0.195544,84.23,None,0.0,ETH-16AUG19-250-P,209.26,0.0,0.0,0.0,0.0,0.0,0.0,0.03947,-0.24174,-0.04439,0.00566,-0.92807
210.21,SYN.ETH-23AUG19,1565348341001,open,5.0,0.059,0.137,0.098263,91.36,0.081,0.0,ETH-23AUG19-220-P,209.26,79.23,0.089,150.0,0.098,143.0,91.01,0.16126,-0.53085,-0.05309,0.01051,-0.56613
209.73,SYN.ETH-16AUG19,1565348341059,open,0.0,501.0,0.001,0.011,0.001826,86.4,0.001,0.0,ETH-16AUG19-260-C,209.26,78.1,0.001,18.0,0.003,250.0,94.96,0.02472,-0.15531,0.0015,0.00345,0.03983
210.21,SYN.ETH-23AUG19,1565348341106,open,231.0,0.012,0.063,0.036515,91.4,0.029,0.0,ETH-23AUG19-230-C,209.26,79.24,0.028,200.0,0.036,397.0,90.68,0.14997,-0.49392,0.02415,0.00977,0.33877
209.73,SYN.ETH-16AUG19,1565348341148,open,0.2,0.0,0.204,0.282,0.2415,86.26,None,0.0,ETH-16AUG19-260-P,209.26,0.0,0.0,0.0,0.0,0.0,0.0,0.02459,-0.15422,-0.04749,0.00344,-0.96043
210.21,SYN.ETH-23AUG19,1565348341215,open,0.0,0.089,0.171,0.130639,91.36,None,0.0,ETH-23AUG19-230-P,209.26,0.0,0.0,0.0,0.0,0.0,0.0,0.14995,-0.49364,-0.06329,0.00977,-0.66132
209.73,SYN.ETH-16AUG19,1565348341236,open,0.0,176.0,0.001,0.011,0.001251,92.45,0.015,0.0,ETH-16AUG19-270-C,209.26,89.3,0.001,10.0,0.002,250.0,99.97,0.01792,-0.1205,0.00102,0.00234,0.02697
209.73,SYN.ETH-16AUG19,1565348341320,open,0.25,0.0,0.25,0.33,0.288604,92.24,None,0.0,ETH-16AUG19-270-P,209.26,0.0,0.0,0.0,0.0,0.0,0.0,0.01777,-0.11919,-0.04986,0.00232,-0.97331
11762.82,SYN.BTC-23AUG19,1565348341364,open,0.0,0.0335,0.0935,0.06388727,93.72,None,0.0,BTC-23AUG19-12000-C,11692.99,91.94,0.0625,28.0,0.069,0.4,100.29,9.14814,-30.89532,1.91827,0.00019,0.49287
209.73,SYN.ETH-16AUG19,1565348341411,open,0.0,118.0,0.001,0.011,0.000659,94.19,0.001,0.0,ETH-16AUG19-280-C,209.26,0.0,0.0,0.0,0.001,1.0,99.87,0.01089,-0.07458,0.00057,0.0014,0.01498
11762.5,SYN.BTC-23AUG19,1565348341409,open,5.1,0.008,0.0525,0.02778012,97.43,0.027,0.0,BTC-23AUG19-13500-C,11692.99,93.82,0.0255,34.0,0.03,0.4,100.88,7.50104,-26.33377,1.05738,0.00015,0.26425
210.21,SYN.ETH-23AUG19,1565348341419,open,0.0,0.124,0.209,0.166893,91.37,None,0.0,ETH-23AUG19-240-P,209.26,0.0,0.0,0.0,0.0,0.0,0.0,0.13194,-0.4344,-0.07277,0.0086,-0.74375
11727.43,SYN.BTC-16AUG19,1565348341619,open,0.01,132.1,0.0005,0.019,0.00601312,93.17,0.007,0.0,BTC-16AUG19-10000-P,11692.99,90.91,0.0055,8.0,0.007,30.5,97.28,2.72229,-18.4437,-0.22334,0.00011,-0.09508
210.21,SYN.ETH-23AUG19,1565348341628,open,0.0,0.163,0.25,0.206278,91.33,None,0.0,ETH-23AUG19-250-P,209.26,0.0,0.0,0.0,0.0,0.0,0.0,0.11056,-0.36384,-0.08136,0.00721,-0.81182
11762.82,SYN.BTC-23AUG19,1565348341638,open,5.5,0.0135,0.0645,0.03748146,96.97,0.039,0.0,BTC-23AUG19-13000-C,11692.99,93.45,0.035,24.0,0.0405,24.0,101.21,8.3258,-29.09264,1.31699,0.00016,0.332
209.73,SYN.ETH-16AUG19,1565348341657,open,0.0,261.0,0.001,0.011,0.001092,111.29,0.001,0.0,ETH-16AUG19-290-C,209.26,0.0,0.0,0.0,0.003,300.0,131.07,0.01418,-0.11477,0.00076,0.00154,0.02041
11937.83,BTC-27SEP19,1565348341679,open,0.09,172.3,0.0595,0.133,0.09631717,94.54,0.0935,0.0,BTC-27SEP19-11000-P,11692.99,91.34,0.092,11.3,0.0985,19.3,96.19,16.02607,-15.50035,-6.99192,9e-05,-0.3411
11727.43,SYN.BTC-16AUG19,1565348341680,open,0.13,23.8,0.0905,0.1415,0.11646497,89.91,0.1065,0.0,BTC-16AUG19-10500-C,11692.99,84.08,0.1145,2.0,0.1275,6.5,118.81,4.05977,-26.5439,1.57823,0.00017,0.83087
11797.91,SYN.BTC-30AUG19,1565348341681,open,0.02,266.6,0.003,0.0325,0.01408,101.51,0.015,0.0,BTC-30AUG19-16000-C,11692.99,103.32,0.015,89.2,0.016,35.0,105.23,5.91996,-14.39277,0.77186,7e-05,0.12847
11938.27,BTC-27SEP19,1565348341692,open,0.14,724.5,0.0945,0.1725,0.13514456,94.56,0.1345,0.0,BTC-27SEP19-12000-C,11692.99,93.77,0.134,3.0,0.138,5.0,96.54,17.21165,-16.65053,6.83672,0.0001,0.56282
209.73,SYN.ETH-16AUG19,1565348341751,open,0.34,0.0,0.343,0.429,0.383804,110.87,None,0.0,ETH-16AUG19-290-P,209.26,0.0,0.0,0.0,0.0,0.0,0.0,0.01394,-0.11243,-0.05388,0.00152,-0.97999
11727.43,SYN.BTC-16AUG19,1565348341776,open,0.01,141.0,0.0005,0.021,0.00634691,97.61,0.007,0.0,BTC-16AUG19-14000-C,11692.99,91.91,0.005,10.7,0.0075,30.5,102.07,2.92103,-20.7342,0.21731,0.00012,0.10471
210.21,SYN.ETH-23AUG19,1565348341802,open,45.0,0.003,0.037,0.017008,91.41,0.014,0.0,ETH-23AUG19-250-C,209.26,79.14,0.011,200.0,0.017,454.0,91.39,0.11067,-0.36455,0.0137,0.00721,0.18847
209.73,SYN.ETH-16AUG19,1565348341814,open,0.31,0.0,0.263,0.309,0.285951,121.49,None,0.0,ETH-16AUG19-150-C,209.26,0.0,0.0,0.0,0.0,0.0,0.0,0.01283,-0.11337,0.02749,0.00127,0.98185
210.21,SYN.ETH-23AUG19,1565348341830,open,0.0,0.206,0.292,0.248094,91.3,None,0.0,ETH-23AUG19-260-P,209.26,0.0,0.0,0.0,0.0,0.0,0.0,0.08877,-0.29204,-0.08899,0.00579,-0.86548
209.73,SYN.ETH-16AUG19,1565348341845,open,0.0,51.0,0.001,0.011,0.00089,117.52,0.004,0.0,ETH-16AUG19-300-C,209.26,0.0,0.0,0.0,0.005,300.0,156.05,0.01167,-0.0997,0.00061,0.0012,0.01623
209.73,SYN.ETH-16AUG19,1565348341898,open,0.0,0.0,0.001,0.011,0.001147,121.25,None,0.0,ETH-16AUG19-150-P,209.26,0.0,0.0,0.0,0.002,300.0,132.95,0.01273,-0.11226,-0.00076,0.00127,-0.01798
210.21,SYN.ETH-23AUG19,1565348341935,open,0.0,0.001,0.021,0.007317,91.43,None,0.0,ETH-23AUG19-270-C,209.26,75.3,0.003,543.0,0.008,250.0,93.47,0.06885,-0.22683,0.00694,0.00448,0.09422
11938.0,BTC-27SEP19,1565348341939,open,0.18,525.7,0.135,0.211,0.17488364,94.57,0.1865,0.0,BTC-27SEP19-11000-C,11692.99,91.29,0.1705,14.4,0.1775,14.9,96.51,16.02616,-15.50515,7.73725,9e-05,0.65891
209.73,SYN.ETH-16AUG19,1565348341943,open,0.39,0.0,0.389,0.477,0.431282,117.0,None,0.0,ETH-16AUG19-300-P,209.26,0.0,0.0,0.0,0.0,0.0,0.0,0.01141,-0.09709,-0.05592,0.00118,-0.98418
209.73,SYN.ETH-16AUG19,1565348341994,open,0.26,0.0,0.214,0.263,0.238483,103.8,None,0.0,ETH-16AUG19-160-C,209.26,0.0,0.0,0.0,0.0,0.0,0.0,0.01646,-0.12428,0.02912,0.00191,0.97563
210.21,SYN.ETH-23AUG19,1565348342039,open,0.0,0.25,0.336,0.291723,91.27,None,0.0,ETH-23AUG19-270-P,209.26,0.0,0.0,0.0,0.0,0.0,0.0,0.06862,-0.22566,-0.09573,0.00448,-0.90622
209.73,SYN.ETH-16AUG19,1565348342081,open,0.0,0.0,0.001,0.011,0.001359,103.6,None,0.0,ETH-16AUG19-160-P,209.26,0.0,0.0,0.0,0.002,250.0,110.89,0.01635,-0.1232,-0.00101,0.0019,-0.02417
210.21,SYN.ETH-23AUG19,1565348342142,open,0.0,0.001,0.016,0.004902,92.34,None,0.0,ETH-23AUG19-280-C,209.26,88.56,0.004,1.0,0.005,250.0,92.73,0.05289,-0.17601,0.00492,0.00341,0.0665
11938.27,BTC-27SEP19,1565348342183,open,0.14,724.5,0.0945,0.1725,0.13514464,94.56,0.1345,0.0,BTC-27SEP19-12000-C,11692.99,93.77,0.134,3.0,0.138,15.6,96.54,17.21165,-16.65053,6.83672,0.0001,0.56282
209.73,SYN.ETH-16AUG19,1565348342198,open,0.22,0.0,0.165,0.218,0.192186,95.75,None,0.0,ETH-16AUG19-170-C,209.26,0.0,0.0,0.0,0.0,0.0,0.0,0.02877,-0.20035,0.03002,0.00363,0.95192
11797.91,SYN.BTC-30AUG19,1565348342186,open,0.02,266.6,0.003,0.0325,0.01408039,101.51,0.015,0.0,BTC-30AUG19-16000-C,11692.99,103.32,0.015,89.2,0.016,45.0,105.23,5.91996,-14.39277,0.77186,7e-05,0.12847
210.21,SYN.ETH-23AUG19,1565348342213,open,0.0,0.265,0.311,0.288475,94.64,None,0.0,ETH-23AUG19-150-C,209.26,0.0,0.0,0.0,0.0,0.0,0.0,0.02584,-0.08811,0.05467,0.00163,0.97263
210.21,SYN.ETH-23AUG19,1565348342291,open,0.0,0.295,0.382,0.336879,92.13,None,0.0,ETH-23AUG19-280-P,209.26,0.0,0.0,0.0,0.0,0.0,0.0,0.05258,-0.17456,-0.10156,0.0034,-0.934
209.73,SYN.ETH-16AUG19,1565348342317,open,0.0,33.0,0.001,0.012,0.002742,95.63,0.003,0.0,ETH-16AUG19-170-P,209.26,79.28,0.001,15.0,0.003,250.0,97.47,0.02868,-0.19946,-0.002,0.00362,-0.04789
210.21,SYN.ETH-23AUG19,1565348342317,open,0.0,0.001,0.012,0.002034,94.4,None,0.0,ETH-23AUG19-150-P,209.26,0.0,0.0,0.0,0.003,250.0,101.45,0.02562,-0.08716,-0.00233,0.00162,-0.02709
210.21,SYN.ETH-23AUG19,1565348342390,open,0.0,0.001,0.013,0.003437,94.08,None,0.0,ETH-23AUG19-290-C,209.26,0.0,0.0,0.0,0.004,250.0,96.84,0.04105,-0.13915,0.00358,0.0026,0.0482
209.73,SYN.ETH-16AUG19,1565348342419,open,0.17,0.0,0.117,0.174,0.14649,84.69,None,0.0,ETH-16AUG19-180-C,209.26,0.0,0.0,0.0,0.0,0.0,0.0,0.04473,-0.27551,0.03037,0.00637,0.91515
210.21,SYN.ETH-23AUG19,1565348342434,open,0.0,0.217,0.268,0.243161,91.85,None,0.0,ETH-23AUG19-160-C,209.26,0.0,0.0,0.0,0.0,0.0,0.0,0.04448,-0.14722,0.05622,0.00288,0.94668
11762.82,SYN.BTC-23AUG19,1565348342442,open,0.0,0.0335,0.0935,0.06388714,93.72,None,0.0,BTC-23AUG19-12000-C,11692.99,91.94,0.0625,18.0,0.069,0.4,100.29,9.14814,-30.89532,1.91827,0.00019,0.49287
11727.43,SYN.BTC-16AUG19,1565348342470,open,0.06,73.4,0.032,0.0925,0.0622322,89.85,0.0595,0.0,BTC-16AUG19-12000-P,11692.99,81.15,0.0575,0.4,0.0635,18.4,92.21,6.37163,-41.6307,-1.35161,0.00027,-0.5496
210.21,SYN.ETH-23AUG19,1565348342489,open,0.0,0.34,0.429,0.382984,93.79,None,0.0,ETH-23AUG19-290-P,209.26,0.0,0.0,0.0,0.0,0.0,0.0,0.04066,-0.13743,-0.10671,0.00258,-0.95237
11797.91,SYN.BTC-30AUG19,1565348342487,open,0.09,69.5,0.0635,0.1345,0.09926009,94.18,0.099,0.0,BTC-30AUG19-12000-P,11692.99,87.62,0.093,18.0,0.1005,18.0,95.49,11.24834,-25.37389,-3.94342,0.00015,-0.48516
11762.82,SYN.BTC-23AUG19,1565348342494,open,0.0,0.0515,0.114,0.0837044,93.72,None,0.0,BTC-23AUG19-11500-C,11692.99,91.48,0.082,18.0,0.089,18.4,100.69,8.94051,-30.19428,2.2422,0.00018,0.58513
11727.73,SYN.BTC-16AUG19,1565348342500,open,0.08,27.0,0.0595,0.124,0.09181529,92.82,0.0905,0.0,BTC-16AUG19-12500-P,11692.99,85.07,0.088,1.0,0.0915,18.0,92.19,5.83695,-39.39784,-1.6806,0.00024,-0.66891
12197.4,BTC-27DEC19,1565348342506,open,0.17,366.2,0.1045,0.208,0.15790826,94.87,0.1585,0.0,BTC-27DEC19-15000-C,11692.99,93.08,0.1535,10.0,0.164,3.6,97.34,30.07175,-10.19826,14.89959,6e-05,0.47667
11762.48,SYN.BTC-23AUG19,1565348342508,open,0.5,0.0765,0.148,0.11266515,96.53,0.106,0.0,BTC-23AUG19-12500-P,11692.99,85.69,0.1045,18.0,0.1115,18.0,94.99,8.91254,-31.00174,-3.14456,0.00018,-0.59057
11727.42,SYN.BTC-16AUG19,1565348342517,open,0.35,0.0,0.338,0.3965,0.36534788,106.45,None,0.0,BTC-16AUG19-16000-P,11692.99,0.0,0.0,0.0,0.0,0.0,0.0,0.7802,-6.03972,-2.97202,3e-05,-0.97997
209.73,SYN.ETH-16AUG19,1565348342607,open,0.13,0.0,0.072,0.134,0.105023,81.33,None,0.0,ETH-16AUG19-190-C,209.26,62.06,0.099,50.0,0.108,50.0,89.5,0.07377,-0.4363,0.02851,0.01095,0.8266
12197.41,BTC-27DEC19,1565348342625,open,1.15,0.0,1.1105,1.2525,1.1786183,100.1,None,0.0,BTC-27DEC19-26000-P,11692.51,0.0,0.004,10.0,1.9575,0.2,500.0,19.88236,-7.1144,-93.37469,3e-05,-0.819
11937.75,BTC-27SEP19,1565348342626,open,0.01,277.2,0.0005,0.019,0.00656853,102.97,0.0125,0.0,BTC-27SEP19-24000-C,11692.51,99.88,0.0055,39.0,0.0075,2.0,105.42,4.35719,-4.58959,0.6615,2e-05,0.04795
11937.27,BTC-27SEP19,1565348342627,open,0.0,757.1,0.0005,0.0115,0.00158524,110.58,0.001,0.0,BTC-27SEP19-32000-C,11692.51,104.9,0.001,0.8,0.0025,39.0,117.02,1.43559,-1.62404,0.17808,1e-05,0.01273
11762.48,SYN.BTC-23AUG19,1565348342625,open,0.0,0.0005,0.0185,0.00584031,101.12,None,0.0,BTC-23AUG19-16000-C,11692.51,95.75,0.0045,40.0,0.0075,30.0,106.93,3.14227,-11.44934,0.29525,6e-05,0.07187
11727.42,SYN.BTC-16AUG19,1565348342625,open,0.0,37.3,0.0005,0.012,0.00238571,101.08,0.0035,0.0,BTC-16AUG19-15000-C,11692.51,93.2,0.0015,0.5,0.0035,34.4,108.84,1.50167,-11.03792,0.0922,6e-05,0.04412
11937.27,BTC-27SEP19,1565348342628,open,0.0,1066.6,0.0005,0.011,0.00110558,124.99,0.001,0.0,BTC-27SEP19-4250-P,11692.51,113.28,0.0005,3.0,0.0015,1.0,130.34,0.79155,-1.01211,-0.12073,0.0,-0.00645
12196.93,BTC-27DEC19,1565348342628,open,0.47,52.5,0.435,0.4925,0.4637769,92.84,0.414,0.0,BTC-27DEC19-7000-C,11692.51,0.0,0.3765,1.0,0.55,0.1,158.18,13.7309,-4.55706,20.15519,3e-05,0.89499
11937.27,BTC-27SEP19,1565348342629,open,0.55,221.9,0.5305,0.553,0.54115739,103.49,0.51,0.0,BTC-27SEP19-5500-C,11692.51,0.0,0.539,3.0,0.822,5.0,500.0,1.43191,-1.51595,7.13165,1e-05,0.98731
11727.42,SYN.BTC-16AUG19,1565348342625,open,0.02,208.5,0.0025,0.037,0.01627249,93.81,0.0175,0.0,BTC-16AUG19-13000-C,11692.51,89.5,0.0145,15.0,0.018,0.4,97.89,4.89871,-33.41894,0.47425,0.0002,0.23095
11762.48,SYN.BTC-23AUG19,1565348342625,open,0.0,0.004,0.0365,0.01723635,93.71,None,0.0,BTC-23AUG19-10000-P,11692.51,88.97,0.015,24.0,0.0175,1.0,94.26,5.66139,-19.11702,-0.80858,0.00011,-0.16359
11727.42,SYN.BTC-16AUG19,1565348342625,open,0.29,0.0,0.2605,0.293,0.27605928,111.95,None,0.0,BTC-16AUG19-8500-C,11692.51,0.0,0.0,0.0,0.0,0.0,0.0,0.6075,-4.94549,1.56629,2e-05,0.98506
12196.93,BTC-27DEC19,1565348342629,open,0.04,289.1,0.01,0.0645,0.03234251,101.4,0.0325,0.0,BTC-27DEC19-30000-C,11692.51,99.59,0.03,16.0,0.035,10.0,103.38,16.08951,-5.83198,4.62901,3e-05,0.13138
12196.93,BTC-27DEC19,1565348342629,open,0.24,166.4,0.1795,0.2805,0.2324917,92.84,0.2455,0.0,BTC-27DEC19-12000-C,11692.51,90.71,0.2275,3.6,0.2385,5.0,95.4,28.65803,-9.51028,18.29375,5e-05,0.62388
11727.42,SYN.BTC-16AUG19,1565348342625,open,0.01,124.7,0.0005,0.0155,0.00384323,99.05,0.004,0.0,BTC-16AUG19-14500-C,11692.51,94.05,0.003,1.0,0.0045,0.8,102.56,2.10662,-15.17446,0.14111,8e-05,0.06772
12196.93,BTC-27DEC19,1565348342629,open,0.03,213.3,0.0115,0.0495,0.0282827,92.83,0.03,0.0,BTC-27DEC19-6500-P,11692.51,89.29,0.025,10.0,0.0285,5.0,93.05,11.58234,-3.84319,-5.21996,2e-05,-0.0834
11937.27,BTC-27SEP19,1565348342629,open,0.0,421.5,0.0005,0.0105,0.00027196,124.99,0.0005,0.0,BTC-27SEP19-3500-P,11692.51,0.0,0.0,0.0,0.0005,0.9,133.53,0.25175,-0.32191,-0.03313,0.0,-0.0018
11937.27,BTC-27SEP19,1565348342629,open,0.69,0.0,0.6765,0.696,0.68633974,125.79,None,0.0,BTC-27SEP19-3750-C,11692.51,0.0,0.004,11.0,0.7275,10.0,299.4,0.40195,-0.51723,4.96551,0.0,0.99698
11937.27,BTC-27SEP19,1565348342630,open,0.67,227.5,0.656,0.6755,0.66566099,125.42,0.7065,0.0,BTC-27SEP19-4000-C,11692.51,0.0,0.111,2.0,0.7135,5.0,300.14,0.57543,-0.73833,5.27232,0.0,0.9955
11762.48,SYN.BTC-23AUG19,1565348342625,open,0.0,0.175,0.247,0.21038239,97.48,None,0.0,BTC-23AUG19-14000-P,11692.51,0.0,0.002,1.0,0.0,0.0,0.0,6.53063,-22.93999,-4.49221,0.00013,-0.79423
11762.48,SYN.BTC-23AUG19,1565348342625,open,0.0,0.106,0.179,0.14265891,96.94,None,0.0,BTC-23AUG19-13000-P,11692.51,0.0,0.001,1.0,0.0,0.0,0.0,8.32419,-29.07657,-3.62554,0.00016,-0.66814
11727.42,SYN.BTC-16AUG19,1565348342625,open,0.0,30.4,0.0005,0.0105,0.00054424,122.46,0.0005,0.0,BTC-16AUG19-8000-P,11692.51,0.0,0.0,0.0,0.001,10.0,133.31,0.39678,-3.53358,-0.02141,1e-05,-0.00915
11937.27,BTC-27SEP19,1565348342631,open,0.0,416.0,0.0005,0.0105,0.00072538,124.99,0.0015,0.0,BTC-27SEP19-4000-P,11692.51,119.59,0.0005,0.1,0.0015,30.0,137.53,0.56435,-0.72161,-0.08204,0.0,-0.00441
11762.48,SYN.BTC-23AUG19,1565348342625,open,0.0,0.2635,0.2995,0.28059086,99.69,None,0.0,BTC-23AUG19-8500-C,11692.51,0.0,0.012,1.0,0.0,0.0,0.0,1.91527,-6.8799,3.04479,4e-05,0.96151
11762.48,SYN.BTC-23AUG19,1565348342625,open,0.0,0.0005,0.013,0.00320684,99.56,None,0.0,BTC-23AUG19-8500-P,11692.51,98.26,0.003,0.2,0.0035,0.2,101.32,1.90838,-6.84628,-0.18568,4e-05,-0.03832
11797.53,SYN.BTC-30AUG19,1565348342627,open,0.21,20.0,0.182,0.261,0.22128089,98.11,0.202,0.0,BTC-30AUG19-14000-P,11692.51,0.0,0.0,0.0,0.0,0.0,0.0,9.33234,-21.92961,-6.41735,0.00012,-0.7298
11937.27,BTC-27SEP19,1565348342632,open,0.61,13.5,0.594,0.6135,0.60372711,118.72,0.382,0.0,BTC-27SEP19-4750-C,11692.51,0.0,0.004,11.0,0.673,5.0,299.92,1.13202,-1.37488,6.17952,0.0,0.99032
11797.53,SYN.BTC-30AUG19,1565348342627,open,0.5,0.0,0.4815,0.504,0.49221782,123.7,None,0.0,BTC-30AUG19-6000-C,11692.51,0.0,0.1,1.0,0.0,0.0,0.0,0.58282,-1.72679,3.37577,1e-05,0.99252
11762.48,SYN.BTC-23AUG19,1565348342625,open,0.0,0.14,0.1935,0.16709992,93.76,None,0.0,BTC-23AUG19-10000-C,11692.51,0.0,0.03,1.0,0.0,0.0,0.0,5.66381,-19.13562,2.99239,0.00011,0.8363
11797.53,SYN.BTC-30AUG19,1565348342626,open,0.28,0.0,0.2555,0.3325,0.29313856,99.22,None,0.0,BTC-30AUG19-15000-P,11692.51,0.0,0.02,1.0,0.0,0.0,0.0,7.55157,-17.94615,-7.47165,0.0001,-0.81419
11727.42,SYN.BTC-16AUG19,1565348342625,open,0.07,80.0,0.03,0.086,0.05876563,89.42,0.06,0.0,BTC-16AUG19-11500-C,11692.51,87.98,0.058,3.0,0.0615,0.2,94.53,6.26651,-40.74712,1.16789,0.00027,0.58743
11762.48,SYN.BTC-23AUG19,1565348342625,open,0.0,0.294,0.3615,0.32572639,100.2,None,0.0,BTC-23AUG19-15500-P,11692.51,0.0,0.06,1.0,0.0,0.0,0.0,3.85586,-13.9227,-5.50632,7e-05,-0.90568
11727.42,SYN.BTC-16AUG19,1565348342625,open,0.0,143.0,0.0005,0.0125,0.0028171,96.41,0.0025,0.0,BTC-16AUG19-9500-P,11692.51,94.05,0.0025,3.0,0.0035,0.5,101.06,1.62437,-11.38839,-0.11372,7e-05,-0.04866
11727.42,SYN.BTC-16AUG19,1565348342625,open,0.12,0.3,0.093,0.157,0.12475665,93.74,0.115,0.0,BTC-16AUG19-13000-P,11692.51,0.0,0.04,1.0,0.0,0.0,0.0,4.89642,-33.37867,-1.97499,0.0002,-0.76925
11727.42,SYN.BTC-16AUG19,1565348342625,open,0.41,0.0,0.391,0.415,0.40317301,128.04,None,0.0,BTC-16AUG19-7000-C,11692.51,0.0,0.0,0.0,0.0,0.0,0.0,0.06632,-0.61746,1.31573,0.0,0.99875
11727.42,SYN.BTC-16AUG19,1565348342625,open,0.02,408.7,0.005,0.0455,0.02267899,89.37,0.0195,0.0,BTC-16AUG19-11000-P,11692.51,83.52,0.02,15.0,0.024,24.4,92.22,5.41661,-35.20394,-0.66828,0.00023,-0.27983
11937.27,BTC-27SEP19,1565348342656,open,0.67,227.5,0.656,0.6755,0.66566099,125.42,0.7065,0.0,BTC-27SEP19-4000-C,11692.51,0.0,0.111,2.0,0.713,5.0,299.01,0.57543,-0.73833,5.27232,0.0,0.9955
210.21,SYN.ETH-23AUG19,1565348342667,open,0.0,0.17,0.228,0.200439,91.52,None,0.0,ETH-23AUG19-170-C,209.26,0.0,0.0,0.0,0.0,0.0,0.0,0.07218,-0.23803,0.05586,0.00469,0.89953
11937.27,BTC-27SEP19,1565348342674,open,0.61,13.5,0.594,0.6135,0.60372711,118.72,0.382,0.0,BTC-27SEP19-4750-C,11692.51,0.0,0.004,11.0,0.6725,5.0,299.02,1.13202,-1.37488,6.17952,0.0,0.99032
209.73,SYN.ETH-16AUG19,1565348342815,open,0.1,225.0,0.037,0.1,0.070536,81.32,0.093,0.0,ETH-16AUG19-200-C,209.26,67.67,0.064,150.0,0.074,150.0,88.37,0.10227,-0.60478,0.02427,0.01518,0.68487
210.21,SYN.ETH-23AUG19,1565348342818,open,0.0,0.001,0.023,0.00915,91.46,None,0.0,ETH-23AUG19-170-P,209.26,77.81,0.005,550.0,0.01,550.0,93.89,0.07211,-0.23763,-0.00875,0.00469,-0.10034
210.21,SYN.ETH-23AUG19,1565348342936,open,0.0,0.127,0.191,0.161147,91.44,None,0.0,ETH-23AUG19-180-C,209.26,0.0,0.0,0.0,0.0,0.0,0.0,0.10321,-0.34004,0.05355,0.00672,0.83129
209.73,SYN.ETH-16AUG19,1565348343152,open,0.0,39.0,0.001,0.011,0.000497,117.52,0.001,0.0,ETH-16AUG19-310-C,209.26,0.0,0.0,0.0,0.002,300.0,142.25,0.0074,-0.06323,0.00036,0.00076,0.00959
11762.48,SYN.BTC-23AUG19,1565348343184,open,0.0,0.0335,0.0935,0.06387458,93.74,None,0.0,BTC-23AUG19-12000-C,11692.51,91.95,0.0625,28.0,0.069,0.4,100.31,9.14786,-30.89874,1.91799,0.00019,0.49282
210.21,SYN.ETH-23AUG19,1565348343189,open,0.0,0.314,0.355,0.334782,95.85,None,0.0,ETH-23AUG19-140-C,209.26,0.0,0.0,0.0,0.0,0.0,0.0,0.01248,-0.0431,0.05223,0.00078,0.98835
210.21,SYN.ETH-23AUG19,1565348343256,open,56.0,0.009,0.055,0.030065,91.39,0.019,0.0,ETH-23AUG19-190-P,209.26,79.86,0.023,200.0,0.03,468.0,91.28,0.13183,-0.43412,-0.02285,0.00859,-0.25582
209.73,SYN.ETH-16AUG19,1565348343305,open,0.43,0.0,0.436,0.526,0.478579,116.95,None,0.0,ETH-16AUG19-310-P,209.26,0.0,0.0,0.0,0.0,0.0,0.0,0.00719,-0.06114,-0.05805,0.00074,-0.99072
209.73,SYN.ETH-16AUG19,1565348343556,open,0.09,51.0,0.073,0.148,0.110699,82.92,0.1,0.0,ETH-16AUG19-230-P,209.26,0.0,0.001,1.0,0.0,0.0,0.0,0.08643,-0.52117,-0.03497,0.01258,-0.77453
210.2,SYN.ETH-23AUG19,1565348343582,open,0.0,0.035,0.099,0.068028,86.98,None,0.0,ETH-23AUG19-210-C,209.26,81.78,0.064,6.0,0.072,150.0,92.11,0.16284,-0.51039,0.0374,0.01114,0.53605
11726.92,SYN.BTC-16AUG19,1565348343624,open,0.05,296.0,0.014,0.065,0.03898996,89.91,0.038,0.0,BTC-16AUG19-12000-C,11692.49,88.09,0.038,10.0,0.0425,2.4,96.36,6.3712,-41.65588,0.90866,0.00027,0.45032
11937.12,BTC-27SEP19,1565348343625,open,0.07,447.6,0.0305,0.0965,0.06226555,97.24,0.062,0.0,BTC-27SEP19-15000-C,11692.49,97.03,0.062,58.5,0.064,0.8,98.56,15.64806,-15.56547,4.14098,8e-05,0.32133
12196.85,BTC-27DEC19,1565348343625,open,3.2,1.1,3.181,3.367,3.26904476,104.74,3.201,0.0,BTC-27DEC19-52000-P,11692.49,0.0,0.001,1.1,0.0,0.0,0.0,4.83952,-1.81188,-198.23403,1e-05,-0.97208
12196.85,BTC-27DEC19,1565348343625,open,0.44,91.7,0.4015,0.465,0.43378416,92.85,0.449,0.0,BTC-27DEC19-7500-C,11692.49,0.0,0.211,0.1,0.456,2.5,109.17,15.84609,-5.25911,20.45843,3e-05,0.87148
12196.85,BTC-27DEC19,1565348343625,open,2.24,0.0,2.219,2.379,2.29393236,104.15,2.58,0.0,BTC-27DEC19-40000-P,11692.49,0.0,0.0005,3.0,0.0,0.0,0.0,9.49269,-3.53422,-150.95619,2e-05,-0.93571
11937.12,BTC-27SEP19,1565348343625,open,0.67,0.0,0.6485,0.742,0.69271933,100.72,0.691,0.0,BTC-27SEP19-20000-P,11692.49,0.0,0.004,11.0,1.2185,0.2,500.0,8.32002,-8.57244,-25.26716,4e-05,-0.88801
12196.85,BTC-27DEC19,1565348343625,open,0.32,269.3,0.264,0.387,0.32703664,94.25,0.313,0.0,BTC-27DEC19-14000-P,11692.49,91.8,0.321,3.6,0.333,5.0,96.67,30.07568,-10.13286,-37.62357,6e-05,-0.4779
11937.12,BTC-27SEP19,1565348343626,open,0.65,9.2,0.6355,0.655,0.64509242,125.27,0.574,0.0,BTC-27SEP19-4250-C,11692.49,0.0,0.005,1.1,0.6995,5.0,299.87,0.80073,-1.02618,5.56862,0.0,0.99347
11937.12,BTC-27SEP19,1565348343626,open,0.3,29.7,0.2705,0.367,0.31878374,97.18,0.335,0.0,BTC-27SEP19-15000-P,11692.49,0.0,0.1675,0.1,0.8545,0.3,500.0,15.64497,-15.5543,-15.94631,8e-05,-0.67883
11937.12,BTC-27SEP19,1565348343626,open,0.13,81.4,0.0975,0.1815,0.14034064,94.54,0.147,0.0,BTC-27SEP19-12000-P,11692.49,91.18,0.1355,14.4,0.144,14.4,97.08,17.21089,-16.64544,-9.23349,0.0001,-0.43731
12196.85,BTC-27DEC19,1565348343626,open,0.84,0.0,0.827,0.8465,0.83699928,125.11,None,0.0,BTC-27DEC19-2000-C,11692.49,0.0,0.0135,0.4,0.977,0.5,500.0,0.74194,-0.33182,7.467,0.0,0.99675
11937.12,BTC-27SEP19,1565348343626,open,0.84,28.2,0.8225,0.842,0.83246622,138.62,0.755,0.0,BTC-27SEP19-2000-C,11692.49,0.0,0.01,1.0,0.9075,5.0,500.0,0.014,-0.01985,2.67667,0.0,0.99992
11937.12,BTC-27SEP19,1565348343625,open,0.59,789.2,0.573,0.5935,0.58271717,111.97,0.5015,0.0,BTC-27SEP19-5000-C,11692.49,0.0,0.051,2.0,0.66,5.0,299.38,1.15772,-1.32611,6.51124,1e-05,0.99006
11937.12,BTC-27SEP19,1565348343626,open,0.02,568.5,0.0055,0.034,0.01720422,94.59,0.016,0.0,BTC-27SEP19-8000-P,11692.49,92.56,0.016,15.0,0.0185,29.0,96.7,7.20258,-6.96945,-1.74351,4e-05,-0.09187
12196.85,BTC-27DEC19,1565348343627,open,0.57,12.4,0.5185,0.6555,0.58734886,97.28,0.559,0.0,BTC-27DEC19-18000-P,11692.49,0.0,0.004,5.0,1.3285,0.2,499.77,28.37995,-9.86882,-57.13439,5e-05,-0.63502
12196.85,BTC-27DEC19,1565348343626,open,0.61,65.4,0.585,0.6155,0.59936385,92.87,0.608,0.0,BTC-27DEC19-5000-C,11692.49,0.0,0.33,1.0,0.9245,5.0,500.0,5.55698,-1.84471,17.1842,1e-05,0.96701
11937.12,BTC-27SEP19,1565348343626,open,0.01,142.4,0.0005,0.014,0.00428354,104.48,0.0095,0.0,BTC-27SEP19-26000-C,11692.49,101.34,0.0035,15.0,0.0055,2.0,108.69,3.17704,-3.39557,0.45131,2e-05,0.03252
12196.85,BTC-27DEC19,1565348343627,open,0.01,510.9,0.0005,0.0155,0.00567742,92.83,0.007,0.0,BTC-27DEC19-4500-P,11692.49,88.9,0.0045,10.0,0.0065,5.0,95.31,3.89665,-1.29302,-1.27335,1e-05,-0.02157
11937.12,BTC-27SEP19,1565348343626,open,0.36,884.7,0.324,0.371,0.34706118,94.65,0.36,0.0,BTC-27SEP19-8000-C,11692.49,0.0,0.14,2.0,0.4775,2.0,242.52,7.20841,-6.97941,8.9668,4e-05,0.90803
12196.85,BTC-27DEC19,1565348343627,open,0.0,208.8,0.0005,0.011,0.00125499,113.43,0.0015,0.0,BTC-27DEC19-2500-P,11692.49,101.26,0.0005,2.0,0.002,10.0,121.13,1.00417,-0.40717,-0.27144,0.0,-0.00455
11937.12,BTC-27SEP19,1565348343627,open,0.03,437.8,0.0095,0.0545,0.02873357,99.53,0.0315,0.0,BTC-27SEP19-18000-C,11692.49,97.65,0.027,33.6,0.031,5.0,101.93,11.14478,-11.34799,2.29312,6e-05,0.17219
12196.85,BTC-27DEC19,1565348343627,open,2.56,0.0,2.539,2.7075,2.61823103,104.93,3.46,0.0,BTC-27DEC19-44000-P,11692.49,0.0,0.0,0.0,0.0,0.0,0.0,7.71734,-2.89473,-166.80858,1e-05,-0.95056
11937.12,BTC-27SEP19,1565348343627,open,0.83,0.2,0.81,0.9035,0.8537558,102.28,1.391,0.0,BTC-27SEP19-22000-P,11692.49,0.0,0.004,11.0,0.0,0.0,0.0,6.12219,-6.40571,-28.44808,3e-05,-0.92597
12196.85,BTC-27DEC19,1565348343627,open,0.36,168.6,0.311,0.3925,0.3534449,92.83,0.366,0.0,BTC-27DEC19-9000-C,11692.49,54.92,0.2915,0.1,0.3675,5.0,100.71,21.58762,-7.16357,20.53686,4e-05,0.79282
12196.85,BTC-27DEC19,1565348343627,open,0.01,991.9,0.0005,0.0185,0.00584462,105.22,0.006,0.0,BTC-27DEC19-52000-C,11692.49,103.03,0.005,6.0,0.0065,2.0,106.78,4.95034,-1.862,1.06777,1e-05,0.02869
12196.85,BTC-27DEC19,1565348343627,open,0.02,384.7,0.0045,0.044,0.019275,102.87,0.02,0.0,BTC-27DEC19-36000-C,11692.49,100.95,0.0175,6.0,0.0205,1.0,104.13,11.60292,-4.26642,3.00629,2e-05,0.08359
11937.12,BTC-27SEP19,1565348343627,open,1.31,0.0,1.3,1.402,1.34830837,105.0,None,0.0,BTC-27SEP19-28000-P,11692.49,0.0,0.0,0.0,0.0,0.0,0.0,2.23429,-2.39987,-37.1955,1e-05,-0.97866
11937.12,BTC-27SEP19,1565348343628,open,0.06,333.5,0.032,0.092,0.06103292,94.56,0.055,0.0,BTC-27SEP19-10000-P,11692.49,91.05,0.057,32.2,0.0625,24.3,95.83,13.78466,-13.33428,-4.91982,8e-05,-0.24675
12196.85,BTC-27DEC19,1565348343629,open,0.21,306.2,0.1495,0.253,0.20360055,93.46,0.212,0.0,BTC-27DEC19-13000-C,11692.49,91.57,0.199,3.6,0.2095,5.0,95.89,29.64279,-9.90355,17.17539,6e-05,0.57106
12196.85,BTC-27DEC19,1565348343628,open,0.02,276.6,0.0075,0.038,0.020476,92.83,0.0225,0.0,BTC-27DEC19-6000-P,11692.49,89.55,0.018,10.0,0.021,5.0,93.5,9.46185,-3.13971,-3.94968,2e-05,-0.06403
12196.85,BTC-27DEC19,1565348343628,open,0.0,154.5,0.0005,0.012,0.00225164,97.84,0.004,0.0,BTC-27DEC19-3500-P,11692.49,87.31,0.001,10.0,0.0035,16.0,105.0,1.84229,-0.64433,-0.52776,0.0,-0.00904
12196.85,BTC-27DEC19,1565348343629,open,0.01,257.2,0.0005,0.02,0.0092886,92.83,0.009,0.0,BTC-27DEC19-5000-P,11692.49,88.68,0.0075,10.0,0.0105,6.0,95.41,5.55174,-1.84223,-1.97429,1e-05,-0.03295
11937.12,BTC-27SEP19,1565348343630,open,1.48,0.0,1.4645,1.5705,1.51506154,106.88,None,0.0,BTC-27SEP19-30000-P,11692.49,0.0,0.0,0.0,0.0,0.0,0.0,1.68799,-1.84556,-39.95659,1e-05,-0.98464
11796.99,SYN.BTC-30AUG19,1565348343627,open,0.0,595.0,0.0005,0.0105,0.0007828,123.37,0.0005,0.0,BTC-30AUG19-6000-P,11692.49,0.0,0.0,0.0,0.0015,10.0,135.02,0.57486,-1.6986,-0.05496,1e-05,-0.00736
11796.99,SYN.BTC-30AUG19,1565348343629,open,0.19,151.2,0.1505,0.2085,0.18023062,94.23,0.1905,0.0,BTC-30AUG19-10000-C,11692.49,88.54,0.1765,0.1,0.194,5.4,113.96,7.86925,-17.76021,4.18995,0.0001,0.80123
11937.12,BTC-27SEP19,1565348343631,open,0.99,0.2,0.9725,1.0675,1.01707498,102.89,1.6,0.0,BTC-27SEP19-24000-P,11692.49,0.0,0.0,0.0,0.0,0.0,0.0,4.34546,-4.57399,-31.47804,2e-05,-0.95221
11796.99,SYN.BTC-30AUG19,1565348343626,open,0.26,21.1,0.226,0.272,0.24879126,96.0,0.2905,0.0,BTC-30AUG19-9000-C,11692.49,0.0,0.1,0.2,0.272,5.0,140.92,4.8755,-11.21027,4.40787,6e-05,0.90209
11796.99,SYN.BTC-30AUG19,1565348343625,open,0.01,673.5,0.0005,0.017,0.00549519,103.61,0.008,0.0,BTC-30AUG19-18000-C,11692.49,101.75,0.005,40.0,0.006,2.0,105.41,3.22385,-8.00037,0.34686,4e-05,0.0569
11726.92,SYN.BTC-16AUG19,1565348343625,open,0.0,20.0,0.0005,0.0105,4.912e-05,124.99,0.0005,0.0,BTC-16AUG19-7000-P,11692.49,0.0,0.0,0.0,0.0005,40.0,158.69,0.05364,-0.48759,-0.00229,0.0,-0.00099
11796.99,SYN.BTC-30AUG19,1565348343627,open,0.04,183.9,0.0125,0.061,0.03462257,98.16,0.04,0.0,BTC-30AUG19-14000-C,11692.49,96.74,0.0335,0.3,0.0375,39.0,101.77,9.33338,-21.94377,1.59006,0.00012,0.27029
11796.99,SYN.BTC-30AUG19,1565348343626,open,0.05,111.5,0.0285,0.087,0.05696994,94.17,0.0485,0.0,BTC-30AUG19-11000-P,11692.49,89.03,0.0525,10.0,0.0575,24.0,94.77,10.29112,-23.21046,-2.6519,0.00014,-0.33607
11796.99,SYN.BTC-30AUG19,1565348343628,open,0.03,626.4,0.0095,0.0505,0.02786558,94.17,0.0215,0.0,BTC-30AUG19-10000-P,11692.49,89.82,0.025,34.0,0.029,24.0,95.86,7.86668,-17.74337,-1.52843,0.0001,-0.19866
11726.92,SYN.BTC-16AUG19,1565348343645,open,0.07,80.0,0.03,0.086,0.05875176,89.43,0.06,0.0,BTC-16AUG19-11500-C,11692.49,87.09,0.0575,21.0,0.0615,0.2,94.57,6.26675,-40.75611,1.16756,0.00027,0.58728
210.68,SYN.ETH-30AUG19,1565348343690,open,0.01,2291.0,0.001,0.013,0.003059,92.38,0.01,0.0,ETH-30AUG19-320-C,209.26,86.24,0.002,300.0,0.005,250.0,100.91,0.04112,-0.09099,0.00414,0.00175,0.03742
212.58,ETH-27SEP19,1565348343692,open,0.08,1703.0,0.034,0.101,0.067675,95.85,0.074,0.0,ETH-27SEP19-260-C,209.26,92.37,0.063,221.0,0.071,110.0,98.31,0.28662,-0.28106,0.07896,0.00494,0.34505
214.82,ETH-27DEC19,1565348343692,open,0.02,1427.0,0.003,0.03,0.012338,106.14,0.017,0.0,ETH-27DEC19-760-C,209.26,100.85,0.009,370.0,0.016,50.0,111.02,0.14881,-0.05646,0.03546,0.00079,0.05541
210.2,SYN.ETH-23AUG19,1565348343696,open,6.0,0.033,0.101,0.067038,86.95,0.062,0.0,ETH-23AUG19-210-P,209.26,79.16,0.061,150.0,0.069,185.0,89.48,0.16284,-0.51019,-0.04243,0.01115,-0.46396
212.58,ETH-27SEP19,1565348343703,open,0.41,769.0,0.391,0.506,0.448339,97.3,0.45,0.0,ETH-27SEP19-300-P,209.26,0.0,0.352,1.0,0.488,110.0,130.39,0.22725,-0.22619,-0.3511,0.00386,-0.78508
210.68,SYN.ETH-30AUG19,1565348343703,open,0.0,3534.0,0.001,0.011,0.000885,110.15,0.001,0.0,ETH-30AUG19-400-C,209.26,0.0,0.0,0.0,0.003,300.0,129.71,0.0142,-0.03746,0.00118,0.00051,0.01066
212.58,ETH-27SEP19,1565348343729,open,0.09,3330.0,0.064,0.144,0.105069,94.06,0.106,0.0,ETH-27SEP19-200-P,209.26,91.1,0.101,188.0,0.109,300.0,96.93,0.29197,-0.28095,-0.13336,0.00513,-0.36342
212.58,ETH-27SEP19,1565348343729,open,0.03,1793.0,0.009,0.052,0.02767,98.12,0.044,0.0,ETH-27SEP19-320-C,209.26,94.03,0.024,434.0,0.03,160.0,100.61,0.19584,-0.19659,0.04013,0.0033,0.16864
212.58,ETH-27SEP19,1565348343729,open,0.0,9094.0,0.001,0.015,0.005501,95.37,0.006,0.0,ETH-27SEP19-120-P,209.26,89.59,0.004,1.0,0.007,200.0,100.35,0.06,-0.05854,-0.01151,0.00104,-0.03492
210.68,SYN.ETH-30AUG19,1565348343729,open,0.01,583.0,0.001,0.017,0.005866,91.62,0.012,0.0,ETH-30AUG19-300-C,209.26,84.93,0.004,550.0,0.007,360.0,95.13,0.06491,-0.14244,0.00729,0.00279,0.06635
214.82,ETH-27DEC19,1565348343731,open,2.25,0.0,2.258,2.483,2.36547,104.8,None,0.0,ETH-27DEC19-720-P,209.26,0.0,0.003,5.0,0.0,0.0,0.0,0.1621,-0.06072,-2.71971,0.00087,-0.93821
214.82,ETH-27DEC19,1565348343731,open,0.03,1097.0,0.005,0.043,0.020053,104.31,0.024,0.0,ETH-27DEC19-640-C,209.26,98.67,0.015,350.0,0.024,50.0,108.18,0.20819,-0.07762,0.05403,0.00113,0.08569
212.58,ETH-27SEP19,1565348343779,open,0.74,259.0,0.74,0.863,0.799238,100.19,0.94,0.0,ETH-27SEP19-380-P,209.26,0.0,0.009,8.0,0.0,0.0,0.0,0.11631,-0.11921,-0.48922,0.00192,-0.91939
214.82,ETH-27DEC19,1565348343779,open,1.21,21.0,1.19,1.372,1.278572,102.13,0.629,0.0,ETH-27DEC19-480-P,209.26,0.0,0.001,7.0,2.233,1.0,500.0,0.33607,-0.12269,-1.73615,0.00186,-0.83036
214.82,ETH-27DEC19,1565348343780,open,0.05,889.0,0.016,0.078,0.044352,102.26,0.051,0.0,ETH-27DEC19-480-C,209.26,98.75,0.039,385.0,0.049,150.0,105.16,0.33673,-0.12309,0.10357,0.00186,0.17016
214.82,ETH-27DEC19,1565348343780,open,0.08,1103.0,0.033,0.112,0.071639,102.0,0.076,0.0,ETH-27DEC19-400-C,209.26,99.11,0.066,2.0,0.076,305.0,104.19,0.4242,-0.15467,0.14832,0.00235,0.2518
210.68,SYN.ETH-30AUG19,1565348343780,open,0.22,0.0,0.21,0.302,0.255585,91.14,0.218,0.0,ETH-30AUG19-260-P,209.26,0.0,0.0,0.0,1.233,1.0,500.0,0.13934,-0.30418,-0.12768,0.00602,-0.80401
212.58,ETH-27SEP19,1565348343781,open,0.24,767.0,0.176,0.252,0.217164,94.14,0.261,0.0,ETH-27SEP19-180-C,209.26,0.0,0.153,40.0,0.609,10.0,435.12,0.25039,-0.24114,0.14992,0.0044,0.74382
210.68,SYN.ETH-30AUG19,1565348343783,open,0.15,383.0,0.133,0.222,0.178054,90.69,0.147,0.0,ETH-30AUG19-240-P,209.26,0.0,0.138,50.0,1.138,1.0,500.0,0.17806,-0.38679,-0.10445,0.00773,-0.68876
212.58,ETH-27SEP19,1565348343793,open,0.0,3444.0,0.001,0.011,0.000922,119.42,0.001,0.0,ETH-27SEP19-680-C,209.26,0.0,0.0,0.0,0.002,601.0,130.18,0.01572,-0.0192,0.00181,0.00022,0.00729
214.82,ETH-27DEC19,1565348343793,open,1.9,0.0,1.899,2.108,1.999014,104.02,None,0.0,ETH-27DEC19-640-P,209.26,0.0,0.0,0.0,0.0,0.0,0.0,0.20661,-0.07682,-2.39907,0.00112,-0.91518
214.82,ETH-27DEC19,1565348343793,open,2.08,0.0,2.078,2.295,2.182065,104.59,None,0.0,ETH-27DEC19-680-P,209.26,0.0,0.0,0.0,0.0,0.0,0.0,0.1838,-0.06871,-2.55975,0.00099,-0.92731
214.82,ETH-27DEC19,1565348343804,open,0.29,801.0,0.244,0.375,0.312205,96.86,0.263,0.0,ETH-27DEC19-240-P,209.26,91.89,0.3,30.0,0.322,150.0,100.85,0.52704,-0.18247,-0.63097,0.00308,-0.45425
212.58,ETH-27SEP19,1565348343824,open,0.26,1240.0,0.235,0.344,0.290629,95.77,0.232,0.0,ETH-27SEP19-260-P,209.26,0.0,0.006,7.0,1.224,1.0,500.0,0.28655,-0.28073,-0.26923,0.00494,-0.65519
214.82,ETH-27DEC19,1565348343832,open,1.55,0.0,1.542,1.736,1.635564,102.86,0.845,0.0,ETH-27DEC19-560-P,209.26,0.0,0.0,0.0,0.0,0.0,0.0,0.26246,-0.0965,-2.07277,0.00144,-0.88227
214.82,ETH-27DEC19,1565348343834,open,0.42,432.0,0.377,0.523,0.452887,98.75,0.382,0.0,ETH-27DEC19-280-P,209.26,92.24,0.437,30.0,0.461,120.0,102.06,0.52621,-0.18575,-0.82632,0.00301,-0.55086
210.68,SYN.ETH-30AUG19,1565348343834,open,0.0,770.0,0.001,0.012,0.002973,97.1,0.004,0.0,ETH-30AUG19-140-P,209.26,81.11,0.001,251.0,0.005,550.0,107.68,0.03459,-0.08046,-0.00401,0.0014,-0.03033
210.68,SYN.ETH-30AUG19,1565348343836,open,0.03,355.0,0.006,0.043,0.021524,91.22,0.03,0.0,ETH-30AUG19-260-C,209.26,87.33,0.019,453.0,0.024,200.0,94.89,0.13945,-0.30467,0.02105,0.00602,0.19623
214.82,ETH-27DEC19,1565348343842,open,0.28,244.0,0.206,0.307,0.260928,95.68,0.267,0.0,ETH-27DEC19-200-C,209.26,91.3,0.251,213.0,0.269,183.0,99.25,0.48638,-0.16635,0.32985,0.00287,0.6616
214.82,ETH-27DEC19,1565348343842,open,0.09,1926.0,0.059,0.138,0.099245,95.66,0.101,0.0,ETH-27DEC19-160-P,209.26,92.19,0.093,235.0,0.103,180.0,97.74,0.38721,-0.13241,-0.25764,0.00229,-0.21371
214.82,ETH-27DEC19,1565348343842,open,0.16,418.0,0.095,0.198,0.14953,98.77,0.187,0.0,ETH-27DEC19-280-C,209.26,96.92,0.145,3.0,0.155,340.0,101.0,0.52623,-0.1858,0.24671,0.00301,0.44922
210.68,SYN.ETH-30AUG19,1565348343859,open,0.0,3915.0,0.001,0.012,0.002108,97.07,0.009,0.0,ETH-30AUG19-340-C,209.26,87.43,0.001,5.0,0.003,250.0,102.6,0.03028,-0.07041,0.00286,0.00123,0.02585
11761.95,SYN.BTC-23AUG19,1565348343887,open,0.6,0.0005,0.023,0.00801246,100.33,0.0105,0.0,BTC-23AUG19-15500-C,11692.49,97.14,0.007,30.0,0.0095,30.0,104.67,3.86374,-13.96796,0.38712,7e-05,0.09459
11726.92,SYN.BTC-16AUG19,1565348343889,open,0.05,296.0,0.014,0.065,0.03898996,89.91,0.038,0.0,BTC-16AUG19-12000-C,11692.49,87.16,0.0375,31.0,0.0425,2.4,96.36,6.3712,-41.65588,0.90866,0.00027,0.45032
11726.92,SYN.BTC-16AUG19,1565348344046,open,0.03,122.4,0.006,0.05,0.02594419,92.85,0.0305,0.0,BTC-16AUG19-12500-C,11692.49,88.89,0.024,12.0,0.028,0.4,96.93,5.83564,-39.40189,0.67377,0.00024,0.33096
12196.85,BTC-27DEC19,1565348344108,open,0.26,206.7,0.2095,0.3265,0.26944733,93.46,0.2605,0.0,BTC-27DEC19-13000-P,11692.49,91.43,0.2645,3.6,0.276,3.6,96.16,29.64286,-9.90326,-32.64325,6e-05,-0.42894
11796.91,SYN.BTC-30AUG19,1565348344136,open,0.03,626.4,0.0095,0.0505,0.02787608,94.18,0.0215,0.0,BTC-30AUG19-10000-P,11692.49,90.58,0.0255,24.0,0.029,24.0,95.86,7.86742,-17.74759,-1.52871,0.0001,-0.1987
11761.9,SYN.BTC-23AUG19,1565348344187,open,5.1,0.008,0.0525,0.02776275,97.42,0.027,0.0,BTC-23AUG19-13500-C,11692.49,93.83,0.0255,24.0,0.03,0.4,100.9,7.49905,-26.32454,1.05691,0.00015,0.26414
11761.95,SYN.BTC-23AUG19,1565348344189,open,0.0,0.033,0.0935,0.0638554,93.74,None,0.0,BTC-23AUG19-12000-C,11692.49,91.98,0.0625,18.0,0.069,0.4,100.33,9.14741,-30.89999,1.91756,0.00019,0.49273
11726.92,SYN.BTC-16AUG19,1565348344191,open,0.03,122.4,0.006,0.05,0.02594419,92.85,0.0305,0.0,BTC-16AUG19-12500-C,11692.49,88.89,0.024,2.0,0.028,0.4,96.93,5.83564,-39.40189,0.67377,0.00024,0.33096
11796.99,SYN.BTC-30AUG19,1565348344192,open,0.02,266.6,0.003,0.0325,0.01407224,101.52,0.015,0.0,BTC-30AUG19-16000-C,11692.49,103.33,0.015,89.2,0.016,35.0,105.25,5.91838,-14.39053,0.77159,7e-05,0.12844
11761.95,SYN.BTC-23AUG19,1565348344194,open,98.3,0.022,0.079,0.04996822,96.58,0.0525,0.0,BTC-23AUG19-12500-C,11692.49,92.63,0.047,18.0,0.053,18.4,100.55,8.91209,-31.01559,1.60718,0.00018,0.40942
11937.1,BTC-27SEP19,1565348344196,open,0.14,724.5,0.0945,0.1725,0.13510288,94.57,0.1345,0.0,BTC-27SEP19-12000-C,11692.49,93.8,0.134,3.0,0.138,5.0,96.57,17.21073,-16.64975,6.83493,0.0001,0.56271
12196.85,BTC-27DEC19,1565348344200,open,0.03,147.0,0.008,0.057,0.02724047,102.09,0.027,0.0,BTC-27DEC19-32000-C,11692.49,100.16,0.025,6.0,0.0295,4.0,103.95,14.48088,-5.28432,4.0122,2e-05,0.11308
210.2,SYN.ETH-23AUG19,1565348344313,open,45.0,0.006,0.049,0.025191,91.41,0.022,0.0,ETH-23AUG19-240-C,209.26,79.48,0.018,200.0,0.025,528.0,91.11,0.13196,-0.43469,0.01847,0.00859,0.25634
209.73,SYN.ETH-16AUG19,1565348344336,open,0.01,95.0,0.001,0.029,0.010947,81.3,0.011,0.0,ETH-16AUG19-190-P,209.26,72.52,0.008,200.0,0.012,3.0,84.26,0.07374,-0.43597,-0.00728,0.01095,-0.17331
209.73,SYN.ETH-16AUG19,1565348344337,open,0.1,225.0,0.037,0.1,0.070528,81.32,0.093,0.0,ETH-16AUG19-200-C,209.26,67.67,0.064,263.0,0.074,150.0,88.37,0.10227,-0.60478,0.02427,0.01518,0.68487
210.21,SYN.ETH-23AUG19,1565348344346,open,45.0,0.003,0.037,0.017007,91.41,0.014,0.0,ETH-23AUG19-250-C,209.26,79.14,0.011,454.0,0.017,454.0,91.39,0.11067,-0.36455,0.0137,0.00721,0.18847
11761.95,SYN.BTC-23AUG19,1565348344601,open,0.5,0.0765,0.148,0.1127168,96.52,0.106,0.0,BTC-23AUG19-12500-P,11692.49,85.65,0.1045,18.0,0.112,18.0,95.61,8.91154,-30.99365,-3.14503,0.00018,-0.59068
11796.99,SYN.BTC-30AUG19,1565348344604,open,0.13,187.6,0.0905,0.1555,0.12454669,94.21,0.14,0.0,BTC-30AUG19-11000-C,11692.49,92.41,0.123,18.0,0.1305,23.4,100.99,10.29158,-23.22363,3.63886,0.00014,0.66389
11936.97,BTC-27SEP19,1565348344625,open,0.0,586.8,0.0005,0.0105,8.003e-05,125.0,0.0005,0.0,BTC-27SEP19-3000-P,11692.28,0.0,0.0,0.0,0.0025,15.0,185.32,0.08923,-0.1141,-0.01057,0.0,-0.00058
12196.8,BTC-27DEC19,1565348344625,open,0.04,243.9,0.017,0.062,0.03767652,92.83,0.037,0.0,BTC-27DEC19-7000-P,11692.28,89.51,0.034,10.0,0.038,11.0,93.12,13.72919,-4.55575,-6.66872,3e-05,-0.105
12196.8,BTC-27DEC19,1565348344625,open,0.01,92.1,0.0045,0.028,0.01417683,92.83,0.014,0.0,BTC-27DEC19-5500-P,11692.28,89.12,0.012,10.0,0.015,5.0,94.16,7.42903,-2.46518,-2.86603,1e-05,-0.04714
12196.8,BTC-27DEC19,1565348344625,open,0.01,203.3,0.001,0.0295,0.01090606,105.19,0.013,0.0,BTC-27DEC19-44000-C,11692.28,102.9,0.0095,6.0,0.0125,14.0,107.58,7.78931,-2.92891,1.82809,1e-05,0.05002
12196.8,BTC-27DEC19,1565348344625,open,0.04,100.3,0.0135,0.0735,0.03888754,100.81,0.0395,0.0,BTC-27DEC19-28000-C,11692.28,99.16,0.0365,16.0,0.0415,6.0,102.56,17.91044,-6.45391,5.37773,3e-05,0.15394
12196.8,BTC-27DEC19,1565348344625,open,0.68,27.2,0.6655,0.686,0.67527938,93.13,0.65,0.0,BTC-27DEC19-4000-C,11692.28,0.0,0.45,1.0,0.6995,0.2,149.58,2.5506,-0.84907,14.56362,0.0,0.98686
12196.8,BTC-27DEC19,1565348344625,open,0.8,0.0,0.7865,0.806,0.7962843,113.45,None,0.0,BTC-27DEC19-2500-C,11692.28,0.0,0.0135,5.2,0.974,0.5,500.0,1.00476,-0.40746,9.3089,0.0,0.99544
12196.59,BTC-27DEC19,1565348344625,open,0.19,390.7,0.125,0.2295,0.17923627,94.27,0.188,0.0,BTC-27DEC19-14000-C,11692.28,92.35,0.1745,3.6,0.1845,5.0,96.41,30.07494,-10.13454,16.02651,6e-05,0.52212
11936.97,BTC-27SEP19,1565348344626,open,0.11,269.0,0.065,0.1415,0.10414985,95.19,0.1145,0.0,BTC-27SEP19-13000-C,11692.28,93.36,0.1015,25.8,0.107,5.4,97.14,17.38268,-16.92632,5.87652,0.0001,0.47179
11936.97,BTC-27SEP19,1565348344626,open,1.15,0.0,1.1365,1.234,1.18236305,104.37,None,0.0,BTC-27SEP19-26000-P,11692.28,0.0,0.0,0.0,0.0,0.0,0.0,3.16396,-3.37826,-34.3664,2e-05,-0.96764
11936.97,BTC-27SEP19,1565348344626,open,0.79,55.9,0.781,0.8005,0.79058578,126.31,0.689,0.0,BTC-27SEP19-2500-C,11692.28,0.0,0.004,10.0,0.892,5.0,500.0,0.02546,-0.0329,3.34493,0.0,0.99985
12196.59,BTC-27DEC19,1565348344626,open,0.16,119.1,0.1185,0.2185,0.1693489,92.83,0.167,0.0,BTC-27DEC19-11000-P,11692.28,91.09,0.1655,10.0,0.1735,4.9,94.7,27.00924,-8.96207,-22.88353,5e-05,-0.32024
11726.88,SYN.BTC-16AUG19,1565348344625,open,0.0,168.0,0.0005,0.011,0.00134467,101.47,0.0005,0.0,BTC-16AUG19-9000-P,11692.28,87.31,0.0005,7.3,0.002,2.5,108.83,0.92222,-6.80481,-0.05691,4e-05,-0.02442
11936.97,BTC-27SEP19,1565348344627,open,0.73,0.0,0.718,0.7375,0.72789301,125.26,None,0.0,BTC-27SEP19-3250-C,11692.28,0.0,0.004,10.0,0.8715,5.0,500.0,0.15774,-0.20213,4.33219,0.0,0.99892
12196.59,BTC-27DEC19,1565348344627,open,0.15,256.0,0.088,0.19,0.13998193,95.65,0.154,0.0,BTC-27DEC19-16000-C,11692.28,93.6,0.135,13.6,0.1445,4.0,97.5,29.72697,-10.16411,13.81343,5e-05,0.43552
11936.97,BTC-27SEP19,1565348344626,open,0.0,325.9,0.0005,0.0115,0.0016171,118.47,0.0025,0.0,BTC-27SEP19-4750-P,11692.28,101.72,0.0005,14.0,0.0025,15.0,126.59,1.1215,-1.35921,-0.179,0.0,-0.00958
11936.97,BTC-27SEP19,1565348344627,open,0.0,389.0,0.0005,0.0115,0.00186212,103.17,0.0025,0.0,BTC-27SEP19-5500-P,11692.28,99.9,0.0015,15.0,0.0025,5.0,108.07,1.41405,-1.49249,-0.22967,1e-05,-0.01251
12196.59,BTC-27DEC19,1565348344628,open,0.01,280.5,0.0005,0.0235,0.00794025,105.22,0.008,0.0,BTC-27DEC19-48000-C,11692.28,103.3,0.007,6.0,0.009,2.0,107.22,6.20464,-2.33375,1.39259,1e-05,0.03773
12196.59,BTC-27DEC19,1565348344627,open,1.0,0.0,0.957,1.098,1.02500474,99.3,None,0.0,BTC-27DEC19-24000-P,11692.28,0.0,0.0055,1.0,1.8,0.2,500.0,21.98113,-7.80245,-84.66206,4e-05,-0.78634
11761.9,SYN.BTC-23AUG19,1565348344625,open,0.5,0.031,0.0925,0.06139604,93.72,0.0585,0.0,BTC-23AUG19-11500-P,11692.28,86.62,0.056,18.0,0.0605,10.0,92.54,8.94063,-30.19259,-2.13032,0.00018,-0.41504
11726.88,SYN.BTC-16AUG19,1565348344625,open,0.0,107.9,0.0005,0.011,0.00149188,103.14,0.0025,0.0,BTC-16AUG19-15500-C,11692.28,88.15,0.0005,30.5,0.0025,30.5,112.61,1.05657,-7.92478,0.06017,4e-05,0.02873
11936.97,BTC-27SEP19,1565348344628,open,0.52,1.0,0.491,0.586,0.53662748,99.51,1.5815,0.0,BTC-27SEP19-18000-P,11692.28,0.0,0.004,1.3,1.0705,0.3,499.57,11.14061,-11.34074,-21.81112,6e-05,-0.8279
11726.88,SYN.BTC-16AUG19,1565348344625,open,0.33,0.0,0.304,0.334,0.31835388,122.54,None,0.0,BTC-16AUG19-8000-C,11692.28,0.0,0.0,0.0,0.0,0.0,0.0,0.39822,-3.54846,1.4855,1e-05,0.99082
11726.88,SYN.BTC-16AUG19,1565348344625,open,0.31,0.0,0.296,0.354,0.32323696,103.09,0.345,0.0,BTC-16AUG19-15500-P,11692.28,0.0,0.0,0.0,0.0,0.0,0.0,1.05466,-7.90681,-2.85977,4e-05,-0.97133
12196.59,BTC-27DEC19,1565348344629,open,1.61,0.3,1.5815,1.729,1.6508687,102.04,1.875,0.0,BTC-27DEC19-32000-P,11692.28,0.0,0.0,0.0,0.0,0.0,0.0,14.4654,-5.27629,-118.62374,2e-05,-0.88709
11936.97,BTC-27SEP19,1565348344629,open,0.0,428.6,0.0005,0.0125,0.00280679,105.64,0.004,0.0,BTC-27SEP19-28000-C,11692.28,100.98,0.002,15.0,0.004,2.0,111.12,2.30184,-2.48768,0.30847,1e-05,0.0221
12196.59,BTC-27DEC19,1565348344629,open,0.0,315.0,0.0005,0.013,0.00323291,93.12,0.006,0.0,BTC-27DEC19-4000-P,11692.28,89.33,0.0025,10.0,0.0045,5.0,98.59,2.54995,-0.84879,-0.76498,0.0,-0.01313
11936.97,BTC-27SEP19,1565348344629,open,0.0,405.8,0.0005,0.0105,1.654e-05,125.0,0.0005,0.0,BTC-27SEP19-2500-P,11692.28,0.0,0.0,0.0,0.0025,15.0,209.13,0.02258,-0.02888,-0.00239,0.0,-0.00013
11936.97,BTC-27SEP19,1565348344629,open,1.64,0.0,1.6285,1.741,1.68229811,110.3,None,0.0,BTC-27SEP19-32000-P,11692.28,0.0,0.0,0.0,0.0,0.0,0.0,1.41354,-1.59496,-42.67489,1e-05,-0.9875
11761.9,SYN.BTC-23AUG19,1565348344625,open,0.0,0.179,0.2255,0.20210208,93.73,None,0.0,BTC-23AUG19-9500-C,11692.28,0.0,0.005,1.0,0.0,0.0,0.0,4.1362,-13.96987,3.10344,8e-05,0.89617
11761.9,SYN.BTC-23AUG19,1565348344625,open,0.0,0.2535,0.322,0.28611404,99.11,None,0.0,BTC-23AUG19-15000-P,11692.28,0.0,0.03,1.0,0.0,0.0,0.0,4.65823,-16.63549,-5.20231,9e-05,-0.87736
11726.88,SYN.BTC-16AUG19,1565348344625,open,0.37,0.0,0.3475,0.3745,0.36064276,125.14,None,0.0,BTC-16AUG19-7500-C,11692.28,0.0,0.0,0.0,0.0,0.0,0.0,0.1731,-1.57527,1.40444,1e-05,0.99641
11726.88,SYN.BTC-16AUG19,1565348344625,open,0.24,0.0,0.217,0.252,0.23387978,101.5,None,0.0,BTC-16AUG19-9000-C,11692.28,0.0,0.0,0.0,0.0,0.0,0.0,0.92327,-6.81466,1.63839,4e-05,0.97555
11936.97,BTC-27SEP19,1565348344630,open,0.0,1660.1,0.0005,0.0105,9e-08,125.0,0.0005,0.0,BTC-27SEP19-1500-P,11692.28,0.0,0.0,0.0,0.001,92.1,244.05,0.00021,-0.00026,-2e-05,0.0,0.0
11936.97,BTC-27SEP19,1565348344630,open,0.37,34.4,0.3405,0.437,0.38832276,97.97,0.396,0.0,BTC-27SEP19-16000-P,11692.28,0.0,0.004,11.0,0.926,0.2,500.0,14.21868,-14.25117,-18.00689,8e-05,-0.73821
11761.9,SYN.BTC-23AUG19,1565348344625,open,0.0,0.3065,0.3385,0.32174082,104.62,None,0.0,BTC-23AUG19-8000-C,11692.28,0.0,0.013,1.0,0.0,0.0,0.0,1.25933,-4.74746,2.92895,2e-05,0.97679
11761.9,SYN.BTC-23AUG19,1565348344625,open,3.0,0.001,0.028,0.01081575,99.12,0.0105,0.0,BTC-23AUG19-15000-C,11692.28,98.32,0.0105,7.0,0.012,1.0,102.04,4.65938,-16.64221,0.5002,9e-05,0.12268
11726.88,SYN.BTC-16AUG19,1565348344625,open,0.27,0.5,0.2545,0.3125,0.28149105,101.04,0.305,0.0,BTC-16AUG19-15000-P,11692.28,0.0,0.0,0.0,0.0,0.0,0.0,1.4989,-11.01326,-2.73363,6e-05,-0.95598
11761.9,SYN.BTC-23AUG19,1565348344625,open,0.0,0.335,0.4015,0.36615373,101.09,None,0.0,BTC-23AUG19-16000-P,11692.28,0.0,0.08,1.0,0.0,0.0,0.0,3.13868,-11.43285,-5.78766,6e-05,-0.92823
11726.88,SYN.BTC-16AUG19,1565348344625,open,0.0,2.0,0.0005,0.0105,0.00019683,125.0,0.0005,0.0,BTC-16AUG19-7500-P,11692.28,0.0,0.0,0.0,0.0005,20.0,139.34,0.17177,-1.56141,-0.0083,1e-05,-0.00356
11726.88,SYN.BTC-16AUG19,1565348344625,open,0.0,145.2,0.0005,0.011,0.00105831,106.97,0.0015,0.0,BTC-16AUG19-16000-C,11692.28,96.65,0.0005,1.0,0.0015,0.8,112.76,0.79696,-6.19961,0.04303,3e-05,0.02054
11726.88,SYN.BTC-16AUG19,1565348344625,open,0.19,0.0,0.1715,0.232,0.20017433,97.59,None,0.0,BTC-16AUG19-14000-P,11692.28,0.0,0.0,0.0,0.0,0.0,0.0,2.91832,-20.7098,-2.42021,0.00012,-0.89541
11796.91,SYN.BTC-30AUG19,1565348344625,open,0.0,925.8,0.0005,0.012,0.00209289,112.89,0.0015,0.0,BTC-30AUG19-7000-P,11692.28,107.06,0.0015,4.1,0.0025,36.0,116.32,1.32584,-3.58486,-0.1444,1e-05,-0.01931
11726.88,SYN.BTC-16AUG19,1565348344625,open,0.01,157.8,0.0005,0.0275,0.00995226,94.93,0.01,0.0,BTC-16AUG19-13500-C,11692.28,95.08,0.01,7.0,0.011,3.9,98.08,3.83421,-26.47011,0.32027,0.00016,0.15494
11726.88,SYN.BTC-16AUG19,1565348344625,open,0.01,89.3,0.0015,0.0295,0.01179129,89.86,0.011,0.0,BTC-16AUG19-10500-P,11692.28,84.55,0.01,34.5,0.013,24.4,93.3,4.0591,-26.52356,-0.3996,0.00017,-0.1691
11761.9,SYN.BTC-23AUG19,1565348344625,open,0.0,0.139,0.2125,0.17553122,97.41,None,0.0,BTC-23AUG19-13500-P,11692.28,0.0,0.0015,1.0,0.0,0.0,0.0,7.49871,-26.32098,-4.07528,0.00015,-0.73589
11761.9,SYN.BTC-23AUG19,1565348344625,open,0.2,0.0005,0.0115,0.00189991,104.59,0.0005,0.0,BTC-23AUG19-8000-P,11692.28,94.47,0.001,30.0,0.003,30.0,113.5,1.25801,-4.7411,-0.11216,2e-05,-0.02318
11761.9,SYN.BTC-23AUG19,1565348344625,open,0.0,0.0005,0.0175,0.00595774,97.44,None,0.0,BTC-23AUG19-9000-P,11692.28,91.23,0.0045,30.0,0.007,30.0,101.43,2.95344,-10.36983,-0.32318,6e-05,-0.06632
11726.88,SYN.BTC-16AUG19,1565348344625,open,0.16,30.8,0.131,0.176,0.1532815,93.19,0.1625,0.0,BTC-16AUG19-10000-C,11692.28,0.0,0.1115,0.1,0.0,0.0,0.0,2.72448,-18.46299,1.66016,0.00011,0.90481
11726.88,SYN.BTC-16AUG19,1565348344625,open,0.15,0.0,0.131,0.1935,0.16114959,94.92,0.195,0.0,BTC-16AUG19-13500-P,11692.28,0.0,0.0,0.0,0.0,0.0,0.0,3.83367,-26.46317,-2.22285,0.00016,-0.8451
11726.88,SYN.BTC-16AUG19,1565348344625,open,0.0,81.4,0.0005,0.0105,0.00083841,111.59,0.0005,0.0,BTC-16AUG19-8500-P,11692.28,0.0,0.0,0.0,0.0015,31.0,122.21,0.5993,-4.86301,-0.03434,2e-05,-0.01471
11796.91,SYN.BTC-30AUG19,1565348344629,open,0.09,345.6,0.049,0.1135,0.08209703,94.19,0.086,0.0,BTC-30AUG19-12000-C,11692.28,95.14,0.083,4.0,0.0875,0.4,99.86,11.24754,-25.37397,2.9188,0.00015,0.5147
11761.9,SYN.BTC-23AUG19,1565348344625,open,32.0,0.0045,0.042,0.02017792,97.54,0.0215,0.0,BTC-23AUG19-14000-C,11692.28,95.4,0.019,24.0,0.022,0.3,100.77,6.53194,-22.95739,0.83023,0.00013,0.20586
11726.88,SYN.BTC-16AUG19,1565348344625,open,0.23,0.0,0.213,0.2715,0.24031,99.02,0.256,0.0,BTC-16AUG19-14500-P,11692.28,0.0,0.0,0.0,0.0,0.0,0.0,2.10386,-15.14987,-2.59056,8e-05,-0.93239
11726.88,SYN.BTC-16AUG19,1565348344625,open,0.2,5.3,0.174,0.213,0.19271891,96.44,0.21,0.0,BTC-16AUG19-9500-C,11692.28,0.0,0.091,0.1,0.0,0.0,0.0,1.62644,-11.40621,1.67566,7e-05,0.95126
11761.9,SYN.BTC-23AUG19,1565348344625,open,0.0,0.075,0.137,0.10749434,93.72,None,0.0,BTC-23AUG19-11000-C,11692.28,91.59,0.106,18.0,0.113,0.4,101.55,8.23851,-27.82357,2.54409,0.00017,0.67647
11796.91,SYN.BTC-30AUG19,1565348344628,open,0.01,288.8,0.0005,0.024,0.00900662,103.14,0.009,0.0,BTC-30AUG19-17000-C,11692.28,103.13,0.009,1.0,0.0095,2.0,104.43,4.47667,-11.05925,0.5279,5e-05,0.08725
210.2,SYN.ETH-23AUG19,1565348344728,open,60.0,0.002,0.028,0.011252,91.41,0.012,0.0,ETH-23AUG19-260-C,209.26,77.33,0.006,526.0,0.011,350.0,90.81,0.08891,-0.29285,0.00988,0.00579,0.13483
210.2,SYN.ETH-23AUG19,1565348344739,open,0.0,0.001,0.014,0.004293,91.71,None,0.0,ETH-23AUG19-160-P,209.25,78.61,0.002,250.0,0.006,550.0,99.12,0.04433,-0.1465,-0.00459,0.00288,-0.05309
209.73,SYN.ETH-16AUG19,1565348344739,open,0.0,275.0,0.001,0.017,0.004727,84.61,0.005,0.0,ETH-16AUG19-180-P,209.25,69.21,0.002,568.0,0.005,1.0,85.88,0.04467,-0.27483,-0.00353,0.00637,-0.08468
210.68,SYN.ETH-30AUG19,1565348344762,open,0.15,383.0,0.133,0.222,0.178089,90.74,0.147,0.0,ETH-30AUG19-240-P,209.25,0.0,0.139,50.0,1.138,1.0,500.0,0.17809,-0.38703,-0.10444,0.00773,-0.68864
11726.88,SYN.BTC-16AUG19,1565348345168,open,0.04,326.1,0.014,0.0665,0.03937989,89.39,0.035,0.0,BTC-16AUG19-11500-P,11692.28,82.12,0.0355,13.3,0.0405,24.0,91.49,6.26669,-40.7351,-0.99868,0.00027,-0.41271
11936.61,BTC-27SEP19,1565348345625,open,0.01,482.5,0.001,0.027,0.01078688,102.33,0.0155,0.0,BTC-27SEP19-22000-C,11692.27,99.73,0.0095,39.0,0.0125,29.0,105.53,6.12841,-6.41519,1.01249,3e-05,0.07413
12196.55,BTC-27DEC19,1565348345625,open,0.88,0.1,0.8675,0.887,0.87727954,125.11,0.84,0.0,BTC-27DEC19-1500-C,11692.27,0.0,0.019,0.2,0.9,0.1,269.12,0.25201,-0.1127,5.68963,0.0,0.99901
12196.55,BTC-27DEC19,1565348345625,open,0.06,417.3,0.0325,0.093,0.06130377,92.83,0.0575,0.0,BTC-27DEC19-8000-P,11692.27,89.87,0.057,10.0,0.0615,5.0,92.96,17.88265,-5.93401,-10.04391,3e-05,-0.15359
11936.61,BTC-27SEP19,1565348345625,open,0.0,125.2,0.0005,0.0105,0.00045597,125.0,0.0005,0.0,BTC-27SEP19-3750-P,11692.27,0.0,0.0,0.0,0.001,11.0,137.45,0.38634,-0.49402,-0.05347,0.0,-0.00289
11936.61,BTC-27SEP19,1565348345625,open,0.51,713.5,0.488,0.5145,0.5005894,101.46,0.362,0.0,BTC-27SEP19-6000-C,11692.27,0.0,0.011,1.0,0.6045,0.3,288.07,2.18297,-2.26585,7.65065,1e-05,0.97924
11936.61,BTC-27SEP19,1565348345625,open,0.71,261.1,0.6975,0.717,0.70706545,125.41,0.714,0.0,BTC-27SEP19-3500-C,11692.27,0.0,0.161,2.0,0.7425,10.0,300.06,0.2579,-0.33088,4.65266,0.0,0.99815
12196.55,BTC-27DEC19,1565348345625,open,0.28,559.5,0.2165,0.3135,0.26747538,92.83,0.2695,0.0,BTC-27DEC19-11000-C,11692.27,89.91,0.261,3.6,0.272,5.0,94.88,27.0091,-8.96286,19.26996,5e-05,0.67976
12196.55,BTC-27DEC19,1565348345625,open,0.06,285.9,0.024,0.0975,0.05728299,99.32,0.0615,0.0,BTC-27DEC19-24000-C,11692.27,97.77,0.0545,14.9,0.0605,4.9,101.09,21.98671,-7.80626,7.31345,4e-05,0.21375
12196.55,BTC-27DEC19,1565348345625,open,0.12,343.1,0.083,0.1715,0.12750739,92.83,0.1285,0.0,BTC-27DEC19-10000-P,11692.27,90.6,0.123,10.0,0.13,9.9,94.06,24.65463,-8.18085,-18.27132,5e-05,-0.26341
12196.55,BTC-27DEC19,1565348345625,open,0.09,312.5,0.054,0.1295,0.09133929,92.83,0.091,0.0,BTC-27DEC19-9000-P,11692.27,90.37,0.087,10.0,0.0925,9.9,93.48,21.58762,-7.16321,-13.95305,4e-05,-0.20719
12196.55,BTC-27DEC19,1565348345625,open,0.32,497.4,0.26,0.3505,0.3076202,92.83,0.319,0.0,BTC-27DEC19-10000-C,11692.27,38.85,0.205,1.0,0.3275,5.0,102.66,24.65471,-8.18162,20.04992,5e-05,0.73659
12196.55,BTC-27DEC19,1565348345625,open,0.5,63.0,0.4705,0.521,0.49536202,92.84,0.4965,0.0,BTC-27DEC19-6500-C,11692.27,0.0,0.355,1.0,0.955,2.0,500.0,11.58482,-3.8446,19.6875,2e-05,0.91658
11936.61,BTC-27SEP19,1565348345625,open,0.63,289.7,0.615,0.6345,0.62464413,125.12,0.588,0.0,BTC-27SEP19-4500-C,11692.27,0.0,0.002,2.1,0.686,5.0,299.82,1.07699,-1.37854,5.85341,0.0,0.99085
11936.61,BTC-27SEP19,1565348345626,open,0.29,372.7,0.2505,0.31,0.28082946,94.58,0.286,0.0,BTC-27SEP19-9000-C,11692.27,81.25,0.2695,8.7,0.286,13.7,100.25,10.6859,-10.3392,8.91626,6e-05,0.83866
11936.61,BTC-27SEP19,1565348345626,open,0.23,633.4,0.187,0.257,0.22330725,94.57,0.2355,0.0,BTC-27SEP19-10000-C,11692.27,84.65,0.212,9.1,0.2265,14.1,97.33,13.78582,-13.33784,8.46952,8e-05,0.75319
12196.55,BTC-27DEC19,1565348345626,open,1.45,0.2,1.4235,1.5685,1.49203997,101.39,2.03,0.0,BTC-27DEC19-30000-P,11692.27,0.0,0.0,0.0,0.0,0.0,0.0,16.08543,-5.83001,-110.33876,3e-05,-0.86866
11936.61,BTC-27SEP19,1565348345626,open,0.0,49.2,0.0005,0.0105,0.000153,125.0,0.0015,0.0,BTC-27SEP19-3250-P,11692.27,0.0,0.0,0.0,0.0025,15.0,174.97,0.15514,-0.19838,-0.01939,0.0,-0.00106
11936.61,BTC-27SEP19,1565348345626,open,0.05,396.5,0.0205,0.0795,0.04794927,97.98,0.051,0.0,BTC-27SEP19-16000-C,11692.27,96.33,0.046,13.4,0.051,13.4,100.52,14.218,-14.2513,3.41782,8e-05,0.26178
11936.61,BTC-27SEP19,1565348345626,open,0.0,492.7,0.0005,0.0105,1.98e-06,125.0,0.0005,0.0,BTC-27SEP19-2000-P,11692.27,0.0,0.0,0.0,0.0025,15.0,238.82,0.00338,-0.00433,-0.00032,0.0,-2e-05
12196.55,BTC-27DEC19,1565348345626,open,0.0,173.8,0.0005,0.0105,0.00026264,124.99,0.0005,0.0,BTC-27DEC19-1500-P,11692.27,0.0,0.0,0.0,0.0015,10.0,154.02,0.25025,-0.11181,-0.05822,0.0,-0.00098
12196.55,BTC-27DEC19,1565348345626,open,0.76,0.0,0.746,0.7655,0.75580243,105.63,None,0.0,BTC-27DEC19-3000-C,11692.27,0.0,0.0055,0.1,0.971,0.5,500.0,1.4192,-0.53585,11.09965,0.0,0.99328
12196.54,BTC-27DEC19,1565348345627,open,0.02,344.2,0.003,0.036,0.01454424,104.34,0.0175,0.0,BTC-27DEC19-40000-C,11692.27,101.62,0.0125,6.0,0.0165,10.0,106.75,9.54889,-3.56163,2.34833,2e-05,0.06479
12196.54,BTC-27DEC19,1565348345627,open,0.54,122.9,0.5075,0.551,0.52853784,92.83,0.46,0.0,BTC-27DEC19-6000-C,11692.27,69.05,0.514,4.0,0.957,3.0,500.0,9.46272,-3.14011,19.04301,2e-05,0.93596
12196.54,BTC-27DEC19,1565348345628,open,0.85,3.9,0.806,0.9455,0.87421139,98.47,0.752,0.0,BTC-27DEC19-22000-P,11692.27,0.0,0.0055,2.0,1.6425,0.3,500.0,24.17854,-8.51029,-75.74335,4e-05,-0.74632
12196.54,BTC-27DEC19,1565348345627,open,0.72,4.0,0.7055,0.725,0.71528649,97.85,0.64,0.0,BTC-27DEC19-3500-C,11692.27,0.0,0.0075,0.2,0.78,1.0,227.62,1.84305,-0.64465,12.88471,0.0,0.99096
11936.61,BTC-27SEP19,1565348345627,open,0.02,662.6,0.0045,0.038,0.01735562,100.84,0.019,0.0,BTC-27SEP19-20000-C,11692.27,98.86,0.016,39.0,0.019,5.0,103.14,8.33817,-8.60169,1.51824,4e-05,0.11234
12196.54,BTC-27DEC19,1565348345627,open,2.88,0.0,2.86,3.0365,2.94346587,105.19,None,0.0,BTC-27DEC19-48000-P,11692.27,0.0,0.0,0.0,6.0,1.0,500.0,6.19622,-2.32986,-182.55568,1e-05,-0.96233
12196.54,BTC-27DEC19,1565348345628,open,0.71,5.7,0.659,0.7975,0.72768299,97.73,0.661,0.0,BTC-27DEC19-20000-P,11692.27,0.0,0.02,1.0,1.466,1.0,480.48,26.38021,-9.21577,-66.57637,5e-05,-0.69672
11936.6,BTC-27SEP19,1565348345628,open,0.88,42.8,0.8645,0.884,0.87434006,151.16,0.815,0.0,BTC-27SEP19-1500-C,11692.27,0.0,0.0,0.0,0.0,0.0,0.0,0.00526,-0.00813,2.00807,0.0,0.99997
11936.6,BTC-27SEP19,1565348345628,open,0.03,258.9,0.0145,0.059,0.03478963,94.55,0.0325,0.0,BTC-27SEP19-9000-P,11692.27,91.4,0.032,33.5,0.036,24.3,95.9,10.68408,-10.33465,-3.13425,6e-05,-0.1613
11936.6,BTC-27SEP19,1565348345628,open,0.0,563.0,0.0005,0.013,0.00322951,101.38,0.0035,0.0,BTC-27SEP19-6000-P,11692.27,97.07,0.0025,15.1,0.004,29.0,105.34,2.1769,-2.2577,-0.38238,1e-05,-0.02069
12196.54,BTC-27DEC19,1565348345628,open,1.3,0.1,1.2665,1.41,1.33460876,100.8,1.49,0.0,BTC-27DEC19-28000-P,11692.27,0.0,0.005,1.0,0.0,0.0,0.0,17.90751,-6.45244,-101.92527,3e-05,-0.84609
12196.54,BTC-27DEC19,1565348345629,open,0.64,6.5,0.6255,0.65,0.63672271,92.84,0.575,0.0,BTC-27DEC19-4500-C,11692.27,0.0,0.012,0.1,0.963,1.0,500.0,3.89756,-1.2934,15.97121,1e-05,0.97843
12196.54,BTC-27DEC19,1565348345630,open,0.21,102.2,0.1605,0.2695,0.21634847,92.83,0.215,0.0,BTC-27DEC19-12000-P,11692.27,90.98,0.212,4.9,0.2225,9.9,95.45,28.6578,-9.50949,-27.69335,5e-05,-0.37615
11796.64,SYN.BTC-30AUG19,1565348345625,open,0.43,0.0,0.415,0.4895,0.45006131,103.06,None,0.0,BTC-30AUG19-17000-P,11692.27,0.0,0.04,1.0,0.0,0.0,0.0,4.46798,-11.02872,-9.19632,5e-05,-0.91298
12196.54,BTC-27DEC19,1565348345630,open,0.41,203.5,0.3695,0.4395,0.40538273,92.83,0.4135,0.0,BTC-27DEC19-8000-C,11692.27,0.0,0.2005,0.1,0.999,0.1,500.0,17.88282,-5.93418,20.61355,3e-05,0.84641
11761.64,SYN.BTC-23AUG19,1565348345625,open,0.0,0.0505,0.1175,0.08409678,93.7,None,0.0,BTC-23AUG19-12000-P,11692.27,85.86,0.078,18.0,0.085,18.0,94.86,9.14713,-30.88549,-2.64458,0.00019,-0.50737
11796.64,SYN.BTC-30AUG19,1565348345625,open,0.35,0.0,0.3345,0.41,0.37035907,101.45,0.403,0.0,BTC-30AUG19-16000-P,11692.27,0.0,0.03,1.0,0.0,0.0,0.0,5.91132,-14.36397,-8.38062,7e-05,-0.87178
11796.64,SYN.BTC-30AUG19,1565348345627,open,0.34,21.0,0.309,0.344,0.32593173,98.97,0.2375,0.0,BTC-30AUG19-8000-C,11692.27,0.0,0.05,1.0,0.0,0.0,0.0,2.39537,-5.67841,4.28289,3e-05,0.96072
11761.64,SYN.BTC-23AUG19,1565348345625,open,0.0,0.105,0.1635,0.13535907,93.74,None,0.0,BTC-23AUG19-10500-C,11692.27,0.0,0.005,1.0,0.0,0.0,0.0,7.0993,-23.98083,2.80111,0.00014,0.76183
11796.64,SYN.BTC-30AUG19,1565348345627,open,0.02,241.4,0.0055,0.044,0.0217129,99.28,0.025,0.0,BTC-30AUG19-15000-C,11692.27,97.37,0.0205,24.0,0.023,0.5,101.27,7.55354,-17.96193,1.10782,0.0001,0.18591
11761.64,SYN.BTC-23AUG19,1565348345625,open,0.0,0.2135,0.284,0.24748284,98.03,None,0.0,BTC-23AUG19-14500-P,11692.27,0.0,0.01,1.0,0.0,0.0,0.0,5.55185,-19.61184,-4.86787,0.00011,-0.84122
11761.64,SYN.BTC-23AUG19,1565348345625,open,0.0,0.2205,0.262,0.24077535,97.5,None,0.0,BTC-23AUG19-9000-C,11692.27,0.0,0.01,1.0,0.0,0.0,0.0,2.95749,-10.3905,3.09762,6e-05,0.93356
11796.64,SYN.BTC-30AUG19,1565348345629,open,0.15,17.3,0.117,0.1945,0.15596119,96.53,0.14,0.0,BTC-30AUG19-13000-P,11692.27,0.0,0.0,0.0,0.0,0.0,0.0,10.74224,-24.83536,-5.23504,0.00014,-0.61995
11796.64,SYN.BTC-30AUG19,1565348345625,open,0.0,639.8,0.0005,0.014,0.00407531,98.9,0.004,0.0,BTC-30AUG19-8000-P,11692.27,95.94,0.0035,30.0,0.0045,1.0,100.94,2.39033,-5.66201,-0.29182,3e-05,-0.03918
11796.64,SYN.BTC-30AUG19,1565348345630,open,0.42,0.0,0.395,0.424,0.40871736,113.01,None,0.0,BTC-30AUG19-7000-C,11692.27,0.0,0.08,1.0,0.0,0.0,0.0,1.33125,-3.60326,3.85844,1e-05,0.9806
11796.64,SYN.BTC-30AUG19,1565348345626,open,0.51,0.0,0.497,0.57,0.53131556,103.48,None,0.0,BTC-30AUG19-18000-P,11692.27,0.0,0.0,0.0,0.0,0.0,0.0,3.21105,-7.95829,-9.94967,4e-05,-0.94338
11761.64,SYN.BTC-23AUG19,1565348345625,open,11.0,0.0025,0.034,0.01468852,98.09,0.0165,0.0,BTC-23AUG19-14500-C,11692.27,95.53,0.0135,24.0,0.016,1.0,100.82,5.55563,-19.63639,0.64501,0.00011,0.15895
11726.65,SYN.BTC-16AUG19,1565348345648,open,0.09,102.7,0.056,0.1115,0.08468473,89.42,0.086,0.0,BTC-16AUG19-11000-C,11692.27,87.93,0.084,7.9,0.0895,0.1,99.7,5.41865,-35.23431,1.40324,0.00023,0.71992
11936.61,BTC-27SEP19,1565348345651,open,0.52,1.0,0.491,0.586,0.5366447,99.48,1.5815,0.0,BTC-27SEP19-18000-P,11692.27,0.0,0.004,1.3,1.0715,0.3,500.0,11.13585,-11.33297,-21.81245,6e-05,-0.82801
11726.65,SYN.BTC-16AUG19,1565348345689,open,0.09,102.7,0.056,0.1115,0.08468473,89.42,0.086,0.0,BTC-16AUG19-11000-C,11692.27,87.93,0.084,1.9,0.0895,0.1,99.7,5.41865,-35.23431,1.40324,0.00023,0.71992
11936.61,BTC-27SEP19,1565348345690,open,0.09,172.3,0.0595,0.133,0.09634897,94.55,0.0935,0.0,BTC-27SEP19-11000-P,11692.27,91.31,0.092,11.3,0.099,19.3,96.53,16.0264,-15.50174,-6.99382,9e-05,-0.34121
11936.61,BTC-27SEP19,1565348345703,open,0.09,172.3,0.0595,0.133,0.09634897,94.55,0.0935,0.0,BTC-27SEP19-11000-P,11692.27,91.31,0.092,11.3,0.099,30.6,96.53,16.0264,-15.50174,-6.99382,9e-05,-0.34121
209.72,SYN.ETH-16AUG19,1565348345913,open,0.02,83.0,0.005,0.049,0.024144,81.26,0.027,0.0,ETH-16AUG19-200-P,209.25,72.68,0.02,200.0,0.027,259.0,87.08,0.10228,-0.60442,-0.01341,0.01519,-0.31523
210.19,SYN.ETH-23AUG19,1565348346047,open,60.0,0.004,0.037,0.017435,91.37,0.009,0.0,ETH-23AUG19-180-P,209.25,81.94,0.013,200.0,0.018,496.0,92.52,0.10319,-0.33975,-0.01487,0.00672,-0.16868
209.72,SYN.ETH-16AUG19,1565348346094,open,0.03,113.0,0.016,0.076,0.044762,80.49,0.046,0.0,ETH-16AUG19-210-P,209.25,73.62,0.041,150.0,0.049,201.0,88.24,0.11472,-0.67152,-0.02084,0.0172,-0.48286
210.19,SYN.ETH-23AUG19,1565348346156,open,0.0,0.09,0.158,0.126185,91.46,None,0.0,ETH-23AUG19-190-C,209.25,78.06,0.118,50.0,0.127,50.0,92.75,0.13189,-0.43464,0.04936,0.00859,0.74392
11936.61,BTC-27SEP19,1565348346189,open,0.01,482.5,0.001,0.027,0.01078503,102.33,0.0155,0.0,BTC-27SEP19-22000-C,11692.27,99.73,0.0095,24.0,0.0125,29.0,105.53,6.12841,-6.41519,1.01249,3e-05,0.07413
209.72,SYN.ETH-16AUG19,1565348346189,open,0.04,981.0,0.005,0.05,0.025269,81.45,0.025,0.0,ETH-16AUG19-220-C,209.25,73.01,0.021,200.0,0.028,166.0,86.77,0.10714,-0.63462,0.01302,0.01588,0.35482
210.19,SYN.ETH-23AUG19,1565348346359,open,0.0,0.06,0.128,0.096212,91.43,None,0.0,ETH-23AUG19-200-C,209.25,78.69,0.087,150.0,0.096,3.0,91.14,0.1528,-0.50342,0.04373,0.00995,0.64352
209.72,SYN.ETH-16AUG19,1565348346363,open,0.06,172.0,0.039,0.109,0.074252,81.34,0.065,0.0,ETH-16AUG19-220-P,209.25,72.93,0.07,150.0,0.079,141.0,90.55,0.10711,-0.63359,-0.02843,0.01589,-0.64543
210.19,SYN.ETH-23AUG19,1565348346379,open,0.0,0.001,0.011,0.00078,95.54,None,0.0,ETH-23AUG19-140-P,209.25,0.0,0.0,0.0,0.002,250.0,110.45,0.0123,-0.04235,-0.00098,0.00077,-0.01146
209.72,SYN.ETH-16AUG19,1565348346462,open,0.03,628.0,0.002,0.034,0.014053,82.97,0.01,0.0,ETH-16AUG19-230-C,209.25,72.68,0.01,418.0,0.016,418.0,87.62,0.08643,-0.5215,0.00835,0.01257,0.22548
210.19,SYN.ETH-23AUG19,1565348346472,open,13.0,0.019,0.078,0.047675,91.35,0.041,0.0,ETH-23AUG19-200-P,209.25,79.35,0.039,200.0,0.047,230.0,90.42,0.15279,-0.50295,-0.03229,0.00996,-0.35642
11936.37,BTC-27SEP19,1565348346625,open,0.0,372.8,0.0005,0.0115,0.00162454,125.0,0.001,0.0,BTC-27SEP19-4500-P,11692.24,116.91,0.001,1.0,0.0035,15.0,141.02,1.07225,-1.37111,-0.17145,0.0,-0.0091
11936.37,BTC-27SEP19,1565348346625,open,0.0,681.9,0.0005,0.0115,0.00192342,107.1,0.004,0.0,BTC-27SEP19-30000-C,11692.24,99.11,0.001,15.0,0.003,15.0,113.52,1.70678,-1.87001,0.21792,1e-05,0.01556
12196.21,BTC-27DEC19,1565348346625,open,0.44,25.3,0.385,0.5165,0.45182092,95.64,0.431,0.0,BTC-27DEC19-16000-P,11692.24,92.42,0.444,3.6,0.4585,3.6,98.37,29.72525,-10.16201,-47.50336,5e-05,-0.56454
12196.21,BTC-27DEC19,1565348346625,open,0.0,99.9,0.0005,0.0105,0.00096882,124.99,0.0005,0.0,BTC-27DEC19-2000-P,11692.24,115.41,0.0005,1.0,0.0025,10.0,142.88,0.73818,-0.32981,-0.19623,0.0,-0.00323
12196.21,BTC-27DEC19,1565348346625,open,0.05,161.4,0.0175,0.0845,0.04700741,100.1,0.0515,0.0,BTC-27DEC19-26000-C,11692.24,98.55,0.0445,14.9,0.05,4.9,101.92,19.87793,-7.11291,6.261,3e-05,0.18097
12196.21,BTC-27DEC19,1565348346625,open,0.05,158.1,0.024,0.077,0.04868195,92.83,0.0455,0.0,BTC-27DEC19-7500-P,11692.24,89.57,0.0445,10.0,0.049,11.0,93.07,15.84487,-5.25764,-8.2818,3e-05,-0.12851
12196.21,BTC-27DEC19,1565348346625,open,0.0,382.0,0.0005,0.0115,0.00177285,105.62,0.001,0.0,BTC-27DEC19-3000-P,11692.24,97.69,0.001,10.0,0.0025,10.0,111.19,1.41878,-0.53565,-0.39684,0.0,-0.00672
11936.37,BTC-27SEP19,1565348346625,open,0.43,748.2,0.4045,0.4405,0.4215951,97.63,0.4315,0.0,BTC-27SEP19-7000-C,11692.24,0.0,0.2,1.0,0.458,0.1,162.11,4.3032,-4.29779,8.49026,2e-05,0.95278
11936.37,BTC-27SEP19,1565348346625,open,0.75,225.7,0.739,0.7585,0.74875242,125.66,0.693,0.0,BTC-27SEP19-3000-C,11692.24,0.0,0.004,20.0,0.878,5.0,500.0,0.09359,-0.12031,4.00604,0.0,0.99939
12196.21,BTC-27DEC19,1565348346626,open,0.38,8.6,0.3225,0.4505,0.38774328,94.86,0.386,0.0,BTC-27DEC19-15000-P,11692.24,92.12,0.381,3.6,0.3945,3.6,97.6,30.06837,-10.19574,-42.58681,6e-05,-0.52343
12196.18,BTC-27DEC19,1565348346627,open,0.09,542.2,0.0445,0.134,0.08787961,97.74,0.09,0.0,BTC-27DEC19-20000-C,11692.24,96.17,0.0845,10.0,0.092,8.9,99.63,26.37965,-9.2161,10.06754,5e-05,0.30328
11936.37,BTC-27SEP19,1565348346627,open,0.0,550.0,0.0005,0.0115,0.00155761,111.74,0.002,0.0,BTC-27SEP19-5000-P,11692.24,105.08,0.001,34.0,0.002,29.0,115.98,1.14765,-1.31192,-0.18214,1e-05,-0.00984
11936.37,BTC-27SEP19,1565348346627,open,0.01,434.4,0.0005,0.019,0.00802626,97.6,0.008,0.0,BTC-27SEP19-7000-P,11692.24,94.65,0.007,25.0,0.0085,5.0,98.89,4.30002,-4.29318,-0.88228,2e-05,-0.04717
12196.18,BTC-27DEC19,1565348346627,open,1.92,1.3,1.8995,2.052,1.97092949,102.77,2.2,0.0,BTC-27DEC19-36000-P,11692.24,0.0,0.0005,1.0,0.0,0.0,0.0,11.57248,-4.25149,-134.96263,2e-05,-0.91669
11936.37,BTC-27SEP19,1565348346628,open,0.24,71.0,0.2055,0.3,0.25318385,96.08,0.25,0.0,BTC-27SEP19-14000-P,11692.24,0.0,0.004,10.0,0.2705,5.0,108.29,16.76593,-16.47919,-13.78723,9e-05,-0.60941
12196.18,BTC-27DEC19,1565348346628,open,0.57,59.3,0.5455,0.5825,0.56323103,92.85,0.51,0.0,BTC-27DEC19-5500-C,11692.24,0.0,0.255,1.0,0.959,5.0,500.0,7.43265,-2.4669,18.20909,1e-05,0.95283
12196.18,BTC-27DEC19,1565348346628,open,0.12,373.5,0.063,0.1605,0.11156034,97.29,0.11,0.0,BTC-27DEC19-18000-C,11692.24,96.62,0.11,0.5,0.115,4.9,98.76,28.37817,-9.86891,11.84424,5e-05,0.36498
12196.18,BTC-27DEC19,1565348346628,open,0.08,181.2,0.0325,0.114,0.07042786,98.47,0.075,0.0,BTC-27DEC19-22000-C,11692.24,96.73,0.067,14.9,0.0745,8.9,100.51,24.17832,-8.51075,8.56518,4e-05,0.25369
11796.53,SYN.BTC-30AUG19,1565348346625,open,0.06,212.3,0.025,0.0835,0.05397044,96.55,0.0555,0.0,BTC-30AUG19-13000-C,11692.24,94.38,0.052,24.0,0.057,10.4,99.87,10.74244,-24.8418,2.20023,0.00014,0.38008
11796.53,SYN.BTC-30AUG19,1565348346628,open,0.01,606.8,0.002,0.0265,0.01167002,95.92,0.0085,0.0,BTC-30AUG19-9000-P,11692.24,91.75,0.01,50.0,0.011,20.0,94.28,4.87094,-11.1907,-0.73854,6e-05,-0.09779
209.72,SYN.ETH-16AUG19,1565348346651,open,0.02,381.0,0.001,0.022,0.007052,82.99,0.006,0.0,ETH-16AUG19-240-C,209.25,71.2,0.004,511.0,0.009,511.0,89.37,0.06083,-0.36707,0.00485,0.00885,0.1298
11936.37,BTC-27SEP19,1565348346684,open,0.03,437.8,0.0095,0.0545,0.0287201,99.53,0.0315,0.0,BTC-27SEP19-18000-C,11692.24,97.66,0.027,33.6,0.031,24.3,101.94,11.1416,-11.34421,2.29223,6e-05,0.17213
214.8,ETH-27DEC19,1565348346690,open,0.21,710.0,0.138,0.243,0.195061,96.9,0.225,0.0,ETH-27DEC19-240-C,209.25,93.62,0.187,202.0,0.202,321.0,99.73,0.52698,-0.18253,0.28869,0.00308,0.54577
212.56,ETH-27SEP19,1565348346690,open,0.14,994.0,0.08,0.159,0.122289,94.11,0.152,0.0,ETH-27SEP19-220-C,209.25,90.48,0.117,173.0,0.127,230.0,97.35,0.3095,-0.29797,0.11571,0.00544,0.52881
212.56,ETH-27SEP19,1565348346690,open,0.0,839.0,0.001,0.011,0.000203,125.0,0.001,0.0,ETH-27SEP19-60-P,209.25,0.0,0.0,0.0,0.002,550.0,164.64,0.00351,-0.00449,-0.00045,5e-05,-0.00138
11726.61,SYN.BTC-16AUG19,1565348346691,open,0.09,102.7,0.056,0.1115,0.08467207,89.39,0.086,0.0,BTC-16AUG19-11000-C,11692.24,87.94,0.084,7.9,0.0895,0.1,99.7,5.41836,-35.22359,1.40333,0.00023,0.71995
209.73,SYN.ETH-16AUG19,1565348346691,open,0.0,275.0,0.001,0.017,0.004727,84.61,0.005,0.0,ETH-16AUG19-180-P,209.25,69.21,0.002,318.0,0.005,1.0,85.88,0.04467,-0.27483,-0.00353,0.00637,-0.08468
11936.37,BTC-27SEP19,1565348346693,open,0.09,172.3,0.0595,0.1335,0.09636224,94.55,0.0935,0.0,BTC-27SEP19-11000-P,11692.24,91.3,0.092,11.3,0.0985,19.3,96.15,16.02648,-15.50236,-6.99425,9e-05,-0.34123
212.56,ETH-27SEP19,1565348346701,open,0.03,7898.0,0.014,0.058,0.034048,94.09,0.035,0.0,ETH-27SEP19-160-P,209.25,89.45,0.03,282.0,0.035,140.0,95.15,0.18874,-0.18166,-0.05504,0.00332,-0.15934
210.66,SYN.ETH-30AUG19,1565348346701,open,0.05,479.0,0.03,0.093,0.060576,89.94,0.063,0.0,ETH-30AUG19-200-P,209.25,85.95,0.057,200.0,0.065,333.0,94.86,0.18911,-0.40736,-0.0511,0.00828,-0.36352
12196.18,BTC-27DEC19,1565348346701,open,0.17,366.2,0.1045,0.208,0.15788628,94.87,0.1585,0.0,BTC-27DEC19-15000-C,11692.24,93.09,0.1535,13.6,0.164,3.6,97.35,30.06845,-10.19725,14.89644,6e-05,0.47661
212.56,ETH-27SEP19,1565348346710,open,0.49,502.0,0.475,0.593,0.533036,98.04,0.455,0.0,ETH-27SEP19-320-P,209.25,0.0,0.0,0.0,0.578,110.0,138.6,0.19556,-0.19614,-0.38845,0.0033,-0.83171
212.56,ETH-27SEP19,1565348346712,open,0.2,2496.0,0.167,0.27,0.220169,94.97,0.171,0.0,ETH-27SEP19-240-P,209.25,89.97,0.213,120.0,0.226,110.0,99.02,0.30556,-0.29687,-0.22482,0.00532,-0.5697
212.56,ETH-27SEP19,1565348346714,open,1.55,24.0,1.559,1.721,1.63635,110.66,1.356,0.0,ETH-27SEP19-560-P,209.25,0.0,0.0,0.0,0.0,0.0,0.0,0.02822,-0.03194,-0.74632,0.00042,-0.98573
210.19,SYN.ETH-23AUG19,1565348346724,open,60.0,0.004,0.037,0.017446,91.37,0.009,0.0,ETH-23AUG19-180-P,209.25,79.68,0.012,200.0,0.018,496.0,92.52,0.10319,-0.33975,-0.01487,0.00672,-0.16868
212.56,ETH-27SEP19,1565348346730,open,0.18,1290.0,0.121,0.202,0.164269,94.11,0.19,0.0,ETH-27SEP19-200-C,209.25,88.09,0.156,120.0,0.168,120.0,96.83,0.29197,-0.2811,0.1344,0.00513,0.63647
210.68,SYN.ETH-30AUG19,1565348346732,open,0.01,3109.0,0.001,0.023,0.0095,91.61,0.011,0.0,ETH-30AUG19-160-P,209.25,84.51,0.007,250.0,0.012,700.0,97.93,0.07913,-0.17362,-0.01151,0.0034,-0.08605
210.68,SYN.ETH-30AUG19,1565348346737,open,0.01,3109.0,0.001,0.023,0.0095,91.61,0.011,0.0,ETH-30AUG19-160-P,209.25,84.51,0.007,550.0,0.012,700.0,97.93,0.07913,-0.17362,-0.01151,0.0034,-0.08605
212.56,ETH-27SEP19,1565348346739,open,0.0,7916.0,0.001,0.011,0.000676,125.0,0.001,0.0,ETH-27SEP19-760-C,209.25,0.0,0.0,0.0,0.002,400.0,140.27,0.01182,-0.01511,0.00131,0.00016,0.00528
214.8,ETH-27DEC19,1565348346740,open,0.03,1570.0,0.009,0.056,0.028847,102.96,0.041,0.0,ETH-27DEC19-560-C,209.22,98.82,0.024,349.0,0.032,110.0,105.47,0.26295,-0.09678,0.07344,0.00144,0.11806
214.8,ETH-27DEC19,1565348346740,open,0.02,1226.0,0.003,0.033,0.014134,105.21,0.032,0.0,ETH-27DEC19-720-C,209.22,99.24,0.01,355.0,0.018,50.0,109.91,0.16419,-0.06175,0.04008,0.00088,0.06282
212.56,ETH-27SEP19,1565348346740,open,0.05,3646.0,0.014,0.064,0.037221,97.42,0.045,0.0,ETH-27SEP19-300-C,209.22,93.4,0.033,419.0,0.04,160.0,99.99,0.22744,-0.22667,0.05068,0.00386,0.21527
212.56,ETH-27SEP19,1565348346740,open,0.01,7889.0,0.005,0.03,0.015111,94.08,0.016,0.0,ETH-27SEP19-140-P,209.22,88.25,0.012,301.0,0.017,340.0,97.38,0.1189,-0.11444,-0.02793,0.00209,-0.08301
212.56,ETH-27SEP19,1565348346740,open,1.01,0.0,1.011,1.146,1.075509,103.13,None,0.0,ETH-27SEP19-440-P,209.22,0.0,0.0,0.0,0.0,0.0,0.0,0.06839,-0.07216,-0.57908,0.0011,-0.95899
212.56,ETH-27SEP19,1565348346740,open,0.06,5420.0,0.033,0.096,0.06387,94.08,0.064,0.0,ETH-27SEP19-180-P,209.22,90.79,0.06,240.0,0.066,300.0,95.89,0.25038,-0.24099,-0.0911,0.0044,-0.25621
212.56,ETH-27SEP19,1565348346740,open,2.46,0.0,2.472,2.687,2.575969,121.64,None,0.0,ETH-27SEP19-760-P,209.22,0.0,0.0,0.0,0.0,0.0,0.0,0.00952,-0.01185,-1.01665,0.00013,-0.99585
212.56,ETH-27SEP19,1565348346740,open,0.57,347.0,0.562,0.681,0.62008,98.69,0.565,0.0,ETH-27SEP19-340-P,209.22,0.0,0.0,0.0,0.671,110.0,148.04,0.16571,-0.1673,-0.42374,0.00278,-0.86867
212.56,ETH-27SEP19,1565348346740,open,0.0,3419.0,0.001,0.011,0.001202,117.5,0.001,0.0,ETH-27SEP19-640-C,209.22,0.0,0.0,0.0,0.002,100.0,124.61,0.01968,-0.02366,0.00234,0.00028,0.00942
212.56,ETH-27SEP19,1565348346740,open,2.09,0.0,2.106,2.3,2.199867,117.24,None,0.0,ETH-27SEP19-680-P,209.22,0.0,0.0,0.0,0.0,0.0,0.0,0.01377,-0.01652,-0.90899,0.00019,-0.99372
212.56,ETH-27SEP19,1565348346740,open,0.66,233.0,0.65,0.772,0.709231,99.69,0.634,0.0,ETH-27SEP19-360-P,209.22,89.02,0.703,44.0,0.0,0.0,0.0,0.13996,-0.14273,-0.45704,0.00232,-0.89651
214.8,ETH-27DEC19,1565348346740,open,0.37,0.0,0.307,0.394,0.35445,95.69,None,0.0,ETH-27DEC19-160-C,209.22,85.92,0.337,172.0,0.367,172.0,102.62,0.38724,-0.13246,0.35542,0.00229,0.78623
212.56,ETH-27SEP19,1565348346740,open,0.55,0.0,0.516,0.547,0.531272,99.51,None,0.0,ETH-27SEP19-100-C,209.22,0.0,0.003,10.0,0.0,0.0,0.0,0.02453,-0.02497,0.12996,0.00041,0.98787
214.8,ETH-27DEC19,1565348346740,open,0.57,101.0,0.524,0.68,0.60345,99.22,0.513,0.0,ETH-27DEC19-320-P,209.22,0.0,0.006,5.0,1.58,1.0,500.0,0.50037,-0.17747,-1.01843,0.00285,-0.63377
214.8,ETH-27DEC19,1565348346740,open,0.03,1681.0,0.007,0.049,0.02392,103.63,0.026,0.0,ETH-27DEC19-600-C,209.22,99.85,0.02,400.0,0.027,110.0,106.37,0.23367,-0.08656,0.06277,0.00128,0.10018
214.8,ETH-27DEC19,1565348346740,open,0.18,2179.0,0.135,0.244,0.191921,95.65,0.195,0.0,ETH-27DEC19-200-P,209.22,93.03,0.186,158.0,0.199,140.0,98.78,0.48638,-0.16629,-0.4366,0.00288,-0.33848
212.56,ETH-27SEP19,1565348346740,open,0.01,5245.0,0.001,0.022,0.008939,101.04,0.015,0.0,ETH-27SEP19-400-C,209.22,93.87,0.006,500.0,0.011,200.0,105.3,0.097,-0.10027,0.01557,0.00159,0.06363
