underlying_price,underlying_index,timestamp,state,settlement_price,open_interest,min_price,max_price,mark_price,mark_iv,last_price,interest_rate,instrument_name,index_price,bid_iv,best_bid_price,best_bid_amount,best_ask_price,best_ask_amount,ask_iv,vega,theta,rho,gamma,delta
133.68,ETH-27MAR20,1577098740351,open,0.42,1550.0,0.351,0.477,0.412379,81.35,0.47,0.0,ETH-27MAR20-180-P,132.72,70.03,0.393,39.0,0.449,300.0,100.92,0.23875,-0.10236,-0.3848,0.00632,-0.69494
135.57,ETH-26JUN20,1577098740650,open,0.28,171.0,0.227,0.329,0.279609,82.26,0.276,0.0,ETH-26JUN20-120-C,132.72,65.35,0.237,49.0,0.286,210.0,84.82,0.34038,-0.07532,0.28468,0.00442,0.69193
135.57,ETH-26JUN20,1577098741036,open,0.6,245.0,0.513,0.673,0.59097,85.93,0.71,0.0,ETH-26JUN20-200-P,132.72,0.0,0.001,10.0,0.63,1.0,100.08,0.36581,-0.08456,-0.84185,0.00455,-0.62833
133.69,ETH-27MAR20,1577098742091,open,0.03,7522.0,0.01,0.058,0.028711,89.78,0.028,0.0,ETH-27MAR20-240-C,132.72,88.3,0.027,300.0,0.031,50.0,91.7,0.15677,-0.07417,0.0411,0.00376,0.14698
132.86,ETH-27DEC19,1577098742099,open,0.02,644.0,0.002,0.046,0.01534,60.55,0.013,0.0,ETH-27DEC19-130-P,132.72,57.04,0.014,460.0,0.015,10.0,59.66,0.05081,-0.39696,-0.00518,0.04477,-0.35199
132.86,ETH-27DEC19,1577098742103,open,0.17,126.0,0.147,0.201,0.173685,105.18,0.177,0.0,ETH-27DEC19-110-C,132.72,0.0,0.172,1.0,0.186,31.0,181.75,0.01088,-0.14763,0.01115,0.00552,0.96378
133.69,ETH-27MAR20,1577098742145,open,2.62,0.0,2.488,2.718,2.596603,116.85,None,0.0,ETH-27MAR20-480-P,132.72,0.0,0.004,50.0,0.0,0.0,0.0,0.04932,-0.03037,-1.23861,0.00091,-0.96768
132.86,ETH-27DEC19,1577098742151,open,1.42,100.0,1.339,1.482,1.408369,0.0,0.883,0.0,ETH-27DEC19-320-P,132.72,0.0,0.011,5.0,0.0,0.0,0.0,0.0,0.0,-0.03398,0.0,-1.0
133.69,ETH-27MAR20,1577098742155,open,1.13,161.0,1.041,1.197,1.114223,95.99,1.397,0.0,ETH-27MAR20-280-P,132.72,0.0,0.002,50.0,0.0,0.0,0.0,0.12203,-0.06173,-0.69899,0.00274,-0.89723
133.69,ETH-27MAR20,1577098742157,open,0.42,20.0,0.394,0.45,0.421909,86.57,0.613,0.0,ETH-27MAR20-80-C,132.72,41.39,0.402,44.0,0.436,44.0,102.85,0.10434,-0.04761,0.17199,0.00259,0.91683
133.69,ETH-27MAR20,1577098742157,open,0.02,1037.0,0.007,0.04,0.020353,86.63,0.031,0.0,ETH-27MAR20-80-P,132.72,83.55,0.018,320.0,0.022,300.0,88.71,0.10443,-0.04768,-0.03601,0.00259,-0.08327
133.69,ETH-27MAR20,1577098742157,open,1.72,7.0,1.618,1.8,1.703396,104.77,1.702,0.0,ETH-27MAR20-360-P,132.72,0.0,0.01,30.0,0.0,0.0,0.0,0.07713,-0.04258,-0.91991,0.00158,-0.9438
135.56,ETH-26JUN20,1577098742161,open,3.76,0.0,3.587,3.902,3.735206,109.45,None,0.0,ETH-26JUN20-640-P,132.72,0.0,0.011,1.0,0.0,0.0,0.0,0.10789,-0.03177,-3.2308,0.00105,-0.94482
135.56,ETH-26JUN20,1577098742161,open,3.17,0.0,3.016,3.3,3.149576,107.49,None,0.0,ETH-26JUN20-560-P,132.72,0.0,0.01,50.0,0.0,0.0,0.0,0.13183,-0.03812,-2.81534,0.00131,-0.92864
133.69,ETH-27MAR20,1577098742161,open,2.32,0.0,2.197,2.411,2.298035,112.25,None,0.0,ETH-27MAR20-440-P,132.72,0.0,0.003,50.0,0.0,0.0,0.0,0.05426,-0.0321,-1.13347,0.00104,-0.96371
132.86,ETH-27DEC19,1577098742161,open,2.03,15.0,1.923,2.103,2.010461,0.0,1.248,0.0,ETH-27DEC19-400-P,132.72,0.0,0.002,50.0,0.0,0.0,0.0,0.0,0.0,-0.04247,0.0,-1.0
135.56,ETH-26JUN20,1577098742161,open,0.08,539.0,0.041,0.13,0.081528,88.64,0.078,0.0,ETH-26JUN20-240-C,132.72,87.16,0.078,180.0,0.086,470.0,90.5,0.3249,-0.07747,0.13611,0.00392,0.27869
135.56,ETH-26JUN20,1577098742161,open,0.73,0.0,0.638,0.805,0.719235,87.23,None,0.0,ETH-26JUN20-220-P,132.72,0.0,0.622,50.0,0.0,0.0,0.0,0.34612,-0.08121,-0.96568,0.00424,-0.67962
132.86,ETH-27DEC19,1577098742161,open,1.88,0.0,1.777,1.948,1.859938,0.0,None,0.0,ETH-27DEC19-380-P,132.72,0.0,0.02,50.0,0.0,0.0,0.0,0.0,0.0,-0.04035,0.0,-1.0
132.86,ETH-27DEC19,1577098742161,open,4.46,0.0,4.262,4.586,4.41883,0.0,None,0.0,ETH-27DEC19-720-P,132.72,0.0,0.004,50.0,0.0,0.0,0.0,0.0,0.0,-0.07645,0.0,-1.0
135.56,ETH-26JUN20,1577098742163,open,0.1,803.0,0.052,0.147,0.096457,87.28,0.093,0.0,ETH-26JUN20-220-C,132.72,85.92,0.093,180.0,0.101,466.0,89.05,0.34621,-0.08128,0.15473,0.00424,0.32059
132.86,ETH-27DEC19,1577098742163,open,1.58,0.0,1.485,1.638,1.558892,0.0,None,0.0,ETH-27DEC19-340-P,132.72,0.0,0.003,9.0,0.0,0.0,0.0,0.0,0.0,-0.0361,0.0,-1.0
135.56,ETH-26JUN20,1577098742163,open,2.88,0.0,2.731,2.999,2.856512,105.4,None,0.0,ETH-26JUN20-520-P,132.72,0.0,0.01,50.0,0.0,0.0,0.0,0.14257,-0.04042,-2.6077,0.00145,-0.92092
132.86,ETH-27DEC19,1577098742163,open,2.94,36.0,2.8,3.034,2.9136,0.0,2.65,0.0,ETH-27DEC19-520-P,132.72,0.0,0.003,50.0,0.0,0.0,0.0,0.0,0.0,-0.05522,0.0,-1.0
132.86,ETH-27DEC19,1577098742163,open,0.24,1.0,0.225,0.271,0.247779,122.1,0.276,0.0,ETH-27DEC19-100-C,132.72,0.0,0.247,1.0,0.259,32.0,230.94,0.00369,-0.05819,0.01047,0.00161,0.98986
132.93,SYN.ETH-3JAN20,1577098742163,open,0.01,351.0,0.001,0.026,0.008903,65.84,0.01,0.0,ETH-3JAN20-150-C,132.72,61.05,0.007,487.0,0.01,160.0,68.43,0.05519,-0.16707,0.00587,0.01592,0.15722
132.93,SYN.ETH-3JAN20,1577098742163,open,0.02,338.0,0.005,0.046,0.022437,62.29,0.024,0.0,ETH-3JAN20-140-C,132.72,63.18,0.023,29.0,0.024,300.0,64.77,0.08353,-0.23921,0.01235,0.02547,0.33434
132.93,SYN.ETH-3JAN20,1577098742163,open,0.05,1820.0,0.025,0.083,0.053395,60.86,0.054,0.0,ETH-3JAN20-130-C,132.72,57.26,0.051,300.0,0.055,300.0,63.28,0.08839,-0.24733,0.02183,0.02758,0.60445
135.56,ETH-26JUN20,1577098742168,open,2.58,0.0,2.445,2.698,2.563946,103.17,None,0.0,ETH-26JUN20-480-P,132.72,0.0,0.01,50.0,0.0,0.0,0.0,0.15532,-0.0431,-2.39914,0.00161,-0.91137
132.86,ETH-27DEC19,1577098742168,open,2.64,21.0,2.508,2.724,2.612554,0.0,2.37,0.0,ETH-27DEC19-480-P,132.72,0.0,0.002,50.0,0.0,0.0,0.0,0.0,0.0,-0.05097,0.0,-1.0
135.56,ETH-26JUN20,1577098742170,open,1.71,1.0,1.595,1.806,1.693864,96.7,1.827,0.0,ETH-26JUN20-360-P,132.72,0.0,0.015,2.0,0.0,0.0,0.0,0.21764,-0.05661,-1.76148,0.00241,-0.85776
132.86,ETH-27DEC19,1577098742170,open,2.33,0.0,2.216,2.413,2.311507,0.0,None,0.0,ETH-27DEC19-440-P,132.72,0.0,0.002,50.0,0.0,0.0,0.0,0.0,0.0,-0.04672,0.0,-1.0
133.19,SYN.ETH-31JAN20,1577098742170,open,0.02,1369.0,0.004,0.032,0.014784,78.8,0.014,0.0,ETH-31JAN20-100-P,132.72,75.76,0.013,1120.0,0.016,160.0,80.79,0.0801,-0.08118,-0.01727,0.00538,-0.10696
133.69,ETH-27MAR20,1577098742172,open,1.42,10.0,1.329,1.496,1.407215,99.92,1.59,0.0,ETH-27MAR20-320-P,132.72,0.0,0.011,5.0,0.0,0.0,0.0,0.09386,-0.04943,-0.81138,0.00202,-0.92766
133.69,ETH-27MAR20,1577098742175,open,0.05,367.0,0.024,0.081,0.049345,80.4,0.099,0.0,ETH-27MAR20-100-P,132.72,77.88,0.046,620.0,0.052,789.0,82.37,0.17919,-0.07592,-0.07989,0.0048,-0.18054
133.69,ETH-27MAR20,1577098742177,open,3.22,0.0,3.068,3.331,3.193014,121.18,None,0.0,ETH-27MAR20-560-P,132.72,0.0,0.02,50.0,0.0,0.0,0.0,0.03611,-0.02306,-1.44936,0.00064,-0.97776
135.56,ETH-26JUN20,1577098742177,open,2.0,0.0,1.877,2.102,1.982786,99.31,None,0.0,ETH-26JUN20-400-P,132.72,0.0,0.01,50.0,0.0,0.0,0.0,0.1941,-0.05186,-1.97593,0.00209,-0.87948
133.69,ETH-27MAR20,1577098742177,open,2.92,0.0,2.778,3.025,2.894837,119.63,None,0.0,ETH-27MAR20-520-P,132.72,0.0,0.006,50.0,0.0,0.0,0.0,0.04288,-0.02703,-1.34399,0.00077,-0.9727
132.93,SYN.ETH-3JAN20,1577098742177,open,0.14,0.0,0.101,0.176,0.137297,65.86,None,0.0,ETH-3JAN20-150-P,132.72,60.02,0.135,40.0,0.142,40.0,76.33,0.05521,-0.16715,-0.03882,0.01592,-0.84272
135.56,ETH-26JUN20,1577098742179,open,0.48,426.0,0.395,0.546,0.468893,84.63,0.47,0.0,ETH-26JUN20-180-P,132.72,76.78,0.447,210.0,0.519,200.0,102.32,0.38055,-0.08663,-0.71479,0.00481,-0.56652
132.86,ETH-27DEC19,1577098742232,open,3.55,0.0,3.385,3.655,3.515692,0.0,0.953,0.0,ETH-27DEC19-600-P,132.72,0.0,0.02,50.0,0.0,0.0,0.0,0.0,0.0,-0.06371,0.0,-1.0
133.19,SYN.ETH-31JAN20,1577098742232,open,0.07,354.0,0.039,0.103,0.067371,68.05,0.069,0.0,ETH-31JAN20-140-C,132.72,66.22,0.065,39.0,0.071,736.0,70.86,0.17229,-0.1508,0.05495,0.0134,0.45477
132.93,SYN.ETH-3JAN20,1577098742232,open,0.25,0.0,0.225,0.276,0.250305,96.39,None,0.0,ETH-3JAN20-100-C,132.72,0.0,0.247,1.0,0.0,0.0,0.0,0.01831,-0.08115,0.02825,0.00361,0.9636
133.69,ETH-27MAR20,1577098742234,open,0.19,642.0,0.135,0.239,0.185913,77.96,0.239,0.0,ETH-27MAR20-140-P,132.72,75.54,0.181,300.0,0.19,320.0,79.98,0.27099,-0.11134,-0.22691,0.00748,-0.46705
132.86,ETH-27DEC19,1577098742234,open,3.24,0.0,3.092,3.344,3.214646,0.0,0.845,0.0,ETH-27DEC19-560-P,132.72,0.0,0.02,50.0,0.0,0.0,0.0,0.0,0.0,-0.05946,0.0,-1.0
132.86,ETH-27DEC19,1577098742236,open,4.15,1.0,3.969,4.276,4.117784,0.0,2.792,0.0,ETH-27DEC19-680-P,132.72,0.0,0.02,50.0,0.0,0.0,0.0,0.0,0.0,-0.0722,0.0,-1.0
132.86,ETH-27DEC19,1577098742236,open,3.85,0.0,3.677,3.965,3.816738,0.0,None,0.0,ETH-27DEC19-640-P,132.72,0.0,0.02,50.0,0.0,0.0,0.0,0.0,0.0,-0.06796,0.0,-1.0
135.56,ETH-26JUN20,1577098742236,open,0.1,543.0,0.058,0.138,0.095531,82.62,0.095,0.0,ETH-26JUN20-100-P,132.72,80.9,0.092,300.0,0.099,250.0,84.31,0.27781,-0.06174,-0.21005,0.00359,-0.20874
133.69,ETH-27MAR20,1577098742236,open,0.09,1328.0,0.055,0.137,0.094479,79.36,0.095,0.0,ETH-27MAR20-160-C,132.72,77.08,0.09,575.0,0.099,300.0,81.64,0.26409,-0.11044,0.10773,0.00716,0.40449
133.69,ETH-27MAR20,1577098742236,open,2.02,5.0,1.907,2.106,2.000637,109.23,2.004,0.0,ETH-27MAR20-400-P,132.72,0.0,0.046,50.0,0.0,0.0,0.0,0.06524,-0.03756,-1.02691,0.00129,-0.95445
132.86,ETH-27DEC19,1577098742236,open,1.73,257.0,1.631,1.793,1.709415,0.0,0.995,0.0,ETH-27DEC19-360-P,132.72,0.0,0.02,50.0,0.0,0.0,0.0,0.0,0.0,-0.03823,0.0,-1.0
133.69,ETH-27MAR20,1577098742238,open,0.11,1372.0,0.065,0.148,0.104461,78.39,0.1,0.0,ETH-27MAR20-120-P,132.72,75.94,0.1,352.0,0.108,563.0,80.34,0.24347,-0.10059,-0.1472,0.00669,-0.31913
132.86,ETH-27DEC19,1577098742238,open,4.76,1.0,4.553,4.896,4.719877,0.0,3.236,0.0,ETH-27DEC19-760-P,132.72,0.0,0.02,50.0,0.0,0.0,0.0,0.0,0.0,-0.0807,0.0,-1.0
133.69,ETH-27MAR20,1577098742240,open,3.52,0.0,3.358,3.637,3.491208,121.59,None,0.0,ETH-27MAR20-600-P,132.72,0.0,0.03,50.0,0.0,0.0,0.0,0.02923,-0.01873,-1.55469,0.00052,-0.98266
133.69,ETH-27MAR20,1577098742244,open,3.82,0.0,3.649,3.944,3.789693,122.11,None,0.0,ETH-27MAR20-640-P,132.72,0.0,0.01,50.0,0.0,0.0,0.0,0.02396,-0.01542,-1.65966,0.00042,-0.98624
135.56,ETH-26JUN20,1577098742246,open,2.29,0.0,2.161,2.4,2.272858,101.39,None,0.0,ETH-26JUN20-440-P,132.72,0.0,0.01,50.0,0.0,0.0,0.0,0.17329,-0.04726,-2.18837,0.00183,-0.89714
135.56,ETH-26JUN20,1577098742246,open,3.47,0.0,3.301,3.6,3.442007,108.32,None,0.0,ETH-26JUN20-600-P,132.72,0.0,0.01,50.0,0.0,0.0,0.0,0.1183,-0.03447,-3.02365,0.00117,-0.93795
132.86,ETH-27DEC19,1577098742248,open,1.27,1.0,1.192,1.327,1.257846,0.0,0.494,0.0,ETH-27DEC19-300-P,132.72,0.0,0.02,50.0,0.0,0.0,0.0,0.0,0.0,-0.03186,0.0,-1.0
132.86,ETH-27DEC19,1577098742281,open,0.03,1559.0,0.013,0.07,0.03694,60.75,0.039,0.0,ETH-27DEC19-130-C,132.72,55.65,0.035,300.0,0.039,300.0,66.1,0.05083,-0.39837,0.00862,0.04465,0.64764
7761.38,BTC-26JUN20,1577098742579,open,0.15,189.9,0.108,0.2025,0.15028507,72.82,0.1505,0.0,BTC-26JUN20-9000-C,7525.56,71.32,0.146,1.0,0.1535,10.0,73.95,22.08907,-4.32712,13.4271,0.0001,0.49
7527.31,BTC-27DEC19,1577098742581,open,0.01,457.0,0.0005,0.033,0.00929492,49.94,0.0105,0.0,BTC-27DEC19-7750-C,7525.56,49.11,0.009,0.1,0.01,6.6,51.91,2.67342,-17.2243,0.22781,0.00089,0.29432
7533.23,SYN.BTC-3JAN20,1577098742596,open,0.24,0.0,0.2215,0.256,0.23792214,80.64,None,0.0,BTC-3JAN20-5750-C,7525.56,0.0,0.2365,0.1,0.251,7.0,141.14,0.68799,-2.55071,1.66073,5e-05,0.97779
7533.23,SYN.BTC-3JAN20,1577098742600,open,0.02,157.5,0.0115,0.0525,0.02166943,48.9,0.0225,0.0,BTC-3JAN20-7750-C,7525.56,46.36,0.02,20.0,0.023,10.0,50.91,4.96841,-11.16923,0.81424,0.0006,0.38442
7556.83,SYN.BTC-31JAN20,1577098742602,open,0.02,510.3,0.0125,0.0505,0.02309175,60.14,0.022,0.0,BTC-31JAN20-6500-P,7525.56,58.34,0.0215,29.0,0.024,2.0,61.15,6.76377,-5.23134,-1.7418,0.00018,-0.19332
7533.23,SYN.BTC-3JAN20,1577098742602,open,0.03,29.3,0.0185,0.0655,0.0312143,48.58,0.031,0.0,BTC-3JAN20-7500-P,7525.56,46.81,0.03,15.0,0.032,10.0,49.73,5.1645,-11.53551,-1.10775,0.00063,-0.4623
7761.38,BTC-26JUN20,1577098742606,open,0.12,365.2,0.08,0.172,0.12005318,73.95,0.124,0.0,BTC-26JUN20-10000-C,7525.56,72.85,0.117,6.0,0.1235,13.9,75.19,21.58473,-4.29361,11.63178,0.0001,0.41434
7527.31,BTC-27DEC19,1577098742606,open,0.1,221.6,0.0855,0.1275,0.105671,73.47,0.1055,0.0,BTC-27DEC19-6750-C,7525.56,63.54,0.1045,10.0,0.1065,10.0,79.05,1.03868,-9.84452,0.65906,0.00023,0.93024
7761.38,BTC-26JUN20,1577098742608,open,0.24,131.8,0.2055,0.295,0.24648087,72.33,0.2385,0.0,BTC-26JUN20-7000-C,7525.56,69.22,0.2385,13.0,0.249,13.0,73.31,19.8949,-3.87073,16.99892,9e-05,0.67656
7604.02,BTC-27MAR20,1577098742608,open,0.05,607.6,0.026,0.085,0.05001317,69.07,0.054,0.0,BTC-27MAR20-10000-C,7525.56,67.88,0.048,1.0,0.052,20.0,70.23,12.90479,-4.69734,4.42057,0.00012,0.27367
7527.31,BTC-27DEC19,1577098742608,open,0.02,1396.7,0.006,0.0435,0.02156035,48.0,0.021,0.0,BTC-27DEC19-7500-C,7525.56,46.63,0.021,0.1,0.0225,0.1,50.29,3.07952,-19.06835,0.41367,0.00107,0.53912
7533.23,SYN.BTC-3JAN20,1577098742608,open,0.0,132.1,0.0005,0.0155,0.00418045,63.44,0.0035,0.0,BTC-3JAN20-6500-P,7525.56,60.69,0.0035,44.2,0.0045,0.1,64.65,1.9416,-5.66244,-0.18999,0.00018,-0.08046
7761.38,BTC-26JUN20,1577098742610,open,0.08,402.2,0.046,0.129,0.08027161,76.58,0.0765,0.0,BTC-26JUN20-12000-C,7525.56,75.25,0.077,5.0,0.084,11.0,78.07,19.25979,-3.96727,8.68786,8e-05,0.30008
7533.23,SYN.BTC-3JAN20,1577098742610,open,0.2,0.2,0.188,0.2255,0.20556704,76.54,0.162,0.0,BTC-3JAN20-6000-C,7525.56,0.0,0.2035,0.1,0.2195,7.0,129.43,1.04817,-3.68844,1.70049,8e-05,0.96315
7556.83,SYN.BTC-31JAN20,1577098742612,open,0.03,699.7,0.021,0.0685,0.03081775,56.4,0.0295,0.0,BTC-31JAN20-8500-C,7525.56,54.77,0.029,13.0,0.032,16.0,57.45,8.47192,-6.14546,2.10384,0.00025,0.29221
7527.31,BTC-27DEC19,1577098742614,open,4.33,0.0,4.21,4.422,4.31393393,0.0,2.58,0.0,BTC-27DEC19-40000-P,7525.56,0.0,0.001,1.0,0.0,0.0,0.0,0.0,0.0,-4.24734,0.0,-1.0
7556.83,SYN.BTC-31JAN20,1577098742614,open,0.04,208.0,0.028,0.079,0.04102331,57.48,0.0415,0.0,BTC-31JAN20-7000-P,7525.56,57.03,0.0405,2.0,0.042,10.8,58.33,8.67486,-6.41339,-2.80839,0.00025,-0.3079
7533.23,SYN.BTC-3JAN20,1577098742614,open,0.05,1.2,0.034,0.0865,0.05043714,48.89,0.043,0.0,BTC-3JAN20-7750-P,7525.56,46.7,0.049,15.0,0.053,15.0,52.76,4.96828,-11.16631,-1.49504,0.0006,-0.61562
7527.31,BTC-27DEC19,1577098742616,open,0.0,1379.7,0.0005,0.0175,0.00400639,62.38,0.0035,0.0,BTC-27DEC19-7000-P,7525.56,59.89,0.0035,27.0,0.0045,10.0,64.68,1.57525,-12.67639,-0.1012,0.00042,-0.12261
7527.31,BTC-27DEC19,1577098742618,open,4.86,0.0,4.731,4.9645,4.84532733,0.0,3.46,0.0,BTC-27DEC19-44000-P,7525.56,0.0,0.001,1.0,0.0,0.0,0.0,0.0,0.0,-4.67207,0.0,-1.0
7527.31,BTC-27DEC19,1577098742618,open,0.04,17.5,0.02,0.0685,0.03886962,49.91,0.0375,0.0,BTC-27DEC19-7750-P,7525.56,46.0,0.0375,15.1,0.0405,0.8,54.44,2.67296,-17.21203,-0.59519,0.00089,-0.70579
7604.02,BTC-27MAR20,1577098742622,open,0.17,302.8,0.127,0.2105,0.16477285,66.05,0.1535,0.0,BTC-27MAR20-8000-P,7525.56,64.69,0.162,1.0,0.1675,7.0,67.39,15.46382,-5.38285,-13.00049,0.00016,-0.49297
7556.83,SYN.BTC-31JAN20,1577098742622,open,0.07,171.2,0.0535,0.114,0.06837787,55.64,0.0685,0.0,BTC-31JAN20-7500-P,7525.56,54.19,0.0665,13.0,0.07,2.0,56.9,9.75299,-6.97988,-4.15091,0.00029,-0.44735
7533.23,SYN.BTC-3JAN20,1577098742622,open,0.27,0.0,0.2555,0.2875,0.2706598,85.71,None,0.0,BTC-3JAN20-5500-C,7525.56,0.0,0.2695,0.1,0.2825,7.0,152.23,0.46097,-1.81633,1.60592,3e-05,0.98611
7761.38,BTC-26JUN20,1577098742629,open,0.62,17.8,0.609,0.638,0.62126552,82.14,0.623,0.0,BTC-26JUN20-3000-C,7525.56,58.73,0.6145,8.3,0.6315,8.0,99.98,3.5334,-0.7807,13.87208,1e-05,0.97224
7527.31,BTC-27DEC19,1577098742631,open,0.13,3.0,0.1075,0.158,0.13090891,72.12,0.12,0.0,BTC-27DEC19-8500-P,7525.56,0.0,0.0005,1.0,0.283,0.1,490.53,0.863,-8.02966,-0.85994,0.0002,-0.94499
135.56,ETH-26JUN20,1577098743258,open,0.58,1.0,0.554,0.603,0.577709,90.37,0.69,0.0,ETH-26JUN20-60-C,132.72,54.21,0.559,53.0,0.587,53.0,100.96,0.10966,-0.02666,0.25262,0.0013,0.94367
7761.38,BTC-26JUN20,1577098421622,open,0.04,133.1,0.0185,0.083,0.04208228,81.78,0.04,0.0,BTC-26JUN20-16000-C,7525.56,80.34,0.0395,15.0,0.045,6.0,83.37,14.10093,-3.10203,5.11986,6e-05,0.17162
7761.38,BTC-26JUN20,1577098499709,open,0.08,402.2,0.046,0.129,0.08027259,76.58,0.0765,0.0,BTC-26JUN20-12000-C,7525.56,75.25,0.077,5.0,0.084,11.0,78.07,19.25979,-3.96727,8.68786,8e-05,0.30008
7761.38,BTC-26JUN20,1577094144183,open,0.31,23.9,0.279,0.358,0.31537706,72.33,0.3125,0.0,BTC-26JUN20-6000-C,7525.56,67.2,0.3045,7.0,0.3455,7.0,86.23,16.59405,-3.22851,18.18262,7e-05,0.77541
7761.38,BTC-26JUN20,1577098568681,open,0.05,556.8,0.028,0.101,0.0564793,79.11,0.057,0.0,BTC-26JUN20-14000-C,7525.56,77.69,0.0535,16.0,0.0595,9.0,80.51,16.51963,-3.51531,6.57476,7e-05,0.22282
7761.38,BTC-26JUN20,1577098150423,open,0.09,337.0,0.057,0.1305,0.08843546,72.33,0.0845,0.0,BTC-26JUN20-6000-P,7525.56,70.48,0.0845,0.2,0.09,1.0,73.06,16.59411,-3.22859,-12.37245,7e-05,-0.22459
7761.38,BTC-26JUN20,1577098653371,open,0.15,320.6,0.108,0.1995,0.14838399,72.33,0.15,0.0,BTC-26JUN20-7000-P,7525.56,70.81,0.1445,16.1,0.1505,8.0,73.15,19.89489,-3.8708,-18.6486,9e-05,-0.32344
7761.38,BTC-26JUN20,1577098150411,open,0.05,290.5,0.0245,0.0755,0.04479356,72.52,0.0445,0.0,BTC-26JUN20-5000-P,7525.56,70.69,0.042,29.0,0.0475,9.0,74.26,11.95408,-2.33194,-7.06027,5e-05,-0.13383
7761.38,BTC-26JUN20,1577098309317,open,0.22,160.1,0.1755,0.28,0.22250009,72.33,0.221,0.0,BTC-26JUN20-8000-P,7525.56,71.79,0.221,12.4,0.231,11.0,75.38,21.66104,-4.21444,-25.43313,0.0001,-0.42097
7761.38,BTC-26JUN20,1577098568731,open,0.03,268.2,0.013,0.0705,0.03295768,84.49,0.033,0.0,BTC-26JUN20-18000-C,7525.56,82.9,0.0305,16.0,0.0355,6.0,86.09,12.15025,-2.76156,4.11431,5e-05,0.13705
7604.02,BTC-27MAR20,1577098560256,open,0.05,607.6,0.026,0.085,0.05001287,69.07,0.054,0.0,BTC-27MAR20-10000-C,7525.56,67.88,0.048,1.0,0.052,20.0,70.23,12.90479,-4.69734,4.42057,0.00012,0.27367
7761.38,BTC-26JUN20,1577098477492,open,0.19,232.9,0.149,0.243,0.19175556,72.33,0.19,0.0,BTC-26JUN20-8000-C,7525.56,70.09,0.1855,7.0,0.191,18.3,72.06,21.66107,-4.21436,15.30681,0.0001,0.57903
7604.02,BTC-27MAR20,1577098044619,open,0.02,465.3,0.005,0.039,0.01569707,79.53,0.0155,0.0,BTC-27MAR20-14000-C,7525.56,78.13,0.0145,7.0,0.017,10.1,81.0,6.6219,-2.77558,1.59452,6e-05,0.09637
7604.02,BTC-27MAR20,1577098698658,open,0.04,597.0,0.024,0.074,0.04428599,67.58,0.0455,0.0,BTC-27MAR20-6000-P,7525.56,66.31,0.0425,19.0,0.0465,13.0,69.15,10.6863,-3.80603,-4.72815,0.00011,-0.19493
7761.38,BTC-26JUN20,1577098687955,open,0.15,189.9,0.108,0.2025,0.15028641,72.82,0.1505,0.0,BTC-26JUN20-9000-C,7525.56,71.32,0.146,1.0,0.1535,10.0,73.95,22.08907,-4.32712,13.4271,0.0001,0.49
7604.02,BTC-27MAR20,1577098694590,open,0.07,314.2,0.0455,0.1125,0.07435895,67.33,0.073,0.0,BTC-27MAR20-9000-C,7525.56,66.11,0.072,1.0,0.0775,29.0,68.95,14.69741,-5.21535,5.93707,0.00015,0.37474
7604.02,BTC-27MAR20,1577095520673,open,0.01,504.6,0.0005,0.023,0.00672402,95.34,0.0055,0.0,BTC-27MAR20-20000-C,7525.56,93.64,0.006,2.0,0.0075,10.0,97.03,3.36486,-1.69058,0.66473,2e-05,0.04036
7604.02,BTC-27MAR20,1577098700691,open,0.09,297.8,0.062,0.132,0.09276643,66.19,0.0875,0.0,BTC-27MAR20-7000-P,7525.56,65.24,0.091,1.0,0.0945,1.0,67.12,14.19605,-4.95201,-8.54271,0.00014,-0.33944
7604.02,BTC-27MAR20,1577098698625,open,0.17,302.8,0.127,0.2105,0.16477387,66.05,0.1535,0.0,BTC-27MAR20-8000-P,7525.56,64.69,0.162,1.0,0.1675,7.0,67.39,15.46382,-5.38285,-13.00049,0.00016,-0.49297
7556.83,SYN.BTC-31JAN20,1577098717225,open,0.08,203.3,0.061,0.1195,0.07590022,55.65,0.0745,0.0,BTC-31JAN20-7500-C,7525.56,54.95,0.075,1.5,0.077,2.2,56.5,9.75298,-6.98035,3.83722,0.00029,0.55265
7556.83,SYN.BTC-31JAN20,1577098091965,open,0.01,174.0,0.0005,0.02,0.00690613,65.88,0.0075,0.0,BTC-31JAN20-10500-C,7525.56,63.89,0.006,17.0,0.0075,20.0,67.11,3.57776,-3.03142,0.56783,9e-05,0.07746
7604.02,BTC-27MAR20,1577098091498,open,0.01,1535.5,0.001,0.0305,0.0107747,84.89,0.011,0.0,BTC-27MAR20-16000-C,7525.56,82.89,0.0095,38.0,0.012,10.1,86.7,5.0033,-2.23842,1.10144,4e-05,0.0665
7604.02,BTC-27MAR20,1577098091510,open,0.01,434.1,0.0005,0.0255,0.00808548,89.98,0.0065,0.0,BTC-27MAR20-18000-C,7525.56,87.81,0.007,38.0,0.009,10.0,91.67,3.97116,-1.8831,0.82003,3e-05,0.04957
7556.83,SYN.BTC-31JAN20,1577098091704,open,0.01,382.1,0.0005,0.015,0.00500994,79.64,0.005,0.0,BTC-31JAN20-5000-P,7525.56,77.87,0.0045,4.9,0.0055,30.0,81.25,2.24504,-2.29948,-0.38481,5e-05,-0.0428
7556.83,SYN.BTC-31JAN20,1577098717235,open,0.03,699.7,0.021,0.0685,0.03081629,56.4,0.0295,0.0,BTC-31JAN20-8500-C,7525.56,54.77,0.029,13.0,0.032,16.0,57.45,8.47192,-6.14546,2.10384,0.00025,0.29221
7604.02,BTC-27MAR20,1577098707410,open,0.11,770.7,0.08,0.1525,0.11269878,66.05,0.1185,0.0,BTC-27MAR20-8000-C,7525.56,64.72,0.11,2.0,0.116,28.0,67.68,15.46382,-5.38291,7.79418,0.00016,0.50703
135.56,ETH-26JUN20,1577098422844,open,0.14,2382.0,0.089,0.195,0.141145,84.66,0.136,0.0,ETH-26JUN20-180-C,132.72,83.54,0.138,211.0,0.146,577.0,86.38,0.38057,-0.08667,0.20188,0.0048,0.4336
7533.23,SYN.BTC-3JAN20,1577098092054,open,0.02,32.3,0.0085,0.0475,0.01874369,50.8,0.02,0.0,BTC-3JAN20-7250-P,7525.56,48.77,0.0175,20.6,0.0195,10.0,52.04,4.62134,-10.79398,-0.74984,0.00054,-0.31532
135.56,ETH-26JUN20,1577098701856,open,0.1,803.0,0.052,0.147,0.096441,87.28,0.093,0.0,ETH-26JUN20-220-C,132.72,85.92,0.093,180.0,0.101,466.0,89.05,0.34621,-0.08128,0.15473,0.00424,0.32059
7556.83,SYN.BTC-31JAN20,1577098710105,open,0.11,27.0,0.0885,0.156,0.10747417,55.69,0.1075,0.0,BTC-31JAN20-8000-P,7525.56,54.13,0.1055,11.6,0.1095,0.1,57.28,9.59777,-6.87393,-5.59863,0.00028,-0.58813
135.56,ETH-26JUN20,1577098723595,open,0.08,539.0,0.041,0.13,0.081514,88.64,0.078,0.0,ETH-26JUN20-240-C,132.72,87.16,0.078,180.0,0.086,470.0,90.5,0.3249,-0.07747,0.13611,0.00392,0.27869
7556.83,SYN.BTC-31JAN20,1577098693751,open,0.02,503.9,0.01,0.0505,0.01974219,57.92,0.0195,0.0,BTC-31JAN20-9000-C,7525.56,56.0,0.018,30.0,0.021,16.0,59.27,6.97112,-5.19283,1.47685,0.0002,0.20323
135.56,ETH-26JUN20,1577098733088,open,0.22,491.0,0.164,0.272,0.218652,82.28,0.205,0.0,ETH-26JUN20-140-C,132.72,80.59,0.214,210.0,0.224,673.0,84.21,0.37509,-0.08302,0.25933,0.00487,0.59433
135.56,ETH-26JUN20,1577097654561,open,0.03,667.0,0.008,0.061,0.027297,101.58,0.029,0.0,ETH-26JUN20-440-C,132.72,99.74,0.025,140.0,0.03,740.0,103.63,0.1741,-0.04757,0.05261,0.00183,0.10351
7556.83,SYN.BTC-31JAN20,1577098700627,open,0.0,34.7,0.0005,0.015,0.00425517,72.01,0.0055,0.0,BTC-31JAN20-11500-C,7525.56,69.53,0.0035,18.0,0.005,20.0,74.2,2.44253,-2.26205,0.34829,6e-05,0.04753
7556.83,SYN.BTC-31JAN20,1577098717251,open,0.07,171.2,0.0535,0.114,0.06838037,55.64,0.0685,0.0,BTC-31JAN20-7500-P,7525.56,54.19,0.0665,13.0,0.07,2.0,56.9,9.75299,-6.97988,-4.15091,0.00029,-0.44735
135.56,ETH-26JUN20,1577098362858,open,0.12,1420.0,0.067,0.168,0.1157,85.91,0.114,0.0,ETH-26JUN20-200-C,132.72,84.53,0.112,180.0,0.121,762.0,87.86,0.36574,-0.08452,0.17659,0.00455,0.37151
135.56,ETH-26JUN20,1577098733096,open,0.17,187.0,0.121,0.23,0.175943,83.94,0.176,0.0,ETH-26JUN20-160-C,132.72,81.49,0.169,211.0,0.18,781.0,85.35,0.38583,-0.08712,0.22996,0.00491,0.50908
135.56,ETH-26JUN20,1577098611724,open,0.05,312.0,0.018,0.089,0.047562,94.28,0.045,0.0,ETH-26JUN20-320-C,132.72,92.86,0.045,180.0,0.051,480.0,96.13,0.24806,-0.06291,0.08698,0.00281,0.17356
135.56,ETH-26JUN20,1577098351639,open,0.06,548.0,0.027,0.106,0.061099,91.62,0.058,0.0,ETH-26JUN20-280-C,132.72,90.12,0.058,180.0,0.065,296.0,93.46,0.28415,-0.07003,0.10759,0.00331,0.21696
135.56,ETH-26JUN20,1577098732129,open,0.04,777.0,0.013,0.077,0.038402,96.82,0.035,0.0,ETH-26JUN20-360-C,132.72,95.3,0.036,180.0,0.042,780.0,99.01,0.21816,-0.05682,0.07202,0.00241,0.14274
133.69,ETH-27MAR20,1577098715756,open,0.09,1328.0,0.055,0.137,0.094502,79.36,0.095,0.0,ETH-27MAR20-160-C,132.72,77.08,0.09,575.0,0.099,300.0,81.64,0.26409,-0.11044,0.10773,0.00716,0.40449
135.56,ETH-26JUN20,1577098733074,open,0.05,1006.0,0.024,0.079,0.048166,85.02,0.055,0.0,ETH-26JUN20-80-P,132.72,82.8,0.045,300.0,0.051,546.0,87.0,0.19406,-0.04438,-0.11642,0.00244,-0.12048
133.69,ETH-27MAR20,1577098734180,open,0.11,1372.0,0.065,0.148,0.104429,78.39,0.1,0.0,ETH-27MAR20-120-P,132.72,75.94,0.1,352.0,0.108,563.0,80.34,0.24347,-0.10059,-0.1472,0.00669,-0.31913
135.56,ETH-26JUN20,1577098267598,open,0.03,1120.0,0.01,0.068,0.032274,99.47,0.031,0.0,ETH-26JUN20-400-C,132.72,97.85,0.03,140.0,0.035,600.0,101.32,0.19476,-0.05211,0.06131,0.00209,0.1211
133.19,SYN.ETH-31JAN20,1577098699647,open,0.0,824.0,0.001,0.015,0.004528,94.87,0.006,0.0,ETH-31JAN20-240-C,132.72,88.78,0.003,1080.0,0.006,460.0,99.64,0.03768,-0.04597,0.00507,0.0021,0.04029
133.69,ETH-27MAR20,1577098548236,open,0.07,1959.0,0.033,0.105,0.065898,81.3,0.064,0.0,ETH-27MAR20-180-C,132.72,79.11,0.062,585.0,0.07,301.0,83.59,0.23871,-0.10227,0.08306,0.00632,0.3049
133.19,SYN.ETH-31JAN20,1577098734185,open,0.02,1369.0,0.004,0.032,0.01478,78.8,0.014,0.0,ETH-31JAN20-100-P,132.72,75.76,0.013,1120.0,0.016,160.0,80.79,0.0801,-0.08118,-0.01727,0.00538,-0.10696
7556.83,SYN.BTC-31JAN20,1577098698084,open,0.01,212.6,0.0035,0.037,0.01335522,60.36,0.013,0.0,BTC-31JAN20-9500-C,7525.56,59.19,0.0125,15.0,0.014,20.0,61.23,5.59129,-4.34086,1.0504,0.00015,0.14386
133.69,ETH-27MAR20,1577098692930,open,0.02,2402.0,0.005,0.045,0.019675,95.82,0.019,0.0,ETH-27MAR20-280-C,132.72,93.94,0.018,260.0,0.022,860.0,98.31,0.12154,-0.06137,0.02868,0.00273,0.10221
133.69,ETH-27MAR20,1577098706994,open,0.05,367.0,0.024,0.081,0.049327,80.4,0.099,0.0,ETH-27MAR20-100-P,132.72,77.88,0.046,620.0,0.052,789.0,82.37,0.17919,-0.07592,-0.07989,0.0048,-0.18054
132.86,ETH-27DEC19,1577098699599,open,0.0,4519.0,0.001,0.011,0.000395,119.97,0.001,0.0,ETH-27DEC19-100-P,132.72,0.0,0.0,0.0,0.002,800.0,153.88,0.00337,-0.05218,-0.00013,0.0015,-0.00914
132.86,ETH-27DEC19,1577098744321,open,0.0,5325.0,0.001,0.014,0.002321,77.12,0.003,0.0,ETH-27DEC19-150-C,132.72,74.63,0.002,200.0,0.003,300.0,81.76,0.01807,-0.17983,0.00093,0.0125,0.06848
7527.29,BTC-27DEC19,1577098744331,open,0.0,501.9,0.0005,0.0105,0.00012697,115.0,0.0005,0.0,BTC-27DEC19-5500-P,7525.54,0.0,0.0,0.0,0.0005,10.0,135.2,0.07927,-0.95572,-0.00281,1e-05,-0.00339
7527.29,BTC-27DEC19,1577098744331,open,0.14,296.4,0.119,0.159,0.13800976,84.51,0.136,0.0,BTC-27DEC19-6500-C,7525.54,78.35,0.1375,10.0,0.139,10.0,93.81,0.69481,-7.57565,0.65543,0.00014,0.95804
7761.39,BTC-26JUN20,1577098744331,open,0.41,124.6,0.354,0.4745,0.4084852,73.95,0.543,0.0,BTC-26JUN20-10000-P,7525.54,64.49,0.3825,6.0,0.485,10.0,101.01,21.58482,-4.29368,-39.29299,0.0001,-0.58565
7761.39,BTC-26JUN20,1577098744331,open,0.01,19.9,0.004,0.043,0.01523171,96.54,0.0165,0.0,BTC-26JUN20-28000-C,7525.54,94.55,0.0135,19.0,0.017,24.0,98.45,6.98296,-1.81347,1.94838,2e-05,0.06453
7604.02,BTC-27MAR20,1577098744331,open,0.07,314.2,0.0455,0.1125,0.07435917,67.33,0.073,0.0,BTC-27MAR20-9000-C,7525.54,66.11,0.072,1.0,0.0775,29.0,68.95,14.69741,-5.21535,5.93707,0.00015,0.37474
7604.02,BTC-27MAR20,1577098744331,open,0.02,1469.6,0.01,0.054,0.02591603,74.11,0.025,0.0,BTC-27MAR20-12000-C,7525.54,72.93,0.0245,7.0,0.0275,0.2,75.41,9.20764,-3.59641,2.53619,8e-05,0.15423
7604.02,BTC-27MAR20,1577098744331,open,0.01,1535.5,0.001,0.0305,0.01077469,84.89,0.011,0.0,BTC-27MAR20-16000-C,7525.54,82.89,0.0095,38.0,0.012,10.1,86.7,5.00328,-2.23841,1.10144,4e-05,0.0665
7527.29,BTC-27DEC19,1577098744331,open,2.2,0.0,2.126,2.253,2.18839001,0.0,None,0.0,BTC-27DEC19-24000-P,7525.54,0.0,0.0005,1.0,0.0,0.0,0.0,0.0,0.0,-2.5484,0.0,-1.0
7604.02,BTC-27MAR20,1577098744331,open,0.0,139.3,0.0005,0.0115,0.00199285,114.81,0.0015,0.0,BTC-27MAR20-34000-C,7525.54,111.32,0.0015,10.0,0.0025,10.0,117.8,1.18694,-0.71817,0.1924,1e-05,0.01173
7604.02,BTC-27MAR20,1577098744332,open,0.26,92.2,0.2165,0.3075,0.25794364,67.33,0.2505,0.0,BTC-27MAR20-9000-P,7525.54,63.72,0.251,13.0,0.275,13.0,76.05,14.69741,-5.21535,-17.45694,0.00015,-0.62526
7527.29,BTC-27DEC19,1577098744332,open,0.0,756.8,0.0005,0.0105,0.0,115.0,0.0005,0.0,BTC-27DEC19-24000-C,7525.54,0.0,0.0,0.0,0.0005,31.0,398.05,0.0,0.0,0.0,0.0,0.0
7527.29,BTC-27DEC19,1577098744331,open,0.27,0.0,0.2375,0.2915,0.26255374,100.05,None,0.0,BTC-27DEC19-9500-P,7525.54,0.0,0.0,0.0,0.0,0.0,0.0,0.27153,-3.50488,-0.99818,5e-05,-0.98631
7527.29,BTC-27DEC19,1577098744331,open,0.33,493.1,0.3025,0.358,0.3287364,109.01,0.397,0.0,BTC-27DEC19-10000-P,7525.54,0.0,0.21,0.1,1.22,1.5,500.0,0.14558,-2.04736,-1.05666,2e-05,-0.99329
7604.02,BTC-27MAR20,1577098744331,open,1.12,1.2,1.0665,1.1735,1.11492486,84.89,1.4,0.0,BTC-27MAR20-16000-P,7525.54,0.0,0.0015,10.0,1.4,0.1,254.01,5.00328,-2.23841,-40.48791,4e-05,-0.9335
7527.29,BTC-27DEC19,1577098744332,open,0.2,799.0,0.1725,0.224,0.19637141,84.87,0.257,0.0,BTC-27DEC19-9000-P,7525.54,0.0,0.168,0.2,0.249,0.5,285.64,0.41918,-4.58952,-0.93802,8e-05,-0.97722
7761.39,BTC-26JUN20,1577098744332,open,0.02,11.5,0.006,0.0485,0.0187469,91.46,0.018,0.0,BTC-26JUN20-24000-C,7525.54,90.26,0.0175,27.0,0.02,2.0,92.61,8.25344,-2.03046,2.43084,3e-05,0.08025
7604.02,BTC-27MAR20,1577098744332,open,4.28,1.0,4.1575,4.373,4.26126228,115.0,4.54,0.0,BTC-27MAR20-40000-P,7525.54,0.0,0.0015,10.0,5.0,0.1,500.0,0.61681,-0.37382,-103.88085,0.0,-0.99443
7604.02,BTC-27MAR20,1577098744331,open,0.09,297.8,0.062,0.132,0.09276642,66.19,0.0875,0.0,BTC-27MAR20-7000-P,7525.54,65.24,0.091,1.0,0.0945,1.0,67.12,14.19605,-4.95203,-8.54272,0.00014,-0.33944
7527.27,BTC-27DEC19,1577098744332,open,1.93,4.9,1.8655,1.982,1.92269084,0.0,2.217,0.0,BTC-27DEC19-22000-P,7525.54,0.0,0.0005,1.0,0.0,0.0,0.0,0.0,0.0,-2.33604,0.0,-1.0
7527.27,BTC-27DEC19,1577098744332,open,0.0,1541.5,0.0005,0.0105,0.0,115.0,0.0005,0.0,BTC-27DEC19-52000-C,7525.54,0.0,0.0,0.0,0.0005,46.9,500.0,0.0,0.0,0.0,0.0,0.0
7527.27,BTC-27DEC19,1577098744332,open,0.0,767.5,0.0005,0.0105,6e-08,115.0,0.0005,0.0,BTC-27DEC19-13000-C,7525.54,0.0,0.0,0.0,0.0005,30.9,208.87,0.0001,-0.00047,0.0,0.0,0.0
7604.02,BTC-27MAR20,1577098744332,open,3.49,0.0,3.384,3.572,3.47331197,114.81,None,0.0,BTC-27MAR20-34000-P,7525.54,0.0,0.0015,10.0,3.9,0.1,396.91,1.18694,-0.71817,-88.18496,1e-05,-0.98827
7761.39,BTC-26JUN20,1577098744331,open,0.02,490.1,0.009,0.04,0.02009767,75.73,0.025,0.0,BTC-26JUN20-4000-P,7525.54,73.98,0.0185,21.0,0.022,21.0,77.74,7.20752,-1.46816,-3.45108,3e-05,-0.06722
7604.02,BTC-27MAR20,1577098744332,open,0.0,251.8,0.0005,0.02,0.00535083,99.02,0.004,0.0,BTC-27MAR20-22000-C,7525.54,94.98,0.004,39.0,0.0065,27.0,101.97,2.78398,-1.45282,0.52712,2e-05,0.03202
7527.27,BTC-27DEC19,1577098744332,open,0.47,246.2,0.433,0.4915,0.46137179,111.99,0.537,0.0,BTC-27DEC19-11000-P,7525.54,0.0,0.4095,0.3,2.0,1.0,500.0,0.01682,-0.24295,-1.16754,0.0,-0.99938
7761.37,BTC-26JUN20,1577098744332,open,0.01,42.0,0.002,0.0365,0.01185143,99.56,0.0125,0.0,BTC-26JUN20-32000-C,7525.54,97.67,0.0105,24.0,0.013,1.6,101.06,5.77139,-1.54567,1.53349,2e-05,0.05065
7527.27,BTC-27DEC19,1577098744332,open,0.01,167.8,0.0005,0.029,0.00760905,52.32,0.007,0.0,BTC-27DEC19-7250-P,7525.54,48.76,0.0065,30.1,0.0085,1.6,55.1,2.3826,-16.08309,-0.19377,0.00076,-0.23483
7604.02,BTC-27MAR20,1577098744332,open,0.04,597.0,0.024,0.074,0.04428611,67.58,0.0455,0.0,BTC-27MAR20-6000-P,7525.54,66.31,0.0425,19.0,0.0465,13.0,69.15,10.68633,-3.80606,-4.72817,0.00011,-0.19493
7604.02,BTC-27MAR20,1577098744332,open,0.37,143.3,0.3225,0.4165,0.36510672,69.07,0.412,0.0,BTC-27MAR20-10000-P,7525.54,55.41,0.3435,12.0,0.387,12.0,81.42,12.90477,-4.69732,-21.57278,0.00012,-0.72634
7527.27,BTC-27DEC19,1577098744332,open,0.0,832.1,0.0005,0.0105,0.0,115.0,0.0005,0.0,BTC-27DEC19-3000-P,7525.54,0.0,0.0,0.0,0.0005,61.0,360.64,0.0,0.0,0.0,0.0,0.0
7604.02,BTC-27MAR20,1577098744332,open,1.38,0.0,1.3235,1.4375,1.37525437,89.98,1.23,0.0,BTC-27MAR20-18000-P,7525.54,0.0,0.0015,10.0,1.6,0.1,236.22,3.97111,-1.88307,-45.96799,3e-05,-0.95043
7604.02,BTC-27MAR20,1577098744332,open,1.64,5.2,1.5805,1.704,1.63691175,95.34,2.035,0.0,BTC-27MAR20-20000-P,7525.54,0.0,0.0015,10.0,2.0,0.1,315.31,3.36486,-1.69058,-51.32195,2e-05,-0.95964
7527.27,BTC-27DEC19,1577098744332,open,0.17,30.0,0.153,0.191,0.17069267,95.33,0.1735,0.0,BTC-27DEC19-6250-C,7525.54,0.0,0.164,5.1,0.1845,8.0,183.68,0.46948,-5.77408,0.64201,8e-05,0.97393
7604.02,BTC-27MAR20,1577098744332,open,0.0,157.7,0.0005,0.0135,0.00272236,110.91,0.003,0.0,BTC-27MAR20-30000-C,7525.54,106.98,0.002,25.0,0.0035,10.0,114.39,1.55142,-0.90681,0.26235,1e-05,0.016
7604.02,BTC-27MAR20,1577098744332,open,2.17,0.0,2.0955,2.236,2.1605406,102.16,None,0.0,BTC-27MAR20-24000-P,7525.54,0.0,0.0015,10.0,2.5,0.1,321.09,2.32663,-1.25259,-61.9593,2e-05,-0.9742
7761.37,BTC-26JUN20,1577098744332,open,0.63,8.2,0.569,0.697,0.62638951,76.58,0.8905,0.0,BTC-26JUN20-12000-P,7525.54,0.0,0.1,10.0,1.35,0.5,394.8,19.25971,-3.96724,-52.42201,8e-05,-0.69992
7527.27,BTC-27DEC19,1577098744332,open,0.0,714.5,0.0005,0.0135,0.00239813,73.41,0.0025,0.0,BTC-27DEC19-6750-P,7525.54,70.39,0.002,27.2,0.003,50.2,77.54,1.03709,-9.82177,-0.05756,0.00023,-0.06962
7527.27,BTC-27DEC19,1577098744332,open,0.0,1025.2,0.0005,0.0105,0.0,115.0,0.0005,0.0,BTC-27DEC19-14000-C,7525.54,0.0,0.0,0.0,0.0005,11.0,232.97,0.0,-2e-05,0.0,0.0,0.0
7527.27,BTC-27DEC19,1577098744332,open,0.0,368.8,0.0005,0.0105,0.00048269,100.15,0.0005,0.0,BTC-27DEC19-9500-C,7525.54,0.0,0.0,0.0,0.001,36.1,111.14,0.27281,-3.52472,0.01062,5e-05,0.01377
7527.27,BTC-27DEC19,1577098744332,open,1.66,3.6,1.605,1.711,1.65699167,0.0,1.729,0.0,BTC-27DEC19-20000-P,7525.54,0.0,0.0005,1.0,0.0,0.0,0.0,0.0,0.0,-2.12367,0.0,-1.0
7527.27,BTC-27DEC19,1577098744332,open,0.0,449.3,0.0005,0.0105,0.0,115.0,0.0005,0.0,BTC-27DEC19-44000-C,7525.54,0.0,0.0,0.0,0.0005,11.0,500.0,0.0,0.0,0.0,0.0,0.0
7761.37,BTC-26JUN20,1577098744332,open,0.22,160.1,0.1755,0.28,0.22250009,72.33,0.221,0.0,BTC-26JUN20-8000-P,7525.54,71.79,0.221,12.4,0.231,11.0,75.38,21.66104,-4.21437,-25.43312,0.0001,-0.42097
7527.27,BTC-27DEC19,1577098744332,open,0.0,680.5,0.0005,0.0105,0.0,115.0,0.0005,0.0,BTC-27DEC19-26000-C,7525.54,0.0,0.0,0.0,0.0005,35.0,421.36,0.0,0.0,0.0,0.0,0.0
7527.27,BTC-27DEC19,1577098744332,open,2.73,0.2,2.647,2.7955,2.71978834,0.0,2.2765,0.0,BTC-27DEC19-28000-P,7525.54,0.0,0.0005,1.0,0.0,0.0,0.0,0.0,0.0,-2.97314,0.0,-1.0
7527.27,BTC-27DEC19,1577098744332,open,0.47,36.8,0.458,0.479,0.46860167,164.52,0.456,0.0,BTC-27DEC19-4000-C,7525.54,0.0,0.4615,11.0,0.4755,11.0,387.12,0.00215,-0.04554,0.42468,0.0,0.99993
7527.27,BTC-27DEC19,1577098744332,open,0.0,491.2,0.0005,0.0105,0.0,115.0,0.0005,0.0,BTC-27DEC19-3500-P,7525.54,0.0,0.0,0.0,0.0005,10.1,303.81,0.0,0.0,0.0,0.0,0.0
7761.37,BTC-26JUN20,1577098744332,open,1.36,2.9,1.289,1.431,1.35213291,84.49,1.35,0.0,BTC-26JUN20-18000-P,7525.54,0.0,1.3,0.1,1.65,0.1,201.66,12.14981,-2.76141,-87.55061,5e-05,-0.86296
7761.37,BTC-26JUN20,1577098744332,open,0.03,268.2,0.013,0.0705,0.03295771,84.49,0.033,0.0,BTC-26JUN20-18000-C,7525.54,82.9,0.0305,16.0,0.0355,6.0,86.09,12.15032,-2.76159,4.11433,5e-05,0.13705
7604.02,BTC-27MAR20,1577098744332,open,0.11,770.7,0.08,0.1525,0.11269894,66.05,0.1185,0.0,BTC-27MAR20-8000-C,7525.54,64.72,0.11,2.0,0.116,28.0,67.68,15.46382,-5.3829,7.79418,0.00016,0.50703
7527.27,BTC-27DEC19,1577098744332,open,0.07,878.6,0.0445,0.0935,0.06758768,57.35,0.07,0.0,BTC-27DEC19-8000-P,7525.54,0.0,0.0575,8.0,0.0895,7.0,123.23,1.87479,-13.87136,-0.7267,0.00054,-0.84161
7761.37,BTC-26JUN20,1577098744332,open,0.03,898.1,0.0095,0.06,0.02599739,86.51,0.027,0.0,BTC-26JUN20-20000-C,7525.54,85.76,0.025,18.0,0.027,0.9,87.25,10.43996,-2.42956,3.33493,4e-05,0.11037
7604.02,BTC-27MAR20,1577098744332,open,0.0,76.6,0.0005,0.012,0.00223976,112.5,0.003,0.0,BTC-27MAR20-32000-C,7525.54,107.6,0.0015,25.0,0.003,27.0,116.44,1.31936,-0.7822,0.21763,1e-05,0.01325
7527.27,BTC-27DEC19,1577098744332,open,0.0,1467.5,0.0005,0.019,0.00479101,57.37,0.005,0.0,BTC-27DEC19-8000-C,7525.54,56.19,0.0045,14.8,0.0055,50.9,60.15,1.87558,-13.88268,0.12285,0.00054,0.15849
7761.37,BTC-26JUN20,1577098744332,open,2.63,0.0,2.542,2.7205,2.62283757,96.54,None,0.0,BTC-26JUN20-28000-P,7525.54,0.0,0.002,1.0,0.0,0.0,0.0,6.98169,-1.81304,-140.6416,2e-05,-0.93549
7527.27,BTC-27DEC19,1577098744332,open,0.67,0.0,0.658,0.6775,0.66787604,274.07,None,0.0,BTC-27DEC19-2500-C,7525.54,0.0,0.6605,14.0,0.675,14.0,500.0,0.00087,-0.03074,0.26544,0.0,0.99997
7761.37,BTC-26JUN20,1577098744332,open,2.12,0.0,2.0385,2.2,2.1109805,91.45,None,0.0,BTC-26JUN20-24000-P,7525.54,0.0,0.002,1.0,0.0,0.0,0.0,8.25243,-2.03013,-119.78915,3e-05,-0.91976
7527.27,BTC-27DEC19,1577098744332,open,0.0,106.3,0.0005,0.0105,0.0,115.0,0.0005,0.0,BTC-27DEC19-2000-P,7525.54,0.0,0.0,0.0,0.0005,20.1,500.0,0.0,0.0,0.0,0.0,0.0
7527.27,BTC-27DEC19,1577098744332,open,0.73,0.0,0.7245,0.744,0.73430083,324.31,None,0.0,BTC-27DEC19-2000-C,7525.54,0.0,0.727,16.0,0.7415,16.0,500.0,0.0006,-0.02527,0.21235,0.0,0.99998
7604.02,BTC-27MAR20,1577098744332,open,0.0,159.1,0.0005,0.0175,0.00431534,102.16,0.004,0.0,BTC-27MAR20-24000-C,7525.54,99.3,0.0035,10.0,0.0055,34.0,105.72,2.32663,-1.25259,0.42472,2e-05,0.0258
7527.27,BTC-27DEC19,1577098744332,open,3.26,0.3,3.168,3.3375,3.25118668,0.0,2.744,0.0,BTC-27DEC19-32000-P,7525.54,0.0,0.0005,1.0,0.0,0.0,0.0,0.0,0.0,-3.39787,0.0,-1.0
7527.27,BTC-27DEC19,1577098744332,open,0.0,1768.0,0.0005,0.0105,0.00024056,109.19,0.0005,0.0,BTC-27DEC19-10000-C,7525.54,0.0,0.0,0.0,0.0005,10.4,119.24,0.14713,-1.8108,0.00523,2e-05,0.00679
7527.27,BTC-27DEC19,1577098744333,open,0.0,775.8,0.0005,0.0105,1.4e-07,115.0,0.0005,0.0,BTC-27DEC19-4500-P,7525.54,0.0,0.0,0.0,0.0005,49.2,210.8,0.00019,-0.00103,0.0,0.0,-1e-05
7604.02,BTC-27MAR20,1577098744333,open,0.02,259.4,0.0075,0.038,0.01853678,71.96,0.0175,0.0,BTC-27MAR20-5000-P,7525.54,70.71,0.0175,0.7,0.0195,0.1,73.09,6.41882,-2.43409,-2.1924,6e-05,-0.09238
7604.02,BTC-27MAR20,1577098744332,open,0.0,705.8,0.0005,0.0105,0.00088685,115.0,0.002,0.0,BTC-27MAR20-40000-C,7525.54,116.33,0.001,35.2,0.002,30.8,124.88,0.61681,-0.37382,0.09251,0.0,0.00557
7761.37,BTC-26JUN20,1577098744333,open,0.15,320.6,0.108,0.1995,0.14838399,72.33,0.15,0.0,BTC-26JUN20-7000-P,7525.54,70.81,0.1445,16.1,0.1505,8.0,73.15,19.89489,-3.87075,-18.64855,9e-05,-0.32344
7527.27,BTC-27DEC19,1577098744333,open,0.0,436.3,0.0005,0.014,0.00263088,64.27,0.0025,0.0,BTC-27DEC19-8250-C,7525.54,63.47,0.0025,0.1,0.003,12.5,66.44,1.24209,-10.29924,0.06849,0.00032,0.08832
7527.27,BTC-27DEC19,1577098744333,open,0.0,90.6,0.0005,0.011,0.00121117,80.28,0.0015,0.0,BTC-27DEC19-8750-C,7525.54,77.64,0.001,2.2,0.0015,13.0,83.48,0.63676,-6.59483,0.02915,0.00013,0.03769
7761.37,BTC-26JUN20,1577098744333,open,0.5,0.5,0.485,0.53,0.5047254,75.73,0.589,0.0,BTC-26JUN20-4000-C,7525.54,51.97,0.4885,7.0,0.5215,7.0,91.67,7.20761,-1.46819,16.91879,3e-05,0.93278
7527.27,BTC-27DEC19,1577098744333,open,0.04,396.7,0.025,0.0705,0.04444956,52.34,0.042,0.0,BTC-27DEC19-7250-C,7525.54,49.3,0.0435,10.1,0.0455,0.1,55.61,2.38296,-16.09046,0.576,0.00076,0.76511
7527.27,BTC-27DEC19,1577098744333,open,0.0,622.6,0.0005,0.0115,0.00169751,72.21,0.0025,0.0,BTC-27DEC19-8500-C,7525.54,70.44,0.0015,15.0,0.002,10.1,74.73,0.86577,-8.06555,0.04279,0.0002,0.05524
7527.27,BTC-27DEC19,1577098744333,open,0.8,12.1,0.791,0.8105,0.80072562,387.71,0.8415,0.0,BTC-27DEC19-1500-C,7525.54,0.0,0.793,18.0,0.8085,18.0,500.0,0.00039,-0.01954,0.15927,0.0,0.99999
7604.02,BTC-27MAR20,1577098744333,open,0.36,2.1,0.3395,0.387,0.36098985,71.96,0.3115,0.0,BTC-27MAR20-5000-C,7525.54,50.59,0.347,7.0,0.381,7.0,92.52,6.41882,-2.43409,10.80427,6e-05,0.90762
7527.27,BTC-27DEC19,1577098744333,open,0.0,562.6,0.0005,0.0105,0.0,115.0,0.0005,0.0,BTC-27DEC19-40000-C,7525.54,0.0,0.0,0.0,0.0005,16.9,500.0,0.0,0.0,0.0,0.0,0.0
7761.37,BTC-26JUN20,1577098744333,open,3.15,0.0,3.0455,3.2405,3.13482957,99.55,None,0.0,BTC-26JUN20-32000-P,7525.54,0.0,0.002,1.0,0.0,0.0,0.0,5.76979,-1.54513,-161.42651,2e-05,-0.94937
7527.27,BTC-27DEC19,1577098744333,open,1.4,9.4,1.3445,1.44,1.39129251,0.0,1.559,0.0,BTC-27DEC19-18000-P,7525.54,0.0,0.0,0.0,0.0,0.0,0.0,0.0,0.0,-1.9113,0.0,-1.0
7527.27,BTC-27DEC19,1577098744333,open,0.53,4.3,0.5255,0.545,0.53502646,196.24,0.5625,0.0,BTC-27DEC19-3500-C,7525.54,0.0,0.528,12.0,0.5415,12.0,451.45,0.00161,-0.04088,0.3716,0.0,0.99995
7527.27,BTC-27DEC19,1577098744333,open,0.0,1038.8,0.0005,0.0105,0.0,115.0,0.0015,0.0,BTC-27DEC19-20000-C,7525.54,0.0,0.0,0.0,0.0005,24.9,343.91,0.0,0.0,0.0,0.0,0.0
7527.27,BTC-27DEC19,1577098744333,open,0.6,11.0,0.5915,0.611,0.60145125,232.24,0.5835,0.0,BTC-27DEC19-3000-C,7525.54,0.0,0.5945,13.0,0.6085,13.0,500.0,0.0012,-0.03595,0.31852,0.0,0.99996
7527.27,BTC-27DEC19,1577098744333,open,5.93,0.8,5.773,6.049,5.90817835,0.0,6.1425,0.0,BTC-27DEC19-52000-P,7525.54,0.0,0.001,1.0,0.0,0.0,0.0,0.0,0.0,-5.52154,0.0,-1.0
7527.27,BTC-27DEC19,1577098744333,open,1.13,18.0,1.084,1.1685,1.12559334,0.0,1.261,0.0,BTC-27DEC19-16000-P,7525.54,0.0,0.0,0.0,0.0,0.0,0.0,0.0,0.0,-1.69893,0.0,-1.0
7527.27,BTC-27DEC19,1577098744333,open,0.23,0.4,0.221,0.2545,0.23652478,115.15,0.2195,0.0,BTC-27DEC19-5750-C,7525.54,0.0,0.225,8.0,0.248,8.0,223.07,0.20534,-3.05031,0.60229,3e-05,0.99008
7527.27,BTC-27DEC19,1577098744333,open,0.17,0.0,0.14,0.1915,0.16364503,80.21,0.211,0.0,BTC-27DEC19-8750-P,7525.54,0.0,0.0,0.0,0.0,0.0,0.0,0.63484,-6.56896,-0.90006,0.00013,-0.96245
7761.37,BTC-26JUN20,1577098744333,open,0.86,13.4,0.8015,0.9335,0.86028225,79.11,1.1,0.0,BTC-26JUN20-14000-P,7525.54,0.0,0.5,3.0,1.25,0.1,223.46,16.51944,-3.51524,-64.72012,7e-05,-0.77718
7761.37,BTC-26JUN20,1577098744333,open,2.38,0.0,2.29,2.4595,2.36641679,93.79,None,0.0,BTC-26JUN20-26000-P,7525.54,0.0,0.002,1.0,0.0,0.0,0.0,7.48235,-1.88773,-130.26761,3e-05,-0.92944
7527.27,BTC-27DEC19,1577098744333,open,0.0,273.6,0.0005,0.0105,0.00040989,115.0,0.0005,0.0,BTC-27DEC19-5750-P,7525.54,118.1,0.0005,11.6,0.001,47.3,130.74,0.20397,-3.02605,-0.0082,3e-05,-0.00985
7527.27,BTC-27DEC19,1577098744333,open,0.0,657.0,0.0005,0.0105,0.0,115.0,0.0005,0.0,BTC-27DEC19-28000-C,7525.54,0.0,0.0,0.0,0.0005,11.0,442.72,0.0,0.0,0.0,0.0,0.0
7527.27,BTC-27DEC19,1577098744333,open,0.0,1273.8,0.0005,0.0105,0.00072516,84.93,0.001,0.0,BTC-27DEC19-9000-C,7525.54,80.4,0.0005,54.0,0.001,2.1,89.36,0.42035,-4.60548,0.01768,8e-05,0.02285
7604.0,BTC-27MAR20,1577098744333,open,0.0,115.2,0.0005,0.0155,0.00359155,105.14,0.004,0.0,BTC-27MAR20-26000-C,7525.54,100.44,0.0025,39.0,0.0045,35.0,108.35,1.98816,-1.1016,0.35209,1e-05,0.0214
7527.27,BTC-27DEC19,1577098744333,open,2.46,0.0,2.3865,2.5245,2.45408918,0.0,None,0.0,BTC-27DEC19-26000-P,7525.54,0.0,0.0005,1.0,0.0,0.0,0.0,0.0,0.0,-2.76077,0.0,-1.0
7604.0,BTC-27MAR20,1577098744333,open,0.0,156.2,0.0005,0.0115,0.00152496,115.0,0.002,0.0,BTC-27MAR20-36000-C,7525.54,110.16,0.001,42.3,0.0025,27.0,121.41,0.95774,-0.58044,0.15108,1e-05,0.00917
7527.27,BTC-27DEC19,1577098744333,open,0.0,349.0,0.0005,0.0105,0.0,115.0,0.0005,0.0,BTC-27DEC19-48000-C,7525.54,0.0,0.0,0.0,0.0005,11.0,500.0,0.0,0.0,0.0,0.0,0.0
7604.0,BTC-27MAR20,1577098744333,open,0.48,7.4,0.4665,0.5005,0.4815777,81.03,0.4255,0.0,BTC-27MAR20-4000-C,7525.54,52.68,0.4745,8.0,0.4945,8.0,103.94,3.27746,-1.3995,9.47456,3e-05,0.96093
7527.27,BTC-27DEC19,1577098744333,open,0.0,833.8,0.0005,0.0105,0.0,115.0,0.0005,0.0,BTC-27DEC19-4000-P,7525.54,0.0,0.0,0.0,0.0005,23.2,254.51,0.0,-1e-05,0.0,0.0,0.0
7604.0,BTC-27MAR20,1577098744333,open,1.91,5.6,1.838,1.9695,1.89855732,99.0,1.545,0.0,BTC-27MAR20-22000-P,7525.54,0.0,0.0015,10.0,2.2,0.1,294.0,2.78142,-1.45117,-56.65878,2e-05,-0.96802
7527.27,BTC-27DEC19,1577098744334,open,0.4,1.0,0.368,0.425,0.39502392,114.19,0.422,0.0,BTC-27DEC19-10500-P,7525.54,0.0,0.0,0.0,0.0,0.0,0.0,0.06677,-0.98366,-1.11276,1e-05,-0.9972
7527.27,BTC-27DEC19,1577098744334,open,0.0,1169.0,0.0005,0.0105,2.637e-05,115.0,0.0005,0.0,BTC-27DEC19-11000-C,7525.54,0.0,0.0,0.0,0.0005,11.0,152.72,0.02222,-0.19851,0.00065,0.0,0.00084
7761.37,BTC-26JUN20,1577098744334,open,0.04,133.1,0.0185,0.083,0.04208237,81.78,0.04,0.0,BTC-26JUN20-16000-C,7525.54,80.34,0.0395,15.0,0.045,6.0,83.37,14.101,-3.10207,5.11989,6e-05,0.17162
7527.27,BTC-27DEC19,1577098744334,open,0.0,255.7,0.0005,0.0105,0.0,115.0,0.001,0.0,BTC-27DEC19-1500-P,7525.54,0.0,0.0,0.0,0.0005,47.9,500.0,0.0,0.0,0.0,0.0,0.0
7761.37,BTC-26JUN20,1577098744334,open,1.87,0.0,1.7875,1.9415,1.85653957,89.2,None,0.0,BTC-26JUN20-22000-P,7525.54,0.0,0.11,1.0,2.3,0.1,266.02,9.26494,-2.22314,-109.20124,3e-05,-0.90632
7527.27,BTC-27DEC19,1577098744334,open,0.0,1732.1,0.0005,0.0105,0.0007482,107.72,0.001,0.0,BTC-27DEC19-6000-P,7525.54,101.53,0.0005,54.8,0.001,25.2,112.75,0.34218,-4.75503,-0.01493,5e-05,-0.01793
7527.27,BTC-27DEC19,1577098744334,open,0.4,11.6,0.39,0.414,0.40217701,136.4,0.3855,0.0,BTC-27DEC19-4500-C,7525.54,0.0,0.394,10.0,0.41,10.0,334.17,0.00294,-0.05176,0.47775,0.0,0.9999
7527.27,BTC-27DEC19,1577098744334,open,0.0,590.4,0.0005,0.0105,0.0,115.0,0.001,0.0,BTC-27DEC19-2500-P,7525.54,0.0,0.0,0.0,0.0005,160.0,427.96,0.0,0.0,0.0,0.0,0.0
7604.0,BTC-27MAR20,1577098744334,open,0.61,54.9,0.5605,0.6575,0.60402866,74.11,0.77,0.0,BTC-27MAR20-12000-P,7525.54,0.0,0.5665,2.0,0.6425,2.0,100.44,9.20699,-3.596,-28.65605,8e-05,-0.84578
7604.0,BTC-27MAR20,1577098744334,open,0.01,504.6,0.0005,0.023,0.00672403,95.34,0.0055,0.0,BTC-27MAR20-20000-C,7525.54,93.64,0.006,2.0,0.0075,10.0,97.03,3.36485,-1.69057,0.66473,2e-05,0.04035
7527.27,BTC-27DEC19,1577098744334,open,0.0,530.9,0.0005,0.0105,0.0,115.0,0.0005,0.0,BTC-27DEC19-32000-C,7525.54,0.0,0.0,0.0,0.0005,10.4,480.7,0.0,0.0,0.0,0.0,0.0
7556.8,SYN.BTC-31JAN20,1577098744333,open,0.11,27.0,0.0885,0.156,0.10747413,55.69,0.1075,0.0,BTC-31JAN20-8000-P,7525.54,54.13,0.1055,11.6,0.1095,0.1,57.28,9.59771,-6.87399,-5.59868,0.00028,-0.58813
7533.19,SYN.BTC-3JAN20,1577098744333,open,0.0,46.3,0.0005,0.0125,0.00281417,69.53,0.002,0.0,BTC-3JAN20-6250-P,7525.54,64.77,0.002,44.0,0.0035,35.0,73.0,1.40614,-4.49506,-0.12543,0.00012,-0.05307
7761.37,BTC-26JUN20,1577098744334,open,0.4,0.0,0.3725,0.4345,0.4005782,72.52,None,0.0,BTC-26JUN20-5000-C,7525.54,53.91,0.375,7.0,0.4255,7.0,87.82,11.95409,-2.33193,18.40215,5e-05,0.86616
7527.27,BTC-27DEC19,1577098744334,open,0.02,743.1,0.004,0.04,0.01792799,47.98,0.018,0.0,BTC-27DEC19-7500-P,7525.54,45.71,0.017,25.0,0.0195,21.0,51.82,3.07953,-19.06183,-0.38273,0.00107,-0.46091
7761.37,BTC-26JUN20,1577098744334,open,0.01,144.4,0.0005,0.0195,0.00779603,82.14,0.008,0.0,BTC-26JUN20-3000-P,7525.54,79.16,0.0065,21.0,0.009,10.0,84.69,3.53372,-0.7808,-1.40554,1e-05,-0.02777
7527.27,BTC-27DEC19,1577098744334,open,0.73,98.8,0.6935,0.762,0.72704465,0.0,0.792,0.0,BTC-27DEC19-13000-P,7525.54,0.0,0.0,0.0,0.0,0.0,0.0,0.0,0.0,-1.38038,0.0,-1.0
7761.37,BTC-26JUN20,1577098744334,open,0.05,556.8,0.028,0.101,0.05647932,79.11,0.057,0.0,BTC-26JUN20-14000-C,7525.54,77.69,0.0535,16.0,0.0595,9.0,80.51,16.51967,-3.51534,6.57478,7e-05,0.22283
7533.19,SYN.BTC-3JAN20,1577098744332,open,0.11,2.8,0.0895,0.1345,0.11062523,58.33,0.07,0.0,BTC-3JAN20-6750-C,7525.54,55.08,0.1095,10.0,0.112,10.0,62.02,2.70658,-7.25758,1.71125,0.00027,0.873
7527.27,BTC-27DEC19,1577098744334,open,0.0,526.9,0.0005,0.0105,0.0,115.0,0.0005,0.0,BTC-27DEC19-22000-C,7525.54,0.0,0.0,0.0,0.0005,11.0,372.4,0.0,0.0,0.0,0.0,0.0
7761.37,BTC-26JUN20,1577098744334,open,0.31,23.9,0.279,0.358,0.31537706,72.33,0.3125,0.0,BTC-26JUN20-6000-C,7525.54,67.2,0.3045,7.0,0.3455,7.0,86.23,16.59411,-3.22857,18.18246,7e-05,0.77541
7527.27,BTC-27DEC19,1577098744334,open,0.0,690.8,0.0005,0.0105,0.0,115.0,0.0005,0.0,BTC-27DEC19-36000-C,7525.54,0.0,0.0,0.0,0.0005,11.0,500.0,0.0,0.0,0.0,0.0,0.0
7527.27,BTC-27DEC19,1577098744335,open,1.0,211.0,0.954,1.033,0.99274376,0.0,0.959,0.0,BTC-27DEC19-15000-P,7525.54,0.0,0.0,0.0,0.0,0.0,0.0,0.0,0.0,-1.59275,0.0,-1.0
7761.37,BTC-26JUN20,1577098744335,open,0.31,109.3,0.258,0.3725,0.30987404,72.82,0.36,0.0,BTC-26JUN20-9000-P,7525.54,65.3,0.2885,10.0,0.3325,10.0,80.77,22.08904,-4.32712,-32.4053,0.0001,-0.51
7533.19,SYN.BTC-3JAN20,1577098744332,open,0.0,89.5,0.0005,0.015,0.0037088,60.06,0.004,0.0,BTC-3JAN20-8750-C,7525.54,57.2,0.003,31.0,0.0045,55.0,62.94,1.96732,-5.43179,0.17546,0.00019,0.08188
7761.37,BTC-26JUN20,1577098744335,open,0.05,290.5,0.0245,0.0755,0.04479354,72.52,0.0445,0.0,BTC-26JUN20-5000-P,7525.54,70.69,0.042,29.0,0.0475,9.0,74.26,11.95403,-2.33191,-7.06021,5e-05,-0.13383
7604.0,BTC-27MAR20,1577098744334,open,0.01,434.1,0.0005,0.0255,0.00808543,89.98,0.0065,0.0,BTC-27MAR20-18000-C,7525.54,87.81,0.007,38.0,0.009,10.0,91.67,3.97109,-1.88306,0.82001,3e-05,0.04957
7604.0,BTC-27MAR20,1577098744335,open,3.22,0.0,3.1265,3.3045,3.21054011,112.43,None,0.0,BTC-27MAR20-32000-P,7525.54,0.0,0.0015,10.0,3.7,0.1,424.29,1.31472,-0.77901,-82.96191,1e-05,-0.9868
7527.27,BTC-27DEC19,1577098744335,open,0.27,77.5,0.2545,0.2855,0.26945426,115.36,0.2495,0.0,BTC-27DEC19-5500-C,7525.54,0.0,0.259,8.0,0.28,8.0,242.86,0.08104,-1.20613,0.58113,1e-05,0.99652
7527.27,BTC-27DEC19,1577098744335,open,0.1,0.1,0.0755,0.125,0.09863995,64.24,0.141,0.0,BTC-27DEC19-8250-P,7525.54,0.0,0.0,0.0,0.2605,0.1,490.61,1.24078,-10.28273,-0.80762,0.00032,-0.9118
7527.27,BTC-27DEC19,1577098744335,open,0.0,394.4,0.0005,0.0105,0.0,115.0,0.0005,0.0,BTC-27DEC19-16000-C,7525.54,0.0,0.0,0.0,0.0005,11.0,275.4,0.0,0.0,0.0,0.0,0.0
7527.27,BTC-27DEC19,1577098744334,open,0.0,1300.0,0.0005,0.0105,6.81e-06,115.0,0.0005,0.0,BTC-27DEC19-5000-P,7525.54,0.0,0.0,0.0,0.0005,13.4,171.36,0.0065,-0.05127,-0.00018,0.0,-0.00022
7604.0,BTC-27MAR20,1577098744335,open,0.17,572.6,0.139,0.211,0.17220072,66.19,0.172,0.0,BTC-27MAR20-7000-C,7525.54,63.67,0.1675,8.0,0.1745,11.0,67.42,14.19606,-4.95209,9.65253,0.00014,0.66056
7761.37,BTC-26JUN20,1577098744335,open,0.02,33.9,0.0075,0.054,0.0219921,89.21,0.0225,0.0,BTC-26JUN20-22000-C,7525.54,87.93,0.0205,17.0,0.0235,1.0,90.45,9.26575,-2.22341,2.83372,3e-05,0.09369
7527.27,BTC-27DEC19,1577098744335,open,3.8,1.3,3.689,3.88,3.78258501,0.0,3.212,0.0,BTC-27DEC19-36000-P,7525.54,0.0,0.0005,1.0,0.0,0.0,0.0,0.0,0.0,-3.8226,0.0,-1.0
7527.27,BTC-27DEC19,1577098744335,open,0.0,961.6,0.0005,0.0105,0.0,115.0,0.001,0.0,BTC-27DEC19-30000-C,7525.54,0.0,0.0,0.0,0.0005,10.9,462.43,0.0,0.0,0.0,0.0,0.0
7527.27,BTC-27DEC19,1577098744335,open,0.0,1034.3,0.0005,0.0105,0.0,115.0,0.0005,0.0,BTC-27DEC19-15000-C,7525.54,0.0,0.0,0.0,0.0005,72.0,255.05,0.0,0.0,0.0,0.0,0.0
7604.0,BTC-27MAR20,1577098744335,open,0.86,59.0,0.8115,0.9125,0.8568285,79.53,0.877,0.0,BTC-27MAR20-14000-P,7525.54,0.0,0.4,0.5,1.2,0.1,269.71,6.62083,-2.77494,-34.79647,6e-05,-0.90365
7604.0,BTC-27MAR20,1577098744335,open,0.0,73.2,0.0005,0.0145,0.00307256,108.0,0.0025,0.0,BTC-27MAR20-28000-C,7525.54,102.57,0.002,42.0,0.004,27.0,111.71,1.73365,-0.98672,0.2993,1e-05,0.01822
7533.19,SYN.BTC-3JAN20,1577098744331,open,0.0,145.4,0.0005,0.0105,0.00075312,85.62,0.001,0.0,BTC-3JAN20-5500-P,7525.54,80.89,0.0005,39.0,0.001,0.1,89.3,0.45888,-1.80625,-0.03271,3e-05,-0.01382
7761.37,BTC-26JUN20,1577098744335,open,1.11,5.0,1.043,1.1795,1.10357144,81.78,1.22,0.0,BTC-26JUN20-16000-P,7525.54,0.0,0.56,1.0,1.4,0.1,194.89,14.10063,-3.10193,-76.36004,6e-05,-0.82839
7527.27,BTC-27DEC19,1577098744335,open,3.0,0.2,2.9075,3.0665,2.98548751,0.0,2.51,0.0,BTC-27DEC19-30000-P,7525.54,0.0,0.0005,1.0,0.0,0.0,0.0,0.0,0.0,-3.1855,0.0,-1.0
7527.27,BTC-27DEC19,1577098744335,open,0.0,419.9,0.0005,0.011,0.00100257,95.26,0.001,0.0,BTC-27DEC19-6250-P,7525.54,85.4,0.0005,71.2,0.0015,35.0,102.31,0.46823,-5.75445,-0.02157,8e-05,-0.02598
7527.27,BTC-27DEC19,1577098744335,open,0.2,138.2,0.187,0.223,0.2036507,107.81,0.171,0.0,BTC-27DEC19-6000-C,7525.54,0.0,0.1915,8.0,0.216,8.0,202.63,0.34341,-4.77627,0.62211,5e-05,0.982
7604.0,BTC-27MAR20,1577098744335,open,0.25,24.9,0.2265,0.289,0.2552298,67.58,0.2425,0.0,BTC-27MAR20-6000-C,7525.54,56.25,0.24,15.0,0.263,15.0,73.02,10.68644,-3.80616,10.86772,0.00011,0.80507
7527.27,BTC-27DEC19,1577098744336,open,0.33,75.1,0.3225,0.349,0.33575889,118.42,0.302,0.0,BTC-27DEC19-5000-C,7525.54,0.0,0.3265,9.0,0.345,9.0,288.2,0.00913,-0.13947,0.53065,0.0,0.99968
7604.0,BTC-27MAR20,1577098744336,open,2.96,0.0,2.8685,3.0375,2.94800394,110.86,None,0.0,BTC-27MAR20-30000-P,7525.54,0.0,0.0015,10.0,3.4,0.1,398.79,1.54728,-0.90398,-77.71845,1e-05,-0.98405
7604.0,BTC-27MAR20,1577098744335,open,0.02,465.3,0.005,0.039,0.0156971,79.53,0.0155,0.0,BTC-27MAR20-14000-C,7525.54,78.13,0.0145,7.0,0.017,10.1,81.0,6.62186,-2.77557,1.59451,6e-05,0.09637
7527.27,BTC-27DEC19,1577098744336,open,0.0,986.6,0.0005,0.0105,1.42e-06,115.0,0.0005,0.0,BTC-27DEC19-12000-C,7525.54,0.0,0.0,0.0,0.0005,35.0,182.31,0.00169,-0.01067,4e-05,0.0,5e-05
7527.27,BTC-27DEC19,1577098744335,open,0.0,110.2,0.0005,0.0105,0.00010329,115.0,0.0005,0.0,BTC-27DEC19-10500-C,7525.54,0.0,0.0,0.0,0.0005,10.0,136.54,0.07064,-0.77753,0.0023,1e-05,0.00298
7527.27,BTC-27DEC19,1577098744335,open,0.0,1064.7,0.0005,0.0115,0.00153205,84.49,0.0015,0.0,BTC-27DEC19-6500-P,7525.54,78.02,0.001,63.0,0.002,10.0,89.19,0.69424,-7.56705,-0.03473,0.00014,-0.04191
7604.0,BTC-27MAR20,1577098744335,open,2.43,0.0,2.353,2.5025,2.42283558,105.1,None,0.0,BTC-27MAR20-26000-P,7525.54,0.0,0.0015,10.0,2.8,0.1,347.41,1.98478,-1.09936,-67.23127,1e-05,-0.97864
7533.19,SYN.BTC-3JAN20,1577098744331,open,0.0,52.9,0.0005,0.0125,0.00254996,63.08,0.003,0.0,BTC-3JAN20-9000-C,7525.54,60.11,0.002,25.0,0.003,19.0,65.26,1.49034,-4.32205,0.12249,0.00014,0.05712
7761.37,BTC-26JUN20,1577098744335,open,0.02,69.9,0.005,0.045,0.01649706,93.79,0.014,0.0,BTC-26JUN20-26000-C,7525.54,92.74,0.0155,19.0,0.0175,2.0,94.82,7.48347,-1.8881,2.13737,3e-05,0.07057
7556.8,SYN.BTC-31JAN20,1577098744334,open,0.08,203.3,0.061,0.1195,0.0759002,55.65,0.0745,0.0,BTC-31JAN20-7500-C,7525.54,54.95,0.075,1.5,0.077,2.2,56.5,9.75297,-6.98027,3.83716,0.00029,0.55265
7527.27,BTC-27DEC19,1577098744336,open,0.0,838.8,0.0005,0.0105,0.0,115.0,0.0005,0.0,BTC-27DEC19-18000-C,7525.54,0.0,0.0,0.0,0.0005,20.2,311.9,0.0,0.0,0.0,0.0,0.0
7761.37,BTC-26JUN20,1577098744336,open,0.09,337.0,0.057,0.1305,0.08843546,72.33,0.0845,0.0,BTC-26JUN20-6000-P,7525.54,70.48,0.0845,0.2,0.09,1.0,73.06,16.59409,-3.22855,-12.37239,7e-05,-0.22459
7761.37,BTC-26JUN20,1577098744336,open,1.61,0.1,1.5375,1.684,1.60285872,86.51,1.85,0.0,BTC-26JUN20-20000-P,7525.54,0.0,0.0,0.0,1.95,0.1,224.91,10.43929,-2.42934,-98.51502,4e-05,-0.88964
7761.37,BTC-26JUN20,1577098744336,open,0.01,89.7,0.003,0.038,0.01274791,97.33,0.013,0.0,BTC-26JUN20-30000-C,7525.54,96.37,0.012,24.0,0.0135,29.0,98.26,6.15003,-1.61016,1.66498,2e-05,0.05487
7533.19,SYN.BTC-3JAN20,1577098744333,open,0.01,141.4,0.003,0.0395,0.01284526,50.13,0.014,0.0,BTC-3JAN20-8000-C,7525.54,48.6,0.012,20.0,0.0135,60.0,51.3,4.19548,-9.66868,0.54879,0.00049,0.25734
7556.8,SYN.BTC-31JAN20,1577098744334,open,0.6,0.0,0.558,0.6305,0.59154666,75.32,None,0.0,BTC-31JAN20-12000-P,7525.54,0.0,0.0015,10.0,0.0,0.0,0.0,2.09667,-2.03116,-12.49318,5e-05,-0.96066
7761.37,BTC-26JUN20,1577098744336,open,2.89,0.0,2.7935,2.979,2.8780399,97.32,None,0.0,BTC-26JUN20-30000-P,7525.54,0.0,0.002,1.0,0.0,0.0,0.0,6.14858,-1.60967,-151.11002,2e-05,-0.94514
7533.19,SYN.BTC-3JAN20,1577098744334,open,0.01,64.5,0.0005,0.022,0.00665531,58.31,0.006,0.0,BTC-3JAN20-6750-P,7525.54,56.45,0.006,0.1,0.007,25.0,59.26,2.70591,-7.25426,-0.2999,0.00027,-0.12695
7533.19,SYN.BTC-3JAN20,1577098744331,open,0.2,0.0,0.172,0.226,0.19725674,63.05,None,0.0,BTC-3JAN20-9000-P,7525.54,0.0,0.006,1.0,0.0,0.0,0.0,1.48847,-4.31462,-2.55938,0.00014,-0.94297
7556.8,SYN.BTC-31JAN20,1577098744333,open,0.21,10.4,0.185,0.2555,0.21071824,57.91,0.272,0.0,BTC-31JAN20-9000-P,7525.54,0.0,0.064,1.0,0.0,0.0,0.0,6.9705,-5.19194,-8.10914,0.0002,-0.7968
7604.0,BTC-27MAR20,1577098744336,open,3.75,0.0,3.642,3.839,3.73586284,114.9,None,0.0,BTC-27MAR20-36000-P,7525.54,0.0,0.0015,10.0,4.5,0.1,500.0,0.95201,-0.57647,-93.42594,1e-05,-0.99089
7527.27,BTC-27DEC19,1577098744336,open,0.86,268.3,0.8235,0.8975,0.85989417,0.0,0.9355,0.0,BTC-27DEC19-14000-P,7525.54,0.0,0.0,0.0,0.0,0.0,0.0,0.0,0.0,-1.48657,0.0,-1.0
7527.27,BTC-27DEC19,1577098744336,open,5.39,0.0,5.252,5.5065,5.37678002,0.0,None,0.0,BTC-27DEC19-48000-P,7525.54,0.0,0.0005,1.0,0.0,0.0,0.0,0.0,0.0,-5.0968,0.0,-1.0
7556.8,SYN.BTC-31JAN20,1577098744333,open,0.01,237.1,0.0005,0.017,0.00522426,68.67,0.0065,0.0,BTC-31JAN20-11000-C,7525.54,66.7,0.0045,22.0,0.006,45.0,70.61,2.89884,-2.5601,0.43271,7e-05,0.05899
7556.8,SYN.BTC-31JAN20,1577098744331,open,0.0,189.9,0.0005,0.0135,0.00357841,75.34,0.004,0.0,BTC-31JAN20-12000-C,7525.54,73.15,0.003,0.1,0.004,20.0,76.81,2.0985,-2.03343,0.28817,5e-05,0.03938
7604.0,BTC-27MAR20,1577098744337,open,2.7,0.0,2.611,2.77,2.68533536,107.96,None,0.0,BTC-27MAR20-28000-P,7525.54,0.0,0.0015,10.0,3.0,0.1,323.39,1.72988,-0.98419,-72.48279,1e-05,-0.98183
7761.37,BTC-26JUN20,1577098744337,open,0.19,232.9,0.149,0.243,0.19175556,72.33,0.19,0.0,BTC-26JUN20-8000-C,7525.54,70.09,0.1855,7.0,0.191,18.3,72.06,21.66104,-4.2144,15.30674,0.0001,0.57903
7556.8,SYN.BTC-31JAN20,1577098744332,open,0.34,0.0,0.3025,0.371,0.3327737,63.14,None,0.0,BTC-31JAN20-10000-P,7525.54,0.0,0.0015,10.0,0.0,0.0,0.0,4.46836,-3.6287,-9.88611,0.00012,-0.89552
7533.19,SYN.BTC-3JAN20,1577098744331,open,0.0,120.4,0.0005,0.011,0.00120135,80.58,0.001,0.0,BTC-3JAN20-5750-P,7525.54,70.68,0.0005,55.0,0.0015,25.0,83.64,0.686,-2.54132,-0.05238,5e-05,-0.02213
7556.8,SYN.BTC-31JAN20,1577098744332,open,0.16,34.4,0.142,0.196,0.16294296,60.14,0.1625,0.0,BTC-31JAN20-6500-C,7525.54,59.08,0.162,10.0,0.166,15.0,63.5,6.76405,-5.23182,5.18113,0.00018,0.80667
7527.27,BTC-27DEC19,1577098744337,open,0.6,73.0,0.563,0.6265,0.59419642,0.0,0.7025,0.0,BTC-27DEC19-12000-P,7525.54,0.0,0.0025,0.1,0.0,0.0,0.0,0.0,0.0,-1.2742,0.0,-1.0
7533.19,SYN.BTC-3JAN20,1577098744333,open,0.08,50.0,0.0615,0.11,0.08150474,53.37,0.0795,0.0,BTC-3JAN20-7000-C,7525.54,50.19,0.08,10.0,0.083,10.0,56.41,3.63637,-8.92153,1.61359,0.0004,0.80038
7533.19,SYN.BTC-3JAN20,1577098744334,open,0.0,116.4,0.0005,0.012,0.00203262,76.5,0.002,0.0,BTC-3JAN20-6000-P,7525.54,72.33,0.0015,0.3,0.0025,37.0,79.67,1.04655,-3.6807,-0.08713,8e-05,-0.03678
7556.8,SYN.BTC-31JAN20,1577098744334,open,0.02,503.9,0.01,0.0505,0.01974206,57.92,0.0195,0.0,BTC-31JAN20-9000-C,7525.54,56.0,0.018,30.0,0.021,16.0,59.27,6.97093,-5.19264,1.47679,0.0002,0.20322
7533.19,SYN.BTC-3JAN20,1577098744333,open,0.03,769.7,0.022,0.069,0.03562884,48.59,0.0365,0.0,BTC-3JAN20-7500-C,7525.54,46.95,0.0345,1.0,0.037,19.0,50.59,5.1645,-11.53759,1.12691,0.00063,0.53768
7533.19,SYN.BTC-3JAN20,1577098744333,open,0.05,93.4,0.039,0.088,0.05634087,50.81,0.0555,0.0,BTC-3JAN20-7250-C,7525.54,47.79,0.0545,1.2,0.058,27.2,53.5,4.62159,-10.79639,1.41029,0.00054,0.68464
7556.8,SYN.BTC-31JAN20,1577098744332,open,0.16,15.2,0.133,0.2035,0.15562696,56.4,0.2965,0.0,BTC-31JAN20-8500-P,7525.54,18.79,0.1255,0.1,0.0,0.0,0.0,8.47157,-6.14478,-6.94956,0.00025,-0.70782
7533.19,SYN.BTC-3JAN20,1577098744331,open,0.17,0.0,0.14,0.194,0.16522928,60.03,None,0.0,BTC-3JAN20-8750-P,7525.54,0.0,0.006,1.0,0.0,0.0,0.0,1.96583,-5.4257,-2.4319,0.00019,-0.91821
7556.8,SYN.BTC-31JAN20,1577098744336,open,0.11,154.9,0.096,0.1545,0.11471045,57.49,0.11,0.0,BTC-31JAN20-7000-C,7525.54,55.12,0.112,10.0,0.118,26.0,60.34,8.67498,-6.41385,4.64709,0.00025,0.69209
7533.19,SYN.BTC-3JAN20,1577098744333,open,0.17,0.3,0.1545,0.194,0.17315668,69.56,0.1415,0.0,BTC-3JAN20-6250-C,7525.54,0.0,0.17,0.1,0.189,7.0,119.58,1.40721,-4.49988,1.73672,0.00012,0.94688
7533.19,SYN.BTC-3JAN20,1577098744333,open,0.11,0.0,0.0805,0.136,0.10353201,53.7,None,0.0,BTC-3JAN20-8250-P,7525.54,0.0,0.0035,1.0,0.0,0.0,0.0,3.35299,-8.27754,-2.08402,0.00037,-0.82492
7556.8,SYN.BTC-31JAN20,1577098744333,open,0.01,729.7,0.0005,0.021,0.00803196,71.79,0.009,0.0,BTC-31JAN20-5500-P,7525.54,70.57,0.0075,17.0,0.0085,31.1,72.84,3.32458,-3.06984,-0.63098,8e-05,-0.07036
7556.8,SYN.BTC-31JAN20,1577098744334,open,0.01,500.2,0.004,0.0305,0.01358093,65.52,0.013,0.0,BTC-31JAN20-6000-P,7525.54,64.61,0.013,4.5,0.014,20.0,66.17,4.87122,-4.105,-1.05795,0.00012,-0.11786
7556.8,SYN.BTC-31JAN20,1577098744335,open,0.47,0.0,0.429,0.498,0.46086182,68.65,None,0.0,BTC-31JAN20-11000-P,7525.54,0.0,0.0015,10.0,0.0,0.0,0.0,2.89739,-2.55836,-11.28352,7e-05,-0.94105
7556.8,SYN.BTC-31JAN20,1577098744334,open,0.01,174.0,0.0005,0.02,0.00690605,65.88,0.0075,0.0,BTC-31JAN20-10500-C,7525.54,63.89,0.006,17.0,0.0075,20.0,67.11,3.5776,-3.03125,0.5678,9e-05,0.07745
7556.8,SYN.BTC-31JAN20,1577098744336,open,0.01,382.1,0.0005,0.015,0.00500993,79.64,0.005,0.0,BTC-31JAN20-5000-P,7525.54,77.87,0.0045,4.9,0.0055,30.0,81.25,2.2451,-2.29955,-0.38482,5e-05,-0.0428
7533.19,SYN.BTC-3JAN20,1577098744332,open,0.01,173.8,0.001,0.033,0.01072112,53.36,0.0095,0.0,BTC-3JAN20-7000-P,7525.54,50.79,0.0095,20.0,0.0115,20.0,54.95,3.63596,-8.91895,-0.47206,0.0004,-0.19959
7533.19,SYN.BTC-3JAN20,1577098744333,open,0.01,95.9,0.0005,0.029,0.00838413,53.71,0.0085,0.0,BTC-3JAN20-8250-C,7525.54,52.84,0.008,1.1,0.009,46.0,55.08,3.35371,-8.28118,0.37431,0.00037,0.17514
7556.8,SYN.BTC-31JAN20,1577098744335,open,0.28,2.0,0.261,0.302,0.28021318,71.8,0.257,0.0,BTC-31JAN20-5500-C,7525.54,40.79,0.2725,7.0,0.2965,7.0,100.19,3.32504,-3.0705,5.22688,8e-05,0.92962
7556.8,SYN.BTC-31JAN20,1577098744336,open,0.34,6.4,0.327,0.363,0.34335649,79.64,0.3065,0.0,BTC-31JAN20-5000-C,7525.54,47.69,0.3385,7.0,0.3565,7.0,110.43,2.24562,-2.30029,4.9405,5e-05,0.95719
7556.8,SYN.BTC-31JAN20,1577098744336,open,0.27,4.8,0.242,0.3115,0.27049669,60.36,0.3445,0.0,BTC-31JAN20-9500-P,7525.54,0.0,0.0015,10.0,0.0,0.0,0.0,5.59042,-4.33976,-9.06816,0.00015,-0.85617
7533.19,SYN.BTC-3JAN20,1577098744332,open,0.14,0.3,0.1215,0.163,0.14133709,63.45,0.106,0.0,BTC-3JAN20-6500-C,7525.54,60.04,0.1405,10.0,0.143,10.0,69.41,1.94262,-5.6669,1.74664,0.00018,0.91948
7556.8,SYN.BTC-31JAN20,1577098744335,open,0.4,0.0,0.365,0.433,0.39637827,65.87,None,0.0,BTC-31JAN20-10500-P,7525.54,0.0,0.0015,10.0,0.0,0.0,0.0,3.57638,-3.02978,-10.61586,9e-05,-0.92258
7533.19,SYN.BTC-3JAN20,1577098744336,open,0.08,0.1,0.055,0.11,0.07480683,50.12,0.0805,0.0,BTC-3JAN20-8000-P,7525.54,22.42,0.063,6.0,0.0925,6.0,79.19,4.1951,-9.666,-1.83501,0.0005,-0.74271
7556.8,SYN.BTC-31JAN20,1577098744336,open,0.22,10.5,0.1975,0.2445,0.2195968,65.53,0.1275,0.0,BTC-31JAN20-6000-C,7525.54,45.69,0.2095,7.0,0.2405,7.0,92.83,4.87156,-4.10554,5.33246,0.00012,0.88213
7556.8,SYN.BTC-31JAN20,1577098744336,open,0.0,34.7,0.0005,0.015,0.00425517,72.01,0.0055,0.0,BTC-31JAN20-11500-C,7525.54,69.54,0.0035,18.0,0.005,20.0,74.2,2.44244,-2.26196,0.34827,6e-05,0.04753
7533.19,SYN.BTC-3JAN20,1577098744336,open,0.01,78.6,0.0005,0.021,0.00546487,56.78,0.0055,0.0,BTC-3JAN20-8500-C,7525.54,55.4,0.005,7.0,0.006,35.5,58.32,2.57713,-6.7278,0.25356,0.00027,0.11843
7533.19,SYN.BTC-3JAN20,1577098744332,open,0.02,32.3,0.0085,0.0475,0.01874355,50.81,0.02,0.0,BTC-3JAN20-7250-P,7525.54,48.77,0.0175,20.6,0.0195,10.0,52.04,4.62146,-10.79445,-0.74989,0.00054,-0.31534
7556.8,SYN.BTC-31JAN20,1577098744335,open,0.53,0.0,0.4935,0.564,0.52605808,71.99,None,0.0,BTC-31JAN20-11500-P,7525.54,0.0,0.0015,10.0,0.0,0.0,0.0,2.44078,-2.25994,-11.90052,6e-05,-0.95251
7556.8,SYN.BTC-31JAN20,1577098744336,open,0.05,247.9,0.0365,0.091,0.04882863,55.69,0.0515,0.0,BTC-31JAN20-8000-C,7525.54,54.25,0.047,1.0,0.0505,20.0,57.0,9.59775,-6.87436,2.92206,0.00028,0.41188
7556.8,SYN.BTC-31JAN20,1577098744335,open,0.01,464.7,0.0005,0.027,0.00946683,63.15,0.01,0.0,BTC-31JAN20-10000-C,7525.54,62.35,0.009,1.0,0.01,20.2,64.04,4.46931,-3.62989,0.76498,0.00012,0.10451
7533.19,SYN.BTC-3JAN20,1577098744335,open,0.14,0.0,0.1095,0.164,0.13379904,56.77,None,0.0,BTC-3JAN20-8500-P,7525.54,0.0,0.005,1.0,0.0,0.0,0.0,2.57602,-6.72296,-2.27929,0.00027,-0.88164
7556.8,SYN.BTC-31JAN20,1577098744335,open,0.01,212.6,0.0035,0.037,0.01335516,60.36,0.013,0.0,BTC-31JAN20-9500-C,7525.54,59.19,0.0125,15.0,0.014,20.0,61.23,5.59111,-4.34069,1.05035,0.00015,0.14386
135.56,ETH-26JUN20,1577098745091,open,0.03,667.0,0.008,0.061,0.027297,101.57,0.029,0.0,ETH-26JUN20-440-C,132.72,99.74,0.025,140.0,0.03,740.0,103.63,0.17408,-0.04756,0.05261,0.00183,0.1035
132.87,ETH-27DEC19,1577098745091,open,0.0,16676.0,0.001,0.011,0.0,119.99,0.002,0.0,ETH-27DEC19-640-C,132.72,0.0,0.0,0.0,0.001,300.0,500.0,0.0,0.0,0.0,0.0,0.0
132.87,ETH-27DEC19,1577098745091,open,0.29,1.0,0.243,0.321,0.280005,107.22,0.283,0.0,ETH-27DEC19-170-P,132.72,0.0,0.001,10.0,1.442,10.0,500.0,0.00513,-0.07092,-0.01785,0.00255,-0.98519
135.56,ETH-26JUN20,1577098745091,open,0.17,187.0,0.121,0.23,0.175942,83.93,0.176,0.0,ETH-26JUN20-160-C,132.72,81.49,0.169,211.0,0.18,781.0,85.35,0.38583,-0.08711,0.22996,0.00491,0.50906
132.87,ETH-27DEC19,1577098745094,open,0.07,4828.0,0.03,0.097,0.061292,62.0,0.062,0.0,ETH-27DEC19-140-P,132.72,57.61,0.06,340.0,0.064,300.0,70.61,0.0401,-0.32071,-0.01193,0.0345,-0.78415
132.87,ETH-27DEC19,1577098745094,open,0.0,7053.0,0.001,0.011,0.0,119.99,0.001,0.0,ETH-27DEC19-240-C,132.72,0.0,0.0,0.0,0.001,335.0,242.36,0.0,0.0,0.0,0.0,0.0
133.19,SYN.ETH-31JAN20,1577098745094,open,0.02,1330.0,0.004,0.035,0.015278,75.52,0.016,0.0,ETH-31JAN20-180-C,132.72,73.69,0.014,780.0,0.017,205.0,77.88,0.0948,-0.09208,0.01711,0.00664,0.1359
135.56,ETH-26JUN20,1577098745096,open,0.02,287.0,0.005,0.047,0.018865,107.8,0.02,0.0,ETH-26JUN20-560-C,132.72,105.84,0.017,140.0,0.021,440.0,109.91,0.13307,-0.03859,0.03685,0.00132,0.07224
132.87,ETH-27DEC19,1577098745099,open,0.0,1104.0,0.001,0.011,8.2e-05,119.98,0.001,0.0,ETH-27DEC19-190-C,132.72,0.0,0.0,0.0,0.001,526.0,158.95,0.00099,-0.01089,3e-05,0.00044,0.00232
133.69,ETH-27MAR20,1577098745099,open,0.3,3920.0,0.234,0.351,0.291301,79.37,0.29,0.0,ETH-27MAR20-160-P,132.72,73.1,0.279,39.0,0.319,28.0,93.24,0.2641,-0.11046,-0.30816,0.00716,-0.59547
132.93,SYN.ETH-3JAN20,1577098745101,open,0.17,1.0,0.149,0.205,0.177158,78.94,0.15,0.0,ETH-3JAN20-110-C,132.72,0.0,0.172,1.0,0.0,0.0,0.0,0.03163,-0.11481,0.02972,0.00761,0.92755
135.56,ETH-26JUN20,1577098745103,open,0.22,491.0,0.164,0.272,0.218653,82.27,0.205,0.0,ETH-26JUN20-140-C,132.72,80.59,0.214,210.0,0.224,673.0,84.21,0.37509,-0.08301,0.25934,0.00487,0.59432
133.69,ETH-27MAR20,1577098745145,open,0.0,5597.0,0.001,0.012,0.002878,120.0,0.003,0.0,ETH-27MAR20-600-C,132.72,120.59,0.003,520.0,0.004,3.0,124.92,0.02706,-0.01712,0.00451,0.00049,0.01585
132.87,ETH-27DEC19,1577098745145,open,0.0,4519.0,0.001,0.011,0.000395,120.03,0.001,0.0,ETH-27DEC19-100-P,132.72,0.0,0.0,0.0,0.002,800.0,153.92,0.00338,-0.05226,-0.00013,0.0015,-0.00915
132.87,ETH-27DEC19,1577098745151,open,0.44,0.0,0.389,0.474,0.430159,130.18,0.438,0.0,ETH-27DEC19-190-P,132.72,0.0,0.17,30.0,0.0,0.0,0.0,0.00186,-0.03132,-0.02011,0.00076,-0.99533
132.87,ETH-27DEC19,1577098745155,open,0.0,5517.0,0.001,0.011,0.00033,119.97,0.001,0.0,ETH-27DEC19-180-C,132.72,0.0,0.0,0.0,0.001,534.0,138.61,0.00311,-0.04386,0.00011,0.00138,0.00834
133.19,SYN.ETH-31JAN20,1577098745155,open,0.12,441.0,0.082,0.163,0.118549,68.06,0.117,0.0,ETH-31JAN20-140-P,132.72,66.09,0.116,96.0,0.121,300.0,69.96,0.17229,-0.15082,-0.09416,0.0134,-0.54522
133.19,SYN.ETH-31JAN20,1577098745155,open,0.24,1.0,0.187,0.28,0.232287,71.09,0.148,0.0,ETH-31JAN20-160-P,132.72,59.55,0.221,340.0,0.25,365.0,87.23,0.13811,-0.12628,-0.13935,0.01028,-0.75004
133.19,SYN.ETH-31JAN20,1577098745155,open,0.82,0.0,0.751,0.869,0.806528,94.87,None,0.0,ETH-31JAN20-240-P,132.72,0.0,0.01,50.0,0.0,0.0,0.0,0.03768,-0.04598,-0.25055,0.0021,-0.9597
132.87,ETH-27DEC19,1577098745157,open,0.0,7679.0,0.001,0.011,1e-06,119.98,0.001,0.0,ETH-27DEC19-220-C,132.72,0.0,0.0,0.0,0.001,575.0,212.01,2e-05,-0.00011,0.0,1e-05,3e-05
132.87,ETH-27DEC19,1577098745157,open,0.0,6665.0,0.001,0.011,0.0,119.99,0.001,0.0,ETH-27DEC19-480-C,132.72,0.0,0.0,0.0,0.001,312.0,464.81,0.0,0.0,0.0,0.0,0.0
132.87,ETH-27DEC19,1577098745157,open,0.67,2830.0,0.608,0.707,0.655879,169.32,0.65,0.0,ETH-27DEC19-220-P,132.72,0.0,0.001,9.0,0.0,0.0,0.0,0.00108,-0.02349,-0.02333,0.00034,-0.99747
133.19,SYN.ETH-31JAN20,1577098745157,open,0.0,638.0,0.001,0.013,0.003432,100.37,0.005,0.0,ETH-31JAN20-260-C,132.72,98.35,0.003,300.0,0.004,101.0,102.8,0.02971,-0.03835,0.00379,0.00157,0.03017
132.93,SYN.ETH-3JAN20,1577098745157,open,0.0,105.0,0.001,0.016,0.004054,71.93,0.006,0.0,ETH-3JAN20-160-C,132.72,67.34,0.003,504.0,0.005,200.0,75.55,0.0329,-0.1088,0.00286,0.00869,0.07628
132.93,SYN.ETH-3JAN20,1577098745157,open,0.01,33.0,0.002,0.03,0.011213,66.73,0.016,0.0,ETH-3JAN20-120-P,132.72,63.93,0.01,460.0,0.012,10.0,68.5,0.05851,-0.17951,-0.00726,0.01665,-0.17203
135.56,ETH-26JUN20,1577098745162,open,0.14,2382.0,0.089,0.195,0.141146,84.66,0.136,0.0,ETH-26JUN20-180-C,132.72,83.54,0.138,211.0,0.146,577.0,86.38,0.38057,-0.08667,0.20188,0.0048,0.43358
133.69,ETH-27MAR20,1577098745162,open,0.14,177.0,0.095,0.182,0.138664,77.93,0.143,0.0,ETH-27MAR20-140-C,132.72,75.63,0.134,563.0,0.143,300.0,80.07,0.27099,-0.1113,0.137,0.00748,0.53291
133.69,ETH-27MAR20,1577098745162,open,0.69,30.0,0.617,0.754,0.682229,86.95,0.306,0.0,ETH-27MAR20-220-P,132.72,0.0,0.001,9.0,0.0,0.0,0.0,0.18103,-0.08295,-0.52081,0.00448,-0.81648
133.69,ETH-27MAR20,1577098745162,open,0.01,1464.0,0.003,0.035,0.013443,99.67,0.013,0.0,ETH-27MAR20-320-C,132.72,97.53,0.012,560.0,0.015,300.0,101.84,0.09319,-0.04895,0.02023,0.00201,0.07167
132.87,ETH-27DEC19,1577098745162,open,0.0,2000.0,0.001,0.011,0.001565,104.48,0.003,0.0,ETH-27DEC19-110-P,132.72,96.49,0.001,755.0,0.002,300.0,109.53,0.01065,-0.14351,-0.00052,0.00544,-0.03527
132.87,ETH-27DEC19,1577098745162,open,0.0,2179.0,0.001,0.011,0.0,119.99,0.001,0.0,ETH-27DEC19-300-C,132.72,0.0,0.0,0.0,0.001,300.0,317.24,0.0,0.0,0.0,0.0,0.0
133.69,ETH-27MAR20,1577098745162,open,0.0,2330.0,0.001,0.018,0.004952,118.71,0.007,0.0,ETH-27MAR20-520-C,132.72,115.41,0.004,300.0,0.006,300.0,121.89,0.04129,-0.02583,0.00735,0.00075,0.02609
132.87,ETH-27DEC19,1577098745162,open,0.36,4507.0,0.316,0.399,0.35514,123.92,0.432,0.0,ETH-27DEC19-180-P,132.72,0.0,0.002,25.0,1.2,5.0,500.0,0.00376,-0.0601,-0.01897,0.00162,-0.98965
133.69,ETH-27MAR20,1577098745162,open,0.07,1959.0,0.033,0.105,0.065898,81.31,0.064,0.0,ETH-27MAR20-180-C,132.72,79.11,0.062,585.0,0.07,301.0,83.59,0.23873,-0.10229,0.08307,0.00632,0.30494
132.87,ETH-27DEC19,1577098745162,open,0.14,1230.0,0.097,0.169,0.131329,77.67,0.123,0.0,ETH-27DEC19-150-P,132.72,66.01,0.13,40.0,0.136,40.0,102.89,0.0184,-0.18437,-0.01497,0.01264,-0.92992
133.19,SYN.ETH-31JAN20,1577098745162,open,0.01,784.0,0.001,0.024,0.008826,81.37,0.009,0.0,ETH-31JAN20-200-C,132.72,79.64,0.008,780.0,0.01,100.0,83.69,0.06524,-0.06828,0.01024,0.00424,0.08102
133.69,ETH-27MAR20,1577098745164,open,0.3,1.0,0.263,0.338,0.301328,80.38,0.337,0.0,ETH-27MAR20-100-C,132.72,59.92,0.276,43.0,0.324,43.0,96.67,0.17917,-0.0759,0.18006,0.0048,0.81948
132.87,ETH-27DEC19,1577098745164,open,0.0,4535.0,0.001,0.011,0.0,119.99,0.002,0.0,ETH-27DEC19-760-C,132.72,0.0,0.0,0.0,0.001,300.0,500.0,0.0,0.0,0.0,0.0,0.0
132.87,ETH-27DEC19,1577098745164,open,0.0,1657.0,0.001,0.011,0.000463,104.56,0.001,0.0,ETH-27DEC19-170-C,132.72,0.0,0.0,0.0,0.001,300.0,116.53,0.00451,-0.06086,0.00017,0.0023,0.01277
135.56,ETH-26JUN20,1577098745164,open,0.86,4.0,0.769,0.942,0.851948,88.64,0.934,0.0,ETH-26JUN20-240-P,132.72,0.0,0.01,50.0,0.0,0.0,0.0,0.32489,-0.07746,-1.0861,0.00392,-0.72134
132.87,ETH-27DEC19,1577098745164,open,0.0,1346.0,0.001,0.011,0.0,119.99,0.001,0.0,ETH-27DEC19-380-C,132.72,0.0,0.0,0.0,0.001,302.0,392.92,0.0,0.0,0.0,0.0,0.0
135.56,ETH-26JUN20,1577098745164,open,0.01,626.0,0.003,0.039,0.014395,109.88,0.012,0.0,ETH-26JUN20-640-C,132.72,108.1,0.013,440.0,0.016,140.0,111.81,0.10951,-0.03237,0.02888,0.00106,0.05623
132.93,SYN.ETH-3JAN20,1577098745164,open,0.03,128.0,0.01,0.059,0.031332,60.87,0.034,0.0,ETH-3JAN20-130-P,132.72,57.36,0.029,420.0,0.033,300.0,63.37,0.08839,-0.24734,-0.01691,0.02758,-0.39555
132.87,ETH-27DEC19,1577098745169,open,0.01,2431.0,0.001,0.028,0.007551,61.73,0.01,0.0,ETH-27DEC19-140-C,132.72,59.88,0.007,160.0,0.009,302.0,66.43,0.03998,-0.31843,0.00292,0.03455,0.21479
135.56,ETH-26JUN20,1577098745169,open,0.04,777.0,0.013,0.077,0.038402,96.82,0.035,0.0,ETH-26JUN20-360-C,132.72,95.3,0.036,180.0,0.042,780.0,99.01,0.21814,-0.05681,0.07201,0.00241,0.14272
132.87,ETH-27DEC19,1577098745169,open,0.0,21055.0,0.001,0.011,0.0,119.99,0.001,0.0,ETH-27DEC19-600-C,132.72,0.0,0.0,0.0,0.001,897.0,500.0,0.0,0.0,0.0,0.0,0.0
133.69,ETH-27MAR20,1577098745169,open,0.2,118.0,0.163,0.249,0.20683,78.38,0.19,0.0,ETH-27MAR20-120-C,132.72,59.11,0.172,45.0,0.235,45.0,93.82,0.24347,-0.10056,0.16473,0.00669,0.68088
135.56,ETH-26JUN20,1577098745170,open,0.03,1120.0,0.01,0.068,0.032274,99.46,0.031,0.0,ETH-26JUN20-400-C,132.72,97.85,0.03,140.0,0.035,600.0,101.32,0.19474,-0.0521,0.06131,0.00209,0.12108
135.56,ETH-26JUN20,1577098745170,open,0.12,1420.0,0.067,0.168,0.1157,85.9,0.114,0.0,ETH-26JUN20-200-C,132.72,84.53,0.112,180.0,0.121,762.0,87.86,0.36573,-0.08451,0.17658,0.00455,0.37149
133.19,SYN.ETH-31JAN20,1577098745169,open,0.52,0.0,0.462,0.565,0.510492,81.37,None,0.0,ETH-31JAN20-200-P,132.72,0.0,0.01,50.0,0.0,0.0,0.0,0.06524,-0.06828,-0.20278,0.00424,-0.91898
132.93,SYN.ETH-3JAN20,1577098745170,open,0.0,59.0,0.001,0.012,0.002568,96.42,0.002,0.0,ETH-3JAN20-100-P,132.72,92.01,0.002,300.0,0.003,525.0,99.42,0.01833,-0.08124,-0.00155,0.00361,-0.03644
135.56,ETH-26JUN20,1577098745175,open,0.02,330.0,0.006,0.054,0.023335,103.39,0.025,0.0,ETH-26JUN20-480-C,132.72,101.31,0.021,440.0,0.026,440.0,105.64,0.15626,-0.04346,0.04558,0.00161,0.08936
135.56,ETH-26JUN20,1577098745175,open,0.02,308.0,0.004,0.043,0.016246,108.69,0.017,0.0,ETH-26JUN20-600-C,132.72,106.04,0.014,440.0,0.019,440.0,111.67,0.11974,-0.03501,0.03229,0.00118,0.06301
133.69,ETH-27MAR20,1577098745177,open,0.55,747.0,0.48,0.612,0.543597,83.66,0.57,0.0,ETH-27MAR20-200-P,132.72,0.0,0.001,9.0,0.0,0.0,0.0,0.20816,-0.09178,-0.45565,0.00536,-0.76762
133.69,ETH-27MAR20,1577098745179,open,0.04,1226.0,0.014,0.069,0.036631,86.95,0.034,0.0,ETH-27MAR20-220-C,132.72,85.73,0.035,300.0,0.039,50.0,88.68,0.18103,-0.08295,0.05105,0.00448,0.18352
132.87,ETH-27DEC19,1577098745179,open,0.0,11488.0,0.001,0.011,0.0,119.99,0.001,0.0,ETH-27DEC19-440-C,132.72,0.0,0.0,0.0,0.001,498.0,438.33,0.0,0.0,0.0,0.0,0.0
135.56,ETH-26JUN20,1577098745232,open,1.14,0.0,1.038,1.224,1.126606,91.62,None,0.0,ETH-26JUN20-280-P,132.72,0.0,0.011,3.0,0.0,0.0,0.0,0.28413,-0.07002,-1.31832,0.00331,-0.78306
135.56,ETH-26JUN20,1577098745232,open,0.06,548.0,0.027,0.106,0.061099,91.62,0.058,0.0,ETH-26JUN20-280-C,132.72,90.12,0.058,180.0,0.065,296.0,93.46,0.28413,-0.07002,0.10758,0.00331,0.21694
133.69,ETH-27MAR20,1577098745232,open,0.83,118.0,0.756,0.899,0.823918,89.79,0.978,0.0,ETH-27MAR20-240-P,132.72,0.0,0.004,9.0,0.0,0.0,0.0,0.1568,-0.07419,-0.58273,0.00376,-0.85299
133.69,ETH-27MAR20,1577098745232,open,0.0,1222.0,0.001,0.012,0.002142,120.0,0.003,0.0,ETH-27MAR20-640-C,132.72,119.09,0.002,540.0,0.004,300.0,129.14,0.02146,-0.01357,0.00346,0.00038,0.01211
135.56,ETH-26JUN20,1577098745232,open,0.02,247.0,0.008,0.039,0.020317,90.34,0.017,0.0,ETH-26JUN20-60-P,132.72,87.4,0.018,300.0,0.022,87.0,92.38,0.1096,-0.02663,-0.05289,0.0013,-0.05629
132.87,ETH-27DEC19,1577098745232,open,0.0,980.0,0.001,0.011,0.0,119.99,0.001,0.0,ETH-27DEC19-340-C,132.72,0.0,0.0,0.0,0.001,308.0,357.71,0.0,0.0,0.0,0.0,0.0
133.19,SYN.ETH-31JAN20,1577098745232,open,0.67,1.0,0.606,0.716,0.658206,89.13,0.739,0.0,ETH-31JAN20-220-P,132.72,0.0,0.01,50.0,0.0,0.0,0.0,0.04977,-0.05705,-0.22713,0.00296,-0.94295
133.19,SYN.ETH-31JAN20,1577098745232,open,0.0,824.0,0.001,0.015,0.004528,94.87,0.006,0.0,ETH-31JAN20-240-C,132.72,88.78,0.003,1080.0,0.006,460.0,99.64,0.03768,-0.04598,0.00507,0.0021,0.0403
132.87,ETH-27DEC19,1577098745233,open,0.0,4550.0,0.001,0.011,0.0,119.99,0.001,0.0,ETH-27DEC19-260-C,132.72,0.0,0.0,0.0,0.001,318.0,269.66,0.0,0.0,0.0,0.0,0.0
135.56,ETH-26JUN20,1577098745234,open,0.05,312.0,0.018,0.089,0.047563,94.28,0.045,0.0,ETH-26JUN20-320-C,132.72,92.86,0.045,180.0,0.051,480.0,96.13,0.24804,-0.0629,0.08697,0.00281,0.17354
133.69,ETH-27MAR20,1577098745234,open,0.01,1443.0,0.001,0.025,0.008419,108.77,0.009,0.0,ETH-27MAR20-400-C,132.72,105.64,0.007,560.0,0.01,560.0,111.89,0.06421,-0.03681,0.01259,0.00127,0.04466
133.69,ETH-27MAR20,1577098745234,open,0.01,657.0,0.001,0.029,0.010401,104.42,0.01,0.0,ETH-27MAR20-360-C,132.72,101.86,0.009,560.0,0.012,300.0,107.11,0.07627,-0.04197,0.01564,0.00157,0.05541
132.87,ETH-27DEC19,1577098745234,open,0.52,3511.0,0.462,0.552,0.505363,141.32,0.726,0.0,ETH-27DEC19-200-P,132.72,0.0,0.025,5.0,0.0,0.0,0.0,0.0013,-0.02363,-0.02119,0.00049,-0.99688
135.56,ETH-26JUN20,1577098745234,open,1.42,0.0,1.315,1.512,1.408141,94.28,1.06,0.0,ETH-26JUN20-320-P,132.72,0.0,0.015,2.0,0.0,0.0,0.0,0.24804,-0.0629,-1.54263,0.00281,-0.82646
132.87,ETH-27DEC19,1577098745234,open,0.0,2232.0,0.001,0.011,0.0,119.99,0.001,0.0,ETH-27DEC19-320-C,132.72,0.0,0.0,0.0,0.001,309.0,338.23,0.0,0.0,0.0,0.0,0.0
133.19,SYN.ETH-31JAN20,1577098745234,open,0.38,25.0,0.32,0.418,0.366778,75.52,0.35,0.0,ETH-31JAN20-180-P,132.72,0.0,0.012,5.0,0.0,0.0,0.0,0.0948,-0.09208,-0.17461,0.00664,-0.8641
135.56,ETH-26JUN20,1577098745236,open,0.46,0.0,0.423,0.493,0.458021,85.03,None,0.0,ETH-26JUN20-80-C,132.72,38.33,0.412,1.0,1.48,5.0,500.0,0.19408,-0.04439,0.29097,0.00244,0.87951
132.87,ETH-27DEC19,1577098745236,open,0.0,10814.0,0.001,0.011,0.0,119.99,0.001,0.0,ETH-27DEC19-400-C,132.72,0.0,0.0,0.0,0.001,301.0,408.93,0.0,0.0,0.0,0.0,0.0
132.87,ETH-27DEC19,1577098745236,open,0.0,300.0,0.001,0.011,2.3e-05,120.02,0.002,0.0,ETH-27DEC19-90-P,132.72,0.0,0.0,0.0,0.001,500.0,180.45,0.00031,-0.00301,-1e-05,0.00014,-0.00066
132.87,ETH-27DEC19,1577098745236,open,0.0,8064.0,0.001,0.019,0.004159,80.44,0.003,0.0,ETH-27DEC19-120-P,132.72,73.67,0.003,500.0,0.005,300.0,84.85,0.02437,-0.25287,-0.0015,0.01616,-0.10194
132.87,ETH-27DEC19,1577098745236,open,0.0,1759.0,0.001,0.011,0.0,119.99,0.001,0.0,ETH-27DEC19-360-C,132.72,0.0,0.0,0.0,0.001,300.0,375.89,0.0,0.0,0.0,0.0,0.0
133.69,ETH-27MAR20,1577098745236,open,0.05,2424.0,0.02,0.083,0.047599,83.66,0.048,0.0,ETH-27MAR20-200-C,132.72,82.63,0.046,300.0,0.05,1.0,85.19,0.20816,-0.09178,0.06421,0.00536,0.23238
132.87,ETH-27DEC19,1577098745236,open,0.32,0.0,0.302,0.343,0.322618,0.0,None,0.0,ETH-27DEC19-90-C,132.72,0.0,0.0,0.0,0.0,0.0,0.0,0.0,0.0,0.00956,0.0,1.0
132.87,ETH-27DEC19,1577098745236,open,0.82,2287.0,0.754,0.862,0.806413,196.38,1.068,0.0,ETH-27DEC19-240-P,132.72,0.0,0.001,15.0,0.0,0.0,0.0,0.00102,-0.0259,-0.02545,0.00028,-0.9976
132.87,ETH-27DEC19,1577098745236,open,0.0,12762.0,0.001,0.011,0.0,119.99,0.001,0.0,ETH-27DEC19-680-C,132.72,0.0,0.0,0.0,0.001,300.0,500.0,0.0,0.0,0.0,0.0,0.0
132.93,SYN.ETH-3JAN20,1577098745236,open,0.0,36.0,0.001,0.017,0.004642,78.94,0.004,0.0,ETH-3JAN20-110-P,132.72,76.15,0.004,300.0,0.005,19.0,80.42,0.03163,-0.11481,-0.00305,0.00761,-0.07245
135.56,ETH-26JUN20,1577098745238,open,0.05,1006.0,0.024,0.079,0.048166,85.03,0.055,0.0,ETH-26JUN20-80-P,132.72,82.8,0.045,300.0,0.051,546.0,87.0,0.19408,-0.04439,-0.11643,0.00244,-0.12049
133.69,ETH-27MAR20,1577098745238,open,0.01,1637.0,0.001,0.02,0.005941,116.12,0.013,0.0,ETH-27MAR20-480-C,132.72,113.35,0.005,220.0,0.007,520.0,118.92,0.04793,-0.02933,0.00878,0.00089,0.03122
133.69,ETH-27MAR20,1577098745238,open,0.0,885.0,0.001,0.015,0.003907,120.0,0.004,0.0,ETH-27MAR20-560-C,132.72,116.13,0.003,520.0,0.005,300.0,123.91,0.03426,-0.02167,0.00591,0.00061,0.0209
132.87,ETH-27DEC19,1577098745238,open,0.0,12837.0,0.001,0.011,1.9e-05,119.98,0.001,0.0,ETH-27DEC19-200-C,132.72,0.0,0.0,0.0,0.001,596.0,177.83,0.00028,-0.00249,1e-05,0.00013,0.00059
133.19,SYN.ETH-31JAN20,1577098745238,open,0.97,0.0,0.896,1.022,0.955598,100.37,None,0.0,ETH-31JAN20-260-P,132.72,0.0,0.01,50.0,0.0,0.0,0.0,0.02971,-0.03835,-0.27313,0.00157,-0.96983
135.56,ETH-26JUN20,1577098745240,open,0.36,833.0,0.287,0.427,0.356232,83.93,0.354,0.0,ETH-26JUN20-160-P,132.72,79.28,0.343,210.0,0.37,239.0,88.77,0.38583,-0.08711,-0.58484,0.00491,-0.49094
133.69,ETH-27MAR20,1577098745240,open,0.02,2402.0,0.005,0.045,0.019675,95.82,0.019,0.0,ETH-27MAR20-280-C,132.72,93.94,0.018,260.0,0.022,860.0,98.31,0.12156,-0.06139,0.02869,0.00273,0.10223
132.87,ETH-27DEC19,1577098745240,open,0.21,13324.0,0.17,0.246,0.205675,98.74,0.302,0.0,ETH-27DEC19-160-P,132.72,0.0,0.002,31.0,0.5,3.0,500.0,0.0113,-0.14392,-0.01648,0.0061,-0.96207
132.87,ETH-27DEC19,1577098745240,open,1.12,310.0,1.047,1.172,1.107482,244.24,0.49,0.0,ETH-27DEC19-280-P,132.72,0.0,0.003,9.0,0.0,0.0,0.0,0.00098,-0.03086,-0.0297,0.00021,-0.99772
132.87,ETH-27DEC19,1577098745240,open,0.0,11105.0,0.001,0.011,0.0,119.99,0.002,0.0,ETH-27DEC19-560-C,132.72,0.0,0.0,0.0,0.001,300.0,500.0,0.0,0.0,0.0,0.0,0.0
132.87,ETH-27DEC19,1577098745240,open,0.0,2113.0,0.001,0.011,0.0,119.99,0.001,0.0,ETH-27DEC19-280-C,132.72,0.0,0.0,0.0,0.001,301.0,294.49,0.0,0.0,0.0,0.0,0.0
135.56,ETH-26JUN20,1577098745240,open,0.02,110.0,0.005,0.05,0.020851,105.67,0.024,0.0,ETH-26JUN20-520-C,132.72,103.88,0.019,140.0,0.023,440.0,107.64,0.14366,-0.04083,0.04075,0.00145,0.07988
133.19,SYN.ETH-31JAN20,1577098745240,open,0.26,0.0,0.234,0.293,0.263947,78.8,None,0.0,ETH-31JAN20-100-C,132.72,42.36,0.25,37.0,0.282,37.0,104.56,0.08009,-0.08117,0.08924,0.00538,0.89306
135.56,ETH-26JUN20,1577098745242,open,0.25,1331.0,0.19,0.315,0.251406,82.27,0.254,0.0,ETH-26JUN20-140-P,132.72,80.32,0.246,510.0,0.258,210.0,84.66,0.37509,-0.08301,-0.45361,0.00487,-0.40568
132.87,ETH-27DEC19,1577098745242,open,0.0,6339.0,0.001,0.011,0.0014,97.65,0.001,0.0,ETH-27DEC19-160-C,132.72,92.27,0.001,290.0,0.002,300.0,104.22,0.01089,-0.13714,0.00049,0.00595,0.03624
132.93,SYN.ETH-3JAN20,1577098745242,open,0.08,76.0,0.042,0.111,0.075602,62.29,0.107,0.0,ETH-3JAN20-140-P,132.72,58.12,0.073,120.0,0.076,300.0,62.93,0.08353,-0.23924,-0.02936,0.02547,-0.66565
135.56,ETH-26JUN20,1577098745244,open,0.36,1.0,0.312,0.401,0.357873,82.63,0.38,0.0,ETH-26JUN20-100-C,132.72,39.86,0.28,1.0,1.375,5.0,500.0,0.27782,-0.06175,0.29918,0.00359,0.79126
132.93,SYN.ETH-3JAN20,1577098745244,open,0.1,850.0,0.077,0.138,0.108503,66.73,0.088,0.0,ETH-3JAN20-120-C,132.72,55.69,0.104,40.0,0.111,40.0,72.24,0.05851,-0.17951,0.0285,0.01665,0.82797
133.19,SYN.ETH-31JAN20,1577098745244,open,0.14,242.0,0.109,0.179,0.144514,69.8,0.149,0.0,ETH-31JAN20-120-C,132.72,67.52,0.142,36.0,0.147,32.0,72.04,0.14727,-0.13221,0.08109,0.01117,0.71619
132.87,ETH-27DEC19,1577098745246,open,0.97,944.0,0.901,1.017,0.956947,221.26,1.042,0.0,ETH-27DEC19-260-P,132.72,0.0,0.001,9.0,0.0,0.0,0.0,0.00099,-0.02839,-0.02758,0.00024,-0.99768
133.69,ETH-27MAR20,1577098745246,open,0.01,1168.0,0.001,0.022,0.006595,111.64,0.009,0.0,ETH-27MAR20-440-C,132.72,107.25,0.005,560.0,0.008,560.0,114.97,0.05301,-0.03119,0.00997,0.00102,0.03528
132.87,ETH-27DEC19,1577098745246,open,0.0,13244.0,0.001,0.011,0.0,119.99,0.002,0.0,ETH-27DEC19-520-C,132.72,0.0,0.0,0.0,0.001,300.0,488.87,0.0,0.0,0.0,0.0,0.0
132.87,ETH-27DEC19,1577098745248,open,0.0,6174.0,0.001,0.011,0.0,119.99,0.001,0.0,ETH-27DEC19-720-C,132.72,0.0,0.0,0.0,0.001,300.0,500.0,0.0,0.0,0.0,0.0,0.0
132.93,SYN.ETH-3JAN20,1577098745248,open,0.22,0.0,0.17,0.248,0.207667,71.93,None,0.0,ETH-3JAN20-160-P,132.72,0.0,0.0,0.0,0.0,0.0,0.0,0.0329,-0.1088,-0.04481,0.00869,-0.92372
132.93,SYN.ETH-3JAN20,1577098746014,open,0.0,1.0,0.001,0.012,0.002397,80.4,0.001,0.0,ETH-3JAN20-170-C,132.72,77.81,0.002,300.0,0.003,200.0,83.89,0.02148,-0.07938,0.00166,0.00507,0.0443
132.93,SYN.ETH-3JAN20,1577098746014,open,0.29,0.0,0.243,0.324,0.281325,80.94,None,0.0,ETH-3JAN20-170-P,132.72,0.0,0.0,0.0,0.0,0.0,0.0,0.02193,-0.08162,-0.04895,0.00515,-0.95453
135.56,ETH-26JUN20,1577098747542,open,0.28,171.0,0.227,0.329,0.279582,82.27,0.276,0.0,ETH-26JUN20-120-C,132.72,66.15,0.239,49.0,0.286,210.0,84.83,0.34037,-0.07533,0.28463,0.00442,0.69189
135.56,ETH-26JUN20,1577098747626,open,0.28,171.0,0.227,0.329,0.279582,82.27,0.276,0.0,ETH-26JUN20-120-C,132.72,65.76,0.238,49.0,0.286,210.0,84.83,0.34037,-0.07533,0.28463,0.00442,0.69189
132.87,ETH-27DEC19,1577098747780,open,0.03,1559.0,0.013,0.07,0.036937,60.5,0.039,0.0,ETH-27DEC19-130-C,132.72,55.52,0.035,300.0,0.038,300.0,63.39,0.05079,-0.39643,0.00863,0.04478,0.64856
133.69,ETH-27MAR20,1577098748091,open,0.03,7522.0,0.01,0.058,0.028721,89.79,0.028,0.0,ETH-27MAR20-240-C,132.72,88.3,0.027,300.0,0.031,50.0,91.7,0.1568,-0.07419,0.04111,0.00376,0.14701
132.87,ETH-27DEC19,1577098748099,open,0.02,644.0,0.002,0.046,0.015337,60.62,0.013,0.0,ETH-27DEC19-130-P,132.72,57.11,0.014,460.0,0.015,10.0,59.74,0.0508,-0.39729,-0.00518,0.0447,-0.35167
132.87,ETH-27DEC19,1577098748103,open,0.17,126.0,0.147,0.201,0.173685,104.44,0.177,0.0,ETH-27DEC19-110-C,132.72,0.0,0.172,1.0,0.186,31.0,181.52,0.01064,-0.14331,0.01116,0.00543,0.96477
133.69,ETH-27MAR20,1577098748145,open,2.62,0.0,2.487,2.718,2.596337,116.12,None,0.0,ETH-27MAR20-480-P,132.72,0.0,0.004,50.0,0.0,0.0,0.0,0.04793,-0.02933,-1.2389,0.00089,-0.96878
132.87,ETH-27DEC19,1577098748150,open,1.42,100.0,1.339,1.482,1.408369,120.0,0.883,0.0,ETH-27DEC19-320-P,132.72,0.0,0.011,5.0,0.0,0.0,0.0,0.0,0.0,-0.03398,0.0,-1.0
133.69,ETH-27MAR20,1577098748155,open,1.13,161.0,1.041,1.196,1.114073,95.82,1.397,0.0,ETH-27MAR20-280-P,132.72,0.0,0.002,50.0,0.0,0.0,0.0,0.12156,-0.06139,-0.69912,0.00273,-0.89776
133.69,ETH-27MAR20,1577098748157,open,0.42,20.0,0.394,0.45,0.421945,86.62,0.613,0.0,ETH-27MAR20-80-C,132.72,41.39,0.402,44.0,0.436,44.0,102.85,0.10442,-0.04767,0.17195,0.00259,0.91675
133.69,ETH-27MAR20,1577098748157,open,0.02,1037.0,0.007,0.04,0.020344,86.62,0.031,0.0,ETH-27MAR20-80-P,132.72,83.55,0.018,320.0,0.022,300.0,88.71,0.10442,-0.04767,-0.036,0.00259,-0.08325
133.69,ETH-27MAR20,1577098748157,open,1.72,7.0,1.618,1.8,1.703198,104.42,1.702,0.0,ETH-27MAR20-360-P,132.72,0.0,0.01,30.0,0.0,0.0,0.0,0.07627,-0.04197,-0.92012,0.00157,-0.94459
135.56,ETH-26JUN20,1577098748162,open,3.76,0.0,3.588,3.902,3.735552,109.88,None,0.0,ETH-26JUN20-640-P,132.72,0.0,0.011,1.0,0.0,0.0,0.0,0.10951,-0.03237,-3.23031,0.00106,-0.94377
133.69,ETH-27MAR20,1577098748162,open,2.32,0.0,2.197,2.411,2.297791,111.64,None,0.0,ETH-27MAR20-440-P,132.72,0.0,0.003,50.0,0.0,0.0,0.0,0.05301,-0.03119,-1.13374,0.00102,-0.96472
132.87,ETH-27DEC19,1577098748162,open,2.03,15.0,1.923,2.103,2.010461,125.0,1.248,0.0,ETH-27DEC19-400-P,132.72,0.0,0.002,50.0,0.0,0.0,0.0,0.0,0.0,-0.04247,0.0,-1.0
135.56,ETH-26JUN20,1577098748162,open,0.08,539.0,0.041,0.13,0.081515,88.64,0.078,0.0,ETH-26JUN20-240-C,132.72,87.16,0.078,180.0,0.086,470.0,90.5,0.32489,-0.07746,0.1361,0.00392,0.27867
135.56,ETH-26JUN20,1577098748162,open,3.17,0.0,3.017,3.301,3.149877,107.8,None,0.0,ETH-26JUN20-560-P,132.72,0.0,0.01,50.0,0.0,0.0,0.0,0.13307,-0.03859,-2.81495,0.00132,-0.92776
135.56,ETH-26JUN20,1577098748162,open,0.73,0.0,0.638,0.805,0.71934,87.27,None,0.0,ETH-26JUN20-220-P,132.72,0.0,0.622,50.0,0.0,0.0,0.0,0.3462,-0.08127,-0.96563,0.00424,-0.67944
132.87,ETH-27DEC19,1577098748162,open,4.46,0.0,4.261,4.586,4.41883,125.0,None,0.0,ETH-27DEC19-720-P,132.72,0.0,0.004,50.0,0.0,0.0,0.0,0.0,0.0,-0.07645,0.0,-1.0
132.87,ETH-27DEC19,1577098748162,open,0.1,759.0,0.071,0.13,0.101013,80.39,0.094,0.0,ETH-27DEC19-120-C,132.72,42.4,0.097,40.0,0.104,40.0,94.89,0.02435,-0.25252,0.01125,0.01616,0.89818
132.87,ETH-27DEC19,1577098748162,open,1.58,0.0,1.485,1.637,1.558892,109.38,None,0.0,ETH-27DEC19-340-P,132.72,0.0,0.003,9.0,0.0,0.0,0.0,0.0,0.0,-0.0361,0.0,-1.0
132.87,ETH-27DEC19,1577098748162,open,1.88,0.0,1.777,1.948,1.859938,125.0,None,0.0,ETH-27DEC19-380-P,132.72,0.0,0.02,50.0,0.0,0.0,0.0,0.0,0.0,-0.04035,0.0,-1.0
132.93,SYN.ETH-3JAN20,1577098748162,open,0.01,351.0,0.001,0.026,0.008902,65.84,0.01,0.0,ETH-3JAN20-150-C,132.72,61.05,0.007,487.0,0.01,160.0,68.43,0.05519,-0.16706,0.00587,0.01592,0.15721
132.93,SYN.ETH-3JAN20,1577098748162,open,0.02,338.0,0.005,0.046,0.022443,62.3,0.024,0.0,ETH-3JAN20-140-C,132.72,63.18,0.023,29.0,0.024,300.0,64.77,0.08353,-0.23925,0.01235,0.02547,0.33436
132.93,SYN.ETH-3JAN20,1577098748162,open,0.05,1820.0,0.025,0.083,0.053395,60.87,0.054,0.0,ETH-3JAN20-130-C,132.72,57.26,0.051,300.0,0.055,300.0,63.28,0.08839,-0.24733,0.02183,0.02758,0.60445
132.87,ETH-27DEC19,1577098748163,open,2.94,36.0,2.8,3.034,2.9136,125.0,2.65,0.0,ETH-27DEC19-520-P,132.72,0.0,0.003,50.0,0.0,0.0,0.0,0.0,0.0,-0.05522,0.0,-1.0
132.87,ETH-27DEC19,1577098748164,open,0.24,1.0,0.225,0.271,0.247779,120.0,0.276,0.0,ETH-27DEC19-100-C,132.72,0.0,0.247,1.0,0.259,32.0,230.66,0.00337,-0.05219,0.01048,0.0015,0.99087
135.56,ETH-26JUN20,1577098748164,open,2.88,0.0,2.731,2.999,2.856791,105.67,None,0.0,ETH-26JUN20-520-P,132.72,0.0,0.01,50.0,0.0,0.0,0.0,0.14366,-0.04083,-2.60734,0.00145,-0.92012
135.56,ETH-26JUN20,1577098748164,open,0.1,803.0,0.052,0.147,0.096443,87.27,0.093,0.0,ETH-26JUN20-220-C,132.72,85.92,0.093,180.0,0.101,466.0,89.05,0.3462,-0.08127,0.15472,0.00424,0.32056
132.87,ETH-27DEC19,1577098748168,open,2.64,21.0,2.508,2.724,2.612554,125.0,2.37,0.0,ETH-27DEC19-480-P,132.72,0.0,0.002,50.0,0.0,0.0,0.0,0.0,0.0,-0.05097,0.0,-1.0
135.56,ETH-26JUN20,1577098748168,open,2.58,0.0,2.446,2.698,2.564203,103.39,None,0.0,ETH-26JUN20-480-P,132.72,0.0,0.01,50.0,0.0,0.0,0.0,0.15626,-0.04346,-2.39881,0.00161,-0.91064
132.87,ETH-27DEC19,1577098748170,open,2.33,0.0,2.215,2.413,2.311507,125.0,None,0.0,ETH-27DEC19-440-P,132.72,0.0,0.002,50.0,0.0,0.0,0.0,0.0,0.0,-0.04672,0.0,-1.0
135.56,ETH-26JUN20,1577098748169,open,1.71,1.0,1.595,1.806,1.694054,96.82,1.827,0.0,ETH-26JUN20-360-P,132.72,0.0,0.015,2.0,0.0,0.0,0.0,0.21815,-0.05681,-1.76128,0.00241,-0.85728
133.19,SYN.ETH-31JAN20,1577098748170,open,0.02,1369.0,0.004,0.032,0.014779,78.8,0.014,0.0,ETH-31JAN20-100-P,132.72,75.76,0.013,1120.0,0.016,160.0,80.79,0.08009,-0.08116,-0.01727,0.00538,-0.10694
133.69,ETH-27MAR20,1577098748172,open,1.42,10.0,1.328,1.496,1.40704,99.67,1.59,0.0,ETH-27MAR20-320-P,132.72,0.0,0.011,5.0,0.0,0.0,0.0,0.09319,-0.04895,-0.81155,0.00201,-0.92833
133.19,SYN.ETH-31JAN20,1577098748171,open,0.03,1319.0,0.012,0.057,0.030954,71.09,0.037,0.0,ETH-31JAN20-160-C,132.72,69.19,0.029,128.0,0.033,757.0,73.05,0.13811,-0.12628,0.03107,0.01028,0.24996
135.56,ETH-26JUN20,1577098748175,open,0.17,1652.0,0.114,0.219,0.164799,82.27,0.16,0.0,ETH-26JUN20-120-P,132.72,79.97,0.159,300.0,0.169,210.0,83.95,0.34037,-0.07533,-0.32646,0.00442,-0.30811
133.69,ETH-27MAR20,1577098748175,open,0.05,367.0,0.024,0.081,0.049327,80.38,0.099,0.0,ETH-27MAR20-100-P,132.72,77.88,0.046,620.0,0.052,789.0,82.37,0.17917,-0.0759,-0.07987,0.0048,-0.18051
135.56,ETH-26JUN20,1577098748177,open,2.0,0.0,1.878,2.102,1.982998,99.46,None,0.0,ETH-26JUN20-400-P,132.72,0.0,0.01,50.0,0.0,0.0,0.0,0.19474,-0.0521,-1.97569,0.00209,-0.87892
133.69,ETH-27MAR20,1577098748177,open,2.92,0.0,2.778,3.025,2.894548,118.71,None,0.0,ETH-27MAR20-520-P,132.72,0.0,0.006,50.0,0.0,0.0,0.0,0.04129,-0.02583,-1.34431,0.00075,-0.97391
133.69,ETH-27MAR20,1577098748177,open,3.22,0.0,3.068,3.331,3.192702,120.0,None,0.0,ETH-27MAR20-560-P,132.72,0.0,0.02,50.0,0.0,0.0,0.0,0.03426,-0.02167,-1.44972,0.00061,-0.9791
132.93,SYN.ETH-3JAN20,1577098748177,open,0.14,0.0,0.101,0.176,0.13729,65.84,None,0.0,ETH-3JAN20-150-P,132.72,60.02,0.135,40.0,0.142,40.0,76.33,0.05519,-0.16706,-0.03882,0.01592,-0.84279
135.56,ETH-26JUN20,1577098748179,open,0.48,426.0,0.395,0.546,0.468973,84.66,0.47,0.0,ETH-26JUN20-180-P,132.72,76.78,0.447,210.0,0.519,200.0,102.32,0.38057,-0.08667,-0.71477,0.0048,-0.56642
132.87,ETH-27DEC19,1577098748232,open,3.55,0.0,3.384,3.655,3.515692,125.0,0.953,0.0,ETH-27DEC19-600-P,132.72,0.0,0.02,50.0,0.0,0.0,0.0,0.0,0.0,-0.06371,0.0,-1.0
132.93,SYN.ETH-3JAN20,1577098748232,open,0.25,0.0,0.225,0.276,0.250309,96.42,None,0.0,ETH-3JAN20-100-C,132.72,0.0,0.247,1.0,0.0,0.0,0.0,0.01833,-0.08124,0.02825,0.00361,0.96356
133.19,SYN.ETH-31JAN20,1577098748232,open,0.07,354.0,0.039,0.103,0.067384,68.06,0.069,0.0,ETH-31JAN20-140-C,132.72,66.22,0.065,39.0,0.071,736.0,70.86,0.17229,-0.15082,0.05495,0.0134,0.45479
133.69,ETH-27MAR20,1577098748234,open,0.19,642.0,0.135,0.239,0.185862,77.93,0.239,0.0,ETH-27MAR20-140-P,132.72,75.54,0.181,300.0,0.19,320.0,79.98,0.27099,-0.1113,-0.2269,0.00748,-0.46709
132.87,ETH-27DEC19,1577098748234,open,3.24,0.0,3.092,3.344,3.214646,125.0,0.845,0.0,ETH-27DEC19-560-P,132.72,0.0,0.02,50.0,0.0,0.0,0.0,0.0,0.0,-0.05946,0.0,-1.0
132.87,ETH-27DEC19,1577098748236,open,3.85,0.0,3.677,3.965,3.816738,125.0,None,0.0,ETH-27DEC19-640-P,132.72,0.0,0.02,50.0,0.0,0.0,0.0,0.0,0.0,-0.06796,0.0,-1.0
132.87,ETH-27DEC19,1577098748236,open,4.15,1.0,3.969,4.275,4.117784,207.03,2.792,0.0,ETH-27DEC19-680-P,132.72,0.0,0.02,50.0,0.0,0.0,0.0,0.0,0.0,-0.0722,0.0,-1.0
132.87,ETH-27DEC19,1577098748236,open,1.73,257.0,1.631,1.793,1.709415,125.0,0.995,0.0,ETH-27DEC19-360-P,132.72,0.0,0.02,50.0,0.0,0.0,0.0,0.0,0.0,-0.03823,0.0,-1.0
135.56,ETH-26JUN20,1577098748236,open,0.1,543.0,0.058,0.138,0.095554,82.63,0.095,0.0,ETH-26JUN20-100-P,132.72,80.9,0.092,300.0,0.099,250.0,84.31,0.27782,-0.06175,-0.21007,0.00359,-0.20874
133.69,ETH-27MAR20,1577098748236,open,0.09,1328.0,0.055,0.137,0.094502,79.37,0.095,0.0,ETH-27MAR20-160-C,132.72,77.08,0.09,575.0,0.099,300.0,81.64,0.2641,-0.11046,0.10774,0.00716,0.40453
133.69,ETH-27MAR20,1577098748238,open,2.02,5.0,1.907,2.106,2.000416,108.77,2.004,0.0,ETH-27MAR20-400-P,132.72,0.0,0.046,50.0,0.0,0.0,0.0,0.06421,-0.03681,-1.02714,0.00127,-0.95534
133.69,ETH-27MAR20,1577098748238,open,0.11,1372.0,0.065,0.148,0.104428,78.38,0.1,0.0,ETH-27MAR20-120-P,132.72,75.94,0.1,352.0,0.108,563.0,80.34,0.24347,-0.10056,-0.14719,0.00669,-0.31912
132.87,ETH-27DEC19,1577098748238,open,4.76,1.0,4.553,4.896,4.719877,125.0,3.236,0.0,ETH-27DEC19-760-P,132.72,0.0,0.02,50.0,0.0,0.0,0.0,0.0,0.0,-0.0807,0.0,-1.0
133.19,SYN.ETH-31JAN20,1577098748238,open,0.01,1178.0,0.001,0.019,0.006373,89.13,0.006,0.0,ETH-31JAN20-220-C,132.72,85.2,0.005,1080.0,0.008,780.0,93.21,0.04977,-0.05705,0.00719,0.00296,0.05705
133.69,ETH-27MAR20,1577098748240,open,3.52,0.0,3.358,3.637,3.490873,120.0,None,0.0,ETH-27MAR20-600-P,132.72,0.0,0.03,50.0,0.0,0.0,0.0,0.02706,-0.01712,-1.55509,0.00049,-0.98415
133.69,ETH-27MAR20,1577098748244,open,3.82,0.0,3.648,3.943,3.789336,120.0,None,0.0,ETH-27MAR20-640-P,132.72,0.0,0.01,50.0,0.0,0.0,0.0,0.02146,-0.01357,-1.66011,0.00038,-0.98789
135.56,ETH-26JUN20,1577098748246,open,2.29,0.0,2.161,2.4,2.273092,101.57,None,0.0,ETH-26JUN20-440-P,132.72,0.0,0.01,50.0,0.0,0.0,0.0,0.17408,-0.04756,-2.18809,0.00183,-0.8965
135.56,ETH-26JUN20,1577098748246,open,3.47,0.0,3.302,3.6,3.442331,108.69,None,0.0,ETH-26JUN20-600-P,132.72,0.0,0.01,50.0,0.0,0.0,0.0,0.11974,-0.03501,-3.0232,0.00118,-0.93698
132.87,ETH-27DEC19,1577098748248,open,1.27,1.0,1.192,1.327,1.257846,120.0,0.494,0.0,ETH-27DEC19-300-P,132.72,0.0,0.02,50.0,0.0,0.0,0.0,0.0,0.0,-0.03186,0.0,-1.0
7527.21,BTC-27DEC19,1577098748359,open,0.13,3.0,0.1075,0.158,0.13093052,72.19,0.12,0.0,BTC-27DEC19-8500-P,7525.53,0.0,0.0005,1.0,0.283,0.1,490.5,0.86478,-8.05332,-0.85983,0.0002,-0.94484
7761.4,BTC-26JUN20,1577098748359,open,0.62,17.8,0.609,0.638,0.62126673,82.14,0.623,0.0,BTC-26JUN20-3000-C,7525.53,58.73,0.6145,8.3,0.6315,8.0,99.97,3.53345,-0.78072,13.87205,1e-05,0.97224
7604.0,BTC-27MAR20,1577098748360,open,0.17,302.8,0.127,0.2105,0.16477637,66.05,0.1535,0.0,BTC-27MAR20-8000-P,7525.53,64.69,0.162,1.0,0.1675,7.0,67.39,15.46378,-5.38291,-13.00055,0.00016,-0.49297
7761.4,BTC-26JUN20,1577098748360,open,0.08,402.2,0.046,0.129,0.08027322,76.58,0.0765,0.0,BTC-26JUN20-12000-C,7525.53,75.25,0.077,5.0,0.084,11.0,78.07,19.25995,-3.96732,8.68796,8e-05,0.30008
7556.74,SYN.BTC-31JAN20,1577098748359,open,0.07,171.2,0.0535,0.114,0.06838417,55.64,0.0685,0.0,BTC-31JAN20-7500-P,7525.53,54.18,0.0665,13.0,0.07,2.0,56.9,9.75296,-6.97994,-4.15111,0.00029,-0.44737
7527.2,BTC-27DEC19,1577098748360,open,4.33,0.0,4.21,4.4225,4.31403983,0.0,2.58,0.0,BTC-27DEC19-40000-P,7525.53,0.0,0.001,1.0,0.0,0.0,0.0,0.0,0.0,-4.24734,0.0,-1.0
7527.2,BTC-27DEC19,1577098748361,open,4.86,0.0,4.731,4.9645,4.84544381,0.0,3.46,0.0,BTC-27DEC19-44000-P,7525.53,0.0,0.001,1.0,0.0,0.0,0.0,0.0,0.0,-4.67207,0.0,-1.0
7527.2,BTC-27DEC19,1577098748362,open,0.04,17.5,0.02,0.0685,0.03888515,49.93,0.0375,0.0,BTC-27DEC19-7750-P,7525.53,45.97,0.0375,15.1,0.0405,0.8,54.41,2.67273,-17.21511,-0.59523,0.00089,-0.70584
7527.2,BTC-27DEC19,1577098748362,open,0.0,1379.7,0.0005,0.0175,0.00400889,62.38,0.0035,0.0,BTC-27DEC19-7000-P,7525.53,59.88,0.0035,27.0,0.0045,10.0,64.67,1.57574,-12.68099,-0.10124,0.00042,-0.12266
7761.39,BTC-26JUN20,1577098748362,open,0.24,131.8,0.2055,0.295,0.24648252,72.33,0.2385,0.0,BTC-26JUN20-7000-C,7525.53,69.22,0.2385,13.0,0.249,13.0,73.31,19.8949,-3.87075,16.99892,9e-05,0.67657
7761.39,BTC-26JUN20,1577098748362,open,0.12,365.2,0.08,0.172,0.12005497,73.95,0.124,0.0,BTC-26JUN20-10000-C,7525.53,72.85,0.117,6.0,0.1235,13.9,75.19,21.5848,-4.29366,11.63184,0.0001,0.41435
7527.2,BTC-27DEC19,1577098748362,open,0.01,457.0,0.0005,0.033,0.00928993,49.94,0.0105,0.0,BTC-27DEC19-7750-C,7525.53,49.12,0.009,0.1,0.01,6.6,51.93,2.67293,-17.22035,0.22773,0.00089,0.29421
7533.12,SYN.BTC-3JAN20,1577098748361,open,0.24,0.0,0.2215,0.256,0.23790858,80.62,None,0.0,BTC-3JAN20-5750-C,7525.53,0.0,0.2365,0.1,0.251,7.0,141.17,0.68724,-2.54706,1.6608,5e-05,0.97782
7556.74,SYN.BTC-31JAN20,1577098748362,open,0.02,510.3,0.0125,0.0505,0.02309329,60.13,0.022,0.0,BTC-31JAN20-6500-P,7525.53,58.34,0.0215,29.0,0.024,2.0,61.14,6.76396,-5.23141,-1.74189,0.00018,-0.19333
7556.74,SYN.BTC-31JAN20,1577098748359,open,0.03,699.7,0.021,0.0685,0.03081345,56.4,0.0295,0.0,BTC-31JAN20-8500-C,7525.53,54.77,0.029,13.0,0.032,16.0,57.45,8.47148,-6.145,2.10364,0.00025,0.29218
7761.39,BTC-26JUN20,1577098748364,open,0.15,189.9,0.108,0.2025,0.15028654,72.82,0.1505,0.0,BTC-26JUN20-9000-C,7525.53,71.32,0.146,1.0,0.1535,10.0,73.95,22.0891,-4.32715,13.42715,0.0001,0.49
7527.2,BTC-27DEC19,1577098748364,open,0.1,221.6,0.0855,0.1275,0.1056549,73.44,0.1055,0.0,BTC-27DEC19-6750-C,7525.53,63.67,0.1045,10.0,0.1065,10.0,79.12,1.0381,-9.83509,0.6591,0.00023,0.93029
7527.2,BTC-27DEC19,1577098748364,open,0.02,1396.7,0.006,0.0435,0.02155175,47.99,0.021,0.0,BTC-27DEC19-7500-C,7525.53,46.65,0.021,0.1,0.0225,0.1,50.31,3.07957,-19.06762,0.41358,0.00107,0.539
7603.99,BTC-27MAR20,1577098748365,open,0.05,607.6,0.026,0.085,0.05001225,69.07,0.054,0.0,BTC-27MAR20-10000-C,7525.53,67.88,0.048,1.0,0.052,20.0,70.24,12.90465,-4.69729,4.4205,0.00012,0.27366
7533.12,SYN.BTC-3JAN20,1577098748361,open,0.0,132.1,0.0005,0.0155,0.00418131,63.43,0.0035,0.0,BTC-3JAN20-6500-P,7525.53,60.68,0.0035,44.2,0.0045,0.1,64.65,1.94185,-5.66305,-0.19002,0.00018,-0.08048
7533.12,SYN.BTC-3JAN20,1577098748363,open,0.02,157.5,0.0115,0.0525,0.02166259,48.9,0.0225,0.0,BTC-3JAN20-7750-C,7525.53,46.37,0.02,20.0,0.023,10.0,50.92,4.96805,-11.16792,0.81407,0.0006,0.38434
7533.12,SYN.BTC-3JAN20,1577098748360,open,0.2,0.2,0.188,0.2255,0.20555378,76.53,0.162,0.0,BTC-3JAN20-6000-C,7525.53,0.0,0.2035,0.1,0.2195,7.0,129.46,1.04779,-3.68642,1.70053,8e-05,0.96316
7556.74,SYN.BTC-31JAN20,1577098748360,open,0.04,208.0,0.028,0.079,0.04102838,57.48,0.0415,0.0,BTC-31JAN20-7000-P,7525.53,57.02,0.0405,2.0,0.042,10.8,58.33,8.67504,-6.41365,-2.80858,0.00025,-0.30792
7533.12,SYN.BTC-3JAN20,1577098748359,open,0.27,0.0,0.2555,0.2875,0.27064737,85.68,None,0.0,BTC-3JAN20-5500-C,7525.53,0.0,0.2695,0.1,0.2825,7.0,152.27,0.46037,-1.81333,1.60597,3e-05,0.98613
7533.12,SYN.BTC-3JAN20,1577098748365,open,0.05,1.2,0.034,0.0865,0.05044816,48.89,0.043,0.0,BTC-3JAN20-7750-P,7525.53,46.69,0.049,15.0,0.053,15.0,52.74,4.96796,-11.16598,-1.49519,0.0006,-0.61568
7533.12,SYN.BTC-3JAN20,1577098748365,open,0.03,29.3,0.0185,0.0655,0.03122255,48.59,0.031,0.0,BTC-3JAN20-7500-P,7525.53,46.8,0.03,15.0,0.032,10.0,49.72,5.16451,-11.53583,-1.10791,0.00063,-0.46237
133.19,SYN.ETH-31JAN20,1577098749065,open,0.03,1319.0,0.012,0.057,0.030954,71.09,0.037,0.0,ETH-31JAN20-160-C,132.72,69.19,0.029,128.0,0.033,468.0,73.05,0.13811,-0.12628,0.03107,0.01028,0.24996
132.87,ETH-27DEC19,1577098749147,open,0.03,1559.0,0.013,0.07,0.036937,60.62,0.039,0.0,ETH-27DEC19-130-C,132.72,55.52,0.035,300.0,0.039,300.0,65.99,0.0508,-0.39729,0.00863,0.0447,0.64833
135.55,ETH-26JUN20,1577098749282,open,0.6,245.0,0.513,0.673,0.591064,85.87,0.71,0.0,ETH-26JUN20-200-P,132.71,0.0,0.001,10.0,0.63,1.0,100.01,0.36564,-0.08446,-0.84198,0.00455,-0.62869
135.56,ETH-26JUN20,1577098750672,open,0.58,1.0,0.554,0.603,0.577708,90.33,0.69,0.0,ETH-26JUN20-60-C,132.71,47.6,0.558,53.0,0.587,53.0,100.96,0.1096,-0.02663,0.25266,0.0013,0.94371
132.87,ETH-27DEC19,1577098751091,open,0.29,1.0,0.243,0.321,0.280005,107.22,0.283,0.0,ETH-27DEC19-170-P,132.71,0.0,0.001,10.0,1.442,10.0,500.0,0.00513,-0.07093,-0.01785,0.00255,-0.98519
135.55,ETH-26JUN20,1577098751091,open,0.03,667.0,0.008,0.061,0.027292,101.57,0.029,0.0,ETH-26JUN20-440-C,132.71,99.75,0.025,140.0,0.03,740.0,103.63,0.17405,-0.04755,0.05259,0.00183,0.10348
132.87,ETH-27DEC19,1577098751091,open,0.0,16676.0,0.001,0.011,0.0,119.99,0.002,0.0,ETH-27DEC19-640-C,132.71,0.0,0.0,0.0,0.001,300.0,500.0,0.0,0.0,0.0,0.0,0.0
