underlying_price,underlying_index,timestamp,state,settlement_price,open_interest,min_price,max_price,mark_price,mark_iv,last_price,interest_rate,instrument_name,index_price,bid_iv,best_bid_price,best_bid_amount,best_ask_price,best_ask_amount,ask_iv,vega,theta,rho,gamma,delta
10504.74,SYN.BTC-16AUG19,1565780340008,open,0.1,8.5,0.0775,0.121,0.09841146,102.66,0.11,0.0,BTC-16AUG19-9500-C,10498.33,0.0,0.0955,10.0,0.1055,4.0,151.33,1.1229,-30.72836,0.44334,0.00019,0.91968
206.7,SYN.ETH-23AUG19,1565780340046,open,0.01,70.0,0.001,0.026,0.009692,85.66,0.011,0.0,ETH-23AUG19-180-P,206.07,80.49,0.008,450.0,0.011,250.0,89.43,0.07006,-0.33805,-0.00728,0.00787,-0.13521
10649.24,BTC-27SEP19,1565780340058,open,0.01,655.1,0.0005,0.019,0.00674391,100.92,0.007,0.0,BTC-27SEP19-20000-C,10498.33,100.25,0.0065,5.0,0.007,5.3,101.6,3.92503,-4.51387,0.57855,3e-05,0.05194
10649.24,BTC-27SEP19,1565780340091,open,0.0,472.5,0.0005,0.0135,0.00352717,101.23,0.004,0.0,BTC-27SEP19-22000-C,10498.33,96.28,0.0025,47.0,0.0045,6.2,105.12,2.46082,-2.83882,0.32943,2e-05,0.02926
206.2,SYN.ETH-16AUG19,1565780340094,open,0.03,434.0,0.006,0.065,0.033827,81.36,0.034,0.0,ETH-16AUG19-210-P,206.07,74.68,0.032,150.0,0.036,200.0,89.23,0.05664,-1.22845,-0.00684,0.03186,-0.61171
10552.91,SYN.BTC-30AUG19,1565780340114,open,0.0,925.8,0.0005,0.011,0.00147069,99.03,0.002,0.0,BTC-30AUG19-7000-P,10498.33,93.38,0.001,36.6,0.002,10.6,104.16,0.98698,-3.07841,-0.09064,2e-05,-0.01828
206.2,SYN.ETH-16AUG19,1565780340152,open,0.0,39.0,0.001,0.011,0.0,119.99,0.001,0.0,ETH-16AUG19-310-C,206.07,0.0,0.0,0.0,0.001,250.0,254.97,0.0,0.0,0.0,0.0,0.0
206.7,SYN.ETH-23AUG19,1565780340189,open,0.33,0.0,0.302,0.345,0.323644,118.72,None,0.0,ETH-23AUG19-140-C,206.07,0.0,0.0,0.0,0.0,0.0,0.0,0.01151,-0.07697,0.03329,0.00093,0.98599
10649.24,BTC-27SEP19,1565780340222,open,0.02,569.0,0.0095,0.0465,0.02574795,89.49,0.026,0.0,BTC-27SEP19-8000-P,10498.33,88.52,0.025,4.0,0.0265,34.3,90.46,8.24697,-8.4105,-2.1311,7e-05,-0.14073
206.2,SYN.ETH-16AUG19,1565780340305,open,0.49,0.0,0.46,0.55,0.503449,191.13,None,0.0,ETH-16AUG19-310-P,206.07,0.0,0.0,0.0,0.0,0.0,0.0,0.00086,-0.04391,-0.01591,0.00021,-0.99818
206.2,SYN.ETH-16AUG19,1565780340363,open,0.07,173.0,0.038,0.106,0.071495,84.63,0.065,0.0,ETH-16AUG19-220-P,206.07,75.0,0.07,50.0,0.077,50.0,113.12,0.03443,-0.77675,-0.00977,0.01862,-0.85021
206.7,SYN.ETH-23AUG19,1565780340379,open,0.0,0.0,0.001,0.011,0.000996,119.18,None,0.0,ETH-23AUG19-140-P,206.07,0.0,0.0,0.0,0.002,504.0,133.15,0.01171,-0.07861,-0.00077,0.00095,-0.01429
206.2,SYN.ETH-16AUG19,1565780340462,open,0.0,1196.0,0.001,0.011,0.001182,88.79,0.003,0.0,ETH-16AUG19-230-C,206.07,0.0,0.0,0.0,0.002,250.0,98.92,0.01428,-0.24367,0.00048,0.00736,0.04607
206.2,SYN.ETH-16AUG19,1565780340556,open,0.11,51.0,0.083,0.152,0.116644,89.53,0.1,0.0,ETH-16AUG19-230-P,206.07,0.0,0.109,200.0,0.124,200.0,146.72,0.01463,-0.34911,-0.01133,0.00748,-0.95252
10649.29,BTC-27SEP19,1565780340571,open,0.0,416.5,0.0005,0.0105,0.00053873,114.68,0.0005,0.0,BTC-27SEP19-4000-P,10498.33,0.0,0.0,0.0,0.001,2.0,123.83,0.42645,-0.55729,-0.05667,0.0,-0.00389
206.7,SYN.ETH-23AUG19,1565780340581,open,0.05,233.0,0.017,0.074,0.045761,85.18,0.049,0.0,ETH-23AUG19-210-C,206.07,79.12,0.042,150.0,0.049,150.0,90.39,0.12841,-0.61617,0.02177,0.01451,0.47886
10862.32,BTC-27DEC19,1565780340625,open,0.44,63.0,0.4105,0.468,0.4395068,89.34,0.4965,0.0,BTC-27DEC19-6500-C,10498.37,0.0,0.384,10.0,0.485,10.0,124.54,12.56033,-4.15987,18.01042,3e-05,0.88821
10862.32,BTC-27DEC19,1565780340625,open,0.77,0.0,0.7615,0.781,0.77120944,108.43,None,0.0,BTC-27DEC19-2500-C,10498.37,0.0,0.7045,10.0,0.8345,10.0,269.12,0.99897,-0.40156,8.9722,0.0,0.99474
10862.32,BTC-27DEC19,1565780340625,open,0.68,4.0,0.671,0.6905,0.68051877,93.65,0.64,0.0,BTC-27DEC19-3500-C,10498.37,0.0,0.618,10.0,0.74,10.0,205.16,1.98447,-0.68892,12.3628,0.0,0.98852
10862.36,BTC-27DEC19,1565780340625,open,0.35,204.5,0.305,0.3825,0.34532891,89.34,0.4065,0.0,BTC-27DEC19-8000-C,10498.37,84.73,0.3375,17.7,0.346,17.7,89.73,18.59297,-6.15784,18.17242,5e-05,0.79807
10862.36,BTC-27DEC19,1565780340626,open,0.82,0.0,0.807,0.8265,0.81660605,114.98,None,0.0,BTC-27DEC19-2000-C,10498.37,0.0,0.748,10.0,0.8825,10.0,319.39,0.56746,-0.24188,7.24889,0.0,0.9972
10862.36,BTC-27DEC19,1565780340626,open,0.73,0.0,0.7155,0.735,0.72535651,97.01,None,0.0,BTC-27DEC19-3000-C,10498.37,0.0,0.661,10.0,0.787,10.0,232.98,1.22632,-0.44102,10.75779,0.0,0.99337
10862.36,BTC-27DEC19,1565780340625,open,0.02,93.1,0.007,0.0355,0.01893922,89.34,0.014,0.0,BTC-27DEC19-5500-P,10498.37,86.73,0.017,6.0,0.0195,18.0,90.08,8.23893,-2.7287,-3.31587,2e-05,-0.06367
10649.29,BTC-27SEP19,1565780340626,open,0.58,289.7,0.5685,0.5885,0.57846279,110.25,0.588,0.0,BTC-27SEP19-4500-C,10498.37,0.0,0.5205,8.0,0.6325,8.0,270.02,0.74205,-0.93231,5.3034,0.0,0.99275
10862.36,BTC-27DEC19,1565780340626,open,0.72,12.4,0.6655,0.797,0.7300806,93.39,0.559,0.0,BTC-27DEC19-18000-P,10498.37,0.0,0.004,5.0,1.4935,0.2,500.0,21.92614,-7.5911,-58.51273,5e-05,-0.72768
10649.29,BTC-27SEP19,1565780340626,open,0.27,48.1,0.2325,0.322,0.27737694,92.0,0.24,0.0,BTC-27SEP19-13000-P,10498.37,84.73,0.2685,6.8,0.2865,6.8,99.25,13.21518,-13.85461,-12.24711,0.00011,-0.67934
10528.87,SYN.BTC-23AUG19,1565780340625,open,0.19,35.2,0.1665,0.23,0.19703708,94.96,0.162,0.0,BTC-23AUG19-12500-P,10498.37,0.0,0.1645,3.0,0.235,3.0,175.34,3.63664,-19.45442,-2.70889,0.00014,-0.861
10528.87,SYN.BTC-23AUG19,1565780340625,open,0.37,0.0,0.3505,0.412,0.37906698,105.59,None,0.0,BTC-23AUG19-14500-P,10498.37,0.0,0.0,0.0,0.0,0.0,0.0,1.15875,-6.89268,-3.45055,4e-05,-0.96865
10649.29,BTC-27SEP19,1565780340627,open,0.0,125.2,0.0005,0.0105,0.00032187,115.0,0.0005,0.0,BTC-27SEP19-3750-P,10498.37,0.0,0.0,0.0,0.0015,34.1,138.94,0.27855,-0.36505,-0.03514,0.0,-0.00242
10649.29,BTC-27SEP19,1565780340627,open,0.45,713.5,0.426,0.4565,0.4405837,94.84,0.362,0.0,BTC-27SEP19-6000-C,10498.37,67.72,0.437,13.3,0.444,13.3,107.57,2.38018,-2.57237,6.80135,2e-05,0.97189
10862.36,BTC-27DEC19,1565780340627,open,0.01,150.2,0.003,0.035,0.01426649,98.81,0.0195,0.0,BTC-27DEC19-32000-C,10498.37,96.49,0.0125,19.0,0.016,16.0,100.94,8.573,-3.1404,2.11739,2e-05,0.06702
10862.36,BTC-27DEC19,1565780340627,open,0.0,99.9,0.0005,0.0105,0.00072912,115.0,0.0005,0.0,BTC-27DEC19-2000-P,10498.37,0.0,0.0,0.0,0.0015,17.0,126.3,0.56801,-0.24215,-0.14172,0.0,-0.0028
10862.36,BTC-27DEC19,1565780340628,open,0.02,142.5,0.0055,0.047,0.02147426,97.44,0.0265,0.0,BTC-27DEC19-28000-C,10498.37,96.0,0.02,16.0,0.0235,26.0,99.35,11.28058,-4.07497,3.00717,3e-05,0.09639
10862.36,BTC-27DEC19,1565780340628,open,0.49,206.6,0.429,0.557,0.49365666,92.03,0.454,0.0,BTC-27DEC19-15000-P,10498.37,0.0,0.1,0.1,1.2305,0.2,500.0,25.2043,-8.59884,-44.57417,6e-05,-0.61684
10528.87,SYN.BTC-23AUG19,1565780340625,open,0.09,8.9,0.052,0.1095,0.0818668,87.49,0.0815,0.0,BTC-23AUG19-10000-C,10498.37,86.84,0.0815,18.0,0.087,22.0,96.55,5.93008,-29.22726,1.51139,0.00025,0.67219
10528.87,SYN.BTC-23AUG19,1565780340625,open,0.0,28.6,0.0005,0.011,0.00138629,109.14,0.003,0.0,BTC-23AUG19-15000-C,10498.37,104.12,0.001,1.0,0.0015,4.5,110.45,0.89641,-5.51156,0.05547,3e-05,0.02305
10552.95,SYN.BTC-30AUG19,1565780340628,open,0.44,0.0,0.42,0.4445,0.43193066,113.15,None,0.0,BTC-30AUG19-6000-C,10498.37,0.0,0.3815,4.0,0.479,4.0,304.47,0.37554,-1.33829,2.5798,1e-05,0.99398
10649.29,BTC-27SEP19,1565780340628,open,0.0,405.8,0.0005,0.0105,6.44e-06,115.0,0.0005,0.0,BTC-27SEP19-2500-P,10498.37,0.0,0.0,0.0,0.0005,6.0,165.61,0.00947,-0.01241,-0.00089,0.0,-6e-05
10528.87,SYN.BTC-23AUG19,1565780340625,open,0.0,93.4,0.0005,0.015,0.00397987,99.11,0.004,0.0,BTC-23AUG19-13500-C,10498.37,96.54,0.0035,30.0,0.0045,5.3,101.72,2.02885,-11.32779,0.15081,8e-05,0.06288
10649.33,BTC-27SEP19,1565780340629,open,0.0,289.2,0.0005,0.012,0.00224403,104.03,0.0025,0.0,BTC-27SEP19-24000-C,10498.37,98.78,0.0015,8.0,0.003,5.4,108.26,1.71971,-2.03868,0.21587,1e-05,0.01911
10862.36,BTC-27DEC19,1565780340629,open,0.12,346.0,0.0785,0.1635,0.1212474,89.34,0.116,0.0,BTC-27DEC19-9000-P,10498.37,86.47,0.1155,5.0,0.1185,11.8,87.97,21.76501,-7.20846,-15.63736,6e-05,-0.26833
10862.36,BTC-27DEC19,1565780340630,open,0.86,0.1,0.8525,0.872,0.8620761,114.95,0.84,0.0,BTC-27DEC19-1500-C,10498.37,0.0,0.792,10.0,0.8995,10.0,302.91,0.16635,-0.07089,5.50683,0.0,0.99927
10649.33,BTC-27SEP19,1565780340630,open,0.81,28.2,0.8025,0.822,0.81219367,0.0,0.755,0.0,BTC-27SEP19-2000-C,10498.37,0.0,0.7445,8.0,0.8785,8.0,500.0,0.0,0.0,2.40415,0.0,1.0
10528.87,SYN.BTC-23AUG19,1565780340625,open,0.11,27.8,0.0835,0.15,0.11677948,91.81,0.119,0.0,BTC-23AUG19-11500-P,10498.37,80.76,0.111,3.0,0.1165,18.0,91.29,5.64718,-29.2077,-2.10913,0.00023,-0.707
10504.78,SYN.BTC-16AUG19,1565780340625,open,0.0,30.4,0.0005,0.0105,9.01e-06,115.0,0.0005,0.0,BTC-16AUG19-8000-P,10498.37,0.0,0.0,0.0,0.0005,10.0,171.47,0.01116,-0.09463,-0.00023,0.0,-0.00041
10862.36,BTC-27DEC19,1565780340631,open,0.15,243.3,0.101,0.2,0.15198744,90.54,0.156,0.0,BTC-27DEC19-13000-C,10498.37,89.51,0.1495,5.0,0.1545,10.0,91.58,26.30783,-8.83001,13.14905,7e-05,0.47958
10504.78,SYN.BTC-16AUG19,1565780340625,open,0.0,2.0,0.0005,0.0105,3.4e-07,115.0,0.0005,0.0,BTC-16AUG19-7500-P,10498.37,0.0,0.0,0.0,0.0005,20.0,207.05,0.0006,-0.00354,-1e-05,0.0,-2e-05
10504.78,SYN.BTC-16AUG19,1565780340625,open,0.14,88.4,0.12,0.1715,0.14378761,108.09,0.129,0.0,BTC-16AUG19-12000-P,10498.37,0.0,0.115,3.0,0.18,3.0,300.73,0.73429,-21.15834,-0.59229,0.00012,-0.95339
10649.33,BTC-27SEP19,1565780340631,open,0.0,373.6,0.0005,0.011,0.00102815,110.28,0.0015,0.0,BTC-27SEP19-4500-P,10498.37,100.78,0.0005,22.6,0.0015,6.0,116.21,0.74301,-0.93377,-0.1061,0.0,-0.00726
10504.78,SYN.BTC-16AUG19,1565780340625,open,0.37,0.0,0.3535,0.4085,0.38032987,128.48,0.256,0.0,BTC-16AUG19-14500-P,10498.37,0.0,0.0,0.0,0.0,0.0,0.0,0.00773,-0.26461,-0.74499,0.0,-0.99972
10504.78,SYN.BTC-16AUG19,1565780340625,open,0.05,450.7,0.03,0.0855,0.05765927,95.69,0.0535,0.0,BTC-16AUG19-11000-P,10498.37,76.87,0.0535,6.0,0.0585,0.1,99.26,2.45214,-62.54588,-0.42953,0.00045,-0.73802
10528.87,SYN.BTC-23AUG19,1565780340625,open,0.15,5.6,0.123,0.1885,0.15533208,93.31,0.118,0.0,BTC-23AUG19-12000-P,10498.37,0.0,0.1235,3.0,0.1925,3.0,163.91,4.65649,-24.47641,-2.43474,0.00019,-0.79562
10862.36,BTC-27DEC19,1565780340631,open,0.28,107.3,0.224,0.339,0.28285052,89.99,0.2485,0.0,BTC-27DEC19-12000-P,10498.37,87.98,0.278,9.0,0.2865,4.0,91.5,26.23247,-8.75122,-29.96056,7e-05,-0.46357
10528.87,SYN.BTC-23AUG19,1565780340625,open,0.46,0.0,0.4435,0.506,0.4730418,110.52,None,0.0,BTC-23AUG19-15500-P,10498.37,0.0,0.0,0.0,0.0,0.0,0.0,0.63875,-3.97698,-3.7318,2e-05,-0.98452
10552.95,SYN.BTC-30AUG19,1565780340627,open,0.17,21.1,0.1385,0.191,0.16527858,88.19,0.2905,0.0,BTC-30AUG19-9000-C,10498.37,63.55,0.154,9.0,0.2015,4.0,147.5,5.55215,-15.42174,3.05484,0.00013,0.83082
206.2,SYN.ETH-16AUG19,1565780340651,open,0.0,1069.0,0.001,0.011,0.000489,100.36,0.001,0.0,ETH-16AUG19-240-C,206.07,0.0,0.0,0.0,0.001,650.0,112.37,0.00687,-0.10076,0.0002,0.00313,0.01906
10862.36,BTC-27DEC19,1565780340655,open,0.1,211.4,0.0535,0.1425,0.09734561,92.57,0.1,0.0,BTC-27DEC19-16000-C,10498.37,91.06,0.094,10.0,0.1005,19.1,93.98,24.24934,-8.32133,9.82161,6e-05,0.34204
209.16,ETH-27SEP19,1565780340690,open,0.11,1000.0,0.068,0.145,0.10864,94.13,0.11,0.0,ETH-27SEP19-220-C,206.07,90.05,0.103,120.0,0.112,320.0,96.56,0.28929,-0.31031,0.09923,0.00584,0.50333
207.19,SYN.ETH-30AUG19,1565780340690,open,0.0,2290.0,0.001,0.012,0.002452,105.41,0.005,0.0,ETH-30AUG19-320-C,206.07,92.48,0.001,250.0,0.004,750.0,114.49,0.03014,-0.10006,0.00256,0.00153,0.03092
211.87,ETH-27DEC19,1565780340692,open,0.01,1497.0,0.001,0.025,0.009936,105.18,0.009,0.0,ETH-27DEC19-760-C,206.07,97.47,0.006,350.0,0.012,50.0,108.46,0.12569,-0.04901,0.02875,0.00072,0.04666
209.16,ETH-27SEP19,1565780340701,open,0.03,7890.0,0.013,0.056,0.032441,93.71,0.031,0.0,ETH-27SEP19-160-P,206.07,90.8,0.03,160.0,0.035,569.0,96.69,0.17773,-0.18979,-0.04884,0.00361,-0.16179
207.19,SYN.ETH-30AUG19,1565780340703,open,0.0,4133.0,0.001,0.011,0.000461,120.0,0.002,0.0,ETH-30AUG19-400-C,206.07,0.0,0.0,0.0,0.002,750.0,143.26,0.00751,-0.02837,0.00051,0.00034,0.00615
209.16,ETH-27SEP19,1565780340709,open,0.54,502.0,0.495,0.61,0.551627,98.92,0.455,0.0,ETH-27SEP19-320-P,206.07,0.0,0.499,25.0,0.565,110.0,114.35,0.16348,-0.18428,-0.35425,0.00314,-0.85733
211.87,ETH-27DEC19,1565780340731,open,0.02,1247.0,0.004,0.037,0.01663,103.37,0.02,0.0,ETH-27DEC19-640-C,206.07,98.82,0.013,350.0,0.02,50.0,107.12,0.18086,-0.06931,0.04509,0.00105,0.07422
211.87,ETH-27DEC19,1565780340740,open,0.94,16.0,0.867,1.036,0.950943,100.59,1.195,0.0,ETH-27DEC19-400-P,206.07,0.0,0.001,8.0,1.49,1.0,343.16,0.39259,-0.14639,-1.34609,0.00235,-0.7684
209.16,ETH-27SEP19,1565780340742,open,0.91,79.0,0.859,0.986,0.919447,103.92,0.351,0.0,ETH-27SEP19-400-P,206.07,0.0,0.01,10.0,0.0,0.0,0.0,0.07798,-0.09235,-0.46935,0.00143,-0.94731
207.19,SYN.ETH-30AUG19,1565780340742,open,0.73,0.0,0.688,0.794,0.738622,114.08,None,0.0,ETH-30AUG19-360-P,206.07,0.0,0.0,0.0,0.0,0.0,0.0,0.01522,-0.0547,-0.15544,0.00071,-0.98621
207.19,SYN.ETH-30AUG19,1565780340742,open,0.26,0.0,0.225,0.315,0.268987,95.49,0.218,0.0,ETH-30AUG19-260-P,206.07,0.0,0.225,15.0,0.283,120.0,120.73,0.10032,-0.30173,-0.10092,0.00563,-0.85095
209.16,ETH-27SEP19,1565780340744,open,0.72,233.0,0.675,0.795,0.733168,101.27,0.634,0.0,ETH-27SEP19-360-P,206.07,0.0,0.667,25.0,0.79,25.0,166.56,0.11304,-0.13046,-0.41434,0.00212,-0.9148
211.87,ETH-27DEC19,1565780340746,open,0.04,1102.0,0.014,0.071,0.039403,101.96,0.046,0.0,ETH-27DEC19-480-C,206.07,99.57,0.036,40.0,0.043,444.0,104.38,0.30863,-0.11665,0.09154,0.00182,0.15633
211.87,ETH-27DEC19,1565780340750,open,0.61,101.0,0.536,0.691,0.615328,98.7,0.513,0.0,ETH-27DEC19-320-P,206.07,0.0,0.006,5.0,0.629,110.0,104.71,0.47669,-0.17442,-0.9912,0.00291,-0.65072
209.16,ETH-27SEP19,1565780340752,open,0.82,259.0,0.767,0.89,0.825862,102.47,0.94,0.0,ETH-27SEP19-380-P,206.07,0.0,0.009,8.0,0.0,0.0,0.0,0.0935,-0.10918,-0.44237,0.00174,-0.93358
211.87,ETH-27DEC19,1565780340752,open,1.29,21.0,1.217,1.397,1.304944,101.96,0.629,0.0,ETH-27DEC19-480-P,206.07,0.0,0.001,7.0,2.261,1.0,500.0,0.30863,-0.11665,-1.68216,0.00182,-0.84367
207.19,SYN.ETH-30AUG19,1565780340752,open,0.33,0.0,0.304,0.347,0.325552,92.9,None,0.0,ETH-30AUG19-140-C,206.07,0.0,0.0,0.0,0.0,0.0,0.0,0.01822,-0.05332,0.05925,0.00105,0.98299
206.2,SYN.ETH-16AUG19,1565780340755,open,0.16,49.0,0.131,0.201,0.164449,101.93,0.084,0.0,ETH-16AUG19-240-P,206.07,0.0,0.156,200.0,0.172,200.0,179.4,0.00735,-0.19975,-0.01212,0.0033,-0.97936
211.87,ETH-27DEC19,1565780340757,open,1.11,0.0,1.041,1.215,1.126503,101.43,None,0.0,ETH-27DEC19-440-P,206.07,0.0,0.001,8.0,2.073,1.0,500.0,0.34976,-0.13151,-1.51592,0.00208,-0.80977
207.19,SYN.ETH-30AUG19,1565780340760,open,0.11,493.0,0.072,0.152,0.112491,90.74,0.108,0.0,ETH-30AUG19-220-P,206.07,86.42,0.109,165.0,0.117,470.0,96.28,0.16817,-0.48058,-0.06313,0.00993,-0.58802
209.16,ETH-27SEP19,1565780340780,open,1.1,0.0,1.044,1.178,1.108,106.6,None,0.0,ETH-27SEP19-440-P,206.07,0.0,0.0,0.0,0.0,0.0,0.0,0.05448,-0.06619,-0.5215,0.00097,-0.96617
211.87,ETH-27DEC19,1565780340782,open,1.47,37.0,1.396,1.582,1.4857,102.34,0.707,0.0,ETH-27DEC19-520-P,206.07,0.0,0.002,25.0,0.0,0.0,0.0,0.27067,-0.10269,-1.84525,0.00159,-0.87123
209.16,ETH-27SEP19,1565780340782,open,0.04,2086.0,0.016,0.069,0.040792,96.7,0.04,0.0,ETH-27SEP19-280-C,206.07,94.09,0.038,263.0,0.043,160.0,98.72,0.22605,-0.24909,0.05039,0.00445,0.2412
207.19,SYN.ETH-30AUG19,1565780340784,open,0.18,383.0,0.141,0.229,0.1854,93.15,0.147,0.0,ETH-30AUG19-240-P,206.07,78.34,0.176,200.0,0.196,200.0,108.37,0.13868,-0.40684,-0.08387,0.00797,-0.74525
207.19,SYN.ETH-30AUG19,1565780340784,open,0.03,1080.0,0.008,0.051,0.026996,93.09,0.026,0.0,ETH-30AUG19-240-C,206.07,90.08,0.025,1.0,0.029,200.0,96.06,0.13863,-0.40648,0.02051,0.00798,0.25459
209.16,ETH-27SEP19,1565780340786,open,0.62,0.0,0.606,0.631,0.618435,120.31,None,0.0,ETH-27SEP19-80-C,206.07,0.0,0.003,10.0,0.0,0.0,0.0,0.01231,-0.01688,0.09443,0.00019,0.99401
211.87,ETH-27DEC19,1565780340792,open,0.05,654.0,0.02,0.085,0.049758,101.43,0.058,0.0,ETH-27DEC19-440-C,206.07,99.11,0.046,40.0,0.054,436.0,103.95,0.34976,-0.13151,0.10998,0.00208,0.19023
207.19,SYN.ETH-30AUG19,1565780340792,open,0.24,0.0,0.206,0.26,0.233978,89.58,None,0.0,ETH-30AUG19-160-C,206.07,0.0,0.0,0.0,0.0,0.0,0.0,0.05792,-0.16341,0.06274,0.00346,0.93015
211.87,ETH-27DEC19,1565780340794,open,2.02,0.0,1.938,2.146,2.03735,103.37,None,0.0,ETH-27DEC19-640-P,206.07,0.0,0.0,0.0,0.0,0.0,0.0,0.18086,-0.06931,-2.31986,0.00105,-0.92578
207.19,SYN.ETH-30AUG19,1565780340794,open,0.1,462.0,0.056,0.124,0.091756,89.55,0.122,0.0,ETH-30AUG19-200-C,206.07,84.85,0.088,150.0,0.095,350.0,93.61,0.16564,-0.46719,0.04681,0.00991,0.6112
209.16,ETH-27SEP19,1565780340798,open,0.16,2067.0,0.113,0.206,0.160416,94.09,0.15,0.0,ETH-27SEP19-220-P,206.07,91.62,0.157,120.0,0.164,200.0,96.68,0.28929,-0.31019,-0.16522,0.00585,-0.49672
211.87,ETH-27DEC19,1565780340804,open,0.31,801.0,0.25,0.38,0.317816,96.51,0.317,0.0,ETH-27DEC19-240-P,206.07,94.52,0.313,30.0,0.325,120.0,99.49,0.51213,-0.18324,-0.61505,0.0032,-0.46778
211.87,ETH-27DEC19,1565780340804,open,0.77,242.0,0.7,0.863,0.781589,100.49,0.889,0.0,ETH-27DEC19-360-P,206.07,0.0,0.008,4.0,0.796,110.0,107.31,0.43864,-0.1634,-1.17019,0.00263,-0.71309
209.16,ETH-27SEP19,1565780340804,open,0.01,5319.0,0.001,0.019,0.007127,104.17,0.007,0.0,ETH-27SEP19-400-C,206.07,97.91,0.005,600.0,0.009,400.0,108.82,0.07857,-0.09327,0.01158,0.00143,0.05319
207.19,SYN.ETH-30AUG19,1565780340806,open,0.92,0.0,0.875,0.992,0.931134,121.56,None,0.0,ETH-30AUG19-400-P,206.07,0.0,0.0,0.0,0.0,0.0,0.0,0.0082,-0.0314,-0.17341,0.00036,-0.99321
207.19,SYN.ETH-30AUG19,1565780340806,open,0.0,3920.0,0.001,0.011,0.001017,113.34,0.001,0.0,ETH-30AUG19-360-C,206.07,0.0,0.0,0.0,0.002,200.0,124.18,0.0147,-0.05246,0.0011,0.00069,0.01324
209.16,ETH-27SEP19,1565780340808,open,0.01,7899.0,0.004,0.028,0.01373,93.71,0.014,0.0,ETH-27SEP19-140-P,206.07,88.21,0.011,500.0,0.015,200.0,96.1,0.10887,-0.11626,-0.02383,0.00221,-0.08104
209.16,ETH-27SEP19,1565780340814,open,0.27,392.0,0.232,0.299,0.267513,93.75,0.329,0.0,ETH-27SEP19-160-C,206.07,0.0,0.001,1.0,0.0,0.0,0.0,0.17779,-0.18994,0.14347,0.00361,0.83813
209.16,ETH-27SEP19,1565780340814,open,0.0,4762.0,0.001,0.011,0.001016,95.45,0.002,0.0,ETH-27SEP19-100-P,206.07,0.0,0.0,0.0,0.002,200.0,105.32,0.01643,-0.01787,-0.00234,0.00033,-0.0083
211.87,ETH-27DEC19,1565780340817,open,0.03,1619.0,0.007,0.051,0.025185,102.7,0.022,0.0,ETH-27DEC19-560-C,206.07,99.75,0.022,50.0,0.029,460.0,105.99,0.2368,-0.09016,0.06376,0.00139,0.10662
209.16,ETH-27SEP19,1565780340820,open,2.42,0.0,2.342,2.549,2.442497,112.99,None,0.0,ETH-27SEP19-720-P,206.07,0.0,0.0,0.0,0.0,0.0,0.0,0.00362,-0.00467,-0.86515,6e-05,-0.99846
207.19,SYN.ETH-30AUG19,1565780340820,open,0.63,0.0,0.594,0.696,0.642543,109.19,None,0.0,ETH-30AUG19-340-P,206.07,0.0,0.0,0.0,0.0,0.0,0.0,0.0206,-0.07084,-0.14625,0.00101,-0.98036
209.16,ETH-27SEP19,1565780340822,open,1.28,0.0,1.229,1.374,1.298243,111.94,None,0.0,ETH-27SEP19-480-P,206.07,0.0,0.0,0.0,0.0,0.0,0.0,0.04353,-0.05553,-0.57135,0.00074,-0.97419
209.16,ETH-27SEP19,1565780340824,open,0.29,1240.0,0.245,0.352,0.299661,95.78,0.232,0.0,ETH-27SEP19-260-P,206.07,45.83,0.25,25.0,0.306,110.0,100.89,0.25668,-0.28016,-0.24823,0.0051,-0.68765
211.87,ETH-27DEC19,1565780340832,open,0.03,3729.0,0.016,0.059,0.035874,94.58,0.03,0.0,ETH-27DEC19-120-P,206.07,90.9,0.032,200.0,0.034,50.0,92.82,0.22756,-0.07978,-0.1071,0.00145,-0.10093
211.87,ETH-27DEC19,1565780340832,open,1.65,0.0,1.576,1.768,1.668315,102.7,0.845,0.0,ETH-27DEC19-560-P,206.07,0.0,0.0,0.0,0.0,0.0,0.0,0.2368,-0.09016,-2.00557,0.00139,-0.89338
211.87,ETH-27DEC19,1565780340834,open,0.45,432.0,0.384,0.529,0.458805,97.17,0.382,0.0,ETH-27DEC19-280-P,206.07,95.99,0.456,30.0,0.469,120.0,101.43,0.50585,-0.18222,-0.80556,0.00314,-0.57012
206.7,SYN.ETH-23AUG19,1565780340834,open,0.03,130.0,0.007,0.054,0.02886,86.02,0.036,0.0,ETH-23AUG19-220-C,206.07,79.24,0.025,619.0,0.031,200.0,89.72,0.11879,-0.57563,0.01591,0.01329,0.34531
207.19,SYN.ETH-30AUG19,1565780340834,open,0.02,639.0,0.006,0.045,0.02267,89.58,0.019,0.0,ETH-30AUG19-180-P,206.07,86.69,0.021,200.0,0.023,20.0,90.15,0.12049,-0.33996,-0.01995,0.0072,-0.19868
207.19,SYN.ETH-30AUG19,1565780340834,open,0.0,770.0,0.001,0.011,0.001287,93.14,0.003,0.0,ETH-30AUG19-140-P,206.07,89.65,0.001,200.0,0.002,250.0,100.09,0.01841,-0.05401,-0.00167,0.00106,-0.01721
209.16,ETH-27SEP19,1565780340836,open,2.04,0.0,1.971,2.157,2.0605,117.54,None,0.0,ETH-27SEP19-640-P,206.07,0.0,0.0,0.0,0.0,0.0,0.0,0.01147,-0.01537,-0.7681,0.00019,-0.99447
207.19,SYN.ETH-30AUG19,1565780340836,open,0.01,368.0,0.003,0.032,0.014049,95.41,0.016,0.0,ETH-30AUG19-260-C,206.07,91.04,0.012,250.0,0.016,270.0,99.34,0.10022,-0.30115,0.01214,0.00563,0.14881
211.87,ETH-27DEC19,1565780340838,open,0.47,0.0,0.437,0.498,0.469489,94.58,None,0.0,ETH-27DEC19-120-C,206.07,0.0,0.002,50.0,0.99,5.0,500.0,0.22756,-0.07978,0.33632,0.00145,0.89907
211.87,ETH-27DEC19,1565780340842,open,0.14,433.0,0.085,0.184,0.13724,97.17,0.156,0.0,ETH-27DEC19-280-C,206.07,94.97,0.132,30.0,0.142,228.0,99.16,0.50585,-0.18222,0.22911,0.00314,0.42988
211.87,ETH-27DEC19,1565780340842,open,0.19,2228.0,0.137,0.245,0.19296,94.58,0.177,0.0,ETH-27DEC19-200-P,206.07,92.82,0.189,40.0,0.2,140.0,97.71,0.4766,-0.1671,-0.42439,0.00304,-0.3491
209.16,ETH-27SEP19,1565780340844,open,0.53,0.0,0.508,0.538,0.522936,95.74,None,0.0,ETH-27SEP19-100-C,206.07,0.0,0.003,10.0,0.0,0.0,0.0,0.01667,-0.01819,0.11782,0.00033,0.99155
211.87,ETH-27DEC19,1565780340846,open,0.01,653.0,0.004,0.034,0.014806,105.18,0.015,0.0,ETH-27DEC19-680-C,206.07,102.79,0.013,15.0,0.017,50.0,107.87,0.16578,-0.06464,0.04029,0.00095,0.06627
207.19,SYN.ETH-30AUG19,1565780340846,open,0.01,1202.0,0.001,0.021,0.007569,98.62,0.01,0.0,ETH-30AUG19-280-C,206.07,93.57,0.006,250.0,0.009,250.0,102.78,0.06824,-0.21194,0.00713,0.00371,0.08669
211.87,ETH-27DEC19,1565780340849,open,0.03,973.0,0.01,0.06,0.031365,102.34,0.046,0.0,ETH-27DEC19-520-C,206.07,99.63,0.028,50.0,0.035,460.0,105.11,0.27067,-0.10269,0.07626,0.00159,0.12877
209.16,ETH-27SEP19,1565780340849,open,0.35,191.0,0.317,0.37,0.344418,93.77,0.5,0.0,ETH-27SEP19-140-C,206.07,0.0,0.0,0.0,0.0,0.0,0.0,0.10897,-0.11645,0.14443,0.00221,0.91885
209.16,ETH-27SEP19,1565780340849,open,0.06,5827.0,0.032,0.095,0.062793,93.7,0.061,0.0,ETH-27SEP19-180-P,206.07,91.24,0.06,160.0,0.066,578.0,96.51,0.23804,-0.25418,-0.0827,0.00483,-0.26612
209.16,ETH-27SEP19,1565780340854,open,0.37,1157.0,0.324,0.435,0.379416,96.64,0.359,0.0,ETH-27SEP19-280-P,206.07,0.0,0.327,25.0,0.397,110.0,112.11,0.22595,-0.24883,-0.28623,0.00445,-0.75899
209.16,ETH-27SEP19,1565780340854,open,0.03,3684.0,0.01,0.054,0.029613,97.76,0.032,0.0,ETH-27SEP19-300-C,206.07,94.9,0.027,440.0,0.032,160.0,100.3,0.19389,-0.21601,0.03919,0.00377,0.18549
209.16,ETH-27SEP19,1565780340857,open,0.63,347.0,0.585,0.702,0.641633,100.14,0.565,0.0,ETH-27SEP19-340-P,206.07,0.0,0.586,25.0,0.661,110.0,124.61,0.13649,-0.15576,-0.38505,0.00259,-0.88985
209.16,ETH-27SEP19,1565780340857,open,0.0,2471.0,0.001,0.014,0.004448,106.98,0.01,0.0,ETH-27SEP19-440-C,206.07,100.81,0.003,250.0,0.006,400.0,112.32,0.05527,-0.06739,0.00754,0.00098,0.03442
211.87,ETH-27DEC19,1565780340857,open,0.35,3.0,0.296,0.383,0.343358,94.58,0.366,0.0,ETH-27DEC19-160-C,206.07,0.0,0.002,100.0,0.98,5.0,500.0,0.38026,-0.13332,0.3427,0.00242,0.78109
209.16,ETH-27SEP19,1565780340859,open,0.08,2203.0,0.043,0.113,0.078839,95.13,0.08,0.0,ETH-27SEP19-240-C,206.07,92.26,0.075,217.0,0.081,160.0,96.74,0.28025,-0.30381,0.08087,0.0056,0.40048
211.87,ETH-27DEC19,1565780340859,open,0.01,1328.0,0.003,0.029,0.012099,105.18,0.02,0.0,ETH-27DEC19-720-C,206.07,98.4,0.008,370.0,0.014,50.0,107.85,0.14434,-0.05628,0.03399,0.00083,0.05552
209.16,ETH-27SEP19,1565780340859,open,0.01,2762.0,0.003,0.028,0.01208,101.43,0.011,0.0,ETH-27SEP19-360-C,206.07,97.4,0.01,500.0,0.014,200.0,104.83,0.11345,-0.13112,0.01849,0.00213,0.0856
207.19,SYN.ETH-30AUG19,1565780340859,open,0.0,3915.0,0.001,0.011,0.001471,108.68,0.005,0.0,ETH-30AUG19-340-C,206.07,0.0,0.0,0.0,0.003,750.0,120.92,0.02014,-0.06895,0.00159,0.00099,0.01913
209.16,ETH-27SEP19,1565780340861,open,1.85,27.0,1.785,1.961,1.869732,118.46,1.044,0.0,ETH-27SEP19-600-P,206.07,0.0,0.0,0.0,0.0,0.0,0.0,0.01784,-0.02409,-0.71923,0.00029,-0.99087
209.16,ETH-27SEP19,1565780340861,open,2.61,0.0,2.528,2.746,2.633615,105.0,None,0.0,ETH-27SEP19-760-P,206.07,0.0,0.0,0.0,0.0,0.0,0.0,0.00102,-0.00122,-0.91349,2e-05,-0.99961
209.16,ETH-27SEP19,1565780340863,open,2.23,0.0,2.157,2.353,2.251445,115.96,None,0.0,ETH-27SEP19-680-P,206.07,0.0,0.0,0.0,0.0,0.0,0.0,0.00694,-0.00917,-0.8167,0.00011,-0.99685
207.19,SYN.ETH-30AUG19,1565780340863,open,0.16,757.0,0.119,0.185,0.153867,89.54,0.25,0.0,ETH-30AUG19-180-C,206.07,0.0,0.115,15.0,0.168,120.0,112.5,0.12046,-0.33969,0.05835,0.00721,0.80141
207.19,SYN.ETH-30AUG19,1565780340863,open,0.44,0.0,0.407,0.502,0.452426,103.08,None,0.0,ETH-30AUG19-300-P,206.07,0.0,0.0,0.0,0.0,0.0,0.0,0.04684,-0.15208,-0.12609,0.00243,-0.94676
211.87,ETH-27DEC19,1565780340865,open,2.57,0.0,2.485,2.719,2.597042,105.18,None,0.0,ETH-27DEC19-760-P,206.07,0.0,0.001,100.0,0.0,0.0,0.0,0.12569,-0.04901,-2.77962,0.00072,-0.95334
207.19,SYN.ETH-30AUG19,1565780340867,open,0.05,402.0,0.021,0.08,0.050621,90.7,0.051,0.0,ETH-30AUG19-220-C,206.07,86.22,0.047,351.0,0.053,200.0,93.62,0.16816,-0.48035,0.03256,0.00993,0.41191
206.2,SYN.ETH-16AUG19,1565780340877,open,0.0,123.0,0.001,0.011,0.000402,119.55,0.001,0.0,ETH-16AUG19-250-C,206.07,0.0,0.0,0.0,0.001,250.0,136.62,0.00519,-0.08298,0.00014,0.00199,0.01375
10862.36,BTC-27DEC19,1565780340885,open,0.0,322.9,0.0005,0.0145,0.00480514,91.78,0.0045,0.0,BTC-27DEC19-4000-P,10498.37,88.81,0.004,4.3,0.0055,10.0,94.13,3.0949,-1.05305,-0.96552,1e-05,-0.01925
10862.36,BTC-27DEC19,1565780340939,open,2.66,0.0,2.612,2.7775,2.69006205,102.53,2.58,0.0,BTC-27DEC19-40000-P,10498.37,0.0,0.0005,3.0,0.0,0.0,0.0,5.40495,-2.05445,-146.60753,1e-05,-0.96245
206.2,SYN.ETH-16AUG19,1565780340976,open,0.21,0.0,0.178,0.252,0.212861,121.69,None,0.0,ETH-16AUG19-250-P,206.07,0.0,0.0,0.0,0.0,0.0,0.0,0.00567,-0.18391,-0.01269,0.00213,-0.98478
206.7,SYN.ETH-23AUG19,1565780341001,open,0.09,6.0,0.055,0.131,0.093271,86.09,0.094,0.0,ETH-23AUG19-220-P,206.07,80.35,0.09,150.0,0.098,150.0,94.24,0.11882,-0.57621,-0.03759,0.01328,-0.65453
10862.36,BTC-27DEC19,1565780341031,open,0.22,114.9,0.167,0.274,0.22177347,89.34,0.2165,0.0,BTC-27DEC19-11000-P,10498.37,87.52,0.2175,9.0,0.2255,8.9,90.93,25.54235,-8.45947,-25.03473,7e-05,-0.40193
206.2,SYN.ETH-16AUG19,1565780341059,open,0.0,1369.0,0.001,0.011,0.000104,119.98,0.001,0.0,ETH-16AUG19-260-C,206.07,0.0,0.0,0.0,0.001,249.0,159.23,0.00175,-0.02142,4e-05,0.00067,0.004
10862.36,BTC-27DEC19,1565780341078,open,3.03,0.0,2.9725,3.1485,3.0558709,102.52,3.46,0.0,BTC-27DEC19-44000-P,10498.37,0.0,0.0,0.0,0.0,0.0,0.0,4.06663,-1.54554,-161.72976,1e-05,-0.97339
206.7,SYN.ETH-23AUG19,1565780341106,open,0.02,783.0,0.003,0.038,0.017304,86.46,0.019,0.0,ETH-23AUG19-230-C,206.07,81.55,0.015,200.0,0.019,200.0,89.96,0.09887,-0.48156,0.0109,0.01101,0.23423
10862.36,BTC-27DEC19,1565780341130,open,0.05,247.8,0.025,0.079,0.05046253,89.34,0.0455,0.0,BTC-27DEC19-7000-P,10498.37,86.38,0.0465,6.0,0.0495,8.0,88.63,14.69222,-4.866,-7.64234,4e-05,-0.13994
10649.34,BTC-27SEP19,1565780341134,open,0.67,261.1,0.662,0.6815,0.671516,114.9,0.714,0.0,BTC-27SEP19-3500-C,10498.37,0.0,0.61,8.0,0.7075,8.0,290.58,0.16743,-0.21923,4.1873,0.0,0.99862
206.2,SYN.ETH-16AUG19,1565780341148,open,0.25,0.0,0.225,0.3,0.261061,125.79,None,0.0,ETH-16AUG19-260-P,206.07,0.0,0.0,0.0,0.0,0.0,0.0,0.00243,-0.08141,-0.0133,0.00088,-0.99423
206.7,SYN.ETH-23AUG19,1565780341215,open,0.12,0.0,0.09,0.169,0.130054,86.46,None,0.0,ETH-23AUG19-230-P,206.07,70.66,0.123,200.0,0.141,200.0,107.96,0.09887,-0.48155,-0.04503,0.01101,-0.76577
206.2,SYN.ETH-16AUG19,1565780341236,open,0.0,186.0,0.001,0.011,2.3e-05,120.0,0.001,0.0,ETH-16AUG19-270-C,206.07,0.0,0.0,0.0,0.001,240.0,180.47,0.0005,-0.0048,1e-05,0.00019,0.001
206.7,SYN.ETH-23AUG19,1565780341313,open,0.01,92.0,0.001,0.026,0.009805,86.48,0.011,0.0,ETH-23AUG19-240-C,206.07,81.3,0.008,450.0,0.011,330.0,89.71,0.07485,-0.36464,0.007,0.00833,0.14909
206.2,SYN.ETH-16AUG19,1565780341320,open,0.3,0.0,0.272,0.35,0.309416,118.81,None,0.0,ETH-16AUG19-270-P,206.07,0.0,0.0,0.0,0.0,0.0,0.0,0.00045,-0.01427,-0.01387,0.00017,-0.9991
206.2,SYN.ETH-16AUG19,1565780341412,open,0.0,119.0,0.001,0.011,5e-06,120.0,0.001,0.0,ETH-16AUG19-280-C,206.07,0.0,0.0,0.0,0.001,250.0,200.53,0.00012,-0.00096,0.0,5e-05,0.00022
206.7,SYN.ETH-23AUG19,1565780341419,open,0.16,0.0,0.132,0.211,0.170924,86.45,None,0.0,ETH-23AUG19-240-P,206.07,62.58,0.164,200.0,0.182,200.0,112.9,0.07481,-0.36435,-0.05136,0.00833,-0.85101
206.7,SYN.ETH-23AUG19,1565780341518,open,0.01,124.0,0.001,0.018,0.005614,87.69,0.008,0.0,ETH-23AUG19-250-C,206.07,80.95,0.004,450.0,0.007,250.0,92.75,0.05361,-0.26484,0.00439,0.00589,0.09296
10649.34,BTC-27SEP19,1565780341626,open,0.87,0.0,0.843,0.932,0.8848036,100.94,0.691,0.0,BTC-27SEP19-20000-P,10498.4,0.0,0.004,10.0,1.3655,0.2,500.0,3.92823,-4.51863,-23.46237,3e-05,-0.94801
10862.37,BTC-27DEC19,1565780341627,open,0.88,5.7,0.833,0.9655,0.89741799,94.59,0.661,0.0,BTC-27DEC19-20000-P,10498.4,0.0,0.004,5.0,1.466,1.0,353.45,19.52124,-6.84495,-67.35328,5e-05,-0.78059
10862.37,BTC-27DEC19,1565780341626,open,0.0,175.8,0.0005,0.0105,0.00016839,115.0,0.0005,0.0,BTC-27DEC19-1500-P,10498.4,0.0,0.0,0.0,0.001,21.0,140.09,0.16691,-0.07116,-0.03615,0.0,-0.00073
10649.34,BTC-27SEP19,1565780341627,open,0.36,748.2,0.3335,0.3745,0.35344351,90.85,0.4255,0.0,BTC-27SEP19-7000-C,10498.4,78.44,0.3485,12.5,0.357,12.5,98.15,4.85693,-5.0283,7.40418,4e-05,0.93184
10649.34,BTC-27SEP19,1565780341628,open,0.65,0.0,0.6385,0.658,0.64818571,114.94,None,0.0,BTC-27SEP19-3750-C,10498.4,0.0,0.5875,8.0,0.6915,8.0,292.39,0.2775,-0.36347,4.47279,0.0,0.99759
10862.37,BTC-27DEC19,1565780341627,open,0.11,405.4,0.066,0.1595,0.11273924,92.03,0.112,0.0,BTC-27DEC19-15000-C,10498.4,90.63,0.1095,4.0,0.116,18.9,93.43,25.20427,-8.59874,10.85417,6e-05,0.38315
10862.37,BTC-27DEC19,1565780341628,open,0.52,59.3,0.492,0.5345,0.51260313,89.34,0.51,0.0,BTC-27DEC19-5500-C,10498.4,0.0,0.456,10.0,0.563,10.0,140.24,8.23877,-2.72861,17.00796,2e-05,0.93633
10862.37,BTC-27DEC19,1565780341628,open,0.13,417.0,0.0815,0.1785,0.13081784,91.38,0.157,0.0,BTC-27DEC19-14000-C,10498.4,89.99,0.1275,5.0,0.1335,10.0,92.5,25.92332,-8.78151,11.96608,7e-05,0.42893
10649.37,BTC-27SEP19,1565780341628,open,0.72,225.7,0.7085,0.728,0.71833428,114.83,0.693,0.0,BTC-27SEP19-3000-C,10498.4,0.0,0.6545,8.0,0.78,8.0,398.49,0.04848,-0.06344,3.60108,0.0,0.99964
10862.37,BTC-27DEC19,1565780341628,open,0.41,52.5,0.373,0.438,0.40603465,89.34,0.4165,0.0,BTC-27DEC19-7000-C,10498.4,83.66,0.3985,17.7,0.407,17.7,90.05,14.69213,-4.86592,18.22433,4e-05,0.86007
10862.37,BTC-27DEC19,1565780341628,open,1.4,0.0,1.3565,1.4925,1.4203607,96.73,None,0.0,BTC-27DEC19-26000-P,10498.4,0.0,0.004,10.0,2.2005,0.2,500.0,12.9701,-4.65073,-92.45662,3e-05,-0.88306
10649.37,BTC-27SEP19,1565780341629,open,0.49,221.9,0.4735,0.4995,0.48589644,97.89,0.51,0.0,BTC-27SEP19-5500-C,10498.4,0.0,0.4835,11.0,0.489,18.0,113.92,1.56847,-1.74975,6.36165,1e-05,0.98285
10862.37,BTC-27DEC19,1565780341629,open,3.39,0.0,3.333,3.5215,3.42290561,103.85,None,0.0,BTC-27DEC19-48000-P,10498.4,0.0,0.0,0.0,0.0,0.0,0.0,3.30109,-1.27088,-176.69686,1e-05,-0.97923
10649.37,BTC-27SEP19,1565780341629,open,0.0,422.0,0.0005,0.0105,0.00017641,115.0,0.0005,0.0,BTC-27SEP19-3500-P,10498.4,0.0,0.0,0.0,0.001,6.0,139.69,0.16854,-0.22087,-0.02011,0.0,-0.00139
10553.0,SYN.BTC-30AUG19,1565780341628,open,0.33,13.0,0.303,0.3715,0.33521375,97.03,0.2895,0.0,BTC-30AUG19-14000-P,10498.4,0.0,0.2995,3.0,0.3765,3.0,171.43,3.79324,-11.59172,-5.68088,8e-05,-0.90244
206.7,SYN.ETH-23AUG19,1565780341629,open,0.21,0.0,0.176,0.256,0.215113,87.64,None,0.0,ETH-23AUG19-250-P,206.07,0.0,0.0,0.0,0.0,0.0,0.0,0.05356,-0.26443,-0.05641,0.00588,-0.90716
10504.82,SYN.BTC-16AUG19,1565780341625,open,0.09,416.6,0.0735,0.127,0.09886116,103.13,0.0945,0.0,BTC-16AUG19-11500-P,10498.4,0.0,0.094,6.0,0.0995,6.1,107.52,1.48461,-40.81428,-0.52974,0.00025,-0.88245
206.2,SYN.ETH-16AUG19,1565780341656,open,0.0,532.0,0.001,0.011,1e-06,120.0,0.001,0.0,ETH-16AUG19-290-C,206.07,0.0,0.0,0.0,0.001,250.0,219.56,3e-05,-0.00018,0.0,1e-05,4e-05
10504.82,SYN.BTC-16AUG19,1565780341689,open,0.0,308.1,0.0005,0.0185,0.00412181,103.1,0.0045,0.0,BTC-16AUG19-11500-C,10498.4,102.23,0.004,0.1,0.005,0.5,109.07,1.48397,-40.78488,0.06119,0.00025,0.11748
206.7,SYN.ETH-23AUG19,1565780341728,open,0.0,122.0,0.001,0.013,0.003095,88.5,0.013,0.0,ETH-23AUG19-260-C,206.07,81.47,0.002,200.0,0.004,250.0,93.32,0.03613,-0.18012,0.00264,0.00393,0.05553
206.2,SYN.ETH-16AUG19,1565780341752,open,0.4,0.0,0.366,0.45,0.406385,0.0,None,0.0,ETH-16AUG19-290-P,206.07,0.0,0.0,0.0,0.0,0.0,0.0,0.0,0.0,-0.0149,0.0,-1.0
206.7,SYN.ETH-23AUG19,1565780341830,open,0.25,0.0,0.222,0.303,0.260974,88.43,None,0.0,ETH-23AUG19-260-P,206.07,0.0,0.0,0.0,0.0,0.0,0.0,0.03605,-0.17958,-0.0606,0.00392,-0.94462
206.2,SYN.ETH-16AUG19,1565780341898,open,0.0,8.0,0.001,0.011,2e-06,120.0,0.002,0.0,ETH-16AUG19-150-P,206.07,0.0,0.0,0.0,0.001,500.0,217.21,5e-05,-0.00039,0.0,2e-05,-9e-05
206.7,SYN.ETH-23AUG19,1565780341935,open,0.0,0.0,0.001,0.011,0.001585,88.5,None,0.0,ETH-23AUG19-270-C,206.07,82.35,0.001,200.0,0.002,2.0,92.05,0.02251,-0.11222,0.00148,0.00245,0.03096
206.2,SYN.ETH-16AUG19,1565780341994,open,0.23,0.0,0.201,0.247,0.224098,120.49,None,0.0,ETH-16AUG19-160-C,206.07,0.0,0.0,0.0,0.0,0.0,0.0,0.00069,-0.02232,0.00821,0.00026,0.99856
206.7,SYN.ETH-23AUG19,1565780342039,open,0.3,0.0,0.269,0.35,0.307844,88.39,None,0.0,ETH-23AUG19-270-P,206.07,0.0,0.0,0.0,0.0,0.0,0.0,0.0224,-0.11152,-0.06419,0.00244,-0.96923
206.2,SYN.ETH-16AUG19,1565780342081,open,0.0,0.0,0.001,0.011,3.5e-05,120.0,None,0.0,ETH-16AUG19-160-P,206.07,0.0,0.0,0.0,0.001,250.0,178.47,0.00067,-0.00714,-2e-05,0.00026,-0.00139
206.7,SYN.ETH-23AUG19,1565780342142,open,0.0,23.0,0.001,0.011,0.00097,91.19,0.005,0.0,ETH-23AUG19-280-C,206.07,0.0,0.0,0.0,0.002,250.0,102.02,0.01529,-0.07855,0.00093,0.00161,0.01953
206.2,SYN.ETH-16AUG19,1565780342198,open,0.18,0.0,0.151,0.201,0.175902,120.0,None,0.0,ETH-16AUG19-170-C,206.07,0.0,0.0,0.0,0.0,0.0,0.0,0.00431,-0.13791,0.00862,0.00164,0.98891
206.7,SYN.ETH-23AUG19,1565780342213,open,0.28,0.0,0.252,0.298,0.275292,100.49,None,0.0,ETH-23AUG19-150-C,206.07,0.0,0.0,0.0,0.0,0.0,0.0,0.01347,-0.07623,0.03558,0.00129,0.98318
206.7,SYN.ETH-23AUG19,1565780342291,open,0.35,0.0,0.316,0.399,0.355622,91.18,None,0.0,ETH-23AUG19-280-P,206.07,0.0,0.0,0.0,0.0,0.0,0.0,0.01529,-0.07854,-0.06715,0.00161,-0.98048
206.7,SYN.ETH-23AUG19,1565780342317,open,0.0,0.0,0.001,0.011,0.000999,100.49,None,0.0,ETH-23AUG19-150-P,206.07,0.0,0.0,0.0,0.002,250.0,112.66,0.01347,-0.07623,-0.0009,0.00129,-0.01682
206.7,SYN.ETH-23AUG19,1565780342390,open,0.0,3.0,0.001,0.011,0.00097,99.92,0.002,0.0,ETH-23AUG19-290-C,206.07,0.0,0.0,0.0,0.002,450.0,111.46,0.01431,-0.08057,0.00086,0.00138,0.01807
206.2,SYN.ETH-16AUG19,1565780342419,open,0.13,0.0,0.101,0.155,0.128033,104.48,None,0.0,ETH-16AUG19-180-C,206.07,0.0,0.0,0.0,0.0,0.0,0.0,0.01062,-0.29566,0.0089,0.00465,0.96798
206.7,SYN.ETH-23AUG19,1565780342434,open,0.23,0.0,0.203,0.252,0.227706,91.32,None,0.0,ETH-23AUG19-160-C,206.07,0.0,0.0,0.0,0.0,0.0,0.0,0.02241,-0.11528,0.03727,0.00236,0.96921
206.7,SYN.ETH-23AUG19,1565780342489,open,0.4,0.0,0.363,0.449,0.404003,99.92,None,0.0,ETH-23AUG19-290-P,206.07,0.0,0.0,0.0,0.0,0.0,0.0,0.01431,-0.08057,-0.06966,0.00138,-0.98193
206.2,SYN.ETH-16AUG19,1565780342510,open,0.0,296.0,0.001,0.011,0.000963,104.48,0.001,0.0,ETH-16AUG19-180-P,206.07,0.0,0.0,0.0,0.002,450.0,120.55,0.01062,-0.19853,-0.00035,0.00465,-0.03202
206.7,SYN.ETH-23AUG19,1565780342539,open,0.0,0.0,0.001,0.011,0.001794,91.32,None,0.0,ETH-23AUG19-160-P,206.07,82.71,0.001,200.0,0.003,253.0,100.85,0.02241,-0.11528,-0.00164,0.00236,-0.03079
10649.38,BTC-27SEP19,1565780342625,open,0.0,144.4,0.0005,0.011,0.00146585,106.48,0.006,0.0,BTC-27SEP19-26000-C,10498.02,94.59,0.0005,37.7,0.0025,53.0,113.92,1.21655,-1.47614,0.14463,1e-05,0.01276
10862.35,BTC-27DEC19,1565780342625,open,0.6,6.5,0.58,0.609,0.5936427,90.38,0.575,0.0,BTC-27DEC19-4500-C,10498.02,0.0,0.5345,10.0,0.6485,10.0,165.31,4.51048,-1.51118,15.10083,1e-05,0.96986
10861.97,BTC-27DEC19,1565780342626,open,0.06,560.6,0.024,0.095,0.05619719,94.59,0.055,0.0,BTC-27DEC19-20000-C,10498.02,93.92,0.055,9.0,0.0575,10.0,95.31,19.52005,-6.8447,6.55067,5e-05,0.2194
10649.38,BTC-27SEP19,1565780342626,open,0.86,42.8,0.8495,0.869,0.85914621,0.0,0.815,0.0,BTC-27SEP19-1500-C,10498.02,0.0,0.7895,8.0,0.928,8.0,500.0,0.0,0.0,1.80311,0.0,1.0
10649.38,BTC-27SEP19,1565780342627,open,0.0,389.0,0.0005,0.012,0.00236267,97.92,0.0025,0.0,BTC-27SEP19-5500-P,10498.02,91.22,0.0015,13.2,0.003,24.0,101.93,1.57001,-1.75192,-0.25006,1e-05,-0.01717
10649.38,BTC-27SEP19,1565780342627,open,0.43,29.7,0.3945,0.4835,0.43787333,94.4,0.335,0.0,BTC-27SEP19-15000-P,10498.02,0.0,0.1675,0.1,0.955,0.3,500.0,9.97532,-10.73157,-15.99183,8e-05,-0.81136
10861.97,BTC-27DEC19,1565780342627,open,3.76,0.8,3.694,3.896,3.79060251,105.63,3.59,0.0,BTC-27DEC19-52000-P,10498.02,0.0,0.001,1.0,0.0,0.0,0.0,2.79802,-1.0957,-191.59598,1e-05,-0.9829
10649.0,BTC-27SEP19,1565780342628,open,0.0,761.1,0.0005,0.0105,0.00059222,115.0,0.002,0.0,BTC-27SEP19-32000-C,10498.02,113.12,0.0005,3.5,0.0015,31.4,126.95,0.55588,-0.72851,0.0594,0.0,0.00523
10861.97,BTC-27DEC19,1565780342628,open,0.04,208.9,0.017,0.0625,0.03790584,89.34,0.036,0.0,BTC-27DEC19-6500-P,10498.02,86.35,0.0345,6.0,0.038,17.8,89.42,12.56038,-4.1597,-6.00857,3e-05,-0.11179
10553.03,SYN.BTC-30AUG19,1565780342626,open,0.51,0.0,0.487,0.555,0.51890577,103.72,0.403,0.0,BTC-30AUG19-16000-P,10498.02,0.0,0.0,0.0,0.0,0.0,0.0,1.68867,-5.51624,-6.81257,3e-05,-0.9653
10861.97,BTC-27DEC19,1565780342631,open,0.02,293.3,0.004,0.04,0.01731446,98.03,0.028,0.0,BTC-27DEC19-30000-C,10498.02,96.54,0.016,16.0,0.019,16.0,99.85,9.79192,-3.55857,2.50556,2e-05,0.07974
10528.94,SYN.BTC-23AUG19,1565780342625,open,0.0,13.2,0.0005,0.0115,0.00189555,105.54,0.003,0.0,BTC-23AUG19-14500-C,10498.02,101.68,0.0015,0.7,0.002,5.2,106.48,1.15676,-6.87756,0.07526,4e-05,0.03129
10553.03,SYN.BTC-30AUG19,1565780342630,open,0.1,152.7,0.069,0.13,0.10058353,88.2,0.1025,0.0,BTC-30AUG19-10000-C,10498.02,86.14,0.099,18.0,0.1045,4.0,93.25,8.15427,-22.65012,2.52064,0.00019,0.64974
206.7,SYN.ETH-23AUG19,1565780342668,open,0.19,0.0,0.154,0.209,0.182054,88.99,None,0.0,ETH-23AUG19-170-C,206.07,0.0,0.0,0.0,0.0,0.0,0.0,0.04315,-0.2163,0.03761,0.00467,0.93027
206.2,SYN.ETH-16AUG19,1565780342814,open,0.05,414.0,0.011,0.07,0.041208,82.11,0.049,0.0,ETH-16AUG19-200-C,206.07,68.73,0.038,200.0,0.043,50.0,89.31,0.05074,-1.11062,0.00707,0.02828,0.70825
206.2,SYN.ETH-16AUG19,1565780343010,open,0.02,470.0,0.001,0.039,0.015379,81.25,0.018,0.0,ETH-16AUG19-210-C,206.07,72.54,0.013,192.0,0.018,200.0,90.74,0.05664,-1.22666,0.00395,0.0319,0.38812
206.7,SYN.ETH-23AUG19,1565780343156,open,0.11,1.0,0.067,0.132,0.101124,85.31,0.102,0.0,ETH-23AUG19-190-C,206.07,76.65,0.097,50.0,0.103,50.0,89.12,0.10067,-0.48378,0.03301,0.01136,0.75792
206.2,SYN.ETH-16AUG19,1565780343189,open,0.01,1061.0,0.001,0.02,0.004537,84.37,0.006,0.0,ETH-16AUG19-220-C,206.07,66.71,0.002,731.0,0.006,250.0,92.71,0.03431,-0.77166,0.00153,0.01861,0.149
206.7,SYN.ETH-23AUG19,1565780343256,open,0.02,237.0,0.004,0.043,0.020352,85.31,0.017,0.0,ETH-23AUG19-190-P,206.07,80.42,0.018,400.0,0.023,200.0,90.68,0.10067,-0.48378,-0.01319,0.01136,-0.24208
206.7,SYN.ETH-23AUG19,1565780343359,open,0.07,91.0,0.036,0.1,0.069915,85.24,0.077,0.0,ETH-23AUG19-200-C,206.07,78.61,0.066,200.0,0.073,150.0,90.44,0.12239,-0.58772,0.02781,0.01382,0.62331
206.7,SYN.ETH-23AUG19,1565780343471,open,0.03,200.0,0.012,0.066,0.037524,85.24,0.029,0.0,ETH-23AUG19-200-P,206.07,79.28,0.034,400.0,0.041,388.0,91.1,0.12239,-0.58772,-0.02082,0.01382,-0.37669
10649.03,BTC-27SEP19,1565780343537,open,0.56,13.5,0.545,0.5665,0.55519918,106.66,0.382,0.0,BTC-27SEP19-4750-C,10498.02,0.0,0.4985,8.0,0.6085,8.0,255.06,0.89246,-1.08481,5.57938,1e-05,0.99106
10649.03,BTC-27SEP19,1565780343550,open,0.0,1067.6,0.0005,0.0105,0.00087808,114.68,0.0005,0.0,BTC-27SEP19-4250-P,10498.02,107.03,0.0005,11.6,0.0015,16.0,123.32,0.6326,-0.8267,-0.08871,0.0,-0.00605
10862.35,BTC-27DEC19,1565780343555,open,0.08,410.8,0.0475,0.1175,0.08181828,89.34,0.081,0.0,BTC-27DEC19-8000-P,10498.02,86.22,0.0765,4.9,0.0795,18.9,87.98,18.59301,-6.1579,-11.38947,5e-05,-0.20193
10649.03,BTC-27SEP19,1565780343587,open,0.69,1.0,0.6605,0.7475,0.70164924,97.62,0.575,0.0,BTC-27SEP19-18000-P,10498.02,0.0,0.004,0.3,1.1995,0.3,500.0,5.67145,-6.30942,-20.71318,4e-05,-0.91645
10649.03,BTC-27SEP19,1565780343587,open,0.63,227.5,0.615,0.6345,0.62491672,114.65,0.7065,0.0,BTC-27SEP19-4000-C,10498.02,0.0,0.565,8.0,0.675,8.0,291.67,0.42592,-0.55647,4.75171,0.0,0.99612
10861.97,BTC-27DEC19,1565780343625,open,0.0,384.0,0.0005,0.0115,0.00154104,97.02,0.0025,0.0,BTC-27DEC19-3000-P,10497.95,91.53,0.001,4.7,0.002,10.0,100.74,1.22707,-0.44134,-0.32812,0.0,-0.00663
10861.97,BTC-27DEC19,1565780343625,open,0.03,158.4,0.008,0.055,0.02677395,96.73,0.0255,0.0,BTC-27DEC19-26000-C,10497.95,95.22,0.025,10.0,0.0285,10.0,98.15,12.9689,-4.65033,3.61881,3e-05,0.11693
10861.97,BTC-27DEC19,1565780343625,open,1.23,0.0,1.1795,1.314,1.24326363,95.94,None,0.0,BTC-27DEC19-24000-P,10497.95,0.0,0.006,1.0,2.023,0.2,500.0,14.89529,-5.29756,-84.30696,4e-05,-0.85719
10649.03,BTC-27SEP19,1565780343625,open,0.0,586.8,0.0005,0.0105,4.188e-05,115.0,0.0005,0.0,BTC-27SEP19-3000-P,10497.95,0.0,0.0,0.0,0.001,27.0,158.1,0.04922,-0.0645,-0.00523,0.0,-0.00037
10649.03,BTC-27SEP19,1565780343625,open,0.77,55.9,0.7555,0.775,0.76525099,121.11,0.689,0.0,BTC-27SEP19-2500-C,10497.95,0.0,0.6995,8.0,0.829,8.0,462.39,0.0181,-0.02498,3.0034,0.0,0.99987
10649.03,BTC-27SEP19,1565780343625,open,1.42,0.0,1.394,1.4965,1.44292259,105.76,None,0.0,BTC-27SEP19-26000-P,10497.95,0.0,0.0,0.0,0.0,0.0,0.0,1.1694,-1.40942,-31.11555,1e-05,-0.98781
10861.9,BTC-27DEC19,1565780343626,open,1.94,0.3,1.892,2.0375,1.96022205,98.66,1.875,0.0,BTC-27DEC19-32000-P,10497.95,0.0,0.0,0.0,0.0,0.0,0.0,8.53023,-3.11993,-116.14217,2e-05,-0.93341
10861.9,BTC-27DEC19,1565780343626,open,0.38,91.7,0.3375,0.4095,0.37463105,89.34,0.449,0.0,BTC-27DEC19-7500-C,10497.95,84.33,0.367,17.7,0.3755,17.7,89.91,16.71934,-5.53746,18.27033,4e-05,0.82983
10861.9,BTC-27DEC19,1565780343625,open,0.01,385.4,0.0005,0.0275,0.01024393,100.75,0.016,0.0,BTC-27DEC19-36000-C,10497.95,99.52,0.0095,3.5,0.011,10.0,101.94,6.74806,-2.52026,1.57291,2e-05,0.04943
10649.03,BTC-27SEP19,1565780343626,open,0.0,492.7,0.0005,0.0105,5e-07,115.0,0.0005,0.0,BTC-27SEP19-2000-P,10497.95,0.0,0.0,0.0,0.0005,12.0,190.66,0.00095,-0.00124,-8e-05,0.0,-1e-05
10861.9,BTC-27DEC19,1565780343627,open,0.04,252.5,0.016,0.078,0.04311817,95.19,0.043,0.0,BTC-27DEC19-22000-C,10497.95,93.83,0.041,4.9,0.0455,24.7,96.68,17.0859,-6.02899,5.33612,4e-05,0.17607
10861.9,BTC-27DEC19,1565780343626,open,0.48,122.9,0.45,0.5005,0.47503711,89.34,0.469,0.0,BTC-27DEC19-6000-C,10497.95,72.67,0.461,10.0,0.519,10.0,128.3,10.38547,-3.43972,17.60956,3e-05,0.91377
10649.03,BTC-27SEP19,1565780343627,open,0.6,9.2,0.592,0.6115,0.60179356,114.89,0.574,0.0,BTC-27SEP19-4250-C,10497.95,0.0,0.543,8.0,0.657,8.0,287.06,0.63892,-0.83652,5.01906,0.0,0.99388
10649.03,BTC-27SEP19,1565780343626,open,0.11,521.9,0.072,0.144,0.10903642,89.14,0.111,0.0,BTC-27SEP19-11000-C,10497.95,87.67,0.107,22.4,0.1115,5.1,90.93,14.7113,-14.94457,5.25797,0.00012,0.51979
10861.9,BTC-27DEC19,1565780343626,open,1.05,4.9,1.005,1.138,1.06846725,95.14,1.0385,0.0,BTC-27DEC19-22000-P,10497.95,0.0,0.006,2.0,1.846,0.3,500.0,17.07318,-6.02131,-75.96394,4e-05,-0.82414
10649.03,BTC-27SEP19,1565780343627,open,0.01,479.6,0.001,0.0235,0.01076148,90.84,0.007,0.0,BTC-27SEP19-7000-P,10497.95,89.15,0.01,5.0,0.0115,24.1,92.44,4.85703,-5.02815,-1.01037,4e-05,-0.06817
10552.66,SYN.BTC-30AUG19,1565780343625,open,0.7,0.0,0.6725,0.7445,0.70668921,109.33,None,0.0,BTC-30AUG19-18000-P,10497.95,0.0,0.0,0.0,0.0,0.0,0.0,0.73374,-2.52638,-7.77412,1e-05,-0.98706
10861.9,BTC-27DEC19,1565780343627,open,0.56,65.4,0.535,0.5705,0.5520331,89.34,0.608,0.0,BTC-27DEC19-5000-C,10497.95,0.0,0.4945,10.0,0.6,10.0,146.58,6.20946,-2.05664,16.19153,2e-05,0.95544
10649.03,BTC-27SEP19,1565780343627,open,1.05,0.2,1.026,1.118,1.06937545,100.94,1.391,0.0,BTC-27SEP19-22000-P,10497.95,0.0,0.004,10.0,0.0,0.0,0.0,2.43049,-2.79576,-26.12087,2e-05,-0.97117
10528.57,SYN.BTC-23AUG19,1565780343625,open,0.42,0.0,0.397,0.459,0.42603098,108.55,None,0.0,BTC-23AUG19-15000-P,10497.95,0.0,0.0,0.0,0.0,0.0,0.0,0.87514,-5.35158,-3.5936,3e-05,-0.97759
10649.03,BTC-27SEP19,1565780343628,open,1.24,0.2,1.21,1.3065,1.25589651,103.57,1.6,0.0,BTC-27SEP19-24000-P,10497.95,0.0,0.0,0.0,0.0,0.0,0.0,1.68121,-1.98424,-28.63937,1e-05,-0.98139
10528.57,SYN.BTC-23AUG19,1565780343625,open,0.28,0.0,0.2575,0.3185,0.28616065,98.89,None,0.0,BTC-23AUG19-13500-P,10497.95,0.0,0.0,0.0,0.0,0.0,0.0,2.01634,-11.23237,-3.13314,8e-05,-0.93761
10861.9,BTC-27DEC19,1565780343628,open,1.76,0.2,1.713,1.8545,1.77924214,98.01,2.03,0.0,BTC-27DEC19-30000-P,10497.95,0.0,0.0,0.0,0.0,0.0,0.0,9.78559,-3.55548,-108.3531,2e-05,-0.92033
10504.48,SYN.BTC-16AUG19,1565780343625,open,0.51,0.0,0.4935,0.554,0.52310537,0.0,None,0.0,BTC-16AUG19-16000-P,10497.95,0.0,0.0,0.0,0.0,0.0,0.0,0.0,0.0,-0.82222,0.0,-1.0
10648.96,BTC-27SEP19,1565780343629,open,0.35,71.4,0.311,0.401,0.35528837,93.14,0.2925,0.0,BTC-27SEP19-14000-P,10497.95,85.32,0.347,5.3,0.366,5.3,102.63,11.64321,-12.3587,-14.19419,9e-05,-0.75356
10648.96,BTC-27SEP19,1565780343629,open,1.61,0.0,1.578,1.6875,1.63081163,113.58,None,0.0,BTC-27SEP19-28000-P,10497.95,0.0,0.0,0.0,0.0,0.0,0.0,1.15086,-1.48962,-33.52334,1e-05,-0.98803
10648.96,BTC-27SEP19,1565780343629,open,1.98,0.0,1.9465,2.068,2.00546199,112.54,None,0.0,BTC-27SEP19-32000-P,10497.95,0.0,0.0,0.0,0.0,0.0,0.0,0.47006,-0.60285,-38.41693,0.0,-0.99566
10552.66,SYN.BTC-30AUG19,1565780343628,open,0.42,0.0,0.3945,0.462,0.42610782,99.93,None,0.0,BTC-30AUG19-15000-P,10497.95,0.0,0.0,0.0,0.0,0.0,0.0,2.50699,-7.88985,-6.28552,5e-05,-0.94332
10552.66,SYN.BTC-30AUG19,1565780343625,open,0.6,0.0,0.5795,0.6495,0.61261909,107.05,None,0.0,BTC-30AUG19-17000-P,10497.95,0.0,0.0,0.0,0.0,0.0,0.0,1.1317,-3.81543,-7.30318,2e-05,-0.97853
10648.96,BTC-27SEP19,1565780343631,open,0.0,1660.1,0.0005,0.0105,1e-08,115.0,0.0005,0.0,BTC-27SEP19-1500-P,10497.95,0.0,0.0,0.0,0.0005,32.0,223.52,3e-05,-4e-05,0.0,0.0,0.0
10528.57,SYN.BTC-23AUG19,1565780343625,open,0.2,0.0,0.1775,0.2195,0.1977697,98.37,None,0.0,BTC-23AUG19-8500-C,10497.95,0.0,0.0,0.0,0.0,0.0,0.0,2.21707,-12.28621,1.87334,8e-05,0.92948
10504.48,SYN.BTC-16AUG19,1565780343625,open,0.34,0.0,0.3205,0.3465,0.33364141,180.14,None,0.0,BTC-16AUG19-7000-C,10497.95,0.0,0.0,0.0,0.0,0.0,0.0,0.01751,-0.84097,0.35935,0.0,0.99933
10552.66,SYN.BTC-30AUG19,1565780343628,open,0.0,773.3,0.0005,0.011,0.00101788,110.17,0.001,0.0,BTC-30AUG19-18000-C,10497.95,101.18,0.0005,14.3,0.0015,8.0,115.96,0.76489,-2.6539,0.05765,1e-05,0.01358
10861.9,BTC-27DEC19,1565780343643,open,2.3,1.3,2.252,2.4065,2.32455847,100.71,2.2,0.0,BTC-27DEC19-36000-P,10497.95,0.0,0.0005,1.0,0.0,0.0,0.0,6.73891,-2.51592,-131.45763,2e-05,-0.95065
10861.9,BTC-27DEC19,1565780343674,open,0.06,209.7,0.035,0.0975,0.06511353,89.34,0.061,0.0,BTC-27DEC19-7500-P,10497.95,86.32,0.0605,4.9,0.0645,8.0,88.94,16.71913,-5.53721,-9.44354,4e-05,-0.17017
10861.9,BTC-27DEC19,1565780343687,open,0.01,257.2,0.0025,0.025,0.01235475,89.34,0.009,0.0,BTC-27DEC19-5000-P,10497.95,86.9,0.011,6.0,0.0125,2.0,89.59,6.20875,-2.05628,-2.28422,2e-05,-0.04456
211.87,ETH-27DEC19,1565780343690,open,0.19,967.0,0.129,0.233,0.185046,96.51,0.18,0.0,ETH-27DEC19-240-C,206.07,93.19,0.177,30.0,0.191,120.0,98.98,0.51213,-0.18324,0.27181,0.0032,0.53222
209.16,ETH-27SEP19,1565780343690,open,0.0,839.0,0.001,0.011,8.3e-05,120.0,0.001,0.0,ETH-27SEP19-60-P,206.07,0.0,0.0,0.0,0.001,200.0,155.93,0.00168,-0.00229,-0.00019,3e-05,-0.00066
209.16,ETH-27SEP19,1565780343692,open,0.06,1720.0,0.026,0.088,0.056641,95.82,0.063,0.0,ETH-27SEP19-260-C,206.07,93.65,0.054,242.0,0.059,160.0,97.73,0.25672,-0.28031,0.06432,0.00509,0.31247
206.7,SYN.ETH-23AUG19,1565780343696,open,0.06,176.0,0.029,0.096,0.061767,85.21,0.067,0.0,ETH-23AUG19-210-P,206.07,79.14,0.058,150.0,0.066,150.0,92.02,0.12841,-0.61636,-0.0293,0.01451,-0.52111
10861.9,BTC-27DEC19,1565780343693,open,0.3,167.6,0.2465,0.3345,0.29268178,89.34,0.297,0.0,BTC-27DEC19-9000-C,10497.95,86.5,0.287,5.0,0.294,17.8,90.0,21.76515,-7.2086,17.61852,6e-05,0.73164
207.19,SYN.ETH-30AUG19,1565780343701,open,0.05,343.0,0.026,0.089,0.057079,89.57,0.05,0.0,ETH-30AUG19-200-P,206.07,85.72,0.054,200.0,0.061,495.0,94.47,0.16564,-0.46729,-0.04018,0.0099,-0.38881
209.16,ETH-27SEP19,1565780343703,open,0.46,769.0,0.408,0.521,0.463914,97.75,0.45,0.0,ETH-27SEP19-300-P,206.07,0.0,0.43,26.0,0.478,110.0,111.92,0.19387,-0.21597,-0.32144,0.00377,-0.81454
10861.9,BTC-27DEC19,1565780343711,open,0.41,265.4,0.3565,0.4815,0.41970759,91.38,0.3495,0.0,BTC-27DEC19-14000-P,10497.95,87.93,0.4115,5.0,0.428,4.3,94.84,25.92174,-8.78072,-39.76838,7e-05,-0.5711
209.16,ETH-27SEP19,1565780343712,open,0.22,2484.0,0.174,0.276,0.22627,95.12,0.213,0.0,ETH-27SEP19-240-P,206.07,92.67,0.223,120.0,0.232,110.0,99.38,0.28025,-0.30377,-0.20763,0.0056,-0.59955
209.16,ETH-27SEP19,1565780343714,open,1.66,24.0,1.6,1.765,1.67935,119.74,1.356,0.0,ETH-27SEP19-560-P,206.07,0.0,0.0,0.0,0.0,0.0,0.0,0.02779,-0.03792,-0.66983,0.00044,-0.98479
10861.9,BTC-27DEC19,1565780343714,open,0.01,530.8,0.0005,0.0175,0.00791933,90.38,0.007,0.0,BTC-27DEC19-4500-P,10497.95,88.09,0.007,4.1,0.0085,10.0,91.75,4.51095,-1.51134,-1.52789,1e-05,-0.03015
209.16,ETH-27SEP19,1565780343730,open,0.15,1290.0,0.107,0.185,0.148988,93.47,0.169,0.0,ETH-27SEP19-200-C,206.07,89.7,0.144,120.0,0.153,120.0,96.5,0.27656,-0.29458,0.11792,0.00563,0.618
209.16,ETH-27SEP19,1565780343730,open,0.0,9094.0,0.001,0.014,0.00452,94.42,0.006,0.0,ETH-27SEP19-120-P,206.07,87.49,0.003,210.0,0.006,240.0,100.0,0.05122,-0.05511,-0.00903,0.00103,-0.03138
209.16,ETH-27SEP19,1565780343730,open,0.1,3333.0,0.065,0.144,0.105194,93.47,0.104,0.0,ETH-27SEP19-200-P,206.07,91.05,0.102,160.0,0.109,200.0,96.35,0.27656,-0.29458,-0.12249,0.00563,-0.382
211.87,ETH-27DEC19,1565780343730,open,2.39,0.0,2.303,2.528,2.410409,105.18,None,0.0,ETH-27DEC19-720-P,206.07,0.0,0.003,5.0,0.0,0.0,0.0,0.14434,-0.05628,-2.62657,0.00083,-0.94448
207.19,SYN.ETH-30AUG19,1565780343730,open,0.0,874.0,0.001,0.015,0.004423,102.89,0.005,0.0,ETH-30AUG19-300-C,206.07,95.85,0.003,250.0,0.006,750.0,109.31,0.04659,-0.15097,0.00437,0.00242,0.05287
209.16,ETH-27SEP19,1565780343740,open,0.0,7916.0,0.001,0.011,0.000207,120.0,0.001,0.0,ETH-27SEP19-760-C,206.07,0.0,0.0,0.0,0.001,200.0,138.67,0.0044,-0.00602,0.00043,7e-05,0.00191
209.16,ETH-27SEP19,1565780343744,open,1.47,12.0,1.415,1.569,1.488605,115.61,1.193,0.0,ETH-27SEP19-520-P,206.07,0.0,0.0,0.0,0.0,0.0,0.0,0.03384,-0.04458,-0.62089,0.00056,-0.98085
207.19,SYN.ETH-30AUG19,1565780343746,open,0.54,0.0,0.5,0.598,0.546944,105.41,None,0.0,ETH-30AUG19-320-P,206.07,0.0,0.0,0.0,0.0,0.0,0.0,0.03015,-0.10009,-0.13662,0.00153,-0.96908
10861.9,BTC-27DEC19,1565780343751,open,0.0,99.9,0.0005,0.0105,0.00072922,115.0,0.0005,0.0,BTC-27DEC19-2000-P,10497.95,0.0,0.0,0.0,0.0015,16.9,126.3,0.56806,-0.24217,-0.14174,0.0,-0.0028
211.87,ETH-27DEC19,1565780343752,open,0.02,2060.0,0.005,0.043,0.020073,102.72,0.025,0.0,ETH-27DEC19-600-C,206.07,99.41,0.017,50.0,0.023,110.0,105.64,0.20522,-0.07815,0.05298,0.0012,0.08774
211.87,ETH-27DEC19,1565780343781,open,0.06,1320.0,0.028,0.101,0.062994,100.59,0.06,0.0,ETH-27DEC19-400-C,206.07,98.41,0.059,40.0,0.068,315.0,103.25,0.39259,-0.14639,0.132,0.00235,0.2316
209.16,ETH-27SEP19,1565780343781,open,0.21,770.0,0.161,0.237,0.202224,93.72,0.22,0.0,ETH-27SEP19-180-C,206.07,36.22,0.146,2.0,0.609,10.0,462.87,0.23804,-0.25422,0.13367,0.00483,0.73387
209.16,ETH-27SEP19,1565780343792,open,0.0,3444.0,0.001,0.011,0.0005,120.0,0.001,0.0,ETH-27SEP19-680-C,206.07,0.0,0.0,0.0,0.001,300.0,128.6,0.00921,-0.01259,0.00096,0.00015,0.00432
211.87,ETH-27DEC19,1565780343794,open,2.2,0.0,2.121,2.338,2.224321,105.18,None,0.0,ETH-27DEC19-680-P,206.07,0.0,0.0,0.0,0.0,0.0,0.0,0.16578,-0.06464,-2.47246,0.00095,-0.93373
10649.0,BTC-27SEP19,1565780343798,open,0.02,422.2,0.006,0.0435,0.02128106,95.57,0.02,0.0,BTC-27SEP19-16000-C,10497.95,93.92,0.02,25.0,0.0225,14.8,97.11,8.37204,-9.11823,1.56962,6e-05,0.1439
209.16,ETH-27SEP19,1565780343811,open,0.0,2060.0,0.001,0.011,0.000899,120.0,0.003,0.0,ETH-27SEP19-80-P,206.07,0.0,0.0,0.0,0.002,500.0,134.17,0.01215,-0.01661,-0.00171,0.00019,-0.0059
10649.0,BTC-27SEP19,1565780343814,open,0.0,330.4,0.0005,0.011,0.00125009,106.67,0.0015,0.0,BTC-27SEP19-4750-P,10497.95,94.85,0.0005,28.2,0.002,45.0,114.29,0.89288,-1.08543,-0.13055,1e-05,-0.00895
10504.48,SYN.BTC-16AUG19,1565780343820,open,0.06,36.2,0.031,0.0805,0.05654416,92.13,0.055,0.0,BTC-16AUG19-10000-C,10497.95,91.92,0.0565,6.0,0.0605,0.1,110.02,2.21922,-54.50014,0.3915,0.00042,0.78179
211.87,ETH-27DEC19,1565780343822,open,1.83,0.0,1.756,1.956,1.851999,102.72,0.953,0.0,ETH-27DEC19-600-P,206.07,0.0,0.0,0.0,0.0,0.0,0.0,0.20522,-0.07815,-2.16416,0.0012,-0.91226
209.16,ETH-27SEP19,1565780343828,open,0.71,0.0,0.704,0.723,0.713221,120.0,0.01,0.0,ETH-27SEP19-60-C,206.07,0.0,0.003,10.0,0.0,0.0,0.0,0.00168,-0.00229,0.07194,3e-05,0.99934
209.16,ETH-27SEP19,1565780343834,open,0.0,3419.0,0.001,0.011,0.000788,120.0,0.002,0.0,ETH-27SEP19-640-C,206.07,0.0,0.0,0.0,0.002,600.0,133.09,0.01336,-0.01827,0.00145,0.00021,0.00657
211.87,ETH-27DEC19,1565780343838,open,0.11,919.0,0.058,0.15,0.104968,98.7,0.105,0.0,ETH-27DEC19-320-C,206.07,96.48,0.1,40.0,0.111,356.0,101.37,0.47669,-0.17442,0.19128,0.00291,0.34928
211.87,ETH-27DEC19,1565780343840,open,0.08,285.0,0.041,0.125,0.082434,100.49,0.083,0.0,ETH-27DEC19-360-C,206.07,99.31,0.08,22.0,0.086,262.0,102.2,0.43864,-0.16341,0.16009,0.00263,0.28691
209.16,ETH-27SEP19,1565780343840,open,0.43,47.0,0.41,0.451,0.430797,94.42,0.689,0.0,ETH-27SEP19-120-C,206.07,0.0,0.0,0.0,0.0,0.0,0.0,0.05122,-0.05511,0.13522,0.00103,0.96862
209.16,ETH-27SEP19,1565780343840,open,0.0,2698.0,0.001,0.011,0.00032,120.0,0.001,0.0,ETH-27SEP19-720-C,206.07,0.0,0.0,0.0,0.001,422.0,133.79,0.00636,-0.0087,0.00064,0.0001,0.00286
211.87,ETH-27DEC19,1565780343840,open,0.25,617.0,0.194,0.295,0.248986,94.58,0.257,0.0,ETH-27DEC19-200-C,206.07,91.03,0.241,30.0,0.255,30.0,97.25,0.4766,-0.1671,0.31466,0.00304,0.6509
211.87,ETH-27DEC19,1565780343842,open,0.1,1884.0,0.059,0.137,0.098539,94.58,0.092,0.0,ETH-27DEC19-160-P,206.07,90.36,0.091,40.0,0.1,40.0,95.39,0.38026,-0.13332,-0.24853,0.00242,-0.21891
10861.9,BTC-27DEC19,1565780343849,open,0.0,208.8,0.0005,0.011,0.0013622,108.42,0.0015,0.0,BTC-27DEC19-2500-P,10497.95,95.71,0.0005,13.7,0.0015,18.0,109.88,0.99863,-0.40139,-0.26575,0.0,-0.00526
207.19,SYN.ETH-30AUG19,1565780343849,open,0.35,0.0,0.315,0.406,0.359001,98.63,None,0.0,ETH-30AUG19-280-P,206.07,0.0,0.0,0.0,0.0,0.0,0.0,0.06825,-0.21199,-0.11465,0.00371,-0.91329
207.19,SYN.ETH-30AUG19,1565780343849,open,0.01,3210.0,0.001,0.017,0.006245,89.65,0.007,0.0,ETH-30AUG19-160-P,206.07,84.97,0.005,200.0,0.008,400.0,95.56,0.05802,-0.16382,-0.00687,0.00347,-0.07
209.16,ETH-27SEP19,1565780343861,open,0.01,1897.0,0.001,0.023,0.009155,102.66,0.016,0.0,ETH-27SEP19-380-C,206.07,97.5,0.007,500.0,0.011,200.0,106.56,0.09398,-0.10994,0.01451,0.00174,0.06686
209.16,ETH-27SEP19,1565780343863,open,0.02,1935.0,0.004,0.034,0.016156,100.25,0.022,0.0,ETH-27SEP19-340-C,206.07,96.84,0.014,500.0,0.018,200.0,103.0,0.13679,-0.15627,0.02372,0.00259,0.11048
10649.0,BTC-27SEP19,1565780343925,open,0.01,460.3,0.0015,0.0275,0.01135226,97.62,0.0095,0.0,BTC-27SEP19-18000-C,10497.95,95.99,0.0105,24.0,0.0125,19.8,99.72,5.67085,-6.30852,0.92402,4e-05,0.08354
10649.0,BTC-27SEP19,1565780343939,open,0.0,682.9,0.0005,0.0105,0.00097041,115.0,0.001,0.0,BTC-27SEP19-30000-C,10497.95,107.43,0.0005,1.0,0.0015,29.6,120.76,0.83005,-1.08777,0.09298,1e-05,0.00823
10552.66,SYN.BTC-30AUG19,1565780343971,open,0.25,21.0,0.228,0.2675,0.24711812,90.7,0.2375,0.0,BTC-30AUG19-8000-C,10497.95,0.0,0.2045,4.0,0.286,4.0,181.39,2.60628,-7.44536,3.18231,6e-05,0.94045
10649.0,BTC-27SEP19,1565780344010,open,0.28,884.7,0.247,0.3015,0.27450911,89.49,0.36,0.0,BTC-27SEP19-8000-C,10497.95,83.5,0.27,12.3,0.278,12.3,93.91,8.24752,-8.41116,7.48524,7e-05,0.85925
10861.9,BTC-27DEC19,1565780344022,open,0.0,991.4,0.0005,0.013,0.00341979,106.25,0.0035,0.0,BTC-27DEC19-52000-C,10497.95,104.61,0.003,7.9,0.0035,3.2,106.55,2.89476,-1.14024,0.57705,1e-05,0.0178
10861.9,BTC-27DEC19,1565780344033,open,0.56,27.3,0.5055,0.635,0.57036646,92.56,0.495,0.0,BTC-27DEC19-16000-P,10497.95,0.0,0.105,0.5,1.318,0.2,500.0,24.24723,-8.32031,-49.30331,6e-05,-0.658
10649.0,BTC-27SEP19,1565780344059,open,0.03,509.3,0.01,0.0545,0.02933079,94.4,0.033,0.0,BTC-27SEP19-15000-C,10497.95,92.97,0.028,19.3,0.031,14.3,96.16,9.9735,-10.72911,2.03875,8e-05,0.1886
10504.48,SYN.BTC-16AUG19,1565780344230,open,0.0,275.6,0.0005,0.0105,0.00089513,114.89,0.001,0.0,BTC-16AUG19-9000-P,10497.95,117.14,0.001,30.0,0.002,18.4,133.72,0.47737,-9.39213,-0.01536,7e-05,-0.02755
10552.66,SYN.BTC-30AUG19,1565780344235,open,0.0,369.9,0.0005,0.0115,0.00170658,107.57,0.002,0.0,BTC-30AUG19-17000-C,10497.95,99.95,0.001,0.4,0.0025,45.4,113.93,1.15679,-3.91896,0.09332,2e-05,0.02204
10552.66,SYN.BTC-30AUG19,1565780344258,open,0.01,191.3,0.0005,0.0235,0.00856848,97.02,0.008,0.0,BTC-30AUG19-14000-C,10497.95,93.95,0.0075,30.0,0.01,48.0,100.85,3.79195,-11.58713,0.40825,8e-05,0.09752
10861.87,BTC-27DEC19,1565780344625,open,0.01,203.3,0.0005,0.017,0.0051851,102.52,0.013,0.0,BTC-27DEC19-44000-C,10497.96,99.08,0.004,8.0,0.006,3.8,104.59,4.06603,-1.54533,0.85997,1e-05,0.02661
10649.0,BTC-27SEP19,1565780344625,open,0.2,91.2,0.1615,0.2485,0.20557939,90.63,0.205,0.0,BTC-27SEP19-12000-P,10497.96,83.12,0.1955,3.0,0.2115,3.0,95.01,14.36762,-14.83874,-10.16154,0.00012,-0.58824
10649.0,BTC-27SEP19,1565780344625,open,0.7,0.0,0.685,0.7045,0.69489688,115.0,None,0.0,BTC-27SEP19-3250-C,10497.96,0.0,0.6325,8.0,0.7555,8.0,371.95,0.09504,-0.12455,3.89603,0.0,0.99925
10649.0,BTC-27SEP19,1565780344625,open,0.0,49.2,0.0005,0.0105,8.985e-05,115.0,0.0015,0.0,BTC-27SEP19-3250-P,10497.96,0.0,0.0,0.0,0.001,24.6,148.53,0.09504,-0.12455,-0.01071,0.0,-0.00075
10649.0,BTC-27SEP19,1565780344626,open,0.54,789.2,0.5215,0.544,0.53202907,103.66,0.5015,0.0,BTC-27SEP19-5000-C,10497.96,0.0,0.476,8.0,0.584,8.0,240.12,1.08655,-1.28349,5.84701,1e-05,0.9888
10552.6,SYN.BTC-30AUG19,1565780344625,open,0.02,284.5,0.0035,0.036,0.01629571,94.61,0.0165,0.0,BTC-30AUG19-13000-C,10497.96,93.08,0.0155,4.4,0.0175,34.0,96.87,5.54648,-16.52673,0.70053,0.00012,0.16892
10861.88,BTC-27DEC19,1565780344626,open,0.03,313.0,0.011,0.0655,0.03379323,95.99,0.037,0.0,BTC-27DEC19-24000-C,10497.96,94.67,0.032,6.0,0.036,25.9,97.58,14.9098,-5.30572,4.38377,4e-05,0.14301
10528.51,SYN.BTC-23AUG19,1565780344625,open,0.23,0.0,0.2115,0.273,0.24056216,95.39,None,0.0,BTC-23AUG19-13000-P,10497.96,0.0,0.0,0.0,0.0,0.0,0.0,2.65751,-14.28078,-2.94669,0.0001,-0.91039
10649.0,BTC-27SEP19,1565780344626,open,0.51,34.4,0.4815,0.5695,0.52376518,95.57,0.396,0.0,BTC-27SEP19-16000-P,10497.96,0.0,0.004,10.0,1.0355,0.2,500.0,8.37132,-9.11692,-17.66374,6e-05,-0.85612
10861.88,BTC-27DEC19,1565780344627,open,0.0,282.4,0.0005,0.014,0.00397549,103.84,0.005,0.0,BTC-27DEC19-48000-C,10497.96,100.31,0.003,5.0,0.0045,3.3,105.49,3.29806,-1.26954,0.67322,1e-05,0.02075
10861.88,BTC-27DEC19,1565780344627,open,0.03,266.9,0.011,0.048,0.02742384,89.34,0.026,0.0,BTC-27DEC19-6000-P,10497.96,86.22,0.0245,6.0,0.0275,18.0,89.42,10.38508,-3.43947,-4.56151,3e-05,-0.08622
10504.41,SYN.BTC-16AUG19,1565780344625,open,0.01,418.4,0.0005,0.0265,0.0084931,92.0,0.008,0.0,BTC-16AUG19-10000-P,10497.96,87.22,0.0075,34.6,0.009,0.4,94.38,2.21762,-54.38333,-0.12223,0.00043,-0.21794
10861.88,BTC-27DEC19,1565780344627,open,0.64,27.7,0.6255,0.649,0.63654626,91.79,0.6705,0.0,BTC-27DEC19-4000-C,10497.96,0.0,0.576,10.0,0.664,10.0,145.06,3.09543,-1.05325,13.81516,1e-05,0.98075
10504.41,SYN.BTC-16AUG19,1565780344625,open,0.32,0.0,0.307,0.36,0.33277116,0.0,None,0.0,BTC-16AUG19-14000-P,10497.96,0.0,0.0,0.0,0.0,0.0,0.0,0.0,0.0,-0.71944,0.0,-1.0
10861.88,BTC-27DEC19,1565780344628,open,0.34,111.4,0.287,0.408,0.34881803,90.54,0.31,0.0,BTC-27DEC19-13000-P,10497.96,88.34,0.3435,5.0,0.3535,3.6,92.47,26.30656,-8.82954,-34.89015,7e-05,-0.52046
10649.0,BTC-27SEP19,1565780344628,open,0.0,434.7,0.0005,0.011,0.00145674,113.67,0.0015,0.0,BTC-27SEP19-28000-C,10497.96,108.89,0.001,35.0,0.002,47.3,118.13,1.15639,-1.49797,0.13545,1e-05,0.01204
10504.41,SYN.BTC-16AUG19,1565780344625,open,0.28,0.0,0.26,0.312,0.28519709,112.01,0.195,0.0,BTC-16AUG19-13500-P,10497.96,0.0,0.0,0.0,0.0,0.0,0.0,0.02582,-0.77091,-0.69321,0.0,-0.99898
10528.51,SYN.BTC-23AUG19,1565780344625,open,0.03,50.8,0.006,0.048,0.02453333,91.81,0.024,0.0,BTC-23AUG19-11500-C,10497.96,88.93,0.023,3.9,0.026,10.2,94.53,5.64617,-29.20145,0.68709,0.00023,0.29291
10528.51,SYN.BTC-23AUG19,1565780344625,open,0.0,2.7,0.0005,0.0125,0.00276043,105.07,0.002,0.0,BTC-23AUG19-8000-P,10497.96,98.82,0.002,30.0,0.003,3.2,106.84,1.39648,-8.26597,-0.10785,5e-05,-0.03936
10504.41,SYN.BTC-16AUG19,1565780344625,open,0.0,405.1,0.0005,0.0105,0.00047702,112.22,0.0005,0.0,BTC-16AUG19-12500-C,10497.96,112.97,0.0005,6.7,0.001,18.6,125.63,0.31622,-5.01079,0.00888,5e-05,0.01692
10528.51,SYN.BTC-23AUG19,1565780344625,open,0.12,0.0,0.0875,0.1415,0.11516856,88.85,None,0.0,BTC-23AUG19-9500-C,10497.96,0.0,0.0,0.0,0.0,0.0,0.0,4.71344,-23.5918,1.73123,0.0002,0.79138
10861.88,BTC-27DEC19,1565780344629,open,0.08,371.6,0.035,0.115,0.0729691,93.39,0.07,0.0,BTC-27DEC19-18000-C,10497.96,91.91,0.07,18.9,0.0725,0.1,93.16,21.92379,-7.59012,8.00009,5e-05,0.27229
10504.41,SYN.BTC-16AUG19,1565780344625,open,0.2,0.0,0.1745,0.208,0.19094102,115.54,None,0.0,BTC-16AUG19-8500-C,10497.96,0.0,0.0,0.0,0.0,0.0,0.0,0.1029,-3.16946,0.4342,2e-05,0.99531
10861.88,BTC-27DEC19,1565780344629,open,1.58,0.1,1.5345,1.6725,1.59928969,97.44,1.49,0.0,BTC-27DEC19-28000-P,10497.96,0.0,0.005,1.0,0.0,0.0,0.0,11.27791,-4.07385,-100.45997,3e-05,-0.90363
10504.41,SYN.BTC-16AUG19,1565780344625,open,0.0,109.0,0.0005,0.0105,2e-08,115.0,0.0005,0.0,BTC-16AUG19-15500-C,10497.96,0.0,0.0,0.0,0.0005,5.0,224.33,5e-05,-0.00024,0.0,0.0,0.0
10528.51,SYN.BTC-23AUG19,1565780344625,open,0.08,136.8,0.05,0.1145,0.08248658,90.23,0.0935,0.0,BTC-23AUG19-11000-P,10497.96,82.78,0.078,3.0,0.082,4.7,89.43,6.36238,-32.34043,-1.73508,0.00026,-0.59522
10528.51,SYN.BTC-23AUG19,1565780344625,open,0.02,187.4,0.0035,0.0375,0.0174755,88.84,0.0165,0.0,BTC-23AUG19-9500-P,10497.96,85.51,0.016,30.0,0.0185,4.8,91.11,4.7131,-23.58693,-0.5788,0.0002,-0.2086
10504.41,SYN.BTC-16AUG19,1565780344625,open,0.0,269.9,0.0005,0.0105,1.03e-06,115.0,0.0005,0.0,BTC-16AUG19-14500-C,10497.96,0.0,0.0,0.0,0.0005,20.0,190.96,0.00169,-0.01078,3e-05,0.0,5e-05
10504.41,SYN.BTC-16AUG19,1565780344625,open,0.0,119.3,0.0005,0.0105,0.00011992,115.0,0.0005,0.0,BTC-16AUG19-8500-P,10497.96,0.0,0.0,0.0,0.001,2.5,152.84,0.09976,-1.25965,-0.00251,2e-05,-0.00453
10528.51,SYN.BTC-23AUG19,1565780344625,open,0.05,139.2,0.0245,0.082,0.05296844,87.49,0.057,0.0,BTC-23AUG19-10500-P,10497.96,81.89,0.0495,3.0,0.0535,3.7,88.35,6.52449,-32.15632,-1.32586,0.00028,-0.4649
10504.41,SYN.BTC-16AUG19,1565780344625,open,0.03,131.6,0.004,0.05,0.02629074,91.23,0.0265,0.0,BTC-16AUG19-10500-C,10497.96,86.71,0.025,21.6,0.029,8.0,100.71,3.00182,-73.00124,0.26413,0.00058,0.5156
10504.41,SYN.BTC-16AUG19,1565780344625,open,0.0,20.0,0.0005,0.0105,1e-08,115.0,0.0005,0.0,BTC-16AUG19-7000-P,10497.96,0.0,0.0,0.0,0.0005,40.0,244.58,1e-05,-6e-05,0.0,0.0,0.0
10504.41,SYN.BTC-16AUG19,1565780344625,open,0.0,477.3,0.0005,0.0105,0.00014047,115.0,0.0005,0.0,BTC-16AUG19-13000-C,10497.96,0.0,0.0,0.0,0.0005,9.9,134.21,0.11803,-1.47558,0.00288,2e-05,0.00547
10528.51,SYN.BTC-23AUG19,1565780344625,open,0.16,0.0,0.1305,0.1785,0.15437646,91.98,None,0.0,BTC-23AUG19-9000-C,10497.96,0.0,0.0,0.0,0.0,0.0,0.0,3.32141,-17.2095,1.8528,0.00013,0.87807
10504.41,SYN.BTC-16AUG19,1565780344625,open,0.29,0.0,0.2715,0.3005,0.28601896,134.7,None,0.0,BTC-16AUG19-7500-C,10497.96,0.0,0.0,0.0,0.0,0.0,0.0,0.00577,-0.20704,0.3853,0.0,0.9998
10528.51,SYN.BTC-23AUG19,1565780344625,open,0.51,0.0,0.49,0.5535,0.52021604,110.6,None,0.0,BTC-23AUG19-16000-P,10497.96,0.0,0.0,0.0,0.0,0.0,0.0,0.42361,-2.63938,-3.86741,1e-05,-0.99036
10552.6,SYN.BTC-30AUG19,1565780344628,open,0.16,65.3,0.132,0.2045,0.16810182,92.38,0.17,0.0,BTC-30AUG19-12000-P,10497.96,52.36,0.144,3.0,0.1795,3.0,108.0,7.45992,-21.7041,-4.05763,0.00017,-0.71594
10528.51,SYN.BTC-23AUG19,1565780344625,open,0.04,83.4,0.0135,0.064,0.03771012,90.24,0.0345,0.0,BTC-23AUG19-11000-C,10497.96,86.58,0.0355,26.0,0.0395,4.9,93.2,6.36245,-32.34439,0.93982,0.00026,0.4048
10528.51,SYN.BTC-23AUG19,1565780344625,open,0.25,0.0,0.225,0.2625,0.24292301,105.11,None,0.0,BTC-23AUG19-8000-C,10497.96,0.0,0.0,0.0,0.0,0.0,0.0,1.39773,-8.27605,1.83739,5e-05,0.96059
10504.41,SYN.BTC-16AUG19,1565780344625,open,0.24,0.0,0.223,0.254,0.23842888,118.88,None,0.0,BTC-16AUG19-8000-C,10497.96,0.0,0.0,0.0,0.0,0.0,0.0,0.01586,-0.50245,0.41078,0.0,0.9994
10504.41,SYN.BTC-16AUG19,1565780344625,open,0.15,1.1,0.126,0.164,0.14411748,115.03,0.1695,0.0,BTC-16AUG19-9000-C,10497.96,0.0,0.143,10.0,0.169,4.0,291.69,0.4795,-14.70278,0.44706,7e-05,0.9723
10504.41,SYN.BTC-16AUG19,1565780344625,open,0.47,0.0,0.447,0.5055,0.47556155,0.0,0.345,0.0,BTC-16AUG19-15500-P,10497.96,0.0,0.0,0.0,0.0,0.0,0.0,0.0,0.0,-0.79653,0.0,-1.0
10504.41,SYN.BTC-16AUG19,1565780344625,open,0.18,35.2,0.167,0.217,0.19044599,111.96,0.195,0.0,BTC-16AUG19-12500-P,10497.96,0.0,0.1775,3.0,0.228,3.0,344.4,0.31283,-9.33623,-0.63359,5e-05,-0.98329
10504.41,SYN.BTC-16AUG19,1565780344625,open,0.0,199.0,0.0005,0.015,0.00276722,102.68,0.0025,0.0,BTC-16AUG19-9500-P,10497.96,100.12,0.0025,30.0,0.0035,0.5,109.16,1.12397,-29.06799,-0.04491,0.00019,-0.08042
10504.41,SYN.BTC-16AUG19,1565780344625,open,0.01,255.1,0.0005,0.03,0.01050683,95.68,0.0115,0.0,BTC-16AUG19-11000-C,10497.96,89.11,0.009,28.4,0.012,18.4,101.99,2.45117,-62.517,0.13565,0.00045,0.26179
10552.6,SYN.BTC-30AUG19,1565780344630,open,0.0,387.3,0.0005,0.0125,0.00274763,103.69,0.003,0.0,BTC-30AUG19-16000-C,10497.96,98.55,0.002,15.0,0.0035,34.2,108.06,1.68632,-5.50705,0.1464,3e-05,0.03464
10504.41,SYN.BTC-16AUG19,1565780344625,open,0.0,313.2,0.0005,0.0105,3.06e-05,115.0,0.0005,0.0,BTC-16AUG19-13500-C,10497.96,0.0,0.0,0.0,0.0005,29.3,154.18,0.03316,-0.32143,0.00071,1e-05,0.00134
10504.41,SYN.BTC-16AUG19,1565780344625,open,0.23,0.3,0.2135,0.264,0.2377082,114.27,0.115,0.0,BTC-16AUG19-13000-P,10497.96,0.0,0.0,0.0,0.0,0.0,0.0,0.11307,-3.44431,-0.66531,2e-05,-0.99478
10528.51,SYN.BTC-23AUG19,1565780344625,open,0.0,30.0,0.0005,0.0165,0.00507095,98.25,0.005,0.0,BTC-23AUG19-8500-P,10497.96,95.45,0.0045,30.0,0.0055,4.2,100.25,2.21167,-12.24063,-0.19296,8e-05,-0.0703
10528.51,SYN.BTC-23AUG19,1565780344625,open,0.0,12.5,0.0005,0.0105,0.00089242,110.43,0.002,0.0,BTC-23AUG19-15500-C,10497.96,0.0,0.0,0.0,0.0015,8.8,118.81,0.63567,-3.95435,0.03712,2e-05,0.01539
10504.41,SYN.BTC-16AUG19,1565780344625,open,0.0,76.0,0.0005,0.0105,1.6e-07,115.0,0.0005,0.0,BTC-16AUG19-15000-C,10497.96,0.0,0.0,0.0,0.0005,5.4,208.03,0.00032,-0.0017,0.0,0.0,1e-05
10504.41,SYN.BTC-16AUG19,1565780344625,open,0.42,0.5,0.4,0.457,0.42796293,0.0,0.305,0.0,BTC-16AUG19-15000-P,10497.96,0.0,0.0,0.0,0.0,0.0,0.0,0.0,0.0,-0.77083,0.0,-1.0
10552.6,SYN.BTC-30AUG19,1565780344629,open,0.24,17.1,0.214,0.2845,0.24821255,94.6,0.2385,0.0,BTC-30AUG19-13000-P,10497.96,0.0,0.214,3.0,0.287,3.0,154.04,5.54568,-16.52217,-4.95397,0.00012,-0.83112
10528.51,SYN.BTC-23AUG19,1565780344625,open,0.0,180.4,0.0005,0.0125,0.00252917,101.02,0.006,0.0,BTC-23AUG19-14000-C,10497.96,96.95,0.002,30.0,0.003,6.3,104.23,1.46612,-8.3435,0.10053,5e-05,0.0418
10504.41,SYN.BTC-16AUG19,1565780344625,open,0.02,416.5,0.004,0.051,0.02586468,91.21,0.023,0.0,BTC-16AUG19-10500-P,10497.96,82.93,0.0235,3.2,0.025,0.1,88.18,3.00182,-72.98309,-0.27545,0.00058,-0.4844
10504.41,SYN.BTC-16AUG19,1565780344625,open,0.0,168.0,0.0005,0.0105,5.92e-06,115.0,0.0005,0.0,BTC-16AUG19-14000-C,10497.96,0.0,0.0,0.0,0.0005,35.0,173.05,0.008,-0.06214,0.00015,0.0,0.00029
10528.51,SYN.BTC-23AUG19,1565780344625,open,0.06,28.7,0.027,0.083,0.05568182,87.5,0.057,0.0,BTC-23AUG19-10500-C,10497.96,86.4,0.055,18.0,0.0585,4.0,92.05,6.52449,-32.15978,1.22741,0.00028,0.5351
10552.6,SYN.BTC-30AUG19,1565780344627,open,0.05,687.3,0.022,0.076,0.04819417,88.2,0.0465,0.0,BTC-30AUG19-10000-P,10497.96,84.05,0.045,6.0,0.047,0.3,86.65,8.15463,-22.6509,-1.82923,0.00019,-0.35034
10528.51,SYN.BTC-23AUG19,1565780344625,open,0.32,0.0,0.304,0.3645,0.33224467,100.96,None,0.0,BTC-23AUG19-14000-P,10497.96,0.0,0.0,0.0,0.0,0.0,0.0,1.46345,-8.32369,-3.30407,5e-05,-0.9583
10552.6,SYN.BTC-30AUG19,1565780344630,open,0.34,0.0,0.3235,0.354,0.33813136,99.07,None,0.0,BTC-30AUG19-7000-C,10497.96,0.0,0.2915,4.0,0.381,4.0,235.54,0.98864,-3.08473,2.95383,2e-05,0.98169
206.2,SYN.ETH-16AUG19,1565780344812,open,0.28,0.0,0.251,0.294,0.27256,120.03,None,0.0,ETH-16AUG19-150-C,206.07,0.0,0.0,0.0,0.0,0.0,0.0,5e-05,-0.00172,0.00771,2e-05,0.99991
206.2,SYN.ETH-16AUG19,1565780344845,open,0.0,51.0,0.001,0.011,0.0,120.0,0.004,0.0,ETH-16AUG19-300-C,206.07,0.0,0.0,0.0,0.001,250.0,237.68,1e-05,-3e-05,0.0,0.0,1e-05
10504.41,SYN.BTC-16AUG19,1565780344895,open,0.0,230.3,0.0005,0.0105,0.0,115.0,0.0005,0.0,BTC-16AUG19-16000-C,10497.96,0.0,0.0,0.0,0.0005,0.9,239.93,1e-05,-3e-05,0.0,0.0,0.0
206.2,SYN.ETH-16AUG19,1565780344943,open,0.45,0.0,0.413,0.5,0.454884,119.33,None,0.0,ETH-16AUG19-300-P,206.07,0.0,0.0,0.0,0.0,0.0,0.0,0.0,-0.00015,-0.01542,0.0,-0.99999
206.2,SYN.ETH-16AUG19,1565780345317,open,0.0,53.0,0.001,0.011,0.000336,120.0,0.001,0.0,ETH-16AUG19-170-P,206.07,0.0,0.0,0.0,0.001,250.0,141.3,0.00431,-0.06929,-0.00012,0.00164,-0.01109
10528.51,SYN.BTC-23AUG19,1565780345390,open,0.01,99.2,0.0005,0.019,0.0058259,95.42,0.006,0.0,BTC-23AUG19-13000-C,10497.96,94.11,0.0055,30.0,0.0065,1.1,98.02,2.65912,-14.29373,0.21469,0.0001,0.08968
206.2,SYN.ETH-16AUG19,1565780345607,open,0.09,550.0,0.051,0.109,0.08069,82.11,0.088,0.0,ETH-16AUG19-190-C,206.07,0.0,0.076,50.0,0.082,50.0,93.27,0.02153,-0.47119,0.00892,0.012,0.92215
10861.86,BTC-27DEC19,1565780345625,open,0.44,63.0,0.4105,0.468,0.43948911,89.34,0.4965,0.0,BTC-27DEC19-6500-C,10497.99,0.0,0.384,10.0,0.485,10.0,124.55,12.56113,-4.16018,18.00971,3e-05,0.88819
10861.86,BTC-27DEC19,1565780345625,open,0.77,0.0,0.7615,0.781,0.77119939,108.43,None,0.0,BTC-27DEC19-2500-C,10497.99,0.0,0.7045,10.0,0.8345,10.0,269.13,0.9988,-0.40147,8.97225,0.0,0.99474
10861.89,BTC-27DEC19,1565780345626,open,0.35,204.5,0.305,0.3825,0.34530986,89.34,0.4065,0.0,BTC-27DEC19-8000-C,10497.99,84.75,0.3375,17.7,0.346,17.7,89.74,18.59342,-6.15801,18.17149,5e-05,0.79804
10861.89,BTC-27DEC19,1565780345627,open,0.68,4.0,0.671,0.6905,0.68050688,93.65,0.64,0.0,BTC-27DEC19-3500-C,10497.99,0.0,0.618,10.0,0.74,10.0,205.17,1.98484,-0.68906,12.36267,0.0,0.98852
10649.04,BTC-27SEP19,1565780345626,open,1.8,0.0,1.762,1.8775,1.81813608,115.13,None,0.0,BTC-27SEP19-30000-P,10497.99,0.0,0.0,0.0,0.0,0.0,0.0,0.83645,-1.09742,-35.96844,1e-05,-0.99169
10861.89,BTC-27DEC19,1565780345627,open,0.0,160.5,0.0005,0.0125,0.00273471,93.65,0.004,0.0,BTC-27DEC19-3500-P,10497.99,89.23,0.002,4.3,0.0035,18.0,97.52,1.98498,-0.68912,-0.57066,0.0,-0.01148
10649.04,BTC-27SEP19,1565780345627,open,0.0,472.5,0.0005,0.0135,0.00352655,101.23,0.004,0.0,BTC-27SEP19-22000-C,10497.99,96.29,0.0025,47.0,0.0045,6.2,105.12,2.46052,-2.83847,0.32939,2e-05,0.02926
10528.52,SYN.BTC-23AUG19,1565780345625,open,0.15,5.6,0.1235,0.1885,0.15536119,93.3,0.118,0.0,BTC-23AUG19-12000-P,10497.99,0.0,0.1235,3.0,0.1925,3.0,163.87,4.65528,-24.46876,-2.43493,0.00019,-0.7957
10861.89,BTC-27DEC19,1565780345628,open,0.49,206.6,0.4295,0.557,0.49370372,92.03,0.454,0.0,BTC-27DEC19-15000-P,10497.99,0.0,0.1,0.1,1.2305,0.2,500.0,25.2026,-8.59822,-44.57538,6e-05,-0.61687
10861.89,BTC-27DEC19,1565780345628,open,0.72,12.4,0.6655,0.797,0.73013994,93.39,0.559,0.0,BTC-27DEC19-18000-P,10497.99,0.0,0.004,5.0,1.4935,0.2,500.0,21.92387,-7.59017,-58.51391,5e-05,-0.72771
10649.04,BTC-27SEP19,1565780345629,open,0.27,48.1,0.2325,0.322,0.27739867,92.0,0.24,0.0,BTC-27SEP19-13000-P,10497.99,84.71,0.2685,6.8,0.2865,6.8,99.23,13.21438,-13.85369,-12.24746,0.00011,-0.67936
10861.89,BTC-27DEC19,1565780345629,open,0.73,0.0,0.7155,0.735,0.72534609,97.02,None,0.0,BTC-27DEC19-3000-C,10497.99,0.0,0.661,10.0,0.787,10.0,232.99,1.22711,-0.44135,10.75754,0.0,0.99337
10552.63,SYN.BTC-30AUG19,1565780345627,open,0.0,598.1,0.0005,0.0105,0.00049448,113.22,0.0005,0.0,BTC-30AUG19-6000-P,10497.99,0.0,0.0,0.0,0.001,2.0,124.13,0.37689,-1.34391,-0.03003,1e-05,-0.00605
10504.42,SYN.BTC-16AUG19,1565780345625,open,0.0,2.0,0.0005,0.0105,3.4e-07,115.0,0.0005,0.0,BTC-16AUG19-7500-P,10497.99,0.0,0.0,0.0,0.0005,20.0,207.03,0.0006,-0.00355,-1e-05,0.0,-2e-05
10649.04,BTC-27SEP19,1565780345630,open,0.0,416.5,0.0005,0.0105,0.00053885,114.68,0.0005,0.0,BTC-27SEP19-4000-P,10497.99,0.0,0.0,0.0,0.001,2.0,123.82,0.42651,-0.55738,-0.05668,0.0,-0.00389
10528.52,SYN.BTC-23AUG19,1565780345625,open,0.37,0.0,0.3505,0.412,0.37910773,105.56,None,0.0,BTC-23AUG19-14500-P,10497.99,0.0,0.0,0.0,0.0,0.0,0.0,1.15696,-6.87991,-3.45069,4e-05,-0.9687
10552.63,SYN.BTC-30AUG19,1565780345627,open,0.0,325.5,0.0005,0.016,0.00471296,100.13,0.0065,0.0,BTC-30AUG19-15000-C,10497.99,97.01,0.004,1.0,0.0055,30.0,103.28,2.5212,-7.9505,0.24039,5e-05,0.05709
10649.07,BTC-27SEP19,1565780345630,open,0.01,655.1,0.0005,0.019,0.0067429,100.92,0.007,0.0,BTC-27SEP19-20000-C,10497.99,100.25,0.0065,5.0,0.007,5.3,101.61,3.92465,-4.51343,0.57848,3e-05,0.05193
10552.63,SYN.BTC-30AUG19,1565780345625,open,0.06,212.0,0.027,0.084,0.0555261,88.2,0.0555,0.0,BTC-30AUG19-11000-C,10497.99,86.95,0.0545,26.0,0.059,4.3,92.41,8.70172,-24.17098,1.79587,0.0002,0.4468
10552.63,SYN.BTC-30AUG19,1565780345628,open,0.17,21.1,0.1385,0.191,0.16525902,88.2,0.2905,0.0,BTC-30AUG19-9000-C,10497.99,63.61,0.154,9.0,0.2015,4.0,147.52,5.55297,-15.42435,3.05462,0.00013,0.83077
10528.52,SYN.BTC-23AUG19,1565780345625,open,0.02,164.5,0.0025,0.0355,0.01559835,93.3,0.015,0.0,BTC-23AUG19-12000-C,10497.99,90.79,0.0145,24.0,0.017,34.0,96.43,4.65512,-24.4669,0.48308,0.00019,0.20429
10528.52,SYN.BTC-23AUG19,1565780345625,open,0.0,74.2,0.0005,0.0105,0.00054113,110.82,0.0005,0.0,BTC-23AUG19-16000-C,10497.99,0.0,0.0,0.0,0.0005,0.3,109.78,0.42857,-2.67556,0.02361,1e-05,0.00976
10504.42,SYN.BTC-16AUG19,1565780345625,open,0.05,450.7,0.03,0.0855,0.0576847,95.68,0.0535,0.0,BTC-16AUG19-11000-P,10497.99,76.73,0.0535,6.0,0.0585,0.1,99.14,2.45116,-62.51447,-0.42963,0.00045,-0.73821
10528.52,SYN.BTC-23AUG19,1565780345625,open,0.09,8.9,0.052,0.1095,0.08184836,87.49,0.0815,0.0,BTC-23AUG19-10000-C,10497.99,86.87,0.0815,18.0,0.087,22.0,96.58,5.93054,-29.23008,1.51116,0.00025,0.6721
10504.42,SYN.BTC-16AUG19,1565780345625,open,0.37,0.0,0.3535,0.4085,0.38037401,121.11,0.256,0.0,BTC-16AUG19-14500-P,10497.99,0.0,0.0,0.0,0.0,0.0,0.0,0.00358,-0.11554,-0.74507,0.0,-0.99988
10504.42,SYN.BTC-16AUG19,1565780345625,open,0.0,391.5,0.0005,0.011,0.00144513,108.03,0.0015,0.0,BTC-16AUG19-12000-C,10497.99,100.97,0.001,39.4,0.002,0.2,115.28,0.73251,-15.18023,0.02431,0.00012,0.04648
10528.52,SYN.BTC-23AUG19,1565780345625,open,0.46,0.0,0.4435,0.506,0.47308599,110.46,None,0.0,BTC-23AUG19-15500-P,10497.99,0.0,0.0,0.0,0.0,0.0,0.0,0.6367,-3.962,-3.73194,2e-05,-0.98458
10504.42,SYN.BTC-16AUG19,1565780345625,open,0.0,30.4,0.0005,0.0105,9.02e-06,115.0,0.0005,0.0,BTC-16AUG19-8000-P,10497.99,0.0,0.0,0.0,0.0005,10.0,171.45,0.01117,-0.09477,-0.00023,0.0,-0.00041
10528.52,SYN.BTC-23AUG19,1565780345625,open,0.03,124.3,0.01,0.0565,0.03165073,87.49,0.03,0.0,BTC-23AUG19-10000-P,10497.99,83.66,0.0295,6.0,0.0325,4.7,89.0,5.93057,-29.23105,-0.92055,0.00025,-0.32791
10504.42,SYN.BTC-16AUG19,1565780345625,open,0.14,88.4,0.12,0.1715,0.14382277,108.05,0.129,0.0,BTC-16AUG19-12000-P,10497.99,0.0,0.115,3.0,0.18,3.0,300.6,0.73286,-21.10886,-0.59234,0.00012,-0.9535
10528.52,SYN.BTC-23AUG19,1565780345625,open,0.0,28.6,0.0005,0.011,0.00138543,109.14,0.003,0.0,BTC-23AUG19-15000-C,10497.99,104.13,0.001,1.0,0.0015,4.5,110.45,0.89597,-5.5088,0.05544,3e-05,0.02304
10528.52,SYN.BTC-23AUG19,1565780345626,open,0.11,27.8,0.0835,0.15,0.11680447,91.81,0.119,0.0,BTC-23AUG19-11500-P,10497.99,80.7,0.111,3.0,0.1165,18.0,91.24,5.6462,-29.2014,-2.10935,0.00023,-0.70709
10504.42,SYN.BTC-16AUG19,1565780345625,open,0.1,8.5,0.0775,0.121,0.09838552,102.68,0.11,0.0,BTC-16AUG19-9500-C,10497.99,0.0,0.0955,10.0,0.1055,4.0,151.45,1.12389,-30.76091,0.44329,0.00019,0.91958
10528.52,SYN.BTC-23AUG19,1565780345625,open,0.19,35.2,0.1665,0.23,0.19706948,94.96,0.162,0.0,BTC-23AUG19-12500-P,10497.99,0.0,0.1645,3.0,0.235,3.0,175.29,3.63529,-19.44584,-2.70906,0.00014,-0.86107
10528.52,SYN.BTC-23AUG19,1565780345625,open,0.01,30.7,0.0005,0.0245,0.00919421,91.96,0.0085,0.0,BTC-23AUG19-9000-P,10497.99,89.73,0.0085,30.0,0.009,1.0,91.35,3.3208,-17.20386,-0.33563,0.00013,-0.1219
10528.52,SYN.BTC-23AUG19,1565780345625,open,0.0,93.4,0.0005,0.015,0.00397811,99.11,0.004,0.0,BTC-23AUG19-13500-C,10497.99,96.54,0.0035,30.0,0.0045,5.3,101.73,2.02818,-11.32412,0.15075,8e-05,0.06286
206.2,SYN.ETH-16AUG19,1565780345704,open,0.0,217.0,0.001,0.014,0.002116,82.11,0.003,0.0,ETH-16AUG19-190-P,206.07,69.44,0.001,451.0,0.003,18.0,89.89,0.02153,-0.43635,-0.00085,0.012,-0.07785
206.7,SYN.ETH-23AUG19,1565780345818,open,0.0,13.0,0.001,0.015,0.004522,88.99,0.006,0.0,ETH-23AUG19-170-P,206.07,86.41,0.004,200.0,0.006,250.0,95.6,0.04315,-0.21631,-0.00373,0.00467,-0.06973
206.2,SYN.ETH-16AUG19,1565780345913,open,0.01,383.0,0.001,0.034,0.011131,82.11,0.014,0.0,ETH-16AUG19-200-P,206.07,73.31,0.009,429.0,0.014,390.0,93.58,0.05074,-1.11064,-0.00321,0.02828,-0.29176
206.7,SYN.ETH-23AUG19,1565780345938,open,0.14,0.0,0.107,0.168,0.138838,85.64,None,0.0,ETH-23AUG19-180-C,206.07,0.0,0.0,0.0,0.0,0.0,0.0,0.07004,-0.33791,0.03649,0.00787,0.86483
206.7,SYN.ETH-23AUG19,1565780346047,open,0.01,70.0,0.001,0.026,0.009686,85.64,0.011,0.0,ETH-23AUG19-180-P,206.07,80.49,0.008,450.0,0.011,250.0,89.43,0.07004,-0.33791,-0.00728,0.00787,-0.13517
206.2,SYN.ETH-16AUG19,1565780346094,open,0.03,434.0,0.006,0.065,0.033798,81.25,0.034,0.0,ETH-16AUG19-210-P,206.07,74.68,0.032,150.0,0.036,200.0,89.23,0.05664,-1.22667,-0.00684,0.0319,-0.61188
206.2,SYN.ETH-16AUG19,1565780346151,open,0.0,39.0,0.001,0.011,0.0,120.0,0.001,0.0,ETH-16AUG19-310-C,206.07,0.0,0.0,0.0,0.001,250.0,254.97,0.0,0.0,0.0,0.0,0.0
206.7,SYN.ETH-23AUG19,1565780346189,open,0.33,0.0,0.302,0.345,0.323669,119.17,None,0.0,ETH-23AUG19-140-C,206.07,0.0,0.0,0.0,0.0,0.0,0.0,0.0117,-0.07858,0.03328,0.00095,0.98571
206.2,SYN.ETH-16AUG19,1565780346305,open,0.49,0.0,0.46,0.55,0.50338,113.45,None,0.0,ETH-16AUG19-310-P,206.07,0.0,0.0,0.0,0.0,0.0,0.0,0.0,-1e-05,-0.01593,0.0,-1.0
206.2,SYN.ETH-16AUG19,1565780346363,open,0.07,173.0,0.038,0.106,0.071451,84.36,0.065,0.0,ETH-16AUG19-220-P,206.07,75.0,0.07,50.0,0.077,50.0,113.12,0.03431,-0.77161,-0.00977,0.01861,-0.851
206.7,SYN.ETH-23AUG19,1565780346379,open,0.0,0.0,0.001,0.011,0.000996,119.17,None,0.0,ETH-23AUG19-140-P,206.07,0.0,0.0,0.0,0.002,504.0,133.15,0.0117,-0.07858,-0.00077,0.00095,-0.01429
206.2,SYN.ETH-16AUG19,1565780346462,open,0.0,1196.0,0.001,0.011,0.001183,88.81,0.003,0.0,ETH-16AUG19-230-C,206.07,0.0,0.0,0.0,0.002,250.0,98.92,0.01429,-0.24403,0.00048,0.00736,0.04612
10861.86,BTC-27DEC19,1565780346528,open,0.28,107.3,0.224,0.339,0.28288105,89.99,0.2485,0.0,BTC-27DEC19-12000-P,10497.99,87.97,0.278,9.0,0.2865,4.0,91.49,26.23148,-8.75074,-29.96188,7e-05,-0.46361
206.2,SYN.ETH-16AUG19,1565780346556,open,0.11,51.0,0.083,0.152,0.116594,88.81,0.1,0.0,ETH-16AUG19-230-P,206.07,0.0,0.109,200.0,0.124,200.0,146.72,0.01429,-0.33834,-0.01134,0.00736,-0.95388
10552.67,SYN.BTC-30AUG19,1565780346565,open,0.44,0.0,0.42,0.4445,0.43191559,113.16,None,0.0,BTC-30AUG19-6000-C,10497.99,0.0,0.3815,4.0,0.479,4.0,304.5,0.37572,-1.33899,2.57978,1e-05,0.99397
206.7,SYN.ETH-23AUG19,1565780346582,open,0.05,233.0,0.017,0.074,0.045778,85.21,0.049,0.0,ETH-23AUG19-210-C,206.07,79.12,0.042,150.0,0.049,150.0,90.39,0.12841,-0.61636,0.02177,0.01451,0.47889
10649.1,BTC-27SEP19,1565780346625,open,0.58,289.7,0.5685,0.5885,0.57845496,110.24,0.588,0.0,BTC-27SEP19-4500-C,10497.47,0.0,0.5205,8.0,0.6325,8.0,270.03,0.74191,-0.93208,5.30342,0.0,0.99275
10861.86,BTC-27DEC19,1565780346625,open,0.86,0.1,0.8525,0.872,0.86207054,115.0,0.84,0.0,BTC-27DEC19-1500-C,10497.47,0.0,0.792,10.0,0.8995,10.0,302.92,0.16694,-0.07117,5.50668,0.0,0.99927
10649.1,BTC-27SEP19,1565780346625,open,0.67,261.1,0.662,0.6815,0.67150833,114.88,0.714,0.0,BTC-27SEP19-3500-C,10497.47,0.0,0.61,8.0,0.7075,8.0,290.59,0.16723,-0.21894,4.18733,0.0,0.99862
10861.86,BTC-27DEC19,1565780346625,open,2.66,0.0,2.612,2.7775,2.69022369,102.52,2.58,0.0,BTC-27DEC19-40000-P,10497.47,0.0,0.0005,3.0,0.0,0.0,0.0,5.40105,-2.05271,-146.60851,1e-05,-0.96248
10649.1,BTC-27SEP19,1565780346625,open,0.81,28.2,0.8025,0.822,0.81219015,0.0,0.755,0.0,BTC-27SEP19-2000-C,10497.47,0.0,0.7445,8.0,0.8785,8.0,500.0,0.0,0.0,2.40415,0.0,1.0
10649.1,BTC-27SEP19,1565780346625,open,0.0,125.2,0.0005,0.0105,0.00032192,115.0,0.0005,0.0,BTC-27SEP19-3750-P,10497.47,0.0,0.0,0.0,0.0015,34.1,138.94,0.27859,-0.36509,-0.03514,0.0,-0.00242
10861.86,BTC-27DEC19,1565780346626,open,3.03,0.0,2.9725,3.1485,3.05604539,102.49,3.46,0.0,BTC-27DEC19-44000-P,10497.47,0.0,0.0,0.0,0.0,0.0,0.0,4.06012,-1.54263,-161.73131,1e-05,-0.97344
10649.1,BTC-27SEP19,1565780346626,open,0.45,713.5,0.426,0.4565,0.44057371,94.83,0.362,0.0,BTC-27SEP19-6000-C,10497.47,67.91,0.437,13.3,0.444,13.3,107.6,2.38021,-2.57235,6.80134,2e-05,0.97189
10861.86,BTC-27DEC19,1565780346626,open,0.82,0.0,0.807,0.8265,0.81659873,115.0,None,0.0,BTC-27DEC19-2000-C,10497.47,0.0,0.748,10.0,0.8825,10.0,319.4,0.56808,-0.24218,7.2487,0.0,0.9972
10504.45,SYN.BTC-16AUG19,1565780346625,open,0.09,416.6,0.0735,0.127,0.09889579,103.13,0.0945,0.0,BTC-16AUG19-11500-P,10497.47,0.0,0.094,6.0,0.0995,6.1,107.28,1.48366,-40.78718,-0.5298,0.00025,-0.88255
10649.1,BTC-27SEP19,1565780346627,open,0.0,405.8,0.0005,0.0105,6.44e-06,115.0,0.0005,0.0,BTC-27SEP19-2500-P,10497.47,0.0,0.0,0.0,0.0005,6.0,165.6,0.00947,-0.01241,-0.00089,0.0,-6e-05
10649.1,BTC-27SEP19,1565780346626,open,0.87,0.0,0.843,0.9325,0.88484664,100.94,0.691,0.0,BTC-27SEP19-20000-P,10497.47,0.0,0.004,10.0,1.3655,0.2,500.0,3.92831,-4.51893,-23.46235,3e-05,-0.94801
10861.86,BTC-27DEC19,1565780346627,open,0.0,175.8,0.0005,0.0105,0.00016843,115.0,0.0005,0.0,BTC-27DEC19-1500-P,10497.47,0.0,0.0,0.0,0.001,21.0,140.08,0.16694,-0.07117,-0.03615,0.0,-0.00073
10649.1,BTC-27SEP19,1565780346628,open,0.0,373.6,0.0005,0.011,0.00102826,110.28,0.0015,0.0,BTC-27SEP19-4500-P,10497.47,100.77,0.0005,22.6,0.0015,6.0,116.21,0.74307,-0.93382,-0.10611,0.0,-0.00726
10861.86,BTC-27DEC19,1565780346628,open,1.4,0.0,1.3565,1.4925,1.42046034,96.72,None,0.0,BTC-27DEC19-26000-P,10497.47,0.0,0.004,10.0,2.2005,0.2,500.0,12.96625,-4.649,-92.45794,3e-05,-0.8831
10649.1,BTC-27SEP19,1565780346629,open,0.36,748.2,0.3335,0.3745,0.35342774,90.84,0.4255,0.0,BTC-27SEP19-7000-C,10497.47,78.48,0.3485,12.5,0.357,12.5,98.17,4.85677,-5.0278,7.40423,4e-05,0.93184
10552.67,SYN.BTC-30AUG19,1565780346629,open,0.33,13.0,0.303,0.3715,0.33525232,97.03,0.2895,0.0,BTC-30AUG19-14000-P,10497.47,0.0,0.2995,3.0,0.3765,3.0,171.38,3.79235,-11.58896,-5.681,8e-05,-0.90247
206.2,SYN.ETH-16AUG19,1565780346651,open,0.0,1069.0,0.001,0.011,0.00049,100.39,0.001,0.0,ETH-16AUG19-240-C,206.07,0.0,0.0,0.0,0.001,650.0,112.37,0.00688,-0.10094,0.0002,0.00314,0.01908
209.16,ETH-27SEP19,1565780346690,open,0.11,1000.0,0.068,0.145,0.10862,94.11,0.11,0.0,ETH-27SEP19-220-C,206.07,90.05,0.103,120.0,0.112,320.0,96.56,0.28929,-0.31027,0.09924,0.00585,0.50331
207.19,SYN.ETH-30AUG19,1565780346690,open,0.0,2290.0,0.001,0.012,0.002453,105.41,0.005,0.0,ETH-30AUG19-320-C,206.07,92.48,0.001,250.0,0.004,750.0,114.49,0.03015,-0.10009,0.00257,0.00153,0.03092
211.86,ETH-27DEC19,1565780346692,open,0.01,1497.0,0.001,0.025,0.009936,105.18,0.009,0.0,ETH-27DEC19-760-C,206.07,97.48,0.006,350.0,0.012,50.0,108.46,0.12569,-0.04901,0.02875,0.00072,0.04666
209.16,ETH-27SEP19,1565780346694,open,0.0,5783.0,0.001,0.011,0.001252,120.0,0.002,0.0,ETH-27SEP19-600-C,206.07,117.06,0.001,533.0,0.002,201.0,126.78,0.01939,-0.02652,0.00221,0.00031,0.01004
209.16,ETH-27SEP19,1565780346701,open,0.03,7890.0,0.013,0.056,0.03245,93.72,0.031,0.0,ETH-27SEP19-160-P,206.07,90.8,0.03,160.0,0.035,569.0,96.69,0.17775,-0.18983,-0.04884,0.00361,-0.16181
207.19,SYN.ETH-30AUG19,1565780346703,open,0.0,4133.0,0.001,0.011,0.000462,120.0,0.002,0.0,ETH-30AUG19-400-C,206.07,0.0,0.0,0.0,0.002,750.0,143.26,0.00751,-0.02838,0.00051,0.00034,0.00615
209.16,ETH-27SEP19,1565780346709,open,0.54,502.0,0.495,0.61,0.551694,99.0,0.455,0.0,ETH-27SEP19-320-P,206.07,0.0,0.499,25.0,0.565,110.0,114.35,0.1637,-0.18468,-0.3542,0.00314,-0.85706
211.86,ETH-27DEC19,1565780346730,open,0.02,1247.0,0.004,0.037,0.016629,103.38,0.02,0.0,ETH-27DEC19-640-C,206.07,98.82,0.013,350.0,0.02,50.0,107.12,0.18085,-0.06931,0.04508,0.00105,0.07422
209.16,ETH-27SEP19,1565780346730,open,0.0,5010.0,0.001,0.013,0.003458,112.46,0.009,0.0,ETH-27SEP19-480-C,206.07,104.33,0.002,620.0,0.005,700.0,118.87,0.04445,-0.05696,0.00578,0.00075,0.02646
209.16,ETH-27SEP19,1565780346730,open,0.02,2043.0,0.006,0.043,0.021764,99.0,0.024,0.0,ETH-27SEP19-320-C,206.07,95.37,0.019,494.0,0.024,200.0,101.8,0.1637,-0.18468,0.03047,0.00314,0.14294
211.86,ETH-27DEC19,1565780346740,open,0.94,16.0,0.867,1.036,0.950944,100.54,1.195,0.0,ETH-27DEC19-400-P,206.07,0.0,0.001,8.0,1.49,1.0,343.12,0.39238,-0.14625,-1.34618,0.00235,-0.7686
209.16,ETH-27SEP19,1565780346742,open,0.91,79.0,0.859,0.986,0.919536,104.16,0.351,0.0,ETH-27SEP19-400-P,206.07,0.0,0.01,10.0,0.0,0.0,0.0,0.07855,-0.09324,-0.46925,0.00143,-0.94682
207.19,SYN.ETH-30AUG19,1565780346742,open,0.26,0.0,0.225,0.315,0.268952,95.42,0.218,0.0,ETH-30AUG19-260-P,206.07,0.0,0.225,15.0,0.283,120.0,120.73,0.10023,-0.30121,-0.10094,0.00563,-0.85116
207.19,SYN.ETH-30AUG19,1565780346742,open,0.73,0.0,0.687,0.794,0.738569,113.35,None,0.0,ETH-30AUG19-360-P,206.07,0.0,0.0,0.0,0.0,0.0,0.0,0.0147,-0.05248,-0.15548,0.00069,-0.98676
209.16,ETH-27SEP19,1565780346744,open,0.72,233.0,0.675,0.795,0.733246,101.42,0.634,0.0,ETH-27SEP19-360-P,206.07,0.0,0.667,25.0,0.79,25.0,166.56,0.11343,-0.13109,-0.41426,0.00213,-0.91441
211.86,ETH-27DEC19,1565780346746,open,0.04,1102.0,0.014,0.071,0.039404,101.96,0.046,0.0,ETH-27DEC19-480-C,206.07,99.58,0.036,40.0,0.043,444.0,104.38,0.30861,-0.11665,0.09154,0.00182,0.15633
211.86,ETH-27DEC19,1565780346750,open,0.61,101.0,0.536,0.691,0.615328,98.68,0.513,0.0,ETH-27DEC19-320-P,206.07,0.0,0.006,5.0,0.629,110.0,104.69,0.4766,-0.17434,-0.99125,0.00291,-0.65084
209.16,ETH-27SEP19,1565780346752,open,0.82,259.0,0.767,0.89,0.825946,102.66,0.94,0.0,ETH-27SEP19-380-P,206.07,0.0,0.009,8.0,0.0,0.0,0.0,0.09398,-0.10994,-0.44228,0.00174,-0.93314
211.86,ETH-27DEC19,1565780346752,open,1.29,21.0,1.217,1.397,1.304944,101.89,0.629,0.0,ETH-27DEC19-480-P,206.07,0.0,0.001,7.0,2.261,1.0,500.0,0.30825,-0.11643,-1.68231,0.00182,-0.84395
207.19,SYN.ETH-30AUG19,1565780346752,open,0.33,0.0,0.304,0.347,0.325572,93.14,None,0.0,ETH-30AUG19-140-C,206.07,0.0,0.0,0.0,0.0,0.0,0.0,0.01841,-0.054,0.05923,0.00106,0.98279
206.2,SYN.ETH-16AUG19,1565780346754,open,0.16,49.0,0.131,0.201,0.164396,100.39,0.084,0.0,ETH-16AUG19-240-P,206.07,0.0,0.156,200.0,0.172,200.0,179.4,0.00688,-0.18404,-0.01214,0.00314,-0.98092
211.86,ETH-27DEC19,1565780346757,open,1.11,0.0,1.041,1.215,1.126503,101.37,None,0.0,ETH-27DEC19-440-P,206.07,0.0,0.001,8.0,2.073,1.0,500.0,0.34947,-0.13133,-1.51604,0.00208,-0.81001
207.19,SYN.ETH-30AUG19,1565780346760,open,0.11,493.0,0.072,0.152,0.112469,90.71,0.108,0.0,ETH-30AUG19-220-P,206.07,86.42,0.109,165.0,0.117,470.0,96.28,0.16817,-0.48042,-0.06313,0.00993,-0.58807
10861.34,BTC-27DEC19,1565780346772,open,0.88,5.7,0.8335,0.966,0.89749068,94.54,0.661,0.0,BTC-27DEC19-20000-P,10497.47,0.0,0.004,5.0,1.466,1.0,353.36,19.50652,-6.83631,-67.35991,5e-05,-0.78084
209.16,ETH-27SEP19,1565780346780,open,1.1,0.0,1.044,1.178,1.108099,106.98,None,0.0,ETH-27SEP19-440-P,206.07,0.0,0.0,0.0,0.0,0.0,0.0,0.05526,-0.06737,-0.52138,0.00098,-0.96559
211.86,ETH-27DEC19,1565780346782,open,1.47,37.0,1.396,1.582,1.4857,102.25,0.707,0.0,ETH-27DEC19-520-P,206.07,0.0,0.002,25.0,0.0,0.0,0.0,0.27018,-0.10241,-1.84542,0.00159,-0.87155
209.16,ETH-27SEP19,1565780346782,open,0.04,2086.0,0.016,0.069,0.040782,96.69,0.04,0.0,ETH-27SEP19-280-C,206.07,94.09,0.038,263.0,0.043,160.0,98.72,0.22604,-0.24905,0.05038,0.00445,0.24117
207.19,SYN.ETH-30AUG19,1565780346784,open,0.03,1080.0,0.008,0.051,0.027003,93.11,0.026,0.0,ETH-30AUG19-240-C,206.07,90.08,0.025,1.0,0.029,200.0,96.06,0.13864,-0.40655,0.02051,0.00798,0.25462
207.19,SYN.ETH-30AUG19,1565780346784,open,0.18,383.0,0.141,0.229,0.185371,93.11,0.147,0.0,ETH-30AUG19-240-P,206.07,78.34,0.176,200.0,0.196,200.0,108.37,0.13864,-0.40655,-0.08388,0.00798,-0.74538
209.16,ETH-27SEP19,1565780346786,open,0.62,0.0,0.606,0.631,0.618417,120.0,None,0.0,ETH-27SEP19-80-C,206.07,0.0,0.003,10.0,0.0,0.0,0.0,0.01215,-0.01661,0.09446,0.00019,0.9941
209.16,ETH-27SEP19,1565780346786,open,0.0,2892.0,0.001,0.011,0.001974,119.74,0.003,0.0,ETH-27SEP19-560-C,206.07,110.6,0.001,500.0,0.003,798.0,126.39,0.02779,-0.03792,0.00333,0.00044,0.01521
211.86,ETH-27DEC19,1565780346792,open,0.05,654.0,0.02,0.085,0.049758,101.43,0.058,0.0,ETH-27DEC19-440-C,206.07,99.12,0.046,40.0,0.054,436.0,103.96,0.34974,-0.13151,0.10997,0.00208,0.19023
207.19,SYN.ETH-30AUG19,1565780346792,open,0.24,0.0,0.206,0.26,0.234,89.65,None,0.0,ETH-30AUG19-160-C,206.07,0.0,0.0,0.0,0.0,0.0,0.0,0.05802,-0.16383,0.06272,0.00347,0.93
211.86,ETH-27DEC19,1565780346794,open,2.02,0.0,1.938,2.146,2.03735,103.21,None,0.0,ETH-27DEC19-640-P,206.07,0.0,0.0,0.0,0.0,0.0,0.0,0.17997,-0.06886,-2.32012,0.00105,-0.92625
207.19,SYN.ETH-30AUG19,1565780346794,open,0.1,462.0,0.056,0.124,0.091772,89.57,0.122,0.0,ETH-30AUG19-200-C,206.07,84.85,0.088,150.0,0.095,350.0,93.61,0.16564,-0.4673,0.04681,0.0099,0.61119
209.16,ETH-27SEP19,1565780346798,open,0.16,2067.0,0.113,0.206,0.160447,94.11,0.15,0.0,ETH-27SEP19-220-P,206.07,91.62,0.157,120.0,0.164,200.0,96.68,0.28929,-0.31027,-0.16522,0.00585,-0.49669
211.86,ETH-27DEC19,1565780346804,open,0.77,242.0,0.7,0.863,0.78159,100.45,0.889,0.0,ETH-27DEC19-360-P,206.07,0.0,0.008,4.0,0.796,110.0,107.27,0.43851,-0.1633,-1.17026,0.00263,-0.71325
209.16,ETH-27SEP19,1565780346804,open,0.01,5319.0,0.001,0.019,0.007125,104.16,0.007,0.0,ETH-27SEP19-400-C,206.07,97.91,0.005,600.0,0.009,400.0,108.82,0.07855,-0.09324,0.01158,0.00143,0.05318
211.86,ETH-27DEC19,1565780346804,open,0.31,801.0,0.25,0.38,0.317817,96.5,0.317,0.0,ETH-27DEC19-240-P,206.07,94.51,0.313,30.0,0.325,120.0,99.47,0.51211,-0.1832,-0.61507,0.0032,-0.46784
207.19,SYN.ETH-30AUG19,1565780346806,open,0.92,0.0,0.875,0.992,0.931075,120.0,None,0.0,ETH-30AUG19-400-P,206.07,0.0,0.0,0.0,0.0,0.0,0.0,0.00751,-0.02838,-0.17347,0.00034,-0.99385
207.19,SYN.ETH-30AUG19,1565780346806,open,0.0,3920.0,0.001,0.011,0.001017,113.35,0.001,0.0,ETH-30AUG19-360-C,206.07,0.0,0.0,0.0,0.002,200.0,124.18,0.0147,-0.05248,0.0011,0.00069,0.01324
209.16,ETH-27SEP19,1565780346808,open,0.01,7899.0,0.004,0.028,0.013735,93.72,0.014,0.0,ETH-27SEP19-140-P,206.07,88.21,0.011,500.0,0.015,200.0,96.1,0.10888,-0.11628,-0.02383,0.00221,-0.08106
209.16,ETH-27SEP19,1565780346812,open,0.0,5339.0,0.001,0.012,0.00247,115.61,0.002,0.0,ETH-27SEP19-520-C,206.07,103.57,0.001,1480.0,0.004,800.0,123.59,0.03384,-0.04458,0.00419,0.00056,0.01915
209.16,ETH-27SEP19,1565780346814,open,0.27,392.0,0.232,0.299,0.267486,93.72,0.329,0.0,ETH-27SEP19-160-C,206.07,0.0,0.001,1.0,0.0,0.0,0.0,0.17775,-0.18983,0.14349,0.00361,0.83819
10861.34,BTC-27DEC19,1565780346814,open,0.52,59.3,0.492,0.5345,0.51258485,89.37,0.51,0.0,BTC-27DEC19-5500-C,10497.47,0.0,0.456,10.0,0.563,10.0,140.26,8.24416,-2.73128,17.00462,2e-05,0.93627
209.16,ETH-27SEP19,1565780346814,open,0.0,4762.0,0.001,0.011,0.001016,95.46,0.002,0.0,ETH-27SEP19-100-P,206.07,0.0,0.0,0.0,0.002,200.0,105.32,0.01643,-0.01787,-0.00234,0.00033,-0.00831
211.86,ETH-27DEC19,1565780346816,open,0.03,1619.0,0.007,0.051,0.025186,102.71,0.022,0.0,ETH-27DEC19-560-C,206.07,99.76,0.022,50.0,0.029,460.0,106.0,0.23679,-0.09016,0.06375,0.00139,0.10662
209.16,ETH-27SEP19,1565780346820,open,2.42,0.0,2.343,2.55,2.442661,120.0,None,0.0,ETH-27SEP19-720-P,206.07,0.0,0.0,0.0,0.0,0.0,0.0,0.00636,-0.0087,-0.86485,0.0001,-0.99714
207.19,SYN.ETH-30AUG19,1565780346820,open,0.63,0.0,0.594,0.696,0.642493,108.68,None,0.0,ETH-30AUG19-340-P,206.07,0.0,0.0,0.0,0.0,0.0,0.0,0.02015,-0.06897,-0.14629,0.00099,-0.98087
209.16,ETH-27SEP19,1565780346822,open,1.28,0.0,1.229,1.374,1.298351,112.46,None,0.0,ETH-27SEP19-480-P,206.07,0.0,0.0,0.0,0.0,0.0,0.0,0.04445,-0.05696,-0.57121,0.00075,-0.97354
209.16,ETH-27SEP19,1565780346824,open,0.29,1240.0,0.245,0.352,0.299708,95.82,0.232,0.0,ETH-27SEP19-260-P,206.07,45.83,0.25,25.0,0.306,110.0,100.89,0.25672,-0.28031,-0.24822,0.00509,-0.68753
211.86,ETH-27DEC19,1565780346832,open,0.03,3729.0,0.016,0.059,0.035874,94.57,0.03,0.0,ETH-27DEC19-120-P,206.07,90.9,0.032,200.0,0.034,50.0,92.81,0.22756,-0.07978,-0.10711,0.00145,-0.10094
211.86,ETH-27DEC19,1565780346832,open,1.65,0.0,1.576,1.768,1.668316,102.6,0.845,0.0,ETH-27DEC19-560-P,206.07,0.0,0.0,0.0,0.0,0.0,0.0,0.23619,-0.08983,-2.00577,0.00139,-0.89375
211.86,ETH-27DEC19,1565780346834,open,0.45,432.0,0.384,0.529,0.458804,97.15,0.382,0.0,ETH-27DEC19-280-P,206.07,95.97,0.456,30.0,0.469,120.0,101.41,0.5058,-0.18216,-0.80559,0.00314,-0.57022
207.19,SYN.ETH-30AUG19,1565780346834,open,0.02,639.0,0.006,0.045,0.022663,89.57,0.019,0.0,ETH-30AUG19-180-P,206.07,86.69,0.021,200.0,0.023,20.0,90.15,0.12048,-0.33989,-0.01994,0.0072,-0.19866
206.7,SYN.ETH-23AUG19,1565780346834,open,0.03,130.0,0.007,0.054,0.028871,86.04,0.036,0.0,ETH-23AUG19-220-C,206.07,79.24,0.025,619.0,0.031,200.0,89.72,0.1188,-0.57578,0.01591,0.01329,0.34535
207.19,SYN.ETH-30AUG19,1565780346834,open,0.0,770.0,0.001,0.011,0.001287,93.14,0.003,0.0,ETH-30AUG19-140-P,206.07,89.65,0.001,200.0,0.002,250.0,100.09,0.01841,-0.054,-0.00167,0.00106,-0.01721
209.16,ETH-27SEP19,1565780346836,open,2.04,0.0,1.971,2.157,2.060646,120.0,None,0.0,ETH-27SEP19-640-P,206.07,0.0,0.0,0.0,0.0,0.0,0.0,0.01336,-0.01827,-0.76787,0.00021,-0.99343
207.19,SYN.ETH-30AUG19,1565780346836,open,0.01,368.0,0.003,0.032,0.014053,95.42,0.016,0.0,ETH-30AUG19-260-C,206.07,91.04,0.012,250.0,0.016,270.0,99.34,0.10023,-0.30121,0.01215,0.00563,0.14884
211.86,ETH-27DEC19,1565780346838,open,0.47,0.0,0.437,0.498,0.469489,94.59,None,0.0,ETH-27DEC19-120-C,206.07,0.0,0.002,50.0,0.99,5.0,500.0,0.22761,-0.07982,0.33628,0.00145,0.89903
211.86,ETH-27DEC19,1565780346842,open,0.14,433.0,0.085,0.184,0.137239,97.18,0.156,0.0,ETH-27DEC19-280-C,206.07,94.98,0.132,30.0,0.142,228.0,99.17,0.50582,-0.18222,0.22909,0.00314,0.42986
211.86,ETH-27DEC19,1565780346842,open,0.19,2228.0,0.137,0.245,0.192961,94.56,0.177,0.0,ETH-27DEC19-200-P,206.07,92.8,0.189,40.0,0.2,140.0,97.7,0.4766,-0.16708,-0.4244,0.00304,-0.34914
211.86,ETH-27DEC19,1565780346844,open,0.01,653.0,0.004,0.034,0.014806,105.18,0.015,0.0,ETH-27DEC19-680-C,206.07,102.79,0.013,15.0,0.017,50.0,107.88,0.16577,-0.06464,0.04029,0.00095,0.06627
209.16,ETH-27SEP19,1565780346844,open,0.53,0.0,0.508,0.538,0.522913,95.46,None,0.0,ETH-27SEP19-100-C,206.07,0.0,0.003,10.0,0.0,0.0,0.0,0.01643,-0.01787,0.11786,0.00033,0.99169
207.19,SYN.ETH-30AUG19,1565780346844,open,0.01,1202.0,0.001,0.021,0.007572,98.63,0.01,0.0,ETH-30AUG19-280-C,206.07,93.57,0.006,250.0,0.009,250.0,102.78,0.06825,-0.21199,0.00713,0.00371,0.08671
211.86,ETH-27DEC19,1565780346850,open,0.03,973.0,0.01,0.06,0.031365,102.34,0.046,0.0,ETH-27DEC19-520-C,206.07,99.64,0.028,50.0,0.035,460.0,105.11,0.27066,-0.10269,0.07626,0.00159,0.12877
209.16,ETH-27SEP19,1565780346850,open,0.06,5827.0,0.032,0.095,0.06281,93.72,0.061,0.0,ETH-27SEP19-180-P,206.07,91.24,0.06,160.0,0.066,578.0,96.51,0.23804,-0.25422,-0.0827,0.00483,-0.26613
209.16,ETH-27SEP19,1565780346850,open,0.35,191.0,0.317,0.37,0.344391,93.72,0.5,0.0,ETH-27SEP19-140-C,206.07,0.0,0.0,0.0,0.0,0.0,0.0,0.10888,-0.11628,0.14446,0.00221,0.91894
209.16,ETH-27SEP19,1565780346854,open,0.03,3684.0,0.01,0.054,0.029605,97.75,0.032,0.0,ETH-27SEP19-300-C,206.07,94.9,0.027,440.0,0.032,160.0,100.3,0.19387,-0.21597,0.03919,0.00377,0.18546
209.16,ETH-27SEP19,1565780346854,open,0.37,1157.0,0.324,0.435,0.37947,96.69,0.359,0.0,ETH-27SEP19-280-P,206.07,0.0,0.327,25.0,0.397,110.0,112.11,0.22604,-0.24905,-0.2862,0.00445,-0.75883
211.86,ETH-27DEC19,1565780346857,open,0.35,3.0,0.296,0.383,0.343359,94.59,0.366,0.0,ETH-27DEC19-160-C,206.07,0.0,0.002,100.0,0.98,5.0,500.0,0.38027,-0.13334,0.34266,0.00242,0.78106
209.16,ETH-27SEP19,1565780346857,open,0.63,347.0,0.585,0.702,0.641706,100.25,0.565,0.0,ETH-27SEP19-340-P,206.07,0.0,0.586,25.0,0.661,110.0,124.61,0.13679,-0.15627,-0.38499,0.00259,-0.88952
209.16,ETH-27SEP19,1565780346857,open,0.0,2471.0,0.001,0.014,0.004446,106.98,0.01,0.0,ETH-27SEP19-440-C,206.07,100.81,0.003,250.0,0.006,400.0,112.32,0.05526,-0.06737,0.00753,0.00098,0.03441
209.16,ETH-27SEP19,1565780346860,open,2.61,0.0,2.528,2.747,2.633789,120.0,None,0.0,ETH-27SEP19-760-P,206.07,0.0,0.0,0.0,0.0,0.0,0.0,0.0044,-0.00602,-0.91315,7e-05,-0.99809
211.86,ETH-27DEC19,1565780346860,open,0.01,1328.0,0.003,0.029,0.012099,105.18,0.02,0.0,ETH-27DEC19-720-C,206.07,98.4,0.008,370.0,0.014,50.0,107.85,0.14433,-0.05628,0.03399,0.00083,0.05552
209.16,ETH-27SEP19,1565780346860,open,0.01,2762.0,0.003,0.028,0.012076,101.42,0.011,0.0,ETH-27SEP19-360-C,206.07,97.4,0.01,500.0,0.014,200.0,104.83,0.11343,-0.13109,0.01848,0.00213,0.08559
209.16,ETH-27SEP19,1565780346860,open,0.08,2203.0,0.043,0.113,0.078822,95.11,0.08,0.0,ETH-27SEP19-240-C,206.07,92.26,0.075,217.0,0.081,160.0,96.74,0.28025,-0.30377,0.08086,0.0056,0.40045
207.19,SYN.ETH-30AUG19,1565780346860,open,0.0,3915.0,0.001,0.011,0.001472,108.68,0.005,0.0,ETH-30AUG19-340-C,206.07,0.0,0.0,0.0,0.003,750.0,120.92,0.02015,-0.06897,0.00159,0.00099,0.01913
209.16,ETH-27SEP19,1565780346862,open,2.23,0.0,2.157,2.353,2.2516,120.0,None,0.0,ETH-27SEP19-680-P,206.07,0.0,0.0,0.0,0.0,0.0,0.0,0.00921,-0.01259,-0.81645,0.00015,-0.99568
209.16,ETH-27SEP19,1565780346862,open,1.85,27.0,1.786,1.961,1.869869,120.0,1.044,0.0,ETH-27SEP19-600-P,206.07,0.0,0.0,0.0,0.0,0.0,0.0,0.01939,-0.02652,-0.71904,0.00031,-0.98996
207.19,SYN.ETH-30AUG19,1565780346862,open,0.44,0.0,0.407,0.502,0.452383,102.89,None,0.0,ETH-30AUG19-300-P,206.07,0.0,0.0,0.0,0.0,0.0,0.0,0.04659,-0.15097,-0.12612,0.00242,-0.94713
207.19,SYN.ETH-30AUG19,1565780346862,open,0.16,757.0,0.119,0.185,0.153887,89.57,0.25,0.0,ETH-30AUG19-180-C,206.07,0.0,0.115,15.0,0.168,120.0,112.5,0.12048,-0.33989,0.05835,0.0072,0.80134
211.86,ETH-27DEC19,1565780346864,open,2.57,0.0,2.485,2.719,2.597042,104.9,None,0.0,ETH-27DEC19-760-P,206.07,0.0,0.001,100.0,0.0,0.0,0.0,0.12436,-0.04836,-2.77997,0.00071,-0.95395
207.19,SYN.ETH-30AUG19,1565780346867,open,0.05,402.0,0.021,0.08,0.050631,90.71,0.051,0.0,ETH-30AUG19-220-C,206.07,86.22,0.047,351.0,0.053,200.0,93.62,0.16817,-0.48042,0.03256,0.00993,0.41193
206.2,SYN.ETH-16AUG19,1565780346877,open,0.0,123.0,0.001,0.011,0.000403,119.58,0.001,0.0,ETH-16AUG19-250-C,206.07,0.0,0.0,0.0,0.001,250.0,136.62,0.0052,-0.08311,0.00014,0.00199,0.01376
10528.56,SYN.BTC-23AUG19,1565780346880,open,0.08,136.8,0.05,0.1145,0.08248942,90.24,0.0935,0.0,BTC-23AUG19-11000-P,10497.47,81.95,0.0775,3.0,0.082,4.7,89.43,6.36253,-32.34487,-1.73501,0.00026,-0.59519
10648.64,BTC-27SEP19,1565780346943,open,0.72,225.7,0.7085,0.728,0.71832636,117.09,0.693,0.0,BTC-27SEP19-3000-C,10497.47,0.0,0.6545,8.0,0.78,8.0,398.52,0.05881,-0.07848,3.59986,0.0,0.99956
206.2,SYN.ETH-16AUG19,1565780346976,open,0.21,0.0,0.178,0.252,0.212806,119.58,None,0.0,ETH-16AUG19-250-P,206.07,0.0,0.0,0.0,0.0,0.0,0.0,0.0052,-0.16568,-0.01271,0.00199,-0.98624
206.7,SYN.ETH-23AUG19,1565780347001,open,0.09,6.0,0.055,0.131,0.093241,86.04,0.094,0.0,ETH-23AUG19-220-P,206.07,80.35,0.09,150.0,0.098,150.0,94.24,0.1188,-0.57578,-0.03759,0.01329,-0.65465
