underlying_price,underlying_index,timestamp,state,settlement_price,open_interest,min_price,max_price,mark_price,mark_iv,last_price,interest_rate,instrument_name,index_price,bid_iv,best_bid_price,best_bid_amount,best_ask_price,best_ask_amount,ask_iv,vega,theta,rho,gamma,delta
9514.04,BTC-27DEC19,1573037940001,open,0.33,66.1,0.3065,0.346,0.32592694,74.88,0.355,0.0,BTC-27DEC19-6500-C,9361.5,0.0,0.3095,8.0,0.3445,8.0,104.42,4.5826,-3.37218,8.05751,5e-05,0.93353
9697.31,BTC-27MAR20,1573037940001,open,0.11,964.2,0.066,0.1475,0.10734553,74.44,0.1075,0.0,BTC-27MAR20-12000-C,9361.5,72.85,0.1035,32.3,0.11,18.4,75.53,23.50595,-6.16667,11.41584,9e-05,0.41021
9514.04,BTC-27DEC19,1573037940001,open,0.0,599.8,0.0005,0.0105,0.00066008,100.0,0.002,0.0,BTC-27DEC19-26000-C,9361.5,104.5,0.001,42.0,0.002,8.9,113.28,0.61315,-0.60259,0.07218,0.0,0.0061
9514.04,BTC-27DEC19,1573037940001,open,0.79,0.0,0.78,0.7995,0.78978269,0.0,None,0.0,BTC-27DEC19-2000-C,9361.5,0.0,0.782,1.0,0.7985,1.0,256.22,0.0,0.0,2.78771,0.0,1.0
9697.31,BTC-27MAR20,1573037940001,open,2.3,0.0,2.2375,2.3895,2.30927817,96.59,None,0.0,BTC-27MAR20-32000-P,9361.5,0.0,0.001,1.0,0.0,0.0,0.0,5.86803,-1.99757,-122.99134,2e-05,-0.95365
9697.31,BTC-27MAR20,1573037940001,open,0.89,0.0,0.8365,0.9535,0.89265407,81.37,1.23,0.0,BTC-27MAR20-18000-P,9361.5,0.0,0.0,0.0,0.0,0.0,0.0,15.13269,-4.33953,-65.04106,5e-05,-0.83287
9697.31,BTC-27MAR20,1573037940001,open,0.02,227.9,0.0065,0.0465,0.02207871,86.39,0.0205,0.0,BTC-27MAR20-22000-C,9361.5,85.43,0.021,5.0,0.0235,5.9,87.63,11.02114,-3.35562,3.13933,3e-05,0.10536
9697.31,BTC-27MAR20,1573037940001,open,0.5,1.0,0.4785,0.5145,0.49606164,75.05,0.551,0.0,BTC-27MAR20-5000-C,9361.5,51.37,0.486,6.0,0.512,6.0,95.29,6.18572,-1.63598,17.12934,2e-05,0.9505
9514.04,BTC-27DEC19,1573037940001,open,0.0,1544.5,0.0005,0.0105,4.7e-07,100.0,0.001,0.0,BTC-27DEC19-52000-C,9361.5,0.0,0.0,0.0,0.0005,14.0,151.95,0.00104,-0.00103,8e-05,0.0,1e-05
9514.04,BTC-27DEC19,1573037940001,open,0.0,349.0,0.0005,0.0105,1.27e-06,100.0,0.0005,0.0,BTC-27DEC19-48000-C,9361.5,0.0,0.0,0.0,0.001,55.0,155.54,0.0026,-0.00255,0.00021,0.0,2e-05
9514.04,BTC-27DEC19,1573037940001,open,0.01,728.7,0.0035,0.031,0.01425779,76.87,0.0155,0.0,BTC-27DEC19-14000-C,9361.5,76.51,0.014,16.0,0.015,10.0,77.88,6.87659,-5.19499,1.33039,7e-05,0.11458
9514.04,BTC-27DEC19,1573037940001,open,0.68,19.0,0.651,0.7325,0.68963235,83.46,1.2,0.0,BTC-27DEC19-16000-P,9361.5,0.0,0.4,0.2,0.0,0.0,0.0,4.51442,-3.70276,-21.54192,4e-05,-0.9348
9514.04,BTC-27DEC19,1573037940002,open,1.51,0.0,1.4735,1.5785,1.52386633,100.24,None,0.0,BTC-27DEC19-24000-P,9361.5,0.0,0.0,0.0,0.0,0.0,0.0,1.04082,-1.02539,-33.32161,1e-05,-0.98885
9514.04,BTC-27DEC19,1573037940001,open,1.3,4.9,1.2675,1.3665,1.31464178,99.24,1.0385,0.0,BTC-27DEC19-22000-P,9361.5,0.0,0.0,0.0,0.0,0.0,0.0,1.63857,-1.59818,-30.44436,1e-05,-0.98111
9513.91,BTC-27DEC19,1573037940002,open,0.0,255.7,0.0005,0.0105,1e-08,100.0,0.001,0.0,BTC-27DEC19-1500-P,9361.5,0.0,0.0,0.0,0.0005,110.0,195.54,3e-05,-3e-05,0.0,0.0,0.0
9697.31,BTC-27MAR20,1573037940002,open,0.69,1.1,0.644,0.7585,0.69975562,78.86,1.08,0.0,BTC-27MAR20-16000-P,9361.5,0.0,0.0,0.0,0.0,0.0,0.0,17.89417,-4.97283,-55.78303,6e-05,-0.78016
9697.31,BTC-27MAR20,1573037940002,open,2.5,0.0,2.439,2.598,2.51423925,98.01,None,0.0,BTC-27MAR20-34000-P,9361.5,0.0,0.0,0.0,0.0,0.0,0.0,5.23871,-1.80947,-130.94597,1e-05,-0.95973
9697.18,BTC-27MAR20,1573037940002,open,3.11,1.0,3.045,3.223,3.12973027,99.99,2.7125,0.0,BTC-27MAR20-40000-P,9361.5,0.0,0.0005,2.0,0.0,0.0,0.0,3.52319,-1.2415,-154.72282,1e-05,-0.97509
9697.18,BTC-27MAR20,1573037940002,open,1.08,5.2,1.0335,1.1535,1.09042861,83.99,1.108,0.0,BTC-27MAR20-20000-P,9361.5,0.0,0.0,0.0,0.0,0.0,0.0,12.87237,-3.8101,-73.84847,4e-05,-0.86878
9513.91,BTC-27DEC19,1573037940002,open,0.05,948.7,0.0255,0.078,0.05106216,70.26,0.051,0.0,BTC-27DEC19-11000-C,9361.5,68.74,0.049,33.8,0.053,26.4,71.68,12.96233,-8.95091,3.78472,0.00015,0.33646
9697.18,BTC-27MAR20,1573037940002,open,0.0,1259.6,0.0005,0.0145,0.00454148,79.34,0.007,0.0,BTC-27MAR20-4000-P,9361.5,75.75,0.0035,48.0,0.0055,28.2,82.25,3.02606,-0.84614,-0.95515,1e-05,-0.0208
9697.18,BTC-27MAR20,1573037940003,open,0.0,609.0,0.0005,0.016,0.00482392,100.0,0.0055,0.0,BTC-27MAR20-40000-C,9361.5,100.48,0.005,13.0,0.0065,20.0,104.16,3.52526,-1.24237,0.75789,1e-05,0.02493
9513.91,BTC-27DEC19,1573037940003,open,0.2,247.2,0.1685,0.2455,0.20725942,70.26,0.226,0.0,BTC-27DEC19-11000-P,9361.5,38.69,0.169,9.4,0.2395,8.4,93.12,12.96215,-8.95036,-11.54778,0.00015,-0.66355
9513.91,BTC-27DEC19,1573037940003,open,0.0,106.3,0.0005,0.0105,5.4e-07,100.0,0.0005,0.0,BTC-27DEC19-2000-P,9361.5,0.0,0.0,0.0,0.0005,27.1,165.27,0.00104,-0.00102,-9e-05,0.0,-1e-05
9388.2,SYN.BTC-15NOV19,1573037940001,open,0.1,1.8,0.075,0.1295,0.10200172,62.51,0.103,0.0,BTC-15NOV19-10250-P,9361.5,53.89,0.0985,4.0,0.104,4.0,67.01,4.06221,-14.30587,-2.0659,0.0003,-0.80294
9388.2,SYN.BTC-15NOV19,1573037940001,open,0.18,0.0,0.158,0.1955,0.17658401,73.91,None,0.0,BTC-15NOV19-7750-C,9361.5,0.0,0.1635,5.0,0.1945,5.0,138.31,1.32739,-5.52687,1.78257,8e-05,0.95741
9388.2,SYN.BTC-15NOV19,1573037940001,open,0.0,48.9,0.0005,0.012,0.00208726,73.91,0.0025,0.0,BTC-15NOV19-7750-P,9361.5,69.36,0.0015,20.6,0.003,48.0,79.73,1.32705,-5.52498,-0.10196,8e-05,-0.04258
9697.18,BTC-27MAR20,1573037940004,open,0.01,155.2,0.002,0.024,0.01167633,75.06,0.0105,0.0,BTC-27MAR20-5000-P,9361.5,72.33,0.01,43.6,0.013,23.6,77.08,6.18768,-1.63674,-2.30672,2e-05,-0.04952
9513.91,BTC-27DEC19,1573037940005,open,0.02,541.0,0.007,0.0415,0.02151475,74.84,0.0215,0.0,BTC-27DEC19-13000-C,9361.5,73.73,0.0205,19.8,0.0225,19.7,75.9,8.78674,-6.46269,1.89113,9e-05,0.16412
9367.25,SYN.BTC-8NOV19,1573037940001,open,0.0,381.7,0.0005,0.0105,0.0001326,100.0,0.001,0.0,BTC-8NOV19-11250-C,9361.5,0.0,0.0,0.0,0.001,0.5,131.08,0.11222,-1.24211,0.00277,2e-05,0.00588
9367.25,SYN.BTC-8NOV19,1573037940002,open,0.0,60.8,0.0005,0.0105,0.0,100.0,0.0005,0.0,BTC-8NOV19-6250-P,9361.5,0.0,0.0,0.0,0.0005,0.4,243.91,0.0,0.0,0.0,0.0,0.0
9513.91,BTC-27DEC19,1573037940006,open,0.0,647.3,0.0005,0.0105,0.00035217,100.0,0.0015,0.0,BTC-27DEC19-28000-C,9361.5,110.92,0.001,26.0,0.0015,11.0,116.05,0.36555,-0.35926,0.04067,0.0,0.00342
9367.25,SYN.BTC-8NOV19,1573037940001,open,0.0,284.4,0.0005,0.0105,1.5e-07,100.0,0.0005,0.0,BTC-8NOV19-12750-C,9361.5,0.0,0.0,0.0,0.0005,0.1,183.83,0.0003,-0.00141,0.0,0.0,1e-05
9430.11,SYN.BTC-29NOV19,1573037940001,open,0.0,436.6,0.0005,0.0115,0.00152367,90.31,0.0015,0.0,BTC-29NOV19-6000-P,9361.5,84.75,0.001,39.3,0.002,16.0,94.38,1.01032,-1.99422,-0.11125,2e-05,-0.0173
9388.2,SYN.BTC-15NOV19,1573037940001,open,0.15,0.0,0.124,0.1785,0.15031008,67.46,None,0.0,BTC-15NOV19-10750-P,9361.5,0.0,0.008,0.1,0.0,0.0,0.0,2.72408,-10.35192,-2.37859,0.00019,-0.89159
9367.25,SYN.BTC-8NOV19,1573037940001,open,0.0,60.6,0.0005,0.0105,0.0,100.0,0.0005,0.0,BTC-8NOV19-6000-P,9361.5,0.0,0.0,0.0,0.0015,28.0,310.5,0.0,0.0,0.0,0.0,0.0
9388.2,SYN.BTC-15NOV19,1573037940001,open,0.01,126.9,0.0005,0.0255,0.0102071,62.52,0.0125,0.0,BTC-15NOV19-10250-C,9361.5,59.67,0.009,25.8,0.011,14.0,64.33,4.06237,-14.30708,0.42661,0.0003,0.19708
9367.25,SYN.BTC-8NOV19,1573037940002,open,0.01,559.0,0.0005,0.0295,0.01152874,61.53,0.012,0.0,BTC-8NOV19-9500-C,9361.5,61.43,0.0115,13.0,0.012,0.1,63.25,2.56333,-42.04541,0.17893,0.00092,0.38324
9388.2,SYN.BTC-15NOV19,1573037940001,open,0.21,0.0,0.185,0.2205,0.20245155,77.48,None,0.0,BTC-15NOV19-7500-C,9361.5,0.0,0.1895,5.0,0.219,5.0,147.6,0.92641,-4.04345,1.75798,6e-05,0.97251
9367.25,SYN.BTC-8NOV19,1573037940001,open,0.0,195.7,0.0005,0.0105,1.78e-06,100.0,0.0005,0.0,BTC-8NOV19-12250-C,9361.5,0.0,0.0,0.0,0.0015,28.0,191.46,0.00278,-0.01664,5e-05,0.0,0.0001
9388.2,SYN.BTC-15NOV19,1573037940001,open,0.0,159.4,0.0005,0.013,0.00302184,69.15,0.003,0.0,BTC-15NOV19-8000-P,9361.5,66.28,0.0025,5.0,0.0035,0.5,71.56,1.78999,-6.97235,-0.14852,0.00012,-0.06203
9388.2,SYN.BTC-15NOV19,1573037940001,open,0.17,0.0,0.1495,0.2035,0.17529767,68.94,None,0.0,BTC-15NOV19-11000-P,9361.5,0.0,0.0,0.0,0.0,0.0,0.0,2.13052,-8.27359,-2.50555,0.00014,-0.92222
9781.78,SYN.BTC-26JUN20,1573037940001,open,0.05,9.6,0.017,0.0815,0.04484951,85.23,0.045,0.0,BTC-26JUN20-24000-C,9361.5,83.51,0.0415,25.0,0.048,0.1,86.8,19.32277,-3.53607,7.43928,4e-05,0.16405
9781.78,SYN.BTC-26JUN20,1573037940004,open,0.13,113.5,0.0775,0.1745,0.12658774,77.71,0.124,0.0,BTC-26JUN20-14000-C,9361.5,76.54,0.123,16.0,0.129,6.3,78.49,30.07661,-5.01804,16.72773,6e-05,0.39462
9430.11,SYN.BTC-29NOV19,1573037940003,open,0.0,235.2,0.0005,0.013,0.00345069,86.18,0.004,0.0,BTC-29NOV19-14000-C,9361.5,81.57,0.0025,27.2,0.004,13.0,88.51,2.13259,-4.01729,0.23017,4e-05,0.04239
9388.2,SYN.BTC-15NOV19,1573037940001,open,0.13,7.9,0.1045,0.147,0.12584978,65.22,0.119,0.0,BTC-15NOV19-8250-C,9361.5,0.0,0.1095,5.0,0.1475,5.0,121.88,2.43848,-8.95859,1.783,0.00017,0.90686
9367.25,SYN.BTC-8NOV19,1573037940001,open,0.0,170.5,0.0005,0.0105,2.74e-06,100.0,0.0005,0.0,BTC-8NOV19-7250-P,9361.5,0.0,0.0,0.0,0.0005,2.3,162.46,0.00396,-0.02564,-8e-05,0.0,-0.00015
9388.2,SYN.BTC-15NOV19,1573037940001,open,0.23,0.0,0.2125,0.2465,0.22884966,84.6,None,0.0,BTC-15NOV19-7250-C,9361.5,0.0,0.2165,5.0,0.2445,5.0,159.3,0.75145,-3.58118,1.71156,4e-05,0.97857
9367.25,SYN.BTC-8NOV19,1573037940001,open,0.0,116.6,0.0005,0.0105,5.3e-07,100.0,0.0005,0.0,BTC-8NOV19-12500-C,9361.5,0.0,0.0,0.0,0.0015,28.0,203.17,0.00094,-0.00497,2e-05,0.0,3e-05
9781.78,SYN.BTC-26JUN20,1573037940001,open,1.69,0.0,1.623,1.783,1.6988931,87.91,None,0.0,BTC-26JUN20-26000-P,9361.5,0.0,0.0,0.0,0.0,0.0,0.0,18.12956,-3.42194,-159.14206,3e-05,-0.85108
9781.78,SYN.BTC-26JUN20,1573037940002,open,0.39,2.2,0.3275,0.451,0.39046026,75.1,0.41,0.0,BTC-26JUN20-12000-P,9361.5,57.54,0.335,2.0,0.4305,2.0,87.67,31.14453,-5.02165,-56.58887,7e-05,-0.51628
9367.25,SYN.BTC-8NOV19,1573037940003,open,0.0,321.8,0.0005,0.0105,1.714e-05,100.0,0.0005,0.0,BTC-8NOV19-11750-C,9361.5,0.0,0.0,0.0,0.0005,2.5,141.39,0.02026,-0.16054,0.00042,0.0,0.00089
9430.11,SYN.BTC-29NOV19,1573037940001,open,0.38,0.0,0.353,0.417,0.38347095,78.42,None,0.0,BTC-29NOV19-13000-P,9361.5,0.0,0.013,1.0,0.0,0.0,0.0,2.8897,-4.95287,-7.80937,7e-05,-0.93788
9367.25,SYN.BTC-8NOV19,1573037940001,open,0.28,0.0,0.2565,0.307,0.28106175,93.8,None,0.0,BTC-8NOV19-12000-P,9361.5,0.0,0.0,0.0,0.0,0.0,0.0,0.00343,-0.08573,-0.6166,0.0,-0.99987
9367.25,SYN.BTC-8NOV19,1573037940002,open,0.01,271.5,0.0005,0.02,0.00552714,66.91,0.0055,0.0,BTC-8NOV19-9750-C,9361.5,64.31,0.005,22.4,0.0065,2.5,71.53,1.92812,-34.38868,0.09779,0.00064,0.20868
9367.25,SYN.BTC-8NOV19,1573037940002,open,0.0,88.9,0.0005,0.0105,3e-08,100.0,0.0025,0.0,BTC-8NOV19-6750-P,9361.5,0.0,0.0,0.0,0.0005,0.4,201.98,7e-05,-0.00028,0.0,0.0,0.0
9781.78,SYN.BTC-26JUN20,1573037940002,open,0.37,1.5,0.332,0.4085,0.37155525,74.05,0.419,0.0,BTC-26JUN20-7000-C,9361.5,66.89,0.356,7.0,0.4045,4.0,88.78,21.508,-3.41969,27.08244,5e-05,0.8055
9388.2,SYN.BTC-15NOV19,1573037940001,open,0.12,0.0,0.099,0.153,0.12536919,64.03,None,0.0,BTC-15NOV19-10500-P,9361.5,0.0,0.088,10.0,0.0,0.0,0.0,3.2911,-11.87044,-2.2448,0.00024,-0.85793
9367.25,SYN.BTC-8NOV19,1573037940001,open,0.3,0.0,0.2825,0.3345,0.30774653,0.0,None,0.0,BTC-8NOV19-12250-P,9361.5,0.0,0.0165,0.1,0.0,0.0,0.0,0.0,0.0,-0.62951,0.0,-1.0
9781.78,SYN.BTC-26JUN20,1573037940001,open,0.09,142.3,0.0525,0.1225,0.08718119,74.06,0.0875,0.0,BTC-26JUN20-7000-P,9361.5,70.77,0.08,3.0,0.0875,13.0,74.2,21.5083,-3.41994,-17.57952,5e-05,-0.1945
9388.2,SYN.BTC-15NOV19,1573037940001,open,0.0,19.8,0.0005,0.011,0.00132566,77.47,0.002,0.0,BTC-15NOV19-7500-P,9361.5,66.52,0.0005,54.6,0.002,13.4,83.49,0.92603,-4.04128,-0.06576,6e-05,-0.02748
9430.11,SYN.BTC-29NOV19,1573037940002,open,0.28,0.0,0.251,0.3145,0.28155474,73.09,None,0.0,BTC-29NOV19-12000-P,9361.5,0.0,0.012,1.0,0.0,0.0,0.0,4.44438,-7.1003,-6.92299,0.00011,-0.88982
9367.25,SYN.BTC-8NOV19,1573037940001,open,0.2,0.0,0.178,0.226,0.20112268,99.72,None,0.0,BTC-8NOV19-11250-P,9361.5,0.0,0.0,0.0,0.0,0.0,0.0,0.11018,-2.92878,-0.57541,2e-05,-0.99424
9388.2,SYN.BTC-15NOV19,1573037940001,open,0.15,0.0,0.131,0.171,0.15088946,69.15,None,0.0,BTC-15NOV19-8000-C,9361.5,0.0,0.1355,5.0,0.1705,5.0,129.48,1.79028,-6.97402,1.79681,0.00012,0.93795
9781.78,SYN.BTC-26JUN20,1573037940001,open,0.03,4.3,0.0115,0.0675,0.03450073,88.53,0.039,0.0,BTC-26JUN20-28000-C,9361.5,86.38,0.031,26.0,0.037,21.0,89.99,16.39189,-3.11564,5.8634,3e-05,0.12845
9781.78,SYN.BTC-26JUN20,1573037940001,open,0.24,110.8,0.1905,0.3,0.24650415,74.06,0.25,0.0,BTC-26JUN20-10000-P,9361.5,70.66,0.236,17.9,0.247,3.0,74.22,30.14645,-4.79352,-40.22432,7e-05,-0.39802
9367.25,SYN.BTC-8NOV19,1573037940002,open,0.33,0.0,0.3085,0.3615,0.33443395,0.0,None,0.0,BTC-8NOV19-12500-P,9361.5,0.0,0.0,0.0,0.0,0.0,0.0,0.0,0.0,-0.64236,0.0,-1.0
9430.11,SYN.BTC-29NOV19,1573037940002,open,0.14,5.0,0.109,0.172,0.14059879,66.15,0.15,0.0,BTC-29NOV19-10500-P,9361.5,0.0,0.005,0.2,0.0,0.0,0.0,8.02346,-11.60028,-5.05294,0.00022,-0.71436
9367.25,SYN.BTC-8NOV19,1573037940001,open,0.0,668.7,0.0005,0.0105,0.00029331,98.71,0.0005,0.0,BTC-8NOV19-8000-P,9361.5,106.5,0.0005,4.5,0.001,22.5,119.17,0.20594,-2.74753,-0.0058,5e-05,-0.01175
9367.25,SYN.BTC-8NOV19,1573037940003,open,0.14,0.6,0.1255,0.1745,0.14840534,99.7,0.1265,0.0,BTC-8NOV19-10750-P,9361.5,0.0,0.0,0.0,0.0,0.0,0.0,0.44838,-11.91641,-0.53869,0.0001,-0.97067
9367.25,SYN.BTC-8NOV19,1573037940001,open,0.0,137.9,0.0005,0.0105,0.0,100.0,0.0005,0.0,BTC-8NOV19-6500-P,9361.5,0.0,0.0,0.0,0.001,1.0,245.18,1e-05,-2e-05,0.0,0.0,0.0
9388.2,SYN.BTC-15NOV19,1573037940001,open,0.0,21.8,0.0005,0.011,0.00109463,84.59,0.0015,0.0,BTC-15NOV19-7250-P,9361.5,75.26,0.0005,34.4,0.0015,12.0,89.17,0.75107,-3.5789,-0.05139,4e-05,-0.02141
190.63,SYN.ETH-8NOV19,1573037940036,open,0.12,593.0,0.081,0.137,0.109761,98.86,0.11,0.0,ETH-8NOV19-170-C,190.51,0.0,0.092,14.0,0.125,14.0,202.52,0.01394,-0.36726,0.00824,0.00755,0.9507
190.63,SYN.ETH-8NOV19,1573037940038,open,0.07,764.0,0.029,0.088,0.059476,74.02,0.07,0.0,ETH-8NOV19-180-C,190.51,0.0,0.037,15.0,0.079,15.0,164.96,0.02951,-0.58235,0.0079,0.02135,0.86604
190.63,SYN.ETH-8NOV19,1573037940238,open,0.07,764.0,0.029,0.088,0.059476,74.02,0.07,0.0,ETH-8NOV19-180-C,190.51,0.0,0.037,15.0,0.08,15.0,169.0,0.02951,-0.58235,0.0079,0.02135,0.86604
193.5,ETH-27DEC19,1573037940241,open,0.22,1371.0,0.175,0.241,0.210081,74.52,0.213,0.0,ETH-27DEC19-160-C,190.51,45.07,0.183,19.0,0.242,19.0,102.79,0.20552,-0.15052,0.15763,0.00528,0.79457
190.63,SYN.ETH-8NOV19,1573037940282,open,0.17,246.0,0.135,0.186,0.160912,102.33,0.148,0.0,ETH-8NOV19-160-C,190.51,0.0,0.15,14.0,0.175,14.0,250.48,0.00288,-0.07866,0.00815,0.00151,0.99234
190.63,SYN.ETH-8NOV19,1573037940334,open,0.12,593.0,0.081,0.137,0.109761,98.86,0.11,0.0,ETH-8NOV19-170-C,190.51,0.0,0.091,14.0,0.125,14.0,202.52,0.01394,-0.36726,0.00824,0.00755,0.9507
196.34,ETH-27MAR20,1573037940339,open,0.43,40.0,0.392,0.454,0.424497,82.61,0.459,0.0,ETH-27MAR20-120-C,190.51,58.05,0.4,23.0,0.446,23.0,99.41,0.23386,-0.06808,0.35336,0.00189,0.88753
196.34,ETH-27MAR20,1573037940350,open,0.36,0.0,0.31,0.385,0.35059,81.41,None,0.0,ETH-27MAR20-140-C,190.51,59.93,0.318,23.0,0.377,22.0,97.14,0.31981,-0.09176,0.35917,0.00262,0.82124
193.5,ETH-27DEC19,1573037940662,open,0.27,2287.0,0.233,0.332,0.282734,77.5,0.302,0.0,ETH-27DEC19-240-P,190.51,36.51,0.244,12.0,0.295,35.0,87.07,0.24078,-0.18338,-0.27197,0.00595,-0.72564
190.63,SYN.ETH-8NOV19,1573037940680,open,0.12,593.0,0.081,0.137,0.109761,98.86,0.11,0.0,ETH-8NOV19-170-C,190.51,0.0,0.091,14.0,0.126,14.0,207.55,0.01394,-0.36726,0.00824,0.00755,0.9507
9367.25,SYN.BTC-8NOV19,1573037940717,open,0.05,138.4,0.0215,0.0645,0.04356529,61.93,0.041,0.0,BTC-8NOV19-9000-C,9361.5,55.96,0.0425,4.1,0.0455,0.1,71.71,1.74951,-28.88039,0.37473,0.00063,0.82203
9367.25,SYN.BTC-8NOV19,1573037940729,open,0.05,138.4,0.0215,0.0645,0.04356529,61.93,0.041,0.0,BTC-8NOV19-9000-C,9361.5,58.82,0.043,0.1,0.0455,0.1,71.71,1.74951,-28.88039,0.37473,0.00063,0.82203
193.5,ETH-27DEC19,1573037940886,open,0.04,6089.0,0.018,0.069,0.042424,77.5,0.041,0.0,ETH-27DEC19-240-C,190.51,75.54,0.04,334.0,0.044,478.0,78.76,0.24077,-0.18338,0.06256,0.00595,0.27436
193.5,ETH-27DEC19,1573037940888,open,0.0,4534.0,0.001,0.011,4.7e-05,105.0,0.002,0.0,ETH-27DEC19-760-C,190.51,0.0,0.0,0.0,0.002,801.0,145.7,0.00127,-0.00131,0.00012,2e-05,0.00049
193.5,ETH-27DEC19,1573037940888,open,0.0,15674.0,0.001,0.011,0.000223,105.0,0.002,0.0,ETH-27DEC19-640-C,190.51,120.88,0.001,2000.0,0.002,998.0,130.58,0.00489,-0.00504,0.00052,9e-05,0.00215
193.5,ETH-27DEC19,1573037940891,open,0.02,2802.0,0.006,0.033,0.017337,79.22,0.014,0.0,ETH-27DEC19-140-P,190.51,75.73,0.015,1070.0,0.019,850.0,81.6,0.13325,-0.10375,-0.03356,0.00322,-0.1071
193.5,ETH-27DEC19,1573037940891,open,2.67,0.0,2.613,2.836,2.721008,105.0,None,0.0,ETH-27DEC19-720-P,190.51,0.0,0.003,5.0,0.0,0.0,0.0,0.00198,-0.00204,-1.00338,4e-05,-0.9992
196.34,ETH-27MAR20,1573037940891,open,1.44,0.0,1.385,1.567,1.47278,96.89,None,0.0,ETH-27MAR20-480-P,190.51,0.0,0.003,10.0,0.0,0.0,0.0,0.24405,-0.08333,-1.79601,0.00168,-0.88057
190.62,SYN.ETH-8NOV19,1573037940891,open,0.0,249.0,0.001,0.011,0.000233,104.97,0.001,0.0,ETH-8NOV19-160-P,190.51,0.0,0.0,0.0,0.001,533.0,130.1,0.00333,-0.04442,-9e-05,0.0017,-0.00902
196.34,ETH-27MAR20,1573037940893,open,0.02,5415.0,0.005,0.041,0.018736,103.89,0.012,0.0,ETH-27MAR20-600-C,190.51,99.63,0.015,220.0,0.017,312.0,101.97,0.18306,-0.06702,0.04723,0.00118,0.08063
198.05,SYN.ETH-26JUN20,1573037940893,open,0.35,5.0,0.294,0.39,0.346732,84.68,0.275,0.0,ETH-26JUN20-160-C,190.51,75.46,0.323,210.0,0.364,25.0,91.4,0.50972,-0.09268,0.50114,0.00241,0.74333
196.34,ETH-27MAR20,1573037940898,open,0.1,4598.0,0.064,0.142,0.103386,81.37,0.098,0.0,ETH-27MAR20-160-P,190.51,77.18,0.095,572.0,0.103,423.0,81.18,0.39352,-0.11285,-0.27394,0.00323,-0.25556
193.5,ETH-27DEC19,1573037940900,open,0.19,2728.0,0.153,0.245,0.200242,75.43,0.274,0.0,ETH-27DEC19-220-P,190.51,49.26,0.165,16.0,0.228,15.0,94.66,0.27426,-0.20333,-0.2222,0.00697,-0.62359
191.85,SYN.ETH-29NOV19,1573037940900,open,0.65,0.0,0.62,0.725,0.67015,98.65,None,0.0,ETH-29NOV19-320-P,190.51,0.0,0.0,0.0,0.0,0.0,0.0,0.02874,-0.06198,-0.19773,0.00126,-0.97429
191.85,SYN.ETH-29NOV19,1573037940903,open,0.38,0.0,0.356,0.396,0.376145,94.21,None,0.0,ETH-29NOV19-120-C,190.51,0.0,0.374,50.0,0.389,19.0,148.92,0.02079,-0.04282,0.0729,0.00096,0.98246
196.34,ETH-27MAR20,1573037940905,open,0.61,20.0,0.583,0.618,0.600726,90.23,0.613,0.0,ETH-27MAR20-80-C,190.51,57.65,0.593,26.0,0.611,26.0,109.51,0.08384,-0.02666,0.28164,0.00062,0.96976
196.34,ETH-27MAR20,1573037940905,open,0.07,684.0,0.033,0.105,0.068207,87.14,0.073,0.0,ETH-27MAR20-320-C,190.51,85.06,0.064,260.0,0.067,361.0,86.55,0.40107,-0.12316,0.15031,0.00307,0.26516
190.62,SYN.ETH-8NOV19,1573037940905,open,0.0,229.0,0.001,0.011,2.6e-05,105.02,0.001,0.0,ETH-8NOV19-240-C,190.51,0.0,0.0,0.0,0.001,601.0,158.39,0.00057,-0.00497,1e-05,0.00029,0.00126
193.5,ETH-27DEC19,1573037940909,open,0.64,101.0,0.61,0.725,0.665882,89.21,0.513,0.0,ETH-27DEC19-320-P,190.51,0.0,0.006,5.0,0.0,0.0,0.0,0.11682,-0.10242,-0.42517,0.00251,-0.91051
198.05,SYN.ETH-26JUN20,1573037940909,open,2.24,0.0,2.155,2.401,2.273666,99.73,None,0.0,ETH-26JUN20-640-P,190.51,0.0,0.0,0.0,0.0,0.0,0.0,0.3545,-0.07591,-3.95796,0.00142,-0.8586
190.62,SYN.ETH-8NOV19,1573037940909,open,0.0,1255.0,0.001,0.011,0.0,104.99,0.001,0.0,ETH-8NOV19-130-P,190.51,0.0,0.0,0.0,0.001,600.0,255.38,0.0,0.0,0.0,0.0,0.0
198.05,SYN.ETH-26JUN20,1573037940912,open,1.84,0.0,1.77,1.996,1.879632,97.3,None,0.0,ETH-26JUN20-560-P,190.51,0.0,0.0,0.0,0.0,0.0,0.0,0.40237,-0.08406,-3.4222,0.00165,-0.82864
190.62,SYN.ETH-8NOV19,1573037940917,open,0.3,0.0,0.274,0.352,0.311443,0.0,None,0.0,ETH-8NOV19-250-P,190.51,0.0,0.01,15.0,0.0,0.0,0.0,0.0,0.0,-0.01285,0.0,-1.0
193.5,ETH-27DEC19,1573037940939,open,0.0,4078.0,0.001,0.013,0.003492,97.13,0.005,0.0,ETH-27DEC19-100-P,190.51,88.45,0.002,1020.0,0.004,498.0,99.56,0.03888,-0.03712,-0.00705,0.00077,-0.02266
193.5,ETH-27DEC19,1573037940984,open,0.95,0.0,0.909,1.038,0.970554,98.73,None,0.0,ETH-27DEC19-380-P,190.51,0.0,0.001,5.0,0.0,0.0,0.0,0.07428,-0.07207,-0.51805,0.00144,-0.95019
9514.01,BTC-27DEC19,1573037941008,open,0.0,366.7,0.0005,0.014,0.00403696,84.78,0.004,0.0,BTC-27DEC19-5500-P,9362.01,82.54,0.0035,20.0,0.0045,0.4,86.58,2.3768,-1.98035,-0.44344,2e-05,-0.0294
9514.01,BTC-27DEC19,1573037941008,open,0.0,449.3,0.0005,0.0105,3.58e-06,100.0,0.0005,0.0,BTC-27DEC19-44000-C,9362.01,0.0,0.0,0.0,0.001,55.0,148.55,0.00665,-0.00653,0.00055,0.0,5e-05
9514.01,BTC-27DEC19,1573037941008,open,0.0,685.2,0.0005,0.011,0.00125212,100.0,0.0025,0.0,BTC-27DEC19-24000-C,9362.01,102.15,0.0015,8.9,0.0025,38.1,108.93,1.02545,-1.00779,0.12874,1e-05,0.01096
9514.01,BTC-27DEC19,1573037941008,open,0.01,320.8,0.0045,0.03,0.01503227,72.83,0.015,0.0,BTC-27DEC19-7000-P,9362.01,72.03,0.0145,1.0,0.016,61.2,74.26,6.37099,-4.56036,-1.56573,7e-05,-0.10304
9514.01,BTC-27DEC19,1573037941008,open,0.74,0.0,0.7275,0.747,0.73723486,97.36,None,0.0,BTC-27DEC19-2500-C,9362.01,0.0,0.7295,1.0,0.746,1.0,220.8,0.00829,-0.00793,3.48381,0.0,0.99994
9514.52,BTC-27DEC19,1573037941008,open,0.01,1132.5,0.0005,0.0155,0.00598857,79.29,0.005,0.0,BTC-27DEC19-6000-P,9362.01,76.32,0.005,36.0,0.007,46.6,82.08,3.31001,-2.57949,-0.66369,3e-05,-0.04406
9697.33,BTC-27MAR20,1573037941009,open,0.04,258.4,0.0135,0.0665,0.03644079,81.35,0.0385,0.0,BTC-27MAR20-18000-C,9362.01,80.09,0.0345,20.4,0.0385,20.4,82.66,15.12791,-4.33718,4.92301,5e-05,0.16705
9697.33,BTC-27MAR20,1573037941008,open,0.27,258.7,0.2255,0.3015,0.26507908,72.57,0.264,0.0,BTC-27MAR20-8000-C,9362.01,70.54,0.261,6.0,0.268,24.9,74.02,19.50777,-4.98942,18.00063,7e-05,0.74263
9697.33,BTC-27MAR20,1573037941008,open,0.03,482.6,0.011,0.046,0.0263136,72.93,0.0265,0.0,BTC-27MAR20-6000-P,9362.01,71.24,0.0245,16.2,0.028,16.0,74.45,10.58726,-2.721,-4.74995,4e-05,-0.0997
9697.33,BTC-27MAR20,1573037941009,open,0.01,85.8,0.0005,0.023,0.00805861,97.91,0.009,0.0,BTC-27MAR20-34000-C,9362.01,95.85,0.007,22.9,0.0095,27.5,100.45,5.2168,-1.80007,1.20642,1e-05,0.04006
9514.52,BTC-27DEC19,1573037941009,open,0.0,868.9,0.0005,0.0105,5.693e-05,100.0,0.0005,0.0,BTC-27DEC19-3000-P,9362.01,0.0,0.0,0.0,0.001,23.3,134.32,0.06576,-0.06463,-0.00769,0.0,-0.00052
9697.33,BTC-27MAR20,1573037941009,open,0.05,1457.8,0.0215,0.083,0.04979526,78.85,0.052,0.0,BTC-27MAR20-16000-C,9362.01,77.59,0.0475,20.8,0.0525,20.0,80.3,17.89203,-4.9716,6.40801,6e-05,0.2198
9514.52,BTC-27DEC19,1573037941009,open,0.84,12.1,0.8325,0.852,0.84233613,0.0,0.8415,0.0,BTC-27DEC19-1500-C,9362.01,0.0,0.8345,1.0,0.8505,1.0,299.78,0.0,0.0,2.09078,0.0,1.0
9697.84,BTC-27MAR20,1573037941010,open,1.48,0.0,1.432,1.561,1.49270832,88.7,None,0.0,BTC-27MAR20-24000-P,9362.01,0.0,0.0005,10.0,0.0,0.0,0.0,9.53839,-2.98154,-90.70063,3e-05,-0.91343
9514.52,BTC-27DEC19,1573037941010,open,2.77,1.3,2.71,2.861,2.78396551,117.19,2.2,0.0,BTC-27DEC19-36000-P,9362.01,0.0,0.0,0.0,0.0,0.0,0.0,0.26375,-0.30377,-50.15084,0.0,-0.99762
9514.52,BTC-27DEC19,1573037941010,open,0.24,293.7,0.2085,0.2595,0.23441905,69.94,0.2455,0.0,BTC-27DEC19-7500-C,9362.01,41.65,0.2155,14.0,0.246,20.0,82.51,8.23654,-5.66112,8.18016,9e-05,0.85124
9781.8,SYN.BTC-26JUN20,1573037941008,open,1.29,0.0,1.23,1.3795,1.30188318,83.7,None,0.0,BTC-26JUN20-22000-P,9362.01,0.0,0.11,1.0,0.0,0.0,0.0,21.19883,-3.80953,-131.80475,4e-05,-0.81005
9514.52,BTC-27DEC19,1573037941010,open,0.58,30.9,0.5705,0.5905,0.58039067,99.67,0.5735,0.0,BTC-27DEC19-4000-C,9362.01,0.0,0.5725,1.0,0.589,1.0,150.48,0.60014,-0.58788,5.4858,0.0,0.99404
9430.03,SYN.BTC-29NOV19,1573037941008,open,0.01,159.8,0.0005,0.018,0.00658596,75.76,0.0075,0.0,BTC-29NOV19-12500-C,9362.01,74.18,0.006,20.0,0.0075,44.6,78.09,3.57881,-5.9262,0.44626,8e-05,0.08209
9514.52,BTC-27DEC19,1573037941012,open,2.35,0.3,2.298,2.4325,2.36360024,109.61,1.875,0.0,BTC-27DEC19-32000-P,9362.01,0.0,0.0,0.0,0.0,0.0,0.0,0.31479,-0.3391,-44.56919,0.0,-0.9971
9697.84,BTC-27MAR20,1573037941013,open,0.34,52.6,0.2905,0.398,0.34480569,74.46,0.355,0.0,BTC-27MAR20-12000-P,9362.01,65.15,0.3225,4.0,0.387,3.8,91.64,23.50898,-6.16933,-35.22549,9e-05,-0.58967
9388.09,SYN.BTC-15NOV19,1573037941007,open,0.0,20.1,0.0005,0.013,0.00303269,73.34,0.004,0.0,BTC-15NOV19-11250-C,9362.01,67.43,0.002,39.6,0.0035,13.0,75.66,1.82651,-7.54668,0.13842,0.00012,0.06366
9514.52,BTC-27DEC19,1573037941014,open,0.03,895.2,0.013,0.056,0.03253123,72.26,0.0315,0.0,BTC-27DEC19-12000-C,9362.01,70.92,0.031,32.5,0.0345,43.1,73.97,10.8932,-7.73629,2.6734,0.00012,0.23412
9430.03,SYN.BTC-29NOV19,1573037941009,open,0.01,332.0,0.0005,0.0175,0.00702577,70.08,0.007,0.0,BTC-29NOV19-7500-P,9362.01,67.27,0.006,57.8,0.008,19.4,72.58,3.56965,-5.46788,-0.52506,9e-05,-0.08182
9430.03,SYN.BTC-29NOV19,1573037941010,open,0.0,666.9,0.0005,0.0125,0.00255032,83.24,0.0035,0.0,BTC-29NOV19-6500-P,9362.01,79.72,0.002,30.0,0.0035,29.0,88.4,1.57933,-2.87345,-0.18879,3e-05,-0.02939
9367.12,SYN.BTC-8NOV19,1573037941011,open,0.36,0.0,0.3465,0.372,0.35947018,182.14,None,0.0,BTC-8NOV19-6000-C,9362.01,0.0,0.3505,5.0,0.3705,5.0,464.01,0.00635,-0.30841,0.30821,0.0,0.99975
9388.09,SYN.BTC-15NOV19,1573037941008,open,0.31,0.0,0.294,0.323,0.30804134,100.25,None,0.0,BTC-15NOV19-6500-C,9362.01,0.0,0.298,5.0,0.321,5.0,193.12,0.3051,-1.72308,1.56243,1e-05,0.99245
9388.09,SYN.BTC-15NOV19,1573037941008,open,0.02,135.8,0.005,0.0385,0.01869427,58.48,0.0195,0.0,BTC-15NOV19-9000-P,9362.01,55.36,0.017,36.2,0.02,18.9,60.86,5.132,-16.90703,-0.74019,0.00041,-0.30554
9367.12,SYN.BTC-8NOV19,1573037941010,open,0.0,1027.4,0.0005,0.0105,0.00052104,88.99,0.0005,0.0,BTC-8NOV19-8250-P,9362.01,88.42,0.0005,14.0,0.0015,22.5,107.51,0.34648,-4.88062,-0.01063,9e-05,-0.02156
9430.03,SYN.BTC-29NOV19,1573037941010,open,0.22,67.8,0.191,0.2325,0.21170139,70.1,0.195,0.0,BTC-29NOV19-7500-C,9362.01,0.0,0.1955,6.0,0.233,6.0,110.92,3.57128,-5.47187,4.17509,9e-05,0.91813
9367.12,SYN.BTC-8NOV19,1573037941008,open,0.01,179.8,0.0005,0.0305,0.01184626,61.19,0.0115,0.0,BTC-8NOV19-9250-P,9362.01,54.38,0.01,21.4,0.0115,0.4,59.91,2.55415,-41.6585,-0.18802,0.00093,-0.37874
9367.12,SYN.BTC-8NOV19,1573037941008,open,0.0,620.6,0.0005,0.0145,0.00289004,74.11,0.0035,0.0,BTC-8NOV19-10000-C,9362.01,71.2,0.0025,28.9,0.0035,0.5,78.33,1.29752,-25.63237,0.05362,0.00039,0.11427
9367.12,SYN.BTC-8NOV19,1573037941012,open,0.17,0.0,0.1515,0.2005,0.17464172,99.37,None,0.0,BTC-8NOV19-11000-P,9362.01,0.0,0.0,0.0,0.0,0.0,0.0,0.22778,-6.03344,-0.55908,5e-05,-0.9868
9781.8,SYN.BTC-26JUN20,1573037941011,open,0.01,199.4,0.0015,0.0225,0.01106807,75.03,0.0085,0.0,BTC-26JUN20-4000-P,9362.01,72.48,0.0095,8.9,0.0125,12.0,77.2,6.2598,-1.00836,-2.9737,1e-05,-0.03658
198.05,SYN.ETH-26JUN20,1573037941031,open,1.65,0.0,1.579,1.796,1.685075,96.38,None,0.0,ETH-26JUN20-520-P,190.51,0.0,0.0,0.0,0.0,0.0,0.0,0.43268,-0.08954,-3.14971,0.00179,-0.80755
193.5,ETH-27DEC19,1573037941046,open,1.05,16.0,1.009,1.144,1.073254,102.61,1.195,0.0,ETH-27DEC19-400-P,190.51,0.0,0.001,8.0,0.0,0.0,0.0,0.06747,-0.06804,-0.54726,0.00126,-0.95582
191.85,SYN.ETH-29NOV19,1573037941048,open,0.0,2535.0,0.001,0.011,0.000403,104.99,0.001,0.0,ETH-29NOV19-100-P,190.51,0.0,0.0,0.0,0.002,962.0,130.38,0.00635,-0.01457,-0.00059,0.00026,-0.00452
196.34,ETH-27MAR20,1573037941051,open,0.27,0.0,0.218,0.336,0.27955,82.09,None,0.0,ETH-27MAR20-220-P,190.51,79.06,0.272,456.0,0.288,156.0,85.49,0.48807,-0.14121,-0.5847,0.00397,-0.4866
198.05,SYN.ETH-26JUN20,1573037941051,open,0.23,156.0,0.168,0.277,0.227282,84.68,0.224,0.0,ETH-26JUN20-220-C,190.51,83.63,0.224,268.0,0.236,268.0,87.47,0.62065,-0.11284,0.43626,0.00293,0.57253
193.5,ETH-27DEC19,1573037941064,open,0.3,19.0,0.264,0.321,0.293823,79.22,0.205,0.0,ETH-27DEC19-140-C,190.51,49.45,0.279,1.0,0.0,0.0,0.0,0.13325,-0.10375,0.16158,0.00322,0.8929
193.5,ETH-27DEC19,1573037941066,open,0.36,946.0,0.321,0.425,0.372835,79.92,0.3,0.0,ETH-27DEC19-260-P,190.54,0.0,0.343,50.0,0.398,10.0,101.64,0.20239,-0.15898,-0.31626,0.00485,-0.79977
193.5,ETH-27DEC19,1573037941067,open,0.02,1535.0,0.006,0.041,0.020929,82.84,0.022,0.0,ETH-27DEC19-280-C,190.54,80.57,0.019,370.0,0.022,441.0,84.06,0.1678,-0.13661,0.03458,0.00388,0.14914
193.5,ETH-27DEC19,1573037941067,open,0.84,257.0,0.809,0.933,0.868764,96.3,0.995,0.0,ETH-27DEC19-360-P,190.54,0.0,0.01,7.0,0.0,0.0,0.0,0.08711,-0.08244,-0.48759,0.00173,-0.93906
193.5,ETH-27DEC19,1573037941067,open,0.0,9372.0,0.001,0.011,0.000671,105.0,0.002,0.0,ETH-27DEC19-560-C,190.54,109.47,0.001,2660.0,0.003,501.0,124.78,0.0122,-0.01259,0.00143,0.00022,0.00596
196.34,ETH-27MAR20,1573037941067,open,0.2,1321.0,0.142,0.236,0.192918,81.37,0.185,0.0,ETH-27MAR20-200-C,190.54,78.94,0.187,262.0,0.192,355.0,80.99,0.47695,-0.13678,0.29999,0.00391,0.58599
196.34,ETH-27MAR20,1573037941067,open,0.04,1053.0,0.014,0.069,0.039222,90.82,0.042,0.0,ETH-27MAR20-400-C,190.54,88.7,0.036,260.0,0.04,377.0,91.32,0.304,-0.0973,0.09608,0.00223,0.16512
196.34,ETH-27MAR20,1573037941067,open,0.16,268.0,0.109,0.202,0.159045,82.09,0.161,0.0,ETH-27MAR20-220-C,190.54,79.66,0.153,567.0,0.157,351.0,81.27,0.48807,-0.14121,0.27044,0.00397,0.5134
193.5,ETH-27DEC19,1573037941067,open,2.26,0.0,2.212,2.41,2.307717,105.0,None,0.0,ETH-27DEC19-640-P,190.54,0.0,0.0,0.0,0.0,0.0,0.0,0.00489,-0.00504,-0.89155,9e-05,-0.99785
196.34,ETH-27MAR20,1573037941067,open,1.84,0.0,1.776,1.976,1.872147,100.52,None,0.0,ETH-27MAR20-560-P,190.54,0.0,0.01,10.0,0.0,0.0,0.0,0.19393,-0.0687,-2.1255,0.00129,-0.91293
193.5,ETH-27DEC19,1573037941067,open,1.25,0.0,1.209,1.353,1.277713,105.0,None,0.0,ETH-27DEC19-440-P,190.54,0.0,0.001,8.0,0.0,0.0,0.0,0.04744,-0.04895,-0.60657,0.00087,-0.97126
193.5,ETH-27DEC19,1573037941067,open,1.65,37.0,1.61,1.774,1.688523,105.0,0.707,0.0,ETH-27DEC19-520-P,190.54,0.0,0.002,25.0,0.0,0.0,0.0,0.01928,-0.0199,-0.72242,0.00035,-0.98998
193.5,ETH-27DEC19,1573037941067,open,2.06,0.0,2.011,2.198,2.10116,105.0,0.953,0.0,ETH-27DEC19-600-P,190.54,0.0,0.0,0.0,0.0,0.0,0.0,0.00772,-0.00796,-0.83546,0.00014,-0.99644
196.34,ETH-27MAR20,1573037941067,open,0.68,6.0,0.624,0.772,0.698032,87.14,0.725,0.0,ETH-27MAR20-320-P,190.54,0.0,0.0,0.0,0.726,1.0,100.2,0.40107,-0.12316,-1.09353,0.00307,-0.73484
198.05,SYN.ETH-26JUN20,1573037941067,open,0.13,236.0,0.077,0.181,0.131067,89.34,0.123,0.0,ETH-26JUN20-320-C,190.54,86.67,0.123,463.0,0.134,289.0,90.31,0.60047,-0.11518,0.30973,0.00269,0.37619
196.37,ETH-27MAR20,1573037941067,open,0.05,578.0,0.022,0.086,0.052443,89.78,0.06,0.0,ETH-27MAR20-360-C,190.54,87.28,0.048,260.0,0.051,377.0,88.98,0.35383,-0.11195,0.12103,0.00263,0.211
193.5,ETH-27DEC19,1573037941068,open,2.88,1.0,2.814,3.049,2.927695,105.0,3.236,0.0,ETH-27DEC19-760-P,190.54,0.0,0.0,0.0,0.0,0.0,0.0,0.00127,-0.00131,-1.05921,2e-05,-0.99951
196.37,ETH-27MAR20,1573037941067,open,0.1,1614.0,0.051,0.133,0.093103,84.9,0.09,0.0,ETH-27MAR20-280-C,190.54,82.66,0.088,542.0,0.091,347.0,83.98,0.44984,-0.13459,0.19036,0.00354,0.3425
193.5,ETH-27DEC19,1573037941068,open,2.47,1.0,2.413,2.623,2.514343,105.0,2.792,0.0,ETH-27DEC19-680-P,190.54,0.0,0.002,10.0,0.0,0.0,0.0,0.00311,-0.00321,-0.9475,6e-05,-0.99869
196.37,ETH-27MAR20,1573037941068,open,2.04,0.0,1.973,2.185,2.074659,104.37,None,0.0,ETH-27MAR20-600-P,190.54,0.0,0.02,10.0,0.0,0.0,0.0,0.18561,-0.06827,-2.28419,0.00119,-0.9179
191.03,SYN.ETH-15NOV19,1573037941066,open,0.0,229.0,0.001,0.013,0.003659,78.36,0.005,0.0,ETH-15NOV19-160-P,190.54,74.87,0.003,505.0,0.004,3.0,80.04,0.03791,-0.16733,-0.0032,0.00545,-0.0653
193.5,ETH-27DEC19,1573037941069,open,0.55,1.0,0.512,0.623,0.566097,86.07,0.494,0.0,ETH-27DEC19-300-P,190.54,0.0,0.01,5.0,0.0,0.0,0.0,0.13962,-0.1181,-0.39156,0.00311,-0.8857
196.37,ETH-27MAR20,1573037941069,open,1.25,0.0,1.19,1.362,1.273802,94.2,None,0.0,ETH-27MAR20-440-P,190.54,0.0,0.002,10.0,0.0,0.0,0.0,0.27259,-0.0905,-1.62866,0.00193,-0.85993
193.53,ETH-27DEC19,1573037941070,open,0.0,17258.0,0.001,0.011,0.000385,104.99,0.002,0.0,ETH-27DEC19-600-C,190.54,115.38,0.001,6660.0,0.003,801.0,131.24,0.00772,-0.00797,0.00086,0.00014,0.00356
193.53,ETH-27DEC19,1573037941070,open,1.86,0.0,1.81,1.985,1.894728,110.82,0.845,0.0,ETH-27DEC19-560-P,190.54,0.0,0.0,0.0,0.0,0.0,0.0,0.01775,-0.01933,-0.7784,0.00031,-0.99089
193.53,ETH-27DEC19,1573037941070,open,0.12,3393.0,0.088,0.169,0.129407,74.14,0.15,0.0,ETH-27DEC19-200-P,190.54,71.18,0.125,247.0,0.135,318.0,77.89,0.28819,-0.20998,-0.16768,0.00745,-0.49219
191.03,SYN.ETH-15NOV19,1573037941066,open,0.13,80.0,0.087,0.145,0.117417,69.43,0.112,0.0,ETH-15NOV19-170-C,190.54,0.0,0.0,0.0,0.0,0.0,0.0,0.06266,-0.24507,0.03501,0.01017,0.87107
191.03,SYN.ETH-15NOV19,1573037941066,open,0.22,0.0,0.191,0.24,0.215864,79.64,None,0.0,ETH-15NOV19-150-C,190.54,0.0,0.0,0.0,0.0,0.0,0.0,0.01579,-0.07086,0.03539,0.00223,0.97773
191.03,SYN.ETH-15NOV19,1573037941066,open,0.28,0.0,0.245,0.291,0.268218,99.01,None,0.0,ETH-15NOV19-140-C,190.54,0.0,0.0,0.0,0.0,0.0,0.0,0.01337,-0.07458,0.03314,0.00152,0.9817
191.03,SYN.ETH-15NOV19,1573037941066,open,0.1,0.0,0.076,0.15,0.112648,72.57,None,0.0,ETH-15NOV19-210-P,190.54,59.28,0.107,40.0,0.117,40.0,81.69,0.08767,-0.35841,-0.04157,0.01361,-0.7823
196.37,ETH-27MAR20,1573037941072,open,1.64,0.0,1.58,1.771,1.671667,98.87,None,0.0,ETH-27MAR20-520-P,190.54,0.0,0.005,10.0,0.0,0.0,0.0,0.21759,-0.07581,-1.9616,0.00147,-0.89826
198.05,SYN.ETH-26JUN20,1573037941067,open,0.11,186.0,0.058,0.155,0.107349,90.45,0.101,0.0,ETH-26JUN20-360-C,190.54,88.21,0.101,180.0,0.112,586.0,92.07,0.56621,-0.10996,0.26953,0.0025,0.32065
191.03,SYN.ETH-15NOV19,1573037941066,open,0.2,0.0,0.171,0.249,0.208929,83.49,None,0.0,ETH-15NOV19-230-P,190.54,0.0,0.0,0.0,0.0,0.0,0.0,0.04709,-0.22146,-0.05213,0.00636,-0.9132
191.03,SYN.ETH-15NOV19,1573037941066,open,0.01,278.0,0.001,0.022,0.007514,76.79,0.009,0.0,ETH-15NOV19-220-C,190.54,72.02,0.006,750.0,0.009,850.0,81.09,0.06352,-0.27479,0.00576,0.00932,0.13152
198.05,SYN.ETH-26JUN20,1573037941066,open,1.27,0.0,1.201,1.401,1.299887,93.75,None,0.0,ETH-26JUN20-440-P,190.54,0.0,0.0,0.0,0.0,0.0,0.0,0.4969,-0.10002,-2.59706,0.00212,-0.75538
191.03,SYN.ETH-15NOV19,1573037941066,open,0.01,784.0,0.001,0.021,0.007321,69.43,0.007,0.0,ETH-15NOV19-170-P,190.54,68.44,0.007,550.0,0.01,552.0,77.13,0.06266,-0.24507,-0.00633,0.01017,-0.12893
191.03,SYN.ETH-15NOV19,1573037941067,open,0.03,275.0,0.013,0.066,0.037737,65.11,0.03,0.0,ETH-15NOV19-190-P,190.54,60.69,0.035,540.0,0.041,259.0,70.39,0.1182,-0.43356,-0.02305,0.02046,-0.45855
191.03,SYN.ETH-15NOV19,1573037941066,open,0.0,257.0,0.001,0.011,0.001074,79.64,0.002,0.0,ETH-15NOV19-150-P,190.54,78.73,0.001,700.0,0.002,1.0,88.8,0.01579,-0.07086,-0.00108,0.00223,-0.02227
191.85,SYN.ETH-29NOV19,1573037941067,open,0.16,0.0,0.131,0.213,0.172292,72.92,None,0.0,ETH-29NOV19-220-P,190.54,0.0,0.146,50.0,0.0,0.0,0.0,0.15426,-0.24588,-0.11028,0.00917,-0.7449
191.03,SYN.ETH-15NOV19,1573037941066,open,0.06,161.0,0.037,0.104,0.070826,68.16,0.06,0.0,ETH-15NOV19-200-P,190.54,57.94,0.065,120.0,0.075,207.0,75.31,0.11063,-0.42478,-0.03337,0.01829,-0.64747
191.85,SYN.ETH-29NOV19,1573037941067,open,0.49,0.0,0.463,0.495,0.479202,105.79,None,0.0,ETH-29NOV19-100-C,190.54,0.0,0.472,21.0,0.489,21.0,178.57,0.00665,-0.01538,0.06205,0.00027,0.99524
191.03,SYN.ETH-15NOV19,1573037941066,open,0.0,900.0,0.001,0.011,0.001081,99.01,0.001,0.0,ETH-15NOV19-140-P,190.54,0.0,0.0,0.0,0.002,503.0,109.72,0.01337,-0.07458,-0.0009,0.00152,-0.0183
191.03,SYN.ETH-15NOV19,1573037941066,open,0.02,311.0,0.002,0.032,0.013353,72.57,0.016,0.0,ETH-15NOV19-210-C,190.54,67.3,0.011,710.0,0.015,838.0,76.1,0.08767,-0.35841,0.00949,0.01361,0.2177
191.03,SYN.ETH-15NOV19,1573037941066,open,0.01,93.0,0.001,0.017,0.00494,83.49,0.006,0.0,ETH-15NOV19-230-C,190.54,79.48,0.004,200.0,0.006,850.0,87.59,0.04709,-0.22146,0.0038,0.00636,0.0868
191.85,SYN.ETH-29NOV19,1573037941067,open,0.0,1027.0,0.001,0.011,0.001587,93.91,0.003,0.0,ETH-29NOV19-120-P,190.54,87.6,0.001,1320.0,0.002,1.0,97.49,0.02053,-0.04214,-0.00227,0.00095,-0.01728
198.05,SYN.ETH-26JUN20,1573037941067,open,2.04,0.0,1.962,2.197,2.075862,98.37,None,0.0,ETH-26JUN20-600-P,190.54,0.0,0.0,0.0,0.0,0.0,0.0,0.37597,-0.0794,-3.69161,0.00153,-0.84562
191.85,SYN.ETH-29NOV19,1573037941067,open,0.09,120.0,0.059,0.13,0.093064,68.52,0.131,0.0,ETH-29NOV19-200-P,190.54,63.38,0.088,153.0,0.098,121.0,73.51,0.18928,-0.28347,-0.07879,0.01197,-0.56223
198.05,SYN.ETH-26JUN20,1573037941070,open,0.06,0.0,0.029,0.108,0.066276,94.42,None,0.0,ETH-26JUN20-480-C,190.54,92.11,0.061,140.0,0.071,564.0,96.43,0.45951,-0.09316,0.18518,0.00194,0.21283
191.03,SYN.ETH-15NOV19,1573037941066,open,0.15,0.0,0.122,0.198,0.159156,76.79,None,0.0,ETH-15NOV19-220-P,190.54,0.0,0.0,0.0,0.0,0.0,0.0,0.06352,-0.27479,-0.04774,0.00932,-0.86848
198.05,SYN.ETH-26JUN20,1573037941069,open,0.73,0.0,0.659,0.831,0.746712,89.31,None,0.0,ETH-26JUN20-320-P,190.54,0.0,0.0,0.0,0.78,1.0,100.12,0.60041,-0.11514,-1.73196,0.00269,-0.62393
198.05,SYN.ETH-26JUN20,1573037941085,open,0.9,0.0,0.833,1.015,0.92495,90.42,None,0.0,ETH-26JUN20-360-P,190.54,0.0,0.0,0.0,0.954,1.0,100.31,0.5661,-0.1099,-2.0274,0.0025,-0.6795
196.37,ETH-27MAR20,1573037941098,open,0.5,158.0,0.448,0.587,0.5192,84.99,0.62,0.0,ETH-27MAR20-280-P,190.54,78.7,0.505,42.0,0.543,1.0,95.17,0.45003,-0.1348,-0.89787,0.00353,-0.65712
196.37,ETH-27MAR20,1573037941102,open,0.34,169.0,0.289,0.417,0.355245,83.37,0.4,0.0,ETH-27MAR20-240-P,190.54,72.66,0.329,300.0,0.402,38.0,102.21,0.48455,-0.14237,-0.6911,0.00388,-0.55018
196.37,ETH-27MAR20,1573037941679,open,0.43,40.0,0.392,0.454,0.424496,82.53,0.459,0.0,ETH-27MAR20-120-C,190.54,56.59,0.399,23.0,0.446,23.0,99.36,0.23362,-0.06795,0.35357,0.00189,0.88772
9430.03,SYN.BTC-29NOV19,1573037941730,open,0.01,331.9,0.0005,0.0175,0.00702656,70.08,0.006,0.0,BTC-29NOV19-7500-P,9362.01,67.27,0.006,57.7,0.008,19.4,72.58,3.56965,-5.46788,-0.52506,9e-05,-0.08182
193.53,ETH-27DEC19,1573037941837,open,0.22,1371.0,0.175,0.241,0.210172,74.41,0.213,0.0,ETH-27DEC19-160-C,190.54,46.3,0.184,19.0,0.242,19.0,102.72,0.20531,-0.15015,0.15777,0.00529,0.79496
9697.95,BTC-27MAR20,1573037942015,open,0.01,110.3,0.0005,0.0205,0.00686721,98.91,0.0085,0.0,BTC-27MAR20-36000-C,9361.94,97.01,0.006,24.3,0.008,20.0,101.18,4.61594,-1.60906,1.04125,1e-05,0.03449
9514.58,BTC-27DEC19,1573037942015,open,0.02,370.6,0.0085,0.041,0.02271905,69.97,0.0245,0.0,BTC-27DEC19-7500-P,9361.94,68.55,0.0215,28.3,0.024,19.6,71.44,8.23995,-5.66647,-2.27537,9e-05,-0.14885
9697.95,BTC-27MAR20,1573037942015,open,2.7,0.0,2.6405,2.8065,2.71903405,99.0,None,0.0,BTC-27MAR20-36000-P,9361.94,0.0,0.0,0.0,0.0,0.0,0.0,4.63419,-1.61686,-138.88626,1e-05,-0.96534
9514.58,BTC-27DEC19,1573037942015,open,1.72,0.0,1.679,1.7915,1.73332583,100.26,None,0.0,BTC-27DEC19-26000-P,9361.94,0.0,0.0,0.0,0.0,0.0,0.0,0.62521,-0.61607,-36.16647,0.0,-0.99376
9514.58,BTC-27DEC19,1573037942015,open,0.0,562.6,0.0005,0.0105,1.052e-05,100.0,0.0005,0.0,BTC-27DEC19-40000-C,9361.94,0.0,0.0,0.0,0.001,55.0,140.81,0.01749,-0.01719,0.00153,0.0,0.00013
9514.58,BTC-27DEC19,1573037942015,open,0.0,447.1,0.0005,0.0105,0.00010412,100.0,0.0005,0.0,BTC-27DEC19-32000-C,9361.94,114.16,0.0005,14.0,0.0015,50.0,127.78,0.13041,-0.12816,0.01319,0.0,0.0011
9514.51,BTC-27DEC19,1573037942015,open,0.0,704.9,0.0005,0.0115,0.00177142,97.27,0.0025,0.0,BTC-27DEC19-4500-P,9361.94,89.64,0.001,81.0,0.0025,32.6,102.68,1.14461,-1.09425,-0.18846,1e-05,-0.01244
9514.51,BTC-27DEC19,1573037942016,open,0.43,73.5,0.4115,0.442,0.42597142,84.78,0.266,0.0,BTC-27DEC19-5500-C,9361.94,0.0,0.4145,9.0,0.4395,9.0,119.34,2.3764,-1.98008,7.22286,2e-05,0.97061
9697.95,BTC-27MAR20,1573037942016,open,0.02,113.7,0.0035,0.0355,0.01500589,91.0,0.0135,0.0,BTC-27MAR20-26000-C,9361.94,89.2,0.0135,20.0,0.016,5.8,92.13,8.3749,-2.68588,2.18229,3e-05,0.0729
9697.95,BTC-27MAR20,1573037942016,open,0.01,47.5,0.003,0.032,0.0128822,93.28,0.0115,0.0,BTC-27MAR20-28000-C,9361.94,90.72,0.011,32.0,0.014,6.9,94.7,7.45611,-2.45116,1.87859,2e-05,0.06272
9514.51,BTC-27DEC19,1573037942016,open,0.48,268.3,0.448,0.5265,0.48569896,76.87,0.7205,0.0,BTC-27DEC19-14000-P,9361.94,0.0,0.0,0.0,0.0,0.0,0.0,6.87823,-5.19617,-18.18317,7e-05,-0.88539
9514.51,BTC-27DEC19,1573037942016,open,0.0,946.3,0.0005,0.0105,0.00019035,100.0,0.001,0.0,BTC-27DEC19-30000-C,9361.94,108.96,0.0005,25.4,0.001,10.0,116.82,0.21812,-0.21437,0.02308,0.0,0.00193
9697.95,BTC-27MAR20,1573037942017,open,0.01,57.8,0.0005,0.0255,0.0093456,96.51,0.01,0.0,BTC-27MAR20-32000-C,9361.94,95.07,0.0085,13.0,0.0105,11.2,98.35,5.8499,-1.98966,1.38789,2e-05,0.04616
9697.95,BTC-27MAR20,1573037942016,open,0.01,117.2,0.001,0.0285,0.01092299,94.98,0.015,0.0,BTC-27MAR20-30000-C,9361.94,91.98,0.009,38.6,0.012,6.4,96.52,6.58833,-2.20521,1.60805,2e-05,0.05358
9697.95,BTC-27MAR20,1573037942017,open,0.33,10.5,0.2975,0.3615,0.33046828,72.57,0.281,0.0,BTC-27MAR20-7000-C,9361.94,67.14,0.322,17.0,0.3395,17.0,78.16,15.40841,-3.94078,18.75942,6e-05,0.82812
9514.51,BTC-27DEC19,1573037942016,open,0.58,211.2,0.549,0.6295,0.5871758,80.55,0.9295,0.0,BTC-27DEC19-15000-P,9361.94,0.0,0.0,0.0,0.0,0.0,0.0,5.59458,-4.42891,-19.90331,6e-05,-0.91362
9514.51,BTC-27DEC19,1573037942016,open,1.1,3.6,1.0615,1.154,1.10525295,94.43,1.729,0.0,BTC-27DEC19-20000-P,9361.94,0.0,0.0,0.0,0.0,0.0,0.0,2.19638,-2.03832,-27.5649,2e-05,-0.97326
9697.88,BTC-27MAR20,1573037942017,open,0.03,442.9,0.009,0.055,0.02797634,83.98,0.0265,0.0,BTC-27MAR20-20000-C,9361.94,82.86,0.0265,5.0,0.0295,6.9,85.12,12.87433,-3.81053,3.89238,4e-05,0.13123
9514.51,BTC-27DEC19,1573037942017,open,0.69,10.0,0.675,0.6945,0.68474935,100.05,0.618,0.0,BTC-27DEC19-3000-C,9361.94,0.0,0.677,12.0,0.6935,1.0,192.45,0.06603,-0.06493,4.17384,0.0,0.99948
9697.88,BTC-27MAR20,1573037942018,open,0.07,344.4,0.037,0.1085,0.0714875,76.52,0.0755,0.0,BTC-27MAR20-14000-C,9361.94,75.37,0.069,19.8,0.0745,20.2,77.91,20.94906,-5.64964,8.52743,7e-05,0.29771
9514.51,BTC-27DEC19,1573037942018,open,0.0,1457.0,0.0005,0.0125,0.00277956,91.24,0.003,0.0,BTC-27DEC19-5000-P,9361.94,86.44,0.002,50.8,0.0035,32.4,95.0,1.70134,-1.52561,-0.29873,1e-05,-0.01975
9514.51,BTC-27DEC19,1573037942018,open,0.0,604.5,0.0005,0.0105,8e-06,100.0,0.0005,0.0,BTC-27DEC19-2500-P,9361.94,0.0,0.0,0.0,0.0005,26.5,142.15,0.01177,-0.01157,-0.0012,0.0,-8e-05
9514.51,BTC-27DEC19,1573037942018,open,0.0,695.7,0.0005,0.0105,3.232e-05,100.0,0.0005,0.0,BTC-27DEC19-36000-C,9361.94,0.0,0.0,0.0,0.0005,0.9,123.54,0.04722,-0.04641,0.00442,0.0,0.00037
9697.88,BTC-27MAR20,1573037942018,open,0.59,9.4,0.5805,0.605,0.5920767,79.34,0.585,0.0,BTC-27MAR20-4000-C,9361.94,0.0,0.5875,7.1,0.603,7.0,103.33,3.02474,-0.84571,14.5934,1e-05,0.97921
9514.51,BTC-27DEC19,1573037942018,open,0.63,4.3,0.6225,0.642,0.63239479,100.02,0.5625,0.0,BTC-27DEC19-3500-C,9361.94,0.0,0.6245,1.0,0.641,1.0,168.9,0.23394,-0.22995,4.84747,0.0,0.99791
9514.51,BTC-27DEC19,1573037942018,open,0.28,64.6,0.2565,0.302,0.27930876,72.84,0.29,0.0,BTC-27DEC19-7000-C,9361.94,0.0,0.2595,8.0,0.2995,8.0,98.41,6.36995,-4.55971,8.19165,7e-05,0.89699
9514.51,BTC-27DEC19,1573037942018,open,0.0,777.8,0.0005,0.015,0.00490639,89.45,0.0045,0.0,BTC-27DEC19-18000-C,9361.94,86.5,0.004,101.8,0.006,69.5,92.6,3.10751,-2.7319,0.47534,3e-05,0.04075
9697.88,BTC-27MAR20,1573037942018,open,0.02,147.2,0.0045,0.04,0.01776664,88.53,0.0165,0.0,BTC-27MAR20-24000-C,9361.94,87.21,0.0165,21.0,0.019,0.1,89.77,9.4916,-2.96133,2.57227,3e-05,0.086
9697.88,BTC-27MAR20,1573037942018,open,2.09,0.0,2.0355,2.182,2.10439535,94.99,None,0.0,BTC-27MAR20-30000-P,9361.94,0.0,0.0,0.0,0.0,0.0,0.0,6.59288,-2.20717,-115.00083,2e-05,-0.94637
9514.51,BTC-27DEC19,1573037942019,open,0.0,503.5,0.0005,0.0105,0.0002536,100.0,0.0005,0.0,BTC-27DEC19-3500-P,9361.94,107.7,0.0005,24.4,0.001,14.0,117.29,0.23368,-0.22965,-0.03099,0.0,-0.00208
9514.51,BTC-27DEC19,1573037942019,open,0.01,880.3,0.001,0.0255,0.01063805,80.55,0.01,0.0,BTC-27DEC19-15000-C,9361.94,79.45,0.01,7.8,0.0115,20.0,81.99,5.59502,-4.42942,1.00461,6e-05,0.08639
9697.88,BTC-27MAR20,1573037942019,open,1.28,6.0,1.232,1.3565,1.29063105,86.4,1.5845,0.0,BTC-27MAR20-22000-P,9361.94,0.0,0.0,0.0,0.0,0.0,0.0,11.02592,-3.35743,-82.37313,3e-05,-0.89458
9514.51,BTC-27DEC19,1573037942019,open,0.53,21.6,0.518,0.541,0.5288101,97.28,0.5285,0.0,BTC-27DEC19-4500-C,9361.94,0.0,0.5205,10.0,0.539,10.0,139.98,1.14482,-1.09449,6.08384,1e-05,0.98756
9514.51,BTC-27DEC19,1573037942019,open,0.29,73.4,0.255,0.3335,0.29377441,72.27,0.31,0.0,BTC-27DEC19-12000-P,9361.94,54.91,0.276,5.1,0.3245,5.0,96.77,10.89429,-7.73817,-14.05245,0.00012,-0.76584
9514.51,BTC-27DEC19,1573037942019,open,1.93,0.1,1.8855,2.005,1.94322283,99.92,1.49,0.0,BTC-27DEC19-28000-P,9361.94,0.0,0.0,0.0,0.0,0.0,0.0,0.36328,-0.35674,-38.98753,0.0,-0.9966
9514.51,BTC-27DEC19,1573037942019,open,0.0,815.5,0.0005,0.0105,0.0008216,100.0,0.001,0.0,BTC-27DEC19-4000-P,9361.94,94.11,0.0005,75.0,0.0015,34.5,108.51,0.61082,-0.6003,-0.09148,0.0,-0.00608
9697.88,BTC-27MAR20,1573037942019,open,1.69,0.0,1.6325,1.7675,1.69601831,91.02,None,0.0,BTC-27MAR20-26000-P,9361.94,0.0,0.0,0.0,0.0,0.0,0.0,8.37924,-2.68777,-98.87851,3e-05,-0.92705
9388.62,SYN.BTC-15NOV19,1573037942015,open,0.0,4.8,0.0005,0.0105,0.0003998,100.01,0.001,0.0,BTC-15NOV19-6500-P,9361.94,0.0,0.0,0.0,0.001,14.3,113.33,0.30082,-1.69484,-0.01788,1e-05,-0.00743
9367.63,SYN.BTC-8NOV19,1573037942015,open,0.36,0.0,0.3345,0.3885,0.36114437,149.77,None,0.0,BTC-8NOV19-12750-P,9361.94,0.0,0.0,0.0,0.0,0.0,0.0,0.05059,-2.01984,-0.65408,1e-05,-0.99758
9514.51,BTC-27DEC19,1573037942020,open,0.0,438.0,0.0005,0.012,0.00224654,99.1,0.003,0.0,BTC-27DEC19-22000-C,9361.94,97.6,0.002,8.2,0.003,29.0,103.09,1.62737,-1.58502,0.21873,1e-05,0.01874
9514.51,BTC-27DEC19,1573037942020,open,0.0,876.3,0.0005,0.013,0.00320261,94.44,0.003,0.0,BTC-27DEC19-20000-C,9361.94,91.15,0.0025,46.0,0.004,15.6,97.65,2.19735,-2.03944,0.31235,2e-05,0.02676
9514.51,BTC-27DEC19,1573037942020,open,0.01,520.0,0.0005,0.0205,0.00912849,74.88,0.008,0.0,BTC-27DEC19-6500-P,9361.94,73.56,0.0085,24.0,0.01,19.0,76.66,4.58265,-3.37263,-1.00256,5e-05,-0.06647
9782.46,SYN.BTC-26JUN20,1573037942015,open,0.03,4.8,0.008,0.058,0.02767032,91.42,0.031,0.0,BTC-26JUN20-32000-C,9361.94,89.52,0.025,26.0,0.03,6.0,93.0,14.13114,-2.77369,4.77733,3e-05,0.10421
9514.51,BTC-27DEC19,1573037942020,open,0.38,99.0,0.3495,0.4285,0.38785616,74.84,0.638,0.0,BTC-27DEC19-13000-P,9361.94,0.0,0.0,0.0,0.0,0.0,0.0,8.78896,-6.46415,-16.22832,9e-05,-0.83583
9514.51,BTC-27DEC19,1573037942020,open,0.38,112.4,0.3585,0.393,0.37537027,79.29,0.385,0.0,BTC-27DEC19-6000-C,9361.94,0.0,0.3615,8.0,0.391,8.0,110.84,3.30928,-2.57867,7.69963,3e-05,0.95596
9697.88,BTC-27MAR20,1573037942020,open,0.51,58.9,0.459,0.5715,0.51510793,76.53,0.6005,0.0,BTC-27MAR20-14000-P,9361.94,0.0,0.4,0.5,0.7,1.0,153.14,20.94946,-5.64995,-45.8904,7e-05,-0.70228
9697.88,BTC-27MAR20,1573037942020,open,1.89,0.0,1.834,1.975,1.90012569,93.3,None,0.0,BTC-27MAR20-28000-P,9361.94,0.0,0.0005,5.0,0.0,0.0,0.0,7.46093,-2.45325,-106.95614,2e-05,-0.93723
9388.62,SYN.BTC-15NOV19,1573037942015,open,0.39,0.0,0.3755,0.3995,0.38754953,0.0,None,0.0,BTC-15NOV19-5750-C,9361.94,0.0,0.379,6.0,0.3985,6.0,230.03,0.0,0.0,1.39823,0.0,1.0
9514.51,BTC-27DEC19,1573037942021,open,0.89,9.4,0.856,0.9425,0.8967517,89.45,1.1125,0.0,BTC-27DEC19-18000-P,9361.94,0.0,0.0,0.0,0.0,0.0,0.0,3.10675,-2.73104,-24.61418,3e-05,-0.95926
9430.58,SYN.BTC-29NOV19,1573037942015,open,0.59,0.0,0.56,0.6305,0.59336834,94.55,None,0.0,BTC-29NOV19-15000-P,9361.94,0.0,0.02,1.0,0.0,0.0,0.0,1.72554,-3.56592,-9.22418,3e-05,-0.96729
9514.51,BTC-27DEC19,1573037942021,open,0.01,484.9,0.0005,0.0205,0.0078931,83.42,0.0075,0.0,BTC-27DEC19-16000-C,9361.94,81.47,0.007,24.0,0.009,63.8,85.67,4.51039,-3.69786,0.75893,4e-05,0.06512
9388.62,SYN.BTC-15NOV19,1573037942015,open,0.28,0.0,0.2665,0.297,0.28149928,92.28,None,0.0,BTC-15NOV19-6750-C,9361.94,0.0,0.271,5.0,0.2955,5.0,181.94,0.35643,-1.85282,1.61977,2e-05,0.99098
9782.46,SYN.BTC-26JUN20,1573037942015,open,2.29,0.0,2.217,2.3915,2.29905259,91.57,None,0.0,BTC-26JUN20-32000-P,9361.94,0.0,0.0,0.0,0.0,0.0,0.0,14.19058,-2.79004,-199.36377,3e-05,-0.89518
9514.51,BTC-27DEC19,1573037942023,open,2.14,0.2,2.0915,2.219,2.15326586,99.85,2.03,0.0,BTC-27DEC19-30000-P,9361.94,0.0,0.0,0.0,0.0,0.0,0.0,0.21514,-0.21113,-41.7929,0.0,-0.9981
9388.62,SYN.BTC-15NOV19,1573037942015,open,0.22,0.0,0.2015,0.256,0.22740554,77.17,None,0.0,BTC-15NOV19-11500-P,9361.94,0.0,0.0,0.0,0.0,0.0,0.0,1.55829,-6.77395,-2.68344,9e-05,-0.94798
9388.62,SYN.BTC-15NOV19,1573037942015,open,0.0,0.1,0.0005,0.0105,0.00018047,100.01,0.002,0.0,BTC-15NOV19-6250-P,9361.94,0.0,0.0,0.0,0.001,14.0,123.92,0.15796,-0.88995,-0.00864,1e-05,-0.0036
9430.58,SYN.BTC-29NOV19,1573037942019,open,0.0,446.2,0.0005,0.0105,0.00032616,100.01,0.001,0.0,BTC-29NOV19-5000-P,9361.94,105.11,0.0005,79.3,0.001,10.0,114.93,0.27421,-0.59939,-0.02505,0.0,-0.00391
9367.63,SYN.BTC-8NOV19,1573037942016,open,0.0,127.5,0.0005,0.0105,0.00079214,99.73,0.001,0.0,BTC-8NOV19-10750-C,9361.94,92.75,0.0005,48.8,0.0015,0.5,111.75,0.44943,-7.42051,0.01378,0.0001,0.02941
9367.63,SYN.BTC-8NOV19,1573037942018,open,0.09,37.7,0.073,0.1215,0.09595589,82.92,0.086,0.0,BTC-8NOV19-10250-P,9361.94,0.0,0.0935,4.1,0.097,0.1,92.64,0.88987,-19.66912,-0.49446,0.00024,-0.93119
9367.63,SYN.BTC-8NOV19,1573037942018,open,0.0,319.1,0.0005,0.0105,1.707e-05,100.02,0.0005,0.0,BTC-8NOV19-7500-P,9361.94,0.0,0.0,0.0,0.0005,1.0,143.46,0.01955,-0.15988,-0.00042,0.0,-0.00085
9782.46,SYN.BTC-26JUN20,1573037942015,open,0.05,15.3,0.0215,0.0915,0.05280357,83.69,0.052,0.0,BTC-26JUN20-22000-C,9361.94,82.38,0.05,3.0,0.056,0.1,85.15,21.20002,-3.80945,8.55929,4e-05,0.18994
9430.58,SYN.BTC-29NOV19,1573037942015,open,0.23,0.0,0.201,0.264,0.23159696,69.54,None,0.0,BTC-29NOV19-11500-P,9361.94,0.0,0.01,1.0,0.0,0.0,0.0,5.41272,-8.22686,-6.41476,0.00014,-0.85373
9367.63,SYN.BTC-8NOV19,1573037942018,open,0.0,604.7,0.0005,0.0115,0.00170269,82.28,0.0025,0.0,BTC-8NOV19-10250-C,9361.94,73.69,0.001,34.1,0.0025,0.5,90.0,0.87415,-15.95015,0.03155,0.00024,0.06724
9782.46,SYN.BTC-26JUN20,1573037942020,open,1.1,0.0,1.038,1.1845,1.10895248,82.59,None,0.0,BTC-26JUN20-20000-P,9361.94,0.0,0.1,1.0,1.88,0.1,392.42,23.45689,-4.15965,-117.5608,5e-05,-0.77462
9367.63,SYN.BTC-8NOV19,1573037942018,open,0.25,0.0,0.23,0.28,0.25440494,115.35,None,0.0,BTC-8NOV19-11750-P,9361.94,0.0,0.015,25.0,0.0,0.0,0.0,0.07016,-2.15734,-0.60219,1e-05,-0.99652
9367.63,SYN.BTC-8NOV19,1573037942016,open,0.0,244.5,0.0005,0.0105,3.3e-07,100.02,0.0005,0.0,BTC-8NOV19-7000-P,9361.94,0.0,0.0,0.0,0.0015,28.0,214.84,0.0006,-0.00312,-1e-05,0.0,-2e-05
9430.58,SYN.BTC-29NOV19,1573037942016,open,0.48,0.0,0.4565,0.5235,0.48806921,86.56,None,0.0,BTC-29NOV19-14000-P,9361.94,0.0,0.014,1.0,0.0,0.0,0.0,2.16443,-4.09493,-8.53995,4e-05,-0.95682
9782.46,SYN.BTC-26JUN20,1573037942018,open,0.32,12.2,0.2685,0.3555,0.31418168,74.04,0.315,0.0,BTC-26JUN20-8000-C,9361.94,72.82,0.311,10.8,0.32,9.1,76.28,25.46759,-4.04878,26.4242,6e-05,0.73755
9367.63,SYN.BTC-8NOV19,1573037942015,open,0.0,297.2,0.0005,0.0115,0.00188186,69.43,0.001,0.0,BTC-8NOV19-8750-P,9361.94,65.71,0.0015,14.5,0.0025,1.7,74.78,1.01217,-17.62858,-0.04013,0.00032,-0.08147
9388.62,SYN.BTC-15NOV19,1573037942015,open,0.0,77.6,0.0005,0.012,0.00244914,76.75,0.003,0.0,BTC-15NOV19-11500-C,9361.94,73.84,0.002,10.0,0.003,14.1,79.93,1.53434,-6.63371,0.11088,9e-05,0.05102
9388.62,SYN.BTC-15NOV19,1573037942015,open,0.2,0.0,0.1755,0.23,0.2013588,73.67,None,0.0,BTC-15NOV19-11250-P,9361.94,0.0,0.0,0.0,0.0,0.0,0.0,1.84803,-7.66912,-2.59519,0.00012,-0.93537
9782.46,SYN.BTC-26JUN20,1573037942015,open,0.23,135.8,0.1725,0.271,0.22418658,74.05,0.2315,0.0,BTC-26JUN20-10000-C,9361.94,74.15,0.2245,11.4,0.2315,9.5,76.42,30.14804,-4.79304,23.58105,7e-05,0.60201
9782.46,SYN.BTC-26JUN20,1573037942020,open,0.0,69.9,0.0005,0.014,0.0040185,79.12,0.004,0.0,BTC-26JUN20-3000-P,9361.94,75.32,0.003,39.7,0.005,18.0,82.26,2.85603,-0.48514,-1.14921,1e-05,-0.01439
9367.63,SYN.BTC-8NOV19,1573037942018,open,0.0,369.8,0.0005,0.0105,8.295e-05,100.03,0.0005,0.0,BTC-8NOV19-7750-P,9361.94,0.0,0.0,0.0,0.001,13.0,139.13,0.07393,-0.77708,-0.00181,2e-05,-0.00369
9782.46,SYN.BTC-26JUN20,1573037942016,open,0.04,31.9,0.0145,0.0765,0.04085537,87.89,0.039,0.0,BTC-26JUN20-26000-C,9361.94,86.88,0.039,0.3,0.042,21.4,88.5,18.12428,-3.42007,6.73958,3e-05,0.14884
9367.63,SYN.BTC-8NOV19,1573037942023,open,0.34,0.0,0.3195,0.3455,0.33277244,0.0,None,0.0,BTC-8NOV19-6250-C,9361.94,0.0,0.324,5.0,0.344,5.0,431.31,0.0,0.0,0.32118,0.0,1.0
9388.62,SYN.BTC-15NOV19,1573037942015,open,0.0,0.1,0.0005,0.0105,2.773e-05,100.01,0.001,0.0,BTC-15NOV19-5750-P,9361.94,0.0,0.0,0.0,0.0005,14.0,133.35,0.03254,-0.18335,-0.00152,0.0,-0.00064
9367.63,SYN.BTC-8NOV19,1573037942020,open,0.23,16.9,0.2105,0.2415,0.22601877,0.0,0.2615,0.0,BTC-8NOV19-7250-C,9361.94,0.0,0.2165,6.0,0.2395,4.0,320.84,0.0,0.0,0.37257,0.0,1.0
9388.62,SYN.BTC-15NOV19,1573037942015,open,0.0,8.1,0.0005,0.0105,0.00049544,93.31,0.001,0.0,BTC-15NOV19-6750-P,9361.94,0.0,0.0,0.0,0.001,34.1,103.06,0.37765,-1.98514,-0.02312,2e-05,-0.00963
9430.58,SYN.BTC-29NOV19,1573037942019,open,0.37,22.5,0.351,0.3805,0.36525854,89.96,0.2095,0.0,BTC-29NOV19-6000-C,9361.94,0.0,0.355,6.0,0.379,6.0,146.69,0.99466,-1.95587,3.65121,2e-05,0.98301
9782.46,SYN.BTC-26JUN20,1573037942020,open,1.49,0.0,1.425,1.5785,1.49838799,85.31,None,0.0,BTC-26JUN20-24000-P,9361.94,0.0,0.0,0.0,0.0,0.0,0.0,19.35589,-3.5455,-145.66851,4e-05,-0.83553
9367.63,SYN.BTC-8NOV19,1573037942019,open,0.0,468.2,0.0005,0.011,0.00128466,93.44,0.002,0.0,BTC-8NOV19-10500-C,9361.94,89.13,0.001,2.0,0.0015,5.0,96.34,0.66408,-12.03421,0.02222,0.00016,0.04744
9430.58,SYN.BTC-29NOV19,1573037942018,open,0.33,0.0,0.3015,0.3655,0.33213792,75.95,None,0.0,BTC-29NOV19-12500-P,9361.94,0.0,0.0125,1.0,0.0,0.0,0.0,3.60045,-5.9771,-7.38445,9e-05,-0.91725
9782.46,SYN.BTC-26JUN20,1573037942018,open,0.05,89.6,0.027,0.0795,0.05178987,74.06,0.048,0.0,BTC-26JUN20-6000-P,9361.94,70.91,0.0465,6.7,0.0525,10.0,74.48,16.6096,-2.64121,-11.40288,4e-05,-0.13091
9367.63,SYN.BTC-8NOV19,1573037942015,open,0.0,528.3,0.0005,0.0105,0.00099971,79.82,0.0005,0.0,BTC-8NOV19-8500-P,9361.94,70.48,0.0005,58.3,0.0015,23.3,86.73,0.60273,-9.36487,-0.02073,0.00017,-0.04206
9782.46,SYN.BTC-26JUN20,1573037942019,open,0.73,0.0,0.665,0.8035,0.73381713,79.2,None,0.0,BTC-26JUN20-16000-P,9361.94,0.0,0.08,1.0,0.88,0.5,126.42,28.02569,-4.76598,-88.09948,6e-05,-0.67772
9388.62,SYN.BTC-15NOV19,1573037942015,open,0.0,0.1,0.0005,0.0105,7.443e-05,100.01,0.0015,0.0,BTC-15NOV19-6000-P,9361.94,0.0,0.0,0.0,0.001,14.0,134.88,0.07554,-0.42559,-0.00381,0.0,-0.00159
9367.63,SYN.BTC-8NOV19,1573037942023,open,0.0,165.2,0.0005,0.0105,4.904e-05,99.98,0.0005,0.0,BTC-8NOV19-11500-C,9361.94,0.0,0.0,0.0,0.001,33.0,143.88,0.04944,-0.45938,0.00111,1e-05,0.00236
9782.46,SYN.BTC-26JUN20,1573037942016,open,0.44,2.3,0.4065,0.469,0.4384057,74.04,0.4335,0.0,BTC-26JUN20-6000-C,9361.94,62.91,0.4205,7.0,0.454,7.0,82.94,16.60632,-2.63981,26.88299,4e-05,0.86913
9388.62,SYN.BTC-15NOV19,1573037942015,open,0.0,23.6,0.0005,0.0105,0.00077522,89.58,0.001,0.0,BTC-15NOV19-7000-P,9361.94,84.22,0.0005,8.8,0.001,0.4,93.09,0.55278,-2.78963,-0.0359,3e-05,-0.01495
9430.58,SYN.BTC-29NOV19,1573037942020,open,0.18,13.1,0.153,0.216,0.18408227,67.13,0.233,0.0,BTC-29NOV19-11000-P,9361.94,0.0,0.009,1.0,0.0,0.0,0.0,6.66361,-9.77784,-5.80022,0.00018,-0.79727
9782.46,SYN.BTC-26JUN20,1573037942021,open,0.27,38.9,0.2155,0.31,0.26539958,74.05,0.2685,0.0,BTC-26JUN20-9000-C,9361.94,73.56,0.264,14.1,0.272,9.4,76.33,28.33785,-4.50518,25.17939,6e-05,0.66883
9782.46,SYN.BTC-26JUN20,1573037942015,open,0.91,0.0,0.849,0.9915,0.91884422,80.98,None,0.0,BTC-26JUN20-18000-P,9361.94,0.0,0.09,1.0,1.35,1.0,223.7,25.73194,-4.47375,-103.04539,5e-05,-0.73216
9782.46,SYN.BTC-26JUN20,1573037942016,open,0.6,0.0,0.5875,0.6185,0.60214517,74.99,None,0.0,BTC-26JUN20-4000-C,9361.94,51.68,0.5925,5.0,0.618,5.0,94.78,6.25207,-1.00659,22.5521,1e-05,0.96348
9430.58,SYN.BTC-29NOV19,1573037942017,open,0.0,351.0,0.0005,0.0125,0.00270523,94.03,0.003,0.0,BTC-29NOV19-15000-C,9361.94,92.86,0.0025,23.8,0.003,16.1,95.62,1.68949,-3.47231,0.17246,3e-05,0.03188
9367.63,SYN.BTC-8NOV19,1573037942018,open,0.22,0.0,0.204,0.253,0.22774775,108.93,None,0.0,BTC-8NOV19-11500-P,9361.94,0.0,0.0,0.0,0.0,0.0,0.0,0.09427,-2.73735,-0.5887,2e-05,-0.99516
9367.63,SYN.BTC-8NOV19,1573037942018,open,0.26,1.3,0.2375,0.2675,0.25270547,0.0,0.24,0.0,BTC-8NOV19-7000-C,9361.94,0.0,0.2425,4.0,0.2655,4.0,347.22,0.0,0.0,0.35972,0.0,1.0
9782.46,SYN.BTC-26JUN20,1573037942018,open,0.03,71.5,0.0095,0.0625,0.03100605,90.17,0.0295,0.0,BTC-26JUN20-30000-C,9361.94,88.53,0.0285,3.0,0.033,5.5,91.43,15.25197,-2.95291,5.29913,3e-05,0.11591
9388.62,SYN.BTC-15NOV19,1573037942015,open,0.34,0.0,0.321,0.3485,0.33444329,97.6,None,0.0,BTC-15NOV19-6250-C,9361.94,0.0,0.325,5.0,0.347,5.0,206.05,0.13321,-0.7324,1.51268,1e-05,0.99702
9367.63,SYN.BTC-8NOV19,1573037942017,open,0.28,0.5,0.265,0.2935,0.27939426,0.0,0.2365,0.0,BTC-8NOV19-6750-C,9361.94,0.0,0.2695,4.0,0.292,4.0,377.89,0.0,0.0,0.34688,0.0,1.0
9430.58,SYN.BTC-29NOV19,1573037942016,open,0.17,355.1,0.1405,0.1865,0.16406586,65.3,0.167,0.0,BTC-29NOV19-8000-C,9361.94,0.0,0.146,11.8,0.189,6.0,102.78,5.21106,-7.43818,4.12339,0.00014,0.86171
9782.46,SYN.BTC-26JUN20,1573037942017,open,1.89,0.0,1.8195,1.983,1.89696138,88.64,None,0.0,BTC-26JUN20-28000-P,9361.94,0.0,0.0,0.0,0.0,0.0,0.0,16.43846,-3.12847,-172.76076,3e-05,-0.87104
9782.46,SYN.BTC-26JUN20,1573037942020,open,0.55,0.0,0.4905,0.624,0.55782129,77.73,None,0.0,BTC-26JUN20-14000-P,9361.94,0.0,0.07,1.0,0.645,0.1,105.39,30.08209,-5.02068,-72.58952,6e-05,-0.60522
9367.63,SYN.BTC-8NOV19,1573037942018,open,0.18,42.1,0.156,0.1895,0.17272078,92.5,0.18,0.0,BTC-8NOV19-7750-C,9361.94,0.0,0.1615,4.0,0.1865,6.0,261.19,0.0409,-1.00844,0.39732,1e-05,0.99809
9430.58,SYN.BTC-29NOV19,1573037942018,open,0.32,0.3,0.2975,0.33,0.31326332,83.01,0.31,0.0,BTC-29NOV19-6500-C,9361.94,0.0,0.303,6.0,0.329,6.0,133.23,1.56472,-2.839,3.88713,3e-05,0.97094
9782.46,SYN.BTC-26JUN20,1573037942019,open,2.09,0.0,2.018,2.1875,2.09792692,90.31,None,0.0,BTC-26JUN20-30000-P,9361.94,0.0,0.0,0.0,0.0,0.0,0.0,15.30374,-2.96732,-186.08395,3e-05,-0.88354
9782.46,SYN.BTC-26JUN20,1573037942016,open,0.03,180.2,0.0115,0.0455,0.02632253,74.06,0.026,0.0,BTC-26JUN20-5000-P,9361.94,71.09,0.023,9.6,0.028,11.0,75.51,11.20817,-1.78226,-6.40589,2e-05,-0.07631
9367.63,SYN.BTC-8NOV19,1573037942023,open,0.0,233.1,0.0005,0.0105,0.00033687,99.97,0.001,0.0,BTC-8NOV19-11000-C,9361.94,105.63,0.0005,1.0,0.001,0.5,117.7,0.23528,-3.15567,0.00644,5e-05,0.0137
9782.46,SYN.BTC-26JUN20,1573037942016,open,0.52,0.0,0.492,0.5385,0.51516905,74.03,None,0.0,BTC-26JUN20-5000-C,9361.94,59.17,0.5005,5.0,0.5365,5.0,90.73,11.20265,-1.78065,25.50015,2e-05,0.92374
9430.58,SYN.BTC-29NOV19,1573037942016,open,0.27,7.4,0.244,0.2805,0.26178607,75.78,0.25,0.0,BTC-29NOV19-7000-C,9361.94,0.0,0.248,6.0,0.2795,6.0,120.06,2.35136,-3.89454,4.08029,6e-05,0.95214
9367.63,SYN.BTC-8NOV19,1573037942021,open,0.31,10.8,0.292,0.3195,0.30608334,0.0,0.305,0.0,BTC-8NOV19-6500-C,9361.94,0.0,0.2965,4.0,0.318,4.0,404.56,0.0,0.0,0.33403,0.0,1.0
9782.46,SYN.BTC-26JUN20,1573037942016,open,0.1,27.0,0.054,0.144,0.098126,79.17,0.103,0.0,BTC-26JUN20-16000-C,9361.94,77.89,0.0945,16.6,0.101,6.7,80.17,28.01874,-4.76246,13.97794,6e-05,0.32208
9430.58,SYN.BTC-29NOV19,1573037942020,open,0.47,0.3,0.459,0.4815,0.47010512,98.9,0.4955,0.0,BTC-29NOV19-5000-C,9361.94,0.0,0.4625,7.0,0.4805,7.0,176.44,0.25504,-0.55129,3.11058,0.0,0.99639
9367.63,SYN.BTC-8NOV19,1573037942041,open,0.12,2.0,0.099,0.1485,0.12222696,94.29,0.104,0.0,BTC-8NOV19-10500-P,9361.94,0.0,0.0,0.0,0.133,0.1,170.09,0.68172,-17.13502,-0.51663,0.00016,-0.95098
9782.46,SYN.BTC-26JUN20,1573037942044,open,0.18,120.9,0.135,0.234,0.18547584,74.07,0.19,0.0,BTC-26JUN20-9000-P,9361.94,72.01,0.1795,2.0,0.186,13.1,74.25,28.33729,-4.5064,-32.2449,6e-05,-0.33116
198.08,SYN.ETH-26JUN20,1573037942090,open,0.9,0.0,0.833,1.015,0.925031,90.53,None,0.0,ETH-26JUN20-360-P,190.55,0.0,0.0,0.0,0.953,1.0,100.06,0.56664,-0.11014,-2.02704,0.0025,-0.67889
190.65,SYN.ETH-8NOV19,1573037942118,open,0.07,764.0,0.029,0.088,0.059433,73.47,0.07,0.0,ETH-8NOV19-180-C,190.55,0.0,0.038,15.0,0.08,15.0,168.74,0.02919,-0.57172,0.00792,0.02127,0.86817
198.08,SYN.ETH-26JUN20,1573037942517,open,0.04,93.0,0.017,0.083,0.046523,98.44,0.045,0.0,ETH-26JUN20-600-C,190.55,96.0,0.042,432.0,0.05,300.0,100.24,0.37659,-0.07959,0.13675,0.00153,0.15473
198.08,SYN.ETH-26JUN20,1573037942530,open,0.07,351.0,0.038,0.099,0.068274,84.91,0.068,0.0,ETH-26JUN20-120-P,190.55,82.49,0.064,501.0,0.072,290.0,86.99,0.353,-0.06435,-0.26384,0.00166,-0.14049
198.08,SYN.ETH-26JUN20,1573037942544,open,0.01,184.0,0.001,0.017,0.007424,89.64,0.015,0.0,ETH-26JUN20-60-P,190.55,88.59,0.007,444.0,0.011,711.0,97.49,0.08106,-0.0156,-0.0364,0.00036,-0.02138
198.08,SYN.ETH-26JUN20,1573037942576,open,0.21,124.0,0.151,0.263,0.209543,84.7,0.23,0.0,ETH-26JUN20-180-P,190.55,81.35,0.2,210.0,0.212,251.0,85.57,0.56259,-0.10231,-0.66379,0.00265,-0.31569
196.37,ETH-27MAR20,1573037942603,open,0.16,268.0,0.109,0.202,0.159099,82.09,0.161,0.0,ETH-27MAR20-220-C,190.55,79.64,0.153,567.0,0.158,439.0,81.65,0.48814,-0.14123,0.27053,0.00397,0.51352
196.37,ETH-27MAR20,1573037942614,open,0.16,268.0,0.109,0.202,0.159099,82.09,0.161,0.0,ETH-27MAR20-220-C,190.55,79.64,0.153,567.0,0.158,402.0,81.65,0.48814,-0.14123,0.27053,0.00397,0.51352
196.37,ETH-27MAR20,1573037942620,open,0.16,268.0,0.109,0.202,0.159099,82.09,0.161,0.0,ETH-27MAR20-220-C,190.55,79.64,0.153,567.0,0.157,36.0,81.25,0.48814,-0.14123,0.27053,0.00397,0.51352
198.08,SYN.ETH-26JUN20,1573037942624,open,0.13,236.0,0.077,0.181,0.131054,89.32,0.123,0.0,ETH-26JUN20-320-C,190.55,86.65,0.123,463.0,0.135,326.0,90.62,0.60057,-0.11518,0.30981,0.00269,0.37619
198.08,SYN.ETH-26JUN20,1573037942627,open,0.13,236.0,0.077,0.181,0.131054,89.32,0.123,0.0,ETH-26JUN20-320-C,190.55,86.65,0.123,463.0,0.135,609.0,90.62,0.60057,-0.11518,0.30981,0.00269,0.37619
196.37,ETH-27MAR20,1573037942648,open,0.2,1321.0,0.142,0.236,0.192977,81.37,0.185,0.0,ETH-27MAR20-200-C,190.55,78.91,0.187,262.0,0.193,403.0,81.38,0.477,-0.13679,0.30008,0.00391,0.58611
198.08,SYN.ETH-26JUN20,1573037942657,open,0.02,2.0,0.008,0.036,0.020895,89.17,0.029,0.0,ETH-26JUN20-80-P,190.55,85.64,0.018,576.0,0.023,337.0,91.61,0.16746,-0.03206,-0.09168,0.00075,-0.05165
198.08,SYN.ETH-26JUN20,1573037942693,open,0.15,354.0,0.105,0.201,0.154575,84.7,0.148,0.0,ETH-26JUN20-160-P,190.55,81.37,0.146,498.0,0.157,304.0,85.64,0.50972,-0.09269,-0.51964,0.0024,-0.2566
198.08,SYN.ETH-26JUN20,1573037942713,open,0.06,41.0,0.025,0.1,0.059645,96.43,0.052,0.0,ETH-26JUN20-520-C,190.55,93.32,0.053,435.0,0.063,564.0,97.95,0.43313,-0.08968,0.1682,0.00179,0.19273
198.08,SYN.ETH-26JUN20,1573037942718,open,0.1,120.0,0.066,0.146,0.10705,84.69,0.114,0.0,ETH-26JUN20-140-P,190.55,81.51,0.1,526.0,0.11,279.0,86.02,0.43936,-0.0799,-0.38466,0.00207,-0.19731
198.08,SYN.ETH-26JUN20,1573037942733,open,0.08,24.0,0.037,0.122,0.078367,93.78,0.076,0.0,ETH-26JUN20-440-C,190.55,90.39,0.07,725.0,0.081,564.0,94.83,0.49721,-0.10012,0.21038,0.00212,0.24483
198.08,SYN.ETH-26JUN20,1573037942739,open,0.08,24.0,0.037,0.122,0.078391,93.78,0.076,0.0,ETH-26JUN20-440-C,190.55,90.39,0.07,725.0,0.081,565.0,94.83,0.49721,-0.10012,0.21038,0.00212,0.24483
198.08,SYN.ETH-26JUN20,1573037942745,open,0.05,45.0,0.02,0.09,0.052266,97.36,0.045,0.0,ETH-26JUN20-560-C,190.55,94.72,0.047,428.0,0.056,562.0,99.18,0.4029,-0.08422,0.15093,0.00165,0.17168
196.38,ETH-27MAR20,1573037942774,open,0.01,830.0,0.001,0.018,0.008174,90.25,0.012,0.0,ETH-27MAR20-80-P,190.55,84.71,0.006,683.0,0.009,434.0,92.11,0.08384,-0.02666,-0.02932,0.00062,-0.03023
198.08,SYN.ETH-26JUN20,1573037942799,open,0.2,236.0,0.14,0.249,0.19859,84.78,0.2,0.0,ETH-26JUN20-240-C,190.55,84.3,0.197,271.0,0.209,271.0,88.07,0.63025,-0.11472,0.40877,0.00297,0.52199
198.08,SYN.ETH-26JUN20,1573037942815,open,0.04,69.0,0.015,0.077,0.042387,99.81,0.043,0.0,ETH-26JUN20-640-C,190.55,97.31,0.038,275.0,0.046,572.0,101.8,0.3552,-0.07612,0.12564,0.00142,0.14178
198.08,SYN.ETH-26JUN20,1573037942823,open,0.27,263.0,0.203,0.31,0.261233,84.66,0.263,0.0,ETH-26JUN20-200-C,190.55,82.94,0.256,777.0,0.27,564.0,87.58,0.59896,-0.10887,0.4623,0.00283,0.62698
198.08,SYN.ETH-26JUN20,1573037942829,open,0.27,263.0,0.203,0.31,0.261233,84.66,0.263,0.0,ETH-26JUN20-200-C,190.55,82.94,0.256,777.0,0.27,265.0,87.58,0.59896,-0.10887,0.4623,0.00283,0.62698
198.08,SYN.ETH-26JUN20,1573037942838,open,0.09,602.0,0.046,0.137,0.091417,92.3,0.089,0.0,ETH-26JUN20-400-C,190.55,89.13,0.083,431.0,0.094,291.0,93.27,0.53206,-0.10544,0.23761,0.0023,0.2794
9367.63,SYN.BTC-8NOV19,1573037942983,open,0.05,138.4,0.0215,0.0645,0.04359756,61.69,0.041,0.0,BTC-8NOV19-9000-C,9361.94,55.77,0.0425,4.1,0.0455,0.1,71.56,1.74254,-28.6537,0.3753,0.00063,0.82316
9697.98,BTC-27MAR20,1573037943022,open,0.21,25.1,0.1675,0.25,0.2108269,72.57,0.2195,0.0,BTC-27MAR20-9000-C,9361.92,70.48,0.206,22.8,0.213,6.0,73.52,22.34335,-5.71455,16.63867,8e-05,0.65222
9514.58,BTC-27DEC19,1573037943022,open,4.44,0.8,4.358,4.5765,4.46529689,100.0,3.59,0.0,BTC-27DEC19-52000-P,9361.92,0.0,0.001,1.0,0.0,0.0,0.0,0.00104,-0.00103,-72.48036,0.0,-0.99999
9514.58,BTC-27DEC19,1573037943022,open,3.6,0.0,3.534,3.7185,3.62451919,114.45,3.46,0.0,BTC-27DEC19-44000-P,9361.92,0.0,0.001,1.0,0.0,0.0,0.0,0.04842,-0.05446,-61.32512,0.0,-0.99962
9514.58,BTC-27DEC19,1573037943022,open,0.07,820.6,0.0445,0.104,0.07393885,68.26,0.07,0.0,BTC-27DEC19-9000-P,9361.92,66.17,0.071,16.6,0.075,16.1,69.02,13.34976,-8.95601,-5.81884,0.00015,-0.36482
9514.58,BTC-27DEC19,1573037943022,open,0.13,523.6,0.0955,0.1665,0.13145912,68.26,0.131,0.0,BTC-27DEC19-10000-P,9361.92,66.94,0.1295,13.2,0.1335,14.1,69.64,14.13871,-9.48543,-8.7329,0.00016,-0.52703
9514.58,BTC-27DEC19,1573037943022,open,4.02,0.0,3.9465,4.1475,4.04492739,120.37,None,0.0,BTC-27DEC19-48000-P,9361.92,0.0,0.0005,1.0,0.0,0.0,0.0,0.04738,-0.05604,-66.90067,0.0,-0.99963
9697.96,BTC-27MAR20,1573037943024,open,0.05,65.4,0.027,0.08,0.05227755,72.58,0.0475,0.0,BTC-27MAR20-7000-P,9361.92,70.5,0.049,10.6,0.0545,31.5,73.97,15.40886,-3.94115,-8.45018,6e-05,-0.17189
9514.56,BTC-27DEC19,1573037943026,open,0.48,66.8,0.4645,0.4915,0.47726644,91.23,0.4085,0.0,BTC-27DEC19-5000-C,9361.92,0.0,0.468,9.0,0.4815,9.0,108.83,1.70032,-1.52446,6.67077,1e-05,0.98027
9697.96,BTC-27MAR20,1573037943026,open,0.41,19.3,0.3825,0.4325,0.40761255,72.92,0.406,0.0,BTC-27MAR20-6000-C,9361.92,70.01,0.4045,11.0,0.416,17.0,80.24,10.58515,-2.72026,18.57367,4e-05,0.90033
9388.56,SYN.BTC-15NOV19,1573037943022,open,0.08,26.0,0.056,0.1025,0.07975597,59.91,0.0955,0.0,BTC-15NOV19-8750-C,9361.92,57.09,0.0785,4.0,0.0815,14.7,63.71,4.2389,-14.30601,1.61771,0.00033,0.78834
9388.56,SYN.BTC-15NOV19,1573037943022,open,0.26,0.0,0.2395,0.2715,0.25519058,89.65,None,0.0,BTC-15NOV19-7000-C,9361.92,0.0,0.244,5.0,0.2695,5.0,168.96,0.55456,-2.80058,1.66616,3e-05,0.985
9430.54,SYN.BTC-29NOV19,1573037943022,open,0.06,112.2,0.0415,0.0965,0.06586298,62.02,0.065,0.0,BTC-29NOV19-9500-P,9361.92,59.66,0.0635,26.7,0.0675,0.5,63.66,9.41428,-12.76266,-3.27287,0.00027,-0.48788
9388.56,SYN.BTC-15NOV19,1573037943022,open,0.03,31.2,0.0115,0.0535,0.03078102,58.2,0.0345,0.0,BTC-15NOV19-9500-C,9361.92,56.94,0.03,3.0,0.0315,10.3,59.36,5.8198,-19.08087,0.99423,0.00047,0.46627
9430.54,SYN.BTC-29NOV19,1573037943022,open,0.0,984.8,0.0005,0.014,0.00409242,75.94,0.004,0.0,BTC-29NOV19-7000-P,9361.92,73.48,0.0035,27.2,0.0045,0.1,77.52,2.36375,-3.92339,-0.30893,6e-05,-0.04818
9430.54,SYN.BTC-29NOV19,1573037943022,open,0.02,392.0,0.009,0.044,0.02264541,62.68,0.023,0.0,BTC-29NOV19-8500-P,9361.92,61.82,0.022,10.8,0.0245,12.8,65.1,7.15982,-9.80847,-1.49019,0.0002,-0.22948
9388.56,SYN.BTC-15NOV19,1573037943022,open,0.08,2.0,0.053,0.107,0.07999699,60.92,0.099,0.0,BTC-15NOV19-10000-P,9361.92,53.93,0.0765,21.4,0.08,14.0,60.93,4.82947,-16.57475,-1.85211,0.00037,-0.73126
9388.56,SYN.BTC-15NOV19,1573037943022,open,0.36,0.0,0.348,0.3735,0.36100255,100.49,None,0.0,BTC-15NOV19-6000-C,9361.92,0.0,0.352,5.0,0.3725,5.0,216.85,0.07858,-0.44485,1.45504,0.0,0.99833
9430.54,SYN.BTC-29NOV19,1573037943022,open,0.01,724.8,0.0025,0.0265,0.01241066,65.38,0.0125,0.0,BTC-29NOV19-8000-P,9361.92,64.63,0.012,10.6,0.013,3.0,66.43,5.21705,-7.45506,-0.89209,0.00014,-0.13852
9430.54,SYN.BTC-29NOV19,1573037943026,open,0.04,499.7,0.019,0.064,0.0398865,63.95,0.0415,0.0,BTC-29NOV19-10000-C,9361.92,61.46,0.0375,26.8,0.041,29.4,65.11,9.04079,-12.6376,2.05383,0.00025,0.38738
9430.54,SYN.BTC-29NOV19,1573037943023,open,0.12,805.5,0.0965,0.148,0.12132269,62.68,0.1215,0.0,BTC-29NOV19-8500-C,9361.92,60.93,0.12,4.0,0.124,10.7,66.17,7.16009,-9.80968,3.83691,0.0002,0.7705
9388.56,SYN.BTC-15NOV19,1573037943022,open,0.11,16.0,0.0795,0.124,0.102022,62.36,0.0935,0.0,BTC-15NOV19-8500-C,9361.92,59.37,0.101,9.7,0.1035,9.2,66.44,3.29121,-11.56182,1.72575,0.00025,0.85793
9367.56,SYN.BTC-8NOV19,1573037943023,open,0.2,25.0,0.1835,0.215,0.19938785,102.47,0.21,0.0,BTC-8NOV19-7500-C,9361.92,0.0,0.188,4.0,0.2135,4.0,294.36,0.02454,-0.6702,0.38488,1e-05,0.99891
9782.5,SYN.BTC-26JUN20,1573037943022,open,0.7,0.0,0.6875,0.7075,0.69734603,79.11,None,0.0,BTC-26JUN20-3000-C,9361.92,0.0,0.6915,1.0,0.708,1.0,103.29,2.85497,-0.48491,17.99181,1e-05,0.98561
9367.56,SYN.BTC-8NOV19,1573037943026,open,0.0,808.0,0.0005,0.018,0.00435256,61.91,0.004,0.0,BTC-8NOV19-9000-P,9361.92,59.99,0.004,9.5,0.005,1.4,65.31,1.74791,-28.84569,-0.08764,0.00063,-0.17771
9430.54,SYN.BTC-29NOV19,1573037943022,open,0.04,227.3,0.021,0.067,0.04068466,62.38,0.0415,0.0,BTC-29NOV19-9000-P,9361.92,60.03,0.0385,29.8,0.042,16.8,63.79,8.77147,-11.9591,-2.32666,0.00025,-0.35297
9782.5,SYN.BTC-26JUN20,1573037943042,open,0.08,61.4,0.039,0.1225,0.0787045,80.93,0.0765,0.0,BTC-26JUN20-18000-C,9361.92,79.9,0.076,5.0,0.081,6.1,81.8,25.72141,-4.46954,11.79078,5e-05,0.26762
9514.58,BTC-27DEC19,1573037943141,open,0.03,746.8,0.0155,0.057,0.03470999,68.59,0.0325,0.0,BTC-27DEC19-8000-P,9361.92,67.46,0.0335,18.8,0.0365,45.4,70.24,10.24815,-6.90803,-3.25026,0.00012,-0.21037
190.65,SYN.ETH-8NOV19,1573037943414,open,0.07,764.0,0.029,0.088,0.05956,73.47,0.07,0.0,ETH-8NOV19-180-C,190.55,0.0,0.038,15.0,0.079,15.0,164.69,0.02919,-0.57172,0.00792,0.02127,0.86817
193.53,ETH-27DEC19,1573037943427,open,0.22,1371.0,0.175,0.241,0.210172,74.5,0.213,0.0,ETH-27DEC19-160-C,190.55,46.3,0.184,19.0,0.241,19.0,101.87,0.20542,-0.1504,0.1577,0.00528,0.79478
9514.58,BTC-27DEC19,1573037943488,open,0.03,746.8,0.0155,0.057,0.03470999,68.59,0.0325,0.0,BTC-27DEC19-8000-P,9361.92,67.46,0.0335,18.8,0.0365,32.6,70.24,10.24815,-6.90803,-3.25026,0.00012,-0.21037
191.89,SYN.ETH-29NOV19,1573037943887,open,0.01,2211.0,0.003,0.03,0.013576,77.89,0.016,0.0,ETH-29NOV19-240-C,190.55,75.09,0.012,210.0,0.016,1043.0,81.97,0.11046,-0.18806,0.01604,0.00615,0.14692
191.89,SYN.ETH-29NOV19,1573037943896,open,0.01,448.0,0.001,0.015,0.005224,89.96,0.005,0.0,ETH-29NOV19-280-C,190.55,85.47,0.004,660.0,0.007,1057.0,95.53,0.05629,-0.11068,0.00644,0.00271,0.05876
193.53,ETH-27DEC19,1573037943898,open,0.15,1126.0,0.106,0.178,0.14471,74.09,0.143,0.0,ETH-27DEC19-180-C,190.55,69.2,0.138,277.0,0.147,36.0,75.76,0.26605,-0.19373,0.1378,0.00688,0.65554
193.53,ETH-27DEC19,1573037943905,open,0.74,0.0,0.709,0.828,0.766529,92.38,None,0.0,ETH-27DEC19-340-P,190.55,0.0,0.001,5.0,0.0,0.0,0.0,0.09907,-0.08995,-0.45712,0.00205,-0.92806
191.89,SYN.ETH-29NOV19,1573037943939,open,0.06,2142.0,0.025,0.079,0.050702,68.54,0.053,0.0,ETH-29NOV19-200-C,190.55,66.82,0.049,540.0,0.054,38.0,71.88,0.18935,-0.28367,0.04661,0.01197,0.43824
190.65,SYN.ETH-8NOV19,1573037943988,open,0.12,593.0,0.081,0.137,0.109849,97.62,0.11,0.0,ETH-8NOV19-170-C,190.55,0.0,0.092,14.0,0.126,14.0,207.2,0.01345,-0.35,0.00826,0.00738,0.95285
196.38,ETH-27MAR20,1573037943990,open,0.36,0.0,0.311,0.385,0.350683,81.38,None,0.0,ETH-27MAR20-140-C,190.55,60.57,0.319,23.0,0.377,22.0,97.09,0.31971,-0.0917,0.35932,0.00262,0.82138
198.09,SYN.ETH-26JUN20,1573037944009,open,1.46,0.0,1.387,1.595,1.489511,94.47,None,0.0,ETH-26JUN20-480-P,190.55,0.0,0.0,0.0,0.0,0.0,0.0,0.45998,-0.0933,-2.87705,0.00194,-0.78687
198.09,SYN.ETH-26JUN20,1573037944026,open,0.41,50.0,0.353,0.44,0.40023,84.66,0.325,0.0,ETH-26JUN20-140-C,190.55,73.6,0.376,210.0,0.426,25.0,96.2,0.43933,-0.07986,0.5087,0.00207,0.80272
198.09,SYN.ETH-26JUN20,1573037944026,open,0.31,25.0,0.244,0.347,0.300754,84.67,0.295,0.0,ETH-26JUN20-180-C,190.55,82.64,0.295,210.0,0.309,299.0,87.57,0.56262,-0.10228,0.48476,0.00265,0.68431
9514.62,BTC-27DEC19,1573037944030,open,3.18,0.0,3.122,3.29,3.20408469,106.11,2.58,0.0,BTC-27DEC19-40000-P,9361.87,0.0,0.001,1.0,0.0,0.0,0.0,0.03993,-0.04164,-55.75051,0.0,-0.99969
9430.55,SYN.BTC-29NOV19,1573037944033,open,0.01,364.2,0.0005,0.0225,0.00903813,73.09,0.01,0.0,BTC-29NOV19-12000-C,9361.87,71.93,0.0085,1.5,0.01,43.5,75.08,4.44546,-7.10155,0.59798,0.00011,0.11021
190.66,SYN.ETH-8NOV19,1573037944045,open,0.03,1231.0,0.001,0.045,0.019854,63.3,0.03,0.0,ETH-8NOV19-190-C,190.55,49.75,0.016,166.0,0.023,512.0,74.35,0.05426,-0.9156,0.00509,0.04588,0.53947
191.89,SYN.ETH-29NOV19,1573037944045,open,0.19,100.0,0.149,0.207,0.17945,71.63,0.173,0.0,ETH-29NOV19-160-C,190.55,58.34,0.173,320.0,0.204,17.0,109.43,0.10429,-0.16328,0.08245,0.00631,0.86502
198.09,SYN.ETH-26JUN20,1573037944051,open,0.33,0.0,0.268,0.402,0.337959,84.69,None,0.0,ETH-26JUN20-220-P,190.55,78.02,0.317,160.0,0.344,160.0,86.62,0.62074,-0.11287,-0.96723,0.00293,-0.42734
191.89,SYN.ETH-29NOV19,1573037944056,open,0.45,0.0,0.418,0.514,0.464436,90.1,None,0.0,ETH-29NOV19-280-P,190.55,0.0,0.0,0.0,0.0,0.0,0.0,0.05654,-0.11135,-0.16901,0.00272,-0.94091
190.66,SYN.ETH-8NOV19,1573037944056,open,0.09,121.0,0.07,0.139,0.103171,87.22,0.105,0.0,ETH-8NOV19-210-P,190.55,0.0,0.0,0.0,0.0,0.0,0.0,0.01733,-0.40301,-0.01017,0.01064,-0.93498
193.53,ETH-27DEC19,1573037944061,open,1.45,21.0,1.408,1.563,1.482224,104.17,0.629,0.0,ETH-27DEC19-480-P,190.55,0.0,0.001,7.0,0.0,0.0,0.0,0.02912,-0.02982,-0.66524,0.00054,-0.98387
190.66,SYN.ETH-8NOV19,1573037944061,open,0.0,223.0,0.001,0.011,3e-06,104.98,0.001,0.0,ETH-8NOV19-250-C,190.55,0.0,0.0,0.0,0.001,596.0,181.25,0.0001,-0.00064,0.0,5e-05,0.00018
193.53,ETH-27DEC19,1573037944064,open,0.0,5658.0,0.001,0.012,0.002117,105.0,0.003,0.0,ETH-27DEC19-480-C,190.55,109.98,0.003,990.0,0.004,500.0,114.54,0.0304,-0.03137,0.004,0.00055,0.01696
191.89,SYN.ETH-29NOV19,1573037944087,open,0.25,0.0,0.221,0.308,0.264329,77.96,None,0.0,ETH-29NOV19-240-P,190.55,0.0,0.0,0.0,0.0,0.0,0.0,0.11058,-0.18841,-0.13436,0.00615,-0.85285
196.38,ETH-27MAR20,1573037944089,open,1.05,3.0,0.997,1.159,1.076211,90.88,1.39,0.0,ETH-27MAR20-400-P,190.56,0.0,0.001,10.0,0.0,0.0,0.0,0.30448,-0.09752,-1.45853,0.00223,-0.83453
193.53,ETH-27DEC19,1573037944089,open,0.0,6174.0,0.001,0.011,7.8e-05,105.0,0.001,0.0,ETH-27DEC19-720-C,190.56,0.0,0.0,0.0,0.002,550.0,140.97,0.00198,-0.00205,0.0002,4e-05,0.0008
193.53,ETH-27DEC19,1573037944089,open,0.0,11024.0,0.001,0.011,0.001186,105.0,0.005,0.0,ETH-27DEC19-520-C,190.56,111.71,0.002,2531.0,0.003,268.0,117.71,0.0193,-0.01992,0.00238,0.00035,0.01003
193.53,ETH-27DEC19,1573037944089,open,0.45,310.0,0.415,0.522,0.467752,82.84,0.49,0.0,ETH-27DEC19-280-P,190.56,0.0,0.001,8.0,0.491,10.0,105.81,0.16791,-0.1367,-0.35567,0.00388,-0.85074
193.53,ETH-27DEC19,1573037944089,open,0.01,5914.0,0.001,0.018,0.007849,86.81,0.007,0.0,ETH-27DEC19-120-P,190.56,81.75,0.006,1420.0,0.009,550.0,89.66,0.07553,-0.06444,-0.01583,0.00167,-0.05085
196.38,ETH-27MAR20,1573037944089,open,2.24,0.0,2.169,2.39,2.274611,104.54,None,0.0,ETH-27MAR20-640-P,190.56,0.0,0.0,0.0,0.0,0.0,0.0,0.16175,-0.05959,-2.44729,0.00103,-0.93146
193.53,ETH-27DEC19,1573037944089,open,0.0,12762.0,0.001,0.011,0.000131,105.0,0.001,0.0,ETH-27DEC19-680-C,190.56,0.0,0.0,0.0,0.002,501.0,135.95,0.00311,-0.00321,0.00032,6e-05,0.00131
193.53,ETH-27DEC19,1573037944089,open,0.03,3454.0,0.01,0.052,0.029192,79.92,0.026,0.0,ETH-27DEC19-260-C,190.56,77.8,0.027,343.0,0.031,516.0,81.63,0.20251,-0.15907,0.04618,0.00485,0.20038
193.53,ETH-27DEC19,1573037944089,open,0.1,10568.0,0.06,0.128,0.09588,74.07,0.103,0.0,ETH-27DEC19-200-C,190.56,72.81,0.094,150.0,0.098,490.0,75.49,0.28819,-0.20979,0.1111,0.00745,0.50772
193.53,ETH-27DEC19,1573037944089,open,0.01,10139.0,0.001,0.017,0.006076,102.61,0.006,0.0,ETH-27DEC19-400-C,190.56,99.34,0.005,310.0,0.006,354.0,102.39,0.06752,-0.06809,0.01029,0.00126,0.04422
193.53,ETH-27DEC19,1573037944089,open,0.49,0.0,0.469,0.505,0.486797,97.26,None,0.0,ETH-27DEC19-100-C,190.56,0.0,0.483,31.0,0.0,0.0,0.0,0.03902,-0.03729,0.1323,0.00077,0.97725
193.53,ETH-27DEC19,1573037944089,open,0.02,1232.0,0.004,0.033,0.01573,86.08,0.014,0.0,ETH-27DEC19-300-C,190.56,83.62,0.014,320.0,0.017,500.0,87.8,0.13974,-0.11822,0.02662,0.00311,0.11442
196.39,ETH-27MAR20,1573037944090,open,0.87,6.0,0.808,0.965,0.885653,89.84,1.165,0.0,ETH-27MAR20-360-P,190.56,0.0,0.0,0.0,0.0,0.0,0.0,0.35417,-0.11214,-1.27814,0.00263,-0.78869
193.53,ETH-27DEC19,1573037944089,open,0.03,11490.0,0.016,0.061,0.036917,74.5,0.037,0.0,ETH-27DEC19-160-P,190.56,71.72,0.034,966.0,0.04,551.0,77.38,0.20542,-0.1504,-0.06532,0.00528,-0.20522
193.53,ETH-27DEC19,1573037944089,open,0.01,1206.0,0.001,0.021,0.008307,96.3,0.008,0.0,ETH-27DEC19-360-C,190.56,90.7,0.006,1280.0,0.009,500.0,97.81,0.08718,-0.08251,0.01421,0.00173,0.06099
193.53,ETH-27DEC19,1573037944090,open,0.4,2.0,0.364,0.41,0.387819,86.89,0.346,0.0,ETH-27DEC19-120-C,190.56,43.46,0.38,1.0,0.0,0.0,0.0,0.07567,-0.06461,0.15139,0.00167,0.94903
196.39,ETH-27MAR20,1573037944089,open,0.29,824.0,0.242,0.327,0.28854,81.35,0.281,0.0,ETH-27MAR20-160-C,190.56,77.57,0.281,252.0,0.295,252.0,84.57,0.39348,-0.1128,0.34816,0.00323,0.74462
191.89,SYN.ETH-29NOV19,1573037944089,open,0.0,539.0,0.001,0.012,0.002308,99.22,0.005,0.0,ETH-29NOV19-320-C,190.56,97.12,0.002,660.0,0.003,3.0,103.35,0.02949,-0.06395,0.00291,0.00129,0.02651
193.53,ETH-27DEC19,1573037944090,open,0.0,11035.0,0.001,0.013,0.003815,105.0,0.004,0.0,ETH-27DEC19-440-C,190.56,101.41,0.003,1340.0,0.005,500.0,109.42,0.04748,-0.049,0.00673,0.00087,0.02877
193.54,ETH-27DEC19,1573037944090,open,0.01,515.0,0.001,0.023,0.009699,92.38,0.013,0.0,ETH-27DEC19-340-C,190.56,88.88,0.008,480.0,0.011,500.0,94.83,0.0991,-0.08997,0.0168,0.00205,0.07196
190.66,SYN.ETH-8NOV19,1573037944089,open,0.22,0.0,0.19,0.236,0.213232,0.0,None,0.0,ETH-8NOV19-150-C,190.56,0.0,0.0,0.0,0.0,0.0,0.0,0.0,0.0,0.00771,0.0,1.0
193.54,ETH-27DEC19,1573037944091,open,0.01,907.0,0.001,0.018,0.006738,98.73,0.007,0.0,ETH-27DEC19-380-C,190.56,93.8,0.005,1213.0,0.007,354.0,99.4,0.07436,-0.07215,0.01163,0.00144,0.04986
190.66,SYN.ETH-8NOV19,1573037944089,open,0.0,46.0,0.001,0.011,1.3e-05,105.02,0.002,0.0,ETH-8NOV19-150-P,190.56,0.0,0.0,0.0,0.001,578.0,170.07,0.0003,-0.00248,-1e-05,0.00015,-0.00063
193.54,ETH-27DEC19,1573037944091,open,0.01,1533.0,0.003,0.027,0.012146,89.2,0.011,0.0,ETH-27DEC19-320-C,190.56,85.47,0.01,1147.0,0.013,472.0,90.59,0.11692,-0.1025,0.02089,0.00251,0.08957
193.54,ETH-27DEC19,1573037944091,open,0.07,4751.0,0.042,0.108,0.07475,74.07,0.073,0.0,ETH-27DEC19-180-P,190.56,70.61,0.07,787.0,0.077,540.0,75.71,0.26604,-0.19367,-0.11307,0.00688,-0.34438
191.89,SYN.ETH-29NOV19,1573037944089,open,0.11,3976.0,0.07,0.133,0.10177,68.54,0.113,0.0,ETH-29NOV19-180-C,190.56,65.45,0.099,360.0,0.106,207.0,73.23,0.17252,-0.25845,0.06915,0.01091,0.67673
198.09,SYN.ETH-26JUN20,1573037944089,open,0.47,1.0,0.423,0.496,0.462437,84.88,0.478,0.0,ETH-26JUN20-120-C,190.56,73.59,0.443,210.0,0.484,25.0,96.68,0.35294,-0.06432,0.50191,0.00166,0.85956
190.66,SYN.ETH-8NOV19,1573037944089,open,0.0,421.0,0.001,0.011,0.000169,104.98,0.001,0.0,ETH-8NOV19-230-C,190.56,0.0,0.0,0.0,0.001,539.0,133.68,0.00268,-0.03228,7e-05,0.00137,0.00704
196.39,ETH-27MAR20,1573037944091,open,0.24,21.0,0.187,0.278,0.236352,81.36,0.232,0.0,ETH-27MAR20-180-C,190.56,77.25,0.227,256.0,0.243,292.0,84.29,0.44621,-0.12794,0.32702,0.00366,0.66474
191.89,SYN.ETH-29NOV19,1573037944089,open,0.01,281.0,0.003,0.029,0.013285,71.67,0.014,0.0,ETH-29NOV19-160-P,190.56,71.15,0.013,550.0,0.015,299.0,74.76,0.10435,-0.16348,-0.01785,0.00631,-0.1351
190.66,SYN.ETH-8NOV19,1573037944089,open,0.04,42.0,0.022,0.087,0.0539,71.25,0.059,0.0,ETH-8NOV19-200-P,190.56,0.0,0.034,14.0,0.065,1.0,120.26,0.03601,-0.68394,-0.00855,0.02706,-0.81882
191.89,SYN.ETH-29NOV19,1573037944089,open,0.03,1798.0,0.008,0.047,0.025673,72.98,0.031,0.0,ETH-29NOV19-220-C,190.56,69.61,0.023,678.0,0.028,303.0,75.84,0.15445,-0.24636,0.02765,0.00917,0.25561
191.89,SYN.ETH-29NOV19,1573037944089,open,0.35,0.0,0.319,0.41,0.362965,83.81,None,0.0,ETH-29NOV19-260-P,190.56,0.0,0.0,0.0,0.0,0.0,0.0,0.07778,-0.14248,-0.15313,0.00402,-0.91035
190.66,SYN.ETH-8NOV19,1573037944089,open,0.24,0.0,0.222,0.299,0.258876,117.47,None,0.0,ETH-8NOV19-240-P,190.56,0.0,0.0,0.0,0.0,0.0,0.0,0.00146,-0.04571,-0.0123,0.00067,-0.99644
191.89,SYN.ETH-29NOV19,1573037944089,open,0.28,1.0,0.25,0.298,0.274402,79.09,0.289,0.0,ETH-29NOV19-140-C,190.56,0.0,0.27,50.0,0.292,17.0,124.61,0.04584,-0.07924,0.08181,0.00251,0.95462
190.66,SYN.ETH-8NOV19,1573037944090,open,0.0,1704.0,0.001,0.011,0.0,105.01,0.001,0.0,ETH-8NOV19-120-P,190.56,0.0,0.0,0.0,0.001,549.0,302.3,0.0,0.0,0.0,0.0,0.0
190.66,SYN.ETH-8NOV19,1573037944089,open,0.27,0.0,0.244,0.287,0.265671,0.0,None,0.0,ETH-8NOV19-140-C,190.56,0.0,0.0,0.0,0.0,0.0,0.0,0.0,0.0,0.00719,0.0,1.0
190.66,SYN.ETH-8NOV19,1573037944089,open,0.33,0.0,0.298,0.338,0.318123,0.0,None,0.0,ETH-8NOV19-130-C,190.56,0.0,0.0,0.0,0.0,0.0,0.0,0.0,0.0,0.00668,0.0,1.0
191.89,SYN.ETH-29NOV19,1573037944089,open,0.0,420.0,0.001,0.013,0.003407,94.78,0.004,0.0,ETH-29NOV19-300-C,190.56,86.99,0.002,960.0,0.005,553.0,101.5,0.0404,-0.0837,0.00426,0.00185,0.03882
190.66,SYN.ETH-8NOV19,1573037944089,open,0.0,361.0,0.001,0.011,0.000731,101.67,0.001,0.0,ETH-8NOV19-220-C,190.56,0.0,0.0,0.0,0.002,552.0,122.0,0.00851,-0.13943,0.00026,0.00448,0.02696
198.09,SYN.ETH-26JUN20,1573037944089,open,0.54,0.0,0.504,0.562,0.534672,85.96,None,0.0,ETH-26JUN20-100-C,190.56,49.69,0.5,1.0,0.0,0.0,0.0,0.25759,-0.04754,0.47399,0.0012,0.9097
191.89,SYN.ETH-29NOV19,1573037944089,open,0.0,2218.0,0.001,0.014,0.004008,79.17,0.007,0.0,ETH-29NOV19-140-P,190.56,79.14,0.004,500.0,0.005,1.0,83.07,0.04597,-0.07955,-0.00596,0.00252,-0.04554
190.66,SYN.ETH-8NOV19,1573037944090,open,0.01,351.0,0.001,0.042,0.016443,63.48,0.022,0.0,ETH-8NOV19-190-P,190.56,51.37,0.013,247.0,0.02,500.0,75.97,0.05426,-0.91817,-0.00467,0.04576,-0.46059
190.66,SYN.ETH-8NOV19,1573037944090,open,0.0,470.0,0.001,0.011,0.001534,99.49,0.002,0.0,ETH-8NOV19-170-P,190.56,0.0,0.0,0.0,0.002,550.0,105.33,0.01412,-0.29255,-0.00051,0.0076,-0.0501
191.89,SYN.ETH-29NOV19,1573037944089,open,0.01,1266.0,0.001,0.02,0.007982,83.71,0.01,0.0,ETH-29NOV19-260-C,190.56,78.46,0.006,1210.0,0.01,1052.0,88.43,0.0776,-0.14198,0.00979,0.00402,0.08936
190.66,SYN.ETH-8NOV19,1573037944089,open,0.0,404.0,0.001,0.011,0.0,105.02,0.001,0.0,ETH-8NOV19-140-P,190.56,0.0,0.0,0.0,0.001,602.0,211.63,1e-05,-6e-05,0.0,1e-05,-2e-05
190.66,SYN.ETH-8NOV19,1573037944089,open,0.14,0.0,0.121,0.192,0.154677,102.94,None,0.0,ETH-8NOV19-220-P,190.56,0.0,0.01,15.0,0.0,0.0,0.0,0.00892,-0.24481,-0.01103,0.00464,-0.97146
198.09,SYN.ETH-26JUN20,1573037944089,open,0.62,0.0,0.595,0.638,0.617014,89.14,None,0.0,ETH-26JUN20-80-C,190.56,48.97,0.597,1.0,0.0,0.0,0.0,0.16735,-0.03203,0.41882,0.00075,0.94839
190.66,SYN.ETH-8NOV19,1573037944089,open,0.01,811.0,0.001,0.021,0.004858,70.97,0.006,0.0,ETH-8NOV19-200-C,190.56,71.72,0.005,30.0,0.006,10.0,76.83,0.03589,-0.67888,0.00172,0.02707,0.18018
191.89,SYN.ETH-29NOV19,1573037944089,open,0.04,349.0,0.017,0.067,0.039835,68.57,0.033,0.0,ETH-29NOV19-180-P,190.56,67.64,0.039,540.0,0.043,411.0,72.08,0.17253,-0.25858,-0.04367,0.0109,-0.32331
198.09,SYN.ETH-26JUN20,1573037944089,open,0.27,1.0,0.206,0.33,0.270908,84.68,0.276,0.0,ETH-26JUN20-200-P,190.56,81.41,0.261,210.0,0.275,208.0,86.04,0.59895,-0.1089,-0.81375,0.00282,-0.37295
191.89,SYN.ETH-29NOV19,1573037944090,open,0.55,0.0,0.519,0.619,0.566848,95.0,None,0.0,ETH-29NOV19-300-P,190.56,0.0,0.0,0.0,0.0,0.0,0.0,0.04072,-0.08455,-0.18372,0.00186,-0.9608
191.07,SYN.ETH-15NOV19,1573037944089,open,0.08,442.0,0.044,0.104,0.075084,65.52,0.079,0.0,ETH-15NOV19-180-C,190.56,57.29,0.071,65.0,0.078,36.0,71.17,0.09715,-0.35854,0.03077,0.0167,0.73737
198.09,SYN.ETH-26JUN20,1573037944089,open,0.71,0.0,0.691,0.718,0.704518,89.6,None,0.0,ETH-26JUN20-60-C,190.56,0.0,0.697,1.0,0.0,0.0,0.0,0.08095,-0.01557,0.34647,0.00036,0.97866
190.66,SYN.ETH-8NOV19,1573037944089,open,0.38,0.0,0.352,0.389,0.370575,0.0,None,0.0,ETH-8NOV19-120-C,190.56,0.0,0.0,0.0,0.0,0.0,0.0,0.0,0.0,0.00617,0.0,1.0
190.66,SYN.ETH-8NOV19,1573037944089,open,0.19,0.0,0.172,0.245,0.206567,108.85,None,0.0,ETH-8NOV19-230-P,190.56,0.0,0.0,0.0,0.0,0.0,0.0,0.00333,-0.09654,-0.01173,0.00164,-0.99098
190.66,SYN.ETH-8NOV19,1573037944090,open,0.0,370.0,0.001,0.012,0.001677,86.6,0.004,0.0,ETH-8NOV19-210-C,190.56,77.97,0.001,551.0,0.003,500.0,99.25,0.01704,-0.31975,0.00061,0.01053,0.0636
198.09,SYN.ETH-26JUN20,1573037944090,open,1.08,0.0,1.015,1.206,1.110766,92.34,None,0.0,ETH-26JUN20-400-P,190.56,0.0,0.0,0.0,0.0,0.0,0.0,0.53231,-0.10554,-2.3143,0.0023,-0.72036
198.09,SYN.ETH-26JUN20,1573037944090,open,0.4,0.0,0.335,0.479,0.4102,84.81,None,0.0,ETH-26JUN20-240-P,190.56,0.0,0.0,0.0,0.0,0.0,0.0,0.63027,-0.11477,-1.12244,0.00297,-0.4779
198.09,SYN.ETH-26JUN20,1573037944091,open,0.56,0.0,0.492,0.652,0.574886,87.77,None,0.0,ETH-26JUN20-280-P,190.56,0.0,0.0,0.0,0.0,0.0,0.0,0.62481,-0.11774,-1.43041,0.00284,-0.55689
191.07,SYN.ETH-15NOV19,1573037944147,open,0.1,0.0,0.076,0.149,0.112507,72.65,None,0.0,ETH-15NOV19-210-P,190.56,62.28,0.108,40.0,0.117,40.0,82.04,0.08788,-0.35967,-0.04154,0.01363,-0.78148
191.89,SYN.ETH-29NOV19,1573037944177,open,0.09,120.0,0.059,0.13,0.092997,68.57,0.131,0.0,ETH-29NOV19-200-P,190.56,63.5,0.088,249.0,0.098,121.0,73.64,0.18935,-0.28381,-0.07874,0.01197,-0.56171
191.07,SYN.ETH-15NOV19,1573037944187,open,0.06,161.0,0.037,0.104,0.070713,68.21,0.06,0.0,ETH-15NOV19-200-P,190.56,59.98,0.066,120.0,0.075,207.0,75.54,0.11074,-0.42556,-0.03333,0.01829,-0.64663
9698.11,BTC-27MAR20,1573037945037,open,0.69,1.1,0.6435,0.7585,0.69962313,78.85,1.08,0.0,BTC-27MAR20-16000-P,9361.86,0.0,0.0,0.0,0.0,0.0,0.0,17.89671,-4.97318,-55.78177,6e-05,-0.78013
9514.63,BTC-27DEC19,1573037945037,open,0.0,599.8,0.0005,0.0105,0.00066045,100.0,0.002,0.0,BTC-27DEC19-26000-C,9361.86,104.49,0.001,42.0,0.002,8.9,113.27,0.61347,-0.60291,0.07222,0.0,0.00611
9698.11,BTC-27MAR20,1573037945037,open,0.11,964.2,0.066,0.1475,0.10737185,74.44,0.1075,0.0,BTC-27MAR20-12000-C,9361.86,72.84,0.1035,32.3,0.11,18.4,75.52,23.50887,-6.16748,11.41847,9e-05,0.41028
9514.63,BTC-27DEC19,1573037945037,open,1.51,0.0,1.4735,1.5785,1.52368674,100.02,None,0.0,BTC-27DEC19-24000-P,9361.86,0.0,0.0,0.0,0.0,0.0,0.0,1.02752,-1.01008,-33.32348,1e-05,-0.98901
9698.11,BTC-27MAR20,1573037945037,open,0.89,0.0,0.836,0.9535,0.89249401,81.36,1.23,0.0,BTC-27MAR20-18000-P,9361.86,0.0,0.0,0.0,0.0,0.0,0.0,15.13331,-4.3391,-65.0408,5e-05,-0.83288
9514.63,BTC-27DEC19,1573037945037,open,0.2,247.2,0.1685,0.2455,0.20719709,70.26,0.226,0.0,BTC-27DEC19-11000-P,9361.86,38.76,0.169,9.4,0.2395,8.4,93.16,12.96485,-8.95256,-11.54631,0.00015,-0.66343
9514.63,BTC-27DEC19,1573037945037,open,0.79,0.0,0.78,0.7995,0.78979772,97.48,None,0.0,BTC-27DEC19-2000-C,9361.86,0.0,0.782,1.0,0.7985,1.0,256.15,0.00066,-0.00063,2.78765,0.0,1.0
9698.11,BTC-27MAR20,1573037945037,open,0.0,1259.6,0.0005,0.0145,0.00453907,79.34,0.007,0.0,BTC-27MAR20-4000-P,9361.86,75.76,0.0035,48.0,0.0055,28.2,82.25,3.02517,-0.84589,-0.95479,1e-05,-0.02079
9514.63,BTC-27DEC19,1573037945037,open,0.0,106.3,0.0005,0.0105,5.4e-07,100.0,0.0005,0.0,BTC-27DEC19-2000-P,9361.86,0.0,0.0,0.0,0.0005,27.1,165.28,0.00104,-0.00102,-9e-05,0.0,-1e-05
9514.63,BTC-27DEC19,1573037945037,open,1.3,4.9,1.2675,1.3665,1.31447791,99.12,1.0385,0.0,BTC-27DEC19-22000-P,9361.86,0.0,0.0,0.0,0.0,0.0,0.0,1.62874,-1.58659,-30.44586,1e-05,-0.98124
9514.63,BTC-27DEC19,1573037945037,open,0.08,721.6,0.0495,0.11,0.08043538,68.26,0.0805,0.0,BTC-27DEC19-10000-C,9361.86,66.96,0.0785,6.1,0.0825,24.1,69.65,14.13878,-9.4848,5.20573,0.00016,0.47296
9514.63,BTC-27DEC19,1573037945037,open,0.68,19.0,0.651,0.7325,0.68951639,83.43,1.2,0.0,BTC-27DEC19-16000-P,9361.86,0.0,0.4,0.2,0.0,0.0,0.0,4.51128,-3.69875,-21.54256,4e-05,-0.93486
9698.11,BTC-27MAR20,1573037945037,open,2.3,0.0,2.237,2.3895,2.30897556,96.54,None,0.0,BTC-27MAR20-32000-P,9361.86,0.0,0.001,1.0,0.0,0.0,0.0,5.85697,-1.99266,-122.99436,2e-05,-0.95377
9514.63,BTC-27DEC19,1573037945037,open,0.33,66.1,0.3065,0.346,0.32596861,74.88,0.355,0.0,BTC-27DEC19-6500-C,9361.86,0.0,0.3095,8.0,0.3445,8.0,104.38,4.58229,-3.37232,8.05761,5e-05,0.93354
9698.11,BTC-27MAR20,1573037945037,open,2.5,0.0,2.439,2.598,2.51391711,97.94,None,0.0,BTC-27MAR20-34000-P,9361.86,0.0,0.0,0.0,0.0,0.0,0.0,5.22586,-1.80382,-130.94937,1e-05,-0.95985
9514.63,BTC-27DEC19,1573037945037,open,0.01,728.7,0.0035,0.031,0.01426498,76.87,0.0155,0.0,BTC-27DEC19-14000-C,9361.86,76.5,0.014,16.0,0.015,10.0,77.88,6.87902,-5.19692,1.331,7e-05,0.11463
9514.63,BTC-27DEC19,1573037945037,open,0.02,541.0,0.007,0.0415,0.02152416,74.84,0.0215,0.0,BTC-27DEC19-13000-C,9361.86,73.72,0.0205,19.8,0.0225,19.7,75.88,8.78952,-6.4646,1.89196,9e-05,0.16418
9514.62,BTC-27DEC19,1573037945038,open,0.05,948.7,0.0255,0.0785,0.05108005,70.26,0.051,0.0,BTC-27DEC19-11000-C,9361.86,68.73,0.049,33.8,0.053,26.4,71.67,12.96472,-8.95224,3.78602,0.00015,0.33656
9698.11,BTC-27MAR20,1573037945037,open,0.0,609.0,0.0005,0.016,0.00482579,100.0,0.0055,0.0,BTC-27MAR20-40000-C,9361.86,100.47,0.005,13.0,0.0065,20.0,104.15,3.52663,-1.24285,0.75822,1e-05,0.02494
9514.62,BTC-27DEC19,1573037945037,open,0.0,1544.5,0.0005,0.0105,4.7e-07,100.0,0.001,0.0,BTC-27DEC19-52000-C,9361.86,0.0,0.0,0.0,0.0005,14.0,151.95,0.00104,-0.00103,8e-05,0.0,1e-05
9514.62,BTC-27DEC19,1573037945038,open,0.0,349.0,0.0005,0.0105,1.27e-06,100.0,0.0005,0.0,BTC-27DEC19-48000-C,9361.86,0.0,0.0,0.0,0.001,55.0,155.53,0.0026,-0.00256,0.00021,0.0,2e-05
9698.11,BTC-27MAR20,1573037945038,open,0.5,1.0,0.479,0.5145,0.49610357,75.05,0.551,0.0,BTC-27MAR20-5000-C,9361.86,51.17,0.486,6.0,0.512,6.0,95.26,6.18555,-1.63609,17.12943,2e-05,0.95051
9698.11,BTC-27MAR20,1573037945038,open,3.11,1.0,3.0445,3.223,3.12936204,100.06,2.7125,0.0,BTC-27MAR20-40000-P,9361.86,0.0,0.0005,2.0,0.0,0.0,0.0,3.53707,-1.24726,-154.71948,1e-05,-0.97497
9698.11,BTC-27MAR20,1573037945038,open,0.02,227.9,0.0065,0.0465,0.02208667,86.4,0.0205,0.0,BTC-27MAR20-22000-C,9361.86,85.43,0.021,5.0,0.0235,5.9,87.62,11.02445,-3.35667,3.14048,3e-05,0.1054
9514.62,BTC-27DEC19,1573037945038,open,0.0,647.3,0.0005,0.0105,0.00035239,100.0,0.0015,0.0,BTC-27DEC19-28000-C,9361.86,110.91,0.001,26.0,0.0015,11.0,116.04,0.36577,-0.35947,0.0407,0.0,0.00342
9698.11,BTC-27MAR20,1573037945038,open,0.01,155.2,0.002,0.024,0.0116706,75.06,0.0105,0.0,BTC-27MAR20-5000-P,9361.86,72.34,0.01,43.6,0.013,23.6,77.09,6.18622,-1.63636,-2.30595,2e-05,-0.0495
9698.11,BTC-27MAR20,1573037945039,open,1.08,5.2,1.033,1.1535,1.09025693,84.0,1.108,0.0,BTC-27MAR20-20000-P,9361.86,0.0,0.0,0.0,0.0,0.0,0.0,12.87968,-3.81282,-73.8457,4e-05,-0.86869
9388.51,SYN.BTC-15NOV19,1573037945037,open,0.15,0.0,0.124,0.1785,0.15027236,67.45,None,0.0,BTC-15NOV19-10750-P,9361.86,0.0,0.008,0.1,0.0,0.0,0.0,2.7244,-10.35127,-2.37855,0.00019,-0.89158
9514.62,BTC-27DEC19,1573037945039,open,0.0,255.7,0.0005,0.0105,1e-08,100.0,0.001,0.0,BTC-27DEC19-1500-P,9361.86,0.0,0.0,0.0,0.0005,110.0,195.55,3e-05,-3e-05,0.0,0.0,0.0
9367.5,SYN.BTC-8NOV19,1573037945037,open,0.0,60.8,0.0005,0.0105,0.0,100.0,0.0005,0.0,BTC-8NOV19-6250-P,9361.86,0.0,0.0,0.0,0.0005,0.4,243.92,0.0,0.0,0.0,0.0,0.0
9388.51,SYN.BTC-15NOV19,1573037945037,open,0.18,0.0,0.158,0.196,0.17661223,73.93,None,0.0,BTC-15NOV19-7750-C,9361.86,0.0,0.1635,5.0,0.1945,5.0,138.25,1.3277,-5.52955,1.78254,8e-05,0.9574
9430.53,SYN.BTC-29NOV19,1573037945037,open,0.01,182.7,0.0025,0.027,0.01209571,69.43,0.013,0.0,BTC-29NOV19-11500-C,9361.86,67.48,0.011,46.5,0.0125,15.0,70.13,5.40129,-8.19635,0.79032,0.00014,0.14581
9388.51,SYN.BTC-15NOV19,1573037945037,open,0.0,19.8,0.0005,0.011,0.00132452,77.47,0.002,0.0,BTC-15NOV19-7500-P,9361.86,66.53,0.0005,54.6,0.002,13.4,83.5,0.92549,-4.03885,-0.06571,6e-05,-0.02746
9367.5,SYN.BTC-8NOV19,1573037945037,open,0.3,0.0,0.2825,0.334,0.30770799,0.0,None,0.0,BTC-8NOV19-12250-P,9361.86,0.0,0.0165,0.1,0.0,0.0,0.0,0.0,0.0,-0.62951,0.0,-1.0
9388.51,SYN.BTC-15NOV19,1573037945037,open,0.1,1.8,0.075,0.1295,0.10196898,62.51,0.103,0.0,BTC-15NOV19-10250-P,9361.86,53.97,0.0985,4.0,0.104,4.0,67.07,4.06314,-14.30751,-2.06575,0.0003,-0.80287
9388.51,SYN.BTC-15NOV19,1573037945037,open,0.01,126.9,0.0005,0.0255,0.01021351,62.52,0.0125,0.0,BTC-15NOV19-10250-C,9361.86,59.66,0.009,25.8,0.011,14.0,64.32,4.0637,-14.31192,0.42683,0.0003,0.19717
9388.51,SYN.BTC-15NOV19,1573037945037,open,0.02,206.3,0.0055,0.0415,0.02166977,59.72,0.0215,0.0,BTC-15NOV19-9750-C,9361.86,56.84,0.02,1.1,0.022,10.2,60.28,5.47583,-18.42062,0.77181,0.00043,0.35974
9367.5,SYN.BTC-8NOV19,1573037945038,open,0.28,0.0,0.256,0.307,0.28102401,0.0,None,0.0,BTC-8NOV19-12000-P,9361.86,0.0,0.0,0.0,0.0,0.0,0.0,0.0,0.0,-0.61667,0.0,-1.0
9782.64,SYN.BTC-26JUN20,1573037945037,open,0.24,110.8,0.1905,0.2995,0.24644074,74.06,0.25,0.0,BTC-26JUN20-10000-P,9361.86,70.67,0.236,17.9,0.247,3.0,74.24,30.14802,-4.79362,-40.22056,7e-05,-0.39797
9388.51,SYN.BTC-15NOV19,1573037945037,open,0.13,7.9,0.105,0.147,0.12587832,65.23,0.119,0.0,BTC-15NOV19-8250-C,9361.86,0.0,0.1095,5.0,0.1475,5.0,121.83,2.4382,-8.9591,1.78303,0.00017,0.90688
9388.51,SYN.BTC-15NOV19,1573037945037,open,0.01,158.2,0.0005,0.02,0.00695035,64.03,0.007,0.0,BTC-15NOV19-10500-C,9361.86,62.73,0.0065,4.0,0.0075,15.0,65.58,3.29269,-11.87713,0.3087,0.00024,0.14216
9367.5,SYN.BTC-8NOV19,1573037945038,open,0.2,0.0,0.1775,0.2265,0.20108746,99.48,None,0.0,BTC-8NOV19-11250-P,9361.86,0.0,0.0,0.0,0.0,0.0,0.0,0.10856,-2.87901,-0.57546,2e-05,-0.99433
9367.5,SYN.BTC-8NOV19,1573037945039,open,0.02,75.8,0.005,0.048,0.02567951,61.52,0.023,0.0,BTC-8NOV19-9500-P,9361.86,55.35,0.024,12.4,0.027,0.4,66.33,2.56381,-42.04319,-0.30916,0.00092,-0.61656
9782.64,SYN.BTC-26JUN20,1573037945039,open,0.37,1.5,0.332,0.4085,0.37159572,74.05,0.419,0.0,BTC-26JUN20-7000-C,9361.86,66.87,0.356,7.0,0.4045,4.0,88.76,21.50721,-3.41961,27.08477,5e-05,0.80554
9782.64,SYN.BTC-26JUN20,1573037945038,open,0.05,9.6,0.017,0.0815,0.04486079,85.23,0.045,0.0,BTC-26JUN20-24000-C,9361.86,83.5,0.0415,25.0,0.048,0.1,86.8,19.32706,-3.53687,7.44134,4e-05,0.16408
9367.5,SYN.BTC-8NOV19,1573037945037,open,0.0,170.5,0.0005,0.0105,2.73e-06,100.0,0.0005,0.0,BTC-8NOV19-7250-P,9361.86,0.0,0.0,0.0,0.0005,2.3,162.48,0.00396,-0.0256,-7e-05,0.0,-0.00015
9367.5,SYN.BTC-8NOV19,1573037945037,open,0.0,668.7,0.0005,0.0105,0.000293,98.71,0.0005,0.0,BTC-8NOV19-8000-P,9361.86,106.52,0.0005,4.5,0.001,22.5,119.19,0.20577,-2.74465,-0.00579,5e-05,-0.01174
9388.51,SYN.BTC-15NOV19,1573037945037,open,0.03,32.5,0.0105,0.0525,0.02907848,58.28,0.029,0.0,BTC-15NOV19-9250-P,9361.86,54.86,0.027,33.3,0.03,14.0,59.79,5.71449,-18.76071,-1.01892,0.00046,-0.41723
9388.51,SYN.BTC-15NOV19,1573037945037,open,0.0,21.8,0.0005,0.011,0.00109369,84.58,0.0015,0.0,BTC-15NOV19-7250-P,9361.86,75.27,0.0005,34.4,0.0015,12.0,89.18,0.75063,-3.57669,-0.05135,4e-05,-0.0214
9367.5,SYN.BTC-8NOV19,1573037945037,open,0.0,195.7,0.0005,0.0105,1.78e-06,100.0,0.0005,0.0,BTC-8NOV19-12250-C,9361.86,0.0,0.0,0.0,0.0015,28.0,191.45,0.00278,-0.01667,5e-05,0.0,0.00011
9367.5,SYN.BTC-8NOV19,1573037945037,open,0.0,60.6,0.0005,0.0105,0.0,100.0,0.0005,0.0,BTC-8NOV19-6000-P,9361.86,0.0,0.0,0.0,0.0015,28.0,310.52,0.0,0.0,0.0,0.0,0.0
9388.51,SYN.BTC-15NOV19,1573037945037,open,0.0,48.9,0.0005,0.012,0.00208588,73.91,0.0025,0.0,BTC-15NOV19-7750-P,9361.86,69.37,0.0015,20.6,0.003,48.0,79.74,1.32648,-5.52262,-0.10191,8e-05,-0.04255
9388.51,SYN.BTC-15NOV19,1573037945037,open,0.23,0.0,0.2125,0.2465,0.2288764,84.62,None,0.0,BTC-15NOV19-7250-C,9361.86,0.0,0.2165,5.0,0.2445,5.0,159.23,0.75202,-3.58502,1.71152,4e-05,0.97855
9388.51,SYN.BTC-15NOV19,1573037945037,open,0.12,0.0,0.099,0.153,0.125334,64.02,None,0.0,BTC-15NOV19-10500-P,9361.86,0.0,0.088,10.0,0.0,0.0,0.0,3.29182,-11.8715,-2.2447,0.00024,-0.85789
9388.51,SYN.BTC-15NOV19,1573037945037,open,0.21,0.0,0.185,0.2205,0.20247905,77.5,None,0.0,BTC-15NOV19-7500-C,9361.86,0.0,0.1895,5.0,0.219,5.0,147.53,0.9269,-4.04678,1.75794,6e-05,0.97249
9388.51,SYN.BTC-15NOV19,1573037945037,open,0.01,212.2,0.0005,0.0205,0.00737484,62.34,0.0065,0.0,BTC-15NOV19-8500-P,9361.86,59.79,0.0065,29.8,0.0085,12.0,65.48,3.29054,-11.55662,-0.34109,0.00025,-0.14203
9782.64,SYN.BTC-26JUN20,1573037945037,open,0.39,2.2,0.3275,0.451,0.39036995,75.09,0.41,0.0,BTC-26JUN20-12000-P,9361.86,57.56,0.335,2.0,0.4305,2.0,87.69,31.14741,-5.02189,-56.58528,7e-05,-0.51623
9430.53,SYN.BTC-29NOV19,1573037945037,open,0.28,0.0,0.251,0.3145,0.28149818,73.08,None,0.0,BTC-29NOV19-12000-P,9361.86,0.0,0.012,1.0,0.0,0.0,0.0,4.44478,-7.0999,-6.92292,0.00011,-0.88981
9388.51,SYN.BTC-15NOV19,1573037945037,open,0.02,279.5,0.0025,0.032,0.01487503,60.93,0.0155,0.0,BTC-15NOV19-10000-C,9361.86,57.24,0.013,41.0,0.015,10.0,61.18,4.82967,-16.57849,0.57964,0.00037,0.26877
9367.5,SYN.BTC-8NOV19,1573037945037,open,0.33,0.0,0.3085,0.3615,0.33439463,0.0,None,0.0,BTC-8NOV19-12500-P,9361.86,0.0,0.0,0.0,0.0,0.0,0.0,0.0,0.0,-0.64236,0.0,-1.0
9430.53,SYN.BTC-29NOV19,1573037945038,open,0.0,235.2,0.0005,0.013,0.0034523,86.18,0.004,0.0,BTC-29NOV19-14000-C,9361.86,81.56,0.0025,27.2,0.004,13.0,88.5,2.13339,-4.01877,0.23027,4e-05,0.04241
9367.5,SYN.BTC-8NOV19,1573037945039,open,0.01,559.0,0.0005,0.0295,0.01153999,61.54,0.012,0.0,BTC-8NOV19-9500-C,9361.86,61.39,0.0115,13.0,0.012,0.1,63.22,2.56389,-42.05746,0.17905,0.00092,0.38349
9367.5,SYN.BTC-8NOV19,1573037945037,open,0.0,137.9,0.0005,0.0105,0.0,100.0,0.0005,0.0,BTC-8NOV19-6500-P,9361.86,0.0,0.0,0.0,0.001,1.0,245.19,1e-05,-2e-05,0.0,0.0,0.0
9388.51,SYN.BTC-15NOV19,1573037945037,open,0.0,58.1,0.0005,0.0135,0.00361849,68.94,0.0035,0.0,BTC-15NOV19-11000-C,9361.86,66.09,0.003,20.0,0.0045,20.1,72.62,2.13204,-8.28041,0.16947,0.00014,0.07785
9430.53,SYN.BTC-29NOV19,1573037945038,open,0.0,436.6,0.0005,0.0115,0.00152272,90.31,0.0015,0.0,BTC-29NOV19-6000-P,9361.86,84.76,0.001,39.3,0.002,16.0,94.39,1.0099,-1.99337,-0.1112,2e-05,-0.01729
9782.64,SYN.BTC-26JUN20,1573037945037,open,0.03,4.3,0.0115,0.0675,0.03450903,88.53,0.039,0.0,BTC-26JUN20-28000-C,9361.86,86.38,0.031,26.0,0.037,21.0,89.99,16.39563,-3.11635,5.86502,3e-05,0.12848
9782.64,SYN.BTC-26JUN20,1573037945037,open,0.13,113.5,0.0775,0.175,0.1266126,77.71,0.124,0.0,BTC-26JUN20-14000-C,9361.86,76.53,0.123,16.0,0.129,6.3,78.48,30.08042,-5.0187,16.73116,6e-05,0.39468
9388.51,SYN.BTC-15NOV19,1573037945037,open,0.15,0.0,0.1315,0.171,0.15091765,69.16,None,0.0,BTC-15NOV19-8000-C,9361.86,0.0,0.1355,5.0,0.1705,5.0,129.43,1.79021,-6.97501,1.79682,0.00012,0.93796
9367.5,SYN.BTC-8NOV19,1573037945037,open,0.0,88.9,0.0005,0.0105,3e-08,100.0,0.0025,0.0,BTC-8NOV19-6750-P,9361.86,0.0,0.0,0.0,0.0005,0.4,201.99,7e-05,-0.00028,0.0,0.0,0.0
9367.5,SYN.BTC-8NOV19,1573037945037,open,0.0,116.6,0.0005,0.0105,5.3e-07,100.0,0.0005,0.0,BTC-8NOV19-12500-C,9361.86,0.0,0.0,0.0,0.0015,28.0,203.15,0.00094,-0.00498,2e-05,0.0,3e-05
9367.5,SYN.BTC-8NOV19,1573037945037,open,0.0,381.7,0.0005,0.0105,0.00013277,100.0,0.001,0.0,BTC-8NOV19-11250-C,9361.86,0.0,0.0,0.0,0.001,0.5,131.06,0.11234,-1.24373,0.00277,2e-05,0.00589
9388.51,SYN.BTC-15NOV19,1573037945037,open,0.0,159.4,0.0005,0.013,0.00301948,69.14,0.003,0.0,BTC-15NOV19-8000-P,9361.86,66.29,0.0025,5.0,0.0035,0.5,71.57,1.78914,-6.96893,-0.14843,0.00012,-0.06199
9367.5,SYN.BTC-8NOV19,1573037945037,open,0.01,271.5,0.0005,0.02,0.00553343,66.91,0.0055,0.0,BTC-8NOV19-9750-C,9361.86,64.28,0.005,22.4,0.0065,2.5,71.5,1.92914,-34.40866,0.09788,0.00064,0.20886
9430.53,SYN.BTC-29NOV19,1573037945038,open,0.14,5.0,0.109,0.172,0.14055743,66.14,0.15,0.0,BTC-29NOV19-10500-P,9361.86,0.0,0.005,0.2,0.0,0.0,0.0,8.0248,-11.60146,-5.05248,0.00022,-0.71429
9367.5,SYN.BTC-8NOV19,1573037945037,open,0.07,88.4,0.047,0.0885,0.06780228,69.43,0.074,0.0,BTC-8NOV19-8750-C,9361.86,66.52,0.0675,14.0,0.07,4.1,86.28,1.01253,-18.73993,0.40951,0.00032,0.91849
9430.53,SYN.BTC-29NOV19,1573037945037,open,0.38,0.0,0.353,0.417,0.38340694,78.4,None,0.0,BTC-29NOV19-13000-P,9361.86,0.0,0.013,1.0,0.0,0.0,0.0,2.88896,-4.95039,-7.80947,7e-05,-0.9379
9388.51,SYN.BTC-15NOV19,1573037945037,open,0.17,0.0,0.1495,0.203,0.1752585,68.92,None,0.0,BTC-15NOV19-11000-P,9361.86,0.0,0.0,0.0,0.0,0.0,0.0,2.13058,-8.27214,-2.50555,0.00014,-0.92222
9367.5,SYN.BTC-8NOV19,1573037945037,open,0.0,321.8,0.0005,0.0105,1.716e-05,100.0,0.0005,0.0,BTC-8NOV19-11750-C,9361.86,0.0,0.0,0.0,0.0005,2.5,141.38,0.02028,-0.16079,0.00042,0.0,0.00089
