underlying_price,underlying_index,timestamp,state,settlement_price,open_interest,min_price,max_price,mark_price,mark_iv,last_price,interest_rate,instrument_name,index_price,bid_iv,best_bid_price,best_bid_amount,best_ask_price,best_ask_amount,ask_iv,vega,theta,rho,gamma,delta
10481.66,BTC-27DEC19,1568113140377,open,0.09,296.7,0.052,0.127,0.0895567,77.19,0.093,0.0,BTC-27DEC19-13000-C,10239.4,76.2,0.0875,0.4,0.091,0.4,77.89,21.71134,-7.76819,9.02391,9e-05,0.38085
182.47,ETH-27SEP19,1568113140772,open,0.0,1988.0,0.001,0.011,0.001946,97.41,0.003,0.0,ETH-27SEP19-280-C,181.02,88.57,0.001,1200.0,0.003,600.0,104.4,0.02386,-0.06885,0.00205,0.00159,0.02621
183.35,SYN.ETH-25OCT19,1568113141069,open,0.42,3.0,0.386,0.49,0.436985,82.51,0.534,0.0,ETH-25OCT19-260-P,181.02,0.0,0.0,0.0,0.0,0.0,0.0,0.14583,-0.13407,-0.29147,0.00428,-0.85602
187.34,SYN.ETH-27MAR20,1568113141072,open,0.02,2541.0,0.007,0.047,0.023169,94.2,0.023,0.0,ETH-27MAR20-600-C,181.02,94.06,0.023,49.0,0.025,340.0,95.67,0.22892,-0.05422,0.07063,0.00127,0.09236
185.32,ETH-27DEC19,1568113141081,open,0.85,0.0,0.795,0.935,0.862925,85.88,None,0.0,ETH-27DEC19-340-P,181.02,0.0,0.0,0.0,0.0,0.0,0.0,0.22761,-0.09059,-0.94196,0.00261,-0.85689
181.27,SYN.ETH-13SEP19,1568113141169,open,0.01,1062.0,0.001,0.028,0.009156,73.33,0.013,0.0,ETH-13SEP19-190-C,181.02,65.36,0.007,557.0,0.011,587.0,79.8,0.05058,-0.64493,0.00337,0.02664,0.245
187.34,SYN.ETH-27MAR20,1568113141176,open,2.2,0.0,2.118,2.343,2.226084,94.34,None,0.0,ETH-27MAR20-600-P,181.02,0.0,0.02,10.0,0.0,0.0,0.0,0.22984,-0.05451,-3.19822,0.00127,-0.90714
181.27,SYN.ETH-13SEP19,1568113141241,open,0.05,100.0,0.025,0.091,0.057391,73.54,0.089,0.0,ETH-13SEP19-190-P,181.02,56.58,0.053,40.0,0.06,40.0,82.62,0.05065,-0.6477,-0.01159,0.02661,-0.75433
185.32,ETH-27DEC19,1568113141247,open,1.05,0.0,0.999,1.147,1.070468,88.35,None,0.0,ETH-27DEC19-380-P,181.02,0.0,0.0,0.0,0.0,0.0,0.0,0.18287,-0.07488,-1.07665,0.00204,-0.89526
181.27,SYN.ETH-13SEP19,1568113141402,open,0.1,232.0,0.072,0.141,0.105364,73.89,0.094,0.0,ETH-13SEP19-200-P,181.02,0.0,0.103,496.0,0.109,40.0,96.76,0.02189,-0.28123,-0.01477,0.01145,-0.92878
181.27,SYN.ETH-13SEP19,1568113141548,open,0.15,300.0,0.125,0.197,0.159935,94.24,0.143,0.0,ETH-13SEP19-210-P,181.02,0.0,0.0,0.0,0.0,0.0,0.0,0.0147,-0.24084,-0.01595,0.00602,-0.95702
181.27,SYN.ETH-13SEP19,1568113141621,open,0.0,215.0,0.001,0.011,0.000445,98.34,0.001,0.0,ETH-13SEP19-220-C,181.02,0.0,0.0,0.0,0.001,403.0,110.84,0.00603,-0.08074,0.00021,0.00237,0.01482
181.27,SYN.ETH-13SEP19,1568113141694,open,0.2,0.0,0.179,0.253,0.214191,100.26,None,0.0,ETH-13SEP19-220-P,181.02,0.0,0.0,0.0,0.0,0.0,0.0,0.00662,-0.1154,-0.0171,0.00255,-0.98348
10481.82,BTC-27DEC19,1568113141775,open,0.09,296.7,0.052,0.127,0.08955662,77.19,0.093,0.0,BTC-27DEC19-13000-C,10239.4,76.2,0.0875,0.4,0.092,14.0,78.37,21.71185,-7.76827,9.02429,9e-05,0.38086
10481.82,BTC-27DEC19,1568113141776,open,0.09,296.7,0.052,0.127,0.08955662,77.19,0.093,0.0,BTC-27DEC19-13000-C,10239.4,76.2,0.0875,0.4,0.0915,8.8,78.13,21.71185,-7.76827,9.02429,9e-05,0.38086
182.47,ETH-27SEP19,1568113141883,open,0.0,1988.0,0.001,0.011,0.001946,97.41,0.003,0.0,ETH-27SEP19-280-C,181.02,88.57,0.001,1420.0,0.003,600.0,104.4,0.02386,-0.06885,0.00205,0.00159,0.02621
187.34,SYN.ETH-27MAR20,1568113141886,open,0.59,2.0,0.567,0.607,0.587137,82.45,0.597,0.0,ETH-27MAR20-80-C,181.02,0.0,0.07,20.0,0.0,0.0,0.0,0.12951,-0.02684,0.37618,0.00082,0.95567
10481.81,BTC-27DEC19,1568113141892,open,3.95,0.8,3.864,4.066,3.96179527,103.89,3.59,0.0,BTC-27DEC19-52000-P,10239.39,0.0,0.001,1.0,0.0,0.0,0.0,0.8727,-0.42022,-153.5461,0.0,-0.99467
10324.43,BTC-27SEP19,1568113141892,open,0.03,72.2,0.011,0.052,0.02640052,70.24,0.0265,0.0,BTC-27SEP19-9500-P,10239.39,68.24,0.025,24.0,0.027,0.4,71.09,7.27809,-15.146,-1.39328,0.00021,-0.26548
10481.81,BTC-27DEC19,1568113141892,open,3.19,0.0,3.116,3.2885,3.19905042,99.27,3.46,0.0,BTC-27DEC19-44000-P,10239.39,0.0,0.0005,10.0,0.0,0.0,0.0,1.3121,-0.6037,-129.82015,0.0,-0.99154
10481.81,BTC-27DEC19,1568113141892,open,2.81,0.0,2.7415,2.8995,2.81767945,95.53,2.58,0.0,BTC-27DEC19-40000-P,10239.39,0.0,0.0005,10.0,0.0,0.0,0.0,1.54466,-0.68394,-117.95193,0.0,-0.9898
10481.81,BTC-27DEC19,1568113141893,open,0.48,203.3,0.436,0.5405,0.48754827,78.55,0.48,0.0,BTC-27DEC19-15000-P,10239.39,69.45,0.472,6.1,0.4985,5.0,84.55,18.69131,-6.80539,-37.8502,7e-05,-0.73425
10596.04,SYN.BTC-27MAR20,1568113141891,open,0.03,38.5,0.011,0.0635,0.0329125,85.25,0.034,0.0,BTC-27MAR20-26000-C,10239.39,83.7,0.0305,19.0,0.0355,23.0,86.85,16.81841,-3.60469,5.78499,3e-05,0.13311
10253.89,SYN.BTC-13SEP19,1568113141892,open,0.04,225.6,0.015,0.0615,0.03818209,68.01,0.044,0.0,BTC-13SEP19-10000-C,10239.39,62.72,0.0365,23.6,0.039,3.5,70.55,3.28793,-38.87876,0.51206,0.00058,0.67203
10481.81,BTC-27DEC19,1568113141895,open,0.01,270.5,0.003,0.0315,0.01350215,83.05,0.015,0.0,BTC-27DEC19-22000-C,10239.39,81.77,0.0125,21.0,0.0145,24.0,84.28,8.33902,-3.21013,2.00895,3e-05,0.07835
10481.81,BTC-27DEC19,1568113141895,open,0.03,491.1,0.01,0.0555,0.02951501,80.58,0.03,0.0,BTC-27DEC19-18000-C,10239.39,79.79,0.0285,4.3,0.031,48.2,81.71,13.57683,-5.07064,3.88648,5e-05,0.15497
10481.81,BTC-27DEC19,1568113141896,open,0.02,291.4,0.0075,0.038,0.02064165,77.13,0.0195,0.0,BTC-27DEC19-6500-P,10239.39,75.22,0.019,48.4,0.022,30.0,78.67,9.14929,-3.27099,-3.38539,4e-05,-0.08864
10289.16,SYN.BTC-20SEP19,1568113141892,open,0.0,27.9,0.0005,0.0115,0.00170312,76.23,0.002,0.0,BTC-20SEP19-13000-C,10239.39,74.6,0.0015,0.1,0.002,30.0,78.42,1.33075,-5.1362,0.09479,6e-05,0.03575
10372.86,SYN.BTC-25OCT19,1568113141892,open,0.25,0.0,0.2235,0.273,0.24763417,74.04,None,0.0,BTC-25OCT19-8000-C,10239.39,0.0,0.2285,10.0,0.0,0.0,0.0,7.66034,-6.3197,7.94762,8e-05,0.87082
10481.81,BTC-27DEC19,1568113141898,open,3.57,0.0,3.49,3.677,3.58038816,101.73,None,0.0,BTC-27DEC19-48000-P,10239.39,0.0,0.0005,10.0,0.0,0.0,0.0,1.06399,-0.5017,-141.68911,0.0,-0.99333
10253.89,SYN.BTC-13SEP19,1568113141892,open,0.01,403.6,0.001,0.0335,0.01342212,68.01,0.011,0.0,BTC-13SEP19-10000-P,10239.39,61.96,0.0115,28.8,0.014,16.7,69.81,3.28794,-38.87948,-0.2758,0.00058,-0.32797
10253.89,SYN.BTC-13SEP19,1568113141892,open,0.04,254.6,0.0145,0.0635,0.03822531,68.01,0.0365,0.0,BTC-13SEP19-10500-P,10239.39,61.24,0.036,6.3,0.039,6.7,70.34,3.39981,-40.20252,-0.5492,0.0006,-0.64159
10289.16,SYN.BTC-20SEP19,1568113141892,open,0.0,35.6,0.0005,0.011,0.00126124,80.23,0.001,0.0,BTC-20SEP19-8000-P,10239.39,69.69,0.0005,49.0,0.002,57.0,87.04,0.9643,-3.91687,-0.07103,4e-05,-0.02425
10372.86,SYN.BTC-25OCT19,1568113141891,open,0.21,14.4,0.169,0.247,0.20806203,75.05,0.171,0.0,BTC-25OCT19-12000-P,10239.39,0.0,0.1565,20.0,0.988,0.4,500.0,13.27281,-11.09804,-11.11585,0.00013,-0.66356
181.87,SYN.ETH-20SEP19,1568113141907,open,0.29,0.0,0.264,0.308,0.286179,98.92,None,0.0,ETH-20SEP19-130-C,181.02,0.0,0.0,0.0,0.0,0.0,0.0,0.01197,-0.05993,0.03434,0.00135,0.98401
187.34,SYN.ETH-27MAR20,1568113141965,open,0.01,422.0,0.005,0.027,0.014192,82.48,0.012,0.0,ETH-27MAR20-80-P,181.02,77.59,0.011,50.0,0.013,40.0,80.72,0.12961,-0.02688,-0.05978,0.00082,-0.04437
181.87,SYN.ETH-20SEP19,1568113141982,open,0.0,5.0,0.001,0.011,0.001021,99.51,0.003,0.0,ETH-20SEP19-130-P,181.02,0.0,0.0,0.0,0.002,604.0,111.09,0.01227,-0.06182,-0.00086,0.00138,-0.01646
181.87,SYN.ETH-20SEP19,1568113142065,open,0.24,0.0,0.207,0.256,0.231709,85.38,None,0.0,ETH-20SEP19-140-C,181.02,0.0,0.0,0.0,0.0,0.0,0.0,0.01842,-0.07962,0.0365,0.00241,0.97339
187.34,SYN.ETH-27MAR20,1568113142123,open,0.06,1179.0,0.035,0.094,0.064244,82.48,0.07,0.0,ETH-27MAR20-120-P,181.02,77.03,0.055,300.0,0.063,280.0,81.76,0.32256,-0.06689,-0.21878,0.00205,-0.15009
181.87,SYN.ETH-20SEP19,1568113142137,open,0.0,5.0,0.001,0.011,0.001538,85.8,0.007,0.0,ETH-20SEP19-140-P,181.02,0.0,0.0,0.0,0.003,800.0,97.31,0.01873,-0.08136,-0.00141,0.00244,-0.02714
187.34,SYN.ETH-27MAR20,1568113142203,open,0.31,222.0,0.25,0.345,0.301821,82.47,0.313,0.0,ETH-27MAR20-160-C,181.02,69.81,0.27,5.0,0.318,3.0,88.91,0.47069,-0.09759,0.42017,0.00298,0.71346
181.87,SYN.ETH-20SEP19,1568113142203,open,0.19,0.0,0.151,0.204,0.178153,75.45,None,0.0,ETH-20SEP19-150-C,181.02,0.0,0.0,0.0,0.0,0.0,0.0,0.03242,-0.12386,0.03782,0.0048,0.94678
181.87,SYN.ETH-20SEP19,1568113142263,open,0.0,101.0,0.001,0.012,0.00297,75.7,0.009,0.0,ETH-20SEP19-150-P,181.02,75.87,0.003,100.0,0.005,200.0,85.52,0.03269,-0.12528,-0.00279,0.00482,-0.05377
187.34,SYN.ETH-27MAR20,1568113142279,open,0.15,224.0,0.106,0.203,0.155932,82.48,0.149,0.0,ETH-27MAR20-160-P,181.02,78.93,0.147,240.0,0.159,540.0,83.7,0.47068,-0.09761,-0.45165,0.00298,-0.28654
181.87,SYN.ETH-20SEP19,1568113142336,open,0.14,0.0,0.098,0.157,0.129045,74.6,None,0.0,ETH-20SEP19-160-C,181.02,0.0,0.0,0.0,0.0,0.0,0.0,0.06479,-0.24469,0.03624,0.0097,0.8655
187.34,SYN.ETH-27MAR20,1568113142367,open,0.22,505.0,0.159,0.262,0.214822,82.47,0.21,0.0,ETH-27MAR20-200-C,181.02,81.14,0.211,5.0,0.22,540.0,84.26,0.54108,-0.11218,0.37078,0.00343,0.57806
187.34,SYN.ETH-27MAR20,1568113142459,open,0.28,984.0,0.218,0.341,0.282461,82.49,0.28,0.0,ETH-27MAR20-200-P,181.02,79.56,0.274,24.0,0.292,240.0,85.8,0.54107,-0.11221,-0.71897,0.00343,-0.4219
181.87,SYN.ETH-20SEP19,1568113142526,open,0.09,2.0,0.054,0.116,0.086506,73.83,0.05,0.0,ETH-20SEP19-170-C,181.02,69.16,0.084,100.0,0.091,100.0,81.98,0.09869,-0.3689,0.03172,0.01494,0.7312
187.34,SYN.ETH-27MAR20,1568113142534,open,0.16,280.0,0.105,0.207,0.15898,84.28,0.153,0.0,ETH-27MAR20-240-C,181.02,82.92,0.155,4.0,0.163,540.0,85.65,0.54958,-0.11645,0.31265,0.00341,0.46527
181.87,SYN.ETH-20SEP19,1568113142596,open,0.02,13.0,0.005,0.044,0.021299,73.92,0.025,0.0,ETH-20SEP19-170-P,181.02,71.52,0.02,100.0,0.022,20.0,75.21,0.09873,-0.36952,-0.01429,0.01492,-0.26901
187.34,SYN.ETH-27MAR20,1568113142621,open,0.43,130.0,0.366,0.509,0.440093,84.28,0.417,0.0,ETH-27MAR20-240-P,181.02,81.52,0.432,240.0,0.448,240.0,86.97,0.54959,-0.11646,-0.99503,0.00341,-0.53471
182.47,ETH-27SEP19,1568113142679,open,0.0,3408.0,0.001,0.011,0.001466,116.92,0.002,0.0,ETH-27SEP19-320-C,181.02,111.25,0.001,20.0,0.002,649.0,122.09,0.01695,-0.0587,0.00135,0.00094,0.01749
182.47,ETH-27SEP19,1568113142682,open,0.0,6399.0,0.001,0.011,5e-06,124.99,0.001,0.0,ETH-27SEP19-520-C,181.02,0.0,0.0,0.0,0.001,340.0,187.76,0.00013,-0.00049,1e-05,1e-05,8e-05
181.87,SYN.ETH-20SEP19,1568113142853,open,0.04,5.0,0.016,0.073,0.043247,73.89,0.042,0.0,ETH-20SEP19-180-P,181.02,68.89,0.04,100.0,0.047,421.0,79.67,0.11808,-0.44177,-0.02388,0.01786,-0.44206
187.34,SYN.ETH-27MAR20,1568113142961,open,0.78,1.0,0.715,0.879,0.79751,85.92,0.827,0.0,ETH-27MAR20-320-P,181.02,0.0,0.0,0.0,0.824,3.0,95.94,0.48013,-0.10372,-1.52952,0.00292,-0.70093
181.87,SYN.ETH-20SEP19,1568113142989,open,0.07,0.0,0.041,0.11,0.075068,73.89,None,0.0,ETH-20SEP19-190-P,181.02,62.5,0.068,120.0,0.082,120.0,84.85,0.11412,-0.42696,-0.03408,0.01726,-0.61757
182.47,ETH-27SEP19,1568113143012,open,0.0,1988.0,0.001,0.011,0.001946,97.41,0.003,0.0,ETH-27SEP19-280-C,181.02,88.57,0.001,1200.0,0.003,600.0,104.4,0.02386,-0.06885,0.00205,0.00159,0.02621
187.34,SYN.ETH-27MAR20,1568113143048,open,0.07,49.0,0.033,0.11,0.070254,87.34,0.078,0.0,ETH-27MAR20-360-C,181.02,85.49,0.066,220.0,0.075,520.0,89.37,0.43457,-0.09543,0.17822,0.0026,0.24485
181.87,SYN.ETH-20SEP19,1568113143061,open,0.02,28.0,0.003,0.037,0.01684,75.93,0.017,0.0,ETH-20SEP19-200-C,181.02,68.22,0.013,540.0,0.02,541.0,81.95,0.09351,-0.3595,0.0111,0.01376,0.24245
187.34,SYN.ETH-27MAR20,1568113143125,open,0.98,0.0,0.906,1.078,0.991899,87.34,None,0.0,ETH-27MAR20-360-P,181.02,0.0,0.0,0.0,1.023,3.0,100.0,0.43457,-0.09543,-1.7833,0.0026,-0.75515
183.35,SYN.ETH-25OCT19,1568113143182,open,0.08,427.0,0.043,0.108,0.074961,78.72,0.079,0.0,ETH-25OCT19-200-C,181.02,75.85,0.071,468.0,0.078,372.0,80.94,0.25249,-0.22145,0.07998,0.00776,0.42977
183.35,SYN.ETH-25OCT19,1568113143193,open,0.02,19.0,0.008,0.04,0.020858,78.72,0.021,0.0,ETH-25OCT19-140-P,181.02,76.21,0.019,340.0,0.023,723.0,81.53,0.13771,-0.12079,-0.03454,0.00423,-0.13238
187.34,SYN.ETH-27MAR20,1568113143208,open,0.06,255.0,0.024,0.093,0.056527,88.78,0.061,0.0,ETH-27MAR20-400-C,181.02,87.07,0.053,280.0,0.06,520.0,90.43,0.39099,-0.08727,0.14984,0.0023,0.20333
183.35,SYN.ETH-25OCT19,1568113143213,open,0.12,474.0,0.081,0.154,0.117037,77.9,0.112,0.0,ETH-25OCT19-180-C,181.02,75.7,0.114,336.0,0.121,315.0,80.81,0.25119,-0.21802,0.10455,0.0078,0.58083
182.46,ETH-27SEP19,1568113143228,open,0.03,2376.0,0.01,0.055,0.030935,76.38,0.031,0.0,ETH-27SEP19-200-C,181.02,72.51,0.028,566.0,0.033,240.0,79.06,0.1397,-0.31614,0.02411,0.01188,0.31676
182.46,ETH-27SEP19,1568113143242,open,0.08,1544.0,0.039,0.101,0.071163,75.43,0.074,0.0,ETH-27SEP19-180-C,181.02,70.51,0.067,756.0,0.075,416.0,79.96,0.15441,-0.34507,0.0417,0.0133,0.56544
182.46,ETH-27SEP19,1568113143244,open,0.12,2697.0,0.087,0.166,0.127006,76.3,0.122,0.0,ETH-27SEP19-200-P,181.02,71.01,0.123,120.0,0.132,360.0,82.75,0.13966,-0.31572,-0.06837,0.01189,-0.68347
185.31,ETH-27DEC19,1568113143247,open,0.01,1857.0,0.001,0.023,0.009313,93.22,0.009,0.0,ETH-27DEC19-480-C,181.02,90.86,0.008,300.0,0.011,500.0,95.99,0.10741,-0.04641,0.02345,0.00114,0.05213
185.31,ETH-27DEC19,1568113143259,open,1.58,21.0,1.518,1.689,1.599427,92.98,0.629,0.0,ETH-27DEC19-480-P,181.02,0.0,0.001,7.0,0.0,0.0,0.0,0.10644,-0.04587,-1.39543,0.00113,-0.94846
185.31,ETH-27DEC19,1568113143261,open,1.37,0.0,1.31,1.472,1.387253,92.04,None,0.0,ETH-27DEC19-440-P,181.02,0.0,0.001,8.0,0.0,0.0,0.0,0.13482,-0.05752,-1.26928,0.00144,-0.9303
183.35,SYN.ETH-25OCT19,1568113143281,open,0.02,19.0,0.008,0.04,0.020858,78.72,0.021,0.0,ETH-25OCT19-140-P,181.02,76.21,0.019,100.0,0.023,723.0,81.53,0.13771,-0.12079,-0.03454,0.00423,-0.13238
185.31,ETH-27DEC19,1568113143285,open,0.04,1021.0,0.013,0.061,0.034435,84.8,0.037,0.0,ETH-27DEC19-320-C,181.02,83.01,0.032,10.0,0.037,220.0,86.64,0.25488,-0.10018,0.07421,0.00296,0.16994
185.31,ETH-27DEC19,1568113143287,open,0.21,2379.0,0.164,0.269,0.218091,78.52,0.21,0.0,ETH-27DEC19-200-P,181.02,75.24,0.211,24.0,0.224,240.0,81.24,0.40166,-0.14617,-0.38571,0.00504,-0.48616
185.31,ETH-27DEC19,1568113143289,open,2.0,0.0,1.935,2.127,2.027243,95.64,0.845,0.0,ETH-27DEC19-560-P,181.02,0.0,0.0,0.0,0.0,0.0,0.0,0.07034,-0.03118,-1.64102,0.00072,-0.96905
182.46,ETH-27SEP19,1568113143296,open,2.47,0.0,2.406,2.615,2.507426,0.0,None,0.0,ETH-27SEP19-640-P,181.02,0.0,0.0,0.0,0.0,0.0,0.0,0.0,0.0,-0.2959,0.0,-1.0
182.46,ETH-27SEP19,1568113143317,open,0.0,11166.0,0.001,0.013,0.003761,78.85,0.003,0.0,ETH-27SEP19-140-P,181.02,75.2,0.003,460.0,0.005,700.0,84.05,0.04032,-0.09419,-0.00452,0.00332,-0.04977
183.35,SYN.ETH-25OCT19,1568113143321,open,0.05,112.0,0.026,0.081,0.050411,77.98,0.052,0.0,ETH-25OCT19-160-P,181.02,74.97,0.047,228.0,0.053,642.0,80.22,0.20966,-0.18217,-0.0706,0.00651,-0.26276
187.34,SYN.ETH-27MAR20,1568113143328,open,1.17,0.0,1.103,1.283,1.191688,88.78,None,0.0,ETH-27MAR20-400-P,181.02,0.0,0.001,10.0,1.228,3.0,104.64,0.39099,-0.08727,-2.02962,0.0023,-0.79667
183.35,SYN.ETH-25OCT19,1568113143355,open,0.09,115.0,0.063,0.139,0.098782,77.94,0.1,0.0,ETH-25OCT19-180-P,181.02,74.43,0.094,393.0,0.103,537.0,81.0,0.25119,-0.21813,-0.11676,0.0078,-0.41915
185.31,ETH-27DEC19,1568113143397,open,0.18,496.0,0.134,0.219,0.18001,77.9,0.18,0.0,ETH-27DEC19-180-C,181.02,75.02,0.174,100.0,0.186,240.0,80.78,0.38641,-0.13952,0.23573,0.00489,0.61042
187.34,SYN.ETH-27MAR20,1568113143482,open,1.37,0.0,1.302,1.49,1.393975,89.6,None,0.0,ETH-27MAR20-440-P,181.02,0.0,0.002,10.0,1.438,3.0,110.12,0.34788,-0.07836,-2.2717,0.00203,-0.83155
10253.89,SYN.BTC-13SEP19,1568113143582,open,0.12,24.0,0.1,0.1475,0.12253435,72.38,0.109,0.0,BTC-13SEP19-11500-P,10239.4,0.0,0.1105,5.1,0.126,4.0,100.76,0.7812,-9.83174,-0.8747,0.00013,-0.9602
183.34,SYN.ETH-25OCT19,1568113143611,open,0.16,211.0,0.122,0.211,0.165789,78.7,0.203,0.0,ETH-25OCT19-200-P,181.02,73.76,0.159,96.0,0.17,240.0,81.76,0.25246,-0.22138,-0.16593,0.00776,-0.57034
187.33,SYN.ETH-27MAR20,1568113143641,open,1.58,0.0,1.505,1.703,1.600817,91.4,None,0.0,ETH-27MAR20-480-P,181.02,0.0,0.003,10.0,0.0,0.0,0.0,0.31541,-0.07248,-2.50646,0.0018,-0.85483
185.31,ETH-27DEC19,1568113143689,open,0.07,2.0,0.033,0.1,0.066235,81.52,0.064,0.0,ETH-27DEC19-260-C,181.02,79.24,0.062,540.0,0.07,240.0,83.52,0.3469,-0.13107,0.12459,0.00419,0.29371
183.34,SYN.ETH-25OCT19,1568113143689,open,0.05,25.0,0.021,0.075,0.047071,79.66,0.05,0.0,ETH-25OCT19-220-C,181.02,77.14,0.044,643.0,0.05,643.0,82.03,0.22483,-0.19955,0.0579,0.00683,0.30396
183.34,SYN.ETH-25OCT19,1568113143843,open,0.01,2063.0,0.003,0.028,0.012414,84.38,0.012,0.0,ETH-25OCT19-280-C,181.02,82.01,0.011,200.0,0.014,720.0,86.89,0.11256,-0.10583,0.01967,0.00323,0.09969
181.27,SYN.ETH-13SEP19,1568113143862,open,0.07,493.0,0.036,0.096,0.067656,73.87,0.081,0.0,ETH-13SEP19-170-C,181.02,59.92,0.065,100.0,0.071,40.0,88.41,0.03849,-0.49433,0.01109,0.02013,0.84408
187.33,SYN.ETH-27MAR20,1568113143894,open,0.03,324.0,0.008,0.052,0.02626,92.66,0.03,0.0,ETH-27MAR20-560-C,181.02,90.92,0.024,200.0,0.029,540.0,94.66,0.2497,-0.05817,0.07935,0.00141,0.104
10253.9,SYN.BTC-13SEP19,1568113143895,open,0.04,254.6,0.0145,0.0635,0.03822507,68.01,0.0365,0.0,BTC-13SEP19-10500-P,10239.4,61.24,0.036,6.3,0.0385,0.4,68.84,3.39985,-40.20399,-0.54919,0.0006,-0.64158
181.27,SYN.ETH-13SEP19,1568113143936,open,0.0,1086.0,0.001,0.021,0.005499,73.83,0.004,0.0,ETH-13SEP19-170-P,181.02,71.44,0.005,100.0,0.007,653.0,80.62,0.03847,-0.49378,-0.0023,0.02013,-0.15579
185.31,ETH-27DEC19,1568113144013,open,0.03,900.0,0.009,0.052,0.028168,85.81,0.031,0.0,ETH-27DEC19-340-C,181.02,83.15,0.025,220.0,0.031,560.0,88.07,0.22726,-0.09038,0.06278,0.00261,0.1428
10481.89,BTC-27DEC19,1568113144018,open,0.09,296.7,0.052,0.127,0.08956297,77.19,0.093,0.0,BTC-27DEC19-13000-C,10239.4,76.2,0.0875,0.4,0.091,0.4,77.89,21.71216,-7.7685,9.02453,9e-05,0.38087
182.46,ETH-27SEP19,1568113144119,open,0.0,1988.0,0.001,0.011,0.001945,97.42,0.003,0.0,ETH-27SEP19-280-C,181.02,88.58,0.001,1420.0,0.003,600.0,104.41,0.02385,-0.06885,0.00205,0.00159,0.02621
185.31,ETH-27DEC19,1568113144158,open,0.02,10.0,0.006,0.04,0.019855,88.24,0.016,0.0,ETH-27DEC19-380-C,181.02,86.31,0.018,400.0,0.022,560.0,90.37,0.18237,-0.07459,0.04628,0.00204,0.10435
181.27,SYN.ETH-13SEP19,1568113144320,open,0.0,2128.0,0.001,0.012,0.001963,73.42,0.003,0.0,ETH-13SEP19-200-C,181.02,63.88,0.001,303.0,0.003,202.0,81.21,0.02157,-0.27537,0.00097,0.01135,0.06987
10324.54,BTC-27SEP19,1568113144444,open,0.33,727.9,0.3085,0.339,0.32319539,88.54,0.321,0.0,BTC-27SEP19-7000-C,10239.4,0.0,0.3165,9.0,0.3295,9.0,125.86,0.9039,-2.3712,3.15286,2e-05,0.98368
181.27,SYN.ETH-13SEP19,1568113144475,open,0.0,653.0,0.001,0.011,0.001362,93.48,0.001,0.0,ETH-13SEP19-210-C,181.02,88.48,0.001,42.0,0.002,900.0,100.68,0.01433,-0.23285,0.00058,0.00592,0.04165
10253.89,SYN.BTC-13SEP19,1568113131845,open,0.01,403.6,0.001,0.0335,0.01342211,68.01,0.011,0.0,BTC-13SEP19-10000-P,10239.4,61.96,0.0115,28.8,0.014,16.7,69.81,3.28794,-38.87908,-0.2758,0.00058,-0.32797
10253.89,SYN.BTC-13SEP19,1568113102279,open,0.0,412.1,0.0005,0.011,0.00100834,72.39,0.001,0.0,BTC-13SEP19-11500-C,10239.4,64.3,0.0005,54.7,0.0015,14.9,78.12,0.78136,-9.83439,0.03135,0.00013,0.03981
10253.89,SYN.BTC-13SEP19,1568113135694,open,0.04,225.6,0.015,0.0615,0.0381821,68.01,0.044,0.0,BTC-13SEP19-10000-C,10239.4,62.73,0.0365,23.6,0.039,3.5,70.55,3.28795,-38.87971,0.51206,0.00058,0.67202
10253.89,SYN.BTC-13SEP19,1568113131859,open,0.07,93.1,0.0525,0.103,0.07711373,70.99,0.0735,0.0,BTC-13SEP19-11000-P,10239.4,37.97,0.073,6.0,0.078,0.4,75.34,2.01968,-24.93075,-0.75756,0.00034,-0.86062
10253.9,SYN.BTC-13SEP19,1568113129878,open,0.0,714.5,0.0005,0.017,0.00434993,71.0,0.0045,0.0,BTC-13SEP19-11000-C,10239.4,69.19,0.004,10.3,0.005,24.5,74.21,2.01976,-24.93198,0.10909,0.00034,0.13939
10253.9,SYN.BTC-13SEP19,1568112909067,open,0.0,321.3,0.0005,0.0105,0.00018904,119.99,0.0005,0.0,BTC-13SEP19-13500-C,10239.4,0.0,0.0,0.0,0.0005,18.0,134.66,0.14831,-1.93836,0.00447,1e-05,0.00572
10253.9,SYN.BTC-13SEP19,1568112905717,open,0.0,412.1,0.0005,0.0105,0.00036754,97.72,0.0005,0.0,BTC-13SEP19-12500-C,10239.4,0.0,0.0,0.0,0.0005,18.0,101.85,0.29526,-3.76881,0.00983,4e-05,0.01254
10253.9,SYN.BTC-13SEP19,1568112912131,open,0.0,490.2,0.0005,0.0105,0.00037687,114.46,0.0005,0.0,BTC-13SEP19-13000-C,10239.4,0.0,0.0,0.0,0.0005,18.0,118.74,0.267,-3.86444,0.00871,3e-05,0.01116
10253.89,SYN.BTC-13SEP19,1568112912109,open,0.0,262.2,0.0005,0.0105,0.00024418,116.28,0.0005,0.0,BTC-13SEP19-8000-P,10239.4,0.0,0.0,0.0,0.0005,33.3,127.6,0.17773,-2.50377,-0.00587,2e-05,-0.00702
10253.89,SYN.BTC-13SEP19,1568112931909,open,0.0,524.3,0.0005,0.0105,0.00069246,88.01,0.001,0.0,BTC-13SEP19-12000-C,10239.4,83.79,0.0005,4.3,0.001,25.0,93.42,0.51748,-7.10013,0.01898,7e-05,0.02419
10253.89,SYN.BTC-13SEP19,1568112918868,open,0.0,517.2,0.0005,0.011,0.00125201,85.64,0.0015,0.0,BTC-13SEP19-9000-P,10239.4,82.11,0.001,156.5,0.0015,40.0,88.73,0.77988,-11.6123,-0.0331,0.00011,-0.03972
10253.9,SYN.BTC-13SEP19,1568112909002,open,0.0,255.9,0.0005,0.0105,0.00049433,99.74,0.0005,0.0,BTC-13SEP19-8500-P,10239.4,0.0,0.0,0.0,0.001,18.5,111.37,0.34986,-5.06902,-0.01273,4e-05,-0.01526
10253.89,SYN.BTC-13SEP19,1568113128039,open,0.08,39.8,0.0555,0.098,0.07662607,69.66,0.0865,0.0,BTC-13SEP19-9500-C,10239.4,61.87,0.0755,6.0,0.0805,6.0,90.09,1.62923,-19.73234,0.66295,0.00028,0.89725
10289.2,SYN.BTC-20SEP19,1568113130138,open,0.02,46.9,0.005,0.0405,0.01983187,68.44,0.0195,0.0,BTC-20SEP19-11000-C,10239.4,65.19,0.018,28.9,0.021,0.4,70.49,5.84519,-20.25523,0.76776,0.0003,0.29562
10289.17,SYN.BTC-20SEP19,1568113099044,open,0.03,46.4,0.0115,0.056,0.03134958,68.02,0.0275,0.0,BTC-20SEP19-10000-P,10239.4,65.05,0.0295,4.2,0.032,24.0,69.06,6.4337,-22.15552,-1.13959,0.00033,-0.378
10372.95,SYN.BTC-25OCT19,1568113128551,open,0.08,55.1,0.0485,0.1105,0.077857,73.31,0.0785,0.0,BTC-25OCT19-11000-C,10239.4,72.34,0.0765,14.4,0.0805,5.5,75.21,14.43806,-11.79352,4.87682,0.00015,0.46025
10289.22,SYN.BTC-20SEP19,1568113099095,open,0.01,38.2,0.0035,0.034,0.0150453,68.1,0.013,0.0,BTC-20SEP19-9500-P,10239.4,65.94,0.014,4.0,0.016,24.0,70.04,5.02586,-17.32908,-0.65746,0.00026,-0.22112
10289.17,SYN.BTC-20SEP19,1568112909115,open,0.0,27.9,0.0005,0.0115,0.00170333,76.23,0.002,0.0,BTC-20SEP19-13000-C,10239.4,74.6,0.0015,0.1,0.002,30.0,78.42,1.33081,-5.1365,0.09479,6e-05,0.03575
10289.2,SYN.BTC-20SEP19,1568113125819,open,0.05,10.4,0.0305,0.0845,0.0560405,68.01,0.054,0.0,BTC-20SEP19-10500-P,10239.4,64.87,0.054,4.9,0.056,0.1,67.94,6.6991,-23.06584,-1.68684,0.00034,-0.54988
10289.17,SYN.BTC-20SEP19,1568113102317,open,0.01,56.8,0.0005,0.0265,0.01049944,69.3,0.0115,0.0,BTC-20SEP19-11500-C,10239.4,66.94,0.0095,29.3,0.0115,19.0,71.6,4.42652,-15.53202,0.46928,0.00022,0.17907
10373.0,SYN.BTC-25OCT19,1568113102245,open,0.05,42.8,0.025,0.079,0.05118949,75.04,0.05,0.0,BTC-25OCT19-12000-C,10239.4,72.93,0.0485,29.3,0.053,25.3,76.45,13.27285,-11.09679,3.63782,0.00013,0.33643
10289.2,SYN.BTC-20SEP19,1568113114310,open,0.0,108.5,0.0005,0.0125,0.00280912,72.4,0.003,0.0,BTC-20SEP19-12500-C,10239.4,67.74,0.002,62.8,0.0035,30.0,75.83,1.95411,-7.16315,0.1527,9e-05,0.05766
10289.2,SYN.BTC-20SEP19,1568113082596,open,0.01,88.2,0.0005,0.0185,0.00611241,68.7,0.0055,0.0,BTC-20SEP19-9000-P,10239.4,66.64,0.0055,35.2,0.0065,0.5,69.96,3.1257,-10.87236,-0.31568,0.00016,-0.10728
10253.9,SYN.BTC-13SEP19,1568113123270,open,0.17,20.5,0.1545,0.19,0.17154154,99.7,0.175,0.0,BTC-13SEP19-8500-C,10239.4,0.0,0.166,5.0,0.1815,6.1,191.12,0.3493,-6.05537,0.65698,4e-05,0.98477
10289.17,SYN.BTC-20SEP19,1568112908933,open,0.0,1.8,0.0005,0.0105,0.00095912,78.66,0.002,0.0,BTC-20SEP19-13500-C,10239.4,71.89,0.0005,39.0,0.0015,36.8,84.28,0.8523,-3.39409,0.05565,4e-05,0.02095
10372.9,SYN.BTC-25OCT19,1568113048338,open,0.01,257.3,0.0035,0.03,0.01363573,78.35,0.016,0.0,BTC-25OCT19-15000-C,10239.4,76.63,0.0125,14.0,0.015,54.0,80.32,7.01758,-6.12581,1.28043,7e-05,0.11404
10372.95,SYN.BTC-25OCT19,1568113130136,open,0.14,18.6,0.103,0.177,0.13830727,73.32,0.135,0.0,BTC-25OCT19-11000-P,10239.4,70.94,0.135,4.8,0.1405,5.9,74.89,14.43809,-11.79417,-8.64734,0.00015,-0.53974
10372.9,SYN.BTC-25OCT19,1568113080808,open,0.01,468.4,0.0005,0.022,0.00881562,79.37,0.0075,0.0,BTC-25OCT19-16000-C,10239.4,76.69,0.0075,49.0,0.01,28.8,81.61,5.30834,-4.69428,0.88328,5e-05,0.07807
10372.95,SYN.BTC-25OCT19,1568113093713,open,0.08,93.3,0.0535,0.118,0.08314676,73.08,0.0825,0.0,BTC-25OCT19-10000-P,10239.4,70.74,0.08,5.2,0.085,18.0,74.45,13.98691,-11.38837,-6.07484,0.00014,-0.39319
10372.9,SYN.BTC-25OCT19,1568113080783,open,0.02,158.5,0.0065,0.041,0.02095175,77.0,0.0235,0.0,BTC-25OCT19-14000-C,10239.4,75.31,0.0195,18.6,0.022,0.4,78.2,9.01554,-7.73491,1.83239,9e-05,0.16463
10482.04,BTC-27DEC19,1568113125817,open,0.14,421.7,0.095,0.1775,0.13674363,75.42,0.128,0.0,BTC-27DEC19-10000-P,10239.4,73.85,0.1335,0.4,0.138,0.4,76.03,21.60024,-7.55114,-15.83962,9e-05,-0.37455
10482.04,BTC-27DEC19,1568113128199,open,0.14,617.3,0.101,0.1825,0.1433107,75.62,0.155,0.0,BTC-27DEC19-11000-C,10239.4,74.32,0.1405,12.0,0.146,12.0,76.87,22.64543,-7.93732,12.13922,9e-05,0.53516
10372.9,SYN.BTC-25OCT19,1568113080804,open,0.03,68.4,0.013,0.0565,0.03265238,75.86,0.0335,0.0,BTC-25OCT19-13000-C,10239.4,74.33,0.031,4.8,0.034,0.5,77.1,11.23171,-9.49361,2.60728,0.00011,0.23709
10372.95,SYN.BTC-25OCT19,1568113080799,open,0.01,747.4,0.0005,0.0165,0.00593812,80.86,0.006,0.0,BTC-25OCT19-17000-C,10239.4,78.33,0.005,10.0,0.007,44.7,83.47,4.03072,-3.63152,0.62234,4e-05,0.05474
10482.04,BTC-27DEC19,1568113126765,open,0.19,240.6,0.146,0.238,0.19273976,75.63,0.19,0.0,BTC-27DEC19-11000-P,10239.4,73.9,0.189,14.4,0.196,4.7,77.14,22.64537,-7.93802,-20.37136,9e-05,-0.46483
10482.04,BTC-27DEC19,1568113119683,open,0.18,478.7,0.1405,0.221,0.18271721,75.42,0.186,0.0,BTC-27DEC19-10000-C,10239.4,74.58,0.181,0.1,0.185,12.0,76.53,21.60029,-7.5505,13.71569,9e-05,0.62545
10481.97,BTC-27DEC19,1568113126832,open,0.11,307.8,0.073,0.1525,0.11355294,76.59,0.1135,0.0,BTC-27DEC19-12000-C,10239.4,75.17,0.1105,13.0,0.116,26.2,77.73,22.57952,-8.01568,10.53384,9e-05,0.45358
10482.04,BTC-27DEC19,1568113124899,open,0.48,203.3,0.436,0.5405,0.48752147,78.55,0.48,0.0,BTC-27DEC19-15000-P,10239.4,69.47,0.472,6.1,0.4985,5.0,84.57,18.69232,-6.80576,-37.84968,7e-05,-0.73424
10482.04,BTC-27DEC19,1568113119830,open,0.01,313.1,0.0035,0.027,0.01347055,77.35,0.0135,0.0,BTC-27DEC19-6000-P,10239.4,76.64,0.013,24.0,0.014,6.8,78.14,6.97738,-2.50147,-2.34264,3e-05,-0.06215
10481.97,BTC-27DEC19,1568113123278,open,0.26,87.4,0.208,0.307,0.25837591,76.6,0.2575,0.0,BTC-27DEC19-12000-P,10239.4,74.56,0.254,7.0,0.2625,7.0,78.51,22.57959,-8.01612,-24.93207,9e-05,-0.54641
10481.97,BTC-27DEC19,1568113129897,open,0.03,491.1,0.01,0.0555,0.02951796,80.58,0.03,0.0,BTC-27DEC19-18000-C,10239.4,79.79,0.0285,4.3,0.031,48.2,81.71,13.57752,-5.0709,3.88674,5e-05,0.15498
10481.97,BTC-27DEC19,1568113119820,open,0.02,291.4,0.0075,0.038,0.02063914,77.13,0.0195,0.0,BTC-27DEC19-6500-P,10239.4,75.22,0.019,48.4,0.022,30.0,78.67,9.14898,-3.27087,-3.3852,4e-05,-0.08863
10482.04,BTC-27DEC19,1568113126824,open,0.09,577.8,0.0555,0.126,0.09040855,75.42,0.088,0.0,BTC-27DEC19-9000-P,10239.4,73.84,0.0875,0.4,0.0905,13.0,75.47,19.24996,-6.72946,-11.53837,8e-05,-0.28204
10482.04,BTC-27DEC19,1568113123426,open,0.07,496.5,0.0375,0.107,0.07124491,78.01,0.073,0.0,BTC-27DEC19-14000-C,10239.4,77.37,0.07,0.1,0.0725,0.4,78.66,20.35364,-7.35957,7.67755,8e-05,0.31907
10324.54,BTC-27SEP19,1568113114296,open,0.04,1025.2,0.0145,0.059,0.0355633,71.14,0.036,0.0,BTC-27SEP19-11000-C,10239.4,69.21,0.034,0.1,0.0365,0.4,72.3,8.36535,-17.63158,1.58572,0.00024,0.36775
10481.97,BTC-27DEC19,1568113080311,open,0.05,266.1,0.0195,0.0765,0.04545703,79.38,0.0445,0.0,BTC-27DEC19-16000-C,10239.4,78.16,0.0435,4.8,0.047,27.6,80.32,16.97488,-6.24507,5.47951,7e-05,0.22233
10482.04,BTC-27DEC19,1568113128131,open,0.05,593.1,0.0285,0.083,0.05439816,75.56,0.0525,0.0,BTC-27DEC19-8000-P,10239.4,73.95,0.052,19.3,0.056,16.0,76.63,15.66266,-5.48536,-7.69557,6e-05,-0.19401
10324.46,BTC-27SEP19,1568113080056,open,0.01,237.8,0.0005,0.025,0.00990859,74.31,0.011,0.0,BTC-27SEP19-12500-C,10239.4,72.29,0.009,4.8,0.011,63.9,76.63,4.7469,-10.45098,0.58296,0.00013,0.13203
10324.5,BTC-27SEP19,1568113124424,open,0.06,50.9,0.03,0.083,0.05256126,70.21,0.0585,0.0,BTC-27SEP19-10500-C,10239.4,68.39,0.051,0.4,0.054,4.5,71.89,8.85074,-18.4112,2.067,0.00026,0.48557
10324.54,BTC-27SEP19,1568113080052,open,0.02,1368.3,0.0035,0.032,0.01495256,72.52,0.0145,0.0,BTC-27SEP19-12000-C,10239.4,71.73,0.0145,1.5,0.0155,50.0,73.46,5.97889,-12.84594,0.82452,0.00017,0.18768
10324.54,BTC-27SEP19,1568113127681,open,0.1,315.2,0.07,0.1315,0.10099175,71.15,0.09,0.0,BTC-27SEP19-11000-P,10239.4,68.06,0.0985,6.1,0.102,0.5,72.39,8.36555,-17.63449,-3.50002,0.00024,-0.63222
10324.54,BTC-27SEP19,1568113079559,open,0.0,562.4,0.0005,0.0105,0.00082011,87.97,0.0015,0.0,BTC-27SEP19-16000-C,10239.4,82.8,0.0005,1.0,0.001,35.0,90.28,0.75137,-1.95843,0.05894,2e-05,0.01317
10324.54,BTC-27SEP19,1568113080766,open,0.01,580.0,0.0005,0.018,0.00641703,75.59,0.009,0.0,BTC-27SEP19-13000-C,10239.4,72.88,0.0055,30.1,0.0075,71.5,78.56,3.62626,-8.12166,0.40239,0.0001,0.09071
10324.54,BTC-27SEP19,1568112995119,open,0.0,785.3,0.0005,0.011,0.00147053,83.48,0.002,0.0,BTC-27SEP19-15000-C,10239.4,78.99,0.001,67.9,0.002,38.0,87.53,1.22005,-3.01772,0.10389,3e-05,0.02323
10324.54,BTC-27SEP19,1568113127798,open,0.19,4.0,0.163,0.2065,0.18472047,74.74,0.2155,0.0,BTC-27SEP19-8500-C,10239.4,45.53,0.1775,8.0,0.192,8.0,91.76,3.85209,-8.53001,3.42179,0.0001,0.90154
10324.46,BTC-27SEP19,1568113126739,open,0.14,8.6,0.107,0.1715,0.13725362,71.93,0.1355,0.0,BTC-27SEP19-11500-P,10239.4,66.52,0.1335,0.5,0.1395,0.5,75.07,7.30867,-15.5767,-4.15088,0.00021,-0.73231
10324.54,BTC-27SEP19,1568113133096,open,0.17,106.2,0.1465,0.209,0.17723961,72.53,0.15,0.0,BTC-27SEP19-12000-P,10239.4,65.76,0.1735,0.5,0.1805,0.5,77.98,5.98005,-12.85114,-4.72341,0.00017,-0.81226
10324.54,BTC-27SEP19,1568113123336,open,0.08,711.9,0.0485,0.1025,0.07627902,70.23,0.079,0.0,BTC-27SEP19-10000-C,10239.4,68.07,0.0745,0.4,0.078,4.5,72.32,8.49921,-17.68498,2.56181,0.00025,0.61295
10324.54,BTC-27SEP19,1568112908884,open,0.0,1213.0,0.0005,0.011,0.0011917,88.6,0.001,0.0,BTC-27SEP19-7000-P,10239.4,78.42,0.0005,67.0,0.0015,7.6,91.86,0.90645,-2.37948,-0.08386,2e-05,-0.01638
10324.54,BTC-27SEP19,1568112912114,open,0.0,677.8,0.0005,0.0105,0.00050327,101.65,0.001,0.0,BTC-27SEP19-18000-C,10239.4,0.0,0.0,0.0,0.001,24.9,110.27,0.45821,-1.38004,0.03326,1e-05,0.00747
10324.54,BTC-27SEP19,1568113128483,open,0.04,772.6,0.021,0.07,0.04484517,70.24,0.045,0.0,BTC-27SEP19-10000-P,10239.4,67.38,0.0425,5.7,0.046,12.0,71.64,8.49925,-17.68737,-2.06173,0.00025,-0.38706
10324.5,BTC-27SEP19,1568113130145,open,0.07,126.7,0.044,0.1035,0.06955966,70.22,0.067,0.0,BTC-27SEP19-10500-P,10239.4,67.81,0.0675,0.5,0.07,1.0,70.73,8.85074,-18.41273,-2.78764,0.00026,-0.51442
10324.46,BTC-27SEP19,1568113129907,open,0.03,72.2,0.011,0.052,0.02639737,70.24,0.0265,0.0,BTC-27SEP19-9500-P,10239.4,68.24,0.025,24.0,0.027,0.4,71.09,7.27797,-15.14538,-1.39322,0.00021,-0.26547
10324.54,BTC-27SEP19,1568113092579,open,0.0,1223.1,0.0005,0.014,0.00418802,78.31,0.0045,0.0,BTC-27SEP19-8000-P,10239.4,75.3,0.0035,33.0,0.0045,4.9,79.59,2.46631,-5.72253,-0.2821,6e-05,-0.05491
10324.54,BTC-27SEP19,1568113080054,open,0.0,549.1,0.0005,0.0125,0.00284172,78.87,0.003,0.0,BTC-27SEP19-14000-C,10239.4,77.08,0.0025,3.0,0.003,1.0,79.65,2.04917,-4.78836,0.19429,5e-05,0.04354
10324.46,BTC-27SEP19,1568113081205,open,0.01,265.1,0.0005,0.0205,0.00800253,74.75,0.008,0.0,BTC-27SEP19-8500-P,10239.4,71.99,0.007,30.0,0.008,20.0,74.75,3.85351,-8.53499,-0.50844,0.0001,-0.09851
10324.54,BTC-27SEP19,1568113128385,open,0.03,142.3,0.008,0.047,0.0233958,71.93,0.0225,0.0,BTC-27SEP19-11500-C,10239.4,69.23,0.0215,30.1,0.0245,16.0,73.48,7.30864,-15.57526,1.16611,0.00021,0.26768
10324.54,BTC-27SEP19,1568112909026,open,0.0,795.8,0.0005,0.0105,0.00048707,117.57,0.0005,0.0,BTC-27SEP19-20000-C,10239.4,0.0,0.0,0.0,0.001,33.0,127.59,0.39991,-1.39307,0.02825,1e-05,0.0064
10253.91,SYN.BTC-13SEP19,1568113144880,open,0.0,517.2,0.0005,0.011,0.00125201,85.64,0.0015,0.0,BTC-13SEP19-9000-P,10239.4,82.11,0.001,156.5,0.0015,40.0,88.73,0.77988,-11.61246,-0.0331,0.00011,-0.03972
10482.04,BTC-27DEC19,1568113144913,open,0.01,295.5,0.0005,0.02,0.00919126,79.51,0.01,0.0,BTC-27DEC19-5500-P,10239.5,77.07,0.008,24.0,0.0105,60.3,82.02,5.28646,-1.94831,-1.64209,2e-05,-0.04381
10324.54,BTC-27SEP19,1568113144913,open,0.01,237.8,0.0005,0.025,0.00990859,74.31,0.011,0.0,BTC-27SEP19-12500-C,10239.5,72.29,0.009,4.8,0.011,63.9,76.63,4.74702,-10.45096,0.58298,0.00013,0.13204
10482.04,BTC-27DEC19,1568113144913,open,0.05,593.1,0.0285,0.083,0.05439816,75.56,0.0525,0.0,BTC-27DEC19-8000-P,10239.5,73.95,0.052,19.3,0.056,16.0,76.63,15.66266,-5.48536,-7.69557,6e-05,-0.19401
10482.04,BTC-27DEC19,1568113144913,open,0.14,421.7,0.095,0.1775,0.13674363,75.42,0.128,0.0,BTC-27DEC19-10000-P,10239.5,73.85,0.1335,0.4,0.138,0.4,76.03,21.60024,-7.55114,-15.83962,9e-05,-0.37455
10482.04,BTC-27DEC19,1568113144913,open,0.4,63.0,0.3775,0.424,0.4005228,77.12,0.4965,0.0,BTC-27DEC19-6500-C,10239.5,47.73,0.3825,10.0,0.4205,10.0,97.22,9.14746,-3.26993,15.82643,4e-05,0.91139
10324.54,BTC-27SEP19,1568113144913,open,0.06,50.9,0.03,0.083,0.05256126,70.21,0.0585,0.0,BTC-27SEP19-10500-C,10239.5,68.39,0.051,0.4,0.054,4.5,71.89,8.85078,-18.41153,2.06705,0.00026,0.48559
10324.54,BTC-27SEP19,1568113144913,open,0.57,289.7,0.5545,0.574,0.56417111,118.88,0.588,0.0,BTC-27SEP19-4500-C,10239.5,0.0,0.002,1.1,0.0,0.0,0.0,0.02962,-0.10432,2.07869,0.0,0.99963
10482.04,BTC-27DEC19,1568113144913,open,0.76,0.0,0.7525,0.772,0.76215165,107.82,None,0.0,BTC-27DEC19-2500-C,10239.5,0.0,0.0205,0.1,0.953,0.5,500.0,0.53482,-0.26727,7.27285,0.0,0.99691
10482.04,BTC-27DEC19,1568113144913,open,0.01,214.0,0.0005,0.0155,0.00511012,86.76,0.004,0.0,BTC-27DEC19-28000-C,10239.5,83.72,0.004,38.1,0.006,24.0,88.91,4.12757,-1.65985,0.84406,1e-05,0.03236
10324.54,BTC-27SEP19,1568113144913,open,0.14,8.6,0.107,0.1715,0.13725362,71.94,0.1355,0.0,BTC-27SEP19-11500-P,10239.5,66.53,0.1335,0.5,0.1395,0.5,75.08,7.30923,-15.57912,-4.15072,0.00021,-0.73228
10324.54,BTC-27SEP19,1568113144913,open,0.0,657.8,0.0005,0.0105,0.00013116,120.0,0.0005,0.0,BTC-27SEP19-5000-P,10239.5,0.0,0.0,0.0,0.0005,64.1,138.41,0.11788,-0.41912,-0.00848,0.0,-0.00165
10324.54,BTC-27SEP19,1568113144913,open,0.01,580.0,0.0005,0.018,0.00641703,75.59,0.009,0.0,BTC-27SEP19-13000-C,10239.5,72.88,0.0055,30.1,0.0075,71.5,78.56,3.62626,-8.12166,0.40239,0.0001,0.09071
10482.04,BTC-27DEC19,1568113144913,open,0.49,73.3,0.468,0.5025,0.48448348,79.51,0.475,0.0,BTC-27DEC19-5500-C,10239.5,0.0,0.471,11.0,0.498,11.0,100.72,5.28624,-1.94819,14.61324,2e-05,0.95619
10324.54,BTC-27SEP19,1568113144913,open,0.07,126.7,0.044,0.1035,0.06955966,70.21,0.067,0.0,BTC-27SEP19-10500-P,10239.5,67.81,0.0675,0.5,0.07,1.0,70.73,8.85078,-18.41274,-2.7876,0.00026,-0.51441
10482.04,BTC-27DEC19,1568113144913,open,0.14,617.3,0.101,0.1825,0.1433107,75.62,0.155,0.0,BTC-27DEC19-11000-C,10239.5,74.32,0.1405,12.0,0.146,12.0,76.87,22.64543,-7.93732,12.13922,9e-05,0.53516
10324.54,BTC-27SEP19,1568113144913,open,0.0,785.3,0.0005,0.011,0.00147053,83.48,0.002,0.0,BTC-27SEP19-15000-C,10239.5,78.99,0.001,67.9,0.002,38.0,87.53,1.22005,-3.01772,0.10389,3e-05,0.02323
10482.04,BTC-27DEC19,1568113144913,open,0.03,266.2,0.012,0.05,0.02911556,76.12,0.028,0.0,BTC-27DEC19-7000-P,10239.5,75.08,0.028,0.4,0.0305,50.3,77.4,11.29841,-3.98648,-4.57301,5e-05,-0.1185
10324.54,BTC-27SEP19,1568113144913,open,0.0,492.7,0.0005,0.0105,0.0,120.0,0.0005,0.0,BTC-27SEP19-2000-P,10239.5,0.0,0.0,0.0,0.0005,59.0,301.8,0.0,0.0,0.0,0.0,0.0
10482.04,BTC-27DEC19,1568113144913,open,0.57,23.1,0.5205,0.6255,0.57189666,79.39,0.5235,0.0,BTC-27DEC19-16000-P,10239.5,43.14,0.5305,4.0,0.61,4.0,100.76,16.97752,-6.24697,-41.80726,7e-05,-0.77761
10324.54,BTC-27SEP19,1568113144913,open,0.66,261.1,0.651,0.6705,0.66099967,0.0,0.714,0.0,BTC-27SEP19-3500-C,10239.5,0.0,0.161,1.0,0.7435,0.1,500.0,0.0,0.0,1.61822,0.0,1.0
10324.54,BTC-27SEP19,1568113144913,open,0.03,142.3,0.008,0.047,0.0233958,71.93,0.0225,0.0,BTC-27SEP19-11500-C,10239.5,69.23,0.0215,30.1,0.0245,16.0,73.48,7.30876,-15.57606,1.16615,0.00021,0.26769
10482.04,BTC-27DEC19,1568113144913,open,0.67,4.0,0.6575,0.677,0.66718008,88.83,0.666,0.0,BTC-27DEC19-3500-C,10239.5,0.0,0.0205,0.1,0.9685,1.0,500.0,0.9671,-0.39817,10.12516,0.0,0.99401
10324.54,BTC-27SEP19,1568113144913,open,0.19,4.0,0.163,0.2065,0.18472047,74.75,0.2155,0.0,BTC-27SEP19-8500-C,10239.5,45.53,0.1775,8.0,0.192,8.0,91.76,3.85319,-8.53409,3.42158,0.0001,0.9015
10482.04,BTC-27DEC19,1568113144913,open,0.04,234.6,0.019,0.065,0.04017238,75.56,0.039,0.0,BTC-27DEC19-7500-P,10239.5,74.25,0.0385,19.3,0.0405,0.4,75.81,13.50829,-4.73077,-6.00869,6e-05,-0.15378
10482.04,BTC-27DEC19,1568113144913,open,0.09,577.8,0.0555,0.126,0.09040855,75.42,0.088,0.0,BTC-27DEC19-9000-P,10239.5,73.84,0.0875,0.4,0.0905,13.0,75.47,19.24996,-6.72946,-11.53837,8e-05,-0.28204
10324.54,BTC-27SEP19,1568113144913,open,0.11,0.7,0.081,0.136,0.10625239,70.23,0.099,0.0,BTC-27SEP19-9500-C,10239.5,67.01,0.104,6.0,0.1085,0.5,73.4,7.27753,-15.14264,2.99928,0.00021,0.73457
10324.54,BTC-27SEP19,1568113144913,open,1.12,0.2,1.0895,1.1755,1.13104342,120.94,1.391,0.0,BTC-27SEP19-22000-P,10239.5,0.0,0.0045,10.0,0.0,0.0,0.0,0.18632,-0.66767,-10.15958,0.0,-0.99727
10324.54,BTC-27SEP19,1568113144913,open,0.17,106.2,0.1465,0.209,0.17723961,72.53,0.15,0.0,BTC-27SEP19-12000-P,10239.5,65.76,0.1735,0.5,0.1805,0.5,77.98,5.98005,-12.85114,-4.72341,0.00017,-0.81226
10482.04,BTC-27DEC19,1568113144913,open,0.0,384.1,0.0005,0.011,0.00100993,99.75,0.003,0.0,BTC-27DEC19-3000-P,10239.5,91.58,0.0005,24.6,0.0015,42.0,105.21,0.81908,-0.37869,-0.18515,0.0,-0.00497
10324.54,BTC-27SEP19,1568113144913,open,0.0,406.8,0.0005,0.0105,0.0,120.0,0.0005,0.0,BTC-27SEP19-2500-P,10239.5,0.0,0.0,0.0,0.0005,38.0,261.46,0.0,0.0,0.0,0.0,0.0
10324.54,BTC-27SEP19,1568113144913,open,0.0,146.6,0.0005,0.0105,1.728e-05,120.0,0.0005,0.0,BTC-27SEP19-26000-C,10239.5,0.0,0.0,0.0,0.0005,8.0,157.04,0.02302,-0.08185,0.00125,0.0,0.00028
10482.04,BTC-27DEC19,1568113144913,open,0.01,313.1,0.0035,0.027,0.01347055,77.35,0.0135,0.0,BTC-27DEC19-6000-P,10239.5,76.64,0.013,24.0,0.014,6.8,78.14,6.97715,-2.50134,-2.34253,3e-05,-0.06214
10324.54,BTC-27SEP19,1568113144913,open,0.01,265.1,0.0005,0.0205,0.00800253,74.76,0.008,0.0,BTC-27SEP19-8500-P,10239.5,71.99,0.007,30.0,0.008,20.0,74.75,3.85335,-8.53471,-0.50841,0.0001,-0.0985
10324.54,BTC-27SEP19,1568113144913,open,0.02,1368.3,0.0035,0.032,0.01495256,72.52,0.0145,0.0,BTC-27SEP19-12000-C,10239.5,71.73,0.0145,1.5,0.0155,50.0,73.46,5.97904,-12.84663,0.82455,0.00017,0.18769
10324.54,BTC-27SEP19,1568113144913,open,0.86,42.8,0.845,0.8645,0.85471395,0.0,0.815,0.0,BTC-27SEP19-1500-C,10239.5,0.0,0.0,0.0,0.0,0.0,0.0,0.0,0.0,0.69352,0.0,1.0
10324.54,BTC-27SEP19,1568113144913,open,0.08,711.9,0.0485,0.1025,0.07627902,70.23,0.079,0.0,BTC-27SEP19-10000-C,10239.5,68.07,0.0745,0.4,0.078,4.5,72.32,8.49923,-17.68626,2.56178,0.00025,0.61294
10324.54,BTC-27SEP19,1568113144913,open,0.01,1213.9,0.0035,0.0315,0.01486352,72.04,0.016,0.0,BTC-27SEP19-9000-P,10239.5,69.47,0.0135,28.2,0.016,55.3,74.12,5.566,-11.87998,-0.87083,0.00016,-0.16757
10324.54,BTC-27SEP19,1568113144913,open,0.0,49.2,0.0005,0.0105,1.1e-07,120.0,0.0015,0.0,BTC-27SEP19-3250-P,10239.5,0.0,0.0,0.0,0.0005,48.0,214.61,0.00022,-0.00077,-1e-05,0.0,0.0
10324.54,BTC-27SEP19,1568113144913,open,0.0,350.4,0.0005,0.0105,6.435e-05,120.0,0.0005,0.0,BTC-27SEP19-4750-P,10239.5,0.0,0.0,0.0,0.0005,34.9,147.47,0.06444,-0.22911,-0.00437,0.0,-0.00085
10482.04,BTC-27DEC19,1568113144914,open,0.23,170.1,0.1925,0.2675,0.23178848,75.42,0.257,0.0,BTC-27DEC19-9000-C,10239.5,56.69,0.198,11.0,0.2425,11.0,81.23,19.24984,-6.729,15.06149,8e-05,0.71796
10324.54,BTC-27SEP19,1568113144913,open,0.0,677.8,0.0005,0.0105,0.00050327,101.65,0.001,0.0,BTC-27SEP19-18000-C,10239.5,0.0,0.0,0.0,0.001,24.9,110.27,0.45821,-1.38004,0.03326,1e-05,0.00747
10482.04,BTC-27DEC19,1568113144914,open,0.19,240.6,0.146,0.238,0.19273976,75.63,0.19,0.0,BTC-27DEC19-11000-P,10239.5,73.9,0.189,14.4,0.196,4.7,77.14,22.64537,-7.93802,-20.37136,9e-05,-0.46483
10324.54,BTC-27SEP19,1568113144913,open,0.81,28.2,0.7965,0.816,0.80628677,120.0,0.755,0.0,BTC-27SEP19-2000-C,10239.5,0.0,0.01,1.0,0.0,0.0,0.0,0.0,0.0,0.9247,0.0,1.0
10482.04,BTC-27DEC19,1568113144913,open,0.0,126.2,0.0005,0.0105,0.00048352,120.0,0.0005,0.0,BTC-27DEC19-2000-P,10239.5,0.0,0.0,0.0,0.001,42.0,130.97,0.3748,-0.20847,-0.0795,0.0,-0.00208
10324.54,BTC-27SEP19,1568113144913,open,0.55,34.4,0.5195,0.5845,0.55053787,88.14,0.396,0.0,BTC-27SEP19-16000-P,10239.5,0.0,0.0045,10.0,0.0,0.0,0.0,0.75888,-1.98169,-7.33796,2e-05,-0.98668
10482.04,BTC-27DEC19,1568113144913,open,0.02,757.6,0.0055,0.0415,0.01977471,81.89,0.0215,0.0,BTC-27DEC19-20000-C,10239.5,80.62,0.0185,21.0,0.021,34.0,83.08,10.68898,-4.05732,2.78353,4e-05,0.10962
10324.54,BTC-27SEP19,1568113144913,open,0.35,54.0,0.33,0.391,0.35883434,78.87,0.466,0.0,BTC-27SEP19-14000-P,10239.5,0.0,0.334,4.0,0.378,4.0,128.8,2.0493,-4.78874,-6.27857,5e-05,-0.95645
10482.04,BTC-27DEC19,1568113144913,open,0.07,496.5,0.0375,0.107,0.07124491,78.01,0.073,0.0,BTC-27DEC19-14000-C,10239.5,77.37,0.07,0.1,0.0725,0.4,78.66,20.35364,-7.35957,7.67755,8e-05,0.31907
10324.54,BTC-27SEP19,1568113144913,open,0.76,55.9,0.748,0.7675,0.75785659,0.0,0.689,0.0,BTC-27SEP19-2500-C,10239.5,0.0,0.0045,10.0,0.0,0.0,0.0,0.0,0.0,1.15587,0.0,1.0
10482.04,BTC-27DEC19,1568113144914,open,0.0,479.0,0.0005,0.0125,0.00251799,88.88,0.002,0.0,BTC-27DEC19-4000-P,10239.5,85.76,0.002,7.0,0.003,38.7,91.43,1.86876,-0.76981,-0.47128,1e-05,-0.01269
10482.04,BTC-27DEC19,1568113144913,open,0.0,231.8,0.0005,0.0105,9.659e-05,120.0,0.0005,0.0,BTC-27DEC19-1500-P,10239.5,0.0,0.0,0.0,0.001,24.9,153.78,0.09612,-0.05346,-0.01763,0.0,-0.00047
10482.04,BTC-27DEC19,1568113144914,open,0.58,6.6,0.563,0.586,0.57383473,81.77,0.584,0.0,BTC-27DEC19-4500-C,10239.5,0.0,0.565,12.0,0.583,12.0,107.57,2.38009,-0.90203,12.68153,1e-05,0.98319
10482.04,BTC-27DEC19,1568113144914,open,1.29,0.0,1.247,1.357,1.29890645,83.91,None,0.0,BTC-27DEC19-24000-P,10239.5,0.0,0.006,1.0,2.034,0.2,500.0,6.44314,-2.50574,-69.47995,2e-05,-0.94385
10324.54,BTC-27SEP19,1568113144914,open,0.22,0.0,0.1905,0.253,0.22062567,74.33,None,0.0,BTC-27SEP19-12500-P,10239.5,38.0,0.211,5.0,0.2435,5.0,113.07,4.74888,-10.45793,-5.19606,0.00013,-0.86789
10482.04,BTC-27DEC19,1568113144914,open,0.18,478.7,0.1405,0.221,0.18271721,75.42,0.186,0.0,BTC-27DEC19-10000-C,10239.5,74.58,0.181,0.1,0.185,12.0,76.53,21.60029,-7.5505,13.71569,9e-05,0.62545
10482.04,BTC-27DEC19,1568113144913,open,0.33,91.7,0.2945,0.354,0.32465404,75.55,0.327,0.0,BTC-27DEC19-7500-C,10239.5,53.89,0.3,10.0,0.349,10.0,93.37,13.50754,-4.73008,16.15822,6e-05,0.84623
10482.04,BTC-27DEC19,1568113144914,open,0.0,429.1,0.0005,0.011,0.00124222,98.78,0.001,0.0,BTC-27DEC19-44000-C,10239.5,90.44,0.0005,74.0,0.002,10.0,104.0,1.26756,-0.58034,0.21353,0.0,0.00813
10324.54,BTC-27SEP19,1568113144913,open,0.0,1213.0,0.0005,0.011,0.0011917,88.6,0.001,0.0,BTC-27SEP19-7000-P,10239.5,78.42,0.0005,67.0,0.0015,7.6,91.86,0.90635,-2.37917,-0.08385,2e-05,-0.01637
10324.54,BTC-27SEP19,1568113144914,open,0.0,670.6,0.0005,0.0105,0.00018137,120.0,0.0005,0.0,BTC-27SEP19-22000-C,10239.5,0.0,0.0,0.0,0.0005,8.3,132.35,0.17428,-0.61963,0.01122,0.0,0.00253
10324.54,BTC-27SEP19,1568113144914,open,0.52,789.2,0.506,0.526,0.51584434,119.67,0.5015,0.0,BTC-27SEP19-5000-C,10239.5,0.0,0.051,1.0,0.0,0.0,0.0,0.11534,-0.40894,2.30346,0.0,0.99839
10253.91,SYN.BTC-13SEP19,1568113144912,open,0.07,93.1,0.0525,0.103,0.07711373,71.01,0.0735,0.0,BTC-13SEP19-11000-P,10239.5,38.03,0.073,6.0,0.078,0.4,75.35,2.02019,-24.94124,-0.75752,0.00034,-0.86057
10253.91,SYN.BTC-13SEP19,1568113144912,open,0.08,39.8,0.0555,0.098,0.07662607,69.64,0.0865,0.0,BTC-13SEP19-9500-C,10239.5,61.85,0.0755,6.0,0.0805,6.0,90.08,1.62868,-19.72181,0.66299,0.00028,0.89729
10482.04,BTC-27DEC19,1568113144914,open,0.72,0.0,0.705,0.7245,0.71480227,99.7,None,0.0,BTC-27DEC19-3000-C,10239.5,0.0,0.0065,0.1,0.948,0.5,500.0,0.81697,-0.37753,8.68191,0.0,0.99505
10324.54,BTC-27SEP19,1568113144915,open,0.04,772.6,0.021,0.07,0.04484517,70.23,0.045,0.0,BTC-27SEP19-10000-P,10239.5,67.38,0.0425,5.7,0.046,12.0,71.64,8.49923,-17.68626,-2.0617,0.00025,-0.38706
10482.04,BTC-27DEC19,1568113144914,open,0.92,5.7,0.878,0.983,0.92780145,81.9,0.661,0.0,BTC-27DEC19-20000-P,10239.5,0.0,0.01,1.0,1.466,1.0,358.98,10.68929,-4.05749,-56.32634,4e-05,-0.89037
10324.54,BTC-27SEP19,1568113144915,open,0.71,225.7,0.6995,0.719,0.70942792,0.0,0.693,0.0,BTC-27SEP19-3000-C,10239.5,0.0,0.0045,20.0,0.0,0.0,0.0,0.0,0.0,1.38704,0.0,1.0
10482.04,BTC-27DEC19,1568113144915,open,0.0,212.0,0.0005,0.0105,0.00065823,107.88,0.0005,0.0,BTC-27DEC19-2500-P,10239.5,0.0,0.0,0.0,0.001,18.0,113.62,0.53676,-0.2684,-0.11638,0.0,-0.0031
10482.04,BTC-27DEC19,1568113144915,open,0.01,281.3,0.0005,0.02,0.00720066,86.16,0.0075,0.0,BTC-27DEC19-26000-C,10239.5,84.73,0.0065,15.0,0.008,24.0,87.69,5.31188,-2.12128,1.14238,2e-05,0.04408
10324.54,BTC-27SEP19,1568113144914,open,0.04,1025.2,0.0145,0.059,0.0355633,71.14,0.036,0.0,BTC-27SEP19-11000-C,10239.5,69.21,0.034,0.1,0.0365,0.4,72.3,8.36541,-17.63246,1.58574,0.00024,0.36776
10482.04,BTC-27DEC19,1568113144914,open,0.0,248.0,0.0005,0.011,0.00108896,88.88,0.001,0.0,BTC-27DEC19-3500-P,10239.5,80.74,0.0005,34.0,0.0015,54.4,92.85,0.96975,-0.39948,-0.2198,0.0,-0.00601
10324.54,BTC-27SEP19,1568113144914,open,0.0,125.2,0.0005,0.0105,1.53e-06,120.0,0.0005,0.0,BTC-27SEP19-3750-P,10239.5,0.0,0.0,0.0,0.0005,38.0,189.24,0.00239,-0.0085,-0.00013,0.0,-3e-05
10324.54,BTC-27SEP19,1568113144915,open,0.64,0.0,0.627,0.6465,0.63678923,120.0,None,0.0,BTC-27SEP19-3750-C,10239.5,0.0,0.0045,10.0,0.0,0.0,0.0,0.00239,-0.0085,1.73368,0.0,0.99997
10324.54,BTC-27SEP19,1568113144914,open,0.61,227.5,0.603,0.6225,0.61257812,120.0,0.606,0.0,BTC-27SEP19-4000-C,10239.5,0.0,0.111,2.0,0.0,0.0,0.0,0.00639,-0.0227,1.84903,0.0,0.99993
10253.91,SYN.BTC-13SEP19,1568113144912,open,0.17,20.5,0.1545,0.19,0.17154154,99.72,0.175,0.0,BTC-13SEP19-8500-C,10239.5,0.0,0.166,5.0,0.1815,6.1,191.12,0.3496,-6.06174,0.65696,4e-05,0.98475
10324.54,BTC-27SEP19,1568113144915,open,0.26,37.0,0.2365,0.2975,0.26555368,75.59,0.2795,0.0,BTC-27SEP19-13000-P,10239.5,0.0,0.2395,5.0,0.2865,5.0,116.94,3.62645,-8.12228,-5.60811,0.0001,-0.90928
10324.54,BTC-27SEP19,1568113144915,open,0.0,586.8,0.0005,0.0105,2e-08,120.0,0.0005,0.0,BTC-27SEP19-3000-P,10239.5,0.0,0.0,0.0,0.0005,40.0,228.85,5e-05,-0.00018,0.0,0.0,0.0
10324.54,BTC-27SEP19,1568113144915,open,1.32,0.2,1.279,1.3725,1.32461463,120.0,1.6,0.0,BTC-27SEP19-24000-P,10239.5,0.0,0.0,0.0,0.0,0.0,0.0,0.06399,-0.2275,-11.09258,0.0,-0.99916
10482.04,BTC-27DEC19,1568113144915,open,0.01,393.6,0.0005,0.024,0.00924304,83.85,0.0095,0.0,BTC-27DEC19-24000-C,10239.5,82.61,0.0085,26.5,0.01,0.9,85.06,6.42985,-2.49898,1.44848,2e-05,0.056
10482.04,BTC-27DEC19,1568113144915,open,1.67,0.1,1.62,1.739,1.67634626,86.76,1.49,0.0,BTC-27DEC19-28000-P,10239.5,0.0,0.001,1.0,0.0,0.0,0.0,4.12777,-1.65995,-81.90985,1e-05,-0.96764
10482.04,BTC-27DEC19,1568113144915,open,0.33,110.2,0.278,0.3805,0.32978999,77.2,0.288,0.0,BTC-27DEC19-13000-P,10239.5,55.86,0.2875,6.0,0.344,6.0,84.0,21.71295,-7.76919,-29.39635,9e-05,-0.6191
10324.54,BTC-27SEP19,1568113144915,open,0.15,449.4,0.118,0.167,0.14315257,72.04,0.1435,0.0,BTC-27SEP19-9000-C,10239.5,65.98,0.14,8.0,0.1455,0.4,76.3,5.56584,-11.87921,3.29034,0.00016,0.83244
10324.54,BTC-27SEP19,1568113144915,open,0.0,684.0,0.0005,0.0105,1.71e-06,120.0,0.0005,0.0,BTC-27SEP19-30000-C,10239.5,0.0,0.0,0.0,0.0005,32.0,177.63,0.00291,-0.01036,0.00014,0.0,3e-05
10482.04,BTC-27DEC19,1568113144915,open,0.86,0.1,0.847,0.8665,0.85699263,119.78,0.868,0.0,BTC-27DEC19-1500-C,10239.5,0.0,0.849,1.0,0.8655,1.0,219.6,0.09455,-0.05249,4.41594,0.0,0.99954
10482.04,BTC-27DEC19,1568113144915,open,0.05,266.1,0.0195,0.0765,0.04545703,79.38,0.0445,0.0,BTC-27DEC19-16000-C,10239.5,78.16,0.0435,4.8,0.047,27.6,80.32,16.9752,-6.24519,5.47966,7e-05,0.22234
10482.04,BTC-27DEC19,1568113144915,open,0.0,502.5,0.0005,0.0115,0.00198812,91.91,0.002,0.0,BTC-27DEC19-36000-C,10239.5,89.0,0.0015,30.0,0.0025,24.0,94.46,1.93643,-0.82494,0.3482,1e-05,0.01323
10596.27,SYN.BTC-27MAR20,1568113144912,open,1.3,0.0,1.238,1.3785,1.30505182,84.34,None,0.0,BTC-27MAR20-24000-P,10239.5,0.0,0.0005,10.0,0.0,0.0,0.0,18.88929,-4.00532,-123.95004,4e-05,-0.84181
10482.04,BTC-27DEC19,1568113144915,open,0.62,26.7,0.611,0.632,0.62091278,88.88,0.626,0.0,BTC-27DEC19-4000-C,10239.5,0.0,0.45,1.0,0.6465,0.2,150.54,1.86871,-0.76979,11.35073,1e-05,0.98731
10482.04,BTC-27DEC19,1568113144915,open,0.81,0.0,0.8,0.8195,0.80967824,119.92,None,0.0,BTC-27DEC19-2000-C,10239.5,0.0,0.0145,0.2,0.959,0.5,500.0,0.37329,-0.20749,5.83187,0.0,0.99793
10253.91,SYN.BTC-13SEP19,1568113144913,open,0.27,16.0,0.254,0.2835,0.26861347,119.61,0.287,0.0,BTC-13SEP19-7500-C,10239.5,0.0,0.26,6.0,0.2805,6.0,290.14,0.04047,-0.84163,0.58977,0.0,0.99865
10289.22,SYN.BTC-20SEP19,1568113144912,open,0.13,0.0,0.1095,0.1535,0.13140685,68.69,None,0.0,BTC-20SEP19-9000-C,10239.5,0.0,0.125,10.0,0.0,0.0,0.0,3.12477,-10.86697,2.11955,0.00016,0.89276
10482.04,BTC-27DEC19,1568113144915,open,0.74,12.4,0.6965,0.801,0.74676304,80.6,0.559,0.0,BTC-27DEC19-18000-P,10239.5,0.0,0.0045,5.0,1.4925,0.2,500.0,13.58211,-5.07369,-49.31052,5e-05,-0.84494
10482.14,BTC-27DEC19,1568113144915,open,1.11,4.9,1.062,1.169,1.11235926,83.11,1.0385,0.0,BTC-27DEC19-22000-P,10239.5,0.0,0.006,2.0,1.853,0.3,500.0,8.35579,-3.21888,-63.00713,3e-05,-0.92144
10324.64,BTC-27SEP19,1568113144915,open,1.51,0.0,1.469,1.57,1.5183088,131.01,None,0.0,BTC-27SEP19-26000-P,10239.5,0.0,0.0,0.0,0.0,0.0,0.0,0.06449,-0.25033,-12.01727,0.0,-0.99915
10482.14,BTC-27DEC19,1568113144916,open,2.05,0.3,1.9935,2.1245,2.05606758,90.1,1.875,0.0,BTC-27DEC19-32000-P,10239.5,0.0,0.0005,10.0,0.0,0.0,0.0,2.8749,-1.20056,-94.02642,1e-05,-0.97901
10324.64,BTC-27SEP19,1568113144915,open,0.93,0.0,0.8995,0.979,0.93763434,118.42,0.691,0.0,BTC-27SEP19-20000-P,10239.5,0.0,0.0045,10.0,1.1655,0.2,500.0,0.41993,-1.47341,-9.21713,1e-05,-0.99323
10596.27,SYN.BTC-27MAR20,1568113144913,open,2.77,1.0,2.7035,2.8785,2.78618278,91.02,2.7125,0.0,BTC-27MAR20-40000-P,10239.5,0.0,0.0005,10.0,0.0,0.0,0.0,8.11367,-1.85661,-215.68875,1e-05,-0.94964
10482.14,BTC-27DEC19,1568113144916,open,0.06,447.9,0.0265,0.09,0.05648344,78.54,0.056,0.0,BTC-27DEC19-15000-C,10239.5,77.71,0.055,1.0,0.058,9.8,79.39,18.69093,-6.80424,6.48208,7e-05,0.26572
10373.0,SYN.BTC-25OCT19,1568113144913,open,0.04,39.5,0.022,0.071,0.04318208,73.1,0.044,0.0,BTC-25OCT19-9000-P,10239.5,71.57,0.0415,4.7,0.045,20.5,74.73,11.49849,-9.36478,-3.70824,0.00012,-0.24758
10482.14,BTC-27DEC19,1568113144916,open,0.53,65.4,0.5155,0.544,0.52899716,81.77,0.533,0.0,BTC-27DEC19-5000-C,10239.5,0.0,0.52,11.0,0.5385,11.0,101.57,3.82962,-1.4515,13.67604,1e-05,0.97045
10324.64,BTC-27SEP19,1568113144916,open,1.7,0.0,1.659,1.7675,1.71199063,133.94,None,0.0,BTC-27SEP19-28000-P,10239.5,0.0,0.0,0.0,0.0,0.0,0.0,0.03577,-0.14193,-12.94374,0.0,-0.99955
10324.64,BTC-27SEP19,1568113144916,open,0.1,315.2,0.07,0.1315,0.10099175,71.16,0.09,0.0,BTC-27SEP19-11000-P,10239.5,68.07,0.0985,6.1,0.102,0.5,72.4,8.36598,-17.63757,-3.49983,0.00024,-0.63218
10482.14,BTC-27DEC19,1568113144916,open,0.0,219.8,0.0005,0.013,0.00318317,89.83,0.003,0.0,BTC-27DEC19-32000-C,10239.5,84.74,0.002,39.6,0.004,24.0,92.63,2.83131,-1.17886,0.54015,1e-05,0.02062
10289.22,SYN.BTC-20SEP19,1568113144912,open,0.17,0.0,0.145,0.2005,0.17175268,70.84,None,0.0,BTC-20SEP19-12000-P,10239.5,0.0,0.166,10.0,0.0,0.0,0.0,3.04621,-10.92565,-2.97385,0.00015,-0.89647
10324.64,BTC-27SEP19,1568113144916,open,0.59,9.1,0.5785,0.598,0.58836838,113.19,0.6095,0.0,BTC-27SEP19-4250-C,10239.5,0.0,0.005,0.1,0.0,0.0,0.0,0.0073,-0.02448,1.96456,0.0,0.99992
10324.64,BTC-27SEP19,1568113144916,open,0.0,1118.7,0.0005,0.0105,1.218e-05,120.0,0.0005,0.0,BTC-27SEP19-4250-P,10239.5,0.0,0.0,0.0,0.0005,48.0,167.12,0.01518,-0.05398,-0.00091,0.0,-0.00018
10482.14,BTC-27DEC19,1568113144916,open,0.0,592.2,0.0005,0.013,0.0031466,81.8,0.003,0.0,BTC-27DEC19-4500-P,10239.5,78.75,0.0025,39.2,0.0035,18.3,83.3,2.3829,-0.9034,-0.61912,1e-05,-0.01684
10324.64,BTC-27SEP19,1568113144916,open,0.47,221.9,0.4565,0.479,0.46753863,112.06,0.446,0.0,BTC-27SEP19-5500-C,10239.5,0.0,0.461,10.0,0.4755,10.0,192.02,0.21078,-0.6998,2.52682,0.0,0.99687
10324.64,BTC-27SEP19,1568113144916,open,0.0,438.2,0.0005,0.0105,5.4e-06,120.0,0.0005,0.0,BTC-27SEP19-28000-C,10239.5,0.0,0.0,0.0,0.0005,8.0,167.76,0.0082,-0.02916,0.00042,0.0,9e-05
10482.14,BTC-27DEC19,1568113144917,open,0.01,617.9,0.0005,0.016,0.00600673,81.8,0.0065,0.0,BTC-27DEC19-5000-P,10239.5,78.9,0.005,47.0,0.007,37.2,84.4,3.83232,-1.4529,-1.10247,1e-05,-0.02958
10596.27,SYN.BTC-27MAR20,1568113144912,open,0.04,54.9,0.015,0.0735,0.04007149,84.32,0.0425,0.0,BTC-27MAR20-24000-C,10239.5,82.86,0.0375,16.9,0.0425,12.5,85.67,18.88283,-4.00311,6.81461,4e-05,0.1581
10324.64,BTC-27SEP19,1568113144916,open,0.0,1660.1,0.0005,0.0105,0.0,120.0,0.0005,0.0,BTC-27SEP19-1500-P,10239.5,0.0,0.0,0.0,0.0005,105.1,354.65,0.0,0.0,0.0,0.0,0.0
10324.64,BTC-27SEP19,1568113144916,open,0.0,1223.1,0.0005,0.014,0.00418802,78.31,0.0045,0.0,BTC-27SEP19-8000-P,10239.5,75.3,0.0035,33.0,0.0045,4.9,79.6,2.46612,-5.72212,-0.28207,6e-05,-0.0549
10324.64,BTC-27SEP19,1568113144916,open,0.0,300.4,0.0005,0.0105,5.586e-05,120.0,0.0005,0.0,BTC-27SEP19-24000-C,10239.5,0.0,0.0,0.0,0.0005,8.0,145.3,0.06399,-0.2275,0.00376,0.0,0.00084
10324.64,BTC-27SEP19,1568113144916,open,0.0,392.7,0.0005,0.0105,2.925e-05,120.0,0.0005,0.0,BTC-27SEP19-4500-P,10239.5,0.0,0.0,0.0,0.0005,39.1,157.02,0.03266,-0.11614,-0.00209,0.0,-0.00041
10482.14,BTC-27DEC19,1568113144916,open,1.86,0.2,1.8065,1.931,1.86584256,87.82,2.03,0.0,BTC-27DEC19-30000-P,10239.5,0.0,0.001,1.0,0.0,0.0,0.0,3.30644,-1.34591,-88.01583,1e-05,-0.97522
10324.64,BTC-27SEP19,1568113144916,open,0.0,795.8,0.0005,0.0105,0.00048707,117.57,0.0005,0.0,BTC-27SEP19-20000-C,10239.5,0.0,0.0,0.0,0.001,33.0,127.59,0.39994,-1.3932,0.02825,1e-05,0.0064
10324.64,BTC-27SEP19,1568113144917,open,0.69,0.5,0.6755,0.695,0.68521611,0.0,0.694,0.0,BTC-27SEP19-3250-C,10239.5,0.0,0.0045,10.0,0.785,0.5,500.0,0.0,0.0,1.50263,0.0,1.0
10289.22,SYN.BTC-20SEP19,1568113144912,open,0.02,46.9,0.005,0.0405,0.01983187,68.44,0.0195,0.0,BTC-20SEP19-11000-C,10239.5,65.19,0.018,28.9,0.021,0.4,70.49,5.84527,-20.25552,0.76778,0.0003,0.29562
10289.22,SYN.BTC-20SEP19,1568113144912,open,0.01,56.8,0.0005,0.0265,0.01049944,69.3,0.0115,0.0,BTC-20SEP19-11500-C,10239.5,66.94,0.0095,29.3,0.0115,19.0,71.59,4.42663,-15.53209,0.46929,0.00022,0.17907
10373.0,SYN.BTC-25OCT19,1568113144912,open,0.14,18.6,0.103,0.177,0.13830727,73.32,0.135,0.0,BTC-25OCT19-11000-P,10239.5,70.94,0.135,4.8,0.1405,5.9,74.89,14.43819,-11.79421,-8.64725,0.00015,-0.53973
10324.64,BTC-27SEP19,1568113144917,open,0.42,713.5,0.4075,0.4315,0.41910628,97.46,0.454,0.0,BTC-27SEP19-6000-C,10239.5,0.0,0.4115,10.0,0.4275,10.0,171.31,0.23465,-0.6776,2.75613,0.0,0.99648
10482.14,BTC-27DEC19,1568113144917,open,0.29,224.4,0.2575,0.323,0.29117702,75.55,0.291,0.0,BTC-27DEC19-8000-C,10239.5,70.68,0.284,10.0,0.3015,12.2,82.35,15.66163,-5.48423,15.94965,6e-05,0.80601
10324.64,BTC-27SEP19,1568113144917,open,0.0,549.1,0.0005,0.0125,0.00284172,78.87,0.003,0.0,BTC-27SEP19-14000-C,10239.5,77.08,0.0025,3.0,0.003,1.0,79.65,2.04935,-4.78876,0.19431,5e-05,0.04355
10596.27,SYN.BTC-27MAR20,1568113144912,open,0.05,64.5,0.0205,0.0865,0.04993534,83.6,0.054,0.0,BTC-27MAR20-22000-C,10239.5,82.12,0.047,12.0,0.053,22.1,85.11,21.2724,-4.47087,8.12643,4e-05,0.19069
10324.64,BTC-27SEP19,1568113144917,open,0.23,866.6,0.2105,0.249,0.22932955,78.26,0.2255,0.0,BTC-27SEP19-8000-C,10239.5,51.36,0.2255,8.0,0.244,8.0,119.15,2.46218,-5.70898,3.4173,6e-05,0.94521
10482.14,BTC-27DEC19,1568113144917,open,0.0,1502.2,0.0005,0.0105,0.00074912,103.0,0.001,0.0,BTC-27DEC19-52000-C,10239.5,99.29,0.0005,62.1,0.001,10.0,105.89,0.81505,-0.38912,0.12981,0.0,0.00494
10596.27,SYN.BTC-27MAR20,1568113144912,open,0.19,127.9,0.1405,0.2415,0.19205806,77.61,0.187,0.0,BTC-27MAR20-10000-P,10239.5,76.49,0.189,5.1,0.195,0.1,78.68,28.94653,-5.64786,-31.2487,6e-05,-0.34918
10596.27,SYN.BTC-27MAR20,1568113144912,open,0.63,0.0,0.6175,0.6435,0.62977617,80.03,None,0.0,BTC-27MAR20-4000-C,10239.5,75.73,0.628,1.0,0.0,0.0,0.0,4.71191,-0.9481,19.87847,1e-05,0.97408
10324.64,BTC-27SEP19,1568113144917,open,0.0,1176.0,0.0005,0.0105,0.00025048,97.9,0.0005,0.0,BTC-27SEP19-6000-P,10239.5,0.0,0.0,0.0,0.0005,38.0,106.07,0.24179,-0.70136,-0.01858,1e-05,-0.00364
10253.91,SYN.BTC-13SEP19,1568113144913,open,0.0,262.2,0.0005,0.0105,0.00024418,116.29,0.0005,0.0,BTC-13SEP19-8000-P,10239.5,0.0,0.0,0.0,0.0005,33.3,127.6,0.17773,-2.50384,-0.00587,2e-05,-0.00702
10253.91,SYN.BTC-13SEP19,1568113144913,open,0.0,490.2,0.0005,0.0105,0.00037687,114.46,0.0005,0.0,BTC-13SEP19-13000-C,10239.5,0.0,0.0,0.0,0.0005,18.0,118.74,0.267,-3.86438,0.00871,3e-05,0.01116
10324.64,BTC-27SEP19,1568113144917,open,0.0,605.0,0.0005,0.0105,0.00025004,112.31,0.0005,0.0,BTC-27SEP19-5500-P,10239.5,0.0,0.0,0.0,0.0005,28.0,121.53,0.21403,-0.71218,-0.01637,0.0,-0.00318
10482.14,BTC-27DEC19,1568113144917,open,0.0,323.2,0.0005,0.0105,0.00099589,101.43,0.0015,0.0,BTC-27DEC19-48000-C,10239.5,95.07,0.0005,54.0,0.0015,10.0,105.76,1.04039,-0.4891,0.17058,0.0,0.0065
10596.27,SYN.BTC-27MAR20,1568113144912,open,0.06,139.7,0.0285,0.103,0.06291068,82.78,0.0655,0.0,BTC-27MAR20-20000-C,10239.5,81.47,0.06,22.0,0.066,10.2,84.14,23.83368,-4.96021,9.7306,5e-05,0.23145
10324.64,BTC-27SEP19,1568113144917,open,1.9,0.0,1.849,1.965,1.90570017,141.67,None,0.0,BTC-27SEP19-30000-P,10239.5,0.0,0.0,0.0,0.0,0.0,0.0,0.03245,-0.13621,-13.86864,0.0,-0.9996
10324.64,BTC-27SEP19,1568113144918,open,0.54,13.5,0.53,0.5495,0.53999542,119.27,0.382,0.0,BTC-27SEP19-4750-C,10239.5,0.0,0.0045,10.0,0.0,0.0,0.0,0.06094,-0.21534,2.19204,0.0,0.9992
10324.64,BTC-27SEP19,1568113144917,open,0.0,761.0,0.0005,0.0105,5.5e-07,120.0,0.0005,0.0,BTC-27SEP19-32000-C,10239.5,0.0,0.0,0.0,0.0005,8.0,186.77,0.00104,-0.00369,5e-05,0.0,1e-05
10482.14,BTC-27DEC19,1568113144918,open,0.44,122.9,0.4215,0.4615,0.44105957,77.34,0.4475,0.0,BTC-27DEC19-6000-C,10239.5,69.83,0.4365,15.0,0.4585,11.0,99.0,6.9751,-2.50022,15.39146,3e-05,0.93788
10324.64,BTC-27SEP19,1568113144917,open,0.0,422.0,0.0005,0.0105,4.5e-07,120.0,0.0005,0.0,BTC-27SEP19-3500-P,10239.5,0.0,0.0,0.0,0.0005,39.0,201.46,0.00078,-0.00277,-4e-05,0.0,-1e-05
10324.64,BTC-27SEP19,1568113144918,open,0.0,484.6,0.0005,0.0105,4.59e-06,120.0,0.0005,0.0,BTC-27SEP19-4000-P,10239.5,0.0,0.0,0.0,0.0005,42.1,177.83,0.00639,-0.0227,-0.00036,0.0,-7e-05
10482.14,BTC-27DEC19,1568113144917,open,0.4,291.4,0.355,0.459,0.40686633,78.02,0.375,0.0,BTC-27DEC19-14000-P,10239.5,54.03,0.3645,5.0,0.42,5.0,84.67,20.35484,-7.36067,-33.69871,8e-05,-0.68089
10373.0,SYN.BTC-25OCT19,1568113144912,open,0.01,136.3,0.0005,0.018,0.00749744,77.94,0.0075,0.0,BTC-25OCT19-7000-P,10239.5,76.69,0.007,10.0,0.008,15.0,79.16,4.19252,-3.64075,-0.82941,4e-05,-0.05754
10324.64,BTC-27SEP19,1568113144918,open,0.45,26.6,0.4245,0.487,0.45433102,83.69,0.44,0.0,BTC-27SEP19-15000-P,10239.5,0.0,0.4295,4.0,0.472,4.0,141.25,1.23357,-3.05889,-6.82999,3e-05,-0.97646
10324.64,BTC-27SEP19,1568113144918,open,0.0,562.4,0.0005,0.0105,0.00082011,87.97,0.0015,0.0,BTC-27SEP19-16000-C,10239.5,82.8,0.0005,1.0,0.001,35.0,90.28,0.75144,-1.95858,0.05894,2e-05,0.01317
10324.64,BTC-27SEP19,1568113144918,open,2.09,0.0,2.039,2.1625,2.09941224,149.58,None,0.0,BTC-27SEP19-32000-P,10239.5,0.0,0.0,0.0,0.0,0.0,0.0,0.0317,-0.14049,-14.79339,0.0,-0.99961
10482.14,BTC-27DEC19,1568113144918,open,0.11,307.8,0.073,0.1525,0.11355294,76.59,0.1135,0.0,BTC-27DEC19-12000-C,10239.5,75.17,0.1105,13.0,0.116,26.2,77.73,22.57996,-8.01567,10.53429,9e-05,0.45359
10324.64,BTC-27SEP19,1568113144918,open,0.74,1.0,0.7095,0.7815,0.7439224,102.03,0.575,0.0,BTC-27SEP19-18000-P,10239.5,0.0,0.0045,0.3,0.0,0.0,0.0,0.46927,-1.41856,-8.2881,1e-05,-0.99232
10373.0,SYN.BTC-25OCT19,1568113144913,open,0.18,0.0,0.1465,0.2065,0.17553658,73.09,None,0.0,BTC-25OCT19-9000-C,10239.5,47.15,0.149,7.0,0.1905,7.0,86.29,11.49814,-9.36351,7.35729,0.00012,0.75243
10596.27,SYN.BTC-27MAR20,1568113144912,open,0.02,24.7,0.0065,0.0495,0.02317331,87.11,0.023,0.0,BTC-27MAR20-30000-C,10239.5,85.77,0.0215,10.0,0.025,23.0,88.52,13.45797,-2.94753,4.28168,3e-05,0.09733
10482.14,BTC-27DEC19,1568113144918,open,1.48,0.0,1.4335,1.5485,1.48765067,86.24,None,0.0,BTC-27DEC19-26000-P,10239.5,0.0,0.0045,10.0,2.216,0.2,500.0,5.33018,-2.13054,-75.696,2e-05,-0.95574
10596.27,SYN.BTC-27MAR20,1568113144912,open,0.47,2.5,0.442,0.496,0.46922885,77.6,0.47,0.0,BTC-27MAR20-6000-C,10239.5,68.85,0.4585,7.0,0.486,7.0,89.75,13.76613,-2.6857,24.84806,3e-05,0.89961
10289.22,SYN.BTC-20SEP19,1568113144913,open,0.09,7.4,0.067,0.117,0.09174651,68.1,0.107,0.0,BTC-20SEP19-9500-C,10239.5,64.47,0.09,0.4,0.0945,0.4,73.63,5.02565,-17.32693,1.91298,0.00026,0.7789
10482.14,BTC-27DEC19,1568113144918,open,0.0,536.6,0.0005,0.0135,0.00378514,87.68,0.004,0.0,BTC-27DEC19-30000-C,10239.5,84.97,0.003,37.2,0.0045,24.0,89.83,3.27981,-1.33283,0.6432,1e-05,0.02455
10482.14,BTC-27DEC19,1568113144918,open,0.26,87.4,0.208,0.307,0.25837591,76.6,0.2575,0.0,BTC-27DEC19-12000-P,10239.5,74.57,0.254,7.0,0.2625,7.0,78.51,22.58012,-8.01663,-24.93153,9e-05,-0.54639
10253.91,SYN.BTC-13SEP19,1568113144913,open,0.31,0.0,0.291,0.345,0.31676304,120.19,None,0.0,BTC-13SEP19-13500-P,10239.5,0.0,0.0,0.0,0.0,0.0,0.0,0.1499,-3.13243,-1.05909,2e-05,-0.99421
10482.14,BTC-27DEC19,1568113144918,open,0.0,434.6,0.0005,0.011,0.00149034,95.15,0.003,0.0,BTC-27DEC19-40000-C,10239.5,91.23,0.001,30.5,0.002,34.0,98.34,1.50527,-0.66388,0.26047,0.0,0.0099
10373.0,SYN.BTC-25OCT19,1568113144912,open,0.08,93.3,0.0535,0.118,0.08314676,73.08,0.0825,0.0,BTC-25OCT19-10000-P,10239.5,70.74,0.08,5.2,0.085,18.0,74.45,13.98691,-11.38833,-6.07475,0.00014,-0.39318
10373.0,SYN.BTC-25OCT19,1568113144914,open,0.64,0.0,0.6085,0.6855,0.6448158,80.88,None,0.0,BTC-25OCT19-17000-P,10239.5,0.0,0.0,0.0,0.0,0.0,0.0,4.03387,-3.63526,-20.27808,4e-05,-0.94521
10596.27,SYN.BTC-27MAR20,1568113144912,open,0.18,92.0,0.131,0.231,0.18303929,78.77,0.1855,0.0,BTC-27MAR20-12000-C,10239.5,77.39,0.179,10.0,0.187,21.6,80.12,31.11203,-6.1612,20.06579,6e-05,0.53059
10482.14,BTC-27DEC19,1568113144918,open,2.43,1.3,2.3675,2.5115,2.43645702,92.21,2.2,0.0,BTC-27DEC19-36000-P,10239.5,0.0,0.0005,10.0,0.0,0.0,0.0,1.97461,-0.84394,-106.0421,1e-05,-0.98647
10596.27,SYN.BTC-27MAR20,1568113144912,open,0.61,0.1,0.548,0.6805,0.61435265,81.05,0.62,0.0,BTC-27MAR20-16000-P,10239.5,63.06,0.568,3.0,0.664,3.0,98.66,28.9222,-5.89331,-73.09124,6e-05,-0.65162
10289.22,SYN.BTC-20SEP19,1568113144913,open,0.01,88.2,0.0005,0.0185,0.00611241,68.7,0.0055,0.0,BTC-20SEP19-9000-P,10239.5,66.64,0.0055,35.2,0.0065,0.5,69.96,3.12561,-10.87202,-0.31567,0.00016,-0.10728
10289.22,SYN.BTC-20SEP19,1568113144912,open,0.03,46.4,0.0115,0.056,0.03134958,68.02,0.0275,0.0,BTC-20SEP19-10000-P,10239.5,65.06,0.0295,4.2,0.032,24.0,69.06,6.43365,-22.15615,-1.13956,0.00033,-0.37799
10596.27,SYN.BTC-27MAR20,1568113144913,open,0.77,0.0,0.7125,0.8475,0.7789716,81.87,0.8095,0.0,BTC-27MAR20-18000-P,10239.5,0.0,0.0005,6.0,0.0,0.0,0.0,26.45385,-5.44478,-86.38494,5e-05,-0.71725
10373.0,SYN.BTC-25OCT19,1568113144913,open,0.12,43.3,0.088,0.153,0.11909861,73.07,0.133,0.0,BTC-25OCT19-10000-C,10239.5,71.89,0.1175,14.4,0.121,0.4,74.48,13.9869,-11.38751,6.22006,0.00014,0.60682
10373.0,SYN.BTC-25OCT19,1568113144912,open,0.02,18.4,0.0065,0.037,0.01888273,74.05,0.0175,0.0,BTC-25OCT19-8000-P,10239.5,72.16,0.0175,29.7,0.02,0.5,75.55,7.66096,-6.32102,-1.8884,8e-05,-0.12919
10596.27,SYN.BTC-27MAR20,1568113144912,open,1.85,0.0,1.7835,1.934,1.85437825,87.13,None,0.0,BTC-27MAR20-30000-P,10239.5,0.0,0.0005,10.0,0.0,0.0,0.0,13.46376,-2.9493,-159.1756,3e-05,-0.90261
10289.22,SYN.BTC-20SEP19,1568113144912,open,0.18,0.0,0.1575,0.1965,0.17668028,74.16,None,0.0,BTC-20SEP19-8500-C,10239.5,0.0,0.0,0.0,0.0,0.0,0.0,1.7974,-6.7489,2.14765,8e-05,0.94813
10253.91,SYN.BTC-13SEP19,1568113144913,open,0.0,714.5,0.0005,0.017,0.00434993,71.0,0.0045,0.0,BTC-13SEP19-11000-C,10239.5,69.19,0.004,10.3,0.005,24.5,74.21,2.01981,-24.93289,0.1091,0.00034,0.13939
10289.22,SYN.BTC-20SEP19,1568113144912,open,0.26,0.0,0.239,0.294,0.26516734,76.28,None,0.0,BTC-20SEP19-13000-P,10239.5,0.0,0.0,0.0,0.0,0.0,0.0,1.3338,-5.15124,-3.42232,6e-05,-0.96415
10289.22,SYN.BTC-20SEP19,1568113144913,open,0.36,0.0,0.334,0.3915,0.36137479,84.06,None,0.0,BTC-20SEP19-14000-P,10239.5,0.0,0.0,0.0,0.0,0.0,0.0,0.65788,-2.79997,-3.74692,3e-05,-0.98454
10253.91,SYN.BTC-13SEP19,1568113144913,open,0.0,524.3,0.0005,0.0105,0.00069246,88.01,0.001,0.0,BTC-13SEP19-12000-C,10239.5,83.79,0.0005,4.3,0.001,25.0,93.41,0.5175,-7.10039,0.01899,7e-05,0.02419
10596.27,SYN.BTC-27MAR20,1568113144912,open,0.25,70.4,0.198,0.2935,0.24831587,77.6,0.257,0.0,BTC-27MAR20-10000-C,10239.5,76.02,0.244,10.0,0.2515,3.6,78.77,28.94666,-5.64753,23.23832,6e-05,0.65081
10253.91,SYN.BTC-13SEP19,1568113144913,open,0.0,58.2,0.0005,0.0105,4.347e-05,120.0,0.0005,0.0,BTC-13SEP19-7500-P,10239.5,0.0,0.0,0.0,0.0005,18.4,156.5,0.04162,-0.44574,-0.00116,0.0,-0.0014
10373.0,SYN.BTC-25OCT19,1568113144913,open,0.02,158.5,0.0065,0.041,0.02095175,77.0,0.0235,0.0,BTC-25OCT19-14000-C,10239.5,75.31,0.0195,18.6,0.022,0.4,78.2,9.01579,-7.73502,1.83246,9e-05,0.16464
10373.0,SYN.BTC-25OCT19,1568113144913,open,0.01,747.4,0.0005,0.0165,0.00593812,80.86,0.006,0.0,BTC-25OCT19-17000-C,10239.5,78.33,0.005,10.0,0.007,44.7,83.47,4.03086,-3.63165,0.62237,4e-05,0.05474
10596.27,SYN.BTC-27MAR20,1568113144912,open,0.03,2.5,0.0085,0.056,0.02741796,86.17,0.027,0.0,BTC-27MAR20-28000-C,10239.5,84.79,0.0255,10.0,0.0295,23.0,87.61,15.01383,-3.25272,4.95357,3e-05,0.11322
10596.27,SYN.BTC-27MAR20,1568113144912,open,0.31,31.7,0.2555,0.373,0.31552392,78.77,0.319,0.0,BTC-27MAR20-12000-P,10239.5,77.57,0.312,3.6,0.319,4.9,79.96,31.11198,-6.16146,-45.31807,6e-05,-0.4694
10289.22,SYN.BTC-20SEP19,1568113144912,open,0.31,0.0,0.2865,0.342,0.31301791,78.73,None,0.0,BTC-20SEP19-13500-P,10239.5,0.0,0.0,0.0,0.0,0.0,0.0,0.85607,-3.41249,-3.59672,4e-05,-0.97894
10253.91,SYN.BTC-13SEP19,1568113144912,open,0.32,0.0,0.3035,0.3305,0.31733567,116.26,None,0.0,BTC-13SEP19-7000-C,10239.5,0.0,0.31,6.0,0.328,6.0,328.42,0.0032,-0.06468,0.55143,0.0,0.99991
10289.22,SYN.BTC-20SEP19,1568113144912,open,0.01,79.0,0.0005,0.017,0.00548106,70.83,0.006,0.0,BTC-20SEP19-12000-C,10239.5,67.37,0.0045,52.9,0.0065,35.1,74.14,3.04547,-10.9215,0.27286,0.00015,0.10349
10253.91,SYN.BTC-13SEP19,1568113144913,open,0.0,407.0,0.0005,0.014,0.00310407,69.66,0.0025,0.0,BTC-13SEP19-9500-P,10239.5,62.04,0.002,62.1,0.0035,1.0,72.09,1.62912,-19.73072,-0.08551,0.00028,-0.10274
10596.27,SYN.BTC-27MAR20,1568113144913,open,0.01,79.9,0.0005,0.017,0.00727304,80.04,0.008,0.0,BTC-27MAR20-4000-P,10239.5,78.25,0.0065,14.0,0.008,6.0,81.64,4.71379,-0.94862,-1.91715,1e-05,-0.02593
10373.0,SYN.BTC-25OCT19,1568113144913,open,0.05,42.8,0.025,0.079,0.05118949,75.04,0.05,0.0,BTC-25OCT19-12000-C,10239.5,72.93,0.0485,29.3,0.053,25.3,76.45,13.27285,-11.09679,3.63782,0.00013,0.33643
10253.91,SYN.BTC-13SEP19,1568113144913,open,0.22,0.0,0.1955,0.246,0.21941575,97.74,None,0.0,BTC-13SEP19-12500-P,10239.5,0.0,0.0,0.0,0.0,0.0,0.0,0.2957,-5.02543,-0.97498,4e-05,-0.98744
10373.0,SYN.BTC-25OCT19,1568113144913,open,0.43,8.3,0.4105,0.4385,0.42398104,82.19,0.431,0.0,BTC-25OCT19-6000-C,10239.5,0.0,0.4145,7.0,0.4355,7.0,119.12,1.79758,-1.64611,7.08483,2e-05,0.97951
10289.22,SYN.BTC-20SEP19,1568113144913,open,0.0,1.8,0.0005,0.0105,0.00095912,78.66,0.002,0.0,BTC-20SEP19-13500-C,10239.5,71.89,0.0005,39.0,0.0015,36.8,84.27,0.85234,-3.39423,0.05565,4e-05,0.02095
10289.22,SYN.BTC-20SEP19,1568113144912,open,0.0,0.0,0.0005,0.0105,0.00065992,88.57,None,0.0,BTC-20SEP19-7500-P,10239.5,0.0,0.0,0.0,0.001,8.0,94.14,0.54557,-2.44658,-0.03648,2e-05,-0.01245
10253.91,SYN.BTC-13SEP19,1568113144913,open,0.02,480.2,0.0015,0.034,0.01422358,68.01,0.0135,0.0,BTC-13SEP19-10500-C,10239.5,62.78,0.0125,30.4,0.014,5.0,67.33,3.39984,-40.20165,0.27806,0.0006,0.35841
10253.91,SYN.BTC-13SEP19,1568113144913,open,0.0,412.1,0.0005,0.0105,0.00036754,97.72,0.0005,0.0,BTC-13SEP19-12500-C,10239.5,0.0,0.0,0.0,0.0005,18.0,101.85,0.29526,-3.76875,0.00983,4e-05,0.01254
10596.27,SYN.BTC-27MAR20,1568113144912,open,1.48,0.0,1.419,1.562,1.48664435,85.27,None,0.0,BTC-27MAR20-26000-P,10239.5,0.0,0.0005,10.0,0.0,0.0,0.0,16.82786,-3.60766,-135.87588,3e-05,-0.86678
10289.22,SYN.BTC-20SEP19,1568113144913,open,0.01,38.2,0.0035,0.034,0.0150453,68.1,0.013,0.0,BTC-20SEP19-9500-P,10239.5,65.94,0.014,4.0,0.016,24.0,70.04,5.02586,-17.32908,-0.65746,0.00026,-0.22112
10289.22,SYN.BTC-20SEP19,1568113144912,open,0.06,26.7,0.0345,0.0855,0.05945418,68.01,0.0645,0.0,BTC-20SEP19-10000-C,10239.5,64.08,0.057,4.5,0.0605,4.1,69.68,6.43361,-22.15349,1.56615,0.00033,0.62202
10253.91,SYN.BTC-13SEP19,1568113144913,open,0.0,59.7,0.0005,0.0105,3.67e-06,120.0,0.0005,0.0,BTC-13SEP19-7000-P,10239.5,0.0,0.0,0.0,0.0005,25.0,186.96,0.00487,-0.03761,-0.00011,0.0,-0.00014
10253.91,SYN.BTC-13SEP19,1568113144913,open,0.22,7.4,0.204,0.237,0.22005218,116.19,0.2485,0.0,BTC-13SEP19-8000-C,10239.5,0.0,0.211,5.0,0.233,5.0,251.68,0.17688,-3.57338,0.62446,2e-05,0.99302
10596.27,SYN.BTC-27MAR20,1568113144912,open,0.34,17.0,0.301,0.3815,0.34285668,77.6,0.3625,0.0,BTC-27MAR20-8000-C,10239.5,62.17,0.31,7.0,0.3725,7.0,91.08,23.07203,-4.50142,25.32182,5e-05,0.78144
10373.0,SYN.BTC-25OCT19,1568113144913,open,0.03,68.4,0.013,0.0565,0.03265238,75.86,0.0335,0.0,BTC-25OCT19-13000-C,10239.5,74.32,0.031,4.8,0.034,0.5,77.1,11.23199,-9.4937,2.60738,0.00011,0.2371
10373.0,SYN.BTC-25OCT19,1568113144912,open,0.08,55.1,0.0485,0.1105,0.077857,73.31,0.0785,0.0,BTC-25OCT19-11000-C,10239.5,72.34,0.0765,14.4,0.0805,5.5,75.21,14.43816,-11.79362,4.87691,0.00015,0.46026
10596.27,SYN.BTC-27MAR20,1568113144913,open,0.01,369.0,0.0015,0.0295,0.01121406,90.94,0.013,0.0,BTC-27MAR20-40000-C,10239.5,89.3,0.01,10.0,0.0125,24.0,92.57,8.08975,-1.8497,2.24959,1e-05,0.05018
10596.27,SYN.BTC-27MAR20,1568113144913,open,0.01,21.0,0.0035,0.0345,0.01420271,89.03,0.018,0.0,BTC-27MAR20-36000-C,10239.5,87.09,0.0125,1.0,0.016,24.0,90.93,9.6433,-2.15843,2.79999,2e-05,0.0627
10253.91,SYN.BTC-13SEP19,1568113144913,open,0.17,2.1,0.1475,0.197,0.17098046,88.06,0.1575,0.0,BTC-13SEP19-12000-P,10239.5,0.0,0.153,3.0,0.1835,3.0,173.09,0.51867,-7.94106,-0.9264,7e-05,-0.97574
10289.22,SYN.BTC-20SEP19,1568113144913,open,0.05,10.4,0.0305,0.0845,0.0560405,68.01,0.054,0.0,BTC-20SEP19-10500-P,10239.5,64.87,0.054,4.9,0.056,0.1,67.94,6.69913,-23.06582,-1.68682,0.00034,-0.54987
10253.91,SYN.BTC-13SEP19,1568113144913,open,0.0,255.9,0.0005,0.0105,0.00049433,99.74,0.0005,0.0,BTC-13SEP19-8500-P,10239.5,0.0,0.0,0.0,0.001,18.5,111.37,0.34985,-5.0688,-0.01273,4e-05,-0.01526
10596.27,SYN.BTC-27MAR20,1568113144912,open,0.14,147.5,0.0875,0.185,0.13702078,79.92,0.1375,0.0,BTC-27MAR20-14000-C,10239.5,78.53,0.133,19.0,0.141,13.6,81.29,30.71758,-6.17203,16.89596,6e-05,0.42967
10289.22,SYN.BTC-20SEP19,1568113144913,open,0.13,1.0,0.1,0.1575,0.12817915,69.32,0.125,0.0,BTC-20SEP19-11500-P,10239.5,0.0,0.117,15.0,0.1335,5.0,80.86,4.4274,-15.53769,-2.6421,0.00022,-0.82088
10596.27,SYN.BTC-27MAR20,1568113144912,open,1.66,0.0,1.6005,1.747,1.66989607,86.2,None,0.0,BTC-27MAR20-28000-P,10239.5,0.0,0.0005,10.0,0.0,0.0,0.0,15.02419,-3.25598,-147.60446,3e-05,-0.88667
10253.91,SYN.BTC-13SEP19,1568113144913,open,0.13,7.6,0.1045,0.1435,0.12353601,85.61,0.146,0.0,BTC-13SEP19-9000-C,10239.5,0.0,0.122,10.0,0.138,5.0,172.59,0.77922,-11.59933,0.67601,0.00011,0.96032
10253.91,SYN.BTC-13SEP19,1568113144913,open,0.26,0.0,0.243,0.2965,0.26818701,114.5,None,0.0,BTC-13SEP19-13000-P,10239.5,0.0,0.0,0.0,0.0,0.0,0.0,0.2674,-5.32336,-1.01549,3e-05,-0.98882
10289.22,SYN.BTC-20SEP19,1568113144913,open,0.0,103.8,0.0005,0.0105,0.00072487,84.01,0.001,0.0,BTC-20SEP19-14000-C,10239.5,80.03,0.0005,39.0,0.001,36.8,87.88,0.65601,-2.79038,0.04089,3e-05,0.01541
10373.0,SYN.BTC-25OCT19,1568113144913,open,0.37,0.0,0.333,0.4105,0.37062253,77.02,None,0.0,BTC-25OCT19-14000-P,10239.5,0.0,0.0,0.0,0.0,0.0,0.0,9.01796,-7.7384,-15.37952,9e-05,-0.8353
10373.0,SYN.BTC-25OCT19,1568113144913,open,0.0,254.1,0.0005,0.012,0.00240846,82.2,0.0015,0.0,BTC-25OCT19-6000-P,10239.5,79.71,0.002,10.0,0.003,23.3,85.39,1.79882,-1.64756,-0.29225,2e-05,-0.02051
10596.27,SYN.BTC-27MAR20,1568113144913,open,2.22,0.0,2.151,2.31,2.2256691,88.81,None,0.0,BTC-27MAR20-34000-P,10239.5,0.0,0.0005,10.0,0.0,0.0,0.0,10.89691,-2.43319,-181.99435,2e-05,-0.92655
10253.91,SYN.BTC-13SEP19,1568113144913,open,0.0,412.1,0.0005,0.011,0.00100834,72.39,0.001,0.0,BTC-13SEP19-11500-C,10239.5,64.3,0.0005,54.7,0.0015,14.9,78.12,0.78136,-9.83423,0.03135,0.00013,0.03981
10373.0,SYN.BTC-25OCT19,1568113144913,open,0.01,257.3,0.0035,0.03,0.01363573,78.35,0.016,0.0,BTC-25OCT19-15000-C,10239.5,76.63,0.0125,14.0,0.015,54.0,80.32,7.01783,-6.12596,1.28048,7e-05,0.11404
10596.27,SYN.BTC-27MAR20,1568113144912,open,0.1,172.1,0.0605,0.1355,0.09784708,77.61,0.0945,0.0,BTC-27MAR20-8000-P,10239.5,75.14,0.0925,19.0,0.1,10.0,78.59,23.07219,-4.50166,-18.26796,5e-05,-0.21856
10373.0,SYN.BTC-25OCT19,1568113144912,open,0.33,0.0,0.314,0.352,0.33266512,77.93,None,0.0,BTC-25OCT19-7000-C,10239.5,0.0,0.325,10.0,0.0,0.0,0.0,4.19156,-3.63951,7.77714,4e-05,0.94248
10596.27,SYN.BTC-27MAR20,1568113144913,open,2.4,0.0,2.335,2.498,2.41167456,89.08,None,0.0,BTC-27MAR20-36000-P,10239.5,0.0,0.0005,10.0,0.0,0.0,0.0,9.66272,-2.16407,-193.34483,2e-05,-0.93714
10289.22,SYN.BTC-20SEP19,1568113144913,open,0.04,25.9,0.0145,0.06,0.03555196,68.0,0.036,0.0,BTC-20SEP19-10500-C,10239.5,64.08,0.033,22.8,0.036,0.4,68.69,6.69911,-23.06399,1.15412,0.00034,0.45012
10289.22,SYN.BTC-20SEP19,1568113144912,open,0.0,3.5,0.0005,0.0105,0.00062091,90.2,0.001,0.0,BTC-20SEP19-14500-C,10239.5,0.0,0.0,0.0,0.001,8.0,96.16,0.55187,-2.52024,0.03338,2e-05,0.01261
10596.27,SYN.BTC-27MAR20,1568113144912,open,0.04,79.4,0.0165,0.058,0.03547312,77.6,0.036,0.0,BTC-27MAR20-6000-P,10239.5,74.89,0.032,22.1,0.0365,6.0,78.39,13.76701,-2.68606,-7.84475,3e-05,-0.1004
10596.27,SYN.BTC-27MAR20,1568113144913,open,2.03,0.0,1.967,2.121,2.03938571,87.72,None,0.0,BTC-27MAR20-32000-P,10239.5,0.0,0.0005,10.0,0.0,0.0,0.0,11.98914,-2.64411,-170.66997,2e-05,-0.91669
10289.22,SYN.BTC-20SEP19,1568113144912,open,0.41,0.0,0.382,0.4405,0.40986921,90.33,None,0.0,BTC-20SEP19-14500-P,10239.5,0.0,0.0,0.0,0.0,0.0,0.0,0.55609,-2.54314,-3.88955,2e-05,-0.98728
10596.27,SYN.BTC-27MAR20,1568113144913,open,0.02,3.3,0.004,0.0395,0.01694611,88.77,0.021,0.0,BTC-27MAR20-34000-C,10239.5,87.33,0.0155,2.0,0.0185,24.0,90.25,10.88031,-2.42827,3.25391,2e-05,0.07331
10596.27,SYN.BTC-27MAR20,1568113144912,open,0.45,51.5,0.3935,0.521,0.45825984,79.93,0.468,0.0,BTC-27MAR20-14000-P,10239.5,74.11,0.4415,6.0,0.4665,3.0,82.76,30.71792,-6.1726,-59.38481,6e-05,-0.57031
10289.22,SYN.BTC-20SEP19,1568113144913,open,0.21,0.0,0.1915,0.2465,0.21767823,72.43,None,0.0,BTC-20SEP19-12500-P,10239.5,0.0,0.0,0.0,0.0,0.0,0.0,1.9564,-7.17461,-3.22917,9e-05,-0.94226
10373.0,SYN.BTC-25OCT19,1568113144914,open,0.55,0.0,0.515,0.5915,0.55129651,79.4,None,0.0,BTC-25OCT19-16000-P,10239.5,0.0,0.0,0.0,0.0,0.0,0.0,5.31327,-4.70034,-18.78724,5e-05,-0.92183
10596.27,SYN.BTC-27MAR20,1568113144913,open,0.08,70.9,0.0405,0.1235,0.08024864,81.86,0.083,0.0,BTC-27MAR20-18000-C,10239.5,80.35,0.0765,21.0,0.084,10.0,83.36,26.45286,-5.44428,11.69012,5e-05,0.28273
10289.22,SYN.BTC-20SEP19,1568113144913,open,0.23,0.0,0.207,0.2415,0.22374478,80.19,None,0.0,BTC-20SEP19-8000-C,10239.5,0.0,0.0,0.0,0.0,0.0,0.0,0.96243,-3.9073,2.09367,4e-05,0.9758
10596.27,SYN.BTC-27MAR20,1568113144912,open,0.1,192.6,0.0595,0.1505,0.10436516,81.04,0.1,0.0,BTC-27MAR20-16000-C,10239.5,81.27,0.105,0.4,0.108,24.9,82.37,28.92111,-5.89251,14.08633,6e-05,0.34835
10289.22,SYN.BTC-20SEP19,1568113144914,open,0.27,0.0,0.2565,0.288,0.27174032,88.54,None,0.0,BTC-20SEP19-7500-C,10239.5,0.0,0.0,0.0,0.0,0.0,0.0,0.54467,-2.44165,1.99284,2e-05,0.98758
10373.0,SYN.BTC-25OCT19,1568113144914,open,0.46,0.0,0.423,0.4995,0.45970477,78.36,None,0.0,BTC-25OCT19-15000-P,10239.5,0.0,0.0,0.0,0.0,0.0,0.0,7.01957,-6.12834,-17.16117,7e-05,-0.88592
10596.27,SYN.BTC-27MAR20,1568113144913,open,0.94,0.0,0.8835,1.0205,0.95039505,82.79,None,0.0,BTC-27MAR20-20000-P,10239.5,0.0,0.0015,1.0,0.0,0.0,0.0,23.83709,-4.96163,-99.24052,5e-05,-0.76849
10289.22,SYN.BTC-20SEP19,1568113144912,open,0.0,108.5,0.0005,0.0125,0.00280912,72.4,0.003,0.0,BTC-20SEP19-12500-C,10239.5,67.74,0.002,62.8,0.0035,30.0,75.83,1.95417,-7.16341,0.1527,9e-05,0.05766
10289.22,SYN.BTC-20SEP19,1568113144913,open,0.0,17.5,0.0005,0.0125,0.00279137,74.19,0.003,0.0,BTC-20SEP19-8500-P,10239.5,69.25,0.002,40.0,0.0035,47.0,78.0,1.79879,-6.75625,-0.15232,8e-05,-0.05192
10373.0,SYN.BTC-25OCT19,1568113144913,open,0.01,468.4,0.0005,0.022,0.00881562,79.37,0.0075,0.0,BTC-25OCT19-16000-C,10239.5,76.69,0.0075,49.0,0.01,28.8,81.61,5.30852,-4.6944,0.88331,5e-05,0.07808
10596.27,SYN.BTC-27MAR20,1568113144912,open,1.12,0.0,1.0595,1.198,1.12616814,83.61,None,0.0,BTC-27MAR20-22000-P,10239.5,0.0,0.0005,10.0,0.0,0.0,0.0,21.27731,-4.47269,-111.74142,4e-05,-0.80924
10253.91,SYN.BTC-13SEP19,1568113144913,open,0.0,321.3,0.0005,0.0105,0.00018904,119.99,0.0005,0.0,BTC-13SEP19-13500-C,10239.5,0.0,0.0,0.0,0.0005,18.0,134.66,0.14831,-1.93845,0.00447,1e-05,0.00572
10596.27,SYN.BTC-27MAR20,1568113144914,open,0.02,23.2,0.005,0.0435,0.01943329,87.7,0.019,0.0,BTC-27MAR20-32000-C,10239.5,85.94,0.0175,10.0,0.0215,24.0,89.48,11.98214,-2.64201,3.68426,2e-05,0.08325
10373.0,SYN.BTC-25OCT19,1568113144913,open,0.28,0.0,0.247,0.3255,0.2859181,75.87,None,0.0,BTC-25OCT19-13000-P,10239.5,0.0,0.253,10.0,1.277,3.2,500.0,11.23317,-9.49613,-13.37532,0.00011,-0.76285
187.33,SYN.ETH-27MAR20,1568113145049,open,0.43,37.0,0.384,0.458,0.423685,82.49,0.431,0.0,ETH-27MAR20-120-C,181.02,0.0,0.096,1.0,0.44,3.0,91.76,0.32258,-0.0669,0.43501,0.00205,0.84988
10482.04,BTC-27DEC19,1568113145261,open,0.14,617.3,0.101,0.1825,0.1433107,75.62,0.155,0.0,BTC-27DEC19-11000-C,10239.5,74.32,0.1405,12.0,0.1465,12.0,77.1,22.64543,-7.93732,12.13922,9e-05,0.53516
182.46,ETH-27SEP19,1568113145262,open,0.0,1988.0,0.001,0.011,0.001945,97.42,0.003,0.0,ETH-27SEP19-280-C,181.02,88.58,0.001,1200.0,0.003,600.0,104.41,0.02385,-0.06885,0.00205,0.00159,0.02621
10482.04,BTC-27DEC19,1568113145263,open,0.14,617.3,0.101,0.1825,0.1433107,75.62,0.155,0.0,BTC-27DEC19-11000-C,10239.5,74.32,0.1405,12.0,0.1465,20.2,77.1,22.64543,-7.93732,12.13922,9e-05,0.53516
10324.54,BTC-27SEP19,1568113145281,open,0.03,142.3,0.008,0.047,0.02339569,71.93,0.0225,0.0,BTC-27SEP19-11500-C,10239.5,69.23,0.0215,30.1,0.025,16.0,74.18,7.30876,-15.57606,1.16615,0.00021,0.26769
10324.54,BTC-27SEP19,1568113145288,open,0.03,142.3,0.008,0.047,0.02339569,71.93,0.0225,0.0,BTC-27SEP19-11500-C,10239.5,69.23,0.0215,30.1,0.025,29.3,74.18,7.30876,-15.57606,1.16615,0.00021,0.26769
181.86,SYN.ETH-20SEP19,1568113145439,open,0.01,17.0,0.001,0.024,0.008842,74.7,0.015,0.0,ETH-20SEP19-160-P,181.02,72.3,0.008,100.0,0.011,692.0,80.52,0.0649,-0.24546,-0.00707,0.00971,-0.13485
10482.04,BTC-27DEC19,1568113145542,open,0.09,296.7,0.052,0.127,0.08956697,77.19,0.093,0.0,BTC-27DEC19-13000-C,10239.5,76.2,0.0875,0.4,0.092,14.0,78.37,21.71264,-7.76857,9.02489,9e-05,0.38088
10482.04,BTC-27DEC19,1568113145544,open,0.09,296.7,0.052,0.127,0.08956697,77.19,0.093,0.0,BTC-27DEC19-13000-C,10239.5,76.2,0.0875,0.4,0.0915,8.8,78.13,21.71264,-7.76857,9.02489,9e-05,0.38088
181.86,SYN.ETH-20SEP19,1568113145668,open,0.06,33.0,0.024,0.082,0.053522,73.92,0.066,0.0,ETH-20SEP19-180-C,181.02,68.49,0.05,100.0,0.057,387.0,79.27,0.11809,-0.44192,0.02481,0.01785,0.55783
187.33,SYN.ETH-27MAR20,1568113145707,open,0.12,245.0,0.069,0.163,0.118028,85.07,0.128,0.0,ETH-27MAR20-280-C,181.02,82.9,0.112,520.0,0.123,520.0,86.84,0.52308,-0.11187,0.25941,0.00322,0.37218
181.27,SYN.ETH-13SEP19,1568113145769,open,0.34,0.0,0.318,0.357,0.337996,136.52,None,0.0,ETH-13SEP19-120-C,181.02,0.0,0.0,0.0,0.0,0.0,0.0,0.00016,-0.00377,0.00945,4e-05,0.99973
187.33,SYN.ETH-27MAR20,1568113145790,open,0.6,81.0,0.533,0.688,0.612641,85.04,0.582,0.0,ETH-27MAR20-280-P,181.02,0.0,0.0,0.0,0.633,3.0,92.25,0.52303,-0.11182,-1.26626,0.00322,-0.62795
183.34,SYN.ETH-25OCT19,1568113145841,open,0.46,6.0,0.439,0.474,0.456616,87.68,0.46,0.0,ETH-25OCT19-100-C,181.02,0.0,0.0,0.0,0.0,0.0,0.0,0.0268,-0.02618,0.1187,0.00074,0.98322
181.27,SYN.ETH-13SEP19,1568113145891,open,0.0,0.0,0.001,0.011,2e-06,125.0,None,0.0,ETH-13SEP19-120-P,181.02,0.0,0.0,0.0,0.001,100.0,220.33,5e-05,-0.00039,0.0,2e-05,-8e-05
183.34,SYN.ETH-25OCT19,1568113145914,open,0.0,1700.0,0.001,0.012,0.00203,87.47,0.005,0.0,ETH-25OCT19-100-P,181.02,78.72,0.001,100.0,0.003,660.0,93.38,0.02656,-0.02588,-0.0042,0.00073,-0.0166
181.86,SYN.ETH-20SEP19,1568113145927,open,0.03,103.0,0.009,0.055,0.030357,73.91,0.04,0.0,ETH-20SEP19-190-C,181.02,66.92,0.026,470.0,0.034,486.0,79.69,0.11412,-0.42703,0.01732,0.01725,0.38237
181.27,SYN.ETH-13SEP19,1568113145976,open,0.29,0.0,0.261,0.304,0.282863,126.87,None,0.0,ETH-13SEP19-130-C,181.02,0.0,0.0,0.0,0.0,0.0,0.0,0.0007,-0.01535,0.01022,0.00021,0.99869
183.34,SYN.ETH-25OCT19,1568113145986,open,0.36,6.0,0.328,0.375,0.351819,79.75,0.36,0.0,ETH-25OCT19-120-C,181.02,0.0,0.0,0.0,0.0,0.0,0.0,0.06515,-0.05789,0.13508,0.00198,0.95109
181.27,SYN.ETH-13SEP19,1568113146051,open,0.0,600.0,0.001,0.011,3.6e-05,125.0,0.002,0.0,ETH-13SEP19-130-P,181.02,0.0,0.0,0.0,0.001,203.0,182.25,0.00061,-0.00659,-2e-05,0.00019,-0.00114
183.34,SYN.ETH-25OCT19,1568113146058,open,0.01,2304.0,0.001,0.016,0.006316,79.65,0.009,0.0,ETH-25OCT19-120-P,181.02,75.71,0.005,100.0,0.008,740.0,84.12,0.06496,-0.05765,-0.01241,0.00197,-0.04874
181.86,SYN.ETH-20SEP19,1568113146113,open,0.0,0.0,0.001,0.011,0.001911,89.24,None,0.0,ETH-20SEP19-240-C,181.02,80.54,0.001,1000.0,0.003,103.0,96.74,0.02293,-0.10362,0.00161,0.00287,0.03467
185.31,ETH-27DEC19,1568113146121,open,0.47,0.0,0.448,0.492,0.470537,78.41,None,0.0,ETH-27DEC19-100-C,181.02,0.0,0.0,0.0,0.0,0.0,0.0,0.10129,-0.03681,0.26345,0.00127,0.95157
183.34,SYN.ETH-25OCT19,1568113146125,open,0.26,3.0,0.226,0.287,0.257278,78.77,0.271,0.0,ETH-25OCT19-140-C,181.02,0.0,0.0,0.0,0.0,0.0,0.0,0.13781,-0.12094,0.13754,0.00423,0.86748
181.27,SYN.ETH-13SEP19,1568113146133,open,0.23,0.0,0.204,0.251,0.227987,125.35,None,0.0,ETH-13SEP19-140-C,181.02,0.0,0.0,0.0,0.0,0.0,0.0,0.0038,-0.08288,0.0109,0.00117,0.99128
181.86,SYN.ETH-20SEP19,1568113146137,open,0.11,1.0,0.079,0.154,0.116535,75.88,0.14,0.0,ETH-20SEP19-200-P,181.02,60.08,0.109,40.0,0.122,40.0,86.15,0.09345,-0.35901,-0.04302,0.01376,-0.75782
181.86,SYN.ETH-20SEP19,1568113146148,open,0.35,0.0,0.32,0.362,0.34112,119.01,None,0.0,ETH-20SEP19-120-C,181.02,0.0,0.0,0.0,0.0,0.0,0.0,0.01011,-0.06093,0.03177,0.00095,0.98685
181.27,SYN.ETH-13SEP19,1568113146171,open,0.0,203.0,0.001,0.011,0.000623,122.72,0.001,0.0,ETH-13SEP19-230-C,181.02,0.0,0.0,0.0,0.001,200.0,131.48,0.00662,-0.11299,0.00023,0.00208,0.01652
185.31,ETH-27DEC19,1568113146193,open,0.01,3100.0,0.001,0.021,0.010174,78.41,0.011,0.0,ETH-27DEC19-100-P,181.02,76.19,0.009,100.0,0.011,40.0,79.89,0.10129,-0.03681,-0.0321,0.00127,-0.04843
181.86,SYN.ETH-20SEP19,1568113146208,open,0.31,0.0,0.282,0.365,0.321545,88.9,None,0.0,ETH-20SEP19-240-P,181.02,0.0,0.0,0.0,0.0,0.0,0.0,0.02262,-0.10183,-0.06335,0.00284,-0.9659
185.31,ETH-27DEC19,1568113146212,open,0.0,3956.0,0.001,0.012,0.002472,105.16,0.002,0.0,ETH-27DEC19-760-C,181.02,95.31,0.001,100.0,0.004,400.0,111.56,0.03713,-0.0181,0.0066,0.00035,0.01453
181.86,SYN.ETH-20SEP19,1568113146212,open,0.01,14.0,0.001,0.024,0.008985,77.81,0.018,0.0,ETH-20SEP19-210-C,181.02,72.24,0.007,100.0,0.012,788.0,85.42,0.06804,-0.26804,0.00667,0.00977,0.14456
185.31,ETH-27DEC19,1568113146214,open,0.09,2983.0,0.047,0.122,0.085664,81.24,0.091,0.0,ETH-27DEC19-240-C,181.02,79.92,0.083,5.0,0.088,240.0,82.39,0.37604,-0.14159,0.14897,0.00456,0.35766
182.46,ETH-27SEP19,1568113146214,open,0.01,2513.0,0.003,0.03,0.013451,80.39,0.014,0.0,ETH-27SEP19-220-C,181.02,77.55,0.012,160.0,0.015,881.0,83.29,0.09532,-0.22702,0.01233,0.0077,0.15963
182.46,ETH-27SEP19,1568113146217,open,0.0,2439.0,0.001,0.012,0.002948,89.48,0.004,0.0,ETH-27SEP19-260-C,181.02,83.83,0.002,200.0,0.004,600.0,94.6,0.03418,-0.09062,0.00317,0.00248,0.04054
182.46,ETH-27SEP19,1568113146219,open,0.0,6011.0,0.001,0.011,0.0,125.0,0.002,0.0,ETH-27SEP19-600-C,181.02,0.0,0.0,0.0,0.001,399.0,209.03,2e-05,-6e-05,0.0,0.0,1e-05
182.46,ETH-27SEP19,1568113146219,open,0.63,853.0,0.597,0.699,0.645658,105.66,0.641,0.0,ETH-27SEP19-300-P,181.02,0.0,0.049,15.0,1.82,5.0,500.0,0.01818,-0.0569,-0.13723,0.00112,-0.98101
182.46,ETH-27SEP19,1568113146219,open,0.0,839.0,0.001,0.011,1e-06,125.0,0.001,0.0,ETH-27SEP19-60-P,181.02,0.0,0.0,0.0,0.001,100.0,225.14,2e-05,-6e-05,0.0,0.0,-1e-05
182.46,ETH-27SEP19,1568113146221,open,0.02,8483.0,0.005,0.038,0.018333,76.17,0.019,0.0,ETH-27SEP19-160-P,181.02,72.07,0.016,500.0,0.02,859.0,79.01,0.1059,-0.23899,-0.01744,0.00903,-0.18837
185.31,ETH-27DEC19,1568113146223,open,0.75,101.0,0.694,0.831,0.761264,84.8,0.513,0.0,ETH-27DEC19-320-P,181.02,0.0,0.006,5.0,0.0,0.0,0.0,0.25486,-0.10017,-0.87155,0.00296,-0.83008
182.46,ETH-27SEP19,1568113146223,open,2.04,24.0,1.98,2.164,2.069167,125.0,1.356,0.0,ETH-27SEP19-560-P,181.02,0.0,0.0,0.0,0.0,0.0,0.0,5e-05,-0.00017,-0.25891,0.0,-0.99997
185.31,ETH-27DEC19,1568113146223,open,0.0,6521.0,0.001,0.013,0.003967,100.55,0.004,0.0,ETH-27DEC19-640-C,181.02,96.98,0.003,2600.0,0.005,300.0,103.76,0.05503,-0.02565,0.01046,0.00054,0.02307
182.46,ETH-27SEP19,1568113146225,open,0.0,10994.0,0.001,0.011,0.001548,98.61,0.002,0.0,ETH-27SEP19-120-P,181.02,92.24,0.001,100.0,0.002,600.0,102.85,0.01791,-0.05231,-0.0017,0.00118,-0.01866
182.46,ETH-27SEP19,1568113146225,open,1.17,79.0,1.129,1.26,1.192461,125.0,0.351,0.0,ETH-27SEP19-400-P,181.02,0.0,0.0,0.0,0.0,0.0,0.0,0.00323,-0.01196,-0.18473,0.00017,-0.99733
185.31,ETH-27DEC19,1568113146228,open,2.85,0.0,2.773,3.012,2.888,102.6,None,0.0,ETH-27DEC19-720-P,181.02,0.0,0.003,5.0,0.0,0.0,0.0,0.03947,-0.01877,-2.12085,0.00038,-0.98439
182.46,ETH-27SEP19,1568113146243,open,0.31,2550.0,0.279,0.366,0.321221,84.16,0.34,0.0,ETH-27SEP19-240-P,181.02,0.0,0.053,5.0,0.88,5.0,500.0,0.05677,-0.14156,-0.10495,0.00438,-0.92281
182.46,ETH-27SEP19,1568113146243,open,0.0,5439.0,0.001,0.011,1.7e-05,125.0,0.001,0.0,ETH-27SEP19-480-C,181.02,0.0,0.0,0.0,0.001,100.0,175.66,0.00039,-0.00144,2e-05,2e-05,0.00027
182.46,ETH-27SEP19,1568113146249,open,0.21,1574.0,0.178,0.262,0.219195,80.39,0.227,0.0,ETH-27SEP19-220-P,181.02,36.69,0.206,240.0,1.206,1.0,500.0,0.09532,-0.22702,-0.08938,0.0077,-0.84037
182.46,ETH-27SEP19,1568113146251,open,0.0,3828.0,0.001,0.011,2e-06,125.0,0.001,0.0,ETH-27SEP19-560-C,181.02,0.0,0.0,0.0,0.001,199.0,198.84,5e-05,-0.00017,0.0,0.0,3e-05
182.46,ETH-27SEP19,1568113146251,open,0.74,606.0,0.703,0.812,0.755275,116.93,0.715,0.0,ETH-27SEP19-320-P,181.02,0.0,0.0,0.0,1.39,1.0,500.0,0.01694,-0.0587,-0.1466,0.00094,-0.98251
182.46,ETH-27SEP19,1568113146255,open,0.0,2907.0,0.001,0.011,5.8e-05,125.0,0.001,0.0,ETH-27SEP19-440-C,181.02,0.0,0.0,0.0,0.001,294.0,162.29,0.00113,-0.00418,7e-05,6e-05,0.00084
185.31,ETH-27DEC19,1568113146257,open,2.21,0.0,2.145,2.349,2.242742,99.29,0.953,0.0,ETH-27DEC19-600-P,181.02,0.0,0.0,0.0,0.0,0.0,0.0,0.06525,-0.03003,-1.76051,0.00065,-0.97173
185.31,ETH-27DEC19,1568113146257,open,0.02,956.0,0.007,0.046,0.02382,87.3,0.024,0.0,ETH-27DEC19-360-C,181.02,85.62,0.022,400.0,0.026,560.0,89.24,0.20463,-0.0828,0.05412,0.00231,0.12264
182.46,ETH-27SEP19,1568113146257,open,1.82,12.0,1.768,1.938,1.849945,125.0,1.193,0.0,ETH-27SEP19-520-P,181.02,0.0,0.0,0.0,0.0,0.0,0.0,0.00013,-0.00049,-0.24041,1e-05,-0.99992
185.31,ETH-27DEC19,1568113146259,open,1.16,16.0,1.102,1.253,1.174431,88.24,1.195,0.0,ETH-27DEC19-400-P,181.02,0.0,0.001,8.0,0.0,0.0,0.0,0.1585,-0.06482,-1.14366,0.00177,-0.91374
182.46,ETH-27SEP19,1568113146261,open,0.35,116.0,0.323,0.365,0.34387,98.61,0.327,0.0,ETH-27SEP19-120-C,181.02,0.0,0.017,12.0,0.0,0.0,0.0,0.01791,-0.05231,0.05378,0.00118,0.98134
182.46,ETH-27SEP19,1568113146261,open,0.57,0.0,0.548,0.574,0.561601,125.0,None,0.0,ETH-27SEP19-80-C,181.02,0.0,0.004,5.0,0.0,0.0,0.0,0.00093,-0.00344,0.03693,5e-05,0.99932
182.46,ETH-27SEP19,1568113146261,open,0.96,233.0,0.916,1.036,0.973643,123.31,0.634,0.0,ETH-27SEP19-360-P,181.02,0.0,0.5,44.0,0.0,0.0,0.0,0.00816,-0.02982,-0.16586,0.00043,-0.99246
182.46,ETH-27SEP19,1568113146261,open,1.06,259.0,1.023,1.148,1.083019,125.0,0.94,0.0,ETH-27SEP19-380-P,181.02,0.0,0.009,8.0,0.0,0.0,0.0,0.0054,-0.01999,-0.17532,0.00028,-0.99527
182.46,ETH-27SEP19,1568113146261,open,0.0,7916.0,0.001,0.011,0.0,125.0,0.001,0.0,ETH-27SEP19-760-C,181.02,0.0,0.0,0.0,0.001,101.0,243.17,0.0,0.0,0.0,0.0,0.0
183.34,SYN.ETH-25OCT19,1568113146261,open,0.18,242.0,0.142,0.213,0.177748,77.99,0.154,0.0,ETH-25OCT19-160-C,181.02,67.53,0.166,240.0,0.192,240.0,90.26,0.20969,-0.18221,0.12609,0.00651,0.73716
185.31,ETH-27DEC19,1568113146263,open,0.3,2.0,0.261,0.334,0.300451,78.29,0.275,0.0,ETH-27DEC19-140-C,181.02,0.0,0.0,0.0,0.0,0.0,0.0,0.2749,-0.09975,0.27813,0.00346,0.80828
185.31,ETH-27DEC19,1568113146263,open,1.79,37.0,1.727,1.907,1.812978,94.3,0.707,0.0,ETH-27DEC19-520-P,181.02,0.0,0.002,25.0,0.0,0.0,0.0,0.08597,-0.03758,-1.51898,0.0009,-0.96048
182.46,ETH-27SEP19,1568113146265,open,0.0,3439.0,0.001,0.011,0.0,125.0,0.001,0.0,ETH-27SEP19-680-C,181.02,0.0,0.0,0.0,0.001,105.0,227.25,0.0,-1e-05,0.0,0.0,0.0
185.31,ETH-27DEC19,1568113146267,open,0.38,2.0,0.349,0.407,0.379459,78.29,0.346,0.0,ETH-27DEC19-120-C,181.02,0.0,0.101,1.0,0.0,0.0,0.0,0.18776,-0.06813,0.28036,0.00236,0.89135
181.86,SYN.ETH-20SEP19,1568113146269,open,0.0,0.0,0.001,0.011,0.000938,118.62,None,0.0,ETH-20SEP19-120-P,181.02,0.0,0.0,0.0,0.001,100.0,119.74,0.00997,-0.05985,-0.00068,0.00094,-0.01293
185.31,ETH-27DEC19,1568113146279,open,0.37,694.0,0.319,0.44,0.380791,81.24,0.44,0.0,ETH-27DEC19-240-P,181.02,68.68,0.356,240.0,0.407,240.0,93.91,0.37604,-0.14159,-0.56035,0.00456,-0.64234
182.46,ETH-27SEP19,1568113146279,open,0.0,5974.0,0.001,0.011,0.000779,123.22,0.001,0.0,ETH-27SEP19-100-P,181.02,0.0,0.0,0.0,0.001,100.0,127.45,0.00874,-0.03192,-0.00075,0.00046,-0.00815
185.31,ETH-27DEC19,1568113146279,open,0.03,8337.0,0.011,0.046,0.027023,78.29,0.027,0.0,ETH-27DEC19-120-P,181.02,75.25,0.024,400.0,0.027,260.0,78.27,0.18776,-0.06813,-0.0743,0.00236,-0.10865
181.86,SYN.ETH-20SEP19,1568113146279,open,0.15,0.0,0.125,0.203,0.163665,77.71,None,0.0,ETH-20SEP19-210-P,181.02,0.0,0.0,0.0,0.265,1.0,252.58,0.06793,-0.26727,-0.05016,0.00977,-0.85578
181.27,SYN.ETH-13SEP19,1568113146281,open,0.0,204.0,0.001,0.011,0.000328,125.0,0.002,0.0,ETH-13SEP19-140-P,181.02,0.0,0.0,0.0,0.001,100.0,146.4,0.00375,-0.05948,-0.00013,0.00116,-0.00857
185.31,ETH-27DEC19,1568113146283,open,0.09,2443.0,0.06,0.135,0.097822,78.29,0.103,0.0,ETH-27DEC19-160-P,181.02,76.77,0.095,1.0,0.1,260.0,79.46,0.34399,-0.12483,-0.21157,0.00433,-0.28847
182.46,ETH-27SEP19,1568113146283,open,2.26,27.0,2.193,2.39,2.288392,125.0,1.044,0.0,ETH-27SEP19-600-P,181.02,0.0,0.0,0.0,0.0,0.0,0.0,2e-05,-6e-05,-0.27741,0.0,-0.99999
185.31,ETH-27DEC19,1568113146283,open,2.43,0.0,2.354,2.57,2.45764,100.55,None,0.0,ETH-27DEC19-640-P,181.02,0.0,0.0,0.0,0.0,0.0,0.0,0.05503,-0.02565,-1.88106,0.00054,-0.97693
182.46,ETH-27SEP19,1568113146283,open,0.46,20.0,0.435,0.469,0.452714,123.22,0.441,0.0,ETH-27SEP19-100-C,181.02,0.0,0.011,15.0,0.0,0.0,0.0,0.00874,-0.03192,0.04548,0.00046,0.99185
185.31,ETH-27DEC19,1568113146285,open,0.01,820.0,0.003,0.029,0.012978,92.21,0.011,0.0,ETH-27DEC19-440-C,181.02,90.85,0.012,500.0,0.014,220.0,93.58,0.13556,-0.05794,0.03134,0.00145,0.0702
182.46,ETH-27SEP19,1568113146287,open,0.0,3419.0,0.001,0.011,0.0,125.0,0.001,0.0,ETH-27SEP19-640-C,181.02,0.0,0.0,0.0,0.001,337.0,218.47,1e-05,-2e-05,0.0,0.0,0.0
185.31,ETH-27DEC19,1568113146289,open,2.64,0.0,2.564,2.792,2.672989,102.6,None,0.0,ETH-27DEC19-680-P,181.02,0.0,0.002,10.0,0.0,0.0,0.0,0.04897,-0.02329,-2.00063,0.00047,-0.97991
185.31,ETH-27DEC19,1568113146289,open,0.0,8374.0,0.001,0.014,0.004924,99.29,0.006,0.0,ETH-27DEC19-600-C,181.02,96.48,0.004,5.0,0.006,400.0,102.15,0.06525,-0.03003,0.01279,0.00065,0.02827
182.46,ETH-27SEP19,1568113146289,open,2.91,0.0,2.832,3.068,2.94607,125.0,None,0.0,ETH-27SEP19-720-P,181.02,0.0,0.0,0.0,0.0,0.0,0.0,0.0,0.0,-0.33289,0.0,-1.0
182.46,ETH-27SEP19,1568113146289,open,0.0,2060.0,0.001,0.011,5.3e-05,125.0,0.003,0.0,ETH-27SEP19-80-P,181.02,0.0,0.0,0.0,0.001,110.0,170.11,0.00093,-0.00344,-6e-05,5e-05,-0.00068
185.31,ETH-27DEC19,1568113146291,open,0.02,1995.0,0.004,0.034,0.015886,88.24,0.017,0.0,ETH-27DEC19-400-C,181.02,87.19,0.015,250.0,0.017,411.0,89.52,0.1585,-0.06482,0.03854,0.00177,0.08626
182.46,ETH-27SEP19,1568113146291,open,0.15,693.0,0.108,0.171,0.141429,76.17,0.138,0.0,ETH-27SEP19-160-C,181.02,53.77,0.13,240.0,0.151,240.0,91.79,0.1059,-0.23899,0.05654,0.00903,0.81163
185.31,ETH-27DEC19,1568113146296,open,0.0,2902.0,0.001,0.013,0.003462,102.6,0.003,0.0,ETH-27DEC19-680-C,181.02,95.99,0.002,50.0,0.005,400.0,107.71,0.04897,-0.02329,0.00911,0.00047,0.02009
182.46,ETH-27SEP19,1568113146298,open,0.0,2951.0,0.001,0.011,0.000608,123.31,0.006,0.0,ETH-27SEP19-360-C,181.02,0.0,0.0,0.0,0.001,100.0,130.57,0.00816,-0.02982,0.00058,0.00043,0.00754
185.31,ETH-27DEC19,1568113146298,open,0.95,257.0,0.897,1.041,0.96651,87.3,0.947,0.0,ETH-27DEC19-360-P,181.02,0.0,0.008,4.0,1.59,1.0,415.0,0.20463,-0.0828,-1.00986,0.00231,-0.87736
182.46,ETH-27SEP19,1568113146298,open,0.0,5725.0,0.001,0.011,0.000199,125.0,0.001,0.0,ETH-27SEP19-400-C,181.02,0.0,0.0,0.0,0.001,206.0,147.39,0.00323,-0.01196,0.00021,0.00017,0.00267
182.46,ETH-27SEP19,1568113146300,open,0.67,0.0,0.661,0.681,0.671161,125.0,0.01,0.0,ETH-27SEP19-60-C,181.02,0.0,0.003,10.0,0.0,0.0,0.0,2e-05,-6e-05,0.02774,0.0,0.99999
182.46,ETH-27SEP19,1568113146308,open,1.39,0.0,1.342,1.486,1.411545,125.0,None,0.0,ETH-27SEP19-440-P,181.02,0.0,0.0,0.0,0.0,0.0,0.0,0.00113,-0.00418,-0.20337,6e-05,-0.99916
182.46,ETH-27SEP19,1568113146315,open,0.01,3875.0,0.001,0.017,0.005864,84.16,0.009,0.0,ETH-27SEP19-240-C,181.02,81.27,0.005,200.0,0.007,1020.0,87.65,0.05677,-0.14156,0.00602,0.00438,0.07719
182.46,ETH-27SEP19,1568113146315,open,3.13,0.0,3.045,3.294,3.165297,125.0,None,0.0,ETH-27SEP19-760-P,181.02,0.0,0.0,0.0,0.0,0.0,0.0,0.0,0.0,-0.35138,0.0,-1.0
185.31,ETH-27DEC19,1568113146315,open,0.14,2152.0,0.094,0.178,0.138857,78.53,0.144,0.0,ETH-27DEC19-200-C,181.02,77.21,0.136,363.0,0.144,240.0,80.91,0.40166,-0.1462,0.20539,0.00504,0.51387
185.31,ETH-27DEC19,1568113146315,open,0.55,432.0,0.499,0.628,0.563599,82.56,0.66,0.0,ETH-27DEC19-280-P,181.02,60.47,0.531,240.0,0.601,240.0,102.88,0.31562,-0.12077,-0.72302,0.00377,-0.75655
182.46,ETH-27SEP19,1568113146315,open,0.52,730.0,0.491,0.586,0.536528,97.41,0.533,0.0,ETH-27SEP19-280-P,181.02,0.0,0.002,20.0,0.9,5.0,500.0,0.02384,-0.06882,-0.12741,0.00159,-0.9738
182.46,ETH-27SEP19,1568113146315,open,0.0,1897.0,0.001,0.011,0.00037,125.0,0.001,0.0,ETH-27SEP19-380-C,181.02,0.0,0.0,0.0,0.001,172.0,139.25,0.0054,-0.01999,0.00037,0.00028,0.00473
182.46,ETH-27SEP19,1568113146315,open,0.0,2698.0,0.001,0.011,0.0,125.0,0.001,0.0,ETH-27SEP19-720-C,181.02,0.0,0.0,0.0,0.001,322.0,235.46,0.0,0.0,0.0,0.0,0.0
182.46,ETH-27SEP19,1568113146315,open,0.0,2663.0,0.001,0.011,0.000849,118.88,0.001,0.0,ETH-27SEP19-340-C,181.02,0.0,0.0,0.0,0.001,100.0,121.27,0.01094,-0.03852,0.00082,0.0006,0.01053
182.46,ETH-27SEP19,1568113146317,open,1.61,0.0,1.555,1.712,1.630731,125.0,None,0.0,ETH-27SEP19-480-P,181.02,0.0,0.0,0.0,0.0,0.0,0.0,0.00039,-0.00144,-0.22191,2e-05,-0.99973
182.46,ETH-27SEP19,1568113146317,open,0.42,1241.0,0.385,0.475,0.427917,89.48,0.426,0.0,ETH-27SEP19-260-P,181.02,0.0,0.007,15.0,0.0,0.0,0.0,0.03418,-0.09062,-0.11704,0.00248,-0.95946
185.31,ETH-27DEC19,1568113146317,open,0.01,3093.0,0.001,0.018,0.00687,94.3,0.008,0.0,ETH-27DEC19-520-C,181.02,89.86,0.005,2725.0,0.009,634.0,98.52,0.08597,-0.03758,0.01788,0.0009,0.03952
185.31,ETH-27DEC19,1568113146317,open,0.01,4383.0,0.001,0.015,0.005441,96.06,0.005,0.0,ETH-27DEC19-560-C,181.02,91.96,0.004,700.0,0.007,500.0,99.77,0.07172,-0.03193,0.01437,0.00074,0.03169
185.31,ETH-27DEC19,1568113146320,open,0.24,172.0,0.19,0.272,0.234404,78.29,0.235,0.0,ETH-27DEC19-160-C,181.02,0.0,0.05,2.0,0.0,0.0,0.0,0.34399,-0.12483,0.26131,0.00433,0.71153
182.46,ETH-27SEP19,1568113146320,open,0.0,3896.0,0.001,0.011,0.001462,105.66,0.002,0.0,ETH-27SEP19-300-C,181.02,100.41,0.001,1000.0,0.002,600.0,110.51,0.01818,-0.0569,0.00148,0.00112,0.01899
182.46,ETH-27SEP19,1568113146320,open,0.85,294.0,0.81,0.924,0.864271,118.88,1.024,0.0,ETH-27SEP19-340-P,181.02,0.0,0.0,0.0,1.19,1.0,500.0,0.01094,-0.03852,-0.15638,0.0006,-0.98947
185.31,ETH-27DEC19,1568113146323,open,0.05,1058.0,0.023,0.084,0.052617,82.56,0.059,0.0,ETH-27DEC19-280-C,181.02,79.81,0.048,572.0,0.056,240.0,84.53,0.31562,-0.12077,0.10452,0.00377,0.24345
182.46,ETH-27SEP19,1568113146323,open,0.05,6430.0,0.028,0.089,0.057653,75.4,0.058,0.0,ETH-27SEP19-180-P,181.02,71.08,0.054,774.0,0.06,314.0,78.17,0.15441,-0.34492,-0.04152,0.0133,-0.43456
182.46,ETH-27SEP19,1568113146325,open,0.24,214.0,0.211,0.261,0.236472,78.87,0.227,0.0,ETH-27SEP19-140-C,181.02,0.0,0.007,20.0,0.0,0.0,0.0,0.04033,-0.09425,0.06021,0.00332,0.9502
182.46,ETH-27SEP19,1568113146325,open,2.69,0.0,2.619,2.842,2.726844,125.0,None,0.0,ETH-27SEP19-680-P,181.02,0.0,0.0,0.0,0.0,0.0,0.0,0.0,-1e-05,-0.3144,0.0,-1.0
185.31,ETH-27DEC19,1568113146325,open,0.0,2613.0,0.001,0.012,0.002619,102.6,0.002,0.0,ETH-27DEC19-720-C,181.02,92.25,0.001,550.0,0.004,400.0,108.16,0.03947,-0.01877,0.00711,0.00038,0.01561
185.31,ETH-27DEC19,1568113146325,open,3.07,0.0,2.983,3.235,3.103708,105.16,None,0.0,ETH-27DEC19-760-P,181.02,0.0,0.0,0.0,0.0,0.0,0.0,0.03713,-0.0181,-2.23957,0.00035,-0.98547
181.27,SYN.ETH-13SEP19,1568113146328,open,0.26,0.0,0.232,0.31,0.269469,122.39,None,0.0,ETH-13SEP19-230-P,181.02,0.0,0.0,0.0,0.0,0.0,0.0,0.00654,-0.13909,-0.0179,0.00206,-0.98372
182.46,ETH-27SEP19,1568113146377,open,0.0,1988.0,0.001,0.011,0.001945,97.41,0.003,0.0,ETH-27SEP19-280-C,181.02,88.58,0.001,1420.0,0.003,600.0,104.41,0.02384,-0.06882,0.00205,0.00159,0.0262
181.27,SYN.ETH-13SEP19,1568113146395,open,0.18,300.0,0.147,0.199,0.173421,111.02,0.108,0.0,ETH-13SEP19-150-C,181.02,0.0,0.0,0.0,0.0,0.0,0.0,0.00921,-0.17777,0.01146,0.0032,0.97561
187.33,SYN.ETH-27MAR20,1568113146409,open,0.05,20.0,0.017,0.078,0.045298,89.6,0.043,0.0,ETH-27MAR20-440-C,181.02,87.8,0.042,220.0,0.049,552.0,91.56,0.34785,-0.07836,0.12569,0.00203,0.16844
181.86,SYN.ETH-20SEP19,1568113146416,open,0.01,10.0,0.001,0.016,0.004608,79.33,0.003,0.0,ETH-20SEP19-220-C,181.02,72.15,0.003,100.0,0.007,700.0,87.99,0.04518,-0.18146,0.00379,0.00636,0.08169
185.31,ETH-27DEC19,1568113146464,open,0.15,154.0,0.104,0.196,0.151332,77.89,0.151,0.0,ETH-27DEC19-180-P,181.02,75.81,0.147,286.0,0.156,240.0,80.13,0.38641,-0.1395,-0.29625,0.00489,-0.38959
185.31,ETH-27DEC19,1568113146531,open,0.11,1291.0,0.066,0.147,0.108521,79.84,0.1,0.0,ETH-27DEC19-220-C,181.02,77.72,0.104,300.0,0.112,240.0,81.47,0.39557,-0.14639,0.17565,0.00488,0.42924
187.33,SYN.ETH-27MAR20,1568113146558,open,0.04,173.0,0.014,0.07,0.038624,91.48,0.035,0.0,ETH-27MAR20-480-C,181.02,90.51,0.037,2.0,0.04,300.0,92.29,0.31593,-0.07266,0.10911,0.00181,0.14552
181.86,SYN.ETH-20SEP19,1568113146591,open,0.2,0.0,0.176,0.255,0.214273,79.17,None,0.0,ETH-20SEP19-220-P,181.02,0.0,0.0,0.0,0.0,0.0,0.0,0.04499,-0.18034,-0.05575,0.00635,-0.91876
185.31,ETH-27DEC19,1568113146606,open,0.29,242.0,0.237,0.351,0.29572,79.84,0.371,0.0,ETH-27DEC19-220-P,181.02,76.22,0.288,240.0,0.301,240.0,82.31,0.39557,-0.14639,-0.47456,0.00488,-0.57076
183.34,SYN.ETH-25OCT19,1568113146634,open,0.08,427.0,0.043,0.108,0.074941,78.75,0.079,0.0,ETH-25OCT19-200-C,181.02,75.87,0.071,468.0,0.078,612.0,80.95,0.25247,-0.22151,0.07997,0.00776,0.42975
181.27,SYN.ETH-13SEP19,1568113146644,open,0.0,431.0,0.001,0.011,0.000929,110.87,0.006,0.0,ETH-13SEP19-150-P,181.02,0.0,0.0,0.0,0.001,100.0,112.24,0.00916,-0.16838,-0.00036,0.00319,-0.02424
181.86,SYN.ETH-20SEP19,1568113146667,open,0.0,4.0,0.001,0.012,0.002708,83.23,0.003,0.0,ETH-20SEP19-230-C,181.02,70.14,0.001,296.0,0.004,100.0,90.05,0.03076,-0.1296,0.00232,0.00413,0.0498
