underlying_price,underlying_index,timestamp,state,settlement_price,open_interest,min_price,max_price,mark_price,mark_iv,last_price,interest_rate,instrument_name,index_price,bid_iv,best_bid_price,best_bid_amount,best_ask_price,best_ask_amount,ask_iv,vega,theta,rho,gamma,delta
185.09,SYN.ETH-22NOV19,1573729140015,open,0.24,0.0,0.221,0.267,0.244116,85.64,None,0.0,ETH-22NOV19-140-C,184.66,0.0,0.0,0.0,0.0,0.0,0.0,0.00802,-0.04361,0.02974,0.00127,0.98876
185.09,SYN.ETH-22NOV19,1573729140015,open,0.0,3.0,0.001,0.011,0.000505,85.64,0.001,0.0,ETH-22NOV19-140-P,184.66,0.0,0.0,0.0,0.001,1.0,94.61,0.00802,-0.04361,-0.00047,0.00127,-0.01124
8622.31,SYN.BTC-22NOV19,1573729140248,open,0.02,79.7,0.009,0.0495,0.0227079,50.02,0.0205,0.0,BTC-22NOV19-8750-C,8603.81,47.93,0.0215,14.0,0.0235,28.8,51.39,4.98585,-15.83357,0.76729,0.00062,0.43513
8622.31,SYN.BTC-22NOV19,1573729140248,open,0.06,8.0,0.036,0.083,0.05557877,50.64,0.0655,0.0,BTC-22NOV19-8250-C,8603.81,49.43,0.055,2.0,0.058,4.0,55.6,4.14165,-13.31411,1.26563,0.00051,0.73586
8622.31,SYN.BTC-22NOV19,1573729140248,open,0.01,207.1,0.0005,0.0265,0.00712896,50.66,0.007,0.0,BTC-22NOV19-9250-C,8603.81,50.33,0.007,14.0,0.0075,3.2,51.61,3.34854,-10.76951,0.32567,0.00041,0.18218
8622.31,SYN.BTC-22NOV19,1573729140248,open,0.05,123.3,0.036,0.088,0.05682569,50.06,0.048,0.0,BTC-22NOV19-9000-P,8603.81,47.41,0.0555,14.0,0.0575,2.0,51.39,4.35256,-13.83365,-1.42207,0.00054,-0.70754
8622.31,SYN.BTC-22NOV19,1573729140248,open,0.14,0.0,0.113,0.1535,0.13318469,65.89,None,0.0,BTC-22NOV19-7500-C,8603.81,0.0,0.0155,0.1,0.0,0.0,0.0,1.66713,-6.9738,1.48575,0.00016,0.93178
8622.31,SYN.BTC-22NOV19,1573729140248,open,0.08,21.4,0.058,0.1035,0.07927749,54.1,0.087,0.0,BTC-22NOV19-8000-C,8603.81,51.91,0.0785,3.5,0.0815,4.0,59.99,3.11885,-10.71287,1.40977,0.00036,0.83703
8622.31,SYN.BTC-22NOV19,1573729140248,open,0.0,68.4,0.0005,0.013,0.00301706,65.87,0.003,0.0,BTC-22NOV19-7500-P,8603.81,63.07,0.0025,0.1,0.0035,37.7,68.28,1.66603,-6.967,-0.13242,0.00016,-0.06816
8622.31,SYN.BTC-22NOV19,1573729140248,open,0.16,0.0,0.1425,0.18,0.16093905,69.99,None,0.0,BTC-22NOV19-7250-C,8603.81,0.0,0.01,1.0,0.0,0.0,0.0,1.11657,-4.96113,1.4845,0.0001,0.95886
8622.31,SYN.BTC-22NOV19,1573729140248,open,0.1,0.8,0.0825,0.1345,0.10615691,53.67,0.0625,0.0,BTC-22NOV19-9500-P,8603.81,39.58,0.103,4.0,0.1075,4.0,58.06,2.48817,-8.47734,-1.84035,0.00029,-0.88303
8622.31,SYN.BTC-22NOV19,1573729140248,open,0.01,932.5,0.0025,0.0355,0.01239438,50.63,0.011,0.0,BTC-22NOV19-8250-P,8603.81,47.69,0.011,45.1,0.0135,21.0,52.91,4.14139,-13.31083,-0.51442,0.00051,-0.26411
8622.31,SYN.BTC-22NOV19,1573729140248,open,0.04,23.9,0.0195,0.065,0.03674043,50.02,0.0355,0.0,BTC-22NOV19-8500-C,8603.81,48.72,0.036,14.0,0.038,15.1,52.23,4.91957,-15.62345,1.03194,0.00061,0.59141
8622.31,SYN.BTC-22NOV19,1573729140248,open,0.0,106.1,0.0005,0.015,0.00449037,59.63,0.004,0.0,BTC-22NOV19-7750-P,8603.81,59.67,0.0045,2.1,0.005,20.0,61.52,2.2804,-8.63346,-0.20106,0.00024,-0.10358
8622.31,SYN.BTC-22NOV19,1573729140248,open,0.0,19.5,0.0005,0.0115,0.00177701,69.96,0.002,0.0,BTC-22NOV19-7250-P,8603.81,62.95,0.001,50.0,0.0025,37.4,75.03,1.1152,-4.95292,-0.07973,0.0001,-0.04108
8622.31,SYN.BTC-22NOV19,1573729140248,open,0.13,10.3,0.1095,0.1605,0.13391928,58.51,0.097,0.0,BTC-22NOV19-9750-P,8603.81,0.0,0.1115,4.0,0.1565,7.0,117.66,1.93032,-7.16978,-1.95579,0.00021,-0.91732
8622.31,SYN.BTC-22NOV19,1573729140250,open,0.3,0.0,0.2795,0.335,0.30570438,86.44,None,0.0,BTC-22NOV19-11250-P,8603.81,0.0,0.0,0.0,0.0,0.0,0.0,0.64178,-3.52205,-2.38995,5e-05,-0.9789
8622.31,SYN.BTC-22NOV19,1573729140250,open,0.01,342.8,0.0005,0.019,0.00436923,53.68,0.0045,0.0,BTC-22NOV19-9500-C,8603.81,52.38,0.004,14.2,0.0045,0.1,54.13,2.48941,-8.48436,0.20964,0.00029,0.11705
8622.31,SYN.BTC-22NOV19,1573729140250,open,0.16,5.1,0.1375,0.1885,0.16207976,62.96,0.124,0.0,BTC-22NOV19-10000-P,8603.81,0.0,0.1405,4.0,0.1835,4.0,125.68,1.50459,-6.01405,-2.05076,0.00015,-0.94021
8622.31,SYN.BTC-22NOV19,1573729140250,open,0.0,26.0,0.0005,0.011,0.00113476,69.34,0.0015,0.0,BTC-22NOV19-10500-C,8603.81,67.93,0.001,34.0,0.0015,20.5,72.7,0.85754,-3.77501,0.05337,8e-05,0.02982
8622.31,SYN.BTC-22NOV19,1573729140250,open,0.0,20.5,0.0005,0.011,0.0010213,74.81,0.001,0.0,BTC-22NOV19-10750-C,8603.81,67.42,0.0005,30.5,0.0015,34.0,79.66,0.7518,-3.5707,0.04548,6e-05,0.02547
8622.31,SYN.BTC-22NOV19,1573729140250,open,0.08,56.5,0.0575,0.1105,0.07992223,50.65,0.072,0.0,BTC-22NOV19-9250-P,8603.81,42.46,0.077,7.9,0.0805,0.8,52.12,3.34778,-10.76436,-1.67034,0.00041,-0.81789
8622.31,SYN.BTC-22NOV19,1573729140250,open,0.0,422.9,0.0005,0.012,0.00230326,62.99,0.0025,0.0,BTC-22NOV19-10000-C,8603.81,61.19,0.002,0.1,0.0025,26.0,64.09,1.50648,-6.02455,0.10713,0.00015,0.05988
8622.31,SYN.BTC-22NOV19,1573729140250,open,0.19,0.0,0.166,0.217,0.1903161,65.76,None,0.0,BTC-22NOV19-10250-P,8603.81,0.0,0.011,1.0,0.0,0.0,0.0,1.10833,-4.62711,-2.13869,0.00011,-0.95924
8622.31,SYN.BTC-22NOV19,1573729140250,open,0.0,325.7,0.0005,0.0115,0.00154519,65.8,0.0035,0.0,BTC-22NOV19-10250-C,8603.81,61.02,0.001,52.0,0.002,26.0,69.07,1.11064,-4.63981,0.07316,0.00011,0.04087
8622.31,SYN.BTC-22NOV19,1573729140252,open,0.0,572.4,0.0005,0.013,0.00313719,58.53,0.003,0.0,BTC-22NOV19-9750-C,8603.81,57.91,0.003,0.1,0.0035,27.6,60.11,1.9319,-7.17852,0.14815,0.00021,0.08277
8622.31,SYN.BTC-22NOV19,1573729140252,open,0.27,0.0,0.251,0.305,0.27671914,80.44,None,0.0,BTC-22NOV19-11000-P,8603.81,0.0,0.0,0.0,0.0,0.0,0.0,0.68097,-3.47757,-2.33316,5e-05,-0.97736
8622.31,SYN.BTC-22NOV19,1573729140252,open,0.21,0.0,0.194,0.246,0.21890008,69.28,None,0.0,BTC-22NOV19-10500-P,8603.81,0.0,0.012,1.0,0.0,0.0,0.0,0.85491,-3.76033,-2.21243,8e-05,-0.97029
8622.31,SYN.BTC-22NOV19,1573729140252,open,0.24,0.0,0.2225,0.2755,0.24778104,74.75,None,0.0,BTC-22NOV19-10750-P,8603.81,0.0,0.013,1.0,0.0,0.0,0.0,0.74911,-3.55478,-2.27427,6e-05,-0.97464
8622.31,SYN.BTC-22NOV19,1573729140252,open,0.0,121.4,0.0005,0.0105,0.00096499,80.51,0.001,0.0,BTC-22NOV19-11000-C,8603.81,73.36,0.0005,31.5,0.0015,34.0,86.34,0.68367,-3.49456,0.04052,5e-05,0.02274
8622.31,SYN.BTC-22NOV19,1573729140252,open,0.0,42.3,0.0005,0.0105,0.00095582,86.52,0.0005,0.0,BTC-22NOV19-11250-C,8603.81,79.09,0.0005,52.4,0.001,20.0,87.11,0.64442,-3.53989,0.03767,5e-05,0.02121
8884.02,BTC-27MAR20,1573729140269,open,0.62,59.0,0.571,0.6805,0.62465218,76.2,0.615,0.0,BTC-27MAR20-14000-P,8603.81,41.09,0.58,4.5,0.6685,4.0,98.01,16.14463,-4.59474,-45.60119,7e-05,-0.7748
8638.75,SYN.BTC-29NOV19,1573729140290,open,0.61,0.0,0.589,0.6565,0.6213107,99.87,None,0.0,BTC-29NOV19-14000-P,8603.81,0.0,0.014,1.0,0.0,0.0,0.0,0.50113,-1.68224,-5.66985,2e-05,-0.9891
8638.75,SYN.BTC-29NOV19,1573729140292,open,0.09,374.7,0.0695,0.12,0.0901238,56.17,0.0855,0.0,BTC-29NOV19-8000-C,8603.81,51.83,0.0875,4.0,0.092,4.0,59.19,5.31415,-10.03344,2.38859,0.00031,0.76855
8605.87,SYN.BTC-15NOV19,1573729140357,open,0.19,0.0,0.17,0.203,0.18660533,122.34,None,0.0,BTC-15NOV19-7000-C,8603.81,0.0,0.174,4.0,0.1995,4.0,396.75,0.00399,-0.24415,0.16789,0.0,0.99975
8605.87,SYN.BTC-15NOV19,1573729140357,open,0.25,0.0,0.2295,0.2595,0.24470484,162.1,None,0.0,BTC-15NOV19-6500-C,8603.81,0.0,0.233,5.0,0.2565,5.0,482.88,0.00283,-0.22929,0.15591,0.0,0.99982
8605.87,SYN.BTC-15NOV19,1573729140357,open,0.31,0.0,0.289,0.316,0.30280447,204.45,None,0.0,BTC-15NOV19-6000-C,8603.81,0.0,0.293,5.0,0.3135,5.0,500.0,0.00214,-0.21846,0.14392,0.0,0.99987
8605.87,SYN.BTC-15NOV19,1573729140357,open,0.0,4.8,0.0005,0.0105,0.0,100.0,0.001,0.0,BTC-15NOV19-6500-P,8603.81,0.0,0.0,0.0,0.0005,15.0,257.65,0.0,0.0,0.0,0.0,0.0
8605.87,SYN.BTC-15NOV19,1573729140357,open,0.0,0.2,0.0005,0.0105,0.0,100.0,0.0005,0.0,BTC-15NOV19-5750-P,8603.81,0.0,0.0,0.0,0.0015,30.0,416.46,0.0,0.0,0.0,0.0,0.0
8605.87,SYN.BTC-15NOV19,1573729140357,open,0.28,0.0,0.259,0.288,0.27375465,182.95,None,0.0,BTC-15NOV19-6250-C,8603.81,0.0,0.2625,5.0,0.285,5.0,500.0,0.00245,-0.22413,0.14992,0.0,0.99985
8605.87,SYN.BTC-15NOV19,1573729140357,open,0.0,0.1,0.0005,0.0105,0.0,100.0,0.002,0.0,BTC-15NOV19-6250-P,8603.81,0.0,0.0,0.0,0.0015,30.0,340.66,0.0,0.0,0.0,0.0,0.0
8605.87,SYN.BTC-15NOV19,1573729140357,open,0.0,0.1,0.0005,0.0105,0.0,100.0,0.0015,0.0,BTC-15NOV19-6000-P,8603.81,0.0,0.0,0.0,0.0015,30.0,377.92,0.0,0.0,0.0,0.0,0.0
8605.87,SYN.BTC-15NOV19,1573729140357,open,0.33,0.0,0.3185,0.3445,0.33185428,226.66,None,0.0,BTC-15NOV19-5750-C,8603.81,0.0,0.322,5.0,0.342,5.0,500.0,0.00187,-0.21234,0.13793,0.0,0.99989
8605.87,SYN.BTC-15NOV19,1573729140357,open,0.0,22.1,0.0005,0.0105,0.0,100.0,0.0005,0.0,BTC-15NOV19-6750-P,8603.81,0.0,0.0,0.0,0.0005,0.4,226.87,1e-05,-2e-05,0.0,0.0,0.0
8605.87,SYN.BTC-15NOV19,1573729140357,open,0.0,60.1,0.0005,0.0105,1.2e-07,100.0,0.001,0.0,BTC-15NOV19-7000-P,8603.81,0.0,0.0,0.0,0.0005,15.0,196.85,0.00021,-0.00102,0.0,0.0,-1e-05
8605.87,SYN.BTC-15NOV19,1573729140357,open,0.22,0.0,0.2,0.231,0.21565503,141.84,None,0.0,BTC-15NOV19-6750-C,8603.81,0.0,0.2035,5.0,0.228,5.0,439.83,0.0033,-0.23399,0.1619,0.0,0.99979
8622.31,SYN.BTC-22NOV19,1573729140373,open,0.19,0.0,0.172,0.2075,0.18940939,76.51,None,0.0,BTC-22NOV19-7000-C,8603.81,0.0,0.0185,0.1,0.0,0.0,0.0,0.81402,-3.95401,1.45596,7e-05,0.97199
8622.31,SYN.BTC-22NOV19,1573729140373,open,0.0,28.1,0.0005,0.011,0.00125294,76.47,0.001,0.0,BTC-22NOV19-7000-P,8603.81,66.17,0.0005,51.0,0.002,37.5,83.33,0.81256,-3.94486,-0.05433,7e-05,-0.02795
8704.53,BTC-27DEC19,1573729140448,open,2.43,0.2,2.379,2.5165,2.44650487,100.0,2.03,0.0,BTC-27DEC19-30000-P,8603.81,0.0,0.0,0.0,0.0,0.0,0.0,0.03219,-0.03754,-35.23755,0.0,-0.99971
8884.02,BTC-27MAR20,1573729140482,open,0.36,19.3,0.3295,0.384,0.35711753,69.67,0.406,0.0,BTC-27MAR20-6000-C,8603.81,46.93,0.3335,7.0,0.3825,7.0,88.17,11.19265,-2.91238,16.81343,6e-05,0.8731
8884.02,BTC-27MAR20,1573729140484,open,0.01,92.5,0.0015,0.0285,0.01112188,94.46,0.0125,0.0,BTC-27MAR20-26000-C,8603.81,91.97,0.0095,38.0,0.012,10.5,95.72,6.05355,-2.13562,1.45571,2e-05,0.0558
9039.06,SYN.BTC-26JUN20,1573729140484,open,0.03,40.2,0.0105,0.064,0.0321308,88.9,0.0375,0.0,BTC-26JUN20-26000-C,8603.81,88.18,0.031,0.5,0.0335,14.0,89.75,14.35508,-2.83742,5.00229,3e-05,0.12196
8884.02,BTC-27MAR20,1573729140486,open,1.48,6.0,1.4325,1.5595,1.49218325,89.08,1.5845,0.0,BTC-27MAR20-22000-P,8603.81,0.0,0.0,0.0,0.0,0.0,0.0,7.93072,-2.63843,-78.63041,3e-05,-0.9209
8704.53,BTC-27DEC19,1573729140512,open,3.12,1.3,3.055,3.22,3.13576117,0.0,2.2,0.0,BTC-27DEC19-36000-P,8603.81,0.0,0.0,0.0,0.0,0.0,0.0,0.0,0.0,-42.28836,0.0,-1.0
8704.53,BTC-27DEC19,1573729140512,open,1.97,0.0,1.9285,2.0485,1.98706177,100.0,None,0.0,BTC-27DEC19-26000-P,8603.81,0.0,0.0,0.0,0.0,0.0,0.0,0.12399,-0.14459,-30.52986,0.0,-0.99874
8638.75,SYN.BTC-29NOV19,1573729140519,open,0.33,0.0,0.3055,0.364,0.33335669,76.04,None,0.0,BTC-29NOV19-11500-P,8603.81,0.0,0.01,1.0,0.0,0.0,0.0,1.40984,-3.60351,-4.56421,6e-05,-0.96302
9039.06,SYN.BTC-26JUN20,1573729140521,open,0.64,9.5,0.585,0.7195,0.65240722,78.06,0.6225,0.0,BTC-26JUN20-14000-P,8603.81,56.16,0.5945,2.0,0.6585,5.0,80.16,26.04689,-4.52052,-72.99097,7e-05,-0.65827
8704.53,BTC-27DEC19,1573729140534,open,0.0,461.3,0.0005,0.013,0.00348412,88.86,0.003,0.0,BTC-27DEC19-16000-C,8603.81,84.47,0.0025,72.1,0.004,30.0,90.84,2.16337,-2.24168,0.29567,3e-05,0.0324
8884.02,BTC-27MAR20,1573729140534,open,0.02,455.8,0.0055,0.042,0.01950933,85.96,0.019,0.0,BTC-27MAR20-20000-C,8603.81,85.95,0.0195,0.1,0.0205,0.2,86.9,9.23959,-2.96641,2.52753,4e-05,0.09708
8638.75,SYN.BTC-29NOV19,1573729140534,open,0.01,315.3,0.0005,0.0215,0.0070883,60.85,0.007,0.0,BTC-29NOV19-7500-P,8603.81,59.3,0.0065,25.0,0.0075,0.1,61.9,3.33721,-6.82515,-0.42182,0.00018,-0.11272
8638.75,SYN.BTC-29NOV19,1573729140534,open,0.0,365.3,0.0005,0.0115,0.00190219,83.35,0.0025,0.0,BTC-29NOV19-12000-C,8603.81,80.27,0.0015,4.3,0.002,20.0,84.04,1.21318,-3.39879,0.10178,5e-05,0.03081
8704.53,BTC-27DEC19,1573729140570,open,0.49,99.0,0.4665,0.5395,0.50137981,74.88,0.638,0.0,BTC-27DEC19-13000-P,8603.81,0.0,0.0,0.0,0.0,0.0,0.0,4.25347,-3.71433,-14.5775,6e-05,-0.92429
8704.53,BTC-27DEC19,1573729140598,open,0.0,1547.6,0.0005,0.0125,0.00273084,86.89,0.0025,0.0,BTC-27DEC19-5000-P,8603.81,85.58,0.0025,22.0,0.003,14.0,88.33,1.57685,-1.59775,-0.25475,2e-05,-0.02218
9039.06,SYN.BTC-26JUN20,1573729140628,open,2.54,0.0,2.478,2.658,2.56259083,93.25,None,0.0,BTC-26JUN20-32000-P,8603.81,0.0,0.0,0.0,0.0,0.0,0.0,11.20648,-2.32343,-193.5698,2e-05,-0.91329
9039.06,SYN.BTC-26JUN20,1573729140628,open,0.02,7.4,0.006,0.0495,0.02241737,93.26,0.022,0.0,BTC-26JUN20-32000-C,8603.81,92.1,0.021,2.0,0.024,1.0,94.51,11.21089,-2.32467,3.58315,2e-05,0.08676
8704.53,BTC-27DEC19,1573729140711,open,0.0,447.1,0.0005,0.0105,1.111e-05,100.0,0.0005,0.0,BTC-27DEC19-32000-C,8603.81,0.0,0.0,0.0,0.0005,1.0,132.09,0.01655,-0.0193,0.00135,0.0,0.00014
8638.75,SYN.BTC-29NOV19,1573729140743,open,0.11,122.8,0.089,0.148,0.11403187,57.82,0.1045,0.0,BTC-29NOV19-9500-P,8603.81,51.76,0.1105,14.2,0.115,5.2,59.41,5.22897,-10.1622,-3.13045,0.0003,-0.77511
8638.75,SYN.BTC-29NOV19,1573729140760,open,0.73,0.0,0.7025,0.773,0.73660506,99.68,None,0.0,BTC-29NOV19-15000-P,8603.81,0.0,0.02,1.0,0.0,0.0,0.0,0.21247,-0.71186,-6.09963,1e-05,-0.99587
8704.53,BTC-27DEC19,1573729140805,open,0.0,900.4,0.0005,0.014,0.0042379,83.96,0.0035,0.0,BTC-27DEC19-15000-C,8603.81,81.33,0.0035,42.0,0.005,30.0,86.4,2.58598,-2.53191,0.36863,3e-05,0.04029
8884.02,BTC-27MAR20,1573729140838,open,0.0,109.8,0.0005,0.0145,0.00417032,100.0,0.0055,0.0,BTC-27MAR20-36000-C,8603.81,102.42,0.005,17.5,0.006,1.0,105.0,2.86085,-1.06847,0.5921,1e-05,0.02234
8704.53,BTC-27DEC19,1573729140858,open,1.06,9.4,1.028,1.1165,1.06990176,94.64,1.1125,0.0,BTC-27DEC19-18000-P,8603.81,0.0,0.0,0.0,0.0,0.0,0.0,1.37516,-1.51778,-20.97176,2e-05,-0.98112
187.0,ETH-27DEC19,1573729140891,open,0.01,2917.0,0.003,0.026,0.012289,71.48,0.01,0.0,ETH-27DEC19-140-P,184.66,69.23,0.011,660.0,0.014,34.0,74.33,0.10926,-0.09108,-0.02381,0.00372,-0.09612
187.0,ETH-27DEC19,1573729140900,open,0.21,2728.0,0.169,0.258,0.21415,69.32,0.274,0.0,ETH-27DEC19-220-P,184.66,61.23,0.205,13.0,0.219,10.0,73.43,0.21794,-0.17619,-0.20389,0.00765,-0.71404
185.47,SYN.ETH-29NOV19,1573729140903,open,0.35,0.0,0.334,0.375,0.354247,105.0,None,0.0,ETH-29NOV19-120-C,184.66,0.0,0.352,51.0,0.365,18.0,165.36,0.01449,-0.05114,0.04765,0.00098,0.98462
8704.53,BTC-27DEC19,1573729140939,open,0.38,73.5,0.3565,0.389,0.37239012,80.12,0.266,0.0,BTC-27DEC19-5500-C,8603.81,0.0,0.3585,9.0,0.3865,9.0,114.47,2.3171,-2.16507,6.0572,3e-05,0.96478
8638.75,SYN.BTC-29NOV19,1573729140944,open,0.25,0.3,0.233,0.268,0.24997808,81.34,0.31,0.0,BTC-29NOV19-6500-C,8603.81,0.0,0.2355,6.0,0.2645,6.0,132.28,1.34175,-3.66851,2.51807,5e-05,0.96518
8704.53,BTC-27DEC19,1573729140960,open,0.61,268.3,0.5785,0.6535,0.61405037,79.66,0.7205,0.0,BTC-27DEC19-14000-P,8603.81,0.0,0.0,0.0,0.0,0.0,0.0,3.28783,-3.0543,-15.94792,5e-05,-0.94565
9039.06,SYN.BTC-26JUN20,1573729140967,open,1.68,0.0,1.6175,1.773,1.69137034,86.77,None,0.0,BTC-26JUN20-24000-P,8603.81,0.0,0.0,0.0,0.0,0.0,0.0,15.57059,-3.0039,-142.24415,4e-05,-0.86287
9039.06,SYN.BTC-26JUN20,1573729141009,open,0.19,180.0,0.137,0.2345,0.18785935,72.98,0.1935,0.0,BTC-26JUN20-10000-C,8603.81,72.23,0.1855,14.0,0.1915,2.5,74.15,28.13375,-4.56539,19.82342,8e-05,0.54382
191.51,SYN.ETH-26JUN20,1573729141026,open,0.27,42.0,0.216,0.317,0.270916,80.24,0.279,0.0,ETH-26JUN20-180-C,184.66,78.19,0.265,473.0,0.279,198.0,83.06,0.55059,-0.09823,0.45943,0.00304,0.66031
189.85,ETH-27MAR20,1573729141042,open,0.55,166.0,0.48,0.616,0.548713,82.2,0.535,0.0,ETH-27MAR20-280-P,184.66,49.95,0.492,1.0,0.576,10.0,94.76,0.39827,-0.12228,-0.87125,0.00366,-0.70248
185.47,SYN.ETH-29NOV19,1573729141044,open,0.15,125.0,0.117,0.176,0.148039,71.59,0.141,0.0,ETH-29NOV19-160-C,184.66,48.73,0.14,345.0,0.169,16.0,110.88,0.08208,-0.19751,0.05405,0.00818,0.8631
185.47,SYN.ETH-29NOV19,1573729141048,open,0.0,2585.0,0.001,0.011,8e-05,105.0,0.002,0.0,ETH-29NOV19-100-P,184.66,0.0,0.0,0.0,0.001,601.0,139.09,0.00156,-0.00551,-0.0001,0.00011,-0.00126
189.85,ETH-27MAR20,1573729141051,open,0.3,20.0,0.23,0.346,0.289729,77.69,0.272,0.0,ETH-27MAR20-220-P,184.66,73.23,0.279,300.0,0.293,382.0,79.05,0.4573,-0.13269,-0.57157,0.00445,-0.53109
191.51,SYN.ETH-26JUN20,1573729141051,open,0.35,0.0,0.277,0.409,0.346152,80.24,None,0.0,ETH-26JUN20-220-P,184.66,34.9,0.206,1.0,0.404,10.0,98.95,0.597,-0.10651,-0.95384,0.00329,-0.46228
8704.53,BTC-27DEC19,1573729141057,open,2.2,0.2,2.154,2.2825,2.2167519,97.66,2.084,0.0,BTC-27DEC19-28000-P,8603.81,0.0,0.0,0.0,0.0,0.0,0.0,0.0476,-0.05421,-32.88676,0.0,-0.99955
187.0,ETH-27DEC19,1573729141064,open,0.26,19.0,0.235,0.29,0.263626,71.48,0.205,0.0,ETH-27DEC19-140-C,184.66,39.36,0.252,1.0,0.0,0.0,0.0,0.10926,-0.09108,0.14064,0.00372,0.90388
187.0,ETH-27DEC19,1573729141064,open,0.0,6668.0,0.001,0.011,0.000782,105.0,0.001,0.0,ETH-27DEC19-480-C,184.66,107.85,0.001,1580.0,0.002,500.0,117.06,0.01304,-0.01597,0.00144,0.0003,0.00735
191.51,SYN.ETH-26JUN20,1573729141069,open,0.18,257.0,0.127,0.234,0.184309,85.17,0.174,0.0,ETH-26JUN20-240-C,184.66,80.28,0.169,180.0,0.181,453.0,84.11,0.59968,-0.11356,0.37088,0.00312,0.49865
185.47,SYN.ETH-29NOV19,1573729141070,open,0.03,519.0,0.017,0.07,0.039971,67.39,0.035,0.0,ETH-29NOV19-180-P,184.66,53.11,0.029,790.0,0.035,90.0,60.94,0.1433,-0.32461,-0.03225,0.01517,-0.38662
185.47,SYN.ETH-29NOV19,1573729141079,open,0.03,519.0,0.017,0.07,0.039971,67.39,0.035,0.0,ETH-29NOV19-180-P,184.66,53.11,0.029,830.0,0.035,90.0,60.94,0.1433,-0.32461,-0.03225,0.01517,-0.38662
185.47,SYN.ETH-29NOV19,1573729141087,open,0.3,0.0,0.258,0.341,0.297901,78.4,None,0.0,ETH-29NOV19-240-P,184.66,0.0,0.0,0.0,0.604,1.0,500.0,0.04499,-0.11857,-0.09352,0.00409,-0.93933
8704.53,BTC-27DEC19,1573729141092,open,0.72,211.2,0.6905,0.7685,0.72747856,83.96,0.9295,0.0,BTC-27DEC19-15000-P,8603.81,0.0,0.0,0.0,0.0,0.0,0.0,2.58598,-2.53191,-17.25152,3e-05,-0.95971
8704.53,BTC-27DEC19,1573729141092,open,0.49,21.6,0.473,0.497,0.48452077,92.09,0.5285,0.0,BTC-27DEC19-4500-C,8603.81,0.0,0.4745,10.0,0.495,10.0,136.91,0.95096,-1.02129,5.14517,1e-05,0.98772
8704.53,BTC-27DEC19,1573729141094,open,0.54,30.9,0.5315,0.552,0.54139023,100.0,0.5735,0.0,BTC-27DEC19-4000-C,8603.81,0.0,0.5325,11.0,0.55,11.0,149.43,0.60643,-0.7072,4.6142,1e-05,0.99266
8638.75,SYN.BTC-29NOV19,1573729141111,open,0.44,0.0,0.419,0.481,0.44842643,88.01,None,0.0,BTC-29NOV19-12500-P,8603.81,0.0,0.0125,1.0,0.0,0.0,0.0,0.95952,-2.83855,-5.01764,4e-05,-0.97673
8884.02,BTC-27MAR20,1573729141115,open,0.56,9.4,0.5425,0.57,0.55554004,77.89,0.585,0.0,BTC-27MAR20-4000-C,8603.81,0.0,0.544,8.0,0.5675,8.0,100.74,3.3498,-0.97448,13.60417,1e-05,0.97304
8884.02,BTC-27MAR20,1573729141115,open,0.02,262.8,0.008,0.0505,0.02527456,82.91,0.026,0.0,BTC-27MAR20-18000-C,8603.81,81.87,0.024,7.1,0.027,31.6,84.28,11.01327,-3.41017,3.21674,5e-05,0.12399
9039.06,SYN.BTC-26JUN20,1573729141141,open,0.48,0.0,0.453,0.504,0.47842827,72.34,None,0.0,BTC-26JUN20-5000-C,8603.81,54.23,0.4585,7.0,0.5005,7.0,87.91,11.73964,-1.88831,23.90562,3e-05,0.90769
187.0,ETH-27DEC19,1573729141170,open,0.07,4708.0,0.039,0.101,0.069763,65.14,0.065,0.0,ETH-27DEC19-180-P,184.66,62.27,0.066,297.0,0.073,10.0,67.6,0.24569,-0.18662,-0.10072,0.00918,-0.38877
187.0,ETH-27DEC19,1573729141192,open,0.36,2.0,0.341,0.386,0.363809,82.18,0.346,0.0,ETH-27DEC19-120-C,184.66,0.0,0.358,51.0,0.379,1.0,115.66,0.05867,-0.05622,0.13028,0.00174,0.95691
8884.02,BTC-27MAR20,1573729141196,open,0.42,52.6,0.3735,0.48,0.42696256,73.61,0.355,0.0,BTC-27MAR20-12000-P,8603.81,0.0,0.059,1.0,0.454,2.0,85.66,19.38441,-5.32904,-35.88129,9e-05,-0.6742
185.47,SYN.ETH-29NOV19,1573729141213,open,0.25,1.0,0.223,0.272,0.247674,81.24,0.289,0.0,ETH-29NOV19-140-C,184.66,0.0,0.245,51.0,0.263,16.0,133.49,0.02972,-0.08116,0.05413,0.00261,0.96383
189.85,ETH-27MAR20,1573729141221,open,0.74,6.0,0.667,0.812,0.73877,85.09,0.725,0.0,ETH-27MAR20-320-P,184.66,49.62,0.692,1.0,0.768,1.0,100.08,0.34483,-0.10959,-1.0541,0.00307,-0.77501
191.51,SYN.ETH-26JUN20,1573729141229,open,0.96,0.0,0.878,1.055,0.966375,86.93,None,0.0,ETH-26JUN20-360-P,184.66,0.0,0.0,0.0,1.003,1.0,100.15,0.50568,-0.09773,-1.99014,0.00257,-0.72037
191.51,SYN.ETH-26JUN20,1573729141242,open,0.6,0.0,0.52,0.678,0.601445,85.17,None,0.0,ETH-26JUN20-280-P,184.66,34.54,0.474,1.0,0.89,10.0,179.85,0.58349,-0.11049,-1.4087,0.00303,-0.5925
189.85,ETH-27MAR20,1573729141282,open,0.04,1180.0,0.015,0.056,0.033769,79.1,0.065,0.0,ETH-27MAR20-120-P,184.66,74.96,0.029,320.0,0.036,797.0,80.97,0.22404,-0.06619,-0.10403,0.00214,-0.11563
185.47,SYN.ETH-29NOV19,1573729141282,open,0.01,1944.0,0.001,0.022,0.007491,67.6,0.009,0.0,ETH-29NOV19-220-C,184.66,63.69,0.006,551.0,0.009,720.0,71.22,0.07422,-0.16864,0.00839,0.00783,0.11845
191.51,SYN.ETH-26JUN20,1573729141304,open,0.02,1.0,0.007,0.032,0.018127,84.47,0.017,0.0,ETH-26JUN20-80-P,184.66,80.42,0.015,750.0,0.021,250.0,87.92,0.15421,-0.02896,-0.07999,0.00081,-0.04967
187.0,ETH-27DEC19,1573729141321,open,0.01,1522.0,0.002,0.026,0.01137,81.69,0.011,0.0,ETH-27DEC19-280-C,184.66,81.05,0.011,10.0,0.012,584.0,82.75,0.10958,-0.10439,0.0187,0.00327,0.09649
187.0,ETH-27DEC19,1573729141339,open,0.0,6174.0,0.001,0.011,1.5e-05,105.0,0.001,0.0,ETH-27DEC19-720-C,184.66,0.0,0.0,0.0,0.001,500.0,145.51,0.00044,-0.00054,4e-05,1e-05,0.00018
189.85,ETH-27MAR20,1573729141351,open,0.01,886.0,0.003,0.032,0.013923,98.83,0.028,0.0,ETH-27MAR20-560-C,184.66,96.24,0.012,344.0,0.016,720.0,101.4,0.14713,-0.05431,0.03611,0.00113,0.06577
187.0,ETH-27DEC19,1573729141351,open,0.01,6057.0,0.001,0.015,0.00552,82.18,0.007,0.0,ETH-27DEC19-120-P,184.66,76.91,0.004,300.0,0.007,910.0,86.61,0.05867,-0.05622,-0.01068,0.00174,-0.04309
189.85,ETH-27MAR20,1573729141351,open,0.02,964.0,0.008,0.049,0.02483,92.98,0.022,0.0,ETH-27MAR20-440-C,184.66,91.38,0.023,15.0,0.026,500.0,93.98,0.22031,-0.07651,0.06135,0.00179,0.11294
185.47,SYN.ETH-29NOV19,1573729141370,open,0.1,91.0,0.069,0.142,0.10395,67.39,0.101,0.0,ETH-29NOV19-200-P,184.66,0.0,0.069,15.0,0.107,20.0,71.62,0.13272,-0.30064,-0.05976,0.01405,-0.68661
187.0,ETH-27DEC19,1573729141396,open,0.0,9372.0,0.001,0.011,0.000198,105.0,0.003,0.0,ETH-27DEC19-560-C,184.66,122.45,0.001,2000.0,0.002,666.0,132.51,0.00419,-0.00512,0.00041,0.0001,0.00207
187.0,ETH-27DEC19,1573729141405,open,0.0,13024.0,0.001,0.011,0.000391,105.0,0.002,0.0,ETH-27DEC19-520-C,184.66,0.0,0.0,0.0,0.002,500.0,125.14,0.0074,-0.00906,0.00077,0.00017,0.00388
189.85,ETH-27MAR20,1573729141410,open,0.02,1451.0,0.006,0.043,0.020806,95.76,0.024,0.0,ETH-27MAR20-480-C,184.66,93.95,0.019,101.0,0.021,500.0,95.95,0.19461,-0.0696,0.05179,0.00154,0.09519
189.85,ETH-27MAR20,1573729141427,open,0.4,40.0,0.369,0.431,0.40169,79.1,0.459,0.0,ETH-27MAR20-120-C,184.66,50.52,0.375,22.0,0.422,22.0,95.12,0.22404,-0.06619,0.33611,0.00214,0.88437
191.51,SYN.ETH-26JUN20,1573729141437,open,0.05,0.0,0.021,0.09,0.053114,92.17,None,0.0,ETH-26JUN20-480-C,184.66,90.15,0.049,140.0,0.057,440.0,94.02,0.39695,-0.08135,0.15188,0.00191,0.18184
185.47,SYN.ETH-29NOV19,1573729141475,open,0.46,1.0,0.445,0.477,0.460915,105.0,0.46,0.0,ETH-29NOV19-100-C,184.66,0.0,0.452,1.0,0.47,1.0,206.3,0.00156,-0.00551,0.04065,0.00011,0.99874
187.0,ETH-27DEC19,1573729141480,open,0.18,1371.0,0.142,0.206,0.176052,67.34,0.213,0.0,ETH-27DEC19-160-C,184.66,61.15,0.17,866.0,0.179,500.0,70.26,0.187,-0.14686,0.13388,0.00676,0.78553
191.51,SYN.ETH-26JUN20,1573729141488,open,0.78,1.0,0.693,0.86,0.777703,85.3,0.674,0.0,ETH-26JUN20-320-P,184.66,62.35,0.718,8.0,0.792,8.0,90.25,0.54625,-0.1036,-1.70471,0.00283,-0.66713
191.51,SYN.ETH-26JUN20,1573729141488,open,0.05,41.0,0.017,0.08,0.045633,93.28,0.052,0.0,ETH-26JUN20-520-C,184.66,90.23,0.04,940.0,0.05,140.0,95.53,0.36435,-0.07556,0.13384,0.00173,0.15907
185.47,SYN.ETH-29NOV19,1573729141490,open,0.19,0.0,0.156,0.235,0.193655,67.6,None,0.0,ETH-29NOV19-220-P,184.66,0.0,0.186,55.0,0.521,1.0,500.0,0.07422,-0.16864,-0.08127,0.00783,-0.88155
187.0,ETH-27DEC19,1573729141556,open,0.31,2287.0,0.26,0.355,0.30715,73.12,0.302,0.0,ETH-27DEC19-240-P,184.66,32.72,0.284,11.0,0.346,11.0,108.48,0.17506,-0.14927,-0.24495,0.00583,-0.80797
187.0,ETH-27DEC19,1573729141556,open,0.13,3453.0,0.093,0.172,0.132779,66.58,0.13,0.0,ETH-27DEC19-200-P,184.66,63.02,0.128,186.0,0.136,500.0,68.97,0.25156,-0.19531,-0.15473,0.0092,-0.5716
189.85,ETH-27MAR20,1573729141556,open,0.14,268.0,0.085,0.172,0.13092,77.69,0.148,0.0,ETH-27MAR20-220-C,184.66,75.64,0.126,271.0,0.135,500.0,79.38,0.4573,-0.13269,0.23535,0.00445,0.46891
185.47,SYN.ETH-29NOV19,1573729141571,open,0.0,1027.0,0.001,0.011,0.001245,105.0,0.001,0.0,ETH-29NOV19-120-P,184.66,101.64,0.001,155.0,0.002,501.0,113.26,0.01449,-0.05114,-0.00126,0.00098,-0.01538
8884.02,BTC-27MAR20,1573729141581,open,0.01,85.8,0.0005,0.017,0.0053299,100.0,0.0065,0.0,BTC-27MAR20-34000-C,8603.81,99.13,0.005,52.3,0.007,9.8,103.93,3.44235,-1.28565,0.73409,1e-05,0.02786
9039.06,SYN.BTC-26JUN20,1573729141583,open,0.01,201.1,0.004,0.0265,0.01355265,73.88,0.013,0.0,BTC-26JUN20-4000-P,8603.81,72.44,0.0125,18.4,0.015,15.0,75.78,6.71996,-1.10385,-3.25841,2e-05,-0.04496
191.51,SYN.ETH-26JUN20,1573729141593,open,0.21,479.0,0.154,0.264,0.210832,80.24,0.207,0.0,ETH-26JUN20-180-P,184.66,76.48,0.2,210.0,0.213,210.0,81.0,0.55059,-0.09823,-0.64955,0.00304,-0.33969
191.51,SYN.ETH-26JUN20,1573729141595,open,0.27,80.0,0.212,0.334,0.275415,80.24,0.262,0.0,ETH-26JUN20-200-P,184.66,76.49,0.264,210.0,0.279,10.0,81.42,0.5818,-0.1038,-0.80024,0.00321,-0.40283
8638.75,SYN.BTC-29NOV19,1573729141794,open,0.0,1093.7,0.0005,0.011,0.00103911,91.19,0.0005,0.0,BTC-29NOV19-13000-C,8603.81,83.09,0.0005,72.5,0.0015,20.0,96.04,0.72316,-2.21663,0.05504,3e-05,0.01667
8704.52,BTC-27DEC19,1573729141836,open,4.95,0.8,4.857,5.0955,4.97387351,0.0,3.59,0.0,BTC-27DEC19-52000-P,8603.81,0.0,0.001,1.0,0.0,0.0,0.0,0.0,0.0,-61.08318,0.0,-1.0
8605.91,SYN.BTC-15NOV19,1573729141913,open,0.0,354.5,0.0005,0.0105,0.00081857,89.02,0.001,0.0,BTC-15NOV19-8000-P,8603.81,81.2,0.0005,20.5,0.0015,2.6,101.37,0.39906,-7.04064,-0.00945,0.00025,-0.04493
8605.91,SYN.BTC-15NOV19,1573729141941,open,0.0,354.5,0.0005,0.0105,0.00081857,89.02,0.001,0.0,BTC-15NOV19-8000-P,8603.81,81.2,0.0005,34.5,0.0015,2.6,101.37,0.39906,-7.04064,-0.00945,0.00025,-0.04493
185.09,SYN.ETH-22NOV19,1573729141979,open,0.09,130.0,0.056,0.125,0.089285,57.98,0.09,0.0,ETH-22NOV19-200-P,184.66,0.0,0.061,14.0,0.098,10.0,77.47,0.07447,-0.27412,-0.0358,0.01738,-0.80707
8884.02,BTC-27MAR20,1573729142025,open,0.06,83.3,0.0365,0.095,0.0648455,68.98,0.0625,0.0,BTC-27MAR20-7000-P,8603.81,67.66,0.0625,27.1,0.066,2.0,69.63,15.84205,-4.08131,-9.21227,8e-05,-0.21787
8638.75,SYN.BTC-29NOV19,1573729142075,open,0.21,5.0,0.193,0.249,0.21983074,65.06,0.15,0.0,BTC-29NOV19-10500-P,8603.81,0.0,0.05,0.2,0.0,0.0,0.0,2.5388,-5.55159,-4.02077,0.00013,-0.92219
8638.75,SYN.BTC-29NOV19,1573729142075,open,0.38,0.0,0.3625,0.423,0.39098481,83.3,None,0.0,BTC-29NOV19-12000-P,8603.81,0.0,0.012,1.0,0.0,0.0,0.0,1.21062,-3.38974,-4.78911,5e-05,-0.96927
8704.52,BTC-27DEC19,1573729142077,open,0.83,12.1,0.818,0.8375,0.82767594,117.1,0.8415,0.0,BTC-27DEC19-1500-C,8603.81,0.0,0.8195,1.0,0.836,1.0,311.78,0.00033,-0.00045,1.76199,0.0,1.0
8884.02,BTC-27MAR20,1573729142083,open,1.26,5.2,1.214,1.3345,1.27073244,85.95,1.108,0.0,BTC-27MAR20-20000-P,8603.81,0.0,0.0,0.0,0.0,0.0,0.0,9.23715,-2.9653,-70.82983,4e-05,-0.90296
9039.06,SYN.BTC-26JUN20,1573729142083,open,0.04,10.5,0.0125,0.0695,0.03624038,86.77,0.04,0.0,BTC-26JUN20-24000-C,8603.81,85.15,0.0335,5.0,0.04,36.7,88.91,15.57304,-3.00462,5.6204,4e-05,0.13716
184.71,SYN.ETH-15NOV19,1573729142106,open,0.08,407.0,0.052,0.118,0.083473,90.83,0.083,0.0,ETH-15NOV19-200-P,184.66,0.0,0.065,16.0,0.088,1.0,148.06,0.00759,-0.34488,-0.00463,0.01021,-0.96127
184.71,SYN.ETH-15NOV19,1573729142106,open,0.14,1.0,0.104,0.173,0.137042,104.99,0.158,0.0,ETH-15NOV19-210-P,184.66,0.0,0.119,16.0,0.139,1.0,165.16,0.00171,-0.08975,-0.00501,0.00199,-0.99324
184.71,SYN.ETH-15NOV19,1573729142108,open,0.08,231.0,0.052,0.109,0.080667,103.58,0.099,0.0,ETH-15NOV19-170-C,184.66,0.0,0.063,14.0,0.087,1.0,175.83,0.00909,-0.47064,0.00386,0.01072,0.95163
8884.02,BTC-27MAR20,1573729142141,open,0.0,599.2,0.0005,0.0125,0.00260166,100.0,0.004,0.0,BTC-27MAR20-40000-C,8603.81,103.61,0.0035,54.2,0.005,1.0,108.4,1.98718,-0.74217,0.38997,1e-05,0.01457
8638.75,SYN.BTC-29NOV19,1573729142172,open,0.0,502.7,0.0005,0.013,0.00323739,71.82,0.003,0.0,BTC-29NOV19-11000-C,8603.81,70.74,0.003,29.8,0.0035,20.0,72.95,1.95256,-4.71327,0.18383,9e-05,0.05545
8704.52,BTC-27DEC19,1573729142185,open,0.27,66.1,0.2425,0.2845,0.2633442,68.01,0.355,0.0,BTC-27DEC19-6500-C,8603.66,0.0,0.244,8.0,0.283,12.2,96.97,4.66028,-3.69623,6.65869,8e-05,0.91456
8704.52,BTC-27DEC19,1573729142185,open,0.0,617.3,0.0005,0.0105,0.0001113,100.0,0.0005,0.0,BTC-27DEC19-26000-C,8603.66,113.9,0.0005,0.3,0.001,14.8,122.21,0.12399,-0.14459,0.01173,0.0,0.00126
8884.02,BTC-27MAR20,1573729142185,open,0.25,157.1,0.202,0.3005,0.25222364,71.75,0.2445,0.0,BTC-27MAR20-10000-P,8603.66,67.92,0.243,16.3,0.2565,5.0,73.52,21.43213,-5.7429,-25.22683,0.0001,-0.52196
8884.02,BTC-27MAR20,1573729142185,open,3.48,1.0,3.415,3.603,3.50506789,100.0,2.7125,0.0,BTC-27MAR20-40000-P,8603.66,0.0,0.0005,2.0,0.0,0.0,0.0,1.98718,-0.74217,-146.32312,1e-05,-0.98543
8884.02,BTC-27MAR20,1573729142185,open,0.16,128.4,0.118,0.1985,0.15997265,68.93,0.1705,0.0,BTC-27MAR20-9000-C,8603.66,68.1,0.158,36.7,0.16,0.1,68.94,21.12857,-5.43939,13.37723,0.00011,0.57051
8704.52,BTC-27DEC19,1573729142185,open,0.1,910.8,0.071,0.133,0.10215637,60.59,0.099,0.0,BTC-27DEC19-9000-P,8603.66,59.01,0.1,18.6,0.1035,11.6,61.58,11.88258,-8.39622,-6.38907,0.00022,-0.52269
8704.52,BTC-27DEC19,1573729142185,open,0.01,971.1,0.0005,0.016,0.00569232,79.66,0.0055,0.0,BTC-27DEC19-14000-C,8603.66,77.76,0.005,37.3,0.006,16.0,80.46,3.28779,-3.05426,0.49755,5e-05,0.05435
8704.52,BTC-27DEC19,1573729142186,open,0.0,695.7,0.0005,0.0105,2.59e-06,100.0,0.0005,0.0,BTC-27DEC19-36000-C,8603.66,0.0,0.0,0.0,0.001,35.7,151.92,0.00448,-0.00523,0.00034,0.0,4e-05
8704.52,BTC-27DEC19,1573729142186,open,0.28,249.2,0.2495,0.3205,0.28418296,66.81,0.273,0.0,BTC-27DEC19-11000-P,8603.66,0.0,0.14,6.9,0.31,1.0,91.57,7.8836,-6.14229,-11.26947,0.00013,-0.81797
8884.02,BTC-27MAR20,1573729142185,open,0.02,218.2,0.004,0.0365,0.01583765,89.09,0.016,0.0,BTC-27MAR20-22000-C,8603.66,87.55,0.0145,22.0,0.017,12.5,90.37,7.9337,-2.63978,2.06272,3e-05,0.07914
8884.02,BTC-27MAR20,1573729142186,open,0.01,57.8,0.0005,0.0205,0.00684238,99.97,0.0075,0.0,BTC-27MAR20-32000-C,8603.66,96.88,0.0055,53.9,0.008,12.0,102.33,4.14206,-1.54647,0.91238,1e-05,0.03484
8884.02,BTC-27MAR20,1573729142186,open,0.46,1.0,0.4325,0.473,0.45243035,73.52,0.551,0.0,BTC-27MAR20-5000-C,8603.66,0.0,0.435,8.0,0.4695,8.0,92.33,6.82699,-1.87455,15.72257,3e-05,0.93494
8704.52,BTC-27DEC19,1573729142186,open,0.0,738.1,0.0005,0.011,0.00149297,92.09,0.0015,0.0,BTC-27DEC19-4500-P,8603.66,86.98,0.001,37.0,0.002,19.0,96.31,0.95097,-1.02129,-0.14088,1e-05,-0.01229
8704.52,BTC-27DEC19,1573729142186,open,0.01,718.0,0.0005,0.02,0.00790449,74.88,0.009,0.0,BTC-27DEC19-13000-C,8603.66,72.97,0.007,25.7,0.0085,16.0,76.08,4.25344,-3.7143,0.69329,6e-05,0.07571
8704.52,BTC-27DEC19,1573729142186,open,1.52,4.9,1.478,1.5815,1.52798033,99.95,1.0385,0.0,BTC-27DEC19-22000-P,8603.66,0.0,0.0,0.0,0.0,0.0,0.0,0.47829,-0.55747,-25.79117,1e-05,-0.99438
8704.52,BTC-27DEC19,1573729142186,open,0.01,902.5,0.0025,0.027,0.01207813,70.49,0.0125,0.0,BTC-27DEC19-12000-C,8603.66,70.37,0.012,0.1,0.0125,16.0,71.12,5.73662,-4.71562,1.03697,9e-05,0.11349
8704.52,BTC-27DEC19,1573729142186,open,0.0,1544.5,0.0005,0.0105,1e-08,100.0,0.001,0.0,BTC-27DEC19-52000-C,8603.66,0.0,0.0,0.0,0.0005,49.0,172.81,4e-05,-4e-05,0.0,0.0,0.0
8884.02,BTC-27MAR20,1573729142186,open,0.22,255.7,0.1715,0.2485,0.21182609,68.98,0.2195,0.0,BTC-27MAR20-8000-C,8603.66,68.83,0.2115,0.1,0.214,2.0,69.98,19.31173,-4.97524,15.16293,0.0001,0.67716
8884.02,BTC-27MAR20,1573729142186,open,0.83,1.1,0.781,0.8925,0.83456519,79.23,1.08,0.0,BTC-27MAR20-16000-P,8603.66,0.0,0.0005,1.0,0.0,0.0,0.0,13.19966,-3.90609,-54.49942,6e-05,-0.83796
8704.52,BTC-27DEC19,1573729142186,open,0.18,525.1,0.151,0.2205,0.18575466,63.54,0.177,0.0,BTC-27DEC19-10000-P,8603.66,59.92,0.1815,17.5,0.1905,2.0,67.48,10.35195,-7.67025,-9.07047,0.00018,-0.70133
8884.02,BTC-27MAR20,1573729142186,open,0.17,42.5,0.128,0.2165,0.17302755,68.93,0.1625,0.0,BTC-27MAR20-9000-P,8603.66,68.08,0.171,17.7,0.177,2.0,70.6,21.12857,-5.43939,-19.63321,0.00011,-0.42949
8704.37,BTC-27DEC19,1573729142186,open,0.77,0.0,0.7605,0.78,0.77023489,115.49,None,0.0,BTC-27DEC19-2000-C,8603.66,0.0,0.762,1.0,0.7785,1.0,260.58,0.00562,-0.00757,2.34884,0.0,0.99995
8704.37,BTC-27DEC19,1573729142186,open,0.04,895.1,0.0165,0.06,0.03692755,63.54,0.038,0.0,BTC-27DEC19-10000-C,8603.66,62.76,0.036,2.0,0.0365,12.8,63.18,10.35165,-7.67062,2.67616,0.00018,0.29866
8884.02,BTC-27MAR20,1573729142187,open,2.81,0.0,2.753,2.92,2.83242609,100.0,None,0.0,BTC-27MAR20-34000-P,8603.66,0.0,0.0,0.0,0.0,0.0,0.0,3.44231,-1.28564,-123.97205,1e-05,-0.97214
8704.37,BTC-27DEC19,1573729142187,open,0.07,555.6,0.041,0.0945,0.06821198,60.6,0.07,0.0,BTC-27DEC19-9000-C,8603.66,59.34,0.0665,32.4,0.0695,9.6,61.54,11.88234,-8.39689,4.1827,0.00022,0.47729
8704.37,BTC-27DEC19,1573729142187,open,0.0,106.3,0.0005,0.0105,3.1e-07,100.0,0.0005,0.0,BTC-27DEC19-2000-P,8603.66,0.0,0.0,0.0,0.0005,14.0,169.95,0.00056,-0.00066,-4e-05,0.0,0.0
8884.02,BTC-27MAR20,1573729142187,open,2.59,0.0,2.533,2.6935,2.60881536,99.97,None,0.0,BTC-27MAR20-32000-P,8603.66,0.0,0.001,1.0,0.0,0.0,0.0,4.14206,-1.54647,-116.45809,1e-05,-0.96516
8605.87,SYN.BTC-15NOV19,1573729142185,open,0.01,181.8,0.0005,0.021,0.00482265,57.21,0.006,0.0,BTC-15NOV19-8750-C,8603.66,48.97,0.0035,14.0,0.004,0.1,52.15,1.42237,-40.68836,0.0571,0.0014,0.2814
8884.02,BTC-27MAR20,1573729142187,open,0.13,574.1,0.0845,0.166,0.12660709,71.75,0.13,0.0,BTC-27MAR20-10000-C,8603.66,69.42,0.121,22.3,0.1285,24.4,72.53,21.43213,-5.7429,11.45144,0.0001,0.47804
8884.02,BTC-27MAR20,1573729142187,open,0.01,1259.8,0.0005,0.0155,0.00578664,77.89,0.004,0.0,BTC-27MAR20-4000-P,8603.66,74.24,0.0045,53.6,0.007,17.1,80.94,3.34979,-0.97448,-1.06713,1e-05,-0.02696
8704.37,BTC-27DEC19,1573729142187,open,0.02,1016.1,0.0065,0.039,0.02047314,66.82,0.0215,0.0,BTC-27DEC19-11000-C,8603.66,66.29,0.02,0.1,0.0205,12.8,66.85,7.8835,-6.14264,1.65194,0.00013,0.18203
8704.37,BTC-27DEC19,1573729142187,open,0.83,19.0,0.803,0.8845,0.84160736,88.72,1.2,0.0,BTC-27DEC19-16000-P,8603.66,0.0,0.4,0.2,0.0,0.0,0.0,2.15006,-2.22452,-18.50128,3e-05,-0.96784
8704.37,BTC-27DEC19,1573729142187,open,0.0,483.6,0.0005,0.0105,0.00026064,100.0,0.0005,0.0,BTC-27DEC19-3500-P,8603.66,107.45,0.0005,0.2,0.001,14.9,117.09,0.21725,-0.25334,-0.02649,0.0,-0.00233
8704.37,BTC-27DEC19,1573729142187,open,0.0,880.9,0.0005,0.011,0.00128599,100.0,0.0015,0.0,BTC-27DEC19-20000-C,8603.66,101.89,0.0015,2.9,0.002,14.0,105.66,0.93451,-1.08981,0.10996,1e-05,0.01204
8704.37,BTC-27DEC19,1573729142187,open,0.01,1249.6,0.0005,0.016,0.00627658,73.11,0.0065,0.0,BTC-27DEC19-6000-P,8603.66,70.97,0.0055,30.0,0.007,32.2,75.0,3.25609,-2.77625,-0.61317,5e-05,-0.05369
8704.37,BTC-27DEC19,1573729142187,open,3.57,0.0,3.5055,3.689,3.59530906,0.0,2.58,0.0,BTC-27DEC19-40000-P,8603.66,0.0,0.001,1.0,0.0,0.0,0.0,0.0,0.0,-46.98706,0.0,-1.0
8704.37,BTC-27DEC19,1573729142188,open,0.0,349.0,0.0005,0.0105,5e-08,100.0,0.0005,0.0,BTC-27DEC19-48000-C,8603.66,0.0,0.0,0.0,0.0005,14.0,166.25,0.00011,-0.00013,1e-05,0.0,0.0
8884.02,BTC-27MAR20,1573729142188,open,0.01,150.3,0.003,0.032,0.01310139,91.84,0.0115,0.0,BTC-27MAR20-24000-C,8603.66,89.69,0.0115,36.0,0.014,10.1,92.98,6.87868,-2.35944,1.71382,3e-05,0.0657
8704.37,BTC-27DEC19,1573729142188,open,0.03,754.9,0.0115,0.048,0.02816158,62.11,0.0295,0.0,BTC-27DEC19-7500-P,8603.66,60.93,0.027,1.0,0.0285,12.8,62.45,8.60064,-6.22938,-2.43632,0.00016,-0.21011
9039.06,SYN.BTC-26JUN20,1573729142185,open,0.01,85.9,0.0005,0.015,0.0052915,79.29,0.006,0.0,BTC-26JUN20-3000-P,8603.66,76.98,0.0045,24.7,0.006,15.0,81.21,3.23168,-0.56977,-1.33123,1e-05,-0.01861
8704.37,BTC-27DEC19,1573729142188,open,0.0,662.0,0.0005,0.0105,5.079e-05,100.0,0.0005,0.0,BTC-27DEC19-28000-C,8603.66,0.0,0.0,0.0,0.001,24.8,129.11,0.06302,-0.0735,0.00564,0.0,0.0006
8704.37,BTC-27DEC19,1573729142188,open,0.0,791.7,0.0005,0.012,0.00201297,94.65,0.0015,0.0,BTC-27DEC19-18000-C,8603.66,91.07,0.0015,82.2,0.0025,8.2,97.51,1.37512,-1.51775,0.17241,2e-05,0.01887
8704.37,BTC-27DEC19,1573729142189,open,0.0,604.5,0.0005,0.0105,6.02e-06,100.0,0.0005,0.0,BTC-27DEC19-2500-P,8603.66,0.0,0.0,0.0,0.0005,14.0,144.87,0.00834,-0.00973,-0.00077,0.0,-7e-05
8622.31,SYN.BTC-22NOV19,1573729142185,open,0.11,0.3,0.0845,0.1265,0.10566006,59.64,0.122,0.0,BTC-22NOV19-7750-C,8603.66,50.3,0.1035,6.2,0.1075,5.8,66.1,2.28058,-8.63459,1.47116,0.00024,0.89641
8605.87,SYN.BTC-15NOV19,1573729142185,open,0.0,748.2,0.0005,0.0105,1.599e-05,100.0,0.0005,0.0,BTC-15NOV19-10000-C,8603.66,0.0,0.0,0.0,0.001,22.9,163.0,0.01652,-0.13764,0.00024,1e-05,0.00118
8605.87,SYN.BTC-15NOV19,1573729142185,open,0.05,43.6,0.022,0.064,0.04330219,72.04,0.051,0.0,BTC-15NOV19-8250-C,8603.66,62.48,0.0425,2.1,0.045,4.0,87.96,0.80434,-28.97143,0.17435,0.00063,0.88772
9039.06,SYN.BTC-26JUN20,1573729142186,open,0.04,24.8,0.0155,0.076,0.04139784,84.44,0.0435,0.0,BTC-26JUN20-22000-C,8603.66,83.14,0.039,5.0,0.045,12.2,86.32,16.98342,-3.18845,6.38616,4e-05,0.15607
8605.87,SYN.BTC-15NOV19,1573729142185,open,0.16,0.0,0.1405,0.1745,0.15755802,106.69,None,0.0,BTC-15NOV19-7250-C,8603.66,0.0,0.1445,4.0,0.171,4.0,353.4,0.0071,-0.37888,0.17384,0.0,0.99953
8704.37,BTC-27DEC19,1573729142189,open,0.0,812.1,0.0005,0.0105,0.00092107,100.0,0.0015,0.0,BTC-27DEC19-4000-P,8603.66,92.65,0.0005,77.1,0.0015,30.0,107.0,0.60643,-0.70718,-0.0845,1e-05,-0.00734
9039.06,SYN.BTC-26JUN20,1573729142185,open,0.29,113.5,0.236,0.3495,0.29416383,72.98,0.2835,0.0,BTC-26JUN20-10000-P,8603.66,71.97,0.291,0.3,0.298,2.0,74.21,28.13378,-4.5653,-41.78631,8e-05,-0.45618
8605.87,SYN.BTC-15NOV19,1573729142185,open,0.13,1.9,0.111,0.146,0.12853944,101.1,0.181,0.0,BTC-15NOV19-7500-C,8603.66,0.0,0.115,4.0,0.143,4.0,313.62,0.03316,-1.67627,0.17941,2e-05,0.99746
8605.87,SYN.BTC-15NOV19,1573729142185,open,0.07,80.6,0.054,0.099,0.0754003,80.82,0.065,0.0,BTC-15NOV19-9250-P,8603.66,0.0,0.0735,4.1,0.0765,0.1,101.04,0.33064,-13.36064,-0.21468,0.00023,-0.96435
9039.06,SYN.BTC-26JUN20,1573729142185,open,0.68,14.5,0.663,0.685,0.67340013,79.3,0.682,0.0,BTC-26JUN20-3000-C,8603.66,0.0,0.6655,1.0,0.684,1.0,100.59,3.23216,-0.56989,17.15145,1e-05,0.98138
8605.87,SYN.BTC-15NOV19,1573729142185,open,0.0,165.3,0.0005,0.0105,3e-08,100.0,0.001,0.0,BTC-15NOV19-10750-C,8603.66,0.0,0.0,0.0,0.0005,20.1,203.69,6e-05,-0.00027,0.0,0.0,0.0
8605.87,SYN.BTC-15NOV19,1573729142185,open,0.02,261.0,0.002,0.0435,0.02156614,57.18,0.018,0.0,BTC-15NOV19-8750-P,8603.66,44.01,0.0195,14.0,0.0215,4.3,56.78,1.42212,-40.66069,-0.15284,0.0014,-0.71871
8605.87,SYN.BTC-15NOV19,1573729142185,open,0.24,0.0,0.225,0.2745,0.24914203,0.0,None,0.0,BTC-15NOV19-10750-P,8603.66,0.0,0.0,0.0,0.0,0.0,0.0,0.0,0.0,-0.25791,0.0,-1.0
8638.75,SYN.BTC-29NOV19,1573729142187,open,0.0,155.6,0.0005,0.011,0.00146525,88.07,0.004,0.0,BTC-29NOV19-12500-C,8603.66,83.37,0.001,39.0,0.002,36.2,92.41,0.96232,-2.84876,0.07704,4e-05,0.02335
9039.06,SYN.BTC-26JUN20,1573729142186,open,0.33,9.5,0.288,0.3685,0.33003157,72.27,0.338,0.0,BTC-26JUN20-7000-C,8603.66,58.0,0.2965,7.0,0.338,7.0,75.59,21.6158,-3.47322,24.4247,6e-05,0.76862
8605.87,SYN.BTC-15NOV19,1573729142185,open,0.0,299.2,0.0005,0.0105,0.00055719,80.95,0.001,0.0,BTC-15NOV19-9250-C,8603.66,79.42,0.0005,5.8,0.001,14.0,90.52,0.33242,-4.79507,0.00729,0.00023,0.03588
8605.87,SYN.BTC-15NOV19,1573729142185,open,0.0,48.4,0.0005,0.0105,2.63e-06,100.0,0.001,0.0,BTC-15NOV19-7250-P,8603.66,0.0,0.0,0.0,0.001,0.4,187.03,0.00337,-0.0226,-4e-05,0.0,-0.00021
9039.06,SYN.BTC-26JUN20,1573729142186,open,1.89,0.0,1.832,1.994,1.9085218,88.89,None,0.0,BTC-26JUN20-26000-P,8603.66,0.0,0.0,0.0,0.0,0.0,0.0,14.35223,-2.8366,-155.18434,3e-05,-0.87808
9039.06,SYN.BTC-26JUN20,1573729142189,open,0.22,131.1,0.1675,0.2715,0.2206544,72.27,0.214,0.0,BTC-26JUN20-9000-P,8603.66,70.22,0.2145,15.6,0.2245,2.0,73.55,27.12932,-4.35908,-33.7526,7e-05,-0.38543
8622.31,SYN.BTC-22NOV19,1573729142185,open,0.01,214.8,0.0005,0.024,0.00709942,54.09,0.0065,0.0,BTC-22NOV19-8000-P,8603.66,50.97,0.006,61.9,0.008,28.1,56.54,3.11834,-10.70915,-0.31633,0.00036,-0.16293
8605.87,SYN.BTC-15NOV19,1573729142185,open,0.08,0.7,0.0515,0.0915,0.07122457,89.12,0.084,0.0,BTC-15NOV19-8000-C,8603.66,83.86,0.071,0.1,0.0735,4.1,122.09,0.40038,-17.84128,0.18245,0.00025,0.95488
8605.87,SYN.BTC-15NOV19,1573729142185,open,0.19,1.8,0.168,0.215,0.19104473,0.0,0.103,0.0,BTC-15NOV19-10250-P,8603.66,0.0,0.0,0.0,0.2205,0.1,451.89,0.0,0.0,-0.24591,0.0,-1.0
8605.87,SYN.BTC-15NOV19,1573729142185,open,0.04,379.6,0.0255,0.07,0.0470131,65.51,0.0465,0.0,BTC-15NOV19-9000-P,8603.66,0.0,0.045,3.1,0.048,0.3,76.81,0.64936,-21.26957,-0.19886,0.00056,-0.91613
8622.31,SYN.BTC-22NOV19,1573729142185,open,0.04,176.7,0.02,0.0675,0.03751527,50.02,0.036,0.0,BTC-22NOV19-8750-P,8603.66,46.53,0.0355,14.0,0.038,21.8,50.86,4.98583,-15.83248,-1.12073,0.00062,-0.56488
9039.06,SYN.BTC-26JUN20,1573729142186,open,0.03,183.2,0.0145,0.0525,0.03158116,72.34,0.0295,0.0,BTC-26JUN20-5000-P,8603.66,70.72,0.0295,17.0,0.0345,26.9,74.55,11.73943,-1.88824,-6.89904,3e-05,-0.0923
8622.31,SYN.BTC-22NOV19,1573729142185,open,0.02,84.6,0.009,0.05,0.0225526,50.02,0.023,0.0,BTC-22NOV19-8500-P,8603.66,47.29,0.021,14.0,0.023,1.0,50.8,4.91956,-15.62203,-0.80211,0.00061,-0.40859
8605.87,SYN.BTC-15NOV19,1573729142185,open,0.13,15.2,0.111,0.157,0.13303188,99.24,0.1095,0.0,BTC-15NOV19-9750-P,8603.66,0.0,0.1145,3.0,0.151,3.0,305.93,0.0662,-3.28466,-0.2328,4e-05,-0.99451
9039.06,SYN.BTC-26JUN20,1573729142187,open,0.06,76.6,0.0275,0.1015,0.06172272,81.07,0.068,0.0,BTC-26JUN20-18000-C,8603.66,79.46,0.058,16.0,0.0655,25.7,82.67,21.13585,-3.80994,8.94538,5e-05,0.22235
8605.87,SYN.BTC-15NOV19,1573729142185,open,0.0,91.3,0.0005,0.0105,0.00025482,99.18,0.0005,0.0,BTC-15NOV19-7750-P,8603.66,0.0,0.0,0.0,0.001,40.6,124.19,0.15602,-2.19299,-0.00307,9e-05,-0.01461
9039.06,SYN.BTC-26JUN20,1573729142187,open,0.15,166.4,0.111,0.203,0.15770116,72.26,0.154,0.0,BTC-26JUN20-8000-P,8603.66,70.56,0.153,0.3,0.159,3.0,72.73,24.99259,-4.01571,-25.98626,7e-05,-0.30893
8605.87,SYN.BTC-15NOV19,1573729142185,open,0.0,440.6,0.0005,0.0105,8.914e-05,99.91,0.0005,0.0,BTC-15NOV19-9750-C,8603.66,0.0,0.0,0.0,0.0005,14.0,125.06,0.0692,-0.76713,0.00117,4e-05,0.00577
8638.75,SYN.BTC-29NOV19,1573729142186,open,0.0,239.2,0.0005,0.012,0.00215239,76.08,0.0025,0.0,BTC-29NOV19-11500-C,8603.66,71.65,0.0015,47.0,0.0025,20.0,78.11,1.41223,-3.61139,0.1229,6e-05,0.03706
8605.87,SYN.BTC-15NOV19,1573729142185,open,0.0,467.8,0.0005,0.0235,0.00602318,57.2,0.005,0.0,BTC-15NOV19-8500-P,8603.66,51.32,0.005,0.3,0.0065,22.1,59.89,1.5157,-43.34544,-0.06819,0.00149,-0.32425
8605.87,SYN.BTC-15NOV19,1573729142185,open,0.0,285.4,0.0005,0.0105,0.0004073,99.67,0.001,0.0,BTC-15NOV19-9500-C,8603.66,102.95,0.0005,1.0,0.001,14.1,116.22,0.22741,-3.50516,0.00461,0.00013,0.02273
9039.06,SYN.BTC-26JUN20,1573729142187,open,0.1,161.6,0.059,0.1495,0.10358157,78.06,0.102,0.0,BTC-26JUN20-14000-C,8603.66,77.51,0.102,2.5,0.106,25.5,78.9,26.04723,-4.52072,13.26299,7e-05,0.34174
9039.06,SYN.BTC-26JUN20,1573729142187,open,0.46,8.7,0.3995,0.526,0.46385561,75.37,0.4435,0.0,BTC-26JUN20-12000-P,8603.66,57.59,0.4105,3.0,0.468,2.0,76.72,27.83399,-4.66463,-57.72272,7e-05,-0.57265
8605.87,SYN.BTC-15NOV19,1573729142185,open,0.0,181.0,0.0005,0.0105,3.385e-05,100.0,0.0005,0.0,BTC-15NOV19-7500-P,8603.66,0.0,0.0,0.0,0.001,0.1,155.51,0.03044,-0.29135,-0.00048,2e-05,-0.00231
8605.87,SYN.BTC-15NOV19,1573729142185,open,0.0,200.3,0.0005,0.0105,0.0,100.0,0.0005,0.0,BTC-15NOV19-11000-C,8603.66,0.0,0.0,0.0,0.001,15.0,244.34,1e-05,-2e-05,0.0,0.0,0.0
8638.75,SYN.BTC-29NOV19,1573729142187,open,0.16,34.5,0.1385,0.1965,0.16544919,61.63,0.1365,0.0,BTC-29NOV19-10000-P,8603.66,0.0,0.1565,7.0,0.17,0.1,71.19,3.74117,-7.7495,-3.63621,0.0002,-0.86735
8605.87,SYN.BTC-15NOV19,1573729142185,open,0.16,3.1,0.1395,0.186,0.16200855,96.69,0.13,0.0,BTC-15NOV19-10000-P,8603.66,0.0,0.0,0.0,0.1855,0.1,378.19,0.01191,-0.57565,-0.23975,1e-05,-0.99917
8605.87,SYN.BTC-15NOV19,1573729142185,open,0.1,17.7,0.0825,0.129,0.10430022,99.47,0.086,0.0,BTC-15NOV19-9500-P,8603.66,0.0,0.1025,0.1,0.1055,0.1,127.75,0.22557,-11.21889,-0.22336,0.00013,-0.97749
8638.75,SYN.BTC-29NOV19,1573729142188,open,0.01,621.6,0.0005,0.023,0.00787973,61.64,0.008,0.0,BTC-29NOV19-10000-C,8603.66,60.75,0.0075,4.0,0.008,20.0,61.92,3.74218,-7.75312,0.43948,0.0002,0.13271
8605.87,SYN.BTC-15NOV19,1573729142185,open,0.0,229.0,0.0005,0.0105,2.37e-06,100.0,0.0015,0.0,BTC-15NOV19-10250-C,8603.66,0.0,0.0,0.0,0.0015,30.0,198.02,0.00314,-0.02037,4e-05,0.0,0.0002
8605.87,SYN.BTC-15NOV19,1573729142185,open,0.21,0.0,0.1965,0.245,0.22009247,0.0,None,0.0,BTC-15NOV19-10500-P,8603.66,0.0,0.0,0.0,0.252,0.1,500.0,0.0,0.0,-0.25191,0.0,-1.0
8605.87,SYN.BTC-15NOV19,1573729142185,open,0.27,0.0,0.2535,0.304,0.27819181,0.0,None,0.0,BTC-15NOV19-11000-P,8603.66,0.0,0.0155,0.1,0.0,0.0,0.0,0.0,0.0,-0.26391,0.0,-1.0
9039.06,SYN.BTC-26JUN20,1573729142189,open,0.08,77.2,0.039,0.121,0.07817177,79.3,0.083,0.0,BTC-26JUN20-16000-C,8603.66,77.68,0.074,16.0,0.083,25.1,81.13,23.55304,-4.15264,10.80381,6e-05,0.27217
8638.75,SYN.BTC-29NOV19,1573729142185,open,0.2,7.4,0.1745,0.213,0.19352945,70.05,0.25,0.0,BTC-29NOV19-7000-C,8603.66,0.0,0.1765,6.0,0.2115,6.0,117.35,2.06656,-4.86568,2.62955,0.0001,0.9404
8638.75,SYN.BTC-29NOV19,1573729142185,open,0.5,0.0,0.4755,0.5395,0.50587864,91.1,None,0.0,BTC-29NOV19-13000-P,8603.66,0.0,0.013,1.0,0.0,0.0,0.0,0.71962,-2.20357,-5.24346,3e-05,-0.98342
8605.87,SYN.BTC-15NOV19,1573729142185,open,0.0,234.3,0.0005,0.0105,2.9e-07,100.0,0.0005,0.0,BTC-15NOV19-10500-C,8603.66,0.0,0.0,0.0,0.0005,14.5,185.24,0.00049,-0.00253,1e-05,0.0,3e-05
8638.75,SYN.BTC-29NOV19,1573729142187,open,0.07,307.6,0.0485,0.105,0.06931749,55.22,0.07,0.0,BTC-29NOV19-9000-P,8603.66,50.87,0.066,78.1,0.07,1.6,56.11,6.62755,-12.30187,-2.43527,0.00039,-0.62237
8638.75,SYN.BTC-29NOV19,1573729142189,open,0.0,408.4,0.0005,0.0105,0.00025172,100.0,0.0015,0.0,BTC-29NOV19-15000-C,8603.66,107.51,0.0005,71.0,0.0015,34.0,123.09,0.21767,-0.73163,0.01404,1e-05,0.00424
8605.87,SYN.BTC-15NOV19,1573729142185,open,0.0,256.3,0.0005,0.011,0.0012198,65.57,0.001,0.0,BTC-15NOV19-9000-C,8603.66,62.53,0.001,27.0,0.0015,14.0,69.1,0.65061,-10.49744,0.01711,0.00056,0.08408
9039.06,SYN.BTC-26JUN20,1573729142187,open,1.04,0.0,0.9845,1.126,1.05307029,81.07,None,0.0,BTC-26JUN20-18000-P,8603.66,0.0,0.09,1.0,1.35,1.0,181.15,21.13479,-3.80957,-101.95282,5e-05,-0.77767
8605.87,SYN.BTC-15NOV19,1573729142186,open,0.0,287.3,0.0005,0.0135,0.00194605,71.99,0.003,0.0,BTC-15NOV19-8250-P,8603.66,66.95,0.0015,3.5,0.0025,20.5,77.62,0.80357,-16.74744,-0.02355,0.00063,-0.11213
8638.75,SYN.BTC-29NOV19,1573729142187,open,0.0,1058.7,0.0005,0.0135,0.00382767,70.03,0.0045,0.0,BTC-29NOV19-7000-P,8603.66,66.35,0.003,31.0,0.0045,37.1,72.73,2.06545,-4.86188,-0.22316,0.0001,-0.05956
8605.87,SYN.BTC-15NOV19,1573729142185,open,0.1,4.1,0.0815,0.119,0.0997106,99.41,0.1,0.0,BTC-15NOV19-7750-C,8603.66,0.0,0.099,0.1,0.102,4.1,151.98,0.15771,-7.83897,0.18283,9e-05,0.98521
8605.87,SYN.BTC-15NOV19,1573729142185,open,0.02,78.2,0.001,0.039,0.01832951,57.22,0.019,0.0,BTC-15NOV19-8500-C,8603.66,52.47,0.0175,16.0,0.0195,18.3,63.8,1.51583,-43.36919,0.13572,0.00149,0.67568
185.09,SYN.ETH-22NOV19,1573729142197,open,0.09,131.0,0.059,0.117,0.087802,56.37,0.09,0.0,ETH-22NOV19-170-C,184.66,0.0,0.081,75.0,0.112,16.0,112.31,0.06129,-0.21935,0.03073,0.01471,0.85734
185.47,SYN.ETH-29NOV19,1573729142201,open,0.1,91.0,0.069,0.142,0.10395,67.39,0.101,0.0,ETH-29NOV19-200-P,184.66,0.0,0.068,15.0,0.107,20.0,71.62,0.13272,-0.30064,-0.05976,0.01405,-0.68661
189.85,ETH-27MAR20,1573729142227,open,0.4,40.0,0.369,0.431,0.40169,79.1,0.459,0.0,ETH-27MAR20-120-C,184.66,52.08,0.376,22.0,0.422,22.0,95.12,0.22404,-0.06619,0.33611,0.00214,0.88437
187.0,ETH-27DEC19,1573729142239,open,0.31,2287.0,0.26,0.355,0.30715,73.12,0.302,0.0,ETH-27DEC19-240-P,184.66,32.72,0.284,11.0,0.347,11.0,109.31,0.17506,-0.14927,-0.24495,0.00583,-0.80797
185.09,SYN.ETH-22NOV19,1573729142248,open,0.0,243.0,0.001,0.017,0.004837,66.61,0.006,0.0,ETH-22NOV19-210-C,184.66,63.39,0.004,2.0,0.006,851.0,70.69,0.05018,-0.21219,0.00409,0.01019,0.10719
185.09,SYN.ETH-22NOV19,1573729142248,open,0.05,170.0,0.022,0.077,0.048109,56.3,0.051,0.0,ETH-22NOV19-180-C,184.66,52.42,0.046,500.0,0.059,225.0,75.98,0.10097,-0.36087,0.02394,0.02426,0.64748
185.09,SYN.ETH-22NOV19,1573729142248,open,0.05,71.0,0.021,0.081,0.048329,56.27,0.04,0.0,ETH-22NOV19-190-P,184.66,50.34,0.045,525.0,0.052,220.0,62.75,0.10443,-0.37307,-0.02623,0.02511,-0.60851
185.09,SYN.ETH-22NOV19,1573729142248,open,0.0,35.0,0.001,0.011,0.00152,79.71,0.002,0.0,ETH-22NOV19-150-P,184.66,74.13,0.001,1000.0,0.002,3.0,83.91,0.01945,-0.09843,-0.00133,0.0033,-0.03187
185.09,SYN.ETH-22NOV19,1573729142250,open,0.14,0.0,0.104,0.176,0.139421,66.61,None,0.0,ETH-22NOV19-210-P,184.66,0.0,0.134,30.0,0.261,1.0,300.22,0.05018,-0.21219,-0.04122,0.01019,-0.89281
185.09,SYN.ETH-22NOV19,1573729142250,open,0.3,0.0,0.259,0.34,0.29791,88.31,None,0.0,ETH-22NOV19-240-P,184.66,0.0,0.0,0.0,0.497,1.0,500.0,0.01659,-0.09299,-0.05078,0.00254,-0.97369
184.71,SYN.ETH-15NOV19,1573729142990,open,0.08,231.0,0.052,0.109,0.080667,103.58,0.099,0.0,ETH-15NOV19-170-C,184.66,0.0,0.064,14.0,0.087,1.0,175.83,0.00909,-0.47064,0.00386,0.01072,0.95163
8883.87,BTC-27MAR20,1573729143119,open,0.17,42.5,0.128,0.2165,0.17302755,68.93,0.1625,0.0,BTC-27MAR20-9000-P,8603.66,68.07,0.171,17.7,0.1775,2.0,70.81,21.12842,-5.43902,-19.63359,0.00011,-0.42952
8605.87,SYN.BTC-15NOV19,1573729143316,open,0.0,354.5,0.0005,0.0105,0.00081886,89.03,0.0015,0.0,BTC-15NOV19-8000-P,8603.66,81.19,0.0005,34.5,0.0015,1.6,101.36,0.3992,-7.04483,-0.00945,0.00025,-0.04495
8605.87,SYN.BTC-15NOV19,1573729143319,open,0.0,354.5,0.0005,0.0105,0.00081886,89.03,0.0015,0.0,BTC-15NOV19-8000-P,8603.66,81.19,0.0005,34.5,0.0015,2.6,101.36,0.3992,-7.04483,-0.00945,0.00025,-0.04495
187.0,ETH-27DEC19,1573729143886,open,0.02,6649.0,0.008,0.044,0.023727,73.12,0.025,0.0,ETH-27DEC19-240-C,184.66,71.25,0.022,10.0,0.025,550.0,74.46,0.17506,-0.14927,0.03697,0.00583,0.19203
185.47,SYN.ETH-29NOV19,1573729143886,open,0.0,1947.0,0.001,0.013,0.003904,78.4,0.003,0.0,ETH-29NOV19-240-C,184.66,74.41,0.003,11.0,0.005,551.0,82.62,0.04499,-0.11857,0.00429,0.00409,0.06067
191.51,SYN.ETH-26JUN20,1573729143886,open,0.04,108.0,0.014,0.073,0.040357,94.74,0.046,0.0,ETH-26JUN20-560-C,184.66,92.21,0.036,140.0,0.045,140.0,97.31,0.33792,-0.07118,0.12001,0.00158,0.14207
187.0,ETH-27DEC19,1573729143888,open,0.0,4534.0,0.001,0.011,8e-06,105.0,0.002,0.0,ETH-27DEC19-760-C,184.66,0.0,0.0,0.0,0.001,501.0,150.37,0.00026,-0.00031,2e-05,1e-05,0.0001
187.0,ETH-27DEC19,1573729143888,open,0.0,16677.0,0.001,0.011,5.3e-05,105.0,0.001,0.0,ETH-27DEC19-640-C,184.66,0.0,0.0,0.0,0.002,801.0,145.56,0.00135,-0.00165,0.00012,3e-05,0.0006
189.85,ETH-27MAR20,1573729143891,open,1.55,0.0,1.462,1.643,1.549117,95.76,None,0.0,ETH-27MAR20-480-P,184.66,0.0,0.003,10.0,0.0,0.0,0.0,0.19461,-0.0696,-1.70876,0.00154,-0.90482
189.85,ETH-27MAR20,1573729143891,open,0.11,1274.0,0.065,0.149,0.108651,79.91,0.114,0.0,ETH-27MAR20-240-C,184.66,77.49,0.103,10.0,0.11,777.0,80.48,0.44541,-0.13293,0.20582,0.00422,0.40423
187.0,ETH-27DEC19,1573729143891,open,2.85,0.0,2.739,2.969,2.850282,105.0,None,0.0,ETH-27DEC19-720-P,184.66,0.0,0.003,5.0,0.0,0.0,0.0,0.00044,-0.00054,-0.84573,1e-05,-0.99982
189.85,ETH-27MAR20,1573729143893,open,0.01,5417.0,0.003,0.032,0.013634,103.02,0.015,0.0,ETH-27MAR20-600-C,184.66,100.75,0.012,95.0,0.014,500.0,103.51,0.14179,-0.05456,0.03418,0.00104,0.06272
191.51,SYN.ETH-26JUN20,1573729143893,open,0.32,5.0,0.266,0.361,0.317953,80.24,0.275,0.0,ETH-26JUN20-160-C,184.66,81.03,0.32,3.0,0.326,210.0,83.32,0.5008,-0.08935,0.48126,0.00276,0.72585
185.47,SYN.ETH-29NOV19,1573729143896,open,0.0,448.0,0.001,0.011,0.000985,91.12,0.001,0.0,ETH-29NOV19-280-C,184.66,91.31,0.001,500.0,0.002,502.0,100.94,0.0149,-0.04565,0.00113,0.00117,0.0159
187.0,ETH-27DEC19,1573729143898,open,0.11,1126.0,0.073,0.138,0.107196,65.14,0.11,0.0,ETH-27DEC19-180-C,184.66,61.94,0.103,285.0,0.111,880.0,68.03,0.24569,-0.18662,0.11072,0.00918,0.61123
189.85,ETH-27MAR20,1573729143898,open,0.11,4603.0,0.063,0.14,0.101583,76.63,0.1,0.0,ETH-27MAR20-160-P,184.66,72.87,0.094,568.0,0.104,1.0,77.83,0.38299,-0.10961,-0.26156,0.00378,-0.27404
185.47,SYN.ETH-29NOV19,1573729143900,open,0.72,0.0,0.676,0.78,0.725771,104.99,None,0.0,ETH-29NOV19-320-P,184.66,0.0,0.0,0.0,0.0,0.0,0.0,0.00712,-0.02513,-0.12994,0.00048,-0.99319
189.85,ETH-27MAR20,1573729143905,open,0.59,20.0,0.569,0.603,0.586096,88.09,0.613,0.0,ETH-27MAR20-80-C,184.66,56.17,0.579,25.0,0.596,1.0,107.33,0.07738,-0.02546,0.2676,0.00066,0.97039
189.85,ETH-27MAR20,1573729143905,open,0.05,705.0,0.023,0.086,0.053229,85.09,0.056,0.0,ETH-27MAR20-320-C,184.66,84.41,0.052,20.0,0.054,500.0,85.52,0.34483,-0.10959,0.11961,0.00307,0.22499
187.0,ETH-27DEC19,1573729143905,open,0.82,0.0,0.767,0.884,0.823035,92.49,None,0.0,ETH-27DEC19-340-P,184.66,0.0,0.001,5.0,0.0,0.0,0.0,0.05751,-0.06203,-0.39122,0.00151,-0.95795
191.51,SYN.ETH-26JUN20,1573729143905,open,0.06,24.0,0.026,0.099,0.060427,90.05,0.076,0.0,ETH-26JUN20-440-C,184.66,87.57,0.055,140.0,0.066,438.0,92.5,0.42721,-0.08553,0.17069,0.0021,0.2051
187.0,ETH-27DEC19,1573729143909,open,0.72,101.0,0.664,0.777,0.718081,90.63,0.513,0.0,ETH-27DEC19-320-P,184.66,0.0,0.007,1.0,0.0,0.0,0.0,0.07407,-0.07828,-0.36472,0.00199,-0.94228
191.51,SYN.ETH-26JUN20,1573729143909,open,2.37,0.0,2.258,2.503,2.376235,98.63,None,0.0,ETH-26JUN20-640-P,184.66,0.0,0.0,0.0,0.0,0.0,0.0,0.30193,-0.06621,-3.8411,0.00135,-0.8793
191.51,SYN.ETH-26JUN20,1573729143912,open,1.96,0.0,1.857,2.08,1.964537,94.74,None,0.0,ETH-26JUN20-560-P,184.66,0.0,0.0,0.0,0.0,0.0,0.0,0.33792,-0.07118,-3.33014,0.00158,-0.85793
187.0,ETH-27DEC19,1573729143939,open,0.0,4100.0,0.001,0.012,0.002519,95.4,0.004,0.0,ETH-27DEC19-100-P,184.66,91.87,0.002,339.0,0.003,551.0,98.28,0.02952,-0.03284,-0.0047,0.00075,-0.01886
185.47,SYN.ETH-29NOV19,1573729143939,open,0.02,2466.0,0.008,0.05,0.025619,67.39,0.023,0.0,ETH-29NOV19-200-C,184.66,56.43,0.018,550.0,0.023,270.0,63.7,0.13272,-0.30064,0.02175,0.01405,0.31339
187.0,ETH-27DEC19,1573729143984,open,1.03,0.0,0.974,1.102,1.035068,98.06,None,0.0,ETH-27DEC19-380-P,184.66,0.0,0.001,5.0,0.0,0.0,0.0,0.03882,-0.04439,-0.4413,0.00096,-0.97391
189.85,ETH-27MAR20,1573729144006,open,0.49,0.0,0.466,0.514,0.490474,83.11,None,0.0,ETH-27MAR20-100-C,184.66,51.93,0.475,23.0,0.505,23.0,99.97,0.14332,-0.04448,0.31052,0.0013,0.93641
191.51,SYN.ETH-26JUN20,1573729144009,open,1.56,0.0,1.46,1.664,1.559554,92.17,None,0.0,ETH-26JUN20-480-P,184.66,0.0,0.0,0.0,0.0,0.0,0.0,0.39695,-0.08135,-2.80539,0.00191,-0.81816
191.51,SYN.ETH-26JUN20,1573729144026,open,0.37,60.0,0.327,0.412,0.373249,80.24,0.371,0.0,ETH-26JUN20-140-C,184.66,72.52,0.356,210.0,0.388,210.0,86.76,0.43115,-0.07693,0.49371,0.00238,0.79169
191.51,SYN.ETH-26JUN20,1573729144031,open,1.76,0.0,1.657,1.871,1.760943,93.28,None,0.0,ETH-26JUN20-520-P,184.66,0.0,0.0,0.0,0.0,0.0,0.0,0.36434,-0.07556,-3.06987,0.00173,-0.84093
187.0,ETH-27DEC19,1573729144042,open,0.04,6980.0,0.016,0.062,0.037679,69.32,0.035,0.0,ETH-27DEC19-220-C,184.66,67.01,0.035,334.0,0.04,500.0,71.3,0.21794,-0.17619,0.05454,0.00765,0.28596
187.0,ETH-27DEC19,1573729144045,open,1.14,16.0,1.078,1.213,1.142265,104.93,1.195,0.0,ETH-27DEC19-400-P,184.66,0.0,0.001,8.0,0.0,0.0,0.0,0.03936,-0.04816,-0.46475,0.00091,-0.97347
189.85,ETH-27MAR20,1573729144047,open,0.01,830.0,0.001,0.017,0.007481,88.09,0.009,0.0,ETH-27MAR20-80-P,184.66,84.24,0.006,320.0,0.009,1120.0,91.64,0.07738,-0.02546,-0.02583,0.00066,-0.02961
189.85,ETH-27MAR20,1573729144051,open,0.33,0.0,0.284,0.357,0.323138,76.75,None,0.0,ETH-27MAR20-140-C,184.66,57.69,0.294,23.0,0.351,22.0,93.31,0.30932,-0.08866,0.34087,0.00305,0.81265
191.51,SYN.ETH-26JUN20,1573729144051,open,0.2,361.0,0.141,0.245,0.197367,80.24,0.2,0.0,ETH-26JUN20-220-C,184.66,79.48,0.195,449.0,0.208,449.0,83.66,0.597,-0.10651,0.40158,0.00329,0.53772
185.47,SYN.ETH-29NOV19,1573729144056,open,0.51,0.0,0.466,0.559,0.510648,91.12,None,0.0,ETH-29NOV19-280-P,184.66,0.0,0.0,0.0,0.0,0.0,0.0,0.0149,-0.04565,-0.11299,0.00117,-0.9841
187.0,ETH-27DEC19,1573729144061,open,1.57,21.0,1.493,1.648,1.567627,105.0,0.629,0.0,ETH-27DEC19-480-P,184.66,0.0,0.001,7.0,0.0,0.0,0.0,0.01304,-0.01597,-0.5624,0.0003,-0.99265
191.51,SYN.ETH-26JUN20,1573729144069,open,0.03,74.0,0.011,0.065,0.034314,98.63,0.039,0.0,ETH-26JUN20-640-C,184.66,97.13,0.032,1.0,0.037,140.0,100.3,0.30193,-0.06621,0.10193,0.00135,0.1207
189.85,ETH-27MAR20,1573729144090,open,1.34,0.0,1.26,1.431,1.342449,92.98,None,0.0,ETH-27MAR20-440-P,184.66,0.0,0.002,10.0,0.0,0.0,0.0,0.22031,-0.07651,-1.55249,0.00179,-0.88706
187.0,ETH-27DEC19,1573729144092,open,1.35,0.0,1.285,1.43,1.354526,105.0,None,0.0,ETH-27DEC19-440-P,184.66,0.0,0.001,8.0,0.0,0.0,0.0,0.02285,-0.02798,-0.51413,0.00053,-0.98602
189.85,ETH-27MAR20,1573729144092,open,0.93,6.0,0.861,1.013,0.935503,87.43,1.165,0.0,ETH-27MAR20-360-P,184.66,0.0,0.896,1.0,0.0,0.0,0.0,0.29388,-0.09597,-1.22752,0.00254,-0.82732
189.85,ETH-27MAR20,1573729144104,open,0.02,2444.0,0.004,0.037,0.017008,97.48,0.021,0.0,ETH-27MAR20-520-C,184.66,96.33,0.016,50.0,0.018,720.0,98.57,0.16937,-0.06166,0.04319,0.00131,0.07903
185.47,SYN.ETH-29NOV19,1573729144111,open,0.01,311.0,0.001,0.026,0.010703,71.59,0.008,0.0,ETH-29NOV19-160-P,184.66,59.85,0.006,870.0,0.01,850.0,69.99,0.08207,-0.1975,-0.01116,0.00818,-0.13689
191.51,SYN.ETH-26JUN20,1573729144111,open,0.23,388.0,0.175,0.278,0.231065,80.24,0.235,0.0,ETH-26JUN20-200-C,184.66,79.89,0.23,1.0,0.241,476.0,83.52,0.5818,-0.1038,0.43195,0.00321,0.59717
191.51,SYN.ETH-26JUN20,1573729144117,open,0.44,0.0,0.362,0.507,0.43753,85.17,None,0.0,ETH-26JUN20-240-P,184.66,49.8,0.329,1.0,0.719,10.0,180.07,0.59968,-0.11356,-1.10776,0.00312,-0.50135
187.0,ETH-27DEC19,1573729144132,open,0.01,1586.0,0.001,0.02,0.008337,85.58,0.009,0.0,ETH-27DEC19-300-C,184.66,80.13,0.006,620.0,0.009,500.0,86.97,0.08745,-0.08728,0.01387,0.00249,0.07148
187.0,ETH-27DEC19,1573729144155,open,0.0,907.0,0.001,0.012,0.002983,98.06,0.007,0.0,ETH-27DEC19-380-C,184.66,92.69,0.002,1170.0,0.004,501.0,102.51,0.03882,-0.04439,0.00507,0.00096,0.02609
187.0,ETH-27DEC19,1573729144157,open,1.78,37.0,1.7,1.868,1.78114,105.0,0.707,0.0,ETH-27DEC19-520-P,184.66,0.0,0.002,25.0,0.0,0.0,0.0,0.0074,-0.00906,-0.61006,0.00017,-0.99612
189.85,ETH-27MAR20,1573729144170,open,0.22,22.0,0.157,0.245,0.204823,76.19,0.216,0.0,ETH-27MAR20-180-C,184.66,71.44,0.194,257.0,0.209,300.0,78.02,0.43202,-0.12293,0.29982,0.00429,0.63539
191.51,SYN.ETH-26JUN20,1573729144172,open,0.07,643.0,0.034,0.115,0.073729,89.36,0.078,0.0,ETH-26JUN20-400-C,184.66,88.24,0.071,1.0,0.077,435.0,90.69,0.46958,-0.0933,0.19873,0.00233,0.24216
187.0,ETH-27DEC19,1573729144221,open,0.47,0.0,0.45,0.486,0.46776,95.4,None,0.0,ETH-27DEC19-100-C,184.66,0.0,0.465,31.0,0.0,0.0,0.0,0.02952,-0.03284,0.11277,0.00075,0.98114
189.85,ETH-27MAR20,1573729144221,open,1.75,0.0,1.665,1.855,1.756013,97.48,None,0.0,ETH-27MAR20-520-P,184.66,0.0,0.005,10.0,0.0,0.0,0.0,0.16937,-0.06166,-1.86408,0.00131,-0.92097
187.0,ETH-27DEC19,1573729144221,open,0.0,11036.0,0.001,0.011,0.001585,105.0,0.002,0.0,ETH-27DEC19-440-C,184.66,99.42,0.001,2928.0,0.003,500.0,114.17,0.02285,-0.02798,0.00272,0.00053,0.01398
189.85,ETH-27MAR20,1573729144221,open,1.96,0.0,1.868,2.068,1.96362,98.83,None,0.0,ETH-27MAR20-560-P,184.66,0.0,0.01,10.0,0.0,0.0,0.0,0.14713,-0.05431,-2.01788,0.00113,-0.93423
187.0,ETH-27DEC19,1573729144221,open,0.0,21058.0,0.001,0.011,0.000102,105.0,0.001,0.0,ETH-27DEC19-600-C,184.66,0.0,0.0,0.0,0.002,541.0,139.29,0.00237,-0.0029,0.00022,5e-05,0.00111
191.51,SYN.ETH-26JUN20,1573729144221,open,0.06,421.0,0.035,0.094,0.064429,80.24,0.061,0.0,ETH-26JUN20-120-P,184.66,77.18,0.059,210.0,0.069,499.0,82.78,0.34299,-0.0612,-0.24738,0.00189,-0.14524
8883.89,BTC-27MAR20,1573729144227,open,0.01,123.2,0.0005,0.024,0.00849089,99.29,0.0095,0.0,BTC-27MAR20-30000-C,8603.66,95.34,0.0065,52.4,0.009,11.1,100.2,4.86303,-1.80329,1.10573,2e-05,0.04243
9038.93,SYN.BTC-26JUN20,1573729144229,open,0.14,188.4,0.0875,0.1835,0.13628923,75.38,0.14,0.0,BTC-26JUN20-12000-C,8603.66,73.82,0.1315,26.7,0.141,2.0,76.9,27.83361,-4.66475,16.20863,7e-05,0.42735
9038.93,SYN.BTC-26JUN20,1573729144232,open,0.4,7.0,0.3635,0.431,0.39832954,72.27,0.41,0.0,BTC-26JUN20-6000-C,8603.66,56.87,0.371,7.0,0.427,7.0,86.93,17.064,-2.74195,24.75185,5e-05,0.8428
187.0,ETH-27DEC19,1573729144235,open,2.21,0.0,2.116,2.308,2.208658,105.0,0.953,0.0,ETH-27DEC19-600-P,184.66,0.0,0.0,0.0,0.0,0.0,0.0,0.00237,-0.0029,-0.70458,5e-05,-0.99889
185.47,SYN.ETH-29NOV19,1573729144235,open,0.62,0.0,0.571,0.669,0.618007,95.78,None,0.0,ETH-29NOV19-300-P,184.66,0.0,0.0,0.0,0.0,0.0,0.0,0.00858,-0.02764,-0.12167,0.00064,-0.99158
8704.39,BTC-27DEC19,1573729144240,open,0.0,562.6,0.0005,0.0105,6.4e-07,100.0,0.0005,0.0,BTC-27DEC19-40000-C,8603.66,0.0,0.0,0.0,0.0005,24.0,151.1,0.00126,-0.00147,9e-05,0.0,1e-05
8883.89,BTC-27MAR20,1573729144246,open,3.03,0.0,2.9735,3.1475,3.05638993,99.82,None,0.0,BTC-27MAR20-36000-P,8603.66,0.0,0.0,0.0,0.0,0.0,0.0,2.83307,-1.05615,-131.45611,1e-05,-0.97792
191.51,SYN.ETH-26JUN20,1573729144255,open,0.09,188.0,0.044,0.13,0.086544,86.93,0.093,0.0,ETH-26JUN20-360-C,184.66,84.03,0.079,471.0,0.093,471.0,89.35,0.50568,-0.09773,0.22782,0.00257,0.27963
191.51,SYN.ETH-26JUN20,1573729144260,open,0.04,93.0,0.012,0.068,0.036248,96.25,0.045,0.0,ETH-26JUN20-600-C,184.66,93.59,0.032,140.0,0.04,140.0,98.48,0.31533,-0.06748,0.10877,0.00145,0.12843
191.51,SYN.ETH-26JUN20,1573729144266,open,0.01,184.0,0.001,0.016,0.006987,87.73,0.007,0.0,ETH-26JUN20-60-P,184.66,85.15,0.006,500.0,0.01,300.0,94.56,0.07644,-0.01491,-0.03325,0.00039,-0.02119
9038.93,SYN.BTC-26JUN20,1573729144270,open,0.06,94.9,0.0345,0.092,0.06211505,72.26,0.0585,0.0,BTC-26JUN20-6000-P,8603.66,70.87,0.0595,0.1,0.065,23.8,73.79,17.06346,-2.74167,-12.21306,5e-05,-0.15719
187.0,ETH-27DEC19,1573729144282,open,0.0,12762.0,0.001,0.011,2.8e-05,105.0,0.001,0.0,ETH-27DEC19-680-C,184.66,0.0,0.0,0.0,0.001,500.0,140.34,0.00077,-0.00094,7e-05,2e-05,0.00033
8704.39,BTC-27DEC19,1573729144286,open,0.43,66.8,0.4145,0.443,0.42830721,86.88,0.4645,0.0,BTC-27DEC19-5000-C,8603.66,0.0,0.4185,10.0,0.4415,10.0,127.66,1.57657,-1.59733,5.61869,2e-05,0.97782
191.51,SYN.ETH-26JUN20,1573729144299,open,1.36,0.0,1.262,1.457,1.357998,90.05,None,0.0,ETH-26JUN20-440-P,184.66,0.0,0.0,0.0,0.0,0.0,0.0,0.42721,-0.08553,-2.54014,0.0021,-0.7949
191.51,SYN.ETH-26JUN20,1573729144299,open,2.17,0.0,2.057,2.29,2.169298,96.25,None,0.0,ETH-26JUN20-600-P,184.66,0.0,0.0,0.0,0.0,0.0,0.0,0.31533,-0.06748,-3.58782,0.00145,-0.87157
189.85,ETH-27MAR20,1573729144302,open,2.38,0.0,2.276,2.499,2.382504,104.05,None,0.0,ETH-27MAR20-640-P,184.66,0.0,0.0,0.0,0.0,0.0,0.0,0.1248,-0.0485,-2.31823,0.00091,-0.94668
189.85,ETH-27MAR20,1573729144302,open,0.07,354.0,0.032,0.09,0.060563,76.75,0.067,0.0,ETH-27MAR20-140-P,184.66,72.68,0.054,284.0,0.065,1104.0,79.46,0.30932,-0.08866,-0.17263,0.00305,-0.18735
9038.93,SYN.BTC-26JUN20,1573729144309,open,0.57,0.5,0.5545,0.589,0.57102941,73.89,0.589,0.0,BTC-26JUN20-4000-C,8603.66,42.57,0.558,8.0,0.5865,8.0,91.24,6.72155,-1.10423,21.38439,2e-05,0.95503
187.0,ETH-27DEC19,1573729144313,open,0.0,515.0,0.001,0.014,0.004854,92.49,0.004,0.0,ETH-27DEC19-340-C,184.66,89.55,0.004,345.0,0.006,501.0,95.99,0.05751,-0.06203,0.00817,0.00151,0.04205
8883.89,BTC-27MAR20,1573729144319,open,0.05,375.5,0.0215,0.081,0.04879553,76.21,0.051,0.0,BTC-27MAR20-14000-C,8603.66,74.93,0.0465,25.4,0.0515,29.7,77.68,16.14498,-4.59514,5.74856,7e-05,0.22522
8704.39,BTC-27DEC19,1573729144319,open,0.66,10.0,0.6455,0.665,0.65540304,100.78,0.618,0.0,BTC-27DEC19-3000-C,8603.66,0.0,0.6475,1.0,0.664,1.0,193.93,0.05926,-0.06965,3.51768,0.0,0.99944
9038.93,SYN.BTC-26JUN20,1573729144321,open,2.11,0.0,2.0465,2.2135,2.12531568,90.03,None,0.0,BTC-26JUN20-28000-P,8603.66,0.0,0.0,0.0,0.0,0.0,0.0,13.01173,-2.60458,-168.12777,3e-05,-0.89375
191.51,SYN.ETH-26JUN20,1573729144331,open,0.1,330.0,0.065,0.143,0.104294,80.24,0.096,0.0,ETH-26JUN20-140-P,184.66,76.55,0.096,210.0,0.107,210.0,81.44,0.43115,-0.07693,-0.36883,0.00238,-0.20831
9038.93,SYN.BTC-26JUN20,1573729144331,open,0.02,74.0,0.007,0.053,0.02467907,91.63,0.024,0.0,BTC-26JUN20-30000-C,8603.66,89.95,0.0225,33.0,0.027,1.0,93.33,12.02681,-2.45033,3.9372,3e-05,0.09538
185.47,SYN.ETH-29NOV19,1573729144339,open,0.0,2217.0,0.001,0.012,0.002506,81.24,0.004,0.0,ETH-29NOV19-140-P,184.66,69.28,0.001,546.0,0.004,501.0,89.37,0.02972,-0.08116,-0.00292,0.00261,-0.03617
185.47,SYN.ETH-29NOV19,1573729144344,open,0.0,421.0,0.001,0.011,0.000511,95.78,0.004,0.0,ETH-29NOV19-300-C,184.66,0.0,0.0,0.0,0.001,1.0,103.99,0.00858,-0.02764,0.0006,0.00064,0.00842
191.51,SYN.ETH-26JUN20,1573729144353,open,0.15,611.0,0.104,0.199,0.153433,80.24,0.145,0.0,ETH-26JUN20-160-P,184.66,75.87,0.142,472.0,0.156,210.0,81.23,0.5008,-0.08935,-0.50449,0.00276,-0.27415
187.0,ETH-27DEC19,1573729144357,open,2.63,1.0,2.531,2.749,2.636391,105.0,2.792,0.0,ETH-27DEC19-680-P,184.66,0.0,0.0,0.0,0.0,0.0,0.0,0.00077,-0.00094,-0.79871,2e-05,-0.99967
8704.39,BTC-27DEC19,1573729144380,open,0.32,112.4,0.299,0.3355,0.31696874,73.11,0.385,0.0,BTC-27DEC19-6000-C,8603.66,0.0,0.3015,17.4,0.334,13.2,105.34,3.25596,-2.7761,6.43492,5e-05,0.94631
187.0,ETH-27DEC19,1573729144386,open,0.61,1.0,0.561,0.668,0.612615,85.58,0.494,0.0,ETH-27DEC19-300-P,184.66,0.0,0.01,5.0,0.0,0.0,0.0,0.08745,-0.08728,-0.33853,0.00249,-0.92852
191.51,SYN.ETH-26JUN20,1573729144390,open,0.44,1.0,0.399,0.471,0.437818,80.24,0.478,0.0,ETH-26JUN20-120-C,184.66,72.92,0.425,210.0,0.452,210.0,88.01,0.34299,-0.0612,0.49193,0.00189,0.85476
8704.39,BTC-27DEC19,1573729144407,open,1.29,3.6,1.253,1.349,1.29898224,100.05,1.729,0.0,BTC-27DEC19-20000-P,8603.66,0.0,0.0,0.0,0.0,0.0,0.0,0.93711,-1.09335,-23.38323,1e-05,-0.98792
189.85,ETH-27MAR20,1573729144421,open,0.37,125.0,0.309,0.433,0.372806,79.9,0.37,0.0,ETH-27MAR20-240-P,184.66,66.97,0.343,300.0,0.432,10.0,104.69,0.44541,-0.13292,-0.67446,0.00422,-0.59577
187.0,ETH-27DEC19,1573729144429,open,3.06,1.0,2.946,3.19,3.064179,105.0,3.236,0.0,ETH-27DEC19-760-P,184.66,0.0,0.0,0.0,0.0,0.0,0.0,0.00026,-0.00031,-0.89273,1e-05,-0.9999
191.51,SYN.ETH-26JUN20,1573729144431,open,1.16,0.0,1.07,1.257,1.16243,89.36,None,0.0,ETH-26JUN20-400-P,184.66,0.0,0.0,0.0,0.0,0.0,0.0,0.46958,-0.0933,-2.26567,0.00233,-0.75784
187.0,ETH-27DEC19,1573729144437,open,1.99,0.0,1.908,2.088,1.99485,105.0,0.845,0.0,ETH-27DEC19-560-P,184.66,0.0,0.0,0.0,0.0,0.0,0.0,0.00419,-0.00512,-0.65741,0.0001,-0.99793
185.47,SYN.ETH-29NOV19,1573729144451,open,0.0,569.0,0.001,0.011,0.000442,104.99,0.003,0.0,ETH-29NOV19-320-C,184.66,0.0,0.0,0.0,0.001,1.0,115.59,0.00712,-0.02513,0.00048,0.00048,0.00681
185.47,SYN.ETH-29NOV19,1573729144475,open,0.4,0.0,0.362,0.449,0.403779,85.56,None,0.0,ETH-29NOV19-260-P,184.66,0.0,0.0,0.0,0.0,0.0,0.0,0.02604,-0.07488,-0.10378,0.00217,-0.9692
185.47,SYN.ETH-29NOV19,1573729144480,open,0.0,1522.0,0.001,0.011,0.001949,85.56,0.001,0.0,ETH-29NOV19-260-C,184.66,77.34,0.001,796.0,0.003,501.0,92.08,0.02604,-0.07488,0.00218,0.00217,0.0308
187.0,ETH-27DEC19,1573729144484,open,0.4,946.0,0.357,0.456,0.405669,76.46,0.3,0.0,ETH-27DEC19-260-P,184.66,0.0,0.39,50.0,0.933,1.0,500.0,0.13555,-0.12087,-0.28023,0.00432,-0.87004
187.0,ETH-27DEC19,1573729144488,open,0.51,310.0,0.459,0.562,0.508697,81.69,0.49,0.0,ETH-27DEC19-280-P,184.66,0.0,0.001,8.0,1.025,1.0,500.0,0.10958,-0.10439,-0.31021,0.00327,-0.90351
189.85,ETH-27MAR20,1573729144488,open,0.16,1745.0,0.105,0.198,0.152938,76.19,0.143,0.0,ETH-27MAR20-180-P,184.66,71.82,0.143,248.0,0.156,300.0,77.53,0.43202,-0.12293,-0.36039,0.00429,-0.36461
187.0,ETH-27DEC19,1573729144488,open,0.06,10606.0,0.034,0.092,0.06326,66.58,0.069,0.0,ETH-27DEC19-200-C,184.66,64.15,0.06,308.0,0.066,500.0,68.61,0.25156,-0.19531,0.08021,0.0092,0.4284
191.51,SYN.ETH-26JUN20,1573729144488,open,0.51,0.0,0.484,0.542,0.514184,81.64,None,0.0,ETH-26JUN20-100-C,184.66,49.06,0.483,1.0,0.0,0.0,0.0,0.2462,-0.04469,0.46578,0.00133,0.90896
191.51,SYN.ETH-26JUN20,1573729144488,open,0.04,5.0,0.017,0.058,0.036359,81.64,0.061,0.0,ETH-26JUN20-100-P,184.66,78.18,0.032,250.0,0.041,549.0,85.18,0.2462,-0.04469,-0.15032,0.00133,-0.09104
191.51,SYN.ETH-26JUN20,1573729144488,open,0.69,1.0,0.68,0.708,0.693682,87.73,0.69,0.0,ETH-26JUN20-60-C,184.66,0.0,0.686,1.0,0.703,1.0,106.1,0.07644,-0.01491,0.33641,0.00039,0.97881
189.85,ETH-27MAR20,1573729144490,open,0.08,1655.0,0.037,0.11,0.073863,82.2,0.074,0.0,ETH-27MAR20-280-C,184.66,79.87,0.069,260.0,0.076,787.0,83.22,0.39826,-0.12227,0.15574,0.00366,0.29752
189.85,ETH-27MAR20,1573729144490,open,1.14,3.0,1.06,1.222,1.13874,91.08,1.39,0.0,ETH-27MAR20-400-P,184.66,0.0,0.001,10.0,0.0,0.0,0.0,0.25732,-0.08753,-1.39101,0.00214,-0.85887
189.85,ETH-27MAR20,1573729144503,open,0.02,36.0,0.006,0.032,0.017206,83.11,0.019,0.0,ETH-27MAR20-100-P,184.66,81.48,0.016,1.0,0.019,1120.0,85.43,0.14332,-0.04448,-0.05626,0.0013,-0.06359
187.0,ETH-27DEC19,1573729144509,open,0.93,257.0,0.87,0.993,0.929084,96.07,0.995,0.0,ETH-27DEC19-360-P,184.66,0.0,0.01,2.0,0.0,0.0,0.0,0.0484,-0.05422,-0.41628,0.00123,-0.96597
8704.39,BTC-27DEC19,1573729144540,open,0.0,448.2,0.0005,0.0105,0.0005606,100.0,0.001,0.0,BTC-27DEC19-22000-C,8603.66,106.36,0.001,0.2,0.0015,14.0,111.47,0.48006,-0.55983,0.05192,1e-05,0.00564
189.85,ETH-27MAR20,1573729144556,open,0.17,1332.0,0.116,0.205,0.163713,77.0,0.165,0.0,ETH-27MAR20-200-C,184.66,74.62,0.158,264.0,0.168,764.0,78.78,0.45533,-0.13094,0.26783,0.00447,0.54834
189.85,ETH-27MAR20,1573729144556,open,0.04,578.0,0.015,0.069,0.03927,87.43,0.043,0.0,ETH-27MAR20-360-C,184.66,85.95,0.037,5.0,0.041,500.0,88.54,0.29388,-0.09597,0.0929,0.00254,0.17268
189.85,ETH-27MAR20,1573729144556,open,0.03,1200.0,0.011,0.059,0.031813,91.08,0.03,0.0,ETH-27MAR20-400-C,184.66,90.47,0.031,10.0,0.032,500.0,91.22,0.25732,-0.08753,0.07612,0.00214,0.14113
191.51,SYN.ETH-26JUN20,1573729144556,open,0.11,238.0,0.059,0.152,0.106743,85.3,0.108,0.0,ETH-26JUN20-320-C,184.66,83.63,0.102,180.0,0.113,466.0,87.48,0.54625,-0.10361,0.2668,0.00283,0.33287
189.85,ETH-27MAR20,1573729144570,open,2.17,0.0,2.073,2.285,2.174023,103.02,None,0.0,ETH-27MAR20-600-P,184.66,0.0,0.02,10.0,0.0,0.0,0.0,0.14179,-0.05456,-2.16652,0.00104,-0.93728
189.85,ETH-27MAR20,1573729144573,open,0.23,755.0,0.162,0.268,0.217176,77.0,0.207,0.0,ETH-27MAR20-200-P,184.66,73.59,0.209,187.0,0.221,508.0,78.59,0.45533,-0.13094,-0.46574,0.00447,-0.45166
191.51,SYN.ETH-26JUN20,1573729144573,open,0.6,0.0,0.579,0.621,0.600387,84.47,None,0.0,ETH-26JUN20-80-C,184.66,47.26,0.583,1.0,0.0,0.0,0.0,0.15421,-0.02896,0.41289,0.00081,0.95033
8883.89,BTC-27MAR20,1573729144581,open,0.03,490.2,0.0145,0.054,0.03248543,69.67,0.0345,0.0,BTC-27MAR20-6000-P,8603.66,68.48,0.031,18.1,0.0345,13.1,71.25,11.19247,-2.91218,-5.19339,6e-05,-0.1269
187.0,ETH-27DEC19,1573729144581,open,0.01,2030.0,0.001,0.018,0.006851,90.63,0.006,0.0,ETH-27DEC19-320-C,184.66,88.4,0.006,18.0,0.007,500.0,91.0,0.07407,-0.07828,0.01118,0.00199,0.05772
8704.39,BTC-27DEC19,1573729144581,open,0.0,410.1,0.0005,0.014,0.00424479,80.12,0.004,0.0,BTC-27DEC19-5500-P,8603.66,77.17,0.0035,27.0,0.0045,32.1,81.07,2.31705,-2.16493,-0.40351,3e-05,-0.03522
187.0,ETH-27DEC19,1573729144586,open,0.02,3582.0,0.004,0.032,0.015295,76.46,0.017,0.0,ETH-27DEC19-260-C,184.66,73.18,0.013,670.0,0.017,550.0,78.76,0.13555,-0.12087,0.02519,0.00432,0.12996
187.0,ETH-27DEC19,1573729144593,open,2.42,0.0,2.323,2.528,2.422513,105.0,None,0.0,ETH-27DEC19-640-P,184.66,0.0,0.0,0.0,0.0,0.0,0.0,0.00135,-0.00165,-0.75167,3e-05,-0.9994
189.85,ETH-27MAR20,1573729144593,open,0.01,381.0,0.002,0.028,0.011421,104.05,0.01,0.0,ETH-27MAR20-640-C,184.66,103.4,0.011,1.0,0.012,721.0,104.91,0.1248,-0.0485,0.02917,0.00091,0.05332
191.51,SYN.ETH-26JUN20,1573729144593,open,0.14,321.0,0.086,0.188,0.139355,85.17,0.144,0.0,ETH-26JUN20-280-C,184.66,82.09,0.13,180.0,0.141,460.0,85.71,0.58349,-0.11049,0.31638,0.00303,0.4075
185.47,SYN.ETH-29NOV19,1573729144593,open,0.06,4035.0,0.04,0.1,0.069474,67.39,0.075,0.0,ETH-29NOV19-180-C,184.66,55.07,0.06,540.0,0.066,360.0,62.89,0.1433,-0.32461,0.04111,0.01517,0.61338
189.85,ETH-27MAR20,1573729144595,open,0.27,717.0,0.214,0.297,0.258812,76.63,0.264,0.0,ETH-27MAR20-160-C,184.66,73.25,0.252,252.0,0.263,661.0,78.71,0.38299,-0.10961,0.32529,0.00378,0.72596
187.0,ETH-27DEC19,1573729144595,open,0.0,10059.0,0.001,0.013,0.003228,104.93,0.004,0.0,ETH-27DEC19-400-C,184.66,98.16,0.002,340.0,0.004,500.0,108.34,0.03936,-0.04816,0.00512,0.00091,0.02652
187.0,ETH-27DEC19,1573729144595,open,0.03,12108.0,0.013,0.054,0.031667,67.34,0.03,0.0,ETH-27DEC19-160-P,184.66,64.65,0.029,336.0,0.034,890.0,69.66,0.187,-0.14686,-0.05407,0.00676,-0.21447
187.0,ETH-27DEC19,1573729144595,open,0.0,1206.0,0.001,0.013,0.003951,96.07,0.008,0.0,ETH-27DEC19-360-C,184.66,92.08,0.003,350.0,0.005,501.0,99.84,0.0484,-0.05422,0.00661,0.00123,0.03403
8883.89,BTC-27MAR20,1573729144650,open,0.03,1522.2,0.012,0.062,0.03357893,79.24,0.035,0.0,BTC-27MAR20-16000-C,8603.66,77.82,0.0315,29.7,0.0365,31.9,81.17,13.19941,-3.90609,4.18572,6e-05,0.16204
8704.4,BTC-27DEC19,1573729144652,open,2.66,0.3,2.6045,2.751,2.67632542,104.73,1.875,0.0,BTC-27DEC19-32000-P,8603.66,0.0,0.0,0.0,0.0,0.0,0.0,0.03125,-0.03817,-37.587,0.0,-0.99972
9038.93,SYN.BTC-26JUN20,1573729144652,open,0.05,75.4,0.0215,0.09,0.05202598,83.75,0.0525,0.0,BTC-26JUN20-20000-C,8603.66,83.03,0.0505,0.5,0.0535,12.0,84.44,19.22738,-3.58051,7.66078,5e-05,0.18959
8883.89,BTC-27MAR20,1573729144667,open,1.7,0.0,1.652,1.785,1.71458093,91.79,None,0.0,BTC-27MAR20-24000-P,8603.66,0.0,0.0005,5.0,0.0,0.0,0.0,6.86656,-2.35399,-86.31759,3e-05,-0.93445
8704.4,BTC-27DEC19,1573729144682,open,0.02,334.0,0.0055,0.032,0.01653629,64.01,0.015,0.0,BTC-27DEC19-7000-P,8603.66,62.6,0.0155,27.0,0.017,16.0,64.63,6.47749,-4.83503,-1.54949,0.00011,-0.13501
8704.4,BTC-27DEC19,1573729144682,open,0.17,289.3,0.1395,0.192,0.16654031,62.12,0.18,0.0,BTC-27DEC19-7500-C,8603.66,59.52,0.164,0.1,0.169,11.0,64.59,8.60141,-6.23123,6.37331,0.00016,0.78986
8704.4,BTC-27DEC19,1573729144682,open,0.0,685.2,0.0005,0.0105,0.00024789,100.0,0.001,0.0,BTC-27DEC19-24000-C,8603.66,106.74,0.0005,40.5,0.0015,53.0,120.06,0.24433,-0.28493,0.0246,0.0,0.00265
8704.4,BTC-27DEC19,1573729144682,open,0.0,868.9,0.0005,0.0105,5.157e-05,100.0,0.0005,0.0,BTC-27DEC19-3000-P,8603.66,0.0,0.0,0.0,0.001,43.3,135.59,0.055,-0.06413,-0.00585,0.0,-0.00052
8704.4,BTC-27DEC19,1573729144690,open,0.71,0.0,0.703,0.7225,0.71279891,103.32,None,0.0,BTC-27DEC19-2500-C,8603.66,0.0,0.7045,1.0,0.721,1.0,222.2,0.01267,-0.01526,2.93549,0.0,0.99989
8883.89,BTC-27MAR20,1573729144711,open,0.11,330.8,0.0745,0.15,0.11231929,68.98,0.11,0.0,BTC-27MAR20-8000-P,8603.66,67.68,0.1095,8.0,0.115,2.1,70.21,19.31175,-4.97503,-14.17987,0.0001,-0.32285
8638.61,SYN.BTC-29NOV19,1573729144713,open,0.14,68.2,0.118,0.1625,0.13890777,60.88,0.153,0.0,BTC-29NOV19-7500-C,8603.66,0.0,0.119,6.0,0.1595,11.8,101.54,3.34012,-6.83483,2.63429,0.00018,0.88714
8638.61,SYN.BTC-29NOV19,1573729144713,open,0.0,657.9,0.0005,0.012,0.00239787,81.32,0.003,0.0,BTC-29NOV19-6500-P,8603.66,74.74,0.0015,52.0,0.003,52.4,84.95,1.34067,-3.66439,-0.1309,5e-05,-0.03478
9038.93,SYN.BTC-26JUN20,1573729144720,open,1.46,0.0,1.404,1.5535,1.47527787,84.42,None,0.0,BTC-26JUN20-22000-P,8603.66,0.0,0.11,1.0,0.0,0.0,0.0,16.97661,-3.18649,-129.15855,4e-05,-0.84402
8605.87,SYN.BTC-15NOV19,1573729144734,open,0.0,354.5,0.0005,0.0105,0.0008189,89.03,0.0015,0.0,BTC-15NOV19-8000-P,8603.66,81.19,0.0005,34.5,0.0015,2.1,101.36,0.3992,-7.04483,-0.00945,0.00025,-0.04495
8605.87,SYN.BTC-15NOV19,1573729144736,open,0.0,467.8,0.0005,0.0235,0.00602467,57.2,0.005,0.0,BTC-15NOV19-8500-P,8603.66,51.32,0.005,0.3,0.0065,21.7,59.89,1.5157,-43.34544,-0.06819,0.00149,-0.32425
8704.4,BTC-27DEC19,1573729144756,open,0.0,449.3,0.0005,0.0105,1.7e-07,100.0,0.0005,0.0,BTC-27DEC19-44000-C,8603.66,0.0,0.0,0.0,0.0005,15.0,159.06,0.00037,-0.00043,2e-05,0.0,0.0
8638.61,SYN.BTC-29NOV19,1573729144758,open,0.02,331.7,0.0045,0.037,0.01434,57.83,0.015,0.0,BTC-29NOV19-9500-C,8603.66,56.43,0.0135,10.1,0.0145,16.0,58.1,5.22902,-10.16441,0.74131,0.0003,0.2249
8638.61,SYN.BTC-29NOV19,1573729144836,open,0.03,374.7,0.021,0.069,0.03656368,55.26,0.036,0.0,BTC-29NOV19-8500-P,8603.66,53.28,0.035,1.2,0.0365,12.0,55.18,6.81856,-12.66423,-1.60896,0.00041,-0.42044
8883.89,BTC-27MAR20,1573729144938,open,0.08,1073.1,0.041,0.113,0.07622788,73.61,0.077,0.0,BTC-27MAR20-12000-C,8603.66,72.82,0.0745,7.0,0.0785,26.3,74.65,19.38428,-5.32929,8.13255,9e-05,0.32581
9038.93,SYN.BTC-26JUN20,1573729144940,open,0.03,4.3,0.008,0.0575,0.02764995,90.06,0.039,0.0,BTC-26JUN20-28000-C,8603.66,88.9,0.026,5.5,0.0295,1.0,91.32,13.0228,-2.60771,4.38406,3e-05,0.10637
8883.89,BTC-27MAR20,1573729144962,open,0.02,198.2,0.005,0.0295,0.01523863,73.52,0.015,0.0,BTC-27MAR20-5000-P,8603.66,71.88,0.014,0.1,0.0165,31.8,75.13,6.82701,-1.87452,-2.61658,3e-05,-0.06506
8704.4,BTC-27DEC19,1573729144982,open,0.0,255.7,0.0005,0.0105,0.0,100.0,0.001,0.0,BTC-27DEC19-1500-P,8603.66,0.0,0.0,0.0,0.0005,31.9,202.74,1e-05,-1e-05,0.0,0.0,0.0
8638.61,SYN.BTC-29NOV19,1573729144987,open,0.0,222.3,0.0005,0.0105,0.00071421,100.0,0.001,0.0,BTC-29NOV19-14000-C,8603.66,95.87,0.0005,24.5,0.0015,34.0,110.22,0.50479,-1.69676,0.03619,2e-05,0.01099
8704.4,BTC-27DEC19,1573729145024,open,0.6,4.3,0.5885,0.608,0.5981707,100.22,0.5625,0.0,BTC-27DEC19-3500-C,8603.66,0.0,0.59,1.0,0.6065,1.0,168.06,0.22064,-0.25786,4.08441,0.0,0.99763
8704.4,BTC-27DEC19,1573729145024,open,0.04,948.8,0.024,0.0705,0.04626372,61.37,0.043,0.0,BTC-27DEC19-8000-P,8603.66,60.74,0.0455,1.0,0.046,12.8,61.15,10.46964,-7.49312,-3.60494,0.00019,-0.3063
8704.4,BTC-27DEC19,1573729145045,open,4.03,0.0,3.956,4.158,4.05493235,125.11,3.46,0.0,BTC-27DEC19-44000-P,8603.66,0.0,0.001,1.0,0.0,0.0,0.0,0.02074,-0.03026,-51.68408,0.0,-0.99982
8704.4,BTC-27DEC19,1573729145045,open,1.74,0.0,1.7035,1.8145,1.7574361,98.56,None,0.0,BTC-27DEC19-24000-P,8603.66,0.0,0.0,0.0,0.0,0.0,0.0,0.21483,-0.24691,-28.17085,0.0,-0.9977
8883.89,BTC-27MAR20,1573729145052,open,1.04,0.0,0.996,1.1125,1.05138461,82.88,1.23,0.0,BTC-27MAR20-18000-P,8603.66,0.0,0.001,10.0,0.0,0.0,0.0,11.00699,-3.4073,-62.80644,5e-05,-0.87611
184.71,SYN.ETH-15NOV19,1573729145107,open,0.0,132.0,0.001,0.011,0.0,105.0,0.001,0.0,ETH-15NOV19-230-C,184.66,0.0,0.0,0.0,0.001,505.0,222.57,0.0,-2e-05,0.0,1e-05,1e-05
184.71,SYN.ETH-15NOV19,1573729145107,open,0.0,1004.0,0.001,0.012,0.00104,103.58,0.001,0.0,ETH-15NOV19-170-P,184.66,102.77,0.001,41.0,0.002,890.0,119.79,0.00909,-0.19205,-0.00022,0.01072,-0.04837
184.71,SYN.ETH-15NOV19,1573729145107,open,0.24,0.0,0.209,0.284,0.24521,104.47,None,0.0,ETH-15NOV19-230-P,184.66,0.0,0.0,0.0,0.251,1.0,312.21,0.0,-0.00022,-0.00552,0.0,-0.99999
184.71,SYN.ETH-15NOV19,1573729145107,open,0.13,3.0,0.107,0.159,0.133804,105.0,0.155,0.0,ETH-15NOV19-160-C,184.66,0.0,0.12,14.0,0.137,1.0,205.46,0.00068,-0.03576,0.00383,0.00079,0.99758
184.71,SYN.ETH-15NOV19,1573729145107,open,0.0,267.0,0.001,0.011,0.0,105.0,0.002,0.0,ETH-15NOV19-150-P,184.66,0.0,0.0,0.0,0.001,501.0,220.46,1e-05,-5e-05,0.0,1e-05,-2e-05
184.71,SYN.ETH-15NOV19,1573729145107,open,0.19,0.0,0.163,0.212,0.187907,105.16,None,0.0,ETH-15NOV19-150-C,184.66,0.0,0.0,0.0,0.19,1.0,251.84,1e-05,-0.00049,0.0036,1e-05,0.99998
184.71,SYN.ETH-15NOV19,1573729145107,open,0.0,900.0,0.001,0.011,0.0,105.0,0.001,0.0,ETH-15NOV19-140-P,184.66,0.0,0.0,0.0,0.001,501.0,281.92,0.0,0.0,0.0,0.0,0.0
184.71,SYN.ETH-15NOV19,1573729145107,open,0.0,847.0,0.001,0.011,5e-06,105.0,0.001,0.0,ETH-15NOV19-220-C,184.66,0.0,0.0,0.0,0.001,501.0,184.66,0.00012,-0.0009,0.0,0.00014,0.00037
184.71,SYN.ETH-15NOV19,1573729145107,open,0.03,780.0,0.003,0.057,0.029439,66.76,0.044,0.0,ETH-15NOV19-180-C,184.66,55.94,0.028,500.0,0.035,1.0,102.07,0.02608,-0.87067,0.00337,0.04774,0.78986
184.71,SYN.ETH-15NOV19,1573729145107,open,0.0,1497.0,0.001,0.021,0.003571,66.86,0.009,0.0,ETH-15NOV19-190-C,184.66,44.32,0.001,749.0,0.004,299.0,69.95,0.02523,-0.6596,0.00086,0.0461,0.19873
184.71,SYN.ETH-15NOV19,1573729145107,open,0.0,319.0,0.001,0.011,3.7e-05,105.0,0.001,0.0,ETH-15NOV19-160-P,184.66,0.0,0.0,0.0,0.001,600.0,161.2,0.00068,-0.00691,-1e-05,0.00079,-0.00242
184.71,SYN.ETH-15NOV19,1573729145107,open,0.0,204.0,0.001,0.023,0.003952,66.76,0.004,0.0,ETH-15NOV19-180-P,184.66,59.77,0.003,10.0,0.005,295.0,73.96,0.02608,-0.7299,-0.00095,0.04774,-0.21014
184.71,SYN.ETH-15NOV19,1573729145107,open,0.0,820.0,0.001,0.011,0.000111,104.99,0.001,0.0,ETH-15NOV19-210-C,184.66,0.0,0.0,0.0,0.001,551.0,143.45,0.00171,-0.02058,3e-05,0.00199,0.00676
184.71,SYN.ETH-15NOV19,1573729145107,open,0.0,363.0,0.001,0.011,0.000681,90.83,0.002,0.0,ETH-15NOV19-200-C,184.66,0.0,0.0,0.0,0.001,502.0,97.74,0.00759,-0.1258,0.00017,0.01021,0.03872
184.71,SYN.ETH-15NOV19,1573729145107,open,0.03,404.0,0.004,0.063,0.032223,66.86,0.033,0.0,ETH-15NOV19-190-P,184.66,0.0,0.028,75.0,0.038,1.0,103.84,0.02523,-0.84356,-0.00369,0.0461,-0.80127
184.71,SYN.ETH-15NOV19,1573729145107,open,0.19,0.0,0.157,0.228,0.191075,104.98,None,0.0,ETH-15NOV19-220-P,184.66,0.0,0.001,1.0,0.196,1.0,254.21,0.00012,-0.00638,-0.00528,0.00014,-0.99963
184.71,SYN.ETH-15NOV19,1573729145107,open,0.24,0.0,0.219,0.264,0.242046,117.99,None,0.0,ETH-15NOV19-140-C,184.66,0.0,0.0,0.0,0.244,1.0,315.65,0.0,-2e-05,0.00336,0.0,1.0
185.47,SYN.ETH-29NOV19,1573729145234,open,0.15,125.0,0.117,0.176,0.148038,71.59,0.141,0.0,ETH-29NOV19-160-C,184.66,48.73,0.14,345.0,0.168,16.0,109.21,0.08207,-0.1975,0.05405,0.00818,0.86311
185.09,SYN.ETH-22NOV19,1573729145249,open,0.0,86.0,0.001,0.011,0.001242,88.3,0.001,0.0,ETH-22NOV19-240-C,184.66,0.0,0.0,0.0,0.002,801.0,95.54,0.01658,-0.09297,0.001,0.00254,0.02631
185.09,SYN.ETH-22NOV19,1573729145249,open,0.0,51.0,0.001,0.011,0.001436,78.11,0.003,0.0,ETH-22NOV19-230-C,184.66,73.64,0.001,520.0,0.002,10.0,82.79,0.0201,-0.09968,0.00127,0.00348,0.03317
185.09,SYN.ETH-22NOV19,1573729145249,open,0.0,123.0,0.001,0.012,0.002695,66.4,0.003,0.0,ETH-22NOV19-160-P,184.66,62.2,0.002,500.0,0.005,851.0,77.39,0.03302,-0.1392,-0.00256,0.00673,-0.06151
185.09,SYN.ETH-22NOV19,1573729145249,open,0.19,0.0,0.165,0.216,0.191103,79.71,None,0.0,ETH-22NOV19-150-C,184.66,0.0,0.189,1.0,0.365,1.0,500.0,0.01945,-0.09843,0.03103,0.0033,0.96813
185.09,SYN.ETH-22NOV19,1573729145249,open,0.0,22.0,0.001,0.011,0.001676,66.75,0.003,0.0,ETH-22NOV19-220-C,184.66,60.98,0.001,501.0,0.003,1.0,74.98,0.025,-0.10594,0.00166,0.00507,0.04334
185.09,SYN.ETH-22NOV19,1573729145249,open,0.24,0.0,0.207,0.284,0.244076,78.11,None,0.0,ETH-22NOV19-230-P,184.66,0.0,0.001,5.0,0.398,1.0,401.09,0.0201,-0.09968,-0.04836,0.00348,-0.96683
185.09,SYN.ETH-22NOV19,1573729145249,open,0.01,567.0,0.001,0.026,0.008729,57.98,0.007,0.0,ETH-22NOV19-200-C,184.66,53.53,0.007,551.0,0.011,844.0,63.42,0.07448,-0.27413,0.00736,0.01738,0.19293
185.09,SYN.ETH-22NOV19,1573729145249,open,0.14,0.0,0.11,0.165,0.13825,66.4,None,0.0,ETH-22NOV19-160-C,184.66,0.0,0.135,31.0,0.34,1.0,500.0,0.03302,-0.1392,0.03196,0.00673,0.93849
185.09,SYN.ETH-22NOV19,1573729145249,open,0.02,168.0,0.005,0.046,0.020609,56.3,0.023,0.0,ETH-22NOV19-180-P,184.66,51.49,0.018,500.0,0.023,311.0,60.66,0.10097,-0.36087,-0.0149,0.02426,-0.35252
185.09,SYN.ETH-22NOV19,1573729145249,open,0.19,0.0,0.155,0.228,0.190288,66.75,None,0.0,ETH-22NOV19-220-P,184.66,0.0,0.001,5.0,0.329,1.0,351.0,0.025,-0.10594,-0.04581,0.00507,-0.95666
185.09,SYN.ETH-22NOV19,1573729145249,open,0.01,11.0,0.001,0.022,0.006275,56.37,0.007,0.0,ETH-22NOV19-170-P,184.66,55.53,0.006,550.0,0.007,5.0,58.52,0.06129,-0.21936,-0.00595,0.01471,-0.14267
185.09,SYN.ETH-22NOV19,1573729145249,open,0.02,177.0,0.005,0.047,0.021801,56.27,0.022,0.0,ETH-22NOV19-190-C,184.66,51.28,0.019,541.0,0.024,309.0,60.16,0.10443,-0.37307,0.01476,0.02511,0.39149
8638.61,SYN.BTC-29NOV19,1573729145330,open,0.02,738.8,0.0065,0.041,0.01617955,56.16,0.017,0.0,BTC-29NOV19-8000-P,8603.66,53.4,0.0145,20.2,0.017,16.0,57.49,5.31409,-10.03108,-0.87182,0.00031,-0.23145
185.09,SYN.ETH-22NOV19,1573729145422,open,0.09,131.0,0.059,0.117,0.087802,56.37,0.09,0.0,ETH-22NOV19-170-C,184.66,0.0,0.081,75.0,0.113,16.0,114.35,0.06129,-0.21936,0.03073,0.01471,0.85733
9038.93,SYN.BTC-26JUN20,1573729145718,open,0.1,165.6,0.0665,0.1425,0.10444611,72.26,0.101,0.0,BTC-26JUN20-7000-P,8603.66,69.98,0.099,7.0,0.1055,2.0,72.7,21.61578,-3.47308,-18.70209,6e-05,-0.23139
185.09,SYN.ETH-22NOV19,1573729146015,open,0.0,3.0,0.001,0.011,0.000505,85.64,0.001,0.0,ETH-22NOV19-140-P,184.66,0.0,0.0,0.0,0.001,1.0,94.61,0.00802,-0.04361,-0.00047,0.00127,-0.01124
185.09,SYN.ETH-22NOV19,1573729146015,open,0.24,0.0,0.221,0.267,0.244116,85.64,None,0.0,ETH-22NOV19-140-C,184.66,0.0,0.0,0.0,0.0,0.0,0.0,0.00802,-0.04361,0.02974,0.00127,0.98876
8605.72,SYN.BTC-15NOV19,1573729146020,open,0.3,0.0,0.282,0.3335,0.30724774,0.0,None,0.0,BTC-15NOV19-11250-P,8603.66,0.0,0.0,0.0,0.0,0.0,0.0,0.0,0.0,-0.26991,0.0,-1.0
8605.72,SYN.BTC-15NOV19,1573729146020,open,0.0,81.3,0.0005,0.0105,0.0,100.01,0.0005,0.0,BTC-15NOV19-11250-C,8603.66,0.0,0.0,0.0,0.001,15.0,262.8,0.0,0.0,0.0,0.0,0.0
8638.61,SYN.BTC-29NOV19,1573729146075,open,0.0,318.1,0.0005,0.014,0.0043829,65.08,0.0055,0.0,BTC-29NOV19-10500-C,8603.66,61.9,0.0035,48.0,0.005,20.0,67.11,2.54016,-5.5564,0.25872,0.00013,0.07787
8883.89,BTC-27MAR20,1573729146078,open,1.92,0.0,1.872,2.012,1.93777306,94.47,None,0.0,BTC-27MAR20-26000-P,8603.66,0.0,0.0,0.0,0.0,0.0,0.0,6.05515,-2.13638,-93.90735,2e-05,-0.94418
8704.4,BTC-27DEC19,1573729146091,open,0.01,576.0,0.0005,0.022,0.0100836,68.01,0.0085,0.0,BTC-27DEC19-6500-P,8603.66,67.86,0.01,0.1,0.0105,16.0,68.78,4.66051,-3.69637,-0.97677,8e-05,-0.08545
8638.61,SYN.BTC-29NOV19,1573729146091,open,0.31,22.5,0.2915,0.3225,0.30653739,88.04,0.2095,0.0,BTC-29NOV19-6000-C,8603.66,0.0,0.2955,7.0,0.32,7.0,151.88,0.70538,-2.0874,2.38445,3e-05,0.9838
8883.9,BTC-27MAR20,1573729146124,open,2.37,0.0,2.3125,2.467,2.38539303,99.3,None,0.0,BTC-27MAR20-30000-P,8603.66,0.0,0.0,0.0,0.0,0.0,0.0,4.8655,-1.80443,-108.92845,2e-05,-0.95755
8883.9,BTC-27MAR20,1573729146124,open,0.01,49.6,0.0005,0.0255,0.00943363,96.6,0.0095,0.0,BTC-27MAR20-28000-C,8603.66,94.09,0.008,41.0,0.0105,12.5,98.32,5.32583,-1.92153,1.24027,2e-05,0.0475
8704.4,BTC-27DEC19,1573729146125,open,0.39,73.0,0.3565,0.4275,0.39069281,70.49,0.3805,0.0,BTC-27DEC19-12000-P,8603.66,0.0,0.3605,4.0,0.422,4.0,105.72,5.73679,-4.71605,-13.05911,9e-05,-0.8865
9038.93,SYN.BTC-26JUN20,1573729146124,open,0.27,25.0,0.2255,0.3155,0.272656,72.27,0.2805,0.0,BTC-26JUN20-8000-C,8603.66,71.67,0.271,0.1,0.2775,2.0,74.02,24.99251,-4.01587,23.30064,7e-05,0.69107
8638.61,SYN.BTC-29NOV19,1573729146125,open,0.0,436.2,0.0005,0.0105,0.00015759,100.0,0.0005,0.0,BTC-29NOV19-5000-P,8603.66,0.0,0.0,0.0,0.001,33.0,124.58,0.13438,-0.45168,-0.00929,0.0,-0.00248
9038.93,SYN.BTC-26JUN20,1573729146125,open,0.23,46.5,0.175,0.27,0.22497622,72.27,0.237,0.0,BTC-26JUN20-9000-C,8603.66,71.28,0.222,25.3,0.2305,2.0,74.11,27.12907,-4.35915,21.69549,7e-05,0.61456
9038.93,SYN.BTC-26JUN20,1573729146127,open,2.33,0.0,2.262,2.4355,2.34360666,91.6,None,0.0,BTC-26JUN20-30000-P,8603.66,0.0,0.0,0.0,0.0,0.0,0.0,12.01408,-2.44676,-180.89707,3e-05,-0.90476
8638.61,SYN.BTC-29NOV19,1573729146127,open,0.05,806.9,0.0345,0.085,0.05262495,55.28,0.0525,0.0,BTC-29NOV19-8500-C,8603.66,54.49,0.052,2.0,0.0535,12.0,56.39,6.8186,-12.66891,1.85515,0.00041,0.57955
8883.9,BTC-27MAR20,1573729146130,open,0.28,10.5,0.2415,0.3095,0.27690715,68.98,0.281,0.0,BTC-27MAR20-7000-C,8603.66,51.03,0.2465,12.0,0.28,2.0,70.71,15.84223,-4.08136,16.46221,8e-05,0.78212
8704.4,BTC-27DEC19,1573729146134,open,4.49,0.0,4.4065,4.627,4.51446518,128.68,None,0.0,BTC-27DEC19-48000-P,8603.66,0.0,0.0005,1.0,0.0,0.0,0.0,0.01519,-0.0228,-56.38327,0.0,-0.99987
8704.4,BTC-27DEC19,1573729146134,open,0.22,64.6,0.1885,0.2355,0.21234581,64.01,0.255,0.0,BTC-27DEC19-7000-C,8603.66,0.0,0.1905,8.0,0.236,12.2,91.44,6.47756,-4.83514,6.67322,0.00011,0.86499
8638.61,SYN.BTC-29NOV19,1573729146134,open,0.27,13.1,0.249,0.3065,0.27656932,71.73,0.233,0.0,BTC-29NOV19-11000-P,8603.66,0.0,0.009,1.0,0.0,0.0,0.0,1.9455,-4.69043,-4.30008,9e-05,-0.9448
8638.61,SYN.BTC-29NOV19,1573729146134,open,0.42,3.2,0.4095,0.4335,0.42137023,100.59,0.439,0.0,BTC-29NOV19-5000-C,8603.66,0.0,0.412,8.0,0.431,8.0,189.15,0.14025,-0.47418,2.02802,0.0,0.9974
9038.93,SYN.BTC-26JUN20,1573729146142,open,1.25,0.0,1.194,1.341,1.26464434,83.74,None,0.0,BTC-26JUN20-20000-P,8603.66,0.0,0.1,1.0,1.8795,0.1,305.03,19.22264,-3.57897,-115.5612,5e-05,-0.81049
9038.93,SYN.BTC-26JUN20,1573729146142,open,0.84,0.5,0.7805,0.9185,0.84826587,79.29,0.825,0.0,BTC-26JUN20-16000-P,8603.66,52.14,0.79,2.0,0.8795,2.0,90.73,23.55035,-4.15169,-87.77355,6e-05,-0.72788
8704.4,BTC-27DEC19,1573729146145,open,0.0,964.5,0.0005,0.0105,2.355e-05,100.0,0.0005,0.0,BTC-27DEC19-30000-C,8603.66,0.0,0.0,0.0,0.0005,1.1,126.49,0.03218,-0.03753,0.00275,0.0,0.00029
8883.9,BTC-27MAR20,1573729146151,open,2.14,0.0,2.0925,2.239,2.16120965,96.61,None,0.0,BTC-27MAR20-28000-P,8603.66,0.0,0.0,0.0,0.0,0.0,0.0,5.32829,-1.92265,-101.45823,2e-05,-0.95248
8605.72,SYN.BTC-15NOV19,1573729146151,open,0.0,110.6,0.0005,0.0105,0.0,100.01,0.0005,0.0,BTC-15NOV19-11500-C,8603.66,0.0,0.0,0.0,0.0015,30.0,298.53,0.0,0.0,0.0,0.0,0.0
8605.72,SYN.BTC-15NOV19,1573729146151,open,0.33,0.0,0.3105,0.3635,0.33629769,0.0,None,0.0,BTC-15NOV19-11500-P,8603.66,0.0,0.0,0.0,0.0,0.0,0.0,0.0,0.0,-0.2759,0.0,-1.0
184.71,SYN.ETH-15NOV19,1573729146178,open,0.08,231.0,0.052,0.109,0.080667,103.58,0.099,0.0,ETH-15NOV19-170-C,184.66,0.0,0.063,14.0,0.087,1.0,175.84,0.00909,-0.47066,0.00386,0.01072,0.95163
8622.16,SYN.BTC-22NOV19,1573729146248,open,0.0,19.5,0.0005,0.0115,0.00177791,69.96,0.002,0.0,BTC-22NOV19-7250-P,8603.66,62.95,0.001,50.0,0.0025,37.4,75.02,1.11556,-4.95462,-0.07976,0.0001,-0.04109
8622.16,SYN.BTC-22NOV19,1573729146248,open,0.01,932.5,0.0025,0.0355,0.01240023,50.63,0.011,0.0,BTC-22NOV19-8250-P,8603.66,47.68,0.011,45.1,0.0135,21.0,52.9,4.14198,-13.31337,-0.51458,0.00051,-0.26419
8622.16,SYN.BTC-22NOV19,1573729146248,open,0.0,106.1,0.0005,0.015,0.00449318,59.64,0.004,0.0,BTC-22NOV19-7750-P,8603.66,59.66,0.0045,2.1,0.005,20.0,61.51,2.28113,-8.63675,-0.20115,0.00024,-0.10363
8622.16,SYN.BTC-22NOV19,1573729146248,open,0.08,21.4,0.058,0.1035,0.07926061,54.09,0.087,0.0,BTC-22NOV19-8000-C,8603.66,51.95,0.0785,3.5,0.0815,4.0,60.02,3.11888,-10.71079,1.40976,0.00036,0.83702
8622.16,SYN.BTC-22NOV19,1573729146248,open,0.01,207.1,0.0005,0.0265,0.00712531,50.66,0.007,0.0,BTC-22NOV19-9250-C,8603.66,50.33,0.007,14.0,0.0075,3.2,51.61,3.34769,-10.7664,0.32554,0.00041,0.18211
8622.16,SYN.BTC-22NOV19,1573729146248,open,0.02,79.7,0.009,0.0495,0.02269924,50.02,0.0205,0.0,BTC-22NOV19-8750-C,8603.66,47.94,0.0215,14.0,0.0235,28.8,51.4,4.98556,-15.83176,0.76712,0.00062,0.43503
8622.16,SYN.BTC-22NOV19,1573729146248,open,0.04,23.9,0.0195,0.065,0.03672863,50.02,0.0355,0.0,BTC-22NOV19-8500-C,8603.66,48.74,0.036,14.0,0.038,15.1,52.25,4.91973,-15.62267,1.03179,0.00061,0.59133
8622.16,SYN.BTC-22NOV19,1573729146248,open,0.16,0.0,0.1425,0.18,0.16092141,69.95,None,0.0,BTC-22NOV19-7250-C,8603.66,0.0,0.01,1.0,0.0,0.0,0.0,1.11544,-4.95389,1.4846,0.0001,0.95891
8622.16,SYN.BTC-22NOV19,1573729146248,open,0.1,0.8,0.0825,0.1345,0.10617852,53.68,0.0625,0.0,BTC-22NOV19-9500-P,8603.66,39.46,0.103,4.0,0.1075,4.0,58.01,2.48866,-8.48164,-1.84029,0.00029,-0.883
8622.16,SYN.BTC-22NOV19,1573729146248,open,0.05,123.3,0.036,0.088,0.05684248,50.07,0.048,0.0,BTC-22NOV19-9000-P,8603.66,47.38,0.0555,14.0,0.0575,2.0,51.37,4.35216,-13.83445,-1.42217,0.00054,-0.70759
8622.16,SYN.BTC-22NOV19,1573729146248,open,0.13,10.3,0.1095,0.1605,0.13394264,58.53,0.097,0.0,BTC-22NOV19-9750-P,8603.66,0.0,0.1115,4.0,0.1565,7.0,117.63,1.93142,-7.17688,-1.95568,0.00021,-0.91726
8622.16,SYN.BTC-22NOV19,1573729146248,open,0.14,0.0,0.113,0.1535,0.13316705,65.87,None,0.0,BTC-22NOV19-7500-C,8603.66,0.0,0.0155,0.1,0.0,0.0,0.0,1.66643,-6.96864,1.48583,0.00016,0.93182
8622.16,SYN.BTC-22NOV19,1573729146248,open,0.06,8.0,0.036,0.083,0.05556352,50.63,0.0655,0.0,BTC-22NOV19-8250-C,8603.66,49.45,0.055,2.0,0.058,4.0,55.62,4.14196,-13.31307,1.26555,0.00051,0.73581
8622.16,SYN.BTC-22NOV19,1573729146248,open,0.0,68.4,0.0005,0.013,0.0030186,65.87,0.003,0.0,BTC-22NOV19-7500-P,8603.66,63.06,0.0025,0.1,0.0035,37.7,68.27,1.66653,-6.96926,-0.13248,0.00016,-0.06819
8622.16,SYN.BTC-22NOV19,1573729146250,open,0.0,422.9,0.0005,0.012,0.0023019,62.99,0.0025,0.0,BTC-22NOV19-10000-C,8603.66,61.19,0.002,0.1,0.0025,26.0,64.1,1.50589,-6.022,0.10708,0.00015,0.05986
8622.16,SYN.BTC-22NOV19,1573729146250,open,0.08,56.5,0.0575,0.1105,0.07994222,50.66,0.072,0.0,BTC-22NOV19-9250-P,8603.66,42.41,0.077,7.9,0.0805,0.8,52.08,3.34775,-10.76686,-1.67034,0.00041,-0.81789
8622.16,SYN.BTC-22NOV19,1573729146250,open,0.19,0.0,0.166,0.217,0.19034136,65.8,None,0.0,BTC-22NOV19-10250-P,8603.66,0.0,0.011,1.0,0.0,0.0,0.0,1.11038,-4.63882,-2.13853,0.00011,-0.95914
8622.16,SYN.BTC-22NOV19,1573729146250,open,0.16,5.1,0.1375,0.1885,0.16210397,62.99,0.124,0.0,BTC-22NOV19-10000-P,8603.66,0.0,0.1405,4.0,0.1835,4.0,125.65,1.50607,-6.02295,-2.05063,0.00015,-0.94013
8622.16,SYN.BTC-22NOV19,1573729146250,open,0.3,0.0,0.2795,0.335,0.30573233,86.53,None,0.0,BTC-22NOV19-11250-P,8603.66,0.0,0.0,0.0,0.0,0.0,0.0,0.64427,-3.53907,-2.38978,5e-05,-0.9788
8622.16,SYN.BTC-22NOV19,1573729146250,open,0.0,26.0,0.0005,0.011,0.00113431,69.34,0.0015,0.0,BTC-22NOV19-10500-C,8603.66,67.94,0.001,34.0,0.0015,20.5,72.71,0.85727,-3.77386,0.05335,8e-05,0.02981
8622.16,SYN.BTC-22NOV19,1573729146250,open,0.0,20.5,0.0005,0.011,0.00102072,74.81,0.001,0.0,BTC-22NOV19-10750-C,8603.66,67.43,0.0005,30.5,0.0015,34.0,79.66,0.75149,-3.56913,0.04546,6e-05,0.02545
8622.16,SYN.BTC-22NOV19,1573729146250,open,0.01,342.8,0.0005,0.019,0.00436655,53.68,0.0045,0.0,BTC-22NOV19-9500-C,8603.66,52.39,0.004,14.2,0.0045,0.1,54.14,2.48855,-8.481,0.20954,0.00029,0.11699
8622.16,SYN.BTC-22NOV19,1573729146250,open,0.01,165.3,0.0035,0.0365,0.01302062,50.07,0.013,0.0,BTC-22NOV19-9000-C,8603.66,49.03,0.0125,14.0,0.013,1.1,50.03,4.35213,-13.83414,0.51978,0.00054,0.29241
8622.16,SYN.BTC-22NOV19,1573729146250,open,0.0,325.7,0.0005,0.0115,0.00154424,65.8,0.0035,0.0,BTC-22NOV19-10250-C,8603.66,61.02,0.001,52.0,0.002,26.0,69.08,1.11017,-4.63768,0.07312,0.00011,0.04085
8622.16,SYN.BTC-22NOV19,1573729146252,open,0.0,121.4,0.0005,0.0105,0.00096456,80.51,0.001,0.0,BTC-22NOV19-11000-C,8603.66,73.36,0.0005,31.5,0.0015,34.0,86.35,0.68343,-3.49335,0.0405,5e-05,0.02274
8622.16,SYN.BTC-22NOV19,1573729146252,open,0.0,572.4,0.0005,0.013,0.00313562,58.53,0.003,0.0,BTC-22NOV19-9750-C,8603.66,57.92,0.003,0.1,0.0035,27.6,60.11,1.93127,-7.17608,0.14809,0.00021,0.08274
8622.16,SYN.BTC-22NOV19,1573729146252,open,0.24,0.0,0.2225,0.2755,0.24780795,74.82,None,0.0,BTC-22NOV19-10750-P,8603.66,0.0,0.013,1.0,0.0,0.0,0.0,0.75173,-3.57056,-2.27408,6e-05,-0.97454
8622.16,SYN.BTC-22NOV19,1573729146252,open,0.27,0.0,0.251,0.305,0.27674684,80.52,None,0.0,BTC-22NOV19-11000-P,8603.66,0.0,0.0,0.0,0.0,0.0,0.0,0.68367,-3.49487,-2.33298,5e-05,-0.97726
8622.16,SYN.BTC-22NOV19,1573729146252,open,0.0,42.3,0.0005,0.0105,0.000955,86.52,0.0005,0.0,BTC-22NOV19-11250-C,8603.66,79.09,0.0005,52.4,0.001,20.0,87.11,0.64403,-3.53748,0.03765,5e-05,0.02119
8622.16,SYN.BTC-22NOV19,1573729146252,open,0.21,0.0,0.194,0.246,0.21892648,69.35,None,0.0,BTC-22NOV19-10500-P,8603.66,0.0,0.012,1.0,0.0,0.0,0.0,0.85751,-3.77519,-2.21224,8e-05,-0.97018
8883.9,BTC-27MAR20,1573729146269,open,0.62,59.0,0.571,0.6805,0.62468088,76.21,0.615,0.0,BTC-27MAR20-14000-P,8603.66,41.06,0.58,4.5,0.6685,4.0,98.0,16.14511,-4.59521,-45.60095,7e-05,-0.77478
8638.61,SYN.BTC-29NOV19,1573729146291,open,0.61,0.0,0.589,0.6565,0.62134613,100.02,None,0.0,BTC-29NOV19-14000-P,8603.66,0.0,0.014,1.0,0.0,0.0,0.0,0.50534,-1.69893,-5.66951,2e-05,-0.98899
8638.61,SYN.BTC-29NOV19,1573729146291,open,0.09,374.7,0.0695,0.12,0.09010815,56.17,0.0855,0.0,BTC-29NOV19-8000-C,8603.66,51.84,0.0875,4.0,0.092,4.0,59.2,5.31433,-10.03249,2.38853,0.00031,0.76853
8605.72,SYN.BTC-15NOV19,1573729146357,open,0.0,60.1,0.0005,0.0105,1.2e-07,100.0,0.001,0.0,BTC-15NOV19-7000-P,8603.66,0.0,0.0,0.0,0.0005,15.0,196.84,0.00021,-0.00102,0.0,0.0,-1e-05
8605.72,SYN.BTC-15NOV19,1573729146357,open,0.33,0.0,0.3185,0.3445,0.33183952,0.0,None,0.0,BTC-15NOV19-5750-C,8603.66,0.0,0.322,5.0,0.342,5.0,500.0,0.0,0.0,0.13795,0.0,1.0
8605.72,SYN.BTC-15NOV19,1573729146357,open,0.0,22.1,0.0005,0.0105,0.0,100.0,0.0005,0.0,BTC-15NOV19-6750-P,8603.66,0.0,0.0,0.0,0.0005,0.4,226.85,1e-05,-2e-05,0.0,0.0,0.0
8605.72,SYN.BTC-15NOV19,1573729146357,open,0.0,4.8,0.0005,0.0105,0.0,100.0,0.001,0.0,BTC-15NOV19-6500-P,8603.66,0.0,0.0,0.0,0.0005,15.0,257.64,0.0,0.0,0.0,0.0,0.0
8605.72,SYN.BTC-15NOV19,1573729146357,open,0.25,0.0,0.2295,0.2595,0.24468816,0.0,None,0.0,BTC-15NOV19-6500-C,8603.66,0.0,0.233,5.0,0.2565,5.0,483.02,0.0,0.0,0.15595,0.0,1.0
8605.72,SYN.BTC-15NOV19,1573729146357,open,0.31,0.0,0.289,0.316,0.30278907,0.0,None,0.0,BTC-15NOV19-6000-C,8603.66,0.0,0.293,5.0,0.3135,5.0,500.0,0.0,0.0,0.14395,0.0,1.0
8605.72,SYN.BTC-15NOV19,1573729146357,open,0.19,0.0,0.17,0.203,0.18658736,98.55,None,0.0,BTC-15NOV19-7000-C,8603.66,0.0,0.174,4.0,0.1995,4.0,396.86,0.00016,-0.00792,0.16794,0.0,0.99999
8605.72,SYN.BTC-15NOV19,1573729146357,open,0.0,0.2,0.0005,0.0105,0.0,100.0,0.0005,0.0,BTC-15NOV19-5750-P,8603.66,0.0,0.0,0.0,0.0015,30.0,416.44,0.0,0.0,0.0,0.0,0.0
8605.72,SYN.BTC-15NOV19,1573729146357,open,0.0,0.1,0.0005,0.0105,0.0,100.0,0.0015,0.0,BTC-15NOV19-6000-P,8603.66,0.0,0.0,0.0,0.0015,30.0,377.91,0.0,0.0,0.0,0.0,0.0
8605.72,SYN.BTC-15NOV19,1573729146357,open,0.22,0.0,0.2,0.231,0.2156377,0.0,None,0.0,BTC-15NOV19-6750-C,8603.66,0.0,0.2035,5.0,0.228,5.0,439.96,0.0,0.0,0.16194,0.0,1.0
8605.72,SYN.BTC-15NOV19,1573729146357,open,0.0,0.1,0.0005,0.0105,0.0,100.0,0.002,0.0,BTC-15NOV19-6250-P,8603.66,0.0,0.0,0.0,0.0015,30.0,340.65,0.0,0.0,0.0,0.0,0.0
8605.72,SYN.BTC-15NOV19,1573729146357,open,0.28,0.0,0.259,0.288,0.27373861,0.0,None,0.0,BTC-15NOV19-6250-C,8603.66,0.0,0.2625,5.0,0.285,5.0,500.0,0.0,0.0,0.14995,0.0,1.0
8622.16,SYN.BTC-22NOV19,1573729146373,open,0.0,28.1,0.0005,0.011,0.00125358,76.47,0.001,0.0,BTC-22NOV19-7000-P,8603.66,66.16,0.0005,51.0,0.002,37.5,83.32,0.81284,-3.94627,-0.05435,7e-05,-0.02796
8622.16,SYN.BTC-22NOV19,1573729146373,open,0.19,0.0,0.172,0.2075,0.18939213,76.47,None,0.0,BTC-22NOV19-7000-C,8603.66,0.0,0.0185,0.1,0.0,0.0,0.0,0.81271,-3.94545,1.45606,7e-05,0.97204
8704.4,BTC-27DEC19,1573729146448,open,2.43,0.2,2.379,2.517,2.44656426,101.89,2.03,0.0,BTC-27DEC19-30000-P,8603.66,0.0,0.0,0.0,0.0,0.0,0.0,0.04089,-0.04858,-35.23676,0.0,-0.99962
8883.9,BTC-27MAR20,1573729146482,open,0.36,19.3,0.3295,0.384,0.35710751,69.67,0.406,0.0,BTC-27MAR20-6000-C,8603.66,46.94,0.3335,7.0,0.3825,7.0,88.17,11.19259,-2.91226,16.81347,6e-05,0.8731
8883.9,BTC-27MAR20,1573729146484,open,0.01,92.5,0.0015,0.0285,0.01112055,94.46,0.0125,0.0,BTC-27MAR20-26000-C,8603.66,91.97,0.0095,38.0,0.012,10.5,95.72,6.053,-2.1354,1.45556,2e-05,0.05579
9038.94,SYN.BTC-26JUN20,1573729146484,open,0.03,40.2,0.0105,0.064,0.03212918,88.9,0.0375,0.0,BTC-26JUN20-26000-C,8603.66,88.18,0.031,0.5,0.0335,14.0,89.75,14.35447,-2.8373,5.00203,3e-05,0.12195
8883.9,BTC-27MAR20,1573729146487,open,1.48,6.0,1.4325,1.5595,1.492232,89.09,1.5845,0.0,BTC-27MAR20-22000-P,8603.66,0.0,0.0,0.0,0.0,0.0,0.0,7.93477,-2.64032,-78.62915,3e-05,-0.92084
8704.4,BTC-27DEC19,1573729146516,open,1.97,0.0,1.9285,2.0485,1.98711322,100.47,None,0.0,BTC-27DEC19-26000-P,8603.66,0.0,0.0,0.0,0.0,0.0,0.0,0.13,-0.15231,-30.52925,0.0,-0.99867
8704.4,BTC-27DEC19,1573729146516,open,3.12,1.3,3.055,3.22,3.13585144,108.68,2.2,0.0,BTC-27DEC19-36000-P,8603.66,0.0,0.0,0.0,0.0,0.0,0.0,0.01667,-0.02113,-42.287,0.0,-0.99986
8638.61,SYN.BTC-29NOV19,1573729146519,open,0.33,0.0,0.3055,0.364,0.33338496,76.09,None,0.0,BTC-29NOV19-11500-P,8603.66,0.0,0.01,1.0,0.0,0.0,0.0,1.41221,-3.61154,-4.56396,6e-05,-0.96294
9038.94,SYN.BTC-26JUN20,1573729146522,open,0.64,9.5,0.5855,0.7195,0.65243448,78.06,0.6225,0.0,BTC-26JUN20-14000-P,8603.66,56.16,0.5945,2.0,0.6585,5.0,80.15,26.04675,-4.52068,-72.99107,7e-05,-0.65826
8704.4,BTC-27DEC19,1573729146534,open,0.0,461.3,0.0005,0.013,0.00348323,88.85,0.003,0.0,BTC-27DEC19-16000-C,8603.66,84.48,0.0025,72.1,0.004,30.0,90.84,2.16296,-2.24121,0.2956,3e-05,0.03239
