underlying_price,underlying_index,timestamp,state,settlement_price,open_interest,min_price,max_price,mark_price,mark_iv,last_price,interest_rate,instrument_name,index_price,bid_iv,best_bid_price,best_bid_amount,best_ask_price,best_ask_amount,ask_iv,vega,theta,rho,gamma,delta
8099.7,SYN.BTC-29NOV19,1569581940014,open,0.1,0.0995,0.1855,0.14314561,91.22,0.15,0.0,BTC-29NOV19-8000-P,8059.38,88.66,0.139,32.6,0.149,13.4,94.85,13.0849,-9.4919,-7.74788,0.00013,-0.41215
165.94,SYN.ETH-11OCT19,1569581940016,open,0.0,0.001,0.018,0.006315,115.11,None,0.0,ETH-11OCT19-120-P,165.84,113.73,0.006,500.0,0.014,500.0,142.21,0.03844,-0.15945,-0.00417,0.00319,-0.0598
165.89,SYN.ETH-4OCT19,1569581940029,open,0.01,670.0,0.001,0.025,0.008211,108.69,0.005,0.0,ETH-4OCT19-200-C,165.84,90.8,0.004,501.0,0.01,500.0,114.96,0.04534,-0.35837,0.00347,0.00805,0.11923
168.1,ETH-27MAR20,1569581940048,open,0.07,496.0,0.03,0.109,0.068019,98.62,0.065,0.0,ETH-27MAR20-360-C,165.84,97.2,0.065,300.0,0.074,10.0,101.39,0.35846,-0.09719,0.13392,0.00258,0.2279
166.04,SYN.ETH-25OCT19,1569581940058,open,0.02,3359.0,0.006,0.038,0.019506,111.47,0.022,0.0,ETH-25OCT19-120-P,165.84,108.59,0.018,500.0,0.025,500.0,121.36,0.08822,-0.17639,-0.01686,0.00376,-0.11347
166.05,SYN.ETH-25OCT19,1569581940074,open,0.35,483.0,0.301,0.405,0.352774,103.15,0.337,0.0,ETH-25OCT19-220-P,165.84,0.0,0.322,16.0,0.395,16.0,150.25,0.12815,-0.23709,-0.14629,0.0059,-0.80082
8206.13,BTC-27MAR20,1569581940080,open,0.11,225.0,0.068,0.1635,0.11575919,86.01,0.115,0.0,BTC-27MAR20-12000-C,8059.38,84.98,0.113,13.0,0.12,6.4,87.59,21.93935,-5.18757,10.54273,8e-05,0.37359
8063.79,SYN.BTC-4OCT19,1569581940090,open,0.01,33.5,0.0005,0.018,0.0051423,97.39,0.006,0.0,BTC-4OCT19-9750-C,8059.38,91.85,0.004,0.1,0.0055,40.1,99.0,1.7662,-12.50882,0.12574,0.00015,0.08792
8063.79,SYN.BTC-4OCT19,1569581940111,open,0.01,244.4,0.001,0.029,0.01074886,120.08,0.013,0.0,BTC-4OCT19-6750-P,8059.38,122.71,0.0115,40.0,0.014,69.0,131.14,2.2492,-19.64068,-0.20277,0.00015,-0.12273
166.5,ETH-27DEC19,1569581940121,open,0.43,0.0,0.401,0.464,0.434261,105.02,None,0.0,ETH-27DEC19-100-C,165.84,0.0,0.0,0.0,0.0,0.0,0.0,0.15462,-0.08935,0.18957,0.00213,0.89156
168.1,ETH-27MAR20,1569581940125,open,1.2,6.0,1.116,1.305,1.209474,98.56,1.165,0.0,ETH-27MAR20-360-P,165.84,80.28,1.175,6.0,1.257,6.0,118.94,0.35823,-0.09707,-1.66004,0.00258,-0.77237
166.04,SYN.ETH-25OCT19,1569581940125,open,0.21,12.0,0.164,0.237,0.202988,105.68,0.192,0.0,ETH-25OCT19-140-C,165.84,0.0,0.0,0.0,0.0,0.0,0.0,0.14022,-0.2658,0.07157,0.0063,0.76736
8068.3,SYN.BTC-11OCT19,1569581940122,open,10.1,0.0185,0.073,0.04437618,99.31,0.0425,0.0,BTC-11OCT19-7500-P,8059.38,95.84,0.042,37.0,0.0475,32.0,103.75,5.60891,-20.07136,-1.11077,0.00023,-0.31774
8068.3,SYN.BTC-11OCT19,1569581940130,open,10.1,0.0185,0.073,0.04437618,99.31,0.0425,0.0,BTC-11OCT19-7500-P,8059.38,95.84,0.042,37.0,0.0475,42.0,103.75,5.60891,-20.07136,-1.11077,0.00023,-0.31774
165.89,SYN.ETH-4OCT19,1569581940137,open,0.12,0.0,0.08,0.149,0.11691,108.73,0.113,0.0,ETH-4OCT19-150-C,165.84,0.0,0.0,0.0,0.0,0.0,0.0,0.0686,-0.54238,0.02051,0.01217,0.77318
165.89,SYN.ETH-4OCT19,1569581940141,open,0.21,187.0,0.173,0.257,0.213824,108.67,0.164,0.0,ETH-4OCT19-200-P,165.84,0.0,0.0,0.0,0.0,0.0,0.0,0.04533,-0.3582,-0.03421,0.00805,-0.88082
166.3,SYN.ETH-29NOV19,1569581940152,open,1.0,0.01,0.057,0.0307,104.21,0.034,0.0,ETH-29NOV19-280-C,165.84,100.47,0.027,690.0,0.035,490.0,108.33,0.16895,-0.14,0.03746,0.0034,0.16148
8099.7,SYN.BTC-29NOV19,1569581940170,open,0.1,0.013,0.0635,0.03527913,91.23,0.037,0.0,BTC-29NOV19-12000-C,8059.38,88.34,0.032,10.0,0.0365,25.6,92.28,9.35435,-6.78615,2.2702,9e-05,0.19799
165.94,SYN.ETH-11OCT19,1569581940183,open,0.0,0.198,0.258,0.228921,110.85,None,0.0,ETH-11OCT19-130-C,165.84,0.0,0.0,0.0,0.0,0.0,0.0,0.06002,-0.23975,0.04183,0.00517,0.89205
166.5,ETH-27DEC19,1569581940193,open,0.03,3256.0,0.015,0.058,0.034826,104.99,0.035,0.0,ETH-27DEC19-100-P,165.84,101.9,0.032,660.0,0.04,300.0,110.44,0.15457,-0.08928,-0.05937,0.00213,-0.10839
166.04,SYN.ETH-25OCT19,1569581940193,open,0.05,2490.0,0.02,0.075,0.046131,105.66,0.046,0.0,ETH-25OCT19-140-P,165.84,100.73,0.042,768.0,0.05,628.0,110.21,0.14022,-0.26574,-0.03535,0.0063,-0.23262
168.1,ETH-27MAR20,1569581940208,open,0.06,931.0,0.022,0.094,0.055727,100.24,0.061,0.0,ETH-27MAR20-400-C,165.84,98.81,0.053,300.0,0.061,9.0,102.93,0.32384,-0.08924,0.11395,0.00229,0.19177
166.5,ETH-27DEC19,1569581940212,open,0.0,4110.0,0.001,0.012,0.002516,121.79,0.002,0.0,ETH-27DEC19-760-C,165.84,0.0,0.0,0.0,0.003,1187.0,124.33,0.02982,-0.01998,0.0048,0.00035,0.01409
8063.8,SYN.BTC-4OCT19,1569581940208,open,0.07,53.9,0.0335,0.0955,0.06448497,94.27,0.069,0.0,BTC-4OCT19-8250-P,8059.38,90.54,0.0625,24.0,0.065,0.2,95.13,4.38784,-30.08122,-0.92511,0.00038,-0.54448
166.5,ETH-27DEC19,1569581940214,open,0.08,5068.0,0.043,0.124,0.083558,102.27,0.066,0.0,ETH-27DEC19-240-C,165.84,98.01,0.076,365.0,0.087,300.0,104.19,0.29798,-0.16767,0.09896,0.00422,0.32227
166.5,ETH-27DEC19,1569581940223,open,0.0,14484.0,0.001,0.013,0.003106,113.41,0.003,0.0,ETH-27DEC19-640-C,165.84,107.61,0.002,300.0,0.004,4150.0,117.1,0.03681,-0.02297,0.00618,0.00047,0.01802
166.5,ETH-27DEC19,1569581940223,open,0.94,101.0,0.882,1.035,0.956595,103.81,0.513,0.0,ETH-27DEC19-320-P,165.84,0.0,0.006,5.0,0.0,0.0,0.0,0.20056,-0.11455,-0.74555,0.0028,-0.8419
166.5,ETH-27DEC19,1569581940228,open,3.3,0.0,3.199,3.466,3.327137,119.84,None,0.0,ETH-27DEC19-720-P,165.84,0.0,0.003,5.0,0.0,0.0,0.0,0.03288,-0.02168,-1.78724,0.0004,-0.98421
165.89,SYN.ETH-4OCT19,1569581940237,open,0.17,40.0,0.134,0.197,0.16685,116.25,0.136,0.0,ETH-4OCT19-140-C,165.84,0.0,0.0,0.0,0.0,0.0,0.0,0.04725,-0.39946,0.02208,0.00784,0.87353
166.5,ETH-27DEC19,1569581940246,open,0.01,5616.0,0.001,0.026,0.010174,111.73,0.009,0.0,ETH-27DEC19-480-C,165.84,105.12,0.007,300.0,0.015,300.0,119.72,0.08916,-0.05481,0.01757,0.00116,0.05257
165.89,SYN.ETH-4OCT19,1569581940249,open,0.02,184.0,0.004,0.046,0.02112,108.72,0.023,0.0,ETH-4OCT19-150-P,165.84,98.52,0.017,446.0,0.023,1.0,113.22,0.06859,-0.54231,-0.00775,0.01217,-0.22681
166.5,ETH-27DEC19,1569581940257,open,2.59,0.0,2.5,2.725,2.607585,112.57,0.953,0.0,ETH-27DEC19-600-P,165.84,0.0,0.0,0.0,0.0,0.0,0.0,0.04473,-0.0277,-1.4861,0.00058,-0.97733
166.5,ETH-27DEC19,1569581940257,open,0.02,953.0,0.007,0.049,0.024425,105.97,0.017,0.0,ETH-27DEC19-360-C,165.84,102.33,0.021,300.0,0.029,300.0,110.47,0.16251,-0.09476,0.03807,0.00222,0.11626
165.89,SYN.ETH-4OCT19,1569581940257,open,0.0,368.0,0.001,0.016,0.004138,109.05,0.005,0.0,ETH-4OCT19-210-C,165.84,84.34,0.001,285.0,0.006,500.0,118.53,0.02946,-0.23364,0.00196,0.00521,0.06673
166.5,ETH-27DEC19,1569581940259,open,1.88,21.0,1.802,1.993,1.892884,111.4,0.629,0.0,ETH-27DEC19-480-P,165.84,0.0,0.001,7.0,0.0,0.0,0.0,0.08825,-0.05409,-1.17771,0.00115,-0.94811
166.5,ETH-27DEC19,1569581940259,open,1.41,16.0,1.338,1.507,1.418803,106.26,1.195,0.0,ETH-27DEC19-400-P,165.84,0.0,0.001,8.0,0.0,0.0,0.0,0.1265,-0.07395,-0.96847,0.00172,-0.91743
166.5,ETH-27DEC19,1569581940261,open,1.64,0.0,1.569,1.749,1.655229,108.84,None,0.0,ETH-27DEC19-440-P,165.84,0.0,0.001,8.0,0.0,0.0,0.0,0.10475,-0.06273,-1.07396,0.00139,-0.93547
166.04,SYN.ETH-25OCT19,1569581940261,open,0.13,461.0,0.087,0.162,0.127177,100.11,0.123,0.0,ETH-25OCT19-160-C,165.84,81.11,0.107,34.0,0.142,34.0,114.07,0.1764,-0.31675,0.06089,0.00837,0.60731
166.5,ETH-27DEC19,1569581940264,open,2.11,37.0,2.034,2.236,2.130163,111.28,0.707,0.0,ETH-27DEC19-520-P,165.84,0.0,0.002,25.0,0.0,0.0,0.0,0.06878,-0.04211,-1.2818,0.0009,-0.96192
166.5,ETH-27DEC19,1569581940264,open,0.27,10.0,0.226,0.317,0.275297,102.28,0.26,0.0,ETH-27DEC19-140-C,165.84,74.76,0.23,5.0,0.314,4.0,125.42,0.27769,-0.15627,0.18602,0.00393,0.72403
166.5,ETH-27DEC19,1569581940266,open,0.34,2.0,0.304,0.383,0.346325,102.29,0.346,0.0,ETH-27DEC19-120-C,165.84,0.0,0.101,1.0,0.0,0.0,0.0,0.22168,-0.12476,0.19433,0.00314,0.81511
166.3,SYN.ETH-29NOV19,1569581940266,open,0.0,0.649,0.782,0.714368,104.14,None,0.0,ETH-29NOV19-280-P,165.84,0.0,0.0,0.0,0.0,0.0,0.0,0.16879,-0.13978,-0.44492,0.0034,-0.83875
166.5,ETH-27DEC19,1569581940279,open,0.06,9564.0,0.035,0.1,0.067002,102.25,0.064,0.0,ETH-27DEC19-120-P,165.84,99.23,0.063,859.0,0.071,300.0,105.24,0.22166,-0.1247,-0.10441,0.00314,-0.18486
166.5,ETH-27DEC19,1569581940283,open,0.16,4599.0,0.124,0.229,0.178487,102.25,0.174,0.0,ETH-27DEC19-160-P,165.84,98.81,0.172,266.0,0.178,290.0,101.99,0.31355,-0.17639,-0.22717,0.00444,-0.36951
166.5,ETH-27DEC19,1569581940283,open,2.83,0.0,2.733,2.971,2.846719,112.33,None,0.0,ETH-27DEC19-640-P,165.84,0.0,0.0,0.0,0.0,0.0,0.0,0.03489,-0.02156,-1.58761,0.00045,-0.98308
166.5,ETH-27DEC19,1569581940285,open,0.01,7937.0,0.003,0.03,0.012745,109.09,0.013,0.0,ETH-27DEC19-440-C,165.84,104.45,0.01,300.0,0.017,300.0,115.26,0.1055,-0.06333,0.02172,0.0014,0.06513
166.5,ETH-27DEC19,1569581940285,open,0.03,1288.0,0.012,0.064,0.034788,103.9,0.032,0.0,ETH-27DEC19-320-C,165.84,100.69,0.031,378.0,0.041,300.0,108.88,0.20084,-0.11482,0.05126,0.0028,0.15844
166.5,ETH-27DEC19,1569581940287,open,0.32,3977.0,0.269,0.398,0.335988,102.24,0.325,0.0,ETH-27DEC19-200-P,165.84,94.14,0.32,340.0,0.355,28.0,111.82,0.32964,-0.18543,-0.36377,0.00467,-0.54153
166.5,ETH-27DEC19,1569581940289,open,2.35,0.0,2.267,2.481,2.368905,112.78,0.845,0.0,ETH-27DEC19-560-P,165.84,0.0,0.0,0.0,0.0,0.0,0.0,0.05725,-0.03552,-1.38393,0.00074,-0.96954
166.5,ETH-27DEC19,1569581940289,open,0.0,15281.0,0.001,0.014,0.004198,113.36,0.005,0.0,ETH-27DEC19-600-C,165.84,108.56,0.003,300.0,0.005,5505.0,116.07,0.04635,-0.02891,0.00807,0.00059,0.02365
166.5,ETH-27DEC19,1569581940289,open,3.06,0.0,2.966,3.218,3.086811,115.64,None,0.0,ETH-27DEC19-680-P,165.84,0.0,0.002,10.0,0.0,0.0,0.0,0.03285,-0.0209,-1.68762,0.00041,-0.98423
166.5,ETH-27DEC19,1569581940291,open,0.02,5156.0,0.004,0.036,0.016545,106.45,0.02,0.0,ETH-27DEC19-400-C,165.84,102.96,0.014,300.0,0.02,329.0,110.75,0.1271,-0.07444,0.02759,0.00173,0.08309
166.5,ETH-27DEC19,1569581940298,open,0.0,12452.0,0.001,0.012,0.002972,116.84,0.002,0.0,ETH-27DEC19-680-C,165.84,111.55,0.002,10.0,0.004,2400.0,121.26,0.03489,-0.02243,0.00578,0.00043,0.01692
166.5,ETH-27DEC19,1569581940298,open,1.17,257.0,1.109,1.27,1.186457,105.84,0.7,0.0,ETH-27DEC19-360-P,165.84,0.0,0.009,4.0,0.0,0.0,0.0,0.16209,-0.09439,-0.85836,0.00222,-0.88416
166.5,ETH-27DEC19,1569581940315,open,0.12,3185.0,0.085,0.179,0.134859,102.27,0.126,0.0,ETH-27DEC19-200-C,165.84,96.27,0.123,640.0,0.135,300.0,102.35,0.32965,-0.1855,0.13419,0.00467,0.45856
166.5,ETH-27DEC19,1569581940315,open,0.72,311.0,0.661,0.808,0.734134,102.5,0.71,0.0,ETH-27DEC19-280-P,165.84,84.57,0.71,15.0,0.778,15.0,129.16,0.24818,-0.13996,-0.62625,0.00351,-0.77656
165.94,SYN.ETH-11OCT19,1569581940315,open,1.0,0.002,0.029,0.012326,110.83,0.011,0.0,ETH-11OCT19-130-P,165.84,107.08,0.011,499.0,0.014,1.0,115.34,0.06001,-0.23965,-0.00759,0.00517,-0.10792
166.5,ETH-27DEC19,1569581940317,open,0.01,6838.0,0.001,0.017,0.005744,113.36,0.006,0.0,ETH-27DEC19-560-C,165.84,111.15,0.005,5.0,0.006,1503.0,114.08,0.0586,-0.03655,0.01061,0.00075,0.03133
166.5,ETH-27DEC19,1569581940317,open,0.01,10816.0,0.001,0.02,0.007228,111.73,0.006,0.0,ETH-27DEC19-520-C,165.84,105.79,0.005,300.0,0.008,70.0,113.51,0.06993,-0.04299,0.01311,0.00091,0.03886
166.5,ETH-27DEC19,1569581940323,open,0.05,1719.0,0.022,0.087,0.052554,102.56,0.05,0.0,ETH-27DEC19-280-C,165.84,99.46,0.048,300.0,0.058,300.0,106.16,0.24834,-0.14014,0.07094,0.00351,0.22369
166.5,ETH-27DEC19,1569581940325,open,3.54,0.0,3.432,3.713,3.566806,120.19,None,0.0,ETH-27DEC19-760-P,165.84,0.0,0.0,0.0,0.0,0.0,0.0,0.02747,-0.01816,-1.88782,0.00033,-0.98719
166.5,ETH-27DEC19,1569581940325,open,0.0,4480.0,0.001,0.013,0.003072,121.12,0.001,0.0,ETH-27DEC19-720-C,165.84,115.22,0.002,10.0,0.004,300.0,125.14,0.03498,-0.02331,0.00576,0.00042,0.01697
168.1,ETH-27MAR20,1569581940329,open,1.43,3.0,1.338,1.537,1.435121,100.16,1.39,0.0,ETH-27MAR20-400-P,165.84,0.0,1.376,5.0,1.484,5.0,122.59,0.32351,-0.08908,-1.87935,0.00229,-0.80855
166.5,ETH-27DEC19,1569581940331,open,0.1,2999.0,0.072,0.159,0.116087,102.25,0.115,0.0,ETH-27DEC19-140-P,165.84,95.59,0.105,300.0,0.117,300.0,102.8,0.27769,-0.15622,-0.16252,0.00393,-0.27596
166.04,SYN.ETH-25OCT19,1569581940331,open,0.09,1969.0,0.053,0.128,0.090768,100.09,0.096,0.0,ETH-25OCT19-160-P,165.84,97.49,0.088,317.0,0.1,317.0,108.79,0.1764,-0.3167,-0.06131,0.00837,-0.39269
165.89,SYN.ETH-4OCT19,1569581940346,open,0.23,0.0,0.194,0.251,0.22277,131.07,None,0.0,ETH-4OCT19-130-C,165.84,0.0,0.0,0.0,0.0,0.0,0.0,0.03197,-0.30474,0.02197,0.00471,0.92579
8077.26,SYN.BTC-25OCT19,1569581940372,open,0.27,299.7,0.232,0.313,0.27207434,94.9,0.27,0.0,BTC-25OCT19-10000-P,8059.38,48.32,0.2415,6.0,0.3035,6.0,128.02,7.05195,-12.00325,-6.32178,0.00015,-0.75273
165.89,SYN.ETH-4OCT19,1569581940393,open,0.26,2.0,0.23,0.314,0.270032,109.01,0.263,0.0,ETH-4OCT19-210-P,165.84,0.0,0.0,0.0,0.0,0.0,0.0,0.02944,-0.23339,-0.0376,0.00521,-0.93333
166.5,ETH-27DEC19,1569581940397,open,0.16,1049.0,0.119,0.217,0.171416,102.28,0.153,0.0,ETH-27DEC19-180-C,165.84,96.52,0.16,340.0,0.17,302.0,101.56,0.3297,-0.18553,0.15312,0.00467,0.54078
168.1,ETH-27MAR20,1569581940410,open,0.05,954.0,0.016,0.08,0.044966,100.88,0.049,0.0,ETH-27MAR20-440-C,165.84,99.73,0.043,300.0,0.049,9.0,103.19,0.28854,-0.08002,0.09623,0.00203,0.15985
166.04,SYN.ETH-25OCT19,1569581940410,open,0.08,1099.0,0.042,0.111,0.07748,100.16,0.075,0.0,ETH-25OCT19-180-C,165.84,96.96,0.074,369.0,0.082,20.0,104.3,0.18093,-0.32504,0.04586,0.00858,0.43912
165.94,SYN.ETH-11OCT19,1569581940458,open,0.0,0.143,0.21,0.178078,105.79,None,0.0,ETH-11OCT19-140-C,165.84,0.0,0.0,0.0,0.0,0.0,0.0,0.08397,-0.32011,0.04069,0.00758,0.8231
8099.7,SYN.BTC-29NOV19,1569581940462,open,0.0,0.0685,0.1475,0.10894745,91.23,None,0.0,BTC-29NOV19-9000-C,8059.38,87.31,0.1025,10.0,0.111,10.0,92.47,13.35834,-9.69096,4.96127,0.00013,0.46452
166.5,ETH-27DEC19,1569581940464,open,0.24,4304.0,0.191,0.309,0.252432,102.24,0.251,0.0,ETH-27DEC19-180-P,165.84,93.96,0.236,340.0,0.267,33.0,109.61,0.32971,-0.18548,-0.29503,0.00467,-0.45927
168.1,ETH-27MAR20,1569581940483,open,1.65,0.0,1.562,1.769,1.6623,100.79,None,0.0,ETH-27MAR20-440-P,165.84,0.0,0.002,10.0,0.0,0.0,0.0,0.28809,-0.07983,-2.09643,0.00203,-0.84053
165.89,SYN.ETH-4OCT19,1569581940512,open,0.28,0.0,0.255,0.307,0.280764,148.61,None,0.0,ETH-4OCT19-120-C,165.84,0.0,0.0,0.0,0.0,0.0,0.0,0.02179,-0.23552,0.02105,0.00283,0.95445
166.5,ETH-27DEC19,1569581940531,open,0.1,3197.0,0.06,0.149,0.106101,102.27,0.096,0.0,ETH-27DEC19-220-C,165.84,96.95,0.096,620.0,0.108,300.0,103.27,0.31771,-0.17878,0.11586,0.0045,0.38559
165.89,SYN.ETH-4OCT19,1569581940543,open,0.01,274.0,0.001,0.029,0.01078,116.24,0.012,0.0,ETH-4OCT19-140-P,165.84,109.78,0.009,500.0,0.015,506.0,130.18,0.04725,-0.39936,-0.00429,0.00784,-0.12644
166.04,SYN.ETH-25OCT19,1569581940547,open,0.05,1083.0,0.02,0.076,0.047237,102.24,0.044,0.0,ETH-25OCT19-200-C,165.84,97.81,0.043,425.0,0.051,425.0,106.11,0.16014,-0.29367,0.03237,0.00744,0.30248
8068.28,SYN.BTC-11OCT19,1569581940556,open,0.1,0.0005,0.0125,0.00269881,110.74,0.006,0.0,BTC-11OCT19-5500-P,8059.38,132.71,0.0065,10.0,0.009,48.0,143.53,1.06646,-4.25546,-0.09989,4e-05,-0.02987
168.1,ETH-27MAR20,1569581940558,open,0.04,547.0,0.014,0.073,0.039536,103.3,0.044,0.0,ETH-27MAR20-480-C,165.84,101.02,0.036,300.0,0.046,349.0,107.25,0.26584,-0.0755,0.08529,0.00183,0.14135
166.3,SYN.ETH-29NOV19,1569581940585,open,0.0,0.392,0.449,0.42121,108.98,None,0.0,ETH-29NOV19-100-C,165.84,0.0,0.0,0.0,0.0,0.0,0.0,0.11061,-0.09586,0.14048,0.00213,0.91159
165.94,SYN.ETH-11OCT19,1569581940601,open,1.0,0.005,0.044,0.021745,105.77,0.024,0.0,ETH-11OCT19-140-P,165.84,100.25,0.019,465.0,0.029,465.0,119.57,0.08396,-0.32003,-0.01253,0.00758,-0.17687
166.5,ETH-27DEC19,1569581940606,open,0.41,4616.0,0.358,0.493,0.427343,102.23,0.415,0.0,ETH-27DEC19-220-P,165.84,84.85,0.395,500.0,0.0,0.0,0.0,0.31768,-0.17869,-0.4319,0.0045,-0.61454
166.04,SYN.ETH-25OCT19,1569581940611,open,0.25,965.0,0.201,0.301,0.251726,102.22,0.233,0.0,ETH-25OCT19-200-P,165.84,77.0,0.229,19.0,0.26,3.0,110.66,0.16012,-0.29357,-0.12038,0.00744,-0.69759
168.1,ETH-27MAR20,1569581940641,open,1.88,0.0,1.789,2.008,1.894809,103.2,None,0.0,ETH-27MAR20-480-P,165.84,0.0,0.003,10.0,0.0,0.0,0.0,0.26531,-0.07527,-2.30671,0.00183,-0.85907
165.89,SYN.ETH-4OCT19,1569581940645,open,0.0,224.0,0.001,0.013,0.002826,116.26,0.005,0.0,ETH-4OCT19-220-C,165.84,97.95,0.001,100.0,0.005,500.0,130.19,0.0218,-0.1843,0.00134,0.00362,0.04557
166.5,ETH-27DEC19,1569581940689,open,0.06,1921.0,0.03,0.103,0.065918,102.27,0.05,0.0,ETH-27DEC19-260-C,165.84,98.63,0.06,369.0,0.071,300.0,105.33,0.27379,-0.15406,0.08386,0.00388,0.26822
166.04,SYN.ETH-25OCT19,1569581940689,open,0.03,1103.0,0.009,0.052,0.027837,103.15,0.024,0.0,ETH-25OCT19-220-C,165.84,99.41,0.025,468.0,0.033,468.0,109.65,0.12815,-0.23709,0.02173,0.0059,0.19918
165.89,SYN.ETH-4OCT19,1569581940701,open,0.01,0.0,0.001,0.021,0.006419,131.05,None,0.0,ETH-4OCT19-130-P,165.84,123.26,0.005,510.0,0.011,500.0,151.97,0.03196,-0.30462,-0.00252,0.0047,-0.07419
166.3,SYN.ETH-29NOV19,1569581940720,open,2.0,0.008,0.041,0.02252,108.94,0.027,0.0,ETH-29NOV19-100-P,165.84,106.63,0.021,360.0,0.027,500.0,115.45,0.11056,-0.09578,-0.03176,0.00213,-0.08836
168.1,ETH-27MAR20,1569581940725,open,0.03,937.0,0.011,0.065,0.033637,104.44,0.037,0.0,ETH-27MAR20-520-C,165.84,101.83,0.03,300.0,0.039,300.0,108.05,0.2407,-0.06911,0.07435,0.00164,0.1224
166.5,ETH-27DEC19,1569581940772,open,0.61,946.0,0.555,0.699,0.627386,102.22,0.3,0.0,ETH-27DEC19-260-P,165.84,0.0,0.0,0.0,0.0,0.0,0.0,0.27368,-0.15392,-0.56352,0.00388,-0.73199
8068.27,SYN.BTC-11OCT19,1569581940772,open,0.7,0.002,0.0305,0.01259169,95.11,0.0095,0.0,BTC-11OCT19-10000-C,8059.38,87.7,0.0095,41.5,0.011,1.0,91.4,3.56014,-12.20093,0.40147,0.00015,0.14348
165.94,SYN.ETH-11OCT19,1569581940801,open,0.0,0.088,0.154,0.123126,86.53,None,0.0,ETH-11OCT19-150-C,165.84,0.0,0.0,0.0,0.0,0.0,0.0,0.10222,-0.31873,0.03972,0.01129,0.75269
168.1,ETH-27MAR20,1569581940809,open,2.12,0.0,2.017,2.246,2.12685,104.32,None,0.0,ETH-27MAR20-520-P,165.84,0.0,0.005,10.0,0.0,0.0,0.0,0.24005,-0.06884,-2.517,0.00163,-0.87807
165.89,SYN.ETH-4OCT19,1569581940815,open,0.32,13.0,0.288,0.374,0.329001,116.21,0.071,0.0,ETH-4OCT19-220-P,165.84,0.0,0.0,0.0,0.0,0.0,0.0,0.02177,-0.184,-0.04011,0.00361,-0.9545
166.3,SYN.ETH-29NOV19,1569581940842,open,0.0,0.288,0.36,0.326339,104.94,None,0.0,ETH-29NOV19-120-C,165.84,0.0,0.0,0.0,0.0,0.0,0.0,0.17253,-0.14398,0.1452,0.00345,0.83321
166.04,SYN.ETH-25OCT19,1569581940842,open,0.01,4927.0,0.001,0.019,0.007252,111.28,0.009,0.0,ETH-25OCT19-280-C,165.84,99.86,0.004,500.0,0.011,500.0,121.23,0.05545,-0.11068,0.00683,0.00237,0.06111
8206.13,BTC-27MAR20,1569581940877,open,0.58,44.2,0.5105,0.645,0.57805591,86.0,0.565,0.0,BTC-27MAR20-12000-P,8059.38,71.89,0.5415,5.0,0.624,5.0,102.8,21.93865,-5.18685,-49.25256,8e-05,-0.62645
168.1,ETH-27MAR20,1569581940894,open,0.03,1163.0,0.009,0.057,0.028824,105.43,0.032,0.0,ETH-27MAR20-560-C,165.84,102.38,0.025,300.0,0.034,300.0,109.25,0.21816,-0.06323,0.06516,0.00147,0.10661
166.04,SYN.ETH-25OCT19,1569581940922,open,0.46,302.0,0.411,0.517,0.462657,105.73,0.432,0.0,ETH-25OCT19-240-P,165.84,0.0,0.438,13.0,0.493,13.0,146.72,0.09834,-0.18649,-0.16868,0.00442,-0.86753
165.89,SYN.ETH-4OCT19,1569581940930,open,0.0,133.0,0.001,0.011,0.001415,116.46,0.001,0.0,ETH-4OCT19-230-C,165.84,0.0,0.0,0.0,0.003,500.0,131.93,0.01319,-0.11173,0.00073,0.00219,0.02474
166.5,ETH-27DEC19,1569581940934,open,0.83,1.0,0.77,0.92,0.843717,102.72,0.494,0.0,ETH-27DEC19-300-P,165.84,0.0,0.0,0.0,0.0,0.0,0.0,0.22256,-0.12579,-0.68716,0.00314,-0.81392
165.94,SYN.ETH-11OCT19,1569581940939,open,0.0,0.008,0.051,0.027055,86.51,None,0.0,ETH-11OCT19-150-P,165.84,96.0,0.033,408.0,0.045,408.0,114.43,0.10222,-0.31866,-0.01731,0.01129,-0.24728
166.04,SYN.ETH-25OCT19,1569581940948,open,0.69,3.0,0.639,0.752,0.693536,111.18,0.645,0.0,ETH-25OCT19-280-P,165.84,0.0,0.0,0.0,0.0,0.0,0.0,0.05532,-0.11032,-0.20703,0.00236,-0.93907
168.1,ETH-27MAR20,1569581940974,open,2.35,0.0,2.245,2.485,2.359976,105.28,None,0.0,ETH-27MAR20-560-P,165.84,0.0,0.01,10.0,0.0,0.0,0.0,0.21737,-0.06291,-2.72554,0.00147,-0.89392
166.3,SYN.ETH-29NOV19,1569581940974,open,2.0,0.022,0.076,0.047911,104.91,0.043,0.0,ETH-29NOV19-120-P,165.84,100.12,0.043,800.0,0.052,461.0,108.82,0.17251,-0.14392,-0.0615,0.00345,-0.16676
166.04,SYN.ETH-25OCT19,1569581941001,open,0.01,695.0,0.002,0.026,0.011079,108.64,0.009,0.0,ETH-25OCT19-260-C,165.84,103.74,0.009,740.0,0.014,500.0,114.79,0.07424,-0.14466,0.00995,0.00325,0.08955
8099.67,SYN.BTC-29NOV19,1569581941005,open,3.1,0.0075,0.048,0.0242544,91.5,0.0265,0.0,BTC-29NOV19-13000-C,8059.38,89.08,0.022,10.0,0.026,36.0,93.32,7.68017,-5.58852,1.69181,7e-05,0.14551
166.5,ETH-27DEC19,1569581941014,open,0.03,1216.0,0.009,0.056,0.029495,105.38,0.015,0.0,ETH-27DEC19-340-C,165.84,101.11,0.025,300.0,0.034,300.0,109.37,0.18201,-0.10553,0.04448,0.0025,0.13679
165.89,SYN.ETH-4OCT19,1569581941033,open,0.38,0.0,0.347,0.433,0.38787,116.38,0.093,0.0,ETH-4OCT19-230-P,165.84,0.0,0.0,0.0,0.0,0.0,0.0,0.01316,-0.11134,-0.0426,0.00218,-0.97534
165.89,SYN.ETH-4OCT19,1569581941063,open,0.0,0.0,0.001,0.015,0.004132,148.59,None,0.0,ETH-4OCT19-120-P,165.84,139.22,0.003,520.0,0.009,500.0,178.46,0.02178,-0.23538,-0.00155,0.00283,-0.04552
166.04,SYN.ETH-25OCT19,1569581941069,open,0.57,3.0,0.524,0.633,0.576915,108.57,0.534,0.0,ETH-25OCT19-260-P,165.84,0.0,0.0,0.0,0.0,0.0,0.0,0.07414,-0.14438,-0.18863,0.00324,-0.91061
168.1,ETH-27MAR20,1569581941072,open,0.03,4833.0,0.007,0.053,0.025712,107.02,0.029,0.0,ETH-27MAR20-600-C,165.84,103.79,0.022,240.0,0.03,350.0,110.45,0.20163,-0.05932,0.05862,0.00134,0.09569
166.5,ETH-27DEC19,1569581941081,open,1.06,0.0,0.995,1.153,1.071414,105.27,None,0.0,ETH-27DEC19-340-P,165.84,0.0,0.0,0.0,0.0,0.0,0.0,0.18167,-0.10522,-0.80214,0.0025,-0.86359
165.94,SYN.ETH-11OCT19,1569581941087,open,0.0,0.05,0.117,0.085236,86.24,None,0.0,ETH-11OCT19-160-C,165.84,0.0,0.0,0.0,0.0,0.0,0.0,0.12336,-0.38334,0.03362,0.01367,0.61825
166.3,SYN.ETH-29NOV19,1569581941103,open,0.0,0.2,0.285,0.246009,102.14,None,0.0,ETH-29NOV19-140-C,165.84,0.0,0.0,0.0,0.0,0.0,0.0,0.22749,-0.18478,0.13914,0.00468,0.73171
165.89,SYN.ETH-4OCT19,1569581941138,open,0.0,80.0,0.001,0.011,0.001766,133.23,0.001,0.0,ETH-4OCT19-240-C,165.84,0.0,0.0,0.0,0.004,500.0,153.13,0.01415,-0.13713,0.00079,0.00205,0.02691
166.5,ETH-27DEC19,1569581941159,open,0.02,509.0,0.005,0.042,0.019851,105.97,0.02,0.0,ETH-27DEC19-380-C,165.84,102.52,0.017,300.0,0.022,1.0,108.41,0.14309,-0.08343,0.03217,0.00196,0.09746
168.1,ETH-27MAR20,1569581941176,open,2.58,0.0,2.474,2.726,2.594804,106.84,None,0.0,ETH-27MAR20-600-P,165.84,0.0,0.02,10.0,0.0,0.0,0.0,0.20073,-0.05896,-2.93143,0.00133,-0.90489
8117.57,BTC-27DEC19,1569581941190,open,0.32,123.1,0.286,0.357,0.3226831,93.66,0.325,0.0,BTC-27DEC19-6000-C,8059.38,69.84,0.2925,4.0,0.0,0.0,0.0,10.96666,-5.65121,9.86311,7e-05,0.8107
166.5,ETH-27DEC19,1569581941191,open,1.29,0.0,1.223,1.388,1.301996,105.81,None,0.0,ETH-27DEC19-380-P,165.81,0.0,0.0,0.0,0.0,0.0,0.0,0.14258,-0.08301,-0.91407,0.00195,-0.90301
165.94,SYN.ETH-11OCT19,1569581941190,open,0.0,0.021,0.08,0.049427,86.22,None,0.0,ETH-11OCT19-160-P,165.81,93.71,0.055,335.0,0.069,335.0,112.44,0.12336,-0.38328,-0.0272,0.01367,-0.38174
166.3,SYN.ETH-29NOV19,1569581941190,open,1.0,0.05,0.125,0.087843,102.12,0.094,0.0,ETH-29NOV19-140-P,165.81,96.36,0.08,729.0,0.092,389.0,105.15,0.22748,-0.18473,-0.10202,0.00468,-0.26827
166.3,SYN.ETH-29NOV19,1569581941190,open,0.0,0.132,0.22,0.179416,99.06,None,0.0,ETH-29NOV19-160-C,165.81,89.97,0.165,320.0,0.0,0.0,0.0,0.26328,-0.2074,0.12555,0.00558,0.6177
166.3,SYN.ETH-29NOV19,1569581941190,open,0.0,0.094,0.187,0.141513,99.03,None,0.0,ETH-29NOV19-160-P,165.81,94.29,0.134,618.0,0.15,298.0,104.4,0.26328,-0.20735,-0.15006,0.00558,-0.38231
8206.09,BTC-27MAR20,1569581941203,open,1.24,0.0,1.171,1.313,1.23889192,88.95,0.8095,0.0,BTC-27MAR20-18000-P,8059.38,47.2,1.195,1.0,1.2825,1.0,109.86,14.8984,-3.64331,-84.41809,5e-05,-0.82562
166.47,ETH-27DEC19,1569581941208,open,0.06,9564.0,0.035,0.1,0.067018,102.23,0.064,0.0,ETH-27DEC19-120-P,165.81,99.96,0.064,499.0,0.071,300.0,105.21,0.22167,-0.12468,-0.10442,0.00314,-0.18493
8117.57,BTC-27DEC19,1569581941247,open,0.13,179.0,0.0915,0.179,0.13651367,89.35,0.1325,0.0,BTC-27DEC19-9000-C,8059.38,87.34,0.1325,20.4,0.138,43.6,90.1,16.15838,-7.94384,7.27753,0.00011,0.4966
8117.57,BTC-27DEC19,1569581941257,open,0.52,31.1,0.5035,0.5445,0.52319006,107.34,0.6265,0.0,BTC-27DEC19-4000-C,8059.38,0.0,0.03,1.0,0.554,0.2,150.39,4.57053,-2.69917,8.5048,3e-05,0.944
8117.57,BTC-27DEC19,1569581941270,open,0.18,243.1,0.1365,0.2245,0.1824633,89.35,0.185,0.0,BTC-27DEC19-8000-C,8059.38,87.56,0.179,27.9,0.185,15.0,90.67,15.63946,-7.68878,8.45666,0.00011,0.60089
8206.09,BTC-27MAR20,1569581941282,open,1.95,0.0,1.8745,2.029,1.94710123,92.46,None,0.0,BTC-27MAR20-24000-P,8059.38,0.0,0.0005,2.0,0.0,0.0,0.0,9.69571,-2.46444,-116.67367,3e-05,-0.90625
8099.67,SYN.BTC-29NOV19,1569581941287,open,0.1,0.021,0.073,0.04531744,97.03,0.048,0.0,BTC-29NOV19-6000-P,8059.38,95.3,0.0435,35.6,0.049,14.0,100.48,8.56949,-6.61219,-3.03156,8e-05,-0.17196
8117.57,BTC-27DEC19,1569581941325,open,0.07,770.0,0.039,0.1135,0.07544329,89.35,0.076,0.0,BTC-27DEC19-11000-C,8059.38,87.98,0.073,20.0,0.0765,25.6,89.94,14.54587,-7.15104,5.00839,0.0001,0.32325
8099.67,SYN.BTC-29NOV19,1569581941335,open,0.0,0.04,0.1115,0.07538552,91.23,None,0.0,BTC-29NOV19-10000-C,8059.38,87.4,0.0695,10.0,0.077,35.6,92.27,12.53643,-9.09466,3.92495,0.00012,0.35669
8117.57,BTC-27DEC19,1569581941367,open,0.99,22.0,0.939,1.0485,0.99070212,92.21,1.0275,0.0,BTC-27DEC19-16000-P,8059.38,0.0,0.4,0.2,1.68,0.2,500.0,7.44699,-3.77822,-38.07864,5e-05,-0.89338
8063.79,SYN.BTC-4OCT19,1569581941442,open,0.12,4.1,0.091,0.149,0.12072583,108.87,0.125,0.0,BTC-4OCT19-7250-C,8059.38,101.97,0.118,8.0,0.122,8.0,112.02,3.24034,-25.65465,1.00791,0.00024,0.78425
8068.27,SYN.BTC-11OCT19,1569581941468,open,0.0,0.0235,0.081,0.05206199,95.11,None,0.0,BTC-11OCT19-8500-C,8059.38,88.47,0.047,24.0,0.053,35.0,96.33,6.16545,-21.12972,1.14476,0.00026,0.42529
8206.09,BTC-27MAR20,1569581941609,open,0.22,205.3,0.1655,0.274,0.22096622,85.17,0.2165,0.0,BTC-27MAR20-8000-P,8059.38,83.49,0.2165,11.5,0.2265,17.5,87.26,21.78977,-5.102,-23.99419,8e-05,-0.36583
8063.79,SYN.BTC-4OCT19,1569581941616,open,0.11,0.1,0.074,0.139,0.10663385,94.18,0.12,0.0,BTC-4OCT19-8750-P,8059.38,88.46,0.104,8.0,0.109,8.0,99.21,3.7593,-25.74719,-1.24762,0.00033,-0.7147
8206.09,BTC-27MAR20,1569581941695,open,0.03,217.7,0.012,0.0685,0.0357674,90.54,0.035,0.0,BTC-27MAR20-20000-C,8059.38,90.69,0.036,0.2,0.038,8.0,91.93,12.97632,-3.22984,4.31662,4e-05,0.14133
8099.64,SYN.BTC-29NOV19,1569581941717,open,0.0,0.181,0.2575,0.22095864,93.36,None,0.0,BTC-29NOV19-7000-C,8059.38,88.4,0.214,13.7,0.2265,13.7,97.29,11.39841,-8.46206,6.90384,0.00011,0.71576
8077.23,SYN.BTC-25OCT19,1569581941739,open,0.11,147.1,0.073,0.1415,0.10868282,94.9,0.1065,0.0,BTC-25OCT19-8000-C,8059.38,91.52,0.105,33.2,0.1095,10.0,95.66,8.78066,-14.94701,2.82487,0.00019,0.56662
8068.26,SYN.BTC-11OCT19,1569581941873,open,0.0,0.07,0.1405,0.10556931,95.1,None,0.0,BTC-11OCT19-8500-P,8059.38,90.42,0.102,24.0,0.1085,28.0,98.93,6.16543,-21.12886,-2.08658,0.00026,-0.57472
8117.57,BTC-27DEC19,1569581941922,open,1.72,4.9,1.6585,1.7825,1.71681082,99.43,1.0385,0.0,BTC-27DEC19-22000-P,8059.38,0.0,0.055,1.0,2.3775,0.3,500.0,3.4247,-1.87354,-54.11797,2e-05,-0.96092
8077.23,SYN.BTC-25OCT19,1569581941944,open,0.01,372.0,0.0005,0.017,0.00583432,99.37,0.0055,0.0,BTC-25OCT19-13000-C,8059.38,96.55,0.005,50.3,0.0065,28.0,101.46,2.49296,-4.44331,0.30499,5e-05,0.05528
8206.05,BTC-27MAR20,1569581941950,open,0.01,516.9,0.0005,0.022,0.0071888,101.64,0.0075,0.0,BTC-27MAR20-40000-C,8059.38,100.24,0.0065,2.0,0.008,25.0,103.18,4.18185,-1.16849,1.02376,1e-05,0.03223
8077.24,SYN.BTC-25OCT19,1569581942102,open,0.08,17.5,0.0495,0.115,0.08289694,94.9,0.0795,0.0,BTC-25OCT19-8500-C,8059.38,90.45,0.078,29.2,0.08,0.6,92.27,8.88725,-15.12843,2.41711,0.00019,0.47473
8063.78,SYN.BTC-4OCT19,1569581942104,open,0.01,244.4,0.001,0.029,0.01074932,120.05,0.013,0.0,BTC-4OCT19-6750-P,8059.38,120.94,0.011,53.0,0.014,69.0,131.14,2.24846,-19.62857,-0.20266,0.00015,-0.12267
8206.05,BTC-27MAR20,1569581942113,open,0.16,156.9,0.113,0.216,0.1663975,85.18,0.169,0.0,BTC-27MAR20-10000-C,8059.38,83.79,0.1625,12.5,0.172,21.5,87.17,23.10002,-5.40912,13.18092,8e-05,0.48875
8063.79,SYN.BTC-4OCT19,1569581942117,open,0.07,53.9,0.0335,0.0955,0.06448511,94.18,0.069,0.0,BTC-4OCT19-8250-P,8059.38,89.61,0.062,24.0,0.065,0.2,95.13,4.38772,-30.05159,-0.92518,0.00038,-0.54458
8063.78,SYN.BTC-4OCT19,1569581942122,open,0.01,105.8,0.0005,0.0275,0.01022883,94.18,0.009,0.0,BTC-4OCT19-9250-C,8059.38,87.19,0.008,53.0,0.0095,0.2,91.97,2.68594,-18.39625,0.22655,0.00023,0.15937
8068.28,SYN.BTC-11OCT19,1569581942123,open,10.1,0.0185,0.073,0.04437734,99.27,0.0425,0.0,BTC-11OCT19-7500-P,8059.38,95.84,0.042,37.0,0.047,32.0,103.03,5.60862,-20.06202,-1.11057,0.00023,-0.3177
8077.26,SYN.BTC-25OCT19,1569581942129,open,0.03,13.2,0.0135,0.0585,0.03392752,104.88,0.035,0.0,BTC-25OCT19-6500-P,8059.38,103.62,0.033,13.0,0.0355,25.6,107.0,5.96912,-11.22941,-1.35382,0.00011,-0.18554
8077.26,SYN.BTC-25OCT19,1569581942174,open,0.03,13.2,0.0135,0.0585,0.03392752,104.88,0.035,0.0,BTC-25OCT19-6500-P,8059.38,103.62,0.033,13.0,0.0355,31.6,107.0,5.96912,-11.22941,-1.35382,0.00011,-0.18554
8206.05,BTC-27MAR20,1569581942191,open,1.48,0.0,1.404,1.5495,1.47295731,90.52,None,0.0,BTC-27MAR20-20000-P,8059.38,0.0,1.428,1.0,1.515,1.0,112.69,12.97019,-3.22751,-95.34383,4e-05,-0.85876
166.48,ETH-27DEC19,1569581942197,open,3.54,0.0,3.434,3.713,3.5679,123.26,None,0.0,ETH-27DEC19-760-P,165.83,0.0,0.0,0.0,0.0,0.0,0.0,0.03205,-0.02174,-1.88701,0.00038,-0.98467
166.48,ETH-27DEC19,1569581942198,open,3.3,0.0,3.201,3.466,3.328172,122.31,None,0.0,ETH-27DEC19-720-P,165.83,0.0,0.003,5.0,0.0,0.0,0.0,0.03698,-0.02488,-1.78649,0.00044,-0.98188
8117.57,BTC-27DEC19,1569581942243,open,0.24,651.0,0.1925,0.296,0.24521396,89.34,0.243,0.0,BTC-27DEC19-9000-P,8059.38,86.73,0.24,7.0,0.248,19.2,90.75,16.15837,-7.94304,-15.13018,0.00011,-0.50342
8077.23,SYN.BTC-25OCT19,1569581942252,open,0.0,626.3,0.0005,0.012,0.00239801,114.41,0.002,0.0,BTC-25OCT19-16000-C,8059.38,107.38,0.0015,19.0,0.003,10.0,118.18,1.196,-2.45435,0.12428,2e-05,0.02254
8099.7,SYN.BTC-29NOV19,1569581942249,open,0.1,0.013,0.0635,0.03527724,91.23,0.037,0.0,BTC-29NOV19-12000-C,8059.38,88.34,0.032,10.0,0.037,25.7,92.7,9.35435,-6.78615,2.2702,9e-05,0.19799
8063.78,SYN.BTC-4OCT19,1569581942272,open,0.08,62.2,0.0435,0.1035,0.07482401,99.02,0.072,0.0,BTC-4OCT19-7750-C,8059.38,92.52,0.0715,24.0,0.0765,24.0,102.28,4.13827,-29.79843,0.85938,0.00034,0.64057
8063.79,SYN.BTC-4OCT19,1569581942276,open,0.11,0.1,0.074,0.139,0.10663357,94.18,0.12,0.0,BTC-4OCT19-8750-P,8059.38,87.36,0.1035,8.0,0.109,8.0,99.21,3.7593,-25.74719,-1.24762,0.00033,-0.7147
8068.28,SYN.BTC-11OCT19,1569581942278,open,0.0,0.1125,0.185,0.14901252,95.1,None,0.0,BTC-11OCT19-9000-P,8059.38,89.2,0.145,8.0,0.1515,8.0,98.7,5.54766,-19.01156,-2.57428,0.00024,-0.69028
8063.79,SYN.BTC-4OCT19,1569581942280,open,0.11,0.1,0.074,0.139,0.10663357,94.18,0.12,0.0,BTC-4OCT19-8750-P,8059.38,87.36,0.1035,8.0,0.1085,8.0,98.15,3.7593,-25.74719,-1.24762,0.00033,-0.7147
8063.79,SYN.BTC-4OCT19,1569581942281,open,0.12,4.1,0.091,0.149,0.12072529,108.87,0.125,0.0,BTC-4OCT19-7250-C,8059.38,101.97,0.118,8.0,0.1225,8.0,113.25,3.24034,-25.65465,1.00791,0.00024,0.78425
8077.23,SYN.BTC-25OCT19,1569581942288,open,0.05,0.5,0.0205,0.075,0.04632316,94.9,0.0415,0.0,BTC-25OCT19-9500-C,8059.38,89.93,0.0415,12.0,0.0455,41.6,94.06,7.90746,-13.46049,1.6448,0.00017,0.31296
8077.23,SYN.BTC-25OCT19,1569581942288,open,0.62,31.9,0.579,0.656,0.61528912,99.34,0.6565,0.0,BTC-25OCT19-13000-P,8059.38,0.0,0.593,3.0,0.6245,0.1,121.8,2.49103,-4.43872,-9.62362,5e-05,-0.94478
8077.23,SYN.BTC-25OCT19,1569581942379,open,0.06,345.7,0.032,0.093,0.06235557,94.9,0.06,0.0,BTC-25OCT19-9000-C,8059.38,89.83,0.057,36.6,0.06,4.0,92.68,8.55959,-14.57061,2.0164,0.00018,0.38923
8068.28,SYN.BTC-11OCT19,1569581942418,open,0.0,0.1125,0.185,0.14901252,95.1,None,0.0,BTC-11OCT19-9000-P,8059.38,89.2,0.145,8.0,0.1515,12.0,98.7,5.54766,-19.01156,-2.57428,0.00024,-0.69028
8063.78,SYN.BTC-4OCT19,1569581942426,open,0.0,208.3,0.0005,0.0105,0.00057036,121.27,0.0005,0.0,BTC-4OCT19-12000-C,8059.38,0.0,0.0,0.0,0.001,0.4,130.38,0.3098,-2.73199,0.0152,2e-05,0.01058
8063.79,SYN.BTC-4OCT19,1569581942421,open,0.11,0.1,0.074,0.139,0.10663357,94.18,0.12,0.0,BTC-4OCT19-8750-P,8059.38,87.36,0.1035,8.0,0.1085,12.0,98.15,3.7593,-25.74719,-1.24762,0.00033,-0.7147
8206.05,BTC-27MAR20,1569581942516,open,3.89,1.0,3.7805,3.9935,3.88156991,101.5,2.7125,0.0,BTC-27MAR20-40000-P,8059.38,0.0,0.08,1.0,0.0,0.0,0.0,4.15449,-1.15924,-198.29959,1e-05,-0.96803
8077.23,SYN.BTC-25OCT19,1569581942603,open,0.0,359.1,0.0005,0.014,0.00424506,105.03,0.0035,0.0,BTC-25OCT19-14000-C,8059.38,101.72,0.0035,49.7,0.005,16.0,108.04,1.92644,-3.62915,0.22102,4e-05,0.04007
8063.78,SYN.BTC-4OCT19,1569581942607,open,0.16,0.0,0.1275,0.1895,0.15733176,94.18,None,0.0,BTC-4OCT19-9250-P,8059.38,0.0,0.136,4.0,0.18,4.0,149.29,2.6858,-18.39449,-1.51594,0.00023,-0.84064
8077.22,SYN.BTC-25OCT19,1569581942637,open,0.98,0.0,0.9425,1.029,0.98326839,114.35,None,0.0,BTC-25OCT19-16000-P,8059.38,0.0,0.04,1.0,0.0,0.0,0.0,1.19301,-2.4469,-12.09556,2e-05,-0.97752
8077.22,SYN.BTC-25OCT19,1569581942664,open,0.22,0.0,0.1815,0.263,0.22246451,94.9,None,0.0,BTC-25OCT19-9500-P,8059.38,80.69,0.209,17.0,0.239,9.0,111.34,7.90726,-13.45935,-5.61059,0.00017,-0.68706
8206.05,BTC-27MAR20,1569581942677,open,0.03,130.4,0.0085,0.057,0.02784979,91.34,0.029,0.0,BTC-27MAR20-22000-C,8059.38,89.58,0.0255,18.0,0.0305,23.0,93.25,11.15325,-2.80073,3.51057,4e-05,0.1137
8063.78,SYN.BTC-4OCT19,1569581942699,open,0.25,76.6,0.2165,0.275,0.24362486,98.21,0.245,0.0,BTC-4OCT19-10000-P,8059.38,0.0,0.2255,3.0,0.2645,3.0,168.6,1.3716,-9.79591,-1.79321,0.00011,-0.93688
8099.62,SYN.BTC-29NOV19,1569581942712,open,0.0,0.361,0.46,0.40978583,91.22,None,0.0,BTC-29NOV19-11000-P,8059.38,0.0,0.0,0.0,1.4085,2.0,500.0,11.07186,-8.03123,-15.93224,0.00011,-0.7321
8063.78,SYN.BTC-4OCT19,1569581942723,open,0.04,90.4,0.0115,0.0635,0.03591055,99.02,0.0385,0.0,BTC-4OCT19-7750-P,8059.38,96.27,0.0345,9.0,0.0385,37.0,104.05,4.13827,-29.79782,-0.60052,0.00034,-0.35942
8206.05,BTC-27MAR20,1569581942753,open,0.36,8.4,0.3245,0.407,0.36761032,86.47,0.3495,0.0,BTC-27MAR20-6000-C,8059.8,0.0,0.19,0.2,0.68,1.0,250.25,16.53588,-3.93086,17.40923,6e-05,0.79337
8206.05,BTC-27MAR20,1569581942754,open,1.01,1.1,0.942,1.082,1.00993611,87.78,0.911,0.0,BTC-27MAR20-16000-P,8059.8,61.26,0.9655,2.0,1.055,2.0,107.32,17.211,-4.15357,-73.13581,6e-05,-0.77867
8206.05,BTC-27MAR20,1569581942753,open,0.02,15.1,0.0035,0.0375,0.01566986,94.98,0.0135,0.0,BTC-27MAR20-28000-C,8059.8,93.1,0.014,8.0,0.017,10.0,96.39,7.55367,-1.97226,2.11513,2e-05,0.0674
8206.05,BTC-27MAR20,1569581942754,open,0.04,140.0,0.0175,0.0815,0.04543254,88.97,0.049,0.0,BTC-27MAR20-18000-C,8059.8,87.62,0.043,13.0,0.0485,6.4,90.64,14.90283,-3.64516,5.27603,5e-05,0.17446
8206.05,BTC-27MAR20,1569581942754,open,2.43,0.0,2.3495,2.516,2.42775302,94.94,None,0.0,BTC-27MAR20-28000-P,8059.8,0.0,0.0005,2.0,0.0,0.0,0.0,7.54427,-1.96905,-137.40901,2e-05,-0.93271
8206.05,BTC-27MAR20,1569581942754,open,1.71,5.9,1.6385,1.7875,1.70877205,91.32,1.612,0.0,BTC-27MAR20-22000-P,8059.8,0.0,1.663,1.0,1.763,1.0,121.48,11.14791,-2.79879,-106.11517,4e-05,-0.88637
8206.05,BTC-27MAR20,1569581942754,open,2.92,0.0,2.826,3.0065,2.91106864,97.23,None,0.0,BTC-27MAR20-32000-P,8059.8,0.0,0.04,1.0,0.0,0.0,0.0,6.02607,-1.61076,-157.85641,2e-05,-0.94946
8206.05,BTC-27MAR20,1569581942754,open,0.01,33.5,0.002,0.0305,0.01154475,97.28,0.0105,0.0,BTC-27MAR20-32000-C,8059.8,95.09,0.01,8.0,0.0125,10.0,98.55,6.0383,-1.61489,1.59997,2e-05,0.05067
8206.05,BTC-27MAR20,1569581942754,open,0.09,152.8,0.0605,0.1375,0.09877105,86.47,0.1,0.0,BTC-27MAR20-6000-P,8059.8,85.59,0.097,10.0,0.1035,18.9,88.81,16.53577,-3.93067,-12.48776,6e-05,-0.20663
8077.22,SYN.BTC-25OCT19,1569581942755,open,0.02,902.6,0.0075,0.043,0.02268775,110.16,0.022,0.0,BTC-25OCT19-6000-P,8059.8,108.97,0.022,23.9,0.0245,38.0,113.23,4.70943,-9.30527,-0.93879,9e-05,-0.1295
8068.26,SYN.BTC-11OCT19,1569581942753,open,1.1,0.005,0.043,0.02087009,95.11,0.0175,0.0,BTC-11OCT19-9500-C,8059.8,88.11,0.017,32.0,0.018,2.8,89.96,4.60007,-15.76488,0.59632,0.0002,0.21529
8068.26,SYN.BTC-11OCT19,1569581942754,open,0.0,0.0455,0.108,0.07786674,95.11,None,0.0,BTC-11OCT19-8000-C,8059.8,90.09,0.074,24.0,0.08,25.0,97.88,6.21589,-21.30246,1.46374,0.00026,0.55509
8077.22,SYN.BTC-25OCT19,1569581942754,open,0.03,494.5,0.0125,0.0595,0.03403555,94.9,0.0335,0.0,BTC-25OCT19-10000-C,8059.8,90.79,0.0305,13.6,0.0335,41.6,94.29,7.05217,-12.00454,1.31547,0.00015,0.24728
8068.26,SYN.BTC-11OCT19,1569581942753,open,0.0,0.305,0.339,0.32101727,110.75,None,0.0,BTC-11OCT19-5500-C,8059.8,0.0,0.1,1.0,0.0,0.0,0.0,1.06691,-4.25781,1.99092,4e-05,0.97012
8077.22,SYN.BTC-25OCT19,1569581942755,open,0.02,575.5,0.0045,0.0375,0.01787108,94.9,0.018,0.0,BTC-25OCT19-11000-C,8059.8,91.9,0.016,32.0,0.018,15.2,95.1,5.15035,-8.76711,0.80069,0.00011,0.14767
8063.78,SYN.BTC-4OCT19,1569581942754,open,0.0,91.4,0.0005,0.012,0.00233942,106.49,0.002,0.0,BTC-4OCT19-10500-C,8059.8,103.58,0.002,0.1,0.0025,40.0,107.78,0.98341,-7.61565,0.05955,8e-05,0.04154
8063.78,SYN.BTC-4OCT19,1569581942754,open,0.1,9.6,0.065,0.125,0.09605256,102.43,0.098,0.0,BTC-4OCT19-7500-C,8059.8,96.85,0.0935,8.0,0.098,8.0,106.63,3.71901,-27.70066,0.94933,0.0003,0.72102
8068.26,SYN.BTC-11OCT19,1569581942753,open,0.0,0.1635,0.2345,0.19832074,95.1,None,0.0,BTC-11OCT19-9500-P,8059.8,0.0,0.0,0.0,0.0,0.0,0.0,4.5999,-15.7635,-3.0152,0.0002,-0.78473
8063.78,SYN.BTC-4OCT19,1569581942754,open,0.22,0.0,0.1865,0.246,0.2142508,97.38,None,0.0,BTC-4OCT19-9750-P,8059.8,0.0,0.194,3.0,0.2365,3.0,163.91,1.76589,-12.50562,-1.71095,0.00015,-0.9121
8063.78,SYN.BTC-4OCT19,1569581942754,open,0.0,22.2,0.0005,0.0105,0.00049295,129.57,0.0005,0.0,BTC-4OCT19-12500-C,8059.8,0.0,0.0,0.0,0.001,9.3,141.51,0.26252,-2.47362,0.01255,2e-05,0.00875
8077.22,SYN.BTC-25OCT19,1569581942754,open,0.0,896.9,0.0005,0.0115,0.00177263,117.71,0.0015,0.0,BTC-25OCT19-17000-C,8059.8,109.65,0.001,33.0,0.002,5.0,119.6,0.93139,-1.96652,0.09267,2e-05,0.0168
8063.78,SYN.BTC-4OCT19,1569581942754,open,0.09,175.7,0.0515,0.1165,0.08430376,94.18,0.085,0.0,BTC-4OCT19-8500-P,8059.8,88.72,0.0815,24.0,0.086,2.0,97.46,4.16316,-28.51303,-1.09138,0.00036,-0.63418
8077.22,SYN.BTC-25OCT19,1569581942755,open,0.28,15.3,0.253,0.307,0.27986104,110.16,0.286,0.0,BTC-25OCT19-6000-C,8059.8,61.32,0.2595,7.0,0.298,7.0,138.44,4.70965,-9.30614,3.64344,9e-05,0.87049
8068.26,SYN.BTC-11OCT19,1569581942754,open,0.0,0.243,0.286,0.26357466,110.72,None,0.0,BTC-11OCT19-6000-C,8059.8,0.0,0.249,1.0,0.2835,1.0,166.25,2.09942,-8.37619,2.04574,8e-05,0.93055
8099.62,SYN.BTC-29NOV19,1569581942756,open,0.6,0.0065,0.037,0.01931567,99.75,0.0205,0.0,BTC-29NOV19-5000-P,8059.8,102.32,0.021,10.0,0.023,24.0,105.26,5.2316,-4.14994,-1.45562,5e-05,-0.08501
8063.78,SYN.BTC-4OCT19,1569581942755,open,0.49,0.0,0.459,0.5215,0.48870442,121.22,None,0.0,BTC-4OCT19-12000-P,8059.8,0.0,0.05,1.0,0.0,0.0,0.0,0.30915,-2.7253,-2.24534,2e-05,-0.98945
8077.22,SYN.BTC-25OCT19,1569581942755,open,0.86,0.0,0.8215,0.904,0.86030955,110.39,None,0.0,BTC-25OCT19-15000-P,8059.8,0.0,0.0,0.0,0.0,0.0,0.0,1.53121,-3.03196,-11.28884,3e-05,-0.9697
8068.26,SYN.BTC-11OCT19,1569581942753,open,0.1,0.0815,0.1455,0.11481108,99.27,0.11,0.0,BTC-11OCT19-7500-C,8059.8,93.04,0.1105,29.0,0.1165,24.0,101.7,5.60867,-20.06291,1.74057,0.00023,0.68229
8063.78,SYN.BTC-4OCT19,1569581942754,open,0.31,1.9,0.277,0.336,0.30445675,106.48,0.332,0.0,BTC-4OCT19-10500-P,8059.8,0.0,0.2855,3.0,0.3275,3.0,193.46,0.98304,-7.61199,-1.91842,8e-05,-0.95848
8077.22,SYN.BTC-25OCT19,1569581942754,open,0.0,432.7,0.0005,0.013,0.00324002,110.42,0.004,0.0,BTC-25OCT19-15000-C,8059.8,106.19,0.0025,2.0,0.004,60.0,114.16,1.53271,-3.03564,0.16712,3e-05,0.03033
8063.78,SYN.BTC-4OCT19,1569581942753,open,0.0,80.8,0.0005,0.0105,0.00049336,139.48,0.0015,0.0,BTC-4OCT19-13000-C,8059.8,0.0,0.0,0.0,0.001,10.0,152.07,0.24847,-2.52025,0.01174,1e-05,0.00822
8077.22,SYN.BTC-25OCT19,1569581942754,open,0.14,0.0,0.1075,0.176,0.14321843,97.78,None,0.0,BTC-25OCT19-7500-C,8059.8,93.12,0.1385,32.2,0.1435,9.5,98.06,8.1889,-14.36235,3.18117,0.00017,0.65891
8077.22,SYN.BTC-25OCT19,1569581942754,open,0.74,2.0,0.7,0.7795,0.73750666,104.99,0.372,0.0,BTC-25OCT19-14000-P,8059.8,0.0,0.0,0.0,1.5,0.5,500.0,1.92425,-3.62388,-10.47133,4e-05,-0.95998
8099.62,SYN.BTC-29NOV19,1569581942754,open,0.0,0.4695,0.567,0.51681304,91.21,None,0.0,BTC-29NOV19-12000-P,8059.8,0.0,0.0,0.0,1.5165,2.0,500.0,9.35262,-6.78391,-18.40185,9e-05,-0.80207
8063.78,SYN.BTC-4OCT19,1569581942775,open,0.02,196.0,0.002,0.0355,0.01500676,94.18,0.013,0.0,BTC-4OCT19-9000-C,8059.8,87.79,0.0125,8.0,0.0145,0.1,92.92,3.24427,-22.22012,0.30561,0.00028,0.2162
8117.96,BTC-27DEC19,1569581942786,open,1.72,4.9,1.6585,1.7825,1.71681085,99.83,1.0385,0.0,BTC-27DEC19-22000-P,8059.8,0.0,0.055,1.0,2.377,0.3,500.0,3.48081,-1.91196,-54.10555,2e-05,-0.96014
166.5,ETH-27DEC19,1569581943320,open,0.21,406.0,0.165,0.262,0.217511,102.24,0.211,0.0,ETH-27DEC19-160-C,165.83,95.61,0.205,340.0,0.249,49.0,119.05,0.31355,-0.17638,0.17119,0.00444,0.63048
8117.96,BTC-27DEC19,1569581943384,open,0.08,419.5,0.0475,0.118,0.08196938,91.87,0.076,0.0,BTC-27DEC19-6500-P,8059.8,90.92,0.0805,13.0,0.0855,12.8,94.15,12.5229,-6.32996,-6.45872,8e-05,-0.23758
166.01,SYN.ETH-25OCT19,1569581943663,open,0.35,483.0,0.302,0.405,0.353006,102.88,0.337,0.0,ETH-25OCT19-220-P,165.83,0.0,0.322,16.0,0.394,16.0,149.01,0.12773,-0.23569,-0.14639,0.0059,-0.80184
8206.41,BTC-27MAR20,1569581943761,open,0.02,115.5,0.006,0.049,0.02248891,92.49,0.023,0.0,BTC-27MAR20-24000-C,8059.81,90.77,0.0205,8.0,0.0245,23.0,94.16,9.70655,-2.46815,2.91971,3e-05,0.09389
8206.41,BTC-27MAR20,1569581943761,open,0.24,83.5,0.193,0.294,0.24608826,85.17,0.2445,0.0,BTC-27MAR20-8000-C,8059.81,83.25,0.241,12.5,0.251,20.5,87.02,21.7902,-5.10193,15.87014,8e-05,0.63419
8206.41,BTC-27MAR20,1569581943761,open,2.68,0.0,2.5875,2.761,2.66922944,96.37,None,0.0,BTC-27MAR20-30000-P,8059.81,0.0,0.04,1.0,0.0,0.0,0.0,6.787,-1.79809,-147.6389,2e-05,-0.94126
8206.41,BTC-27MAR20,1569581943761,open,0.02,65.1,0.0045,0.0425,0.01865761,93.79,0.0215,0.0,BTC-27MAR20-26000-C,8059.81,91.64,0.0165,8.2,0.0205,24.0,95.51,8.54217,-2.20244,2.47336,3e-05,0.07914
8206.41,BTC-27MAR20,1569581943761,open,0.01,68.5,0.003,0.034,0.01339015,96.17,0.0145,0.0,BTC-27MAR20-30000-C,8059.81,93.77,0.0115,13.0,0.0145,10.0,97.49,6.73884,-1.78172,1.83285,2e-05,0.05821
8206.41,BTC-27MAR20,1569581943761,open,0.08,258.3,0.0415,0.1265,0.08244844,86.88,0.082,0.0,BTC-27MAR20-14000-C,8059.81,85.86,0.08,13.0,0.086,6.4,88.35,19.70894,-4.70753,8.33516,7e-05,0.28628
8117.9,BTC-27DEC19,1569581943761,open,0.43,261.6,0.3755,0.4855,0.43052841,89.38,0.4265,0.0,BTC-27DEC19-11000-P,8059.81,70.15,0.398,5.0,0.4695,5.0,110.31,14.54876,-7.15446,-22.37721,0.0001,-0.67662
8117.9,BTC-27DEC19,1569581943761,open,0.0,1542.5,0.0005,0.0105,0.00086183,128.65,0.0015,0.0,BTC-27DEC19-52000-C,8059.81,0.0,0.0,0.0,0.001,10.0,130.44,0.59112,-0.4184,0.08469,0.0,0.00505
8206.41,BTC-27MAR20,1569581943761,open,3.16,0.0,3.0645,3.2525,3.15332472,98.59,None,0.0,BTC-27MAR20-34000-P,8059.81,0.0,0.05,1.0,0.0,0.0,0.0,5.49821,-1.49015,-167.99327,2e-05,-0.95493
8117.9,BTC-27DEC19,1569581943761,open,0.33,519.5,0.2785,0.387,0.33346804,89.35,0.325,0.0,BTC-27DEC19-10000-P,8059.81,84.68,0.3245,15.0,0.3665,6.0,106.23,15.68259,-7.70936,-18.80001,0.00011,-0.5967
8117.9,BTC-27DEC19,1569581943761,open,5.41,0.8,5.2805,5.54,5.40674341,132.14,3.59,0.0,BTC-27DEC19-52000-P,8059.81,0.0,0.001,1.0,0.0,0.0,0.0,0.7332,-0.53305,-129.35976,0.0,-0.99356
8117.9,BTC-27DEC19,1569581943761,open,0.02,667.7,0.0085,0.043,0.02329411,102.93,0.023,0.0,BTC-27DEC19-4500-P,8059.81,102.54,0.023,18.0,0.026,66.0,106.51,6.01803,-3.40825,-2.08636,4e-05,-0.07993
8117.9,BTC-27DEC19,1569581943761,open,0.0,239.8,0.0005,0.0105,0.00081876,141.81,0.0005,0.0,BTC-27DEC19-1500-P,8059.81,0.0,0.0,0.0,0.0015,10.0,153.55,0.37839,-0.29523,-0.0786,0.0,-0.00307
8117.9,BTC-27DEC19,1569581943761,open,0.0,466.7,0.0005,0.0125,0.0027679,104.51,0.0015,0.0,BTC-27DEC19-28000-C,8059.81,100.49,0.002,32.0,0.0035,23.0,107.67,1.73152,-0.99566,0.29326,1e-05,0.01728
8117.9,BTC-27DEC19,1569581943761,open,0.36,73.3,0.3355,0.4,0.36830595,96.23,0.491,0.0,BTC-27DEC19-5500-C,8059.81,0.0,0.007,2.2,0.4875,1.0,188.0,9.30281,-4.92542,9.80344,6e-05,0.85335
8117.9,BTC-27DEC19,1569581943761,open,0.0,432.2,0.0005,0.0105,0.00073053,117.13,0.0005,0.0,BTC-27DEC19-44000-C,8059.81,0.0,0.0,0.0,0.001,10.0,120.64,0.55063,-0.35484,0.07953,0.0,0.00467
8117.9,BTC-27DEC19,1569581943761,open,0.54,74.2,0.48,0.59,0.53416889,89.35,0.496,0.0,BTC-27DEC19-12000-P,8059.81,66.77,0.502,4.0,0.5785,4.0,114.85,13.05037,-6.41544,-25.8209,9e-05,-0.74337
8117.9,BTC-27DEC19,1569581943761,open,0.04,471.5,0.0165,0.073,0.04190943,89.63,0.0415,0.0,BTC-27DEC19-13000-C,8059.81,89.34,0.0415,17.0,0.0435,30.6,90.75,11.45769,-5.65022,3.26543,8e-05,0.20347
8117.9,BTC-27DEC19,1569581943761,open,1.23,9.4,1.1775,1.2895,1.23011012,94.3,1.1125,0.0,BTC-27DEC19-18000-P,8059.81,0.0,0.04,1.0,1.911,0.2,500.0,5.59035,-2.90056,-43.60746,4e-05,-0.92745
8117.9,BTC-27DEC19,1569581943761,open,0.0,134.2,0.0005,0.0115,0.00175391,130.69,0.0025,0.0,BTC-27DEC19-2000-P,8059.81,127.82,0.0015,32.0,0.0025,10.0,137.8,0.75671,-0.54411,-0.17033,0.0,-0.00667
8206.41,BTC-27MAR20,1569581943761,open,0.01,59.0,0.0005,0.026,0.00931945,100.13,0.008,0.0,BTC-27MAR20-36000-C,8059.81,98.78,0.0085,1.0,0.01,25.0,101.2,5.09986,-1.4039,1.29825,2e-05,0.04107
8206.41,BTC-27MAR20,1569581943761,open,0.01,22.1,0.0005,0.0275,0.0100402,98.31,0.009,0.0,BTC-27MAR20-34000-C,8059.81,95.86,0.0085,13.0,0.011,10.0,99.72,5.43665,-1.46939,1.40703,2e-05,0.04445
8117.9,BTC-27DEC19,1569581943762,open,0.03,725.7,0.0135,0.0565,0.03297304,99.14,0.032,0.0,BTC-27DEC19-5000-P,8059.81,98.63,0.0325,28.0,0.0355,14.9,101.8,7.61179,-4.15192,-2.88774,5e-05,-0.1099
8117.9,BTC-27DEC19,1569581943761,open,0.02,605.4,0.0075,0.05,0.02484692,91.16,0.027,0.0,BTC-27DEC19-15000-C,8059.81,89.88,0.0235,36.0,0.0265,37.0,92.7,8.60803,-4.31759,2.14268,6e-05,0.13086
8117.9,BTC-27DEC19,1569581943761,open,0.0,642.0,0.0005,0.0155,0.00482784,101.26,0.003,0.0,BTC-27DEC19-24000-C,8059.81,98.61,0.004,16.0,0.006,32.0,104.55,2.69448,-1.50118,0.49247,2e-05,0.02919
8117.9,BTC-27DEC19,1569581943761,open,0.0,705.4,0.0005,0.012,0.00219064,106.16,0.002,0.0,BTC-27DEC19-30000-C,8059.81,101.69,0.0015,32.0,0.003,4.9,110.27,1.42826,-0.83425,0.23477,1e-05,0.01381
8117.9,BTC-27DEC19,1569581943762,open,0.69,0.0,0.686,0.707,0.69592622,125.5,None,0.0,BTC-27DEC19-2500-C,8059.81,0.0,0.04,1.0,0.9295,0.5,500.0,1.45636,-1.00564,5.86037,1e-05,0.98588
8117.9,BTC-27DEC19,1569581943762,open,0.24,56.9,0.2015,0.2845,0.24490746,91.1,0.24,0.0,BTC-27DEC19-7000-C,8059.81,88.81,0.241,22.6,0.248,7.6,92.91,13.86663,-6.9501,9.39913,9e-05,0.70995
8117.9,BTC-27DEC19,1569581943762,open,0.03,558.4,0.011,0.0605,0.03236809,90.6,0.0315,0.0,BTC-27DEC19-14000-C,8059.81,89.89,0.0315,4.1,0.034,30.6,91.91,10.00223,-4.98595,2.65375,7e-05,0.16367
8117.9,BTC-27DEC19,1569581943762,open,0.0,401.6,0.0005,0.0165,0.00687867,119.41,0.004,0.0,BTC-27DEC19-3000-P,8059.81,118.07,0.0065,32.0,0.0085,32.0,124.74,2.32721,-1.52892,-0.63411,1e-05,-0.0245
8117.9,BTC-27DEC19,1569581943762,open,0.01,228.1,0.0005,0.0225,0.01043111,112.26,0.011,0.0,BTC-27DEC19-3500-P,8059.81,112.43,0.0105,10.0,0.013,58.0,118.23,3.30258,-2.03984,-0.96618,2e-05,-0.03737
8117.9,BTC-27DEC19,1569581943763,open,0.16,540.2,0.1205,0.214,0.16797494,89.36,0.166,0.0,BTC-27DEC19-8000-P,8059.81,87.56,0.1645,9.0,0.1715,19.9,91.19,15.63965,-7.68968,-11.46079,0.00011,-0.39907
8117.9,BTC-27DEC19,1569581943763,open,0.41,66.8,0.389,0.445,0.41705475,99.14,0.4155,0.0,BTC-27DEC19-5000-C,8059.81,75.85,0.398,11.0,0.436,11.0,117.96,7.61212,-4.15231,9.56075,5e-05,0.89009
8117.9,BTC-27DEC19,1569581943763,open,2.21,0.0,2.1405,2.2795,2.20653727,103.4,None,0.0,BTC-27DEC19-26000-P,8059.81,0.0,0.06,1.0,2.847,0.2,500.0,2.19482,-1.24863,-64.34716,1e-05,-0.97715
8117.9,BTC-27DEC19,1569581943762,open,0.87,210.2,0.821,0.9295,0.87260726,91.15,0.8375,0.0,BTC-27DEC19-15000-P,8059.81,0.0,0.839,3.0,0.915,3.0,122.88,8.60675,-4.31658,-35.2039,6e-05,-0.86917
8117.9,BTC-27DEC19,1569581943763,open,0.02,335.4,0.0055,0.0425,0.01969902,92.24,0.017,0.0,BTC-27DEC19-16000-C,8059.81,90.91,0.0185,6.0,0.0215,67.0,94.16,7.45308,-3.78249,1.75907,5e-05,0.10673
8117.9,BTC-27DEC19,1569581943762,open,0.13,210.2,0.0905,0.177,0.13430627,89.38,0.1355,0.0,BTC-27DEC19-7500-P,8059.81,88.4,0.1325,10.0,0.136,1.0,90.3,14.91419,-7.33437,-9.67521,0.0001,-0.34439
8117.9,BTC-27DEC19,1569581943762,open,0.04,359.0,0.0215,0.0735,0.04585112,96.26,0.048,0.0,BTC-27DEC19-5500-P,8059.81,95.95,0.0455,26.0,0.0485,46.6,98.55,9.30433,-4.92756,-3.89149,6e-05,-0.14669
8117.9,BTC-27DEC19,1569581943762,open,1.47,4.6,1.4175,1.5345,1.47239961,96.38,1.466,0.0,BTC-27DEC19-20000-P,8059.81,0.0,0.05,1.0,2.1435,0.2,500.0,4.24969,-2.25357,-48.9384,3e-05,-0.94891
8117.9,BTC-27DEC19,1569581943763,open,2.95,0.3,2.865,3.0305,2.94409288,110.38,1.875,0.0,BTC-27DEC19-32000-P,8059.81,0.0,0.0005,1.0,0.0,0.0,0.0,1.3897,-0.84396,-79.44571,1e-05,-0.98662
8117.9,BTC-27DEC19,1569581943763,open,0.58,4.0,0.5635,0.597,0.57928584,112.26,0.666,0.0,BTC-27DEC19-3500-C,8059.81,0.0,0.04,1.0,0.9485,1.0,500.0,3.30269,-2.03994,7.74788,2e-05,0.96263
8117.91,BTC-27DEC19,1569581943763,open,0.82,0.9,0.8065,0.826,0.81604328,141.83,0.8065,0.0,BTC-27DEC19-1500-C,8059.81,0.0,0.808,17.0,0.824,1.0,207.86,0.37875,-0.29557,3.65593,0.0,0.99693
8117.91,BTC-27DEC19,1569581943763,open,0.1,316.2,0.0675,0.147,0.10719306,91.09,0.102,0.0,BTC-27DEC19-7000-P,8059.81,90.1,0.1055,12.0,0.11,12.3,92.73,13.86659,-6.94982,-8.02892,9e-05,-0.29005
8068.67,SYN.BTC-11OCT19,1569581943761,open,0.0,0.2775,0.3435,0.30878377,95.3,None,0.0,BTC-11OCT19-10500-P,8059.81,0.0,0.0,0.0,0.0,0.0,0.0,2.61026,-8.96358,-3.73032,0.00011,-0.90735
8117.91,BTC-27DEC19,1569581943763,open,0.21,126.6,0.1655,0.251,0.21042885,89.38,0.207,0.0,BTC-27DEC19-7500-C,8059.81,88.06,0.208,18.7,0.2145,22.7,91.6,14.91418,-7.33465,8.99779,0.0001,0.65561
8117.91,BTC-27DEC19,1569581943764,open,0.0,621.5,0.0005,0.0115,0.00174876,115.12,0.001,0.0,BTC-27DEC19-36000-C,8059.81,101.73,0.0005,1172.0,0.003,42.0,122.43,1.13207,-0.71702,0.17808,1e-05,0.01056
8117.91,BTC-27DEC19,1569581943763,open,0.0,229.1,0.0005,0.0135,0.00390036,125.57,0.002,0.0,BTC-27DEC19-2500-P,8059.81,123.27,0.0035,32.0,0.005,33.0,131.25,1.45919,-1.00816,-0.3649,1e-05,-0.01415
8117.91,BTC-27DEC19,1569581943764,open,0.64,99.0,0.5905,0.6995,0.64330533,89.63,0.638,0.0,BTC-27DEC19-13000-P,8059.81,60.4,0.611,4.0,0.6875,4.0,117.29,11.45756,-5.65008,-29.10131,8e-05,-0.79653
8117.91,BTC-27DEC19,1569581943764,open,0.0,495.6,0.0005,0.011,0.0010134,115.11,0.001,0.0,BTC-27DEC19-40000-C,8059.81,107.79,0.0005,0.1,0.0015,34.0,119.77,0.72911,-0.46178,0.10885,0.0,0.0064
8117.91,BTC-27DEC19,1569581943764,open,4.43,0.0,4.314,4.535,4.42081164,116.63,3.46,0.0,BTC-27DEC19-44000-P,8059.81,0.0,0.001,1.0,0.0,0.0,0.0,0.53147,-0.34104,-109.47225,0.0,-0.99552
8117.91,BTC-27DEC19,1569581943764,open,0.76,268.3,0.705,0.8135,0.75702173,90.66,0.7205,0.0,BTC-27DEC19-14000-P,8059.81,0.0,0.724,3.0,0.7995,3.0,119.71,10.01126,-4.99365,-32.19953,7e-05,-0.83611
8117.91,BTC-27DEC19,1569581943764,open,0.28,63.0,0.241,0.3185,0.28123566,91.85,0.345,0.0,BTC-27DEC19-6500-C,8059.81,0.0,0.19,2.0,0.8805,2.0,500.0,12.52234,-6.32803,9.72571,8e-05,0.76243
8117.91,BTC-27DEC19,1569581943764,open,0.46,4.1,0.445,0.4935,0.46896765,102.94,0.578,0.0,BTC-27DEC19-4500-C,8059.81,0.0,0.0125,1.1,0.9015,1.0,500.0,6.01837,-3.4086,9.11731,4e-05,0.92006
8117.91,BTC-27DEC19,1569581943764,open,3.93,0.0,3.831,4.033,3.92835995,114.77,2.58,0.0,BTC-27DEC19-40000-P,8059.81,0.0,0.001,1.0,0.0,0.0,0.0,0.71286,-0.45017,-99.4836,0.0,-0.99376
8117.91,BTC-27DEC19,1569581943764,open,0.0,324.9,0.0005,0.012,0.00221527,110.54,0.0015,0.0,BTC-27DEC19-32000-C,8059.81,101.4,0.001,32.0,0.0035,10.0,116.83,1.40253,-0.85304,0.22845,1e-05,0.01352
8077.62,SYN.BTC-25OCT19,1569581943761,open,0.18,9.1,0.149,0.215,0.18324174,100.69,0.172,0.0,BTC-25OCT19-7000-C,8059.81,92.47,0.176,21.7,0.1865,16.7,104.33,7.19228,-12.98978,3.45532,0.00014,0.74335
8068.67,SYN.BTC-11OCT19,1569581943761,open,0.0,0.0375,0.1015,0.06940574,95.14,None,0.0,BTC-11OCT19-8000-P,8059.81,92.02,0.067,24.0,0.0735,39.9,100.46,6.21596,-21.31011,-1.57723,0.00026,-0.44479
8117.91,BTC-27DEC19,1569581943764,open,0.0,334.4,0.0005,0.0105,0.00086873,124.11,0.0005,0.0,BTC-27DEC19-48000-C,8059.81,0.0,0.0,0.0,0.0015,33.0,130.87,0.60998,-0.41653,0.08822,0.0,0.00523
8117.91,BTC-27DEC19,1569581943764,open,0.63,0.0,0.625,0.652,0.6373277,119.41,None,0.0,BTC-27DEC19-3000-C,8059.81,0.0,0.04,1.0,0.9215,0.5,500.0,2.32763,-1.5293,6.83497,1e-05,0.9755
8117.91,BTC-27DEC19,1569581943765,open,3.44,1.3,3.348,3.5325,3.43636041,114.92,2.2,0.0,BTC-27DEC19-36000-P,8059.81,0.0,0.0005,1.0,0.0,0.0,0.0,1.11925,-0.70769,-89.45496,1e-05,-0.98958
8117.91,BTC-27DEC19,1569581943765,open,0.75,0.0,0.7455,0.765,0.75538616,130.7,None,0.0,BTC-27DEC19-2000-C,8059.81,0.0,0.02,1.3,0.938,0.5,500.0,0.75701,-0.54437,4.80908,0.0,0.99332
8100.0,SYN.BTC-29NOV19,1569581943761,open,0.0,0.1715,0.267,0.22010293,91.25,None,0.0,BTC-29NOV19-9000-P,8059.81,87.54,0.214,19.2,0.2255,19.2,94.52,13.35906,-9.69349,-10.54169,0.00013,-0.5354
8117.91,BTC-27DEC19,1569581943765,open,0.06,1125.3,0.0325,0.0935,0.06181486,93.66,0.064,0.0,BTC-27DEC19-6000-P,8059.81,93.43,0.0615,25.0,0.065,40.0,96.01,10.96641,-5.65129,-5.07505,7e-05,-0.18928
8117.91,BTC-27DEC19,1569581943765,open,0.01,481.2,0.003,0.031,0.01268957,94.16,0.0145,0.0,BTC-27DEC19-18000-C,8059.81,92.38,0.0115,37.0,0.0145,68.0,96.7,5.56653,-2.88381,1.20179,4e-05,0.07215
8064.2,SYN.BTC-4OCT19,1569581943761,open,0.37,4.9,0.3375,0.398,0.36575058,114.91,0.392,0.0,BTC-4OCT19-11000-P,8059.81,0.0,0.015,1.0,0.0,0.0,0.0,0.74051,-6.1876,-2.03005,5e-05,-0.9706
8100.0,SYN.BTC-29NOV19,1569581943761,open,0.0,0.5835,0.679,0.62926556,91.57,None,0.0,BTC-29NOV19-13000-P,8059.81,0.0,0.05,1.0,1.6295,2.0,500.0,7.69042,-5.60033,-20.69931,7e-05,-0.85421
8117.91,BTC-27DEC19,1569581943765,open,2.7,0.2,2.6235,2.779,2.69770095,106.03,2.03,0.0,BTC-27DEC19-30000-P,8059.81,0.0,0.05,1.0,0.0,0.0,0.0,1.41805,-0.82729,-74.45945,1e-05,-0.98631
8064.2,SYN.BTC-4OCT19,1569581943761,open,0.13,102.6,0.0995,0.1635,0.13110809,94.3,0.135,0.0,BTC-4OCT19-9000-P,8059.81,88.95,0.129,8.0,0.133,12.0,98.92,3.24831,-22.27515,-1.38916,0.00028,-0.78336
8117.91,BTC-27DEC19,1569581943765,open,0.01,427.3,0.005,0.032,0.01593904,107.32,0.0145,0.0,BTC-27DEC19-4000-P,8059.81,107.43,0.016,10.0,0.018,3.0,110.89,4.56935,-2.69819,-1.45363,3e-05,-0.05598
8117.91,BTC-27DEC19,1569581943765,open,0.06,684.7,0.025,0.091,0.05595463,89.35,0.0535,0.0,BTC-27DEC19-12000-C,8059.81,88.75,0.055,16.2,0.0575,30.6,90.31,13.05042,-6.41548,4.05607,9e-05,0.25664
8117.91,BTC-27DEC19,1569581943765,open,4.92,0.0,4.797,5.0375,4.91368449,123.62,None,0.0,BTC-27DEC19-48000-P,8059.81,0.0,0.0005,2.0,0.0,0.0,0.0,0.5906,-0.40171,-119.42258,0.0,-0.99495
8117.91,BTC-27DEC19,1569581943765,open,0.0,463.3,0.0005,0.0135,0.00376219,103.49,0.0025,0.0,BTC-27DEC19-26000-C,8059.81,98.18,0.0025,42.0,0.005,38.0,107.62,2.20415,-1.25499,0.38806,1e-05,0.02296
8064.2,SYN.BTC-4OCT19,1569581943761,open,0.2,0.0,0.179,0.228,0.20245119,128.62,None,0.0,BTC-4OCT19-6500-C,8059.81,0.0,0.1285,10.0,0.0,0.0,0.0,1.87263,-17.51458,1.06704,0.00012,0.90487
8068.67,SYN.BTC-11OCT19,1569581943761,open,0.0,0.184,0.237,0.21040337,110.6,None,0.0,BTC-11OCT19-6500-C,8059.81,0.0,0.1905,1.0,0.2295,1.0,150.42,3.38823,-13.5031,2.01272,0.00012,0.86658
8117.91,BTC-27DEC19,1569581943765,open,0.01,389.0,0.0005,0.0195,0.0066418,99.53,0.006,0.0,BTC-27DEC19-22000-C,8059.81,96.68,0.0055,16.3,0.008,69.0,102.55,3.43936,-1.88349,0.65966,2e-05,0.03928
8064.2,SYN.BTC-4OCT19,1569581943761,open,0.61,0.0,0.581,0.6485,0.61264043,142.01,None,0.0,BTC-4OCT19-13000-P,8059.81,0.0,0.05,1.0,0.0,0.0,0.0,0.27753,-2.86612,-2.43559,2e-05,-0.99067
8064.2,SYN.BTC-4OCT19,1569581943761,open,0.0,55.1,0.0005,0.0105,0.00081132,115.23,0.0005,0.0,BTC-4OCT19-11500-C,8059.81,0.0,0.0,0.0,0.001,1.0,118.57,0.42374,-3.55072,0.02184,3e-05,0.01519
8064.2,SYN.BTC-4OCT19,1569581943762,open,0.17,0.0,0.1485,0.2,0.17367362,119.92,None,0.0,BTC-4OCT19-6750-C,8059.81,0.0,0.1285,10.0,0.0,0.0,0.0,2.24499,-19.57736,1.06935,0.00015,0.87761
8077.62,SYN.BTC-25OCT19,1569581943761,open,0.38,29.0,0.3425,0.42,0.37972534,95.0,0.415,0.0,BTC-25OCT19-11000-P,8059.81,0.0,0.353,3.0,0.4095,3.0,133.21,5.15871,-8.79016,-7.59844,0.00011,-0.85198
8117.91,BTC-27DEC19,1569581943766,open,0.01,831.3,0.0005,0.0235,0.00872647,96.42,0.0065,0.0,BTC-27DEC19-20000-C,8059.81,93.97,0.0075,48.0,0.01,22.0,98.75,4.255,-2.2572,0.85775,3e-05,0.05117
8117.91,BTC-27DEC19,1569581943766,open,2.46,0.1,2.382,2.5285,2.45208875,105.23,1.49,0.0,BTC-27DEC19-28000-P,8059.81,0.0,0.06,1.0,0.0,0.0,0.0,1.79882,-1.04151,-69.40682,1e-05,-0.98193
8077.62,SYN.BTC-25OCT19,1569581943761,open,0.5,37.4,0.4595,0.5355,0.49534677,96.39,0.533,0.0,BTC-25OCT19-12000-P,8059.81,0.0,0.472,3.0,0.5275,3.0,145.97,3.56684,-6.16656,-8.68155,7e-05,-0.91194
8100.0,SYN.BTC-29NOV19,1569581943761,open,0.0,0.2715,0.336,0.30454664,97.01,None,0.0,BTC-29NOV19-6000-C,8059.81,0.0,0.05,5.0,0.4055,4.0,182.68,8.56811,-6.60976,7.30522,8e-05,0.8281
8077.62,SYN.BTC-25OCT19,1569581943761,open,0.07,50.1,0.04,0.104,0.07175446,97.8,0.0745,0.0,BTC-25OCT19-7500-P,8059.81,96.07,0.07,14.0,0.0745,35.6,100.51,8.18878,-14.36494,-2.54648,0.00017,-0.34103
8064.2,SYN.BTC-4OCT19,1569581943761,open,0.01,245.1,0.0005,0.022,0.00706954,95.08,0.0055,0.0,BTC-4OCT19-9500-C,8059.81,86.81,0.005,50.9,0.0065,0.2,92.92,2.17393,-15.03029,0.16689,0.00019,0.11693
8064.2,SYN.BTC-4OCT19,1569581943764,open,0.02,40.7,0.004,0.0445,0.02153558,94.15,0.0205,0.0,BTC-4OCT19-8750-C,8059.81,87.55,0.0185,11.0,0.0205,1.2,91.92,3.75988,-25.74327,0.40077,0.00033,0.28536
8064.2,SYN.BTC-4OCT19,1569581943763,open,0.0,148.9,0.0005,0.0115,0.00162613,114.13,0.0015,0.0,BTC-4OCT19-11000-C,8059.81,106.03,0.001,2.4,0.002,46.1,118.04,0.72123,-5.98584,0.04079,5e-05,0.02848
8068.67,SYN.BTC-11OCT19,1569581943761,open,0.0,0.0005,0.02,0.00722872,110.73,None,0.0,BTC-11OCT19-6000-P,8059.81,118.91,0.0095,50.0,0.0125,48.0,128.5,2.09923,-8.37638,-0.23516,8e-05,-0.06944
8068.67,SYN.BTC-11OCT19,1569581943762,open,0.1,0.0005,0.0215,0.00738799,95.09,0.007,0.0,BTC-11OCT19-10500-C,8059.81,88.8,0.0055,2.0,0.008,40.0,96.96,2.599,-8.90568,0.25987,0.00011,0.09211
8064.2,SYN.BTC-4OCT19,1569581943761,open,0.55,0.0,0.52,0.585,0.55063436,131.88,None,0.0,BTC-4OCT19-12500-P,8059.81,0.0,0.01,2.0,0.0,0.0,0.0,0.2919,-2.79953,-2.34055,2e-05,-0.99012
8064.2,SYN.BTC-4OCT19,1569581943761,open,0.01,290.8,0.002,0.0355,0.01470066,114.61,0.0175,0.0,BTC-4OCT19-7000-P,8059.81,114.02,0.0145,44.0,0.017,48.0,121.24,2.73623,-22.80581,-0.2714,0.00019,-0.16396
8064.2,SYN.BTC-4OCT19,1569581943765,open,0.15,24.5,0.119,0.174,0.14662146,114.48,0.1345,0.0,BTC-4OCT19-7000-C,8059.81,0.0,0.126,10.0,0.163,10.0,157.71,2.7337,-22.7585,1.04765,0.00019,0.83627
8068.67,SYN.BTC-11OCT19,1569581943761,open,0.0,0.0005,0.015,0.00434909,95.63,None,0.0,BTC-11OCT19-11000-C,8059.81,89.07,0.003,2.0,0.0055,40.0,100.37,1.83302,-6.31623,0.16558,8e-05,0.05833
8077.62,SYN.BTC-25OCT19,1569581943763,open,1.11,0.0,1.064,1.1535,1.10645693,118.59,None,0.0,BTC-25OCT19-17000-P,8059.81,0.0,0.05,1.0,0.0,0.0,0.0,0.96838,-2.05994,-12.88634,2e-05,-0.98242
8077.62,SYN.BTC-25OCT19,1569581943763,open,0.05,1131.5,0.0235,0.0785,0.04987651,100.74,0.051,0.0,BTC-25OCT19-7000-P,8059.81,99.19,0.0485,16.0,0.052,10.0,103.12,7.19312,-12.99756,-1.89133,0.00014,-0.25671
8077.62,SYN.BTC-25OCT19,1569581943763,open,0.01,379.4,0.0005,0.0245,0.00968715,96.22,0.009,0.0,BTC-25OCT19-12000-C,8059.81,93.43,0.0085,46.0,0.0105,10.0,98.03,3.55325,-6.13237,0.48074,7e-05,0.08762
8068.67,SYN.BTC-11OCT19,1569581943761,open,0.0,0.219,0.2875,0.25201572,95.23,None,0.0,BTC-11OCT19-10000-P,8059.81,0.0,0.0,0.0,0.0,0.0,0.0,3.56765,-12.24299,-3.39892,0.00015,-0.85608
8077.62,SYN.BTC-25OCT19,1569581943776,open,0.02,575.5,0.0045,0.0375,0.01787069,94.89,0.018,0.0,BTC-25OCT19-11000-C,8059.81,91.89,0.016,32.0,0.018,15.1,95.09,5.15083,-8.76694,0.80079,0.00011,0.14768
8117.9,BTC-27DEC19,1569581943783,open,1.96,0.0,1.8995,2.0305,1.96138857,101.65,None,0.0,BTC-27DEC19-24000-P,8059.81,0.0,0.05,1.0,2.6115,0.2,500.0,2.74191,-1.53351,-59.25153,2e-05,-0.97019
166.04,SYN.ETH-25OCT19,1569581943852,open,0.02,1350.0,0.004,0.036,0.017248,105.74,0.016,0.0,ETH-25OCT19-240-C,165.83,101.83,0.015,497.0,0.02,517.0,110.24,0.09834,-0.18652,0.01461,0.00442,0.13248
168.1,ETH-27MAR20,1569581944210,open,0.39,40.0,0.344,0.432,0.392082,93.73,0.459,0.0,ETH-27MAR20-120-C,165.81,76.68,0.359,20.0,0.0,0.0,0.0,0.33258,-0.0857,0.34136,0.00252,0.79962
168.1,ETH-27MAR20,1569581944211,open,0.03,1068.0,0.016,0.058,0.035659,100.37,0.04,0.0,ETH-27MAR20-80-P,165.81,97.81,0.033,320.0,0.04,348.0,104.41,0.17709,-0.04886,-0.09722,0.00125,-0.08041
168.1,ETH-27MAR20,1569581944211,open,0.56,19.0,0.53,0.587,0.559695,100.31,0.542,0.0,ETH-27MAR20-80-C,165.81,74.88,0.537,32.0,0.574,32.0,113.18,0.177,-0.04881,0.3015,0.00125,0.91964
165.93,SYN.ETH-11OCT19,1569581944210,open,0.0,0.08,0.16,0.120819,87.06,None,0.0,ETH-11OCT19-180-P,165.81,0.0,0.0,0.0,0.0,0.0,0.0,0.1194,-0.37458,-0.04884,0.0131,-0.65341
165.93,SYN.ETH-11OCT19,1569581944210,open,0.0,0.044,0.115,0.079607,84.73,None,0.0,ETH-11OCT19-170-P,165.81,92.96,0.086,255.0,0.103,255.0,114.82,0.1288,-0.39325,-0.03817,0.01452,-0.52552
165.88,SYN.ETH-4OCT19,1569581944210,open,0.0,21.0,0.001,0.011,0.000964,133.2,0.007,0.0,ETH-4OCT19-250-C,165.81,0.0,0.0,0.0,0.002,500.0,147.98,0.00896,-0.08677,0.00046,0.0013,0.01568
165.93,SYN.ETH-11OCT19,1569581944210,open,0.0,0.025,0.084,0.05496,84.56,None,0.0,ETH-11OCT19-170-C,165.81,92.33,0.061,336.0,0.074,336.0,109.05,0.1288,-0.39245,0.02645,0.01455,0.4743
168.08,ETH-27MAR20,1569581944212,open,0.27,328.0,0.219,0.326,0.277801,93.77,0.29,0.0,ETH-27MAR20-160-C,165.81,90.0,0.268,300.0,0.29,31.0,98.48,0.43599,-0.11239,0.31793,0.0033,0.6574
165.88,SYN.ETH-4OCT19,1569581944210,open,0.0,27.0,0.001,0.011,0.000707,138.24,0.001,0.0,ETH-4OCT19-260-C,165.81,0.0,0.0,0.0,0.002,500.0,159.41,0.00685,-0.06883,0.00034,0.00096,0.01149
165.93,SYN.ETH-11OCT19,1569581944210,open,0.0,0.125,0.209,0.167009,87.22,None,0.0,ETH-11OCT19-190-P,165.81,0.0,0.0,0.0,0.0,0.0,0.0,0.10021,-0.31495,-0.05858,0.01098,-0.76159
166.29,SYN.ETH-29NOV19,1569581944210,open,0.0,0.087,0.175,0.134199,100.71,None,0.0,ETH-29NOV19-180-C,165.81,95.76,0.126,362.0,0.138,362.0,103.01,0.27529,-0.22048,0.10702,0.00574,0.50778
166.29,SYN.ETH-29NOV19,1569581944210,open,0.0,0.056,0.137,0.098376,100.85,None,0.0,ETH-29NOV19-200-C,165.81,96.25,0.091,396.0,0.103,396.0,103.71,0.26806,-0.21497,0.08881,0.00558,0.4084
168.08,ETH-27MAR20,1569581944213,open,0.1,1753.0,0.065,0.146,0.106028,93.75,0.108,0.0,ETH-27MAR20-120-P,165.81,91.71,0.102,620.0,0.109,10.0,95.25,0.33261,-0.08573,-0.25668,0.00252,-0.20044
165.88,SYN.ETH-4OCT19,1569581944211,open,0.56,0.0,0.523,0.618,0.568295,142.59,None,0.0,ETH-4OCT19-260-P,165.81,0.0,0.0,0.0,0.0,0.0,0.0,0.0081,-0.08404,-0.04857,0.0011,-0.98604
166.29,SYN.ETH-29NOV19,1569581944210,open,0.0,0.241,0.358,0.301263,100.97,None,0.0,ETH-29NOV19-200-P,165.81,0.0,0.0,0.0,0.0,0.0,0.0,0.2681,-0.21526,-0.25568,0.00557,-0.5913
166.29,SYN.ETH-29NOV19,1569581944210,open,0.0,0.161,0.269,0.216797,100.82,None,0.0,ETH-29NOV19-180-P,165.81,87.05,0.194,320.0,0.0,0.0,0.0,0.27529,-0.22071,-0.20306,0.00573,-0.49205
165.88,SYN.ETH-4OCT19,1569581944211,open,0.0,8.0,0.001,0.011,0.000786,149.97,0.001,0.0,ETH-4OCT19-270-C,165.81,0.0,0.0,0.0,0.004,500.0,190.27,0.007,-0.07638,0.00034,0.0009,0.01179
165.93,SYN.ETH-11OCT19,1569581944210,open,50.0,0.012,0.062,0.035898,86.86,0.02,0.0,ETH-11OCT19-180-C,165.81,93.9,0.041,384.0,0.053,384.0,110.09,0.11934,-0.37355,0.01957,0.01313,0.34612
165.88,SYN.ETH-4OCT19,1569581944210,open,0.44,0.0,0.406,0.497,0.448765,135.26,None,0.0,ETH-4OCT19-240-P,165.81,0.0,0.0,0.0,0.0,0.0,0.0,0.01503,-0.1478,-0.04437,0.00214,-0.97108
165.88,SYN.ETH-4OCT19,1569581944211,open,0.5,0.0,0.464,0.557,0.50826,136.48,None,0.0,ETH-4OCT19-250-P,165.81,0.0,0.0,0.0,0.0,0.0,0.0,0.0101,-0.1002,-0.04657,0.00143,-0.98196
165.93,SYN.ETH-11OCT19,1569581944210,open,50.0,0.005,0.044,0.021815,86.97,0.02,0.0,ETH-11OCT19-190-C,165.81,92.16,0.025,427.0,0.036,427.0,109.04,0.10003,-0.3135,0.01361,0.01099,0.23763
8099.97,SYN.BTC-29NOV19,1569581944772,open,0.0,0.26,0.359,0.30996187,91.22,None,0.0,BTC-29NOV19-10000-P,8059.81,0.0,0.0,0.0,0.408,3.0,151.63,12.53718,-9.09475,-13.30085,0.00012,-0.64329
8068.67,SYN.BTC-11OCT19,1569581944775,open,0.1,0.0035,0.0355,0.01602205,110.68,0.0155,0.0,BTC-11OCT19-6500-P,8059.81,109.43,0.0155,59.9,0.019,46.0,117.56,3.39067,-13.52265,-0.45883,0.00012,-0.13356
8064.2,SYN.BTC-4OCT19,1569581944815,open,0.06,151.5,0.026,0.0835,0.05540251,94.17,0.055,0.0,BTC-4OCT19-8000-C,8059.81,89.75,0.053,29.0,0.0555,0.1,94.35,4.38036,-29.99825,0.75183,0.00038,0.55032
8064.2,SYN.BTC-4OCT19,1569581944855,open,0.02,314.1,0.0035,0.043,0.01979574,108.87,0.0225,0.0,BTC-4OCT19-7250-P,8059.81,109.38,0.02,12.3,0.022,42.0,114.3,3.23965,-25.64954,-0.35766,0.00024,-0.21565
8077.62,SYN.BTC-25OCT19,1569581944873,open,0.08,17.5,0.0495,0.115,0.08291513,94.88,0.0795,0.0,BTC-25OCT19-8500-C,8059.81,90.43,0.078,10.0,0.08,0.6,92.25,8.88773,-15.12609,2.41752,0.00019,0.47478
8064.2,SYN.BTC-4OCT19,1569581944875,open,0.01,244.4,0.001,0.029,0.01074335,120.07,0.013,0.0,BTC-4OCT19-6750-P,8059.81,122.73,0.0115,40.0,0.014,69.0,131.17,2.24835,-19.63199,-0.20265,0.00015,-0.12265
8064.2,SYN.BTC-4OCT19,1569581944885,open,0.19,100.3,0.1565,0.217,0.18512177,95.1,0.185,0.0,BTC-4OCT19-9500-P,8059.81,0.0,0.164,4.0,0.2075,4.0,155.7,2.17476,-15.0397,-1.62258,0.00019,-0.883
8077.62,SYN.BTC-25OCT19,1569581944889,open,0.18,575.7,0.136,0.216,0.17655891,94.94,0.1775,0.0,BTC-25OCT19-9000-P,8059.81,91.53,0.173,19.2,0.179,4.0,97.2,8.56094,-14.57831,-4.85638,0.00018,-0.61062
8077.62,SYN.BTC-25OCT19,1569581944980,open,0.18,575.7,0.136,0.216,0.17655891,94.94,0.1775,0.0,BTC-25OCT19-9000-P,8059.81,91.53,0.173,19.2,0.1795,19.2,97.67,8.56094,-14.57831,-4.85638,0.00018,-0.61062
8064.2,SYN.BTC-4OCT19,1569581945049,open,0.43,0.0,0.3985,0.4595,0.42686868,115.26,None,0.0,BTC-4OCT19-11500-P,8059.81,0.0,0.011,25.0,0.0,0.0,0.0,0.42434,-3.5567,-2.14443,3e-05,-0.98478
8206.3,BTC-27MAR20,1569581945052,open,3.41,0.0,3.3025,3.5005,3.39612859,100.03,None,0.0,BTC-27MAR20-36000-P,8059.81,0.0,0.06,1.0,0.0,0.0,0.0,5.07732,-1.39625,-178.0925,2e-05,-0.95916
8077.61,SYN.BTC-25OCT19,1569581945079,open,0.1,1067.9,0.063,0.1345,0.09909306,94.9,0.098,0.0,BTC-25OCT19-8000-P,8059.81,93.44,0.0975,19.2,0.103,33.8,98.5,8.78081,-14.94683,-3.28442,0.00019,-0.43331
8068.67,SYN.BTC-11OCT19,1569581945083,open,0.0,0.3375,0.402,0.3676494,95.64,None,0.0,BTC-11OCT19-11000-P,8059.81,0.0,0.01,1.0,0.0,0.0,0.0,1.83369,-6.31935,-4.01606,8e-05,-0.94164
8117.85,BTC-27DEC19,1569581945120,open,0.04,359.0,0.0215,0.0735,0.04584409,96.25,0.048,0.0,BTC-27DEC19-5500-P,8059.81,95.95,0.0455,26.0,0.0485,14.6,98.55,9.30434,-4.92752,-3.8915,6e-05,-0.14669
8068.67,SYN.BTC-11OCT19,1569581945123,open,10.1,0.0185,0.073,0.04435985,99.29,0.0425,0.0,BTC-11OCT19-7500-P,8059.81,95.87,0.042,37.0,0.0475,32.0,103.77,5.60844,-20.06709,-1.11044,0.00023,-0.31764
8068.67,SYN.BTC-11OCT19,1569581945132,open,10.1,0.0185,0.073,0.04435985,99.29,0.0425,0.0,BTC-11OCT19-7500-P,8059.81,95.87,0.042,37.0,0.0475,42.0,103.77,5.60844,-20.06709,-1.11044,0.00023,-0.31764
8068.67,SYN.BTC-11OCT19,1569581945132,open,0.0,0.129,0.189,0.15956654,104.43,None,0.0,BTC-11OCT19-7000-C,8059.81,52.38,0.136,1.0,0.181,1.0,140.14,4.5589,-17.1554,1.92771,0.00018,0.78803
8068.67,SYN.BTC-11OCT19,1569581945136,open,0.0,0.0375,0.1015,0.06937955,95.14,None,0.0,BTC-11OCT19-8000-P,8059.81,92.67,0.0675,24.0,0.0735,39.9,100.46,6.21596,-21.31011,-1.57723,0.00026,-0.44479
8068.67,SYN.BTC-11OCT19,1569581945142,open,0.0,0.1125,0.185,0.14897168,95.17,None,0.0,BTC-11OCT19-9000-P,8059.81,89.27,0.145,8.0,0.1515,4.0,98.76,5.54994,-19.03244,-2.57363,0.00024,-0.69003
8206.3,BTC-27MAR20,1569581945143,open,0.54,1.1,0.518,0.5675,0.54229584,92.06,0.5375,0.0,BTC-27MAR20-4000-C,8059.81,0.0,0.05,1.0,0.999,0.1,500.0,8.30373,-2.10144,15.59819,3e-05,0.92375
8077.62,SYN.BTC-25OCT19,1569581945144,open,0.03,13.2,0.0135,0.0585,0.03391789,104.9,0.035,0.0,BTC-25OCT19-6500-P,8059.81,103.64,0.033,13.0,0.0355,6.0,107.01,5.96908,-11.23115,-1.3538,0.00011,-0.18552
8099.97,SYN.BTC-29NOV19,1569581945151,open,0.1,0.05,0.121,0.08517336,93.35,0.09,0.0,BTC-29NOV19-7000-P,8059.81,91.45,0.0825,10.0,0.0895,14.0,96.42,11.39814,-8.46145,-5.1539,0.00011,-0.2842
8077.61,SYN.BTC-25OCT19,1569581945152,open,0.14,3.0,0.096,0.173,0.13520504,94.9,0.134,0.0,BTC-25OCT19-8500-P,8059.81,91.99,0.132,19.2,0.138,11.0,97.44,8.88775,-15.12884,-4.07406,0.00019,-0.5252
8117.85,BTC-27DEC19,1569581945166,open,0.24,651.0,0.1925,0.296,0.24518777,89.35,0.243,0.0,BTC-27DEC19-9000-P,8059.81,86.74,0.24,7.0,0.2485,19.2,91.01,16.15894,-7.94339,-15.12956,0.00011,-0.50339
8100.0,SYN.BTC-29NOV19,1569581945171,open,0.1,0.013,0.0635,0.03528326,91.22,0.037,0.0,BTC-29NOV19-12000-C,8059.81,88.33,0.032,10.0,0.0365,25.6,92.27,9.35458,-6.78571,2.27027,9e-05,0.19798
8064.2,SYN.BTC-4OCT19,1569581945177,open,0.11,0.1,0.074,0.139,0.10659195,94.27,0.12,0.0,BTC-4OCT19-8750-P,8059.81,87.45,0.1035,8.0,0.1085,4.0,98.24,3.76177,-25.78897,-1.24714,0.00033,-0.71434
8206.3,BTC-27MAR20,1569581945184,open,0.79,57.8,0.7205,0.8585,0.78844103,86.88,0.81,0.0,BTC-27MAR20-14000-P,8059.81,66.06,0.7435,2.0,0.8415,2.0,107.65,19.70774,-4.70699,-61.4261,7e-05,-0.71375
8064.2,SYN.BTC-4OCT19,1569581945188,open,0.13,102.6,0.0995,0.1635,0.13106069,94.3,0.135,0.0,BTC-4OCT19-9000-P,8059.81,88.95,0.129,8.0,0.133,4.0,98.92,3.24831,-22.27515,-1.38916,0.00028,-0.78336
166.04,SYN.ETH-25OCT19,1569581945218,open,0.08,1099.0,0.042,0.111,0.077459,100.11,0.075,0.0,ETH-25OCT19-180-C,165.81,96.98,0.074,369.0,0.082,389.0,104.32,0.18091,-0.32484,0.04585,0.00858,0.43897
166.27,SYN.ETH-29NOV19,1569581945238,open,0.0,0.036,0.109,0.072355,101.35,None,0.0,ETH-29NOV19-220-C,165.81,97.06,0.066,427.0,0.077,427.0,104.44,0.24821,-0.20005,0.07221,0.00514,0.32445
8068.67,SYN.BTC-11OCT19,1569581945242,open,0.0,0.0375,0.1015,0.06937955,95.14,None,0.0,BTC-11OCT19-8000-P,8059.81,92.67,0.0675,29.0,0.0735,39.9,100.46,6.21596,-21.31011,-1.57723,0.00026,-0.44479
8068.67,SYN.BTC-11OCT19,1569581945245,open,0.0,0.1125,0.185,0.14897168,95.17,None,0.0,BTC-11OCT19-9000-P,8059.81,89.27,0.145,8.0,0.152,8.0,99.48,5.54994,-19.03244,-2.57363,0.00024,-0.69003
8077.62,SYN.BTC-25OCT19,1569581945255,open,0.03,13.2,0.0135,0.0585,0.03391789,104.9,0.035,0.0,BTC-25OCT19-6500-P,8059.81,103.64,0.033,13.0,0.036,25.6,107.68,5.96908,-11.23115,-1.3538,0.00011,-0.18552
8077.62,SYN.BTC-25OCT19,1569581945264,open,0.03,13.2,0.0135,0.0585,0.03391789,104.9,0.035,0.0,BTC-25OCT19-6500-P,8059.81,103.64,0.033,13.0,0.036,35.6,107.68,5.96908,-11.23115,-1.3538,0.00011,-0.18552
8068.67,SYN.BTC-11OCT19,1569581945266,open,1.5,0.011,0.0595,0.03354638,95.11,0.0285,0.0,BTC-11OCT19-9000-C,8059.81,87.66,0.0285,32.0,0.0315,16.0,92.11,5.54872,-19.01581,0.84742,0.00024,0.30982
165.86,SYN.ETH-4OCT19,1569581945266,open,0.62,0.0,0.581,0.682,0.628463,144.91,None,0.0,ETH-4OCT19-270-P,165.81,0.0,0.0,0.0,0.0,0.0,0.0,0.00573,-0.06043,-0.05059,0.00076,-0.99062
8206.3,BTC-27MAR20,1569581945272,open,2.19,0.0,2.1115,2.272,2.18691218,93.75,None,0.0,BTC-27MAR20-26000-P,8059.81,0.0,0.0005,2.0,0.0,0.0,0.0,8.53102,-2.19861,-127.08573,3e-05,-0.92099
8064.2,SYN.BTC-4OCT19,1569581945265,open,0.11,0.1,0.074,0.139,0.10659195,94.27,0.12,0.0,BTC-4OCT19-8750-P,8059.81,87.45,0.1035,8.0,0.109,8.0,99.29,3.76177,-25.78897,-1.24714,0.00033,-0.71434
168.08,ETH-27MAR20,1569581945279,open,0.22,1499.0,0.168,0.286,0.229616,93.73,0.231,0.0,ETH-27MAR20-160-P,165.81,90.03,0.22,577.0,0.241,277.0,98.13,0.43602,-0.11235,-0.47928,0.0033,-0.34264
8100.0,SYN.BTC-29NOV19,1569581945274,open,0.1,0.013,0.0635,0.03528326,91.22,0.037,0.0,BTC-29NOV19-12000-C,8059.81,88.33,0.032,10.0,0.0365,29.6,92.27,9.35458,-6.78571,2.27027,9e-05,0.19798
8064.2,SYN.BTC-4OCT19,1569581945281,open,0.13,102.6,0.0995,0.1635,0.13106069,94.3,0.135,0.0,BTC-4OCT19-9000-P,8059.81,88.95,0.129,8.0,0.1335,8.0,100.12,3.24831,-22.27515,-1.38916,0.00028,-0.78336
8064.2,SYN.BTC-4OCT19,1569581945297,open,0.01,357.1,0.0005,0.0145,0.00351584,98.22,0.004,0.0,BTC-4OCT19-10000-C,8059.81,91.69,0.0025,0.2,0.0035,65.0,98.12,1.3727,-9.80431,0.09063,0.00011,0.06318
165.86,SYN.ETH-4OCT19,1569581945297,open,0.04,196.0,0.013,0.074,0.04238,108.6,0.04,0.0,ETH-4OCT19-160-P,165.81,92.44,0.034,356.0,0.046,356.0,115.54,0.0864,-0.68231,-0.01307,0.01535,-0.37605
165.91,SYN.ETH-11OCT19,1569581945299,open,1.0,0.003,0.033,0.014384,90.52,0.015,0.0,ETH-11OCT19-200-C,165.81,91.78,0.015,461.0,0.02,1.0,101.41,0.08059,-0.26287,0.00956,0.00851,0.16591
8099.97,SYN.BTC-29NOV19,1569581945309,open,3.1,0.023,0.084,0.05171933,91.23,0.046,0.0,BTC-29NOV19-11000-C,8059.81,87.73,0.047,10.0,0.053,29.6,92.16,11.07381,-8.03345,3.01741,0.00011,0.26797
165.86,SYN.ETH-4OCT19,1569581945350,open,0.0,20.0,0.001,0.011,0.000467,150.03,0.007,0.0,ETH-4OCT19-280-C,165.81,0.0,0.0,0.0,0.004,500.0,201.41,0.00463,-0.05048,0.00021,0.0006,0.00734
168.08,ETH-27MAR20,1569581945368,open,0.19,1116.0,0.139,0.249,0.198344,93.77,0.197,0.0,ETH-27MAR20-200-C,165.81,92.58,0.195,300.0,0.209,300.0,97.56,0.47223,-0.12173,0.27543,0.00358,0.52721
165.86,SYN.ETH-4OCT19,1569581945397,open,0.05,700.0,0.016,0.078,0.046957,105.79,0.038,0.0,ETH-4OCT19-170-C,165.81,89.31,0.038,341.0,0.049,361.0,109.53,0.09039,-0.69534,0.01295,0.01649,0.46129
8064.2,SYN.BTC-4OCT19,1569581945400,open,0.01,521.9,0.0005,0.025,0.00851957,128.77,0.009,0.0,BTC-4OCT19-6500-P,8059.81,130.81,0.009,40.0,0.011,16.0,138.87,1.876,-17.56755,-0.15781,0.00012,-0.09537
166.27,SYN.ETH-29NOV19,1569581945414,open,0.0,0.333,0.456,0.395316,101.24,None,0.0,ETH-29NOV19-220-P,165.81,0.0,0.0,0.0,0.0,0.0,0.0,0.2481,-0.19975,-0.30682,0.00515,-0.67588
165.86,SYN.ETH-4OCT19,1569581945436,open,0.68,0.0,0.639,0.743,0.688427,141.16,None,0.0,ETH-4OCT19-280-P,165.81,0.0,0.0,0.0,0.0,0.0,0.0,0.00304,-0.03125,-0.05261,0.00042,-0.99542
165.91,SYN.ETH-11OCT19,1569581945442,open,0.0,0.177,0.263,0.219695,90.22,None,0.0,ETH-11OCT19-200-P,165.81,0.0,0.0,0.0,0.0,0.0,0.0,0.08029,-0.26104,-0.06652,0.0085,-0.83503
168.08,ETH-27MAR20,1569581945459,open,0.38,1917.0,0.314,0.456,0.388113,93.72,0.393,0.0,ETH-27MAR20-200-P,165.81,86.92,0.369,300.0,0.409,17.0,101.16,0.47224,-0.12167,-0.72114,0.00358,-0.47292
8068.67,SYN.BTC-11OCT19,1569581945500,open,0.1,0.008,0.051,0.02711955,104.43,0.028,0.0,BTC-11OCT19-7000-P,8059.81,102.44,0.026,38.0,0.0295,32.0,108.6,4.5589,-17.15545,-0.73338,0.00018,-0.21197
165.86,SYN.ETH-4OCT19,1569581945516,open,0.07,136.0,0.034,0.109,0.071791,105.56,0.068,0.0,ETH-4OCT19-170-P,165.81,0.0,0.0,0.0,0.0,0.0,0.0,0.09038,-0.69383,-0.01908,0.01652,-0.53891
168.08,ETH-27MAR20,1569581945535,open,0.14,1226.0,0.092,0.198,0.148033,95.52,0.149,0.0,ETH-27MAR20-240-C,165.81,94.06,0.144,300.0,0.161,300.0,100.19,0.46476,-0.12204,0.23129,0.00346,0.42419
8064.2,SYN.BTC-4OCT19,1569581945537,open,0.11,0.1,0.074,0.139,0.10659195,94.27,0.12,0.0,BTC-4OCT19-8750-P,8059.81,88.55,0.104,8.0,0.109,8.0,99.29,3.76177,-25.78897,-1.24714,0.00033,-0.71434
8068.67,SYN.BTC-11OCT19,1569581945538,open,0.0,0.1125,0.185,0.14897168,95.17,None,0.0,BTC-11OCT19-9000-P,8059.81,90.01,0.1455,8.0,0.152,8.0,99.48,5.54994,-19.03244,-2.57363,0.00024,-0.69003
166.27,SYN.ETH-29NOV19,1569581945539,open,2.0,0.023,0.086,0.053547,102.02,0.049,0.0,ETH-29NOV19-240-C,165.81,98.57,0.049,453.0,0.058,453.0,105.31,0.22215,-0.18023,0.05805,0.00457,0.25622
8064.2,SYN.BTC-4OCT19,1569581945540,open,0.07,53.9,0.0335,0.0955,0.06445335,94.24,0.069,0.0,BTC-4OCT19-8250-P,8059.81,90.59,0.0625,24.0,0.065,0.2,95.19,4.3882,-30.07297,-0.9249,0.00038,-0.54437
8064.2,SYN.BTC-4OCT19,1569581945547,open,0.12,4.1,0.091,0.149,0.12076003,108.79,0.125,0.0,BTC-4OCT19-7250-C,8059.81,101.89,0.118,8.0,0.122,8.0,111.94,3.23837,-25.61908,1.00833,0.00024,0.7845
165.91,SYN.ETH-11OCT19,1569581945576,open,0.0,0.001,0.024,0.008826,91.8,None,0.0,ETH-11OCT19-210-C,165.81,92.27,0.009,488.0,0.014,1.0,104.5,0.06079,-0.20109,0.00638,0.00633,0.1099
8206.3,BTC-27MAR20,1569581945579,open,0.38,163.8,0.3205,0.447,0.38496695,85.17,0.3785,0.0,BTC-27MAR20-10000-P,8059.81,82.69,0.378,6.0,0.391,4.8,87.31,23.10073,-5.40892,-36.64724,8e-05,-0.51125
8064.2,SYN.BTC-4OCT19,1569581945583,open,0.03,126.1,0.008,0.0555,0.03022501,94.18,0.0255,0.0,BTC-4OCT19-8500-C,8059.81,86.92,0.0265,42.0,0.0305,38.6,94.71,4.16395,-28.5184,0.51004,0.00036,0.36598
8077.61,SYN.BTC-25OCT19,1569581945587,open,0.02,0.0,0.0075,0.0475,0.02477449,94.9,None,0.0,BTC-25OCT19-10500-C,8059.81,91.16,0.022,39.6,0.0245,16.0,94.54,6.10531,-10.39263,1.03436,0.00013,0.19244
8099.97,SYN.BTC-29NOV19,1569581945596,open,0.0,0.113,0.194,0.1554777,91.23,None,0.0,BTC-29NOV19-8000-C,8059.81,88.15,0.1505,22.0,0.159,14.0,93.41,13.08505,-9.49255,6.03349,0.00013,0.58789
165.86,SYN.ETH-4OCT19,1569581945610,open,0.03,413.0,0.006,0.056,0.02847,108.75,0.024,0.0,ETH-4OCT19-180-C,165.81,90.94,0.02,411.0,0.024,45.0,99.49,0.08119,-0.64207,0.00904,0.01441,0.31794
168.08,ETH-27MAR20,1569581945621,open,0.56,132.0,0.493,0.653,0.575892,95.5,0.583,0.0,ETH-27MAR20-240-P,165.81,88.26,0.556,300.0,0.596,12.0,102.74,0.46475,-0.12202,-0.96461,0.00346,-0.57585
8206.3,BTC-27MAR20,1569581945677,open,0.03,313.0,0.0125,0.051,0.02971998,92.05,0.0285,0.0,BTC-27MAR20-4000-P,8059.81,91.83,0.0295,22.0,0.032,11.0,94.27,8.30311,-2.10114,-4.33282,3e-05,-0.07624
165.91,SYN.ETH-11OCT19,1569581945705,open,0.0,0.232,0.319,0.274402,91.38,None,0.0,ETH-11OCT19-210-P,165.81,0.0,0.0,0.0,0.0,0.0,0.0,0.06031,-0.1986,-0.07352,0.00631,-0.8913
166.27,SYN.ETH-29NOV19,1569581945705,open,0.0,0.433,0.56,0.496778,101.89,None,0.0,ETH-29NOV19-240-P,165.81,0.0,0.0,0.0,0.0,0.0,0.0,0.22195,-0.17984,-0.35546,0.00457,-0.74422
168.08,ETH-27MAR20,1569581945707,open,0.11,798.0,0.061,0.158,0.110233,95.94,0.114,0.0,ETH-27MAR20-280-C,165.81,95.07,0.108,300.0,0.122,300.0,100.45,0.43428,-0.11454,0.19166,0.00322,0.33908
165.86,SYN.ETH-4OCT19,1569581945726,open,0.11,172.0,0.071,0.155,0.113588,108.48,0.115,0.0,ETH-4OCT19-180-P,165.81,0.0,0.0,0.0,0.0,0.0,0.0,0.08113,-0.64002,-0.02488,0.01443,-0.6826
168.08,ETH-27MAR20,1569581945790,open,0.77,112.0,0.689,0.86,0.775908,95.86,0.769,0.0,ETH-27MAR20-280-P,165.81,79.65,0.736,10.0,0.819,10.0,112.04,0.43412,-0.11441,-1.20365,0.00322,-0.66124
165.86,SYN.ETH-4OCT19,1569581945831,open,0.02,151.0,0.002,0.038,0.015714,108.75,0.013,0.0,ETH-4OCT19-190-C,165.81,89.81,0.009,466.0,0.016,466.0,109.48,0.06405,-0.50648,0.00581,0.01137,0.20165
166.02,SYN.ETH-25OCT19,1569581945841,open,0.41,18.0,0.383,0.43,0.406652,127.18,0.411,0.0,ETH-25OCT19-100-C,165.81,0.0,0.0,0.0,0.0,0.0,0.0,0.04943,-0.11276,0.06853,0.00185,0.94717
166.27,SYN.ETH-29NOV19,1569581945844,open,1.0,0.015,0.07,0.0403,103.09,0.044,0.0,ETH-29NOV19-260-C,165.81,99.35,0.036,473.0,0.045,473.0,107.02,0.19494,-0.15981,0.0466,0.00397,0.20301
168.08,ETH-27MAR20,1569581945881,open,0.08,527.0,0.041,0.128,0.083896,96.56,0.088,0.0,ETH-27MAR20-320-C,165.81,96.18,0.083,300.0,0.089,10.0,98.72,0.39446,-0.10471,0.15837,0.0029,0.27299
165.91,SYN.ETH-11OCT19,1569581945881,open,0.0,0.257,0.309,0.283134,115.46,None,0.0,ETH-11OCT19-120-C,165.81,0.0,0.0,0.0,0.0,0.0,0.0,0.03872,-0.1611,0.04141,0.0032,0.93963
8077.6,SYN.BTC-25OCT19,1569581945908,open,0.22,0.0,0.198,0.259,0.22922576,104.89,None,0.0,BTC-25OCT19-6500-C,8059.81,67.78,0.2055,12.0,0.25,12.0,131.51,5.96876,-11.22928,3.61051,0.00011,0.81449
8099.93,SYN.BTC-29NOV19,1569581945910,open,0.0,0.3785,0.426,0.40202942,99.76,None,0.0,BTC-29NOV19-5000-C,8059.81,0.0,0.1,5.0,0.5035,4.0,212.29,5.23192,-4.15067,7.15735,5e-05,0.91499
166.02,SYN.ETH-25OCT19,1569581945913,open,0.01,2626.0,0.001,0.021,0.008933,126.93,0.009,0.0,ETH-25OCT19-100-P,165.81,123.7,0.008,840.0,0.013,550.0,139.42,0.04924,-0.1121,-0.0078,0.00184,-0.05256
165.86,SYN.ETH-4OCT19,1569581945934,open,0.16,54.0,0.119,0.204,0.161115,108.39,0.137,0.0,ETH-4OCT19-190-P,165.81,0.0,0.0,0.0,0.0,0.0,0.0,0.06387,-0.50343,-0.03001,0.01137,-0.79927
168.08,ETH-27MAR20,1569581945961,open,0.98,7.0,0.898,1.077,0.987525,96.47,0.945,0.0,ETH-27MAR20-320-P,165.81,80.04,0.952,8.0,1.035,8.0,115.49,0.39415,-0.10453,-1.43633,0.0029,-0.72744
8077.6,SYN.BTC-25OCT19,1569581945976,open,0.33,0.0,0.286,0.3655,0.32466196,94.9,None,0.0,BTC-25OCT19-10500-P,8059.81,0.0,0.296,6.0,0.355,6.0,130.02,6.10492,-10.39139,-6.98477,0.00013,-0.80757
166.27,SYN.ETH-29NOV19,1569581945986,open,0.0,0.539,0.67,0.6038,102.93,None,0.0,ETH-29NOV19-260-P,165.81,0.0,0.0,0.0,0.0,0.0,0.0,0.19462,-0.1593,-0.40138,0.00397,-0.79754
166.02,SYN.ETH-25OCT19,1569581945986,open,0.3,6.0,0.265,0.326,0.29678,111.61,0.36,0.0,ETH-25OCT19-120-C,165.81,0.0,0.0,0.0,0.0,0.0,0.0,0.08839,-0.17695,0.07473,0.00376,0.8862
8099.93,SYN.BTC-29NOV19,1569581946014,open,0.1,0.0995,0.1855,0.14313223,91.22,0.15,0.0,BTC-29NOV19-8000-P,8059.81,88.67,0.139,32.6,0.149,13.4,94.86,13.08504,-9.49212,-7.74751,0.00013,-0.41212
165.91,SYN.ETH-11OCT19,1569581946016,open,0.0,0.001,0.018,0.006321,115.08,None,0.0,ETH-11OCT19-120-P,165.81,113.68,0.006,500.0,0.014,500.0,142.15,0.03846,-0.1595,-0.00417,0.00319,-0.05985
165.86,SYN.ETH-4OCT19,1569581946029,open,0.01,670.0,0.001,0.025,0.008203,108.74,0.005,0.0,ETH-4OCT19-200-C,165.81,90.86,0.004,501.0,0.01,500.0,115.04,0.0453,-0.35816,0.00346,0.00804,0.11909
168.08,ETH-27MAR20,1569581946048,open,0.07,496.0,0.03,0.109,0.067993,98.62,0.065,0.0,ETH-27MAR20-360-C,165.81,97.21,0.065,300.0,0.074,10.0,101.4,0.35836,-0.09716,0.13387,0.00258,0.22783
166.02,SYN.ETH-25OCT19,1569581946058,open,0.02,3359.0,0.006,0.038,0.019517,111.45,0.022,0.0,ETH-25OCT19-120-P,165.81,108.55,0.018,500.0,0.025,500.0,121.31,0.08825,-0.17641,-0.01687,0.00376,-0.11354
8206.25,BTC-27MAR20,1569581946079,open,0.11,225.0,0.068,0.1635,0.11576514,86.01,0.115,0.0,BTC-27MAR20-12000-C,8059.81,84.97,0.113,13.0,0.12,6.4,87.59,21.93991,-5.18775,10.54315,8e-05,0.3736
8064.2,SYN.BTC-4OCT19,1569581946090,open,0.01,33.5,0.0005,0.018,0.00514569,97.39,0.006,0.0,BTC-4OCT19-9750-C,8059.81,91.84,0.004,0.1,0.0055,40.1,98.98,1.76706,-12.51444,0.12581,0.00015,0.08797
166.48,ETH-27DEC19,1569581946122,open,0.43,0.0,0.401,0.464,0.434181,105.0,None,0.0,ETH-27DEC19-100-C,165.81,0.0,0.0,0.0,0.0,0.0,0.0,0.15461,-0.08932,0.18958,0.00213,0.89156
168.08,ETH-27MAR20,1569581946125,open,1.2,6.0,1.116,1.305,1.209594,98.51,1.165,0.0,ETH-27MAR20-360-P,165.81,80.13,1.175,6.0,1.257,6.0,118.85,0.35793,-0.09693,-1.66018,0.00258,-0.77266
166.02,SYN.ETH-25OCT19,1569581946125,open,0.21,12.0,0.164,0.237,0.202954,105.75,0.192,0.0,ETH-25OCT19-140-C,165.81,0.0,0.0,0.0,0.0,0.0,0.0,0.14029,-0.26609,0.07153,0.0063,0.7671
165.86,SYN.ETH-4OCT19,1569581946137,open,0.12,0.0,0.08,0.149,0.116868,108.91,0.113,0.0,ETH-4OCT19-150-C,165.81,0.0,0.0,0.0,0.0,0.0,0.0,0.0687,-0.54406,0.02049,0.01217,0.77252
165.86,SYN.ETH-4OCT19,1569581946141,open,0.21,187.0,0.173,0.257,0.213889,108.2,0.164,0.0,ETH-4OCT19-200-P,165.81,0.0,0.0,0.0,0.0,0.0,0.0,0.04495,-0.35365,-0.03425,0.00802,-0.88221
166.27,SYN.ETH-29NOV19,1569581946152,open,1.0,0.01,0.057,0.030692,104.22,0.034,0.0,ETH-29NOV19-280-C,165.81,100.49,0.027,690.0,0.035,490.0,108.35,0.1689,-0.13998,0.03745,0.0034,0.16144
165.91,SYN.ETH-11OCT19,1569581946183,open,0.0,0.198,0.258,0.228881,111.05,None,0.0,ETH-11OCT19-130-C,165.81,0.0,0.0,0.0,0.0,0.0,0.0,0.06021,-0.24094,0.0418,0.00518,0.89155
166.48,ETH-27DEC19,1569581946193,open,0.03,3256.0,0.015,0.058,0.034836,104.98,0.035,0.0,ETH-27DEC19-100-P,165.81,101.88,0.032,660.0,0.04,300.0,110.42,0.15459,-0.08929,-0.05938,0.00213,-0.10842
166.02,SYN.ETH-25OCT19,1569581946193,open,0.05,2490.0,0.02,0.075,0.046147,105.63,0.046,0.0,ETH-25OCT19-140-P,165.81,100.68,0.042,768.0,0.05,628.0,110.16,0.14024,-0.26569,-0.03536,0.00631,-0.23274
168.08,ETH-27MAR20,1569581946208,open,0.06,931.0,0.022,0.094,0.055705,100.23,0.061,0.0,ETH-27MAR20-400-C,165.81,98.82,0.053,300.0,0.061,9.0,102.93,0.32374,-0.08921,0.11391,0.00229,0.19171
166.48,ETH-27DEC19,1569581946212,open,0.0,4110.0,0.001,0.012,0.002513,121.78,0.002,0.0,ETH-27DEC19-760-C,165.81,0.0,0.0,0.0,0.003,1187.0,124.33,0.02979,-0.01996,0.0048,0.00035,0.01408
166.48,ETH-27DEC19,1569581946214,open,0.08,5068.0,0.043,0.124,0.083518,102.27,0.066,0.0,ETH-27DEC19-240-C,165.81,98.02,0.076,365.0,0.087,300.0,104.2,0.2979,-0.16762,0.09892,0.00422,0.32217
166.48,ETH-27DEC19,1569581946223,open,0.0,14484.0,0.001,0.013,0.003103,113.4,0.003,0.0,ETH-27DEC19-640-C,165.81,107.62,0.002,300.0,0.004,4150.0,117.11,0.03678,-0.02295,0.00618,0.00047,0.018
166.48,ETH-27DEC19,1569581946223,open,0.94,101.0,0.882,1.035,0.956921,103.9,0.513,0.0,ETH-27DEC19-320-P,165.81,0.0,0.006,5.0,0.0,0.0,0.0,0.20076,-0.11477,-0.74549,0.0028,-0.84164
165.86,SYN.ETH-4OCT19,1569581946237,open,0.17,40.0,0.134,0.197,0.166809,116.54,0.136,0.0,ETH-4OCT19-140-C,165.81,0.0,0.0,0.0,0.0,0.0,0.0,0.04744,-0.40202,0.02206,0.00785,0.87279
166.48,ETH-27DEC19,1569581946246,open,0.01,5616.0,0.001,0.026,0.010168,111.72,0.009,0.0,ETH-27DEC19-480-C,165.81,105.13,0.007,300.0,0.015,300.0,119.73,0.08912,-0.05478,0.01756,0.00116,0.05254
165.86,SYN.ETH-4OCT19,1569581946250,open,0.02,184.0,0.004,0.046,0.021133,108.64,0.023,0.0,ETH-4OCT19-150-P,165.81,98.42,0.017,446.0,0.023,1.0,113.12,0.06862,-0.54215,-0.00775,0.01219,-0.22704
166.48,ETH-27DEC19,1569581946257,open,2.59,0.0,2.501,2.726,2.608231,113.35,0.953,0.0,ETH-27DEC19-600-P,165.81,0.0,0.0,0.0,0.0,0.0,0.0,0.04631,-0.02889,-1.48579,0.00059,-0.97637
166.48,ETH-27DEC19,1569581946257,open,0.02,953.0,0.007,0.049,0.024409,105.97,0.017,0.0,ETH-27DEC19-360-C,165.81,102.35,0.021,300.0,0.029,300.0,110.48,0.16243,-0.09471,0.03805,0.00222,0.1162
165.86,SYN.ETH-4OCT19,1569581946257,open,0.0,368.0,0.001,0.016,0.004133,109.08,0.005,0.0,ETH-4OCT19-210-C,165.81,84.39,0.001,285.0,0.006,500.0,118.59,0.02943,-0.23345,0.00195,0.00521,0.06665
166.48,ETH-27DEC19,1569581946259,open,1.88,21.0,1.802,1.993,1.893397,111.72,0.629,0.0,ETH-27DEC19-480-P,165.81,0.0,0.001,7.0,0.0,0.0,0.0,0.08912,-0.05478,-1.17752,0.00116,-0.94746
166.48,ETH-27DEC19,1569581946259,open,1.41,16.0,1.339,1.507,1.419225,106.44,1.195,0.0,ETH-27DEC19-400-P,165.81,0.0,0.001,8.0,0.0,0.0,0.0,0.12703,-0.0744,-0.96833,0.00173,-0.91695
166.48,ETH-27DEC19,1569581946261,open,1.64,0.0,1.57,1.749,1.655697,109.09,None,0.0,ETH-27DEC19-440-P,165.81,0.0,0.001,8.0,0.0,0.0,0.0,0.10545,-0.06329,-1.07379,0.0014,-0.9349
166.02,SYN.ETH-25OCT19,1569581946261,open,0.13,461.0,0.087,0.162,0.127149,100.16,0.123,0.0,ETH-25OCT19-160-C,165.81,81.19,0.107,34.0,0.142,34.0,114.14,0.1764,-0.3169,0.06085,0.00837,0.60709
166.48,ETH-27DEC19,1569581946263,open,0.27,10.0,0.226,0.317,0.275273,102.3,0.26,0.0,ETH-27DEC19-140-C,165.81,74.8,0.23,5.0,0.314,4.0,125.45,0.2777,-0.1563,0.18597,0.00393,0.72394
166.48,ETH-27DEC19,1569581946263,open,2.11,37.0,2.035,2.236,2.130722,111.72,0.707,0.0,ETH-27DEC19-520-P,165.81,0.0,0.002,25.0,0.0,0.0,0.0,0.06989,-0.04296,-1.28156,0.00091,-0.96116
166.48,ETH-27DEC19,1569581946267,open,0.34,2.0,0.304,0.383,0.346243,102.27,0.346,0.0,ETH-27DEC19-120-C,165.81,0.0,0.101,1.0,0.0,0.0,0.0,0.22169,-0.12474,0.19432,0.00314,0.81506
166.27,SYN.ETH-29NOV19,1569581946267,open,0.0,0.649,0.782,0.714462,104.02,None,0.0,ETH-29NOV19-280-P,165.81,0.0,0.0,0.0,0.0,0.0,0.0,0.16844,-0.13933,-0.44502,0.0034,-0.83923
166.48,ETH-27DEC19,1569581946279,open,0.51,4199.0,0.454,0.594,0.524988,102.19,0.693,0.0,ETH-27DEC19-240-P,165.81,84.6,0.495,500.0,0.0,0.0,0.0,0.2978,-0.16743,-0.49867,0.00422,-0.67811
166.48,ETH-27DEC19,1569581946283,open,0.16,4599.0,0.124,0.229,0.178589,102.27,0.174,0.0,ETH-27DEC19-160-P,165.81,98.77,0.172,266.0,0.178,290.0,101.95,0.31353,-0.17641,-0.22722,0.00444,-0.36959
166.48,ETH-27DEC19,1569581946283,open,2.83,0.0,2.733,2.971,2.846949,111.2,None,0.0,ETH-27DEC19-640-P,165.81,0.0,0.0,0.0,0.0,0.0,0.0,0.0329,-0.02013,-1.58798,0.00043,-0.9842
166.48,ETH-27DEC19,1569581946285,open,0.03,1288.0,0.012,0.063,0.034768,103.9,0.032,0.0,ETH-27DEC19-320-C,165.81,100.7,0.031,378.0,0.041,300.0,108.89,0.20076,-0.11477,0.05123,0.0028,0.15836
166.48,ETH-27DEC19,1569581946285,open,0.01,7937.0,0.003,0.03,0.012737,109.09,0.013,0.0,ETH-27DEC19-440-C,165.81,104.46,0.01,300.0,0.017,300.0,115.27,0.10545,-0.06329,0.0217,0.0014,0.0651
166.48,ETH-27DEC19,1569581946287,open,0.32,3977.0,0.269,0.398,0.336045,102.21,0.325,0.0,ETH-27DEC19-200-P,165.81,94.08,0.32,340.0,0.355,28.0,111.76,0.32959,-0.18535,-0.36381,0.00467,-0.54168
166.48,ETH-27DEC19,1569581946289,open,2.35,0.0,2.268,2.481,2.369507,113.35,0.845,0.0,ETH-27DEC19-560-P,165.81,0.0,0.0,0.0,0.0,0.0,0.0,0.05856,-0.03652,-1.38366,0.00075,-0.96869
166.48,ETH-27DEC19,1569581946289,open,0.0,15281.0,0.001,0.014,0.004197,113.36,0.005,0.0,ETH-27DEC19-600-C,165.81,108.56,0.003,300.0,0.005,5505.0,116.08,0.04633,-0.0289,0.00806,0.00059,0.02365
166.48,ETH-27DEC19,1569581946289,open,3.06,0.0,2.967,3.218,3.087544,116.84,None,0.0,ETH-27DEC19-680-P,165.81,0.0,0.002,10.0,0.0,0.0,0.0,0.03486,-0.02241,-1.68725,0.00043,-0.98309
166.48,ETH-27DEC19,1569581946291,open,0.02,5156.0,0.004,0.036,0.016534,106.44,0.02,0.0,ETH-27DEC19-400-C,165.81,102.97,0.014,300.0,0.02,329.0,110.76,0.12703,-0.0744,0.02757,0.00173,0.08305
166.48,ETH-27DEC19,1569581946296,open,0.0,12452.0,0.001,0.012,0.002969,116.84,0.002,0.0,ETH-27DEC19-680-C,165.81,111.55,0.002,10.0,0.004,2400.0,121.27,0.03486,-0.02241,0.00578,0.00043,0.01691
166.48,ETH-27DEC19,1569581946298,open,1.17,257.0,1.109,1.27,1.186831,105.97,0.7,0.0,ETH-27DEC19-360-P,165.81,0.0,0.009,4.0,0.0,0.0,0.0,0.16243,-0.09471,-0.85826,0.00222,-0.8838
166.48,ETH-27DEC19,1569581946315,open,0.12,3185.0,0.085,0.179,0.134805,102.27,0.126,0.0,ETH-27DEC19-200-C,165.81,96.29,0.123,640.0,0.135,300.0,102.37,0.3296,-0.18546,0.13415,0.00467,0.45845
166.48,ETH-27DEC19,1569581946315,open,0.72,311.0,0.662,0.808,0.734407,102.56,0.71,0.0,ETH-27DEC19-280-P,165.81,84.41,0.71,15.0,0.778,15.0,129.06,0.24825,-0.14008,-0.62622,0.00351,-0.77641
165.91,SYN.ETH-11OCT19,1569581946315,open,1.0,0.002,0.029,0.012334,110.79,0.011,0.0,ETH-11OCT19-130-P,165.81,107.02,0.011,499.0,0.014,1.0,115.28,0.06003,-0.23967,-0.00759,0.00518,-0.10801
166.48,ETH-27DEC19,1569581946317,open,0.01,10816.0,0.001,0.02,0.007223,111.72,0.006,0.0,ETH-27DEC19-520-C,165.81,105.8,0.005,300.0,0.008,70.0,113.52,0.06989,-0.04296,0.0131,0.00091,0.03884
166.48,ETH-27DEC19,1569581946317,open,0.01,6838.0,0.001,0.017,0.005742,113.36,0.006,0.0,ETH-27DEC19-560-C,165.81,111.16,0.005,5.0,0.006,1503.0,114.09,0.05858,-0.03654,0.0106,0.00075,0.03132
166.48,ETH-27DEC19,1569581946323,open,0.05,1719.0,0.022,0.087,0.052523,102.56,0.05,0.0,ETH-27DEC19-280-C,165.81,99.48,0.048,300.0,0.058,300.0,106.17,0.24825,-0.14008,0.07091,0.00351,0.22359
166.48,ETH-27DEC19,1569581946325,open,0.0,4480.0,0.001,0.013,0.00307,121.11,0.001,0.0,ETH-27DEC19-720-C,165.81,115.23,0.002,10.0,0.004,300.0,125.14,0.03495,-0.02329,0.00576,0.00042,0.01696
168.08,ETH-27MAR20,1569581946329,open,1.43,3.0,1.338,1.537,1.435257,100.1,1.39,0.0,ETH-27MAR20-400-P,165.81,0.0,1.376,5.0,1.484,5.0,122.48,0.32312,-0.08892,-1.87953,0.00229,-0.80889
166.48,ETH-27DEC19,1569581946331,open,0.1,2999.0,0.072,0.159,0.116161,102.27,0.115,0.0,ETH-27DEC19-140-P,165.81,95.56,0.105,300.0,0.117,300.0,102.77,0.2777,-0.15625,-0.16257,0.00394,-0.27605
166.02,SYN.ETH-25OCT19,1569581946331,open,0.09,1969.0,0.053,0.128,0.090798,100.05,0.096,0.0,ETH-25OCT19-160-P,165.81,97.42,0.088,317.0,0.1,317.0,108.71,0.1764,-0.31655,-0.06133,0.00838,-0.39291
165.86,SYN.ETH-4OCT19,1569581946346,open,0.23,0.0,0.194,0.251,0.222729,131.5,None,0.0,ETH-4OCT19-130-C,165.81,0.0,0.0,0.0,0.0,0.0,0.0,0.0322,-0.30792,0.02194,0.00473,0.92507
165.86,SYN.ETH-4OCT19,1569581946393,open,0.26,2.0,0.23,0.314,0.270103,108.21,0.263,0.0,ETH-4OCT19-210-P,165.81,0.0,0.0,0.0,0.0,0.0,0.0,0.02885,-0.22701,-0.03765,0.00514,-0.93505
166.48,ETH-27DEC19,1569581946397,open,0.16,1049.0,0.119,0.217,0.171397,102.29,0.153,0.0,ETH-27DEC19-180-C,165.81,96.54,0.16,340.0,0.17,302.0,101.58,0.32967,-0.18554,0.15308,0.00467,0.54071
168.08,ETH-27MAR20,1569581946410,open,0.05,954.0,0.016,0.08,0.044947,100.88,0.049,0.0,ETH-27MAR20-440-C,165.81,99.74,0.043,300.0,0.049,9.0,103.2,0.28844,-0.07999,0.09619,0.00203,0.15979
165.91,SYN.ETH-11OCT19,1569581946458,open,0.0,0.143,0.21,0.178042,105.94,None,0.0,ETH-11OCT19-140-C,165.81,0.0,0.0,0.0,0.0,0.0,0.0,0.0841,-0.32104,0.04066,0.00759,0.82263
8099.93,SYN.BTC-29NOV19,1569581946462,open,0.0,0.0685,0.1475,0.10895641,91.23,None,0.0,BTC-29NOV19-9000-C,8059.81,87.31,0.1025,10.0,0.111,10.0,92.47,13.35879,-9.69123,4.96166,0.00013,0.46455
166.48,ETH-27DEC19,1569581946464,open,0.24,4304.0,0.191,0.309,0.252478,102.22,0.251,0.0,ETH-27DEC19-180-P,165.81,93.92,0.236,340.0,0.267,33.0,109.57,0.32968,-0.18542,-0.29507,0.00467,-0.4594
166.02,SYN.ETH-25OCT19,1569581946478,open,0.16,488.0,0.115,0.206,0.161564,100.08,0.168,0.0,ETH-25OCT19-180-P,165.81,92.19,0.153,280.0,0.202,25.0,136.91,0.18087,-0.32467,-0.09165,0.00859,-0.56125
168.08,ETH-27MAR20,1569581946483,open,1.65,0.0,1.562,1.769,1.66245,100.71,None,0.0,ETH-27MAR20-440-P,165.81,0.0,0.002,10.0,0.0,0.0,0.0,0.28759,-0.07962,-2.09664,0.00203,-0.84092
165.86,SYN.ETH-4OCT19,1569581946512,open,0.28,0.0,0.255,0.307,0.280723,149.21,None,0.0,ETH-4OCT19-120-C,165.81,0.0,0.0,0.0,0.0,0.0,0.0,0.02204,-0.23913,0.02103,0.00285,0.9538
166.48,ETH-27DEC19,1569581946531,open,0.1,3197.0,0.06,0.149,0.106088,102.28,0.096,0.0,ETH-27DEC19-220-C,165.81,96.96,0.096,620.0,0.108,300.0,103.29,0.31766,-0.17877,0.11583,0.0045,0.38553
165.86,SYN.ETH-4OCT19,1569581946543,open,0.01,274.0,0.001,0.029,0.01079,116.19,0.012,0.0,ETH-4OCT19-140-P,165.81,109.7,0.009,500.0,0.015,506.0,130.09,0.04727,-0.39943,-0.00429,0.00785,-0.12658
166.02,SYN.ETH-25OCT19,1569581946547,open,0.05,1083.0,0.02,0.076,0.047221,102.27,0.044,0.0,ETH-25OCT19-200-C,165.81,97.85,0.043,425.0,0.051,425.0,106.16,0.16008,-0.29364,0.03235,0.00744,0.30235
8068.66,SYN.BTC-11OCT19,1569581946556,open,0.1,0.0005,0.0125,0.00269798,110.74,0.006,0.0,BTC-11OCT19-5500-P,8059.81,132.73,0.0065,10.0,0.009,48.0,143.54,1.06623,-4.25475,-0.09986,4e-05,-0.02986
168.08,ETH-27MAR20,1569581946558,open,0.04,547.0,0.014,0.073,0.03952,103.3,0.044,0.0,ETH-27MAR20-480-C,165.81,101.02,0.036,300.0,0.046,349.0,107.25,0.26575,-0.07547,0.08525,0.00183,0.14131
166.27,SYN.ETH-29NOV19,1569581946585,open,0.0,0.392,0.448,0.421182,109.04,None,0.0,ETH-29NOV19-100-C,165.81,0.0,0.0,0.0,0.0,0.0,0.0,0.11071,-0.096,0.14043,0.00213,0.91146
165.91,SYN.ETH-11OCT19,1569581946601,open,1.0,0.005,0.044,0.021759,105.74,0.024,0.0,ETH-11OCT19-140-P,165.81,100.18,0.019,465.0,0.029,465.0,119.5,0.08399,-0.32003,-0.01254,0.00759,-0.17702
166.48,ETH-27DEC19,1569581946606,open,0.41,4616.0,0.358,0.493,0.427409,102.2,0.415,0.0,ETH-27DEC19-220-P,165.81,84.78,0.395,500.0,0.0,0.0,0.0,0.3176,-0.17859,-0.43195,0.0045,-0.61472
166.02,SYN.ETH-25OCT19,1569581946611,open,0.25,965.0,0.201,0.301,0.251783,102.12,0.233,0.0,ETH-25OCT19-200-P,165.81,76.8,0.229,19.0,0.26,3.0,110.51,0.15998,-0.29303,-0.12043,0.00744,-0.69806
168.08,ETH-27MAR20,1569581946641,open,1.88,0.0,1.789,2.008,1.894975,103.09,None,0.0,ETH-27MAR20-480-P,165.81,0.0,0.003,10.0,0.0,0.0,0.0,0.26472,-0.07502,-2.30694,0.00182,-0.8595
165.86,SYN.ETH-4OCT19,1569581946645,open,0.0,224.0,0.001,0.013,0.002824,116.3,0.005,0.0,ETH-4OCT19-220-C,165.81,98.0,0.001,100.0,0.005,500.0,130.26,0.02178,-0.18418,0.00133,0.00361,0.04552
166.48,ETH-27DEC19,1569581946689,open,0.06,1921.0,0.03,0.103,0.065909,102.28,0.05,0.0,ETH-27DEC19-260-C,165.81,98.64,0.06,369.0,0.071,300.0,105.35,0.27373,-0.15404,0.08384,0.00388,0.26818
166.02,SYN.ETH-25OCT19,1569581946689,open,0.03,1103.0,0.009,0.052,0.027828,103.18,0.024,0.0,ETH-25OCT19-220-C,165.81,99.44,0.025,468.0,0.033,468.0,109.69,0.12809,-0.23705,0.02171,0.0059,0.19909
165.86,SYN.ETH-4OCT19,1569581946701,open,0.01,0.0,0.001,0.021,0.006425,131.01,None,0.0,ETH-4OCT19-130-P,165.81,123.19,0.005,510.0,0.011,500.0,151.89,0.03198,-0.30471,-0.00252,0.00471,-0.07427
166.27,SYN.ETH-29NOV19,1569581946720,open,2.0,0.008,0.041,0.022529,108.93,0.027,0.0,ETH-29NOV19-100-P,165.81,106.6,0.021,360.0,0.027,500.0,115.43,0.11058,-0.09579,-0.03177,0.00213,-0.0884
168.08,ETH-27MAR20,1569581946725,open,0.03,937.0,0.011,0.064,0.033633,104.45,0.037,0.0,ETH-27MAR20-520-C,165.81,101.84,0.03,300.0,0.039,300.0,108.06,0.24065,-0.0691,0.07433,0.00164,0.12239
166.48,ETH-27DEC19,1569581946772,open,0.61,946.0,0.555,0.699,0.627634,102.27,0.3,0.0,ETH-27DEC19-260-P,165.81,0.0,0.0,0.0,0.0,0.0,0.0,0.2737,-0.15401,-0.56351,0.00388,-0.73188
8068.66,SYN.BTC-11OCT19,1569581946772,open,0.7,0.002,0.0305,0.0125979,95.11,0.0095,0.0,BTC-11OCT19-10000-C,8059.81,87.69,0.0095,41.5,0.011,1.0,91.39,3.56128,-12.20483,0.40164,0.00015,0.14354
165.91,SYN.ETH-11OCT19,1569581946801,open,0.0,0.088,0.154,0.123092,86.65,None,0.0,ETH-11OCT19-150-C,165.81,0.0,0.0,0.0,0.0,0.0,0.0,0.10233,-0.31949,0.03968,0.01129,0.75215
168.08,ETH-27MAR20,1569581946809,open,2.12,0.0,2.016,2.246,2.12703,104.19,None,0.0,ETH-27MAR20-520-P,165.81,0.0,0.005,10.0,0.0,0.0,0.0,0.23934,-0.06855,-2.51726,0.00163,-0.87856
165.86,SYN.ETH-4OCT19,1569581946815,open,0.32,13.0,0.288,0.374,0.329079,115.06,0.071,0.0,ETH-4OCT19-220-P,165.81,0.0,0.0,0.0,0.0,0.0,0.0,0.02105,-0.17616,-0.04016,0.00353,-0.95635
166.27,SYN.ETH-29NOV19,1569581946842,open,0.0,0.288,0.36,0.326308,104.98,None,0.0,ETH-29NOV19-120-C,165.81,0.0,0.0,0.0,0.0,0.0,0.0,0.17259,-0.14408,0.14515,0.00345,0.83308
166.02,SYN.ETH-25OCT19,1569581946842,open,0.01,4927.0,0.001,0.019,0.007249,111.29,0.009,0.0,ETH-25OCT19-280-C,165.81,99.89,0.004,500.0,0.011,500.0,121.26,0.05543,-0.11064,0.00683,0.00237,0.06109
166.48,ETH-27DEC19,1569581946846,open,0.04,818.0,0.016,0.073,0.041999,102.8,0.031,0.0,ETH-27DEC19-300-C,165.81,99.75,0.038,300.0,0.048,300.0,107.17,0.2227,-0.12596,0.05981,0.00314,0.18629
8206.25,BTC-27MAR20,1569581946877,open,0.58,44.2,0.5105,0.645,0.57803513,86.0,0.565,0.0,BTC-27MAR20-12000-P,8059.81,71.9,0.5415,5.0,0.624,5.0,102.81,21.93905,-5.18687,-49.25226,8e-05,-0.62644
168.08,ETH-27MAR20,1569581946894,open,0.03,1163.0,0.009,0.057,0.028821,105.44,0.032,0.0,ETH-27MAR20-560-C,165.81,102.38,0.025,300.0,0.034,300.0,109.26,0.21811,-0.06322,0.06514,0.00147,0.1066
166.02,SYN.ETH-25OCT19,1569581946922,open,0.46,302.0,0.411,0.517,0.462738,105.5,0.432,0.0,ETH-25OCT19-240-P,165.81,0.0,0.438,13.0,0.493,13.0,146.48,0.09793,-0.18531,-0.16876,0.00441,-0.8683
165.86,SYN.ETH-4OCT19,1569581946930,open,0.0,133.0,0.001,0.011,0.001413,116.49,0.001,0.0,ETH-4OCT19-230-C,165.81,0.0,0.0,0.0,0.003,500.0,131.99,0.01318,-0.11165,0.00073,0.00218,0.02472
166.48,ETH-27DEC19,1569581946934,open,0.83,1.0,0.77,0.92,0.844017,102.8,0.494,0.0,ETH-27DEC19-300-P,165.81,0.0,0.0,0.0,0.0,0.0,0.0,0.2227,-0.12596,-0.68711,0.00314,-0.81371
165.91,SYN.ETH-11OCT19,1569581946940,open,0.0,0.008,0.051,0.027075,86.47,None,0.0,ETH-11OCT19-150-P,165.81,95.92,0.033,408.0,0.045,408.0,114.34,0.10225,-0.31861,-0.01732,0.0113,-0.24752
166.02,SYN.ETH-25OCT19,1569581946948,open,0.69,3.0,0.639,0.753,0.693635,110.68,0.645,0.0,ETH-25OCT19-280-P,165.81,0.0,0.0,0.0,0.0,0.0,0.0,0.05455,-0.1083,-0.20715,0.00234,-0.94014
168.08,ETH-27MAR20,1569581946974,open,2.35,0.0,2.245,2.485,2.360171,105.13,None,0.0,ETH-27MAR20-560-P,165.81,0.0,0.01,10.0,0.0,0.0,0.0,0.21654,-0.06258,-2.72584,0.00146,-0.89447
166.27,SYN.ETH-29NOV19,1569581946974,open,2.0,0.022,0.076,0.047923,104.89,0.043,0.0,ETH-29NOV19-120-P,165.81,100.09,0.043,800.0,0.052,461.0,108.79,0.17252,-0.14391,-0.06151,0.00345,-0.16682
166.02,SYN.ETH-25OCT19,1569581947001,open,0.01,695.0,0.002,0.026,0.011075,108.66,0.009,0.0,ETH-25OCT19-260-C,165.81,103.77,0.009,740.0,0.014,500.0,114.82,0.0742,-0.14461,0.00994,0.00324,0.08951
8099.89,SYN.BTC-29NOV19,1569581947005,open,3.1,0.0075,0.048,0.02425747,91.5,0.0265,0.0,BTC-29NOV19-13000-C,8059.81,89.07,0.022,10.0,0.026,36.0,93.31,7.68093,-5.58905,1.69203,7e-05,0.14552
166.48,ETH-27DEC19,1569581947014,open,0.03,1216.0,0.009,0.056,0.029476,105.38,0.015,0.0,ETH-27DEC19-340-C,165.81,101.13,0.025,300.0,0.034,300.0,109.38,0.18193,-0.10548,0.04445,0.0025,0.13672
