underlying_price,underlying_index,timestamp,state,settlement_price,open_interest,min_price,max_price,mark_price,mark_iv,last_price,interest_rate,instrument_name,index_price,bid_iv,best_bid_price,best_bid_amount,best_ask_price,best_ask_amount,ask_iv,vega,theta,rho,gamma,delta
8879.61,BTC-28JUN19,1559213940129,open,0.08,95.6,0.036,0.122,0.07888414,90.22,0.0785,0.0,BTC-28JUN19-8500-P,8716.13,87.07,0.0755,19.3,0.078,3.0,89.4,9.52803,-14.88488,-3.24077,0.00017,-0.38245
8965.7,BTC-27SEP19,1559213940129,open,1.7,0.0,1.5865,1.8015,1.6941017,101.58,None,0.0,BTC-27SEP19-24000-P,8716.13,0.0,0.0,0.0,0.0,0.0,0.0,7.69015,-3.25836,-76.95311,3e-05,-0.91929
8965.7,BTC-27SEP19,1559213940129,open,0.02,100.0,0.0005,0.057,0.01722423,101.57,0.017,0.0,BTC-27SEP19-24000-C,8716.13,100.12,0.016,10.0,0.0185,6.0,103.03,7.68794,-3.25709,1.86862,3e-05,0.08068
8879.61,BTC-28JUN19,1559213940130,open,0.28,25.8,0.2215,0.3225,0.27206216,92.52,0.3,0.0,BTC-28JUN19-11000-P,8716.13,0.0,0.002,1.0,0.705,1.0,500.0,7.83824,-12.55759,-7.22025,0.00014,-0.75576
8965.7,BTC-27SEP19,1559213940130,open,1.48,0.0,1.3755,1.573,1.47438678,98.67,None,0.0,BTC-27SEP19-22000-P,8716.13,0.0,0.0055,10.0,0.0,0.0,0.0,8.75126,-3.60158,-70.03348,3e-05,-0.904
8879.61,BTC-28JUN19,1559213940130,open,0.0,520.6,0.0005,0.04,1.76e-06,135.0,0.001,0.0,BTC-28JUN19-2000-P,8716.13,0.0,0.0,0.0,0.001,4.8,228.16,0.00209,-0.00489,-0.00015,0.0,-2e-05
8716.13,index_price,1559213940130,open,0.01,456.3,0.0005,0.0445,0.00490107,104.69,0.0045,0,BTC-7JUN19-11000-C,8716.13,100.15,0.004,40.0,0.0055,2.0,107.48,1.82055,-12.10028,0.13267,0.00011,0.07544
8879.61,BTC-28JUN19,1559213940131,open,0.38,143.9,0.3445,0.424,0.38442793,99.19,0.397,0.0,BTC-28JUN19-5500-C,8716.13,0.0,0.331,5.0,0.422,3.0,189.63,1.77852,-3.05467,4.10161,3e-05,0.9683
8879.61,BTC-28JUN19,1559213940131,open,0.63,0.1,0.5945,0.674,0.6342766,134.94,0.395,0.0,BTC-28JUN19-3250-C,8716.13,0.0,0.0015,1.4,0.7785,2.0,500.0,0.17761,-0.41501,2.55319,0.0,0.99773
8965.73,BTC-27SEP19,1559213940129,open,0.03,0.0,0.0005,0.067,0.02729161,100.59,None,0.0,BTC-27DEC19-32000-C,8716.13,98.44,0.0245,6.0,0.03,6.0,102.57,11.9564,-2.8517,3.76416,3e-05,0.09996
8879.64,BTC-28JUN19,1559213940131,open,0.46,97.0,0.427,0.5065,0.46675994,109.01,0.1965,0.0,BTC-28JUN19-4750-C,8716.13,0.0,0.122,1.1,0.5035,1.0,225.51,0.89824,-1.69548,3.64668,1e-05,0.98587
8879.64,BTC-28JUN19,1559213940132,open,0.04,254.6,0.0005,0.078,0.03667665,92.06,0.036,0.0,BTC-28JUN19-7500-P,8716.13,89.41,0.0345,2.0,0.038,35.7,93.66,7.34141,-11.70321,-1.78367,0.00013,-0.21723
8879.64,BTC-28JUN19,1559213940132,open,0.77,20.1,0.735,0.8145,0.77476639,128.97,0.578,0.0,BTC-28JUN19-2000-C,8716.13,0.0,0.0035,1.0,0.842,1.0,500.0,0.001,-0.00224,1.58216,0.0,0.99999
8716.13,index_price,1559213940130,open,0.0,93.5,0.0005,0.04,5.233e-05,135.0,0.001,0,BTC-31MAY19-10500-C,8716.13,0.0,0.0,0.0,0.001,40.3,194.46,0.03545,-0.4561,0.00055,1e-05,0.00269
8879.64,BTC-28JUN19,1559213940133,open,0.6,143.2,0.5665,0.646,0.60638399,134.95,0.56,0.0,BTC-28JUN19-3500-C,8716.13,0.0,0.1505,1.0,0.613,0.4,200.97,0.30342,-0.70901,2.73618,0.0,0.99589
8879.64,BTC-28JUN19,1559213940133,open,0.0,259.1,0.0005,0.0405,0.00087627,115.21,0.0015,0.0,BTC-28JUN19-4250-P,8716.13,107.4,0.0005,5.3,0.0015,1.0,124.14,0.51273,-1.02282,-0.05832,1e-05,-0.00743
8716.13,index_price,1559213940130,open,0.12,20.6,0.0715,0.1605,0.11603296,99.39,0.109,0,BTC-7JUN19-9500-P,8716.13,0.0,0.0005,1.0,0.0,0.0,0.0,4.46917,-28.20077,-1.52976,0.00027,-0.69737
8965.73,BTC-27SEP19,1559213940133,open,0.54,0.0,0.47,0.592,0.53100552,88.5,None,0.0,BTC-27SEP19-13000-P,8716.13,0.0,0.0065,0.1,1.2685,0.3,500.0,18.27661,-6.74639,-35.77759,8e-05,-0.68402
8879.64,BTC-28JUN19,1559213940133,open,0.01,1147.5,0.0005,0.0475,0.0074155,96.65,0.007,0.0,BTC-28JUN19-6000-P,8716.13,93.72,0.0065,24.0,0.0085,1.0,99.89,2.86916,-4.80165,-0.45455,5e-05,-0.05729
8716.13,index_price,1559213940130,open,0.01,60.2,0.0005,0.0485,0.00875727,103.1,0.009,0,BTC-7JUN19-10500-C,8716.13,98.78,0.0075,30.1,0.01,40.0,107.11,2.62513,-17.18208,0.21728,0.00016,0.12429
8879.64,BTC-28JUN19,1559213940133,open,0.44,691.1,0.4,0.4795,0.43960983,108.97,0.427,0.0,BTC-28JUN19-5000-C,8716.13,0.0,0.235,0.1,0.4755,3.0,211.43,1.27683,-2.40919,3.78683,2e-05,0.97867
8879.64,BTC-28JUN19,1559213940133,open,0.19,42.9,0.1365,0.231,0.1837654,91.98,0.3035,0.0,BTC-28JUN19-10000-P,8716.13,0.0,0.001,1.0,0.6155,1.0,500.0,9.43599,-15.02872,-5.71146,0.00016,-0.62928
8965.73,BTC-27SEP19,1559213940132,open,0.03,134.7,0.0005,0.066,0.02523496,89.52,0.023,0.0,BTC-27DEC19-4000-P,8716.13,87.12,0.023,10.2,0.0275,6.0,91.88,8.48119,-1.80026,-4.59428,2e-05,-0.06346
8879.64,BTC-28JUN19,1559213940134,open,0.02,472.5,0.0005,0.059,0.01921794,93.73,0.02,0.0,BTC-28JUN19-12000-C,8716.13,91.13,0.0175,19.3,0.021,19.3,96.33,5.97987,-9.70508,0.96176,0.0001,0.15613
8965.73,BTC-27SEP19,1559213940134,open,0.01,1018.2,0.0005,0.052,0.01169848,90.47,0.025,0.0,BTC-27SEP19-4250-P,8716.13,87.2,0.01,25.0,0.013,6.0,92.82,4.84008,-1.82635,-1.65934,2e-05,-0.04465
8965.73,BTC-27SEP19,1559213940134,open,0.0,1639.1,0.0005,0.041,0.00100191,134.09,0.0015,0.0,BTC-27SEP19-1500-P,8716.13,0.0,0.0,0.0,0.002,15.0,147.53,0.51991,-0.29078,-0.1283,0.0,-0.00336
8716.13,index_price,1559213940129,open,0.02,268.6,0.0005,0.055,0.01518692,101.01,0.016,0,BTC-7JUN19-10000-C,8716.13,98.06,0.014,1.0,0.016,10.0,102.99,3.55339,-22.78735,0.34219,0.00021,0.19714
8965.73,BTC-27SEP19,1559213940134,open,0.64,0.0,0.602,0.6815,0.64188856,97.12,None,0.0,BTC-27SEP19-3250-C,8716.13,0.0,0.0075,0.1,0.9505,5.0,500.0,2.25297,-0.91266,10.02076,1e-05,0.9822
8965.73,BTC-27SEP19,1559213940134,open,0.02,97.2,0.0005,0.055,0.01475599,89.56,0.0255,0.0,BTC-27SEP19-4500-P,8716.13,86.72,0.013,25.0,0.016,6.0,91.49,5.70264,-2.13035,-2.04933,2e-05,-0.05484
8716.13,index_price,1559213940132,open,0.0,280.8,0.0005,0.04,0.0,135.0,0.0005,0,BTC-31MAY19-5750-P,8716.13,0.0,0.0,0.0,0.001,10.3,402.28,0.0,0.0,0.0,0.0,0.0
8965.73,BTC-27SEP19,1559213940134,open,0.01,376.8,0.0005,0.046,0.00613953,96.54,0.0065,0.0,BTC-27SEP19-3500-P,8716.13,94.51,0.0055,2.0,0.0065,6.0,97.63,2.90488,-1.16969,-0.88837,1e-05,-0.02403
8965.73,BTC-27SEP19,1559213940135,open,0.59,0.0,0.549,0.6285,0.58891892,93.01,None,0.0,BTC-27SEP19-3750-C,8716.13,0.0,0.0055,10.2,0.7625,10.0,299.84,3.36014,-1.30358,11.26245,1e-05,0.9714
8879.64,BTC-28JUN19,1559213940135,open,0.0,396.3,0.0005,0.0405,0.00054589,135.0,0.0005,0.0,BTC-28JUN19-3500-P,8716.13,0.0,0.0,0.0,0.0015,1.0,153.93,0.30412,-0.71091,-0.03281,0.0,-0.00412
8879.64,BTC-28JUN19,1559213940135,open,0.0,312.4,0.0005,0.0415,0.00169395,109.03,0.0025,0.0,BTC-28JUN19-4750-P,8716.13,100.99,0.001,5.0,0.0025,1.0,116.04,0.89906,-1.69739,-0.11124,1e-05,-0.01414
8716.13,index_price,1559213940129,open,0.1,36.8,0.066,0.1455,0.10552392,97.92,0.1045,0,BTC-7JUN19-8000-C,8716.13,100.0,0.1065,10.1,0.1115,1.0,110.42,4.0865,-25.40521,1.20815,0.00025,0.74792
8879.64,BTC-28JUN19,1559213940135,open,0.01,634.4,0.0005,0.045,0.00523513,103.11,0.0055,0.0,BTC-28JUN19-15000-C,8716.13,100.39,0.0045,10.0,0.006,31.5,105.72,2.50088,-4.46527,0.30171,4e-05,0.04818
8716.13,index_price,1559213940134,open,0.03,741.2,0.0005,0.073,0.03332641,94.95,0.0415,0,BTC-31MAY19-8500-C,8716.13,95.99,0.0335,6.0,0.039,6.0,127.72,1.45343,-78.79269,0.1422,0.00084,0.71334
8879.64,BTC-28JUN19,1559213940136,open,0.0,1192.2,0.0005,0.041,0.0012352,118.84,0.001,0.0,BTC-28JUN19-20000-C,8716.13,115.93,0.001,5.0,0.0015,0.9,121.68,0.77152,-1.58765,0.07456,1e-05,0.01185
8716.13,index_price,1559213940134,open,0.0,100.7,0.0005,0.04,0.0,135.0,0.0005,0,BTC-31MAY19-3750-P,8716.13,0.0,0.0,0.0,0.002,20.0,500.0,0.0,0.0,0.0,0.0,0.0
8965.73,BTC-27SEP19,1559213940129,open,3.05,0.0,2.877,3.1995,3.0380662,103.27,None,0.0,BTC-27DEC19-36000-P,8716.13,0.0,0.0,0.0,0.0,0.0,0.0,10.51299,-2.57419,-204.81443,2e-05,-0.91598
8716.13,index_price,1559213940132,open,0.0,299.0,0.0005,0.04,0.0,135.0,0.001,0,BTC-31MAY19-5500-P,8716.13,0.0,0.0,0.0,0.0015,30.0,467.84,0.0,0.0,0.0,0.0,0.0
8965.73,BTC-27SEP19,1559213940133,open,0.58,27.1,0.5395,0.619,0.57908892,89.52,0.542,0.0,BTC-27DEC19-4000-C,8716.13,0.0,0.0195,0.1,0.7195,0.2,200.37,8.48082,-1.80012,18.51572,2e-05,0.93654
8716.13,index_price,1559213940134,open,0.0,154.1,0.0005,0.04,7.5e-07,135.0,0.0015,0,BTC-31MAY19-6750-P,8716.13,0.0,0.0,0.0,0.001,10.3,262.92,0.00085,-0.00651,-1e-05,0.0,-5e-05
8965.73,BTC-27SEP19,1559213940136,open,0.05,65.6,0.0065,0.086,0.0464304,91.41,0.0475,0.0,BTC-27SEP19-16000-C,8716.13,90.19,0.0445,4.2,0.049,4.9,93.0,14.35935,-5.4746,4.50468,6e-05,0.19941
8965.73,BTC-27SEP19,1559213940136,open,0.83,42.8,0.794,0.8735,0.83369706,134.07,0.815,0.0,BTC-27SEP19-1500-C,8716.13,0.0,0.0,0.0,0.0,0.0,0.0,0.51952,-0.29052,4.79821,0.0,0.99665
8716.13,index_price,1559213940133,open,0.0,246.1,0.0005,0.04,0.0,135.0,0.0005,0,BTC-31MAY19-4000-P,8716.13,0.0,0.0,0.0,0.0015,20.0,500.0,0.0,0.0,0.0,0.0,0.0
8965.73,BTC-27SEP19,1559213940130,open,0.03,33.7,0.0005,0.072,0.03204961,100.41,0.0335,0.0,BTC-27DEC19-30000-C,8716.13,99.69,0.031,1.0,0.033,6.0,101.05,13.21878,-3.14709,4.2911,3e-05,0.11489
8965.73,BTC-27SEP19,1559213940134,open,0.01,178.6,0.0005,0.047,0.00704113,99.29,0.006,0.0,BTC-27DEC19-2500-P,8716.13,93.01,0.005,10.0,0.009,6.0,104.43,3.19354,-0.75182,-1.3616,1e-05,-0.01925
8716.13,index_price,1559213940133,open,0.0,566.7,0.0005,0.04,0.0,135.0,0.0015,0,BTC-31MAY19-5000-P,8716.13,0.0,0.0,0.0,0.0025,20.0,500.0,0.0,0.0,0.0,0.0,0.0
8716.13,index_price,1559213940130,open,0.11,110.7,0.072,0.1515,0.11160331,129.85,0.1145,0,BTC-31MAY19-7750-C,8716.13,0.0,0.1105,0.1,0.164,0.1,500.0,0.2915,-21.61224,0.17948,0.00012,0.96987
8965.73,BTC-27SEP19,1559213940131,open,0.41,122.6,0.373,0.4525,0.41268671,84.1,0.385,0.0,BTC-27DEC19-6000-C,8716.13,0.0,0.0045,0.1,0.45,0.1,102.93,17.34739,-3.45919,21.53453,4e-05,0.82842
8965.73,BTC-27SEP19,1559213940132,open,0.41,13.1,0.351,0.463,0.40685299,84.29,0.413,0.0,BTC-27DEC19-11000-P,8716.13,80.22,0.3945,3.6,0.4105,3.6,85.5,27.18706,-5.43378,-46.94901,7e-05,-0.49952
8716.13,index_price,1559213940131,open,0.2,250.2,0.157,0.2365,0.19689561,130.34,0.2005,0,BTC-31MAY19-7000-C,8716.13,0.0,0.093,0.1,0.2595,0.1,500.0,0.00419,-0.3117,0.16789,0.0,0.99974
8879.64,BTC-28JUN19,1559213940138,open,0.0,1396.0,0.0005,0.04,4e-08,135.0,0.001,0.0,BTC-28JUN19-1500-P,8716.13,0.0,0.0,0.0,0.0005,80.1,249.85,7e-05,-0.00016,0.0,0.0,0.0
8716.13,index_price,1559213940132,open,0.54,9.0,0.5015,0.581,0.54107915,0.0,0.249,0,BTC-31MAY19-4000-C,8716.13,0.0,0.015,0.2,0.0,0.0,0.0,0.0,0.0,0.09597,0.0,1.0
8965.73,BTC-27SEP19,1559213940131,open,1.09,0.0,0.9995,1.1655,1.0826094,89.96,None,0.0,BTC-27DEC19-18000-P,8716.13,0.0,0.0055,5.0,1.9275,0.2,500.0,21.6142,-4.61051,-94.97368,5e-05,-0.7509
8965.73,BTC-27SEP19,1559213940133,open,0.0,85.9,0.0005,0.044,0.00425582,105.56,0.0025,0.0,BTC-27DEC19-2000-P,8716.13,96.69,0.0025,10.0,0.006,6.0,112.4,2.06246,-0.51619,-0.81985,0.0,-0.01157
8716.13,index_price,1559213940133,open,0.34,298.7,0.3005,0.38,0.34030128,0.0,0.3305,0,BTC-31MAY19-5750-C,8716.13,0.0,0.101,3.0,0.349,5.0,500.0,0.0,0.0,0.13795,0.0,1.0
8716.13,index_price,1559213940131,open,0.0,265.5,0.0005,0.04,4.821e-05,135.0,0.0005,0,BTC-31MAY19-7250-P,8716.13,0.0,0.0,0.0,0.0005,12.0,178.18,0.0321,-0.42021,-0.00051,1e-05,-0.00241
8716.13,index_price,1559213940133,open,0.0,633.8,0.0005,0.04,0.0,135.0,0.0005,0,BTC-31MAY19-4500-P,8716.13,0.0,0.0,0.0,0.001,12.0,500.0,0.0,0.0,0.0,0.0,0.0
8965.73,BTC-27SEP19,1559213940131,open,0.25,0.3,0.2015,0.301,0.25135676,83.48,0.3155,0.0,BTC-27DEC19-9000-P,8716.13,80.42,0.2425,8.0,0.255,4.9,84.75,25.90146,-5.12705,-32.58955,7e-05,-0.3778
8965.73,BTC-27SEP19,1559213940135,open,0.53,6.6,0.4935,0.573,0.5332425,87.35,0.498,0.0,BTC-27DEC19-4500-C,8716.13,0.0,0.26,1.4,0.985,1.0,500.0,10.63343,-2.20232,19.75848,3e-05,0.91469
8965.73,BTC-27SEP19,1559213940137,open,0.29,126.1,0.2535,0.333,0.29335858,83.59,0.29,0.0,BTC-27DEC19-8000-C,8716.13,82.71,0.291,5.0,0.3,2.0,86.07,24.02775,-4.76224,20.56756,6e-05,0.69043
298.51,ETH-27SEP19,1559213940140,open,0.82,0.0,0.745,0.889,0.816938,105.27,None,0.0,ETH-27SEP19-520-P,283.61,0.0,0.0,0.0,0.0,0.0,0.0,0.56373,-0.24753,-1.51838,0.00183,-0.73182
298.52,ETH-27SEP19,1559213940140,open,1.07,0.0,0.985,1.15,1.067558,109.49,None,0.0,ETH-27SEP19-600-P,283.61,0.0,0.0,0.0,0.0,0.0,0.0,0.49604,-0.22652,-1.81905,0.00155,-0.78782
283.61,index_price,1559213940140,open,0.16,39.0,0.124,0.203,0.163445,103.72,0.128,0,ETH-7JUN19-240-C,283.61,118.07,0.168,50.0,0.174,50.0,134.84,0.08362,-0.55065,0.04381,0.00465,0.87941
283.61,index_price,1559213940140,open,0.09,78.0,0.047,0.126,0.08634,103.77,0.076,0,ETH-7JUN19-270-C,283.61,106.83,0.088,93.0,0.095,150.0,119.67,0.15349,-1.01118,0.0348,0.00852,0.655
283.61,index_price,1559213940140,open,0.01,1355.0,0.001,0.046,0.006484,127.73,0.007,0,ETH-31MAY19-300-C,283.61,116.23,0.005,10.0,0.009,31.0,145.57,0.03807,-1.83891,0.00127,0.01544,0.19305
283.61,index_price,1559213940140,open,0.18,201.0,0.133,0.227,0.180049,110.44,0.16,0,ETH-7JUN19-330-P,283.61,0.0,0.163,50.0,0.17,50.0,81.9,0.11555,-0.81017,-0.06016,0.00603,-0.80308
283.61,index_price,1559213940140,open,0.4,0.0,0.361,0.44,0.400564,0.0,None,0,ETH-31MAY19-170-C,283.61,0.0,0.001,1.0,0.0,0.0,0.0,0.0,0.0,0.00408,0.0,1.0
283.61,index_price,1559213940140,open,0.01,253.0,0.001,0.052,0.012032,111.29,0.014,0,ETH-7JUN19-340-C,283.61,108.25,0.011,88.0,0.014,200.0,116.82,0.09803,-0.69263,0.00857,0.00508,0.15208
283.61,index_price,1559213940140,open,0.04,0.0,0.001,0.078,0.03743,124.19,None,0,ETH-31MAY19-290-P,283.61,64.14,0.027,150.0,0.04,150.0,138.01,0.05238,-3.71424,-0.00455,0.02186,-0.63151
283.61,index_price,1559213940140,open,0.0,270.0,0.001,0.041,0.000997,114.94,0.009,0,ETH-7JUN19-200-P,283.61,0.0,0.0,0.0,0.002,300.0,128.68,0.01637,-0.11942,-0.00102,0.00082,-0.01565
283.61,index_price,1559213940140,open,0.04,21.0,0.001,0.079,0.038385,103.83,0.03,0,ETH-7JUN19-270-P,283.61,90.08,0.031,81.0,0.035,200.0,97.56,0.1535,-1.01184,-0.02346,0.00852,-0.34506
283.61,index_price,1559213940140,open,0.01,400.0,0.001,0.05,0.009707,103.82,0.009,0,ETH-7JUN19-240-P,283.61,94.07,0.007,83.0,0.01,250.0,104.81,0.08372,-0.55183,-0.00799,0.00465,-0.12079
283.61,index_price,1559213940140,open,0.03,7.0,0.001,0.07,0.030506,109.44,0.036,0,ETH-7JUN19-310-C,283.61,102.69,0.027,307.0,0.034,200.0,116.06,0.14861,-1.03255,0.0176,0.00782,0.31809
283.61,index_price,1559213940140,open,0.15,144.0,0.115,0.194,0.154004,147.55,0.166,0,ETH-31MAY19-240-C,283.61,0.0,0.153,50.0,0.161,50.0,284.78,0.00353,-0.29764,0.00569,0.00124,0.99052
283.61,index_price,1559213940140,open,0.0,302.0,0.001,0.04,0.000177,149.97,0.001,0,ETH-31MAY19-340-C,283.61,0.0,0.0,0.0,0.002,261.0,215.08,0.00288,-0.05033,5e-05,0.001,0.00751
283.61,index_price,1559213940140,open,0.0,1139.0,0.001,0.04,0.0,150.02,0.002,0,ETH-31MAY19-210-P,283.61,0.0,0.0,0.0,0.001,100.0,302.42,1e-05,-9e-05,0.0,0.0,-2e-05
283.61,index_price,1559213940140,open,0.26,0.0,0.221,0.3,0.260894,105.75,None,0,ETH-7JUN19-210-C,283.61,0.0,0.001,30.0,0.0,0.0,0.0,0.02195,-0.14736,0.04388,0.0012,0.9779
283.61,index_price,1559213940140,open,0.33,95.0,0.291,0.37,0.330042,0.0,0.199,0,ETH-31MAY19-190-C,283.61,0.0,0.0,0.0,0.429,1.0,500.0,0.0,0.0,0.00456,0.0,1.0
283.61,index_price,1559213940141,open,0.0,967.0,0.001,0.04,0.000567,149.93,0.002,0,ETH-31MAY19-330-C,283.61,0.0,0.0,0.0,0.002,61.0,186.66,0.00711,-0.1608,0.00014,0.00246,0.02137
283.61,index_price,1559213940140,open,0.01,345.0,0.001,0.048,0.008928,112.83,0.01,0,ETH-7JUN19-350-C,283.61,109.55,0.008,97.0,0.011,250.0,119.65,0.08224,-0.5891,0.00666,0.0042,0.11777
283.61,index_price,1559213940140,open,0.02,450.0,0.001,0.056,0.016439,110.34,0.01,0,ETH-7JUN19-330-C,283.61,106.76,0.015,85.0,0.019,200.0,116.49,0.11545,-0.8088,0.01103,0.00603,0.19666
283.61,index_price,1559213940140,open,0.0,328.0,0.001,0.04,0.0,150.01,0.001,0,ETH-31MAY19-190-P,283.61,0.0,0.0,0.0,0.001,50.0,389.08,0.0,0.0,0.0,0.0,0.0
283.61,index_price,1559213940140,open,0.0,1187.0,0.001,0.04,0.000266,149.84,0.002,0,ETH-31MAY19-240-P,283.61,0.0,0.0,0.0,0.002,200.0,208.32,0.00383,-0.07542,-7e-05,0.00133,-0.0104
283.61,index_price,1559213940140,open,0.22,1.0,0.185,0.264,0.224264,0.0,0.113,0,ETH-31MAY19-220-C,283.61,0.0,0.001,15.0,0.3,2.0,500.0,0.0,0.0,0.00528,0.0,1.0
283.61,index_price,1559213940140,open,0.24,0.0,0.194,0.292,0.24306,112.98,None,0,ETH-7JUN19-350-P,283.61,0.0,0.0,0.0,0.0,0.0,0.0,0.08242,-0.59114,-0.06884,0.0042,-0.88188
283.61,index_price,1559213940140,open,0.0,214.0,0.001,0.041,0.001608,149.47,0.002,0,ETH-31MAY19-320-C,283.61,0.0,0.0,0.0,0.004,400.0,183.97,0.01511,-0.45612,0.00035,0.00524,0.05345
8965.73,BTC-27SEP19,1559213940188,open,0.15,937.5,0.114,0.1935,0.15362864,86.22,0.157,0.0,BTC-27SEP19-10000-C,8716.13,84.85,0.1505,10.0,0.157,3.6,87.7,20.49117,-7.36924,10.506,9e-05,0.51042
298.52,ETH-27SEP19,1559213940476,open,0.11,1554.0,0.066,0.154,0.110125,94.86,0.11,0.0,ETH-27SEP19-240-P,283.61,90.39,0.102,239.0,0.112,80.0,95.89,0.54412,-0.21528,-0.35348,0.00196,-0.25041
283.61,index_price,1559213940784,open,0.0,1261.0,0.001,0.042,0.00294,136.0,0.004,0,ETH-31MAY19-310-C,283.61,136.75,0.003,25.0,0.006,401.0,166.92,0.02373,-0.83286,0.00064,0.00904,0.0964
8965.73,BTC-27SEP19,1559213940836,open,0.12,546.0,0.083,0.1625,0.12268392,86.65,0.1175,0.0,BTC-27SEP19-11000-C,8716.13,85.01,0.119,12.5,0.1265,3.6,88.34,20.22588,-7.30954,9.19787,9e-05,0.43505
8965.7,BTC-27SEP19,1559213940847,open,0.3,822.2,0.264,0.3435,0.30353551,85.86,0.292,0.0,BTC-27SEP19-7000-C,8716.13,83.81,0.3,4.1,0.364,5.0,120.09,15.48422,-5.54524,13.826,7e-05,0.77308
8879.64,BTC-28JUN19,1559213940870,open,0.33,1826.5,0.292,0.3715,0.33171217,96.64,0.337,0.0,BTC-28JUN19-6000-C,8716.13,85.28,0.3285,3.9,0.3695,3.0,170.55,2.86832,-4.79957,4.29232,5e-05,0.94273
8965.73,BTC-27SEP19,1559213941018,open,0.05,65.6,0.0065,0.086,0.04643151,91.41,0.0475,0.0,BTC-27SEP19-16000-C,8716.13,90.19,0.0445,4.3,0.049,4.9,93.0,14.35935,-5.4746,4.50468,6e-05,0.19941
8965.7,BTC-27SEP19,1559213941024,open,0.38,718.9,0.3395,0.419,0.37910757,87.5,0.372,0.0,BTC-27SEP19-6000-C,8716.13,85.12,0.376,4.1,0.45,8.6,136.52,11.79058,-4.30312,13.96976,5e-05,0.85353
8879.64,BTC-28JUN19,1559213941129,open,0.83,33.8,0.7915,0.871,0.8310737,0.0,0.7145,0.0,BTC-28JUN19-1500-C,8716.17,0.0,0.002,0.4,0.873,2.0,500.0,0.0,0.0,1.18667,0.0,1.0
8965.79,BTC-27SEP19,1559213941131,open,0.67,226.1,0.629,0.7085,0.66857228,98.61,0.585,0.0,BTC-27SEP19-3000-C,8716.17,0.0,0.0065,0.1,0.9525,5.0,500.0,1.74442,-0.71747,9.37014,1e-05,0.98679
8965.79,BTC-27SEP19,1559213941131,open,0.24,1003.7,0.203,0.2825,0.24253568,85.86,0.236,0.0,BTC-27SEP19-8000-C,8716.17,83.15,0.237,9.4,0.246,3.6,87.56,18.28834,-6.54942,12.98621,8e-05,0.68355
8965.79,BTC-27SEP19,1559213941131,open,0.0,615.2,0.0005,0.043,0.00317973,98.62,0.005,0.0,BTC-27SEP19-3000-P,8716.17,94.87,0.0025,15.0,0.004,6.0,102.55,1.74517,-0.71786,-0.48291,1e-05,-0.01322
8879.64,BTC-28JUN19,1559213941131,open,0.01,472.1,0.0005,0.0535,0.01318308,94.08,0.013,0.0,BTC-28JUN19-6500-P,8716.17,91.54,0.012,26.0,0.014,2.0,95.78,4.21776,-6.8709,-0.7592,7e-05,-0.09489
8965.79,BTC-27SEP19,1559213941132,open,0.56,233.5,0.5235,0.603,0.56308202,91.66,0.58,0.0,BTC-27SEP19-4000-C,8716.17,0.0,0.1655,1.1,0.59,0.1,133.01,4.06276,-1.55327,11.80553,2e-05,0.964
8879.68,BTC-28JUN19,1559213941132,open,0.55,322.4,0.5105,0.59,0.55041276,123.98,0.451,0.0,BTC-28JUN19-4000-C,8716.17,0.0,0.0005,12.0,0.674,3.0,454.04,0.48193,-1.03459,3.10965,1e-05,0.99308
8879.68,BTC-28JUN19,1559213941132,open,0.11,83.2,0.064,0.152,0.10803479,89.75,0.117,0.0,BTC-28JUN19-9000-P,8716.17,87.03,0.105,14.4,0.111,1.0,92.4,9.93741,-15.44273,-4.06725,0.00018,-0.47095
8879.68,BTC-28JUN19,1559213941132,open,0.28,500.5,0.2415,0.321,0.28117106,94.07,0.2765,0.0,BTC-28JUN19-6500-C,8716.17,87.02,0.278,4.0,0.319,3.0,154.73,4.21727,-6.86962,4.38318,7e-05,0.90512
8965.83,BTC-27SEP19,1559213941132,open,1.05,1.0,0.9605,1.123,1.04173353,93.83,1.5815,0.0,BTC-27SEP19-18000-P,8716.17,0.0,0.0065,0.1,1.7965,0.3,500.0,12.09372,-4.73291,-55.64121,5e-05,-0.84786
8879.68,BTC-28JUN19,1559213941132,open,0.01,454.6,0.0005,0.047,0.00749566,99.19,0.006,0.0,BTC-28JUN19-14000-C,8716.17,94.89,0.006,24.0,0.009,24.5,103.08,3.27197,-5.61995,0.42364,5e-05,0.0678
8879.68,BTC-28JUN19,1559213941133,open,0.15,701.6,0.114,0.1935,0.15375927,90.55,0.154,0.0,BTC-28JUN19-8000-C,8716.17,86.66,0.15,5.0,0.156,14.4,92.85,8.62612,-13.52462,3.86786,0.00015,0.70436
8965.83,BTC-27SEP19,1559213941133,open,0.01,174.3,0.0005,0.0495,0.00922527,91.67,0.01,0.0,BTC-27SEP19-4000-P,8716.17,88.87,0.008,15.0,0.0105,6.0,94.39,4.06343,-1.55364,-1.33183,2e-05,-0.036
8716.17,index_price,1559213941129,open,0.27,8.1,0.212,0.3125,0.26203201,143.69,0.256,0,BTC-31MAY19-11000-P,8716.17,0.0,0.0,0.0,0.3425,0.1,500.0,0.00808,-0.66293,-0.2638,0.0,-0.99946
8965.83,BTC-27SEP19,1559213941134,open,0.78,28.2,0.7395,0.819,0.77918723,126.25,0.755,0.0,BTC-27SEP19-2000-C,8716.17,0.0,0.0075,0.1,0.9625,5.0,500.0,1.05633,-0.55624,6.28307,0.0,0.99256
8716.17,index_price,1559213941132,open,0.01,274.5,0.0005,0.048,0.00812044,102.75,0.006,0,BTC-31MAY19-9000-C,8716.17,92.52,0.0065,4.3,0.0095,1.0,111.13,1.41269,-70.77913,0.05485,0.00075,0.27041
8965.83,BTC-27SEP19,1559213941130,open,0.04,34.7,0.0045,0.084,0.04416776,94.64,0.047,0.0,BTC-27DEC19-24000-C,8716.17,92.88,0.041,4.9,0.0475,4.9,96.44,16.34107,-3.66705,5.8177,4e-05,0.15648
8716.17,index_price,1559213941129,open,0.02,46.4,0.0005,0.061,0.02059785,94.97,0.0235,0,BTC-31MAY19-8750-P,8716.17,84.21,0.0185,3.9,0.0215,18.0,99.6,1.70014,-92.19398,-0.11387,0.00098,-0.52393
8965.83,BTC-27SEP19,1559213941131,open,0.12,136.4,0.0795,0.159,0.11942959,86.91,0.1195,0.0,BTC-27DEC19-14000-C,8716.17,85.18,0.1145,10.0,0.125,4.9,88.86,25.62319,-5.28039,12.73737,6e-05,0.36533
8716.17,index_price,1559213941131,open,0.0,487.7,0.0005,0.04,0.0,135.0,0.0005,0,BTC-31MAY19-6000-P,8716.17,0.0,0.0,0.0,0.001,10.0,365.73,0.0,0.0,0.0,0.0,0.0
8965.83,BTC-27SEP19,1559213941132,open,0.14,174.1,0.097,0.1765,0.13699944,86.39,0.133,0.0,BTC-27DEC19-13000-C,8716.17,85.2,0.1335,20.0,0.1425,4.9,88.25,26.43165,-5.41433,13.94204,7e-05,0.40615
8965.83,BTC-27SEP19,1559213941131,open,0.78,0.0,0.7415,0.821,0.78118412,105.55,None,0.0,BTC-27DEC19-2000-C,8716.17,0.0,0.0165,3.0,0.99,0.5,500.0,2.06174,-0.51596,10.73535,0.0,0.98843
8716.17,index_price,1559213941131,open,0.28,307.5,0.243,0.3225,0.28293865,0.0,0.281,0,BTC-31MAY19-6250-C,8716.17,0.0,0.019,4.0,0.3735,0.1,500.0,0.0,0.0,0.14995,0.0,1.0
8716.17,index_price,1559213941136,open,0.25,294.0,0.2145,0.294,0.25425624,0.0,0.259,0,BTC-31MAY19-6500-C,8716.17,0.0,0.019,4.0,0.2595,2.0,404.86,0.0,0.0,0.15595,0.0,1.0
8965.83,BTC-27SEP19,1559213941137,open,0.35,54.2,0.308,0.3875,0.34754869,83.59,0.317,0.0,BTC-27DEC19-7000-C,8716.17,0.0,0.1205,5.0,0.3985,0.1,105.14,21.17155,-4.19608,21.3798,5e-05,0.76029
283.61,index_price,1559213941178,open,0.07,355.0,0.027,0.106,0.066962,103.8,0.072,0,ETH-7JUN19-280-C,283.61,105.6,0.068,102.0,0.075,150.0,117.7,0.16408,-1.08131,0.0304,0.00911,0.56366
283.61,index_price,1559213941189,open,0.13,0.0,0.085,0.175,0.12992,149.5,None,0,ETH-31MAY19-320-P,283.61,0.0,0.12,50.0,0.13,50.0,150.98,0.01512,-1.29039,-0.00732,0.00524,-0.94651
8965.79,BTC-27SEP19,1559213941220,open,0.24,1003.7,0.203,0.2825,0.24253877,85.86,0.236,0.0,BTC-27SEP19-8000-C,8716.17,83.39,0.2375,4.1,0.246,3.6,87.56,18.28834,-6.54942,12.98621,8e-05,0.68355
283.61,index_price,1559213941231,open,0.01,201.0,0.001,0.047,0.00684,122.82,0.007,0,ETH-31MAY19-270-P,283.61,100.43,0.004,74.0,0.009,342.0,138.08,0.0387,-1.93977,-0.0014,0.01633,-0.19835
283.61,index_price,1559213941245,open,0.13,1.0,0.079,0.168,0.123567,109.46,0.182,0,ETH-7JUN19-310-P,283.61,75.68,0.107,150.0,0.115,150.0,92.67,0.14861,-1.03279,-0.04929,0.00782,-0.68187
8965.79,BTC-27SEP19,1559213941366,open,0.19,377.9,0.153,0.2325,0.19280907,85.86,0.197,0.0,BTC-27SEP19-9000-C,8716.17,84.6,0.19,5.0,0.1965,3.6,87.52,19.92454,-7.13535,11.8186,9e-05,0.59417
283.61,index_price,1559213941452,open,0.0,5.0,0.001,0.04,0.0,150.0,0.002,0,ETH-31MAY19-170-P,283.61,0.0,0.0,0.0,0.001,50.0,483.87,0.0,0.0,0.0,0.0,0.0
283.61,index_price,1559213941549,open,0.29,117.0,0.255,0.334,0.294806,150.0,0.17,0,ETH-31MAY19-200-C,283.61,0.0,0.025,1.0,0.388,1.0,500.0,0.0,-5e-05,0.0048,0.0,1.0
283.61,index_price,1559213941597,open,0.06,32.0,0.013,0.096,0.054233,103.8,0.053,0,ETH-7JUN19-280-P,283.61,84.38,0.043,150.0,0.05,150.0,96.49,0.16408,-1.08131,-0.03002,0.00911,-0.43634
283.61,index_price,1559213941699,open,0.02,57.0,0.001,0.062,0.022574,109.98,0.026,0,ETH-7JUN19-320-C,283.61,104.42,0.02,308.0,0.025,200.0,115.09,0.1331,-0.92936,0.01407,0.00697,0.25256
283.61,index_price,1559213941847,open,0.0,458.0,0.001,0.04,0.000601,132.52,0.001,0,ETH-31MAY19-250-P,283.61,144.73,0.001,1.0,0.003,450.0,182.49,0.00787,-0.17051,-0.00017,0.00308,-0.02409
298.51,ETH-27SEP19,1559213941877,open,0.0,174.0,0.001,0.041,0.001307,124.71,0.002,0.0,ETH-27SEP19-60-P,283.61,0.0,0.0,0.0,0.003,150.0,141.01,0.0231,-0.01201,-0.00582,6e-05,-0.00463
290.54,ETH-28JUN19,1559213941877,open,0.13,67.0,0.09,0.179,0.134548,103.45,0.126,0.0,ETH-28JUN19-300-P,283.61,99.4,0.13,120.0,0.139,120.0,107.43,0.32581,-0.58365,-0.14261,0.00472,-0.48589
298.51,ETH-27SEP19,1559213941877,open,0.22,37.0,0.169,0.265,0.217232,94.84,0.221,0.0,ETH-27SEP19-300-P,283.61,90.67,0.208,40.0,0.223,40.0,97.45,0.65935,-0.26082,-0.60163,0.00238,-0.39643
290.54,ETH-28JUN19,1559213941877,open,0.45,923.0,0.412,0.491,0.451289,107.14,0.357,0.0,ETH-28JUN19-160-C,283.61,0.0,0.1,3.0,0.0,0.0,0.0,0.03372,-0.06255,0.12231,0.00047,0.98342
298.51,ETH-27SEP19,1559213941880,open,0.47,0.0,0.408,0.525,0.466584,100.1,None,0.0,ETH-27SEP19-400-P,283.61,92.16,0.449,30.0,0.469,30.0,101.19,0.66567,-0.27794,-1.03424,0.00227,-0.58835
290.54,ETH-28JUN19,1559213941889,open,0.66,0.0,0.617,0.696,0.656248,149.54,None,0.0,ETH-28JUN19-100-C,283.61,0.0,0.0,0.0,0.0,0.0,0.0,0.00751,-0.01945,0.07832,8e-05,0.99698
290.54,ETH-28JUN19,1559213941897,open,0.42,1130.0,0.378,0.457,0.417698,103.33,0.32,0.0,ETH-28JUN19-170-C,283.61,0.0,0.1,5.0,0.6,1.0,433.63,0.04507,-0.08064,0.12848,0.00065,0.97667
298.51,ETH-27SEP19,1559213941897,open,0.39,1738.0,0.349,0.428,0.388476,94.86,0.307,0.0,ETH-27SEP19-200-C,283.61,0.0,0.167,10.0,0.583,4.0,225.02,0.41043,-0.16239,0.44599,0.00148,0.84339
290.54,ETH-28JUN19,1559213941910,open,0.0,10453.0,0.001,0.041,0.001002,116.3,0.001,0.0,ETH-28JUN19-140-P,283.61,0.0,0.0,0.0,0.002,300.0,128.57,0.0185,-0.03726,-0.00214,0.00024,-0.0083
290.54,ETH-28JUN19,1559213941910,open,0.55,386.0,0.514,0.593,0.553044,116.12,0.321,0.0,ETH-28JUN19-130-C,283.61,0.0,0.14,49.0,0.566,2.0,203.33,0.01038,-0.02088,0.10174,0.00013,0.99567
290.54,ETH-28JUN19,1559213941918,open,0.59,50.0,0.548,0.627,0.587462,126.89,0.547,0.0,ETH-28JUN19-120-C,283.61,0.0,0.0,0.0,0.0,0.0,0.0,0.00958,-0.02105,0.09391,0.00011,0.99605
290.54,ETH-28JUN19,1559213941918,open,0.72,0.0,0.685,0.764,0.724718,150.0,None,0.0,ETH-28JUN19-80-C,283.61,0.0,0.002,5.0,0.0,0.0,0.0,0.00156,-0.00406,0.06315,2e-05,0.99946
290.54,ETH-28JUN19,1559213941918,open,0.0,9820.0,0.001,0.04,0.000502,116.55,0.001,0.0,ETH-28JUN19-130-P,283.61,0.0,0.0,0.0,0.001,18.0,127.09,0.01062,-0.02142,-0.00113,0.00014,-0.00443
290.54,ETH-28JUN19,1559213941998,open,0.01,7192.0,0.001,0.05,0.010655,121.66,0.01,0.0,ETH-28JUN19-500-C,283.61,117.46,0.009,331.0,0.013,200.0,127.05,0.11974,-0.25223,0.01559,0.00147,0.07848
298.51,ETH-27SEP19,1559213942016,open,0.61,147.0,0.566,0.645,0.6054,97.4,0.45,0.0,ETH-27SEP19-120-C,283.61,0.0,0.007,10.0,0.679,2.0,201.05,0.10977,-0.0446,0.35945,0.00039,0.97204
283.61,index_price,1559213942023,open,0.05,224.0,0.011,0.09,0.050845,103.8,0.053,0,ETH-7JUN19-290-C,283.61,104.07,0.051,83.0,0.058,150.0,116.03,0.16579,-1.09261,0.02578,0.0092,0.47214
290.54,ETH-28JUN19,1559213942028,open,0.62,10.0,0.583,0.662,0.622301,149.55,0.265,0.0,ETH-28JUN19-110-C,283.61,0.0,0.0,0.0,0.0,0.0,0.0,0.01364,-0.03533,0.08546,0.00014,0.99412
298.51,ETH-27SEP19,1559213942050,open,0.44,743.0,0.397,0.476,0.436182,94.86,0.331,0.0,ETH-27SEP19-180-C,283.61,0.0,0.23,1.0,0.5,1.0,145.42,0.33129,-0.13108,0.44038,0.00119,0.88537
290.54,ETH-28JUN19,1559213942071,open,0.69,0.0,0.651,0.73,0.69041,149.16,None,0.0,ETH-28JUN19-90-C,283.61,0.0,0.002,5.0,0.0,0.0,0.0,0.00359,-0.00927,0.07085,4e-05,0.99866
298.51,ETH-27SEP19,1559213942081,open,0.0,1723.0,0.001,0.042,0.002236,111.11,0.003,0.0,ETH-27SEP19-80-P,283.61,99.28,0.001,89.0,0.004,200.0,122.08,0.03958,-0.01834,-0.01053,0.00012,-0.00851
290.54,ETH-28JUN19,1559213942091,open,0.49,481.0,0.446,0.525,0.485555,115.99,0.46,0.0,ETH-28JUN19-150-C,283.61,0.0,0.021,4.0,0.5,200.0,180.84,0.02967,-0.05958,0.11496,0.00038,0.98572
298.51,ETH-27SEP19,1559213942091,open,0.73,0.0,0.695,0.774,0.734248,111.17,None,0.0,ETH-27SEP19-80-C,283.61,0.0,0.003,10.0,0.0,0.0,0.0,0.03968,-0.0184,0.25218,0.00012,0.99147
290.54,ETH-28JUN19,1559213942091,open,0.41,0.0,0.352,0.463,0.407415,113.25,None,0.0,ETH-28JUN19-400-P,283.61,0.0,0.0,0.0,0.0,0.0,0.0,0.22823,-0.44754,-0.27771,0.00302,-0.8008
283.61,index_price,1559213942094,open,0.01,201.0,0.001,0.047,0.00684,122.82,0.007,0,ETH-31MAY19-270-P,283.61,100.43,0.004,73.0,0.009,342.0,138.08,0.0387,-1.93977,-0.0014,0.01633,-0.19835
283.61,index_price,1559213942102,open,0.0,787.0,0.001,0.04,0.0,150.0,0.001,0,ETH-31MAY19-200-P,283.61,0.0,0.0,0.0,0.001,54.0,344.88,0.0,0.0,0.0,0.0,0.0
283.61,index_price,1559213942122,open,0.04,21.0,0.001,0.079,0.038371,103.8,0.03,0,ETH-7JUN19-270-P,283.61,90.08,0.031,80.0,0.035,200.0,97.56,0.1535,-1.01157,-0.02346,0.00852,-0.34503
290.54,ETH-28JUN19,1559213942138,open,0.67,0.0,0.599,0.731,0.66477,119.41,None,0.0,ETH-28JUN19-480-P,283.62,0.0,0.0,0.0,0.0,0.0,0.0,0.13519,-0.27954,-0.36144,0.0017,-0.90772
290.54,ETH-28JUN19,1559213942138,open,0.53,0.0,0.473,0.595,0.53387,116.38,None,0.0,ETH-28JUN19-440-P,283.62,0.0,0.0,0.0,0.0,0.0,0.0,0.1772,-0.35709,-0.32159,0.00228,-0.86525
290.54,ETH-28JUN19,1559213942138,open,0.27,1595.0,0.226,0.305,0.265551,103.42,0.248,0.0,ETH-28JUN19-220-C,283.62,0.0,0.234,80.0,0.294,80.0,144.39,0.17773,-0.31828,0.13771,0.00257,0.86467
290.54,ETH-28JUN19,1559213942138,open,0.01,3715.0,0.001,0.047,0.007502,103.46,0.007,0.0,ETH-28JUN19-190-P,283.62,94.55,0.005,150.0,0.008,200.0,105.05,0.08992,-0.16109,-0.01419,0.0013,-0.05425
290.54,ETH-28JUN19,1559213942138,open,0.04,5951.0,0.001,0.082,0.040404,103.47,0.037,0.0,ETH-28JUN19-240-P,283.62,95.45,0.034,295.0,0.038,90.0,100.49,0.23632,-0.42338,-0.05784,0.00342,-0.21122
298.51,ETH-27SEP19,1559213942138,open,0.8,0.0,0.761,0.84,0.800316,124.8,0.01,0.0,ETH-27SEP19-60-C,283.62,0.0,0.003,10.0,0.0,0.0,0.0,0.02318,-0.01206,0.19121,6e-05,0.99535
290.54,ETH-28JUN19,1559213942138,open,0.0,3083.0,0.001,0.04,0.000446,149.99,0.001,0.0,ETH-28JUN19-100-P,283.62,0.0,0.0,0.0,0.002,150.0,182.27,0.00766,-0.01989,-0.00081,8e-05,-0.00308
298.52,ETH-27SEP19,1559213942138,open,0.67,0.0,0.629,0.708,0.668979,102.29,None,0.0,ETH-27SEP19-100-C,283.62,0.0,0.003,10.0,0.0,0.0,0.0,0.06639,-0.02833,0.30941,0.00022,0.98457
290.54,ETH-28JUN19,1559213942138,open,0.1,374.0,0.053,0.14,0.096366,103.47,0.1,0.0,ETH-28JUN19-280-P,283.62,97.58,0.09,262.0,0.098,80.0,104.98,0.31413,-0.56281,-0.11239,0.00455,-0.39263
290.54,ETH-28JUN19,1559213942138,open,0.02,5086.0,0.001,0.063,0.022788,103.46,0.017,0.0,ETH-28JUN19-220-P,283.62,97.09,0.019,4.0,0.022,280.0,102.17,0.17779,-0.31852,-0.03636,0.00257,-0.13541
298.52,ETH-27SEP19,1559213942138,open,0.54,191.0,0.505,0.584,0.544725,95.2,0.5,0.0,ETH-27SEP19-140-C,283.62,0.0,0.01,50.0,0.0,0.0,0.0,0.17189,-0.06825,0.39892,0.00062,0.95161
298.52,ETH-27SEP19,1559213942138,open,0.18,841.0,0.131,0.225,0.177953,94.85,0.18,0.0,ETH-27SEP19-280-P,283.62,91.1,0.17,105.0,0.182,40.0,96.76,0.63262,-0.25027,-0.51606,0.00228,-0.34841
298.52,ETH-27SEP19,1559213942139,open,0.7,0.0,0.628,0.763,0.695302,103.19,None,0.0,ETH-27SEP19-480-P,283.62,0.0,0.0,0.0,0.0,0.0,0.0,0.60006,-0.25828,-1.36217,0.00199,-0.69407
290.54,ETH-28JUN19,1559213942139,open,0.35,586.0,0.314,0.393,0.353525,103.39,0.334,0.0,ETH-28JUN19-190-C,283.62,0.0,0.011,10.0,0.6,23.0,474.36,0.08979,-0.16074,0.13615,0.0013,0.94585
290.54,ETH-28JUN19,1559213942138,open,0.29,578.0,0.254,0.333,0.29353,103.41,0.264,0.0,ETH-28JUN19-210-C,283.62,81.29,0.284,80.0,0.325,80.0,154.13,0.14712,-0.26344,0.13858,0.00213,0.89644
290.54,ETH-28JUN19,1559213942138,open,0.0,7787.0,0.001,0.041,0.001852,116.17,0.002,0.0,ETH-28JUN19-150-P,283.62,106.19,0.001,111.0,0.003,200.0,125.71,0.02985,-0.06004,-0.00373,0.00038,-0.01438
290.54,ETH-28JUN19,1559213942139,open,0.18,34.0,0.135,0.229,0.181849,106.2,0.172,0.0,ETH-28JUN19-320-P,283.62,100.89,0.176,120.0,0.186,120.0,109.95,0.32112,-0.59048,-0.1726,0.00453,-0.56906
290.54,ETH-28JUN19,1559213942139,open,0.0,4769.0,0.001,0.04,0.000501,127.32,0.001,0.0,ETH-28JUN19-120-P,283.62,0.0,0.0,0.0,0.001,100.0,138.77,0.00978,-0.02156,-0.00104,0.00012,-0.00405
290.54,ETH-28JUN19,1559213942139,open,0.21,1288.0,0.175,0.254,0.214328,103.43,0.183,0.0,ETH-28JUN19-240-C,283.62,95.52,0.208,40.0,0.215,80.0,104.26,0.23629,-0.42318,0.13205,0.00342,0.78883
298.52,ETH-27SEP19,1559213942140,open,0.49,400.0,0.449,0.528,0.488268,94.85,0.383,0.0,ETH-27SEP19-160-C,283.62,0.0,0.38,1.0,0.57,1.0,170.33,0.24934,-0.09864,0.42531,0.0009,0.92207
290.55,ETH-28JUN19,1559213942140,open,0.0,2026.0,0.001,0.04,0.000189,150.01,0.001,0.0,ETH-28JUN19-90-P,283.62,0.0,0.0,0.0,0.002,150.0,199.2,0.00375,-0.00973,-0.00037,4e-05,-0.0014
290.55,ETH-28JUN19,1559213942140,open,0.0,1541.0,0.001,0.04,6.8e-05,150.01,0.001,0.0,ETH-28JUN19-80-P,283.62,0.0,0.0,0.0,0.001,14.0,198.27,0.00156,-0.00406,-0.00014,2e-05,-0.00054
283.62,index_price,1559213942138,open,0.11,39.0,0.07,0.149,0.109056,103.76,0.093,0,ETH-7JUN19-260-C,283.62,107.82,0.111,50.0,0.118,50.0,122.12,0.13484,-0.88822,0.03868,0.00749,0.7411
283.62,index_price,1559213942138,open,0.03,181.0,0.001,0.066,0.025808,103.83,0.023,0,ETH-7JUN19-260-P,283.62,89.13,0.019,104.0,0.024,200.0,100.0,0.13487,-0.88899,-0.01743,0.00748,-0.25901
283.62,index_price,1559213942138,open,0.36,100.0,0.326,0.405,0.365326,0.0,0.256,0,ETH-31MAY19-180-C,283.62,0.0,0.001,1.0,0.0,0.0,0.0,0.0,0.0,0.00432,0.0,1.0
283.62,index_price,1559213942138,open,0.08,102.0,0.031,0.116,0.073376,103.84,0.07,0,ETH-7JUN19-290-P,283.62,82.62,0.061,150.0,0.069,150.0,96.35,0.1658,-1.09306,-0.03679,0.0092,-0.52773
283.62,index_price,1559213942138,open,0.15,42.0,0.105,0.196,0.150884,110.05,0.215,0,ETH-7JUN19-320-P,283.62,67.6,0.134,50.0,0.142,50.0,89.94,0.13317,-0.93041,-0.05496,0.00697,-0.74721
283.62,index_price,1559213942138,open,0.29,2.0,0.256,0.335,0.295802,114.51,0.218,0,ETH-7JUN19-200-C,283.62,0.0,0.001,30.0,0.0,0.0,0.0,0.01609,-0.117,0.04216,0.00081,0.98465
283.62,index_price,1559213942139,open,0.02,157.0,0.001,0.058,0.018018,122.9,0.018,0,ETH-31MAY19-280-P,283.62,80.12,0.01,110.0,0.021,311.0,138.58,0.0538,-3.77548,-0.00287,0.02268,-0.40381
283.62,index_price,1559213942138,open,0.26,2.0,0.22,0.299,0.259547,0.0,0.221,0,ETH-31MAY19-210-C,283.62,0.0,0.0,0.0,0.342,2.0,500.0,0.0,0.0,0.00504,0.0,1.0
283.62,index_price,1559213942138,open,0.0,1.0,0.001,0.041,0.000994,129.63,0.006,0,ETH-7JUN19-190-P,283.62,0.0,0.0,0.0,0.002,450.0,144.8,0.01481,-0.12187,-0.00091,0.00066,-0.01393
283.62,index_price,1559213942138,open,0.19,50.0,0.155,0.234,0.194346,103.68,0.136,0,ETH-7JUN19-230-C,283.62,123.24,0.199,50.0,0.206,50.0,146.62,0.05791,-0.38117,0.04482,0.00322,0.92677
283.62,index_price,1559213942138,open,0.0,757.0,0.001,0.04,4.2e-05,150.02,0.001,0,ETH-31MAY19-230-P,283.62,0.0,0.0,0.0,0.002,202.0,251.01,0.00085,-0.01198,-1e-05,0.0003,-0.00194
283.62,index_price,1559213942139,open,0.0,259.0,0.001,0.042,0.002331,128.93,0.003,0,ETH-31MAY19-260-P,283.62,106.73,0.001,42.0,0.004,150.0,149.13,0.02055,-0.66124,-0.00056,0.00826,-0.07949
283.62,index_price,1559213942138,open,0.0,555.0,0.001,0.04,0.0,150.01,0.005,0,ETH-31MAY19-180-P,283.62,0.0,0.0,0.0,0.001,50.0,435.34,0.0,0.0,0.0,0.0,0.0
8965.94,BTC-27SEP19,1559213942147,open,0.03,271.8,0.0005,0.075,0.03367579,87.51,0.0375,0.0,BTC-27SEP19-5500-P,8716.17,85.0,0.031,14.7,0.035,6.0,88.73,9.67744,-3.53222,-4.2381,4e-05,-0.11025
283.62,index_price,1559213942151,open,0.06,790.0,0.015,0.094,0.054828,122.63,0.059,0,ETH-31MAY19-270-C,283.62,100.29,0.052,50.0,0.062,50.0,170.5,0.03864,-2.70538,0.00509,0.01633,0.80216
8965.94,BTC-27SEP19,1559213942191,open,0.08,143.4,0.0415,0.121,0.08103626,88.49,0.078,0.0,BTC-27SEP19-13000-C,8716.17,87.25,0.0785,10.0,0.084,4.9,89.94,18.27701,-6.7462,6.91809,8e-05,0.31597
8965.94,BTC-27SEP19,1559213942191,open,0.03,124.3,0.0005,0.074,0.0340896,93.81,0.041,0.0,BTC-27SEP19-18000-C,8716.17,92.24,0.032,4.2,0.036,6.0,95.21,12.0906,-4.73083,3.47443,5e-05,0.15208
8965.94,BTC-27SEP19,1559213942191,open,0.18,362.6,0.14,0.2195,0.17995833,84.29,0.177,0.0,BTC-27DEC19-11000-C,8716.17,83.98,0.179,20.0,0.1885,3.6,87.11,27.1877,-5.43373,16.60333,7e-05,0.50049
8965.94,BTC-27SEP19,1559213942215,open,0.2,76.7,0.149,0.244,0.19662485,85.87,0.193,0.0,BTC-27SEP19-9000-P,8716.17,84.01,0.1925,4.3,0.201,4.9,87.84,19.92462,-7.13592,-17.73961,9e-05,-0.40581
8965.94,BTC-27SEP19,1559213942215,open,0.21,440.8,0.1695,0.249,0.20940098,83.48,0.208,0.0,BTC-27DEC19-10000-C,8716.17,83.51,0.2095,10.0,0.217,2.0,86.02,26.90245,-5.32501,18.04401,7e-05,0.55774
8965.94,BTC-27SEP19,1559213942246,open,0.01,42.8,0.0005,0.047,0.00718039,93.02,0.0115,0.0,BTC-27SEP19-3750-P,8716.17,88.21,0.0055,15.0,0.0085,6.0,96.38,3.36069,-1.30391,-1.05378,1e-05,-0.02861
283.62,index_price,1559213942246,open,0.01,201.0,0.001,0.047,0.00684,122.87,0.007,0,ETH-31MAY19-270-P,283.62,100.48,0.004,74.0,0.009,342.0,138.14,0.03869,-1.93984,-0.0014,0.01632,-0.19828
283.62,index_price,1559213942285,open,0.04,21.0,0.001,0.079,0.038371,103.83,0.03,0,ETH-7JUN19-270-P,283.62,90.11,0.031,81.0,0.035,200.0,97.58,0.15349,-1.01178,-0.02346,0.00852,-0.34497
8879.69,BTC-28JUN19,1559213942345,open,0.03,505.7,0.0005,0.073,0.03326855,92.52,0.033,0.0,BTC-28JUN19-11000-C,8716.17,90.5,0.0315,5.0,0.035,37.0,94.47,7.83835,-12.55741,1.48204,0.00014,0.24424
8965.94,BTC-27SEP19,1559213942345,open,0.06,81.7,0.0155,0.095,0.05548389,90.47,0.0485,0.0,BTC-27SEP19-15000-C,8716.17,89.04,0.053,4.4,0.058,4.9,91.9,15.66634,-5.91197,5.18884,7e-05,0.2317
8965.94,BTC-27SEP19,1559213942347,open,0.88,0.0,0.803,0.953,0.87805273,88.45,None,0.0,BTC-27DEC19-16000-P,8716.17,0.0,0.0055,5.0,1.709,0.2,500.0,23.68464,-4.96741,-81.7582,6e-05,-0.70029
8965.94,BTC-27SEP19,1559213942347,open,0.83,0.0,0.795,0.8745,0.83469956,111.23,None,0.0,BTC-27DEC19-1500-C,8716.17,0.0,0.022,10.0,0.992,0.5,500.0,1.08678,-0.28662,8.27342,0.0,0.99442
8716.17,index_price,1559213942389,open,0.14,259.6,0.1,0.1795,0.1397732,134.98,0.1435,0,BTC-31MAY19-7500-C,8716.17,0.0,0.0015,1.3,0.2025,0.1,500.0,0.11927,-9.19212,0.17768,5e-05,0.98945
8879.69,BTC-28JUN19,1559213942412,open,0.72,24.4,0.6785,0.758,0.71847889,134.27,0.5115,0.0,BTC-28JUN19-2500-C,8716.17,0.0,0.0025,0.5,0.815,1.0,500.0,0.0186,-0.04324,1.97627,0.0,0.9998
8965.94,BTC-27SEP19,1559213942412,open,0.19,38.0,0.1385,0.233,0.18564081,83.59,0.187,0.0,BTC-27DEC19-8000-P,8716.17,82.05,0.1815,2.0,0.1885,4.9,84.66,24.02782,-4.76241,-25.65139,6e-05,-0.30956
8965.94,BTC-27SEP19,1559213942421,open,0.0,420.5,0.0005,0.042,0.00225879,126.27,0.0035,0.0,BTC-27SEP19-2000-P,8716.17,103.64,0.0005,5.0,0.004,15.0,138.5,1.05705,-0.55671,-0.2857,0.0,-0.00744
8965.94,BTC-27SEP19,1559213942421,open,0.13,42.2,0.0835,0.173,0.12829661,83.59,0.13,0.0,BTC-27DEC19-7000-P,8716.17,80.92,0.122,14.9,0.1315,4.9,84.95,21.17158,-4.19631,-19.06241,5e-05,-0.2397
298.52,ETH-27SEP19,1559213942447,open,0.14,1158.0,0.1,0.179,0.139466,99.1,0.138,0.0,ETH-27SEP19-380-C,283.62,97.13,0.135,100.0,0.144,30.0,101.1,0.67575,-0.27932,0.29852,0.00233,0.44395
8965.94,BTC-27SEP19,1559213942510,open,0.73,0.0,0.6885,0.768,0.72820308,99.28,None,0.0,BTC-27DEC19-2500-C,8716.17,0.0,0.0165,3.0,0.989,0.5,500.0,3.19232,-0.75144,13.08265,1e-05,0.98076
8879.69,BTC-28JUN19,1559213942525,open,0.0,789.5,0.0005,0.0425,0.00269941,108.99,0.0035,0.0,BTC-28JUN19-5000-P,8716.17,103.69,0.002,1.0,0.0035,24.0,114.13,1.27788,-2.41175,-0.16892,2e-05,-0.02135
8965.94,BTC-27SEP19,1559213942533,open,1.73,0.0,1.6125,1.8295,1.7210102,94.67,None,0.0,BTC-27DEC19-24000-P,8716.17,0.0,0.0075,1.0,2.5855,0.2,500.0,16.34886,-3.66973,-132.83687,4e-05,-0.84341
8716.17,index_price,1559213942576,open,0.32,0.0,0.267,0.372,0.31938707,135.0,None,0,BTC-31MAY19-11500-P,8716.17,0.0,0.0,0.0,0.412,0.1,500.0,0.0003,-0.02307,-0.2759,0.0,-0.99998
8716.17,index_price,1559213942579,open,0.31,498.0,0.272,0.3515,0.31162426,135.0,0.3015,0,BTC-31MAY19-6000-C,8716.17,0.0,0.076,4.0,0.3235,5.0,500.0,0.0,-1e-05,0.14395,0.0,1.0
8716.17,index_price,1559213942589,open,0.05,208.9,0.0035,0.0865,0.0450851,97.93,0.035,0,BTC-7JUN19-8500-P,8716.17,81.9,0.036,24.0,0.0405,2.5,89.85,4.95494,-30.80515,-0.84205,0.00031,-0.40264
8879.69,BTC-28JUN19,1559213942592,open,0.49,219.3,0.4545,0.534,0.49449376,112.58,0.483,0.0,BTC-28JUN19-4500-C,8716.17,0.0,0.2005,2.0,0.54,1.0,258.46,0.69961,-1.36377,3.47674,1e-05,0.98941
8716.17,index_price,1559213942592,open,0.0,100.0,0.0005,0.04,0.0,135.0,0.001,0,BTC-31MAY19-6250-P,8716.17,0.0,0.0,0.0,0.001,10.3,330.41,0.0,-2e-05,0.0,0.0,0.0
8879.69,BTC-28JUN19,1559213942603,open,0.66,43.8,0.6225,0.702,0.66228448,134.82,0.6,0.0,BTC-28JUN19-3000-C,8716.17,0.0,0.0035,1.0,0.6655,0.2,201.02,0.09481,-0.22133,2.3644,0.0,0.99886
8716.17,index_price,1559213942893,open,0.0,94.2,0.0005,0.0435,0.00378147,99.22,0.0035,0,BTC-7JUN19-7000-P,8716.17,90.81,0.0025,34.6,0.005,40.0,105.93,1.47216,-9.27319,-0.11498,9e-05,-0.05736
8965.94,BTC-27SEP19,1559213942912,open,0.05,209.4,0.0065,0.09,0.04831902,87.5,0.052,0.0,BTC-27SEP19-6000-P,8716.17,85.73,0.046,10.0,0.049,6.0,88.02,11.7905,-4.30325,-5.73574,5e-05,-0.14646
8965.94,BTC-27SEP19,1559213942913,open,0.73,0.0,0.6595,0.7975,0.72848487,90.49,None,0.0,BTC-27SEP19-15000-P,8716.17,0.0,0.0065,0.1,1.4785,0.3,500.0,15.66828,-5.9135,-44.07426,7e-05,-0.76825
8716.17,index_price,1559213943036,open,0.06,121.4,0.017,0.0965,0.05655526,99.44,0.0515,0,BTC-31MAY19-8250-C,8716.17,108.35,0.0575,6.0,0.063,6.0,150.79,0.8763,-49.75487,0.17126,0.00048,0.87552
8966.04,BTC-27SEP19,1559213943342,open,0.02,279.1,0.0005,0.0605,0.02058336,98.66,0.0205,0.0,BTC-27SEP19-22000-C,8716.17,97.0,0.019,4.2,0.022,6.0,100.09,8.75011,-3.60073,2.22001,3e-05,0.09597
8716.17,index_price,1559213943356,open,0.15,26.0,0.11,0.1895,0.149716,97.93,0.155,0,BTC-7JUN19-7500-C,8716.17,0.0,0.001,0.1,0.1855,3.0,185.71,2.73832,-17.02426,1.35074,0.00017,0.86792
283.62,index_price,1559213943377,open,0.1,2.0,0.055,0.142,0.09869,109.31,0.138,0,ETH-7JUN19-300-P,283.62,79.11,0.082,150.0,0.09,150.0,93.79,0.16028,-1.11236,-0.04314,0.00845,-0.60618
298.52,ETH-27SEP19,1559213943381,open,0.22,37.0,0.169,0.265,0.217232,94.85,0.221,0.0,ETH-27SEP19-300-P,283.62,90.23,0.207,40.0,0.223,40.0,97.46,0.65935,-0.26085,-0.60161,0.00238,-0.3964
8716.17,index_price,1559213943495,open,0.31,8.4,0.2725,0.352,0.31231089,115.56,0.25,0,BTC-7JUN19-6000-C,8716.17,0.0,0.0005,2.0,0.342,3.0,270.46,0.37563,-2.75584,1.27234,2e-05,0.98883
8716.17,index_price,1559213943607,open,0.0,187.1,0.0005,0.0405,0.000872,125.44,0.0015,0,BTC-31MAY19-9750-C,8716.17,114.31,0.0005,34.3,0.0015,43.0,139.03,0.34095,-7.60048,0.00744,0.00015,0.03644
8716.17,index_price,1559213943660,open,0.21,8.0,0.157,0.2525,0.2047099,135.0,0.226,0,BTC-31MAY19-10500-P,8716.17,0.0,0.0,0.0,0.2735,0.1,500.0,0.03546,-2.73327,-0.25136,1e-05,-0.99731
8716.17,index_price,1559213943702,open,0.0,110.1,0.0005,0.043,0.00307195,99.44,0.003,0,BTC-31MAY19-8250-P,8716.17,87.86,0.002,47.7,0.0045,40.0,112.62,0.87631,-26.77567,-0.02667,0.00048,-0.12448
8716.17,index_price,1559213943778,open,0.01,200.1,0.0005,0.0505,0.01018568,97.93,0.0105,0,BTC-7JUN19-7500-P,8716.17,92.38,0.0085,11.3,0.01,30.0,97.33,2.73832,-17.02426,-0.26756,0.00017,-0.13208
8965.94,BTC-27SEP19,1559213943783,open,0.06,109.4,0.022,0.1015,0.06158938,91.53,0.066,0.0,BTC-27DEC19-20000-C,8716.17,90.11,0.0585,4.9,0.0655,4.9,93.29,19.65732,-4.26602,7.70337,5e-05,0.2103
290.54,ETH-28JUN19,1559213943790,open,0.01,4830.0,0.001,0.051,0.011305,103.46,0.012,0.0,ETH-28JUN19-200-P,283.62,94.65,0.008,150.0,0.011,280.0,102.7,0.11749,-0.21048,-0.02019,0.0017,-0.07654
8965.94,BTC-27SEP19,1559213943797,open,0.35,3.2,0.296,0.4035,0.34955651,86.65,0.481,0.0,BTC-27SEP19-11000-P,8716.17,83.73,0.343,3.6,0.3555,3.6,89.28,20.2267,-7.31049,-26.92834,9e-05,-0.56491
8965.94,BTC-27SEP19,1559213943811,open,0.03,271.8,0.0005,0.075,0.033673,87.51,0.0375,0.0,BTC-27SEP19-5500-P,8716.17,85.0,0.031,20.7,0.035,6.0,88.73,9.67744,-3.53222,-4.2381,4e-05,-0.11025
290.54,ETH-28JUN19,1559213943810,open,0.02,3822.0,0.001,0.056,0.016343,103.46,0.015,0.0,ETH-28JUN19-210-P,283.62,94.37,0.012,350.0,0.016,280.0,102.77,0.1472,-0.26372,-0.02758,0.00213,-0.10364
290.54,ETH-28JUN19,1559213943816,open,0.0,6849.0,0.001,0.042,0.002835,103.46,0.003,0.0,ETH-28JUN19-170-P,283.62,87.82,0.001,819.0,0.004,200.0,110.19,0.04526,-0.08108,-0.00604,0.00066,-0.02345
290.55,ETH-28JUN19,1559213943817,open,0.0,6437.0,0.001,0.044,0.00474,103.47,0.007,0.0,ETH-28JUN19-180-P,283.62,94.75,0.003,150.0,0.006,200.0,108.68,0.06559,-0.11751,-0.00952,0.00095,-0.03666
8879.68,BTC-28JUN19,1559213943812,open,0.01,454.6,0.0005,0.047,0.00749593,99.19,0.006,0.0,BTC-28JUN19-14000-C,8716.17,94.89,0.006,24.0,0.0085,24.0,101.83,3.27203,-5.6201,0.42365,5e-05,0.0678
8965.83,BTC-27SEP19,1559213943834,open,0.59,0.5,0.5235,0.65,0.58695269,86.39,0.584,0.0,BTC-27DEC19-13000-P,8716.17,80.43,0.5695,3.6,0.588,3.6,86.75,26.43172,-5.41442,-61.16431,7e-05,-0.59384
8879.69,BTC-28JUN19,1559213943836,open,0.12,9.2,0.082,0.1615,0.12163543,90.21,0.1165,0.0,BTC-28JUN19-8500-C,8716.17,86.36,0.1175,15.1,0.1235,19.4,91.95,9.52801,-14.88389,3.48386,0.00017,0.61757
8965.83,BTC-27SEP19,1559213943846,open,0.09,78.4,0.041,0.1275,0.08428468,85.86,0.092,0.0,BTC-27SEP19-7000-P,8716.17,83.66,0.0805,31.6,0.087,4.9,87.43,15.48416,-5.54534,-9.16374,7e-05,-0.22692
8965.83,BTC-27SEP19,1559213943848,open,0.27,5.7,0.2185,0.3195,0.26897797,86.22,0.334,0.0,BTC-27SEP19-10000-P,8716.17,83.39,0.2625,3.6,0.274,3.6,88.42,20.49138,-7.36952,-22.3364,9e-05,-0.48957
8965.83,BTC-27SEP19,1559213943852,open,0.14,156.4,0.0895,0.18,0.13481759,85.86,0.129,0.0,BTC-27SEP19-8000-P,8716.17,83.25,0.1295,19.8,0.138,4.9,87.42,18.28834,-6.54961,-13.28797,8e-05,-0.31644
8966.13,BTC-27SEP19,1559213943903,open,1.26,0.0,1.167,1.347,1.25689658,96.46,None,0.0,BTC-27SEP19-20000-P,8716.17,0.0,0.0055,10.0,2.0095,0.2,500.0,10.27895,-4.13541,-62.92544,4e-05,-0.88
8966.13,BTC-27SEP19,1559213943929,open,0.03,11.0,0.0005,0.0735,0.03391908,97.72,0.036,0.0,BTC-27DEC19-28000-C,8716.17,95.79,0.031,6.0,0.037,6.0,99.68,13.84705,-3.20853,4.59838,3e-05,0.12269
283.62,index_price,1559213944050,open,0.17,0.0,0.118,0.21,0.164097,149.95,None,0,ETH-31MAY19-330-P,283.62,0.0,0.155,50.0,0.164,50.0,145.85,0.00713,-0.61028,-0.00778,0.00246,-0.97858
283.62,index_price,1559213944110,open,0.2,0.0,0.152,0.246,0.198965,150.0,None,0,ETH-31MAY19-340-P,283.62,0.0,0.19,50.0,0.199,50.0,153.22,0.00289,-0.24722,-0.00811,0.001,-0.99247
8879.7,BTC-28JUN19,1559213944128,open,0.23,0.0,0.1775,0.275,0.22632646,92.17,None,0.0,BTC-28JUN19-10500-P,8716.19,0.0,0.002,2.0,0.0,0.0,0.0,8.71799,-13.91431,-6.48888,0.00015,-0.69738
8879.7,BTC-28JUN19,1559213944129,open,0.48,0.8,0.417,0.5345,0.47594031,96.65,2.171,0.0,BTC-28JUN19-13000-P,8716.19,0.0,0.07,1.0,0.89,1.0,500.0,4.46976,-7.48076,-9.64668,7e-05,-0.89728
8879.7,BTC-28JUN19,1559213944129,open,0.09,519.1,0.0545,0.134,0.09447935,89.74,0.097,0.0,BTC-28JUN19-9000-C,8716.19,87.52,0.092,5.0,0.095,1.0,90.21,9.93744,-15.44178,3.05282,0.00018,0.52905
8966.13,BTC-27SEP19,1559213944129,open,0.44,6.1,0.3805,0.495,0.43754742,87.49,1.781,0.0,BTC-27SEP19-12000-P,8716.19,0.0,0.0105,0.1,1.1635,0.3,500.0,19.40897,-7.08274,-31.42216,8e-05,-0.62952
8879.7,BTC-28JUN19,1559213944129,open,0.0,849.9,0.0005,0.04,0.00013601,135.0,0.001,0.0,BTC-28JUN19-3000-P,8716.19,0.0,0.0,0.0,0.001,1.0,168.15,0.09582,-0.224,-0.00906,0.0,-0.00115
8879.72,BTC-28JUN19,1559213944130,open,0.0,137.0,0.0005,0.0405,0.00074424,130.45,0.0025,0.0,BTC-28JUN19-3750-P,8716.19,124.3,0.0005,5.0,0.001,0.5,135.52,0.40301,-0.9103,-0.04496,0.0,-0.00566
8966.13,BTC-27SEP19,1559213944130,open,0.72,55.9,0.6835,0.763,0.72341868,107.97,0.689,0.0,BTC-27SEP19-2500-C,8716.19,0.0,0.0065,0.1,0.957,5.0,500.0,1.22597,-0.5521,7.88507,0.0,0.99119
8966.13,BTC-27SEP19,1559213944130,open,0.02,135.2,0.0005,0.059,0.01852931,88.99,0.02,0.0,BTC-27SEP19-4750-P,8716.19,86.18,0.0165,25.0,0.02,6.0,90.94,6.64761,-2.46739,-2.51007,3e-05,-0.06671
8716.19,index_price,1559213944129,open,0.03,144.0,0.0005,0.066,0.02609778,99.39,0.027,0,BTC-7JUN19-9500-C,8716.19,95.26,0.024,24.0,0.0275,12.5,102.11,4.46919,-28.19882,0.52008,0.00027,0.30263
8716.19,index_price,1559213944129,open,0.27,402.0,0.2165,0.3175,0.26692366,104.71,0.2595,0,BTC-7JUN19-11000-P,8716.19,0.0,0.0,0.0,0.317,3.0,230.31,1.82121,-12.10626,-2.24077,0.00011,-0.92452
8716.19,index_price,1559213944129,open,0.0,101.4,0.0005,0.04,0.0,135.0,0.0005,0,BTC-31MAY19-3500-P,8716.19,0.0,0.0,0.0,0.0015,20.0,500.0,0.0,0.0,0.0,0.0,0.0
8966.13,BTC-27SEP19,1559213944130,open,0.63,0.0,0.5635,0.693,0.62825267,89.51,None,0.0,BTC-27SEP19-14000-P,8716.19,0.0,0.0065,0.1,1.3735,0.3,500.0,16.9968,-6.34599,-39.99007,7e-05,-0.72978
8879.72,BTC-28JUN19,1559213944130,open,0.23,955.0,0.195,0.2745,0.23466394,93.26,0.23,0.0,BTC-28JUN19-7000-C,8716.19,86.7,0.2305,8.8,0.2555,0.1,122.18,5.81408,-9.38861,4.32517,0.0001,0.85036
8879.72,BTC-28JUN19,1559213944130,open,0.0,517.5,0.0005,0.0405,0.00088152,124.02,0.005,0.0,BTC-28JUN19-4000-P,8716.19,115.59,0.0005,6.0,0.0015,1.0,133.44,0.4827,-1.03657,-0.05491,1e-05,-0.00693
8879.72,BTC-28JUN19,1559213944130,open,0.0,250.0,0.0005,0.041,0.00127099,112.61,0.0015,0.0,BTC-28JUN19-4500-P,8716.19,99.67,0.0005,8.0,0.002,1.0,120.53,0.70061,-1.36616,-0.08342,1e-05,-0.0106
8966.13,BTC-27SEP19,1559213944130,open,0.0,332.8,0.0005,0.042,0.00225169,108.01,0.002,0.0,BTC-27SEP19-2500-P,8716.19,106.11,0.002,0.1,0.0025,7.0,109.77,1.22802,-0.55325,-0.32627,0.0,-0.00883
8879.72,BTC-28JUN19,1559213944131,open,0.38,10.0,0.316,0.425,0.37061789,93.74,1.243,0.0,BTC-28JUN19-12000-P,8716.19,0.0,0.0005,1.0,0.7965,1.0,500.0,5.98071,-9.70716,-8.53144,0.0001,-0.84384
8879.72,BTC-28JUN19,1559213944131,open,0.0,685.1,0.0005,0.04,2.183e-05,135.0,0.001,0.0,BTC-28JUN19-2500-P,8716.19,0.0,0.0,0.0,0.0035,20.0,234.44,0.01976,-0.0462,-0.00162,0.0,-0.00021
8879.72,BTC-28JUN19,1559213944131,open,0.59,1.3,0.521,0.647,0.58412762,99.21,2.415,0.0,BTC-28JUN19-14000-P,8716.19,0.0,0.0,0.0,0.9845,1.0,500.0,3.27334,-5.62314,-10.65175,5e-05,-0.93216
8966.13,BTC-27SEP19,1559213944131,open,0.54,0.2,0.498,0.5775,0.53768057,90.45,0.26,0.0,BTC-27SEP19-4250-C,8716.19,0.0,0.0115,0.1,0.743,5.0,299.78,4.83773,-1.82512,12.29993,2e-05,0.95538
8879.72,BTC-28JUN19,1559213944131,open,0.52,10.5,0.4825,0.562,0.52225547,115.17,0.428,0.0,BTC-28JUN19-4250-C,8716.19,0.0,0.034,2.0,0.6855,3.0,500.0,0.51189,-1.02084,3.30403,1e-05,0.99259
8966.13,BTC-27SEP19,1559213944131,open,0.84,0.0,0.758,0.904,0.83098661,91.44,None,0.0,BTC-27SEP19-16000-P,8716.19,0.0,0.0065,0.1,1.584,0.2,499.84,14.36735,-5.47975,-48.04022,6e-05,-0.80042
8879.72,BTC-28JUN19,1559213944131,open,0.7,2.8,0.627,0.762,0.69448569,103.14,0.6485,0.0,BTC-28JUN19-15000-P,8716.19,0.0,0.0,0.0,1.081,1.0,500.0,2.50319,-4.47058,-11.56468,4e-05,-0.95176
8966.13,BTC-27SEP19,1559213944130,open,0.25,134.9,0.208,0.2875,0.24753508,83.48,0.2545,0.0,BTC-27DEC19-9000-C,8716.19,83.29,0.247,5.0,0.2545,5.0,85.89,25.90223,-5.12686,19.40899,7e-05,0.62222
8966.13,BTC-27SEP19,1559213944130,open,0.09,49.0,0.054,0.1335,0.09350226,88.45,0.0895,0.0,BTC-27DEC19-16000-C,8716.19,86.92,0.0895,10.0,0.0985,4.9,90.33,23.68402,-4.96678,10.68007,6e-05,0.29968
8716.19,index_price,1559213944131,open,0.17,169.2,0.1285,0.208,0.16826083,134.48,0.174,0,BTC-31MAY19-7250-C,8716.19,0.0,0.005,0.1,0.2895,0.1,500.0,0.03113,-2.39029,0.17344,1e-05,0.99767
8879.72,BTC-28JUN19,1559213944132,open,0.58,30.0,0.5385,0.618,0.57843174,130.4,0.298,0.0,BTC-28JUN19-3750-C,8716.19,0.0,0.0015,4.0,0.7565,3.0,500.0,0.4023,-0.90841,2.92181,0.0,0.99435
8966.13,BTC-27SEP19,1559213944130,open,0.04,86.2,0.0005,0.0765,0.03515323,87.35,0.039,0.0,BTC-27DEC19-4500-P,8716.19,85.09,0.0325,10.0,0.0375,6.0,89.31,10.63342,-2.20243,-6.23988,3e-05,-0.08531
8966.13,BTC-27SEP19,1559213944132,open,0.02,283.5,0.0005,0.0635,0.0227561,88.27,0.025,0.0,BTC-27SEP19-5000-P,8716.19,85.56,0.0205,21.0,0.0245,6.0,90.29,7.61329,-2.80288,-3.0154,3e-05,-0.07964
8879.72,BTC-28JUN19,1559213944133,open,0.0,459.2,0.0005,0.0435,0.00382475,99.19,0.005,0.0,BTC-28JUN19-5500-P,8716.19,94.79,0.003,52.3,0.0045,1.0,102.41,1.77857,-3.05487,-0.24953,3e-05,-0.0317
8966.15,BTC-27SEP19,1559213944129,open,0.68,0.0,0.637,0.7165,0.67667914,95.04,None,0.0,BTC-27DEC19-3000-C,8716.19,0.0,0.0065,0.4,0.988,0.5,500.0,4.67196,-1.05278,15.18028,1e-05,0.96973
8966.15,BTC-27SEP19,1559213944129,open,0.32,80.7,0.2795,0.359,0.31929715,83.59,0.3235,0.0,BTC-27DEC19-7500-C,8716.19,76.77,0.302,5.0,0.3485,0.1,95.14,22.72724,-4.5043,21.03223,6e-05,0.72532
8966.15,BTC-27SEP19,1559213944133,open,0.1,577.7,0.0595,0.139,0.09914567,87.48,0.1,0.0,BTC-27SEP19-12000-C,8716.19,86.02,0.096,13.0,0.1025,4.9,89.02,19.40814,-7.08122,7.98845,8e-05,0.37043
8966.15,BTC-27SEP19,1559213944133,open,0.42,231.1,0.3805,0.46,0.42023463,87.49,0.3795,0.0,BTC-27SEP19-5500-C,8716.19,0.0,0.004,0.6,0.459,3.0,119.49,9.67533,-3.53072,13.82703,4e-05,0.88979
8966.15,BTC-27SEP19,1559213944133,open,0.07,66.3,0.027,0.1065,0.06676868,89.49,0.0625,0.0,BTC-27SEP19-14000-C,8716.19,88.02,0.064,18.3,0.0695,4.9,90.92,16.99324,-6.34269,5.98784,7e-05,0.27011
8716.19,index_price,1559213944129,open,0.0,181.7,0.0005,0.043,0.00303592,102.88,0.004,0,BTC-31MAY19-9250-C,8716.19,97.33,0.0025,3.8,0.0035,1.0,107.37,0.87478,-26.46168,0.02533,0.00047,0.12417
8716.19,index_price,1559213944131,open,0.04,23.3,0.0005,0.082,0.04068516,102.76,0.0385,0,BTC-31MAY19-9000-P,8716.19,53.64,0.034,6.0,0.04,6.0,98.5,1.41283,-82.89813,-0.16107,0.00075,-0.72954
8716.19,index_price,1559213944129,open,0.08,656.9,0.044,0.1235,0.0837491,116.32,0.0435,0,BTC-31MAY19-8000-C,8716.19,120.32,0.084,6.0,0.0895,6.0,179.34,0.52563,-34.90918,0.17851,0.00025,0.93741
8879.72,BTC-28JUN19,1559213944134,open,0.01,336.3,0.0005,0.0515,0.01192514,96.65,0.012,0.0,BTC-28JUN19-13000-C,8716.19,93.73,0.0105,24.0,0.0135,44.5,99.69,4.46947,-7.47997,0.63776,7e-05,0.10271
8966.15,BTC-27SEP19,1559213944134,open,0.49,13.5,0.449,0.5285,0.48874115,88.96,0.382,0.0,BTC-27SEP19-4750-C,8716.19,0.0,0.0115,0.1,0.725,5.0,299.82,6.64494,-2.46573,13.09174,3e-05,0.93332
8716.19,index_price,1559213944131,open,0.0,625.0,0.0005,0.04,0.00024288,134.98,0.001,0,BTC-31MAY19-7500-P,8716.19,149.47,0.0005,10.0,0.0015,60.0,180.51,0.11927,-2.11699,-0.00226,5e-05,-0.01055
8716.19,index_price,1559213944131,open,0.0,347.2,0.0005,0.04,5e-08,135.0,0.0005,0,BTC-31MAY19-6500-P,8716.19,0.0,0.0,0.0,0.0015,30.0,316.3,8e-05,-0.00047,0.0,0.0,0.0
8716.19,index_price,1559213944128,open,0.02,144.1,0.0005,0.064,0.0233625,97.93,0.02,0,BTC-7JUN19-8000-P,8716.19,85.09,0.0175,24.0,0.021,24.0,92.84,4.08646,-25.40604,-0.51802,0.00025,-0.25208
8716.19,index_price,1559213944131,open,0.15,8.0,0.102,0.1935,0.14773127,133.05,0.167,0,BTC-31MAY19-10000-P,8716.19,0.0,0.0,0.0,0.205,0.1,500.0,0.19752,-15.00515,-0.23604,8e-05,-0.98104
8716.19,index_price,1559213944129,open,0.08,1.8,0.0335,0.119,0.07639055,98.62,0.066,0,BTC-7JUN19-9000-P,8716.19,78.86,0.065,18.0,0.071,18.0,89.3,5.05161,-31.62865,-1.19522,0.00031,-0.55913
8716.19,index_price,1559213944129,open,0.22,41.9,0.165,0.2615,0.21341574,103.11,0.209,0,BTC-7JUN19-10500-P,8716.19,0.0,0.0,0.0,0.2615,3.0,210.82,2.62565,-17.1871,-2.04827,0.00016,-0.87568
8966.15,BTC-27SEP19,1559213944129,open,0.02,0.0,0.0005,0.0625,0.02275109,103.24,None,0.0,BTC-27DEC19-36000-C,8716.19,100.81,0.02,6.0,0.0255,6.0,105.52,10.50693,-2.5721,3.17042,2e-05,0.08395
8966.15,BTC-27SEP19,1559213944129,open,0.08,175.0,0.039,0.125,0.0819011,84.11,0.0885,0.0,BTC-27DEC19-6000-P,8716.19,82.08,0.078,14.9,0.085,4.9,85.7,17.34736,-3.45942,-13.12988,4e-05,-0.17157
8716.19,index_price,1559213944132,open,0.0,273.0,0.0005,0.0415,0.00155269,114.03,0.0015,0,BTC-31MAY19-9500-C,8716.19,104.1,0.001,6.0,0.0025,83.0,127.46,0.54164,-13.53358,0.01328,0.00026,0.06505
8966.15,BTC-27SEP19,1559213944131,open,0.02,83.4,0.0005,0.058,0.01750306,92.28,0.0205,0.0,BTC-27DEC19-3500-P,8716.19,90.17,0.016,0.2,0.019,10.0,94.31,6.49887,-1.42198,-3.25526,2e-05,-0.04534
8966.15,BTC-27SEP19,1559213944129,open,2.39,0.0,2.243,2.513,2.37804812,100.46,None,0.0,BTC-27DEC19-30000-P,8716.19,0.0,0.0,0.0,0.0,0.0,0.0,13.23655,-3.15296,-169.02451,3e-05,-0.8849
8716.19,index_price,1559213944133,open,0.37,529.3,0.329,0.4085,0.3689889,0.0,0.3785,0,BTC-31MAY19-5500-C,8716.19,0.0,0.147,3.0,0.375,5.0,500.0,0.0,0.0,0.13195,0.0,1.0
8966.15,BTC-27SEP19,1559213944130,open,1.3,0.0,1.201,1.3835,1.29227897,91.56,None,0.0,BTC-27DEC19-20000-P,8716.19,0.0,0.0055,5.0,2.1465,0.2,500.0,19.66733,-4.26981,-107.83989,5e-05,-0.78952
8716.19,index_price,1559213944131,open,0.0,924.5,0.0005,0.04,0.0,135.0,0.0005,0,BTC-31MAY19-5250-P,8716.19,0.0,0.0,0.0,0.0015,30.0,500.0,0.0,0.0,0.0,0.0,0.0
8716.19,index_price,1559213944129,open,0.0,134.6,0.0005,0.04,4.02e-06,135.0,0.0005,0,BTC-31MAY19-11000-C,8716.19,0.0,0.0,0.0,0.001,12.0,233.78,0.00391,-0.03504,5e-05,0.0,0.00024
8966.15,BTC-27SEP19,1559213944130,open,0.33,1.1,0.272,0.3775,0.32473746,83.49,0.357,0.0,BTC-27DEC19-10000-P,8716.19,80.08,0.3145,3.6,0.3295,3.6,85.08,26.90276,-5.32556,-39.72966,7e-05,-0.44223
8966.15,BTC-27SEP19,1559213944131,open,0.45,54.9,0.4115,0.491,0.45101114,85.44,0.416,0.0,BTC-27DEC19-5500-C,8716.19,0.0,0.0065,1.0,0.983,5.0,500.0,15.21904,-3.08299,21.15074,4e-05,0.85932
8716.19,index_price,1559213944134,open,0.0,308.5,0.0005,0.04,0.0,135.0,0.0005,0,BTC-31MAY19-4750-P,8716.19,0.0,0.0,0.0,0.0015,30.0,500.0,0.0,0.0,0.0,0.0,0.0
8966.15,BTC-27SEP19,1559213944129,open,2.17,0.0,2.031,2.283,2.15688705,97.8,None,0.0,BTC-27DEC19-28000-P,8716.19,0.0,0.0,0.0,0.0,0.0,0.0,13.86967,-3.21614,-157.16025,3e-05,-0.87703
8966.15,BTC-27SEP19,1559213944131,open,0.16,50.4,0.11,0.202,0.15580145,83.6,0.159,0.0,BTC-27DEC19-7500-P,8716.19,81.7,0.151,5.0,0.1585,4.9,84.66,22.72719,-4.50482,-22.29961,6e-05,-0.27468
8716.19,index_price,1559213944130,open,0.4,115.7,0.358,0.4375,0.39767122,0.0,0.4085,0,BTC-31MAY19-5250-C,8716.19,0.0,0.0745,0.1,0.79,0.1,500.0,0.0,0.0,0.12596,0.0,1.0
8716.19,index_price,1559213944133,open,0.0,170.9,0.0005,0.0415,0.00158342,116.35,0.002,0,BTC-31MAY19-8000-P,8716.19,114.95,0.0015,2.3,0.002,0.8,122.85,0.52599,-13.8014,-0.01343,0.00025,-0.06264
8716.19,index_price,1559213944132,open,0.42,80.9,0.3865,0.466,0.42635355,0.0,0.436,0,BTC-31MAY19-5000-C,8716.19,0.0,0.0815,0.2,0.45,3.0,500.0,0.0,0.0,0.11996,0.0,1.0
8966.15,BTC-27SEP19,1559213944131,open,0.1,96.6,0.066,0.1455,0.10552024,87.74,0.106,0.0,BTC-27DEC19-15000-C,8716.19,86.28,0.1015,10.0,0.1105,4.9,89.54,24.7002,-5.13873,11.66186,6e-05,0.33065
8966.15,BTC-27SEP19,1559213944129,open,0.04,192.7,0.0005,0.078,0.03824638,96.09,0.0455,0.0,BTC-27DEC19-26000-C,8716.19,94.42,0.0355,16.0,0.0415,16.0,98.0,14.96986,-3.41068,5.13174,3e-05,0.13731
8966.15,BTC-27SEP19,1559213944131,open,0.5,4.4,0.435,0.554,0.49451688,85.26,0.5765,0.0,BTC-27DEC19-12000-P,8716.19,80.25,0.4795,3.6,0.497,3.6,86.08,26.97426,-5.45276,-54.10885,7e-05,-0.55003
8966.15,BTC-27SEP19,1559213944131,open,0.68,0.0,0.614,0.748,0.68091659,86.93,None,0.0,BTC-27DEC19-14000-P,8716.19,0.0,0.0075,3.0,1.4905,0.2,500.0,25.62637,-5.28211,-68.14406,6e-05,-0.63458
8716.19,index_price,1559213944129,open,0.12,3.3,0.075,0.164,0.11948258,125.5,0.137,0,BTC-31MAY19-9750-P,8716.19,0.0,0.0,0.0,0.1865,0.1,500.0,0.34154,-24.47394,-0.22647,0.00015,-0.96349
8966.15,BTC-27SEP19,1559213944133,open,0.07,48.9,0.035,0.1145,0.07495882,89.96,0.086,0.0,BTC-27DEC19-18000-C,8716.19,88.3,0.071,14.9,0.0795,4.9,91.82,21.61492,-4.61037,9.02022,5e-05,0.24909
8716.19,index_price,1559213944129,open,0.25,20.7,0.216,0.2955,0.25583975,106.39,0.255,0,BTC-7JUN19-6500-C,8716.19,0.0,0.0005,3.0,0.285,3.0,229.9,0.75496,-5.09922,1.35203,4e-05,0.97473
8716.19,index_price,1559213944133,open,0.51,14.9,0.4725,0.552,0.51240052,0.0,0.512,0,BTC-31MAY19-4250-C,8716.19,0.0,0.0075,1.0,0.5135,1.9,500.0,0.0,0.0,0.10196,0.0,1.0
8966.15,BTC-27SEP19,1559213944132,open,0.49,57.4,0.4515,0.531,0.49132944,86.66,0.4555,0.0,BTC-27DEC19-5000-C,8716.19,0.0,0.0065,0.2,0.94,0.5,458.91,12.98124,-2.6674,20.54803,3e-05,0.888
8716.19,index_price,1559213944129,open,0.0,86.0,0.0005,0.0415,0.00158014,106.41,0.003,0,BTC-7JUN19-6500-P,8716.19,89.35,0.0005,36.1,0.0025,40.0,115.61,0.75545,-5.10351,-0.05053,4e-05,-0.02529
8716.19,index_price,1559213944131,open,0.09,18.5,0.048,0.135,0.09148095,114.07,0.0825,0,BTC-31MAY19-9500-P,8716.19,0.0,0.0055,0.5,0.13,0.1,376.92,0.54209,-35.30846,-0.21463,0.00026,-0.93488
8966.15,BTC-27SEP19,1559213944130,open,0.05,69.0,0.0075,0.0905,0.04900229,86.68,0.051,0.0,BTC-27DEC19-5000-P,8716.19,85.29,0.047,0.2,0.0505,6.0,87.71,12.98263,-2.6681,-8.34095,3e-05,-0.11202
8966.15,BTC-27SEP19,1559213944131,open,1.51,0.0,1.4055,1.6055,1.50536949,93.1,None,0.0,BTC-27DEC19-22000-P,8716.19,0.0,0.0075,2.0,2.366,0.3,500.0,17.89666,-3.95078,-120.44541,4e-05,-0.81978
8716.19,index_price,1559213944129,open,0.0,170.1,0.0005,0.04,2.3e-07,135.0,0.0005,0,BTC-31MAY19-11500-C,8716.19,0.0,0.0,0.0,0.001,23.6,270.3,0.0003,-0.00199,0.0,0.0,2e-05
8716.19,index_price,1559213944129,open,0.0,53.5,0.0005,0.0405,0.00068663,115.56,0.001,0,BTC-7JUN19-6000-P,8716.19,0.0,0.0,0.0,0.0015,41.4,129.87,0.37563,-2.75584,-0.02229,2e-05,-0.01117
8716.19,index_price,1559213944133,open,0.6,0.0,0.5585,0.638,0.59844748,0.0,None,0,BTC-31MAY19-3500-C,8716.19,0.0,0.007,0.2,0.0,0.0,0.0,0.0,0.0,0.08397,0.0,1.0
8966.15,BTC-27SEP19,1559213944131,open,0.05,32.9,0.012,0.0915,0.05163746,93.07,0.0505,0.0,BTC-27DEC19-22000-C,8716.19,91.48,0.0485,4.9,0.055,4.9,94.74,17.88821,-3.94766,6.65379,4e-05,0.18009
8716.19,index_price,1559213944131,open,0.45,42.8,0.4155,0.495,0.45503587,0.0,0.251,0,BTC-31MAY19-4750-C,8716.19,0.0,0.0055,1.0,0.457,5.0,500.0,0.0,0.0,0.11396,0.0,1.0
8966.15,BTC-27SEP19,1559213944133,open,0.1,28.5,0.0595,0.1475,0.10338072,83.64,0.114,0.0,BTC-27DEC19-6500-P,8716.19,81.84,0.0995,10.0,0.1065,4.9,85.08,19.36466,-3.84038,-15.97558,5e-05,-0.20502
8966.15,BTC-27SEP19,1559213944134,open,0.16,129.4,0.1165,0.196,0.15610203,85.24,0.159,0.0,BTC-27DEC19-12000-C,8716.19,84.71,0.1545,10.0,0.1635,3.6,87.7,26.97377,-5.45165,15.21966,7e-05,0.44991
8966.15,BTC-27SEP19,1559213944130,open,0.0,102.1,0.0005,0.042,0.00200133,111.25,0.002,0.0,BTC-27DEC19-1500-P,8716.19,106.73,0.0015,1.1,0.0025,0.1,115.07,1.08747,-0.28685,-0.39301,0.0,-0.00559
8966.15,BTC-27SEP19,1559213944131,open,0.78,0.0,0.7075,0.8495,0.77851827,87.76,None,0.0,BTC-27DEC19-15000-P,8716.19,0.0,0.0055,10.0,1.5995,0.2,500.0,24.70215,-5.13996,-74.99805,6e-05,-0.66929
8966.15,BTC-27SEP19,1559213944131,open,0.01,148.7,0.0005,0.0515,0.01127875,95.05,0.0135,0.0,BTC-27DEC19-3000-P,8716.19,90.43,0.009,10.0,0.0135,6.0,99.13,4.67356,-1.0533,-2.15303,1e-05,-0.03028
8966.15,BTC-27SEP19,1559213944131,open,0.63,4.0,0.5875,0.667,0.62713608,92.27,0.59,0.0,BTC-27DEC19-3500-C,8716.19,0.0,0.0065,1.1,0.996,1.0,500.0,6.49726,-1.42141,16.96694,2e-05,0.95468
8966.15,BTC-27SEP19,1559213944169,open,0.88,0.0,0.803,0.953,0.8780335,88.46,None,0.0,BTC-27DEC19-16000-P,8716.19,0.0,0.0055,5.0,1.7085,0.2,500.0,23.68675,-4.96822,-81.75686,6e-05,-0.70025
283.62,index_price,1559213944222,open,0.0,1287.0,0.001,0.041,0.001372,106.07,0.004,0,ETH-7JUN19-210-P,283.62,0.0,0.0,0.0,0.003,400.0,122.22,0.02219,-0.14946,-0.00145,0.00121,-0.02239
283.62,index_price,1559213944262,open,0.0,853.0,0.001,0.04,4e-06,150.0,0.001,0,ETH-31MAY19-220-P,283.62,0.0,0.0,0.0,0.002,200.0,294.61,0.00012,-0.00127,0.0,4e-05,-0.00024
283.62,index_price,1559213944274,open,0.21,106.0,0.163,0.259,0.21083,111.31,0.189,0,ETH-7JUN19-340-P,283.62,0.0,0.193,50.0,0.2,50.0,65.51,0.09807,-0.69303,-0.06479,0.00508,-0.84783
283.62,index_price,1559213944314,open,0.12,208.0,0.08,0.159,0.119139,132.52,0.111,0,ETH-31MAY19-250-C,283.62,0.0,0.118,70.0,0.127,50.0,244.69,0.00786,-0.5949,0.00583,0.00307,0.97594
283.62,index_price,1559213944458,open,0.13,63.0,0.095,0.174,0.134901,103.8,0.063,0,ETH-7JUN19-250-C,283.62,111.57,0.138,50.0,0.145,50.0,128.1,0.11048,-0.72811,0.04174,0.00613,0.81693
290.54,ETH-28JUN19,1559213944565,open,0.0,6849.0,0.001,0.042,0.002835,103.46,0.003,0.0,ETH-28JUN19-170-P,283.62,87.82,0.001,820.0,0.004,200.0,110.19,0.04526,-0.08108,-0.00604,0.00066,-0.02345
283.62,index_price,1559213944614,open,0.07,0.0,0.022,0.106,0.064251,127.78,None,0,ETH-31MAY19-300-P,283.62,0.0,0.055,50.0,0.065,50.0,133.27,0.0381,-2.77969,-0.00593,0.01545,-0.80669
283.62,index_price,1559213944665,open,0.23,55.0,0.187,0.266,0.226976,103.8,0.213,0,ETH-7JUN19-220-C,283.62,0.0,0.001,30.0,0.0,0.0,0.0,0.03644,-0.24018,0.04481,0.00202,0.95925
298.51,ETH-27SEP19,1559213944877,open,0.35,818.0,0.306,0.385,0.345172,94.86,0.35,0.0,ETH-27SEP19-220-C,283.62,0.0,0.03,1.0,0.382,80.0,117.19,0.48233,-0.19084,0.44358,0.00174,0.79763
298.51,ETH-27SEP19,1559213944877,open,0.09,1466.0,0.048,0.127,0.087363,103.19,0.082,0.0,ETH-27SEP19-480-C,283.62,101.01,0.083,137.0,0.092,100.0,105.49,0.60002,-0.25826,0.21426,0.00199,0.30591
283.62,index_price,1559213944883,open,0.19,78.0,0.15,0.229,0.189098,150.0,0.141,0,ETH-31MAY19-230-C,283.62,0.0,0.188,50.0,0.196,50.0,333.69,0.00085,-0.07312,0.0055,0.00029,0.99807
290.56,ETH-28JUN19,1559213944889,open,0.38,3366.0,0.346,0.425,0.385225,103.37,0.364,0.0,ETH-28JUN19-180-C,283.62,0.0,0.006,20.0,0.0,0.0,0.0,0.06541,-0.11707,0.13292,0.00095,0.96347
8966.13,BTC-27SEP19,1559213944898,open,0.2,76.7,0.149,0.244,0.19660232,85.87,0.193,0.0,BTC-27SEP19-9000-P,8716.19,84.02,0.1925,4.3,0.2005,4.9,87.62,19.92482,-7.1361,-17.73916,9e-05,-0.40579
290.56,ETH-28JUN19,1559213944929,open,0.32,2170.0,0.283,0.362,0.322931,103.35,0.312,0.0,ETH-28JUN19-200-C,283.62,86.14,0.317,80.0,0.358,80.0,166.76,0.11725,-0.20983,0.13809,0.0017,0.92367
298.51,ETH-27SEP19,1559213944967,open,0.36,81.0,0.303,0.411,0.357021,96.71,0.428,0.0,ETH-27SEP19-360-P,283.62,91.44,0.345,30.0,0.363,30.0,99.33,0.68122,-0.27479,-0.86398,0.00241,-0.52425
298.51,ETH-27SEP19,1559213944984,open,0.41,33.0,0.356,0.468,0.412412,99.09,0.52,0.0,ETH-27SEP19-380-P,283.62,91.8,0.396,30.0,0.415,30.0,100.23,0.67571,-0.27926,-0.94953,0.00233,-0.55612
283.62,index_price,1559213944989,open,0.33,1.0,0.292,0.371,0.331083,129.62,0.237,0,ETH-7JUN19-190-C,283.62,0.0,0.0,0.0,0.0,0.0,0.0,0.0148,-0.12181,0.04008,0.00066,0.98607
283.62,index_price,1559213945014,open,0.02,366.0,0.001,0.057,0.016362,103.8,0.026,0,ETH-7JUN19-250-P,283.62,92.12,0.012,92.0,0.015,200.0,100.27,0.11048,-0.72811,-0.0122,0.00613,-0.18307
290.56,ETH-28JUN19,1559213945016,open,0.29,0.0,0.237,0.34,0.288467,109.99,None,0.0,ETH-28JUN19-360-P,283.62,23.73,0.239,1.0,0.0,0.0,0.0,0.28211,-0.53729,-0.2283,0.00384,-0.70471
290.56,ETH-28JUN19,1559213945029,open,0.52,335.0,0.48,0.559,0.519141,115.78,0.481,0.0,ETH-28JUN19-140-C,283.62,0.0,0.021,3.0,0.6,1.0,344.25,0.01808,-0.03626,0.10867,0.00023,0.99191
290.56,ETH-28JUN19,1559213945053,open,0.0,4694.0,0.001,0.04,0.000919,149.82,0.001,0.0,ETH-28JUN19-110-P,283.62,0.0,0.0,0.0,0.002,150.0,167.03,0.01377,-0.03573,-0.00158,0.00014,-0.00594
298.51,ETH-27SEP19,1559213945053,open,0.94,0.0,0.864,1.018,0.941158,107.32,None,0.0,ETH-27SEP19-560-P,283.62,0.0,0.0,0.0,0.0,0.0,0.0,0.52838,-0.23652,-1.67056,0.00168,-0.76283
283.62,index_price,1559213945108,open,0.0,804.0,0.001,0.042,0.002662,103.8,0.005,0,ETH-7JUN19-220-P,283.62,87.19,0.001,370.0,0.003,2.0,106.35,0.03644,-0.24018,-0.00266,0.00202,-0.04075
8879.72,BTC-28JUN19,1559213945129,open,0.08,95.6,0.036,0.122,0.07887495,90.22,0.0785,0.0,BTC-28JUN19-8500-P,8716.2,87.07,0.0755,19.3,0.078,3.0,89.4,9.52801,-14.8843,-3.24061,0.00017,-0.38243
8966.24,BTC-27SEP19,1559213945129,open,1.7,0.0,1.5865,1.8015,1.69396765,101.61,None,0.0,BTC-27SEP19-24000-P,8716.2,0.0,0.0,0.0,0.0,0.0,0.0,7.69744,-3.26232,-76.95101,3e-05,-0.91919
8966.24,BTC-27SEP19,1559213945130,open,0.02,100.0,0.0005,0.057,0.01722752,101.57,0.017,0.0,BTC-27SEP19-24000-C,8716.2,100.11,0.016,10.0,0.0185,6.0,103.03,7.68939,-3.25768,1.86904,3e-05,0.0807
8966.24,BTC-27SEP19,1559213945130,open,0.46,793.5,0.4255,0.505,0.46509841,88.26,0.4755,0.0,BTC-27SEP19-5000-C,8716.2,0.0,0.1105,2.0,0.716,5.0,299.43,7.61196,-2.80205,13.40678,3e-05,0.92038
8879.72,BTC-28JUN19,1559213945130,open,0.15,19.1,0.097,0.188,0.1426206,89.81,0.139,0.0,BTC-28JUN19-9500-P,8716.2,87.0,0.1395,14.4,0.148,14.4,94.65,9.86536,-15.34215,-4.90815,0.00018,-0.55606
8879.72,BTC-28JUN19,1559213945130,open,0.02,811.4,0.0005,0.0635,0.02297949,93.26,0.024,0.0,BTC-28JUN19-7000-P,8716.2,90.98,0.0215,2.0,0.024,24.0,94.81,5.81426,-9.38928,-1.2127,0.0001,-0.14965
8966.24,BTC-27SEP19,1559213945130,open,1.48,0.0,1.3755,1.573,1.47426465,98.69,None,0.0,BTC-27SEP19-22000-P,8716.2,0.0,0.0055,10.0,0.0,0.0,0.0,8.75769,-3.60502,-70.03151,3e-05,-0.90392
8966.24,BTC-27SEP19,1559213945130,open,0.61,261.1,0.576,0.6555,0.61577985,96.52,0.52,0.0,BTC-27SEP19-3500-C,8716.2,0.0,0.161,1.0,0.6235,0.5,115.37,2.9032,-1.16883,10.60724,1e-05,0.97599
8879.72,BTC-28JUN19,1559213945130,open,0.28,25.8,0.2215,0.3225,0.27205055,92.52,0.3,0.0,BTC-28JUN19-11000-P,8716.2,0.0,0.002,1.0,0.705,1.0,500.0,7.83867,-12.55845,-7.22013,0.00014,-0.75574
8879.72,BTC-28JUN19,1559213945130,open,0.0,520.6,0.0005,0.04,1.76e-06,135.0,0.001,0.0,BTC-28JUN19-2000-P,8716.2,0.0,0.0,0.0,0.001,4.8,228.16,0.00209,-0.00489,-0.00015,0.0,-2e-05
8966.24,BTC-27SEP19,1559213945130,open,0.51,289.7,0.473,0.5525,0.51286345,89.56,0.51,0.0,BTC-27SEP19-4500-C,8716.2,0.0,0.0215,4.0,0.7335,5.0,299.47,5.70091,-2.12949,12.73078,2e-05,0.94518
8879.72,BTC-28JUN19,1559213945130,open,1.26,0.4,1.1635,1.3435,1.25356369,118.9,5.076,0.0,BTC-28JUN19-20000-P,8716.2,0.0,0.0,0.0,1.577,2.0,500.0,0.77382,-1.59316,-15.74749,1e-05,-0.98811
8966.24,BTC-27SEP19,1559213945130,open,0.03,178.4,0.0005,0.066,0.02619878,96.38,0.0255,0.0,BTC-27SEP19-20000-C,8716.2,94.88,0.0245,4.1,0.028,6.0,97.93,10.26382,-4.12624,2.75485,4e-05,0.11975
8879.72,BTC-28JUN19,1559213945130,open,0.07,6.3,0.033,0.1125,0.07276548,89.81,0.0715,0.0,BTC-28JUN19-9500-C,8716.2,86.87,0.0695,23.5,0.075,5.0,91.82,9.86535,-15.3419,2.60744,0.00018,0.44394
8716.2,index_price,1559213945129,open,0.1,36.8,0.066,0.1455,0.10552943,97.93,0.1045,0,BTC-7JUN19-8000-C,8716.2,99.99,0.1065,10.1,0.1115,1.0,110.41,4.08639,-25.40474,1.20818,0.00025,0.74793
8879.73,BTC-28JUN19,1559213945131,open,0.06,1209.1,0.018,0.0975,0.05759195,91.98,0.058,0.0,BTC-28JUN19-10000-C,8716.2,90.95,0.0565,3.0,0.0585,19.3,92.83,9.43611,-15.02817,2.19975,0.00016,0.37073
8716.2,index_price,1559213945129,open,0.07,190.1,0.03,0.1095,0.0698868,97.93,0.0715,0,BTC-7JUN19-8500-C,8716.2,96.37,0.069,18.0,0.0745,10.0,106.03,4.95492,-30.80442,0.99204,0.00031,0.59737
8879.73,BTC-28JUN19,1559213945132,open,0.04,254.6,0.0005,0.078,0.03667263,92.06,0.036,0.0,BTC-28JUN19-7500-P,8716.2,89.42,0.0345,2.0,0.038,35.7,93.66,7.34121,-11.70266,-1.78356,0.00013,-0.21722
8966.24,BTC-27SEP19,1559213945131,open,0.0,28.3,0.0005,0.0445,0.00438107,97.13,0.007,0.0,BTC-27SEP19-3250-P,8716.2,93.39,0.0035,18.0,0.005,6.0,99.5,2.25332,-0.91289,-0.65323,1e-05,-0.0178
8879.73,BTC-28JUN19,1559213945131,open,0.0,94.5,0.0005,0.04,0.00028486,135.0,0.002,0.0,BTC-28JUN19-3250-P,8716.2,0.0,0.0,0.0,0.0035,20.0,188.6,0.17817,-0.41649,-0.018,0.0,-0.00228
8879.73,BTC-28JUN19,1559213945132,open,0.46,97.0,0.427,0.5065,0.46676586,109.02,0.1965,0.0,BTC-28JUN19-4750-C,8716.2,0.0,0.122,1.1,0.5035,1.0,225.51,0.89841,-1.6959,3.64665,1e-05,0.98587
8879.73,BTC-28JUN19,1559213945133,open,0.38,143.9,0.3445,0.424,0.38443571,99.19,0.397,0.0,BTC-28JUN19-5500-C,8716.2,0.0,0.331,5.0,0.422,3.0,189.62,1.77835,-3.05437,4.10164,3e-05,0.96831
8879.73,BTC-28JUN19,1559213945133,open,0.6,143.2,0.5665,0.646,0.60638925,134.99,0.56,0.0,BTC-28JUN19-3500-C,8716.2,0.0,0.1505,1.0,0.613,0.4,200.95,0.30392,-0.71038,2.73612,0.0,0.99588
290.56,ETH-28JUN19,1559213945133,open,0.0,5044.0,0.001,0.042,0.002005,107.31,0.003,0.0,ETH-28JUN19-160-P,283.62,96.74,0.001,208.0,0.003,200.0,114.8,0.0339,-0.06299,-0.0043,0.00047,-0.01668
8879.73,BTC-28JUN19,1559213945133,open,0.77,20.1,0.735,0.8145,0.77476943,133.85,0.578,0.0,BTC-28JUN19-2000-C,8716.2,0.0,0.0035,1.0,0.842,1.0,500.0,0.00183,-0.00425,1.5821,0.0,0.99998
8966.24,BTC-27SEP19,1559213945133,open,0.54,0.0,0.47,0.592,0.53094619,88.5,None,0.0,BTC-27SEP19-13000-P,8716.2,0.0,0.0065,0.1,1.2685,0.3,500.0,18.27911,-6.74768,-35.77614,8e-05,-0.68397
8716.2,index_price,1559213945130,open,0.0,390.1,0.0005,0.04,0.0,135.0,0.0005,0,BTC-31MAY19-4250-P,8716.2,0.0,0.0,0.0,0.0015,30.0,500.0,0.0,0.0,0.0,0.0,0.0
8879.73,BTC-28JUN19,1559213945134,open,0.0,259.1,0.0005,0.0405,0.00087632,115.21,0.0015,0.0,BTC-28JUN19-4250-P,8716.2,107.4,0.0005,5.3,0.0015,1.0,124.14,0.51275,-1.02288,-0.05832,1e-05,-0.00743
8716.2,index_price,1559213945129,open,0.07,3.4,0.022,0.1065,0.06427969,102.89,0.061,0,BTC-31MAY19-9250-P,8716.2,0.0,0.061,0.1,0.064,6.0,100.05,0.87496,-51.40426,-0.19658,0.00047,-0.87579
8966.24,BTC-27SEP19,1559213945134,open,0.0,1639.1,0.0005,0.041,0.00100167,134.09,0.0015,0.0,BTC-27SEP19-1500-P,8716.2,0.0,0.0,0.0,0.002,15.0,147.54,0.51984,-0.29075,-0.12828,0.0,-0.00335
8879.73,BTC-28JUN19,1559213945134,open,0.19,42.9,0.1365,0.231,0.18375429,91.98,0.3035,0.0,BTC-28JUN19-10000-P,8716.2,0.0,0.001,1.0,0.6155,1.0,500.0,9.43615,-15.02853,-5.71138,0.00016,-0.62927
8966.24,BTC-27SEP19,1559213945130,open,1.95,0.0,1.821,2.0555,1.93804533,96.11,None,0.0,BTC-27DEC19-26000-P,8716.2,0.0,0.0055,10.0,2.805,0.2,500.0,14.97612,-3.41278,-145.07848,3e-05,-0.86261
8966.25,BTC-27SEP19,1559213945135,open,0.59,0.0,0.549,0.6285,0.58893914,93.01,None,0.0,BTC-27SEP19-3750-C,8716.2,0.0,0.0055,10.2,0.7625,10.0,299.83,3.35915,-1.30313,11.26286,1e-05,0.97141
8879.73,BTC-28JUN19,1559213945135,open,0.02,472.5,0.0005,0.059,0.01921983,93.73,0.02,0.0,BTC-28JUN19-12000-C,8716.2,91.13,0.0175,19.3,0.021,19.3,96.33,5.98022,-9.70572,0.96184,0.0001,0.15614
8879.73,BTC-28JUN19,1559213945135,open,0.0,396.3,0.0005,0.0405,0.00054583,135.0,0.0005,0.0,BTC-28JUN19-3500-P,8716.2,0.0,0.0,0.0,0.0015,1.0,153.93,0.30409,-0.71085,-0.03281,0.0,-0.00412
8966.25,BTC-27SEP19,1559213945131,open,0.25,0.3,0.2015,0.301,0.25132535,83.49,0.3155,0.0,BTC-27DEC19-9000-P,8716.2,80.44,0.2425,8.0,0.255,4.9,84.76,25.90217,-5.1273,-32.58788,7e-05,-0.37776
8879.73,BTC-28JUN19,1559213945135,open,0.01,1147.5,0.0005,0.0475,0.00741489,96.65,0.007,0.0,BTC-28JUN19-6000-P,8716.2,93.73,0.0065,24.0,0.0085,1.0,99.9,2.86903,-4.80144,-0.45452,5e-05,-0.05729
8966.25,BTC-27SEP19,1559213945131,open,1.09,0.0,0.9995,1.1655,1.08251574,89.97,None,0.0,BTC-27DEC19-18000-P,8716.2,0.0,0.0055,5.0,1.9275,0.2,500.0,21.61785,-4.61156,-94.97164,5e-05,-0.75085
8716.2,index_price,1559213945129,open,0.02,268.6,0.0005,0.055,0.01518854,101.01,0.016,0,BTC-7JUN19-10000-C,8716.2,98.06,0.014,1.0,0.016,10.0,102.99,3.55359,-22.78874,0.34222,0.00021,0.19715
8966.25,BTC-27SEP19,1559213945135,open,0.01,1018.2,0.0005,0.052,0.01169544,90.47,0.025,0.0,BTC-27SEP19-4250-P,8716.2,87.21,0.01,25.0,0.013,6.0,92.82,4.83949,-1.82614,-1.65905,2e-05,-0.04464
8966.25,BTC-27SEP19,1559213945130,open,0.03,0.0,0.0005,0.067,0.02729528,100.59,None,0.0,BTC-27DEC19-32000-C,8716.2,98.43,0.0245,6.0,0.03,6.0,102.57,11.95812,-2.8521,3.7648,3e-05,0.09997
8716.2,index_price,1559213945132,open,0.0,299.0,0.0005,0.04,0.0,135.0,0.001,0,BTC-31MAY19-5500-P,8716.2,0.0,0.0,0.0,0.0015,30.0,467.85,0.0,0.0,0.0,0.0,0.0
8716.2,index_price,1559213945130,open,0.57,0.0,0.53,0.6095,0.56976615,0.0,None,0,BTC-31MAY19-3750-C,8716.2,0.0,0.0055,0.1,0.0,0.0,0.0,0.0,0.0,0.08997,0.0,1.0
8716.2,index_price,1559213945130,open,0.11,110.7,0.072,0.1515,0.1116124,129.92,0.1145,0,BTC-31MAY19-7750-C,8716.2,0.0,0.1105,0.1,0.164,0.1,500.0,0.29194,-21.65557,0.17946,0.00012,0.96982
8716.2,index_price,1559213945129,open,0.0,247.8,0.0005,0.0405,0.00076236,129.95,0.0015,0,BTC-31MAY19-7750-P,8716.2,121.11,0.0005,18.7,0.0015,40.0,147.76,0.29217,-6.64492,-0.00648,0.00012,-0.03021
8716.2,index_price,1559213945130,open,0.01,146.1,0.0005,0.0485,0.00853062,94.96,0.009,0,BTC-31MAY19-8500-P,8716.2,85.64,0.007,5.0,0.01,24.0,103.67,1.45338,-74.35456,-0.06172,0.00084,-0.28664
8966.25,BTC-27SEP19,1559213945130,open,0.03,33.7,0.0005,0.072,0.03205379,100.41,0.0335,0.0,BTC-27DEC19-30000-C,8716.2,99.69,0.031,1.0,0.033,6.0,101.05,13.22061,-3.14751,4.2918,3e-05,0.1149
8716.2,index_price,1559213945129,open,0.17,9.3,0.116,0.2085,0.16247881,101.01,0.1865,0,BTC-7JUN19-10000-P,8716.2,0.0,0.011,1.0,0.1645,0.1,105.88,3.55369,-22.79011,-1.81549,0.00021,-0.80284
8716.2,index_price,1559213945129,open,0.2,57.0,0.161,0.2405,0.20067813,99.21,0.202,0,BTC-7JUN19-7000-C,8716.2,0.0,0.001,0.1,0.2375,3.0,215.14,1.47194,-9.27131,1.39545,9e-05,0.94266
8716.2,index_price,1559213945133,open,0.0,633.8,0.0005,0.04,0.0,135.0,0.0005,0,BTC-31MAY19-4500-P,8716.2,0.0,0.0,0.0,0.001,12.0,500.0,0.0,0.0,0.0,0.0,0.0
8966.25,BTC-27SEP19,1559213945130,open,0.38,63.1,0.3385,0.418,0.37842078,83.63,0.311,0.0,BTC-27DEC19-6500-C,8716.2,0.0,0.0035,1.0,0.98,2.0,500.0,19.36434,-3.83998,21.57894,5e-05,0.79499
8716.2,index_price,1559213945131,open,0.2,250.2,0.157,0.2365,0.1969039,133.64,0.2005,0,BTC-31MAY19-7000-C,8716.2,0.0,0.093,0.1,0.2595,0.1,500.0,0.00558,-0.42599,0.16787,0.0,0.99964
8716.2,index_price,1559213945135,open,0.54,9.0,0.5015,0.581,0.54108389,0.0,0.249,0,BTC-31MAY19-4000-C,8716.2,0.0,0.015,0.2,0.0,0.0,0.0,0.0,0.0,0.09597,0.0,1.0
8716.2,index_price,1559213945129,open,0.04,181.0,0.004,0.0835,0.04382775,98.62,0.0445,0,BTC-7JUN19-9000-C,8716.2,95.46,0.042,18.0,0.045,11.0,100.64,5.05161,-31.62757,0.74673,0.00031,0.44087
8716.2,index_price,1559213945134,open,0.0,280.8,0.0005,0.04,0.0,135.0,0.0005,0,BTC-31MAY19-5750-P,8716.2,0.0,0.0,0.0,0.001,10.3,402.29,0.0,0.0,0.0,0.0,0.0
8716.2,index_price,1559213945131,open,0.0,431.2,0.0005,0.04,7.09e-06,135.0,0.001,0,BTC-31MAY19-7000-P,8716.2,0.0,0.0,0.0,0.001,11.1,230.48,0.00625,-0.06181,-9e-05,0.0,-0.00041
8966.25,BTC-27SEP19,1559213945131,open,3.05,0.0,2.8765,3.199,3.03785451,103.28,None,0.0,BTC-27DEC19-36000-P,8716.2,0.0,0.0,0.0,0.0,0.0,0.0,10.51923,-2.57609,-204.81224,2e-05,-0.91592
8966.25,BTC-27SEP19,1559213945132,open,0.41,122.6,0.373,0.4525,0.41270841,84.1,0.385,0.0,BTC-27DEC19-6000-C,8716.2,0.0,0.0045,0.1,0.45,0.1,102.92,17.34683,-3.45903,21.53591,4e-05,0.82845
8716.2,index_price,1559213945131,open,0.0,93.5,0.0005,0.04,5.236e-05,135.0,0.001,0,BTC-31MAY19-10500-C,8716.2,0.0,0.0,0.0,0.001,40.3,194.45,0.03546,-0.45634,0.00055,1e-05,0.0027
8716.2,index_price,1559213945130,open,0.0,480.0,0.0005,0.04,0.00043842,132.94,0.001,0,BTC-31MAY19-10000-C,8716.2,0.0,0.0,0.0,0.001,143.0,151.64,0.19677,-3.82139,0.00385,8e-05,0.01887
8966.25,BTC-27SEP19,1559213945130,open,0.06,63.0,0.022,0.107,0.06443889,85.44,0.0655,0.0,BTC-27DEC19-5500-P,8716.2,84.0,0.062,0.2,0.0665,6.0,86.65,15.2195,-3.08334,-10.62586,4e-05,-0.14069
8966.25,BTC-27SEP19,1559213945133,open,0.03,134.7,0.0005,0.066,0.02523044,89.52,0.023,0.0,BTC-27DEC19-4000-P,8716.2,87.12,0.023,10.2,0.0275,6.0,91.88,8.48065,-1.80016,-4.5938,2e-05,-0.06345
8716.2,index_price,1559213945130,open,0.22,279.8,0.186,0.2655,0.22557981,0.0,0.24,0,BTC-31MAY19-6750-C,8716.2,0.0,0.033,4.0,0.305,0.1,500.0,0.0,0.0,0.16194,0.0,1.0
8716.2,index_price,1559213945131,open,0.48,20.2,0.444,0.5235,0.48371938,0.0,0.2355,0,BTC-31MAY19-4500-C,8716.2,0.0,0.007,1.0,0.485,5.0,500.0,0.0,0.0,0.10796,0.0,1.0
8716.2,index_price,1559213945135,open,0.0,566.7,0.0005,0.04,0.0,135.0,0.0015,0,BTC-31MAY19-5000-P,8716.2,0.0,0.0,0.0,0.0025,20.0,500.0,0.0,0.0,0.0,0.0,0.0
8716.2,index_price,1559213945135,open,0.0,100.7,0.0005,0.04,0.0,135.0,0.0005,0,BTC-31MAY19-3750-P,8716.2,0.0,0.0,0.0,0.002,20.0,500.0,0.0,0.0,0.0,0.0,0.0
8966.25,BTC-27SEP19,1559213945147,open,0.02,97.2,0.0005,0.055,0.01475222,89.57,0.0255,0.0,BTC-27SEP19-4500-P,8716.2,86.73,0.013,25.0,0.016,6.0,91.49,5.70198,-2.13012,-2.04898,2e-05,-0.05483
8966.25,BTC-27SEP19,1559213945215,open,0.0,85.9,0.0005,0.044,0.00425483,105.56,0.0025,0.0,BTC-27DEC19-2000-P,8716.2,96.7,0.0025,10.0,0.006,6.0,112.4,2.06222,-0.51613,-0.81973,0.0,-0.01157
290.56,ETH-28JUN19,1559213945239,open,0.73,0.0,0.663,0.8,0.731534,121.8,None,0.0,ETH-28JUN19-500-P,283.62,0.0,0.0,0.0,0.0,0.0,0.0,0.12013,-0.25336,-0.37991,0.00148,-0.92119
298.51,ETH-27SEP19,1559213945248,open,0.31,31.0,0.256,0.359,0.307617,96.01,0.368,0.0,ETH-27SEP19-340-P,283.62,90.93,0.296,30.0,0.313,30.0,98.37,0.68197,-0.27311,-0.77668,0.00243,-0.48461
298.51,ETH-27SEP19,1559213945250,open,0.58,0.0,0.516,0.642,0.578918,101.85,None,0.0,ETH-27SEP19-440-P,283.62,0.0,0.06,20.0,0.0,0.0,0.0,0.63665,-0.27045,-1.20028,0.00214,-0.64538
8966.25,BTC-27SEP19,1559213945316,open,0.41,13.1,0.351,0.463,0.40679593,84.29,0.413,0.0,BTC-27DEC19-11000-P,8716.2,80.24,0.3945,3.6,0.4105,3.6,85.51,27.18863,-5.434,-46.94714,7e-05,-0.49949
298.51,ETH-27SEP19,1559213945320,open,0.31,2038.0,0.267,0.346,0.306147,94.86,0.305,0.0,ETH-27SEP19-240-C,283.62,90.38,0.298,80.0,0.311,80.0,97.52,0.54412,-0.21528,0.43472,0.00196,0.74957
8879.73,BTC-28JUN19,1559213945345,open,0.63,0.1,0.5945,0.674,0.63428233,134.98,0.395,0.0,BTC-28JUN19-3250-C,8716.2,0.0,0.0015,1.4,0.7785,2.0,500.0,0.17798,-0.41597,2.55314,0.0,0.99773
283.62,index_price,1559213945371,open,0.09,855.0,0.046,0.125,0.085609,128.89,0.08,0,ETH-31MAY19-260-C,283.62,100.19,0.084,50.0,0.093,50.0,200.72,0.02054,-1.51178,0.00568,0.00826,0.92057
8716.2,index_price,1559213945526,open,0.0,265.5,0.0005,0.04,4.818e-05,135.0,0.0005,0,BTC-31MAY19-7250-P,8716.2,0.0,0.0,0.0,0.0005,12.0,178.18,0.03209,-0.41997,-0.00051,1e-05,-0.00241
283.62,index_price,1559213945804,open,0.1,50.0,0.053,0.139,0.095956,136.04,0.235,0,ETH-31MAY19-310-P,283.62,0.0,0.086,50.0,0.096,50.0,136.57,0.02377,-1.84602,-0.0068,0.00905,-0.90343
8879.73,BTC-28JUN19,1559213945808,open,0.33,1826.5,0.292,0.3715,0.33171848,96.65,0.337,0.0,BTC-28JUN19-6000-C,8716.2,85.26,0.3285,3.8,0.3695,3.0,170.54,2.86899,-4.80135,4.29218,5e-05,0.94271
283.62,index_price,1559213945941,open,0.04,710.0,0.001,0.08,0.040937,109.32,0.047,0,ETH-7JUN19-300-C,283.62,104.1,0.038,100.0,0.045,150.0,116.48,0.16028,-1.11237,0.0216,0.00845,0.39382
283.62,index_price,1559213945956,open,0.02,409.0,0.001,0.054,0.014889,124.07,0.016,0,ETH-31MAY19-290-C,283.62,102.72,0.011,120.0,0.02,125.0,151.41,0.05239,-3.71095,0.00241,0.02188,0.36856
283.62,index_price,1559213946010,open,0.0,1261.0,0.001,0.042,0.002944,136.04,0.004,0,ETH-31MAY19-310-C,283.62,136.71,0.003,25.0,0.006,401.0,166.87,0.02376,-0.83493,0.00064,0.00905,0.09657
283.62,index_price,1559213946036,open,0.01,516.0,0.001,0.045,0.005316,103.8,0.011,0,ETH-7JUN19-230-P,283.62,90.92,0.003,355.0,0.006,549.0,107.05,0.05804,-0.38251,-0.00482,0.00322,-0.07345
8879.71,BTC-28JUN19,1559213946130,open,0.44,691.1,0.4,0.4795,0.43961902,109.0,0.427,0.0,BTC-28JUN19-5000-C,8716.17,0.0,0.235,0.1,0.4755,3.0,211.43,1.27818,-2.41249,3.78661,2e-05,0.97865
8879.71,BTC-28JUN19,1559213946130,open,0.83,33.8,0.7915,0.871,0.8310758,145.26,0.7145,0.0,BTC-28JUN19-1500-C,8716.17,0.0,0.002,0.4,0.873,2.0,500.0,0.00031,-0.00078,1.18665,0.0,1.0
8966.33,BTC-27SEP19,1559213946131,open,0.64,0.0,0.602,0.6815,0.64190998,97.12,None,0.0,BTC-27SEP19-3250-C,8716.17,0.0,0.0075,0.1,0.9505,5.0,500.0,2.25214,-0.91227,10.02106,1e-05,0.98221
8879.68,BTC-28JUN19,1559213946131,open,0.0,312.4,0.0005,0.0415,0.00169381,109.03,0.0025,0.0,BTC-28JUN19-4750-P,8716.17,100.99,0.001,5.0,0.0025,1.0,116.04,0.89901,-1.69729,-0.11123,1e-05,-0.01414
8966.33,BTC-27SEP19,1559213946132,open,0.83,42.8,0.794,0.8735,0.83370742,134.06,0.815,0.0,BTC-27SEP19-1500-C,8716.17,0.0,0.0,0.0,0.0,0.0,0.0,0.51923,-0.29034,4.7983,0.0,0.99665
8966.33,BTC-27SEP19,1559213946132,open,0.3,822.2,0.264,0.3435,0.3035649,85.86,0.292,0.0,BTC-27SEP19-7000-C,8716.17,83.79,0.3,4.1,0.364,5.0,120.08,15.48361,-5.54495,13.82736,7e-05,0.77312
8966.33,BTC-27SEP19,1559213946132,open,0.05,65.6,0.0065,0.086,0.04644065,91.41,0.0475,0.0,BTC-27SEP19-16000-C,8716.17,90.19,0.0445,4.3,0.049,4.9,92.99,14.36186,-5.47556,4.50573,6e-05,0.19945
8966.33,BTC-27SEP19,1559213946132,open,0.67,226.1,0.629,0.7085,0.66859048,98.6,0.585,0.0,BTC-27SEP19-3000-C,8716.17,0.0,0.0065,0.1,0.9525,5.0,500.0,1.74379,-0.71718,9.37036,1e-05,0.98679
8879.68,BTC-28JUN19,1559213946132,open,0.01,634.4,0.0005,0.045,0.00523583,103.12,0.0055,0.0,BTC-28JUN19-15000-C,8716.17,100.39,0.0045,10.0,0.006,31.5,105.72,2.5011,-4.46573,0.30174,4e-05,0.04819
8716.17,index_price,1559213946131,open,0.0,487.7,0.0005,0.04,0.0,135.0,0.0005,0,BTC-31MAY19-6000-P,8716.17,0.0,0.0,0.0,0.001,10.0,365.73,0.0,0.0,0.0,0.0,0.0
8966.33,BTC-27SEP19,1559213946131,open,0.01,178.6,0.0005,0.047,0.00703937,99.29,0.006,0.0,BTC-27DEC19-2500-P,8716.17,93.02,0.005,10.0,0.009,6.0,104.43,3.19317,-0.75174,-1.36138,1e-05,-0.01924
8966.33,BTC-27SEP19,1559213946134,open,0.56,233.5,0.5235,0.603,0.56310486,91.66,0.58,0.0,BTC-27SEP19-4000-C,8716.17,0.0,0.1655,1.1,0.59,0.1,132.98,4.06188,-1.55288,11.80593,2e-05,0.96402
8879.68,BTC-28JUN19,1559213946134,open,0.0,1192.2,0.0005,0.041,0.00123538,118.84,0.001,0.0,BTC-28JUN19-20000-C,8716.17,115.93,0.001,5.0,0.0015,0.9,121.68,0.77161,-1.58784,0.07456,1e-05,0.01185
8716.17,index_price,1559213946131,open,0.34,298.7,0.3005,0.38,0.34030885,228.97,0.3305,0,BTC-31MAY19-5750-C,8716.17,0.0,0.101,3.0,0.349,5.0,500.0,0.00142,-0.18592,0.13793,0.0,0.99992
8879.68,BTC-28JUN19,1559213946134,open,0.28,500.5,0.2415,0.321,0.28117713,94.09,0.2765,0.0,BTC-28JUN19-6500-C,8716.17,87.02,0.278,4.0,0.319,3.0,154.73,4.21806,-6.87183,4.38297,7e-05,0.9051
8716.17,index_price,1559213946130,open,0.27,8.1,0.212,0.3125,0.26202187,0.0,0.256,0,BTC-31MAY19-11000-P,8716.17,0.0,0.0,0.0,0.3425,0.1,500.0,0.0,0.0,-0.26391,0.0,-1.0
8966.3,BTC-27SEP19,1559213946134,open,0.01,376.8,0.0005,0.046,0.00613738,96.54,0.0065,0.0,BTC-27SEP19-3500-P,8716.17,94.51,0.0055,2.0,0.0065,6.0,97.64,2.90434,-1.16947,-0.88815,1e-05,-0.02402
8966.3,BTC-27SEP19,1559213946134,open,0.01,174.3,0.0005,0.0495,0.00922274,91.67,0.01,0.0,BTC-27SEP19-4000-P,8716.17,88.87,0.008,15.0,0.0105,6.0,94.39,4.06288,-1.55342,-1.33158,2e-05,-0.036
8966.3,BTC-27SEP19,1559213946130,open,0.29,126.1,0.2535,0.333,0.29338233,83.59,0.29,0.0,BTC-27DEC19-8000-C,8716.17,82.7,0.291,5.0,0.3,2.0,86.06,24.02809,-4.76228,20.56945,6e-05,0.69046
8966.3,BTC-27SEP19,1559213946135,open,1.05,1.0,0.96,1.123,1.04162592,93.82,1.5815,0.0,BTC-27SEP19-18000-P,8716.17,0.0,0.0065,0.1,1.7965,0.3,500.0,12.09425,-4.73281,-55.64102,5e-05,-0.84786
8716.17,index_price,1559213946133,open,0.0,246.1,0.0005,0.04,0.0,135.0,0.0005,0,BTC-31MAY19-4000-P,8716.17,0.0,0.0,0.0,0.0015,20.0,500.0,0.0,0.0,0.0,0.0,0.0
8716.17,index_price,1559213946130,open,0.01,456.3,0.0005,0.0445,0.00490162,104.69,0.0045,0,BTC-7JUN19-11000-C,8716.17,100.15,0.004,40.0,0.0055,2.0,107.47,1.82068,-12.10128,0.13268,0.00011,0.07545
8879.68,BTC-28JUN19,1559213946135,open,0.55,322.4,0.5105,0.59,0.5504174,124.06,0.451,0.0,BTC-28JUN19-4000-C,8716.17,0.0,0.0005,12.0,0.674,3.0,454.04,0.48366,-1.03901,3.10942,1e-05,0.99305
8879.68,BTC-28JUN19,1559213946136,open,0.0,1396.0,0.0005,0.04,4e-08,135.0,0.001,0.0,BTC-28JUN19-1500-P,8716.17,0.0,0.0,0.0,0.0005,80.1,249.85,7e-05,-0.00016,0.0,0.0,0.0
8966.3,BTC-27SEP19,1559213946130,open,0.04,34.7,0.0045,0.084,0.04417439,94.64,0.047,0.0,BTC-27DEC19-24000-C,8716.17,92.87,0.041,4.9,0.0475,4.9,96.44,16.34325,-3.66755,5.81866,4e-05,0.1565
8716.17,index_price,1559213946130,open,0.12,20.6,0.0715,0.1605,0.11602305,99.38,0.109,0,BTC-7JUN19-9500-P,8716.17,0.0,0.0005,1.0,0.0,0.0,0.0,4.46907,-28.19677,-1.52978,0.00027,-0.69738
8716.17,index_price,1559213946130,open,0.02,46.4,0.0005,0.061,0.020594,94.95,0.0235,0,BTC-31MAY19-8750-P,8716.17,84.21,0.0185,3.9,0.0215,18.0,99.6,1.70013,-92.17476,-0.11387,0.00098,-0.52394
8716.17,index_price,1559213946135,open,0.03,741.2,0.0005,0.073,0.03333476,94.98,0.0415,0,BTC-31MAY19-8500-C,8716.17,95.97,0.0335,6.0,0.039,6.0,127.7,1.45349,-78.8222,0.14219,0.00084,0.71332
8716.17,index_price,1559213946131,open,0.0,154.1,0.0005,0.04,7.5e-07,135.0,0.0015,0,BTC-31MAY19-6750-P,8716.17,0.0,0.0,0.0,0.001,10.3,262.93,0.00085,-0.00651,-1e-05,0.0,-5e-05
8966.3,BTC-27SEP19,1559213946131,open,0.53,6.6,0.4935,0.573,0.53326692,87.35,0.498,0.0,BTC-27DEC19-4500-C,8716.17,0.0,0.26,1.4,0.985,1.0,500.0,10.63274,-2.20218,19.75923,3e-05,0.9147
8716.17,index_price,1559213946130,open,0.01,60.2,0.0005,0.0485,0.00875858,103.1,0.009,0,BTC-7JUN19-10500-C,8716.17,98.78,0.0075,30.1,0.01,40.0,107.11,2.62533,-17.18383,0.21731,0.00016,0.1243
8966.3,BTC-27SEP19,1559213946131,open,0.78,0.0,0.7415,0.821,0.78119613,105.55,None,0.0,BTC-27DEC19-2000-C,8716.17,0.0,0.0165,3.0,0.99,0.5,500.0,2.06187,-0.51602,10.73528,0.0,0.98843
8716.17,index_price,1559213946135,open,0.01,274.5,0.0005,0.048,0.00812238,102.76,0.006,0,BTC-31MAY19-9000-C,8716.17,92.52,0.0065,4.3,0.0095,1.0,111.13,1.41276,-70.79602,0.05485,0.00075,0.27043
8966.3,BTC-27SEP19,1559213946132,open,0.58,27.1,0.5395,0.619,0.57911207,89.52,0.542,0.0,BTC-27DEC19-4000-C,8716.17,0.0,0.0195,0.1,0.7195,0.2,200.36,8.48021,-1.8,18.51627,2e-05,0.93655
298.51,ETH-27SEP19,1559213946140,open,0.82,0.0,0.745,0.889,0.816835,105.22,None,0.0,ETH-27SEP19-520-P,283.56,0.0,0.0,0.0,0.0,0.0,0.0,0.5635,-0.2473,-1.51848,0.00183,-0.73203
298.51,ETH-27SEP19,1559213946140,open,1.07,0.0,0.985,1.15,1.067433,109.37,None,0.0,ETH-27SEP19-600-P,283.56,0.0,0.0,0.0,0.0,0.0,0.0,0.49542,-0.22601,-1.8193,0.00155,-0.78826
283.56,index_price,1559213946140,open,0.22,1.0,0.185,0.264,0.224319,205.85,0.113,0,ETH-31MAY19-220-C,283.56,0.0,0.001,15.0,0.3,2.0,500.0,0.00205,-0.24116,0.00524,0.00052,0.99488
283.56,index_price,1559213946140,open,0.09,78.0,0.047,0.126,0.08638,104.03,0.076,0,ETH-7JUN19-270-C,283.56,107.01,0.088,93.0,0.095,150.0,119.84,0.15357,-1.01424,0.03475,0.00851,0.65435
283.56,index_price,1559213946140,open,0.18,201.0,0.133,0.227,0.179981,109.85,0.16,0,ETH-7JUN19-330-P,283.56,0.0,0.163,50.0,0.17,50.0,81.24,0.11488,-0.80113,-0.06026,0.00603,-0.8049
283.56,index_price,1559213946140,open,0.0,302.0,0.001,0.04,0.000178,150.15,0.001,0,ETH-31MAY19-340-C,283.56,0.0,0.0,0.0,0.002,261.0,215.25,0.00288,-0.05047,5e-05,0.001,0.00752
283.56,index_price,1559213946140,open,0.16,39.0,0.124,0.203,0.163496,104.32,0.128,0,ETH-7JUN19-240-C,283.56,118.43,0.168,50.0,0.174,50.0,135.14,0.08429,-0.55825,0.04372,0.00466,0.878
283.56,index_price,1559213946140,open,0.0,1139.0,0.001,0.04,0.0,149.9,0.002,0,ETH-31MAY19-210-P,283.56,0.0,0.0,0.0,0.001,100.0,302.27,1e-05,-9e-05,0.0,0.0,-2e-05
283.56,index_price,1559213946140,open,0.0,270.0,0.001,0.041,0.000995,114.87,0.009,0,ETH-7JUN19-200-P,283.56,0.0,0.0,0.0,0.002,300.0,128.62,0.01636,-0.11928,-0.00102,0.00082,-0.01565
283.56,index_price,1559213946140,open,0.02,450.0,0.001,0.056,0.016452,110.46,0.01,0,ETH-7JUN19-330-C,283.56,106.83,0.015,85.0,0.019,200.0,116.57,0.11543,-0.80943,0.01103,0.00602,0.19665
283.56,index_price,1559213946140,open,0.26,0.0,0.221,0.3,0.260944,107.94,None,0,ETH-7JUN19-210-C,283.56,0.0,0.001,30.0,0.0,0.0,0.0,0.02371,-0.16252,0.04374,0.00127,0.97577
283.56,index_price,1559213946140,open,0.01,1355.0,0.001,0.046,0.006498,128.08,0.007,0,ETH-31MAY19-300-C,283.56,116.46,0.005,10.0,0.009,31.0,145.83,0.03805,-1.84256,0.00127,0.0154,0.19297
283.56,index_price,1559213946140,open,0.0,328.0,0.001,0.04,0.0,149.92,0.001,0,ETH-31MAY19-190-P,283.56,0.0,0.0,0.0,0.001,50.0,388.93,0.0,0.0,0.0,0.0,0.0
283.56,index_price,1559213946140,open,0.4,0.0,0.361,0.44,0.400606,379.18,None,0,ETH-31MAY19-170-C,283.56,0.0,0.001,1.0,0.0,0.0,0.0,0.00096,-0.20808,0.00406,0.00013,0.9978
283.56,index_price,1559213946140,open,0.03,7.0,0.001,0.07,0.030527,109.58,0.036,0,ETH-7JUN19-310-C,283.56,102.78,0.027,307.0,0.034,200.0,116.15,0.14856,-1.03349,0.01759,0.00781,0.31798
283.56,index_price,1559213946140,open,0.01,253.0,0.001,0.052,0.012043,111.39,0.014,0,ETH-7JUN19-340-C,283.56,108.32,0.011,88.0,0.014,200.0,116.9,0.09801,-0.69316,0.00857,0.00507,0.15209
283.56,index_price,1559213946140,open,0.33,95.0,0.291,0.37,0.33009,305.85,0.199,0,ETH-31MAY19-190-C,283.56,0.0,0.0,0.0,0.429,1.0,500.0,0.00127,-0.22201,0.00454,0.00022,0.997
283.56,index_price,1559213946140,open,0.24,0.0,0.194,0.292,0.242982,112.02,None,0,ETH-7JUN19-350-P,283.56,0.0,0.0,0.0,0.0,0.0,0.0,0.08117,-0.57725,-0.06898,0.00418,-0.88436
283.56,index_price,1559213946140,open,0.15,144.0,0.115,0.194,0.154063,160.7,0.166,0,ETH-31MAY19-240-C,283.56,0.0,0.153,50.0,0.161,50.0,286.26,0.0054,-0.49514,0.00565,0.00174,0.98455
283.56,index_price,1559213946140,open,0.0,214.0,0.001,0.041,0.001612,149.71,0.002,0,ETH-31MAY19-320-C,283.56,0.0,0.0,0.0,0.004,400.0,184.17,0.01511,-0.45709,0.00035,0.00523,0.05348
283.56,index_price,1559213946140,open,0.0,1187.0,0.001,0.04,0.000265,149.65,0.002,0,ETH-31MAY19-240-P,283.56,0.0,0.0,0.0,0.002,200.0,208.14,0.00383,-0.07519,-7e-05,0.00133,-0.01039
283.56,index_price,1559213946140,open,0.04,0.0,0.001,0.078,0.037384,123.3,None,0,ETH-31MAY19-290-P,283.56,63.24,0.027,150.0,0.04,150.0,137.39,0.05227,-3.67974,-0.00457,0.02197,-0.63369
283.56,index_price,1559213946140,open,0.01,400.0,0.001,0.05,0.009698,103.71,0.009,0,ETH-7JUN19-240-P,283.56,94.0,0.007,83.0,0.01,250.0,104.73,0.08372,-0.5512,-0.00798,0.00465,-0.12081
283.56,index_price,1559213946140,open,0.01,345.0,0.001,0.048,0.008936,112.93,0.01,0,ETH-7JUN19-350-C,283.56,109.62,0.008,97.0,0.011,250.0,119.72,0.08223,-0.58955,0.00666,0.0042,0.11779
283.56,index_price,1559213946140,open,0.0,967.0,0.001,0.04,0.000568,150.13,0.002,0,ETH-31MAY19-330-C,283.56,0.0,0.0,0.0,0.002,61.0,186.83,0.00712,-0.16119,0.00014,0.00246,0.0214
283.56,index_price,1559213946148,open,0.09,855.0,0.046,0.125,0.085609,131.28,0.08,0,ETH-31MAY19-260-C,283.56,0.0,0.083,100.0,0.093,50.0,201.94,0.02135,-1.60019,0.00565,0.00843,0.91638
298.45,ETH-27SEP19,1559213946154,open,0.26,24.0,0.21,0.31,0.259687,94.79,0.408,0.0,ETH-27SEP19-320-P,283.56,90.51,0.25,30.0,0.266,30.0,97.58,0.67537,-0.26702,-0.68881,0.00244,-0.44304
283.56,index_price,1559213946205,open,0.01,201.0,0.001,0.047,0.006832,122.5,0.007,0,ETH-31MAY19-270-P,283.56,100.19,0.004,76.0,0.009,342.0,137.8,0.03872,-1.93737,-0.0014,0.01638,-0.1986
283.56,index_price,1559213946214,open,0.02,57.0,0.001,0.062,0.022582,110.09,0.026,0,ETH-7JUN19-320-C,283.56,104.5,0.02,306.0,0.025,200.0,115.18,0.13305,-0.92988,0.01406,0.00697,0.25246
283.56,index_price,1559213946222,open,0.02,366.0,0.001,0.057,0.016362,103.7,0.026,0,ETH-7JUN19-250-P,283.56,92.01,0.012,93.0,0.015,200.0,100.16,0.11052,-0.72759,-0.01221,0.00614,-0.18323
283.56,index_price,1559213946227,open,0.03,181.0,0.001,0.066,0.025798,103.68,0.023,0,ETH-7JUN19-260-P,283.56,89.01,0.019,105.0,0.024,200.0,99.88,0.1349,-0.88793,-0.01744,0.0075,-0.25923
283.56,index_price,1559213946247,open,0.01,253.0,0.001,0.052,0.012043,111.39,0.014,0,ETH-7JUN19-340-C,283.56,108.32,0.011,87.0,0.014,200.0,116.9,0.09801,-0.69316,0.00857,0.00507,0.15209
283.56,index_price,1559213946253,open,0.05,224.0,0.011,0.09,0.05086,103.96,0.053,0,ETH-7JUN19-290-C,283.56,104.2,0.051,81.0,0.058,150.0,116.16,0.16576,-1.09396,0.02576,0.00919,0.47181
283.56,index_price,1559213946257,open,0.01,400.0,0.001,0.05,0.009698,103.71,0.009,0,ETH-7JUN19-240-P,283.56,94.0,0.007,84.0,0.01,250.0,104.73,0.08372,-0.5512,-0.00798,0.00465,-0.12081
283.56,index_price,1559213946263,open,0.07,355.0,0.027,0.106,0.06698,103.99,0.072,0,ETH-7JUN19-280-C,283.56,105.75,0.068,99.0,0.075,150.0,117.85,0.16408,-1.08321,0.03036,0.00909,0.5632
283.56,index_price,1559213946267,open,0.03,670.0,0.001,0.07,0.030767,123.45,0.028,0,ETH-31MAY19-280-C,283.56,108.84,0.028,96.0,0.038,151.0,161.35,0.05385,-3.79555,0.00384,0.02261,0.59451
283.56,index_price,1559213946274,open,0.01,345.0,0.001,0.048,0.008936,112.93,0.01,0,ETH-7JUN19-350-C,283.56,109.62,0.008,96.0,0.011,250.0,119.72,0.08223,-0.58955,0.00666,0.0042,0.11779
283.56,index_price,1559213946278,open,0.04,21.0,0.001,0.079,0.038358,103.65,0.03,0,ETH-7JUN19-270-P,283.56,89.96,0.031,82.0,0.035,200.0,97.43,0.15352,-1.01026,-0.02348,0.00854,-0.34533
283.56,index_price,1559213946282,open,0.09,78.0,0.047,0.126,0.08638,104.03,0.076,0,ETH-7JUN19-270-C,283.56,107.01,0.088,90.0,0.095,150.0,119.84,0.15357,-1.01424,0.03475,0.00851,0.65435
283.56,index_price,1559213946289,open,0.02,450.0,0.001,0.056,0.016452,110.46,0.01,0,ETH-7JUN19-330-C,283.56,106.83,0.015,84.0,0.019,200.0,116.57,0.11543,-0.80943,0.01103,0.00602,0.19665
283.56,index_price,1559213946296,open,0.03,7.0,0.001,0.07,0.030527,109.58,0.036,0,ETH-7JUN19-310-C,283.56,102.78,0.027,305.0,0.034,200.0,116.15,0.14856,-1.03349,0.01759,0.00781,0.31798
298.45,ETH-27SEP19,1559213946320,open,0.08,1817.0,0.039,0.125,0.082151,94.81,0.109,0.0,ETH-27SEP19-220-P,283.56,90.36,0.075,40.0,0.084,120.0,95.96,0.48233,-0.19075,-0.27895,0.00174,-0.20244
283.56,index_price,1559213946421,open,0.02,409.0,0.001,0.054,0.014889,124.47,0.016,0,ETH-31MAY19-290-C,283.56,103.11,0.011,119.0,0.02,125.0,151.83,0.05234,-3.71954,0.0024,0.0218,0.36773
283.56,index_price,1559213946427,open,0.03,181.0,0.001,0.066,0.025798,103.68,0.023,0,ETH-7JUN19-260-P,283.56,89.01,0.019,106.0,0.024,200.0,99.88,0.1349,-0.88793,-0.01744,0.0075,-0.25923
283.56,index_price,1559213946439,open,0.01,253.0,0.001,0.052,0.012043,111.39,0.014,0,ETH-7JUN19-340-C,283.56,108.32,0.011,86.0,0.014,200.0,116.9,0.09801,-0.69316,0.00857,0.00507,0.15209
283.56,index_price,1559213946444,open,0.05,224.0,0.011,0.09,0.05086,103.96,0.053,0,ETH-7JUN19-290-C,283.56,104.2,0.051,80.0,0.058,150.0,116.16,0.16576,-1.09396,0.02576,0.00919,0.47181
283.56,index_price,1559213946449,open,0.01,400.0,0.001,0.05,0.009698,103.71,0.009,0,ETH-7JUN19-240-P,283.56,94.0,0.007,85.0,0.01,250.0,104.73,0.08372,-0.5512,-0.00798,0.00465,-0.12081
283.56,index_price,1559213946458,open,0.07,355.0,0.027,0.106,0.06698,103.99,0.072,0,ETH-7JUN19-280-C,283.56,105.75,0.068,97.0,0.075,150.0,117.85,0.16408,-1.08321,0.03036,0.00909,0.5632
283.56,index_price,1559213946473,open,0.03,670.0,0.001,0.07,0.030767,123.45,0.028,0,ETH-31MAY19-280-C,283.56,108.84,0.028,92.0,0.038,151.0,161.35,0.05385,-3.79555,0.00384,0.02261,0.59451
283.56,index_price,1559213946480,open,0.01,345.0,0.001,0.048,0.008936,112.93,0.01,0,ETH-7JUN19-350-C,283.56,109.62,0.008,95.0,0.011,250.0,119.72,0.08223,-0.58955,0.00666,0.0042,0.11779
283.56,index_price,1559213946495,open,0.04,21.0,0.001,0.079,0.038358,103.65,0.03,0,ETH-7JUN19-270-P,283.56,89.96,0.031,83.0,0.035,200.0,97.43,0.15352,-1.01026,-0.02348,0.00854,-0.34533
283.56,index_price,1559213946500,open,0.09,78.0,0.047,0.126,0.08638,104.03,0.076,0,ETH-7JUN19-270-C,283.56,107.01,0.088,88.0,0.095,150.0,119.84,0.15357,-1.01424,0.03475,0.00851,0.65435
283.56,index_price,1559213946505,open,0.01,516.0,0.001,0.045,0.005316,103.72,0.011,0,ETH-7JUN19-230-P,283.56,90.84,0.003,356.0,0.006,549.0,106.97,0.05806,-0.38233,-0.00482,0.00323,-0.0735
283.56,index_price,1559213946507,open,0.02,450.0,0.001,0.056,0.016452,110.46,0.01,0,ETH-7JUN19-330-C,283.56,106.83,0.015,83.0,0.019,200.0,116.57,0.11543,-0.80943,0.01103,0.00602,0.19665
283.56,index_price,1559213946514,open,0.03,7.0,0.001,0.07,0.030527,109.58,0.036,0,ETH-7JUN19-310-C,283.56,102.78,0.027,304.0,0.034,200.0,116.15,0.14856,-1.03349,0.01759,0.00781,0.31798
283.56,index_price,1559213946611,open,0.01,201.0,0.001,0.047,0.006832,122.5,0.007,0,ETH-31MAY19-270-P,283.56,100.19,0.004,77.0,0.009,342.0,137.8,0.03872,-1.93737,-0.0014,0.01638,-0.1986
283.56,index_price,1559213946645,open,0.02,366.0,0.001,0.057,0.016362,103.7,0.026,0,ETH-7JUN19-250-P,283.56,92.01,0.012,94.0,0.015,200.0,100.16,0.11052,-0.72759,-0.01221,0.00614,-0.18323
290.5,ETH-28JUN19,1559213946903,open,0.05,2623.0,0.01,0.089,0.049362,109.97,0.054,0.0,ETH-28JUN19-360-C,283.56,107.47,0.047,160.0,0.054,293.0,114.66,0.28193,-0.53686,0.05644,0.00384,0.29501
298.45,ETH-27SEP19,1559213947085,open,0.06,2717.0,0.017,0.1,0.058499,94.82,0.08,0.0,ETH-27SEP19-200-P,283.56,90.07,0.052,188.0,0.06,50.0,95.94,0.41041,-0.16231,-0.21084,0.00148,-0.15665
290.5,ETH-28JUN19,1559213947139,open,0.01,83.0,0.001,0.052,0.012626,119.33,0.013,0.0,ETH-28JUN19-480-C,283.58,115.71,0.011,200.0,0.015,200.0,124.23,0.1349,-0.27875,0.01825,0.00169,0.09203
290.5,ETH-28JUN19,1559213947139,open,0.67,0.0,0.599,0.731,0.664609,118.59,None,0.0,ETH-28JUN19-480-P,283.58,0.0,0.0,0.0,0.0,0.0,0.0,0.13305,-0.27322,-0.3618,0.00168,-0.90967
298.45,ETH-27SEP19,1559213947139,open,0.67,0.0,0.629,0.708,0.668968,102.57,None,0.0,ETH-27SEP19-100-C,283.58,0.0,0.003,10.0,0.0,0.0,0.0,0.06706,-0.02869,0.30916,0.00022,0.98438
