underlying_price,underlying_index,timestamp,state,settlement_price,open_interest,min_price,max_price,mark_price,mark_iv,last_price,interest_rate,instrument_name,index_price,bid_iv,best_bid_price,best_bid_amount,best_ask_price,best_ask_amount,ask_iv,vega,theta,rho,gamma,delta
124.74,SYN.ETH-3JAN20,1577444340014,open,0.37,0.0,0.324,0.408,0.363732,104.0,None,0.0,ETH-3JAN20-170-P,124.64,0.0,0.0,0.0,0.0,0.0,0.0,0.00757,-0.05725,-0.03162,0.00248,-0.98202
124.84,SYN.ETH-10JAN20,1577444340018,open,0.0,100.0,0.001,0.012,0.002501,85.96,0.002,0.0,ETH-10JAN20-170-C,124.64,82.73,0.002,550.0,0.003,300.0,88.81,0.02069,-0.06408,0.00175,0.00406,0.03933
124.84,SYN.ETH-10JAN20,1577444340018,open,0.37,0.0,0.323,0.41,0.364211,85.75,None,0.0,ETH-10JAN20-170-P,124.64,0.0,0.0,0.0,0.0,0.0,0.0,0.02052,-0.06342,-0.0629,0.00404,-0.96106
125.14,SYN.ETH-31JAN20,1577444340161,open,0.16,0.0,0.125,0.195,0.161023,75.84,None,0.0,ETH-31JAN20-110-C,124.64,67.56,0.153,48.0,0.162,48.0,76.82,0.12351,-0.13429,0.07016,0.01088,0.74774
125.14,SYN.ETH-31JAN20,1577444340164,open,0.03,83.0,0.01,0.054,0.028628,72.17,0.026,0.0,ETH-31JAN20-150-C,124.64,69.41,0.026,432.0,0.031,721.0,74.6,0.12074,-0.12492,0.02549,0.01118,0.24177
125.55,SYN.ETH-28FEB20,1577444340176,open,0.1,1.0,0.062,0.142,0.100169,75.03,0.096,0.0,ETH-28FEB20-120-P,124.64,72.39,0.096,1095.0,0.104,192.0,77.45,0.19868,-0.11854,-0.10423,0.00975,-0.38178
125.55,SYN.ETH-28FEB20,1577444340179,open,0.19,0.0,0.15,0.227,0.18947,75.94,None,0.0,ETH-28FEB20-110-C,124.64,71.31,0.183,48.0,0.192,48.0,77.75,0.176,-0.10629,0.11431,0.00854,0.71803
125.55,SYN.ETH-28FEB20,1577444340179,open,0.2,0.0,0.148,0.247,0.196671,75.27,None,0.0,ETH-28FEB20-140-P,124.64,73.01,0.193,794.0,0.202,650.0,78.55,0.20406,-0.12215,-0.16718,0.00998,-0.57636
125.55,SYN.ETH-28FEB20,1577444340179,open,0.26,0.0,0.205,0.31,0.256348,76.23,None,0.0,ETH-28FEB20-150-P,124.64,0.0,0.0,0.0,0.0,0.0,0.0,0.19157,-0.11613,-0.19753,0.00926,-0.65698
125.55,SYN.ETH-28FEB20,1577444340179,open,0.04,1.0,0.014,0.066,0.03669,79.29,0.043,0.0,ETH-28FEB20-170-C,124.64,77.92,0.035,650.0,0.038,192.0,80.34,0.15615,-0.09846,0.04065,0.00725,0.22467
125.55,SYN.ETH-28FEB20,1577444340182,open,0.03,189.0,0.007,0.048,0.023135,82.72,0.022,0.0,ETH-28FEB20-190-C,124.64,81.54,0.022,634.0,0.024,241.0,83.61,0.12165,-0.08003,0.0275,0.00542,0.1503
125.95,ETH-27MAR20,1577444340242,open,4.09,0.0,3.935,4.242,4.082693,120.0,None,0.0,ETH-27MAR20-640-P,124.62,0.0,0.01,50.0,0.0,0.0,0.0,0.01356,-0.00895,-1.59138,0.00029,-0.99214
127.97,ETH-26JUN20,1577444340242,open,3.71,0.0,3.556,3.867,3.702627,110.26,None,0.0,ETH-26JUN20-600-P,124.62,0.0,0.01,50.0,0.0,0.0,0.0,0.10083,-0.03056,-2.96346,0.00112,-0.94476
125.93,ETH-27MAR20,1577444340243,open,3.77,0.0,3.626,3.916,3.765596,113.43,None,0.0,ETH-27MAR20-600-P,124.62,0.0,0.03,50.0,0.0,0.0,0.0,0.01171,-0.00731,-1.49209,0.00026,-0.99334
129.88,SYN.ETH-25SEP20,1577444340242,open,0.39,0.0,0.333,0.437,0.386454,85.97,None,0.0,ETH-25SEP20-100-C,124.62,0.0,0.001,10.0,0.0,0.0,0.0,0.34487,-0.05433,0.36786,0.00318,0.76529
127.95,ETH-26JUN20,1577444340243,open,4.02,0.0,3.859,4.187,4.013699,110.52,None,0.0,ETH-26JUN20-640-P,124.62,0.0,0.011,1.0,0.0,0.0,0.0,0.08883,-0.02699,-3.1665,0.00099,-0.95288
129.88,SYN.ETH-25SEP20,1577444340242,open,0.45,0.0,0.371,0.53,0.44937,85.37,None,0.0,ETH-25SEP20-160-P,124.62,0.0,0.001,9.0,0.0,0.0,0.0,0.44635,-0.06982,-0.88835,0.00415,-0.46549
127.95,ETH-26JUN20,1577444340244,open,2.78,0.0,2.648,2.909,2.770623,103.92,None,0.0,ETH-26JUN20-480-P,124.62,0.0,0.01,50.0,0.0,0.0,0.0,0.12859,-0.03674,-2.35582,0.00152,-0.92443
125.93,ETH-27MAR20,1577444340245,open,2.82,0.0,2.702,2.943,2.816029,117.95,None,0.0,ETH-27MAR20-480-P,124.62,0.0,0.004,50.0,0.0,0.0,0.0,0.03535,-0.02294,-1.18896,0.00076,-0.97611
127.95,ETH-26JUN20,1577444340245,open,3.09,0.0,2.95,3.229,3.081167,106.2,None,0.0,ETH-26JUN20-520-P,124.62,0.0,0.01,50.0,0.0,0.0,0.0,0.11774,-0.03437,-2.55904,0.00136,-0.93263
129.88,SYN.ETH-25SEP20,1577444340241,open,0.31,0.0,0.257,0.373,0.316618,85.4,None,0.0,ETH-25SEP20-120-C,124.62,79.7,0.299,160.0,0.343,160.0,94.02,0.39997,-0.06258,0.35586,0.00371,0.6831
129.88,SYN.ETH-25SEP20,1577444340242,open,0.59,0.0,0.552,0.615,0.583494,92.11,None,0.0,ETH-25SEP20-60-C,124.62,0.0,0.001,10.0,0.0,0.0,0.0,0.17578,-0.02967,0.32125,0.00151,0.91433
125.55,SYN.ETH-28FEB20,1577444340241,open,0.61,0.0,0.555,0.675,0.612109,84.83,None,0.0,ETH-28FEB20-200-P,124.62,0.0,0.0,0.0,0.0,0.0,0.0,0.10773,-0.07267,-0.32145,0.00468,-0.87422
129.88,SYN.ETH-25SEP20,1577444340242,open,0.17,0.0,0.104,0.227,0.164144,88.75,None,0.0,ETH-25SEP20-200-C,124.62,86.94,0.158,434.0,0.17,280.0,90.47,0.44092,-0.0717,0.2572,0.00394,0.42902
129.88,SYN.ETH-25SEP20,1577444340242,open,0.47,0.0,0.431,0.517,0.47477,87.79,None,0.0,ETH-25SEP20-80-C,124.62,0.0,0.001,10.0,0.0,0.0,0.0,0.26686,-0.04293,0.36014,0.00241,0.84566
129.88,SYN.ETH-25SEP20,1577444340242,open,0.71,0.0,0.614,0.798,0.703856,88.71,None,0.0,ETH-25SEP20-200-P,124.62,0.0,0.0,0.0,0.0,0.0,0.0,0.44089,-0.07167,-1.23803,0.00394,-0.57113
129.88,SYN.ETH-25SEP20,1577444340242,open,0.58,0.0,0.49,0.664,0.575618,87.7,None,0.0,ETH-25SEP20-180-P,124.62,0.0,0.0,0.0,0.0,0.0,0.0,0.44744,-0.0719,-1.06428,0.00405,-0.52042
129.88,SYN.ETH-25SEP20,1577444340242,open,0.84,0.0,0.744,0.937,0.837992,90.0,None,0.0,ETH-25SEP20-220-P,124.62,0.0,0.0,0.0,0.0,0.0,0.0,0.42982,-0.07088,-1.40929,0.00379,-0.61336
129.88,SYN.ETH-25SEP20,1577444340241,open,0.19,9.0,0.128,0.252,0.189878,87.73,0.171,0.0,ETH-25SEP20-180-C,124.62,86.02,0.184,433.0,0.196,277.0,89.51,0.44745,-0.07193,0.28142,0.00404,0.4797
129.88,SYN.ETH-25SEP20,1577444340242,open,0.34,0.0,0.268,0.413,0.339548,85.37,None,0.0,ETH-25SEP20-140-P,124.62,83.1,0.332,442.0,0.347,442.0,87.61,0.43228,-0.06762,-0.71283,0.00401,-0.39456
129.88,SYN.ETH-25SEP20,1577444340242,open,0.26,20.0,0.2,0.321,0.26175,85.39,0.276,0.0,ETH-25SEP20-140-C,124.62,84.57,0.259,473.0,0.275,645.0,89.39,0.43227,-0.06764,0.33379,0.00401,0.6055
125.55,SYN.ETH-28FEB20,1577444340241,open,0.38,0.0,0.351,0.405,0.377793,87.88,None,0.0,ETH-28FEB20-80-C,124.62,0.0,0.0,0.0,0.0,0.0,0.0,0.07607,-0.05316,0.11767,0.00319,0.92189
129.88,SYN.ETH-25SEP20,1577444340242,open,0.22,10.0,0.156,0.279,0.217601,85.4,0.214,0.0,ETH-25SEP20-160-C,124.62,85.23,0.217,447.0,0.229,272.0,88.72,0.44634,-0.06985,0.30781,0.00414,0.53459
127.97,ETH-26JUN20,1577444340254,open,0.19,1652.0,0.135,0.246,0.189445,81.47,0.181,0.0,ETH-26JUN20-120-P,124.62,81.68,0.19,3.0,0.195,180.0,83.61,0.33276,-0.07453,-0.34068,0.00501,-0.34482
7273.51,BTC-27MAR20,1577444340539,open,3.68,0.0,3.583,3.7765,3.67536745,110.29,None,0.0,BTC-27MAR20-34000-P,7170.76,0.0,0.0015,10.0,0.0,0.0,0.0,0.59447,-0.36075,-84.56292,0.0,-0.99425
7187.09,SYN.BTC-10JAN20,1577444340538,open,0.02,51.9,0.0045,0.04,0.0142354,52.47,0.0145,0.0,BTC-10JAN20-7750-C,7170.76,50.44,0.013,15.0,0.0155,38.0,54.5,4.41836,-8.35334,0.63422,0.00043,0.24636
7242.49,SYN.BTC-28FEB20,1577444340537,open,0.2,0.0,0.1775,0.234,0.20408961,62.84,None,0.0,BTC-28FEB20-6000-C,7170.76,34.81,0.1775,6.0,0.229,6.0,83.18,8.34166,-4.16834,7.47083,0.00015,0.8029
7242.49,SYN.BTC-28FEB20,1577444340537,open,0.09,0.8,0.0575,0.1185,0.08503823,60.59,0.086,0.0,BTC-28FEB20-7500-C,7170.76,58.76,0.082,23.0,0.0875,14.4,62.08,11.991,-5.77758,5.11144,0.00022,0.49474
7242.49,SYN.BTC-28FEB20,1577444340537,open,0.02,15.0,0.0065,0.04,0.01836697,65.57,0.0225,0.0,BTC-28FEB20-10000-C,7170.76,64.65,0.0175,26.9,0.019,24.0,66.23,6.91446,-3.60535,1.60477,0.00012,0.147
7242.49,SYN.BTC-28FEB20,1577444340537,open,0.01,31.1,0.0015,0.029,0.01116226,68.86,0.0115,0.0,BTC-28FEB20-11000-C,7170.76,67.89,0.0105,25.3,0.0115,24.0,69.35,5.0224,-2.75033,1.02759,8e-05,0.09353
7273.51,BTC-27MAR20,1577444340541,open,3.13,0.0,3.044,3.2175,3.12616302,109.49,None,0.0,BTC-27MAR20-30000-P,7170.76,0.0,0.0015,10.0,0.0,0.0,0.0,0.98082,-0.59088,-74.53745,1e-05,-0.98984
7187.09,SYN.BTC-10JAN20,1577444340538,open,0.04,40.3,0.022,0.068,0.03637577,51.99,0.036,0.0,BTC-10JAN20-7250-C,7170.76,51.51,0.036,9.0,0.037,2.0,52.8,5.58694,-10.46746,1.22827,0.00055,0.48593
7242.49,SYN.BTC-28FEB20,1577444340537,open,0.4,0.0,0.3635,0.442,0.39910072,65.56,None,0.0,BTC-28FEB20-10000-P,7170.76,0.0,0.0,0.0,0.0,0.0,0.0,6.91344,-3.60444,-15.62176,0.00012,-0.85304
7242.49,SYN.BTC-28FEB20,1577444340537,open,0.09,8.0,0.055,0.1175,0.08244741,60.53,0.083,0.0,BTC-28FEB20-7000-P,7170.76,59.31,0.0805,15.0,0.0845,19.3,61.81,11.58995,-5.57895,-5.98139,0.00021,-0.39698
7242.49,SYN.BTC-28FEB20,1577444340537,open,0.03,21.1,0.01,0.0485,0.02432382,64.12,0.025,0.0,BTC-28FEB20-9500-C,7170.76,63.38,0.0235,14.2,0.025,19.3,64.72,8.09545,-4.12775,2.03797,0.00014,0.18767
7242.49,SYN.BTC-28FEB20,1577444340537,open,0.34,0.0,0.3005,0.3785,0.33602088,64.11,None,0.0,BTC-28FEB20-9500-P,7170.76,0.0,0.0,0.0,0.0,0.0,0.0,8.09473,-4.12702,-14.32719,0.00014,-0.81235
7242.49,SYN.BTC-28FEB20,1577444340537,open,0.53,0.0,0.494,0.573,0.52996937,68.85,None,0.0,BTC-28FEB20-11000-P,7170.76,0.0,0.0,0.0,0.0,0.0,0.0,5.02078,-2.74902,-17.92167,8e-05,-0.90651
7187.09,SYN.BTC-10JAN20,1577444340538,open,0.01,23.8,0.0005,0.03,0.00881407,53.74,0.009,0.0,BTC-10JAN20-8000-C,7170.76,52.04,0.008,15.0,0.0095,24.0,55.14,3.49182,-6.76244,0.4294,0.00033,0.16598
7242.49,SYN.BTC-28FEB20,1577444340537,open,0.17,0.0,0.132,0.2065,0.16620293,60.92,None,0.0,BTC-28FEB20-8000-P,7170.76,37.9,0.131,5.0,0.1985,5.0,80.81,11.57219,-5.60643,-9.62478,0.00021,-0.60526
7187.09,SYN.BTC-10JAN20,1577444340538,open,0.02,56.4,0.0075,0.043,0.01712752,53.71,0.0175,0.0,BTC-10JAN20-6750-P,7170.76,52.71,0.0165,24.0,0.018,5.0,55.09,4.52132,-8.75012,-0.74993,0.00043,-0.25735
7533.71,SYN.BTC-25SEP20,1577444340538,open,1.71,1.0,1.628,1.8005,1.70455073,85.4,1.68,0.0,BTC-25SEP20-20000-P,7170.76,0.0,0.06,1.0,0.0,0.0,0.0,16.50026,-2.58186,-142.73686,5e-05,-0.82973
7187.09,SYN.BTC-10JAN20,1577444340538,open,0.0,25.6,0.0005,0.0125,0.00299179,72.02,0.003,0.0,BTC-10JAN20-5750-P,7170.76,69.39,0.0025,0.1,0.0035,42.9,74.5,1.41192,-3.664,-0.14085,0.0001,-0.04856
7187.09,SYN.BTC-10JAN20,1577444340538,open,0.01,2.7,0.0005,0.022,0.00575114,56.0,0.006,0.0,BTC-10JAN20-8250-C,7170.76,53.94,0.005,15.0,0.0065,30.0,57.95,2.69318,-5.43482,0.29415,0.00024,0.11341
7187.09,SYN.BTC-10JAN20,1577444340538,open,0.17,0.0,0.15,0.191,0.16954116,66.35,None,0.0,BTC-10JAN20-6000-C,7170.76,0.0,0.1515,7.0,0.186,7.0,108.04,1.92528,-4.60319,2.07192,0.00015,0.92787
7242.49,SYN.BTC-28FEB20,1577444340538,open,0.22,0.0,0.183,0.26,0.21848413,61.8,None,0.0,BTC-28FEB20-8500-P,7170.76,0.0,0.0,0.0,0.0,0.0,0.0,10.60449,-5.21166,-11.33459,0.00019,-0.69002
7242.49,SYN.BTC-28FEB20,1577444340538,open,0.01,0.0,0.0015,0.0265,0.0113204,69.71,None,0.0,BTC-28FEB20-5000-P,7170.76,68.32,0.0105,28.0,0.012,58.0,70.83,4.34252,-2.40722,-1.10227,7e-05,-0.07703
7533.71,SYN.BTC-25SEP20,1577444340537,open,0.05,4.6,0.022,0.098,0.04981803,85.4,0.055,0.0,BTC-25SEP20-20000-C,7170.76,84.33,0.0475,5.0,0.052,0.1,86.38,16.50078,-2.58199,6.78433,5e-05,0.17027
7242.49,SYN.BTC-28FEB20,1577444340537,open,0.28,0.0,0.2395,0.317,0.27505795,62.53,None,0.0,BTC-28FEB20-9000-P,7170.76,0.0,0.0,0.0,0.0,0.0,0.0,9.33744,-4.64289,-12.91773,0.00017,-0.76034
7242.49,SYN.BTC-28FEB20,1577444340537,open,0.16,0.5,0.126,0.187,0.15470525,60.54,0.1685,0.0,BTC-28FEB20-6500-C,7170.76,58.98,0.1525,6.0,0.159,13.5,63.55,10.27387,-4.94571,6.9396,0.00019,0.71094
7242.49,SYN.BTC-28FEB20,1577444340538,open,0.06,5.2,0.03,0.082,0.05218218,60.53,0.054,0.0,BTC-28FEB20-6500-P,7170.76,59.7,0.051,15.4,0.0525,0.5,60.76,10.27379,-4.94542,-4.25732,0.00019,-0.28906
7533.71,SYN.BTC-25SEP20,1577444340538,open,0.09,0.0,0.0535,0.151,0.09359861,80.54,None,0.0,BTC-25SEP20-14000-C,7170.76,78.81,0.0885,14.0,0.0985,18.5,82.17,22.44073,-3.31161,11.28792,7e-05,0.29402
7187.09,SYN.BTC-10JAN20,1577444340538,open,0.16,0.0,0.129,0.1855,0.15363272,55.98,None,0.0,BTC-10JAN20-8250-P,7170.76,0.0,0.0,0.0,0.0,0.0,0.0,2.6911,-5.42798,-2.84244,0.00024,-0.88671
7242.49,SYN.BTC-28FEB20,1577444340538,open,0.03,14.7,0.015,0.0595,0.03239758,62.53,0.0325,0.0,BTC-28FEB20-9000-C,7170.76,61.83,0.0315,15.4,0.033,20.0,63.0,9.33792,-4.64347,2.58607,0.00017,0.23968
7187.09,SYN.BTC-10JAN20,1577444340538,open,0.14,0.0,0.116,0.1595,0.13692495,60.98,None,0.0,BTC-10JAN20-6250-C,7170.76,0.0,0.117,7.0,0.154,7.0,97.16,2.60964,-5.7348,2.06157,0.00022,0.89147
7187.09,SYN.BTC-10JAN20,1577444340538,open,0.01,64.2,0.0005,0.0155,0.00436413,66.32,0.0045,0.0,BTC-10JAN20-6000-P,7170.76,62.92,0.0035,67.2,0.005,2.5,68.62,1.92372,-4.59754,-0.20878,0.00015,-0.07205
7187.09,SYN.BTC-10JAN20,1577444340538,open,0.06,7.3,0.037,0.0865,0.05501117,53.01,0.052,0.0,BTC-10JAN20-7000-C,7170.76,49.62,0.0525,18.0,0.057,43.3,55.69,5.3333,-10.18773,1.54511,0.00051,0.62053
7187.09,SYN.BTC-10JAN20,1577444340538,open,0.0,9.6,0.0005,0.0135,0.00326376,63.55,0.0035,0.0,BTC-10JAN20-8750-C,7170.76,62.44,0.003,4.1,0.0035,30.0,64.5,1.74474,-3.9954,0.16457,0.00014,0.0635
7242.49,SYN.BTC-28FEB20,1577444340537,open,0.06,24.6,0.037,0.0935,0.06161593,60.93,0.06,0.0,BTC-28FEB20-8000-C,7170.76,59.29,0.059,36.9,0.064,19.3,62.42,11.57228,-5.60677,4.15626,0.00021,0.39475
7242.49,SYN.BTC-28FEB20,1577444340538,open,0.12,2.0,0.089,0.159,0.12058854,60.59,0.119,0.0,BTC-28FEB20-7500-P,7170.76,59.63,0.119,14.8,0.123,14.4,62.04,11.99099,-5.77729,-7.80823,0.00022,-0.50527
7187.09,SYN.BTC-10JAN20,1577444340538,open,0.11,0.0,0.085,0.132,0.10645144,57.66,None,0.0,BTC-10JAN20-6500-C,7170.76,0.0,0.083,7.0,0.1085,17.4,61.69,3.56025,-7.39764,1.97398,0.00031,0.82894
7242.49,SYN.BTC-28FEB20,1577444340538,open,0.05,15.6,0.0235,0.0745,0.04486045,61.81,0.044,0.0,BTC-28FEB20-8500-C,7170.76,60.53,0.043,14.2,0.0465,19.3,62.92,10.60474,-5.21211,3.30783,0.00019,0.30999
7187.09,SYN.BTC-10JAN20,1577444340538,open,0.1,0.0,0.071,0.128,0.0925484,52.45,None,0.0,BTC-10JAN20-7750-P,7170.76,0.0,0.0645,6.0,0.12,6.0,92.17,4.41765,-8.34952,-2.31216,0.00043,-0.75371
7533.71,SYN.BTC-25SEP20,1577444340537,open,0.06,0.0,0.0295,0.1125,0.06097959,84.26,None,0.0,BTC-25SEP20-18000-C,7170.76,82.61,0.057,14.0,0.0645,9.9,85.68,18.3951,-2.84,7.99382,5e-05,0.20291
7242.49,SYN.BTC-28FEB20,1577444340537,open,0.26,0.0,0.2365,0.2865,0.25966955,65.4,None,0.0,BTC-28FEB20-5500-C,7170.76,0.0,0.2375,6.0,0.2835,6.0,89.69,6.19273,-3.22057,7.67515,0.0001,0.87486
7187.09,SYN.BTC-10JAN20,1577444340538,open,0.2,0.3,0.1845,0.2235,0.20295311,72.05,0.203,0.0,BTC-10JAN20-5750-C,7170.76,0.0,0.187,7.0,0.22,7.0,122.46,1.4137,-3.67046,2.04482,0.0001,0.95136
7187.09,SYN.BTC-10JAN20,1577444340538,open,0.05,44.0,0.0285,0.0795,0.04512019,51.98,0.045,0.0,BTC-10JAN20-7250-P,7170.76,50.54,0.044,2.2,0.046,11.0,53.11,5.58693,-10.46514,-1.52787,0.00055,-0.51408
7187.09,SYN.BTC-10JAN20,1577444340538,open,0.08,1.4,0.058,0.108,0.07795168,53.72,0.0795,0.0,BTC-10JAN20-6750-C,7170.76,0.0,0.053,7.0,0.0805,17.1,57.72,4.52172,-8.75304,1.81598,0.00043,0.74261
7210.83,SYN.BTC-31JAN20,1577444340539,open,0.08,203.7,0.058,0.11,0.08224785,54.89,0.091,0.0,BTC-31JAN20-7000-C,7170.76,53.0,0.08,14.4,0.084,1.3,56.36,8.59728,-6.76505,3.58427,0.00032,0.60247
7187.09,SYN.BTC-10JAN20,1577444340538,open,0.07,2.6,0.047,0.1025,0.06665796,51.98,0.065,0.0,BTC-10JAN20-7500-P,7170.76,48.3,0.064,18.0,0.067,0.2,52.45,5.2209,-9.77906,-1.94233,0.00051,-0.64424
7242.49,SYN.BTC-28FEB20,1577444340538,open,0.03,25.9,0.016,0.0575,0.03252986,62.83,0.0325,0.0,BTC-28FEB20-6000-P,7170.76,61.5,0.031,14.6,0.034,19.3,64.1,8.34143,-4.16799,-2.86474,0.00015,-0.19709
7187.09,SYN.BTC-10JAN20,1577444340538,open,0.12,0.0,0.0985,0.1555,0.12191136,53.72,None,0.0,BTC-10JAN20-8000-P,7170.76,0.0,0.0955,5.0,0.149,5.0,97.65,3.49045,-6.75722,-2.61209,0.00033,-0.83412
7533.71,SYN.BTC-25SEP20,1577444340537,open,0.12,0.1,0.077,0.1815,0.12130823,78.48,0.13,0.0,BTC-25SEP20-12000-C,7170.76,76.53,0.115,5.0,0.1275,18.2,80.38,24.47058,-3.51886,13.69067,7e-05,0.36439
7187.09,SYN.BTC-10JAN20,1577444340538,open,0.22,0.0,0.1945,0.2505,0.22071392,63.51,None,0.0,BTC-10JAN20-8750-P,7170.76,0.0,0.0,0.0,0.0,0.0,0.0,1.74166,-3.98555,-3.16216,0.00014,-0.93665
7187.09,SYN.BTC-10JAN20,1577444340538,open,0.03,171.0,0.0155,0.0595,0.0289713,53.0,0.028,0.0,BTC-10JAN20-7000-P,7170.76,51.69,0.028,12.8,0.03,11.0,54.38,5.33322,-10.18536,-1.11591,0.00051,-0.37945
7187.09,SYN.BTC-10JAN20,1577444340538,open,0.02,41.8,0.012,0.0525,0.02312925,51.99,0.022,0.0,BTC-10JAN20-7500-C,7170.76,49.74,0.0215,15.0,0.0245,36.0,53.87,5.22112,-9.78188,0.90893,0.00051,0.3558
7187.09,SYN.BTC-10JAN20,1577444340538,open,0.0,33.3,0.0005,0.0155,0.00383458,58.35,0.0045,0.0,BTC-10JAN20-8500-C,7170.76,55.23,0.003,63.0,0.0045,30.0,60.59,2.04577,-4.30123,0.20292,0.00018,0.0781
7187.09,SYN.BTC-10JAN20,1577444340538,open,0.19,0.0,0.161,0.2165,0.18650045,58.31,None,0.0,BTC-10JAN20-8500-P,7170.76,0.0,0.0,0.0,0.0,0.0,0.0,2.04297,-4.29262,-3.02876,0.00018,-0.92204
7242.49,SYN.BTC-28FEB20,1577444340538,open,0.32,0.0,0.3015,0.344,0.32095353,69.71,None,0.0,BTC-28FEB20-5000-C,7170.76,0.0,0.303,6.0,0.341,6.0,96.33,4.34308,-2.40772,7.51064,7e-05,0.92296
7533.71,SYN.BTC-25SEP20,1577444340537,open,0.72,0.0,0.647,0.7965,0.71414785,78.48,None,0.0,BTC-25SEP20-12000-P,7170.76,0.0,0.02,1.0,0.705,1.0,75.64,24.4705,-3.51881,-76.02196,7e-05,-0.63562
7242.49,SYN.BTC-28FEB20,1577444340537,open,0.02,15.2,0.0075,0.039,0.01907311,65.39,0.0225,0.0,BTC-28FEB20-5500-P,7170.76,64.13,0.018,42.3,0.02,2.5,66.47,6.19233,-3.22015,-1.79908,0.0001,-0.12513
7422.05,BTC-26JUN20,1577444340562,open,0.25,169.2,0.2045,0.3135,0.25364421,73.46,0.257,0.0,BTC-26JUN20-8000-P,7170.76,71.98,0.2495,5.0,0.263,6.0,76.81,20.76441,-4.19338,-26.18414,0.0001,-0.45435
125.93,ETH-27MAR20,1577444341346,open,0.01,0.0,0.006,0.035,0.016932,93.46,None,0.0,ETH-27MAR20-70-P,124.62,88.79,0.014,240.0,0.02,240.0,97.99,0.08231,-0.04232,-0.02656,0.00223,-0.06779
125.93,ETH-27MAR20,1577444341346,open,0.33,0.0,0.292,0.364,0.328124,84.73,None,0.0,ETH-27MAR20-90-C,124.62,0.0,0.0,0.0,0.0,0.0,0.0,0.15114,-0.07045,0.16136,0.00452,0.84278
125.93,ETH-27MAR20,1577444341346,open,0.46,0.0,0.435,0.488,0.461156,93.59,None,0.0,ETH-27MAR20-70-C,124.62,0.0,0.0,0.0,0.0,0.0,0.0,0.08249,-0.04248,0.14763,0.00223,0.93201
125.93,ETH-27MAR20,1577444341346,open,0.22,0.0,0.177,0.263,0.221427,80.98,None,0.0,ETH-27MAR20-110-C,124.62,76.08,0.213,189.0,0.227,144.0,84.21,0.21705,-0.09671,0.15139,0.00679,0.70428
124.82,SYN.ETH-10JAN20,1577444341610,open,0.04,141.0,0.012,0.062,0.034788,66.77,0.03,0.0,ETH-10JAN20-130-C,124.62,60.39,0.03,508.0,0.036,240.0,68.38,0.09417,-0.22658,0.01744,0.02381,0.40237
124.82,SYN.ETH-10JAN20,1577444341610,open,0.21,0.0,0.17,0.25,0.208147,70.75,None,0.0,ETH-10JAN20-150-P,124.62,0.0,0.01,10.0,0.0,0.0,0.0,0.04372,-0.11147,-0.05243,0.01043,-0.89673
124.82,SYN.ETH-10JAN20,1577444341610,open,0.04,12.0,0.012,0.062,0.03378,66.61,0.037,0.0,ETH-10JAN20-120-P,124.62,66.91,0.034,120.0,0.036,650.0,69.66,0.09073,-0.21776,-0.01851,0.023,-0.35637
124.82,SYN.ETH-10JAN20,1577444341610,open,0.13,0.0,0.101,0.165,0.133879,75.91,None,0.0,ETH-10JAN20-110-C,124.62,63.44,0.128,60.0,0.135,60.0,78.11,0.06312,-0.17268,0.03271,0.01404,0.82328
124.82,SYN.ETH-10JAN20,1577444341610,open,0.28,0.0,0.258,0.309,0.283093,105.45,None,0.0,ETH-10JAN20-90-C,124.62,0.0,0.0,0.0,0.0,0.0,0.0,0.02314,-0.08793,0.03187,0.00371,0.95482
124.82,SYN.ETH-10JAN20,1577444341610,open,0.01,101.0,0.001,0.021,0.00661,71.3,0.006,0.0,ETH-10JAN20-150-C,124.62,69.54,0.006,650.0,0.007,987.0,72.38,0.04432,-0.11385,0.00468,0.01049,0.10521
124.82,SYN.ETH-10JAN20,1577444341610,open,0.21,0.0,0.177,0.235,0.206434,89.62,None,0.0,ETH-10JAN20-100-C,124.62,0.0,0.0,0.0,0.0,0.0,0.0,0.03871,-0.12502,0.0335,0.00729,0.91247
124.82,SYN.ETH-10JAN20,1577444341610,open,0.14,224.0,0.098,0.175,0.135726,66.43,0.137,0.0,ETH-10JAN20-140-P,124.62,65.11,0.135,60.0,0.142,710.0,77.13,0.06929,-0.16586,-0.04413,0.01761,-0.79429
124.82,SYN.ETH-10JAN20,1577444341613,open,0.0,200.0,0.001,0.014,0.003533,77.29,0.003,0.0,ETH-10JAN20-160-C,124.62,74.82,0.003,650.0,0.004,301.0,79.29,0.0282,-0.07855,0.00258,0.00616,0.05793
124.82,SYN.ETH-10JAN20,1577444341613,open,0.29,0.0,0.246,0.329,0.285173,76.37,None,0.0,ETH-10JAN20-160-P,124.62,0.0,0.0,0.0,0.0,0.0,0.0,0.02729,-0.0751,-0.05835,0.00603,-0.94444
129.86,SYN.ETH-25SEP20,1577444341761,open,0.09,0.0,0.053,0.162,0.103103,93.46,None,0.0,ETH-25SEP20-280-C,124.62,91.38,0.097,454.0,0.11,518.0,95.76,0.38576,-0.06606,0.18366,0.00327,0.29227
129.86,SYN.ETH-25SEP20,1577444341761,open,0.05,40.0,0.021,0.103,0.054556,100.6,0.061,0.0,ETH-25SEP20-440-C,124.62,98.44,0.05,527.0,0.059,378.0,102.62,0.28037,-0.05168,0.10869,0.00221,0.16651
129.86,SYN.ETH-25SEP20,1577444341761,open,2.14,0.0,2.02,2.279,2.142077,98.85,None,0.0,ETH-25SEP20-400-P,124.62,0.0,0.0,0.0,0.0,0.0,0.0,0.30177,-0.05466,-2.86896,0.00242,-0.81296
129.86,SYN.ETH-25SEP20,1577444341761,open,0.04,50.0,0.018,0.096,0.04895,102.35,0.056,0.0,ETH-25SEP20-480-C,124.62,100.36,0.045,374.0,0.053,368.0,104.32,0.26228,-0.04919,0.0985,0.00203,0.15041
129.86,SYN.ETH-25SEP20,1577444341761,open,0.05,0.0,0.025,0.114,0.062412,99.06,None,0.0,ETH-25SEP20-400-C,124.62,96.69,0.057,563.0,0.068,467.0,101.41,0.30274,-0.05495,0.12195,0.00242,0.18802
129.86,SYN.ETH-25SEP20,1577444341761,open,2.44,0.0,2.314,2.587,2.442187,100.35,None,0.0,ETH-25SEP20-440-P,124.62,0.0,0.0,0.0,0.0,0.0,0.0,0.27915,-0.05133,-3.18135,0.00221,-0.83461
129.86,SYN.ETH-25SEP20,1577444341761,open,1.54,0.0,1.44,1.67,1.549601,95.51,None,0.0,ETH-25SEP20-320-P,124.62,0.0,0.0,0.0,0.0,0.0,0.0,0.3557,-0.06225,-2.23404,0.00295,-0.75147
129.86,SYN.ETH-25SEP20,1577444341761,open,0.07,4.0,0.041,0.142,0.08587,95.65,0.073,0.0,ETH-25SEP20-320-C,124.62,93.49,0.08,414.0,0.092,569.0,97.86,0.35624,-0.06244,0.1586,0.00295,0.24923
129.86,SYN.ETH-25SEP20,1577444341761,open,0.06,0.0,0.032,0.126,0.072567,97.43,None,0.0,ETH-25SEP20-360-C,124.62,95.19,0.067,460.0,0.078,388.0,99.55,0.3281,-0.05857,0.1383,0.00267,0.21502
129.86,SYN.ETH-25SEP20,1577444341761,open,1.25,0.0,1.155,1.371,1.258868,93.34,None,0.0,ETH-25SEP20-280-P,124.62,0.0,0.0,0.0,0.0,0.0,0.0,0.38541,-0.06592,-1.90986,0.00327,-0.70829
129.86,SYN.ETH-25SEP20,1577444341761,open,0.97,0.0,0.878,1.079,0.975429,91.05,None,0.0,ETH-25SEP20-240-P,124.62,0.0,0.0,0.0,0.0,0.0,0.0,0.41572,-0.06936,-1.57849,0.00362,-0.65043
129.86,SYN.ETH-25SEP20,1577444341763,open,0.12,1.0,0.073,0.189,0.127631,91.14,0.137,0.0,ETH-25SEP20-240-C,124.62,89.06,0.121,461.0,0.135,110.0,93.43,0.41591,-0.06946,0.2159,0.00362,0.35
129.86,SYN.ETH-25SEP20,1577444341763,open,2.75,0.0,2.609,2.897,2.744547,102.07,None,0.0,ETH-25SEP20-480-P,124.62,0.0,0.0,0.0,0.0,0.0,0.0,0.26081,-0.04878,-3.49066,0.00203,-0.85085
129.86,SYN.ETH-25SEP20,1577444341763,open,1.84,0.0,1.729,1.973,1.844265,97.26,None,0.0,ETH-25SEP20-360-P,124.62,0.0,0.0,0.0,0.0,0.0,0.0,0.32736,-0.05834,-2.55347,0.00267,-0.78582
127.95,ETH-26JUN20,1577444342091,open,0.02,667.0,0.007,0.055,0.023542,103.01,0.027,0.0,ETH-26JUN20-440-C,124.62,100.74,0.021,532.0,0.026,770.0,105.08,0.14778,-0.04185,0.04296,0.00176,0.09092
127.95,ETH-26JUN20,1577444342096,open,0.02,287.0,0.004,0.042,0.016024,109.03,0.02,0.0,ETH-26JUN20-560-C,124.62,106.6,0.014,538.0,0.018,770.0,111.22,0.11119,-0.03333,0.02968,0.00125,0.06258
125.93,ETH-27MAR20,1577444342099,open,0.35,4564.0,0.291,0.414,0.350888,82.83,0.375,0.0,ETH-27MAR20-160-P,124.62,71.31,0.33,325.0,0.397,25.0,106.91,0.23386,-0.10658,-0.31234,0.00715,-0.6453
124.72,SYN.ETH-3JAN20,1577444342101,open,0.13,1.0,0.094,0.154,0.124169,78.76,0.15,0.0,ETH-3JAN20-110-C,124.62,51.29,0.119,60.0,0.126,60.0,85.4,0.03261,-0.18678,0.01794,0.01413,0.88797
125.93,ETH-27MAR20,1577444342156,open,0.03,1037.0,0.011,0.051,0.02742,88.53,0.028,0.0,ETH-27MAR20-80-P,124.62,86.96,0.026,320.0,0.03,560.0,91.31,0.11506,-0.05605,-0.04184,0.00329,-0.10602
125.12,SYN.ETH-31JAN20,1577444342156,open,0.17,441.0,0.122,0.208,0.163595,70.79,0.17,0.0,ETH-31JAN20-140-P,124.62,69.38,0.162,144.0,0.167,650.0,73.77,0.14221,-0.14432,-0.09809,0.01343,-0.6569
127.95,ETH-26JUN20,1577444342162,open,0.13,2383.0,0.076,0.179,0.125421,85.79,0.138,0.0,ETH-26JUN20-180-C,124.62,84.16,0.121,279.0,0.13,468.0,87.47,0.34827,-0.08214,0.17323,0.00498,0.39712
127.95,ETH-26JUN20,1577444342162,open,0.07,545.0,0.033,0.118,0.071191,89.84,0.082,0.0,ETH-26JUN20-240-C,124.62,87.95,0.067,958.0,0.075,140.0,91.52,0.28695,-0.07087,0.11394,0.00392,0.2499
127.95,ETH-26JUN20,1577444342162,open,4.02,0.0,3.861,4.187,4.014863,112.14,None,0.0,ETH-26JUN20-640-P,124.62,0.0,0.011,1.0,0.0,0.0,0.0,0.09424,-0.02905,-3.16494,0.00103,-0.94927
127.95,ETH-26JUN20,1577444342162,open,3.4,0.0,3.254,3.548,3.392057,108.24,None,0.0,ETH-26JUN20-560-P,124.62,0.0,0.01,50.0,0.0,0.0,0.0,0.10836,-0.03224,-2.7616,0.00123,-0.93945
125.93,ETH-27MAR20,1577444342162,open,2.5,0.0,2.394,2.619,2.500513,118.24,None,0.0,ETH-27MAR20-440-P,124.62,0.0,0.003,50.0,0.0,0.0,0.0,0.04736,-0.03081,-1.08688,0.00101,-0.96604
127.95,ETH-26JUN20,1577444342164,open,0.01,626.0,0.003,0.036,0.012909,112.14,0.015,0.0,ETH-26JUN20-640-C,124.62,109.42,0.011,532.0,0.015,1070.0,114.85,0.09424,-0.02905,0.02411,0.00103,0.05073
127.95,ETH-26JUN20,1577444342164,open,0.09,803.0,0.043,0.134,0.084521,88.41,0.092,0.0,ETH-26JUN20-220-C,124.62,86.52,0.08,891.0,0.089,140.0,90.25,0.30865,-0.07502,0.13034,0.00428,0.28896
124.72,SYN.ETH-3JAN20,1577444342164,open,0.06,952.0,0.029,0.094,0.06003,62.34,0.06,0.0,ETH-3JAN20-130-P,124.62,58.22,0.058,180.0,0.064,650.0,70.23,0.06194,-0.2808,-0.01717,0.03391,-0.67071
125.93,ETH-27MAR20,1577444342168,open,0.18,118.0,0.134,0.222,0.178752,79.8,0.19,0.0,ETH-27MAR20-120-C,124.62,75.7,0.171,191.0,0.186,144.0,83.64,0.23815,-0.10456,0.1401,0.00756,0.6256
125.12,SYN.ETH-31JAN20,1577444342172,open,0.02,1455.0,0.005,0.04,0.018598,74.04,0.017,0.0,ETH-31JAN20-160-C,124.62,71.95,0.017,240.0,0.02,298.0,75.82,0.09733,-0.10331,0.01793,0.00879,0.16854
127.95,ETH-26JUN20,1577444342175,open,0.02,330.0,0.005,0.049,0.020023,104.77,0.025,0.0,ETH-26JUN20-480-C,124.62,102.75,0.018,550.0,0.022,121.0,106.64,0.13187,-0.03798,0.03704,0.00154,0.07811
127.95,ETH-26JUN20,1577444342175,open,0.01,308.0,0.003,0.038,0.014028,110.27,0.017,0.0,ETH-26JUN20-600-C,124.62,107.57,0.012,580.0,0.016,770.0,112.67,0.10081,-0.03056,0.02627,0.00112,0.05523
125.93,ETH-27MAR20,1577444342177,open,3.13,0.0,3.011,3.267,3.132786,120.0,None,0.0,ETH-27MAR20-520-P,124.62,0.0,0.006,50.0,0.0,0.0,0.0,0.02948,-0.01947,-1.28972,0.00062,-0.98073
125.93,ETH-27MAR20,1577444342177,open,3.45,0.0,3.319,3.592,3.449413,120.0,None,0.0,ETH-27MAR20-560-P,124.62,0.0,0.02,50.0,0.0,0.0,0.0,0.02265,-0.01495,-1.3906,0.00048,-0.98584
127.95,ETH-26JUN20,1577444342231,open,0.05,591.0,0.022,0.096,0.052977,92.83,0.061,0.0,ETH-26JUN20-280-C,124.62,91.27,0.05,579.0,0.056,197.0,94.37,0.24732,-0.06311,0.08916,0.00327,0.19282
127.95,ETH-26JUN20,1577444342233,open,0.04,334.0,0.015,0.079,0.040564,95.23,0.037,0.0,ETH-26JUN20-320-C,124.62,93.66,0.038,594.0,0.043,100.0,96.67,0.21251,-0.05563,0.07109,0.00274,0.15207
125.93,ETH-27MAR20,1577444342235,open,0.23,642.0,0.175,0.285,0.228787,80.06,0.239,0.0,ETH-27MAR20-140-P,124.62,77.65,0.224,144.0,0.233,649.0,82.18,0.25014,-0.11019,-0.23667,0.00791,-0.52606
127.95,ETH-26JUN20,1577444342236,open,0.43,0.0,0.394,0.469,0.432086,85.04,None,0.0,ETH-26JUN20-80-C,124.62,65.64,0.404,48.0,0.459,48.0,101.53,0.20057,-0.04689,0.27312,0.00289,0.86047
125.93,ETH-27MAR20,1577444342237,open,0.08,1328.0,0.043,0.122,0.08034,82.83,0.085,0.0,ETH-27MAR20-160-C,124.62,81.57,0.078,280.0,0.083,649.0,84.26,0.23386,-0.10658,0.08602,0.00715,0.3547
127.95,ETH-26JUN20,1577444342237,open,0.55,4.0,0.531,0.584,0.557018,92.15,0.563,0.0,ETH-26JUN20-60-C,124.62,59.3,0.535,52.0,0.568,52.0,103.21,0.11884,-0.03011,0.23896,0.00158,0.93181
127.95,ETH-26JUN20,1577444342237,open,0.06,1008.0,0.03,0.091,0.057233,84.98,0.054,0.0,ETH-26JUN20-80-P,124.62,82.9,0.054,743.0,0.06,200.0,86.73,0.20049,-0.04684,-0.1254,0.00289,-0.13945
125.93,ETH-27MAR20,1577444342237,open,0.48,1550.0,0.423,0.553,0.485594,85.27,0.495,0.0,ETH-27MAR20-180-P,124.62,66.03,0.457,300.0,1.402,1.0,500.0,0.20596,-0.09663,-0.38258,0.00612,-0.73462
127.95,ETH-26JUN20,1577444342239,open,0.41,833.0,0.334,0.479,0.405525,84.05,0.354,0.0,ETH-26JUN20-160-P,124.62,76.0,0.383,180.0,0.428,180.0,92.05,0.35917,-0.08299,-0.59767,0.00524,-0.53191
125.93,ETH-27MAR20,1577444342239,open,0.13,1687.0,0.087,0.179,0.131663,79.8,0.131,0.0,ETH-27MAR20-120-P,124.62,78.39,0.129,572.0,0.135,650.0,81.57,0.23815,-0.10456,-0.15867,0.00756,-0.3744
124.72,SYN.ETH-3JAN20,1577444342241,open,0.13,136.0,0.092,0.165,0.127063,65.79,0.128,0.0,ETH-3JAN20-140-P,124.62,61.38,0.126,60.0,0.133,710.0,85.02,0.03186,-0.15242,-0.02393,0.01653,-0.89156
127.95,ETH-26JUN20,1577444342243,open,0.29,1336.0,0.226,0.357,0.290168,82.65,0.286,0.0,ETH-26JUN20-140-P,124.62,80.8,0.285,519.0,0.295,180.0,84.39,0.35693,-0.0811,-0.46893,0.00529,-0.44533
124.72,SYN.ETH-3JAN20,1577444342243,open,0.06,1056.0,0.026,0.085,0.055957,62.79,0.057,0.0,ETH-3JAN20-120-C,124.62,54.51,0.052,180.0,0.059,237.0,69.0,0.06054,-0.27644,0.01485,0.03291,0.68818
125.12,SYN.ETH-31JAN20,1577444342245,open,0.11,308.0,0.073,0.142,0.108008,71.34,0.115,0.0,ETH-31JAN20-120-C,124.62,66.24,0.102,144.0,0.107,48.0,70.49,0.14752,-0.15088,0.06095,0.01382,0.61784
7422.17,BTC-26JUN20,1577444342579,open,0.02,24.9,0.006,0.05,0.01964727,90.8,0.021,0.0,BTC-26JUN20-22000-C,7170.76,89.74,0.0185,15.0,0.021,10.6,92.02,8.1247,-2.02814,2.40256,3e-05,0.08461
7422.17,BTC-26JUN20,1577444342579,open,0.13,190.9,0.094,0.187,0.1352147,73.51,0.1385,0.0,BTC-26JUN20-9000-C,7170.76,72.36,0.132,12.3,0.137,10.2,74.14,20.77092,-4.19731,11.84143,0.0001,0.45539
7422.17,BTC-26JUN20,1577444342579,open,1.72,0.1,1.6515,1.8005,1.71791882,88.15,1.85,0.0,BTC-26JUN20-20000-P,7170.76,0.0,0.0,0.0,1.88,0.1,163.42,9.19069,-2.22724,-96.82314,4e-05,-0.90006
7273.51,BTC-27MAR20,1577444342579,open,2.86,0.0,2.775,2.9375,2.85183508,109.18,None,0.0,BTC-27MAR20-28000-P,7170.76,0.0,0.0015,10.0,0.0,0.0,0.0,1.28232,-0.77034,-69.50299,1e-05,-0.98616
7273.51,BTC-27MAR20,1577444342581,open,0.94,59.0,0.8925,0.995,0.93852868,82.99,0.877,0.0,BTC-27MAR20-14000-P,7170.76,0.0,0.4,0.5,0.9895,0.5,125.8,5.63187,-2.57164,-33.57157,5e-05,-0.91531
7273.51,BTC-27MAR20,1577444342581,open,2.58,0.0,2.5055,2.658,2.57736289,106.84,None,0.0,BTC-27MAR20-26000-P,7170.76,0.0,0.0015,10.0,0.0,0.0,0.0,1.52045,-0.89375,-64.47754,1e-05,-0.98313
7210.19,SYN.BTC-31JAN20,1577444342581,open,0.0,99.7,0.0005,0.012,0.00229455,74.56,0.003,0.0,BTC-31JAN20-11500-C,7170.76,70.01,0.0015,57.0,0.003,39.0,77.81,1.43369,-1.53251,0.17737,4e-05,0.02804
7210.19,SYN.BTC-31JAN20,1577444342581,open,0.18,52.5,0.161,0.209,0.18355619,62.01,0.183,0.0,BTC-31JAN20-6000-C,7170.76,0.0,0.1605,7.0,0.2075,7.0,91.24,5.10007,-4.53424,4.61987,0.00017,0.85414
7210.19,SYN.BTC-31JAN20,1577444342581,open,0.03,358.6,0.0145,0.0545,0.03077283,56.1,0.031,0.0,BTC-31JAN20-8000-C,7170.76,55.38,0.03,0.6,0.0315,23.0,56.77,7.79613,-6.26987,1.88276,0.00028,0.30406
7273.51,BTC-27MAR20,1577444342583,open,0.0,73.2,0.0005,0.012,0.00225041,109.19,0.0025,0.0,BTC-27MAR20-28000-C,7170.76,104.3,0.0015,74.0,0.003,54.9,113.02,1.28273,-0.77062,0.20995,1e-05,0.01384
7273.51,BTC-27MAR20,1577444342583,open,0.23,25.4,0.1985,0.264,0.22874781,67.52,0.235,0.0,BTC-27MAR20-6000-C,7170.76,59.26,0.2165,16.0,0.249,9.0,80.58,11.01282,-4.09129,9.80666,0.00012,0.77028
7422.17,BTC-26JUN20,1577444342583,open,0.94,13.4,0.8765,1.008,0.93491971,79.61,1.1,0.0,BTC-26JUN20-14000-P,7170.76,0.0,0.5,3.0,1.35,0.1,236.55,14.58521,-3.19193,-64.23326,7e-05,-0.80187
7273.51,BTC-27MAR20,1577444342589,open,0.01,509.2,0.0005,0.02,0.00547957,97.72,0.005,0.0,BTC-27MAR20-20000-C,7170.76,96.39,0.005,0.1,0.006,41.1,99.08,2.71012,-1.4571,0.50877,2e-05,0.03357
7210.19,SYN.BTC-31JAN20,1577444342589,open,0.01,369.9,0.0005,0.0145,0.00462101,74.76,0.0045,0.0,BTC-31JAN20-5000-P,7170.76,72.54,0.004,15.0,0.005,24.0,76.04,2.0976,-2.24822,-0.33913,6e-05,-0.0446
7422.17,BTC-26JUN20,1577444342591,open,3.06,0.0,2.9665,3.1565,3.05351515,99.22,None,0.0,BTC-26JUN20-30000-P,7170.76,0.0,0.002,1.0,0.0,0.0,0.0,5.41061,-1.47582,-148.06258,2e-05,-0.94992
7210.19,SYN.BTC-31JAN20,1577444342591,open,0.53,0.0,0.4965,0.5655,0.52862942,71.88,None,0.0,BTC-31JAN20-11000-P,7170.76,0.0,0.0015,10.0,0.0,0.0,0.0,1.79173,-1.84647,-10.27816,5e-05,-0.96327
7178.53,SYN.BTC-3JAN20,1577444342591,open,0.19,0.0,0.161,0.2125,0.18523293,65.58,None,0.0,BTC-3JAN20-8500-P,7170.76,0.0,0.0,0.0,0.0,0.0,0.0,0.73349,-3.49787,-1.55751,0.00012,-0.96655
7210.19,SYN.BTC-31JAN20,1577444342591,open,0.6,0.0,0.5645,0.6345,0.59711728,73.83,None,0.0,BTC-31JAN20-11500-P,7170.76,0.0,0.0015,10.0,0.0,0.0,0.0,1.37687,-1.45743,-10.81903,4e-05,-0.97329
7210.19,SYN.BTC-31JAN20,1577444342591,open,0.31,7.4,0.2945,0.3305,0.31121982,74.97,0.329,0.0,BTC-31JAN20-5000-C,7170.76,0.0,0.296,8.0,0.327,8.0,110.54,2.11235,-2.27042,4.43525,6e-05,0.95501
7422.17,BTC-26JUN20,1577444342594,open,1.2,5.0,1.1315,1.268,1.19233682,82.7,1.22,0.0,BTC-26JUN20-16000-P,7170.76,0.0,0.56,1.0,2.0,0.1,455.21,12.37458,-2.81337,-75.42481,5e-05,-0.84706
7422.17,BTC-26JUN20,1577444342594,open,0.01,69.9,0.004,0.041,0.01425053,94.85,0.015,0.0,BTC-26JUN20-26000-C,7170.76,93.36,0.013,36.0,0.0155,9.6,96.26,6.40942,-1.6713,1.7688,2e-05,0.06208
7273.51,BTC-27MAR20,1577444342594,open,0.0,115.2,0.0005,0.013,0.00274761,106.84,0.004,0.0,BTC-27MAR20-26000-C,7170.76,102.86,0.002,58.2,0.0035,54.5,110.14,1.52045,-0.89375,0.25583,1e-05,0.01687
7422.17,BTC-26JUN20,1577444342594,open,0.35,108.2,0.295,0.4115,0.34781768,73.51,0.3455,0.0,BTC-26JUN20-9000-P,7170.76,64.59,0.323,11.0,0.376,5.0,83.55,20.77106,-4.19774,-33.00447,0.0001,-0.54458
7422.17,BTC-26JUN20,1577444342596,open,0.01,91.7,0.002,0.036,0.01150519,99.13,0.012,0.0,BTC-26JUN20-30000-C,7170.76,98.42,0.011,1.0,0.012,8.0,99.8,5.39174,-1.46934,1.41861,2e-05,0.04986
7273.51,BTC-27MAR20,1577444342596,open,0.0,159.1,0.0005,0.0155,0.00349827,104.58,0.004,0.0,BTC-27MAR20-24000-C,7170.76,102.52,0.003,29.0,0.004,28.0,106.46,1.85614,-1.068,0.32302,1e-05,0.02134
7178.53,SYN.BTC-3JAN20,1577444342596,open,0.0,100.9,0.0005,0.011,0.00125273,66.58,0.001,0.0,BTC-3JAN20-8500-C,7170.76,64.08,0.001,10.0,0.0015,30.0,68.76,0.77326,-3.74412,0.04654,0.00012,0.03567
7178.53,SYN.BTC-3JAN20,1577444342596,open,0.0,153.6,0.0005,0.011,0.00134312,73.03,0.001,0.0,BTC-3JAN20-6000-P,7170.76,62.14,0.0005,75.4,0.002,57.0,78.81,0.72424,-3.84633,-0.04636,0.0001,-0.03294
7210.19,SYN.BTC-31JAN20,1577444342596,open,0.01,537.0,0.0005,0.0165,0.00516068,65.08,0.0045,0.0,BTC-31JAN20-10000-C,7170.76,63.31,0.0045,15.0,0.0055,24.0,65.95,2.77853,-2.59262,0.40261,9e-05,0.0636
7210.19,SYN.BTC-31JAN20,1577444342596,open,0.0,297.2,0.0005,0.013,0.0031468,72.42,0.004,0.0,BTC-31JAN20-11000-C,7170.76,69.71,0.0025,15.3,0.0035,24.0,73.76,1.8401,-1.9105,0.23978,5e-05,0.03795
7178.53,SYN.BTC-3JAN20,1577444342596,open,0.2,0.1,0.183,0.219,0.20006917,84.0,0.2405,0.0,BTC-3JAN20-5750-C,7170.76,0.0,0.1865,6.0,0.2115,6.0,147.54,0.55107,-3.36633,1.04963,7e-05,0.97627
7178.53,SYN.BTC-3JAN20,1577444342596,open,0.01,494.5,0.0005,0.0365,0.01030798,48.24,0.0105,0.0,BTC-3JAN20-7500-C,7170.76,47.55,0.01,2.1,0.011,0.3,49.77,3.2259,-11.31552,0.34414,0.00069,0.2648
7210.19,SYN.BTC-31JAN20,1577444342600,open,0.33,4.8,0.295,0.36,0.3249889,62.07,0.3445,0.0,BTC-31JAN20-9500-P,7170.76,0.0,0.0015,10.0,0.0,0.0,0.0,3.61602,-3.21799,-8.509,0.00012,-0.91011
7210.19,SYN.BTC-31JAN20,1577444342600,open,0.67,0.0,0.632,0.7055,0.66640972,78.97,None,0.0,BTC-31JAN20-12000-P,7170.76,0.0,0.0015,10.0,0.0,0.0,0.0,1.29009,-1.46053,-11.31018,3e-05,-0.97529
7178.53,SYN.BTC-3JAN20,1577444342600,open,0.12,2.1,0.094,0.1455,0.11691843,53.93,0.108,0.0,BTC-3JAN20-8000-P,7170.76,0.0,0.0945,5.0,0.1385,5.0,114.45,1.42046,-5.57079,-1.40647,0.00027,-0.92317
7178.53,SYN.BTC-3JAN20,1577444342600,open,0.01,272.1,0.0005,0.0245,0.0052467,51.64,0.0055,0.0,BTC-3JAN20-7750-C,7170.76,50.85,0.005,0.3,0.0055,30.0,52.43,2.27612,-8.5474,0.19296,0.00045,0.14794
7273.51,BTC-27MAR20,1577444342602,open,0.01,475.5,0.0005,0.024,0.00724181,93.78,0.007,0.0,BTC-27MAR20-18000-C,7170.76,93.26,0.007,0.1,0.0075,20.0,94.33,3.39884,-1.75371,0.67166,3e-05,0.04433
7273.51,BTC-27MAR20,1577444342602,open,2.03,5.6,1.966,2.101,2.02865543,100.19,1.545,0.0,BTC-27MAR20-22000-P,7170.76,0.0,0.0015,10.0,0.0,0.0,0.0,2.10422,-1.15992,-54.39806,2e-05,-0.97524
7422.17,BTC-26JUN20,1577444342602,open,0.29,23.9,0.2535,0.335,0.29106081,71.39,0.3125,0.0,BTC-26JUN20-6000-C,7170.76,56.16,0.2575,8.0,0.326,8.0,86.83,16.65385,-3.26834,16.9685,8e-05,0.74987
7178.53,SYN.BTC-3JAN20,1577444342602,open,0.06,81.8,0.0365,0.0885,0.05499639,48.03,0.056,0.0,BTC-3JAN20-7500-P,7170.76,42.29,0.0525,6.0,0.0565,6.0,51.33,3.21981,-11.24556,-1.06987,0.00069,-0.73618
7210.19,SYN.BTC-31JAN20,1577444342602,open,0.03,460.3,0.014,0.0525,0.02953176,57.86,0.0295,0.0,BTC-31JAN20-6500-P,7170.76,55.78,0.0275,19.3,0.031,47.3,59.34,7.10759,-5.89565,-1.93735,0.00025,-0.25168
7210.19,SYN.BTC-31JAN20,1577444342602,open,0.01,214.3,0.0005,0.021,0.00752664,62.31,0.0095,0.0,BTC-31JAN20-9500-C,7170.76,61.25,0.007,15.0,0.008,42.0,63.23,3.64381,-3.25485,0.57385,0.00012,0.09082
7210.19,SYN.BTC-31JAN20,1577444342602,open,0.2,15.2,0.167,0.2305,0.19646543,56.51,0.2965,0.0,BTC-31JAN20-8500-P,7170.76,0.0,0.0,0.0,0.0,0.0,0.0,6.17026,-4.99885,-6.89027,0.00022,-0.80367
7273.51,BTC-27MAR20,1577444342604,open,0.46,7.4,0.4425,0.4785,0.45836392,79.39,0.4255,0.0,BTC-27MAR20-4000-C,7170.76,0.0,0.4445,9.0,0.473,9.0,103.56,3.36947,-1.47172,9.01438,3e-05,0.95614
7273.51,BTC-27MAR20,1577444342604,open,0.0,156.2,0.0005,0.0105,0.00097963,115.0,0.0015,0.0,BTC-27MAR20-36000-C,7170.76,115.23,0.001,19.4,0.0015,15.0,120.04,0.63588,-0.40234,0.09466,0.0,0.00621
7273.51,BTC-27MAR20,1577444342604,open,0.0,162.7,0.0005,0.0115,0.0019972,112.16,0.002,0.0,BTC-27MAR20-30000-C,7170.76,108.68,0.0015,53.8,0.0025,27.6,115.1,1.14691,-0.70779,0.1841,1e-05,0.01216
7422.17,BTC-26JUN20,1577444342604,open,0.01,145.4,0.0005,0.021,0.0087188,81.43,0.008,0.0,BTC-26JUN20-3000-P,7170.76,80.98,0.0085,7.0,0.009,10.0,81.99,3.68323,-0.82452,-1.47659,2e-05,-0.03121
7210.19,SYN.BTC-31JAN20,1577444342604,open,0.05,292.3,0.0295,0.0775,0.05083049,54.98,0.0505,0.0,BTC-31JAN20-7500-C,7170.76,54.71,0.0505,2.8,0.051,0.8,55.12,8.79604,-6.9337,2.69222,0.00032,0.44161
7178.53,SYN.BTC-3JAN20,1577444342604,open,0.0,198.8,0.0005,0.0115,0.00175205,60.67,0.0015,0.0,BTC-3JAN20-8250-C,7170.76,58.86,0.0015,6.7,0.002,30.0,62.32,1.0429,-4.60141,0.06749,0.00018,0.05166
7210.19,SYN.BTC-31JAN20,1577444342604,open,0.0,214.2,0.0005,0.014,0.00403079,69.03,0.0055,0.0,BTC-31JAN20-10500-C,7170.76,67.27,0.0035,18.0,0.0045,24.0,70.48,2.26138,-2.23812,0.30972,7e-05,0.04899
7210.19,SYN.BTC-31JAN20,1577444342604,open,0.46,0.0,0.429,0.4965,0.46017329,68.62,None,0.0,BTC-31JAN20-10500-P,7170.76,0.0,0.0015,10.0,0.0,0.0,0.0,2.21927,-2.1832,-9.72997,7e-05,-0.95215
7422.17,BTC-26JUN20,1577444342606,open,2.79,0.0,2.7025,2.8835,2.78505145,96.86,None,0.0,BTC-26JUN20-28000-P,7170.76,0.0,0.002,1.0,0.0,0.0,0.0,5.81076,-1.54726,-137.95958,2e-05,-0.94521
7422.17,BTC-26JUN20,1577444342606,open,3.33,0.0,3.23,3.43,3.32198311,101.18,None,0.0,BTC-26JUN20-32000-P,7170.76,0.0,0.002,1.0,0.0,0.0,0.0,5.0212,-1.39665,-158.15655,2e-05,-0.95438
7422.17,BTC-26JUN20,1577444342606,open,0.48,0.5,0.463,0.51,0.4837982,74.97,0.589,0.0,BTC-26JUN20-4000-C,7170.76,50.67,0.4655,8.0,0.503,8.0,91.87,7.48952,-1.54362,16.28146,4e-05,0.92403
7273.51,BTC-27MAR20,1577444342606,open,0.0,251.8,0.0005,0.017,0.00424708,101.09,0.004,0.0,BTC-27MAR20-22000-C,7170.76,98.45,0.0035,31.0,0.005,59.0,103.45,2.19644,-1.22164,0.39508,2e-05,0.02606
7273.51,BTC-27MAR20,1577444342606,open,0.01,468.6,0.004,0.036,0.01373583,82.99,0.0135,0.0,BTC-27MAR20-14000-C,7170.76,82.69,0.0135,39.7,0.014,10.2,83.33,5.63187,-2.57164,1.28486,5e-05,0.08469
7273.51,BTC-27MAR20,1577444342606,open,3.96,0.0,3.853,4.0545,3.95044694,115.0,None,0.0,BTC-27MAR20-36000-P,7170.76,0.0,0.0015,10.0,0.0,0.0,0.0,0.63588,-0.40234,-89.53616,0.0,-0.99379
7422.17,BTC-26JUN20,1577444342606,open,0.11,369.5,0.0685,0.158,0.10715367,74.69,0.109,0.0,BTC-26JUN20-10000-C,7170.76,73.88,0.105,12.9,0.1095,10.1,75.56,19.97078,-4.10039,10.14187,0.0001,0.38138
7422.17,BTC-26JUN20,1577444342608,open,0.38,0.0,0.3485,0.415,0.37863814,72.65,None,0.0,BTC-26JUN20-5000-C,7170.76,55.21,0.352,8.0,0.406,8.0,88.38,12.33923,-2.46455,17.34836,6e-05,0.84772
7273.51,BTC-27MAR20,1577444342608,open,0.06,601.2,0.0305,0.0855,0.05361137,67.49,0.0525,0.0,BTC-27MAR20-6000-P,7170.76,66.42,0.052,13.5,0.055,13.7,68.41,11.01129,-4.08882,-5.12992,0.00012,-0.22967
7273.51,BTC-27MAR20,1577444342608,open,0.0,715.8,0.0005,0.0105,0.00055021,115.0,0.001,0.0,BTC-27MAR20-40000-C,7170.76,114.04,0.0005,483.6,0.0015,55.0,126.49,0.39508,-0.24998,0.05595,0.0,0.00364
7422.17,BTC-26JUN20,1577444342608,open,0.22,132.8,0.181,0.2715,0.22260812,71.24,0.2215,0.0,BTC-26JUN20-7000-C,7170.76,69.11,0.217,14.0,0.2265,11.0,72.72,19.53399,-3.82589,15.56717,0.0001,0.64353
7422.17,BTC-26JUN20,1577444342608,open,1.46,2.9,1.391,1.534,1.4544719,85.94,1.35,0.0,BTC-26JUN20-18000-P,7170.76,0.0,1.3,0.1,2.1,0.1,349.84,10.70239,-2.5285,-86.20365,5e-05,-0.87637
7273.51,BTC-27MAR20,1577444342608,open,0.04,660.5,0.02,0.075,0.04173159,71.2,0.042,0.0,BTC-27MAR20-10000-C,7170.76,70.72,0.041,20.0,0.044,29.1,72.66,11.18522,-4.38166,3.52235,0.00012,0.23624
7178.53,SYN.BTC-3JAN20,1577444342608,open,0.13,0.4,0.1125,0.152,0.1313794,64.14,0.131,0.0,BTC-3JAN20-6250-C,7170.76,0.0,0.115,6.0,0.15,6.0,129.57,1.06264,-4.95653,1.10307,0.00017,0.94711
7178.53,SYN.BTC-3JAN20,1577444342608,open,0.01,284.8,0.0005,0.017,0.00427078,59.72,0.005,0.0,BTC-3JAN20-6500-P,7170.76,56.5,0.0035,41.0,0.005,66.2,62.54,1.79398,-7.79034,-0.14803,0.00031,-0.1052
7178.53,SYN.BTC-3JAN20,1577444342608,open,0.15,0.0,0.127,0.178,0.1509093,59.96,None,0.0,BTC-3JAN20-8250-P,7170.76,0.0,0.0,0.0,0.0,0.0,0.0,1.00848,-4.39697,-1.48935,0.00017,-0.95047
7422.17,BTC-26JUN20,1577444342610,open,0.02,11.5,0.0045,0.044,0.01626036,92.56,0.0165,0.0,BTC-26JUN20-24000-C,7170.76,91.76,0.0155,31.0,0.017,4.0,93.32,7.10048,-1.8068,2.01904,3e-05,0.07085
7422.17,BTC-26JUN20,1577444342610,open,0.07,437.2,0.0395,0.1195,0.07201311,77.9,0.0791,0.0,BTC-26JUN20-12000-C,7170.76,76.83,0.0695,13.9,0.0745,12.0,78.96,17.47234,-3.74201,7.49583,8e-05,0.27469
7273.51,BTC-27MAR20,1577444342610,open,0.11,307.7,0.0775,0.152,0.11070757,66.17,0.111,0.0,BTC-27MAR20-7000-P,7170.76,65.27,0.109,10.7,0.113,13.7,67.36,13.91761,-5.06671,-9.05454,0.00016,-0.38929
7273.51,BTC-27MAR20,1577444342610,open,0.0,79.0,0.0005,0.0115,0.0017519,114.64,0.0015,0.0,BTC-27MAR20-32000-C,7170.76,112.74,0.0015,2.6,0.002,15.0,116.32,1.01863,-0.64248,0.16043,1e-05,0.01061
7273.51,BTC-27MAR20,1577444342610,open,0.02,270.2,0.009,0.0425,0.02140439,70.72,0.022,0.0,BTC-27MAR20-5000-P,7170.76,69.73,0.0205,56.0,0.022,1.0,71.36,6.7233,-2.61589,-2.33872,7e-05,-0.10774
7422.17,BTC-26JUN20,1577444342610,open,0.02,888.6,0.008,0.0555,0.02324552,88.12,0.0225,0.0,BTC-26JUN20-20000-C,7170.76,87.09,0.022,15.0,0.0245,8.7,89.12,9.18174,-2.22418,2.83146,4e-05,0.0998
7273.51,BTC-27MAR20,1577444342610,open,0.67,55.3,0.628,0.726,0.67190679,77.04,0.6265,0.0,BTC-27MAR20-12000-P,7170.76,0.0,0.6335,3.0,0.711,3.0,105.96,7.81832,-3.31418,-27.85988,8e-05,-0.86653
7178.53,SYN.BTC-3JAN20,1577444342610,open,0.0,201.6,0.0005,0.016,0.00258412,54.43,0.0035,0.0,BTC-3JAN20-8000-C,7170.76,51.35,0.002,16.8,0.003,30.0,56.41,1.44839,-5.7327,0.10309,0.00027,0.07882
7178.53,SYN.BTC-3JAN20,1577444342610,open,0.17,0.3,0.1475,0.1855,0.16559239,73.76,0.2165,0.0,BTC-3JAN20-6000-C,7170.76,0.0,0.1505,6.0,0.182,6.0,143.93,0.74732,-4.00841,1.08206,0.0001,0.96578
7422.17,BTC-26JUN20,1577444342612,open,0.01,42.1,0.001,0.034,0.01050883,101.08,0.01,0.0,BTC-26JUN20-32000-C,7170.76,100.31,0.01,2.4,0.011,8.9,101.8,5.00131,-1.38976,1.29028,2e-05,0.0454
7422.17,BTC-26JUN20,1577444342612,open,1.99,0.0,1.9135,2.07,1.98378791,90.85,None,0.0,BTC-26JUN20-22000-P,7170.76,0.0,0.11,1.0,2.22,0.1,196.05,8.13554,-2.03183,-107.21735,3e-05,-0.91524
7422.17,BTC-26JUN20,1577444342612,open,0.05,290.4,0.0295,0.0855,0.05230646,72.66,0.0555,0.0,BTC-26JUN20-5000-P,7170.76,71.27,0.05,14.5,0.0545,21.8,73.97,12.33982,-2.46489,-7.56692,6e-05,-0.15229
7422.17,BTC-26JUN20,1577444342612,open,2.53,0.0,2.439,2.6115,2.51702791,94.57,None,0.0,BTC-26JUN20-26000-P,7170.76,0.0,0.002,1.0,0.0,0.0,0.0,6.34505,-1.64962,-127.80705,2e-05,-0.93872
7273.51,BTC-27MAR20,1577444342612,open,0.01,1365.5,0.0005,0.021,0.00830474,79.39,0.009,0.0,BTC-27MAR20-4000-P,7170.76,77.6,0.0075,34.0,0.009,10.0,80.86,3.36947,-1.47172,-0.9446,3e-05,-0.04386
7422.17,BTC-26JUN20,1577444342612,open,2.26,0.0,2.176,2.3395,2.24986833,92.62,None,0.0,BTC-26JUN20-24000-P,7170.76,0.0,0.002,1.0,0.0,0.0,0.0,7.11354,-1.81119,-117.56611,3e-05,-0.92898
7422.17,BTC-26JUN20,1577444342612,open,0.04,154.1,0.015,0.075,0.03659818,82.68,0.0377,0.0,BTC-26JUN20-16000-C,7170.76,82.01,0.0355,15.4,0.036,3.0,82.32,12.36942,-2.81149,4.29926,5e-05,0.15284
7178.53,SYN.BTC-3JAN20,1577444342612,open,0.0,121.0,0.0005,0.0115,0.00195308,63.61,0.002,0.0,BTC-3JAN20-6250-P,7170.76,60.26,0.0015,84.0,0.002,1.0,63.93,1.04088,-4.81495,-0.07233,0.00017,-0.05153
7178.53,SYN.BTC-3JAN20,1577444342612,open,0.01,197.5,0.0005,0.0285,0.00797404,53.45,0.0075,0.0,BTC-3JAN20-6750-P,7170.76,50.79,0.007,24.0,0.0085,15.0,54.84,2.67863,-10.41102,-0.26849,0.00052,-0.19058
7210.19,SYN.BTC-31JAN20,1577444342612,open,0.14,123.6,0.111,0.174,0.14021473,56.01,0.137,0.0,BTC-31JAN20-8000-P,7170.76,47.69,0.1315,6.0,0.14,25.0,55.81,7.79167,-6.25611,-5.76323,0.00028,-0.69633
7178.53,SYN.BTC-3JAN20,1577444342612,open,0.07,3.8,0.0475,0.0945,0.06775447,53.67,0.0785,0.0,BTC-3JAN20-6750-C,7170.76,23.08,0.06,7.0,0.07,1.0,59.47,2.68649,-10.48541,1.00169,0.00052,0.80851
7210.19,SYN.BTC-31JAN20,1577444342612,open,0.02,731.8,0.0065,0.037,0.0176834,56.63,0.0175,0.0,BTC-31JAN20-8500-C,7170.76,55.24,0.0165,34.3,0.0185,10.0,57.58,6.18197,-5.01916,1.23499,0.00022,0.19694
7422.17,BTC-26JUN20,1577444342614,open,0.17,351.1,0.1235,0.218,0.16574378,71.25,0.165,0.0,BTC-26JUN20-7000-P,7170.76,70.78,0.1645,9.9,0.1695,11.1,72.68,19.53392,-3.82619,-19.31351,0.0001,-0.35647
7273.51,BTC-27MAR20,1577444342614,open,0.0,139.3,0.0005,0.011,0.00131383,114.92,0.0015,0.0,BTC-27MAR20-34000-C,7170.76,111.8,0.001,84.2,0.0015,2.0,116.51,0.80741,-0.51049,0.12355,1e-05,0.00814
7422.17,BTC-26JUN20,1577444342614,open,0.05,555.8,0.023,0.091,0.0486484,79.59,0.053,0.0,BTC-26JUN20-14000-C,7170.76,78.75,0.047,14.6,0.05,0.5,80.27,14.58181,-3.19056,5.52558,7e-05,0.19805
7273.51,BTC-27MAR20,1577444342614,open,0.34,2.1,0.311,0.3615,0.33397837,70.72,0.3115,0.0,BTC-27MAR20-5000-C,7170.76,35.61,0.3135,9.0,0.3575,9.0,93.02,6.7233,-2.61589,10.11001,7e-05,0.89226
7273.51,BTC-27MAR20,1577444342614,open,2.31,0.0,2.236,2.3795,2.30314158,104.57,None,0.0,BTC-27MAR20-24000-P,7170.76,0.0,0.0015,10.0,0.0,0.0,0.0,1.85557,-1.06761,-59.43097,1e-05,-0.97867
7178.53,SYN.BTC-3JAN20,1577444342614,open,0.09,4.7,0.063,0.1155,0.08475806,51.34,0.082,0.0,BTC-3JAN20-7750-P,7170.76,0.0,0.067,5.0,0.0855,1.0,53.63,2.26037,-8.43817,-1.26888,0.00045,-0.85358
7178.53,SYN.BTC-3JAN20,1577444342614,open,0.22,0.0,0.1955,0.2485,0.22003866,74.41,None,0.0,BTC-3JAN20-8750-P,7170.76,0.0,0.0,0.0,0.0,0.0,0.0,0.6624,-3.5845,-1.60982,9e-05,-0.97043
7210.19,SYN.BTC-31JAN20,1577444342614,open,0.26,10.4,0.2295,0.2935,0.25922014,58.93,0.272,0.0,BTC-31JAN20-9000-P,7170.76,0.0,0.0,0.0,0.0,0.0,0.0,4.71574,-3.98391,-7.77931,0.00016,-0.86996
7210.19,SYN.BTC-31JAN20,1577444342614,open,0.06,295.4,0.0315,0.081,0.05300785,54.85,0.055,0.0,BTC-31JAN20-7000-P,7170.76,53.59,0.0515,19.3,0.0545,20.0,56.1,8.59756,-6.76096,-3.10517,0.00032,-0.39771
7273.51,BTC-27MAR20,1577444342616,open,3.41,0.0,3.3135,3.4975,3.4008921,111.62,None,0.0,BTC-27MAR20-32000-P,7170.76,0.0,0.0015,10.0,0.0,0.0,0.0,0.84968,-0.52183,-79.54042,1e-05,-0.99138
7422.17,BTC-26JUN20,1577444342616,open,0.03,269.2,0.011,0.065,0.02926592,85.91,0.0315,0.0,BTC-26JUN20-18000-C,7170.76,85.02,0.028,10.0,0.0305,9.0,86.76,10.69547,-2.52606,3.4857,5e-05,0.12352
7273.51,BTC-27MAR20,1577444342616,open,4.51,1.0,4.3915,4.615,4.49947476,97.77,4.54,0.0,BTC-27MAR20-40000-P,7170.76,0.0,0.0015,10.0,0.0,0.0,0.0,0.07353,-0.03956,-99.58058,0.0,-0.99942
7422.17,BTC-26JUN20,1577444342616,open,0.69,8.2,0.631,0.76,0.68881709,77.91,0.8905,0.0,BTC-26JUN20-12000-P,7170.76,0.0,0.1,10.0,0.91,0.1,159.36,17.47405,-3.74291,-52.29787,8e-05,-0.72525
7178.53,SYN.BTC-3JAN20,1577444342616,open,0.03,93.3,0.017,0.0645,0.03114237,47.0,0.033,0.0,BTC-3JAN20-7250-P,7170.76,43.98,0.0295,31.0,0.033,8.0,50.42,3.90178,-13.33672,-0.78352,0.00086,-0.54827
7210.19,SYN.BTC-31JAN20,1577444342616,open,0.39,0.0,0.3615,0.427,0.39196306,64.76,None,0.0,BTC-31JAN20-10000-P,7170.76,0.0,0.0015,10.0,0.0,0.0,0.0,2.74235,-2.54623,-9.15884,9e-05,-0.93746
7273.51,BTC-27MAR20,1577444342618,open,1.76,5.2,1.697,1.823,1.75494418,97.07,2.035,0.0,BTC-27MAR20-20000-P,7170.76,0.0,0.0015,10.0,1.8995,0.5,214.34,2.6337,-1.40657,-49.30253,2e-05,-0.96757
7273.51,BTC-27MAR20,1577444342618,open,0.3,102.2,0.258,0.3505,0.30018107,69.36,0.295,0.0,BTC-27MAR20-9000-P,7170.76,66.19,0.2945,8.0,0.3,0.1,69.26,13.12931,-5.01052,-17.58515,0.00014,-0.67088
7178.53,SYN.BTC-3JAN20,1577444342618,open,0.0,147.8,0.0005,0.011,0.00123551,75.56,0.001,0.0,BTC-3JAN20-8750-C,7170.76,72.99,0.001,17.9,0.0015,65.2,78.11,0.70085,-3.85092,0.04113,0.0001,0.03165
7210.19,SYN.BTC-31JAN20,1577444342618,open,0.01,722.7,0.0005,0.0215,0.00841594,67.73,0.0085,0.0,BTC-31JAN20-5500-P,7170.76,65.71,0.0075,31.0,0.009,24.0,68.97,3.34726,-3.25046,-0.61659,0.0001,-0.08108
7273.51,BTC-27MAR20,1577444342620,open,1.21,1.2,1.1595,1.2685,1.20886944,87.78,1.4,0.0,BTC-27MAR20-16000-P,7170.76,0.0,0.0015,10.0,1.2995,0.5,162.17,4.14936,-2.00393,-38.96964,4e-05,-0.94306
7273.51,BTC-27MAR20,1577444342620,open,0.02,1484.2,0.008,0.049,0.02222951,77.18,0.0215,0.0,BTC-27MAR20-12000-C,7170.76,76.5,0.0215,11.4,0.023,28.6,77.89,7.84099,-3.32961,2.02464,8e-05,0.13403
7422.17,BTC-26JUN20,1577444342620,open,0.02,490.4,0.0105,0.0445,0.02273286,74.98,0.0235,0.0,BTC-26JUN20-4000-P,7170.76,73.24,0.021,36.2,0.0245,9.7,76.71,7.49064,-1.54403,-3.65099,4e-05,-0.07599
7178.53,SYN.BTC-3JAN20,1577444342620,open,0.0,128.2,0.0005,0.0105,0.00099695,83.05,0.001,0.0,BTC-3JAN20-5750-P,7170.76,74.79,0.0005,40.3,0.0015,46.2,89.06,0.5281,-3.18953,-0.03185,7e-05,-0.02256
7210.19,SYN.BTC-31JAN20,1577444342620,open,0.0,235.3,0.0005,0.012,0.00224687,79.77,0.0025,0.0,BTC-31JAN20-12000-C,7170.76,78.4,0.002,80.0,0.0025,59.0,81.08,1.34773,-1.5414,0.1639,3e-05,0.02604
7273.51,BTC-27MAR20,1577444342622,open,0.2,274.6,0.1555,0.242,0.19495671,67.04,0.1945,0.0,BTC-27MAR20-8000-P,7170.76,64.78,0.1905,15.0,0.199,38.4,69.08,14.37941,-5.30384,-13.43098,0.00016,-0.54671
7273.51,BTC-27MAR20,1577444342622,open,1.49,0.0,1.428,1.546,1.481761,93.32,1.23,0.0,BTC-27MAR20-18000-P,7170.76,0.0,0.0015,10.0,1.5995,0.5,189.33,3.33691,-1.71325,-44.15797,3e-05,-0.95667
7273.51,BTC-27MAR20,1577444342622,open,0.01,1572.1,0.0005,0.028,0.00929973,88.11,0.009,0.0,BTC-27MAR20-16000-C,7170.76,86.69,0.0085,8.0,0.0095,10.0,88.46,4.20025,-2.0363,0.87888,4e-05,0.05783
7210.19,SYN.BTC-31JAN20,1577444342622,open,0.13,37.9,0.1035,0.1555,0.12811021,57.94,0.1275,0.0,BTC-31JAN20-6500-C,7170.76,53.72,0.124,8.0,0.131,23.6,60.85,7.11085,-5.90664,4.27133,0.00025,0.7481
7210.19,SYN.BTC-31JAN20,1577444342622,open,0.09,182.9,0.0645,0.1225,0.09093227,54.91,0.0925,0.0,BTC-31JAN20-7500-P,7170.76,52.5,0.088,14.4,0.0905,20.0,54.55,8.79547,-6.92371,-4.47457,0.00032,-0.55856
7178.53,SYN.BTC-3JAN20,1577444342622,open,0.23,0.1,0.2185,0.252,0.23450244,91.61,0.2735,0.0,BTC-3JAN20-5500-C,7170.76,0.0,0.222,7.0,0.248,7.0,175.26,0.36421,-2.42631,1.01543,4e-05,0.98542
7178.53,SYN.BTC-3JAN20,1577444342622,open,0.0,244.2,0.0005,0.0105,0.00060727,90.22,0.0005,0.0,BTC-3JAN20-5500-P,7170.76,0.0,0.0,0.0,0.001,31.0,97.21,0.33966,-2.22836,-0.01901,4e-05,-0.01345
7210.19,SYN.BTC-31JAN20,1577444342622,open,0.25,20.2,0.226,0.268,0.24567463,67.88,0.2455,0.0,BTC-31JAN20-5500-C,7170.76,0.0,0.228,7.0,0.2655,7.0,100.25,3.3592,-3.26906,4.63554,0.0001,0.91853
7422.17,BTC-26JUN20,1577444342627,open,0.46,136.4,0.399,0.5215,0.45439779,74.66,0.42,0.0,BTC-26JUN20-10000-P,7170.76,63.67,0.4255,6.0,0.5275,10.0,101.08,19.96901,-4.09859,-39.68859,0.0001,-0.61873
7422.17,BTC-26JUN20,1577444342627,open,0.01,49.9,0.003,0.0375,0.01251246,96.78,0.0131,0.0,BTC-26JUN20-28000-C,7170.76,95.45,0.0115,31.0,0.0135,10.2,98.02,5.79468,-1.54181,1.55653,2e-05,0.0546
7273.51,BTC-27MAR20,1577444342629,open,0.06,410.2,0.036,0.1,0.06292311,69.42,0.0615,0.0,BTC-27MAR20-9000-C,7170.76,68.63,0.0615,2.0,0.0645,25.0,70.29,13.13329,-5.0164,4.82508,0.00014,0.32937
7422.17,BTC-26JUN20,1577444342629,open,0.6,17.8,0.5915,0.622,0.60454921,81.48,0.623,0.0,BTC-26JUN20-3000-C,7170.76,60.86,0.5975,9.0,0.6165,9.0,100.56,3.68867,-0.82624,13.46912,2e-05,0.96874
7186.45,SYN.BTC-10JAN20,1577443964523,open,0.02,51.9,0.0045,0.04,0.01421272,52.5,0.0145,0.0,BTC-10JAN20-7750-C,7170.76,50.47,0.013,15.0,0.0155,38.0,54.54,4.41671,-8.35505,0.63381,0.00043,0.24623
7186.45,SYN.BTC-10JAN20,1577443567026,open,0.01,23.8,0.0005,0.03,0.00879864,53.77,0.009,0.0,BTC-10JAN20-8000-C,7170.76,52.07,0.008,15.0,0.0095,24.0,55.17,3.49039,-6.76291,0.42914,0.00033,0.16589
7186.45,SYN.BTC-10JAN20,1577443097347,open,0.0,33.3,0.0005,0.0155,0.00382722,58.37,0.0045,0.0,BTC-10JAN20-8500-C,7170.76,55.25,0.003,63.0,0.0045,30.0,60.62,2.04491,-4.30094,0.20281,0.00018,0.07807
7186.45,SYN.BTC-10JAN20,1577443964522,open,0.02,41.8,0.012,0.0525,0.02309668,52.03,0.022,0.0,BTC-10JAN20-7500-C,7170.76,49.78,0.0215,15.0,0.0245,36.0,53.92,5.2196,-9.78594,0.9083,0.00051,0.3556
7533.08,SYN.BTC-25SEP20,1577443559625,open,0.06,0.0,0.0295,0.1125,0.0609673,84.26,None,0.0,BTC-25SEP20-18000-C,7170.76,82.61,0.057,14.0,0.0645,9.9,85.69,18.39316,-2.83986,7.99274,5e-05,0.2029
7533.08,SYN.BTC-25SEP20,1577444171258,open,0.12,0.1,0.0765,0.1815,0.12128756,78.48,0.13,0.0,BTC-25SEP20-12000-C,7170.76,76.53,0.115,5.0,0.1275,18.2,80.38,24.46817,-3.51878,13.68864,7e-05,0.36437
7533.08,SYN.BTC-25SEP20,1577444169492,open,0.09,0.0,0.0535,0.151,0.09358151,80.54,None,0.0,BTC-25SEP20-14000-C,7170.76,78.82,0.0885,14.0,0.0985,18.5,82.18,22.43842,-3.3115,11.28631,7e-05,0.294
7186.45,SYN.BTC-10JAN20,1577443982284,open,0.01,2.7,0.0005,0.022,0.00574062,56.03,0.006,0.0,BTC-10JAN20-8250-C,7170.76,53.96,0.005,15.0,0.0065,30.0,57.97,2.69205,-5.43479,0.29399,0.00024,0.11336
7533.08,SYN.BTC-25SEP20,1577444174084,open,0.07,0.0,0.039,0.129,0.07444647,82.43,None,0.0,BTC-25SEP20-16000-C,7170.76,80.76,0.07,14.0,0.079,19.7,84.1,20.33154,-3.07101,9.42494,6e-05,0.24181
7422.17,BTC-26JUN20,1577444324754,open,0.07,437.2,0.0395,0.1195,0.07201311,77.9,0.0791,0.0,BTC-26JUN20-12000-C,7170.76,76.83,0.0695,13.9,0.0745,12.0,78.96,17.47234,-3.74201,7.49583,8e-05,0.27469
7422.17,BTC-26JUN20,1577444305728,open,0.04,154.1,0.015,0.075,0.03659818,82.68,0.0377,0.0,BTC-26JUN20-16000-C,7170.76,82.01,0.0355,15.4,0.036,3.0,82.32,12.36942,-2.81149,4.29926,5e-05,0.15284
7533.71,SYN.BTC-25SEP20,1577444322164,open,0.08,100.6,0.0505,0.1205,0.07995546,73.99,0.079,0.0,BTC-25SEP20-5000-P,7170.76,72.17,0.076,9.3,0.0845,18.3,76.07,16.38163,-2.22102,-13.98578,5e-05,-0.16836
7533.71,SYN.BTC-25SEP20,1577444324748,open,0.23,2.1,0.178,0.2835,0.22593621,73.12,0.239,0.0,BTC-25SEP20-8000-C,7170.76,73.14,0.226,9.5,0.239,15.3,77.01,25.35921,-3.39776,20.36451,8e-05,0.58751
7422.17,BTC-26JUN20,1577444324752,open,0.11,369.5,0.0685,0.158,0.10715367,74.69,0.109,0.0,BTC-26JUN20-10000-C,7170.76,73.88,0.105,12.9,0.1095,10.1,75.56,19.97078,-4.10039,10.14187,0.0001,0.38138
7533.71,SYN.BTC-25SEP20,1577444305724,open,0.19,0.0,0.138,0.2455,0.18619752,73.4,None,0.0,BTC-25SEP20-9000-C,7170.76,73.93,0.188,5.0,0.201,15.6,77.7,25.969,-3.49279,18.50816,8e-05,0.51481
7422.17,BTC-26JUN20,1577444325343,open,0.05,555.8,0.023,0.091,0.0486484,79.59,0.053,0.0,BTC-26JUN20-14000-C,7170.76,78.75,0.047,14.6,0.05,0.5,80.27,14.58181,-3.19056,5.52558,7e-05,0.19805
7422.17,BTC-26JUN20,1577443548833,open,0.02,11.5,0.0045,0.044,0.01626036,92.56,0.0165,0.0,BTC-26JUN20-24000-C,7170.76,91.76,0.0155,31.0,0.017,4.0,93.32,7.10048,-1.8068,2.01904,3e-05,0.07085
7422.17,BTC-26JUN20,1577444169204,open,0.02,490.4,0.0105,0.0445,0.02273286,74.98,0.0235,0.0,BTC-26JUN20-4000-P,7170.76,73.24,0.021,36.2,0.0245,9.7,76.71,7.49064,-1.54403,-3.65099,4e-05,-0.07599
7422.17,BTC-26JUN20,1577443548834,open,0.01,49.9,0.003,0.0375,0.01251246,96.78,0.0131,0.0,BTC-26JUN20-28000-C,7170.76,95.45,0.0115,31.0,0.0135,10.2,98.02,5.79468,-1.54181,1.55653,2e-05,0.0546
7422.17,BTC-26JUN20,1577444324767,open,0.17,351.1,0.1235,0.218,0.16574378,71.25,0.165,0.0,BTC-26JUN20-7000-P,7170.76,70.78,0.1645,9.9,0.1695,11.1,72.68,19.53392,-3.82619,-19.31351,0.0001,-0.35647
7422.17,BTC-26JUN20,1577444208124,open,0.02,888.6,0.008,0.0555,0.02324552,88.12,0.0225,0.0,BTC-26JUN20-20000-C,7170.76,87.09,0.022,15.0,0.0245,8.7,89.12,9.18174,-2.22418,2.83146,4e-05,0.0998
7273.51,BTC-27MAR20,1577444213136,open,0.0,73.2,0.0005,0.012,0.00225041,109.19,0.0025,0.0,BTC-27MAR20-28000-C,7170.76,104.3,0.0015,74.0,0.003,54.9,113.02,1.28273,-0.77062,0.20995,1e-05,0.01384
7422.17,BTC-26JUN20,1577444324759,open,0.1,350.8,0.0665,0.143,0.0994628,71.39,0.099,0.0,BTC-26JUN20-6000-P,7170.76,70.29,0.097,12.1,0.102,0.1,72.52,16.65401,-3.26863,-12.92952,8e-05,-0.25014
7422.17,BTC-26JUN20,1577444324757,open,0.01,69.9,0.004,0.041,0.01425053,94.85,0.015,0.0,BTC-26JUN20-26000-C,7170.76,93.36,0.013,36.0,0.0155,9.6,96.26,6.40942,-1.6713,1.7688,2e-05,0.06208
7273.51,BTC-27MAR20,1577444188709,open,0.0,251.8,0.0005,0.017,0.00424708,101.09,0.004,0.0,BTC-27MAR20-22000-C,7170.76,98.45,0.0035,31.0,0.005,59.0,103.45,2.19644,-1.22164,0.39508,2e-05,0.02606
7422.17,BTC-26JUN20,1577444306121,open,0.13,190.9,0.094,0.187,0.1352147,73.51,0.1385,0.0,BTC-26JUN20-9000-C,7170.76,72.36,0.132,12.3,0.137,10.2,74.14,20.77092,-4.19731,11.84143,0.0001,0.45539
7273.51,BTC-27MAR20,1577444333248,open,0.01,1365.5,0.0005,0.021,0.00830474,79.39,0.009,0.0,BTC-27MAR20-4000-P,7170.76,77.6,0.0075,34.0,0.009,10.0,80.86,3.36947,-1.47172,-0.9446,3e-05,-0.04386
7273.51,BTC-27MAR20,1577443187286,open,0.0,715.8,0.0005,0.0105,0.00055021,115.0,0.001,0.0,BTC-27MAR20-40000-C,7170.76,114.04,0.0005,483.6,0.0015,55.0,126.49,0.39508,-0.24998,0.05595,0.0,0.00364
7273.51,BTC-27MAR20,1577444334538,open,0.11,307.7,0.0775,0.152,0.11070757,66.17,0.111,0.0,BTC-27MAR20-7000-P,7170.76,65.27,0.109,10.7,0.113,13.7,67.36,13.91761,-5.06671,-9.05454,0.00016,-0.38929
7273.51,BTC-27MAR20,1577444333250,open,0.02,270.2,0.009,0.0425,0.02140439,70.72,0.022,0.0,BTC-27MAR20-5000-P,7170.76,69.73,0.0205,56.0,0.022,1.0,71.36,6.7233,-2.61589,-2.33872,7e-05,-0.10774
7422.17,BTC-26JUN20,1577443548831,open,0.02,24.9,0.006,0.05,0.01964727,90.8,0.021,0.0,BTC-26JUN20-22000-C,7170.76,89.74,0.0185,15.0,0.021,10.6,92.02,8.1247,-2.02814,2.40256,3e-05,0.08461
7241.85,SYN.BTC-28FEB20,1577444333266,open,0.01,0.0,0.0015,0.0265,0.01132074,69.7,None,0.0,BTC-28FEB20-5000-P,7170.76,68.3,0.0105,28.0,0.012,58.0,70.81,4.34277,-2.40693,-1.10236,7e-05,-0.07705
7241.85,SYN.BTC-28FEB20,1577444169818,open,0.02,15.2,0.0075,0.039,0.0190737,65.38,0.0225,0.0,BTC-28FEB20-5500-P,7170.76,64.11,0.018,42.3,0.02,2.5,66.45,6.19274,-3.21967,-1.79927,0.0001,-0.12516
7273.51,BTC-27MAR20,1577444333227,open,0.04,660.5,0.02,0.075,0.04173159,71.2,0.042,0.0,BTC-27MAR20-10000-C,7170.76,70.72,0.041,20.0,0.044,29.1,72.66,11.18522,-4.38166,3.52235,0.00012,0.23624
7273.51,BTC-27MAR20,1577444333245,open,0.0,159.1,0.0005,0.0155,0.00349827,104.58,0.004,0.0,BTC-27MAR20-24000-C,7170.76,102.52,0.003,29.0,0.004,28.0,106.46,1.85614,-1.068,0.32302,1e-05,0.02134
7273.51,BTC-27MAR20,1577443097177,open,0.0,162.7,0.0005,0.0115,0.0019972,112.16,0.002,0.0,BTC-27MAR20-30000-C,7170.76,108.68,0.0015,53.8,0.0025,27.6,115.1,1.14691,-0.70779,0.1841,1e-05,0.01216
7273.51,BTC-27MAR20,1577444333260,open,0.06,410.2,0.036,0.1,0.06292311,69.42,0.0615,0.0,BTC-27MAR20-9000-C,7170.76,68.63,0.0615,2.0,0.0645,25.0,70.29,13.13329,-5.0164,4.82508,0.00014,0.32937
7273.51,BTC-27MAR20,1577444188708,open,0.02,1484.2,0.008,0.049,0.02222951,77.18,0.0215,0.0,BTC-27MAR20-12000-C,7170.76,76.5,0.0215,11.4,0.023,28.6,77.89,7.84099,-3.32961,2.02464,8e-05,0.13403
7422.17,BTC-26JUN20,1577444169528,open,0.05,290.4,0.0295,0.0855,0.05230646,72.66,0.0555,0.0,BTC-26JUN20-5000-P,7170.76,71.27,0.05,14.5,0.0545,21.8,73.97,12.33982,-2.46489,-7.56692,6e-05,-0.15229
7241.85,SYN.BTC-28FEB20,1577444334975,open,0.09,0.8,0.0575,0.1185,0.08503633,60.61,0.086,0.0,BTC-28FEB20-7500-C,7170.76,58.78,0.082,23.0,0.0875,14.4,62.1,11.98989,-5.77902,5.10971,0.00022,0.49463
7273.51,BTC-27MAR20,1577443187190,open,0.0,115.2,0.0005,0.013,0.00274761,106.84,0.004,0.0,BTC-27MAR20-26000-C,7170.76,102.86,0.002,58.2,0.0035,54.5,110.14,1.52045,-0.89375,0.25583,1e-05,0.01687
7273.51,BTC-27MAR20,1577443187248,open,0.0,79.0,0.0005,0.0115,0.0017519,114.64,0.0015,0.0,BTC-27MAR20-32000-C,7170.76,112.74,0.0015,2.6,0.002,15.0,116.32,1.01863,-0.64248,0.16043,1e-05,0.01061
7210.19,SYN.BTC-31JAN20,1577443495541,open,0.01,537.0,0.0005,0.0165,0.00516068,65.08,0.0045,0.0,BTC-31JAN20-10000-C,7170.76,63.31,0.0045,15.0,0.0055,24.0,65.95,2.77853,-2.59262,0.40261,9e-05,0.0636
7210.19,SYN.BTC-31JAN20,1577443547763,open,0.0,214.2,0.0005,0.014,0.00403079,69.03,0.0055,0.0,BTC-31JAN20-10500-C,7170.76,67.27,0.0035,18.0,0.0045,24.0,70.48,2.26138,-2.23812,0.30972,7e-05,0.04899
7210.19,SYN.BTC-31JAN20,1577443097460,open,0.0,297.2,0.0005,0.013,0.0031468,72.42,0.004,0.0,BTC-31JAN20-11000-C,7170.76,69.71,0.0025,15.3,0.0035,24.0,73.76,1.8401,-1.9105,0.23978,5e-05,0.03795
7241.85,SYN.BTC-28FEB20,1577444334337,open,0.06,24.6,0.037,0.0935,0.06161425,60.94,0.06,0.0,BTC-28FEB20-8000-C,7170.76,59.3,0.059,36.9,0.064,19.3,62.43,11.57063,-5.60758,4.15495,0.00021,0.39468
7273.51,BTC-27MAR20,1577443187261,open,0.0,156.2,0.0005,0.0105,0.00097963,115.0,0.0015,0.0,BTC-27MAR20-36000-C,7170.76,115.23,0.001,19.4,0.0015,15.0,120.04,0.63588,-0.40234,0.09466,0.0,0.00621
7210.19,SYN.BTC-31JAN20,1577443187164,open,0.01,722.7,0.0005,0.0215,0.00841594,67.73,0.0085,0.0,BTC-31JAN20-5500-P,7170.76,65.71,0.0075,31.0,0.009,24.0,68.97,3.34726,-3.25046,-0.61659,0.0001,-0.08108
7210.19,SYN.BTC-31JAN20,1577444294354,open,0.0,99.7,0.0005,0.012,0.00229455,74.56,0.003,0.0,BTC-31JAN20-11500-C,7170.76,70.01,0.0015,57.0,0.003,39.0,77.81,1.43369,-1.53251,0.17737,4e-05,0.02804
7210.19,SYN.BTC-31JAN20,1577443098192,open,0.01,369.9,0.0005,0.0145,0.00462101,74.76,0.0045,0.0,BTC-31JAN20-5000-P,7170.76,72.54,0.004,15.0,0.005,24.0,76.04,2.0976,-2.24822,-0.33913,6e-05,-0.0446
7178.53,SYN.BTC-3JAN20,1577443097259,open,0.0,147.8,0.0005,0.011,0.00123551,75.56,0.001,0.0,BTC-3JAN20-8750-C,7170.76,72.99,0.001,17.9,0.0015,65.2,78.11,0.70085,-3.85092,0.04113,0.0001,0.03165
7178.53,SYN.BTC-3JAN20,1577444333314,open,0.0,201.6,0.0005,0.016,0.00258412,54.43,0.0035,0.0,BTC-3JAN20-8000-C,7170.76,51.35,0.002,16.8,0.003,30.0,56.41,1.44839,-5.7327,0.10309,0.00027,0.07882
7178.53,SYN.BTC-3JAN20,1577443097194,open,0.0,121.0,0.0005,0.0115,0.00195308,63.61,0.002,0.0,BTC-3JAN20-6250-P,7170.76,60.26,0.0015,84.0,0.002,1.0,63.93,1.04088,-4.81495,-0.07233,0.00017,-0.05153
7210.19,SYN.BTC-31JAN20,1577443982335,open,0.02,731.8,0.0065,0.037,0.0176834,56.63,0.0175,0.0,BTC-31JAN20-8500-C,7170.76,55.24,0.0165,34.3,0.0185,10.0,57.58,6.18197,-5.01916,1.23499,0.00022,0.19694
7178.53,SYN.BTC-3JAN20,1577444333109,open,0.02,259.5,0.006,0.0445,0.01597328,49.16,0.017,0.0,BTC-3JAN20-7000-P,7170.76,47.23,0.015,16.0,0.017,11.0,51.19,3.61818,-12.9354,-0.48409,0.00076,-0.34201
7210.19,SYN.BTC-31JAN20,1577443982333,open,0.03,460.3,0.014,0.0525,0.02953176,57.86,0.0295,0.0,BTC-31JAN20-6500-P,7170.76,55.78,0.0275,19.3,0.031,47.3,59.34,7.10759,-5.89565,-1.93735,0.00025,-0.25168
7178.53,SYN.BTC-3JAN20,1577444281520,open,0.03,93.3,0.017,0.0645,0.03114237,47.0,0.033,0.0,BTC-3JAN20-7250-P,7170.76,43.98,0.0295,31.0,0.033,8.0,50.42,3.90178,-13.33672,-0.78352,0.00086,-0.54827
124.82,SYN.ETH-10JAN20,1577443982578,open,0.02,1.0,0.003,0.036,0.015038,75.63,0.013,0.0,ETH-10JAN20-110-P,124.62,71.57,0.013,240.0,0.017,536.0,79.52,0.06296,-0.17158,-0.00906,0.01405,-0.17598
7210.19,SYN.BTC-31JAN20,1577443097379,open,0.0,235.3,0.0005,0.012,0.00224687,79.77,0.0025,0.0,BTC-31JAN20-12000-C,7170.76,78.4,0.002,80.0,0.0025,59.0,81.08,1.34773,-1.5414,0.1639,3e-05,0.02604
129.88,SYN.ETH-25SEP20,1577444334333,open,0.22,10.0,0.155,0.279,0.217576,85.4,0.214,0.0,ETH-25SEP20-160-C,124.62,85.23,0.217,447.0,0.229,272.0,88.72,0.44634,-0.06985,0.30781,0.00414,0.53459
124.82,SYN.ETH-10JAN20,1577443982941,open,0.04,141.0,0.012,0.062,0.034729,66.77,0.03,0.0,ETH-10JAN20-130-C,124.62,60.39,0.03,508.0,0.036,240.0,68.38,0.09417,-0.22658,0.01744,0.02381,0.40237
7179.17,SYN.BTC-3JAN20,1577443097250,open,0.0,142.3,0.0005,0.0105,0.00051044,81.45,0.0005,0.0,BTC-3JAN20-9250-C,7170.76,0.0,0.0,0.0,0.001,81.5,89.55,0.34093,-2.01922,0.01758,4e-05,0.01351
129.88,SYN.ETH-25SEP20,1577444334335,open,0.19,9.0,0.128,0.252,0.189855,87.73,0.171,0.0,ETH-25SEP20-180-C,124.62,86.02,0.184,433.0,0.196,277.0,89.51,0.44745,-0.07193,0.28142,0.00404,0.4797
7210.19,SYN.BTC-31JAN20,1577443187956,open,0.01,214.3,0.0005,0.021,0.00752664,62.31,0.0095,0.0,BTC-31JAN20-9500-C,7170.76,61.25,0.007,15.0,0.008,42.0,63.23,3.64381,-3.25485,0.57385,0.00012,0.09082
125.55,SYN.ETH-28FEB20,1577444180476,open,0.07,18.0,0.035,0.101,0.065581,75.87,0.062,0.0,ETH-28FEB20-110-P,124.62,73.34,0.062,1374.0,0.069,192.0,78.33,0.17598,-0.10618,-0.07514,0.00854,-0.28189
125.14,SYN.ETH-31JAN20,1577444180841,open,0.01,0.0,0.003,0.029,0.01276,88.41,None,0.0,ETH-31JAN20-90-P,124.62,84.79,0.011,500.0,0.014,560.0,90.85,0.06264,-0.07939,-0.01224,0.00473,-0.08965
125.12,SYN.ETH-31JAN20,1577444180689,open,0.02,4120.0,0.007,0.043,0.021533,79.53,0.02,0.0,ETH-31JAN20-100-P,124.62,77.42,0.02,452.0,0.023,303.0,81.58,0.09035,-0.10302,-0.02056,0.00759,-0.15044
127.95,ETH-26JUN20,1577444334664,open,0.01,626.0,0.003,0.036,0.012909,112.14,0.015,0.0,ETH-26JUN20-640-C,124.62,109.42,0.011,532.0,0.015,1070.0,114.85,0.09424,-0.02905,0.02411,0.00103,0.05073
125.12,SYN.ETH-31JAN20,1577444180303,open,0.01,1493.0,0.001,0.016,0.005101,85.68,0.009,0.0,ETH-31JAN20-200-C,124.62,82.0,0.004,1170.0,0.006,241.0,88.32,0.04031,-0.04952,0.00545,0.00315,0.05067
125.93,ETH-27MAR20,1577444181443,open,0.0,885.0,0.001,0.012,0.002498,120.0,0.004,0.0,ETH-27MAR20-560-C,124.62,117.01,0.002,1320.0,0.005,950.0,130.72,0.02265,-0.01495,0.00366,0.00048,0.01416
127.95,ETH-26JUN20,1577444334386,open,0.13,2383.0,0.076,0.179,0.125421,85.79,0.138,0.0,ETH-26JUN20-180-C,124.62,84.16,0.121,279.0,0.13,468.0,87.47,0.34827,-0.08214,0.17323,0.00498,0.39712
125.12,SYN.ETH-31JAN20,1577444180328,open,0.0,824.0,0.001,0.012,0.002998,101.65,0.006,0.0,ETH-31JAN20-240-C,124.62,95.87,0.002,650.0,0.004,950.0,106.26,0.02462,-0.03588,0.00295,0.00162,0.02769
125.55,SYN.ETH-28FEB20,1577444333919,open,0.1,1.0,0.062,0.142,0.100222,75.03,0.096,0.0,ETH-28FEB20-120-P,124.62,72.39,0.096,1095.0,0.104,192.0,77.45,0.19868,-0.11854,-0.10423,0.00975,-0.38178
124.72,SYN.ETH-3JAN20,1577443230953,open,0.01,2084.0,0.001,0.014,0.003017,101.61,0.003,0.0,ETH-3JAN20-100-P,124.62,93.58,0.002,600.0,0.004,25.0,108.19,0.0174,-0.12857,-0.00122,0.00584,-0.0491
125.93,ETH-27MAR20,1577444336899,open,0.08,1328.0,0.043,0.122,0.080341,82.83,0.085,0.0,ETH-27MAR20-160-C,124.62,81.57,0.078,280.0,0.083,649.0,84.26,0.23386,-0.10658,0.08602,0.00715,0.3547
129.88,SYN.ETH-25SEP20,1577444334337,open,0.17,0.0,0.104,0.227,0.164123,88.75,None,0.0,ETH-25SEP20-200-C,124.62,86.94,0.158,434.0,0.17,280.0,90.47,0.44092,-0.0717,0.2572,0.00394,0.42902
125.93,ETH-27MAR20,1577444181359,open,0.0,1222.0,0.001,0.011,0.001311,120.0,0.003,0.0,ETH-27MAR20-640-C,124.62,125.45,0.002,910.0,0.004,950.0,135.91,0.01355,-0.00894,0.00205,0.00029,0.00785
125.93,ETH-27MAR20,1577444336890,open,0.13,1687.0,0.087,0.179,0.131663,79.8,0.131,0.0,ETH-27MAR20-120-P,124.62,78.39,0.129,572.0,0.135,650.0,81.57,0.23815,-0.10456,-0.15867,0.00756,-0.3744
127.95,ETH-26JUN20,1577444334629,open,0.07,545.0,0.033,0.118,0.071163,89.84,0.082,0.0,ETH-26JUN20-240-C,124.62,87.95,0.067,958.0,0.075,140.0,91.52,0.28695,-0.07087,0.11394,0.00392,0.2499
127.95,ETH-26JUN20,1577444334666,open,0.06,1008.0,0.03,0.091,0.057264,84.98,0.054,0.0,ETH-26JUN20-80-P,124.62,82.9,0.054,743.0,0.06,200.0,86.73,0.20049,-0.04684,-0.1254,0.00289,-0.13945
124.72,SYN.ETH-3JAN20,1577443231049,open,0.01,568.0,0.001,0.022,0.006028,78.22,0.006,0.0,ETH-3JAN20-110-P,124.62,74.17,0.005,1260.0,0.007,500.0,81.92,0.03231,-0.18376,-0.00274,0.0141,-0.11057
125.55,SYN.ETH-28FEB20,1577444180522,open,0.06,3.0,0.031,0.097,0.061671,76.32,0.071,0.0,ETH-28FEB20-150-C,124.62,74.54,0.059,929.0,0.064,192.0,77.82,0.19163,-0.1163,0.0609,0.00925,0.34332
127.95,ETH-26JUN20,1577444334390,open,0.09,803.0,0.043,0.134,0.084521,88.41,0.092,0.0,ETH-26JUN20-220-C,124.62,86.52,0.08,891.0,0.089,140.0,90.25,0.30865,-0.07502,0.13034,0.00428,0.28896
125.55,SYN.ETH-28FEB20,1577444180441,open,0.04,260.0,0.018,0.069,0.040745,77.94,0.038,0.0,ETH-28FEB20-100-P,124.62,75.54,0.038,1390.0,0.043,192.0,79.93,0.143,-0.08863,-0.05066,0.00676,-0.19351
125.14,SYN.ETH-31JAN20,1577444248750,open,0.03,83.0,0.01,0.054,0.028615,72.17,0.026,0.0,ETH-31JAN20-150-C,124.62,69.41,0.026,432.0,0.031,721.0,74.6,0.12074,-0.12492,0.02549,0.01118,0.24177
124.72,SYN.ETH-3JAN20,1577444343014,open,0.0,11.0,0.001,0.011,0.000904,104.31,0.001,0.0,ETH-3JAN20-170-C,124.62,0.0,0.0,0.0,0.002,652.0,117.82,0.00766,-0.0581,0.00041,0.00251,0.01823
7178.53,SYN.BTC-3JAN20,1577444343018,open,0.0,132.9,0.0005,0.0105,0.00075746,78.13,0.0005,0.0,BTC-3JAN20-9000-C,7170.76,73.71,0.0005,61.0,0.001,46.7,81.47,0.47579,-2.70338,0.02594,6e-05,0.01994
7178.53,SYN.BTC-3JAN20,1577444343018,open,0.26,0.0,0.2295,0.283,0.25438356,76.36,None,0.0,BTC-3JAN20-9000-P,7170.76,0.0,0.0005,2.0,0.0,0.0,0.0,0.42858,-2.37983,-1.6724,6e-05,-0.98237
7178.53,SYN.BTC-3JAN20,1577444343020,open,0.29,0.0,0.2635,0.318,0.28895948,78.83,None,0.0,BTC-3JAN20-9250-P,7170.76,0.0,0.005,3.0,0.0,0.0,0.0,0.2862,-1.64072,-1.72808,4e-05,-0.98896
7178.53,SYN.BTC-3JAN20,1577444343020,open,0.0,142.3,0.0005,0.0105,0.00051044,81.47,0.0005,0.0,BTC-3JAN20-9250-C,7170.76,0.0,0.0,0.0,0.001,81.5,89.58,0.34077,-2.01881,0.01757,4e-05,0.0135
7186.45,SYN.BTC-10JAN20,1577444343022,open,0.26,0.0,0.2285,0.285,0.25472858,66.2,None,0.0,BTC-10JAN20-9000-P,7170.76,0.0,0.0,0.0,0.0,0.0,0.0,1.36589,-3.25841,-3.30058,0.00011,-0.9534
7186.45,SYN.BTC-10JAN20,1577444343022,open,0.0,0.8,0.0005,0.012,0.00248302,66.78,0.002,0.0,BTC-10JAN20-9000-C,7170.76,64.15,0.002,0.6,0.003,50.0,69.29,1.40215,-3.37418,0.12475,0.00011,0.04815
7533.2,SYN.BTC-25SEP20,1577444343154,open,0.23,2.1,0.178,0.2835,0.22593619,73.13,0.239,0.0,BTC-25SEP20-8000-C,7170.76,73.15,0.226,9.5,0.239,15.3,77.02,25.35788,-3.39791,20.36171,8e-05,0.58748
7533.2,SYN.BTC-25SEP20,1577444343154,open,0.28,0.0,0.23,0.331,0.27628483,73.13,None,0.0,BTC-25SEP20-7000-C,7170.76,72.72,0.275,8.9,0.289,15.9,77.19,23.66751,-3.17145,22.01701,8e-05,0.66722
7533.2,SYN.BTC-25SEP20,1577444343154,open,0.04,13.2,0.022,0.0695,0.04060537,75.51,0.042,0.0,BTC-25SEP20-4000-P,7170.76,74.08,0.0385,9.0,0.0425,10.0,76.77,11.21969,-1.55231,-7.77685,4e-05,-0.09748
7533.2,SYN.BTC-25SEP20,1577444343154,open,0.49,0.0,0.421,0.5565,0.48212979,73.81,None,0.0,BTC-25SEP20-10000-P,7170.76,0.0,0.01,1.0,0.485,1.0,74.65,25.78373,-3.48713,-58.10786,8e-05,-0.54964
7533.2,SYN.BTC-25SEP20,1577444343154,open,0.6,1.0,0.535,0.68,0.60044265,77.48,0.59,0.0,BTC-25SEP20-11000-P,7170.76,0.0,0.015,1.0,0.75,1.0,121.11,25.30581,-3.59249,-67.10168,8e-05,-0.59102
7533.2,SYN.BTC-25SEP20,1577444343154,open,0.14,1.0,0.0955,0.1855,0.13479297,73.11,0.127,0.0,BTC-25SEP20-6000-P,7170.76,71.37,0.13,9.2,0.139,7.0,74.65,20.6766,-2.76999,-21.64303,7e-05,-0.2495
7533.2,SYN.BTC-25SEP20,1577444343154,open,0.34,0.9,0.2965,0.3875,0.33837208,73.13,0.3505,0.0,BTC-25SEP20-6000-C,7170.76,61.47,0.3065,7.0,0.3775,7.0,87.39,20.67676,-2.77076,23.21002,7e-05,0.75049
7533.2,SYN.BTC-25SEP20,1577444343154,open,0.19,0.0,0.138,0.2455,0.18619764,73.41,None,0.0,BTC-25SEP20-9000-C,7170.76,73.93,0.188,5.0,0.201,15.6,77.71,25.96731,-3.49286,18.50571,8e-05,0.51479
7533.2,SYN.BTC-25SEP20,1577444343158,open,0.21,6.0,0.1575,0.2645,0.20544253,73.11,0.2025,0.0,BTC-25SEP20-7000-P,7170.76,71.22,0.1995,9.7,0.205,0.1,72.97,23.66807,-3.17066,-30.31291,8e-05,-0.3328
7533.2,SYN.BTC-25SEP20,1577444343158,open,0.16,0.0,0.108,0.214,0.15476165,73.84,None,0.0,BTC-25SEP20-10000-C,7170.76,74.78,0.158,5.0,0.17,8.1,78.28,25.7846,-3.48849,16.65359,8e-05,0.45047
7533.2,SYN.BTC-25SEP20,1577444343158,open,0.41,0.0,0.3815,0.458,0.41627154,74.01,None,0.0,BTC-25SEP20-5000-C,7170.76,61.27,0.3895,6.0,0.448,6.0,88.27,16.38309,-2.22162,23.39053,5e-05,0.8316
7533.2,SYN.BTC-25SEP20,1577444343158,open,0.39,1.0,0.3225,0.4515,0.38082897,73.39,0.375,0.0,BTC-25SEP20-9000-P,7170.76,64.74,0.351,5.0,0.395,1.0,77.5,25.96749,-3.49178,-48.77845,8e-05,-0.48529
7533.2,SYN.BTC-25SEP20,1577444343158,open,0.08,100.6,0.0505,0.1205,0.07995561,73.99,0.079,0.0,BTC-25SEP20-5000-P,7170.76,72.16,0.076,9.3,0.0845,18.3,76.07,16.38168,-2.22081,-13.98592,5e-05,-0.16838
7533.2,SYN.BTC-25SEP20,1577444343158,open,0.51,0.0,0.484,0.5415,0.50965811,75.53,None,0.0,BTC-25SEP20-4000-C,7170.76,61.36,0.4905,7.0,0.534,7.0,90.8,11.22266,-1.55321,22.12334,4e-05,0.90248
7533.2,SYN.BTC-25SEP20,1577444343158,open,0.29,2.1,0.234,0.3535,0.2878307,73.11,0.286,0.0,BTC-25SEP20-8000-P,7170.76,67.24,0.268,9.0,0.2945,4.0,75.09,25.35855,-3.39701,-39.44525,8e-05,-0.41256
125.12,SYN.ETH-31JAN20,1577444343162,open,0.01,0.0,0.003,0.029,0.01276,88.38,None,0.0,ETH-31JAN20-90-P,124.62,84.76,0.011,500.0,0.014,560.0,90.81,0.06265,-0.07939,-0.01225,0.00474,-0.0897
125.12,SYN.ETH-31JAN20,1577444343162,open,0.23,0.0,0.183,0.274,0.227246,71.99,None,0.0,ETH-31JAN20-150-P,124.62,57.02,0.214,240.0,1.197,1.0,500.0,0.12046,-0.12433,-0.11793,0.01119,-0.75917
125.12,SYN.ETH-31JAN20,1577444343164,open,0.04,1031.0,0.018,0.069,0.039984,75.75,0.039,0.0,ETH-31JAN20-110-P,124.62,74.75,0.039,47.0,0.041,282.0,76.78,0.12351,-0.13413,-0.03495,0.0109,-0.25232
125.12,SYN.ETH-31JAN20,1577444343164,open,0.29,0.0,0.265,0.322,0.293581,88.61,None,0.0,ETH-31JAN20-90-C,124.62,0.0,0.278,37.0,0.309,37.0,114.64,0.06289,-0.07989,0.07368,0.00474,0.90985
125.12,SYN.ETH-31JAN20,1577444343164,open,0.37,0.0,0.325,0.421,0.371137,76.3,None,0.0,ETH-31JAN20-170-P,124.62,0.0,0.353,240.0,1.357,1.0,500.0,0.07677,-0.08399,-0.14974,0.00673,-0.88131
125.12,SYN.ETH-31JAN20,1577444343164,open,0.01,1.0,0.003,0.03,0.012688,76.66,0.016,0.0,ETH-31JAN20-170-C,124.62,73.84,0.011,1130.0,0.014,241.0,78.73,0.07737,-0.08503,0.01283,0.00675,0.11999
125.53,SYN.ETH-28FEB20,1577444343176,open,0.07,18.0,0.035,0.101,0.065581,75.86,0.062,0.0,ETH-28FEB20-110-P,124.62,73.3,0.062,1374.0,0.069,192.0,78.29,0.176,-0.10617,-0.07517,0.00855,-0.28205
125.53,SYN.ETH-28FEB20,1577444343176,open,0.03,724.0,0.009,0.048,0.025024,82.23,0.023,0.0,ETH-28FEB20-90-P,124.62,79.84,0.023,500.0,0.027,240.0,84.5,0.10785,-0.07052,-0.03266,0.00483,-0.12601
125.53,SYN.ETH-28FEB20,1577444343176,open,0.04,260.0,0.018,0.069,0.040745,77.93,0.038,0.0,ETH-28FEB20-100-P,124.62,75.5,0.038,1390.0,0.043,192.0,79.9,0.14303,-0.08864,-0.05068,0.00676,-0.19363
125.53,SYN.ETH-28FEB20,1577444343176,open,0.15,0.0,0.104,0.183,0.1444,75.11,None,0.0,ETH-28FEB20-120-C,124.62,71.7,0.139,240.0,0.147,144.0,76.75,0.19868,-0.11867,0.10241,0.00975,0.61803
125.53,SYN.ETH-28FEB20,1577444343179,open,0.15,50.0,0.1,0.191,0.144344,74.91,0.141,0.0,ETH-28FEB20-130-P,124.62,72.89,0.141,615.0,0.149,737.0,77.72,0.20765,-0.1237,-0.13564,0.01021,-0.48293
125.53,SYN.ETH-28FEB20,1577444343179,open,0.11,2.0,0.07,0.148,0.10887,75.01,0.106,0.0,ETH-28FEB20-130-C,124.62,72.67,0.105,911.0,0.111,144.0,76.29,0.20765,-0.12386,0.0883,0.0102,0.51722
125.53,SYN.ETH-28FEB20,1577444343179,open,0.33,0.0,0.269,0.378,0.321883,77.74,None,0.0,ETH-28FEB20-160-P,124.62,0.0,0.0,0.0,0.0,0.0,0.0,0.17456,-0.10791,-0.22587,0.00827,-0.72266
125.53,SYN.ETH-28FEB20,1577444343179,open,0.08,3.0,0.047,0.119,0.08163,75.36,0.079,0.0,ETH-28FEB20-140-C,124.62,73.74,0.079,865.0,0.084,144.0,76.82,0.20403,-0.12227,0.07396,0.00997,0.42367
125.53,SYN.ETH-28FEB20,1577444343179,open,0.25,21.0,0.208,0.279,0.244227,78.04,0.267,0.0,ETH-28FEB20-100-C,124.62,0.0,0.0,0.0,0.0,0.0,0.0,0.14312,-0.08882,0.12151,0.00676,0.80616
125.53,SYN.ETH-28FEB20,1577444343179,open,0.31,20.0,0.276,0.34,0.308157,82.36,0.328,0.0,ETH-28FEB20-90-C,124.62,0.0,0.0,0.0,0.0,0.0,0.0,0.10801,-0.07074,0.1223,0.00483,0.87373
125.53,SYN.ETH-28FEB20,1577444343183,open,0.39,0.0,0.337,0.449,0.39075,79.13,None,0.0,ETH-28FEB20-170-P,124.62,0.0,0.0,0.0,0.0,0.0,0.0,0.15579,-0.09803,-0.25233,0.00725,-0.77616
125.53,SYN.ETH-28FEB20,1577444343183,open,0.06,3.0,0.031,0.097,0.061671,76.33,0.071,0.0,ETH-28FEB20-150-C,124.62,74.57,0.059,929.0,0.064,192.0,77.85,0.19157,-0.11628,0.06087,0.00925,0.34316
125.53,SYN.ETH-28FEB20,1577444343183,open,0.54,0.0,0.481,0.598,0.536506,82.48,None,0.0,ETH-28FEB20-190-P,124.62,0.0,0.0,0.0,0.0,0.0,0.0,0.12106,-0.07941,-0.29997,0.00541,-0.85076
125.53,SYN.ETH-28FEB20,1577444343183,open,0.03,67.0,0.01,0.056,0.028926,81.01,0.027,0.0,ETH-28FEB20-180-C,124.62,80.16,0.028,650.0,0.03,192.0,81.98,0.13814,-0.08899,0.03332,0.00628,0.18303
125.53,SYN.ETH-28FEB20,1577444343183,open,0.47,0.0,0.408,0.522,0.462659,80.8,None,0.0,ETH-28FEB20-180-P,124.62,0.0,0.0,0.0,0.0,0.0,0.0,0.13774,-0.08851,-0.27688,0.00628,-0.81782
129.86,SYN.ETH-25SEP20,1577444343488,open,0.05,0.0,0.023,0.074,0.045418,92.07,None,0.0,ETH-25SEP20-60-P,124.62,88.76,0.041,170.0,0.051,170.0,96.13,0.17575,-0.02965,-0.12726,0.00151,-0.08566
129.86,SYN.ETH-25SEP20,1577444343490,open,0.24,0.0,0.178,0.305,0.240495,85.36,None,0.0,ETH-25SEP20-120-P,124.62,82.93,0.233,454.0,0.247,489.0,87.48,0.39996,-0.06256,-0.54127,0.00372,-0.31702
125.52,SYN.ETH-28FEB20,1577444343635,open,0.01,520.0,0.005,0.032,0.014992,87.82,0.012,0.0,ETH-28FEB20-80-P,124.62,84.43,0.013,500.0,0.017,240.0,91.05,0.07605,-0.05311,-0.02013,0.00319,-0.07809
125.52,SYN.ETH-28FEB20,1577444343635,open,0.02,0.0,0.006,0.042,0.019137,84.93,None,0.0,ETH-28FEB20-200-C,124.62,83.59,0.018,650.0,0.02,241.0,85.92,0.10786,-0.07284,0.02311,0.00468,0.12603
7533.25,SYN.BTC-25SEP20,1577444343893,open,0.07,0.0,0.039,0.129,0.07444653,82.43,None,0.0,BTC-25SEP20-16000-C,7170.76,80.76,0.07,14.0,0.079,19.7,84.1,20.33085,-3.07066,9.42452,6e-05,0.24179
7533.25,SYN.BTC-25SEP20,1577444343893,open,1.2,1.0,1.1265,1.288,1.19841296,82.45,1.18,0.0,BTC-25SEP20-16000-P,7170.76,0.0,0.04,1.0,0.0,0.0,0.0,20.33526,-3.072,-110.18953,6e-05,-0.75811
7533.25,SYN.BTC-25SEP20,1577444343893,open,0.95,1.0,0.882,1.0385,0.95205205,80.55,0.93,0.0,BTC-25SEP20-14000-P,7170.76,0.0,0.03,1.0,0.0,0.0,0.0,22.44066,-3.31212,-93.37678,7e-05,-0.70595
7533.25,SYN.BTC-25SEP20,1577444343893,open,1.45,1.0,1.376,1.5435,1.4504293,84.28,1.43,0.0,BTC-25SEP20-18000-P,7170.76,0.0,0.05,1.0,0.0,0.0,0.0,18.3986,-2.84124,-126.57308,5e-05,-0.79701
125.92,ETH-27MAR20,1577444344346,open,0.15,1.0,0.099,0.188,0.143803,79.36,0.152,0.0,ETH-27MAR20-130-C,124.62,76.93,0.139,537.0,0.148,553.0,81.48,0.24893,-0.1087,0.12633,0.00795,0.54676
127.95,ETH-26JUN20,1577444344515,open,0.43,0.0,0.394,0.469,0.432019,85.04,None,0.0,ETH-26JUN20-80-C,124.62,64.87,0.403,48.0,0.459,48.0,101.53,0.20057,-0.04689,0.27312,0.00289,0.86047
127.95,ETH-26JUN20,1577444344520,open,0.43,0.0,0.394,0.469,0.432019,85.04,None,0.0,ETH-26JUN20-80-C,124.62,64.87,0.403,48.0,0.457,48.0,100.34,0.20057,-0.04689,0.27312,0.00289,0.86047
127.95,ETH-26JUN20,1577444344531,open,0.43,0.0,0.394,0.469,0.432019,85.04,None,0.0,ETH-26JUN20-80-C,124.62,64.87,0.403,48.0,0.458,48.0,100.93,0.20057,-0.04689,0.27312,0.00289,0.86047
124.82,SYN.ETH-10JAN20,1577444344610,open,0.08,115.0,0.043,0.112,0.076229,66.68,0.072,0.0,ETH-10JAN20-130-P,124.62,62.39,0.073,180.0,0.078,650.0,69.03,0.09415,-0.22624,-0.03199,0.02384,-0.59786
124.82,SYN.ETH-10JAN20,1577444344610,open,0.08,24.0,0.041,0.103,0.072458,66.7,0.068,0.0,ETH-10JAN20-120-C,124.62,60.54,0.068,180.0,0.075,180.0,70.19,0.09074,-0.21811,0.02709,0.02297,0.64346
124.82,SYN.ETH-10JAN20,1577444344610,open,0.02,1.0,0.003,0.036,0.015038,75.69,0.013,0.0,ETH-10JAN20-110-P,124.62,71.57,0.013,240.0,0.017,536.0,79.51,0.06299,-0.17181,-0.00907,0.01405,-0.17615
124.82,SYN.ETH-10JAN20,1577444344610,open,0.02,71.0,0.003,0.034,0.01426,66.7,0.013,0.0,ETH-10JAN20-140-C,124.62,64.4,0.013,650.0,0.015,50.0,68.02,0.0695,-0.16705,0.00914,0.01759,0.20679
124.82,SYN.ETH-10JAN20,1577444344610,open,0.01,0.0,0.001,0.022,0.007475,89.25,None,0.0,ETH-10JAN20-100-P,124.62,84.23,0.006,305.0,0.009,300.0,94.0,0.03846,-0.12369,-0.00447,0.00728,-0.08677
124.82,SYN.ETH-10JAN20,1577444344610,open,0.0,139.0,0.001,0.015,0.004023,104.86,0.003,0.0,ETH-10JAN20-90-P,124.62,98.82,0.003,300.0,0.004,15.0,104.73,0.02281,-0.0862,-0.0023,0.00367,-0.04439
7241.85,SYN.BTC-28FEB20,1577444344890,open,0.12,0.0,0.087,0.1495,0.11588875,60.53,None,0.0,BTC-28FEB20-7000-C,7170.76,58.42,0.1125,7.0,0.1195,21.4,62.79,11.58999,-5.57912,6.07524,0.00021,0.60288
127.95,ETH-26JUN20,1577444345091,open,0.16,188.0,0.102,0.209,0.155182,84.11,0.169,0.0,ETH-26JUN20-160-C,124.62,82.62,0.151,274.0,0.159,180.0,85.47,0.35918,-0.08305,0.1996,0.00524,0.46825
125.92,ETH-27MAR20,1577444345091,open,0.03,7932.0,0.008,0.054,0.025436,94.8,0.029,0.0,ETH-27MAR20-240-C,124.62,94.39,0.025,25.0,0.026,470.0,95.34,0.13283,-0.06929,0.03274,0.00355,0.12988
125.12,SYN.ETH-31JAN20,1577444345094,open,0.01,1827.0,0.001,0.024,0.009093,79.71,0.01,0.0,ETH-31JAN20-180-C,124.62,77.42,0.008,870.0,0.01,240.0,81.5,0.06178,-0.0706,0.00944,0.00518,0.08804
127.95,ETH-26JUN20,1577444345103,open,0.19,496.0,0.142,0.249,0.196105,82.69,0.213,0.0,ETH-26JUN20-140-C,124.62,81.22,0.192,267.0,0.199,180.0,83.73,0.35692,-0.08114,0.22866,0.00529,0.55475
125.92,ETH-27MAR20,1577444345144,open,0.0,5912.0,0.001,0.011,0.0018,120.0,0.005,0.0,ETH-27MAR20-600-C,124.62,121.39,0.002,878.0,0.004,650.0,131.64,0.01747,-0.01154,0.00273,0.00037,0.0105
125.92,ETH-27MAR20,1577444345155,open,1.24,161.0,1.165,1.327,1.240868,100.49,1.397,0.0,ETH-27MAR20-280-P,124.62,0.0,0.002,50.0,0.0,0.0,0.0,0.10172,-0.05624,-0.67443,0.00256,-0.91037
125.12,SYN.ETH-31JAN20,1577444345155,open,0.92,0.0,0.863,0.985,0.921115,101.33,None,0.0,ETH-31JAN20-240-P,124.62,0.0,0.01,50.0,0.0,0.0,0.0,0.02429,-0.03528,-0.22641,0.0016,-0.97276
125.12,SYN.ETH-31JAN20,1577444345155,open,0.3,1.0,0.252,0.346,0.297318,73.96,0.148,0.0,ETH-31JAN20-160-P,124.62,47.49,0.282,240.0,1.277,1.0,500.0,0.0972,-0.10307,-0.13499,0.00879,-0.8318
125.92,ETH-27MAR20,1577444345157,open,0.39,20.0,0.361,0.423,0.392148,88.57,0.613,0.0,ETH-27MAR20-80-C,124.62,36.85,0.365,1.0,0.0,0.0,0.0,0.11514,-0.05611,0.15729,0.00329,0.89387
125.92,ETH-27MAR20,1577444345157,open,1.87,7.0,1.778,1.969,1.867744,108.37,1.702,0.0,ETH-27MAR20-360-P,124.62,0.0,0.01,30.0,0.0,0.0,0.0,0.06192,-0.03692,-0.88426,0.00145,-0.95277
125.12,SYN.ETH-31JAN20,1577444345157,open,0.0,1797.0,0.001,0.012,0.002009,105.49,0.002,0.0,ETH-31JAN20-260-C,124.62,96.62,0.001,872.0,0.003,463.0,111.57,0.01774,-0.02683,0.002,0.00112,0.01877
124.72,SYN.ETH-3JAN20,1577444345157,open,0.0,124.0,0.001,0.011,0.001498,94.1,0.001,0.0,ETH-3JAN20-160-C,124.62,88.28,0.001,644.0,0.002,467.0,98.87,0.01201,-0.08221,0.0007,0.00436,0.03115
124.72,SYN.ETH-3JAN20,1577444345157,open,0.02,498.0,0.003,0.042,0.018018,62.57,0.019,0.0,ETH-3JAN20-120-P,124.62,60.47,0.017,240.0,0.02,1.0,66.64,0.0605,-0.27532,-0.00774,0.033,-0.31136
125.92,ETH-27MAR20,1577444345162,open,0.78,30.0,0.711,0.853,0.77855,91.19,0.306,0.0,ETH-27MAR20-220-P,124.62,0.0,0.001,9.0,0.0,0.0,0.0,0.15222,-0.07638,-0.50776,0.00423,-0.84104
125.92,ETH-27MAR20,1577444345162,open,0.12,653.0,0.075,0.16,0.117059,80.08,0.129,0.0,ETH-27MAR20-140-C,124.62,78.03,0.113,268.0,0.121,646.0,82.06,0.25012,-0.1102,0.11187,0.00791,0.47389
125.92,ETH-27MAR20,1577444345162,open,0.0,2340.0,0.001,0.014,0.003508,120.01,0.004,0.0,ETH-27MAR20-520-C,124.62,122.01,0.004,10.0,0.005,650.0,125.62,0.02948,-0.01946,0.00494,0.00062,0.01927
125.92,ETH-27MAR20,1577444345162,open,0.05,2449.0,0.026,0.094,0.056422,85.4,0.056,0.0,ETH-27MAR20-180-C,124.62,83.91,0.054,300.0,0.059,521.0,86.97,0.20613,-0.09685,0.06565,0.00611,0.26584
125.92,ETH-27MAR20,1577444345162,open,0.01,1564.0,0.003,0.032,0.012014,104.69,0.011,0.0,ETH-27MAR20-320-C,124.62,103.02,0.011,260.0,0.013,651.0,106.24,0.07844,-0.04518,0.01621,0.0019,0.06372
124.72,SYN.ETH-3JAN20,1577444345162,open,0.01,955.0,0.001,0.019,0.004704,66.43,0.006,0.0,ETH-3JAN20-140-C,124.62,63.61,0.004,650.0,0.006,440.0,71.16,0.03236,-0.15631,0.00249,0.01662,0.11081
124.72,SYN.ETH-3JAN20,1577444345162,open,0.02,2499.0,0.003,0.041,0.017805,62.58,0.02,0.0,ETH-3JAN20-130-C,124.62,56.87,0.015,245.0,0.019,137.0,64.98,0.06199,-0.28212,0.00733,0.03381,0.33
124.72,SYN.ETH-3JAN20,1577444345162,open,0.0,390.0,0.001,0.012,0.002,77.84,0.002,0.0,ETH-3JAN20-150-C,124.62,68.9,0.001,661.0,0.003,300.0,84.43,0.01681,-0.09517,0.00106,0.00737,0.04704
125.12,SYN.ETH-31JAN20,1577444345162,open,0.01,1493.0,0.001,0.016,0.005101,85.66,0.009,0.0,ETH-31JAN20-200-C,124.62,82.0,0.004,1170.0,0.006,241.0,88.33,0.04028,-0.04946,0.00544,0.00314,0.05061
127.95,ETH-26JUN20,1577444345164,open,0.95,4.0,0.862,1.039,0.946895,89.82,0.934,0.0,ETH-26JUN20-240-P,124.62,0.0,0.01,50.0,0.0,0.0,0.0,0.28692,-0.07085,-1.08197,0.00392,-0.75016
127.95,ETH-26JUN20,1577444345168,open,0.03,1120.0,0.008,0.062,0.028026,100.99,0.031,0.0,ETH-26JUN20-400-C,124.62,99.4,0.026,120.0,0.03,701.0,102.48,0.16651,-0.04623,0.05037,0.00202,0.10702
124.72,SYN.ETH-3JAN20,1577444345168,open,0.01,2084.0,0.001,0.014,0.003017,101.67,0.003,0.0,ETH-3JAN20-100-P,124.62,93.57,0.002,600.0,0.004,25.0,108.19,0.01743,-0.12883,-0.00123,0.00585,-0.04919
125.12,SYN.ETH-31JAN20,1577444345168,open,0.61,0.0,0.554,0.659,0.603531,85.51,None,0.0,ETH-31JAN20-200-P,124.62,0.0,0.01,50.0,0.0,0.0,0.0,0.04005,-0.0491,-0.1857,0.00313,-0.94974
127.95,ETH-26JUN20,1577444345170,open,0.11,1440.0,0.056,0.153,0.10198,87.02,0.095,0.0,ETH-26JUN20-200-C,124.62,85.47,0.098,284.0,0.106,140.0,88.57,0.32989,-0.07892,0.14998,0.00465,0.33722
127.95,ETH-26JUN20,1577444345170,open,0.03,777.0,0.011,0.069,0.033098,98.13,0.03,0.0,ETH-26JUN20-360-C,124.62,96.66,0.031,140.0,0.036,440.0,100.07,0.18661,-0.05034,0.05902,0.00233,0.12566
127.95,ETH-26JUN20,1577444345170,open,1.85,1.0,1.746,1.961,1.846697,98.13,1.827,0.0,ETH-26JUN20-360-P,124.62,0.0,0.015,2.0,0.0,0.0,0.0,0.18661,-0.05034,-1.73483,0.00233,-0.87434
125.12,SYN.ETH-31JAN20,1577444345170,open,0.02,4120.0,0.007,0.043,0.021533,79.56,0.02,0.0,ETH-31JAN20-100-P,124.62,77.42,0.02,452.0,0.023,303.0,81.57,0.09039,-0.10311,-0.02057,0.0076,-0.15054
125.92,ETH-27MAR20,1577444345171,open,1.56,10.0,1.471,1.646,1.553108,104.36,1.59,0.0,ETH-27MAR20-320-P,124.62,0.0,0.011,5.0,0.0,0.0,0.0,0.07768,-0.04461,-0.78069,0.00189,-0.93707
125.92,ETH-27MAR20,1577444345175,open,0.06,1169.0,0.036,0.104,0.067452,83.96,0.067,0.0,ETH-27MAR20-100-P,124.62,83.66,0.067,400.0,0.068,192.0,84.33,0.18784,-0.08677,-0.09129,0.00567,-0.22374
125.92,ETH-27MAR20,1577444345177,open,0.63,1147.0,0.565,0.701,0.629731,88.34,0.645,0.0,ETH-27MAR20-200-P,124.62,0.0,0.001,9.0,0.0,0.0,0.0,0.17773,-0.08639,-0.44714,0.0051,-0.79651
127.95,ETH-26JUN20,1577444345177,open,2.16,0.0,2.046,2.277,2.154247,100.99,None,0.0,ETH-26JUN20-400-P,124.62,0.0,0.01,50.0,0.0,0.0,0.0,0.16651,-0.04623,-1.94279,0.00202,-0.89298
124.72,SYN.ETH-3JAN20,1577444345177,open,0.21,0.0,0.169,0.244,0.204703,77.79,None,0.0,ETH-3JAN20-150-P,124.62,0.0,0.0,0.0,0.0,0.0,0.0,0.01678,-0.09491,-0.0272,0.00736,-0.95308
127.95,ETH-26JUN20,1577444345179,open,0.54,426.0,0.456,0.612,0.532221,85.79,0.47,0.0,ETH-26JUN20-180-P,124.62,74.87,0.503,180.0,0.577,200.0,101.98,0.34827,-0.08214,-0.72369,0.00498,-0.60288
125.92,ETH-27MAR20,1577444345179,open,0.03,1232.0,0.011,0.062,0.031548,91.31,0.033,0.0,ETH-27MAR20-220-C,124.62,90.02,0.03,394.0,0.033,490.0,92.49,0.1525,-0.07661,0.04008,0.00423,0.1594
127.95,ETH-26JUN20,1577444345232,open,1.24,0.0,1.152,1.341,1.241332,92.83,None,0.0,ETH-26JUN20-280-P,124.62,0.0,0.011,3.0,0.0,0.0,0.0,0.24732,-0.06311,-1.30605,0.00327,-0.80718
125.92,ETH-27MAR20,1577444345232,open,0.93,118.0,0.861,1.01,0.931257,94.66,0.978,0.0,ETH-27MAR20-240-P,124.62,0.0,0.004,9.0,0.0,0.0,0.0,0.13247,-0.06899,-0.56491,0.00354,-0.87063
127.95,ETH-26JUN20,1577444345232,open,0.02,247.0,0.011,0.047,0.025893,92.09,0.017,0.0,ETH-26JUN20-60-P,124.62,87.76,0.022,300.0,0.03,384.0,96.39,0.11874,-0.03006,-0.05993,0.00158,-0.06811
125.92,ETH-27MAR20,1577444345232,open,0.0,1222.0,0.001,0.011,0.001311,120.0,0.003,0.0,ETH-27MAR20-640-C,124.62,125.45,0.002,910.0,0.004,950.0,135.92,0.01355,-0.00894,0.00205,0.00029,0.00785
124.72,SYN.ETH-3JAN20,1577444345232,open,0.2,1.0,0.174,0.229,0.201215,101.7,0.208,0.0,ETH-3JAN20-100-C,124.62,0.0,0.0,0.0,0.0,0.0,0.0,0.01744,-0.12899,0.01761,0.00585,0.95076
125.12,SYN.ETH-31JAN20,1577444345232,open,0.05,1868.0,0.02,0.074,0.044824,70.91,0.042,0.0,ETH-31JAN20-140-C,124.62,67.53,0.041,432.0,0.048,469.0,73.69,0.14226,-0.14462,0.0357,0.01341,0.34345
125.12,SYN.ETH-31JAN20,1577444345232,open,0.0,824.0,0.001,0.012,0.002998,101.63,0.006,0.0,ETH-31JAN20-240-C,124.62,95.87,0.002,650.0,0.004,950.0,106.27,0.0246,-0.03584,0.00295,0.00162,0.02766
125.12,SYN.ETH-31JAN20,1577444345232,open,0.76,1.0,0.708,0.821,0.761853,92.93,0.739,0.0,ETH-31JAN20-220-P,124.62,0.0,0.01,50.0,0.0,0.0,0.0,0.0294,-0.03917,-0.20653,0.00211,-0.96569
125.92,ETH-27MAR20,1577444345234,open,0.01,1307.0,0.001,0.027,0.009013,108.83,0.008,0.0,ETH-27MAR20-360-C,124.62,106.72,0.008,260.0,0.01,651.0,110.74,0.06289,-0.03765,0.01227,0.00146,0.04816
127.95,ETH-26JUN20,1577444345234,open,1.55,0.0,1.447,1.648,1.541524,95.22,1.06,0.0,ETH-26JUN20-320-P,124.62,0.0,0.015,2.0,0.0,0.0,0.0,0.21247,-0.05562,-1.52345,0.00274,-0.84798
125.92,ETH-27MAR20,1577444345234,open,0.01,1405.0,0.001,0.024,0.007513,113.68,0.008,0.0,ETH-27MAR20-400-C,124.62,112.45,0.007,10.0,0.008,650.0,114.8,0.05383,-0.03367,0.01009,0.0012,0.03971
125.12,SYN.ETH-31JAN20,1577444345234,open,0.45,25.0,0.401,0.499,0.44768,79.62,0.35,0.0,ETH-31JAN20-180-P,124.62,0.0,0.012,5.0,0.0,0.0,0.0,0.06163,-0.07035,-0.16258,0.00518,-0.91225
127.95,ETH-26JUN20,1577444345236,open,0.67,245.0,0.586,0.749,0.66509,87.02,0.71,0.0,ETH-26JUN20-200-P,124.62,0.0,0.001,10.0,0.0,0.0,0.0,0.32989,-0.07892,-0.8466,0.00465,-0.66278
125.92,ETH-27MAR20,1577444345236,open,0.04,2457.0,0.016,0.076,0.041547,88.43,0.039,0.0,ETH-27MAR20-200-C,124.62,86.61,0.039,300.0,0.044,842.0,90.15,0.17792,-0.08657,0.05088,0.0051,0.20385
127.95,ETH-26JUN20,1577444345236,open,0.25,176.0,0.199,0.302,0.251706,81.48,0.279,0.0,ETH-26JUN20-120-C,124.62,73.55,0.231,50.0,0.268,180.0,87.77,0.33274,-0.07454,0.25719,0.00501,0.6551
127.95,ETH-26JUN20,1577444345236,open,0.12,646.0,0.072,0.161,0.114163,83.38,0.106,0.0,ETH-26JUN20-100-P,124.62,81.01,0.109,273.0,0.118,200.0,85.14,0.27944,-0.06406,-0.22447,0.00411,-0.23791
124.72,SYN.ETH-3JAN20,1577444345236,open,0.01,568.0,0.001,0.022,0.006028,78.29,0.006,0.0,ETH-3JAN20-110-P,124.62,74.17,0.005,1260.0,0.007,500.0,81.92,0.03235,-0.18416,-0.00274,0.0141,-0.11077
125.92,ETH-27MAR20,1577444345238,open,2.19,5.0,2.086,2.294,2.183881,113.08,2.004,0.0,ETH-27MAR20-400-P,124.62,0.0,0.046,50.0,0.0,0.0,0.0,0.05268,-0.03278,-0.98605,0.00118,-0.96133
125.92,ETH-27MAR20,1577444345238,open,0.01,1737.0,0.001,0.018,0.004989,120.01,0.006,0.0,ETH-27MAR20-480-C,124.62,120.04,0.005,10.0,0.006,650.0,123.11,0.03853,-0.02544,0.00674,0.00081,0.02648
125.92,ETH-27MAR20,1577444345238,open,0.0,885.0,0.001,0.012,0.002498,120.01,0.004,0.0,ETH-27MAR20-560-C,124.62,117.01,0.002,1320.0,0.005,950.0,130.73,0.02265,-0.01495,0.00366,0.00048,0.01416
125.12,SYN.ETH-31JAN20,1577444345238,open,0.0,1628.0,0.001,0.013,0.00358,93.16,0.004,0.0,ETH-31JAN20-220-C,124.62,90.58,0.003,650.0,0.004,240.0,94.87,0.02967,-0.03963,0.00372,0.00213,0.0347
125.12,SYN.ETH-31JAN20,1577444345238,open,0.07,1462.0,0.037,0.102,0.066985,71.26,0.065,0.0,ETH-31JAN20-120-P,124.62,69.58,0.065,192.0,0.069,650.0,72.97,0.14751,-0.15071,-0.0537,0.01384,-0.38217
125.12,SYN.ETH-31JAN20,1577444345238,open,1.08,0.0,1.018,1.148,1.079969,105.04,None,0.0,ETH-31JAN20-260-P,124.62,0.0,0.01,50.0,0.0,0.0,0.0,0.01736,-0.02614,-0.24648,0.0011,-0.98171
127.95,ETH-26JUN20,1577444345240,open,0.02,110.0,0.004,0.046,0.01802,107.2,0.024,0.0,ETH-26JUN20-520-C,124.62,105.0,0.016,120.0,0.02,770.0,109.22,0.12149,-0.0358,0.03324,0.00139,0.07016
125.92,ETH-27MAR20,1577444345240,open,0.02,2403.0,0.005,0.042,0.01741,100.71,0.017,0.0,ETH-27MAR20-280-C,124.62,100.2,0.017,9.0,0.018,651.0,101.43,0.10227,-0.05667,0.02285,0.00257,0.09028
125.12,SYN.ETH-31JAN20,1577444345240,open,0.22,2.0,0.19,0.254,0.222318,79.6,0.236,0.0,ETH-31JAN20-100-C,124.62,42.98,0.203,38.0,0.243,37.0,105.49,0.09042,-0.10319,0.07497,0.00759,0.84939
127.95,ETH-26JUN20,1577444345244,open,0.33,1.0,0.285,0.378,0.332608,83.38,0.38,0.0,ETH-26JUN20-100-C,124.62,68.74,0.301,48.0,0.368,48.0,99.5,0.27944,-0.06406,0.27382,0.00411,0.76209
125.92,ETH-27MAR20,1577444345244,open,4.09,0.0,3.935,4.243,4.083499,115.73,None,0.0,ETH-27MAR20-640-P,124.62,0.0,0.01,50.0,0.0,0.0,0.0,0.01029,-0.00655,-1.59192,0.00023,-0.99425
127.95,ETH-26JUN20,1577444345246,open,2.47,0.0,2.347,2.593,2.462375,103.0,None,0.0,ETH-26JUN20-440-P,124.62,0.0,0.01,50.0,0.0,0.0,0.0,0.14774,-0.04183,-2.14953,0.00176,-0.90911
125.92,ETH-27MAR20,1577444345246,open,0.01,1189.0,0.001,0.022,0.006509,118.24,0.007,0.0,ETH-27MAR20-440-C,124.62,116.85,0.006,30.0,0.007,650.0,119.52,0.04736,-0.03081,0.00861,0.00101,0.03396
127.95,ETH-26JUN20,1577444345246,open,3.71,0.0,3.557,3.867,3.703353,110.26,None,0.0,ETH-26JUN20-600-P,124.62,0.0,0.01,50.0,0.0,0.0,0.0,0.10078,-0.03055,-2.96348,0.00112,-0.94479
124.72,SYN.ETH-3JAN20,1577444345248,open,0.29,0.0,0.246,0.327,0.28438,94.02,None,0.0,ETH-3JAN20-160-P,124.62,0.0,0.0,0.0,0.0,0.0,0.0,0.01198,-0.08188,-0.02945,0.00435,-0.96898
7273.51,BTC-27MAR20,1577444345573,open,0.1,788.2,0.0635,0.1345,0.0951402,67.07,0.0925,0.0,BTC-27MAR20-8000-C,7171.06,66.24,0.0935,0.5,0.097,12.2,68.01,14.37978,-5.30658,6.4874,0.00016,0.45338
7273.51,BTC-27MAR20,1577444345573,open,3.68,0.0,3.583,3.777,3.67581003,114.91,None,0.0,BTC-27MAR20-34000-P,7171.06,0.0,0.0015,10.0,0.0,0.0,0.0,0.80708,-0.51026,-84.52784,1e-05,-0.99187
7186.45,SYN.BTC-10JAN20,1577444345573,open,0.01,50.8,0.0005,0.02,0.00654336,60.97,0.006,0.0,BTC-10JAN20-6250-P,7171.06,59.44,0.006,30.0,0.007,2.5,62.21,2.61072,-5.73539,-0.31459,0.00022,-0.10861
7186.45,SYN.BTC-10JAN20,1577444345573,open,0.01,16.1,0.001,0.0295,0.01086119,57.65,0.01,0.0,BTC-10JAN20-6500-P,7171.06,55.89,0.01,24.0,0.012,39.3,59.91,3.56202,-7.39974,-0.49744,0.00031,-0.17122
7178.53,SYN.BTC-3JAN20,1577444345573,open,0.02,259.5,0.0065,0.0445,0.01600518,49.23,0.017,0.0,BTC-3JAN20-7000-P,7171.06,47.23,0.015,16.0,0.017,11.0,51.19,3.61882,-12.95436,-0.48435,0.00076,-0.34217
7273.51,BTC-27MAR20,1577444345574,open,0.42,136.4,0.374,0.468,0.41656781,71.19,0.41,0.0,BTC-27MAR20-10000-P,7171.06,54.73,0.394,12.0,0.443,4.0,87.21,11.18397,-4.38053,-21.37568,0.00012,-0.76381
7241.85,SYN.BTC-28FEB20,1577444345573,open,0.06,5.2,0.03,0.082,0.05221427,60.53,0.054,0.0,BTC-28FEB20-6500-P,7171.06,59.68,0.051,15.4,0.0525,0.5,60.73,10.27493,-4.94608,-4.25887,0.00019,-0.28918
7273.51,BTC-27MAR20,1577444345575,open,3.13,0.0,3.044,3.218,3.1265533,112.16,None,0.0,BTC-27MAR20-30000-P,7171.06,0.0,0.0015,10.0,0.0,0.0,0.0,1.14691,-0.70779,-74.50826,1e-05,-0.98784
7186.45,SYN.BTC-10JAN20,1577444345573,open,0.22,0.0,0.195,0.2505,0.22082724,63.55,None,0.0,BTC-10JAN20-8750-P,7171.06,0.0,0.0,0.0,0.0,0.0,0.0,1.74251,-3.99015,-3.16206,0.00014,-0.9366
7422.62,BTC-26JUN20,1577444345575,open,0.1,350.8,0.0665,0.143,0.09945722,71.4,0.099,0.0,BTC-26JUN20-6000-P,7171.06,70.3,0.097,12.1,0.102,0.1,72.53,16.65386,-3.26892,-12.92888,8e-05,-0.2501
7533.3,SYN.BTC-25SEP20,1577444345573,open,0.09,0.0,0.0535,0.151,0.09358596,80.54,None,0.0,BTC-25SEP20-14000-C,7171.06,78.82,0.0885,14.0,0.0985,18.5,82.18,22.43846,-3.31125,11.28634,7e-05,0.29398
7241.85,SYN.BTC-28FEB20,1577444345573,open,0.02,15.2,0.008,0.039,0.01908631,65.39,0.0225,0.0,BTC-28FEB20-5500-P,7171.06,64.11,0.018,42.3,0.02,2.5,66.45,6.19415,-3.22113,-1.79994,0.0001,-0.1252
7241.85,SYN.BTC-28FEB20,1577444345573,open,0.34,0.0,0.3005,0.3785,0.33612769,64.12,None,0.0,BTC-28FEB20-9500-P,7171.06,0.0,0.0,0.0,0.0,0.0,0.0,8.09225,-4.12606,-14.32809,0.00014,-0.81242
7186.45,SYN.BTC-10JAN20,1577444345573,open,0.1,0.0,0.071,0.128,0.09263139,52.46,None,0.0,BTC-10JAN20-7750-P,7171.06,0.0,0.0645,6.0,0.12,6.0,92.08,4.41518,-8.34683,-2.31277,0.00043,-0.75393
7178.53,SYN.BTC-3JAN20,1577444345573,open,0.02,263.8,0.01,0.0515,0.02123902,47.1,0.021,0.0,BTC-3JAN20-7250-C,7171.06,44.82,0.02,28.0,0.023,0.1,50.34,3.90196,-13.36457,0.58233,0.00085,0.45188
7241.85,SYN.BTC-28FEB20,1577444345573,open,0.09,0.8,0.0575,0.1185,0.08500021,60.59,0.086,0.0,BTC-28FEB20-7500-C,7171.06,58.78,0.082,23.0,0.0875,14.4,62.1,11.98988,-5.77693,5.10969,0.00022,0.4946
7241.85,SYN.BTC-28FEB20,1577444345573,open,0.17,0.0,0.132,0.2065,0.16627456,60.93,None,0.0,BTC-28FEB20-8000-P,7171.06,37.85,0.131,5.0,0.1985,5.0,80.77,11.57014,-5.60564,-9.62642,0.00021,-0.60538
7241.85,SYN.BTC-28FEB20,1577444345573,open,0.53,0.0,0.494,0.5735,0.53010276,68.86,None,0.0,BTC-28FEB20-11000-P,7171.06,0.0,0.0,0.0,0.0,0.0,0.0,5.01972,-2.74882,-17.92194,8e-05,-0.90653
7241.85,SYN.BTC-28FEB20,1577444345573,open,0.12,2.0,0.089,0.159,0.12064699,60.59,0.119,0.0,BTC-28FEB20-7500-P,7171.06,59.59,0.119,14.8,0.123,14.4,62.01,11.98988,-5.77693,-7.80998,0.00022,-0.5054
7241.85,SYN.BTC-28FEB20,1577444345573,open,0.05,15.6,0.0235,0.0745,0.04483552,61.8,0.044,0.0,BTC-28FEB20-8500-C,7171.06,60.55,0.043,14.2,0.0465,19.3,62.94,10.60192,-5.21063,3.30627,0.00019,0.30987
7533.3,SYN.BTC-25SEP20,1577444345573,open,1.71,1.0,1.628,1.8005,1.70470763,85.41,1.68,0.0,BTC-25SEP20-20000-P,7171.06,0.0,0.06,1.0,0.0,0.0,0.0,16.50112,-2.58228,-142.73642,5e-05,-0.82971
7241.85,SYN.BTC-28FEB20,1577444345573,open,0.22,0.0,0.183,0.2605,0.21856853,61.8,None,0.0,BTC-28FEB20-8500-P,7171.06,0.0,0.0,0.0,0.0,0.0,0.0,10.60192,-5.21063,-11.33601,0.00019,-0.69013
7186.45,SYN.BTC-10JAN20,1577444345573,open,0.02,56.4,0.0075,0.043,0.01715468,53.71,0.0175,0.0,BTC-10JAN20-6750-P,7171.06,52.67,0.0165,24.0,0.018,5.0,55.05,4.52355,-8.75513,-0.75073,0.00043,-0.25764
7241.85,SYN.BTC-28FEB20,1577444345573,open,0.09,8.0,0.055,0.1175,0.0824924,60.53,0.083,0.0,BTC-28FEB20-7000-P,7171.06,59.29,0.0805,15.0,0.0845,19.3,61.79,11.58999,-5.57912,-5.98311,0.00021,-0.39712
7533.3,SYN.BTC-25SEP20,1577444345573,open,0.14,0.1,0.0935,0.201,0.14031952,77.5,0.1495,0.0,BTC-25SEP20-11000-C,7171.06,75.61,0.134,5.0,0.1465,17.0,79.33,25.30781,-3.59383,15.13674,8e-05,0.40909
7533.3,SYN.BTC-25SEP20,1577444345573,open,0.06,0.0,0.0295,0.1125,0.06097019,84.26,None,0.0,BTC-25SEP20-18000-C,7171.06,82.61,0.057,14.0,0.0645,9.9,85.69,18.39278,-2.83962,7.99253,5e-05,0.20288
7241.85,SYN.BTC-28FEB20,1577444345573,open,0.16,0.5,0.126,0.187,0.15465373,60.53,0.1685,0.0,BTC-28FEB20-6500-C,7171.06,59.01,0.1525,6.0,0.159,13.5,63.58,10.27493,-4.94608,6.93817,0.00019,0.71082
7241.85,SYN.BTC-28FEB20,1577444345573,open,0.01,31.1,0.0015,0.029,0.01115415,68.86,0.0115,0.0,BTC-28FEB20-11000-C,7171.06,67.9,0.0105,25.3,0.0115,24.0,69.36,5.01972,-2.74882,1.02689,8e-05,0.09347
7186.45,SYN.BTC-10JAN20,1577444345573,open,0.01,2.7,0.0005,0.022,0.00574063,56.0,0.006,0.0,BTC-10JAN20-8250-C,7171.06,53.96,0.005,15.0,0.0065,30.0,57.97,2.6901,-5.42837,0.2937,0.00024,0.11324
7241.85,SYN.BTC-28FEB20,1577444345573,open,0.2,0.0,0.1775,0.234,0.20403369,62.84,None,0.0,BTC-28FEB20-6000-C,7171.06,34.91,0.1775,6.0,0.229,6.0,83.22,8.34316,-4.16891,7.46978,0.00015,0.80282
7186.45,SYN.BTC-10JAN20,1577444345573,open,0.17,0.0,0.15,0.191,0.16946655,66.32,None,0.0,BTC-10JAN20-6000-C,7171.06,0.0,0.1515,7.0,0.186,7.0,108.15,1.92556,-4.60201,2.07188,0.00015,0.92785
7241.85,SYN.BTC-28FEB20,1577444345573,open,0.03,21.1,0.01,0.0485,0.02430844,64.12,0.025,0.0,BTC-28FEB20-9500-C,7171.06,63.39,0.0235,14.2,0.025,19.3,64.73,8.09225,-4.12606,2.03682,0.00014,0.18758
7186.45,SYN.BTC-10JAN20,1577444345573,open,0.06,7.3,0.037,0.0865,0.05495577,53.0,0.052,0.0,BTC-10JAN20-7000-C,7171.06,49.69,0.0525,18.0,0.057,43.3,55.75,5.33419,-10.18812,1.54426,0.00051,0.62021
7186.45,SYN.BTC-10JAN20,1577444345573,open,0.07,2.6,0.047,0.1025,0.06672758,51.99,0.065,0.0,BTC-10JAN20-7500-P,7171.06,48.21,0.064,18.0,0.067,0.2,52.36,5.21888,-9.77693,-1.94316,0.00051,-0.64454
7186.45,SYN.BTC-10JAN20,1577444345573,open,0.11,0.0,0.085,0.132,0.10638107,57.65,None,0.0,BTC-10JAN20-6500-C,7171.06,0.0,0.083,7.0,0.1085,17.4,61.81,3.56202,-7.39974,1.97357,0.00031,0.82878
