underlying_price,underlying_index,timestamp,state,settlement_price,open_interest,min_price,max_price,mark_price,mark_iv,last_price,interest_rate,instrument_name,index_price,bid_iv,best_bid_price,best_bid_amount,best_ask_price,best_ask_amount,ask_iv,vega,theta,rho,gamma,delta
9515.19,BTC-27SEP19,1564225139986,open,0.21,377.9,0.1405,0.22,0.18040016,95.62,0.202,0.0,BTC-27SEP19-9000-C,9498.28,90.85,0.173,14.4,0.1825,5.8,96.98,14.7604,-11.40533,7.29107,0.0001,0.63241
9515.19,BTC-27SEP19,1564225139995,open,0.44,80.9,0.4565,0.577,0.51679175,99.45,0.43,0.0,BTC-27SEP19-14000-P,9498.28,89.57,0.505,4.0,0.5235,5.0,104.7,11.89975,-9.5625,-20.75437,8e-05,-0.76987
9515.19,BTC-27SEP19,1564225139996,open,0.04,219.8,0.0005,0.066,0.02601887,100.08,0.03,0.0,BTC-27SEP19-16000-C,9498.28,95.08,0.0215,29.3,0.0295,5.5,103.68,8.95651,-7.24303,1.92981,6e-05,0.14566
9507.97,SYN.BTC-30AUG19,1564225139998,open,0.06,153.9,0.0455,0.132,0.08883336,96.36,0.084,0.0,BTC-30AUG19-9000-P,9498.28,88.24,0.0795,24.5,0.085,10.0,93.03,10.92946,-15.54503,-4.04238,0.00014,-0.36926
9515.19,BTC-27SEP19,1564225140013,open,0.01,487.0,0.0005,0.049,0.00923622,101.99,0.0135,0.0,BTC-27SEP19-20000-C,9498.28,99.35,0.008,21.0,0.0105,4.9,104.49,4.63585,-3.82059,0.81063,3e-05,0.05949
9507.97,SYN.BTC-30AUG19,1564225140015,open,0.01,64.6,0.0005,0.044,0.00431884,99.77,0.0075,0.0,BTC-30AUG19-17000-C,9498.28,88.6,0.002,5.3,0.006,9.8,105.65,2.45666,-3.61777,0.30802,3e-05,0.03922
9515.19,BTC-27SEP19,1564225140022,open,0.01,670.6,0.0005,0.0595,0.01909535,96.75,0.0175,0.0,BTC-27SEP19-6000-P,9498.28,91.86,0.016,5.8,0.021,24.0,99.61,6.22637,-4.86807,-1.71835,4e-05,-0.08743
9502.55,SYN.BTC-9AUG19,1564225140023,open,0.01,179.1,0.0005,0.047,0.00735198,101.53,0.009,0.0,BTC-9AUG19-12500-C,9498.28,96.86,0.006,4.5,0.008,0.3,103.62,2.89187,-11.4018,0.27615,9e-05,0.08973
9507.97,SYN.BTC-30AUG19,1564225140027,open,0.0,185.2,0.0005,0.0465,0.00652588,98.9,0.0055,0.0,BTC-30AUG19-6000-P,9498.28,93.41,0.005,0.1,0.0085,28.4,105.11,2.82458,-4.12328,-0.46895,3e-05,-0.04662
9502.55,SYN.BTC-9AUG19,1564225140028,open,0.03,57.1,0.007,0.0905,0.04893192,99.31,0.0375,0.0,BTC-9AUG19-9000-P,9498.28,92.2,0.044,4.7,0.05,4.3,100.84,6.61261,-25.50056,-1.33819,0.00021,-0.35028
9502.55,SYN.BTC-9AUG19,1564225140030,open,0.03,57.1,0.007,0.0905,0.04893192,99.31,0.0375,0.0,BTC-9AUG19-9000-P,9498.28,92.2,0.044,4.7,0.0505,4.9,101.56,6.61261,-25.50056,-1.33819,0.00021,-0.35028
9507.97,SYN.BTC-30AUG19,1564225140035,open,0.09,159.8,0.024,0.1035,0.06386913,97.6,0.0815,0.0,BTC-30AUG19-11000-C,9498.28,94.21,0.06,5.2,0.069,20.3,102.05,10.90088,-15.70346,2.6691,0.00013,0.36634
9502.55,SYN.BTC-9AUG19,1564225140050,open,0.07,2.6,0.0615,0.1495,0.10535997,99.46,0.106,0.0,BTC-9AUG19-10000-P,9498.28,94.21,0.1015,18.9,0.107,4.9,101.68,7.00605,-27.05943,-2.26832,0.00022,-0.57132
9500.75,SYN.BTC-2AUG19,1564225140056,open,0.05,150.3,0.039,0.125,0.08212704,99.53,0.078,0.0,BTC-2AUG19-10000-P,9498.28,90.82,0.078,3.5,0.083,3.9,101.35,4.53512,-38.41022,-1.09523,0.00031,-0.63399
9502.55,SYN.BTC-9AUG19,1564225140061,open,0.05,41.8,0.0315,0.117,0.074153,99.3,0.0635,0.0,BTC-9AUG19-9500-P,9498.28,96.41,0.072,9.5,0.076,5.1,101.78,7.0883,-27.3334,-1.79818,0.00022,-0.46228
9502.55,SYN.BTC-9AUG19,1564225140068,open,0.06,25.9,0.0005,0.077,0.03711485,100.04,0.04,0.0,BTC-9AUG19-10500-C,9498.28,94.69,0.0335,5.2,0.04,0.6,104.26,6.471,-25.13982,0.98501,0.0002,0.33096
9515.19,BTC-27SEP19,1564225140074,open,0.05,391.1,0.0005,0.074,0.03446505,99.87,0.0425,0.0,BTC-27SEP19-15000-C,9498.28,95.2,0.0295,25.0,0.039,30.3,103.92,10.41214,-8.40291,2.40741,7e-05,0.18371
9502.55,SYN.BTC-9AUG19,1564225140078,open,0.01,123.0,0.0005,0.0495,0.0094103,103.79,0.006,0.0,BTC-9AUG19-7500-P,9498.28,95.71,0.007,4.2,0.011,5.3,108.64,3.01307,-12.14431,-0.34949,9e-05,-0.09485
9507.97,SYN.BTC-30AUG19,1564225140104,open,0.03,134.8,0.0045,0.0875,0.04603261,96.37,0.031,0.0,BTC-30AUG19-8000-P,9498.28,89.23,0.0395,5.1,0.0475,5.6,97.94,8.82032,-12.54563,-2.44611,0.00011,-0.23117
9514.24,BTC-27SEP19,1564225140115,open,0.15,259.8,0.1395,0.2335,0.18650183,95.42,0.1425,0.0,BTC-27SEP19-10000-P,9498.28,89.93,0.1775,3.0,0.1905,5.8,97.86,15.58989,-12.02094,-10.62435,0.00011,-0.47222
9514.35,BTC-27SEP19,1564225140426,open,1.56,0.0,1.6255,1.8435,1.73452518,101.47,None,0.0,BTC-27SEP19-26000-P,9498.0,0.0,0.0,0.0,0.0,0.0,0.0,1.39777,-1.14611,-43.87928,1e-05,-0.986
9514.35,BTC-27SEP19,1564225140426,open,0.0,617.1,0.0005,0.0425,0.00265829,140.12,0.0005,0.0,BTC-27SEP19-3000-P,9498.0,0.0,0.0,0.0,0.0015,11.8,128.65,1.13799,-1.28855,-0.22093,1e-05,-0.01104
9663.31,BTC-27DEC19,1564225140426,open,3.27,0.0,3.377,3.741,3.55906187,103.96,3.46,0.0,BTC-27DEC19-44000-P,9498.0,0.0,0.0,0.0,0.0,0.0,0.0,3.97553,-1.35175,-183.40265,1e-05,-0.97236
9663.31,BTC-27DEC19,1564225140426,open,2.89,0.0,2.982,3.3135,3.14780597,104.4,2.58,0.0,BTC-27DEC19-40000-P,9498.0,0.0,0.0005,3.1,0.0,0.0,0.0,5.25807,-1.79535,-166.30584,1e-05,-0.96119
9514.35,BTC-27SEP19,1564225140426,open,0.27,901.9,0.1985,0.278,0.23821395,96.75,0.2995,0.0,BTC-27SEP19-8000-C,9498.0,83.01,0.22,2.0,0.3165,5.0,153.81,12.77952,-9.99069,8.04625,9e-05,0.73708
9514.35,BTC-27SEP19,1564225140426,open,0.01,442.0,0.0005,0.0455,0.00558644,102.59,0.005,0.0,BTC-27SEP19-22000-C,9498.0,99.19,0.0045,1.0,0.0065,4.5,105.15,3.24411,-2.68942,0.5243,2e-05,0.03809
9663.31,BTC-27DEC19,1564225140426,open,0.0,376.4,0.0005,0.0455,0.00553401,102.45,0.0035,0.0,BTC-27DEC19-3000-P,9498.0,94.43,0.0035,5.6,0.008,5.1,110.17,2.77587,-0.93017,-0.95479,1e-05,-0.01806
9514.35,BTC-27SEP19,1564225140426,open,1.76,0.0,1.8265,2.0615,1.94422623,103.55,None,0.0,BTC-27SEP19-28000-P,9498.0,0.0,0.0,0.0,0.0,0.0,0.0,1.06319,-0.88964,-47.32262,1e-05,-0.98979
9514.35,BTC-27SEP19,1564225140426,open,0.51,790.2,0.442,0.5215,0.48155749,98.89,0.498,0.0,BTC-27SEP19-5000-C,9498.0,0.0,0.051,1.0,0.6295,5.0,299.39,3.18436,-2.54461,7.76137,2e-05,0.96276
9514.35,BTC-27SEP19,1564225140427,open,1.37,0.2,1.4245,1.6265,1.52551983,101.28,1.6,0.0,BTC-27SEP19-24000-P,9498.0,0.0,0.0,0.0,0.0,0.0,0.0,2.07183,-1.69564,-40.37594,1e-05,-0.9778
9663.03,BTC-27DEC19,1564225140427,open,0.35,204.9,0.2825,0.362,0.32225612,97.59,0.32,0.0,BTC-27DEC19-8000-C,9498.0,38.04,0.2005,0.1,0.33,0.1,101.22,20.65198,-6.59192,16.52931,5e-05,0.73067
9514.35,BTC-27SEP19,1564225140427,open,0.01,287.4,0.0005,0.043,0.00330776,102.59,0.006,0.0,BTC-27SEP19-24000-C,9498.0,82.14,0.0005,14.0,0.004,5.2,105.39,2.20371,-1.82684,0.33194,1e-05,0.02389
9663.03,BTC-27DEC19,1564225140427,open,4.04,1.0,4.1695,4.5995,4.3844091,104.37,4.454,0.0,BTC-27DEC19-52000-P,9498.0,0.0,0.001,1.0,6.0,1.0,500.0,2.45305,-0.83736,-217.28748,1e-05,-0.98437
9663.03,BTC-27DEC19,1564225140427,open,1.75,2.0,1.807,2.04,1.92344257,103.21,1.563,0.0,BTC-27DEC19-28000-P,9498.0,0.0,0.001,1.0,0.0,0.0,0.0,11.29715,-3.81353,-114.10739,3e-05,-0.89595
9500.75,SYN.BTC-2AUG19,1564225140426,open,0.36,0.0,0.2765,0.356,0.3164918,134.69,None,0.0,BTC-2AUG19-6500-C,9498.0,0.0,0.01,10.0,0.0,0.0,0.0,0.3364,-3.85581,1.02924,2e-05,0.98946
9514.35,BTC-27SEP19,1564225140429,open,0.0,138.7,0.0005,0.042,0.00212918,103.52,0.002,0.0,BTC-27SEP19-26000-C,9498.0,88.18,0.0005,10.1,0.003,5.5,108.21,1.56406,-1.30832,0.22296,1e-05,0.01595
9663.03,BTC-27DEC19,1564225140430,open,0.02,322.1,0.0005,0.0525,0.0129272,105.4,0.014,0.0,BTC-27DEC19-36000-C,9498.0,104.11,0.012,18.0,0.0165,6.0,109.92,7.08139,-2.44114,1.75345,2e-05,0.05625
9507.08,SYN.BTC-30AUG19,1564225140426,open,0.32,0.0,0.2435,0.323,0.28348441,97.32,None,0.0,BTC-30AUG19-7000-C,9498.0,0.0,0.0,0.0,0.0,0.0,0.0,5.75473,-8.26661,5.27348,7e-05,0.88114
9499.81,SYN.BTC-2AUG19,1564225140427,open,0.0,112.6,0.0005,0.0405,0.00062177,133.89,0.0005,0.0,BTC-2AUG19-6500-P,9498.0,0.0,0.0,0.0,0.0005,42.1,130.09,0.32702,-3.726,-0.01656,2e-05,-0.01021
9501.62,SYN.BTC-9AUG19,1564225140426,open,0.22,0.0,0.1355,0.215,0.17517002,100.81,None,0.0,BTC-9AUG19-8000-C,9498.0,0.0,0.0005,0.1,0.0,0.0,0.0,4.30445,-16.85125,2.23545,0.00013,0.84211
9501.62,SYN.BTC-9AUG19,1564225140426,open,0.26,0.0,0.1805,0.26,0.22015245,104.01,None,0.0,BTC-9AUG19-7500-C,9498.0,0.0,0.0,0.0,0.0,0.0,0.0,3.0242,-12.21529,2.29432,9e-05,0.90466
9663.03,BTC-27DEC19,1564225140432,open,2.51,1.3,2.5885,2.8875,2.73801182,104.77,2.2,0.0,BTC-27DEC19-36000-P,9498.0,0.0,0.0005,1.1,0.0,0.0,0.0,6.9298,-2.37466,-149.0712,2e-05,-0.94527
9663.03,BTC-27DEC19,1564225140431,open,3.66,0.0,3.773,4.1705,3.97181184,104.94,None,0.0,BTC-27DEC19-48000-P,9498.0,0.0,0.0,0.0,6.0,1.0,500.0,3.23963,-1.11191,-200.34442,1e-05,-0.97834
9499.81,SYN.BTC-2AUG19,1564225140426,open,0.26,0.0,0.174,0.2535,0.21374681,117.95,None,0.0,BTC-2AUG19-7500-C,9498.0,0.0,0.01,10.0,0.0,0.0,0.0,1.22391,-12.28445,1.1274,7e-05,0.95097
9507.08,SYN.BTC-30AUG19,1564225140428,open,0.41,0.0,0.4305,0.5495,0.49008676,99.57,None,0.0,BTC-30AUG19-14000-P,9498.0,0.0,0.0005,0.1,0.0,0.0,0.0,6.1423,-9.02716,-11.99662,7e-05,-0.86953
9501.62,SYN.BTC-9AUG19,1564225140426,open,0.34,0.0,0.367,0.4805,0.42363122,100.99,None,0.0,BTC-9AUG19-13500-P,9498.0,0.0,0.01,0.1,0.0,0.0,0.0,1.52144,-5.96688,-4.63939,5e-05,-0.96052
9499.81,SYN.BTC-2AUG19,1564225140426,open,0.0,150.2,0.0005,0.04,0.00031241,119.72,0.0005,0.0,BTC-2AUG19-14000-C,9498.0,0.0,0.0,0.0,0.002,3.0,152.93,0.22366,-2.27854,0.00965,1e-05,0.00662
9501.62,SYN.BTC-9AUG19,1564225140426,open,0.3,0.0,0.318,0.4275,0.37278057,101.26,None,0.0,BTC-9AUG19-13000-P,9498.0,0.0,0.01,0.1,0.0,0.0,0.0,2.13083,-8.37869,-4.39955,7e-05,-0.93982
209.31,ETH-27DEC19,1564225140436,open,0.02,1127.0,0.001,0.056,0.016744,105.34,0.02,0.0,ETH-27DEC19-720-C,208.33,99.38,0.012,300.0,0.024,50.0,112.8,0.18309,-0.06308,0.04722,0.00095,0.0706
207.47,ETH-27SEP19,1564225140436,open,2.43,0.0,2.518,2.81,2.663651,109.1,None,0.0,ETH-27SEP19-760-P,208.33,0.0,0.001,1.0,0.0,0.0,0.0,0.00976,-0.0086,-1.28719,0.00012,-0.99616
207.47,ETH-27SEP19,1564225140436,open,0.07,5359.0,0.054,0.141,0.097179,101.59,0.067,0.0,ETH-27SEP19-180-P,208.33,96.5,0.09,160.0,0.103,140.0,105.7,0.29316,-0.24066,-0.13674,0.00395,-0.29161
209.31,ETH-27DEC19,1564225140436,open,1.38,37.0,1.425,1.626,1.525053,103.47,0.707,0.0,ETH-27DEC19-520-P,208.33,0.0,0.001,500.0,0.0,0.0,0.0,0.31984,-0.10823,-2.07962,0.00168,-0.84713
209.31,ETH-27DEC19,1564225140436,open,0.14,195.0,0.082,0.161,0.121827,100.91,0.16,0.0,ETH-27DEC19-320-C,208.33,96.04,0.11,40.0,0.135,110.0,106.24,0.51286,-0.16926,0.22033,0.00277,0.37316
207.47,ETH-27SEP19,1564225140436,open,0.16,2063.0,0.155,0.25,0.202468,101.56,0.163,0.0,ETH-27SEP19-220-P,208.33,95.18,0.192,120.0,0.209,110.0,105.55,0.33998,-0.27902,-0.23741,0.00459,-0.47255
209.31,ETH-27DEC19,1564225140436,open,2.25,0.0,2.319,2.594,2.456608,105.33,None,0.0,ETH-27DEC19-720-P,208.33,0.0,0.003,5.0,0.0,0.0,0.0,0.18302,-0.06305,-2.96843,0.00095,-0.92943
209.31,ETH-27DEC19,1564225140436,open,0.03,556.0,0.001,0.067,0.02771,104.09,0.037,0.0,ETH-27DEC19-600-C,208.33,100.92,0.024,300.0,0.032,110.0,107.48,0.2547,-0.08671,0.07214,0.00133,0.10999
209.27,ETH-27DEC19,1564225140437,open,0.07,668.0,0.023,0.102,0.062226,103.07,0.087,0.0,ETH-27DEC19-440-C,208.33,97.52,0.052,40.0,0.068,110.0,106.05,0.39841,-0.1343,0.13612,0.00211,0.21752
207.47,ETH-27SEP19,1564225140437,open,0.04,2542.0,0.001,0.065,0.025145,103.09,0.03,0.0,ETH-27SEP19-360-C,208.33,98.35,0.021,300.0,0.029,110.0,107.19,0.18892,-0.15737,0.03993,0.00251,0.13869
207.88,SYN.ETH-30AUG19,1564225140436,open,0.02,2587.0,0.001,0.072,0.030989,103.1,0.025,0.0,ETH-30AUG19-160-P,208.33,94.82,0.025,161.0,0.033,150.0,105.78,0.1547,-0.23542,-0.03704,0.00374,-0.16097
209.27,ETH-27DEC19,1564225140437,open,0.19,1990.0,0.177,0.274,0.22543,99.52,0.184,0.0,ETH-27DEC19-200-P,208.33,93.92,0.212,40.0,0.236,140.0,103.96,0.50027,-0.16284,-0.50207,0.00274,-0.34738
209.27,ETH-27DEC19,1564225140437,open,2.07,0.0,2.138,2.399,2.268606,104.48,None,0.0,ETH-27DEC19-680-P,208.33,0.0,0.0,0.0,0.0,0.0,0.0,0.20142,-0.06883,-2.79478,0.00105,-0.91996
207.43,ETH-27SEP19,1564225140438,open,1.89,0.0,1.963,2.209,2.086142,101.37,None,0.0,ETH-27SEP19-640-P,208.33,0.0,0.0,0.0,0.0,0.0,0.0,0.01532,-0.01255,-1.08297,0.00021,-0.99363
207.88,SYN.ETH-30AUG19,1564225140437,open,0.01,1420.0,0.001,0.043,0.003764,107.2,0.004,0.0,ETH-30AUG19-400-C,208.33,97.66,0.002,100.0,0.007,500.0,119.02,0.04642,-0.07344,0.00561,0.00108,0.03282
207.43,ETH-27SEP19,1564225140438,open,1.53,24.0,1.595,1.81,1.702511,106.2,1.356,0.0,ETH-27SEP19-560-P,208.33,0.0,0.0,0.0,0.0,0.0,0.0,0.04144,-0.03557,-0.94326,0.00054,-0.97995
207.43,ETH-27SEP19,1564225140438,open,2.25,0.0,2.332,2.609,2.4708,0.0,None,0.0,ETH-27SEP19-720-P,208.33,0.0,0.0,0.0,0.0,0.0,0.0,0.0,0.0,-1.22056,0.0,-1.0
208.28,SYN.ETH-2AUG19,1564225140438,open,0.0,725.0,0.001,0.048,0.008497,104.75,0.002,0.0,ETH-2AUG19-180-P,208.33,89.73,0.005,300.0,0.01,50.0,110.42,0.05351,-0.47699,-0.00438,0.00731,-0.12209
207.88,SYN.ETH-30AUG19,1564225140438,open,0.08,228.0,0.06,0.147,0.103165,102.05,0.075,0.0,ETH-30AUG19-200-P,208.33,95.06,0.095,160.0,0.11,120.0,107.9,0.24296,-0.36593,-0.09512,0.00594,-0.38985
208.28,SYN.ETH-2AUG19,1564225140437,open,0.15,0.0,0.067,0.146,0.106334,105.19,0.138,0.0,ETH-2AUG19-190-C,208.33,68.58,0.094,50.0,0.109,50.0,112.09,0.07927,-0.70955,0.02242,0.01079,0.77493
208.28,SYN.ETH-2AUG19,1564225140438,open,0.05,320.0,0.044,0.13,0.086981,104.41,0.052,0.0,ETH-2AUG19-220-P,208.33,96.0,0.083,300.0,0.093,300.0,116.93,0.09927,-0.88206,-0.02423,0.01361,-0.63564
207.88,SYN.ETH-30AUG19,1564225140438,open,0.38,0.0,0.3,0.379,0.339406,103.5,None,0.0,ETH-30AUG19-140-C,208.33,0.0,0.0,0.0,0.0,0.0,0.0,0.09332,-0.14256,0.11219,0.00225,0.92093
208.28,SYN.ETH-2AUG19,1564225140438,open,0.08,167.0,0.01,0.089,0.04905,104.49,0.051,0.0,ETH-2AUG19-210-C,208.33,92.53,0.043,300.0,0.053,150.0,112.29,0.10543,-0.93738,0.01518,0.01445,0.50176
207.43,ETH-27SEP19,1564225140447,open,0.01,4476.0,0.001,0.046,0.006125,104.2,0.007,0.0,ETH-27SEP19-480-C,208.33,88.57,0.002,221.0,0.009,140.0,111.25,0.07484,-0.06302,0.01221,0.00098,0.04084
207.43,ETH-27SEP19,1564225140448,open,0.0,5663.0,0.001,0.042,0.002313,109.39,0.002,0.0,ETH-27SEP19-600-C,208.33,99.22,0.001,493.0,0.004,40.0,117.59,0.03502,-0.03096,0.00497,0.00044,0.01646
9663.03,BTC-27DEC19,1564225140449,open,1.56,0.0,1.614,1.8315,1.72281444,103.21,None,0.0,BTC-27DEC19-26000-P,9498.0,0.0,0.005,10.0,2.523,0.2,500.0,12.91024,-4.35798,-105.11904,3e-05,-0.87449
207.43,ETH-27SEP19,1564225140450,open,0.05,2012.0,0.001,0.08,0.040818,102.46,0.069,0.0,ETH-27SEP19-320-C,208.33,98.28,0.036,460.0,0.045,110.0,105.95,0.24409,-0.20209,0.05845,0.00327,0.20704
9663.31,BTC-27DEC19,1564225140454,open,1.19,3.9,1.2345,1.42,1.3272728,102.94,0.752,0.0,BTC-27DEC19-22000-P,9498.0,0.0,0.006,2.0,2.121,0.3,500.0,16.61308,-5.59319,-86.75964,4e-05,-0.81643
209.31,ETH-27DEC19,1564225140456,open,0.04,2244.0,0.009,0.093,0.050983,99.74,0.04,0.0,ETH-27DEC19-120-P,208.33,94.99,0.045,301.0,0.056,140.0,103.61,0.26791,-0.08739,-0.14822,0.00146,-0.11808
9663.31,BTC-27DEC19,1564225140456,open,1.37,0.0,1.4235,1.625,1.52410247,103.24,None,0.0,BTC-27DEC19-24000-P,9498.0,0.0,0.006,1.0,2.322,0.2,500.0,14.71591,-4.96882,-96.00008,4e-05,-0.84792
9514.07,BTC-27SEP19,1564225140543,open,2.15,0.0,2.23,2.4985,2.36409161,106.19,None,0.0,BTC-27SEP19-32000-P,9498.0,0.0,0.0,0.0,0.0,0.0,0.0,0.59667,-0.51202,-54.1722,0.0,-0.9947
9514.07,BTC-27SEP19,1564225140658,open,1.95,0.0,2.028,2.28,2.1540281,103.54,None,0.0,BTC-27SEP19-30000-P,9498.0,0.0,0.0,0.0,0.0,0.0,0.0,0.7206,-0.60294,-50.76392,0.0,-0.99344
9514.35,BTC-27SEP19,1564225140683,open,0.03,367.8,0.001,0.084,0.0426943,96.68,0.0395,0.0,BTC-27SEP19-7000-P,9498.0,90.53,0.0365,5.6,0.0445,19.3,98.43,9.76309,-7.62724,-3.36629,7e-05,-0.16602
9663.09,BTC-27DEC19,1564225140698,open,0.43,74.0,0.439,0.5585,0.49877457,99.67,0.4375,0.0,BTC-27DEC19-13000-P,9498.0,93.87,0.484,3.6,0.505,5.0,102.1,24.7145,-8.05645,-42.63392,6e-05,-0.55463
9514.35,BTC-27SEP19,1564225140699,open,0.17,751.7,0.096,0.1755,0.13556828,95.49,0.1695,0.0,BTC-27SEP19-10000-C,9498.0,91.49,0.129,14.4,0.139,10.6,97.59,15.58977,-12.02992,6.32775,0.00011,0.52789
9663.03,BTC-27DEC19,1564225140711,open,0.15,216.1,0.093,0.1725,0.13285779,99.73,0.141,0.0,BTC-27DEC19-14000-C,9498.0,96.17,0.124,4.9,0.137,10.1,101.38,24.17088,-7.8844,10.83765,6e-05,0.40065
9663.03,BTC-27DEC19,1564225140713,open,0.36,165.3,0.361,0.474,0.41746404,98.81,0.4125,0.0,BTC-27DEC19-12000-P,9498.0,93.79,0.4045,3.6,0.424,5.0,101.35,24.94412,-8.06161,-37.43783,6e-05,-0.50756
9663.03,BTC-27DEC19,1564225140715,open,0.03,92.6,0.0005,0.066,0.02615768,103.52,0.0335,0.0,BTC-27DEC19-28000-C,9498.0,100.74,0.023,4.7,0.0305,6.0,107.06,11.37784,-3.85209,3.19424,3e-05,0.10508
9507.08,SYN.BTC-30AUG19,1564225140726,open,0.11,147.9,0.1015,0.193,0.14735864,96.33,0.1125,0.0,BTC-30AUG19-10000-P,9498.0,88.62,0.138,14.4,0.145,1.0,94.38,11.55083,-16.42245,-5.80183,0.00014,-0.51018
207.43,ETH-27SEP19,1564225140743,open,1.35,12.0,1.411,1.611,1.510746,104.35,1.193,0.0,ETH-27SEP19-520-P,208.33,0.0,0.0,0.0,0.0,0.0,0.0,0.05351,-0.04512,-0.87333,0.0007,-0.97283
9663.31,BTC-27DEC19,1564225140747,open,0.05,255.5,0.001,0.0805,0.04071273,103.46,0.0485,0.0,BTC-27DEC19-24000-C,9498.0,102.98,0.04,2.0,0.0445,6.0,105.88,14.7702,-4.99772,4.54166,4e-05,0.15293
9663.09,BTC-27DEC19,1564225140749,open,0.12,282.6,0.0625,0.142,0.10201896,100.56,0.112,0.0,BTC-27DEC19-16000-C,9498.0,96.88,0.0935,4.9,0.109,9.1,103.53,22.55233,-7.41762,9.08806,6e-05,0.32657
9663.09,BTC-27DEC19,1564225140750,open,0.14,320.8,0.0765,0.156,0.11621168,100.16,0.1245,0.0,BTC-27DEC19-15000-C,9498.0,96.54,0.1075,4.9,0.122,5.1,102.53,23.43092,-7.67542,9.92965,6e-05,0.36155
9501.62,SYN.BTC-9AUG19,1564225140766,open,0.18,0.0,0.0955,0.175,0.13543626,99.65,None,0.0,BTC-9AUG19-8500-C,9498.0,79.43,0.124,6.0,0.1435,6.0,113.01,5.61598,-21.73136,2.07504,0.00018,0.75452
9501.62,SYN.BTC-9AUG19,1564225140767,open,0.18,0.0,0.0955,0.175,0.13543626,99.65,None,0.0,BTC-9AUG19-8500-C,9498.0,79.43,0.124,6.0,0.143,6.0,112.2,5.61598,-21.73136,2.07504,0.00018,0.75452
207.43,ETH-27SEP19,1564225140780,open,1.0,0.0,1.045,1.215,1.129914,101.84,None,0.0,ETH-27SEP19-440-P,208.33,0.0,0.0,0.0,0.0,0.0,0.0,0.09721,-0.08,-0.72905,0.00131,-0.94338
9499.81,SYN.BTC-2AUG19,1564225140788,open,0.05,150.3,0.039,0.125,0.08215555,99.44,0.078,0.0,BTC-2AUG19-10000-P,9498.0,90.66,0.078,3.9,0.083,3.9,101.21,4.5328,-38.35635,-1.09586,0.00031,-0.63444
9499.81,SYN.BTC-2AUG19,1564225140790,open,0.05,150.3,0.039,0.125,0.08215555,99.44,0.078,0.0,BTC-2AUG19-10000-P,9498.0,90.66,0.078,3.9,0.083,4.2,101.21,4.5328,-38.35635,-1.09586,0.00031,-0.63444
9499.81,SYN.BTC-2AUG19,1564225140801,open,0.0,277.6,0.0005,0.045,0.00508105,101.96,0.0035,0.0,BTC-2AUG19-8000-P,9498.0,86.25,0.0025,4.2,0.005,0.1,101.54,1.82261,-15.81413,-0.1329,0.00012,-0.08182
9507.08,SYN.BTC-30AUG19,1564225140802,open,0.02,146.9,0.0005,0.051,0.01109481,99.78,0.02,0.0,BTC-30AUG19-15000-C,9498.0,94.12,0.0085,4.7,0.012,6.0,101.6,4.65707,-6.85889,0.68574,6e-05,0.08881
9507.08,SYN.BTC-30AUG19,1564225140803,open,0.01,323.1,0.0005,0.0425,0.00279841,100.41,0.003,0.0,BTC-30AUG19-18000-C,9498.0,80.74,0.0005,15.7,0.004,9.1,106.11,1.78149,-2.64036,0.20978,2e-05,0.02657
207.43,ETH-27SEP19,1564225140822,open,1.18,0.0,1.227,1.412,1.319267,101.61,None,0.0,ETH-27SEP19-480-P,208.33,0.0,0.0,0.0,0.0,0.0,0.0,0.06787,-0.05573,-0.80281,0.00092,-0.96378
9501.62,SYN.BTC-9AUG19,1564225140817,open,0.05,41.8,0.0315,0.117,0.07417336,99.26,0.0635,0.0,BTC-9AUG19-9500-P,9498.0,96.34,0.072,9.5,0.0755,4.4,101.04,7.08799,-27.32037,-1.79882,0.00022,-0.4625
9501.62,SYN.BTC-9AUG19,1564225140827,open,0.01,30.2,0.0005,0.0575,0.0170492,100.63,0.011,0.0,BTC-9AUG19-8000-P,9498.0,94.85,0.0145,4.5,0.019,4.3,104.87,4.29811,-16.79616,-0.58516,0.00013,-0.15753
9501.62,SYN.BTC-9AUG19,1564225140830,open,0.01,30.2,0.0005,0.0575,0.0170492,100.63,0.011,0.0,BTC-9AUG19-8000-P,9498.0,94.85,0.0145,4.5,0.019,4.2,104.87,4.29811,-16.79616,-0.58516,0.00013,-0.15753
9514.35,BTC-27SEP19,1564225140833,open,0.08,219.3,0.02,0.0995,0.05962241,98.68,0.077,0.0,BTC-27SEP19-13000-C,9498.0,94.24,0.0535,5.8,0.065,10.8,102.48,13.32137,-10.62237,3.65094,9e-05,0.28599
207.43,ETH-27SEP19,1564225140862,open,1.71,27.0,1.778,2.009,1.89374,101.21,1.044,0.0,ETH-27SEP19-600-P,208.33,0.0,0.0,0.0,0.0,0.0,0.0,0.02202,-0.01801,-1.01417,0.0003,-0.99037
207.43,ETH-27SEP19,1564225140862,open,2.07,0.0,2.148,2.409,2.278418,93.87,None,0.0,ETH-27SEP19-680-P,208.33,0.0,0.0,0.0,0.0,0.0,0.0,0.00541,-0.0041,-1.15212,8e-05,-0.998
209.28,ETH-27DEC19,1564225140864,open,2.43,0.0,2.5,2.79,2.645167,104.87,None,0.0,ETH-27DEC19-760-P,208.33,0.0,0.001,100.0,0.0,0.0,0.0,0.15983,-0.05482,-3.14318,0.00083,-0.94071
9501.62,SYN.BTC-9AUG19,1564225140862,open,0.06,25.9,0.0005,0.077,0.03710347,100.07,0.04,0.0,BTC-9AUG19-10500-C,9498.0,95.48,0.034,4.4,0.04,0.6,104.3,6.46935,-25.13978,0.98451,0.0002,0.33083
9501.62,SYN.BTC-9AUG19,1564225140874,open,0.06,25.9,0.0005,0.077,0.03710347,100.07,0.04,0.0,BTC-9AUG19-10500-C,9498.0,95.48,0.034,4.4,0.04,0.7,104.3,6.46935,-25.13978,0.98451,0.0002,0.33083
9514.35,BTC-27SEP19,1564225140904,open,0.05,391.1,0.0005,0.074,0.03446076,99.88,0.0425,0.0,BTC-27SEP19-15000-C,9498.0,95.7,0.03,5.1,0.039,30.3,103.93,10.41069,-8.40275,2.40696,7e-05,0.1837
9514.35,BTC-27SEP19,1564225140929,open,0.05,391.1,0.0005,0.074,0.03446076,99.88,0.0425,0.0,BTC-27SEP19-15000-C,9498.0,95.7,0.03,5.1,0.039,30.4,103.93,10.41069,-8.40275,2.40696,7e-05,0.1837
9514.35,BTC-27SEP19,1564225140942,open,0.01,442.0,0.0005,0.0455,0.0055855,102.59,0.005,0.0,BTC-27SEP19-22000-C,9498.0,99.19,0.0045,1.0,0.0065,4.6,105.15,3.24411,-2.68942,0.5243,2e-05,0.03809
9501.62,SYN.BTC-9AUG19,1564225140946,open,0.0,0.3,0.0005,0.042,0.002128,109.29,0.0015,0.0,BTC-9AUG19-6500-P,9498.0,96.78,0.001,6.0,0.0025,0.2,112.47,1.05876,-4.49325,-0.09244,3e-05,-0.02545
9501.62,SYN.BTC-9AUG19,1564225140948,open,0.02,195.7,0.0005,0.051,0.01141084,101.55,0.0105,0.0,BTC-9AUG19-12000-C,9498.0,97.89,0.01,4.4,0.0145,5.3,108.96,3.76584,-14.85042,0.39593,0.00012,0.12953
9501.62,SYN.BTC-9AUG19,1564225140949,open,0.01,123.0,0.0005,0.0495,0.00941419,103.77,0.006,0.0,BTC-9AUG19-7500-P,9498.0,95.68,0.007,4.3,0.011,5.3,108.61,3.01391,-12.14537,-0.34963,9e-05,-0.0949
9501.62,SYN.BTC-9AUG19,1564225140951,open,0.01,123.0,0.0005,0.0495,0.00941419,103.77,0.006,0.0,BTC-9AUG19-7500-P,9498.0,95.68,0.007,4.3,0.0105,3.8,107.12,3.01391,-12.14537,-0.34963,9e-05,-0.0949
9507.08,SYN.BTC-30AUG19,1564225140967,open,0.03,134.8,0.0045,0.0875,0.04604191,96.35,0.031,0.0,BTC-30AUG19-8000-P,9498.0,89.21,0.0395,5.2,0.0475,5.6,97.92,8.82103,-12.5443,-2.4466,0.00011,-0.23124
9507.08,SYN.BTC-30AUG19,1564225140969,open,0.03,134.8,0.0045,0.0875,0.04604191,96.35,0.031,0.0,BTC-30AUG19-8000-P,9498.0,89.21,0.0395,5.2,0.0475,5.7,97.92,8.82103,-12.5443,-2.4466,0.00011,-0.23124
9507.08,SYN.BTC-30AUG19,1564225140970,open,0.01,188.8,0.0005,0.06,0.01970903,97.21,0.0165,0.0,BTC-30AUG19-7000-P,9498.0,92.61,0.017,1.0,0.0215,29.0,100.13,5.74769,-8.24684,-1.22081,7e-05,-0.11865
208.28,SYN.ETH-2AUG19,1564225140978,open,0.08,167.0,0.009,0.088,0.048963,104.49,0.051,0.0,ETH-2AUG19-210-C,208.33,92.53,0.043,300.0,0.053,429.0,112.29,0.10543,-0.93738,0.01518,0.01445,0.50176
208.28,SYN.ETH-2AUG19,1564225140980,open,0.0,939.0,0.001,0.043,0.003307,104.77,0.001,0.0,ETH-2AUG19-170-P,208.33,83.35,0.001,276.0,0.005,101.0,115.52,0.02958,-0.26368,-0.00197,0.00404,-0.05542
208.28,SYN.ETH-2AUG19,1564225140991,open,0.05,320.0,0.044,0.13,0.08712,104.41,0.052,0.0,ETH-2AUG19-220-P,208.33,96.0,0.083,300.0,0.093,285.0,116.93,0.09927,-0.88206,-0.02423,0.01361,-0.63564
208.28,SYN.ETH-2AUG19,1564225140997,open,0.03,293.0,0.015,0.099,0.057199,104.1,0.043,0.0,ETH-2AUG19-210-P,208.33,96.02,0.053,300.0,0.063,300.0,115.78,0.10543,-0.93395,-0.01863,0.0145,-0.49843
208.28,SYN.ETH-2AUG19,1564225141003,open,0.03,293.0,0.015,0.099,0.057199,104.1,0.043,0.0,ETH-2AUG19-210-P,208.33,96.02,0.053,300.0,0.063,297.0,115.78,0.10543,-0.93395,-0.01863,0.0145,-0.49843
208.28,SYN.ETH-2AUG19,1564225141013,open,0.0,8.0,0.001,0.041,0.001008,110.37,0.002,0.0,ETH-2AUG19-280-C,208.33,0.0,0.0,0.0,0.002,268.0,122.83,0.01308,-0.12289,0.00065,0.0017,0.02053
208.28,SYN.ETH-2AUG19,1564225141022,open,0.0,725.0,0.001,0.048,0.008522,104.75,0.002,0.0,ETH-2AUG19-180-P,208.33,94.38,0.006,248.0,0.01,50.0,110.42,0.05351,-0.47699,-0.00438,0.00731,-0.12209
208.28,SYN.ETH-2AUG19,1564225141028,open,0.01,492.0,0.001,0.059,0.018419,104.73,0.007,0.0,ETH-2AUG19-190-P,208.33,95.65,0.015,300.0,0.021,47.0,111.55,0.07911,-0.70498,-0.00813,0.01082,-0.22425
208.28,SYN.ETH-2AUG19,1564225141034,open,0.02,745.0,0.001,0.05,0.010428,104.8,0.023,0.0,ETH-2AUG19-240-C,208.33,96.4,0.008,278.0,0.013,250.0,112.75,0.06398,-0.57055,0.00497,0.00874,0.15878
208.28,SYN.ETH-2AUG19,1564225141049,open,0.11,248.0,0.035,0.114,0.074262,105.08,0.092,0.0,ETH-2AUG19-200-C,208.33,93.65,0.069,271.0,0.079,450.0,114.84,0.09841,-0.88,0.01912,0.01341,0.64472
208.28,SYN.ETH-2AUG19,1564225141055,open,0.11,248.0,0.035,0.114,0.074262,105.08,0.092,0.0,ETH-2AUG19-200-C,208.33,93.65,0.069,271.0,0.078,274.0,112.74,0.09841,-0.88,0.01912,0.01341,0.64472
208.28,SYN.ETH-2AUG19,1564225141068,open,0.05,624.0,0.001,0.07,0.030872,104.84,0.059,0.0,ETH-2AUG19-220-C,208.33,98.65,0.028,1.0,0.035,277.0,113.31,0.09934,-0.88625,0.0112,0.01357,0.36509
9507.08,SYN.BTC-30AUG19,1564225141077,open,0.01,83.4,0.0005,0.0465,0.00693578,99.78,0.014,0.0,BTC-30AUG19-16000-C,9498.0,90.32,0.004,29.7,0.0085,6.0,103.89,3.41987,-5.0367,0.46229,4e-05,0.05933
9501.62,SYN.BTC-9AUG19,1564225141115,open,0.01,123.0,0.0005,0.0495,0.00941419,103.77,0.006,0.0,BTC-9AUG19-7500-P,9498.0,95.68,0.007,4.3,0.011,5.4,108.61,3.01391,-12.14537,-0.34963,9e-05,-0.0949
9663.09,BTC-27DEC19,1564225141283,open,0.03,246.8,0.0005,0.0755,0.03419512,98.03,0.027,0.0,BTC-27DEC19-5000-P,9498.0,94.88,0.031,0.1,0.037,11.2,100.72,9.95259,-3.19112,-4.92912,3e-05,-0.08759
9663.09,BTC-27DEC19,1564225141300,open,0.3,171.4,0.2345,0.314,0.27421004,97.21,0.2935,0.0,BTC-27DEC19-9000-C,9498.0,93.52,0.2655,3.6,0.277,5.4,98.39,22.76952,-7.23918,15.83703,6e-05,0.66551
9501.62,SYN.BTC-9AUG19,1564225141321,open,0.05,41.8,0.0315,0.117,0.07417336,99.26,0.0635,0.0,BTC-9AUG19-9500-P,9498.0,96.34,0.072,9.5,0.076,5.1,101.71,7.08799,-27.32037,-1.79882,0.00022,-0.4625
9501.62,SYN.BTC-9AUG19,1564225141328,open,0.06,25.9,0.0005,0.077,0.03710347,100.07,0.04,0.0,BTC-9AUG19-10500-C,9498.0,94.74,0.0335,5.2,0.04,0.7,104.3,6.46935,-25.13978,0.98451,0.0002,0.33083
9663.09,BTC-27DEC19,1564225141343,open,0.18,299.4,0.1575,0.2535,0.20548119,97.16,0.19,0.0,BTC-27DEC19-9000-P,9498.0,92.93,0.1955,4.9,0.2085,5.3,98.44,22.77044,-7.23606,-21.85537,6e-05,-0.33452
9663.09,BTC-27DEC19,1564225141349,open,0.23,230.2,0.218,0.319,0.26835163,96.95,0.2245,0.0,BTC-27DEC19-10000-P,9498.0,93.21,0.259,4.9,0.2735,5.4,99.01,24.12524,-7.64978,-26.96014,6e-05,-0.39778
9663.09,BTC-27DEC19,1564225141362,open,0.04,97.2,0.006,0.089,0.04743175,97.87,0.039,0.0,BTC-27DEC19-5500-P,9498.0,94.68,0.0435,0.1,0.0495,5.0,99.52,12.05024,-3.85739,-6.52651,3e-05,-0.11383
9507.08,SYN.BTC-30AUG19,1564225141397,open,0.11,147.9,0.1015,0.193,0.14735864,96.33,0.1125,0.0,BTC-30AUG19-10000-P,9498.0,88.62,0.138,14.4,0.147,5.5,96.03,11.55083,-16.42245,-5.80183,0.00014,-0.51018
9514.13,BTC-27SEP19,1564225141427,open,0.28,73.0,0.287,0.3935,0.34033504,98.23,0.332,0.0,BTC-27SEP19-12000-P,9498.1,88.73,0.326,6.2,0.344,5.0,100.62,14.58448,-11.57702,-15.89114,0.0001,-0.64494
9663.09,BTC-27DEC19,1564225141427,open,0.44,63.0,0.369,0.4485,0.40894172,97.8,0.4965,0.0,BTC-27DEC19-6500-C,9498.1,61.98,0.355,1.0,0.958,2.0,500.0,15.99498,-5.11645,16.92555,4e-05,0.82714
9663.09,BTC-27DEC19,1564225141427,open,0.01,187.7,0.0005,0.046,0.00636835,105.4,0.007,0.0,BTC-27DEC19-44000-C,9498.1,95.73,0.003,9.1,0.0095,4.0,111.61,4.2516,-1.46562,0.95521,1e-05,0.02997
9514.13,BTC-27SEP19,1564225141427,open,1.17,0.2,1.225,1.41,1.31767806,101.82,1.391,0.0,BTC-27SEP19-22000-P,9498.1,0.0,0.005,10.1,0.0,0.0,0.0,3.14956,-2.59151,-36.78832,2e-05,-0.96326
9514.13,BTC-27SEP19,1564225141427,open,0.75,55.9,0.6985,0.778,0.73833306,141.93,0.689,0.0,BTC-27SEP19-2500-C,9498.1,0.0,0.005,10.0,0.8985,5.0,500.0,0.56143,-0.64389,4.14047,0.0,0.99505
9514.13,BTC-27SEP19,1564225141427,open,0.21,147.6,0.2095,0.3095,0.25954898,96.91,0.215,0.0,BTC-27SEP19-11000-P,9498.1,0.0,0.126,0.1,0.264,5.0,99.65,15.41839,-12.07422,-13.30217,0.0001,-0.56521
9501.62,SYN.BTC-9AUG19,1564225141427,open,0.13,0.1,0.136,0.23,0.18311727,100.52,0.2195,0.0,BTC-9AUG19-11000-P,9498.1,85.23,0.1745,11.4,0.1905,11.4,112.56,5.64525,-22.0365,-3.13474,0.00018,-0.75213
9514.13,BTC-27SEP19,1564225141428,open,0.98,0.0,1.027,1.1955,1.11113712,101.51,None,0.0,BTC-27SEP19-20000-P,9498.1,0.0,0.005,10.0,1.6775,0.2,500.0,4.56672,-3.74606,-33.10821,3e-05,-0.94163
9514.13,BTC-27SEP19,1564225141428,open,0.0,492.7,0.0005,0.04,0.00033991,143.65,0.0005,0.0,BTC-27SEP19-2000-P,9498.1,0.0,0.0,0.0,0.0005,8.6,149.86,0.21196,-0.24604,-0.03258,0.0,-0.00168
9663.19,BTC-27DEC19,1564225141428,open,0.0,171.8,0.0005,0.0415,0.00178855,133.95,0.0005,0.0,BTC-27DEC19-1500-P,9498.1,0.0,0.0,0.0,0.001,12.0,123.71,0.88921,-0.38956,-0.27097,0.0,-0.00491
9514.13,BTC-27SEP19,1564225141428,open,0.0,670.9,0.0005,0.041,0.00117383,107.78,0.001,0.0,BTC-27SEP19-30000-C,9498.1,0.0,0.0,0.0,0.002,11.3,114.53,0.95098,-0.82821,0.12602,1e-05,0.00899
9663.19,BTC-27DEC19,1564225141428,open,0.71,0.0,0.6555,0.735,0.69511133,102.57,None,0.0,BTC-27DEC19-3000-C,9498.1,0.0,0.0055,0.1,0.972,0.5,500.0,2.78541,-0.93443,11.60602,1e-05,0.98187
9514.13,BTC-27SEP19,1564225141428,open,0.0,124.2,0.0005,0.0455,0.00531111,129.45,0.004,0.0,BTC-27SEP19-3750-P,9498.1,91.28,0.0005,49.7,0.0035,5.6,120.07,2.05943,-2.15432,-0.44119,1e-05,-0.02204
9514.13,BTC-27SEP19,1564225141428,open,0.42,713.5,0.349,0.4285,0.3885275,96.85,0.41,0.0,BTC-27SEP19-6000-C,9498.1,0.0,0.0,0.0,0.762,0.3,499.57,6.23586,-4.8802,8.44892,4e-05,0.91237
9499.81,SYN.BTC-2AUG19,1564225141427,open,0.39,0.0,0.415,0.5325,0.47388098,112.05,None,0.0,BTC-2AUG19-14000-P,9498.1,0.0,0.01,10.1,0.0,0.0,0.0,0.14106,-1.34503,-2.24791,1e-05,-0.99605
9663.19,BTC-27DEC19,1564225141429,open,0.81,0.0,0.758,0.8375,0.79767045,132.07,None,0.0,BTC-27DEC19-2000-C,9498.1,0.0,0.0155,3.0,0.978,0.5,500.0,1.89589,-0.81891,7.71963,0.0,0.98841
9663.19,BTC-27DEC19,1564225141429,open,0.51,59.5,0.4385,0.518,0.4783216,97.92,0.49,0.0,BTC-27DEC19-5500-C,9498.1,82.22,0.46,1.0,0.961,5.0,500.0,12.05434,-3.86066,16.50492,3e-05,0.88612
9514.13,BTC-27SEP19,1564225141429,open,0.61,34.4,0.6395,0.7755,0.70753719,99.89,0.6695,0.0,BTC-27SEP19-16000-P,9498.1,0.0,0.005,10.0,1.2945,0.2,499.6,8.92674,-7.20532,-25.20213,6e-05,-0.85504
9663.19,BTC-27DEC19,1564225141430,open,0.54,62.4,0.477,0.5565,0.51682226,98.09,0.533,0.0,BTC-27DEC19-5000-C,9498.1,79.84,0.5,1.0,0.9255,5.0,500.0,9.95785,-3.19457,16.00803,3e-05,0.91235
9663.19,BTC-27DEC19,1564225141430,open,0.03,279.3,0.0005,0.0615,0.02171258,104.05,0.0245,0.0,BTC-27DEC19-30000-C,9498.1,102.38,0.02,2.0,0.026,10.0,107.96,10.08976,-3.43374,2.73209,2e-05,0.08922
9514.23,BTC-27SEP19,1564225141430,open,0.68,0.0,0.6225,0.702,0.66206371,138.06,None,0.0,BTC-27SEP19-3250-C,9498.1,0.0,0.005,10.0,0.8805,5.0,500.0,1.4716,-1.6418,5.21082,1e-05,0.98514
9514.23,BTC-27SEP19,1564225141431,open,0.79,1.0,0.831,0.983,0.90708406,100.84,1.5815,0.0,BTC-27SEP19-18000-P,9498.1,0.0,0.005,0.9,1.485,0.3,499.82,6.46975,-5.27181,-29.27385,4e-05,-0.90793
9501.62,SYN.BTC-9AUG19,1564225141427,open,0.1,0.0,0.0965,0.1875,0.1420699,99.91,None,0.0,BTC-9AUG19-10500-P,9498.1,86.29,0.133,12.0,0.1485,12.0,109.25,6.46654,-25.08909,-2.7203,0.0002,-0.66953
9514.23,BTC-27SEP19,1564225141431,open,0.63,0.0,0.5715,0.651,0.61120443,129.64,None,0.0,BTC-27SEP19-3750-C,9498.1,0.0,0.005,10.0,0.696,10.0,299.3,2.06812,-2.1665,5.91348,1e-05,0.97785
9663.19,BTC-27DEC19,1564225141431,open,0.59,5.6,0.602,0.735,0.66833027,100.09,0.5485,0.0,BTC-27DEC19-15000-P,9498.1,0.0,0.45,0.2,1.4215,0.2,500.0,23.42559,-7.66842,-52.89942,6e-05,-0.6387
9514.23,BTC-27SEP19,1564225141431,open,0.54,13.5,0.4665,0.546,0.50612886,99.92,0.382,0.0,BTC-27SEP19-4750-C,9498.1,0.0,0.005,10.0,0.6425,5.0,300.17,2.59888,-2.09839,7.49618,2e-05,0.9709
9663.19,BTC-27DEC19,1564225141432,open,0.41,54.3,0.338,0.4175,0.37763879,97.63,0.37,0.0,BTC-27DEC19-7000-C,9498.1,93.45,0.37,0.1,0.38,0.1,98.92,17.73488,-5.66298,16.91835,5e-05,0.79565
9507.08,SYN.BTC-30AUG19,1564225141429,open,0.17,18.9,0.172,0.2695,0.22078341,97.52,0.199,0.0,BTC-30AUG19-11000-P,9498.1,83.95,0.2055,9.6,0.224,9.6,100.32,10.89677,-15.68489,-7.54197,0.00013,-0.63397
9499.81,SYN.BTC-2AUG19,1564225141427,open,0.24,0.0,0.264,0.369,0.31658659,99.68,None,0.0,BTC-2AUG19-12500-P,9498.1,0.0,0.01,10.1,0.0,0.0,0.0,0.52247,-4.4317,-1.98655,4e-05,-0.98244
9499.81,SYN.BTC-2AUG19,1564225141427,open,0.01,238.9,0.0005,0.0415,0.00198056,101.41,0.003,0.0,BTC-2AUG19-12000-C,9498.1,90.55,0.001,0.1,0.002,1.4,101.59,1.03723,-8.95102,0.05804,7e-05,0.03993
9499.81,SYN.BTC-2AUG19,1564225141428,open,0.0,471.5,0.0005,0.043,0.00315854,117.34,0.002,0.0,BTC-2AUG19-7500-P,9498.1,85.51,0.0005,27.6,0.003,0.8,116.08,1.20813,-12.06341,-0.07861,7e-05,-0.04825
9501.62,SYN.BTC-9AUG19,1564225141427,open,0.21,0.0,0.2235,0.325,0.27422962,101.24,None,0.0,BTC-9AUG19-12000-P,9498.1,0.0,0.0,0.0,0.0,0.0,0.0,3.74859,-14.73704,-3.83963,0.00012,-0.87132
9499.81,SYN.BTC-2AUG19,1564225141429,open,0.34,0.0,0.3645,0.478,0.42125987,103.45,None,0.0,BTC-2AUG19-13500-P,9498.1,0.0,0.01,10.1,0.0,0.0,0.0,0.15876,-1.39761,-2.16659,1e-05,-0.9955
9501.62,SYN.BTC-9AUG19,1564225141427,open,0.0,50.1,0.0005,0.045,0.00498334,107.87,0.004,0.0,BTC-9AUG19-7000-P,9498.1,96.91,0.003,4.7,0.005,0.4,107.95,1.94958,-8.16642,-0.19688,6e-05,-0.05376
9507.08,SYN.BTC-30AUG19,1564225141430,open,0.41,0.0,0.3355,0.415,0.37547808,99.09,None,0.0,BTC-30AUG19-6000-C,9498.1,0.0,0.0,0.0,0.0,0.0,0.0,2.83818,-4.151,5.09664,3e-05,0.9531
9506.83,SYN.BTC-30AUG19,1564225141430,open,0.59,0.0,0.6225,0.757,0.68988766,99.65,None,0.0,BTC-30AUG19-16000-P,9498.1,0.0,0.0,0.0,0.0,0.0,0.0,3.40623,-5.01,-14.38956,4e-05,-0.94097
9501.36,SYN.BTC-9AUG19,1564225141427,open,0.02,30.2,0.0005,0.071,0.02995947,99.53,0.018,0.0,BTC-9AUG19-8500-P,9498.1,92.74,0.026,5.0,0.032,5.2,102.96,5.61415,-21.69901,-0.92272,0.00018,-0.24534
9506.83,SYN.BTC-30AUG19,1564225141428,open,0.18,22.1,0.1025,0.182,0.14222837,96.39,0.157,0.0,BTC-30AUG19-9000-C,9498.1,87.92,0.1325,14.4,0.148,19.4,101.41,10.92967,-15.54925,4.30889,0.00014,0.63058
9506.83,SYN.BTC-30AUG19,1564225141428,open,0.32,17.1,0.3395,0.4505,0.39518126,99.73,0.289,0.0,BTC-30AUG19-13000-P,9498.1,0.0,0.0,0.0,0.0,0.0,0.0,7.85818,-11.56739,-10.63409,9e-05,-0.81005
9501.36,SYN.BTC-9AUG19,1564225141427,open,0.36,0.0,0.2785,0.358,0.31803701,109.47,None,0.0,BTC-9AUG19-6500-C,9498.1,0.0,0.011,0.1,0.0,0.0,0.0,1.06525,-4.52858,2.19979,3e-05,0.97436
9501.36,SYN.BTC-9AUG19,1564225141427,open,0.25,0.0,0.27,0.3755,0.32290572,101.41,None,0.0,BTC-9AUG19-12500-P,9498.1,0.0,0.0005,0.1,0.0,0.0,0.0,2.8817,-11.34788,-4.13458,9e-05,-0.91068
207.43,ETH-27SEP19,1564225141435,open,2.07,0.0,2.149,2.41,2.279678,113.53,None,0.0,ETH-27SEP19-680-P,208.32,0.0,0.0,0.0,0.0,0.0,0.0,0.02385,-0.02188,-1.14956,0.00029,-0.98945
207.43,ETH-27SEP19,1564225141435,open,2.25,0.0,2.334,2.611,2.472136,114.27,None,0.0,ETH-27SEP19-720-P,208.32,0.0,0.0,0.0,0.0,0.0,0.0,0.01868,-0.01725,-1.21814,0.00022,-0.99202
9499.53,SYN.BTC-2AUG19,1564225141430,open,0.0,212.7,0.0005,0.041,0.00127641,123.04,0.001,0.0,BTC-2AUG19-7000-P,9498.1,0.0,0.0,0.0,0.001,27.1,118.38,0.60765,-6.36219,-0.03403,3e-05,-0.02098
9501.36,SYN.BTC-9AUG19,1564225141427,open,0.31,0.0,0.2285,0.308,0.26827274,107.99,None,0.0,BTC-9AUG19-7000-C,9498.1,0.0,0.03,0.1,0.0,0.0,0.0,1.95487,-8.19768,2.27173,6e-05,0.94606
9506.83,SYN.BTC-30AUG19,1564225141431,open,0.5,0.0,0.5255,0.652,0.58885959,99.69,None,0.0,BTC-30AUG19-15000-P,9498.1,0.0,0.0,0.0,0.0,0.0,0.0,4.64662,-6.83704,-13.23771,6e-05,-0.91145
207.42,ETH-27SEP19,1564225141436,open,1.89,0.0,1.964,2.21,2.087327,111.36,None,0.0,ETH-27SEP19-640-P,208.32,0.0,0.0,0.0,0.0,0.0,0.0,0.02846,-0.02561,-1.08103,0.00035,-0.98707
207.42,ETH-27SEP19,1564225141436,open,1.71,27.0,1.78,2.01,1.894849,108.52,1.044,0.0,ETH-27SEP19-600-P,208.32,0.0,0.0,0.0,0.0,0.0,0.0,0.03349,-0.02937,-1.0124,0.00042,-0.98438
207.42,ETH-27SEP19,1564225141437,open,0.83,79.0,0.867,1.021,0.943865,103.33,0.351,0.0,ETH-27SEP19-400-P,208.32,0.0,0.0,0.0,0.0,0.0,0.0,0.14053,-0.11735,-0.65129,0.00186,-0.90838
207.42,ETH-27SEP19,1564225141437,open,2.43,0.0,2.519,2.811,2.665061,117.37,None,0.0,ETH-27SEP19-760-P,208.32,0.0,0.001,1.0,0.0,0.0,0.0,0.01713,-0.01624,-1.28618,0.0002,-0.99277
207.84,SYN.ETH-30AUG19,1564225141450,open,0.02,1713.0,0.001,0.05,0.010731,104.7,0.014,0.0,ETH-30AUG19-340-C,208.32,92.99,0.006,200.0,0.013,120.0,109.33,0.097,-0.1499,0.01399,0.00231,0.08324
9663.19,BTC-27DEC19,1564225141513,open,0.07,221.7,0.0385,0.1245,0.08155707,97.76,0.066,0.0,BTC-27DEC19-6500-P,9498.1,94.71,0.0765,0.1,0.0835,5.0,98.95,15.99272,-5.11335,-10.29417,4e-05,-0.17282
9663.19,BTC-27DEC19,1564225141530,open,0.02,128.2,0.0005,0.0575,0.01772566,104.09,0.0195,0.0,BTC-27DEC19-32000-C,9498.1,100.35,0.0145,4.7,0.022,6.0,108.47,8.83722,-3.00847,2.3109,2e-05,0.07483
9663.19,BTC-27DEC19,1564225141540,open,0.11,162.4,0.08,0.1695,0.12499746,97.59,0.115,0.0,BTC-27DEC19-7500-P,9498.1,94.85,0.1195,0.1,0.1265,5.3,98.36,19.29334,-6.15785,-14.63644,5e-05,-0.23667
9507.08,SYN.BTC-30AUG19,1564225141632,open,0.17,18.9,0.1725,0.2695,0.22086358,97.52,0.199,0.0,BTC-30AUG19-11000-P,9498.1,83.95,0.2055,9.6,0.2245,9.6,100.75,10.89677,-15.68489,-7.54197,0.00013,-0.63397
9663.19,BTC-27DEC19,1564225141836,open,0.0,208.8,0.0005,0.043,0.00319549,106.76,0.0015,0.0,BTC-27DEC19-2500-P,9498.1,99.24,0.002,5.0,0.005,4.4,115.36,1.76187,-0.61517,-0.56059,0.0,-0.01066
9501.62,SYN.BTC-9AUG19,1564225141853,open,0.08,10.1,0.013,0.0925,0.05299992,99.54,0.051,0.0,BTC-9AUG19-10000-C,9498.1,94.74,0.0495,10.0,0.055,5.7,102.2,7.00511,-27.07881,1.25879,0.00022,0.42859
9663.19,BTC-27DEC19,1564225141866,open,0.01,117.3,0.0005,0.0495,0.00936856,100.0,0.01,0.0,BTC-27DEC19-3500-P,9498.1,94.09,0.007,4.9,0.012,16.4,105.74,4.15987,-1.36054,-1.5605,1e-05,-0.02919
9514.13,BTC-27SEP19,1564225141869,open,0.04,219.8,0.0005,0.066,0.02600111,100.09,0.03,0.0,BTC-27SEP19-16000-C,9498.1,95.09,0.0215,29.4,0.0295,5.5,103.69,8.95441,-7.24208,1.92922,6e-05,0.14563
9506.83,SYN.BTC-30AUG19,1564225141870,open,0.06,153.9,0.0455,0.132,0.08889148,96.37,0.084,0.0,BTC-30AUG19-9000-P,9498.1,88.19,0.0795,24.7,0.085,10.0,92.98,10.92964,-15.54575,-4.04377,0.00014,-0.36941
9663.19,BTC-27DEC19,1564225141878,open,0.51,16.0,0.5185,0.6445,0.58163845,99.67,0.5665,0.0,BTC-27DEC19-14000-P,9498.1,91.59,0.5615,3.5,0.589,5.0,102.66,24.16775,-7.87805,-47.80186,6e-05,-0.59958
208.24,SYN.ETH-2AUG19,1564225142013,open,0.04,1792.0,0.001,0.058,0.018354,104.82,0.032,0.0,ETH-2AUG19-230-C,208.32,96.14,0.015,301.0,0.022,200.0,113.6,0.08361,-0.74574,0.0077,0.01143,0.24803
208.24,SYN.ETH-2AUG19,1564225142016,open,0.08,167.0,0.009,0.088,0.048876,104.49,0.051,0.0,ETH-2AUG19-210-C,208.32,92.71,0.043,300.0,0.053,435.0,112.46,0.10541,-0.9372,0.01516,0.01445,0.50118
208.24,SYN.ETH-2AUG19,1564225142021,open,0.0,939.0,0.001,0.043,0.003319,104.77,0.001,0.0,ETH-2AUG19-170-P,208.32,83.28,0.001,279.0,0.005,101.0,115.43,0.02964,-0.26424,-0.00197,0.00405,-0.05559
208.24,SYN.ETH-2AUG19,1564225142030,open,0.05,320.0,0.044,0.13,0.087259,104.41,0.052,0.0,ETH-2AUG19-220-P,208.32,97.83,0.084,277.0,0.093,285.0,116.65,0.0992,-0.88145,-0.02425,0.01361,-0.63619
208.24,SYN.ETH-2AUG19,1564225142038,open,0.05,320.0,0.044,0.13,0.087259,104.41,0.052,0.0,ETH-2AUG19-220-P,208.32,97.83,0.084,277.0,0.094,300.0,118.71,0.0992,-0.88145,-0.02425,0.01361,-0.63619
208.24,SYN.ETH-2AUG19,1564225142046,open,0.03,293.0,0.016,0.099,0.057305,104.1,0.043,0.0,ETH-2AUG19-210-P,208.32,95.81,0.053,300.0,0.063,287.0,115.57,0.10541,-0.93377,-0.01865,0.0145,-0.49901
208.24,SYN.ETH-2AUG19,1564225142053,open,0.0,8.0,0.001,0.041,0.001004,110.37,0.002,0.0,ETH-2AUG19-280-C,208.32,0.0,0.0,0.0,0.002,270.0,122.89,0.01305,-0.12253,0.00065,0.00169,0.02047
208.24,SYN.ETH-2AUG19,1564225142055,open,0.02,282.0,0.001,0.075,0.034562,104.69,0.016,0.0,ETH-2AUG19-200-P,208.32,95.16,0.03,300.0,0.04,297.0,116.31,0.09841,-0.87674,-0.01307,0.01347,-0.35549
208.24,SYN.ETH-2AUG19,1564225142070,open,0.0,725.0,0.001,0.048,0.008547,104.75,0.002,0.0,ETH-2AUG19-180-P,208.32,94.28,0.006,251.0,0.01,50.0,110.32,0.05359,-0.47771,-0.00439,0.00733,-0.12239
208.24,SYN.ETH-2AUG19,1564225142078,open,0.02,745.0,0.001,0.05,0.0104,104.8,0.023,0.0,ETH-2AUG19-240-C,208.32,96.49,0.008,275.0,0.013,250.0,112.85,0.06387,-0.56962,0.00496,0.00873,0.15843
208.24,SYN.ETH-2AUG19,1564225142095,open,0.11,248.0,0.035,0.114,0.074152,105.08,0.092,0.0,ETH-2AUG19-200-C,208.32,91.75,0.068,300.0,0.078,274.0,112.97,0.09845,-0.8803,0.01911,0.01342,0.64418
208.24,SYN.ETH-2AUG19,1564225142114,open,0.11,248.0,0.035,0.114,0.074152,105.08,0.092,0.0,ETH-2AUG19-200-C,208.32,91.75,0.068,300.0,0.078,283.0,112.97,0.09845,-0.8803,0.01911,0.01342,0.64418
208.24,SYN.ETH-2AUG19,1564225142127,open,0.05,624.0,0.001,0.07,0.030808,104.84,0.059,0.0,ETH-2AUG19-220-C,208.32,98.78,0.028,1.0,0.035,282.0,113.44,0.09927,-0.88564,0.01119,0.01356,0.36455
209.27,ETH-27DEC19,1564225142138,open,0.14,195.0,0.082,0.161,0.121779,100.91,0.16,0.0,ETH-27DEC19-320-C,208.32,95.65,0.109,40.0,0.135,110.0,106.26,0.51272,-0.16922,0.22024,0.00277,0.37307
209.27,ETH-27DEC19,1564225142144,open,0.3,806.0,0.298,0.405,0.351373,99.89,0.315,0.0,ETH-27DEC19-240-P,208.32,94.29,0.337,30.0,0.364,120.0,104.82,0.53697,-0.17542,-0.7074,0.00293,-0.4557
209.28,ETH-27DEC19,1564225142149,open,0.43,442.0,0.435,0.554,0.494709,100.34,0.485,0.0,ETH-27DEC19-280-P,208.32,94.19,0.479,30.0,0.507,120.0,105.13,0.53622,-0.17598,-0.91502,0.00291,-0.54918
209.27,ETH-27DEC19,1564225142155,open,0.09,545.0,0.039,0.118,0.078324,103.05,0.086,0.0,ETH-27DEC19-400-C,208.32,99.03,0.07,1.0,0.088,40.0,107.57,0.44084,-0.14858,0.16079,0.00233,0.26177
207.42,ETH-27SEP19,1564225142161,open,0.02,7688.0,0.001,0.073,0.03198,101.99,0.025,0.0,ETH-27SEP19-140-P,208.32,97.23,0.028,200.0,0.035,140.0,105.5,0.17666,-0.1456,-0.0555,0.00237,-0.12588
207.42,ETH-27SEP19,1564225142177,open,0.16,2063.0,0.155,0.25,0.20276,101.62,0.163,0.0,ETH-27SEP19-220-P,208.32,95.69,0.193,120.0,0.209,110.0,105.45,0.3399,-0.27913,-0.2375,0.00459,-0.4727
208.24,SYN.ETH-2AUG19,1564225142197,open,0.11,248.0,0.035,0.114,0.074152,105.08,0.092,0.0,ETH-2AUG19-200-C,208.32,91.75,0.068,300.0,0.078,433.0,112.97,0.09845,-0.8803,0.01911,0.01342,0.64418
207.84,SYN.ETH-30AUG19,1564225142213,open,0.08,228.0,0.06,0.147,0.103353,102.04,0.075,0.0,ETH-30AUG19-200-P,208.32,95.84,0.096,160.0,0.11,120.0,107.81,0.24295,-0.36592,-0.09516,0.00594,-0.39009
207.84,SYN.ETH-30AUG19,1564225142218,open,0.05,140.0,0.001,0.074,0.034574,104.69,0.049,0.0,ETH-30AUG19-280-C,208.32,97.1,0.028,460.0,0.037,120.0,107.31,0.18707,-0.28904,0.0356,0.00446,0.21916
207.42,ETH-27SEP19,1564225142232,open,0.14,1949.0,0.071,0.15,0.110842,101.68,0.121,0.0,ETH-27SEP19-240-C,208.32,96.22,0.102,120.0,0.121,110.0,107.9,0.33742,-0.27723,0.11737,0.00455,0.44466
208.14,SYN.ETH-9AUG19,1564225142253,open,0.03,62.0,0.023,0.107,0.065074,113.33,0.053,0.0,ETH-9AUG19-200-P,208.32,96.59,0.053,295.0,0.067,200.0,116.13,0.14937,-0.65734,-0.033,0.00862,-0.38441
209.28,ETH-27DEC19,1564225142259,open,0.02,1127.0,0.001,0.056,0.016727,105.33,0.02,0.0,ETH-27DEC19-720-C,208.32,99.39,0.012,300.0,0.023,50.0,111.86,0.18294,-0.06302,0.04717,0.00095,0.07054
207.42,ETH-27SEP19,1564225142264,open,0.11,1704.0,0.047,0.126,0.086095,101.68,0.113,0.0,ETH-27SEP19-260-C,208.32,96.43,0.078,160.0,0.095,110.0,107.36,0.32261,-0.26506,0.10002,0.00435,0.37056
208.14,SYN.ETH-9AUG19,1564225142269,open,0.01,11.0,0.001,0.046,0.006445,113.5,0.009,0.0,ETH-9AUG19-290-C,208.32,91.0,0.002,300.0,0.008,250.0,119.05,0.05457,-0.2405,0.00493,0.00315,0.07363
9507.08,SYN.BTC-30AUG19,1564225142322,open,0.01,83.4,0.0005,0.0465,0.00693102,99.78,0.014,0.0,BTC-30AUG19-16000-C,9498.1,90.32,0.004,29.6,0.0085,6.0,103.89,3.41987,-5.0367,0.46229,4e-05,0.05933
9501.62,SYN.BTC-9AUG19,1564225142325,open,0.04,18.3,0.0005,0.0655,0.02551178,100.71,0.0235,0.0,BTC-9AUG19-11000-C,9498.1,96.4,0.023,0.9,0.0285,4.3,105.63,5.65156,-22.10284,0.74697,0.00018,0.24839
9499.81,SYN.BTC-2AUG19,1564225142336,open,0.03,214.3,0.0085,0.092,0.0502531,99.22,0.042,0.0,BTC-2AUG19-9500-P,9498.1,87.94,0.0445,4.2,0.052,0.2,102.78,4.79901,-40.52112,-0.80312,0.00033,-0.47497
9514.23,BTC-27SEP19,1564225142341,open,0.0,1060.6,0.0005,0.0425,0.00280006,101.37,0.0015,0.0,BTC-27SEP19-4250-P,9498.1,96.08,0.002,5.1,0.0035,2.0,105.3,1.58469,-1.29812,-0.30639,1e-05,-0.0162
9501.36,SYN.BTC-9AUG19,1564225142351,open,0.1,0.0,0.0965,0.1875,0.14214897,99.99,None,0.0,BTC-9AUG19-10500-P,9498.1,87.79,0.134,12.0,0.1485,12.0,109.22,6.4674,-25.11318,-2.72004,0.0002,-0.66939
9506.83,SYN.BTC-30AUG19,1564225142357,open,0.12,132.7,0.056,0.1355,0.09557208,96.38,0.104,0.0,BTC-30AUG19-10000-C,9498.1,96.33,0.0955,0.1,0.101,5.2,100.85,11.55056,-16.43211,3.47892,0.00014,0.48986
9499.81,SYN.BTC-2AUG19,1564225142364,open,0.05,205.7,0.0005,0.0695,0.02957329,99.66,0.03,0.0,BTC-2AUG19-10000-C,9498.1,98.39,0.029,0.1,0.03,2.8,100.48,4.5344,-38.45407,0.51435,0.00031,0.36595
9499.53,SYN.BTC-2AUG19,1564225142369,open,0.11,2.8,0.1205,0.213,0.16667776,101.27,0.111,0.0,BTC-2AUG19-11000-P,9498.1,56.04,0.1585,12.0,0.0,0.0,0.0,2.69202,-23.1998,-1.56891,0.00018,-0.85928
9663.19,BTC-27DEC19,1564225142374,open,0.09,386.9,0.041,0.1205,0.08058179,101.86,0.091,0.0,BTC-27DEC19-18000-C,9498.1,100.17,0.077,0.5,0.087,4.9,104.82,20.66338,-6.88424,7.65017,5e-05,0.26962
9663.18,BTC-27DEC19,1564225142426,open,4.04,1.0,4.17,4.6005,4.38525345,107.69,4.454,0.0,BTC-27DEC19-52000-P,9497.56,0.0,0.001,1.0,6.0,1.0,500.0,2.95129,-1.0395,-217.17212,1e-05,-0.9806
9663.18,BTC-27DEC19,1564225142426,open,3.27,0.0,3.3775,3.742,3.55977473,105.49,3.46,0.0,BTC-27DEC19-44000-P,9497.56,0.0,0.0,0.0,0.0,0.0,0.0,4.26927,-1.47297,-183.32884,1e-05,-0.96988
9663.18,BTC-27DEC19,1564225142426,open,0.02,85.6,0.0005,0.064,0.02343965,98.25,0.0175,0.0,BTC-27DEC19-4500-P,9497.56,94.54,0.0205,0.1,0.026,5.0,101.34,7.86096,-2.52613,-3.55021,2e-05,-0.06428
9663.18,BTC-27DEC19,1564225142426,open,0.67,7.1,0.6875,0.828,0.75777778,100.56,0.491,0.0,BTC-27DEC19-16000-P,9497.56,0.0,0.005,5.0,1.5205,0.2,499.54,22.55208,-7.41713,-57.92609,6e-05,-0.67345
9514.32,BTC-27SEP19,1564225142426,open,0.0,322.4,0.0005,0.0435,0.00374352,99.75,0.002,0.0,BTC-27SEP19-4500-P,9497.56,93.11,0.0025,5.4,0.004,0.1,100.95,1.99756,-1.61015,-0.4033,1e-05,-0.02126
9662.64,BTC-27DEC19,1564225142426,open,0.01,207.5,0.0005,0.045,0.0050304,106.67,0.008,0.0,BTC-27DEC19-48000-C,9497.56,105.16,0.0045,5.0,0.0075,4.2,112.53,3.53548,-1.23342,0.76895,1e-05,0.02403
9662.64,BTC-27DEC19,1564225142427,open,0.0,98.9,0.0005,0.0445,0.0046213,131.96,0.001,0.0,BTC-27DEC19-2000-P,9497.56,96.27,0.0005,40.4,0.003,4.9,122.61,1.89111,-0.81618,-0.65493,0.0,-0.01156
9514.32,BTC-27SEP19,1564225142427,open,0.34,752.2,0.267,0.3465,0.30696619,96.69,0.326,0.0,BTC-27SEP19-7000-C,9497.56,0.0,0.12,1.0,0.373,1.0,155.01,9.76368,-7.62846,8.49986,7e-05,0.83396
9662.64,BTC-27DEC19,1564225142427,open,2.89,0.0,2.9825,3.314,3.14841004,104.98,2.58,0.0,BTC-27DEC19-40000-P,9497.56,0.0,0.0005,3.1,0.0,0.0,0.0,5.38289,-1.84818,-166.27268,1e-05,-0.96005
9662.64,BTC-27DEC19,1564225142427,open,2.12,0.3,2.1965,2.462,2.32929577,103.91,1.875,0.0,BTC-27DEC19-32000-P,9497.56,0.0,0.001,1.1,0.0,0.0,0.0,8.79101,-2.98778,-131.73124,2e-05,-0.92568
9513.78,BTC-27SEP19,1564225142428,open,0.71,225.7,0.6475,0.727,0.68733767,140.21,0.693,0.0,BTC-27SEP19-3000-C,9497.56,0.0,0.005,20.0,0.886,5.0,500.0,1.14102,-1.2928,4.86402,1e-05,0.98893
9513.78,BTC-27SEP19,1564225142429,open,0.02,358.6,0.0005,0.055,0.01518172,100.84,0.022,0.0,BTC-27SEP19-18000-C,9497.56,97.51,0.013,1.0,0.0175,10.4,104.13,6.46941,-5.27186,1.24011,4e-05,0.09207
9513.78,BTC-27SEP19,1564225142429,open,0.8,28.2,0.7505,0.83,0.79012516,143.94,0.755,0.0,BTC-27SEP19-2000-C,9497.56,0.0,0.01,1.0,0.912,5.0,500.0,0.21497,-0.25004,3.35734,0.0,0.99829
9513.78,BTC-27SEP19,1564225142430,open,0.0,1660.1,0.0005,0.04,6.222e-05,145.0,0.0005,0.0,BTC-27SEP19-1500-P,9497.56,0.0,0.0,0.0,0.0005,12.0,177.31,0.04947,-0.05796,-0.00658,0.0,-0.00035
9662.64,BTC-27DEC19,1564225142430,open,3.66,0.0,3.774,4.171,3.97241629,106.11,None,0.0,BTC-27DEC19-48000-P,9497.56,0.0,0.0,0.0,6.0,1.0,500.0,3.43889,-1.19347,-200.29645,1e-05,-0.97675
9499.53,SYN.BTC-2AUG19,1564225142427,open,0.15,1.0,0.1665,0.263,0.21483092,101.2,0.1445,0.0,BTC-2AUG19-11500-P,9497.56,0.0,0.2065,9.6,0.0,0.0,0.0,1.74407,-15.01933,-1.73968,0.00012,-0.9228
9662.64,BTC-27DEC19,1564225142431,open,1.93,2.1,2.0015,2.251,2.12632095,103.93,1.95,0.0,BTC-27DEC19-30000-P,9497.56,0.0,0.001,1.1,0.0,0.0,0.0,10.05534,-3.41795,-122.93019,2e-05,-0.91119
9506.83,SYN.BTC-30AUG19,1564225142426,open,0.24,21.0,0.165,0.2445,0.20458939,96.39,0.2375,0.0,BTC-30AUG19-8000-C,9497.56,0.0,0.0,0.0,0.0,0.0,0.0,8.82266,-12.5523,4.97708,0.00011,0.76867
9499.53,SYN.BTC-2AUG19,1564225142427,open,0.0,227.0,0.0005,0.04,0.00031809,110.14,0.0005,0.0,BTC-2AUG19-13500-C,9497.56,0.0,0.0,0.0,0.001,0.1,127.22,0.242,-2.26817,0.01059,2e-05,0.00724
9499.53,SYN.BTC-2AUG19,1564225142426,open,0.31,0.0,0.2245,0.304,0.26441926,123.37,None,0.0,BTC-2AUG19-7000-C,9497.56,0.0,0.01,10.0,0.0,0.0,0.0,0.6139,-6.4449,1.09239,3e-05,0.97877
9506.83,SYN.BTC-30AUG19,1564225142427,open,0.24,1.6,0.253,0.3565,0.30479313,99.06,0.27,0.0,BTC-30AUG19-12000-P,9497.56,0.0,0.0,0.0,0.0,0.0,0.0,9.52893,-13.93223,-9.15367,0.00011,-0.73265
9499.53,SYN.BTC-2AUG19,1564225142427,open,0.21,2.0,0.123,0.2025,0.16296703,102.12,0.185,0.0,BTC-2AUG19-8000-C,9497.56,0.0,0.01,10.0,0.0,0.0,0.0,1.82807,-15.88598,1.15438,0.00012,0.91785
9499.53,SYN.BTC-2AUG19,1564225142427,open,0.2,0.0,0.215,0.3155,0.26516058,101.05,None,0.0,BTC-2AUG19-12000-P,9497.56,0.0,0.0,0.0,0.0,0.0,0.0,1.02468,-8.81133,-1.87454,7e-05,-0.96066
9499.53,SYN.BTC-2AUG19,1564225142426,open,0.29,0.0,0.3145,0.4235,0.36882825,100.58,None,0.0,BTC-2AUG19-13000-P,9497.56,0.0,0.01,10.1,0.0,0.0,0.0,0.27356,-2.34149,-2.0805,2e-05,-0.99168
209.27,ETH-27DEC19,1564225142434,open,0.39,0.0,0.32,0.399,0.359217,99.71,None,0.0,ETH-27DEC19-160-C,208.31,0.0,0.001,1000.0,0.98,5.0,500.0,0.4113,-0.13412,0.36,0.00225,0.76994
209.27,ETH-27DEC19,1564225142434,open,0.05,527.0,0.001,0.08,0.040679,103.47,0.062,0.0,ETH-27DEC19-520-C,208.31,101.69,0.038,300.0,0.046,110.0,106.86,0.31969,-0.10818,0.09827,0.00168,0.1528
207.42,ETH-27SEP19,1564225142434,open,0.07,3061.0,0.013,0.092,0.052068,102.03,0.06,0.0,ETH-27SEP19-300-C,208.31,97.33,0.046,460.0,0.059,110.0,107.21,0.27249,-0.22466,0.07027,0.00366,0.25193
209.27,ETH-27DEC19,1564225142434,open,1.9,0.0,1.959,2.205,2.082135,105.1,None,0.0,ETH-27DEC19-640-P,208.31,0.0,0.0,0.0,0.0,0.0,0.0,0.23107,-0.07942,-2.61716,0.0012,-0.90378
207.42,ETH-27SEP19,1564225142434,open,0.0,3419.0,0.001,0.041,0.001949,112.41,0.003,0.0,ETH-27SEP19-640-C,208.31,104.26,0.001,250.0,0.004,400.0,123.23,0.03009,-0.02733,0.00417,0.00037,0.01379
207.42,ETH-27SEP19,1564225142434,open,0.26,779.0,0.19,0.269,0.229543,101.64,0.227,0.0,ETH-27SEP19-180-C,208.31,0.0,0.0,0.0,0.609,10.0,391.33,0.29319,-0.24081,0.1683,0.00395,0.70817
207.42,ETH-27SEP19,1564225142434,open,0.28,1264.0,0.287,0.393,0.33959,101.67,0.357,0.0,ETH-27SEP19-260-P,208.31,0.0,0.006,7.0,1.245,1.0,500.0,0.3226,-0.26503,-0.34074,0.00435,-0.62947
209.27,ETH-27DEC19,1564225142434,open,0.02,205.0,0.001,0.059,0.019828,105.11,0.027,0.0,ETH-27DEC19-680-C,208.31,99.79,0.015,300.0,0.027,50.0,111.82,0.20497,-0.07046,0.05442,0.00106,0.08191
207.42,ETH-27SEP19,1564225142434,open,0.04,1835.0,0.001,0.071,0.031868,102.68,0.039,0.0,ETH-27SEP19-340-C,208.31,97.83,0.027,460.0,0.036,110.0,106.56,0.2154,-0.17871,0.04826,0.00288,0.16912
207.42,ETH-27SEP19,1564225142434,open,0.0,2697.0,0.001,0.041,0.001085,114.27,0.001,0.0,ETH-27SEP19-720-C,208.31,0.0,0.0,0.0,0.002,20.0,122.3,0.01868,-0.01725,0.00242,0.00022,0.00798
207.42,ETH-27SEP19,1564225142434,open,0.35,968.0,0.36,0.473,0.416605,101.66,0.38,0.0,ETH-27SEP19-280-P,208.31,0.0,0.001,20.0,1.341,1.0,500.0,0.29952,-0.24605,-0.39056,0.00404,-0.69412
209.27,ETH-27DEC19,1564225142434,open,0.57,83.0,0.585,0.716,0.650904,100.91,0.626,0.0,ETH-27DEC19-320-P,208.31,0.0,0.0,0.0,1.516,1.0,500.0,0.51271,-0.16921,-1.12004,0.00277,-0.62695
207.42,ETH-27SEP19,1564225142434,open,0.58,347.0,0.605,0.737,0.671054,102.68,0.595,0.0,ETH-27SEP19-340-P,208.31,0.0,0.0,0.0,0.711,110.0,135.44,0.2154,-0.17871,-0.52811,0.00288,-0.83088
207.42,ETH-27SEP19,1564225142434,open,0.5,497.0,0.521,0.646,0.583509,102.41,0.51,0.0,ETH-27SEP19-320-P,208.31,0.0,0.0,0.0,0.618,110.0,128.85,0.24392,-0.20185,-0.48408,0.00327,-0.79318
207.42,ETH-27SEP19,1564225142434,open,0.01,8192.0,0.001,0.055,0.015232,103.89,0.013,0.0,ETH-27SEP19-120-P,208.31,93.27,0.01,201.0,0.02,200.0,112.23,0.11173,-0.0938,-0.02916,0.00147,-0.06768
209.27,ETH-27DEC19,1564225142435,open,0.04,578.0,0.001,0.073,0.033469,103.8,0.036,0.0,ETH-27DEC19-560-C,208.31,101.19,0.03,300.0,0.038,110.0,107.02,0.28557,-0.09695,0.08407,0.0015,0.12939
207.42,ETH-27SEP19,1564225142434,open,0.04,7525.0,0.018,0.101,0.059426,101.78,0.04,0.0,ETH-27SEP19-160-P,208.31,97.08,0.054,160.0,0.063,140.0,104.83,0.24163,-0.19872,-0.09247,0.00326,-0.20356
207.42,ETH-27SEP19,1564225142434,open,1.35,12.0,1.412,1.612,1.511822,107.8,1.193,0.0,ETH-27SEP19-520-P,208.31,0.0,0.0,0.0,0.0,0.0,0.0,0.06168,-0.05373,-0.87188,0.00078,-0.96776
207.42,ETH-27SEP19,1564225142434,open,0.74,259.0,0.778,0.925,0.851743,103.29,0.94,0.0,ETH-27SEP19-380-P,208.31,0.0,0.009,8.0,0.0,0.0,0.0,0.16365,-0.13659,-0.6114,0.00217,-0.88706
209.27,ETH-27DEC19,1564225142435,open,0.1,1468.0,0.079,0.168,0.12378,99.71,0.103,0.0,ETH-27DEC19-160-P,208.31,94.72,0.114,1.0,0.131,140.0,103.37,0.4113,-0.13412,-0.31014,0.00225,-0.23006
207.41,ETH-27SEP19,1564225142435,open,0.32,392.0,0.249,0.328,0.288045,101.8,0.51,0.0,ETH-27SEP19-160-C,208.31,0.0,0.1,10.0,0.0,0.0,0.0,0.24166,-0.19879,0.17873,0.00326,0.79638
207.41,ETH-27SEP19,1564225142435,open,0.47,47.0,0.397,0.476,0.436696,103.93,0.689,0.0,ETH-27SEP19-120-C,208.31,0.0,0.0,0.0,0.0,0.0,0.0,0.11182,-0.09391,0.17424,0.00148,0.93224
207.41,ETH-27SEP19,1564225142435,open,0.03,1898.0,0.001,0.059,0.019711,103.29,0.026,0.0,ETH-27SEP19-380-C,208.31,96.92,0.015,500.0,0.023,110.0,107.31,0.16364,-0.13658,0.03278,0.00217,0.11294
209.26,ETH-27DEC19,1564225142435,open,1.21,21.0,1.25,1.437,1.343468,103.02,0.629,0.0,ETH-27DEC19-480-P,208.31,0.0,0.0,0.0,2.274,1.0,500.0,0.35648,-0.12011,-1.8954,0.00189,-0.8191
207.41,ETH-27SEP19,1564225142435,open,0.42,769.0,0.439,0.558,0.498399,101.98,0.391,0.0,ETH-27SEP19-300-P,208.31,0.0,0.001,11.0,0.528,110.0,123.16,0.27235,-0.22443,-0.43834,0.00366,-0.74829
207.41,ETH-27SEP19,1564225142435,open,0.73,0.0,0.673,0.752,0.712025,135.18,0.01,0.0,ETH-27SEP19-60-C,208.31,0.0,0.003,10.0,0.0,0.0,0.0,0.01471,-0.01607,0.09911,0.00015,0.99391
207.41,ETH-27SEP19,1564225142435,open,0.66,233.0,0.691,0.831,0.760704,102.98,0.763,0.0,ETH-27SEP19-360-P,208.31,0.0,0.0,0.0,0.0,0.0,0.0,0.18839,-0.15676,-0.57049,0.00251,-0.86182
207.41,ETH-27SEP19,1564225142435,open,0.0,739.0,0.001,0.041,0.001293,134.98,0.001,0.0,ETH-27SEP19-60-P,208.31,0.0,0.0,0.0,0.002,250.0,143.62,0.01461,-0.01594,-0.00258,0.00015,-0.00604
209.26,ETH-27DEC19,1564225142435,open,0.18,217.0,0.117,0.196,0.156775,100.35,0.175,0.0,ETH-27DEC19-280-C,208.31,95.35,0.144,30.0,0.171,120.0,105.89,0.53616,-0.17597,0.25768,0.00291,0.45078
207.41,ETH-27SEP19,1564225142435,open,0.02,2576.0,0.001,0.049,0.009511,103.5,0.013,0.0,ETH-27SEP19-440-C,208.31,92.6,0.005,200.0,0.012,110.0,108.22,0.10221,-0.08549,0.01788,0.00135,0.06036
208.23,SYN.ETH-2AUG19,1564225142434,open,0.31,0.0,0.338,0.448,0.393138,109.81,None,0.0,ETH-2AUG19-290-P,208.31,0.0,0.0,0.0,0.0,0.0,0.0,0.00735,-0.06872,-0.04635,0.00096,-0.98949
207.41,ETH-27SEP19,1564225142436,open,0.39,191.0,0.318,0.397,0.357021,102.03,0.5,0.0,ETH-27SEP19-140-C,208.31,0.0,0.01,50.0,0.0,0.0,0.0,0.17673,-0.14571,0.18179,0.00238,0.87404
207.41,ETH-27SEP19,1564225142436,open,0.02,4425.0,0.001,0.055,0.015499,103.47,0.018,0.0,ETH-27SEP19-400-C,208.31,96.25,0.011,500.0,0.018,110.0,107.01,0.14094,-0.11784,0.02689,0.00187,0.09199
209.26,ETH-27DEC19,1564225142436,open,0.88,16.0,0.911,1.069,0.989731,103.01,1.195,0.0,ETH-27DEC19-400-P,208.31,0.0,0.0,0.0,1.49,1.0,311.63,0.44066,-0.14847,-1.51465,0.00233,-0.73841
209.26,ETH-27DEC19,1564225142436,open,0.73,241.0,0.743,0.888,0.815609,101.26,0.986,0.0,ETH-27DEC19-360-P,208.31,0.0,0.0,0.0,0.871,110.0,124.37,0.47676,-0.1579,-1.32094,0.00257,-0.69152
209.26,ETH-27DEC19,1564225142436,open,0.02,1364.0,0.001,0.054,0.01418,105.54,0.022,0.0,ETH-27DEC19-760-C,208.31,97.98,0.009,300.0,0.021,50.0,113.29,0.16335,-0.05639,0.041,0.00084,0.06096
207.41,ETH-27SEP19,1564225142436,open,0.64,0.0,0.577,0.656,0.616656,115.01,None,0.0,ETH-27SEP19-80-C,208.31,0.0,0.003,10.0,0.0,0.0,0.0,0.02719,-0.02527,0.13047,0.00032,0.98773
207.41,ETH-27SEP19,1564225142436,open,0.09,1884.0,0.027,0.106,0.066741,101.7,0.075,0.0,ETH-27SEP19-280-C,208.31,96.98,0.06,160.0,0.075,110.0,107.35,0.29956,-0.24619,0.08412,0.00404,0.30598
208.13,SYN.ETH-9AUG19,1564225142434,open,0.1,2.0,0.106,0.197,0.151389,113.39,0.103,0.0,ETH-9AUG19-230-P,208.31,92.39,0.137,300.0,0.159,300.0,124.14,0.14603,-0.64302,-0.05822,0.00843,-0.64155
209.26,ETH-27DEC19,1564225142437,open,0.5,0.0,0.438,0.517,0.477644,99.79,None,0.0,ETH-27DEC19-120-C,208.31,0.0,0.001,1200.0,0.99,5.0,500.0,0.26806,-0.08749,0.35421,0.00146,0.88178
207.41,ETH-27SEP19,1564225142437,open,0.0,3439.0,0.001,0.041,0.001464,113.54,0.003,0.0,ETH-27SEP19-680-C,208.31,0.0,0.0,0.0,0.003,300.0,123.71,0.02384,-0.02187,0.00319,0.00029,0.01055
209.26,ETH-27DEC19,1564225142437,open,1.05,0.0,1.079,1.251,1.164744,103.0,None,0.0,ETH-27DEC19-440-P,208.31,0.0,0.0,0.0,2.085,1.0,500.0,0.39809,-0.13411,-1.70691,0.00211,-0.78276
208.23,SYN.ETH-2AUG19,1564225142434,open,0.23,0.0,0.247,0.35,0.298307,107.48,None,0.0,ETH-2AUG19-270-P,208.31,0.0,0.0,0.0,0.0,0.0,0.0,0.01951,-0.17847,-0.04241,0.0026,-0.96687
207.83,SYN.ETH-30AUG19,1564225142434,open,0.23,757.0,0.156,0.235,0.195315,103.17,0.25,0.0,ETH-30AUG19-180-C,208.31,0.0,0.0,0.0,0.213,120.0,120.52,0.20913,-0.31844,0.10324,0.00506,0.73056
209.26,ETH-27DEC19,1564225142438,open,0.06,631.0,0.01,0.089,0.049781,103.08,0.074,0.0,ETH-27DEC19-480-C,208.31,100.83,0.046,300.0,0.056,110.0,106.64,0.3568,-0.12029,0.11515,0.00189,0.18116
207.83,SYN.ETH-30AUG19,1564225142434,open,0.12,329.0,0.114,0.206,0.160105,103.34,0.12,0.0,ETH-30AUG19-220-P,208.31,95.84,0.151,120.0,0.167,120.0,109.01,0.25252,-0.38515,-0.12912,0.0061,-0.50933
207.83,SYN.ETH-30AUG19,1564225142435,open,0.01,2360.0,0.001,0.047,0.007209,104.73,0.01,0.0,ETH-30AUG19-360-C,208.31,89.95,0.003,200.0,0.011,200.0,114.08,0.07453,-0.11521,0.01001,0.00178,0.0591
207.83,SYN.ETH-30AUG19,1564225142434,open,0.39,0.0,0.409,0.525,0.466969,104.57,None,0.0,ETH-30AUG19-300-P,208.31,0.0,0.0,0.0,0.0,0.0,0.0,0.15428,-0.23811,-0.25203,0.00368,-0.83964
208.13,SYN.ETH-9AUG19,1564225142434,open,0.07,3.0,0.074,0.163,0.118666,113.4,0.097,0.0,ETH-9AUG19-220-P,208.31,97.57,0.107,300.0,0.121,300.0,116.55,0.15412,-0.6787,-0.04991,0.00889,-0.56114
208.13,SYN.ETH-9AUG19,1564225142434,open,0.36,0.0,0.388,0.503,0.44583,113.25,None,0.0,ETH-9AUG19-300-P,208.31,0.0,0.0,0.0,0.0,0.0,0.0,0.0425,-0.18693,-0.10223,0.00246,-0.94657
207.83,SYN.ETH-30AUG19,1564225142435,open,0.3,0.0,0.222,0.301,0.261228,103.19,None,0.0,ETH-30AUG19-160-C,208.31,0.0,0.0,0.0,0.0,0.0,0.0,0.15486,-0.23586,0.11139,0.00374,0.8387
208.13,SYN.ETH-9AUG19,1564225142434,open,0.02,13.0,0.004,0.086,0.044852,113.42,0.021,0.0,ETH-9AUG19-190-P,208.31,96.46,0.034,300.0,0.045,200.0,113.65,0.1352,-0.59549,-0.02506,0.0078,-0.29653
208.23,SYN.ETH-2AUG19,1564225142437,open,0.27,0.0,0.292,0.399,0.345577,109.27,None,0.0,ETH-2AUG19-280-P,208.31,0.0,0.0,0.0,0.0,0.0,0.0,0.01246,-0.11586,-0.04446,0.00163,-0.98061
207.83,SYN.ETH-30AUG19,1564225142434,open,0.04,287.0,0.019,0.103,0.061378,103.13,0.052,0.0,ETH-30AUG19-180-P,208.31,94.73,0.053,160.0,0.065,120.0,106.72,0.20911,-0.31829,-0.0638,0.00506,-0.2694
207.83,SYN.ETH-30AUG19,1564225142434,open,0.18,223.0,0.179,0.276,0.227323,104.59,0.179,0.0,ETH-30AUG19-240-P,208.31,88.6,0.209,300.0,0.234,120.0,110.3,0.24202,-0.37363,-0.16247,0.00577,-0.615
207.83,SYN.ETH-30AUG19,1564225142434,open,0.47,0.0,0.494,0.617,0.555588,104.55,None,0.0,ETH-30AUG19-320-P,208.31,0.0,0.0,0.0,0.0,0.0,0.0,0.12357,-0.19069,-0.2777,0.00295,-0.88411
208.23,SYN.ETH-2AUG19,1564225142434,open,0.32,0.0,0.242,0.321,0.281746,142.28,None,0.0,ETH-2AUG19-150-C,208.31,0.0,0.0,0.0,0.0,0.0,0.0,0.01709,-0.20694,0.02313,0.00172,0.97177
208.13,SYN.ETH-9AUG19,1564225142434,open,0.01,203.0,0.001,0.07,0.029104,113.43,0.014,0.0,ETH-9AUG19-180-P,208.31,96.17,0.02,300.0,0.028,200.0,111.41,0.11431,-0.50351,-0.01794,0.0066,-0.2153
207.83,SYN.ETH-30AUG19,1564225142435,open,0.02,277.0,0.001,0.055,0.015922,104.68,0.02,0.0,ETH-30AUG19-320-C,208.31,95.7,0.011,200.0,0.019,120.0,109.64,0.12384,-0.19133,0.01935,0.00295,0.11624
207.83,SYN.ETH-30AUG19,1564225142436,open,0.31,0.0,0.327,0.437,0.381781,104.58,None,0.0,ETH-30AUG19-280-P,208.31,0.0,0.0,0.0,0.0,0.0,0.0,0.18688,-0.28847,-0.22432,0.00446,-0.7812
208.23,SYN.ETH-2AUG19,1564225142435,open,0.28,0.0,0.194,0.273,0.233989,120.94,None,0.0,ETH-2AUG19-160-C,208.31,0.0,0.0,0.0,0.0,0.0,0.0,0.02109,-0.21702,0.02446,0.0025,0.96359
208.23,SYN.ETH-2AUG19,1564225142434,open,0.36,0.0,0.384,0.498,0.440976,112.78,None,0.0,ETH-2AUG19-300-P,208.31,0.0,0.0,0.0,0.0,0.0,0.0,0.00487,-0.04671,-0.04808,0.00062,-0.99343
208.23,SYN.ETH-2AUG19,1564225142434,open,0.18,0.0,0.202,0.301,0.251542,105.02,None,0.0,ETH-2AUG19-260-P,208.31,0.0,0.0,0.0,0.0,0.0,0.0,0.02932,-0.26203,-0.04011,0.004,-0.94516
208.23,SYN.ETH-2AUG19,1564225142435,open,0.0,261.0,0.001,0.04,0.000545,111.62,0.001,0.0,ETH-2AUG19-290-C,208.31,0.0,0.0,0.0,0.002,300.0,134.56,0.00805,-0.07648,0.00037,0.00103,0.01167
208.23,SYN.ETH-2AUG19,1564225142434,open,0.01,512.0,0.001,0.041,0.001754,108.14,0.005,0.0,ETH-2AUG19-270-C,208.31,98.87,0.001,1.0,0.004,550.0,126.13,0.01995,-0.18355,0.00108,0.00264,0.03403
208.13,SYN.ETH-9AUG19,1564225142434,open,0.32,0.0,0.245,0.324,0.284209,113.73,None,0.0,ETH-9AUG19-150-C,208.31,0.0,0.0,0.0,0.0,0.0,0.0,0.04063,-0.17944,0.04885,0.00234,0.94951
207.83,SYN.ETH-30AUG19,1564225142434,open,0.24,0.0,0.25,0.353,0.301355,104.6,0.218,0.0,ETH-30AUG19-260-P,208.31,0.0,0.0,0.0,1.245,1.0,500.0,0.2179,-0.33641,-0.19442,0.0052,-0.70662
208.23,SYN.ETH-2AUG19,1564225142434,open,0.19,0.0,0.105,0.184,0.144179,104.99,None,0.0,ETH-2AUG19-180-C,208.31,0.0,0.0,0.0,0.0,0.0,0.0,0.05375,-0.48023,0.02457,0.00734,0.87707
208.23,SYN.ETH-2AUG19,1564225142436,open,0.23,0.0,0.147,0.226,0.186971,105.1,None,0.0,ETH-2AUG19-170-C,208.31,0.0,0.0,0.0,0.0,0.0,0.0,0.02987,-0.26719,0.02537,0.00407,0.94385
208.23,SYN.ETH-2AUG19,1564225142435,open,0.08,283.0,0.078,0.167,0.122824,104.6,0.076,0.0,ETH-2AUG19-230-P,208.31,86.57,0.116,300.0,0.135,300.0,133.2,0.08349,-0.74315,-0.02935,0.01143,-0.75261
207.83,SYN.ETH-30AUG19,1564225142435,open,0.81,0.0,0.852,1.005,0.928336,106.76,None,0.0,ETH-30AUG19-400-P,208.31,0.0,0.0,0.0,0.0,0.0,0.0,0.04559,-0.07184,-0.36575,0.00107,-0.96787
208.23,SYN.ETH-2AUG19,1564225142436,open,0.11,5.0,0.117,0.209,0.162891,104.55,0.113,0.0,ETH-2AUG19-240-P,208.31,77.21,0.156,300.0,0.175,300.0,138.86,0.06367,-0.56649,-0.0337,0.00873,-0.84231
208.23,SYN.ETH-2AUG19,1564225142435,open,0.15,0.0,0.159,0.254,0.206261,105.05,None,0.0,ETH-2AUG19-250-P,208.31,0.0,0.0,0.0,0.0,0.0,0.0,0.04499,-0.4022,-0.03722,0.00614,-0.90402
207.83,SYN.ETH-30AUG19,1564225142435,open,0.55,0.0,0.581,0.712,0.646612,104.51,None,0.0,ETH-30AUG19-340-P,208.31,0.0,0.0,0.0,0.0,0.0,0.0,0.09655,-0.14894,-0.30165,0.0023,-0.91726
207.83,SYN.ETH-30AUG19,1564225142437,open,0.03,270.0,0.001,0.063,0.023532,104.66,0.031,0.0,ETH-30AUG19-300-C,208.31,96.82,0.018,460.0,0.026,120.0,107.92,0.15446,-0.2386,0.02645,0.00368,0.16064
208.23,SYN.ETH-2AUG19,1564225142435,open,0.01,316.0,0.001,0.043,0.00301,105.44,0.003,0.0,ETH-2AUG19-260-C,208.31,86.8,0.001,299.0,0.006,550.0,122.66,0.02965,-0.26602,0.00176,0.00403,0.05561
207.83,SYN.ETH-30AUG19,1564225142436,open,0.64,0.0,0.67,0.808,0.739334,104.5,None,0.0,ETH-30AUG19-360-P,208.31,0.0,0.0,0.0,0.0,0.0,0.0,0.07404,-0.1142,-0.32419,0.00177,-0.94139
9501.36,SYN.BTC-9AUG19,1564225142462,open,0.05,41.8,0.0315,0.117,0.07424034,99.31,0.0635,0.0,BTC-9AUG19-9500-P,9497.56,96.99,0.0725,9.5,0.076,5.1,101.69,7.08786,-27.33352,-1.79909,0.00022,-0.46254
208.23,SYN.ETH-2AUG19,1564225142594,open,0.04,1792.0,0.001,0.058,0.018354,104.73,0.032,0.0,ETH-2AUG19-230-C,208.31,96.17,0.015,302.0,0.022,200.0,113.63,0.08355,-0.74461,0.00769,0.01143,0.24772
208.23,SYN.ETH-2AUG19,1564225142596,open,0.0,939.0,0.001,0.043,0.003319,104.83,0.001,0.0,ETH-2AUG19-170-P,208.31,83.27,0.001,278.0,0.005,101.0,115.41,0.02969,-0.26488,-0.00198,0.00406,-0.05572
208.23,SYN.ETH-2AUG19,1564225142607,open,0.0,8.0,0.001,0.041,0.001004,110.33,0.002,0.0,ETH-2AUG19-280-C,208.31,0.0,0.0,0.0,0.002,271.0,122.91,0.01301,-0.12216,0.00065,0.00169,0.02041
208.23,SYN.ETH-2AUG19,1564225142611,open,0.02,282.0,0.001,0.075,0.034562,104.81,0.016,0.0,ETH-2AUG19-200-P,208.31,95.12,0.03,300.0,0.04,296.0,116.27,0.09843,-0.8779,-0.01308,0.01345,-0.35573
208.23,SYN.ETH-2AUG19,1564225142659,open,0.0,197.0,0.001,0.04,0.000362,115.52,0.003,0.0,ETH-2AUG19-300-C,208.31,0.0,0.0,0.0,0.001,279.0,131.34,0.00567,-0.05572,0.00025,0.0007,0.00781
208.23,SYN.ETH-2AUG19,1564225142915,open,0.02,745.0,0.001,0.05,0.010393,104.73,0.023,0.0,ETH-2AUG19-240-C,208.31,96.51,0.008,276.0,0.013,250.0,112.87,0.0638,-0.56859,0.00495,0.00873,0.15817
208.23,SYN.ETH-2AUG19,1564225142930,open,0.05,624.0,0.001,0.07,0.030792,104.74,0.059,0.0,ETH-2AUG19-220-C,208.31,98.82,0.028,1.0,0.035,283.0,113.48,0.09924,-0.8845,0.01118,0.01357,0.36424
9513.78,BTC-27SEP19,1564225142940,open,0.0,444.0,0.0005,0.0425,0.00249004,106.26,0.0015,0.0,BTC-27SEP19-4000-P,9497.56,93.02,0.001,46.9,0.004,17.1,115.12,1.39191,-1.19514,-0.26483,1e-05,-0.01393
9513.78,BTC-27SEP19,1564225142943,open,0.06,184.1,0.0055,0.085,0.04547781,99.48,0.0545,0.0,BTC-27SEP19-14000-C,9497.56,95.43,0.0405,5.8,0.05,5.0,103.04,11.89821,-9.5645,2.97823,8e-05,0.23014
9513.78,BTC-27SEP19,1564225142985,open,0.06,504.7,0.036,0.122,0.07899417,96.69,0.072,0.0,BTC-27SEP19-8000-P,9497.56,94.83,0.0765,0.1,0.079,5.8,96.69,12.77895,-9.98491,-5.51456,9e-05,-0.26292
9514.32,BTC-27SEP19,1564225142997,open,0.15,259.8,0.1395,0.234,0.18658362,95.48,0.1425,0.0,BTC-27SEP19-10000-P,9497.56,89.93,0.1775,8.5,0.1905,5.8,97.87,15.58977,-12.0285,-10.6245,0.00011,-0.47213
9514.32,BTC-27SEP19,1564225143007,open,0.15,259.8,0.1395,0.234,0.18658362,95.48,0.1425,0.0,BTC-27SEP19-10000-P,9497.56,89.93,0.1775,8.5,0.19,5.7,97.56,15.58977,-12.0285,-10.6245,0.00011,-0.47213
9501.36,SYN.BTC-9AUG19,1564225143022,open,0.11,7.2,0.0345,0.114,0.07439615,99.35,0.072,0.0,BTC-9AUG19-9500-C,9497.56,94.79,0.071,5.0,0.0765,4.6,102.17,7.08783,-27.34383,1.55207,0.00022,0.53747
9662.64,BTC-27DEC19,1564225143037,open,0.12,282.6,0.062,0.1415,0.10198207,100.56,0.112,0.0,BTC-27DEC19-16000-C,9497.56,96.88,0.0935,4.9,0.109,9.0,103.54,22.54981,-7.41629,9.08658,6e-05,0.32651
9506.83,SYN.BTC-30AUG19,1564225143205,open,0.03,134.8,0.0045,0.0875,0.04606753,96.37,0.031,0.0,BTC-30AUG19-8000-P,9497.56,89.2,0.0395,5.3,0.0475,5.7,97.91,8.82196,-12.54824,-2.44725,0.00011,-0.23129
9506.83,SYN.BTC-30AUG19,1564225143207,open,0.03,134.8,0.0045,0.0875,0.04606753,96.37,0.031,0.0,BTC-30AUG19-8000-P,9497.56,89.2,0.0395,5.3,0.0475,5.6,97.91,8.82196,-12.54824,-2.44725,0.00011,-0.23129
9506.83,SYN.BTC-30AUG19,1564225143231,open,0.01,64.6,0.0005,0.044,0.0043147,99.77,0.0075,0.0,BTC-30AUG19-17000-C,9497.56,88.61,0.002,5.3,0.006,9.9,105.66,2.45465,-3.61479,0.30772,3e-05,0.03919
9501.48,SYN.BTC-9AUG19,1564225143248,open,0.03,57.1,0.0075,0.0905,0.04898554,99.32,0.0375,0.0,BTC-9AUG19-9000-P,9497.56,92.13,0.044,4.9,0.0505,4.9,101.49,6.61347,-25.50696,-1.339,0.00021,-0.35051
9499.53,SYN.BTC-2AUG19,1564225143350,open,0.03,214.3,0.0085,0.092,0.05025261,99.3,0.042,0.0,BTC-2AUG19-9500-P,9497.56,87.91,0.0445,4.2,0.056,18.0,110.68,4.79893,-40.54975,-0.80329,0.00033,-0.47504
9499.53,SYN.BTC-2AUG19,1564225143369,open,0.03,214.3,0.0085,0.092,0.05025261,99.3,0.042,0.0,BTC-2AUG19-9500-P,9497.56,87.91,0.0445,4.2,0.052,0.2,102.75,4.79893,-40.54975,-0.80329,0.00033,-0.47504
9499.53,SYN.BTC-2AUG19,1564225143355,open,0.01,155.7,0.0005,0.044,0.00428001,101.39,0.003,0.0,BTC-2AUG19-11500-C,9497.56,93.81,0.003,10.2,0.0045,0.1,102.57,1.7513,-15.10993,0.11215,0.00012,0.07762
9506.83,SYN.BTC-30AUG19,1564225143403,open,0.11,147.9,0.102,0.193,0.1474368,96.36,0.1125,0.0,BTC-30AUG19-10000-P,9497.56,88.61,0.138,14.4,0.1465,1.0,95.61,11.55054,-16.42825,-5.80211,0.00014,-0.51017
9501.48,SYN.BTC-9AUG19,1564225143435,open,0.02,30.2,0.0005,0.071,0.02996324,99.55,0.018,0.0,BTC-9AUG19-8500-P,9497.56,93.62,0.0265,4.2,0.032,5.2,102.97,5.61432,-21.70371,-0.92279,0.00018,-0.24535
9501.48,SYN.BTC-9AUG19,1564225143437,open,0.02,30.2,0.0005,0.071,0.02996324,99.55,0.018,0.0,BTC-9AUG19-8500-P,9497.56,93.62,0.0265,4.2,0.032,4.9,102.97,5.61432,-21.70371,-0.92279,0.00018,-0.24535
9506.83,SYN.BTC-30AUG19,1564225143450,open,0.03,98.9,0.0005,0.0575,0.01762474,99.77,0.0255,0.0,BTC-30AUG19-14000-C,9497.56,95.58,0.015,4.9,0.0185,6.0,101.11,6.16147,-9.07366,1.00089,7e-05,0.13106
9499.53,SYN.BTC-2AUG19,1564225143483,open,0.05,150.3,0.039,0.1255,0.08224702,99.54,0.078,0.0,BTC-2AUG19-10000-P,9497.56,90.62,0.078,4.2,0.083,4.2,101.16,4.53309,-38.39931,-1.09578,0.00031,-0.63434
9499.53,SYN.BTC-2AUG19,1564225143489,open,0.05,150.3,0.039,0.1255,0.08224702,99.54,0.078,0.0,BTC-2AUG19-10000-P,9497.56,90.62,0.078,4.2,0.083,3.9,101.16,4.53309,-38.39931,-1.09578,0.00031,-0.63434
9499.53,SYN.BTC-2AUG19,1564225143493,open,0.0,277.6,0.0005,0.045,0.00509168,101.99,0.0035,0.0,BTC-2AUG19-8000-P,9497.56,86.24,0.0025,4.3,0.005,0.1,101.53,1.8241,-15.83181,-0.13305,0.00012,-0.08191
9501.36,SYN.BTC-9AUG19,1564225143505,open,0.01,30.2,0.0005,0.0575,0.01707089,100.66,0.011,0.0,BTC-9AUG19-8000-P,9497.56,94.84,0.0145,4.6,0.019,4.2,104.86,4.29956,-16.80627,-0.5855,0.00013,-0.15762
9501.36,SYN.BTC-9AUG19,1564225143506,open,0.01,30.2,0.0005,0.0575,0.01707089,100.66,0.011,0.0,BTC-9AUG19-8000-P,9497.56,94.84,0.0145,4.6,0.019,4.1,104.86,4.29956,-16.80627,-0.5855,0.00013,-0.15762
9513.89,BTC-27SEP19,1564225143528,open,0.47,221.9,0.394,0.4735,0.4338275,97.54,0.51,0.0,BTC-27SEP19-5500-C,9497.56,0.0,0.4215,3.0,0.838,5.0,500.0,4.58981,-3.61762,8.18381,3e-05,0.94125
9499.11,SYN.BTC-2AUG19,1564225143530,open,0.0,166.9,0.0005,0.04,0.00037905,101.91,0.001,0.0,BTC-2AUG19-13000-C,9497.56,105.43,0.0005,1.0,0.001,0.3,115.71,0.29551,-2.56265,0.01332,2e-05,0.00909
9513.89,BTC-27SEP19,1564225143551,open,0.0,756.0,0.0005,0.041,0.00104684,111.43,0.001,0.0,BTC-27SEP19-32000-C,9497.56,103.53,0.0005,12.0,0.0015,5.7,115.87,0.84721,-0.76286,0.11019,0.0,0.00788
9499.11,SYN.BTC-2AUG19,1564225143565,open,0.0,302.4,0.0005,0.0405,0.00089811,101.91,0.0015,0.0,BTC-2AUG19-12500-C,9497.56,103.53,0.001,1.0,0.002,5.0,115.63,0.57779,-5.01066,0.02885,4e-05,0.01977
9499.11,SYN.BTC-2AUG19,1564225143585,open,0.44,0.0,0.466,0.5875,0.52683836,131.91,None,0.0,BTC-2AUG19-14500-P,9497.56,0.0,0.0,0.0,0.0,0.0,0.0,0.2429,-2.72653,-2.32364,1e-05,-0.99273
9662.62,BTC-27DEC19,1564225143643,open,2.51,1.3,2.5895,2.888,2.73861111,105.38,2.2,0.0,BTC-27DEC19-36000-P,9497.56,0.0,0.0005,1.1,0.0,0.0,0.0,7.07649,-2.43908,-149.02945,2e-05,-0.94379
9499.11,SYN.BTC-2AUG19,1564225143683,open,0.0,391.2,0.0005,0.04,0.00044733,134.4,0.002,0.0,BTC-2AUG19-14500-C,9497.56,0.0,0.0,0.0,0.0035,5.0,179.89,0.27311,-3.12349,0.01202,1e-05,0.00831
9662.62,BTC-27DEC19,1564225143687,open,0.06,170.7,0.011,0.0905,0.05081198,103.11,0.0575,0.0,BTC-27DEC19-22000-C,9497.56,99.96,0.0455,4.8,0.055,4.9,105.5,16.64875,-5.61439,5.39934,4e-05,0.18423
9662.62,BTC-27DEC19,1564225143694,open,0.47,122.9,0.4025,0.482,0.44233249,97.83,0.502,0.0,BTC-27DEC19-6000-C,9497.56,69.97,0.4055,4.0,0.88,0.2,440.92,14.08594,-4.50679,16.80256,4e-05,0.85751
9513.78,BTC-27SEP19,1564225143706,open,0.08,219.3,0.02,0.0995,0.05958858,98.66,0.077,0.0,BTC-27SEP19-13000-C,9497.56,94.62,0.054,5.3,0.065,10.8,102.49,13.31841,-10.6185,3.64969,9e-05,0.28589
207.41,ETH-27SEP19,1564225143712,open,0.22,2475.0,0.218,0.318,0.267954,101.67,0.28,0.0,ETH-27SEP19-240-P,208.31,94.91,0.257,120.0,0.274,110.0,105.38,0.33739,-0.27719,-0.2895,0.00455,-0.55541
9501.36,SYN.BTC-9AUG19,1564225143729,open,0.06,25.9,0.0005,0.077,0.03706628,100.04,0.04,0.0,BTC-9AUG19-10500-C,9497.56,94.75,0.0335,5.2,0.04,0.8,104.31,6.46821,-25.12781,0.98417,0.0002,0.33071
9662.64,BTC-27DEC19,1564225143732,open,0.23,624.4,0.1625,0.242,0.20243725,98.1,0.235,0.0,BTC-27DEC19-11000-C,9497.56,94.8,0.194,3.6,0.2055,5.1,99.28,24.78814,-7.95296,13.86631,6e-05,0.54508
9501.48,SYN.BTC-9AUG19,1564225143746,open,0.14,0.0,0.062,0.1415,0.10177027,99.34,None,0.0,BTC-9AUG19-9000-C,9497.56,82.28,0.09,18.0,0.1095,18.0,110.39,6.61358,-25.51284,1.83573,0.00021,0.64948
9663.18,BTC-27DEC19,1564225143748,open,0.3,223.9,0.2875,0.394,0.34079802,98.09,0.2855,0.0,BTC-27DEC19-11000-P,9497.56,93.69,0.3295,3.6,0.34,1.0,97.78,24.78933,-7.95307,-32.20434,6e-05,-0.45489
9513.89,BTC-27SEP19,1564225143757,open,0.85,42.8,0.8025,0.882,0.84240512,146.31,0.815,0.0,BTC-27SEP19-1500-C,9497.56,0.0,0.0,0.0,0.0,0.0,0.0,0.05384,-0.06365,2.53561,0.0,0.99962
9506.5,SYN.BTC-30AUG19,1564225143763,open,0.12,132.7,0.056,0.1355,0.0955613,96.39,0.104,0.0,BTC-30AUG19-10000-C,9497.56,96.34,0.0955,0.1,0.101,10.2,100.86,11.55013,-16.43191,3.47851,0.00014,0.48982
9662.62,BTC-27DEC19,1564225143773,open,0.62,27.2,0.5615,0.641,0.60106498,98.48,0.65,0.0,BTC-27DEC19-4000-C,9497.56,0.0,0.0155,10.0,0.9675,1.0,500.0,5.85609,-1.88616,14.35116,2e-05,0.95567
9513.78,BTC-27SEP19,1564225143766,open,0.21,377.9,0.1405,0.22,0.18031614,95.62,0.202,0.0,BTC-27SEP19-9000-C,9497.56,90.58,0.1725,14.4,0.1825,5.8,97.02,14.76009,-11.405,7.2888,0.0001,0.63227
9662.62,BTC-27DEC19,1564225143802,open,0.01,303.6,0.0005,0.0485,0.00898899,105.39,0.0095,0.0,BTC-27DEC19-40000-C,9497.56,99.42,0.006,9.1,0.013,10.0,111.67,5.47412,-1.88697,1.28666,1e-05,0.04078
9662.64,BTC-27DEC19,1564225143808,open,0.3,171.4,0.2345,0.314,0.2741435,97.2,0.2935,0.0,BTC-27DEC19-9000-C,9497.56,93.31,0.265,3.6,0.277,5.4,98.4,22.76942,-7.23826,15.83671,6e-05,0.66548
9501.48,SYN.BTC-9AUG19,1564225143814,open,0.14,0.0,0.062,0.1415,0.10177027,99.34,None,0.0,BTC-9AUG19-9000-C,9497.56,81.55,0.0895,18.0,0.1095,18.0,110.39,6.61358,-25.51284,1.83573,0.00021,0.64948
209.27,ETH-27DEC19,1564225143822,open,1.72,0.0,1.779,2.01,1.894788,104.07,0.953,0.0,ETH-27DEC19-600-P,208.31,0.0,0.0,0.0,0.0,0.0,0.0,0.25449,-0.08663,-2.44096,0.00133,-0.8901
9513.78,BTC-27SEP19,1564225143852,open,0.05,391.1,0.0005,0.074,0.03443869,99.87,0.0425,0.0,BTC-27SEP19-15000-C,9497.56,95.7,0.03,5.1,0.0385,19.3,103.5,10.40725,-8.39898,2.40588,7e-05,0.18362
9662.62,BTC-27DEC19,1564225143885,open,0.58,6.5,0.518,0.5975,0.55773239,98.25,0.575,0.0,BTC-27DEC19-4500-C,9497.56,0.0,0.0115,0.1,0.965,1.0,500.0,7.86158,-2.52632,15.29703,2e-05,0.93571
9662.62,BTC-27DEC19,1564225143887,open,0.84,12.4,0.866,1.021,0.94341872,101.85,0.559,0.0,BTC-27DEC19-18000-P,9497.56,0.0,0.005,5.0,1.72,0.2,499.55,20.65937,-6.8822,-67.74262,5e-05,-0.73045
9662.64,BTC-27DEC19,1564225143891,open,0.23,230.2,0.218,0.319,0.26845694,96.97,0.2245,0.0,BTC-27DEC19-10000-P,9497.56,93.4,0.2595,4.9,0.2735,5.4,99.0,24.12415,-7.65086,-26.96206,6e-05,-0.39778
9499.53,SYN.BTC-2AUG19,1564225143895,open,0.03,175.1,0.0005,0.0565,0.0167587,101.13,0.016,0.0,BTC-2AUG19-10500-C,9497.56,97.87,0.0155,0.1,0.019,24.0,106.75,3.72055,-32.01926,0.33668,0.00025,0.23693
9506.5,SYN.BTC-30AUG19,1564225143902,open,0.06,153.9,0.0455,0.132,0.08890293,96.36,0.084,0.0,BTC-30AUG19-9000-P,9497.56,88.61,0.08,19.3,0.085,10.0,92.97,10.92968,-15.54519,-4.04412,0.00014,-0.36946
9499.53,SYN.BTC-2AUG19,1564225143913,open,0.16,21.1,0.0785,0.158,0.11813524,101.12,0.1605,0.0,BTC-2AUG19-8500-C,9497.56,67.89,0.109,6.0,0.1225,6.0,113.81,3.11815,-26.83095,1.07939,0.00021,0.824
9499.53,SYN.BTC-2AUG19,1564225143914,open,0.16,21.1,0.0785,0.158,0.11813524,101.12,0.1605,0.0,BTC-2AUG19-8500-C,9497.56,67.89,0.109,6.0,0.122,6.0,112.4,3.11815,-26.83095,1.07939,0.00021,0.824
9513.89,BTC-27SEP19,1564225143938,open,0.01,396.3,0.0005,0.052,0.01193229,97.54,0.0105,0.0,BTC-27SEP19-5500-P,9497.56,93.37,0.01,4.8,0.0135,29.0,100.7,4.59029,-3.6182,-1.14009,3e-05,-0.05876
9514.32,BTC-27SEP19,1564225143988,open,0.1,218.7,0.0815,0.171,0.12628433,95.62,0.12,0.0,BTC-27SEP19-9000-P,9497.56,89.31,0.1165,19.3,0.128,5.5,96.72,14.76021,-11.40503,-7.96733,0.0001,-0.36768
208.12,SYN.ETH-9AUG19,1564225144005,open,0.05,122.0,0.046,0.132,0.088542,111.75,0.077,0.0,ETH-9AUG19-210-P,208.31,96.32,0.077,295.0,0.092,300.0,116.37,0.15564,-0.67542,-0.04139,0.00912,-0.47522
9662.64,BTC-27DEC19,1564225144002,open,0.26,459.5,0.194,0.2735,0.23354309,96.99,0.255,0.0,BTC-27DEC19-10000-C,9497.56,94.16,0.2265,3.6,0.238,5.2,98.77,24.1237,-7.65224,14.92089,6e-05,0.60225
9513.78,BTC-27SEP19,1564225144008,open,0.05,391.1,0.0005,0.074,0.03443869,99.87,0.0425,0.0,BTC-27SEP19-15000-C,9497.56,95.7,0.03,5.2,0.0385,19.3,103.5,10.40725,-8.39898,2.40588,7e-05,0.18362
9513.89,BTC-27SEP19,1564225144010,open,0.0,405.8,0.0005,0.041,0.00107133,141.43,0.0005,0.0,BTC-27SEP19-2500-P,9497.56,0.0,0.0,0.0,0.001,18.0,140.17,0.55144,-0.63023,-0.09553,0.0,-0.00485
9513.89,BTC-27SEP19,1564225144022,open,0.58,9.2,0.5165,0.596,0.55610445,101.5,0.574,0.0,BTC-27SEP19-4250-C,9497.56,0.0,0.005,10.1,0.6685,5.0,300.14,1.59224,-1.30594,6.8965,1e-05,0.98371
9662.62,BTC-27DEC19,1564225144022,open,0.0,830.4,0.0005,0.0435,0.00395259,107.53,0.004,0.0,BTC-27DEC19-52000-C,9497.56,105.97,0.0035,63.7,0.006,4.0,113.35,2.92562,-1.02893,0.61738,1e-05,0.01921
9501.36,SYN.BTC-9AUG19,1564225144028,open,0.02,195.7,0.0005,0.051,0.0113967,101.53,0.0105,0.0,BTC-9AUG19-12000-C,9497.56,97.9,0.01,4.3,0.0145,5.3,108.97,3.76399,-14.84019,0.39566,0.00012,0.12945
9662.62,BTC-27DEC19,1564225144033,open,0.67,4.0,0.6075,0.687,0.64715098,100.01,0.64,0.0,BTC-27DEC19-3500-C,9497.56,0.0,0.0075,0.2,0.78,1.0,261.45,4.16144,-1.36121,13.09799,1e-05,0.97079
9662.62,BTC-27DEC19,1564225144035,open,0.38,93.7,0.309,0.3885,0.34883154,97.61,0.346,0.0,BTC-27DEC19-7500-C,9497.56,0.0,0.211,0.1,0.372,2.5,109.18,19.29372,-6.15916,16.77349,5e-05,0.76329
9506.5,SYN.BTC-30AUG19,1564225144035,open,0.78,0.0,0.8205,0.972,0.89617053,100.05,None,0.0,BTC-30AUG19-18000-P,9497.56,0.0,0.0005,0.1,0.0,0.0,0.0,1.75279,-2.58839,-16.49994,2e-05,-0.97394
9662.64,BTC-27DEC19,1564225144029,open,0.13,243.5,0.1045,0.196,0.15011781,97.56,0.125,0.0,BTC-27DEC19-8000-P,9497.56,94.94,0.1445,0.1,0.151,5.3,97.98,20.65204,-6.58956,-16.97557,5e-05,-0.26936
9662.64,BTC-27DEC19,1564225144037,open,0.13,243.5,0.1045,0.196,0.15011781,97.56,0.125,0.0,BTC-27DEC19-8000-P,9497.56,94.94,0.1445,0.1,0.151,5.1,97.98,20.65204,-6.58956,-16.97557,5e-05,-0.26936
9663.18,BTC-27DEC19,1564225144045,open,0.04,153.0,0.0005,0.072,0.03246667,103.45,0.041,0.0,BTC-27DEC19-26000-C,9497.56,100.79,0.029,4.5,0.037,6.0,106.72,12.97234,-4.38897,3.80086,3e-05,0.12638
9663.18,BTC-27DEC19,1564225144049,open,0.0,376.4,0.0005,0.0455,0.00553774,102.47,0.0035,0.0,BTC-27DEC19-3000-P,9497.56,96.61,0.004,4.2,0.008,5.1,110.17,2.77694,-0.93064,-0.95527,1e-05,-0.01806
9501.48,SYN.BTC-9AUG19,1564225144050,open,0.0,50.1,0.0005,0.045,0.00498948,107.89,0.004,0.0,BTC-9AUG19-7000-P,9497.56,96.91,0.003,4.8,0.005,0.4,107.94,1.95068,-8.1727,-0.19703,6e-05,-0.05379
9662.62,BTC-27DEC19,1564225144052,open,0.86,0.1,0.807,0.8865,0.84655241,133.96,0.84,0.0,BTC-27DEC19-1500-C,9497.56,0.0,0.0205,10.0,0.982,0.5,500.0,0.88959,-0.38976,6.01145,0.0,0.99509
9500.96,SYN.BTC-9AUG19,1564225144062,open,0.01,123.0,0.0005,0.0495,0.00942695,103.79,0.006,0.0,BTC-9AUG19-7500-P,9497.56,95.66,0.007,4.4,0.011,5.4,108.59,3.01585,-12.1552,-0.34996,9e-05,-0.09499
9500.96,SYN.BTC-9AUG19,1564225144063,open,0.01,123.0,0.0005,0.0495,0.00942695,103.79,0.006,0.0,BTC-9AUG19-7500-P,9497.56,95.66,0.007,4.4,0.011,5.3,108.59,3.01585,-12.1552,-0.34996,9e-05,-0.09499
9513.89,BTC-27SEP19,1564225144130,open,0.0,49.2,0.0005,0.0435,0.00362413,137.85,0.002,0.0,BTC-27SEP19-3250-P,9497.56,104.5,0.0005,20.0,0.002,5.1,125.34,1.4636,-1.63028,-0.29661,1e-05,-0.01477
9513.89,BTC-27SEP19,1564225144134,open,0.66,261.1,0.596,0.6755,0.63583282,129.56,0.714,0.0,BTC-27SEP19-3500-C,9497.56,0.0,0.161,1.0,0.711,10.0,299.51,1.57832,-1.6524,5.61331,1e-05,0.98388
9513.89,BTC-27SEP19,1564225144134,open,0.56,289.7,0.491,0.5705,0.53077167,99.84,0.588,0.0,BTC-27SEP19-4500-C,9497.56,0.0,0.002,1.1,0.6545,5.0,299.18,2.00406,-1.6169,7.22355,1e-05,0.97866
9506.5,SYN.BTC-30AUG19,1564225144136,open,0.69,0.0,0.721,0.864,0.79250181,99.53,None,0.0,BTC-30AUG19-17000-P,9497.56,0.0,0.0005,0.1,0.0,0.0,0.0,2.43264,-3.57377,-15.47324,3e-05,-0.96124
9513.89,BTC-27SEP19,1564225144395,open,0.61,34.4,0.6395,0.7755,0.7076796,100.0,0.6695,0.0,BTC-27SEP19-16000-P,9497.56,0.0,0.005,10.0,1.2955,0.2,500.0,8.94116,-7.22489,-25.19809,6e-05,-0.85468
9660.55,BTC-27DEC19,1564225144428,open,0.76,0.0,0.7045,0.784,0.74448167,107.13,None,0.0,BTC-27DEC19-2500-C,9495.49,0.0,0.0155,3.0,0.975,0.5,500.0,1.78581,-0.62571,9.9007,0.0,0.98917
9513.99,BTC-27SEP19,1564225144428,open,0.0,302.2,0.0005,0.0415,0.00152531,105.43,0.003,0.0,BTC-27SEP19-28000-C,9495.49,100.58,0.001,34.0,0.0025,10.8,111.93,1.18946,-1.01338,0.16275,1e-05,0.01162
9660.55,BTC-27DEC19,1564225144428,open,1.56,0.0,1.6145,1.832,1.72323744,103.03,None,0.0,BTC-27DEC19-26000-P,9495.49,0.0,0.005,10.0,2.523,0.2,499.6,12.85351,-4.33114,-105.13925,3e-05,-0.87523
9660.55,BTC-27DEC19,1564225144428,open,1.75,2.0,1.807,2.0405,1.92390415,102.99,1.563,0.0,BTC-27DEC19-28000-P,9495.49,0.0,0.001,1.0,0.0,0.0,0.0,11.22904,-3.78227,-114.13025,3e-05,-0.89677
9660.55,BTC-27DEC19,1564225144429,open,2.12,0.3,2.1965,2.4625,2.32944762,103.3,1.875,0.0,BTC-27DEC19-32000-P,9495.49,0.0,0.001,1.1,0.0,0.0,0.0,8.62651,-2.91457,-131.78142,2e-05,-0.92747
9660.55,BTC-27DEC19,1564225144429,open,3.27,0.0,3.3775,3.742,3.55973297,102.39,3.46,0.0,BTC-27DEC19-44000-P,9495.49,0.0,0.0,0.0,0.0,0.0,0.0,3.67671,-1.2312,-183.47691,1e-05,-0.97481
9660.55,BTC-27DEC19,1564225144429,open,1.19,3.9,1.235,1.4205,1.32762246,102.84,0.752,0.0,BTC-27DEC19-22000-P,9495.49,0.0,0.006,2.0,2.121,0.3,499.7,16.57881,-5.57617,-86.77378,4e-05,-0.81695
9660.55,BTC-27DEC19,1564225144429,open,2.89,0.0,2.983,3.3145,3.14864441,103.77,2.58,0.0,BTC-27DEC19-40000-P,9495.49,0.0,0.0005,3.1,0.0,0.0,0.0,5.11764,-1.73694,-166.343,1e-05,-0.96245
9660.55,BTC-27DEC19,1564225144430,open,1.01,5.7,1.0495,1.2195,1.13459921,102.89,1.085,0.0,BTC-27DEC19-20000-P,9495.49,0.0,0.005,5.0,1.2865,2.0,167.73,18.68829,-6.28912,-77.31959,5e-05,-0.77632
9660.55,BTC-27DEC19,1564225144432,open,1.93,2.1,2.0015,2.2515,2.12644424,103.41,1.95,0.0,BTC-27DEC19-30000-P,9495.49,0.0,0.001,1.1,0.0,0.0,0.0,9.91249,-3.35264,-122.97586,2e-05,-0.91285
9660.55,BTC-27DEC19,1564225144432,open,3.66,0.0,3.774,4.1715,3.97261652,103.5,None,0.0,BTC-27DEC19-48000-P,9495.49,0.0,0.0,0.0,6.0,1.0,500.0,2.99719,-1.01454,-200.40224,1e-05,-0.98023
9660.55,BTC-27DEC19,1564225144435,open,2.51,1.3,2.5895,2.888,2.73861111,104.29,2.2,0.0,BTC-27DEC19-36000-P,9495.49,0.0,0.0005,1.1,0.0,0.0,0.0,6.80648,-2.32156,-149.10616,2e-05,-0.94648
9660.55,BTC-27DEC19,1564225144444,open,0.67,7.1,0.688,0.828,0.75815352,100.39,0.491,0.0,BTC-27DEC19-16000-P,9495.49,0.0,0.005,5.0,1.5215,0.2,500.0,22.52244,-7.39464,-57.94351,6e-05,-0.67428
9660.55,BTC-27DEC19,1564225144450,open,1.19,3.9,1.235,1.421,1.32808667,102.84,0.752,0.0,BTC-27DEC19-22000-P,9495.49,0.0,0.006,2.0,2.1215,0.3,500.0,16.57881,-5.57617,-86.77378,4e-05,-0.81695
208.12,SYN.ETH-9AUG19,1564225144450,open,0.04,0.0,0.001,0.074,0.034356,113.46,0.051,0.0,ETH-9AUG19-240-C,208.31,98.34,0.025,300.0,0.034,200.0,112.91,0.13315,-0.58668,0.01855,0.00768,0.287
9660.55,BTC-27DEC19,1564225144453,open,1.01,5.7,1.05,1.22,1.13501298,102.89,1.085,0.0,BTC-27DEC19-20000-P,9495.49,0.0,0.005,5.0,1.2875,2.0,168.12,18.68829,-6.28912,-77.31959,5e-05,-0.77632
9660.55,BTC-27DEC19,1564225144454,open,0.84,12.4,0.8665,1.0215,0.94378127,101.69,0.559,0.0,BTC-27DEC19-18000-P,9495.49,0.0,0.005,5.0,1.721,0.2,500.0,20.62412,-6.85913,-67.76053,5e-05,-0.73125
9660.55,BTC-27DEC19,1564225144457,open,0.47,122.9,0.4025,0.482,0.44224224,97.89,0.502,0.0,BTC-27DEC19-6000-C,9495.49,69.63,0.405,4.0,0.88,0.2,440.93,14.09211,-4.51158,16.79339,4e-05,0.85737
9660.55,BTC-27DEC19,1564225144463,open,0.07,221.7,0.0385,0.1245,0.08162107,97.74,0.066,0.0,BTC-27DEC19-6500-P,9495.49,94.97,0.077,0.1,0.0835,5.0,98.91,15.99401,-5.11283,-10.29687,4e-05,-0.17292
208.12,SYN.ETH-9AUG19,1564225144541,open,0.13,11.0,0.14,0.234,0.187466,113.38,0.123,0.0,ETH-9AUG19-240-P,208.31,91.18,0.174,300.0,0.197,300.0,127.92,0.13311,-0.58604,-0.06612,0.00768,-0.7132
9660.55,BTC-27DEC19,1564225144570,open,0.11,162.4,0.0805,0.17,0.12509462,97.57,0.115,0.0,BTC-27DEC19-7500-P,9495.49,94.8,0.1195,0.1,0.1265,5.4,98.31,19.2938,-6.15668,-14.63992,5e-05,-0.2368
9513.99,BTC-27SEP19,1564225144578,open,0.05,391.1,0.0005,0.074,0.03444036,99.86,0.0425,0.0,BTC-27SEP19-15000-C,9495.49,95.7,0.03,5.2,0.0385,24.3,103.5,10.4071,-8.39826,2.40583,7e-05,0.18361
9660.55,BTC-27DEC19,1564225144593,open,0.03,246.8,0.0005,0.0755,0.03424103,98.02,0.027,0.0,BTC-27DEC19-5000-P,9495.49,94.85,0.031,0.1,0.037,11.3,100.69,9.95436,-3.1913,-4.93071,3e-05,-0.08765
208.12,SYN.ETH-9AUG19,1564225144632,open,0.03,57.0,0.001,0.065,0.025127,113.46,0.03,0.0,ETH-9AUG19-250-C,208.31,98.22,0.017,300.0,0.024,200.0,111.45,0.11738,-0.5172,0.01471,0.00677,0.2255
9499.11,SYN.BTC-2AUG19,1564225144677,open,0.01,722.6,0.0005,0.0685,0.02766282,100.63,0.026,0.0,BTC-2AUG19-9000-P,9495.49,94.71,0.025,47.8,0.029,0.1,103.63,4.27134,-36.57585,-0.52132,0.00029,-0.31328
208.12,SYN.ETH-9AUG19,1564225144719,open,0.16,0.0,0.178,0.275,0.226284,113.36,None,0.0,ETH-9AUG19-250-P,208.31,0.0,0.0,0.0,0.0,0.0,0.0,0.1173,-0.51639,-0.07349,0.00677,-0.77476
208.12,SYN.ETH-9AUG19,1564225144800,open,0.02,5.0,0.001,0.058,0.018158,113.46,0.025,0.0,ETH-9AUG19-260-C,208.31,99.73,0.012,300.0,0.018,250.0,113.13,0.10046,-0.44263,0.01145,0.00579,0.17417
208.12,SYN.ETH-9AUG19,1564225144886,open,0.2,0.0,0.217,0.318,0.26736,113.34,None,0.0,ETH-9AUG19-260-P,208.31,0.0,0.0,0.0,0.0,0.0,0.0,0.10034,-0.44161,-0.08028,0.00579,-0.82615
208.12,SYN.ETH-9AUG19,1564225144967,open,0.02,5.0,0.001,0.052,0.012978,113.46,0.017,0.0,ETH-9AUG19-270-C,208.31,96.61,0.007,300.0,0.014,250.0,115.96,0.08376,-0.36905,0.00877,0.00483,0.13244
208.12,SYN.ETH-9AUG19,1564225145062,open,0.24,0.0,0.258,0.362,0.310227,113.3,None,0.0,ETH-9AUG19-270-P,208.31,0.0,0.0,0.0,0.0,0.0,0.0,0.08359,-0.3678,-0.0865,0.00483,-0.86795
208.12,SYN.ETH-9AUG19,1564225145142,open,0.01,62.0,0.001,0.049,0.009184,113.46,0.011,0.0,ETH-9AUG19-280-C,208.31,94.39,0.004,300.0,0.011,250.0,118.76,0.06825,-0.30068,0.00662,0.00394,0.09929
208.12,SYN.ETH-9AUG19,1564225145237,open,0.28,0.0,0.301,0.408,0.35448,113.26,None,0.0,ETH-9AUG19-280-P,208.31,0.0,0.0,0.0,0.0,0.0,0.0,0.06802,-0.29915,-0.09219,0.00393,-0.90116
208.12,SYN.ETH-9AUG19,1564225145413,open,0.32,0.0,0.344,0.455,0.399783,113.2,None,0.0,ETH-9AUG19-290-P,208.31,0.0,0.0,0.0,0.0,0.0,0.0,0.05418,-0.23818,-0.09741,0.00313,-0.92703
9513.99,BTC-27SEP19,1564225145538,open,0.1,714.1,0.0395,0.119,0.07915512,98.3,0.08,0.0,BTC-27SEP19-12000-C,9495.49,92.94,0.071,19.3,0.082,10.6,100.15,14.5869,-11.58674,4.45284,0.0001,0.35524
9513.99,BTC-27SEP19,1564225145542,open,0.06,504.7,0.036,0.122,0.07900176,96.71,0.072,0.0,BTC-27SEP19-8000-P,9495.49,94.84,0.0765,0.1,0.079,5.9,96.7,12.77904,-9.98631,-5.51471,9e-05,-0.26292
9513.99,BTC-27SEP19,1564225145551,open,0.15,259.8,0.1395,0.234,0.1865966,95.46,0.1425,0.0,BTC-27SEP19-10000-P,9495.49,89.92,0.1775,3.0,0.19,5.7,97.55,15.58942,-12.02496,-10.62494,0.00011,-0.4722
9513.99,BTC-27SEP19,1564225145557,open,0.03,367.8,0.0015,0.084,0.0427193,96.71,0.0395,0.0,BTC-27SEP19-7000-P,9495.49,90.53,0.0365,5.5,0.0445,19.3,98.43,9.76515,-7.63099,-3.36777,7e-05,-0.16609
9513.99,BTC-27SEP19,1564225145560,open,0.0,492.7,0.0005,0.04,0.0003401,143.65,0.0005,0.0,BTC-27SEP19-2000-P,9495.49,0.0,0.0,0.0,0.0005,8.7,149.86,0.21203,-0.24613,-0.03259,0.0,-0.00168
208.12,SYN.ETH-9AUG19,1564225145913,open,0.0,0.0,0.001,0.045,0.004873,113.56,None,0.0,ETH-9AUG19-150-P,208.31,85.01,0.001,300.0,0.006,250.0,119.05,0.0405,-0.17861,-0.00405,0.00233,-0.05029
208.12,SYN.ETH-9AUG19,1564225146003,open,0.28,0.0,0.201,0.28,0.240954,113.45,None,0.0,ETH-9AUG19-160-C,208.31,0.0,0.0,0.0,0.0,0.0,0.0,0.06349,-0.27968,0.04912,0.00366,0.90998
208.12,SYN.ETH-9AUG19,1564225146102,open,0.0,0.0,0.001,0.05,0.009731,113.45,None,0.0,ETH-9AUG19-160-P,208.31,95.66,0.005,300.0,0.01,250.0,114.32,0.06349,-0.27968,-0.00732,0.00366,-0.09002
208.12,SYN.ETH-9AUG19,1564225146154,open,0.01,0.0,0.001,0.044,0.004506,113.58,None,0.0,ETH-9AUG19-300-C,208.31,88.84,0.001,300.0,0.007,550.0,124.24,0.04284,-0.18896,0.00363,0.00247,0.05398
208.12,SYN.ETH-9AUG19,1564225146204,open,0.24,0.0,0.161,0.24,0.200756,113.45,None,0.0,ETH-9AUG19-170-C,208.31,0.0,0.0,0.0,0.0,0.0,0.0,0.08928,-0.39332,0.048,0.00515,0.85454
208.12,SYN.ETH-9AUG19,1564225146288,open,0.01,1.0,0.001,0.058,0.017582,113.45,0.011,0.0,ETH-9AUG19-170-P,208.31,96.91,0.011,300.0,0.017,250.0,112.08,0.08928,-0.39332,-0.01197,0.00515,-0.14546
208.12,SYN.ETH-9AUG19,1564225146372,open,0.2,0.0,0.125,0.204,0.164251,113.45,None,0.0,ETH-9AUG19-180-C,208.31,0.0,0.0,0.0,0.0,0.0,0.0,0.11434,-0.50369,0.04555,0.0066,0.78461
9498.96,SYN.BTC-9AUG19,1564225146411,open,0.01,74.2,0.0005,0.0445,0.00471812,101.88,0.006,0.0,BTC-9AUG19-13000-C,9495.49,96.08,0.0035,5.5,0.007,4.1,110.86,2.16072,-8.54843,0.18954,7e-05,0.06128
9498.96,SYN.BTC-9AUG19,1564225146414,open,0.01,1.7,0.0005,0.0425,0.00295426,101.88,0.006,0.0,BTC-9AUG19-13500-C,9495.49,95.39,0.002,4.9,0.0045,0.1,110.14,1.56255,-6.18165,0.12684,5e-05,0.04081
9660.79,BTC-27DEC19,1564225146426,open,3.27,0.0,3.379,3.743,3.5609666,105.65,3.46,0.0,BTC-27DEC19-44000-P,9495.5,0.0,0.0,0.0,0.0,0.0,0.0,4.29666,-1.48468,-183.32191,1e-05,-0.96964
9660.79,BTC-27DEC19,1564225146426,open,1.37,0.0,1.424,1.625,1.52449481,103.15,None,0.0,BTC-27DEC19-24000-P,9495.5,0.0,0.006,1.0,2.322,0.2,499.87,14.6853,-4.95445,-96.01176,4e-05,-0.84833
9512.37,BTC-27SEP19,1564225146426,open,0.52,29.6,0.547,0.6755,0.61106746,99.64,0.58,0.0,BTC-27SEP19-15000-P,9495.5,0.0,0.005,10.0,1.201,0.3,500.0,10.37427,-8.35335,-23.03282,7e-05,-0.81727
9512.37,BTC-27SEP19,1564225146426,open,1.56,0.0,1.626,1.844,1.73494455,100.44,None,0.0,BTC-27SEP19-26000-P,9495.5,0.0,0.0,0.0,0.0,0.0,0.0,1.31556,-1.06774,-43.89217,1e-05,-0.98695
9660.79,BTC-27DEC19,1564225146426,open,2.89,0.0,2.984,3.3155,3.14953368,105.58,2.58,0.0,BTC-27DEC19-40000-P,9495.5,0.0,0.0005,3.1,0.0,0.0,0.0,5.51004,-1.9026,-166.23876,1e-05,-0.95888
9660.79,BTC-27DEC19,1564225146426,open,0.15,216.1,0.093,0.1725,0.13281267,99.74,0.141,0.0,BTC-27DEC19-14000-C,9495.5,96.2,0.124,4.9,0.137,10.1,101.41,24.16322,-7.88208,10.83213,6e-05,0.40052
9660.79,BTC-27DEC19,1564225146426,open,4.04,1.0,4.1705,4.6005,4.3855153,103.81,4.454,0.0,BTC-27DEC19-52000-P,9495.5,0.0,0.001,1.0,6.0,1.0,500.0,2.3718,-0.80532,-217.30602,1e-05,-0.98497
9512.37,BTC-27SEP19,1564225146426,open,0.51,790.2,0.442,0.5215,0.48150277,99.02,0.498,0.0,BTC-27SEP19-5000-C,9495.5,0.0,0.051,1.0,0.6295,5.0,299.45,3.1973,-2.55846,7.75749,2e-05,0.96257
9512.37,BTC-27SEP19,1564225146426,open,0.0,617.1,0.0005,0.0425,0.00265995,140.11,0.0005,0.0,BTC-27SEP19-3000-P,9495.5,0.0,0.0,0.0,0.0015,11.8,128.63,1.13837,-1.2889,-0.22102,1e-05,-0.01105
9660.8,BTC-27DEC19,1564225146426,open,0.35,204.9,0.2825,0.362,0.322097,97.56,0.32,0.0,BTC-27DEC19-8000-C,9495.5,38.12,0.2005,0.1,0.33,0.1,101.26,20.65192,-6.58986,16.52698,5e-05,0.73054
9660.8,BTC-27DEC19,1564225146426,open,0.03,92.6,0.0005,0.066,0.02614554,103.52,0.0335,0.0,BTC-27DEC19-28000-C,9495.5,100.76,0.023,4.7,0.0305,6.0,107.07,11.37166,-3.85018,3.19216,3e-05,0.10504
9660.8,BTC-27DEC19,1564225146426,open,1.56,0.0,1.615,1.8325,1.72380003,103.5,None,0.0,BTC-27DEC19-26000-P,9495.5,0.0,0.005,10.0,2.523,0.2,499.66,12.97716,-4.3928,-105.09517,3e-05,-0.87351
9512.37,BTC-27SEP19,1564225146427,open,0.01,442.0,0.0005,0.0455,0.00558129,102.6,0.005,0.0,BTC-27SEP19-22000-C,9495.5,99.21,0.0045,1.0,0.0065,4.6,105.17,3.24118,-2.68711,0.52375,2e-05,0.03806
9512.37,BTC-27SEP19,1564225146427,open,1.95,0.0,2.0285,2.2805,2.15442453,101.16,None,0.0,BTC-27SEP19-30000-P,9495.5,0.0,0.0,0.0,0.0,0.0,0.0,0.60583,-0.49522,-50.78002,0.0,-0.99461
9512.37,BTC-27SEP19,1564225146427,open,1.76,0.0,1.827,2.062,1.94455949,100.85,None,0.0,BTC-27SEP19-28000-P,9495.5,0.0,0.0,0.0,0.0,0.0,0.0,0.89304,-0.72776,-47.34787,1e-05,-0.99163
9660.8,BTC-27DEC19,1564225146427,open,0.2,268.3,0.136,0.2155,0.17564578,98.85,0.1975,0.0,BTC-27DEC19-12000-C,9495.5,96.67,0.17,0.1,0.1785,5.3,99.96,24.93832,-8.06294,12.81697,6e-05,0.4924
9512.37,BTC-27SEP19,1564225146427,open,0.01,287.4,0.0005,0.043,0.00330533,102.6,0.006,0.0,BTC-27SEP19-24000-C,9495.5,82.16,0.0005,14.0,0.004,5.2,105.41,2.20192,-1.82549,0.33163,1e-05,0.02387
9512.37,BTC-27SEP19,1564225146427,open,1.17,0.2,1.2255,1.4105,1.31796547,101.41,1.391,0.0,BTC-27SEP19-22000-P,9495.5,0.0,0.005,10.1,0.0,0.0,0.0,3.09645,-2.53754,-36.7982,2e-05,-0.96401
9504.61,SYN.BTC-30AUG19,1564225146426,open,0.02,146.9,0.0005,0.051,0.01108383,99.8,0.02,0.0,BTC-30AUG19-15000-C,9495.5,94.16,0.0085,4.7,0.012,6.0,101.64,4.65245,-6.85337,0.68489,6e-05,0.08872
9512.37,BTC-27SEP19,1564225146428,open,0.0,138.7,0.0005,0.042,0.00212688,103.52,0.002,0.0,BTC-27SEP19-26000-C,9495.5,88.2,0.0005,10.1,0.003,5.5,108.22,1.56239,-1.30696,0.22269,1e-05,0.01594
9498.96,SYN.BTC-9AUG19,1564225146426,open,0.34,0.0,0.367,0.4805,0.42386359,100.0,None,0.0,BTC-9AUG19-13500-P,9495.5,0.0,0.01,0.1,0.0,0.0,0.0,1.46596,-5.6926,-4.64471,5e-05,-0.96227
9512.37,BTC-27SEP19,1564225146428,open,1.37,0.2,1.425,1.6265,1.52590626,100.65,1.6,0.0,BTC-27SEP19-24000-P,9495.5,0.0,0.0,0.0,0.0,0.0,0.0,2.00701,-1.6324,-40.3869,1e-05,-0.97861
9512.37,BTC-27SEP19,1564225146428,open,0.21,147.6,0.2095,0.3095,0.25956735,96.83,0.215,0.0,BTC-27SEP19-11000-P,9495.5,0.0,0.126,0.1,0.264,5.0,99.56,15.41313,-12.05979,-13.30601,0.0001,-0.56558
9512.37,BTC-27SEP19,1564225146428,open,0.27,901.9,0.1985,0.278,0.23813478,96.76,0.2995,0.0,BTC-27SEP19-8000-C,9495.5,83.09,0.22,2.0,0.3165,5.0,153.87,12.78145,-9.9941,8.04287,9e-05,0.7369
9512.37,BTC-27SEP19,1564225146428,open,0.42,713.5,0.3485,0.428,0.38846056,96.89,0.41,0.0,BTC-27SEP19-6000-C,9495.5,0.0,0.0,0.0,0.762,0.3,499.6,6.24243,-4.88765,8.44608,4e-05,0.91223
9512.38,BTC-27SEP19,1564225146428,open,0.61,227.5,0.5425,0.622,0.58205697,106.72,0.7065,0.0,BTC-27SEP19-4000-C,9495.5,0.0,0.111,2.0,0.6815,5.0,299.1,1.41646,-1.22156,6.51031,1e-05,0.98578
9512.38,BTC-27SEP19,1564225146428,open,2.15,0.0,2.23,2.499,2.36451487,103.09,None,0.0,BTC-27SEP19-32000-P,9495.5,0.0,0.0,0.0,0.0,0.0,0.0,0.47182,-0.39307,-54.18917,0.0,-0.99592
9660.8,BTC-27DEC19,1564225146428,open,1.75,2.0,1.808,2.041,1.92451434,103.57,1.563,0.0,BTC-27DEC19-28000-P,9495.5,0.0,0.001,1.0,0.0,0.0,0.0,11.38473,-3.85645,-114.07794,3e-05,-0.8948
9660.8,BTC-27DEC19,1564225146428,open,2.12,0.3,2.197,2.463,2.33015205,104.17,1.875,0.0,BTC-27DEC19-32000-P,9495.5,0.0,0.001,1.1,0.0,0.0,0.0,8.85268,-3.01624,-131.71237,2e-05,-0.92497
9512.38,BTC-27SEP19,1564225146429,open,0.0,670.9,0.0005,0.041,0.00117337,107.79,0.001,0.0,BTC-27SEP19-30000-C,9495.5,0.0,0.0,0.0,0.002,11.3,114.54,0.95044,-0.82782,0.12594,1e-05,0.00898
9660.8,BTC-27DEC19,1564225146429,open,0.71,0.0,0.6555,0.735,0.69500309,102.44,None,0.0,BTC-27DEC19-3000-C,9495.5,0.0,0.0055,0.1,0.972,0.5,500.0,2.77636,-0.93021,11.61011,1e-05,0.98193
9660.8,BTC-27DEC19,1564225146429,open,2.51,1.3,2.59,2.8885,2.7394085,105.53,2.2,0.0,BTC-27DEC19-36000-P,9495.5,0.0,0.0005,1.1,0.0,0.0,0.0,7.10623,-2.45261,-149.02097,2e-05,-0.94348
9497.07,SYN.BTC-2AUG19,1564225146427,open,0.0,112.6,0.0005,0.0405,0.0006235,133.85,0.0005,0.0,BTC-2AUG19-6500-P,9495.5,0.0,0.0,0.0,0.0005,42.1,130.0,0.32771,-3.73281,-0.0166,2e-05,-0.01023
9660.8,BTC-27DEC19,1564225146430,open,1.93,2.1,2.0025,2.252,2.12710205,104.12,1.95,0.0,BTC-27DEC19-30000-P,9495.5,0.0,0.001,1.1,0.0,0.0,0.0,10.10075,-3.4398,-122.91564,2e-05,-0.91062
9660.8,BTC-27DEC19,1564225146430,open,0.51,59.5,0.4385,0.518,0.47816575,97.88,0.49,0.0,BTC-27DEC19-5500-C,9495.5,82.32,0.46,1.0,0.961,5.0,500.0,12.05329,-3.85858,16.50611,3e-05,0.8861
9660.8,BTC-27DEC19,1564225146430,open,3.66,0.0,3.775,4.1725,3.97368763,107.02,None,0.0,BTC-27DEC19-48000-P,9495.5,0.0,0.0,0.0,6.0,1.0,500.0,3.59381,-1.25786,-200.25889,1e-05,-0.97549
9497.07,SYN.BTC-2AUG19,1564225146428,open,0.26,0.0,0.174,0.2535,0.21361927,118.6,None,0.0,BTC-2AUG19-7500-C,9495.5,0.0,0.01,10.0,0.0,0.0,0.0,1.24424,-12.5574,1.12568,7e-05,0.94992
9660.8,BTC-27DEC19,1564225146430,open,0.03,279.3,0.0005,0.0615,0.0216888,104.05,0.0245,0.0,BTC-27DEC19-30000-C,9495.5,102.39,0.02,2.0,0.026,10.0,107.98,10.08049,-3.43036,2.72912,2e-05,0.08914
9498.96,SYN.BTC-9AUG19,1564225146426,open,0.17,0.0,0.1785,0.276,0.22738008,100.26,None,0.0,BTC-9AUG19-11500-P,9495.5,81.01,0.219,9.1,0.2355,9.1,115.72,4.65706,-18.13128,-3.51459,0.00015,-0.82149
9497.07,SYN.BTC-2AUG19,1564225146426,open,0.0,150.2,0.0005,0.04,0.00031143,119.75,0.0005,0.0,BTC-2AUG19-14000-C,9495.5,0.0,0.0,0.0,0.002,3.0,153.02,0.22298,-2.27223,0.00962,1e-05,0.0066
9498.96,SYN.BTC-9AUG19,1564225146426,open,0.22,0.0,0.1355,0.215,0.17505768,100.98,None,0.0,BTC-9AUG19-8000-C,9495.5,0.0,0.0005,0.1,0.0,0.0,0.0,4.31537,-16.92166,2.23292,0.00013,0.84143
9498.96,SYN.BTC-9AUG19,1564225146426,open,0.01,179.1,0.0005,0.047,0.00733628,101.58,0.009,0.0,BTC-9AUG19-12500-C,9495.5,96.96,0.006,4.5,0.008,0.3,103.72,2.88606,-11.38458,0.27544,9e-05,0.08954
9504.61,SYN.BTC-30AUG19,1564225146428,open,0.41,0.0,0.431,0.5495,0.49029788,99.35,None,0.0,BTC-30AUG19-14000-P,9495.5,0.0,0.0005,0.1,0.0,0.0,0.0,6.11298,-8.96421,-12.00287,7e-05,-0.87038
9497.07,SYN.BTC-2AUG19,1564225146429,open,0.12,11.0,0.0405,0.12,0.08020551,100.95,0.08,0.0,BTC-2AUG19-9000-C,9495.5,90.39,0.0755,2.0,0.08,4.9,100.49,4.27626,-36.73497,0.92573,0.00029,0.68572
9498.96,SYN.BTC-9AUG19,1564225146426,open,0.26,0.0,0.1805,0.26,0.22003701,104.25,None,0.0,BTC-9AUG19-7500-C,9495.5,0.0,0.0,0.0,0.0,0.0,0.0,3.03918,-12.30417,2.29179,9e-05,0.90398
9504.61,SYN.BTC-30AUG19,1564225146427,open,0.01,323.1,0.0005,0.0425,0.00279396,100.42,0.003,0.0,BTC-30AUG19-18000-C,9495.5,80.77,0.0005,15.7,0.004,9.1,106.15,1.77881,-2.63662,0.20942,2e-05,0.02653
9498.96,SYN.BTC-9AUG19,1564225146426,open,0.3,0.0,0.3185,0.4275,0.37300118,100.59,None,0.0,BTC-9AUG19-13000-P,9495.5,0.0,0.01,0.1,0.0,0.0,0.0,2.08731,-8.15347,-4.40422,7e-05,-0.94136
9504.61,SYN.BTC-30AUG19,1564225146430,open,0.41,0.0,0.3355,0.415,0.37538917,99.29,None,0.0,BTC-30AUG19-6000-C,9495.5,0.0,0.0,0.0,0.0,0.0,0.0,2.85495,-4.1841,5.09292,3e-05,0.95274
9504.61,SYN.BTC-30AUG19,1564225146431,open,0.5,0.0,0.5255,0.6525,0.58895155,99.16,None,0.0,BTC-30AUG19-15000-P,9495.5,0.0,0.0,0.0,0.0,0.0,0.0,4.58521,-6.71065,-13.24899,6e-05,-0.91299
9497.07,SYN.BTC-2AUG19,1564225146430,open,0.34,0.0,0.365,0.478,0.42150334,82.49,None,0.0,BTC-2AUG19-13500-P,9495.5,0.0,0.01,10.1,0.0,0.0,0.0,0.02022,-0.14192,-2.1725,0.0,-0.99953
9497.07,SYN.BTC-2AUG19,1564225146426,open,0.36,0.0,0.2765,0.356,0.31634891,137.81,None,0.0,BTC-2AUG19-6500-C,9495.5,0.0,0.01,10.0,0.0,0.0,0.0,0.37732,-4.42502,1.02678,2e-05,0.98796
9504.61,SYN.BTC-30AUG19,1564225146428,open,0.32,0.0,0.2435,0.323,0.28339145,97.43,None,0.0,BTC-30AUG19-7000-C,9495.5,0.0,0.0,0.0,0.0,0.0,0.0,5.7655,-8.29081,5.26976,7e-05,0.88079
209.28,ETH-27DEC19,1564225146437,open,2.43,0.0,2.501,2.791,2.645853,105.76,None,0.0,ETH-27DEC19-760-P,208.32,0.0,0.001,100.0,0.0,0.0,0.0,0.16456,-0.05692,-3.14181,0.00085,-0.93847
207.41,ETH-27SEP19,1564225146437,open,1.18,0.0,1.228,1.413,1.320364,104.16,None,0.0,ETH-27SEP19-480-P,208.32,0.0,0.0,0.0,0.0,0.0,0.0,0.0747,-0.06287,-0.80153,0.00098,-0.95926
207.41,ETH-27SEP19,1564225146437,open,2.43,0.0,2.519,2.812,2.665413,119.38,None,0.0,ETH-27SEP19-760-P,208.32,0.0,0.001,1.0,0.0,0.0,0.0,0.01929,-0.01861,-1.28587,0.00022,-0.99172
207.41,ETH-27SEP19,1564225146437,open,0.04,2542.0,0.001,0.065,0.02509,103.06,0.03,0.0,ETH-27SEP19-360-C,208.32,98.39,0.021,300.0,0.029,110.0,107.23,0.18865,-0.15711,0.03986,0.00251,0.13846
207.41,ETH-27SEP19,1564225146437,open,2.07,0.0,2.149,2.411,2.279994,113.53,None,0.0,ETH-27SEP19-680-P,208.32,0.0,0.0,0.0,0.0,0.0,0.0,0.02384,-0.02187,-1.14956,0.00029,-0.98946
