underlying_price,underlying_index,timestamp,state,settlement_price,open_interest,min_price,max_price,mark_price,mark_iv,last_price,interest_rate,instrument_name,index_price,bid_iv,best_bid_price,best_bid_amount,best_ask_price,best_ask_amount,ask_iv,vega,theta,rho,gamma,delta
8294.34,SYN.BTC-29NOV19,1571741940020,open,0.01,247.2,0.0015,0.024,0.01105285,80.36,0.011,0.0,BTC-29NOV19-6000-P,8252.02,79.23,0.0105,15.0,0.0115,29.1,81.25,4.11133,-4.36139,-0.81588,7e-05,-0.08374
8433.63,BTC-27MAR20,1571741940037,open,2.81,0.0,2.722,2.893,2.80266506,98.04,None,0.0,BTC-27MAR20-32000-P,8252.02,0.0,0.001,1.0,0.0,0.0,0.0,4.742,-1.48174,-136.39541,2e-05,-0.96023
8325.63,BTC-27DEC19,1571741940050,open,0.17,249.1,0.137,0.204,0.17177321,72.04,0.1705,0.0,BTC-27DEC19-7500-C,8252.02,70.18,0.169,14.4,0.1735,14.0,73.19,12.48799,-6.82785,7.77863,0.00014,0.68944
8255.23,SYN.BTC-25OCT19,1571741940050,open,0.7,3.0,0.663,0.7305,0.69589177,0.0,0.775,0.0,BTC-25OCT19-14000-P,8252.02,0.0,0.6705,4.0,0.7165,4.0,441.05,0.0,0.0,-1.10301,0.0,-1.0
8433.63,BTC-27MAR20,1571741940052,open,0.01,1179.5,0.004,0.0275,0.01388362,82.42,0.014,0.0,BTC-27MAR20-4000-P,8252.02,81.09,0.013,36.0,0.0145,6.0,83.34,5.64857,-1.48392,-2.29422,2e-05,-0.04941
8433.63,BTC-27MAR20,1571741940058,open,0.22,121.5,0.1705,0.2585,0.21650942,75.21,0.22,0.0,BTC-27MAR20-8000-C,8252.02,73.99,0.2135,11.0,0.2185,4.8,76.03,20.72076,-4.96734,15.28449,9e-05,0.63818
8255.23,SYN.BTC-25OCT19,1571741940058,open,0.0,923.9,0.0005,0.0105,0.0,115.0,0.001,0.0,BTC-25OCT19-17000-C,8252.02,0.0,0.0,0.0,0.0005,0.1,308.15,0.0,0.0,0.0,0.0,0.0
8294.34,SYN.BTC-29NOV19,1571741940058,open,0.01,110.6,0.0005,0.022,0.0090734,70.72,0.01,0.0,BTC-29NOV19-11500-C,8252.02,69.64,0.0085,36.0,0.0095,0.1,71.51,4.45772,-4.16177,0.72531,9e-05,0.09334
8255.23,SYN.BTC-25OCT19,1571741940058,open,0.0,60.9,0.0005,0.0105,1.867e-05,115.0,0.0005,0.0,BTC-25OCT19-11500-C,8252.02,0.0,0.0,0.0,0.0005,6.0,157.96,0.01766,-0.15411,0.00044,0.0,0.0007
8255.23,SYN.BTC-25OCT19,1571741940060,open,0.58,32.0,0.544,0.6065,0.57475676,0.0,0.6245,0.0,BTC-25OCT19-13000-P,8252.02,0.0,0.5515,4.0,0.595,4.0,396.15,0.0,0.0,-1.02422,0.0,-1.0
8255.23,SYN.BTC-25OCT19,1571741940062,open,0.0,64.1,0.0005,0.0105,0.00073146,112.44,0.0015,0.0,BTC-25OCT19-6750-P,8252.02,106.23,0.0005,2.0,0.001,35.0,118.24,0.34533,-6.0384,-0.01308,6e-05,-0.01937
8325.63,BTC-27DEC19,1571741940064,open,0.36,260.6,0.315,0.3995,0.35664707,72.82,0.3825,0.0,BTC-27DEC19-11000-P,8252.02,0.0,0.3195,7.0,0.3905,7.0,96.76,10.68528,-5.90593,-16.96054,0.00012,-0.77208
8255.23,SYN.BTC-25OCT19,1571741940064,open,0.18,0.0,0.166,0.202,0.18306936,112.47,0.1615,0.0,BTC-25OCT19-6750-C,8252.02,0.0,0.173,9.0,0.196,9.0,219.14,0.34564,-6.75905,0.51872,6e-05,0.98061
8255.23,SYN.BTC-25OCT19,1571741940080,open,0.0,663.3,0.0005,0.0105,8.601e-05,115.0,0.0005,0.0,BTC-25OCT19-11000-C,8252.02,0.0,0.0,0.0,0.0005,5.0,139.67,0.06463,-0.71003,0.00182,1e-05,0.00288
8255.23,SYN.BTC-25OCT19,1571741940080,open,0.0,499.5,0.0005,0.0105,0.0,115.0,0.0005,0.0,BTC-25OCT19-15000-C,8252.02,0.0,0.0,0.0,0.0005,1.0,261.71,0.0,0.0,0.0,0.0,0.0
8325.63,BTC-27DEC19,1571741940087,open,0.93,22.0,0.886,0.977,0.92896285,85.63,1.0275,0.0,BTC-27DEC19-16000-P,8252.02,0.0,0.8435,1.1,0.0,0.0,0.0,3.83717,-2.49394,-28.18433,4e-05,-0.94672
8325.63,BTC-27DEC19,1571741940089,open,0.17,749.5,0.129,0.209,0.16957976,71.15,0.17,0.0,BTC-27DEC19-9000-P,8252.02,69.32,0.1665,14.4,0.1725,34.4,72.88,14.03064,-7.57652,-10.69885,0.00016,-0.54243
8255.23,SYN.BTC-25OCT19,1571741940091,open,0.0,622.0,0.0005,0.0105,0.00046353,98.05,0.0005,0.0,BTC-25OCT19-10000-C,8252.02,0.0,0.0,0.0,0.001,39.0,109.93,0.28383,-3.82651,0.00971,5e-05,0.0154
8294.34,SYN.BTC-29NOV19,1571741940094,open,0.02,112.3,0.005,0.032,0.01630224,73.31,0.0185,0.0,BTC-29NOV19-6500-P,8252.02,71.32,0.015,43.1,0.017,0.6,74.36,5.50044,-5.32331,-1.21626,0.00011,-0.12501
8325.63,BTC-27DEC19,1571741940096,open,0.76,0.0,0.75,0.7695,0.75989653,115.03,None,0.0,BTC-27DEC19-2000-C,8252.02,0.0,0.752,1.0,0.7685,22.0,206.32,0.09489,-0.08285,3.59611,0.0,0.99922
8325.63,BTC-27DEC19,1571741940098,open,0.0,1544.5,0.0005,0.0105,2.504e-05,115.0,0.001,0.0,BTC-27DEC19-52000-C,8252.02,0.0,0.0,0.0,0.001,53.0,151.48,0.03029,-0.02644,0.00305,0.0,0.00023
8433.63,BTC-27MAR20,1571741940103,open,3.76,1.0,3.651,3.8565,3.74870591,104.84,2.7125,0.0,BTC-27MAR20-40000-P,8252.02,0.0,0.0005,3.0,0.0,0.0,0.0,3.48471,-1.16445,-171.13667,1e-05,-0.97264
8433.63,BTC-27MAR20,1571741940111,open,0.02,154.4,0.0045,0.04,0.0177564,87.65,0.018,0.0,BTC-27MAR20-22000-C,8252.02,85.85,0.016,35.0,0.0195,15.0,89.33,8.4958,-2.37331,2.38608,3e-05,0.08358
8294.34,SYN.BTC-29NOV19,1571741940111,open,0.14,43.4,0.108,0.1645,0.13747638,66.15,0.137,0.0,BTC-29NOV19-7500-C,8252.02,63.86,0.135,10.0,0.1395,4.0,68.0,9.01425,-7.87126,5.00261,0.00019,0.7187
8255.23,SYN.BTC-25OCT19,1571741940111,open,0.0,519.4,0.0005,0.0105,1.1e-07,115.0,0.0005,0.0,BTC-25OCT19-13000-C,8252.02,0.0,0.0,0.0,0.0005,8.0,206.86,0.00018,-0.00094,0.0,0.0,1e-05
8433.63,BTC-27MAR20,1571741940123,open,0.06,313.0,0.034,0.093,0.06232475,76.96,0.065,0.0,BTC-27MAR20-6000-P,8252.02,75.59,0.06,19.9,0.065,27.5,78.53,14.35236,-3.52048,-8.67284,6e-05,-0.17694
8325.63,BTC-27DEC19,1571741940123,open,0.06,572.6,0.028,0.085,0.05559069,71.55,0.054,0.0,BTC-27DEC19-10000-C,8252.02,70.18,0.0535,37.5,0.0575,30.0,72.8,12.7471,-6.92301,4.06414,0.00014,0.32606
8433.63,BTC-27MAR20,1571741940123,open,0.13,295.7,0.0885,0.177,0.133798,75.81,0.135,0.0,BTC-27MAR20-10000-C,8252.02,74.54,0.1305,3.6,0.137,17.2,77.04,21.95968,-5.30595,11.91262,9e-05,0.46245
8294.34,SYN.BTC-29NOV19,1571741940123,open,0.46,0.0,0.4205,0.4905,0.45395601,73.4,None,0.0,BTC-29NOV19-12000-P,8252.02,0.0,0.0005,1.0,0.0,0.0,0.0,3.75856,-3.64173,-11.87389,7e-05,-0.92561
8255.23,SYN.BTC-25OCT19,1571741940123,open,0.16,15.1,0.1285,0.1775,0.15160381,82.34,0.174,0.0,BTC-25OCT19-9500-P,8252.02,0.0,0.135,6.0,0.166,6.0,169.51,0.49452,-7.0797,-0.72968,0.00011,-0.97029
8325.63,BTC-27DEC19,1571741940126,open,0.58,4.0,0.572,0.5965,0.58334879,110.25,0.666,0.0,BTC-27DEC19-3500-C,8252.02,0.0,0.5735,17.0,0.591,17.0,138.11,1.60744,-1.34511,5.98175,1e-05,0.98144
8294.34,SYN.BTC-29NOV19,1571741940126,open,0.18,2.2,0.155,0.208,0.18222284,69.11,0.161,0.0,BTC-29NOV19-7000-C,8252.02,38.44,0.1605,9.0,0.2085,9.0,96.72,7.27879,-6.64023,5.39286,0.00015,0.80879
8255.23,SYN.BTC-25OCT19,1571741940128,open,1.07,0.0,1.019,1.101,1.05929715,0.0,None,0.0,BTC-25OCT19-17000-P,8252.02,0.0,0.001,0.1,0.0,0.0,0.0,0.0,0.0,-1.33936,0.0,-1.0
8325.63,BTC-27DEC19,1571741940143,open,0.26,495.6,0.2145,0.2985,0.25669923,71.55,0.295,0.0,BTC-27DEC19-10000-P,8252.02,60.99,0.241,18.0,0.266,18.0,77.55,12.74703,-6.92286,-13.98403,0.00014,-0.67394
8433.63,BTC-27MAR20,1571741940143,open,0.32,169.7,0.2635,0.3735,0.31952462,75.81,0.3185,0.0,BTC-27MAR20-10000-P,8252.02,74.45,0.316,3.6,0.3255,15.0,78.1,21.95967,-5.30588,-31.06704,9e-05,-0.53756
8325.63,BTC-27DEC19,1571741940143,open,0.1,689.5,0.0645,0.1335,0.09923347,71.15,0.1045,0.0,BTC-27DEC19-8000-P,8252.02,69.77,0.097,19.3,0.102,30.2,72.84,13.55616,-7.32028,-7.32939,0.00015,-0.38854
8325.63,BTC-27DEC19,1571741940145,open,4.3,0.0,4.1815,4.393,4.28497099,114.43,3.46,0.0,BTC-27DEC19-44000-P,8252.02,0.0,0.0015,0.1,0.0,0.0,0.0,0.08938,-0.07763,-79.40208,0.0,-0.99927
8255.23,SYN.BTC-25OCT19,1571741940145,open,0.0,1402.1,0.0005,0.0105,0.00096169,99.23,0.001,0.0,BTC-25OCT19-7000-P,8252.02,89.37,0.0005,34.0,0.0015,40.6,107.54,0.46576,-7.93897,-0.0186,9e-05,-0.02764
8433.62,BTC-27MAR20,1571741940166,open,0.94,1.1,0.8785,1.0,0.93693459,81.11,1.08,0.0,BTC-27MAR20-16000-P,8252.02,0.0,0.8895,3.0,0.978,3.0,102.25,14.20058,-3.67086,-63.90179,6e-05,-0.826
8325.63,BTC-27DEC19,1571741940166,open,0.25,56.0,0.225,0.283,0.25488962,75.57,0.2755,0.0,BTC-27DEC19-6500-C,8252.02,49.28,0.23,13.0,0.2805,13.0,97.47,9.14362,-5.24491,8.5547,0.0001,0.82421
8255.23,SYN.BTC-25OCT19,1571741940166,open,0.1,373.5,0.069,0.1175,0.0924494,68.56,0.098,0.0,BTC-25OCT19-9000-P,8252.02,0.0,0.09,6.0,0.0935,6.0,75.64,1.11424,-13.28304,-0.65691,0.0003,-0.91757
8294.34,SYN.BTC-29NOV19,1571741940166,open,0.07,372.6,0.0385,0.093,0.06504614,64.74,0.066,0.0,BTC-29NOV19-8000-P,8252.02,63.08,0.063,10.6,0.0685,30.6,67.53,10.25653,-8.76544,-3.92247,0.00022,-0.39069
8325.63,BTC-27DEC19,1571741940169,open,0.02,405.4,0.0055,0.032,0.01633755,82.44,0.0175,0.0,BTC-27DEC19-5500-P,8252.02,81.18,0.0155,24.0,0.0175,48.0,84.14,5.60452,-3.5067,-1.55403,5e-05,-0.08708
8325.63,BTC-27DEC19,1571741940169,open,0.0,531.2,0.0005,0.011,0.00149392,106.54,0.0015,0.0,BTC-27DEC19-26000-C,8252.02,101.94,0.001,24.1,0.002,33.0,110.23,1.0263,-0.82995,0.14321,1e-05,0.01102
8255.23,SYN.BTC-25OCT19,1571741940173,open,0.46,37.4,0.4255,0.4835,0.45362521,110.34,0.455,0.0,BTC-25OCT19-12000-P,8252.02,0.0,0.432,4.0,0.4725,4.0,341.06,0.0024,-0.04595,-0.94538,0.0,-0.99992
8294.34,SYN.BTC-29NOV19,1571741940175,open,0.58,0.0,0.538,0.61,0.57201859,78.28,None,0.0,BTC-29NOV19-13000-P,8252.02,0.0,0.0005,1.0,0.0,0.0,0.0,2.70532,-2.79557,-13.10978,5e-05,-0.95114
8255.23,SYN.BTC-25OCT19,1571741940175,open,0.0,660.3,0.0005,0.0105,0.0,115.0,0.001,0.0,BTC-25OCT19-16000-C,8252.02,0.0,0.0,0.0,0.0005,1.0,285.82,0.0,0.0,0.0,0.0,0.0
8433.62,BTC-27MAR20,1571741940195,open,0.08,575.4,0.0465,0.1255,0.08513226,77.18,0.0845,0.0,BTC-27MAR20-12000-C,8252.02,75.86,0.082,28.3,0.088,13.4,78.39,19.98717,-4.9169,8.82244,8e-05,0.32853
8325.63,BTC-27DEC19,1571741940195,open,0.05,292.0,0.0265,0.0785,0.05116051,73.2,0.053,0.0,BTC-27DEC19-7000-P,8252.02,72.31,0.05,19.4,0.052,1.0,73.84,10.94189,-6.07898,-4.34292,0.00012,-0.23786
8433.62,BTC-27MAR20,1571741940195,open,0.04,937.3,0.015,0.0715,0.03977263,81.11,0.039,0.0,BTC-27MAR20-16000-C,8252.02,79.74,0.0375,4.9,0.042,32.8,82.42,14.20156,-3.6713,4.86608,6e-05,0.17402
8325.63,BTC-27DEC19,1571741940195,open,0.0,819.0,0.0005,0.0115,0.00188387,114.78,0.0015,0.0,BTC-27DEC19-3000-P,8252.02,111.05,0.0015,30.0,0.003,77.0,123.44,0.91942,-0.801,-0.17433,1e-05,-0.00972
8325.63,BTC-27DEC19,1571741940195,open,0.0,655.6,0.0005,0.0115,0.00199835,103.84,0.002,0.0,BTC-27DEC19-24000-C,8252.02,100.36,0.0015,25.0,0.0025,33.0,106.78,1.31309,-1.03496,0.19021,1e-05,0.01466
8294.34,SYN.BTC-29NOV19,1571741940195,open,0.1,103.2,0.066,0.1285,0.09613708,64.03,0.097,0.0,BTC-29NOV19-8500-P,8252.02,61.59,0.093,32.8,0.0995,18.0,66.64,10.65793,-9.00846,-5.18457,0.00023,-0.50623
8325.63,BTC-27DEC19,1571741940197,open,1.89,0.0,1.8265,1.9485,1.88465616,103.8,None,0.0,BTC-27DEC19-24000-P,8252.02,0.0,0.0,0.0,0.0,0.0,0.0,1.30992,-1.03202,-43.12583,1e-05,-0.98538
8433.62,BTC-27MAR20,1571741940197,open,1.17,0.0,1.1045,1.2295,1.16391657,83.56,1.23,0.0,BTC-27MAR20-18000-P,8252.02,0.0,1.1155,2.0,1.2045,2.0,107.01,11.91126,-3.17217,-73.59815,5e-05,-0.86652
8325.63,BTC-27DEC19,1571741940197,open,0.7,0.0,0.6905,0.71,0.70031043,115.01,None,0.0,BTC-27DEC19-2500-C,8252.02,0.0,0.6925,1.0,0.709,1.0,177.76,0.36209,-0.31607,4.45212,0.0,0.9966
8433.62,BTC-27MAR20,1571741940201,open,0.01,85.1,0.0005,0.022,0.00746087,99.77,0.0065,0.0,BTC-27MAR20-34000-C,8252.02,96.72,0.006,42.0,0.009,33.0,102.59,4.3312,-1.37732,1.0196,1e-05,0.03559
8325.63,BTC-27DEC19,1571741940210,open,0.0,442.0,0.0005,0.0105,9.199e-05,115.0,0.001,0.0,BTC-27DEC19-44000-C,8252.02,0.0,0.0,0.0,0.001,20.0,139.93,0.09473,-0.08269,0.01033,0.0,0.00078
8263.05,SYN.BTC-1NOV19,1571741941380,open,0.1,1.1,0.078,0.123,0.10102258,61.47,0.1025,0.0,BTC-1NOV19-7500-C,8252.02,57.49,0.0995,6.0,0.1035,6.0,67.5,3.25983,-10.14521,1.65989,0.00029,0.84347
8263.05,SYN.BTC-1NOV19,1571741941380,open,0.05,41.6,0.032,0.08,0.05398218,55.52,0.0545,0.0,BTC-1NOV19-8000-C,8252.02,52.24,0.052,26.0,0.0545,1.0,56.37,5.00562,-14.07047,1.34458,0.00049,0.65539
8263.05,SYN.BTC-1NOV19,1571741941380,open,0.01,65.2,0.0005,0.0165,0.00555788,65.71,0.0055,0.0,BTC-1NOV19-7250-P,8252.02,63.78,0.005,42.2,0.006,1.1,67.18,2.43881,-8.11348,-0.24291,0.0002,-0.10309
8263.05,SYN.BTC-1NOV19,1571741941380,open,0.15,0.2,0.1365,0.178,0.15719851,73.55,0.1255,0.0,BTC-1NOV19-7000-C,8252.02,0.0,0.1415,7.0,0.1725,7.0,118.52,1.9457,-7.24497,1.71409,0.00014,0.92389
8263.05,SYN.BTC-1NOV19,1571741941380,open,0.0,51.6,0.0005,0.0125,0.00251839,87.48,0.0025,0.0,BTC-1NOV19-6500-P,8252.02,83.66,0.002,55.0,0.003,1.1,90.65,1.19377,-5.28728,-0.09718,7e-05,-0.04095
8263.05,SYN.BTC-1NOV19,1571741941380,open,0.02,129.1,0.0075,0.0455,0.02214573,55.52,0.024,0.0,BTC-1NOV19-8000-P,8252.02,52.79,0.0205,35.0,0.024,24.1,58.57,5.00559,-14.06976,-0.81994,0.00049,-0.3446
8263.05,SYN.BTC-1NOV19,1571741941380,open,0.13,0.0,0.1065,0.1495,0.12815966,65.71,None,0.0,BTC-1NOV19-7250-C,8252.02,0.0,0.1115,7.0,0.132,7.0,77.35,2.43907,-8.11492,1.71867,0.0002,0.89689
8263.05,SYN.BTC-1NOV19,1571741941380,open,0.0,58.6,0.0005,0.0135,0.00353001,81.79,0.0035,0.0,BTC-1NOV19-6750-P,8252.02,78.9,0.003,0.1,0.004,19.0,84.17,1.57936,-6.53975,-0.13785,0.0001,-0.05813
8263.05,SYN.BTC-1NOV19,1571741941380,open,0.04,26.7,0.0165,0.062,0.03526655,55.0,0.0365,0.0,BTC-1NOV19-8250-P,8252.02,50.78,0.0325,27.0,0.0365,27.0,56.88,5.4117,-15.06943,-1.1408,0.00053,-0.475
8263.05,SYN.BTC-1NOV19,1571741941380,open,0.0,78.4,0.0005,0.0145,0.00434161,73.54,0.0045,0.0,BTC-1NOV19-7000-P,8252.02,72.06,0.004,49.0,0.0045,0.5,74.21,1.94542,-7.24336,-0.17984,0.00014,-0.0761
8263.05,SYN.BTC-1NOV19,1571741941380,open,0.21,0.2,0.198,0.235,0.2158855,87.49,0.1875,0.0,BTC-1NOV19-6500-C,8252.02,0.0,0.2025,7.0,0.2305,7.0,144.41,1.1941,-5.28924,1.66147,7e-05,0.95904
8263.05,SYN.BTC-1NOV19,1571741941380,open,0.18,0.1,0.167,0.207,0.18664201,81.79,0.1405,0.0,BTC-1NOV19-6750-C,8252.02,0.0,0.1705,7.0,0.2025,7.0,134.24,1.57966,-6.5415,1.68844,0.0001,0.94186
8263.05,SYN.BTC-1NOV19,1571741941382,open,0.04,87.1,0.018,0.0625,0.03684788,55.0,0.038,0.0,BTC-1NOV19-8250-C,8252.02,51.42,0.0345,9.0,0.0385,27.0,57.52,5.4117,-15.07008,1.09137,0.00053,0.525
8263.05,SYN.BTC-1NOV19,1571741941382,open,0.01,144.4,0.0005,0.026,0.00936078,56.42,0.009,0.0,BTC-1NOV19-9000-C,8252.02,55.61,0.009,9.3,0.01,9.0,57.83,3.70058,-10.57095,0.40615,0.00036,0.19103
8263.05,SYN.BTC-1NOV19,1571741941382,open,0.02,123.6,0.003,0.032,0.01366802,57.68,0.012,0.0,BTC-1NOV19-7750-P,8252.02,55.34,0.0125,37.0,0.015,0.5,60.29,4.17488,-12.19091,-0.55551,0.00039,-0.23481
8263.05,SYN.BTC-1NOV19,1571741941382,open,0.02,99.8,0.009,0.048,0.02404175,55.02,0.0245,0.0,BTC-1NOV19-8500-C,8252.02,51.78,0.022,13.0,0.025,35.0,56.53,5.23227,-14.57457,0.82863,0.00051,0.39468
8263.05,SYN.BTC-1NOV19,1571741941382,open,0.01,121.1,0.0005,0.0225,0.00867591,61.47,0.0085,0.0,BTC-1NOV19-7500-P,8252.02,59.73,0.008,39.0,0.0095,0.1,63.52,3.25966,-10.14408,-0.36933,0.00029,-0.15652
8263.05,SYN.BTC-1NOV19,1571741941382,open,0.01,86.5,0.004,0.036,0.01490177,55.06,0.014,0.0,BTC-1NOV19-8750-C,8252.02,51.57,0.013,37.2,0.016,24.0,57.03,4.56423,-12.72261,0.58956,0.00045,0.2786
8263.05,SYN.BTC-1NOV19,1571741941382,open,0.08,0.1,0.05,0.1035,0.07383066,55.05,0.08,0.0,BTC-1NOV19-8750-P,8252.02,50.76,0.0715,6.0,0.0755,6.0,58.04,4.56413,-12.72163,-1.77792,0.00045,-0.72141
8263.05,SYN.BTC-1NOV19,1571741941384,open,0.01,118.4,0.0005,0.019,0.00552713,57.01,0.006,0.0,BTC-1NOV19-9250-C,8252.02,55.41,0.005,47.0,0.006,0.1,58.4,2.77904,-8.02184,0.26441,0.00026,0.12379
8263.05,SYN.BTC-1NOV19,1571741941384,open,0.1,7.9,0.0735,0.1275,0.09854478,56.42,0.102,0.0,BTC-1NOV19-9000-P,8252.02,51.67,0.0965,6.0,0.1005,6.0,60.66,3.70037,-10.56963,-2.02899,0.00036,-0.80899
8263.05,SYN.BTC-1NOV19,1571741941384,open,0.0,113.6,0.0005,0.0135,0.0036868,59.7,0.005,0.0,BTC-1NOV19-9500-C,8252.02,56.89,0.003,63.0,0.0045,4.0,62.72,2.11733,-6.39997,0.18207,0.00019,0.08512
8263.05,SYN.BTC-1NOV19,1571741941384,open,0.13,0.1,0.1,0.153,0.12496624,57.01,0.169,0.0,BTC-1NOV19-9250-P,8252.02,50.61,0.123,6.0,0.1275,6.0,63.97,2.77867,-8.02004,-2.23838,0.00026,-0.87623
8263.05,SYN.BTC-1NOV19,1571741941384,open,0.16,0.0,0.128,0.1805,0.15338102,59.69,None,0.0,BTC-1NOV19-9500-P,8252.02,0.0,0.014,1.0,0.0,0.0,0.0,2.11682,-6.39767,-2.38837,0.00019,-0.9149
8263.05,SYN.BTC-1NOV19,1571741941384,open,0.06,1.0,0.0305,0.0815,0.05271552,55.02,0.0555,0.0,BTC-1NOV19-8500-P,8252.02,49.91,0.0495,18.0,0.054,18.0,57.04,5.23224,-14.57383,-1.4712,0.00051,-0.60533
8255.23,SYN.BTC-25OCT19,1571741941507,open,0.0,179.2,0.0005,0.011,0.00118519,74.13,0.001,0.0,BTC-25OCT19-9250-C,8252.02,63.87,0.0005,59.0,0.002,30.0,82.44,0.69343,-8.93722,0.02844,0.00017,0.04491
8255.23,SYN.BTC-25OCT19,1571741941507,open,0.02,294.1,0.004,0.0415,0.01978824,55.01,0.0215,0.0,BTC-25OCT19-8250-C,8252.02,49.95,0.018,18.0,0.0205,0.1,57.02,2.9212,-27.93782,0.32203,0.00099,0.51492
8255.23,SYN.BTC-25OCT19,1571741941507,open,0.06,147.4,0.043,0.087,0.06537446,66.56,0.059,0.0,BTC-25OCT19-7750-C,8252.02,61.84,0.0645,1.0,0.0675,6.0,76.72,1.5988,-18.50137,0.51944,0.00045,0.86402
8255.23,SYN.BTC-25OCT19,1571741941507,open,0.0,359.1,0.0005,0.011,0.0013523,86.61,0.001,0.0,BTC-25OCT19-7250-P,8252.02,81.8,0.001,23.5,0.0015,10.0,88.41,0.65743,-9.89996,-0.02822,0.00014,-0.04204
8255.23,SYN.BTC-25OCT19,1571741941507,open,0.0,470.9,0.0005,0.0165,0.00417169,66.55,0.0035,0.0,BTC-25OCT19-7750-P,8252.02,60.12,0.003,52.1,0.005,73.4,70.68,1.59861,-18.49739,-0.09114,0.00045,-0.13595
8255.23,SYN.BTC-25OCT19,1571741941507,open,0.12,0.2,0.104,0.143,0.12312263,86.62,0.111,0.0,BTC-25OCT19-7250-C,8252.02,0.0,0.1125,8.0,0.1315,8.0,144.31,0.65775,-9.90663,0.54296,0.00014,0.95793
8255.23,SYN.BTC-25OCT19,1571741941507,open,0.0,307.0,0.0005,0.0155,0.00372744,59.56,0.0045,0.0,BTC-25OCT19-8750-C,8252.02,55.75,0.003,22.1,0.0045,30.0,63.31,1.64121,-16.99732,0.08948,0.00051,0.1413
8255.23,SYN.BTC-25OCT19,1571741941507,open,0.02,24.3,0.0035,0.042,0.01915303,55.0,0.016,0.0,BTC-25OCT19-8250-P,8252.02,48.92,0.017,18.0,0.0195,0.1,55.98,2.9212,-27.93585,-0.32795,0.00099,-0.48508
8255.23,SYN.BTC-25OCT19,1571741941507,open,0.07,25.9,0.0405,0.088,0.0636598,59.56,0.0705,0.0,BTC-25OCT19-8750-P,8252.02,46.82,0.0615,6.0,0.065,6.0,65.91,1.64096,-16.99269,-0.59992,0.00051,-0.85873
8255.23,SYN.BTC-25OCT19,1571741941507,open,0.13,0.9,0.099,0.147,0.12168511,74.11,0.1135,0.0,BTC-25OCT19-9250-P,8252.02,0.0,0.1195,6.0,0.1235,6.0,90.45,0.69292,-8.92839,-0.70036,0.00017,-0.95513
173.35,SYN.ETH-1NOV19,1571741942074,open,0.06,115.0,0.034,0.099,0.066149,66.36,0.06,0.0,ETH-1NOV19-180-P,173.2,61.33,0.063,120.0,0.07,277.0,72.45,0.10906,-0.36641,-0.03191,0.02021,-0.61421
173.35,SYN.ETH-1NOV19,1571741942074,open,0.01,275.0,0.002,0.03,0.012778,66.36,0.015,0.0,ETH-1NOV19-190-C,173.2,62.59,0.011,422.0,0.014,13.0,68.86,0.08355,-0.2807,0.00953,0.01549,0.21604
173.35,SYN.ETH-1NOV19,1571741942074,open,0.03,116.0,0.011,0.061,0.033842,65.91,0.034,0.0,ETH-1NOV19-170-P,173.2,63.02,0.032,120.0,0.035,1.0,67.72,0.11068,-0.36934,-0.0207,0.02065,-0.40742
173.35,SYN.ETH-1NOV19,1571741942074,open,0.06,55.0,0.024,0.081,0.053166,65.91,0.06,0.0,ETH-1NOV19-170-C,173.2,60.95,0.05,257.0,0.056,37.0,70.35,0.11068,-0.36934,0.0253,0.02065,0.59258
173.35,SYN.ETH-1NOV19,1571741942076,open,0.11,149.0,0.073,0.145,0.108827,66.36,0.101,0.0,ETH-1NOV19-190-P,173.2,62.48,0.107,40.0,0.114,40.0,76.6,0.08355,-0.2807,-0.04187,0.01549,-0.78396
173.35,SYN.ETH-1NOV19,1571741942076,open,0.1,9.0,0.061,0.122,0.093282,70.75,0.103,0.0,ETH-1NOV19-160-C,173.2,61.83,0.089,40.0,0.096,40.0,76.14,0.08607,-0.30832,0.03185,0.01496,0.7724
8294.34,SYN.BTC-29NOV19,1571741942151,open,0.14,21.6,0.102,0.169,0.13521572,64.39,0.18,0.0,BTC-29NOV19-9000-P,8252.02,61.37,0.1315,14.4,0.1385,16.0,67.05,10.22053,-8.68785,-6.449,0.00022,-0.61406
8255.23,SYN.BTC-25OCT19,1571741907724,open,0.0,470.9,0.0005,0.0165,0.00417169,66.55,0.0035,0.0,BTC-25OCT19-7750-P,8252.02,60.12,0.003,52.1,0.005,73.4,70.68,1.59861,-18.49739,-0.09114,0.00045,-0.13595
8263.05,SYN.BTC-1NOV19,1571741312477,open,0.0,51.6,0.0005,0.0125,0.00251845,87.48,0.0025,0.0,BTC-1NOV19-6500-P,8252.02,83.66,0.002,55.0,0.003,1.1,90.65,1.19377,-5.28728,-0.09718,7e-05,-0.04095
8325.63,BTC-27DEC19,1571741864973,open,0.01,683.3,0.002,0.0275,0.01189118,79.91,0.012,0.0,BTC-27DEC19-14000-C,8252.02,78.55,0.011,24.0,0.013,49.0,81.52,5.58682,-3.38836,1.12434,6e-05,0.08672
8325.63,BTC-27DEC19,1571741312350,open,0.0,411.0,0.0005,0.0125,0.00271536,100.69,0.0035,0.0,BTC-27DEC19-22000-C,8252.02,96.81,0.002,30.0,0.0035,52.0,104.21,1.69876,-1.29828,0.25687,1e-05,0.01981
8325.63,BTC-27DEC19,1571741366649,open,0.01,689.7,0.0005,0.023,0.00902161,82.66,0.01,0.0,BTC-27DEC19-15000-C,8252.02,80.74,0.008,24.0,0.01,50.0,84.39,4.5748,-2.87014,0.86654,4e-05,0.06669
8325.63,BTC-27DEC19,1571741312398,open,0.01,412.6,0.0005,0.0195,0.0071909,85.64,0.006,0.0,BTC-27DEC19-16000-C,8252.02,82.92,0.006,44.0,0.0085,75.0,88.34,3.83858,-2.49514,0.69299,4e-05,0.05331
8325.63,BTC-27DEC19,1571739332071,open,0.0,253.7,0.0005,0.0105,1.144e-05,115.0,0.0005,0.0,BTC-27DEC19-1500-P,8252.02,159.44,0.0005,2.0,0.001,29.9,173.36,0.01236,-0.01079,-0.00149,0.0,-9e-05
8263.05,SYN.BTC-1NOV19,1571741312488,open,0.0,113.6,0.0005,0.0135,0.00368669,59.7,0.005,0.0,BTC-1NOV19-9500-C,8252.02,56.89,0.003,63.0,0.0045,4.0,62.72,2.11733,-6.39997,0.18207,0.00019,0.08512
8325.63,BTC-27DEC19,1571741466537,open,0.06,572.6,0.028,0.085,0.05558999,71.55,0.054,0.0,BTC-27DEC19-10000-C,8252.02,70.18,0.0535,37.5,0.0575,30.0,72.8,12.7471,-6.92301,4.06414,0.00014,0.32606
8325.63,BTC-27DEC19,1571741312494,open,0.0,819.0,0.0005,0.0115,0.0018839,114.78,0.0015,0.0,BTC-27DEC19-3000-P,8252.02,111.05,0.0015,30.0,0.003,77.0,123.44,0.91942,-0.801,-0.17433,1e-05,-0.00972
8325.63,BTC-27DEC19,1571741369379,open,0.0,823.0,0.0005,0.013,0.00344196,95.73,0.0035,0.0,BTC-27DEC19-20000-C,8252.02,91.6,0.0025,50.5,0.0045,58.0,99.56,2.10157,-1.52703,0.3314,2e-05,0.0255
8325.63,BTC-27DEC19,1571740388381,open,0.0,675.0,0.0005,0.0105,0.00038243,115.0,0.001,0.0,BTC-27DEC19-36000-C,8252.02,0.0,0.0,0.0,0.0015,21.7,131.14,0.31928,-0.27868,0.03866,0.0,0.00296
8325.63,BTC-27DEC19,1571741692000,open,0.0,640.6,0.0005,0.015,0.00506912,100.37,0.005,0.0,BTC-27DEC19-4000-P,8252.02,98.12,0.0045,144.0,0.005,19.9,100.1,2.18107,-1.66149,-0.47669,2e-05,-0.02665
8325.63,BTC-27DEC19,1571741312353,open,0.01,540.9,0.0005,0.0175,0.00749464,93.38,0.0075,0.0,BTC-27DEC19-4500-P,8252.02,90.57,0.0065,44.0,0.0085,31.0,96.03,3.0555,-2.16561,-0.71549,3e-05,-0.04012
8325.63,BTC-27DEC19,1571739331737,open,0.0,555.7,0.0005,0.0105,0.0001844,115.0,0.001,0.0,BTC-27DEC19-40000-C,8252.02,0.0,0.0,0.0,0.001,20.0,133.25,0.17229,-0.15038,0.01972,0.0,0.0015
8325.63,BTC-27DEC19,1571741312360,open,0.0,464.5,0.0005,0.0135,0.00373645,110.24,0.0035,0.0,BTC-27DEC19-3500-P,8252.02,106.18,0.003,0.6,0.0045,76.0,113.99,1.60718,-1.34483,-0.33503,1e-05,-0.01856
8325.63,BTC-27DEC19,1571741369221,open,0.04,398.0,0.016,0.059,0.03561003,75.57,0.0375,0.0,BTC-27DEC19-6500-P,8252.02,74.56,0.0345,19.3,0.037,51.0,76.83,9.14351,-5.24474,-3.17652,0.0001,-0.17579
8325.63,BTC-27DEC19,1571740387771,open,0.0,578.4,0.0005,0.011,0.00146902,112.03,0.0015,0.0,BTC-27DEC19-28000-C,8252.02,107.47,0.001,24.0,0.002,25.0,116.06,0.97814,-0.83172,0.13469,1e-05,0.01043
8325.63,BTC-27DEC19,1571741864571,open,0.02,1046.3,0.009,0.0435,0.02413258,78.44,0.024,0.0,BTC-27DEC19-6000-P,8252.02,77.14,0.023,24.0,0.025,44.8,79.43,7.2873,-4.33881,-2.24322,7e-05,-0.12515
8325.63,BTC-27DEC19,1571741519161,open,0.01,1159.6,0.0015,0.024,0.01113218,87.56,0.0115,0.0,BTC-27DEC19-5000-P,8252.02,85.26,0.01,34.0,0.0125,73.0,90.2,4.20014,-2.79127,-1.06523,4e-05,-0.05976
8325.63,BTC-27DEC19,1571739331720,open,0.0,442.0,0.0005,0.0105,9.199e-05,115.0,0.001,0.0,BTC-27DEC19-44000-C,8252.02,0.0,0.0,0.0,0.001,20.0,139.93,0.09473,-0.08269,0.01033,0.0,0.00078
8325.63,BTC-27DEC19,1571741312379,open,0.02,405.4,0.0055,0.032,0.01633789,82.44,0.0175,0.0,BTC-27DEC19-5500-P,8252.02,81.18,0.0155,24.0,0.0175,48.0,84.14,5.60452,-3.5067,-1.55403,5e-05,-0.08708
8433.63,BTC-27MAR20,1571741914422,open,0.13,295.7,0.0885,0.177,0.13379794,75.81,0.135,0.0,BTC-27MAR20-10000-C,8252.02,74.54,0.1305,3.6,0.137,17.2,77.04,21.95968,-5.30595,11.91262,9e-05,0.46245
8325.63,BTC-27DEC19,1571741739866,open,0.1,689.5,0.0645,0.1335,0.09923474,71.15,0.1045,0.0,BTC-27DEC19-8000-P,8252.02,69.77,0.097,19.3,0.102,30.2,72.84,13.55616,-7.32028,-7.32939,0.00015,-0.38854
8325.63,BTC-27DEC19,1571741312565,open,0.21,53.2,0.1775,0.241,0.21038355,73.2,0.21,0.0,BTC-27DEC19-7000-C,8252.02,70.22,0.2065,26.9,0.2155,26.9,77.06,10.94192,-6.07907,8.29074,0.00012,0.76214
8433.63,BTC-27MAR20,1571741312467,open,0.03,236.7,0.01,0.0575,0.02960919,83.56,0.0305,0.0,BTC-27MAR20-18000-C,8252.02,82.41,0.028,1.0,0.0315,40.0,84.88,11.91266,-3.17274,3.76576,5e-05,0.1335
8433.62,BTC-27MAR20,1571741739900,open,0.08,575.4,0.0465,0.1255,0.08513132,77.18,0.0845,0.0,BTC-27MAR20-12000-C,8252.02,75.86,0.082,28.3,0.088,13.4,78.39,19.98717,-4.9169,8.82244,8e-05,0.32853
8433.62,BTC-27MAR20,1571741505808,open,0.04,937.3,0.015,0.0715,0.03977214,81.11,0.039,0.0,BTC-27MAR20-16000-C,8252.02,79.74,0.0375,4.9,0.042,32.8,82.42,14.20156,-3.6713,4.86608,6e-05,0.17402
8325.63,BTC-27DEC19,1571739332210,open,0.0,1544.5,0.0005,0.0105,2.504e-05,115.0,0.001,0.0,BTC-27DEC19-52000-C,8252.02,0.0,0.0,0.0,0.001,53.0,151.48,0.03029,-0.02644,0.00305,0.0,0.00023
8433.63,BTC-27MAR20,1571741502783,open,0.06,288.4,0.026,0.0925,0.05676141,79.04,0.0615,0.0,BTC-27MAR20-14000-C,8252.02,77.66,0.054,13.9,0.0595,31.2,80.38,17.03231,-4.29053,6.49857,7e-05,0.23605
8433.63,BTC-27MAR20,1571741185302,open,0.01,113.2,0.0005,0.0255,0.00933367,96.09,0.011,0.0,BTC-27MAR20-30000-C,8252.02,93.82,0.008,42.0,0.011,27.9,98.65,5.20504,-1.59409,1.27902,2e-05,0.04462
8433.63,BTC-27MAR20,1571741312471,open,0.01,102.8,0.0025,0.031,0.01227346,91.94,0.0125,0.0,BTC-27MAR20-26000-C,8252.02,89.52,0.0105,50.0,0.014,35.0,94.1,6.46653,-1.89491,1.67965,2e-05,0.05861
8433.63,BTC-27MAR20,1571741312523,open,0.01,154.8,0.0035,0.0345,0.01430244,89.51,0.0145,0.0,BTC-27MAR20-24000-C,8252.02,87.34,0.0125,50.0,0.016,5.0,91.41,7.28234,-2.07761,1.95638,3e-05,0.06828
8433.63,BTC-27MAR20,1571741312470,open,0.02,411.1,0.007,0.0485,0.02322528,86.19,0.024,0.0,BTC-27MAR20-20000-C,8252.02,86.0,0.023,1.0,0.024,15.0,86.83,10.15382,-2.78938,3.01666,4e-05,0.10645
8433.62,BTC-27MAR20,1571740595978,open,0.01,85.1,0.0005,0.022,0.0074608,99.77,0.0065,0.0,BTC-27MAR20-34000-C,8252.02,96.72,0.006,42.0,0.009,33.0,102.59,4.3312,-1.37732,1.0196,1e-05,0.03559
8325.63,BTC-27DEC19,1571739332157,open,0.0,342.0,0.0005,0.0105,4.732e-05,115.0,0.0005,0.0,BTC-27DEC19-48000-C,8252.02,0.0,0.0,0.0,0.001,53.0,145.97,0.05308,-0.04633,0.00555,0.0,0.00042
8433.63,BTC-27MAR20,1571741387028,open,0.01,43.4,0.001,0.028,0.0105343,93.95,0.0115,0.0,BTC-27MAR20-28000-C,8252.02,91.58,0.009,42.0,0.012,22.0,96.01,5.7444,-1.72004,1.44731,2e-05,0.05046
8433.63,BTC-27MAR20,1571740595720,open,0.01,105.4,0.0005,0.021,0.00695075,101.85,0.0055,0.0,BTC-27MAR20-36000-C,8252.02,98.61,0.0055,42.0,0.0085,43.0,104.86,4.06181,-1.31859,0.94114,1e-05,0.03292
8294.34,SYN.BTC-29NOV19,1571741713120,open,0.02,165.5,0.005,0.0335,0.01677671,66.91,0.017,0.0,BTC-29NOV19-10500-C,8252.02,65.27,0.0155,53.2,0.018,0.1,68.44,6.55438,-5.78959,1.25008,0.00014,0.16202
8294.34,SYN.BTC-29NOV19,1571741837896,open,0.07,372.6,0.0385,0.093,0.0650474,64.74,0.066,0.0,BTC-29NOV19-8000-P,8252.02,63.08,0.063,10.6,0.0685,30.6,67.53,10.25653,-8.76544,-3.92247,0.00022,-0.39069
8325.63,BTC-27DEC19,1571740387522,open,0.0,403.1,0.0005,0.0105,0.00082339,115.0,0.0005,0.0,BTC-27DEC19-32000-C,8252.02,109.66,0.0005,24.0,0.0015,20.4,122.39,0.60216,-0.52559,0.07792,0.0,0.00601
8433.63,BTC-27MAR20,1571741868081,open,0.01,1179.5,0.004,0.0275,0.0138837,82.42,0.014,0.0,BTC-27MAR20-4000-P,8252.02,81.09,0.013,36.0,0.0145,6.0,83.34,5.64857,-1.48392,-2.29422,2e-05,-0.04941
8294.34,SYN.BTC-29NOV19,1571741312352,open,0.01,287.4,0.0005,0.0185,0.00718939,73.4,0.007,0.0,BTC-29NOV19-12000-C,8252.02,71.84,0.0065,15.0,0.008,9.1,75.14,3.75932,-3.64277,0.57853,7e-05,0.07441
8433.63,BTC-27MAR20,1571740595899,open,0.01,593.7,0.0005,0.0185,0.00580106,104.87,0.0045,0.0,BTC-27MAR20-40000-C,8252.02,102.84,0.005,5.0,0.007,38.0,107.59,3.48922,-1.16626,0.78304,1e-05,0.0274
173.35,SYN.ETH-1NOV19,1571741649338,open,0.0,51.0,0.001,0.013,0.003356,84.5,0.004,0.0,ETH-1NOV19-140-P,173.2,75.96,0.002,500.0,0.005,256.0,92.7,0.03129,-0.13387,-0.00269,0.00455,-0.05406
8294.34,SYN.BTC-29NOV19,1571741854513,open,0.1,303.3,0.071,0.1285,0.10053455,64.74,0.1,0.0,BTC-29NOV19-8000-C,8252.02,61.88,0.097,43.2,0.1035,28.8,67.14,10.25654,-8.76565,4.37903,0.00022,0.60931
8294.34,SYN.BTC-29NOV19,1571741718157,open,0.01,369.8,0.0025,0.0265,0.01206038,68.54,0.0125,0.0,BTC-29NOV19-11000-C,8252.02,66.87,0.011,59.0,0.0125,0.1,69.21,5.38706,-4.87432,0.94064,0.00011,0.12135
8294.34,SYN.BTC-29NOV19,1571741844060,open,0.04,128.1,0.0205,0.0655,0.04170568,66.14,0.042,0.0,BTC-29NOV19-7500-P,8252.02,64.57,0.04,46.7,0.042,0.4,66.42,9.01421,-7.87102,-2.78003,0.00019,-0.28129
173.35,SYN.ETH-1NOV19,1571741844519,open,0.06,115.0,0.034,0.099,0.066149,66.36,0.06,0.0,ETH-1NOV19-180-P,173.2,61.33,0.063,120.0,0.07,277.0,72.45,0.10906,-0.36641,-0.03191,0.02021,-0.61421
8294.34,SYN.BTC-29NOV19,1571741838144,open,0.1,103.2,0.066,0.1285,0.09613796,64.03,0.097,0.0,BTC-29NOV19-8500-P,8252.02,61.59,0.093,32.8,0.0995,18.0,66.64,10.65793,-9.00846,-5.18457,0.00023,-0.50623
8433.63,BTC-27MAR20,1571741672052,open,0.02,154.4,0.0045,0.04,0.01775624,87.65,0.018,0.0,BTC-27MAR20-22000-C,8252.02,85.85,0.016,35.0,0.0195,15.0,89.33,8.4958,-2.37331,2.38608,3e-05,0.08358
173.35,SYN.ETH-1NOV19,1571741458432,open,0.02,61.0,0.003,0.036,0.01627,70.75,0.015,0.0,ETH-1NOV19-160-P,173.2,66.1,0.014,160.0,0.018,426.0,74.2,0.08607,-0.30832,-0.01144,0.01496,-0.2276
8294.34,SYN.BTC-29NOV19,1571741458312,open,0.07,103.8,0.0445,0.0995,0.07134306,64.03,0.0705,0.0,BTC-29NOV19-8500-C,8252.02,61.43,0.068,45.5,0.0735,12.0,65.71,10.65793,-9.00868,3.6358,0.00023,0.49377
8433.63,BTC-27MAR20,1571740595780,open,0.01,57.4,0.0005,0.0235,0.00833668,98.05,0.009,0.0,BTC-27MAR20-32000-C,8252.02,95.54,0.007,42.0,0.01,28.0,100.84,4.74363,-1.48237,1.13989,2e-05,0.03978
8433.63,BTC-27MAR20,1571741312409,open,0.06,313.0,0.034,0.093,0.06232513,76.96,0.065,0.0,BTC-27MAR20-6000-P,8252.02,75.59,0.06,19.9,0.065,27.5,78.53,14.35236,-3.52048,-8.67284,6e-05,-0.17694
8294.34,SYN.BTC-29NOV19,1571741312382,open,0.0,1029.9,0.0005,0.0145,0.00468814,78.29,0.006,0.0,BTC-29NOV19-13000-C,8252.02,76.08,0.004,15.0,0.0055,31.1,80.66,2.70631,-2.79692,0.38037,5e-05,0.04888
173.35,SYN.ETH-1NOV19,1571741840444,open,0.03,200.0,0.008,0.051,0.027787,66.36,0.029,0.0,ETH-1NOV19-180-C,173.2,61.91,0.025,359.0,0.03,160.0,69.87,0.10906,-0.36641,0.01679,0.02021,0.38579
173.24,SYN.ETH-25OCT19,1571731200027,open,0.0,207.0,0.001,0.011,9.9e-05,120.02,0.002,0.0,ETH-25OCT19-130-P,173.2,0.0,0.0,0.0,0.002,300.0,180.26,0.0014,-0.01717,-4e-05,0.00049,-0.00299
173.35,SYN.ETH-1NOV19,1571741455933,open,0.01,275.0,0.002,0.03,0.012778,66.36,0.015,0.0,ETH-1NOV19-190-C,173.2,62.59,0.011,422.0,0.014,13.0,68.86,0.08355,-0.2807,0.00953,0.01549,0.21604
173.35,SYN.ETH-1NOV19,1571741655150,open,0.01,54.0,0.001,0.018,0.00587,68.49,0.009,0.0,ETH-1NOV19-200-C,173.2,65.62,0.005,501.0,0.007,21.0,71.94,0.0545,-0.18898,0.005,0.00979,0.11254
173.24,SYN.ETH-25OCT19,1571740761561,open,0.0,403.0,0.001,0.011,0.000148,119.98,0.001,0.0,ETH-25OCT19-230-C,173.2,0.0,0.0,0.0,0.002,600.0,169.57,0.00205,-0.02556,6e-05,0.00072,0.00456
173.24,SYN.ETH-25OCT19,1571741758672,open,0.0,1782.0,0.001,0.016,0.003303,79.46,0.004,0.0,ETH-25OCT19-190-C,173.2,70.26,0.002,500.0,0.005,201.0,89.29,0.02726,-0.3766,0.00134,0.01451,0.10138
173.24,SYN.ETH-25OCT19,1571741856755,open,0.04,744.0,0.008,0.061,0.034244,67.52,0.038,0.0,ETH-25OCT19-170-C,173.2,54.75,0.03,242.0,0.037,120.0,75.83,0.0578,-0.67847,0.0082,0.0362,0.63508
173.35,SYN.ETH-1NOV19,1571741844500,open,0.06,55.0,0.024,0.081,0.053166,65.91,0.06,0.0,ETH-1NOV19-170-C,173.2,60.95,0.05,257.0,0.056,37.0,70.35,0.11068,-0.36934,0.0253,0.02065,0.59258
8294.34,SYN.BTC-29NOV19,1571741755510,open,0.05,312.4,0.0265,0.076,0.05013876,64.39,0.05,0.0,BTC-29NOV19-9000-C,8252.02,63.06,0.0485,0.2,0.052,26.4,65.9,10.22056,-8.68811,2.89024,0.00022,0.38594
8294.34,SYN.BTC-29NOV19,1571741852245,open,0.03,116.9,0.015,0.057,0.03414558,64.39,0.034,0.0,BTC-29NOV19-9500-C,8252.02,62.44,0.032,48.7,0.036,16.6,66.06,9.16018,-7.78671,2.21044,0.0002,0.29097
8294.34,SYN.BTC-29NOV19,1571741312403,open,0.01,23.8,0.0005,0.0165,0.00597252,76.44,0.007,0.0,BTC-29NOV19-12500-C,8252.02,73.83,0.005,15.0,0.007,23.0,78.95,3.24326,-3.27264,0.47758,6e-05,0.06146
8294.34,SYN.BTC-29NOV19,1571741723191,open,0.01,110.6,0.0005,0.022,0.0090732,70.72,0.01,0.0,BTC-29NOV19-11500-C,8252.02,69.64,0.0085,36.0,0.0095,0.1,71.51,4.45772,-4.16177,0.72531,9e-05,0.09334
8433.63,BTC-27MAR20,1571741837866,open,0.17,337.1,0.1185,0.2105,0.16509173,75.21,0.175,0.0,BTC-27MAR20-8000-P,8252.02,74.36,0.163,4.9,0.1685,9.7,76.6,20.72077,-4.96728,-19.09917,9e-05,-0.36182
8294.34,SYN.BTC-29NOV19,1571741769661,open,0.02,225.6,0.0085,0.043,0.02367147,65.39,0.0235,0.0,BTC-29NOV19-10000-C,8252.02,64.14,0.0225,32.3,0.025,0.6,66.78,7.84817,-6.77471,1.66365,0.00017,0.21696
173.24,SYN.ETH-25OCT19,1571741848621,open,0.01,1655.0,0.001,0.03,0.009933,68.35,0.013,0.0,ETH-25OCT19-180-C,173.2,61.72,0.008,399.0,0.012,399.0,75.26,0.05123,-0.60883,0.00361,0.0317,0.27416
174.2,ETH-27DEC19,1571741452227,open,0.01,1365.0,0.003,0.028,0.012532,90.59,0.014,0.0,ETH-27DEC19-320-C,173.2,88.14,0.011,460.0,0.014,320.0,92.79,0.11273,-0.07751,0.02203,0.00227,0.08262
173.24,SYN.ETH-25OCT19,1571741856767,open,0.01,464.0,0.001,0.039,0.015521,67.69,0.017,0.0,ETH-25OCT19-170-P,173.2,63.04,0.014,160.0,0.018,217.0,75.01,0.05781,-0.68034,-0.0052,0.03612,-0.36519
174.2,ETH-27DEC19,1571740768288,open,0.02,6465.0,0.009,0.045,0.025239,87.44,0.026,0.0,ETH-27DEC19-120-P,173.2,84.71,0.023,160.0,0.027,459.0,89.51,0.1456,-0.09663,-0.04479,0.00304,-0.11721
173.24,SYN.ETH-25OCT19,1571740761524,open,0.0,2020.0,0.001,0.011,0.000518,119.98,0.001,0.0,ETH-25OCT19-220-C,173.2,0.0,0.0,0.0,0.002,603.0,147.84,0.00557,-0.08957,0.00019,0.00196,0.01425
174.2,ETH-27DEC19,1571740761655,open,0.01,895.0,0.001,0.019,0.007349,98.43,0.025,0.0,ETH-27DEC19-380-C,173.2,95.11,0.006,465.0,0.009,480.0,102.05,0.07493,-0.05598,0.01305,0.00139,0.04886
174.2,ETH-27DEC19,1571740761905,open,0.0,14630.0,0.001,0.011,0.001518,119.15,0.002,0.0,ETH-27DEC19-640-C,173.2,113.98,0.001,2260.0,0.003,300.0,129.04,0.02013,-0.0182,0.00274,0.00031,0.01024
174.2,ETH-27DEC19,1571741839162,open,0.05,2525.0,0.025,0.079,0.050638,82.57,0.05,0.0,ETH-27DEC19-140-P,173.2,80.41,0.048,488.0,0.053,412.0,84.47,0.21465,-0.13452,-0.08267,0.00475,-0.2123
174.2,ETH-27DEC19,1571741883109,open,0.08,10634.0,0.046,0.116,0.082215,79.79,0.082,0.0,ETH-27DEC19-200-C,173.2,79.67,0.082,220.0,0.084,564.0,80.88,0.287,-0.1738,0.10179,0.00657,0.40595
175.6,ETH-27MAR20,1571741885392,open,0.07,654.0,0.032,0.108,0.068823,93.1,0.071,0.0,ETH-27MAR20-320-C,173.2,91.25,0.065,32.0,0.073,553.0,95.09,0.36496,-0.1083,0.13589,0.00296,0.24888
174.2,ETH-27DEC19,1571740761640,open,0.01,1086.0,0.001,0.021,0.008328,95.3,0.008,0.0,ETH-27DEC19-360-C,173.2,92.39,0.007,780.0,0.01,480.0,98.62,0.08333,-0.06027,0.01494,0.0016,0.05585
174.2,ETH-27DEC19,1571741839965,open,0.15,2631.0,0.108,0.197,0.153698,79.55,0.16,0.0,ETH-27DEC19-180-P,173.2,76.77,0.149,652.0,0.158,312.0,82.09,0.29447,-0.1778,-0.19649,0.00676,-0.47128
173.24,SYN.ETH-25OCT19,1571731200072,open,0.0,1170.0,0.001,0.011,2e-06,119.98,0.001,0.0,ETH-25OCT19-260-C,173.2,0.0,0.0,0.0,0.004,300.0,254.97,5e-05,-0.00037,0.0,2e-05,9e-05
174.2,ETH-27DEC19,1571741856794,open,0.18,1523.0,0.132,0.21,0.174318,80.07,0.175,0.0,ETH-27DEC19-160-C,173.2,77.95,0.171,340.0,0.178,343.0,82.46,0.27031,-0.16427,0.15358,0.00616,0.66278
175.6,ETH-27MAR20,1571741863137,open,0.27,651.0,0.213,0.311,0.266141,88.87,0.268,0.0,ETH-27MAR20-160-C,173.2,88.81,0.266,100.0,0.27,259.0,90.51,0.41486,-0.11751,0.30783,0.00352,0.674
175.6,ETH-27MAR20,1571740761632,open,0.05,557.0,0.022,0.089,0.053197,94.92,0.058,0.0,ETH-27MAR20-360-C,173.2,93.16,0.05,32.0,0.057,297.0,96.97,0.32207,-0.09744,0.11062,0.00256,0.19976
174.2,ETH-27DEC19,1571741856798,open,0.06,5985.0,0.027,0.088,0.057014,81.11,0.059,0.0,ETH-27DEC19-220-C,173.2,79.09,0.054,128.0,0.06,411.0,83.11,0.25988,-0.15999,0.07852,0.00585,0.30673
175.6,ETH-27MAR20,1571741545403,open,0.03,1150.0,0.009,0.056,0.028647,100.3,0.035,0.0,ETH-27MAR20-480-C,173.2,98.17,0.026,280.0,0.032,542.0,102.86,0.22342,-0.07142,0.06515,0.00168,0.11497
175.6,ETH-27MAR20,1571740761710,open,0.02,5450.0,0.005,0.043,0.019764,106.82,0.019,0.0,ETH-27MAR20-600-C,173.2,104.97,0.018,290.0,0.022,340.0,109.05,0.17131,-0.05832,0.04554,0.00121,0.0801
173.77,SYN.ETH-29NOV19,1571740820149,open,0.02,672.0,0.004,0.031,0.01484,79.55,0.015,0.0,ETH-29NOV19-240-C,173.2,76.76,0.013,460.0,0.017,680.0,82.65,0.11768,-0.12358,0.02056,0.00472,0.12883
174.2,ETH-27DEC19,1571741856789,open,0.12,1773.0,0.08,0.156,0.120403,79.55,0.131,0.0,ETH-27DEC19-180-C,173.2,77.54,0.117,601.0,0.124,357.0,81.68,0.29447,-0.1778,0.12837,0.00676,0.52872
174.2,ETH-27DEC19,1571741887875,open,0.09,11253.0,0.056,0.129,0.092803,80.1,0.093,0.0,ETH-27DEC19-160-P,173.2,78.28,0.09,340.0,0.096,390.0,82.15,0.27031,-0.16435,-0.13521,0.00616,-0.33724
174.2,ETH-27DEC19,1571740761686,open,0.0,10984.0,0.001,0.013,0.00343,114.22,0.004,0.0,ETH-27DEC19-520-C,173.2,106.65,0.002,2560.0,0.005,460.0,120.37,0.03907,-0.03387,0.00589,0.00062,0.02215
175.6,ETH-27MAR20,1571741884881,open,0.17,1221.0,0.124,0.227,0.177303,88.87,0.186,0.0,ETH-27MAR20-160-P,173.2,87.05,0.173,32.0,0.182,553.0,90.86,0.41486,-0.11751,-0.37985,0.00352,-0.326
175.6,ETH-27MAR20,1571741856802,open,0.13,1272.0,0.077,0.173,0.127458,90.04,0.162,0.0,ETH-27MAR20-240-C,173.2,88.28,0.123,300.0,0.133,278.0,92.21,0.44685,-0.12823,0.2113,0.00374,0.40743
175.6,ETH-27MAR20,1571741824172,open,0.09,1359.0,0.049,0.135,0.092366,91.56,0.094,0.0,ETH-27MAR20-280-C,173.2,90.12,0.089,260.0,0.097,287.0,93.54,0.40986,-0.11961,0.16926,0.00338,0.31663
175.6,ETH-27MAR20,1571740761836,open,0.04,987.0,0.016,0.075,0.042792,97.06,0.043,0.0,ETH-27MAR20-400-C,173.2,95.32,0.04,50.0,0.046,300.0,99.01,0.28536,-0.08828,0.09196,0.00222,0.16464
173.77,SYN.ETH-29NOV19,1571741881939,open,0.05,532.0,0.021,0.072,0.045844,75.84,0.051,0.0,ETH-29NOV19-200-C,173.2,73.39,0.043,366.0,0.049,586.0,78.56,0.20153,-0.20177,0.05038,0.00848,0.32522
173.77,SYN.ETH-29NOV19,1571740768274,open,0.03,969.0,0.009,0.047,0.025641,77.27,0.026,0.0,ETH-29NOV19-220-C,173.2,75.47,0.024,128.0,0.028,628.0,79.82,0.15914,-0.16232,0.03238,0.00657,0.2052
175.6,ETH-27MAR20,1571741840532,open,0.18,1479.0,0.129,0.231,0.183974,89.8,0.178,0.0,ETH-27MAR20-200-C,173.2,87.51,0.178,300.0,0.189,269.0,91.73,0.45803,-0.13109,0.26059,0.00385,0.52923
173.77,SYN.ETH-29NOV19,1571740768279,open,0.0,14.0,0.001,0.013,0.003959,88.53,0.006,0.0,ETH-29NOV19-300-C,173.2,84.65,0.003,460.0,0.005,160.0,92.16,0.04647,-0.05431,0.00618,0.00167,0.0382
175.6,ETH-27MAR20,1571740761864,open,0.02,115.0,0.004,0.039,0.017285,108.1,0.017,0.0,ETH-27MAR20-640-C,173.2,105.41,0.015,240.0,0.02,580.0,111.03,0.15576,-0.05366,0.04032,0.00109,0.0707
173.77,SYN.ETH-29NOV19,1571741331993,open,0.03,359.0,0.01,0.047,0.026613,80.98,0.026,0.0,ETH-29NOV19-140-P,173.2,78.96,0.025,128.0,0.029,408.0,83.87,0.14101,-0.15074,-0.03524,0.00556,-0.1688
173.77,SYN.ETH-29NOV19,1571741882359,open,0.12,176.0,0.078,0.156,0.117429,75.51,0.11,0.0,ETH-29NOV19-180-P,173.2,72.81,0.114,96.0,0.121,449.0,78.26,0.22326,-0.22254,-0.113,0.00944,-0.50921
173.77,SYN.ETH-29NOV19,1571741881909,open,0.08,280.0,0.048,0.112,0.081606,75.46,0.085,0.0,ETH-29NOV19-180-C,173.2,72.67,0.078,598.0,0.085,278.0,78.12,0.22326,-0.2224,0.07378,0.00944,0.49072
173.24,SYN.ETH-25OCT19,1571731200009,open,0.0,5657.0,0.001,0.011,0.0,119.99,0.001,0.0,ETH-25OCT19-280-C,173.2,0.0,0.0,0.0,0.003,300.0,277.11,0.0,-2e-05,0.0,0.0,0.0
175.6,ETH-27MAR20,1571741856186,open,0.08,1146.0,0.043,0.111,0.077248,91.58,0.075,0.0,ETH-27MAR20-120-P,173.2,89.06,0.073,32.0,0.081,611.0,93.8,0.29684,-0.08665,-0.19043,0.00245,-0.17508
174.2,ETH-27DEC19,1571741844188,open,0.01,3932.0,0.003,0.025,0.012361,96.4,0.01,0.0,ETH-27DEC19-100-P,173.2,93.61,0.011,160.0,0.014,460.0,99.57,0.08744,-0.06398,-0.02256,0.00166,-0.05938
175.6,ETH-27MAR20,1571740761955,open,0.03,956.0,0.012,0.064,0.034585,98.65,0.05,0.0,ETH-27MAR20-440-C,173.2,96.81,0.032,40.0,0.038,560.0,100.98,0.25162,-0.07911,0.07679,0.00192,0.13632
174.2,ETH-27DEC19,1571740768300,open,0.02,1529.0,0.006,0.042,0.021598,86.76,0.024,0.0,ETH-27DEC19-280-C,173.2,85.01,0.02,160.0,0.024,460.0,89.32,0.16064,-0.10579,0.03564,0.00338,0.13496
173.77,SYN.ETH-29NOV19,1571741882331,open,0.06,90.0,0.031,0.091,0.060461,77.13,0.056,0.0,ETH-29NOV19-160-P,173.2,74.98,0.058,128.0,0.063,206.0,79.3,0.20121,-0.20488,-0.06933,0.00832,-0.32397
8294.34,SYN.BTC-29NOV19,1571741942195,open,0.1,303.3,0.071,0.1285,0.10053455,64.74,0.1,0.0,BTC-29NOV19-8000-C,8252.02,61.88,0.097,43.2,0.1035,20.8,67.14,10.25654,-8.76565,4.37903,0.00022,0.60931
174.2,ETH-27DEC19,1571741942392,open,0.0,14630.0,0.001,0.011,0.001518,119.16,0.002,0.0,ETH-27DEC19-640-C,173.2,113.98,0.001,2260.0,0.003,300.0,129.04,0.02013,-0.01821,0.00274,0.00031,0.01024
174.2,ETH-27DEC19,1571741942392,open,0.0,4214.0,0.001,0.011,0.000581,120.0,0.001,0.0,ETH-27DEC19-760-C,173.2,0.0,0.0,0.0,0.002,15.0,136.0,0.00918,-0.00836,0.00114,0.00014,0.00421
175.6,ETH-27MAR20,1571741942392,open,0.13,1272.0,0.077,0.173,0.127458,90.04,0.162,0.0,ETH-27MAR20-240-C,173.2,88.28,0.123,300.0,0.133,278.0,92.21,0.44685,-0.12823,0.2113,0.00374,0.40743
174.2,ETH-27DEC19,1571741942392,open,0.01,3932.0,0.003,0.025,0.012361,96.4,0.01,0.0,ETH-27DEC19-100-P,173.2,93.61,0.011,160.0,0.014,460.0,99.57,0.08743,-0.06397,-0.02255,0.00166,-0.05937
174.2,ETH-27DEC19,1571741942392,open,0.04,5569.0,0.016,0.066,0.039636,82.32,0.045,0.0,ETH-27DEC19-240-C,173.2,81.04,0.038,128.0,0.042,200.0,84.14,0.22429,-0.14014,0.05961,0.00497,0.22922
175.6,ETH-27MAR20,1571741942392,open,0.02,5450.0,0.005,0.043,0.019764,106.82,0.019,0.0,ETH-27MAR20-600-C,173.2,104.97,0.018,290.0,0.022,340.0,109.05,0.17131,-0.05833,0.04554,0.00121,0.0801
173.24,SYN.ETH-25OCT19,1571741942394,open,0.0,5657.0,0.001,0.011,0.0,120.0,0.001,0.0,ETH-25OCT19-280-C,173.2,0.0,0.0,0.0,0.003,300.0,277.11,0.0,-2e-05,0.0,0.0,0.0
173.77,SYN.ETH-29NOV19,1571741942394,open,0.01,116.0,0.001,0.016,0.005885,85.54,0.012,0.0,ETH-29NOV19-280-C,173.2,82.98,0.005,160.0,0.007,360.0,88.48,0.06276,-0.07087,0.00895,0.00234,0.05554
173.24,SYN.ETH-25OCT19,1571741942394,open,0.01,464.0,0.001,0.039,0.015521,67.62,0.017,0.0,ETH-25OCT19-170-P,173.2,63.04,0.014,160.0,0.018,217.0,75.01,0.0578,-0.67961,-0.00519,0.03615,-0.36508
173.77,SYN.ETH-29NOV19,1571741942394,open,0.02,672.0,0.004,0.031,0.01484,79.56,0.015,0.0,ETH-29NOV19-240-C,173.2,76.76,0.013,460.0,0.017,680.0,82.65,0.1177,-0.12361,0.02056,0.00472,0.12887
174.2,ETH-27DEC19,1571741942401,open,0.84,101.0,0.788,0.916,0.849501,90.59,0.513,0.0,ETH-27DEC19-320-P,173.2,0.0,0.006,5.0,0.0,0.0,0.0,0.11273,-0.07751,-0.55551,0.00227,-0.91738
175.6,ETH-27MAR20,1571741942401,open,1.75,0.0,1.665,1.867,1.762133,100.3,None,0.0,ETH-27MAR20-480-P,173.2,0.0,0.003,10.0,0.0,0.0,0.0,0.22342,-0.07142,-1.99787,0.00168,-0.88503
175.6,ETH-27MAR20,1571741942401,open,0.57,19.0,0.542,0.59,0.56631,97.39,0.542,0.0,ETH-27MAR20-80-C,173.2,0.0,0.07,20.0,0.0,0.0,0.0,0.13802,-0.04284,0.28166,0.00107,0.9395
173.24,SYN.ETH-25OCT19,1571741942401,open,0.38,302.0,0.345,0.429,0.385371,120.0,0.432,0.0,ETH-25OCT19-240-P,173.2,0.0,0.0,0.0,0.0,0.0,0.0,0.00067,-0.01393,-0.01889,0.00024,-0.99868
174.2,ETH-27DEC19,1571741942403,open,0.12,1773.0,0.08,0.156,0.120403,79.55,0.131,0.0,ETH-27DEC19-180-C,173.2,77.54,0.117,601.0,0.124,357.0,81.68,0.29447,-0.1778,0.12837,0.00676,0.52872
174.2,ETH-27DEC19,1571741942405,open,1.18,0.0,1.12,1.264,1.188749,98.44,None,0.0,ETH-27DEC19-380-P,173.2,0.0,0.001,5.0,0.0,0.0,0.0,0.07494,-0.056,-0.67278,0.00139,-0.95113
173.77,SYN.ETH-29NOV19,1571741942405,open,0.32,0.0,0.294,0.347,0.321207,90.69,None,0.0,ETH-29NOV19-120-C,173.2,0.0,0.0,0.0,0.0,0.0,0.0,0.08224,-0.09846,0.1082,0.00289,0.92124
174.2,ETH-27DEC19,1571741942407,open,0.32,2878.0,0.265,0.373,0.31993,81.12,0.31,0.0,ETH-27DEC19-220-P,173.2,51.64,0.281,24.0,0.351,24.0,101.1,0.25989,-0.16001,-0.31854,0.00585,-0.69323
174.2,ETH-27DEC19,1571741942409,open,1.75,21.0,1.676,1.85,1.759373,109.5,0.629,0.0,ETH-27DEC19-480-P,173.2,0.0,0.001,7.0,0.0,0.0,0.0,0.04442,-0.03691,-0.85943,0.00074,-0.97419
174.2,ETH-27DEC19,1571741942409,open,0.95,0.0,0.898,1.031,0.962074,93.3,None,0.0,ETH-27DEC19-340-P,173.2,0.0,0.001,5.0,0.0,0.0,0.0,0.09744,-0.069,-0.59542,0.00191,-0.93176
173.24,SYN.ETH-25OCT19,1571741942409,open,0.21,1.0,0.177,0.254,0.213511,115.82,0.224,0.0,ETH-25OCT19-210-P,173.2,0.0,0.193,15.0,0.234,15.0,234.12,0.0117,-0.2357,-0.01609,0.00427,-0.96564
173.24,SYN.ETH-25OCT19,1571741942409,open,0.5,3.0,0.457,0.547,0.500779,119.99,0.534,0.0,ETH-25OCT19-260-P,173.2,0.0,0.0,0.0,0.0,0.0,0.0,5e-05,-0.00109,-0.02048,2e-05,-0.99991
173.24,SYN.ETH-25OCT19,1571741942411,open,0.0,2343.0,0.001,0.011,0.000515,112.1,0.001,0.0,ETH-25OCT19-140-P,173.2,0.0,0.0,0.0,0.001,13.0,124.1,0.00556,-0.0893,-0.0002,0.0021,-0.01423
173.77,SYN.ETH-29NOV19,1571741942411,open,0.84,0.0,0.789,0.905,0.844375,92.18,None,0.0,ETH-29NOV19-320-P,173.2,0.0,0.0,0.0,0.0,0.0,0.0,0.03619,-0.04404,-0.3275,0.00125,-0.97179
173.77,SYN.ETH-29NOV19,1571741942413,open,0.14,31.0,0.103,0.172,0.13973,77.11,0.155,0.0,ETH-29NOV19-160-C,173.2,73.88,0.136,416.0,0.143,96.0,79.93,0.20121,-0.20482,0.09671,0.00833,0.67605
174.2,ETH-27DEC19,1571741942417,open,0.06,5985.0,0.027,0.088,0.057014,81.12,0.059,0.0,ETH-27DEC19-220-C,173.2,79.09,0.054,128.0,0.06,411.0,83.11,0.25989,-0.16001,0.07852,0.00585,0.30677
174.2,ETH-27DEC19,1571741942417,open,0.0,5563.0,0.001,0.013,0.00392,109.5,0.005,0.0,ETH-27DEC19-480-C,173.2,105.56,0.003,1410.0,0.005,160.0,113.4,0.04442,-0.03691,0.00688,0.00074,0.02581
175.6,ETH-27MAR20,1571741942417,open,0.02,2444.0,0.007,0.049,0.023714,101.5,0.024,0.0,ETH-27MAR20-520-C,173.2,99.95,0.022,40.0,0.026,240.0,103.49,0.19762,-0.06393,0.05533,0.00147,0.09703
174.2,ETH-27DEC19,1571741942421,open,1.3,16.0,1.232,1.382,1.303566,103.37,1.195,0.0,ETH-27DEC19-400-P,173.2,0.0,0.001,8.0,0.0,0.0,0.0,0.07281,-0.05712,-0.70942,0.00129,-0.95287
175.6,ETH-27MAR20,1571741942421,open,1.53,0.0,1.448,1.639,1.540279,98.65,None,0.0,ETH-27MAR20-440-P,173.2,0.0,0.002,10.0,0.0,0.0,0.0,0.25164,-0.07912,-1.81431,0.00192,-0.86366
175.6,ETH-27MAR20,1571741942425,open,1.09,6.0,1.018,1.191,1.103311,94.92,1.165,0.0,ETH-27MAR20-360-P,173.2,0.0,0.0,0.0,0.0,0.0,0.0,0.32207,-0.09744,-1.43665,0.00256,-0.80023
174.2,ETH-27DEC19,1571741942426,open,0.34,2.0,0.305,0.365,0.336376,87.43,0.346,0.0,ETH-27DEC19-120-C,173.2,0.0,0.101,1.0,0.0,0.0,0.0,0.14558,-0.09661,0.1718,0.00304,0.88281
174.2,ETH-27DEC19,1571741942426,open,0.25,18.0,0.208,0.28,0.246964,82.56,0.305,0.0,ETH-27DEC19-140-C,173.2,62.83,0.224,42.0,0.274,42.0,103.73,0.21464,-0.13449,0.17001,0.00475,0.78772
174.2,ETH-27DEC19,1571741942426,open,0.44,0.0,0.414,0.462,0.438308,96.4,None,0.0,ETH-27DEC19-100-C,173.2,0.0,0.0,0.0,0.0,0.0,0.0,0.08743,-0.06397,0.15793,0.00166,0.94063
173.24,SYN.ETH-25OCT19,1571741942426,open,0.2,12.0,0.167,0.217,0.192405,112.1,0.192,0.0,ETH-25OCT19-140-C,173.2,0.0,0.179,23.0,0.205,23.0,225.02,0.00556,-0.10846,0.01083,0.0021,0.98577
173.24,SYN.ETH-25OCT19,1571741942426,open,0.0,3325.0,0.001,0.011,6e-06,120.0,0.001,0.0,ETH-25OCT19-120-P,173.2,0.0,0.0,0.0,0.001,4.0,198.86,0.00013,-0.0011,0.0,5e-05,-0.00023
173.77,SYN.ETH-29NOV19,1571741942427,open,0.61,0.0,0.566,0.672,0.617164,85.54,None,0.0,ETH-29NOV19-280-P,173.2,0.0,0.0,0.0,0.0,0.0,0.0,0.06276,-0.07087,-0.2816,0.00234,-0.94446
174.2,ETH-27DEC19,1571741942433,open,0.15,2631.0,0.108,0.197,0.153698,79.55,0.16,0.0,ETH-27DEC19-180-P,173.2,76.77,0.149,652.0,0.158,312.0,82.09,0.29447,-0.1778,-0.19649,0.00676,-0.47128
174.2,ETH-27DEC19,1571741942433,open,0.01,895.0,0.001,0.019,0.007349,98.44,0.025,0.0,ETH-27DEC19-380-C,173.2,95.11,0.006,465.0,0.009,480.0,102.05,0.07494,-0.056,0.01305,0.00139,0.04887
173.77,SYN.ETH-29NOV19,1571741942433,open,0.39,0.0,0.348,0.446,0.395936,79.56,None,0.0,ETH-29NOV19-240-P,173.2,0.0,0.0,0.0,0.0,0.0,0.0,0.1177,-0.12361,-0.22848,0.00472,-0.87113
173.24,SYN.ETH-25OCT19,1571741942433,open,0.0,4693.0,0.001,0.011,0.0,120.0,0.001,0.0,ETH-25OCT19-100-P,173.2,0.0,0.0,0.0,0.001,100.0,284.63,0.0,0.0,0.0,0.0,0.0
174.2,ETH-27DEC19,1571741942435,open,1.52,0.0,1.454,1.616,1.531224,106.91,None,0.0,ETH-27DEC19-440-P,173.2,0.0,0.001,8.0,0.0,0.0,0.0,0.05708,-0.04632,-0.78483,0.00097,-0.96508
173.77,SYN.ETH-29NOV19,1571741942438,open,0.22,1.0,0.187,0.251,0.220973,80.96,0.289,0.0,ETH-29NOV19-140-C,173.2,0.0,0.0,0.0,0.0,0.0,0.0,0.141,-0.1507,0.11004,0.00556,0.83123
174.2,ETH-27DEC19,1571741942439,open,0.0,16550.0,0.001,0.011,0.001707,115.78,0.002,0.0,ETH-27DEC19-600-C,173.2,109.23,0.001,7185.0,0.003,100.0,123.88,0.02254,-0.01981,0.00313,0.00036,0.01166
173.24,SYN.ETH-25OCT19,1571741942439,open,0.61,3.0,0.57,0.666,0.616221,119.72,0.645,0.0,ETH-25OCT19-280-P,173.2,0.0,0.0,0.0,0.0,0.0,0.0,0.0,-6e-05,-0.02206,0.0,-1.0
175.6,ETH-27MAR20,1571741942441,open,0.32,1066.0,0.255,0.385,0.322926,89.8,0.336,0.0,ETH-27MAR20-200-P,173.2,86.77,0.315,300.0,0.33,24.0,92.52,0.45803,-0.1311,-0.59901,0.00385,-0.47075
174.2,ETH-27DEC19,1571741942441,open,0.01,1086.0,0.001,0.021,0.008328,95.3,0.008,0.0,ETH-27DEC19-360-C,173.2,92.39,0.007,780.0,0.01,480.0,98.62,0.08335,-0.06029,0.01495,0.0016,0.05587
175.6,ETH-27MAR20,1571741942441,open,0.88,7.0,0.809,0.974,0.891146,93.1,0.945,0.0,ETH-27MAR20-320-P,173.2,0.0,0.0,0.0,0.0,0.0,0.0,0.36496,-0.1083,-1.23946,0.00296,-0.75112
174.2,ETH-27DEC19,1571741942441,open,0.01,8732.0,0.001,0.015,0.005392,106.91,0.006,0.0,ETH-27DEC19-440-C,173.2,105.69,0.005,1200.0,0.006,160.0,108.71,0.05708,-0.04632,0.00929,0.00097,0.03492
175.6,ETH-27MAR20,1571741942441,open,2.2,0.0,2.103,2.326,2.210065,103.74,None,0.0,ETH-27MAR20-560-P,173.2,0.0,0.01,10.0,0.0,0.0,0.0,0.18088,-0.05981,-2.35773,0.00132,-0.9139
174.2,ETH-27DEC19,1571741942441,open,0.01,936.0,0.001,0.024,0.010295,93.3,0.01,0.0,ETH-27DEC19-340-C,173.2,90.9,0.009,160.0,0.012,160.0,96.22,0.09744,-0.069,0.01822,0.00191,0.06824
173.24,SYN.ETH-25OCT19,1571741942441,open,0.0,445.0,0.001,0.012,0.002082,102.91,0.002,0.0,ETH-25OCT19-150-P,173.2,89.19,0.001,131.0,0.003,200.0,111.66,0.01644,-0.29413,-0.00074,0.00676,-0.05231
173.24,SYN.ETH-25OCT19,1571741942441,open,0.04,744.0,0.008,0.061,0.034244,67.62,0.038,0.0,ETH-25OCT19-170-C,173.2,54.75,0.03,242.0,0.037,120.0,75.83,0.0578,-0.67961,0.0082,0.03615,0.63492
173.24,SYN.ETH-25OCT19,1571741942441,open,0.0,2813.0,0.001,0.011,0.001787,96.57,0.002,0.0,ETH-25OCT19-200-C,173.2,86.75,0.001,221.0,0.003,200.0,107.77,0.01618,-0.27172,0.00068,0.00709,0.05128
173.24,SYN.ETH-25OCT19,1571741942441,open,0.0,207.0,0.001,0.011,9.9e-05,119.99,0.002,0.0,ETH-25OCT19-130-P,173.2,0.0,0.0,0.0,0.002,300.0,180.26,0.0014,-0.01714,-4e-05,0.00049,-0.00299
173.24,SYN.ETH-25OCT19,1571741942441,open,0.0,1549.0,0.001,0.011,0.001345,115.82,0.002,0.0,ETH-25OCT19-210-C,173.2,110.25,0.001,2.0,0.002,300.0,124.39,0.0117,-0.23304,0.00045,0.00427,0.03436
175.6,ETH-27MAR20,1571741942443,open,0.4,40.0,0.351,0.431,0.393877,91.58,0.459,0.0,ETH-27MAR20-120-C,173.2,0.0,0.096,1.0,0.0,0.0,0.0,0.29684,-0.08665,0.32532,0.00245,0.82492
175.6,ETH-27MAR20,1571741942449,open,0.02,115.0,0.004,0.039,0.017285,108.1,0.017,0.0,ETH-27MAR20-640-C,173.2,105.41,0.015,240.0,0.02,580.0,111.03,0.15576,-0.05367,0.04032,0.00109,0.0707
175.6,ETH-27MAR20,1571741942449,open,0.05,557.0,0.022,0.089,0.053197,94.92,0.058,0.0,ETH-27MAR20-360-C,173.2,93.16,0.05,32.0,0.057,297.0,96.97,0.32207,-0.09744,0.11062,0.00256,0.19977
174.2,ETH-27DEC19,1571741942449,open,0.23,3442.0,0.179,0.279,0.230321,79.8,0.257,0.0,ETH-27DEC19-200-P,173.2,77.17,0.226,96.0,0.236,133.0,83.24,0.287,-0.17383,-0.25917,0.00657,-0.59402
175.6,ETH-27MAR20,1571741942449,open,0.04,987.0,0.016,0.075,0.042792,97.06,0.043,0.0,ETH-27MAR20-400-C,173.2,95.32,0.04,50.0,0.046,300.0,99.01,0.28537,-0.08828,0.09196,0.00222,0.16464
174.2,ETH-27DEC19,1571741942449,open,0.09,11253.0,0.056,0.129,0.092803,80.09,0.093,0.0,ETH-27DEC19-160-P,173.2,78.28,0.09,340.0,0.096,390.0,82.15,0.27031,-0.16431,-0.1352,0.00616,-0.33723
173.77,SYN.ETH-29NOV19,1571741942449,open,0.43,0.0,0.409,0.45,0.42965,103.63,None,0.0,ETH-29NOV19-100-C,173.2,0.0,0.0,0.0,0.0,0.0,0.0,0.04245,-0.05808,0.09668,0.00131,0.96579
173.77,SYN.ETH-29NOV19,1571741942451,open,0.08,280.0,0.048,0.112,0.081606,75.48,0.085,0.0,ETH-29NOV19-180-C,173.2,72.67,0.078,598.0,0.085,278.0,78.12,0.22326,-0.22246,0.07378,0.00944,0.49075
173.24,SYN.ETH-25OCT19,1571741942451,open,0.0,2020.0,0.001,0.011,0.000518,120.0,0.001,0.0,ETH-25OCT19-220-C,173.2,0.0,0.0,0.0,0.002,603.0,147.84,0.00558,-0.0897,0.00019,0.00197,0.01427
173.24,SYN.ETH-25OCT19,1571741942451,open,0.0,403.0,0.001,0.011,0.000148,120.0,0.001,0.0,ETH-25OCT19-230-C,173.2,0.0,0.0,0.0,0.002,600.0,169.57,0.00205,-0.0256,6e-05,0.00072,0.00456
175.6,ETH-27MAR20,1571741942453,open,0.18,1479.0,0.129,0.231,0.183974,89.8,0.178,0.0,ETH-27MAR20-200-C,173.2,87.51,0.178,300.0,0.189,269.0,91.73,0.45803,-0.1311,0.26058,0.00385,0.52925
174.2,ETH-27DEC19,1571741942455,open,0.0,12462.0,0.001,0.011,0.00114,120.0,0.005,0.0,ETH-27DEC19-680-C,173.2,118.39,0.001,1160.0,0.002,2399.0,127.57,0.01593,-0.01451,0.0021,0.00024,0.00783
174.2,ETH-27DEC19,1571741942455,open,0.01,9553.0,0.001,0.019,0.007355,103.37,0.007,0.0,ETH-27DEC19-400-C,173.2,102.51,0.007,740.0,0.008,160.0,104.88,0.07281,-0.05712,0.01251,0.00129,0.04713
175.6,ETH-27MAR20,1571741942455,open,2.42,0.0,2.324,2.56,2.43662,106.82,None,0.0,ETH-27MAR20-600-P,173.2,0.0,0.02,10.0,0.0,0.0,0.0,0.17131,-0.05833,-2.53324,0.00121,-0.9199
175.6,ETH-27MAR20,1571741942455,open,1.97,0.0,1.884,2.095,1.984989,101.5,None,0.0,ETH-27MAR20-520-P,173.2,0.0,0.005,10.0,0.0,0.0,0.0,0.19762,-0.06393,-2.17961,0.00147,-0.90297
174.2,ETH-27DEC19,1571741942455,open,0.02,6465.0,0.009,0.045,0.025239,87.43,0.026,0.0,ETH-27DEC19-120-P,173.2,84.71,0.023,160.0,0.027,459.0,89.51,0.14558,-0.09661,-0.04478,0.00304,-0.11719
174.2,ETH-27DEC19,1571741942455,open,0.01,1365.0,0.003,0.028,0.012532,90.59,0.014,0.0,ETH-27DEC19-320-C,173.2,88.14,0.011,460.0,0.014,320.0,92.79,0.11273,-0.07751,0.02203,0.00227,0.08262
173.77,SYN.ETH-29NOV19,1571741942455,open,0.72,0.0,0.677,0.788,0.73033,88.54,None,0.0,ETH-29NOV19-300-P,173.2,0.0,0.0,0.0,0.0,0.0,0.0,0.04648,-0.05433,-0.30513,0.00168,-0.96178
175.6,ETH-27MAR20,1571741942458,open,0.27,651.0,0.213,0.311,0.266141,88.87,0.268,0.0,ETH-27MAR20-160-C,173.2,88.81,0.266,100.0,0.27,259.0,90.51,0.41486,-0.11751,0.30782,0.00352,0.67401
174.2,ETH-27DEC19,1571741942460,open,1.07,257.0,1.009,1.147,1.074918,95.3,0.7,0.0,ETH-27DEC19-360-P,173.2,0.0,0.01,2.0,0.0,0.0,0.0,0.08335,-0.06029,-0.63479,0.0016,-0.94413
175.6,ETH-27MAR20,1571741942465,open,0.09,1359.0,0.049,0.135,0.092366,91.56,0.094,0.0,ETH-27MAR20-280-C,173.2,90.12,0.089,260.0,0.097,287.0,93.54,0.40986,-0.11961,0.16926,0.00338,0.31663
175.6,ETH-27MAR20,1571741942465,open,1.31,3.0,1.232,1.414,1.320696,97.06,1.39,0.0,ETH-27MAR20-400-P,173.2,0.0,0.001,10.0,0.0,0.0,0.0,0.28537,-0.08828,-1.62722,0.00222,-0.83536
173.77,SYN.ETH-29NOV19,1571741942465,open,0.0,14.0,0.001,0.013,0.003959,88.54,0.006,0.0,ETH-29NOV19-300-C,173.2,84.65,0.003,460.0,0.005,160.0,92.16,0.04648,-0.05433,0.00618,0.00168,0.03822
174.2,ETH-27DEC19,1571741942467,open,0.73,1.0,0.679,0.802,0.738496,88.76,0.494,0.0,ETH-27DEC19-300-P,173.2,0.0,0.001,5.0,0.0,0.0,0.0,0.13466,-0.09072,-0.51354,0.00277,-0.8949
175.6,ETH-27MAR20,1571741942470,open,0.03,1150.0,0.009,0.056,0.028647,100.3,0.035,0.0,ETH-27MAR20-480-C,173.2,98.17,0.026,280.0,0.032,542.0,102.86,0.22342,-0.07142,0.06515,0.00168,0.11497
175.6,ETH-27MAR20,1571741942470,open,0.03,956.0,0.012,0.064,0.034585,98.65,0.05,0.0,ETH-27MAR20-440-C,173.2,96.81,0.032,40.0,0.038,560.0,100.98,0.25164,-0.07912,0.0768,0.00192,0.13634
175.6,ETH-27MAR20,1571741942470,open,0.08,1146.0,0.043,0.111,0.077248,91.58,0.075,0.0,ETH-27MAR20-120-P,173.2,89.06,0.073,32.0,0.081,611.0,93.8,0.29684,-0.08665,-0.19043,0.00245,-0.17508
175.6,ETH-27MAR20,1571741942470,open,0.02,915.0,0.006,0.045,0.020999,103.74,0.021,0.0,ETH-27MAR20-560-C,173.2,101.75,0.019,40.0,0.023,240.0,105.63,0.18088,-0.05981,0.04913,0.00132,0.0861
173.77,SYN.ETH-29NOV19,1571741942470,open,0.29,0.0,0.245,0.339,0.291646,77.28,None,0.0,ETH-29NOV19-220-P,173.2,0.0,0.0,0.0,0.0,0.0,0.0,0.15916,-0.16237,-0.1959,0.00657,-0.79475
173.77,SYN.ETH-29NOV19,1571741942470,open,0.19,0.0,0.152,0.241,0.196758,75.86,None,0.0,ETH-29NOV19-200-P,173.2,0.0,0.0,0.0,0.0,0.0,0.0,0.20154,-0.20182,-0.15715,0.00848,-0.67474
173.24,SYN.ETH-25OCT19,1571741942470,open,0.0,1170.0,0.001,0.011,2e-06,120.0,0.001,0.0,ETH-25OCT19-260-C,173.2,0.0,0.0,0.0,0.004,300.0,254.97,5e-05,-0.00037,0.0,2e-05,9e-05
173.24,SYN.ETH-25OCT19,1571741942470,open,0.15,768.0,0.121,0.194,0.15623,96.57,0.217,0.0,ETH-25OCT19-200-P,173.2,0.0,0.137,16.0,0.177,16.0,200.16,0.01618,-0.27172,-0.01508,0.00709,-0.94872
173.77,SYN.ETH-29NOV19,1571741942472,open,0.12,176.0,0.078,0.156,0.117429,75.48,0.11,0.0,ETH-29NOV19-180-P,173.2,72.81,0.114,96.0,0.121,449.0,78.26,0.22326,-0.22246,-0.11301,0.00944,-0.50925
173.77,SYN.ETH-29NOV19,1571741942472,open,0.01,148.0,0.001,0.022,0.009242,82.74,0.011,0.0,ETH-29NOV19-260-C,173.2,80.15,0.008,160.0,0.011,360.0,86.12,0.08636,-0.09433,0.01349,0.00333,0.08403
174.2,ETH-27DEC19,1571741942474,open,0.62,311.0,0.571,0.69,0.628945,86.77,0.71,0.0,ETH-27DEC19-280-P,173.2,0.0,0.001,8.0,0.0,0.0,0.0,0.16067,-0.10581,-0.4697,0.00338,-0.86502
174.2,ETH-27DEC19,1571741942474,open,0.0,8722.0,0.001,0.012,0.002347,114.72,0.002,0.0,ETH-27DEC19-560-C,173.2,112.52,0.002,160.0,0.003,922.0,118.3,0.02912,-0.02535,0.00419,0.00046,0.01568
174.2,ETH-27DEC19,1571741942476,open,0.0,10984.0,0.001,0.013,0.00343,114.22,0.004,0.0,ETH-27DEC19-520-C,173.2,106.65,0.002,2560.0,0.005,460.0,120.37,0.03908,-0.03388,0.00589,0.00062,0.02216
174.2,ETH-27DEC19,1571741942476,open,0.02,1529.0,0.006,0.042,0.021598,86.77,0.024,0.0,ETH-27DEC19-280-C,173.2,85.01,0.02,160.0,0.024,460.0,89.32,0.16067,-0.10581,0.03565,0.00338,0.13498
173.77,SYN.ETH-29NOV19,1571741942476,open,0.5,0.0,0.456,0.558,0.50543,82.74,None,0.0,ETH-29NOV19-260-P,173.2,0.0,0.0,0.0,0.0,0.0,0.0,0.08636,-0.09433,-0.25631,0.00333,-0.91597
173.24,SYN.ETH-25OCT19,1571741942478,open,0.08,1044.0,0.05,0.109,0.080655,78.39,0.09,0.0,ETH-25OCT19-160-C,173.2,0.0,0.076,40.0,0.083,40.0,90.51,0.03066,-0.41786,0.01092,0.01654,0.88056
173.77,SYN.ETH-29NOV19,1571741942478,open,0.01,185.0,0.002,0.025,0.011755,90.69,0.011,0.0,ETH-29NOV19-120-P,173.2,86.85,0.01,160.0,0.013,500.0,93.27,0.08224,-0.09846,-0.01632,0.00289,-0.07876
173.24,SYN.ETH-25OCT19,1571741942478,open,0.0,1876.0,0.001,0.011,3.9e-05,120.0,0.001,0.0,ETH-25OCT19-240-C,173.2,0.0,0.0,0.0,0.001,200.0,170.75,0.00067,-0.00669,2e-05,0.00024,0.00132
173.77,SYN.ETH-29NOV19,1571741942478,open,0.03,969.0,0.009,0.047,0.025641,77.28,0.026,0.0,ETH-29NOV19-220-C,173.2,75.47,0.024,128.0,0.028,628.0,79.82,0.15916,-0.16237,0.03239,0.00657,0.20525
174.2,ETH-27DEC19,1571741942482,open,3.35,0.0,3.236,3.5,3.363383,120.0,None,0.0,ETH-27DEC19-760-P,173.2,0.0,0.0,0.0,0.0,0.0,0.0,0.00918,-0.00836,-1.37052,0.00014,-0.99579
174.2,ETH-27DEC19,1571741942482,open,0.52,946.0,0.464,0.58,0.521521,84.6,0.3,0.0,ETH-27DEC19-260-P,173.2,0.0,0.0,0.0,0.0,0.0,0.0,0.19078,-0.12251,-0.42334,0.00412,-0.82498
174.2,ETH-27DEC19,1571741942482,open,0.0,4670.0,0.001,0.011,0.000811,120.0,0.002,0.0,ETH-27DEC19-720-C,173.2,122.52,0.001,996.0,0.002,10.0,131.92,0.01207,-0.01099,0.00155,0.00018,0.00573
173.24,SYN.ETH-25OCT19,1571741942482,open,0.31,6.0,0.286,0.327,0.30734,120.0,0.36,0.0,ETH-25OCT19-120-C,173.2,0.0,0.0,0.0,0.0,0.0,0.0,0.00013,-0.00279,0.00945,5e-05,0.99977
173.24,SYN.ETH-25OCT19,1571741942482,open,0.25,0.0,0.227,0.272,0.249711,119.99,None,0.0,ETH-25OCT19-130-C,173.2,0.0,0.237,24.0,0.261,24.0,268.35,0.0014,-0.02922,0.0102,0.00049,0.99701
173.24,SYN.ETH-25OCT19,1571741942482,open,0.42,18.0,0.405,0.439,0.422778,122.76,0.411,0.0,ETH-25OCT19-100-C,173.2,0.0,0.0,0.0,0.0,0.0,0.0,0.0,0.0,0.00788,0.0,1.0
173.77,SYN.ETH-29NOV19,1571741942484,open,0.0,0.0,0.001,0.012,0.002913,92.18,None,0.0,ETH-29NOV19-320-C,173.2,87.25,0.002,360.0,0.004,160.0,96.88,0.03619,-0.04404,0.00456,0.00125,0.02821
174.2,ETH-27DEC19,1571741942486,open,0.18,1523.0,0.132,0.21,0.174318,80.09,0.175,0.0,ETH-27DEC19-160-C,173.2,77.95,0.171,340.0,0.178,343.0,82.46,0.27031,-0.16431,0.15357,0.00616,0.66277
173.24,SYN.ETH-25OCT19,1571741942490,open,0.14,0.0,0.108,0.164,0.13625,102.91,None,0.0,ETH-25OCT19-150-C,173.2,0.0,0.12,22.0,0.151,22.0,188.87,0.01644,-0.29413,0.01108,0.00676,0.94769
8325.6,BTC-27DEC19,1571741942661,open,0.21,53.2,0.1775,0.241,0.21038351,73.2,0.21,0.0,BTC-27DEC19-7000-C,8252.02,70.23,0.2065,26.9,0.2155,26.9,77.06,10.94201,-6.07919,8.29064,0.00012,0.76213
8433.6,BTC-27MAR20,1571741942661,open,0.01,43.4,0.001,0.028,0.01053429,93.95,0.0115,0.0,BTC-27MAR20-28000-C,8252.02,91.58,0.009,42.0,0.012,22.0,96.01,5.74433,-1.72002,1.44728,2e-05,0.05046
8325.6,BTC-27DEC19,1571741942661,open,0.47,73.1,0.424,0.5085,0.46495616,74.94,0.518,0.0,BTC-27DEC19-12000-P,8252.02,0.0,0.429,6.0,0.497,6.0,100.99,8.65158,-4.92087,-19.5889,9e-05,-0.8387
8255.23,SYN.BTC-25OCT19,1571741942663,open,0.01,727.3,0.0005,0.029,0.00854839,55.58,0.0105,0.0,BTC-25OCT19-8500-C,8252.02,52.06,0.0075,0.1,0.0095,0.1,58.71,2.48828,-24.04542,0.1799,0.00083,0.28514
8255.23,SYN.BTC-25OCT19,1571741942663,open,0.0,363.2,0.0005,0.0105,3.69e-06,115.0,0.0005,0.0,BTC-25OCT19-12000-C,8252.02,0.0,0.0,0.0,0.0005,4.0,175.17,0.00427,-0.03047,0.0001,0.0,0.00015
8294.33,SYN.BTC-29NOV19,1571741942663,open,0.02,165.5,0.005,0.0335,0.0167767,66.91,0.017,0.0,BTC-29NOV19-10500-C,8252.02,65.27,0.0155,53.2,0.018,0.1,68.44,6.5543,-5.78953,1.25006,0.00014,0.16202
8433.6,BTC-27MAR20,1571741942680,open,0.72,58.9,0.6585,0.778,0.71678207,79.03,0.7625,0.0,BTC-27MAR20-14000-P,8252.02,48.4,0.6695,3.0,0.7595,3.0,98.44,17.03165,-4.29021,-53.67328,7e-05,-0.76397
8325.6,BTC-27DEC19,1571741942685,open,0.04,398.0,0.016,0.059,0.03561007,75.57,0.0375,0.0,BTC-27DEC19-6500-P,8252.02,74.56,0.0345,19.3,0.037,51.0,76.83,9.14355,-5.24474,-3.17655,0.0001,-0.17579
8294.33,SYN.BTC-29NOV19,1571741942690,open,0.34,0.0,0.305,0.3735,0.33826546,68.54,None,0.0,BTC-29NOV19-11000-P,8252.02,0.0,0.0,0.0,0.0,0.0,0.0,5.3864,-4.87339,-10.47411,0.00011,-0.87867
8255.23,SYN.BTC-25OCT19,1571741942692,open,0.27,16.3,0.2585,0.2875,0.27320946,115.05,0.27,0.0,BTC-25OCT19-6000-C,8252.02,0.0,0.2645,10.0,0.284,10.0,286.59,0.01888,-0.37768,0.47222,0.0,0.99925
8255.23,SYN.BTC-25OCT19,1571741942692,open,0.15,9.3,0.135,0.1725,0.1530148,99.23,0.151,0.0,BTC-25OCT19-7000-C,8252.02,0.0,0.152,10.0,0.16,10.0,160.14,0.46582,-8.03733,0.5329,9e-05,0.97235
8433.6,BTC-27MAR20,1571741942694,open,0.01,102.8,0.0025,0.031,0.01227345,91.94,0.0125,0.0,BTC-27MAR20-26000-C,8252.02,89.52,0.0105,50.0,0.014,35.0,94.1,6.46648,-1.89489,1.67964,2e-05,0.05861
8294.33,SYN.BTC-29NOV19,1571741942699,open,0.82,0.0,0.7735,0.851,0.81046167,85.11,None,0.0,BTC-29NOV19-15000-P,8252.02,0.0,0.0,0.0,0.0,0.0,0.0,1.37454,-1.54431,-15.39762,2e-05,-0.97852
8294.33,SYN.BTC-29NOV19,1571741942706,open,0.4,0.0,0.386,0.4185,0.40162644,93.51,None,0.0,BTC-29NOV19-5000-C,8252.02,0.0,0.389,10.0,0.414,10.0,128.2,1.99422,-2.46161,4.86136,3e-05,0.96645
8325.6,BTC-27DEC19,1571741942715,open,0.01,412.6,0.0005,0.0195,0.00719092,85.64,0.006,0.0,BTC-27DEC19-16000-C,8252.02,82.92,0.006,44.0,0.0085,75.0,88.34,3.83856,-2.49514,0.69298,4e-05,0.05331
8325.6,BTC-27DEC19,1571741942715,open,0.0,932.9,0.0005,0.011,0.0012257,114.99,0.001,0.0,BTC-27DEC19-30000-C,8252.02,112.55,0.001,2.2,0.0015,25.0,117.54,0.83116,-0.72539,0.11171,1e-05,0.00866
8325.6,BTC-27DEC19,1571741942715,open,0.58,99.0,0.537,0.622,0.5776188,77.05,0.638,0.0,BTC-27DEC19-13000-P,8252.02,0.0,0.543,5.0,0.608,5.0,105.59,6.88756,-4.02799,-21.96967,7e-05,-0.88448
8255.23,SYN.BTC-25OCT19,1571741942717,open,0.82,0.0,0.7815,0.854,0.8170292,0.0,None,0.0,BTC-25OCT19-15000-P,8252.02,0.0,0.001,0.1,0.0,0.0,0.0,0.0,0.0,-1.18179,0.0,-1.0
8294.33,SYN.BTC-29NOV19,1571741942717,open,0.01,287.4,0.0005,0.0185,0.0071894,73.4,0.007,0.0,BTC-29NOV19-12000-C,8252.02,71.84,0.0065,15.0,0.008,9.1,75.14,3.75928,-3.64273,0.57853,7e-05,0.07441
8325.6,BTC-27DEC19,1571741942719,open,0.07,223.2,0.0425,0.1035,0.07260544,72.03,0.075,0.0,BTC-27DEC19-7500-P,8252.02,70.63,0.0705,19.3,0.075,42.7,73.63,12.488,-6.82773,-5.75749,0.00014,-0.31056
8325.6,BTC-27DEC19,1571741942719,open,0.01,689.7,0.0005,0.023,0.0090216,82.66,0.01,0.0,BTC-27DEC19-15000-C,8252.02,80.74,0.008,24.0,0.01,50.0,84.39,4.57475,-2.87012,0.86652,4e-05,0.06669
8294.33,SYN.BTC-29NOV19,1571741942719,open,0.0,258.9,0.0005,0.014,0.00444697,93.5,0.005,0.0,BTC-29NOV19-5000-P,8252.02,91.59,0.004,100.0,0.0045,0.1,93.72,1.99391,-2.46108,-0.32702,3e-05,-0.03355
8294.33,SYN.BTC-29NOV19,1571741942719,open,0.02,225.6,0.0085,0.043,0.0236715,65.39,0.0235,0.0,BTC-29NOV19-10000-C,8252.02,64.14,0.0225,32.3,0.025,0.6,66.78,7.8481,-6.77466,1.66363,0.00017,0.21696
8255.23,SYN.BTC-25OCT19,1571741942721,open,0.28,0.0,0.247,0.2995,0.27215305,109.24,None,0.0,BTC-25OCT19-10500-P,8252.02,0.0,0.2525,5.0,0.2895,5.0,249.66,0.15181,-2.88329,-0.82253,3e-05,-0.9925
8294.33,SYN.BTC-29NOV19,1571741942725,open,0.4,0.0,0.3625,0.4315,0.3955604,70.72,None,0.0,BTC-29NOV19-11500-P,8252.02,0.0,0.0,0.0,0.0,0.0,0.0,4.45695,-4.16073,-11.20829,9e-05,-0.90668
8255.23,SYN.BTC-25OCT19,1571741942727,open,0.0,172.5,0.0005,0.0105,0.00024455,112.46,0.0005,0.0,BTC-25OCT19-6500-P,8252.02,0.0,0.0,0.0,0.0005,6.7,123.45,0.14727,-2.01881,-0.00487,2e-05,-0.00725
8294.33,SYN.BTC-29NOV19,1571741942727,open,0.07,103.8,0.0445,0.0995,0.07134292,64.03,0.0705,0.0,BTC-29NOV19-8500-C,8252.02,61.43,0.068,45.5,0.0735,12.0,65.71,10.65791,-9.00862,3.63577,0.00023,0.49377
8433.6,BTC-27MAR20,1571741942735,open,0.02,411.1,0.007,0.0485,0.02322536,86.19,0.024,0.0,BTC-27MAR20-20000-C,8252.02,86.0,0.023,1.0,0.024,15.0,86.83,10.1538,-2.78938,3.01665,4e-05,0.10645
8294.33,SYN.BTC-29NOV19,1571741942735,open,0.29,17.1,0.2665,0.309,0.28766834,80.36,0.2565,0.0,BTC-29NOV19-6000-C,8252.02,0.0,0.27,9.0,0.3055,9.0,109.52,4.1116,-4.36183,5.41019,7e-05,0.91625
8433.6,BTC-27MAR20,1571741942771,open,0.01,154.8,0.0035,0.0345,0.01430243,89.51,0.0145,0.0,BTC-27MAR20-24000-C,8252.02,87.34,0.0125,50.0,0.016,5.0,91.41,7.28225,-2.07759,1.95635,3e-05,0.06827
8325.6,BTC-27DEC19,1571741942774,open,2.13,0.0,2.062,2.192,2.12438069,106.45,None,0.0,BTC-27DEC19-26000-P,8252.02,0.0,0.0,0.0,0.0,0.0,0.0,1.02076,-0.82476,-46.7828,1e-05,-0.98904
8255.23,SYN.BTC-25OCT19,1571741942774,open,0.0,716.7,0.0005,0.0105,0.00082001,82.36,0.001,0.0,BTC-25OCT19-9500-C,8252.02,76.19,0.0005,2.0,0.001,13.3,85.18,0.49503,-6.7694,0.01881,0.00011,0.02974
8255.23,SYN.BTC-25OCT19,1571741942774,open,0.09,45.2,0.0735,0.114,0.09334097,72.69,0.087,0.0,BTC-25OCT19-7500-C,8252.02,56.58,0.092,6.0,0.0955,6.0,88.48,0.92183,-11.65085,0.54784,0.00024,0.93565
8325.6,BTC-27DEC19,1571741942783,open,0.0,403.1,0.0005,0.0105,0.00082339,115.0,0.0005,0.0,BTC-27DEC19-32000-C,8252.02,109.66,0.0005,24.0,0.0015,20.4,122.39,0.60215,-0.52559,0.07791,0.0,0.00601
8294.33,SYN.BTC-29NOV19,1571741942785,open,0.7,0.0,0.6555,0.7305,0.69103911,82.43,None,0.0,BTC-29NOV19-14000-P,8252.02,0.0,0.0,0.0,0.0,0.0,0.0,1.96567,-2.13886,-14.27088,3e-05,-0.96703
8433.6,BTC-27MAR20,1571741942789,open,0.35,13.6,0.3155,0.384,0.35088776,76.96,0.3495,0.0,BTC-27MAR20-6000-C,8252.02,73.77,0.3455,11.0,0.363,20.0,83.96,14.35249,-3.52056,17.11475,6e-05,0.82305
8294.33,SYN.BTC-29NOV19,1571741942794,open,0.05,312.4,0.0265,0.076,0.0501388,64.39,0.05,0.0,BTC-29NOV19-9000-C,8252.02,63.06,0.0485,0.2,0.052,26.4,65.9,10.22052,-8.68808,2.89021,0.00022,0.38594
8325.6,BTC-27DEC19,1571741942802,open,0.7,268.3,0.6525,0.739,0.69344564,79.9,0.7205,0.0,BTC-27DEC19-14000-P,8252.02,0.0,0.659,5.0,0.723,5.0,111.35,5.58532,-3.38708,-24.14343,6e-05,-0.91331
8433.6,BTC-27MAR20,1571741942806,open,0.54,1.1,0.522,0.5585,0.53959204,82.43,0.5375,0.0,BTC-27MAR20-4000-C,8252.02,49.34,0.5265,12.0,0.555,12.0,101.73,5.6489,-1.48404,14.89745,2e-05,0.95059
8294.33,SYN.BTC-29NOV19,1571741942809,open,0.23,0.3,0.2085,0.256,0.23263556,73.31,0.2,0.0,BTC-29NOV19-6500-C,8252.02,0.0,0.2115,9.0,0.2545,9.0,101.74,5.50064,-5.32366,5.52865,0.00011,0.87498
8433.6,BTC-27MAR20,1571741942811,open,0.03,236.7,0.01,0.0575,0.02960923,83.56,0.0305,0.0,BTC-27MAR20-18000-C,8252.02,82.41,0.028,1.0,0.0315,40.0,84.88,11.91261,-3.17274,3.76574,5e-05,0.1335
8255.23,SYN.BTC-25OCT19,1571741942811,open,0.22,304.2,0.188,0.2385,0.21181633,98.04,0.215,0.0,BTC-25OCT19-10000-P,8252.02,0.0,0.193,6.0,0.2285,6.0,214.38,0.28375,-4.83699,-0.77815,5e-05,-0.98461
8255.23,SYN.BTC-25OCT19,1571741942815,open,0.0,917.5,0.0005,0.0105,2.114e-05,115.0,0.0005,0.0,BTC-25OCT19-6000-P,8252.02,0.0,0.0,0.0,0.0005,0.2,159.31,0.0188,-0.1745,-0.0005,0.0,-0.00074
8325.6,BTC-27DEC19,1571741942818,open,1.41,4.6,1.356,1.461,1.40566258,95.7,1.466,0.0,BTC-27DEC19-20000-P,8252.02,0.0,0.0,0.0,0.0,0.0,0.0,2.0981,-1.52397,-35.76549,2e-05,-0.97455
8325.6,BTC-27DEC19,1571741942824,open,0.01,1159.6,0.0015,0.024,0.01113221,87.56,0.0115,0.0,BTC-27DEC19-5000-P,8252.02,85.26,0.01,34.0,0.0125,73.0,90.2,4.20017,-2.79128,-1.06525,4e-05,-0.05976
8325.6,BTC-27DEC19,1571741942827,open,0.14,379.2,0.1025,0.171,0.13834654,71.15,0.1375,0.0,BTC-27DEC19-8000-C,8252.02,69.71,0.136,29.4,0.1405,15.0,72.47,13.55616,-7.32047,7.10901,0.00015,0.61146
8325.6,BTC-27DEC19,1571741942827,open,0.01,745.7,0.0005,0.015,0.00495711,91.38,0.0055,0.0,BTC-27DEC19-18000-C,8252.02,90.0,0.0045,1.0,0.0055,32.4,92.93,2.83315,-1.96509,0.47504,2e-05,0.03657
8433.6,BTC-27MAR20,1571741942827,open,0.01,113.2,0.0005,0.0255,0.00933371,96.09,0.011,0.0,BTC-27MAR20-30000-C,8252.02,93.82,0.008,42.0,0.011,27.9,98.65,5.20505,-1.5941,1.27903,2e-05,0.04462
8433.6,BTC-27MAR20,1571741942827,open,0.01,105.4,0.0005,0.021,0.00695077,101.85,0.0055,0.0,BTC-27MAR20-36000-C,8252.02,98.61,0.0055,42.0,0.0085,43.0,104.86,4.0618,-1.31859,0.94114,1e-05,0.03292
8294.33,SYN.BTC-29NOV19,1571741942829,open,0.18,1.3,0.146,0.2145,0.17950462,64.39,0.1735,0.0,BTC-29NOV19-9500-P,8252.02,21.18,0.146,7.0,0.212,7.0,92.04,9.15999,-7.7863,-7.6477,0.0002,-0.70905
8255.23,SYN.BTC-25OCT19,1571741942832,open,0.4,0.2,0.366,0.422,0.39307439,114.89,0.4615,0.0,BTC-25OCT19-11500-P,8252.02,0.0,0.3725,5.0,0.4115,5.0,312.56,0.01749,-0.34941,-0.90561,0.0,-0.99931
8325.6,BTC-27DEC19,1571741942841,open,0.09,358.4,0.055,0.121,0.08858149,71.15,0.086,0.0,BTC-27DEC19-9000-C,8252.02,69.91,0.0865,5.0,0.089,5.0,71.4,14.03058,-7.57664,5.54441,0.00016,0.45757
8325.6,BTC-27DEC19,1571741942841,open,0.02,1046.3,0.009,0.0435,0.02413254,78.44,0.024,0.0,BTC-27DEC19-6000-P,8252.02,77.14,0.023,24.0,0.025,44.8,79.43,7.28731,-4.33879,-2.24323,7e-05,-0.12516
8325.6,BTC-27DEC19,1571741942841,open,0.0,411.0,0.0005,0.0125,0.00271537,100.69,0.0035,0.0,BTC-27DEC19-22000-C,8252.02,96.81,0.002,30.0,0.0035,52.0,104.21,1.69875,-1.29828,0.25687,1e-05,0.01981
8325.6,BTC-27DEC19,1571741942841,open,0.0,591.4,0.0005,0.0105,0.00058765,115.0,0.001,0.0,BTC-27DEC19-2500-P,8252.02,112.87,0.0005,33.5,0.0015,1.0,129.69,0.36194,-0.31592,-0.05988,0.0,-0.0034
8255.23,SYN.BTC-25OCT19,1571741942841,open,0.0,277.3,0.0005,0.0105,0.00023261,109.25,0.0005,0.0,BTC-25OCT19-10500-C,8252.02,0.0,0.0,0.0,0.0005,0.1,120.12,0.1519,-1.92023,0.00473,3e-05,0.00751
8255.23,SYN.BTC-25OCT19,1571741942866,open,0.04,985.3,0.018,0.0635,0.03978554,59.58,0.041,0.0,BTC-25OCT19-8000-C,8252.02,53.34,0.038,6.0,0.0415,1.5,65.36,2.41166,-24.9836,0.45052,0.00075,0.73246
8325.6,BTC-27DEC19,1571741942875,open,0.41,66.8,0.3915,0.431,0.41057706,87.56,0.4085,0.0,BTC-27DEC19-5000-C,8252.02,0.0,0.3955,14.0,0.4265,14.0,113.09,4.20055,-2.79167,7.95869,4e-05,0.94023
8294.33,SYN.BTC-29NOV19,1571741942875,open,0.0,181.9,0.0005,0.012,0.00200008,85.13,0.002,0.0,BTC-29NOV19-15000-C,8252.02,81.82,0.0015,27.2,0.0025,0.1,87.93,1.37624,-1.54663,0.16797,2e-05,0.02152
8325.6,BTC-27DEC19,1571741942879,open,0.0,464.5,0.0005,0.0135,0.00373645,110.24,0.0035,0.0,BTC-27DEC19-3500-P,8252.02,106.18,0.003,0.6,0.0045,76.0,113.99,1.60719,-1.34484,-0.33504,1e-05,-0.01856
8325.6,BTC-27DEC19,1571741942879,open,0.0,823.0,0.0005,0.013,0.00344197,95.73,0.0035,0.0,BTC-27DEC19-20000-C,8252.02,91.6,0.0025,50.5,0.0045,58.0,99.56,2.10157,-1.52704,0.3314,2e-05,0.0255
8294.33,SYN.BTC-29NOV19,1571741942881,open,0.01,23.8,0.0005,0.0165,0.00597253,76.44,0.007,0.0,BTC-29NOV19-12500-C,8252.02,73.83,0.005,15.0,0.007,23.0,78.95,3.24322,-3.27261,0.47758,6e-05,0.06146
8325.6,BTC-27DEC19,1571741942883,open,0.47,4.1,0.451,0.4845,0.46699501,93.39,0.578,0.0,BTC-27DEC19-4500-C,8252.02,0.0,0.4545,15.0,0.4795,15.0,119.51,3.05592,-2.16603,7.40603,3e-05,0.95987
8325.6,BTC-27DEC19,1571741942890,open,0.3,105.6,0.2775,0.329,0.30346636,78.45,0.294,0.0,BTC-27DEC19-6000-C,8252.02,70.03,0.2965,13.0,0.325,13.0,100.63,7.28757,-4.33911,8.58552,7e-05,0.87484
8325.6,BTC-27DEC19,1571741942890,open,0.0,675.0,0.0005,0.0105,0.00038243,115.0,0.001,0.0,BTC-27DEC19-36000-C,8252.02,0.0,0.0,0.0,0.0015,21.7,131.14,0.31927,-0.27868,0.03866,0.0,0.00296
8325.6,BTC-27DEC19,1571741942897,open,1.17,9.4,1.1205,1.2185,1.16695567,91.36,1.1125,0.0,BTC-27DEC19-18000-P,8252.02,0.0,0.0,0.0,0.0,0.0,0.0,2.83038,-1.96267,-32.01215,2e-05,-0.96347
8325.6,BTC-27DEC19,1571741942900,open,0.82,211.2,0.769,0.8575,0.81068706,82.65,0.81,0.0,BTC-27DEC19-15000-P,8252.02,0.0,0.7765,4.0,0.8395,4.0,116.98,4.57292,-2.86856,-26.2061,4e-05,-0.93335
8433.6,BTC-27MAR20,1571741942912,open,0.06,288.4,0.026,0.0925,0.05676141,79.04,0.0615,0.0,BTC-27MAR20-14000-C,8252.02,77.66,0.054,13.9,0.0595,31.2,80.38,17.03221,-4.29051,6.49851,7e-05,0.23604
8255.23,SYN.BTC-25OCT19,1571741942912,open,0.21,0.0,0.197,0.23,0.21286523,112.47,None,0.0,BTC-25OCT19-6500-C,8252.02,0.0,0.2015,9.0,0.2255,9.0,243.05,0.14732,-2.88083,0.50723,2e-05,0.99275
8325.6,BTC-27DEC19,1571741942919,open,0.52,31.1,0.5115,0.5395,0.52462491,100.37,0.6265,0.0,BTC-27DEC19-4000-C,8252.02,0.0,0.5135,16.0,0.535,16.0,128.78,2.18143,-1.66185,6.74247,2e-05,0.97334
8433.6,BTC-27MAR20,1571741942924,open,0.51,52.7,0.4495,0.5665,0.50800642,77.18,0.574,0.0,BTC-27MAR20-12000-P,8252.02,55.34,0.4605,5.0,0.552,5.0,95.06,19.98684,-4.91668,-42.75336,8e-05,-0.67148
8325.6,BTC-27DEC19,1571741942924,open,0.35,73.3,0.3335,0.3785,0.35572727,82.44,0.491,0.0,BTC-27DEC19-5500-C,8252.02,0.0,0.337,13.0,0.374,13.0,105.74,5.6049,-3.50709,8.37228,5e-05,0.91291
8325.6,BTC-27DEC19,1571741942924,open,0.0,555.7,0.0005,0.0105,0.0001844,115.0,0.001,0.0,BTC-27DEC19-40000-C,8252.02,0.0,0.0,0.0,0.001,20.0,133.25,0.17229,-0.15038,0.01972,0.0,0.0015
8433.6,BTC-27MAR20,1571741942937,open,0.01,57.4,0.0005,0.0235,0.00833673,98.05,0.009,0.0,BTC-27MAR20-32000-C,8252.02,95.54,0.007,42.0,0.01,28.0,100.84,4.74365,-1.48239,1.1399,2e-05,0.03978
8325.6,BTC-27DEC19,1571741942945,open,0.01,540.9,0.0005,0.0175,0.00749465,93.38,0.0075,0.0,BTC-27DEC19-4500-P,8252.02,90.57,0.0065,44.0,0.0085,31.0,96.03,3.05551,-2.16561,-0.7155,3e-05,-0.04012
8325.6,BTC-27DEC19,1571741942945,open,0.0,253.7,0.0005,0.0105,1.144e-05,115.0,0.0005,0.0,BTC-27DEC19-1500-P,8252.02,159.44,0.0005,2.0,0.001,29.9,173.36,0.01236,-0.01079,-0.00149,0.0,-9e-05
8433.6,BTC-27MAR20,1571741942945,open,1.4,0.2,1.3335,1.4635,1.39468344,86.18,1.478,0.0,BTC-27MAR20-20000-P,8252.02,0.0,1.3485,2.0,1.435,2.0,111.92,10.15193,-2.78864,-82.94331,4e-05,-0.89358
8433.6,BTC-27MAR20,1571741942958,open,0.01,593.7,0.0005,0.0185,0.00580111,104.87,0.0045,0.0,BTC-27MAR20-40000-C,8252.02,102.84,0.005,5.0,0.007,38.0,107.59,3.48927,-1.16628,0.78305,1e-05,0.0274
8294.33,SYN.BTC-29NOV19,1571741942958,open,0.52,0.0,0.479,0.5505,0.51302386,76.43,None,0.0,BTC-29NOV19-12500-P,8252.02,0.0,0.0,0.0,0.0,0.0,0.0,3.24228,-3.27131,-12.49372,6e-05,-0.93856
8325.6,BTC-27DEC19,1571741942965,open,0.64,0.0,0.632,0.6515,0.64155081,114.79,None,0.0,BTC-27DEC19-3000-C,8252.02,0.0,0.6335,1.0,0.65,1.0,156.4,0.91984,-0.80144,5.24001,1e-05,0.99028
8255.23,SYN.BTC-25OCT19,1571741942970,open,0.04,143.8,0.017,0.0655,0.03819827,55.58,0.042,0.0,BTC-25OCT19-8500-P,8252.02,46.31,0.0355,6.0,0.039,1.0,58.22,2.48828,-24.04511,-0.48979,0.00083,-0.71486
8255.23,SYN.BTC-25OCT19,1571741942970,open,0.34,11.4,0.3065,0.3605,0.33257408,114.97,0.34,0.0,BTC-25OCT19-11000-P,8252.02,0.0,0.3125,5.0,0.3505,5.0,282.21,0.06451,-1.28954,-0.86483,1e-05,-0.99713
8294.33,SYN.BTC-29NOV19,1571741942981,open,0.0,1029.9,0.0005,0.0145,0.00468816,78.29,0.006,0.0,BTC-29NOV19-13000-C,8252.02,76.08,0.004,15.0,0.0055,31.1,80.66,2.70629,-2.79691,0.38036,5e-05,0.04888
8325.6,BTC-27DEC19,1571741942983,open,0.0,342.0,0.0005,0.0105,4.732e-05,115.0,0.0005,0.0,BTC-27DEC19-48000-C,8252.02,0.0,0.0,0.0,0.001,53.0,145.97,0.05308,-0.04633,0.00555,0.0,0.00042
8325.6,BTC-27DEC19,1571741942997,open,0.0,578.4,0.0005,0.011,0.00146903,112.03,0.0015,0.0,BTC-27DEC19-28000-C,8252.02,107.47,0.001,24.0,0.002,25.0,116.06,0.97814,-0.83173,0.13469,1e-05,0.01043
8255.23,SYN.BTC-25OCT19,1571741943000,open,0.94,0.0,0.9005,0.9775,0.93816448,0.0,None,0.0,BTC-25OCT19-16000-P,8252.02,0.0,0.001,0.1,0.0,0.0,0.0,0.0,0.0,-1.26058,0.0,-1.0
8255.23,SYN.BTC-25OCT19,1571741943000,open,0.0,1347.9,0.0005,0.0115,0.00185557,72.69,0.002,0.0,BTC-25OCT19-7500-P,8252.02,69.33,0.0015,20.2,0.002,0.7,73.96,0.92179,-11.65018,-0.04306,0.00024,-0.06434
8325.6,BTC-27DEC19,1571741943005,open,0.02,501.7,0.0045,0.0345,0.0161754,77.06,0.0155,0.0,BTC-27DEC19-13000-C,8252.02,75.61,0.015,52.0,0.0165,0.1,77.45,6.88867,-4.029,1.49322,7e-05,0.11555
8325.6,BTC-27DEC19,1571741943007,open,3.82,0.0,3.7105,3.9035,3.80462563,114.13,2.58,0.0,BTC-27DEC19-40000-P,8252.02,0.0,0.001,1.0,0.0,0.0,0.0,0.15928,-0.13798,-72.17441,0.0,-0.99863
8294.33,SYN.BTC-29NOV19,1571741943007,open,0.03,735.6,0.0105,0.046,0.02617025,69.1,0.027,0.0,BTC-29NOV19-7000-P,8252.02,67.76,0.025,36.3,0.027,1.0,70.05,7.27871,-6.63996,-1.87093,0.00015,-0.1912
8263.05,SYN.BTC-1NOV19,1571741943014,open,0.0,21.0,0.0005,0.0125,0.00267843,63.22,0.0045,0.0,BTC-1NOV19-9750-C,8252.02,59.58,0.002,49.0,0.0035,40.0,67.03,1.65879,-5.30985,0.13237,0.00014,0.06189
8263.05,SYN.BTC-1NOV19,1571741943014,open,0.19,0.0,0.1575,0.21,0.1826294,63.22,None,0.0,BTC-1NOV19-9750-P,8252.02,0.0,0.0,0.0,0.0,0.0,0.0,1.65857,-5.30887,-2.50568,0.00014,-0.93812
8325.6,BTC-27DEC19,1571741943018,open,0.0,106.1,0.0005,0.0105,0.00011831,115.0,0.0005,0.0,BTC-27DEC19-2000-P,8252.02,133.06,0.0005,0.2,0.001,1.0,144.68,0.09472,-0.08267,-0.01349,0.0,-0.00078
8325.6,BTC-27DEC19,1571741943018,open,0.04,797.7,0.0145,0.0605,0.0354285,72.82,0.036,0.0,BTC-27DEC19-11000-C,8252.02,71.7,0.034,19.4,0.037,61.0,74.04,10.68546,-5.90624,2.89248,0.00012,0.22792
8325.6,BTC-27DEC19,1571741943018,open,0.01,683.3,0.002,0.0275,0.01189121,79.91,0.012,0.0,BTC-27DEC19-14000-C,8252.02,78.55,0.011,24.0,0.013,49.0,81.52,5.58679,-3.38835,1.12433,6e-05,0.08672
8255.23,SYN.BTC-25OCT19,1571741943020,open,0.01,1697.2,0.0005,0.028,0.00886778,59.58,0.008,0.0,BTC-25OCT19-8000-P,8252.02,56.58,0.008,21.0,0.009,0.1,60.03,2.41165,-24.98329,-0.17977,0.00075,-0.26753
8255.23,SYN.BTC-25OCT19,1571741943020,open,0.0,514.1,0.0005,0.0105,0.0,115.0,0.0005,0.0,BTC-25OCT19-14000-C,8252.02,0.0,0.0,0.0,0.0005,0.5,235.53,1e-05,-2e-05,0.0,0.0,0.0
8294.33,SYN.BTC-29NOV19,1571741943020,open,0.0,136.7,0.0005,0.013,0.00314162,82.44,0.0045,0.0,BTC-29NOV19-14000-C,8252.02,79.54,0.0025,24.0,0.004,29.1,85.79,1.96704,-2.14073,0.25699,3e-05,0.033
8294.33,SYN.BTC-29NOV19,1571741943023,open,0.23,0.0,0.1955,0.264,0.22931256,65.39,0.245,0.0,BTC-29NOV19-10000-P,8252.02,0.0,0.2015,6.0,0.2605,6.0,94.61,7.84785,-6.77417,-8.71336,0.00017,-0.78305
8325.6,BTC-27DEC19,1571741943030,open,0.82,10.1,0.81,0.8295,0.81984489,115.43,0.8205,0.0,BTC-27DEC19-1500-C,8252.02,0.0,0.812,1.0,0.8285,1.0,247.16,0.01294,-0.01133,2.70566,0.0,0.99991
8325.6,BTC-27DEC19,1571741943030,open,1.65,4.9,1.591,1.705,1.64515805,100.65,1.0385,0.0,BTC-27DEC19-22000-P,8252.02,0.0,0.0,0.0,0.0,0.0,0.0,1.69472,-1.2946,-39.44971,1e-05,-0.98024
8294.33,SYN.BTC-29NOV19,1571741943034,open,0.29,0.0,0.249,0.3175,0.28269981,66.91,0.3575,0.0,BTC-29NOV19-10500-P,8252.02,0.0,0.263,5.0,0.312,5.0,97.61,6.55392,-5.78889,-9.64579,0.00014,-0.838
8294.33,SYN.BTC-29NOV19,1571741943058,open,0.01,369.8,0.0025,0.0265,0.01206029,68.54,0.0125,0.0,BTC-29NOV19-11000-C,8252.02,66.88,0.011,59.0,0.0125,0.1,69.21,5.38694,-4.87418,0.94061,0.00011,0.12135
8325.6,BTC-27DEC19,1571741943171,open,5.26,0.8,5.1235,5.373,5.24579863,101.68,3.59,0.0,BTC-27DEC19-52000-P,8252.02,0.0,0.001,1.0,0.0,0.0,0.0,0.00429,-0.00331,-93.84991,0.0,-0.99997
8294.33,SYN.BTC-29NOV19,1571741943197,open,0.03,116.9,0.015,0.057,0.03414561,64.39,0.034,0.0,BTC-29NOV19-9500-C,8252.02,62.44,0.032,48.7,0.036,16.6,66.06,9.16012,-7.78667,2.21041,0.0002,0.29096
8263.05,SYN.BTC-1NOV19,1571741944380,open,0.07,3.8,0.0525,0.1,0.07575856,57.68,0.0715,0.0,BTC-1NOV19-7750-C,8252.02,54.14,0.074,6.0,0.0785,6.0,63.0,4.17493,-12.19138,1.54136,0.00039,0.76519
173.35,SYN.ETH-1NOV19,1571741945074,open,0.01,206.0,0.001,0.021,0.00726,76.49,0.012,0.0,ETH-1NOV19-150-P,173.2,72.33,0.006,200.0,0.008,21.0,78.8,0.05452,-0.21113,-0.00562,0.00877,-0.1126
173.35,SYN.ETH-1NOV19,1571741945074,open,0.02,61.0,0.003,0.036,0.01627,70.75,0.015,0.0,ETH-1NOV19-160-P,173.2,66.1,0.014,160.0,0.018,426.0,74.2,0.08607,-0.30832,-0.01144,0.01496,-0.22759
173.35,SYN.ETH-1NOV19,1571741945074,open,0.03,200.0,0.008,0.051,0.027787,66.36,0.029,0.0,ETH-1NOV19-180-C,173.2,61.91,0.025,359.0,0.03,160.0,69.87,0.10906,-0.36641,0.01679,0.02021,0.38579
173.35,SYN.ETH-1NOV19,1571741945074,open,0.01,54.0,0.001,0.018,0.00587,68.49,0.009,0.0,ETH-1NOV19-200-C,173.2,65.62,0.005,501.0,0.007,21.0,71.94,0.0545,-0.18898,0.005,0.00979,0.11254
173.35,SYN.ETH-1NOV19,1571741945074,open,0.0,203.0,0.001,0.012,0.002071,98.07,0.002,0.0,ETH-1NOV19-130-P,173.2,86.74,0.001,200.0,0.003,200.0,105.28,0.02,-0.0993,-0.00156,0.00251,-0.03112
173.35,SYN.ETH-1NOV19,1571741945074,open,0.27,0.0,0.233,0.312,0.27098,78.68,None,0.0,ETH-1NOV19-220-P,173.2,0.0,0.0,0.0,0.0,0.0,0.0,0.02347,-0.09349,-0.05784,0.00367,-0.96219
173.35,SYN.ETH-1NOV19,1571741945074,open,0.21,0.0,0.177,0.254,0.214412,72.51,None,0.0,ETH-1NOV19-210-P,173.2,0.0,0.0,0.0,0.0,0.0,0.0,0.0343,-0.12592,-0.05411,0.00582,-0.93924
173.35,SYN.ETH-1NOV19,1571741945074,open,0.14,0.0,0.112,0.17,0.141958,76.49,None,0.0,ETH-1NOV19-150-C,173.2,0.0,0.0,0.0,0.0,0.0,0.0,0.05452,-0.21113,0.03496,0.00877,0.8874
173.35,SYN.ETH-1NOV19,1571741945074,open,0.25,0.0,0.228,0.276,0.252143,98.07,None,0.0,ETH-1NOV19-130-C,173.2,0.0,0.0,0.0,0.0,0.0,0.0,0.02,-0.0993,0.03362,0.00251,0.96888
173.35,SYN.ETH-1NOV19,1571741945074,open,0.2,0.0,0.169,0.222,0.195741,84.5,None,0.0,ETH-1NOV19-140-C,173.2,0.0,0.0,0.0,0.0,0.0,0.0,0.03129,-0.13388,0.03519,0.00455,0.94594
173.35,SYN.ETH-1NOV19,1571741945074,open,0.0,51.0,0.001,0.013,0.003356,84.5,0.004,0.0,ETH-1NOV19-140-P,173.2,75.96,0.002,500.0,0.005,256.0,92.7,0.03129,-0.13388,-0.00269,0.00455,-0.05406
173.35,SYN.ETH-1NOV19,1571741945076,open,0.16,0.0,0.123,0.198,0.159606,68.49,None,0.0,ETH-1NOV19-200-P,173.2,0.0,0.0,0.0,0.0,0.0,0.0,0.0545,-0.18898,-0.04911,0.00979,-0.88746
173.35,SYN.ETH-1NOV19,1571741945076,open,0.0,101.0,0.001,0.012,0.002989,72.51,0.006,0.0,ETH-1NOV19-210-C,173.2,66.95,0.002,201.0,0.004,200.0,77.22,0.0343,-0.12592,0.00271,0.00582,0.06076
173.35,SYN.ETH-1NOV19,1571741945076,open,0.0,51.0,0.001,0.011,0.001871,78.68,0.003,0.0,ETH-1NOV19-220-C,173.2,71.0,0.001,202.0,0.003,200.0,85.89,0.02347,-0.09349,0.00169,0.00367,0.03781
175.6,ETH-27MAR20,1571741945392,open,0.17,1221.0,0.124,0.227,0.177305,88.87,0.186,0.0,ETH-27MAR20-160-P,173.2,87.05,0.173,32.0,0.182,553.0,90.86,0.41486,-0.11751,-0.37985,0.00352,-0.32599
174.2,ETH-27DEC19,1571741945392,open,0.05,2525.0,0.025,0.079,0.050637,82.56,0.05,0.0,ETH-27DEC19-140-P,173.2,80.41,0.048,488.0,0.053,412.0,84.47,0.21464,-0.13449,-0.08266,0.00475,-0.21228
173.24,SYN.ETH-25OCT19,1571741945394,open,0.0,1782.0,0.001,0.016,0.003304,79.5,0.004,0.0,ETH-25OCT19-190-C,173.2,70.26,0.002,500.0,0.005,201.0,89.29,0.02728,-0.37709,0.00134,0.01451,0.10149
173.24,SYN.ETH-25OCT19,1571741945394,open,0.05,2064.0,0.018,0.082,0.048933,68.4,0.045,0.0,ETH-25OCT19-180-P,173.2,61.73,0.047,40.0,0.054,40.0,84.88,0.05125,-0.60947,-0.01057,0.03169,-0.72568
174.2,ETH-27DEC19,1571741945401,open,3.12,0.0,3.013,3.264,3.133991,120.0,None,0.0,ETH-27DEC19-720-P,173.2,0.0,0.003,5.0,0.0,0.0,0.0,0.01207,-0.01099,-1.29792,0.00018,-0.99427
175.6,ETH-27MAR20,1571741945403,open,0.07,654.0,0.032,0.108,0.068823,93.1,0.071,0.0,ETH-27MAR20-320-C,173.2,91.25,0.065,32.0,0.073,553.0,95.09,0.36496,-0.1083,0.13589,0.00296,0.24888
173.77,SYN.ETH-29NOV19,1571741945403,open,0.05,532.0,0.021,0.072,0.045844,75.86,0.051,0.0,ETH-29NOV19-200-C,173.2,73.39,0.043,366.0,0.049,586.0,78.56,0.20154,-0.20182,0.05039,0.00848,0.32526
175.6,ETH-27MAR20,1571741945413,open,0.02,822.0,0.009,0.039,0.021891,97.39,0.021,0.0,ETH-27MAR20-80-P,173.2,94.94,0.02,40.0,0.024,320.0,100.02,0.13802,-0.04284,-0.06218,0.00107,-0.0605
173.77,SYN.ETH-29NOV19,1571741945419,open,0.01,1170.0,0.001,0.015,0.005107,103.63,0.006,0.0,ETH-29NOV19-100-P,173.2,98.79,0.004,800.0,0.006,160.0,107.13,0.04245,-0.05808,-0.00709,0.00131,-0.03421
173.24,SYN.ETH-25OCT19,1571741945419,open,0.0,2394.0,0.001,0.018,0.004209,78.38,0.003,0.0,ETH-25OCT19-160-P,173.2,71.08,0.003,201.0,0.005,302.0,82.7,0.03066,-0.41785,-0.00169,0.01654,-0.11944
175.6,ETH-27MAR20,1571741945424,open,0.68,155.0,0.608,0.764,0.686899,91.56,0.64,0.0,ETH-27MAR20-280-P,173.2,78.63,0.658,43.0,0.691,38.0,93.31,0.40986,-0.11961,-1.03417,0.00338,-0.68337
174.2,ETH-27DEC19,1571741945424,open,0.02,1158.0,0.004,0.034,0.016338,88.76,0.019,0.0,ETH-27DEC19-300-C,173.2,86.99,0.015,160.0,0.018,480.0,90.86,0.13466,-0.09072,0.02791,0.00277,0.1051
174.2,ETH-27DEC19,1571741945424,open,1.98,37.0,1.899,2.086,1.988504,114.22,0.707,0.0,ETH-27DEC19-520-P,173.2,0.0,0.002,25.0,0.0,0.0,0.0,0.03908,-0.03388,-0.93261,0.00062,-0.97784
173.24,SYN.ETH-25OCT19,1571741945424,open,0.01,1655.0,0.001,0.03,0.009933,68.4,0.013,0.0,ETH-25OCT19-180-C,173.2,61.72,0.008,399.0,0.012,399.0,75.26,0.05125,-0.60947,0.00361,0.03169,0.27432
173.77,SYN.ETH-29NOV19,1571741945426,open,0.06,90.0,0.031,0.091,0.060461,77.11,0.056,0.0,ETH-29NOV19-160-P,173.2,74.98,0.058,128.0,0.063,206.0,79.3,0.20121,-0.20482,-0.06932,0.00833,-0.32395
175.6,ETH-27MAR20,1571741945440,open,0.49,175.0,0.419,0.565,0.494201,90.04,0.459,0.0,ETH-27MAR20-240-P,173.2,86.8,0.486,300.0,0.504,24.0,93.87,0.44685,-0.12823,-0.82021,0.00374,-0.59257
174.2,ETH-27DEC19,1571741945442,open,2.43,0.0,2.345,2.556,2.446024,115.79,0.953,0.0,ETH-27DEC19-600-P,173.2,0.0,0.0,0.0,0.0,0.0,0.0,0.02254,-0.01981,-1.07976,0.00036,-0.98834
174.2,ETH-27DEC19,1571741945444,open,2.21,0.0,2.122,2.321,2.217043,114.72,0.845,0.0,ETH-27DEC19-560-P,173.2,0.0,0.0,0.0,0.0,0.0,0.0,0.02912,-0.02535,-1.0065,0.00046,-0.98432
174.2,ETH-27DEC19,1571741945449,open,0.41,2287.0,0.361,0.473,0.417363,82.32,0.354,0.0,ETH-27DEC19-240-P,173.2,0.0,0.375,20.0,0.447,20.0,103.51,0.22429,-0.14014,-0.37355,0.00497,-0.77077
174.2,ETH-27DEC19,1571741945449,open,0.03,3635.0,0.01,0.053,0.028984,84.6,0.03,0.0,ETH-27DEC19-260-C,173.2,82.77,0.027,128.0,0.031,448.0,86.42,0.19078,-0.12251,0.04591,0.00412,0.17502
174.2,ETH-27DEC19,1571741945454,open,2.66,0.0,2.568,2.792,2.675456,119.16,None,0.0,ETH-27DEC19-640-P,173.2,0.0,0.0,0.0,0.0,0.0,0.0,0.02014,-0.01821,-1.15234,0.00031,-0.98976
174.2,ETH-27DEC19,1571741945454,open,2.89,0.0,2.79,3.028,2.904699,120.0,None,0.0,ETH-27DEC19-680-P,173.2,0.0,0.002,10.0,0.0,0.0,0.0,0.01593,-0.01451,-1.22517,0.00024,-0.99217
175.6,ETH-27MAR20,1571741945466,open,2.64,0.0,2.544,2.791,2.661932,108.1,None,0.0,ETH-27MAR20-640-P,173.2,0.0,0.0,0.0,0.0,0.0,0.0,0.15576,-0.05367,-2.71038,0.00109,-0.9293
173.77,SYN.ETH-29NOV19,1571741945466,open,0.03,359.0,0.01,0.047,0.026613,80.97,0.026,0.0,ETH-29NOV19-140-P,173.2,78.96,0.025,128.0,0.029,408.0,83.87,0.141,-0.1507,-0.03523,0.00556,-0.16877
173.24,SYN.ETH-25OCT19,1571741945466,open,0.32,0.0,0.289,0.369,0.327758,120.0,None,0.0,ETH-25OCT19-230-P,173.2,0.0,0.307,13.0,0.35,13.0,299.7,0.00205,-0.04276,-0.01806,0.00072,-0.99544
173.24,SYN.ETH-25OCT19,1571741945466,open,0.1,285.0,0.066,0.136,0.100025,79.5,0.094,0.0,ETH-25OCT19-190-P,173.2,63.76,0.098,40.0,0.105,40.0,105.03,0.02728,-0.37709,-0.01363,0.01451,-0.89851
174.2,ETH-27DEC19,1571741945470,open,0.08,10634.0,0.046,0.116,0.082216,79.8,0.082,0.0,ETH-27DEC19-200-C,173.2,79.67,0.082,220.0,0.084,564.0,80.88,0.287,-0.17383,0.10179,0.00657,0.40598
173.24,SYN.ETH-25OCT19,1571741945482,open,0.27,483.0,0.233,0.311,0.270406,120.0,0.23,0.0,ETH-25OCT19-220-P,173.2,0.0,0.247,14.0,0.292,14.0,268.27,0.00558,-0.11637,-0.01715,0.00197,-0.98573
8433.59,BTC-27MAR20,1571741945681,open,2.57,0.0,2.4895,2.6525,2.5665335,96.08,None,0.0,BTC-27MAR20-30000-P,8252.02,0.0,0.0005,1.0,0.0,0.0,0.0,5.20359,-1.59354,-127.66031,2e-05,-0.9554
8433.59,BTC-27MAR20,1571741945686,open,2.1,0.0,2.0255,2.1735,2.09517974,91.93,None,0.0,BTC-27MAR20-26000-P,8252.02,0.0,0.015,1.0,0.0,0.0,0.0,6.46527,-1.89444,-110.0678,2e-05,-0.9414
8433.59,BTC-27MAR20,1571741945690,open,2.34,0.0,2.2575,2.4125,2.33058724,93.94,None,0.0,BTC-27MAR20-28000-P,8252.02,0.0,0.0005,1.0,0.0,0.0,0.0,5.74295,-1.71949,-118.89611,2e-05,-0.94955
8294.32,SYN.BTC-29NOV19,1571741945697,open,0.04,128.1,0.0205,0.0655,0.04170557,66.14,0.042,0.0,BTC-29NOV19-7500-P,8252.02,64.57,0.04,46.7,0.042,0.4,66.41,9.01423,-7.87096,-2.78005,0.00019,-0.2813
8433.59,BTC-27MAR20,1571741945699,open,1.63,6.0,1.563,1.6975,1.62636916,87.64,1.64,0.0,BTC-27MAR20-22000-P,8252.02,0.0,1.579,1.0,1.6685,1.0,117.16,8.49484,-2.37295,-92.16946,3e-05,-0.91643
8325.59,BTC-27DEC19,1571741945712,open,2.61,0.2,2.533,2.682,2.60456958,114.94,2.03,0.0,BTC-27DEC19-30000-P,8252.02,0.0,0.0,0.0,0.0,0.0,0.0,0.829,-0.72324,-54.03302,1e-05,-0.99137
8325.59,BTC-27DEC19,1571741945740,open,4.78,0.0,4.6525,4.883,4.76539757,113.84,None,0.0,BTC-27DEC19-48000-P,8252.02,0.0,0.001,0.1,0.0,0.0,0.0,0.04657,-0.04024,-86.62622,0.0,-0.99964
8325.59,BTC-27DEC19,1571741945763,open,0.02,809.0,0.008,0.045,0.0236234,74.94,0.0235,0.0,BTC-27DEC19-12000-C,8252.02,73.85,0.0225,23.3,0.025,34.0,76.25,8.65225,-4.92157,2.06908,9e-05,0.16132
8325.59,BTC-27DEC19,1571741945777,open,3.34,1.3,3.2395,3.414,3.3243951,114.86,2.2,0.0,BTC-27DEC19-36000-P,8252.02,0.0,0.0,0.0,0.0,0.0,0.0,0.31591,-0.27541,-64.93507,0.0,-0.99708
8325.59,BTC-27DEC19,1571741945809,open,0.0,640.6,0.0005,0.015,0.00506887,100.36,0.005,0.0,BTC-27DEC19-4000-P,8252.02,98.12,0.0045,144.0,0.005,19.9,100.1,2.18098,-1.66138,-0.47666,2e-05,-0.02665
8433.59,BTC-27MAR20,1571741945848,open,3.28,0.0,3.1865,3.3745,3.27559044,101.84,None,0.0,BTC-27MAR20-36000-P,8252.02,0.0,0.0005,1.0,0.0,0.0,0.0,4.05984,-1.31781,-153.78609,1e-05,-0.9671
8433.59,BTC-27MAR20,1571741945880,open,0.04,937.3,0.015,0.0715,0.0397718,81.11,0.039,0.0,BTC-27MAR20-16000-C,8252.08,79.74,0.0375,4.9,0.042,32.8,82.42,14.20136,-3.67124,4.86599,6e-05,0.17402
8325.59,BTC-27DEC19,1571741945880,open,0.26,495.6,0.2145,0.2985,0.25670355,71.55,0.295,0.0,BTC-27DEC19-10000-P,8252.08,60.99,0.241,18.0,0.266,18.0,77.55,12.74687,-6.92276,-13.98412,0.00014,-0.67395
8325.59,BTC-27DEC19,1571741945880,open,0.0,655.6,0.0005,0.0115,0.00199827,103.84,0.002,0.0,BTC-27DEC19-24000-C,8252.08,100.36,0.0015,25.0,0.0025,33.0,106.78,1.31305,-1.03493,0.19021,1e-05,0.01466
8325.59,BTC-27DEC19,1571741945880,open,0.17,249.1,0.137,0.204,0.17177096,72.04,0.1705,0.0,BTC-27DEC19-7500-C,8252.08,70.19,0.169,14.4,0.1735,14.0,73.19,12.48803,-6.82789,7.77854,0.00014,0.68944
8325.59,BTC-27DEC19,1571741945880,open,0.02,405.4,0.0055,0.032,0.01633844,82.44,0.0175,0.0,BTC-27DEC19-5500-P,8252.08,81.18,0.0155,24.0,0.0175,48.0,84.14,5.60465,-3.50681,-1.55409,5e-05,-0.08709
8325.59,BTC-27DEC19,1571741945880,open,1.89,0.0,1.8265,1.9485,1.8846734,103.82,None,0.0,BTC-27DEC19-24000-P,8252.08,0.0,0.0,0.0,0.0,0.0,0.0,1.31146,-1.03346,-43.12558,1e-05,-0.98536
8433.59,BTC-27MAR20,1571741945880,open,0.06,313.0,0.034,0.093,0.06232618,76.96,0.065,0.0,BTC-27MAR20-6000-P,8252.08,75.59,0.06,19.9,0.065,27.5,78.53,14.35243,-3.5205,-8.67294,6e-05,-0.17695
8433.59,BTC-27MAR20,1571741945880,open,0.22,121.5,0.1705,0.2585,0.21650717,75.21,0.22,0.0,BTC-27MAR20-8000-C,8252.08,73.99,0.2135,11.0,0.2185,4.8,76.03,20.72073,-4.96733,15.28436,9e-05,0.63818
8325.59,BTC-27DEC19,1571741945880,open,0.25,56.0,0.225,0.283,0.25488644,75.57,0.2755,0.0,BTC-27DEC19-6500-C,8252.08,49.29,0.23,13.0,0.2805,13.0,97.47,9.14367,-5.24491,8.55466,0.0001,0.8242
8325.59,BTC-27DEC19,1571741945880,open,0.58,4.0,0.572,0.5965,0.58334642,110.25,0.666,0.0,BTC-27DEC19-3500-C,8252.08,0.0,0.5735,17.0,0.591,17.0,138.11,1.60735,-1.345,5.98177,1e-05,0.98144
8325.59,BTC-27DEC19,1571741945880,open,0.93,22.0,0.886,0.977,0.92897422,85.64,1.0275,0.0,BTC-27DEC19-16000-P,8252.08,0.0,0.8435,1.1,0.0,0.0,0.0,3.8378,-2.4945,-28.1842,4e-05,-0.9467
8325.59,BTC-27DEC19,1571741945880,open,0.0,442.0,0.0005,0.0105,9.199e-05,115.0,0.001,0.0,BTC-27DEC19-44000-C,8252.08,0.0,0.0,0.0,0.001,20.0,139.93,0.09473,-0.08269,0.01033,0.0,0.00078
8325.59,BTC-27DEC19,1571741945880,open,0.17,749.5,0.129,0.209,0.16958348,71.15,0.17,0.0,BTC-27DEC19-9000-P,8252.08,69.31,0.1665,14.4,0.1725,34.4,72.88,14.03055,-7.57649,-10.69894,0.00016,-0.54244
8433.59,BTC-27MAR20,1571741945880,open,1.87,0.0,1.794,1.9345,1.86006201,89.51,None,0.0,BTC-27MAR20-24000-P,8252.08,0.0,0.01,1.0,0.0,0.0,0.0,7.2812,-2.07719,-101.19512,3e-05,-0.93174
8325.59,BTC-27DEC19,1571741945880,open,0.0,531.2,0.0005,0.011,0.00149387,106.54,0.0015,0.0,BTC-27DEC19-26000-C,8252.08,101.94,0.001,24.1,0.002,33.0,110.23,1.02627,-0.82993,0.1432,1e-05,0.01102
8433.59,BTC-27MAR20,1571741945881,open,1.17,0.0,1.1045,1.2295,1.16392884,83.56,1.23,0.0,BTC-27MAR20-18000-P,8252.08,0.0,1.1155,2.0,1.2045,2.0,107.0,11.91207,-3.17252,-73.59783,5e-05,-0.86651
8325.65,BTC-27DEC19,1571741945880,open,2.85,0.3,2.7685,2.9255,2.8443902,115.31,1.875,0.0,BTC-27DEC19-32000-P,8252.08,0.0,0.0,0.0,0.0,0.0,0.0,0.61469,-0.538,-57.67434,0.0,-0.99385
8325.65,BTC-27DEC19,1571741945881,open,0.1,689.5,0.0645,0.1335,0.09923668,71.15,0.1045,0.0,BTC-27DEC19-8000-P,8252.08,69.77,0.097,19.3,0.102,30.2,72.85,13.55616,-7.32056,-7.32941,0.00015,-0.38854
8433.59,BTC-27MAR20,1571741945880,open,3.05,0.0,2.954,3.1335,3.03895385,99.76,None,0.0,BTC-27MAR20-34000-P,8252.08,0.0,0.0005,1.0,0.0,0.0,0.0,4.32935,-1.3766,-145.11168,1e-05,-0.96443
8433.59,BTC-27MAR20,1571741945881,open,0.08,575.4,0.0465,0.1255,0.0851306,77.18,0.0845,0.0,BTC-27MAR20-12000-C,8252.08,75.86,0.082,28.3,0.088,13.4,78.39,19.987,-4.91683,8.82232,8e-05,0.32852
8433.59,BTC-27MAR20,1571741945881,open,2.81,0.0,2.722,2.893,2.80268318,98.04,None,0.0,BTC-27MAR20-32000-P,8252.08,0.0,0.001,1.0,0.0,0.0,0.0,4.74202,-1.48176,-136.39541,2e-05,-0.96023
8325.65,BTC-27DEC19,1571741945881,open,0.0,819.0,0.0005,0.0115,0.00188397,114.78,0.0015,0.0,BTC-27DEC19-3000-P,8252.08,111.05,0.0015,30.0,0.003,77.0,123.44,0.91945,-0.80103,-0.17434,1e-05,-0.00972
8433.59,BTC-27MAR20,1571741945881,open,3.76,1.0,3.651,3.8565,3.74873423,104.86,2.7125,0.0,BTC-27MAR20-40000-P,8252.08,0.0,0.0005,3.0,0.0,0.0,0.0,3.48704,-1.16539,-171.13608,1e-05,-0.97262
8433.59,BTC-27MAR20,1571741945881,open,0.94,1.1,0.8785,1.0,0.93694501,81.11,1.08,0.0,BTC-27MAR20-16000-P,8252.08,0.0,0.8895,3.0,0.978,3.0,102.25,14.20104,-3.6711,-63.90158,6e-05,-0.82599
8255.23,SYN.BTC-25OCT19,1571741945881,open,0.0,1903.7,0.0005,0.012,0.00223317,68.57,0.0025,0.0,BTC-25OCT19-9000-C,8252.08,66.8,0.002,5.0,0.0025,30.0,70.5,1.11455,-13.28864,0.05218,0.0003,0.08246
8325.65,BTC-27DEC19,1571741945882,open,0.36,260.6,0.315,0.3995,0.35665397,72.83,0.3825,0.0,BTC-27DEC19-11000-P,8252.08,0.0,0.3195,7.0,0.3905,7.0,96.76,10.68624,-5.90706,-16.96016,0.00012,-0.77205
8433.65,BTC-27MAR20,1571741945882,open,0.01,85.1,0.0005,0.022,0.00746077,99.77,0.0065,0.0,BTC-27MAR20-34000-C,8252.08,96.72,0.006,42.0,0.009,33.0,102.59,4.33119,-1.37731,1.01959,1e-05,0.03559
8433.65,BTC-27MAR20,1571741945882,open,0.32,169.7,0.2635,0.3735,0.31953068,75.81,0.3185,0.0,BTC-27MAR20-10000-P,8252.08,74.45,0.316,3.6,0.3255,15.0,78.1,21.95978,-5.30612,-31.06692,9e-05,-0.53755
8325.65,BTC-27DEC19,1571741945882,open,0.0,1544.5,0.0005,0.0105,2.503e-05,115.0,0.001,0.0,BTC-27DEC19-52000-C,8252.08,0.0,0.0,0.0,0.001,53.0,151.47,0.03029,-0.02644,0.00305,0.0,0.00023
8325.65,BTC-27DEC19,1571741945881,open,0.7,0.0,0.6905,0.71,0.70030901,114.96,None,0.0,BTC-27DEC19-2500-C,8252.08,0.0,0.6925,1.0,0.709,1.0,177.76,0.36116,-0.31513,4.4523,0.0,0.99661
8325.65,BTC-27DEC19,1571741945882,open,0.76,0.0,0.75,0.7695,0.75989538,114.87,None,0.0,BTC-27DEC19-2000-C,8252.08,0.0,0.752,1.0,0.7685,22.0,206.32,0.09383,-0.08181,3.59628,0.0,0.99923
8325.65,BTC-27DEC19,1571741945883,open,0.05,292.0,0.0265,0.0785,0.05116163,73.2,0.053,0.0,BTC-27DEC19-7000-P,8252.08,72.31,0.05,19.4,0.052,1.0,73.84,10.94191,-6.07911,-4.34295,0.00012,-0.23786
8325.65,BTC-27DEC19,1571741945883,open,0.06,572.6,0.028,0.085,0.05558892,71.55,0.054,0.0,BTC-27DEC19-10000-C,8252.08,70.18,0.0535,37.5,0.0575,30.0,72.8,12.74707,-6.92284,4.06413,0.00014,0.32606
8325.65,BTC-27DEC19,1571741945883,open,4.3,0.0,4.1815,4.393,4.28499638,117.46,3.46,0.0,BTC-27DEC19-44000-P,8252.08,0.0,0.0015,0.1,0.0,0.0,0.0,0.12041,-0.10735,-79.39845,0.0,-0.99899
8433.65,BTC-27MAR20,1571741945883,open,0.02,154.4,0.0045,0.04,0.017756,87.65,0.018,0.0,BTC-27MAR20-22000-C,8252.08,85.85,0.016,35.0,0.0195,15.0,89.33,8.49573,-2.37327,2.38605,3e-05,0.08358
8255.23,SYN.BTC-25OCT19,1571741945880,open,0.0,60.9,0.0005,0.0105,1.867e-05,115.0,0.0005,0.0,BTC-25OCT19-11500-C,8252.08,0.0,0.0,0.0,0.0005,6.0,157.96,0.01766,-0.1541,0.00044,0.0,0.0007
8325.65,BTC-27DEC19,1571741945883,open,2.37,0.1,2.2975,2.4375,2.36458999,112.2,1.49,0.0,BTC-27DEC19-28000-P,8252.08,0.0,0.0,0.0,0.0,0.0,0.0,0.98779,-0.84121,-50.39862,1e-05,-0.98945
8433.65,BTC-27MAR20,1571741945883,open,0.13,295.7,0.0885,0.177,0.13379742,75.81,0.135,0.0,BTC-27MAR20-10000-C,8252.08,74.54,0.1305,3.6,0.137,17.2,77.04,21.95974,-5.30593,11.91268,9e-05,0.46245
8294.32,SYN.BTC-29NOV19,1571741945880,open,0.02,112.3,0.005,0.032,0.01630229,73.31,0.0185,0.0,BTC-29NOV19-6500-P,8252.08,71.32,0.015,43.1,0.017,0.6,74.36,5.50045,-5.32329,-1.21627,0.00011,-0.12501
8433.65,BTC-27MAR20,1571741945883,open,0.01,1179.5,0.004,0.0275,0.01388377,82.42,0.014,0.0,BTC-27MAR20-4000-P,8252.08,81.09,0.013,36.0,0.0145,6.0,83.34,5.6486,-1.48393,-2.29423,2e-05,-0.04941
8433.65,BTC-27MAR20,1571741945884,open,0.17,337.1,0.1185,0.2105,0.16509377,75.22,0.175,0.0,BTC-27MAR20-8000-P,8252.08,74.36,0.163,4.9,0.1685,9.7,76.6,20.72076,-4.9674,-19.09922,9e-05,-0.36182
8255.23,SYN.BTC-25OCT19,1571741945880,open,0.0,923.9,0.0005,0.0105,0.0,115.0,0.001,0.0,BTC-25OCT19-17000-C,8252.08,0.0,0.0,0.0,0.0005,0.1,308.15,0.0,0.0,0.0,0.0,0.0
8294.32,SYN.BTC-29NOV19,1571741945880,open,0.01,247.2,0.0015,0.024,0.01105313,80.36,0.011,0.0,BTC-29NOV19-6000-P,8252.08,79.23,0.0105,15.0,0.0115,29.1,81.25,4.11138,-4.36145,-0.81589,7e-05,-0.08374
8294.32,SYN.BTC-29NOV19,1571741945880,open,0.1,103.2,0.066,0.1285,0.09613868,64.03,0.097,0.0,BTC-29NOV19-8500-P,8252.08,61.58,0.093,32.8,0.0995,18.0,66.64,10.6579,-9.00843,-5.18461,0.00023,-0.50624
8255.23,SYN.BTC-25OCT19,1571741945880,open,0.0,519.4,0.0005,0.0105,1.1e-07,115.0,0.0005,0.0,BTC-25OCT19-13000-C,8252.08,0.0,0.0,0.0,0.0005,8.0,206.86,0.00018,-0.00094,0.0,0.0,1e-05
8255.23,SYN.BTC-25OCT19,1571741945882,open,0.0,499.5,0.0005,0.0105,0.0,115.0,0.0005,0.0,BTC-25OCT19-15000-C,8252.08,0.0,0.0,0.0,0.0005,1.0,261.71,0.0,0.0,0.0,0.0,0.0
8294.32,SYN.BTC-29NOV19,1571741945880,open,0.01,110.6,0.0005,0.022,0.00907294,70.72,0.01,0.0,BTC-29NOV19-11500-C,8252.08,69.64,0.0085,36.0,0.0095,0.1,71.51,4.45758,-4.16161,0.72528,9e-05,0.09334
8294.32,SYN.BTC-29NOV19,1571741945881,open,0.18,2.2,0.155,0.208,0.18222006,69.1,0.161,0.0,BTC-29NOV19-7000-C,8252.08,38.45,0.1605,9.0,0.2085,9.0,96.72,7.27877,-6.6401,5.39287,0.00015,0.80879
8255.23,SYN.BTC-25OCT19,1571741945880,open,0.46,37.4,0.4255,0.4835,0.45362729,114.84,0.455,0.0,BTC-25OCT19-12000-P,8252.08,0.0,0.432,4.0,0.4725,4.0,341.05,0.00419,-0.08367,-0.94534,0.0,-0.99985
8255.23,SYN.BTC-25OCT19,1571741945880,open,0.0,64.1,0.0005,0.0105,0.00073152,112.44,0.0015,0.0,BTC-25OCT19-6750-P,8252.08,106.23,0.0005,2.0,0.001,35.0,118.24,0.34535,-6.03889,-0.01308,6e-05,-0.01938
8255.23,SYN.BTC-25OCT19,1571741945880,open,0.18,0.0,0.166,0.202,0.18306825,112.45,0.1615,0.0,BTC-25OCT19-6750-C,8252.08,0.0,0.173,9.0,0.196,9.0,219.14,0.34537,-6.75229,0.51873,6e-05,0.98062
8255.23,SYN.BTC-25OCT19,1571741945881,open,0.0,663.3,0.0005,0.0105,8.601e-05,115.0,0.0005,0.0,BTC-25OCT19-11000-C,8252.08,0.0,0.0,0.0,0.0005,5.0,139.67,0.06463,-0.70999,0.00182,1e-05,0.00288
