underlying_price,underlying_index,timestamp,state,settlement_price,open_interest,min_price,max_price,mark_price,mark_iv,last_price,interest_rate,instrument_name,index_price,bid_iv,best_bid_price,best_bid_amount,best_ask_price,best_ask_amount,ask_iv,vega,theta,rho,gamma,delta
7176.43,BTC-27DEC19,1576148340899,open,0.01,952.0,0.004,0.0335,0.01472741,62.35,0.013,0.0,BTC-27DEC19-6500-P,7150.76,60.14,0.0135,0.4,0.015,22.4,62.83,4.0292,-8.44377,-0.62163,0.00031,-0.19781
143.81,ETH-27DEC19,1576148340905,open,0.05,4530.0,0.017,0.074,0.04264,69.11,0.039,0.0,ETH-27DEC19-140-P,143.65,65.71,0.04,200.0,0.045,293.0,72.14,0.11191,-0.25994,-0.02574,0.01921,-0.39658
146.0,ETH-27MAR20,1576148340905,open,0.04,6394.0,0.017,0.077,0.042372,86.1,0.045,0.0,ETH-27MAR20-240-C,143.65,83.83,0.039,595.0,0.046,250.0,88.47,0.22044,-0.08963,0.06695,0.00414,0.20045
143.81,ETH-27DEC19,1576148340905,open,0.0,16677.0,0.001,0.011,0.0,119.99,0.001,0.0,ETH-27DEC19-640-C,143.65,0.0,0.0,0.0,0.001,250.0,268.97,0.0,0.0,0.0,0.0,0.0
147.27,SYN.ETH-26JUN20,1576148340905,open,0.03,667.0,0.011,0.07,0.03323,98.03,0.038,0.0,ETH-26JUN20-440-C,143.65,95.82,0.03,440.0,0.037,250.0,100.49,0.22015,-0.05481,0.0713,0.00192,0.12299
143.66,SYN.ETH-13DEC19,1576148340905,open,0.0,1251.0,0.001,0.011,3.9e-05,120.0,0.001,0.0,ETH-13DEC19-170-C,143.65,0.0,0.0,0.0,0.001,225.0,179.01,0.0005,-0.00562,1e-05,0.00085,0.00229
144.65,SYN.ETH-31JAN20,1576148340905,open,0.03,232.0,0.015,0.066,0.037388,74.72,0.032,0.0,ETH-31JAN20-180-C,143.65,72.7,0.035,467.0,0.04,178.0,76.9,0.17232,-0.12908,0.04336,0.00807,0.25676
143.81,ETH-27DEC19,1576148340907,open,4.07,0.0,3.861,4.161,4.006954,260.46,None,0.0,ETH-27DEC19-720-P,143.65,0.0,0.004,50.0,0.0,0.0,0.0,0.00229,-0.02009,-0.29331,0.0001,-0.99745
143.81,ETH-27DEC19,1576148340907,open,0.2,0.0,0.153,0.234,0.192285,72.87,None,0.0,ETH-27DEC19-170-P,143.65,0.0,0.182,1.0,1.208,5.0,500.0,0.06577,-0.16109,-0.06146,0.01071,-0.85629
143.81,ETH-27DEC19,1576148340907,open,0.0,7171.0,0.001,0.011,0.001524,115.98,0.001,0.0,ETH-27DEC19-240-C,143.65,109.64,0.001,250.0,0.002,611.0,120.58,0.01359,-0.05297,0.00104,0.00139,0.01922
143.66,SYN.ETH-13DEC19,1576148340907,open,0.0,56.0,0.001,0.011,0.0,120.0,0.002,0.0,ETH-13DEC19-190-C,143.65,0.0,0.0,0.0,0.001,3.0,272.26,0.0,0.0,0.0,0.0,0.0
7152.27,SYN.BTC-13DEC19,1576148340914,open,0.02,106.5,0.005,0.0465,0.02489948,57.8,0.023,0.0,BTC-13DEC19-7000-C,7150.76,51.36,0.024,1.2,0.026,9.3,65.16,1.03564,-29.93044,0.12968,0.00146,0.78061
146.0,ETH-27MAR20,1576148340958,open,0.0,5196.0,0.001,0.017,0.004518,114.53,0.008,0.0,ETH-27MAR20-600-C,143.65,108.76,0.003,470.0,0.006,550.0,118.99,0.04393,-0.02376,0.00812,0.00062,0.02369
144.65,SYN.ETH-31JAN20,1576148340958,open,0.18,1.0,0.128,0.22,0.173021,72.44,0.148,0.0,ETH-31JAN20-160-P,143.65,70.33,0.17,253.0,0.179,121.0,76.61,0.20713,-0.15043,-0.15198,0.01,-0.59587
143.81,ETH-27DEC19,1576148340961,open,0.0,202.0,0.001,0.014,0.00363,82.04,0.01,0.0,ETH-27DEC19-190-C,143.65,79.08,0.003,300.0,0.004,200.0,83.64,0.03226,-0.08895,0.00301,0.00466,0.05492
146.0,ETH-27MAR20,1576148340961,open,2.33,0.0,2.194,2.409,2.295259,107.87,None,0.0,ETH-27MAR20-480-P,143.65,0.0,0.004,50.0,0.0,0.0,0.0,0.06689,-0.03408,-1.37888,0.001,-0.96063
146.0,ETH-27MAR20,1576148340961,open,0.02,1261.0,0.005,0.045,0.019596,94.5,0.017,0.0,ETH-27MAR20-320-C,143.65,91.63,0.017,260.0,0.022,550.0,96.99,0.13699,-0.06114,0.03363,0.00234,0.099
147.27,SYN.ETH-26JUN20,1576148340961,open,0.2,136.0,0.151,0.26,0.20624,82.1,0.206,0.0,ETH-26JUN20-160-C,143.65,79.94,0.2,267.0,0.216,267.0,85.48,0.42574,-0.08877,0.2851,0.00443,0.56514
143.81,ETH-27DEC19,1576148340963,open,0.0,4535.0,0.001,0.011,0.0,120.0,0.002,0.0,ETH-27DEC19-760-C,143.65,0.0,0.0,0.0,0.001,250.0,294.47,0.0,0.0,0.0,0.0,0.0
143.81,ETH-27DEC19,1576148340963,open,0.0,3909.0,0.001,0.012,0.002867,103.38,0.003,0.0,ETH-27DEC19-100-P,143.65,96.85,0.002,450.0,0.004,801.0,110.38,0.02111,-0.07334,-0.00207,0.00242,-0.0325
147.27,SYN.ETH-26JUN20,1576148340963,open,2.87,0.0,2.699,2.967,2.824776,103.53,None,0.0,ETH-26JUN20-560-P,143.65,0.0,0.01,50.0,0.0,0.0,0.0,0.16735,-0.044,-2.97129,0.00138,-0.91564
143.66,SYN.ETH-13DEC19,1576148340963,open,0.01,827.0,0.001,0.023,0.003574,64.03,0.006,0.0,ETH-13DEC19-140-P,143.65,59.75,0.003,184.0,0.005,1.0,73.93,0.01975,-0.51346,-0.0007,0.06231,-0.20089
147.27,SYN.ETH-26JUN20,1576148340963,open,3.41,0.0,3.224,3.517,3.361696,104.46,None,0.0,ETH-26JUN20-640-P,143.65,0.0,0.01,50.0,0.0,0.0,0.0,0.13356,-0.03543,-3.41492,0.00109,-0.93718
147.27,SYN.ETH-26JUN20,1576148340963,open,0.17,1899.0,0.117,0.228,0.172603,84.31,0.167,0.0,ETH-26JUN20-180-C,143.65,81.37,0.164,507.0,0.178,523.0,86.15,0.43146,-0.09238,0.25549,0.00437,0.49423
147.27,SYN.ETH-26JUN20,1576148340963,open,0.02,113.0,0.006,0.053,0.022339,103.53,0.019,0.0,ETH-26JUN20-560-C,143.65,100.46,0.019,138.0,0.026,550.0,106.62,0.16735,-0.044,0.04926,0.00138,0.08436
143.66,SYN.ETH-13DEC19,1576148340963,open,0.2,17.0,0.149,0.221,0.183398,121.32,0.224,0.0,ETH-13DEC19-170-P,143.65,0.0,0.17,25.0,0.202,26.0,369.43,0.00055,-0.03346,-0.00407,0.00092,-0.99747
143.81,ETH-27DEC19,1576148340965,open,0.55,2830.0,0.486,0.582,0.53145,100.65,0.65,0.0,ETH-27DEC19-220-P,143.65,0.0,0.001,14.0,1.56,5.0,500.0,0.01597,-0.05401,-0.0884,0.00188,-0.97675
146.0,ETH-27MAR20,1576148340965,open,0.46,20.0,0.442,0.492,0.466888,85.2,0.613,0.0,ETH-27MAR20-80-C,143.65,50.51,0.453,46.0,0.482,46.0,104.87,0.09577,-0.03853,0.19963,0.00182,0.93827
143.81,ETH-27DEC19,1576148340965,open,0.0,7797.0,0.001,0.011,0.001547,99.67,0.001,0.0,ETH-27DEC19-220-C,143.65,93.77,0.001,851.0,0.002,290.0,103.58,0.01529,-0.05123,0.0012,0.00182,0.02209
147.27,SYN.ETH-26JUN20,1576148340965,open,0.25,90.0,0.202,0.309,0.256582,82.1,0.265,0.0,ETH-26JUN20-140-C,143.65,79.68,0.25,210.0,0.277,51.0,89.63,0.40061,-0.08353,0.31257,0.00417,0.65006
144.65,SYN.ETH-31JAN20,1576148340965,open,0.69,0.0,0.614,0.729,0.668813,86.13,None,0.0,ETH-31JAN20-240-P,143.65,0.0,0.01,55.0,1.7,5.0,500.0,0.07662,-0.06615,-0.3148,0.00311,-0.9238
147.27,SYN.ETH-26JUN20,1576148340965,open,0.14,1080.0,0.088,0.195,0.14056,84.31,0.147,0.0,ETH-26JUN20-200-C,143.65,82.03,0.134,278.0,0.148,250.0,86.89,0.42421,-0.09083,0.22735,0.0043,0.42676
146.0,ETH-27MAR20,1576148340967,open,0.35,1.0,0.318,0.386,0.351825,80.02,0.337,0.0,ETH-27MAR20-100-C,143.65,56.65,0.328,43.0,0.372,43.0,96.1,0.17251,-0.06519,0.21646,0.00349,0.86294
146.0,ETH-27MAR20,1576148340967,open,1.51,6.0,1.398,1.57,1.478912,96.3,1.188,0.0,ETH-27MAR20-360-P,143.65,0.0,0.01,30.0,0.0,0.0,0.0,0.1048,-0.04766,-1.02047,0.00176,-0.93067
143.81,ETH-27DEC19,1576148340967,open,0.0,2179.0,0.001,0.011,0.000117,119.99,0.001,0.0,ETH-27DEC19-300-C,143.65,0.0,0.0,0.0,0.001,2.0,148.6,0.00166,-0.00669,0.0001,0.00016,0.00178
146.0,ETH-27MAR20,1576148340967,open,2.06,0.0,1.928,2.126,2.021292,101.79,None,0.0,ETH-27MAR20-440-P,143.65,0.0,0.003,50.0,0.0,0.0,0.0,0.06927,-0.0333,-1.26212,0.0011,-0.9589
143.66,SYN.ETH-13DEC19,1576148340967,open,0.22,0.0,0.211,0.257,0.234297,0.0,None,0.0,ETH-13DEC19-110-C,143.65,0.0,0.223,57.0,0.243,56.0,426.65,0.0,0.0,0.00264,0.0,1.0
144.65,SYN.ETH-31JAN20,1576148340967,open,0.42,0.0,0.354,0.459,0.404618,77.94,None,0.0,ETH-31JAN20-200-P,143.65,0.0,0.382,1.0,0.957,1.0,490.29,0.13192,-0.10307,-0.24533,0.00592,-0.83656
144.65,SYN.ETH-31JAN20,1576148340967,open,0.02,135.0,0.007,0.045,0.021934,77.88,0.018,0.0,ETH-31JAN20-200-C,143.65,75.72,0.02,1047.0,0.024,178.0,80.11,0.13178,-0.10288,0.02792,0.00592,0.16318
147.27,SYN.ETH-26JUN20,1576148340967,open,0.04,864.0,0.014,0.078,0.03919,95.96,0.042,0.0,ETH-26JUN20-400-C,143.65,94.0,0.036,440.0,0.043,250.0,98.21,0.24465,-0.05962,0.08275,0.00218,0.14336
147.27,SYN.ETH-26JUN20,1576148340967,open,0.02,601.0,0.004,0.042,0.016055,104.46,0.014,0.0,ETH-26JUN20-640-C,143.65,102.1,0.014,399.0,0.017,1.0,105.48,0.13356,-0.03543,0.03715,0.00109,0.06282
147.27,SYN.ETH-26JUN20,1576148340969,open,0.12,718.0,0.07,0.173,0.119288,85.9,0.12,0.0,ETH-26JUN20-220-C,143.65,83.63,0.113,462.0,0.125,250.0,87.94,0.40987,-0.08942,0.2025,0.00408,0.37421
143.66,SYN.ETH-13DEC19,1576148340969,open,0.0,114.0,0.001,0.011,1.6e-05,120.0,0.001,0.0,ETH-13DEC19-120-P,143.65,0.0,0.0,0.0,0.001,158.0,194.84,0.00024,-0.00237,0.0,0.0004,-0.001
147.27,SYN.ETH-26JUN20,1576148340969,open,2.32,0.0,2.175,2.415,2.287509,99.67,None,0.0,ETH-26JUN20-480-P,143.65,0.0,0.01,50.0,0.0,0.0,0.0,0.19804,-0.05013,-2.5273,0.0017,-0.89399
147.27,SYN.ETH-26JUN20,1576148340969,open,0.1,485.0,0.056,0.155,0.102419,87.41,0.106,0.0,ETH-26JUN20-240-C,143.65,85.36,0.097,286.0,0.108,250.0,89.5,0.39174,-0.08696,0.18084,0.00383,0.33007
147.27,SYN.ETH-26JUN20,1576148340969,open,2.6,0.0,2.437,2.69,2.555709,101.58,None,0.0,ETH-26JUN20-520-P,143.65,0.0,0.01,50.0,0.0,0.0,0.0,0.18105,-0.04671,-2.75009,0.00152,-0.90624
143.81,ETH-27DEC19,1576148340971,open,2.38,21.0,2.241,2.44,2.337969,196.11,0.629,0.0,ETH-27DEC19-480-P,143.65,0.0,0.002,50.0,0.0,0.0,0.0,0.00202,-0.01329,-0.19551,0.00012,-0.99779
143.81,ETH-27DEC19,1576148340971,open,0.0,6667.0,0.001,0.011,0.0,119.99,0.001,0.0,ETH-27DEC19-480-C,143.65,0.0,0.0,0.0,0.001,264.0,224.97,0.0,0.0,0.0,0.0,0.0
146.0,ETH-27MAR20,1576148340976,open,0.01,2330.0,0.001,0.021,0.006491,110.79,0.01,0.0,ETH-27MAR20-520-C,143.65,106.77,0.005,350.0,0.008,550.0,114.29,0.05875,-0.03074,0.01148,0.00086,0.0336
146.0,ETH-27MAR20,1576148340976,open,0.58,30.0,0.496,0.632,0.561461,84.2,0.306,0.0,ETH-27MAR20-220-P,143.65,74.69,0.546,300.0,0.587,36.0,98.35,0.24938,-0.09916,-0.5558,0.00479,-0.75093
143.81,ETH-27DEC19,1576148340978,open,0.0,1347.0,0.001,0.011,3e-06,119.99,0.002,0.0,ETH-27DEC19-380-C,143.65,0.0,0.0,0.0,0.001,252.0,187.81,6e-05,-0.00024,0.0,1e-05,5e-05
143.81,ETH-27DEC19,1576148340978,open,0.11,3.0,0.083,0.147,0.115889,71.94,0.14,0.0,ETH-27DEC19-130-C,143.65,67.03,0.113,65.0,0.119,40.0,77.04,0.08625,-0.20855,0.03885,0.01423,0.7787
143.81,ETH-27DEC19,1576148340978,open,2.1,0.0,1.971,2.154,2.059805,182.41,None,0.0,ETH-27DEC19-440-P,143.65,0.0,0.002,50.0,0.0,0.0,0.0,0.00198,-0.01214,-0.17921,0.00013,-0.99783
146.0,ETH-27MAR20,1576148340978,open,0.0,387.0,0.001,0.015,0.004055,116.99,0.003,0.0,ETH-27MAR20-640-C,143.65,112.72,0.003,470.0,0.005,550.0,120.2,0.03992,-0.02206,0.00724,0.00055,0.02115
147.27,SYN.ETH-26JUN20,1576148340978,open,0.75,0.0,0.65,0.82,0.732034,87.41,None,0.0,ETH-26JUN20-240-P,143.65,0.0,0.629,1.0,1.546,1.0,500.0,0.39174,-0.08696,-1.11368,0.00383,-0.66993
146.0,ETH-27MAR20,1576148340980,open,0.01,1400.0,0.002,0.031,0.011146,101.36,0.014,0.0,ETH-27MAR20-400-C,143.65,97.69,0.009,520.0,0.013,250.0,104.2,0.09099,-0.04355,0.01977,0.00145,0.05782
143.66,SYN.ETH-13DEC19,1576148340980,open,0.13,49.0,0.082,0.151,0.114278,111.73,0.1,0.0,ETH-13DEC19-160-P,143.65,0.0,0.113,40.0,0.12,45.0,192.37,0.00427,-0.23832,-0.00375,0.00771,-0.97388
147.27,SYN.ETH-26JUN20,1576148340980,open,0.03,330.0,0.009,0.062,0.028278,99.67,0.04,0.0,ETH-26JUN20-480-C,143.65,97.15,0.025,440.0,0.032,250.0,102.35,0.19804,-0.05013,0.06175,0.0017,0.10601
143.66,SYN.ETH-13DEC19,1576148340980,open,0.0,1462.0,0.001,0.019,0.002596,78.71,0.002,0.0,ETH-13DEC19-150-C,143.65,60.83,0.001,783.0,0.003,200.0,82.39,0.01531,-0.37292,0.00046,0.03929,0.13544
144.65,SYN.ETH-31JAN20,1576148340980,open,0.29,0.0,0.233,0.333,0.281805,74.77,None,0.0,ETH-31JAN20-180-P,143.65,64.37,0.27,345.0,0.388,43.0,151.7,0.17238,-0.12921,-0.20258,0.00806,-0.74306
147.27,SYN.ETH-26JUN20,1576148340980,open,0.02,196.0,0.006,0.031,0.015471,88.8,0.011,0.0,ETH-26JUN20-60-P,143.65,85.06,0.013,250.0,0.018,302.0,92.36,0.10122,-0.02283,-0.04747,0.00097,-0.04429
143.66,SYN.ETH-13DEC19,1576148340980,open,0.27,1.0,0.217,0.292,0.25297,134.89,0.232,0.0,ETH-13DEC19-180-P,143.65,0.0,0.01,55.0,0.279,1.0,497.61,9e-05,-0.00626,-0.00432,0.00014,-0.99964
146.0,ETH-27MAR20,1576148340982,open,0.25,40.0,0.213,0.296,0.255524,77.42,0.459,0.0,ETH-27MAR20-120-C,143.65,58.99,0.225,44.0,0.263,37.0,81.78,0.24915,-0.09109,0.20999,0.0052,0.75138
146.0,ETH-27MAR20,1576148340982,open,0.45,747.0,0.377,0.507,0.440039,81.41,0.57,0.0,ETH-27MAR20-200-P,143.65,73.83,0.426,300.0,0.482,33.0,102.52,0.27704,-0.10651,-0.47898,0.0055,-0.69095
143.81,ETH-27DEC19,1576148340982,open,0.01,523.0,0.001,0.027,0.010088,72.69,0.008,0.0,ETH-27DEC19-170-C,143.65,70.25,0.009,250.0,0.011,1.0,74.65,0.06556,-0.16018,0.00779,0.0107,0.14303
143.81,ETH-27DEC19,1576148340982,open,0.0,980.0,0.001,0.011,1.8e-05,119.99,0.001,0.0,ETH-27DEC19-340-C,143.65,0.0,0.0,0.0,0.001,257.0,169.59,0.00032,-0.0013,2e-05,3e-05,0.0003
144.65,SYN.ETH-31JAN20,1576148340982,open,0.01,252.0,0.001,0.026,0.009591,85.99,0.011,0.0,ETH-31JAN20-240-C,143.65,82.83,0.008,1080.0,0.011,210.0,88.57,0.07632,-0.06579,0.01309,0.0031,0.07582
143.81,ETH-27DEC19,1576148340984,open,0.0,2232.0,0.001,0.011,4.5e-05,119.99,0.002,0.0,ETH-27DEC19-320-C,143.65,0.0,0.0,0.0,0.001,250.0,159.49,0.00074,-0.00297,4e-05,7e-05,0.00073
147.27,SYN.ETH-26JUN20,1576148340984,open,0.02,288.0,0.005,0.048,0.01932,104.46,0.025,0.0,ETH-26JUN20-600-C,143.65,102.12,0.017,140.0,0.021,2.0,106.05,0.15139,-0.04016,0.04335,0.00124,0.0739
143.81,ETH-27DEC19,1576148340986,open,0.0,4550.0,0.001,0.011,0.000766,119.94,0.002,0.0,ETH-27DEC19-260-C,143.65,0.0,0.0,0.0,0.002,601.0,135.78,0.00777,-0.03132,0.00054,0.00077,0.01005
146.0,ETH-27MAR20,1576148340986,open,0.04,101.0,0.016,0.064,0.036756,80.02,0.037,0.0,ETH-27MAR20-100-P,143.65,77.66,0.034,320.0,0.04,295.0,82.73,0.17251,-0.06519,-0.07361,0.00349,-0.13706
146.0,ETH-27MAR20,1576148340986,open,0.05,854.0,0.024,0.092,0.054612,84.2,0.059,0.0,ETH-27MAR20-220-C,143.65,81.46,0.05,592.0,0.059,541.0,86.74,0.24938,-0.09916,0.08235,0.00479,0.24907
143.81,ETH-27DEC19,1576148340986,open,0.0,11489.0,0.001,0.011,0.0,119.99,0.002,0.0,ETH-27DEC19-440-C,143.65,0.0,0.0,0.0,0.001,449.0,211.29,0.0,-2e-05,0.0,0.0,0.0
144.65,SYN.ETH-31JAN20,1576148340986,open,0.11,12.0,0.084,0.158,0.12137,72.24,0.122,0.0,ETH-31JAN20-140-C,143.65,69.88,0.118,390.0,0.126,349.0,75.49,0.20645,-0.14951,0.0948,0.00999,0.601
147.27,SYN.ETH-26JUN20,1576148340986,open,0.07,441.0,0.037,0.125,0.076415,89.6,0.086,0.0,ETH-26JUN20-280-C,143.65,87.72,0.072,472.0,0.082,286.0,91.92,0.34994,-0.07963,0.1448,0.00334,0.2587
147.27,SYN.ETH-26JUN20,1576148340986,open,0.14,520.0,0.088,0.184,0.134277,82.1,0.138,0.0,ETH-26JUN20-120-P,143.65,76.53,0.121,778.0,0.137,294.0,83.24,0.35134,-0.07325,-0.31377,0.00366,-0.26071
147.27,SYN.ETH-26JUN20,1576148340986,open,1.25,0.0,1.141,1.333,1.232322,91.89,1.06,0.0,ETH-26JUN20-320-P,143.65,0.0,0.015,2.0,1.251,1.0,100.32,0.3102,-0.07239,-1.60786,0.00289,-0.79174
143.66,SYN.ETH-13DEC19,1576148340986,open,0.0,827.0,0.001,0.011,0.000529,111.57,0.002,0.0,ETH-13DEC19-160-C,143.65,0.0,0.0,0.0,0.001,60.0,124.53,0.00424,-0.07593,9e-05,0.00768,0.02595
147.27,SYN.ETH-26JUN20,1576148340986,open,0.06,273.0,0.025,0.105,0.059501,91.89,0.068,0.0,ETH-26JUN20-320-C,143.65,90.21,0.056,333.0,0.064,250.0,94.0,0.3102,-0.07239,0.11817,0.00289,0.20826
143.81,ETH-27DEC19,1576148340988,open,0.0,1759.0,0.001,0.011,7e-06,119.99,0.001,0.0,ETH-27DEC19-360-C,143.65,0.0,0.0,0.0,0.001,250.0,179.0,0.00014,-0.00056,1e-05,1e-05,0.00012
146.0,ETH-27MAR20,1576148340988,open,0.01,579.0,0.003,0.034,0.013159,96.3,0.012,0.0,ETH-27MAR20-360-C,143.65,94.64,0.012,510.0,0.014,1.0,97.45,0.1048,-0.04766,0.02379,0.00176,0.06933
143.81,ETH-27DEC19,1576148340988,open,0.69,2355.0,0.621,0.726,0.670509,117.18,0.606,0.0,ETH-27DEC19-240-P,143.65,0.0,0.001,20.0,1.702,5.0,500.0,0.01426,-0.05618,-0.09672,0.00144,-0.97965
143.81,ETH-27DEC19,1576148340988,open,0.14,13313.0,0.094,0.173,0.132379,70.69,0.149,0.0,ETH-27DEC19-160-P,143.65,65.3,0.129,65.0,0.137,65.0,77.72,0.09215,-0.21896,-0.05175,0.01547,-0.75054
143.81,ETH-27DEC19,1576148340990,open,0.0,21058.0,0.001,0.011,0.0,119.99,0.007,0.0,ETH-27DEC19-600-C,143.65,0.0,0.0,0.0,0.001,850.0,259.25,0.0,0.0,0.0,0.0,0.0
146.0,ETH-27MAR20,1576148340990,open,2.89,0.0,2.725,2.97,2.841063,112.93,None,0.0,ETH-27MAR20-560-P,143.65,0.0,0.02,50.0,0.0,0.0,0.0,0.051,-0.0272,-1.61471,0.00073,-0.97168
146.0,ETH-27MAR20,1576148340990,open,2.61,0.0,2.46,2.689,2.568135,110.79,None,0.0,ETH-27MAR20-520-P,143.65,0.0,0.006,50.0,0.0,0.0,0.0,0.05875,-0.03074,-1.49689,0.00086,-0.9664
147.27,SYN.ETH-26JUN20,1576148340990,open,0.05,684.0,0.018,0.089,0.047629,93.96,0.051,0.0,ETH-26JUN20-360-C,143.65,91.98,0.044,479.0,0.052,250.0,96.26,0.27475,-0.06557,0.09801,0.0025,0.17101
143.66,SYN.ETH-13DEC19,1576148340990,open,0.0,507.0,0.001,0.011,1e-06,120.0,0.001,0.0,ETH-13DEC19-180-C,143.65,0.0,0.0,0.0,0.001,38.0,227.77,2e-05,-0.00014,0.0,3e-05,7e-05
143.66,SYN.ETH-13DEC19,1576148340990,open,0.34,1.0,0.285,0.364,0.322578,163.21,0.286,0.0,ETH-13DEC19-190-P,143.65,0.0,0.01,55.0,0.34,1.0,497.63,7e-05,-0.00581,-0.00456,9e-05,-0.99973
147.27,SYN.ETH-26JUN20,1576148340990,open,0.4,357.0,0.323,0.469,0.394815,84.31,0.405,0.0,ETH-26JUN20-180-P,143.65,74.46,0.366,210.0,0.429,37.0,95.99,0.43146,-0.09238,-0.7154,0.00437,-0.50577
144.65,SYN.ETH-31JAN20,1576148340990,open,0.55,0.0,0.483,0.593,0.534888,81.85,None,0.0,ETH-31JAN20-220-P,143.65,39.65,0.521,1.0,1.076,1.0,489.57,0.09955,-0.08168,-0.28194,0.00425,-0.89151
147.27,SYN.ETH-26JUN20,1576148340990,open,1.52,0.0,1.396,1.6,1.492052,93.96,None,0.0,ETH-26JUN20-360-P,143.65,0.0,0.015,2.0,1.504,1.0,100.07,0.27475,-0.06557,-1.84377,0.0025,-0.82899
147.27,SYN.ETH-26JUN20,1576148340990,open,1.79,0.0,1.654,1.869,1.755216,95.96,None,0.0,ETH-26JUN20-400-P,143.65,0.0,0.01,50.0,0.0,0.0,0.0,0.24465,-0.05962,-2.07479,0.00218,-0.85664
147.27,SYN.ETH-26JUN20,1576148340990,open,1.0,0.0,0.891,1.072,0.977633,89.6,None,0.0,ETH-26JUN20-280-P,143.65,0.0,0.011,3.0,0.0,0.0,0.0,0.34994,-0.07963,-1.36547,0.00334,-0.7413
146.0,ETH-27MAR20,1576148340992,open,0.01,1165.0,0.001,0.023,0.007594,101.79,0.01,0.0,ETH-27MAR20-440-C,143.65,100.51,0.007,510.0,0.008,1.0,102.64,0.06927,-0.0333,0.01419,0.0011,0.0411
143.81,ETH-27DEC19,1576148340992,open,1.11,1.0,1.026,1.152,1.086348,128.98,0.494,0.0,ETH-27DEC19-300-P,143.65,0.0,0.021,3.0,0.0,0.0,0.0,0.00308,-0.01334,-0.12207,0.00028,-0.99647
146.0,ETH-27MAR20,1576148340992,open,0.07,2228.0,0.036,0.11,0.070176,81.41,0.071,0.0,ETH-27MAR20-200-C,143.65,79.19,0.066,285.0,0.076,250.0,84.45,0.27704,-0.10651,0.10117,0.0055,0.30905
146.0,ETH-27MAR20,1576148340992,open,1.24,7.0,1.136,1.297,1.211377,94.5,1.28,0.0,ETH-27MAR20-320-P,143.65,0.0,0.011,5.0,1.223,2.0,105.47,0.13699,-0.06114,-0.8946,0.00234,-0.901
147.27,SYN.ETH-26JUN20,1576148340992,open,0.51,249.0,0.423,0.577,0.498573,84.31,0.601,0.0,ETH-26JUN20-200-P,143.65,19.54,0.359,1.0,0.527,39.0,94.11,0.42421,-0.09083,-0.85142,0.0043,-0.57324
147.27,SYN.ETH-26JUN20,1576148340992,open,0.21,1332.0,0.15,0.267,0.207191,82.1,0.206,0.0,ETH-26JUN20-140-P,143.65,76.53,0.192,442.0,0.209,232.0,82.76,0.40061,-0.08353,-0.44257,0.00417,-0.34994
143.66,SYN.ETH-13DEC19,1576148340992,open,0.0,31.0,0.001,0.011,0.0,120.0,0.001,0.0,ETH-13DEC19-200-C,143.65,0.0,0.0,0.0,0.001,23.0,313.33,0.0,0.0,0.0,0.0,0.0
146.0,ETH-27MAR20,1576148340994,open,3.16,0.0,2.991,3.25,3.114107,114.53,None,0.0,ETH-27MAR20-600-P,143.65,0.0,0.03,50.0,0.0,0.0,0.0,0.04393,-0.02376,-1.7323,0.00062,-0.97631
143.81,ETH-27DEC19,1576148340994,open,0.0,6174.0,0.001,0.011,0.0,120.0,0.001,0.0,ETH-27DEC19-720-C,143.65,0.0,0.0,0.0,0.001,250.0,286.51,0.0,0.0,0.0,0.0,0.0
144.65,SYN.ETH-31JAN20,1576148340994,open,0.01,440.0,0.004,0.033,0.013935,81.75,0.02,0.0,ETH-31JAN20-220-C,143.65,78.83,0.012,1080.0,0.016,210.0,84.66,0.09934,-0.08141,0.01863,0.00425,0.10816
143.66,SYN.ETH-13DEC19,1576148340994,open,0.41,1.0,0.352,0.435,0.392187,191.29,0.341,0.0,ETH-13DEC19-200-P,143.65,0.0,0.001,130.0,0.404,1.0,500.0,6e-05,-0.0062,-0.0048,7e-05,-0.99975
143.66,SYN.ETH-13DEC19,1576148340994,open,0.02,27.0,0.002,0.057,0.029043,64.0,0.015,0.0,ETH-13DEC19-140-C,143.65,35.58,0.026,1.0,0.031,40.0,77.42,0.01975,-0.63185,0.00265,0.06232,0.79922
143.66,SYN.ETH-13DEC19,1576148340994,open,0.15,0.0,0.139,0.19,0.164704,117.73,None,0.0,ETH-13DEC19-120-C,143.65,0.0,0.152,54.0,0.174,54.0,324.27,0.0002,-0.01159,0.00288,0.00034,0.99918
144.65,SYN.ETH-31JAN20,1576148340994,open,0.83,0.0,0.748,0.869,0.80459,90.61,None,0.0,ETH-31JAN20-260-P,143.65,0.0,0.01,55.0,1.838,5.0,500.0,0.06093,-0.05535,-0.34549,0.00235,-0.9433
146.0,ETH-27MAR20,1576148340996,open,3.44,0.0,3.257,3.532,3.387617,116.99,None,0.0,ETH-27MAR20-640-P,143.65,0.0,0.01,50.0,0.0,0.0,0.0,0.03992,-0.02206,-1.84921,0.00055,-0.97885
143.81,ETH-27DEC19,1576148340996,open,0.02,5327.0,0.005,0.042,0.019722,70.57,0.019,0.0,ETH-27DEC19-160-C,143.65,67.85,0.018,210.0,0.022,501.0,74.08,0.09207,-0.21838,0.01344,0.01548,0.24902
143.81,ETH-27DEC19,1576148340996,open,0.0,11107.0,0.001,0.011,0.0,119.99,0.001,0.0,ETH-27DEC19-560-C,143.65,0.0,0.0,0.0,0.001,250.0,248.77,0.0,0.0,0.0,0.0,0.0
147.27,SYN.ETH-26JUN20,1576148340996,open,0.04,5.0,0.018,0.064,0.037739,84.17,0.029,0.0,ETH-26JUN20-80-P,143.65,81.17,0.034,250.0,0.042,300.0,87.49,0.18625,-0.03981,-0.10738,0.00189,-0.09744
147.27,SYN.ETH-26JUN20,1576148340996,open,0.31,143.0,0.269,0.367,0.319469,82.1,0.323,0.0,ETH-26JUN20-120-C,143.65,79.8,0.314,210.0,0.355,49.0,96.99,0.35134,-0.07325,0.33349,0.00366,0.73929
143.81,ETH-27DEC19,1576148340998,open,0.0,10814.0,0.001,0.011,1e-06,119.99,0.001,0.0,ETH-27DEC19-400-C,143.65,0.0,0.0,0.0,0.001,251.0,196.09,3e-05,-0.0001,0.0,0.0,2e-05
147.27,SYN.ETH-26JUN20,1576148340998,open,3.14,0.0,2.962,3.242,3.093359,104.46,None,0.0,ETH-26JUN20-600-P,143.65,0.0,0.01,50.0,0.0,0.0,0.0,0.15139,-0.04016,-3.19296,0.00124,-0.9261
146.0,ETH-27MAR20,1576148341000,open,0.01,1637.0,0.001,0.024,0.007588,107.87,0.013,0.0,ETH-27MAR20-480-C,143.65,104.15,0.006,470.0,0.009,250.0,110.79,0.06689,-0.03408,0.01346,0.001,0.03937
146.0,ETH-27MAR20,1576148341000,open,0.0,885.0,0.001,0.019,0.005447,112.93,0.009,0.0,ETH-27MAR20-560-C,143.65,108.36,0.004,470.0,0.007,551.0,117.02,0.051,-0.0272,0.00969,0.00073,0.02832
143.66,SYN.ETH-13DEC19,1576148341000,open,0.0,91.0,0.001,0.011,0.0,120.0,0.001,0.0,ETH-13DEC19-110-P,143.65,0.0,0.0,0.0,0.001,5.0,272.95,0.0,0.0,0.0,0.0,0.0
143.81,ETH-27DEC19,1576148341002,open,0.0,12762.0,0.001,0.011,0.0,119.99,0.001,0.0,ETH-27DEC19-680-C,143.65,0.0,0.0,0.0,0.001,250.0,278.03,0.0,0.0,0.0,0.0,0.0
144.65,SYN.ETH-31JAN20,1576148341002,open,0.2,0.0,0.172,0.242,0.207944,75.02,None,0.0,ETH-31JAN20-120-C,143.65,43.08,0.179,39.0,0.237,39.0,100.96,0.15336,-0.11534,0.11539,0.00715,0.79172
147.27,SYN.ETH-26JUN20,1576148341002,open,2.05,0.0,1.914,2.142,2.020859,98.03,None,0.0,ETH-26JUN20-440-P,143.65,0.0,0.01,50.0,0.0,0.0,0.0,0.22015,-0.05481,-2.30199,0.00192,-0.87701
146.0,ETH-27MAR20,1576148341006,open,0.08,1371.0,0.044,0.116,0.077442,77.42,0.087,0.0,ETH-27MAR20-120-P,143.65,74.81,0.073,351.0,0.081,274.0,79.5,0.24915,-0.09109,-0.13809,0.0052,-0.24862
146.0,ETH-27MAR20,1576148341006,open,0.34,1560.0,0.268,0.39,0.327527,79.54,0.36,0.0,ETH-27MAR20-180-P,143.65,76.37,0.321,105.0,0.345,72.0,87.91,0.3021,-0.11348,-0.39626,0.00614,-0.60815
143.81,ETH-27DEC19,1576148341006,open,0.0,13247.0,0.001,0.011,0.0,119.99,0.001,0.0,ETH-27DEC19-520-C,143.65,0.0,0.0,0.0,0.001,250.0,237.39,0.0,0.0,0.0,0.0,0.0
143.81,ETH-27DEC19,1576148341006,open,0.0,2113.0,0.001,0.011,0.000301,119.99,0.001,0.0,ETH-27DEC19-280-C,143.65,0.0,0.0,0.0,0.001,2.0,136.78,0.00365,-0.01472,0.00023,0.00036,0.00428
147.27,SYN.ETH-26JUN20,1576148341006,open,0.3,589.0,0.228,0.36,0.29265,82.1,0.298,0.0,ETH-26JUN20-160-P,143.65,66.06,0.246,33.0,0.329,33.0,94.75,0.42574,-0.08877,-0.57791,0.00443,-0.43486
147.27,SYN.ETH-26JUN20,1576148341006,open,0.08,721.0,0.043,0.115,0.076293,82.1,0.07,0.0,ETH-26JUN20-100-P,143.65,78.18,0.069,250.0,0.08,285.0,84.06,0.27649,-0.05765,-0.1978,0.00288,-0.17271
146.0,ETH-27MAR20,1576148341008,open,0.03,2283.0,0.008,0.055,0.026323,89.18,0.025,0.0,ETH-27MAR20-280-C,143.65,87.12,0.024,560.0,0.028,2.0,90.61,0.16835,-0.0709,0.04487,0.00305,0.13228
144.65,SYN.ETH-31JAN20,1576148341008,open,0.31,0.0,0.295,0.351,0.322606,82.68,None,0.0,ETH-31JAN20-100-C,143.65,50.02,0.31,64.0,0.339,64.0,106.52,0.08453,-0.07006,0.11674,0.00358,0.91319
147.27,SYN.ETH-26JUN20,1576148341008,open,0.02,93.0,0.007,0.057,0.024875,101.58,0.022,0.0,ETH-26JUN20-520-C,143.65,99.16,0.022,440.0,0.028,250.0,104.04,0.18105,-0.04671,0.05472,0.00152,0.09376
7222.76,SYN.BTC-31JAN20,1576148341027,open,0.03,182.5,0.0125,0.051,0.02769041,65.16,0.0275,0.0,BTC-31JAN20-6000-P,7150.76,64.46,0.027,27.0,0.0285,2.0,65.97,7.16489,-4.67998,-2.1149,0.00015,-0.18659
7296.96,BTC-27MAR20,1576148341106,open,0.01,1545.8,0.0035,0.0355,0.01304476,86.81,0.013,0.0,BTC-27MAR20-16000-C,7150.73,86.08,0.0125,20.0,0.0135,5.0,87.41,5.51527,-2.26102,1.29349,4e-05,0.07416
7176.43,BTC-27DEC19,1576148341106,open,0.0,832.1,0.0005,0.0105,6.08e-06,120.0,0.0005,0.0,BTC-27DEC19-3000-P,7150.73,0.0,0.0,0.0,0.0005,56.1,175.1,0.00568,-0.02293,-0.00031,0.0,-0.0001
7176.43,BTC-27DEC19,1576148341106,open,0.0,449.3,0.0005,0.0105,0.0,120.0,0.0005,0.0,BTC-27DEC19-44000-C,7150.73,0.0,0.0,0.0,0.0005,6.0,296.98,0.0,0.0,0.0,0.0,0.0
7176.43,BTC-27DEC19,1576148341106,open,0.79,12.1,0.781,0.8005,0.79098009,0.0,0.8415,0.0,BTC-27DEC19-1500-C,7150.73,0.0,0.785,26.0,0.7975,26.0,448.33,0.0,0.0,0.61133,0.0,1.0
7296.96,BTC-27MAR20,1576148341106,open,0.31,102.8,0.264,0.3615,0.30839224,69.97,0.3045,0.0,BTC-27MAR20-9000-P,7150.73,63.97,0.2965,13.0,0.3125,2.0,72.01,14.65093,-4.84129,-20.15096,0.00014,-0.64364
7296.96,BTC-27MAR20,1576148341106,open,0.03,1317.1,0.0115,0.0595,0.02889918,76.59,0.028,0.0,BTC-27MAR20-12000-C,7150.73,75.5,0.0275,16.0,0.03,2.0,77.43,9.5123,-3.44054,2.74798,8e-05,0.15873
7176.43,BTC-27DEC19,1576148341106,open,0.0,255.7,0.0005,0.0105,0.0,120.0,0.001,0.0,BTC-27DEC19-1500-P,7150.73,0.0,0.0,0.0,0.0005,42.9,306.74,0.0,0.0,0.0,0.0,0.0
7296.96,BTC-27MAR20,1576148341106,open,1.75,5.2,1.6895,1.82,1.74883406,95.77,1.108,0.0,BTC-27MAR20-20000-P,7150.73,0.0,0.846,1.0,2.4965,1.0,500.0,3.7154,-1.68034,-57.23331,3e-05,-0.95515
7176.4,BTC-27DEC19,1576148341106,open,0.72,0.0,0.7115,0.731,0.72130679,0.0,None,0.0,BTC-27DEC19-2000-C,7150.73,0.0,0.715,24.0,0.728,24.0,370.23,0.0,0.0,0.81511,0.0,1.0
7296.96,BTC-27MAR20,1576148341106,open,3.95,0.0,3.8375,4.0455,3.93601772,117.14,None,0.0,BTC-27MAR20-36000-P,7150.73,0.0,0.0015,10.0,0.0,0.0,0.0,1.35092,-0.74736,-104.1936,1e-05,-0.98659
7176.4,BTC-27DEC19,1576148341106,open,0.44,30.7,0.4315,0.4565,0.44308421,119.88,0.4745,0.0,BTC-27DEC19-4000-C,7150.73,0.0,0.4365,17.0,0.449,19.0,181.69,0.23185,-0.93422,1.61246,1e-05,0.9944
7176.4,BTC-27DEC19,1576148341107,open,0.0,1541.5,0.0005,0.0105,0.0,120.0,0.0005,0.0,BTC-27DEC19-52000-C,7150.73,0.0,0.0,0.0,0.0005,41.9,319.85,0.0,0.0,0.0,0.0,0.0
7176.4,BTC-27DEC19,1576148341107,open,5.7,0.0,5.5575,5.825,5.68863698,259.74,None,0.0,BTC-27DEC19-48000-P,7150.73,0.0,0.0005,1.0,0.0,0.0,0.0,0.0203,-0.17723,-19.56156,0.0,-0.99961
7296.96,BTC-27MAR20,1576148341107,open,0.06,611.7,0.037,0.0965,0.0621122,68.25,0.059,0.0,BTC-27MAR20-6000-P,7150.73,67.28,0.0605,6.0,0.064,25.8,69.38,12.13178,-3.91021,-6.32981,0.00012,-0.23694
7176.4,BTC-27DEC19,1576148341107,open,0.0,657.0,0.0005,0.0105,0.0,120.0,0.0005,0.0,BTC-27DEC19-28000-C,7150.73,0.0,0.0,0.0,0.0005,5.0,232.95,0.0,-1e-05,0.0,0.0,0.0
7296.96,BTC-27MAR20,1576148341106,open,0.07,295.5,0.045,0.115,0.07501373,69.98,0.075,0.0,BTC-27MAR20-9000-C,7150.73,69.22,0.0735,1.9,0.077,28.5,70.96,14.65127,-4.84181,5.95562,0.00014,0.35639
7176.4,BTC-27DEC19,1576148341107,open,0.0,106.3,0.0005,0.0105,0.0,120.0,0.0005,0.0,BTC-27DEC19-2000-P,7150.73,0.0,0.0,0.0,0.0005,16.1,251.67,0.0,-1e-05,0.0,0.0,0.0
7296.96,BTC-27MAR20,1576148341107,open,0.0,97.3,0.0005,0.0135,0.00272957,115.15,0.003,0.0,BTC-27MAR20-34000-C,7150.73,111.15,0.002,25.0,0.0035,20.0,118.61,1.48401,-0.80697,0.25865,1e-05,0.01495
7176.4,BTC-27DEC19,1576148341107,open,0.65,0.0,0.642,0.6615,0.65163757,133.51,None,0.0,BTC-27DEC19-2500-C,7150.73,0.0,0.6455,22.0,0.6575,22.0,301.55,0.0016,-0.0072,1.0188,0.0,0.99997
7176.4,BTC-27DEC19,1576148341107,open,0.33,0.0,0.2985,0.3585,0.32629661,76.97,None,0.0,BTC-27DEC19-9500-P,7150.73,0.0,0.318,2.0,0.333,2.0,101.49,1.29981,-3.36262,-3.75615,8e-05,-0.95796
7296.96,BTC-27MAR20,1576148341107,open,1.21,1.1,1.1545,1.2685,1.20571767,86.78,1.08,0.0,BTC-27MAR20-16000-P,7150.73,0.0,0.304,1.0,1.9545,1.0,500.0,5.51038,-2.25829,-45.11915,4e-05,-0.92593
7176.4,BTC-27DEC19,1576148341107,open,4.58,0.0,4.4645,4.6875,4.57380202,0.0,2.58,0.0,BTC-27DEC19-40000-P,7150.73,0.0,0.001,1.0,0.0,0.0,0.0,0.0,0.0,-16.30213,0.0,-1.0
7296.96,BTC-27MAR20,1576148341107,open,0.43,148.3,0.3785,0.479,0.42383638,72.35,0.4045,0.0,BTC-27MAR20-10000-P,7150.73,65.49,0.412,12.0,0.4435,4.0,82.98,12.98642,-4.43743,-24.42948,0.00012,-0.73033
7296.93,BTC-27MAR20,1576148341107,open,0.21,307.5,0.1635,0.254,0.20470888,67.77,0.21,0.0,BTC-27MAR20-8000-P,7150.73,65.81,0.2005,13.0,0.2065,2.0,68.61,15.6406,-5.00606,-15.50237,0.00015,-0.5277
7176.4,BTC-27DEC19,1576148341107,open,1.51,9.4,1.4595,1.559,1.50824547,130.12,1.1125,0.0,BTC-27DEC19-18000-P,7150.73,0.0,0.0,0.0,0.0,0.0,0.0,0.0198,-0.08661,-7.33493,0.0,-0.99962
7176.4,BTC-27DEC19,1576148341107,open,1.09,211.0,1.0495,1.134,1.09031309,121.23,0.959,0.0,BTC-27DEC19-15000-P,7150.73,0.0,1.0825,2.0,1.0975,2.0,198.27,0.08877,-0.36174,-6.10804,0.0,-0.99807
7176.4,BTC-27DEC19,1576148341107,open,0.0,728.4,0.0005,0.0105,0.00074377,119.85,0.0005,0.0,BTC-27DEC19-13000-C,7150.73,114.56,0.0005,98.6,0.001,6.0,124.21,0.37876,-1.52582,0.02643,2e-05,0.00978
7176.4,BTC-27DEC19,1576148341107,open,0.0,756.8,0.0005,0.0105,3e-08,120.0,0.0005,0.0,BTC-27DEC19-24000-C,7150.73,0.0,0.0,0.0,0.0005,24.0,210.29,4e-05,-0.00017,0.0,0.0,0.0
7176.4,BTC-27DEC19,1576148341107,open,0.0,1030.2,0.0005,0.0105,0.00029394,120.0,0.0005,0.0,BTC-27DEC19-14000-C,7150.73,0.0,0.0,0.0,0.001,35.1,137.12,0.17843,-0.71968,0.01136,1e-05,0.00418
7296.93,BTC-27MAR20,1576148341107,open,2.57,0.0,2.4945,2.6525,2.56782345,105.83,None,0.0,BTC-27MAR20-26000-P,7150.73,0.0,0.0015,10.0,0.0,0.0,0.0,2.36871,-1.18389,-74.96841,1e-05,-0.97406
7176.4,BTC-27DEC19,1576148341107,open,0.0,1038.8,0.0005,0.0105,1.01e-06,120.0,0.0015,0.0,BTC-27DEC19-20000-C,7150.73,0.0,0.0,0.0,0.0005,11.7,182.85,0.00124,-0.00501,5e-05,0.0,2e-05
7176.4,BTC-27DEC19,1576148341107,open,1.79,3.6,1.7325,1.8435,1.78693308,141.97,1.729,0.0,BTC-27DEC19-20000-P,7150.73,0.0,0.0,0.0,0.0,0.0,0.0,0.01596,-0.07614,-8.15025,0.0,-0.9997
7176.4,BTC-27DEC19,1576148341107,open,0.0,833.8,0.0005,0.0105,0.00047063,120.0,0.0005,0.0,BTC-27DEC19-4000-P,7150.73,120.89,0.0005,5.0,0.001,47.6,132.3,0.2332,-0.9406,-0.01787,1e-05,-0.00564
7296.93,BTC-27MAR20,1576148341107,open,1.48,0.0,1.4215,1.543,1.47650644,91.11,1.23,0.0,BTC-27MAR20-18000-P,7150.73,0.0,0.5745,1.0,2.225,1.0,500.0,4.39677,-1.89187,-51.24574,3e-05,-0.9446
7164.33,SYN.BTC-20DEC19,1576148341106,open,0.0,43.3,0.0005,0.0115,0.001534,65.11,0.0015,0.0,BTC-20DEC19-8500-C,7150.73,60.45,0.001,41.4,0.002,20.0,68.45,0.92474,-3.82272,0.06097,0.00013,0.04097
7222.76,SYN.BTC-31JAN20,1576148341106,open,0.67,0.0,0.631,0.7115,0.66768039,79.12,None,0.0,BTC-31JAN20-12000-P,7150.73,0.0,0.639,5.0,0.6925,5.0,115.49,3.01181,-2.38902,-15.90683,5e-05,-0.94402
7164.33,SYN.BTC-20DEC19,1576148341106,open,0.0,68.2,0.0005,0.011,0.00105405,69.34,0.001,0.0,BTC-20DEC19-8750-C,7150.73,62.03,0.0005,41.7,0.0015,20.0,73.57,0.67497,-2.97145,0.04156,9e-05,0.02794
7176.4,BTC-27DEC19,1576148341108,open,0.58,11.0,0.572,0.5915,0.58197093,121.98,0.5835,0.0,BTC-27DEC19-3000-C,7150.73,0.0,0.5755,19.0,0.588,21.0,255.13,0.007,-0.02871,1.22228,0.0,0.99988
7296.93,BTC-27MAR20,1576148341108,open,0.0,144.6,0.0005,0.013,0.00250355,117.4,0.0035,0.0,BTC-27MAR20-36000-C,7150.73,114.5,0.002,3.0,0.003,20.0,119.88,1.36938,-0.7592,0.23524,1e-05,0.01362
7176.4,BTC-27DEC19,1576148341108,open,1.23,18.0,1.186,1.276,1.22956489,117.95,1.261,0.0,BTC-27DEC19-16000-P,7150.73,0.0,1.2215,2.0,1.237,2.0,212.17,0.02957,-0.11725,-6.51926,0.0,-0.99942
7296.93,BTC-27MAR20,1576148341108,open,0.46,7.4,0.4455,0.483,0.46202194,77.49,0.499,0.0,BTC-27MAR20-4000-C,7150.73,0.0,0.4505,12.0,0.4765,12.0,98.53,4.02471,-1.47279,10.33798,3e-05,0.95044
7176.4,BTC-27DEC19,1576148341108,open,6.26,0.8,6.104,6.3935,6.24594262,0.0,3.59,0.0,BTC-27DEC19-52000-P,7150.73,0.0,0.001,1.0,0.0,0.0,0.0,0.0,0.0,-21.19277,0.0,-1.0
7176.4,BTC-27DEC19,1576148341108,open,0.0,349.0,0.0005,0.0105,0.0,120.0,0.0005,0.0,BTC-27DEC19-48000-C,7150.73,0.0,0.0,0.0,0.0005,24.0,308.94,0.0,0.0,0.0,0.0,0.0
7296.93,BTC-27MAR20,1576148341108,open,0.34,2.0,0.3175,0.3715,0.34195118,71.49,0.355,0.0,BTC-27MAR20-5000-C,7150.73,53.11,0.325,11.0,0.3635,11.0,89.69,7.86811,-2.65642,11.38547,7e-05,0.87986
7176.4,BTC-27DEC19,1576148341108,open,0.0,562.6,0.0005,0.0105,0.0,120.0,0.0005,0.0,BTC-27DEC19-40000-C,7150.73,0.0,0.0,0.0,0.0005,10.6,283.75,0.0,0.0,0.0,0.0,0.0
7176.4,BTC-27DEC19,1576148341108,open,5.14,0.0,5.011,5.256,5.13118222,0.0,3.46,0.0,BTC-27DEC19-44000-P,7150.73,0.0,0.001,1.0,0.0,0.0,0.0,0.0,0.0,-17.93234,0.0,-1.0
7176.4,BTC-27DEC19,1576148341108,open,0.51,4.3,0.5025,0.5225,0.51235982,119.5,0.5625,0.0,BTC-27DEC19-3500-C,7150.73,0.0,0.5065,18.0,0.519,20.0,219.36,0.04777,-0.19189,1.42337,0.0,0.99902
7296.93,BTC-27MAR20,1576148341108,open,4.49,1.0,4.3745,4.6025,4.48343236,118.35,4.54,0.0,BTC-27MAR20-40000-P,7150.73,0.0,0.0015,10.0,0.0,0.0,0.0,0.98964,-0.55311,-115.86526,1e-05,-0.99063
7176.4,BTC-27DEC19,1576148341108,open,0.0,690.8,0.0005,0.0105,0.0,120.0,0.0005,0.0,BTC-27DEC19-36000-C,7150.73,0.0,0.0,0.0,0.0005,5.0,268.96,0.0,0.0,0.0,0.0,0.0
7176.4,BTC-27DEC19,1576148341109,open,0.37,21.6,0.3605,0.3895,0.37393165,107.91,0.5285,0.0,BTC-27DEC19-4500-C,7150.73,0.0,0.3725,0.1,0.379,17.0,148.5,0.45844,-1.66277,1.79547,2e-05,0.98782
7296.93,BTC-27MAR20,1576148341109,open,0.01,1367.1,0.0005,0.0245,0.01019552,77.48,0.0105,0.0,BTC-27MAR20-4000-P,7150.73,76.2,0.0095,29.0,0.011,1.0,78.92,4.0243,-1.47257,-1.26465,3e-05,-0.04955
7222.76,SYN.BTC-31JAN20,1576148341106,open,0.15,2.5,0.121,0.1815,0.14636761,62.56,0.1425,0.0,BTC-31JAN20-6500-C,7150.73,57.03,0.1395,16.0,0.1535,20.0,68.21,9.04645,-5.67373,5.62386,0.0002,0.71618
7296.93,BTC-27MAR20,1576148341109,open,0.05,483.1,0.028,0.0905,0.05341581,72.36,0.053,0.0,BTC-27MAR20-10000-C,7150.73,71.28,0.0515,0.2,0.056,30.8,73.81,12.98715,-4.43816,4.57795,0.00012,0.2697
7296.93,BTC-27MAR20,1576148341109,open,0.0,658.8,0.0005,0.0115,0.00175,118.89,0.002,0.0,BTC-27MAR20-40000-C,7150.73,117.01,0.0015,20.0,0.002,4.6,120.59,1.02191,-0.57377,0.16873,1e-05,0.00972
7176.4,BTC-27DEC19,1576148341108,open,0.3,66.8,0.2895,0.324,0.30548125,98.1,0.4645,0.0,BTC-27DEC19-5000-C,7150.73,0.0,0.303,0.1,0.311,16.0,127.35,0.90865,-2.9962,1.95175,4e-05,0.9728
7176.4,BTC-27DEC19,1576148341108,open,0.0,590.4,0.0005,0.0105,2e-07,120.0,0.001,0.0,BTC-27DEC19-2500-P,7150.73,0.0,0.0,0.0,0.0005,155.0,209.43,0.00026,-0.00105,-1e-05,0.0,0.0
7296.93,BTC-27MAR20,1576148341109,open,0.0,132.7,0.0005,0.016,0.00350519,110.89,0.004,0.0,BTC-27MAR20-30000-C,7150.73,108.79,0.003,5.0,0.004,20.0,112.76,1.84584,-0.96664,0.33424,1e-05,0.0193
7222.76,SYN.BTC-31JAN20,1576148341106,open,0.16,31.9,0.1295,0.2035,0.16042689,62.81,0.1585,0.0,BTC-31JAN20-8000-P,7150.73,61.79,0.159,7.2,0.164,3.6,65.35,10.10645,-6.36338,-7.77237,0.00023,-0.62708
7176.4,BTC-27DEC19,1576148341109,open,0.0,680.5,0.0005,0.0105,0.0,120.0,0.0005,0.0,BTC-27DEC19-26000-C,7150.73,0.0,0.0,0.0,0.0005,24.0,222.11,1e-05,-3e-05,0.0,0.0,0.0
7417.53,SYN.BTC-26JUN20,1576148341106,open,0.23,67.5,0.1845,0.275,0.22606322,69.83,0.2545,0.0,BTC-26JUN20-7000-C,7150.73,68.53,0.2225,11.0,0.229,2.0,70.91,20.2996,-3.60024,16.7247,0.0001,0.64409
7176.4,BTC-27DEC19,1576148341109,open,0.95,268.3,0.913,0.993,0.9511464,120.54,0.78,0.0,BTC-27DEC19-14000-P,7150.73,0.0,0.943,3.4,0.958,2.0,183.23,0.18456,-0.74775,-5.69396,1e-05,-0.99566
7296.93,BTC-27MAR20,1576148341109,open,0.0,64.3,0.0005,0.0145,0.00300485,112.77,0.0035,0.0,BTC-27MAR20-32000-C,7150.73,110.35,0.0025,5.0,0.0035,20.0,114.88,1.62115,-0.86334,0.28717,1e-05,0.01657
7152.27,SYN.BTC-13DEC19,1576148341107,open,0.0,267.5,0.0005,0.0105,3.053e-05,120.01,0.0005,0.0,BTC-13DEC19-8500-C,7150.73,0.0,0.0,0.0,0.0005,10.6,164.29,0.0204,-0.21837,0.00031,1e-05,0.00182
7164.33,SYN.BTC-20DEC19,1576148341106,open,0.26,0.1,0.232,0.286,0.25716478,75.96,0.218,0.0,BTC-20DEC19-9000-P,7150.73,0.0,0.2405,0.1,0.2665,0.1,124.1,0.58137,-2.80375,-1.90727,7e-05,-0.97662
7417.53,SYN.BTC-26JUN20,1576148341106,open,0.02,12.5,0.006,0.049,0.01879687,91.44,0.0235,0.0,BTC-26JUN20-24000-C,7150.73,89.73,0.017,32.0,0.0205,10.0,92.98,8.01321,-1.86096,2.40406,3e-05,0.07888
7176.4,BTC-27DEC19,1576148341110,open,0.0,526.9,0.0005,0.0105,1.6e-07,120.0,0.0005,0.0,BTC-27DEC19-22000-C,7150.73,0.0,0.0,0.0,0.0005,7.0,197.29,0.00023,-0.00092,1e-05,0.0,0.0
7296.93,BTC-27MAR20,1576148341110,open,0.02,434.1,0.006,0.044,0.01816002,81.52,0.018,0.0,BTC-27MAR20-14000-C,7150.73,79.76,0.0165,32.6,0.0195,5.0,82.88,7.04757,-2.71316,1.79591,6e-05,0.10301
7176.4,BTC-27DEC19,1576148341110,open,2.07,4.9,2.006,2.128,2.06562544,154.34,2.217,0.0,BTC-27DEC19-22000-P,7150.73,0.0,0.0,0.0,0.0,0.0,0.0,0.0156,-0.08092,-8.96538,0.0,-0.99971
7152.27,SYN.BTC-13DEC19,1576148341106,open,0.16,0.6,0.144,0.1785,0.16113557,123.74,0.173,0.0,BTC-13DEC19-6000-C,7150.73,0.0,0.15,11.2,0.1695,9.0,308.84,0.01918,-1.18656,0.14365,1e-05,0.9983
7164.33,SYN.BTC-20DEC19,1576148341106,open,0.23,0.2,0.1975,0.2505,0.2223862,69.38,0.22,0.0,BTC-20DEC19-8750-P,7150.73,0.0,0.208,0.1,0.2325,0.1,116.14,0.6764,-2.97941,-1.84634,9e-05,-0.97199
7164.33,SYN.BTC-20DEC19,1576148341106,open,0.01,125.4,0.0005,0.0195,0.00574046,60.1,0.0065,0.0,BTC-20DEC19-6500-P,7150.73,57.6,0.005,29.4,0.006,20.0,60.95,2.17614,-8.30315,-0.20336,0.00033,-0.12581
7222.76,SYN.BTC-31JAN20,1576148341108,open,0.02,136.4,0.007,0.042,0.01960792,67.51,0.0225,0.0,BTC-31JAN20-9500-C,7150.73,66.29,0.0185,26.4,0.0205,12.8,68.47,6.63203,-4.48828,1.43662,0.00014,0.16517
7176.4,BTC-27DEC19,1576148341111,open,0.0,491.2,0.0005,0.0105,7.293e-05,120.0,0.0005,0.0,BTC-27DEC19-3500-P,7150.73,0.0,0.0,0.0,0.0005,29.0,146.09,0.04957,-0.19993,-0.00319,0.0,-0.00102
7164.33,SYN.BTC-20DEC19,1576148341106,open,0.1,0.0,0.077,0.1215,0.09846514,60.09,0.1045,0.0,BTC-20DEC19-6500-C,7150.73,37.14,0.0935,11.0,0.1145,11.0,101.14,2.17575,-8.30045,1.19922,0.00033,0.87422
7222.76,SYN.BTC-31JAN20,1576148341106,open,0.27,10.4,0.2385,0.314,0.27298671,65.8,0.272,0.0,BTC-31JAN20-9000-P,7150.73,57.0,0.264,7.0,0.2845,7.0,75.85,7.84059,-5.17202,-10.42342,0.00017,-0.78313
7176.4,BTC-27DEC19,1576148341111,open,0.0,1168.7,0.0005,0.0155,0.00396212,71.22,0.004,0.0,BTC-27DEC19-9000-C,7150.73,69.38,0.0035,13.0,0.0045,20.5,73.22,1.86803,-4.47165,0.18268,0.00012,0.06642
7296.93,BTC-27MAR20,1576148341112,open,0.01,256.8,0.0005,0.0225,0.00625836,98.84,0.0075,0.0,BTC-27MAR20-22000-C,7150.73,96.96,0.0055,37.0,0.007,5.0,100.54,3.0638,-1.43007,0.61642,2e-05,0.03538
7417.53,SYN.BTC-26JUN20,1576148341106,open,0.01,18.9,0.004,0.042,0.01470874,95.63,0.016,0.0,BTC-26JUN20-28000-C,7150.73,94.25,0.0135,5.0,0.016,5.0,97.04,6.63772,-1.6121,1.88245,2e-05,0.06176
7164.33,SYN.BTC-20DEC19,1576148341106,open,0.09,9.8,0.066,0.1195,0.08917841,55.16,0.0975,0.0,BTC-20DEC19-7750-P,7150.73,46.0,0.086,0.1,0.0945,16.9,67.95,2.72619,-9.54674,-1.41108,0.00045,-0.82363
7152.27,SYN.BTC-13DEC19,1576148341107,open,0.12,0.3,0.1085,0.146,0.12634515,119.16,0.149,0.0,BTC-13DEC19-6250-C,7150.73,0.0,0.1145,11.2,0.1355,9.0,264.8,0.09054,-5.39464,0.14826,6e-05,0.99035
7152.27,SYN.BTC-13DEC19,1576148341108,open,0.0,302.3,0.0005,0.0105,0.00015538,119.84,0.0005,0.0,BTC-13DEC19-8250-C,7150.73,0.0,0.0,0.0,0.0005,30.1,140.0,0.07786,-1.11132,0.00137,5e-05,0.00813
7222.76,SYN.BTC-31JAN20,1576148341106,open,0.25,2.0,0.2325,0.281,0.25514899,69.64,0.257,0.0,BTC-31JAN20-5500-C,7150.73,59.64,0.2485,17.0,0.2645,15.0,81.47,5.26409,-3.67488,6.19109,0.00011,0.88244
7164.33,SYN.BTC-20DEC19,1576148341106,open,0.19,0.0,0.1635,0.2155,0.18797096,65.14,0.154,0.0,BTC-20DEC19-8500-P,7150.73,0.0,0.0,0.0,0.1995,0.1,109.94,0.92597,-3.8294,-1.773,0.00013,-0.95896
7164.33,SYN.BTC-20DEC19,1576148341106,open,0.0,209.0,0.0005,0.0175,0.00405715,57.69,0.0045,0.0,BTC-20DEC19-8000-C,7150.73,55.52,0.0035,5.0,0.0045,25.7,59.32,1.89914,-6.95535,0.15435,0.0003,0.10391
7296.93,BTC-27MAR20,1576148341114,open,0.68,54.9,0.627,0.7305,0.67340386,76.57,0.77,0.0,BTC-27MAR20-12000-P,7150.73,0.0,0.55,0.1,0.88,1.0,183.99,9.50921,-3.43866,-32.06164,8e-05,-0.84135
7164.33,SYN.BTC-20DEC19,1576148341106,open,0.16,0.1,0.146,0.1855,0.16463635,73.83,0.1885,0.0,BTC-20DEC19-6000-C,7150.73,0.0,0.1625,0.1,0.1735,10.0,112.73,1.00737,-4.72172,1.22094,0.00012,0.95445
7176.4,BTC-27DEC19,1576148341114,open,0.47,0.0,0.435,0.4985,0.46439127,88.3,None,0.0,BTC-27DEC19-10500-P,7150.73,0.0,0.4565,2.0,0.4715,2.0,123.83,0.71311,-2.11656,-4.22336,4e-05,-0.97961
7417.53,SYN.BTC-26JUN20,1576148341108,open,0.01,34.4,0.0025,0.037,0.01200003,99.22,0.012,0.0,BTC-26JUN20-32000-C,7150.73,98.56,0.0115,1.0,0.0125,0.8,99.87,5.64728,-1.42308,1.53322,2e-05,0.05032
7222.76,SYN.BTC-31JAN20,1576148341108,open,0.22,17.2,0.181,0.256,0.21402576,63.95,0.2125,0.0,BTC-31JAN20-8500-P,7150.73,57.37,0.206,8.4,0.2205,7.0,69.03,9.05111,-5.80233,-9.17778,0.0002,-0.71588
7164.33,SYN.BTC-20DEC19,1576148341106,open,0.0,92.9,0.0005,0.0105,0.00093742,75.92,0.0005,0.0,BTC-20DEC19-9000-C,7150.73,69.38,0.0005,22.4,0.0015,27.1,81.87,0.57991,-2.795,0.03458,7e-05,0.02331
7417.53,SYN.BTC-26JUN20,1576148341106,open,0.46,123.4,0.402,0.5245,0.45742835,72.6,0.45,0.0,BTC-26JUN20-10000-P,7150.73,63.74,0.433,6.0,0.4845,2.0,82.12,20.81569,-3.83802,-42.9268,0.0001,-0.6155
7164.33,SYN.BTC-20DEC19,1576148341106,open,0.06,60.9,0.0395,0.0925,0.06035675,52.63,0.06,0.0,BTC-20DEC19-7500-P,7150.73,48.88,0.0585,8.0,0.0615,6.3,54.89,3.60182,-12.03421,-1.19101,0.00062,-0.71009
7222.76,SYN.BTC-31JAN20,1576148341106,open,0.04,241.1,0.019,0.0665,0.0371952,63.95,0.039,0.0,BTC-31JAN20-8500-C,7150.73,62.59,0.0355,47.0,0.0385,0.5,64.99,9.05134,-5.8028,2.43722,0.0002,0.28414
7152.27,SYN.BTC-13DEC19,1576148341109,open,0.26,0.2,0.234,0.284,0.25832942,0.0,0.275,0.0,BTC-13DEC19-9000-P,7150.73,0.0,0.0,0.0,0.0,0.0,0.0,0.0,0.0,-0.21592,0.0,-1.0
7164.33,SYN.BTC-20DEC19,1576148341106,open,0.0,57.9,0.0005,0.012,0.00212126,73.85,0.0025,0.0,BTC-20DEC19-6000-P,7150.73,69.01,0.0015,41.5,0.0025,2.0,76.42,1.00801,-4.72586,-0.07375,0.00012,-0.04559
7222.76,SYN.BTC-31JAN20,1576148341108,open,0.4,0.0,0.3645,0.4405,0.3991573,69.44,None,0.0,BTC-31JAN20-10000-P,7150.73,0.0,0.3685,6.0,0.426,6.0,97.08,5.56701,-3.87528,-12.55254,0.00011,-0.87268
7417.53,SYN.BTC-26JUN20,1576148341109,open,0.01,119.3,0.0005,0.022,0.00933306,79.38,0.008,0.0,BTC-26JUN20-3000-P,7150.73,76.79,0.008,20.0,0.011,32.0,82.37,3.96841,-0.80008,-1.6769,2e-05,-0.03258
7164.33,SYN.BTC-20DEC19,1576148341106,open,0.0,108.5,0.0005,0.0125,0.00250957,61.76,0.0025,0.0,BTC-20DEC19-8250-C,7150.73,58.87,0.002,5.1,0.003,20.1,64.25,1.34258,-5.26387,0.0974,0.0002,0.06552
7152.27,SYN.BTC-13DEC19,1576148341106,open,0.0,782.3,0.0005,0.012,0.0010543,78.06,0.0015,0.0,BTC-13DEC19-6750-P,7150.73,77.15,0.001,7.5,0.0015,16.2,84.8,0.43154,-7.54065,-0.01093,0.00045,-0.06263
7152.27,SYN.BTC-13DEC19,1576148341107,open,0.33,0.0,0.3025,0.355,0.32823588,0.0,None,0.0,BTC-13DEC19-9500-P,7150.73,0.0,0.0,0.0,0.0,0.0,0.0,0.0,0.0,-0.22792,0.0,-1.0
7152.27,SYN.BTC-13DEC19,1576148341108,open,0.0,188.2,0.0005,0.0105,7e-07,120.01,0.0005,0.0,BTC-13DEC19-9000-C,7150.73,0.0,0.0,0.0,0.0005,2.2,209.38,0.00075,-0.00501,1e-05,0.0,5e-05
7417.53,SYN.BTC-26JUN20,1576148341110,open,0.05,527.1,0.0255,0.0965,0.05282321,78.56,0.0505,0.0,BTC-26JUN20-14000-C,7150.73,77.2,0.05,25.1,0.0555,14.6,79.82,15.62263,-3.11681,6.21813,7e-05,0.20824
7417.53,SYN.BTC-26JUN20,1576148341110,open,0.48,0.5,0.4635,0.5115,0.4848894,73.34,0.589,0.0,BTC-26JUN20-4000-C,7150.73,50.33,0.466,6.0,0.503,6.0,88.49,7.97715,-1.48588,17.47172,4e-05,0.92158
7417.53,SYN.BTC-26JUN20,1576148341107,open,0.03,909.0,0.0095,0.061,0.02643361,87.12,0.0275,0.0,BTC-26JUN20-20000-C,7150.73,86.07,0.025,1.0,0.028,20.0,88.25,10.19725,-2.25632,3.31575,4e-05,0.10931
7417.53,SYN.BTC-26JUN20,1576148341106,open,1.46,2.7,1.394,1.54,1.45902814,84.62,1.45,0.0,BTC-26JUN20-18000-P,7150.73,0.0,1.35,0.1,1.5,0.1,106.02,11.66176,-2.50611,-93.09217,5e-05,-0.86775
7417.53,SYN.BTC-26JUN20,1576148341109,open,3.07,0.0,2.9695,3.1645,3.05830153,98.21,None,0.0,BTC-26JUN20-30000-P,7150.73,0.0,0.002,1.0,0.0,0.0,0.0,6.271,-1.56415,-160.07081,2e-05,-0.94256
7164.33,SYN.BTC-20DEC19,1576148341106,open,0.02,137.3,0.0115,0.0535,0.02423623,50.62,0.025,0.0,BTC-20DEC19-7250-C,7150.73,48.49,0.023,21.4,0.025,5.9,51.93,4.16692,-13.39137,0.66,0.00074,0.45118
7417.53,SYN.BTC-26JUN20,1576148341108,open,0.04,131.6,0.018,0.082,0.04128376,82.14,0.04,0.0,BTC-26JUN20-16000-C,7150.73,81.43,0.04,0.4,0.043,15.0,83.07,13.54181,-2.82496,4.96407,6e-05,0.16536
7164.33,SYN.BTC-20DEC19,1576148341106,open,0.13,0.0,0.111,0.153,0.13120145,67.55,0.165,0.0,BTC-20DEC19-6250-C,7150.73,0.0,0.1275,0.1,0.1395,11.0,96.7,1.51973,-6.5174,1.22403,0.0002,0.92301
7152.27,SYN.BTC-13DEC19,1576148341106,open,0.0,250.8,0.0005,0.0105,0.00060937,105.23,0.0005,0.0,BTC-13DEC19-6500-P,7150.73,101.75,0.0005,0.1,0.001,25.1,115.29,0.23824,-4.35836,-0.00525,0.00018,-0.02998
7417.53,SYN.BTC-26JUN20,1576148341107,open,0.03,246.2,0.0125,0.07,0.03239013,84.65,0.031,0.0,BTC-26JUN20-18000-C,7150.73,83.75,0.031,0.4,0.034,15.0,85.66,11.66954,-2.50865,4.0005,5e-05,0.13238
7152.27,SYN.BTC-13DEC19,1576148341107,open,0.0,153.3,0.0005,0.0105,1e-08,120.0,0.0005,0.0,BTC-13DEC19-9500-C,7150.73,0.0,0.0,0.0,0.0005,0.9,250.7,1e-05,-6e-05,0.0,0.0,0.0
7152.27,SYN.BTC-13DEC19,1576148341109,open,0.12,67.2,0.097,0.144,0.11873295,100.63,0.1185,0.0,BTC-13DEC19-8000-P,7150.73,0.0,0.114,1.2,0.12,1.2,138.46,0.11172,-5.62129,-0.18986,9e-05,-0.98771
7417.53,SYN.BTC-26JUN20,1576148341107,open,0.02,451.4,0.011,0.046,0.0241423,73.33,0.0255,0.0,BTC-26JUN20-4000-P,7150.73,71.79,0.0225,13.0,0.026,28.1,75.04,7.97587,-1.48545,-4.10262,4e-05,-0.0784
7417.53,SYN.BTC-26JUN20,1576148341111,open,0.38,0.0,0.35,0.4165,0.38020167,70.9,None,0.0,BTC-26JUN20-5000-C,7150.73,55.38,0.355,6.0,0.407,6.0,85.62,12.94698,-2.33122,18.62078,6e-05,0.84562
7222.76,SYN.BTC-31JAN20,1576148341113,open,0.03,187.9,0.0115,0.052,0.02693082,65.8,0.0255,0.0,BTC-31JAN20-9000-C,7150.73,64.94,0.026,2.0,0.028,14.8,66.78,7.841,-5.17262,1.87484,0.00017,0.21689
7152.27,SYN.BTC-13DEC19,1576148341109,open,0.09,41.1,0.073,0.1135,0.0918164,105.51,0.0995,0.0,BTC-13DEC19-6500-C,7150.73,0.0,0.0825,11.2,0.0995,9.0,201.45,0.24047,-12.6864,0.15064,0.00019,0.96968
7222.76,SYN.BTC-31JAN20,1576148341112,open,0.47,0.0,0.4305,0.507,0.46521982,71.9,None,0.0,BTC-31JAN20-10500-P,7150.73,0.0,0.4355,6.0,0.4915,6.0,101.77,4.72665,-3.40704,-13.46233,9e-05,-0.8988
7164.33,SYN.BTC-20DEC19,1576148341106,open,0.16,0.1,0.13,0.182,0.15405132,61.77,0.1225,0.0,BTC-20DEC19-8250-P,7150.73,0.0,0.144,0.1,0.167,0.1,103.33,1.34354,-5.26917,-1.68263,0.0002,-0.93442
7417.53,SYN.BTC-26JUN20,1576148341106,open,0.69,8.0,0.6335,0.763,0.69154711,75.64,0.69,0.0,BTC-26JUN20-12000-P,7150.73,0.0,0.175,0.2,0.7195,2.0,86.52,18.28048,-3.51166,-56.54692,8e-05,-0.72181
7417.53,SYN.BTC-26JUN20,1576148341114,open,0.05,260.9,0.031,0.0875,0.05426779,70.89,0.046,0.0,BTC-26JUN20-5000-P,7150.73,69.87,0.0525,8.0,0.0565,14.0,72.16,12.94631,-2.33086,-8.34749,6e-05,-0.15437
7152.27,SYN.BTC-13DEC19,1576148341109,open,0.02,396.8,0.002,0.0425,0.01869812,53.27,0.018,0.0,BTC-13DEC19-7250-P,7150.73,46.15,0.0175,19.0,0.0195,5.8,57.88,1.22895,-32.73059,-0.12229,0.00188,-0.69397
7152.27,SYN.BTC-13DEC19,1576148341113,open,0.19,0.0,0.1655,0.214,0.1884521,114.68,None,0.0,BTC-13DEC19-8500-P,7150.73,0.0,0.0,0.0,0.211,0.1,402.97,0.01354,-0.77656,-0.20373,1e-05,-0.99884
7417.53,SYN.BTC-26JUN20,1576148341106,open,0.6,17.8,0.5915,0.6225,0.60489339,79.4,0.623,0.0,BTC-26JUN20-3000-C,7150.73,59.69,0.5975,7.0,0.616,7.0,96.27,3.97007,-0.80056,14.5037,2e-05,0.9674
7152.27,SYN.BTC-13DEC19,1576148341112,open,0.0,668.3,0.0005,0.0205,0.0035996,57.73,0.004,0.0,BTC-13DEC19-7000-P,7150.73,53.49,0.003,0.1,0.0045,24.3,63.78,1.03491,-25.74528,-0.03822,0.00146,-0.21912
7152.27,SYN.BTC-13DEC19,1576148341112,open,0.0,130.5,0.0005,0.0105,0.00018454,118.42,0.0005,0.0,BTC-13DEC19-6250-P,7150.73,0.0,0.0,0.0,0.0005,5.5,136.21,0.08757,-1.31989,-0.00163,6e-05,-0.00929
7417.53,SYN.BTC-26JUN20,1576148341109,open,0.29,20.2,0.2565,0.338,0.29398267,69.99,0.306,0.0,BTC-26JUN20-6000-C,7150.73,55.9,0.2615,6.0,0.328,6.0,84.41,17.36806,-3.08699,18.18285,8e-05,0.74845
7152.27,SYN.BTC-13DEC19,1576148341110,open,0.16,7.7,0.131,0.18,0.15362337,118.69,0.118,0.0,BTC-13DEC19-8250-P,7150.73,0.0,0.0,0.0,0.1985,2.0,497.71,0.07351,-4.36258,-0.19665,5e-05,-0.99239
143.73,SYN.ETH-20DEC19,1576148341692,open,0.0,26.0,0.001,0.011,0.001383,96.12,0.001,0.0,ETH-20DEC19-110-P,143.65,91.17,0.001,261.0,0.002,30.0,102.6,0.01222,-0.07456,-0.00081,0.00285,-0.02471
143.73,SYN.ETH-20DEC19,1576148341692,open,0.01,238.0,0.001,0.025,0.008155,68.97,0.009,0.0,ETH-20DEC19-130-P,143.65,68.52,0.008,210.0,0.009,1.0,71.41,0.04895,-0.21433,-0.00487,0.01592,-0.14872
143.73,SYN.ETH-20DEC19,1576148341692,open,0.16,0.0,0.14,0.196,0.168217,81.16,None,0.0,ETH-20DEC19-120-C,143.65,0.0,0.164,1.0,0.176,1.0,113.76,0.02443,-0.12585,0.024,0.00675,0.9422
143.73,SYN.ETH-20DEC19,1576148341692,open,0.04,270.0,0.022,0.08,0.050697,62.67,0.048,0.0,ETH-20DEC19-140-C,143.65,57.79,0.048,160.0,0.054,307.0,68.6,0.07971,-0.31715,0.01797,0.02853,0.63006
143.73,SYN.ETH-20DEC19,1576148341692,open,0.02,391.0,0.004,0.043,0.019672,62.67,0.018,0.0,ETH-20DEC19-150-C,143.65,57.65,0.017,450.0,0.022,732.0,66.97,0.0772,-0.30716,0.00988,0.02763,0.33817
143.73,SYN.ETH-20DEC19,1576148341694,open,0.27,0.0,0.216,0.295,0.253898,81.77,None,0.0,ETH-20DEC19-180-P,143.65,0.0,0.01,55.0,0.458,1.0,491.21,0.01628,-0.08453,-0.03781,0.00447,-0.96508
143.73,SYN.ETH-20DEC19,1576148341694,open,0.03,400.0,0.006,0.052,0.024714,62.67,0.024,0.0,ETH-20DEC19-140-P,143.65,61.38,0.024,160.0,0.025,1.0,63.18,0.07971,-0.31715,-0.01224,0.02853,-0.36994
143.74,SYN.ETH-20DEC19,1576148343017,open,0.34,0.0,0.284,0.368,0.323451,97.68,None,0.0,ETH-20DEC19-190-P,143.65,0.0,0.01,55.0,0.45,5.0,386.45,0.01458,-0.09043,-0.0401,0.00335,-0.96945
143.74,SYN.ETH-20DEC19,1576148343017,open,0.0,553.0,0.001,0.011,0.001571,97.2,0.001,0.0,ETH-20DEC19-190-C,143.65,90.63,0.001,839.0,0.002,528.0,101.19,0.01431,-0.0883,0.00088,0.0033,0.02986
147.27,SYN.ETH-26JUN20,1576148343591,open,0.39,1.0,0.355,0.438,0.397287,82.1,0.38,0.0,ETH-26JUN20-100-C,143.65,68.15,0.372,48.0,0.433,48.0,100.61,0.27649,-0.05765,0.34159,0.00288,0.82729
146.0,ETH-27MAR20,1576148343598,open,0.18,36.0,0.137,0.226,0.182385,77.07,0.207,0.0,ETH-27MAR20-140-C,143.65,58.87,0.145,48.0,0.221,48.0,96.0,0.29911,-0.10886,0.18584,0.00628,0.6212
7417.46,SYN.BTC-26JUN20,1576148343638,open,0.17,283.6,0.1275,0.2225,0.16977013,69.83,0.167,0.0,BTC-26JUN20-7000-P,7150.73,69.0,0.1675,11.0,0.1715,2.0,70.46,20.29962,-3.6,-21.03218,0.0001,-0.35592
7176.51,BTC-27DEC19,1576148343898,open,0.68,73.0,0.6395,0.7105,0.6728959,106.51,0.64,0.0,BTC-27DEC19-12000-P,7150.73,0.0,0.6645,2.0,0.68,2.0,152.95,0.42641,-1.52659,-4.86013,2e-05,-0.98879
7176.51,BTC-27DEC19,1576148343898,open,0.06,273.3,0.0385,0.0885,0.06179611,61.02,0.059,0.0,BTC-27DEC19-7000-C,7150.73,55.49,0.0575,12.4,0.0605,0.4,59.36,5.58227,-11.44979,1.58588,0.00044,0.60401
7152.25,SYN.BTC-13DEC19,1576148343898,open,0.09,99.6,0.0625,0.1075,0.08380962,76.95,0.093,0.0,BTC-13DEC19-7750-P,7150.73,0.0,0.0815,1.2,0.0865,1.2,126.04,0.15066,-5.79663,-0.18299,0.00016,-0.9826
7296.94,BTC-27MAR20,1576148343902,open,3.12,0.0,3.0315,3.209,3.11482319,110.91,None,0.0,BTC-27MAR20-30000-P,7150.73,0.0,0.0015,10.0,0.0,0.0,0.0,1.84787,-0.9679,-86.68647,1e-05,-0.98068
143.82,ETH-27DEC19,1576148343905,open,1.25,100.0,1.161,1.294,1.225204,135.39,0.883,0.0,ETH-27DEC19-320-P,143.65,0.0,0.011,5.0,0.0,0.0,0.0,0.00237,-0.01077,-0.13027,0.00021,-0.99736
143.82,ETH-27DEC19,1576148343907,open,1.39,0.0,1.296,1.437,1.364248,143.12,None,0.0,ETH-27DEC19-340-P,143.65,0.0,0.003,9.0,0.0,0.0,0.0,0.00209,-0.01007,-0.13844,0.00017,-0.9977
7176.51,BTC-27DEC19,1576148343914,open,3.19,0.2,3.0985,3.2655,3.18036899,206.48,2.51,0.0,BTC-27DEC19-30000-P,7150.73,0.0,0.0,0.0,0.0,0.0,0.0,0.03208,-0.22262,-12.22493,0.0,-0.99937
7222.8,SYN.BTC-31JAN20,1576148343914,open,0.01,329.1,0.0045,0.0345,0.01465009,69.44,0.015,0.0,BTC-31JAN20-10000-C,7150.73,67.92,0.0135,58.4,0.0155,16.0,70.53,5.56782,-3.87613,1.11225,0.00011,0.12734
7417.41,SYN.BTC-26JUN20,1576148343914,open,1.73,0.1,1.6545,1.8075,1.72274751,87.09,1.765,0.0,BTC-26JUN20-20000-P,7150.73,0.0,0.1,1.0,2.05,0.1,215.09,10.18819,-2.25349,-104.5649,4e-05,-0.89082
7296.94,BTC-27MAR20,1576148343918,open,2.85,0.0,2.763,2.93,2.84104602,107.74,None,0.0,BTC-27MAR20-28000-P,7150.73,0.0,0.0015,10.0,0.0,0.0,0.0,2.00847,-1.02194,-80.84938,1e-05,-0.97868
7417.41,SYN.BTC-26JUN20,1576148343918,open,0.02,31.6,0.007,0.054,0.02188645,89.22,0.025,0.0,BTC-26JUN20-22000-C,7150.73,87.62,0.02,32.0,0.0235,5.0,90.53,8.95535,-2.02919,2.78504,3e-05,0.0915
7176.51,BTC-27DEC19,1576148343922,open,4.03,1.3,3.9185,4.1185,4.01644278,232.42,3.212,0.0,BTC-27DEC19-36000-P,7150.73,0.0,0.0005,1.0,0.0,0.0,0.0,0.03427,-0.2677,-14.67015,0.0,-0.99932
7176.51,BTC-27DEC19,1576148343952,open,0.07,760.8,0.05,0.1065,0.07595769,61.05,0.0715,0.0,BTC-27DEC19-7500-P,7150.73,55.88,0.072,0.1,0.074,0.1,58.5,5.53189,-11.35101,-2.02511,0.00043,-0.61643
143.82,ETH-27DEC19,1576148343961,open,0.02,250.0,0.005,0.043,0.019906,72.04,0.025,0.0,ETH-27DEC19-130-P,143.65,68.83,0.018,648.0,0.022,694.0,75.49,0.08629,-0.20894,-0.01415,0.01421,-0.22143
146.0,ETH-27MAR20,1576148343963,open,0.23,3927.0,0.173,0.284,0.22727,78.43,0.225,0.0,ETH-27MAR20-160-P,143.65,74.58,0.219,452.0,0.236,185.0,82.49,0.3137,-0.11618,-0.30894,0.00647,-0.50223
143.82,ETH-27DEC19,1576148343963,open,1.67,0.0,1.566,1.724,1.642378,159.53,None,0.0,ETH-27DEC19-380-P,143.65,0.0,0.02,50.0,0.0,0.0,0.0,0.00196,-0.01052,-0.15476,0.00015,-0.99785
143.82,ETH-27DEC19,1576148343963,open,0.01,5295.0,0.001,0.02,0.005999,77.69,0.006,0.0,ETH-27DEC19-180-C,143.65,74.46,0.005,685.0,0.007,250.0,80.68,0.04643,-0.12124,0.00482,0.00709,0.08815
143.82,ETH-27DEC19,1576148343965,open,0.09,2426.0,0.047,0.119,0.080866,69.13,0.07,0.0,ETH-27DEC19-150-P,143.65,65.46,0.078,120.0,0.084,275.0,73.11,0.11276,-0.262,-0.03942,0.01935,-0.59162
144.66,SYN.ETH-31JAN20,1576148343965,open,0.01,26.0,0.001,0.021,0.007102,90.43,0.006,0.0,ETH-31JAN20-260-C,143.65,87.67,0.006,250.0,0.008,210.0,92.5,0.06057,-0.05491,0.00972,0.00234,0.05628
144.66,SYN.ETH-31JAN20,1576148343965,open,0.09,22.0,0.054,0.128,0.089229,72.27,0.097,0.0,ETH-31JAN20-140-P,143.65,70.71,0.087,168.0,0.091,250.0,73.51,0.20645,-0.14957,-0.0965,0.00999,-0.39894
143.82,ETH-27DEC19,1576148343967,open,0.06,123.0,0.038,0.1,0.069102,69.02,0.068,0.0,ETH-27DEC19-140-C,143.65,65.03,0.066,160.0,0.072,406.0,72.74,0.1119,-0.25958,0.03133,0.01923,0.60368
143.66,SYN.ETH-13DEC19,1576148343967,open,0.06,264.0,0.015,0.08,0.046732,78.74,0.048,0.0,ETH-13DEC19-150-P,143.65,58.87,0.045,65.0,0.051,65.0,111.85,0.01532,-0.60323,-0.00314,0.0393,-0.86443
143.82,ETH-27DEC19,1576148343969,open,2.66,37.0,2.511,2.727,2.615882,208.74,0.707,0.0,ETH-27DEC19-520-P,143.65,0.0,0.003,50.0,0.0,0.0,0.0,0.00206,-0.01443,-0.21181,0.00012,-0.99774
146.0,ETH-27MAR20,1576148343969,open,0.02,837.0,0.005,0.031,0.014833,85.2,0.014,0.0,ETH-27MAR20-80-P,143.65,82.32,0.013,320.0,0.017,301.0,88.4,0.09577,-0.03853,-0.03242,0.00182,-0.06173
143.82,ETH-27DEC19,1576148343969,open,1.81,15.0,1.701,1.867,1.781449,167.47,1.248,0.0,ETH-27DEC19-400-P,143.65,0.0,0.002,50.0,0.0,0.0,0.0,0.00196,-0.01103,-0.16291,0.00014,-0.99786
146.0,ETH-27MAR20,1576148343971,open,0.97,173.0,0.874,1.023,0.944131,89.17,1.157,0.0,ETH-27MAR20-280-P,143.65,0.0,0.002,50.0,0.973,1.0,110.25,0.16835,-0.0709,-0.76733,0.00305,-0.86773
146.0,ETH-27MAR20,1576148343976,open,0.09,1510.0,0.055,0.138,0.094651,79.54,0.104,0.0,ETH-27MAR20-180-C,143.65,77.29,0.09,277.0,0.1,250.0,82.12,0.3021,-0.11348,0.12587,0.00614,0.39185
147.27,SYN.ETH-26JUN20,1576148343976,open,0.63,0.0,0.534,0.697,0.613102,85.9,None,0.0,ETH-26JUN20-220-P,143.65,0.0,0.493,51.0,0.65,40.0,98.91,0.40987,-0.08942,-0.98414,0.00408,-0.62579
143.66,SYN.ETH-13DEC19,1576148343976,open,0.08,4.0,0.068,0.122,0.095298,92.81,0.111,0.0,ETH-13DEC19-130-C,143.65,0.0,0.091,65.0,0.097,40.0,136.95,0.00238,-0.11065,0.00307,0.00519,0.98681
143.82,ETH-27DEC19,1576148343978,open,0.27,4509.0,0.218,0.301,0.25765,77.96,0.216,0.0,ETH-27DEC19-180-P,143.65,48.88,0.252,345.0,0.271,1.0,108.55,0.04675,-0.12251,-0.0685,0.00711,-0.91102
143.82,ETH-27DEC19,1576148343978,open,0.17,22.0,0.145,0.204,0.174725,78.49,0.165,0.0,ETH-27DEC19-120-C,143.65,55.94,0.168,229.0,0.181,196.0,93.3,0.0549,-0.14483,0.04188,0.0083,0.88914
146.0,ETH-27MAR20,1576148343978,open,0.15,707.0,0.096,0.19,0.141289,77.07,0.148,0.0,ETH-27MAR20-140-P,143.65,73.51,0.134,240.0,0.147,240.0,79.86,0.29911,-0.10886,-0.22026,0.00628,-0.3788
144.66,SYN.ETH-31JAN20,1576148343978,open,0.06,766.0,0.036,0.101,0.066888,72.41,0.065,0.0,ETH-31JAN20-160-C,143.65,71.09,0.065,274.0,0.07,290.0,74.58,0.20714,-0.15036,0.06666,0.01,0.4041
143.82,ETH-27DEC19,1576148343980,open,3.22,0.0,3.051,3.3,3.172172,231.4,0.953,0.0,ETH-27DEC19-600-P,143.65,0.0,0.02,50.0,0.0,0.0,0.0,0.00215,-0.01671,-0.24441,0.00011,-0.99763
143.82,ETH-27DEC19,1576148343982,open,2.94,0.0,2.781,3.014,2.894027,220.46,0.845,0.0,ETH-27DEC19-560-P,143.65,0.0,0.02,50.0,0.0,0.0,0.0,0.0021,-0.01557,-0.22811,0.00011,-0.99769
143.82,ETH-27DEC19,1576148343985,open,0.3,0.0,0.284,0.332,0.307503,103.05,None,0.0,ETH-27DEC19-100-C,143.65,0.0,0.304,1.0,0.319,60.0,150.79,0.02089,-0.07236,0.03871,0.0024,0.9679
143.82,ETH-27DEC19,1576148343987,open,0.41,3551.0,0.351,0.44,0.393291,88.46,0.332,0.0,ETH-27DEC19-200-P,143.65,0.0,0.39,20.0,0.672,1.0,491.0,0.02473,-0.07354,-0.07936,0.00332,-0.96056
144.66,SYN.ETH-31JAN20,1576148343987,open,0.01,607.0,0.004,0.031,0.013945,82.73,0.014,0.0,ETH-31JAN20-100-P,143.65,81.09,0.013,160.0,0.016,460.0,86.15,0.08459,-0.07016,-0.01993,0.00358,-0.08689
143.82,ETH-27DEC19,1576148343989,open,0.03,2571.0,0.015,0.067,0.037823,69.03,0.043,0.0,ETH-27DEC19-150-C,143.65,65.42,0.035,120.0,0.039,2.0,70.53,0.11275,-0.26161,0.02171,0.01937,0.40819
143.82,ETH-27DEC19,1576148343989,open,3.78,1.0,3.591,3.874,3.728461,251.32,2.792,0.0,ETH-27DEC19-680-P,143.65,0.0,0.02,50.0,0.0,0.0,0.0,0.00225,-0.01897,-0.27701,0.00011,-0.99751
146.0,ETH-27MAR20,1576148343991,open,0.13,1160.0,0.087,0.176,0.13138,78.43,0.129,0.0,ETH-27MAR20-160-C,143.65,75.92,0.126,303.0,0.136,518.0,80.58,0.3137,-0.11618,0.15517,0.00647,0.49777
143.82,ETH-27DEC19,1576148343991,open,3.5,0.0,3.321,3.587,3.450316,241.66,None,0.0,ETH-27DEC19-640-P,143.65,0.0,0.02,50.0,0.0,0.0,0.0,0.0022,-0.01784,-0.26071,0.00011,-0.99757
146.0,ETH-27MAR20,1576148343991,open,0.7,119.0,0.619,0.76,0.686207,86.1,0.835,0.0,ETH-27MAR20-240-P,143.65,73.6,0.669,300.0,0.718,1.0,105.17,0.22044,-0.08963,-0.62922,0.00414,-0.79955
143.82,ETH-27DEC19,1576148343991,open,1.53,257.0,1.431,1.58,1.50331,151.34,0.995,0.0,ETH-27DEC19-360-P,143.65,0.0,0.021,5.0,0.0,0.0,0.0,0.00199,-0.01014,-0.1466,0.00016,-0.99782
143.82,ETH-27DEC19,1576148343993,open,0.0,12965.0,0.001,0.012,0.002567,87.89,0.003,0.0,ETH-27DEC19-200-C,143.65,84.27,0.002,250.0,0.003,485.0,90.35,0.02419,-0.07147,0.0021,0.00327,0.03838
7417.41,SYN.BTC-26JUN20,1576148343993,open,0.35,107.5,0.3005,0.4185,0.35406624,72.6,0.344,0.0,BTC-26JUN20-9000-P,7150.73,64.83,0.3315,6.0,0.424,2.0,96.5,21.63255,-3.98885,-35.70093,0.0001,-0.53827
143.66,SYN.ETH-13DEC19,1576148343993,open,0.0,693.0,0.001,0.011,0.000216,93.03,0.002,0.0,ETH-13DEC19-130-P,143.65,0.0,0.0,0.0,0.001,251.0,119.48,0.00241,-0.03106,-5e-05,0.00524,-0.01336
143.82,ETH-27DEC19,1576148343997,open,0.83,946.0,0.756,0.868,0.808708,122.14,0.715,0.0,ETH-27DEC19-260-P,143.65,0.0,0.001,14.0,1.844,5.0,500.0,0.00865,-0.03551,-0.10535,0.00084,-0.98864
143.82,ETH-27DEC19,1576148343997,open,4.35,1.0,4.131,4.447,4.284751,269.1,3.236,0.0,ETH-27DEC19-760-P,143.65,0.0,0.02,50.0,0.0,0.0,0.0,0.00235,-0.02121,-0.30961,0.0001,-0.99739
147.27,SYN.ETH-26JUN20,1576148343997,open,0.49,0.0,0.463,0.526,0.494534,84.17,None,0.0,ETH-26JUN20-80-C,143.65,67.88,0.476,50.0,0.515,50.0,99.32,0.18625,-0.03981,0.32413,0.00189,0.90256
143.82,ETH-27DEC19,1576148343999,open,0.97,310.0,0.891,1.009,0.947315,124.61,0.49,0.0,ETH-27DEC19-280-P,143.65,0.0,0.003,9.0,0.0,0.0,0.0,0.00481,-0.02014,-0.1138,0.00046,-0.99418
146.0,ETH-27MAR20,1576148343999,open,1.78,4.0,1.663,1.85,1.750872,101.36,2.048,0.0,ETH-27MAR20-400-P,143.65,0.0,0.055,2.0,0.0,0.0,0.0,0.09099,-0.04355,-1.14052,0.00145,-0.94218
147.27,SYN.ETH-26JUN20,1576148343999,open,0.6,1.0,0.588,0.63,0.608067,88.8,0.69,0.0,ETH-26JUN20-60-C,143.65,67.83,0.597,55.0,0.622,55.0,106.29,0.10122,-0.02283,0.27616,0.00097,0.95571
7176.51,BTC-27DEC19,1576148344002,open,0.0,64.5,0.0005,0.011,0.00125206,88.2,0.0015,0.0,BTC-27DEC19-10500-C,7150.73,85.46,0.001,5.3,0.0015,0.5,90.56,0.70941,-2.10308,0.05561,4e-05,0.02027
7176.51,BTC-27DEC19,1576148344004,open,0.0,1476.8,0.0005,0.012,0.00221413,98.14,0.0025,0.0,BTC-27DEC19-5000-P,7150.73,96.4,0.002,20.4,0.0025,33.5,100.32,0.90978,-3.00118,-0.08615,4e-05,-0.02724
143.82,ETH-27DEC19,1576148344006,open,0.01,6682.0,0.001,0.025,0.00916,78.64,0.01,0.0,ETH-27DEC19-120-P,143.65,75.53,0.008,250.0,0.011,800.0,83.28,0.05504,-0.14548,-0.00706,0.0083,-0.11125
144.66,SYN.ETH-31JAN20,1576148344008,open,0.04,1160.0,0.016,0.065,0.037545,75.05,0.042,0.0,ETH-31JAN20-120-P,143.65,74.54,0.037,178.0,0.039,250.0,76.42,0.15338,-0.1154,-0.0486,0.00715,-0.20831
146.0,ETH-27MAR20,1576148344010,open,0.13,1160.0,0.087,0.176,0.13138,78.43,0.129,0.0,ETH-27MAR20-160-C,143.65,75.92,0.126,603.0,0.136,518.0,80.58,0.3137,-0.11618,0.15517,0.00647,0.49777
144.66,SYN.ETH-31JAN20,1576148344019,open,0.2,0.0,0.172,0.242,0.207969,75.02,None,0.0,ETH-31JAN20-120-C,143.65,43.03,0.179,39.0,0.238,39.0,101.8,0.15335,-0.11533,0.1154,0.00715,0.79176
7176.51,BTC-27DEC19,1576148344029,open,0.01,1419.9,0.0035,0.033,0.01402352,61.95,0.013,0.0,BTC-27DEC19-8000-C,7150.73,59.28,0.0125,61.4,0.014,0.4,61.91,4.17648,-8.69592,0.57346,0.00032,0.21009
146.0,ETH-27MAR20,1576148344032,open,0.09,1510.0,0.055,0.138,0.094651,79.54,0.104,0.0,ETH-27MAR20-180-C,143.65,77.29,0.09,577.0,0.1,250.0,82.12,0.3021,-0.11348,0.12587,0.00614,0.39185
7176.51,BTC-27DEC19,1576148344127,open,0.11,147.5,0.0855,0.1345,0.10898239,62.33,0.1105,0.0,BTC-27DEC19-6500-C,7150.71,58.73,0.107,0.1,0.11,0.1,64.13,4.02823,-8.43936,2.02774,0.00031,0.80227
7176.51,BTC-27DEC19,1576148344127,open,0.0,477.8,0.0005,0.0135,0.00353261,83.17,0.0035,0.0,BTC-27DEC19-5500-P,7150.71,80.39,0.003,40.5,0.004,9.9,85.43,1.43656,-4.01584,-0.14955,8e-05,-0.0476
7296.94,BTC-27MAR20,1576148344127,open,3.4,0.0,3.3,3.4875,3.38841073,112.79,None,0.0,BTC-27MAR20-32000-P,7150.71,0.0,0.0015,10.0,0.0,0.0,0.0,1.6234,-0.86474,-92.53491,1e-05,-0.9834
7296.94,BTC-27MAR20,1576148344127,open,0.11,756.6,0.0745,0.15,0.10836653,67.78,0.11,0.0,BTC-27MAR20-8000-C,7150.71,66.67,0.106,18.3,0.111,12.5,69.01,15.64065,-5.00638,7.70333,0.00015,0.47231
7176.51,BTC-27DEC19,1576148344127,open,0.4,518.6,0.3665,0.4285,0.39520093,83.0,0.3875,0.0,BTC-27DEC19-10000-P,7150.71,0.0,0.387,2.0,0.402,2.0,112.56,0.95722,-2.67029,-3.99601,5e-05,-0.97104
7176.51,BTC-27DEC19,1576148344128,open,0.03,785.5,0.013,0.055,0.0308674,61.03,0.03,0.0,BTC-27DEC19-7500-C,7150.71,56.64,0.0275,16.1,0.0295,0.5,59.25,5.53169,-11.3472,1.03144,0.00043,0.38352
7176.51,BTC-27DEC19,1576148344127,open,2.35,0.0,2.279,2.4125,2.34427658,169.62,None,0.0,BTC-27DEC19-24000-P,7150.71,0.0,0.0,0.0,0.0,0.0,0.0,0.02083,-0.11876,-9.78021,0.0,-0.9996
7296.94,BTC-27MAR20,1576148344128,open,0.12,266.0,0.086,0.1635,0.12038679,66.78,0.12,0.0,BTC-27MAR20-7000-P,7150.71,65.13,0.117,29.0,0.1235,23.4,68.29,15.00933,-4.73349,-10.67315,0.00015,-0.38387
7176.51,BTC-27DEC19,1576148344127,open,0.19,3.0,0.1645,0.223,0.19152782,66.23,0.1865,0.0,BTC-27DEC19-8500-P,7150.71,0.0,0.183,2.0,0.198,2.0,80.5,2.81643,-6.26936,-3.14792,0.0002,-0.88475
7176.51,BTC-27DEC19,1576148344128,open,0.26,860.0,0.231,0.29,0.25806667,71.26,0.2645,0.0,BTC-27DEC19-9000-P,7150.71,0.0,0.2495,2.0,0.265,2.0,91.34,1.87138,-4.48259,-3.48489,0.00013,-0.93343
7176.51,BTC-27DEC19,1576148344128,open,0.0,530.9,0.0005,0.0105,0.0,120.0,0.0005,0.0,BTC-27DEC19-32000-C,7150.71,0.0,0.0,0.0,0.0005,5.4,252.21,0.0,0.0,0.0,0.0,0.0
7176.51,BTC-27DEC19,1576148344128,open,0.17,133.2,0.15,0.1935,0.17050709,70.82,0.17,0.0,BTC-27DEC19-6000-C,7150.71,42.91,0.1645,15.0,0.1755,15.0,83.97,2.40612,-5.72733,2.15478,0.00016,0.90723
7176.51,BTC-27DEC19,1576148344128,open,0.0,394.4,0.0005,0.0105,4.408e-05,120.0,0.0005,0.0,BTC-27DEC19-16000-C,7150.71,0.0,0.0,0.0,0.0005,25.4,148.17,0.03583,-0.1445,0.00196,0.0,0.00071
7176.51,BTC-27DEC19,1576148344128,open,0.0,839.6,0.0005,0.0105,6.6e-06,120.0,0.0005,0.0,BTC-27DEC19-18000-C,7150.71,0.0,0.0,0.0,0.0005,18.7,166.64,0.00675,-0.02724,0.00033,0.0,0.00012
7176.51,BTC-27DEC19,1576148344128,open,0.01,439.8,0.0005,0.0215,0.00709055,66.18,0.007,0.0,BTC-27DEC19-8500-C,7150.71,64.65,0.0065,3.0,0.007,0.5,65.95,2.81338,-6.25836,0.31582,0.0002,0.11507
7296.92,BTC-27MAR20,1576148344128,open,0.03,239.5,0.0125,0.051,0.02716362,71.48,0.027,0.0,BTC-27MAR20-5000-P,7150.71,70.4,0.026,1.2,0.0285,26.9,72.71,7.86743,-2.65593,-3.11758,7e-05,-0.12013
7176.49,BTC-27DEC19,1576148344129,open,0.04,958.2,0.0175,0.0635,0.03721313,61.04,0.0325,0.0,BTC-27DEC19-7000-P,7150.71,55.61,0.033,16.2,0.035,1.0,58.19,5.58234,-11.45266,-1.26709,0.00044,-0.39601
7176.49,BTC-27DEC19,1576148344129,open,0.0,149.9,0.0005,0.0125,0.00250414,76.92,0.0025,0.0,BTC-27DEC19-9500-C,7150.71,73.94,0.002,45.0,0.003,20.5,79.51,1.29714,-3.35343,0.11532,8e-05,0.04193
7176.49,BTC-27DEC19,1576148344129,open,0.0,1439.0,0.0005,0.0115,0.00175221,82.89,0.002,0.0,BTC-27DEC19-10000-C,7150.71,80.9,0.0015,5.1,0.002,0.6,84.68,0.95256,-2.65398,0.07907,5e-05,0.02879
7176.49,BTC-27DEC19,1576148344129,open,0.54,249.1,0.503,0.5685,0.533687,92.88,0.525,0.0,BTC-27DEC19-11000-P,7150.71,0.0,0.527,2.0,0.541,2.0,134.31,0.53248,-1.66242,-4.44336,3e-05,-0.98551
7296.92,BTC-27MAR20,1576148344129,open,0.01,500.3,0.0005,0.026,0.00799243,95.82,0.0085,0.0,BTC-27MAR20-20000-C,7150.71,94.83,0.0075,0.8,0.0085,6.0,96.79,3.72275,-1.68456,0.78256,3e-05,0.04496
7296.92,BTC-27MAR20,1576148344129,open,3.67,0.0,3.569,3.7665,3.66222322,115.11,None,0.0,BTC-27MAR20-34000-P,7150.71,0.0,0.0015,10.0,0.0,0.0,0.0,1.4815,-0.80538,-98.36577,1e-05,-0.98508
7296.92,BTC-27MAR20,1576148344129,open,0.24,21.9,0.208,0.2765,0.23985291,68.25,0.235,0.0,BTC-27MAR20-6000-C,7150.71,64.4,0.2335,19.0,0.2485,13.0,73.41,12.13194,-3.9104,11.07417,0.00012,0.76305
7176.49,BTC-27DEC19,1576148344129,open,2.91,0.2,2.8255,2.981,2.90167772,194.01,2.2765,0.0,BTC-27DEC19-28000-P,7150.71,0.0,0.0,0.0,0.0,0.0,0.0,0.02664,-0.17374,-11.41012,0.0,-0.99948
7296.92,BTC-27MAR20,1576148344129,open,0.0,69.3,0.0005,0.0165,0.00381584,107.72,0.006,0.0,BTC-27MAR20-28000-C,7150.71,104.51,0.003,46.0,0.0045,20.1,110.07,2.00658,-1.0208,0.36994,1e-05,0.02129
7176.49,BTC-27DEC19,1576148344129,open,0.0,1166.3,0.0005,0.0105,0.00088504,92.62,0.001,0.0,BTC-27DEC19-11000-C,7150.71,86.29,0.0005,47.0,0.001,0.5,94.13,0.52476,-1.63371,0.03907,3e-05,0.01424
7176.49,BTC-27DEC19,1576148344129,open,0.01,1620.6,0.0005,0.02,0.00658033,70.85,0.0075,0.0,BTC-27DEC19-6000-P,7150.71,69.09,0.006,5.5,0.007,20.5,72.09,2.40808,-5.73488,-0.29087,0.00016,-0.09287
7152.25,SYN.BTC-13DEC19,1576148344127,open,0.06,6.3,0.037,0.079,0.05729539,78.07,0.062,0.0,BTC-13DEC19-6750-C,7150.71,0.0,0.0555,0.9,0.0605,0.8,114.43,0.43169,-16.85116,0.15101,0.00045,0.93734
7152.25,SYN.BTC-13DEC19,1576148344129,open,0.0,711.3,0.0005,0.0105,0.00021845,101.37,0.0005,0.0,BTC-13DEC19-8000-C,7150.71,0.0,0.0,0.0,0.0005,8.3,114.25,0.11597,-1.56239,0.00216,9e-05,0.01283
7164.36,SYN.BTC-20DEC19,1576148344127,open,0.29,0.0,0.266,0.3215,0.29186673,80.81,None,0.0,BTC-20DEC19-9250-P,7150.71,0.0,0.0,0.0,0.0,0.0,0.0,0.4697,-2.40984,-1.96896,5e-05,-0.98183
7176.49,BTC-27DEC19,1576148344130,open,0.0,1036.3,0.0005,0.0105,0.00011405,120.0,0.0005,0.0,BTC-27DEC19-15000-C,7150.71,0.0,0.0,0.0,0.0005,9.8,137.88,0.08085,-0.32611,0.00475,0.0,0.00174
7296.92,BTC-27MAR20,1576148344130,open,0.01,423.7,0.0005,0.0295,0.00974856,91.17,0.01,0.0,BTC-27MAR20-18000-C,7150.71,89.02,0.0085,38.4,0.0105,5.0,92.39,4.40553,-1.89677,0.96919,3e-05,0.05554
7296.92,BTC-27MAR20,1576148344130,open,0.0,115.7,0.0005,0.019,0.00472971,105.98,0.0075,0.0,BTC-27MAR20-26000-C,7150.71,103.62,0.004,15.0,0.0055,20.1,108.22,2.38504,-1.19373,0.45339,1e-05,0.02615
7296.92,BTC-27MAR20,1576148344130,open,2.3,0.0,2.226,2.374,2.29430711,102.18,None,0.0,BTC-27MAR20-24000-P,7150.71,0.0,0.0015,10.0,0.0,0.0,0.0,2.63688,-1.27246,-69.10361,2e-05,-0.9705
7176.49,BTC-27DEC19,1576148344130,open,0.0,786.4,0.0005,0.0105,0.00099129,107.98,0.001,0.0,BTC-27DEC19-4500-P,7150.71,98.51,0.0005,45.4,0.0015,40.5,114.88,0.45974,-1.66857,-0.03864,2e-05,-0.01222
7296.92,BTC-27MAR20,1576148344130,open,2.03,5.6,1.9575,2.0965,2.02122451,98.83,1.545,0.0,BTC-27MAR20-22000-P,7150.71,0.0,0.0015,10.0,0.0,0.0,0.0,3.06238,-1.42925,-63.1994,2e-05,-0.96464
7176.49,BTC-27DEC19,1576148344130,open,0.0,961.6,0.0005,0.0105,0.0,120.0,0.001,0.0,BTC-27DEC19-30000-C,7150.71,0.0,0.0,0.0,0.0005,5.9,242.94,0.0,0.0,0.0,0.0,0.0
7176.49,BTC-27DEC19,1576148344130,open,0.82,98.8,0.776,0.8535,0.81223707,120.28,0.7,0.0,BTC-27DEC19-13000-P,7150.71,0.0,0.804,2.0,0.819,2.0,169.11,0.38693,-1.56427,-5.27112,2e-05,-0.98998
7176.49,BTC-27DEC19,1576148344130,open,3.47,0.3,3.372,3.55,3.4590354,204.65,2.744,0.0,BTC-27DEC19-32000-P,7150.71,0.0,0.0,0.0,0.0,0.0,0.0,0.01715,-0.11799,-13.04085,0.0,-0.99968
7176.49,BTC-27DEC19,1576148344130,open,2.63,0.0,2.552,2.6965,2.62298646,183.66,None,0.0,BTC-27DEC19-26000-P,7150.71,0.0,0.0,0.0,0.0,0.0,0.0,0.02609,-0.16107,-10.59503,0.0,-0.99949
7296.92,BTC-27MAR20,1576148344131,open,0.16,54.3,0.126,0.202,0.16107925,66.78,0.161,0.0,BTC-27MAR20-7000-C,7150.71,65.28,0.158,13.0,0.164,9.0,68.2,15.00933,-4.73349,9.63172,0.00015,0.61613
7222.8,SYN.BTC-31JAN20,1576148344128,open,0.01,99.5,0.0005,0.025,0.00906803,74.1,0.011,0.0,BTC-31JAN20-11000-C,7150.71,72.12,0.008,65.0,0.01,18.4,75.74,4.00522,-2.97543,0.70954,8e-05,0.08096
7176.49,BTC-27DEC19,1576148344131,open,0.0,967.1,0.0005,0.0105,0.00074831,106.08,0.001,0.0,BTC-27DEC19-12000-C,7150.71,101.18,0.0005,25.8,0.001,20.5,109.99,0.41649,-1.48499,0.02971,2e-05,0.01091
7222.8,SYN.BTC-31JAN20,1576148344127,open,0.01,97.8,0.0005,0.02,0.00627228,79.14,0.0065,0.0,BTC-31JAN20-12000-C,7150.71,77.22,0.0055,37.0,0.007,16.0,80.83,3.01346,-2.39074,0.49098,5e-05,0.05602
7176.49,BTC-27DEC19,1576148344131,open,0.24,69.4,0.219,0.258,0.2371359,83.14,0.29,0.0,BTC-27DEC19-5500-C,7150.71,0.0,0.2335,10.1,0.243,16.0,105.44,1.43541,-4.01131,2.09215,8e-05,0.95245
7164.36,SYN.BTC-20DEC19,1576148344127,open,0.01,126.7,0.004,0.038,0.01350191,52.62,0.014,0.0,BTC-20DEC19-7500-C,7150.71,50.62,0.0125,0.2,0.0145,20.9,54.59,3.6018,-12.03283,0.42728,0.00062,0.2899
7296.92,BTC-27MAR20,1576148344131,open,0.01,154.9,0.0005,0.02,0.00525267,102.2,0.0055,0.0,BTC-27MAR20-24000-C,7150.71,101.49,0.005,1.0,0.0055,1.0,102.87,2.63836,-1.27333,0.51361,2e-05,0.02952
7222.8,SYN.BTC-31JAN20,1576148344128,open,0.01,33.5,0.0005,0.0225,0.00744079,76.58,0.012,0.0,BTC-31JAN20-11500-C,7150.71,74.54,0.0065,51.0,0.008,18.3,77.73,3.45058,-2.64905,0.58408,6e-05,0.06662
7222.8,SYN.BTC-31JAN20,1576148344130,open,0.2,0.0,0.1715,0.226,0.19698429,65.15,None,0.0,BTC-31JAN20-6000-C,7150.71,57.85,0.19,17.0,0.208,15.0,75.82,7.16461,-4.6796,6.084,0.00015,0.81342
7417.41,SYN.BTC-26JUN20,1576148344130,open,0.1,277.3,0.069,0.147,0.10286849,69.98,0.1005,0.0,BTC-26JUN20-6000-P,7150.71,68.75,0.1,13.0,0.1055,14.1,71.1,17.36799,-3.0867,-14.17992,8e-05,-0.25155
7222.8,SYN.BTC-31JAN20,1576148344129,open,0.53,0.0,0.4965,0.5745,0.53203091,74.12,None,0.0,BTC-31JAN20-11000-P,7150.71,0.0,0.503,5.0,0.557,5.0,105.52,4.00722,-2.97755,-14.32105,8e-05,-0.91899
7296.92,BTC-27MAR20,1576148344133,open,0.94,58.9,0.8885,0.996,0.93677461,81.52,1.1385,0.0,BTC-27MAR20-14000-P,7150.71,0.0,0.4,0.5,1.135,0.5,193.17,7.04695,-2.71282,-38.81414,6e-05,-0.897
7152.25,SYN.BTC-13DEC19,1576148344131,open,0.0,184.9,0.0005,0.0105,2.14e-05,120.0,0.0005,0.0,BTC-13DEC19-6000-P,7150.71,0.0,0.0,0.0,0.0005,6.1,171.02,0.0147,-0.15305,-0.00022,1e-05,-0.00127
7417.41,SYN.BTC-26JUN20,1576148344128,open,1.99,0.0,1.9165,2.076,1.98786067,89.2,None,0.0,BTC-26JUN20-22000-P,7150.71,0.0,0.11,1.0,3.0,0.1,500.0,8.95081,-2.02777,-115.88144,3e-05,-0.90856
7164.36,SYN.BTC-20DEC19,1576148344127,open,0.01,148.4,0.0005,0.0265,0.00742757,55.15,0.008,0.0,BTC-20DEC19-7750-C,7150.71,54.02,0.007,0.2,0.0075,16.0,55.34,2.72591,-9.54423,0.26111,0.00045,0.17634
7164.36,SYN.BTC-20DEC19,1576148344127,open,0.04,131.5,0.0255,0.0725,0.04285723,51.8,0.0435,0.0,BTC-20DEC19-7000-C,7150.71,48.43,0.041,15.5,0.044,8.0,53.87,3.95853,-13.01919,0.91416,0.00069,0.63421
7222.8,SYN.BTC-31JAN20,1576148344130,open,0.32,0.0,0.2985,0.3405,0.31780799,75.41,None,0.0,BTC-31JAN20-5000-C,7150.71,54.58,0.31,17.0,0.335,15.0,102.23,3.67489,-2.77797,6.01945,7e-05,0.9277
7152.25,SYN.BTC-13DEC19,1576148344129,open,0.0,149.6,0.0005,0.0105,8e-08,120.0,0.0005,0.0,BTC-13DEC19-9250-C,7150.71,0.0,0.0,0.0,0.0005,0.6,230.46,0.00011,-0.00061,0.0,0.0,1e-05
7152.25,SYN.BTC-13DEC19,1576148344130,open,0.0,571.4,0.0005,0.0105,0.00023736,77.12,0.0005,0.0,BTC-13DEC19-7750-C,7150.71,0.0,0.0,0.0,0.0005,0.1,86.66,0.15216,-1.69766,0.00298,0.00016,0.0176
7417.41,SYN.BTC-26JUN20,1576148344131,open,2.53,0.0,2.4425,2.619,2.52221403,94.05,None,0.0,BTC-26JUN20-26000-P,7150.71,0.0,0.002,1.0,0.0,0.0,0.0,7.37183,-1.76082,-138.089,3e-05,-0.92928
7417.41,SYN.BTC-26JUN20,1576148344130,open,2.8,0.0,2.7055,2.8905,2.78958459,95.6,None,0.0,BTC-26JUN20-28000-P,7150.71,0.0,0.002,1.0,0.0,0.0,0.0,6.63043,-1.60985,-149.14786,2e-05,-0.93833
7222.8,SYN.BTC-31JAN20,1576148344133,open,0.34,4.8,0.3005,0.376,0.33489332,67.51,0.3445,0.0,BTC-31JAN20-9500-P,7150.71,0.0,0.303,6.0,0.363,6.0,93.41,6.63298,-4.48936,-11.54444,0.00014,-0.8348
7152.25,SYN.BTC-13DEC19,1576148344129,open,0.23,0.0,0.1995,0.2485,0.22339776,121.1,None,0.0,BTC-13DEC19-8750-P,7150.71,0.0,0.0,0.0,0.9735,3.0,500.0,0.00479,-0.28977,-0.20986,0.0,-0.99962
7222.8,SYN.BTC-31JAN20,1576148344130,open,0.1,64.4,0.0815,0.144,0.10594259,61.9,0.1055,0.0,BTC-31JAN20-7000-C,7150.71,60.19,0.1035,24.6,0.108,21.0,63.34,10.32039,-6.40438,4.86853,0.00023,0.59923
7164.36,SYN.BTC-20DEC19,1576148344127,open,0.2,0.0,0.1815,0.2185,0.19891649,82.59,None,0.0,BTC-20DEC19-5750-C,7150.71,0.0,0.1875,11.0,0.2095,11.0,135.52,0.72615,-3.80761,1.19121,8e-05,0.96949
7164.36,SYN.BTC-20DEC19,1576148344127,open,0.04,99.9,0.02,0.0685,0.03619412,50.62,0.036,0.0,BTC-20DEC19-7250-P,7150.71,48.57,0.035,7.8,0.0375,19.0,52.87,4.16697,-13.39256,-0.90432,0.00074,-0.54879
7222.8,SYN.BTC-31JAN20,1576148344131,open,0.01,97.7,0.0015,0.0295,0.01148764,71.91,0.0135,0.0,BTC-31JAN20-10500-C,7150.71,70.37,0.0105,27.0,0.0125,55.9,73.42,4.72771,-3.40813,0.88573,9e-05,0.10123
7164.36,SYN.BTC-20DEC19,1576148344127,open,0.0,63.0,0.0005,0.0105,0.00074798,80.74,0.001,0.0,BTC-20DEC19-9250-C,7150.71,76.42,0.0005,23.5,0.001,38.1,84.24,0.46761,-2.39682,0.02679,5e-05,0.01808
7222.8,SYN.BTC-31JAN20,1576148344129,open,0.07,96.1,0.0525,0.1125,0.07498995,61.97,0.0765,0.0,BTC-31JAN20-7500-C,7150.71,60.61,0.073,28.0,0.0765,1.9,62.99,10.63834,-6.6085,3.99838,0.00024,0.48011
7152.25,SYN.BTC-13DEC19,1576148344130,open,0.0,193.0,0.0005,0.0105,5e-06,120.0,0.0005,0.0,BTC-13DEC19-8750-C,7150.71,0.0,0.0,0.0,0.0005,10.4,187.37,0.0043,-0.03579,6e-05,0.0,0.00034
7417.41,SYN.BTC-26JUN20,1576148344129,open,0.25,162.2,0.2055,0.3135,0.25420823,70.65,0.2505,0.0,BTC-26JUN20-8000-P,7150.71,69.72,0.2515,5.0,0.259,2.0,72.29,21.59259,-3.87417,-28.36383,0.0001,-0.45474
7152.25,SYN.BTC-13DEC19,1576148344131,open,0.3,0.0,0.268,0.3195,0.293296,0.0,None,0.0,BTC-13DEC19-9250-P,7150.71,0.0,0.0,0.0,0.0,0.0,0.0,0.0,0.0,-0.22192,0.0,-1.0
7164.36,SYN.BTC-20DEC19,1576148344127,open,0.01,832.8,0.0005,0.0315,0.01019124,54.27,0.01,0.0,BTC-20DEC19-6750-P,7150.71,51.46,0.009,55.0,0.011,21.0,56.13,3.07979,-10.61091,-0.34901,0.00051,-0.21558
7152.25,SYN.BTC-13DEC19,1576148344129,open,0.0,847.9,0.0005,0.0135,0.00142821,71.24,0.002,0.0,BTC-13DEC19-7500-C,7150.71,65.38,0.001,8.6,0.002,42.1,77.9,0.56711,-10.21494,0.01513,0.00065,0.08962
7164.36,SYN.BTC-20DEC19,1576148344127,open,0.0,87.5,0.0005,0.0115,0.00150244,82.61,0.0015,0.0,BTC-20DEC19-5750-P,7150.71,77.05,0.001,51.0,0.002,9.2,87.11,0.72666,-3.81107,-0.04953,8e-05,-0.03054
7417.41,SYN.BTC-26JUN20,1576148344131,open,0.01,84.7,0.0035,0.041,0.01390417,98.3,0.014,0.0,BTC-26JUN20-30000-C,7150.71,97.21,0.013,0.2,0.015,20.0,99.56,6.29154,-1.57071,1.7514,2e-05,0.05768
7222.8,SYN.BTC-31JAN20,1576148344129,open,0.02,523.0,0.0065,0.0355,0.01662788,69.63,0.0165,0.0,BTC-31JAN20-5500-P,7150.71,68.07,0.0155,44.2,0.0175,18.2,70.82,5.26377,-3.67454,-1.3243,0.00011,-0.11755
7417.41,SYN.BTC-26JUN20,1576148344130,open,0.11,283.7,0.0705,0.1605,0.10929316,72.61,0.107,0.0,BTC-26JUN20-10000-C,7150.71,71.61,0.1065,21.0,0.1105,5.0,73.04,20.81583,-3.83856,11.01187,0.0001,0.38453
7222.8,SYN.BTC-31JAN20,1576148344132,open,0.6,0.0,0.5635,0.6425,0.59962924,76.6,None,0.0,BTC-31JAN20-11500-P,7150.71,0.0,0.571,5.0,0.6245,5.0,110.52,3.45289,-2.65149,-15.1297,6e-05,-0.93332
7222.8,SYN.BTC-31JAN20,1576148344127,open,0.11,129.8,0.0865,0.156,0.1133742,61.97,0.113,0.0,BTC-31JAN20-7500-P,7150.71,60.7,0.1115,5.0,0.115,2.0,63.07,10.63835,-6.60897,-6.25004,0.00024,-0.51988
7222.8,SYN.BTC-31JAN20,1576148344131,open,0.01,253.0,0.0005,0.0245,0.01006385,75.41,0.0105,0.0,BTC-31JAN20-5000-P,7150.71,73.27,0.009,59.0,0.011,19.4,77.22,3.67555,-2.77876,-0.81304,7e-05,-0.07231
7164.36,SYN.BTC-20DEC19,1576148344127,open,0.0,112.4,0.0005,0.015,0.00358105,67.56,0.0045,0.0,BTC-20DEC19-6250-P,7150.71,64.71,0.003,0.1,0.004,23.1,69.48,1.52013,-6.52018,-0.1246,0.0002,-0.07702
7417.41,SYN.BTC-26JUN20,1576148344129,open,2.26,0.0,2.179,2.3465,2.25440405,91.42,None,0.0,BTC-26JUN20-24000-P,7150.71,0.0,0.002,1.0,0.0,0.0,0.0,8.0074,-1.85918,-127.0505,3e-05,-0.92119
7222.8,SYN.BTC-31JAN20,1576148344128,open,0.08,69.0,0.052,0.114,0.07510151,61.91,0.0785,0.0,BTC-31JAN20-7000-P,7150.71,60.43,0.073,20.0,0.077,21.8,63.23,10.32039,-6.40484,-4.69674,0.00023,-0.40077
7417.41,SYN.BTC-26JUN20,1576148344130,open,0.02,65.5,0.005,0.0465,0.01700407,94.11,0.018,0.0,BTC-26JUN20-26000-C,7150.71,93.08,0.016,0.1,0.018,5.0,95.09,7.38602,-1.76528,2.15605,3e-05,0.07089
7417.41,SYN.BTC-26JUN20,1576148344130,open,0.94,11.5,0.8805,1.0145,0.94024091,78.54,0.99,0.0,BTC-26JUN20-14000-P,7150.71,0.0,0.5,1.0,2.0,1.0,500.0,15.6187,-3.11544,-69.29791,7e-05,-0.79184
7417.41,SYN.BTC-26JUN20,1576148344131,open,1.2,5.0,1.136,1.2765,1.19833406,82.12,1.22,0.0,BTC-26JUN20-16000-P,7150.71,0.0,0.56,1.0,2.0,0.1,436.37,13.5364,-2.82317,-81.34012,6e-05,-0.83474
7164.36,SYN.BTC-20DEC19,1576148344127,open,0.07,2.7,0.0475,0.095,0.06802512,54.26,0.0705,0.0,BTC-20DEC19-6750-C,7150.71,33.66,0.0605,16.9,0.0825,15.0,84.71,3.07964,-10.60944,1.10748,0.00051,0.78444
7417.41,SYN.BTC-26JUN20,1576148344130,open,0.17,166.5,0.133,0.2275,0.1756754,70.65,0.175,0.0,BTC-26JUN20-8000-C,7150.71,69.22,0.1715,16.6,0.177,5.0,71.11,21.59254,-3.87436,14.78691,0.0001,0.54527
7152.25,SYN.BTC-13DEC19,1576148344128,open,0.01,286.7,0.0005,0.024,0.00504009,53.31,0.005,0.0,BTC-13DEC19-7250-C,7150.71,47.15,0.004,28.2,0.0065,58.0,61.65,1.22914,-32.7617,0.05167,0.00188,0.30613
7417.41,SYN.BTC-26JUN20,1576148344130,open,3.33,0.0,3.233,3.436,3.32610387,99.13,None,0.0,BTC-26JUN20-32000-P,7150.71,0.0,0.002,1.0,0.0,0.0,0.0,5.62662,-1.41656,-171.07652,2e-05,-0.94991
143.74,SYN.ETH-20DEC19,1576148344692,open,0.13,0.0,0.085,0.158,0.120243,66.55,None,0.0,ETH-20DEC19-160-P,143.65,59.43,0.118,65.0,0.125,65.0,79.29,0.04867,-0.2056,-0.03017,0.0164,-0.85256
143.74,SYN.ETH-20DEC19,1576148344692,open,0.09,40.0,0.073,0.133,0.103712,68.89,0.14,0.0,ETH-20DEC19-130-C,143.65,60.35,0.101,65.0,0.107,65.0,78.02,0.04887,-0.21377,0.0232,0.01591,0.85162
143.74,SYN.ETH-20DEC19,1576148344692,open,0.0,26.0,0.001,0.014,0.003088,81.17,0.003,0.0,ETH-20DEC19-120-P,143.65,74.03,0.002,750.0,0.004,27.0,86.19,0.02442,-0.12586,-0.00189,0.00675,-0.05779
143.74,SYN.ETH-20DEC19,1576148344692,open,0.23,1.0,0.212,0.261,0.236084,95.8,0.248,0.0,ETH-20DEC19-110-C,143.65,0.0,0.223,58.0,0.249,58.0,164.64,0.01207,-0.07339,0.02294,0.00283,0.97566
143.74,SYN.ETH-20DEC19,1576148344694,open,0.07,12.0,0.031,0.098,0.063262,62.72,0.075,0.0,ETH-20DEC19-150-P,143.65,58.48,0.061,145.0,0.065,250.0,65.94,0.07723,-0.30752,-0.02248,0.02762,-0.66153
143.74,SYN.ETH-20DEC19,1576148344694,open,0.2,0.0,0.149,0.225,0.185771,73.74,None,0.0,ETH-20DEC19-170-P,143.65,50.07,0.183,1.0,0.194,1.0,103.69,0.02755,-0.12899,-0.03468,0.00838,-0.93254
143.74,SYN.ETH-20DEC19,1576148344694,open,0.01,288.0,0.001,0.023,0.007081,66.42,0.007,0.0,ETH-20DEC19-160-C,143.65,63.12,0.006,300.0,0.008,250.0,69.08,0.04856,-0.20478,0.00434,0.0164,0.14696
143.74,SYN.ETH-20DEC19,1576148344694,open,0.0,195.0,0.001,0.014,0.003037,73.51,0.003,0.0,ETH-20DEC19-170-C,143.65,67.45,0.002,270.0,0.004,250.0,78.21,0.02735,-0.12764,0.00198,0.00835,0.06682
143.74,SYN.ETH-20DEC19,1576148344694,open,0.0,72.0,0.001,0.011,0.001591,81.76,0.002,0.0,ETH-20DEC19-180-C,143.65,75.79,0.001,251.0,0.002,200.0,85.13,0.01628,-0.08452,0.00103,0.00447,0.03492
7417.41,SYN.BTC-26JUN20,1576148344967,open,0.13,98.2,0.0985,0.1935,0.14072081,72.61,0.1375,0.0,BTC-26JUN20-9000-C,7150.71,70.47,0.1345,13.1,0.1415,8.0,72.88,21.63267,-3.98925,12.84391,0.0001,0.46175
7176.58,BTC-27DEC19,1576148346899,open,0.01,952.0,0.004,0.0335,0.01472168,62.35,0.013,0.0,BTC-27DEC19-6500-P,7150.71,60.15,0.0135,0.4,0.015,22.4,62.84,4.02862,-8.44226,-0.62147,0.00031,-0.19776
143.82,ETH-27DEC19,1576148346905,open,0.0,16677.0,0.001,0.011,0.0,120.0,0.001,0.0,ETH-27DEC19-640-C,143.65,0.0,0.0,0.0,0.001,250.0,268.96,0.0,0.0,0.0,0.0,0.0
143.82,ETH-27DEC19,1576148346905,open,0.05,4530.0,0.017,0.073,0.042578,69.07,0.039,0.0,ETH-27DEC19-140-P,143.65,65.75,0.04,200.0,0.045,293.0,72.18,0.1119,-0.25976,-0.02573,0.01922,-0.39636
146.0,ETH-27MAR20,1576148346905,open,0.04,6394.0,0.017,0.077,0.042372,86.1,0.045,0.0,ETH-27MAR20-240-C,143.65,83.83,0.039,595.0,0.046,250.0,88.47,0.22044,-0.08963,0.06695,0.00414,0.20045
147.27,SYN.ETH-26JUN20,1576148346905,open,0.03,667.0,0.011,0.07,0.033231,98.03,0.038,0.0,ETH-26JUN20-440-C,143.65,95.82,0.03,440.0,0.037,250.0,100.49,0.22015,-0.05481,0.07131,0.00192,0.12299
144.66,SYN.ETH-31JAN20,1576148346905,open,0.03,232.0,0.015,0.066,0.037407,74.73,0.032,0.0,ETH-31JAN20-180-C,143.65,72.69,0.035,467.0,0.04,178.0,76.89,0.17236,-0.12913,0.04338,0.00807,0.25684
143.66,SYN.ETH-13DEC19,1576148346905,open,0.0,1251.0,0.001,0.011,3.9e-05,120.0,0.001,0.0,ETH-13DEC19-170-C,143.65,0.0,0.0,0.0,0.001,225.0,179.01,0.0005,-0.00562,1e-05,0.00085,0.00229
143.82,ETH-27DEC19,1576148346907,open,0.0,7171.0,0.001,0.011,0.001527,116.0,0.001,0.0,ETH-27DEC19-240-C,143.65,109.62,0.001,250.0,0.002,611.0,120.56,0.0136,-0.05304,0.00104,0.00139,0.01924
143.82,ETH-27DEC19,1576148346907,open,0.2,0.0,0.153,0.234,0.192139,72.7,None,0.0,ETH-27DEC19-170-P,143.65,0.0,0.182,1.0,1.208,5.0,500.0,0.06562,-0.16037,-0.06148,0.01071,-0.85679
143.82,ETH-27DEC19,1576148346907,open,4.07,0.0,3.861,4.16,4.006258,120.0,None,0.0,ETH-27DEC19-720-P,143.65,0.0,0.004,50.0,0.0,0.0,0.0,0.0,0.0,-0.29344,0.0,-1.0
143.66,SYN.ETH-13DEC19,1576148346907,open,0.0,56.0,0.001,0.011,0.0,120.0,0.002,0.0,ETH-13DEC19-190-C,143.65,0.0,0.0,0.0,0.001,3.0,272.26,0.0,0.0,0.0,0.0,0.0
7152.23,SYN.BTC-13DEC19,1576148346914,open,0.02,106.5,0.005,0.0465,0.02488951,57.76,0.023,0.0,BTC-13DEC19-7000-C,7150.71,51.39,0.024,1.2,0.026,9.3,65.18,1.03536,-29.90086,0.12969,0.00146,0.78071
7176.58,BTC-27DEC19,1576148346918,open,5.7,0.0,5.5575,5.8245,5.6885065,269.94,None,0.0,BTC-27DEC19-48000-P,7150.71,0.0,0.0005,1.0,0.0,0.0,0.0,0.03294,-0.29887,-19.56089,0.0,-0.99935
7296.93,BTC-27MAR20,1576148346919,open,2.57,0.0,2.4945,2.6525,2.5678769,106.0,None,0.0,BTC-27MAR20-26000-P,7150.71,0.0,0.0015,10.0,0.0,0.0,0.0,2.38668,-1.19472,-74.96456,1e-05,-0.97383
7417.31,SYN.BTC-26JUN20,1576148346922,open,3.07,0.0,2.9695,3.1645,3.05844208,98.24,None,0.0,BTC-26JUN20-30000-P,7150.71,0.0,0.002,1.0,0.0,0.0,0.0,6.27639,-1.5659,-160.06909,2e-05,-0.9425
146.0,ETH-27MAR20,1576148346950,open,0.13,1160.0,0.087,0.176,0.131379,78.43,0.129,0.0,ETH-27MAR20-160-C,143.65,75.92,0.126,303.0,0.136,518.0,80.58,0.3137,-0.11618,0.15517,0.00647,0.49777
7222.85,SYN.BTC-31JAN20,1576148346952,open,0.05,87.1,0.0275,0.079,0.04629604,62.56,0.0445,0.0,BTC-31JAN20-6500-P,7150.71,61.53,0.045,43.8,0.0475,1.0,63.52,9.04628,-5.67361,-3.25794,0.0002,-0.2838
146.0,ETH-27MAR20,1576148346959,open,0.0,5196.0,0.001,0.017,0.004518,114.53,0.008,0.0,ETH-27MAR20-600-C,143.65,108.76,0.003,470.0,0.006,550.0,118.99,0.04392,-0.02376,0.00812,0.00062,0.02369
144.66,SYN.ETH-31JAN20,1576148346959,open,0.18,1.0,0.128,0.22,0.172957,72.42,0.148,0.0,ETH-31JAN20-160-P,143.65,70.35,0.17,253.0,0.179,121.0,76.63,0.20714,-0.15039,-0.15197,0.01,-0.59587
143.82,ETH-27DEC19,1576148346961,open,0.0,202.0,0.001,0.014,0.003637,82.05,0.01,0.0,ETH-27DEC19-190-C,143.65,79.06,0.003,300.0,0.004,200.0,83.63,0.0323,-0.08907,0.00301,0.00467,0.055
146.0,ETH-27MAR20,1576148346961,open,2.33,0.0,2.194,2.409,2.295259,107.87,None,0.0,ETH-27MAR20-480-P,143.65,0.0,0.004,50.0,0.0,0.0,0.0,0.06689,-0.03407,-1.37888,0.001,-0.96063
146.0,ETH-27MAR20,1576148346961,open,0.02,1261.0,0.005,0.045,0.019595,94.5,0.017,0.0,ETH-27MAR20-320-C,143.65,91.63,0.017,260.0,0.022,550.0,96.99,0.13699,-0.06113,0.03363,0.00234,0.099
147.27,SYN.ETH-26JUN20,1576148346961,open,0.2,136.0,0.151,0.26,0.206241,82.1,0.206,0.0,ETH-26JUN20-160-C,143.65,79.94,0.2,267.0,0.216,267.0,85.48,0.42574,-0.08877,0.2851,0.00443,0.56514
143.82,ETH-27DEC19,1576148346963,open,0.0,4535.0,0.001,0.011,0.0,120.0,0.002,0.0,ETH-27DEC19-760-C,143.65,0.0,0.0,0.0,0.001,250.0,294.46,0.0,0.0,0.0,0.0,0.0
143.82,ETH-27DEC19,1576148346963,open,0.0,3909.0,0.001,0.012,0.002862,103.36,0.003,0.0,ETH-27DEC19-100-P,143.65,96.87,0.002,450.0,0.004,801.0,110.4,0.02109,-0.07326,-0.00207,0.00242,-0.03246
147.27,SYN.ETH-26JUN20,1576148346963,open,3.41,0.0,3.224,3.517,3.361695,104.46,None,0.0,ETH-26JUN20-640-P,143.65,0.0,0.01,50.0,0.0,0.0,0.0,0.13355,-0.03543,-3.41492,0.00109,-0.93718
147.27,SYN.ETH-26JUN20,1576148346963,open,0.02,113.0,0.006,0.053,0.02234,103.53,0.019,0.0,ETH-26JUN20-560-C,143.65,100.46,0.019,138.0,0.026,550.0,106.62,0.16736,-0.04401,0.04927,0.00138,0.08436
147.27,SYN.ETH-26JUN20,1576148346963,open,0.17,1899.0,0.117,0.228,0.172605,84.31,0.167,0.0,ETH-26JUN20-180-C,143.65,81.37,0.164,507.0,0.178,523.0,86.15,0.43146,-0.09238,0.25549,0.00437,0.49423
143.66,SYN.ETH-13DEC19,1576148346963,open,0.2,17.0,0.149,0.221,0.183389,120.0,0.224,0.0,ETH-13DEC19-170-P,143.65,0.0,0.17,25.0,0.202,26.0,369.46,0.0005,-0.0303,-0.00407,0.00085,-0.99771
147.27,SYN.ETH-26JUN20,1576148346963,open,2.87,0.0,2.699,2.967,2.824776,103.53,None,0.0,ETH-26JUN20-560-P,143.65,0.0,0.01,50.0,0.0,0.0,0.0,0.16736,-0.04401,-2.97129,0.00138,-0.91564
143.66,SYN.ETH-13DEC19,1576148346963,open,0.01,827.0,0.001,0.023,0.003572,64.02,0.006,0.0,ETH-13DEC19-140-P,143.65,59.75,0.003,184.0,0.005,1.0,73.94,0.01975,-0.51322,-0.0007,0.0623,-0.20083
143.82,ETH-27DEC19,1576148346965,open,0.34,0.0,0.284,0.37,0.324733,82.05,None,0.0,ETH-27DEC19-190-P,143.65,0.0,0.321,1.0,0.341,1.0,125.48,0.0323,-0.08907,-0.07442,0.00467,-0.945
146.0,ETH-27MAR20,1576148346965,open,0.46,20.0,0.442,0.492,0.466888,85.2,0.613,0.0,ETH-27MAR20-80-C,143.65,50.51,0.453,46.0,0.482,46.0,104.87,0.09577,-0.03853,0.19963,0.00182,0.93827
143.82,ETH-27DEC19,1576148346965,open,0.55,2830.0,0.486,0.582,0.53124,99.68,0.65,0.0,ETH-27DEC19-220-P,143.65,0.0,0.001,14.0,1.56,5.0,500.0,0.01531,-0.0513,-0.08846,0.00182,-0.97787
143.82,ETH-27DEC19,1576148346965,open,0.0,7797.0,0.001,0.011,0.00155,99.68,0.001,0.0,ETH-27DEC19-220-C,143.65,93.76,0.001,851.0,0.002,290.0,103.57,0.01531,-0.0513,0.00121,0.00182,0.02213
144.66,SYN.ETH-31JAN20,1576148346965,open,0.69,0.0,0.614,0.729,0.668677,86.0,None,0.0,ETH-31JAN20-240-P,143.65,0.0,0.01,55.0,1.7,5.0,500.0,0.07635,-0.06582,-0.31485,0.0031,-0.92415
147.27,SYN.ETH-26JUN20,1576148346965,open,0.25,90.0,0.202,0.309,0.256583,82.1,0.265,0.0,ETH-26JUN20-140-C,143.65,79.68,0.25,210.0,0.277,51.0,89.63,0.40061,-0.08353,0.31257,0.00417,0.65006
147.27,SYN.ETH-26JUN20,1576148346965,open,0.14,1080.0,0.088,0.195,0.140562,84.31,0.147,0.0,ETH-26JUN20-200-C,143.65,82.03,0.134,278.0,0.148,250.0,86.89,0.42421,-0.09083,0.22735,0.0043,0.42676
146.0,ETH-27MAR20,1576148346967,open,1.51,6.0,1.398,1.57,1.478912,96.3,1.188,0.0,ETH-27MAR20-360-P,143.65,0.0,0.01,30.0,0.0,0.0,0.0,0.1048,-0.04766,-1.02047,0.00176,-0.93067
146.0,ETH-27MAR20,1576148346967,open,0.35,1.0,0.318,0.386,0.351826,80.02,0.337,0.0,ETH-27MAR20-100-C,143.65,56.65,0.328,43.0,0.372,43.0,96.1,0.17251,-0.06519,0.21646,0.00349,0.86294
146.0,ETH-27MAR20,1576148346967,open,2.06,0.0,1.928,2.126,2.021292,101.79,None,0.0,ETH-27MAR20-440-P,143.65,0.0,0.003,50.0,0.0,0.0,0.0,0.06927,-0.0333,-1.26212,0.0011,-0.9589
143.82,ETH-27DEC19,1576148346967,open,0.0,2179.0,0.001,0.011,0.000117,120.0,0.001,0.0,ETH-27DEC19-300-C,143.65,0.0,0.0,0.0,0.001,2.0,148.58,0.00166,-0.0067,0.0001,0.00016,0.00179
147.27,SYN.ETH-26JUN20,1576148346967,open,0.02,601.0,0.004,0.042,0.016054,104.46,0.014,0.0,ETH-26JUN20-640-C,143.65,102.1,0.014,399.0,0.017,1.0,105.48,0.13355,-0.03543,0.03715,0.00109,0.06282
144.66,SYN.ETH-31JAN20,1576148346967,open,0.02,135.0,0.007,0.045,0.021946,77.88,0.018,0.0,ETH-31JAN20-200-C,143.65,75.71,0.02,1047.0,0.024,178.0,80.1,0.13182,-0.10292,0.02793,0.00592,0.16324
147.27,SYN.ETH-26JUN20,1576148346967,open,0.04,864.0,0.014,0.078,0.039191,95.96,0.042,0.0,ETH-26JUN20-400-C,143.65,94.0,0.036,440.0,0.043,250.0,98.21,0.24465,-0.05962,0.08275,0.00218,0.14337
144.66,SYN.ETH-31JAN20,1576148346967,open,0.42,0.0,0.354,0.459,0.404513,77.88,None,0.0,ETH-31JAN20-200-P,143.65,0.0,0.382,1.0,0.957,1.0,490.33,0.13182,-0.10292,-0.24536,0.00592,-0.83676
143.66,SYN.ETH-13DEC19,1576148346967,open,0.22,0.0,0.211,0.257,0.234303,120.34,None,0.0,ETH-13DEC19-110-C,143.65,0.0,0.223,57.0,0.243,56.0,426.62,0.0,-5e-05,0.00264,0.0,1.0
147.27,SYN.ETH-26JUN20,1576148346969,open,2.6,0.0,2.437,2.69,2.55571,101.58,None,0.0,ETH-26JUN20-520-P,143.65,0.0,0.01,50.0,0.0,0.0,0.0,0.18105,-0.04671,-2.75009,0.00152,-0.90624
147.27,SYN.ETH-26JUN20,1576148346969,open,0.1,485.0,0.056,0.155,0.102419,87.41,0.106,0.0,ETH-26JUN20-240-C,143.65,85.36,0.097,286.0,0.108,250.0,89.5,0.39174,-0.08696,0.18084,0.00383,0.33007
147.27,SYN.ETH-26JUN20,1576148346969,open,2.32,0.0,2.175,2.415,2.28751,99.67,None,0.0,ETH-26JUN20-480-P,143.65,0.0,0.01,50.0,0.0,0.0,0.0,0.19804,-0.05013,-2.5273,0.0017,-0.89399
147.27,SYN.ETH-26JUN20,1576148346969,open,0.12,718.0,0.07,0.173,0.119287,85.9,0.12,0.0,ETH-26JUN20-220-C,143.65,83.63,0.113,462.0,0.125,250.0,87.94,0.40987,-0.08942,0.2025,0.00408,0.37421
143.66,SYN.ETH-13DEC19,1576148346969,open,0.0,114.0,0.001,0.011,1.6e-05,120.0,0.001,0.0,ETH-13DEC19-120-P,143.65,0.0,0.0,0.0,0.001,158.0,194.85,0.00024,-0.00237,0.0,0.0004,-0.001
143.82,ETH-27DEC19,1576148346971,open,0.0,6667.0,0.001,0.011,0.0,120.0,0.001,0.0,ETH-27DEC19-480-C,143.65,0.0,0.0,0.0,0.001,264.0,224.96,0.0,0.0,0.0,0.0,0.0
143.82,ETH-27DEC19,1576148346971,open,2.38,21.0,2.241,2.44,2.337505,120.0,0.629,0.0,ETH-27DEC19-480-P,143.65,0.0,0.002,50.0,0.0,0.0,0.0,0.0,0.0,-0.19563,0.0,-1.0
146.0,ETH-27MAR20,1576148346976,open,0.58,30.0,0.496,0.632,0.561461,84.2,0.306,0.0,ETH-27MAR20-220-P,143.65,74.69,0.546,300.0,0.587,36.0,98.35,0.24938,-0.09916,-0.5558,0.00479,-0.75094
146.0,ETH-27MAR20,1576148346976,open,0.01,2330.0,0.001,0.021,0.006491,110.79,0.01,0.0,ETH-27MAR20-520-C,143.65,106.77,0.005,350.0,0.008,550.0,114.29,0.05875,-0.03074,0.01148,0.00086,0.0336
143.82,ETH-27DEC19,1576148346978,open,2.1,0.0,1.971,2.153,2.05938,120.0,None,0.0,ETH-27DEC19-440-P,143.65,0.0,0.002,50.0,0.0,0.0,0.0,0.0,-2e-05,-0.17932,0.0,-1.0
143.82,ETH-27DEC19,1576148346978,open,0.0,1347.0,0.001,0.011,3e-06,120.0,0.002,0.0,ETH-27DEC19-380-C,143.65,0.0,0.0,0.0,0.001,252.0,187.8,6e-05,-0.00024,0.0,1e-05,5e-05
146.0,ETH-27MAR20,1576148346978,open,0.0,387.0,0.001,0.015,0.004055,116.99,0.003,0.0,ETH-27MAR20-640-C,143.65,112.72,0.003,470.0,0.005,550.0,120.2,0.03992,-0.02206,0.00724,0.00055,0.02115
147.27,SYN.ETH-26JUN20,1576148346978,open,0.75,0.0,0.65,0.82,0.732035,87.41,None,0.0,ETH-26JUN20-240-P,143.65,0.0,0.629,1.0,1.546,1.0,500.0,0.39174,-0.08696,-1.11368,0.00383,-0.66993
143.82,ETH-27DEC19,1576148346980,open,0.11,3.0,0.083,0.147,0.115981,72.01,0.14,0.0,ETH-27DEC19-130-C,143.65,66.95,0.113,65.0,0.119,40.0,76.97,0.08627,-0.20882,0.03884,0.01421,0.77864
146.0,ETH-27MAR20,1576148346980,open,0.01,1400.0,0.002,0.031,0.011146,101.35,0.014,0.0,ETH-27MAR20-400-C,143.65,97.69,0.009,520.0,0.013,250.0,104.2,0.09098,-0.04355,0.01977,0.00145,0.05782
147.27,SYN.ETH-26JUN20,1576148346980,open,0.03,330.0,0.009,0.062,0.028279,99.67,0.04,0.0,ETH-26JUN20-480-C,143.65,97.15,0.025,440.0,0.032,250.0,102.35,0.19804,-0.05013,0.06175,0.0017,0.10601
147.27,SYN.ETH-26JUN20,1576148346980,open,0.02,196.0,0.006,0.031,0.015471,88.8,0.011,0.0,ETH-26JUN20-60-P,143.65,85.06,0.013,250.0,0.018,302.0,92.36,0.10122,-0.02283,-0.04747,0.00097,-0.04429
143.66,SYN.ETH-13DEC19,1576148346980,open,0.27,1.0,0.217,0.292,0.252959,119.98,0.232,0.0,ETH-13DEC19-180-P,143.65,0.0,0.01,55.0,0.279,1.0,497.64,2e-05,-0.0012,-0.00432,3e-05,-0.99993
143.66,SYN.ETH-13DEC19,1576148346980,open,0.13,49.0,0.082,0.151,0.114269,111.57,0.1,0.0,ETH-13DEC19-160-P,143.65,0.0,0.113,40.0,0.12,45.0,192.41,0.00424,-0.23676,-0.00375,0.00768,-0.97404
144.66,SYN.ETH-31JAN20,1576148346980,open,0.29,0.0,0.233,0.333,0.281718,74.73,None,0.0,ETH-31JAN20-180-P,143.65,64.41,0.27,345.0,0.388,43.0,151.72,0.17236,-0.12913,-0.20259,0.00807,-0.74316
143.66,SYN.ETH-13DEC19,1576148346980,open,0.0,1462.0,0.001,0.019,0.002596,78.7,0.002,0.0,ETH-13DEC19-150-C,143.65,60.83,0.001,783.0,0.003,200.0,82.39,0.01531,-0.37293,0.00046,0.03929,0.13544
143.82,ETH-27DEC19,1576148346982,open,0.0,980.0,0.001,0.011,1.8e-05,120.0,0.001,0.0,ETH-27DEC19-340-C,143.65,0.0,0.0,0.0,0.001,257.0,169.57,0.00032,-0.0013,2e-05,3e-05,0.0003
146.0,ETH-27MAR20,1576148346982,open,0.45,747.0,0.377,0.507,0.440041,81.41,0.57,0.0,ETH-27MAR20-200-P,143.65,73.83,0.426,300.0,0.482,33.0,102.52,0.27704,-0.10651,-0.47897,0.0055,-0.69094
143.82,ETH-27DEC19,1576148346982,open,0.01,523.0,0.001,0.027,0.010106,72.7,0.008,0.0,ETH-27DEC19-170-C,143.65,70.23,0.009,250.0,0.011,1.0,74.63,0.06562,-0.16037,0.0078,0.01071,0.14321
146.0,ETH-27MAR20,1576148346982,open,0.25,40.0,0.213,0.296,0.255522,77.42,0.459,0.0,ETH-27MAR20-120-C,143.65,58.99,0.225,44.0,0.263,37.0,81.78,0.24914,-0.09109,0.21,0.0052,0.75138
144.66,SYN.ETH-31JAN20,1576148346982,open,0.01,252.0,0.001,0.026,0.009597,86.0,0.011,0.0,ETH-31JAN20-240-C,143.65,82.83,0.008,1080.0,0.011,210.0,88.56,0.07635,-0.06582,0.0131,0.0031,0.07585
143.82,ETH-27DEC19,1576148346984,open,0.0,2232.0,0.001,0.011,4.5e-05,120.0,0.002,0.0,ETH-27DEC19-320-C,143.65,0.0,0.0,0.0,0.001,250.0,159.47,0.00074,-0.00297,4e-05,7e-05,0.00074
147.27,SYN.ETH-26JUN20,1576148346984,open,0.02,288.0,0.005,0.048,0.019319,104.46,0.025,0.0,ETH-26JUN20-600-C,143.65,102.12,0.017,140.0,0.021,2.0,106.05,0.15138,-0.04016,0.04335,0.00124,0.07389
143.82,ETH-27DEC19,1576148346986,open,0.0,4550.0,0.001,0.011,0.000768,119.95,0.002,0.0,ETH-27DEC19-260-C,143.65,0.0,0.0,0.0,0.002,601.0,135.77,0.00778,-0.03136,0.00054,0.00077,0.01006
146.0,ETH-27MAR20,1576148346986,open,0.04,101.0,0.016,0.064,0.036757,80.02,0.037,0.0,ETH-27MAR20-100-P,143.65,77.66,0.034,320.0,0.04,295.0,82.73,0.17251,-0.06519,-0.07361,0.00349,-0.13706
143.82,ETH-27DEC19,1576148346986,open,0.0,11489.0,0.001,0.011,0.0,120.0,0.002,0.0,ETH-27DEC19-440-C,143.65,0.0,0.0,0.0,0.001,449.0,211.28,0.0,-2e-05,0.0,0.0,0.0
146.0,ETH-27MAR20,1576148346986,open,0.05,854.0,0.024,0.092,0.054612,84.2,0.059,0.0,ETH-27MAR20-220-C,143.65,81.46,0.05,592.0,0.059,541.0,86.74,0.24938,-0.09916,0.08235,0.00479,0.24906
147.27,SYN.ETH-26JUN20,1576148346986,open,0.06,273.0,0.025,0.105,0.059503,91.89,0.068,0.0,ETH-26JUN20-320-C,143.65,90.21,0.056,333.0,0.064,250.0,94.0,0.3102,-0.07239,0.11817,0.00289,0.20826
144.66,SYN.ETH-31JAN20,1576148346986,open,0.11,12.0,0.084,0.158,0.121412,72.26,0.122,0.0,ETH-31JAN20-140-C,143.65,69.87,0.118,390.0,0.126,349.0,75.47,0.20645,-0.14954,0.09481,0.00999,0.60106
147.27,SYN.ETH-26JUN20,1576148346986,open,0.07,441.0,0.037,0.125,0.076417,89.6,0.086,0.0,ETH-26JUN20-280-C,143.65,87.72,0.072,472.0,0.082,286.0,91.92,0.34994,-0.07963,0.14481,0.00334,0.25871
147.27,SYN.ETH-26JUN20,1576148346986,open,1.25,0.0,1.141,1.333,1.232323,91.89,1.06,0.0,ETH-26JUN20-320-P,143.65,0.0,0.015,2.0,1.251,1.0,100.32,0.3102,-0.07239,-1.60786,0.00289,-0.79174
147.27,SYN.ETH-26JUN20,1576148346986,open,0.14,520.0,0.088,0.184,0.134278,82.1,0.138,0.0,ETH-26JUN20-120-P,143.65,76.53,0.121,778.0,0.137,294.0,83.24,0.35134,-0.07325,-0.31377,0.00366,-0.26071
143.66,SYN.ETH-13DEC19,1576148346986,open,0.0,827.0,0.001,0.011,0.000529,111.57,0.002,0.0,ETH-13DEC19-160-C,143.65,0.0,0.0,0.0,0.001,60.0,124.53,0.00424,-0.07595,9e-05,0.00768,0.02596
143.82,ETH-27DEC19,1576148346988,open,0.0,1759.0,0.001,0.011,7e-06,120.0,0.001,0.0,ETH-27DEC19-360-C,143.65,0.0,0.0,0.0,0.001,250.0,178.99,0.00014,-0.00056,1e-05,1e-05,0.00012
146.0,ETH-27MAR20,1576148346988,open,0.01,579.0,0.003,0.034,0.013159,96.3,0.012,0.0,ETH-27MAR20-360-C,143.65,94.64,0.012,510.0,0.014,1.0,97.45,0.1048,-0.04766,0.02379,0.00176,0.06933
143.82,ETH-27DEC19,1576148346988,open,0.69,2355.0,0.621,0.726,0.670279,116.0,0.606,0.0,ETH-27DEC19-240-P,143.65,0.0,0.001,20.0,1.702,5.0,500.0,0.0136,-0.05304,-0.09677,0.00139,-0.98076
146.0,ETH-27MAR20,1576148346990,open,2.61,0.0,2.46,2.689,2.568135,110.79,None,0.0,ETH-27MAR20-520-P,143.65,0.0,0.006,50.0,0.0,0.0,0.0,0.05875,-0.03074,-1.49689,0.00086,-0.9664
143.82,ETH-27DEC19,1576148346990,open,0.0,21058.0,0.001,0.011,0.0,120.0,0.007,0.0,ETH-27DEC19-600-C,143.65,0.0,0.0,0.0,0.001,850.0,259.24,0.0,0.0,0.0,0.0,0.0
146.0,ETH-27MAR20,1576148346990,open,2.89,0.0,2.725,2.97,2.841064,112.93,None,0.0,ETH-27MAR20-560-P,143.65,0.0,0.02,50.0,0.0,0.0,0.0,0.051,-0.0272,-1.61471,0.00073,-0.97168
143.66,SYN.ETH-13DEC19,1576148346990,open,0.0,507.0,0.001,0.011,1e-06,120.0,0.001,0.0,ETH-13DEC19-180-C,143.65,0.0,0.0,0.0,0.001,38.0,227.77,2e-05,-0.00014,0.0,3e-05,7e-05
147.27,SYN.ETH-26JUN20,1576148346990,open,0.4,357.0,0.323,0.469,0.394817,84.31,0.405,0.0,ETH-26JUN20-180-P,143.65,74.46,0.366,210.0,0.429,37.0,95.99,0.43146,-0.09238,-0.7154,0.00437,-0.50577
147.27,SYN.ETH-26JUN20,1576148346990,open,1.0,0.0,0.891,1.072,0.977635,89.6,None,0.0,ETH-26JUN20-280-P,143.65,0.0,0.011,3.0,0.0,0.0,0.0,0.34994,-0.07963,-1.36547,0.00334,-0.74129
147.27,SYN.ETH-26JUN20,1576148346990,open,1.79,0.0,1.654,1.869,1.755217,95.96,None,0.0,ETH-26JUN20-400-P,143.65,0.0,0.01,50.0,0.0,0.0,0.0,0.24465,-0.05962,-2.07479,0.00218,-0.85663
143.66,SYN.ETH-13DEC19,1576148346990,open,0.34,1.0,0.285,0.364,0.322567,118.57,0.286,0.0,ETH-13DEC19-190-P,143.65,0.0,0.01,55.0,0.34,1.0,497.67,0.0,-2e-05,-0.00456,0.0,-1.0
147.27,SYN.ETH-26JUN20,1576148346990,open,1.52,0.0,1.396,1.6,1.492053,93.96,None,0.0,ETH-26JUN20-360-P,143.65,0.0,0.015,2.0,1.504,1.0,100.07,0.27476,-0.06557,-1.84377,0.0025,-0.82898
147.27,SYN.ETH-26JUN20,1576148346990,open,0.05,684.0,0.018,0.089,0.04763,93.96,0.051,0.0,ETH-26JUN20-360-C,143.65,91.98,0.044,479.0,0.052,250.0,96.26,0.27476,-0.06557,0.09802,0.0025,0.17102
144.66,SYN.ETH-31JAN20,1576148346990,open,0.55,0.0,0.483,0.592,0.534767,81.76,None,0.0,ETH-31JAN20-220-P,143.65,41.43,0.521,1.0,1.076,1.0,489.61,0.09937,-0.08145,-0.28199,0.00425,-0.89179
146.0,ETH-27MAR20,1576148346992,open,0.07,2228.0,0.036,0.111,0.070178,81.41,0.071,0.0,ETH-27MAR20-200-C,143.65,79.19,0.066,285.0,0.076,250.0,84.45,0.27704,-0.10651,0.10117,0.0055,0.30906
146.0,ETH-27MAR20,1576148346992,open,0.01,1165.0,0.001,0.023,0.007593,101.79,0.01,0.0,ETH-27MAR20-440-C,143.65,100.51,0.007,510.0,0.008,1.0,102.64,0.06927,-0.0333,0.01419,0.0011,0.0411
146.0,ETH-27MAR20,1576148346992,open,1.24,7.0,1.136,1.297,1.211376,94.5,1.28,0.0,ETH-27MAR20-320-P,143.65,0.0,0.011,5.0,1.223,2.0,105.47,0.13699,-0.06113,-0.8946,0.00234,-0.901
143.82,ETH-27DEC19,1576148346992,open,1.11,1.0,1.026,1.151,1.086058,120.0,0.494,0.0,ETH-27DEC19-300-P,143.65,0.0,0.021,3.0,0.0,0.0,0.0,0.00166,-0.0067,-0.12217,0.00016,-0.99821
