underlying_price,underlying_index,timestamp,state,settlement_price,open_interest,min_price,max_price,mark_price,mark_iv,last_price,interest_rate,instrument_name,index_price,bid_iv,best_bid_price,best_bid_amount,best_ask_price,best_ask_amount,ask_iv,vega,theta,rho,gamma,delta
12246.97,BTC-27SEP19,1562583539434,open,0.5,714.8,0.4795,0.559,0.51921807,100.02,0.556,0.0,BTC-27SEP19-6000-C,11918.71,0.0,0.0,0.0,0.892,3.0,500.0,4.96559,-3.07042,11.96188,1e-05,0.96002
12458.89,BTC-27DEC19,1562583539434,open,0.47,54.4,0.4485,0.528,0.48837807,96.01,0.45,0.0,BTC-27DEC19-7000-C,11918.71,0.0,0.2155,0.1,0.512,1.0,113.0,16.51269,-4.61201,23.31584,2e-05,0.8858
12246.97,BTC-27SEP19,1562583539434,open,0.3,369.7,0.2815,0.361,0.32101791,95.69,0.285,0.0,BTC-27SEP19-9000-C,11918.71,89.14,0.313,3.8,0.479,4.0,212.47,15.21365,-9.00048,13.49595,5e-05,0.81835
12246.97,BTC-27SEP19,1562583539434,open,0.79,55.9,0.7565,0.836,0.79624997,129.59,0.689,0.0,BTC-27SEP19-2500-C,11918.71,0.0,0.0045,10.0,0.9355,5.0,500.0,0.3335,-0.26719,5.48,0.0,0.99819
12458.89,BTC-27DEC19,1562583539434,open,2.71,0.0,2.4165,2.7005,2.55851178,110.45,None,0.0,BTC-27DEC19-44000-P,11918.71,0.0,0.0,0.0,0.0,0.0,0.0,14.92422,-4.79543,-202.94657,2e-05,-0.90073
12458.95,BTC-27DEC19,1562583539435,open,0.57,60.5,0.5415,0.621,0.58108875,97.0,0.567,0.0,BTC-27DEC19-5500-C,11918.71,0.0,0.0055,0.1,0.9745,5.0,500.0,10.08239,-2.84513,21.10165,1e-05,0.94077
12246.97,BTC-27SEP19,1562583539435,open,1.4,0.0,1.2115,1.3955,1.30359092,109.25,None,0.0,BTC-27SEP19-28000-P,11918.71,0.0,0.0,0.0,0.0,0.0,0.0,9.23624,-6.2386,-60.11297,3e-05,-0.91162
12247.03,BTC-27SEP19,1562583539437,open,0.72,0.0,0.696,0.7755,0.73560636,121.37,None,0.0,BTC-27SEP19-3250-C,11918.71,0.0,0.0045,10.0,0.924,5.0,500.0,0.76743,-0.57584,7.05109,0.0,0.99544
12247.03,BTC-27SEP19,1562583539437,open,0.43,748.2,0.4075,0.487,0.44743996,98.42,0.421,0.0,BTC-27SEP19-7000-C,11918.71,0.0,0.0,0.0,0.0,0.0,0.0,8.16636,-4.96903,12.95747,2e-05,0.92493
12458.95,BTC-27DEC19,1562583539437,open,0.01,101.8,0.0005,0.0455,0.00551298,104.32,0.0065,0.0,BTC-27DEC19-3500-P,11918.71,102.46,0.005,2.0,0.0065,8.0,107.66,3.51789,-1.06764,-1.29285,0.0,-0.01652
12247.03,BTC-27SEP19,1562583539437,open,1.56,0.0,1.3655,1.562,1.46379328,111.24,None,0.0,BTC-27SEP19-30000-P,11918.71,0.0,0.0,0.0,0.0,0.0,0.0,8.04775,-5.53458,-64.86057,2e-05,-0.92635
12247.03,BTC-27SEP19,1562583539437,open,0.02,93.1,0.0005,0.057,0.01718418,109.09,0.018,0.0,BTC-27SEP19-28000-C,11918.71,106.78,0.0155,20.0,0.019,36.5,111.44,9.20038,-6.20476,1.91961,3e-05,0.08792
11991.22,SYN.BTC-26JUL19,1562583539434,open,0.0,186.2,0.0005,0.0405,0.00048413,128.37,0.0005,0.0,BTC-26JUL19-6000-P,11918.71,0.0,0.0,0.0,0.0015,10.1,149.1,0.3802,-1.36515,-0.0319,0.0,-0.00495
12247.03,BTC-27SEP19,1562583539438,open,0.44,14.5,0.3415,0.453,0.39731724,98.13,0.4105,0.0,BTC-27SEP19-16000-P,11918.71,0.0,0.0045,10.0,1.0345,0.2,500.0,21.64931,-13.1337,-28.04035,7e-05,-0.63599
11991.22,SYN.BTC-26JUL19,1562583539434,open,0.0,284.9,0.0005,0.042,0.00200888,110.37,0.002,0.0,BTC-26JUL19-7500-P,11918.71,99.1,0.001,20.0,0.0025,40.0,114.57,1.31256,-4.05219,-0.13224,2e-05,-0.02051
11991.22,SYN.BTC-26JUL19,1562583539434,open,0.82,0.0,0.684,0.8235,0.75383731,122.75,None,0.0,BTC-26JUL19-21000-P,11918.71,0.0,0.0,0.0,0.0,0.0,0.0,1.65361,-5.67747,-10.14115,2e-05,-0.97301
11962.8,SYN.BTC-19JUL19,1562583539434,open,0.26,0.0,0.2515,0.331,0.29127881,105.67,None,0.0,BTC-19JUL19-8500-C,11918.71,0.0,0.0,0.0,0.0,0.0,0.0,1.19574,-5.8091,2.4381,3e-05,0.97527
12458.95,BTC-27DEC19,1562583539438,open,1.56,0.2,1.365,1.5615,1.46329947,103.79,2.2245,0.0,BTC-27DEC19-30000-P,11918.71,0.0,0.0,0.0,0.0,0.0,0.0,23.20476,-7.00641,-133.3671,3e-05,-0.80994
12458.95,BTC-27DEC19,1562583539438,open,0.93,0.0,0.7915,0.9405,0.86607876,99.87,None,0.0,BTC-27DEC19-22000-P,11918.71,0.0,0.0055,2.0,1.6525,0.3,500.0,30.29251,-8.80047,-91.11044,4e-05,-0.6869
12458.95,BTC-27DEC19,1562583539438,open,1.4,0.1,1.2185,1.403,1.31065085,102.79,2.02,0.0,BTC-27DEC19-28000-P,11918.71,0.0,0.001,1.0,0.0,0.0,0.0,24.85958,-7.43361,-123.05322,3e-05,-0.78679
12247.03,BTC-27SEP19,1562583539438,open,0.7,261.1,0.676,0.7555,0.71560655,120.36,0.714,0.0,BTC-27SEP19-3500-C,11918.71,0.0,0.161,1.0,0.7805,10.0,299.01,1.02584,-0.76336,7.54608,0.0,0.99368
12458.95,BTC-27DEC19,1562583539439,open,0.06,64.0,0.0235,0.103,0.06326504,102.79,0.057,0.0,BTC-27DEC19-28000-C,11918.71,101.39,0.0605,6.4,0.0665,11.4,104.39,24.85879,-7.43317,8.79627,3e-05,0.2132
12458.95,BTC-27DEC19,1562583539439,open,0.02,210.5,0.0005,0.0595,0.0198157,113.68,0.0205,0.0,BTC-27DEC19-52000-C,11918.71,112.3,0.0185,10.0,0.0215,13.0,115.38,12.0677,-3.99088,3.22107,1e-05,0.07472
12247.03,BTC-27SEP19,1562583539439,open,0.58,793.2,0.556,0.6355,0.59597764,104.88,0.5945,0.0,BTC-27SEP19-5000-C,11918.71,0.0,0.051,1.0,0.717,5.0,299.36,2.74725,-1.78128,10.43114,1e-05,0.98037
12247.03,BTC-27SEP19,1562583539439,open,0.0,425.8,0.0005,0.04,0.00010402,130.0,0.0005,0.0,BTC-27SEP19-2000-P,11918.71,0.0,0.0,0.0,0.0025,15.0,188.34,0.1106,-0.08889,-0.01756,0.0,-0.00054
12247.03,BTC-27SEP19,1562583539439,open,0.08,120.7,0.051,0.1305,0.0907991,98.08,0.081,0.0,BTC-27SEP19-16000-C,11918.71,95.93,0.087,48.1,0.094,22.5,99.89,21.64654,-13.12604,7.4104,7e-05,0.36388
12458.95,BTC-27DEC19,1562583539439,open,0.0,128.8,0.0005,0.0405,0.00074355,128.02,0.0015,0.0,BTC-27DEC19-1500-P,11918.71,0.0,0.0,0.0,0.0035,10.0,160.15,0.58919,-0.21942,-0.17225,0.0,-0.00219
12458.95,BTC-27DEC19,1562583539439,open,0.83,0.0,0.801,0.8805,0.84094795,120.68,None,0.0,BTC-27DEC19-2000-C,11918.71,0.0,0.0135,0.1,0.9855,0.5,500.0,1.09355,-0.38391,9.07564,0.0,0.99564
12247.03,BTC-27SEP19,1562583539439,open,0.0,290.5,0.0005,0.0425,0.00241373,105.67,0.004,0.0,BTC-27SEP19-4500-P,11918.71,102.66,0.002,40.0,0.004,47.0,114.92,1.78269,-1.1646,-0.38741,1e-05,-0.01186
11934.39,SYN.BTC-12JUL19,1562583539438,open,0.3,0.0,0.29,0.3695,0.32967213,108.84,None,0.0,BTC-12JUL19-8000-C,11918.71,0.0,0.0,0.0,0.0,0.0,0.0,0.00694,-0.09741,0.84928,0.0,0.99985
12247.03,BTC-27SEP19,1562583539440,open,0.1,193.0,0.0425,0.1285,0.08555251,95.47,0.087,0.0,BTC-27SEP19-10000-P,11918.71,93.76,0.083,30.1,0.087,8.8,96.44,18.30404,-10.80345,-9.09494,6e-05,-0.2496
11991.22,SYN.BTC-26JUL19,1562583539437,open,0.74,0.0,0.6045,0.7375,0.67098714,117.56,None,0.0,BTC-26JUL19-20000-P,11918.71,0.0,0.0,0.0,0.0,0.0,0.0,1.96172,-6.45077,-9.61834,2e-05,-0.96683
11991.22,SYN.BTC-26JUL19,1562583539434,open,0.35,17.0,0.337,0.4165,0.37651421,110.03,0.246,0.0,BTC-26JUL19-7500-C,11918.71,0.0,0.005,0.1,0.0,0.0,0.0,1.2976,-3.9936,3.54268,2e-05,0.97977
11934.39,SYN.BTC-12JUL19,1562583539439,open,0.39,0.0,0.288,0.395,0.34150731,131.38,None,0.0,BTC-12JUL19-16000-P,11918.71,0.0,0.0,0.0,0.0,0.0,0.0,0.54351,-9.21243,-1.67724,3e-05,-0.98203
11962.8,SYN.BTC-19JUL19,1562583539440,open,0.23,0.0,0.14,0.2345,0.18744729,97.56,None,0.0,BTC-19JUL19-14000-P,11918.71,0.0,0.0,0.0,0.0,0.0,0.0,5.74233,-25.75575,-3.52767,0.00014,-0.80222
11934.39,SYN.BTC-12JUL19,1562583539439,open,0.26,0.0,0.1695,0.266,0.21772183,115.08,None,0.0,BTC-12JUL19-14500-P,11918.71,0.0,0.0005,1.0,0.0,0.0,0.0,1.40185,-20.81175,-1.47125,8e-05,-0.94327
11962.8,SYN.BTC-19JUL19,1562583539439,open,0.01,110.8,0.0005,0.057,0.01708345,97.41,0.017,0.0,BTC-19JUL19-14000-C,11918.71,95.13,0.016,5.0,0.0185,37.5,100.33,5.73492,-25.6842,0.64258,0.00014,0.19736
11991.22,SYN.BTC-26JUL19,1562583539438,open,0.48,0.0,0.4605,0.54,0.50008839,127.41,None,0.0,BTC-26JUL19-6000-C,11918.71,0.0,0.0005,0.1,0.0,0.0,0.0,0.36352,-1.2955,2.90817,0.0,0.99529
11991.22,SYN.BTC-26JUL19,1562583539440,open,0.0,331.0,0.0005,0.041,0.00126326,115.89,0.002,0.0,BTC-26JUL19-7000-P,11918.71,112.05,0.001,10.0,0.002,54.0,124.43,0.88666,-2.87408,-0.0836,1e-05,-0.01297
11991.22,SYN.BTC-26JUL19,1562583539439,open,0.48,0.0,0.3695,0.483,0.42624669,106.49,None,0.0,BTC-26JUL19-17000-P,11918.71,0.0,0.0,0.0,0.0,0.0,0.0,4.18058,-12.45283,-7.86838,6e-05,-0.91359
11962.8,SYN.BTC-19JUL19,1562583539598,open,0.11,0.0,0.1005,0.18,0.1400631,93.29,None,0.0,BTC-19JUL19-10500-C,11918.71,92.06,0.1395,17.5,0.1455,8.0,104.62,5.54159,-23.7663,2.40009,0.00014,0.8134
11962.8,SYN.BTC-19JUL19,1562583539600,open,0.15,13.1,0.076,0.1655,0.12069901,95.97,0.1575,0.0,BTC-19JUL19-13000-P,11918.71,88.44,0.116,4.3,0.12,24.0,94.86,7.54551,-33.29228,-2.79142,0.00018,-0.66242
11934.39,SYN.BTC-12JUL19,1562583539637,open,0.13,34.1,0.124,0.2035,0.16398203,102.68,0.126,0.0,BTC-12JUL19-10000-C,11918.71,102.88,0.164,8.0,0.169,5.0,139.45,1.10966,-14.69957,1.00578,7e-05,0.95766
11991.22,SYN.BTC-26JUL19,1562583539639,open,0.13,120.9,0.115,0.1945,0.15461952,93.28,0.1545,0.0,BTC-26JUL19-10500-C,11918.71,93.1,0.1545,8.0,0.1595,5.0,100.48,8.01206,-20.90494,3.62755,0.00012,0.77232
11934.39,SYN.BTC-12JUL19,1562583539641,open,0.07,27.9,0.0005,0.0835,0.04202695,95.17,0.078,0.0,BTC-12JUL19-12000-P,11918.71,90.24,0.04,3.3,0.044,28.0,99.97,4.90601,-60.23702,-0.69035,0.00034,-0.50274
11962.8,SYN.BTC-19JUL19,1562583539658,open,0.19,0.0,0.1075,0.199,0.15314405,97.38,None,0.0,BTC-19JUL19-13500-P,11918.71,82.22,0.145,8.0,0.152,8.0,95.34,6.73339,-30.14513,-3.17406,0.00016,-0.73732
11934.39,SYN.BTC-12JUL19,1562583539660,open,0.01,257.6,0.0005,0.062,0.02203847,98.68,0.025,0.0,BTC-12JUL19-12500-C,11918.71,94.6,0.0205,13.1,0.025,19.5,106.44,4.52065,-57.54905,0.40661,0.0003,0.34291
12458.95,BTC-27DEC19,1562583539954,open,3.37,0.0,3.026,3.361,3.19352234,113.68,None,0.0,BTC-27DEC19-52000-P,11918.71,0.0,0.0,0.0,0.0,0.0,0.0,12.06778,-3.99091,-241.6429,1e-05,-0.92528
12247.03,BTC-27SEP19,1562583539954,open,0.9,0.2,0.759,0.905,0.83183857,103.29,1.391,0.0,BTC-27SEP19-22000-P,11918.71,0.0,0.0045,10.0,0.0,0.0,0.0,14.48317,-9.24812,-45.14838,4e-05,-0.8319
311.01,SYN.ETH-19JUL19,1562583540142,open,0.35,0.0,0.318,0.397,0.35767,115.12,None,0.0,ETH-19JUL19-200-C,309.56,0.0,0.0,0.0,0.0,0.0,0.0,0.01448,-0.07663,0.05859,0.00044,0.98986
12458.95,BTC-27DEC19,1562583540181,open,0.44,93.8,0.421,0.5005,0.46073301,96.01,0.4485,0.0,BTC-27DEC19-7500-C,11918.71,0.0,0.311,3.0,0.5165,2.5,131.21,18.62979,-5.20318,23.67578,3e-05,0.86429
311.01,SYN.ETH-19JUL19,1562583540201,open,0.23,0.0,0.193,0.272,0.232901,100.79,None,0.0,ETH-19JUL19-240-C,309.56,0.0,0.0,0.0,0.0,0.0,0.0,0.06178,-0.28626,0.06577,0.00213,0.94259
327.57,ETH-27DEC19,1562583540231,open,0.83,0.0,0.743,0.887,0.815311,99.23,0.845,0.0,ETH-27DEC19-560-P,309.56,0.0,0.0,0.0,0.0,0.0,0.0,0.81149,-0.23425,-2.29506,0.00162,-0.67257
12246.97,BTC-27SEP19,1562583540240,open,0.03,325.1,0.0005,0.075,0.03547588,103.27,0.034,0.0,BTC-27SEP19-22000-C,11918.71,101.15,0.033,45.0,0.0375,35.1,104.97,14.48039,-9.24517,3.59771,4e-05,0.16805
327.57,ETH-27DEC19,1562583540255,open,1.16,0.0,1.063,1.233,1.147979,100.96,None,0.0,ETH-27DEC19-680-P,309.56,0.0,0.001,20.0,0.0,0.0,0.0,0.69805,-0.20502,-2.94378,0.00137,-0.76047
310.08,SYN.ETH-12JUL19,1562583540302,open,0.35,0.0,0.315,0.394,0.354994,0.0,None,0.0,ETH-12JUL19-200-C,309.56,0.0,0.0,0.0,0.0,0.0,0.0,0.0,0.0,0.02124,0.0,1.0
11991.28,SYN.BTC-26JUL19,1562583540304,open,0.27,36.6,0.256,0.3355,0.29596993,100.13,0.2155,0.0,BTC-26JUL19-8500-C,11918.71,0.0,0.0105,0.1,0.0,0.0,0.0,2.65259,-7.42897,3.85218,4e-05,0.95192
327.57,ETH-27DEC19,1562583540322,open,0.26,18.0,0.226,0.305,0.265884,95.62,0.27,0.0,ETH-27DEC19-320-C,309.56,89.44,0.25,120.0,0.279,30.0,100.75,0.83936,-0.23348,0.5801,0.00174,0.64196
311.95,SYN.ETH-26JUL19,1562583540348,open,0.61,0.0,0.542,0.67,0.605883,109.95,None,0.0,ETH-26JUL19-500-P,309.56,0.0,0.0,0.0,0.0,0.0,0.0,0.05283,-0.16246,-0.24006,0.00101,-0.96541
310.08,SYN.ETH-12JUL19,1562583540348,open,0.36,0.0,0.301,0.409,0.355076,128.53,None,0.0,ETH-12JUL19-420-P,309.56,0.0,0.0,0.0,0.0,0.0,0.0,0.01073,-0.17795,-0.04419,0.00082,-0.98695
311.01,SYN.ETH-19JUL19,1562583540363,open,0.3,0.0,0.241,0.343,0.291747,97.45,None,0.0,ETH-19JUL19-400-P,309.56,0.0,0.0,0.0,0.0,0.0,0.0,0.07907,-0.35426,-0.11238,0.00282,-0.92098
11962.8,SYN.BTC-19JUL19,1562583540385,open,0.11,0.0,0.1005,0.18,0.14010318,93.29,None,0.0,BTC-19JUL19-10500-C,11918.71,92.06,0.1395,17.5,0.145,8.0,103.6,5.54159,-23.7663,2.40009,0.00014,0.8134
310.08,SYN.ETH-12JUL19,1562583540392,open,0.0,219.0,0.001,0.04,0.000224,129.99,0.003,0.0,ETH-12JUL19-440-C,309.56,0.0,0.0,0.0,0.002,300.0,173.23,0.00499,-0.06944,0.00017,0.00038,0.00545
320.37,ETH-27SEP19,1562583540397,open,1.03,0.0,0.942,1.103,1.022864,105.11,None,0.0,ETH-27SEP19-640-P,309.56,0.0,0.0,0.0,0.0,0.0,0.0,0.31015,-0.20155,-1.34735,0.0013,-0.87517
320.36,ETH-27SEP19,1562583540400,open,0.15,1607.0,0.114,0.193,0.153599,95.16,0.132,0.0,ETH-27SEP19-340-C,309.56,93.78,0.151,100.0,0.158,120.0,97.52,0.59911,-0.35248,0.27168,0.00277,0.53631
327.59,ETH-27DEC19,1562583540402,open,0.17,3.0,0.127,0.22,0.173725,96.2,0.194,0.0,ETH-27DEC19-280-P,309.56,92.89,0.166,120.0,0.182,170.0,99.76,0.76327,-0.21361,-0.70773,0.00157,-0.28507
320.35,ETH-27SEP19,1562583540403,open,0.06,2041.0,0.017,0.101,0.059281,94.65,0.065,0.0,ETH-27SEP19-240-P,309.56,90.5,0.054,518.0,0.063,408.0,97.52,0.4117,-0.2409,-0.17829,0.00191,-0.1919
11991.28,SYN.BTC-26JUL19,1562583540434,open,0.23,50.3,0.2175,0.297,0.25735362,97.33,0.2035,0.0,BTC-26JUL19-9000-C,11918.59,0.0,0.032,0.1,0.366,1.0,290.32,3.75457,-10.22195,3.92115,5e-05,0.92505
12246.99,BTC-27SEP19,1562583540434,open,0.0,612.3,0.0005,0.041,0.00106049,129.83,0.001,0.0,BTC-27SEP19-3000-P,11918.59,128.84,0.001,0.6,0.003,15.0,150.95,0.76817,-0.61655,-0.15258,0.0,-0.00456
12246.99,BTC-27SEP19,1562583540435,open,0.01,469.9,0.0005,0.0495,0.00915973,100.08,0.01,0.0,BTC-27SEP19-6000-P,11918.59,97.12,0.008,4.0,0.011,47.0,104.4,4.97233,-3.07645,-1.33523,1e-05,-0.04004
12458.81,BTC-27DEC19,1562583540435,open,0.02,24.0,0.0005,0.0625,0.02278214,111.99,0.021,0.0,BTC-27DEC19-48000-C,11918.59,110.77,0.0215,10.0,0.024,5.0,113.11,13.32861,-4.3423,3.66265,2e-05,0.08521
12246.99,BTC-27SEP19,1562583540436,open,0.75,225.7,0.7165,0.796,0.75610314,129.84,0.693,0.0,BTC-27SEP19-3000-C,11918.59,0.0,0.0045,20.0,0.928,5.0,500.0,0.76856,-0.61692,6.49465,0.0,0.99544
12246.99,BTC-27SEP19,1562583540437,open,0.0,371.7,0.0005,0.04,0.00039331,130.0,0.0005,0.0,BTC-27SEP19-2500-P,11918.59,133.51,0.0005,8.0,0.001,17.0,145.16,0.34055,-0.2737,-0.06088,0.0,-0.00185
11991.28,SYN.BTC-26JUL19,1562583540436,open,0.28,5.0,0.186,0.284,0.23497369,99.25,0.1535,0.0,BTC-26JUL19-14500-P,11918.59,0.0,0.0,0.0,0.0,0.0,0.0,7.96061,-22.09906,-5.9307,0.00011,-0.77491
11991.28,SYN.BTC-26JUL19,1562583540435,open,0.52,0.0,0.502,0.5815,0.54152988,129.86,0.4,0.0,BTC-26JUL19-5500-C,11918.59,0.0,0.0005,0.1,0.0,0.0,0.0,0.17941,-0.65168,2.67984,0.0,0.99785
11962.86,SYN.BTC-19JUL19,1562583540440,open,0.15,13.1,0.076,0.165,0.12065229,95.9,0.1575,0.0,BTC-19JUL19-13000-P,11918.59,88.45,0.116,4.3,0.1205,24.0,95.66,7.54432,-33.26333,-2.79177,0.00018,-0.66256
11934.44,SYN.BTC-12JUL19,1562583540439,open,0.0,179.0,0.0005,0.04,4.397e-05,130.0,0.0005,0.0,BTC-12JUL19-8000-P,11918.59,0.0,0.0,0.0,0.001,1.0,184.7,0.04645,-0.52478,-0.00149,0.0,-0.00113
11991.28,SYN.BTC-26JUL19,1562583540471,open,0.13,120.9,0.115,0.1945,0.15465624,93.33,0.1545,0.0,BTC-26JUL19-10500-C,11918.59,92.35,0.154,8.0,0.1595,5.0,100.48,8.01373,-20.92068,3.62687,0.00012,0.77224
320.37,ETH-27SEP19,1562583540475,open,1.4,0.0,1.292,1.482,1.386781,108.78,None,0.0,ETH-27SEP19-760-P,309.56,0.0,0.0,0.0,0.0,0.0,0.0,0.21609,-0.14532,-1.6402,0.00087,-0.92379
327.57,ETH-27DEC19,1562583540475,open,0.07,176.0,0.025,0.104,0.064701,101.82,0.07,0.0,ETH-27DEC19-720-C,309.56,97.93,0.057,282.0,0.073,40.0,105.84,0.66271,-0.1963,0.23701,0.00129,0.21836
11934.44,SYN.BTC-12JUL19,1562583540473,open,0.07,27.9,0.0005,0.0835,0.04199484,95.1,0.078,0.0,BTC-12JUL19-12000-P,11918.59,90.25,0.04,3.3,0.044,4.0,99.98,4.90603,-60.192,-0.69033,0.00034,-0.50275
11962.86,SYN.BTC-19JUL19,1562583540481,open,0.19,0.0,0.107,0.199,0.15309103,97.29,None,0.0,BTC-19JUL19-13500-P,11918.59,82.23,0.145,8.0,0.1525,8.0,96.24,6.73047,-30.10523,-3.17469,0.00016,-0.73755
11934.44,SYN.BTC-12JUL19,1562583540483,open,0.01,257.6,0.0005,0.062,0.02205778,98.72,0.025,0.0,BTC-12JUL19-12500-C,11918.59,94.59,0.0205,13.1,0.025,51.5,106.43,4.5212,-57.58337,0.40673,0.0003,0.34301
320.35,ETH-27SEP19,1562583540602,open,0.23,1680.0,0.196,0.275,0.235502,94.66,0.194,0.0,ETH-27SEP19-280-C,309.56,90.06,0.228,284.0,0.24,120.0,97.39,0.52416,-0.30673,0.32983,0.00244,0.70018
320.35,ETH-27SEP19,1562583540630,open,0.02,1400.0,0.001,0.057,0.017397,107.75,0.021,0.0,ETH-27SEP19-720-C,309.56,103.04,0.014,500.0,0.021,500.0,112.25,0.24413,-0.16263,0.05127,0.001,0.08963
327.57,ETH-27DEC19,1562583540684,open,1.28,0.0,1.173,1.353,1.26257,101.76,None,0.0,ETH-27DEC19-720-P,309.56,0.0,0.002,1000.0,0.0,0.0,0.0,0.66221,-0.19603,-3.15364,0.00129,-0.78193
327.59,ETH-27DEC19,1562583540794,open,0.11,4.0,0.066,0.145,0.105864,99.27,0.1,0.0,ETH-27DEC19-560-C,309.56,94.42,0.094,256.0,0.117,356.0,103.72,0.81173,-0.23441,0.34208,0.00162,0.32762
327.59,ETH-27DEC19,1562583540802,open,0.12,49.0,0.083,0.162,0.122217,98.92,0.135,0.0,ETH-27DEC19-520-C,309.56,94.14,0.11,247.0,0.133,247.0,103.06,0.84607,-0.24347,0.37669,0.00169,0.36643
327.57,ETH-27DEC19,1562583540889,open,0.08,21.0,0.043,0.122,0.082844,101.0,0.086,0.0,ETH-27DEC19-640-C,309.56,97.48,0.075,271.0,0.092,271.0,104.99,0.74003,-0.21744,0.28512,0.00145,0.26769
327.57,ETH-27DEC19,1562583541083,open,1.05,0.0,0.956,1.117,1.036506,100.95,None,0.0,ETH-27DEC19-640-P,309.56,0.0,0.0,0.0,0.0,0.0,0.0,0.73972,-0.21723,-2.72875,0.00145,-0.73254
327.57,ETH-27DEC19,1562583541125,open,0.64,0.0,0.609,0.688,0.648473,103.83,None,0.0,ETH-27DEC19-120-C,309.56,0.0,0.001,1000.0,2.47,1.0,500.0,0.18866,-0.05699,0.4825,0.00036,0.96128
310.08,SYN.ETH-12JUL19,1562583541125,open,0.17,0.0,0.119,0.211,0.16534,104.27,None,0.0,ETH-12JUL19-360-P,309.56,0.0,0.0,0.0,0.0,0.0,0.0,0.05225,-0.70282,-0.03538,0.00491,-0.90916
327.56,ETH-27DEC19,1562583541320,open,0.19,489.0,0.152,0.231,0.191539,97.05,0.197,0.0,ETH-27DEC19-400-C,309.56,94.29,0.184,217.0,0.203,217.0,101.24,0.89624,-0.25303,0.49608,0.00183,0.51315
311.95,SYN.ETH-26JUL19,1562583541320,open,0.93,0.0,0.848,1.001,0.924477,124.12,None,0.0,ETH-26JUL19-600-P,309.56,0.0,0.0,0.0,0.0,0.0,0.0,0.02221,-0.07711,-0.29212,0.00038,-0.98758
327.56,ETH-27DEC19,1562583541325,open,0.01,22.0,0.001,0.055,0.014784,103.79,0.016,0.0,ETH-27DEC19-120-P,309.56,98.71,0.012,314.0,0.019,300.0,110.7,0.18853,-0.05692,-0.08249,0.00036,-0.03869
320.37,ETH-27SEP19,1562583541381,open,1.15,0.0,1.058,1.229,1.14337,106.45,None,0.0,ETH-27SEP19-680-P,309.56,0.0,0.0,0.0,0.0,0.0,0.0,0.27497,-0.18097,-1.44669,0.00114,-0.8946
311.95,SYN.ETH-26JUL19,1562583541404,open,0.68,0.0,0.603,0.735,0.669145,111.41,None,0.0,ETH-26JUL19-520-P,309.56,0.0,0.0,0.0,0.0,0.0,0.0,0.04121,-0.12841,-0.25109,0.00078,-0.97436
12246.85,BTC-27SEP19,1562583541433,open,0.01,167.9,0.0005,0.054,0.01407524,111.02,0.0115,0.0,BTC-27SEP19-30000-C,11918.61,109.34,0.013,20.0,0.0155,36.9,113.14,8.00194,-5.49223,1.60168,2e-05,0.0731
12458.79,BTC-27DEC19,1562583541433,open,0.05,228.0,0.0155,0.095,0.05538614,103.79,0.0505,0.0,BTC-27DEC19-30000-C,11918.61,102.22,0.0525,18.4,0.058,5.0,105.18,23.20343,-7.00586,7.90001,3e-05,0.19004
12458.79,BTC-27DEC19,1562583541433,open,0.03,166.9,0.0005,0.0715,0.03150955,108.23,0.03,0.0,BTC-27DEC19-40000-C,11918.61,106.7,0.0295,15.0,0.033,10.0,109.33,16.61736,-5.232,4.91117,2e-05,0.11522
12458.79,BTC-27DEC19,1562583541433,open,0.02,121.4,0.0005,0.0665,0.02670829,110.3,0.024,0.0,BTC-27DEC19-44000-C,11918.61,108.4,0.0245,15.0,0.0285,13.0,111.77,14.86801,-4.77056,4.22718,2e-05,0.09876
12458.79,BTC-27DEC19,1562583541433,open,0.64,6.5,0.6105,0.69,0.65025498,98.89,0.54,0.0,BTC-27DEC19-4500-C,11918.61,0.0,0.0115,0.1,0.977,1.0,500.0,6.27562,-1.80527,18.58952,1e-05,0.96712
12246.85,BTC-27SEP19,1562583541433,open,0.01,325.6,0.0005,0.046,0.00604263,101.37,0.008,0.0,BTC-27SEP19-5500-P,11918.61,97.7,0.005,19.8,0.0075,52.0,105.95,3.66679,-2.29787,-0.91465,1e-05,-0.02766
12458.79,BTC-27DEC19,1562583541433,open,0.01,75.2,0.0005,0.0515,0.01144474,98.88,0.0105,0.0,BTC-27DEC19-4500-P,11918.61,96.97,0.0105,4.0,0.013,8.0,101.88,6.27534,-1.80516,-2.60047,1e-05,-0.03288
12246.85,BTC-27SEP19,1562583541433,open,0.0,1657.1,0.0005,0.04,1.575e-05,130.0,0.0005,0.0,BTC-27SEP19-1500-P,11918.61,0.0,0.0,0.0,0.0025,15.0,219.04,0.02131,-0.01713,-0.00295,0.0,-9e-05
12458.79,BTC-27DEC19,1562583541433,open,0.0,89.4,0.0005,0.0415,0.00147565,120.69,0.0005,0.0,BTC-27DEC19-2000-P,11918.61,105.35,0.0005,20.1,0.004,10.0,140.93,1.0938,-0.38401,-0.3423,0.0,-0.00436
12246.85,BTC-27SEP19,1562583541433,open,0.0,440.3,0.0005,0.044,0.00426345,104.98,0.0045,0.0,BTC-27SEP19-5000-P,11918.61,103.79,0.004,3.0,0.0055,56.5,110.08,2.75613,-1.78879,-0.65039,1e-05,-0.0197
12246.85,BTC-27SEP19,1562583541434,open,0.64,0.2,0.615,0.6945,0.65497237,108.13,0.26,0.0,BTC-27SEP19-4250-C,11918.61,0.0,0.005,0.1,0.7475,5.0,299.66,1.50967,-1.00916,9.0968,0.0,0.9902
11991.15,SYN.BTC-26JUL19,1562583541433,open,0.32,10.0,0.2205,0.322,0.27129042,100.47,0.17,0.0,BTC-26JUL19-15000-P,11918.61,0.0,0.0,0.0,0.0,0.0,0.0,7.0881,-19.9196,-6.3782,0.0001,-0.8148
11962.74,SYN.BTC-19JUL19,1562583541433,open,0.06,37.0,0.004,0.087,0.0454643,93.29,0.0445,0.0,BTC-19JUL19-11500-P,11918.61,88.74,0.0425,4.0,0.0465,37.5,94.87,7.81297,-33.5079,-1.48947,0.0002,-0.3724
11962.74,SYN.BTC-19JUL19,1562583541433,open,0.09,0.2,0.0235,0.108,0.06583976,93.28,0.1265,0.0,BTC-19JUL19-12000-P,11918.61,88.43,0.0625,4.0,0.067,29.5,94.97,8.2226,-35.26415,-1.92995,0.00021,-0.4756
12246.87,BTC-27SEP19,1562583541434,open,0.87,42.8,0.838,0.9175,0.87753667,130.67,0.815,0.0,BTC-27SEP19-1500-C,11918.61,0.0,0.0,0.0,0.0,0.0,0.0,0.02262,-0.01827,3.32051,0.0,0.9999
12246.87,BTC-27SEP19,1562583541434,open,0.1,206.1,0.0685,0.148,0.1083007,97.41,0.099,0.0,BTC-27SEP19-15000-C,11918.61,95.33,0.1045,9.5,0.1115,22.0,99.15,22.48254,-13.53882,8.3406,7e-05,0.41566
12246.87,BTC-27SEP19,1562583541434,open,0.62,289.7,0.595,0.6745,0.63497594,105.69,0.588,0.0,BTC-27SEP19-4500-C,11918.61,0.0,0.001,1.0,0.737,5.0,299.52,1.78409,-1.16573,9.5832,1e-05,0.98813
12246.87,BTC-27SEP19,1562583541434,open,0.0,297.6,0.0005,0.043,0.00318162,104.98,0.0055,0.0,BTC-27SEP19-4750-P,11918.61,100.93,0.0025,19.0,0.0045,47.0,111.53,2.21362,-1.4367,-0.5,1e-05,-0.01524
11991.15,SYN.BTC-26JUL19,1562583541433,open,0.01,210.8,0.0005,0.045,0.00482147,100.14,0.0055,0.0,BTC-26JUL19-8500-P,11918.61,96.24,0.004,3.3,0.006,69.5,105.16,2.65346,-7.43223,-0.31079,4e-05,-0.0481
12246.87,BTC-27SEP19,1562583541435,open,0.36,901.8,0.341,0.4205,0.3806694,96.54,0.3525,0.0,BTC-27SEP19-8000-C,11918.61,0.0,0.0,0.0,0.42,1.0,133.43,11.67714,-6.96918,13.49157,4e-05,0.87785
11934.32,SYN.BTC-12JUL19,1562583541433,open,0.0,86.9,0.0005,0.0405,0.0007645,129.6,0.0025,0.0,BTC-12JUL19-16000-C,11918.61,0.0,0.0,0.0,0.0015,20.0,143.2,0.50926,-8.51454,0.02013,3e-05,0.01665
11934.32,SYN.BTC-12JUL19,1562583541433,open,0.35,0.0,0.332,0.4115,0.3715739,136.09,None,0.0,BTC-12JUL19-7500-C,11918.61,0.0,0.0,0.0,0.0,0.0,0.0,0.01608,-0.2823,0.7959,0.0,0.99964
11934.32,SYN.BTC-12JUL19,1562583541433,open,0.0,54.7,0.0005,0.04,7.05e-06,130.0,0.0005,0.0,BTC-12JUL19-7500-P,11918.61,0.0,0.0,0.0,0.001,1.0,210.91,0.0095,-0.08408,-0.00027,0.0,-0.0002
11934.32,SYN.BTC-12JUL19,1562583541433,open,0.35,0.0,0.248,0.3515,0.29976394,122.18,None,0.0,BTC-12JUL19-15500-P,11918.61,0.0,0.0,0.0,0.0,0.0,0.0,0.64629,-10.18719,-1.61917,3e-05,-0.97797
12458.81,BTC-27DEC19,1562583541436,open,0.79,0.0,0.762,0.8415,0.80164254,113.1,None,0.0,BTC-27DEC19-2500-C,11918.61,0.0,0.0135,0.1,0.9835,0.5,500.0,1.66485,-0.54776,11.22681,0.0,0.99301
11962.74,SYN.BTC-19JUL19,1562583541433,open,0.22,0.0,0.211,0.2905,0.25092173,101.07,None,0.0,BTC-19JUL19-9000-C,11918.61,0.0,0.0,0.0,0.0,0.0,0.0,1.88218,-8.74587,2.51726,4e-05,0.95713
11934.32,SYN.BTC-12JUL19,1562583541433,open,0.0,368.8,0.0005,0.04,0.00020386,130.0,0.0005,0.0,BTC-12JUL19-8500-P,11918.61,0.0,0.0,0.0,0.001,0.1,159.84,0.16691,-2.43294,-0.00616,1e-05,-0.00466
12458.81,BTC-27DEC19,1562583541438,open,0.78,3.6,0.656,0.7935,0.72470653,98.88,0.7375,0.0,BTC-27DEC19-20000-P,11918.61,0.0,0.004,5.0,1.497,0.2,500.0,31.98712,-9.20117,-80.05986,4e-05,-0.63993
11962.74,SYN.BTC-19JUL19,1562583541433,open,0.27,0.0,0.1755,0.273,0.22431604,98.94,None,0.0,BTC-19JUL19-14500-P,11918.61,0.0,0.001,1.0,0.0,0.0,0.0,4.79275,-21.8017,-3.833,0.00011,-0.85102
11934.32,SYN.BTC-12JUL19,1562583541435,open,0.17,17.4,0.165,0.2445,0.20486473,111.2,0.1785,0.0,BTC-12JUL19-9500-C,11918.61,0.0,0.17,5.0,0.219,5.0,212.78,0.60222,-8.6391,0.98193,4e-05,0.97973
11991.15,SYN.BTC-26JUL19,1562583541433,open,0.39,4.8,0.378,0.4575,0.41750482,115.96,0.455,0.0,BTC-26JUL19-7000-C,11918.61,0.0,0.005,0.1,0.0,0.0,0.0,0.88915,-2.88397,3.34434,1e-05,0.98699
11991.15,SYN.BTC-26JUL19,1562583541433,open,0.19,98.9,0.1805,0.26,0.22010557,94.42,0.1795,0.0,BTC-26JUL19-9500-C,11918.61,72.83,0.2125,0.1,0.0,0.0,0.0,5.03619,-13.30075,3.92563,8e-05,0.88857
11991.15,SYN.BTC-26JUL19,1562583541435,open,0.44,0.0,0.419,0.4985,0.4587385,122.25,0.3665,0.0,BTC-26JUL19-6500-C,11918.61,0.0,0.005,0.1,0.0,0.0,0.0,0.59595,-2.03776,3.13032,1e-05,0.99178
11991.15,SYN.BTC-26JUL19,1562583541435,open,0.0,190.6,0.0005,0.0405,0.00079918,122.13,0.001,0.0,BTC-26JUL19-6500-P,11918.61,115.08,0.0005,29.0,0.0015,50.0,133.45,0.59303,-2.02582,-0.05272,1e-05,-0.00818
11962.74,SYN.BTC-19JUL19,1562583541433,open,0.18,1.5,0.172,0.2515,0.21161159,97.0,0.167,0.0,BTC-19JUL19-9500-C,11918.61,0.0,0.0,0.0,0.0,0.0,0.0,2.83601,-12.64705,2.55321,7e-05,0.92791
11962.74,SYN.BTC-19JUL19,1562583541433,open,0.0,150.2,0.0005,0.0415,0.00185529,106.08,0.0025,0.0,BTC-19JUL19-8500-P,11918.61,102.34,0.0015,4.0,0.003,45.5,115.81,1.21182,-5.90968,-0.09616,3e-05,-0.02512
11991.15,SYN.BTC-26JUL19,1562583541433,open,0.65,0.0,0.5255,0.652,0.58861799,113.42,None,0.0,BTC-26JUL19-19000-P,11918.61,0.0,0.0,0.0,0.0,0.0,0.0,2.4608,-7.80665,-9.07215,3e-05,-0.95621
11934.32,SYN.BTC-12JUL19,1562583541433,open,0.22,0.3,0.1305,0.224,0.17730158,108.77,0.1855,0.0,BTC-12JUL19-14000-P,11918.61,0.0,0.001,1.0,0.0,0.0,0.0,1.92416,-27.00143,-1.3834,0.00012,-0.91438
11962.74,SYN.BTC-19JUL19,1562583541434,open,0.31,0.0,0.2125,0.313,0.26260626,100.41,None,0.0,BTC-19JUL19-15000-P,11918.61,0.0,0.001,1.0,0.0,0.0,0.0,3.92001,-18.09545,-4.10318,9e-05,-0.88853
11934.32,SYN.BTC-12JUL19,1562583541433,open,0.0,127.1,0.0005,0.041,0.0010021,122.42,0.0005,0.0,BTC-12JUL19-15500-C,11918.61,111.08,0.0005,6.5,0.001,0.9,122.39,0.65186,-10.29549,0.02694,4e-05,0.02226
11991.15,SYN.BTC-26JUL19,1562583541439,open,0.56,0.0,0.4465,0.567,0.50674768,109.2,None,0.0,BTC-26JUL19-18000-P,11918.61,0.0,0.0,0.0,0.0,0.0,0.0,3.13501,-9.57538,-8.49989,4e-05,-0.94063
11991.15,SYN.BTC-26JUL19,1562583541496,open,0.07,405.6,0.042,0.1215,0.08192434,93.34,0.084,0.0,BTC-26JUL19-12000-C,11918.61,91.72,0.0805,34.5,0.0865,5.0,98.55,10.53409,-27.50315,2.68842,0.00016,0.53971
11991.15,SYN.BTC-26JUL19,1562583541525,open,0.0,126.5,0.0005,0.043,0.00300323,116.96,0.001,0.0,BTC-26JUL19-20000-C,11918.61,109.89,0.002,55.0,0.004,5.0,122.63,1.92312,-6.29153,0.1725,2e-05,0.03238
327.56,ETH-27DEC19,1562583541537,open,0.54,0.0,0.506,0.585,0.545723,98.88,None,0.0,ETH-27DEC19-160-C,309.56,0.0,0.001,1000.0,1.6,1.0,500.0,0.33881,-0.09746,0.57503,0.00068,0.91853
327.56,ETH-27DEC19,1562583541543,open,0.42,10.0,0.357,0.469,0.412578,97.01,0.402,0.0,ETH-27DEC19-400-P,309.56,92.05,0.399,110.0,0.427,30.0,102.28,0.89625,-0.25293,-1.38748,0.00183,-0.48695
12246.87,BTC-27SEP19,1562583541614,open,0.0,421.1,0.0005,0.0415,0.00169181,111.17,0.0025,0.0,BTC-27SEP19-4000-P,11918.61,103.44,0.001,19.0,0.003,54.0,121.38,1.29094,-0.88722,-0.26835,0.0,-0.0082
310.08,SYN.ETH-12JUL19,1562583541631,open,0.29,0.0,0.251,0.33,0.290663,128.07,None,0.0,ETH-12JUL19-220-C,309.56,0.0,0.005,2.0,0.0,0.0,0.0,0.00364,-0.06019,0.02323,0.00028,0.99617
12246.87,BTC-27SEP19,1562583541669,open,0.0,433.4,0.0005,0.041,0.00139089,120.37,0.0025,0.0,BTC-27SEP19-3500-P,11918.61,115.18,0.001,1.0,0.002,19.0,126.79,1.02621,-0.76369,-0.20922,0.0,-0.00632
327.56,ETH-27DEC19,1562583541761,open,0.03,211.0,0.001,0.075,0.034127,98.83,0.049,0.0,ETH-27DEC19-160-P,309.56,95.75,0.031,140.0,0.039,300.0,103.43,0.33862,-0.09735,-0.17822,0.00068,-0.08141
11934.34,SYN.BTC-12JUL19,1562583541818,open,0.0,201.5,0.0005,0.047,0.0071629,104.42,0.0075,0.0,BTC-12JUL19-13500-C,11918.61,99.1,0.006,47.8,0.009,59.5,112.17,2.70317,-36.41452,0.16511,0.00017,0.13745
320.38,ETH-27SEP19,1562583541892,open,0.79,24.0,0.714,0.856,0.785222,101.7,1.356,0.0,ETH-27SEP19-560-P,309.56,0.0,0.0,0.0,0.0,0.0,0.0,0.39145,-0.24612,-1.14171,0.00169,-0.82308
320.38,ETH-27SEP19,1562583541892,open,0.35,1096.0,0.314,0.393,0.353874,94.74,0.34,0.0,ETH-27SEP19-220-C,309.56,0.0,0.005,1.0,0.57,17.0,268.28,0.34093,-0.19969,0.35698,0.00158,0.85675
320.38,ETH-27SEP19,1562583541896,open,0.0,389.0,0.001,0.04,0.000239,130.0,0.002,0.0,ETH-27SEP19-60-P,309.56,0.0,0.0,0.0,0.002,300.0,168.29,0.00586,-0.00471,-0.001,2e-05,-0.00117
311.95,SYN.ETH-26JUL19,1562583541896,open,0.49,0.0,0.448,0.527,0.487591,124.45,None,0.0,ETH-26JUL19-160-C,309.56,0.0,0.0,0.0,0.0,0.0,0.0,0.01035,-0.03602,0.07749,0.00017,0.99479
311.95,SYN.ETH-26JUL19,1562583541896,open,0.19,1047.0,0.14,0.234,0.186871,94.52,0.2,0.0,ETH-26JUL19-360-P,309.56,0.0,0.134,1.0,0.0,0.0,0.0,0.23274,-0.61534,-0.13842,0.00517,-0.71913
320.38,ETH-27SEP19,1562583541906,open,0.03,3988.0,0.001,0.071,0.031585,104.47,0.03,0.0,ETH-27SEP19-600-C,309.56,99.2,0.026,498.0,0.033,177.0,105.74,0.35398,-0.22863,0.08514,0.00149,0.15151
320.38,ETH-27SEP19,1562583541912,open,0.0,8280.0,0.001,0.042,0.002589,104.95,0.003,0.0,ETH-27SEP19-120-P,309.56,100.82,0.002,10.0,0.005,300.0,117.54,0.04952,-0.03213,-0.01086,0.00021,-0.01271
311.95,SYN.ETH-26JUL19,1562583541915,open,0.24,504.0,0.191,0.289,0.23986,95.14,0.168,0.0,ETH-26JUL19-380-P,309.56,0.0,0.0,0.0,0.0,0.0,0.0,0.19484,-0.5185,-0.15845,0.0043,-0.79728
311.95,SYN.ETH-26JUL19,1562583541926,open,0.0,562.0,0.001,0.04,0.000515,125.05,0.004,0.0,ETH-26JUL19-160-P,309.56,0.0,0.0,0.0,0.002,300.0,150.76,0.01064,-0.03721,-0.0009,0.00018,-0.00537
310.08,SYN.ETH-12JUL19,1562583541936,open,0.23,0.0,0.179,0.276,0.227703,114.04,None,0.0,ETH-12JUL19-380-P,309.56,0.0,0.0,0.0,0.0,0.0,0.0,0.03152,-0.46374,-0.03887,0.00271,-0.95271
311.95,SYN.ETH-26JUL19,1562583541959,open,0.42,0.0,0.385,0.464,0.42445,120.79,None,0.0,ETH-26JUL19-180-C,309.56,0.0,0.0,0.0,0.0,0.0,0.0,0.02499,-0.08443,0.08576,0.00043,0.98577
327.56,ETH-27DEC19,1562583541962,open,0.45,0.0,0.417,0.496,0.456394,96.91,None,0.0,ETH-27DEC19-200-C,309.56,0.0,0.001,1000.0,1.4,1.0,500.0,0.50352,-0.14196,0.62049,0.00103,0.85867
311.95,SYN.ETH-26JUL19,1562583541968,open,0.03,3222.0,0.001,0.072,0.032793,94.46,0.02,0.0,ETH-26JUL19-360-C,309.56,90.68,0.03,397.0,0.036,200.0,98.72,0.23267,-0.61476,0.03787,0.00517,0.28069
320.38,ETH-27SEP19,1562583541970,open,0.68,12.0,0.603,0.736,0.669665,100.11,1.193,0.0,ETH-27SEP19-520-P,309.56,0.0,0.0,0.0,0.0,0.0,0.0,0.43961,-0.27208,-1.03327,0.00193,-0.78587
320.38,ETH-27SEP19,1562583541970,open,0.31,101.0,0.251,0.354,0.302253,96.17,0.326,0.0,ETH-27SEP19-380-P,309.56,91.72,0.294,120.0,0.309,120.0,99.8,0.59485,-0.35369,-0.61201,0.00272,-0.55987
311.95,SYN.ETH-26JUL19,1562583541974,open,0.36,0.0,0.321,0.4,0.360985,106.16,None,0.0,ETH-26JUL19-200-C,309.56,0.0,0.005,2.0,0.0,0.0,0.0,0.03656,-0.10855,0.09423,0.00072,0.97777
11991.16,SYN.BTC-26JUL19,1562583541978,open,0.24,5.3,0.1525,0.248,0.20042874,98.44,0.192,0.0,BTC-26JUL19-14000-P,11918.61,0.0,0.0,0.0,0.0,0.0,0.0,8.83186,-24.31884,-5.44305,0.00013,-0.72642
12458.81,BTC-27DEC19,1562583541990,open,0.04,48.2,0.009,0.0885,0.04865277,104.63,0.055,0.0,BTC-27DEC19-32000-C,11918.61,103.09,0.046,16.4,0.0515,11.4,106.25,21.62194,-6.58141,7.11002,3e-05,0.16984
310.08,SYN.ETH-12JUL19,1562583541993,open,0.0,1500.0,0.001,0.04,0.000186,130.01,0.001,0.0,ETH-12JUL19-220-P,309.56,0.0,0.0,0.0,0.002,304.0,180.69,0.00403,-0.05772,-0.00015,0.0003,-0.00429
320.38,ETH-27SEP19,1562583542000,open,0.0,1814.0,0.001,0.04,0.000583,119.01,0.002,0.0,ETH-27SEP19-80-P,309.56,0.0,0.0,0.0,0.002,300.0,139.9,0.01346,-0.0099,-0.00249,5e-05,-0.00292
311.95,SYN.ETH-26JUL19,1562583542002,open,0.05,1802.0,0.009,0.088,0.04877,93.86,0.051,0.0,ETH-26JUL19-340-C,309.56,90.56,0.046,334.0,0.052,200.0,97.69,0.26244,-0.68902,0.0503,0.00587,0.37804
320.38,ETH-27SEP19,1562583542039,open,0.0,4126.0,0.001,0.041,0.001549,113.98,0.001,0.0,ETH-27SEP19-100-P,309.56,107.42,0.001,20.0,0.003,300.0,126.01,0.03078,-0.02169,-0.00634,0.00012,-0.00738
311.95,SYN.ETH-26JUL19,1562583542039,open,0.07,1428.0,0.03,0.109,0.069624,91.72,0.07,0.0,ETH-26JUL19-320-C,309.56,89.88,0.068,177.0,0.076,150.0,98.95,0.27533,-0.70638,0.06429,0.0063,0.49043
320.38,ETH-27SEP19,1562583542041,open,0.08,2529.0,0.037,0.116,0.076452,97.27,0.081,0.0,ETH-27SEP19-440-C,309.56,94.01,0.071,248.0,0.081,160.0,99.95,0.54024,-0.32487,0.17383,0.00244,0.32132
320.38,ETH-27SEP19,1562583542041,open,0.69,0.0,0.65,0.729,0.6894,113.78,None,0.0,ETH-27SEP19-100-C,309.56,0.0,0.004,5.0,0.0,0.0,0.0,0.03052,-0.02147,0.2153,0.00012,0.99269
311.95,SYN.ETH-26JUL19,1562583542041,open,0.06,578.0,0.02,0.104,0.061633,91.77,0.06,0.0,ETH-26JUL19-300-P,309.56,86.28,0.057,120.0,0.064,177.0,94.57,0.26377,-0.67706,-0.06815,0.00603,-0.38442
320.38,ETH-27SEP19,1562583542043,open,0.1,2712.0,0.061,0.14,0.100933,96.54,0.101,0.0,ETH-27SEP19-400-C,309.56,94.37,0.097,228.0,0.105,161.0,98.78,0.58146,-0.34704,0.21015,0.00265,0.39696
320.38,ETH-27SEP19,1562583542043,open,0.91,27.0,0.829,0.98,0.904477,104.58,1.044,0.0,ETH-27SEP19-600-P,309.56,0.0,0.872,1.0,0.953,2.0,140.46,0.35454,-0.22922,-1.24415,0.00149,-0.84813
311.95,SYN.ETH-26JUL19,1562583542043,open,0.3,985.0,0.246,0.348,0.297014,96.94,0.205,0.0,ETH-26JUL19-400-P,309.56,0.0,0.0,0.0,0.0,0.0,0.0,0.15844,-0.42961,-0.17577,0.00343,-0.85351
320.38,ETH-27SEP19,1562583542046,open,0.51,392.0,0.47,0.549,0.50954,97.23,0.51,0.0,ETH-27SEP19-160-C,309.56,0.0,0.1,10.0,0.0,0.0,0.0,0.13106,-0.07879,0.31948,0.00059,0.95958
311.95,SYN.ETH-26JUL19,1562583542071,open,0.0,1010.0,0.001,0.041,0.001489,121.07,0.002,0.0,ETH-26JUL19-180-P,309.56,114.23,0.001,1.0,0.003,649.0,135.83,0.02523,-0.08545,-0.00243,0.00044,-0.0144
320.38,ETH-27SEP19,1562583542104,open,0.11,1684.0,0.077,0.156,0.116061,96.12,0.105,0.0,ETH-27SEP19-380-C,309.56,93.93,0.112,217.0,0.12,120.0,98.24,0.59482,-0.35347,0.22996,0.00272,0.44
320.38,ETH-27SEP19,1562583542104,open,0.13,1579.0,0.094,0.173,0.133113,95.45,0.12,0.0,ETH-27SEP19-360-C,309.56,93.26,0.129,205.0,0.138,325.0,98.05,0.60128,-0.35482,0.25058,0.00277,0.4861
320.38,ETH-27SEP19,1562583542104,open,0.02,5302.0,0.001,0.056,0.015935,95.98,0.018,0.0,ETH-27SEP19-180-P,309.56,90.94,0.013,200.0,0.02,520.0,102.35,0.19473,-0.11555,-0.05855,0.00089,-0.06654
320.38,ETH-27SEP19,1562583542104,open,0.57,191.0,0.528,0.607,0.567158,97.22,0.5,0.0,ETH-27SEP19-140-C,309.56,0.0,0.01,50.0,0.0,0.0,0.0,0.07544,-0.04535,0.29251,0.00034,0.97921
320.38,ETH-27SEP19,1562583542110,open,0.0,7664.0,0.001,0.044,0.004166,97.34,0.005,0.0,ETH-27SEP19-140-P,309.56,86.13,0.002,501.0,0.007,300.0,107.59,0.07573,-0.04557,-0.01778,0.00034,-0.02088
311.95,SYN.ETH-26JUL19,1562583542110,open,0.3,20.0,0.259,0.338,0.298554,96.37,0.237,0.0,ETH-26JUL19-220-C,309.56,0.0,0.005,1.0,0.0,0.0,0.0,0.06017,-0.16219,0.10097,0.00131,0.95943
320.38,ETH-27SEP19,1562583542129,open,0.56,0.0,0.496,0.62,0.55826,99.16,None,0.0,ETH-27SEP19-480-P,309.56,0.0,0.0,0.0,0.0,0.0,0.0,0.49251,-0.30194,-0.91916,0.00218,-0.73653
311.95,SYN.ETH-26JUL19,1562583542129,open,0.0,1343.0,0.001,0.043,0.003824,96.53,0.012,0.0,ETH-26JUL19-220-P,309.56,92.0,0.003,1000.0,0.006,550.0,106.43,0.06045,-0.16323,-0.00682,0.00131,-0.0408
320.38,ETH-27SEP19,1562583542132,open,0.2,2924.0,0.165,0.244,0.204273,94.63,0.196,0.0,ETH-27SEP19-300-C,309.56,90.49,0.197,271.0,0.209,120.0,97.33,0.56178,-0.32866,0.31245,0.00261,0.64441
311.95,SYN.ETH-26JUL19,1562583542132,open,0.18,476.0,0.146,0.225,0.185256,91.87,0.153,0.0,ETH-26JUL19-260-C,309.56,89.51,0.184,160.0,0.275,25.0,224.79,0.16744,-0.43026,0.10015,0.00382,0.84078
327.56,ETH-27DEC19,1562583542137,open,0.14,522.0,0.103,0.182,0.142266,98.74,0.137,0.0,ETH-27DEC19-480-C,309.56,95.25,0.133,238.0,0.152,238.0,102.37,0.87428,-0.25112,0.41438,0.00175,0.41092
311.95,SYN.ETH-26JUL19,1562583542188,open,0.0,1208.0,0.001,0.042,0.00214,106.41,0.001,0.0,ETH-26JUL19-200-P,309.56,94.44,0.001,349.0,0.004,550.0,119.33,0.03687,-0.10973,-0.00376,0.00073,-0.02246
11934.34,SYN.BTC-12JUL19,1562583542212,open,0.31,0.0,0.2085,0.309,0.25868759,120.77,None,0.0,BTC-12JUL19-15000-P,11918.61,0.0,0.002,1.0,0.0,0.0,0.0,1.01549,-15.82213,-1.54694,6e-05,-0.96204
11934.34,SYN.BTC-12JUL19,1562583542228,open,0.22,29.7,0.2065,0.286,0.24639468,123.76,0.1845,0.0,BTC-12JUL19-9000-C,11918.61,0.0,0.0005,2.0,0.0,0.0,0.0,0.36755,-5.86833,0.94054,2e-05,0.98859
12246.84,BTC-27SEP19,1562583542231,open,0.83,28.2,0.797,0.8765,0.83679696,130.04,0.755,0.0,BTC-27SEP19-2000-C,11918.61,0.0,0.0045,5.0,0.944,5.0,500.0,0.1109,-0.08916,4.41393,0.0,0.99946
311.95,SYN.ETH-26JUL19,1562583542241,open,0.0,1228.0,0.001,0.041,0.001048,112.52,0.002,0.0,ETH-26JUL19-560-C,309.56,0.0,0.0,0.0,0.003,550.0,130.24,0.02316,-0.07289,0.00183,0.00043,0.01303
310.08,SYN.ETH-12JUL19,1562583542250,open,0.02,483.0,0.001,0.065,0.02575,95.13,0.024,0.0,ETH-12JUL19-320-C,309.56,90.7,0.024,122.0,0.028,1.0,100.8,0.12283,-1.50751,0.01208,0.01265,0.39271
327.54,ETH-27DEC19,1562583542253,open,0.07,0.0,0.025,0.109,0.066901,96.86,None,0.0,ETH-27DEC19-200-P,309.56,93.65,0.062,140.0,0.072,266.0,100.16,0.50342,-0.14185,-0.32112,0.00103,-0.1413
310.08,SYN.ETH-12JUL19,1562583542281,open,0.0,490.0,0.001,0.041,0.001068,120.94,0.002,0.0,ETH-12JUL19-400-C,309.56,0.0,0.0,0.0,0.003,580.0,144.4,0.01792,-0.27954,0.00075,0.00145,0.0238
311.02,SYN.ETH-19JUL19,1562583542304,open,0.13,168.0,0.078,0.167,0.122475,91.2,0.137,0.0,ETH-19JUL19-340-P,309.56,76.93,0.114,250.0,0.123,150.0,92.05,0.1902,-0.79744,-0.07501,0.00724,-0.68698
310.08,SYN.ETH-12JUL19,1562583542331,open,0.22,10.0,0.188,0.267,0.227047,126.09,0.15,0.0,ETH-12JUL19-240-C,309.56,0.0,0.15,10.0,0.0,0.0,0.0,0.01602,-0.26062,0.02476,0.00124,0.97916
311.95,SYN.ETH-26JUL19,1562583542340,open,0.42,0.0,0.361,0.474,0.417398,100.48,None,0.0,ETH-26JUL19-440-P,309.56,0.0,0.0,0.0,0.0,0.0,0.0,0.0983,-0.27628,-0.205,0.00205,-0.92442
12458.79,BTC-27DEC19,1562583542358,open,1.09,0.0,0.931,1.0915,1.0113075,100.77,None,0.0,BTC-27DEC19-24000-P,11918.61,0.0,0.0055,1.0,1.8085,0.2,500.0,28.44777,-8.33927,-101.95541,4e-05,-0.72654
320.38,ETH-27SEP19,1562583542358,open,1.28,0.0,1.175,1.355,1.264871,107.93,None,0.0,ETH-27SEP19-720-P,309.56,0.0,0.0,0.0,0.0,0.0,0.0,0.24522,-0.16363,-1.54381,0.001,-0.90984
12246.84,BTC-27SEP19,1562583542396,open,0.06,285.1,0.025,0.1045,0.06459376,99.52,0.062,0.0,BTC-27SEP19-18000-C,11918.61,97.55,0.0615,48.9,0.067,0.4,101.04,19.34922,-11.90496,5.79983,6e-05,0.27832
12458.79,BTC-27DEC19,1562583542434,open,0.75,0.0,0.723,0.8025,0.76254161,106.6,None,0.0,BTC-27DEC19-3000-C,11919.55,0.0,0.0055,0.1,0.9815,0.5,500.0,2.3547,-0.7302,13.3219,0.0,0.98962
12458.79,BTC-27DEC19,1562583542434,open,1.72,0.3,1.5125,1.7215,1.6171203,104.63,2.435,0.0,BTC-27DEC19-32000-P,11919.55,0.0,0.0,0.0,0.0,0.0,0.0,21.62186,-6.58138,-143.57556,3e-05,-0.83016
12246.84,BTC-27SEP19,1562583542434,open,0.54,227.0,0.517,0.5965,0.556948,101.37,0.535,0.0,BTC-27SEP19-5500-C,11919.55,0.0,0.0,0.0,0.897,5.0,500.0,3.66706,-2.2981,11.27201,1e-05,0.97233
12246.84,BTC-27SEP19,1562583542434,open,0.68,0.0,0.6555,0.735,0.69520716,114.24,None,0.0,BTC-27SEP19-3750-C,11919.55,0.0,0.0045,10.0,0.7695,10.0,299.92,1.08919,-0.76923,8.0875,0.0,0.99324
12458.79,BTC-27DEC19,1562583542434,open,0.88,0.0,0.8405,0.92,0.88034674,128.02,None,0.0,BTC-27DEC19-1500-C,11919.55,0.0,0.0175,0.1,0.988,0.5,500.0,0.58924,-0.21945,6.89111,0.0,0.99781
12246.84,BTC-27SEP19,1562583542435,open,1.73,0.0,1.52,1.7295,1.62461622,112.86,None,0.0,BTC-27SEP19-32000-P,11919.55,0.0,0.0,0.0,2.171,1.0,450.51,7.00124,-4.88504,-69.55323,2e-05,-0.9385
12458.79,BTC-27DEC19,1562583542435,open,0.04,176.8,0.0005,0.0785,0.03871696,106.51,0.042,0.0,BTC-27DEC19-36000-C,11919.55,105.03,0.0365,10.0,0.041,5.0,108.0,18.90634,-5.85822,5.86431,2e-05,0.13868
12459.73,BTC-27DEC19,1562583542436,open,0.6,62.9,0.5755,0.655,0.61547868,98.46,0.598,0.0,BTC-27DEC19-5000-C,11919.55,0.0,0.0045,0.1,0.7015,14.0,188.22,8.18998,-2.34591,19.88563,1e-05,0.95441
12246.84,BTC-27SEP19,1562583542436,open,0.0,1060.8,0.0005,0.042,0.00199665,108.09,0.004,0.0,BTC-27SEP19-4250-P,11919.55,103.68,0.0015,1.0,0.0035,47.0,118.22,1.50787,-1.00768,-0.31977,0.0,-0.00979
12459.73,BTC-27DEC19,1562583542436,open,0.06,187.6,0.0085,0.092,0.05024842,96.04,0.06,0.0,BTC-27DEC19-7000-P,11919.55,93.95,0.0475,12.0,0.0525,12.0,97.72,16.51464,-4.61378,-9.64908,2e-05,-0.11421
12459.73,BTC-27DEC19,1562583542436,open,0.53,122.6,0.509,0.5885,0.54878925,96.63,0.52,0.0,BTC-27DEC19-6000-C,11919.55,69.89,0.5275,4.0,0.58,0.1,124.85,12.2075,-3.43166,22.02313,2e-05,0.92415
12459.73,BTC-27DEC19,1562583542438,open,0.0,161.6,0.0005,0.043,0.00333544,106.6,0.005,0.0,BTC-27DEC19-3000-P,11919.55,101.79,0.0025,14.0,0.0045,18.0,112.22,2.35475,-0.73026,-0.80489,0.0,-0.01038
12459.73,BTC-27DEC19,1562583542436,open,0.67,27.1,0.648,0.7275,0.68759597,102.74,0.542,0.0,BTC-27DEC19-4000-C,11919.55,0.0,0.014,0.1,0.716,0.2,150.82,4.95715,-1.48165,16.87651,1e-05,0.97524
11991.16,SYN.BTC-26JUL19,1562583542435,open,0.01,403.6,0.0005,0.048,0.00846271,106.26,0.0065,0.0,BTC-26JUL19-17000-C,11919.55,101.84,0.007,45.5,0.0095,5.0,109.17,4.16071,-12.36683,0.45454,6e-05,0.08586
12246.84,BTC-27SEP19,1562583542438,open,0.66,229.9,0.6355,0.715,0.67507792,111.18,0.673,0.0,BTC-27SEP19-4000-C,11919.55,0.0,0.111,2.0,0.7585,5.0,300.07,1.29143,-0.88763,8.59462,0.0,0.9918
12246.84,BTC-27SEP19,1562583542438,open,0.6,13.5,0.5755,0.655,0.6153277,104.99,0.382,0.0,BTC-27SEP19-4750-C,11919.55,0.0,0.0045,10.0,0.727,5.0,299.65,2.21414,-1.43712,10.02478,1e-05,0.98475
12459.73,BTC-27DEC19,1562583542438,open,0.5,63.0,0.478,0.5575,0.5176655,96.12,0.4965,0.0,BTC-27DEC19-6500-C,11919.55,0.0,0.2425,0.1,0.9715,2.0,500.0,14.34243,-4.01035,22.78248,2e-05,0.90597
12246.84,BTC-27SEP19,1562583542438,open,0.74,0.0,0.6135,0.7475,0.68062952,101.56,None,0.0,BTC-27SEP19-20000-P,11919.55,0.0,0.0045,10.0,1.3315,0.2,500.0,16.87429,-10.59478,-39.7537,5e-05,-0.78434
11991.16,SYN.BTC-26JUL19,1562583542434,open,0.03,61.1,0.0025,0.082,0.04203821,97.83,0.03,0.0,BTC-26JUL19-13500-C,11919.55,95.28,0.04,0.1,0.044,42.5,100.27,9.61336,-26.30661,1.69267,0.00014,0.33027
12246.84,BTC-27SEP19,1562583542444,open,0.0,46.9,0.0005,0.041,0.00099275,121.62,0.003,0.0,BTC-27SEP19-3250-P,11919.55,111.93,0.0005,4.0,0.002,15.0,133.98,0.77594,-0.58343,-0.15214,0.0,-0.00461
12246.84,BTC-27SEP19,1562583542444,open,0.17,751.3,0.1465,0.226,0.18616184,95.42,0.18,0.0,BTC-27SEP19-12000-C,11919.55,93.4,0.1825,9.5,0.1895,5.0,97.27,22.17566,-13.08203,11.40333,7e-05,0.60639
12246.84,BTC-27SEP19,1562583542444,open,1.07,0.2,0.908,1.0665,0.98702079,105.3,1.6,0.0,BTC-27SEP19-24000-P,11919.55,0.0,0.0,0.0,0.0,0.0,0.0,12.42673,-8.08942,-50.29503,4e-05,-0.86641
12459.73,BTC-27DEC19,1562583542445,open,0.12,283.6,0.0645,0.153,0.10880444,96.0,0.118,0.0,BTC-27DEC19-9000-P,11919.55,93.79,0.1045,6.4,0.111,10.4,97.13,24.30797,-6.78887,-18.42404,3e-05,-0.20521
12459.73,BTC-27DEC19,1562583542445,open,0.03,273.6,0.0005,0.0715,0.03037678,96.67,0.0285,0.0,BTC-27DEC19-6000-P,11919.55,94.73,0.0285,4.1,0.0325,8.0,98.81,12.21264,-3.43442,-6.235,2e-05,-0.07589
12459.73,BTC-27DEC19,1562583542445,open,0.07,155.4,0.0205,0.105,0.06271188,96.02,0.0765,0.0,BTC-27DEC19-7500-P,11919.55,93.86,0.0595,12.0,0.065,12.0,97.54,18.62992,-5.20373,-11.64135,3e-05,-0.1357
11991.16,SYN.BTC-26JUL19,1562583542436,open,0.01,390.1,0.0005,0.048,0.00790295,97.34,0.0065,0.0,BTC-26JUL19-9000-P,11919.55,92.66,0.0065,45.5,0.009,45.5,100.74,3.75542,-10.22527,-0.4867,5e-05,-0.07497
11991.16,SYN.BTC-26JUL19,1562583542434,open,0.31,24.1,0.2965,0.376,0.33605611,105.61,0.38,0.0,BTC-26JUL19-8000-C,11919.55,0.0,0.161,0.3,0.0,0.0,0.0,1.91757,-5.66464,3.70962,3e-05,0.96774
11934.34,SYN.BTC-12JUL19,1562583542435,open,0.0,312.6,0.0005,0.0415,0.00180844,120.75,0.0025,0.0,BTC-12JUL19-15000-C,11919.55,109.51,0.001,9.8,0.0025,9.8,128.12,1.01482,-15.80865,0.04577,6e-05,0.03793
11991.16,SYN.BTC-26JUL19,1562583542446,open,0.0,75.5,0.0005,0.044,0.00413248,113.5,0.0055,0.0,BTC-26JUL19-19000-C,11919.55,107.46,0.003,50.0,0.005,5.0,117.48,2.46666,-7.83079,0.23367,3e-05,0.04392
11934.34,SYN.BTC-12JUL19,1562583542446,open,0.0,650.7,0.0005,0.0405,0.00052217,123.8,0.0005,0.0,BTC-12JUL19-9000-P,11919.55,123.07,0.0005,4.0,0.0015,44.6,145.43,0.36812,-5.87923,-0.01514,2e-05,-0.01143
11934.34,SYN.BTC-12JUL19,1562583542445,open,0.04,85.4,0.0005,0.0635,0.0228809,95.1,0.022,0.0,BTC-12JUL19-11500-P,11919.55,92.75,0.022,17.8,0.0245,4.0,99.4,4.47802,-54.93857,-0.45298,0.00031,-0.33457
11991.16,SYN.BTC-26JUL19,1562583542444,open,0.0,126.8,0.0005,0.04,0.00019866,130.0,0.0005,0.0,BTC-26JUL19-5500-P,11919.55,0.0,0.0,0.0,0.001,5.0,156.93,0.18079,-0.65741,-0.01388,0.0,-0.00217
327.54,ETH-27DEC19,1562583542463,open,0.38,0.0,0.342,0.421,0.381114,96.24,None,0.0,ETH-27DEC19-240-C,309.56,0.0,0.001,1.0,0.0,0.0,0.0,0.65056,-0.18215,0.62827,0.00134,0.78846
311.02,SYN.ETH-19JUL19,1562583542488,open,0.02,90.0,0.001,0.056,0.016423,91.89,0.015,0.0,ETH-19JUL19-360-C,309.56,88.9,0.015,211.0,0.018,200.0,95.11,0.15015,-0.63431,0.01698,0.00567,0.19967
310.08,SYN.ETH-12JUL19,1562583542589,open,0.3,0.0,0.24,0.342,0.291109,121.72,None,0.0,ETH-12JUL19-400-P,309.56,0.0,0.0,0.0,0.0,0.0,0.0,0.0184,-0.28892,-0.0417,0.00148,-0.97544
311.02,SYN.ETH-19JUL19,1562583542655,open,0.18,0.0,0.128,0.22,0.173971,91.99,None,0.0,ETH-19JUL19-360-P,309.56,0.0,0.0,0.0,0.0,0.0,0.0,0.15029,-0.63556,-0.09026,0.00567,-0.80004
327.54,ETH-27DEC19,1562583542657,open,0.11,141.0,0.07,0.158,0.113737,96.19,0.115,0.0,ETH-27DEC19-240-P,309.56,92.79,0.107,140.0,0.12,261.0,99.34,0.65052,-0.18203,-0.50166,0.00134,-0.21152
310.08,SYN.ETH-12JUL19,1562583542659,open,0.06,102.0,0.016,0.1,0.057783,95.22,0.125,0.0,ETH-12JUL19-320-P,309.56,85.62,0.054,201.0,0.06,150.0,100.8,0.12284,-1.50912,-0.02189,0.01264,-0.60716
310.08,SYN.ETH-12JUL19,1562583542694,open,0.0,1801.0,0.001,0.041,0.001072,126.62,0.003,0.0,ETH-12JUL19-240-P,309.56,0.0,0.0,0.0,0.003,550.0,152.67,0.01628,-0.26595,-0.00073,0.00126,-0.02124
311.95,SYN.ETH-26JUL19,1562583542765,open,0.8,0.0,0.725,0.868,0.796282,113.6,None,0.0,ETH-26JUL19-560-P,309.56,0.0,0.0,0.0,0.0,0.0,0.0,0.02441,-0.07756,-0.27231,0.00045,-0.98615
311.95,SYN.ETH-26JUL19,1562583542782,open,0.05,1802.0,0.009,0.088,0.04877,93.86,0.051,0.0,ETH-26JUL19-340-C,309.56,90.56,0.046,334.0,0.053,200.0,98.87,0.26244,-0.68902,0.0503,0.00587,0.37804
327.57,ETH-27DEC19,1562583542790,open,0.22,65.0,0.184,0.263,0.223251,95.7,0.214,0.0,ETH-27DEC19-360-C,309.56,93.37,0.217,205.0,0.237,205.0,100.81,0.88161,-0.24543,0.5398,0.00182,0.57323
327.54,ETH-27DEC19,1562583542801,open,0.72,36.0,0.642,0.777,0.709566,98.83,0.737,0.0,ETH-27DEC19-520-P,309.56,0.0,0.001,500.0,0.0,0.0,0.0,0.84561,-0.24312,-2.07225,0.00169,-0.63399
311.95,SYN.ETH-26JUL19,1562583542809,open,0.0,1044.0,0.001,0.044,0.004251,108.34,0.002,0.0,ETH-26JUL19-480-C,309.56,101.96,0.003,10.0,0.006,550.0,115.64,0.06745,-0.2044,0.00649,0.00131,0.04673
311.02,SYN.ETH-19JUL19,1562583542813,open,0.29,0.0,0.255,0.334,0.294717,109.41,None,0.0,ETH-19JUL19-220-C,309.56,0.0,0.0,0.0,0.0,0.0,0.0,0.03341,-0.16808,0.06286,0.00106,0.97305
311.02,SYN.ETH-19JUL19,1562583542813,open,0.01,72.0,0.001,0.049,0.009412,94.18,0.01,0.0,ETH-19JUL19-380-C,309.56,90.07,0.008,239.0,0.011,250.0,98.51,0.11044,-0.4782,0.0107,0.00407,0.12488
320.38,ETH-27SEP19,1562583542928,open,0.01,2031.0,0.001,0.054,0.014379,108.56,0.015,0.0,ETH-27SEP19-760-C,309.56,106.45,0.013,10.0,0.015,15.0,109.48,0.21492,-0.14424,0.04351,0.00087,0.07566
311.02,SYN.ETH-19JUL19,1562583542968,open,0.13,168.0,0.078,0.167,0.122475,91.2,0.137,0.0,ETH-19JUL19-340-P,309.56,76.93,0.114,250.0,0.124,150.0,93.68,0.1902,-0.79744,-0.07501,0.00724,-0.68698
311.95,SYN.ETH-26JUL19,1562583542986,open,0.07,1428.0,0.03,0.109,0.069643,91.72,0.07,0.0,ETH-26JUL19-320-C,309.56,89.88,0.068,177.0,0.075,150.0,97.81,0.27533,-0.70638,0.06429,0.0063,0.49043
311.95,SYN.ETH-26JUL19,1562583542993,open,0.05,1802.0,0.009,0.088,0.048786,93.86,0.051,0.0,ETH-26JUL19-340-C,309.56,90.56,0.046,334.0,0.052,200.0,97.69,0.26244,-0.68902,0.0503,0.00587,0.37804
327.54,ETH-27DEC19,1562583543006,open,0.11,141.0,0.07,0.158,0.113787,96.19,0.115,0.0,ETH-27DEC19-240-P,309.56,92.79,0.107,140.0,0.12,221.0,99.34,0.65052,-0.18203,-0.50166,0.00134,-0.21152
327.56,ETH-27DEC19,1562583543011,open,0.51,0.0,0.447,0.567,0.50687,97.54,None,0.0,ETH-27DEC19-440-P,309.56,92.09,0.492,110.0,0.522,30.0,103.12,0.89168,-0.253,-1.61817,0.00181,-0.54231
320.38,ETH-27SEP19,1562583543019,open,0.04,2620.0,0.001,0.082,0.04059,94.78,0.04,0.0,ETH-27SEP19-220-P,309.56,91.36,0.037,340.0,0.044,473.0,97.94,0.34103,-0.19983,-0.13056,0.00158,-0.14331
311.02,SYN.ETH-19JUL19,1562583543022,open,0.24,0.0,0.182,0.28,0.231227,94.21,None,0.0,ETH-19JUL19-380-P,309.56,0.0,0.0,0.0,0.0,0.0,0.0,0.11049,-0.47854,-0.10252,0.00407,-0.87505
311.02,SYN.ETH-19JUL19,1562583543026,open,0.0,501.0,0.001,0.042,0.002106,109.67,0.002,0.0,ETH-19JUL19-220-P,309.56,97.11,0.001,9.0,0.003,5.0,117.09,0.03368,-0.1698,-0.00272,0.00107,-0.02721
310.08,SYN.ETH-12JUL19,1562583543028,open,0.0,281.0,0.001,0.04,0.000533,127.19,0.002,0.0,ETH-12JUL19-420-C,309.56,0.0,0.0,0.0,0.003,550.0,165.74,0.01015,-0.16535,0.00039,0.00078,0.01224
320.38,ETH-27SEP19,1562583543033,open,0.03,1805.0,0.001,0.065,0.025059,104.99,0.023,0.0,ETH-27SEP19-640-C,309.55,101.73,0.022,1.0,0.028,500.0,107.96,0.30949,-0.20089,0.07056,0.0013,0.12445
327.54,ETH-27DEC19,1562583543033,open,0.94,0.0,0.848,1.001,0.924099,99.69,0.953,0.0,ETH-27DEC19-600-P,309.55,0.0,0.0,0.0,0.0,0.0,0.0,0.77386,-0.22443,-2.51476,0.00154,-0.70636
320.37,ETH-27SEP19,1562583543034,open,0.35,240.0,0.296,0.403,0.349468,96.53,0.405,0.0,ETH-27SEP19-400-P,309.55,91.84,0.341,120.0,0.357,120.0,100.67,0.58143,-0.34699,-0.67618,0.00265,-0.60308
320.37,ETH-27SEP19,1562583543034,open,0.17,1704.0,0.137,0.216,0.176323,94.41,0.173,0.0,ETH-27SEP19-320-C,309.55,90.42,0.169,181.0,0.182,301.0,97.51,0.58661,-0.34239,0.2929,0.00273,0.58893
320.37,ETH-27SEP19,1562583543033,open,0.63,47.0,0.589,0.668,0.628033,105.01,0.689,0.0,ETH-27SEP19-120-C,309.55,0.0,0.0,0.0,0.0,0.0,0.0,0.04965,-0.03223,0.25499,0.00021,0.98725
327.53,ETH-27DEC19,1562583543034,open,0.16,64.0,0.124,0.203,0.163604,97.58,0.174,0.0,ETH-27DEC19-440-C,309.55,94.42,0.155,228.0,0.175,228.0,101.76,0.89162,-0.2531,0.45371,0.00181,0.45778
310.08,SYN.ETH-12JUL19,1562583543033,open,0.11,102.0,0.063,0.151,0.106773,97.65,0.11,0.0,ETH-12JUL19-340-P,309.55,69.45,0.1,50.0,0.108,50.0,101.91,0.08767,-1.10445,-0.03007,0.00879,-0.80653
310.08,SYN.ETH-12JUL19,1562583543033,open,0.01,198.0,0.001,0.05,0.010275,97.64,0.006,0.0,ETH-12JUL19-340-C,309.55,93.04,0.009,149.0,0.012,479.0,103.6,0.08767,-1.10432,0.00603,0.00879,0.19345
310.08,SYN.ETH-12JUL19,1562583543033,open,0.0,0.0,0.001,0.04,1.5e-05,130.0,None,0.0,ETH-12JUL19-200-P,309.55,0.0,0.0,0.0,0.002,300.0,223.26,0.00048,-0.00469,-1e-05,4e-05,-0.00042
310.08,SYN.ETH-12JUL19,1562583543034,open,0.43,0.0,0.363,0.475,0.419222,130.13,None,0.0,ETH-12JUL19-440-P,309.55,0.0,0.0,0.0,0.0,0.0,0.0,0.00503,-0.08445,-0.04655,0.00038,-0.9945
320.37,ETH-27SEP19,1562583543036,open,0.75,0.0,0.711,0.79,0.75088,119.18,None,0.0,ETH-27SEP19-80-C,309.55,0.0,0.004,5.0,0.0,0.0,0.0,0.01358,-0.01001,0.17475,5e-05,0.99705
320.37,ETH-27SEP19,1562583543036,open,0.27,1303.0,0.231,0.31,0.270765,94.66,0.265,0.0,ETH-27SEP19-260-C,309.55,89.38,0.263,283.0,0.4,1.0,180.07,0.47372,-0.27722,0.34398,0.0022,0.75534
320.37,ETH-27SEP19,1562583543036,open,0.05,1130.0,0.007,0.086,0.046502,100.05,0.049,0.0,ETH-27SEP19-520-C,309.55,97.46,0.043,278.0,0.05,160.0,102.57,0.4393,-0.27172,0.11882,0.00193,0.21388
310.08,SYN.ETH-12JUL19,1562583543033,open,0.16,100.0,0.124,0.203,0.163697,105.41,0.109,0.0,ETH-12JUL19-260-C,309.55,108.31,0.164,113.0,0.0,0.0,0.0,0.0313,-0.42563,0.02599,0.00291,0.95312
311.02,SYN.ETH-19JUL19,1562583543033,open,0.08,345.0,0.041,0.12,0.080163,90.01,0.072,0.0,ETH-19JUL19-300-C,309.55,88.24,0.079,166.0,0.086,150.0,98.89,0.20414,-0.8448,0.05018,0.00787,0.62163
310.08,SYN.ETH-12JUL19,1562583543033,open,0.0,1496.0,0.001,0.042,0.002195,105.43,0.001,0.0,ETH-12JUL19-260-P,309.55,103.44,0.002,132.0,0.003,30.0,112.74,0.03131,-0.42582,-0.00162,0.00291,-0.0469
320.37,ETH-27SEP19,1562583543037,open,0.4,1450.0,0.363,0.442,0.402068,95.26,0.383,0.0,ETH-27SEP19-200-C,309.55,0.0,0.335,20.0,0.407,5.0,101.01,0.26691,-0.1572,0.35264,0.00123,0.89883
310.08,SYN.ETH-12JUL19,1562583543033,open,0.0,1322.0,0.001,0.042,0.002166,113.65,0.001,0.0,ETH-12JUL19-380-C,309.55,99.39,0.001,232.0,0.004,551.0,128.84,0.0312,-0.45738,0.00147,0.00269,0.04669
311.02,SYN.ETH-19JUL19,1562583543034,open,0.0,140.0,0.001,0.045,0.005586,97.28,0.006,0.0,ETH-19JUL19-400-C,309.55,94.9,0.005,147.0,0.007,250.0,102.55,0.07876,-0.35223,0.00677,0.00281,0.07861
311.95,SYN.ETH-26JUL19,1562583543032,open,0.55,0.0,0.482,0.604,0.542965,108.4,None,0.0,ETH-26JUL19-480-P,309.55,0.0,0.0,0.0,0.0,0.0,0.0,0.06757,-0.20487,-0.22857,0.00131,-0.95317
311.95,SYN.ETH-26JUL19,1562583543035,open,0.02,1312.0,0.001,0.061,0.021674,95.07,0.022,0.0,ETH-26JUL19-380-C,309.55,92.36,0.02,423.0,0.024,200.0,98.74,0.19473,-0.51786,0.02763,0.0043,0.20252
311.95,SYN.ETH-26JUL19,1562583543036,open,0.14,68.0,0.094,0.184,0.138699,93.88,0.104,0.0,ETH-26JUL19-340-P,309.55,87.06,0.133,120.0,0.14,150.0,95.43,0.26245,-0.68917,-0.1162,0.00587,-0.62192
311.95,SYN.ETH-26JUL19,1562583543035,open,0.01,849.0,0.001,0.049,0.008997,94.0,0.019,0.0,ETH-26JUL19-240-P,309.55,87.95,0.007,190.0,0.012,550.0,102.1,0.10857,-0.28546,-0.01455,0.00242,-0.08621
311.02,SYN.ETH-19JUL19,1562583543034,open,0.36,0.0,0.3,0.407,0.353843,100.63,None,0.0,ETH-19JUL19-420-P,309.55,0.0,0.0,0.0,0.0,0.0,0.0,0.05558,-0.25714,-0.12081,0.00192,-0.94976
12459.65,BTC-27DEC19,1562583543433,open,0.25,165.2,0.2325,0.312,0.27200762,95.92,0.272,0.0,BTC-27DEC19-12000-C,11919.57,93.56,0.266,5.0,0.276,10.0,97.49,31.65828,-8.83371,22.19673,5e-05,0.65033
12247.7,BTC-27SEP19,1562583543433,open,0.02,66.6,0.0005,0.0615,0.02175841,107.55,0.022,0.0,BTC-27SEP19-26000-C,11919.57,104.9,0.0195,24.5,0.0235,41.5,109.49,10.74347,-7.14312,2.35751,3e-05,0.10863
12247.7,BTC-27SEP19,1562583543433,open,0.02,264.0,0.0005,0.067,0.02733309,105.29,0.027,0.0,BTC-27SEP19-24000-C,11919.57,102.94,0.025,56.5,0.0295,41.5,107.39,12.42831,-8.09,2.88397,4e-05,0.1336
12247.7,BTC-27SEP19,1562583543433,open,0.14,112.6,0.078,0.167,0.1225373,95.49,0.124,0.0,BTC-27SEP19-11000-P,11919.57,93.98,0.12,0.1,0.126,4.0,97.54,20.6548,-12.19325,-12.04771,7e-05,-0.3214
11963.69,SYN.BTC-19JUL19,1562583543433,open,0.01,137.9,0.0005,0.052,0.01223013,98.95,0.009,0.0,BTC-19JUL19-14500-C,11919.57,95.81,0.011,24.6,0.0135,45.5,102.05,4.79555,-21.81473,0.48788,0.00011,0.14909
12459.65,BTC-27DEC19,1562583543434,open,0.11,400.8,0.0795,0.159,0.11943459,98.88,0.1065,0.0,BTC-27DEC19-20000-C,11919.57,97.34,0.1155,11.4,0.1235,5.0,100.46,31.99049,-9.2022,14.12084,4e-05,0.36011
12247.7,BTC-27SEP19,1562583543435,open,0.25,28.1,0.168,0.265,0.21666255,96.07,0.254,0.0,BTC-27SEP19-13000-P,11919.57,94.11,0.213,19.2,0.221,5.0,98.39,22.89795,-13.59996,-18.42952,7e-05,-0.46244
12247.7,BTC-27SEP19,1562583543435,open,0.0,122.0,0.0005,0.041,0.00140843,114.24,0.0015,0.0,BTC-27SEP19-3750-P,11919.57,109.11,0.001,3.0,0.0025,15.0,124.3,1.08913,-0.76922,-0.22163,0.0,-0.00676
12247.7,BTC-27SEP19,1562583543435,open,0.04,374.1,0.008,0.0875,0.04755869,101.55,0.0455,0.0,BTC-27SEP19-20000-C,11919.57,99.68,0.045,30.1,0.0495,9.5,102.95,16.87643,-10.59549,4.56254,5e-05,0.21568
11992.1,SYN.BTC-26JUL19,1562583543433,open,0.0,293.2,0.0005,0.043,0.00321491,105.64,0.004,0.0,BTC-26JUL19-8000-P,11919.57,104.26,0.003,2.0,0.004,55.5,110.24,1.91778,-5.66649,-0.20837,3e-05,-0.03226
12459.67,BTC-27DEC19,1562583543436,open,2.05,1.3,1.8115,2.045,1.928243,106.64,2.889,0.0,BTC-27DEC19-36000-P,11919.57,0.0,0.0005,1.0,0.0,0.0,0.0,18.95501,-5.88044,-163.63854,2e-05,-0.86081
12459.67,BTC-27DEC19,1562583543437,open,1.24,0.0,1.0735,1.246,1.15978733,101.83,None,0.0,BTC-27DEC19-26000-P,11919.57,0.0,0.004,10.0,1.9645,0.2,500.0,26.63467,-7.8897,-112.58356,4e-05,-0.75909
12459.67,BTC-27DEC19,1562583543438,open,0.2,215.4,0.177,0.2565,0.21672458,96.12,0.2035,0.0,BTC-27DEC19-14000-C,11919.57,94.38,0.212,19.8,0.2205,5.0,97.52,33.71233,-9.42672,20.18941,5e-05,0.56083
12459.67,BTC-27DEC19,1562583543438,open,0.02,132.1,0.0005,0.057,0.01680128,98.51,0.016,0.0,BTC-27DEC19-5000-P,11919.57,97.28,0.016,9.0,0.018,8.0,100.3,8.19642,-2.34882,-3.66334,1e-05,-0.04564
12459.67,BTC-27DEC19,1562583543439,open,0.42,206.7,0.395,0.4745,0.43455982,95.99,0.4045,0.0,BTC-27DEC19-8000-C,11919.57,0.0,0.3005,0.1,0.0,0.0,0.0,20.64806,-5.76606,23.89449,3e-05,0.84182
11992.1,SYN.BTC-26JUL19,1562583543435,open,0.0,194.0,0.0005,0.042,0.00245329,121.98,0.0025,0.0,BTC-26JUL19-21000-C,11919.57,118.38,0.002,10.5,0.0025,2.7,122.32,1.6107,-5.49537,0.13919,2e-05,0.02615
11992.1,SYN.BTC-26JUL19,1562583543433,open,0.06,165.3,0.003,0.086,0.04428008,93.37,0.044,0.0,BTC-26JUL19-11000-P,11919.57,89.1,0.041,37.5,0.044,0.5,93.01,9.24268,-24.13898,-2.02848,0.00014,-0.30111
11963.69,SYN.BTC-19JUL19,1562583543433,open,0.01,25.2,0.0005,0.0485,0.00872464,100.42,0.0085,0.0,BTC-19JUL19-15000-C,11919.57,96.56,0.0075,9.3,0.01,45.5,104.19,3.92333,-18.11303,0.36669,9e-05,0.11159
11935.28,SYN.BTC-12JUL19,1562583543437,open,0.01,249.8,0.0005,0.045,0.00503257,100.45,0.0065,0.0,BTC-12JUL19-10500-P,11919.57,100.26,0.005,20.0,0.0065,44.0,108.2,2.13621,-27.68219,-0.13133,0.00014,-0.0986
11935.28,SYN.BTC-12JUL19,1562583543438,open,0.0,313.0,0.0005,0.044,0.00422553,108.8,0.002,0.0,BTC-12JUL19-14000-C,11919.57,100.57,0.003,48.9,0.005,2.0,113.4,1.92722,-27.05154,0.10338,0.00012,0.0858
11992.1,SYN.BTC-26JUL19,1562583543436,open,0.01,297.4,0.0005,0.053,0.0130115,103.35,0.012,0.0,BTC-26JUL19-16000-C,11919.57,99.96,0.0115,45.5,0.0145,50.5,106.53,5.48856,-15.86678,0.66262,8e-05,0.12584
11935.28,SYN.BTC-12JUL19,1562583543440,open,0.02,128.2,0.0005,0.051,0.01100883,96.33,0.0115,0.0,BTC-12JUL19-11000-P,11919.57,96.3,0.011,14.4,0.0125,36.0,101.55,3.35562,-41.70333,-0.25688,0.00023,-0.19169
11935.28,SYN.BTC-12JUL19,1562583543442,open,0.0,213.5,0.0005,0.0425,0.0026755,114.45,0.002,0.0,BTC-12JUL19-14500-C,11919.57,102.63,0.0015,51.1,0.0035,0.1,121.05,1.38263,-20.4138,0.06725,8e-05,0.05574
12247.7,BTC-27SEP19,1562583543443,open,0.7,261.1,0.676,0.7555,0.71560303,120.14,0.714,0.0,BTC-27SEP19-3500-C,11919.57,0.0,0.161,1.0,0.781,10.0,299.94,1.01646,-0.75497,7.54837,0.0,0.99375
12459.67,BTC-27DEC19,1562583543525,open,0.33,434.9,0.304,0.3835,0.34364058,95.98,0.308,0.0,BTC-27DEC19-10000-C,11919.57,92.73,0.3365,1.6,0.3465,5.0,97.28,27.37577,-7.64368,23.63063,4e-05,0.7464
11963.69,SYN.BTC-19JUL19,1562583543621,open,0.04,70.5,0.0005,0.0705,0.02950599,93.33,0.0285,0.0,BTC-19JUL19-11000-P,11919.57,88.94,0.027,4.0,0.0305,37.5,95.06,6.874,-29.49607,-1.08067,0.00017,-0.27365
12459.67,BTC-27DEC19,1562583543632,open,0.64,7.8,0.5245,0.651,0.58788114,97.65,0.725,0.0,BTC-27DEC19-18000-P,11919.57,95.83,0.583,4.8,0.5975,4.8,101.24,33.33812,-9.4708,-68.79679,5e-05,-0.58469
12459.65,BTC-27DEC19,1562583543634,open,0.25,165.2,0.2325,0.312,0.27200762,95.92,0.272,0.0,BTC-27DEC19-12000-C,11919.57,93.56,0.266,9.8,0.276,10.0,97.49,31.65828,-8.83371,22.19673,5e-05,0.65033
12459.65,BTC-27DEC19,1562583543636,open,0.16,132.3,0.1365,0.216,0.17616364,97.21,0.1665,0.0,BTC-27DEC19-16000-C,11919.57,95.32,0.171,19.8,0.1805,15.0,98.8,34.08044,-9.63785,18.03207,5e-05,0.4835
11992.1,SYN.BTC-26JUL19,1562583543639,open,0.13,120.9,0.115,0.1945,0.15465295,93.26,0.1545,0.0,BTC-26JUL19-10500-C,11919.57,93.04,0.1545,8.0,0.1595,5.0,100.42,8.00994,-20.89552,3.62842,0.00012,0.77246
12459.67,BTC-27DEC19,1562583543642,open,2.38,0.0,2.1125,2.3715,2.24185722,108.22,None,0.0,BTC-27DEC19-40000-P,11919.57,0.0,0.0005,4.0,0.0,0.0,0.0,16.6161,-5.23102,-183.4462,2e-05,-0.8848
12247.72,BTC-27SEP19,1562583543722,open,0.14,176.5,0.1155,0.195,0.15519111,96.04,0.1505,0.0,BTC-27SEP19-13000-C,11919.57,94.07,0.1515,9.5,0.1585,9.5,97.81,22.89818,-13.59644,10.37583,7e-05,0.53752
11992.1,SYN.BTC-26JUL19,1562583543851,open,0.17,16.9,0.0915,0.182,0.13680906,96.51,0.142,0.0,BTC-26JUL19-13000-P,11919.57,88.39,0.13,24.0,0.137,24.0,96.67,10.20555,-27.5502,-4.36776,0.00015,-0.60683
11935.28,SYN.BTC-12JUL19,1562583543862,open,0.13,34.1,0.1245,0.204,0.16408905,102.52,0.126,0.0,BTC-12JUL19-10000-C,11919.57,102.23,0.164,8.0,0.169,13.0,139.13,1.10355,-14.59586,1.00617,7e-05,0.95796
11963.69,SYN.BTC-19JUL19,1562583543895,open,0.19,0.0,0.107,0.199,0.15302541,97.41,None,0.0,BTC-19JUL19-13500-P,11919.57,83.33,0.1455,8.0,0.1525,8.0,96.35,6.73681,-30.1697,-3.17333,0.00016,-0.7371
311.02,SYN.ETH-19JUL19,1562583543914,open,0.01,750.0,0.001,0.05,0.010527,95.31,0.009,0.0,ETH-19JUL19-260-P,309.55,90.78,0.009,149.0,0.012,2.0,99.46,0.10787,-0.47269,-0.01217,0.00393,-0.12076
11992.1,SYN.BTC-26JUL19,1562583543950,open,0.02,373.9,0.0005,0.06,0.02039253,100.47,0.022,0.0,BTC-26JUL19-15000-C,11919.57,98.11,0.019,5.5,0.022,42.5,103.17,7.09079,-19.92679,0.96851,0.0001,0.18529
11935.28,SYN.BTC-12JUL19,1562583543965,open,0.09,57.4,0.0855,0.165,0.12527975,100.06,0.085,0.0,BTC-12JUL19-10500-C,11919.57,101.62,0.1255,4.6,0.13,13.0,123.24,2.12357,-27.41211,0.98469,0.00014,0.9022
11963.69,SYN.BTC-19JUL19,1562583543980,open,0.04,70.5,0.0005,0.0705,0.02948226,93.33,0.0285,0.0,BTC-19JUL19-11000-P,11919.57,88.94,0.027,4.0,0.0305,5.5,95.06,6.874,-29.49607,-1.08067,0.00017,-0.27365
11992.1,SYN.BTC-26JUL19,1562583543997,open,0.11,225.2,0.087,0.1665,0.1269824,93.28,0.1,0.0,BTC-26JUL19-11000-C,11919.57,92.06,0.126,5.5,0.1325,24.0,100.45,9.24117,-24.1111,3.35977,0.00014,0.699
11992.1,SYN.BTC-26JUL19,1562583544005,open,0.11,225.2,0.087,0.1665,0.1269824,93.28,0.1,0.0,BTC-26JUL19-11000-C,11919.57,92.06,0.126,5.5,0.132,24.0,99.81,9.24117,-24.1111,3.35977,0.00014,0.699
12459.67,BTC-27DEC19,1562583544012,open,0.25,165.2,0.2325,0.312,0.27203319,95.93,0.272,0.0,BTC-27DEC19-12000-C,11919.57,93.56,0.266,5.0,0.276,10.0,97.49,31.65796,-8.83452,22.19592,5e-05,0.65034
11992.1,SYN.BTC-26JUL19,1562583544015,open,0.11,233.7,0.0395,0.1255,0.08261435,93.38,0.084,0.0,BTC-26JUL19-12000-P,11919.57,88.65,0.0785,4.0,0.083,0.2,93.78,10.53447,-27.51661,-3.18774,0.00016,-0.46012
11963.69,SYN.BTC-19JUL19,1562583544026,open,0.03,22.2,0.0005,0.0585,0.01780859,93.41,0.0265,0.0,BTC-19JUL19-10500-P,11919.57,90.52,0.0165,3.6,0.019,37.5,95.92,5.5444,-23.80917,-0.7292,0.00014,-0.18673
327.49,ETH-27DEC19,1562583544033,open,0.61,21.0,0.544,0.671,0.607687,98.66,0.629,0.0,ETH-27DEC19-480-P,309.52,93.5,0.594,120.0,0.621,30.0,103.62,0.87389,-0.25081,-1.8462,0.00175,-0.58949
320.38,ETH-27SEP19,1562583544033,open,0.81,0.0,0.773,0.852,0.812961,130.0,0.01,0.0,ETH-27SEP19-60-C,309.52,0.0,0.004,5.0,0.0,0.0,0.0,0.00586,-0.00471,0.13195,2e-05,0.99883
327.49,ETH-27DEC19,1562583544033,open,0.33,12.0,0.27,0.375,0.322322,95.65,0.361,0.0,ETH-27DEC19-360-P,309.52,89.97,0.307,120.0,0.338,30.0,101.49,0.88149,-0.24527,-1.15558,0.00182,-0.42702
320.38,ETH-27SEP19,1562583544033,open,0.46,0.0,0.392,0.507,0.449837,97.28,None,0.0,ETH-27SEP19-440-P,309.52,0.0,0.0,0.0,0.0,0.0,0.0,0.54026,-0.32492,-0.8011,0.00244,-0.67864
320.38,ETH-27SEP19,1562583544034,open,0.02,1384.0,0.001,0.06,0.020699,106.31,0.02,0.0,ETH-27SEP19-680-C,309.52,101.77,0.017,501.0,0.024,500.0,110.02,0.27416,-0.18018,0.05982,0.00113,0.10496
320.38,ETH-27SEP19,1562583544034,open,0.31,2639.0,0.271,0.35,0.310147,94.65,0.307,0.0,ETH-27SEP19-240-C,309.52,80.87,0.293,110.0,0.45,1.0,195.84,0.41167,-0.24088,0.35354,0.00191,0.80816
310.07,SYN.ETH-12JUL19,1562583544034,open,0.03,403.0,0.001,0.065,0.02438,95.13,0.025,0.0,ETH-12JUL19-300-P,309.52,88.87,0.022,187.0,0.026,211.0,99.37,0.11833,-1.45225,-0.01232,0.01218,-0.34983
320.35,ETH-27SEP19,1562583544034,open,0.45,743.0,0.415,0.494,0.454097,96.05,0.46,0.0,ETH-27SEP19-180-C,309.52,0.0,0.0,0.0,0.609,10.0,257.97,0.19498,-0.11578,0.34017,0.00089,0.93334
311.01,SYN.ETH-19JUL19,1562583544032,open,0.08,165.0,0.036,0.121,0.078316,89.99,0.09,0.0,ETH-19JUL19-320-P,309.52,83.68,0.074,207.0,0.081,150.0,93.91,0.21297,-0.88113,-0.0575,0.00821,-0.54215
310.07,SYN.ETH-12JUL19,1562583544032,open,0.01,503.0,0.001,0.048,0.007832,97.98,0.012,0.0,ETH-12JUL19-280-P,309.52,94.36,0.007,165.0,0.009,30.0,102.85,0.07262,-0.91797,-0.00501,0.00726,-0.1444
311.94,SYN.ETH-26JUL19,1562583544034,open,0.1,1239.0,0.06,0.139,0.099925,91.76,0.07,0.0,ETH-26JUL19-300-C,309.52,88.3,0.097,120.0,0.106,150.0,98.94,0.26377,-0.677,0.07877,0.00603,0.61554
311.01,SYN.ETH-19JUL19,1562583544033,open,0.05,246.0,0.003,0.086,0.044749,90.0,0.041,0.0,ETH-19JUL19-300-P,309.52,85.81,0.042,186.0,0.048,385.0,94.95,0.20415,-0.84468,-0.03922,0.00787,-0.37843
311.94,SYN.ETH-26JUL19,1562583544034,open,0.14,706.0,0.099,0.178,0.138497,91.76,0.138,0.0,ETH-26JUL19-280-C,309.52,88.29,0.136,208.0,0.145,50.0,100.66,0.22533,-0.57837,0.0914,0.00515,0.7368
311.94,SYN.ETH-26JUL19,1562583544033,open,0.0,1841.0,0.001,0.042,0.002997,109.59,0.002,0.0,ETH-26JUL19-500-C,309.52,102.86,0.002,10.0,0.004,80.0,115.06,0.05217,-0.15992,0.00475,0.001,0.03407
311.94,SYN.ETH-26JUL19,1562583544034,open,0.04,735.0,0.001,0.077,0.036073,91.73,0.031,0.0,ETH-26JUL19-280-P,309.52,86.04,0.032,482.0,0.035,300.0,90.25,0.22531,-0.57812,-0.04571,0.00515,-0.26315
311.94,SYN.ETH-26JUL19,1562583544034,open,0.02,1227.0,0.001,0.059,0.018749,91.92,0.02,0.0,ETH-26JUL19-260-P,309.52,86.68,0.016,562.0,0.021,276.0,96.04,0.16752,-0.4307,-0.02721,0.00382,-0.15935
311.01,SYN.ETH-19JUL19,1562583544032,open,0.05,227.0,0.01,0.089,0.049426,90.03,0.048,0.0,ETH-19JUL19-320-C,309.52,86.49,0.047,362.0,0.054,150.0,96.71,0.21298,-0.88155,0.03785,0.00821,0.4579
311.94,SYN.ETH-26JUL19,1562583544033,open,0.0,1081.0,0.001,0.041,0.001013,123.05,0.002,0.0,ETH-26JUL19-600-C,309.52,0.0,0.0,0.0,0.003,550.0,142.45,0.02114,-0.07275,0.00164,0.00036,0.01173
311.94,SYN.ETH-26JUL19,1562583544036,open,0.24,558.0,0.2,0.279,0.239646,94.05,0.33,0.0,ETH-26JUL19-240-C,309.52,0.0,0.161,5.0,0.0,0.0,0.0,0.10867,-0.28586,0.10297,0.00242,0.91368
311.94,SYN.ETH-26JUL19,1562583544035,open,0.01,1115.0,0.001,0.054,0.01471,96.84,0.01,0.0,ETH-26JUL19-400-C,309.52,93.39,0.013,150.0,0.017,250.0,101.23,0.1582,-0.42854,0.02008,0.00343,0.14617
11935.3,SYN.BTC-12JUL19,1562583544043,open,0.13,34.1,0.1245,0.204,0.16408905,103.18,0.126,0.0,BTC-12JUL19-10000-C,11919.57,96.28,0.1635,8.0,0.169,13.0,139.13,1.12335,-14.95301,1.00491,7e-05,0.95702
11963.69,SYN.BTC-19JUL19,1562583544046,open,0.03,2.8,0.0075,0.087,0.04733066,95.79,0.05,0.0,BTC-19JUL19-12500-C,11919.57,91.65,0.0445,5.0,0.049,24.0,98.3,8.10255,-35.68188,1.35559,0.0002,0.42758
11992.1,SYN.BTC-26JUL19,1562583544054,open,0.02,187.6,0.0005,0.0655,0.02577054,99.22,0.0275,0.0,BTC-26JUL19-14500-C,11919.57,96.55,0.024,5.5,0.0275,5.0,101.82,7.96125,-22.09413,1.17075,0.00011,0.2251
11992.1,SYN.BTC-26JUL19,1562583544064,open,0.13,120.9,0.115,0.1945,0.15470095,93.34,0.1545,0.0,BTC-26JUL19-10500-C,11919.57,92.28,0.154,8.0,0.1595,5.0,100.42,8.01242,-20.91804,3.62741,0.00012,0.77233
12459.67,BTC-27DEC19,1562583544065,open,0.44,5.4,0.343,0.4545,0.39881244,96.6,0.436,0.0,BTC-27DEC19-15000-P,11919.57,94.84,0.394,4.8,0.405,5.0,98.87,34.06439,-9.57286,-51.52878,5e-05,-0.47945
12459.65,BTC-27DEC19,1562583544074,open,0.21,49.1,0.1415,0.236,0.18859431,95.99,0.218,0.0,BTC-27DEC19-11000-P,11919.57,93.87,0.1835,10.4,0.192,4.0,97.42,29.81917,-8.32691,-28.7867,4e-05,-0.30205
11935.28,SYN.BTC-12JUL19,1562583544077,open,0.14,3.9,0.058,0.1455,0.10170494,100.99,0.152,0.0,BTC-12JUL19-13000-P,11919.57,80.45,0.096,8.0,0.103,8.0,104.95,3.65029,-47.5583,-1.11633,0.00024,-0.77908
11992.1,SYN.BTC-26JUL19,1562583544081,open,0.05,84.0,0.0255,0.105,0.06517919,94.07,0.0655,0.0,BTC-26JUL19-12500-C,11919.57,92.76,0.064,5.1,0.0695,29.0,99.02,10.53958,-27.73177,2.33127,0.00016,0.46209
11963.69,SYN.BTC-19JUL19,1562583544092,open,0.09,2.2,0.0705,0.15,0.11003337,93.21,0.094,0.0,BTC-19JUL19-11000-C,11919.57,91.49,0.109,13.6,0.1145,8.0,100.99,6.87155,-29.44599,2.1979,0.00017,0.72655
311.01,SYN.ETH-19JUL19,1562583544096,open,0.12,40.0,0.082,0.161,0.121616,90.05,0.097,0.0,ETH-19JUL19-280-C,309.52,90.79,0.122,148.0,0.128,50.0,102.04,0.16126,-0.66761,0.06049,0.00621,0.77438
11963.69,SYN.BTC-19JUL19,1562583544094,open,0.02,47.4,0.0005,0.0505,0.01018215,94.39,0.0095,0.0,BTC-19JUL19-10000-P,11919.57,90.83,0.009,13.9,0.012,45.5,99.51,4.09785,-17.78302,-0.45923,0.0001,-0.11863
11992.1,SYN.BTC-26JUL19,1562583544132,open,0.02,373.9,0.0005,0.06,0.02039253,100.47,0.022,0.0,BTC-26JUL19-15000-C,11919.57,97.24,0.0185,32.0,0.022,42.5,103.17,7.09079,-19.92679,0.96851,0.0001,0.18529
11963.69,SYN.BTC-19JUL19,1562583544138,open,0.04,70.5,0.0005,0.0705,0.02948226,93.33,0.0285,0.0,BTC-19JUL19-11000-P,11919.57,88.94,0.027,4.0,0.031,32.0,95.93,6.874,-29.49607,-1.08067,0.00017,-0.27365
11992.1,SYN.BTC-26JUL19,1562583544148,open,0.11,225.2,0.087,0.1665,0.1269824,93.34,0.1,0.0,BTC-26JUL19-11000-C,11919.57,91.41,0.1255,24.0,0.132,24.0,99.81,9.2421,-24.12841,3.35912,0.00014,0.69893
11992.1,SYN.BTC-26JUL19,1562583544155,open,0.11,225.2,0.087,0.1665,0.1269824,93.34,0.1,0.0,BTC-26JUL19-11000-C,11919.57,91.41,0.1255,24.0,0.132,29.5,99.81,9.2421,-24.12841,3.35912,0.00014,0.69893
11963.69,SYN.BTC-19JUL19,1562583544165,open,0.03,2.8,0.0075,0.087,0.04733066,95.79,0.05,0.0,BTC-19JUL19-12500-C,11919.57,91.65,0.0445,5.0,0.049,29.5,98.3,8.10255,-35.68188,1.35559,0.0002,0.42758
11992.1,SYN.BTC-26JUL19,1562583544171,open,0.02,187.6,0.0005,0.0655,0.02577054,99.22,0.0275,0.0,BTC-26JUL19-14500-C,11919.57,95.78,0.0235,37.0,0.0275,5.0,101.82,7.96125,-22.09413,1.17075,0.00011,0.2251
11992.1,SYN.BTC-26JUL19,1562583544176,open,0.05,84.0,0.0255,0.105,0.06517919,94.07,0.0655,0.0,BTC-26JUL19-12500-C,11919.57,92.76,0.064,5.1,0.0695,34.5,99.02,10.53958,-27.73177,2.33127,0.00016,0.46209
311.01,SYN.ETH-19JUL19,1562583544289,open,0.02,346.0,0.001,0.062,0.021894,90.0,0.022,0.0,ETH-19JUL19-280-P,309.52,86.31,0.02,231.0,0.021,5.0,88.27,0.16122,-0.66709,-0.02293,0.00622,-0.22552
311.94,SYN.ETH-26JUL19,1562583544357,open,0.0,1208.0,0.001,0.042,0.002139,106.4,0.001,0.0,ETH-26JUL19-200-P,309.52,94.43,0.001,199.0,0.004,550.0,119.32,0.03686,-0.10969,-0.00376,0.00073,-0.02245
11992.1,SYN.BTC-26JUL19,1562583544379,open,0.0,367.0,0.0005,0.0455,0.00566013,109.26,0.006,0.0,BTC-26JUL19-18000-C,11919.57,104.54,0.0045,50.0,0.0065,5.0,112.34,3.14162,-9.60074,0.31633,4e-05,0.05952
12247.64,BTC-27SEP19,1562583544434,open,0.3,369.7,0.2815,0.361,0.32107562,95.72,0.285,0.0,BTC-27SEP19-9000-C,11919.25,89.11,0.313,3.8,0.479,4.0,212.46,15.21443,-9.00325,13.49515,5e-05,0.81835
12459.59,BTC-27DEC19,1562583544434,open,0.47,54.4,0.4485,0.528,0.48842366,96.03,0.45,0.0,BTC-27DEC19-7000-C,11919.25,0.0,0.2155,0.1,0.512,1.0,112.99,16.51391,-4.61319,23.31431,2e-05,0.8858
12459.59,BTC-27DEC19,1562583544434,open,0.0,184.7,0.0005,0.042,0.00230329,113.1,0.003,0.0,BTC-27DEC19-2500-P,11919.25,106.25,0.0015,10.0,0.0035,10.0,120.92,1.66468,-0.5477,-0.54543,0.0,-0.00699
12247.64,BTC-27SEP19,1562583544434,open,0.79,55.9,0.7565,0.836,0.79627322,130.04,0.689,0.0,BTC-27SEP19-2500-C,11919.25,0.0,0.0045,10.0,0.9355,5.0,500.0,0.3411,-0.27422,5.47844,0.0,0.99815
12247.64,BTC-27SEP19,1562583544434,open,0.04,358.7,0.0005,0.075,0.03388218,96.53,0.0385,0.0,BTC-27SEP19-8000-P,11919.25,94.54,0.032,36.6,0.036,18.4,98.73,11.67541,-6.96772,-4.23346,4e-05,-0.12212
12247.64,BTC-27SEP19,1562583544434,open,0.5,714.8,0.4795,0.559,0.51926927,100.08,0.556,0.0,BTC-27SEP19-6000-C,11919.25,0.0,0.0,0.0,0.892,3.0,500.0,4.97229,-3.07661,11.95942,1e-05,0.95996
12247.64,BTC-27SEP19,1562583544434,open,0.02,217.1,0.0005,0.0595,0.01903144,98.47,0.0195,0.0,BTC-27SEP19-7000-P,11919.25,97.66,0.0185,9.5,0.0205,36.0,100.63,8.17057,-4.97379,-2.55497,2e-05,-0.07512
12459.59,BTC-27DEC19,1562583544434,open,0.01,161.3,0.0005,0.0485,0.00865172,102.8,0.0085,0.0,BTC-27DEC19-4000-P,11919.25,102.41,0.0085,68.5,0.009,8.0,103.66,4.96358,-1.48434,-1.96269,1e-05,-0.0248
12247.64,BTC-27SEP19,1562583544434,open,0.25,805.0,0.2295,0.309,0.26905411,95.47,0.2455,0.0,BTC-27SEP19-10000-C,11919.25,92.42,0.2645,6.4,0.271,5.0,96.77,18.30362,-10.80337,13.06365,6e-05,0.75043
12459.59,BTC-27DEC19,1562583544434,open,2.71,0.0,2.416,2.7,2.55811163,110.28,None,0.0,BTC-27DEC19-44000-P,11919.25,0.0,0.0,0.0,0.0,0.0,0.0,14.86534,-4.76907,-202.96634,2e-05,-0.90127
12247.64,BTC-27SEP19,1562583544435,open,1.4,0.0,1.2115,1.395,1.30333593,109.08,None,0.0,BTC-27SEP19-28000-P,11919.25,0.0,0.0,0.0,0.0,0.0,0.0,9.2002,-6.20415,-60.12206,3e-05,-0.91209
12247.64,BTC-27SEP19,1562583544435,open,0.59,1.0,0.473,0.5955,0.53427209,99.52,1.5815,0.0,BTC-27SEP19-18000-P,11919.25,0.0,0.0045,0.3,1.182,0.3,500.0,19.35157,-11.90592,-34.08302,6e-05,-0.72164
11992.1,SYN.BTC-26JUL19,1562583544435,open,0.08,300.8,0.063,0.1425,0.10273315,93.34,0.0825,0.0,BTC-26JUL19-11500-C,11919.25,91.87,0.1015,29.6,0.1075,5.0,98.99,10.10275,-26.37531,3.03941,0.00015,0.62025
11963.7,SYN.BTC-19JUL19,1562583544434,open,0.02,85.9,0.0005,0.0645,0.02461086,97.29,0.02,0.0,BTC-19JUL19-13500-C,11919.25,95.3,0.0235,0.1,0.026,32.0,99.74,6.73246,-30.11183,0.84826,0.00016,0.26257
12247.64,BTC-27SEP19,1562583544435,open,1.23,0.0,1.059,1.23,1.144612,107.54,None,0.0,BTC-27SEP19-26000-P,11919.25,0.0,0.0,0.0,0.0,0.0,0.0,10.74232,-7.14205,-55.25289,3e-05,-0.89139
12459.27,BTC-27DEC19,1562583544436,open,0.16,149.9,0.1005,0.192,0.14625892,95.99,0.166,0.0,BTC-27DEC19-10000-P,11919.25,93.59,0.141,10.6,0.1455,5.0,95.64,27.37578,-7.64426,-23.46046,4e-05,-0.25361
12459.27,BTC-27DEC19,1562583544436,open,0.37,184.4,0.3465,0.426,0.38645119,96.0,0.3945,0.0,BTC-27DEC19-9000-C,11919.25,89.07,0.373,4.1,0.468,0.1,137.38,24.30799,-6.78847,23.95615,3e-05,0.79477
12459.27,BTC-27DEC19,1562583544436,open,0.07,135.6,0.033,0.1125,0.07291897,101.76,0.0655,0.0,BTC-27DEC19-26000-C,11919.25,100.39,0.07,6.4,0.0765,5.0,103.43,26.61722,-7.8798,9.8399,4e-05,0.24064
12247.64,BTC-27SEP19,1562583544436,open,0.12,145.5,0.0895,0.169,0.12939919,96.65,0.1235,0.0,BTC-27SEP19-14000-C,11919.25,94.57,0.1255,21.5,0.1325,21.5,98.31,22.94915,-13.71306,9.33859,7e-05,0.47351
11963.7,SYN.BTC-19JUL19,1562583544434,open,0.06,8.9,0.0445,0.124,0.08419331,93.29,0.072,0.0,BTC-19JUL19-11500-C,11919.25,90.7,0.0825,5.0,0.0885,24.5,99.88,7.81235,-33.50742,1.93776,0.0002,0.62778
11963.7,SYN.BTC-19JUL19,1562583544434,open,0.02,11.6,0.0005,0.0735,0.03397279,95.9,0.031,0.0,BTC-19JUL19-13000-C,11919.25,91.96,0.0315,20.5,0.036,38.5,99.1,7.54606,-33.26872,1.08228,0.00018,0.33758
12459.27,BTC-27DEC19,1562583544438,open,3.04,0.0,2.7205,3.03,2.87521519,111.88,None,0.0,BTC-27DEC19-48000-P,11919.25,0.0,0.0,0.0,3.627,1.0,450.18,13.28996,-4.32528,-222.37806,2e-05,-0.91512
12459.27,BTC-27DEC19,1562583544438,open,0.32,50.0,0.235,0.3375,0.28616087,96.07,0.3155,0.0,BTC-27DEC19-13000-P,11919.25,94.31,0.2815,4.0,0.291,9.0,97.91,32.92998,-9.20354,-39.98867,5e-05,-0.39543
12459.27,BTC-27DEC19,1562583544438,open,0.93,0.0,0.7915,0.9405,0.86598524,99.84,None,0.0,BTC-27DEC19-22000-P,11919.25,0.0,0.0055,2.0,1.6525,0.3,500.0,30.29002,-8.7978,-91.1119,4e-05,-0.68698
11963.7,SYN.BTC-19JUL19,1562583544434,open,0.15,10.0,0.1345,0.214,0.17431952,94.36,0.1335,0.0,BTC-19JUL19-10000-C,11919.25,93.42,0.174,8.0,0.1795,8.0,108.35,4.09622,-17.77009,2.52069,0.0001,0.88143
12459.27,BTC-27DEC19,1562583544438,open,0.71,4.0,0.685,0.7645,0.72460566,104.35,0.59,0.0,BTC-27DEC19-3500-C,11919.25,0.0,0.0055,0.1,0.78,1.0,200.71,3.5208,-1.06883,15.18697,0.0,0.98346
12459.27,BTC-27DEC19,1562583544438,open,0.18,235.5,0.155,0.2345,0.19492823,96.61,0.19,0.0,BTC-27DEC19-15000-C,11919.25,94.81,0.19,19.8,0.1995,20.0,98.28,34.06333,-9.57309,19.10386,5e-05,0.52055
12459.27,BTC-27DEC19,1562583544438,open,1.56,0.2,1.365,1.5615,1.46316245,103.75,2.2245,0.0,BTC-27DEC19-30000-P,11919.25,0.0,0.0,0.0,0.0,0.0,0.0,23.19292,-6.99999,-133.37221,3e-05,-0.81011
12459.27,BTC-27DEC19,1562583544439,open,0.0,128.8,0.0005,0.0405,0.0007435,128.02,0.0015,0.0,BTC-27DEC19-1500-P,11919.25,0.0,0.0,0.0,0.0035,10.0,160.15,0.58917,-0.21942,-0.17225,0.0,-0.00219
12459.27,BTC-27DEC19,1562583544439,open,0.09,191.2,0.034,0.1195,0.07662928,95.99,0.0745,0.0,BTC-27DEC19-8000-P,11919.25,93.79,0.073,6.4,0.0785,4.0,97.11,20.64798,-5.76568,-13.77672,3e-05,-0.15819
11992.1,SYN.BTC-26JUL19,1562583544437,open,0.04,422.8,0.013,0.0925,0.05276184,96.44,0.0515,0.0,BTC-26JUL19-13000-C,11919.25,93.19,0.05,42.5,0.0555,42.5,99.65,10.2046,-27.52823,1.9985,0.00015,0.39304
12459.27,BTC-27DEC19,1562583544439,open,0.5,6.9,0.402,0.5185,0.46032857,97.21,0.5815,0.0,BTC-27DEC19-16000-P,11919.25,95.08,0.4545,4.8,0.468,4.8,100.01,34.0793,-9.63716,-57.31181,5e-05,-0.51653
12459.27,BTC-27DEC19,1562583544439,open,0.02,210.5,0.0005,0.0595,0.01981926,113.68,0.0205,0.0,BTC-27DEC19-52000-C,11919.25,112.29,0.0185,10.0,0.0215,13.0,115.38,12.06935,-3.99151,3.22158,1e-05,0.07473
11935.3,SYN.BTC-12JUL19,1562583544438,open,0.26,0.0,0.2485,0.328,0.28802915,129.93,None,0.0,BTC-12JUL19-8500-C,11919.25,0.0,0.0,0.0,0.0,0.0,0.0,0.16612,-2.78462,0.89643,1e-05,0.99537
12247.32,BTC-27SEP19,1562583544439,open,0.0,290.5,0.0005,0.0425,0.0024127,105.66,0.004,0.0,BTC-27SEP19-4500-P,11919.25,102.66,0.002,40.0,0.004,47.0,114.92,1.78222,-1.16424,-0.38728,1e-05,-0.01186
12247.32,BTC-27SEP19,1562583544439,open,0.58,793.2,0.5565,0.636,0.59602254,105.04,0.5945,0.0,BTC-27SEP19-5000-C,11919.25,0.0,0.051,1.0,0.717,5.0,299.35,2.76053,-1.7926,10.42715,1e-05,0.98026
11992.1,SYN.BTC-26JUL19,1562583544435,open,0.0,186.2,0.0005,0.0405,0.00048348,128.36,0.0005,0.0,BTC-26JUL19-6000-P,11919.25,0.0,0.0,0.0,0.0015,10.1,149.12,0.37984,-1.36376,-0.03187,0.0,-0.00494
11992.1,SYN.BTC-26JUL19,1562583544437,open,0.16,145.5,0.1465,0.226,0.18607547,93.99,0.178,0.0,BTC-26JUL19-10000-C,11919.25,92.93,0.1855,8.0,0.1915,8.0,103.55,6.56672,-17.26331,3.81596,0.0001,0.83581
11935.3,SYN.BTC-12JUL19,1562583544434,open,0.18,13.5,0.093,0.1835,0.13827401,104.43,0.22,0.0,BTC-12JUL19-13500-P,11919.25,70.25,0.1325,8.0,0.139,8.0,107.57,2.70584,-36.45319,-1.26814,0.00017,-0.86236
11963.7,SYN.BTC-19JUL19,1562583544434,open,0.01,137.0,0.0005,0.043,0.00324717,101.03,0.005,0.0,BTC-19JUL19-9000-P,11919.25,95.92,0.0025,8.0,0.0045,45.5,108.31,1.87858,-8.72524,-0.16401,4e-05,-0.04276
11992.1,SYN.BTC-26JUL19,1562583544434,open,0.0,284.9,0.0005,0.042,0.00200553,110.36,0.002,0.0,BTC-26JUL19-7500-P,11919.25,99.12,0.001,20.0,0.0025,40.0,114.58,1.31117,-4.04733,-0.13207,2e-05,-0.02048
11992.1,SYN.BTC-26JUL19,1562583544435,open,0.82,0.0,0.6835,0.8235,0.75360828,121.99,None,0.0,BTC-26JUL19-21000-P,11919.25,0.0,0.0,0.0,0.0,0.0,0.0,1.61159,-5.49913,-10.14537,2e-05,-0.97383
11935.3,SYN.BTC-12JUL19,1562583544439,open,0.0,631.3,0.0005,0.042,0.00194126,103.19,0.003,0.0,BTC-12JUL19-10000-P,11919.25,103.81,0.002,54.9,0.0035,44.5,117.17,1.12371,-14.95958,-0.05695,7e-05,-0.043
11935.3,SYN.BTC-12JUL19,1562583544439,open,0.26,0.0,0.169,0.266,0.21756532,114.49,None,0.0,BTC-12JUL19-14500-P,11919.25,0.0,0.0005,1.0,0.0,0.0,0.0,1.38427,-20.44681,-1.47231,8e-05,-0.94418
11935.3,SYN.BTC-12JUL19,1562583544439,open,0.39,0.0,0.288,0.3945,0.34132913,129.64,None,0.0,BTC-12JUL19-16000-P,11919.25,0.0,0.0,0.0,0.0,0.0,0.0,0.51068,-8.54075,-1.67874,3e-05,-0.9833
11992.1,SYN.BTC-26JUL19,1562583544435,open,0.35,17.0,0.337,0.4165,0.37659367,110.36,0.246,0.0,BTC-26JUL19-7500-C,11919.25,0.0,0.005,0.1,0.0,0.0,0.0,1.31112,-4.04714,3.54102,2e-05,0.97952
11963.7,SYN.BTC-19JUL19,1562583544434,open,0.01,43.2,0.0005,0.0455,0.00573088,96.97,0.0165,0.0,BTC-19JUL19-9500-P,11919.25,93.78,0.005,3.9,0.007,45.5,102.08,2.83256,-12.6277,-0.27699,7e-05,-0.07197
11992.1,SYN.BTC-26JUL19,1562583544434,open,0.2,9.3,0.1215,0.2145,0.16780233,97.83,0.191,0.0,BTC-26JUL19-13500-P,11919.25,87.94,0.16,24.0,0.1675,24.0,97.46,9.61565,-26.31305,-4.91812,0.00014,-0.6696
11963.7,SYN.BTC-19JUL19,1562583544434,open,0.26,0.0,0.2515,0.331,0.29137045,106.08,None,0.0,BTC-19JUL19-8500-C,11919.25,0.0,0.0,0.0,0.0,0.0,0.0,1.21088,-5.9051,2.43663,3e-05,0.9749
11963.7,SYN.BTC-19JUL19,1562583544434,open,0.12,7.2,0.0485,0.1355,0.09215895,95.83,0.1205,0.0,BTC-19JUL19-12500-P,11919.25,87.45,0.0865,4.4,0.0915,24.0,94.86,8.1028,-35.6996,-2.36883,0.0002,-0.57236
11992.1,SYN.BTC-26JUL19,1562583544435,open,0.02,184.3,0.0005,0.0725,0.03291984,98.44,0.0295,0.0,BTC-26JUL19-14000-C,11919.25,95.13,0.0305,42.5,0.035,37.5,101.25,8.83437,-24.3253,1.41406,0.00013,0.27369
11992.1,SYN.BTC-26JUL19,1562583544438,open,0.4,5.0,0.2935,0.401,0.34723224,103.37,0.2255,0.0,BTC-26JUL19-16000-P,11919.25,0.0,0.0,0.0,0.0,0.0,0.0,5.49021,-15.87458,-7.17303,8e-05,-0.87411
11935.3,SYN.BTC-12JUL19,1562583544434,open,0.06,68.2,0.0495,0.129,0.08935568,96.27,0.0915,0.0,BTC-12JUL19-11000-C,11919.25,96.79,0.0895,4.3,0.094,5.0,112.03,3.35419,-41.65984,0.91132,0.00023,0.80845
11992.1,SYN.BTC-26JUL19,1562583544441,open,0.0,331.0,0.0005,0.041,0.00126168,115.88,0.002,0.0,BTC-26JUL19-7000-P,11919.25,112.07,0.001,10.0,0.002,54.0,124.44,0.88592,-2.87149,-0.08351,1e-05,-0.01296
11935.3,SYN.BTC-12JUL19,1562583544438,open,0.04,129.8,0.0195,0.099,0.05932284,95.1,0.061,0.0,BTC-12JUL19-11500-C,11919.25,92.9,0.0585,3.9,0.064,5.0,107.46,4.4768,-54.92248,0.76851,0.00031,0.66573
12247.32,BTC-27SEP19,1562583544465,open,0.7,261.1,0.676,0.7555,0.71562259,120.48,0.714,0.0,BTC-27SEP19-3500-C,11919.25,0.0,0.161,1.0,0.7805,10.0,299.0,1.03038,-0.76745,7.54497,0.0,0.99365
310.07,SYN.ETH-12JUL19,1562583544469,open,0.05,504.0,0.017,0.096,0.056883,95.21,0.06,0.0,ETH-12JUL19-300-C,309.52,92.89,0.056,132.0,0.061,150.0,105.94,0.11834,-1.45357,0.01953,0.01217,0.65008
11963.7,SYN.BTC-19JUL19,1562583544765,open,0.02,47.4,0.0005,0.0505,0.01018213,94.36,0.0095,0.0,BTC-19JUL19-10000-P,11919.25,90.83,0.009,13.9,0.0115,40.0,98.12,4.09631,-17.77085,-0.45897,0.0001,-0.11857
311.94,SYN.ETH-26JUL19,1562583544853,open,0.01,1089.0,0.001,0.046,0.00686,100.29,0.006,0.0,ETH-26JUL19-440-C,309.52,93.86,0.005,628.0,0.009,250.0,106.64,0.09784,-0.27445,0.01043,0.00205,0.07512
11963.37,SYN.BTC-19JUL19,1562583544881,open,0.19,0.0,0.107,0.199,0.15302477,97.24,None,0.0,BTC-19JUL19-13500-P,11919.25,82.3,0.145,8.0,0.1525,8.0,96.31,6.73004,-30.08756,-3.17478,0.00016,-0.7376
11992.1,SYN.BTC-26JUL19,1562583544883,open,0.02,373.9,0.0005,0.06,0.02039253,100.49,0.022,0.0,BTC-26JUL19-15000-C,11919.25,98.11,0.019,32.0,0.022,42.5,103.17,7.09233,-19.93542,0.96882,0.0001,0.18535
11935.3,SYN.BTC-12JUL19,1562583544919,open,0.09,57.4,0.0855,0.165,0.12528095,100.4,0.085,0.0,BTC-12JUL19-10500-C,11919.25,101.62,0.1255,4.6,0.13,5.0,123.24,2.13453,-27.64653,0.98374,0.00014,0.90151
11992.1,SYN.BTC-26JUL19,1562583544938,open,0.11,225.2,0.087,0.1665,0.12698243,93.34,0.1,0.0,BTC-26JUL19-11000-C,11919.25,92.06,0.126,24.0,0.132,29.5,99.81,9.2421,-24.12841,3.35912,0.00014,0.69893
11992.1,SYN.BTC-26JUL19,1562583544950,open,0.11,225.2,0.087,0.1665,0.12698243,93.34,0.1,0.0,BTC-26JUL19-11000-C,11919.25,92.06,0.126,24.0,0.132,5.5,99.81,9.2421,-24.12841,3.35912,0.00014,0.69893
11963.7,SYN.BTC-19JUL19,1562583544978,open,0.03,2.8,0.0075,0.087,0.0473308,95.83,0.05,0.0,BTC-19JUL19-12500-C,11919.25,91.65,0.0445,5.0,0.049,5.5,98.29,8.10279,-35.69913,1.35572,0.0002,0.42764
11992.1,SYN.BTC-26JUL19,1562583544992,open,0.02,187.6,0.0005,0.0655,0.0257705,99.24,0.0275,0.0,BTC-26JUL19-14500-C,11919.25,96.55,0.024,32.0,0.0275,5.0,101.82,7.96264,-22.10316,1.17107,0.00011,0.22517
11992.1,SYN.BTC-26JUL19,1562583545004,open,0.05,84.0,0.0255,0.105,0.06517912,94.1,0.0655,0.0,BTC-26JUL19-12500-C,11919.25,92.76,0.064,5.1,0.0695,10.5,99.02,10.5397,-27.74236,2.33135,0.00016,0.46214
11992.1,SYN.BTC-26JUL19,1562583545026,open,0.11,225.2,0.087,0.1665,0.12698243,93.34,0.1,0.0,BTC-26JUL19-11000-C,11919.25,92.06,0.126,29.5,0.132,5.5,99.81,9.2421,-24.12841,3.35912,0.00014,0.69893
311.91,SYN.ETH-26JUL19,1562583545041,open,0.1,288.0,0.052,0.139,0.095459,91.68,0.155,0.0,ETH-26JUL19-320-P,309.52,84.36,0.089,299.0,0.098,133.0,94.56,0.27529,-0.70594,-0.09247,0.0063,-0.50986
11992.1,SYN.BTC-26JUL19,1562583545028,open,0.11,225.2,0.087,0.1665,0.12698243,93.34,0.1,0.0,BTC-26JUL19-11000-C,11919.25,92.06,0.126,29.5,0.1325,24.7,100.45,9.2421,-24.12841,3.35912,0.00014,0.69893
11992.1,SYN.BTC-26JUL19,1562583545055,open,0.11,225.2,0.087,0.1665,0.12698243,93.34,0.1,0.0,BTC-26JUL19-11000-C,11919.25,92.06,0.126,29.5,0.1325,24.0,100.45,9.2421,-24.12841,3.35912,0.00014,0.69893
11992.1,SYN.BTC-26JUL19,1562583545056,open,0.11,225.2,0.087,0.1665,0.12698243,93.34,0.1,0.0,BTC-26JUL19-11000-C,11919.25,92.06,0.126,29.5,0.132,0.5,99.81,9.2421,-24.12841,3.35912,0.00014,0.69893
11963.7,SYN.BTC-19JUL19,1562583545054,open,0.03,2.8,0.0075,0.087,0.0473308,95.83,0.05,0.0,BTC-19JUL19-12500-C,11919.25,91.65,0.0445,5.0,0.0495,24.6,99.03,8.10279,-35.69913,1.35572,0.0002,0.42764
12247.32,BTC-27SEP19,1562583545097,open,0.1,193.0,0.0425,0.1285,0.08554445,95.47,0.087,0.0,BTC-27SEP19-10000-P,11919.25,93.76,0.083,30.1,0.087,8.8,96.44,18.30382,-10.80332,-9.09448,6e-05,-0.24958
310.98,SYN.ETH-19JUL19,1562583545148,open,0.03,441.0,0.001,0.069,0.029239,91.19,0.029,0.0,ETH-19JUL19-340-C,309.52,87.5,0.027,176.0,0.032,200.0,95.67,0.1901,-0.79693,0.02627,0.00723,0.31271
11992.1,SYN.BTC-26JUL19,1562583545225,open,0.05,84.0,0.0255,0.105,0.06517912,94.1,0.0655,0.0,BTC-26JUL19-12500-C,11919.25,92.76,0.064,5.1,0.0695,5.0,99.02,10.5397,-27.74236,2.33135,0.00016,0.46214
11963.37,SYN.BTC-19JUL19,1562583545405,open,0.01,110.8,0.0005,0.057,0.0171079,97.45,0.017,0.0,BTC-19JUL19-14000-C,11919.25,95.11,0.016,5.0,0.0185,37.5,100.31,5.73825,-25.70792,0.64314,0.00014,0.19753
12459.22,BTC-27DEC19,1562583545433,open,0.01,101.8,0.0005,0.0455,0.00551218,104.32,0.0065,0.0,BTC-27DEC19-3500-P,11919.27,102.46,0.005,2.0,0.0065,8.0,107.66,3.51763,-1.06755,-1.29273,0.0,-0.01652
12459.22,BTC-27DEC19,1562583545433,open,0.44,93.8,0.421,0.5005,0.46075311,96.02,0.4485,0.0,BTC-27DEC19-7500-C,11919.27,0.0,0.311,3.0,0.5165,2.5,131.21,18.63024,-5.20371,23.67508,3e-05,0.86429
12247.27,BTC-27SEP19,1562583545433,open,0.07,138.8,0.014,0.098,0.05590872,95.71,0.0665,0.0,BTC-27SEP19-9000-P,11919.27,94.17,0.054,30.1,0.0585,4.0,97.79,15.21439,-9.00251,-6.44676,5e-05,-0.18165
12247.27,BTC-27SEP19,1562583545433,open,0.72,0.0,0.696,0.7755,0.73563531,121.75,None,0.0,BTC-27SEP19-3250-C,11919.27,0.0,0.0045,10.0,0.924,5.0,500.0,0.7801,-0.58717,7.04815,0.0,0.99536
12459.22,BTC-27DEC19,1562583545433,open,0.57,60.5,0.5415,0.621,0.58112891,97.04,0.567,0.0,BTC-27DEC19-5500-C,11919.27,0.0,0.0055,0.1,0.9745,5.0,500.0,10.0879,-2.84786,21.09742,1e-05,0.94073
12459.22,BTC-27DEC19,1562583545434,open,0.09,72.8,0.0605,0.14,0.10028702,99.87,0.098,0.0,BTC-27DEC19-22000-C,11919.27,98.3,0.0965,11.4,0.104,5.0,101.39,30.29381,-8.80093,12.48663,4e-05,0.31312
12247.27,BTC-27SEP19,1562583545434,open,0.44,14.5,0.3415,0.453,0.3972028,98.07,0.4105,0.0,BTC-27SEP19-16000-P,11919.27,0.0,0.0045,10.0,1.0345,0.2,500.0,21.64674,-13.12501,-28.04184,7e-05,-0.63613
12247.27,BTC-27SEP19,1562583545434,open,1.56,0.0,1.365,1.562,1.46353005,110.91,None,0.0,BTC-27SEP19-30000-P,11919.27,0.0,0.0,0.0,0.0,0.0,0.0,7.97992,-5.47162,-64.87674,2e-05,-0.92717
12459.22,BTC-27DEC19,1562583545434,open,0.06,64.0,0.0235,0.103,0.06326964,102.79,0.057,0.0,BTC-27DEC19-28000-C,11919.27,101.39,0.0605,6.4,0.0665,11.4,104.39,24.86014,-7.43363,8.79689,3e-05,0.21321
12247.27,BTC-27SEP19,1562583545434,open,0.43,748.2,0.4075,0.487,0.44749335,98.49,0.421,0.0,BTC-27SEP19-7000-C,11919.27,0.0,0.0,0.0,0.0,0.0,0.0,8.17372,-4.97684,12.95392,2e-05,0.92484
12247.27,BTC-27SEP19,1562583545434,open,0.9,0.2,0.7585,0.905,0.83174724,103.24,1.391,0.0,BTC-27SEP19-22000-P,11919.27,0.0,0.0045,10.0,0.0,0.0,0.0,14.4743,-9.23801,-45.15126,4e-05,-0.83207
12459.22,BTC-27DEC19,1562583545434,open,1.4,0.1,1.2185,1.403,1.31059232,102.78,2.02,0.0,BTC-27DEC19-28000-P,11919.27,0.0,0.001,1.0,0.0,0.0,0.0,24.85883,-7.43291,-123.05356,3e-05,-0.78681
12247.29,BTC-27SEP19,1562583545434,open,0.02,93.1,0.0005,0.057,0.01719208,109.09,0.018,0.0,BTC-27SEP19-28000-C,11919.27,106.78,0.0155,20.0,0.019,36.5,111.44,9.2029,-6.20695,1.92025,3e-05,0.08795
12459.22,BTC-27DEC19,1562583545435,open,0.02,24.0,0.0005,0.0625,0.0227853,111.99,0.021,0.0,BTC-27DEC19-48000-C,11919.27,110.77,0.0215,10.0,0.024,5.0,113.11,13.33018,-4.34286,3.66315,2e-05,0.08522
12247.29,BTC-27SEP19,1562583545435,open,0.08,120.7,0.051,0.1305,0.09082154,98.09,0.081,0.0,BTC-27SEP19-16000-C,11919.27,95.92,0.087,48.1,0.094,22.5,99.89,21.64793,-13.12814,7.41121,7e-05,0.36392
12459.24,BTC-27DEC19,1562583545436,open,3.37,0.0,3.026,3.361,3.19341681,113.67,None,0.0,BTC-27DEC19-52000-P,11919.27,0.0,0.0,0.0,0.0,0.0,0.0,12.06518,-3.9897,-241.64371,1e-05,-0.9253
12459.24,BTC-27DEC19,1562583545436,open,0.83,0.0,0.801,0.8805,0.84095274,120.69,None,0.0,BTC-27DEC19-2000-C,11919.27,0.0,0.0135,0.1,0.9855,0.5,500.0,1.09407,-0.38414,9.07544,0.0,0.99564
11991.76,SYN.BTC-26JUL19,1562583545433,open,0.74,0.0,0.604,0.7375,0.67076988,116.67,None,0.0,BTC-26JUL19-20000-P,11919.27,0.0,0.0,0.0,0.0,0.0,0.0,1.90533,-6.21782,-9.62427,2e-05,-0.96799
11963.37,SYN.BTC-19JUL19,1562583545434,open,0.23,0.0,0.14,0.2345,0.18731468,97.38,None,0.0,BTC-19JUL19-14000-P,11919.27,0.0,0.0,0.0,0.0,0.0,0.0,5.73481,-25.6747,-3.52894,0.00014,-0.80267
12247.29,BTC-27SEP19,1562583545438,open,0.0,425.8,0.0005,0.04,0.00010397,130.0,0.0005,0.0,BTC-27SEP19-2000-P,11919.27,0.0,0.0,0.0,0.0025,15.0,188.35,0.11055,-0.08885,-0.01755,0.0,-0.00054
12247.29,BTC-27SEP19,1562583545438,open,0.75,225.7,0.7165,0.796,0.75610883,129.84,0.693,0.0,BTC-27SEP19-3000-C,11919.27,0.0,0.0045,20.0,0.928,5.0,500.0,0.76841,-0.61679,6.49468,0.0,0.99544
12247.29,BTC-27SEP19,1562583545438,open,0.37,19.5,0.28,0.386,0.33306638,97.4,0.416,0.0,BTC-27SEP19-15000-P,11919.27,94.91,0.3285,19.2,0.3395,19.2,100.9,22.48356,-13.53901,-24.89526,7e-05,-0.58432
11991.76,SYN.BTC-26JUL19,1562583545435,open,0.27,36.6,0.2565,0.336,0.29601807,100.22,0.2155,0.0,BTC-26JUL19-8500-C,11919.27,0.0,0.0105,0.1,0.0,0.0,0.0,2.6581,-7.45168,3.85133,4e-05,0.9518
11991.76,SYN.BTC-26JUL19,1562583545434,open,0.23,50.3,0.2175,0.297,0.25740216,97.4,0.2035,0.0,BTC-26JUL19-9000-C,11919.27,0.0,0.032,0.1,0.366,1.0,290.3,3.75839,-10.23959,3.92046,5e-05,0.92495
11991.76,SYN.BTC-26JUL19,1562583545437,open,0.08,242.2,0.0195,0.104,0.06169783,93.32,0.061,0.0,BTC-26JUL19-11500-P,11919.27,90.12,0.059,0.1,0.063,4.0,94.87,10.10284,-26.37138,-2.59286,0.00015,-0.3798
11934.97,SYN.BTC-12JUL19,1562583545436,open,0.3,0.0,0.29,0.3695,0.32976302,134.07,None,0.0,BTC-12JUL19-8000-C,11919.27,0.0,0.0,0.0,0.0,0.0,0.0,0.06056,-1.0474,0.84747,0.0,0.99849
12459.24,BTC-27DEC19,1562583545440,open,0.08,157.6,0.045,0.1245,0.08496699,100.77,0.077,0.0,BTC-27DEC19-24000-C,11919.27,99.24,0.0815,6.4,0.089,5.0,102.52,28.45004,-8.34006,11.05995,4e-05,0.27348
11991.76,SYN.BTC-26JUL19,1562583545434,open,0.02,351.8,0.0005,0.0525,0.01233979,94.4,0.0145,0.0,BTC-26JUL19-9500-P,11919.27,91.13,0.011,45.5,0.014,49.5,98.26,5.03331,-13.28961,-0.72631,8e-05,-0.11133
11991.76,SYN.BTC-26JUL19,1562583545436,open,0.48,0.0,0.4605,0.54,0.5001541,128.8,None,0.0,BTC-26JUL19-6000-C,11919.27,0.0,0.0005,0.1,0.0,0.0,0.0,0.3876,-1.39637,2.90585,0.0,0.99494
11934.97,SYN.BTC-12JUL19,1562583545438,open,0.1,8.5,0.027,0.112,0.06939705,98.68,0.0725,0.0,BTC-12JUL19-12500-P,11919.27,90.97,0.0665,3.4,0.0705,24.0,101.58,4.52177,-57.56412,-0.92045,0.0003,-0.65691
11991.76,SYN.BTC-26JUL19,1562583545437,open,0.48,0.0,0.3695,0.483,0.42606861,106.15,None,0.0,BTC-26JUL19-17000-P,11919.27,0.0,0.0,0.0,0.0,0.0,0.0,4.15276,-12.33056,-7.87222,6e-05,-0.91436
11934.97,SYN.BTC-12JUL19,1562583545440,open,0.02,187.7,0.0005,0.0765,0.03653376,95.13,0.037,0.0,BTC-12JUL19-12000-C,11919.27,92.62,0.0355,4.0,0.041,19.5,105.99,4.90626,-60.2127,0.5841,0.00034,0.49744
11991.76,SYN.BTC-26JUL19,1562583545439,open,0.04,212.1,0.0005,0.071,0.03027743,93.33,0.03,0.0,BTC-26JUL19-10500-P,11919.27,89.89,0.028,37.5,0.032,44.3,95.89,8.01263,-20.91619,-1.515,0.00012,-0.22769
11991.76,SYN.BTC-26JUL19,1562583545436,open,0.52,0.0,0.502,0.5815,0.5415632,130.83,0.4,0.0,BTC-26JUL19-5500-C,11919.27,0.0,0.0005,0.1,0.0,0.0,0.0,0.18931,-0.69277,2.67898,0.0,0.99772
310.98,SYN.ETH-19JUL19,1562583546142,open,0.35,0.0,0.318,0.397,0.357678,116.81,None,0.0,ETH-19JUL19-200-C,309.52,0.0,0.0,0.0,0.0,0.0,0.0,0.01556,-0.08355,0.0585,0.00046,0.98899
310.98,SYN.ETH-19JUL19,1562583546201,open,0.23,0.0,0.193,0.272,0.23291,101.25,None,0.0,ETH-19JUL19-240-C,309.52,0.0,0.0,0.0,0.0,0.0,0.0,0.06246,-0.29073,0.06568,0.00214,0.94177
310.98,SYN.ETH-19JUL19,1562583546220,open,0.0,0.0,0.001,0.043,0.003419,100.63,None,0.0,ETH-19JUL19-420-C,309.52,91.43,0.002,250.0,0.005,250.0,108.56,0.0555,-0.25675,0.00433,0.00191,0.05015
327.47,ETH-27DEC19,1562583546231,open,0.83,0.0,0.744,0.888,0.815628,99.18,0.845,0.0,ETH-27DEC19-560-P,309.52,0.0,0.0,0.0,0.0,0.0,0.0,0.81085,-0.23394,-2.29545,0.00162,-0.67296
327.47,ETH-27DEC19,1562583546255,open,1.16,0.0,1.063,1.234,1.148562,100.96,None,0.0,ETH-27DEC19-680-P,309.52,0.0,0.001,20.0,0.0,0.0,0.0,0.69762,-0.2049,-2.94399,0.00137,-0.7606
310.98,SYN.ETH-19JUL19,1562583546289,open,0.0,5.0,0.001,0.04,0.000752,115.59,0.002,0.0,ETH-19JUL19-200-P,309.52,0.0,0.0,0.0,0.003,555.0,143.95,0.01479,-0.0786,-0.00103,0.00044,-0.01039
310.04,SYN.ETH-12JUL19,1562583546302,open,0.35,0.0,0.315,0.394,0.354997,148.8,None,0.0,ETH-12JUL19-200-C,309.52,0.0,0.0,0.0,0.0,0.0,0.0,0.00171,-0.03289,0.02118,0.00011,0.99834
327.47,ETH-27DEC19,1562583546323,open,0.26,18.0,0.226,0.305,0.265805,95.63,0.27,0.0,ETH-27DEC19-320-C,309.52,89.49,0.25,120.0,0.279,30.0,100.8,0.83924,-0.23348,0.5798,0.00174,0.6418
310.04,SYN.ETH-12JUL19,1562583546348,open,0.36,0.0,0.301,0.409,0.35507,122.9,None,0.0,ETH-12JUL19-420-P,309.52,0.0,0.0,0.0,0.0,0.0,0.0,0.00837,-0.13273,-0.04429,0.00067,-0.99019
311.92,SYN.ETH-26JUL19,1562583546348,open,0.61,0.0,0.542,0.67,0.605849,108.73,None,0.0,ETH-26JUL19-500-P,309.52,0.0,0.0,0.0,0.0,0.0,0.0,0.0506,-0.1539,-0.24029,0.00098,-0.96717
310.98,SYN.ETH-19JUL19,1562583546359,open,0.0,1000.0,0.001,0.044,0.004599,100.89,0.012,0.0,ETH-19JUL19-240-P,309.52,91.98,0.003,149.0,0.007,550.0,111.7,0.06198,-0.28748,-0.00577,0.00213,-0.05766
310.98,SYN.ETH-19JUL19,1562583546362,open,0.3,0.0,0.241,0.343,0.291732,96.84,None,0.0,ETH-19JUL19-400-P,309.52,0.0,0.0,0.0,0.0,0.0,0.0,0.07787,-0.34667,-0.11252,0.00279,-0.92255
310.04,SYN.ETH-12JUL19,1562583546394,open,0.0,219.0,0.001,0.04,0.000224,130.03,0.003,0.0,ETH-12JUL19-440-C,309.52,0.0,0.0,0.0,0.002,300.0,173.28,0.00499,-0.06944,0.00017,0.00038,0.00545
320.36,ETH-27SEP19,1562583546397,open,1.03,0.0,0.942,1.103,1.022686,104.87,None,0.0,ETH-27SEP19-640-P,309.52,0.0,0.0,0.0,0.0,0.0,0.0,0.30874,-0.20016,-1.34775,0.00129,-0.87597
12247.24,BTC-27SEP19,1562583546434,open,0.01,167.9,0.0005,0.054,0.01407683,111.02,0.0115,0.0,BTC-27SEP19-30000-C,11919.3,109.33,0.013,20.0,0.0155,36.9,113.14,8.0028,-5.4928,1.60189,2e-05,0.07311
12459.19,BTC-27DEC19,1562583546434,open,0.03,166.9,0.0005,0.0715,0.03151113,108.23,0.03,0.0,BTC-27DEC19-40000-C,11919.3,106.7,0.0295,15.0,0.033,10.0,109.33,16.61846,-5.23231,4.91156,2e-05,0.11523
12247.24,BTC-27SEP19,1562583546434,open,0.87,42.8,0.838,0.9175,0.87753947,130.17,0.815,0.0,BTC-27SEP19-1500-C,11919.3,0.0,0.0,0.0,0.0,0.0,0.0,0.02164,-0.01741,3.32066,0.0,0.99991
12247.24,BTC-27SEP19,1562583546434,open,0.01,325.6,0.0005,0.046,0.00604215,101.37,0.008,0.0,BTC-27SEP19-5500-P,11919.3,97.7,0.005,19.8,0.0075,52.0,105.95,3.66664,-2.29782,-0.9146,1e-05,-0.02766
12247.24,BTC-27SEP19,1562583546434,open,0.0,1657.1,0.0005,0.04,1.575e-05,130.0,0.0005,0.0,BTC-27SEP19-1500-P,11919.3,0.0,0.0,0.0,0.0025,15.0,219.04,0.02131,-0.01712,-0.00295,0.0,-9e-05
12459.19,BTC-27DEC19,1562583546434,open,0.05,228.0,0.0155,0.095,0.05538908,103.79,0.0505,0.0,BTC-27DEC19-30000-C,11919.3,102.22,0.0525,18.4,0.058,5.0,105.18,23.20487,-7.00625,7.90064,3e-05,0.19005
12459.19,BTC-27DEC19,1562583546434,open,0.04,214.4,0.0005,0.0805,0.03938069,96.14,0.044,0.0,BTC-27DEC19-6500-P,11919.3,94.5,0.0375,4.0,0.042,12.0,98.4,14.34627,-4.01246,-7.82953,2e-05,-0.09407
12247.24,BTC-27SEP19,1562583546434,open,0.03,325.1,0.0005,0.075,0.03547874,103.28,0.034,0.0,BTC-27SEP19-22000-C,11919.3,101.15,0.033,45.0,0.0375,35.1,104.97,14.48254,-9.24709,3.59841,4e-05,0.16808
12459.19,BTC-27DEC19,1562583546434,open,0.64,6.5,0.6105,0.69,0.65026583,98.89,0.54,0.0,BTC-27DEC19-4500-C,11919.3,0.0,0.0115,0.1,0.977,1.0,500.0,6.27545,-1.80525,18.58962,1e-05,0.96712
12247.24,BTC-27SEP19,1562583546434,open,0.1,206.1,0.0685,0.148,0.1083073,97.4,0.099,0.0,BTC-27SEP19-15000-C,11919.3,95.33,0.1045,9.5,0.1115,22.0,99.14,22.48348,-13.53918,8.34126,7e-05,0.41568
12459.19,BTC-27DEC19,1562583546434,open,0.0,89.4,0.0005,0.0415,0.00147588,120.69,0.0005,0.0,BTC-27DEC19-2000-P,11919.3,105.35,0.0005,20.1,0.004,10.0,140.93,1.09393,-0.38407,-0.34235,0.0,-0.00436
12459.19,BTC-27DEC19,1562583546434,open,0.01,75.2,0.0005,0.0515,0.01144413,98.88,0.0105,0.0,BTC-27DEC19-4500-P,11919.3,96.97,0.0105,4.0,0.013,8.0,101.88,6.27521,-1.80515,-2.6004,1e-05,-0.03288
12247.24,BTC-27SEP19,1562583546435,open,0.0,440.3,0.0005,0.044,0.00426356,104.98,0.0045,0.0,BTC-27SEP19-5000-P,11919.3,103.79,0.004,3.0,0.0055,56.5,110.08,2.75618,-1.78889,-0.6504,1e-05,-0.0197
12459.22,BTC-27DEC19,1562583546435,open,0.02,121.4,0.0005,0.0665,0.02670967,110.3,0.024,0.0,BTC-27DEC19-44000-C,11919.3,108.4,0.0245,15.0,0.0285,13.0,111.77,14.86908,-4.77087,4.22754,2e-05,0.09877
11963.38,SYN.BTC-19JUL19,1562583546434,open,0.09,0.2,0.0235,0.108,0.06581676,93.29,0.1265,0.0,BTC-19JUL19-12000-P,11919.3,88.47,0.0625,4.0,0.067,29.5,95.02,8.22287,-35.26871,-1.92948,0.00021,-0.47546
11963.38,SYN.BTC-19JUL19,1562583546434,open,0.31,0.0,0.2125,0.313,0.26255759,100.45,None,0.0,BTC-19JUL19-15000-P,11919.3,0.0,0.001,1.0,0.0,0.0,0.0,3.92441,-18.12313,-4.10264,9e-05,-0.88836
12247.24,BTC-27SEP19,1562583546435,open,0.0,371.7,0.0005,0.04,0.00039325,130.0,0.0005,0.0,BTC-27SEP19-2500-P,11919.3,133.51,0.0005,8.0,0.001,17.0,145.16,0.34052,-0.27368,-0.06088,0.0,-0.00185
12247.24,BTC-27SEP19,1562583546435,open,0.01,469.9,0.0005,0.0495,0.00915909,100.08,0.01,0.0,BTC-27SEP19-6000-P,11919.3,97.13,0.008,4.0,0.011,47.0,104.41,4.97215,-3.07637,-1.33517,1e-05,-0.04004
12247.24,BTC-27SEP19,1562583546435,open,0.64,0.2,0.615,0.6945,0.65498109,108.11,0.26,0.0,BTC-27SEP19-4250-C,11919.3,0.0,0.005,0.1,0.7475,5.0,299.65,1.50856,-1.00827,9.09708,0.0,0.99021
12247.24,BTC-27SEP19,1562583546436,open,0.0,297.6,0.0005,0.043,0.00318172,104.98,0.0055,0.0,BTC-27SEP19-4750-P,11919.3,100.93,0.0025,19.0,0.0045,47.0,111.53,2.21367,-1.43678,-0.50001,1e-05,-0.01524
11963.38,SYN.BTC-19JUL19,1562583546434,open,0.18,1.5,0.172,0.2515,0.21164227,96.97,0.167,0.0,BTC-19JUL19-9500-C,11919.3,0.0,0.0,0.0,0.0,0.0,0.0,2.83298,-12.62917,2.55362,7e-05,0.92801
11963.38,SYN.BTC-19JUL19,1562583546434,open,0.0,150.2,0.0005,0.0415,0.00185457,106.08,0.0025,0.0,BTC-19JUL19-8500-P,11919.3,102.35,0.0015,4.0,0.003,45.5,115.82,1.21147,-5.9084,-0.09613,3e-05,-0.02511
12459.22,BTC-27DEC19,1562583546436,open,0.79,0.0,0.762,0.8415,0.80164941,113.1,None,0.0,BTC-27DEC19-2500-C,11919.3,0.0,0.0135,0.1,0.9835,0.5,500.0,1.66499,-0.54782,11.22675,0.0,0.99301
12247.27,BTC-27SEP19,1562583546436,open,0.62,289.7,0.595,0.6745,0.63498519,105.67,0.588,0.0,BTC-27SEP19-4500-C,11919.3,0.0,0.001,1.0,0.737,5.0,299.51,1.78283,-1.16473,9.58353,1e-05,0.98814
11934.99,SYN.BTC-12JUL19,1562583546434,open,0.22,0.3,0.1305,0.224,0.17725299,108.85,0.1855,0.0,BTC-12JUL19-14000-P,11919.3,0.0,0.001,1.0,0.0,0.0,0.0,1.92834,-27.07928,-1.38311,0.00012,-0.91413
11963.38,SYN.BTC-19JUL19,1562583546434,open,0.22,0.0,0.211,0.2905,0.25095196,101.02,None,0.0,BTC-19JUL19-9000-C,11919.3,0.0,0.0,0.0,0.0,0.0,0.0,1.87881,-8.72594,2.51764,4e-05,0.95723
11991.77,SYN.BTC-26JUL19,1562583546434,open,0.65,0.0,0.5255,0.652,0.58855539,113.5,None,0.0,BTC-26JUL19-19000-P,11919.3,0.0,0.0,0.0,0.0,0.0,0.0,2.468,-7.83541,-9.07134,3e-05,-0.95605
11991.77,SYN.BTC-26JUL19,1562583546434,open,0.28,5.0,0.186,0.284,0.2349283,99.24,0.1535,0.0,BTC-26JUL19-14500-P,11919.3,0.0,0.0,0.0,0.0,0.0,0.0,7.96173,-22.10086,-5.93044,0.00011,-0.77487
11963.38,SYN.BTC-19JUL19,1562583546434,open,0.05,22.5,0.023,0.1025,0.06275464,93.29,0.0445,0.0,BTC-19JUL19-12000-C,11919.3,90.74,0.061,5.0,0.0665,29.5,98.74,8.22287,-35.26811,1.64609,0.00021,0.52454
11934.99,SYN.BTC-12JUL19,1562583546434,open,0.0,54.7,0.0005,0.04,7.04e-06,130.0,0.0005,0.0,BTC-12JUL19-7500-P,11919.3,0.0,0.0,0.0,0.001,1.0,210.94,0.00949,-0.08397,-0.00027,0.0,-0.0002
