underlying_price,underlying_index,timestamp,state,settlement_price,open_interest,min_price,max_price,mark_price,mark_iv,last_price,interest_rate,instrument_name,index_price,bid_iv,best_bid_price,best_bid_amount,best_ask_price,best_ask_amount,ask_iv,vega,theta,rho,gamma,delta
269.18,index_price,1559127540018,open,0.0,555.0,0.001,0.04,2e-06,150.0,0.005,0,ETH-31MAY19-180-P,269.18,0.0,0.0,0.0,0.001,170.0,266.93,6e-05,-0.00051,0.0,1e-05,-7e-05
269.18,index_price,1559127540036,open,0.02,515.0,0.001,0.053,0.013183,103.97,0.012,0,ETH-7JUN19-230-P,269.18,91.53,0.009,345.0,0.013,250.0,103.46,0.09636,-0.56441,-0.01046,0.00526,-0.14656
269.18,index_price,1559127540082,open,0.02,160.0,0.001,0.056,0.015752,105.85,0.024,0,ETH-31MAY19-260-P,269.18,94.84,0.013,88.0,0.018,117.0,114.67,0.0681,-1.92146,-0.00451,0.01728,-0.31022
273.79,ETH-27SEP19,1559127540139,open,1.01,0.0,0.894,1.05,0.971922,112.21,None,0.0,ETH-27SEP19-520-P,269.17,0.0,0.0,0.0,0.0,0.0,0.0,0.50204,-0.23303,-1.56011,0.0018,-0.74872
269.17,index_price,1559127540139,open,0.0,1139.0,0.001,0.04,0.000328,149.39,0.002,0,ETH-31MAY19-210-P,269.17,0.0,0.0,0.0,0.001,220.0,175.16,0.00462,-0.08833,-0.00013,0.00083,-0.00886
269.17,index_price,1559127540139,open,0.36,0.0,0.329,0.408,0.368453,202.12,None,0,ETH-31MAY19-170-C,269.17,0.0,0.001,1.0,0.0,0.0,0.0,0.0004,-0.02151,0.00873,5e-05,0.99941
269.17,index_price,1559127540139,open,0.01,397.0,0.001,0.046,0.00673,116.03,0.006,0,ETH-7JUN19-350-C,269.17,108.48,0.005,265.0,0.008,250.0,120.96,0.06634,-0.4336,0.00524,0.00325,0.08678
269.17,index_price,1559127540139,open,0.06,77.0,0.024,0.103,0.063196,104.0,0.059,0,ETH-7JUN19-270-C,269.17,103.68,0.063,150.0,0.071,257.0,116.57,0.16713,-0.97914,0.03021,0.00912,0.52476
269.17,index_price,1559127540139,open,0.0,1239.0,0.001,0.044,0.004182,117.7,0.004,0,ETH-31MAY19-300-C,269.17,98.37,0.002,120.0,0.005,67.0,123.65,0.03555,-1.11543,0.00142,0.00811,0.10693
269.17,index_price,1559127540141,open,0.0,1187.0,0.001,0.043,0.002992,115.82,0.006,0,ETH-31MAY19-240-P,269.17,105.34,0.002,200.0,0.004,86.0,124.87,0.02797,-0.80534,-0.00111,0.00649,-0.07736
269.17,index_price,1559127540139,open,0.17,1.0,0.144,0.223,0.183245,134.4,0.113,0,ETH-31MAY19-220-C,269.17,0.0,0.182,50.0,0.192,50.0,240.92,0.00777,-0.2782,0.01107,0.00155,0.9839
269.17,index_price,1559127540139,open,0.1,0.0,0.043,0.129,0.085889,114.89,None,0,ETH-31MAY19-290-P,269.17,0.0,0.077,50.0,0.088,50.0,125.25,0.05301,-1.62348,-0.01234,0.01239,-0.80615
269.17,index_price,1559127540139,open,0.0,328.0,0.001,0.04,1.4e-05,149.98,0.001,0,ETH-31MAY19-190-P,269.17,0.0,0.0,0.0,0.001,170.0,235.08,0.00034,-0.00388,-1e-05,6e-05,-0.00049
269.17,index_price,1559127540139,open,0.03,360.0,0.001,0.062,0.021549,103.95,0.024,0,ETH-7JUN19-240-P,269.17,91.36,0.016,293.0,0.021,206.0,102.74,0.12269,-0.71849,-0.01549,0.0067,-0.21515
269.17,index_price,1559127540139,open,0.02,7.0,0.001,0.061,0.021765,111.22,0.036,0,ETH-7JUN19-310-C,269.17,105.32,0.019,311.0,0.024,340.0,115.84,0.12851,-0.80513,0.01385,0.00656,0.23343
269.17,index_price,1559127540140,open,0.01,251.0,0.001,0.048,0.008992,114.64,0.007,0,ETH-7JUN19-340-C,269.17,107.54,0.007,263.0,0.01,250.0,117.96,0.07981,-0.51544,0.00672,0.00395,0.11173
269.17,index_price,1559127540139,open,0.33,0.0,0.255,0.359,0.306976,115.83,None,0,ETH-7JUN19-350-P,269.17,0.0,0.0,0.0,0.0,0.0,0.0,0.0661,-0.43133,-0.07989,0.00324,-0.91363
269.17,index_price,1559127540139,open,0.0,216.0,0.001,0.041,0.001833,139.22,0.001,0,ETH-31MAY19-320-C,269.17,0.0,0.0,0.0,0.002,171.0,141.57,0.01867,-0.49326,0.00061,0.0036,0.04615
269.17,index_price,1559127540139,open,0.0,899.0,0.001,0.041,0.001003,143.18,0.001,0,ETH-31MAY19-330-C,269.17,0.0,0.0,0.0,0.001,170.0,143.11,0.01187,-0.26998,0.00035,0.00223,0.02657
269.17,index_price,1559127540139,open,0.01,449.0,0.001,0.051,0.011967,113.1,0.01,0,ETH-7JUN19-330-C,269.17,107.3,0.01,95.0,0.014,250.0,118.69,0.09476,-0.60371,0.00857,0.00476,0.14296
269.17,index_price,1559127540139,open,0.26,10.0,0.189,0.287,0.237913,112.97,0.212,0,ETH-7JUN19-330-P,269.17,0.0,0.0,0.0,0.0,0.0,0.0,0.09461,-0.6021,-0.07169,0.00475,-0.85736
269.17,index_price,1559127540139,open,0.08,6.0,0.024,0.108,0.066242,103.94,0.077,0,ETH-7JUN19-270-P,269.17,89.06,0.057,150.0,0.065,241.0,101.94,0.16713,-0.97858,-0.03544,0.00913,-0.47526
269.17,index_price,1559127540139,open,0.1,145.0,0.072,0.151,0.111395,116.14,0.093,0,ETH-31MAY19-240-C,269.17,100.76,0.11,50.0,0.12,50.0,175.32,0.02811,-0.87034,0.01121,0.0065,0.9221
269.17,index_price,1559127540139,open,0.28,95.0,0.255,0.334,0.294167,163.2,0.199,0,ETH-31MAY19-190-C,269.17,0.0,0.0,0.0,0.387,1.0,500.0,0.00077,-0.0334,0.00975,0.00013,0.9988
269.17,index_price,1559127540139,open,0.0,302.0,0.001,0.04,0.000545,146.77,0.001,0,ETH-31MAY19-340-C,269.17,0.0,0.0,0.0,0.001,170.0,160.24,0.00735,-0.14663,0.0002,0.00134,0.01509
269.17,index_price,1559127540139,open,0.12,39.0,0.09,0.169,0.129952,104.02,0.128,0,ETH-7JUN19-240-C,269.17,108.47,0.132,50.0,0.138,50.0,121.07,0.12274,-0.71924,0.04286,0.0067,0.78472
269.17,index_price,1559127540150,open,0.07,243.0,0.038,0.117,0.077802,106.91,0.081,0,ETH-31MAY19-250-C,269.17,102.17,0.077,50.0,0.087,30.0,153.02,0.04658,-1.32738,0.01057,0.0117,0.84192
8849.49,BTC-27SEP19,1559127540342,open,0.02,269.1,0.0005,0.063,0.02314006,101.8,0.0215,0.0,BTC-27SEP19-22000-C,8664.06,99.17,0.0205,15.0,0.0255,24.6,104.02,9.16659,-3.85991,2.35619,3e-05,0.10354
273.01,ETH-28JUN19,1559127540473,open,0.13,2510.0,0.102,0.181,0.141163,104.32,0.139,0.0,ETH-28JUN19-260-C,269.17,98.65,0.135,200.0,0.142,188.0,105.09,0.29672,-0.51806,0.10763,0.00466,0.62279
8664.06,index_price,1559127540496,open,0.3,8.4,0.269,0.3485,0.30864926,115.91,0.25,0,BTC-7JUN19-6000-C,8664.06,0.0,0.0005,2.0,0.344,3.0,270.07,0.56582,-3.6945,1.42103,3e-05,0.98313
8664.06,index_price,1559127540520,open,0.09,3.0,0.0325,0.118,0.07538661,102.52,0.0715,0,BTC-31MAY19-9250-P,8664.06,70.25,0.07,8.0,0.0765,8.0,108.01,1.72112,-47.03561,-0.39125,0.00044,-0.80336
8775.94,BTC-28JUN19,1559127540569,open,0.07,7.3,0.0335,0.113,0.07334917,92.62,0.067,0.0,BTC-28JUN19-9500-C,8664.06,89.2,0.0695,19.2,0.076,14.1,94.98,9.87835,-15.31309,2.58931,0.00017,0.43382
8664.06,index_price,1559127540599,open,0.09,1.3,0.0405,0.1265,0.08352564,98.23,0.08,0,BTC-7JUN19-9000-P,8664.06,80.95,0.073,24.0,0.0805,24.0,93.29,5.31105,-29.38946,-1.37305,0.0003,-0.56819
8664.06,index_price,1559127540607,open,0.0,187.1,0.0005,0.042,0.00218523,107.09,0.0015,0,BTC-31MAY19-9750-C,8664.06,98.97,0.0015,43.8,0.003,12.5,115.16,0.80465,-18.933,0.02878,0.00019,0.06683
8664.06,index_price,1559127540631,open,0.0,453.0,0.0005,0.0445,0.00476481,99.89,0.003,0,BTC-7JUN19-11000-C,8664.06,93.56,0.0035,53.1,0.006,40.0,105.28,1.87139,-10.53096,0.14354,0.0001,0.0729
8664.06,index_price,1559127540702,open,0.01,92.9,0.0005,0.05,0.00971565,97.43,0.012,0,BTC-31MAY19-8250-P,8664.06,86.97,0.0075,32.0,0.0115,46.7,105.46,1.88981,-49.08145,-0.10711,0.0005,-0.23085
273.78,ETH-27SEP19,1559127540802,open,0.48,81.0,0.396,0.511,0.453509,102.58,0.428,0.0,ETH-27SEP19-360-P,269.17,98.37,0.444,30.0,0.462,30.0,106.33,0.61967,-0.26295,-0.92521,0.00243,-0.56694
273.01,ETH-28JUN19,1559127540828,open,0.25,578.0,0.218,0.297,0.25792,104.32,0.264,0.0,ETH-28JUN19-210-C,269.17,91.94,0.25,120.0,0.258,120.0,104.44,0.18363,-0.3206,0.13189,0.00289,0.84812
8849.54,BTC-27SEP19,1559127541043,open,0.02,72.0,0.0005,0.0585,0.0189491,104.07,0.02,0.0,BTC-27SEP19-24000-C,8664.06,100.65,0.016,8.0,0.021,8.0,106.28,7.9879,-3.43875,1.96233,3e-05,0.08591
269.17,index_price,1559127541177,open,0.05,349.0,0.011,0.09,0.050875,109.09,0.055,0,ETH-7JUN19-280-C,269.17,104.41,0.048,243.0,0.054,117.0,114.16,0.16566,-1.01802,0.02558,0.00862,0.44163
269.17,index_price,1559127541189,open,0.21,0.0,0.144,0.238,0.190671,139.19,None,0,ETH-31MAY19-320-P,269.17,0.0,0.179,50.0,0.19,50.0,128.22,0.01866,-0.69219,-0.01583,0.0036,-0.95388
8664.06,index_price,1559127541191,open,0.14,3.3,0.0825,0.1725,0.1275237,107.09,0.137,0,BTC-31MAY19-9750-P,8664.06,0.0,0.0,0.0,0.1865,0.1,373.16,0.80465,-22.97005,-0.47226,0.00019,-0.93317
269.17,index_price,1559127541222,open,0.01,1191.0,0.001,0.044,0.003899,103.97,0.003,0,ETH-7JUN19-210-P,269.17,90.77,0.002,270.0,0.005,250.0,110.05,0.04566,-0.26745,-0.00375,0.00249,-0.05347
269.17,index_price,1559127541231,open,0.04,159.0,0.001,0.073,0.031878,105.85,0.034,0,ETH-31MAY19-270-P,269.17,78.3,0.024,150.0,0.038,150.0,127.26,0.07698,-2.17206,-0.00737,0.01953,-0.50105
269.17,index_price,1559127541245,open,0.19,1.0,0.127,0.22,0.173446,111.2,0.182,0,ETH-7JUN19-310-P,269.17,76.19,0.159,50.0,0.167,50.0,97.04,0.1285,-0.80493,-0.06153,0.00656,-0.76662
8664.06,index_price,1559127541262,open,0.29,402.0,0.2235,0.325,0.27437744,99.89,0.2595,0,BTC-7JUN19-11000-P,8664.06,0.0,0.0,0.0,0.0,0.0,0.0,1.87139,-10.53096,-2.53132,0.0001,-0.9271
269.17,index_price,1559127541262,open,0.0,853.0,0.001,0.04,0.000543,133.35,0.001,0,ETH-31MAY19-220-P,269.17,0.0,0.0,0.0,0.001,90.0,146.66,0.0075,-0.14614,-0.00022,0.00151,-0.01546
269.17,index_price,1559127541274,open,0.29,0.0,0.222,0.323,0.27213,114.62,None,0,ETH-7JUN19-340-P,269.17,0.0,0.0,0.0,0.0,0.0,0.0,0.0798,-0.51527,-0.07595,0.00395,-0.8883
273.79,ETH-27SEP19,1559127541283,open,0.06,193.0,0.025,0.104,0.064193,114.51,0.069,0.0,ETH-27SEP19-560-C,269.17,112.05,0.06,40.0,0.067,145.0,116.13,0.4722,-0.22367,0.14555,0.00166,0.22472
8664.06,index_price,1559127541291,open,0.24,41.9,0.172,0.269,0.22065427,99.25,0.2075,0,BTC-7JUN19-10500-P,8664.06,0.0,0.0,0.0,0.0,0.0,0.0,2.73651,-15.30084,-2.31439,0.00015,-0.87786
8776.01,BTC-28JUN19,1559127541369,open,0.0,1140.1,0.0005,0.0415,0.00154627,121.52,0.0015,0.0,BTC-28JUN19-20000-C,8664.06,115.36,0.001,21.0,0.002,9.0,125.56,0.89962,-1.82959,0.08993,1e-05,0.01407
8849.54,BTC-27SEP19,1559127541369,open,0.41,231.1,0.3775,0.457,0.41738257,90.04,0.3795,0.0,BTC-27SEP19-5500-C,8664.06,0.0,0.004,0.6,0.459,3.0,122.83,10.16348,-3.78539,13.56947,4e-05,0.8804
8849.54,BTC-27SEP19,1559127541369,open,0.02,1018.2,0.0005,0.0545,0.01422182,93.12,0.025,0.0,BTC-27SEP19-4250-P,8664.06,89.28,0.012,18.0,0.016,15.0,96.0,5.32387,-2.05072,-1.90722,2e-05,-0.05086
8849.54,BTC-27SEP19,1559127541369,open,0.58,0.0,0.545,0.6245,0.58495681,95.2,None,0.0,BTC-27SEP19-3750-C,8664.06,0.0,0.0055,10.2,0.761,10.0,299.13,3.73027,-1.46894,11.20235,2e-05,0.9672
8776.01,BTC-28JUN19,1559127541369,open,0.27,501.2,0.235,0.3145,0.27497638,94.66,0.2405,0.0,BTC-28JUN19-6500-C,8664.06,87.74,0.2715,3.9,0.278,4.1,100.22,4.62074,-7.3206,4.44114,8e-05,0.89324
8849.54,BTC-27SEP19,1559127541369,open,0.16,83.0,0.119,0.1985,0.15854086,87.12,0.1675,0.0,BTC-27DEC19-12000-C,8664.06,86.61,0.157,20.0,0.168,10.0,90.25,26.68239,-5.48548,14.9458,7e-05,0.44949
8664.06,index_price,1559127541371,open,0.41,80.9,0.383,0.4625,0.42290335,135.0,0.436,0,BTC-31MAY19-5000-C,8664.06,329.08,0.4235,1.0,0.45,3.0,500.0,0.0,-1e-05,0.25694,0.0,1.0
8664.06,index_price,1559127541371,open,0.0,308.5,0.0005,0.04,0.0,135.0,0.0005,0,BTC-31MAY19-4750-P,8664.06,0.0,0.0,0.0,0.002,30.0,423.62,0.0,0.0,0.0,0.0,0.0
8849.54,BTC-27SEP19,1559127541371,open,0.12,22.1,0.067,0.1555,0.11136498,85.2,0.108,0.0,BTC-27DEC19-6500-P,8664.06,82.31,0.105,20.0,0.114,6.4,86.4,19.53366,-3.92767,-16.60522,5e-05,-0.21188
8776.01,BTC-28JUN19,1559127541398,open,0.0,1396.0,0.0005,0.04,8e-08,135.0,0.001,0.0,BTC-28JUN19-1500-P,8664.06,0.0,0.0,0.0,0.0005,90.1,244.01,0.00012,-0.00026,-1e-05,0.0,0.0
8776.01,BTC-28JUN19,1559127541398,open,0.54,322.4,0.506,0.5855,0.54552363,126.95,0.451,0.0,BTC-28JUN19-4000-C,8664.06,0.0,0.06,20.0,0.674,3.0,451.42,0.64068,-1.36118,3.19629,1e-05,0.99049
8776.01,BTC-28JUN19,1559127541398,open,0.02,470.5,0.0005,0.0605,0.02092362,96.96,0.021,0.0,BTC-28JUN19-12000-C,8664.06,93.41,0.0185,25.6,0.0225,45.1,99.18,6.14083,-9.96487,1.0082,0.0001,0.16128
8776.01,BTC-28JUN19,1559127541399,open,0.01,434.5,0.0005,0.0485,0.00890591,103.03,0.011,0.0,BTC-28JUN19-14000-C,8664.06,99.42,0.0075,0.1,0.0095,32.0,104.47,3.56722,-6.15123,0.47737,5e-05,0.07536
8664.06,index_price,1559127541398,open,0.01,152.6,0.0005,0.0445,0.00475508,100.97,0.0055,0,BTC-31MAY19-8000-P,8664.06,99.25,0.0045,16.0,0.0055,5.0,105.81,1.29695,-34.90886,-0.05893,0.00033,-0.12759
8664.06,index_price,1559127541399,open,0.0,523.7,0.0005,0.041,0.00136294,117.09,0.001,0,BTC-31MAY19-7500-P,8664.06,110.58,0.001,98.0,0.0025,43.0,132.76,0.52576,-11.80855,-0.01803,0.00012,-0.03913
8664.06,index_price,1559127541409,open,0.24,20.7,0.212,0.2915,0.25190478,103.86,0.255,0,BTC-7JUN19-6500-C,8664.06,0.0,0.0005,3.0,0.2865,3.0,229.53,0.96409,-5.64098,1.50917,5e-05,0.96822
8776.01,BTC-28JUN19,1559127541417,open,0.74,2.8,0.6465,0.783,0.71473859,104.17,0.6485,0.0,BTC-28JUN19-15000-P,8664.06,0.0,0.0,0.0,1.1075,1.0,500.0,2.56911,-4.47878,-11.96181,4e-05,-0.95049
8664.06,index_price,1559127541417,open,0.0,125.0,0.0005,0.04,0.00024199,135.0,0.0005,0,BTC-31MAY19-11000-C,8664.06,0.0,0.0,0.0,0.001,12.0,163.14,0.13311,-2.0966,0.00336,3e-05,0.0078
8664.06,index_price,1559127541417,open,0.5,9.8,0.4695,0.549,0.50946785,134.77,0.212,0,BTC-31MAY19-4250-C,8664.06,0.0,0.0075,1.0,0.5145,3.0,500.0,0.0,0.0,0.2184,0.0,1.0
8664.06,index_price,1559127541417,open,0.53,9.0,0.4985,0.578,0.53832268,125.0,0.249,0,BTC-31MAY19-4000-C,8664.06,0.0,0.015,0.2,0.567,5.0,500.0,0.0,0.0,0.20556,0.0,1.0
269.17,index_price,1559127541452,open,0.0,5.0,0.001,0.04,0.0,150.0,0.002,0,ETH-31MAY19-170-P,269.17,0.0,0.0,0.0,0.001,170.0,300.29,1e-05,-5e-05,0.0,0.0,-1e-05
269.17,index_price,1559127541458,open,0.1,115.0,0.065,0.144,0.104261,103.97,0.076,0,ETH-7JUN19-250-C,269.17,105.34,0.105,50.0,0.113,50.0,119.98,0.14499,-0.84918,0.03927,0.00792,0.70428
8849.54,BTC-27SEP19,1559127541465,open,0.1,517.7,0.064,0.1435,0.10350788,90.75,0.1125,0.0,BTC-27SEP19-12000-C,8664.06,88.67,0.099,23.1,0.108,13.1,92.8,19.28986,-7.24074,7.91842,8e-05,0.3737
8776.01,BTC-28JUN19,1559127541465,open,0.0,396.3,0.0005,0.0405,0.00069388,135.0,0.0005,0.0,BTC-28JUN19-3500-P,8664.06,0.0,0.0,0.0,0.0015,7.9,149.56,0.36557,-0.82597,-0.04118,0.0,-0.00504
273.0,ETH-28JUN19,1559127541476,open,0.01,7191.0,0.001,0.048,0.008393,123.54,0.007,0.0,ETH-28JUN19-500-C,269.17,116.07,0.006,459.0,0.009,25.0,125.23,0.09588,-0.19824,0.01206,0.00127,0.06235
8776.01,BTC-28JUN19,1559127541483,open,0.26,0.0,0.192,0.2905,0.24121386,94.56,None,0.0,BTC-28JUN19-10500-P,8664.06,0.0,0.002,2.0,0.0,0.0,0.0,8.71479,-13.79202,-6.76917,0.00015,-0.70114
8776.01,BTC-28JUN19,1559127541493,open,0.51,10.5,0.477,0.5565,0.51687901,115.84,0.428,0.0,BTC-28JUN19-4250-C,8664.06,0.0,0.034,2.0,0.687,3.0,500.0,0.62785,-1.21723,3.40361,1e-05,0.9907
273.01,ETH-28JUN19,1559127541490,open,0.13,2510.0,0.102,0.181,0.141163,104.32,0.139,0.0,ETH-28JUN19-260-C,269.17,98.65,0.135,200.0,0.142,189.0,105.09,0.29672,-0.51806,0.10763,0.00466,0.62279
273.01,ETH-28JUN19,1559127541497,open,0.01,6849.0,0.001,0.045,0.005595,104.32,0.003,0.0,ETH-28JUN19-170-P,269.17,92.3,0.003,200.0,0.005,200.0,101.89,0.069,-0.12048,-0.01047,0.00108,-0.04125
273.01,ETH-28JUN19,1559127541511,open,0.01,6437.0,0.001,0.049,0.008901,104.32,0.007,0.0,ETH-28JUN19-180-P,269.17,87.36,0.004,350.0,0.008,200.0,101.65,0.09448,-0.16495,-0.01566,0.00148,-0.06119
8849.54,BTC-27SEP19,1559127541516,open,0.07,56.3,0.0315,0.111,0.07103611,92.74,0.0825,0.0,BTC-27SEP19-14000-C,8664.06,90.63,0.067,24.0,0.075,14.0,94.79,17.04511,-6.539,6.02814,7e-05,0.27673
8664.06,index_price,1559127541516,open,0.01,266.5,0.0005,0.0535,0.01394903,100.72,0.0115,0,BTC-31MAY19-9000-C,8664.06,92.94,0.012,32.0,0.0165,16.5,110.65,2.19665,-58.97464,0.13261,0.00057,0.31179
8849.59,BTC-27SEP19,1559127541538,open,0.01,174.3,0.0005,0.0515,0.01123032,94.13,0.01,0.0,BTC-27SEP19-4000-P,8664.06,90.58,0.0095,18.0,0.013,19.4,97.49,4.49631,-1.75071,-1.53696,2e-05,-0.04121
8849.59,BTC-27SEP19,1559127541538,open,0.3,5.7,0.2345,0.337,0.28560069,88.74,0.334,0.0,BTC-27SEP19-10000-P,8664.06,84.34,0.2755,4.8,0.29,4.8,90.65,20.31425,-7.45643,-22.83651,9e-05,-0.49362
269.17,index_price,1559127541549,open,0.25,117.0,0.218,0.297,0.257055,150.0,0.17,0,ETH-31MAY19-200-C,269.17,0.0,0.025,12.0,0.34,2.0,500.0,0.00146,-0.05838,0.01024,0.00026,0.99757
8849.59,BTC-27SEP19,1559127541553,open,0.01,376.8,0.0005,0.047,0.00674418,96.72,0.0065,0.0,BTC-27SEP19-3500-P,8664.06,91.27,0.005,23.0,0.0085,19.5,101.48,3.06549,-1.22646,-0.95658,1e-05,-0.0259
8664.06,index_price,1559127541562,open,0.0,347.2,0.0005,0.04,3.562e-05,135.0,0.0005,0,BTC-31MAY19-6500-P,8664.06,0.0,0.0,0.0,0.0015,10.0,212.33,0.02608,-0.30862,-0.00058,1e-05,-0.00127
8776.01,BTC-28JUN19,1559127541571,open,0.14,697.6,0.11,0.1895,0.14990374,91.54,0.143,0.0,BTC-28JUN19-8000-C,8664.06,88.18,0.1465,19.2,0.1525,4.3,94.09,8.9075,-13.64618,3.8507,0.00015,0.68597
8849.59,BTC-27SEP19,1559127541573,open,0.02,83.4,0.0005,0.0575,0.01730541,90.66,0.0205,0.0,BTC-27DEC19-3500-P,8664.06,88.84,0.016,20.0,0.019,4.0,92.93,6.46835,-1.38391,-3.2355,2e-05,-0.04568
8849.59,BTC-27SEP19,1559127541573,open,0.48,57.4,0.448,0.5275,0.4875986,87.44,0.4555,0.0,BTC-27DEC19-5000-C,8664.06,0.0,0.0065,0.2,0.94,0.5,458.68,13.24886,-2.73392,20.31158,3e-05,0.88299
8849.59,BTC-27SEP19,1559127541577,open,0.55,233.5,0.5195,0.599,0.55922426,94.11,0.58,0.0,BTC-27SEP19-4000-C,8664.06,0.0,0.1655,1.1,0.59,0.1,137.62,4.4948,-1.74984,11.71041,2e-05,0.9588
8849.59,BTC-27SEP19,1559127541577,open,0.0,1639.1,0.0005,0.0405,0.00059058,124.24,0.0015,0.0,BTC-27SEP19-1500-P,8664.06,0.0,0.0,0.0,0.001,8.3,132.53,0.36014,-0.18508,-0.08342,0.0,-0.00226
8776.01,BTC-28JUN19,1559127541577,open,0.01,326.3,0.0005,0.053,0.0130067,99.19,0.0125,0.0,BTC-28JUN19-13000-C,8664.06,94.19,0.0105,32.0,0.0145,52.0,101.95,4.62759,-7.68197,0.67504,7e-05,0.10698
8776.01,BTC-28JUN19,1559127541577,open,0.6,143.2,0.562,0.6415,0.60186938,134.76,0.56,0.0,BTC-28JUN19-3500-C,8664.06,0.0,0.1505,1.0,0.7695,3.0,500.0,0.3619,-0.81622,2.82409,0.0,0.99502
8664.06,index_price,1559127541577,open,0.0,246.1,0.0005,0.04,0.0,135.0,0.0005,0,BTC-31MAY19-4000-P,8664.06,0.0,0.0,0.0,0.002,30.0,500.0,0.0,0.0,0.0,0.0,0.0
8849.59,BTC-27SEP19,1559127541577,open,1.36,0.0,1.234,1.4195,1.32661228,94.46,None,0.0,BTC-27DEC19-20000-P,8664.06,0.0,0.0055,5.0,2.176,0.2,500.0,19.94955,-4.44695,-108.23133,5e-05,-0.78028
269.17,index_price,1559127541598,open,0.1,2.0,0.048,0.134,0.09111,109.09,0.087,0,ETH-7JUN19-280-P,269.17,87.66,0.078,150.0,0.086,150.0,100.77,0.16566,-1.01802,-0.04251,0.00862,-0.55837
8849.59,BTC-27SEP19,1559127541604,open,0.24,122.9,0.2075,0.287,0.2470502,84.79,0.249,0.0,BTC-27DEC19-9000-C,8664.06,84.26,0.2455,5.0,0.259,5.0,88.91,25.7385,-5.15018,18.99087,7e-05,0.61674
8664.06,index_price,1559127541605,open,0.14,14.6,0.079,0.168,0.12343815,98.23,0.1185,0,BTC-7JUN19-9500-P,8664.06,0.0,0.0005,1.0,0.0,0.0,0.0,4.69676,-25.99022,-1.73509,0.00026,-0.70011
8776.01,BTC-28JUN19,1559127541609,open,0.21,42.9,0.1485,0.2435,0.19583734,92.65,0.3035,0.0,BTC-28JUN19-10000-P,8664.06,0.0,0.001,1.0,0.634,1.0,500.0,9.38801,-14.55708,-6.00825,0.00016,-0.64059
8776.01,BTC-28JUN19,1559127541609,open,0.09,502.0,0.0535,0.133,0.09302393,91.35,0.0885,0.0,BTC-28JUN19-9000-C,8664.06,88.7,0.09,19.2,0.097,16.7,94.84,10.01071,-15.30546,3.02156,0.00017,0.51366
269.17,index_price,1559127541614,open,0.14,0.0,0.074,0.163,0.118715,117.67,None,0,ETH-31MAY19-300-P,269.17,0.0,0.109,50.0,0.12,50.0,126.83,0.03554,-1.11467,-0.014,0.00811,-0.89313
8776.01,BTC-28JUN19,1559127541626,open,0.0,259.1,0.0005,0.041,0.00116592,116.01,0.0015,0.0,BTC-28JUN19-4250-P,8664.06,104.02,0.0005,5.1,0.002,32.0,125.62,0.63223,-1.22752,-0.07569,1e-05,-0.00937
8849.59,BTC-27SEP19,1559127541633,open,0.67,0.0,0.587,0.719,0.65305867,92.76,None,0.0,BTC-27SEP19-14000-P,8664.06,0.0,0.0065,0.1,1.3945,0.3,499.94,17.04704,-6.54074,-40.33415,7e-05,-0.72321
269.17,index_price,1559127541665,open,0.18,55.0,0.151,0.23,0.190161,103.97,0.195,0,ETH-7JUN19-220-C,269.17,114.21,0.193,50.0,0.199,50.0,132.8,0.06959,-0.40757,0.04695,0.0038,0.90745
8849.59,BTC-27SEP19,1559127541671,open,0.15,144.0,0.1005,0.1915,0.14606047,88.04,0.15,0.0,BTC-27SEP19-8000-P,8664.06,85.12,0.14,15.3,0.1505,16.7,90.18,18.33949,-6.67878,-13.81826,8e-05,-0.32544
8849.59,BTC-27SEP19,1559127541690,open,0.15,934.4,0.116,0.1955,0.15558414,88.73,0.16,0.0,BTC-27SEP19-10000-C,8664.06,87.38,0.1525,10.0,0.1605,14.0,90.87,20.31426,-7.45568,10.28014,9e-05,0.50636
8664.06,index_price,1559127541690,open,0.0,100.7,0.0005,0.04,0.0,135.0,0.0005,0,BTC-31MAY19-3750-P,8664.06,0.0,0.0,0.0,0.0045,20.0,500.0,0.0,0.0,0.0,0.0,0.0
8849.59,BTC-27SEP19,1559127541690,open,0.03,134.7,0.0005,0.0675,0.0269139,89.82,0.023,0.0,BTC-27DEC19-4000-P,8664.06,86.26,0.0235,20.0,0.0295,10.0,92.41,8.69964,-1.84403,-4.79772,2e-05,-0.06648
8849.59,BTC-27SEP19,1559127541698,open,0.05,69.0,0.011,0.0945,0.052606,87.45,0.05,0.0,BTC-27DEC19-5000-P,8664.06,85.36,0.0495,10.0,0.055,8.0,89.04,13.24946,-2.73424,-8.71336,3e-05,-0.11701
269.17,index_price,1559127541700,open,0.02,57.0,0.001,0.056,0.016225,112.26,0.023,0,ETH-7JUN19-320-C,269.17,106.76,0.014,303.0,0.018,200.0,116.46,0.11163,-0.70591,0.01097,0.00564,0.1839
8664.06,index_price,1559127541706,open,0.03,142.1,0.0005,0.067,0.02609219,94.26,0.024,0,BTC-7JUN19-8000-P,8664.06,86.2,0.022,32.0,0.026,4.1,94.08,4.45848,-23.67429,-0.6216,0.00026,-0.26895
8776.01,BTC-28JUN19,1559127541725,open,0.02,441.7,0.0005,0.056,0.01565054,94.7,0.016,0.0,BTC-28JUN19-6500-P,8664.06,90.5,0.0135,32.0,0.0175,51.4,98.14,4.62284,-7.32667,-0.8798,8e-05,-0.10683
8664.06,index_price,1559127541725,open,0.0,299.0,0.0005,0.04,2e-08,135.0,0.001,0,BTC-31MAY19-5500-P,8664.06,0.0,0.0,0.0,0.002,30.0,331.06,3e-05,-0.00017,0.0,0.0,0.0
8664.06,index_price,1559127541725,open,0.33,298.7,0.2965,0.376,0.33633905,135.0,0.3305,0,BTC-31MAY19-5750-C,8664.06,0.0,0.101,3.0,0.368,8.0,500.0,0.00026,-0.00919,0.29548,0.0,0.99999
8849.59,BTC-27SEP19,1559127541725,open,0.34,54.2,0.3065,0.386,0.34649827,85.19,0.317,0.0,BTC-27DEC19-7000-C,8664.06,0.0,0.1205,5.0,0.3945,0.1,105.19,21.2623,-4.2747,20.91125,5e-05,0.75357
8849.59,BTC-27SEP19,1559127541742,open,0.3,822.9,0.2625,0.342,0.30212063,88.15,0.2925,0.0,BTC-27SEP19-7000-C,8664.06,83.85,0.2945,4.9,0.3065,5.0,90.61,15.72491,-5.73396,13.50549,7e-05,0.76295
8664.06,index_price,1559127541744,open,0.12,17.7,0.057,0.1445,0.10059853,104.33,0.0955,0,BTC-31MAY19-9500-P,8664.06,0.0,0.0055,0.5,0.145,3.1,296.04,1.21454,-33.778,-0.43829,0.0003,-0.88379
8849.59,BTC-27SEP19,1559127541744,open,0.63,0.0,0.5475,0.676,0.61157156,89.26,None,0.0,BTC-27DEC19-13000-P,8664.06,79.48,0.583,4.8,0.6065,4.8,87.54,26.22327,-5.52363,-61.68386,6e-05,-0.5892
8776.01,BTC-28JUN19,1559127541762,open,0.0,520.6,0.0005,0.04,2.73e-06,135.0,0.001,0.0,BTC-28JUN19-2000-P,8664.06,0.0,0.0,0.0,0.0005,10.0,204.71,0.00308,-0.00695,-0.00023,0.0,-3e-05
8849.59,BTC-27SEP19,1559127541762,open,0.1,78.4,0.0495,0.1365,0.09313203,88.16,0.094,0.0,BTC-27SEP19-7000-P,8664.06,85.55,0.0885,16.4,0.0965,12.2,90.05,15.72512,-5.73456,-9.67674,7e-05,-0.23705
8849.59,BTC-27SEP19,1559127541762,open,0.03,260.1,0.0005,0.0675,0.02688886,90.96,0.027,0.0,BTC-27SEP19-5000-P,8664.06,88.32,0.0245,8.0,0.0295,19.3,93.75,8.14073,-3.06292,-3.37039,3e-05,-0.08811
8776.01,BTC-28JUN19,1559127541762,open,0.37,143.9,0.338,0.4175,0.37792586,99.17,0.397,0.0,BTC-28JUN19-5500-C,8664.06,0.0,0.331,5.0,0.633,5.0,500.0,2.02246,-3.35667,4.20402,3e-05,0.96318
8664.06,index_price,1559127541762,open,0.36,529.3,0.3255,0.405,0.36519371,135.0,0.3785,0,BTC-31MAY19-5500-C,8664.06,0.0,0.365,1.0,0.388,3.0,500.0,3e-05,-0.00116,0.28264,0.0,1.0
8849.59,BTC-27SEP19,1559127541762,open,0.01,178.6,0.0005,0.0475,0.0072342,98.63,0.006,0.0,BTC-27DEC19-2500-P,8664.06,91.89,0.005,10.0,0.0095,10.0,104.38,3.23649,-0.75328,-1.38862,1e-05,-0.0198
8849.59,BTC-27SEP19,1559127541762,open,0.08,48.9,0.04,0.1195,0.07995598,92.74,0.086,0.0,BTC-27DEC19-18000-C,8664.06,90.7,0.075,20.0,0.0845,16.4,94.57,21.75402,-4.76091,9.11225,5e-05,0.25734
8664.06,index_price,1559127541764,open,0.0,154.1,0.0005,0.04,0.00013329,135.0,0.0015,0,BTC-31MAY19-6750-P,8664.06,0.0,0.0,0.0,0.001,10.3,176.01,0.07842,-1.15487,-0.00197,2e-05,-0.00429
8849.59,BTC-27SEP19,1559127541781,open,0.83,42.8,0.7915,0.871,0.83108812,124.17,0.815,0.0,BTC-27SEP19-1500-C,8664.06,0.0,0.0055,10.0,0.969,3.0,500.0,0.35881,-0.18429,4.88443,0.0,0.99775
8849.59,BTC-27SEP19,1559127541793,open,0.04,192.7,0.002,0.0815,0.04189378,98.78,0.0455,0.0,BTC-27DEC19-26000-C,8664.06,96.49,0.038,10.0,0.045,8.0,100.53,15.4057,-3.59106,5.32409,3e-05,0.14554
8849.59,BTC-27SEP19,1559127541811,open,0.63,0.0,0.598,0.6775,0.63784945,98.27,None,0.0,BTC-27SEP19-3250-C,8664.06,0.0,0.0075,0.1,0.9505,5.0,500.0,2.46367,-1.00141,10.02795,1e-05,0.98002
8664.06,index_price,1559127541813,open,0.0,924.5,0.0005,0.04,0.0,135.0,0.0005,0,BTC-31MAY19-5250-P,8664.06,0.0,0.0,0.0,0.0015,10.0,344.41,0.0,-1e-05,0.0,0.0,0.0
8849.59,BTC-27SEP19,1559127541813,open,0.17,50.4,0.1195,0.2125,0.1661313,85.19,0.16,0.0,BTC-27DEC19-7500-P,8664.06,83.2,0.161,15.0,0.1685,6.4,86.12,22.74118,-4.57205,-22.97626,6e-05,-0.28114
269.17,index_price,1559127541815,open,0.01,663.0,0.001,0.056,0.016163,111.04,0.013,0,ETH-31MAY19-280-C,269.17,106.5,0.015,73.0,0.019,135.0,121.93,0.06938,-2.05375,0.00426,0.01678,0.32428
8776.01,BTC-28JUN19,1559127541830,open,0.01,614.2,0.0005,0.045,0.00549065,104.02,0.004,0.0,BTC-28JUN19-15000-C,8664.06,98.42,0.004,4.6,0.0065,32.0,107.31,2.55745,-4.45216,0.31416,4e-05,0.04923
8849.59,BTC-27SEP19,1559127541830,open,0.88,0.0,0.7845,0.933,0.85879772,94.95,None,0.0,BTC-27SEP19-16000-P,8664.06,0.0,0.0065,0.1,1.6085,0.2,499.8,14.62787,-5.74543,-48.35616,6e-05,-0.7912
8849.59,BTC-27SEP19,1559127541830,open,0.05,42.8,0.016,0.0955,0.05573968,95.72,0.061,0.0,BTC-27DEC19-22000-C,8664.06,93.62,0.0515,10.0,0.0595,16.4,97.52,18.19699,-4.11042,6.8108,4e-05,0.18832
8849.59,BTC-27SEP19,1559127541830,open,0.09,175.0,0.0455,0.132,0.08864255,85.61,0.084,0.0,BTC-27DEC19-6000-P,8664.06,83.77,0.085,20.0,0.0915,6.4,87.04,17.58573,-3.55269,-13.71195,5e-05,-0.17828
8849.59,BTC-27SEP19,1559127541842,open,0.73,0.0,0.6395,0.7755,0.70767712,90.0,None,0.0,BTC-27DEC19-14000-P,8664.06,0.0,0.0075,3.0,1.511,0.2,500.0,25.50609,-5.41738,-68.60395,6e-05,-0.6278
269.17,index_price,1559127541847,open,0.01,394.0,0.001,0.046,0.006555,106.74,0.009,0,ETH-31MAY19-250-P,269.17,97.33,0.005,100.0,0.008,68.0,114.83,0.04651,-1.32345,-0.00227,0.0117,-0.15774
8664.06,index_price,1559127541867,open,0.27,307.5,0.239,0.3185,0.27863703,135.0,0.281,0,BTC-31MAY19-6250-C,8664.06,0.0,0.018,6.0,0.3085,3.2,500.0,0.00707,-0.25445,0.32104,0.0,0.99969
273.79,ETH-27SEP19,1559127541877,open,0.3,818.0,0.273,0.352,0.312764,97.94,0.343,0.0,ETH-27SEP19-220-C,269.17,92.06,0.302,10.0,0.318,90.0,100.79,0.50223,-0.20347,0.39512,0.00207,0.74854
273.79,ETH-27SEP19,1559127541877,open,0.23,1000.0,0.203,0.282,0.242392,97.94,0.24,0.0,ETH-27SEP19-260-C,269.17,94.03,0.234,110.0,0.246,80.0,99.63,0.58622,-0.2375,0.3656,0.00241,0.64561
273.79,ETH-27SEP19,1559127541877,open,0.3,36.0,0.235,0.336,0.285453,98.86,0.345,0.0,ETH-27SEP19-300-P,269.17,95.59,0.278,30.0,0.294,30.0,102.61,0.62377,-0.25507,-0.66752,0.00254,-0.45076
273.79,ETH-27SEP19,1559127541877,open,0.04,5371.0,0.001,0.079,0.038274,97.95,0.031,0.0,ETH-27SEP19-160-P,269.17,91.93,0.032,197.0,0.038,50.0,97.7,0.29325,-0.11882,-0.13303,0.00121,-0.10845
273.01,ETH-28JUN19,1559127541877,open,0.2,51.0,0.135,0.229,0.182104,106.16,0.226,0.0,ETH-28JUN19-300-P,269.17,102.52,0.178,120.0,0.188,120.0,111.38,0.30771,-0.54672,-0.1665,0.00475,-0.56298
273.01,ETH-28JUN19,1559127541877,open,0.41,923.0,0.378,0.457,0.417234,104.2,0.357,0.0,ETH-28JUN19-160-C,269.17,0.0,0.2,1.0,0.0,0.0,0.0,0.04733,-0.08255,0.12439,0.00074,0.97389
273.79,ETH-27SEP19,1559127541877,open,0.08,1226.0,0.043,0.122,0.082988,109.67,0.086,0.0,ETH-27SEP19-480-C,269.17,106.57,0.077,180.0,0.088,280.0,112.23,0.5331,-0.24184,0.18134,0.00196,0.28299
273.79,ETH-27SEP19,1559127541881,open,0.6,0.0,0.513,0.638,0.575692,104.92,None,0.0,ETH-27SEP19-400-P,269.17,0.0,0.001,50.0,0.0,0.0,0.0,0.59603,-0.25867,-1.0912,0.00229,-0.6278
273.79,ETH-27SEP19,1559127541881,open,0.01,7297.0,0.001,0.052,0.01155,97.95,0.01,0.0,ETH-27SEP19-120-P,269.17,90.21,0.008,150.0,0.012,50.0,98.84,0.13708,-0.05554,-0.04717,0.00056,-0.04048
269.17,index_price,1559127541883,open,0.13,78.0,0.108,0.187,0.147232,131.36,0.141,0,ETH-31MAY19-230-C,269.17,0.0,0.145,50.0,0.155,50.0,202.36,0.01763,-0.61721,0.0112,0.0036,0.95702
273.01,ETH-28JUN19,1559127541889,open,0.63,0.0,0.595,0.674,0.634528,149.69,None,0.0,ETH-28JUN19-100-C,269.17,0.0,0.0,0.0,0.0,0.0,0.0,0.01178,-0.02952,0.0805,0.00013,0.99476
8776.01,BTC-28JUN19,1559127541889,open,0.01,1098.2,0.0005,0.0485,0.00863529,96.21,0.009,0.0,BTC-28JUN19-6000-P,8664.06,91.45,0.007,33.7,0.01,3.7,99.88,3.15966,-5.08786,-0.52444,5e-05,-0.06437
273.01,ETH-28JUN19,1559127541889,open,0.34,3366.0,0.31,0.389,0.349563,104.26,0.364,0.0,ETH-28JUN19-180-C,269.17,0.0,0.006,20.0,0.0,0.0,0.0,0.09437,-0.16466,0.1317,0.00148,0.9389
8664.06,index_price,1559127541889,open,0.0,170.1,0.0005,0.04,5.516e-05,135.0,0.0005,0,BTC-31MAY19-11500-C,8664.06,0.0,0.0,0.0,0.001,23.6,188.01,0.03944,-0.47787,0.00087,1e-05,0.002
8776.01,BTC-28JUN19,1559127541891,open,0.01,453.9,0.0005,0.0445,0.00465078,99.24,0.0045,0.0,BTC-28JUN19-5500-P,8664.06,91.21,0.003,70.5,0.006,32.0,104.69,2.02637,-3.36558,-0.29854,3e-05,-0.03691
273.01,ETH-28JUN19,1559127541897,open,0.37,1130.0,0.343,0.422,0.382887,104.24,0.32,0.0,ETH-28JUN19-170-C,269.17,0.0,0.1,5.0,0.6,1.0,449.34,0.06887,-0.12014,0.12871,0.00108,0.95886
273.79,ETH-27SEP19,1559127541910,open,0.09,2717.0,0.042,0.128,0.085272,97.95,0.08,0.0,ETH-27SEP19-200-P,269.17,93.42,0.078,40.0,0.086,143.0,98.4,0.44208,-0.17911,-0.25933,0.00182,-0.20074
273.01,ETH-28JUN19,1559127541910,open,0.52,386.0,0.485,0.564,0.524787,115.37,0.321,0.0,ETH-28JUN19-130-C,269.17,0.0,0.14,49.0,0.65,1.0,425.18,0.01696,-0.03274,0.10442,0.00024,0.99209
273.79,ETH-27SEP19,1559127541918,open,0.35,24.0,0.285,0.391,0.338402,99.89,0.408,0.0,ETH-27SEP19-320-P,269.17,96.67,0.331,30.0,0.347,30.0,103.64,0.62848,-0.25969,-0.75435,0.00253,-0.49357
273.01,ETH-28JUN19,1559127541918,open,0.55,50.0,0.521,0.6,0.560965,117.15,0.547,0.0,ETH-28JUN19-120-C,269.17,0.0,0.0,0.0,0.0,0.0,0.0,0.01007,-0.01973,0.09713,0.00014,0.99561
273.79,ETH-27SEP19,1559127541918,open,0.16,1559.0,0.106,0.198,0.152027,97.95,0.128,0.0,ETH-27SEP19-240-P,269.17,93.96,0.144,40.0,0.152,80.0,97.93,0.55035,-0.22298,-0.41266,0.00226,-0.30309
273.01,ETH-28JUN19,1559127541918,open,0.7,0.0,0.668,0.747,0.707112,150.0,None,0.0,ETH-28JUN19-80-C,269.17,0.0,0.002,5.0,0.0,0.0,0.0,0.00276,-0.00692,0.06521,3e-05,0.99895
273.01,ETH-28JUN19,1559127541918,open,0.0,9820.0,0.001,0.04,0.00096,115.37,0.001,0.0,ETH-28JUN19-130-P,269.17,0.0,0.0,0.0,0.002,168.0,128.26,0.01696,-0.03274,-0.00198,0.00024,-0.00791
8776.01,BTC-28JUN19,1559127541931,open,0.0,312.4,0.0005,0.042,0.00220788,109.9,0.0035,0.0,BTC-28JUN19-4750-P,8664.06,103.46,0.0015,10.0,0.003,32.0,115.73,1.08226,-1.99061,-0.14118,2e-05,-0.01745
8849.59,BTC-27SEP19,1559127541935,open,0.77,28.2,0.736,0.8155,0.77572543,119.81,0.755,0.0,BTC-27SEP19-2000-C,8664.06,0.0,0.0075,0.1,0.963,5.0,500.0,0.88872,-0.44045,6.3917,0.0,0.99382
8849.59,BTC-27SEP19,1559127541937,open,0.1,43.8,0.06,0.1395,0.0996267,91.55,0.107,0.0,BTC-27DEC19-16000-C,8664.06,89.82,0.095,10.1,0.104,16.4,93.18,23.73493,-5.12803,10.72742,6e-05,0.30845
8849.59,BTC-27SEP19,1559127541944,open,0.37,719.4,0.3355,0.415,0.37525178,88.85,0.397,0.0,BTC-27SEP19-6000-C,8664.06,83.84,0.3685,4.7,0.377,8.0,90.12,12.12922,-4.45764,13.77025,5e-05,0.84512
8664.06,index_price,1559127541944,open,0.0,280.8,0.0005,0.04,1.9e-07,135.0,0.0005,0,BTC-31MAY19-5750-P,8664.06,0.0,0.0,0.0,0.001,0.3,271.36,0.00026,-0.00167,0.0,0.0,-1e-05
8664.06,index_price,1559127541944,open,0.0,487.7,0.0005,0.04,1.39e-06,135.0,0.0005,0,BTC-31MAY19-6000-P,8664.06,0.0,0.0,0.0,0.001,11.0,246.36,0.00153,-0.01204,-3e-05,0.0,-6e-05
8849.59,BTC-27SEP19,1559127541944,open,0.11,82.0,0.071,0.1505,0.11092137,90.55,0.115,0.0,BTC-27DEC19-15000-C,8664.06,88.41,0.105,22.0,0.116,16.4,92.37,24.62834,-5.26271,11.62748,6e-05,0.33727
8849.59,BTC-27SEP19,1559127541944,open,0.06,92.6,0.027,0.1065,0.0665821,94.44,0.0665,0.0,BTC-27DEC19-20000-C,8664.06,92.38,0.062,30.3,0.07,16.4,95.94,19.94537,-4.44521,7.86281,5e-05,0.21964
8849.59,BTC-27SEP19,1559127541953,open,0.05,65.1,0.011,0.0905,0.05077166,94.93,0.0655,0.0,BTC-27SEP19-16000-C,8664.06,92.62,0.047,21.0,0.054,21.5,96.87,14.62452,-5.74292,4.62902,6e-05,0.20872
273.79,ETH-27SEP19,1559127541984,open,0.54,33.0,0.454,0.574,0.51362,103.7,0.52,0.0,ETH-27SEP19-380-P,269.17,98.9,0.503,30.0,0.522,30.0,107.45,0.60908,-0.26126,-1.00888,0.00237,-0.59908
8776.01,BTC-28JUN19,1559127541984,open,0.0,245.3,0.0005,0.0415,0.00162185,112.95,0.0025,0.0,BTC-28JUN19-4500-P,8664.06,105.38,0.001,5.1,0.0025,32.0,120.94,0.83605,-1.58039,-0.10446,1e-05,-0.01292
8849.59,BTC-27SEP19,1559127541984,open,0.57,27.1,0.535,0.6145,0.5749079,89.81,0.542,0.0,BTC-27DEC19-4000-C,8664.06,0.0,0.0195,0.1,0.98,0.5,500.0,8.69871,-1.84368,18.4224,2e-05,0.93353
269.17,index_price,1559127541989,open,0.28,1.0,0.256,0.335,0.295565,114.39,0.237,0,ETH-7JUN19-190-C,269.17,0.0,0.0,0.0,0.0,0.0,0.0,0.02082,-0.13416,0.04476,0.00103,0.97942
269.17,index_price,1559127541999,open,0.07,243.0,0.038,0.117,0.077774,106.74,0.081,0,ETH-31MAY19-250-C,269.17,102.17,0.077,50.0,0.087,80.0,153.02,0.04651,-1.32345,0.01057,0.0117,0.84226
269.17,index_price,1559127542001,open,0.1,115.0,0.065,0.144,0.104261,103.97,0.076,0,ETH-7JUN19-250-C,269.17,105.34,0.105,50.0,0.112,50.0,118.17,0.14499,-0.84918,0.03927,0.00792,0.70428
269.17,index_price,1559127542014,open,0.04,353.0,0.001,0.074,0.033042,103.97,0.027,0,ETH-7JUN19-250-P,269.17,90.7,0.026,284.0,0.032,418.0,102.03,0.14499,-0.84918,-0.02152,0.00792,-0.29572
273.01,ETH-28JUN19,1559127542017,open,0.38,0.0,0.305,0.412,0.358615,112.87,None,0.0,ETH-28JUN19-360-P,269.17,0.0,0.0,0.0,0.0,0.0,0.0,0.24472,-0.46226,-0.24919,0.00355,-0.75651
8664.06,index_price,1559127542020,open,0.0,633.8,0.0005,0.04,0.0,135.0,0.0005,0,BTC-31MAY19-4500-P,8664.06,0.0,0.0,0.0,0.001,12.0,413.18,0.0,0.0,0.0,0.0,0.0
8849.59,BTC-27SEP19,1559127542020,open,0.52,6.6,0.49,0.5695,0.52966336,88.29,0.498,0.0,BTC-27DEC19-4500-C,8664.06,0.0,0.26,1.4,0.985,1.0,500.0,10.93488,-2.27829,19.54605,3e-05,0.91016
8849.59,BTC-27SEP19,1559127542020,open,0.44,54.9,0.4075,0.487,0.44739979,86.23,0.416,0.0,BTC-27DEC19-5500-C,8664.06,0.0,0.0065,1.0,0.983,5.1,500.0,15.45998,-3.14602,20.87178,4e-05,0.8537
269.17,index_price,1559127542024,open,0.04,119.0,0.001,0.078,0.038499,109.35,0.034,0,ETH-7JUN19-290-C,269.17,103.34,0.035,316.0,0.042,326.0,115.31,0.1574,-0.96962,0.02121,0.00817,0.36247
8776.01,BTC-28JUN19,1559127542034,open,0.42,691.1,0.393,0.4725,0.43272814,103.59,0.427,0.0,BTC-28JUN19-5000-C,8664.06,0.0,0.235,0.1,0.5,10.0,259.57,1.23405,-2.13948,3.92864,2e-05,0.97964
8776.01,BTC-28JUN19,1559127542034,open,0.45,97.0,0.421,0.5005,0.46094547,109.79,0.1965,0.0,BTC-28JUN19-4750-C,8664.06,0.0,0.122,1.1,0.6645,2.0,500.0,1.07797,-1.98065,3.74743,2e-05,0.98263
8849.59,BTC-27SEP19,1559127542034,open,0.67,0.0,0.6335,0.713,0.67303197,95.19,None,0.0,BTC-27DEC19-3000-C,8664.06,0.0,0.0065,0.4,0.988,0.5,500.0,4.82124,-1.08302,15.16003,1e-05,0.96815
273.79,ETH-27SEP19,1559127542049,open,0.39,743.0,0.362,0.441,0.401742,97.94,0.331,0.0,ETH-27SEP19-180-C,269.17,0.0,0.23,1.0,0.5,1.0,164.84,0.37135,-0.15044,0.40421,0.00153,0.84754
273.01,ETH-28JUN19,1559127542053,open,0.0,4694.0,0.001,0.041,0.000964,139.31,0.001,0.0,ETH-28JUN19-110-P,269.17,0.0,0.0,0.0,0.002,270.0,154.43,0.01439,-0.03354,-0.00168,0.00017,-0.00657
273.79,ETH-27SEP19,1559127542066,open,0.12,1817.0,0.072,0.16,0.116315,97.95,0.109,0.0,ETH-27SEP19-220-P,269.17,93.41,0.108,40.0,0.117,80.0,98.32,0.50223,-0.20349,-0.33347,0.00207,-0.25146
8849.59,BTC-27SEP19,1559127542066,open,0.78,0.0,0.6845,0.8245,0.75466635,93.78,None,0.0,BTC-27SEP19-15000-P,8664.06,0.0,0.0065,0.1,1.5015,0.3,500.0,15.81322,-6.13411,-44.40521,7e-05,-0.76052
269.17,index_price,1559127542079,open,0.21,0.0,0.144,0.238,0.19067,139.19,None,0,ETH-31MAY19-320-P,269.17,0.0,0.18,50.0,0.19,50.0,128.22,0.01866,-0.69219,-0.01583,0.0036,-0.95388
273.79,ETH-27SEP19,1559127542090,open,0.11,1644.0,0.075,0.154,0.114674,104.9,0.129,0.0,ETH-27SEP19-400-C,269.17,103.66,0.112,100.0,0.116,110.0,105.5,0.596,-0.2586,0.23344,0.00229,0.37213
273.01,ETH-28JUN19,1559127542090,open,0.52,0.0,0.431,0.55,0.490423,116.85,None,0.0,ETH-28JUN19-400-P,269.17,0.0,0.0,0.0,0.0,0.0,0.0,0.19365,-0.3787,-0.29625,0.00272,-0.83532
273.79,ETH-27SEP19,1559127542090,open,0.7,0.0,0.671,0.75,0.71022,104.92,None,0.0,ETH-27SEP19-80-C,269.17,0.0,0.003,10.0,0.0,0.0,0.0,0.04071,-0.01767,0.25399,0.00016,0.99035
273.01,ETH-28JUN19,1559127542090,open,0.44,481.0,0.413,0.492,0.45252,105.38,0.46,0.0,ETH-28JUN19-150-C,269.17,0.0,0.021,4.0,0.5,200.0,235.46,0.03176,-0.05601,0.1187,0.00049,0.98371
269.17,index_price,1559127542102,open,0.0,787.0,0.001,0.04,8e-05,150.0,0.001,0,ETH-31MAY19-200-P,269.17,0.0,0.0,0.0,0.001,174.0,204.56,0.00146,-0.02151,-3e-05,0.00026,-0.00243
269.17,index_price,1559127542108,open,0.01,731.0,0.001,0.047,0.007489,103.97,0.006,0,ETH-7JUN19-220-P,269.17,93.49,0.005,99.0,0.008,250.0,105.92,0.06959,-0.40757,-0.00655,0.0038,-0.09255
8664.06,index_price,1559127542116,open,0.29,8.1,0.2195,0.3205,0.26985462,135.0,0.256,0,BTC-31MAY19-11000-P,8664.06,0.0,0.0,0.0,0.318,3.1,451.0,0.13311,-4.79009,-0.56191,3e-05,-0.9922
273.01,ETH-28JUN19,1559127542121,open,0.25,578.0,0.218,0.297,0.25792,104.32,0.264,0.0,ETH-28JUN19-210-C,269.17,91.94,0.25,80.0,0.258,120.0,104.44,0.18363,-0.3206,0.13189,0.00289,0.84812
8776.01,BTC-28JUN19,1559127542129,open,0.1,66.6,0.0445,0.131,0.08758584,91.55,0.083,0.0,BTC-28JUN19-8500-P,8664.1,87.4,0.083,4.9,0.0905,1.9,94.18,9.70117,-14.86368,-3.50352,0.00017,-0.40015
8849.59,BTC-27SEP19,1559127542129,open,1.77,0.0,1.622,1.84,1.73094023,104.07,None,0.0,BTC-27SEP19-24000-P,8664.1,0.0,0.0,0.0,0.0,0.0,0.0,7.98821,-3.4389,-77.51749,3e-05,-0.91409
8849.59,BTC-27SEP19,1559127542130,open,0.01,28.3,0.0005,0.045,0.00510457,98.29,0.007,0.0,BTC-27SEP19-3250-P,8664.1,91.89,0.0035,15.0,0.0065,15.0,102.96,2.46545,-1.00237,-0.73564,1e-05,-0.02
8849.59,BTC-27SEP19,1559127542129,open,1.32,0.0,1.197,1.3795,1.28842032,98.96,None,0.0,BTC-27SEP19-20000-P,8664.1,0.0,0.0055,10.0,2.04,0.2,500.0,10.52381,-4.30789,-63.38284,4e-05,-0.87431
8776.01,BTC-28JUN19,1559127542129,open,0.0,800.5,0.0005,0.0425,0.00247783,103.7,0.002,0.0,BTC-28JUN19-5000-P,8664.1,90.19,0.001,36.8,0.004,52.0,112.98,1.2385,-2.14936,-0.16465,2e-05,-0.02044
8849.59,BTC-27SEP19,1559127542130,open,0.03,178.4,0.0005,0.068,0.02841529,98.95,0.026,0.0,BTC-27SEP19-20000-C,8664.1,97.31,0.0265,15.0,0.0305,1.5,100.67,10.52146,-4.30644,2.84963,4e-05,0.12565
8776.01,BTC-28JUN19,1559127542130,open,0.11,9.2,0.0795,0.159,0.11902479,91.54,0.1175,0.0,BTC-28JUN19-8500-C,8664.1,88.35,0.1155,19.2,0.123,15.1,95.13,9.70117,-14.86199,3.45391,0.00017,0.59985
8776.01,BTC-28JUN19,1559127542130,open,0.0,94.5,0.0005,0.04,0.00037031,135.0,0.002,0.0,BTC-28JUN19-3250-P,8664.1,0.0,0.0,0.0,0.001,6.8,152.1,0.21905,-0.49492,-0.0231,0.0,-0.00285
8776.01,BTC-28JUN19,1559127542130,open,0.71,24.4,0.6755,0.755,0.71515899,133.4,0.5115,0.0,BTC-28JUN19-2500-C,8664.1,0.0,0.0025,0.5,0.816,1.0,500.0,0.02342,-0.05228,2.0443,0.0,0.99975
8776.01,BTC-28JUN19,1559127542130,open,0.52,0.8,0.435,0.554,0.49434213,99.24,2.171,0.0,BTC-28JUN19-13000-P,8664.1,0.0,0.07,1.0,0.9135,1.0,500.0,4.63169,-7.69236,-9.96485,7e-05,-0.89289
8849.59,BTC-27SEP19,1559127542130,open,0.22,75.8,0.162,0.258,0.20994447,87.89,0.203,0.0,BTC-27SEP19-9000-P,8664.1,84.57,0.2025,6.4,0.2155,6.4,90.37,19.833,-7.21014,-18.25969,9e-05,-0.41311
8776.01,BTC-28JUN19,1559127542130,open,0.05,1206.5,0.0165,0.096,0.0563406,92.63,0.0535,0.0,BTC-28JUN19-10000-C,8664.1,89.96,0.0535,25.6,0.057,5.0,93.24,9.38744,-14.55226,2.17661,0.00016,0.35935
8849.59,BTC-27SEP19,1559127542130,open,0.24,1020.1,0.2025,0.282,0.24204793,88.03,0.2385,0.0,BTC-27SEP19-8000-C,8664.1,86.56,0.239,5.0,0.2455,10.0,89.7,18.33953,-6.67821,12.67545,8e-05,0.67456
8776.01,BTC-28JUN19,1559127542130,open,0.65,43.8,0.6185,0.698,0.65833494,134.6,0.6,0.0,BTC-28JUN19-3000-C,8664.1,0.0,0.0035,1.0,0.792,2.0,500.0,0.11814,-0.26614,2.44392,0.0,0.99856
8849.59,BTC-27SEP19,1559127542130,open,0.0,615.2,0.0005,0.044,0.00398895,100.94,0.005,0.0,BTC-27SEP19-3000-P,8664.1,93.42,0.0025,15.0,0.0055,15.0,107.0,2.00226,-0.836,-0.57611,1e-05,-0.01567
8776.01,BTC-28JUN19,1559127542130,open,0.17,19.1,0.11,0.202,0.15586053,92.64,0.139,0.0,BTC-28JUN19-9500-P,8664.1,86.52,0.149,19.2,0.1595,19.2,95.86,9.87856,-15.31518,-5.18642,0.00017,-0.56615
8776.01,BTC-28JUN19,1559127542130,open,0.04,112.8,0.005,0.0845,0.04474554,94.54,0.041,0.0,BTC-28JUN19-10500-C,8664.1,90.73,0.041,25.6,0.0475,42.4,97.3,8.71382,-13.78685,1.82486,0.00015,0.29879
8849.59,BTC-27SEP19,1559127542130,open,0.66,226.1,0.625,0.7045,0.66498456,100.91,0.585,0.0,BTC-27SEP19-3000-C,8664.1,0.0,0.0065,0.1,0.953,5.0,500.0,2.00059,-0.83509,9.35949,1e-05,0.98435
8849.59,BTC-27SEP19,1559127542130,open,0.53,0.2,0.494,0.5735,0.53396531,93.11,0.26,0.0,BTC-27SEP19-4250-C,8664.1,0.0,0.0115,0.1,0.7415,5.0,299.12,5.32246,-2.04989,12.16809,2e-05,0.94916
8849.59,BTC-27SEP19,1559127542131,open,0.5,289.7,0.4695,0.549,0.50925024,92.21,0.51,0.0,BTC-27SEP19-4500-C,8664.1,0.0,0.0215,4.0,0.7325,5.0,299.32,6.20852,-2.36804,12.57112,3e-05,0.9382
8776.01,BTC-28JUN19,1559127542131,open,0.48,219.3,0.449,0.5285,0.48885202,112.86,0.483,0.0,BTC-28JUN19-4500-C,8664.1,0.0,0.2005,2.0,0.54,1.0,262.52,0.8333,-1.57397,3.57926,1e-05,0.98713
8664.1,index_price,1559127542129,open,0.19,57.0,0.158,0.2375,0.19754671,99.88,0.202,0,BTC-7JUN19-7000-C,8664.1,0.0,0.0005,3.0,0.0,0.0,0.0,1.8914,-10.64212,1.53491,0.0001,0.92608
8776.05,BTC-28JUN19,1559127542131,open,0.63,1.3,0.5405,0.668,0.60420377,103.15,2.415,0.0,BTC-28JUN19-14000-P,8664.1,0.0,0.0,0.0,1.0095,1.0,500.0,3.57722,-6.17538,-10.98015,6e-05,-0.92436
8776.05,BTC-28JUN19,1559127542132,open,0.0,849.9,0.0005,0.04,0.00018139,135.0,0.001,0.0,BTC-28JUN19-3000-P,8664.1,0.0,0.0,0.0,0.001,11.0,163.62,0.12088,-0.27312,-0.01192,0.0,-0.00148
8664.1,index_price,1559127542129,open,0.09,35.8,0.063,0.1425,0.10273755,94.25,0.107,0,BTC-7JUN19-8000-C,8664.1,99.58,0.1055,4.0,0.111,12.0,109.98,4.45834,-23.67211,1.32381,0.00026,0.73107
8849.63,BTC-27SEP19,1559127542132,open,0.19,372.4,0.153,0.2325,0.19293052,87.88,0.1935,0.0,BTC-27SEP19-9000-C,8664.1,86.79,0.1905,5.0,0.1975,5.0,89.92,19.83318,-7.20949,11.54562,9e-05,0.58689
8664.1,index_price,1559127542130,open,0.07,24.7,0.011,0.0945,0.05272308,100.73,0.063,0,BTC-31MAY19-9000-P,8664.1,77.2,0.047,24.0,0.0545,24.0,107.68,2.19681,-58.9871,-0.32987,0.00057,-0.68816
8849.63,BTC-27SEP19,1559127542132,open,0.04,271.8,0.0005,0.08,0.03889071,90.05,0.0375,0.0,BTC-27SEP19-5500-P,8664.1,87.5,0.036,8.0,0.041,14.4,91.87,10.164,-3.7859,-4.64513,4e-05,-0.11961
8849.63,BTC-27SEP19,1559127542129,open,2.02,0.0,1.861,2.099,1.97993279,98.81,None,0.0,BTC-27DEC19-26000-P,8664.1,0.0,0.0055,10.0,2.8435,0.2,500.0,15.41659,-3.59491,-145.59647,3e-05,-0.85431
8849.63,BTC-27SEP19,1559127542133,open,0.0,420.5,0.0005,0.0415,0.00172843,119.85,0.0035,0.0,BTC-27SEP19-2000-P,8664.1,102.33,0.0005,5.0,0.0015,5.1,117.47,0.89,-0.44122,-0.23203,0.0,-0.00619
8849.63,BTC-27SEP19,1559127542129,open,2.25,0.0,2.0755,2.3315,2.2034389,101.7,None,0.0,BTC-27DEC19-28000-P,8664.1,0.0,0.0005,10.0,0.0,0.0,0.0,14.70411,-3.52909,-157.58215,3e-05,-0.86413
8664.1,index_price,1559127542130,open,0.01,39.8,0.0005,0.0485,0.00875131,99.25,0.0085,0,BTC-7JUN19-10500-C,8664.1,95.16,0.0075,4.0,0.01,40.0,103.09,2.73655,-15.30079,0.2389,0.00015,0.12214
8849.63,BTC-27SEP19,1559127542130,open,0.77,0.0,0.738,0.8175,0.77793648,103.0,None,0.0,BTC-27DEC19-2000-C,8664.1,0.0,0.0165,3.0,0.99,0.5,500.0,1.96533,-0.47771,10.83821,0.0,0.98892
8849.63,BTC-27SEP19,1559127542133,open,0.38,3.2,0.313,0.422,0.36747378,88.87,0.481,0.0,BTC-27SEP19-11000-P,8664.1,84.22,0.357,4.8,0.3735,4.8,91.53,20.02672,-7.36183,-27.39686,9e-05,-0.56735
8664.1,index_price,1559127542129,open,0.01,157.6,0.0005,0.053,0.01284058,97.2,0.0135,0,BTC-7JUN19-7500-P,8664.1,96.26,0.0125,5.0,0.014,54.2,100.31,3.17852,-17.4036,-0.34737,0.00018,-0.15203
8664.1,index_price,1559127542129,open,0.06,178.0,0.028,0.1075,0.06798872,94.25,0.0755,0,BTC-7JUN19-8500-C,8664.1,97.56,0.07,0.3,0.075,28.3,105.75,5.27944,-28.03237,1.08012,0.00031,0.58066
8849.63,BTC-27SEP19,1559127542130,open,1.57,0.0,1.4405,1.643,1.54177269,95.74,None,0.0,BTC-27DEC19-22000-P,8664.1,0.0,0.0075,2.0,2.398,0.3,499.67,18.20414,-4.11314,-120.89172,4e-05,-0.81156
8776.05,BTC-28JUN19,1559127542133,open,0.22,956.5,0.1885,0.268,0.22825172,92.82,0.2385,0.0,BTC-28JUN19-7000-C,8664.1,86.62,0.224,5.0,0.2315,4.1,97.37,6.17117,-9.58691,4.37641,0.00011,0.8375
8664.1,index_price,1559127542129,open,0.01,177.5,0.0005,0.0475,0.0077578,102.52,0.0065,0,BTC-31MAY19-9250-C,8664.1,96.01,0.0065,32.0,0.009,20.0,108.63,1.72117,-47.03473,0.0841,0.00044,0.19664
8664.1,index_price,1559127542129,open,0.01,75.4,0.0005,0.055,0.015432,98.23,0.015,0,BTC-7JUN19-10000-C,8664.1,93.64,0.0135,32.0,0.0165,0.5,100.69,3.72517,-20.61335,0.37835,0.00021,0.19501
8849.63,BTC-27SEP19,1559127542129,open,0.04,0.0,0.0005,0.079,0.03943263,101.68,None,0.0,BTC-27DEC19-28000-C,8664.1,100.81,0.038,10.0,0.04,8.0,102.02,14.69834,-3.52704,4.95028,3e-05,0.1358
8664.1,index_price,1559127542129,open,0.02,53.4,0.0005,0.0665,0.02695445,98.23,0.0265,0,BTC-7JUN19-9500-C,8664.1,92.72,0.024,32.0,0.0295,46.5,102.89,4.69681,-25.98988,0.57504,0.00026,0.29989
8849.63,BTC-27SEP19,1559127542130,open,0.0,85.9,0.0005,0.044,0.00393948,103.02,0.0025,0.0,BTC-27DEC19-2000-P,8664.1,92.47,0.002,10.0,0.006,10.0,111.18,1.96676,-0.47815,-0.77215,0.0,-0.01109
8664.1,index_price,1559127542129,open,0.19,9.3,0.123,0.216,0.1696253,98.24,0.1865,0,BTC-7JUN19-10000-P,8664.1,0.0,0.01,5.0,0.173,0.1,105.85,3.72558,-20.61822,-2.05329,0.00021,-0.80495
8849.63,BTC-27SEP19,1559127542131,open,0.04,86.2,0.0005,0.0795,0.03817012,88.3,0.039,0.0,BTC-27DEC19-4500-P,8664.1,85.7,0.035,20.0,0.041,18.0,90.56,10.93566,-2.27865,-6.5765,3e-05,-0.08985
8664.1,index_price,1559127542129,open,0.0,53.3,0.0005,0.041,0.00116528,115.91,0.0005,0,BTC-7JUN19-6000-P,8664.1,113.25,0.001,0.1,0.0015,11.0,120.63,0.56583,-3.69465,-0.03799,3e-05,-0.01687
8664.1,index_price,1559127542129,open,0.14,26.0,0.1075,0.187,0.14719561,97.18,0.155,0,BTC-7JUN19-7500-C,8664.1,0.0,0.0005,3.0,0.26,2.5,322.92,3.17819,-17.39988,1.47646,0.00018,0.84799
8849.63,BTC-27SEP19,1559127542130,open,0.07,62.2,0.0265,0.1115,0.06890683,86.24,0.061,0.0,BTC-27DEC19-5500-P,8664.1,83.7,0.0645,20.0,0.0715,8.0,87.72,15.46038,-3.14631,-11.05547,4e-05,-0.1463
8664.1,index_price,1559127542130,open,0.3,498.0,0.2675,0.347,0.30748541,0.0,0.3015,0,BTC-31MAY19-6000-C,8664.1,0.0,0.076,4.0,0.331,3.0,500.0,0.0,0.0,0.30833,0.0,1.0
8664.1,index_price,1559127542129,open,0.06,84.2,0.0075,0.091,0.04905303,94.26,0.061,0,BTC-7JUN19-8500-P,8664.1,83.5,0.0425,32.0,0.0475,4.8,91.71,5.27945,-28.03461,-0.98683,0.00031,-0.41934
8849.63,BTC-27SEP19,1559127542132,open,0.83,0.0,0.734,0.878,0.80594388,90.56,None,0.0,BTC-27DEC19-15000-P,8664.1,0.0,0.0055,10.0,1.622,0.2,500.0,24.63014,-5.26383,-75.44349,6e-05,-0.66267
8664.1,index_price,1559127542130,open,0.12,256.6,0.096,0.1755,0.13571804,117.03,0.1465,0,BTC-31MAY19-7500-C,8664.1,121.44,0.136,4.0,0.1665,0.1,310.4,0.5249,-16.37516,0.36742,0.00012,0.96095
8664.1,index_price,1559127542129,open,0.0,86.0,0.0005,0.042,0.00213052,103.87,0.0025,0,BTC-7JUN19-6500-P,8664.1,97.61,0.0015,40.0,0.0035,15.2,114.47,0.96412,-5.64123,-0.07144,5e-05,-0.03178
8664.1,index_price,1559127542130,open,0.03,134.3,0.0005,0.0595,0.01911142,97.28,0.025,0,BTC-31MAY19-8500-P,8664.1,83.96,0.0155,32.0,0.021,42.6,104.19,2.36225,-61.25959,-0.17709,0.00063,-0.37864
8664.1,index_price,1559127542130,open,0.1,110.7,0.068,0.1475,0.10791872,107.57,0.1195,0,BTC-31MAY19-7750-C,8664.1,96.73,0.107,1.0,0.1405,3.1,282.96,0.8234,-23.61149,0.36653,0.0002,0.93115
8664.1,index_price,1559127542130,open,0.0,255.5,0.0005,0.0405,0.0006451,122.94,0.0015,0,BTC-31MAY19-7250-P,8664.1,0.0,0.0,0.0,0.002,50.0,150.1,0.29332,-5.58921,-0.00893,6e-05,-0.01942
8664.1,index_price,1559127542131,open,0.39,115.7,0.3545,0.434,0.39404852,0.0,0.4085,0,BTC-31MAY19-5250-C,8664.1,291.87,0.3945,1.0,0.4265,3.0,500.0,0.0,0.0,0.26979,0.0,1.0
8849.63,BTC-27SEP19,1559127542130,open,2.47,0.0,2.2875,2.561,2.42442198,102.5,None,0.0,BTC-27DEC19-30000-P,8664.1,0.0,0.0005,10.0,0.0,0.0,0.0,13.52264,-3.27099,-169.72695,3e-05,-0.87956
8849.63,BTC-27SEP19,1559127542132,open,0.21,426.8,0.1695,0.249,0.20942013,84.79,0.2185,0.0,BTC-27DEC19-10000-C,8664.1,85.32,0.211,20.0,0.2225,10.0,89.14,26.65876,-5.33431,17.66183,7e-05,0.55323
8849.63,BTC-27SEP19,1559127542130,open,0.93,0.0,0.8315,0.9835,0.90765071,91.57,None,0.0,BTC-27DEC19-16000-P,8664.1,0.0,0.0055,5.0,1.7325,0.2,500.0,23.73731,-5.12934,-82.14809,6e-05,-0.69148
8664.1,index_price,1559127542133,open,0.0,566.7,0.0005,0.04,0.0,135.0,0.0015,0,BTC-31MAY19-5000-P,8664.1,0.0,0.0,0.0,0.003,20.0,419.22,0.0,0.0,0.0,0.0,0.0
8664.1,index_price,1559127542135,open,0.15,169.2,0.124,0.2035,0.16385496,122.83,0.174,0,BTC-31MAY19-7250-C,8664.1,0.0,0.001,6.0,0.196,0.1,353.46,0.29221,-9.56753,0.36368,6e-05,0.98067
8849.63,BTC-27SEP19,1559127542131,open,1.14,0.0,1.0295,1.1985,1.11398509,92.76,None,0.0,BTC-27DEC19-18000-P,8664.1,0.0,0.0055,5.0,1.9545,0.2,500.0,21.758,-4.76272,-95.37215,5e-05,-0.74257
8664.1,index_price,1559127542130,open,0.35,0.0,0.2745,0.38,0.32737745,136.29,None,0,BTC-31MAY19-11500-P,8664.1,0.0,0.0,0.0,0.377,0.1,498.47,0.04276,-1.55361,-0.59002,1e-05,-0.99781
273.01,ETH-28JUN19,1559127542137,open,0.0,5044.0,0.001,0.043,0.003314,104.32,0.003,0.0,ETH-28JUN19-160-P,269.17,86.11,0.001,294.0,0.004,200.0,108.05,0.0475,-0.08294,-0.0066,0.00075,-0.02622
8849.63,BTC-27SEP19,1559127542132,open,0.72,0.0,0.685,0.7645,0.72473044,98.61,None,0.0,BTC-27DEC19-2500-C,8664.1,0.0,0.0165,3.0,0.989,0.5,500.0,3.23503,-0.75282,13.12426,1e-05,0.98021
8849.63,BTC-27SEP19,1559127542130,open,0.01,134.7,0.0005,0.0525,0.01203622,95.2,0.0135,0.0,BTC-27DEC19-3000-P,8664.1,91.29,0.01,20.0,0.0145,18.0,99.52,4.82232,-1.08338,-2.25514,1e-05,-0.03186
8664.1,index_price,1559127542132,open,0.0,476.0,0.0005,0.0415,0.00172378,118.59,0.0015,0,BTC-31MAY19-10000-C,8664.1,107.28,0.001,0.1,0.0025,50.0,128.02,0.64121,-14.93504,0.02152,0.00014,0.05006
8849.63,BTC-27SEP19,1559127542131,open,0.4,122.6,0.371,0.4505,0.41063354,85.6,0.385,0.0,BTC-27DEC19-6000-C,8664.1,0.0,0.0045,0.1,0.45,0.1,105.02,17.58535,-3.55233,21.118,5e-05,0.82173
8849.63,BTC-27SEP19,1559127542129,open,0.37,63.1,0.337,0.4165,0.37685703,85.2,0.311,0.0,BTC-27DEC19-6500-C,8664.1,0.0,0.0035,1.0,0.981,2.0,500.0,19.53348,-3.92742,21.12697,5e-05,0.78812
8664.1,index_price,1559127542130,open,0.18,254.7,0.1525,0.232,0.19248088,134.66,0.2025,0,BTC-31MAY19-7000-C,8664.1,0.0,0.092,0.1,0.2215,3.1,376.08,0.19376,-6.95535,0.3542,4e-05,0.98802
8849.63,BTC-27SEP19,1559127542130,open,1.8,0.0,1.6515,1.872,1.76163901,98.16,None,0.0,BTC-27DEC19-24000-P,8664.1,0.0,0.0075,1.0,2.621,0.2,500.0,16.9656,-3.92998,-133.21046,4e-05,-0.83149
8664.1,index_price,1559127542132,open,0.0,101.4,0.0005,0.04,0.0,135.0,0.0005,0,BTC-31MAY19-3500-P,8664.1,0.0,0.0,0.0,0.002,10.1,500.0,0.0,0.0,0.0,0.0,0.0
8849.63,BTC-27SEP19,1559127542137,open,0.53,4.4,0.454,0.575,0.51454793,87.12,0.5765,0.0,BTC-27DEC19-12000-P,8664.1,79.77,0.4925,4.8,0.5145,4.8,87.11,26.68286,-5.48589,-54.7115,7e-05,-0.55049
8849.63,BTC-27SEP19,1559127542147,open,0.02,97.2,0.0005,0.058,0.01775457,92.22,0.0255,0.0,BTC-27SEP19-4500-P,8664.1,88.91,0.0155,18.0,0.0195,15.0,94.66,6.20944,-2.36863,-2.33189,3e-05,-0.06181
8849.59,BTC-27SEP19,1559127542148,open,0.24,1020.1,0.2025,0.282,0.24204793,88.03,0.2385,0.0,BTC-27SEP19-8000-C,8664.1,86.56,0.239,5.0,0.246,10.0,89.94,18.33953,-6.67821,12.67545,8e-05,0.67456
273.79,ETH-27SEP19,1559127542160,open,0.44,400.0,0.414,0.493,0.453879,97.95,0.383,0.0,ETH-27SEP19-160-C,269.17,0.0,0.38,1.0,0.57,1.0,189.2,0.29324,-0.11881,0.39684,0.00121,0.89156
269.17,index_price,1559127542170,open,0.22,42.0,0.157,0.253,0.205065,112.26,0.215,0,ETH-7JUN19-320-P,269.17,58.95,0.19,50.0,0.198,50.0,93.52,0.11163,-0.70591,-0.06684,0.00564,-0.8161
8849.63,BTC-27SEP19,1559127542178,open,0.21,36.0,0.149,0.2445,0.19683662,85.11,0.202,0.0,BTC-27DEC19-8000-P,8664.1,82.59,0.19,14.8,0.199,6.4,85.91,23.97316,-4.8148,-26.32714,6e-05,-0.31566
273.79,ETH-27SEP19,1559127542186,open,0.2,1726.0,0.145,0.239,0.192059,97.96,0.195,0.0,ETH-27SEP19-260-P,269.17,94.66,0.185,40.0,0.195,80.0,99.33,0.58621,-0.23753,-0.49545,0.00241,-0.35438
273.01,ETH-28JUN19,1559127542186,open,0.31,588.0,0.278,0.357,0.317489,104.27,0.336,0.0,ETH-28JUN19-190-C,269.17,0.0,0.011,10.0,0.6,23.0,486.81,0.12287,-0.21443,0.13324,0.00193,0.91375
8776.05,BTC-28JUN19,1559127542191,open,0.31,25.8,0.237,0.3395,0.28807433,95.26,0.3,0.0,BTC-28JUN19-11000-P,8664.1,0.0,0.002,1.0,0.725,1.0,500.0,7.88119,-12.56496,-7.49763,0.00013,-0.75568
8849.63,BTC-27SEP19,1559127542191,open,0.08,127.0,0.046,0.1255,0.08562556,91.86,0.0865,0.0,BTC-27SEP19-13000-C,8664.1,89.6,0.081,23.6,0.0895,13.6,93.73,18.25015,-6.93444,6.91591,8e-05,0.32161
8849.63,BTC-27SEP19,1559127542191,open,0.14,140.1,0.103,0.1825,0.14255205,89.25,0.1375,0.0,BTC-27DEC19-13000-C,8664.1,87.54,0.1375,20.0,0.1475,10.0,90.92,26.22289,-5.523,13.7784,6e-05,0.41077
8849.63,BTC-27SEP19,1559127542191,open,0.12,149.4,0.086,0.1655,0.12565611,89.99,0.128,0.0,BTC-27DEC19-14000-C,8664.1,88.2,0.1205,20.0,0.1305,10.0,91.67,25.50535,-5.41664,12.66288,6e-05,0.37216
273.01,ETH-28JUN19,1559127542200,open,0.26,16.0,0.188,0.286,0.236833,108.35,0.219,0.0,ETH-28JUN19-320-P,269.17,103.81,0.232,120.0,0.242,120.0,113.15,0.29233,-0.5301,-0.19584,0.00442,-0.63958
8776.11,BTC-28JUN19,1559127542215,open,0.0,685.1,0.0005,0.04,3.103e-05,135.0,0.001,0.0,BTC-28JUN19-2500-P,8664.1,0.0,0.0,0.0,0.001,10.0,189.98,0.02658,-0.06006,-0.00228,0.0,-0.00029
273.79,ETH-27SEP19,1559127542240,open,0.06,4774.0,0.017,0.101,0.059197,97.95,0.048,0.0,ETH-27SEP19-180-P,269.17,92.57,0.052,50.0,0.058,106.0,97.06,0.37137,-0.15047,-0.19192,0.00153,-0.15247
273.01,ETH-28JUN19,1559127542248,open,0.15,244.0,0.089,0.178,0.133376,104.32,0.125,0.0,ETH-28JUN19-280-P,269.17,100.48,0.129,200.0,0.138,200.0,108.38,0.31095,-0.5429,-0.13579,0.00489,-0.47428
273.79,ETH-27SEP19,1559127542248,open,0.41,31.0,0.338,0.449,0.393683,100.76,0.368,0.0,ETH-27SEP19-340-P,269.17,97.4,0.386,30.0,0.403,30.0,104.83,0.62637,-0.26107,-0.84051,0.0025,-0.53331
273.79,ETH-27SEP19,1559127542250,open,0.73,0.0,0.639,0.774,0.70643,108.56,None,0.0,ETH-27SEP19-440-P,269.17,0.0,0.06,20.0,0.0,0.0,0.0,0.5688,-0.25542,-1.25034,0.00211,-0.67257
273.79,ETH-27SEP19,1559127542320,open,0.25,353.0,0.187,0.285,0.235958,97.95,0.204,0.0,ETH-27SEP19-280-P,269.17,95.28,0.23,120.0,0.242,80.0,100.66,0.61042,-0.24732,-0.58059,0.00251,-0.40437
273.79,ETH-27SEP19,1559127542320,open,0.18,1452.0,0.15,0.229,0.189696,98.84,0.208,0.0,ETH-27SEP19-300-C,269.17,96.78,0.185,218.0,0.197,100.0,102.05,0.62378,-0.25504,0.32598,0.00254,0.54922
273.01,ETH-28JUN19,1559127542320,open,0.0,4769.0,0.001,0.04,0.000509,117.15,0.001,0.0,ETH-28JUN19-120-P,269.17,0.0,0.0,0.0,0.001,100.0,127.5,0.01007,-0.01973,-0.0011,0.00014,-0.00439
273.01,ETH-28JUN19,1559127542349,open,0.22,1595.0,0.191,0.27,0.230727,104.32,0.248,0.0,ETH-28JUN19-220-C,269.17,94.14,0.223,80.0,0.231,120.0,104.67,0.21295,-0.3718,0.12912,0.00335,0.80854
269.17,index_price,1559127542372,open,0.04,859.0,0.01,0.089,0.049832,105.85,0.058,0,ETH-31MAY19-260-C,269.17,98.56,0.048,150.0,0.058,30.0,137.37,0.06811,-1.92188,0.00885,0.01728,0.6896
8664.1,index_price,1559127542402,open,0.0,247.2,0.0005,0.0425,0.00241853,107.62,0.0025,0,BTC-31MAY19-7750-P,8664.1,103.01,0.002,5.0,0.003,5.0,113.41,0.82409,-20.95439,-0.03177,0.0002,-0.06893
8849.63,BTC-27SEP19,1559127542421,open,0.14,40.2,0.0925,0.183,0.13750878,85.2,0.133,0.0,BTC-27DEC19-7000-P,8664.1,82.91,0.132,20.0,0.14,6.4,86.24,21.26233,-4.27503,-19.72315,5e-05,-0.24643
269.17,index_price,1559127542475,open,0.32,100.0,0.292,0.371,0.33128,150.0,0.256,0,ETH-31MAY19-180-C,269.17,0.0,0.001,1.0,0.429,1.0,500.0,6e-05,-0.00229,0.00925,1e-05,0.99993
8664.1,index_price,1559127542533,open,0.47,20.2,0.441,0.5205,0.48061302,0.0,0.2355,0,BTC-31MAY19-4500-C,8664.1,0.0,0.007,1.0,0.4875,3.0,500.0,0.0,0.0,0.23125,0.0,1.0
8664.1,index_price,1559127542592,open,0.21,284.8,0.1815,0.261,0.22105282,134.6,0.2305,0,BTC-31MAY19-6750-C,8664.1,0.0,0.032,5.0,0.2515,3.1,422.51,0.07687,-2.75827,0.34495,1e-05,0.9958
8849.67,BTC-27SEP19,1559127542603,open,0.61,261.1,0.5715,0.651,0.61124095,96.7,0.52,0.0,BTC-27SEP19-3500-C,8664.1,0.0,0.161,1.0,0.619,0.5,114.74,3.06346,-1.22535,10.63509,1e-05,0.97412
269.17,index_price,1559127542634,open,0.21,2.0,0.181,0.26,0.220152,149.41,0.221,0,ETH-31MAY19-210-C,269.17,0.0,0.219,50.0,0.228,50.0,271.13,0.00463,-0.18434,0.01066,0.00083,0.99114
269.17,index_price,1559127542804,open,0.17,50.0,0.108,0.2,0.154153,126.14,0.235,0,ETH-31MAY19-310-P,269.17,0.0,0.144,50.0,0.154,50.0,124.42,0.02437,-0.81949,-0.01507,0.00519,-0.93532
273.01,ETH-28JUN19,1559127542831,open,0.13,2510.0,0.102,0.181,0.141163,104.32,0.139,0.0,ETH-28JUN19-260-C,269.17,98.65,0.135,200.0,0.142,188.0,105.09,0.29672,-0.51806,0.10763,0.00466,0.62279
273.01,ETH-28JUN19,1559127542854,open,0.04,5186.0,0.001,0.078,0.036559,104.32,0.036,0.0,ETH-28JUN19-220-P,269.17,94.37,0.029,240.0,0.034,160.0,101.01,0.21295,-0.3718,-0.05095,0.00335,-0.19146
273.79,ETH-27SEP19,1559127542943,open,0.06,897.0,0.018,0.097,0.057723,116.95,0.061,0.0,ETH-27SEP19-600-C,269.17,114.64,0.054,40.0,0.062,187.0,119.55,0.4457,-0.21562,0.13217,0.00154,0.20349
8664.1,index_price,1559127542996,open,0.0,83.5,0.0005,0.0405,0.00053285,124.03,0.0005,0,BTC-31MAY19-10500-C,8664.1,0.0,0.0,0.0,0.001,25.0,136.38,0.2635,-4.6167,0.00739,6e-05,0.01713
269.17,index_price,1559127543036,open,0.13,102.0,0.072,0.16,0.115885,109.35,0.108,0,ETH-7JUN19-290-P,269.17,86.78,0.103,150.0,0.111,150.0,100.93,0.1574,-0.96962,-0.04931,0.00817,-0.63753
8664.1,index_price,1559127543036,open,0.05,118.4,0.018,0.0975,0.05750935,97.43,0.0575,0,BTC-31MAY19-8250-C,8664.1,99.67,0.058,3.7,0.063,8.0,121.41,1.88972,-49.07889,0.31686,0.0005,0.76918
269.17,index_price,1559127543039,open,0.17,1.0,0.144,0.223,0.183216,134.4,0.113,0,ETH-31MAY19-220-C,269.17,0.0,0.182,50.0,0.191,50.0,233.06,0.00777,-0.2782,0.01107,0.00155,0.9839
269.17,index_price,1559127543047,open,0.17,50.0,0.108,0.2,0.154153,126.14,0.235,0,ETH-31MAY19-310-P,269.17,0.0,0.144,50.0,0.155,50.0,134.78,0.02437,-0.81949,-0.01507,0.00519,-0.93532
8849.67,BTC-27SEP19,1559127543148,open,1.54,0.0,1.409,1.609,1.50913227,101.82,None,0.0,BTC-27SEP19-22000-P,8663.35,0.0,0.0055,10.0,0.0,0.0,0.0,9.17167,-3.86286,-70.49881,3e-05,-0.89639
8776.11,BTC-28JUN19,1559127543149,open,0.41,10.0,0.333,0.4435,0.38828529,96.98,1.243,0.0,BTC-28JUN19-12000-P,8663.35,0.0,0.0005,1.0,0.8185,1.0,500.0,6.14248,-9.96925,-8.81358,0.0001,-0.83866
8776.11,BTC-28JUN19,1559127543149,open,0.13,78.2,0.074,0.163,0.11855744,91.37,0.113,0.0,BTC-28JUN19-9000-P,8663.35,86.94,0.1135,19.2,0.1225,4.3,94.83,10.0108,-15.30814,-4.34494,0.00017,-0.48631
8849.67,BTC-27SEP19,1559127543149,open,0.06,179.0,0.0115,0.095,0.05325785,88.85,0.053,0.0,BTC-27SEP19-6000-P,8663.35,86.83,0.0505,6.4,0.0565,13.8,91.2,12.12965,-4.45818,-6.10022,5e-05,-0.15489
8848.92,BTC-27SEP19,1559127543152,open,0.57,0.0,0.4925,0.6165,0.55461849,91.81,None,0.0,BTC-27SEP19-13000-P,8663.35,0.0,0.0065,0.1,1.288,0.3,499.95,18.24324,-6.92838,-36.13972,8e-05,-0.67862
8663.35,index_price,1559127543148,open,0.04,45.3,0.0005,0.0745,0.03318817,97.1,0.046,0,BTC-31MAY19-8750-P,8663.35,80.58,0.0285,24.0,0.0355,24.1,105.23,2.46314,-63.75573,-0.25655,0.00066,-0.54307
8848.92,BTC-27SEP19,1559127543153,open,0.12,545.9,0.0845,0.164,0.1244627,88.87,0.1225,0.0,BTC-27SEP19-11000-C,8663.35,87.78,0.122,10.0,0.126,15.0,89.55,20.02463,-7.36118,9.02966,9e-05,0.43259
8663.35,index_price,1559127543148,open,0.02,74.5,0.0005,0.063,0.0232737,97.41,0.019,0,BTC-31MAY19-8750-C,8663.35,91.17,0.0215,24.0,0.026,13.4,106.99,2.46329,-63.96151,0.19316,0.00066,0.45715
8663.35,index_price,1559127543148,open,0.23,8.0,0.164,0.2605,0.21243022,120.37,0.226,0,BTC-31MAY19-10500-P,8663.35,0.0,0.0,0.0,0.257,3.1,391.41,0.22763,-7.30391,-0.53334,5e-05,-0.98556
8775.36,BTC-28JUN19,1559127543156,open,0.57,30.0,0.534,0.6135,0.57390797,135.45,0.298,0.0,BTC-28JUN19-3750-C,8663.35,0.0,0.0015,4.0,0.759,3.0,500.0,0.57912,-1.31284,2.99961,1e-05,0.99152
8848.92,BTC-27SEP19,1559127543149,open,0.03,31.7,0.0005,0.074,0.03439736,102.47,0.035,0.0,BTC-27DEC19-30000-C,8663.35,101.55,0.033,1.0,0.035,10.0,102.86,13.51094,-3.26721,4.41289,3e-05,0.12031
8663.35,index_price,1559127543156,open,0.24,294.0,0.21,0.2895,0.24981343,148.89,0.259,0,BTC-31MAY19-6500-C,8663.35,0.0,0.018,5.0,0.2695,3.0,395.28,0.05724,-2.27169,0.33264,1e-05,0.99698
273.01,ETH-28JUN19,1559127543113,open,0.03,2395.0,0.001,0.065,0.025275,116.85,0.001,0.0,ETH-28JUN19-400-C,269.17,113.58,0.023,260.0,0.027,308.0,119.25,0.19365,-0.3787,0.03115,0.00272,0.16468
8663.35,index_price,1559127543221,open,0.41,80.9,0.383,0.4625,0.42290601,254.29,0.436,0,BTC-31MAY19-5000-C,8663.35,280.41,0.423,1.0,0.45,3.0,500.0,0.01989,-1.34817,0.2565,0.0,0.99905
269.17,index_price,1559127543219,open,0.1,2.0,0.048,0.134,0.09111,109.09,0.087,0,ETH-7JUN19-280-P,269.17,87.66,0.078,150.0,0.087,150.0,102.4,0.16566,-1.01802,-0.04251,0.00862,-0.55837
8848.92,BTC-27SEP19,1559127543227,open,0.73,0.0,0.6395,0.7755,0.7076484,89.96,None,0.0,BTC-27DEC19-14000-P,8663.35,0.0,0.0075,3.0,1.5115,0.2,500.0,25.49902,-5.41317,-68.60928,6e-05,-0.62804
269.17,index_price,1559127543226,open,0.05,349.0,0.011,0.09,0.050875,109.09,0.055,0,ETH-7JUN19-280-C,269.17,104.41,0.048,93.0,0.054,117.0,114.16,0.16566,-1.01802,0.02558,0.00862,0.44163
273.79,ETH-27SEP19,1559127543233,open,0.3,36.0,0.235,0.336,0.285427,98.86,0.345,0.0,ETH-27SEP19-300-P,269.17,96.03,0.279,30.0,0.294,30.0,102.61,0.62377,-0.25507,-0.66752,0.00254,-0.45076
273.01,ETH-28JUN19,1559127543250,open,0.04,2285.0,0.001,0.079,0.039982,112.86,0.042,0.0,ETH-28JUN19-360-C,269.17,109.5,0.037,260.0,0.043,397.0,116.2,0.24471,-0.4622,0.04547,0.00355,0.24346
269.17,index_price,1559127543256,open,0.22,42.0,0.157,0.253,0.205065,112.26,0.215,0,ETH-7JUN19-320-P,269.17,66.07,0.191,50.0,0.198,50.0,93.52,0.11163,-0.70591,-0.06684,0.00564,-0.8161
8663.35,index_price,1559127543263,open,0.09,35.8,0.063,0.1425,0.10274045,94.36,0.107,0,BTC-7JUN19-8000-C,8663.35,99.68,0.1055,4.0,0.111,13.0,110.08,4.46109,-23.71466,1.32289,0.00026,0.7307
273.01,ETH-28JUN19,1559127543262,open,0.26,16.0,0.188,0.286,0.236833,108.35,0.219,0.0,ETH-28JUN19-320-P,269.17,103.81,0.232,120.0,0.243,120.0,114.08,0.29233,-0.5301,-0.19584,0.00442,-0.63958
273.79,ETH-27SEP19,1559127543268,open,0.54,33.0,0.454,0.574,0.51362,103.7,0.52,0.0,ETH-27SEP19-380-P,269.17,99.35,0.504,30.0,0.522,30.0,107.45,0.60908,-0.26126,-1.00888,0.00237,-0.59908
273.79,ETH-27SEP19,1559127543273,open,0.54,33.0,0.454,0.574,0.51362,103.7,0.52,0.0,ETH-27SEP19-380-P,269.17,99.35,0.504,30.0,0.523,30.0,107.9,0.60908,-0.26126,-1.00888,0.00237,-0.59908
269.17,index_price,1559127543320,open,0.0,270.0,0.001,0.042,0.002107,106.59,0.009,0,ETH-7JUN19-200-P,269.17,94.04,0.001,120.0,0.003,300.0,114.01,0.02914,-0.17495,-0.00215,0.00155,-0.03073
269.17,index_price,1559127543377,open,0.16,2.0,0.098,0.189,0.143591,110.25,0.138,0,ETH-7JUN19-300-P,269.17,83.27,0.13,150.0,0.138,150.0,99.61,0.14436,-0.89659,-0.05568,0.00743,-0.70705
269.17,index_price,1559127543664,open,0.02,837.0,0.001,0.068,0.028795,105.85,0.023,0,ETH-31MAY19-270-C,269.17,96.08,0.026,150.0,0.035,113.0,127.55,0.07698,-2.17208,0.0065,0.01953,0.49895
273.8,ETH-27SEP19,1559127543733,open,1.29,0.0,1.16,1.339,1.249184,117.0,None,0.0,ETH-27SEP19-600-P,269.17,0.0,0.0,0.0,0.0,0.0,0.0,0.44596,-0.21583,-1.85473,0.00154,-0.79632
269.17,index_price,1559127543775,open,0.21,0.0,0.184,0.263,0.223723,103.97,None,0,ETH-7JUN19-210-C,269.17,120.39,0.227,50.0,0.233,50.0,143.21,0.04566,-0.26744,0.04731,0.00249,0.94653
269.17,index_price,1559127544050,open,0.25,0.0,0.178,0.276,0.226993,143.15,None,0,ETH-31MAY19-330-P,269.17,0.0,0.0,0.0,0.292,2.0,485.47,0.01186,-0.45249,-0.01661,0.00222,-0.97345
269.17,index_price,1559127544110,open,0.28,0.0,0.214,0.314,0.263686,146.75,None,0,ETH-31MAY19-340-P,269.17,0.0,0.0,0.0,0.336,2.0,500.0,0.00734,-0.28714,-0.01727,0.00134,-0.98492
8849.67,BTC-27SEP19,1559127544135,open,0.12,149.4,0.086,0.1655,0.12566244,89.99,0.128,0.0,BTC-27DEC19-14000-C,8663.35,88.2,0.1205,20.0,0.1305,16.4,91.67,25.50565,-5.41679,12.66311,6e-05,0.37217
8848.92,BTC-27SEP19,1559127544136,open,0.38,3.2,0.313,0.422,0.3675274,88.83,0.481,0.0,BTC-27SEP19-11000-P,8663.35,84.41,0.3575,4.8,0.3735,4.8,91.49,20.02347,-7.35711,-27.39961,9e-05,-0.56754
8849.67,BTC-27SEP19,1559127544138,open,0.3,5.7,0.2345,0.337,0.28557875,88.73,0.334,0.0,BTC-27SEP19-10000-P,8663.35,84.34,0.2755,4.8,0.2905,4.8,90.87,20.31443,-7.45622,-22.83629,9e-05,-0.49362
8848.92,BTC-27SEP19,1559127544149,open,0.29,126.1,0.253,0.3325,0.29280031,85.11,0.325,0.0,BTC-27DEC19-8000-C,8663.35,83.33,0.288,5.0,0.3055,4.8,89.8,23.97249,-4.81507,20.10836,6e-05,0.6843
8848.92,BTC-27SEP19,1559127544160,open,0.27,0.3,0.214,0.3145,0.26410187,84.78,0.3155,0.0,BTC-27DEC19-9000-P,8663.35,80.3,0.251,6.4,0.2675,6.4,85.96,25.73794,-5.14912,-33.25367,7e-05,-0.38333
8663.35,index_price,1559127544177,open,0.09,3.0,0.0325,0.118,0.07545864,102.14,0.0715,0,BTC-31MAY19-9250-P,8663.35,69.62,0.07,8.0,0.077,8.0,110.08,1.71421,-46.6713,-0.39178,0.00044,-0.80464
8849.0,BTC-27SEP19,1559127544398,open,0.48,13.5,0.4455,0.525,0.48529526,91.65,0.382,0.0,BTC-27SEP19-4750-C,8663.35,0.0,0.0115,0.1,0.7235,5.0,299.21,7.16884,-2.71772,12.90133,3e-05,0.92554
273.01,ETH-28JUN19,1559127544439,open,0.06,2053.0,0.025,0.104,0.064715,108.35,0.077,0.0,ETH-28JUN19-320-C,269.17,105.81,0.062,240.0,0.067,228.0,110.48,0.29233,-0.5301,0.06608,0.00442,0.36042
273.01,ETH-28JUN19,1559127544457,open,0.13,2510.0,0.102,0.181,0.141163,104.32,0.139,0.0,ETH-28JUN19-260-C,269.17,98.65,0.135,200.0,0.142,189.0,105.09,0.29672,-0.51806,0.10763,0.00466,0.62279
8663.35,index_price,1559127544468,open,0.03,741.2,0.0005,0.0775,0.03799895,97.28,0.0385,0,BTC-31MAY19-8500-C,8663.35,93.61,0.037,4.5,0.043,33.7,115.51,2.36294,-61.27227,0.25951,0.00063,0.6209
273.01,ETH-28JUN19,1559127544479,open,0.08,2785.0,0.044,0.123,0.083216,106.14,0.092,0.0,ETH-28JUN19-300-C,269.17,103.28,0.08,200.0,0.086,221.0,108.61,0.30771,-0.54659,0.07905,0.00475,0.43698
273.01,ETH-28JUN19,1559127544487,open,0.07,5933.0,0.019,0.103,0.061139,104.32,0.064,0.0,ETH-28JUN19-240-P,269.17,95.82,0.053,240.0,0.059,85.0,102.1,0.26321,-0.45954,-0.07637,0.00414,-0.28062
8663.35,index_price,1559127544493,open,0.59,0.0,0.556,0.6355,0.59599924,125.0,None,0,BTC-31MAY19-3500-C,8663.35,0.0,0.007,0.2,0.626,5.0,500.0,0.0,0.0,0.17986,0.0,1.0
273.01,ETH-28JUN19,1559127544493,open,0.1,2549.0,0.05,0.137,0.093509,104.32,0.094,0.0,ETH-28JUN19-260-P,269.17,98.33,0.087,240.0,0.094,192.0,104.77,0.29672,-0.51806,-0.10519,0.00466,-0.37721
8849.0,BTC-27SEP19,1559127544554,open,1.32,0.0,1.197,1.3795,1.28838859,98.81,None,0.0,BTC-27SEP19-20000-P,8663.35,0.0,0.0055,10.0,2.0405,0.2,500.0,10.49064,-4.28788,-63.39395,4e-05,-0.87487
8775.57,BTC-28JUN19,1559127544604,open,0.18,179.8,0.1465,0.226,0.18633378,91.9,0.205,0.0,BTC-28JUN19-7500-C,8663.35,86.9,0.182,5.0,0.189,4.1,94.93,7.67959,-11.81118,4.17058,0.00013,0.76696
8849.08,BTC-27SEP19,1559127544725,open,1.1,1.0,0.989,1.1545,1.07175074,97.14,1.5815,0.0,BTC-27SEP19-18000-P,8663.35,0.0,0.0065,0.1,1.824,0.3,500.0,12.43712,-4.99756,-55.99708,5e-05,-0.83908
273.8,ETH-27SEP19,1559127544877,open,0.0,174.0,0.001,0.041,0.00113,115.34,0.002,0.0,ETH-27SEP19-60-P,269.17,0.0,0.0,0.0,0.002,118.0,124.9,0.02037,-0.00972,-0.00502,7e-05,-0.00441
273.8,ETH-27SEP19,1559127544897,open,0.34,1738.0,0.315,0.394,0.354786,97.94,0.307,0.0,ETH-27SEP19-200-C,269.17,0.0,0.182,10.0,0.583,4.0,238.18,0.44206,-0.17909,0.40304,0.00182,0.79929
8775.57,BTC-28JUN19,1559127544902,open,0.05,174.7,0.0005,0.0825,0.04097609,91.89,0.045,0.0,BTC-28JUN19-7500-P,8663.35,88.47,0.038,25.6,0.0435,19.3,94.76,7.6795,-11.81059,-1.9682,0.00013,-0.23304
273.02,ETH-28JUN19,1559127544929,open,0.28,2170.0,0.247,0.326,0.286896,104.28,0.298,0.0,ETH-28JUN19-200-C,269.17,0.0,0.252,80.0,0.316,80.0,148.54,0.15308,-0.26716,0.13331,0.00241,0.88344
273.8,ETH-27SEP19,1559127544929,open,0.16,405.0,0.13,0.209,0.169594,99.88,0.172,0.0,ETH-27SEP19-320-C,269.17,98.31,0.166,222.0,0.177,100.0,103.1,0.62851,-0.25966,0.30541,0.00253,0.50642
273.8,ETH-27SEP19,1559127545016,open,0.57,147.0,0.534,0.613,0.573256,97.92,0.45,0.0,ETH-27SEP19-120-C,269.17,0.0,0.036,1.0,0.0,0.0,0.0,0.13698,-0.05548,0.35028,0.00056,0.95956
273.02,ETH-28JUN19,1559127545028,open,0.59,10.0,0.559,0.638,0.598048,139.03,0.265,0.0,ETH-28JUN19-110-C,269.17,0.0,0.027,1.0,0.0,0.0,0.0,0.01424,-0.03313,0.08837,0.00017,0.99351
273.02,ETH-28JUN19,1559127545028,open,0.48,335.0,0.449,0.528,0.488226,105.5,0.481,0.0,ETH-28JUN19-140-C,269.17,0.0,0.021,3.0,0.6,2.0,370.23,0.01907,-0.03367,0.11235,0.0003,0.99096
273.8,ETH-27SEP19,1559127545053,open,1.15,0.0,1.026,1.193,1.109555,114.55,None,0.0,ETH-27SEP19-560-P,269.17,0.0,0.0,0.0,0.0,0.0,0.0,0.47241,-0.22385,-1.7089,0.00166,-0.77512
273.8,ETH-27SEP19,1559127545064,open,0.2,886.0,0.174,0.253,0.213277,97.94,0.213,0.0,ETH-27SEP19-280-C,269.17,95.58,0.208,195.0,0.22,80.0,100.96,0.61044,-0.24731,0.3467,0.00251,0.59564
273.02,ETH-28JUN19,1559127545072,open,0.66,0.0,0.631,0.71,0.670712,149.46,None,0.0,ETH-28JUN19-90-C,269.17,0.0,0.002,5.0,0.0,0.0,0.0,0.00603,-0.01508,0.07303,7e-05,0.99752
273.8,ETH-27SEP19,1559127545080,open,0.0,1723.0,0.001,0.042,0.002414,104.92,0.003,0.0,ETH-27SEP19-80-P,269.17,92.62,0.001,102.0,0.004,50.0,113.96,0.04071,-0.01767,-0.01094,0.00016,-0.00965
273.8,ETH-27SEP19,1559127545090,open,0.15,546.0,0.112,0.191,0.151857,100.76,0.138,0.0,ETH-27SEP19-340-C,269.17,99.51,0.149,225.0,0.158,113.0,103.44,0.6264,-0.26107,0.28548,0.0025,0.4667
8849.08,BTC-27SEP19,1559127545129,open,0.04,124.3,0.0005,0.0775,0.03777659,97.24,0.041,0.0,BTC-27SEP19-18000-C,8663.33,94.87,0.0345,21.4,0.0405,21.4,99.14,12.45605,-5.01013,3.61989,5e-05,0.1613
8775.57,BTC-28JUN19,1559127545129,open,0.03,498.6,0.0005,0.0745,0.03463206,95.24,0.035,0.0,BTC-28JUN19-11000-C,8663.33,91.71,0.0315,10.0,0.037,43.5,97.85,7.87846,-12.55773,1.50519,0.00013,0.24418
8775.57,BTC-28JUN19,1559127545129,open,0.0,517.5,0.0005,0.041,0.00132284,127.09,0.005,0.0,BTC-28JUN19-4000-P,8663.33,112.07,0.0005,5.7,0.0025,25.5,139.96,0.64427,-1.3704,-0.07828,1e-05,-0.00958
8849.08,BTC-27SEP19,1559127545130,open,0.06,71.7,0.02,0.0995,0.05964668,93.77,0.062,0.0,BTC-27SEP19-15000-C,8663.33,91.42,0.0555,20.7,0.0635,20.7,95.9,15.80982,-6.13222,5.26816,7e-05,0.23942
8775.57,BTC-28JUN19,1559127545129,open,0.62,0.1,0.5905,0.67,0.63004669,135.89,0.395,0.0,BTC-28JUN19-3250-C,8663.33,0.0,0.0015,1.4,0.7805,2.0,500.0,0.22866,-0.52001,2.6359,0.0,0.99702
8775.57,BTC-28JUN19,1559127545130,open,0.0,137.0,0.0005,0.041,0.0012072,134.94,0.0025,0.0,BTC-28JUN19-3750-P,8663.33,120.64,0.0005,5.2,0.002,5.9,145.22,0.56865,-1.28423,-0.06832,1e-05,-0.0083
8849.08,BTC-27SEP19,1559127545130,open,0.0,332.8,0.0005,0.0425,0.00270634,109.59,0.002,0.0,BTC-27SEP19-2500-P,8663.33,104.63,0.002,0.1,0.0035,15.0,114.29,1.37879,-0.62505,-0.3777,0.0,-0.01018
8775.57,BTC-28JUN19,1559127545130,open,0.32,1826.5,0.285,0.3645,0.32495831,96.31,0.337,0.0,BTC-28JUN19-6000-C,8663.33,83.72,0.321,4.3,0.3265,3.9,100.42,3.16651,-5.10412,4.38506,5e-05,0.93544
8775.57,BTC-28JUN19,1559127545130,open,1.32,0.4,1.1895,1.3715,1.28046068,120.12,5.076,0.0,BTC-28JUN19-20000-P,8663.33,0.0,0.0,0.0,1.61,2.0,499.67,0.84217,-1.69298,-16.28675,1e-05,-0.98697
8775.57,BTC-28JUN19,1559127545130,open,0.83,33.8,0.7895,0.869,0.82908153,175.09,0.7145,0.0,BTC-28JUN19-1500-C,8663.33,0.0,0.002,0.4,0.8735,2.0,500.0,0.008,-0.02343,1.22712,0.0,0.99992
8849.08,BTC-27SEP19,1559127545130,open,0.48,6.1,0.4015,0.5175,0.45949796,90.71,1.781,0.0,BTC-27SEP19-12000-P,8663.33,0.0,0.0105,0.1,1.182,0.3,500.0,19.28641,-7.23692,-31.82389,8e-05,-0.62645
8849.08,BTC-27SEP19,1559127545130,open,0.72,55.9,0.6805,0.76,0.72020993,109.71,0.689,0.0,BTC-27SEP19-2500-C,8663.33,0.0,0.0065,0.1,0.9575,5.0,500.0,1.38474,-0.62844,7.89943,0.0,0.98977
8775.57,BTC-28JUN19,1559127545130,open,0.77,20.1,0.7325,0.812,0.77211133,151.49,0.578,0.0,BTC-28JUN19-2000-C,8663.33,0.0,0.0035,1.0,0.8435,1.0,500.0,0.01384,-0.03509,1.63588,0.0,0.99986
8849.08,BTC-27SEP19,1559127545130,open,0.02,135.2,0.0005,0.0625,0.02203843,91.6,0.02,0.0,BTC-27SEP19-4750-P,8663.33,89.03,0.02,18.0,0.024,15.0,93.98,7.16364,-2.71429,-2.8258,3e-05,-0.07439
8775.57,BTC-28JUN19,1559127545131,open,0.03,631.7,0.0005,0.0665,0.0258944,92.83,0.026,0.0,BTC-28JUN19-7000-P,8663.33,89.38,0.0235,25.6,0.028,43.1,95.79,6.17255,-9.5901,-1.35372,0.00011,-0.16257
8849.08,BTC-27SEP19,1559127545129,open,0.44,13.1,0.3675,0.481,0.42408298,85.82,0.413,0.0,BTC-27DEC19-11000-P,8663.33,79.86,0.406,4.8,0.4265,4.8,86.61,26.89644,-5.44687,-47.58803,7e-05,-0.50234
8663.33,index_price,1559127545129,open,0.44,42.8,0.412,0.4915,0.45171325,215.0,0.251,0,BTC-31MAY19-4750-C,8663.33,0.0,0.0055,1.0,0.463,3.0,500.0,0.00091,-0.05238,0.24408,0.0,0.99996
8849.08,BTC-27SEP19,1559127545132,open,0.46,793.5,0.422,0.5015,0.46189314,90.99,0.4755,0.0,BTC-27SEP19-5000-C,8663.33,0.0,0.1105,2.0,0.715,5.0,299.27,8.14454,-3.06539,13.18528,3e-05,0.91182
8849.06,BTC-27SEP19,1559127545130,open,0.0,102.1,0.0005,0.042,0.00196364,109.86,0.002,0.0,BTC-27DEC19-1500-P,8663.33,105.69,0.0015,100.0,0.0025,0.1,113.95,1.0711,-0.27768,-0.38637,0.0,-0.00556
8849.06,BTC-27SEP19,1559127545130,open,0.31,80.7,0.279,0.3585,0.31859536,85.19,0.3235,0.0,BTC-27DEC19-7500-C,8663.33,79.13,0.303,5.0,0.344,0.1,95.1,22.7411,-4.57172,20.55893,6e-05,0.71883
8663.33,index_price,1559127545130,open,0.07,655.7,0.0415,0.121,0.08133589,100.99,0.084,0,BTC-31MAY19-8000-C,8663.33,95.2,0.0805,8.0,0.087,8.0,133.51,1.29878,-34.96283,0.35206,0.00033,0.87214
8663.33,index_price,1559127545129,open,0.04,174.3,0.005,0.0845,0.04471962,98.23,0.039,0,BTC-7JUN19-9000-C,8663.33,92.97,0.0415,28.8,0.0475,10.0,102.76,5.3101,-29.38451,0.81502,0.0003,0.4316
8663.33,index_price,1559127545130,open,0.0,100.0,0.0005,0.04,7.87e-06,135.0,0.001,0,BTC-31MAY19-6250-P,8663.33,0.0,0.0,0.0,0.001,10.3,222.15,0.00709,-0.06819,-0.00014,0.0,-0.00031
8663.33,index_price,1559127545130,open,0.56,0.0,0.5275,0.607,0.56714204,292.33,None,0,BTC-31MAY19-3750-C,8663.33,0.0,0.0055,0.1,0.595,5.0,500.0,0.00055,-0.04312,0.1927,0.0,0.99998
8849.06,BTC-27SEP19,1559127545136,open,0.01,42.8,0.0005,0.049,0.00871507,95.21,0.0115,0.0,BTC-27SEP19-3750-P,8663.33,90.91,0.007,23.0,0.01,15.0,98.15,3.73189,-1.46977,-1.21711,2e-05,-0.03282
8849.06,BTC-27SEP19,1559127545129,open,0.35,1.1,0.286,0.393,0.33948152,84.8,0.357,0.0,BTC-27DEC19-10000-P,8663.33,80.0,0.325,4.8,0.344,4.8,86.3,26.65725,-5.33442,-40.38854,7e-05,-0.44679
8663.33,index_price,1559127545130,open,0.0,267.9,0.0005,0.044,0.00410584,104.33,0.003,0,BTC-31MAY19-9500-C,8663.33,99.86,0.0035,1.9,0.005,37.3,110.46,1.21286,-33.73191,0.04981,0.0003,0.116
8663.33,index_price,1559127545130,open,0.17,8.0,0.11,0.202,0.15600774,118.56,0.167,0,BTC-31MAY19-10000-P,8663.33,0.0,0.0,0.0,0.201,0.1,347.39,0.63957,-20.21327,-0.49243,0.00014,-0.95009
8663.33,index_price,1559127545131,open,0.0,431.2,0.0005,0.04,0.00041722,134.82,0.0005,0,BTC-31MAY19-7000-P,8663.33,0.0,0.0,0.0,0.001,11.0,153.74,0.19529,-3.61452,-0.00557,4e-05,-0.01209
8849.06,BTC-27SEP19,1559127545131,open,0.18,299.6,0.141,0.2205,0.18099343,85.81,0.1945,0.0,BTC-27DEC19-11000-C,8663.33,85.65,0.1805,20.0,0.1925,10.0,89.59,26.89637,-5.4464,16.26484,7e-05,0.49763
8849.06,BTC-27SEP19,1559127545130,open,0.05,24.6,0.01,0.0895,0.04961036,98.14,0.055,0.0,BTC-27DEC19-24000-C,8663.33,96.76,0.047,10.0,0.0515,16.4,99.12,16.95672,-3.92702,6.10111,4e-05,0.16838
8849.06,BTC-27SEP19,1559127545131,open,0.83,0.0,0.7925,0.872,0.83245143,109.83,None,0.0,BTC-27DEC19-1500-C,8663.33,0.0,0.0225,10.0,0.992,0.5,500.0,1.07017,-0.27738,8.32127,0.0,0.99445
8849.06,BTC-27SEP19,1559127545131,open,0.62,4.0,0.582,0.6615,0.62178076,90.65,0.59,0.0,BTC-27DEC19-3500-C,8663.33,0.0,0.0065,1.1,0.996,1.0,500.0,6.46789,-1.38368,17.0817,2e-05,0.95432
273.02,ETH-28JUN19,1559127545140,open,0.8,0.0,0.699,0.839,0.768791,123.1,None,0.0,ETH-28JUN19-480-P,269.19,0.0,0.0,0.0,0.0,0.0,0.0,0.11274,-0.23227,-0.37808,0.0015,-0.92306
8663.33,index_price,1559127545132,open,0.0,390.1,0.0005,0.04,0.0,135.0,0.0005,0,BTC-31MAY19-4250-P,8663.33,0.0,0.0,0.0,0.002,30.0,493.26,0.0,0.0,0.0,0.0,0.0
8663.33,index_price,1559127545129,open,0.01,87.6,0.0005,0.0455,0.00548854,99.89,0.0075,0,BTC-7JUN19-7000-P,8663.33,95.16,0.0045,40.3,0.0065,3.8,104.34,1.89331,-10.65444,-0.16751,0.0001,-0.07402
273.8,ETH-27SEP19,1559127545140,open,0.07,42.0,0.033,0.112,0.072592,112.18,0.078,0.0,ETH-27SEP19-520-C,269.19,109.09,0.067,45.0,0.077,183.0,114.56,0.50192,-0.2329,0.16191,0.0018,0.25115
273.8,ETH-27SEP19,1559127545140,open,1.01,0.0,0.893,1.05,0.971858,112.21,None,0.0,ETH-27SEP19-520-P,269.19,0.0,0.0,0.0,0.0,0.0,0.0,0.50207,-0.23305,-1.56009,0.0018,-0.74871
273.02,ETH-28JUN19,1559127545140,open,0.87,0.0,0.767,0.913,0.839828,123.72,None,0.0,ETH-28JUN19-500-P,269.19,0.0,0.0,0.0,0.0,0.0,0.0,0.09631,-0.19942,-0.39713,0.00128,-0.93729
273.02,ETH-28JUN19,1559127545140,open,0.0,3083.0,0.001,0.04,0.000829,150.0,0.001,0.0,ETH-28JUN19-100-P,269.19,0.0,0.0,0.0,0.002,270.0,169.4,0.01192,-0.02991,-0.00137,0.00013,-0.00531
273.02,ETH-28JUN19,1559127545140,open,0.66,0.0,0.563,0.693,0.627972,120.37,None,0.0,ETH-28JUN19-440-P,269.19,0.0,0.0,0.0,0.0,0.0,0.0,0.14921,-0.3006,-0.33867,0.00203,-0.88754
273.8,ETH-27SEP19,1559127545140,open,0.27,2039.0,0.236,0.315,0.275443,97.94,0.268,0.0,ETH-27SEP19-240-C,269.19,93.25,0.266,30.0,0.277,80.0,98.72,0.55036,-0.22297,0.38217,0.00226,0.69693
273.02,ETH-28JUN19,1559127545140,open,0.0,2026.0,0.001,0.04,0.00037,150.0,0.001,0.0,ETH-28JUN19-90-P,269.19,0.0,0.0,0.0,0.001,120.0,168.86,0.00618,-0.0155,-0.00065,7e-05,-0.00255
273.8,ETH-27SEP19,1559127545140,open,0.63,0.0,0.6,0.679,0.639636,97.91,None,0.0,ETH-27SEP19-100-C,269.19,0.0,0.003,10.0,0.0,0.0,0.0,0.07388,-0.02992,0.30929,0.0003,0.98074
273.02,ETH-28JUN19,1559127545140,open,0.01,0.0,0.001,0.05,0.010678,123.1,None,0.0,ETH-28JUN19-480-C,269.19,116.11,0.008,200.0,0.012,200.0,126.21,0.11274,-0.23227,0.01481,0.0015,0.07694
273.02,ETH-28JUN19,1559127545140,open,0.0,1541.0,0.001,0.04,0.000141,150.0,0.001,0.0,ETH-28JUN19-80-P,269.19,0.0,0.0,0.0,0.001,134.0,185.89,0.00276,-0.00692,-0.00027,3e-05,-0.00105
269.19,index_price,1559127545140,open,0.0,216.0,0.001,0.041,0.00183,139.14,0.001,0,ETH-31MAY19-320-C,269.19,0.0,0.0,0.0,0.002,171.0,141.52,0.01866,-0.49273,0.00061,0.0036,0.04613
269.19,index_price,1559127545140,open,0.0,756.0,0.001,0.041,0.001711,131.42,0.004,0,ETH-31MAY19-230-P,269.19,118.89,0.001,112.0,0.003,120.0,148.18,0.01762,-0.46056,-0.00062,0.0036,-0.04297
269.19,index_price,1559127545140,open,0.08,6.0,0.024,0.108,0.066262,104.03,0.077,0,ETH-7JUN19-270-P,269.19,89.12,0.057,150.0,0.065,241.0,102.0,0.16714,-0.97953,-0.03543,0.00912,-0.47504
273.8,ETH-27SEP19,1559127545141,open,0.5,191.0,0.472,0.551,0.511136,97.93,0.5,0.0,ETH-27SEP19-140-C,269.19,0.0,0.044,1.0,0.0,0.0,0.0,0.21274,-0.08618,0.37934,0.00088,0.92949
269.19,index_price,1559127545140,open,0.12,39.0,0.09,0.169,0.129928,103.86,0.128,0,ETH-7JUN19-240-C,269.19,108.37,0.132,50.0,0.138,50.0,120.97,0.12261,-0.71738,0.04289,0.0067,0.78514
273.8,ETH-27SEP19,1559127545141,open,0.01,3443.0,0.001,0.045,0.004879,97.96,0.005,0.0,ETH-27SEP19-100-P,269.19,90.01,0.003,150.0,0.007,170.0,105.02,0.074,-0.02998,-0.02192,0.0003,-0.01929
273.8,ETH-27SEP19,1559127545141,open,0.87,0.0,0.763,0.909,0.836164,109.7,None,0.0,ETH-27SEP19-480-P,269.19,0.0,0.0,0.0,0.0,0.0,0.0,0.53325,-0.24198,-1.40819,0.00196,-0.71687
273.8,ETH-27SEP19,1559127545141,open,0.78,0.0,0.742,0.821,0.781984,115.23,0.01,0.0,ETH-27SEP19-60-C,269.19,0.0,0.003,10.0,0.0,0.0,0.0,0.02027,-0.00966,0.19371,7e-05,0.99561
269.19,index_price,1559127545140,open,0.01,422.0,0.001,0.048,0.008536,114.99,0.005,0,ETH-31MAY19-290-C,269.19,106.96,0.007,81.0,0.01,231.0,122.24,0.05309,-1.62738,0.00257,0.0124,0.19431
269.19,index_price,1559127545140,open,0.0,1139.0,0.001,0.04,0.000329,149.45,0.002,0,ETH-31MAY19-210-P,269.19,0.0,0.0,0.0,0.001,220.0,175.21,0.00463,-0.08843,-0.00013,0.00083,-0.00886
273.82,ETH-27SEP19,1559127545142,open,0.12,1188.0,0.086,0.165,0.125694,103.68,0.124,0.0,ETH-27SEP19-380-C,269.19,102.02,0.122,230.0,0.128,116.0,104.72,0.60916,-0.26126,0.2496,0.00237,0.40095
273.82,ETH-27SEP19,1559127545142,open,0.02,7561.0,0.001,0.063,0.022477,97.96,0.02,0.0,ETH-27SEP19-140-P,269.19,90.52,0.017,200.0,0.023,158.0,98.63,0.21281,-0.08623,-0.08434,0.00087,-0.07053
269.19,index_price,1559127545140,open,0.0,899.0,0.001,0.041,0.001002,143.11,0.001,0,ETH-31MAY19-330-C,269.19,0.0,0.0,0.0,0.001,170.0,143.07,0.01186,-0.26968,0.00035,0.00223,0.02655
269.19,index_price,1559127545140,open,0.02,515.0,0.001,0.053,0.013189,104.0,0.012,0,ETH-7JUN19-230-P,269.19,91.54,0.009,345.0,0.013,250.0,103.47,0.09637,-0.56464,-0.01046,0.00526,-0.14658
269.19,index_price,1559127545140,open,0.07,150.0,0.015,0.098,0.056399,111.25,0.086,0,ETH-31MAY19-280-P,269.19,72.42,0.047,150.0,0.061,150.0,128.8,0.06945,-2.05971,-0.01012,0.01676,-0.67501
269.19,index_price,1559127545140,open,0.0,1239.0,0.001,0.044,0.004177,117.61,0.004,0,ETH-31MAY19-300-C,269.19,98.32,0.002,120.0,0.005,67.0,123.59,0.03555,-1.11438,0.00142,0.00812,0.1069
269.19,index_price,1559127545141,open,0.28,95.0,0.255,0.334,0.294141,0.0,0.199,0,ETH-31MAY19-190-C,269.19,0.0,0.0,0.0,0.387,1.0,500.0,0.0,0.0,0.00976,0.0,1.0
269.19,index_price,1559127545140,open,0.33,0.0,0.255,0.359,0.307021,116.38,None,0,ETH-7JUN19-350-P,269.19,0.0,0.0,0.0,0.0,0.0,0.0,0.0668,-0.43797,-0.07982,0.00326,-0.91241
269.19,index_price,1559127545140,open,0.01,449.0,0.001,0.051,0.011963,113.05,0.01,0,ETH-7JUN19-330-C,269.19,107.28,0.01,95.0,0.014,250.0,118.66,0.09476,-0.60352,0.00857,0.00476,0.14295
269.19,index_price,1559127545140,open,0.0,328.0,0.001,0.04,1.4e-05,150.03,0.001,0,ETH-31MAY19-190-P,269.19,0.0,0.0,0.0,0.001,170.0,235.12,0.00034,-0.00389,-1e-05,6e-05,-0.0005
269.19,index_price,1559127545140,open,0.26,10.0,0.189,0.287,0.237954,113.31,0.212,0,ETH-7JUN19-330-P,269.19,0.0,0.0,0.0,0.0,0.0,0.0,0.09505,-0.60673,-0.07164,0.00476,-0.85641
269.19,index_price,1559127545140,open,0.03,323.0,0.001,0.069,0.029054,110.21,0.026,0,ETH-7JUN19-300-C,269.19,104.46,0.026,316.0,0.032,334.0,115.66,0.14439,-0.89646,0.01728,0.00743,0.29302
269.19,index_price,1559127545140,open,0.02,7.0,0.001,0.061,0.021757,111.17,0.036,0,ETH-7JUN19-310-C,269.19,105.29,0.019,311.0,0.024,340.0,115.8,0.12852,-0.80484,0.01386,0.00656,0.23343
269.19,index_price,1559127545140,open,0.01,251.0,0.001,0.048,0.008987,114.6,0.007,0,ETH-7JUN19-340-C,269.19,107.51,0.007,263.0,0.01,250.0,117.93,0.07981,-0.51524,0.00672,0.00395,0.11172
273.82,ETH-27SEP19,1559127545143,open,0.13,1101.0,0.099,0.178,0.138631,102.58,0.152,0.0,ETH-27SEP19-360-C,269.19,100.54,0.134,228.0,0.141,110.0,103.63,0.61979,-0.263,0.26708,0.00243,0.43316
269.19,index_price,1559127545140,open,0.1,0.0,0.043,0.129,0.085922,115.4,None,0,ETH-31MAY19-290-P,269.19,0.0,0.077,50.0,0.088,50.0,125.56,0.05324,-1.63778,-0.01232,0.01239,-0.80477
269.19,index_price,1559127545140,open,0.0,555.0,0.001,0.04,2e-06,150.03,0.005,0,ETH-31MAY19-180-P,269.19,0.0,0.0,0.0,0.001,170.0,266.95,6e-05,-0.00051,0.0,1e-05,-7e-05
269.19,index_price,1559127545141,open,0.06,77.0,0.024,0.103,0.063179,103.91,0.059,0,ETH-7JUN19-270-C,269.19,103.63,0.063,150.0,0.071,257.0,116.52,0.16714,-0.97841,0.03022,0.00913,0.52491
269.19,index_price,1559127545140,open,0.01,397.0,0.001,0.046,0.006727,115.99,0.006,0,ETH-7JUN19-350-C,269.19,108.46,0.005,265.0,0.008,250.0,120.94,0.06633,-0.43344,0.00524,0.00325,0.08677
269.19,index_price,1559127545140,open,0.06,175.0,0.007,0.089,0.047918,104.02,0.048,0,ETH-7JUN19-260-P,269.19,90.69,0.04,200.0,0.046,205.0,100.8,0.16032,-0.9395,-0.02827,0.00875,-0.3839
269.19,index_price,1559127545140,open,0.0,1.0,0.001,0.041,0.001438,114.41,0.006,0,ETH-7JUN19-190-P,269.19,108.09,0.001,112.0,0.002,300.0,120.95,0.02082,-0.13418,-0.00144,0.00103,-0.02058
269.19,index_price,1559127545140,open,0.08,37.0,0.042,0.121,0.081985,103.9,0.089,0,ETH-7JUN19-260-C,269.19,103.93,0.082,150.0,0.089,96.0,115.66,0.16032,-0.93836,0.03497,0.00876,0.61615
269.19,index_price,1559127545140,open,0.1,145.0,0.072,0.151,0.111365,115.27,0.093,0,ETH-31MAY19-240-C,269.19,99.94,0.11,50.0,0.12,50.0,175.02,0.02768,-0.85041,0.01124,0.00645,0.9237
269.19,index_price,1559127545141,open,0.02,160.0,0.001,0.056,0.015765,105.95,0.024,0,ETH-31MAY19-260-P,269.19,94.89,0.013,88.0,0.018,117.0,114.71,0.0681,-1.92323,-0.00451,0.01726,-0.31019
269.19,index_price,1559127545140,open,0.0,302.0,0.001,0.04,0.000544,146.71,0.001,0,ETH-31MAY19-340-C,269.19,0.0,0.0,0.0,0.001,170.0,160.2,0.00734,-0.14648,0.0002,0.00134,0.01508
269.19,index_price,1559127545140,open,0.03,360.0,0.001,0.062,0.021558,104.01,0.024,0,ETH-7JUN19-240-P,269.19,91.39,0.016,293.0,0.021,206.0,102.78,0.12269,-0.71888,-0.01549,0.00669,-0.21512
269.19,index_price,1559127545140,open,0.25,2.0,0.22,0.299,0.259083,106.1,0.218,0,ETH-7JUN19-200-C,269.19,0.0,0.001,30.0,0.0,0.0,0.0,0.02869,-0.17145,0.04653,0.00153,0.96984
269.19,index_price,1559127545141,open,0.36,0.0,0.329,0.408,0.368429,0.0,None,0,ETH-31MAY19-170-C,269.19,0.0,0.001,1.0,0.0,0.0,0.0,0.0,0.0,0.00874,0.0,1.0
269.19,index_price,1559127545146,open,0.07,243.0,0.038,0.117,0.077774,106.41,0.081,0,ETH-31MAY19-250-C,269.19,101.82,0.077,50.0,0.087,50.0,152.79,0.04634,-1.31435,0.01059,0.01169,0.84319
8775.57,BTC-28JUN19,1559127545172,open,0.31,25.8,0.237,0.3395,0.28803476,95.15,0.3,0.0,BTC-28JUN19-11000-P,8663.33,0.0,0.002,1.0,0.7255,1.0,500.0,7.8737,-12.53883,-7.49985,0.00013,-0.75609
8849.08,BTC-27SEP19,1559127545186,open,0.24,1020.1,0.2025,0.282,0.2420585,88.05,0.2385,0.0,BTC-27SEP19-8000-C,8663.33,86.57,0.239,5.0,0.2455,10.0,89.71,18.33933,-6.67944,12.67333,8e-05,0.67452
8849.14,BTC-27SEP19,1559127546342,open,0.02,269.1,0.0005,0.063,0.02313665,101.8,0.0215,0.0,BTC-27SEP19-22000-C,8663.33,99.17,0.0205,15.0,0.0255,24.6,104.02,9.16539,-3.8594,2.35582,3e-05,0.10353
8663.33,index_price,1559127546496,open,0.3,8.4,0.269,0.3485,0.30859256,115.91,0.25,0,BTC-7JUN19-6000-C,8663.33,0.0,0.0005,2.0,0.344,3.0,270.19,0.56638,-3.6982,1.42098,3e-05,0.98311
8775.73,BTC-28JUN19,1559127546569,open,0.07,7.3,0.0335,0.113,0.07333954,92.62,0.067,0.0,BTC-28JUN19-9500-C,8663.33,89.21,0.0695,19.2,0.076,14.1,94.99,9.87796,-15.31234,2.58905,0.00017,0.43378
8663.33,index_price,1559127546599,open,0.09,1.3,0.0405,0.1265,0.08358017,98.23,0.08,0,BTC-7JUN19-9000-P,8663.33,80.86,0.073,24.0,0.0805,24.0,93.2,5.3101,-29.38402,-1.3735,0.0003,-0.5684
8663.33,index_price,1559127546607,open,0.0,187.1,0.0005,0.042,0.00217989,107.09,0.0015,0,BTC-31MAY19-9750-C,8663.33,99.03,0.0015,43.8,0.003,12.5,115.22,0.80328,-18.88507,0.02872,0.00019,0.06669
8663.33,index_price,1559127546631,open,0.0,453.0,0.0005,0.0445,0.00475905,99.89,0.003,0,BTC-7JUN19-11000-C,8663.33,93.59,0.0035,53.1,0.006,40.0,105.3,1.86976,-10.52177,0.14338,0.0001,0.07282
8663.33,index_price,1559127546702,open,0.01,92.9,0.0005,0.05,0.00973556,97.43,0.012,0,BTC-31MAY19-8250-P,8663.33,86.88,0.0075,32.0,0.0115,46.7,105.36,1.89131,-49.11958,-0.10727,0.0005,-0.23121
269.19,index_price,1559127546711,open,0.0,1187.0,0.001,0.043,0.002989,115.85,0.006,0,ETH-31MAY19-240-P,269.19,105.39,0.002,200.0,0.004,86.0,124.93,0.02795,-0.8046,-0.00111,0.00648,-0.07728
8849.21,BTC-27SEP19,1559127547043,open,0.02,72.0,0.0005,0.0585,0.0189457,104.07,0.02,0.0,BTC-27SEP19-24000-C,8663.33,100.66,0.016,8.0,0.021,8.0,106.28,7.98671,-3.4382,1.96199,3e-05,0.08589
273.82,ETH-27SEP19,1559127547138,open,0.06,193.0,0.025,0.104,0.064197,114.51,0.069,0.0,ETH-27SEP19-560-C,269.18,112.04,0.06,40.0,0.067,145.0,116.12,0.47228,-0.2237,0.14558,0.00166,0.22474
273.05,ETH-28JUN19,1559127547138,open,0.38,0.0,0.305,0.412,0.358492,112.91,None,0.0,ETH-28JUN19-360-P,269.18,0.0,0.0,0.0,0.0,0.0,0.0,0.24491,-0.46279,-0.24914,0.00355,-0.75624
273.05,ETH-28JUN19,1559127547138,open,0.52,386.0,0.485,0.564,0.524838,115.09,0.321,0.0,ETH-28JUN19-130-C,269.18,0.0,0.14,49.0,0.65,1.0,425.11,0.01674,-0.03224,0.10445,0.00024,0.99221
273.82,ETH-27SEP19,1559127547139,open,0.39,743.0,0.362,0.441,0.401808,97.95,0.331,0.0,ETH-27SEP19-180-C,269.18,0.0,0.23,1.0,0.5,1.0,164.82,0.37134,-0.15045,0.40422,0.00153,0.84758
273.05,ETH-28JUN19,1559127547139,open,0.44,481.0,0.413,0.492,0.45254,104.87,0.46,0.0,ETH-28JUN19-150-C,269.18,0.0,0.021,4.0,0.5,200.0,235.36,0.03113,-0.05464,0.1188,0.00049,0.98408
273.05,ETH-28JUN19,1559127547139,open,0.0,4694.0,0.001,0.041,0.000963,139.31,0.001,0.0,ETH-28JUN19-110-P,269.18,0.0,0.0,0.0,0.002,270.0,154.46,0.01438,-0.03352,-0.00168,0.00017,-0.00656
273.05,ETH-28JUN19,1559127547139,open,0.2,51.0,0.135,0.229,0.182049,106.21,0.226,0.0,ETH-28JUN19-300-P,269.18,102.61,0.178,120.0,0.188,120.0,111.48,0.30779,-0.54711,-0.16645,0.00475,-0.56271
273.82,ETH-27SEP19,1559127547139,open,0.7,0.0,0.671,0.75,0.71023,104.78,None,0.0,ETH-27SEP19-80-C,269.18,0.0,0.003,10.0,0.0,0.0,0.0,0.04048,-0.01754,0.25407,0.00016,0.99041
273.05,ETH-28JUN19,1559127547139,open,0.37,1130.0,0.343,0.422,0.382929,104.07,0.32,0.0,ETH-28JUN19-170-C,269.18,0.0,0.1,5.0,0.6,1.0,449.28,0.06854,-0.11938,0.12877,0.00108,0.9591
269.18,index_price,1559127547138,open,0.0,853.0,0.001,0.04,0.000542,133.32,0.001,0,ETH-31MAY19-220-P,269.18,0.0,0.0,0.0,0.001,90.0,146.69,0.00749,-0.1458,-0.00022,0.00151,-0.01543
273.82,ETH-27SEP19,1559127547139,open,0.12,1817.0,0.072,0.16,0.116303,97.96,0.109,0.0,ETH-27SEP19-220-P,269.18,93.43,0.108,40.0,0.117,80.0,98.34,0.50223,-0.20351,-0.33344,0.00206,-0.25141
273.05,ETH-28JUN19,1559127547139,open,0.01,7191.0,0.001,0.048,0.008399,123.53,0.007,0.0,ETH-28JUN19-500-C,269.18,116.04,0.006,459.0,0.009,25.0,125.21,0.09594,-0.19833,0.01207,0.00127,0.06238
273.82,ETH-27SEP19,1559127547139,open,0.48,81.0,0.396,0.511,0.45347,102.63,0.428,0.0,ETH-27SEP19-360-P,269.18,98.44,0.444,30.0,0.462,30.0,106.39,0.61983,-0.26314,-0.92509,0.00243,-0.56671
273.05,ETH-28JUN19,1559127547140,open,0.63,0.0,0.595,0.674,0.634555,149.07,None,0.0,ETH-28JUN19-100-C,269.18,0.0,0.0,0.0,0.0,0.0,0.0,0.01151,-0.02872,0.08053,0.00013,0.99489
273.82,ETH-27SEP19,1559127547139,open,0.16,1559.0,0.106,0.198,0.152011,97.97,0.128,0.0,ETH-27SEP19-240-P,269.18,93.98,0.144,40.0,0.152,80.0,97.96,0.55036,-0.22302,-0.41263,0.00226,-0.30302
273.05,ETH-28JUN19,1559127547140,open,0.52,0.0,0.431,0.549,0.490374,117.05,None,0.0,ETH-28JUN19-400-P,269.18,0.0,0.0,0.0,0.0,0.0,0.0,0.19419,-0.38043,-0.29613,0.00272,-0.83464
273.82,ETH-27SEP19,1559127547139,open,0.35,24.0,0.285,0.391,0.338343,99.91,0.408,0.0,ETH-27SEP19-320-P,269.18,96.71,0.331,30.0,0.347,30.0,103.68,0.62855,-0.25976,-0.75428,0.00253,-0.49346
273.05,ETH-28JUN19,1559127547139,open,0.41,923.0,0.378,0.457,0.417316,104.2,0.357,0.0,ETH-28JUN19-160-C,269.18,0.0,0.2,1.0,0.0,0.0,0.0,0.0473,-0.08248,0.1244,0.00074,0.97392
269.18,index_price,1559127547138,open,0.19,1.0,0.127,0.22,0.173375,111.13,0.182,0,ETH-7JUN19-310-P,269.18,76.3,0.159,50.0,0.167,50.0,97.13,0.12846,-0.8042,-0.06154,0.00656,-0.76673
273.05,ETH-28JUN19,1559127547140,open,0.01,6849.0,0.001,0.045,0.00559,104.33,0.003,0.0,ETH-28JUN19-170-P,269.18,92.32,0.003,200.0,0.005,200.0,101.92,0.06897,-0.12042,-0.01046,0.00108,-0.04121
269.18,index_price,1559127547139,open,0.04,159.0,0.001,0.073,0.031839,105.79,0.034,0,ETH-31MAY19-270-P,269.18,78.37,0.024,150.0,0.038,150.0,127.33,0.07698,-2.17079,-0.00737,0.01954,-0.50088
269.18,index_price,1559127547138,open,0.0,5.0,0.001,0.04,0.0,149.99,0.002,0,ETH-31MAY19-170-P,269.18,0.0,0.0,0.0,0.001,170.0,300.31,1e-05,-5e-05,0.0,0.0,-1e-05
269.18,index_price,1559127547138,open,0.29,0.0,0.222,0.322,0.272043,114.48,None,0,ETH-7JUN19-340-P,269.18,0.0,0.0,0.0,0.0,0.0,0.0,0.07965,-0.51362,-0.07597,0.00395,-0.8886
269.18,index_price,1559127547138,open,0.25,117.0,0.218,0.297,0.25711,154.53,0.17,0,ETH-31MAY19-200-C,269.18,0.0,0.025,12.0,0.34,2.0,500.0,0.00182,-0.0749,0.01023,0.00032,0.9969
273.05,ETH-28JUN19,1559127547141,open,0.34,3366.0,0.31,0.389,0.349649,104.26,0.364,0.0,ETH-28JUN19-180-C,269.18,0.0,0.006,20.0,0.0,0.0,0.0,0.09431,-0.16456,0.13171,0.00148,0.93896
273.82,ETH-27SEP19,1559127547141,open,0.04,5371.0,0.001,0.079,0.038263,97.96,0.031,0.0,ETH-27SEP19-160-P,269.18,91.95,0.032,197.0,0.038,50.0,97.71,0.29323,-0.11882,-0.13301,0.00121,-0.10842
273.82,ETH-27SEP19,1559127547141,open,0.3,818.0,0.273,0.352,0.312796,97.93,0.343,0.0,ETH-27SEP19-220-C,269.18,92.03,0.302,10.0,0.318,90.0,100.77,0.50222,-0.20344,0.39519,0.00207,0.7486
273.82,ETH-27SEP19,1559127547140,open,0.23,1000.0,0.203,0.282,0.242452,97.95,0.24,0.0,ETH-27SEP19-260-C,269.18,94.01,0.234,110.0,0.246,80.0,99.61,0.58623,-0.23752,0.36566,0.00241,0.64569
273.05,ETH-28JUN19,1559127547141,open,0.0,5044.0,0.001,0.043,0.003313,104.34,0.003,0.0,ETH-28JUN19-160-P,269.18,86.13,0.001,294.0,0.004,200.0,108.08,0.04749,-0.08294,-0.0066,0.00075,-0.02621
273.82,ETH-27SEP19,1559127547141,open,0.08,1226.0,0.044,0.123,0.083002,109.67,0.086,0.0,ETH-27SEP19-480-C,269.18,106.55,0.077,180.0,0.088,280.0,112.21,0.5332,-0.24188,0.18139,0.00196,0.28303
273.05,ETH-28JUN19,1559127547141,open,0.0,9820.0,0.001,0.04,0.000959,115.39,0.001,0.0,ETH-28JUN19-130-P,269.18,0.0,0.0,0.0,0.002,168.0,128.29,0.01695,-0.03274,-0.00198,0.00024,-0.00791
269.18,index_price,1559127547138,open,0.04,353.0,0.001,0.074,0.033017,103.95,0.027,0,ETH-7JUN19-250-P,269.18,90.72,0.026,284.0,0.032,418.0,102.05,0.14497,-0.84889,-0.02151,0.00792,-0.29561
269.18,index_price,1559127547138,open,0.01,394.0,0.001,0.046,0.006542,106.71,0.009,0,ETH-31MAY19-250-P,269.18,97.37,0.005,100.0,0.008,68.0,114.87,0.04648,-1.32199,-0.00227,0.0117,-0.15754
273.81,ETH-27SEP19,1559127547141,open,0.09,2717.0,0.042,0.128,0.085241,97.94,0.08,0.0,ETH-27SEP19-200-P,269.18,93.43,0.078,40.0,0.086,143.0,98.41,0.44206,-0.17909,-0.25928,0.00182,-0.2007
273.04,ETH-28JUN19,1559127547142,open,0.7,0.0,0.668,0.747,0.707144,150.0,None,0.0,ETH-28JUN19-80-C,269.18,0.0,0.002,5.0,0.0,0.0,0.0,0.00276,-0.00692,0.06521,3e-05,0.99895
273.04,ETH-28JUN19,1559127547142,open,0.55,50.0,0.522,0.601,0.561013,117.15,0.547,0.0,ETH-28JUN19-120-C,269.18,0.0,0.0,0.0,0.0,0.0,0.0,0.01006,-0.01972,0.09713,0.00014,0.99561
269.18,index_price,1559127547139,open,0.0,787.0,0.001,0.04,8e-05,149.98,0.001,0,ETH-31MAY19-200-P,269.18,0.0,0.0,0.0,0.001,174.0,204.59,0.00146,-0.02146,-3e-05,0.00026,-0.00243
269.18,index_price,1559127547138,open,0.04,119.0,0.001,0.078,0.038523,109.37,0.034,0,ETH-7JUN19-290-C,269.18,103.32,0.035,316.0,0.042,326.0,115.29,0.15742,-0.96995,0.02121,0.00817,0.36259
273.81,ETH-27SEP19,1559127547142,open,0.01,7297.0,0.001,0.052,0.011546,97.95,0.01,0.0,ETH-27SEP19-120-P,269.18,90.22,0.008,150.0,0.012,50.0,98.85,0.13706,-0.05554,-0.04716,0.00056,-0.04046
273.04,ETH-28JUN19,1559127547142,open,0.02,4750.0,0.001,0.06,0.019465,104.34,0.019,0.0,ETH-28JUN19-200-P,269.18,91.96,0.013,427.0,0.017,200.0,99.84,0.15313,-0.2674,-0.03041,0.00241,-0.11661
273.04,ETH-28JUN19,1559127547142,open,0.0,10453.0,0.001,0.041,0.001027,105.76,0.001,0.0,ETH-28JUN19-140-P,269.18,0.0,0.0,0.0,0.002,500.0,116.66,0.01929,-0.03414,-0.00228,0.0003,-0.00916
273.81,ETH-27SEP19,1559127547142,open,0.6,0.0,0.513,0.638,0.575603,104.92,None,0.0,ETH-27SEP19-400-P,269.18,0.0,0.001,50.0,0.0,0.0,0.0,0.5961,-0.25869,-1.09116,0.00229,-0.62775
269.18,index_price,1559127547138,open,0.14,0.0,0.074,0.163,0.118639,117.38,None,0,ETH-31MAY19-300-P,269.18,0.0,0.109,50.0,0.12,50.0,127.08,0.03541,-1.10795,-0.014,0.0081,-0.89366
269.18,index_price,1559127547138,open,0.02,57.0,0.001,0.056,0.016238,112.27,0.023,0,ETH-7JUN19-320-C,269.18,106.74,0.014,303.0,0.018,200.0,116.45,0.11166,-0.70625,0.01098,0.00564,0.18399
269.18,index_price,1559127547138,open,0.18,55.0,0.151,0.23,0.190215,104.07,0.195,0,ETH-7JUN19-220-C,269.18,114.12,0.193,50.0,0.199,50.0,132.72,0.06968,-0.40849,0.04694,0.0038,0.9073
269.18,index_price,1559127547138,open,0.01,1191.0,0.001,0.044,0.003895,103.96,0.003,0,ETH-7JUN19-210-P,269.18,90.78,0.002,270.0,0.005,250.0,110.06,0.04563,-0.26722,-0.00375,0.00249,-0.05342
269.18,index_price,1559127547138,open,0.28,1.0,0.256,0.335,0.295616,114.71,0.237,0,ETH-7JUN19-190-C,269.18,0.0,0.0,0.0,0.0,0.0,0.0,0.02104,-0.13596,0.04474,0.00104,0.97917
269.18,index_price,1559127547138,open,0.01,731.0,0.001,0.047,0.007481,103.96,0.006,0,ETH-7JUN19-220-P,269.18,93.5,0.005,99.0,0.008,250.0,105.93,0.06955,-0.40732,-0.00654,0.0038,-0.09248
269.18,index_price,1559127547139,open,0.01,663.0,0.001,0.056,0.016187,111.09,0.013,0,ETH-31MAY19-280-C,269.18,106.46,0.015,73.0,0.019,135.0,121.88,0.06941,-2.05541,0.00427,0.01678,0.32453
269.18,index_price,1559127547141,open,0.13,78.0,0.108,0.187,0.147293,131.83,0.141,0,ETH-31MAY19-230-C,269.18,0.0,0.145,50.0,0.155,50.0,202.18,0.01779,-0.62507,0.01119,0.00362,0.95653
8663.33,index_price,1559127547149,open,0.02,53.4,0.0005,0.0665,0.0269312,98.23,0.0265,0,BTC-7JUN19-9500-C,8663.33,92.76,0.024,32.0,0.0295,46.5,102.93,4.695,-25.98031,0.57462,0.00026,0.2997
8775.73,BTC-28JUN19,1559127547178,open,0.04,112.8,0.005,0.0845,0.04473212,94.53,0.041,0.0,BTC-28JUN19-10500-C,8663.33,90.74,0.041,25.6,0.0475,42.4,97.3,8.71279,-13.78444,1.82449,0.00015,0.29873
8663.33,index_price,1559127547192,open,0.14,3.3,0.083,0.1725,0.1276132,107.09,0.137,0,BTC-31MAY19-9750-P,8663.33,0.0,0.0,0.0,0.1865,0.1,372.91,0.80328,-22.93118,-0.47232,0.00019,-0.93331
273.05,ETH-28JUN19,1559127547195,open,0.26,16.0,0.188,0.286,0.236737,108.38,0.219,0.0,ETH-28JUN19-320-P,269.18,103.94,0.232,120.0,0.242,120.0,113.27,0.29244,-0.53045,-0.1958,0.00442,-0.63933
273.81,ETH-27SEP19,1559127547197,open,0.54,33.0,0.453,0.574,0.513497,103.68,0.52,0.0,ETH-27SEP19-380-P,269.18,99.39,0.504,30.0,0.522,30.0,107.49,0.60912,-0.26123,-1.00886,0.00237,-0.59909
8663.33,index_price,1559127547262,open,0.29,402.0,0.2235,0.325,0.27447867,99.89,0.2595,0,BTC-7JUN19-11000-P,8663.33,0.0,0.0,0.0,0.0,0.0,0.0,1.86976,-10.52177,-2.53148,0.0001,-0.92718
8663.33,index_price,1559127547291,open,0.24,41.9,0.172,0.2695,0.22074685,99.25,0.2075,0,BTC-7JUN19-10500-P,8663.33,0.0,0.0,0.0,0.0,0.0,0.0,2.73455,-15.28985,-2.31462,0.00015,-0.87797
8849.21,BTC-27SEP19,1559127547369,open,0.41,231.1,0.3775,0.457,0.41736203,90.04,0.3795,0.0,BTC-27SEP19-5500-C,8663.33,0.0,0.004,0.6,0.459,3.0,122.84,10.16372,-3.78536,13.56927,4e-05,0.88039
8775.81,BTC-28JUN19,1559127547369,open,0.27,501.2,0.235,0.3145,0.27495922,94.66,0.2405,0.0,BTC-28JUN19-6500-C,8663.33,87.77,0.2715,3.9,0.278,4.1,100.24,4.62078,-7.32022,4.44113,8e-05,0.89323
8775.81,BTC-28JUN19,1559127547369,open,0.0,1140.1,0.0005,0.0415,0.00154585,121.52,0.0015,0.0,BTC-28JUN19-20000-C,8663.33,115.36,0.001,21.0,0.002,9.0,125.56,0.89941,-1.82915,0.0899,1e-05,0.01406
8849.21,BTC-27SEP19,1559127547369,open,0.02,1018.2,0.0005,0.0545,0.01422402,93.12,0.025,0.0,BTC-27SEP19-4250-P,8663.33,89.28,0.012,18.0,0.016,15.0,95.99,5.32424,-2.05085,-1.90741,2e-05,-0.05086
8849.21,BTC-27SEP19,1559127547369,open,0.58,0.0,0.545,0.6245,0.58494047,95.19,None,0.0,BTC-27SEP19-3750-C,8663.33,0.0,0.0055,10.2,0.761,10.0,299.13,3.73013,-1.46881,11.20241,2e-05,0.9672
8849.21,BTC-27SEP19,1559127547369,open,0.53,4.4,0.4545,0.575,0.51461121,87.13,0.5765,0.0,BTC-27DEC19-12000-P,8663.33,79.75,0.4925,4.8,0.5145,4.8,87.09,26.68148,-5.48587,-54.71283,7e-05,-0.5505
8849.21,BTC-27SEP19,1559127547369,open,0.16,83.0,0.119,0.1985,0.15853497,87.12,0.1675,0.0,BTC-27DEC19-12000-C,8663.33,86.61,0.157,20.0,0.168,10.0,90.25,26.68125,-5.48534,14.94471,7e-05,0.44947
8849.21,BTC-27SEP19,1559127547369,open,0.12,22.1,0.067,0.1555,0.11137573,85.2,0.108,0.0,BTC-27DEC19-6500-P,8663.33,82.31,0.105,20.0,0.114,6.4,86.39,19.53381,-3.92768,-16.60599,5e-05,-0.2119
8663.33,index_price,1559127547371,open,0.0,308.5,0.0005,0.04,0.0,135.0,0.0005,0,BTC-31MAY19-4750-P,8663.33,0.0,0.0,0.0,0.002,30.0,423.57,0.0,0.0,0.0,0.0,0.0
8775.81,BTC-28JUN19,1559127547399,open,0.54,322.4,0.506,0.5855,0.54551174,126.92,0.451,0.0,BTC-28JUN19-4000-C,8663.33,0.0,0.06,20.0,0.674,3.0,451.43,0.6402,-1.3599,3.19636,1e-05,0.99049
8775.81,BTC-28JUN19,1559127547399,open,0.02,470.5,0.0005,0.0605,0.02091907,96.96,0.021,0.0,BTC-28JUN19-12000-C,8663.33,93.42,0.0185,25.6,0.0225,45.1,99.19,6.14004,-9.96339,1.00802,0.0001,0.16125
8775.81,BTC-28JUN19,1559127547399,open,0.0,1396.0,0.0005,0.04,8e-08,135.0,0.001,0.0,BTC-28JUN19-1500-P,8663.33,0.0,0.0,0.0,0.0005,90.1,244.01,0.00012,-0.00026,-1e-05,0.0,0.0
