underlying_price,underlying_index,timestamp,state,settlement_price,open_interest,min_price,max_price,mark_price,mark_iv,last_price,interest_rate,instrument_name,index_price,bid_iv,best_bid_price,best_bid_amount,best_ask_price,best_ask_amount,ask_iv,vega,theta,rho,gamma,delta
132.77,SYN.ETH-3JAN20,1577703540014,open,0.26,0.0,0.243,0.322,0.280748,102.18,None,0.0,ETH-3JAN20-170-P,132.69,0.0,0.0,0.0,0.0,0.0,0.0,0.00392,-0.05171,-0.0179,0.00205,-0.98913
132.77,SYN.ETH-3JAN20,1577703540014,open,0.0,12.0,0.001,0.011,0.000475,105.19,0.001,0.0,ETH-3JAN20-170-C,132.69,0.0,0.0,0.0,0.001,350.0,116.81,0.00458,-0.06219,0.00018,0.00233,0.01301
132.93,SYN.ETH-10JAN20,1577703540018,open,0.0,202.0,0.001,0.012,0.002346,80.09,0.002,0.0,ETH-10JAN20-170-C,132.69,77.82,0.002,349.0,0.003,400.0,83.9,0.0212,-0.07807,0.00163,0.00503,0.0436
132.93,SYN.ETH-10JAN20,1577703540018,open,0.26,0.0,0.242,0.324,0.281153,79.48,None,0.0,ETH-10JAN20-170-P,132.69,0.0,0.0,0.0,0.0,0.0,0.0,0.02069,-0.07561,-0.04907,0.00495,-0.95769
133.38,SYN.ETH-31JAN20,1577703540162,open,0.21,0.0,0.164,0.227,0.195763,73.86,None,0.0,ETH-31JAN20-110-C,132.69,0.0,0.175,38.0,0.219,37.0,102.79,0.09612,-0.11136,0.07498,0.00838,0.83945
133.38,SYN.ETH-31JAN20,1577703540162,open,0.01,107.0,0.001,0.018,0.006777,90.33,0.006,0.0,ETH-31JAN20-90-P,132.69,87.86,0.006,590.0,0.008,501.0,93.95,0.04322,-0.06124,-0.00708,0.00308,-0.054
133.38,SYN.ETH-31JAN20,1577703540164,open,0.02,273.0,0.004,0.035,0.015818,72.94,0.016,0.0,ETH-31JAN20-170-C,132.69,70.29,0.014,782.0,0.018,730.0,75.97,0.0937,-0.10721,0.01615,0.00827,0.15444
133.38,SYN.ETH-31JAN20,1577703540164,open,0.27,0.0,0.246,0.338,0.29025,72.81,None,0.0,ETH-31JAN20-170-P,132.69,0.0,0.261,240.0,1.257,1.0,500.0,0.09348,-0.10676,-0.13237,0.00826,-0.8461
133.38,SYN.ETH-31JAN20,1577703540164,open,0.04,316.0,0.016,0.066,0.038316,69.47,0.04,0.0,ETH-31JAN20-150-C,132.69,68.22,0.037,1.0,0.04,517.0,71.06,0.14085,-0.15348,0.03274,0.01305,0.31943
133.38,SYN.ETH-31JAN20,1577703540164,open,0.34,0.0,0.307,0.357,0.332078,90.49,None,0.0,ETH-31JAN20-90-C,132.69,0.0,0.325,1.0,0.346,38.0,122.55,0.04338,-0.06157,0.07148,0.00309,0.94574
133.99,SYN.ETH-28FEB20,1577703540176,open,0.02,724.0,0.006,0.036,0.017493,85.52,0.015,0.0,ETH-28FEB20-90-P,132.69,83.27,0.016,610.0,0.019,240.0,87.72,0.09034,-0.06452,-0.0243,0.00359,-0.09306
133.99,SYN.ETH-28FEB20,1577703540176,open,0.06,2.0,0.03,0.095,0.060149,77.06,0.054,0.0,ETH-28FEB20-160-C,132.69,76.28,0.059,9.0,0.062,180.0,78.3,0.19886,-0.12796,0.06152,0.00876,0.34004
133.99,SYN.ETH-28FEB20,1577703540176,open,0.04,18.0,0.022,0.076,0.045877,77.84,0.057,0.0,ETH-28FEB20-110-P,132.69,77.1,0.045,350.0,0.047,192.0,78.78,0.15929,-0.10354,-0.05771,0.00695,-0.21668
133.99,SYN.ETH-28FEB20,1577703540179,open,0.1,50.0,0.067,0.147,0.105334,75.46,0.141,0.0,ETH-28FEB20-130-P,132.69,74.61,0.104,350.0,0.107,192.0,76.52,0.20975,-0.13217,-0.11121,0.00944,-0.40061
133.99,SYN.ETH-28FEB20,1577703540179,open,0.24,0.0,0.188,0.261,0.22499,77.89,None,0.0,ETH-28FEB20-110-C,132.69,62.96,0.208,41.0,0.228,1.0,80.41,0.15933,-0.10363,0.1227,0.00695,0.78323
133.99,SYN.ETH-28FEB20,1577703540179,open,0.13,0.0,0.104,0.195,0.14804,75.57,None,0.0,ETH-28FEB20-140-P,132.69,74.92,0.147,350.0,0.15,144.0,76.78,0.21649,-0.13661,-0.14159,0.00973,-0.49613
133.99,SYN.ETH-28FEB20,1577703540179,open,0.29,21.0,0.249,0.315,0.282266,80.92,0.267,0.0,ETH-28FEB20-100-C,132.69,61.02,0.266,40.0,0.305,40.0,103.54,0.12389,-0.08372,0.12581,0.0052,0.85466
133.99,SYN.ETH-28FEB20,1577703540179,open,0.14,7.0,0.095,0.174,0.135195,75.51,0.128,0.0,ETH-28FEB20-130-C,132.69,73.47,0.132,350.0,0.138,220.0,77.3,0.20975,-0.13225,0.10203,0.00943,0.5994
133.99,SYN.ETH-28FEB20,1577703540182,open,0.29,0.0,0.263,0.371,0.315084,78.21,None,0.0,ETH-28FEB20-170-P,132.69,0.0,0.0,0.0,0.0,0.0,0.0,0.18159,-0.11859,-0.22827,0.00788,-0.72343
133.99,SYN.ETH-28FEB20,1577703540182,open,0.04,68.0,0.014,0.066,0.036389,79.77,0.034,0.0,ETH-28FEB20-180-C,132.69,78.63,0.035,350.0,0.038,192.0,81.09,0.16318,-0.1087,0.04168,0.00695,0.22602
133.99,SYN.ETH-28FEB20,1577703540182,open,0.36,0.0,0.326,0.437,0.379659,79.69,None,0.0,ETH-28FEB20-180-P,132.69,0.0,0.0,0.0,0.0,0.0,0.0,0.16304,-0.1085,-0.25365,0.00695,-0.77432
133.99,SYN.ETH-28FEB20,1577703540182,open,0.03,191.0,0.01,0.056,0.029125,81.59,0.023,0.0,ETH-28FEB20-190-C,132.69,81.47,0.029,350.0,0.03,194.0,82.39,0.14548,-0.09912,0.03454,0.00605,0.18628
133.99,SYN.ETH-28FEB20,1577703540182,open,0.42,0.0,0.393,0.506,0.44702,81.49,None,0.0,ETH-28FEB20-190-P,132.69,0.0,0.0,0.0,0.0,0.0,0.0,0.14529,-0.09887,-0.2772,0.00605,-0.81411
136.79,ETH-26JUN20,1577703540333,open,0.29,176.0,0.232,0.335,0.284666,84.42,0.279,0.0,ETH-26JUN20-120-C,132.69,68.63,0.246,50.0,0.299,180.0,90.3,0.33422,-0.07887,0.27672,0.00432,0.69745
134.6,ETH-27MAR20,1577703540345,open,0.32,1100.0,0.268,0.343,0.305855,84.31,0.303,0.0,ETH-27MAR20-100-C,132.69,65.1,0.283,43.0,0.339,43.0,108.98,0.17176,-0.0824,0.16744,0.00467,0.82254
138.84,SYN.ETH-25SEP20,1577703540433,open,0.82,0.0,0.734,0.96,0.846096,119.97,None,0.0,ETH-25SEP20-220-P,132.69,0.0,0.0,0.0,0.0,0.0,0.0,0.47511,-0.1056,-1.35334,0.00278,-0.47227
138.84,SYN.ETH-25SEP20,1577703540488,open,0.28,0.0,0.227,0.366,0.295662,86.56,None,0.0,ETH-25SEP20-140-P,132.69,83.57,0.286,350.0,0.3,160.0,87.92,0.44623,-0.07157,-0.6721,0.00362,-0.35906
138.84,SYN.ETH-25SEP20,1577703540488,open,0.42,0.0,0.363,0.462,0.413863,87.3,None,0.0,ETH-25SEP20-100-C,132.69,75.12,0.384,52.0,0.446,52.0,100.32,0.34239,-0.05538,0.38789,0.00275,0.79173
138.84,SYN.ETH-25SEP20,1577703540488,open,0.08,20.0,0.044,0.115,0.076965,89.03,0.081,0.0,ETH-25SEP20-80-P,132.69,85.27,0.07,811.0,0.083,461.0,92.24,0.25925,-0.04276,-0.21763,0.00204,-0.13504
138.84,SYN.ETH-25SEP20,1577703540488,open,0.04,170.0,0.018,0.063,0.037426,92.64,0.035,0.0,ETH-25SEP20-60-P,132.69,89.73,0.034,170.0,0.04,2.0,94.77,0.1661,-0.02851,-0.11369,0.00126,-0.07332
138.84,SYN.ETH-25SEP20,1577703540488,open,0.29,20.0,0.226,0.346,0.287353,86.59,0.276,0.0,ETH-25SEP20-140-C,132.69,85.55,0.284,350.0,0.297,160.0,89.6,0.44621,-0.07158,0.363,0.00362,0.64097
138.84,SYN.ETH-25SEP20,1577703540488,open,0.49,0.0,0.41,0.598,0.503939,119.98,None,0.0,ETH-25SEP20-160-P,132.69,19.76,0.173,1.0,1.119,1.0,500.0,0.44337,-0.09856,-0.87926,0.00259,-0.3526
138.84,SYN.ETH-25SEP20,1577703540488,open,0.59,0.0,0.513,0.715,0.61363,119.98,None,0.0,ETH-25SEP20-180-P,132.69,0.0,0.0,0.0,0.0,0.0,0.0,0.45994,-0.10224,-1.03625,0.00269,-0.39584
138.84,SYN.ETH-25SEP20,1577703540490,open,0.35,0.0,0.286,0.398,0.343383,86.59,None,0.0,ETH-25SEP20-120-C,132.69,81.67,0.329,160.0,0.369,160.0,95.41,0.40529,-0.06502,0.3815,0.00328,0.71502
138.84,SYN.ETH-25SEP20,1577703540490,open,0.2,188.0,0.149,0.269,0.207648,86.57,0.193,0.0,ETH-25SEP20-120-P,132.69,83.61,0.199,766.0,0.212,510.0,88.06,0.4053,-0.065,-0.50572,0.00329,-0.285
138.84,SYN.ETH-25SEP20,1577703540490,open,0.71,0.0,0.621,0.836,0.727948,119.97,None,0.0,ETH-25SEP20-200-P,132.69,0.0,0.0,0.0,0.0,0.0,0.0,0.47006,-0.10448,-1.19448,0.00275,-0.43566
138.84,SYN.ETH-25SEP20,1577703540490,open,0.51,0.0,0.46,0.541,0.500789,89.05,None,0.0,ETH-25SEP20-80-C,132.69,74.7,0.475,53.0,0.525,53.0,101.74,0.25928,-0.04278,0.37382,0.00204,0.86494
138.84,SYN.ETH-25SEP20,1577703540490,open,0.61,0.0,0.577,0.635,0.605293,92.67,None,0.0,ETH-25SEP20-60-C,132.69,74.54,0.586,56.0,0.62,56.0,104.33,0.16614,-0.02852,0.32989,0.00126,0.92665
133.99,SYN.ETH-28FEB20,1577703540635,open,0.02,8.0,0.007,0.048,0.023412,83.19,0.019,0.0,ETH-28FEB20-200-C,132.69,82.76,0.023,350.0,0.024,240.0,83.8,0.12866,-0.08938,0.02866,0.00525,0.15381
133.99,SYN.ETH-28FEB20,1577703540635,open,0.01,520.0,0.001,0.025,0.010466,91.29,0.009,0.0,ETH-28FEB20-80-P,132.69,88.01,0.009,590.0,0.012,241.0,94.49,0.06216,-0.04738,-0.01485,0.00231,-0.05708
133.99,SYN.ETH-28FEB20,1577703540635,open,0.49,0.0,0.461,0.576,0.515933,83.08,None,0.0,ETH-28FEB20-200-P,132.69,0.0,0.0,0.0,0.0,0.0,0.0,0.12841,-0.08909,-0.2995,0.00525,-0.84664
7407.56,BTC-27MAR20,1577703541020,open,3.27,0.0,3.2355,3.4165,3.32164008,115.23,None,0.0,BTC-27MAR20-32000-P,7292.51,0.0,0.0015,10.0,0.0,0.0,0.0,1.01744,-0.6671,-76.88388,1e-05,-0.98942
7679.06,SYN.BTC-25SEP20,1577703541020,open,0.2,32.9,0.149,0.2585,0.1985132,75.56,0.207,0.0,BTC-25SEP20-9000-C,7292.51,75.41,0.198,0.5,0.207,5.0,78.04,26.25698,-3.67562,18.94021,8e-05,0.5321
7407.82,BTC-27MAR20,1577703541026,open,2.47,0.0,2.442,2.5945,2.51317373,110.18,None,0.0,BTC-27MAR20-26000-P,7292.51,0.0,0.0015,10.0,0.0,0.0,0.0,1.76555,-1.10682,-62.29843,1e-05,-0.97992
7370.8,SYN.BTC-28FEB20,1577703541020,open,0.13,1.0,0.0955,0.1585,0.12484325,62.16,0.1265,0.0,BTC-28FEB20-7000-C,7292.51,59.97,0.1215,10.0,0.1275,30.4,63.9,11.27528,-5.85285,6.10363,0.0002,0.62964
7297.33,SYN.BTC-3JAN20,1577703541021,open,0.03,124.7,0.019,0.0675,0.03705625,48.49,0.0345,0.0,BTC-3JAN20-7500-P,7292.51,39.68,0.034,16.0,0.0375,16.2,49.72,2.61602,-16.36405,-0.57081,0.00095,-0.69961
7297.33,SYN.BTC-3JAN20,1577703541025,open,0.06,133.2,0.0275,0.0735,0.04735159,52.11,0.063,0.0,BTC-3JAN20-7000-C,7292.51,49.2,0.0465,10.0,0.0485,21.9,55.88,2.17555,-14.62423,0.57437,0.00074,0.78861
7334.07,SYN.BTC-31JAN20,1577703541024,open,0.0,113.5,0.0005,0.0125,0.00278657,78.06,0.003,0.0,BTC-31JAN20-11500-C,7292.51,74.09,0.002,39.0,0.0035,43.0,81.09,1.60658,-1.9671,0.19528,4e-05,0.03328
7370.8,SYN.BTC-28FEB20,1577703541020,open,0.04,40.3,0.0175,0.065,0.03660706,64.39,0.039,0.0,BTC-28FEB20-9000-C,7292.51,63.17,0.035,23.0,0.038,3.0,65.44,9.73348,-5.23403,2.73284,0.00017,0.26262
7334.07,SYN.BTC-31JAN20,1577703541020,open,0.09,183.0,0.0645,0.116,0.08802367,54.43,0.09,0.0,BTC-31JAN20-7000-C,7292.51,51.22,0.0845,18.0,0.09,14.4,56.22,8.07365,-6.8933,3.56355,0.00032,0.6444
7370.8,SYN.BTC-28FEB20,1577703541020,open,0.1,3.6,0.079,0.148,0.11005645,62.16,0.105,0.0,BTC-28FEB20-7500-P,7292.51,61.82,0.1095,10.0,0.1125,14.4,63.68,11.89053,-6.17214,-7.10223,0.00021,-0.47733
136.79,ETH-26JUN20,1577703541061,open,0.59,4.0,0.558,0.606,0.581623,92.91,0.563,0.0,ETH-26JUN20-60-C,132.69,55.92,0.563,53.0,0.597,53.0,110.27,0.10754,-0.02793,0.24313,0.00126,0.94434
134.6,ETH-27MAR20,1577703541346,open,0.03,0.0,0.013,0.058,0.032223,87.29,None,0.0,ETH-27MAR20-90-P,132.69,85.06,0.03,320.0,0.035,560.0,90.02,0.1354,-0.06725,-0.05071,0.00356,-0.12427
134.6,ETH-27MAR20,1577703541346,open,0.37,0.0,0.33,0.397,0.363625,87.34,None,0.0,ETH-27MAR20-90-C,132.69,76.11,0.353,43.0,0.39,43.0,111.31,0.13546,-0.06732,0.16592,0.00356,0.87564
134.6,ETH-27MAR20,1577703541346,open,0.01,2.0,0.004,0.028,0.013002,96.87,0.01,0.0,ETH-27MAR20-70-P,132.69,90.89,0.01,678.0,0.016,241.0,102.23,0.07172,-0.03953,-0.0215,0.0017,-0.05335
134.6,ETH-27MAR20,1577703541346,open,0.13,0.0,0.093,0.188,0.139026,81.37,None,0.0,ETH-27MAR20-130-P,132.69,79.23,0.135,350.0,0.143,512.0,83.49,0.25287,-0.11708,-0.17051,0.00712,-0.38716
134.6,ETH-27MAR20,1577703541346,open,0.5,0.0,0.47,0.517,0.492981,96.95,None,0.0,ETH-27MAR20-70-C,132.69,78.56,0.485,47.0,0.509,47.0,121.79,0.07182,-0.03962,0.14698,0.0017,0.94655
134.6,ETH-27MAR20,1577703541346,open,0.18,1.0,0.128,0.217,0.173273,81.41,0.152,0.0,ETH-27MAR20-130-C,132.69,79.14,0.169,350.0,0.178,350.0,83.93,0.25286,-0.11713,0.14245,0.00712,0.61286
134.6,ETH-27MAR20,1577703541346,open,0.07,90.0,0.039,0.108,0.070845,81.88,0.08,0.0,ETH-27MAR20-110-P,132.69,80.67,0.069,320.0,0.075,192.0,84.59,0.20576,-0.09586,-0.10104,0.00576,-0.24096
134.6,ETH-27MAR20,1577703541346,open,0.26,0.0,0.212,0.294,0.25367,81.92,None,0.0,ETH-27MAR20-110-C,132.69,71.51,0.238,44.0,0.291,44.0,105.81,0.20578,-0.09592,0.16376,0.00576,0.759
132.93,SYN.ETH-10JAN20,1577703541610,open,0.12,0.0,0.101,0.177,0.13787,67.11,None,0.0,ETH-10JAN20-150-P,132.69,54.05,0.133,60.0,0.14,60.0,71.95,0.05634,-0.17382,-0.03864,0.01595,-0.83775
132.93,SYN.ETH-10JAN20,1577703541610,open,0.06,227.0,0.043,0.113,0.07664,63.88,0.079,0.0,ETH-10JAN20-140-P,132.69,58.06,0.073,350.0,0.079,530.0,67.6,0.08398,-0.24665,-0.02921,0.02497,-0.66095
132.93,SYN.ETH-10JAN20,1577703541610,open,0.01,216.0,0.002,0.032,0.012369,69.3,0.011,0.0,ETH-10JAN20-120-P,132.69,66.23,0.011,351.0,0.013,1.0,70.68,0.06023,-0.19189,-0.00762,0.01651,-0.18009
132.93,SYN.ETH-10JAN20,1577703541610,open,0.03,247.0,0.006,0.048,0.023425,63.88,0.021,0.0,ETH-10JAN20-140-C,132.69,60.02,0.021,240.0,0.026,350.0,67.93,0.08398,-0.24665,0.0125,0.02497,0.33905
132.93,SYN.ETH-10JAN20,1577703541610,open,0.26,0.0,0.225,0.277,0.250787,99.96,None,0.0,ETH-10JAN20-100-C,132.69,0.0,0.247,1.0,0.263,33.0,149.84,0.02029,-0.09325,0.02804,0.00386,0.9587
138.84,SYN.ETH-25SEP20,1577703541761,open,0.18,19.0,0.099,0.25,0.171306,120.0,0.083,0.0,ETH-25SEP20-320-C,132.69,93.62,0.09,350.0,0.102,450.0,97.81,0.45621,-0.10143,0.21899,0.00267,0.38464
138.84,SYN.ETH-25SEP20,1577703541761,open,1.44,0.0,1.347,1.613,1.47618,120.0,None,0.0,ETH-25SEP20-320-P,132.69,0.0,0.0,0.0,0.0,0.0,0.0,0.45621,-0.10143,-2.14704,0.00267,-0.61536
138.84,SYN.ETH-25SEP20,1577703541761,open,0.1,80.0,0.044,0.167,0.097997,120.0,0.051,0.0,ETH-25SEP20-480-C,132.69,100.03,0.05,350.0,0.059,100.0,104.25,0.37634,-0.08367,0.15221,0.0022,0.24627
7407.84,BTC-27MAR20,1577703542027,open,0.07,963.9,0.0415,0.109,0.07013912,71.81,0.0735,0.0,BTC-27MAR20-9000-C,7292.44,70.36,0.0675,44.1,0.0715,0.5,72.56,13.5093,-5.51984,5.05061,0.00014,0.35333
7407.84,BTC-27MAR20,1577703542027,open,0.38,136.4,0.3545,0.4515,0.39825287,74.26,0.41,0.0,BTC-27MAR20-10000-P,7292.44,48.47,0.3635,12.0,0.419,12.0,86.69,11.8052,-4.98774,-20.28886,0.00012,-0.73935
7566.16,BTC-26JUN20,1577703542027,open,0.23,169.2,0.1915,0.2995,0.24022727,74.05,0.2535,0.0,BTC-26JUN20-8000-P,7292.44,68.0,0.2235,11.0,0.2555,11.0,79.59,20.88925,-4.32363,-25.21294,0.0001,-0.43974
7407.84,BTC-27MAR20,1577703542027,open,1.15,1.2,1.121,1.2305,1.17032013,89.97,1.4,0.0,BTC-27MAR20-16000-P,7292.44,0.0,0.0015,10.0,1.2995,0.5,185.7,4.5424,-2.3253,-37.56932,4e-05,-0.9362
7407.84,BTC-27MAR20,1577703542027,open,1.41,0.0,1.3845,1.5015,1.43762383,94.99,1.23,0.0,BTC-27MAR20-18000-P,7292.44,0.0,0.0015,10.0,1.5995,0.5,215.35,3.58496,-1.93762,-42.63119,3e-05,-0.95272
7566.16,BTC-26JUN20,1577703542027,open,0.01,51.0,0.0035,0.0405,0.01393664,98.32,0.0145,0.0,BTC-26JUN20-28000-C,7292.44,96.53,0.0125,23.8,0.0155,15.0,100.14,6.28711,-1.7278,1.6979,2e-05,0.05973
7566.16,BTC-26JUN20,1577703542027,open,0.01,152.2,0.0005,0.0205,0.00828239,82.75,0.0085,0.0,BTC-26JUN20-3000-P,7292.44,81.05,0.0075,14.1,0.009,10.0,84.24,3.56557,-0.82478,-1.40522,2e-05,-0.02962
7407.84,BTC-27MAR20,1577703542027,open,0.01,1572.1,0.0005,0.0305,0.01043856,89.96,0.0095,0.0,BTC-27MAR20-16000-C,7292.44,88.38,0.0095,41.0,0.0115,0.2,91.64,4.5405,-2.32401,0.95106,4e-05,0.06376
7566.16,BTC-26JUN20,1577703542027,open,0.62,17.8,0.599,0.629,0.61177902,82.75,0.612,0.0,BTC-26JUN20-3000-C,7292.44,58.17,0.6045,8.0,0.624,8.0,103.01,3.56533,-0.8247,13.29702,2e-05,0.97039
7566.16,BTC-26JUN20,1577703542027,open,0.05,555.8,0.026,0.0975,0.05330828,81.11,0.0535,0.0,BTC-26JUN20-14000-C,7292.44,79.96,0.051,25.5,0.056,5.0,82.43,15.34592,-3.47927,5.88047,7e-05,0.2119
7566.16,BTC-26JUN20,1577703542027,open,0.02,16.5,0.0055,0.048,0.01816484,94.16,0.0195,0.0,BTC-26JUN20-24000-C,7292.44,92.99,0.017,14.0,0.0195,15.0,95.45,7.69134,-2.02431,2.20215,3e-05,0.07755
7566.16,BTC-26JUN20,1577703542027,open,0.42,136.4,0.3815,0.5045,0.43720237,76.43,0.42,0.0,BTC-26JUN20-10000-P,7292.44,62.14,0.3995,6.0,0.465,6.0,86.59,20.46127,-4.37125,-38.46477,0.0001,-0.60016
7407.84,BTC-27MAR20,1577703542027,open,2.21,0.0,2.177,2.32,2.24355798,106.01,None,0.0,BTC-27MAR20-24000-P,7292.44,0.0,0.0015,10.0,0.0,0.0,0.0,1.9627,-1.18382,-57.44231,1e-05,-0.97725
7407.84,BTC-27MAR20,1577703542027,open,0.02,1500.9,0.0095,0.053,0.02470263,78.8,0.0245,0.0,BTC-27MAR20-12000-C,7292.44,78.17,0.024,24.0,0.0255,2.0,79.5,8.3183,-3.72954,2.16117,8e-05,0.14588
7566.09,BTC-26JUN20,1577703542027,open,0.02,490.4,0.0095,0.0425,0.02137322,76.1,0.021,0.0,BTC-26JUN20-4000-P,7292.44,75.18,0.0205,13.0,0.022,0.5,76.75,7.2485,-1.54184,-3.45323,3e-05,-0.07176
7566.09,BTC-26JUN20,1577703542027,open,1.9,0.0,1.859,2.015,1.92870202,91.62,None,0.0,BTC-26JUN20-22000-P,7292.44,0.0,0.11,1.0,2.22,0.1,216.46,8.56919,-2.19448,-105.27343,3e-05,-0.91045
7407.84,BTC-27MAR20,1577703542027,open,0.0,162.7,0.0005,0.012,0.00222684,114.28,0.002,0.0,BTC-27MAR20-30000-C,7292.44,112.88,0.002,10.0,0.0025,17.0,115.83,1.25,-0.81276,0.19948,1e-05,0.01341
7407.84,BTC-27MAR20,1577703542027,open,0.01,476.6,0.0005,0.025,0.00767526,94.8,0.0085,0.0,BTC-27MAR20-18000-C,7292.44,93.36,0.007,42.0,0.0085,9.9,96.47,3.55966,-1.92015,0.69897,3e-05,0.04687
7566.09,BTC-26JUN20,1577703542027,open,0.31,23.9,0.267,0.3485,0.3043995,74.05,0.3125,0.0,BTC-26JUN20-6000-C,7292.44,59.11,0.2725,7.0,0.3125,7.0,77.76,16.46277,-3.40774,16.89633,8e-05,0.76008
7566.09,BTC-26JUN20,1577703542027,open,0.12,374.2,0.0755,0.168,0.11548883,76.41,0.118,0.0,BTC-26JUN20-10000-C,7292.44,75.12,0.112,13.7,0.1185,16.0,77.53,20.46027,-4.37026,10.54138,0.0001,0.39978
7566.09,BTC-26JUN20,1577703542027,open,0.24,132.8,0.1945,0.286,0.23642714,74.05,0.2215,0.0,BTC-26JUN20-7000-C,7292.44,70.19,0.2265,23.0,0.237,6.0,74.27,19.43344,-4.02234,15.66144,9e-05,0.65881
7566.09,BTC-26JUN20,1577703542027,open,2.42,0.0,2.3745,2.547,2.45219694,96.33,None,0.0,BTC-26JUN20-26000-P,7292.44,0.0,0.002,1.0,0.0,0.0,0.0,6.92774,-1.8653,-125.49579,3e-05,-0.93234
7407.84,BTC-27MAR20,1577703542027,open,0.0,715.8,0.0005,0.0105,0.00050409,115.0,0.001,0.0,BTC-27MAR20-40000-C,7292.44,114.92,0.0005,476.1,0.001,18.0,122.45,0.37227,-0.24359,0.05166,0.0,0.0034
7407.84,BTC-27MAR20,1577703542027,open,0.0,251.8,0.0005,0.0185,0.00469868,102.91,0.0045,0.0,BTC-27MAR20-22000-C,7292.44,100.61,0.004,53.0,0.0055,25.0,105.29,2.37055,-1.38807,0.42463,2e-05,0.02851
7407.84,BTC-27MAR20,1577703542027,open,0.1,339.0,0.0725,0.1465,0.10539348,69.21,0.104,0.0,BTC-27MAR20-7000-P,7292.44,68.19,0.1035,19.7,0.108,10.0,70.62,13.70232,-5.39601,-8.44692,0.00015,-0.36823
7407.84,BTC-27MAR20,1577703542027,open,0.27,102.3,0.2425,0.3365,0.28511409,71.84,0.302,0.0,BTC-27MAR20-9000-P,7292.44,56.99,0.259,13.0,0.3195,5.0,90.19,13.5106,-5.5223,-16.61649,0.00014,-0.64658
7407.77,BTC-27MAR20,1577703542027,open,0.05,1126.7,0.0245,0.084,0.04832806,74.25,0.0505,0.0,BTC-27MAR20-10000-C,7292.44,73.1,0.0465,13.0,0.0495,8.0,74.99,11.80479,-4.9875,3.78646,0.00012,0.26064
7566.09,BTC-26JUN20,1577703542027,open,0.16,351.8,0.1195,0.2145,0.16160167,74.05,0.1625,0.0,BTC-26JUN20-7000-P,7292.44,72.25,0.157,10.3,0.163,16.0,74.59,19.43347,-4.02222,-18.64331,9e-05,-0.3412
7407.77,BTC-27MAR20,1577703542027,open,0.63,55.3,0.6005,0.699,0.6446124,78.79,0.6265,0.0,BTC-27MAR20-12000-P,7292.44,0.0,0.6195,3.1,0.675,3.0,101.57,8.31661,-3.72837,-26.73004,8e-05,-0.85416
7566.09,BTC-26JUN20,1577703542027,open,1.38,1.1,1.346,1.4875,1.40885005,85.74,1.35,0.0,BTC-26JUN20-18000-P,7292.44,0.0,1.0,0.1,2.1,0.1,376.97,10.98433,-2.63247,-84.63382,5e-05,-0.87367
7407.77,BTC-27MAR20,1577703542027,open,0.47,7.4,0.4525,0.4885,0.46859698,83.41,0.4255,0.0,BTC-27MAR20-4000-C,7292.44,0.0,0.46,9.2,0.4825,9.0,107.23,3.35904,-1.59424,8.69965,3e-05,0.95639
7407.77,BTC-27MAR20,1577703542027,open,0.02,273.7,0.0095,0.0435,0.02175588,74.9,0.0205,0.0,BTC-27MAR20-5000-P,7292.44,74.05,0.021,24.0,0.023,34.1,76.28,6.6111,-2.8175,-2.26135,7e-05,-0.10504
7407.84,BTC-27MAR20,1577703542027,open,0.11,1151.4,0.0725,0.1465,0.10578684,70.23,0.106,0.0,BTC-27MAR20-8000-C,7292.44,69.83,0.105,10.0,0.1075,10.0,71.11,14.48197,-5.78697,6.66892,0.00016,0.47971
7566.09,BTC-26JUN20,1577703542027,open,0.01,81.8,0.001,0.0345,0.01069913,101.2,0.012,0.0,BTC-26JUN20-32000-C,7292.44,100.15,0.01,26.3,0.0115,1.0,102.35,5.14164,-1.45446,1.32207,2e-05,0.04635
7407.77,BTC-27MAR20,1577703542027,open,0.0,179.6,0.0005,0.0105,0.00090952,115.0,0.001,0.0,BTC-27MAR20-36000-C,7292.44,116.07,0.001,10.0,0.0015,20.2,120.93,0.60639,-0.39678,0.08852,0.0,0.00587
7407.77,BTC-27MAR20,1577703542027,open,0.0,139.3,0.0005,0.011,0.0012347,114.98,0.0015,0.0,BTC-27MAR20-34000-C,7292.44,112.57,0.001,55.2,0.0015,2.1,117.33,0.77766,-0.50876,0.11678,1e-05,0.00778
7566.09,BTC-26JUN20,1577703542027,open,0.02,24.9,0.0065,0.0525,0.02091308,91.55,0.021,0.0,BTC-26JUN20-22000-C,7292.44,90.73,0.02,13.0,0.022,0.1,92.5,8.55191,-2.1884,2.53596,3e-05,0.08931
7566.09,BTC-26JUN20,1577703542027,open,0.65,8.2,0.6045,0.734,0.66248377,78.76,0.8905,0.0,BTC-26JUN20-12000-P,7292.44,0.0,0.1,10.0,0.91,0.1,170.06,18.0547,-3.97457,-50.98595,8e-05,-0.71257
7566.09,BTC-26JUN20,1577703542027,open,0.5,0.5,0.4725,0.5185,0.49270207,76.1,0.589,0.0,BTC-26JUN20-4000-C,7292.44,59.54,0.4795,7.0,0.5125,7.0,94.23,7.24898,-1.54202,16.14923,3e-05,0.92824
7407.77,BTC-27MAR20,1577703542027,open,0.0,83.5,0.0005,0.0115,0.00169446,114.98,0.0015,0.0,BTC-27MAR20-32000-C,7292.44,113.48,0.0015,10.0,0.002,20.0,117.1,1.0027,-0.65598,0.15531,1e-05,0.0104
7407.77,BTC-27MAR20,1577703542027,open,0.35,2.1,0.324,0.3745,0.34679347,74.91,0.3115,0.0,BTC-27MAR20-5000-C,7292.44,54.72,0.332,8.0,0.3685,8.0,96.39,6.6116,-2.81791,9.77614,7e-05,0.89495
7566.09,BTC-26JUN20,1577703542027,open,0.03,269.7,0.0115,0.0655,0.02982984,85.75,0.0285,0.0,BTC-26JUN20-18000-C,7292.44,85.17,0.029,28.0,0.0305,0.1,86.21,10.98711,-2.63346,3.57996,5e-05,0.12638
7566.09,BTC-26JUN20,1577703542027,open,1.13,5.0,1.093,1.23,1.15381502,83.5,1.22,0.0,BTC-26JUN20-16000-P,7292.44,0.0,0.56,1.0,2.0,0.1,499.9,12.95931,-3.02489,-73.8782,6e-05,-0.83863
7566.09,BTC-26JUN20,1577703542027,open,0.32,107.9,0.28,0.3965,0.33289202,74.81,0.336,0.0,BTC-26JUN20-9000-P,7292.44,63.85,0.3025,10.0,0.3535,10.0,82.2,21.07956,-4.40809,-31.91042,0.0001,-0.52771
7407.77,BTC-27MAR20,1577703542027,open,0.05,606.4,0.029,0.0835,0.05133509,70.52,0.0515,0.0,BTC-27MAR20-6000-P,7292.44,69.59,0.05,12.0,0.053,10.0,71.67,10.67947,-4.28516,-4.78686,0.00011,-0.21707
7566.09,BTC-26JUN20,1577703542027,open,0.88,13.4,0.8445,0.9775,0.90365733,81.11,1.1,0.0,BTC-26JUN20-14000-P,7292.44,0.0,0.5,3.0,1.35,0.1,251.42,15.34448,-3.47872,-62.73013,7e-05,-0.78813
7566.09,BTC-26JUN20,1577703542027,open,0.39,0.0,0.36,0.4255,0.38965731,74.52,None,0.0,BTC-26JUN20-5000-C,7292.44,59.3,0.367,7.0,0.4165,7.0,90.5,12.11385,-2.52345,17.22695,6e-05,0.85426
7407.77,BTC-27MAR20,1577703542027,open,0.18,274.6,0.146,0.2335,0.18573981,70.23,0.1795,0.0,BTC-27MAR20-8000-P,7292.44,68.07,0.1815,13.3,0.1885,2.0,71.65,14.48183,-5.7873,-12.59168,0.00016,-0.52029
7566.09,BTC-26JUN20,1577703542027,open,0.02,72.9,0.0045,0.044,0.01583441,96.35,0.0165,0.0,BTC-26JUN20-26000-C,7292.44,94.86,0.0145,23.8,0.0175,17.0,98.12,6.93352,-1.86734,1.92438,3e-05,0.06773
7566.09,BTC-26JUN20,1577703542027,open,0.08,437.2,0.0425,0.125,0.0764703,78.76,0.077,0.0,BTC-26JUN20-12000-C,7292.44,77.51,0.0735,23.7,0.079,5.0,79.82,18.05533,-3.97492,7.82289,8e-05,0.28745
7407.77,BTC-27MAR20,1577703542028,open,0.88,59.0,0.859,0.962,0.90514388,84.58,0.877,0.0,BTC-27MAR20-14000-P,7292.44,0.0,0.4,0.5,0.9895,0.5,147.44,6.01813,-2.89632,-32.32982,5e-05,-0.90761
7566.09,BTC-26JUN20,1577703542028,open,0.05,304.0,0.0285,0.083,0.05049626,74.52,0.0435,0.0,BTC-26JUN20-5000-P,7292.44,72.64,0.0475,25.2,0.0525,18.0,75.77,12.1136,-2.5233,-7.27624,6e-05,-0.14574
7566.09,BTC-26JUN20,1577703542028,open,0.09,354.1,0.0645,0.141,0.09740624,74.05,0.089,0.0,BTC-26JUN20-6000-P,7292.44,72.71,0.0945,0.3,0.098,10.3,74.32,16.4627,-3.40762,-12.50763,8e-05,-0.23992
7407.77,BTC-27MAR20,1577703542028,open,0.01,1363.0,0.0005,0.0215,0.0085669,83.41,0.0075,0.0,BTC-27MAR20-4000-P,7292.44,82.13,0.008,24.0,0.009,19.1,84.35,3.35831,-1.59374,-0.93029,3e-05,-0.0436
7566.09,BTC-26JUN20,1577703542028,open,0.15,186.9,0.101,0.196,0.14338192,74.81,0.1485,0.0,BTC-26JUN20-9000-C,7292.44,74.32,0.142,12.6,0.1465,6.0,75.93,21.07959,-4.40826,12.19596,0.0001,0.4723
7407.77,BTC-27MAR20,1577703542028,open,3.54,0.0,3.5,3.691,3.59097905,114.68,None,0.0,BTC-27MAR20-34000-P,7292.44,0.0,0.0015,10.0,0.0,0.0,0.0,0.7632,-0.498,-81.74241,1e-05,-0.99238
7566.09,BTC-26JUN20,1577703542028,open,0.03,904.7,0.009,0.06,0.0255585,89.48,0.027,0.0,BTC-26JUN20-20000-C,7292.44,88.65,0.0245,4.0,0.027,15.0,90.57,9.81154,-2.45394,3.04694,4e-05,0.10773
7407.77,BTC-27MAR20,1577703542027,open,3.81,0.0,3.7645,3.965,3.86063883,114.59,None,0.0,BTC-27MAR20-36000-P,7292.44,0.0,0.0015,10.0,0.0,0.0,0.0,0.58988,-0.38461,-86.58602,0.0,-0.99431
7407.77,BTC-27MAR20,1577703542028,open,0.0,159.1,0.0005,0.016,0.00373844,105.97,0.004,0.0,BTC-27MAR20-24000-C,7292.44,102.97,0.003,53.0,0.0045,22.0,108.68,1.95959,-1.18158,0.33837,1e-05,0.02271
7566.09,BTC-26JUN20,1577703542028,open,2.16,0.0,2.1165,2.2805,2.19019179,94.14,None,0.0,BTC-26JUN20-24000-P,7292.44,0.0,0.002,1.0,0.0,0.0,0.0,7.68626,-2.02255,-115.41645,3e-05,-0.92251
7407.77,BTC-27MAR20,1577703542027,open,0.16,547.9,0.1265,0.2,0.16044611,69.21,0.163,0.0,BTC-27MAR20-7000-C,7292.44,67.35,0.157,9.0,0.163,10.0,70.59,13.70232,-5.39609,8.40573,0.00015,0.63176
7407.77,BTC-27MAR20,1577703542028,open,1.94,5.6,1.9125,2.047,1.97453326,102.85,1.545,0.0,BTC-27MAR20-22000-P,7292.44,0.0,0.0015,10.0,0.0,0.0,0.0,2.3639,-1.38334,-52.5429,2e-05,-0.97159
7566.09,BTC-26JUN20,1577703542028,open,0.01,91.7,0.0025,0.038,0.01243951,100.19,0.0115,0.0,BTC-26JUN20-30000-C,7292.44,98.92,0.0115,14.0,0.0135,44.0,101.55,5.75073,-1.61053,1.51648,2e-05,0.05334
7407.77,BTC-27MAR20,1577703542028,open,0.25,25.4,0.211,0.2765,0.2413802,70.52,0.235,0.0,BTC-27MAR20-6000-C,7292.44,67.11,0.2365,16.0,0.2585,16.0,82.12,10.67966,-4.28547,9.65824,0.00011,0.78293
7407.77,BTC-27MAR20,1577703542028,open,0.0,73.2,0.0005,0.0125,0.0025007,111.19,0.0025,0.0,BTC-27MAR20-28000-C,7292.44,108.32,0.002,29.0,0.003,15.0,113.68,1.39383,-0.88184,0.22684,1e-05,0.01522
7566.09,BTC-26JUN20,1577703542028,open,2.93,0.0,2.891,3.0805,2.9774732,100.16,None,0.0,BTC-26JUN20-30000-P,7292.44,0.0,0.002,1.0,0.0,0.0,0.0,5.74334,-1.6079,-145.50687,2e-05,-0.94675
7566.09,BTC-26JUN20,1577703542028,open,3.19,0.0,3.1495,3.347,3.2400684,101.16,None,0.0,BTC-26JUN20-32000-P,7292.44,0.0,0.002,1.0,0.0,0.0,0.0,5.13324,-1.45149,-155.50292,2e-05,-0.95374
7306.78,SYN.BTC-10JAN20,1577703542026,open,0.0,13.1,0.0005,0.0115,0.00191376,67.61,0.002,0.0,BTC-10JAN20-9000-C,7292.44,64.75,0.0015,30.0,0.0025,27.3,71.11,1.13172,-3.51787,0.08737,0.00011,0.04204
7297.6,SYN.BTC-3JAN20,1577703542027,open,0.06,8.1,0.044,0.094,0.06575855,52.63,0.051,0.0,BTC-3JAN20-7750-P,7292.44,0.0,0.0465,5.0,0.0705,6.0,70.32,1.67063,-11.34227,-0.71765,0.00056,-0.86038
7566.09,BTC-26JUN20,1577703542028,open,2.67,0.0,2.6325,2.8135,2.71463475,98.29,None,0.0,BTC-26JUN20-28000-P,7292.44,0.0,0.002,1.0,0.0,0.0,0.0,6.28046,-1.72546,-135.52389,2e-05,-0.94035
7407.77,BTC-27MAR20,1577703542028,open,3.01,0.0,2.971,3.143,3.05200127,114.11,None,0.0,BTC-27MAR20-30000-P,7292.44,0.0,0.0015,10.0,0.0,0.0,0.0,1.23908,-0.80452,-72.02904,1e-05,-0.98672
7407.77,BTC-27MAR20,1577703542028,open,1.68,5.2,1.6485,1.773,1.70554747,98.5,2.035,0.0,BTC-27MAR20-20000-P,7292.44,0.0,0.0015,10.0,1.8995,0.5,242.85,2.80153,-1.57016,-47.63006,2e-05,-0.96511
7407.77,BTC-27MAR20,1577703542028,open,2.74,0.0,2.706,2.868,2.78229017,111.06,None,0.0,BTC-27MAR20-28000-P,7292.44,0.0,0.0015,10.0,0.0,0.0,0.0,1.38384,-0.87445,-67.18646,1e-05,-0.98491
7679.34,SYN.BTC-25SEP20,1577703542026,open,0.07,105.7,0.047,0.115,0.07560132,74.54,0.0755,0.0,BTC-25SEP20-5000-P,7292.44,73.06,0.0725,9.9,0.0755,0.2,74.49,16.13858,-2.22871,-13.43985,5e-05,-0.1611
7297.6,SYN.BTC-3JAN20,1577703542027,open,0.09,5.1,0.0755,0.124,0.09831683,60.75,0.0875,0.0,BTC-3JAN20-8000-P,7292.44,0.0,0.078,4.0,0.114,4.0,121.79,1.06899,-8.37863,-0.79263,0.00031,-0.92458
7679.34,SYN.BTC-25SEP20,1577703542026,open,0.15,32.3,0.0995,0.209,0.14730354,78.45,0.1505,0.0,BTC-25SEP20-11000-C,7292.44,76.58,0.141,13.9,0.153,5.0,80.14,25.84515,-3.75664,15.62801,8e-05,0.42254
7371.08,SYN.BTC-28FEB20,1577703542026,open,0.14,1.0,0.119,0.193,0.15279588,62.31,0.14,0.0,BTC-28FEB20-8000-P,7292.44,54.82,0.141,6.0,0.169,6.0,72.48,11.67853,-6.07708,-8.84341,0.00021,-0.57856
7371.08,SYN.BTC-28FEB20,1577703542026,open,0.36,0.0,0.342,0.422,0.37826766,68.06,None,0.0,BTC-28FEB20-10000-P,7292.44,0.0,0.0,0.0,0.0,0.0,0.0,7.44999,-4.23414,-14.65421,0.00012,-0.83365
7371.08,SYN.BTC-28FEB20,1577703542026,open,0.17,0.5,0.1375,0.198,0.16599769,63.07,0.1685,0.0,BTC-28FEB20-6500-C,7292.44,60.44,0.1625,10.0,0.169,18.0,65.32,9.82743,-5.17602,6.84857,0.00017,0.73238
7407.77,BTC-27MAR20,1577703542029,open,0.0,115.2,0.0005,0.0145,0.00321832,109.54,0.004,0.0,BTC-27MAR20-26000-C,7292.44,106.15,0.0025,29.0,0.004,51.0,112.67,1.71106,-1.0664,0.28767,1e-05,0.01935
7679.34,SYN.BTC-25SEP20,1577703542026,open,0.04,15.7,0.02,0.065,0.03750603,75.56,0.035,0.0,BTC-25SEP20-4000-P,7292.44,75.2,0.037,9.3,0.038,3.0,75.91,10.89668,-1.52546,-7.35161,3e-05,-0.09197
7566.09,BTC-26JUN20,1577703542029,open,1.64,0.1,1.602,1.752,1.6689143,89.46,1.85,0.0,BTC-26JUN20-20000-P,7292.44,0.0,0.0005,3.0,1.88,0.1,182.07,9.80813,-2.45271,-94.96842,4e-05,-0.89232
7407.77,BTC-27MAR20,1577703542029,open,0.01,516.0,0.0045,0.0385,0.01524915,84.6,0.0155,0.0,BTC-27MAR20-14000-C,7292.44,83.67,0.0145,48.0,0.0165,15.1,86.11,6.02071,-2.8981,1.37665,5e-05,0.09244
7306.78,SYN.BTC-10JAN20,1577703542027,open,0.12,0.0,0.11,0.165,0.13438443,56.51,None,0.0,BTC-10JAN20-8250-P,7292.44,0.0,0.0,0.0,0.0,0.0,0.0,2.461,-6.39313,-2.21751,0.00027,-0.88415
7297.6,SYN.BTC-3JAN20,1577703542027,open,0.01,1173.4,0.0005,0.0335,0.00928845,48.47,0.01,0.0,BTC-3JAN20-7500-C,7292.44,47.67,0.009,0.4,0.0095,0.1,49.06,2.61684,-16.36382,0.22571,0.00095,0.30057
7306.78,SYN.BTC-10JAN20,1577703542026,open,0.0,87.9,0.0005,0.0125,0.00257979,71.28,0.002,0.0,BTC-10JAN20-6000-P,7292.44,67.7,0.002,40.0,0.003,12.5,73.62,1.26264,-4.13799,-0.11049,0.00011,-0.04817
7407.77,BTC-27MAR20,1577703542030,open,0.01,510.2,0.0005,0.021,0.00569785,98.55,0.0055,0.0,BTC-27MAR20-20000-C,7292.44,96.63,0.005,69.0,0.0065,1.0,100.58,2.80723,-1.57412,0.52223,2e-05,0.03498
7297.6,SYN.BTC-3JAN20,1577703542028,open,0.15,0.0,0.1425,0.192,0.16552444,74.96,None,0.0,BTC-3JAN20-8500-P,7292.44,0.0,0.002,0.1,0.0,0.0,0.0,0.46061,-4.45445,-0.88266,0.00011,-0.97356
7679.34,SYN.BTC-25SEP20,1577703542026,open,0.46,1.0,0.4055,0.542,0.46722046,75.57,0.485,0.0,BTC-25SEP20-10000-P,7292.44,0.0,0.01,1.0,0.5025,0.1,85.86,26.25601,-3.67604,-56.76182,8e-05,-0.53246
7334.34,SYN.BTC-31JAN20,1577703542027,open,0.01,599.3,0.002,0.0285,0.01182718,59.65,0.012,0.0,BTC-31JAN20-9000-C,7292.44,57.6,0.0105,39.0,0.013,54.0,61.38,4.86259,-4.54944,0.83151,0.00017,0.14165
7306.78,SYN.BTC-10JAN20,1577703542026,open,0.19,0.0,0.175,0.2285,0.19998366,63.29,None,0.0,BTC-10JAN20-8750-P,7292.44,0.0,0.0,0.0,0.0,0.0,0.0,1.40987,-4.10261,-2.49208,0.00014,-0.94466
7306.78,SYN.BTC-10JAN20,1577703542027,open,0.09,1.9,0.066,0.1135,0.08587111,53.63,0.1,0.0,BTC-10JAN20-6750-C,7292.44,51.7,0.085,10.0,0.0895,16.0,61.2,3.3486,-8.25629,1.5909,0.00039,0.8166
7679.34,SYN.BTC-25SEP20,1577703542026,open,0.27,2.4,0.2235,0.342,0.27688347,74.2,0.263,0.0,BTC-25SEP20-8000-P,7292.44,67.19,0.2535,9.0,0.2895,9.0,78.01,25.50132,-3.50553,-38.39977,8e-05,-0.39941
7679.34,SYN.BTC-25SEP20,1577703542026,open,0.24,29.8,0.1865,0.293,0.23508892,74.19,0.2485,0.0,BTC-25SEP20-8000-C,7292.44,74.16,0.235,10.5,0.2455,5.0,77.33,25.50171,-3.50503,20.75194,8e-05,0.60057
7371.08,SYN.BTC-28FEB20,1577703542027,open,0.34,0.0,0.313,0.355,0.33223749,72.74,None,0.0,BTC-28FEB20-5000-C,7292.44,0.0,0.3215,7.2,0.35,7.0,98.34,4.07425,-2.47478,7.20988,6e-05,0.9285
7679.34,SYN.BTC-25SEP20,1577703542026,open,0.52,0.0,0.492,0.5475,0.51660876,75.55,None,0.0,BTC-25SEP20-4000-C,7292.44,64.83,0.5025,6.0,0.5415,6.0,91.78,10.89491,-1.52493,22.22605,3e-05,0.90805
7306.78,SYN.BTC-10JAN20,1577703542027,open,0.01,371.1,0.0075,0.0455,0.017357,50.97,0.018,0.0,BTC-10JAN20-7000-P,7292.44,49.53,0.0165,17.9,0.017,0.8,50.37,4.36886,-10.23685,-0.68555,0.00054,-0.29752
7306.78,SYN.BTC-10JAN20,1577703542027,open,0.03,573.9,0.012,0.0535,0.02230331,48.6,0.0245,0.0,BTC-10JAN20-7500-C,7292.44,46.63,0.021,39.0,0.023,14.9,49.65,4.85269,-10.84197,0.80901,0.00063,0.39389
7306.78,SYN.BTC-10JAN20,1577703542027,open,0.16,0.0,0.1285,0.17,0.14844527,64.79,None,0.0,BTC-10JAN20-6250-C,7292.44,0.0,0.1445,6.1,0.1665,6.0,113.61,1.75158,-5.21741,1.69472,0.00017,0.92685
7679.34,SYN.BTC-25SEP20,1577703542026,open,0.36,1.9,0.3075,0.398,0.34895621,74.53,0.3605,0.0,BTC-25SEP20-6000-C,7292.44,73.42,0.346,0.1,0.3785,6.0,85.56,20.53948,-2.83609,23.32483,6e-05,0.75975
7297.6,SYN.BTC-3JAN20,1577703542027,open,0.0,133.7,0.0005,0.0105,0.00042295,90.02,0.0005,0.0,BTC-3JAN20-9000-C,7292.44,0.0,0.0,0.0,0.001,20.0,101.94,0.25864,-3.00374,0.01007,5e-05,0.01341
7306.78,SYN.BTC-10JAN20,1577703542026,open,0.06,0.1,0.054,0.109,0.07397966,50.43,0.0635,0.0,BTC-10JAN20-7750-P,7292.44,0.0,0.058,6.2,0.096,6.0,85.97,4.11836,-9.54875,-1.7648,0.00051,-0.73662
7306.78,SYN.BTC-10JAN20,1577703542027,open,0.0,69.2,0.0005,0.0115,0.00194431,79.19,0.0015,0.0,BTC-10JAN20-5750-P,7292.44,75.55,0.0015,10.0,0.0025,48.3,83.13,0.95837,-3.4892,-0.07889,8e-05,-0.03429
7306.78,SYN.BTC-10JAN20,1577703542026,open,0.01,78.8,0.0005,0.02,0.00583568,58.58,0.0055,0.0,BTC-10JAN20-6500-P,7292.44,57.56,0.0055,30.0,0.006,1.5,59.08,2.42707,-6.53697,-0.26006,0.00026,-0.11361
7297.6,SYN.BTC-3JAN20,1577703542027,open,0.15,0.5,0.1265,0.164,0.14430511,77.79,0.1625,0.0,BTC-3JAN20-6250-C,7292.44,0.0,0.1325,5.0,0.159,5.0,165.02,0.42817,-4.29708,0.64429,0.0001,0.97577
7306.78,SYN.BTC-10JAN20,1577703542026,open,0.09,0.0,0.0805,0.136,0.10283373,52.65,None,0.0,BTC-10JAN20-8000-P,7292.44,0.0,0.081,5.0,0.1225,5.0,89.18,3.19894,-7.74382,-2.02961,0.00038,-0.8294
7297.6,SYN.BTC-3JAN20,1577703542027,open,0.01,402.0,0.0005,0.027,0.00660098,52.11,0.005,0.0,BTC-3JAN20-7000-P,7292.44,50.07,0.006,0.1,0.0065,0.6,51.78,2.17469,-14.62114,-0.1688,0.00074,-0.21124
7371.08,SYN.BTC-28FEB20,1577703542027,open,0.19,0.0,0.1675,0.2445,0.20263493,63.19,None,0.0,BTC-28FEB20-8500-P,7292.44,23.2,0.156,0.1,0.0,0.0,0.0,10.86373,-5.73211,-10.50323,0.00019,-0.66599
7371.08,SYN.BTC-28FEB20,1577703542026,open,0.01,33.9,0.007,0.0365,0.01755964,68.15,0.0155,0.0,BTC-28FEB20-5500-P,7292.44,67.44,0.017,10.0,0.0185,24.0,69.33,5.80533,-3.3038,-1.60642,0.0001,-0.11529
7371.08,SYN.BTC-28FEB20,1577703542026,open,0.01,71.2,0.004,0.034,0.01385217,72.12,0.014,0.0,BTC-28FEB20-11000-C,7292.44,71.65,0.0135,24.0,0.015,31.0,73.59,5.6277,-3.3892,1.16722,9e-05,0.11038
7297.6,SYN.BTC-3JAN20,1577703542027,open,0.0,145.2,0.0005,0.0105,0.00078224,78.31,0.0005,0.0,BTC-3JAN20-6250-P,7292.44,72.95,0.0005,10.1,0.001,5.7,81.66,0.43881,-4.4331,-0.01994,0.0001,-0.02495
7334.34,SYN.BTC-31JAN20,1577703542027,open,0.29,4.8,0.2735,0.3375,0.30317696,62.95,0.3445,0.0,BTC-31JAN20-9500-P,7292.44,0.0,0.0015,10.0,0.0,0.0,0.0,3.72542,-3.67877,-7.72446,0.00013,-0.9028
7679.34,SYN.BTC-25SEP20,1577703542027,open,1.38,1.0,1.334,1.5015,1.40840184,85.01,1.43,0.0,BTC-25SEP20-18000-P,7292.44,0.0,1.33,0.5,1.43,0.2,93.23,19.13147,-3.01318,-124.71725,5e-05,-0.7881
7334.34,SYN.BTC-31JAN20,1577703542027,open,0.02,780.8,0.007,0.0385,0.01874001,56.7,0.0205,0.0,BTC-31JAN20-8500-C,7292.44,54.64,0.017,47.3,0.02,19.3,58.15,6.2964,-5.59997,1.24342,0.00024,0.21287
7306.78,SYN.BTC-10JAN20,1577703542027,open,0.0,13.4,0.0005,0.012,0.00242269,63.07,0.0025,0.0,BTC-10JAN20-8750-C,7292.44,60.74,0.002,30.0,0.003,7.5,65.92,1.39624,-4.04848,0.11373,0.00014,0.05466
7306.78,SYN.BTC-10JAN20,1577703542027,open,0.01,172.8,0.0005,0.029,0.00792084,52.56,0.0085,0.0,BTC-10JAN20-8000-C,7292.44,50.41,0.007,24.0,0.008,0.1,52.75,3.19349,-7.71736,0.3532,0.00038,0.17015
7306.78,SYN.BTC-10JAN20,1577703542027,open,0.01,158.2,0.0035,0.04,0.01328279,50.36,0.015,0.0,BTC-10JAN20-7750-C,7292.44,48.06,0.012,24.0,0.0145,0.1,52.51,4.11583,-9.53002,0.54382,0.00051,0.26307
7306.78,SYN.BTC-10JAN20,1577703542027,open,0.04,26.4,0.0325,0.085,0.04878414,48.65,0.0475,0.0,BTC-10JAN20-7500-P,7292.44,45.96,0.047,18.0,0.0515,28.0,52.73,4.85322,-10.8556,-1.42547,0.00063,-0.60595
7679.34,SYN.BTC-25SEP20,1577703542027,open,0.57,1.0,0.5145,0.6595,0.57977104,78.47,0.59,0.0,BTC-25SEP20-11000-P,7292.44,0.0,0.015,1.0,0.715,0.1,118.09,25.84603,-3.75753,-65.70352,8e-05,-0.57739
7334.34,SYN.BTC-31JAN20,1577703542027,open,0.07,193.5,0.0525,0.1075,0.07643235,54.17,0.0725,0.0,BTC-31JAN20-7500-P,7292.44,51.68,0.0735,14.2,0.0785,21.7,55.92,8.63149,-7.33392,-3.84406,0.00034,-0.52372
7679.34,SYN.BTC-25SEP20,1577703542026,open,0.17,49.5,0.117,0.2255,0.16497728,75.56,0.174,0.0,BTC-25SEP20-10000-C,7292.44,75.85,0.166,13.7,0.178,5.3,79.36,26.25572,-3.67531,17.17639,8e-05,0.46749
7679.34,SYN.BTC-25SEP20,1577703542026,open,0.9,1.0,0.851,1.007,0.92090661,81.1,0.93,0.0,BTC-25SEP20-14000-P,7292.44,0.0,0.03,1.0,0.99,0.1,102.71,23.1013,-3.47098,-91.79912,7e-05,-0.69585
7334.34,SYN.BTC-31JAN20,1577703542027,open,0.01,922.5,0.0015,0.0265,0.01145129,62.04,0.0115,0.0,BTC-31JAN20-6000-P,7292.44,60.38,0.0105,64.0,0.012,0.1,62.97,4.27454,-4.15949,-0.82665,0.00015,-0.11761
7306.78,SYN.BTC-10JAN20,1577703542027,open,0.07,50.7,0.0415,0.0905,0.05930822,50.91,0.067,0.0,BTC-10JAN20-7000-C,7292.44,48.71,0.058,10.0,0.061,1.0,53.72,4.36769,-10.22249,1.40066,0.00054,0.70265
7371.08,SYN.BTC-28FEB20,1577703542026,open,0.49,0.0,0.4695,0.5505,0.50622787,72.19,None,0.0,BTC-28FEB20-11000-P,7292.44,0.0,0.0,0.0,0.0,0.0,0.0,5.63845,-3.39917,-16.87464,9e-05,-0.88932
7297.6,SYN.BTC-3JAN20,1577703542027,open,0.0,666.7,0.0005,0.0125,0.0020261,60.49,0.002,0.0,BTC-3JAN20-8000-C,7292.44,56.58,0.0015,45.4,0.0025,10.0,63.58,1.05877,-8.26174,0.05614,0.00031,0.07447
7297.6,SYN.BTC-3JAN20,1577703542027,open,0.22,0.0,0.2095,0.2615,0.23375002,91.23,None,0.0,BTC-3JAN20-9000-P,7292.44,0.0,0.0005,2.0,0.0,0.0,0.0,0.27656,-3.25483,-0.94478,5e-05,-0.9855
7306.78,SYN.BTC-10JAN20,1577703542027,open,0.0,58.5,0.0005,0.0145,0.00361368,60.14,0.0035,0.0,BTC-10JAN20-8500-C,7292.44,57.64,0.003,30.0,0.0045,59.8,63.41,1.87508,-5.18477,0.1663,0.0002,0.08
7334.34,SYN.BTC-31JAN20,1577703542027,open,0.42,0.0,0.405,0.472,0.43617865,71.29,None,0.0,BTC-31JAN20-10500-P,7292.44,0.0,0.0015,10.0,0.0,0.0,0.0,2.41281,-2.69821,-8.8463,7e-05,-0.94495
7371.08,SYN.BTC-28FEB20,1577703542026,open,0.24,0.0,0.2215,0.3,0.25764138,64.42,None,0.0,BTC-28FEB20-9000-P,7292.44,0.0,0.0,0.0,0.0,0.0,0.0,9.7372,-5.23833,-12.02935,0.00017,-0.7372
7334.34,SYN.BTC-31JAN20,1577703542029,open,0.0,390.5,0.0005,0.0135,0.00367979,77.52,0.0035,0.0,BTC-31JAN20-5000-P,7292.44,76.75,0.0035,10.0,0.004,3.0,78.83,1.75151,-2.12973,-0.26035,5e-05,-0.03697
7371.08,SYN.BTC-28FEB20,1577703542026,open,0.07,47.9,0.0415,0.1,0.06743174,62.29,0.066,0.0,BTC-28FEB20-8000-C,7292.44,60.75,0.065,25.0,0.07,22.4,63.91,11.67809,-6.07431,4.27964,0.00021,0.42136
7334.34,SYN.BTC-31JAN20,1577703542027,open,0.0,243.4,0.0005,0.012,0.0022018,80.92,0.002,0.0,BTC-31JAN20-12000-C,7292.44,79.76,0.002,35.0,0.0025,5.4,82.51,1.31857,-1.67358,0.15388,3e-05,0.02623
7371.08,SYN.BTC-28FEB20,1577703542027,open,0.22,0.0,0.1895,0.2445,0.21511135,64.78,None,0.0,BTC-28FEB20-6000-C,7292.44,44.17,0.196,7.0,0.242,7.0,88.17,7.83257,-4.23734,7.31471,0.00014,0.82005
7334.34,SYN.BTC-31JAN20,1577703542027,open,0.04,490.7,0.0235,0.069,0.04247148,54.44,0.0415,0.0,BTC-31JAN20-7000-P,7292.44,53.1,0.041,15.0,0.0435,1.0,55.38,8.07339,-6.89451,-2.54923,0.00032,-0.35553
7334.34,SYN.BTC-31JAN20,1577703542027,open,0.03,400.8,0.015,0.055,0.03171288,54.97,0.035,0.0,BTC-31JAN20-8000-C,7292.44,53.82,0.0305,25.0,0.033,27.3,56.17,7.80138,-6.72618,1.87886,0.0003,0.32505
7334.34,SYN.BTC-31JAN20,1577703542027,open,0.11,148.6,0.0945,0.155,0.12251296,55.0,0.14,0.0,BTC-31JAN20-8000-P,7292.44,43.28,0.1105,6.0,0.1495,6.0,79.32,7.80288,-6.73212,-5.10687,0.0003,-0.6748
7679.34,SYN.BTC-25SEP20,1577703542026,open,0.29,0.6,0.2405,0.3415,0.28689082,74.53,0.294,0.0,BTC-25SEP20-7000-C,7292.44,73.75,0.2845,8.7,0.298,14.7,78.15,23.6442,-3.26483,22.2651,7e-05,0.67902
7334.34,SYN.BTC-31JAN20,1577703542027,open,0.26,20.2,0.238,0.2785,0.256836,70.17,0.2455,0.0,BTC-31JAN20-5500-C,7292.44,42.36,0.2505,7.0,0.2745,7.0,103.37,2.84205,-3.12799,4.32526,9e-05,0.93212
7297.6,SYN.BTC-3JAN20,1577703542027,open,0.0,154.3,0.0005,0.0105,0.00077442,95.42,0.0005,0.0,BTC-3JAN20-6000-P,7292.44,89.31,0.0005,24.4,0.001,44.2,99.48,0.37425,-4.60712,-0.01661,7e-05,-0.02066
7679.34,SYN.BTC-25SEP20,1577703542026,open,0.36,1.3,0.3115,0.4415,0.37053385,75.57,0.361,0.0,BTC-25SEP20-9000-P,7292.44,65.49,0.336,5.0,0.394,5.0,82.45,26.25767,-3.67619,-47.60343,8e-05,-0.46785
7371.08,SYN.BTC-28FEB20,1577703542027,open,0.02,74.5,0.008,0.0455,0.02156248,68.01,0.0225,0.0,BTC-28FEB20-10000-C,7292.44,66.95,0.0205,29.3,0.0235,42.3,69.9,7.44324,-4.22713,1.7479,0.00012,0.16612
7306.78,SYN.BTC-10JAN20,1577703542027,open,0.04,132.7,0.0235,0.0705,0.03735082,48.59,0.038,0.0,BTC-10JAN20-7250-C,7292.44,46.61,0.036,10.0,0.038,2.3,49.54,4.98613,-11.13848,1.12412,0.00065,0.55367
7371.08,SYN.BTC-28FEB20,1577703542027,open,0.07,10.7,0.048,0.1085,0.07453634,62.17,0.07,0.0,BTC-28FEB20-7000-P,7292.44,61.49,0.0735,10.0,0.0745,0.5,62.15,11.27519,-5.85382,-5.37895,0.0002,-0.37031
7297.6,SYN.BTC-3JAN20,1577703542027,open,0.0,130.5,0.0005,0.0105,0.00051384,106.47,0.0005,0.0,BTC-3JAN20-5750-P,7292.44,0.0,0.0,0.0,0.001,68.6,117.67,0.25108,-3.44866,-0.01044,4e-05,-0.01296
7334.34,SYN.BTC-31JAN20,1577703542027,open,0.33,7.4,0.306,0.3405,0.32192974,77.41,0.329,0.0,BTC-31JAN20-5000-C,7292.44,51.17,0.3185,7.0,0.336,7.0,114.33,1.74486,-2.11876,4.10744,5e-05,0.9632
7297.6,SYN.BTC-3JAN20,1577703542027,open,0.12,0.0,0.1085,0.158,0.1317079,67.96,None,0.0,BTC-3JAN20-8250-P,7292.44,0.0,0.002,0.1,0.0,0.0,0.0,0.68733,-6.02592,-0.84361,0.00018,-0.95698
7679.34,SYN.BTC-25SEP20,1577703542026,open,0.06,0.1,0.0315,0.1175,0.0643641,84.98,0.0635,0.0,BTC-25SEP20-18000-C,7292.44,83.82,0.0615,9.2,0.067,5.0,86.03,19.12186,-3.01043,8.36673,5e-05,0.21172
7334.34,SYN.BTC-31JAN20,1577703542027,open,0.02,681.6,0.009,0.042,0.02197318,57.0,0.022,0.0,BTC-31JAN20-6500-P,7292.44,55.86,0.021,15.0,0.0225,0.1,57.62,6.27323,-5.60928,-1.49563,0.00023,-0.21153
7679.34,SYN.BTC-25SEP20,1577703542027,open,1.63,1.0,1.5805,1.7535,1.65740559,86.25,1.68,0.0,BTC-25SEP20-20000-P,7292.44,0.0,0.06,1.0,1.75,0.1,119.74,17.25637,-2.75751,-140.73311,5e-05,-0.82117
7371.08,SYN.BTC-28FEB20,1577703542027,open,0.03,28.6,0.012,0.054,0.02795018,66.24,0.0295,0.0,BTC-28FEB20-9500-C,7292.44,64.98,0.0265,43.3,0.03,42.3,67.98,8.56807,-4.73931,2.18326,0.00015,0.20851
7371.08,SYN.BTC-28FEB20,1577703542027,open,0.01,34.7,0.001,0.0255,0.01059008,72.79,0.009,0.0,BTC-28FEB20-5000-P,7292.44,71.71,0.01,10.0,0.0115,34.0,74.4,4.07872,-2.47909,-0.99382,6e-05,-0.0716
7679.34,SYN.BTC-25SEP20,1577703542026,open,0.13,1.2,0.0815,0.188,0.12712504,79.25,0.1305,0.0,BTC-25SEP20-12000-C,7292.44,77.52,0.1215,5.0,0.132,0.2,80.74,25.07392,-3.68164,14.16837,7e-05,0.37666
7297.6,SYN.BTC-3JAN20,1577703542027,open,0.0,244.3,0.0005,0.0105,0.00025621,113.23,0.0005,0.0,BTC-3JAN20-5500-P,7292.44,0.0,0.0,0.0,0.0005,5.1,123.3,0.13786,-1.8697,-0.00526,2e-05,-0.00653
7297.6,SYN.BTC-3JAN20,1577703542027,open,0.09,4.6,0.0575,0.0995,0.0778609,59.37,0.082,0.0,BTC-3JAN20-6750-C,7292.44,57.25,0.0775,10.0,0.08,10.0,70.12,1.27924,-9.79776,0.64029,0.00038,0.90416
7679.34,SYN.BTC-25SEP20,1577703542026,open,1.14,1.0,1.0895,1.252,1.16188318,83.13,1.18,0.0,BTC-25SEP20-16000-P,7292.44,0.0,0.04,1.0,1.25,0.1,111.86,21.05294,-3.2423,-108.46796,6e-05,-0.74844
7306.78,SYN.BTC-10JAN20,1577703542027,open,0.22,0.5,0.1975,0.2345,0.21497567,78.97,0.2065,0.0,BTC-10JAN20-5750-C,7292.44,0.0,0.213,0.1,0.229,6.0,134.14,0.9503,-3.45031,1.63523,8e-05,0.96606
7334.34,SYN.BTC-31JAN20,1577703542028,open,0.01,733.5,0.0005,0.0185,0.00676105,70.24,0.0055,0.0,BTC-31JAN20-5500-P,7292.44,68.22,0.006,25.0,0.0075,34.0,72.09,2.84759,-3.13728,-0.4792,9e-05,-0.06805
7334.34,SYN.BTC-31JAN20,1577703542028,open,0.62,0.0,0.605,0.677,0.63840191,81.25,None,0.0,BTC-31JAN20-12000-P,7292.44,0.0,0.0015,10.0,0.0,0.0,0.0,1.34157,-1.70978,-10.32268,4e-05,-0.97323
7371.08,SYN.BTC-28FEB20,1577703542026,open,0.3,0.0,0.2805,0.36,0.3168201,66.28,None,0.0,BTC-28FEB20-9500-P,7292.44,0.0,0.0,0.0,0.0,0.0,0.0,8.57285,-4.74497,-13.39903,0.00015,-0.79129
7306.78,SYN.BTC-10JAN20,1577703542027,open,0.16,0.0,0.142,0.1955,0.16695863,60.31,None,0.0,BTC-10JAN20-8500-P,7292.44,0.0,0.0,0.0,0.0,0.0,0.0,1.88585,-5.22869,-2.36516,0.0002,-0.91939
7297.6,SYN.BTC-3JAN20,1577703542027,open,0.22,0.1,0.196,0.231,0.21255488,105.63,0.2405,0.0,BTC-3JAN20-5750-C,7292.44,0.0,0.202,6.0,0.225,6.0,209.18,0.24185,-3.29583,0.60056,4e-05,0.98759
7334.34,SYN.BTC-31JAN20,1577703542027,open,0.35,0.0,0.339,0.4035,0.36891125,66.14,None,0.0,BTC-31JAN20-10000-P,7292.44,0.0,0.0015,10.0,0.0,0.0,0.0,2.85637,-2.96343,-8.33042,9e-05,-0.93167
7334.34,SYN.BTC-31JAN20,1577703542027,open,0.17,15.2,0.1485,0.211,0.17771509,56.75,0.2965,0.0,BTC-31JAN20-8500-P,7292.44,0.0,0.0,0.0,0.0,0.0,0.0,6.30064,-5.60867,-6.17838,0.00024,-0.78688
7334.34,SYN.BTC-31JAN20,1577703542027,open,0.14,37.2,0.112,0.162,0.13569812,56.97,0.153,0.0,BTC-31JAN20-6500-C,7292.44,54.36,0.1335,10.0,0.139,15.0,60.77,6.2711,-5.6036,4.18186,0.00023,0.78859
7297.6,SYN.BTC-3JAN20,1577703542027,open,0.0,142.3,0.0005,0.0105,0.00023106,92.86,0.0005,0.0,BTC-3JAN20-9250-C,7292.44,0.0,0.0,0.0,0.0005,5.3,102.21,0.15668,-1.68621,0.00567,3e-05,0.00755
7297.6,SYN.BTC-3JAN20,1577703542028,open,0.19,0.0,0.176,0.2275,0.19976642,86.33,None,0.0,BTC-3JAN20-8750-P,7292.44,0.0,0.002,0.1,0.0,0.0,0.0,0.40941,-4.55987,-0.91187,8e-05,-0.97702
7297.6,SYN.BTC-3JAN20,1577703542027,open,0.0,343.9,0.0005,0.011,0.0014551,68.96,0.002,0.0,BTC-3JAN20-6500-P,7292.44,64.07,0.001,90.4,0.002,18.0,73.81,0.75093,-6.68053,-0.03834,0.00019,-0.04802
7334.34,SYN.BTC-31JAN20,1577703542028,open,0.0,216.0,0.0005,0.0155,0.00450354,71.13,0.004,0.0,BTC-31JAN20-10500-C,7292.44,67.84,0.0035,39.0,0.0055,75.0,74.01,2.39704,-2.67452,0.32084,7e-05,0.0546
7297.6,SYN.BTC-3JAN20,1577703542028,open,0.0,356.7,0.0005,0.021,0.00372691,52.46,0.0035,0.0,BTC-3JAN20-7750-C,7292.44,51.45,0.0035,0.1,0.004,0.5,53.64,1.66411,-11.26229,0.10468,0.00056,0.13882
7306.78,SYN.BTC-10JAN20,1577703542027,open,0.02,64.2,0.0175,0.0635,0.02961563,48.64,0.0275,0.0,BTC-10JAN20-7250-P,7292.44,46.27,0.028,18.0,0.032,33.0,52.14,4.98617,-11.15058,-1.03625,0.00064,-0.44635
7297.6,SYN.BTC-3JAN20,1577703542027,open,0.26,0.0,0.243,0.2955,0.26781722,94.84,None,0.0,BTC-3JAN20-9250-P,7292.44,0.0,0.0005,3.0,0.0,0.0,0.0,0.17788,-2.17632,-0.97565,3e-05,-0.99127
7306.78,SYN.BTC-10JAN20,1577703542027,open,0.0,58.2,0.0005,0.015,0.00384597,64.92,0.0035,0.0,BTC-10JAN20-6250-P,7292.44,63.45,0.0035,30.0,0.004,5.7,65.55,1.75834,-5.24795,-0.16843,0.00017,-0.07352
7297.6,SYN.BTC-3JAN20,1577703542027,open,0.0,151.7,0.0005,0.0105,0.00071553,74.29,0.001,0.0,BTC-3JAN20-8500-C,7292.44,70.34,0.0005,65.0,0.001,2.5,78.48,0.44457,-4.26078,0.01908,0.00011,0.02534
7306.78,SYN.BTC-10JAN20,1577703542027,open,0.01,88.3,0.0005,0.021,0.00525551,56.38,0.0055,0.0,BTC-10JAN20-8250-C,7292.44,54.06,0.0045,30.0,0.006,0.1,58.54,2.45283,-6.35822,0.2396,0.00027,0.11531
7371.08,SYN.BTC-28FEB20,1577703542027,open,0.03,32.6,0.0135,0.053,0.02913446,64.81,0.0265,0.0,BTC-28FEB20-6000-P,7292.44,64.21,0.0285,10.0,0.03,0.1,65.62,7.83468,-4.24038,-2.52918,0.00014,-0.18003
7371.08,SYN.BTC-28FEB20,1577703542027,open,0.28,0.0,0.249,0.2975,0.27137179,68.11,None,0.0,BTC-28FEB20-5500-C,7292.44,42.36,0.2565,7.1,0.2935,7.0,92.39,5.80193,-3.30012,7.41743,0.0001,0.8848
7679.34,SYN.BTC-25SEP20,1577703542026,open,0.08,2.9,0.0415,0.134,0.07829409,83.1,0.0775,0.0,BTC-25SEP20-16000-C,7292.44,81.89,0.075,9.3,0.082,5.0,84.44,21.04633,-3.24018,9.82961,6e-05,0.25141
7334.34,SYN.BTC-31JAN20,1577703542028,open,0.01,626.1,0.0005,0.017,0.00541116,66.01,0.006,0.0,BTC-31JAN20-10000-C,7292.44,64.93,0.005,39.0,0.006,29.3,67.49,2.84233,-2.94309,0.40019,9e-05,0.06789
7334.34,SYN.BTC-31JAN20,1577703542028,open,0.55,0.0,0.538,0.6085,0.57081155,78.31,None,0.0,BTC-31JAN20-11500-P,7292.44,0.0,0.0015,10.0,0.0,0.0,0.0,1.62718,-1.99887,-9.84479,4e-05,-0.96621
7306.78,SYN.BTC-10JAN20,1577703542026,open,0.22,0.0,0.208,0.263,0.23369077,67.9,None,0.0,BTC-10JAN20-9000-P,7292.44,0.0,0.0,0.0,0.0,0.0,0.0,1.14693,-3.58018,-2.59288,0.00011,-0.95726
7334.34,SYN.BTC-31JAN20,1577703542028,open,0.2,52.5,0.172,0.217,0.19335124,61.98,0.183,0.0,BTC-31JAN20-6000-C,7292.44,40.44,0.184,7.0,0.2155,7.0,93.05,4.27028,-4.15186,4.41444,0.00015,0.88256
7297.6,SYN.BTC-3JAN20,1577703542027,open,0.03,446.7,0.009,0.051,0.02263987,46.87,0.024,0.0,BTC-3JAN20-7250-C,7292.44,42.83,0.021,22.2,0.024,10.0,50.22,2.962,-17.90993,0.41904,0.00112,0.56341
7679.34,SYN.BTC-25SEP20,1577703542027,open,0.1,40.1,0.057,0.156,0.09776615,81.08,0.1,0.0,BTC-25SEP20-14000-C,7292.44,79.82,0.094,9.3,0.1025,5.0,82.64,23.09734,-3.46943,11.71203,7e-05,0.30404
7306.78,SYN.BTC-10JAN20,1577703542027,open,0.19,0.3,0.163,0.202,0.18139512,71.11,0.174,0.0,BTC-10JAN20-6000-C,7292.44,0.0,0.1785,0.1,0.1975,6.0,123.91,1.25484,-4.10248,1.67817,0.00011,0.9522
7371.08,SYN.BTC-28FEB20,1577703542026,open,0.04,17.7,0.0265,0.077,0.04785606,63.1,0.0435,0.0,BTC-28FEB20-6500-P,7292.44,62.45,0.047,10.0,0.0495,19.3,64.33,9.82831,-5.17855,-3.81521,0.00017,-0.26767
7679.34,SYN.BTC-25SEP20,1577703542026,open,0.05,21.9,0.024,0.1025,0.05291922,86.21,0.0535,0.0,BTC-25SEP20-20000-C,7292.44,85.57,0.0515,9.3,0.054,2.0,86.69,17.24324,-2.75404,7.13719,5e-05,0.17862
7297.6,SYN.BTC-3JAN20,1577703542027,open,0.0,191.6,0.0005,0.0105,0.00069844,85.55,0.0005,0.0,BTC-3JAN20-8750-C,7292.44,81.48,0.0005,30.1,0.001,15.0,90.51,0.3941,-4.34973,0.01648,8e-05,0.02196
7679.34,SYN.BTC-25SEP20,1577703542026,open,0.67,1.0,0.6225,0.772,0.68981686,79.27,0.705,0.0,BTC-25SEP20-12000-P,7292.44,0.0,0.02,1.0,0.77,1.0,103.09,25.07567,-3.68272,-74.55638,7e-05,-0.62326
7334.34,SYN.BTC-31JAN20,1577703542028,open,0.01,236.4,0.0005,0.0215,0.00785187,62.86,0.008,0.0,BTC-31JAN20-9500-C,7292.44,61.13,0.007,39.0,0.009,63.0,65.05,3.71467,-3.66266,0.56981,0.00013,0.09681
7334.34,SYN.BTC-31JAN20,1577703542027,open,0.06,664.7,0.033,0.0815,0.05380728,54.14,0.055,0.0,BTC-31JAN20-7500-C,7292.44,53.02,0.0525,15.0,0.055,22.4,55.15,8.63142,-7.32952,2.70565,0.00034,0.47623
7306.78,SYN.BTC-10JAN20,1577703542027,open,0.01,105.9,0.0005,0.031,0.00970386,53.7,0.0075,0.0,BTC-10JAN20-6750-P,7292.44,52.15,0.009,34.0,0.01,1.1,54.35,3.35191,-8.27567,-0.42106,0.00039,-0.1837
7679.34,SYN.BTC-25SEP20,1577703542026,open,0.43,0.0,0.3905,0.4655,0.42447972,74.53,None,0.0,BTC-25SEP20-5000-C,7292.44,63.49,0.402,6.0,0.4565,6.0,89.37,16.13773,-2.22825,23.53153,5e-05,0.83891
7334.34,SYN.BTC-31JAN20,1577703542027,open,0.23,10.4,0.2095,0.273,0.23897727,59.71,0.272,0.0,BTC-31JAN20-9000-P,7292.44,0.0,0.0,0.0,0.27,0.5,95.84,4.87005,-4.56164,-7.02649,0.00017,-0.85803
7297.6,SYN.BTC-3JAN20,1577703542027,open,0.25,0.1,0.231,0.2635,0.24655633,111.75,0.2735,0.0,BTC-3JAN20-5500-C,7292.44,0.0,0.237,6.0,0.258,6.0,230.13,0.12745,-1.8374,0.5792,2e-05,0.99402
7334.34,SYN.BTC-31JAN20,1577703542029,open,0.49,0.0,0.4715,0.54,0.50334543,74.87,None,0.0,BTC-31JAN20-11000-P,7292.44,0.0,0.0015,10.0,0.0,0.0,0.0,1.96531,-2.30804,-9.3563,6e-05,-0.95741
7297.6,SYN.BTC-3JAN20,1577703542027,open,0.01,199.7,0.0055,0.0445,0.01615334,46.96,0.016,0.0,BTC-3JAN20-7250-P,7292.44,44.11,0.015,15.1,0.017,18.1,49.04,2.9621,-17.94401,-0.35088,0.00112,-0.43667
7334.34,SYN.BTC-31JAN20,1577703542028,open,0.0,391.9,0.0005,0.013,0.00349532,74.66,0.004,0.0,BTC-31JAN20-11000-C,7292.44,72.71,0.003,39.0,0.004,0.5,76.49,1.94708,-2.28029,0.2473,6e-05,0.04211
7297.6,SYN.BTC-3JAN20,1577703542027,open,0.12,9.7,0.0915,0.1315,0.11071888,68.65,0.1185,0.0,BTC-3JAN20-6500-C,7292.44,66.39,0.1105,10.0,0.1125,10.0,82.54,0.74192,-6.5705,0.65244,0.00019,0.9527
7297.6,SYN.BTC-3JAN20,1577703542028,open,0.0,223.1,0.0005,0.011,0.00115808,67.52,0.0015,0.0,BTC-3JAN20-8250-C,7292.44,65.74,0.001,30.0,0.0015,13.4,70.96,0.67387,-5.87017,0.03163,0.00018,0.04198
7297.6,SYN.BTC-3JAN20,1577703542027,open,0.0,330.0,0.0005,0.0145,0.00285621,59.56,0.002,0.0,BTC-3JAN20-6750-P,7292.44,54.31,0.002,71.1,0.0035,34.7,63.05,1.28582,-9.87945,-0.077,0.00038,-0.09651
7297.6,SYN.BTC-3JAN20,1577703542028,open,0.19,0.4,0.1615,0.198,0.17855638,94.84,0.1825,0.0,BTC-3JAN20-6000-C,7292.44,0.0,0.1675,6.0,0.192,6.0,187.51,0.36525,-4.46891,0.62097,7e-05,0.97993
136.79,ETH-26JUN20,1577703542090,open,0.19,193.0,0.122,0.231,0.17637,84.63,0.172,0.0,ETH-26JUN20-160-C,132.69,83.06,0.172,800.0,0.183,450.0,87.0,0.38184,-0.09032,0.22542,0.00492,0.51263
134.6,ETH-27MAR20,1577703542090,open,0.03,7963.0,0.01,0.06,0.029581,93.34,0.032,0.0,ETH-27MAR20-240-C,132.69,91.94,0.028,650.0,0.032,639.0,95.41,0.1544,-0.082,0.03922,0.00379,0.15061
136.79,ETH-26JUN20,1577703542090,open,0.03,727.0,0.008,0.061,0.027772,103.37,0.028,0.0,ETH-26JUN20-440-C,132.69,101.13,0.025,470.0,0.031,770.0,105.83,0.17432,-0.05037,0.05188,0.00184,0.10516
136.79,ETH-26JUN20,1577703542095,open,0.02,297.0,0.005,0.047,0.018877,109.4,0.019,0.0,ETH-26JUN20-560-C,132.69,107.4,0.017,470.0,0.021,470.0,111.53,0.13208,-0.04039,0.03594,0.00132,0.07249
133.38,SYN.ETH-31JAN20,1577703542095,open,0.01,1852.0,0.001,0.027,0.010896,75.84,0.014,0.0,ETH-31JAN20-180-C,132.69,74.2,0.01,360.0,0.012,300.0,77.78,0.07423,-0.08831,0.01157,0.0063,0.11024
136.79,ETH-26JUN20,1577703542104,open,0.23,695.0,0.168,0.277,0.223557,84.42,0.233,0.0,ETH-26JUN20-140-C,132.69,82.37,0.218,350.0,0.23,180.0,86.81,0.36969,-0.08724,0.25311,0.00478,0.60112
134.6,ETH-27MAR20,1577703542144,open,0.0,5912.0,0.001,0.012,0.002132,120.0,0.005,0.0,ETH-27MAR20-600-C,132.69,124.85,0.003,350.0,0.005,650.0,133.1,0.02125,-0.01451,0.00333,0.00041,0.01242
134.6,ETH-27MAR20,1577703542156,open,0.02,1037.0,0.007,0.041,0.020578,91.25,0.028,0.0,ETH-27MAR20-80-P,132.69,89.11,0.019,320.0,0.022,25.0,93.13,0.10085,-0.05236,-0.03353,0.00253,-0.08289
133.38,SYN.ETH-31JAN20,1577703542156,open,0.2,1.0,0.181,0.269,0.223622,70.6,0.148,0.0,ETH-31JAN20-160-P,132.69,0.0,0.198,240.0,0.23,240.0,77.62,0.11711,-0.12969,-0.11675,0.01068,-0.77869
132.77,SYN.ETH-3JAN20,1577703542156,open,0.0,344.0,0.001,0.011,0.000988,92.39,0.002,0.0,ETH-3JAN20-160-C,132.69,0.0,0.0,0.0,0.002,651.0,104.54,0.00878,-0.10464,0.00038,0.00508,0.02796
133.38,SYN.ETH-31JAN20,1577703542156,open,0.0,1797.0,0.001,0.011,0.001936,101.86,0.004,0.0,ETH-31JAN20-260-C,132.69,93.58,0.001,354.0,0.003,300.0,108.42,0.01857,-0.02967,0.00203,0.00117,0.01937
132.77,SYN.ETH-3JAN20,1577703542156,open,0.0,959.0,0.001,0.018,0.003817,78.13,0.004,0.0,ETH-3JAN20-120-P,132.69,73.27,0.003,653.0,0.004,1.0,79.15,0.02355,-0.23732,-0.00143,0.0161,-0.09736
133.38,SYN.ETH-31JAN20,1577703542156,open,0.77,0.0,0.748,0.862,0.802161,96.97,None,0.0,ETH-31JAN20-240-P,132.69,0.0,0.01,50.0,0.0,0.0,0.0,0.02554,-0.03885,-0.20663,0.0017,-0.97172
133.38,SYN.ETH-31JAN20,1577703542156,open,0.1,425.0,0.074,0.152,0.110339,68.99,0.102,0.0,ETH-31JAN20-140-P,132.69,65.27,0.106,350.0,0.113,144.0,71.26,0.15581,-0.16861,-0.07738,0.01454,-0.55392
134.6,ETH-27MAR20,1577703542162,open,0.01,1564.0,0.003,0.035,0.013766,103.45,0.011,0.0,ETH-27MAR20-320-C,132.69,100.76,0.012,610.0,0.016,610.0,106.59,0.09178,-0.05403,0.01926,0.00203,0.07322
136.79,ETH-26JUN20,1577703542162,open,0.15,2405.0,0.092,0.199,0.14444,86.53,0.14,0.0,ETH-26JUN20-180-C,132.69,84.56,0.139,455.0,0.15,275.0,88.54,0.37774,-0.09136,0.19831,0.00476,0.44026
134.6,ETH-27MAR20,1577703542162,open,0.07,2460.0,0.034,0.109,0.068694,85.15,0.075,0.0,ETH-27MAR20-180-C,132.69,83.6,0.066,350.0,0.072,583.0,87.04,0.23404,-0.11339,0.07924,0.0063,0.31322
136.79,ETH-26JUN20,1577703542162,open,0.09,567.0,0.043,0.135,0.084686,90.93,0.077,0.0,ETH-26JUN20-240-C,132.69,89.38,0.081,350.0,0.09,429.0,93.15,0.3257,-0.08279,0.13502,0.00391,0.28609
136.79,ETH-26JUN20,1577703542162,open,3.6,0.0,3.547,3.859,3.693604,112.16,None,0.0,ETH-26JUN20-640-P,132.69,0.0,0.01,50.0,0.0,0.0,0.0,0.11094,-0.03478,-3.10762,0.00108,-0.94209
134.6,ETH-27MAR20,1577703542162,open,0.0,2340.0,0.001,0.016,0.004146,120.0,0.004,0.0,ETH-27MAR20-520-C,132.69,119.44,0.004,360.0,0.006,350.0,126.16,0.03559,-0.0243,0.00601,0.00068,0.0227
133.38,SYN.ETH-31JAN20,1577703542162,open,0.01,1514.0,0.001,0.018,0.005822,82.12,0.006,0.0,ETH-31JAN20-200-C,132.69,79.71,0.005,350.0,0.007,760.0,85.26,0.04745,-0.06112,0.00641,0.00372,0.06081
132.77,SYN.ETH-3JAN20,1577703542162,open,0.05,2569.0,0.011,0.066,0.0378,64.0,0.05,0.0,ETH-3JAN20-130-C,132.69,59.32,0.036,3.0,0.04,350.0,69.67,0.05128,-0.42341,0.00846,0.04281,0.63802
132.77,SYN.ETH-3JAN20,1577703542162,open,0.0,401.0,0.001,0.017,0.003148,83.03,0.003,0.0,ETH-3JAN20-150-C,132.69,82.08,0.003,23.0,0.004,950.0,88.11,0.02098,-0.22468,0.00113,0.0135,0.08333
136.79,ETH-26JUN20,1577703542164,open,0.01,636.0,0.003,0.04,0.014899,112.16,0.015,0.0,ETH-26JUN20-640-C,132.69,109.72,0.013,470.0,0.017,470.0,114.65,0.11094,-0.03478,0.02883,0.00108,0.05791
136.79,ETH-26JUN20,1577703542164,open,0.81,4.0,0.755,0.93,0.8392,90.93,0.934,0.0,ETH-26JUN20-240-P,132.69,0.0,0.01,50.0,0.0,0.0,0.0,0.3257,-0.08279,-1.04115,0.00391,-0.71391
136.79,ETH-26JUN20,1577703542164,open,0.1,811.0,0.054,0.15,0.098981,89.16,0.104,0.0,ETH-26JUN20-220-C,132.69,87.58,0.095,350.0,0.105,425.0,91.53,0.34536,-0.08607,0.15261,0.00422,0.32663
136.79,ETH-26JUN20,1577703542168,open,0.03,1150.0,0.011,0.069,0.03289,101.25,0.03,0.0,ETH-26JUN20-400-C,132.69,99.18,0.03,470.0,0.036,420.0,103.39,0.19508,-0.05521,0.06051,0.0021,0.12315
133.38,SYN.ETH-31JAN20,1577703542168,open,0.48,0.0,0.458,0.557,0.505266,82.12,None,0.0,ETH-31JAN20-200-P,132.69,0.0,0.01,50.0,0.0,0.0,0.0,0.04745,-0.06112,-0.16826,0.00372,-0.93919
132.77,SYN.ETH-3JAN20,1577703542168,open,0.0,2111.0,0.001,0.011,0.000401,120.0,0.002,0.0,ETH-3JAN20-100-P,132.69,0.0,0.0,0.0,0.001,25.0,136.66,0.00342,-0.05287,-0.00014,0.00152,-0.00928
136.79,ETH-26JUN20,1577703542170,open,0.12,1440.0,0.069,0.171,0.118106,87.6,0.115,0.0,ETH-26JUN20-200-C,132.69,85.67,0.113,771.0,0.123,421.0,89.43,0.36378,-0.08907,0.17368,0.00453,0.37719
136.79,ETH-26JUN20,1577703542170,open,0.04,778.0,0.014,0.078,0.039511,98.79,0.032,0.0,ETH-26JUN20-360-C,132.69,97.2,0.037,350.0,0.043,440.0,100.93,0.21936,-0.06057,0.07144,0.00242,0.14609
136.79,ETH-26JUN20,1577703542175,open,0.02,315.0,0.004,0.044,0.016836,110.98,0.017,0.0,ETH-26JUN20-600-C,132.69,108.84,0.015,470.0,0.019,470.0,113.34,0.12135,-0.03764,0.03225,0.00119,0.06495
134.6,ETH-27MAR20,1577703542175,open,0.04,1619.0,0.024,0.08,0.048797,84.31,0.047,0.0,ETH-27MAR20-100-P,132.69,82.9,0.047,320.0,0.051,192.0,86.03,0.17176,-0.0824,-0.07332,0.00467,-0.17746
136.79,ETH-26JUN20,1577703542175,open,0.02,379.0,0.007,0.056,0.024235,105.65,0.024,0.0,ETH-26JUN20-480-C,132.69,103.67,0.022,470.0,0.027,770.0,107.97,0.1583,-0.04675,0.04555,0.00163,0.09219
134.6,ETH-27MAR20,1577703542177,open,0.51,1147.0,0.472,0.605,0.536193,87.88,0.645,0.0,ETH-27MAR20-200-P,132.69,0.0,0.485,1.0,1.22,1.0,500.0,0.20582,-0.10292,-0.41968,0.00537,-0.7589
134.6,ETH-27MAR20,1577703542177,open,2.79,0.0,2.752,2.996,2.867445,120.0,None,0.0,ETH-27MAR20-520-P,132.69,0.0,0.006,50.0,0.0,0.0,0.0,0.03559,-0.0243,-1.24592,0.00068,-0.9773
134.6,ETH-27MAR20,1577703542179,open,0.04,1239.0,0.014,0.071,0.037804,90.47,0.04,0.0,ETH-27MAR20-220-C,132.69,89.09,0.036,350.0,0.04,296.0,92.11,0.17812,-0.09169,0.04871,0.00451,0.18811
136.79,ETH-26JUN20,1577703542179,open,0.44,426.0,0.386,0.537,0.460326,86.53,0.47,0.0,ETH-26JUN20-180-P,132.69,80.59,0.444,241.0,0.474,61.0,91.47,0.37774,-0.09136,-0.68382,0.00476,-0.55974
134.6,ETH-27MAR20,1577703542232,open,0.0,1221.0,0.001,0.011,0.001554,120.0,0.005,0.0,ETH-27MAR20-640-C,132.69,123.31,0.002,610.0,0.004,350.0,133.73,0.01651,-0.01128,0.00251,0.00032,0.0093
136.79,ETH-26JUN20,1577703542232,open,0.02,1346.0,0.008,0.039,0.020251,92.87,0.018,0.0,ETH-26JUN20-60-P,132.69,88.58,0.017,650.0,0.023,1.0,96.28,0.10748,-0.0279,-0.05086,0.00126,-0.05562
136.79,ETH-26JUN20,1577703542232,open,0.06,613.0,0.027,0.107,0.061824,93.06,0.064,0.0,ETH-26JUN20-280-C,132.69,92.17,0.06,350.0,0.064,25.0,94.1,0.28317,-0.07366,0.1057,0.00332,0.2195
136.79,ETH-26JUN20,1577703542232,open,1.07,0.0,1.021,1.206,1.108757,93.06,None,0.0,ETH-26JUN20-280-P,132.69,0.0,0.011,3.0,0.0,0.0,0.0,0.28317,-0.07366,-1.2665,0.00332,-0.7805
133.38,SYN.ETH-31JAN20,1577703542232,open,0.62,1.0,0.603,0.71,0.653742,91.59,0.739,0.0,ETH-31JAN20-220-P,132.69,0.0,0.01,50.0,0.0,0.0,0.0,0.03623,-0.05205,-0.18759,0.00255,-0.95668
133.38,SYN.ETH-31JAN20,1577703542232,open,0.0,824.0,0.001,0.012,0.002829,96.97,0.006,0.0,ETH-31JAN20-240-C,132.69,92.15,0.002,350.0,0.004,890.0,102.43,0.02554,-0.03885,0.00297,0.0017,0.02828
134.6,ETH-27MAR20,1577703542234,open,0.01,1421.0,0.001,0.03,0.010605,108.31,0.008,0.0,ETH-27MAR20-360-C,132.69,107.21,0.01,200.0,0.012,610.0,110.73,0.07498,-0.04621,0.01485,0.00159,0.05643
136.79,ETH-26JUN20,1577703542234,open,0.05,335.0,0.018,0.089,0.047724,95.56,0.051,0.0,ETH-26JUN20-320-C,132.69,95.16,0.047,350.0,0.049,99.0,96.26,0.24653,-0.06585,0.08509,0.00281,0.17465
134.6,ETH-27MAR20,1577703542234,open,0.17,642.0,0.132,0.235,0.182285,81.4,0.197,0.0,ETH-27MAR20-140-P,132.69,79.71,0.179,350.0,0.186,320.0,83.3,0.26213,-0.1214,-0.20804,0.00738,-0.45969
134.6,ETH-27MAR20,1577703542234,open,0.01,1405.0,0.001,0.025,0.008357,112.35,0.007,0.0,ETH-27MAR20-400-C,132.69,109.25,0.007,610.0,0.01,610.0,115.72,0.0621,-0.0397,0.01173,0.00127,0.04456
133.38,SYN.ETH-31JAN20,1577703542234,open,0.34,25.0,0.315,0.409,0.360395,75.84,0.35,0.0,ETH-31JAN20-180-P,132.69,0.0,0.012,5.0,0.0,0.0,0.0,0.07423,-0.08831,-0.14562,0.0063,-0.88976
136.79,ETH-26JUN20,1577703542235,open,0.56,245.0,0.502,0.662,0.580201,87.6,0.71,0.0,ETH-26JUN20-200-P,132.69,77.94,0.555,59.0,0.602,59.0,95.7,0.36378,-0.08907,-0.80646,0.00453,-0.62281
136.79,ETH-26JUN20,1577703542236,open,0.09,646.0,0.058,0.14,0.096996,86.32,0.119,0.0,ETH-26JUN20-100-P,132.69,82.8,0.09,550.0,0.103,281.0,89.33,0.27283,-0.06583,-0.20308,0.00345,-0.20595
134.6,ETH-27MAR20,1577703542236,open,0.1,1328.0,0.057,0.14,0.09739,82.87,0.097,0.0,ETH-27MAR20-160-C,132.69,80.57,0.093,923.0,0.102,273.0,85.28,0.25707,-0.12122,0.10203,0.00711,0.41223
134.6,ETH-27MAR20,1577703542235,open,0.05,2661.0,0.022,0.087,0.050309,87.88,0.054,0.0,ETH-27MAR20-200-C,132.69,86.36,0.048,350.0,0.053,591.0,89.63,0.20582,-0.10292,0.06183,0.00537,0.2411
132.77,SYN.ETH-3JAN20,1577703542235,open,0.0,617.0,0.001,0.011,0.001602,104.6,0.001,0.0,ETH-3JAN20-110-P,132.69,96.18,0.001,350.0,0.002,15.0,109.19,0.01081,-0.14585,-0.00053,0.00552,-0.03596
134.6,ETH-27MAR20,1577703542238,open,0.38,1550.0,0.345,0.471,0.40599,85.15,0.495,0.0,ETH-27MAR20-180-P,132.69,67.48,0.377,300.0,0.407,1.0,85.73,0.23404,-0.11339,-0.35412,0.0063,-0.68678
134.6,ETH-27MAR20,1577703542238,open,0.0,885.0,0.001,0.012,0.002956,120.0,0.004,0.0,ETH-27MAR20-560-C,132.69,120.21,0.003,570.0,0.005,350.0,128.28,0.02745,-0.01874,0.00446,0.00052,0.01672
134.6,ETH-27MAR20,1577703542238,open,0.01,1747.0,0.001,0.02,0.005841,119.87,0.005,0.0,ETH-27MAR20-480-C,132.69,117.28,0.005,350.0,0.007,570.0,123.06,0.04605,-0.03141,0.00812,0.00088,0.0309
133.38,SYN.ETH-31JAN20,1577703542238,open,0.0,1631.0,0.001,0.015,0.004354,91.59,0.005,0.0,ETH-31JAN20-220-C,132.69,90.25,0.004,5.0,0.005,540.0,93.87,0.03623,-0.05205,0.00454,0.00255,0.04332
136.79,ETH-26JUN20,1577703542240,open,0.33,733.0,0.278,0.417,0.346047,84.63,0.355,0.0,ETH-26JUN20-160-P,132.69,82.1,0.339,313.0,0.356,313.0,88.19,0.38184,-0.09032,-0.5587,0.00492,-0.48737
136.79,ETH-26JUN20,1577703542240,open,0.02,140.0,0.006,0.051,0.021285,107.62,0.021,0.0,ETH-26JUN20-520-C,132.69,105.38,0.019,470.0,0.024,770.0,110.11,0.14421,-0.04338,0.04028,0.00146,0.08138
134.6,ETH-27MAR20,1577703542240,open,0.02,2240.0,0.005,0.044,0.018909,98.05,0.017,0.0,ETH-27MAR20-280-C,132.69,95.77,0.017,610.0,0.02,2.0,99.3,0.11583,-0.06462,0.02625,0.00271,0.09991
132.77,SYN.ETH-3JAN20,1577703542242,open,0.05,136.0,0.03,0.097,0.062635,64.41,0.05,0.0,ETH-3JAN20-140-P,132.69,55.37,0.06,350.0,0.064,350.0,68.77,0.04073,-0.33844,-0.01185,0.03378,-0.77793
134.6,ETH-27MAR20,1577703542244,open,3.66,0.0,3.617,3.908,3.756383,120.0,None,0.0,ETH-27MAR20-640-P,132.69,0.0,0.01,50.0,0.0,0.0,0.0,0.01651,-0.01128,-1.53833,0.00032,-0.9907
133.38,SYN.ETH-31JAN20,1577703542244,open,0.15,350.0,0.104,0.171,0.138098,69.72,0.123,0.0,ETH-31JAN20-120-C,132.69,66.52,0.135,48.0,0.144,48.0,75.71,0.13006,-0.14224,0.06908,0.01201,0.73111
132.77,SYN.ETH-3JAN20,1577703542244,open,0.12,1056.0,0.07,0.129,0.100028,78.13,0.118,0.0,ETH-3JAN20-120-C,132.69,71.93,0.099,60.0,0.105,20.0,101.43,0.02355,-0.23732,0.01132,0.0161,0.90264
134.6,ETH-27MAR20,1577703542246,open,0.01,1189.0,0.001,0.022,0.006882,116.23,0.007,0.0,ETH-27MAR20-440-C,132.69,113.89,0.006,380.0,0.008,610.0,118.94,0.05292,-0.035,0.00963,0.00104,0.03659
132.77,SYN.ETH-3JAN20,1577703542248,open,0.18,0.0,0.171,0.246,0.206041,92.39,None,0.0,ETH-3JAN20-160-P,132.69,0.0,0.0,0.0,0.0,0.0,0.0,0.00878,-0.10464,-0.01661,0.00508,-0.97204
136.79,ETH-26JUN20,1577703542312,open,0.59,4.0,0.558,0.606,0.581623,92.87,0.563,0.0,ETH-26JUN20-60-C,132.69,55.92,0.563,53.0,0.595,53.0,108.19,0.10748,-0.0279,0.24318,0.00126,0.94438
136.79,ETH-26JUN20,1577703542831,open,0.59,4.0,0.558,0.606,0.581623,92.87,0.563,0.0,ETH-26JUN20-60-C,132.69,55.92,0.563,53.0,0.596,53.0,109.23,0.10748,-0.0279,0.24318,0.00126,0.94438
7407.78,BTC-27MAR20,1577703543034,open,4.34,1.0,4.294,4.514,4.40023975,115.14,4.54,0.0,BTC-27MAR20-40000-P,7292.33,0.0,0.0015,10.0,0.0,0.0,0.0,0.3764,-0.2466,-96.24985,0.0,-0.99656
7371.02,SYN.BTC-28FEB20,1577703543034,open,0.09,20.9,0.064,0.1265,0.09254485,62.16,0.0955,0.0,BTC-28FEB20-7500-C,7292.33,59.97,0.089,34.0,0.0945,8.0,63.38,11.89081,-6.17254,5.20157,0.00021,0.52272
133.38,SYN.ETH-31JAN20,1577703543162,open,0.15,144.0,0.122,0.207,0.162877,69.45,0.148,0.0,ETH-31JAN20-150-P,132.69,64.77,0.158,144.0,0.165,240.0,71.45,0.14084,-0.15342,-0.09826,0.01305,-0.68064
133.38,SYN.ETH-31JAN20,1577703543162,open,0.1,72.0,0.061,0.128,0.092766,68.37,0.08,0.0,ETH-31JAN20-130-C,132.69,65.09,0.089,144.0,0.097,350.0,72.05,0.15321,-0.16431,0.05795,0.01442,0.59024
133.38,SYN.ETH-31JAN20,1577703543164,open,0.02,1123.0,0.007,0.041,0.020409,73.79,0.029,0.0,ETH-31JAN20-110-P,132.69,71.81,0.019,1099.0,0.023,212.0,77.33,0.09605,-0.11118,-0.02106,0.00838,-0.16038
133.99,SYN.ETH-28FEB20,1577703543176,open,0.06,1.0,0.039,0.108,0.071327,76.22,0.096,0.0,ETH-28FEB20-120-P,132.69,75.28,0.07,350.0,0.073,192.0,77.4,0.18995,-0.1209,-0.0826,0.00846,-0.30447
133.99,SYN.ETH-28FEB20,1577703543176,open,0.19,0.0,0.136,0.214,0.175747,76.22,None,0.0,ETH-28FEB20-120-C,132.69,72.15,0.17,384.0,0.179,384.0,78.51,0.18995,-0.1209,0.11425,0.00846,0.69553
133.99,SYN.ETH-28FEB20,1577703543176,open,0.03,262.0,0.011,0.053,0.028539,80.88,0.034,0.0,ETH-28FEB20-100-P,132.69,79.2,0.027,610.0,0.03,240.0,82.45,0.12383,-0.08364,-0.0382,0.0052,-0.14525
133.99,SYN.ETH-28FEB20,1577703543179,open,0.36,20.0,0.317,0.375,0.345817,85.53,0.328,0.0,ETH-28FEB20-90-C,132.69,44.34,0.329,40.0,0.363,40.0,107.81,0.09036,-0.06454,0.12333,0.00359,0.90691
133.99,SYN.ETH-28FEB20,1577703543179,open,0.23,0.0,0.203,0.307,0.254236,77.04,None,0.0,ETH-28FEB20-160-P,132.69,0.0,0.194,1.0,0.0,0.0,0.0,0.19885,-0.12793,-0.20095,0.00876,-0.66001
133.99,SYN.ETH-28FEB20,1577703543179,open,0.18,0.0,0.149,0.248,0.19758,75.8,None,0.0,ETH-28FEB20-150-P,132.69,71.62,0.191,144.0,0.2,144.0,77.33,0.2116,-0.13393,-0.17196,0.00948,-0.58477
133.99,SYN.ETH-28FEB20,1577703543179,open,0.05,2.0,0.02,0.079,0.046423,78.26,0.037,0.0,ETH-28FEB20-170-C,132.69,77.21,0.045,350.0,0.048,192.0,79.42,0.18166,-0.11873,0.05064,0.00788,0.27679
133.99,SYN.ETH-28FEB20,1577703543182,open,0.08,73.0,0.044,0.115,0.078106,75.8,0.084,0.0,ETH-28FEB20-150-C,132.69,74.46,0.076,350.0,0.081,364.0,77.63,0.2116,-0.13393,0.0741,0.00948,0.41523
133.38,SYN.ETH-31JAN20,1577703543651,open,0.28,2.0,0.233,0.29,0.261881,81.23,0.236,0.0,ETH-31JAN20-100-C,132.69,46.01,0.251,37.0,0.282,36.0,114.29,0.0658,-0.08383,0.0751,0.00521,0.90659
136.79,ETH-26JUN20,1577703543657,open,0.47,0.0,0.428,0.498,0.463232,87.7,None,0.0,ETH-26JUN20-80-C,132.69,65.77,0.436,49.0,0.486,49.0,103.28,0.19027,-0.04664,0.28015,0.00237,0.88114
136.79,ETH-26JUN20,1577703543659,open,0.37,1.0,0.32,0.41,0.365948,86.32,0.38,0.0,ETH-26JUN20-100-C,132.69,67.8,0.33,48.0,0.397,48.0,101.71,0.27283,-0.06583,0.28699,0.00345,0.79405
133.38,SYN.ETH-31JAN20,1577703544075,open,0.28,2.0,0.233,0.29,0.261881,81.23,0.236,0.0,ETH-31JAN20-100-C,132.69,46.01,0.251,37.0,0.283,36.0,115.71,0.0658,-0.08383,0.0751,0.00521,0.90659
7407.6,BTC-27MAR20,1577703544318,open,0.01,510.2,0.0005,0.021,0.00569732,98.55,0.0055,0.0,BTC-27MAR20-20000-C,7292.24,96.63,0.005,54.0,0.0065,1.0,100.58,2.80697,-1.57398,0.52217,2e-05,0.03498
7370.92,SYN.BTC-28FEB20,1577703544331,open,0.07,47.9,0.0415,0.1,0.06744256,62.3,0.066,0.0,BTC-28FEB20-8000-C,7292.24,60.76,0.065,10.0,0.07,22.4,63.91,11.67783,-6.07531,4.27941,0.00021,0.42136
7679.22,SYN.BTC-25SEP20,1577703544333,open,0.17,49.5,0.117,0.2255,0.16498602,75.56,0.174,0.0,BTC-25SEP20-10000-C,7292.24,75.86,0.166,5.0,0.178,5.3,79.36,26.25533,-3.67545,17.17593,8e-05,0.46749
7334.17,SYN.BTC-31JAN20,1577703544334,open,0.03,400.8,0.015,0.055,0.03172124,54.98,0.035,0.0,BTC-31JAN20-8000-C,7292.24,53.83,0.0305,10.0,0.033,27.3,56.18,7.80126,-6.72782,1.87881,0.0003,0.32506
132.93,SYN.ETH-10JAN20,1577703544610,open,0.0,56.0,0.001,0.018,0.005289,81.56,0.004,0.0,ETH-10JAN20-110-P,132.69,76.13,0.004,950.0,0.006,300.0,84.29,0.03363,-0.12611,-0.00332,0.00783,-0.07852
132.93,SYN.ETH-10JAN20,1577703544610,open,0.0,43.0,0.001,0.013,0.003083,99.96,0.003,0.0,ETH-10JAN20-100-P,132.69,92.0,0.002,351.0,0.004,301.0,105.54,0.02029,-0.09325,-0.00176,0.00386,-0.0413
132.93,SYN.ETH-10JAN20,1577703544610,open,0.34,0.0,0.303,0.347,0.324495,115.52,None,0.0,ETH-10JAN20-90-C,132.69,0.0,0.322,1.0,0.334,36.0,173.44,0.01107,-0.05879,0.02597,0.00182,0.98008
132.93,SYN.ETH-10JAN20,1577703544610,open,0.07,228.0,0.026,0.085,0.055269,63.72,0.052,0.0,ETH-10JAN20-130-C,132.69,60.31,0.053,180.0,0.058,350.0,67.82,0.08856,-0.25943,0.02164,0.0264,0.60156
132.93,SYN.ETH-10JAN20,1577703544610,open,0.12,44.0,0.078,0.14,0.109613,69.3,0.113,0.0,ETH-10JAN20-120-C,132.69,63.33,0.107,60.0,0.114,60.0,78.57,0.06023,-0.19188,0.02813,0.01651,0.81991
132.93,SYN.ETH-10JAN20,1577703544610,open,0.19,0.0,0.149,0.206,0.177763,81.56,None,0.0,ETH-10JAN20-110-C,132.69,0.0,0.172,1.0,0.194,32.0,127.47,0.03363,-0.12611,0.02946,0.00783,0.92148
132.93,SYN.ETH-10JAN20,1577703544610,open,0.01,1846.0,0.001,0.027,0.009426,67.11,0.01,0.0,ETH-10JAN20-150-C,132.69,63.64,0.008,240.0,0.011,240.0,70.72,0.05634,-0.17382,0.00605,0.01595,0.16225
132.93,SYN.ETH-10JAN20,1577703544610,open,0.0,291.0,0.001,0.011,0.001561,115.52,0.001,0.0,ETH-10JAN20-90-P,132.69,107.82,0.001,350.0,0.002,325.0,120.39,0.01107,-0.05879,-0.00085,0.00182,-0.01992
132.93,SYN.ETH-10JAN20,1577703544614,open,0.0,310.0,0.001,0.017,0.004461,73.55,0.005,0.0,ETH-10JAN20-160-C,132.69,71.73,0.004,70.0,0.005,350.0,75.57,0.03451,-0.1167,0.00304,0.00891,0.08125
132.93,SYN.ETH-10JAN20,1577703544614,open,0.19,0.0,0.17,0.249,0.208134,73.55,None,0.0,ETH-10JAN20-160-P,132.69,0.0,0.0,0.0,0.0,0.0,0.0,0.03451,-0.1167,-0.04463,0.00891,-0.91875
138.84,SYN.ETH-25SEP20,1577703544761,open,0.94,0.0,0.851,1.087,0.967549,120.0,None,0.0,ETH-25SEP20-240-P,132.69,0.0,0.0,0.0,0.0,0.0,0.0,0.47621,-0.10587,-1.51244,0.00278,-0.50579
138.84,SYN.ETH-25SEP20,1577703544761,open,1.18,0.0,1.095,1.347,1.217933,120.0,None,0.0,ETH-25SEP20-280-P,132.69,0.0,0.0,0.0,0.0,0.0,0.0,0.46991,-0.10447,-1.83035,0.00275,-0.5651
138.84,SYN.ETH-25SEP20,1577703544761,open,0.13,1.0,0.065,0.202,0.12768,120.0,0.067,0.0,ETH-25SEP20-400-C,132.69,97.04,0.065,351.0,0.074,100.0,100.72,0.41827,-0.09299,0.1822,0.00245,0.30517
138.84,SYN.ETH-25SEP20,1577703544761,open,0.15,1.0,0.079,0.224,0.14728,120.0,0.067,0.0,ETH-25SEP20-360-C,132.69,95.48,0.076,350.0,0.086,100.0,99.26,0.43832,-0.09745,0.19971,0.00256,0.34183
138.84,SYN.ETH-25SEP20,1577703544761,open,2.22,0.0,2.137,2.439,2.280699,120.0,None,0.0,ETH-25SEP20-440-P,132.69,0.0,0.0,0.0,0.0,0.0,0.0,0.39734,-0.08834,-3.08689,0.00232,-0.7264
138.84,SYN.ETH-25SEP20,1577703544761,open,0.11,41.0,0.053,0.183,0.111498,120.0,0.05,0.0,ETH-25SEP20-440-C,132.69,98.75,0.057,351.0,0.066,100.0,102.68,0.39734,-0.08834,0.16641,0.00232,0.2736
138.84,SYN.ETH-25SEP20,1577703544761,open,1.96,0.0,1.87,2.16,2.008773,120.0,None,0.0,ETH-25SEP20-400-P,132.69,0.0,0.0,0.0,0.0,0.0,0.0,0.41827,-0.09299,-2.77534,0.00245,-0.69483
138.84,SYN.ETH-25SEP20,1577703544763,open,2.49,0.0,2.407,2.72,2.555307,120.0,None,0.0,ETH-25SEP20-480-P,132.69,0.0,0.0,0.0,0.0,0.0,0.0,0.37634,-0.08367,-3.39684,0.0022,-0.75373
138.84,SYN.ETH-25SEP20,1577703544763,open,1.69,0.0,1.606,1.885,1.740263,120.0,None,0.0,ETH-25SEP20-360-P,132.69,0.0,0.0,0.0,0.0,0.0,0.0,0.43832,-0.09745,-2.46208,0.00256,-0.65817
134.6,ETH-27MAR20,1577703544816,open,0.44,20.0,0.398,0.455,0.426224,91.25,0.613,0.0,ETH-27MAR20-80-C,132.69,62.59,0.41,44.0,0.447,44.0,115.44,0.10085,-0.05236,0.15907,0.00253,0.91711
136.79,ETH-26JUN20,1577703544824,open,0.37,1.0,0.32,0.41,0.365947,86.32,0.38,0.0,ETH-26JUN20-100-C,132.69,67.8,0.33,48.0,0.395,48.0,100.73,0.27283,-0.06583,0.28699,0.00345,0.79405
134.6,ETH-27MAR20,1577703544827,open,0.44,20.0,0.398,0.455,0.426224,91.25,0.613,0.0,ETH-27MAR20-80-C,132.69,59.57,0.409,44.0,0.447,44.0,115.44,0.10085,-0.05236,0.15907,0.00253,0.91711
136.79,ETH-26JUN20,1577703544835,open,0.47,0.0,0.428,0.498,0.463232,87.7,None,0.0,ETH-26JUN20-80-C,132.69,65.77,0.436,49.0,0.487,49.0,103.94,0.19027,-0.04664,0.28015,0.00237,0.88114
136.79,ETH-26JUN20,1577703544837,open,0.37,1.0,0.32,0.41,0.365947,86.32,0.38,0.0,ETH-26JUN20-100-C,132.69,67.8,0.33,48.0,0.396,48.0,101.22,0.27283,-0.06583,0.28699,0.00345,0.79405
136.79,ETH-26JUN20,1577703544856,open,0.29,176.0,0.232,0.335,0.284669,84.42,0.279,0.0,ETH-26JUN20-120-C,132.69,69.44,0.248,50.0,0.299,180.0,90.3,0.33422,-0.07887,0.27672,0.00432,0.69745
134.6,ETH-27MAR20,1577703544860,open,0.32,1100.0,0.268,0.343,0.305855,84.31,0.303,0.0,ETH-27MAR20-100-C,132.69,66.93,0.285,43.0,0.339,43.0,108.98,0.17176,-0.0824,0.16743,0.00467,0.82254
7370.92,SYN.BTC-28FEB20,1577703544876,open,0.01,33.9,0.007,0.0365,0.01755778,68.14,0.0155,0.0,BTC-28FEB20-5500-P,7292.24,67.43,0.017,10.0,0.019,24.0,69.95,5.80496,-3.30317,-1.60626,0.0001,-0.11529
7370.92,SYN.BTC-28FEB20,1577703544878,open,0.09,20.9,0.064,0.1265,0.09253572,62.16,0.0955,0.0,BTC-28FEB20-7500-C,7292.24,59.97,0.089,34.0,0.0945,22.4,63.38,11.89068,-6.17264,5.20129,0.00021,0.5227
7370.92,SYN.BTC-28FEB20,1577703544880,open,0.01,71.2,0.004,0.034,0.01385441,72.13,0.014,0.0,BTC-28FEB20-11000-C,7292.24,70.99,0.013,24.0,0.015,31.0,73.6,5.6281,-3.38978,1.16732,9e-05,0.1104
134.6,ETH-27MAR20,1577703544937,open,0.32,1100.0,0.268,0.343,0.305855,84.31,0.303,0.0,ETH-27MAR20-100-C,132.69,66.02,0.284,43.0,0.339,43.0,108.98,0.17176,-0.0824,0.16743,0.00467,0.82254
136.79,ETH-26JUN20,1577703544940,open,0.29,176.0,0.232,0.335,0.284669,84.42,0.279,0.0,ETH-26JUN20-120-C,132.69,69.04,0.247,50.0,0.299,180.0,90.3,0.33422,-0.07887,0.27672,0.00432,0.69745
136.79,ETH-26JUN20,1577703544993,open,0.59,4.0,0.558,0.606,0.581622,92.87,0.563,0.0,ETH-26JUN20-60-C,132.69,63.6,0.565,53.0,0.596,53.0,109.23,0.10748,-0.0279,0.24318,0.00126,0.94438
134.6,ETH-27MAR20,1577703545098,open,0.27,4564.0,0.228,0.346,0.286098,82.87,0.375,0.0,ETH-27MAR20-160-P,132.69,77.56,0.276,144.0,0.291,144.0,85.43,0.25707,-0.12122,-0.28318,0.00711,-0.58777
132.77,SYN.ETH-3JAN20,1577703545101,open,0.19,1.0,0.146,0.2,0.173128,104.6,0.15,0.0,ETH-3JAN20-110-C,132.69,0.0,0.171,1.0,0.186,30.0,183.69,0.01081,-0.14584,0.01115,0.00552,0.96405
134.6,ETH-27MAR20,1577703545144,open,2.5,0.0,2.464,2.693,2.571963,119.87,None,0.0,ETH-27MAR20-480-P,132.69,0.0,0.004,50.0,0.0,0.0,0.0,0.04605,-0.03141,-1.14751,0.00088,-0.9691
134.6,ETH-27MAR20,1577703545156,open,1.06,161.0,1.027,1.181,1.099146,98.04,1.397,0.0,ETH-27MAR20-280-P,132.69,0.0,0.002,50.0,0.0,0.0,0.0,0.11583,-0.06462,-0.64787,0.00271,-0.90009
134.6,ETH-27MAR20,1577703545158,open,1.63,7.0,1.6,1.782,1.685197,108.31,1.702,0.0,ETH-27MAR20-360-P,132.69,0.0,0.01,30.0,0.0,0.0,0.0,0.07498,-0.04621,-0.85187,0.00159,-0.94356
134.6,ETH-27MAR20,1577703545162,open,0.15,654.0,0.098,0.186,0.142166,81.4,0.13,0.0,ETH-27MAR20-140-C,132.69,79.77,0.139,350.0,0.147,261.0,83.88,0.26213,-0.1214,0.12902,0.00738,0.54031
134.6,ETH-27MAR20,1577703545162,open,0.64,30.0,0.607,0.744,0.672277,90.47,0.306,0.0,ETH-27MAR20-220-P,132.69,0.0,0.001,9.0,0.0,0.0,0.0,0.17812,-0.09169,-0.48095,0.00451,-0.81189
136.79,ETH-26JUN20,1577703545162,open,3.03,0.0,2.981,3.262,3.112744,109.4,None,0.0,ETH-26JUN20-560-P,132.69,0.0,0.01,50.0,0.0,0.0,0.0,0.13208,-0.04039,-2.70845,0.00132,-0.92751
134.6,ETH-27MAR20,1577703545162,open,2.21,0.0,2.176,2.389,2.275827,116.23,None,0.0,ETH-27MAR20-440-P,132.69,0.0,0.003,50.0,0.0,0.0,0.0,0.05292,-0.035,-1.0497,0.00104,-0.96341
136.79,ETH-26JUN20,1577703545162,open,0.68,0.0,0.626,0.793,0.707287,89.16,None,0.0,ETH-26JUN20-220-P,132.69,0.0,0.608,50.0,0.0,0.0,0.0,0.34536,-0.08607,-0.92554,0.00422,-0.67336
132.77,SYN.ETH-3JAN20,1577703545162,open,0.01,1037.0,0.001,0.027,0.008214,64.41,0.011,0.0,ETH-3JAN20-140-C,132.69,60.37,0.007,240.0,0.01,482.0,70.09,0.04073,-0.33846,0.00302,0.03378,0.22208
136.79,ETH-26JUN20,1577703545164,open,2.75,0.0,2.698,2.964,2.822732,107.62,None,0.0,ETH-26JUN20-520-P,132.69,0.0,0.01,50.0,0.0,0.0,0.0,0.14421,-0.04338,-2.50808,0.00146,-0.91862
134.6,ETH-27MAR20,1577703545168,open,0.22,118.0,0.166,0.252,0.209981,81.39,0.19,0.0,ETH-27MAR20-120-C,132.69,77.37,0.203,144.0,0.217,144.0,85.43,0.23399,-0.10837,0.15456,0.00659,0.68693
136.79,ETH-26JUN20,1577703545168,open,2.46,0.0,2.415,2.667,2.533264,105.66,None,0.0,ETH-26JUN20-480-P,132.69,0.0,0.01,50.0,0.0,0.0,0.0,0.1583,-0.04675,-2.30679,0.00163,-0.90781
136.79,ETH-26JUN20,1577703545170,open,1.62,1.0,1.573,1.783,1.671283,98.79,1.827,0.0,ETH-26JUN20-360-P,132.69,0.0,0.015,2.0,0.0,0.0,0.0,0.21936,-0.06058,-1.69281,0.00242,-0.85391
133.38,SYN.ETH-31JAN20,1577703545170,open,0.01,4142.0,0.002,0.027,0.011602,81.22,0.011,0.0,ETH-31JAN20-100-P,132.69,77.88,0.01,1325.0,0.013,549.0,83.99,0.0658,-0.08383,-0.01223,0.00521,-0.09341
134.6,ETH-27MAR20,1577703545172,open,1.34,10.0,1.313,1.48,1.391181,103.45,1.59,0.0,ETH-27MAR20-320-P,132.69,0.0,0.011,5.0,0.0,0.0,0.0,0.09179,-0.05403,-0.75115,0.00203,-0.92678
133.38,SYN.ETH-31JAN20,1577703545172,open,0.03,1598.0,0.008,0.047,0.024068,70.6,0.024,0.0,ETH-31JAN20-160-C,132.69,69.38,0.023,192.0,0.026,530.0,72.78,0.11711,-0.12969,0.02298,0.01068,0.22131
136.79,ETH-26JUN20,1577703545175,open,0.15,2037.0,0.111,0.216,0.161926,84.42,0.15,0.0,ETH-26JUN20-120-P,132.69,82.0,0.156,350.0,0.164,180.0,85.27,0.33422,-0.07887,-0.31137,0.00432,-0.30255
136.79,ETH-26JUN20,1577703545176,open,1.9,0.0,1.852,2.076,1.95708,101.25,None,0.0,ETH-26JUN20-400-P,132.69,0.0,0.01,50.0,0.0,0.0,0.0,0.19508,-0.05521,-1.89978,0.0021,-0.87685
134.6,ETH-27MAR20,1577703545177,open,3.08,0.0,3.04,3.299,3.163432,120.0,None,0.0,ETH-27MAR20-560-P,132.69,0.0,0.02,50.0,0.0,0.0,0.0,0.02745,-0.01874,-1.34377,0.00052,-0.98328
132.77,SYN.ETH-3JAN20,1577703545177,open,0.11,11.0,0.098,0.171,0.132885,83.03,0.112,0.0,ETH-3JAN20-150-P,132.69,0.0,0.126,60.0,0.133,60.0,83.75,0.02098,-0.22471,-0.0148,0.0135,-0.91666
7306.52,SYN.BTC-10JAN20,1577703545178,open,0.09,1.9,0.066,0.1135,0.08587951,53.71,0.1,0.0,BTC-10JAN20-6750-C,7292.08,51.76,0.085,10.0,0.089,10.0,60.24,3.35311,-8.2791,1.58994,0.00039,0.81619
7306.52,SYN.BTC-10JAN20,1577703545191,open,0.04,132.7,0.0235,0.0705,0.03735705,48.63,0.038,0.0,BTC-10JAN20-7250-C,7292.08,45.9,0.0355,41.2,0.038,2.3,49.57,4.98627,-11.14713,1.12366,0.00064,0.55349
7306.52,SYN.BTC-10JAN20,1577703545194,open,0.02,64.2,0.0175,0.0635,0.02960999,48.61,0.0275,0.0,BTC-10JAN20-7250-P,7292.08,46.25,0.028,28.0,0.032,33.0,52.11,4.98625,-11.14311,-1.03654,0.00064,-0.4465
7306.52,SYN.BTC-10JAN20,1577703545196,open,0.04,26.4,0.0325,0.085,0.04877636,48.61,0.0475,0.0,BTC-10JAN20-7500-P,7292.08,45.92,0.047,18.0,0.0515,18.0,52.69,4.85204,-10.84239,-1.42605,0.00063,-0.60625
7679.16,SYN.BTC-25SEP20,1577703545205,open,0.1,40.1,0.057,0.156,0.09777131,81.08,0.1,0.0,BTC-25SEP20-14000-C,7292.08,79.82,0.094,9.1,0.1025,5.0,82.64,23.09698,-3.46952,11.71177,7e-05,0.30404
7679.16,SYN.BTC-25SEP20,1577703545207,open,0.08,2.9,0.0415,0.134,0.07829808,83.1,0.0775,0.0,BTC-25SEP20-16000-C,7292.08,81.89,0.075,9.1,0.082,5.0,84.44,21.04606,-3.24026,9.82944,6e-05,0.25142
7679.16,SYN.BTC-25SEP20,1577703545210,open,0.05,21.9,0.024,0.1025,0.05292159,86.21,0.0535,0.0,BTC-25SEP20-20000-C,7292.08,85.57,0.0515,9.2,0.054,2.0,86.69,17.24305,-2.75409,7.13709,5e-05,0.17862
7679.16,SYN.BTC-25SEP20,1577703545215,open,0.04,15.7,0.02,0.065,0.03750329,75.56,0.035,0.0,BTC-25SEP20-4000-P,7292.08,75.2,0.037,9.5,0.038,3.0,75.91,10.89642,-1.52534,-7.35127,3e-05,-0.09197
7679.16,SYN.BTC-25SEP20,1577703545217,open,0.13,3.2,0.0915,0.1805,0.13029327,74.53,0.127,0.0,BTC-25SEP20-6000-P,7292.08,72.37,0.1245,5.5,0.1275,0.3,73.49,20.53958,-2.83627,-21.03966,6e-05,-0.24026
134.6,ETH-27MAR20,1577703545219,open,0.27,4564.0,0.228,0.346,0.286098,82.87,0.375,0.0,ETH-27MAR20-160-P,132.69,78.09,0.277,144.0,0.291,144.0,85.43,0.25707,-0.12122,-0.28318,0.00711,-0.58777
7679.16,SYN.BTC-25SEP20,1577703545220,open,0.2,22.5,0.151,0.2575,0.1984489,74.53,0.193,0.0,BTC-25SEP20-7000-P,7292.08,72.44,0.192,5.5,0.2035,12.6,76.17,23.64397,-3.26493,-29.49303,7e-05,-0.32099
134.6,ETH-27MAR20,1577703545221,open,0.27,4564.0,0.228,0.346,0.286098,82.87,0.375,0.0,ETH-27MAR20-160-P,132.69,78.09,0.277,144.0,0.292,144.0,85.95,0.25707,-0.12122,-0.28318,0.00711,-0.58777
133.99,SYN.ETH-28FEB20,1577703545222,open,0.03,191.0,0.01,0.056,0.029114,81.58,0.023,0.0,ETH-28FEB20-190-C,132.69,81.47,0.029,350.0,0.03,194.0,82.39,0.14546,-0.09909,0.03454,0.00605,0.18624
7679.16,SYN.BTC-25SEP20,1577703545223,open,0.24,29.8,0.1865,0.293,0.23509631,74.19,0.2485,0.0,BTC-25SEP20-8000-C,7292.08,74.16,0.235,10.2,0.2455,5.0,77.33,25.50119,-3.50519,20.75076,8e-05,0.60056
133.38,SYN.ETH-31JAN20,1577703545224,open,0.04,316.0,0.016,0.066,0.038295,69.45,0.04,0.0,ETH-31JAN20-150-C,132.69,68.22,0.037,1.0,0.04,517.0,71.06,0.14084,-0.15342,0.03274,0.01305,0.31936
7565.82,BTC-26JUN20,1577703545228,open,0.12,374.2,0.0755,0.168,0.1154813,76.42,0.118,0.0,BTC-26JUN20-10000-C,7292.08,75.13,0.112,13.7,0.118,10.0,77.35,20.45924,-4.3701,10.54047,0.0001,0.39976
132.77,SYN.ETH-3JAN20,1577703545228,open,0.01,1037.0,0.001,0.027,0.008214,64.41,0.011,0.0,ETH-3JAN20-140-C,132.69,56.89,0.006,591.0,0.01,482.0,70.09,0.04073,-0.33846,0.00302,0.03378,0.22208
132.93,SYN.ETH-10JAN20,1577703545231,open,0.07,228.0,0.026,0.085,0.055269,63.72,0.052,0.0,ETH-10JAN20-130-C,132.69,58.81,0.052,530.0,0.058,350.0,67.82,0.08856,-0.25943,0.02164,0.0264,0.60156
132.77,SYN.ETH-3JAN20,1577703545231,open,0.01,1037.0,0.001,0.027,0.008214,64.41,0.011,0.0,ETH-3JAN20-140-C,132.69,56.89,0.006,872.0,0.01,482.0,70.09,0.04073,-0.33846,0.00302,0.03378,0.22208
7565.82,BTC-26JUN20,1577703545231,open,0.02,72.9,0.0045,0.044,0.01583338,96.35,0.0165,0.0,BTC-26JUN20-26000-C,7292.08,94.86,0.0145,23.7,0.0175,17.0,98.12,6.93293,-1.8672,1.92419,3e-05,0.06773
134.6,ETH-27MAR20,1577703545232,open,0.78,118.0,0.745,0.888,0.812642,93.34,0.978,0.0,ETH-27MAR20-240-P,132.69,0.0,0.005,10.0,0.0,0.0,0.0,0.1544,-0.082,-0.53859,0.00379,-0.84939
133.38,SYN.ETH-31JAN20,1577703545232,open,0.07,1832.0,0.033,0.093,0.060728,68.99,0.061,0.0,ETH-31JAN20-140-C,132.69,65.79,0.057,144.0,0.064,755.0,71.79,0.15581,-0.16861,0.04489,0.01454,0.44608
132.77,SYN.ETH-3JAN20,1577703545231,open,0.26,1.0,0.224,0.271,0.247243,120.0,0.208,0.0,ETH-3JAN20-100-C,132.69,0.0,0.246,1.0,0.258,32.0,227.56,0.00342,-0.05287,0.01048,0.00152,0.99072
136.79,ETH-26JUN20,1577703545234,open,1.34,0.0,1.294,1.491,1.387077,95.56,1.06,0.0,ETH-26JUN20-320-P,132.69,0.0,0.015,2.0,0.0,0.0,0.0,0.24653,-0.06585,-1.48314,0.00281,-0.82535
7565.82,BTC-26JUN20,1577703545235,open,0.01,51.0,0.0035,0.0405,0.01393614,98.32,0.0145,0.0,BTC-26JUN20-28000-C,7292.08,96.53,0.0125,23.7,0.0155,15.0,100.14,6.28661,-1.7277,1.69774,2e-05,0.05972
134.6,ETH-27MAR20,1577703545236,open,1.92,5.0,1.888,2.085,1.980125,112.35,2.004,0.0,ETH-27MAR20-400-P,132.69,0.0,0.046,50.0,0.0,0.0,0.0,0.06211,-0.0397,-0.95129,0.00127,-0.95544
133.38,SYN.ETH-31JAN20,1577703545238,open,0.03,1277.0,0.016,0.066,0.037765,69.72,0.036,0.0,ETH-31JAN20-120-P,132.69,67.91,0.036,260.0,0.041,452.0,73.02,0.13006,-0.14224,-0.03572,0.01201,-0.26889
133.38,SYN.ETH-31JAN20,1577703545238,open,0.91,0.0,0.893,1.015,0.951213,101.86,None,0.0,ETH-31JAN20-260-P,132.69,0.0,0.01,50.0,0.0,0.0,0.0,0.01857,-0.02967,-0.22503,0.00117,-0.98063
7565.82,BTC-26JUN20,1577703545239,open,0.09,354.1,0.0645,0.141,0.09741278,74.05,0.089,0.0,BTC-26JUN20-6000-P,7292.08,72.71,0.0945,0.3,0.098,0.3,74.32,16.46284,-3.40753,-12.50815,8e-05,-0.23994
134.6,ETH-27MAR20,1577703545240,open,3.37,0.0,3.329,3.603,3.459784,120.0,None,0.0,ETH-27MAR20-600-P,132.69,0.0,0.03,50.0,0.0,0.0,0.0,0.02125,-0.01451,-1.4412,0.00041,-0.98758
7565.82,BTC-26JUN20,1577703545241,open,0.24,132.8,0.1945,0.286,0.23642061,74.05,0.2215,0.0,BTC-26JUN20-7000-C,7292.08,70.19,0.2265,13.0,0.237,6.0,74.28,19.43325,-4.02248,15.66026,9e-05,0.65878
132.77,SYN.ETH-3JAN20,1577703545245,open,0.11,11.0,0.098,0.171,0.132885,83.03,0.112,0.0,ETH-3JAN20-150-P,132.69,0.0,0.127,60.0,0.133,60.0,83.75,0.02098,-0.22471,-0.0148,0.0135,-0.91666
7565.82,BTC-26JUN20,1577703545245,open,0.19,241.2,0.1395,0.235,0.18287894,74.05,0.1885,0.0,BTC-26JUN20-8000-C,7292.08,73.19,0.1805,12.1,0.1855,6.0,75.0,20.88853,-4.32366,13.99133,0.0001,0.56023
136.79,ETH-26JUN20,1577703545246,open,2.18,0.0,2.133,2.37,2.244381,103.37,None,0.0,ETH-26JUN20-440-P,132.69,0.0,0.01,50.0,0.0,0.0,0.0,0.17432,-0.05037,-2.10443,0.00184,-0.89484
136.79,ETH-26JUN20,1577703545246,open,3.32,0.0,3.264,3.561,3.403122,110.98,None,0.0,ETH-26JUN20-600-P,132.69,0.0,0.01,50.0,0.0,0.0,0.0,0.12135,-0.03764,-2.90817,0.00119,-0.93505
132.77,SYN.ETH-3JAN20,1577703545247,open,0.11,11.0,0.098,0.171,0.132885,83.03,0.112,0.0,ETH-3JAN20-150-P,132.69,0.0,0.127,60.0,0.134,60.0,89.58,0.02098,-0.22471,-0.0148,0.0135,-0.91666
134.6,ETH-27MAR20,1577703545249,open,0.22,118.0,0.166,0.252,0.209981,81.39,0.19,0.0,ETH-27MAR20-120-C,132.69,76.8,0.202,144.0,0.217,144.0,85.43,0.23399,-0.10837,0.15456,0.00659,0.68693
133.38,SYN.ETH-31JAN20,1577703545254,open,0.1,72.0,0.061,0.128,0.092766,68.37,0.08,0.0,ETH-31JAN20-130-C,132.69,65.09,0.089,144.0,0.097,494.0,72.05,0.15321,-0.16431,0.05795,0.01442,0.59024
133.38,SYN.ETH-31JAN20,1577703545256,open,0.03,1598.0,0.008,0.047,0.024068,70.6,0.024,0.0,ETH-31JAN20-160-C,132.69,68.21,0.022,192.0,0.026,530.0,72.78,0.11711,-0.12969,0.02298,0.01068,0.22131
7565.82,BTC-26JUN20,1577703545258,open,0.15,186.9,0.101,0.196,0.1433703,74.81,0.1485,0.0,BTC-26JUN20-9000-C,7292.08,74.32,0.142,12.6,0.1465,16.0,75.94,21.07874,-4.40809,12.19495,0.0001,0.47227
133.99,SYN.ETH-28FEB20,1577703545260,open,0.06,2.0,0.03,0.095,0.06013,77.04,0.054,0.0,ETH-28FEB20-160-C,132.69,76.28,0.059,9.0,0.062,372.0,78.3,0.19885,-0.12793,0.06152,0.00876,0.33999
7370.84,SYN.BTC-28FEB20,1577703545262,open,0.02,74.5,0.008,0.0455,0.02156557,68.02,0.0225,0.0,BTC-28FEB20-10000-C,7292.08,66.95,0.0205,19.3,0.0235,42.3,69.9,7.44317,-4.22757,1.74788,0.00012,0.16612
132.77,SYN.ETH-3JAN20,1577703545267,open,0.12,1056.0,0.07,0.129,0.100027,78.13,0.118,0.0,ETH-3JAN20-120-C,132.69,64.74,0.098,60.0,0.105,20.0,101.43,0.02354,-0.23729,0.01132,0.0161,0.90265
132.77,SYN.ETH-3JAN20,1577703545269,open,0.12,1056.0,0.07,0.129,0.100027,78.13,0.118,0.0,ETH-3JAN20-120-C,132.69,64.74,0.098,60.0,0.105,80.0,101.43,0.02354,-0.23729,0.01132,0.0161,0.90265
7370.84,SYN.BTC-28FEB20,1577703545269,open,0.05,211.8,0.027,0.08,0.0494407,63.17,0.0515,0.0,BTC-28FEB20-8500-C,7292.08,61.84,0.0475,12.0,0.052,42.3,64.9,10.86178,-5.72926,3.43927,0.00019,0.33388
134.6,ETH-27MAR20,1577703545271,open,0.09,1687.0,0.062,0.145,0.101511,81.39,0.1,0.0,ETH-27MAR20-120-P,132.69,79.37,0.098,670.0,0.105,779.0,83.4,0.23399,-0.10837,-0.13435,0.00659,-0.31307
134.6,ETH-27MAR20,1577703545273,open,0.09,1687.0,0.062,0.145,0.101511,81.39,0.1,0.0,ETH-27MAR20-120-P,132.69,79.37,0.098,670.0,0.105,587.0,83.4,0.23399,-0.10837,-0.13435,0.00659,-0.31307
132.93,SYN.ETH-10JAN20,1577703545274,open,0.06,227.0,0.043,0.113,0.07664,63.88,0.079,0.0,ETH-10JAN20-140-P,132.69,58.06,0.073,350.0,0.079,350.0,67.6,0.08398,-0.24665,-0.02921,0.02497,-0.66094
133.99,SYN.ETH-28FEB20,1577703545277,open,0.14,7.0,0.095,0.174,0.13516,75.48,0.128,0.0,ETH-28FEB20-130-C,132.69,73.47,0.132,350.0,0.138,364.0,77.3,0.20975,-0.13221,0.10204,0.00943,0.59939
133.38,SYN.ETH-31JAN20,1577703545279,open,0.03,1277.0,0.016,0.066,0.037765,69.72,0.036,0.0,ETH-31JAN20-120-P,132.69,67.91,0.036,452.0,0.041,452.0,73.02,0.13006,-0.14224,-0.03572,0.01201,-0.26889
133.38,SYN.ETH-31JAN20,1577703545281,open,0.15,350.0,0.104,0.171,0.138099,69.72,0.123,0.0,ETH-31JAN20-120-C,132.69,66.52,0.135,48.0,0.143,48.0,74.71,0.13006,-0.14224,0.06908,0.01201,0.73111
7297.33,SYN.BTC-3JAN20,1577703545285,open,0.03,124.7,0.019,0.0675,0.0370526,48.48,0.0345,0.0,BTC-3JAN20-7500-P,7292.08,39.67,0.034,16.0,0.0375,6.2,49.72,2.6158,-16.3586,-0.57085,0.00095,-0.69967
132.93,SYN.ETH-10JAN20,1577703545293,open,0.01,1846.0,0.001,0.027,0.009426,67.11,0.01,0.0,ETH-10JAN20-150-C,132.69,63.64,0.008,240.0,0.011,590.0,70.72,0.05634,-0.17382,0.00605,0.01595,0.16225
134.6,ETH-27MAR20,1577703545317,open,0.15,654.0,0.098,0.186,0.142166,81.4,0.13,0.0,ETH-27MAR20-140-C,132.69,79.26,0.138,350.0,0.147,261.0,83.88,0.26213,-0.1214,0.12902,0.00738,0.54031
134.6,ETH-27MAR20,1577703545320,open,0.15,654.0,0.098,0.186,0.142166,81.4,0.13,0.0,ETH-27MAR20-140-C,132.69,79.26,0.138,611.0,0.147,261.0,83.88,0.26213,-0.1214,0.12902,0.00738,0.54031
133.99,SYN.ETH-28FEB20,1577703545332,open,0.1,50.0,0.067,0.147,0.105371,75.48,0.141,0.0,ETH-28FEB20-130-P,132.69,75.25,0.105,350.0,0.107,192.0,76.52,0.20975,-0.13221,-0.11122,0.00943,-0.40061
133.38,SYN.ETH-31JAN20,1577703545339,open,0.06,1.0,0.038,0.104,0.067404,68.37,0.068,0.0,ETH-31JAN20-130-P,132.69,65.4,0.064,494.0,0.07,520.0,70.63,0.15321,-0.16431,-0.05558,0.01442,-0.40976
133.38,SYN.ETH-31JAN20,1577703545345,open,0.01,1852.0,0.001,0.027,0.010896,75.84,0.014,0.0,ETH-31JAN20-180-C,132.69,74.2,0.01,10.0,0.012,300.0,77.78,0.07423,-0.08831,0.01157,0.0063,0.11024
132.77,SYN.ETH-3JAN20,1577703545350,open,0.01,1037.0,0.001,0.027,0.008214,64.41,0.011,0.0,ETH-3JAN20-140-C,132.69,56.89,0.006,872.0,0.009,350.0,66.95,0.04073,-0.33846,0.00302,0.03378,0.22208
136.79,ETH-26JUN20,1577703545369,open,0.59,4.0,0.558,0.606,0.581622,92.87,0.563,0.0,ETH-26JUN20-60-C,132.69,60.22,0.564,53.0,0.596,53.0,109.23,0.10748,-0.0279,0.24318,0.00126,0.94438
136.79,ETH-26JUN20,1577703545377,open,0.15,2037.0,0.111,0.216,0.161926,84.42,0.15,0.0,ETH-26JUN20-120-P,132.69,82.0,0.156,350.0,0.167,350.0,86.5,0.33422,-0.07887,-0.31137,0.00432,-0.30255
136.79,ETH-26JUN20,1577703545379,open,0.15,2037.0,0.111,0.216,0.161926,84.42,0.15,0.0,ETH-26JUN20-120-P,132.69,82.0,0.156,350.0,0.167,610.0,86.5,0.33422,-0.07887,-0.31137,0.00432,-0.30255
136.79,ETH-26JUN20,1577703545389,open,0.15,2037.0,0.111,0.216,0.161926,84.42,0.15,0.0,ETH-26JUN20-120-P,132.69,82.0,0.156,350.0,0.165,180.0,85.68,0.33422,-0.07887,-0.31137,0.00432,-0.30255
138.84,SYN.ETH-25SEP20,1577703545534,open,0.29,20.0,0.226,0.346,0.287328,86.58,0.276,0.0,ETH-25SEP20-140-C,132.68,85.55,0.284,350.0,0.297,160.0,89.6,0.44622,-0.07158,0.36302,0.00362,0.64096
138.84,SYN.ETH-25SEP20,1577703545533,open,0.42,0.0,0.363,0.462,0.413836,87.29,None,0.0,ETH-25SEP20-100-C,132.68,75.12,0.384,52.0,0.446,52.0,100.32,0.34239,-0.05537,0.38792,0.00275,0.79173
138.84,SYN.ETH-25SEP20,1577703545533,open,0.08,20.0,0.044,0.115,0.07698,89.04,0.081,0.0,ETH-25SEP20-80-P,132.68,85.27,0.07,811.0,0.083,461.0,92.24,0.25926,-0.04277,-0.21765,0.00204,-0.13505
133.99,SYN.ETH-28FEB20,1577703545533,open,0.24,0.0,0.188,0.261,0.224949,77.85,None,0.0,ETH-28FEB20-110-C,132.68,62.96,0.208,41.0,0.228,1.0,80.41,0.1593,-0.10357,0.12273,0.00695,0.78329
133.38,SYN.ETH-31JAN20,1577703545534,open,0.34,0.0,0.307,0.357,0.332033,90.35,None,0.0,ETH-31JAN20-90-C,132.68,0.0,0.325,1.0,0.346,38.0,122.55,0.04323,-0.06127,0.07151,0.00308,0.94597
133.38,SYN.ETH-31JAN20,1577703545533,open,0.02,273.0,0.004,0.035,0.015809,72.93,0.016,0.0,ETH-31JAN20-170-C,132.68,70.29,0.014,782.0,0.018,730.0,75.97,0.09368,-0.10717,0.01614,0.00827,0.15439
138.84,SYN.ETH-25SEP20,1577703545533,open,0.49,0.0,0.41,0.598,0.504002,120.0,None,0.0,ETH-25SEP20-160-P,132.68,19.76,0.173,1.0,1.119,1.0,500.0,0.44335,-0.09857,-0.87929,0.00259,-0.35256
133.99,SYN.ETH-28FEB20,1577703545533,open,0.02,724.0,0.006,0.036,0.017501,85.53,0.015,0.0,ETH-28FEB20-90-P,132.68,83.27,0.016,610.0,0.019,240.0,87.72,0.09036,-0.06454,-0.02431,0.00359,-0.09309
133.38,SYN.ETH-31JAN20,1577703545533,open,0.27,0.0,0.246,0.338,0.290335,72.93,None,0.0,ETH-31JAN20-170-P,132.68,0.0,0.261,240.0,1.257,1.0,500.0,0.09368,-0.10717,-0.13232,0.00827,-0.84561
132.93,SYN.ETH-10JAN20,1577703545533,open,0.0,202.0,0.001,0.012,0.002343,80.07,0.002,0.0,ETH-10JAN20-170-C,132.68,77.82,0.002,349.0,0.003,400.0,83.9,0.02119,-0.078,0.00163,0.00503,0.04357
132.77,SYN.ETH-3JAN20,1577703545534,open,0.0,12.0,0.001,0.011,0.000474,105.16,0.001,0.0,ETH-3JAN20-170-C,132.68,0.0,0.0,0.0,0.001,350.0,116.81,0.00458,-0.0621,0.00018,0.00233,0.01299
138.84,SYN.ETH-25SEP20,1577703545533,open,0.61,0.0,0.577,0.635,0.605269,92.64,None,0.0,ETH-25SEP20-60-C,132.68,74.54,0.586,56.0,0.62,56.0,104.33,0.16611,-0.02851,0.32993,0.00126,0.92667
138.84,SYN.ETH-25SEP20,1577703545533,open,0.04,170.0,0.018,0.063,0.037432,92.64,0.035,0.0,ETH-25SEP20-60-P,132.68,89.73,0.034,170.0,0.04,2.0,94.77,0.16611,-0.02851,-0.1137,0.00126,-0.07333
138.84,SYN.ETH-25SEP20,1577703545533,open,0.2,188.0,0.149,0.269,0.207685,86.58,0.193,0.0,ETH-25SEP20-120-P,132.68,83.61,0.199,766.0,0.212,510.0,88.06,0.40529,-0.06501,-0.50575,0.00328,-0.28499
133.99,SYN.ETH-28FEB20,1577703545533,open,0.29,0.0,0.263,0.371,0.315161,78.26,None,0.0,ETH-28FEB20-170-P,132.68,0.0,0.0,0.0,0.0,0.0,0.0,0.18166,-0.11873,-0.22824,0.00788,-0.72321
133.99,SYN.ETH-28FEB20,1577703545533,open,0.04,18.0,0.022,0.076,0.045897,77.85,0.057,0.0,ETH-28FEB20-110-P,132.68,77.1,0.045,350.0,0.047,192.0,78.78,0.1593,-0.10357,-0.05772,0.00695,-0.21671
138.84,SYN.ETH-25SEP20,1577703545533,open,0.82,0.0,0.734,0.96,0.846192,120.0,None,0.0,ETH-25SEP20-220-P,132.68,0.0,0.0,0.0,0.0,0.0,0.0,0.47511,-0.10563,-1.35335,0.00278,-0.47218
138.84,SYN.ETH-25SEP20,1577703545533,open,0.51,0.0,0.46,0.541,0.500761,89.04,None,0.0,ETH-25SEP20-80-C,132.68,74.7,0.475,53.0,0.525,53.0,101.74,0.25926,-0.04277,0.37386,0.00204,0.86495
133.99,SYN.ETH-28FEB20,1577703545533,open,0.29,21.0,0.249,0.315,0.282223,80.88,0.267,0.0,ETH-28FEB20-100-C,132.68,61.02,0.266,40.0,0.305,40.0,103.54,0.12383,-0.08364,0.12584,0.0052,0.85475
138.84,SYN.ETH-25SEP20,1577703545533,open,0.35,0.0,0.286,0.398,0.343357,86.58,None,0.0,ETH-25SEP20-120-C,132.68,81.67,0.329,160.0,0.369,160.0,95.41,0.40529,-0.06501,0.38152,0.00328,0.71501
133.99,SYN.ETH-28FEB20,1577703545534,open,0.42,0.0,0.393,0.506,0.447115,81.58,None,0.0,ETH-28FEB20-190-P,132.68,0.0,0.0,0.0,0.0,0.0,0.0,0.14546,-0.09909,-0.27714,0.00605,-0.81376
132.93,SYN.ETH-10JAN20,1577703545533,open,0.26,0.0,0.243,0.324,0.281246,80.07,None,0.0,ETH-10JAN20-170-P,132.68,0.0,0.0,0.0,0.0,0.0,0.0,0.02119,-0.078,-0.04902,0.00503,-0.95643
138.84,SYN.ETH-25SEP20,1577703545533,open,0.28,0.0,0.227,0.366,0.295711,86.58,None,0.0,ETH-25SEP20-140-P,132.68,83.57,0.286,350.0,0.3,160.0,87.92,0.44622,-0.07158,-0.67212,0.00362,-0.35904
138.84,SYN.ETH-25SEP20,1577703545533,open,0.59,0.0,0.513,0.715,0.613704,120.0,None,0.0,ETH-25SEP20-180-P,132.68,0.0,0.0,0.0,0.0,0.0,0.0,0.45992,-0.10225,-1.03627,0.00269,-0.39578
138.84,SYN.ETH-25SEP20,1577703545533,open,0.13,17.0,0.088,0.184,0.134109,87.29,0.148,0.0,ETH-25SEP20-100-P,132.68,84.81,0.128,445.0,0.141,445.0,90.08,0.34239,-0.05537,-0.35146,0.00275,-0.20827
133.38,SYN.ETH-31JAN20,1577703545534,open,0.01,107.0,0.001,0.018,0.006782,90.35,0.006,0.0,ETH-31JAN20-90-P,132.68,87.86,0.006,590.0,0.008,501.0,93.95,0.04323,-0.06127,-0.00708,0.00308,-0.05403
132.77,SYN.ETH-3JAN20,1577703545534,open,0.26,0.0,0.244,0.322,0.280843,105.16,None,0.0,ETH-3JAN20-170-P,132.68,0.0,0.0,0.0,0.0,0.0,0.0,0.00458,-0.0621,-0.01787,0.00233,-0.98701
133.99,SYN.ETH-28FEB20,1577703545534,open,0.36,0.0,0.326,0.437,0.379745,79.76,None,0.0,ETH-28FEB20-180-P,132.68,0.0,0.0,0.0,0.0,0.0,0.0,0.16316,-0.10867,-0.2536,0.00695,-0.77403
133.99,SYN.ETH-28FEB20,1577703545533,open,0.04,68.0,0.014,0.066,0.036376,79.76,0.034,0.0,ETH-28FEB20-180-C,132.68,78.63,0.035,350.0,0.038,192.0,81.09,0.16316,-0.10867,0.04167,0.00695,0.22597
138.84,SYN.ETH-25SEP20,1577703545533,open,0.71,0.0,0.621,0.836,0.728033,120.0,None,0.0,ETH-25SEP20-200-P,132.68,0.0,0.0,0.0,0.0,0.0,0.0,0.47004,-0.1045,-1.1945,0.00275,-0.43559
133.38,SYN.ETH-31JAN20,1577703545534,open,0.21,0.0,0.164,0.227,0.195716,73.79,None,0.0,ETH-31JAN20-110-C,132.68,0.0,0.175,38.0,0.219,37.0,102.79,0.09606,-0.11118,0.075,0.00838,0.83962
133.99,SYN.ETH-28FEB20,1577703545533,open,0.13,0.0,0.104,0.195,0.148088,75.6,None,0.0,ETH-28FEB20-140-P,132.68,74.92,0.147,350.0,0.15,144.0,76.78,0.21649,-0.13667,-0.14159,0.00972,-0.49608
133.38,SYN.ETH-31JAN20,1577703545550,open,0.01,4142.0,0.002,0.027,0.011602,81.22,0.011,0.0,ETH-31JAN20-100-P,132.68,77.88,0.01,1325.0,0.013,500.0,83.99,0.0658,-0.08383,-0.01223,0.00521,-0.09341
7407.47,BTC-27MAR20,1577703545574,open,0.1,339.0,0.0725,0.1465,0.10540164,69.2,0.104,0.0,BTC-27MAR20-7000-P,7292.08,68.18,0.1035,19.7,0.1085,18.0,70.88,13.70231,-5.39536,-8.44764,0.00015,-0.36828
7306.52,SYN.BTC-10JAN20,1577703545576,open,0.02,64.2,0.0175,0.0635,0.02960999,48.61,0.0275,0.0,BTC-10JAN20-7250-P,7292.08,46.98,0.0285,18.0,0.032,33.0,52.11,4.98625,-11.14311,-1.03654,0.00064,-0.4465
7297.33,SYN.BTC-3JAN20,1577703545577,open,0.03,124.7,0.019,0.0675,0.0370526,48.48,0.0345,0.0,BTC-3JAN20-7500-P,7292.08,39.67,0.034,16.0,0.0375,0.2,49.72,2.6158,-16.3586,-0.57085,0.00095,-0.69967
7306.52,SYN.BTC-10JAN20,1577703545581,open,0.04,26.4,0.0325,0.085,0.04877636,48.61,0.0475,0.0,BTC-10JAN20-7500-P,7292.08,46.68,0.0475,18.0,0.0515,18.0,52.69,4.85204,-10.84239,-1.42605,0.00063,-0.60625
7297.33,SYN.BTC-3JAN20,1577703545583,open,0.01,199.7,0.0055,0.0445,0.01614773,46.9,0.016,0.0,BTC-3JAN20-7250-P,7292.08,44.07,0.015,15.1,0.017,0.1,49.0,2.96228,-17.92422,-0.35106,0.00112,-0.43691
7334.09,SYN.BTC-31JAN20,1577703545586,open,0.07,193.5,0.052,0.1075,0.07642321,54.14,0.0725,0.0,BTC-31JAN20-7500-P,7292.08,51.66,0.0735,28.6,0.0785,21.7,55.91,8.63103,-7.33011,-3.84468,0.00034,-0.52385
7370.84,SYN.BTC-28FEB20,1577703545586,open,0.13,1.0,0.0955,0.1585,0.12485126,62.16,0.1265,0.0,BTC-28FEB20-7000-C,7292.08,59.65,0.121,10.0,0.1275,30.4,63.9,11.27527,-5.85316,6.10366,0.0002,0.62965
7334.09,SYN.BTC-31JAN20,1577703545588,open,0.07,193.5,0.052,0.1075,0.07642321,54.14,0.0725,0.0,BTC-31JAN20-7500-P,7292.08,51.66,0.0735,28.6,0.0785,7.3,55.91,8.63103,-7.33011,-3.84468,0.00034,-0.52385
7334.09,SYN.BTC-31JAN20,1577703545600,open,0.14,37.2,0.112,0.162,0.13570681,57.0,0.153,0.0,BTC-31JAN20-6500-C,7292.08,53.79,0.133,10.0,0.139,15.0,60.79,6.27394,-5.60972,4.18054,0.00023,0.78842
138.84,SYN.ETH-25SEP20,1577703545635,open,0.29,20.0,0.226,0.346,0.287329,86.58,0.276,0.0,ETH-25SEP20-140-C,132.68,85.23,0.283,350.0,0.297,160.0,89.6,0.44622,-0.07158,0.36302,0.00362,0.64096
134.6,ETH-27MAR20,1577703545736,open,0.09,1687.0,0.062,0.145,0.101511,81.39,0.1,0.0,ETH-27MAR20-120-P,132.68,79.37,0.098,670.0,0.105,267.0,83.4,0.23399,-0.10837,-0.13435,0.00659,-0.31307
7297.33,SYN.BTC-3JAN20,1577703545799,open,0.03,446.7,0.009,0.051,0.02263873,46.93,0.024,0.0,BTC-3JAN20-7250-C,7292.08,42.88,0.021,22.2,0.024,9.9,50.27,2.96232,-17.93583,0.41874,0.00112,0.56306
7297.33,SYN.BTC-3JAN20,1577703545800,open,0.03,446.7,0.009,0.051,0.02263873,46.93,0.024,0.0,BTC-3JAN20-7250-C,7292.08,42.88,0.021,22.2,0.024,10.0,50.27,2.96232,-17.93583,0.41874,0.00112,0.56306
7306.52,SYN.BTC-10JAN20,1577703545855,open,0.07,50.7,0.0415,0.0905,0.05930686,50.96,0.067,0.0,BTC-10JAN20-7000-C,7292.08,47.9,0.0575,10.0,0.061,1.0,53.76,4.3695,-10.23679,1.39995,0.00054,0.70236
7306.52,SYN.BTC-10JAN20,1577703545924,open,0.0,69.2,0.0005,0.0115,0.00194443,79.18,0.0015,0.0,BTC-10JAN20-5750-P,7292.08,75.54,0.0015,40.0,0.0025,48.3,83.12,0.95833,-3.4885,-0.07889,8e-05,-0.03429
7407.5,BTC-27MAR20,1577703546055,open,3.27,0.0,3.236,3.4165,3.32165755,115.11,None,0.0,BTC-27MAR20-32000-P,7291.68,0.0,0.0015,10.0,0.0,0.0,0.0,1.00996,-0.66147,-76.88515,1e-05,-0.98951
7407.1,BTC-27MAR20,1577703546057,open,2.47,0.0,2.442,2.594,2.51318797,108.76,None,0.0,BTC-27MAR20-26000-P,7291.68,0.0,0.0015,10.0,0.0,0.0,0.0,1.64605,-1.01867,-62.32093,1e-05,-0.98151
7370.7,SYN.BTC-28FEB20,1577703546054,open,0.1,3.6,0.079,0.148,0.1100541,62.15,0.105,0.0,BTC-28FEB20-7500-P,7291.68,61.81,0.1095,10.0,0.1125,14.4,63.67,11.89043,-6.17147,-7.10245,0.00021,-0.47736
