underlying_price,underlying_index,timestamp,state,settlement_price,open_interest,min_price,max_price,mark_price,mark_iv,last_price,interest_rate,instrument_name,index_price,bid_iv,best_bid_price,best_bid_amount,best_ask_price,best_ask_amount,ask_iv,vega,theta,rho,gamma,delta
8380.27,BTC-27DEC19,1571050740011,open,0.07,260.7,0.0345,0.0935,0.06298574,78.92,0.066,0.0,BTC-27DEC19-7000-P,8313.84,76.81,0.06,34.8,0.064,1.0,79.63,11.90021,-6.35624,-5.25541,0.00011,-0.24686
183.26,SYN.ETH-25OCT19,1571050740014,open,0.0,3.0,0.001,0.013,0.003013,116.37,0.003,0.0,ETH-25OCT19-130-P,183.1,107.91,0.002,200.0,0.004,200.0,123.16,0.02454,-0.13128,-0.00208,0.00211,-0.03517
8380.27,BTC-27DEC19,1571050740034,open,0.12,706.6,0.0745,0.1495,0.112311,76.66,0.114,0.0,BTC-27DEC19-8000-P,8313.84,74.72,0.109,29.3,0.1145,16.3,77.94,14.3481,-7.44425,-8.33998,0.00013,-0.37939
8317.32,SYN.BTC-18OCT19,1571050740088,open,0.07,7.0,0.051,0.096,0.07383249,68.33,0.074,0.0,BTC-18OCT19-7750-C,8313.84,57.67,0.0715,0.1,0.0745,1.1,71.06,1.9938,-17.57471,0.68593,0.0004,0.85051
8380.27,BTC-27DEC19,1571050740094,open,0.12,706.6,0.0745,0.1495,0.112311,76.66,0.114,0.0,BTC-27DEC19-8000-P,8313.84,74.72,0.109,29.3,0.114,1.0,77.64,14.3481,-7.44425,-8.33998,0.00013,-0.37939
8317.32,SYN.BTC-18OCT19,1571050740096,open,0.07,7.0,0.051,0.096,0.07383249,68.33,0.074,0.0,BTC-18OCT19-7750-C,8313.84,57.67,0.0715,1.1,0.0745,1.1,71.06,1.9938,-17.57471,0.68593,0.0004,0.85051
8380.27,BTC-27DEC19,1571050740336,open,0.07,260.7,0.0345,0.0935,0.06298574,78.92,0.066,0.0,BTC-27DEC19-7000-P,8313.84,76.81,0.06,34.8,0.0655,1.0,80.68,11.90021,-6.35624,-5.25541,0.00011,-0.24686
8380.27,BTC-27DEC19,1571050740337,open,0.07,260.7,0.0345,0.0935,0.06298574,78.92,0.066,0.0,BTC-27DEC19-7000-P,8313.84,76.81,0.06,34.8,0.065,17.8,80.33,11.90021,-6.35624,-5.25541,0.00011,-0.24686
8380.27,BTC-27DEC19,1571050740352,open,0.07,260.7,0.0345,0.0935,0.06298574,78.92,0.066,0.0,BTC-27DEC19-7000-P,8313.84,76.81,0.06,34.8,0.064,1.0,79.63,11.90021,-6.35624,-5.25541,0.00011,-0.24686
8380.27,BTC-27DEC19,1571050740362,open,0.07,260.7,0.0345,0.0935,0.06298574,78.92,0.066,0.0,BTC-27DEC19-7000-P,8313.84,76.81,0.06,34.8,0.065,17.8,80.33,11.90021,-6.35624,-5.25541,0.00011,-0.24686
8380.27,BTC-27DEC19,1571050740378,open,0.07,260.7,0.0345,0.0935,0.06298574,78.92,0.066,0.0,BTC-27DEC19-7000-P,8313.84,76.81,0.06,34.8,0.064,1.0,79.63,11.90021,-6.35624,-5.25541,0.00011,-0.24686
8380.27,BTC-27DEC19,1571050740393,open,0.07,260.7,0.0345,0.0935,0.06298574,78.92,0.066,0.0,BTC-27DEC19-7000-P,8313.84,76.81,0.06,34.8,0.0655,1.0,80.68,11.90021,-6.35624,-5.25541,0.00011,-0.24686
8380.27,BTC-27DEC19,1571050740395,open,0.07,260.7,0.0345,0.0935,0.06298574,78.92,0.066,0.0,BTC-27DEC19-7000-P,8313.84,76.81,0.06,34.8,0.065,17.8,80.33,11.90021,-6.35624,-5.25541,0.00011,-0.24686
8380.27,BTC-27DEC19,1571050740409,open,0.07,260.7,0.0345,0.0935,0.06298574,78.92,0.066,0.0,BTC-27DEC19-7000-P,8313.84,76.81,0.06,34.8,0.064,1.0,79.63,11.90021,-6.35624,-5.25541,0.00011,-0.24686
8380.27,BTC-27DEC19,1571050740421,open,0.07,260.7,0.0345,0.0935,0.06298574,78.92,0.066,0.0,BTC-27DEC19-7000-P,8313.84,76.81,0.06,34.8,0.065,17.8,80.33,11.90021,-6.35624,-5.25541,0.00011,-0.24686
8380.27,BTC-27DEC19,1571050740427,open,0.12,706.6,0.0745,0.1495,0.112311,76.66,0.114,0.0,BTC-27DEC19-8000-P,8313.84,74.72,0.109,29.3,0.1145,1.0,77.94,14.3481,-7.44425,-8.33998,0.00013,-0.37939
8380.28,BTC-27DEC19,1571050740428,open,0.09,247.3,0.052,0.1195,0.08533994,77.64,0.09,0.0,BTC-27DEC19-7500-P,8313.84,75.85,0.0825,15.0,0.087,1.0,78.68,13.32387,-7.00138,-6.72645,0.00012,-0.31123
8380.27,BTC-27DEC19,1571050740429,open,0.12,706.6,0.0745,0.1495,0.112311,76.66,0.114,0.0,BTC-27DEC19-8000-P,8313.84,74.72,0.109,29.3,0.1145,16.3,77.94,14.3481,-7.44425,-8.33998,0.00013,-0.37939
8380.27,BTC-27DEC19,1571050740438,open,0.07,260.7,0.0345,0.0935,0.06298574,78.92,0.066,0.0,BTC-27DEC19-7000-P,8313.84,76.81,0.06,34.8,0.064,1.0,79.63,11.90021,-6.35624,-5.25541,0.00011,-0.24686
8380.27,BTC-27DEC19,1571050740442,open,0.12,706.6,0.0745,0.1495,0.112311,76.66,0.114,0.0,BTC-27DEC19-8000-P,8313.84,74.72,0.109,29.3,0.114,1.0,77.64,14.3481,-7.44425,-8.33998,0.00013,-0.37939
8380.28,BTC-27DEC19,1571050740437,open,0.09,247.3,0.052,0.1195,0.08533994,77.64,0.09,0.0,BTC-27DEC19-7500-P,8313.84,75.85,0.0825,15.0,0.087,17.6,78.68,13.32387,-7.00138,-6.72645,0.00012,-0.31123
8380.28,BTC-27DEC19,1571050740446,open,0.09,247.3,0.052,0.1195,0.08533994,77.64,0.09,0.0,BTC-27DEC19-7500-P,8313.84,75.85,0.0825,15.0,0.0865,1.0,78.37,13.32387,-7.00138,-6.72645,0.00012,-0.31123
8380.27,BTC-27DEC19,1571050740455,open,0.07,260.7,0.0345,0.0935,0.06298473,78.92,0.066,0.0,BTC-27DEC19-7000-P,8313.84,76.81,0.06,34.8,0.0645,1.0,79.98,11.90021,-6.35624,-5.25541,0.00011,-0.24686
8380.28,BTC-27DEC19,1571050740457,open,0.09,247.3,0.052,0.1195,0.08534167,77.64,0.09,0.0,BTC-27DEC19-7500-P,8313.84,75.85,0.0825,15.0,0.087,17.6,78.68,13.32387,-7.00138,-6.72645,0.00012,-0.31123
8380.27,BTC-27DEC19,1571050740457,open,0.07,260.7,0.0345,0.0935,0.06298473,78.92,0.066,0.0,BTC-27DEC19-7000-P,8313.84,76.81,0.06,34.8,0.0645,18.8,79.98,11.90021,-6.35624,-5.25541,0.00011,-0.24686
8380.28,BTC-27DEC19,1571050740477,open,0.09,247.3,0.052,0.1195,0.08534167,77.64,0.09,0.0,BTC-27DEC19-7500-P,8313.84,75.85,0.0825,15.0,0.0865,1.0,78.37,13.32387,-7.00138,-6.72645,0.00012,-0.31123
8380.27,BTC-27DEC19,1571050740481,open,0.07,260.7,0.0345,0.0935,0.06298473,78.92,0.066,0.0,BTC-27DEC19-7000-P,8313.84,76.81,0.06,34.8,0.064,1.0,79.63,11.90021,-6.35624,-5.25541,0.00011,-0.24686
8380.27,BTC-27DEC19,1571050740485,open,0.12,706.6,0.0745,0.1495,0.11230948,76.66,0.114,0.0,BTC-27DEC19-8000-P,8313.84,74.72,0.109,29.3,0.1145,16.3,77.94,14.3481,-7.44425,-8.33998,0.00013,-0.37939
8380.28,BTC-27DEC19,1571050740497,open,0.09,247.3,0.052,0.1195,0.08534167,77.64,0.09,0.0,BTC-27DEC19-7500-P,8313.84,75.85,0.0825,15.0,0.087,1.0,78.68,13.32387,-7.00138,-6.72645,0.00012,-0.31123
8380.28,BTC-27DEC19,1571050740500,open,0.09,247.3,0.052,0.1195,0.08534167,77.64,0.09,0.0,BTC-27DEC19-7500-P,8313.84,75.85,0.0825,15.0,0.087,17.6,78.68,13.32387,-7.00138,-6.72645,0.00012,-0.31123
8380.28,BTC-27DEC19,1571050740515,open,0.09,247.3,0.052,0.1195,0.08534167,77.64,0.09,0.0,BTC-27DEC19-7500-P,8313.84,75.85,0.0825,15.0,0.0865,1.0,78.37,13.32387,-7.00138,-6.72645,0.00012,-0.31123
8380.27,BTC-27DEC19,1571050740525,open,0.12,706.6,0.0745,0.1495,0.11230948,76.66,0.114,0.0,BTC-27DEC19-8000-P,8313.84,74.72,0.109,29.3,0.114,1.0,77.64,14.3481,-7.44425,-8.33998,0.00013,-0.37939
8380.27,BTC-27DEC19,1571050740528,open,0.07,260.7,0.0345,0.0935,0.06298473,78.92,0.066,0.0,BTC-27DEC19-7000-P,8313.84,76.81,0.06,34.8,0.0645,18.8,79.98,11.90021,-6.35624,-5.25541,0.00011,-0.24686
8380.28,BTC-27DEC19,1571050740553,open,0.09,247.3,0.052,0.1195,0.08534167,77.64,0.09,0.0,BTC-27DEC19-7500-P,8313.84,75.85,0.0825,15.0,0.087,17.6,78.68,13.32387,-7.00138,-6.72645,0.00012,-0.31123
8380.27,BTC-27DEC19,1571050740559,open,0.12,706.6,0.0745,0.1495,0.11230948,76.66,0.114,0.0,BTC-27DEC19-8000-P,8313.84,74.72,0.109,29.3,0.1145,1.0,77.94,14.3481,-7.44425,-8.33998,0.00013,-0.37939
8380.27,BTC-27DEC19,1571050740562,open,0.12,706.6,0.0745,0.1495,0.11230948,76.66,0.114,0.0,BTC-27DEC19-8000-P,8313.84,74.72,0.109,29.3,0.1145,16.3,77.94,14.3481,-7.44425,-8.33998,0.00013,-0.37939
8380.28,BTC-27DEC19,1571050740578,open,0.09,247.3,0.052,0.1195,0.08534167,77.64,0.09,0.0,BTC-27DEC19-7500-P,8313.84,75.85,0.0825,15.0,0.0865,1.0,78.37,13.32387,-7.00138,-6.72645,0.00012,-0.31123
8380.27,BTC-27DEC19,1571050740589,open,0.12,706.6,0.0745,0.1495,0.11230948,76.66,0.114,0.0,BTC-27DEC19-8000-P,8313.84,74.72,0.109,29.3,0.114,1.0,77.64,14.3481,-7.44425,-8.33998,0.00013,-0.37939
8380.28,BTC-27DEC19,1571050740602,open,0.09,247.3,0.052,0.1195,0.08534167,77.64,0.09,0.0,BTC-27DEC19-7500-P,8313.84,75.85,0.0825,15.0,0.087,1.0,78.68,13.32387,-7.00138,-6.72645,0.00012,-0.31123
8380.27,BTC-27DEC19,1571050740608,open,0.12,706.6,0.0745,0.1495,0.11230948,76.66,0.114,0.0,BTC-27DEC19-8000-P,8313.84,74.72,0.109,29.3,0.1145,16.3,77.94,14.3481,-7.44425,-8.33998,0.00013,-0.37939
8380.28,BTC-27DEC19,1571050740609,open,0.09,247.3,0.052,0.1195,0.08534167,77.64,0.09,0.0,BTC-27DEC19-7500-P,8313.84,75.85,0.0825,15.0,0.087,17.6,78.68,13.32387,-7.00138,-6.72645,0.00012,-0.31123
8380.27,BTC-27DEC19,1571050740627,open,0.12,706.6,0.0745,0.1495,0.11230948,76.66,0.114,0.0,BTC-27DEC19-8000-P,8313.84,74.72,0.109,29.3,0.114,1.0,77.64,14.3481,-7.44425,-8.33998,0.00013,-0.37939
8380.28,BTC-27DEC19,1571050740634,open,0.09,247.3,0.052,0.1195,0.08534167,77.64,0.09,0.0,BTC-27DEC19-7500-P,8313.84,75.85,0.0825,15.0,0.0865,1.0,78.37,13.32387,-7.00138,-6.72645,0.00012,-0.31123
8380.28,BTC-27DEC19,1571050740687,open,0.09,247.3,0.052,0.1195,0.08534167,77.64,0.09,0.0,BTC-27DEC19-7500-P,8313.84,75.85,0.0825,15.0,0.087,17.6,78.68,13.32387,-7.00138,-6.72645,0.00012,-0.31123
8380.28,BTC-27DEC19,1571050740762,open,0.09,247.3,0.052,0.1195,0.08534167,77.64,0.09,0.0,BTC-27DEC19-7500-P,8313.84,75.85,0.0825,15.0,0.0865,1.0,78.37,13.32387,-7.00138,-6.72645,0.00012,-0.31123
8323.61,SYN.BTC-25OCT19,1571050740776,open,0.1,535.4,0.0695,0.1265,0.09582651,61.03,0.0985,0.0,BTC-25OCT19-9000-P,8313.84,54.71,0.0925,7.0,0.101,7.0,70.22,4.52095,-12.68458,-2.10912,0.00036,-0.75458
8380.23,BTC-27DEC19,1571050740783,open,0.07,260.7,0.0345,0.0935,0.06298473,78.92,0.066,0.0,BTC-27DEC19-7000-P,8313.84,76.81,0.06,34.8,0.064,1.0,79.63,11.90021,-6.3561,-5.2554,0.00011,-0.24686
8380.23,BTC-27DEC19,1571050740940,open,0.12,706.6,0.0745,0.1495,0.11230948,76.66,0.114,0.0,BTC-27DEC19-8000-P,8313.84,74.72,0.109,29.3,0.1145,1.0,77.94,14.3481,-7.44403,-8.34001,0.00013,-0.37939
8380.23,BTC-27DEC19,1571050740944,open,0.12,706.6,0.0745,0.1495,0.11230948,76.66,0.114,0.0,BTC-27DEC19-8000-P,8313.84,74.72,0.109,29.3,0.1145,16.3,77.94,14.3481,-7.44403,-8.34001,0.00013,-0.37939
8380.23,BTC-27DEC19,1571050740949,open,0.12,706.6,0.0745,0.1495,0.11230948,76.66,0.114,0.0,BTC-27DEC19-8000-P,8313.84,74.72,0.109,29.3,0.114,1.0,77.64,14.3481,-7.44403,-8.34001,0.00013,-0.37939
8380.23,BTC-27DEC19,1571050740960,open,0.12,706.6,0.0745,0.1495,0.11230948,76.66,0.114,0.0,BTC-27DEC19-8000-P,8313.84,74.72,0.109,29.3,0.1145,16.3,77.94,14.3481,-7.44403,-8.34001,0.00013,-0.37939
8380.23,BTC-27DEC19,1571050740979,open,0.12,706.6,0.0745,0.1495,0.11230948,76.66,0.114,0.0,BTC-27DEC19-8000-P,8313.84,74.72,0.109,29.3,0.114,1.0,77.64,14.3481,-7.44403,-8.34001,0.00013,-0.37939
8380.23,BTC-27DEC19,1571050741002,open,0.12,706.6,0.0745,0.1495,0.11230948,76.66,0.114,0.0,BTC-27DEC19-8000-P,8313.84,74.72,0.109,29.3,0.1145,1.0,77.94,14.3481,-7.44403,-8.34001,0.00013,-0.37939
8380.23,BTC-27DEC19,1571050741004,open,0.12,706.6,0.0745,0.1495,0.11230948,76.66,0.114,0.0,BTC-27DEC19-8000-P,8313.84,74.72,0.109,29.3,0.1145,16.3,77.94,14.3481,-7.44403,-8.34001,0.00013,-0.37939
8380.28,BTC-27DEC19,1571050741039,open,0.09,247.3,0.052,0.1195,0.08534167,77.64,0.09,0.0,BTC-27DEC19-7500-P,8313.84,75.85,0.0825,15.0,0.087,1.0,78.68,13.32387,-7.00138,-6.72645,0.00012,-0.31123
8380.28,BTC-27DEC19,1571050741041,open,0.09,247.3,0.052,0.1195,0.08534167,77.64,0.09,0.0,BTC-27DEC19-7500-P,8313.84,75.85,0.0825,15.0,0.087,17.6,78.68,13.32387,-7.00138,-6.72645,0.00012,-0.31123
8380.28,BTC-27DEC19,1571050741056,open,0.09,247.3,0.052,0.1195,0.08534167,77.64,0.09,0.0,BTC-27DEC19-7500-P,8313.84,75.85,0.0825,15.0,0.0865,1.0,78.37,13.32387,-7.00138,-6.72645,0.00012,-0.31123
8380.23,BTC-27DEC19,1571050741062,open,0.12,706.6,0.0745,0.1495,0.11230948,76.66,0.114,0.0,BTC-27DEC19-8000-P,8313.84,74.72,0.109,29.3,0.114,1.0,77.64,14.3481,-7.44403,-8.34001,0.00013,-0.37939
8380.28,BTC-27DEC19,1571050741102,open,0.09,247.3,0.052,0.1195,0.08534167,77.64,0.09,0.0,BTC-27DEC19-7500-P,8313.84,75.85,0.0825,15.0,0.087,17.6,78.68,13.32387,-7.00138,-6.72645,0.00012,-0.31123
185.66,ETH-27MAR20,1571050741102,open,2.47,0.0,2.354,2.594,2.468554,106.33,None,0.0,ETH-27MAR20-640-P,183.1,0.0,0.0,0.0,0.0,0.0,0.0,0.19357,-0.06242,-2.83792,0.00117,-0.91535
185.66,ETH-27MAR20,1571050741102,open,0.02,40.0,0.006,0.046,0.021579,106.5,0.022,0.0,ETH-27MAR20-640-C,183.1,102.91,0.018,340.0,0.024,40.0,108.75,0.1945,-0.06282,0.05335,0.00117,0.08519
8317.32,SYN.BTC-18OCT19,1571050741141,open,0.07,7.0,0.051,0.096,0.07383882,68.33,0.074,0.0,BTC-18OCT19-7750-C,8313.84,57.67,0.0715,0.1,0.0745,1.1,71.06,1.9938,-17.57471,0.68593,0.0004,0.85051
8317.32,SYN.BTC-18OCT19,1571050741152,open,0.07,7.0,0.051,0.096,0.07383882,68.33,0.074,0.0,BTC-18OCT19-7750-C,8313.84,57.67,0.0715,1.1,0.0745,1.1,71.06,1.9938,-17.57471,0.68593,0.0004,0.85051
8380.28,BTC-27DEC19,1571050741161,open,0.09,247.3,0.052,0.1195,0.08534167,77.64,0.09,0.0,BTC-27DEC19-7500-P,8313.84,75.85,0.0825,15.0,0.0865,1.0,78.37,13.32387,-7.00138,-6.72645,0.00012,-0.31123
8380.23,BTC-27DEC19,1571050741161,open,0.12,706.6,0.0745,0.1495,0.11230948,76.66,0.114,0.0,BTC-27DEC19-8000-P,8313.84,74.72,0.109,29.3,0.1145,16.3,77.94,14.3481,-7.44403,-8.34001,0.00013,-0.37939
8380.23,BTC-27DEC19,1571050741197,open,0.12,706.6,0.0745,0.1495,0.11230948,76.66,0.114,0.0,BTC-27DEC19-8000-P,8313.84,74.72,0.109,29.3,0.114,1.0,77.64,14.3481,-7.44403,-8.34001,0.00013,-0.37939
8380.28,BTC-27DEC19,1571050741256,open,0.09,247.3,0.052,0.1195,0.08534167,77.64,0.09,0.0,BTC-27DEC19-7500-P,8313.84,75.85,0.0825,15.0,0.087,1.0,78.68,13.32387,-7.00138,-6.72645,0.00012,-0.31123
8380.28,BTC-27DEC19,1571050741258,open,0.09,247.3,0.052,0.1195,0.08534167,77.64,0.09,0.0,BTC-27DEC19-7500-P,8313.84,75.85,0.0825,15.0,0.087,17.6,78.68,13.32387,-7.00138,-6.72645,0.00012,-0.31123
8380.28,BTC-27DEC19,1571050741317,open,0.09,247.3,0.052,0.1195,0.08534167,77.64,0.09,0.0,BTC-27DEC19-7500-P,8313.84,75.85,0.0825,15.0,0.0865,1.0,78.37,13.32387,-7.00138,-6.72645,0.00012,-0.31123
8380.23,BTC-27DEC19,1571050741324,open,0.07,260.7,0.0345,0.0935,0.06298473,78.92,0.066,0.0,BTC-27DEC19-7000-P,8313.84,76.81,0.06,34.8,0.0655,1.0,80.68,11.90021,-6.3561,-5.2554,0.00011,-0.24686
8380.23,BTC-27DEC19,1571050741326,open,0.07,260.7,0.0345,0.0935,0.06298473,78.92,0.066,0.0,BTC-27DEC19-7000-P,8313.84,76.81,0.06,34.8,0.065,17.8,80.33,11.90021,-6.3561,-5.2554,0.00011,-0.24686
8380.23,BTC-27DEC19,1571050741467,open,0.12,706.6,0.0745,0.1495,0.11231148,76.66,0.114,0.0,BTC-27DEC19-8000-P,8313.84,74.72,0.109,29.3,0.1145,1.0,77.94,14.3481,-7.44403,-8.34001,0.00013,-0.37939
8380.23,BTC-27DEC19,1571050741469,open,0.12,706.6,0.0745,0.1495,0.11231148,76.66,0.114,0.0,BTC-27DEC19-8000-P,8313.84,74.72,0.109,29.3,0.1145,16.3,77.94,14.3481,-7.44403,-8.34001,0.00013,-0.37939
8380.23,BTC-27DEC19,1571050741507,open,0.12,706.6,0.0745,0.1495,0.11231148,76.66,0.114,0.0,BTC-27DEC19-8000-P,8313.84,74.72,0.109,29.3,0.114,1.0,77.64,14.3481,-7.44403,-8.34001,0.00013,-0.37939
8380.23,BTC-27DEC19,1571050741667,open,0.12,706.6,0.0745,0.1495,0.11231148,76.66,0.114,0.0,BTC-27DEC19-8000-P,8313.84,74.72,0.109,29.3,0.1145,16.3,77.94,14.3481,-7.44403,-8.34001,0.00013,-0.37939
8380.23,BTC-27DEC19,1571050741765,open,0.12,706.6,0.0745,0.1495,0.11231148,76.66,0.114,0.0,BTC-27DEC19-8000-P,8313.84,74.72,0.109,29.3,0.114,1.0,77.64,14.3481,-7.44403,-8.34001,0.00013,-0.37939
8380.23,BTC-27DEC19,1571050741818,open,0.07,260.7,0.0345,0.0935,0.06298607,78.92,0.066,0.0,BTC-27DEC19-7000-P,8313.84,76.81,0.06,34.8,0.064,1.0,79.63,11.90021,-6.3561,-5.2554,0.00011,-0.24686
8380.23,BTC-27DEC19,1571050741953,open,0.12,706.6,0.0745,0.1495,0.11231148,76.66,0.114,0.0,BTC-27DEC19-8000-P,8313.84,74.72,0.109,29.3,0.1145,1.0,77.94,14.3481,-7.44403,-8.34001,0.00013,-0.37939
8380.23,BTC-27DEC19,1571050741954,open,0.12,706.6,0.0745,0.1495,0.11231148,76.66,0.114,0.0,BTC-27DEC19-8000-P,8313.84,74.72,0.109,29.3,0.1145,16.3,77.94,14.3481,-7.44403,-8.34001,0.00013,-0.37939
8380.23,BTC-27DEC19,1571050741971,open,0.12,706.6,0.0745,0.1495,0.11231148,76.66,0.114,0.0,BTC-27DEC19-8000-P,8313.84,74.72,0.109,29.3,0.114,1.0,77.64,14.3481,-7.44403,-8.34001,0.00013,-0.37939
8355.04,SYN.BTC-29NOV19,1571050741984,open,0.11,21.4,0.075,0.143,0.10944109,70.65,0.1075,0.0,BTC-29NOV19-8500-P,8313.84,65.38,0.102,7.0,0.114,7.0,73.88,11.798,-9.0849,-6.16301,0.00019,-0.47745
8380.23,BTC-27DEC19,1571050742019,open,0.12,706.6,0.0745,0.1495,0.11231148,76.66,0.114,0.0,BTC-27DEC19-8000-P,8313.84,74.72,0.109,29.3,0.1145,16.3,77.94,14.3481,-7.44403,-8.34001,0.00013,-0.37939
8380.23,BTC-27DEC19,1571050742075,open,0.12,706.6,0.0745,0.1495,0.11231148,76.66,0.114,0.0,BTC-27DEC19-8000-P,8313.84,74.72,0.109,29.3,0.114,1.0,77.64,14.3481,-7.44403,-8.34001,0.00013,-0.37939
184.16,ETH-27DEC19,1571050742091,open,0.48,946.0,0.41,0.537,0.474145,96.87,0.3,0.0,ETH-27DEC19-260-P,183.11,0.0,0.0,0.0,0.0,0.0,0.0,0.28042,-0.18386,-0.44392,0.00422,-0.71682
185.66,ETH-27MAR20,1571050742091,open,0.32,320.0,0.256,0.358,0.312063,96.62,0.328,0.0,ETH-27MAR20-160-C,183.11,91.38,0.3,1.0,0.338,300.0,107.94,0.42705,-0.12513,0.33383,0.00284,0.71012
184.16,ETH-27DEC19,1571050742091,open,0.24,652.0,0.188,0.274,0.234608,96.65,0.242,0.0,ETH-27DEC19-160-C,183.11,87.2,0.22,1.0,0.249,340.0,105.91,0.28556,-0.1868,0.17559,0.0043,0.70569
184.16,ETH-27DEC19,1571050742091,open,0.05,1688.0,0.02,0.08,0.048393,97.56,0.055,0.0,ETH-27DEC19-280-C,183.11,95.06,0.045,128.0,0.05,128.0,98.73,0.25227,-0.16657,0.06811,0.00377,0.23113
184.16,ETH-27DEC19,1571050742091,open,0.39,2.0,0.349,0.414,0.383389,102.64,0.346,0.0,ETH-27DEC19-120-C,183.11,0.0,0.101,1.0,0.0,0.0,0.0,0.16896,-0.11737,0.18386,0.0024,0.87666
184.16,ETH-27DEC19,1571050742091,open,0.0,10984.0,0.001,0.016,0.005378,110.29,0.007,0.0,ETH-27DEC19-520-C,183.11,105.67,0.004,1500.0,0.006,160.0,112.12,0.06037,-0.04506,0.01014,0.0008,0.03259
184.16,ETH-27DEC19,1571050742091,open,0.31,2918.0,0.24,0.358,0.300577,96.16,0.324,0.0,ETH-27DEC19-220-P,183.11,92.98,0.295,96.0,0.306,232.0,99.23,0.32432,-0.21107,-0.32718,0.00491,-0.57721
184.16,ETH-27DEC19,1571050742091,open,0.01,4584.0,0.003,0.03,0.013016,102.96,0.013,0.0,ETH-27DEC19-400-C,183.11,99.63,0.011,160.0,0.015,460.0,105.97,0.1167,-0.08132,0.02292,0.00165,0.07451
184.16,ETH-27DEC19,1571050742091,open,0.16,2460.0,0.107,0.204,0.157024,95.45,0.161,0.0,ETH-27DEC19-180-P,183.11,93.13,0.153,365.0,0.162,365.0,98.32,0.31888,-0.206,-0.20553,0.00487,-0.39438
184.16,ETH-27DEC19,1571050742091,open,0.0,12462.0,0.001,0.011,0.001972,116.25,0.005,0.0,ETH-27DEC19-680-C,183.11,107.97,0.001,1430.0,0.003,2859.0,122.23,0.02713,-0.02134,0.00399,0.00034,0.01267
184.16,ETH-27DEC19,1571050742091,open,0.77,101.0,0.701,0.837,0.767636,99.22,0.513,0.0,ETH-27DEC19-320-P,183.11,0.0,0.006,5.0,0.0,0.0,0.0,0.19754,-0.13265,-0.60104,0.0029,-0.84486
185.66,ETH-27MAR20,1571050742091,open,0.06,993.0,0.025,0.097,0.05881,99.4,0.072,0.0,ETH-27MAR20-400-C,183.11,97.39,0.055,295.0,0.062,32.0,101.04,0.35715,-0.10766,0.12475,0.00231,0.20756
185.66,ETH-27MAR20,1571050742091,open,0.83,7.0,0.732,0.902,0.818089,97.36,0.945,0.0,ETH-27MAR20-320-P,183.11,0.0,0.0,0.0,0.0,0.0,0.0,0.43825,-0.12939,-1.26741,0.00289,-0.69315
185.66,ETH-27MAR20,1571050742091,open,0.44,40.0,0.39,0.471,0.433982,99.3,0.459,0.0,ETH-27MAR20-120-C,183.11,0.0,0.1,1.0,0.0,0.0,0.0,0.30567,-0.09205,0.33911,0.00198,0.83833
184.16,ETH-27DEC19,1571050742091,open,0.04,5363.0,0.015,0.059,0.034997,102.64,0.04,0.0,ETH-27DEC19-120-P,183.11,100.44,0.033,233.0,0.037,160.0,104.8,0.16896,-0.11737,-0.05902,0.0024,-0.12334
184.16,ETH-27DEC19,1571050742091,open,0.67,1.0,0.601,0.735,0.667262,98.62,0.494,0.0,ETH-27DEC19-300-P,183.11,0.0,0.001,5.0,0.0,0.0,0.0,0.2248,-0.15004,-0.55065,0.00332,-0.81005
185.66,ETH-27MAR20,1571050742091,open,0.08,529.0,0.034,0.115,0.073782,98.33,0.078,0.0,ETH-27MAR20-360-C,183.11,96.07,0.069,292.0,0.077,32.0,99.82,0.39731,-0.11847,0.14857,0.0026,0.25093
185.67,ETH-27MAR20,1571050742091,open,0.64,149.0,0.55,0.711,0.632222,96.73,0.723,0.0,ETH-27MAR20-280-P,183.11,78.81,0.588,43.0,0.0,0.0,0.0,0.47493,-0.13931,-1.05068,0.00315,-0.62054
185.67,ETH-27MAR20,1571050742091,open,0.47,168.0,0.382,0.532,0.459914,96.69,0.456,0.0,ETH-27MAR20-240-P,183.11,93.73,0.452,24.0,0.47,24.0,100.46,0.49661,-0.14562,-0.82848,0.0033,-0.52791
185.67,ETH-27MAR20,1571050742091,open,0.23,1109.0,0.166,0.274,0.224756,95.58,0.241,0.0,ETH-27MAR20-200-C,183.11,91.49,0.214,24.0,0.23,24.0,97.58,0.48744,-0.14128,0.29911,0.00327,0.58139
184.16,ETH-27DEC19,1571050742091,open,0.04,1110.0,0.014,0.067,0.038243,98.62,0.038,0.0,ETH-27DEC19-300-C,183.11,95.91,0.035,128.0,0.04,423.0,100.04,0.2248,-0.15004,0.05655,0.00332,0.18995
185.67,ETH-27MAR20,1571050742091,open,1.02,6.0,0.924,1.102,1.01281,98.37,1.165,0.0,ETH-27MAR20-360-P,183.11,0.0,0.0,0.0,0.0,0.0,0.0,0.39751,-0.11859,-1.4775,0.00259,-0.74885
185.67,ETH-27MAR20,1571050742091,open,0.1,626.0,0.049,0.139,0.094508,97.35,0.105,0.0,ETH-27MAR20-320-C,183.11,95.0,0.089,287.0,0.098,32.0,98.83,0.43828,-0.1294,0.1781,0.00289,0.30686
185.67,ETH-27MAR20,1571050742092,open,0.18,1495.0,0.119,0.224,0.173854,96.63,0.17,0.0,ETH-27MAR20-160-P,183.11,94.52,0.169,256.0,0.18,32.0,99.31,0.42705,-0.12515,-0.3889,0.00284,-0.28984
184.16,ETH-27DEC19,1571050742092,open,0.39,2287.0,0.321,0.445,0.384395,96.49,0.354,0.0,ETH-27DEC19-240-P,183.11,0.0,0.001,15.0,0.0,0.0,0.0,0.30596,-0.1998,-0.38663,0.00462,-0.65286
184.17,ETH-27DEC19,1571050742092,open,0.48,0.0,0.449,0.501,0.475677,109.96,None,0.0,ETH-27DEC19-100-C,183.11,0.0,0.0,0.0,0.0,0.0,0.0,0.11026,-0.08205,0.16965,0.00146,0.93081
184.17,ETH-27DEC19,1571050742092,open,0.11,5412.0,0.062,0.146,0.105964,96.15,0.114,0.0,ETH-27DEC19-220-C,183.11,95.6,0.105,1.0,0.108,96.0,97.3,0.32434,-0.21106,0.11811,0.00491,0.42281
183.26,SYN.ETH-25OCT19,1571050742091,open,0.0,20.0,0.001,0.014,0.003997,83.66,0.003,0.0,ETH-25OCT19-230-C,183.11,78.85,0.003,200.0,0.005,51.0,87.9,0.04091,-0.15736,0.00342,0.00489,0.06668
183.76,SYN.ETH-29NOV19,1571050742091,open,0.75,0.0,0.693,0.809,0.748935,91.39,None,0.0,ETH-29NOV19-320-P,183.11,0.0,0.0,0.0,0.0,0.0,0.0,0.07817,-0.07785,-0.38995,0.00202,-0.93944
183.26,SYN.ETH-25OCT19,1571050742091,open,0.04,50.0,0.013,0.064,0.038022,77.71,0.039,0.0,ETH-25OCT19-190-C,183.11,71.74,0.034,314.0,0.04,120.0,80.64,0.12364,-0.44175,0.02085,0.0159,0.41983
183.26,SYN.ETH-25OCT19,1571050742091,open,0.01,26.0,0.002,0.03,0.012429,79.58,0.016,0.0,ETH-25OCT19-210-C,183.11,73.98,0.01,443.0,0.014,161.0,83.0,0.08243,-0.30157,0.00904,0.01035,0.17801
183.26,SYN.ETH-25OCT19,1571050742091,open,0.45,18.0,0.438,0.47,0.454391,120.0,0.411,0.0,ETH-25OCT19-100-C,183.11,0.0,0.0,0.0,0.0,0.0,0.0,0.00129,-0.00711,0.02973,0.00011,0.99877
183.26,SYN.ETH-25OCT19,1571050742091,open,0.26,0.0,0.22,0.301,0.259062,83.62,None,0.0,ETH-25OCT19-230-P,183.11,0.0,0.0,0.0,0.0,0.0,0.0,0.04086,-0.15706,-0.06511,0.00488,-0.93343
184.17,ETH-27DEC19,1571050742092,open,0.0,4118.0,0.001,0.011,0.00142,119.87,0.001,0.0,ETH-27DEC19-760-C,183.11,0.0,0.0,0.0,0.002,20.0,124.46,0.02047,-0.01661,0.00289,0.00025,0.00917
185.67,ETH-27MAR20,1571050742092,open,0.6,19.0,0.57,0.619,0.595359,106.16,0.542,0.0,ETH-27MAR20-80-C,183.11,0.0,0.07,20.0,0.0,0.0,0.0,0.15285,-0.04921,0.28723,0.00092,0.93782
183.26,SYN.ETH-25OCT19,1571050742091,open,0.29,0.0,0.27,0.318,0.293623,116.37,None,0.0,ETH-25OCT19-130-C,183.11,0.0,0.0,0.0,0.0,0.0,0.0,0.02454,-0.13129,0.03665,0.00211,0.96483
183.76,SYN.ETH-29NOV19,1571050742092,open,0.44,0.0,0.386,0.493,0.439196,87.6,None,0.0,ETH-29NOV19-260-P,183.11,0.0,0.0,0.0,0.0,0.0,0.0,0.1636,-0.1562,-0.2936,0.0044,-0.83202
183.76,SYN.ETH-29NOV19,1571050742091,open,0.18,0.0,0.128,0.222,0.176192,86.48,None,0.0,ETH-29NOV19-200-P,183.11,0.0,0.0,0.0,0.0,0.0,0.0,0.25794,-0.24311,-0.16747,0.00703,-0.54893
183.26,SYN.ETH-25OCT19,1571050742091,open,0.0,1652.0,0.001,0.012,0.002429,86.73,0.005,0.0,ETH-25OCT19-240-C,183.11,83.8,0.002,204.0,0.003,3.0,90.19,0.0284,-0.11325,0.00217,0.00327,0.04208
183.76,SYN.ETH-29NOV19,1571050742091,open,0.27,1.0,0.235,0.3,0.269576,91.39,0.289,0.0,ETH-29NOV19-140-C,183.11,0.0,0.0,0.0,0.0,0.0,0.0,0.15741,-0.15679,0.13214,0.00406,0.84169
185.67,ETH-27MAR20,1571050742093,open,0.18,1272.0,0.11,0.217,0.167228,96.67,0.174,0.0,ETH-27MAR20-240-C,183.11,95.09,0.163,275.0,0.17,24.0,97.7,0.49661,-0.14558,0.25562,0.0033,0.47202
183.76,SYN.ETH-29NOV19,1571050742092,open,0.2,6.0,0.152,0.227,0.192675,88.82,0.185,0.0,ETH-29NOV19-160-C,183.11,73.61,0.175,1.0,0.206,321.0,99.97,0.21746,-0.2105,0.1229,0.00577,0.72479
184.17,ETH-27DEC19,1571050742093,open,0.31,18.0,0.261,0.339,0.302903,99.06,0.305,0.0,ETH-27DEC19-140-C,183.11,0.0,0.0,0.0,0.0,0.0,0.0,0.23265,-0.15598,0.18493,0.00342,0.79902
184.17,ETH-27DEC19,1571050742093,open,1.08,0.0,1.009,1.155,1.079299,102.25,None,0.0,ETH-27DEC19-380-P,183.11,0.0,0.001,5.0,0.0,0.0,0.0,0.13386,-0.09263,-0.74176,0.00191,-0.91062
183.76,SYN.ETH-29NOV19,1571050742091,open,0.13,27.0,0.079,0.15,0.116891,76.21,0.149,0.0,ETH-29NOV19-180-C,183.11,0.0,0.0,0.0,0.151,320.0,100.93,0.25415,-0.21109,0.10783,0.00786,0.58378
183.26,SYN.ETH-25OCT19,1571050742092,open,0.01,1557.0,0.001,0.022,0.007629,83.34,0.007,0.0,ETH-25OCT19-220-C,183.11,78.23,0.006,210.0,0.009,506.0,87.28,0.06155,-0.23584,0.00588,0.00738,0.1154
183.26,SYN.ETH-25OCT19,1571050742091,open,0.53,3.0,0.484,0.578,0.528874,108.77,0.645,0.0,ETH-25OCT19-280-P,183.11,0.0,0.0,0.0,0.0,0.0,0.0,0.01214,-0.06071,-0.08265,0.00112,-0.98477
183.16,SYN.ETH-18OCT19,1571050742091,open,0.05,292.0,0.021,0.085,0.052112,71.11,0.068,0.0,ETH-18OCT19-190-P,183.11,56.83,0.047,120.0,0.054,226.0,76.19,0.06761,-0.62027,-0.01421,0.02669,-0.67868
183.26,SYN.ETH-25OCT19,1571050742091,open,0.14,504.0,0.107,0.169,0.139681,84.15,0.194,0.0,ETH-25OCT19-160-C,183.11,0.0,0.0,0.0,0.0,0.0,0.0,0.07602,-0.2941,0.0384,0.00903,0.843
185.67,ETH-27MAR20,1571050742093,open,0.03,905.0,0.008,0.056,0.028033,103.77,0.03,0.0,ETH-27MAR20-560-C,183.11,101.28,0.025,300.0,0.031,40.0,106.08,0.23247,-0.07316,0.06756,0.00144,0.10858
183.16,SYN.ETH-18OCT19,1571050742091,open,0.18,1.0,0.156,0.208,0.182519,108.52,0.142,0.0,ETH-18OCT19-150-C,183.11,0.0,0.0,0.0,0.0,0.0,0.0,0.01381,-0.19331,0.01526,0.00357,0.96725
184.17,ETH-27DEC19,1571050742094,open,0.87,0.0,0.803,0.942,0.870228,100.23,None,0.0,ETH-27DEC19-340-P,183.11,0.0,0.001,5.0,0.0,0.0,0.0,0.17375,-0.11787,-0.64929,0.00253,-0.87163
183.76,SYN.ETH-29NOV19,1571050742091,open,0.03,329.0,0.012,0.054,0.031446,91.39,0.038,0.0,ETH-29NOV19-140-P,183.11,84.86,0.026,274.0,0.036,275.0,96.61,0.15741,-0.15679,-0.04383,0.00406,-0.15831
183.76,SYN.ETH-29NOV19,1571050742091,open,0.02,11.0,0.005,0.033,0.017153,102.37,0.023,0.0,ETH-29NOV19-120-P,183.11,98.45,0.015,358.0,0.019,300.0,105.57,0.10369,-0.11568,-0.02419,0.00239,-0.0876
183.26,SYN.ETH-25OCT19,1571050742091,open,0.21,483.0,0.169,0.249,0.208135,83.34,0.337,0.0,ETH-25OCT19-220-P,183.11,0.0,0.05,2.0,0.23,1.0,131.46,0.06155,-0.23584,-0.05967,0.00738,-0.8846
183.26,SYN.ETH-25OCT19,1571050742092,open,0.0,1170.0,0.001,0.011,0.001402,97.81,0.001,0.0,ETH-25OCT19-260-C,183.11,0.0,0.0,0.0,0.003,550.0,110.72,0.01751,-0.07875,0.0012,0.00179,0.02344
183.76,SYN.ETH-29NOV19,1571050742091,open,0.06,237.0,0.028,0.089,0.058216,87.1,0.063,0.0,ETH-29NOV19-220-C,183.11,81.45,0.051,238.0,0.065,238.0,92.31,0.2371,-0.22508,0.06372,0.00641,0.33413
183.26,SYN.ETH-25OCT19,1571050742091,open,0.35,6.0,0.326,0.367,0.346428,119.86,0.36,0.0,ETH-25OCT19-120-C,183.11,0.0,0.0,0.0,0.0,0.0,0.0,0.01252,-0.06898,0.03483,0.00104,0.98421
183.16,SYN.ETH-18OCT19,1571050742092,open,0.29,0.0,0.269,0.311,0.290308,119.95,None,0.0,ETH-18OCT19-130-C,183.11,0.0,0.0,0.0,0.0,0.0,0.0,0.00135,-0.02093,0.01376,0.00032,0.99771
183.26,SYN.ETH-25OCT19,1571050742092,open,0.01,2432.0,0.001,0.014,0.004122,101.54,0.005,0.0,ETH-25OCT19-140-P,183.11,94.94,0.003,201.0,0.005,201.0,106.07,0.03377,-0.15767,-0.00308,0.00332,-0.05222
183.26,SYN.ETH-25OCT19,1571050742091,open,0.19,0.0,0.159,0.216,0.188594,92.12,None,0.0,ETH-25OCT19-150-C,183.11,0.0,0.0,0.0,0.0,0.0,0.0,0.0515,-0.21811,0.03937,0.00559,0.90969
183.26,SYN.ETH-25OCT19,1571050742091,open,0.16,0.0,0.119,0.198,0.158358,79.56,None,0.0,ETH-25OCT19-210-P,183.11,0.0,0.0,0.0,0.0,0.0,0.0,0.08241,-0.30142,-0.05353,0.01035,-0.82206
183.26,SYN.ETH-25OCT19,1571050742092,open,0.0,3324.0,0.001,0.011,0.001249,119.86,0.001,0.0,ETH-25OCT19-120-P,183.11,0.0,0.0,0.0,0.003,503.0,138.9,0.01252,-0.06898,-0.00093,0.00104,-0.01579
183.76,SYN.ETH-29NOV19,1571050742092,open,0.07,21.0,0.033,0.095,0.063384,88.82,0.073,0.0,ETH-29NOV19-160-P,183.11,82.53,0.056,218.0,0.069,218.0,93.54,0.21746,-0.2105,-0.0782,0.00577,-0.27521
183.16,SYN.ETH-18OCT19,1571050742092,open,0.01,413.0,0.001,0.021,0.005826,71.69,0.005,0.0,ETH-18OCT19-170-P,183.11,68.12,0.005,160.0,0.007,6.0,76.47,0.04357,-0.40297,-0.00299,0.01706,-0.14779
183.26,SYN.ETH-25OCT19,1571050742092,open,0.0,4693.0,0.001,0.011,7.6e-05,120.0,0.001,0.0,ETH-25OCT19-100-P,183.11,0.0,0.0,0.0,0.002,400.0,177.14,0.00129,-0.00711,-7e-05,0.00011,-0.00123
183.16,SYN.ETH-18OCT19,1571050742092,open,0.0,1002.0,0.001,0.014,0.002933,91.03,0.002,0.0,ETH-18OCT19-160-P,183.11,83.5,0.002,3.0,0.004,500.0,98.29,0.02489,-0.29233,-0.00139,0.00768,-0.0684
183.26,SYN.ETH-25OCT19,1571050742091,open,0.03,368.0,0.006,0.047,0.02347,78.14,0.021,0.0,ETH-25OCT19-170-P,183.11,75.53,0.022,160.0,0.026,161.0,82.57,0.10386,-0.37313,-0.01582,0.01328,-0.26628
183.16,SYN.ETH-18OCT19,1571050742091,open,0.0,0.0,0.001,0.011,0.000716,119.95,None,0.0,ETH-18OCT19-240-C,183.11,0.0,0.0,0.0,0.002,300.0,140.61,0.00787,-0.12181,0.00031,0.00184,0.01679
183.16,SYN.ETH-18OCT19,1571050742091,open,0.26,0.0,0.22,0.296,0.256228,97.84,None,0.0,ETH-18OCT19-230-P,183.11,0.0,0.0,0.0,0.0,0.0,0.0,0.00657,-0.08291,-0.02417,0.00189,-0.9864
183.76,SYN.ETH-29NOV19,1571050742091,open,0.04,614.0,0.015,0.064,0.037521,87.1,0.035,0.0,ETH-29NOV19-240-C,183.11,81.96,0.032,267.0,0.04,3.0,89.34,0.20195,-0.19171,0.04648,0.00546,0.23875
183.16,SYN.ETH-18OCT19,1571050742091,open,0.24,0.0,0.212,0.259,0.236117,117.67,None,0.0,ETH-18OCT19-140-C,183.11,0.0,0.0,0.0,0.0,0.0,0.0,0.00564,-0.08561,0.01463,0.00135,0.9886
183.76,SYN.ETH-29NOV19,1571050742091,open,0.11,160.0,0.059,0.133,0.096439,76.21,0.12,0.0,ETH-29NOV19-180-P,183.11,65.05,0.081,12.0,0.121,320.0,94.0,0.25415,-0.21109,-0.1184,0.00786,-0.41622
183.16,SYN.ETH-18OCT19,1571050742091,open,0.15,2.0,0.114,0.185,0.14831,79.67,0.118,0.0,ETH-18OCT19-210-P,183.11,0.0,0.129,6.0,0.173,6.0,179.63,0.02011,-0.20665,-0.02132,0.00709,-0.94792
183.26,SYN.ETH-25OCT19,1571050742092,open,0.06,1111.0,0.03,0.091,0.061493,76.43,0.069,0.0,ETH-25OCT19-180-C,183.11,71.25,0.058,120.0,0.065,120.0,81.63,0.12365,-0.43451,0.02831,0.01617,0.57998
183.16,SYN.ETH-18OCT19,1571050742091,open,0.0,20.0,0.001,0.011,8.6e-05,119.95,0.004,0.0,ETH-18OCT19-130-P,183.11,0.0,0.0,0.0,0.002,300.0,180.51,0.00135,-0.01584,-5e-05,0.00032,-0.00229
183.76,SYN.ETH-29NOV19,1571050742094,open,0.54,0.0,0.487,0.596,0.540139,89.11,None,0.0,ETH-29NOV19-280-P,183.11,0.0,0.0,0.0,0.0,0.0,0.0,0.1303,-0.12655,-0.328,0.00345,-0.88003
183.76,SYN.ETH-29NOV19,1571050742091,open,0.01,0.0,0.001,0.019,0.007516,91.39,None,0.0,ETH-29NOV19-320-C,183.11,77.89,0.003,300.0,0.012,300.0,100.59,0.07817,-0.07785,0.01225,0.00202,0.06056
183.76,SYN.ETH-29NOV19,1571050742091,open,0.01,13.0,0.002,0.026,0.011042,90.27,0.016,0.0,ETH-29NOV19-300-C,183.11,82.07,0.007,300.0,0.015,305.0,96.89,0.10145,-0.09981,0.0171,0.00265,0.08509
183.76,SYN.ETH-29NOV19,1571050742091,open,0.03,147.0,0.008,0.046,0.024294,87.6,0.041,0.0,ETH-29NOV19-260-C,183.11,81.38,0.019,289.0,0.029,289.0,92.71,0.1636,-0.1562,0.03319,0.0044,0.16798
183.26,SYN.ETH-25OCT19,1571050742091,open,0.1,2.0,0.062,0.126,0.095813,78.15,0.1,0.0,ETH-25OCT19-170-C,183.11,73.14,0.093,40.0,0.1,40.0,85.44,0.10387,-0.37321,0.03483,0.01328,0.7337
183.76,SYN.ETH-29NOV19,1571050742091,open,0.26,0.0,0.204,0.305,0.255441,87.1,None,0.0,ETH-29NOV19-220-P,183.11,0.0,0.0,0.0,0.0,0.0,0.0,0.2371,-0.22508,-0.21279,0.00641,-0.66587
183.16,SYN.ETH-18OCT19,1571050742092,open,0.0,246.0,0.001,0.011,0.000466,97.84,0.001,0.0,ETH-18OCT19-230-C,183.11,0.0,0.0,0.0,0.001,3.0,109.15,0.00657,-0.08291,0.00026,0.00189,0.0136
183.26,SYN.ETH-25OCT19,1571050742094,open,0.05,1759.0,0.017,0.073,0.043725,76.43,0.052,0.0,ETH-25OCT19-180-P,183.11,72.39,0.041,120.0,0.047,120.0,81.28,0.12365,-0.43451,-0.02532,0.01617,-0.42002
183.76,SYN.ETH-29NOV19,1571050742092,open,0.36,0.0,0.335,0.391,0.364121,102.37,None,0.0,ETH-29NOV19-120-C,183.11,0.0,0.0,0.0,0.0,0.0,0.0,0.10369,-0.11568,0.12663,0.00239,0.9124
183.16,SYN.ETH-18OCT19,1571050742092,open,0.04,447.0,0.011,0.066,0.038366,71.03,0.032,0.0,ETH-18OCT19-180-C,183.11,57.38,0.033,120.0,0.039,120.0,72.63,0.07252,-0.66449,0.01108,0.02866,0.60798
183.76,SYN.ETH-29NOV19,1571050742092,open,0.09,262.0,0.051,0.122,0.087806,86.48,0.104,0.0,ETH-29NOV19-200-C,183.11,82.34,0.082,202.0,0.094,202.0,90.89,0.25794,-0.24311,0.0839,0.00703,0.45107
183.76,SYN.ETH-29NOV19,1571050742092,open,0.35,0.0,0.291,0.396,0.343585,87.1,None,0.0,ETH-29NOV19-240-P,183.11,0.0,0.0,0.0,0.0,0.0,0.0,0.20195,-0.19171,-0.25517,0.00546,-0.76125
183.76,SYN.ETH-29NOV19,1571050742091,open,0.46,0.0,0.442,0.485,0.463818,112.49,None,0.0,ETH-29NOV19-100-C,183.11,0.0,0.0,0.0,0.0,0.0,0.0,0.05869,-0.07195,0.11408,0.00123,0.95775
183.76,SYN.ETH-29NOV19,1571050742094,open,0.02,116.0,0.004,0.034,0.016398,89.11,0.022,0.0,ETH-29NOV19-280-C,183.11,82.46,0.012,300.0,0.021,500.0,95.25,0.1303,-0.12655,0.02392,0.00345,0.11997
183.16,SYN.ETH-18OCT19,1571050742093,open,0.01,723.0,0.001,0.036,0.014743,71.11,0.016,0.0,ETH-18OCT19-190-C,183.11,60.76,0.011,228.0,0.015,160.0,71.81,0.06761,-0.62027,0.00596,0.02669,0.32132
183.26,SYN.ETH-25OCT19,1571050742092,open,0.42,3.0,0.378,0.466,0.420182,97.81,0.534,0.0,ETH-25OCT19-260-P,183.11,0.0,0.0,0.0,0.0,0.0,0.0,0.01751,-0.07875,-0.07627,0.00179,-0.97656
183.16,SYN.ETH-18OCT19,1571050742091,open,0.2,0.0,0.167,0.24,0.201718,83.34,None,0.0,ETH-18OCT19-220-P,183.11,0.0,0.0,0.0,0.0,0.0,0.0,0.00845,-0.0909,-0.02302,0.00285,-0.98175
183.76,SYN.ETH-29NOV19,1571050742092,open,0.01,867.0,0.001,0.018,0.008012,112.49,0.01,0.0,ETH-29NOV19-100-P,183.11,105.71,0.006,940.0,0.01,300.0,118.37,0.05869,-0.07195,-0.01161,0.00123,-0.04225
183.26,SYN.ETH-25OCT19,1571050742093,open,0.24,12.0,0.214,0.266,0.240164,101.54,0.192,0.0,ETH-25OCT19-140-C,183.11,0.0,0.0,0.0,0.0,0.0,0.0,0.03377,-0.15767,0.03864,0.00332,0.94778
183.26,SYN.ETH-25OCT19,1571050742093,open,0.31,302.0,0.272,0.355,0.312072,86.73,0.432,0.0,ETH-25OCT19-240-P,183.11,0.0,0.0,0.0,0.0,0.0,0.0,0.0284,-0.11325,-0.06935,0.00327,-0.95792
8317.32,SYN.BTC-18OCT19,1571050742101,open,0.07,7.0,0.051,0.096,0.07383885,68.33,0.074,0.0,BTC-18OCT19-7750-C,8313.84,57.67,0.0715,0.1,0.0745,1.1,71.06,1.9938,-17.57471,0.68593,0.0004,0.85051
8317.32,SYN.BTC-18OCT19,1571050742103,open,0.07,7.0,0.051,0.096,0.07383885,68.33,0.074,0.0,BTC-18OCT19-7750-C,8313.84,57.67,0.0715,1.1,0.0745,1.1,71.06,1.9938,-17.57471,0.68593,0.0004,0.85051
8380.23,BTC-27DEC19,1571050742107,open,0.12,706.6,0.0745,0.1495,0.11231148,76.66,0.114,0.0,BTC-27DEC19-8000-P,8313.84,74.72,0.109,29.3,0.1145,1.0,77.94,14.3481,-7.44403,-8.34001,0.00013,-0.37939
8380.23,BTC-27DEC19,1571050742109,open,0.12,706.6,0.0745,0.1495,0.11231148,76.66,0.114,0.0,BTC-27DEC19-8000-P,8313.84,74.72,0.109,29.3,0.1145,16.3,77.94,14.3481,-7.44403,-8.34001,0.00013,-0.37939
8380.23,BTC-27DEC19,1571050742114,open,0.07,260.7,0.0345,0.0935,0.06298607,78.92,0.066,0.0,BTC-27DEC19-7000-P,8313.84,76.81,0.06,34.8,0.0645,1.0,79.98,11.90021,-6.3561,-5.2554,0.00011,-0.24686
8380.23,BTC-27DEC19,1571050742116,open,0.07,260.7,0.0345,0.0935,0.06298607,78.92,0.066,0.0,BTC-27DEC19-7000-P,8313.84,76.81,0.06,34.8,0.0645,18.8,79.98,11.90021,-6.3561,-5.2554,0.00011,-0.24686
8380.23,BTC-27DEC19,1571050742155,open,0.12,706.6,0.0745,0.1495,0.11231148,76.66,0.114,0.0,BTC-27DEC19-8000-P,8313.84,74.72,0.109,29.3,0.114,1.0,77.64,14.3481,-7.44403,-8.34001,0.00013,-0.37939
8380.28,BTC-27DEC19,1571050742161,open,0.09,247.3,0.052,0.1195,0.08534144,77.64,0.09,0.0,BTC-27DEC19-7500-P,8313.84,75.85,0.0825,15.0,0.087,1.0,78.68,13.32387,-7.00138,-6.72645,0.00012,-0.31123
8380.28,BTC-27DEC19,1571050742163,open,0.09,247.3,0.052,0.1195,0.08534144,77.64,0.09,0.0,BTC-27DEC19-7500-P,8313.84,75.85,0.0825,15.0,0.087,17.6,78.68,13.32387,-7.00138,-6.72645,0.00012,-0.31123
8380.28,BTC-27DEC19,1571050742216,open,0.09,247.3,0.052,0.1195,0.08534144,77.64,0.09,0.0,BTC-27DEC19-7500-P,8313.84,75.85,0.0825,15.0,0.0865,1.0,78.37,13.32387,-7.00138,-6.72645,0.00012,-0.31123
8380.23,BTC-27DEC19,1571050742454,open,0.12,706.6,0.0745,0.1495,0.11231114,76.66,0.114,0.0,BTC-27DEC19-8000-P,8313.84,74.72,0.109,29.3,0.1145,1.0,77.94,14.3481,-7.44403,-8.34001,0.00013,-0.37939
8380.23,BTC-27DEC19,1571050742456,open,0.12,706.6,0.0745,0.1495,0.11231114,76.66,0.114,0.0,BTC-27DEC19-8000-P,8313.84,74.72,0.109,29.3,0.1145,16.3,77.94,14.3481,-7.44403,-8.34001,0.00013,-0.37939
8380.23,BTC-27DEC19,1571050742463,open,0.12,706.6,0.0745,0.1495,0.11231114,76.66,0.114,0.0,BTC-27DEC19-8000-P,8313.84,74.72,0.109,29.3,0.114,1.0,77.64,14.3481,-7.44403,-8.34001,0.00013,-0.37939
8380.23,BTC-27DEC19,1571050742536,open,0.12,706.6,0.0745,0.1495,0.11231114,76.66,0.114,0.0,BTC-27DEC19-8000-P,8313.84,74.72,0.109,29.3,0.1145,16.3,77.94,14.3481,-7.44403,-8.34001,0.00013,-0.37939
8380.23,BTC-27DEC19,1571050742602,open,0.12,706.6,0.0745,0.1495,0.11231114,76.66,0.114,0.0,BTC-27DEC19-8000-P,8313.84,74.72,0.109,29.3,0.114,1.0,77.64,14.3481,-7.44403,-8.34001,0.00013,-0.37939
8380.28,BTC-27DEC19,1571050742660,open,0.09,247.3,0.052,0.1195,0.0853412,77.64,0.09,0.0,BTC-27DEC19-7500-P,8313.84,75.85,0.0825,15.0,0.087,1.0,78.68,13.32387,-7.00138,-6.72645,0.00012,-0.31123
8380.28,BTC-27DEC19,1571050742661,open,0.09,247.3,0.052,0.1195,0.0853412,77.64,0.09,0.0,BTC-27DEC19-7500-P,8313.84,75.85,0.0825,15.0,0.087,17.6,78.68,13.32387,-7.00138,-6.72645,0.00012,-0.31123
8380.28,BTC-27DEC19,1571050742775,open,0.09,247.3,0.052,0.1195,0.0853412,77.64,0.09,0.0,BTC-27DEC19-7500-P,8313.84,75.85,0.0825,15.0,0.0865,1.0,78.37,13.32387,-7.00138,-6.72645,0.00012,-0.31123
8380.23,BTC-27DEC19,1571050742780,open,0.12,706.6,0.0745,0.1495,0.11231114,76.66,0.114,0.0,BTC-27DEC19-8000-P,8313.84,74.72,0.109,29.3,0.1145,1.0,77.94,14.3481,-7.44403,-8.34001,0.00013,-0.37939
8380.23,BTC-27DEC19,1571050742782,open,0.12,706.6,0.0745,0.1495,0.11231114,76.66,0.114,0.0,BTC-27DEC19-8000-P,8313.84,74.72,0.109,29.3,0.1145,16.3,77.94,14.3481,-7.44403,-8.34001,0.00013,-0.37939
8380.23,BTC-27DEC19,1571050742901,open,0.12,706.6,0.0745,0.1495,0.11231114,76.66,0.114,0.0,BTC-27DEC19-8000-P,8313.84,74.72,0.109,29.3,0.114,1.0,77.64,14.3481,-7.44403,-8.34001,0.00013,-0.37939
8380.23,BTC-27DEC19,1571050743033,open,0.12,706.6,0.0745,0.1495,0.11231114,76.66,0.114,0.0,BTC-27DEC19-8000-P,8313.84,74.72,0.109,29.3,0.1145,16.3,77.94,14.3481,-7.44403,-8.34001,0.00013,-0.37939
8380.23,BTC-27DEC19,1571050743084,open,0.07,260.7,0.0345,0.0935,0.06298587,78.92,0.066,0.0,BTC-27DEC19-7000-P,8313.84,76.81,0.06,34.8,0.064,1.0,79.63,11.90021,-6.3561,-5.2554,0.00011,-0.24686
8317.32,SYN.BTC-18OCT19,1571050743092,open,0.07,7.0,0.051,0.096,0.07383888,68.35,0.074,0.0,BTC-18OCT19-7750-C,8313.84,57.66,0.0715,0.1,0.0745,1.1,71.06,1.99454,-17.58786,0.68585,0.0004,0.85042
8317.32,SYN.BTC-18OCT19,1571050743103,open,0.07,7.0,0.051,0.096,0.07383888,68.35,0.074,0.0,BTC-18OCT19-7750-C,8313.84,57.66,0.0715,1.1,0.0745,1.1,71.06,1.99454,-17.58786,0.68585,0.0004,0.85042
8380.23,BTC-27DEC19,1571050743158,open,0.12,706.6,0.0745,0.1495,0.11231114,76.66,0.114,0.0,BTC-27DEC19-8000-P,8313.84,74.72,0.109,29.3,0.114,1.0,77.64,14.3481,-7.44403,-8.34001,0.00013,-0.37939
8355.01,SYN.BTC-29NOV19,1571050743179,open,0.13,173.2,0.089,0.1525,0.12195944,71.92,0.122,0.0,BTC-29NOV19-8000-C,8313.84,56.02,0.1005,8.0,0.1255,8.0,74.53,11.30438,-8.8607,5.19917,0.00018,0.61706
8323.6,SYN.BTC-25OCT19,1571050743179,open,0.16,9.9,0.1435,0.186,0.16441001,76.58,0.211,0.0,BTC-25OCT19-7000-C,8313.84,0.0,0.159,18.0,0.1825,8.0,124.75,2.22329,-7.82715,1.86313,0.00014,0.91563
8323.6,SYN.BTC-25OCT19,1571050743181,open,0.03,485.8,0.014,0.058,0.03204847,60.08,0.0355,0.0,BTC-25OCT19-8500-C,8313.84,58.54,0.031,5.0,0.034,13.0,62.94,5.66754,-15.65477,1.01238,0.00046,0.44024
8380.28,BTC-27DEC19,1571050743188,open,0.09,247.3,0.052,0.1195,0.0853412,77.64,0.09,0.0,BTC-27DEC19-7500-P,8313.84,75.85,0.0825,15.0,0.087,1.0,78.68,13.32387,-7.00138,-6.72645,0.00012,-0.31123
8323.6,SYN.BTC-25OCT19,1571050743189,open,0.11,39.5,0.0865,0.134,0.11066875,68.65,0.1095,0.0,BTC-25OCT19-7500-C,8313.84,0.0,0.098,8.0,0.115,8.0,77.98,3.6902,-11.64688,1.77412,0.00026,0.826
8380.28,BTC-27DEC19,1571050743190,open,0.09,247.3,0.052,0.1195,0.0853412,77.64,0.09,0.0,BTC-27DEC19-7500-P,8313.84,75.85,0.0825,15.0,0.087,17.6,78.68,13.32387,-7.00138,-6.72645,0.00012,-0.31123
8317.32,SYN.BTC-18OCT19,1571050743226,open,0.09,8.4,0.0615,0.1105,0.08553879,61.95,0.087,0.0,BTC-18OCT19-9000-P,8313.84,56.33,0.0845,0.5,0.0875,0.1,70.88,1.65666,-13.24007,-0.85774,0.00036,-0.88567
8317.32,SYN.BTC-18OCT19,1571050743301,open,0.0,314.6,0.0005,0.011,0.00112031,71.61,0.001,0.0,BTC-18OCT19-9500-C,8313.84,62.68,0.0005,21.1,0.0015,1.5,75.63,0.72041,-6.65536,0.03327,0.00014,0.03879
8323.6,SYN.BTC-25OCT19,1571050743320,open,0.07,572.9,0.04,0.09,0.06481814,63.11,0.0635,0.0,BTC-25OCT19-8000-C,8313.84,60.22,0.063,5.0,0.066,10.0,64.98,5.25139,-15.23552,1.4816,0.0004,0.6622
8380.28,BTC-27DEC19,1571050743368,open,0.09,247.3,0.052,0.1195,0.0853412,77.64,0.09,0.0,BTC-27DEC19-7500-P,8313.84,75.85,0.0825,15.0,0.0865,1.0,78.37,13.32387,-7.00138,-6.72645,0.00012,-0.31123
8323.6,SYN.BTC-25OCT19,1571050743438,open,0.02,514.7,0.0035,0.035,0.01456486,61.03,0.014,0.0,BTC-25OCT19-9000-C,8313.84,59.98,0.014,7.0,0.0145,0.3,60.91,4.52089,-12.68433,0.57254,0.00036,0.24542
8323.59,SYN.BTC-25OCT19,1571050743468,open,0.0,20.2,0.0005,0.011,0.00122775,89.84,0.001,0.0,BTC-25OCT19-11500-C,8313.84,79.49,0.0005,25.5,0.002,25.0,96.97,0.76508,-3.16,0.05246,4e-05,0.02238
8380.1,BTC-27DEC19,1571050743478,open,0.16,424.2,0.119,0.193,0.15768305,76.66,0.1695,0.0,BTC-27DEC19-8000-C,8313.84,75.09,0.155,14.0,0.1595,0.1,77.72,14.34806,-7.44449,7.8515,0.00013,0.62059
8380.1,BTC-27DEC19,1571050743528,open,0.08,558.7,0.04,0.106,0.07280993,76.83,0.0775,0.0,BTC-27DEC19-10000-C,8313.84,75.16,0.07,34.7,0.073,0.2,76.94,14.20305,-7.38504,4.99817,0.00013,0.36749
8380.1,BTC-27DEC19,1571050743609,open,0.03,481.4,0.008,0.0475,0.02464706,80.74,0.0255,0.0,BTC-27DEC19-13000-C,8313.84,79.16,0.023,42.9,0.0245,3.0,80.6,8.87404,-4.84911,2.16264,8e-05,0.15215
8479.8,BTC-27MAR20,1571050743641,open,0.19,219.3,0.132,0.2305,0.18210804,81.31,0.185,0.0,BTC-27MAR20-8000-P,8313.84,79.26,0.177,9.8,0.186,14.8,82.87,21.15439,-5.21627,-20.46018,8e-05,-0.35204
8380.1,BTC-27DEC19,1571050743654,open,0.19,750.0,0.138,0.224,0.18194057,76.65,0.184,0.0,BTC-27DEC19-9000-P,8313.84,56.25,0.1455,10.0,0.1855,10.0,78.63,15.03158,-7.7981,-11.80016,0.00014,-0.51377
8479.8,BTC-27MAR20,1571050743696,open,0.34,179.8,0.275,0.3925,0.33498208,81.46,0.3415,0.0,BTC-27MAR20-10000-P,8313.84,76.43,0.3215,4.0,0.3415,4.0,83.89,22.72814,-5.61461,-32.40292,9e-05,-0.51095
8479.8,BTC-27MAR20,1571050743698,open,0.08,254.2,0.044,0.1115,0.07685153,84.04,0.078,0.0,BTC-27MAR20-6000-P,8313.84,81.89,0.073,21.5,0.079,13.5,85.23,15.23487,-3.88265,-10.04651,6e-05,-0.18543
8479.8,BTC-27MAR20,1571050743698,open,0.24,102.0,0.1895,0.283,0.23869624,81.31,0.2375,0.0,BTC-27MAR20-8000-C,8313.84,76.63,0.227,7.0,0.244,7.0,83.44,21.15435,-5.21643,15.67678,8e-05,0.64796
8354.99,SYN.BTC-29NOV19,1571050743722,open,0.15,20.5,0.11,0.1825,0.14664322,70.67,0.145,0.0,BTC-29NOV19-9000-P,8313.84,66.61,0.141,6.0,0.152,6.0,74.51,11.64423,-8.96897,-7.50561,0.00019,-0.5681
8317.32,SYN.BTC-18OCT19,1571050743776,open,0.05,56.4,0.025,0.07,0.04826936,61.11,0.047,0.0,BTC-18OCT19-8000-C,8313.84,54.13,0.046,0.1,0.049,1.6,63.29,2.76955,-21.83518,0.61258,0.00062,0.74189
8380.1,BTC-27DEC19,1571050743793,open,0.19,213.0,0.1525,0.225,0.19037983,77.65,0.205,0.0,BTC-27DEC19-7500-C,8313.84,75.2,0.1865,13.0,0.195,13.0,80.55,13.32406,-7.00197,8.45291,0.00012,0.68875
8354.99,SYN.BTC-29NOV19,1571050743795,open,0.08,195.0,0.0485,0.1105,0.07946105,71.91,0.078,0.0,BTC-29NOV19-8000-P,8313.84,70.09,0.077,10.7,0.0825,19.7,74.16,11.30438,-8.85988,-4.85571,0.00018,-0.38294
8380.1,BTC-27DEC19,1571050743857,open,0.12,706.6,0.0745,0.1495,0.11231079,76.65,0.114,0.0,BTC-27DEC19-8000-P,8313.84,74.72,0.109,29.3,0.1145,1.0,77.93,14.34808,-7.44366,-8.34021,0.00013,-0.37941
8380.1,BTC-27DEC19,1571050743858,open,0.12,706.6,0.0745,0.1495,0.11231079,76.65,0.114,0.0,BTC-27DEC19-8000-P,8313.84,74.72,0.109,29.3,0.1145,16.3,77.93,14.34808,-7.44366,-8.34021,0.00013,-0.37941
8380.1,BTC-27DEC19,1571050743889,open,0.12,706.6,0.0745,0.1495,0.11231079,76.65,0.114,0.0,BTC-27DEC19-8000-P,8313.84,74.72,0.109,29.3,0.114,1.0,77.64,14.34808,-7.44366,-8.34021,0.00013,-0.37941
183.17,SYN.ETH-18OCT19,1571050743901,open,0.13,121.0,0.1,0.157,0.129403,90.71,0.12,0.0,ETH-18OCT19-160-C,183.11,0.0,0.111,9.0,0.145,9.0,162.5,0.02469,-0.2889,0.01562,0.00764,0.93233
8380.1,BTC-27DEC19,1571050744014,open,0.12,706.6,0.0745,0.1495,0.11231079,76.65,0.114,0.0,BTC-27DEC19-8000-P,8313.84,74.72,0.109,29.3,0.1145,16.3,77.93,14.34808,-7.44366,-8.34021,0.00013,-0.37941
8380.1,BTC-27DEC19,1571050744059,open,0.12,706.6,0.0745,0.1495,0.11231079,76.65,0.114,0.0,BTC-27DEC19-8000-P,8313.84,74.72,0.109,29.3,0.114,1.0,77.64,14.34808,-7.44366,-8.34021,0.00013,-0.37941
8317.32,SYN.BTC-18OCT19,1571050744082,open,0.07,7.0,0.051,0.096,0.07383916,68.35,0.074,0.0,BTC-18OCT19-7750-C,8313.84,57.66,0.0715,0.1,0.0745,1.1,71.06,1.99454,-17.58786,0.68585,0.0004,0.85042
8317.32,SYN.BTC-18OCT19,1571050744128,open,0.07,7.0,0.051,0.096,0.07383916,68.35,0.074,0.0,BTC-18OCT19-7750-C,8313.84,57.66,0.0715,1.1,0.0745,1.1,71.06,1.99454,-17.58786,0.68585,0.0004,0.85042
8380.14,BTC-27DEC19,1571050744147,open,0.09,247.3,0.052,0.1195,0.08534759,77.64,0.09,0.0,BTC-27DEC19-7500-P,8313.84,75.85,0.0825,15.0,0.087,1.0,78.68,13.32392,-7.0011,-6.72661,0.00012,-0.31124
8380.14,BTC-27DEC19,1571050744149,open,0.09,247.3,0.052,0.1195,0.08534759,77.64,0.09,0.0,BTC-27DEC19-7500-P,8313.84,75.85,0.0825,15.0,0.087,17.6,78.68,13.32392,-7.0011,-6.72661,0.00012,-0.31124
8380.14,BTC-27DEC19,1571050744166,open,0.09,247.3,0.052,0.1195,0.08534759,77.64,0.09,0.0,BTC-27DEC19-7500-P,8313.84,75.85,0.0825,15.0,0.0865,1.0,78.37,13.32392,-7.0011,-6.72661,0.00012,-0.31124
8380.14,BTC-27DEC19,1571050744243,open,0.09,247.3,0.052,0.1195,0.08534759,77.64,0.09,0.0,BTC-27DEC19-7500-P,8313.84,75.85,0.0825,15.0,0.087,17.6,78.68,13.32392,-7.0011,-6.72661,0.00012,-0.31124
8380.14,BTC-27DEC19,1571050744387,open,0.09,247.3,0.052,0.1195,0.08534759,77.64,0.09,0.0,BTC-27DEC19-7500-P,8313.84,75.85,0.0825,15.0,0.0865,1.0,78.37,13.32392,-7.0011,-6.72661,0.00012,-0.31124
8380.1,BTC-27DEC19,1571050744390,open,0.12,706.6,0.0745,0.1495,0.11231079,76.65,0.114,0.0,BTC-27DEC19-8000-P,8313.84,74.72,0.109,29.3,0.1145,1.0,77.93,14.34808,-7.44366,-8.34021,0.00013,-0.37941
8380.1,BTC-27DEC19,1571050744392,open,0.12,706.6,0.0745,0.1495,0.11231079,76.65,0.114,0.0,BTC-27DEC19-8000-P,8313.84,74.72,0.109,29.3,0.1145,16.3,77.93,14.34808,-7.44366,-8.34021,0.00013,-0.37941
8380.1,BTC-27DEC19,1571050744461,open,0.12,706.6,0.0745,0.1495,0.11231814,76.65,0.114,0.0,BTC-27DEC19-8000-P,8313.84,74.72,0.109,29.3,0.114,1.0,77.64,14.34808,-7.44366,-8.34021,0.00013,-0.37941
8380.1,BTC-27DEC19,1571050744514,open,0.12,706.6,0.0745,0.1495,0.11231814,76.65,0.114,0.0,BTC-27DEC19-8000-P,8313.84,74.72,0.109,29.3,0.1145,16.3,77.93,14.34808,-7.44366,-8.34021,0.00013,-0.37941
8380.1,BTC-27DEC19,1571050744602,open,0.12,706.6,0.0745,0.1495,0.11231814,76.65,0.114,0.0,BTC-27DEC19-8000-P,8313.84,74.72,0.109,29.3,0.114,1.0,77.64,14.34808,-7.44366,-8.34021,0.00013,-0.37941
8380.14,BTC-27DEC19,1571050744769,open,0.09,247.3,0.052,0.1195,0.08534736,77.64,0.09,0.0,BTC-27DEC19-7500-P,8313.84,75.85,0.0825,15.0,0.087,1.0,78.68,13.32392,-7.0011,-6.72661,0.00012,-0.31124
8380.14,BTC-27DEC19,1571050744771,open,0.09,247.3,0.052,0.1195,0.08534736,77.64,0.09,0.0,BTC-27DEC19-7500-P,8313.84,75.85,0.0825,15.0,0.087,17.6,78.68,13.32392,-7.0011,-6.72661,0.00012,-0.31124
8380.14,BTC-27DEC19,1571050744821,open,0.09,247.3,0.052,0.1195,0.08534736,77.64,0.09,0.0,BTC-27DEC19-7500-P,8313.84,75.85,0.0825,15.0,0.0865,1.0,78.37,13.32392,-7.0011,-6.72661,0.00012,-0.31124
8380.1,BTC-27DEC19,1571050744839,open,0.07,260.7,0.0345,0.0935,0.06299012,78.91,0.066,0.0,BTC-27DEC19-7000-P,8313.84,76.8,0.06,34.8,0.0655,1.0,80.68,11.90028,-6.35592,-5.2555,0.00011,-0.24687
8380.1,BTC-27DEC19,1571050744841,open,0.07,260.7,0.0345,0.0935,0.06299012,78.91,0.066,0.0,BTC-27DEC19-7000-P,8313.84,76.8,0.06,34.8,0.065,17.8,80.33,11.90028,-6.35592,-5.2555,0.00011,-0.24687
8380.14,BTC-27DEC19,1571050744906,open,0.09,247.3,0.052,0.1195,0.08534736,77.64,0.09,0.0,BTC-27DEC19-7500-P,8313.84,75.85,0.0825,15.0,0.087,17.6,78.68,13.32392,-7.0011,-6.72661,0.00012,-0.31124
8380.1,BTC-27DEC19,1571050744974,open,0.12,706.6,0.0745,0.1495,0.11231814,76.65,0.114,0.0,BTC-27DEC19-8000-P,8313.84,74.72,0.109,29.3,0.1145,1.0,77.93,14.34808,-7.44366,-8.34021,0.00013,-0.37941
8380.1,BTC-27DEC19,1571050744976,open,0.12,706.6,0.0745,0.1495,0.11231814,76.65,0.114,0.0,BTC-27DEC19-8000-P,8313.84,74.72,0.109,29.3,0.1145,16.3,77.93,14.34808,-7.44366,-8.34021,0.00013,-0.37941
8354.96,SYN.BTC-29NOV19,1571050744983,open,0.4,0.0,0.357,0.4335,0.39394336,75.22,None,0.0,BTC-29NOV19-11500-P,8313.84,0.0,0.008,10.0,0.0,0.0,0.0,6.70374,-5.49578,-13.13109,0.0001,-0.85651
8354.96,SYN.BTC-29NOV19,1571050744983,open,0.1,72.1,0.0605,0.122,0.09209112,70.65,0.095,0.0,BTC-29NOV19-8500-C,8313.84,67.4,0.0875,10.8,0.092,9.0,70.59,11.79792,-9.08522,4.52021,0.00019,0.52254
8354.96,SYN.BTC-29NOV19,1571050744983,open,0.29,0.0,0.248,0.3245,0.28595348,72.35,None,0.0,BTC-29NOV19-10500-P,8313.84,0.0,0.007,3.0,0.0,0.0,0.0,8.83471,-6.96659,-11.16395,0.00014,-0.77717
8354.96,SYN.BTC-29NOV19,1571050744983,open,0.03,93.0,0.0095,0.0445,0.02485261,79.03,0.026,0.0,BTC-29NOV19-6500-P,8313.84,76.77,0.023,31.5,0.0265,28.5,81.01,6.90858,-5.95093,-1.83695,0.0001,-0.15008
8354.96,SYN.BTC-29NOV19,1571050744983,open,0.03,59.5,0.011,0.0515,0.02922642,72.36,0.029,0.0,BTC-29NOV19-10500-C,8313.84,70.23,0.027,28.2,0.029,0.3,72.15,8.83571,-6.9684,2.03352,0.00014,0.22287
8354.96,SYN.BTC-29NOV19,1571050744983,open,0.19,0.3,0.151,0.2265,0.18902906,70.96,0.2335,0.0,BTC-29NOV19-9500-P,8313.84,44.74,0.157,1.0,0.227,5.0,98.92,10.97368,-8.48685,-8.80855,0.00018,-0.64979
8354.96,SYN.BTC-29NOV19,1571050744983,open,0.25,0.0,0.22,0.273,0.24687871,79.04,None,0.0,BTC-29NOV19-6500-C,8313.84,0.0,0.009,1.0,0.0,0.0,0.0,6.90916,-5.95206,6.33243,0.0001,0.8499
8354.96,SYN.BTC-29NOV19,1571050744983,open,0.01,14.8,0.0015,0.026,0.01124821,78.66,0.012,0.0,BTC-29NOV19-12500-C,8313.84,74.73,0.009,32.0,0.012,32.0,79.89,5.04141,-4.32207,0.88898,7e-05,0.0959
8354.96,SYN.BTC-29NOV19,1571050744983,open,0.06,83.6,0.0295,0.0835,0.055684,73.69,0.057,0.0,BTC-29NOV19-7500-P,8313.84,72.3,0.054,0.5,0.058,22.2,75.58,10.19228,-8.18546,-3.66439,0.00016,-0.29327
8354.96,SYN.BTC-29NOV19,1571050744983,open,0.02,46.7,0.005,0.036,0.01752801,75.23,0.0165,0.0,BTC-29NOV19-11500-C,8313.84,71.98,0.015,30.0,0.018,10.3,75.82,6.70568,-5.49848,1.32341,0.0001,0.14355
8354.96,SYN.BTC-29NOV19,1571050744983,open,0.51,0.0,0.4705,0.5475,0.50735185,78.64,None,0.0,BTC-29NOV19-12500-P,8313.84,0.0,0.006,5.0,0.0,0.0,0.0,5.03848,-4.31834,-14.82253,7e-05,-0.90417
8354.96,SYN.BTC-29NOV19,1571050744983,open,0.16,5.1,0.1255,0.188,0.15802182,73.69,0.16,0.0,BTC-29NOV19-7500-C,8313.84,0.0,0.005,1.0,0.1635,8.0,78.16,10.19242,-8.1863,5.76195,0.00016,0.70672
8354.96,SYN.BTC-29NOV19,1571050744983,open,0.05,38.0,0.026,0.079,0.05199029,70.97,0.0535,0.0,BTC-29NOV19-9500-C,8313.84,68.68,0.049,12.7,0.0525,0.3,71.35,10.97397,-8.488,3.13186,0.00018,0.35023
8380.14,BTC-27DEC19,1571050745011,open,0.09,247.3,0.052,0.1195,0.08534736,77.64,0.09,0.0,BTC-27DEC19-7500-P,8313.84,75.85,0.0825,15.0,0.0865,1.0,78.37,13.32392,-7.0011,-6.72661,0.00012,-0.31124
8380.1,BTC-27DEC19,1571050745060,open,0.12,706.6,0.0745,0.1495,0.11231814,76.65,0.114,0.0,BTC-27DEC19-8000-P,8313.84,74.72,0.109,29.3,0.114,1.0,77.64,14.34808,-7.44366,-8.34021,0.00013,-0.37941
8380.1,BTC-27DEC19,1571050745094,open,0.12,706.6,0.0745,0.1495,0.11231814,76.65,0.114,0.0,BTC-27DEC19-8000-P,8313.84,74.72,0.109,29.3,0.1145,16.3,77.93,14.34808,-7.44366,-8.34021,0.00013,-0.37941
8317.32,SYN.BTC-18OCT19,1571050745126,open,0.07,7.0,0.051,0.096,0.0738392,68.35,0.074,0.0,BTC-18OCT19-7750-C,8313.84,57.66,0.0715,0.1,0.0745,1.1,71.06,1.99454,-17.58786,0.68585,0.0004,0.85042
8317.32,SYN.BTC-18OCT19,1571050745138,open,0.07,7.0,0.051,0.096,0.0738392,68.35,0.074,0.0,BTC-18OCT19-7750-C,8313.84,57.66,0.0715,1.1,0.0745,1.1,71.06,1.99454,-17.58786,0.68585,0.0004,0.85042
8380.1,BTC-27DEC19,1571050745145,open,0.12,706.6,0.0745,0.1495,0.11231814,76.65,0.114,0.0,BTC-27DEC19-8000-P,8313.84,74.72,0.109,29.3,0.114,1.0,77.64,14.34808,-7.44366,-8.34021,0.00013,-0.37941
183.27,SYN.ETH-25OCT19,1571050745258,open,0.01,192.0,0.001,0.02,0.007115,92.12,0.01,0.0,ETH-25OCT19-150-P,183.11,88.0,0.006,200.0,0.008,201.0,95.19,0.05148,-0.21801,-0.00532,0.00558,-0.09025
183.27,SYN.ETH-25OCT19,1571050745258,open,0.08,0.0,0.04,0.109,0.074819,77.76,None,0.0,ETH-25OCT19-190-P,183.11,70.6,0.07,120.0,0.077,120.0,80.99,0.12366,-0.44209,-0.03575,0.01589,-0.57993
8380.14,BTC-27DEC19,1571050745349,open,0.09,247.3,0.052,0.1195,0.08534736,77.64,0.09,0.0,BTC-27DEC19-7500-P,8313.84,75.85,0.0825,15.0,0.087,1.0,78.68,13.32392,-7.0011,-6.72661,0.00012,-0.31124
8380.14,BTC-27DEC19,1571050745351,open,0.09,247.3,0.052,0.1195,0.08534736,77.64,0.09,0.0,BTC-27DEC19-7500-P,8313.84,75.85,0.0825,15.0,0.087,17.6,78.68,13.32392,-7.0011,-6.72661,0.00012,-0.31124
8380.14,BTC-27DEC19,1571050745426,open,0.09,247.3,0.052,0.1195,0.08534736,77.64,0.09,0.0,BTC-27DEC19-7500-P,8313.84,75.85,0.0825,15.0,0.0865,1.0,78.37,13.32392,-7.0011,-6.72661,0.00012,-0.31124
8380.1,BTC-27DEC19,1571050745442,open,0.12,706.6,0.0745,0.1495,0.11231814,76.65,0.114,0.0,BTC-27DEC19-8000-P,8313.84,74.72,0.109,29.3,0.1145,1.0,77.93,14.34808,-7.44366,-8.34021,0.00013,-0.37941
8380.1,BTC-27DEC19,1571050745443,open,0.12,706.6,0.0745,0.1495,0.11231814,76.65,0.114,0.0,BTC-27DEC19-8000-P,8313.84,74.72,0.109,29.3,0.1145,16.3,77.93,14.34808,-7.44366,-8.34021,0.00013,-0.37941
8380.1,BTC-27DEC19,1571050745542,open,0.12,706.6,0.0745,0.1495,0.11231787,76.65,0.114,0.0,BTC-27DEC19-8000-P,8313.84,74.72,0.109,29.3,0.114,1.0,77.64,14.34808,-7.44366,-8.34021,0.00013,-0.37941
8380.1,BTC-27DEC19,1571050745580,open,0.12,706.6,0.0745,0.1495,0.11231787,76.65,0.114,0.0,BTC-27DEC19-8000-P,8313.84,74.72,0.109,29.3,0.1145,16.3,77.93,14.34808,-7.44366,-8.34021,0.00013,-0.37941
183.77,SYN.ETH-29NOV19,1571050745587,open,0.65,0.0,0.589,0.702,0.643537,90.27,None,0.0,ETH-29NOV19-300-P,183.11,0.0,0.0,0.0,0.0,0.0,0.0,0.10148,-0.09984,-0.35995,0.00265,-0.91488
8380.14,BTC-27DEC19,1571050745664,open,0.09,247.3,0.052,0.1195,0.08534712,77.64,0.09,0.0,BTC-27DEC19-7500-P,8313.84,75.85,0.0825,15.0,0.087,17.6,78.68,13.32392,-7.0011,-6.72661,0.00012,-0.31124
8380.1,BTC-27DEC19,1571050745686,open,0.12,706.6,0.0745,0.1495,0.11231787,76.65,0.114,0.0,BTC-27DEC19-8000-P,8313.84,74.72,0.109,29.3,0.114,1.0,77.64,14.34808,-7.44366,-8.34021,0.00013,-0.37941
8380.14,BTC-27DEC19,1571050745744,open,0.09,247.3,0.052,0.1195,0.08534712,77.64,0.09,0.0,BTC-27DEC19-7500-P,8313.84,75.85,0.0825,15.0,0.0865,1.0,78.37,13.32392,-7.0011,-6.72661,0.00012,-0.31124
184.17,ETH-27DEC19,1571050745810,open,0.09,5074.0,0.043,0.119,0.081194,96.49,0.102,0.0,ETH-27DEC19-240-C,183.11,94.56,0.078,62.0,0.083,128.0,97.57,0.30599,-0.19982,0.09915,0.00462,0.34718
184.17,ETH-27DEC19,1571050745810,open,0.07,2494.0,0.032,0.095,0.063097,99.08,0.064,0.0,ETH-27DEC19-140-P,183.11,97.42,0.061,5.0,0.065,128.0,100.58,0.23266,-0.15602,-0.09845,0.00342,-0.201
184.17,ETH-27DEC19,1571050745810,open,0.0,14630.0,0.001,0.012,0.002086,112.57,0.002,0.0,ETH-27DEC19-640-C,183.11,103.77,0.001,2273.0,0.003,3662.0,117.65,0.02898,-0.02208,0.00432,0.00038,0.01368
183.27,SYN.ETH-25OCT19,1571050745810,open,0.0,5667.0,0.001,0.011,0.000958,108.77,0.001,0.0,ETH-25OCT19-280-C,183.11,0.0,0.0,0.0,0.002,500.0,120.84,0.01215,-0.06075,0.00078,0.00112,0.01525
185.67,ETH-27MAR20,1571050745817,open,0.03,4362.0,0.007,0.053,0.026017,106.5,0.025,0.0,ETH-27MAR20-600-C,183.11,105.63,0.025,140.0,0.027,40.0,107.33,0.21921,-0.0708,0.06216,0.00132,0.10013
184.17,ETH-27DEC19,1571050745824,open,0.19,1199.0,0.131,0.221,0.179636,95.45,0.189,0.0,ETH-27DEC19-180-C,183.11,92.77,0.175,96.0,0.183,96.0,97.39,0.31888,-0.206,0.15881,0.00487,0.60567
185.67,ETH-27MAR20,1571050745824,open,0.03,971.0,0.011,0.045,0.026249,106.18,0.034,0.0,ETH-27MAR20-80-P,183.11,102.14,0.023,50.0,0.029,340.0,109.46,0.15289,-0.04923,-0.07418,0.00092,-0.0622
184.17,ETH-27DEC19,1571050745824,open,0.02,3938.0,0.006,0.035,0.018678,110.0,0.018,0.0,ETH-27DEC19-100-P,183.11,108.86,0.018,2.0,0.019,160.0,110.53,0.11032,-0.08213,-0.03277,0.00146,-0.06924
184.17,ETH-27DEC19,1571050745834,open,2.91,0.0,2.796,3.036,2.911331,119.87,None,0.0,ETH-27DEC19-720-P,183.11,0.0,0.003,5.0,0.0,0.0,0.0,0.0258,-0.02093,-1.45352,0.00031,-0.98804
185.67,ETH-27MAR20,1571050745836,open,1.63,0.0,1.527,1.728,1.6246,101.57,None,0.0,ETH-27MAR20-480-P,183.11,0.0,0.003,10.0,0.0,0.0,0.0,0.28686,-0.08836,-2.07808,0.00181,-0.85315
184.17,ETH-27DEC19,1571050745841,open,1.61,21.0,1.532,1.701,1.61273,106.52,0.629,0.0,ETH-27DEC19-480-P,183.11,0.0,0.001,7.0,0.0,0.0,0.0,0.07033,-0.05071,-0.95928,0.00096,-0.96073
183.27,SYN.ETH-25OCT19,1571050745841,open,0.02,2211.0,0.002,0.03,0.012767,84.15,0.014,0.0,ETH-25OCT19-160-P,183.11,79.79,0.011,161.0,0.014,161.0,87.08,0.07599,-0.294,-0.00927,0.00902,-0.15691
185.67,ETH-27MAR20,1571050745845,open,1.84,0.0,1.733,1.943,1.834161,103.04,None,0.0,ETH-27MAR20-520-P,183.11,0.0,0.005,10.0,0.0,0.0,0.0,0.25968,-0.08114,-2.27053,0.00162,-0.87305
184.17,ETH-27DEC19,1571050745845,open,0.01,5465.0,0.001,0.018,0.006442,106.52,0.007,0.0,ETH-27DEC19-480-C,183.11,102.44,0.005,260.0,0.008,660.0,110.33,0.07033,-0.05071,0.01224,0.00096,0.03927
184.17,ETH-27DEC19,1571050745851,open,0.03,926.0,0.007,0.047,0.024013,100.13,0.03,0.0,ETH-27DEC19-340-C,183.11,97.95,0.022,160.0,0.026,460.0,102.2,0.17344,-0.11754,0.03878,0.00252,0.12804
185.67,ETH-27MAR20,1571050745851,open,2.05,0.0,1.939,2.158,2.044141,103.78,None,0.0,ETH-27MAR20-560-P,183.11,0.0,0.01,10.0,0.0,0.0,0.0,0.23249,-0.07317,-2.46204,0.00144,-0.89141
185.67,ETH-27MAR20,1571050745854,open,0.03,2415.0,0.011,0.064,0.033494,103.04,0.032,0.0,ETH-27MAR20-520-C,183.11,101.22,0.031,1.0,0.036,280.0,104.8,0.25968,-0.08114,0.07839,0.00162,0.12695
185.67,ETH-27MAR20,1571050745856,open,1.42,0.0,1.323,1.516,1.417536,100.49,None,0.0,ETH-27MAR20-440-P,183.11,0.0,0.002,10.0,0.0,0.0,0.0,0.3201,-0.09755,-1.88194,0.00205,-0.82634
183.17,SYN.ETH-18OCT19,1571050745858,open,0.0,8.0,0.001,0.011,0.000494,117.67,0.001,0.0,ETH-18OCT19-140-P,183.11,0.0,0.0,0.0,0.001,300.0,130.49,0.00563,-0.08553,-0.00023,0.00134,-0.01139
184.17,ETH-27DEC19,1571050745860,open,1.4,0.0,1.322,1.482,1.398441,105.42,None,0.0,ETH-27DEC19-440-P,183.11,0.0,0.001,8.0,0.0,0.0,0.0,0.09203,-0.06567,-0.87358,0.00127,-0.9451
184.17,ETH-27DEC19,1571050745866,open,1.19,16.0,1.113,1.263,1.184925,102.96,1.195,0.0,ETH-27DEC19-400-P,183.11,0.0,0.001,8.0,0.0,0.0,0.0,0.11673,-0.08134,-0.78667,0.00165,-0.92547
184.17,ETH-27DEC19,1571050745868,open,0.02,895.0,0.004,0.035,0.015879,102.1,0.025,0.0,ETH-27DEC19-380-C,183.11,99.42,0.014,160.0,0.017,160.0,103.62,0.13338,-0.09217,0.02724,0.0019,0.08895
183.17,SYN.ETH-18OCT19,1571050745871,open,0.0,280.0,0.001,0.011,0.000554,83.34,0.001,0.0,ETH-18OCT19-220-C,183.11,0.0,0.0,0.0,0.001,200.0,91.22,0.00847,-0.09101,0.00034,0.00285,0.01828
184.17,ETH-27DEC19,1571050745873,open,2.26,0.0,2.164,2.367,2.260825,112.57,0.953,0.0,ETH-27DEC19-600-P,183.11,0.0,0.0,0.0,0.0,0.0,0.0,0.03808,-0.02901,-1.20849,0.00049,-0.98119
184.17,ETH-27DEC19,1571050745873,open,1.83,37.0,1.743,1.923,1.828858,110.28,0.707,0.0,ETH-27DEC19-520-P,183.11,0.0,0.002,25.0,0.0,0.0,0.0,0.06038,-0.04507,-1.04233,0.0008,-0.9674
184.17,ETH-27DEC19,1571050745883,open,0.0,15549.0,0.001,0.012,0.002966,112.57,0.003,0.0,ETH-27DEC19-600-C,183.11,107.25,0.002,1161.0,0.004,1656.0,117.07,0.03808,-0.02901,0.00591,0.00049,0.01881
185.67,ETH-27MAR20,1571050745883,open,0.31,1164.0,0.234,0.364,0.301954,95.59,0.306,0.0,ETH-27MAR20-200-P,183.11,93.32,0.296,24.0,0.312,24.0,99.42,0.48743,-0.14129,-0.60432,0.00327,-0.4186
184.17,ETH-27DEC19,1571050745887,open,0.07,2925.0,0.029,0.097,0.06234,96.87,0.064,0.0,ETH-27DEC19-260-C,183.11,94.66,0.059,66.0,0.064,128.0,97.96,0.28045,-0.18388,0.08233,0.00422,0.28322
183.27,SYN.ETH-25OCT19,1571050745887,open,0.02,1816.0,0.005,0.044,0.021851,77.98,0.023,0.0,ETH-25OCT19-200-C,183.11,73.0,0.019,405.0,0.023,160.0,79.94,0.10655,-0.38199,0.01411,0.01365,0.28033
184.17,ETH-27DEC19,1571050745889,open,0.23,3466.0,0.167,0.276,0.223645,95.53,0.237,0.0,ETH-27DEC19-200-P,183.11,92.94,0.219,96.0,0.229,282.0,98.52,0.33046,-0.21367,-0.26632,0.00504,-0.49081
184.17,ETH-27DEC19,1571050745889,open,0.01,7757.0,0.001,0.023,0.009344,105.42,0.011,0.0,ETH-27DEC19-440-C,183.11,100.33,0.007,160.0,0.011,780.0,108.58,0.09203,-0.06567,0.01698,0.00127,0.0549
183.17,SYN.ETH-18OCT19,1571050745892,open,0.0,294.0,0.001,0.011,0.001747,79.66,0.003,0.0,ETH-18OCT19-210-C,183.11,71.79,0.001,13.0,0.002,200.0,81.88,0.02013,-0.20686,0.00098,0.00709,0.05214
184.17,ETH-27DEC19,1571050745894,open,2.7,0.0,2.585,2.812,2.694214,116.25,None,0.0,ETH-27DEC19-680-P,183.11,0.0,0.002,10.0,0.0,0.0,0.0,0.02714,-0.02135,-1.37232,0.00034,-0.98732
184.17,ETH-27DEC19,1571050745894,open,0.03,1229.0,0.01,0.056,0.030023,99.22,0.046,0.0,ETH-27DEC19-320-C,183.11,96.33,0.027,128.0,0.032,427.0,101.03,0.19757,-0.13267,0.04665,0.0029,0.15517
184.17,ETH-27DEC19,1571050745896,open,0.02,1084.0,0.005,0.04,0.019225,100.86,0.019,0.0,ETH-27DEC19-360-C,183.11,98.07,0.017,160.0,0.021,460.0,102.97,0.15129,-0.10328,0.0322,0.00219,0.10561
184.17,ETH-27DEC19,1571050745898,open,2.05,0.0,1.953,2.144,2.044337,110.3,0.845,0.0,ETH-27DEC19-560-P,183.11,0.0,0.0,0.0,0.0,0.0,0.0,0.04538,-0.03387,-1.12618,0.0006,-0.97686
184.17,ETH-27DEC19,1571050745898,open,0.11,3473.0,0.062,0.143,0.103396,96.65,0.115,0.0,ETH-27DEC19-160-P,183.11,94.46,0.1,393.0,0.107,128.0,98.97,0.28555,-0.18679,-0.14823,0.0043,-0.29427
184.17,ETH-27DEC19,1571050745898,open,2.48,0.0,2.374,2.589,2.477137,112.57,None,0.0,ETH-27DEC19-640-P,183.11,0.0,0.0,0.0,0.0,0.0,0.0,0.02898,-0.02208,-1.29103,0.00038,-0.98632
185.67,ETH-27MAR20,1571050745912,open,2.26,0.0,2.147,2.378,2.257557,106.5,None,0.0,ETH-27MAR20-600-P,183.11,0.0,0.02,10.0,0.0,0.0,0.0,0.21921,-0.0708,-2.64812,0.00132,-0.89987
184.17,ETH-27DEC19,1571050745912,open,3.13,0.0,3.007,3.259,3.128043,119.87,None,0.0,ETH-27DEC19-760-P,183.11,0.0,0.0,0.0,0.0,0.0,0.0,0.02047,-0.01661,-1.53535,0.00025,-0.99083
183.17,SYN.ETH-18OCT19,1571050745912,open,0.0,887.0,0.001,0.018,0.004333,71.29,0.004,0.0,ETH-18OCT19-200-C,183.11,58.32,0.002,500.0,0.005,302.0,74.38,0.03842,-0.35336,0.00231,0.01513,0.123
183.17,SYN.ETH-18OCT19,1571050745912,open,0.0,203.0,0.001,0.011,0.001493,108.52,0.002,0.0,ETH-18OCT19-150-P,183.11,101.19,0.001,5.0,0.002,300.0,114.69,0.0138,-0.19315,-0.00067,0.00357,-0.03272
184.17,ETH-27DEC19,1571050745919,open,0.98,257.0,0.905,1.048,0.973941,100.86,0.7,0.0,ETH-27DEC19-360-P,183.11,0.0,0.01,2.0,0.0,0.0,0.0,0.15129,-0.10328,-0.69644,0.00219,-0.89439
185.67,ETH-27MAR20,1571050745921,open,1.22,3.0,1.122,1.307,1.213178,99.4,1.39,0.0,ETH-27MAR20-400-P,183.11,0.0,0.001,10.0,0.0,0.0,0.0,0.35719,-0.10767,-1.68209,0.00231,-0.79242
185.67,ETH-27MAR20,1571050745928,open,0.13,960.0,0.072,0.172,0.124101,96.7,0.132,0.0,ETH-27MAR20-280-C,183.11,94.31,0.118,281.0,0.128,32.0,98.22,0.47489,-0.13926,0.21409,0.00315,0.37936
185.67,ETH-27MAR20,1571050745928,open,0.05,956.0,0.018,0.083,0.04774,100.49,0.05,0.0,ETH-27MAR20-440-C,183.11,98.28,0.044,298.0,0.05,32.0,101.79,0.3201,-0.09755,0.10561,0.00205,0.17366
184.17,ETH-27DEC19,1571050745928,open,0.0,4670.0,0.001,0.011,0.0019,119.87,0.002,0.0,ETH-27DEC19-720-C,183.11,111.9,0.001,1056.0,0.003,468.0,126.5,0.0258,-0.02093,0.00375,0.00031,0.01196
183.17,SYN.ETH-18OCT19,1571050745928,open,0.1,90.0,0.062,0.132,0.096241,71.29,0.113,0.0,ETH-18OCT19-200-P,183.11,51.19,0.093,40.0,0.1,40.0,87.01,0.03842,-0.35336,-0.01893,0.01513,-0.877
183.27,SYN.ETH-25OCT19,1571050745928,open,0.12,855.0,0.075,0.151,0.113161,77.98,0.11,0.0,ETH-25OCT19-200-P,183.11,70.67,0.109,40.0,0.116,40.0,82.8,0.10655,-0.38199,-0.04548,0.01365,-0.71967
184.17,ETH-27DEC19,1571050745930,open,0.57,311.0,0.503,0.634,0.568737,97.56,0.71,0.0,ETH-27DEC19-280-P,183.11,0.0,0.001,8.0,0.0,0.0,0.0,0.2523,-0.16659,-0.49859,0.00377,-0.76884
183.17,SYN.ETH-18OCT19,1571050745930,open,0.08,309.0,0.047,0.106,0.077696,71.69,0.075,0.0,ETH-18OCT19-170-C,183.11,53.28,0.074,40.0,0.08,40.0,80.84,0.04354,-0.40269,0.01507,0.01705,0.85238
184.17,ETH-27DEC19,1571050745932,open,0.0,7122.0,0.001,0.013,0.003668,110.3,0.006,0.0,ETH-27DEC19-560-C,183.11,102.1,0.002,1660.0,0.005,460.0,115.16,0.04538,-0.03387,0.00726,0.0006,0.02314
184.17,ETH-27DEC19,1571050745935,open,0.14,6521.0,0.091,0.179,0.137692,95.53,0.153,0.0,ETH-27DEC19-200-C,183.11,92.36,0.132,96.0,0.141,96.0,97.38,0.33046,-0.21367,0.13848,0.00504,0.50919
8380.1,BTC-27DEC19,1571050745942,open,0.12,706.6,0.0745,0.1495,0.11231787,76.65,0.114,0.0,BTC-27DEC19-8000-P,8313.84,74.72,0.109,29.3,0.1145,1.0,77.93,14.34808,-7.44366,-8.34021,0.00013,-0.37941
185.67,ETH-27MAR20,1571050745942,open,0.09,1405.0,0.045,0.115,0.080311,99.3,0.085,0.0,ETH-27MAR20-120-P,183.11,96.67,0.076,316.0,0.084,32.0,101.54,0.30567,-0.09205,-0.20293,0.00198,-0.16165
185.67,ETH-27MAR20,1571050745942,open,0.04,1150.0,0.014,0.072,0.039368,101.57,0.049,0.0,ETH-27MAR20-480-C,183.11,99.35,0.036,300.0,0.042,40.0,103.25,0.28686,-0.08836,0.09015,0.00181,0.14685
8380.1,BTC-27DEC19,1571050745943,open,0.12,706.6,0.0745,0.1495,0.11231787,76.65,0.114,0.0,BTC-27DEC19-8000-P,8313.84,74.72,0.109,29.3,0.1145,16.3,77.93,14.34808,-7.44366,-8.34021,0.00013,-0.37941
183.17,SYN.ETH-18OCT19,1571050745944,open,0.02,426.0,0.003,0.047,0.021115,71.03,0.017,0.0,ETH-18OCT19-180-P,183.11,60.58,0.017,209.0,0.022,361.0,73.26,0.07251,-0.66439,-0.00803,0.02866,-0.39174
8380.1,BTC-27DEC19,1571050745969,open,0.12,706.6,0.0745,0.1495,0.11231787,76.65,0.114,0.0,BTC-27DEC19-8000-P,8313.84,74.72,0.109,29.3,0.114,1.0,77.64,14.34808,-7.44366,-8.34021,0.00013,-0.37941
8380.1,BTC-27DEC19,1571050746003,open,0.12,706.6,0.0745,0.1495,0.11231787,76.65,0.114,0.0,BTC-27DEC19-8000-P,8313.84,74.72,0.109,29.3,0.1145,16.3,77.93,14.34808,-7.44366,-8.34021,0.00013,-0.37941
183.27,SYN.ETH-25OCT19,1571050746014,open,0.0,3.0,0.001,0.013,0.003011,116.37,0.003,0.0,ETH-25OCT19-130-P,183.11,107.92,0.002,200.0,0.004,200.0,123.18,0.02453,-0.13124,-0.00208,0.00211,-0.03515
8317.31,SYN.BTC-18OCT19,1571050746016,open,0.01,241.9,0.0005,0.019,0.00562996,68.35,0.006,0.0,BTC-18OCT19-7750-P,8313.84,65.67,0.005,4.6,0.0065,21.1,71.89,1.99459,-17.58853,-0.13708,0.0004,-0.14958
8317.31,SYN.BTC-18OCT19,1571050746016,open,0.01,132.0,0.0005,0.022,0.00692754,58.58,0.0065,0.0,BTC-18OCT19-8750-C,8313.84,57.12,0.0065,0.8,0.007,0.4,58.82,2.46291,-18.61226,0.17843,0.00057,0.20897
8317.31,SYN.BTC-18OCT19,1571050746016,open,0.29,0.0,0.2675,0.3215,0.2929496,108.28,None,0.0,BTC-18OCT19-10750-P,8313.84,0.0,0.0005,0.1,0.0,0.0,0.0,0.27596,-3.85504,-1.13091,3e-05,-0.98757
8317.31,SYN.BTC-18OCT19,1571050746016,open,0.11,0.7,0.0905,0.139,0.11375819,64.4,0.1155,0.0,BTC-18OCT19-9250-P,8313.84,56.99,0.113,0.1,0.1165,0.1,81.64,0.99951,-8.30446,-0.93205,0.00021,-0.9416
8317.31,SYN.BTC-18OCT19,1571050746016,open,0.0,45.5,0.0005,0.012,0.00246792,88.57,0.003,0.0,BTC-18OCT19-7250-P,8313.84,84.57,0.002,2.5,0.003,20.4,92.66,1.02781,-11.7437,-0.05562,0.00016,-0.06051
8317.31,SYN.BTC-18OCT19,1571050746016,open,0.03,100.6,0.0085,0.05,0.02764218,57.1,0.0265,0.0,BTC-18OCT19-8250-C,8313.84,50.57,0.025,8.4,0.0285,0.8,59.21,3.37153,-24.8342,0.47592,0.0008,0.56652
8317.31,SYN.BTC-18OCT19,1571050746016,open,0.13,0.0,0.111,0.152,0.13079272,88.57,None,0.0,BTC-18OCT19-7250-C,8313.84,0.0,0.1135,6.0,0.147,6.0,164.61,1.02795,-11.74602,0.7142,0.00016,0.93947
8317.31,SYN.BTC-18OCT19,1571050746016,open,0.17,0.0,0.1495,0.1995,0.17316413,79.91,None,0.0,BTC-18OCT19-9750-P,8313.84,0.0,0.0005,0.2,0.0,0.0,0.0,0.57426,-5.91991,-1.01008,0.0001,-0.97055
8317.31,SYN.BTC-18OCT19,1571050746016,open,0.02,98.0,0.004,0.0415,0.01954844,57.09,0.0205,0.0,BTC-18OCT19-8250-P,8313.84,53.27,0.018,5.4,0.021,0.8,60.67,3.37153,-24.83338,-0.40009,0.0008,-0.43347
8317.31,SYN.BTC-18OCT19,1571050746016,open,0.0,16.5,0.0005,0.0105,0.00091128,79.92,0.001,0.0,BTC-18OCT19-9750-C,8313.84,72.83,0.0005,1.4,0.0015,0.6,87.19,0.5746,-5.92441,0.02522,0.0001,0.02947
8317.31,SYN.BTC-18OCT19,1571050746018,open,0.23,0.0,0.2085,0.26,0.23285124,91.34,None,0.0,BTC-18OCT19-10250-P,8313.84,0.0,0.0005,0.1,0.0,0.0,0.0,0.3226,-3.80135,-1.07565,5e-05,-0.98511
8317.31,SYN.BTC-18OCT19,1571050746018,open,0.06,8.4,0.035,0.084,0.05894932,58.57,0.075,0.0,BTC-18OCT19-8750-P,8313.84,55.3,0.058,0.4,0.0605,0.4,63.67,2.46283,-18.61078,-0.75068,0.00057,-0.79104
8317.31,SYN.BTC-18OCT19,1571050746018,open,0.0,14.1,0.0005,0.0105,0.00048286,91.36,0.001,0.0,BTC-18OCT19-10250-C,8313.84,0.0,0.0,0.0,0.001,2.6,101.65,0.32302,-3.80731,0.01275,5e-05,0.01492
8317.31,SYN.BTC-18OCT19,1571050746018,open,0.0,0.0,0.0005,0.0105,0.00046569,108.31,None,0.0,BTC-18OCT19-10750-C,8313.84,0.0,0.0,0.0,0.001,19.5,120.49,0.27636,-3.86166,0.01058,3e-05,0.01245
8317.31,SYN.BTC-18OCT19,1571050746018,open,0.0,128.5,0.0005,0.0115,0.00162087,64.41,0.0015,0.0,BTC-18OCT19-9250-C,8313.84,58.56,0.001,2.5,0.002,10.0,67.39,0.99979,-8.30769,0.05016,0.00021,0.05842
8380.1,BTC-27DEC19,1571050746026,open,0.12,706.6,0.0745,0.1495,0.11231787,76.65,0.114,0.0,BTC-27DEC19-8000-P,8313.84,74.72,0.109,29.3,0.114,1.0,77.64,14.34808,-7.44366,-8.34021,0.00013,-0.37941
8380.1,BTC-27DEC19,1571050746044,open,0.12,706.6,0.0745,0.1495,0.11231787,76.65,0.114,0.0,BTC-27DEC19-8000-P,8313.84,74.72,0.109,29.3,0.1145,1.0,77.93,14.34808,-7.44366,-8.34021,0.00013,-0.37941
8380.1,BTC-27DEC19,1571050746050,open,0.12,706.6,0.0745,0.1495,0.11231787,76.65,0.114,0.0,BTC-27DEC19-8000-P,8313.84,74.72,0.109,29.3,0.1145,16.3,77.93,14.34808,-7.44366,-8.34021,0.00013,-0.37941
8380.14,BTC-27DEC19,1571050746056,open,0.09,247.3,0.052,0.1195,0.08534712,77.64,0.09,0.0,BTC-27DEC19-7500-P,8313.84,75.85,0.0825,15.0,0.087,1.0,78.68,13.32392,-7.0011,-6.72661,0.00012,-0.31124
8380.1,BTC-27DEC19,1571050746062,open,0.12,706.6,0.0745,0.1495,0.11231787,76.65,0.114,0.0,BTC-27DEC19-8000-P,8313.84,74.72,0.109,29.3,0.114,1.0,77.64,14.34808,-7.44366,-8.34021,0.00013,-0.37941
8380.14,BTC-27DEC19,1571050746057,open,0.09,247.3,0.052,0.1195,0.08534712,77.64,0.09,0.0,BTC-27DEC19-7500-P,8313.84,75.85,0.0825,15.0,0.087,17.6,78.68,13.32392,-7.0011,-6.72661,0.00012,-0.31124
8317.31,SYN.BTC-18OCT19,1571050746086,open,0.07,7.0,0.051,0.096,0.07383923,68.36,0.074,0.0,BTC-18OCT19-7750-C,8313.84,57.67,0.0715,0.1,0.0745,1.1,71.06,1.99468,-17.59007,0.68584,0.0004,0.85041
8317.31,SYN.BTC-18OCT19,1571050746096,open,0.07,7.0,0.051,0.096,0.07383923,68.36,0.074,0.0,BTC-18OCT19-7750-C,8313.84,57.67,0.0715,1.1,0.0745,1.1,71.06,1.99468,-17.59007,0.68584,0.0004,0.85041
8380.1,BTC-27DEC19,1571050746112,open,0.12,706.6,0.0745,0.1495,0.11231787,76.65,0.114,0.0,BTC-27DEC19-8000-P,8313.84,74.72,0.109,29.3,0.1145,16.3,77.93,14.34808,-7.44366,-8.34021,0.00013,-0.37941
8380.14,BTC-27DEC19,1571050746117,open,0.09,247.3,0.052,0.1195,0.08534712,77.64,0.09,0.0,BTC-27DEC19-7500-P,8313.84,75.85,0.0825,15.0,0.0865,1.0,78.37,13.32392,-7.0011,-6.72661,0.00012,-0.31124
8380.1,BTC-27DEC19,1571050746156,open,0.12,706.6,0.0745,0.1495,0.11231787,76.65,0.114,0.0,BTC-27DEC19-8000-P,8313.84,74.72,0.109,29.3,0.114,1.0,77.64,14.34808,-7.44366,-8.34021,0.00013,-0.37941
8380.02,BTC-27DEC19,1571050746179,open,0.05,396.5,0.022,0.0725,0.04595766,81.25,0.0465,0.0,BTC-27DEC19-6500-P,8313.84,80.47,0.045,0.9,0.047,18.8,82.11,10.23199,-5.62693,-4.00278,9e-05,-0.19004
8380.02,BTC-27DEC19,1571050746179,open,0.04,776.9,0.0135,0.061,0.03458058,79.14,0.0385,0.0,BTC-27DEC19-12000-C,8313.84,77.49,0.0325,40.4,0.035,0.2,79.47,10.65407,-5.70677,2.85914,9e-05,0.20315
8380.02,BTC-27DEC19,1571050746179,open,0.23,52.9,0.192,0.2605,0.22768027,78.92,0.276,0.0,BTC-27DEC19-7000-C,8313.84,65.45,0.209,12.0,0.2425,12.0,89.23,11.90068,-6.3568,8.9119,0.00011,0.75311
8323.58,SYN.BTC-25OCT19,1571050746179,open,0.0,397.7,0.0005,0.011,0.00100882,96.81,0.0015,0.0,BTC-25OCT19-12000-C,8313.84,88.37,0.0005,41.5,0.0015,25.0,102.52,0.62473,-2.78059,0.04121,3e-05,0.01763
8323.58,SYN.BTC-25OCT19,1571050746179,open,0.0,147.9,0.0005,0.0125,0.00275141,86.98,0.003,0.0,BTC-25OCT19-6500-P,8313.84,81.74,0.002,23.3,0.004,43.0,94.17,1.30101,-5.20236,-0.11228,7e-05,-0.04252
8479.76,BTC-27MAR20,1571050746181,open,0.02,37.6,0.004,0.039,0.01639447,98.62,0.021,0.0,BTC-27MAR20-28000-C,8313.84,96.46,0.0145,27.0,0.0185,32.0,100.85,7.70803,-2.30517,2.07878,2e-05,0.07066
8380.02,BTC-27DEC19,1571050746181,open,0.0,762.8,0.0005,0.011,0.00125262,108.38,0.001,0.0,BTC-27DEC19-30000-C,8313.84,105.83,0.001,25.0,0.0015,1.0,110.52,0.90272,-0.66214,0.12881,1e-05,0.00885
8479.76,BTC-27MAR20,1571050746187,open,2.55,0.0,2.4725,2.6425,2.55229607,100.45,None,0.0,BTC-27MAR20-30000-P,8313.84,0.0,0.005,4.0,0.0,0.0,0.0,7.01069,-2.13562,-133.67345,2e-05,-0.93748
8323.58,SYN.BTC-25OCT19,1571050746189,open,0.28,16.3,0.265,0.297,0.28039932,95.64,0.27,0.0,BTC-25OCT19-6000-C,8313.84,0.0,0.2665,9.0,0.294,9.0,164.68,0.67926,-2.98661,1.73648,3e-05,0.98055
8380.02,BTC-27DEC19,1571050746194,open,2.11,0.0,2.0425,2.174,2.10497426,105.7,None,0.0,BTC-27DEC19-26000-P,8313.84,0.0,0.006,10.0,0.0,0.0,0.0,1.51252,-1.08201,-52.39165,1e-05,-0.98396
8354.94,SYN.BTC-29NOV19,1571050746194,open,0.3,0.0,0.275,0.3215,0.29813104,83.17,None,0.0,BTC-29NOV19-6000-C,8313.84,0.0,0.055,0.1,0.0,0.0,0.0,5.27359,-4.78055,6.29934,7e-05,0.89801
8380.14,BTC-27DEC19,1571050746196,open,0.09,247.3,0.052,0.1195,0.08534712,77.64,0.09,0.0,BTC-27DEC19-7500-P,8313.84,75.85,0.0825,15.0,0.087,17.6,78.68,13.32392,-7.0011,-6.72661,0.00012,-0.31124
8479.76,BTC-27MAR20,1571050746196,open,0.73,58.9,0.6605,0.7895,0.72424724,84.26,0.7315,0.0,BTC-27MAR20-14000-P,8313.84,67.82,0.6905,2.0,0.741,2.0,91.55,18.9665,-4.84651,-55.56861,7e-05,-0.72647
8380.02,BTC-27DEC19,1571050746196,open,0.47,73.1,0.4215,0.514,0.46653757,79.13,0.446,0.0,BTC-27DEC19-12000-P,8313.84,51.2,0.439,5.0,0.4775,5.0,87.36,10.65193,-5.70446,-21.42957,9e-05,-0.79692
8354.94,SYN.BTC-29NOV19,1571050746196,open,0.41,0.0,0.3915,0.4265,0.40842597,94.19,None,0.0,BTC-29NOV19-5000-C,8313.84,0.0,0.0005,0.1,0.0,0.0,0.0,2.76427,-2.83759,5.74864,3e-05,0.95586
8354.94,SYN.BTC-29NOV19,1571050746196,open,0.34,0.0,0.302,0.378,0.33912084,73.79,None,0.0,BTC-29NOV19-11000-P,8313.84,0.0,0.0005,11.0,0.0,0.0,0.0,7.73556,-6.22144,-12.1862,0.00012,-0.82135
8317.31,SYN.BTC-18OCT19,1571050746201,open,0.0,457.1,0.0005,0.0145,0.00345896,61.95,0.0035,0.0,BTC-18OCT19-9000-C,8313.84,59.57,0.003,0.1,0.004,17.5,64.58,1.6566,-13.23936,0.09791,0.00036,0.11432
8479.76,BTC-27MAR20,1571050746206,open,0.02,101.8,0.0045,0.043,0.01870058,96.54,0.0205,0.0,BTC-27MAR20-26000-C,8313.84,94.27,0.0165,27.0,0.0205,8.0,98.29,8.50458,-2.48981,2.36324,3e-05,0.0804
8317.31,SYN.BTC-18OCT19,1571050746206,open,0.32,0.0,0.297,0.352,0.32289041,112.42,None,0.0,BTC-18OCT19-11000-P,8313.84,0.0,0.0005,0.1,0.0,0.0,0.0,0.21344,-3.09556,-1.16015,3e-05,-0.99075
8479.76,BTC-27MAR20,1571050746209,open,2.09,0.0,2.0115,2.1675,2.0848034,96.52,None,0.0,BTC-27MAR20-26000-P,8313.84,0.0,0.0015,1.0,0.0,0.0,0.0,8.49909,-2.48764,-115.08426,3e-05,-0.91967
8380.02,BTC-27DEC19,1571050746220,open,2.58,0.2,2.51,2.658,2.58114508,107.89,2.03,0.0,BTC-27DEC19-30000-P,8313.84,0.0,0.009,5.0,0.0,0.0,0.0,0.87565,-0.63942,-60.59519,1e-05,-0.99145
8354.94,SYN.BTC-29NOV19,1571050746224,open,0.68,0.0,0.6445,0.7245,0.68237686,84.68,None,0.0,BTC-29NOV19-14000-P,8313.84,0.0,0.0,0.0,0.0,0.0,0.0,3.44939,-3.18369,-17.05461,5e-05,-0.94171
8354.94,SYN.BTC-29NOV19,1571050746226,open,0.01,202.7,0.0005,0.017,0.00686921,94.17,0.0075,0.0,BTC-29NOV19-5000-P,8313.84,91.45,0.006,15.0,0.0075,0.1,96.03,2.76317,-2.83598,-0.53542,3e-05,-0.04412
8317.31,SYN.BTC-18OCT19,1571050746226,open,0.0,144.5,0.0005,0.0105,0.00073229,87.25,0.001,0.0,BTC-18OCT19-10000-C,8313.84,82.51,0.0005,2.9,0.001,0.5,91.64,0.45879,-5.16427,0.01924,7e-05,0.02252
8380.02,BTC-27DEC19,1571050746233,open,4.73,0.0,4.616,4.845,4.72794339,105.88,None,0.0,BTC-27DEC19-48000-P,8313.84,0.0,0.001,0.1,0.0,0.0,0.0,0.04253,-0.03048,-97.14697,0.0,-0.99969
8479.76,BTC-27MAR20,1571050746233,open,2.32,0.0,2.242,2.405,2.31835135,98.59,None,0.0,BTC-27MAR20-28000-P,8313.84,0.0,0.005,4.0,0.0,0.0,0.0,7.70173,-2.30269,-124.40319,2e-05,-0.92941
8479.76,BTC-27MAR20,1571050746245,open,0.03,354.2,0.0105,0.0625,0.03206052,90.28,0.035,0.0,BTC-27MAR20-20000-C,8313.84,88.84,0.03,27.0,0.035,15.0,92.27,12.27002,-3.35942,3.87985,4e-05,0.13335
8479.76,BTC-27MAR20,1571050746245,open,0.37,10.8,0.3305,0.4055,0.3692901,84.04,0.381,0.0,BTC-27MAR20-6000-C,8313.84,78.82,0.36,7.0,0.384,15.0,92.13,15.23504,-3.88281,17.05598,6e-05,0.81457
8380.14,BTC-27DEC19,1571050746246,open,0.09,247.3,0.052,0.1195,0.08534712,77.64,0.09,0.0,BTC-27DEC19-7500-P,8313.84,75.85,0.0825,15.0,0.0865,1.0,78.37,13.32392,-7.0011,-6.72661,0.00012,-0.31124
8380.02,BTC-27DEC19,1571050746251,open,3.3,1.3,3.212,3.387,3.29661892,114.07,2.2,0.0,BTC-27DEC19-36000-P,8313.84,0.0,0.011,5.0,0.0,0.0,0.0,0.53387,-0.41216,-72.7925,0.0,-0.99512
8317.31,SYN.BTC-18OCT19,1571050746272,open,0.1,23.2,0.0805,0.1235,0.10192894,78.54,0.1,0.0,BTC-18OCT19-7500-C,8313.84,60.89,0.0995,0.5,0.1025,0.4,81.74,1.43341,-14.52313,0.71043,0.00025,0.90635
8380.02,BTC-27DEC19,1571050746277,open,0.0,336.6,0.0005,0.011,0.00118064,112.2,0.0015,0.0,BTC-27DEC19-32000-C,8313.84,103.12,0.0005,66.5,0.002,49.0,118.88,0.84023,-0.63806,0.11825,1e-05,0.00815
8317.31,SYN.BTC-18OCT19,1571050746291,open,0.34,0.0,0.3255,0.3515,0.33873501,115.64,None,0.0,BTC-18OCT19-5500-C,8313.84,0.0,0.3285,7.0,0.3495,7.0,302.25,0.00672,-0.1003,0.58382,0.0,0.99979
8380.02,BTC-27DEC19,1571050746301,open,0.32,102.3,0.2875,0.344,0.31611841,83.4,0.3225,0.0,BTC-27DEC19-6000-C,8313.84,70.47,0.304,12.0,0.3225,12.0,89.6,8.41249,-4.74879,9.21599,7e-05,0.85948
8380.02,BTC-27DEC19,1571050746301,open,0.02,890.0,0.0045,0.0305,0.01508465,90.49,0.0165,0.0,BTC-27DEC19-5000-P,8313.84,88.67,0.014,45.0,0.017,45.0,93.56,5.08962,-3.117,-1.45156,4e-05,-0.0705
8380.02,BTC-27DEC19,1571050746301,open,0.0,411.0,0.0005,0.0135,0.00376842,98.9,0.004,0.0,BTC-27DEC19-22000-C,8313.84,95.84,0.003,25.0,0.0045,1.0,101.46,2.26102,-1.51348,0.37338,2e-05,0.02578
8323.58,SYN.BTC-25OCT19,1571050746301,open,0.01,731.7,0.0005,0.0195,0.00658221,63.78,0.006,0.0,BTC-25OCT19-9500-C,8313.84,59.1,0.005,40.0,0.0075,0.1,66.28,2.97356,-8.71943,0.29608,0.00023,0.12596
8317.31,SYN.BTC-18OCT19,1571050746305,open,0.0,27.0,0.0005,0.0105,0.00023973,91.87,0.0005,0.0,BTC-18OCT19-10500-C,8313.84,0.0,0.0,0.0,0.0005,2.4,100.72,0.18545,-1.99394,0.00675,3e-05,0.00788
8323.58,SYN.BTC-25OCT19,1571050746314,open,0.26,0.0,0.237,0.293,0.26361016,75.2,None,0.0,BTC-25OCT19-10500-P,8313.84,0.0,0.2425,1.0,0.2865,5.0,141.64,1.2958,-4.48002,-3.02898,8e-05,-0.95769
8479.74,BTC-27MAR20,1571050746318,open,0.08,285.1,0.036,0.1145,0.07326833,84.27,0.0815,0.0,BTC-27MAR20-14000-C,8313.84,83.02,0.0705,22.9,0.077,13.9,85.92,18.96724,-4.847,7.67181,7e-05,0.27355
8380.02,BTC-27DEC19,1571050746318,open,0.01,553.2,0.0005,0.017,0.00723596,102.62,0.008,0.0,BTC-27DEC19-4000-P,8313.84,100.36,0.0065,100.0,0.008,27.0,104.84,2.8045,-1.94781,-0.68955,2e-05,-0.03342
8380.02,BTC-27DEC19,1571050746318,open,0.0,291.4,0.0005,0.0105,0.00090037,115.0,0.0015,0.0,BTC-27DEC19-2500-P,8313.84,107.13,0.0005,30.0,0.0025,20.0,132.77,0.51663,-0.4021,-0.09512,0.0,-0.00471
8380.02,BTC-27DEC19,1571050746318,open,0.01,741.0,0.0005,0.0195,0.0070144,90.81,0.0075,0.0,BTC-27DEC19-18000-C,8313.84,88.43,0.006,47.0,0.0085,27.0,93.94,3.74789,-2.30351,0.69094,3e-05,0.04775
8317.31,SYN.BTC-18OCT19,1571050746318,open,0.26,0.0,0.238,0.2895,0.26266588,91.83,None,0.0,BTC-18OCT19-10500-P,8313.84,0.0,0.0005,0.1,0.0,0.0,0.0,0.18493,-2.19076,-1.1082,3e-05,-0.99214
8380.02,BTC-27DEC19,1571050746320,open,0.42,66.8,0.3975,0.4405,0.4184359,90.5,0.4155,0.0,BTC-27DEC19-5000-C,8313.84,0.0,0.4015,13.0,0.437,13.0,116.15,5.09086,-3.11824,8.66787,4e-05,0.92948
8317.31,SYN.BTC-18OCT19,1571050746320,open,0.0,321.5,0.0005,0.015,0.0036619,78.53,0.0035,0.0,BTC-18OCT19-7500-P,8313.84,77.58,0.0035,6.7,0.0045,36.9,83.18,1.43329,-14.52119,-0.08594,0.00025,-0.09364
8317.31,SYN.BTC-18OCT19,1571050746320,open,0.0,8.9,0.0005,0.0105,5.85e-06,115.0,0.0005,0.0,BTC-18OCT19-5500-P,8313.84,0.0,0.0,0.0,0.0015,39.0,202.39,0.00628,-0.04866,-0.00018,0.0,-0.00019
8323.58,SYN.BTC-25OCT19,1571050746320,open,0.0,868.0,0.0005,0.011,0.00124123,95.62,0.002,0.0,BTC-25OCT19-6000-P,8313.84,83.8,0.0005,48.0,0.0025,35.3,107.88,0.67874,-2.98373,-0.05126,3e-05,-0.01943
8317.31,SYN.BTC-18OCT19,1571050746323,open,0.2,0.0,0.179,0.23,0.20304291,87.24,None,0.0,BTC-18OCT19-10000-P,8313.84,0.0,0.0005,0.1,0.0,0.0,0.0,0.45842,-5.15917,-1.04261,7e-05,-0.9775
8380.02,BTC-27DEC19,1571050746325,open,1.39,4.6,1.341,1.448,1.39153553,94.71,1.466,0.0,BTC-27DEC19-20000-P,8313.84,0.0,0.006,5.0,0.0,0.0,0.0,2.82593,-1.81137,-39.99097,2e-05,-0.96627
8380.02,BTC-27DEC19,1571050746339,open,0.03,1046.0,0.0135,0.0545,0.0320969,83.39,0.033,0.0,BTC-27DEC19-6000-P,8313.84,82.3,0.031,21.5,0.034,19.6,85.27,8.41171,-4.74777,-2.92746,7e-05,-0.1405
8479.74,BTC-27MAR20,1571050746339,open,0.02,107.7,0.003,0.036,0.01448501,100.48,0.0135,0.0,BTC-27MAR20-30000-C,8313.84,97.98,0.0125,27.0,0.0165,27.0,102.82,7.01778,-2.13843,1.84298,2e-05,0.0626
8380.02,BTC-27DEC19,1571050746339,open,0.0,444.0,0.0005,0.0145,0.00456229,108.64,0.0055,0.0,BTC-27DEC19-3500-P,8313.84,103.63,0.0035,20.0,0.0055,48.0,112.53,1.91345,-1.40697,-0.436,1e-05,-0.02114
8479.74,BTC-27MAR20,1571050746339,open,0.01,70.6,0.001,0.0295,0.01081514,105.79,0.0115,0.0,BTC-27MAR20-36000-C,8313.84,103.71,0.0095,3.0,0.012,28.0,107.54,5.56373,-1.785,1.37383,2e-05,0.04668
8380.02,BTC-27DEC19,1571050746343,open,0.81,210.2,0.7595,0.8525,0.8034658,84.23,0.905,0.0,BTC-27DEC19-15000-P,8313.84,0.0,0.7675,4.0,0.841,4.0,120.4,6.07246,-3.46196,-29.07891,5e-05,-0.91098
8317.31,SYN.BTC-18OCT19,1571050746343,open,0.14,6.9,0.12,0.169,0.1433153,71.6,0.1305,0.0,BTC-18OCT19-9500-P,8313.84,0.0,0.1235,4.0,0.164,4.0,162.84,0.72004,-6.651,-0.97549,0.00014,-0.96123
8380.02,BTC-27DEC19,1571050746349,open,0.69,268.3,0.6445,0.737,0.6887351,82.55,0.7205,0.0,BTC-27DEC19-14000-P,8313.84,0.0,0.653,1.0,0.7145,4.0,106.27,7.35444,-4.10899,-26.67851,6e-05,-0.88419
8479.74,BTC-27MAR20,1571050746379,open,0.02,153.7,0.006,0.048,0.02189531,94.53,0.0265,0.0,BTC-27MAR20-24000-C,8313.84,92.8,0.02,27.0,0.024,15.0,96.36,9.51683,-2.7283,2.741,3e-05,0.09345
8354.94,SYN.BTC-29NOV19,1571050746392,open,0.8,0.0,0.7615,0.8445,0.80054194,88.98,None,0.0,BTC-29NOV19-15000-P,8313.84,0.0,0.0,0.0,0.0,0.0,0.0,2.79822,-2.71369,-18.437,4e-05,-0.95519
8379.99,BTC-27DEC19,1571050746418,open,0.58,99.0,0.5315,0.6235,0.57593871,80.72,0.638,0.0,BTC-27DEC19-13000-P,8313.84,0.0,0.54,5.0,0.6145,5.0,110.68,8.87046,-4.84595,-24.15041,8e-05,-0.84794
8479.74,BTC-27MAR20,1571050746423,open,1.86,0.0,1.782,1.9315,1.85215074,94.52,None,0.0,BTC-27MAR20-24000-P,8313.84,0.0,0.0015,1.0,0.0,0.0,0.0,9.51219,-2.72646,-105.67201,3e-05,-0.90661
8479.74,BTC-27MAR20,1571050746423,open,0.01,54.3,0.0025,0.0335,0.01304167,102.37,0.0115,0.0,BTC-27MAR20-32000-C,8313.84,99.56,0.011,27.0,0.015,27.0,104.84,6.46257,-2.00634,1.65896,2e-05,0.05635
8479.74,BTC-27MAR20,1571050746423,open,0.03,143.5,0.0075,0.054,0.02600616,92.32,0.031,0.0,BTC-27MAR20-22000-C,8313.84,90.7,0.024,26.0,0.0285,15.0,94.24,10.71917,-3.00091,3.21876,4e-05,0.11004
8479.74,BTC-27MAR20,1571050746426,open,0.52,44.5,0.4565,0.582,0.5195371,82.51,0.585,0.0,BTC-27MAR20-12000-P,8313.84,69.2,0.487,2.0,0.5335,2.3,87.99,21.39389,-5.35294,-44.27803,8e-05,-0.63642
8479.74,BTC-27MAR20,1571050746426,open,1.62,6.0,1.5525,1.6965,1.62040698,92.3,1.54,0.0,BTC-27MAR20-22000-P,8313.84,0.0,1.5685,1.0,1.6475,1.0,110.11,10.71535,-2.99937,-96.15976,4e-05,-0.89002
8380.1,BTC-27DEC19,1571050746433,open,0.12,706.6,0.0745,0.1495,0.11231787,76.65,0.114,0.0,BTC-27DEC19-8000-P,8313.84,74.72,0.109,29.3,0.1145,1.0,77.93,14.34808,-7.44366,-8.34021,0.00013,-0.37941
8380.1,BTC-27DEC19,1571050746434,open,0.12,706.6,0.0745,0.1495,0.11231787,76.65,0.114,0.0,BTC-27DEC19-8000-P,8313.84,74.72,0.109,29.3,0.1145,16.3,77.93,14.34808,-7.44366,-8.34021,0.00013,-0.37941
8379.99,BTC-27DEC19,1571050746438,open,0.01,481.8,0.0005,0.023,0.01041177,95.91,0.01,0.0,BTC-27DEC19-4500-P,8313.84,93.86,0.0095,20.0,0.012,46.0,99.28,3.81269,-2.47491,-1.00405,3e-05,-0.04879
8379.99,BTC-27DEC19,1571050746438,open,0.0,555.7,0.0005,0.0105,0.00038943,115.0,0.001,0.0,BTC-27DEC19-40000-C,8313.84,0.0,0.0,0.0,0.0015,49.0,130.66,0.33132,-0.25788,0.04206,0.0,0.00287
8379.99,BTC-27DEC19,1571050746438,open,0.0,1542.5,0.0005,0.0105,6.537e-05,115.0,0.0005,0.0,BTC-27DEC19-52000-C,8313.84,0.0,0.0,0.0,0.001,20.0,142.62,0.07178,-0.05587,0.00803,0.0,0.00054
8479.74,BTC-27MAR20,1571050746438,open,0.01,578.7,0.0005,0.0265,0.00910156,108.66,0.009,0.0,BTC-27MAR20-40000-C,8313.84,104.66,0.007,32.5,0.01,15.0,110.19,4.84129,-1.59534,1.15675,1e-05,0.0393
8354.94,SYN.BTC-29NOV19,1571050746438,open,0.02,180.0,0.005,0.0325,0.01626293,83.16,0.017,0.0,BTC-29NOV19-6000-P,8313.84,81.13,0.015,15.0,0.0175,25.2,85.1,5.27279,-4.77925,-1.24158,7e-05,-0.10197
8323.58,SYN.BTC-25OCT19,1571050746438,open,0.8,0.0,0.767,0.84,0.8022187,114.66,None,0.0,BTC-25OCT19-15000-P,8313.84,0.0,0.001,0.1,0.0,0.0,0.0,0.09144,-0.48201,-4.46476,0.0,-0.99799
8354.94,SYN.BTC-29NOV19,1571050746438,open,0.07,198.7,0.04,0.0985,0.06944896,70.68,0.072,0.0,BTC-29NOV19-9000-C,8313.84,67.84,0.0655,11.8,0.069,0.3,70.36,11.64419,-8.96975,3.80617,0.00019,0.4319
8354.94,SYN.BTC-29NOV19,1571050746440,open,0.04,135.6,0.017,0.0635,0.03891728,71.56,0.039,0.0,BTC-29NOV19-10000-C,8313.84,69.52,0.0365,13.5,0.039,0.3,71.63,9.97823,-7.78267,2.53611,0.00016,0.28043
8323.58,SYN.BTC-25OCT19,1571050746455,open,0.68,2.0,0.649,0.7185,0.68231848,114.92,0.372,0.0,BTC-25OCT19-14000-P,8313.84,0.0,0.002,0.1,1.5,0.5,500.0,0.23828,-1.25886,-4.1579,1e-05,-0.99417
8380.1,BTC-27DEC19,1571050746456,open,0.12,706.6,0.0745,0.1495,0.11231759,76.65,0.114,0.0,BTC-27DEC19-8000-P,8313.84,74.72,0.109,29.3,0.114,1.0,77.64,14.34808,-7.44366,-8.34021,0.00013,-0.37941
8379.99,BTC-27DEC19,1571050746462,open,0.01,381.8,0.001,0.0265,0.01086785,86.88,0.0125,0.0,BTC-27DEC19-16000-C,8313.84,85.45,0.01,46.0,0.0125,20.0,89.42,5.18695,-3.05009,1.04126,4e-05,0.07226
8323.58,SYN.BTC-25OCT19,1571050746462,open,0.32,27.9,0.296,0.3535,0.32313523,82.81,0.35,0.0,BTC-25OCT19-11000-P,8313.84,0.0,0.3025,4.0,0.346,4.0,157.07,0.98083,-3.73397,-3.20685,6e-05,-0.96988
8379.99,BTC-27DEC19,1571050746466,open,1.16,9.4,1.1075,1.2085,1.15496,90.75,1.1125,0.0,BTC-27DEC19-18000-P,8313.84,0.0,0.006,3.0,0.0,0.0,0.0,3.73882,-2.29634,-35.74288,3e-05,-0.95239
8379.99,BTC-27DEC19,1571050746466,open,2.82,0.3,2.744,2.901,2.81975081,111.69,1.875,0.0,BTC-27DEC19-32000-P,8313.84,0.0,0.01,4.0,0.0,0.0,0.0,0.8139,-0.61527,-64.65355,1e-05,-0.99214
8380.1,BTC-27DEC19,1571050746468,open,0.12,706.6,0.0745,0.1495,0.11231759,76.65,0.114,0.0,BTC-27DEC19-8000-P,8313.84,74.72,0.109,29.3,0.1145,16.3,77.93,14.34808,-7.44366,-8.34021,0.00013,-0.37941
8479.74,BTC-27MAR20,1571050746468,open,0.04,219.1,0.015,0.074,0.04043792,88.06,0.043,0.0,BTC-27MAR20-18000-C,8313.84,86.57,0.038,25.9,0.044,14.9,90.16,14.12284,-3.77138,4.75438,5e-05,0.16456
8323.58,SYN.BTC-25OCT19,1571050746468,open,0.38,0.0,0.355,0.414,0.38284236,89.81,None,0.0,BTC-25OCT19-11500-P,8313.84,0.0,0.0015,0.1,0.0,0.0,0.0,0.76398,-3.15444,-3.37422,4e-05,-0.97766
8323.58,SYN.BTC-25OCT19,1571050746470,open,0.03,1726.1,0.009,0.0485,0.02594108,63.11,0.026,0.0,BTC-25OCT19-8000-P,8313.84,61.61,0.025,13.0,0.0285,26.6,67.15,5.25142,-15.23539,-0.90213,0.0004,-0.3378
8323.58,SYN.BTC-25OCT19,1571050746470,open,0.22,0.0,0.2035,0.241,0.22183889,86.99,None,0.0,BTC-25OCT19-6500-C,8313.84,0.0,0.205,8.0,0.237,8.0,142.7,1.30143,-5.20465,1.82444,7e-05,0.95746
8379.99,BTC-27DEC19,1571050746474,open,0.37,73.3,0.341,0.391,0.36597647,86.71,0.491,0.0,BTC-27DEC19-5500-C,8313.84,65.84,0.352,12.0,0.3805,12.0,103.35,6.67597,-3.91781,9.03661,5e-05,0.89876
183.17,SYN.ETH-18OCT19,1571050746475,open,0.15,2.0,0.114,0.185,0.14825,79.66,0.118,0.0,ETH-18OCT19-210-P,183.11,0.0,0.129,6.0,0.172,6.0,176.77,0.02013,-0.20686,-0.02132,0.00709,-0.94786
8379.99,BTC-27DEC19,1571050746476,open,0.01,797.2,0.0005,0.0155,0.00494051,94.81,0.005,0.0,BTC-27DEC19-20000-C,8313.84,91.84,0.004,49.0,0.0065,34.0,99.02,2.83834,-1.82127,0.49134,2e-05,0.03391
8379.99,BTC-27DEC19,1571050746476,open,0.64,0.0,0.635,0.6555,0.64466222,114.97,None,0.0,BTC-27DEC19-3000-C,8313.84,0.0,0.01,14.2,0.0,0.0,0.0,1.21133,-0.94261,5.81661,1e-05,0.9876
8379.99,BTC-27DEC19,1571050746489,open,0.59,4.0,0.575,0.6005,0.58690628,108.67,0.666,0.0,BTC-27DEC19-3500-C,8313.84,0.0,0.021,10.1,0.0,0.0,0.0,1.9148,-1.40827,6.64758,1e-05,0.97884
8323.58,SYN.BTC-25OCT19,1571050746489,open,0.0,514.1,0.0005,0.0105,0.00035284,115.0,0.0005,0.0,BTC-25OCT19-14000-C,8313.84,0.0,0.0,0.0,0.001,12.5,129.86,0.23946,-1.26602,0.01367,1e-05,0.00587
8317.31,SYN.BTC-18OCT19,1571050746498,open,0.0,51.8,0.0005,0.0105,0.0003487,112.46,0.0005,0.0,BTC-18OCT19-11000-C,8313.84,0.0,0.0,0.0,0.0005,0.5,117.62,0.21386,-2.90025,0.00788,3e-05,0.00927
8317.31,SYN.BTC-18OCT19,1571050746506,open,0.16,15.0,0.1415,0.1805,0.16011272,98.78,0.145,0.0,BTC-18OCT19-7000-C,8313.84,0.0,0.144,6.0,0.175,6.0,181.96,0.74603,-9.50675,0.70599,0.0001,0.9595
8380.1,BTC-27DEC19,1571050746522,open,0.12,706.6,0.0745,0.1495,0.11231759,76.65,0.114,0.0,BTC-27DEC19-8000-P,8313.84,74.72,0.109,29.3,0.114,1.0,77.64,14.34808,-7.44366,-8.34021,0.00013,-0.37941
8379.99,BTC-27DEC19,1571050746528,open,0.02,661.6,0.003,0.031,0.01351906,84.27,0.0145,0.0,BTC-27DEC19-15000-C,8313.84,82.84,0.0125,45.0,0.0135,0.1,84.24,6.07824,-3.4667,1.28247,5e-05,0.08913
8317.31,SYN.BTC-18OCT19,1571050746528,open,0.01,491.1,0.0005,0.0265,0.01011743,61.11,0.0095,0.0,BTC-18OCT19-8000-P,8313.84,57.72,0.009,0.4,0.011,1.9,63.74,2.76952,-21.83405,-0.23689,0.00062,-0.25811
8354.92,SYN.BTC-29NOV19,1571050746540,open,0.01,147.1,0.0005,0.0155,0.00521198,89.03,0.007,0.0,BTC-29NOV19-15000-C,8313.84,83.3,0.0035,15.0,0.006,33.0,91.28,2.80326,-2.72003,0.41691,4e-05,0.04491
8354.92,SYN.BTC-29NOV19,1571050746540,open,0.01,85.9,0.0005,0.0185,0.0067355,84.72,0.008,0.0,BTC-29NOV19-14000-C,8313.84,80.16,0.005,15.0,0.0075,33.0,86.51,3.45361,-3.18894,0.54234,5e-05,0.05838
8380.1,BTC-27DEC19,1571050746542,open,0.12,706.6,0.0745,0.1495,0.11231759,76.65,0.114,0.0,BTC-27DEC19-8000-P,8313.84,74.72,0.109,29.3,0.1145,1.0,77.93,14.34808,-7.44366,-8.34021,0.00013,-0.37941
8380.1,BTC-27DEC19,1571050746545,open,0.12,706.6,0.0745,0.1495,0.11231759,76.65,0.114,0.0,BTC-27DEC19-8000-P,8313.84,74.72,0.109,29.3,0.1145,16.3,77.93,14.34808,-7.44366,-8.34021,0.00013,-0.37941
8379.99,BTC-27DEC19,1571050746550,open,0.0,246.1,0.0005,0.0105,2.457e-05,115.0,0.001,0.0,BTC-27DEC19-1500-P,8313.84,151.13,0.0005,3.0,0.001,29.9,164.32,0.02444,-0.01902,-0.00329,0.0,-0.00017
8380.02,BTC-27DEC19,1571050746551,open,0.09,247.3,0.052,0.1195,0.08535256,77.64,0.09,0.0,BTC-27DEC19-7500-P,8313.84,75.84,0.0825,15.0,0.087,1.0,78.68,13.324,-7.00115,-6.72686,0.00012,-0.31126
8379.99,BTC-27DEC19,1571050746556,open,0.0,96.3,0.0005,0.0105,0.00020723,115.0,0.001,0.0,BTC-27DEC19-2000-P,8313.84,126.21,0.0005,40.0,0.0015,20.0,144.89,0.15361,-0.11956,-0.0244,0.0,-0.00123
8380.02,BTC-27DEC19,1571050746552,open,0.09,247.3,0.052,0.1195,0.08535256,77.64,0.09,0.0,BTC-27DEC19-7500-P,8313.84,75.84,0.0825,15.0,0.087,17.6,78.68,13.324,-7.00115,-6.72686,0.00012,-0.31126
8380.02,BTC-27DEC19,1571050746570,open,0.09,247.3,0.052,0.1195,0.08535256,77.64,0.09,0.0,BTC-27DEC19-7500-P,8313.84,75.84,0.0825,15.0,0.0865,1.0,78.36,13.324,-7.00115,-6.72686,0.00012,-0.31126
8379.99,BTC-27DEC19,1571050746572,open,0.02,669.5,0.005,0.038,0.01811798,82.58,0.02,0.0,BTC-27DEC19-14000-C,8313.84,81.28,0.017,25.0,0.018,0.1,82.44,7.35882,-4.11278,1.65863,6e-05,0.11591
8323.58,SYN.BTC-25OCT19,1571050746572,open,0.92,0.0,0.885,0.9615,0.9222824,114.07,None,0.0,BTC-25OCT19-16000-P,8313.84,0.0,0.001,0.1,0.0,0.0,0.0,0.03208,-0.16826,-4.76592,0.0,-0.99936
8379.99,BTC-27DEC19,1571050746574,open,2.34,0.1,2.276,2.416,2.3431178,107.96,1.49,0.0,BTC-27DEC19-28000-P,8313.84,0.0,0.009,5.0,0.0,0.0,0.0,1.22098,-0.89211,-56.4905,1e-05,-0.98749
8479.74,BTC-27MAR20,1571050746576,open,1.39,0.7,1.325,1.4635,1.3906066,90.27,1.433,0.0,BTC-27MAR20-20000-P,8313.84,0.0,1.3485,1.0,1.443,1.0,119.01,12.26697,-3.35816,-86.46419,4e-05,-0.8667
8379.99,BTC-27DEC19,1571050746576,open,0.05,713.0,0.023,0.0795,0.0496667,77.76,0.052,0.0,BTC-27DEC19-11000-C,8313.84,75.97,0.047,37.7,0.05,0.2,77.99,12.54246,-6.6013,3.79403,0.00011,0.27336
8479.74,BTC-27MAR20,1571050746576,open,3.02,0.0,2.934,3.12,3.02149725,104.29,None,0.0,BTC-27MAR20-34000-P,8313.84,0.0,0.005,4.0,0.0,0.0,0.0,6.01485,-1.90226,-152.0688,2e-05,-0.94853
8323.58,SYN.BTC-25OCT19,1571050746576,open,0.06,116.6,0.0305,0.083,0.05324076,60.08,0.056,0.0,BTC-25OCT19-8500-P,8313.84,58.25,0.052,5.0,0.053,0.2,59.72,5.66749,-15.65386,-1.52035,0.00046,-0.55977
8379.99,BTC-27DEC19,1571050746578,open,0.92,22.0,0.875,0.971,0.92015294,86.84,1.0275,0.0,BTC-27DEC19-16000-P,8313.84,0.0,0.42,0.2,0.0,0.0,0.0,5.18042,-3.04482,-31.3442,4e-05,-0.92786
8479.74,BTC-27MAR20,1571050746578,open,0.02,659.8,0.009,0.042,0.02326788,93.07,0.0235,0.0,BTC-27MAR20-4000-P,8313.84,92.76,0.023,89.0,0.0245,1.0,94.51,7.2281,-2.04018,-3.38185,2e-05,-0.06502
8379.99,BTC-27DEC19,1571050746578,open,0.0,659.7,0.0005,0.0105,0.00074795,115.0,0.001,0.0,BTC-27DEC19-36000-C,8313.84,110.78,0.0005,16.0,0.0015,54.0,123.38,0.56958,-0.44332,0.0764,0.0,0.00525
8354.92,SYN.BTC-29NOV19,1571050746578,open,0.04,427.5,0.017,0.061,0.03754973,75.85,0.0375,0.0,BTC-29NOV19-7000-P,8313.84,73.86,0.0355,25.5,0.0395,25.5,77.73,8.63244,-7.13639,-2.64205,0.00013,-0.21405
8323.58,SYN.BTC-25OCT19,1571050746578,open,0.0,923.9,0.0005,0.0105,1.116e-05,115.0,0.001,0.0,BTC-25OCT19-17000-C,8313.84,0.0,0.0,0.0,0.001,25.9,169.57,0.01262,-0.06672,0.00055,0.0,0.00023
8323.58,SYN.BTC-25OCT19,1571050746578,open,0.0,499.5,0.0005,0.0105,0.00011393,115.0,0.0005,0.0,BTC-25OCT19-15000-C,8313.84,0.0,0.0,0.0,0.001,10.0,144.2,0.09389,-0.49639,0.00485,0.0,0.00207
8479.74,BTC-27MAR20,1571050746580,open,3.26,0.0,3.1645,3.359,3.25619827,105.75,None,0.0,BTC-27MAR20-36000-P,8313.84,0.0,0.005,3.0,0.0,0.0,0.0,5.55407,-1.78112,-161.24601,2e-05,-0.95342
8323.58,SYN.BTC-25OCT19,1571050746580,open,0.0,129.2,0.0005,0.012,0.00213682,75.22,0.0025,0.0,BTC-25OCT19-10500-C,8313.84,74.32,0.002,5.0,0.0025,39.0,77.45,1.29675,-4.48433,0.09973,8e-05,0.04235
8379.99,BTC-27DEC19,1571050746586,open,0.76,0.0,0.752,0.7715,0.7615466,115.17,None,0.0,BTC-27DEC19-2000-C,8313.84,0.0,0.019,3.2,0.0,0.0,0.0,0.15534,-0.12108,4.02327,0.0,0.99875
8379.99,BTC-27DEC19,1571050746588,open,0.47,4.1,0.456,0.4925,0.47342543,95.92,0.578,0.0,BTC-27DEC19-4500-C,8313.84,0.0,0.0125,6.1,0.0,0.0,0.0,3.81396,-2.47614,8.10345,3e-05,0.95119
8354.92,SYN.BTC-29NOV19,1571050746588,open,0.24,0.0,0.1975,0.274,0.23580627,71.55,0.245,0.0,BTC-29NOV19-10000-P,8313.84,40.07,0.2045,5.0,0.273,5.0,100.61,9.97757,-7.78123,-10.03285,0.00016,-0.71961
8379.99,BTC-27DEC19,1571050746593,open,0.11,312.1,0.0705,0.1435,0.10797763,76.66,0.108,0.0,BTC-27DEC19-9000-C,8313.84,74.72,0.1045,17.5,0.1085,0.1,76.95,15.03139,-7.79884,6.41554,0.00014,0.48623
8323.58,SYN.BTC-25OCT19,1571050746595,open,0.21,324.0,0.1785,0.2335,0.20490706,69.09,0.185,0.0,BTC-25OCT19-10000-P,8313.84,0.0,0.183,1.0,0.2115,10.0,90.49,1.91982,-6.09758,-2.8158,0.00013,-0.93044
8379.99,BTC-27DEC19,1571050746609,open,3.77,0.0,3.68,3.8725,3.77360216,113.31,2.58,0.0,BTC-27DEC19-40000-P,8313.84,0.0,0.001,1.0,0.0,0.0,0.0,0.28903,-0.22165,-80.92337,0.0,-0.99753
8379.99,BTC-27DEC19,1571050746623,open,0.0,342.0,0.0005,0.0105,0.00011545,115.0,0.0005,0.0,BTC-27DEC19-48000-C,8313.84,0.0,0.0,0.0,0.001,49.0,137.42,0.11763,-0.09155,0.01365,0.0,0.00092
8323.58,SYN.BTC-25OCT19,1571050746625,open,0.0,636.7,0.0005,0.0115,0.00159079,82.83,0.002,0.0,BTC-25OCT19-11000-C,8313.84,82.04,0.0015,10.0,0.002,24.0,86.06,0.98181,-3.7387,0.07084,6e-05,0.03016
8317.31,SYN.BTC-18OCT19,1571050746625,open,0.02,561.6,0.002,0.034,0.01442256,57.3,0.0145,0.0,BTC-18OCT19-8500-C,8313.84,51.01,0.012,11.4,0.014,30.0,56.21,3.22885,-23.86915,0.31184,0.00077,0.36751
8479.74,BTC-27MAR20,1571050746641,open,0.11,528.9,0.0605,0.149,0.1044092,82.51,0.116,0.0,BTC-27MAR20-12000-C,8314.32,81.35,0.1015,13.1,0.106,0.1,83.14,21.39421,-5.35327,9.92792,8e-05,0.3636
8379.99,BTC-27DEC19,1571050746641,open,0.02,381.9,0.008,0.041,0.02229323,86.7,0.0255,0.0,BTC-27DEC19-5500-P,8314.32,85.69,0.0215,1.0,0.0235,20.0,88.2,6.67503,-3.91677,-2.09486,5e-05,-0.10122
8379.99,BTC-27DEC19,1571050746641,open,5.21,0.8,5.084,5.3315,5.20524192,0.0,3.59,0.0,BTC-27DEC19-52000-P,8314.32,0.0,0.001,11.0,0.0,0.0,0.0,0.0,0.0,-105.24756,0.0,-1.0
8379.99,BTC-27DEC19,1571050746641,open,0.27,56.0,0.238,0.301,0.27031173,81.26,0.2755,0.0,BTC-27DEC19-6500-C,8314.32,65.88,0.2525,12.0,0.2775,12.0,87.06,10.23252,-5.62782,9.1527,9e-05,0.80994
8479.74,BTC-27MAR20,1571050746641,open,3.73,1.0,3.6265,3.837,3.72619378,108.6,2.7125,0.0,BTC-27MAR20-40000-P,8314.32,0.0,0.005,4.0,0.0,0.0,0.0,4.82981,-1.59069,-179.53204,1e-05,-0.96081
8479.74,BTC-27MAR20,1571050746641,open,1.17,0.0,1.099,1.2335,1.1631295,88.05,1.23,0.0,BTC-27MAR20-18000-P,8314.32,0.0,1.115,1.0,1.215,1.0,114.21,14.12063,-3.7704,-76.55513,5e-05,-0.83548
8379.99,BTC-27DEC19,1571050746641,open,0.0,519.0,0.0005,0.0125,0.00265317,114.94,0.003,0.0,BTC-27DEC19-3000-P,8314.32,105.49,0.0015,49.0,0.0035,20.0,120.31,1.21,-0.94131,-0.25502,1e-05,-0.01238
8379.99,BTC-27DEC19,1571050746641,open,0.0,442.4,0.0005,0.0105,0.00020911,115.0,0.001,0.0,BTC-27DEC19-44000-C,8314.32,0.0,0.0,0.0,0.001,27.8,131.71,0.19582,-0.15242,0.0237,0.0,0.00161
8379.99,BTC-27DEC19,1571050746641,open,1.87,0.0,1.8085,1.932,1.86708797,103.28,None,0.0,BTC-27DEC19-24000-P,8314.32,0.0,0.008,5.0,0.0,0.0,0.0,1.90719,-1.33311,-48.27153,1e-05,-0.97894
8379.99,BTC-27DEC19,1571050746641,open,0.82,10.1,0.8115,0.831,0.82102909,115.78,0.8205,0.0,BTC-27DEC19-1500-C,8314.32,0.0,0.813,1.0,0.8295,1.0,233.32,0.0263,-0.02061,3.03243,0.0,0.99982
8379.99,BTC-27DEC19,1571050746641,open,0.0,482.1,0.0005,0.012,0.00240075,105.94,0.0025,0.0,BTC-27DEC19-26000-C,8314.32,100.18,0.0015,21.0,0.0035,49.0,111.2,1.5322,-1.09862,0.23552,1e-05,0.01629
8379.99,BTC-27DEC19,1571050746641,open,0.27,494.3,0.22,0.311,0.26610745,76.81,0.281,0.0,BTC-27DEC19-10000-P,8314.32,72.89,0.2595,8.0,0.274,8.0,81.44,14.20224,-7.38363,-15.24228,0.00013,-0.63256
8379.99,BTC-27DEC19,1571050746641,open,4.25,0.0,4.148,4.3585,4.25074311,111.56,3.46,0.0,BTC-27DEC19-44000-P,8314.32,0.0,0.0015,0.1,0.0,0.0,0.0,0.14228,-0.10743,-89.0388,0.0,-0.99887
8379.99,BTC-27DEC19,1571050746641,open,0.7,0.0,0.693,0.7125,0.70257461,115.06,None,0.0,BTC-27DEC19-2500-C,8314.32,0.0,0.021,4.1,0.0,0.0,0.0,0.51817,-0.40353,4.96453,0.0,0.99528
8379.99,BTC-27DEC19,1571050746641,open,0.0,649.0,0.0005,0.013,0.00316033,103.44,0.0035,0.0,BTC-27DEC19-24000-C,8314.32,100.33,0.0025,0.1,0.004,48.0,106.82,1.92264,-1.34605,0.30705,1e-05,0.02126
8479.74,BTC-27MAR20,1571050746641,open,2.79,0.0,2.703,2.881,2.78671556,102.34,None,0.0,BTC-27MAR20-32000-P,8314.32,0.0,0.01,2.0,0.0,0.0,0.0,6.45458,-2.00318,-142.89195,2e-05,-0.94374
8323.58,SYN.BTC-25OCT19,1571050746641,open,0.0,660.3,0.0005,0.0105,3.595e-05,115.0,0.001,0.0,BTC-25OCT19-16000-C,8314.32,0.0,0.0,0.0,0.0005,1.0,145.4,0.03506,-0.18534,0.00166,0.0,0.0007
8479.74,BTC-27MAR20,1571050746642,open,0.06,898.9,0.0225,0.09,0.05315062,85.99,0.056,0.0,BTC-27MAR20-16000-C,8314.32,84.6,0.0505,24.5,0.057,14.5,87.95,16.38216,-4.27184,5.9722,6e-05,0.20907
8379.99,BTC-27DEC19,1571050746642,open,0.53,31.1,0.5155,0.5465,0.52991489,102.64,0.6265,0.0,BTC-27DEC19-4000-C,8314.32,0.0,0.019,4.2,0.554,0.2,150.39,2.80583,-1.94909,7.40598,2e-05,0.96656
8479.74,BTC-27MAR20,1571050746642,open,0.94,1.1,0.8765,1.008,0.93998757,85.98,1.08,0.0,BTC-27MAR20-16000-P,8314.32,51.5,0.893,1.0,0.9915,1.0,109.64,16.38068,-4.27111,-66.30279,6e-05,-0.79097
