underlying_price,underlying_index,timestamp,state,settlement_price,open_interest,min_price,max_price,mark_price,mark_iv,last_price,interest_rate,instrument_name,index_price,bid_iv,best_bid_price,best_bid_amount,best_ask_price,best_ask_amount,ask_iv,vega,theta,rho,gamma,delta
189.47,SYN.ETH-11OCT19,1570705140061,open,0.12,614.0,0.076,0.131,0.103664,124.18,0.082,0.0,ETH-11OCT19-170-C,189.45,0.0,0.101,40.0,0.107,40.0,178.11,0.00716,-0.44432,0.00392,0.00669,0.96509
191.23,ETH-27DEC19,1570705140063,open,0.35,2247.0,0.297,0.424,0.362468,102.83,0.351,0.0,ETH-27DEC19-240-P,189.45,99.82,0.357,96.0,0.369,121.0,106.53,0.34232,-0.22601,-0.39066,0.00427,-0.59513
191.23,ETH-27DEC19,1570705140070,open,0.35,2247.0,0.297,0.424,0.362468,102.83,0.351,0.0,ETH-27DEC19-240-P,189.45,99.82,0.357,96.0,0.369,217.0,106.53,0.34232,-0.22601,-0.39066,0.00427,-0.59513
191.23,ETH-27DEC19,1570705140090,open,0.12,5039.0,0.062,0.149,0.107435,102.9,0.102,0.0,ETH-27DEC19-240-C,189.45,100.4,0.103,96.0,0.109,275.0,103.76,0.34236,-0.2262,0.12142,0.00426,0.40507
192.88,ETH-27MAR20,1570705140097,open,0.58,149.0,0.517,0.681,0.601415,101.42,0.723,0.0,ETH-27MAR20-280-P,189.45,96.4,0.588,24.0,0.61,24.0,104.68,0.51351,-0.1542,-1.05191,0.00294,-0.57744
189.79,SYN.ETH-25OCT19,1570705140105,open,0.04,1561.0,0.018,0.075,0.04518,86.66,0.039,0.0,ETH-25OCT19-180-P,189.45,83.71,0.043,160.0,0.048,377.0,90.41,0.14165,-0.41258,-0.03043,0.01113,-0.34819
189.63,SYN.ETH-18OCT19,1570705140113,open,0.06,163.0,0.018,0.076,0.0476,82.82,0.058,0.0,ETH-18OCT19-190-C,189.45,76.7,0.044,263.0,0.051,120.0,88.66,0.11101,-0.58369,0.01924,0.01728,0.51787
189.63,SYN.ETH-18OCT19,1570705140121,open,0.13,76.0,0.083,0.147,0.116831,87.3,0.12,0.0,ETH-18OCT19-170-C,189.45,79.77,0.114,40.0,0.12,40.0,95.35,0.07303,-0.40476,0.02878,0.01078,0.82024
8600.29,BTC-27DEC19,1570705140179,open,0.26,52.8,0.214,0.2835,0.25002528,83.01,0.243,0.0,BTC-27DEC19-7000-C,8531.19,66.94,0.228,12.0,0.2795,13.0,103.39,12.15304,-6.47744,9.48425,9e-05,0.76689
8544.37,SYN.BTC-25OCT19,1570705140179,open,0.2,9.9,0.1665,0.2105,0.18835794,79.97,0.201,0.0,BTC-25OCT19-7000-C,8531.19,0.0,0.1805,18.0,0.207,8.0,122.03,2.89622,-7.7847,2.49851,0.00012,0.90585
8531.97,SYN.BTC-11OCT19,1570705140179,open,0.0,76.3,0.0005,0.0105,1.99e-06,116.03,0.0005,0.0,BTC-11OCT19-10500-C,8531.19,0.0,0.0,0.0,0.0005,10.0,192.03,0.00235,-0.017,3e-05,0.0,0.00015
8544.37,SYN.BTC-25OCT19,1570705140179,open,0.0,116.3,0.0005,0.014,0.00401528,87.43,0.004,0.0,BTC-25OCT19-6500-P,8531.19,87.35,0.004,0.7,0.0045,10.0,89.66,1.80005,-5.28953,-0.19068,7e-05,-0.05074
8600.29,BTC-27DEC19,1570705140181,open,0.0,741.6,0.0005,0.0115,0.00197932,109.23,0.0015,0.0,BTC-27DEC19-30000-C,8531.19,105.84,0.0015,53.0,0.0025,2.5,112.31,1.33644,-0.93728,0.2036,1e-05,0.01307
8531.97,SYN.BTC-11OCT19,1570705140181,open,0.0,452.0,0.0005,0.0125,0.00154489,92.63,0.0025,0.0,BTC-11OCT19-8000-P,8531.19,91.98,0.0015,0.5,0.002,9.8,98.81,0.58983,-13.18099,-0.01561,0.00036,-0.07471
8696.09,BTC-27MAR20,1570705140187,open,2.43,0.0,2.387,2.5565,2.46646271,100.28,None,0.0,BTC-27MAR20-30000-P,8531.19,0.0,0.005,4.0,0.0,0.0,0.0,7.95794,-2.3627,-136.64757,2e-05,-0.92982
8531.97,SYN.BTC-11OCT19,1570705140189,open,0.0,173.9,0.0005,0.0105,0.0,116.03,0.001,0.0,BTC-11OCT19-11500-C,8531.19,0.0,0.0,0.0,0.001,30.0,287.55,0.0,-1e-05,0.0,0.0,0.0
8531.97,SYN.BTC-11OCT19,1570705140189,open,0.0,403.5,0.0005,0.0135,0.00193303,84.01,0.002,0.0,BTC-11OCT19-9000-C,8531.19,84.78,0.002,15.0,0.0025,30.5,90.2,0.73751,-16.49257,0.02023,0.0005,0.10076
8544.37,SYN.BTC-25OCT19,1570705140189,open,0.15,29.6,0.1115,0.1605,0.13657618,73.21,0.144,0.0,BTC-25OCT19-7500-C,8531.19,0.0,0.121,9.0,0.16,9.0,113.24,4.35763,-10.72359,2.41626,0.0002,0.83045
8544.37,SYN.BTC-25OCT19,1570705140189,open,0.31,16.3,0.284,0.318,0.30016227,97.57,0.27,0.0,BTC-25OCT19-6000-C,8531.19,0.0,0.29,9.0,0.3135,9.0,151.82,1.1466,-3.76037,2.33546,4e-05,0.97083
8600.29,BTC-27DEC19,1570705140194,open,1.99,0.0,1.9645,2.0955,2.02674271,106.67,None,0.0,BTC-27DEC19-26000-P,8531.19,0.0,0.006,10.0,0.0,0.0,0.0,2.1497,-1.47233,-55.12037,1e-05,-0.97719
8575.37,SYN.BTC-29NOV19,1570705140194,open,0.33,0.0,0.2945,0.343,0.31875172,87.76,None,0.0,BTC-29NOV19-6000-C,8531.19,0.0,0.055,0.1,0.0,0.0,0.0,5.69563,-5.01104,6.77251,6e-05,0.89672
8531.97,SYN.BTC-11OCT19,1570705140194,open,0.25,0.2,0.223,0.253,0.23815886,0.0,0.17,0.0,BTC-11OCT19-6500-C,8531.19,0.0,0.228,7.0,0.2495,7.0,466.27,0.0,0.0,0.15595,0.0,1.0
8600.29,BTC-27DEC19,1570705140196,open,0.43,74.2,0.3945,0.4925,0.44259955,82.79,0.496,0.0,BTC-27DEC19-12000-P,8531.19,48.84,0.4035,6.0,0.468,6.0,99.16,12.57808,-6.68606,-21.91468,0.0001,-0.7517
8696.09,BTC-27MAR20,1570705140196,open,0.68,58.9,0.6295,0.7625,0.69565671,86.37,0.7315,0.0,BTC-27MAR20-14000-P,8531.19,63.89,0.6475,2.0,0.7095,2.0,92.1,20.64793,-5.28011,-56.04688,7e-05,-0.69735
8575.37,SYN.BTC-29NOV19,1570705140196,open,0.3,0.0,0.276,0.3575,0.31638959,76.96,None,0.0,BTC-29NOV19-11000-P,8531.19,0.0,0.0005,11.0,0.0,0.0,0.0,9.66685,-7.45818,-12.70939,0.00013,-0.76823
8575.37,SYN.BTC-29NOV19,1570705140196,open,0.43,0.0,0.408,0.444,0.42528805,98.38,None,0.0,BTC-29NOV19-5000-C,8531.19,0.0,0.0005,0.1,0.0,0.0,0.0,3.16136,-3.11804,6.17263,3e-05,0.95206
8531.97,SYN.BTC-11OCT19,1570705140199,open,0.22,0.0,0.193,0.2245,0.20885747,0.0,None,0.0,BTC-11OCT19-6750-C,8531.19,0.0,0.1985,6.0,0.221,6.0,426.15,0.0,0.0,0.16194,0.0,1.0
8538.17,SYN.BTC-18OCT19,1570705140201,open,0.02,270.2,0.0035,0.0365,0.01713181,63.58,0.0175,0.0,BTC-18OCT19-9000-C,8531.19,62.35,0.0165,0.1,0.0175,0.1,64.3,4.37685,-17.66805,0.52568,0.00044,0.30247
8696.09,BTC-27MAR20,1570705140206,open,0.02,101.3,0.0055,0.048,0.02171406,96.68,0.0205,0.0,BTC-27MAR20-26000-C,8531.19,96.03,0.021,6.0,0.0235,18.0,98.25,9.6577,-2.76437,2.77395,3e-05,0.09066
8538.17,SYN.BTC-18OCT19,1570705140206,open,0.28,0.0,0.2635,0.319,0.28952924,85.98,None,0.0,BTC-18OCT19-11000-P,8531.19,0.0,0.0005,0.1,0.0,0.0,0.0,0.75811,-4.13839,-2.32775,6e-05,-0.97397
8696.09,BTC-27MAR20,1570705140208,open,1.98,0.0,1.938,2.0945,2.01159791,96.71,None,0.0,BTC-27MAR20-26000-P,8531.19,0.0,0.002,0.1,0.0,0.0,0.0,9.66594,-2.76761,-117.51826,3e-05,-0.90924
8531.97,SYN.BTC-11OCT19,1570705140208,open,0.0,264.1,0.0005,0.0105,0.00029344,101.89,0.0005,0.0,BTC-11OCT19-9500-C,8531.19,0.0,0.0,0.0,0.0005,9.0,110.37,0.17305,-2.50361,0.00335,0.0001,0.01665
8600.29,BTC-27DEC19,1570705140220,open,2.45,0.2,2.4205,2.567,2.49037575,110.12,2.03,0.0,BTC-27DEC19-30000-P,8531.19,0.0,0.009,5.0,0.0,0.0,0.0,1.40343,-0.99229,-63.79244,1e-05,-0.98616
8575.37,SYN.BTC-29NOV19,1570705140224,open,0.63,0.0,0.6035,0.686,0.64254248,84.64,None,0.0,BTC-29NOV19-14000-P,8531.19,0.0,0.0005,0.1,0.0,0.0,0.0,4.67917,-3.97046,-18.31846,6e-05,-0.92075
8538.17,SYN.BTC-18OCT19,1570705140226,open,0.06,1.4,0.045,0.099,0.07122608,63.59,0.065,0.0,BTC-18OCT19-9000-P,8531.19,61.18,0.07,6.6,0.074,6.6,68.94,4.37701,-17.67073,-1.41624,0.00044,-0.69751
8538.17,SYN.BTC-18OCT19,1570705140226,open,0.0,117.9,0.0005,0.013,0.00315814,70.84,0.0035,0.0,BTC-18OCT19-10000-C,8531.19,67.34,0.0025,62.0,0.0035,1.7,72.5,1.70642,-7.67412,0.12538,0.00015,0.07122
8696.09,BTC-27MAR20,1570705140233,open,2.2,0.0,2.1625,2.325,2.23872265,98.53,None,0.0,BTC-27MAR20-28000-P,8531.19,0.0,0.005,4.0,0.0,0.0,0.0,8.73687,-2.5487,-127.11702,3e-05,-0.92068
8696.09,BTC-27MAR20,1570705140245,open,0.04,317.0,0.0135,0.0725,0.03876586,91.8,0.04,0.0,BTC-27MAR20-20000-C,8531.19,91.32,0.038,1.0,0.0405,14.0,92.86,14.00342,-3.80603,4.6155,4e-05,0.15348
8531.97,SYN.BTC-11OCT19,1570705140247,open,0.0,130.1,0.0005,0.0105,0.0,116.03,0.0005,0.0,BTC-11OCT19-5500-P,8531.19,0.0,0.0,0.0,0.0005,4.4,384.2,0.0,0.0,0.0,0.0,0.0
8538.17,SYN.BTC-18OCT19,1570705140272,open,0.14,7.7,0.1055,0.15,0.12784101,75.66,0.103,0.0,BTC-18OCT19-7500-C,8531.19,0.0,0.12,6.0,0.147,6.0,127.64,2.37114,-11.38917,1.40259,0.0002,0.88917
8600.29,BTC-27DEC19,1570705140277,open,0.0,336.6,0.0005,0.0115,0.00182439,112.76,0.0015,0.0,BTC-27DEC19-32000-C,8531.19,110.33,0.0015,24.0,0.0025,10.0,116.98,1.22658,-0.88803,0.18382,1e-05,0.01184
8538.17,SYN.BTC-18OCT19,1570705140291,open,0.36,0.0,0.343,0.3695,0.35604379,115.9,None,0.0,BTC-18OCT19-5500-C,8531.19,0.0,0.347,7.0,0.3665,7.0,222.16,0.14223,-1.04652,1.17934,1e-05,0.99619
8531.97,SYN.BTC-11OCT19,1570705140297,open,0.13,11.5,0.1035,0.14,0.12116645,116.01,0.0925,0.0,BTC-11OCT19-7500-C,8531.19,0.0,0.11,6.0,0.1345,6.0,293.1,0.11915,-6.91088,0.17768,6e-05,0.9892
8600.29,BTC-27DEC19,1570705140301,open,0.34,121.1,0.3075,0.365,0.33650884,87.61,0.34,0.0,BTC-27DEC19-6000-C,8531.19,70.32,0.3205,12.0,0.3595,12.0,108.68,8.72994,-4.91038,9.65338,6e-05,0.8626
8544.37,SYN.BTC-25OCT19,1570705140301,open,0.02,187.9,0.0045,0.036,0.01793527,67.51,0.0198,0.0,BTC-25OCT19-9500-C,8531.19,65.2,0.0165,24.0,0.0195,34.0,69.99,5.34939,-12.13905,0.7696,0.00027,0.23894
8538.17,SYN.BTC-18OCT19,1570705140301,open,0.01,178.6,0.0005,0.0205,0.00723957,66.71,0.0075,0.0,BTC-18OCT19-9500-C,8531.19,64.5,0.0065,15.2,0.008,50.3,68.9,2.91266,-12.33652,0.26137,0.00028,0.14911
8538.17,SYN.BTC-18OCT19,1570705140305,open,0.0,21.2,0.0005,0.0115,0.00171284,77.4,0.002,0.0,BTC-18OCT19-10500-C,8531.19,70.71,0.001,48.0,0.0025,30.0,83.06,1.05895,-5.20359,0.06871,9e-05,0.03901
8544.37,SYN.BTC-25OCT19,1570705140315,open,0.22,0.0,0.2065,0.2655,0.23479307,72.74,None,0.0,BTC-25OCT19-10500-P,8531.19,0.0,0.211,5.0,0.2515,5.0,108.67,2.84163,-6.94803,-3.98037,0.00013,-0.90824
8600.29,BTC-27DEC19,1570705140318,open,0.0,291.4,0.0005,0.011,0.00101217,116.04,0.0015,0.0,BTC-27DEC19-2500-P,8531.19,115.85,0.001,29.0,0.002,0.5,127.54,0.57841,-0.43092,-0.11104,0.0,-0.00504
8600.29,BTC-27DEC19,1570705140318,open,0.01,748.0,0.001,0.027,0.01082092,93.28,0.01,0.0,BTC-27DEC19-18000-C,8531.19,92.74,0.0105,1.0,0.0115,24.0,94.39,5.15485,-3.08724,1.03031,4e-05,0.06697
8538.17,SYN.BTC-18OCT19,1570705140318,open,0.22,0.0,0.206,0.26,0.23148949,77.44,None,0.0,BTC-18OCT19-10500-P,8531.19,0.0,0.0005,0.1,0.0,0.0,0.0,1.06054,-5.21378,-2.19678,9e-05,-0.96092
8600.29,BTC-27DEC19,1570705140320,open,0.44,66.8,0.414,0.458,0.43542431,94.46,0.4155,0.0,BTC-27DEC19-5000-C,8531.19,68.98,0.423,13.0,0.452,13.0,117.07,5.44925,-3.3048,9.03887,4e-05,0.92802
8544.37,SYN.BTC-25OCT19,1570705140320,open,0.1,428.2,0.064,0.117,0.09150375,69.01,0.098,0.0,BTC-25OCT19-8000-C,8531.19,65.39,0.089,9.0,0.093,6.0,71.16,5.94091,-13.78086,2.14037,0.00029,0.70615
8538.17,SYN.BTC-18OCT19,1570705140320,open,0.0,5.1,0.0005,0.0105,0.00021251,116.03,0.001,0.0,BTC-18OCT19-5500-P,8531.19,0.0,0.0,0.0,0.001,15.0,140.93,0.14335,-1.05601,-0.00747,1e-05,-0.00384
8538.17,SYN.BTC-18OCT19,1570705140320,open,0.01,199.1,0.0005,0.019,0.00625291,75.67,0.0065,0.0,BTC-18OCT19-7500-P,8531.19,74.75,0.006,0.1,0.007,30.0,78.3,2.37162,-11.39317,-0.21577,0.0002,-0.11087
8531.97,SYN.BTC-11OCT19,1570705140320,open,0.0,197.8,0.0005,0.0105,1e-08,116.03,0.0005,0.0,BTC-11OCT19-6500-P,8531.19,0.0,0.0,0.0,0.0005,5.0,250.64,2e-05,-7e-05,0.0,0.0,0.0
8538.17,SYN.BTC-18OCT19,1570705140323,open,0.16,0.0,0.149,0.202,0.17437399,70.86,None,0.0,BTC-18OCT19-10000-P,8531.19,0.0,0.0005,0.1,0.0,0.0,0.0,1.70758,-7.68157,-2.03223,0.00015,-0.92872
8600.29,BTC-27DEC19,1570705140325,open,1.31,4.6,1.2815,1.3905,1.33283019,96.12,1.466,0.0,BTC-27DEC19-20000-P,8531.19,0.0,0.0065,0.1,0.0,0.0,0.0,3.87218,-2.38966,-41.95112,3e-05,-0.95341
8696.09,BTC-27MAR20,1570705140339,open,0.02,107.7,0.004,0.04,0.01659674,100.23,0.0165,0.0,BTC-27MAR20-30000-C,8531.19,99.57,0.016,6.0,0.018,10.0,101.73,7.947,-2.35843,2.15093,2e-05,0.07006
8600.29,BTC-27DEC19,1570705140339,open,0.01,443.4,0.0005,0.0145,0.00494478,110.29,0.004,0.0,BTC-27DEC19-3500-P,8531.19,106.11,0.004,24.0,0.005,1.0,110.52,2.06266,-1.46065,-0.4893,1e-05,-0.02172
8696.09,BTC-27MAR20,1570705140339,open,0.01,70.6,0.0025,0.0325,0.01216276,105.11,0.0115,0.0,BTC-27MAR20-36000-C,8531.19,104.17,0.0115,6.0,0.0135,10.0,106.91,6.25547,-1.94674,1.58672,2e-05,0.0516
8531.97,SYN.BTC-11OCT19,1570705140339,open,0.0,329.0,0.0005,0.0105,4.74e-05,115.93,0.0005,0.0,BTC-11OCT19-10000-C,8531.19,0.0,0.0,0.0,0.0005,11.0,153.08,0.0362,-0.40442,0.00057,2e-05,0.00282
8531.97,SYN.BTC-11OCT19,1570705140339,open,0.13,0.6,0.1205,0.168,0.14292553,113.74,0.2185,0.0,BTC-11OCT19-9750-P,8531.19,0.0,0.125,4.0,0.1535,4.0,263.35,0.10113,-5.75119,-0.23212,5e-05,-0.99105
8600.29,BTC-27DEC19,1570705140343,open,0.75,210.2,0.7175,0.816,0.76437269,87.42,0.905,0.0,BTC-27DEC19-15000-P,8531.19,0.0,0.7275,4.0,0.782,4.0,103.86,7.93983,-4.45627,-30.17596,6e-05,-0.88015
8538.17,SYN.BTC-18OCT19,1570705140343,open,0.11,1.1,0.0935,0.1475,0.11989463,66.73,0.117,0.0,BTC-18OCT19-9500-P,8531.19,64.04,0.119,6.0,0.123,6.0,75.23,2.91326,-12.34119,-1.78839,0.00028,-0.85084
8600.29,BTC-27DEC19,1570705140349,open,0.64,268.3,0.607,0.7045,0.65383941,85.47,0.7205,0.0,BTC-27DEC19-14000-P,8531.19,0.0,0.6165,4.0,0.6745,4.0,102.42,9.25878,-5.08093,-27.59614,7e-05,-0.85009
8531.97,SYN.BTC-11OCT19,1570705140349,open,0.0,90.6,0.0005,0.0105,2.1e-07,116.03,0.0005,0.0,BTC-11OCT19-6750-P,8531.19,0.0,0.0,0.0,0.0005,9.7,219.78,0.0003,-0.00178,0.0,0.0,-2e-05
8531.97,SYN.BTC-11OCT19,1570705140381,open,0.0,638.2,0.0005,0.0105,0.00021393,116.03,0.0005,0.0,BTC-11OCT19-7500-P,8531.19,0.0,0.0,0.0,0.001,40.6,147.36,0.11928,-1.82525,-0.00226,6e-05,-0.01082
8575.37,SYN.BTC-29NOV19,1570705140392,open,0.74,0.0,0.717,0.801,0.75663368,88.0,None,0.0,BTC-29NOV19-15000-P,8531.19,0.0,0.0005,0.1,0.0,0.0,0.0,3.76729,-3.32344,-19.88304,4e-05,-0.94018
8695.99,BTC-27MAR20,1570705140398,open,0.32,184.3,0.2645,0.3845,0.32596729,84.83,0.32,0.0,BTC-27MAR20-10000-P,8531.19,81.16,0.316,3.6,0.327,3.6,85.22,23.57214,-5.92075,-32.48762,8e-05,-0.4815
8531.97,SYN.BTC-11OCT19,1570705140412,open,0.01,271.4,0.0005,0.0195,0.00445315,68.59,0.0065,0.0,BTC-11OCT19-8750-C,8531.19,65.51,0.004,0.8,0.0055,24.5,75.42,1.27317,-37.99411,0.04645,0.00106,0.23137
8600.29,BTC-27DEC19,1570705140418,open,0.53,99.0,0.499,0.5965,0.54626031,84.03,0.638,0.0,BTC-27DEC19-13000-P,8531.19,0.0,0.508,5.0,0.569,5.0,100.5,10.85063,-5.85378,-24.8493,8e-05,-0.80797
8531.97,SYN.BTC-11OCT19,1570705140420,open,0.0,186.4,0.0005,0.0175,0.00336565,73.69,0.004,0.0,BTC-11OCT19-8250-P,8531.19,70.7,0.003,0.4,0.0035,0.1,74.76,1.0626,-28.71562,-0.03575,0.00083,-0.17128
8696.15,BTC-27MAR20,1570705140423,open,0.02,54.3,0.003,0.0365,0.01474355,101.84,0.0115,0.0,BTC-27MAR20-32000-C,8531.19,100.94,0.014,6.0,0.016,10.0,103.31,7.27229,-2.19287,1.92042,2e-05,0.06247
8696.15,BTC-27MAR20,1570705140423,open,1.76,0.0,1.7145,1.8655,1.78547283,94.94,None,0.0,BTC-27MAR20-24000-P,8531.19,0.0,0.002,0.1,0.0,0.0,0.0,10.81611,-3.04037,-107.81538,3e-05,-0.89419
8531.97,SYN.BTC-11OCT19,1570705140423,open,0.0,85.5,0.0005,0.0105,0.0,116.03,0.0005,0.0,BTC-11OCT19-6000-P,8531.19,0.0,0.0,0.0,0.0005,21.0,315.13,0.0,0.0,0.0,0.0,0.0
8696.15,BTC-27MAR20,1570705140425,open,0.49,44.5,0.435,0.564,0.5000994,85.02,0.585,0.0,BTC-27MAR20-12000-P,8531.19,66.19,0.4525,3.0,0.515,3.0,90.68,22.76757,-5.7313,-44.48439,8e-05,-0.60552
8696.15,BTC-27MAR20,1570705140427,open,1.53,6.0,1.492,1.6375,1.56056674,93.05,1.54,0.0,BTC-27MAR20-22000-P,8531.19,0.0,1.508,1.0,1.587,1.0,109.24,12.18163,-3.35605,-97.99139,4e-05,-0.87492
8600.29,BTC-27DEC19,1570705140439,open,0.01,476.8,0.002,0.025,0.01162081,99.29,0.011,0.0,BTC-27DEC19-4500-P,8531.19,95.79,0.01,60.0,0.0115,1.0,99.04,4.11909,-2.62591,-1.13689,3e-05,-0.05034
8600.29,BTC-27DEC19,1570705140439,open,0.0,1542.5,0.0005,0.0105,0.00013041,116.03,0.0005,0.0,BTC-27DEC19-52000-C,8531.19,0.0,0.0,0.0,0.001,10.0,137.27,0.13405,-0.09986,0.016,0.0,0.001
8600.29,BTC-27DEC19,1570705140439,open,0.0,555.7,0.0005,0.0105,0.0006488,115.56,0.001,0.0,BTC-27DEC19-40000-C,8531.19,112.86,0.0005,53.0,0.0015,10.0,125.52,0.52207,-0.38736,0.07052,0.0,0.00449
8696.15,BTC-27MAR20,1570705140439,open,0.01,570.3,0.0005,0.029,0.01046036,108.28,0.0095,0.0,BTC-27MAR20-40000-C,8531.19,107.55,0.01,6.0,0.0115,0.9,109.87,5.52872,-1.77245,1.35846,1e-05,0.04422
8544.37,SYN.BTC-25OCT19,1570705140439,open,0.74,0.0,0.7215,0.794,0.75606045,109.78,None,0.0,BTC-25OCT19-15000-P,8531.19,0.0,0.0005,0.1,0.0,0.0,0.0,0.36048,-1.3301,-6.08871,1e-05,-0.99242
8544.37,SYN.BTC-25OCT19,1570705140455,open,0.62,2.0,0.6065,0.676,0.63948676,106.05,0.372,0.0,BTC-25OCT19-14000-P,8531.19,0.0,0.0015,1.0,1.5,0.5,500.0,0.61281,-2.18439,-5.66066,2e-05,-0.98607
8600.29,BTC-27DEC19,1570705140462,open,0.02,371.2,0.004,0.035,0.01563021,88.76,0.017,0.0,BTC-27DEC19-16000-C,8531.19,87.29,0.0145,34.0,0.017,49.0,90.48,6.72744,-3.83405,1.46102,5e-05,0.09525
8544.37,SYN.BTC-25OCT19,1570705140462,open,0.28,27.9,0.263,0.322,0.29101354,76.0,0.35,0.0,BTC-25OCT19-11000-P,8531.19,0.0,0.2685,5.0,0.3055,5.0,114.36,2.00735,-5.12801,-4.29287,9e-05,-0.94176
8531.97,SYN.BTC-11OCT19,1570705140462,open,0.33,0.0,0.3215,0.3755,0.34787281,151.11,None,0.0,BTC-11OCT19-11500-P,8531.19,0.0,0.0025,0.1,0.0,0.0,0.0,0.00057,-0.04288,-0.2759,0.0,-0.99997
8600.29,BTC-27DEC19,1570705140465,open,1.08,9.4,1.055,1.159,1.10385878,93.42,1.1125,0.0,BTC-27DEC19-18000-P,8531.19,0.0,0.0065,0.1,0.0,0.0,0.0,5.17751,-3.10552,-37.36872,4e-05,-0.93265
8531.97,SYN.BTC-11OCT19,1570705140465,open,0.02,7.7,0.0075,0.053,0.03000854,68.59,0.026,0.0,BTC-11OCT19-8750-P,8531.19,61.61,0.029,0.9,0.032,6.9,81.35,1.2732,-43.66312,-0.16348,0.00106,-0.76862
8544.37,SYN.BTC-25OCT19,1570705140470,open,0.25,0.0,0.2245,0.263,0.24327501,87.4,None,0.0,BTC-25OCT19-6500-C,8531.19,0.0,0.2325,8.0,0.2585,8.0,134.22,1.79885,-5.28455,2.45858,7e-05,0.9493
8544.37,SYN.BTC-25OCT19,1570705140470,open,0.03,1323.4,0.0095,0.0495,0.02779946,69.02,0.028,0.0,BTC-25OCT19-8000-P,8531.19,67.15,0.0265,39.0,0.029,0.1,70.74,5.94108,-13.78307,-1.12015,0.00029,-0.29387
8600.29,BTC-27DEC19,1570705140474,open,0.39,73.3,0.3595,0.41,0.38448428,90.48,0.491,0.0,BTC-27DEC19-5500-C,8531.19,70.45,0.3705,13.0,0.404,13.0,112.05,6.99748,-4.06482,9.45012,5e-05,0.89949
8600.29,BTC-27DEC19,1570705140476,open,0.66,0.0,0.644,0.665,0.65398888,115.67,None,0.0,BTC-27DEC19-3000-C,8531.19,0.0,0.01,14.2,0.0,0.0,0.0,1.29451,-0.96141,6.11786,1e-05,0.9874
8531.97,SYN.BTC-11OCT19,1570705140483,open,0.19,1.2,0.163,0.1955,0.17955891,115.22,0.134,0.0,BTC-11OCT19-7000-C,8531.19,0.0,0.1685,6.0,0.192,6.0,380.45,0.00322,-0.18571,0.1679,0.0,0.9998
8600.29,BTC-27DEC19,1570705140489,open,0.6,4.0,0.586,0.6115,0.5979652,110.22,0.666,0.0,BTC-27DEC19-3500-C,8531.19,0.0,0.021,10.1,0.0,0.0,0.0,2.05872,-1.45694,6.97943,1e-05,0.97833
8544.37,SYN.BTC-25OCT19,1570705140489,open,0.0,450.3,0.0005,0.0105,0.00096928,105.9,0.001,0.0,BTC-25OCT19-14000-C,8531.19,97.73,0.0005,71.8,0.0015,45.9,112.28,0.6081,-2.16447,0.04469,2e-05,0.0138
8538.17,SYN.BTC-18OCT19,1570705140497,open,0.0,10.1,0.0005,0.011,0.00119179,85.93,0.002,0.0,BTC-18OCT19-11000-C,8531.19,75.87,0.0005,58.5,0.002,40.0,93.63,0.75628,-4.12594,0.04561,6e-05,0.02595
8538.17,SYN.BTC-18OCT19,1570705140506,open,0.19,15.0,0.164,0.2035,0.18328229,87.89,0.145,0.0,BTC-18OCT19-7000-C,8531.19,0.0,0.172,6.0,0.1985,6.0,145.51,1.3841,-7.72285,1.40433,0.0001,0.94555
189.79,SYN.ETH-25OCT19,1570705140534,open,0.0,4293.0,0.001,0.011,0.00034,125.72,0.001,0.0,ETH-25OCT19-100-P,189.45,143.79,0.001,340.0,0.002,600.0,159.27,0.00455,-0.01921,-0.00034,0.00025,-0.00401
8575.37,SYN.BTC-29NOV19,1570705140540,open,0.01,44.9,0.0005,0.0245,0.00992299,84.58,0.0095,0.0,BTC-29NOV19-14000-C,8531.19,82.84,0.009,34.0,0.011,24.0,86.5,4.67016,-3.95968,0.81001,5e-05,0.07905
8531.97,SYN.BTC-11OCT19,1570705140540,open,0.36,0.0,0.3425,0.368,0.35536518,0.0,None,0.0,BTC-11OCT19-5500-C,8531.19,0.0,0.0105,1.0,0.0,0.0,0.0,0.0,0.0,0.13195,0.0,1.0
8575.37,SYN.BTC-29NOV19,1570705140540,open,0.01,68.1,0.0005,0.02,0.00739851,87.91,0.007,0.0,BTC-29NOV19-15000-C,8531.19,85.78,0.0065,34.0,0.0085,42.0,90.33,3.7561,-3.31021,0.61162,4e-05,0.05959
8600.29,BTC-27DEC19,1570705140550,open,0.0,245.0,0.0005,0.0105,3.232e-05,116.03,0.0005,0.0,BTC-27DEC19-1500-P,8531.19,149.41,0.0005,8.0,0.001,11.0,162.46,0.03161,-0.02355,-0.00446,0.0,-0.00021
8600.29,BTC-27DEC19,1570705140556,open,0.0,96.3,0.0005,0.0105,0.00024769,116.03,0.001,0.0,BTC-27DEC19-2000-P,8531.19,125.1,0.0005,35.0,0.0015,29.0,143.61,0.18169,-0.13536,-0.03018,0.0,-0.0014
8600.29,BTC-27DEC19,1570705140572,open,0.03,633.6,0.0085,0.0505,0.02592107,85.41,0.028,0.0,BTC-27DEC19-14000-C,8531.19,84.07,0.0245,47.0,0.0275,47.0,86.86,9.24887,-5.07184,2.27079,7e-05,0.14967
8544.37,SYN.BTC-25OCT19,1570705140572,open,0.85,0.0,0.836,0.913,0.87293495,115.8,None,0.0,BTC-25OCT19-16000-P,8531.19,0.0,0.0005,0.1,0.0,0.0,0.0,0.25554,-0.99468,-6.5042,1e-05,-0.99486
8600.29,BTC-27DEC19,1570705140574,open,2.22,0.1,2.1925,2.3315,2.25855277,109.03,1.49,0.0,BTC-27DEC19-28000-P,8531.19,0.0,0.009,5.0,0.0,0.0,0.0,1.77649,-1.24358,-59.45829,1e-05,-0.98178
8696.15,BTC-27MAR20,1570705140576,open,1.31,0.8,1.271,1.413,1.33867651,91.82,1.389,0.0,BTC-27MAR20-20000-P,8531.19,0.0,1.2865,1.0,1.364,1.0,105.88,14.01028,-3.80896,-87.91629,4e-05,-0.84641
8696.15,BTC-27MAR20,1570705140576,open,2.88,0.0,2.8365,3.021,2.92326467,103.72,None,0.0,BTC-27MAR20-34000-P,8531.19,0.0,0.0055,0.1,0.0,0.0,0.0,6.7733,-2.07992,-155.55596,2e-05,-0.94294
8531.97,SYN.BTC-11OCT19,1570705140576,open,0.0,60.4,0.0005,0.0105,5e-08,116.03,0.0005,0.0,BTC-11OCT19-11000-C,8531.19,0.0,0.0,0.0,0.001,17.0,251.45,9e-05,-0.00044,0.0,0.0,0.0
8600.29,BTC-27DEC19,1570705140578,open,0.0,609.7,0.0005,0.011,0.00112362,114.88,0.0015,0.0,BTC-27DEC19-36000-C,8531.19,113.53,0.001,24.0,0.0015,5.0,118.41,0.82162,-0.60599,0.1168,0.0,0.00749
8696.15,BTC-27MAR20,1570705140578,open,0.02,687.8,0.009,0.0415,0.02302783,94.26,0.023,0.0,BTC-27MAR20-4000-P,8531.19,92.42,0.0215,172.8,0.0235,25.0,94.82,7.30064,-2.03749,-3.45272,2e-05,-0.06279
8600.29,BTC-27DEC19,1570705140578,open,0.86,22.0,0.829,0.9285,0.87610831,88.86,1.0275,0.0,BTC-27DEC19-16000-P,8531.19,0.0,0.42,0.2,0.0,0.0,0.0,6.74392,-3.84763,-32.67184,5e-05,-0.90443
8544.37,SYN.BTC-25OCT19,1570705140578,open,0.0,923.8,0.0005,0.0105,0.0001566,116.03,0.0005,0.0,BTC-25OCT19-17000-C,8531.19,0.0,0.0,0.0,0.001,10.8,140.51,0.12916,-0.50374,0.00782,0.0,0.0024
8575.37,SYN.BTC-29NOV19,1570705140578,open,0.04,143.7,0.018,0.064,0.03947735,80.63,0.039,0.0,BTC-29NOV19-7000-P,8531.19,79.21,0.038,19.3,0.0415,31.3,82.55,8.96065,-7.24269,-2.84421,0.00011,-0.20325
8544.37,SYN.BTC-25OCT19,1570705140578,open,0.0,479.5,0.0005,0.0105,0.000506,109.49,0.0015,0.0,BTC-25OCT19-15000-C,8531.19,0.0,0.0,0.0,0.001,10.0,118.68,0.35456,-1.3049,0.02413,1e-05,0.00744
8696.15,BTC-27MAR20,1570705140580,open,3.11,0.0,3.0615,3.2535,3.15200192,105.22,None,0.0,BTC-27MAR20-36000-P,8531.19,0.0,0.0055,0.1,0.0,0.0,0.0,6.27955,-1.9562,-164.96862,2e-05,-0.94815
8544.37,SYN.BTC-25OCT19,1570705140580,open,0.01,117.8,0.0005,0.0175,0.00590495,72.72,0.007,0.0,BTC-25OCT19-10500-C,8531.19,69.89,0.005,61.0,0.0065,5.0,74.47,2.83973,-6.94101,0.29868,0.00013,0.09168
8600.29,BTC-27DEC19,1570705140586,open,0.77,0.0,0.758,0.7775,0.76768793,115.58,None,0.0,BTC-27DEC19-2000-C,8531.19,0.0,0.019,3.2,0.0,0.0,0.0,0.17652,-0.13099,4.23795,0.0,0.99865
8600.29,BTC-27DEC19,1570705140588,open,0.49,4.1,0.4705,0.508,0.48836134,99.25,0.578,0.0,BTC-27DEC19-4500-C,8531.19,0.0,0.0125,6.2,0.0,0.0,0.0,4.11551,-2.62246,8.46562,3e-05,0.94972
8575.37,SYN.BTC-29NOV19,1570705140588,open,0.21,0.0,0.1805,0.2615,0.22126665,75.78,None,0.0,BTC-29NOV19-10000-P,8531.19,0.0,0.0015,15.4,0.237,1.9,87.17,11.63354,-8.83805,-10.30986,0.00015,-0.65857
8531.97,SYN.BTC-11OCT19,1570705140593,open,0.3,0.1,0.2825,0.3105,0.29676201,0.0,0.26,0.0,BTC-11OCT19-6000-C,8531.19,0.0,0.2875,7.0,0.3075,7.0,500.0,0.0,0.0,0.14395,0.0,1.0
8544.37,SYN.BTC-25OCT19,1570705140595,open,0.17,323.4,0.1515,0.211,0.18047894,69.82,0.1895,0.0,BTC-25OCT19-10000-P,8531.19,0.0,0.155,6.0,0.1815,0.1,71.97,3.9834,-9.3477,-3.59587,0.00019,-0.85214
8531.97,SYN.BTC-11OCT19,1570705140595,open,0.05,178.8,0.014,0.0575,0.03641342,73.69,0.035,0.0,BTC-11OCT19-8250-C,8531.19,70.3,0.036,0.8,0.0375,0.1,82.03,1.06256,-39.1482,0.16218,0.00083,0.82873
8600.29,BTC-27DEC19,1570705140623,open,0.0,342.0,0.0005,0.0105,0.0002205,116.03,0.0005,0.0,BTC-27DEC19-48000-C,8531.19,0.0,0.0,0.0,0.001,10.0,132.19,0.21029,-0.15666,0.02605,0.0,0.00164
8544.37,SYN.BTC-25OCT19,1570705140625,open,0.0,652.2,0.0005,0.0135,0.00360695,75.97,0.0045,0.0,BTC-25OCT19-11000-C,8531.19,73.25,0.003,62.0,0.004,7.5,77.59,2.00472,-5.11882,0.18991,9e-05,0.05814
8538.17,SYN.BTC-18OCT19,1570705140625,open,0.05,230.2,0.017,0.063,0.03917917,63.13,0.038,0.0,BTC-18OCT19-8500-C,8531.19,60.26,0.0375,1.6,0.041,18.0,66.25,4.98111,-19.96486,0.91845,0.0005,0.53771
8696.15,BTC-27MAR20,1570705140648,open,0.57,1.1,0.5415,0.5855,0.5630457,94.25,0.5375,0.0,BTC-27MAR20-4000-C,8531.19,0.0,0.012,3.1,0.999,0.1,500.0,7.29958,-2.03698,15.05502,2e-05,0.93723
8600.29,BTC-27DEC19,1570705140653,open,0.55,31.1,0.528,0.5595,0.54265463,104.54,0.6265,0.0,BTC-27DEC19-4000-C,8531.19,0.0,0.019,4.2,0.566,0.2,150.35,2.98789,-2.00545,7.77053,2e-05,0.96613
8600.29,BTC-27DEC19,1570705140653,open,0.0,495.4,0.0005,0.0125,0.0027161,108.38,0.0015,0.0,BTC-27DEC19-28000-C,8531.19,104.41,0.002,24.0,0.0035,39.0,111.96,1.71922,-1.19628,0.2718,1e-05,0.01753
8538.17,SYN.BTC-18OCT19,1570705140655,open,0.03,109.9,0.0135,0.0595,0.03471265,63.14,0.037,0.0,BTC-18OCT19-8500-P,8531.19,61.06,0.0335,18.6,0.035,0.2,63.63,4.98111,-19.96678,-0.91562,0.0005,-0.46229
8575.37,SYN.BTC-29NOV19,1570705140655,open,0.02,175.6,0.0065,0.042,0.02142175,79.16,0.022,0.0,BTC-29NOV19-12000-C,8531.19,77.55,0.02,34.3,0.023,29.3,80.91,7.65556,-6.07551,1.60263,0.0001,0.15819
8538.17,SYN.BTC-18OCT19,1570705140655,open,0.25,0.5,0.2235,0.2585,0.24023187,99.32,0.18,0.0,BTC-18OCT19-6500-C,8531.19,0.0,0.2285,6.0,0.254,6.0,170.65,0.7585,-4.78265,1.35175,5e-05,0.97396
8575.45,SYN.BTC-29NOV19,1570705140670,open,0.02,1018.3,0.0035,0.031,0.01392157,81.29,0.0145,0.0,BTC-29NOV19-13000-C,8531.19,79.93,0.013,40.0,0.0145,0.8,82.12,5.90353,-4.81076,1.10868,7e-05,0.10854
8696.15,BTC-27MAR20,1570705140696,open,0.01,50.1,0.003,0.0345,0.01341659,103.62,0.012,0.0,BTC-27MAR20-34000-C,8531.19,102.42,0.0125,6.0,0.0145,10.0,104.99,6.75148,-2.07137,1.74642,2e-05,0.05682
8600.29,BTC-27DEC19,1570705140696,open,0.83,10.1,0.816,0.8355,0.8256125,113.91,0.8205,0.0,BTC-27DEC19-1500-C,8531.19,0.0,0.818,21.0,0.834,1.0,230.24,0.02591,-0.01895,3.19678,0.0,0.99983
8696.15,BTC-27MAR20,1570705140698,open,0.07,244.9,0.0435,0.111,0.07628595,86.35,0.0755,0.0,BTC-27MAR20-6000-P,8531.19,85.33,0.0745,13.9,0.078,0.2,87.31,15.37648,-3.93095,-10.20458,5e-05,-0.17734
8600.29,BTC-27DEC19,1570705140698,open,0.0,482.1,0.0005,0.013,0.00346581,106.18,0.0025,0.0,BTC-27DEC19-26000-C,8531.19,101.77,0.0025,34.0,0.0045,62.0,110.05,2.09995,-1.43154,0.34352,1e-05,0.02219
8538.18,SYN.BTC-18OCT19,1570705140698,open,0.0,202.8,0.0005,0.013,0.00313331,87.91,0.003,0.0,BTC-18OCT19-7000-P,8531.19,83.77,0.0025,40.0,0.0035,5.0,90.1,1.38475,-7.72802,-0.10614,0.0001,-0.05448
8544.39,SYN.BTC-25OCT19,1570705140698,open,0.0,444.0,0.0005,0.011,0.00123106,95.44,0.002,0.0,BTC-25OCT19-13000-C,8531.19,92.76,0.001,0.1,0.0015,1.0,98.17,0.78809,-2.52812,0.06076,3e-05,0.01868
8600.29,BTC-27DEC19,1570705140700,open,0.0,519.0,0.0005,0.0125,0.00282849,115.77,0.004,0.0,BTC-27DEC19-3000-P,8531.19,109.68,0.002,53.0,0.004,34.0,122.72,1.29852,-0.96518,-0.28396,1e-05,-0.01265
8600.29,BTC-27DEC19,1570705140700,open,1.54,4.9,1.509,1.625,1.56366418,99.99,1.0385,0.0,BTC-27DEC19-22000-P,8531.19,0.0,0.008,5.0,0.0,0.0,0.0,3.12157,-2.00406,-46.38621,2e-05,-0.96428
8531.97,SYN.BTC-11OCT19,1570705140700,open,0.0,107.1,0.0005,0.0105,3.201e-05,116.03,0.0005,0.0,BTC-11OCT19-7250-P,8531.19,0.0,0.0,0.0,0.001,31.0,179.08,0.02537,-0.27308,-0.0004,1e-05,-0.00191
8538.18,SYN.BTC-18OCT19,1570705140700,open,0.0,159.4,0.0005,0.0115,0.00152215,99.35,0.002,0.0,BTC-18OCT19-6500-P,8531.19,92.72,0.001,44.0,0.002,11.4,104.29,0.7593,-4.78917,-0.05084,5e-05,-0.02607
8544.39,SYN.BTC-25OCT19,1570705140700,open,0.01,1219.3,0.0005,0.02,0.00761656,79.98,0.0075,0.0,BTC-25OCT19-7000-P,8531.19,78.13,0.007,2.0,0.0085,30.1,82.53,2.89707,-7.78862,-0.35451,0.00012,-0.09419
8531.97,SYN.BTC-11OCT19,1570705140704,open,0.16,1.4,0.1495,0.197,0.1721106,116.05,0.243,0.0,BTC-11OCT19-10000-P,8531.19,0.0,0.1545,4.0,0.184,4.0,305.15,0.03651,-2.11835,-0.23934,2e-05,-0.99715
8575.45,SYN.BTC-29NOV19,1570705140704,open,0.41,0.0,0.3815,0.4625,0.42080331,79.2,None,0.0,BTC-29NOV19-12000-P,8531.19,0.0,0.0005,12.0,0.0,0.0,0.0,7.66093,-6.08287,-14.79332,0.0001,-0.84164
8575.45,SYN.BTC-29NOV19,1570705140722,open,0.13,13.9,0.102,0.178,0.14058086,75.78,0.1355,0.0,BTC-29NOV19-9000-P,8531.19,73.69,0.1375,14.4,0.1435,14.4,77.76,12.63968,-9.60199,-7.65796,0.00017,-0.51294
8696.15,BTC-27MAR20,1570705140743,open,1.1,0.0,1.052,1.19,1.11806765,89.53,1.23,0.0,BTC-27MAR20-18000-P,8531.19,0.0,1.068,1.0,1.144,1.0,102.58,15.88041,-4.20975,-77.70705,5e-05,-0.81327
8544.39,SYN.BTC-25OCT19,1570705140743,open,0.97,0.0,0.951,1.0315,0.98978187,117.02,None,0.0,BTC-25OCT19-17000-P,8531.19,0.0,0.0005,0.1,0.0,0.0,0.0,0.13891,-0.54636,-6.91994,0.0,-0.9974
8696.15,BTC-27MAR20,1570705140745,open,2.65,0.0,2.6115,2.7885,2.69460066,101.93,None,0.0,BTC-27MAR20-32000-P,8531.19,0.0,0.01,2.0,0.0,0.0,0.0,7.29204,-2.20057,-146.12895,2e-05,-0.93731
8696.15,BTC-27MAR20,1570705140747,open,0.07,897.9,0.0285,0.103,0.06298454,87.78,0.066,0.0,BTC-27MAR20-16000-C,8531.19,86.82,0.061,20.0,0.066,4.9,89.21,18.1754,-4.72366,6.91924,6e-05,0.23496
8575.45,SYN.BTC-29NOV19,1570705140747,open,0.23,1.1,0.192,0.2525,0.22317068,80.61,0.2115,0.0,BTC-29NOV19-7000-C,8531.19,0.0,0.0005,0.1,0.0,0.0,0.0,8.95955,-7.24005,6.72175,0.00011,0.7968
8696.15,BTC-27MAR20,1570705140756,open,0.88,1.1,0.837,0.9725,0.90291306,87.8,1.08,0.0,BTC-27MAR20-16000-P,8531.19,58.16,0.854,1.0,0.9325,1.0,101.1,18.17859,-4.72536,-67.10682,6e-05,-0.76497
8600.29,BTC-27DEC19,1570705140756,open,0.33,260.6,0.296,0.393,0.34455466,81.76,0.4475,0.0,BTC-27DEC19-11000-P,8531.19,55.16,0.3045,7.0,0.3565,7.0,88.86,14.23836,-7.47412,-18.76806,0.00011,-0.67826
8600.29,BTC-27DEC19,1570705140756,open,0.0,442.3,0.0005,0.0105,0.00036379,115.56,0.0005,0.0,BTC-27DEC19-44000-C,8531.19,0.0,0.0,0.0,0.001,7.9,126.62,0.32226,-0.23911,0.0415,0.0,0.00263
8531.97,SYN.BTC-11OCT19,1570705140761,open,0.22,0.0,0.207,0.256,0.23066836,117.87,None,0.0,BTC-11OCT19-10500-P,8531.19,0.0,0.001,0.1,0.0,0.0,0.0,0.00289,-0.17018,-0.25188,0.0,-0.99982
8538.18,SYN.BTC-18OCT19,1570705140776,open,0.09,48.8,0.0525,0.102,0.07808344,68.18,0.084,0.0,BTC-18OCT19-8000-C,8531.19,63.57,0.076,0.6,0.079,6.0,70.17,3.91591,-16.95093,1.25275,0.00037,0.75808
8531.97,SYN.BTC-11OCT19,1570705140776,open,0.16,5.1,0.133,0.1675,0.15028618,115.9,0.11,0.0,BTC-11OCT19-7250-C,8531.19,0.0,0.143,6.0,0.1635,6.0,339.38,0.02513,-1.45648,0.17355,1e-05,0.99811
8531.97,SYN.BTC-11OCT19,1570705140776,open,0.27,0.0,0.264,0.3155,0.28926957,131.23,None,0.0,BTC-11OCT19-11000-P,8531.19,0.0,0.001,0.1,0.0,0.0,0.0,0.00077,-0.05024,-0.2639,0.0,-0.99996
8600.29,BTC-27DEC19,1570705140779,open,0.71,0.0,0.7005,0.72,0.71031245,115.86,None,0.0,BTC-27DEC19-2500-C,8531.19,0.0,0.021,4.1,0.0,0.0,0.0,0.5738,-0.42683,5.22396,0.0,0.99501
8600.29,BTC-27DEC19,1570705140779,open,1.76,0.0,1.737,1.86,1.79492705,103.13,None,0.0,BTC-27DEC19-24000-P,8531.19,0.0,0.008,5.0,0.0,0.0,0.0,2.52686,-1.67307,-50.77764,2e-05,-0.97234
8544.39,SYN.BTC-25OCT19,1570705140793,open,0.0,660.3,0.0005,0.0105,0.00034354,115.38,0.001,0.0,BTC-25OCT19-16000-C,8531.19,0.0,0.0,0.0,0.001,60.0,130.02,0.24885,-0.96508,0.01617,1e-05,0.00499
8531.97,SYN.BTC-11OCT19,1570705140793,open,0.0,253.4,0.0005,0.0105,0.00090692,113.62,0.001,0.0,BTC-11OCT19-7750-P,8531.19,102.2,0.0005,0.5,0.0015,50.0,125.83,0.35731,-7.73782,-0.00829,0.00018,-0.03962
8531.97,SYN.BTC-11OCT19,1570705140795,open,0.0,255.6,0.0005,0.0105,3.23e-06,116.03,0.0005,0.0,BTC-11OCT19-7000-P,8531.19,0.0,0.0,0.0,0.0005,21.2,189.67,0.00351,-0.02755,-5e-05,0.0,-0.00022
8544.39,SYN.BTC-25OCT19,1570705140795,open,0.39,37.4,0.3775,0.438,0.40615437,84.27,0.533,0.0,BTC-25OCT19-12000-P,8531.19,0.0,0.384,4.0,0.4275,4.0,149.31,1.10784,-3.13805,-4.79918,4e-05,-0.97201
8544.39,SYN.BTC-25OCT19,1570705140795,open,0.51,32.0,0.492,0.557,0.52270921,95.57,0.6245,0.0,BTC-25OCT19-13000-P,8531.19,0.0,0.4995,4.0,0.5385,4.0,157.67,0.79312,-2.5477,-5.23698,3e-05,-0.98118
8575.45,SYN.BTC-29NOV19,1570705140795,open,0.08,113.8,0.0475,0.111,0.07903892,77.0,0.079,0.0,BTC-29NOV19-8000-P,8531.19,75.14,0.0765,29.3,0.0815,28.3,78.8,11.73684,-9.05987,-5.02298,0.00015,-0.34962
8696.15,BTC-27MAR20,1570705140798,open,3.56,1.0,3.512,3.7205,3.61028174,108.41,2.7125,0.0,BTC-27MAR20-40000-P,8531.19,0.0,0.0055,0.1,0.0,0.0,0.0,5.55695,-1.78369,-183.70292,1e-05,-0.9555
8538.18,SYN.BTC-18OCT19,1570705140798,open,0.31,0.0,0.283,0.314,0.29802924,111.36,None,0.0,BTC-18OCT19-6000-C,8531.19,0.0,0.288,6.0,0.31,7.0,195.85,0.40846,-2.88767,1.27004,2e-05,0.98741
8531.97,SYN.BTC-11OCT19,1570705140798,open,0.0,270.6,0.0005,0.0105,0.00080975,94.99,0.001,0.0,BTC-11OCT19-9250-C,8531.19,87.14,0.0005,30.5,0.0015,19.5,107.76,0.38418,-6.90876,0.0087,0.00023,0.04332
8600.29,BTC-27DEC19,1570705140811,open,0.3,61.0,0.2585,0.323,0.29156358,85.15,0.2865,0.0,BTC-27DEC19-6500-C,8531.19,69.53,0.2735,12.0,0.318,12.0,105.87,10.48879,-5.73402,9.66365,8e-05,0.81821
8531.97,SYN.BTC-11OCT19,1570705140811,open,0.0,48.8,0.0005,0.0105,0.00016381,113.7,0.0005,0.0,BTC-11OCT19-9750-C,8531.19,0.0,0.0,0.0,0.0005,10.0,132.27,0.10094,-1.3976,0.0018,5e-05,0.00894
8575.45,SYN.BTC-29NOV19,1570705140815,open,0.51,0.0,0.4915,0.572,0.52991746,81.34,None,0.0,BTC-29NOV19-13000-P,8531.19,0.0,0.0005,5.0,0.0,0.0,0.0,5.91144,-4.82062,-16.65336,7e-05,-0.89126
189.79,SYN.ETH-25OCT19,1570705141637,open,0.0,4293.0,0.001,0.011,0.00034,125.72,0.001,0.0,ETH-25OCT19-100-P,189.45,0.0,0.0,0.0,0.002,600.0,159.27,0.00455,-0.01921,-0.00034,0.00025,-0.00401
192.88,ETH-27MAR20,1570705141810,open,0.04,4555.0,0.011,0.065,0.033575,108.71,0.037,0.0,ETH-27MAR20-600-C,189.45,107.55,0.032,390.0,0.035,340.0,109.73,0.26553,-0.08547,0.07891,0.00142,0.12201
192.88,ETH-27MAR20,1570705141895,open,0.04,4555.0,0.011,0.065,0.033575,108.71,0.037,0.0,ETH-27MAR20-600-C,189.45,107.55,0.032,390.0,0.035,580.0,109.73,0.26553,-0.08547,0.07891,0.00142,0.12201
8600.29,BTC-27DEC19,1570705142053,open,0.05,761.4,0.0205,0.078,0.04724916,82.75,0.0475,0.0,BTC-27DEC19-12000-C,8531.19,81.56,0.0455,46.3,0.049,20.0,83.95,12.57381,-6.68065,3.68644,0.0001,0.24814
8600.29,BTC-27DEC19,1570705142060,open,0.19,399.3,0.141,0.218,0.18131705,81.32,0.1865,0.0,BTC-27DEC19-8000-C,8531.19,79.69,0.1785,23.4,0.184,13.0,82.89,14.74177,-7.69665,8.56718,0.00011,0.64819
8575.52,SYN.BTC-29NOV19,1570705142062,open,0.12,14.4,0.0805,0.1475,0.1153253,75.76,0.118,0.0,BTC-29NOV19-8500-C,8531.19,73.81,0.1125,14.4,0.118,9.0,77.6,12.4616,-9.4642,5.30596,0.00016,0.56813
8600.29,BTC-27DEC19,1570705142155,open,0.17,738.5,0.1305,0.2185,0.17529279,80.53,0.173,0.0,BTC-27DEC19-9000-P,8531.19,79.0,0.1725,14.4,0.1785,24.4,82.26,15.81585,-8.17724,-11.92462,0.00012,-0.47454
8544.37,SYN.BTC-25OCT19,1570705142177,open,0.01,117.8,0.0005,0.0175,0.00590544,72.72,0.007,0.0,BTC-25OCT19-10500-C,8531.19,71.48,0.0055,30.0,0.0065,5.0,74.47,2.83973,-6.94101,0.29868,0.00013,0.09168
8538.18,SYN.BTC-18OCT19,1570705142185,open,0.0,45.1,0.0005,0.0105,0.00075812,111.42,0.0015,0.0,BTC-18OCT19-6000-P,8531.19,105.27,0.0005,1.0,0.001,31.4,116.01,0.40949,-2.89657,-0.02467,2e-05,-0.01263
8600.29,BTC-27DEC19,1570705142192,open,0.08,245.3,0.0515,0.1205,0.08570111,82.08,0.0815,0.0,BTC-27DEC19-7500-P,8531.19,80.36,0.083,34.3,0.0875,15.0,83.21,13.61882,-7.17712,-6.91148,0.00011,-0.29094
8600.29,BTC-27DEC19,1570705142209,open,0.01,476.8,0.002,0.025,0.01161779,99.29,0.011,0.0,BTC-27DEC19-4500-P,8531.19,95.79,0.01,36.0,0.0115,1.0,99.04,4.11909,-2.62591,-1.13689,3e-05,-0.05034
8544.39,SYN.BTC-25OCT19,1570705142216,open,0.01,591.7,0.0005,0.0245,0.01011068,69.8,0.0105,0.0,BTC-25OCT19-10000-C,8531.19,68.48,0.0095,30.0,0.0115,40.0,72.71,3.98228,-9.34279,0.47947,0.00019,0.1478
8600.29,BTC-27DEC19,1570705142224,open,0.07,714.5,0.0335,0.0995,0.0654864,81.73,0.0645,0.0,BTC-27DEC19-11000-C,8531.19,80.53,0.0635,38.3,0.0675,35.1,82.95,14.23623,-7.47013,4.70016,0.00011,0.32162
8575.52,SYN.BTC-29NOV19,1570705142245,open,0.17,0.0,0.139,0.218,0.17899305,75.78,None,0.0,BTC-29NOV19-9500-P,8531.19,73.35,0.1755,14.4,0.182,14.4,77.87,12.3292,-9.36647,-9.0014,0.00016,-0.58917
8531.97,SYN.BTC-11OCT19,1570705142254,open,0.05,12.2,0.0345,0.0815,0.05678981,84.02,0.0445,0.0,BTC-11OCT19-9000-P,8531.19,65.24,0.0555,0.1,0.058,6.0,96.55,0.73758,-30.98511,-0.19569,0.0005,-0.89922
189.63,SYN.ETH-18OCT19,1570705142409,open,0.18,41.0,0.133,0.191,0.163037,94.33,0.165,0.0,ETH-18OCT19-160-C,189.45,0.0,0.144,10.0,0.185,10.0,158.05,0.04802,-0.28755,0.03025,0.00656,0.90242
8531.97,SYN.BTC-11OCT19,1570705142577,open,0.05,12.2,0.0345,0.0815,0.05678981,84.02,0.0445,0.0,BTC-11OCT19-9000-P,8531.19,50.71,0.055,6.1,0.058,6.0,96.55,0.73758,-30.98511,-0.19569,0.0005,-0.89922
8531.97,SYN.BTC-11OCT19,1570705142579,open,0.05,12.2,0.0345,0.0815,0.05678981,84.02,0.0445,0.0,BTC-11OCT19-9000-P,8531.19,50.71,0.055,6.1,0.058,6.1,96.55,0.73758,-30.98511,-0.19569,0.0005,-0.89922
8531.97,SYN.BTC-11OCT19,1570705142580,open,0.02,7.7,0.0075,0.053,0.03000839,68.59,0.026,0.0,BTC-11OCT19-8750-P,8531.19,61.61,0.029,0.8,0.032,6.9,81.35,1.2732,-43.66312,-0.16348,0.00106,-0.76862
8531.97,SYN.BTC-11OCT19,1570705142582,open,0.1,7.1,0.092,0.1385,0.11375313,101.91,0.102,0.0,BTC-11OCT19-9500-P,8531.19,0.0,0.1125,6.1,0.116,6.1,150.98,0.17322,-8.82654,-0.22457,0.0001,-0.98333
8531.97,SYN.BTC-11OCT19,1570705142584,open,0.07,6.6,0.063,0.1095,0.08496795,95.0,0.0705,0.0,BTC-11OCT19-9250-P,8531.19,0.0,0.0835,6.1,0.087,6.1,125.7,0.38428,-18.25358,-0.21322,0.00023,-0.95666
190.58,SYN.ETH-29NOV19,1570705142587,open,0.0,0.537,0.652,0.593042,93.38,None,0.0,ETH-29NOV19-300-P,189.45,0.0,0.0,0.0,0.0,0.0,0.0,0.14647,-0.13712,-0.38185,0.00316,-0.87321
190.58,SYN.ETH-29NOV19,1570705142587,open,0.0,0.005,0.039,0.018983,93.45,None,0.0,ETH-29NOV19-300-C,189.45,0.0,0.0,0.0,0.0,0.0,0.0,0.14665,-0.13739,0.02814,0.00316,0.12702
189.79,SYN.ETH-25OCT19,1570705142756,open,0.0,4293.0,0.001,0.011,0.00034,125.72,0.001,0.0,ETH-25OCT19-100-P,189.45,143.79,0.001,340.0,0.002,600.0,159.27,0.00455,-0.01921,-0.00034,0.00025,-0.00401
8600.5,BTC-27DEC19,1570705142775,open,0.0,649.0,0.0005,0.014,0.00421085,102.74,0.0035,0.0,BTC-27DEC19-24000-C,8531.62,100.12,0.0035,40.0,0.005,28.0,105.32,2.48364,-1.63825,0.41996,2e-05,0.0271
8600.5,BTC-27DEC19,1570705142775,open,0.25,493.7,0.2065,0.3015,0.25471958,81.12,0.2565,0.0,BTC-27DEC19-10000-P,8531.62,79.88,0.2525,0.2,0.2675,17.0,88.18,15.48632,-8.06556,-15.41106,0.00012,-0.58513
8600.5,BTC-27DEC19,1570705142775,open,3.6,0.0,3.56,3.7495,3.65165488,117.32,2.58,0.0,BTC-27DEC19-40000-P,8531.62,0.0,0.0015,0.1,0.0,0.0,0.0,0.59004,-0.44445,-85.26266,0.0,-0.99485
8600.93,BTC-27DEC19,1570705142775,open,4.98,0.8,4.928,5.1715,5.04643817,130.63,3.59,0.0,BTC-27DEC19-52000-P,8531.62,0.0,0.0015,0.1,0.0,0.0,0.0,0.43626,-0.36588,-110.8894,0.0,-0.99632
8696.26,BTC-27MAR20,1570705142775,open,0.03,127.4,0.0095,0.061,0.03066745,93.02,0.0315,0.0,BTC-27MAR20-22000-C,8531.62,92.18,0.0295,6.0,0.0335,24.0,95.0,12.17337,-3.35261,3.79355,4e-05,0.12495
8600.93,BTC-27DEC19,1570705142775,open,4.06,0.0,4.016,4.223,4.11647042,123.11,3.46,0.0,BTC-27DEC19-44000-P,8531.62,0.0,0.0015,0.1,0.0,0.0,0.0,0.55928,-0.44206,-93.80218,0.0,-0.99515
8600.93,BTC-27DEC19,1570705142776,open,3.14,1.3,3.104,3.2765,3.18702925,117.85,2.2,0.0,BTC-27DEC19-36000-P,8531.62,0.0,0.011,5.0,0.0,0.0,0.0,0.98341,-0.74408,-76.66661,1e-05,-0.99081
8600.93,BTC-27DEC19,1570705142776,open,0.01,546.1,0.0005,0.018,0.00777201,104.6,0.007,0.0,BTC-27DEC19-4000-P,8531.62,100.77,0.0065,61.0,0.008,11.0,105.25,2.99128,-2.00883,-0.76496,2e-05,-0.03391
8696.26,BTC-27MAR20,1570705142776,open,0.03,150.7,0.0075,0.054,0.02558132,94.9,0.0245,0.0,BTC-27MAR20-24000-C,8531.62,94.02,0.0245,6.0,0.0275,18.0,96.42,10.80555,-3.0361,3.22238,3e-05,0.10567
8696.69,BTC-27MAR20,1570705142778,open,0.05,202.1,0.019,0.0845,0.04815095,89.51,0.0515,0.0,BTC-27MAR20-18000-C,8531.62,88.6,0.0465,20.1,0.051,12.9,91.05,15.87716,-4.20777,5.57264,5e-05,0.18665
8600.93,BTC-27DEC19,1570705142778,open,0.02,641.1,0.0055,0.042,0.02017878,87.34,0.021,0.0,BTC-27DEC19-15000-C,8531.62,86.59,0.0195,10.0,0.0215,55.0,88.75,7.9286,-4.44588,1.82446,6e-05,0.1196
8600.93,BTC-27DEC19,1570705142779,open,0.01,798.9,0.0005,0.0205,0.00723437,95.91,0.008,0.0,BTC-27DEC19-20000-C,8531.62,94.21,0.0065,10.0,0.0085,57.0,98.6,3.84291,-2.36634,0.71414,3e-05,0.04615
8696.69,BTC-27MAR20,1570705142779,open,0.02,37.6,0.0045,0.0435,0.01884877,98.49,0.021,0.0,BTC-27MAR20-28000-C,8531.62,97.63,0.018,6.0,0.0205,15.0,100.1,8.72834,-2.54518,2.42866,3e-05,0.07921
8600.93,BTC-27DEC19,1570705142779,open,0.04,471.5,0.013,0.062,0.03462857,83.97,0.0375,0.0,BTC-27DEC19-13000-C,8531.62,83.07,0.0335,19.3,0.0365,51.1,85.44,10.84579,-5.8475,2.88547,8e-05,0.19187
8600.93,BTC-27DEC19,1570705142780,open,2.68,0.3,2.648,2.804,2.7226297,114.61,1.875,0.0,BTC-27DEC19-32000-P,8531.62,0.0,0.01,4.0,0.0,0.0,0.0,1.35663,-0.99824,-68.06904,1e-05,-0.9867
8696.69,BTC-27MAR20,1570705142781,open,0.39,10.6,0.3475,0.4225,0.38631776,86.33,0.394,0.0,BTC-27MAR20-6000-C,8531.62,73.93,0.365,9.0,0.4125,9.0,100.83,15.37483,-3.92963,17.55912,5e-05,0.82271
8600.93,BTC-27DEC19,1570705142781,open,0.01,410.0,0.0005,0.017,0.00550801,99.7,0.0055,0.0,BTC-27DEC19-22000-C,8531.62,96.71,0.0045,40.0,0.0065,58.0,102.32,3.08564,-1.97522,0.54524,2e-05,0.03522
8600.93,BTC-27DEC19,1570705142782,open,0.02,889.7,0.0055,0.033,0.01681962,94.5,0.0155,0.0,BTC-27DEC19-5000-P,8531.62,92.38,0.0155,10.0,0.017,24.0,94.78,5.45187,-3.30783,-1.63021,4e-05,-0.07202
8600.93,BTC-27DEC19,1570705142782,open,4.52,0.0,4.472,4.6975,4.58142768,126.75,None,0.0,BTC-27DEC19-48000-P,8531.62,0.0,0.001,0.1,0.0,0.0,0.0,0.48083,-0.39129,-102.34836,0.0,-0.9959
8600.93,BTC-27DEC19,1570705142783,open,0.05,406.3,0.023,0.075,0.04737327,85.18,0.046,0.0,BTC-27DEC19-6500-P,8531.62,83.63,0.0455,28.3,0.0485,19.3,86.1,10.48957,-5.73656,-4.20533,8e-05,-0.18179
8531.97,SYN.BTC-11OCT19,1570705142776,open,0.02,443.2,0.0005,0.0345,0.01472099,65.43,0.0205,0.0,BTC-11OCT19-8500-C,8531.62,59.12,0.0135,1.2,0.0165,18.4,74.6,1.65249,-54.0572,0.11018,0.00145,0.55297
8544.43,SYN.BTC-25OCT19,1570705142781,open,0.0,396.7,0.0005,0.0115,0.00171316,84.19,0.002,0.0,BTC-25OCT19-12000-C,8531.62,77.7,0.001,72.0,0.0025,70.0,89.58,1.10348,-3.12256,0.09103,4e-05,0.02785
8544.43,SYN.BTC-25OCT19,1570705142779,open,0.0,861.1,0.0005,0.012,0.00238373,97.61,0.002,0.0,BTC-25OCT19-6000-P,8531.62,90.11,0.0015,62.0,0.003,50.0,101.89,1.14782,-3.76571,-0.11,4e-05,-0.02921
8544.43,SYN.BTC-25OCT19,1570705142775,open,0.12,6.5,0.1,0.16,0.12977811,67.52,0.126,0.0,BTC-25OCT19-9500-P,8531.62,66.27,0.129,6.0,0.1335,6.0,73.33,5.35007,-12.14223,-3.102,0.00027,-0.76101
8575.58,SYN.BTC-29NOV19,1570705142775,open,0.02,106.0,0.006,0.0355,0.01844269,87.79,0.018,0.0,BTC-29NOV19-6000-P,8531.62,85.58,0.017,42.0,0.019,15.0,88.62,5.69703,-5.01361,-1.42678,6e-05,-0.10332
8575.58,SYN.BTC-29NOV19,1570705142782,open,0.06,89.8,0.028,0.084,0.05511618,75.76,0.0585,0.0,BTC-29NOV19-10000-C,8531.62,74.2,0.053,12.0,0.057,22.0,77.15,11.63339,-8.83563,3.35463,0.00015,0.34139
8531.97,SYN.BTC-11OCT19,1570705142775,open,0.1,32.4,0.0735,0.1135,0.09255823,113.61,0.103,0.0,BTC-11OCT19-7750-C,8531.62,0.0,0.0915,0.7,0.094,6.0,139.46,0.35723,-20.29184,0.17764,0.00018,0.9604
8575.58,SYN.BTC-29NOV19,1570705142785,open,0.01,156.4,0.0005,0.0195,0.00836529,98.42,0.0075,0.0,BTC-29NOV19-5000-P,8531.62,96.01,0.0075,43.0,0.0095,41.0,101.4,3.16359,-3.12139,-0.66029,3e-05,-0.04798
8600.93,BTC-27DEC19,1570705142801,open,0.22,203.0,0.1745,0.249,0.21363737,82.05,0.201,0.0,BTC-27DEC19-7500-C,8531.62,79.11,0.209,20.2,0.2165,13.0,83.85,13.61784,-7.1737,9.09301,0.00011,0.70915
8575.58,SYN.BTC-29NOV19,1570705142802,open,0.1,1.9,0.071,0.1415,0.10653154,75.77,0.1035,0.0,BTC-29NOV19-8500-P,8531.62,74.03,0.104,24.1,0.1095,8.0,77.81,12.4616,-9.4656,-6.30892,0.00016,-0.43186
191.21,ETH-27DEC19,1570705142810,open,0.07,2341.0,0.035,0.1,0.066929,107.17,0.066,0.0,ETH-27DEC19-140-P,189.45,104.83,0.064,128.0,0.069,128.0,108.82,0.23981,-0.16501,-0.10489,0.00287,-0.19018
191.21,ETH-27DEC19,1570705142810,open,0.0,14630.0,0.001,0.012,0.002756,110.62,0.002,0.0,ETH-27DEC19-640-C,189.45,106.4,0.002,300.0,0.004,192.0,116.09,0.03813,-0.02708,0.00601,0.00044,0.01748
190.58,SYN.ETH-29NOV19,1570705142810,open,0.07,112.0,0.009,0.051,0.027404,93.14,0.021,0.0,ETH-29NOV19-280-C,189.45,88.32,0.023,486.0,0.03,286.0,95.85,0.17981,-0.1679,0.03773,0.00389,0.1723
189.47,SYN.ETH-11OCT19,1570705142810,open,0.0,394.0,0.001,0.011,0.000878,117.16,0.001,0.0,ETH-11OCT19-210-C,189.45,0.0,0.0,0.0,0.002,500.0,138.27,0.00781,-0.16639,0.00017,0.00774,0.03887
189.47,SYN.ETH-11OCT19,1570705142810,open,0.0,175.0,0.001,0.011,0.0,125.72,0.001,0.0,ETH-11OCT19-140-P,189.45,0.0,0.0,0.0,0.001,100.0,304.25,0.0,0.0,0.0,0.0,0.0
190.58,SYN.ETH-29NOV19,1570705142810,open,0.11,168.0,0.026,0.087,0.055753,91.7,0.051,0.0,ETH-29NOV19-240-C,189.45,87.99,0.051,464.0,0.059,244.0,94.19,0.2467,-0.22679,0.06486,0.00542,0.3048
189.79,SYN.ETH-25OCT19,1570705142810,open,0.0,5398.0,0.001,0.012,0.002044,96.67,0.002,0.0,ETH-25OCT19-280-C,189.45,87.02,0.001,289.0,0.003,200.0,102.98,0.02537,-0.08244,0.00209,0.00179,0.02903
189.63,SYN.ETH-18OCT19,1570705142812,open,0.01,148.0,0.002,0.033,0.013314,87.37,0.014,0.0,ETH-18OCT19-170-P,189.45,83.91,0.012,160.0,0.015,163.0,91.67,0.07308,-0.40537,-0.00791,0.01078,-0.17995
192.87,ETH-27MAR20,1570705142814,open,0.12,563.0,0.065,0.166,0.11674,101.79,0.115,0.0,ETH-27MAR20-320-C,189.45,99.9,0.112,260.0,0.121,543.0,103.47,0.48597,-0.14645,0.20822,0.00277,0.35008
192.87,ETH-27MAR20,1570705142816,open,0.16,1470.0,0.115,0.22,0.169906,101.26,0.17,0.0,ETH-27MAR20-160-P,189.45,99.08,0.165,294.0,0.176,300.0,103.98,0.43302,-0.12982,-0.39172,0.00248,-0.26906
192.87,ETH-27MAR20,1570705142824,open,0.03,971.0,0.012,0.049,0.029119,112.45,0.034,0.0,ETH-27MAR20-80-P,189.45,109.89,0.027,320.0,0.031,320.0,114.67,0.16164,-0.05382,-0.08189,0.00084,-0.06265
192.87,ETH-27MAR20,1570705142824,open,0.62,19.0,0.588,0.639,0.614354,112.48,0.542,0.0,ETH-27MAR20-80-C,189.45,0.0,0.07,20.0,0.0,0.0,0.0,0.16169,-0.05385,0.28821,0.00084,0.93733
189.79,SYN.ETH-25OCT19,1570705142826,open,0.01,2431.0,0.001,0.018,0.006236,105.36,0.006,0.0,ETH-25OCT19-140-P,189.45,100.09,0.005,200.0,0.007,200.0,108.36,0.04692,-0.16617,-0.00529,0.00303,-0.06216
189.63,SYN.ETH-18OCT19,1570705142826,open,0.0,20.0,0.001,0.011,0.001004,123.21,0.004,0.0,ETH-18OCT19-130-P,189.45,0.0,0.0,0.0,0.002,200.0,137.57,0.0104,-0.08137,-0.00064,0.00109,-0.01476
189.63,SYN.ETH-18OCT19,1570705142833,open,0.33,0.0,0.294,0.337,0.315459,123.28,None,0.0,ETH-18OCT19-130-C,189.45,0.0,0.0,0.0,0.0,0.0,0.0,0.01043,-0.08161,0.0274,0.00109,0.9852
191.21,ETH-27DEC19,1570705142835,open,0.79,0.0,0.743,0.886,0.813159,103.68,None,0.0,ETH-27DEC19-340-P,189.45,0.0,0.001,5.0,0.0,0.0,0.0,0.22174,-0.14761,-0.67119,0.00274,-0.83207
191.21,ETH-27DEC19,1570705142835,open,0.69,101.0,0.647,0.788,0.716811,103.25,0.513,0.0,ETH-27DEC19-320-P,189.45,0.0,0.006,5.0,0.0,0.0,0.0,0.24735,-0.16398,-0.61876,0.00307,-0.79989
192.87,ETH-27MAR20,1570705142835,open,1.5,0.0,1.441,1.645,1.540173,104.92,None,0.0,ETH-27MAR20-480-P,189.45,0.0,0.003,10.0,0.0,0.0,0.0,0.34254,-0.10641,-2.10738,0.0019,-0.82142
190.58,SYN.ETH-29NOV19,1570705142835,open,0.27,6.0,0.182,0.258,0.222753,94.1,0.185,0.0,ETH-29NOV19-160-C,189.45,81.3,0.208,320.0,0.239,320.0,107.76,0.22353,-0.21087,0.1375,0.00479,0.75073
189.47,SYN.ETH-11OCT19,1570705142835,open,0.0,518.0,0.001,0.011,1e-06,125.72,0.002,0.0,ETH-11OCT19-150-P,189.45,0.0,0.0,0.0,0.001,100.0,243.31,2e-05,-0.00018,0.0,2e-05,-7e-05
190.58,SYN.ETH-29NOV19,1570705142835,open,0.17,262.0,0.072,0.149,0.112895,90.55,0.109,0.0,ETH-29NOV19-200-C,189.45,87.23,0.108,402.0,0.118,182.0,94.02,0.28098,-0.25507,0.10323,0.00625,0.50929
191.21,ETH-27DEC19,1570705142839,open,0.98,0.0,0.939,1.087,1.010347,104.24,None,0.0,ETH-27DEC19-380-P,189.45,0.0,0.001,5.0,0.0,0.0,0.0,0.17448,-0.11678,-0.77205,0.00215,-0.8821
192.87,ETH-27MAR20,1570705142839,open,0.93,6.0,0.868,1.05,0.959584,102.51,1.165,0.0,ETH-27MAR20-360-P,189.45,0.0,0.0,0.0,0.0,0.0,0.0,0.45081,-0.13683,-1.48771,0.00256,-0.70758
189.63,SYN.ETH-18OCT19,1570705142839,open,0.28,0.0,0.24,0.288,0.263732,114.29,None,0.0,ETH-18OCT19-140-C,189.45,0.0,0.0,0.0,0.0,0.0,0.0,0.01858,-0.13481,0.02893,0.0021,0.97071
189.47,SYN.ETH-11OCT19,1570705142839,open,0.01,723.0,0.001,0.018,0.002846,94.51,0.003,0.0,ETH-11OCT19-200-C,189.45,85.57,0.002,1.0,0.004,465.0,105.13,0.01922,-0.53914,0.00056,0.02361,0.12606
191.21,ETH-27DEC19,1570705142841,open,0.0,4118.0,0.001,0.011,0.00148,114.7,0.002,0.0,ETH-27DEC19-760-C,189.45,110.09,0.001,4.0,0.002,182.0,118.6,0.02282,-0.0168,0.00333,0.00026,0.00965
191.21,ETH-27DEC19,1570705142841,open,1.48,21.0,1.44,1.605,1.518855,105.37,0.629,0.0,ETH-27DEC19-480-P,189.45,0.0,0.001,7.0,0.0,0.0,0.0,0.09066,-0.06133,-1.00732,0.0011,-0.9503
189.79,SYN.ETH-25OCT19,1570705142841,open,0.35,3.0,0.331,0.42,0.374089,92.56,0.534,0.0,ETH-25OCT19-260-P,189.45,0.0,0.0,0.0,0.0,0.0,0.0,0.04311,-0.13412,-0.10197,0.00317,-0.9442
189.79,SYN.ETH-25OCT19,1570705142841,open,0.25,302.0,0.231,0.318,0.273541,88.8,0.432,0.0,ETH-25OCT19-240-P,189.45,0.0,0.0,0.0,0.0,0.0,0.0,0.07265,-0.21685,-0.0899,0.00557,-0.88871
191.21,ETH-27DEC19,1570705142846,open,0.01,5315.0,0.001,0.022,0.008788,105.92,0.013,0.0,ETH-27DEC19-480-C,189.45,101.96,0.007,660.0,0.01,360.0,108.33,0.09232,-0.06278,0.01716,0.00112,0.05085
192.87,ETH-27MAR20,1570705142846,open,1.69,0.0,1.636,1.847,1.73811,104.9,None,0.0,ETH-27MAR20-520-P,189.45,0.0,0.005,10.0,0.0,0.0,0.0,0.30691,-0.09532,-2.30884,0.0017,-0.84924
191.21,ETH-27DEC19,1570705142849,open,0.42,2.0,0.376,0.443,0.411327,110.53,0.346,0.0,ETH-27DEC19-120-C,189.45,0.0,0.101,1.0,0.0,0.0,0.0,0.17817,-0.12644,0.19061,0.00207,0.87855
190.58,SYN.ETH-29NOV19,1570705142849,open,0.34,1.0,0.264,0.331,0.299423,98.33,0.289,0.0,ETH-29NOV19-140-C,189.45,0.0,0.0,0.0,0.0,0.0,0.0,0.1653,-0.16295,0.14301,0.00339,0.84857
189.79,SYN.ETH-25OCT19,1570705142849,open,0.0,3324.0,0.001,0.012,0.002389,122.09,0.004,0.0,ETH-25OCT19-120-P,189.45,106.4,0.001,540.0,0.003,200.0,127.15,0.0214,-0.0878,-0.00202,0.00119,-0.02368
192.87,ETH-27MAR20,1570705142851,open,1.89,0.0,1.834,2.055,1.940562,106.66,None,0.0,ETH-27MAR20-560-P,189.45,0.0,0.01,10.0,0.0,0.0,0.0,0.28374,-0.0896,-2.50424,0.00155,-0.86575
189.47,SYN.ETH-11OCT19,1570705142851,open,0.27,0.0,0.239,0.282,0.261097,154.11,None,0.0,ETH-11OCT19-140-C,189.45,0.0,0.0,0.0,0.0,0.0,0.0,1e-05,-0.00079,0.00336,1e-05,0.99997
190.58,SYN.ETH-29NOV19,1570705142851,open,0.41,0.0,0.359,0.414,0.387348,104.37,None,0.0,ETH-29NOV19-120-C,189.45,0.0,0.0,0.0,0.0,0.0,0.0,0.10667,-0.11161,0.1382,0.00206,0.91803
192.87,ETH-27MAR20,1570705142854,open,0.04,2339.0,0.015,0.076,0.042133,104.99,0.045,0.0,ETH-27MAR20-520-C,189.45,102.99,0.039,40.0,0.044,240.0,106.15,0.30737,-0.09555,0.09724,0.0017,0.1511
189.79,SYN.ETH-25OCT19,1570705142854,open,0.45,3.0,0.433,0.526,0.477359,96.55,0.645,0.0,ETH-25OCT19-280-P,189.45,0.0,0.0,0.0,0.0,0.0,0.0,0.02526,-0.08197,-0.11204,0.00178,-0.97112
192.87,ETH-27MAR20,1570705142856,open,0.75,7.0,0.687,0.861,0.775803,101.75,0.945,0.0,ETH-27MAR20-320-P,189.45,0.0,0.0,0.0,0.0,0.0,0.0,0.4859,-0.14638,-1.27237,0.00277,-0.65005
192.87,ETH-27MAR20,1570705142856,open,1.3,0.0,1.246,1.442,1.342,103.5,None,0.0,ETH-27MAR20-440-P,189.45,0.0,0.002,10.0,0.0,0.0,0.0,0.3741,-0.11464,-1.90585,0.0021,-0.79374
189.47,SYN.ETH-11OCT19,1570705142856,open,0.19,0.0,0.179,0.252,0.213928,125.23,None,0.0,ETH-11OCT19-230-P,189.45,0.0,0.0,0.0,0.0,0.0,0.0,0.00028,-0.01731,-0.00551,0.00026,-0.99912
190.58,SYN.ETH-29NOV19,1570705142856,open,0.51,0.0,0.44,0.554,0.496526,93.09,None,0.0,ETH-29NOV19-280-P,189.45,0.0,0.0,0.0,0.0,0.0,0.0,0.17969,-0.16769,-0.34491,0.00389,-0.82789
189.63,SYN.ETH-18OCT19,1570705142858,open,0.0,5.0,0.001,0.012,0.002012,114.25,0.001,0.0,ETH-18OCT19-140-P,189.45,101.7,0.001,200.0,0.003,200.0,123.2,0.01856,-0.1346,-0.00128,0.00209,-0.02925
191.21,ETH-27DEC19,1570705142860,open,1.28,0.0,1.238,1.396,1.313814,105.15,None,0.0,ETH-27DEC19-440-P,189.45,0.0,0.001,8.0,0.0,0.0,0.0,0.11908,-0.0804,-0.91524,0.00145,-0.92962
191.21,ETH-27DEC19,1570705142863,open,0.35,18.0,0.292,0.372,0.334826,107.23,0.305,0.0,ETH-27DEC19-140-C,189.45,0.0,0.0,0.0,0.0,0.0,0.0,0.23986,-0.16514,0.19376,0.00287,0.80976
189.47,SYN.ETH-11OCT19,1570705142863,open,0.0,137.0,0.001,0.011,0.000903,125.34,0.002,0.0,ETH-11OCT19-170-P,189.45,0.0,0.0,0.0,0.002,200.0,147.49,0.00737,-0.17112,-0.00017,0.00683,-0.03618
191.21,ETH-27DEC19,1570705142866,open,1.08,16.0,1.038,1.189,1.110744,104.58,1.195,0.0,ETH-27DEC19-400-P,189.45,0.0,0.001,8.0,0.0,0.0,0.0,0.15403,-0.10343,-0.82066,0.00189,-0.90085
190.58,SYN.ETH-29NOV19,1570705142866,open,0.35,0.0,0.26,0.368,0.315001,91.67,None,0.0,ETH-29NOV19-240-P,189.45,0.0,0.0,0.0,0.0,0.0,0.0,0.24666,-0.22668,-0.26311,0.00542,-0.6953
191.21,ETH-27DEC19,1570705142868,open,0.03,895.0,0.007,0.047,0.023211,104.47,0.025,0.0,ETH-27DEC19-380-C,189.45,102.0,0.021,160.0,0.025,480.0,106.39,0.17524,-0.11754,0.03892,0.00215,0.11861
189.63,SYN.ETH-18OCT19,1570705142868,open,0.01,1003.0,0.001,0.021,0.006785,94.45,0.006,0.0,ETH-18OCT19-160-P,189.45,86.95,0.005,500.0,0.008,212.0,99.07,0.04811,-0.28847,-0.00428,0.00657,-0.09784
189.63,SYN.ETH-18OCT19,1570705142868,open,0.01,234.0,0.001,0.014,0.003563,84.7,0.005,0.0,ETH-18OCT19-230-C,189.45,75.35,0.002,500.0,0.004,200.0,86.89,0.03667,-0.19717,0.00265,0.00558,0.06823
189.47,SYN.ETH-11OCT19,1570705142870,open,0.0,23.0,0.001,0.011,0.00016,125.12,0.002,0.0,ETH-11OCT19-220-C,189.45,0.0,0.0,0.0,0.001,300.0,162.34,0.00204,-0.03034,4e-05,0.0019,0.00804
189.63,SYN.ETH-18OCT19,1570705142870,open,0.01,325.0,0.001,0.022,0.007309,83.75,0.01,0.0,ETH-18OCT19-220-C,189.45,79.26,0.006,287.0,0.008,200.0,85.98,0.05762,-0.30635,0.00485,0.00887,0.12587
190.58,SYN.ETH-29NOV19,1570705142870,open,0.01,507.0,0.001,0.019,0.008266,114.17,0.01,0.0,ETH-29NOV19-100-P,189.45,106.62,0.006,660.0,0.01,360.0,119.25,0.06195,-0.0709,-0.01283,0.00109,-0.04101
191.21,ETH-27DEC19,1570705142872,open,0.14,5411.0,0.086,0.179,0.135269,102.91,0.126,0.0,ETH-27DEC19-220-C,189.45,100.04,0.13,96.0,0.137,269.0,103.85,0.35177,-0.23242,0.13946,0.00438,0.47711
191.21,ETH-27DEC19,1570705142872,open,0.06,1102.0,0.023,0.088,0.054205,103.19,0.055,0.0,ETH-27DEC19-300-C,189.45,100.93,0.051,128.0,0.056,610.0,104.43,0.27449,-0.18185,0.07575,0.00341,0.23988
189.47,SYN.ETH-11OCT19,1570705142872,open,0.0,39.0,0.001,0.011,0.0,125.72,0.001,0.0,ETH-11OCT19-130-P,189.45,0.0,0.0,0.0,0.001,100.0,368.55,0.0,0.0,0.0,0.0,0.0
191.21,ETH-27DEC19,1570705142874,open,2.09,0.0,2.047,2.243,2.141088,107.78,0.953,0.0,ETH-27DEC19-600-P,189.45,0.0,0.0,0.0,0.0,0.0,0.0,0.04327,-0.02994,-1.27317,0.00051,-0.97972
191.21,ETH-27DEC19,1570705142874,open,1.68,37.0,1.642,1.818,1.725797,106.85,0.707,0.0,ETH-27DEC19-520-P,189.45,0.0,0.002,25.0,0.0,0.0,0.0,0.07224,-0.04956,-1.09671,0.00087,-0.96248
190.58,SYN.ETH-29NOV19,1570705142876,open,0.1,20.0,0.032,0.094,0.062252,94.08,0.102,0.0,ETH-29NOV19-160-P,189.45,90.44,0.058,558.0,0.066,238.0,97.26,0.22352,-0.2108,-0.08112,0.00479,-0.24925
191.21,ETH-27DEC19,1570705142883,open,0.0,15549.0,0.001,0.013,0.003505,109.18,0.003,0.0,ETH-27DEC19-600-C,189.45,101.74,0.002,1561.0,0.005,160.0,114.65,0.04624,-0.03242,0.00752,0.00054,0.02194
191.21,ETH-27DEC19,1570705142887,open,0.09,2669.0,0.044,0.125,0.085277,102.9,0.092,0.0,ETH-27DEC19-260-C,189.45,100.37,0.081,128.0,0.087,601.0,103.92,0.32409,-0.21413,0.10445,0.00404,0.34131
190.58,SYN.ETH-29NOV19,1570705142887,open,0.5,0.0,0.462,0.505,0.483579,114.22,None,0.0,ETH-29NOV19-100-C,189.45,0.0,0.0,0.0,0.0,0.0,0.0,0.06201,-0.07101,0.1238,0.00109,0.95894
189.79,SYN.ETH-25OCT19,1570705142887,open,0.05,1827.0,0.02,0.076,0.047844,86.64,0.053,0.0,ETH-25OCT19-200-C,189.45,81.75,0.044,360.0,0.046,20.0,84.3,0.14945,-0.43524,0.02848,0.01175,0.41599
191.21,ETH-27DEC19,1570705142890,open,0.21,3455.0,0.158,0.269,0.215901,102.85,0.211,0.0,ETH-27DEC19-200-P,189.45,100.71,0.212,96.0,0.221,213.0,105.65,0.34877,-0.23031,-0.26888,0.00435,-0.44317
191.21,ETH-27DEC19,1570705142890,open,0.02,7937.0,0.003,0.03,0.012919,105.54,0.016,0.0,ETH-27DEC19-440-C,189.45,102.35,0.011,780.0,0.014,160.0,107.22,0.12034,-0.08154,0.02384,0.00146,0.07135
189.47,SYN.ETH-11OCT19,1570705142890,open,0.0,281.0,0.001,0.011,5.2e-05,125.72,0.002,0.0,ETH-11OCT19-160-P,189.45,0.0,0.0,0.0,0.001,203.0,184.84,0.00079,-0.00979,-1e-05,0.00073,-0.00275
191.21,ETH-27DEC19,1570705142893,open,0.05,1229.0,0.017,0.075,0.043433,103.39,0.046,0.0,ETH-27DEC19-320-C,189.45,101.49,0.041,128.0,0.045,320.0,104.59,0.24771,-0.16443,0.06412,0.00307,0.20059
191.21,ETH-27DEC19,1570705142893,open,2.5,0.0,2.453,2.671,2.557955,108.37,None,0.0,ETH-27DEC19-680-P,189.45,0.0,0.002,10.0,0.0,0.0,0.0,0.02594,-0.01805,-1.44695,0.00031,-0.98882
189.79,SYN.ETH-25OCT19,1570705142893,open,0.28,12.0,0.242,0.294,0.268578,105.39,0.192,0.0,ETH-25OCT19-140-C,189.45,0.0,0.0,0.0,0.0,0.0,0.0,0.04695,-0.16631,0.05176,0.00303,0.93779
192.87,ETH-27MAR20,1570705142896,open,0.08,978.0,0.034,0.118,0.074545,102.94,0.071,0.0,ETH-27MAR20-400-C,189.45,101.27,0.071,250.0,0.076,10.0,103.62,0.41202,-0.12557,0.15172,0.00233,0.24456
192.87,ETH-27MAR20,1570705142896,open,0.1,528.0,0.047,0.139,0.093139,102.56,0.095,0.0,ETH-27MAR20-360-C,189.45,100.78,0.089,260.0,0.097,548.0,104.2,0.45094,-0.13692,0.17798,0.00255,0.29259
191.21,ETH-27DEC19,1570705142896,open,0.03,1033.0,0.009,0.054,0.028311,103.95,0.027,0.0,ETH-27DEC19-360-C,189.45,101.67,0.026,160.0,0.03,480.0,105.57,0.19715,-0.13158,0.04581,0.00243,0.1406
189.47,SYN.ETH-11OCT19,1570705142896,open,0.17,17.0,0.13,0.18,0.155591,125.84,0.18,0.0,ETH-11OCT19-160-C,189.45,0.0,0.0,0.0,0.0,0.0,0.0,0.00079,-0.04975,0.00383,0.00073,0.99723
192.87,ETH-27MAR20,1570705142898,open,0.47,40.0,0.416,0.497,0.460015,104.82,0.459,0.0,ETH-27MAR20-120-C,189.45,0.0,0.1,1.0,0.0,0.0,0.0,0.31044,-0.09634,0.34499,0.00172,0.84662
191.21,ETH-27DEC19,1570705142898,open,0.1,3373.0,0.063,0.146,0.105202,104.58,0.123,0.0,ETH-27DEC19-160-P,189.45,102.49,0.102,468.0,0.109,398.0,107.07,0.29246,-0.19638,-0.15339,0.00358,-0.27079
191.21,ETH-27DEC19,1570705142898,open,1.88,0.0,1.845,2.029,1.932962,106.67,0.845,0.0,ETH-27DEC19-560-P,189.45,0.0,0.0,0.0,0.0,0.0,0.0,0.05424,-0.03715,-1.18572,0.00065,-0.97348
191.21,ETH-27DEC19,1570705142898,open,0.51,0.0,0.472,0.524,0.498775,117.54,None,0.0,ETH-27DEC19-100-C,189.45,0.0,0.0,0.0,0.0,0.0,0.0,0.12042,-0.09088,0.17535,0.00131,0.92859
189.47,SYN.ETH-11OCT19,1570705142906,open,0.22,14.0,0.184,0.231,0.208319,128.76,0.2,0.0,ETH-11OCT19-150-C,189.45,0.0,0.196,1.0,0.222,1.0,441.56,3e-05,-0.00223,0.0036,3e-05,0.99991
191.21,ETH-27DEC19,1570705142910,open,0.02,4219.0,0.005,0.04,0.019022,104.85,0.02,0.0,ETH-27DEC19-400-C,189.45,102.28,0.017,460.0,0.021,480.0,107.23,0.15494,-0.1043,0.03301,0.00189,0.09995
192.87,ETH-27MAR20,1570705142910,open,0.35,362.0,0.284,0.387,0.340375,101.28,0.344,0.0,ETH-27MAR20-160-C,189.45,96.22,0.329,261.0,0.345,300.0,103.34,0.43301,-0.12985,0.34853,0.00248,0.73094
191.21,ETH-27DEC19,1570705142910,open,0.04,5133.0,0.017,0.064,0.038843,110.46,0.038,0.0,ETH-27DEC19-120-P,189.45,108.47,0.037,520.0,0.04,15.0,111.7,0.17809,-0.1263,-0.06536,0.00207,-0.12136
192.87,ETH-27MAR20,1570705142910,open,0.26,1049.0,0.194,0.307,0.255421,100.92,0.265,0.0,ETH-27MAR20-200-C,189.45,98.45,0.249,566.0,0.261,566.0,103.07,0.50177,-0.14993,0.32018,0.00289,0.61422
191.21,ETH-27DEC19,1570705142910,open,0.0,12462.0,0.001,0.012,0.002027,110.92,0.005,0.0,ETH-27DEC19-680-C,189.45,102.63,0.001,1000.0,0.003,160.0,116.3,0.02997,-0.02134,0.00456,0.00035,0.0132
192.87,ETH-27MAR20,1570705142912,open,2.09,0.0,2.033,2.264,2.144318,108.59,None,0.0,ETH-27MAR20-600-P,189.45,0.0,0.02,10.0,0.0,0.0,0.0,0.26484,-0.08515,-2.69738,0.00142,-0.87843
189.63,SYN.ETH-18OCT19,1570705142912,open,0.15,0.0,0.129,0.207,0.167463,83.73,None,0.0,ETH-18OCT19-220-P,189.45,0.0,0.0,0.0,0.0,0.0,0.0,0.0576,-0.30617,-0.04262,0.00887,-0.87419
189.63,SYN.ETH-18OCT19,1570705142912,open,0.0,203.0,0.001,0.014,0.00367,103.99,0.003,0.0,ETH-18OCT19-150-P,189.45,91.87,0.002,500.0,0.005,200.0,111.65,0.03035,-0.20041,-0.00234,0.00376,-0.05359
189.63,SYN.ETH-18OCT19,1570705142912,open,0.03,360.0,0.006,0.052,0.02739,83.21,0.034,0.0,ETH-18OCT19-200-C,189.45,76.96,0.024,356.0,0.029,160.0,86.15,0.1036,-0.5473,0.01336,0.01605,0.35401
189.47,SYN.ETH-11OCT19,1570705142912,open,0.09,1.0,0.077,0.145,0.109233,117.14,0.215,0.0,ETH-11OCT19-210-P,189.45,0.0,0.0,0.0,0.0,0.0,0.0,0.00781,-0.45738,-0.00487,0.00774,-0.96116
189.47,SYN.ETH-11OCT19,1570705142914,open,0.33,0.0,0.293,0.333,0.313876,189.19,None,0.0,ETH-11OCT19-130-C,189.45,0.0,0.0,0.0,0.0,0.0,0.0,1e-05,-0.00075,0.00312,0.0,0.99998
189.47,SYN.ETH-11OCT19,1570705142914,open,0.14,0.0,0.128,0.198,0.161294,125.05,None,0.0,ETH-11OCT19-220-P,189.45,0.0,0.0,0.0,0.0,0.0,0.0,0.00204,-0.12734,-0.00524,0.00189,-0.99199
189.47,SYN.ETH-11OCT19,1570705142914,open,0.0,176.0,0.001,0.011,0.0,125.72,0.001,0.0,ETH-11OCT19-120-P,189.45,0.0,0.0,0.0,0.002,300.0,486.66,0.0,0.0,0.0,0.0,0.0
191.21,ETH-27DEC19,1570705142919,open,0.6,1.0,0.554,0.692,0.622996,103.07,0.494,0.0,ETH-27DEC19-300-P,189.45,0.0,0.001,5.0,0.0,0.0,0.0,0.27424,-0.18148,-0.56443,0.00341,-0.76053
191.21,ETH-27DEC19,1570705142919,open,0.88,257.0,0.84,0.986,0.910861,103.76,0.7,0.0,ETH-27DEC19-360-P,189.45,0.0,0.01,2.0,0.0,0.0,0.0,0.19654,-0.13094,-0.72246,0.00243,-0.86004
192.87,ETH-27MAR20,1570705142921,open,1.11,3.0,1.055,1.243,1.148373,102.89,1.39,0.0,ETH-27MAR20-400-P,189.45,0.0,0.001,10.0,0.0,0.0,0.0,0.41183,-0.12545,-1.69907,0.00233,-0.75565
192.87,ETH-27MAR20,1570705142927,open,0.06,1121.0,0.025,0.101,0.060789,103.56,0.058,0.0,ETH-27MAR20-440-C,189.45,102.11,0.058,250.0,0.063,10.0,104.7,0.37438,-0.11479,0.13004,0.0021,0.20651
191.21,ETH-27DEC19,1570705142927,open,0.0,4670.0,0.001,0.011,0.001981,114.67,0.002,0.0,ETH-27DEC19-720-C,189.45,106.48,0.001,1011.0,0.003,168.0,120.48,0.02878,-0.02119,0.00433,0.00032,0.0126
192.87,ETH-27MAR20,1570705142927,open,0.16,949.0,0.092,0.201,0.149735,101.47,0.15,0.0,ETH-27MAR20-280-C,189.45,99.31,0.144,260.0,0.154,278.0,103.07,0.51352,-0.15428,0.24359,0.00294,0.4227
189.47,SYN.ETH-11OCT19,1570705142927,open,0.0,54.0,0.001,0.011,1.5e-05,125.72,0.007,0.0,ETH-11OCT19-230-C,189.45,0.0,0.0,0.0,0.001,2.0,201.02,0.00029,-0.00288,0.0,0.00027,0.00091
191.21,ETH-27DEC19,1570705142929,open,0.51,311.0,0.463,0.599,0.532063,102.9,0.71,0.0,ETH-27DEC19-280-P,189.45,0.0,0.001,8.0,0.0,0.0,0.0,0.3004,-0.19847,-0.5083,0.00374,-0.7139
190.58,SYN.ETH-29NOV19,1570705142929,open,0.09,92.0,0.015,0.066,0.038781,92.17,0.043,0.0,ETH-29NOV19-260-C,189.45,87.82,0.034,468.0,0.042,268.0,95.01,0.21355,-0.19733,0.04961,0.00467,0.22929
190.58,SYN.ETH-29NOV19,1570705142929,open,0.43,0.0,0.347,0.459,0.402966,92.13,None,0.0,ETH-29NOV19-260-P,189.45,0.0,0.0,0.0,0.0,0.0,0.0,0.21347,-0.19717,-0.30569,0.00467,-0.77086
189.79,SYN.ETH-25OCT19,1570705142929,open,0.17,483.0,0.138,0.222,0.180043,86.62,0.337,0.0,ETH-25OCT19-220-P,189.45,0.0,0.05,2.0,0.25,1.0,182.85,0.11475,-0.3341,-0.07391,0.00902,-0.77556
190.58,SYN.ETH-29NOV19,1570705142929,open,0.27,0.0,0.182,0.285,0.234427,91.44,None,0.0,ETH-29NOV19-220-P,189.45,0.0,0.0,0.0,0.24,1.0,95.33,0.27202,-0.24934,-0.21754,0.00599,-0.6009
189.79,SYN.ETH-25OCT19,1570705142929,open,0.01,1169.0,0.001,0.014,0.004154,92.62,0.006,0.0,ETH-25OCT19-260-C,189.45,87.08,0.003,440.0,0.005,200.0,96.15,0.04319,-0.13446,0.004,0.00318,0.05593
190.58,SYN.ETH-29NOV19,1570705142929,open,0.15,110.0,0.065,0.144,0.105208,91.91,0.102,0.0,ETH-29NOV19-180-P,189.45,88.89,0.101,320.0,0.11,177.0,95.35,0.26545,-0.24457,-0.12315,0.00582,-0.36767
191.21,ETH-27DEC19,1570705142931,open,0.01,7122.0,0.001,0.014,0.004551,107.72,0.006,0.0,ETH-27DEC19-560-C,189.45,101.76,0.003,560.0,0.006,160.0,112.17,0.05678,-0.03927,0.00957,0.00068,0.02802
189.63,SYN.ETH-18OCT19,1570705142931,open,0.2,0.0,0.179,0.257,0.216452,84.66,None,0.0,ETH-18OCT19-230-P,189.45,0.0,0.0,0.0,0.0,0.0,0.0,0.03663,-0.1969,-0.04699,0.00558,-0.93186
191.21,ETH-27DEC19,1570705142933,open,0.43,946.0,0.377,0.51,0.444897,102.82,0.3,0.0,ETH-27DEC19-260-P,189.45,0.0,0.0,0.0,0.0,0.0,0.0,0.324,-0.21389,-0.45033,0.00404,-0.65895
189.79,SYN.ETH-25OCT19,1570705142937,open,0.19,504.0,0.141,0.204,0.174181,93.52,0.194,0.0,ETH-25OCT19-160-C,189.45,0.0,0.0,0.0,0.185,280.0,114.08,0.09283,-0.29181,0.05158,0.00676,0.84103
192.87,ETH-27MAR20,1570705142942,open,0.04,1165.0,0.012,0.07,0.037202,106.76,0.038,0.0,ETH-27MAR20-560-C,189.45,105.94,0.036,300.0,0.038,240.0,107.3,0.2843,-0.08986,0.08694,0.00155,0.13463
192.87,ETH-27MAR20,1570705142942,open,0.05,1150.0,0.02,0.089,0.051579,104.99,0.06,0.0,ETH-27MAR20-480-C,189.45,102.95,0.048,240.0,0.055,570.0,106.89,0.3429,-0.10659,0.1136,0.0019,0.17888
191.21,ETH-27DEC19,1570705142942,open,0.07,1691.0,0.032,0.105,0.067857,103.0,0.075,0.0,ETH-27DEC19-280-C,189.45,100.53,0.064,128.0,0.07,286.0,104.36,0.30057,-0.19877,0.08917,0.00374,0.28644
189.47,SYN.ETH-11OCT19,1570705142942,open,0.0,560.0,0.001,0.019,0.002932,93.36,0.003,0.0,ETH-11OCT19-180-P,189.45,83.49,0.002,200.0,0.005,300.0,111.7,0.01924,-0.55553,-0.00059,0.02393,-0.1263
190.58,SYN.ETH-29NOV19,1570705142942,open,0.03,6.0,0.005,0.033,0.016972,104.33,0.035,0.0,ETH-29NOV19-120-P,189.45,100.71,0.015,640.0,0.019,374.0,107.87,0.10662,-0.11151,-0.02575,0.00206,-0.08191
189.63,SYN.ETH-18OCT19,1570705142942,open,0.23,1.0,0.186,0.239,0.212656,104.02,0.142,0.0,ETH-18OCT19-150-C,189.45,0.0,0.0,0.0,0.0,0.0,0.0,0.03037,-0.20058,0.03002,0.00376,0.94637
190.58,SYN.ETH-29NOV19,1570705142944,open,0.2,0.0,0.114,0.207,0.162268,90.53,None,0.0,ETH-29NOV19-200-P,189.45,82.89,0.151,130.0,0.169,130.0,95.1,0.28098,-0.255,-0.17006,0.00625,-0.49074
189.47,SYN.ETH-11OCT19,1570705142944,open,0.38,0.0,0.348,0.385,0.366654,226.67,None,0.0,ETH-11OCT19-120-C,189.45,0.0,0.0,0.0,0.0,0.0,0.0,1e-05,-0.00071,0.00288,0.0,0.99998
189.63,SYN.ETH-18OCT19,1570705142944,open,0.11,0.0,0.083,0.16,0.121944,83.21,None,0.0,ETH-18OCT19-210-P,189.45,0.0,0.0,0.0,0.0,0.0,0.0,0.08238,-0.43517,-0.03692,0.01276,-0.78046
189.79,SYN.ETH-25OCT19,1570705142944,open,0.48,18.0,0.457,0.489,0.473441,125.93,0.411,0.0,ETH-25OCT19-100-C,189.45,0.0,0.0,0.0,0.0,0.0,0.0,0.00459,-0.01945,0.04042,0.00025,0.99595
189.79,SYN.ETH-25OCT19,1570705142944,open,0.38,6.0,0.349,0.391,0.370112,122.15,0.36,0.0,ETH-25OCT19-120-C,189.45,0.0,0.0,0.0,0.0,0.0,0.0,0.02143,-0.08798,0.04689,0.0012,0.97628
8696.26,BTC-27MAR20,1570705143043,open,0.12,511.8,0.0725,0.167,0.12015813,85.01,0.1215,0.0,BTC-27MAR20-12000-C,8531.62,83.81,0.117,18.0,0.124,16.0,86.48,22.76744,-5.73066,11.03629,8e-05,0.39445
8575.58,SYN.BTC-29NOV19,1570705143154,open,0.05,14.1,0.03,0.085,0.05668475,78.53,0.0555,0.0,BTC-29NOV19-7500-P,8531.62,76.75,0.0545,19.3,0.059,30.3,80.42,10.52007,-8.28231,-3.85151,0.00013,-0.27199
8575.58,SYN.BTC-29NOV19,1570705143157,open,0.12,14.4,0.0805,0.1475,0.11533751,75.76,0.118,0.0,BTC-29NOV19-8500-C,8531.62,73.81,0.1125,14.4,0.118,19.0,77.6,12.46161,-9.46498,5.30602,0.00016,0.56814
8575.58,SYN.BTC-29NOV19,1570705143164,open,0.05,14.1,0.03,0.085,0.05668475,78.53,0.0555,0.0,BTC-29NOV19-7500-P,8531.62,76.75,0.0545,29.3,0.059,30.3,80.42,10.52007,-8.28231,-3.85151,0.00013,-0.27199
8600.93,BTC-27DEC19,1570705143168,open,0.05,761.4,0.0205,0.078,0.04724916,82.75,0.0475,0.0,BTC-27DEC19-12000-C,8531.62,81.55,0.0455,46.3,0.049,29.5,83.94,12.57591,-6.68139,3.68735,0.0001,0.24819
8544.88,SYN.BTC-25OCT19,1570705143776,open,0.08,536.0,0.0565,0.115,0.08598889,66.98,0.085,0.0,BTC-25OCT19-9000-P,8531.62,65.03,0.0845,18.0,0.089,18.0,70.9,6.54641,-14.73813,-2.47273,0.00033,-0.62406
8601.03,BTC-27DEC19,1570705143782,open,0.02,365.8,0.009,0.0435,0.02401493,90.51,0.023,0.0,BTC-27DEC19-5500-P,8531.97,88.63,0.0225,20.0,0.0245,24.0,91.1,6.99917,-4.06735,-2.28548,5e-05,-0.10053
8544.88,SYN.BTC-25OCT19,1570705143782,open,0.01,618.9,0.003,0.031,0.01435071,73.24,0.0145,0.0,BTC-25OCT19-7500-P,8531.97,71.56,0.0135,42.0,0.015,0.1,74.51,4.35748,-10.72731,-0.64035,0.0002,-0.16953
8576.07,SYN.BTC-29NOV19,1570705143782,open,0.04,123.2,0.013,0.058,0.03362658,76.93,0.032,0.0,BTC-29NOV19-11000-C,8531.97,75.48,0.032,40.3,0.0355,29.3,78.58,9.66674,-7.45503,2.3216,0.00013,0.23174
8544.88,SYN.BTC-25OCT19,1570705143808,open,0.17,323.4,0.1515,0.211,0.18046469,69.92,0.1895,0.0,BTC-25OCT19-10000-P,8531.97,0.0,0.155,6.0,0.181,0.1,71.05,3.99262,-9.38303,-3.5943,0.00019,-0.85164
8601.03,BTC-27DEC19,1570705143813,open,0.11,688.8,0.073,0.1495,0.11147838,81.33,0.1075,0.0,BTC-27DEC19-8000-P,8531.97,79.88,0.109,9.0,0.1135,5.0,82.51,14.74175,-7.69769,-8.50026,0.00011,-0.35173
189.79,SYN.ETH-25OCT19,1570705143868,open,0.0,4293.0,0.001,0.011,0.00034,125.71,0.001,0.0,ETH-25OCT19-100-P,189.45,0.0,0.0,0.0,0.002,600.0,159.27,0.00454,-0.0192,-0.00034,0.00025,-0.004
8601.03,BTC-27DEC19,1570705143994,open,0.11,688.8,0.073,0.1495,0.11147838,81.33,0.1075,0.0,BTC-27DEC19-8000-P,8531.97,79.88,0.109,9.0,0.113,14.0,82.22,14.74175,-7.69769,-8.50026,0.00011,-0.35173
8576.07,SYN.BTC-29NOV19,1570705144156,open,0.03,32.2,0.009,0.049,0.0266148,77.89,0.026,0.0,BTC-29NOV19-11500-C,8531.97,76.27,0.025,33.3,0.028,19.3,79.25,8.62495,-6.73463,1.92402,0.00011,0.1908
8576.07,SYN.BTC-29NOV19,1570705144158,open,0.05,14.1,0.03,0.085,0.05668231,78.55,0.0555,0.0,BTC-29NOV19-7500-P,8531.97,76.76,0.0545,19.3,0.059,30.3,80.43,10.51975,-8.28348,-3.85115,0.00013,-0.27195
189.47,SYN.ETH-11OCT19,1570705144162,open,0.07,436.0,0.022,0.082,0.052913,93.37,0.05,0.0,ETH-11OCT19-180-C,189.45,0.0,0.034,9.0,0.056,40.0,119.76,0.01924,-0.89838,0.00373,0.02393,0.87369
8576.07,SYN.BTC-29NOV19,1570705144165,open,0.12,14.4,0.0805,0.1475,0.11534092,75.75,0.118,0.0,BTC-29NOV19-8500-C,8531.97,73.79,0.1125,14.4,0.118,9.0,77.58,12.46194,-9.46327,5.30713,0.00016,0.56821
8544.88,SYN.BTC-25OCT19,1570705144167,open,0.02,187.9,0.0045,0.036,0.01793845,67.5,0.0198,0.0,BTC-25OCT19-9500-C,8531.97,65.18,0.0165,24.0,0.0195,24.0,69.96,5.35061,-12.13893,0.76989,0.00027,0.23901
8601.03,BTC-27DEC19,1570705144176,open,0.05,761.4,0.0205,0.078,0.04726644,82.76,0.0475,0.0,BTC-27DEC19-12000-C,8531.97,81.54,0.0455,46.3,0.049,20.0,83.94,12.57743,-6.68303,3.68801,0.0001,0.24824
8576.07,SYN.BTC-29NOV19,1570705144184,open,0.02,8.7,0.0045,0.036,0.0171891,80.18,0.0185,0.0,BTC-29NOV19-12500-C,8531.97,78.64,0.016,40.0,0.0185,24.0,81.83,6.73286,-5.41205,1.33071,8e-05,0.13074
8601.03,BTC-27DEC19,1570705144186,open,0.03,1034.0,0.0145,0.0575,0.03416618,87.63,0.0345,0.0,BTC-27DEC19-6000-P,8531.97,86.47,0.033,10.5,0.035,24.2,88.45,8.73022,-4.91171,-3.14829,6e-05,-0.13739
189.63,SYN.ETH-18OCT19,1570705144204,open,0.18,41.0,0.133,0.191,0.163033,94.46,0.165,0.0,ETH-18OCT19-160-C,189.44,0.0,0.144,10.0,0.186,10.0,160.5,0.04812,-0.28862,0.03024,0.00657,0.90212
8601.38,BTC-27DEC19,1570705144229,open,0.1,554.8,0.055,0.1285,0.0919958,81.1,0.0925,0.0,BTC-27DEC19-10000-C,8531.97,79.71,0.0895,23.4,0.094,25.6,82.21,15.48836,-8.06476,5.92635,0.00012,0.41493
8576.07,SYN.BTC-29NOV19,1570705144243,open,0.08,0.1,0.0405,0.1015,0.07116991,75.75,0.058,0.0,BTC-29NOV19-9500-C,8531.97,73.89,0.0685,11.0,0.0725,11.0,76.68,12.33013,-9.36372,3.98062,0.00016,0.41085
8576.49,SYN.BTC-29NOV19,1570705144983,open,0.05,0.2,0.019,0.0695,0.04285773,76.15,0.043,0.0,BTC-29NOV19-10500-C,8531.97,75.06,0.0415,13.0,0.045,29.3,77.86,10.70166,-8.16975,2.79796,0.00014,0.2816
8576.49,SYN.BTC-29NOV19,1570705144983,open,0.28,0.0,0.2415,0.296,0.26912576,83.65,None,0.0,BTC-29NOV19-6500-C,8531.97,0.0,0.0095,0.3,0.0,0.0,0.0,7.27949,-6.10462,6.84734,9e-05,0.8534
8576.49,SYN.BTC-29NOV19,1570705144983,open,0.46,0.0,0.436,0.517,0.47473908,80.27,None,0.0,BTC-29NOV19-12500-P,8531.97,0.0,0.006,5.0,0.0,0.0,0.0,6.74676,-5.42946,-15.74639,8e-05,-0.86888
8576.49,SYN.BTC-29NOV19,1570705144983,open,0.35,0.0,0.328,0.409,0.36756417,77.96,None,0.0,BTC-29NOV19-11500-P,8531.97,0.0,0.008,10.0,0.0,0.0,0.0,8.63416,-6.7476,-13.78731,0.00011,-0.80889
8576.49,SYN.BTC-29NOV19,1570705144983,open,0.26,0.0,0.2265,0.308,0.26719421,76.2,None,0.0,BTC-29NOV19-10500-P,8531.97,0.0,0.007,3.0,0.367,2.0,147.57,10.70502,-8.17748,-11.5484,0.00014,-0.71821
8576.49,SYN.BTC-29NOV19,1570705144983,open,0.03,30.4,0.0105,0.048,0.02704834,83.7,0.028,0.0,BTC-29NOV19-6500-P,8531.97,82.45,0.026,24.0,0.0285,43.0,85.39,7.28246,-6.1103,-2.03612,9e-05,-0.14669
8576.49,SYN.BTC-29NOV19,1570705144983,open,0.19,0.0,0.1485,0.213,0.18213736,78.51,None,0.0,BTC-29NOV19-7500-C,8531.97,72.23,0.1745,9.0,0.186,9.0,81.65,10.51823,-8.27836,6.39906,0.00013,0.72816
189.79,SYN.ETH-25OCT19,1570705144995,open,0.0,4293.0,0.001,0.011,0.00034,125.71,0.001,0.0,ETH-25OCT19-100-P,189.44,143.79,0.001,340.0,0.002,600.0,159.27,0.00454,-0.0192,-0.00034,0.00025,-0.00401
191.2,ETH-27DEC19,1570705145178,open,0.28,647.0,0.22,0.309,0.268465,104.63,0.254,0.0,ETH-27DEC19-160-C,189.45,101.7,0.264,592.0,0.272,252.0,106.93,0.29247,-0.19647,0.18793,0.00358,0.72916
191.2,ETH-27DEC19,1570705145178,open,2.91,0.0,2.86,3.102,2.976166,112.86,None,0.0,ETH-27DEC19-760-P,189.45,0.0,0.0,0.0,0.0,0.0,0.0,0.02042,-0.0148,-1.61857,0.00023,-0.9915
191.2,ETH-27DEC19,1570705145178,open,0.01,10821.0,0.001,0.018,0.006555,107.59,0.007,0.0,ETH-27DEC19-520-C,189.45,103.24,0.005,660.0,0.008,360.0,111.08,0.07425,-0.05129,0.01316,0.00088,0.03881
191.2,ETH-27DEC19,1570705145178,open,2.29,0.0,2.25,2.458,2.34986,109.72,None,0.0,ETH-27DEC19-640-P,189.45,0.0,0.0,0.0,0.0,0.0,0.0,0.03642,-0.02566,-1.35978,0.00043,-0.98343
192.87,ETH-27MAR20,1570705145178,open,0.2,1282.0,0.134,0.248,0.195017,101.4,0.199,0.0,ETH-27MAR20-240-C,189.45,98.82,0.188,572.0,0.201,272.0,103.61,0.52317,-0.15707,0.28209,0.003,0.51113
191.21,ETH-27DEC19,1570705145178,open,0.18,6491.0,0.119,0.214,0.169999,102.89,0.179,0.0,ETH-27DEC19-200-C,189.45,100.15,0.165,416.0,0.173,262.0,104.53,0.34876,-0.23039,0.15783,0.00435,0.55687
192.87,ETH-27MAR20,1570705145178,open,0.08,1804.0,0.046,0.118,0.082176,104.8,0.076,0.0,ETH-27MAR20-120-P,189.45,102.2,0.078,639.0,0.086,320.0,107.17,0.31043,-0.09633,-0.21019,0.00172,-0.15337
191.21,ETH-27DEC19,1570705145178,open,0.22,1196.0,0.163,0.257,0.213959,103.4,0.2,0.0,ETH-27DEC19-180-C,189.45,100.52,0.209,596.0,0.217,256.0,105.16,0.32961,-0.21882,0.17485,0.00409,0.64256
189.62,SYN.ETH-18OCT19,1570705145178,open,0.02,275.0,0.006,0.053,0.026761,83.96,0.029,0.0,ETH-18OCT19-180-P,189.45,78.63,0.024,160.0,0.029,161.0,88.24,0.09885,-0.52689,-0.01395,0.01518,-0.31428
191.21,ETH-27DEC19,1570705145180,open,0.04,926.0,0.012,0.064,0.035174,103.82,0.03,0.0,ETH-27DEC19-340-C,189.45,101.93,0.033,128.0,0.037,128.0,105.38,0.22217,-0.14809,0.05436,0.00274,0.16842
191.21,ETH-27DEC19,1570705145180,open,0.15,2641.0,0.104,0.203,0.155359,103.42,0.233,0.0,ETH-27DEC19-180-P,189.45,101.47,0.152,340.0,0.157,100.0,104.37,0.32961,-0.21885,-0.2092,0.00409,-0.35744
192.87,ETH-27MAR20,1570705145180,open,0.42,167.0,0.36,0.512,0.439443,101.43,0.548,0.0,ETH-27MAR20-240-P,189.45,98.68,0.432,300.0,0.447,24.0,104.21,0.52317,-0.15711,-0.82833,0.003,-0.4888
191.21,ETH-27DEC19,1570705145180,open,2.7,0.0,2.657,2.888,2.76767,115.93,None,0.0,ETH-27DEC19-720-P,189.45,0.0,0.003,5.0,0.0,0.0,0.0,0.03076,-0.02289,-1.53151,0.00034,-0.98639
191.21,ETH-27DEC19,1570705145180,open,0.27,2918.0,0.223,0.344,0.285843,102.91,0.324,0.0,ETH-27DEC19-220-P,189.45,100.28,0.281,96.0,0.292,263.0,106.26,0.35177,-0.23243,-0.32993,0.00438,-0.52288
190.57,SYN.ETH-29NOV19,1570705145178,open,0.14,236.0,0.044,0.114,0.080094,91.47,0.073,0.0,ETH-29NOV19-220-C,189.45,87.89,0.075,434.0,0.083,214.0,93.5,0.27199,-0.2494,0.08306,0.00599,0.39908
192.87,ETH-27MAR20,1570705145180,open,0.28,1260.0,0.223,0.355,0.292405,100.93,0.28,0.0,ETH-27MAR20-200-P,189.45,98.47,0.286,496.0,0.299,497.0,103.46,0.50177,-0.14994,-0.60517,0.00289,-0.38577
190.57,SYN.ETH-29NOV19,1570705145179,open,0.22,27.0,0.118,0.198,0.160741,91.94,0.149,0.0,ETH-29NOV19-180-C,189.45,88.53,0.156,471.0,0.165,151.0,94.99,0.26545,-0.24465,0.12278,0.00582,0.63224
189.62,SYN.ETH-18OCT19,1570705145178,open,0.07,51.0,0.046,0.118,0.082083,83.14,0.08,0.0,ETH-18OCT19-200-P,189.45,75.59,0.078,120.0,0.085,242.0,88.45,0.10356,-0.54659,-0.0298,0.01606,-0.64633
189.62,SYN.ETH-18OCT19,1570705145178,open,0.02,282.0,0.002,0.034,0.014521,83.24,0.012,0.0,ETH-18OCT19-210-C,189.45,77.28,0.012,409.0,0.016,160.0,86.6,0.08237,-0.43529,0.00839,0.01275,0.21952
189.46,SYN.ETH-11OCT19,1570705145178,open,0.03,977.0,0.001,0.04,0.015131,84.41,0.024,0.0,ETH-11OCT19-190-C,189.45,68.36,0.012,244.0,0.018,244.0,99.11,0.03698,-1.56078,0.00212,0.05087,0.48078
189.62,SYN.ETH-18OCT19,1570705145180,open,0.09,382.0,0.044,0.108,0.077534,84.05,0.084,0.0,ETH-18OCT19-180-C,189.45,77.22,0.074,239.0,0.081,120.0,90.66,0.09887,-0.5276,0.02488,0.01516,0.68557
189.78,SYN.ETH-25OCT19,1570705145180,open,0.11,1156.0,0.061,0.128,0.096752,86.68,0.104,0.0,ETH-25OCT19-180-C,189.45,81.64,0.093,251.0,0.1,120.0,91.02,0.14166,-0.41273,0.04292,0.01113,0.65163
189.78,SYN.ETH-25OCT19,1570705145180,open,0.02,2091.0,0.004,0.037,0.017221,93.49,0.015,0.0,ETH-25OCT19-160-P,189.45,88.85,0.015,160.0,0.019,767.0,97.07,0.09283,-0.2917,-0.01363,0.00676,-0.15898
189.78,SYN.ETH-25OCT19,1570705145178,open,0.09,875.0,0.063,0.14,0.101654,86.59,0.088,0.0,ETH-25OCT19-200-P,189.45,80.66,0.097,120.0,0.105,247.0,90.84,0.14942,-0.4349,-0.05305,0.01176,-0.58424
189.46,SYN.ETH-11OCT19,1570705145180,open,0.04,0.0,0.026,0.092,0.058423,94.02,0.093,0.0,ETH-11OCT19-200-P,189.45,0.0,0.055,40.0,0.061,40.0,116.41,0.01905,-0.89578,-0.00424,0.02353,-0.87546
189.62,SYN.ETH-18OCT19,1570705145182,open,0.04,239.0,0.019,0.081,0.049557,82.8,0.05,0.0,ETH-18OCT19-190-P,189.45,76.73,0.046,120.0,0.053,292.0,88.69,0.11101,-0.58356,-0.02176,0.01728,-0.48235
189.78,SYN.ETH-25OCT19,1570705145179,open,0.03,1551.0,0.005,0.042,0.020863,86.66,0.029,0.0,ETH-25OCT19-220-C,189.45,83.54,0.019,160.0,0.022,160.0,88.52,0.11474,-0.33421,0.01575,0.00902,0.22444
189.46,SYN.ETH-11OCT19,1570705145180,open,0.01,39.0,0.001,0.046,0.017929,84.14,0.017,0.0,ETH-11OCT19-190-P,189.45,69.13,0.015,331.0,0.021,331.0,99.87,0.03698,-1.55574,-0.00244,0.05103,-0.51933
190.57,SYN.ETH-29NOV19,1570705145180,open,0.06,19.0,0.014,0.058,0.033997,98.3,0.065,0.0,ETH-29NOV19-140-P,189.45,94.8,0.031,624.0,0.037,624.0,101.72,0.16529,-0.16288,-0.04829,0.00339,-0.15143
189.78,SYN.ETH-25OCT19,1570705145178,open,0.01,1681.0,0.001,0.024,0.008984,88.85,0.011,0.0,ETH-25OCT19-240-C,189.45,86.21,0.008,200.0,0.01,200.0,91.44,0.07268,-0.21704,0.00792,0.00557,0.11136
189.46,SYN.ETH-11OCT19,1570705145401,open,0.07,436.0,0.021,0.082,0.052913,93.79,0.05,0.0,ETH-11OCT19-180-C,189.45,0.0,0.033,9.0,0.056,40.0,120.08,0.01938,-0.90871,0.00373,0.02399,0.87242
8697.05,BTC-27MAR20,1570705145796,open,0.01,50.1,0.003,0.0345,0.01342029,103.62,0.012,0.0,BTC-27MAR20-34000-C,8531.88,102.41,0.0125,6.0,0.0145,10.0,104.98,6.75351,-2.07197,1.74702,2e-05,0.05684
8601.62,BTC-27DEC19,1570705145796,open,1.76,0.0,1.7365,1.8595,1.79457633,103.39,None,0.0,BTC-27DEC19-24000-P,8531.88,0.0,0.008,5.0,0.0,0.0,0.0,2.55821,-1.69811,-50.77158,2e-05,-0.97193
8697.05,BTC-27MAR20,1570705145796,open,3.56,1.0,3.511,3.72,3.60972037,108.27,2.7125,0.0,BTC-27MAR20-40000-P,8531.88,0.0,0.0055,0.1,0.0,0.0,0.0,5.52924,-1.77251,-183.71065,1e-05,-0.95578
8697.05,BTC-27MAR20,1570705145796,open,0.07,244.9,0.0435,0.111,0.07626492,86.35,0.0755,0.0,BTC-27MAR20-6000-P,8531.88,85.35,0.0745,13.9,0.078,0.2,87.33,15.37573,-3.93089,-10.20307,5e-05,-0.1773
8601.62,BTC-27DEC19,1570705145796,open,0.6,4.0,0.586,0.612,0.59801264,110.18,0.666,0.0,BTC-27DEC19-3500-C,8531.88,0.0,0.021,10.1,0.0,0.0,0.0,2.05506,-1.45372,6.98055,1e-05,0.97838
8601.62,BTC-27DEC19,1570705145796,open,0.03,633.6,0.0085,0.0505,0.02593687,85.41,0.028,0.0,BTC-27DEC19-14000-C,8531.88,84.06,0.0245,47.0,0.0275,47.0,86.84,9.25357,-5.07423,2.27231,7e-05,0.14975
8697.05,BTC-27MAR20,1570705145796,open,1.1,0.0,1.0515,1.1895,1.11790857,89.56,1.23,0.0,BTC-27MAR20-18000-P,8531.88,0.0,1.068,1.0,1.144,1.0,102.67,15.88974,-4.21328,-77.70282,5e-05,-0.81313
8601.62,BTC-27DEC19,1570705145796,open,0.0,1542.5,0.0005,0.0105,0.00013049,116.03,0.0005,0.0,BTC-27DEC19-52000-C,8531.88,0.0,0.0,0.0,0.001,10.0,137.26,0.13415,-0.09993,0.01601,0.0,0.001
8601.62,BTC-27DEC19,1570705145796,open,0.0,482.1,0.0005,0.013,0.00346823,106.17,0.0025,0.0,BTC-27DEC19-26000-C,8531.88,101.76,0.0025,34.0,0.0045,62.0,110.04,2.10141,-1.43251,0.34379,1e-05,0.0222
8601.62,BTC-27DEC19,1570705145796,open,1.54,4.9,1.509,1.6245,1.56334374,100.19,1.0385,0.0,BTC-27DEC19-22000-P,8531.88,0.0,0.008,5.0,0.0,0.0,0.0,3.14859,-2.02531,-46.3807,2e-05,-0.9639
8601.62,BTC-27DEC19,1570705145796,open,0.83,10.1,0.816,0.8355,0.82563457,112.15,0.8205,0.0,BTC-27DEC19-1500-C,8531.88,0.0,0.818,21.0,0.834,1.0,230.11,0.02177,-0.01568,3.1974,0.0,0.99986
8601.62,BTC-27DEC19,1570705145796,open,0.0,96.3,0.0005,0.0105,0.00024745,116.04,0.001,0.0,BTC-27DEC19-2000-P,8531.88,125.11,0.0005,35.0,0.0015,29.0,143.62,0.18157,-0.13527,-0.03016,0.0,-0.0014
8601.62,BTC-27DEC19,1570705145796,open,0.0,609.7,0.0005,0.011,0.00112445,114.87,0.0015,0.0,BTC-27DEC19-36000-C,8531.88,113.52,0.001,24.0,0.0015,5.0,118.4,0.82225,-0.60644,0.1169,0.0,0.00749
8601.62,BTC-27DEC19,1570705145796,open,0.0,495.4,0.0005,0.0125,0.00271803,108.37,0.0015,0.0,BTC-27DEC19-28000-C,8531.88,104.4,0.002,24.0,0.0035,39.0,111.95,1.72044,-1.19712,0.27202,1e-05,0.01754
8601.62,BTC-27DEC19,1570705145796,open,1.08,9.4,1.0545,1.159,1.10360094,93.52,1.1125,0.0,BTC-27DEC19-18000-P,8531.88,0.0,0.0065,0.1,0.0,0.0,0.0,5.1962,-3.11989,-37.36423,4e-05,-0.93235
8697.05,BTC-27MAR20,1570705145796,open,0.01,70.6,0.0025,0.0325,0.01216658,105.11,0.0115,0.0,BTC-27MAR20-36000-C,8531.88,104.17,0.0115,6.0,0.0135,10.0,106.9,6.25755,-1.94738,1.58732,2e-05,0.05161
8601.62,BTC-27DEC19,1570705145796,open,0.64,268.3,0.6065,0.7045,0.65358771,85.45,0.7205,0.0,BTC-27DEC19-14000-P,8531.88,0.0,0.6165,4.0,0.6745,4.0,102.59,9.26112,-5.08116,-27.59539,7e-05,-0.85006
8697.05,BTC-27MAR20,1570705145796,open,0.49,44.5,0.435,0.5635,0.50000821,85.03,0.585,0.0,BTC-27MAR20-12000-P,8531.88,66.24,0.4525,3.0,0.515,3.0,90.72,22.77156,-5.7329,-44.48118,8e-05,-0.60542
8697.05,BTC-27MAR20,1570705145796,open,0.88,1.1,0.837,0.9725,0.90277567,87.81,1.08,0.0,BTC-27MAR20-16000-P,8531.88,58.33,0.854,1.0,0.9325,1.0,101.17,18.18607,-4.72821,-67.10296,6e-05,-0.76484
8697.05,BTC-27MAR20,1570705145796,open,0.07,897.9,0.0285,0.103,0.06299948,87.78,0.066,0.0,BTC-27MAR20-16000-C,8531.88,86.82,0.061,20.0,0.066,4.9,89.2,18.17929,-4.72459,6.92124,6e-05,0.235
8697.05,BTC-27MAR20,1570705145797,open,1.31,0.8,1.271,1.413,1.33849639,91.85,1.389,0.0,BTC-27MAR20-20000-P,8531.88,0.0,1.2865,1.0,1.364,1.0,105.99,14.02142,-3.81318,-87.91169,4e-05,-0.84625
8697.05,BTC-27MAR20,1570705145797,open,0.32,184.3,0.2645,0.3845,0.32590208,84.85,0.32,0.0,BTC-27MAR20-10000-P,8531.88,81.2,0.316,3.6,0.327,3.6,85.25,23.57469,-5.92226,-32.48434,8e-05,-0.48138
8601.53,BTC-27DEC19,1570705145797,open,0.49,4.1,0.4705,0.508,0.48841833,99.23,0.578,0.0,BTC-27DEC19-4500-C,8531.88,0.0,0.0125,6.2,0.0,0.0,0.0,4.11237,-2.61993,8.46685,3e-05,0.94978
8601.53,BTC-27DEC19,1570705145797,open,0.33,260.6,0.2955,0.393,0.34442503,81.77,0.4475,0.0,BTC-27DEC19-11000-P,8531.88,55.28,0.3045,7.0,0.3565,7.0,88.95,14.24366,-7.47789,-18.76515,0.00011,-0.67808
8697.05,BTC-27MAR20,1570705145797,open,0.57,1.1,0.5415,0.5855,0.5630758,94.24,0.5375,0.0,BTC-27MAR20-4000-C,8531.88,0.0,0.012,3.1,0.999,0.1,500.0,7.29744,-2.03616,15.05665,2e-05,0.93726
8601.53,BTC-27DEC19,1570705145797,open,0.34,121.1,0.3075,0.365,0.33657522,87.6,0.34,0.0,BTC-27DEC19-6000-C,8531.88,70.22,0.3205,12.0,0.3595,12.0,108.62,8.7271,-4.90826,9.65529,6e-05,0.86269
8601.53,BTC-27DEC19,1570705145797,open,1.31,4.6,1.2815,1.39,1.33254084,96.21,1.466,0.0,BTC-27DEC19-20000-P,8531.88,0.0,0.0065,0.1,0.0,0.0,0.0,3.88765,-2.40144,-41.94775,3e-05,-0.95318
8697.05,BTC-27MAR20,1570705145797,open,0.09,284.0,0.0445,0.1295,0.08573808,86.36,0.0875,0.0,BTC-27MAR20-14000-C,8531.88,85.63,0.084,19.0,0.0885,4.9,87.52,20.65086,-5.28025,8.72916,7e-05,0.30267
8539.01,SYN.BTC-18OCT19,1570705145797,open,0.02,270.2,0.0035,0.037,0.01714841,63.56,0.0175,0.0,BTC-18OCT19-9000-C,8531.88,62.29,0.0165,0.1,0.0175,0.1,64.25,4.37919,-17.67115,0.52624,0.00044,0.30276
8532.75,SYN.BTC-11OCT19,1570705145797,open,0.01,271.4,0.0005,0.0195,0.00446529,68.53,0.0065,0.0,BTC-11OCT19-8750-C,8531.88,65.37,0.004,0.8,0.0055,24.5,75.28,1.27524,-38.1012,0.04658,0.00107,0.232
8545.27,SYN.BTC-25OCT19,1570705145796,open,0.0,479.5,0.0005,0.0105,0.00050645,109.49,0.0015,0.0,BTC-25OCT19-15000-C,8531.88,0.0,0.0,0.0,0.001,10.0,118.66,0.35487,-1.30596,0.02416,1e-05,0.00744
8697.05,BTC-27MAR20,1570705145798,open,0.01,570.3,0.0005,0.029,0.01046363,108.28,0.0095,0.0,BTC-27MAR20-40000-C,8531.88,107.54,0.01,6.0,0.0115,0.9,109.86,5.53054,-1.77303,1.35897,1e-05,0.04424
8601.53,BTC-27DEC19,1570705145798,open,0.66,0.0,0.6445,0.665,0.65403094,115.63,None,0.0,BTC-27DEC19-3000-C,8531.88,0.0,0.01,14.2,0.0,0.0,0.0,1.29221,-0.95937,6.11849,1e-05,0.98743
8601.53,BTC-27DEC19,1570705145797,open,0.0,519.0,0.0005,0.0125,0.00282637,115.77,0.004,0.0,BTC-27DEC19-3000-P,8531.88,109.69,0.002,53.0,0.004,34.0,122.74,1.29795,-0.96476,-0.28381,1e-05,-0.01264
8601.53,BTC-27DEC19,1570705145798,open,3.6,0.0,3.5595,3.7485,3.65125503,119.44,2.58,0.0,BTC-27DEC19-40000-P,8531.88,0.0,0.0015,0.1,0.0,0.0,0.0,0.67941,-0.52103,-85.24928,0.0,-0.99396
8601.53,BTC-27DEC19,1570705145797,open,0.0,245.0,0.0005,0.0105,3.228e-05,116.03,0.0005,0.0,BTC-27DEC19-1500-P,8531.88,149.42,0.0005,8.0,0.001,11.0,162.47,0.03159,-0.02353,-0.00446,0.0,-0.00021
8601.53,BTC-27DEC19,1570705145798,open,0.0,291.4,0.0005,0.011,0.00101129,116.04,0.0015,0.0,BTC-27DEC19-2500-P,8531.88,115.87,0.001,29.0,0.002,0.5,127.55,0.57809,-0.43068,-0.11096,0.0,-0.00504
8601.53,BTC-27DEC19,1570705145798,open,4.98,0.8,4.9275,5.1705,5.04591803,128.54,3.59,0.0,BTC-27DEC19-52000-P,8531.88,0.0,0.0015,0.1,0.0,0.0,0.0,0.37788,-0.31186,-110.89756,0.0,-0.99687
8601.53,BTC-27DEC19,1570705145798,open,2.22,0.1,2.192,2.331,2.25814209,109.3,1.49,0.0,BTC-27DEC19-28000-P,8531.88,0.0,0.009,5.0,0.0,0.0,0.0,1.8019,-1.2645,-59.45376,1e-05,-0.98148
8601.53,BTC-27DEC19,1570705145798,open,0.86,22.0,0.829,0.9285,0.87588281,88.9,1.0275,0.0,BTC-27DEC19-16000-P,8531.88,0.0,0.42,0.2,0.0,0.0,0.0,6.75475,-3.85553,-32.66893,5e-05,-0.90424
8697.05,BTC-27MAR20,1570705145798,open,2.65,0.0,2.611,2.788,2.6943003,102.02,None,0.0,BTC-27MAR20-32000-P,8531.88,0.0,0.01,2.0,0.0,0.0,0.0,7.31639,-2.20986,-146.12151,2e-05,-0.93705
8697.05,BTC-27MAR20,1570705145799,open,0.02,54.3,0.003,0.0365,0.01474792,101.84,0.0115,0.0,BTC-27MAR20-32000-C,8531.88,100.94,0.014,6.0,0.016,10.0,103.3,7.27453,-2.19353,1.9211,2e-05,0.06249
8697.05,BTC-27MAR20,1570705145798,open,1.53,6.0,1.4915,1.637,1.56036647,93.09,1.54,0.0,BTC-27MAR20-22000-P,8531.88,0.0,1.508,1.0,1.587,1.0,109.37,12.19508,-3.36108,-97.98625,4e-05,-0.87475
8601.53,BTC-27DEC19,1570705145799,open,3.14,1.3,3.1035,3.276,3.18649961,115.62,2.2,0.0,BTC-27DEC19-36000-P,8531.88,0.0,0.011,5.0,0.0,0.0,0.0,0.86138,-0.63945,-76.68589,0.0,-0.9921
8601.53,BTC-27DEC19,1570705145799,open,0.0,342.0,0.0005,0.0105,0.00022064,116.03,0.0005,0.0,BTC-27DEC19-48000-C,8531.88,0.0,0.0,0.0,0.001,10.0,132.18,0.21043,-0.15676,0.02607,0.0,0.00164
8697.05,BTC-27MAR20,1570705145799,open,1.98,0.0,1.938,2.0945,2.01135696,96.78,None,0.0,BTC-27MAR20-26000-P,8531.88,0.0,0.002,0.1,0.0,0.0,0.0,9.68866,-2.77622,-117.51051,3e-05,-0.90896
8601.53,BTC-27DEC19,1570705145799,open,4.52,0.0,4.471,4.6965,4.58072057,119.45,None,0.0,BTC-27DEC19-48000-P,8531.88,0.0,0.001,0.1,0.0,0.0,0.0,0.28088,-0.21542,-102.37632,0.0,-0.99774
8697.05,BTC-27MAR20,1570705145799,open,1.76,0.0,1.7145,1.865,1.78525166,94.99,None,0.0,BTC-27MAR20-24000-P,8531.88,0.0,0.002,0.1,0.0,0.0,0.0,10.83156,-3.04616,-107.80983,3e-05,-0.89399
8601.53,BTC-27DEC19,1570705145799,open,0.39,73.3,0.3595,0.41,0.38456963,90.49,0.491,0.0,BTC-27DEC19-5500-C,8531.88,70.31,0.3705,13.0,0.404,13.0,111.98,6.99656,-4.0649,9.45061,5e-05,0.89953
8697.05,BTC-27MAR20,1570705145799,open,0.02,687.8,0.009,0.0415,0.02301985,94.26,0.023,0.0,BTC-27MAR20-4000-P,8531.88,92.43,0.0215,172.8,0.0235,25.0,94.83,7.2997,-2.03725,-3.452,2e-05,-0.06277
8601.53,BTC-27DEC19,1570705145799,open,1.99,0.0,1.964,2.095,2.02623976,106.39,None,0.0,BTC-27DEC19-26000-P,8531.88,0.0,0.006,10.0,0.0,0.0,0.0,2.12309,-1.45027,-55.1253,1e-05,-0.97753
8601.53,BTC-27DEC19,1570705145799,open,0.0,555.7,0.0005,0.0105,0.00064923,115.56,0.001,0.0,BTC-27DEC19-40000-C,8531.88,112.85,0.0005,53.0,0.0015,10.0,125.51,0.52244,-0.38763,0.07057,0.0,0.00449
8601.53,BTC-27DEC19,1570705145799,open,0.44,66.8,0.414,0.458,0.43550582,94.47,0.4155,0.0,BTC-27DEC19-5000-C,8531.88,68.73,0.423,13.0,0.452,13.0,116.99,5.44884,-3.30512,9.03906,4e-05,0.92804
8601.53,BTC-27DEC19,1570705145799,open,0.01,748.0,0.001,0.027,0.01083061,93.28,0.01,0.0,BTC-27DEC19-18000-C,8531.88,92.73,0.0105,1.0,0.0115,24.0,94.38,5.15861,-3.08958,1.03121,4e-05,0.06702
8601.53,BTC-27DEC19,1570705145799,open,2.45,0.2,2.4195,2.5665,2.48979364,109.62,2.03,0.0,BTC-27DEC19-30000-P,8531.88,0.0,0.009,5.0,0.0,0.0,0.0,1.36652,-0.96179,-63.79872,1e-05,-0.98659
8601.53,BTC-27DEC19,1570705145799,open,0.71,0.0,0.7005,0.72,0.71036001,115.96,None,0.0,BTC-27DEC19-2500-C,8531.88,0.0,0.021,4.1,0.0,0.0,0.0,0.57602,-0.42884,5.22346,0.0,0.99499
8601.53,BTC-27DEC19,1570705145799,open,0.0,442.3,0.0005,0.0105,0.00036414,115.56,0.0005,0.0,BTC-27DEC19-44000-C,8531.88,0.0,0.0,0.0,0.001,7.9,126.61,0.32257,-0.23934,0.04154,0.0,0.00263
8545.27,SYN.BTC-25OCT19,1570705145797,open,0.2,9.9,0.1665,0.2105,0.18840598,79.89,0.201,0.0,BTC-25OCT19-7000-C,8531.88,0.0,0.1805,18.0,0.207,8.0,121.91,2.88943,-7.75836,2.4997,0.00012,0.90616
8601.53,BTC-27DEC19,1570705145799,open,0.55,31.1,0.528,0.5595,0.54272463,104.57,0.6265,0.0,BTC-27DEC19-4000-C,8531.88,0.0,0.019,4.2,0.566,0.2,150.27,2.9885,-2.00636,7.77032,2e-05,0.96613
8696.96,BTC-27MAR20,1570705145800,open,0.02,101.3,0.0055,0.048,0.02172343,96.68,0.0205,0.0,BTC-27MAR20-26000-C,8531.88,96.02,0.021,6.0,0.0235,18.0,98.24,9.66122,-2.76544,2.77515,3e-05,0.09069
8601.53,BTC-27DEC19,1570705145800,open,0.75,210.2,0.7175,0.816,0.76409786,87.38,0.905,0.0,BTC-27DEC19-15000-P,8531.88,0.0,0.7275,4.0,0.782,4.0,104.06,7.93741,-4.45283,-30.17667,6e-05,-0.88022
8601.53,BTC-27DEC19,1570705145800,open,0.02,371.2,0.004,0.035,0.01564374,88.77,0.017,0.0,BTC-27DEC19-16000-C,8531.88,87.28,0.0145,34.0,0.017,49.0,90.46,6.73195,-3.83673,1.46223,5e-05,0.09532
8696.96,BTC-27MAR20,1570705145800,open,2.43,0.0,2.3865,2.556,2.46604552,100.19,None,0.0,BTC-27MAR20-30000-P,8531.88,0.0,0.005,4.0,0.0,0.0,0.0,7.93908,-2.35511,-136.65351,2e-05,-0.93004
8576.58,SYN.BTC-29NOV19,1570705145797,open,0.3,0.0,0.276,0.3575,0.31627626,77.0,None,0.0,BTC-29NOV19-11000-P,8531.88,0.0,0.0005,11.0,0.0,0.0,0.0,9.67501,-7.46787,-12.70642,0.00013,-0.76793
8576.58,SYN.BTC-29NOV19,1570705145797,open,0.41,0.0,0.3815,0.4625,0.42067787,79.25,None,0.0,BTC-29NOV19-12000-P,8531.88,0.0,0.0005,12.0,0.0,0.0,0.0,7.67118,-6.09456,-14.79039,0.0001,-0.84135
8601.53,BTC-27DEC19,1570705145800,open,0.0,336.6,0.0005,0.0115,0.00182635,112.77,0.0015,0.0,BTC-27DEC19-32000-C,8531.88,110.32,0.0015,24.0,0.0025,10.0,116.97,1.22778,-0.88893,0.18401,1e-05,0.01185
8601.53,BTC-27DEC19,1570705145800,open,0.77,0.0,0.758,0.7775,0.76772655,115.84,None,0.0,BTC-27DEC19-2000-C,8531.88,0.0,0.019,3.2,0.0,0.0,0.0,0.17932,-0.13337,4.23742,0.0,0.99862
8532.75,SYN.BTC-11OCT19,1570705145796,open,0.0,60.4,0.0005,0.0105,5e-08,116.01,0.0005,0.0,BTC-11OCT19-11000-C,8531.88,0.0,0.0,0.0,0.001,17.0,251.37,9e-05,-0.00044,0.0,0.0,0.0
8696.96,BTC-27MAR20,1570705145800,open,0.68,58.9,0.6295,0.7625,0.69548619,86.36,0.7315,0.0,BTC-27MAR20-14000-P,8531.88,63.97,0.6475,2.0,0.7095,2.0,92.16,20.65002,-5.27985,-56.04559,7e-05,-0.69735
8532.75,SYN.BTC-11OCT19,1570705145796,open,0.27,0.0,0.264,0.3155,0.28920349,178.66,None,0.0,BTC-11OCT19-11000-P,8531.88,0.0,0.001,0.1,0.0,0.0,0.0,0.02803,-2.50357,-0.26348,1e-05,-0.99787
8545.27,SYN.BTC-25OCT19,1570705145796,open,0.1,428.2,0.0645,0.117,0.09154465,68.98,0.098,0.0,BTC-25OCT19-8000-C,8531.88,65.29,0.089,9.0,0.093,6.0,71.07,5.93842,-13.76808,2.14161,0.00029,0.70648
8696.96,BTC-27MAR20,1570705145800,open,0.02,107.7,0.004,0.04,0.01660183,100.23,0.0165,0.0,BTC-27MAR20-30000-C,8531.88,99.57,0.016,6.0,0.018,10.0,101.73,7.94944,-2.35915,2.1517,2e-05,0.07008
8601.53,BTC-27DEC19,1570705145800,open,0.01,443.4,0.0005,0.0145,0.00493956,110.29,0.004,0.0,BTC-27DEC19-3500-P,8531.88,106.13,0.004,24.0,0.005,1.0,110.54,2.06145,-1.45971,-0.48893,1e-05,-0.0217
8696.96,BTC-27MAR20,1570705145800,open,2.2,0.0,2.162,2.325,2.2383346,98.46,None,0.0,BTC-27MAR20-28000-P,8531.88,0.0,0.005,4.0,0.0,0.0,0.0,8.72093,-2.5422,-127.12223,3e-05,-0.92088
8601.53,BTC-27DEC19,1570705145800,open,0.26,52.8,0.214,0.2835,0.25011147,83.02,0.243,0.0,BTC-27DEC19-7000-C,8531.88,66.87,0.228,12.0,0.2795,13.0,103.34,12.15177,-6.47741,9.48595,9e-05,0.767
8545.27,SYN.BTC-25OCT19,1570705145797,open,0.28,27.9,0.263,0.322,0.29093121,76.21,0.35,0.0,BTC-25OCT19-11000-P,8531.88,0.0,0.2685,5.0,0.3055,5.0,114.6,2.02446,-5.18576,-4.29086,9e-05,-0.94114
8696.96,BTC-27MAR20,1570705145801,open,2.88,0.0,2.836,3.0205,2.92278911,103.57,None,0.0,BTC-27MAR20-34000-P,8531.88,0.0,0.0055,0.1,0.0,0.0,0.0,6.7403,-2.06682,-155.56577,2e-05,-0.9433
8532.75,SYN.BTC-11OCT19,1570705145797,open,0.0,85.5,0.0005,0.0105,0.0,116.04,0.0005,0.0,BTC-11OCT19-6000-P,8531.88,0.0,0.0,0.0,0.0005,21.0,315.2,0.0,0.0,0.0,0.0,0.0
8601.53,BTC-27DEC19,1570705145801,open,0.43,74.2,0.394,0.492,0.44239958,82.77,0.496,0.0,BTC-27DEC19-12000-P,8531.88,49.1,0.4035,6.0,0.468,6.0,99.26,12.58103,-6.68609,-21.91339,0.0001,-0.75166
8539.01,SYN.BTC-18OCT19,1570705145799,open,0.25,0.5,0.2235,0.2585,0.24027512,98.98,0.18,0.0,BTC-18OCT19-6500-C,8531.88,0.0,0.2285,6.0,0.254,6.0,170.43,0.74864,-4.70456,1.35255,5e-05,0.97437
8601.53,BTC-27DEC19,1570705145801,open,0.53,99.0,0.4985,0.5965,0.54603418,84.0,0.638,0.0,BTC-27DEC19-13000-P,8531.88,0.0,0.508,5.0,0.569,5.0,100.63,10.85224,-5.85294,-24.84871,8e-05,-0.80797
8545.27,SYN.BTC-25OCT19,1570705145797,open,0.25,0.0,0.225,0.263,0.24332245,87.27,None,0.0,BTC-25OCT19-6500-C,8531.88,0.0,0.2325,8.0,0.2585,8.0,134.07,1.79079,-5.25296,2.45969,7e-05,0.94959
8532.75,SYN.BTC-11OCT19,1570705145797,open,0.36,0.0,0.3425,0.368,0.35539828,0.0,None,0.0,BTC-11OCT19-5500-C,8531.88,0.0,0.0105,1.0,0.0,0.0,0.0,0.0,0.0,0.13195,0.0,1.0
8532.75,SYN.BTC-11OCT19,1570705145796,open,0.16,5.1,0.133,0.167,0.15032964,0.0,0.11,0.0,BTC-11OCT19-7250-C,8531.88,0.0,0.143,6.0,0.1635,6.0,338.81,0.0,0.0,0.17394,0.0,1.0
8576.58,SYN.BTC-29NOV19,1570705145797,open,0.02,175.6,0.0065,0.042,0.02143618,79.16,0.022,0.0,BTC-29NOV19-12000-C,8531.88,77.53,0.02,34.3,0.023,29.3,80.88,7.65965,-6.07834,1.6038,0.0001,0.15828
8545.27,SYN.BTC-25OCT19,1570705145796,open,0.0,660.3,0.0005,0.0105,0.00034383,115.37,0.001,0.0,BTC-25OCT19-16000-C,8531.88,0.0,0.0,0.0,0.001,60.0,130.0,0.24906,-0.96583,0.01619,1e-05,0.00499
8696.96,BTC-27MAR20,1570705145802,open,3.11,0.0,3.061,3.2535,3.15149801,105.05,None,0.0,BTC-27MAR20-36000-P,8531.88,0.0,0.0055,0.1,0.0,0.0,0.0,6.24292,-1.94165,-164.97925,2e-05,-0.94854
8601.53,BTC-27DEC19,1570705145802,open,0.0,741.6,0.0005,0.0115,0.00198121,109.23,0.0015,0.0,BTC-27DEC19-30000-C,8531.88,105.83,0.0015,53.0,0.0025,2.5,112.3,1.33762,-0.93813,0.2038,1e-05,0.01309
8532.75,SYN.BTC-11OCT19,1570705145801,open,0.0,130.1,0.0005,0.0105,0.0,116.04,0.0005,0.0,BTC-11OCT19-5500-P,8531.88,0.0,0.0,0.0,0.0005,4.4,384.28,0.0,0.0,0.0,0.0,0.0
8545.27,SYN.BTC-25OCT19,1570705145797,open,0.0,923.8,0.0005,0.0105,0.00015672,116.02,0.0005,0.0,BTC-25OCT19-17000-C,8531.88,0.0,0.0,0.0,0.001,10.8,140.49,0.12927,-0.50412,0.00783,0.0,0.0024
8539.01,SYN.BTC-18OCT19,1570705145796,open,0.0,159.4,0.0005,0.0115,0.00152051,99.36,0.002,0.0,BTC-18OCT19-6500-P,8531.88,92.74,0.001,44.0,0.002,11.4,104.32,0.75871,-4.78599,-0.05079,5e-05,-0.02605
8532.75,SYN.BTC-11OCT19,1570705145796,open,0.16,1.4,0.149,0.1975,0.17205066,124.5,0.243,0.0,BTC-11OCT19-10000-P,8531.88,0.0,0.1545,4.0,0.184,4.0,305.94,0.0611,-3.80367,-0.2389,3e-05,-0.99494
8576.58,SYN.BTC-29NOV19,1570705145797,open,0.02,1018.3,0.0035,0.031,0.01393073,81.28,0.0145,0.0,BTC-29NOV19-13000-C,8531.88,79.91,0.013,40.0,0.0145,0.8,82.1,5.90685,-4.81318,1.10948,7e-05,0.1086
8545.27,SYN.BTC-25OCT19,1570705145797,open,0.0,450.3,0.0005,0.0105,0.00097018,105.89,0.001,0.0,BTC-25OCT19-14000-C,8531.88,97.72,0.0005,71.8,0.0015,45.9,112.26,0.60863,-2.16623,0.04474,2e-05,0.01382
8539.01,SYN.BTC-18OCT19,1570705145800,open,0.14,7.7,0.1055,0.15,0.12788635,75.55,0.103,0.0,BTC-18OCT19-7500-C,8531.88,0.0,0.12,6.0,0.147,6.0,127.49,2.36413,-11.33915,1.40351,0.0002,0.88964
8545.27,SYN.BTC-25OCT19,1570705145797,open,0.0,116.3,0.0005,0.014,0.00401202,87.44,0.004,0.0,BTC-25OCT19-6500-P,8531.88,87.38,0.004,0.7,0.0045,10.0,89.69,1.79906,-5.28736,-0.19055,7e-05,-0.0507
8532.75,SYN.BTC-11OCT19,1570705145796,open,0.3,0.1,0.2825,0.3105,0.29679813,0.0,0.26,0.0,BTC-11OCT19-6000-C,8531.88,0.0,0.2875,7.0,0.3075,7.0,500.0,0.0,0.0,0.14395,0.0,1.0
8532.75,SYN.BTC-11OCT19,1570705145796,open,0.22,0.0,0.2065,0.257,0.23060528,148.88,None,0.0,BTC-11OCT19-10500-P,8531.88,0.0,0.001,0.1,0.0,0.0,0.0,0.0323,-2.40458,-0.25141,1e-05,-0.99751
8545.27,SYN.BTC-25OCT19,1570705145797,open,0.31,16.3,0.284,0.318,0.30020673,97.37,0.27,0.0,BTC-25OCT19-6000-C,8531.88,0.0,0.29,9.0,0.3135,9.0,151.63,1.13798,-3.72445,2.33649,4e-05,0.9711
8532.75,SYN.BTC-11OCT19,1570705145796,open,0.0,255.6,0.0005,0.0105,3.22e-06,116.05,0.0005,0.0,BTC-11OCT19-7000-P,8531.88,0.0,0.0,0.0,0.0005,21.2,189.75,0.0035,-0.02745,-5e-05,0.0,-0.00022
8539.01,SYN.BTC-18OCT19,1570705145800,open,0.16,0.0,0.149,0.202,0.17430864,71.08,None,0.0,BTC-18OCT19-10000-P,8531.88,0.0,0.0005,0.1,0.0,0.0,0.0,1.72232,-7.7719,-2.03085,0.00015,-0.92793
8539.01,SYN.BTC-18OCT19,1570705145799,open,0.05,230.2,0.017,0.063,0.03920794,63.1,0.038,0.0,BTC-18OCT19-8500-C,8531.88,60.17,0.0375,1.6,0.041,18.0,66.17,4.9811,-19.95355,0.91928,0.0005,0.53814
8532.75,SYN.BTC-11OCT19,1570705145799,open,0.0,76.3,0.0005,0.0105,2e-06,116.01,0.0005,0.0,BTC-11OCT19-10500-C,8531.88,0.0,0.0,0.0,0.0005,10.0,191.96,0.00236,-0.01706,3e-05,0.0,0.00015
8532.75,SYN.BTC-11OCT19,1570705145797,open,0.33,0.0,0.3215,0.375,0.34780359,207.3,None,0.0,BTC-11OCT19-11500-P,8531.88,0.0,0.0025,0.1,0.0,0.0,0.0,0.02573,-2.66731,-0.27552,1e-05,-0.99806
8545.27,SYN.BTC-25OCT19,1570705145796,open,0.97,0.0,0.9505,1.0315,0.98965252,121.09,None,0.0,BTC-25OCT19-17000-P,8531.88,0.0,0.0005,0.1,0.0,0.0,0.0,0.18388,-0.74838,-6.91689,1e-05,-0.99644
8532.75,SYN.BTC-11OCT19,1570705145797,open,0.0,403.5,0.0005,0.0135,0.00193862,83.97,0.002,0.0,BTC-11OCT19-9000-C,8531.88,84.68,0.002,15.0,0.0025,30.5,90.09,0.73908,-16.54175,0.02029,0.0005,0.10105
8532.75,SYN.BTC-11OCT19,1570705145798,open,0.0,253.4,0.0005,0.0105,0.00090493,113.66,0.001,0.0,BTC-11OCT19-7750-P,8531.88,102.28,0.0005,0.5,0.0015,50.0,125.93,0.3567,-7.72151,-0.00828,0.00018,-0.03953
8539.01,SYN.BTC-18OCT19,1570705145798,open,0.19,15.0,0.164,0.2035,0.18332705,87.7,0.145,0.0,BTC-18OCT19-7000-C,8531.88,0.0,0.172,6.0,0.1985,6.0,145.32,1.3754,-7.65758,1.4052,0.0001,0.94599
8532.75,SYN.BTC-11OCT19,1570705145797,open,0.0,186.4,0.0005,0.0175,0.00335651,73.75,0.004,0.0,BTC-11OCT19-8250-P,8531.88,70.83,0.003,0.4,0.0035,0.1,74.89,1.06082,-28.64028,-0.03565,0.00082,-0.1708
8532.75,SYN.BTC-11OCT19,1570705145796,open,0.07,200.6,0.0435,0.0855,0.06393882,92.12,0.0705,0.0,BTC-11OCT19-8000-C,8531.88,74.89,0.063,0.6,0.0655,6.1,111.25,0.58154,-26.7849,0.17661,0.00036,0.92667
8545.27,SYN.BTC-25OCT19,1570705145797,open,0.51,32.0,0.492,0.557,0.52261136,96.18,0.6245,0.0,BTC-25OCT19-13000-P,8531.88,0.0,0.4995,4.0,0.5385,4.0,158.02,0.81829,-2.64545,-5.23474,3e-05,-0.98048
8532.75,SYN.BTC-11OCT19,1570705145798,open,0.0,329.0,0.0005,0.0105,4.754e-05,115.9,0.0005,0.0,BTC-11OCT19-10000-C,8531.88,0.0,0.0,0.0,0.0005,11.0,153.0,0.0363,-0.40562,0.00057,2e-05,0.00283
8576.58,SYN.BTC-29NOV19,1570705145800,open,0.63,0.0,0.6035,0.6855,0.64237898,84.75,None,0.0,BTC-29NOV19-14000-P,8531.88,0.0,0.0005,0.1,0.0,0.0,0.0,4.69678,-3.99031,-18.31468,6e-05,-0.92037
8539.01,SYN.BTC-18OCT19,1570705145797,open,0.0,117.9,0.0005,0.013,0.00316188,70.82,0.0035,0.0,BTC-18OCT19-10000-C,8531.88,67.31,0.0025,62.0,0.0035,1.7,72.47,1.70814,-7.68022,0.12555,0.00015,0.0713
8576.58,SYN.BTC-29NOV19,1570705145799,open,0.74,0.0,0.7165,0.801,0.75645625,88.14,None,0.0,BTC-29NOV19-15000-P,8531.88,0.0,0.0005,0.1,0.0,0.0,0.0,3.78794,-3.34698,-19.87898,4e-05,-0.93977
