underlying_price,underlying_index,timestamp,state,settlement_price,open_interest,min_price,max_price,mark_price,mark_iv,last_price,interest_rate,instrument_name,index_price,bid_iv,best_bid_price,best_bid_amount,best_ask_price,best_ask_amount,ask_iv,vega,theta,rho,gamma,delta
10432.55,SYN.BTC-27MAR20,1566730740044,open,0.05,20.1,0.0265,0.0795,0.05145901,84.09,0.0555,0.0,BTC-27MAR20-6000-P,10148.45,80.12,0.0455,6.0,0.049,0.1,82.47,15.91849,-3.11472,-10.46924,3e-05,-0.119
10170.6,SYN.BTC-6SEP19,1566730740044,open,0.26,0.0,0.248,0.2835,0.26497176,96.35,None,0.0,BTC-6SEP19-7500-C,10148.45,0.0,0.0,0.0,0.0,0.0,0.0,1.34781,-5.46751,2.32337,4e-05,0.96708
10432.55,SYN.BTC-27MAR20,1566730740045,open,2.11,0.0,2.019,2.1905,2.09988505,94.91,None,0.0,BTC-27MAR20-32000-P,10148.45,0.0,0.0,0.0,0.0,0.0,0.0,16.01266,-3.53644,-183.01385,3e-05,-0.88
10432.55,SYN.BTC-27MAR20,1566730740044,open,1.73,0.0,1.649,1.812,1.7263358,92.97,None,0.0,BTC-27MAR20-28000-P,10148.45,0.0,0.0,0.0,0.0,0.0,0.0,18.83695,-4.07487,-158.10039,3e-05,-0.8479
10432.55,SYN.BTC-27MAR20,1566730740044,open,1.18,0.0,1.1035,1.259,1.17895274,90.59,None,0.0,BTC-27MAR20-22000-P,10148.45,0.0,0.0,0.0,0.0,0.0,0.0,24.53636,-5.172,-119.45618,4e-05,-0.76607
10170.6,SYN.BTC-6SEP19,1566730740044,open,0.02,40.6,0.004,0.039,0.01881707,83.72,0.018,0.0,BTC-6SEP19-11500-C,10148.45,81.29,0.0175,6.9,0.02,1.0,85.86,5.57422,-19.6485,0.69972,0.0002,0.23027
10170.6,SYN.BTC-6SEP19,1566730740044,open,0.24,0.0,0.207,0.2685,0.23631687,85.84,None,0.0,BTC-6SEP19-12500-P,10148.45,0.0,0.0,0.0,0.0,0.0,0.0,3.33203,-12.04235,-3.74422,0.00012,-0.89517
10170.6,SYN.BTC-6SEP19,1566730740045,open,0.07,2.2,0.0385,0.0955,0.06794757,83.02,0.0635,0.0,BTC-6SEP19-10000-C,10148.45,78.85,0.065,6.4,0.0695,1.0,85.21,7.19081,-25.13411,1.67624,0.00026,0.5745
10432.55,SYN.BTC-27MAR20,1566730740044,open,0.04,13.7,0.012,0.0715,0.03667804,93.76,0.0375,0.0,BTC-27MAR20-30000-C,10148.45,91.48,0.033,6.0,0.0405,8.0,96.02,17.27402,-3.76876,5.96548,3e-05,0.13381
10170.6,SYN.BTC-6SEP19,1566730740045,open,0.01,8.1,0.0005,0.024,0.00943581,88.24,0.0095,0.0,BTC-6SEP19-8500-P,10148.45,86.97,0.009,4.2,0.0095,30.0,88.42,3.53271,-13.12416,-0.40755,0.00012,-0.11372
10432.55,SYN.BTC-27MAR20,1566730740044,open,0.48,0.0,0.4445,0.507,0.47633204,84.09,None,0.0,BTC-27MAR20-6000-C,10148.45,0.0,0.283,1.0,0.0,0.0,0.0,15.91819,-3.11456,24.85323,3e-05,0.881
10170.6,SYN.BTC-6SEP19,1566730740045,open,0.33,0.0,0.302,0.362,0.3301524,88.51,None,0.0,BTC-6SEP19-13500-P,10148.45,0.0,0.0,0.0,0.0,0.0,0.0,1.74321,-6.49616,-4.25227,6e-05,-0.95486
10170.6,SYN.BTC-6SEP19,1566730740045,open,0.05,20.4,0.024,0.0795,0.05117465,83.02,0.052,0.0,BTC-6SEP19-10000-P,10148.45,80.65,0.0495,0.1,0.0535,18.0,86.31,7.19081,-25.13463,-1.57738,0.00026,-0.4255
10170.6,SYN.BTC-6SEP19,1566730740045,open,0.0,15.5,0.0005,0.0125,0.00279606,88.5,0.003,0.0,BTC-6SEP19-13500-C,10148.45,83.4,0.002,25.2,0.0035,3.0,92.35,1.7427,-6.49364,0.14006,6e-05,0.04512
10170.6,SYN.BTC-6SEP19,1566730740044,open,0.31,0.0,0.298,0.3285,0.3126723,98.3,None,0.0,BTC-6SEP19-7000-C,10148.45,0.0,0.0,0.0,0.0,0.0,0.0,0.65708,-2.71946,2.22793,2e-05,0.98594
10432.55,SYN.BTC-27MAR20,1566730740045,open,0.67,0.0,0.59,0.736,0.66357488,88.16,None,0.0,BTC-27MAR20-16000-P,10148.45,0.0,0.0005,5.0,0.0,0.0,0.0,30.58255,-6.27367,-78.56458,5e-05,-0.61564
10170.6,SYN.BTC-6SEP19,1566730740045,open,0.11,0.0,0.079,0.144,0.11165351,83.72,None,0.0,BTC-6SEP19-11000-P,10148.45,78.85,0.1085,8.0,0.114,18.0,87.3,6.63301,-23.38122,-2.59099,0.00024,-0.67133
10432.55,SYN.BTC-27MAR20,1566730740044,open,0.36,12.3,0.291,0.4195,0.35688358,85.28,0.3285,0.0,BTC-27MAR20-12000-P,10148.45,82.69,0.349,3.6,0.369,12.0,89.27,31.72959,-6.29613,-49.85876,6e-05,-0.45493
10432.55,SYN.BTC-27MAR20,1566730740045,open,0.1,3.0,0.056,0.153,0.10347646,88.66,0.105,0.0,BTC-27MAR20-18000-C,10148.45,86.29,0.097,4.9,0.111,8.0,91.37,28.70493,-5.92182,13.42976,5e-05,0.32214
10432.55,SYN.BTC-27MAR20,1566730740044,open,0.06,14.9,0.0245,0.101,0.0587997,91.45,0.061,0.0,BTC-27MAR20-24000-C,10148.45,89.67,0.055,4.9,0.0635,8.0,93.6,22.5063,-4.78934,8.76033,4e-05,0.20144
191.18,SYN.ETH-6SEP19,1566730740357,open,0.06,1.0,0.025,0.088,0.055941,82.27,0.052,0.0,ETH-6SEP19-190-P,190.96,78.16,0.053,120.0,0.062,120.0,90.75,0.13665,-0.47335,-0.03171,0.01397,-0.4539
191.18,SYN.ETH-6SEP19,1566730740689,open,0.02,7.0,0.006,0.048,0.025104,82.72,0.018,0.0,ETH-6SEP19-210-C,190.96,77.63,0.022,160.0,0.026,2.0,84.17,0.11795,-0.41081,0.01645,0.01199,0.28953
196.86,SYN.ETH-27MAR20,1566730740725,open,0.05,36.0,0.02,0.088,0.050916,96.49,0.059,0.0,ETH-27MAR20-520-C,190.96,92.85,0.044,32.0,0.058,110.0,99.99,0.38669,-0.08682,0.14162,0.00176,0.17312
196.86,SYN.ETH-27MAR20,1566730740974,open,1.91,0.0,1.782,2.005,1.890043,98.1,None,0.0,ETH-27MAR20-560-P,190.96,0.0,0.0,0.0,0.0,0.0,0.0,0.36091,-0.08239,-3.16894,0.00161,-0.84436
10432.61,SYN.BTC-27MAR20,1566730741063,open,0.03,1.6,0.008,0.059,0.02818319,95.33,0.028,0.0,BTC-27MAR20-34000-C,10148.45,92.61,0.0245,6.0,0.032,5.0,97.97,14.63068,-3.24556,4.7641,2e-05,0.10575
196.86,SYN.ETH-27MAR20,1566730741072,open,0.04,133.0,0.014,0.074,0.040193,99.26,0.046,0.0,ETH-27MAR20-600-C,190.96,96.73,0.036,2.0,0.044,110.0,101.44,0.33537,-0.07746,0.11508,0.00148,0.1395
10170.64,SYN.BTC-6SEP19,1566730741108,open,0.13,0.0,0.1055,0.158,0.13223197,84.49,None,0.0,BTC-6SEP19-9000-C,10148.45,0.0,0.0,0.0,0.0,0.0,0.0,4.97546,-17.69902,2.24342,0.00017,0.81018
10321.26,BTC-27DEC19,1566730741113,open,0.14,197.3,0.0895,0.179,0.13551809,83.23,0.155,0.0,BTC-27DEC19-12000-C,10148.45,81.71,0.132,3.6,0.139,14.6,84.73,23.93173,-8.03957,11.8126,8e-05,0.47274
10209.87,BTC-27SEP19,1566730741113,open,0.04,705.6,0.0195,0.0705,0.04372666,84.76,0.042,0.0,BTC-27SEP19-12000-C,10148.45,83.59,0.0425,19.3,0.045,5.2,85.97,10.74509,-13.85171,2.40976,0.00014,0.30577
10321.26,BTC-27DEC19,1566730741113,open,0.01,298.3,0.0005,0.025,0.00937227,94.93,0.013,0.0,BTC-27DEC19-30000-C,10148.45,92.51,0.008,6.0,0.011,22.7,97.54,6.12073,-2.3453,1.39465,2e-05,0.04919
10209.87,BTC-27SEP19,1566730741113,open,0.0,428.2,0.0005,0.0105,0.00044577,120.0,0.0005,0.0,BTC-27SEP19-28000-C,10148.45,0.0,0.0,0.0,0.001,8.0,130.38,0.39379,-0.71869,0.03619,0.0,0.00438
10321.26,BTC-27DEC19,1566730741113,open,0.03,207.0,0.0145,0.0555,0.03293672,81.98,0.0375,0.0,BTC-27DEC19-6500-P,10148.45,79.78,0.0305,16.6,0.034,11.0,82.92,11.57765,-3.83081,-5.13685,4e-05,-0.11371
10321.26,BTC-27DEC19,1566730741113,open,0.37,51.5,0.3355,0.3975,0.3672092,81.97,0.3635,0.0,BTC-27DEC19-7000-C,10148.45,80.31,0.365,3.4,0.3705,13.4,84.41,13.79531,-4.56448,17.03667,5e-05,0.85357
10209.87,BTC-27SEP19,1566730741113,open,0.46,221.9,0.451,0.4775,0.46353637,105.66,0.4675,0.0,BTC-27SEP19-5500-C,10148.45,0.0,0.461,3.0,0.473,10.0,147.25,1.32161,-2.12385,4.7728,1e-05,0.98254
10209.87,BTC-27SEP19,1566730741115,open,0.0,761.0,0.0005,0.0105,0.00012912,120.0,0.0005,0.0,BTC-27SEP19-32000-C,10148.45,0.0,0.0,0.0,0.001,12.0,144.69,0.1391,-0.25387,0.01156,0.0,0.00139
10209.87,BTC-27SEP19,1566730741115,open,0.0,1073.7,0.0005,0.0105,0.00054531,119.54,0.0005,0.0,BTC-27SEP19-4250-P,10148.45,0.0,0.0,0.0,0.001,39.6,128.98,0.39253,-0.71361,-0.04516,0.0,-0.00437
10157.56,SYN.BTC-30AUG19,1566730741115,open,0.01,189.6,0.002,0.036,0.01552731,89.27,0.0175,0.0,BTC-30AUG19-9500-P,10148.45,87.81,0.015,0.9,0.0175,0.1,94.68,3.66521,-33.55482,-0.34928,0.0003,-0.24189
10157.56,SYN.BTC-30AUG19,1566730741115,open,0.0,444.1,0.0005,0.0105,2.42e-05,120.0,0.0005,0.0,BTC-30AUG19-16000-C,10148.45,0.0,0.0,0.0,0.0005,17.0,158.95,0.02739,-0.24581,0.00088,0.0,0.00067
10157.56,SYN.BTC-30AUG19,1566730741115,open,0.38,13.0,0.3515,0.409,0.37873191,116.37,0.2895,0.0,BTC-30AUG19-14000-P,10148.45,0.0,0.0,0.0,0.0,0.0,0.0,0.3189,-3.80582,-1.85687,2e-05,-0.98978
10157.56,SYN.BTC-30AUG19,1566730741115,open,0.28,17.1,0.255,0.3115,0.28116209,108.71,0.2385,0.0,BTC-30AUG19-13000-P,10148.45,0.0,0.0,0.0,0.0,0.0,0.0,0.7689,-8.57161,-1.69947,5e-05,-0.97135
10209.87,BTC-27SEP19,1566730741117,open,0.0,287.2,0.0005,0.0105,0.00075997,110.02,0.0005,0.0,BTC-27SEP19-24000-C,10148.45,0.0,0.0,0.0,0.0015,46.4,118.99,0.64856,-1.08523,0.06371,1e-05,0.00769
10209.87,BTC-27SEP19,1566730741126,open,2.14,0.0,2.073,2.1985,2.13436041,120.66,None,0.0,BTC-27SEP19-32000-P,10148.45,0.0,0.0,0.0,0.0,0.0,0.0,0.1469,-0.26956,-28.81027,0.0,-0.99853
10209.87,BTC-27SEP19,1566730741126,open,0.63,0.0,0.623,0.6425,0.6328818,119.93,None,0.0,BTC-27SEP19-3750-C,10148.45,0.0,0.625,11.0,0.6405,11.0,204.79,0.15174,-0.27677,3.36203,0.0,0.99848
10209.87,BTC-27SEP19,1566730741131,open,0.0,1660.1,0.0005,0.0105,0.0,120.0,0.0005,0.0,BTC-27SEP19-1500-P,10148.45,0.0,0.0,0.0,0.0005,109.1,252.61,0.0,-1e-05,0.0,0.0,0.0
10432.61,SYN.BTC-27MAR20,1566730741133,open,0.36,10.0,0.3115,0.4,0.35797246,84.09,0.35,0.0,BTC-27MAR20-8000-C,10148.45,66.56,0.3175,3.0,0.3805,3.0,93.7,24.39102,-4.77241,25.21669,5e-05,0.76856
10321.26,BTC-27DEC19,1566730741136,open,1.92,0.2,1.852,1.988,1.9160054,94.95,2.03,0.0,BTC-27DEC19-30000-P,10148.45,0.0,0.005,1.0,0.0,0.0,0.0,6.1252,-2.34749,-100.41981,2e-05,-0.95077
10321.26,BTC-27DEC19,1566730741138,open,3.66,0.0,3.56,3.754,3.65297526,104.68,None,0.0,BTC-27DEC19-48000-P,10148.45,0.0,0.0,0.0,0.0,0.0,0.0,2.06163,-0.87109,-162.52022,1e-05,-0.98663
10157.56,SYN.BTC-30AUG19,1566730741141,open,0.48,0.0,0.448,0.508,0.47686077,120.42,None,0.0,BTC-30AUG19-15000-P,10148.45,0.0,0.0,0.0,0.0,0.0,0.0,0.11234,-1.38724,-1.99961,1e-05,-0.99685
10209.87,BTC-27SEP19,1566730741146,open,0.0,422.0,0.0005,0.0105,8.747e-05,120.0,0.0005,0.0,BTC-27SEP19-3500-P,10148.45,0.0,0.0,0.0,0.0005,30.0,142.92,0.08488,-0.1549,-0.00824,0.0,-0.00081
10157.56,SYN.BTC-30AUG19,1566730741146,open,0.41,0.0,0.3975,0.421,0.40930691,94.99,None,0.0,BTC-30AUG19-6000-C,10148.45,0.0,0.0,0.0,0.0,0.0,0.0,4e-05,-0.00036,0.80148,0.0,1.0
10209.87,BTC-27SEP19,1566730741148,open,0.77,1.0,0.7295,0.809,0.76701865,98.16,0.575,0.0,BTC-27SEP19-18000-P,10148.45,0.0,0.0045,0.3,1.18,0.3,500.0,2.51837,-3.7595,-15.90256,3e-05,-0.96226
10209.87,BTC-27SEP19,1566730741151,open,0.53,13.5,0.5255,0.5465,0.5357468,113.51,0.382,0.0,BTC-27SEP19-4750-C,10148.45,0.0,0.527,10.0,0.5435,10.0,165.05,0.65928,-1.13813,4.19727,1e-05,0.99217
10209.87,BTC-27SEP19,1566730741151,open,0.0,454.6,0.0005,0.0105,0.00032353,120.0,0.001,0.0,BTC-27SEP19-4000-P,10148.45,0.0,0.0,0.0,0.001,32.0,137.28,0.25504,-0.46546,-0.02782,0.0,-0.0027
10209.87,BTC-27SEP19,1566730741153,open,0.61,227.5,0.599,0.6185,0.60854463,119.95,0.606,0.0,BTC-27SEP19-4000-C,10148.45,0.0,0.6005,11.0,0.616,11.0,192.72,0.25438,-0.46409,3.57508,0.0,0.99731
10321.26,BTC-27DEC19,1566730741176,open,0.08,437.1,0.04,0.1175,0.07779298,85.74,0.0705,0.0,BTC-27DEC19-15000-C,10148.45,84.13,0.0745,4.9,0.0815,15.3,87.54,21.18338,-7.33136,8.09937,7e-05,0.30901
10321.26,BTC-27DEC19,1566730741176,open,0.06,219.6,0.031,0.103,0.06499075,86.34,0.06,0.0,BTC-27DEC19-16000-C,10148.45,84.77,0.062,8.2,0.0685,17.2,88.16,19.79299,-6.89797,7.0979,6e-05,0.26762
10321.26,BTC-27DEC19,1566730741176,open,0.01,149.7,0.0005,0.0205,0.00716368,95.09,0.0105,0.0,BTC-27DEC19-32000-C,10148.45,92.58,0.006,21.0,0.0085,6.7,97.68,5.0477,-1.93742,1.10589,1e-05,0.03873
10209.87,BTC-27SEP19,1566730741176,open,0.09,423.8,0.057,0.1235,0.09021412,84.75,0.092,0.0,BTC-27SEP19-10000-P,10148.45,82.01,0.087,14.4,0.093,15.0,87.13,11.96055,-15.41685,-4.66703,0.00015,-0.41729
10321.26,BTC-27DEC19,1566730741176,open,0.37,110.4,0.3135,0.427,0.37098296,83.82,0.3295,0.0,BTC-27DEC19-13000-P,10148.45,80.51,0.3635,8.0,0.377,5.0,86.47,23.37042,-7.9071,-33.6731,8e-05,-0.59031
10209.87,BTC-27SEP19,1566730741176,open,0.02,896.2,0.008,0.043,0.02320594,89.22,0.024,0.0,BTC-27SEP19-8000-P,10148.45,86.0,0.021,29.0,0.024,13.0,90.36,7.08263,-9.61105,-1.57501,8e-05,-0.14806
10157.56,SYN.BTC-30AUG19,1566730741176,open,0.04,515.7,0.021,0.074,0.04797252,86.89,0.047,0.0,BTC-30AUG19-10000-C,10148.45,81.41,0.0455,5.5,0.0495,1.0,90.27,4.58529,-40.85775,0.724,0.00038,0.58156
10157.56,SYN.BTC-30AUG19,1566730741176,open,0.19,51.2,0.1585,0.2155,0.18520858,97.88,0.1595,0.0,BTC-30AUG19-12000-P,10148.45,0.0,0.1645,7.0,0.2085,7.0,180.22,1.71633,-17.2273,-1.50198,0.00013,-0.92175
196.86,SYN.ETH-27MAR20,1566730741176,open,2.11,0.0,1.976,2.208,2.0882,99.35,None,0.0,ETH-27MAR20-600-P,190.96,0.0,0.0,0.0,0.0,0.0,0.0,0.33598,-0.07767,-3.41687,0.00148,-0.86013
10209.87,BTC-27SEP19,1566730741188,open,1.36,0.2,1.305,1.402,1.35143344,110.13,1.6,0.0,BTC-27SEP19-24000-P,10148.45,0.0,0.0,0.0,0.0,0.0,0.0,0.65283,-1.09345,-21.55272,1e-05,-0.99225
10209.87,BTC-27SEP19,1566730741190,open,0.32,743.2,0.304,0.3455,0.32438228,94.63,0.315,0.0,BTC-27SEP19-7000-C,10148.45,85.5,0.321,6.0,0.3255,6.0,97.32,4.14344,-5.9635,5.56334,5e-05,0.92935
10209.87,BTC-27SEP19,1566730741190,open,0.02,360.0,0.0045,0.0355,0.01692897,87.28,0.0175,0.0,BTC-27SEP19-14000-C,10148.45,85.89,0.016,30.7,0.0175,7.0,88.13,6.86519,-9.11345,1.14433,8e-05,0.14137
10209.87,BTC-27SEP19,1566730741190,open,0.3,45.1,0.262,0.34,0.30041645,85.9,0.286,0.0,BTC-27SEP19-13000-P,10148.45,80.02,0.2955,13.4,0.3095,13.4,95.95,8.81793,-11.51994,-10.03238,0.00011,-0.79053
10321.26,BTC-27DEC19,1566730741190,open,0.44,122.9,0.418,0.466,0.44170801,82.2,0.469,0.0,BTC-27DEC19-6000-C,10148.45,70.34,0.432,10.0,0.4605,10.0,100.72,9.3565,-3.10431,16.57888,3e-05,0.915
10209.87,BTC-27SEP19,1566730741190,open,1.95,0.0,1.881,1.999,1.93858042,120.37,None,0.0,BTC-27SEP19-30000-P,10148.45,0.0,0.0,0.0,0.0,0.0,0.0,0.24053,-0.44033,-27.00011,0.0,-0.99747
10321.26,BTC-27DEC19,1566730741190,open,0.02,255.2,0.0075,0.0515,0.02522206,90.3,0.03,0.0,BTC-27DEC19-22000-C,10148.45,88.8,0.0235,6.0,0.0275,18.0,92.22,12.01967,-4.38111,3.31578,4e-05,0.11988
10157.56,SYN.BTC-30AUG19,1566730741190,open,0.0,141.7,0.0005,0.0105,0.00043238,114.74,0.0005,0.0,BTC-30AUG19-7500-P,10148.45,0.0,0.0,0.0,0.0005,15.0,116.97,0.29362,-3.45494,-0.0132,2e-05,-0.0093
10209.87,BTC-27SEP19,1566730741192,open,0.01,619.5,0.0005,0.0225,0.00999514,94.64,0.0105,0.0,BTC-27SEP19-7000-P,10148.45,89.47,0.008,29.0,0.0105,6.6,95.87,4.14377,-5.96426,-0.74167,5e-05,-0.07066
10209.87,BTC-27SEP19,1566730741192,open,0.8,28.2,0.7945,0.814,0.80411064,0.0,0.755,0.0,BTC-27SEP19-2000-C,10148.45,0.0,0.01,1.0,0.8665,5.0,500.0,0.0,0.0,1.80141,0.0,1.0
10157.56,SYN.BTC-30AUG19,1566730741192,open,0.31,0.0,0.297,0.3255,0.31098409,119.79,None,0.0,BTC-30AUG19-7000-C,10148.45,0.0,0.0,0.0,0.0,0.0,0.0,0.10436,-1.28204,0.93095,1e-05,0.99709
10321.26,BTC-27DEC19,1566730741195,open,0.01,250.4,0.0005,0.022,0.01034288,84.27,0.0125,0.0,BTC-27DEC19-5000-P,10148.45,82.64,0.0095,18.3,0.011,6.0,85.5,5.44871,-1.85341,-1.85313,2e-05,-0.04256
10321.26,BTC-27DEC19,1566730741203,open,2.5,1.3,2.4205,2.573,2.49283207,97.12,2.2,0.0,BTC-27DEC19-36000-P,10148.45,0.0,0.0005,1.0,0.0,0.0,0.0,3.75965,-1.47379,-121.40058,1e-05,-0.9729
10432.61,SYN.BTC-27MAR20,1566730741203,open,0.83,0.0,0.7545,0.904,0.82884681,88.66,None,0.0,BTC-27MAR20-18000-P,10148.45,0.0,0.0005,6.0,0.0,0.0,0.0,28.70582,-5.92224,-92.53574,5e-05,-0.67784
10321.26,BTC-27DEC19,1566730741207,open,0.53,65.4,0.5095,0.5435,0.52590388,84.27,0.608,0.0,BTC-27DEC19-5000-C,10148.45,0.0,0.512,11.0,0.5395,11.0,105.08,5.44819,-1.85315,15.1164,2e-05,0.95745
10321.26,BTC-27DEC19,1566730741211,open,0.0,209.8,0.0005,0.011,0.00123926,107.91,0.001,0.0,BTC-27DEC19-2500-P,10148.45,104.91,0.001,0.1,0.0015,7.2,110.77,0.88317,-0.38469,-0.22166,0.0,-0.00509
10209.87,BTC-27SEP19,1566730741211,open,0.11,604.6,0.077,0.142,0.11076972,84.75,0.1095,0.0,BTC-27SEP19-10000-C,10148.45,81.53,0.107,14.4,0.1145,15.0,87.94,11.96055,-15.41685,4.34001,0.00015,0.58271
10157.56,SYN.BTC-30AUG19,1566730741211,open,0.58,0.0,0.5445,0.6075,0.57521067,121.68,0.403,0.0,BTC-30AUG19-16000-P,10148.45,0.0,0.0,0.0,0.0,0.0,0.0,0.03173,-0.39587,-2.13626,0.0,-0.99921
10209.87,BTC-27SEP19,1566730741216,open,0.68,0.5,0.672,0.6915,0.68171982,119.78,0.694,0.0,BTC-27SEP19-3250-C,10148.45,0.0,0.6735,12.0,0.689,12.0,228.64,0.04263,-0.07766,2.9234,0.0,0.99962
10209.87,BTC-27SEP19,1566730741222,open,1.75,0.0,1.689,1.7995,1.74289815,120.21,None,0.0,BTC-27SEP19-28000-P,10148.45,0.0,0.0,0.0,0.0,0.0,0.0,0.39914,-0.72971,-25.18298,0.0,-0.99555
10157.56,SYN.BTC-30AUG19,1566730741229,open,0.24,0.0,0.207,0.263,0.23295443,104.52,None,0.0,BTC-30AUG19-12500-P,10148.45,0.0,0.0,0.0,0.0,0.0,0.0,1.18616,-12.71439,-1.60682,8e-05,-0.95127
10209.87,BTC-27SEP19,1566730741234,open,0.0,573.4,0.0005,0.011,0.00147732,112.79,0.001,0.0,BTC-27SEP19-5000-P,10148.45,106.75,0.001,97.1,0.002,41.1,118.08,0.91216,-1.56471,-0.118,1e-05,-0.01135
191.18,SYN.ETH-6SEP19,1566730741237,open,0.22,0.0,0.172,0.254,0.212156,84.41,None,0.0,ETH-6SEP19-230-P,190.96,0.0,0.0,0.0,0.0,0.0,0.0,0.07198,-0.25582,-0.06747,0.00717,-0.87247
10321.26,BTC-27DEC19,1566730741239,open,0.0,344.8,0.0005,0.0135,0.00399135,88.27,0.0065,0.0,BTC-27DEC19-4000-P,10148.45,84.06,0.003,29.1,0.005,6.0,91.95,2.64187,-0.94124,-0.76481,1e-05,-0.01784
10209.87,BTC-27SEP19,1566730741239,open,0.17,373.6,0.135,0.1975,0.16763712,86.57,0.18,0.0,BTC-27SEP19-9000-C,10148.45,81.34,0.1625,7.7,0.1715,15.0,90.45,10.11546,-13.31755,5.17937,0.00012,0.73085
10157.56,SYN.BTC-30AUG19,1566730741245,open,0.0,334.0,0.0005,0.021,0.00626328,89.89,0.008,0.0,BTC-30AUG19-11500-C,10148.45,90.87,0.0065,30.0,0.0085,11.0,98.64,2.43767,-22.47137,0.16322,0.0002,0.12656
10321.26,BTC-27DEC19,1566730741247,open,0.01,425.2,0.0005,0.0155,0.00487225,97.08,0.006,0.0,BTC-27DEC19-36000-C,10148.45,92.88,0.0035,31.0,0.006,18.3,99.97,3.75273,-1.47051,0.77657,1e-05,0.02704
10321.26,BTC-27DEC19,1566730741247,open,0.0,163.4,0.0005,0.012,0.00236359,91.45,0.003,0.0,BTC-27DEC19-3500-P,10148.45,85.5,0.0015,15.0,0.003,6.0,94.99,1.71799,-0.63415,-0.46218,1e-05,-0.01083
10209.87,BTC-27SEP19,1566730741247,open,0.0,700.4,0.0005,0.012,0.00224986,103.02,0.0015,0.0,BTC-27SEP19-20000-C,10148.45,97.53,0.0015,5.5,0.003,55.8,107.39,1.58864,-2.48904,0.17871,2e-05,0.02168
10209.87,BTC-27SEP19,1566730741247,open,0.01,391.6,0.0005,0.02,0.00751828,92.09,0.0075,0.0,BTC-27SEP19-16000-C,10148.45,90.76,0.007,5.0,0.009,44.0,95.65,4.04505,-5.66545,0.56058,5e-05,0.06848
10209.87,BTC-27SEP19,1566730741247,open,0.39,69.1,0.3515,0.428,0.3881515,87.28,0.391,0.0,BTC-27SEP19-14000-P,10148.45,0.0,0.3665,7.0,0.417,12.0,122.13,6.86525,-9.11359,-11.46551,8e-05,-0.85863
10157.56,SYN.BTC-30AUG19,1566730741247,open,0.0,356.2,0.0005,0.0105,4.39e-06,120.0,0.001,0.0,BTC-30AUG19-17000-C,10148.45,0.0,0.0,0.0,0.0005,12.0,176.99,0.00613,-0.04461,0.00018,0.0,0.00013
10157.56,SYN.BTC-30AUG19,1566730741249,open,0.01,1212.2,0.0005,0.0225,0.00733557,96.17,0.0065,0.0,BTC-30AUG19-9000-P,10148.45,92.6,0.0065,1.9,0.009,44.0,102.85,2.43394,-24.00367,-0.1813,0.00018,-0.12628
10157.56,SYN.BTC-30AUG19,1566730741251,open,0.16,0.0,0.1465,0.187,0.16600193,100.02,0.171,0.0,BTC-30AUG19-8500-C,10148.45,0.0,0.15,8.0,0.18,8.0,166.51,1.30459,-13.38173,1.05708,9e-05,0.94507
10321.26,BTC-27DEC19,1566730741255,open,0.98,5.7,0.9135,1.033,0.97066999,88.37,0.661,0.0,BTC-27DEC19-20000-P,10148.45,0.0,0.0045,5.0,1.466,1.0,321.06,14.14793,-5.04632,-63.70346,4e-05,-0.84793
10321.26,BTC-27DEC19,1566730741257,open,1.73,0.1,1.663,1.7945,1.72454701,93.83,1.49,0.0,BTC-27DEC19-28000-P,10148.45,0.0,0.0045,1.0,0.0,0.0,0.0,7.18752,-2.72197,-93.32671,2e-05,-0.93973
10321.26,BTC-27DEC19,1566730741257,open,0.62,27.7,0.606,0.6285,0.61644026,88.26,0.62,0.0,BTC-27DEC19-4000-C,10148.45,0.0,0.607,11.0,0.6255,11.0,112.62,2.64128,-0.94096,12.81083,1e-05,0.98216
10321.26,BTC-27DEC19,1566730741257,open,0.02,272.8,0.009,0.0415,0.02303464,82.2,0.0265,0.0,BTC-27DEC19-6000-P,10148.45,80.49,0.0215,17.8,0.024,6.0,83.26,9.35684,-3.10452,-3.78447,3e-05,-0.085
10321.26,BTC-27DEC19,1566730741257,open,0.48,73.3,0.463,0.5035,0.48284543,83.05,0.4875,0.0,BTC-27DEC19-5500-C,10148.45,0.0,0.466,11.0,0.499,11.0,102.59,7.29577,-2.44573,15.96354,2e-05,0.93857
10321.26,BTC-27DEC19,1566730741257,open,0.45,294.4,0.391,0.507,0.44925477,84.8,0.45,0.0,BTC-27DEC19-14000-P,10148.45,62.94,0.4045,7.0,0.4955,7.0,105.49,22.40008,-7.66707,-38.30728,7e-05,-0.64434
10321.26,BTC-27DEC19,1566730741257,open,0.0,374.3,0.0005,0.013,0.00340153,98.72,0.0055,0.0,BTC-27DEC19-40000-C,10148.45,92.63,0.002,21.0,0.0045,4.0,102.35,2.82723,-1.12654,0.55766,1e-05,0.01932
10157.56,SYN.BTC-30AUG19,1566730741259,open,0.0,76.7,0.0005,0.0125,0.00281974,100.04,0.003,0.0,BTC-30AUG19-8500-P,10148.45,97.48,0.0025,30.0,0.0035,5.0,105.05,1.30522,-13.39084,-0.0784,9e-05,-0.05496
10157.56,SYN.BTC-30AUG19,1566730741259,open,0.0,702.2,0.0005,0.0105,1.84e-06,120.0,0.0005,0.0,BTC-30AUG19-6000-P,10148.45,0.0,0.0,0.0,0.0005,57.0,191.93,0.00267,-0.01872,-8e-05,0.0,-6e-05
10209.87,BTC-27SEP19,1566730741264,open,0.0,787.1,0.0005,0.014,0.00406973,102.89,0.0035,0.0,BTC-27SEP19-6000-P,10148.45,94.19,0.0025,39.0,0.0045,8.7,104.92,2.1039,-3.29218,-0.31634,2e-05,-0.03033
10209.87,BTC-27SEP19,1566730741264,open,0.58,34.4,0.5385,0.615,0.57463374,92.1,0.396,0.0,BTC-27SEP19-16000-P,10148.45,0.0,0.005,1.0,1.011,0.2,500.0,4.04633,-5.66794,-13.85046,5e-05,-0.93149
10432.61,SYN.BTC-27MAR20,1566730741264,open,1.92,0.0,1.8335,2.0005,1.91229379,93.77,None,0.0,BTC-27MAR20-30000-P,10148.45,0.0,0.0,0.0,0.0,0.0,0.0,17.27799,-3.77003,-170.64301,3e-05,-0.86615
10321.26,BTC-27DEC19,1566730741267,open,0.53,206.6,0.4725,0.5905,0.53110955,85.75,0.454,0.0,BTC-27DEC19-15000-P,10148.45,61.14,0.4855,7.0,0.5775,7.0,107.29,21.18372,-7.33171,-42.80825,7e-05,-0.69098
10157.56,SYN.BTC-30AUG19,1566730741267,open,0.33,0.0,0.3035,0.3595,0.32968855,109.69,None,0.0,BTC-30AUG19-13500-P,10148.45,0.0,0.0,0.0,0.0,0.0,0.0,0.43473,-4.89033,-1.78436,3e-05,-0.98539
10209.87,BTC-27SEP19,1566730741270,open,0.85,42.8,0.8435,0.863,0.85308291,0.0,0.815,0.0,BTC-27SEP19-1500-C,10148.45,0.0,0.0,0.0,0.0,0.0,0.0,0.0,0.0,1.35106,0.0,1.0
10321.26,BTC-27DEC19,1566730741277,open,0.03,671.7,0.0115,0.062,0.03291422,88.36,0.0335,0.0,BTC-27DEC19-20000-C,10148.45,87.69,0.032,4.9,0.034,0.1,89.15,14.14646,-5.04547,4.17307,4e-05,0.15205
10157.56,SYN.BTC-30AUG19,1566730741277,open,0.0,318.0,0.0005,0.0105,0.00044375,116.24,0.0005,0.0,BTC-30AUG19-14000-C,10148.45,0.0,0.0,0.0,0.001,16.0,129.42,0.31678,-3.77606,0.01316,2e-05,0.01014
10209.87,BTC-27SEP19,1566730741279,open,0.42,713.5,0.4015,0.433,0.41640299,102.89,0.416,0.0,BTC-27SEP19-6000-C,10148.45,0.0,0.4025,10.0,0.4265,10.0,136.51,2.10387,-3.29212,5.08789,2e-05,0.96967
10321.26,BTC-27DEC19,1566730741279,open,0.57,6.5,0.5575,0.5855,0.57067343,86.28,0.575,0.0,BTC-27DEC19-4500-C,10148.45,0.0,0.559,11.0,0.5815,11.0,107.93,3.92436,-1.36671,14.03935,1e-05,0.97147
10432.61,SYN.BTC-27MAR20,1566730741283,open,1.36,0.0,1.2835,1.441,1.35929272,91.46,None,0.0,BTC-27MAR20-24000-P,10148.45,0.0,0.0,0.0,0.0,0.0,0.0,22.50852,-4.79014,-132.52669,4e-05,-0.79853
10157.56,SYN.BTC-30AUG19,1566730741299,open,0.0,850.0,0.0005,0.016,0.00381873,97.86,0.004,0.0,BTC-30AUG19-12000-C,10148.45,95.93,0.0035,30.0,0.0055,19.0,106.92,1.71551,-17.21524,0.10093,0.00013,0.0782
10321.26,BTC-27DEC19,1566730741303,open,0.79,12.4,0.732,0.8515,0.78985425,87.41,0.559,0.0,BTC-27DEC19-18000-P,10148.45,0.0,0.0045,5.0,1.5545,0.2,500.0,16.89089,-5.95932,-55.65106,5e-05,-0.79887
10321.26,BTC-27DEC19,1566730741312,open,0.01,533.8,0.0005,0.0165,0.0066684,86.29,0.008,0.0,BTC-27DEC19-4500-P,10148.45,84.48,0.006,2.9,0.0075,6.0,88.41,3.92489,-1.36697,-1.23322,1e-05,-0.02854
10209.87,BTC-27SEP19,1566730741312,open,1.16,0.2,1.113,1.2035,1.15604142,106.58,1.391,0.0,BTC-27SEP19-22000-P,10148.45,0.0,0.0045,10.0,0.0,0.0,0.0,0.99436,-1.61179,-19.71178,1e-05,-0.98746
10209.87,BTC-27SEP19,1566730741312,open,0.0,330.4,0.0005,0.0105,0.00098426,113.53,0.001,0.0,BTC-27SEP19-4750-P,10148.45,104.24,0.0005,76.0,0.0015,38.7,120.42,0.6599,-1.13941,-0.08116,1e-05,-0.00784
10321.26,BTC-27DEC19,1566730741314,open,0.71,0.0,0.701,0.7205,0.71088855,97.47,None,0.0,BTC-27DEC19-3000-C,10148.45,0.0,0.006,0.3,0.959,0.5,500.0,1.16429,-0.45807,9.8838,0.0,0.99305
10209.87,BTC-27SEP19,1566730741314,open,0.48,29.7,0.444,0.5195,0.47985971,88.81,0.335,0.0,BTC-27SEP19-15000-P,10148.45,0.0,0.1675,0.1,0.928,0.3,500.0,5.18273,-7.00041,-12.73441,6e-05,-0.90491
10321.26,BTC-27DEC19,1566730741317,open,0.01,147.5,0.002,0.0295,0.01168928,93.81,0.0185,0.0,BTC-27DEC19-28000-C,10148.45,91.27,0.01,6.0,0.0135,22.6,96.3,7.1837,-2.72008,1.70015,2e-05,0.06023
10209.87,BTC-27SEP19,1566730741317,open,0.15,290.7,0.11,0.1855,0.14826757,84.75,0.1315,0.0,BTC-27SEP19-11000-P,10148.45,81.98,0.145,14.4,0.151,5.0,87.07,12.05721,-15.54176,-6.56726,0.00015,-0.56587
10321.26,BTC-27DEC19,1566730741317,open,2.11,0.3,2.041,2.182,2.10757235,95.12,1.875,0.0,BTC-27DEC19-32000-P,10148.45,0.0,0.0,0.0,0.0,0.0,0.0,5.05304,-1.93997,-107.49612,1e-05,-0.96122
10321.26,BTC-27DEC19,1566730741317,open,0.0,175.8,0.0005,0.0105,0.00022085,120.0,0.001,0.0,BTC-27DEC19-1500-P,10148.45,0.0,0.0,0.0,0.001,14.5,142.34,0.19131,-0.09266,-0.04067,0.0,-0.00094
10209.87,BTC-27SEP19,1566730741317,open,0.0,514.4,0.0005,0.012,0.00223237,105.68,0.002,0.0,BTC-27SEP19-5500-P,10148.45,99.31,0.0015,65.0,0.0025,6.6,107.67,1.32219,-2.12503,-0.18117,1e-05,-0.01747
10321.26,BTC-27DEC19,1566730741317,open,0.11,274.0,0.068,0.154,0.11143915,83.82,0.1065,0.0,BTC-27DEC19-13000-C,10148.45,82.52,0.1085,3.6,0.115,15.4,85.39,23.37026,-7.90672,10.44688,8e-05,0.40968
10209.87,BTC-27SEP19,1566730741317,open,0.71,225.7,0.6965,0.716,0.70618245,119.55,0.693,0.0,BTC-27SEP19-3000-C,10148.45,0.0,0.698,12.0,0.7135,12.0,243.68,0.01924,-0.03498,2.70046,0.0,0.99984
10157.56,SYN.BTC-30AUG19,1566730741317,open,0.0,455.3,0.0005,0.0105,0.00012345,120.0,0.0005,0.0,BTC-30AUG19-15000-C,10148.45,0.0,0.0,0.0,0.001,32.0,152.31,0.1093,-1.25397,0.00398,1e-05,0.00306
10209.87,BTC-27SEP19,1566730741325,open,0.0,470.3,0.0005,0.014,0.00401355,98.13,0.0035,0.0,BTC-27SEP19-18000-C,10148.45,93.65,0.003,6.0,0.0045,29.0,100.04,2.51638,-3.75572,0.30982,3e-05,0.0377
10209.87,BTC-27SEP19,1566730741325,open,0.0,406.8,0.0005,0.0105,1.89e-06,120.0,0.0005,0.0,BTC-27SEP19-2500-P,10148.45,0.0,0.0,0.0,0.0005,42.0,185.89,0.00288,-0.00526,-0.00022,0.0,-2e-05
10321.26,BTC-27DEC19,1566730741325,open,0.0,101.7,0.0005,0.0105,0.00079287,117.6,0.001,0.0,BTC-27DEC19-2000-P,10148.45,111.37,0.0005,4.0,0.001,8.1,121.09,0.56528,-0.26833,-0.13608,0.0,-0.00309
10209.87,BTC-27SEP19,1566730741325,open,0.24,873.9,0.213,0.266,0.23964811,89.22,0.2325,0.0,BTC-27SEP19-8000-C,10148.45,83.06,0.2355,6.6,0.241,16.6,91.15,7.08241,-9.61041,5.6307,8e-05,0.85194
10209.87,BTC-27SEP19,1566730741325,open,0.03,379.7,0.0095,0.05,0.02713499,85.89,0.026,0.0,BTC-27SEP19-13000-C,10148.45,85.16,0.0265,19.3,0.028,0.3,86.89,8.81755,-11.51887,1.67666,0.00011,0.20946
10209.87,BTC-27SEP19,1566730741325,open,0.0,684.0,0.0005,0.0105,0.00023859,120.0,0.0005,0.0,BTC-27SEP19-30000-C,10148.45,0.0,0.0,0.0,0.001,16.0,137.81,0.23401,-0.42707,0.02039,0.0,0.00246
10321.26,BTC-27DEC19,1566730741325,open,2.89,0.0,2.8,2.965,2.87892359,98.81,2.58,0.0,BTC-27DEC19-40000-P,10148.45,0.0,0.0005,3.0,0.0,0.0,0.0,2.8422,-1.1336,-135.19323,1e-05,-0.98056
10157.56,SYN.BTC-30AUG19,1566730741325,open,0.21,23.0,0.1965,0.232,0.21355455,107.43,0.2,0.0,BTC-30AUG19-8000-C,10148.45,0.0,0.1995,9.0,0.2255,9.0,187.47,0.6529,-7.19302,1.03512,4e-05,0.97644
10157.56,SYN.BTC-30AUG19,1566730741325,open,0.0,782.9,0.0005,0.0105,7.5e-07,120.0,0.001,0.0,BTC-30AUG19-18000-C,10148.45,0.0,0.0,0.0,0.0005,12.0,193.73,0.00125,-0.00762,3e-05,0.0,2e-05
10157.56,SYN.BTC-30AUG19,1566730741325,open,0.03,1250.8,0.0095,0.058,0.03246407,86.9,0.0355,0.0,BTC-30AUG19-10000-P,10148.45,83.65,0.031,16.4,0.036,18.1,94.72,4.5853,-40.86098,-0.61182,0.00038,-0.41845
10157.56,SYN.BTC-30AUG19,1566730741325,open,0.14,2.5,0.111,0.168,0.13842856,89.91,0.14,0.0,BTC-30AUG19-11500-P,10148.45,78.74,0.136,7.0,0.1625,7.0,162.3,2.43823,-22.48022,-1.3729,0.0002,-0.8734
10170.64,SYN.BTC-6SEP19,1566730741330,open,0.0,0.0,0.0005,0.0105,0.00093113,98.31,None,0.0,BTC-6SEP19-7000-P,10148.45,90.24,0.0005,9.9,0.0015,30.1,105.81,0.65741,-2.72118,-0.04963,2e-05,-0.01407
191.18,SYN.ETH-6SEP19,1566730741338,open,0.01,46.0,0.001,0.017,0.005417,85.74,0.007,0.0,ETH-6SEP19-240-C,190.96,80.14,0.004,400.0,0.007,398.0,91.18,0.05212,-0.18816,0.00475,0.00511,0.08177
10209.87,BTC-27SEP19,1566730741345,open,0.0,125.2,0.0005,0.0105,0.00017453,120.0,0.0005,0.0,BTC-27SEP19-3750-P,10148.45,0.0,0.0,0.0,0.001,42.0,146.12,0.15245,-0.27823,-0.0157,0.0,-0.00153
10209.87,BTC-27SEP19,1566730741345,open,0.0,373.7,0.0005,0.0105,0.00090262,119.53,0.001,0.0,BTC-27SEP19-4500-P,10148.45,111.09,0.0005,15.0,0.0015,42.0,128.19,0.58859,-1.07004,-0.07163,1e-05,-0.00689
10209.87,BTC-27SEP19,1566730741345,open,0.05,446.9,0.024,0.0765,0.04913801,86.57,0.0545,0.0,BTC-27SEP19-9000-P,10148.45,85.42,0.048,5.0,0.0505,12.0,87.94,10.11548,-13.31773,-2.92699,0.00012,-0.26915
10209.87,BTC-27SEP19,1566730741345,open,0.0,143.6,0.0005,0.0105,0.00060803,115.95,0.0005,0.0,BTC-27SEP19-26000-C,10148.45,0.0,0.0,0.0,0.001,15.0,122.29,0.52094,-0.91866,0.04958,0.0,0.006
10321.26,BTC-27DEC19,1566730741349,open,0.0,1326.5,0.0005,0.012,0.00232104,108.75,0.002,0.0,BTC-27DEC19-52000-C,10148.45,106.98,0.002,1.0,0.0025,5.4,109.66,1.97121,-0.86527,0.36321,1e-05,0.01269
10321.26,BTC-27DEC19,1566730741349,open,0.2,505.1,0.155,0.244,0.20174721,81.97,0.2,0.0,BTC-27DEC19-10000-C,10148.45,80.29,0.198,3.6,0.2055,16.0,83.67,22.89762,-7.5762,14.64439,8e-05,0.61981
10321.26,BTC-27DEC19,1566730741361,open,0.66,4.0,0.6535,0.673,0.66325636,91.44,0.666,0.0,BTC-27DEC19-3500-C,10148.45,0.0,0.02,0.3,0.977,1.0,500.0,1.71738,-0.63387,11.41651,1e-05,0.98917
10157.56,SYN.BTC-30AUG19,1566730741361,open,0.1,150.4,0.0665,0.1265,0.09622697,88.57,0.1155,0.0,BTC-30AUG19-11000-P,10148.45,83.6,0.0945,8.0,0.1005,1.6,100.22,3.59533,-32.6542,-1.17053,0.00029,-0.76645
10157.56,SYN.BTC-30AUG19,1566730741361,open,0.78,0.0,0.7375,0.808,0.77208553,135.11,None,0.0,BTC-30AUG19-18000-P,10148.45,0.0,0.0,0.0,0.0,0.0,0.0,0.00756,-0.10471,-2.40423,0.0,-0.99983
10209.87,BTC-27SEP19,1566730741367,open,0.58,9.2,0.5745,0.594,0.58428021,119.5,0.574,0.0,BTC-27SEP19-4250-C,10148.45,0.0,0.576,11.0,0.5915,11.0,181.42,0.39191,-0.71229,3.78292,0.0,0.99564
10321.26,BTC-27DEC19,1566730741367,open,0.62,23.1,0.5565,0.6755,0.61519508,86.35,0.6755,0.0,BTC-27DEC19-16000-P,10148.45,58.59,0.57,6.0,0.6625,6.0,109.32,19.7935,-6.8984,-47.20351,6e-05,-0.73237
10321.26,BTC-27DEC19,1566730741382,open,1.16,4.9,1.099,1.221,1.15675922,90.32,1.0385,0.0,BTC-27DEC19-22000-P,10148.45,0.0,0.006,2.0,1.9245,0.3,500.0,12.02298,-4.38292,-71.34789,4e-05,-0.88007
10321.26,BTC-27DEC19,1566730741390,open,0.08,545.9,0.045,0.112,0.07774705,81.98,0.077,0.0,BTC-27DEC19-8000-P,10148.45,80.09,0.0745,3.3,0.078,12.0,82.12,17.80291,-5.89067,-10.4292,6e-05,-0.21998
10321.26,BTC-27DEC19,1566730741390,open,0.01,232.2,0.0035,0.0355,0.01501885,92.9,0.0195,0.0,BTC-27DEC19-26000-C,10148.45,91.01,0.0135,6.0,0.017,22.3,95.21,8.5483,-3.20532,2.11598,3e-05,0.07543
10321.26,BTC-27DEC19,1566730741392,open,0.0,384.0,0.0005,0.0115,0.00155189,97.48,0.0015,0.0,BTC-27DEC19-3000-P,10148.45,84.45,0.0005,20.7,0.0025,6.7,104.62,1.16486,-0.45834,-0.29794,0.0,-0.00695
10321.26,BTC-27DEC19,1566730741392,open,0.05,265.0,0.022,0.072,0.04542359,81.98,0.052,0.0,BTC-27DEC19-7000-P,10148.45,80.15,0.043,3.7,0.046,19.0,82.41,13.79551,-4.56466,-6.72052,5e-05,-0.14643
10157.56,SYN.BTC-30AUG19,1566730741392,open,0.06,119.2,0.0305,0.0885,0.05978002,86.9,0.0635,0.0,BTC-30AUG19-10500-P,10148.45,84.01,0.0585,5.5,0.0605,1.6,88.52,4.50357,-40.13343,-0.9091,0.00038,-0.61023
10209.87,BTC-27SEP19,1566730741398,open,0.97,0.0,0.921,1.0055,0.96114441,103.05,0.691,0.0,BTC-27SEP19-20000-P,10148.45,0.0,0.0045,10.0,1.352,0.2,500.0,1.59132,-2.49414,-17.83503,2e-05,-0.97827
10209.87,BTC-27SEP19,1566730741417,open,0.22,91.6,0.18,0.258,0.21906263,84.76,0.1885,0.0,BTC-27SEP19-12000-P,10148.45,80.38,0.2145,8.0,0.2295,13.0,94.49,10.74522,-13.85229,-8.39864,0.00014,-0.69422
191.18,SYN.ETH-6SEP19,1566730741433,open,0.27,0.0,0.221,0.303,0.260866,85.98,None,0.0,ETH-6SEP19-240-P,190.96,0.0,0.0,0.0,0.0,0.0,0.0,0.05244,-0.18982,-0.0733,0.00513,-0.91757
10321.26,BTC-27DEC19,1566730741435,open,0.02,121.2,0.0055,0.0305,0.0157284,83.06,0.014,0.0,BTC-27DEC19-5500-P,10148.45,81.29,0.0145,18.1,0.0165,6.0,84.14,7.29624,-2.44598,-2.70292,2e-05,-0.06143
191.18,SYN.ETH-6SEP19,1566730741523,open,0.0,30.0,0.001,0.013,0.003405,88.06,0.005,0.0,ETH-6SEP19-250-C,190.96,79.84,0.002,200.0,0.005,200.0,95.31,0.03767,-0.13968,0.00313,0.0036,0.05376
191.18,SYN.ETH-6SEP19,1566730741618,open,0.32,0.0,0.271,0.355,0.311164,88.41,None,0.0,ETH-6SEP19-250-P,190.96,0.0,0.0,0.0,0.0,0.0,0.0,0.03809,-0.14179,-0.07817,0.00362,-0.94548
10321.26,BTC-27DEC19,1566730741804,open,0.14,197.3,0.0895,0.179,0.13551926,83.23,0.155,0.0,BTC-27DEC19-12000-C,10148.45,81.71,0.132,3.6,0.139,14.7,84.73,23.93173,-8.03957,11.8126,8e-05,0.47274
10321.26,BTC-27DEC19,1566730741806,open,0.03,207.0,0.0145,0.0555,0.03293613,81.98,0.0375,0.0,BTC-27DEC19-6500-P,10148.45,79.78,0.0305,16.7,0.034,11.0,82.92,11.57765,-3.83081,-5.13685,4e-05,-0.11371
10321.26,BTC-27DEC19,1566730741817,open,0.37,51.5,0.3355,0.3975,0.36721106,81.97,0.3635,0.0,BTC-27DEC19-7000-C,10148.45,80.31,0.365,3.5,0.3705,13.4,84.41,13.79531,-4.56448,17.03667,5e-05,0.85357
10321.26,BTC-27DEC19,1566730741825,open,0.37,51.5,0.3355,0.3975,0.36721106,81.97,0.3635,0.0,BTC-27DEC19-7000-C,10148.45,80.31,0.365,3.5,0.3705,13.6,84.41,13.79531,-4.56448,17.03667,5e-05,0.85357
10321.26,BTC-27DEC19,1566730741848,open,0.06,235.8,0.032,0.091,0.06035594,81.98,0.0665,0.0,BTC-27DEC19-7500-P,10148.45,80.11,0.0575,3.7,0.0605,12.0,82.07,15.89285,-5.25866,-8.49307,5e-05,-0.1821
191.18,SYN.ETH-6SEP19,1566730741856,open,0.27,0.0,0.246,0.293,0.269908,96.82,None,0.0,ETH-6SEP19-140-C,190.96,0.0,0.0,0.0,0.0,0.0,0.0,0.02388,-0.09735,0.04351,0.00207,0.96935
10321.26,BTC-27DEC19,1566730741858,open,0.08,437.1,0.04,0.1175,0.07779394,85.74,0.0705,0.0,BTC-27DEC19-15000-C,10148.45,84.13,0.0745,4.9,0.0815,15.4,87.54,21.18338,-7.33136,8.09937,7e-05,0.30901
10321.26,BTC-27DEC19,1566730741872,open,0.3,220.4,0.2635,0.3385,0.30264584,81.97,0.303,0.0,BTC-27DEC19-8000-C,10148.45,80.15,0.2995,3.3,0.306,13.6,83.91,17.8028,-5.89047,16.72186,6e-05,0.78002
10321.26,BTC-27DEC19,1566730741878,open,0.3,220.4,0.2635,0.3385,0.30264584,81.97,0.303,0.0,BTC-27DEC19-8000-C,10148.45,80.15,0.2995,3.3,0.306,13.8,83.91,17.8028,-5.89047,16.72186,6e-05,0.78002
10321.26,BTC-27DEC19,1566730741884,open,0.25,165.1,0.2035,0.2875,0.24771911,81.97,0.258,0.0,BTC-27DEC19-9000-C,10148.45,80.14,0.244,3.7,0.2515,18.6,83.84,20.89285,-6.91291,15.85774,7e-05,0.70042
196.86,SYN.ETH-27MAR20,1566730741886,open,0.61,0.0,0.592,0.635,0.61394,91.57,None,0.0,ETH-27MAR20-80-C,190.96,0.0,0.0,0.0,0.0,0.0,0.0,0.15885,-0.03385,0.38803,0.00076,0.94876
10321.26,BTC-27DEC19,1566730741889,open,0.0,374.3,0.0005,0.013,0.00340155,98.72,0.0055,0.0,BTC-27DEC19-40000-C,10148.45,92.63,0.002,21.0,0.004,2.5,100.78,2.82723,-1.12654,0.55766,1e-05,0.01932
10321.26,BTC-27DEC19,1566730741896,open,0.11,274.0,0.068,0.154,0.11144039,83.82,0.1065,0.0,BTC-27DEC19-13000-C,10148.45,82.52,0.1085,3.6,0.115,15.5,85.39,23.37026,-7.90672,10.44688,8e-05,0.40968
10321.26,BTC-27DEC19,1566730741911,open,0.09,448.4,0.052,0.1345,0.09282705,84.8,0.09,0.0,BTC-27DEC19-14000-C,10148.45,83.26,0.0895,4.9,0.0965,15.5,86.49,22.39985,-7.66674,9.20652,7e-05,0.35565
10321.26,BTC-27DEC19,1566730741924,open,0.23,242.7,0.178,0.281,0.23063073,82.46,0.245,0.0,BTC-27DEC19-11000-P,10148.45,80.67,0.2265,3.7,0.2345,5.0,84.14,23.84921,-7.93812,-24.09219,8e-05,-0.45715
10321.26,BTC-27DEC19,1566730741931,open,0.33,91.7,0.298,0.367,0.33370048,81.97,0.449,0.0,BTC-27DEC19-7500-C,10148.45,80.21,0.331,3.5,0.337,13.5,84.11,15.89267,-5.25845,16.96107,5e-05,0.8179
10321.26,BTC-27DEC19,1566730741940,open,0.12,573.0,0.0785,0.1605,0.11970567,81.98,0.121,0.0,BTC-27DEC19-9000-P,10148.45,80.14,0.116,3.7,0.1215,11.0,82.86,20.89286,-6.9131,-14.68713,7e-05,-0.29958
191.18,SYN.ETH-6SEP19,1566730741950,open,0.0,0.0,0.001,0.012,0.002253,97.12,None,0.0,ETH-6SEP19-140-P,190.96,84.75,0.001,200.0,0.004,208.0,108.77,0.02412,-0.09864,-0.00207,0.00209,-0.03102
10321.26,BTC-27DEC19,1566730741953,open,0.08,545.9,0.045,0.112,0.07774501,81.98,0.077,0.0,BTC-27DEC19-8000-P,10148.45,80.09,0.0745,3.4,0.078,12.0,82.12,17.80291,-5.89067,-10.4292,6e-05,-0.21998
10321.26,BTC-27DEC19,1566730741959,open,0.17,416.0,0.123,0.217,0.17062397,81.98,0.177,0.0,BTC-27DEC19-10000-P,10148.45,80.34,0.167,3.4,0.1745,23.3,83.72,22.89758,-7.57645,-19.2943,8e-05,-0.38018
196.86,SYN.ETH-27MAR20,1566730741965,open,0.02,140.0,0.008,0.036,0.02034,91.59,0.024,0.0,ETH-27MAR20-80-P,190.96,88.62,0.018,40.0,0.023,140.0,94.81,0.15892,-0.03387,-0.08299,0.00076,-0.05127
10321.26,BTC-27DEC19,1566730741964,open,0.17,416.0,0.123,0.217,0.17062397,81.98,0.177,0.0,BTC-27DEC19-10000-P,10148.45,80.34,0.167,3.4,0.1745,19.9,83.72,22.89758,-7.57645,-19.2943,8e-05,-0.38018
10321.26,BTC-27DEC19,1566730741974,open,0.05,265.0,0.022,0.072,0.04542283,81.98,0.052,0.0,BTC-27DEC19-7000-P,10148.45,80.15,0.043,3.8,0.046,19.0,82.41,13.79551,-4.56466,-6.72052,5e-05,-0.14643
10321.26,BTC-27DEC19,1566730741975,open,0.0,384.0,0.0005,0.0115,0.00155182,97.48,0.0015,0.0,BTC-27DEC19-3000-P,10148.45,84.45,0.0005,20.8,0.0025,6.7,104.62,1.16486,-0.45834,-0.29794,0.0,-0.00695
10321.26,BTC-27DEC19,1566730741977,open,0.0,384.0,0.0005,0.0115,0.00155182,97.48,0.0015,0.0,BTC-27DEC19-3000-P,10148.45,84.45,0.0005,20.8,0.0025,6.6,104.62,1.16486,-0.45834,-0.29794,0.0,-0.00695
196.86,SYN.ETH-27MAR20,1566730742049,open,0.46,0.0,0.423,0.5,0.464604,91.03,None,0.0,ETH-27MAR20-120-C,190.96,0.0,0.0,0.0,0.0,0.0,0.0,0.34434,-0.07294,0.45238,0.00166,0.85496
196.86,SYN.ETH-27MAR20,1566730742123,open,0.08,1.0,0.042,0.107,0.074205,91.05,0.076,0.0,ETH-27MAR20-120-P,190.96,86.31,0.066,40.0,0.079,140.0,93.78,0.34436,-0.07296,-0.25411,0.00166,-0.14506
191.56,ETH-27SEP19,1566730742221,open,0.03,2466.0,0.012,0.057,0.032426,88.31,0.03,0.0,ETH-27SEP19-240-C,190.96,84.56,0.029,128.0,0.036,248.0,92.13,0.17723,-0.23803,0.03519,0.00607,0.23635
10432.66,SYN.BTC-27MAR20,1566730743080,open,0.21,6.4,0.1495,0.259,0.20663358,85.27,0.2175,0.0,BTC-27MAR20-12000-C,10148.45,82.27,0.1975,3.6,0.2115,4.6,86.87,31.72993,-6.29602,20.78577,6e-05,0.54507
10432.66,SYN.BTC-27MAR20,1566730743093,open,0.03,3.1,0.01,0.0655,0.03254799,94.9,0.0325,0.0,BTC-27MAR20-32000-C,10148.45,92.18,0.0285,6.0,0.037,8.0,97.71,16.00939,-3.53535,5.369,3e-05,0.11997
10170.64,SYN.BTC-6SEP19,1566730743096,open,0.17,0.0,0.1505,0.197,0.17369354,88.23,None,0.0,BTC-6SEP19-8500-C,10148.45,0.0,0.0,0.0,0.0,0.0,0.0,3.5322,-13.12104,2.35811,0.00012,0.8863
194.2,ETH-27DEC19,1566730743214,open,0.13,2249.0,0.082,0.174,0.130824,89.77,0.132,0.0,ETH-27DEC19-240-C,190.96,88.54,0.128,24.0,0.132,76.0,90.28,0.44672,-0.16186,0.20573,0.00389,0.44297
191.05,SYN.ETH-30AUG19,1566730743216,open,0.07,1356.0,0.032,0.102,0.06721,83.6,0.068,0.0,ETH-30AUG19-200-P,190.96,70.99,0.062,320.0,0.071,120.0,92.51,0.08046,-0.68984,-0.01868,0.01974,-0.66481
191.55,ETH-27SEP19,1566730743218,open,0.02,1911.0,0.006,0.039,0.01985,89.55,0.023,0.0,ETH-27SEP19-260-C,190.96,85.5,0.017,128.0,0.023,238.0,93.78,0.13877,-0.189,0.02385,0.00469,0.15807
191.55,ETH-27SEP19,1566730743218,open,0.58,851.0,0.523,0.628,0.573996,92.77,0.56,0.0,ETH-27SEP19-300-P,190.96,0.0,0.542,20.0,0.606,20.0,142.31,0.07759,-0.10947,-0.2594,0.00253,-0.92952
191.55,ETH-27SEP19,1566730743220,open,0.04,8525.0,0.015,0.06,0.035971,88.65,0.04,0.0,ETH-27SEP19-160-P,190.96,85.18,0.033,128.0,0.038,140.0,90.99,0.16527,-0.22283,-0.04229,0.00564,-0.20912
191.05,SYN.ETH-30AUG19,1566730743220,open,0.04,825.0,0.013,0.069,0.041242,83.63,0.032,0.0,ETH-30AUG19-190-C,190.96,74.37,0.037,200.0,0.044,120.0,89.64,0.0876,-0.75127,0.01278,0.02149,0.5419
194.2,ETH-27DEC19,1566730743228,open,2.73,0.0,2.601,2.834,2.712336,100.63,None,0.0,ETH-27DEC19-720-P,190.96,0.0,0.003,5.0,0.0,0.0,0.0,0.06847,-0.02781,-2.42957,0.00053,-0.97394
191.55,ETH-27SEP19,1566730743244,open,0.13,3130.0,0.087,0.17,0.129655,87.0,0.131,0.0,ETH-27SEP19-200-P,190.96,83.11,0.125,96.0,0.134,110.0,90.63,0.2292,-0.30327,-0.11103,0.00797,-0.51387
191.05,SYN.ETH-30AUG19,1566730743247,open,0.0,873.0,0.001,0.011,4.4e-05,125.0,0.003,0.0,ETH-30AUG19-300-C,190.96,0.0,0.0,0.0,0.001,200.0,172.19,0.00084,-0.00847,3e-05,0.00014,0.00114
191.05,SYN.ETH-30AUG19,1566730743247,open,0.0,10.0,0.001,0.011,0.000537,102.42,0.002,0.0,ETH-30AUG19-250-C,190.96,0.0,0.0,0.0,0.002,200.0,124.85,0.00761,-0.07997,0.00033,0.00152,0.01345
191.55,ETH-27SEP19,1566730743249,open,0.21,2065.0,0.155,0.247,0.201616,87.5,0.193,0.0,ETH-27SEP19-220-P,190.96,77.75,0.191,200.0,0.207,110.0,92.33,0.21204,-0.28218,-0.14761,0.00733,-0.65396
191.17,SYN.ETH-6SEP19,1566730743249,open,0.06,4.0,0.03,0.092,0.06207,82.25,0.057,0.0,ETH-6SEP19-190-C,190.96,76.56,0.058,320.0,0.062,8.0,82.15,0.13665,-0.47321,0.0301,0.01397,0.54604
191.55,ETH-27SEP19,1566730743255,open,0.0,2913.0,0.001,0.011,0.001008,110.95,0.003,0.0,ETH-27SEP19-440-C,190.96,0.0,0.0,0.0,0.002,360.0,120.64,0.01516,-0.02558,0.00153,0.00041,0.00988
191.05,SYN.ETH-30AUG19,1566730743255,open,0.16,599.0,0.119,0.193,0.154862,83.57,0.18,0.0,ETH-30AUG19-220-P,190.96,0.0,0.15,200.0,0.162,200.0,114.7,0.03248,-0.27834,-0.02746,0.00797,-0.92112
194.2,ETH-27DEC19,1566730743267,open,0.42,0.0,0.387,0.451,0.420785,89.58,None,0.0,ETH-27DEC19-120-C,190.96,48.32,0.386,34.0,0.445,34.0,109.16,0.22408,-0.08102,0.30377,0.00195,0.88168
191.05,SYN.ETH-30AUG19,1566730743281,open,0.0,367.0,0.001,0.011,0.000497,113.88,0.001,0.0,ETH-30AUG19-260-C,190.96,0.0,0.0,0.0,0.001,228.0,125.13,0.00662,-0.07727,0.00028,0.00119,0.01144
191.05,SYN.ETH-30AUG19,1566730743281,open,0.21,2.0,0.169,0.245,0.205891,92.85,0.144,0.0,ETH-30AUG19-230-P,190.96,0.0,0.186,23.0,0.226,23.0,176.79,0.02164,-0.20605,-0.02958,0.00478,-0.95309
194.2,ETH-27DEC19,1566730743283,open,2.32,0.0,2.202,2.414,2.302842,99.23,None,0.0,ETH-27DEC19-640-P,190.96,0.0,0.0,0.0,0.0,0.0,0.0,0.09358,-0.03748,-2.15179,0.00074,-0.96196
191.05,SYN.ETH-30AUG19,1566730743285,open,0.0,4065.0,0.001,0.011,1e-06,125.0,0.001,0.0,ETH-30AUG19-340-C,190.96,0.0,0.0,0.0,0.001,200.0,211.51,4e-05,-0.00027,0.0,1e-05,4e-05
194.2,ETH-27DEC19,1566730743287,open,0.23,2725.0,0.165,0.277,0.223574,89.31,0.235,0.0,ETH-27DEC19-200-P,190.96,87.74,0.22,24.0,0.227,200.0,90.82,0.44208,-0.15937,-0.42373,0.00387,-0.41934
191.05,SYN.ETH-30AUG19,1566730743292,open,0.0,3.0,0.001,0.011,0.000141,125.0,0.002,0.0,ETH-30AUG19-130-P,190.96,0.0,0.0,0.0,0.001,203.0,159.22,0.00208,-0.02667,-8e-05,0.00034,-0.0031
194.2,ETH-27DEC19,1566730743298,open,0.91,257.0,0.823,0.978,0.899583,93.08,0.947,0.0,ETH-27DEC19-360-P,190.96,0.0,0.843,18.0,0.936,128.0,113.53,0.30992,-0.11644,-1.12482,0.0026,-0.80705
191.55,ETH-27SEP19,1566730743315,open,0.48,727.0,0.424,0.526,0.474033,90.96,0.534,0.0,ETH-27SEP19-280-P,190.96,0.0,0.442,21.0,0.503,21.0,130.42,0.10446,-0.14451,-0.23622,0.00347,-0.8951
194.2,ETH-27DEC19,1566730743315,open,0.2,834.0,0.141,0.238,0.193761,89.33,0.204,0.0,ETH-27DEC19-200-C,190.96,87.24,0.189,24.0,0.198,200.0,91.2,0.44208,-0.1594,0.25502,0.00387,0.58069
191.05,SYN.ETH-30AUG19,1566730743315,open,0.0,1059.0,0.001,0.014,0.003325,83.62,0.003,0.0,ETH-30AUG19-220-C,190.96,74.83,0.002,200.0,0.004,800.0,87.41,0.03252,-0.27888,0.00193,0.00798,0.07902
191.05,SYN.ETH-30AUG19,1566730743315,open,0.02,918.0,0.002,0.04,0.016806,87.4,0.021,0.0,ETH-30AUG19-180-P,190.96,82.54,0.015,1.0,0.019,160.0,93.18,0.07177,-0.64323,-0.00709,0.01684,-0.26103
191.05,SYN.ETH-30AUG19,1566730743315,open,0.0,970.0,0.001,0.011,0.000471,118.62,0.001,0.0,ETH-30AUG19-140-P,190.96,0.0,0.0,0.0,0.001,203.0,132.01,0.00575,-0.06996,-0.00026,0.00099,-0.00974
191.55,ETH-27SEP19,1566730743317,open,0.38,1239.0,0.328,0.428,0.377127,89.46,0.4,0.0,ETH-27SEP19-260-P,190.96,0.0,0.344,22.0,0.408,22.0,124.97,0.13857,-0.18853,-0.21038,0.00469,-0.84226
191.55,ETH-27SEP19,1566730743317,open,0.01,7880.0,0.004,0.03,0.014488,91.03,0.015,0.0,ETH-27SEP19-140-P,190.96,88.14,0.013,1.0,0.016,140.0,93.86,0.10056,-0.13922,-0.01968,0.00334,-0.09955
194.2,ETH-27DEC19,1566730743317,open,0.01,1889.0,0.004,0.032,0.014308,96.42,0.018,0.0,ETH-27DEC19-520-C,190.96,93.34,0.012,200.0,0.017,150.0,99.68,0.15263,-0.0594,0.03699,0.00124,0.07044
191.55,ETH-27SEP19,1566730743320,open,0.79,296.0,0.724,0.837,0.778414,96.52,0.848,0.0,ETH-27SEP19-340-P,190.96,0.0,0.753,18.0,0.81,18.0,159.26,0.04251,-0.0624,-0.30111,0.00133,-0.96682
194.2,ETH-27DEC19,1566730743326,open,2.94,0.0,2.8,3.045,2.917314,100.77,None,0.0,ETH-27DEC19-760-P,190.96,0.0,0.0,0.0,0.0,0.0,0.0,0.05741,-0.02335,-2.56792,0.00045,-0.97886
191.17,SYN.ETH-6SEP19,1566730743362,open,0.37,0.0,0.321,0.406,0.361937,88.47,None,0.0,ETH-6SEP19-260-P,190.96,0.0,0.0,0.0,0.0,0.0,0.0,0.02498,-0.09305,-0.0827,0.00237,-0.96764
196.85,SYN.ETH-27MAR20,1566730743410,open,0.07,6.0,0.033,0.114,0.072108,95.43,0.08,0.0,ETH-27MAR20-440-C,190.96,91.44,0.063,32.0,0.081,110.0,99.15,0.46079,-0.10232,0.18524,0.00212,0.23195
196.85,SYN.ETH-27MAR20,1566730743483,open,1.32,0.0,1.209,1.407,1.307199,95.38,None,0.0,ETH-27MAR20-440-P,190.96,0.0,0.0,0.0,2.213,1.0,500.0,0.46054,-0.10221,-2.40518,0.00212,-0.76828
191.17,SYN.ETH-6SEP19,1566730743506,open,0.04,10.0,0.015,0.068,0.04054,82.76,0.035,0.0,ETH-6SEP19-200-C,190.96,76.26,0.036,320.0,0.045,120.0,89.1,0.13405,-0.46706,0.02298,0.01362,0.40992
196.85,SYN.ETH-27MAR20,1566730743558,open,0.06,25.0,0.025,0.1,0.060602,96.1,0.069,0.0,ETH-27MAR20-480-C,190.96,92.48,0.053,32.0,0.068,110.0,99.47,0.42338,-0.09468,0.16203,0.00193,0.20042
191.17,SYN.ETH-6SEP19,1566730743598,open,0.09,0.0,0.05,0.123,0.086692,82.73,None,0.0,ETH-6SEP19-200-P,190.96,77.45,0.083,120.0,0.093,120.0,91.69,0.13404,-0.46688,-0.0421,0.01363,-0.59013
196.85,SYN.ETH-27MAR20,1566730743641,open,1.52,0.0,1.398,1.604,1.498883,96.05,None,0.0,ETH-27MAR20-480-P,190.96,0.0,0.0,0.0,0.0,0.0,0.0,0.42305,-0.09455,-2.66389,0.00193,-0.79984
191.17,SYN.ETH-6SEP19,1566730743787,open,0.13,0.0,0.084,0.163,0.123578,82.72,None,0.0,ETH-6SEP19-210-P,190.96,76.83,0.12,40.0,0.13,40.0,92.91,0.11794,-0.41075,-0.05188,0.01199,-0.71052
196.85,SYN.ETH-27MAR20,1566730743809,open,1.71,0.0,1.589,1.802,1.692394,96.42,None,0.0,ETH-27MAR20-520-P,190.96,0.0,0.0,0.0,0.0,0.0,0.0,0.38625,-0.08666,-2.91982,0.00176,-0.82718
196.85,SYN.ETH-27MAR20,1566730743894,open,0.05,20.0,0.017,0.08,0.045242,98.03,0.049,0.0,ETH-27MAR20-560-C,190.96,95.66,0.041,1.0,0.049,1.0,100.05,0.36038,-0.08221,0.12756,0.00161,0.15531
191.17,SYN.ETH-6SEP19,1566730743924,open,0.02,334.0,0.003,0.035,0.01536,83.71,0.014,0.0,ETH-6SEP19-220-C,190.96,78.86,0.013,360.0,0.018,161.0,88.86,0.09548,-0.33649,0.01126,0.00959,0.19636
191.17,SYN.ETH-6SEP19,1566730744042,open,0.17,0.0,0.126,0.207,0.166127,83.66,None,0.0,ETH-6SEP19-220-P,190.96,72.71,0.161,200.0,0.174,200.0,98.44,0.09543,-0.33616,-0.06033,0.00959,-0.80378
10321.3,BTC-27DEC19,1566730744121,open,1.54,0.0,1.474,1.602,1.53409174,92.91,None,0.0,BTC-27DEC19-26000-P,10148.45,0.0,0.0045,10.0,2.296,0.2,500.0,8.55162,-3.20699,-86.12326,3e-05,-0.92454
191.17,SYN.ETH-6SEP19,1566730744141,open,0.01,135.0,0.001,0.024,0.009024,84.26,0.006,0.0,ETH-6SEP19-230-C,190.96,78.58,0.007,400.0,0.011,1.0,89.31,0.07179,-0.2547,0.00734,0.00716,0.12704
10209.9,BTC-27SEP19,1566730744175,open,0.07,641.6,0.04,0.101,0.07087644,84.75,0.0695,0.0,BTC-27SEP19-11000-C,10148.45,82.74,0.0685,14.4,0.0705,0.2,84.43,12.05724,-15.54129,3.3405,0.00015,0.43413
10157.56,SYN.BTC-30AUG19,1566730744209,open,0.08,35.7,0.053,0.106,0.08026304,89.27,0.07,0.0,BTC-30AUG19-9500-C,10148.45,81.46,0.0775,7.0,0.081,1.0,91.31,3.66519,-33.55419,0.91974,0.0003,0.75811
10157.56,SYN.BTC-30AUG19,1566730744277,open,0.01,635.5,0.0015,0.0325,0.01328783,88.56,0.015,0.0,BTC-30AUG19-11000-C,10148.45,87.75,0.013,10.1,0.0165,24.0,97.39,3.59521,-32.65117,0.29885,0.00029,0.23354
10321.3,BTC-27DEC19,1566730744317,open,0.0,304.9,0.0005,0.012,0.0023622,104.59,0.0025,0.0,BTC-27DEC19-48000-C,10148.45,102.66,0.002,1.0,0.0025,4.1,105.27,2.05047,-0.86562,0.3825,1e-05,0.01328
10209.9,BTC-27SEP19,1566730744382,open,1.55,0.0,1.497,1.6005,1.54716339,116.09,None,0.0,BTC-27SEP19-26000-P,10148.45,0.0,0.0,0.0,0.0,0.0,0.0,0.52562,-0.92806,-23.36823,0.0,-0.99394
10209.9,BTC-27SEP19,1566730744382,open,0.0,492.7,0.0005,0.0105,1e-07,120.0,0.0005,0.0,BTC-27SEP19-2000-P,10148.45,0.0,0.0,0.0,0.0005,73.1,214.77,0.00019,-0.00035,-1e-05,0.0,0.0
10209.9,BTC-27SEP19,1566730744382,open,0.0,555.3,0.0005,0.011,0.00125743,106.51,0.0015,0.0,BTC-27SEP19-22000-C,10148.45,103.65,0.001,90.0,0.0015,2.0,108.86,0.9909,-1.6052,0.1033,1e-05,0.01249
10209.9,BTC-27SEP19,1566730744382,open,0.01,571.3,0.001,0.0255,0.01068909,88.8,0.0125,0.0,BTC-27SEP19-15000-C,10148.45,87.42,0.01,24.0,0.0115,0.2,90.37,5.18181,-6.9985,0.77597,6e-05,0.09507
10157.56,SYN.BTC-30AUG19,1566730744382,open,0.02,578.6,0.006,0.0495,0.02606548,86.9,0.025,0.0,BTC-30AUG19-10500-C,10148.45,81.09,0.0235,41.9,0.027,2.9,89.0,4.50356,-40.13149,0.49349,0.00038,0.38977
10157.56,SYN.BTC-30AUG19,1566730744382,open,0.12,52.7,0.0975,0.1455,0.12129585,96.17,0.127,0.0,BTC-30AUG19-9000-C,10148.45,0.0,0.0995,9.0,0.138,9.0,152.03,2.4339,-24.00296,1.02093,0.00018,0.87372
10321.3,BTC-27DEC19,1566730744388,open,0.85,0.1,0.845,0.8645,0.85488976,119.97,0.84,0.0,BTC-27DEC19-1500-C,10148.45,0.0,0.02,50.0,0.973,0.5,500.0,0.19095,-0.09246,5.0502,0.0,0.99906
10321.3,BTC-27DEC19,1566730744388,open,0.81,0.0,0.7975,0.817,0.80701803,117.59,None,0.0,BTC-27DEC19-2000-C,10148.45,0.0,0.0145,3.0,0.968,0.5,500.0,0.56489,-0.26811,6.65174,0.0,0.99691
10157.56,SYN.BTC-30AUG19,1566730744392,open,0.68,0.0,0.641,0.708,0.67363484,120.76,None,0.0,BTC-30AUG19-17000-P,10148.45,0.0,0.0,0.0,0.0,0.0,0.0,0.00668,-0.08275,-2.27068,0.0,-0.99985
10157.56,SYN.BTC-30AUG19,1566730744392,open,0.26,0.0,0.247,0.2785,0.2620659,114.73,0.256,0.0,BTC-30AUG19-7500-C,10148.45,0.0,0.25,9.0,0.272,9.0,209.23,0.29348,-3.4529,0.98866,2e-05,0.99071
10209.9,BTC-27SEP19,1566730744396,open,0.75,55.9,0.7455,0.765,0.75514079,116.91,0.689,0.0,BTC-27SEP19-2500-C,10148.45,0.0,0.0045,10.0,0.843,5.0,500.0,0.00192,-0.00341,2.25162,0.0,0.99999
10209.9,BTC-27SEP19,1566730744396,open,0.51,789.2,0.5005,0.5235,0.51175514,112.77,0.5015,0.0,BTC-27SEP19-5000-C,10148.45,0.0,0.502,10.0,0.5195,10.0,157.28,0.91159,-1.56351,4.38561,1e-05,0.98865
10432.69,SYN.BTC-27MAR20,1566730744396,open,0.03,1.9,0.007,0.054,0.02479421,95.94,0.0245,0.0,BTC-27MAR20-36000-C,10148.45,93.28,0.0215,6.0,0.0285,5.0,98.7,13.45781,-3.00425,4.27002,2e-05,0.09432
10321.3,BTC-27DEC19,1566730744399,open,3.28,0.0,3.18,3.358,3.26526503,99.15,3.46,0.0,BTC-27DEC19-44000-P,10148.45,0.0,0.0,0.0,0.0,0.0,0.0,2.03417,-0.81407,-148.94697,1e-05,-0.98684
10321.3,BTC-27DEC19,1566730744399,open,1.35,0.0,1.286,1.4105,1.34467853,91.74,None,0.0,BTC-27DEC19-24000-P,10148.45,0.0,0.006,1.0,2.1095,0.2,499.83,10.14838,-3.75789,-78.81039,3e-05,-0.90518
10321.3,BTC-27DEC19,1566730744405,open,4.05,0.8,3.94,4.1495,4.04046562,108.85,3.59,0.0,BTC-27DEC19-52000-P,10148.45,0.0,0.001,1.0,0.0,0.0,0.0,1.98309,-0.8713,-176.11482,1e-05,-0.98722
10170.64,SYN.BTC-6SEP19,1566730744405,open,0.15,0.0,0.1175,0.1825,0.14952506,83.72,None,0.0,BTC-6SEP19-11500-P,10148.45,78.07,0.1465,12.0,0.0,0.0,0.0,5.5745,-19.65033,-3.04188,0.0002,-0.76971
10321.3,BTC-27DEC19,1566730744407,open,0.02,343.6,0.005,0.0425,0.01938104,91.73,0.028,0.0,BTC-27DEC19-24000-C,10148.45,89.77,0.0175,6.0,0.0215,21.2,93.83,10.14592,-3.7566,2.64134,3e-05,0.09479
10157.56,SYN.BTC-30AUG19,1566730744407,open,0.0,81.6,0.0005,0.0105,0.00062512,109.6,0.0015,0.0,BTC-30AUG19-13500-C,10148.45,106.44,0.0005,45.0,0.0015,16.9,124.57,0.43288,-4.86539,0.01888,3e-05,0.01454
10321.3,BTC-27DEC19,1566730744417,open,0.76,0.0,0.7495,0.769,0.75902073,107.9,None,0.0,BTC-27DEC19-2500-C,10148.45,0.0,0.02,0.3,0.963,0.5,500.0,0.8827,-0.38444,8.26311,0.0,0.99491
10209.9,BTC-27SEP19,1566730744419,open,0.56,289.7,0.5505,0.57,0.56015266,119.51,0.588,0.0,BTC-27SEP19-4500-C,10148.45,0.0,0.5515,11.0,0.567,11.0,170.79,0.58802,-1.06882,3.98161,1e-05,0.99312
10157.56,SYN.BTC-30AUG19,1566730744419,open,0.0,355.0,0.0005,0.011,0.0013233,108.66,0.0015,0.0,BTC-30AUG19-13000-C,10148.45,104.0,0.001,30.0,0.002,16.5,116.5,0.76756,-8.55271,0.037,5e-05,0.02859
10209.9,BTC-27SEP19,1566730744421,open,0.0,586.8,0.0005,0.0105,1.663e-05,120.0,0.0005,0.0,BTC-27SEP19-3000-P,10148.45,0.0,0.0,0.0,0.0005,42.0,162.54,0.02009,-0.03666,-0.00173,0.0,-0.00017
10321.3,BTC-27DEC19,1566730744423,open,0.0,268.7,0.0005,0.012,0.00221962,99.07,0.002,0.0,BTC-27DEC19-44000-C,10148.45,90.97,0.001,21.0,0.003,3.8,102.63,2.02346,-0.8091,0.38041,1e-05,0.01308
10209.9,BTC-27SEP19,1566730744423,open,0.66,261.1,0.6475,0.667,0.65728193,119.88,0.714,0.0,BTC-27SEP19-3500-C,10148.45,0.0,0.6495,11.0,0.6645,11.0,214.81,0.08412,-0.15337,3.1443,0.0,0.9992
10209.9,BTC-27SEP19,1566730744423,open,0.0,49.2,0.0005,0.0105,4.019e-05,120.0,0.0015,0.0,BTC-27SEP19-3250-P,10148.45,0.0,0.0,0.0,0.001,52.0,165.78,0.04343,-0.07927,-0.00397,0.0,-0.00039
10157.56,SYN.BTC-30AUG19,1566730744423,open,0.0,136.2,0.0005,0.012,0.00234027,104.49,0.003,0.0,BTC-30AUG19-12500-C,10148.45,101.45,0.002,30.0,0.003,14.3,109.76,1.18515,-12.69986,0.06287,8e-05,0.04868
10321.3,BTC-27DEC19,1566730744426,open,0.4,63.0,0.3755,0.4305,0.40316808,81.97,0.4965,0.0,BTC-27DEC19-6500-C,10148.45,56.32,0.3795,10.0,0.424,10.0,99.19,11.57731,-3.8306,16.92348,4e-05,0.8863
10170.64,SYN.BTC-6SEP19,1566730744435,open,0.04,31.0,0.02,0.072,0.04582516,83.02,0.046,0.0,BTC-6SEP19-10500-C,10148.45,79.05,0.043,6.9,0.046,0.5,83.26,7.24952,-25.33932,1.32139,0.00026,0.44514
10157.56,SYN.BTC-30AUG19,1566730744437,open,0.0,1165.9,0.0005,0.0105,0.00012816,120.0,0.0005,0.0,BTC-30AUG19-7000-P,10148.45,0.0,0.0,0.0,0.0005,17.1,140.4,0.10566,-1.30022,-0.00417,1e-05,-0.00295
10157.56,SYN.BTC-30AUG19,1566730744437,open,0.0,1459.3,0.0005,0.011,0.00114779,107.47,0.001,0.0,BTC-30AUG19-8000-P,10148.45,105.07,0.001,30.0,0.0015,7.0,112.5,0.65376,-7.20498,-0.03358,4e-05,-0.0236
10170.64,SYN.BTC-6SEP19,1566730744454,open,0.0,52.5,0.0005,0.012,0.00239163,96.35,0.005,0.0,BTC-6SEP19-7500-P,10148.45,93.25,0.002,30.0,0.0025,30.2,97.16,1.34796,-5.46836,-0.11686,4e-05,-0.03292
10432.69,SYN.BTC-27MAR20,1566730744534,open,2.3,0.0,2.2045,2.38,2.28718338,95.34,None,0.0,BTC-27MAR20-34000-P,10148.45,0.0,0.0,0.0,0.0,0.0,0.0,14.63442,-3.2467,-195.39263,2e-05,-0.89421
10432.69,SYN.BTC-27MAR20,1566730744609,open,0.13,40.3,0.0815,0.168,0.12479874,84.09,0.119,0.0,BTC-27MAR20-8000-P,10148.45,81.18,0.118,4.9,0.1245,3.0,83.96,24.39102,-4.77247,-21.87932,5e-05,-0.23144
10170.65,SYN.BTC-6SEP19,1566730744644,open,0.02,16.5,0.004,0.036,0.01713441,84.49,0.018,0.0,BTC-6SEP19-9000-P,10148.45,82.15,0.016,20.6,0.018,24.0,86.25,4.97561,-17.70055,-0.68487,0.00017,-0.18983
10432.7,SYN.BTC-27MAR20,1566730744658,open,0.17,0.2,0.11,0.22,0.16648848,88.11,0.1725,0.0,BTC-27MAR20-14000-C,10148.45,83.84,0.1535,3.6,0.172,7.0,89.92,31.7842,-6.51693,18.11068,6e-05,0.46137
10432.7,SYN.BTC-27MAR20,1566730744695,open,0.08,19.8,0.041,0.13,0.0831836,89.07,0.0925,0.0,BTC-27MAR20-20000-C,10148.45,87.41,0.079,4.9,0.0885,9.8,91.14,26.50345,-5.49308,11.51935,5e-05,0.27074
10432.7,SYN.BTC-27MAR20,1566730744750,open,0.05,0.7,0.019,0.089,0.04966869,92.2,0.053,0.0,BTC-27MAR20-26000-C,10148.45,90.32,0.046,4.9,0.054,8.0,94.36,20.58707,-4.41702,7.65897,3e-05,0.17437
10170.65,SYN.BTC-6SEP19,1566730744932,open,0.01,64.2,0.002,0.0285,0.01167727,84.5,0.012,0.0,BTC-6SEP19-12000-C,10148.45,82.92,0.011,6.6,0.0135,24.0,88.6,4.39955,-15.65294,0.47927,0.00015,0.15651
10170.65,SYN.BTC-6SEP19,1566730744944,open,0.22,0.0,0.1985,0.2395,0.21831581,92.17,None,0.0,BTC-6SEP19-8000-C,10148.45,0.0,0.0,0.0,0.0,0.0,0.0,2.28087,-8.8516,2.37697,7e-05,0.93662
10432.7,SYN.BTC-27MAR20,1566730744950,open,0.02,3.7,0.0055,0.048,0.02111825,98.49,0.024,0.0,BTC-27MAR20-40000-C,10148.45,95.65,0.018,5.0,0.0245,4.0,101.31,11.97456,-2.74427,3.657,2e-05,0.08066
191.05,SYN.ETH-30AUG19,1566730745000,open,0.0,10.0,0.001,0.011,0.000537,102.42,0.002,0.0,ETH-30AUG19-250-C,190.96,0.0,0.0,0.0,0.001,50.0,111.72,0.00761,-0.07997,0.00033,0.00152,0.01345
10432.7,SYN.BTC-27MAR20,1566730745052,open,2.48,0.0,2.391,2.5705,2.47549977,95.95,None,0.0,BTC-27MAR20-36000-P,10148.45,0.0,0.0,0.0,0.0,0.0,0.0,13.46276,-3.00576,-207.66032,2e-05,-0.90563
10432.7,SYN.BTC-27MAR20,1566730745079,open,0.51,7.6,0.4365,0.5775,0.50842941,88.12,0.475,0.0,BTC-27MAR20-14000-P,10148.37,83.2,0.4935,3.6,0.525,2.0,93.55,31.78426,-6.51709,-64.30734,6e-05,-0.53863
10432.7,SYN.BTC-27MAR20,1566730745079,open,0.1,3.0,0.056,0.153,0.10348116,88.66,0.105,0.0,BTC-27MAR20-18000-C,10148.37,86.29,0.097,4.9,0.111,8.0,91.37,28.70572,-5.92202,13.43029,5e-05,0.32215
10170.65,SYN.BTC-6SEP19,1566730745079,open,0.19,20.0,0.161,0.224,0.1915444,84.51,0.2,0.0,BTC-6SEP19-12000-P,10148.37,0.0,0.167,7.0,0.2195,7.0,136.06,4.39973,-15.65409,-3.42504,0.00015,-0.84348
10170.65,SYN.BTC-6SEP19,1566730745079,open,0.03,29.7,0.0095,0.054,0.03010664,83.72,0.029,0.0,BTC-6SEP19-11000-C,10148.37,84.33,0.0305,1.0,0.032,25.0,86.61,6.63313,-23.38176,0.98802,0.00024,0.32868
10432.7,SYN.BTC-27MAR20,1566730745080,open,2.11,0.0,2.019,2.1905,2.09983963,94.91,None,0.0,BTC-27MAR20-32000-P,10148.37,0.0,0.0,0.0,0.0,0.0,0.0,16.01263,-3.53637,-183.01386,3e-05,-0.88
10432.7,SYN.BTC-27MAR20,1566730745079,open,0.05,20.1,0.0265,0.0795,0.05145477,84.09,0.0555,0.0,BTC-27MAR20-6000-P,10148.37,80.12,0.0455,6.0,0.049,0.1,82.47,15.91816,-3.11461,-10.46876,3e-05,-0.119
10432.7,SYN.BTC-27MAR20,1566730745079,open,0.23,66.8,0.1705,0.2815,0.22752444,84.09,0.2235,0.0,BTC-27MAR20-10000-P,10148.37,81.79,0.221,4.9,0.23,4.0,84.96,29.61573,-5.79478,-35.40353,5e-05,-0.34892
10170.65,SYN.BTC-6SEP19,1566730745079,open,0.09,1.2,0.0675,0.124,0.09685148,83.49,0.0885,0.0,BTC-6SEP19-9500-C,10148.37,79.71,0.0945,6.2,0.0985,1.7,86.11,6.36562,-22.37488,2.00036,0.00023,0.70135
10170.65,SYN.BTC-6SEP19,1566730745079,open,0.01,8.1,0.0005,0.024,0.00943493,88.24,0.0095,0.0,BTC-6SEP19-8500-P,10148.37,86.97,0.009,4.2,0.0095,30.0,88.42,3.53255,-13.12345,-0.40752,0.00012,-0.11372
10432.7,SYN.BTC-27MAR20,1566730745079,open,0.01,1.4,0.0025,0.024,0.01200801,84.69,0.015,0.0,BTC-27MAR20-4000-P,10148.37,82.12,0.0105,2.0,0.013,9.0,86.3,6.31749,-1.24498,-2.9433,1e-05,-0.03591
10170.65,SYN.BTC-6SEP19,1566730745080,open,0.07,2.2,0.0385,0.0955,0.06794963,83.02,0.0635,0.0,BTC-6SEP19-10000-C,10148.37,78.85,0.065,6.4,0.0695,1.0,85.21,7.19081,-25.13401,1.67628,0.00026,0.57451
10170.65,SYN.BTC-6SEP19,1566730745079,open,0.26,0.0,0.248,0.2835,0.26497512,96.35,None,0.0,BTC-6SEP19-7500-C,10148.37,0.0,0.0,0.0,0.0,0.0,0.0,1.34785,-5.46779,2.32337,4e-05,0.96708
10432.7,SYN.BTC-27MAR20,1566730745079,open,0.27,24.1,0.2145,0.318,0.26899521,84.09,0.275,0.0,BTC-27MAR20-10000-C,10148.37,80.4,0.2585,3.6,0.2805,8.0,88.15,29.61579,-5.79468,23.46669,5e-05,0.65108
10432.7,SYN.BTC-27MAR20,1566730745079,open,0.36,12.3,0.291,0.4195,0.35686879,85.27,0.3285,0.0,BTC-27MAR20-12000-P,10148.37,82.69,0.349,3.6,0.369,12.0,89.27,31.72999,-6.29614,-49.8582,6e-05,-0.45492
10170.65,SYN.BTC-6SEP19,1566730745079,open,0.11,0.0,0.0785,0.144,0.11165113,83.72,None,0.0,BTC-6SEP19-11000-P,10148.37,78.85,0.1085,8.0,0.114,18.0,87.31,6.63316,-23.38219,-2.59095,0.00024,-0.67132
10170.65,SYN.BTC-6SEP19,1566730745079,open,0.24,0.0,0.207,0.2685,0.23631109,85.84,None,0.0,BTC-6SEP19-12500-P,10148.37,0.0,0.0,0.0,0.0,0.0,0.0,3.33199,-12.04183,-3.74422,0.00012,-0.89517
10432.7,SYN.BTC-27MAR20,1566730745079,open,0.67,0.0,0.59,0.736,0.66355171,88.16,None,0.0,BTC-27MAR20-16000-P,10148.37,0.0,0.0005,5.0,0.0,0.0,0.0,30.58302,-6.27364,-78.56421,5e-05,-0.61563
10432.7,SYN.BTC-27MAR20,1566730745079,open,1.0,0.0,0.926,1.0775,1.00024206,89.07,None,0.0,BTC-27MAR20-20000-P,10148.37,0.0,0.0005,2.0,0.0,0.0,0.0,26.50431,-5.49348,-106.22025,5e-05,-0.72924
10432.7,SYN.BTC-27MAR20,1566730745079,open,0.06,14.9,0.0245,0.101,0.05880292,91.45,0.061,0.0,BTC-27MAR20-24000-C,10148.37,89.67,0.055,4.9,0.0635,8.0,93.6,22.50717,-4.78956,8.76077,4e-05,0.20145
10170.65,SYN.BTC-6SEP19,1566730745080,open,0.0,2.1,0.0005,0.015,0.00439904,86.68,0.0065,0.0,BTC-6SEP19-13000-C,10148.37,84.95,0.004,6.7,0.005,0.5,89.13,2.4057,-8.77914,0.21009,8e-05,0.06789
10170.65,SYN.BTC-6SEP19,1566730745079,open,0.0,15.5,0.0005,0.0125,0.00279621,88.5,0.003,0.0,BTC-6SEP19-13500-C,10148.37,83.39,0.002,25.2,0.0035,3.0,92.35,1.74277,-6.4939,0.14007,6e-05,0.04512
10432.7,SYN.BTC-27MAR20,1566730745079,open,0.07,2.6,0.032,0.115,0.07015551,90.58,0.068,0.0,BTC-27MAR20-22000-C,10148.37,88.36,0.065,4.9,0.076,8.0,93.03,24.53528,-5.1714,10.05736,4e-05,0.23391
10432.7,SYN.BTC-27MAR20,1566730745079,open,0.13,6.2,0.0775,0.182,0.12990641,88.16,0.143,0.0,BTC-27MAR20-16000-C,10148.37,85.1,0.121,4.9,0.139,7.0,91.24,30.58282,-6.27346,15.62772,5e-05,0.38436
10170.65,SYN.BTC-6SEP19,1566730745079,open,0.03,14.5,0.0105,0.055,0.03091284,83.49,0.037,0.0,BTC-6SEP19-9500-P,10148.37,81.22,0.0295,6.9,0.0325,24.0,86.01,6.36564,-22.37534,-1.09059,0.00023,-0.29866
10432.7,SYN.BTC-27MAR20,1566730745079,open,1.55,0.0,1.4655,1.6255,1.5418447,92.21,None,0.0,BTC-27MAR20-26000-P,10148.37,0.0,0.0,0.0,0.0,0.0,0.0,20.58916,-4.41776,-145.40219,3e-05,-0.8256
10170.65,SYN.BTC-6SEP19,1566730745079,open,0.01,13.1,0.0005,0.021,0.00728326,85.83,0.007,0.0,BTC-6SEP19-12500-C,10148.37,83.38,0.0065,7.6,0.008,4.0,87.98,3.33181,-12.04079,0.32277,0.00012,0.10482
10432.7,SYN.BTC-27MAR20,1566730745079,open,1.73,0.0,1.649,1.812,1.72628939,92.96,None,0.0,BTC-27MAR20-28000-P,10148.37,0.0,0.0,0.0,0.0,0.0,0.0,18.83573,-4.07438,-158.10093,3e-05,-0.84792
10432.7,SYN.BTC-27MAR20,1566730745079,open,1.18,0.0,1.1035,1.2585,1.1789178,90.58,None,0.0,BTC-27MAR20-22000-P,10148.37,0.0,0.0,0.0,0.0,0.0,0.0,24.53624,-5.1718,-119.45624,4e-05,-0.76607
10170.65,SYN.BTC-6SEP19,1566730745079,open,0.31,0.0,0.298,0.3285,0.31267581,98.31,None,0.0,BTC-6SEP19-7000-C,10148.37,0.0,0.0,0.0,0.0,0.0,0.0,0.65731,-2.72065,2.22791,2e-05,0.98594
10170.65,SYN.BTC-6SEP19,1566730745080,open,0.08,3.3,0.047,0.109,0.0782088,83.02,0.0845,0.0,BTC-6SEP19-10500-P,10148.37,80.62,0.0765,6.9,0.08,1.0,85.53,7.24953,-25.33972,-2.0949,0.00026,-0.55486
10432.7,SYN.BTC-27MAR20,1566730745079,open,0.63,0.0,0.6135,0.645,0.62859636,84.69,None,0.0,BTC-27MAR20-4000-C,10148.37,0.0,0.2,1.0,0.0,0.0,0.0,6.31703,-1.24485,20.60503,1e-05,0.96409
10432.7,SYN.BTC-27MAR20,1566730745079,open,0.04,0.7,0.015,0.0795,0.04241011,92.95,0.0435,0.0,BTC-27MAR20-28000-C,10148.37,91.03,0.039,4.9,0.0465,8.0,95.17,18.83366,-4.07368,6.73431,3e-05,0.15206
10170.65,SYN.BTC-6SEP19,1566730745079,open,0.33,0.0,0.302,0.362,0.33014581,88.5,None,0.0,BTC-6SEP19-13500-P,10148.37,0.0,0.0,0.0,0.0,0.0,0.0,1.74295,-6.49477,-4.25229,6e-05,-0.95487
10170.65,SYN.BTC-6SEP19,1566730745079,open,0.02,40.6,0.004,0.039,0.01881947,83.72,0.018,0.0,BTC-6SEP19-11500-C,10148.37,81.29,0.0175,6.9,0.02,1.0,85.86,5.57448,-19.65004,0.69977,0.0002,0.23029
10432.7,SYN.BTC-27MAR20,1566730745079,open,0.04,13.7,0.012,0.0715,0.03667991,93.76,0.0375,0.0,BTC-27MAR20-30000-C,10148.37,91.48,0.033,6.0,0.0405,8.0,96.01,17.27476,-3.76894,5.96579,3e-05,0.13382
10170.65,SYN.BTC-6SEP19,1566730745079,open,0.29,0.0,0.254,0.3145,0.282588,86.68,None,0.0,BTC-6SEP19-13000-P,10148.37,0.0,0.0,0.0,0.0,0.0,0.0,2.40597,-8.78052,-4.01958,8e-05,-0.9321
10170.65,SYN.BTC-6SEP19,1566730745079,open,0.01,19.4,0.0005,0.0155,0.0048939,92.18,0.005,0.0,BTC-6SEP19-8000-P,10148.37,90.39,0.0045,5.5,0.005,30.0,92.65,2.28106,-8.8527,-0.22594,7e-05,-0.06338
10170.65,SYN.BTC-6SEP19,1566730745079,open,0.05,20.4,0.024,0.0795,0.05117172,83.02,0.052,0.0,BTC-6SEP19-10000-P,10148.37,80.65,0.0495,0.1,0.0535,18.0,86.31,7.19081,-25.13424,-1.57734,0.00026,-0.42549
10432.7,SYN.BTC-27MAR20,1566730745079,open,2.86,1.0,2.765,2.9565,2.85523518,98.5,2.7125,0.0,BTC-27MAR20-40000-P,10148.37,0.0,0.0,0.0,0.0,0.0,0.0,11.98044,-2.74606,-231.82112,2e-05,-0.91929
10432.7,SYN.BTC-27MAR20,1566730745079,open,0.48,0.0,0.4445,0.507,0.47633827,84.09,None,0.0,BTC-27MAR20-6000-C,10148.37,0.0,0.283,1.0,0.0,0.0,0.0,15.91803,-3.11454,24.85346,3e-05,0.881
196.85,SYN.ETH-27MAR20,1566730745203,open,0.35,1.0,0.297,0.397,0.351515,91.05,0.357,0.0,ETH-27MAR20-160-C,190.96,0.0,0.0,0.0,0.0,0.0,0.0,0.48908,-0.10362,0.45119,0.00235,0.74086
191.17,SYN.ETH-6SEP19,1566730745245,open,0.22,0.0,0.193,0.246,0.219929,91.4,None,0.0,ETH-6SEP19-150-C,190.96,0.0,0.0,0.0,0.0,0.0,0.0,0.04115,-0.15837,0.04478,0.00379,0.93986
196.85,SYN.ETH-27MAR20,1566730745279,open,0.17,12.0,0.112,0.213,0.164276,91.04,0.15,0.0,ETH-27MAR20-160-P,190.96,86.9,0.154,32.0,0.175,140.0,95.36,0.48908,-0.1036,-0.49068,0.00236,-0.25915
10321.3,BTC-27DEC19,1566730745361,open,0.0,384.0,0.0005,0.0115,0.00155174,97.48,0.0015,0.0,BTC-27DEC19-3000-P,10148.37,84.45,0.0005,20.8,0.0025,6.7,104.62,1.16478,-0.45831,-0.29791,0.0,-0.00695
196.85,SYN.ETH-27MAR20,1566730745367,open,0.26,364.0,0.204,0.314,0.264444,90.04,0.265,0.0,ETH-27MAR20-200-C,190.96,86.45,0.254,24.0,0.265,46.0,90.23,0.57203,-0.11984,0.4195,0.00279,0.62644
196.85,SYN.ETH-27MAR20,1566730745459,open,0.29,3.0,0.214,0.341,0.280395,90.02,0.279,0.0,ETH-27MAR20-200-P,190.96,87.48,0.273,32.0,0.297,120.0,95.75,0.57204,-0.11982,-0.75788,0.00279,-0.37359
191.17,SYN.ETH-6SEP19,1566730745473,open,0.0,10.0,0.001,0.015,0.004543,91.33,0.006,0.0,ETH-6SEP19-150-P,190.96,83.39,0.003,200.0,0.006,200.0,97.65,0.04109,-0.15799,-0.00402,0.00378,-0.06002
196.85,SYN.ETH-27MAR20,1566730745535,open,0.21,58.0,0.148,0.262,0.209997,92.67,0.206,0.0,ETH-27MAR20-240-C,190.96,87.76,0.195,24.0,0.207,167.0,91.69,0.60078,-0.12955,0.37152,0.00284,0.53059
191.17,SYN.ETH-6SEP19,1566730745598,open,0.17,0.0,0.142,0.201,0.172854,88.74,None,0.0,ETH-6SEP19-160-C,190.96,0.0,0.0,0.0,0.0,0.0,0.0,0.0676,-0.25258,0.0442,0.00641,0.88338
196.85,SYN.ETH-27MAR20,1566730745621,open,0.43,90.0,0.351,0.5,0.429137,92.65,0.455,0.0,ETH-27MAR20-240-P,190.96,88.02,0.415,24.0,0.443,120.0,97.2,0.60078,-0.12952,-1.04135,0.00284,-0.46946
191.17,SYN.ETH-6SEP19,1566730745700,open,0.01,194.0,0.001,0.025,0.009776,88.7,0.01,0.0,ETH-6SEP19-160-P,190.96,80.33,0.007,400.0,0.012,200.0,94.75,0.06756,-0.25229,-0.00786,0.00641,-0.11652
196.85,SYN.ETH-27MAR20,1566730745707,open,0.16,6.0,0.105,0.215,0.163575,92.67,0.163,0.0,ETH-27MAR20-280-C,190.96,88.84,0.152,24.0,0.164,169.0,92.81,0.59667,-0.12866,0.32533,0.00282,0.44431
196.85,SYN.ETH-27MAR20,1566730745790,open,0.59,51.0,0.502,0.665,0.585964,92.66,0.588,0.0,ETH-27MAR20-280-P,190.96,88.37,0.573,24.0,0.605,120.0,98.92,0.59667,-0.12865,-1.32303,0.00282,-0.55571
191.17,SYN.ETH-6SEP19,1566730745794,open,0.13,0.0,0.095,0.16,0.1296,85.83,None,0.0,ETH-6SEP19-170-C,190.96,0.0,0.0,0.0,0.0,0.0,0.0,0.09703,-0.35062,0.04159,0.00951,0.79831
191.17,SYN.ETH-6SEP19,1566730745878,open,0.02,17.0,0.004,0.04,0.018847,85.83,0.017,0.0,ETH-6SEP19-170-P,190.96,80.11,0.016,360.0,0.021,1.0,90.02,0.09703,-0.35062,-0.01372,0.00951,-0.20169
196.85,SYN.ETH-27MAR20,1566730745881,open,0.12,3.0,0.075,0.178,0.128579,92.66,0.131,0.0,ETH-27MAR20-320-C,190.96,89.69,0.12,32.0,0.131,48.0,93.5,0.57101,-0.12312,0.2815,0.0027,0.37149
196.85,SYN.ETH-27MAR20,1566730745961,open,0.76,1.0,0.666,0.839,0.754182,92.66,0.827,0.0,ETH-27MAR20-320-P,190.96,70.68,0.694,4.0,0.778,120.0,100.77,0.57101,-0.12312,-1.60234,0.0027,-0.62851
191.17,SYN.ETH-6SEP19,1566730745973,open,0.09,0.0,0.058,0.124,0.09323,85.28,None,0.0,ETH-6SEP19-180-C,190.96,75.52,0.087,120.0,0.097,120.0,91.1,0.12327,-0.44261,0.03651,0.01216,0.68026
196.85,SYN.ETH-27MAR20,1566730746048,open,0.1,5.0,0.054,0.149,0.101976,92.66,0.105,0.0,ETH-27MAR20-360-C,190.96,90.44,0.096,32.0,0.105,1.0,93.78,0.53345,-0.11502,0.242,0.00252,0.31081
196.85,SYN.ETH-27MAR20,1566730746125,open,0.94,0.0,0.84,1.02,0.93078,92.66,None,0.0,ETH-27MAR20-360-P,190.96,70.37,0.876,3.0,0.982,3.0,110.72,0.53345,-0.11502,-1.87732,0.00252,-0.68919
191.17,SYN.ETH-6SEP19,1566730746135,open,0.04,82.0,0.011,0.062,0.034785,85.28,0.044,0.0,ETH-6SEP19-180-P,190.96,79.38,0.031,160.0,0.038,160.0,90.24,0.12327,-0.44261,-0.02205,0.01216,-0.31974
194.2,ETH-27DEC19,1566730746170,open,0.72,101.0,0.638,0.787,0.71255,92.52,0.513,0.0,ETH-27DEC19-320-P,190.96,47.91,0.653,20.0,0.742,20.0,107.46,0.36369,-0.13581,-0.96024,0.00307,-0.74446
191.17,SYN.ETH-6SEP19,1566730746206,open,0.0,1.0,0.001,0.011,0.001938,88.66,0.003,0.0,ETH-6SEP19-260-C,190.96,80.04,0.001,200.0,0.003,3.0,95.68,0.02518,-0.094,0.00191,0.00239,0.03268
196.85,SYN.ETH-27MAR20,1566730746208,open,0.09,10.0,0.042,0.131,0.086415,94.6,0.094,0.0,ETH-27MAR20-400-C,190.96,90.82,0.077,32.0,0.095,110.0,97.94,0.49904,-0.10985,0.21231,0.00231,0.26962
194.2,ETH-27DEC19,1566730746212,open,0.0,2523.0,0.001,0.014,0.004023,101.43,0.004,0.0,ETH-27DEC19-760-C,190.96,93.17,0.002,600.0,0.006,240.0,107.05,0.05945,-0.02434,0.01187,0.00046,0.02203
191.55,ETH-27SEP19,1566730746214,open,0.05,1431.0,0.025,0.082,0.053136,87.54,0.048,0.0,ETH-27SEP19-220-C,190.96,83.78,0.049,128.0,0.058,238.0,91.91,0.21207,-0.28234,0.05055,0.00733,0.34615
191.05,SYN.ETH-30AUG19,1566730746214,open,0.0,2280.0,0.001,0.011,8e-06,125.0,0.003,0.0,ETH-30AUG19-320-C,190.96,0.0,0.0,0.0,0.001,200.0,192.65,0.00019,-0.00157,1e-05,3e-05,0.00023
191.05,SYN.ETH-30AUG19,1566730746216,open,0.01,1475.0,0.001,0.026,0.008783,83.62,0.008,0.0,ETH-30AUG19-210-C,190.96,77.43,0.007,200.0,0.008,17.0,80.96,0.05714,-0.49,0.00427,0.01402,0.17609
191.55,ETH-27SEP19,1566730746218,open,0.0,6011.0,0.001,0.011,0.000214,125.0,0.002,0.0,ETH-27SEP19-600-C,190.96,0.0,0.0,0.0,0.001,299.0,144.63,0.00388,-0.00738,0.00033,9e-05,0.00215
191.55,ETH-27SEP19,1566730746220,open,0.0,839.0,0.001,0.011,5.6e-05,125.0,0.001,0.0,ETH-27SEP19-60-P,190.96,0.0,0.0,0.0,0.001,200.0,168.0,0.00105,-0.002,-0.0001,3e-05,-0.00052
191.05,SYN.ETH-30AUG19,1566730746220,open,0.32,0.0,0.299,0.34,0.319682,125.0,None,0.0,ETH-30AUG19-130-C,190.96,0.0,0.0,0.0,0.0,0.0,0.0,0.00208,-0.02667,0.01728,0.00034,0.9969
191.05,SYN.ETH-30AUG19,1566730746222,open,0.37,0.0,0.322,0.405,0.361415,113.88,0.218,0.0,ETH-30AUG19-260-P,190.96,0.0,0.0,0.0,0.0,0.0,0.0,0.00662,-0.07726,-0.03445,0.00119,-0.98856
191.05,SYN.ETH-30AUG19,1566730746222,open,0.89,0.0,0.83,0.942,0.884348,124.87,None,0.0,ETH-30AUG19-360-P,190.96,0.0,0.0,0.0,0.0,0.0,0.0,1e-05,-0.0001,-0.04809,0.0,-0.99999
191.05,SYN.ETH-30AUG19,1566730746222,open,0.04,127.0,0.01,0.066,0.035755,83.62,0.043,0.0,ETH-30AUG19-190-P,190.96,81.97,0.035,5.0,0.039,120.0,90.69,0.0876,-0.7512,-0.0126,0.02149,-0.4581
194.2,ETH-27DEC19,1566730746224,open,0.01,2129.0,0.001,0.02,0.007439,99.58,0.009,0.0,ETH-27DEC19-640-C,190.96,96.43,0.006,1.0,0.009,150.0,102.58,0.09495,-0.03816,0.02062,0.00074,0.03872
191.55,ETH-27SEP19,1566730746224,open,1.94,24.0,1.839,2.015,1.923912,125.0,1.356,0.0,ETH-27SEP19-560-P,190.96,0.0,0.0,0.0,0.0,0.0,0.0,0.00646,-0.01228,-0.50381,0.00016,-0.99623
191.55,ETH-27SEP19,1566730746224,open,1.1,79.0,1.028,1.158,1.090232,109.21,0.351,0.0,ETH-27SEP19-400-P,190.96,0.0,0.0,0.0,0.0,0.0,0.0,0.02622,-0.04355,-0.35741,0.00073,-0.98136
191.55,ETH-27SEP19,1566730746224,open,0.0,9306.0,0.001,0.014,0.004514,94.1,0.005,0.0,ETH-27SEP19-120-P,190.96,87.01,0.003,10.0,0.006,160.0,99.86,0.04562,-0.06529,-0.00702,0.00147,-0.03616
191.55,ETH-27SEP19,1566730746228,open,0.08,1656.0,0.05,0.118,0.085575,87.03,0.087,0.0,ETH-27SEP19-200-C,190.96,84.04,0.082,96.0,0.09,110.0,90.72,0.2292,-0.30337,0.06911,0.00797,0.48616
191.55,ETH-27SEP19,1566730746242,open,0.13,866.0,0.097,0.169,0.135577,88.67,0.127,0.0,ETH-27SEP19-180-C,190.96,83.68,0.13,96.0,0.14,110.0,92.61,0.21442,-0.28915,0.08756,0.00732,0.6431
191.55,ETH-27SEP19,1566730746242,open,0.29,2549.0,0.237,0.334,0.285352,88.32,0.29,0.0,ETH-27SEP19-240-P,190.96,0.0,0.251,24.0,0.321,24.0,123.2,0.17721,-0.23803,-0.18099,0.00607,-0.76367
191.55,ETH-27SEP19,1566730746244,open,0.0,5178.0,0.001,0.011,0.001086,121.64,0.001,0.0,ETH-27SEP19-480-C,190.96,0.0,0.0,0.0,0.002,200.0,130.88,0.01506,-0.02786,0.0015,0.00037,0.0098
194.2,ETH-27DEC19,1566730746247,open,0.02,1252.0,0.005,0.039,0.018713,95.67,0.02,0.0,ETH-27DEC19-480-C,190.96,92.66,0.016,200.0,0.022,150.0,99.01,0.18269,-0.07055,0.04654,0.00149,0.08932
191.55,ETH-27SEP19,1566730746249,open,0.01,2476.0,0.003,0.028,0.012345,91.1,0.011,0.0,ETH-27SEP19-280-C,190.96,86.59,0.01,360.0,0.015,270.0,95.73,0.10475,-0.14512,0.01604,0.00348,0.1053
191.05,SYN.ETH-30AUG19,1566730746249,open,0.26,382.0,0.22,0.297,0.257109,95.52,0.303,0.0,ETH-30AUG19-240-P,190.96,0.0,0.0,0.0,0.0,0.0,0.0,0.01166,-0.11423,-0.03152,0.0025,-0.97784
191.55,ETH-27SEP19,1566730746251,open,0.01,2061.0,0.001,0.015,0.005018,94.32,0.008,0.0,ETH-27SEP19-320-C,190.96,86.45,0.003,360.0,0.007,160.0,100.38,0.05674,-0.0814,0.0073,0.00182,0.04733
191.55,ETH-27SEP19,1566730746251,open,0.0,3828.0,0.001,0.011,0.000393,125.0,0.001,0.0,ETH-27SEP19-560-C,190.96,0.0,0.0,0.0,0.001,200.0,137.27,0.00646,-0.01228,0.00058,0.00016,0.00377
191.55,ETH-27SEP19,1566730746251,open,0.68,607.0,0.624,0.732,0.6756,94.32,0.761,0.0,ETH-27SEP19-320-P,190.96,0.0,0.65,19.0,0.707,19.0,150.2,0.05674,-0.0814,-0.28093,0.00182,-0.95267
191.05,SYN.ETH-30AUG19,1566730746253,open,0.0,4133.0,0.001,0.011,0.0,125.0,0.002,0.0,ETH-30AUG19-400-C,190.96,0.0,0.0,0.0,0.001,200.0,260.64,0.0,0.0,0.0,0.0,0.0
194.2,ETH-27DEC19,1566730746257,open,2.12,0.0,2.002,2.203,2.098317,97.85,0.953,0.0,ETH-27DEC19-600-P,190.96,0.0,0.0,0.0,0.0,0.0,0.0,0.10751,-0.04246,-2.01231,0.00086,-0.95486
191.55,ETH-27SEP19,1566730746257,open,1.73,12.0,1.636,1.8,1.715334,123.27,1.193,0.0,ETH-27SEP19-520-P,190.96,0.0,0.0,0.0,0.0,0.0,0.0,0.00972,-0.01822,-0.46745,0.00024,-0.99404
194.2,ETH-27DEC19,1566730746257,open,0.05,682.0,0.018,0.078,0.045912,93.14,0.045,0.0,ETH-27DEC19-360-C,190.96,91.29,0.043,32.0,0.049,350.0,95.05,0.31015,-0.11659,0.09706,0.0026,0.19318
191.05,SYN.ETH-30AUG19,1566730746257,open,0.26,0.0,0.245,0.29,0.267669,118.62,None,0.0,ETH-30AUG19-140-C,190.96,0.0,0.0,0.0,0.0,0.0,0.0,0.00575,-0.06997,0.01844,0.00099,0.99026
194.2,ETH-27DEC19,1566730746259,open,1.5,21.0,1.407,1.581,1.490391,95.67,0.629,0.0,ETH-27DEC19-480-P,190.96,0.0,0.001,7.0,0.0,0.0,0.0,0.18269,-0.07055,-1.58251,0.00149,-0.91068
191.55,ETH-27SEP19,1566730746261,open,0.38,47.0,0.356,0.399,0.378046,94.1,0.689,0.0,ETH-27SEP19-120-C,190.96,0.0,0.0,0.0,0.0,0.0,0.0,0.04562,-0.06529,0.10107,0.00147,0.96384
191.55,ETH-27SEP19,1566730746261,open,0.0,7916.0,0.001,0.011,2.1e-05,125.0,0.001,0.0,ETH-27SEP19-760-C,190.96,0.0,0.0,0.0,0.001,200.0,169.26,0.00053,-0.001,4e-05,1e-05,0.00025
191.55,ETH-27SEP19,1566730746261,open,0.89,233.0,0.826,0.943,0.881912,99.36,0.634,0.0,ETH-27SEP19-360-P,190.96,0.0,0.848,17.0,0.909,17.0,161.59,0.03315,-0.05009,-0.32044,0.00101,-0.9754
194.2,ETH-27DEC19,1566730746261,open,1.3,0.0,1.21,1.377,1.290532,94.87,None,0.0,ETH-27DEC19-440-P,190.96,0.0,0.001,8.0,2.223,1.0,500.0,0.21875,-0.08376,-1.43428,0.0018,-0.88563
191.55,ETH-27SEP19,1566730746261,open,0.99,259.0,0.927,1.051,0.986131,105.01,0.94,0.0,ETH-27SEP19-380-P,190.96,0.0,0.009,8.0,0.0,0.0,0.0,0.03006,-0.048,-0.33889,0.00087,-0.9781
191.55,ETH-27SEP19,1566730746261,open,0.58,0.0,0.57,0.596,0.582848,117.72,None,0.0,ETH-27SEP19-80-C,190.96,0.0,0.003,10.0,0.0,0.0,0.0,0.00689,-0.01233,0.07127,0.00018,0.99595
194.2,ETH-27DEC19,1566730746261,open,1.1,16.0,1.015,1.176,1.093663,94.36,1.195,0.0,ETH-27DEC19-400-P,190.96,0.0,1.038,16.0,1.134,126.0,119.4,0.26293,-0.10014,-1.28152,0.00218,-0.85073
191.05,SYN.ETH-30AUG19,1566730746261,open,0.16,0.0,0.137,0.192,0.165389,100.13,None,0.0,ETH-30AUG19-160-C,190.96,0.0,0.0,0.0,0.0,0.0,0.0,0.02487,-0.25538,0.01987,0.00509,0.94412
194.2,ETH-27DEC19,1566730746263,open,1.71,37.0,1.605,1.787,1.691957,96.42,0.707,0.0,ETH-27DEC19-520-P,190.96,0.0,0.002,25.0,0.0,0.0,0.0,0.15261,-0.05939,-1.72782,0.00124,-0.92957
191.05,SYN.ETH-30AUG19,1566730746263,open,0.68,0.0,0.627,0.727,0.674984,125.0,None,0.0,ETH-30AUG19-320-P,190.96,0.0,0.0,0.0,0.0,0.0,0.0,0.00019,-0.00249,-0.04274,3e-05,-0.99977
191.05,SYN.ETH-30AUG19,1566730746263,open,0.21,0.0,0.191,0.24,0.21573,104.03,None,0.0,ETH-30AUG19-150-C,190.96,0.0,0.0,0.0,0.0,0.0,0.0,0.0103,-0.10985,0.01953,0.00203,0.98086
191.55,ETH-27SEP19,1566730746265,open,0.0,3439.0,0.001,0.011,6.6e-05,125.0,0.001,0.0,ETH-27SEP19-680-C,190.96,0.0,0.0,0.0,0.001,200.0,157.78,0.00142,-0.00269,0.00011,3e-05,0.00071
191.05,SYN.ETH-30AUG19,1566730746267,open,0.0,355.0,0.001,0.012,0.002011,92.92,0.002,0.0,ETH-30AUG19-230-C,190.96,82.18,0.001,200.0,0.003,303.0,100.67,0.0217,-0.20675,0.00115,0.00479,0.04706
191.05,SYN.ETH-30AUG19,1566730746273,open,0.0,1076.0,0.001,0.011,0.000877,95.52,0.001,0.0,ETH-30AUG19-240-C,190.96,0.0,0.0,0.0,0.002,422.0,109.41,0.01166,-0.11423,0.00054,0.0025,0.02216
194.2,ETH-27DEC19,1566730746279,open,0.04,5529.0,0.018,0.062,0.03868,89.55,0.041,0.0,ETH-27DEC19-120-P,190.96,86.32,0.035,200.0,0.041,140.0,91.55,0.22403,-0.08098,-0.10346,0.00195,-0.11829
191.55,ETH-27SEP19,1566730746279,open,0.0,5253.0,0.001,0.011,0.001482,103.65,0.002,0.0,ETH-27SEP19-100-P,190.96,0.0,0.0,0.0,0.003,360.0,116.05,0.01845,-0.02909,-0.00239,0.00054,-0.01238
194.2,ETH-27DEC19,1566730746279,open,0.37,812.0,0.299,0.429,0.366646,89.76,0.395,0.0,ETH-27DEC19-240-P,190.96,88.17,0.363,24.0,0.379,120.0,95.12,0.44672,-0.16185,-0.60879,0.00389,-0.55705
191.05,SYN.ETH-30AUG19,1566730746281,open,0.0,3241.0,0.001,0.013,0.002877,100.13,0.005,0.0,ETH-30AUG19-160-P,190.96,92.74,0.002,10.0,0.004,248.0,108.03,0.02487,-0.25538,-0.0015,0.00509,-0.05588
191.05,SYN.ETH-30AUG19,1566730746281,open,0.11,400.0,0.085,0.145,0.116226,88.33,0.12,0.0,ETH-30AUG19-170-C,190.96,0.0,0.0,0.0,0.0,0.0,0.0,0.04317,-0.39105,0.01959,0.01002,0.88383
191.05,SYN.ETH-30AUG19,1566730746281,open,0.02,933.0,0.003,0.044,0.020356,83.62,0.021,0.0,ETH-30AUG19-200-C,190.96,73.11,0.016,200.0,0.021,3.0,85.14,0.08046,-0.68998,0.00804,0.01974,0.33522
194.2,ETH-27DEC19,1566730746283,open,0.12,1919.0,0.07,0.153,0.112078,89.55,0.111,0.0,ETH-27DEC19-160-P,190.96,86.36,0.106,32.0,0.116,140.0,91.61,0.3696,-0.1336,-0.24763,0.00322,-0.26364
191.55,ETH-27SEP19,1566730746283,open,2.15,27.0,2.042,2.229,2.132555,125.0,1.044,0.0,ETH-27SEP19-600-P,190.96,0.0,0.0,0.0,0.0,0.0,0.0,0.00388,-0.00738,-0.54009,9e-05,-0.99785
191.55,ETH-27SEP19,1566730746283,open,0.48,0.0,0.463,0.496,0.479425,103.65,None,0.0,ETH-27SEP19-100-C,190.96,0.0,0.003,10.0,0.0,0.0,0.0,0.01845,-0.02909,0.08768,0.00054,0.98762
194.2,ETH-27DEC19,1566730746285,open,0.07,1039.0,0.03,0.101,0.064765,92.56,0.062,0.0,ETH-27DEC19-320-C,190.96,90.53,0.061,32.0,0.068,200.0,94.27,0.36382,-0.13592,0.12585,0.00307,0.25571
194.2,ETH-27DEC19,1566730746285,open,0.02,682.0,0.007,0.049,0.024826,94.87,0.028,0.0,ETH-27DEC19-440-C,190.96,91.33,0.021,240.0,0.029,150.0,98.43,0.21875,-0.08376,0.05902,0.0018,0.11437
191.55,ETH-27SEP19,1566730746287,open,0.0,3419.0,0.001,0.011,0.000118,125.0,0.001,0.0,ETH-27SEP19-640-C,190.96,0.0,0.0,0.0,0.001,637.0,151.44,0.00234,-0.00445,0.00019,6e-05,0.00123
194.2,ETH-27DEC19,1566730746289,open,2.53,0.0,2.401,2.623,2.507572,100.28,None,0.0,ETH-27DEC19-680-P,190.96,0.0,0.0,0.0,0.0,0.0,0.0,0.08107,-0.03281,-2.29074,0.00063,-0.96806
194.2,ETH-27DEC19,1566730746289,open,0.01,2519.0,0.001,0.022,0.008719,97.85,0.01,0.0,ETH-27DEC19-600-C,190.96,92.36,0.006,280.0,0.011,150.0,101.68,0.10751,-0.04246,0.02401,0.00086,0.04514
191.55,ETH-27SEP19,1566730746289,open,0.0,2060.0,0.001,0.011,0.000494,117.72,0.003,0.0,ETH-27SEP19-80-P,190.96,0.0,0.0,0.0,0.001,10.0,128.53,0.00689,-0.01233,-0.00078,0.00018,-0.00405
191.55,ETH-27SEP19,1566730746289,open,2.77,0.0,2.65,2.875,2.758847,125.0,None,0.0,ETH-27SEP19-720-P,190.96,0.0,0.0,0.0,0.0,0.0,0.0,0.00086,-0.00164,-0.64844,2e-05,-0.99958
194.2,ETH-27DEC19,1566730746289,open,1.91,0.0,1.803,1.996,1.895187,97.85,0.845,0.0,ETH-27DEC19-560-P,190.96,0.0,0.0,0.0,0.0,0.0,0.0,0.13101,-0.05174,-1.87003,0.00105,-0.94212
194.2,ETH-27DEC19,1566730746291,open,0.03,1917.0,0.012,0.062,0.033931,94.36,0.038,0.0,ETH-27DEC19-400-C,190.96,91.38,0.03,40.0,0.038,110.0,97.29,0.26293,-0.10014,0.07602,0.00218,0.14927
191.55,ETH-27SEP19,1566730746291,open,0.2,392.0,0.165,0.232,0.200692,88.67,0.213,0.0,ETH-27SEP19-160-C,190.96,0.0,0.16,100.0,0.0,0.0,0.0,0.16528,-0.22288,0.10182,0.00564,0.79086
191.05,SYN.ETH-30AUG19,1566730746291,open,0.47,0.0,0.423,0.512,0.465825,125.0,None,0.0,ETH-30AUG19-280-P,190.96,0.0,0.0,0.0,0.0,0.0,0.0,0.00321,-0.04115,-0.03728,0.00053,-0.99497
191.05,SYN.ETH-30AUG19,1566730746291,open,1.1,0.0,1.033,1.158,1.09372,111.82,None,0.0,ETH-30AUG19-400-P,190.96,0.0,0.0,0.0,0.0,0.0,0.0,0.0,0.0,-0.05343,0.0,-1.0
191.55,ETH-27SEP19,1566730746296,open,2.36,0.0,2.245,2.444,2.341282,125.0,None,0.0,ETH-27SEP19-640-P,190.96,0.0,0.0,0.0,0.0,0.0,0.0,0.00234,-0.00445,-0.57626,6e-05,-0.99877
191.05,SYN.ETH-30AUG19,1566730746296,open,0.0,320.0,0.001,0.011,0.000875,104.03,0.002,0.0,ETH-30AUG19-150-P,190.96,0.0,0.0,0.0,0.002,400.0,119.85,0.0103,-0.10985,-0.00051,0.00203,-0.01914
194.2,ETH-27DEC19,1566730746298,open,0.01,2470.0,0.001,0.017,0.006027,100.28,0.005,0.0,ETH-27DEC19-680-C,190.96,97.67,0.005,1.0,0.007,110.0,102.5,0.08107,-0.03281,0.01708,0.00063,0.03194
191.55,ETH-27SEP19,1566730746298,open,0.0,5619.0,0.001,0.012,0.002004,109.21,0.002,0.0,ETH-27SEP19-400-C,190.96,100.07,0.001,60.0,0.003,360.0,115.53,0.02622,-0.04355,0.00287,0.00073,0.01864
191.55,ETH-27SEP19,1566730746298,open,0.0,2951.0,0.001,0.012,0.002507,99.36,0.006,0.0,ETH-27SEP19-360-C,190.96,87.89,0.001,250.0,0.004,160.0,106.73,0.03315,-0.05009,0.00381,0.00101,0.0246
191.55,ETH-27SEP19,1566730746300,open,0.69,0.0,0.677,0.696,0.686822,125.0,0.01,0.0,ETH-27SEP19-60-C,190.96,0.0,0.003,10.0,0.0,0.0,0.0,0.00105,-0.002,0.05394,3e-05,0.99948
191.55,ETH-27SEP19,1566730746308,open,1.31,0.0,1.231,1.371,1.298058,110.95,None,0.0,ETH-27SEP19-440-P,190.96,0.0,0.0,0.0,0.0,0.0,0.0,0.01515,-0.02557,-0.39478,0.00041,-0.99013
191.55,ETH-27SEP19,1566730746315,open,0.0,2698.0,0.001,0.011,3.7e-05,125.0,0.001,0.0,ETH-27SEP19-720-C,190.96,0.0,0.0,0.0,0.001,421.0,163.7,0.00086,-0.00164,7e-05,2e-05,0.00042
194.2,ETH-27DEC19,1566730746315,open,0.54,432.0,0.461,0.603,0.533307,91.39,0.55,0.0,ETH-27DEC19-280-P,190.96,65.15,0.482,22.0,0.549,120.0,98.66,0.41306,-0.15237,-0.78856,0.00353,-0.66314
191.55,ETH-27SEP19,1566730746315,open,0.0,1938.0,0.001,0.013,0.003511,96.93,0.007,0.0,ETH-27SEP19-340-C,190.96,89.01,0.002,300.0,0.005,160.0,102.82,0.04321,-0.0637,0.00523,0.00135,0.03384
191.55,ETH-27SEP19,1566730746315,open,2.98,0.0,2.853,3.09,2.967654,125.0,None,0.0,ETH-27SEP19-760-P,190.96,0.0,0.0,0.0,0.0,0.0,0.0,0.00053,-0.001,-0.6845,1e-05,-0.99975
191.55,ETH-27SEP19,1566730746315,open,0.0,1897.0,0.001,0.012,0.002315,105.01,0.004,0.0,ETH-27SEP19-380-C,190.96,94.18,0.001,200.0,0.004,360.0,113.91,0.03006,-0.048,0.00338,0.00087,0.0219
194.2,ETH-27DEC19,1566730746317,open,0.01,2040.0,0.002,0.028,0.011562,97.85,0.013,0.0,ETH-27DEC19-560-C,190.96,95.43,0.01,80.0,0.013,110.0,99.91,0.13101,-0.05174,0.03053,0.00105,0.05788
191.55,ETH-27SEP19,1566730746317,open,1.52,0.0,1.434,1.586,1.506959,121.64,None,0.0,ETH-27SEP19-480-P,190.96,0.0,0.0,0.0,0.0,0.0,0.0,0.01506,-0.02786,-0.43083,0.00037,-0.9902
191.55,ETH-27SEP19,1566730746320,open,0.01,3853.0,0.001,0.02,0.007904,92.96,0.008,0.0,ETH-27SEP19-300-C,190.96,87.93,0.006,360.0,0.01,160.0,97.79,0.07801,-0.11029,0.01088,0.00254,0.07097
194.2,ETH-27DEC19,1566730746320,open,0.29,5.0,0.24,0.329,0.288185,89.55,0.26,0.0,ETH-27DEC19-160-C,190.96,62.09,0.237,34.0,0.326,34.0,109.34,0.3696,-0.1336,0.29539,0.00322,0.73636
191.05,SYN.ETH-30AUG19,1566730746320,open,0.0,1381.0,0.001,0.011,0.00022,125.0,0.001,0.0,ETH-30AUG19-280-C,190.96,0.0,0.0,0.0,0.001,252.0,149.83,0.00321,-0.04115,0.00012,0.00053,0.00503
191.55,ETH-27SEP19,1566730746322,open,0.08,6106.0,0.042,0.109,0.075279,88.67,0.077,0.0,ETH-27SEP19-180-P,190.96,86.63,0.073,1.0,0.077,110.0,90.2,0.21442,-0.28915,-0.07456,0.00732,-0.3569
191.05,SYN.ETH-30AUG19,1566730746322,open,0.58,0.0,0.525,0.619,0.570334,125.0,None,0.0,ETH-30AUG19-300-P,190.96,0.0,0.0,0.0,0.0,0.0,0.0,0.00084,-0.01074,-0.04005,0.00014,-0.99886
191.55,ETH-27SEP19,1566730746324,open,0.28,191.0,0.254,0.311,0.283614,91.04,0.5,0.0,ETH-27SEP19-140-C,190.96,0.0,0.0,0.0,0.0,0.0,0.0,0.10057,-0.13926,0.10642,0.00334,0.90043
194.2,ETH-27DEC19,1566730746324,open,0.09,532.0,0.049,0.132,0.091495,91.39,0.087,0.0,ETH-27DEC19-280-C,190.96,89.74,0.088,32.0,0.094,200.0,92.57,0.41306,-0.15237,0.16172,0.00353,0.33686
191.55,ETH-27SEP19,1566730746324,open,0.0,6399.0,0.001,0.011,0.000638,123.27,0.001,0.0,ETH-27SEP19-520-C,190.96,0.0,0.0,0.0,0.001,200.0,129.27,0.00972,-0.01822,0.00092,0.00024,0.00596
191.05,SYN.ETH-30AUG19,1566730746324,open,0.07,939.0,0.041,0.105,0.074634,87.41,0.08,0.0,ETH-30AUG19-180-C,190.96,68.91,0.068,40.0,0.077,40.0,93.63,0.07177,-0.64329,0.01695,0.01684,0.73896
191.05,SYN.ETH-30AUG19,1566730746324,open,0.01,629.0,0.001,0.021,0.006057,88.33,0.009,0.0,ETH-30AUG19-170-P,190.96,83.48,0.005,5.0,0.006,2.0,88.08,0.04317,-0.39105,-0.00312,0.01002,-0.11617
191.55,ETH-27SEP19,1566730746326,open,2.56,0.0,2.447,2.659,2.550053,125.0,None,0.0,ETH-27SEP19-680-P,190.96,0.0,0.0,0.0,0.0,0.0,0.0,0.00142,-0.00269,-0.61237,3e-05,-0.99929
194.2,ETH-27DEC19,1566730746326,open,0.01,2422.0,0.001,0.015,0.005008,101.16,0.006,0.0,ETH-27DEC19-720-C,190.96,94.63,0.003,56.0,0.007,150.0,106.07,0.07025,-0.02869,0.01441,0.00054,0.02688
191.05,SYN.ETH-30AUG19,1566730746326,open,0.0,3916.0,0.001,0.011,0.0,125.0,0.001,0.0,ETH-30AUG19-360-C,190.96,0.0,0.0,0.0,0.001,200.0,229.01,1e-05,-5e-05,0.0,0.0,1e-05
191.05,SYN.ETH-30AUG19,1566730746326,open,0.32,0.0,0.271,0.351,0.309112,102.41,None,0.0,ETH-30AUG19-250-P,190.96,0.0,0.0,0.0,0.0,0.0,0.0,0.00761,-0.07996,-0.03307,0.00152,-0.98655
196.85,SYN.ETH-27MAR20,1566730746328,open,1.13,0.0,1.023,1.214,1.118419,94.6,None,0.0,ETH-27MAR20-400-P,190.96,0.0,0.0,0.0,2.012,1.0,500.0,0.49904,-0.10985,-2.1425,0.00231,-0.73038
191.05,SYN.ETH-30AUG19,1566730746328,open,0.79,0.0,0.728,0.834,0.779664,124.98,None,0.0,ETH-30AUG19-340-P,190.96,0.0,0.0,0.0,0.0,0.0,0.0,4e-05,-0.00052,-0.04542,1e-05,-0.99996
191.17,SYN.ETH-6SEP19,1566730746357,open,0.06,1.0,0.025,0.088,0.055924,82.24,0.052,0.0,ETH-6SEP19-190-P,190.96,78.15,0.053,120.0,0.062,120.0,90.74,0.13665,-0.47314,-0.03171,0.01397,-0.45396
191.17,SYN.ETH-6SEP19,1566730746689,open,0.02,7.0,0.006,0.048,0.025112,82.75,0.018,0.0,ETH-6SEP19-210-C,190.96,77.64,0.022,160.0,0.026,2.0,84.18,0.11795,-0.41093,0.01645,0.01199,0.28956
196.85,SYN.ETH-27MAR20,1566730746725,open,0.05,36.0,0.02,0.088,0.050917,96.49,0.059,0.0,ETH-27MAR20-520-C,190.96,92.86,0.044,32.0,0.058,110.0,100.0,0.38666,-0.08682,0.14161,0.00176,0.17312
196.85,SYN.ETH-27MAR20,1566730746975,open,1.91,0.0,1.782,2.005,1.890042,98.03,None,0.0,ETH-27MAR20-560-P,190.96,0.0,0.0,0.0,0.0,0.0,0.0,0.36036,-0.0822,-3.16917,0.00161,-0.8447
10432.68,SYN.BTC-27MAR20,1566730747063,open,0.03,1.6,0.008,0.059,0.02818441,95.33,0.028,0.0,BTC-27MAR20-34000-C,10148.37,92.61,0.0245,6.0,0.032,5.0,97.96,14.63115,-3.24568,4.76428,2e-05,0.10576
196.85,SYN.ETH-27MAR20,1566730747072,open,0.04,133.0,0.014,0.074,0.040193,99.26,0.046,0.0,ETH-27MAR20-600-C,190.96,96.73,0.036,2.0,0.044,110.0,101.45,0.33534,-0.07745,0.11507,0.00148,0.13949
10170.57,SYN.BTC-6SEP19,1566730747108,open,0.13,0.0,0.1055,0.158,0.1322347,84.5,None,0.0,BTC-6SEP19-9000-C,10148.37,0.0,0.0,0.0,0.0,0.0,0.0,4.97613,-17.70435,2.24325,0.00017,0.81014
10209.85,BTC-27SEP19,1566730747113,open,0.0,428.2,0.0005,0.0105,0.00044579,120.0,0.0005,0.0,BTC-27SEP19-28000-C,10148.37,0.0,0.0,0.0,0.001,8.0,130.38,0.39381,-0.71872,0.03619,0.0,0.00438
10209.85,BTC-27SEP19,1566730747113,open,0.46,221.9,0.451,0.4775,0.46353902,105.69,0.4675,0.0,BTC-27SEP19-5500-C,10148.37,0.0,0.461,3.0,0.473,10.0,147.25,1.32297,-2.1266,4.77257,1e-05,0.98252
10321.26,BTC-27DEC19,1566730747113,open,0.01,298.3,0.0005,0.025,0.00937248,94.93,0.013,0.0,BTC-27DEC19-30000-C,10148.37,92.51,0.008,6.0,0.011,22.7,97.54,6.12082,-2.34534,1.39467,2e-05,0.04919
10209.85,BTC-27SEP19,1566730747113,open,0.04,705.6,0.0195,0.0705,0.04372747,84.76,0.042,0.0,BTC-27SEP19-12000-C,10148.37,83.59,0.0425,19.3,0.045,5.2,85.97,10.74509,-13.85191,2.40976,0.00014,0.30577
10321.26,BTC-27DEC19,1566730747113,open,0.3,71.1,0.2425,0.352,0.29817056,83.23,0.326,0.0,BTC-27DEC19-12000-P,10148.37,80.14,0.291,8.0,0.3035,8.6,85.53,23.93175,-8.03973,-28.91364,8e-05,-0.52725
10157.49,SYN.BTC-30AUG19,1566730747113,open,0.28,17.1,0.255,0.3115,0.28115795,108.53,0.2385,0.0,BTC-30AUG19-13000-P,10148.37,0.0,0.0,0.0,0.0,0.0,0.0,0.76409,-8.50431,-1.69975,5e-05,-0.97156
10209.85,BTC-27SEP19,1566730747115,open,0.0,1073.7,0.0005,0.0105,0.00054531,119.53,0.0005,0.0,BTC-27SEP19-4250-P,10148.37,0.0,0.0,0.0,0.001,39.6,128.98,0.39253,-0.71361,-0.04516,0.0,-0.00437
10209.85,BTC-27SEP19,1566730747115,open,0.0,287.2,0.0005,0.0105,0.00075999,110.02,0.0005,0.0,BTC-27SEP19-24000-C,10148.37,0.0,0.0,0.0,0.0015,46.4,118.99,0.64857,-1.08525,0.06371,1e-05,0.00769
10209.85,BTC-27SEP19,1566730747115,open,0.0,761.0,0.0005,0.0105,0.00012912,120.0,0.0005,0.0,BTC-27SEP19-32000-C,10148.37,0.0,0.0,0.0,0.001,12.0,144.69,0.1391,-0.25387,0.01156,0.0,0.00139
10157.49,SYN.BTC-30AUG19,1566730747115,open,0.38,13.0,0.3515,0.409,0.37872717,115.91,0.2895,0.0,BTC-30AUG19-14000-P,10148.37,0.0,0.0,0.0,0.0,0.0,0.0,0.31161,-3.70376,-1.85721,2e-05,-0.99005
10157.49,SYN.BTC-30AUG19,1566730747115,open,0.0,444.1,0.0005,0.0105,2.42e-05,120.0,0.0005,0.0,BTC-30AUG19-16000-C,10148.37,0.0,0.0,0.0,0.0005,17.0,158.95,0.02739,-0.24583,0.00088,0.0,0.00067
10157.49,SYN.BTC-30AUG19,1566730747115,open,0.01,189.6,0.002,0.036,0.0155276,89.27,0.0175,0.0,BTC-30AUG19-9500-P,10148.37,87.8,0.015,0.9,0.0175,0.1,94.67,3.66529,-33.55392,-0.3493,0.0003,-0.2419
10209.85,BTC-27SEP19,1566730747126,open,0.63,0.0,0.623,0.6425,0.63288395,120.12,None,0.0,BTC-27SEP19-3750-C,10148.37,0.0,0.625,11.0,0.6405,11.0,204.79,0.15362,-0.28064,3.36181,0.0,0.99845
10209.85,BTC-27SEP19,1566730747126,open,2.14,0.0,2.073,2.1985,2.134342,118.82,None,0.0,BTC-27SEP19-32000-P,10148.37,0.0,0.0,0.0,0.0,0.0,0.0,0.12582,-0.22736,-28.81215,0.0,-0.99876
10209.85,BTC-27SEP19,1566730747131,open,0.0,1660.1,0.0005,0.0105,0.0,120.0,0.0005,0.0,BTC-27SEP19-1500-P,10148.37,0.0,0.0,0.0,0.0005,109.1,252.61,0.0,-1e-05,0.0,0.0,0.0
10432.68,SYN.BTC-27MAR20,1566730747133,open,0.36,10.0,0.3115,0.4,0.35797628,84.09,0.35,0.0,BTC-27MAR20-8000-C,10148.37,66.56,0.3175,3.0,0.3805,3.0,93.7,24.39101,-4.77243,25.21681,5e-05,0.76856
10321.27,BTC-27DEC19,1566730747136,open,1.92,0.2,1.852,1.988,1.91600561,94.96,2.03,0.0,BTC-27DEC19-30000-P,10148.37,0.0,0.005,1.0,0.0,0.0,0.0,6.1264,-2.34807,-100.41949,2e-05,-0.95076
10321.27,BTC-27DEC19,1566730747138,open,3.66,0.0,3.56,3.754,3.65297507,104.7,None,0.0,BTC-27DEC19-48000-P,10148.37,0.0,0.0,0.0,0.0,0.0,0.0,2.0643,-0.87239,-162.51967,1e-05,-0.98661
10157.49,SYN.BTC-30AUG19,1566730747141,open,0.48,0.0,0.448,0.508,0.47685557,118.92,None,0.0,BTC-30AUG19-15000-P,10148.37,0.0,0.0,0.0,0.0,0.0,0.0,0.10171,-1.24042,-2.00003,1e-05,-0.99718
10209.85,BTC-27SEP19,1566730747146,open,0.0,422.0,0.0005,0.0105,8.747e-05,120.0,0.0005,0.0,BTC-27SEP19-3500-P,10148.37,0.0,0.0,0.0,0.0005,30.0,142.92,0.08487,-0.1549,-0.00824,0.0,-0.00081
10157.49,SYN.BTC-30AUG19,1566730747146,open,0.41,0.0,0.3975,0.421,0.409309,129.59,None,0.0,BTC-30AUG19-6000-C,10148.37,0.0,0.0,0.0,0.0,0.0,0.0,0.00745,-0.09899,0.80125,0.0,0.99983
10209.85,BTC-27SEP19,1566730747148,open,0.77,1.0,0.7295,0.809,0.76700804,98.1,0.575,0.0,BTC-27SEP19-18000-P,10148.37,0.0,0.0045,0.3,1.18,0.3,500.0,2.51297,-3.74926,-15.90335,3e-05,-0.96236
10209.85,BTC-27SEP19,1566730747151,open,0.0,454.6,0.0005,0.0105,0.00032352,120.0,0.001,0.0,BTC-27SEP19-4000-P,10148.37,0.0,0.0,0.0,0.001,32.0,137.28,0.25503,-0.46545,-0.02782,0.0,-0.0027
10209.85,BTC-27SEP19,1566730747151,open,0.53,13.5,0.5255,0.5465,0.53574951,113.56,0.382,0.0,BTC-27SEP19-4750-C,10148.37,0.0,0.527,10.0,0.5435,10.0,165.05,0.66092,-1.14151,4.19704,1e-05,0.99215
10209.85,BTC-27SEP19,1566730747153,open,0.61,227.5,0.599,0.6185,0.60854692,120.08,0.606,0.0,BTC-27SEP19-4000-C,10148.37,0.0,0.6005,11.0,0.616,11.0,192.72,0.25613,-0.46775,3.57486,0.0,0.99729
10321.27,BTC-27DEC19,1566730747176,open,0.06,219.6,0.031,0.103,0.06499118,86.34,0.06,0.0,BTC-27DEC19-16000-C,10148.37,84.77,0.062,8.2,0.0685,17.2,88.16,19.79306,-6.89801,7.09794,6e-05,0.26762
10321.27,BTC-27DEC19,1566730747176,open,0.01,149.7,0.0005,0.0205,0.00716382,95.09,0.0105,0.0,BTC-27DEC19-32000-C,10148.37,92.58,0.006,21.0,0.0085,6.7,97.68,5.04777,-1.93745,1.1059,1e-05,0.03874
10321.27,BTC-27DEC19,1566730747176,open,0.37,110.4,0.3135,0.427,0.37098068,83.82,0.3295,0.0,BTC-27DEC19-13000-P,10148.37,80.51,0.3635,8.0,0.377,5.0,86.47,23.37042,-7.90704,-33.6731,8e-05,-0.59031
10209.85,BTC-27SEP19,1566730747176,open,0.09,423.8,0.057,0.1235,0.09021224,84.75,0.092,0.0,BTC-27SEP19-10000-P,10148.37,82.01,0.087,14.4,0.093,15.0,87.13,11.96055,-15.41639,-4.66704,0.00015,-0.41729
10209.85,BTC-27SEP19,1566730747176,open,0.02,896.2,0.008,0.043,0.02320375,89.22,0.024,0.0,BTC-27SEP19-8000-P,10148.37,85.99,0.021,29.0,0.024,13.0,90.36,7.08243,-9.61039,-1.57494,8e-05,-0.14806
10157.49,SYN.BTC-30AUG19,1566730747176,open,0.04,515.7,0.021,0.074,0.04797534,86.91,0.047,0.0,BTC-30AUG19-10000-C,10148.37,81.42,0.0455,5.5,0.0495,1.0,90.28,4.58534,-40.86513,0.72394,0.00038,0.58152
196.85,SYN.ETH-27MAR20,1566730747176,open,2.11,0.0,1.976,2.208,2.088199,99.26,None,0.0,ETH-27MAR20-600-P,190.96,0.0,0.0,0.0,0.0,0.0,0.0,0.33534,-0.07745,-3.41713,0.00148,-0.86051
10157.49,SYN.BTC-30AUG19,1566730747176,open,0.19,51.2,0.1585,0.2155,0.18520552,97.81,0.1595,0.0,BTC-30AUG19-12000-P,10148.37,0.0,0.1645,7.0,0.2085,7.0,180.2,1.71369,-17.18939,-1.50218,0.00013,-0.92191
10209.85,BTC-27SEP19,1566730747188,open,1.36,0.2,1.305,1.402,1.35141965,109.84,1.6,0.0,BTC-27SEP19-24000-P,10148.37,0.0,0.0,0.0,0.0,0.0,0.0,0.64143,-1.07152,-21.55396,1e-05,-0.99241
10321.27,BTC-27DEC19,1566730747190,open,0.02,255.2,0.0075,0.0515,0.02522279,90.3,0.03,0.0,BTC-27DEC19-22000-C,10148.37,88.8,0.0235,6.0,0.0275,18.0,92.22,12.01986,-4.38121,3.31585,4e-05,0.11988
10321.27,BTC-27DEC19,1566730747190,open,0.44,122.9,0.418,0.466,0.44170754,82.2,0.469,0.0,BTC-27DEC19-6000-C,10148.37,70.34,0.432,10.0,0.4605,10.0,100.72,9.35633,-3.10422,16.57899,3e-05,0.915
10209.85,BTC-27SEP19,1566730747190,open,0.02,360.0,0.0045,0.0355,0.0169294,87.29,0.0175,0.0,BTC-27SEP19-14000-C,10148.37,85.89,0.016,30.7,0.0175,7.0,88.13,6.86524,-9.11362,1.14434,8e-05,0.14137
10209.85,BTC-27SEP19,1566730747190,open,0.3,45.1,0.262,0.34,0.30041023,85.89,0.286,0.0,BTC-27SEP19-13000-P,10148.37,80.02,0.2955,13.4,0.3095,13.4,95.95,8.81701,-11.51743,-10.03264,0.00011,-0.79056
10209.85,BTC-27SEP19,1566730747190,open,0.32,743.2,0.304,0.3455,0.32438457,94.64,0.315,0.0,BTC-27SEP19-7000-C,10148.37,85.5,0.321,6.0,0.3255,6.0,97.32,4.14413,-5.96503,5.56317,5e-05,0.92934
10209.85,BTC-27SEP19,1566730747190,open,1.95,0.0,1.881,1.9985,1.93856316,119.36,None,0.0,BTC-27SEP19-30000-P,10148.37,0.0,0.0,0.0,0.0,0.0,0.0,0.223,-0.4048,-27.00177,0.0,-0.99767
10157.49,SYN.BTC-30AUG19,1566730747190,open,0.0,141.7,0.0005,0.0105,0.0004322,114.73,0.0005,0.0,BTC-30AUG19-7500-P,10148.37,0.0,0.0,0.0,0.0005,15.0,116.96,0.29354,-3.45374,-0.0132,2e-05,-0.0093
10209.85,BTC-27SEP19,1566730747192,open,0.8,28.2,0.7945,0.814,0.80411179,134.5,0.755,0.0,BTC-27SEP19-2000-C,10148.37,0.0,0.01,1.0,0.8665,5.0,500.0,0.00152,-0.00311,1.8013,0.0,0.99999
10209.85,BTC-27SEP19,1566730747192,open,0.01,619.5,0.0005,0.0225,0.00999364,94.63,0.0105,0.0,BTC-27SEP19-7000-P,10148.37,89.47,0.008,29.0,0.0105,6.6,95.87,4.14349,-5.9636,-0.7416,5e-05,-0.07065
10157.49,SYN.BTC-30AUG19,1566730747192,open,0.31,0.0,0.297,0.3255,0.31098651,120.49,None,0.0,BTC-30AUG19-7000-C,10148.37,0.0,0.0,0.0,0.0,0.0,0.0,0.10883,-1.3447,0.93075,1e-05,0.99696
10321.27,BTC-27DEC19,1566730747194,open,0.01,250.4,0.0005,0.022,0.01034258,84.27,0.0125,0.0,BTC-27DEC19-5000-P,10148.37,82.64,0.0095,18.3,0.011,6.0,85.5,5.44864,-1.85337,-1.85309,2e-05,-0.04256
10321.27,BTC-27DEC19,1566730747203,open,2.5,1.3,2.4205,2.573,2.49283187,97.13,2.2,0.0,BTC-27DEC19-36000-P,10148.37,0.0,0.0005,1.0,0.0,0.0,0.0,3.76127,-1.47456,-121.4002,1e-05,-0.97288
10432.68,SYN.BTC-27MAR20,1566730747203,open,0.83,0.0,0.7545,0.904,0.82882601,88.66,None,0.0,BTC-27MAR20-18000-P,10148.37,0.0,0.0005,6.0,0.0,0.0,0.0,28.70548,-5.92191,-92.53597,5e-05,-0.67785
10321.27,BTC-27DEC19,1566730747207,open,0.53,65.4,0.5095,0.5435,0.52590372,84.27,0.608,0.0,BTC-27DEC19-5000-C,10148.37,0.0,0.512,11.0,0.5395,11.0,105.08,5.44803,-1.85307,15.11647,2e-05,0.95745
10321.27,BTC-27DEC19,1566730747211,open,0.0,209.8,0.0005,0.011,0.00123926,107.91,0.001,0.0,BTC-27DEC19-2500-P,10148.37,104.91,0.001,0.1,0.0015,7.2,110.77,0.88317,-0.38469,-0.22166,0.0,-0.00509
10209.85,BTC-27SEP19,1566730747211,open,0.11,604.6,0.077,0.142,0.11077072,84.75,0.1095,0.0,BTC-27SEP19-10000-C,10148.37,81.54,0.107,14.4,0.1145,15.0,87.94,11.96054,-15.41713,4.33996,0.00015,0.58271
10157.49,SYN.BTC-30AUG19,1566730747211,open,0.58,0.0,0.5445,0.6075,0.57520512,114.27,0.403,0.0,BTC-30AUG19-16000-P,10148.37,0.0,0.0,0.0,0.0,0.0,0.0,0.01578,-0.18498,-2.13681,0.0,-0.99963
10209.85,BTC-27SEP19,1566730747216,open,0.68,0.5,0.672,0.6915,0.68172169,120.36,0.694,0.0,BTC-27SEP19-3250-C,10148.37,0.0,0.6735,12.0,0.689,12.0,228.65,0.04476,-0.08194,2.92318,0.0,0.9996
10209.85,BTC-27SEP19,1566730747222,open,1.75,0.0,1.689,1.7995,1.74288206,119.65,None,0.0,BTC-27SEP19-28000-P,10148.37,0.0,0.0,0.0,0.0,0.0,0.0,0.38484,-0.70029,-25.18442,0.0,-0.99573
10157.49,SYN.BTC-30AUG19,1566730747229,open,0.24,0.0,0.207,0.263,0.23295052,104.42,None,0.0,BTC-30AUG19-12500-P,10148.37,0.0,0.0,0.0,0.0,0.0,0.0,1.18248,-12.66207,-1.60706,8e-05,-0.95146
10209.85,BTC-27SEP19,1566730747234,open,0.0,573.4,0.0005,0.011,0.00147732,112.79,0.001,0.0,BTC-27SEP19-5000-P,10148.37,106.75,0.001,97.1,0.002,41.1,118.08,0.91216,-1.5647,-0.118,1e-05,-0.01135
10321.27,BTC-27DEC19,1566730747234,open,0.05,408.0,0.0185,0.0795,0.04586955,87.4,0.041,0.0,BTC-27DEC19-18000-C,10148.37,86.56,0.0445,8.2,0.047,13.0,88.09,16.88936,-5.95829,5.43766,5e-05,0.2011
191.17,SYN.ETH-6SEP19,1566730747237,open,0.22,0.0,0.172,0.254,0.212119,84.26,None,0.0,ETH-6SEP19-230-P,190.96,0.0,0.0,0.0,0.0,0.0,0.0,0.07178,-0.25465,-0.06749,0.00716,-0.87298
10209.85,BTC-27SEP19,1566730747239,open,0.17,373.6,0.135,0.1975,0.16763896,86.57,0.18,0.0,BTC-27SEP19-9000-C,10148.37,81.34,0.1625,7.7,0.1715,15.0,90.45,10.11556,-13.31814,5.17928,0.00012,0.73085
10321.27,BTC-27DEC19,1566730747239,open,0.0,344.8,0.0005,0.0135,0.00399136,88.27,0.0065,0.0,BTC-27DEC19-4000-P,10148.37,84.06,0.003,29.1,0.005,6.0,91.95,2.64187,-0.94124,-0.76481,1e-05,-0.01784
10157.49,SYN.BTC-30AUG19,1566730747245,open,0.0,334.0,0.0005,0.021,0.00626491,89.9,0.008,0.0,BTC-30AUG19-11500-C,10148.37,90.87,0.0065,30.0,0.0085,11.0,98.64,2.43786,-22.47573,0.16324,0.0002,0.12657
10321.27,BTC-27DEC19,1566730747247,open,0.0,163.4,0.0005,0.012,0.00236336,91.45,0.003,0.0,BTC-27DEC19-3500-P,10148.37,85.5,0.0015,15.0,0.003,6.0,94.99,1.71789,-0.63411,-0.46215,1e-05,-0.01083
10209.85,BTC-27SEP19,1566730747247,open,0.0,700.4,0.0005,0.012,0.00224997,103.02,0.0015,0.0,BTC-27SEP19-20000-C,10148.37,97.53,0.0015,5.5,0.003,55.8,107.39,1.58869,-2.48914,0.17871,2e-05,0.02168
10209.85,BTC-27SEP19,1566730747247,open,0.01,391.6,0.0005,0.02,0.00751924,92.09,0.0075,0.0,BTC-27SEP19-16000-C,10148.37,90.76,0.007,5.0,0.009,44.0,95.65,4.04531,-5.66599,0.56063,5e-05,0.06848
10209.85,BTC-27SEP19,1566730747247,open,0.39,69.1,0.3515,0.428,0.38814754,87.28,0.391,0.0,BTC-27SEP19-14000-P,10148.37,0.0,0.3665,7.0,0.417,12.0,122.12,6.86411,-9.11107,-11.46577,8e-05,-0.85867
10321.27,BTC-27DEC19,1566730747247,open,0.01,425.2,0.0005,0.0155,0.00487211,97.08,0.006,0.0,BTC-27DEC19-36000-C,10148.37,92.88,0.0035,31.0,0.006,18.3,99.97,3.75265,-1.47048,0.77655,1e-05,0.02704
10157.49,SYN.BTC-30AUG19,1566730747247,open,0.0,356.2,0.0005,0.0105,4.39e-06,120.0,0.001,0.0,BTC-30AUG19-17000-C,10148.37,0.0,0.0,0.0,0.0005,12.0,176.99,0.00613,-0.04462,0.00018,0.0,0.00013
10157.49,SYN.BTC-30AUG19,1566730747249,open,0.01,1212.2,0.0005,0.0225,0.00733579,96.17,0.0065,0.0,BTC-30AUG19-9000-P,10148.37,92.6,0.0065,1.9,0.009,44.0,102.85,2.43401,-24.00358,-0.18131,0.00018,-0.12629
10157.49,SYN.BTC-30AUG19,1566730747251,open,0.16,0.0,0.1465,0.187,0.16600497,100.09,0.171,0.0,BTC-30AUG19-8500-C,10148.37,0.0,0.15,8.0,0.18,8.0,166.53,1.30679,-13.41321,1.05691,9e-05,0.94496
10321.27,BTC-27DEC19,1566730747255,open,0.98,5.7,0.9135,1.033,0.97067013,88.37,0.661,0.0,BTC-27DEC19-20000-P,10148.37,0.0,0.0045,5.0,1.466,1.0,321.06,14.14832,-5.04654,-63.70332,4e-05,-0.84792
10321.27,BTC-27DEC19,1566730747257,open,0.02,272.8,0.009,0.0415,0.02303416,82.2,0.0265,0.0,BTC-27DEC19-6000-P,10148.37,80.49,0.0215,17.8,0.024,6.0,83.26,9.35677,-3.10448,-3.78443,3e-05,-0.085
10321.27,BTC-27DEC19,1566730747257,open,0.45,294.4,0.391,0.507,0.44925506,84.8,0.45,0.0,BTC-27DEC19-14000-P,10148.37,62.95,0.4045,7.0,0.4955,7.0,105.49,22.40017,-7.66716,-38.30722,7e-05,-0.64433
